symbol,Date,quote_time,ask_price,norm_ask_price,ask_size,bid_price,norm_bid_price,bid_size,last_trade_price,norm_last_trade_price,last_trade_size,mark_price,norm_mark_price,volume,Volume
IWM190920P157,2019-09-16,2019-09-16 09:30:00,1.51,1.0,17,1.4,0.9271,17,1.36,0.9006,11,1.455,0.9635,0,0
IWM190920P157,2019-09-16,2019-09-16 09:30:01,1.51,1.0,17,1.44,0.9536,15,1.36,0.9006,11,1.475,0.9768,0,0
IWM190920P157,2019-09-16,2019-09-16 09:30:02,1.51,1.0,17,1.44,0.9536,60,1.36,0.9006,11,1.475,0.9768,0,0
IWM190920P157,2019-09-16,2019-09-16 09:30:02,1.51,1.0,17,1.44,0.9536,15,1.36,0.9006,11,1.475,0.9768,0,0
IWM190920P157,2019-09-16,2019-09-16 09:30:03,1.47,0.9735,17,1.4,0.9271,30,1.36,0.9006,11,1.435,0.9503,0,0
IWM190920P157,2019-09-16,2019-09-16 09:30:03,1.48,0.9801,17,1.42,0.9403,60,1.36,0.9006,11,1.45,0.9602,0,0
IWM190920P157,2019-09-16,2019-09-16 09:30:04,1.49,0.9867,30,1.39,0.9205,93,1.36,0.9006,11,1.44,0.9536,0,0
IWM190920P157,2019-09-16,2019-09-16 09:30:04,1.47,0.9735,17,1.39,0.9205,30,1.36,0.9006,11,1.43,0.947,0,0
IWM190920P157,2019-09-16,2019-09-16 09:30:05,1.49,0.9867,60,1.41,0.9337,60,1.36,0.9006,11,1.45,0.9602,0,0
IWM190920P157,2019-09-16,2019-09-16 09:30:05,1.49,0.9867,30,1.4,0.9271,30,1.36,0.9006,11,1.445,0.9569,0,0
IWM190920P157,2019-09-16,2019-09-16 09:30:06,1.49,0.9867,60,1.41,0.9337,60,1.36,0.9006,11,1.45,0.9602,0,0
IWM190920P157,2019-09-16,2019-09-16 09:30:06,1.49,0.9867,60,1.4,0.9271,192,1.36,0.9006,11,1.445,0.9569,0,0
IWM190920P157,2019-09-16,2019-09-16 09:30:07,1.47,0.9735,117,1.4,0.9271,143,1.36,0.9006,11,1.435,0.9503,0,0
IWM190920P157,2019-09-16,2019-09-16 09:30:07,1.47,0.9735,117,1.4,0.9271,60,1.36,0.9006,11,1.435,0.9503,0,0
IWM190920P157,2019-09-16,2019-09-16 09:30:08,1.47,0.9735,141,1.4,0.9271,60,1.36,0.9006,11,1.435,0.9503,0,0
IWM190920P157,2019-09-16,2019-09-16 09:30:08,1.47,0.9735,136,1.4,0.9271,60,1.36,0.9006,11,1.435,0.9503,0,0
IWM190920P157,2019-09-16,2019-09-16 09:30:09,1.47,0.9735,136,1.4,0.9271,132,1.36,0.9006,11,1.435,0.9503,0,0
IWM190920P157,2019-09-16,2019-09-16 09:30:09,1.47,0.9735,163,1.4,0.9271,127,1.36,0.9006,11,1.435,0.9503,0,0
IWM190920P157,2019-09-16,2019-09-16 09:30:10,1.45,0.9602,23,1.4,0.9271,127,1.36,0.9006,11,1.425,0.9437,0,0
IWM190920P157,2019-09-16,2019-09-16 09:30:10,1.46,0.9668,23,1.4,0.9271,283,1.36,0.9006,11,1.43,0.947,0,0
IWM190920P157,2019-09-16,2019-09-16 09:30:11,1.47,0.9735,94,1.41,0.9337,112,1.36,0.9006,11,1.44,0.9536,0,0
IWM190920P157,2019-09-16,2019-09-16 09:30:11,1.45,0.9602,26,1.41,0.9337,32,1.36,0.9006,11,1.43,0.947,0,0
IWM190920P157,2019-09-16,2019-09-16 09:30:12,1.46,0.9668,9,1.41,0.9337,264,1.36,0.9006,11,1.435,0.9503,0,0
IWM190920P157,2019-09-16,2019-09-16 09:30:13,1.46,0.9668,9,1.41,0.9337,264,1.36,0.9006,11,1.435,0.9503,0,0
IWM190920P157,2019-09-16,2019-09-16 09:30:14,1.47,0.9735,119,1.42,0.9403,404,1.36,0.9006,11,1.445,0.9569,0,0
IWM190920P157,2019-09-16,2019-09-16 09:30:14,1.47,0.9735,115,1.42,0.9403,376,1.36,0.9006,11,1.445,0.9569,0,0
IWM190920P157,2019-09-16,2019-09-16 09:30:15,1.47,0.9735,91,1.42,0.9403,404,1.36,0.9006,11,1.445,0.9569,0,0
IWM190920P157,2019-09-16,2019-09-16 09:30:16,1.46,0.9668,48,1.4,0.9271,297,1.36,0.9006,11,1.43,0.947,0,0
IWM190920P157,2019-09-16,2019-09-16 09:30:16,1.46,0.9668,24,1.42,0.9403,74,1.36,0.9006,11,1.44,0.9536,0,0
IWM190920P157,2019-09-16,2019-09-16 09:30:17,1.45,0.9602,51,1.4,0.9271,74,1.36,0.9006,11,1.425,0.9437,0,0
IWM190920P157,2019-09-16,2019-09-16 09:30:17,1.45,0.9602,67,1.4,0.9271,20,1.36,0.9006,11,1.425,0.9437,0,0
IWM190920P157,2019-09-16,2019-09-16 09:30:18,1.45,0.9602,119,1.39,0.9205,170,1.36,0.9006,11,1.42,0.9403,0,0
IWM190920P157,2019-09-16,2019-09-16 09:30:18,1.45,0.9602,119,1.39,0.9205,231,1.36,0.9006,11,1.42,0.9403,0,0
IWM190920P157,2019-09-16,2019-09-16 09:30:19,1.44,0.9536,43,1.39,0.9205,51,1.36,0.9006,11,1.415,0.937,0,0
IWM190920P157,2019-09-16,2019-09-16 09:30:19,1.43,0.947,119,1.37,0.9072,90,1.36,0.9006,11,1.4,0.9271,0,0
IWM190920P157,2019-09-16,2019-09-16 09:30:20,1.42,0.9403,20,1.35,0.894,401,1.36,0.9006,11,1.385,0.9172,0,0
IWM190920P157,2019-09-16,2019-09-16 09:30:20,1.42,0.9403,20,1.35,0.894,332,1.36,0.9006,11,1.385,0.9172,0,0
IWM190920P157,2019-09-16,2019-09-16 09:30:21,1.42,0.9403,37,1.35,0.894,332,1.36,0.9006,11,1.385,0.9172,0,0
IWM190920P157,2019-09-16,2019-09-16 09:30:21,1.42,0.9403,30,1.35,0.894,332,1.36,0.9006,11,1.385,0.9172,0,0
IWM190920P157,2019-09-16,2019-09-16 09:30:22,1.42,0.9403,37,1.35,0.894,332,1.36,0.9006,11,1.385,0.9172,0,0
IWM190920P157,2019-09-16,2019-09-16 09:30:22,1.42,0.9403,77,1.35,0.894,332,1.36,0.9006,11,1.385,0.9172,0,0
IWM190920P157,2019-09-16,2019-09-16 09:30:23,1.42,0.9403,77,1.35,0.894,332,1.36,0.9006,11,1.385,0.9172,0,0
IWM190920P157,2019-09-16,2019-09-16 09:30:24,1.4,0.9271,22,1.35,0.894,253,1.37,0.9072,5,1.375,0.9105,5,5
IWM190920P157,2019-09-16,2019-09-16 09:30:24,1.39,0.9205,13,1.36,0.9006,13,1.37,0.9072,5,1.375,0.9105,5,0
IWM190920P157,2019-09-16,2019-09-16 09:30:25,1.39,0.9205,13,1.36,0.9006,150,1.37,0.9072,5,1.375,0.9105,5,0
IWM190920P157,2019-09-16,2019-09-16 09:30:25,1.39,0.9205,20,1.36,0.9006,150,1.37,0.9072,5,1.375,0.9105,5,0
IWM190920P157,2019-09-16,2019-09-16 09:30:26,1.39,0.9205,20,1.36,0.9006,22,1.37,0.9072,5,1.375,0.9105,5,0
IWM190920P157,2019-09-16,2019-09-16 09:30:27,1.4,0.9271,20,1.36,0.9006,13,1.37,0.9072,5,1.38,0.9139,5,0
IWM190920P157,2019-09-16,2019-09-16 09:30:27,1.4,0.9271,20,1.37,0.9072,13,1.37,0.9072,5,1.385,0.9172,5,0
IWM190920P157,2019-09-16,2019-09-16 09:30:28,1.4,0.9271,65,1.37,0.9072,13,1.37,0.9072,5,1.385,0.9172,5,0
IWM190920P157,2019-09-16,2019-09-16 09:30:28,1.4,0.9271,20,1.37,0.9072,13,1.37,0.9072,5,1.385,0.9172,5,0
IWM190920P157,2019-09-16,2019-09-16 09:30:29,1.39,0.9205,19,1.36,0.9006,13,1.37,0.9072,5,1.375,0.9105,5,0
IWM190920P157,2019-09-16,2019-09-16 09:30:29,1.39,0.9205,13,1.36,0.9006,13,1.37,0.9072,5,1.375,0.9105,5,0
IWM190920P157,2019-09-16,2019-09-16 09:30:30,1.4,0.9271,21,1.36,0.9006,13,1.37,0.9072,5,1.38,0.9139,5,0
IWM190920P157,2019-09-16,2019-09-16 09:30:31,1.4,0.9271,21,1.36,0.9006,20,1.37,0.9072,5,1.38,0.9139,5,0
IWM190920P157,2019-09-16,2019-09-16 09:30:32,1.39,0.9205,19,1.36,0.9006,13,1.37,0.9072,5,1.375,0.9105,5,0
IWM190920P157,2019-09-16,2019-09-16 09:30:32,1.39,0.9205,20,1.36,0.9006,75,1.37,0.9072,5,1.375,0.9105,5,0
IWM190920P157,2019-09-16,2019-09-16 09:30:33,1.39,0.9205,13,1.36,0.9006,27,1.37,0.9072,5,1.375,0.9105,5,0
IWM190920P157,2019-09-16,2019-09-16 09:30:33,1.39,0.9205,20,1.36,0.9006,29,1.37,0.9072,5,1.375,0.9105,5,0
IWM190920P157,2019-09-16,2019-09-16 09:30:34,1.39,0.9205,20,1.36,0.9006,44,1.37,0.9072,5,1.375,0.9105,5,0
IWM190920P157,2019-09-16,2019-09-16 09:30:34,1.39,0.9205,20,1.36,0.9006,29,1.37,0.9072,5,1.375,0.9105,5,0
IWM190920P157,2019-09-16,2019-09-16 09:30:35,1.39,0.9205,13,1.36,0.9006,127,1.37,0.9072,5,1.375,0.9105,5,0
IWM190920P157,2019-09-16,2019-09-16 09:30:35,1.39,0.9205,19,1.36,0.9006,27,1.37,0.9072,5,1.375,0.9105,5,0
IWM190920P157,2019-09-16,2019-09-16 09:30:36,1.39,0.9205,19,1.36,0.9006,127,1.37,0.9072,5,1.375,0.9105,5,0
IWM190920P157,2019-09-16,2019-09-16 09:30:37,1.41,0.9337,13,1.38,0.9139,25,1.37,0.9072,5,1.395,0.9238,5,0
IWM190920P157,2019-09-16,2019-09-16 09:30:37,1.41,0.9337,13,1.38,0.9139,13,1.37,0.9072,5,1.395,0.9238,5,0
IWM190920P157,2019-09-16,2019-09-16 09:30:38,1.41,0.9337,19,1.4,0.9271,150,1.37,0.9072,5,1.405,0.9304,5,0
IWM190920P157,2019-09-16,2019-09-16 09:30:38,1.41,0.9337,19,1.38,0.9139,13,1.37,0.9072,5,1.395,0.9238,5,0
IWM190920P157,2019-09-16,2019-09-16 09:30:39,1.42,0.9403,54,1.4,0.9271,150,1.37,0.9072,5,1.41,0.9337,5,0
IWM190920P157,2019-09-16,2019-09-16 09:30:40,1.41,0.9337,7,1.4,0.9271,150,1.37,0.9072,5,1.405,0.9304,5,0
IWM190920P157,2019-09-16,2019-09-16 09:30:40,1.42,0.9403,54,1.4,0.9271,150,1.37,0.9072,5,1.41,0.9337,5,0
IWM190920P157,2019-09-16,2019-09-16 09:30:41,1.43,0.947,13,1.4,0.9271,201,1.42,0.9403,10,1.415,0.937,15,0
IWM190920P157,2019-09-16,2019-09-16 09:30:41,1.41,0.9337,13,1.4,0.9271,150,1.42,0.9403,10,1.405,0.9304,15,10
IWM190920P157,2019-09-16,2019-09-16 09:30:42,1.43,0.947,13,1.4,0.9271,323,1.42,0.9403,10,1.415,0.937,15,0
IWM190920P157,2019-09-16,2019-09-16 09:30:42,1.43,0.947,13,1.4,0.9271,269,1.42,0.9403,10,1.415,0.937,15,0
IWM190920P157,2019-09-16,2019-09-16 09:30:43,1.43,0.947,13,1.4,0.9271,228,1.42,0.9403,10,1.415,0.937,15,0
IWM190920P157,2019-09-16,2019-09-16 09:30:43,1.43,0.947,13,1.4,0.9271,252,1.42,0.9403,10,1.415,0.937,15,0
IWM190920P157,2019-09-16,2019-09-16 09:30:44,1.43,0.947,13,1.4,0.9271,252,1.42,0.9403,10,1.415,0.937,15,0
IWM190920P157,2019-09-16,2019-09-16 09:30:45,1.44,0.9536,25,1.42,0.9403,13,1.42,0.9403,10,1.43,0.947,15,0
IWM190920P157,2019-09-16,2019-09-16 09:30:46,1.45,0.9602,13,1.43,0.947,52,1.42,0.9403,10,1.44,0.9536,15,0
IWM190920P157,2019-09-16,2019-09-16 09:30:46,1.45,0.9602,13,1.42,0.9403,176,1.42,0.9403,10,1.435,0.9503,15,0
IWM190920P157,2019-09-16,2019-09-16 09:30:47,1.45,0.9602,13,1.43,0.947,64,1.42,0.9403,10,1.44,0.9536,15,0
IWM190920P157,2019-09-16,2019-09-16 09:30:48,1.45,0.9602,13,1.43,0.947,64,1.42,0.9403,10,1.44,0.9536,15,0
IWM190920P157,2019-09-16,2019-09-16 09:30:48,1.46,0.9668,10,1.43,0.947,47,1.42,0.9403,10,1.445,0.9569,15,0
IWM190920P157,2019-09-16,2019-09-16 09:30:49,1.45,0.9602,13,1.43,0.947,70,1.42,0.9403,10,1.44,0.9536,15,0
IWM190920P157,2019-09-16,2019-09-16 09:30:49,1.46,0.9668,22,1.43,0.947,57,1.42,0.9403,10,1.445,0.9569,15,0
IWM190920P157,2019-09-16,2019-09-16 09:30:50,1.45,0.9602,13,1.43,0.947,96,1.42,0.9403,10,1.44,0.9536,15,0
IWM190920P157,2019-09-16,2019-09-16 09:30:51,1.46,0.9668,10,1.43,0.947,110,1.42,0.9403,10,1.445,0.9569,15,0
IWM190920P157,2019-09-16,2019-09-16 09:30:51,1.49,0.9867,13,1.46,0.9668,54,1.42,0.9403,10,1.475,0.9768,15,0
IWM190920P157,2019-09-16,2019-09-16 09:30:52,1.5,0.9933,168,1.48,0.9801,13,1.42,0.9403,10,1.49,0.9867,15,0
IWM190920P157,2019-09-16,2019-09-16 09:30:52,1.49,0.9867,13,1.44,0.9536,118,1.42,0.9403,10,1.465,0.9701,15,0
IWM190920P157,2019-09-16,2019-09-16 09:30:53,1.48,0.9801,13,1.45,0.9602,50,1.42,0.9403,10,1.465,0.9701,15,0
IWM190920P157,2019-09-16,2019-09-16 09:30:53,1.48,0.9801,13,1.45,0.9602,132,1.42,0.9403,10,1.465,0.9701,15,0
IWM190920P157,2019-09-16,2019-09-16 09:30:54,1.49,0.9867,13,1.46,0.9668,25,1.42,0.9403,10,1.475,0.9768,15,0
IWM190920P157,2019-09-16,2019-09-16 09:30:54,1.48,0.9801,13,1.46,0.9668,23,1.42,0.9403,10,1.47,0.9735,15,0
IWM190920P157,2019-09-16,2019-09-16 09:30:55,1.48,0.9801,13,1.44,0.9536,25,1.42,0.9403,10,1.46,0.9668,15,0
IWM190920P157,2019-09-16,2019-09-16 09:30:55,1.49,0.9867,13,1.46,0.9668,74,1.42,0.9403,10,1.475,0.9768,15,0
IWM190920P157,2019-09-16,2019-09-16 09:30:56,1.47,0.9735,13,1.44,0.9536,30,1.42,0.9403,10,1.455,0.9635,15,0
IWM190920P157,2019-09-16,2019-09-16 09:30:56,1.47,0.9735,13,1.44,0.9536,13,1.42,0.9403,10,1.455,0.9635,15,0
IWM190920P157,2019-09-16,2019-09-16 09:30:57,1.47,0.9735,13,1.44,0.9536,128,1.42,0.9403,10,1.455,0.9635,15,0
IWM190920P157,2019-09-16,2019-09-16 09:30:57,1.47,0.9735,13,1.44,0.9536,80,1.42,0.9403,10,1.455,0.9635,15,0
IWM190920P157,2019-09-16,2019-09-16 09:30:58,1.47,0.9735,13,1.44,0.9536,59,1.42,0.9403,10,1.455,0.9635,15,0
IWM190920P157,2019-09-16,2019-09-16 09:30:58,1.49,0.9867,53,1.46,0.9668,13,1.42,0.9403,10,1.475,0.9768,15,0
IWM190920P157,2019-09-16,2019-09-16 09:30:59,1.48,0.9801,13,1.46,0.9668,10,1.42,0.9403,10,1.47,0.9735,15,0
IWM190920P157,2019-09-16,2019-09-16 09:30:59,1.49,0.9867,53,1.46,0.9668,26,1.42,0.9403,10,1.475,0.9768,15,0
IWM190920P157,2019-09-16,2019-09-16 09:31:00,1.49,0.9867,53,1.47,0.9735,80,1.42,0.9403,10,1.48,0.9801,15,0
IWM190920P157,2019-09-16,2019-09-16 09:31:00,1.49,0.9867,53,1.47,0.9735,25,1.42,0.9403,10,1.48,0.9801,15,0
IWM190920P157,2019-09-16,2019-09-16 09:31:01,1.49,0.9867,53,1.47,0.9735,13,1.42,0.9403,10,1.48,0.9801,15,0
IWM190920P157,2019-09-16,2019-09-16 09:31:01,1.49,0.9867,40,1.47,0.9735,13,1.42,0.9403,10,1.48,0.9801,15,0
IWM190920P157,2019-09-16,2019-09-16 09:31:02,1.48,0.9801,1,1.47,0.9735,20,1.42,0.9403,10,1.475,0.9768,15,0
IWM190920P157,2019-09-16,2019-09-16 09:31:03,1.49,0.9867,53,1.46,0.9668,62,1.48,0.9801,150,1.475,0.9768,165,150
IWM190920P157,2019-09-16,2019-09-16 09:31:03,1.48,0.9801,10,1.45,0.9602,109,1.48,0.9801,150,1.465,0.9701,165,0
IWM190920P157,2019-09-16,2019-09-16 09:31:04,1.48,0.9801,20,1.44,0.9536,259,1.48,0.9801,150,1.46,0.9668,165,0
IWM190920P157,2019-09-16,2019-09-16 09:31:04,1.48,0.9801,63,1.43,0.947,98,1.48,0.9801,150,1.455,0.9635,165,0
IWM190920P157,2019-09-16,2019-09-16 09:31:05,1.49,0.9867,53,1.45,0.9602,62,1.48,0.9801,150,1.47,0.9735,165,0
IWM190920P157,2019-09-16,2019-09-16 09:31:05,1.49,0.9867,47,1.47,0.9735,20,1.48,0.9801,150,1.48,0.9801,165,0
IWM190920P157,2019-09-16,2019-09-16 09:31:06,1.5,0.9933,20,1.48,0.9801,13,1.48,0.9801,150,1.49,0.9867,165,0
IWM190920P157,2019-09-16,2019-09-16 09:31:06,1.49,0.9867,47,1.47,0.9735,20,1.48,0.9801,150,1.48,0.9801,165,0
IWM190920P157,2019-09-16,2019-09-16 09:31:07,1.52,1.0066,48,1.49,0.9867,13,1.48,0.9801,150,1.505,0.9966,165,0
IWM190920P157,2019-09-16,2019-09-16 09:31:07,1.51,1.0,31,1.48,0.9801,26,1.48,0.9801,150,1.495,0.99,165,0
IWM190920P157,2019-09-16,2019-09-16 09:31:08,1.52,1.0066,48,1.49,0.9867,13,1.48,0.9801,150,1.505,0.9966,165,0
IWM190920P157,2019-09-16,2019-09-16 09:31:08,1.52,1.0066,48,1.5,0.9933,22,1.48,0.9801,150,1.51,1.0,165,0
IWM190920P157,2019-09-16,2019-09-16 09:31:09,1.52,1.0066,7,1.5,0.9933,20,1.48,0.9801,150,1.51,1.0,165,0
IWM190920P157,2019-09-16,2019-09-16 09:31:09,1.52,1.0066,48,1.5,0.9933,20,1.48,0.9801,150,1.51,1.0,165,0
IWM190920P157,2019-09-16,2019-09-16 09:31:10,1.52,1.0066,7,1.5,0.9933,20,1.48,0.9801,150,1.51,1.0,165,0
IWM190920P157,2019-09-16,2019-09-16 09:31:11,1.52,1.0066,7,1.5,0.9933,20,1.48,0.9801,150,1.51,1.0,165,0
IWM190920P157,2019-09-16,2019-09-16 09:31:11,1.51,1.0,13,1.48,0.9801,4,1.48,0.9801,150,1.495,0.99,165,0
IWM190920P157,2019-09-16,2019-09-16 09:31:12,1.5,0.9933,1,1.48,0.9801,13,1.5,0.9933,1,1.49,0.9867,166,1
IWM190920P157,2019-09-16,2019-09-16 09:31:12,1.5,0.9933,10,1.48,0.9801,24,1.5,0.9933,1,1.49,0.9867,166,0
IWM190920P157,2019-09-16,2019-09-16 09:31:13,1.51,1.0,20,1.48,0.9801,36,1.5,0.9933,1,1.495,0.99,166,0
IWM190920P157,2019-09-16,2019-09-16 09:31:13,1.51,1.0,20,1.49,0.9867,13,1.5,0.9933,1,1.5,0.9933,166,0
IWM190920P157,2019-09-16,2019-09-16 09:31:14,1.51,1.0,20,1.48,0.9801,48,1.5,0.9933,1,1.495,0.99,166,0
IWM190920P157,2019-09-16,2019-09-16 09:31:14,1.51,1.0,20,1.48,0.9801,58,1.5,0.9933,1,1.495,0.99,166,0
IWM190920P157,2019-09-16,2019-09-16 09:31:15,1.51,1.0,19,1.48,0.9801,4,1.5,0.9933,1,1.495,0.99,166,0
IWM190920P157,2019-09-16,2019-09-16 09:31:15,1.51,1.0,19,1.48,0.9801,14,1.5,0.9933,1,1.495,0.99,166,0
IWM190920P157,2019-09-16,2019-09-16 09:31:16,1.51,1.0,19,1.48,0.9801,67,1.5,0.9933,1,1.495,0.99,166,0
IWM190920P157,2019-09-16,2019-09-16 09:31:16,1.51,1.0,25,1.48,0.9801,67,1.5,0.9933,1,1.495,0.99,166,0
IWM190920P157,2019-09-16,2019-09-16 09:31:17,1.51,1.0,25,1.49,0.9867,13,1.5,0.9933,1,1.5,0.9933,166,0
IWM190920P157,2019-09-16,2019-09-16 09:31:17,1.52,1.0066,13,1.49,0.9867,26,1.5,0.9933,1,1.505,0.9966,166,0
IWM190920P157,2019-09-16,2019-09-16 09:31:18,1.52,1.0066,20,1.5,0.9933,93,1.5,0.9933,1,1.51,1.0,166,0
IWM190920P157,2019-09-16,2019-09-16 09:31:19,1.52,1.0066,7,1.51,1.0,20,1.5,0.9933,1,1.515,1.0033,166,0
IWM190920P157,2019-09-16,2019-09-16 09:31:20,1.53,1.0132,36,1.52,1.0066,20,1.52,1.0066,3,1.525,1.0099,173,7
IWM190920P157,2019-09-16,2019-09-16 09:31:20,1.52,1.0066,7,1.51,1.0,20,1.5,0.9933,1,1.515,1.0033,166,0
IWM190920P157,2019-09-16,2019-09-16 09:31:21,1.53,1.0132,36,1.52,1.0066,29,1.52,1.0066,3,1.525,1.0099,173,0
IWM190920P157,2019-09-16,2019-09-16 09:31:21,1.53,1.0132,36,1.52,1.0066,7,1.52,1.0066,3,1.525,1.0099,173,0
IWM190920P157,2019-09-16,2019-09-16 09:31:22,1.53,1.0132,36,1.51,1.0,13,1.52,1.0066,3,1.52,1.0066,173,0
IWM190920P157,2019-09-16,2019-09-16 09:31:22,1.53,1.0132,36,1.5,0.9933,26,1.52,1.0066,1,1.515,1.0033,174,1
IWM190920P157,2019-09-16,2019-09-16 09:31:23,1.51,1.0,24,1.48,0.9801,13,1.52,1.0066,1,1.495,0.99,174,0
IWM190920P157,2019-09-16,2019-09-16 09:31:23,1.52,1.0066,27,1.49,0.9867,13,1.52,1.0066,1,1.505,0.9966,174,0
IWM190920P157,2019-09-16,2019-09-16 09:31:24,1.52,1.0066,104,1.49,0.9867,13,1.52,1.0066,1,1.505,0.9966,174,0
IWM190920P157,2019-09-16,2019-09-16 09:31:25,1.52,1.0066,28,1.49,0.9867,13,1.52,1.0066,1,1.505,0.9966,174,0
IWM190920P157,2019-09-16,2019-09-16 09:31:25,1.52,1.0066,104,1.48,0.9801,13,1.52,1.0066,1,1.5,0.9933,174,0
IWM190920P157,2019-09-16,2019-09-16 09:31:26,1.51,1.0,24,1.48,0.9801,69,1.52,1.0066,1,1.495,0.99,174,0
IWM190920P157,2019-09-16,2019-09-16 09:31:26,1.52,1.0066,45,1.49,0.9867,13,1.52,1.0066,1,1.505,0.9966,174,0
IWM190920P157,2019-09-16,2019-09-16 09:31:27,1.52,1.0066,58,1.49,0.9867,26,1.52,1.0066,1,1.505,0.9966,174,0
IWM190920P157,2019-09-16,2019-09-16 09:31:27,1.52,1.0066,45,1.48,0.9801,13,1.52,1.0066,1,1.5,0.9933,174,0
IWM190920P157,2019-09-16,2019-09-16 09:31:28,1.51,1.0,23,1.49,0.9867,16,1.52,1.0066,1,1.5,0.9933,174,0
IWM190920P157,2019-09-16,2019-09-16 09:31:29,1.52,1.0066,19,1.49,0.9867,13,1.52,1.0066,1,1.505,0.9966,174,0
IWM190920P157,2019-09-16,2019-09-16 09:31:30,1.52,1.0066,57,1.49,0.9867,20,1.52,1.0066,1,1.505,0.9966,174,0
IWM190920P157,2019-09-16,2019-09-16 09:31:30,1.52,1.0066,60,1.49,0.9867,20,1.52,1.0066,1,1.505,0.9966,174,0
IWM190920P157,2019-09-16,2019-09-16 09:31:31,1.52,1.0066,47,1.5,0.9933,20,1.52,1.0066,1,1.51,1.0,174,0
IWM190920P157,2019-09-16,2019-09-16 09:31:32,1.52,1.0066,47,1.49,0.9867,13,1.52,1.0066,1,1.505,0.9966,174,0
IWM190920P157,2019-09-16,2019-09-16 09:31:33,1.52,1.0066,55,1.49,0.9867,64,1.52,1.0066,1,1.505,0.9966,174,0
IWM190920P157,2019-09-16,2019-09-16 09:31:33,1.52,1.0066,35,1.49,0.9867,26,1.52,1.0066,1,1.505,0.9966,174,0
IWM190920P157,2019-09-16,2019-09-16 09:31:34,1.52,1.0066,42,1.49,0.9867,131,1.52,1.0066,1,1.505,0.9966,174,0
IWM190920P157,2019-09-16,2019-09-16 09:31:34,1.52,1.0066,42,1.49,0.9867,62,1.52,1.0066,1,1.505,0.9966,174,0
IWM190920P157,2019-09-16,2019-09-16 09:31:35,1.52,1.0066,42,1.49,0.9867,168,1.52,1.0066,1,1.505,0.9966,174,0
IWM190920P157,2019-09-16,2019-09-16 09:31:36,1.52,1.0066,42,1.49,0.9867,168,1.52,1.0066,1,1.505,0.9966,174,0
IWM190920P157,2019-09-16,2019-09-16 09:31:37,1.53,1.0132,18,1.52,1.0066,13,1.52,1.0066,1,1.525,1.0099,178,1
IWM190920P157,2019-09-16,2019-09-16 09:31:37,1.52,1.0066,9,1.51,1.0,13,1.52,1.0066,3,1.515,1.0033,177,3
IWM190920P157,2019-09-16,2019-09-16 09:31:38,1.53,1.0132,18,1.52,1.0066,22,1.52,1.0066,1,1.525,1.0099,178,0
IWM190920P157,2019-09-16,2019-09-16 09:31:39,1.53,1.0132,18,1.52,1.0066,22,1.52,1.0066,1,1.525,1.0099,178,0
IWM190920P157,2019-09-16,2019-09-16 09:31:39,1.53,1.0132,18,1.52,1.0066,26,1.52,1.0066,1,1.525,1.0099,178,0
IWM190920P157,2019-09-16,2019-09-16 09:31:40,1.53,1.0132,18,1.52,1.0066,36,1.52,1.0066,1,1.525,1.0099,178,0
IWM190920P157,2019-09-16,2019-09-16 09:31:41,1.55,1.0264,50,1.53,1.0132,20,1.52,1.0066,1,1.54,1.0198,178,0
IWM190920P157,2019-09-16,2019-09-16 09:31:41,1.53,1.0132,18,1.52,1.0066,36,1.52,1.0066,1,1.525,1.0099,178,0
IWM190920P157,2019-09-16,2019-09-16 09:31:42,1.55,1.0264,40,1.53,1.0132,20,1.52,1.0066,1,1.54,1.0198,178,0
IWM190920P157,2019-09-16,2019-09-16 09:31:42,1.55,1.0264,27,1.53,1.0132,20,1.52,1.0066,1,1.54,1.0198,178,0
IWM190920P157,2019-09-16,2019-09-16 09:31:43,1.55,1.0264,27,1.53,1.0132,62,1.52,1.0066,1,1.54,1.0198,178,0
IWM190920P157,2019-09-16,2019-09-16 09:31:43,1.55,1.0264,27,1.53,1.0132,20,1.52,1.0066,1,1.54,1.0198,178,0
IWM190920P157,2019-09-16,2019-09-16 09:31:44,1.55,1.0264,27,1.53,1.0132,62,1.52,1.0066,1,1.54,1.0198,178,0
IWM190920P157,2019-09-16,2019-09-16 09:31:44,1.55,1.0264,40,1.53,1.0132,62,1.52,1.0066,1,1.54,1.0198,178,0
IWM190920P157,2019-09-16,2019-09-16 09:31:45,1.55,1.0264,40,1.53,1.0132,10,1.52,1.0066,1,1.54,1.0198,178,0
IWM190920P157,2019-09-16,2019-09-16 09:31:45,1.55,1.0264,40,1.52,1.0066,84,1.52,1.0066,1,1.535,1.0165,178,0
IWM190920P157,2019-09-16,2019-09-16 09:31:46,1.55,1.0264,40,1.52,1.0066,158,1.52,1.0066,1,1.535,1.0165,178,0
IWM190920P157,2019-09-16,2019-09-16 09:31:46,1.55,1.0264,27,1.53,1.0132,38,1.52,1.0066,1,1.54,1.0198,178,0
IWM190920P157,2019-09-16,2019-09-16 09:31:47,1.56,1.0331,75,1.54,1.0198,41,1.52,1.0066,1,1.55,1.0264,178,0
IWM190920P157,2019-09-16,2019-09-16 09:31:47,1.56,1.0331,75,1.54,1.0198,20,1.52,1.0066,1,1.55,1.0264,178,0
IWM190920P157,2019-09-16,2019-09-16 09:31:48,1.56,1.0331,75,1.53,1.0132,156,1.52,1.0066,1,1.545,1.0231,178,0
IWM190920P157,2019-09-16,2019-09-16 09:31:48,1.56,1.0331,75,1.54,1.0198,10,1.52,1.0066,1,1.55,1.0264,178,0
IWM190920P157,2019-09-16,2019-09-16 09:31:49,1.56,1.0331,75,1.53,1.0132,60,1.52,1.0066,1,1.545,1.0231,178,0
IWM190920P157,2019-09-16,2019-09-16 09:31:49,1.56,1.0331,75,1.53,1.0132,78,1.52,1.0066,1,1.545,1.0231,178,0
IWM190920P157,2019-09-16,2019-09-16 09:31:50,1.56,1.0331,75,1.53,1.0132,60,1.52,1.0066,1,1.545,1.0231,178,0
IWM190920P157,2019-09-16,2019-09-16 09:31:50,1.56,1.0331,75,1.53,1.0132,118,1.52,1.0066,1,1.545,1.0231,178,0
IWM190920P157,2019-09-16,2019-09-16 09:31:51,1.56,1.0331,75,1.53,1.0132,68,1.52,1.0066,1,1.545,1.0231,178,0
IWM190920P157,2019-09-16,2019-09-16 09:31:51,1.56,1.0331,106,1.53,1.0132,44,1.52,1.0066,1,1.545,1.0231,178,0
IWM190920P157,2019-09-16,2019-09-16 09:31:52,1.56,1.0331,75,1.53,1.0132,77,1.52,1.0066,1,1.545,1.0231,178,0
IWM190920P157,2019-09-16,2019-09-16 09:31:52,1.57,1.0397,56,1.54,1.0198,60,1.52,1.0066,1,1.555,1.0298,178,0
IWM190920P157,2019-09-16,2019-09-16 09:31:53,1.57,1.0397,101,1.54,1.0198,163,1.52,1.0066,1,1.555,1.0298,178,0
IWM190920P157,2019-09-16,2019-09-16 09:31:54,1.57,1.0397,101,1.54,1.0198,163,1.52,1.0066,1,1.555,1.0298,178,0
IWM190920P157,2019-09-16,2019-09-16 09:31:55,1.58,1.0463,32,1.56,1.0331,13,1.52,1.0066,1,1.57,1.0397,178,0
IWM190920P157,2019-09-16,2019-09-16 09:31:55,1.59,1.0529,39,1.56,1.0331,20,1.52,1.0066,1,1.575,1.043,178,0
IWM190920P157,2019-09-16,2019-09-16 09:31:56,1.59,1.0529,44,1.57,1.0397,20,1.52,1.0066,1,1.58,1.0463,178,0
IWM190920P157,2019-09-16,2019-09-16 09:31:57,1.59,1.0529,26,1.57,1.0397,27,1.52,1.0066,1,1.58,1.0463,178,0
IWM190920P157,2019-09-16,2019-09-16 09:31:57,1.59,1.0529,44,1.57,1.0397,20,1.52,1.0066,1,1.58,1.0463,178,0
IWM190920P157,2019-09-16,2019-09-16 09:31:58,1.6,1.0596,5,1.58,1.0463,20,1.52,1.0066,1,1.59,1.0529,178,0
IWM190920P157,2019-09-16,2019-09-16 09:31:58,1.61,1.0662,17,1.58,1.0463,13,1.52,1.0066,1,1.595,1.0562,178,0
IWM190920P157,2019-09-16,2019-09-16 09:31:59,1.59,1.0529,19,1.56,1.0331,13,1.57,1.0397,1,1.575,1.043,179,1
IWM190920P157,2019-09-16,2019-09-16 09:31:59,1.6,1.0596,25,1.57,1.0397,44,1.52,1.0066,1,1.585,1.0496,178,0
IWM190920P157,2019-09-16,2019-09-16 09:32:00,1.6,1.0596,57,1.57,1.0397,13,1.57,1.0397,1,1.585,1.0496,179,0
IWM190920P157,2019-09-16,2019-09-16 09:32:00,1.6,1.0596,45,1.57,1.0397,96,1.57,1.0397,1,1.585,1.0496,179,0
IWM190920P157,2019-09-16,2019-09-16 09:32:01,1.6,1.0596,10,1.58,1.0463,97,1.57,1.0397,1,1.59,1.0529,179,0
IWM190920P157,2019-09-16,2019-09-16 09:32:01,1.6,1.0596,10,1.57,1.0397,167,1.57,1.0397,1,1.585,1.0496,179,0
IWM190920P157,2019-09-16,2019-09-16 09:32:02,1.6,1.0596,10,1.58,1.0463,143,1.57,1.0397,1,1.59,1.0529,179,0
IWM190920P157,2019-09-16,2019-09-16 09:32:02,1.61,1.0662,17,1.59,1.0529,88,1.57,1.0397,1,1.6,1.0596,179,0
IWM190920P157,2019-09-16,2019-09-16 09:32:03,1.61,1.0662,17,1.59,1.0529,148,1.57,1.0397,1,1.6,1.0596,179,0
IWM190920P157,2019-09-16,2019-09-16 09:32:03,1.61,1.0662,17,1.59,1.0529,187,1.57,1.0397,1,1.6,1.0596,179,0
IWM190920P157,2019-09-16,2019-09-16 09:32:04,1.62,1.0728,21,1.6,1.0596,101,1.57,1.0397,1,1.61,1.0662,179,0
IWM190920P157,2019-09-16,2019-09-16 09:32:04,1.62,1.0728,21,1.6,1.0596,4,1.57,1.0397,1,1.61,1.0662,179,0
IWM190920P157,2019-09-16,2019-09-16 09:32:05,1.63,1.0794,19,1.6,1.0596,44,1.57,1.0397,1,1.615,1.0695,179,0
IWM190920P157,2019-09-16,2019-09-16 09:32:05,1.63,1.0794,19,1.6,1.0596,56,1.57,1.0397,1,1.615,1.0695,179,0
IWM190920P157,2019-09-16,2019-09-16 09:32:06,1.63,1.0794,28,1.6,1.0596,88,1.57,1.0397,1,1.615,1.0695,179,0
IWM190920P157,2019-09-16,2019-09-16 09:32:06,1.63,1.0794,25,1.6,1.0596,44,1.57,1.0397,1,1.615,1.0695,179,0
IWM190920P157,2019-09-16,2019-09-16 09:32:07,1.62,1.0728,19,1.6,1.0596,4,1.57,1.0397,1,1.61,1.0662,179,0
IWM190920P157,2019-09-16,2019-09-16 09:32:07,1.62,1.0728,19,1.6,1.0596,88,1.57,1.0397,1,1.61,1.0662,179,0
IWM190920P157,2019-09-16,2019-09-16 09:32:08,1.62,1.0728,19,1.6,1.0596,4,1.57,1.0397,1,1.61,1.0662,179,0
IWM190920P157,2019-09-16,2019-09-16 09:32:09,1.62,1.0728,25,1.6,1.0596,4,1.57,1.0397,1,1.61,1.0662,179,0
IWM190920P157,2019-09-16,2019-09-16 09:32:10,1.62,1.0728,25,1.6,1.0596,4,1.57,1.0397,1,1.61,1.0662,179,0
IWM190920P157,2019-09-16,2019-09-16 09:32:11,1.63,1.0794,28,1.6,1.0596,72,1.57,1.0397,1,1.615,1.0695,179,0
IWM190920P157,2019-09-16,2019-09-16 09:32:11,1.62,1.0728,25,1.6,1.0596,4,1.57,1.0397,1,1.61,1.0662,179,0
IWM190920P157,2019-09-16,2019-09-16 09:32:12,1.63,1.0794,25,1.6,1.0596,4,1.57,1.0397,1,1.615,1.0695,179,0
IWM190920P157,2019-09-16,2019-09-16 09:32:12,1.62,1.0728,25,1.6,1.0596,35,1.57,1.0397,1,1.61,1.0662,179,0
IWM190920P157,2019-09-16,2019-09-16 09:32:13,1.63,1.0794,25,1.6,1.0596,4,1.57,1.0397,1,1.615,1.0695,179,0
IWM190920P157,2019-09-16,2019-09-16 09:32:14,1.63,1.0794,28,1.6,1.0596,128,1.57,1.0397,1,1.615,1.0695,179,0
IWM190920P157,2019-09-16,2019-09-16 09:32:14,1.63,1.0794,28,1.6,1.0596,79,1.57,1.0397,1,1.615,1.0695,179,0
IWM190920P157,2019-09-16,2019-09-16 09:32:15,1.62,1.0728,25,1.6,1.0596,57,1.57,1.0397,1,1.61,1.0662,179,0
IWM190920P157,2019-09-16,2019-09-16 09:32:15,1.62,1.0728,19,1.6,1.0596,150,1.57,1.0397,1,1.61,1.0662,179,0
IWM190920P157,2019-09-16,2019-09-16 09:32:16,1.61,1.0662,19,1.6,1.0596,4,1.57,1.0397,1,1.605,1.0629,179,0
IWM190920P157,2019-09-16,2019-09-16 09:32:16,1.6,1.0596,13,1.57,1.0397,91,1.6,1.0596,4,1.585,1.0496,183,4
IWM190920P157,2019-09-16,2019-09-16 09:32:17,1.59,1.0529,13,1.57,1.0397,94,1.6,1.0596,4,1.58,1.0463,183,0
IWM190920P157,2019-09-16,2019-09-16 09:32:17,1.6,1.0596,22,1.56,1.0331,198,1.6,1.0596,4,1.58,1.0463,183,0
IWM190920P157,2019-09-16,2019-09-16 09:32:18,1.6,1.0596,22,1.57,1.0397,94,1.6,1.0596,4,1.585,1.0496,183,0
IWM190920P157,2019-09-16,2019-09-16 09:32:18,1.6,1.0596,13,1.57,1.0397,81,1.6,1.0596,4,1.585,1.0496,183,0
IWM190920P157,2019-09-16,2019-09-16 09:32:19,1.6,1.0596,13,1.57,1.0397,132,1.6,1.0596,4,1.585,1.0496,183,0
IWM190920P157,2019-09-16,2019-09-16 09:32:20,1.61,1.0662,13,1.58,1.0463,85,1.6,1.0596,4,1.595,1.0562,183,0
IWM190920P157,2019-09-16,2019-09-16 09:32:20,1.61,1.0662,13,1.58,1.0463,61,1.6,1.0596,4,1.595,1.0562,183,0
IWM190920P157,2019-09-16,2019-09-16 09:32:21,1.6,1.0596,13,1.58,1.0463,19,1.6,1.0596,4,1.59,1.0529,183,0
IWM190920P157,2019-09-16,2019-09-16 09:32:22,1.6,1.0596,13,1.57,1.0397,104,1.6,1.0596,4,1.585,1.0496,183,0
IWM190920P157,2019-09-16,2019-09-16 09:32:22,1.6,1.0596,20,1.57,1.0397,91,1.6,1.0596,4,1.585,1.0496,183,0
IWM190920P157,2019-09-16,2019-09-16 09:32:23,1.59,1.0529,13,1.57,1.0397,62,1.6,1.0596,4,1.58,1.0463,183,0
IWM190920P157,2019-09-16,2019-09-16 09:32:23,1.59,1.0529,21,1.57,1.0397,45,1.6,1.0596,4,1.58,1.0463,183,0
IWM190920P157,2019-09-16,2019-09-16 09:32:24,1.62,1.0728,46,1.58,1.0463,14,1.6,1.0596,4,1.6,1.0596,183,0
IWM190920P157,2019-09-16,2019-09-16 09:32:24,1.59,1.0529,2,1.57,1.0397,68,1.6,1.0596,4,1.58,1.0463,183,0
IWM190920P157,2019-09-16,2019-09-16 09:32:25,1.59,1.0529,15,1.56,1.0331,94,1.6,1.0596,4,1.575,1.043,183,0
IWM190920P157,2019-09-16,2019-09-16 09:32:25,1.58,1.0463,200,1.56,1.0331,96,1.6,1.0596,4,1.57,1.0397,183,0
IWM190920P157,2019-09-16,2019-09-16 09:32:26,1.58,1.0463,200,1.56,1.0331,28,1.6,1.0596,4,1.57,1.0397,183,0
IWM190920P157,2019-09-16,2019-09-16 09:32:26,1.58,1.0463,200,1.56,1.0331,17,1.6,1.0596,4,1.57,1.0397,183,0
IWM190920P157,2019-09-16,2019-09-16 09:32:27,1.58,1.0463,200,1.56,1.0331,68,1.6,1.0596,4,1.57,1.0397,183,0
IWM190920P157,2019-09-16,2019-09-16 09:32:27,1.58,1.0463,200,1.56,1.0331,28,1.6,1.0596,4,1.57,1.0397,183,0
IWM190920P157,2019-09-16,2019-09-16 09:32:28,1.58,1.0463,200,1.56,1.0331,90,1.6,1.0596,4,1.57,1.0397,183,0
IWM190920P157,2019-09-16,2019-09-16 09:32:28,1.58,1.0463,200,1.55,1.0264,45,1.6,1.0596,4,1.565,1.0364,183,0
IWM190920P157,2019-09-16,2019-09-16 09:32:29,1.58,1.0463,200,1.55,1.0264,25,1.6,1.0596,4,1.565,1.0364,183,0
IWM190920P157,2019-09-16,2019-09-16 09:32:29,1.58,1.0463,200,1.55,1.0264,80,1.6,1.0596,4,1.565,1.0364,183,0
IWM190920P157,2019-09-16,2019-09-16 09:32:30,1.58,1.0463,200,1.55,1.0264,80,1.6,1.0596,4,1.565,1.0364,183,0
IWM190920P157,2019-09-16,2019-09-16 09:32:31,1.57,1.0397,23,1.55,1.0264,28,1.6,1.0596,4,1.56,1.0331,183,0
IWM190920P157,2019-09-16,2019-09-16 09:32:31,1.58,1.0463,200,1.55,1.0264,80,1.6,1.0596,4,1.565,1.0364,183,0
IWM190920P157,2019-09-16,2019-09-16 09:32:32,1.57,1.0397,37,1.55,1.0264,10,1.6,1.0596,4,1.56,1.0331,183,0
IWM190920P157,2019-09-16,2019-09-16 09:32:32,1.57,1.0397,23,1.55,1.0264,26,1.6,1.0596,4,1.56,1.0331,183,0
IWM190920P157,2019-09-16,2019-09-16 09:32:33,1.57,1.0397,18,1.56,1.0331,1,1.6,1.0596,4,1.565,1.0364,183,0
IWM190920P157,2019-09-16,2019-09-16 09:32:33,1.57,1.0397,37,1.55,1.0264,10,1.6,1.0596,4,1.56,1.0331,183,0
IWM190920P157,2019-09-16,2019-09-16 09:32:34,1.57,1.0397,23,1.56,1.0331,1,1.6,1.0596,4,1.565,1.0364,183,0
IWM190920P157,2019-09-16,2019-09-16 09:32:34,1.58,1.0463,206,1.56,1.0331,10,1.6,1.0596,4,1.57,1.0397,183,0
IWM190920P157,2019-09-16,2019-09-16 09:32:35,1.57,1.0397,24,1.56,1.0331,1,1.6,1.0596,4,1.565,1.0364,183,0
IWM190920P157,2019-09-16,2019-09-16 09:32:36,1.58,1.0463,217,1.56,1.0331,10,1.6,1.0596,4,1.57,1.0397,183,0
IWM190920P157,2019-09-16,2019-09-16 09:32:36,1.58,1.0463,204,1.56,1.0331,10,1.6,1.0596,4,1.57,1.0397,183,0
IWM190920P157,2019-09-16,2019-09-16 09:32:37,1.58,1.0463,205,1.57,1.0397,14,1.58,1.0463,1,1.575,1.043,204,1
IWM190920P157,2019-09-16,2019-09-16 09:32:37,1.57,1.0397,23,1.57,1.0397,1,1.56,1.0331,20,1.57,1.0397,203,20
IWM190920P157,2019-09-16,2019-09-16 09:32:38,1.58,1.0463,203,1.57,1.0397,20,1.58,1.0463,1,1.575,1.043,204,0
IWM190920P157,2019-09-16,2019-09-16 09:32:39,1.58,1.0463,203,1.55,1.0264,87,1.58,1.0463,1,1.565,1.0364,204,0
IWM190920P157,2019-09-16,2019-09-16 09:32:39,1.58,1.0463,203,1.56,1.0331,77,1.58,1.0463,1,1.57,1.0397,204,0
IWM190920P157,2019-09-16,2019-09-16 09:32:40,1.58,1.0463,205,1.55,1.0264,93,1.58,1.0463,1,1.565,1.0364,204,0
IWM190920P157,2019-09-16,2019-09-16 09:32:40,1.58,1.0463,205,1.56,1.0331,14,1.58,1.0463,1,1.57,1.0397,204,0
IWM190920P157,2019-09-16,2019-09-16 09:32:41,1.58,1.0463,186,1.56,1.0331,28,1.58,1.0463,8,1.57,1.0397,234,30
IWM190920P157,2019-09-16,2019-09-16 09:32:41,1.58,1.0463,205,1.56,1.0331,41,1.58,1.0463,1,1.57,1.0397,204,0
IWM190920P157,2019-09-16,2019-09-16 09:32:42,1.58,1.0463,186,1.57,1.0397,17,1.58,1.0463,8,1.575,1.043,234,0
IWM190920P157,2019-09-16,2019-09-16 09:32:42,1.58,1.0463,186,1.56,1.0331,28,1.58,1.0463,8,1.57,1.0397,234,0
IWM190920P157,2019-09-16,2019-09-16 09:32:43,1.58,1.0463,184,1.57,1.0397,17,1.58,1.0463,8,1.575,1.043,234,0
IWM190920P157,2019-09-16,2019-09-16 09:32:43,1.58,1.0463,184,1.57,1.0397,14,1.58,1.0463,8,1.575,1.043,234,0
IWM190920P157,2019-09-16,2019-09-16 09:32:44,1.58,1.0463,184,1.57,1.0397,14,1.58,1.0463,8,1.575,1.043,234,0
IWM190920P157,2019-09-16,2019-09-16 09:32:45,1.58,1.0463,184,1.57,1.0397,1,1.57,1.0397,2,1.575,1.043,242,8
IWM190920P157,2019-09-16,2019-09-16 09:32:45,1.58,1.0463,184,1.57,1.0397,14,1.58,1.0463,8,1.575,1.043,234,0
IWM190920P157,2019-09-16,2019-09-16 09:32:46,1.57,1.0397,17,1.56,1.0331,1,1.57,1.0397,2,1.565,1.0364,242,0
IWM190920P157,2019-09-16,2019-09-16 09:32:46,1.57,1.0397,17,1.56,1.0331,73,1.57,1.0397,2,1.565,1.0364,242,0
IWM190920P157,2019-09-16,2019-09-16 09:32:47,1.57,1.0397,17,1.54,1.0198,3,1.57,1.0397,2,1.555,1.0298,242,0
IWM190920P157,2019-09-16,2019-09-16 09:32:47,1.57,1.0397,17,1.54,1.0198,49,1.57,1.0397,2,1.555,1.0298,242,0
IWM190920P157,2019-09-16,2019-09-16 09:32:48,1.56,1.0331,41,1.53,1.0132,135,1.57,1.0397,2,1.545,1.0231,242,0
IWM190920P157,2019-09-16,2019-09-16 09:32:48,1.56,1.0331,61,1.53,1.0132,149,1.57,1.0397,2,1.545,1.0231,242,0
IWM190920P157,2019-09-16,2019-09-16 09:32:49,1.55,1.0264,29,1.52,1.0066,170,1.57,1.0397,2,1.535,1.0165,242,0
IWM190920P157,2019-09-16,2019-09-16 09:32:49,1.55,1.0264,29,1.52,1.0066,206,1.57,1.0397,2,1.535,1.0165,242,0
IWM190920P157,2019-09-16,2019-09-16 09:32:50,1.55,1.0264,29,1.52,1.0066,206,1.57,1.0397,2,1.535,1.0165,242,0
IWM190920P157,2019-09-16,2019-09-16 09:32:51,1.55,1.0264,15,1.52,1.0066,165,1.57,1.0397,2,1.535,1.0165,242,0
IWM190920P157,2019-09-16,2019-09-16 09:32:51,1.55,1.0264,29,1.52,1.0066,165,1.57,1.0397,2,1.535,1.0165,242,0
IWM190920P157,2019-09-16,2019-09-16 09:32:52,1.55,1.0264,15,1.52,1.0066,165,1.57,1.0397,2,1.535,1.0165,242,0
IWM190920P157,2019-09-16,2019-09-16 09:32:53,1.55,1.0264,15,1.53,1.0132,138,1.57,1.0397,2,1.54,1.0198,242,0
IWM190920P157,2019-09-16,2019-09-16 09:32:53,1.55,1.0264,15,1.53,1.0132,207,1.57,1.0397,2,1.54,1.0198,242,0
IWM190920P157,2019-09-16,2019-09-16 09:32:54,1.55,1.0264,13,1.53,1.0132,180,1.57,1.0397,2,1.54,1.0198,242,0
IWM190920P157,2019-09-16,2019-09-16 09:32:54,1.55,1.0264,13,1.53,1.0132,127,1.57,1.0397,2,1.54,1.0198,242,0
IWM190920P157,2019-09-16,2019-09-16 09:32:55,1.56,1.0331,13,1.49,0.9867,23,1.57,1.0397,2,1.525,1.0099,242,0
IWM190920P157,2019-09-16,2019-09-16 09:32:55,1.55,1.0264,13,1.53,1.0132,180,1.57,1.0397,2,1.54,1.0198,242,0
IWM190920P157,2019-09-16,2019-09-16 09:32:56,1.54,1.0198,13,1.52,1.0066,17,1.57,1.0397,2,1.53,1.0132,242,0
IWM190920P157,2019-09-16,2019-09-16 09:32:56,1.55,1.0264,13,1.53,1.0132,53,1.57,1.0397,2,1.54,1.0198,242,0
IWM190920P157,2019-09-16,2019-09-16 09:32:57,1.54,1.0198,15,1.51,1.0,79,1.57,1.0397,2,1.525,1.0099,242,0
IWM190920P157,2019-09-16,2019-09-16 09:32:57,1.54,1.0198,13,1.52,1.0066,139,1.57,1.0397,2,1.53,1.0132,242,0
IWM190920P157,2019-09-16,2019-09-16 09:32:58,1.54,1.0198,13,1.52,1.0066,19,1.57,1.0397,2,1.53,1.0132,242,0
IWM190920P157,2019-09-16,2019-09-16 09:32:58,1.54,1.0198,13,1.51,1.0,158,1.57,1.0397,2,1.525,1.0099,242,0
IWM190920P157,2019-09-16,2019-09-16 09:32:59,1.54,1.0198,15,1.5,0.9933,58,1.52,1.0066,1,1.52,1.0066,243,1
IWM190920P157,2019-09-16,2019-09-16 09:32:59,1.53,1.0132,15,1.51,1.0,108,1.52,1.0066,1,1.52,1.0066,243,0
IWM190920P157,2019-09-16,2019-09-16 09:33:00,1.54,1.0198,29,1.52,1.0066,15,1.52,1.0066,1,1.53,1.0132,243,0
IWM190920P157,2019-09-16,2019-09-16 09:33:00,1.53,1.0132,15,1.51,1.0,225,1.52,1.0066,1,1.52,1.0066,243,0
IWM190920P157,2019-09-16,2019-09-16 09:33:01,1.54,1.0198,15,1.52,1.0066,45,1.52,1.0066,1,1.53,1.0132,243,0
IWM190920P157,2019-09-16,2019-09-16 09:33:01,1.54,1.0198,15,1.52,1.0066,28,1.52,1.0066,1,1.53,1.0132,243,0
IWM190920P157,2019-09-16,2019-09-16 09:33:02,1.53,1.0132,15,1.51,1.0,28,1.52,1.0066,1,1.52,1.0066,243,0
IWM190920P157,2019-09-16,2019-09-16 09:33:02,1.54,1.0198,22,1.5,0.9933,259,1.52,1.0066,1,1.52,1.0066,243,0
IWM190920P157,2019-09-16,2019-09-16 09:33:03,1.53,1.0132,15,1.5,0.9933,79,1.52,1.0066,1,1.515,1.0033,243,0
IWM190920P157,2019-09-16,2019-09-16 09:33:03,1.53,1.0132,13,1.5,0.9933,101,1.52,1.0066,1,1.515,1.0033,243,0
IWM190920P157,2019-09-16,2019-09-16 09:33:04,1.52,1.0066,13,1.5,0.9933,87,1.52,1.0066,1,1.51,1.0,243,0
IWM190920P157,2019-09-16,2019-09-16 09:33:04,1.52,1.0066,23,1.5,0.9933,79,1.52,1.0066,1,1.51,1.0,243,0
IWM190920P157,2019-09-16,2019-09-16 09:33:05,1.52,1.0066,23,1.5,0.9933,44,1.52,1.0066,1,1.51,1.0,243,0
IWM190920P157,2019-09-16,2019-09-16 09:33:06,1.52,1.0066,23,1.5,0.9933,87,1.52,1.0066,8,1.51,1.0,251,8
IWM190920P157,2019-09-16,2019-09-16 09:33:06,1.52,1.0066,23,1.5,0.9933,132,1.51,1.0,10,1.51,1.0,261,10
IWM190920P157,2019-09-16,2019-09-16 09:33:07,1.51,1.0,14,1.49,0.9867,10,1.51,1.0,10,1.5,0.9933,261,0
IWM190920P157,2019-09-16,2019-09-16 09:33:07,1.51,1.0,13,1.5,0.9933,19,1.51,1.0,10,1.505,0.9966,261,0
IWM190920P157,2019-09-16,2019-09-16 09:33:08,1.52,1.0066,44,1.49,0.9867,86,1.51,1.0,10,1.505,0.9966,261,0
IWM190920P157,2019-09-16,2019-09-16 09:33:09,1.52,1.0066,33,1.5,0.9933,15,1.51,1.0,10,1.51,1.0,261,0
IWM190920P157,2019-09-16,2019-09-16 09:33:10,1.52,1.0066,33,1.5,0.9933,19,1.51,1.0,10,1.51,1.0,261,0
IWM190920P157,2019-09-16,2019-09-16 09:33:11,1.52,1.0066,33,1.5,0.9933,87,1.51,1.0,10,1.51,1.0,261,0
IWM190920P157,2019-09-16,2019-09-16 09:33:12,1.52,1.0066,33,1.5,0.9933,87,1.51,1.0,10,1.51,1.0,261,0
IWM190920P157,2019-09-16,2019-09-16 09:33:13,1.53,1.0132,15,1.5,0.9933,79,1.51,1.0,10,1.515,1.0033,261,0
IWM190920P157,2019-09-16,2019-09-16 09:33:13,1.52,1.0066,33,1.51,1.0,15,1.51,1.0,10,1.515,1.0033,261,0
IWM190920P157,2019-09-16,2019-09-16 09:33:14,1.53,1.0132,24,1.51,1.0,15,1.51,1.0,10,1.52,1.0066,261,0
IWM190920P157,2019-09-16,2019-09-16 09:33:14,1.53,1.0132,24,1.51,1.0,23,1.51,1.0,10,1.52,1.0066,261,0
IWM190920P157,2019-09-16,2019-09-16 09:33:15,1.53,1.0132,24,1.51,1.0,23,1.51,1.0,10,1.52,1.0066,261,0
IWM190920P157,2019-09-16,2019-09-16 09:33:15,1.52,1.0066,13,1.51,1.0,23,1.51,1.0,10,1.515,1.0033,261,0
IWM190920P157,2019-09-16,2019-09-16 09:33:16,1.51,1.0,13,1.5,0.9933,2,1.51,1.0,3,1.505,0.9966,264,3
IWM190920P157,2019-09-16,2019-09-16 09:33:16,1.52,1.0066,13,1.51,1.0,51,1.51,1.0,10,1.515,1.0033,261,0
IWM190920P157,2019-09-16,2019-09-16 09:33:17,1.52,1.0066,13,1.5,0.9933,48,1.51,1.0,3,1.51,1.0,264,0
IWM190920P157,2019-09-16,2019-09-16 09:33:17,1.51,1.0,13,1.5,0.9933,2,1.51,1.0,3,1.505,0.9966,264,0
IWM190920P157,2019-09-16,2019-09-16 09:33:18,1.52,1.0066,13,1.5,0.9933,2,1.51,1.0,3,1.51,1.0,264,0
IWM190920P157,2019-09-16,2019-09-16 09:33:18,1.52,1.0066,13,1.5,0.9933,38,1.51,1.0,3,1.51,1.0,264,0
IWM190920P157,2019-09-16,2019-09-16 09:33:19,1.52,1.0066,13,1.49,0.9867,251,1.51,1.0,3,1.505,0.9966,264,0
IWM190920P157,2019-09-16,2019-09-16 09:33:20,1.51,1.0,19,1.49,0.9867,251,1.51,1.0,3,1.5,0.9933,264,0
IWM190920P157,2019-09-16,2019-09-16 09:33:20,1.51,1.0,19,1.48,0.9801,39,1.51,1.0,3,1.495,0.99,264,0
IWM190920P157,2019-09-16,2019-09-16 09:33:21,1.5,0.9933,19,1.48,0.9801,17,1.51,1.0,3,1.49,0.9867,264,0
IWM190920P157,2019-09-16,2019-09-16 09:33:22,1.49,0.9867,13,1.48,0.9801,17,1.51,1.0,3,1.485,0.9834,264,0
IWM190920P157,2019-09-16,2019-09-16 09:33:23,1.5,0.9933,39,1.48,0.9801,17,1.51,1.0,3,1.49,0.9867,264,0
IWM190920P157,2019-09-16,2019-09-16 09:33:23,1.49,0.9867,13,1.48,0.9801,4,1.51,1.0,3,1.485,0.9834,264,0
IWM190920P157,2019-09-16,2019-09-16 09:33:24,1.48,0.9801,15,1.45,0.9602,296,1.48,0.9801,1,1.465,0.9701,275,0
IWM190920P157,2019-09-16,2019-09-16 09:33:24,1.49,0.9867,41,1.46,0.9668,30,1.48,0.9801,1,1.475,0.9768,275,11
IWM190920P157,2019-09-16,2019-09-16 09:33:25,1.47,0.9735,13,1.45,0.9602,269,1.48,0.9801,1,1.46,0.9668,275,0
IWM190920P157,2019-09-16,2019-09-16 09:33:25,1.47,0.9735,55,1.43,0.947,13,1.48,0.9801,1,1.45,0.9602,275,0
IWM190920P157,2019-09-16,2019-09-16 09:33:26,1.46,0.9668,151,1.43,0.947,12,1.48,0.9801,1,1.445,0.9569,275,0
IWM190920P157,2019-09-16,2019-09-16 09:33:26,1.45,0.9602,13,1.43,0.947,31,1.48,0.9801,1,1.44,0.9536,275,0
IWM190920P157,2019-09-16,2019-09-16 09:33:27,1.46,0.9668,13,1.44,0.9536,4,1.48,0.9801,1,1.45,0.9602,275,0
IWM190920P157,2019-09-16,2019-09-16 09:33:27,1.46,0.9668,13,1.44,0.9536,17,1.48,0.9801,1,1.45,0.9602,275,0
IWM190920P157,2019-09-16,2019-09-16 09:33:28,1.46,0.9668,13,1.43,0.947,97,1.48,0.9801,1,1.445,0.9569,275,0
IWM190920P157,2019-09-16,2019-09-16 09:33:28,1.46,0.9668,20,1.43,0.947,142,1.48,0.9801,1,1.445,0.9569,275,0
IWM190920P157,2019-09-16,2019-09-16 09:33:29,1.44,0.9536,13,1.42,0.9403,35,1.48,0.9801,1,1.43,0.947,275,0
IWM190920P157,2019-09-16,2019-09-16 09:33:29,1.43,0.947,13,1.42,0.9403,15,1.48,0.9801,1,1.425,0.9437,275,0
IWM190920P157,2019-09-16,2019-09-16 09:33:30,1.43,0.947,13,1.41,0.9337,131,1.48,0.9801,1,1.42,0.9403,275,0
IWM190920P157,2019-09-16,2019-09-16 09:33:30,1.43,0.947,20,1.41,0.9337,15,1.48,0.9801,1,1.42,0.9403,275,0
IWM190920P157,2019-09-16,2019-09-16 09:33:31,1.42,0.9403,31,1.4,0.9271,25,1.48,0.9801,1,1.41,0.9337,275,0
IWM190920P157,2019-09-16,2019-09-16 09:33:31,1.42,0.9403,94,1.39,0.9205,19,1.48,0.9801,1,1.405,0.9304,275,0
IWM190920P157,2019-09-16,2019-09-16 09:33:32,1.41,0.9337,24,1.38,0.9139,55,1.48,0.9801,1,1.395,0.9238,275,0
IWM190920P157,2019-09-16,2019-09-16 09:33:32,1.42,0.9403,94,1.39,0.9205,19,1.48,0.9801,1,1.405,0.9304,275,0
IWM190920P157,2019-09-16,2019-09-16 09:33:33,1.41,0.9337,29,1.39,0.9205,15,1.48,0.9801,1,1.4,0.9271,275,0
IWM190920P157,2019-09-16,2019-09-16 09:33:33,1.41,0.9337,29,1.39,0.9205,40,1.48,0.9801,1,1.4,0.9271,275,0
IWM190920P157,2019-09-16,2019-09-16 09:33:34,1.41,0.9337,29,1.39,0.9205,25,1.48,0.9801,1,1.4,0.9271,275,0
IWM190920P157,2019-09-16,2019-09-16 09:33:34,1.41,0.9337,54,1.39,0.9205,9,1.48,0.9801,1,1.4,0.9271,275,0
IWM190920P157,2019-09-16,2019-09-16 09:33:35,1.4,0.9271,13,1.38,0.9139,6,1.48,0.9801,1,1.39,0.9205,275,0
IWM190920P157,2019-09-16,2019-09-16 09:33:35,1.39,0.9205,13,1.37,0.9072,54,1.48,0.9801,1,1.38,0.9139,275,0
IWM190920P157,2019-09-16,2019-09-16 09:33:36,1.39,0.9205,13,1.37,0.9072,78,1.48,0.9801,1,1.38,0.9139,275,0
IWM190920P157,2019-09-16,2019-09-16 09:33:36,1.39,0.9205,13,1.37,0.9072,41,1.48,0.9801,1,1.38,0.9139,275,0
IWM190920P157,2019-09-16,2019-09-16 09:33:37,1.39,0.9205,52,1.37,0.9072,37,1.48,0.9801,1,1.38,0.9139,275,0
IWM190920P157,2019-09-16,2019-09-16 09:33:37,1.39,0.9205,13,1.37,0.9072,54,1.48,0.9801,1,1.38,0.9139,275,0
IWM190920P157,2019-09-16,2019-09-16 09:33:38,1.39,0.9205,13,1.37,0.9072,54,1.48,0.9801,1,1.38,0.9139,275,0
IWM190920P157,2019-09-16,2019-09-16 09:33:39,1.38,0.9139,13,1.37,0.9072,16,1.48,0.9801,1,1.375,0.9105,275,0
IWM190920P157,2019-09-16,2019-09-16 09:33:39,1.38,0.9139,13,1.36,0.9006,54,1.48,0.9801,1,1.37,0.9072,275,0
IWM190920P157,2019-09-16,2019-09-16 09:33:40,1.4,0.9271,28,1.36,0.9006,37,1.38,0.9139,10,1.38,0.9139,285,10
IWM190920P157,2019-09-16,2019-09-16 09:33:40,1.39,0.9205,52,1.35,0.894,86,1.38,0.9139,10,1.37,0.9072,285,0
IWM190920P157,2019-09-16,2019-09-16 09:33:41,1.37,0.9072,48,1.35,0.894,9,1.38,0.9139,10,1.36,0.9006,285,0
IWM190920P157,2019-09-16,2019-09-16 09:33:41,1.37,0.9072,48,1.35,0.894,12,1.38,0.9139,10,1.36,0.9006,285,0
IWM190920P157,2019-09-16,2019-09-16 09:33:42,1.36,0.9006,54,1.34,0.8874,55,1.38,0.9139,10,1.35,0.894,285,0
IWM190920P157,2019-09-16,2019-09-16 09:33:42,1.36,0.9006,53,1.34,0.8874,38,1.38,0.9139,10,1.35,0.894,285,0
IWM190920P157,2019-09-16,2019-09-16 09:33:43,1.35,0.894,53,1.33,0.8807,34,1.38,0.9139,10,1.34,0.8874,285,0
IWM190920P157,2019-09-16,2019-09-16 09:33:44,1.35,0.894,10,1.32,0.8741,10,1.33,0.8807,100,1.335,0.8841,385,100
IWM190920P157,2019-09-16,2019-09-16 09:33:44,1.35,0.894,85,1.32,0.8741,10,1.33,0.8807,100,1.335,0.8841,385,0
IWM190920P157,2019-09-16,2019-09-16 09:33:45,1.36,0.9006,13,1.34,0.8874,3,1.33,0.8807,100,1.35,0.894,385,0
IWM190920P157,2019-09-16,2019-09-16 09:33:45,1.35,0.894,85,1.32,0.8741,10,1.33,0.8807,100,1.335,0.8841,385,0
IWM190920P157,2019-09-16,2019-09-16 09:33:46,1.36,0.9006,13,1.34,0.8874,10,1.33,0.8807,100,1.35,0.894,385,0
IWM190920P157,2019-09-16,2019-09-16 09:33:47,1.37,0.9072,29,1.35,0.894,30,1.33,0.8807,100,1.36,0.9006,385,0
IWM190920P157,2019-09-16,2019-09-16 09:33:47,1.37,0.9072,29,1.34,0.8874,50,1.33,0.8807,100,1.355,0.8973,385,0
IWM190920P157,2019-09-16,2019-09-16 09:33:48,1.37,0.9072,22,1.35,0.894,35,1.33,0.8807,100,1.36,0.9006,385,0
IWM190920P157,2019-09-16,2019-09-16 09:33:48,1.38,0.9139,13,1.36,0.9006,6,1.33,0.8807,100,1.37,0.9072,385,0
IWM190920P157,2019-09-16,2019-09-16 09:33:49,1.38,0.9139,13,1.35,0.894,129,1.35,0.894,5,1.365,0.9039,390,0
IWM190920P157,2019-09-16,2019-09-16 09:33:49,1.38,0.9139,23,1.35,0.894,129,1.35,0.894,5,1.365,0.9039,390,5
IWM190920P157,2019-09-16,2019-09-16 09:33:50,1.38,0.9139,13,1.35,0.894,129,1.35,0.894,5,1.365,0.9039,390,0
IWM190920P157,2019-09-16,2019-09-16 09:33:51,1.37,0.9072,13,1.36,0.9006,20,1.35,0.894,5,1.365,0.9039,390,0
IWM190920P157,2019-09-16,2019-09-16 09:33:52,1.37,0.9072,13,1.35,0.894,50,1.35,0.894,5,1.36,0.9006,390,0
IWM190920P157,2019-09-16,2019-09-16 09:33:52,1.37,0.9072,22,1.35,0.894,56,1.35,0.894,5,1.36,0.9006,390,0
IWM190920P157,2019-09-16,2019-09-16 09:33:53,1.37,0.9072,13,1.35,0.894,56,1.35,0.894,5,1.36,0.9006,390,0
IWM190920P157,2019-09-16,2019-09-16 09:33:53,1.37,0.9072,13,1.35,0.894,21,1.35,0.894,5,1.36,0.9006,390,0
IWM190920P157,2019-09-16,2019-09-16 09:33:54,1.36,0.9006,13,1.35,0.894,15,1.35,0.894,5,1.355,0.8973,390,0
IWM190920P157,2019-09-16,2019-09-16 09:33:54,1.37,0.9072,65,1.35,0.894,15,1.35,0.894,177,1.36,0.9006,567,177
IWM190920P157,2019-09-16,2019-09-16 09:33:55,1.36,0.9006,13,1.34,0.8874,52,1.35,0.894,177,1.35,0.894,567,0
IWM190920P157,2019-09-16,2019-09-16 09:33:55,1.35,0.894,13,1.34,0.8874,1,1.35,0.894,177,1.345,0.8907,567,0
IWM190920P157,2019-09-16,2019-09-16 09:33:56,1.36,0.9006,22,1.34,0.8874,76,1.35,0.894,177,1.35,0.894,567,0
IWM190920P157,2019-09-16,2019-09-16 09:33:57,1.36,0.9006,13,1.34,0.8874,76,1.35,0.894,177,1.35,0.894,567,0
IWM190920P157,2019-09-16,2019-09-16 09:33:58,1.36,0.9006,22,1.34,0.8874,76,1.35,0.894,177,1.35,0.894,567,0
IWM190920P157,2019-09-16,2019-09-16 09:33:59,1.35,0.894,10,1.32,0.8741,17,1.35,0.894,177,1.335,0.8841,567,0
IWM190920P157,2019-09-16,2019-09-16 09:33:59,1.36,0.9006,22,1.34,0.8874,76,1.35,0.894,177,1.35,0.894,567,0
IWM190920P157,2019-09-16,2019-09-16 09:34:00,1.34,0.8874,13,1.33,0.8807,18,1.35,0.894,177,1.335,0.8841,567,0
IWM190920P157,2019-09-16,2019-09-16 09:34:01,1.34,0.8874,13,1.32,0.8741,30,1.35,0.894,177,1.33,0.8807,567,0
IWM190920P157,2019-09-16,2019-09-16 09:34:01,1.35,0.894,26,1.32,0.8741,60,1.35,0.894,177,1.335,0.8841,567,0
IWM190920P157,2019-09-16,2019-09-16 09:34:02,1.33,0.8807,51,1.3,0.8609,10,1.35,0.894,177,1.315,0.8708,567,0
IWM190920P157,2019-09-16,2019-09-16 09:34:02,1.33,0.8807,13,1.31,0.8675,9,1.35,0.894,177,1.32,0.8741,567,0
IWM190920P157,2019-09-16,2019-09-16 09:34:03,1.33,0.8807,51,1.31,0.8675,1,1.35,0.894,177,1.32,0.8741,567,0
IWM190920P157,2019-09-16,2019-09-16 09:34:03,1.32,0.8741,20,1.3,0.8609,10,1.35,0.894,177,1.31,0.8675,567,0
IWM190920P157,2019-09-16,2019-09-16 09:34:04,1.34,0.8874,51,1.32,0.8741,8,1.35,0.894,177,1.33,0.8807,567,0
IWM190920P157,2019-09-16,2019-09-16 09:34:04,1.34,0.8874,51,1.32,0.8741,1,1.35,0.894,177,1.33,0.8807,567,0
IWM190920P157,2019-09-16,2019-09-16 09:34:05,1.34,0.8874,73,1.32,0.8741,10,1.35,0.894,177,1.33,0.8807,567,0
IWM190920P157,2019-09-16,2019-09-16 09:34:06,1.34,0.8874,73,1.32,0.8741,10,1.35,0.894,177,1.33,0.8807,567,0
IWM190920P157,2019-09-16,2019-09-16 09:34:07,1.34,0.8874,73,1.32,0.8741,10,1.35,0.894,177,1.33,0.8807,567,0
IWM190920P157,2019-09-16,2019-09-16 09:34:07,1.34,0.8874,73,1.32,0.8741,25,1.35,0.894,177,1.33,0.8807,567,0
IWM190920P157,2019-09-16,2019-09-16 09:34:08,1.34,0.8874,73,1.32,0.8741,13,1.35,0.894,177,1.33,0.8807,567,0
IWM190920P157,2019-09-16,2019-09-16 09:34:08,1.34,0.8874,73,1.32,0.8741,27,1.35,0.894,177,1.33,0.8807,567,0
IWM190920P157,2019-09-16,2019-09-16 09:34:09,1.34,0.8874,73,1.32,0.8741,3,1.35,0.894,177,1.33,0.8807,567,0
IWM190920P157,2019-09-16,2019-09-16 09:34:09,1.34,0.8874,13,1.32,0.8741,29,1.35,0.894,177,1.33,0.8807,567,0
IWM190920P157,2019-09-16,2019-09-16 09:34:10,1.35,0.894,50,1.32,0.8741,57,1.35,0.894,177,1.335,0.8841,567,0
IWM190920P157,2019-09-16,2019-09-16 09:34:10,1.34,0.8874,22,1.32,0.8741,44,1.35,0.894,177,1.33,0.8807,567,0
IWM190920P157,2019-09-16,2019-09-16 09:34:11,1.36,0.9006,50,1.34,0.8874,29,1.35,0.894,177,1.35,0.894,567,0
IWM190920P157,2019-09-16,2019-09-16 09:34:11,1.35,0.894,13,1.34,0.8874,10,1.35,0.894,177,1.345,0.8907,567,0
IWM190920P157,2019-09-16,2019-09-16 09:34:12,1.36,0.9006,21,1.34,0.8874,28,1.35,0.894,177,1.35,0.894,567,0
IWM190920P157,2019-09-16,2019-09-16 09:34:12,1.36,0.9006,111,1.34,0.8874,42,1.35,0.894,177,1.35,0.894,567,0
IWM190920P157,2019-09-16,2019-09-16 09:34:13,1.36,0.9006,50,1.33,0.8807,81,1.35,0.894,177,1.345,0.8907,567,0
IWM190920P157,2019-09-16,2019-09-16 09:34:13,1.35,0.894,13,1.33,0.8807,40,1.35,0.894,177,1.34,0.8874,567,0
IWM190920P157,2019-09-16,2019-09-16 09:34:14,1.35,0.894,13,1.33,0.8807,58,1.35,0.894,177,1.34,0.8874,567,0
IWM190920P157,2019-09-16,2019-09-16 09:34:14,1.35,0.894,22,1.34,0.8874,10,1.35,0.894,177,1.345,0.8907,567,0
IWM190920P157,2019-09-16,2019-09-16 09:34:15,1.35,0.894,22,1.34,0.8874,10,1.35,0.894,177,1.345,0.8907,567,0
IWM190920P157,2019-09-16,2019-09-16 09:34:15,1.36,0.9006,36,1.34,0.8874,21,1.35,0.894,177,1.35,0.894,567,0
IWM190920P157,2019-09-16,2019-09-16 09:34:16,1.36,0.9006,36,1.34,0.8874,45,1.35,0.894,177,1.35,0.894,567,0
IWM190920P157,2019-09-16,2019-09-16 09:34:16,1.36,0.9006,36,1.35,0.894,9,1.35,0.894,177,1.355,0.8973,567,0
IWM190920P157,2019-09-16,2019-09-16 09:34:17,1.37,0.9072,13,1.36,0.9006,2,1.35,0.894,177,1.365,0.9039,567,0
IWM190920P157,2019-09-16,2019-09-16 09:34:18,1.37,0.9072,41,1.35,0.894,26,1.35,0.894,177,1.36,0.9006,567,0
IWM190920P157,2019-09-16,2019-09-16 09:34:18,1.37,0.9072,13,1.36,0.9006,2,1.35,0.894,177,1.365,0.9039,567,0
IWM190920P157,2019-09-16,2019-09-16 09:34:19,1.37,0.9072,43,1.35,0.894,10,1.35,0.894,177,1.36,0.9006,567,0
IWM190920P157,2019-09-16,2019-09-16 09:34:19,1.37,0.9072,13,1.35,0.894,26,1.35,0.894,177,1.36,0.9006,567,0
IWM190920P157,2019-09-16,2019-09-16 09:34:20,1.36,0.9006,13,1.35,0.894,2,1.35,0.894,177,1.355,0.8973,567,0
IWM190920P157,2019-09-16,2019-09-16 09:34:20,1.36,0.9006,49,1.33,0.8807,95,1.35,0.894,177,1.345,0.8907,567,0
IWM190920P157,2019-09-16,2019-09-16 09:34:21,1.35,0.894,49,1.32,0.8741,35,1.35,0.894,177,1.335,0.8841,567,0
IWM190920P157,2019-09-16,2019-09-16 09:34:21,1.34,0.8874,49,1.32,0.8741,7,1.35,0.894,177,1.33,0.8807,567,0
IWM190920P157,2019-09-16,2019-09-16 09:34:22,1.34,0.8874,49,1.31,0.8675,73,1.35,0.894,177,1.325,0.8774,567,0
IWM190920P157,2019-09-16,2019-09-16 09:34:22,1.34,0.8874,49,1.32,0.8741,7,1.35,0.894,177,1.33,0.8807,567,0
IWM190920P157,2019-09-16,2019-09-16 09:34:23,1.34,0.8874,49,1.32,0.8741,7,1.35,0.894,177,1.33,0.8807,567,0
IWM190920P157,2019-09-16,2019-09-16 09:34:24,1.34,0.8874,26,1.32,0.8741,144,1.35,0.894,177,1.33,0.8807,567,0
IWM190920P157,2019-09-16,2019-09-16 09:34:24,1.35,0.894,49,1.33,0.8807,82,1.35,0.894,177,1.34,0.8874,567,0
IWM190920P157,2019-09-16,2019-09-16 09:34:25,1.35,0.894,49,1.33,0.8807,82,1.35,0.894,177,1.34,0.8874,567,0
IWM190920P157,2019-09-16,2019-09-16 09:34:25,1.35,0.894,49,1.33,0.8807,16,1.35,0.894,177,1.34,0.8874,567,0
IWM190920P157,2019-09-16,2019-09-16 09:34:26,1.35,0.894,49,1.33,0.8807,51,1.35,0.894,177,1.34,0.8874,567,0
IWM190920P157,2019-09-16,2019-09-16 09:34:26,1.35,0.894,49,1.33,0.8807,48,1.35,0.894,177,1.34,0.8874,567,0
IWM190920P157,2019-09-16,2019-09-16 09:34:27,1.35,0.894,49,1.33,0.8807,66,1.35,0.894,177,1.34,0.8874,567,0
IWM190920P157,2019-09-16,2019-09-16 09:34:27,1.35,0.894,49,1.33,0.8807,53,1.35,0.894,177,1.34,0.8874,567,0
IWM190920P157,2019-09-16,2019-09-16 09:34:28,1.34,0.8874,13,1.33,0.8807,57,1.35,0.894,177,1.335,0.8841,567,0
IWM190920P157,2019-09-16,2019-09-16 09:34:28,1.35,0.894,49,1.33,0.8807,66,1.35,0.894,177,1.34,0.8874,567,0
IWM190920P157,2019-09-16,2019-09-16 09:34:29,1.35,0.894,50,1.33,0.8807,47,1.35,0.894,177,1.34,0.8874,567,0
IWM190920P157,2019-09-16,2019-09-16 09:34:29,1.34,0.8874,27,1.33,0.8807,57,1.35,0.894,177,1.335,0.8841,567,0
IWM190920P157,2019-09-16,2019-09-16 09:34:30,1.35,0.894,50,1.33,0.8807,91,1.35,0.894,177,1.34,0.8874,567,0
IWM190920P157,2019-09-16,2019-09-16 09:34:30,1.35,0.894,50,1.33,0.8807,79,1.35,0.894,177,1.34,0.8874,567,0
IWM190920P157,2019-09-16,2019-09-16 09:34:31,1.36,0.9006,22,1.35,0.894,9,1.35,0.894,177,1.355,0.8973,567,0
IWM190920P157,2019-09-16,2019-09-16 09:34:31,1.36,0.9006,13,1.35,0.894,7,1.35,0.894,177,1.355,0.8973,567,0
IWM190920P157,2019-09-16,2019-09-16 09:34:32,1.35,0.894,50,1.34,0.8874,17,1.35,0.894,177,1.345,0.8907,567,0
IWM190920P157,2019-09-16,2019-09-16 09:34:32,1.36,0.9006,22,1.35,0.894,9,1.35,0.894,177,1.355,0.8973,567,0
IWM190920P157,2019-09-16,2019-09-16 09:34:33,1.34,0.8874,13,1.33,0.8807,17,1.35,0.894,177,1.335,0.8841,567,0
IWM190920P157,2019-09-16,2019-09-16 09:34:33,1.34,0.8874,20,1.33,0.8807,3,1.35,0.894,177,1.335,0.8841,567,0
IWM190920P157,2019-09-16,2019-09-16 09:34:34,1.35,0.894,50,1.33,0.8807,47,1.35,0.894,177,1.34,0.8874,567,0
IWM190920P157,2019-09-16,2019-09-16 09:34:34,1.35,0.894,50,1.33,0.8807,3,1.35,0.894,177,1.34,0.8874,567,0
IWM190920P157,2019-09-16,2019-09-16 09:34:35,1.35,0.894,50,1.33,0.8807,3,1.35,0.894,177,1.34,0.8874,567,0
IWM190920P157,2019-09-16,2019-09-16 09:34:35,1.35,0.894,20,1.33,0.8807,28,1.35,0.894,177,1.34,0.8874,567,0
IWM190920P157,2019-09-16,2019-09-16 09:34:36,1.34,0.8874,48,1.32,0.8741,31,1.35,0.894,177,1.33,0.8807,567,0
IWM190920P157,2019-09-16,2019-09-16 09:34:36,1.35,0.894,32,1.32,0.8741,52,1.35,0.894,177,1.335,0.8841,567,0
IWM190920P157,2019-09-16,2019-09-16 09:34:37,1.33,0.8807,10,1.32,0.8741,39,1.35,0.894,177,1.325,0.8774,567,0
IWM190920P157,2019-09-16,2019-09-16 09:34:38,1.33,0.8807,10,1.32,0.8741,33,1.35,0.894,177,1.325,0.8774,567,0
IWM190920P157,2019-09-16,2019-09-16 09:34:38,1.34,0.8874,49,1.32,0.8741,27,1.35,0.894,177,1.33,0.8807,567,0
IWM190920P157,2019-09-16,2019-09-16 09:34:39,1.35,0.894,42,1.32,0.8741,49,1.35,0.894,177,1.335,0.8841,567,0
IWM190920P157,2019-09-16,2019-09-16 09:34:39,1.35,0.894,42,1.32,0.8741,72,1.35,0.894,177,1.335,0.8841,567,0
IWM190920P157,2019-09-16,2019-09-16 09:34:40,1.35,0.894,42,1.33,0.8807,11,1.35,0.894,177,1.34,0.8874,567,0
IWM190920P157,2019-09-16,2019-09-16 09:34:40,1.34,0.8874,10,1.33,0.8807,11,1.35,0.894,177,1.335,0.8841,567,0
IWM190920P157,2019-09-16,2019-09-16 09:34:41,1.35,0.894,13,1.33,0.8807,29,1.35,0.894,177,1.34,0.8874,567,0
IWM190920P157,2019-09-16,2019-09-16 09:34:41,1.35,0.894,13,1.34,0.8874,11,1.35,0.894,177,1.345,0.8907,567,0
IWM190920P157,2019-09-16,2019-09-16 09:34:42,1.35,0.894,22,1.33,0.8807,34,1.35,0.894,177,1.34,0.8874,567,0
IWM190920P157,2019-09-16,2019-09-16 09:34:42,1.35,0.894,30,1.33,0.8807,40,1.35,0.894,177,1.34,0.8874,567,0
IWM190920P157,2019-09-16,2019-09-16 09:34:43,1.35,0.894,25,1.32,0.8741,49,1.35,0.894,177,1.335,0.8841,567,0
IWM190920P157,2019-09-16,2019-09-16 09:34:43,1.36,0.9006,32,1.34,0.8874,13,1.35,0.894,177,1.35,0.894,567,0
IWM190920P157,2019-09-16,2019-09-16 09:34:44,1.36,0.9006,13,1.34,0.8874,27,1.35,0.894,177,1.35,0.894,567,0
IWM190920P157,2019-09-16,2019-09-16 09:34:44,1.36,0.9006,42,1.34,0.8874,27,1.35,0.894,177,1.35,0.894,567,0
IWM190920P157,2019-09-16,2019-09-16 09:34:45,1.36,0.9006,59,1.34,0.8874,27,1.35,0.894,177,1.35,0.894,567,0
IWM190920P157,2019-09-16,2019-09-16 09:34:46,1.35,0.894,20,1.34,0.8874,10,1.35,0.894,177,1.345,0.8907,567,0
IWM190920P157,2019-09-16,2019-09-16 09:34:46,1.35,0.894,34,1.34,0.8874,21,1.35,0.894,177,1.345,0.8907,567,0
IWM190920P157,2019-09-16,2019-09-16 09:34:47,1.35,0.894,13,1.34,0.8874,26,1.35,0.894,177,1.345,0.8907,567,0
IWM190920P157,2019-09-16,2019-09-16 09:34:47,1.35,0.894,21,1.34,0.8874,21,1.35,0.894,177,1.345,0.8907,567,0
IWM190920P157,2019-09-16,2019-09-16 09:34:48,1.35,0.894,74,1.33,0.8807,25,1.35,0.894,177,1.34,0.8874,567,0
IWM190920P157,2019-09-16,2019-09-16 09:34:48,1.35,0.894,49,1.33,0.8807,25,1.35,0.894,177,1.34,0.8874,567,0
IWM190920P157,2019-09-16,2019-09-16 09:34:49,1.34,0.8874,13,1.33,0.8807,25,1.35,0.894,177,1.335,0.8841,567,0
IWM190920P157,2019-09-16,2019-09-16 09:34:50,1.33,0.8807,13,1.32,0.8741,48,1.35,0.894,177,1.325,0.8774,567,0
IWM190920P157,2019-09-16,2019-09-16 09:34:50,1.34,0.8874,49,1.32,0.8741,21,1.35,0.894,177,1.33,0.8807,567,0
IWM190920P157,2019-09-16,2019-09-16 09:34:51,1.33,0.8807,25,1.31,0.8675,33,1.32,0.8741,5,1.32,0.8741,575,8
IWM190920P157,2019-09-16,2019-09-16 09:34:51,1.33,0.8807,271,1.3,0.8609,48,1.32,0.8741,5,1.315,0.8708,575,0
IWM190920P157,2019-09-16,2019-09-16 09:34:52,1.32,0.8741,72,1.28,0.8476,170,1.32,0.8741,5,1.3,0.8609,575,0
IWM190920P157,2019-09-16,2019-09-16 09:34:52,1.31,0.8675,22,1.29,0.8543,13,1.32,0.8741,5,1.3,0.8609,575,0
IWM190920P157,2019-09-16,2019-09-16 09:34:53,1.32,0.8741,13,1.3,0.8609,5,1.32,0.8741,5,1.31,0.8675,575,0
IWM190920P157,2019-09-16,2019-09-16 09:34:53,1.31,0.8675,13,1.3,0.8609,6,1.32,0.8741,5,1.305,0.8642,575,0
IWM190920P157,2019-09-16,2019-09-16 09:34:54,1.31,0.8675,13,1.3,0.8609,5,1.32,0.8741,5,1.305,0.8642,575,0
IWM190920P157,2019-09-16,2019-09-16 09:34:54,1.31,0.8675,49,1.3,0.8609,5,1.32,0.8741,5,1.305,0.8642,575,0
IWM190920P157,2019-09-16,2019-09-16 09:34:55,1.31,0.8675,21,1.29,0.8543,107,1.32,0.8741,5,1.3,0.8609,575,0
IWM190920P157,2019-09-16,2019-09-16 09:34:55,1.31,0.8675,21,1.29,0.8543,97,1.32,0.8741,5,1.3,0.8609,575,0
IWM190920P157,2019-09-16,2019-09-16 09:34:56,1.31,0.8675,22,1.29,0.8543,52,1.32,0.8741,5,1.3,0.8609,575,0
IWM190920P157,2019-09-16,2019-09-16 09:34:57,1.31,0.8675,22,1.29,0.8543,52,1.32,0.8741,5,1.3,0.8609,575,0
IWM190920P157,2019-09-16,2019-09-16 09:34:57,1.31,0.8675,27,1.29,0.8543,63,1.32,0.8741,5,1.3,0.8609,575,0
IWM190920P157,2019-09-16,2019-09-16 09:34:58,1.31,0.8675,27,1.29,0.8543,52,1.32,0.8741,5,1.3,0.8609,575,0
IWM190920P157,2019-09-16,2019-09-16 09:34:59,1.31,0.8675,20,1.29,0.8543,16,1.32,0.8741,5,1.3,0.8609,575,0
IWM190920P157,2019-09-16,2019-09-16 09:34:59,1.31,0.8675,9,1.29,0.8543,52,1.32,0.8741,5,1.3,0.8609,575,0
IWM190920P157,2019-09-16,2019-09-16 09:35:00,1.3,0.8609,65,1.28,0.8476,11,1.32,0.8741,5,1.29,0.8543,575,0
IWM190920P157,2019-09-16,2019-09-16 09:35:00,1.3,0.8609,50,1.28,0.8476,11,1.32,0.8741,5,1.29,0.8543,575,0
IWM190920P157,2019-09-16,2019-09-16 09:35:01,1.29,0.8543,49,1.28,0.8476,11,1.32,0.8741,5,1.285,0.8509,575,0
IWM190920P157,2019-09-16,2019-09-16 09:35:01,1.29,0.8543,13,1.27,0.841,11,1.32,0.8741,5,1.28,0.8476,575,0
IWM190920P157,2019-09-16,2019-09-16 09:35:02,1.29,0.8543,24,1.27,0.841,45,1.32,0.8741,5,1.28,0.8476,575,0
IWM190920P157,2019-09-16,2019-09-16 09:35:02,1.29,0.8543,47,1.27,0.841,32,1.32,0.8741,5,1.28,0.8476,575,0
IWM190920P157,2019-09-16,2019-09-16 09:35:03,1.29,0.8543,24,1.27,0.841,62,1.32,0.8741,5,1.28,0.8476,575,0
IWM190920P157,2019-09-16,2019-09-16 09:35:03,1.29,0.8543,24,1.27,0.841,130,1.32,0.8741,5,1.28,0.8476,575,0
IWM190920P157,2019-09-16,2019-09-16 09:35:04,1.29,0.8543,14,1.27,0.841,189,1.32,0.8741,5,1.28,0.8476,575,0
IWM190920P157,2019-09-16,2019-09-16 09:35:04,1.3,0.8609,41,1.27,0.841,111,1.32,0.8741,5,1.285,0.8509,575,0
IWM190920P157,2019-09-16,2019-09-16 09:35:05,1.29,0.8543,29,1.27,0.841,29,1.32,0.8741,5,1.28,0.8476,575,0
IWM190920P157,2019-09-16,2019-09-16 09:35:05,1.29,0.8543,48,1.27,0.841,29,1.32,0.8741,5,1.28,0.8476,575,0
IWM190920P157,2019-09-16,2019-09-16 09:35:06,1.28,0.8476,32,1.27,0.841,6,1.32,0.8741,5,1.275,0.8443,575,0
IWM190920P157,2019-09-16,2019-09-16 09:35:06,1.29,0.8543,49,1.27,0.841,53,1.32,0.8741,5,1.28,0.8476,575,0
IWM190920P157,2019-09-16,2019-09-16 09:35:07,1.29,0.8543,49,1.27,0.841,40,1.32,0.8741,5,1.28,0.8476,575,0
IWM190920P157,2019-09-16,2019-09-16 09:35:07,1.28,0.8476,23,1.26,0.8344,46,1.32,0.8741,5,1.27,0.841,575,0
IWM190920P157,2019-09-16,2019-09-16 09:35:08,1.27,0.841,20,1.26,0.8344,11,1.32,0.8741,5,1.265,0.8377,575,0
IWM190920P157,2019-09-16,2019-09-16 09:35:08,1.27,0.841,15,1.25,0.8278,67,1.32,0.8741,5,1.26,0.8344,575,0
IWM190920P157,2019-09-16,2019-09-16 09:35:09,1.27,0.841,27,1.25,0.8278,32,1.32,0.8741,5,1.26,0.8344,575,0
IWM190920P157,2019-09-16,2019-09-16 09:35:09,1.27,0.841,23,1.25,0.8278,95,1.32,0.8741,5,1.26,0.8344,575,0
IWM190920P157,2019-09-16,2019-09-16 09:35:10,1.27,0.841,13,1.26,0.8344,11,1.32,0.8741,5,1.265,0.8377,575,0
IWM190920P157,2019-09-16,2019-09-16 09:35:10,1.27,0.841,14,1.25,0.8278,91,1.32,0.8741,5,1.26,0.8344,575,0
IWM190920P157,2019-09-16,2019-09-16 09:35:11,1.27,0.841,14,1.25,0.8278,49,1.32,0.8741,5,1.26,0.8344,575,0
IWM190920P157,2019-09-16,2019-09-16 09:35:11,1.27,0.841,13,1.25,0.8278,49,1.32,0.8741,5,1.26,0.8344,575,0
IWM190920P157,2019-09-16,2019-09-16 09:35:12,1.27,0.841,22,1.25,0.8278,134,1.32,0.8741,5,1.26,0.8344,575,0
IWM190920P157,2019-09-16,2019-09-16 09:35:13,1.27,0.841,23,1.25,0.8278,69,1.32,0.8741,5,1.26,0.8344,575,0
IWM190920P157,2019-09-16,2019-09-16 09:35:13,1.26,0.8344,22,1.24,0.8211,50,1.32,0.8741,5,1.25,0.8278,575,0
IWM190920P157,2019-09-16,2019-09-16 09:35:14,1.27,0.841,34,1.26,0.8344,9,1.32,0.8741,5,1.265,0.8377,575,0
IWM190920P157,2019-09-16,2019-09-16 09:35:14,1.29,0.8543,64,1.26,0.8344,33,1.32,0.8741,5,1.275,0.8443,575,0
IWM190920P157,2019-09-16,2019-09-16 09:35:15,1.28,0.8476,13,1.27,0.841,1,1.32,0.8741,5,1.275,0.8443,575,0
IWM190920P157,2019-09-16,2019-09-16 09:35:15,1.28,0.8476,13,1.27,0.841,11,1.32,0.8741,5,1.275,0.8443,575,0
IWM190920P157,2019-09-16,2019-09-16 09:35:16,1.29,0.8543,45,1.27,0.841,1,1.32,0.8741,5,1.28,0.8476,575,0
IWM190920P157,2019-09-16,2019-09-16 09:35:16,1.29,0.8543,45,1.27,0.841,30,1.32,0.8741,5,1.28,0.8476,575,0
IWM190920P157,2019-09-16,2019-09-16 09:35:17,1.28,0.8476,13,1.26,0.8344,34,1.32,0.8741,5,1.27,0.841,575,0
IWM190920P157,2019-09-16,2019-09-16 09:35:17,1.28,0.8476,13,1.26,0.8344,91,1.32,0.8741,5,1.27,0.841,575,0
IWM190920P157,2019-09-16,2019-09-16 09:35:18,1.28,0.8476,13,1.27,0.841,10,1.32,0.8741,5,1.275,0.8443,575,0
IWM190920P157,2019-09-16,2019-09-16 09:35:18,1.29,0.8543,54,1.27,0.841,36,1.32,0.8741,5,1.28,0.8476,575,0
IWM190920P157,2019-09-16,2019-09-16 09:35:19,1.29,0.8543,13,1.27,0.841,167,1.32,0.8741,5,1.28,0.8476,575,0
IWM190920P157,2019-09-16,2019-09-16 09:35:19,1.29,0.8543,13,1.27,0.841,68,1.32,0.8741,5,1.28,0.8476,575,0
IWM190920P157,2019-09-16,2019-09-16 09:35:20,1.28,0.8476,13,1.27,0.841,10,1.32,0.8741,5,1.275,0.8443,575,0
IWM190920P157,2019-09-16,2019-09-16 09:35:20,1.29,0.8543,22,1.27,0.841,19,1.32,0.8741,5,1.28,0.8476,575,0
IWM190920P157,2019-09-16,2019-09-16 09:35:21,1.27,0.841,23,1.25,0.8278,44,1.32,0.8741,5,1.26,0.8344,575,0
IWM190920P157,2019-09-16,2019-09-16 09:35:21,1.29,0.8543,48,1.27,0.841,25,1.32,0.8741,5,1.28,0.8476,575,0
IWM190920P157,2019-09-16,2019-09-16 09:35:22,1.27,0.841,13,1.25,0.8278,12,1.32,0.8741,5,1.26,0.8344,575,0
IWM190920P157,2019-09-16,2019-09-16 09:35:22,1.27,0.841,13,1.25,0.8278,100,1.32,0.8741,5,1.26,0.8344,575,0
IWM190920P157,2019-09-16,2019-09-16 09:35:23,1.28,0.8476,23,1.26,0.8344,13,1.32,0.8741,5,1.27,0.841,575,0
IWM190920P157,2019-09-16,2019-09-16 09:35:23,1.3,0.8609,107,1.27,0.841,30,1.32,0.8741,5,1.285,0.8509,575,0
IWM190920P157,2019-09-16,2019-09-16 09:35:24,1.28,0.8476,13,1.27,0.841,3,1.32,0.8741,5,1.275,0.8443,575,0
IWM190920P157,2019-09-16,2019-09-16 09:35:24,1.29,0.8543,27,1.26,0.8344,70,1.32,0.8741,5,1.275,0.8443,575,0
IWM190920P157,2019-09-16,2019-09-16 09:35:25,1.32,0.8741,51,1.29,0.8543,16,1.32,0.8741,5,1.305,0.8642,575,0
IWM190920P157,2019-09-16,2019-09-16 09:35:25,1.3,0.8609,14,1.28,0.8476,48,1.32,0.8741,5,1.29,0.8543,575,0
IWM190920P157,2019-09-16,2019-09-16 09:35:26,1.31,0.8675,14,1.29,0.8543,61,1.32,0.8741,5,1.3,0.8609,575,0
IWM190920P157,2019-09-16,2019-09-16 09:35:27,1.32,0.8741,125,1.29,0.8543,111,1.32,0.8741,5,1.305,0.8642,575,0
IWM190920P157,2019-09-16,2019-09-16 09:35:27,1.31,0.8675,14,1.29,0.8543,94,1.32,0.8741,5,1.3,0.8609,575,0
IWM190920P157,2019-09-16,2019-09-16 09:35:28,1.32,0.8741,58,1.29,0.8543,94,1.32,0.8741,5,1.305,0.8642,575,0
IWM190920P157,2019-09-16,2019-09-16 09:35:28,1.33,0.8807,141,1.3,0.8609,34,1.32,0.8741,5,1.315,0.8708,575,0
IWM190920P157,2019-09-16,2019-09-16 09:35:29,1.32,0.8741,14,1.3,0.8609,41,1.32,0.8741,5,1.31,0.8675,575,0
IWM190920P157,2019-09-16,2019-09-16 09:35:30,1.32,0.8741,51,1.3,0.8609,35,1.32,0.8741,5,1.31,0.8675,575,0
IWM190920P157,2019-09-16,2019-09-16 09:35:30,1.33,0.8807,44,1.31,0.8675,14,1.32,0.8741,5,1.32,0.8741,575,0
IWM190920P157,2019-09-16,2019-09-16 09:35:31,1.31,0.8675,29,1.29,0.8543,23,1.32,0.8741,5,1.3,0.8609,575,0
IWM190920P157,2019-09-16,2019-09-16 09:35:31,1.32,0.8741,24,1.3,0.8609,48,1.32,0.8741,5,1.31,0.8675,575,0
IWM190920P157,2019-09-16,2019-09-16 09:35:32,1.31,0.8675,80,1.29,0.8543,26,1.32,0.8741,5,1.3,0.8609,575,0
IWM190920P157,2019-09-16,2019-09-16 09:35:32,1.31,0.8675,152,1.29,0.8543,23,1.32,0.8741,5,1.3,0.8609,575,0
IWM190920P157,2019-09-16,2019-09-16 09:35:33,1.32,0.8741,48,1.3,0.8609,20,1.32,0.8741,5,1.31,0.8675,575,0
IWM190920P157,2019-09-16,2019-09-16 09:35:33,1.31,0.8675,13,1.3,0.8609,23,1.32,0.8741,5,1.305,0.8642,575,0
IWM190920P157,2019-09-16,2019-09-16 09:35:34,1.32,0.8741,91,1.3,0.8609,45,1.32,0.8741,5,1.31,0.8675,575,0
IWM190920P157,2019-09-16,2019-09-16 09:35:34,1.32,0.8741,26,1.3,0.8609,45,1.32,0.8741,5,1.31,0.8675,575,0
IWM190920P157,2019-09-16,2019-09-16 09:35:35,1.32,0.8741,29,1.3,0.8609,45,1.32,0.8741,5,1.31,0.8675,575,0
IWM190920P157,2019-09-16,2019-09-16 09:35:35,1.32,0.8741,163,1.3,0.8609,45,1.32,0.8741,5,1.31,0.8675,575,0
IWM190920P157,2019-09-16,2019-09-16 09:35:36,1.32,0.8741,103,1.3,0.8609,23,1.32,0.8741,5,1.31,0.8675,575,0
IWM190920P157,2019-09-16,2019-09-16 09:35:36,1.31,0.8675,14,1.3,0.8609,23,1.32,0.8741,5,1.305,0.8642,575,0
IWM190920P157,2019-09-16,2019-09-16 09:35:37,1.32,0.8741,127,1.3,0.8609,23,1.32,0.8741,5,1.31,0.8675,575,0
IWM190920P157,2019-09-16,2019-09-16 09:35:38,1.32,0.8741,127,1.3,0.8609,59,1.32,0.8741,5,1.31,0.8675,575,0
IWM190920P157,2019-09-16,2019-09-16 09:35:38,1.33,0.8807,56,1.31,0.8675,47,1.32,0.8741,5,1.32,0.8741,575,0
IWM190920P157,2019-09-16,2019-09-16 09:35:39,1.33,0.8807,20,1.31,0.8675,89,1.32,0.8741,5,1.32,0.8741,575,0
IWM190920P157,2019-09-16,2019-09-16 09:35:39,1.34,0.8874,190,1.31,0.8675,46,1.32,0.8741,5,1.325,0.8774,575,0
IWM190920P157,2019-09-16,2019-09-16 09:35:40,1.33,0.8807,20,1.31,0.8675,89,1.32,0.8741,5,1.32,0.8741,575,0
IWM190920P157,2019-09-16,2019-09-16 09:35:40,1.33,0.8807,24,1.31,0.8675,104,1.32,0.8741,5,1.32,0.8741,575,0
IWM190920P157,2019-09-16,2019-09-16 09:35:41,1.32,0.8741,15,1.31,0.8675,6,1.32,0.8741,5,1.315,0.8708,575,0
IWM190920P157,2019-09-16,2019-09-16 09:35:41,1.32,0.8741,72,1.3,0.8609,49,1.32,0.8741,5,1.31,0.8675,575,0
IWM190920P157,2019-09-16,2019-09-16 09:35:42,1.32,0.8741,48,1.29,0.8543,42,1.32,0.8741,5,1.305,0.8642,575,0
IWM190920P157,2019-09-16,2019-09-16 09:35:42,1.32,0.8741,13,1.31,0.8675,5,1.32,0.8741,5,1.315,0.8708,575,0
IWM190920P157,2019-09-16,2019-09-16 09:35:43,1.32,0.8741,15,1.31,0.8675,5,1.32,0.8741,5,1.315,0.8708,575,0
IWM190920P157,2019-09-16,2019-09-16 09:35:43,1.32,0.8741,48,1.3,0.8609,30,1.32,0.8741,5,1.31,0.8675,575,0
IWM190920P157,2019-09-16,2019-09-16 09:35:44,1.32,0.8741,36,1.3,0.8609,48,1.32,0.8741,5,1.31,0.8675,575,0
IWM190920P157,2019-09-16,2019-09-16 09:35:45,1.32,0.8741,14,1.3,0.8609,48,1.31,0.8675,18,1.31,0.8675,595,20
IWM190920P157,2019-09-16,2019-09-16 09:35:46,1.3,0.8609,15,1.29,0.8543,9,1.3,0.8609,1,1.295,0.8576,596,0
IWM190920P157,2019-09-16,2019-09-16 09:35:46,1.3,0.8609,10,1.27,0.841,23,1.3,0.8609,1,1.285,0.8509,596,1
IWM190920P157,2019-09-16,2019-09-16 09:35:47,1.31,0.8675,19,1.29,0.8543,8,1.3,0.8609,1,1.3,0.8609,596,0
IWM190920P157,2019-09-16,2019-09-16 09:35:47,1.32,0.8741,47,1.29,0.8543,93,1.3,0.8609,1,1.305,0.8642,596,0
IWM190920P157,2019-09-16,2019-09-16 09:35:48,1.32,0.8741,47,1.3,0.8609,10,1.3,0.8609,1,1.31,0.8675,596,0
IWM190920P157,2019-09-16,2019-09-16 09:35:49,1.32,0.8741,47,1.3,0.8609,10,1.3,0.8609,1,1.31,0.8675,596,0
IWM190920P157,2019-09-16,2019-09-16 09:35:49,1.31,0.8675,13,1.3,0.8609,27,1.3,0.8609,1,1.305,0.8642,596,0
IWM190920P157,2019-09-16,2019-09-16 09:35:50,1.32,0.8741,41,1.3,0.8609,43,1.3,0.8609,1,1.31,0.8675,596,0
IWM190920P157,2019-09-16,2019-09-16 09:35:51,1.32,0.8741,23,1.31,0.8675,10,1.3,0.8609,1,1.315,0.8708,596,0
IWM190920P157,2019-09-16,2019-09-16 09:35:51,1.32,0.8741,41,1.3,0.8609,41,1.3,0.8609,1,1.31,0.8675,596,0
IWM190920P157,2019-09-16,2019-09-16 09:35:52,1.32,0.8741,47,1.3,0.8609,45,1.3,0.8609,1,1.31,0.8675,596,0
IWM190920P157,2019-09-16,2019-09-16 09:35:53,1.32,0.8741,47,1.3,0.8609,45,1.3,0.8609,1,1.31,0.8675,596,0
IWM190920P157,2019-09-16,2019-09-16 09:35:53,1.31,0.8675,14,1.28,0.8476,117,1.31,0.8675,7,1.295,0.8576,615,19
IWM190920P157,2019-09-16,2019-09-16 09:35:54,1.31,0.8675,14,1.29,0.8543,21,1.31,0.8675,7,1.3,0.8609,615,0
IWM190920P157,2019-09-16,2019-09-16 09:35:54,1.31,0.8675,13,1.3,0.8609,8,1.31,0.8675,7,1.305,0.8642,615,0
IWM190920P157,2019-09-16,2019-09-16 09:35:55,1.32,0.8741,42,1.3,0.8609,26,1.31,0.8675,7,1.31,0.8675,615,0
IWM190920P157,2019-09-16,2019-09-16 09:35:55,1.32,0.8741,46,1.3,0.8609,12,1.31,0.8675,7,1.31,0.8675,615,0
IWM190920P157,2019-09-16,2019-09-16 09:35:56,1.32,0.8741,61,1.3,0.8609,107,1.31,0.8675,7,1.31,0.8675,615,0
IWM190920P157,2019-09-16,2019-09-16 09:35:56,1.33,0.8807,23,1.32,0.8741,1,1.31,0.8675,7,1.325,0.8774,615,0
IWM190920P157,2019-09-16,2019-09-16 09:35:57,1.34,0.8874,39,1.32,0.8741,88,1.31,0.8675,7,1.33,0.8807,615,0
IWM190920P157,2019-09-16,2019-09-16 09:35:57,1.34,0.8874,39,1.32,0.8741,55,1.31,0.8675,7,1.33,0.8807,615,0
IWM190920P157,2019-09-16,2019-09-16 09:35:58,1.36,0.9006,24,1.34,0.8874,1,1.31,0.8675,7,1.35,0.894,615,0
IWM190920P157,2019-09-16,2019-09-16 09:35:58,1.34,0.8874,23,1.33,0.8807,1,1.31,0.8675,7,1.335,0.8841,615,0
IWM190920P157,2019-09-16,2019-09-16 09:35:59,1.37,0.9072,38,1.35,0.894,25,1.31,0.8675,7,1.36,0.9006,615,0
IWM190920P157,2019-09-16,2019-09-16 09:35:59,1.37,0.9072,21,1.35,0.894,46,1.31,0.8675,7,1.36,0.9006,615,0
IWM190920P157,2019-09-16,2019-09-16 09:36:00,1.36,0.9006,17,1.34,0.8874,1,1.31,0.8675,7,1.35,0.894,615,0
IWM190920P157,2019-09-16,2019-09-16 09:36:00,1.36,0.9006,78,1.34,0.8874,74,1.31,0.8675,7,1.35,0.894,615,0
IWM190920P157,2019-09-16,2019-09-16 09:36:01,1.37,0.9072,140,1.35,0.894,50,1.31,0.8675,7,1.36,0.9006,615,0
IWM190920P157,2019-09-16,2019-09-16 09:36:01,1.37,0.9072,97,1.35,0.894,13,1.31,0.8675,7,1.36,0.9006,615,0
IWM190920P157,2019-09-16,2019-09-16 09:36:02,1.37,0.9072,210,1.34,0.8874,1,1.31,0.8675,7,1.355,0.8973,615,0
IWM190920P157,2019-09-16,2019-09-16 09:36:03,1.35,0.894,16,1.34,0.8874,12,1.31,0.8675,7,1.345,0.8907,615,0
IWM190920P157,2019-09-16,2019-09-16 09:36:03,1.34,0.8874,11,1.32,0.8741,18,1.34,0.8874,1,1.33,0.8807,616,1
IWM190920P157,2019-09-16,2019-09-16 09:36:04,1.34,0.8874,11,1.32,0.8741,197,1.34,0.8874,1,1.33,0.8807,616,0
IWM190920P157,2019-09-16,2019-09-16 09:36:04,1.34,0.8874,22,1.32,0.8741,181,1.34,0.8874,1,1.33,0.8807,616,0
IWM190920P157,2019-09-16,2019-09-16 09:36:05,1.34,0.8874,20,1.33,0.8807,12,1.34,0.8874,1,1.335,0.8841,616,0
IWM190920P157,2019-09-16,2019-09-16 09:36:05,1.35,0.894,93,1.33,0.8807,145,1.34,0.8874,1,1.34,0.8874,616,0
IWM190920P157,2019-09-16,2019-09-16 09:36:06,1.35,0.894,27,1.33,0.8807,78,1.35,0.894,2,1.34,0.8874,618,2
IWM190920P157,2019-09-16,2019-09-16 09:36:06,1.34,0.8874,82,1.32,0.8741,65,1.35,0.894,2,1.33,0.8807,618,0
IWM190920P157,2019-09-16,2019-09-16 09:36:07,1.35,0.894,77,1.34,0.8874,47,1.35,0.894,2,1.345,0.8907,618,0
IWM190920P157,2019-09-16,2019-09-16 09:36:07,1.35,0.894,50,1.33,0.8807,108,1.35,0.894,2,1.34,0.8874,618,0
IWM190920P157,2019-09-16,2019-09-16 09:36:08,1.36,0.9006,192,1.34,0.8874,72,1.35,0.894,2,1.35,0.894,618,0
IWM190920P157,2019-09-16,2019-09-16 09:36:08,1.36,0.9006,72,1.34,0.8874,70,1.35,0.894,2,1.35,0.894,618,0
IWM190920P157,2019-09-16,2019-09-16 09:36:09,1.36,0.9006,92,1.34,0.8874,52,1.35,0.894,2,1.35,0.894,618,0
IWM190920P157,2019-09-16,2019-09-16 09:36:09,1.36,0.9006,124,1.34,0.8874,17,1.35,0.894,2,1.35,0.894,618,0
IWM190920P157,2019-09-16,2019-09-16 09:36:10,1.36,0.9006,61,1.34,0.8874,26,1.35,0.894,2,1.35,0.894,618,0
IWM190920P157,2019-09-16,2019-09-16 09:36:10,1.35,0.894,19,1.34,0.8874,13,1.35,0.894,2,1.345,0.8907,618,0
IWM190920P157,2019-09-16,2019-09-16 09:36:11,1.35,0.894,73,1.33,0.8807,137,1.35,0.894,2,1.34,0.8874,618,0
IWM190920P157,2019-09-16,2019-09-16 09:36:11,1.35,0.894,68,1.33,0.8807,154,1.35,0.894,2,1.34,0.8874,618,0
IWM190920P157,2019-09-16,2019-09-16 09:36:12,1.36,0.9006,220,1.34,0.8874,29,1.35,0.894,2,1.35,0.894,618,0
IWM190920P157,2019-09-16,2019-09-16 09:36:12,1.36,0.9006,128,1.34,0.8874,49,1.35,0.894,2,1.35,0.894,618,0
IWM190920P157,2019-09-16,2019-09-16 09:36:13,1.36,0.9006,77,1.34,0.8874,13,1.35,0.894,2,1.35,0.894,618,0
IWM190920P157,2019-09-16,2019-09-16 09:36:13,1.35,0.894,54,1.33,0.8807,198,1.35,0.894,2,1.34,0.8874,618,0
IWM190920P157,2019-09-16,2019-09-16 09:36:14,1.36,0.9006,130,1.34,0.8874,36,1.35,0.894,2,1.35,0.894,618,0
IWM190920P157,2019-09-16,2019-09-16 09:36:14,1.36,0.9006,7,1.34,0.8874,126,1.35,0.894,2,1.35,0.894,618,0
IWM190920P157,2019-09-16,2019-09-16 09:36:15,1.36,0.9006,7,1.34,0.8874,84,1.35,0.894,2,1.35,0.894,618,0
IWM190920P157,2019-09-16,2019-09-16 09:36:16,1.35,0.894,16,1.33,0.8807,136,1.35,0.894,2,1.34,0.8874,618,0
IWM190920P157,2019-09-16,2019-09-16 09:36:16,1.35,0.894,23,1.33,0.8807,136,1.35,0.894,2,1.34,0.8874,618,0
IWM190920P157,2019-09-16,2019-09-16 09:36:17,1.34,0.8874,55,1.32,0.8741,129,1.35,0.894,2,1.33,0.8807,618,0
IWM190920P157,2019-09-16,2019-09-16 09:36:17,1.34,0.8874,55,1.32,0.8741,147,1.35,0.894,2,1.33,0.8807,618,0
IWM190920P157,2019-09-16,2019-09-16 09:36:18,1.34,0.8874,133,1.32,0.8741,18,1.35,0.894,2,1.33,0.8807,618,0
IWM190920P157,2019-09-16,2019-09-16 09:36:18,1.34,0.8874,286,1.32,0.8741,42,1.35,0.894,2,1.33,0.8807,618,0
IWM190920P157,2019-09-16,2019-09-16 09:36:19,1.34,0.8874,42,1.32,0.8741,18,1.35,0.894,2,1.33,0.8807,618,0
IWM190920P157,2019-09-16,2019-09-16 09:36:19,1.34,0.8874,286,1.32,0.8741,33,1.35,0.894,2,1.33,0.8807,618,0
IWM190920P157,2019-09-16,2019-09-16 09:36:20,1.33,0.8807,77,1.32,0.8741,18,1.35,0.894,2,1.325,0.8774,618,0
IWM190920P157,2019-09-16,2019-09-16 09:36:20,1.34,0.8874,86,1.32,0.8741,27,1.32,0.8741,20,1.33,0.8807,638,20
IWM190920P157,2019-09-16,2019-09-16 09:36:21,1.34,0.8874,66,1.32,0.8741,87,1.33,0.8807,7,1.33,0.8807,678,40
IWM190920P157,2019-09-16,2019-09-16 09:36:21,1.33,0.8807,13,1.32,0.8741,18,1.32,0.8741,20,1.325,0.8774,638,0
IWM190920P157,2019-09-16,2019-09-16 09:36:22,1.33,0.8807,13,1.32,0.8741,134,1.34,0.8874,150,1.325,0.8774,828,150
IWM190920P157,2019-09-16,2019-09-16 09:36:23,1.34,0.8874,110,1.32,0.8741,169,1.34,0.8874,150,1.33,0.8807,828,0
IWM190920P157,2019-09-16,2019-09-16 09:36:23,1.34,0.8874,40,1.32,0.8741,51,1.34,0.8874,150,1.33,0.8807,828,0
IWM190920P157,2019-09-16,2019-09-16 09:36:24,1.34,0.8874,167,1.32,0.8741,43,1.34,0.8874,150,1.33,0.8807,828,0
IWM190920P157,2019-09-16,2019-09-16 09:36:24,1.34,0.8874,123,1.32,0.8741,17,1.34,0.8874,10,1.33,0.8807,838,10
IWM190920P157,2019-09-16,2019-09-16 09:36:25,1.34,0.8874,35,1.33,0.8807,58,1.34,0.8874,10,1.335,0.8841,838,0
IWM190920P157,2019-09-16,2019-09-16 09:36:25,1.34,0.8874,35,1.33,0.8807,73,1.34,0.8874,10,1.335,0.8841,838,0
IWM190920P157,2019-09-16,2019-09-16 09:36:26,1.34,0.8874,19,1.33,0.8807,63,1.34,0.8874,10,1.335,0.8841,838,0
IWM190920P157,2019-09-16,2019-09-16 09:36:26,1.35,0.894,105,1.33,0.8807,71,1.34,0.8874,10,1.34,0.8874,838,0
IWM190920P157,2019-09-16,2019-09-16 09:36:27,1.36,0.9006,30,1.34,0.8874,43,1.34,0.8874,10,1.35,0.894,838,0
IWM190920P157,2019-09-16,2019-09-16 09:36:27,1.35,0.894,158,1.33,0.8807,71,1.34,0.8874,10,1.34,0.8874,838,0
IWM190920P157,2019-09-16,2019-09-16 09:36:28,1.36,0.9006,29,1.35,0.894,17,1.34,0.8874,10,1.355,0.8973,838,0
IWM190920P157,2019-09-16,2019-09-16 09:36:29,1.36,0.9006,138,1.35,0.894,6,1.34,0.8874,10,1.355,0.8973,838,0
IWM190920P157,2019-09-16,2019-09-16 09:36:29,1.37,0.9072,259,1.35,0.894,26,1.34,0.8874,10,1.36,0.9006,838,0
IWM190920P157,2019-09-16,2019-09-16 09:36:30,1.37,0.9072,319,1.35,0.894,45,1.34,0.8874,10,1.36,0.9006,838,0
IWM190920P157,2019-09-16,2019-09-16 09:36:30,1.37,0.9072,319,1.35,0.894,55,1.34,0.8874,10,1.36,0.9006,838,0
IWM190920P157,2019-09-16,2019-09-16 09:36:31,1.37,0.9072,299,1.35,0.894,70,1.34,0.8874,10,1.36,0.9006,838,0
IWM190920P157,2019-09-16,2019-09-16 09:36:31,1.37,0.9072,319,1.35,0.894,55,1.34,0.8874,10,1.36,0.9006,838,0
IWM190920P157,2019-09-16,2019-09-16 09:36:32,1.37,0.9072,299,1.35,0.894,66,1.34,0.8874,10,1.36,0.9006,838,0
IWM190920P157,2019-09-16,2019-09-16 09:36:32,1.36,0.9006,57,1.34,0.8874,51,1.34,0.8874,10,1.35,0.894,838,0
IWM190920P157,2019-09-16,2019-09-16 09:36:33,1.37,0.9072,60,1.34,0.8874,172,1.34,0.8874,10,1.355,0.8973,838,0
IWM190920P157,2019-09-16,2019-09-16 09:36:33,1.36,0.9006,128,1.34,0.8874,124,1.34,0.8874,10,1.35,0.894,838,0
IWM190920P157,2019-09-16,2019-09-16 09:36:34,1.37,0.9072,330,1.34,0.8874,430,1.34,0.8874,10,1.355,0.8973,838,0
IWM190920P157,2019-09-16,2019-09-16 09:36:34,1.37,0.9072,330,1.36,0.9006,22,1.34,0.8874,10,1.365,0.9039,838,0
IWM190920P157,2019-09-16,2019-09-16 09:36:35,1.37,0.9072,73,1.35,0.894,88,1.34,0.8874,10,1.36,0.9006,838,0
IWM190920P157,2019-09-16,2019-09-16 09:36:35,1.37,0.9072,66,1.35,0.894,51,1.34,0.8874,10,1.36,0.9006,838,0
IWM190920P157,2019-09-16,2019-09-16 09:36:36,1.37,0.9072,35,1.36,0.9006,10,1.34,0.8874,10,1.365,0.9039,838,0
IWM190920P157,2019-09-16,2019-09-16 09:36:36,1.37,0.9072,103,1.35,0.894,123,1.34,0.8874,10,1.36,0.9006,838,0
IWM190920P157,2019-09-16,2019-09-16 09:36:37,1.39,0.9205,38,1.38,0.9139,8,1.34,0.8874,10,1.385,0.9172,838,0
IWM190920P157,2019-09-16,2019-09-16 09:36:37,1.38,0.9139,10,1.36,0.9006,76,1.34,0.8874,10,1.37,0.9072,838,0
IWM190920P157,2019-09-16,2019-09-16 09:36:38,1.39,0.9205,78,1.37,0.9072,91,1.34,0.8874,10,1.38,0.9139,838,0
IWM190920P157,2019-09-16,2019-09-16 09:36:38,1.39,0.9205,235,1.37,0.9072,54,1.34,0.8874,10,1.38,0.9139,838,0
IWM190920P157,2019-09-16,2019-09-16 09:36:39,1.39,0.9205,128,1.37,0.9072,54,1.34,0.8874,10,1.38,0.9139,838,0
IWM190920P157,2019-09-16,2019-09-16 09:36:39,1.4,0.9271,287,1.38,0.9139,48,1.34,0.8874,10,1.39,0.9205,838,0
IWM190920P157,2019-09-16,2019-09-16 09:36:40,1.4,0.9271,36,1.39,0.9205,16,1.34,0.8874,10,1.395,0.9238,838,0
IWM190920P157,2019-09-16,2019-09-16 09:36:40,1.4,0.9271,287,1.38,0.9139,40,1.34,0.8874,10,1.39,0.9205,838,0
IWM190920P157,2019-09-16,2019-09-16 09:36:41,1.4,0.9271,86,1.38,0.9139,134,1.34,0.8874,10,1.39,0.9205,838,0
IWM190920P157,2019-09-16,2019-09-16 09:36:41,1.4,0.9271,49,1.39,0.9205,16,1.34,0.8874,10,1.395,0.9238,838,0
IWM190920P157,2019-09-16,2019-09-16 09:36:42,1.41,0.9337,270,1.39,0.9205,119,1.34,0.8874,10,1.4,0.9271,838,0
IWM190920P157,2019-09-16,2019-09-16 09:36:42,1.41,0.9337,230,1.39,0.9205,119,1.34,0.8874,10,1.4,0.9271,838,0
IWM190920P157,2019-09-16,2019-09-16 09:36:43,1.41,0.9337,270,1.39,0.9205,119,1.34,0.8874,10,1.4,0.9271,838,0
IWM190920P157,2019-09-16,2019-09-16 09:36:44,1.42,0.9403,62,1.4,0.9271,134,1.34,0.8874,10,1.41,0.9337,838,0
IWM190920P157,2019-09-16,2019-09-16 09:36:44,1.43,0.947,57,1.41,0.9337,82,1.34,0.8874,10,1.42,0.9403,838,0
IWM190920P157,2019-09-16,2019-09-16 09:36:45,1.43,0.947,67,1.41,0.9337,92,1.34,0.8874,10,1.42,0.9403,838,0
IWM190920P157,2019-09-16,2019-09-16 09:36:46,1.44,0.9536,117,1.42,0.9403,88,1.34,0.8874,10,1.43,0.947,838,0
IWM190920P157,2019-09-16,2019-09-16 09:36:46,1.44,0.9536,140,1.42,0.9403,78,1.34,0.8874,10,1.43,0.947,838,0
IWM190920P157,2019-09-16,2019-09-16 09:36:47,1.43,0.947,52,1.42,0.9403,78,1.34,0.8874,10,1.425,0.9437,838,0
IWM190920P157,2019-09-16,2019-09-16 09:36:47,1.43,0.947,36,1.42,0.9403,16,1.34,0.8874,10,1.425,0.9437,838,0
IWM190920P157,2019-09-16,2019-09-16 09:36:48,1.43,0.947,53,1.41,0.9337,99,1.34,0.8874,10,1.42,0.9403,838,0
IWM190920P157,2019-09-16,2019-09-16 09:36:48,1.42,0.9403,71,1.4,0.9271,159,1.34,0.8874,10,1.41,0.9337,838,0
IWM190920P157,2019-09-16,2019-09-16 09:36:49,1.43,0.947,55,1.41,0.9337,85,1.34,0.8874,10,1.42,0.9403,838,0
IWM190920P157,2019-09-16,2019-09-16 09:36:49,1.43,0.947,103,1.41,0.9337,28,1.34,0.8874,10,1.42,0.9403,838,0
IWM190920P157,2019-09-16,2019-09-16 09:36:50,1.42,0.9403,15,1.41,0.9337,28,1.34,0.8874,10,1.415,0.937,838,0
IWM190920P157,2019-09-16,2019-09-16 09:36:50,1.42,0.9403,69,1.4,0.9271,111,1.34,0.8874,10,1.41,0.9337,838,0
IWM190920P157,2019-09-16,2019-09-16 09:36:51,1.41,0.9337,292,1.38,0.9139,30,1.34,0.8874,10,1.395,0.9238,838,0
IWM190920P157,2019-09-16,2019-09-16 09:36:51,1.4,0.9271,16,1.38,0.9139,3,1.34,0.8874,10,1.39,0.9205,838,0
IWM190920P157,2019-09-16,2019-09-16 09:36:52,1.4,0.9271,86,1.38,0.9139,3,1.34,0.8874,10,1.39,0.9205,838,0
IWM190920P157,2019-09-16,2019-09-16 09:36:52,1.42,0.9403,124,1.4,0.9271,3,1.34,0.8874,10,1.41,0.9337,838,0
IWM190920P157,2019-09-16,2019-09-16 09:36:53,1.42,0.9403,20,1.38,0.9139,160,1.34,0.8874,10,1.4,0.9271,838,0
IWM190920P157,2019-09-16,2019-09-16 09:36:53,1.42,0.9403,312,1.39,0.9205,58,1.34,0.8874,10,1.405,0.9304,838,0
IWM190920P157,2019-09-16,2019-09-16 09:36:54,1.41,0.9337,5,1.39,0.9205,129,1.34,0.8874,10,1.4,0.9271,838,0
IWM190920P157,2019-09-16,2019-09-16 09:36:54,1.41,0.9337,36,1.39,0.9205,27,1.34,0.8874,10,1.4,0.9271,838,0
IWM190920P157,2019-09-16,2019-09-16 09:36:55,1.41,0.9337,13,1.4,0.9271,12,1.34,0.8874,10,1.405,0.9304,838,0
IWM190920P157,2019-09-16,2019-09-16 09:36:55,1.41,0.9337,16,1.39,0.9205,46,1.34,0.8874,10,1.4,0.9271,838,0
IWM190920P157,2019-09-16,2019-09-16 09:36:56,1.41,0.9337,13,1.4,0.9271,12,1.34,0.8874,10,1.405,0.9304,838,0
IWM190920P157,2019-09-16,2019-09-16 09:36:57,1.43,0.947,10,1.4,0.9271,75,1.34,0.8874,10,1.415,0.937,838,0
IWM190920P157,2019-09-16,2019-09-16 09:36:57,1.43,0.947,83,1.4,0.9271,75,1.34,0.8874,10,1.415,0.937,838,0
IWM190920P157,2019-09-16,2019-09-16 09:36:58,1.43,0.947,20,1.4,0.9271,75,1.34,0.8874,10,1.415,0.937,838,0
IWM190920P157,2019-09-16,2019-09-16 09:36:58,1.44,0.9536,13,1.42,0.9403,54,1.34,0.8874,10,1.43,0.947,838,0
IWM190920P157,2019-09-16,2019-09-16 09:36:59,1.45,0.9602,47,1.43,0.947,32,1.34,0.8874,10,1.44,0.9536,838,0
IWM190920P157,2019-09-16,2019-09-16 09:37:00,1.44,0.9536,78,1.44,0.9536,20,1.34,0.8874,10,1.44,0.9536,838,0
IWM190920P157,2019-09-16,2019-09-16 09:37:00,1.44,0.9536,22,1.42,0.9403,36,1.34,0.8874,10,1.43,0.947,838,0
IWM190920P157,2019-09-16,2019-09-16 09:37:01,1.46,0.9668,104,1.43,0.947,63,1.34,0.8874,10,1.445,0.9569,838,0
IWM190920P157,2019-09-16,2019-09-16 09:37:01,1.45,0.9602,17,1.43,0.947,32,1.34,0.8874,10,1.44,0.9536,838,0
IWM190920P157,2019-09-16,2019-09-16 09:37:02,1.46,0.9668,137,1.44,0.9536,49,1.34,0.8874,10,1.45,0.9602,838,0
IWM190920P157,2019-09-16,2019-09-16 09:37:02,1.44,0.9536,97,1.42,0.9403,130,1.34,0.8874,10,1.43,0.947,838,0
IWM190920P157,2019-09-16,2019-09-16 09:37:03,1.45,0.9602,5,1.43,0.947,25,1.34,0.8874,10,1.44,0.9536,838,0
IWM190920P157,2019-09-16,2019-09-16 09:37:03,1.45,0.9602,18,1.43,0.947,25,1.34,0.8874,10,1.44,0.9536,838,0
IWM190920P157,2019-09-16,2019-09-16 09:37:04,1.45,0.9602,25,1.43,0.947,57,1.34,0.8874,10,1.44,0.9536,838,0
IWM190920P157,2019-09-16,2019-09-16 09:37:04,1.45,0.9602,187,1.44,0.9536,5,1.34,0.8874,10,1.445,0.9569,838,0
IWM190920P157,2019-09-16,2019-09-16 09:37:05,1.45,0.9602,191,1.43,0.947,31,1.34,0.8874,10,1.44,0.9536,838,0
IWM190920P157,2019-09-16,2019-09-16 09:37:06,1.44,0.9536,24,1.43,0.947,16,1.34,0.8874,10,1.435,0.9503,838,0
IWM190920P157,2019-09-16,2019-09-16 09:37:06,1.44,0.9536,126,1.43,0.947,16,1.34,0.8874,10,1.435,0.9503,838,0
IWM190920P157,2019-09-16,2019-09-16 09:37:07,1.43,0.947,136,1.41,0.9337,27,1.34,0.8874,10,1.42,0.9403,838,0
IWM190920P157,2019-09-16,2019-09-16 09:37:07,1.43,0.947,136,1.41,0.9337,16,1.34,0.8874,10,1.42,0.9403,838,0
IWM190920P157,2019-09-16,2019-09-16 09:37:08,1.41,0.9337,13,1.4,0.9271,3,1.34,0.8874,10,1.405,0.9304,838,0
IWM190920P157,2019-09-16,2019-09-16 09:37:08,1.42,0.9403,18,1.4,0.9271,110,1.41,0.9337,10,1.41,0.9337,848,10
IWM190920P157,2019-09-16,2019-09-16 09:37:09,1.41,0.9337,13,1.4,0.9271,3,1.41,0.9337,10,1.405,0.9304,848,0
IWM190920P157,2019-09-16,2019-09-16 09:37:09,1.42,0.9403,122,1.4,0.9271,110,1.41,0.9337,10,1.41,0.9337,848,0
IWM190920P157,2019-09-16,2019-09-16 09:37:10,1.4,0.9271,20,1.39,0.9205,1,1.4,0.9271,1,1.395,0.9238,851,3
IWM190920P157,2019-09-16,2019-09-16 09:37:10,1.4,0.9271,79,1.38,0.9139,3,1.4,0.9271,1,1.39,0.9205,851,0
IWM190920P157,2019-09-16,2019-09-16 09:37:11,1.39,0.9205,24,1.38,0.9139,9,1.4,0.9271,1,1.385,0.9172,851,0
IWM190920P157,2019-09-16,2019-09-16 09:37:11,1.39,0.9205,103,1.38,0.9139,3,1.4,0.9271,1,1.385,0.9172,851,0
IWM190920P157,2019-09-16,2019-09-16 09:37:12,1.38,0.9139,22,1.37,0.9072,16,1.4,0.9271,1,1.375,0.9105,851,0
IWM190920P157,2019-09-16,2019-09-16 09:37:12,1.38,0.9139,13,1.37,0.9072,16,1.4,0.9271,1,1.375,0.9105,851,0
IWM190920P157,2019-09-16,2019-09-16 09:37:13,1.37,0.9072,23,1.36,0.9006,16,1.4,0.9271,1,1.365,0.9039,851,0
IWM190920P157,2019-09-16,2019-09-16 09:37:13,1.38,0.9139,27,1.36,0.9006,16,1.4,0.9271,1,1.37,0.9072,851,0
IWM190920P157,2019-09-16,2019-09-16 09:37:14,1.39,0.9205,45,1.36,0.9006,60,1.4,0.9271,1,1.375,0.9105,851,0
IWM190920P157,2019-09-16,2019-09-16 09:37:14,1.39,0.9205,45,1.36,0.9006,28,1.4,0.9271,1,1.375,0.9105,851,0
IWM190920P157,2019-09-16,2019-09-16 09:37:15,1.38,0.9139,167,1.36,0.9006,19,1.4,0.9271,1,1.37,0.9072,851,0
IWM190920P157,2019-09-16,2019-09-16 09:37:15,1.39,0.9205,45,1.36,0.9006,29,1.4,0.9271,1,1.375,0.9105,851,0
IWM190920P157,2019-09-16,2019-09-16 09:37:16,1.38,0.9139,178,1.36,0.9006,19,1.4,0.9271,1,1.37,0.9072,851,0
IWM190920P157,2019-09-16,2019-09-16 09:37:16,1.38,0.9139,26,1.36,0.9006,92,1.4,0.9271,1,1.37,0.9072,851,0
IWM190920P157,2019-09-16,2019-09-16 09:37:17,1.38,0.9139,13,1.36,0.9006,74,1.4,0.9271,1,1.37,0.9072,851,0
IWM190920P157,2019-09-16,2019-09-16 09:37:18,1.38,0.9139,26,1.36,0.9006,62,1.4,0.9271,1,1.37,0.9072,851,0
IWM190920P157,2019-09-16,2019-09-16 09:37:18,1.39,0.9205,66,1.37,0.9072,25,1.4,0.9271,1,1.38,0.9139,851,0
IWM190920P157,2019-09-16,2019-09-16 09:37:19,1.39,0.9205,126,1.37,0.9072,19,1.4,0.9271,1,1.38,0.9139,851,0
IWM190920P157,2019-09-16,2019-09-16 09:37:19,1.39,0.9205,64,1.37,0.9072,19,1.4,0.9271,1,1.38,0.9139,851,0
IWM190920P157,2019-09-16,2019-09-16 09:37:20,1.39,0.9205,72,1.36,0.9006,246,1.4,0.9271,1,1.375,0.9105,851,0
IWM190920P157,2019-09-16,2019-09-16 09:37:20,1.38,0.9139,28,1.36,0.9006,57,1.4,0.9271,1,1.37,0.9072,851,0
IWM190920P157,2019-09-16,2019-09-16 09:37:21,1.38,0.9139,6,1.37,0.9072,13,1.4,0.9271,1,1.375,0.9105,851,0
IWM190920P157,2019-09-16,2019-09-16 09:37:21,1.39,0.9205,72,1.36,0.9006,266,1.4,0.9271,1,1.375,0.9105,851,0
IWM190920P157,2019-09-16,2019-09-16 09:37:22,1.38,0.9139,19,1.36,0.9006,16,1.4,0.9271,1,1.37,0.9072,851,0
IWM190920P157,2019-09-16,2019-09-16 09:37:22,1.38,0.9139,19,1.36,0.9006,30,1.4,0.9271,1,1.37,0.9072,851,0
IWM190920P157,2019-09-16,2019-09-16 09:37:23,1.38,0.9139,6,1.36,0.9006,175,1.4,0.9271,1,1.37,0.9072,851,0
IWM190920P157,2019-09-16,2019-09-16 09:37:23,1.39,0.9205,73,1.36,0.9006,297,1.4,0.9271,1,1.375,0.9105,851,0
IWM190920P157,2019-09-16,2019-09-16 09:37:24,1.39,0.9205,46,1.36,0.9006,228,1.4,0.9271,1,1.375,0.9105,851,0
IWM190920P157,2019-09-16,2019-09-16 09:37:24,1.38,0.9139,43,1.36,0.9006,157,1.4,0.9271,1,1.37,0.9072,851,0
IWM190920P157,2019-09-16,2019-09-16 09:37:25,1.37,0.9072,18,1.36,0.9006,3,1.4,0.9271,1,1.365,0.9039,851,0
IWM190920P157,2019-09-16,2019-09-16 09:37:25,1.38,0.9139,25,1.36,0.9006,72,1.4,0.9271,1,1.37,0.9072,851,0
IWM190920P157,2019-09-16,2019-09-16 09:37:26,1.37,0.9072,27,1.36,0.9006,10,1.4,0.9271,1,1.365,0.9039,851,0
IWM190920P157,2019-09-16,2019-09-16 09:37:26,1.37,0.9072,57,1.36,0.9006,10,1.4,0.9271,1,1.365,0.9039,851,0
IWM190920P157,2019-09-16,2019-09-16 09:37:27,1.37,0.9072,27,1.36,0.9006,4,1.4,0.9271,1,1.365,0.9039,851,0
IWM190920P157,2019-09-16,2019-09-16 09:37:27,1.37,0.9072,25,1.36,0.9006,10,1.4,0.9271,1,1.365,0.9039,851,0
IWM190920P157,2019-09-16,2019-09-16 09:37:28,1.38,0.9139,50,1.36,0.9006,10,1.4,0.9271,1,1.37,0.9072,851,0
IWM190920P157,2019-09-16,2019-09-16 09:37:28,1.38,0.9139,237,1.36,0.9006,10,1.4,0.9271,1,1.37,0.9072,851,0
IWM190920P157,2019-09-16,2019-09-16 09:37:29,1.38,0.9139,279,1.36,0.9006,10,1.4,0.9271,1,1.37,0.9072,851,0
IWM190920P157,2019-09-16,2019-09-16 09:37:29,1.37,0.9072,25,1.36,0.9006,10,1.4,0.9271,1,1.365,0.9039,851,0
IWM190920P157,2019-09-16,2019-09-16 09:37:30,1.37,0.9072,7,1.35,0.894,12,1.4,0.9271,1,1.36,0.9006,851,0
IWM190920P157,2019-09-16,2019-09-16 09:37:31,1.39,0.9205,39,1.38,0.9139,13,1.4,0.9271,1,1.385,0.9172,851,0
IWM190920P157,2019-09-16,2019-09-16 09:37:31,1.38,0.9139,49,1.36,0.9006,114,1.4,0.9271,1,1.37,0.9072,851,0
IWM190920P157,2019-09-16,2019-09-16 09:37:32,1.39,0.9205,52,1.37,0.9072,123,1.4,0.9271,1,1.38,0.9139,851,0
IWM190920P157,2019-09-16,2019-09-16 09:37:32,1.39,0.9205,177,1.37,0.9072,123,1.4,0.9271,1,1.38,0.9139,851,0
IWM190920P157,2019-09-16,2019-09-16 09:37:33,1.39,0.9205,52,1.37,0.9072,63,1.4,0.9271,1,1.38,0.9139,851,0
IWM190920P157,2019-09-16,2019-09-16 09:37:33,1.39,0.9205,145,1.37,0.9072,63,1.4,0.9271,1,1.38,0.9139,851,0
IWM190920P157,2019-09-16,2019-09-16 09:37:34,1.39,0.9205,80,1.37,0.9072,13,1.4,0.9271,1,1.38,0.9139,851,0
IWM190920P157,2019-09-16,2019-09-16 09:37:34,1.39,0.9205,145,1.37,0.9072,63,1.4,0.9271,1,1.38,0.9139,851,0
IWM190920P157,2019-09-16,2019-09-16 09:37:35,1.38,0.9139,34,1.36,0.9006,162,1.4,0.9271,1,1.37,0.9072,851,0
IWM190920P157,2019-09-16,2019-09-16 09:37:35,1.38,0.9139,37,1.37,0.9072,13,1.4,0.9271,1,1.375,0.9105,851,0
IWM190920P157,2019-09-16,2019-09-16 09:37:36,1.38,0.9139,37,1.37,0.9072,13,1.4,0.9271,1,1.375,0.9105,851,0
IWM190920P157,2019-09-16,2019-09-16 09:37:36,1.37,0.9072,43,1.36,0.9006,17,1.4,0.9271,1,1.365,0.9039,851,0
IWM190920P157,2019-09-16,2019-09-16 09:37:37,1.38,0.9139,55,1.36,0.9006,71,1.4,0.9271,1,1.37,0.9072,851,0
IWM190920P157,2019-09-16,2019-09-16 09:37:37,1.38,0.9139,42,1.36,0.9006,137,1.4,0.9271,1,1.37,0.9072,851,0
IWM190920P157,2019-09-16,2019-09-16 09:37:38,1.39,0.9205,22,1.38,0.9139,44,1.4,0.9271,1,1.385,0.9172,851,0
IWM190920P157,2019-09-16,2019-09-16 09:37:38,1.39,0.9205,22,1.38,0.9139,18,1.4,0.9271,1,1.385,0.9172,851,0
IWM190920P157,2019-09-16,2019-09-16 09:37:39,1.4,0.9271,193,1.38,0.9139,35,1.39,0.9205,11,1.39,0.9205,862,0
IWM190920P157,2019-09-16,2019-09-16 09:37:39,1.4,0.9271,128,1.38,0.9139,70,1.39,0.9205,11,1.39,0.9205,862,11
IWM190920P157,2019-09-16,2019-09-16 09:37:40,1.4,0.9271,193,1.38,0.9139,44,1.39,0.9205,11,1.39,0.9205,862,0
IWM190920P157,2019-09-16,2019-09-16 09:37:40,1.4,0.9271,193,1.38,0.9139,35,1.39,0.9205,11,1.39,0.9205,862,0
IWM190920P157,2019-09-16,2019-09-16 09:37:41,1.39,0.9205,37,1.37,0.9072,299,1.39,0.9205,11,1.38,0.9139,862,0
IWM190920P157,2019-09-16,2019-09-16 09:37:41,1.4,0.9271,37,1.37,0.9072,260,1.39,0.9205,11,1.385,0.9172,862,0
IWM190920P157,2019-09-16,2019-09-16 09:37:42,1.4,0.9271,236,1.38,0.9139,47,1.39,0.9205,11,1.39,0.9205,862,0
IWM190920P157,2019-09-16,2019-09-16 09:37:42,1.4,0.9271,93,1.38,0.9139,33,1.39,0.9205,11,1.39,0.9205,862,0
IWM190920P157,2019-09-16,2019-09-16 09:37:43,1.4,0.9271,78,1.38,0.9139,77,1.39,0.9205,11,1.39,0.9205,862,0
IWM190920P157,2019-09-16,2019-09-16 09:37:43,1.4,0.9271,78,1.38,0.9139,73,1.39,0.9205,11,1.39,0.9205,862,0
IWM190920P157,2019-09-16,2019-09-16 09:37:44,1.4,0.9271,25,1.38,0.9139,18,1.39,0.9205,11,1.39,0.9205,862,0
IWM190920P157,2019-09-16,2019-09-16 09:37:44,1.4,0.9271,16,1.38,0.9139,155,1.39,0.9205,11,1.39,0.9205,862,0
IWM190920P157,2019-09-16,2019-09-16 09:37:45,1.42,0.9403,249,1.38,0.9139,145,1.39,0.9205,11,1.4,0.9271,862,0
IWM190920P157,2019-09-16,2019-09-16 09:37:45,1.42,0.9403,71,1.38,0.9139,145,1.39,0.9205,11,1.4,0.9271,862,0
IWM190920P157,2019-09-16,2019-09-16 09:37:46,1.41,0.9337,25,1.4,0.9271,13,1.39,0.9205,11,1.405,0.9304,862,0
IWM190920P157,2019-09-16,2019-09-16 09:37:46,1.42,0.9403,107,1.4,0.9271,63,1.39,0.9205,11,1.41,0.9337,862,0
IWM190920P157,2019-09-16,2019-09-16 09:37:47,1.41,0.9337,25,1.4,0.9271,13,1.39,0.9205,11,1.405,0.9304,862,0
IWM190920P157,2019-09-16,2019-09-16 09:37:48,1.4,0.9271,16,1.37,0.9072,53,1.39,0.9205,11,1.385,0.9172,862,0
IWM190920P157,2019-09-16,2019-09-16 09:37:48,1.41,0.9337,25,1.39,0.9205,207,1.39,0.9205,11,1.4,0.9271,862,0
IWM190920P157,2019-09-16,2019-09-16 09:37:49,1.39,0.9205,5,1.37,0.9072,143,1.39,0.9205,11,1.38,0.9139,862,0
IWM190920P157,2019-09-16,2019-09-16 09:37:49,1.39,0.9205,5,1.37,0.9072,152,1.39,0.9205,11,1.38,0.9139,862,0
IWM190920P157,2019-09-16,2019-09-16 09:37:50,1.39,0.9205,167,1.37,0.9072,59,1.39,0.9205,11,1.38,0.9139,862,0
IWM190920P157,2019-09-16,2019-09-16 09:37:51,1.38,0.9139,91,1.36,0.9006,58,1.39,0.9205,11,1.37,0.9072,862,0
IWM190920P157,2019-09-16,2019-09-16 09:37:51,1.38,0.9139,105,1.36,0.9006,50,1.39,0.9205,11,1.37,0.9072,862,0
IWM190920P157,2019-09-16,2019-09-16 09:37:52,1.37,0.9072,52,1.36,0.9006,11,1.39,0.9205,11,1.365,0.9039,862,0
IWM190920P157,2019-09-16,2019-09-16 09:37:52,1.37,0.9072,27,1.36,0.9006,11,1.39,0.9205,11,1.365,0.9039,862,0
IWM190920P157,2019-09-16,2019-09-16 09:37:53,1.37,0.9072,156,1.35,0.894,68,1.39,0.9205,11,1.36,0.9006,862,0
IWM190920P157,2019-09-16,2019-09-16 09:37:53,1.37,0.9072,18,1.35,0.894,47,1.39,0.9205,11,1.36,0.9006,862,0
IWM190920P157,2019-09-16,2019-09-16 09:37:54,1.37,0.9072,216,1.34,0.8874,140,1.39,0.9205,11,1.355,0.8973,862,0
IWM190920P157,2019-09-16,2019-09-16 09:37:54,1.36,0.9006,27,1.34,0.8874,56,1.39,0.9205,11,1.35,0.894,862,0
IWM190920P157,2019-09-16,2019-09-16 09:37:55,1.35,0.894,24,1.33,0.8807,63,1.39,0.9205,11,1.34,0.8874,862,0
IWM190920P157,2019-09-16,2019-09-16 09:37:55,1.35,0.894,13,1.33,0.8807,130,1.39,0.9205,11,1.34,0.8874,862,0
IWM190920P157,2019-09-16,2019-09-16 09:37:56,1.35,0.894,75,1.33,0.8807,109,1.39,0.9205,11,1.34,0.8874,862,0
IWM190920P157,2019-09-16,2019-09-16 09:37:56,1.34,0.8874,5,1.33,0.8807,12,1.39,0.9205,11,1.335,0.8841,862,0
IWM190920P157,2019-09-16,2019-09-16 09:37:57,1.34,0.8874,44,1.32,0.8741,180,1.34,0.8874,1,1.33,0.8807,863,1
IWM190920P157,2019-09-16,2019-09-16 09:37:57,1.34,0.8874,13,1.33,0.8807,14,1.34,0.8874,1,1.335,0.8841,863,0
IWM190920P157,2019-09-16,2019-09-16 09:37:58,1.34,0.8874,299,1.32,0.8741,35,1.34,0.8874,1,1.33,0.8807,863,0
IWM190920P157,2019-09-16,2019-09-16 09:37:58,1.34,0.8874,25,1.32,0.8741,39,1.34,0.8874,1,1.33,0.8807,863,0
IWM190920P157,2019-09-16,2019-09-16 09:37:59,1.34,0.8874,34,1.33,0.8807,14,1.34,0.8874,1,1.335,0.8841,863,0
IWM190920P157,2019-09-16,2019-09-16 09:37:59,1.34,0.8874,17,1.32,0.8741,173,1.34,0.8874,1,1.33,0.8807,863,0
IWM190920P157,2019-09-16,2019-09-16 09:38:00,1.34,0.8874,118,1.32,0.8741,84,1.34,0.8874,1,1.33,0.8807,863,0
IWM190920P157,2019-09-16,2019-09-16 09:38:00,1.35,0.894,135,1.33,0.8807,87,1.34,0.8874,1,1.34,0.8874,863,0
IWM190920P157,2019-09-16,2019-09-16 09:38:01,1.34,0.8874,133,1.32,0.8741,101,1.34,0.8874,1,1.33,0.8807,863,0
IWM190920P157,2019-09-16,2019-09-16 09:38:02,1.34,0.8874,5,1.32,0.8741,56,1.34,0.8874,1,1.33,0.8807,863,0
IWM190920P157,2019-09-16,2019-09-16 09:38:02,1.34,0.8874,48,1.32,0.8741,56,1.34,0.8874,1,1.33,0.8807,863,0
IWM190920P157,2019-09-16,2019-09-16 09:38:03,1.35,0.894,81,1.33,0.8807,29,1.34,0.8874,1,1.34,0.8874,863,0
IWM190920P157,2019-09-16,2019-09-16 09:38:04,1.34,0.8874,23,1.32,0.8741,87,1.34,0.8874,1,1.33,0.8807,863,0
IWM190920P157,2019-09-16,2019-09-16 09:38:04,1.34,0.8874,23,1.32,0.8741,71,1.34,0.8874,1,1.33,0.8807,863,0
IWM190920P157,2019-09-16,2019-09-16 09:38:05,1.35,0.894,78,1.33,0.8807,38,1.34,0.8874,1,1.34,0.8874,863,0
IWM190920P157,2019-09-16,2019-09-16 09:38:05,1.35,0.894,78,1.34,0.8874,11,1.34,0.8874,1,1.345,0.8907,863,0
IWM190920P157,2019-09-16,2019-09-16 09:38:06,1.35,0.894,44,1.33,0.8807,116,1.34,0.8874,1,1.34,0.8874,863,0
IWM190920P157,2019-09-16,2019-09-16 09:38:06,1.35,0.894,44,1.33,0.8807,38,1.34,0.8874,1,1.34,0.8874,863,0
IWM190920P157,2019-09-16,2019-09-16 09:38:07,1.35,0.894,78,1.33,0.8807,122,1.34,0.8874,1,1.34,0.8874,863,0
IWM190920P157,2019-09-16,2019-09-16 09:38:07,1.35,0.894,44,1.33,0.8807,79,1.34,0.8874,1,1.34,0.8874,863,0
IWM190920P157,2019-09-16,2019-09-16 09:38:08,1.34,0.8874,27,1.32,0.8741,40,1.34,0.8874,1,1.33,0.8807,863,0
IWM190920P157,2019-09-16,2019-09-16 09:38:08,1.35,0.894,78,1.33,0.8807,89,1.34,0.8874,1,1.34,0.8874,863,0
IWM190920P157,2019-09-16,2019-09-16 09:38:09,1.34,0.8874,31,1.32,0.8741,47,1.34,0.8874,1,1.33,0.8807,863,0
IWM190920P157,2019-09-16,2019-09-16 09:38:10,1.34,0.8874,23,1.32,0.8741,45,1.34,0.8874,1,1.33,0.8807,863,0
IWM190920P157,2019-09-16,2019-09-16 09:38:10,1.34,0.8874,125,1.32,0.8741,47,1.34,0.8874,1,1.33,0.8807,863,0
IWM190920P157,2019-09-16,2019-09-16 09:38:11,1.34,0.8874,76,1.32,0.8741,18,1.34,0.8874,1,1.33,0.8807,863,0
IWM190920P157,2019-09-16,2019-09-16 09:38:11,1.34,0.8874,146,1.32,0.8741,18,1.34,0.8874,1,1.33,0.8807,863,0
IWM190920P157,2019-09-16,2019-09-16 09:38:12,1.34,0.8874,23,1.32,0.8741,54,1.34,0.8874,1,1.33,0.8807,863,0
IWM190920P157,2019-09-16,2019-09-16 09:38:13,1.35,0.894,148,1.32,0.8741,127,1.34,0.8874,1,1.335,0.8841,863,0
IWM190920P157,2019-09-16,2019-09-16 09:38:13,1.35,0.894,166,1.32,0.8741,127,1.34,0.8874,1,1.335,0.8841,863,0
IWM190920P157,2019-09-16,2019-09-16 09:38:14,1.35,0.894,138,1.33,0.8807,1,1.34,0.8874,1,1.34,0.8874,863,0
IWM190920P157,2019-09-16,2019-09-16 09:38:14,1.35,0.894,138,1.33,0.8807,89,1.34,0.8874,1,1.34,0.8874,863,0
IWM190920P157,2019-09-16,2019-09-16 09:38:15,1.35,0.894,190,1.33,0.8807,89,1.34,0.8874,1,1.34,0.8874,863,0
IWM190920P157,2019-09-16,2019-09-16 09:38:15,1.35,0.894,190,1.33,0.8807,17,1.34,0.8874,1,1.34,0.8874,863,0
IWM190920P157,2019-09-16,2019-09-16 09:38:16,1.34,0.8874,97,1.32,0.8741,27,1.34,0.8874,1,1.33,0.8807,863,0
IWM190920P157,2019-09-16,2019-09-16 09:38:16,1.34,0.8874,137,1.32,0.8741,17,1.34,0.8874,1,1.33,0.8807,863,0
IWM190920P157,2019-09-16,2019-09-16 09:38:17,1.34,0.8874,155,1.32,0.8741,33,1.34,0.8874,1,1.33,0.8807,863,0
IWM190920P157,2019-09-16,2019-09-16 09:38:18,1.34,0.8874,155,1.32,0.8741,3,1.34,0.8874,1,1.33,0.8807,863,0
IWM190920P157,2019-09-16,2019-09-16 09:38:18,1.34,0.8874,194,1.32,0.8741,17,1.34,0.8874,1,1.33,0.8807,863,0
IWM190920P157,2019-09-16,2019-09-16 09:38:19,1.33,0.8807,22,1.31,0.8675,3,1.34,0.8874,1,1.32,0.8741,863,0
IWM190920P157,2019-09-16,2019-09-16 09:38:19,1.33,0.8807,22,1.32,0.8741,9,1.34,0.8874,1,1.325,0.8774,863,0
IWM190920P157,2019-09-16,2019-09-16 09:38:20,1.33,0.8807,22,1.31,0.8675,3,1.34,0.8874,1,1.32,0.8741,863,0
IWM190920P157,2019-09-16,2019-09-16 09:38:21,1.33,0.8807,29,1.31,0.8675,3,1.34,0.8874,1,1.32,0.8741,863,0
IWM190920P157,2019-09-16,2019-09-16 09:38:21,1.33,0.8807,35,1.31,0.8675,10,1.34,0.8874,1,1.32,0.8741,863,0
IWM190920P157,2019-09-16,2019-09-16 09:38:22,1.33,0.8807,63,1.31,0.8675,10,1.34,0.8874,1,1.32,0.8741,863,0
IWM190920P157,2019-09-16,2019-09-16 09:38:23,1.32,0.8741,26,1.31,0.8675,1,1.34,0.8874,1,1.315,0.8708,863,0
IWM190920P157,2019-09-16,2019-09-16 09:38:24,1.33,0.8807,135,1.31,0.8675,10,1.34,0.8874,1,1.32,0.8741,863,0
IWM190920P157,2019-09-16,2019-09-16 09:38:24,1.33,0.8807,49,1.31,0.8675,10,1.34,0.8874,1,1.32,0.8741,863,0
IWM190920P157,2019-09-16,2019-09-16 09:38:25,1.33,0.8807,107,1.31,0.8675,21,1.34,0.8874,1,1.32,0.8741,863,0
IWM190920P157,2019-09-16,2019-09-16 09:38:25,1.33,0.8807,107,1.31,0.8675,10,1.34,0.8874,1,1.32,0.8741,863,0
IWM190920P157,2019-09-16,2019-09-16 09:38:26,1.34,0.8874,40,1.32,0.8741,28,1.34,0.8874,1,1.33,0.8807,863,0
IWM190920P157,2019-09-16,2019-09-16 09:38:26,1.34,0.8874,40,1.32,0.8741,39,1.34,0.8874,1,1.33,0.8807,863,0
IWM190920P157,2019-09-16,2019-09-16 09:38:27,1.34,0.8874,30,1.34,0.8874,11,1.34,0.8874,1,1.34,0.8874,863,0
IWM190920P157,2019-09-16,2019-09-16 09:38:27,1.34,0.8874,124,1.32,0.8741,4,1.34,0.8874,1,1.33,0.8807,863,0
IWM190920P157,2019-09-16,2019-09-16 09:38:28,1.35,0.894,77,1.33,0.8807,45,1.34,0.8874,1,1.34,0.8874,863,0
IWM190920P157,2019-09-16,2019-09-16 09:38:28,1.35,0.894,136,1.33,0.8807,36,1.34,0.8874,1,1.34,0.8874,863,0
IWM190920P157,2019-09-16,2019-09-16 09:38:29,1.35,0.894,163,1.32,0.8741,142,1.34,0.8874,1,1.335,0.8841,863,0
IWM190920P157,2019-09-16,2019-09-16 09:38:30,1.35,0.894,163,1.32,0.8741,53,1.34,0.8874,1,1.335,0.8841,863,0
IWM190920P157,2019-09-16,2019-09-16 09:38:31,1.35,0.894,142,1.32,0.8741,105,1.34,0.8874,1,1.335,0.8841,863,0
IWM190920P157,2019-09-16,2019-09-16 09:38:31,1.34,0.8874,47,1.32,0.8741,53,1.34,0.8874,1,1.33,0.8807,863,0
IWM190920P157,2019-09-16,2019-09-16 09:38:32,1.35,0.894,44,1.32,0.8741,108,1.34,0.8874,1,1.335,0.8841,863,0
IWM190920P157,2019-09-16,2019-09-16 09:38:32,1.36,0.9006,16,1.34,0.8874,10,1.34,0.8874,1,1.35,0.894,863,0
IWM190920P157,2019-09-16,2019-09-16 09:38:33,1.37,0.9072,60,1.34,0.8874,177,1.34,0.8874,1,1.355,0.8973,863,0
IWM190920P157,2019-09-16,2019-09-16 09:38:33,1.37,0.9072,32,1.34,0.8874,62,1.34,0.8874,1,1.355,0.8973,863,0
IWM190920P157,2019-09-16,2019-09-16 09:38:34,1.37,0.9072,7,1.35,0.894,123,1.34,0.8874,1,1.36,0.9006,863,0
IWM190920P157,2019-09-16,2019-09-16 09:38:35,1.37,0.9072,7,1.36,0.9006,38,1.34,0.8874,1,1.365,0.9039,863,0
IWM190920P157,2019-09-16,2019-09-16 09:38:35,1.37,0.9072,16,1.34,0.8874,123,1.34,0.8874,1,1.355,0.8973,863,0
IWM190920P157,2019-09-16,2019-09-16 09:38:36,1.37,0.9072,21,1.35,0.894,47,1.34,0.8874,1,1.36,0.9006,863,0
IWM190920P157,2019-09-16,2019-09-16 09:38:36,1.37,0.9072,21,1.35,0.894,64,1.34,0.8874,1,1.36,0.9006,863,0
IWM190920P157,2019-09-16,2019-09-16 09:38:37,1.37,0.9072,25,1.35,0.894,17,1.34,0.8874,1,1.36,0.9006,863,0
IWM190920P157,2019-09-16,2019-09-16 09:38:37,1.37,0.9072,26,1.35,0.894,24,1.34,0.8874,1,1.36,0.9006,863,0
IWM190920P157,2019-09-16,2019-09-16 09:38:38,1.37,0.9072,5,1.36,0.9006,72,1.34,0.8874,1,1.365,0.9039,863,0
