symbol,Date,quote_time,ask_price,norm_ask_price,ask_size,bid_price,norm_bid_price,bid_size,last_trade_price,norm_last_trade_price,last_trade_size,mark_price,norm_mark_price,volume,Volume
SPY190717P299,2019-07-15,2019-07-15 09:30:00,0.48,1.0,42,0.47,0.9791,651,0.54,1.125,4,0.475,0.9895,8177,8177
SPY190717P299,2019-07-15,2019-07-15 09:30:19,0.35,0.7291,5,0.34,0.7083,768,0.33,0.6875,2,0.345,0.7187,25,-8152
SPY190717P299,2019-07-15,2019-07-15 09:30:23,0.35,0.7291,5,0.34,0.7083,2274,0.33,0.6875,2,0.345,0.7187,25,0
SPY190717P299,2019-07-15,2019-07-15 09:30:24,0.36,0.75,5,0.35,0.7291,859,0.33,0.6875,2,0.355,0.7395,25,0
SPY190717P299,2019-07-15,2019-07-15 09:30:25,0.36,0.75,5,0.35,0.7291,288,0.33,0.6875,2,0.355,0.7395,25,0
SPY190717P299,2019-07-15,2019-07-15 09:30:25,0.36,0.75,5,0.35,0.7291,481,0.33,0.6875,2,0.355,0.7395,25,0
SPY190717P299,2019-07-15,2019-07-15 09:30:26,0.36,0.75,401,0.35,0.7291,120,0.35,0.7291,1,0.355,0.7395,31,6
SPY190717P299,2019-07-15,2019-07-15 09:30:27,0.36,0.75,370,0.35,0.7291,120,0.35,0.7291,1,0.355,0.7395,31,0
SPY190717P299,2019-07-15,2019-07-15 09:30:27,0.36,0.75,120,0.35,0.7291,120,0.35,0.7291,1,0.355,0.7395,31,0
SPY190717P299,2019-07-15,2019-07-15 09:30:28,0.36,0.75,370,0.35,0.7291,558,0.35,0.7291,1,0.355,0.7395,31,0
SPY190717P299,2019-07-15,2019-07-15 09:30:29,0.36,0.75,100,0.35,0.7291,1054,0.35,0.7291,1,0.355,0.7395,31,0
SPY190717P299,2019-07-15,2019-07-15 09:30:29,0.36,0.75,5,0.35,0.7291,842,0.35,0.7291,1,0.355,0.7395,31,0
SPY190717P299,2019-07-15,2019-07-15 09:30:30,0.36,0.75,100,0.35,0.7291,1006,0.35,0.7291,1,0.355,0.7395,31,0
SPY190717P299,2019-07-15,2019-07-15 09:30:30,0.36,0.75,99,0.35,0.7291,1341,0.36,0.75,1,0.355,0.7395,32,1
SPY190717P299,2019-07-15,2019-07-15 09:30:31,0.36,0.75,99,0.35,0.7291,1341,0.36,0.75,1,0.355,0.7395,32,0
SPY190717P299,2019-07-15,2019-07-15 09:30:31,0.36,0.75,99,0.35,0.7291,1420,0.36,0.75,1,0.355,0.7395,32,0
SPY190717P299,2019-07-15,2019-07-15 09:30:32,0.36,0.75,180,0.35,0.7291,1420,0.36,0.75,1,0.355,0.7395,32,0
SPY190717P299,2019-07-15,2019-07-15 09:30:32,0.36,0.75,99,0.35,0.7291,1420,0.36,0.75,1,0.355,0.7395,32,0
SPY190717P299,2019-07-15,2019-07-15 09:30:33,0.36,0.75,3,0.35,0.7291,422,0.36,0.75,1,0.355,0.7395,32,0
SPY190717P299,2019-07-15,2019-07-15 09:30:34,0.36,0.75,100,0.35,0.7291,632,0.36,0.75,1,0.355,0.7395,32,0
SPY190717P299,2019-07-15,2019-07-15 09:30:34,0.36,0.75,110,0.35,0.7291,457,0.36,0.75,1,0.355,0.7395,32,0
SPY190717P299,2019-07-15,2019-07-15 09:30:35,0.36,0.75,280,0.35,0.7291,613,0.36,0.75,1,0.355,0.7395,32,0
SPY190717P299,2019-07-15,2019-07-15 09:30:35,0.36,0.75,280,0.35,0.7291,484,0.36,0.75,1,0.355,0.7395,32,0
SPY190717P299,2019-07-15,2019-07-15 09:30:36,0.36,0.75,280,0.35,0.7291,601,0.36,0.75,1,0.355,0.7395,32,0
SPY190717P299,2019-07-15,2019-07-15 09:30:36,0.36,0.75,280,0.35,0.7291,610,0.36,0.75,1,0.355,0.7395,32,0
SPY190717P299,2019-07-15,2019-07-15 09:30:37,0.36,0.75,280,0.35,0.7291,805,0.36,0.75,1,0.355,0.7395,32,0
SPY190717P299,2019-07-15,2019-07-15 09:30:38,0.36,0.75,280,0.35,0.7291,804,0.36,0.75,10,0.355,0.7395,42,10
SPY190717P299,2019-07-15,2019-07-15 09:30:38,0.36,0.75,280,0.35,0.7291,805,0.36,0.75,1,0.355,0.7395,32,0
SPY190717P299,2019-07-15,2019-07-15 09:30:39,0.36,0.75,280,0.35,0.7291,804,0.36,0.75,10,0.355,0.7395,42,0
SPY190717P299,2019-07-15,2019-07-15 09:30:39,0.36,0.75,280,0.35,0.7291,587,0.36,0.75,10,0.355,0.7395,42,0
SPY190717P299,2019-07-15,2019-07-15 09:30:40,0.36,0.75,280,0.35,0.7291,445,0.36,0.75,10,0.355,0.7395,42,0
SPY190717P299,2019-07-15,2019-07-15 09:30:41,0.36,0.75,280,0.35,0.7291,685,0.36,0.75,10,0.355,0.7395,42,0
SPY190717P299,2019-07-15,2019-07-15 09:30:41,0.36,0.75,400,0.35,0.7291,846,0.36,0.75,10,0.355,0.7395,42,0
SPY190717P299,2019-07-15,2019-07-15 09:30:42,0.36,0.75,400,0.35,0.7291,789,0.36,0.75,10,0.355,0.7395,42,0
SPY190717P299,2019-07-15,2019-07-15 09:30:42,0.36,0.75,400,0.35,0.7291,635,0.36,0.75,10,0.355,0.7395,42,0
SPY190717P299,2019-07-15,2019-07-15 09:30:43,0.36,0.75,5,0.35,0.7291,1676,0.36,0.75,10,0.355,0.7395,42,0
SPY190717P299,2019-07-15,2019-07-15 09:30:43,0.36,0.75,5,0.35,0.7291,1766,0.36,0.75,10,0.355,0.7395,42,0
SPY190717P299,2019-07-15,2019-07-15 09:30:44,0.36,0.75,5,0.35,0.7291,1676,0.36,0.75,10,0.355,0.7395,42,0
SPY190717P299,2019-07-15,2019-07-15 09:30:45,0.36,0.75,5,0.35,0.7291,1676,0.36,0.75,10,0.355,0.7395,42,0
SPY190717P299,2019-07-15,2019-07-15 09:30:46,0.36,0.75,5,0.35,0.7291,1645,0.36,0.75,10,0.355,0.7395,42,0
SPY190717P299,2019-07-15,2019-07-15 09:30:46,0.36,0.75,5,0.35,0.7291,1676,0.36,0.75,10,0.355,0.7395,42,0
SPY190717P299,2019-07-15,2019-07-15 09:30:47,0.36,0.75,5,0.35,0.7291,1676,0.36,0.75,10,0.355,0.7395,42,0
SPY190717P299,2019-07-15,2019-07-15 09:30:48,0.36,0.75,5,0.35,0.7291,1676,0.36,0.75,10,0.355,0.7395,42,0
SPY190717P299,2019-07-15,2019-07-15 09:30:49,0.36,0.75,100,0.35,0.7291,1529,0.36,0.75,10,0.355,0.7395,42,0
SPY190717P299,2019-07-15,2019-07-15 09:30:49,0.36,0.75,100,0.35,0.7291,1645,0.36,0.75,10,0.355,0.7395,42,0
SPY190717P299,2019-07-15,2019-07-15 09:30:50,0.36,0.75,100,0.35,0.7291,1549,0.36,0.75,10,0.355,0.7395,42,0
SPY190717P299,2019-07-15,2019-07-15 09:30:50,0.36,0.75,70,0.35,0.7291,1513,0.36,0.75,10,0.355,0.7395,42,0
SPY190717P299,2019-07-15,2019-07-15 09:30:51,0.36,0.75,70,0.35,0.7291,1482,0.36,0.75,10,0.355,0.7395,42,0
SPY190717P299,2019-07-15,2019-07-15 09:30:51,0.36,0.75,70,0.35,0.7291,1174,0.36,0.75,10,0.355,0.7395,42,0
SPY190717P299,2019-07-15,2019-07-15 09:30:52,0.36,0.75,100,0.35,0.7291,1174,0.36,0.75,10,0.355,0.7395,42,0
SPY190717P299,2019-07-15,2019-07-15 09:30:53,0.36,0.75,100,0.35,0.7291,1174,0.36,0.75,10,0.355,0.7395,42,0
SPY190717P299,2019-07-15,2019-07-15 09:30:54,0.36,0.75,100,0.35,0.7291,1174,0.36,0.75,10,0.355,0.7395,42,0
SPY190717P299,2019-07-15,2019-07-15 09:30:55,0.36,0.75,100,0.35,0.7291,1392,0.36,0.75,10,0.355,0.7395,42,0
SPY190717P299,2019-07-15,2019-07-15 09:30:56,0.36,0.75,100,0.35,0.7291,1272,0.36,0.75,10,0.355,0.7395,42,0
SPY190717P299,2019-07-15,2019-07-15 09:30:57,0.36,0.75,265,0.35,0.7291,1444,0.36,0.75,10,0.355,0.7395,42,0
SPY190717P299,2019-07-15,2019-07-15 09:30:57,0.36,0.75,265,0.35,0.7291,1276,0.36,0.75,10,0.355,0.7395,42,0
SPY190717P299,2019-07-15,2019-07-15 09:30:58,0.36,0.75,267,0.35,0.7291,1444,0.36,0.75,10,0.355,0.7395,42,0
SPY190717P299,2019-07-15,2019-07-15 09:30:58,0.36,0.75,267,0.35,0.7291,1276,0.36,0.75,10,0.355,0.7395,42,0
SPY190717P299,2019-07-15,2019-07-15 09:30:59,0.36,0.75,267,0.35,0.7291,1444,0.36,0.75,10,0.355,0.7395,42,0
SPY190717P299,2019-07-15,2019-07-15 09:31:00,0.36,0.75,267,0.35,0.7291,1018,0.36,0.75,10,0.355,0.7395,42,0
SPY190717P299,2019-07-15,2019-07-15 09:31:00,0.36,0.75,447,0.35,0.7291,110,0.36,0.75,10,0.355,0.7395,42,0
SPY190717P299,2019-07-15,2019-07-15 09:31:01,0.36,0.75,267,0.35,0.7291,1018,0.36,0.75,10,0.355,0.7395,42,0
SPY190717P299,2019-07-15,2019-07-15 09:31:01,0.36,0.75,267,0.35,0.7291,1060,0.36,0.75,10,0.355,0.7395,42,0
SPY190717P299,2019-07-15,2019-07-15 09:31:02,0.36,0.75,267,0.35,0.7291,1205,0.36,0.75,10,0.355,0.7395,42,0
SPY190717P299,2019-07-15,2019-07-15 09:31:03,0.36,0.75,435,0.35,0.7291,1373,0.36,0.75,10,0.355,0.7395,42,0
SPY190717P299,2019-07-15,2019-07-15 09:31:04,0.36,0.75,267,0.35,0.7291,1458,0.36,0.75,10,0.355,0.7395,42,0
SPY190717P299,2019-07-15,2019-07-15 09:31:05,0.36,0.75,446,0.35,0.7291,1503,0.36,0.75,10,0.355,0.7395,42,0
SPY190717P299,2019-07-15,2019-07-15 09:31:05,0.36,0.75,389,0.35,0.7291,1503,0.36,0.75,10,0.355,0.7395,42,0
SPY190717P299,2019-07-15,2019-07-15 09:31:06,0.36,0.75,446,0.35,0.7291,1335,0.36,0.75,10,0.355,0.7395,42,0
SPY190717P299,2019-07-15,2019-07-15 09:31:07,0.36,0.75,386,0.35,0.7291,1151,0.36,0.75,10,0.355,0.7395,42,0
SPY190717P299,2019-07-15,2019-07-15 09:31:07,0.36,0.75,100,0.35,0.7291,1857,0.36,0.75,10,0.355,0.7395,42,0
SPY190717P299,2019-07-15,2019-07-15 09:31:08,0.36,0.75,100,0.35,0.7291,1857,0.36,0.75,10,0.355,0.7395,42,0
SPY190717P299,2019-07-15,2019-07-15 09:31:08,0.36,0.75,267,0.35,0.7291,1464,0.36,0.75,10,0.355,0.7395,42,0
SPY190717P299,2019-07-15,2019-07-15 09:31:09,0.36,0.75,267,0.35,0.7291,1759,0.36,0.75,10,0.355,0.7395,42,0
SPY190717P299,2019-07-15,2019-07-15 09:31:10,0.36,0.75,267,0.35,0.7291,1447,0.36,0.75,10,0.355,0.7395,42,0
SPY190717P299,2019-07-15,2019-07-15 09:31:10,0.36,0.75,267,0.35,0.7291,1392,0.36,0.75,10,0.355,0.7395,42,0
SPY190717P299,2019-07-15,2019-07-15 09:31:11,0.36,0.75,267,0.35,0.7291,1548,0.36,0.75,10,0.355,0.7395,42,0
SPY190717P299,2019-07-15,2019-07-15 09:31:11,0.36,0.75,267,0.35,0.7291,1447,0.36,0.75,10,0.355,0.7395,42,0
SPY190717P299,2019-07-15,2019-07-15 09:31:12,0.36,0.75,267,0.35,0.7291,1231,0.36,0.75,10,0.355,0.7395,42,0
SPY190717P299,2019-07-15,2019-07-15 09:31:12,0.36,0.75,267,0.35,0.7291,1433,0.36,0.75,10,0.355,0.7395,42,0
SPY190717P299,2019-07-15,2019-07-15 09:31:13,0.36,0.75,267,0.35,0.7291,1304,0.36,0.75,10,0.355,0.7395,42,0
SPY190717P299,2019-07-15,2019-07-15 09:31:14,0.36,0.75,267,0.35,0.7291,1673,0.36,0.75,10,0.355,0.7395,42,0
SPY190717P299,2019-07-15,2019-07-15 09:31:14,0.36,0.75,267,0.35,0.7291,1598,0.36,0.75,10,0.355,0.7395,42,0
SPY190717P299,2019-07-15,2019-07-15 09:31:15,0.36,0.75,277,0.35,0.7291,1229,0.36,0.75,10,0.355,0.7395,42,0
SPY190717P299,2019-07-15,2019-07-15 09:31:16,0.36,0.75,277,0.35,0.7291,1179,0.36,0.75,10,0.355,0.7395,42,0
SPY190717P299,2019-07-15,2019-07-15 09:31:16,0.36,0.75,277,0.35,0.7291,1587,0.36,0.75,10,0.355,0.7395,42,0
SPY190717P299,2019-07-15,2019-07-15 09:31:17,0.36,0.75,277,0.35,0.7291,1229,0.36,0.75,10,0.355,0.7395,42,0
SPY190717P299,2019-07-15,2019-07-15 09:31:18,0.36,0.75,277,0.35,0.7291,1427,0.36,0.75,10,0.355,0.7395,42,0
SPY190717P299,2019-07-15,2019-07-15 09:31:18,0.36,0.75,267,0.35,0.7291,1427,0.36,0.75,10,0.355,0.7395,42,0
SPY190717P299,2019-07-15,2019-07-15 09:31:19,0.36,0.75,267,0.35,0.7291,1587,0.36,0.75,10,0.355,0.7395,42,0
SPY190717P299,2019-07-15,2019-07-15 09:31:20,0.36,0.75,267,0.35,0.7291,1587,0.36,0.75,10,0.355,0.7395,42,0
SPY190717P299,2019-07-15,2019-07-15 09:31:20,0.36,0.75,267,0.35,0.7291,1595,0.36,0.75,10,0.355,0.7395,42,0
SPY190717P299,2019-07-15,2019-07-15 09:31:21,0.36,0.75,100,0.35,0.7291,1257,0.36,0.75,10,0.355,0.7395,42,0
SPY190717P299,2019-07-15,2019-07-15 09:31:21,0.36,0.75,100,0.35,0.7291,1229,0.36,0.75,10,0.355,0.7395,42,0
SPY190717P299,2019-07-15,2019-07-15 09:31:22,0.36,0.75,100,0.35,0.7291,1850,0.36,0.75,10,0.355,0.7395,42,0
SPY190717P299,2019-07-15,2019-07-15 09:31:23,0.36,0.75,100,0.35,0.7291,1850,0.36,0.75,10,0.355,0.7395,42,0
SPY190717P299,2019-07-15,2019-07-15 09:31:23,0.36,0.75,7,0.35,0.7291,1850,0.36,0.75,10,0.355,0.7395,42,0
SPY190717P299,2019-07-15,2019-07-15 09:31:24,0.36,0.75,7,0.35,0.7291,1708,0.36,0.75,10,0.355,0.7395,42,0
SPY190717P299,2019-07-15,2019-07-15 09:31:24,0.36,0.75,257,0.35,0.7291,1668,0.36,0.75,10,0.355,0.7395,42,0
SPY190717P299,2019-07-15,2019-07-15 09:31:25,0.36,0.75,50,0.35,0.7291,1393,0.36,0.75,10,0.355,0.7395,42,0
SPY190717P299,2019-07-15,2019-07-15 09:31:25,0.36,0.75,257,0.35,0.7291,1572,0.36,0.75,10,0.355,0.7395,42,0
SPY190717P299,2019-07-15,2019-07-15 09:31:26,0.36,0.75,277,0.35,0.7291,1365,0.36,0.75,10,0.355,0.7395,42,0
SPY190717P299,2019-07-15,2019-07-15 09:31:27,0.36,0.75,285,0.35,0.7291,1365,0.36,0.75,2,0.355,0.7395,44,2
SPY190717P299,2019-07-15,2019-07-15 09:31:28,0.36,0.75,735,0.35,0.7291,1098,0.36,0.75,2,0.355,0.7395,44,0
SPY190717P299,2019-07-15,2019-07-15 09:31:28,0.36,0.75,735,0.35,0.7291,1370,0.36,0.75,2,0.355,0.7395,44,0
SPY190717P299,2019-07-15,2019-07-15 09:31:29,0.36,0.75,735,0.35,0.7291,1316,0.36,0.75,2,0.355,0.7395,44,0
SPY190717P299,2019-07-15,2019-07-15 09:31:30,0.36,0.75,385,0.35,0.7291,1316,0.36,0.75,2,0.355,0.7395,44,0
SPY190717P299,2019-07-15,2019-07-15 09:31:31,0.36,0.75,396,0.35,0.7291,355,0.36,0.75,2,0.355,0.7395,44,0
SPY190717P299,2019-07-15,2019-07-15 09:31:31,0.36,0.75,396,0.35,0.7291,385,0.36,0.75,2,0.355,0.7395,44,0
SPY190717P299,2019-07-15,2019-07-15 09:31:32,0.36,0.75,396,0.35,0.7291,355,0.36,0.75,2,0.355,0.7395,44,0
SPY190717P299,2019-07-15,2019-07-15 09:31:32,0.36,0.75,459,0.35,0.7291,355,0.36,0.75,2,0.355,0.7395,44,0
SPY190717P299,2019-07-15,2019-07-15 09:31:33,0.36,0.75,459,0.35,0.7291,355,0.36,0.75,2,0.355,0.7395,44,0
SPY190717P299,2019-07-15,2019-07-15 09:31:34,0.36,0.75,409,0.35,0.7291,355,0.36,0.75,2,0.355,0.7395,44,0
SPY190717P299,2019-07-15,2019-07-15 09:31:34,0.36,0.75,409,0.35,0.7291,445,0.36,0.75,2,0.355,0.7395,44,0
SPY190717P299,2019-07-15,2019-07-15 09:31:35,0.36,0.75,627,0.35,0.7291,355,0.34,0.7083,1,0.355,0.7395,45,1
SPY190717P299,2019-07-15,2019-07-15 09:31:36,0.36,0.75,627,0.35,0.7291,445,0.34,0.7083,1,0.355,0.7395,45,0
SPY190717P299,2019-07-15,2019-07-15 09:31:37,0.36,0.75,627,0.35,0.7291,445,0.34,0.7083,1,0.355,0.7395,45,0
SPY190717P299,2019-07-15,2019-07-15 09:31:37,0.36,0.75,627,0.35,0.7291,385,0.34,0.7083,1,0.355,0.7395,45,0
SPY190717P299,2019-07-15,2019-07-15 09:31:43,0.35,0.7291,5,0.34,0.7083,1670,0.34,0.7083,1,0.345,0.7187,45,0
SPY190717P299,2019-07-15,2019-07-15 09:31:44,0.35,0.7291,5,0.34,0.7083,1670,0.34,0.7083,1,0.345,0.7187,45,0
SPY190717P299,2019-07-15,2019-07-15 09:31:45,0.35,0.7291,101,0.34,0.7083,1661,0.34,0.7083,1,0.345,0.7187,45,0
SPY190717P299,2019-07-15,2019-07-15 09:31:45,0.35,0.7291,5,0.34,0.7083,1661,0.34,0.7083,1,0.345,0.7187,45,0
SPY190717P299,2019-07-15,2019-07-15 09:31:46,0.35,0.7291,101,0.34,0.7083,1661,0.34,0.7083,1,0.345,0.7187,45,0
SPY190717P299,2019-07-15,2019-07-15 09:31:46,0.35,0.7291,383,0.34,0.7083,862,0.34,0.7083,1,0.345,0.7187,45,0
SPY190717P299,2019-07-15,2019-07-15 09:31:47,0.35,0.7291,223,0.34,0.7083,862,0.34,0.7083,1,0.345,0.7187,45,0
SPY190717P299,2019-07-15,2019-07-15 09:31:47,0.35,0.7291,383,0.34,0.7083,913,0.34,0.7083,1,0.345,0.7187,45,0
SPY190717P299,2019-07-15,2019-07-15 09:31:48,0.35,0.7291,223,0.34,0.7083,1285,0.34,0.7083,1,0.345,0.7187,45,0
SPY190717P299,2019-07-15,2019-07-15 09:31:49,0.35,0.7291,223,0.34,0.7083,1256,0.34,0.7083,1,0.345,0.7187,45,0
SPY190717P299,2019-07-15,2019-07-15 09:31:50,0.35,0.7291,393,0.34,0.7083,831,0.34,0.7083,1,0.345,0.7187,45,0
SPY190717P299,2019-07-15,2019-07-15 09:31:51,0.35,0.7291,393,0.34,0.7083,831,0.34,0.7083,1,0.345,0.7187,45,0
SPY190717P299,2019-07-15,2019-07-15 09:31:51,0.35,0.7291,1008,0.34,0.7083,876,0.34,0.7083,1,0.345,0.7187,45,0
SPY190717P299,2019-07-15,2019-07-15 09:31:52,0.35,0.7291,1008,0.34,0.7083,876,0.34,0.7083,1,0.345,0.7187,45,0
SPY190717P299,2019-07-15,2019-07-15 09:31:53,0.35,0.7291,1008,0.34,0.7083,875,0.34,0.7083,1,0.345,0.7187,45,0
SPY190717P299,2019-07-15,2019-07-15 09:31:54,0.35,0.7291,1008,0.34,0.7083,875,0.34,0.7083,1,0.345,0.7187,45,0
SPY190717P299,2019-07-15,2019-07-15 09:31:54,0.35,0.7291,1291,0.34,0.7083,875,0.34,0.7083,1,0.345,0.7187,45,0
SPY190717P299,2019-07-15,2019-07-15 09:31:55,0.35,0.7291,1291,0.34,0.7083,482,0.34,0.7083,1,0.345,0.7187,45,0
SPY190717P299,2019-07-15,2019-07-15 09:31:56,0.35,0.7291,1509,0.34,0.7083,482,0.34,0.7083,1,0.345,0.7187,45,0
SPY190717P299,2019-07-15,2019-07-15 09:31:56,0.35,0.7291,1661,0.34,0.7083,482,0.34,0.7083,1,0.345,0.7187,45,0
SPY190717P299,2019-07-15,2019-07-15 09:31:57,0.34,0.7083,355,0.33,0.6875,1246,0.34,0.7083,1,0.335,0.6979,45,0
SPY190717P299,2019-07-15,2019-07-15 09:31:57,0.35,0.7291,1661,0.33,0.6875,1193,0.34,0.7083,1,0.34,0.7083,45,0
SPY190717P299,2019-07-15,2019-07-15 09:31:58,0.34,0.7083,355,0.33,0.6875,1283,0.34,0.7083,1,0.335,0.6979,45,0
SPY190717P299,2019-07-15,2019-07-15 09:31:58,0.34,0.7083,355,0.33,0.6875,974,0.34,0.7083,1,0.335,0.6979,45,0
SPY190717P299,2019-07-15,2019-07-15 09:31:59,0.34,0.7083,355,0.33,0.6875,1311,0.34,0.7083,1,0.335,0.6979,45,0
SPY190717P299,2019-07-15,2019-07-15 09:32:00,0.34,0.7083,355,0.33,0.6875,1311,0.34,0.7083,1,0.335,0.6979,45,0
SPY190717P299,2019-07-15,2019-07-15 09:32:01,0.34,0.7083,355,0.33,0.6875,1310,0.34,0.7083,1,0.335,0.6979,45,0
SPY190717P299,2019-07-15,2019-07-15 09:32:01,0.34,0.7083,355,0.33,0.6875,971,0.34,0.7083,1,0.335,0.6979,45,0
SPY190717P299,2019-07-15,2019-07-15 09:32:02,0.35,0.7291,1293,0.34,0.7083,677,0.34,0.7083,1,0.345,0.7187,45,0
SPY190717P299,2019-07-15,2019-07-15 09:32:02,0.35,0.7291,1293,0.34,0.7083,482,0.34,0.7083,1,0.345,0.7187,45,0
SPY190717P299,2019-07-15,2019-07-15 09:32:03,0.35,0.7291,1293,0.34,0.7083,677,0.34,0.7083,1,0.345,0.7187,45,0
SPY190717P299,2019-07-15,2019-07-15 09:32:04,0.35,0.7291,1670,0.34,0.7083,483,0.34,0.7083,29,0.345,0.7187,74,0
SPY190717P299,2019-07-15,2019-07-15 09:32:04,0.35,0.7291,1670,0.34,0.7083,483,0.34,0.7083,29,0.345,0.7187,74,29
SPY190717P299,2019-07-15,2019-07-15 09:32:05,0.35,0.7291,1405,0.34,0.7083,50,0.34,0.7083,29,0.345,0.7187,74,0
SPY190717P299,2019-07-15,2019-07-15 09:32:05,0.35,0.7291,1405,0.34,0.7083,484,0.34,0.7083,29,0.345,0.7187,74,0
SPY190717P299,2019-07-15,2019-07-15 09:32:06,0.35,0.7291,1356,0.34,0.7083,481,0.34,0.7083,29,0.345,0.7187,74,0
SPY190717P299,2019-07-15,2019-07-15 09:32:07,0.35,0.7291,1318,0.34,0.7083,481,0.34,0.7083,29,0.345,0.7187,74,0
SPY190717P299,2019-07-15,2019-07-15 09:32:07,0.35,0.7291,1308,0.34,0.7083,481,0.34,0.7083,29,0.345,0.7187,74,0
SPY190717P299,2019-07-15,2019-07-15 09:32:08,0.35,0.7291,1298,0.34,0.7083,589,0.34,0.7083,29,0.345,0.7187,74,0
SPY190717P299,2019-07-15,2019-07-15 09:32:08,0.35,0.7291,1318,0.34,0.7083,589,0.34,0.7083,29,0.345,0.7187,74,0
SPY190717P299,2019-07-15,2019-07-15 09:32:09,0.35,0.7291,1298,0.34,0.7083,589,0.34,0.7083,29,0.345,0.7187,74,0
SPY190717P299,2019-07-15,2019-07-15 09:32:09,0.35,0.7291,1298,0.34,0.7083,577,0.34,0.7083,29,0.345,0.7187,74,0
SPY190717P299,2019-07-15,2019-07-15 09:32:10,0.35,0.7291,388,0.34,0.7083,736,0.34,0.7083,1,0.345,0.7187,75,1
SPY190717P299,2019-07-15,2019-07-15 09:32:10,0.35,0.7291,388,0.34,0.7083,978,0.34,0.7083,1,0.345,0.7187,75,0
SPY190717P299,2019-07-15,2019-07-15 09:32:11,0.35,0.7291,172,0.34,0.7083,736,0.34,0.7083,1,0.345,0.7187,75,0
SPY190717P299,2019-07-15,2019-07-15 09:32:12,0.35,0.7291,432,0.34,0.7083,737,0.34,0.7083,1,0.345,0.7187,75,0
SPY190717P299,2019-07-15,2019-07-15 09:32:12,0.35,0.7291,388,0.34,0.7083,737,0.34,0.7083,1,0.345,0.7187,75,0
SPY190717P299,2019-07-15,2019-07-15 09:32:13,0.35,0.7291,957,0.34,0.7083,737,0.35,0.7291,25,0.345,0.7187,100,25
SPY190717P299,2019-07-15,2019-07-15 09:32:14,0.35,0.7291,957,0.34,0.7083,737,0.35,0.7291,25,0.345,0.7187,100,0
SPY190717P299,2019-07-15,2019-07-15 09:32:14,0.35,0.7291,1145,0.34,0.7083,737,0.35,0.7291,25,0.345,0.7187,100,0
SPY190717P299,2019-07-15,2019-07-15 09:32:15,0.35,0.7291,1275,0.34,0.7083,823,0.35,0.7291,25,0.345,0.7187,100,0
SPY190717P299,2019-07-15,2019-07-15 09:32:15,0.35,0.7291,957,0.34,0.7083,845,0.35,0.7291,25,0.345,0.7187,100,0
SPY190717P299,2019-07-15,2019-07-15 09:32:16,0.35,0.7291,393,0.34,0.7083,906,0.35,0.7291,25,0.345,0.7187,100,0
SPY190717P299,2019-07-15,2019-07-15 09:32:16,0.35,0.7291,390,0.34,0.7083,845,0.35,0.7291,25,0.345,0.7187,100,0
SPY190717P299,2019-07-15,2019-07-15 09:32:17,0.35,0.7291,363,0.34,0.7083,1128,0.35,0.7291,25,0.345,0.7187,100,0
SPY190717P299,2019-07-15,2019-07-15 09:32:18,0.35,0.7291,391,0.34,0.7083,1063,0.35,0.7291,25,0.345,0.7187,100,0
SPY190717P299,2019-07-15,2019-07-15 09:32:18,0.35,0.7291,647,0.34,0.7083,595,0.35,0.7291,25,0.345,0.7187,100,0
SPY190717P299,2019-07-15,2019-07-15 09:32:19,0.35,0.7291,647,0.34,0.7083,552,0.35,0.7291,25,0.345,0.7187,100,0
SPY190717P299,2019-07-15,2019-07-15 09:32:19,0.35,0.7291,647,0.34,0.7083,746,0.35,0.7291,25,0.345,0.7187,100,0
SPY190717P299,2019-07-15,2019-07-15 09:32:20,0.35,0.7291,959,0.34,0.7083,580,0.35,0.7291,25,0.345,0.7187,100,0
SPY190717P299,2019-07-15,2019-07-15 09:32:21,0.35,0.7291,546,0.34,0.7083,1014,0.35,0.7291,25,0.345,0.7187,100,0
SPY190717P299,2019-07-15,2019-07-15 09:32:21,0.35,0.7291,391,0.34,0.7083,1014,0.35,0.7291,25,0.345,0.7187,100,0
SPY190717P299,2019-07-15,2019-07-15 09:32:22,0.35,0.7291,698,0.34,0.7083,1012,0.35,0.7291,25,0.345,0.7187,100,0
SPY190717P299,2019-07-15,2019-07-15 09:32:22,0.35,0.7291,598,0.34,0.7083,1012,0.35,0.7291,25,0.345,0.7187,100,0
SPY190717P299,2019-07-15,2019-07-15 09:32:23,0.35,0.7291,304,0.34,0.7083,590,0.35,0.7291,25,0.345,0.7187,100,0
SPY190717P299,2019-07-15,2019-07-15 09:32:24,0.35,0.7291,315,0.34,0.7083,721,0.35,0.7291,25,0.345,0.7187,100,0
SPY190717P299,2019-07-15,2019-07-15 09:32:24,0.35,0.7291,315,0.34,0.7083,762,0.35,0.7291,25,0.345,0.7187,100,0
SPY190717P299,2019-07-15,2019-07-15 09:32:25,0.35,0.7291,1234,0.34,0.7083,477,0.35,0.7291,25,0.345,0.7187,100,0
SPY190717P299,2019-07-15,2019-07-15 09:32:25,0.35,0.7291,1050,0.34,0.7083,477,0.35,0.7291,25,0.345,0.7187,100,0
SPY190717P299,2019-07-15,2019-07-15 09:32:26,0.35,0.7291,1206,0.34,0.7083,477,0.35,0.7291,25,0.345,0.7187,100,0
SPY190717P299,2019-07-15,2019-07-15 09:32:26,0.35,0.7291,585,0.34,0.7083,763,0.35,0.7291,25,0.345,0.7187,100,0
SPY190717P299,2019-07-15,2019-07-15 09:32:27,0.35,0.7291,399,0.34,0.7083,898,0.35,0.7291,25,0.345,0.7187,100,0
SPY190717P299,2019-07-15,2019-07-15 09:32:28,0.35,0.7291,699,0.34,0.7083,735,0.35,0.7291,25,0.345,0.7187,100,0
SPY190717P299,2019-07-15,2019-07-15 09:32:29,0.35,0.7291,642,0.34,0.7083,952,0.35,0.7291,25,0.345,0.7187,100,0
SPY190717P299,2019-07-15,2019-07-15 09:32:29,0.35,0.7291,124,0.34,0.7083,991,0.35,0.7291,25,0.345,0.7187,100,0
SPY190717P299,2019-07-15,2019-07-15 09:32:30,0.35,0.7291,564,0.34,0.7083,719,0.35,0.7291,25,0.345,0.7187,100,0
SPY190717P299,2019-07-15,2019-07-15 09:32:31,0.35,0.7291,564,0.34,0.7083,719,0.35,0.7291,25,0.345,0.7187,100,0
SPY190717P299,2019-07-15,2019-07-15 09:32:32,0.35,0.7291,624,0.34,0.7083,719,0.35,0.7291,25,0.345,0.7187,100,0
SPY190717P299,2019-07-15,2019-07-15 09:32:33,0.35,0.7291,624,0.34,0.7083,719,0.35,0.7291,25,0.345,0.7187,100,0
SPY190717P299,2019-07-15,2019-07-15 09:32:34,0.35,0.7291,389,0.34,0.7083,719,0.35,0.7291,25,0.345,0.7187,100,0
SPY190717P299,2019-07-15,2019-07-15 09:32:34,0.35,0.7291,576,0.34,0.7083,719,0.35,0.7291,25,0.345,0.7187,100,0
SPY190717P299,2019-07-15,2019-07-15 09:32:35,0.35,0.7291,304,0.34,0.7083,2253,0.35,0.7291,25,0.345,0.7187,100,0
SPY190717P299,2019-07-15,2019-07-15 09:32:35,0.35,0.7291,304,0.34,0.7083,1647,0.35,0.7291,25,0.345,0.7187,100,0
SPY190717P299,2019-07-15,2019-07-15 09:32:36,0.35,0.7291,304,0.34,0.7083,1679,0.35,0.7291,25,0.345,0.7187,100,0
SPY190717P299,2019-07-15,2019-07-15 09:32:36,0.35,0.7291,304,0.34,0.7083,2645,0.35,0.7291,25,0.345,0.7187,100,0
SPY190717P299,2019-07-15,2019-07-15 09:32:37,0.35,0.7291,304,0.34,0.7083,1679,0.35,0.7291,25,0.345,0.7187,100,0
SPY190717P299,2019-07-15,2019-07-15 09:32:38,0.35,0.7291,304,0.34,0.7083,1787,0.35,0.7291,25,0.345,0.7187,100,0
SPY190717P299,2019-07-15,2019-07-15 09:32:38,0.35,0.7291,304,0.34,0.7083,1679,0.35,0.7291,25,0.345,0.7187,100,0
SPY190717P299,2019-07-15,2019-07-15 09:32:39,0.35,0.7291,304,0.34,0.7083,1787,0.35,0.7291,25,0.345,0.7187,100,0
SPY190717P299,2019-07-15,2019-07-15 09:32:40,0.35,0.7291,304,0.34,0.7083,1787,0.35,0.7291,25,0.345,0.7187,100,0
SPY190717P299,2019-07-15,2019-07-15 09:32:40,0.35,0.7291,398,0.34,0.7083,836,0.35,0.7291,25,0.345,0.7187,100,0
SPY190717P299,2019-07-15,2019-07-15 09:32:41,0.35,0.7291,398,0.34,0.7083,846,0.35,0.7291,25,0.345,0.7187,100,0
SPY190717P299,2019-07-15,2019-07-15 09:32:41,0.35,0.7291,398,0.34,0.7083,836,0.35,0.7291,25,0.345,0.7187,100,0
SPY190717P299,2019-07-15,2019-07-15 09:32:42,0.35,0.7291,398,0.34,0.7083,846,0.35,0.7291,25,0.345,0.7187,100,0
SPY190717P299,2019-07-15,2019-07-15 09:32:43,0.35,0.7291,308,0.34,0.7083,1205,0.35,0.7291,25,0.345,0.7187,100,0
SPY190717P299,2019-07-15,2019-07-15 09:32:44,0.35,0.7291,308,0.34,0.7083,1016,0.35,0.7291,25,0.345,0.7187,100,0
SPY190717P299,2019-07-15,2019-07-15 09:32:44,0.35,0.7291,308,0.34,0.7083,1557,0.35,0.7291,25,0.345,0.7187,100,0
SPY190717P299,2019-07-15,2019-07-15 09:32:45,0.35,0.7291,308,0.34,0.7083,1370,0.35,0.7291,25,0.345,0.7187,100,0
SPY190717P299,2019-07-15,2019-07-15 09:32:46,0.35,0.7291,481,0.34,0.7083,1125,0.35,0.7291,25,0.345,0.7187,100,0
SPY190717P299,2019-07-15,2019-07-15 09:32:46,0.35,0.7291,303,0.34,0.7083,1511,0.35,0.7291,25,0.345,0.7187,100,0
SPY190717P299,2019-07-15,2019-07-15 09:32:47,0.35,0.7291,334,0.34,0.7083,1125,0.35,0.7291,25,0.345,0.7187,100,0
SPY190717P299,2019-07-15,2019-07-15 09:32:47,0.35,0.7291,303,0.34,0.7083,1592,0.35,0.7291,25,0.345,0.7187,100,0
SPY190717P299,2019-07-15,2019-07-15 09:32:48,0.35,0.7291,308,0.34,0.7083,1546,0.35,0.7291,25,0.345,0.7187,100,0
SPY190717P299,2019-07-15,2019-07-15 09:32:48,0.35,0.7291,308,0.34,0.7083,1465,0.35,0.7291,25,0.345,0.7187,100,0
SPY190717P299,2019-07-15,2019-07-15 09:32:49,0.35,0.7291,13,0.34,0.7083,1649,0.35,0.7291,25,0.345,0.7187,100,0
SPY190717P299,2019-07-15,2019-07-15 09:32:50,0.35,0.7291,13,0.34,0.7083,1635,0.35,0.7291,25,0.345,0.7187,100,0
SPY190717P299,2019-07-15,2019-07-15 09:32:51,0.35,0.7291,13,0.34,0.7083,1449,0.35,0.7291,25,0.345,0.7187,100,0
SPY190717P299,2019-07-15,2019-07-15 09:32:51,0.35,0.7291,13,0.34,0.7083,1698,0.35,0.7291,25,0.345,0.7187,100,0
SPY190717P299,2019-07-15,2019-07-15 09:32:52,0.35,0.7291,13,0.34,0.7083,1530,0.35,0.7291,25,0.345,0.7187,100,0
SPY190717P299,2019-07-15,2019-07-15 09:32:53,0.35,0.7291,13,0.34,0.7083,1410,0.35,0.7291,25,0.345,0.7187,100,0
SPY190717P299,2019-07-15,2019-07-15 09:32:53,0.35,0.7291,13,0.34,0.7083,1165,0.35,0.7291,25,0.345,0.7187,100,0
SPY190717P299,2019-07-15,2019-07-15 09:32:54,0.35,0.7291,319,0.34,0.7083,1131,0.34,0.7083,1,0.345,0.7187,101,1
SPY190717P299,2019-07-15,2019-07-15 09:32:55,0.35,0.7291,319,0.34,0.7083,1218,0.34,0.7083,1,0.345,0.7187,101,0
SPY190717P299,2019-07-15,2019-07-15 09:32:55,0.35,0.7291,117,0.34,0.7083,1967,0.34,0.7083,1,0.345,0.7187,101,0
SPY190717P299,2019-07-15,2019-07-15 09:32:56,0.35,0.7291,8,0.34,0.7083,1967,0.34,0.7083,1,0.345,0.7187,101,0
SPY190717P299,2019-07-15,2019-07-15 09:32:56,0.35,0.7291,155,0.34,0.7083,1967,0.34,0.7083,1,0.345,0.7187,101,0
SPY190717P299,2019-07-15,2019-07-15 09:32:57,0.35,0.7291,159,0.34,0.7083,2703,0.34,0.7083,1,0.345,0.7187,101,0
SPY190717P299,2019-07-15,2019-07-15 09:32:57,0.35,0.7291,159,0.34,0.7083,2693,0.34,0.7083,1,0.345,0.7187,101,0
SPY190717P299,2019-07-15,2019-07-15 09:32:58,0.35,0.7291,159,0.34,0.7083,2693,0.35,0.7291,1,0.345,0.7187,101,0
SPY190717P299,2019-07-15,2019-07-15 09:32:59,0.36,0.75,4,0.34,0.7083,2225,0.35,0.7291,1,0.35,0.7291,116,15
SPY190717P299,2019-07-15,2019-07-15 09:32:59,0.36,0.75,4,0.35,0.7291,1103,0.35,0.7291,1,0.355,0.7395,116,0
SPY190717P299,2019-07-15,2019-07-15 09:33:00,0.36,0.75,4,0.35,0.7291,1969,0.35,0.7291,1,0.355,0.7395,116,0
SPY190717P299,2019-07-15,2019-07-15 09:33:01,0.36,0.75,4,0.35,0.7291,392,0.35,0.7291,1,0.355,0.7395,116,0
SPY190717P299,2019-07-15,2019-07-15 09:33:01,0.36,0.75,5,0.35,0.7291,740,0.35,0.7291,1,0.355,0.7395,116,0
SPY190717P299,2019-07-15,2019-07-15 09:33:02,0.36,0.75,5,0.35,0.7291,752,0.35,0.7291,1,0.355,0.7395,116,0
SPY190717P299,2019-07-15,2019-07-15 09:33:02,0.36,0.75,385,0.35,0.7291,929,0.35,0.7291,1,0.355,0.7395,116,0
SPY190717P299,2019-07-15,2019-07-15 09:33:03,0.36,0.75,51,0.35,0.7291,1087,0.35,0.7291,1,0.355,0.7395,116,0
SPY190717P299,2019-07-15,2019-07-15 09:33:04,0.36,0.75,607,0.35,0.7291,619,0.35,0.7291,3,0.355,0.7395,119,3
SPY190717P299,2019-07-15,2019-07-15 09:33:04,0.36,0.75,1173,0.35,0.7291,607,0.35,0.7291,6,0.355,0.7395,129,10
SPY190717P299,2019-07-15,2019-07-15 09:33:05,0.36,0.75,1003,0.35,0.7291,730,0.35,0.7291,6,0.355,0.7395,129,0
SPY190717P299,2019-07-15,2019-07-15 09:33:05,0.36,0.75,1313,0.35,0.7291,666,0.35,0.7291,6,0.355,0.7395,129,0
SPY190717P299,2019-07-15,2019-07-15 09:33:06,0.36,0.75,1314,0.35,0.7291,468,0.35,0.7291,6,0.355,0.7395,129,0
SPY190717P299,2019-07-15,2019-07-15 09:33:06,0.36,0.75,1156,0.35,0.7291,468,0.35,0.7291,6,0.355,0.7395,129,0
SPY190717P299,2019-07-15,2019-07-15 09:33:07,0.36,0.75,1157,0.35,0.7291,468,0.36,0.75,10,0.355,0.7395,139,10
SPY190717P299,2019-07-15,2019-07-15 09:33:08,0.36,0.75,1157,0.35,0.7291,475,0.36,0.75,10,0.355,0.7395,139,0
SPY190717P299,2019-07-15,2019-07-15 09:33:08,0.36,0.75,1157,0.35,0.7291,474,0.36,0.75,10,0.355,0.7395,139,0
SPY190717P299,2019-07-15,2019-07-15 09:33:09,0.36,0.75,1411,0.35,0.7291,474,0.36,0.75,10,0.355,0.7395,139,0
SPY190717P299,2019-07-15,2019-07-15 09:33:10,0.36,0.75,1411,0.35,0.7291,474,0.36,0.75,15,0.355,0.7395,154,15
SPY190717P299,2019-07-15,2019-07-15 09:33:11,0.36,0.75,487,0.35,0.7291,688,0.36,0.75,15,0.355,0.7395,154,0
SPY190717P299,2019-07-15,2019-07-15 09:33:11,0.36,0.75,487,0.35,0.7291,778,0.35,0.7291,30,0.355,0.7395,184,30
SPY190717P299,2019-07-15,2019-07-15 09:33:12,0.36,0.75,1264,0.35,0.7291,474,0.35,0.7291,30,0.355,0.7395,184,0
SPY190717P299,2019-07-15,2019-07-15 09:33:12,0.36,0.75,1019,0.35,0.7291,584,0.35,0.7291,30,0.355,0.7395,184,0
SPY190717P299,2019-07-15,2019-07-15 09:33:13,0.36,0.75,1274,0.35,0.7291,474,0.35,0.7291,30,0.355,0.7395,184,0
SPY190717P299,2019-07-15,2019-07-15 09:33:13,0.36,0.75,1497,0.35,0.7291,556,0.35,0.7291,8,0.355,0.7395,192,8
SPY190717P299,2019-07-15,2019-07-15 09:33:14,0.36,0.75,1693,0.35,0.7291,1,0.35,0.7291,8,0.355,0.7395,192,0
SPY190717P299,2019-07-15,2019-07-15 09:33:14,0.35,0.7291,298,0.34,0.7083,925,0.35,0.7291,8,0.345,0.7187,192,0
SPY190717P299,2019-07-15,2019-07-15 09:33:15,0.35,0.7291,5,0.34,0.7083,925,0.35,0.7291,8,0.345,0.7187,192,0
SPY190717P299,2019-07-15,2019-07-15 09:33:16,0.35,0.7291,355,0.34,0.7083,1104,0.35,0.7291,8,0.345,0.7187,192,0
SPY190717P299,2019-07-15,2019-07-15 09:33:16,0.35,0.7291,382,0.34,0.7083,1129,0.35,0.7291,8,0.345,0.7187,192,0
SPY190717P299,2019-07-15,2019-07-15 09:33:17,0.35,0.7291,505,0.34,0.7083,1129,0.35,0.7291,8,0.345,0.7187,192,0
SPY190717P299,2019-07-15,2019-07-15 09:33:18,0.35,0.7291,61,0.34,0.7083,480,0.35,0.7291,8,0.345,0.7187,192,0
SPY190717P299,2019-07-15,2019-07-15 09:33:18,0.35,0.7291,423,0.34,0.7083,1212,0.35,0.7291,8,0.345,0.7187,192,0
SPY190717P299,2019-07-15,2019-07-15 09:33:19,0.35,0.7291,1492,0.34,0.7083,480,0.35,0.7291,8,0.345,0.7187,192,0
SPY190717P299,2019-07-15,2019-07-15 09:33:19,0.35,0.7291,1658,0.34,0.7083,480,0.35,0.7291,1,0.345,0.7187,193,1
SPY190717P299,2019-07-15,2019-07-15 09:33:20,0.35,0.7291,1288,0.34,0.7083,740,0.35,0.7291,1,0.345,0.7187,193,0
SPY190717P299,2019-07-15,2019-07-15 09:33:20,0.35,0.7291,297,0.34,0.7083,1345,0.35,0.7291,1,0.345,0.7187,193,0
SPY190717P299,2019-07-15,2019-07-15 09:33:21,0.35,0.7291,297,0.34,0.7083,2498,0.35,0.7291,1,0.345,0.7187,193,0
SPY190717P299,2019-07-15,2019-07-15 09:33:22,0.35,0.7291,297,0.34,0.7083,2434,0.35,0.7291,1,0.345,0.7187,193,0
SPY190717P299,2019-07-15,2019-07-15 09:33:22,0.35,0.7291,297,0.34,0.7083,2498,0.35,0.7291,1,0.345,0.7187,193,0
SPY190717P299,2019-07-15,2019-07-15 09:33:23,0.35,0.7291,297,0.34,0.7083,2452,0.35,0.7291,1,0.345,0.7187,193,0
SPY190717P299,2019-07-15,2019-07-15 09:33:23,0.35,0.7291,297,0.34,0.7083,2790,0.35,0.7291,1,0.345,0.7187,193,0
SPY190717P299,2019-07-15,2019-07-15 09:33:24,0.35,0.7291,297,0.34,0.7083,1583,0.35,0.7291,1,0.345,0.7187,193,0
SPY190717P299,2019-07-15,2019-07-15 09:33:24,0.35,0.7291,297,0.34,0.7083,2790,0.35,0.7291,1,0.345,0.7187,193,0
SPY190717P299,2019-07-15,2019-07-15 09:33:25,0.35,0.7291,382,0.34,0.7083,1609,0.35,0.7291,1,0.345,0.7187,193,0
SPY190717P299,2019-07-15,2019-07-15 09:33:26,0.35,0.7291,382,0.34,0.7083,2795,0.35,0.7291,1,0.345,0.7187,193,0
SPY190717P299,2019-07-15,2019-07-15 09:33:26,0.35,0.7291,382,0.34,0.7083,2941,0.34,0.7083,3,0.345,0.7187,196,3
SPY190717P299,2019-07-15,2019-07-15 09:33:27,0.35,0.7291,292,0.34,0.7083,2645,0.34,0.7083,3,0.345,0.7187,196,0
SPY190717P299,2019-07-15,2019-07-15 09:33:28,0.36,0.75,1178,0.34,0.7083,2762,0.35,0.7291,1,0.35,0.7291,197,1
SPY190717P299,2019-07-15,2019-07-15 09:33:28,0.35,0.7291,165,0.34,0.7083,2645,0.34,0.7083,3,0.345,0.7187,196,0
SPY190717P299,2019-07-15,2019-07-15 09:33:29,0.36,0.75,285,0.34,0.7083,2762,0.35,0.7291,1,0.35,0.7291,197,0
SPY190717P299,2019-07-15,2019-07-15 09:33:30,0.36,0.75,5,0.35,0.7291,2169,0.35,0.7291,1,0.355,0.7395,197,0
SPY190717P299,2019-07-15,2019-07-15 09:33:30,0.36,0.75,121,0.35,0.7291,2894,0.35,0.7291,1,0.355,0.7395,197,0
SPY190717P299,2019-07-15,2019-07-15 09:33:31,0.36,0.75,493,0.35,0.7291,861,0.35,0.7291,1,0.355,0.7395,197,0
SPY190717P299,2019-07-15,2019-07-15 09:33:31,0.36,0.75,121,0.35,0.7291,741,0.35,0.7291,1,0.355,0.7395,197,0
SPY190717P299,2019-07-15,2019-07-15 09:33:32,0.36,0.75,493,0.35,0.7291,90,0.35,0.7291,1,0.355,0.7395,197,0
SPY190717P299,2019-07-15,2019-07-15 09:33:32,0.36,0.75,500,0.35,0.7291,314,0.35,0.7291,1,0.355,0.7395,197,0
SPY190717P299,2019-07-15,2019-07-15 09:33:33,0.36,0.75,543,0.35,0.7291,284,0.35,0.7291,1,0.355,0.7395,197,0
SPY190717P299,2019-07-15,2019-07-15 09:33:33,0.36,0.75,831,0.35,0.7291,276,0.35,0.7291,1,0.355,0.7395,197,0
SPY190717P299,2019-07-15,2019-07-15 09:33:34,0.36,0.75,1212,0.35,0.7291,276,0.35,0.7291,1,0.355,0.7395,197,0
SPY190717P299,2019-07-15,2019-07-15 09:33:35,0.36,0.75,292,0.35,0.7291,1338,0.35,0.7291,1,0.355,0.7395,198,0
SPY190717P299,2019-07-15,2019-07-15 09:33:35,0.36,0.75,800,0.35,0.7291,740,0.35,0.7291,1,0.355,0.7395,198,1
SPY190717P299,2019-07-15,2019-07-15 09:33:36,0.36,0.75,265,0.35,0.7291,1166,0.35,0.7291,1,0.355,0.7395,198,0
SPY190717P299,2019-07-15,2019-07-15 09:33:36,0.36,0.75,292,0.35,0.7291,2408,0.35,0.7291,1,0.355,0.7395,198,0
SPY190717P299,2019-07-15,2019-07-15 09:33:37,0.36,0.75,292,0.35,0.7291,3111,0.35,0.7291,1,0.355,0.7395,198,0
SPY190717P299,2019-07-15,2019-07-15 09:33:38,0.36,0.75,292,0.35,0.7291,3159,0.35,0.7291,1,0.355,0.7395,198,0
SPY190717P299,2019-07-15,2019-07-15 09:33:38,0.36,0.75,292,0.35,0.7291,3109,0.35,0.7291,1,0.355,0.7395,198,0
SPY190717P299,2019-07-15,2019-07-15 09:33:39,0.36,0.75,292,0.35,0.7291,3103,0.35,0.7291,1,0.355,0.7395,198,0
SPY190717P299,2019-07-15,2019-07-15 09:33:39,0.36,0.75,292,0.35,0.7291,2647,0.35,0.7291,1,0.355,0.7395,198,0
SPY190717P299,2019-07-15,2019-07-15 09:33:40,0.36,0.75,292,0.35,0.7291,3103,0.35,0.7291,3,0.355,0.7395,201,3
SPY190717P299,2019-07-15,2019-07-15 09:33:41,0.36,0.75,292,0.35,0.7291,2176,0.35,0.7291,3,0.355,0.7395,201,0
SPY190717P299,2019-07-15,2019-07-15 09:33:42,0.36,0.75,292,0.35,0.7291,2176,0.35,0.7291,3,0.355,0.7395,201,0
SPY190717P299,2019-07-15,2019-07-15 09:33:43,0.36,0.75,292,0.35,0.7291,2176,0.35,0.7291,3,0.355,0.7395,201,0
SPY190717P299,2019-07-15,2019-07-15 09:33:44,0.36,0.75,195,0.35,0.7291,2417,0.35,0.7291,3,0.355,0.7395,201,0
SPY190717P299,2019-07-15,2019-07-15 09:33:45,0.36,0.75,195,0.35,0.7291,2350,0.35,0.7291,3,0.355,0.7395,201,0
SPY190717P299,2019-07-15,2019-07-15 09:33:46,0.36,0.75,225,0.35,0.7291,2300,0.35,0.7291,3,0.355,0.7395,201,0
SPY190717P299,2019-07-15,2019-07-15 09:33:47,0.36,0.75,225,0.35,0.7291,2132,0.35,0.7291,3,0.355,0.7395,201,0
SPY190717P299,2019-07-15,2019-07-15 09:33:47,0.36,0.75,225,0.35,0.7291,2400,0.35,0.7291,3,0.355,0.7395,201,0
SPY190717P299,2019-07-15,2019-07-15 09:33:48,0.36,0.75,195,0.35,0.7291,3884,0.35,0.7291,3,0.355,0.7395,201,0
SPY190717P299,2019-07-15,2019-07-15 09:33:49,0.36,0.75,50,0.35,0.7291,3140,0.35,0.7291,3,0.355,0.7395,201,0
SPY190717P299,2019-07-15,2019-07-15 09:33:49,0.36,0.75,225,0.35,0.7291,3428,0.35,0.7291,3,0.355,0.7395,201,0
SPY190717P299,2019-07-15,2019-07-15 09:33:50,0.37,0.7708,278,0.36,0.75,1385,0.36,0.75,1,0.365,0.7604,202,0
SPY190717P299,2019-07-15,2019-07-15 09:33:50,0.37,0.7708,380,0.36,0.75,127,0.36,0.75,1,0.365,0.7604,202,1
SPY190717P299,2019-07-15,2019-07-15 09:33:51,0.37,0.7708,278,0.36,0.75,1803,0.36,0.75,1,0.365,0.7604,202,0
SPY190717P299,2019-07-15,2019-07-15 09:33:52,0.37,0.7708,122,0.36,0.75,1882,0.36,0.75,1,0.365,0.7604,202,0
SPY190717P299,2019-07-15,2019-07-15 09:33:52,0.37,0.7708,5,0.36,0.75,1467,0.36,0.75,1,0.365,0.7604,202,0
SPY190717P299,2019-07-15,2019-07-15 09:33:53,0.37,0.7708,122,0.36,0.75,3326,0.36,0.75,1,0.365,0.7604,202,0
SPY190717P299,2019-07-15,2019-07-15 09:33:53,0.37,0.7708,122,0.36,0.75,3278,0.36,0.75,1,0.365,0.7604,202,0
SPY190717P299,2019-07-15,2019-07-15 09:33:54,0.37,0.7708,5,0.36,0.75,3278,0.36,0.75,1,0.365,0.7604,202,0
SPY190717P299,2019-07-15,2019-07-15 09:33:54,0.38,0.7916,360,0.37,0.7708,176,0.36,0.75,1,0.375,0.7812,202,0
SPY190717P299,2019-07-15,2019-07-15 09:33:55,0.38,0.7916,360,0.37,0.7708,542,0.36,0.75,1,0.375,0.7812,202,0
SPY190717P299,2019-07-15,2019-07-15 09:33:56,0.38,0.7916,221,0.37,0.7708,156,0.36,0.75,1,0.375,0.7812,202,0
SPY190717P299,2019-07-15,2019-07-15 09:33:56,0.38,0.7916,221,0.37,0.7708,653,0.36,0.75,1,0.375,0.7812,202,0
SPY190717P299,2019-07-15,2019-07-15 09:33:57,0.38,0.7916,183,0.37,0.7708,828,0.38,0.7916,10,0.375,0.7812,212,10
SPY190717P299,2019-07-15,2019-07-15 09:33:57,0.38,0.7916,221,0.37,0.7708,1040,0.36,0.75,1,0.375,0.7812,202,0
SPY190717P299,2019-07-15,2019-07-15 09:33:58,0.38,0.7916,117,0.37,0.7708,1160,0.38,0.7916,10,0.375,0.7812,212,0
SPY190717P299,2019-07-15,2019-07-15 09:33:58,0.38,0.7916,197,0.37,0.7708,828,0.38,0.7916,10,0.375,0.7812,212,0
SPY190717P299,2019-07-15,2019-07-15 09:33:59,0.38,0.7916,86,0.37,0.7708,1238,0.38,0.7916,10,0.375,0.7812,212,0
SPY190717P299,2019-07-15,2019-07-15 09:34:00,0.38,0.7916,50,0.37,0.7708,1926,0.38,0.7916,10,0.375,0.7812,212,0
SPY190717P299,2019-07-15,2019-07-15 09:34:00,0.38,0.7916,83,0.37,0.7708,2430,0.38,0.7916,10,0.375,0.7812,212,0
SPY190717P299,2019-07-15,2019-07-15 09:34:01,0.38,0.7916,77,0.37,0.7708,673,0.38,0.7916,10,0.375,0.7812,212,0
SPY190717P299,2019-07-15,2019-07-15 09:34:01,0.38,0.7916,155,0.37,0.7708,1562,0.38,0.7916,10,0.375,0.7812,212,0
SPY190717P299,2019-07-15,2019-07-15 09:34:02,0.38,0.7916,155,0.37,0.7708,1438,0.38,0.7916,10,0.375,0.7812,212,0
SPY190717P299,2019-07-15,2019-07-15 09:34:02,0.38,0.7916,155,0.37,0.7708,1270,0.38,0.7916,10,0.375,0.7812,212,0
SPY190717P299,2019-07-15,2019-07-15 09:34:03,0.38,0.7916,403,0.37,0.7708,80,0.38,0.7916,10,0.375,0.7812,212,0
SPY190717P299,2019-07-15,2019-07-15 09:34:04,0.37,0.7708,5,0.36,0.75,1921,0.38,0.7916,10,0.365,0.7604,212,0
SPY190717P299,2019-07-15,2019-07-15 09:34:04,0.38,0.7916,489,0.37,0.7708,80,0.38,0.7916,10,0.375,0.7812,212,0
SPY190717P299,2019-07-15,2019-07-15 09:34:05,0.37,0.7708,20,0.36,0.75,2162,0.36,0.75,3,0.365,0.7604,215,3
SPY190717P299,2019-07-15,2019-07-15 09:34:05,0.38,0.7916,193,0.36,0.75,2058,0.38,0.7916,10,0.37,0.7708,212,0
SPY190717P299,2019-07-15,2019-07-15 09:34:06,0.37,0.7708,5,0.36,0.75,2989,0.36,0.75,3,0.365,0.7604,215,0
SPY190717P299,2019-07-15,2019-07-15 09:34:07,0.37,0.7708,5,0.36,0.75,1676,0.36,0.75,3,0.365,0.7604,215,0
SPY190717P299,2019-07-15,2019-07-15 09:34:07,0.37,0.7708,5,0.36,0.75,1763,0.36,0.75,3,0.365,0.7604,215,0
SPY190717P299,2019-07-15,2019-07-15 09:34:08,0.37,0.7708,267,0.36,0.75,1359,0.36,0.75,3,0.365,0.7604,215,0
SPY190717P299,2019-07-15,2019-07-15 09:34:09,0.37,0.7708,71,0.36,0.75,1807,0.36,0.75,3,0.365,0.7604,215,0
SPY190717P299,2019-07-15,2019-07-15 09:34:09,0.37,0.7708,498,0.36,0.75,631,0.36,0.75,3,0.365,0.7604,215,0
SPY190717P299,2019-07-15,2019-07-15 09:34:10,0.37,0.7708,355,0.36,0.75,1128,0.36,0.75,3,0.365,0.7604,215,0
SPY190717P299,2019-07-15,2019-07-15 09:34:11,0.37,0.7708,355,0.36,0.75,850,0.36,0.75,3,0.365,0.7604,215,0
SPY190717P299,2019-07-15,2019-07-15 09:34:12,0.37,0.7708,582,0.36,0.75,631,0.36,0.75,3,0.365,0.7604,215,0
SPY190717P299,2019-07-15,2019-07-15 09:34:12,0.37,0.7708,1143,0.36,0.75,633,0.36,0.75,3,0.365,0.7604,215,0
SPY190717P299,2019-07-15,2019-07-15 09:34:13,0.37,0.7708,1143,0.36,0.75,462,0.36,0.75,3,0.365,0.7604,215,0
SPY190717P299,2019-07-15,2019-07-15 09:34:14,0.37,0.7708,1143,0.35,0.7291,2970,0.36,0.75,3,0.36,0.75,215,0
SPY190717P299,2019-07-15,2019-07-15 09:34:14,0.37,0.7708,1143,0.35,0.7291,2579,0.36,0.75,3,0.36,0.75,215,0
SPY190717P299,2019-07-15,2019-07-15 09:34:15,0.37,0.7708,412,0.36,0.75,735,0.36,0.75,3,0.365,0.7604,215,0
SPY190717P299,2019-07-15,2019-07-15 09:34:16,0.37,0.7708,372,0.36,0.75,1142,0.36,0.75,3,0.365,0.7604,215,0
SPY190717P299,2019-07-15,2019-07-15 09:34:17,0.37,0.7708,285,0.36,0.75,678,0.37,0.7708,9,0.365,0.7604,225,10
SPY190717P299,2019-07-15,2019-07-15 09:34:17,0.37,0.7708,240,0.36,0.75,1882,0.36,0.75,3,0.365,0.7604,215,0
SPY190717P299,2019-07-15,2019-07-15 09:34:18,0.37,0.7708,285,0.36,0.75,756,0.37,0.7708,9,0.365,0.7604,225,0
SPY190717P299,2019-07-15,2019-07-15 09:34:18,0.37,0.7708,285,0.36,0.75,678,0.37,0.7708,9,0.365,0.7604,225,0
SPY190717P299,2019-07-15,2019-07-15 09:34:19,0.37,0.7708,320,0.36,0.75,933,0.37,0.7708,18,0.365,0.7604,245,0
SPY190717P299,2019-07-15,2019-07-15 09:34:19,0.37,0.7708,346,0.36,0.75,756,0.37,0.7708,18,0.365,0.7604,245,20
SPY190717P299,2019-07-15,2019-07-15 09:34:20,0.37,0.7708,355,0.36,0.75,615,0.37,0.7708,18,0.365,0.7604,245,0
SPY190717P299,2019-07-15,2019-07-15 09:34:21,0.37,0.7708,345,0.36,0.75,956,0.37,0.7708,18,0.365,0.7604,245,0
SPY190717P299,2019-07-15,2019-07-15 09:34:21,0.37,0.7708,345,0.36,0.75,705,0.37,0.7708,18,0.365,0.7604,245,0
SPY190717P299,2019-07-15,2019-07-15 09:34:22,0.37,0.7708,345,0.36,0.75,956,0.37,0.7708,18,0.365,0.7604,245,0
SPY190717P299,2019-07-15,2019-07-15 09:34:22,0.38,0.7916,326,0.36,0.75,3195,0.37,0.7708,18,0.37,0.7708,245,0
SPY190717P299,2019-07-15,2019-07-15 09:34:23,0.38,0.7916,1555,0.37,0.7708,460,0.37,0.7708,18,0.375,0.7812,245,0
SPY190717P299,2019-07-15,2019-07-15 09:34:24,0.38,0.7916,1590,0.37,0.7708,460,0.37,0.7708,18,0.375,0.7812,245,0
SPY190717P299,2019-07-15,2019-07-15 09:34:25,0.38,0.7916,1587,0.37,0.7708,460,0.37,0.7708,18,0.375,0.7812,245,0
SPY190717P299,2019-07-15,2019-07-15 09:34:26,0.38,0.7916,1487,0.37,0.7708,460,0.37,0.7708,18,0.375,0.7812,245,0
SPY190717P299,2019-07-15,2019-07-15 09:34:26,0.38,0.7916,1587,0.37,0.7708,460,0.37,0.7708,18,0.375,0.7812,245,0
SPY190717P299,2019-07-15,2019-07-15 09:34:27,0.38,0.7916,1587,0.37,0.7708,460,0.37,0.7708,18,0.375,0.7812,245,0
SPY190717P299,2019-07-15,2019-07-15 09:34:28,0.38,0.7916,1587,0.37,0.7708,460,0.37,0.7708,18,0.375,0.7812,245,0
SPY190717P299,2019-07-15,2019-07-15 09:34:29,0.38,0.7916,1401,0.37,0.7708,460,0.37,0.7708,18,0.375,0.7812,245,0
SPY190717P299,2019-07-15,2019-07-15 09:34:30,0.38,0.7916,730,0.37,0.7708,488,0.37,0.7708,18,0.375,0.7812,245,0
SPY190717P299,2019-07-15,2019-07-15 09:34:30,0.38,0.7916,841,0.37,0.7708,544,0.37,0.7708,18,0.375,0.7812,245,0
SPY190717P299,2019-07-15,2019-07-15 09:34:31,0.38,0.7916,546,0.37,0.7708,543,0.37,0.7708,18,0.375,0.7812,245,0
SPY190717P299,2019-07-15,2019-07-15 09:34:32,0.38,0.7916,764,0.37,0.7708,543,0.37,0.7708,18,0.375,0.7812,245,0
SPY190717P299,2019-07-15,2019-07-15 09:34:32,0.38,0.7916,789,0.37,0.7708,543,0.37,0.7708,18,0.375,0.7812,245,0
SPY190717P299,2019-07-15,2019-07-15 09:34:33,0.38,0.7916,842,0.37,0.7708,543,0.37,0.7708,18,0.375,0.7812,245,0
SPY190717P299,2019-07-15,2019-07-15 09:34:33,0.38,0.7916,764,0.37,0.7708,543,0.37,0.7708,18,0.375,0.7812,245,0
SPY190717P299,2019-07-15,2019-07-15 09:34:34,0.38,0.7916,842,0.37,0.7708,543,0.37,0.7708,18,0.375,0.7812,245,0
SPY190717P299,2019-07-15,2019-07-15 09:34:35,0.38,0.7916,764,0.37,0.7708,543,0.37,0.7708,18,0.375,0.7812,245,0
SPY190717P299,2019-07-15,2019-07-15 09:34:35,0.38,0.7916,842,0.37,0.7708,543,0.37,0.7708,18,0.375,0.7812,245,0
SPY190717P299,2019-07-15,2019-07-15 09:34:36,0.37,0.7708,5,0.36,0.75,2016,0.37,0.7708,18,0.365,0.7604,245,0
SPY190717P299,2019-07-15,2019-07-15 09:34:36,0.38,0.7916,764,0.37,0.7708,50,0.37,0.7708,18,0.375,0.7812,245,0
SPY190717P299,2019-07-15,2019-07-15 09:34:37,0.37,0.7708,5,0.36,0.75,3321,0.37,0.7708,18,0.365,0.7604,245,0
SPY190717P299,2019-07-15,2019-07-15 09:34:37,0.37,0.7708,5,0.36,0.75,3369,0.37,0.7708,18,0.365,0.7604,245,0
SPY190717P299,2019-07-15,2019-07-15 09:34:38,0.37,0.7708,5,0.36,0.75,3263,0.37,0.7708,18,0.365,0.7604,245,0
SPY190717P299,2019-07-15,2019-07-15 09:34:39,0.37,0.7708,278,0.36,0.75,2581,0.37,0.7708,18,0.365,0.7604,245,0
SPY190717P299,2019-07-15,2019-07-15 09:34:39,0.37,0.7708,5,0.36,0.75,3263,0.37,0.7708,18,0.365,0.7604,245,0
SPY190717P299,2019-07-15,2019-07-15 09:34:40,0.37,0.7708,278,0.36,0.75,2174,0.37,0.7708,18,0.365,0.7604,245,0
SPY190717P299,2019-07-15,2019-07-15 09:34:40,0.37,0.7708,270,0.36,0.75,1919,0.37,0.7708,18,0.365,0.7604,245,0
SPY190717P299,2019-07-15,2019-07-15 09:34:41,0.37,0.7708,270,0.36,0.75,1902,0.37,0.7708,18,0.365,0.7604,245,0
SPY190717P299,2019-07-15,2019-07-15 09:34:42,0.37,0.7708,270,0.36,0.75,2305,0.37,0.7708,18,0.365,0.7604,245,0
SPY190717P299,2019-07-15,2019-07-15 09:34:42,0.37,0.7708,270,0.36,0.75,2192,0.37,0.7708,18,0.365,0.7604,245,0
SPY190717P299,2019-07-15,2019-07-15 09:34:43,0.37,0.7708,503,0.36,0.75,1835,0.37,0.7708,18,0.365,0.7604,245,0
SPY190717P299,2019-07-15,2019-07-15 09:34:43,0.37,0.7708,508,0.36,0.75,1404,0.37,0.7708,18,0.365,0.7604,245,0
SPY190717P299,2019-07-15,2019-07-15 09:34:44,0.37,0.7708,508,0.36,0.75,1469,0.37,0.7708,18,0.365,0.7604,245,0
SPY190717P299,2019-07-15,2019-07-15 09:34:44,0.37,0.7708,350,0.36,0.75,1403,0.37,0.7708,18,0.365,0.7604,245,0
SPY190717P299,2019-07-15,2019-07-15 09:34:45,0.37,0.7708,350,0.36,0.75,2268,0.37,0.7708,18,0.365,0.7604,245,0
SPY190717P299,2019-07-15,2019-07-15 09:34:46,0.37,0.7708,546,0.36,0.75,2508,0.37,0.7708,18,0.365,0.7604,245,0
SPY190717P299,2019-07-15,2019-07-15 09:34:46,0.37,0.7708,500,0.36,0.75,2268,0.37,0.7708,18,0.365,0.7604,245,0
SPY190717P299,2019-07-15,2019-07-15 09:34:47,0.37,0.7708,490,0.36,0.75,2158,0.37,0.7708,18,0.365,0.7604,245,0
SPY190717P299,2019-07-15,2019-07-15 09:34:47,0.37,0.7708,370,0.36,0.75,1861,0.37,0.7708,18,0.365,0.7604,245,0
SPY190717P299,2019-07-15,2019-07-15 09:34:48,0.37,0.7708,270,0.36,0.75,2604,0.37,0.7708,18,0.365,0.7604,245,0
SPY190717P299,2019-07-15,2019-07-15 09:34:48,0.37,0.7708,270,0.36,0.75,3082,0.37,0.7708,18,0.365,0.7604,245,0
SPY190717P299,2019-07-15,2019-07-15 09:34:49,0.37,0.7708,270,0.36,0.75,3082,0.37,0.7708,18,0.365,0.7604,245,0
SPY190717P299,2019-07-15,2019-07-15 09:34:50,0.37,0.7708,270,0.36,0.75,3082,0.37,0.7708,18,0.365,0.7604,245,0
SPY190717P299,2019-07-15,2019-07-15 09:34:51,0.37,0.7708,23,0.36,0.75,4078,0.37,0.7708,2,0.365,0.7604,251,0
SPY190717P299,2019-07-15,2019-07-15 09:34:51,0.37,0.7708,23,0.36,0.75,3141,0.37,0.7708,2,0.365,0.7604,251,6
SPY190717P299,2019-07-15,2019-07-15 09:34:52,0.37,0.7708,19,0.36,0.75,3470,0.37,0.7708,2,0.365,0.7604,251,0
SPY190717P299,2019-07-15,2019-07-15 09:34:53,0.37,0.7708,138,0.36,0.75,3458,0.37,0.7708,2,0.365,0.7604,251,0
SPY190717P299,2019-07-15,2019-07-15 09:34:53,0.37,0.7708,138,0.36,0.75,3417,0.37,0.7708,2,0.365,0.7604,251,0
SPY190717P299,2019-07-15,2019-07-15 09:34:54,0.37,0.7708,138,0.36,0.75,3417,0.37,0.7708,2,0.365,0.7604,251,0
SPY190717P299,2019-07-15,2019-07-15 09:34:55,0.37,0.7708,138,0.36,0.75,3116,0.37,0.7708,2,0.365,0.7604,251,0
SPY190717P299,2019-07-15,2019-07-15 09:34:56,0.37,0.7708,138,0.36,0.75,3118,0.37,0.7708,2,0.365,0.7604,251,0
SPY190717P299,2019-07-15,2019-07-15 09:34:57,0.37,0.7708,19,0.36,0.75,3221,0.37,0.7708,2,0.365,0.7604,251,0
SPY190717P299,2019-07-15,2019-07-15 09:34:57,0.37,0.7708,19,0.36,0.75,2723,0.37,0.7708,2,0.365,0.7604,251,0
SPY190717P299,2019-07-15,2019-07-15 09:34:58,0.37,0.7708,19,0.36,0.75,3221,0.37,0.7708,2,0.365,0.7604,251,0
SPY190717P299,2019-07-15,2019-07-15 09:34:58,0.37,0.7708,115,0.36,0.75,3208,0.37,0.7708,2,0.365,0.7604,251,0
SPY190717P299,2019-07-15,2019-07-15 09:34:59,0.37,0.7708,115,0.36,0.75,3070,0.37,0.7708,2,0.365,0.7604,251,0
SPY190717P299,2019-07-15,2019-07-15 09:35:00,0.37,0.7708,119,0.36,0.75,2657,0.36,0.75,10,0.365,0.7604,261,0
SPY190717P299,2019-07-15,2019-07-15 09:35:00,0.37,0.7708,119,0.36,0.75,3070,0.36,0.75,10,0.365,0.7604,261,10
SPY190717P299,2019-07-15,2019-07-15 09:35:01,0.37,0.7708,19,0.36,0.75,2663,0.36,0.75,10,0.365,0.7604,261,0
SPY190717P299,2019-07-15,2019-07-15 09:35:01,0.37,0.7708,19,0.36,0.75,1020,0.36,0.75,10,0.365,0.7604,261,0
SPY190717P299,2019-07-15,2019-07-15 09:35:02,0.37,0.7708,177,0.36,0.75,2637,0.36,0.75,10,0.365,0.7604,261,0
SPY190717P299,2019-07-15,2019-07-15 09:35:02,0.37,0.7708,177,0.36,0.75,1993,0.36,0.75,10,0.365,0.7604,261,0
SPY190717P299,2019-07-15,2019-07-15 09:35:03,0.37,0.7708,177,0.36,0.75,2790,0.36,0.75,10,0.365,0.7604,261,0
SPY190717P299,2019-07-15,2019-07-15 09:35:04,0.38,0.7916,387,0.37,0.7708,536,0.37,0.7708,19,0.375,0.7812,280,19
SPY190717P299,2019-07-15,2019-07-15 09:35:05,0.38,0.7916,599,0.37,0.7708,895,0.37,0.7708,19,0.375,0.7812,280,0
SPY190717P299,2019-07-15,2019-07-15 09:35:05,0.38,0.7916,412,0.37,0.7708,805,0.37,0.7708,19,0.375,0.7812,280,0
SPY190717P299,2019-07-15,2019-07-15 09:35:06,0.38,0.7916,259,0.37,0.7708,2110,0.37,0.7708,19,0.375,0.7812,280,0
SPY190717P299,2019-07-15,2019-07-15 09:35:06,0.38,0.7916,259,0.37,0.7708,1001,0.37,0.7708,19,0.375,0.7812,280,0
SPY190717P299,2019-07-15,2019-07-15 09:35:07,0.38,0.7916,259,0.37,0.7708,2448,0.37,0.7708,19,0.375,0.7812,280,0
SPY190717P299,2019-07-15,2019-07-15 09:35:08,0.38,0.7916,259,0.37,0.7708,2448,0.37,0.7708,19,0.375,0.7812,280,0
SPY190717P299,2019-07-15,2019-07-15 09:35:08,0.38,0.7916,259,0.37,0.7708,2792,0.37,0.7708,19,0.375,0.7812,280,0
SPY190717P299,2019-07-15,2019-07-15 09:35:09,0.38,0.7916,259,0.37,0.7708,2960,0.37,0.7708,19,0.375,0.7812,280,0
SPY190717P299,2019-07-15,2019-07-15 09:35:09,0.38,0.7916,259,0.37,0.7708,2718,0.37,0.7708,19,0.375,0.7812,280,0
SPY190717P299,2019-07-15,2019-07-15 09:35:10,0.38,0.7916,259,0.37,0.7708,2718,0.37,0.7708,19,0.375,0.7812,280,0
SPY190717P299,2019-07-15,2019-07-15 09:35:11,0.38,0.7916,259,0.37,0.7708,2718,0.37,0.7708,19,0.375,0.7812,280,0
SPY190717P299,2019-07-15,2019-07-15 09:35:12,0.38,0.7916,153,0.37,0.7708,2814,0.37,0.7708,19,0.375,0.7812,280,0
SPY190717P299,2019-07-15,2019-07-15 09:35:13,0.38,0.7916,153,0.37,0.7708,2985,0.37,0.7708,19,0.375,0.7812,280,0
SPY190717P299,2019-07-15,2019-07-15 09:35:13,0.38,0.7916,153,0.37,0.7708,2709,0.37,0.7708,19,0.375,0.7812,280,0
SPY190717P299,2019-07-15,2019-07-15 09:35:14,0.38,0.7916,153,0.37,0.7708,2721,0.37,0.7708,19,0.375,0.7812,280,0
SPY190717P299,2019-07-15,2019-07-15 09:35:15,0.38,0.7916,153,0.37,0.7708,2321,0.37,0.7708,19,0.375,0.7812,280,0
SPY190717P299,2019-07-15,2019-07-15 09:35:15,0.38,0.7916,153,0.37,0.7708,2716,0.37,0.7708,19,0.375,0.7812,280,0
SPY190717P299,2019-07-15,2019-07-15 09:35:16,0.39,0.8125,478,0.38,0.7916,457,0.37,0.7708,19,0.385,0.802,280,0
SPY190717P299,2019-07-15,2019-07-15 09:35:16,0.39,0.8125,568,0.37,0.7708,1770,0.37,0.7708,19,0.38,0.7916,280,0
SPY190717P299,2019-07-15,2019-07-15 09:35:17,0.38,0.7916,20,0.37,0.7708,2470,0.37,0.7708,19,0.375,0.7812,280,0
SPY190717P299,2019-07-15,2019-07-15 09:35:17,0.38,0.7916,20,0.37,0.7708,2705,0.37,0.7708,19,0.375,0.7812,280,0
SPY190717P299,2019-07-15,2019-07-15 09:35:18,0.38,0.7916,20,0.37,0.7708,2705,0.37,0.7708,19,0.375,0.7812,280,0
SPY190717P299,2019-07-15,2019-07-15 09:35:19,0.38,0.7916,20,0.37,0.7708,3255,0.37,0.7708,19,0.375,0.7812,280,0
SPY190717P299,2019-07-15,2019-07-15 09:35:19,0.39,0.8125,1066,0.37,0.7708,2847,0.37,0.7708,19,0.38,0.7916,280,0
SPY190717P299,2019-07-15,2019-07-15 09:35:20,0.38,0.7916,20,0.37,0.7708,3255,0.37,0.7708,19,0.375,0.7812,280,0
SPY190717P299,2019-07-15,2019-07-15 09:35:21,0.39,0.8125,338,0.38,0.7916,579,0.37,0.7708,19,0.385,0.802,280,0
SPY190717P299,2019-07-15,2019-07-15 09:35:21,0.38,0.7916,110,0.37,0.7708,3255,0.37,0.7708,19,0.375,0.7812,280,0
SPY190717P299,2019-07-15,2019-07-15 09:35:22,0.39,0.8125,338,0.38,0.7916,820,0.37,0.7708,19,0.385,0.802,280,0
SPY190717P299,2019-07-15,2019-07-15 09:35:23,0.39,0.8125,338,0.38,0.7916,882,0.37,0.7708,19,0.385,0.802,280,0
SPY190717P299,2019-07-15,2019-07-15 09:35:23,0.39,0.8125,342,0.38,0.7916,875,0.37,0.7708,19,0.385,0.802,280,0
SPY190717P299,2019-07-15,2019-07-15 09:35:24,0.39,0.8125,390,0.38,0.7916,539,0.37,0.7708,19,0.385,0.802,280,0
SPY190717P299,2019-07-15,2019-07-15 09:35:24,0.39,0.8125,342,0.38,0.7916,801,0.37,0.7708,19,0.385,0.802,280,0
SPY190717P299,2019-07-15,2019-07-15 09:35:25,0.39,0.8125,471,0.38,0.7916,729,0.37,0.7708,19,0.385,0.802,280,0
SPY190717P299,2019-07-15,2019-07-15 09:35:25,0.39,0.8125,640,0.38,0.7916,563,0.37,0.7708,19,0.385,0.802,280,0
SPY190717P299,2019-07-15,2019-07-15 09:35:26,0.39,0.8125,640,0.38,0.7916,549,0.37,0.7708,19,0.385,0.802,280,0
SPY190717P299,2019-07-15,2019-07-15 09:35:27,0.39,0.8125,640,0.38,0.7916,561,0.37,0.7708,19,0.385,0.802,280,0
SPY190717P299,2019-07-15,2019-07-15 09:35:27,0.39,0.8125,640,0.38,0.7916,633,0.37,0.7708,19,0.385,0.802,280,0
SPY190717P299,2019-07-15,2019-07-15 09:35:28,0.39,0.8125,391,0.38,0.7916,556,0.37,0.7708,19,0.385,0.802,280,0
SPY190717P299,2019-07-15,2019-07-15 09:35:28,0.39,0.8125,340,0.38,0.7916,556,0.37,0.7708,19,0.385,0.802,280,0
SPY190717P299,2019-07-15,2019-07-15 09:35:29,0.39,0.8125,340,0.38,0.7916,556,0.37,0.7708,19,0.385,0.802,280,0
SPY190717P299,2019-07-15,2019-07-15 09:35:30,0.39,0.8125,577,0.38,0.7916,556,0.37,0.7708,19,0.385,0.802,280,0
SPY190717P299,2019-07-15,2019-07-15 09:35:31,0.39,0.8125,1161,0.38,0.7916,457,0.37,0.7708,19,0.385,0.802,280,0
SPY190717P299,2019-07-15,2019-07-15 09:35:31,0.39,0.8125,1003,0.38,0.7916,457,0.37,0.7708,19,0.385,0.802,280,0
SPY190717P299,2019-07-15,2019-07-15 09:35:32,0.39,0.8125,905,0.38,0.7916,457,0.37,0.7708,19,0.385,0.802,280,0
SPY190717P299,2019-07-15,2019-07-15 09:35:32,0.39,0.8125,1267,0.38,0.7916,457,0.37,0.7708,19,0.385,0.802,280,0
SPY190717P299,2019-07-15,2019-07-15 09:35:33,0.39,0.8125,960,0.37,0.7708,1035,0.37,0.7708,19,0.38,0.7916,280,0
SPY190717P299,2019-07-15,2019-07-15 09:35:34,0.39,0.8125,960,0.37,0.7708,1543,0.37,0.7708,19,0.38,0.7916,280,0
SPY190717P299,2019-07-15,2019-07-15 09:35:34,0.38,0.7916,5,0.37,0.7708,1604,0.37,0.7708,19,0.375,0.7812,280,0
SPY190717P299,2019-07-15,2019-07-15 09:35:35,0.39,0.8125,794,0.38,0.7916,458,0.37,0.7708,19,0.385,0.802,280,0
SPY190717P299,2019-07-15,2019-07-15 09:35:36,0.39,0.8125,1414,0.37,0.7708,2797,0.37,0.7708,19,0.38,0.7916,280,0
SPY190717P299,2019-07-15,2019-07-15 09:35:36,0.39,0.8125,1414,0.37,0.7708,2965,0.37,0.7708,19,0.38,0.7916,280,0
SPY190717P299,2019-07-15,2019-07-15 09:35:37,0.39,0.8125,1414,0.37,0.7708,2931,0.37,0.7708,19,0.38,0.7916,280,0
SPY190717P299,2019-07-15,2019-07-15 09:35:38,0.39,0.8125,1414,0.37,0.7708,2931,0.37,0.7708,19,0.38,0.7916,280,0
SPY190717P299,2019-07-15,2019-07-15 09:35:39,0.38,0.7916,6,0.37,0.7708,2868,0.37,0.7708,19,0.375,0.7812,280,0
SPY190717P299,2019-07-15,2019-07-15 09:35:40,0.38,0.7916,6,0.37,0.7708,2698,0.37,0.7708,19,0.375,0.7812,280,0
SPY190717P299,2019-07-15,2019-07-15 09:35:40,0.38,0.7916,6,0.37,0.7708,2869,0.37,0.7708,19,0.375,0.7812,280,0
SPY190717P299,2019-07-15,2019-07-15 09:35:41,0.39,0.8125,268,0.37,0.7708,1901,0.37,0.7708,19,0.38,0.7916,280,0
SPY190717P299,2019-07-15,2019-07-15 09:35:41,0.38,0.7916,6,0.37,0.7708,2511,0.37,0.7708,19,0.375,0.7812,280,0
SPY190717P299,2019-07-15,2019-07-15 09:35:42,0.39,0.8125,376,0.38,0.7916,566,0.37,0.7708,19,0.385,0.802,280,0
SPY190717P299,2019-07-15,2019-07-15 09:35:42,0.39,0.8125,450,0.38,0.7916,581,0.37,0.7708,19,0.385,0.802,280,0
SPY190717P299,2019-07-15,2019-07-15 09:35:43,0.39,0.8125,550,0.38,0.7916,566,0.37,0.7708,19,0.385,0.802,280,0
SPY190717P299,2019-07-15,2019-07-15 09:35:44,0.39,0.8125,550,0.38,0.7916,480,0.37,0.7708,19,0.385,0.802,280,0
SPY190717P299,2019-07-15,2019-07-15 09:35:44,0.39,0.8125,656,0.38,0.7916,480,0.37,0.7708,19,0.385,0.802,280,0
SPY190717P299,2019-07-15,2019-07-15 09:35:45,0.39,0.8125,656,0.38,0.7916,659,0.37,0.7708,19,0.385,0.802,280,0
SPY190717P299,2019-07-15,2019-07-15 09:35:45,0.39,0.8125,21,0.38,0.7916,1033,0.37,0.7708,19,0.385,0.802,280,0
SPY190717P299,2019-07-15,2019-07-15 09:35:46,0.39,0.8125,5,0.38,0.7916,2098,0.37,0.7708,19,0.385,0.802,280,0
SPY190717P299,2019-07-15,2019-07-15 09:35:46,0.39,0.8125,21,0.38,0.7916,2141,0.37,0.7708,19,0.385,0.802,280,0
SPY190717P299,2019-07-15,2019-07-15 09:35:47,0.39,0.8125,5,0.38,0.7916,3138,0.37,0.7708,19,0.385,0.802,280,0
SPY190717P299,2019-07-15,2019-07-15 09:35:48,0.4,0.8333,1237,0.38,0.7916,3237,0.37,0.7708,19,0.39,0.8125,280,0
SPY190717P299,2019-07-15,2019-07-15 09:35:48,0.39,0.8125,6,0.38,0.7916,3138,0.37,0.7708,19,0.385,0.802,280,0
SPY190717P299,2019-07-15,2019-07-15 09:35:49,0.4,0.8333,1237,0.38,0.7916,2832,0.37,0.7708,19,0.39,0.8125,280,0
SPY190717P299,2019-07-15,2019-07-15 09:35:49,0.4,0.8333,257,0.39,0.8125,106,0.37,0.7708,19,0.395,0.8229,280,0
SPY190717P299,2019-07-15,2019-07-15 09:35:50,0.4,0.8333,1102,0.38,0.7916,3026,0.37,0.7708,19,0.39,0.8125,280,0
SPY190717P299,2019-07-15,2019-07-15 09:35:51,0.4,0.8333,1285,0.38,0.7916,3194,0.37,0.7708,19,0.39,0.8125,280,0
SPY190717P299,2019-07-15,2019-07-15 09:35:51,0.4,0.8333,1285,0.38,0.7916,3267,0.37,0.7708,19,0.39,0.8125,280,0
SPY190717P299,2019-07-15,2019-07-15 09:35:52,0.39,0.8125,106,0.38,0.7916,2760,0.37,0.7708,19,0.385,0.802,280,0
SPY190717P299,2019-07-15,2019-07-15 09:35:52,0.39,0.8125,337,0.38,0.7916,1523,0.37,0.7708,19,0.385,0.802,280,0
SPY190717P299,2019-07-15,2019-07-15 09:35:53,0.39,0.8125,438,0.38,0.7916,955,0.37,0.7708,19,0.385,0.802,280,0
SPY190717P299,2019-07-15,2019-07-15 09:35:54,0.39,0.8125,215,0.38,0.7916,2883,0.39,0.8125,2,0.385,0.802,282,2
SPY190717P299,2019-07-15,2019-07-15 09:35:54,0.39,0.8125,438,0.38,0.7916,693,0.37,0.7708,19,0.385,0.802,280,0
SPY190717P299,2019-07-15,2019-07-15 09:35:55,0.39,0.8125,215,0.38,0.7916,2883,0.39,0.8125,2,0.385,0.802,282,0
SPY190717P299,2019-07-15,2019-07-15 09:35:56,0.39,0.8125,261,0.38,0.7916,2792,0.39,0.8125,2,0.385,0.802,282,0
SPY190717P299,2019-07-15,2019-07-15 09:35:56,0.39,0.8125,261,0.38,0.7916,3047,0.39,0.8125,2,0.385,0.802,282,0
SPY190717P299,2019-07-15,2019-07-15 09:35:57,0.39,0.8125,329,0.38,0.7916,1636,0.39,0.8125,2,0.385,0.802,282,0
SPY190717P299,2019-07-15,2019-07-15 09:35:57,0.39,0.8125,329,0.38,0.7916,1116,0.39,0.8125,2,0.385,0.802,282,0
SPY190717P299,2019-07-15,2019-07-15 09:35:58,0.39,0.8125,329,0.38,0.7916,551,0.39,0.8125,2,0.385,0.802,282,0
SPY190717P299,2019-07-15,2019-07-15 09:35:59,0.39,0.8125,1036,0.38,0.7916,1015,0.39,0.8125,2,0.385,0.802,282,0
SPY190717P299,2019-07-15,2019-07-15 09:35:59,0.39,0.8125,506,0.38,0.7916,849,0.39,0.8125,2,0.385,0.802,282,0
SPY190717P299,2019-07-15,2019-07-15 09:36:00,0.39,0.8125,1036,0.38,0.7916,947,0.39,0.8125,2,0.385,0.802,282,0
SPY190717P299,2019-07-15,2019-07-15 09:36:01,0.38,0.7916,182,0.37,0.7708,1669,0.39,0.8125,2,0.375,0.7812,282,0
SPY190717P299,2019-07-15,2019-07-15 09:36:01,0.39,0.8125,1372,0.38,0.7916,453,0.39,0.8125,2,0.385,0.802,282,0
SPY190717P299,2019-07-15,2019-07-15 09:36:02,0.38,0.7916,381,0.37,0.7708,1179,0.39,0.8125,2,0.375,0.7812,282,0
SPY190717P299,2019-07-15,2019-07-15 09:36:03,0.38,0.7916,381,0.37,0.7708,1179,0.39,0.8125,2,0.375,0.7812,282,0
SPY190717P299,2019-07-15,2019-07-15 09:36:03,0.38,0.7916,381,0.37,0.7708,1132,0.39,0.8125,2,0.375,0.7812,282,0
SPY190717P299,2019-07-15,2019-07-15 09:36:04,0.38,0.7916,918,0.37,0.7708,1132,0.39,0.8125,2,0.375,0.7812,282,0
SPY190717P299,2019-07-15,2019-07-15 09:36:05,0.38,0.7916,330,0.37,0.7708,1646,0.39,0.8125,2,0.375,0.7812,282,0
SPY190717P299,2019-07-15,2019-07-15 09:36:05,0.38,0.7916,539,0.37,0.7708,1132,0.39,0.8125,2,0.375,0.7812,282,0
SPY190717P299,2019-07-15,2019-07-15 09:36:06,0.38,0.7916,330,0.37,0.7708,1146,0.39,0.8125,2,0.375,0.7812,282,0
SPY190717P299,2019-07-15,2019-07-15 09:36:07,0.38,0.7916,977,0.37,0.7708,1789,0.39,0.8125,2,0.375,0.7812,282,0
SPY190717P299,2019-07-15,2019-07-15 09:36:07,0.38,0.7916,977,0.37,0.7708,1836,0.39,0.8125,2,0.375,0.7812,282,0
SPY190717P299,2019-07-15,2019-07-15 09:36:08,0.38,0.7916,977,0.37,0.7708,1836,0.39,0.8125,2,0.375,0.7812,282,0
SPY190717P299,2019-07-15,2019-07-15 09:36:09,0.38,0.7916,929,0.37,0.7708,1822,0.38,0.7916,1,0.375,0.7812,283,0
SPY190717P299,2019-07-15,2019-07-15 09:36:09,0.38,0.7916,929,0.37,0.7708,1836,0.38,0.7916,1,0.375,0.7812,283,1
SPY190717P299,2019-07-15,2019-07-15 09:36:10,0.38,0.7916,929,0.37,0.7708,1822,0.38,0.7916,1,0.375,0.7812,283,0
SPY190717P299,2019-07-15,2019-07-15 09:36:10,0.38,0.7916,929,0.37,0.7708,1042,0.38,0.7916,1,0.375,0.7812,283,0
SPY190717P299,2019-07-15,2019-07-15 09:36:11,0.38,0.7916,1216,0.37,0.7708,1518,0.38,0.7916,3,0.375,0.7812,291,8
SPY190717P299,2019-07-15,2019-07-15 09:36:12,0.38,0.7916,876,0.37,0.7708,1181,0.38,0.7916,3,0.375,0.7812,291,0
SPY190717P299,2019-07-15,2019-07-15 09:36:12,0.38,0.7916,1216,0.37,0.7708,1228,0.38,0.7916,3,0.375,0.7812,291,0
SPY190717P299,2019-07-15,2019-07-15 09:36:13,0.38,0.7916,1195,0.37,0.7708,651,0.38,0.7916,3,0.375,0.7812,291,0
SPY190717P299,2019-07-15,2019-07-15 09:36:13,0.38,0.7916,1195,0.37,0.7708,913,0.38,0.7916,3,0.375,0.7812,291,0
SPY190717P299,2019-07-15,2019-07-15 09:36:14,0.37,0.7708,6,0.36,0.75,2948,0.38,0.7916,3,0.365,0.7604,291,0
SPY190717P299,2019-07-15,2019-07-15 09:36:15,0.37,0.7708,6,0.36,0.75,2699,0.38,0.7916,3,0.365,0.7604,291,0
SPY190717P299,2019-07-15,2019-07-15 09:36:15,0.37,0.7708,6,0.36,0.75,2531,0.38,0.7916,3,0.365,0.7604,291,0
SPY190717P299,2019-07-15,2019-07-15 09:36:16,0.37,0.7708,351,0.36,0.75,2589,0.38,0.7916,3,0.365,0.7604,291,0
SPY190717P299,2019-07-15,2019-07-15 09:36:17,0.37,0.7708,1213,0.36,0.75,950,0.37,0.7708,1,0.365,0.7604,292,1
SPY190717P299,2019-07-15,2019-07-15 09:36:17,0.37,0.7708,351,0.36,0.75,2531,0.38,0.7916,3,0.365,0.7604,291,0
SPY190717P299,2019-07-15,2019-07-15 09:36:18,0.37,0.7708,1215,0.36,0.75,393,0.37,0.7708,1,0.365,0.7604,292,0
SPY190717P299,2019-07-15,2019-07-15 09:36:18,0.37,0.7708,1126,0.36,0.75,393,0.37,0.7708,1,0.365,0.7604,292,0
SPY190717P299,2019-07-15,2019-07-15 09:36:19,0.37,0.7708,1126,0.35,0.7291,3489,0.37,0.7708,1,0.36,0.75,292,0
SPY190717P299,2019-07-15,2019-07-15 09:36:20,0.36,0.75,5,0.35,0.7291,3559,0.37,0.7708,1,0.355,0.7395,292,0
SPY190717P299,2019-07-15,2019-07-15 09:36:21,0.36,0.75,5,0.35,0.7291,3559,0.37,0.7708,1,0.355,0.7395,292,0
SPY190717P299,2019-07-15,2019-07-15 09:36:21,0.36,0.75,5,0.35,0.7291,3161,0.37,0.7708,1,0.355,0.7395,292,0
SPY190717P299,2019-07-15,2019-07-15 09:36:22,0.36,0.75,5,0.35,0.7291,2897,0.37,0.7708,1,0.355,0.7395,292,0
SPY190717P299,2019-07-15,2019-07-15 09:36:23,0.36,0.75,5,0.35,0.7291,3306,0.37,0.7708,1,0.355,0.7395,292,0
SPY190717P299,2019-07-15,2019-07-15 09:36:23,0.36,0.75,20,0.35,0.7291,2897,0.37,0.7708,1,0.355,0.7395,292,0
SPY190717P299,2019-07-15,2019-07-15 09:36:24,0.36,0.75,336,0.35,0.7291,3236,0.37,0.7708,1,0.355,0.7395,292,0
SPY190717P299,2019-07-15,2019-07-15 09:36:24,0.36,0.75,222,0.35,0.7291,2827,0.37,0.7708,1,0.355,0.7395,292,0
SPY190717P299,2019-07-15,2019-07-15 09:36:25,0.36,0.75,641,0.35,0.7291,1341,0.37,0.7708,1,0.355,0.7395,292,0
SPY190717P299,2019-07-15,2019-07-15 09:36:25,0.36,0.75,641,0.35,0.7291,1437,0.37,0.7708,1,0.355,0.7395,292,0
SPY190717P299,2019-07-15,2019-07-15 09:36:26,0.36,0.75,416,0.35,0.7291,2364,0.37,0.7708,1,0.355,0.7395,292,0
SPY190717P299,2019-07-15,2019-07-15 09:36:27,0.36,0.75,191,0.35,0.7291,2758,0.37,0.7708,1,0.355,0.7395,292,0
SPY190717P299,2019-07-15,2019-07-15 09:36:27,0.36,0.75,258,0.35,0.7291,2816,0.37,0.7708,1,0.355,0.7395,292,0
SPY190717P299,2019-07-15,2019-07-15 09:36:28,0.36,0.75,110,0.35,0.7291,1224,0.37,0.7708,1,0.355,0.7395,292,0
SPY190717P299,2019-07-15,2019-07-15 09:36:28,0.36,0.75,110,0.35,0.7291,1275,0.37,0.7708,1,0.355,0.7395,292,0
SPY190717P299,2019-07-15,2019-07-15 09:36:29,0.36,0.75,110,0.35,0.7291,2383,0.37,0.7708,1,0.355,0.7395,292,0
SPY190717P299,2019-07-15,2019-07-15 09:36:30,0.36,0.75,626,0.35,0.7291,1382,0.37,0.7708,1,0.355,0.7395,292,0
SPY190717P299,2019-07-15,2019-07-15 09:36:30,0.36,0.75,626,0.35,0.7291,2383,0.37,0.7708,1,0.355,0.7395,292,0
SPY190717P299,2019-07-15,2019-07-15 09:36:31,0.36,0.75,626,0.35,0.7291,1382,0.37,0.7708,1,0.355,0.7395,292,0
SPY190717P299,2019-07-15,2019-07-15 09:36:31,0.36,0.75,485,0.35,0.7291,2275,0.37,0.7708,1,0.355,0.7395,292,0
SPY190717P299,2019-07-15,2019-07-15 09:36:32,0.36,0.75,414,0.35,0.7291,2324,0.37,0.7708,1,0.355,0.7395,292,0
SPY190717P299,2019-07-15,2019-07-15 09:36:33,0.36,0.75,264,0.35,0.7291,1973,0.37,0.7708,1,0.355,0.7395,292,0
SPY190717P299,2019-07-15,2019-07-15 09:36:33,0.36,0.75,414,0.35,0.7291,1352,0.37,0.7708,1,0.355,0.7395,292,0
SPY190717P299,2019-07-15,2019-07-15 09:36:34,0.36,0.75,639,0.35,0.7291,2046,0.37,0.7708,1,0.355,0.7395,292,0
SPY190717P299,2019-07-15,2019-07-15 09:36:35,0.36,0.75,649,0.35,0.7291,2389,0.37,0.7708,1,0.355,0.7395,292,0
SPY190717P299,2019-07-15,2019-07-15 09:36:36,0.36,0.75,639,0.35,0.7291,1641,0.37,0.7708,1,0.355,0.7395,292,0
SPY190717P299,2019-07-15,2019-07-15 09:36:37,0.36,0.75,272,0.35,0.7291,1402,0.37,0.7708,1,0.355,0.7395,292,0
SPY190717P299,2019-07-15,2019-07-15 09:36:37,0.36,0.75,100,0.35,0.7291,2293,0.37,0.7708,1,0.355,0.7395,292,0
SPY190717P299,2019-07-15,2019-07-15 09:36:38,0.36,0.75,272,0.35,0.7291,1588,0.37,0.7708,1,0.355,0.7395,292,0
SPY190717P299,2019-07-15,2019-07-15 09:36:39,0.36,0.75,272,0.35,0.7291,2486,0.37,0.7708,1,0.355,0.7395,292,0
SPY190717P299,2019-07-15,2019-07-15 09:36:39,0.36,0.75,272,0.35,0.7291,1710,0.37,0.7708,1,0.355,0.7395,292,0
SPY190717P299,2019-07-15,2019-07-15 09:36:40,0.36,0.75,6,0.35,0.7291,2662,0.37,0.7708,1,0.355,0.7395,292,0
SPY190717P299,2019-07-15,2019-07-15 09:36:40,0.36,0.75,230,0.35,0.7291,2486,0.37,0.7708,1,0.355,0.7395,292,0
SPY190717P299,2019-07-15,2019-07-15 09:36:41,0.36,0.75,1,0.35,0.7291,2662,0.37,0.7708,1,0.355,0.7395,292,0
SPY190717P299,2019-07-15,2019-07-15 09:36:42,0.36,0.75,1,0.35,0.7291,1616,0.35,0.7291,2,0.355,0.7395,294,2
SPY190717P299,2019-07-15,2019-07-15 09:36:42,0.36,0.75,1,0.35,0.7291,2562,0.35,0.7291,2,0.355,0.7395,294,0
SPY190717P299,2019-07-15,2019-07-15 09:36:43,0.36,0.75,1,0.35,0.7291,2562,0.35,0.7291,2,0.355,0.7395,294,0
SPY190717P299,2019-07-15,2019-07-15 09:36:44,0.36,0.75,1,0.35,0.7291,2555,0.35,0.7291,2,0.355,0.7395,294,0
SPY190717P299,2019-07-15,2019-07-15 09:36:44,0.36,0.75,1,0.35,0.7291,2487,0.35,0.7291,2,0.355,0.7395,294,0
SPY190717P299,2019-07-15,2019-07-15 09:36:45,0.36,0.75,1,0.35,0.7291,2491,0.35,0.7291,2,0.355,0.7395,294,0
SPY190717P299,2019-07-15,2019-07-15 09:36:45,0.36,0.75,1,0.35,0.7291,2487,0.35,0.7291,2,0.355,0.7395,294,0
SPY190717P299,2019-07-15,2019-07-15 09:36:46,0.36,0.75,1,0.35,0.7291,2491,0.35,0.7291,2,0.355,0.7395,294,0
SPY190717P299,2019-07-15,2019-07-15 09:36:47,0.36,0.75,1,0.35,0.7291,2980,0.36,0.75,1,0.355,0.7395,295,1
SPY190717P299,2019-07-15,2019-07-15 09:36:47,0.36,0.75,1,0.35,0.7291,2251,0.35,0.7291,2,0.355,0.7395,294,0
SPY190717P299,2019-07-15,2019-07-15 09:36:48,0.37,0.7708,414,0.36,0.75,2765,0.36,0.75,1,0.365,0.7604,295,0
SPY190717P299,2019-07-15,2019-07-15 09:36:48,0.37,0.7708,639,0.36,0.75,2711,0.36,0.75,1,0.365,0.7604,295,0
SPY190717P299,2019-07-15,2019-07-15 09:36:49,0.37,0.7708,525,0.36,0.75,2732,0.36,0.75,1,0.365,0.7604,295,0
SPY190717P299,2019-07-15,2019-07-15 09:36:49,0.37,0.7708,428,0.36,0.75,2732,0.36,0.75,1,0.365,0.7604,295,0
SPY190717P299,2019-07-15,2019-07-15 09:36:50,0.37,0.7708,425,0.36,0.75,2732,0.36,0.75,1,0.365,0.7604,295,0
SPY190717P299,2019-07-15,2019-07-15 09:36:51,0.37,0.7708,622,0.36,0.75,2523,0.37,0.7708,10,0.365,0.7604,305,10
SPY190717P299,2019-07-15,2019-07-15 09:36:51,0.37,0.7708,376,0.36,0.75,2732,0.36,0.75,1,0.365,0.7604,295,0
SPY190717P299,2019-07-15,2019-07-15 09:36:52,0.37,0.7708,539,0.36,0.75,2648,0.36,0.75,3,0.365,0.7604,308,0
SPY190717P299,2019-07-15,2019-07-15 09:36:52,0.37,0.7708,539,0.36,0.75,2648,0.36,0.75,3,0.365,0.7604,308,3
SPY190717P299,2019-07-15,2019-07-15 09:36:53,0.37,0.7708,539,0.36,0.75,2648,0.36,0.75,3,0.365,0.7604,308,0
SPY190717P299,2019-07-15,2019-07-15 09:36:54,0.37,0.7708,271,0.36,0.75,2131,0.36,0.75,3,0.365,0.7604,308,0
SPY190717P299,2019-07-15,2019-07-15 09:36:54,0.37,0.7708,271,0.36,0.75,2248,0.36,0.75,3,0.365,0.7604,308,0
SPY190717P299,2019-07-15,2019-07-15 09:36:55,0.37,0.7708,271,0.36,0.75,2146,0.36,0.75,3,0.365,0.7604,308,0
SPY190717P299,2019-07-15,2019-07-15 09:36:55,0.37,0.7708,271,0.36,0.75,2539,0.36,0.75,3,0.365,0.7604,308,0
SPY190717P299,2019-07-15,2019-07-15 09:36:56,0.37,0.7708,178,0.36,0.75,2448,0.36,0.75,3,0.365,0.7604,308,0
SPY190717P299,2019-07-15,2019-07-15 09:36:56,0.37,0.7708,271,0.36,0.75,2451,0.36,0.75,3,0.365,0.7604,308,0
SPY190717P299,2019-07-15,2019-07-15 09:36:57,0.37,0.7708,178,0.36,0.75,2448,0.36,0.75,3,0.365,0.7604,308,0
SPY190717P299,2019-07-15,2019-07-15 09:36:58,0.37,0.7708,178,0.36,0.75,2448,0.36,0.75,3,0.365,0.7604,308,0
SPY190717P299,2019-07-15,2019-07-15 09:36:59,0.37,0.7708,178,0.36,0.75,2561,0.36,0.75,3,0.365,0.7604,308,0
SPY190717P299,2019-07-15,2019-07-15 09:37:00,0.37,0.7708,258,0.36,0.75,2561,0.36,0.75,3,0.365,0.7604,308,0
SPY190717P299,2019-07-15,2019-07-15 09:37:01,0.37,0.7708,258,0.36,0.75,2561,0.36,0.75,3,0.365,0.7604,308,0
SPY190717P299,2019-07-15,2019-07-15 09:37:01,0.37,0.7708,580,0.36,0.75,548,0.36,0.75,3,0.365,0.7604,308,0
SPY190717P299,2019-07-15,2019-07-15 09:37:02,0.37,0.7708,1598,0.36,0.75,548,0.36,0.75,3,0.365,0.7604,308,0
SPY190717P299,2019-07-15,2019-07-15 09:37:03,0.37,0.7708,1506,0.36,0.75,106,0.36,0.75,3,0.365,0.7604,308,0
SPY190717P299,2019-07-15,2019-07-15 09:37:04,0.37,0.7708,1306,0.36,0.75,80,0.36,0.75,3,0.365,0.7604,308,0
SPY190717P299,2019-07-15,2019-07-15 09:37:05,0.37,0.7708,1124,0.36,0.75,117,0.36,0.75,3,0.365,0.7604,308,0
SPY190717P299,2019-07-15,2019-07-15 09:37:05,0.37,0.7708,1124,0.36,0.75,80,0.36,0.75,3,0.365,0.7604,308,0
SPY190717P299,2019-07-15,2019-07-15 09:37:06,0.37,0.7708,1136,0.36,0.75,80,0.36,0.75,3,0.365,0.7604,308,0
SPY190717P299,2019-07-15,2019-07-15 09:37:06,0.37,0.7708,1489,0.36,0.75,80,0.36,0.75,60,0.365,0.7604,368,60
SPY190717P299,2019-07-15,2019-07-15 09:37:07,0.37,0.7708,1489,0.36,0.75,1,0.36,0.75,60,0.365,0.7604,368,0
SPY190717P299,2019-07-15,2019-07-15 09:37:08,0.37,0.7708,1489,0.35,0.7291,2762,0.36,0.75,60,0.36,0.75,368,0
SPY190717P299,2019-07-15,2019-07-15 09:37:08,0.37,0.7708,1415,0.35,0.7291,3100,0.36,0.75,60,0.36,0.75,368,0
SPY190717P299,2019-07-15,2019-07-15 09:37:09,0.37,0.7708,1415,0.35,0.7291,2684,0.36,0.75,60,0.36,0.75,368,0
SPY190717P299,2019-07-15,2019-07-15 09:37:09,0.37,0.7708,1246,0.36,0.75,23,0.36,0.75,60,0.365,0.7604,368,0
SPY190717P299,2019-07-15,2019-07-15 09:37:10,0.37,0.7708,1246,0.36,0.75,41,0.36,0.75,60,0.365,0.7604,368,0
SPY190717P299,2019-07-15,2019-07-15 09:37:10,0.37,0.7708,1235,0.36,0.75,41,0.36,0.75,60,0.365,0.7604,368,0
SPY190717P299,2019-07-15,2019-07-15 09:37:11,0.37,0.7708,1651,0.35,0.7291,2694,0.36,0.75,60,0.36,0.75,368,0
SPY190717P299,2019-07-15,2019-07-15 09:37:12,0.37,0.7708,1235,0.36,0.75,389,0.36,0.75,60,0.365,0.7604,368,0
SPY190717P299,2019-07-15,2019-07-15 09:37:12,0.37,0.7708,1651,0.36,0.75,389,0.36,0.75,60,0.365,0.7604,368,0
SPY190717P299,2019-07-15,2019-07-15 09:37:13,0.37,0.7708,1235,0.36,0.75,106,0.37,0.7708,1,0.365,0.7604,369,1
SPY190717P299,2019-07-15,2019-07-15 09:37:13,0.37,0.7708,1235,0.36,0.75,106,0.36,0.75,60,0.365,0.7604,368,0
SPY190717P299,2019-07-15,2019-07-15 09:37:14,0.37,0.7708,1651,0.36,0.75,106,0.37,0.7708,1,0.365,0.7604,369,0
SPY190717P299,2019-07-15,2019-07-15 09:37:15,0.37,0.7708,1235,0.36,0.75,106,0.37,0.7708,1,0.365,0.7604,369,0
SPY190717P299,2019-07-15,2019-07-15 09:37:15,0.37,0.7708,1651,0.36,0.75,106,0.37,0.7708,1,0.365,0.7604,369,0
SPY190717P299,2019-07-15,2019-07-15 09:37:16,0.37,0.7708,1235,0.36,0.75,106,0.37,0.7708,1,0.365,0.7604,369,0
SPY190717P299,2019-07-15,2019-07-15 09:37:16,0.37,0.7708,1651,0.36,0.75,100,0.37,0.7708,1,0.365,0.7604,369,0
SPY190717P299,2019-07-15,2019-07-15 09:37:17,0.37,0.7708,1039,0.36,0.75,106,0.37,0.7708,1,0.365,0.7604,369,0
SPY190717P299,2019-07-15,2019-07-15 09:37:17,0.37,0.7708,1153,0.36,0.75,100,0.37,0.7708,1,0.365,0.7604,369,0
SPY190717P299,2019-07-15,2019-07-15 09:37:18,0.37,0.7708,168,0.36,0.75,314,0.37,0.7708,1,0.365,0.7604,369,0
SPY190717P299,2019-07-15,2019-07-15 09:37:18,0.37,0.7708,256,0.36,0.75,314,0.37,0.7708,1,0.365,0.7604,369,0
SPY190717P299,2019-07-15,2019-07-15 09:37:19,0.37,0.7708,256,0.36,0.75,1501,0.37,0.7708,1,0.365,0.7604,369,0
SPY190717P299,2019-07-15,2019-07-15 09:37:20,0.37,0.7708,336,0.36,0.75,1501,0.37,0.7708,1,0.365,0.7604,369,0
SPY190717P299,2019-07-15,2019-07-15 09:37:21,0.37,0.7708,1158,0.36,0.75,702,0.37,0.7708,1,0.365,0.7604,369,0
SPY190717P299,2019-07-15,2019-07-15 09:37:22,0.37,0.7708,332,0.36,0.75,702,0.37,0.7708,1,0.365,0.7604,369,0
SPY190717P299,2019-07-15,2019-07-15 09:37:22,0.37,0.7708,446,0.36,0.75,1342,0.37,0.7708,1,0.365,0.7604,369,0
SPY190717P299,2019-07-15,2019-07-15 09:37:23,0.37,0.7708,446,0.36,0.75,1941,0.37,0.7708,1,0.365,0.7604,369,0
SPY190717P299,2019-07-15,2019-07-15 09:37:23,0.37,0.7708,446,0.36,0.75,1342,0.37,0.7708,1,0.365,0.7604,369,0
SPY190717P299,2019-07-15,2019-07-15 09:37:24,0.37,0.7708,446,0.36,0.75,1864,0.37,0.7708,1,0.365,0.7604,369,0
SPY190717P299,2019-07-15,2019-07-15 09:37:24,0.38,0.7916,529,0.37,0.7708,262,0.37,0.7708,1,0.375,0.7812,369,0
SPY190717P299,2019-07-15,2019-07-15 09:37:25,0.38,0.7916,1073,0.37,0.7708,314,0.37,0.7708,1,0.375,0.7812,369,0
SPY190717P299,2019-07-15,2019-07-15 09:37:26,0.38,0.7916,975,0.37,0.7708,441,0.37,0.7708,1,0.375,0.7812,369,0
SPY190717P299,2019-07-15,2019-07-15 09:37:26,0.38,0.7916,1179,0.37,0.7708,441,0.37,0.7708,1,0.375,0.7812,369,0
SPY190717P299,2019-07-15,2019-07-15 09:37:27,0.38,0.7916,876,0.37,0.7708,656,0.37,0.7708,1,0.375,0.7812,369,0
SPY190717P299,2019-07-15,2019-07-15 09:37:27,0.38,0.7916,743,0.37,0.7708,969,0.38,0.7916,3,0.375,0.7812,372,3
SPY190717P299,2019-07-15,2019-07-15 09:37:28,0.38,0.7916,743,0.37,0.7708,1516,0.38,0.7916,3,0.375,0.7812,372,0
SPY190717P299,2019-07-15,2019-07-15 09:37:29,0.38,0.7916,254,0.37,0.7708,2556,0.38,0.7916,3,0.375,0.7812,372,0
SPY190717P299,2019-07-15,2019-07-15 09:37:29,0.38,0.7916,172,0.37,0.7708,2556,0.38,0.7916,3,0.375,0.7812,372,0
SPY190717P299,2019-07-15,2019-07-15 09:37:30,0.38,0.7916,161,0.37,0.7708,2727,0.38,0.7916,3,0.375,0.7812,372,0
SPY190717P299,2019-07-15,2019-07-15 09:37:30,0.38,0.7916,172,0.37,0.7708,2724,0.38,0.7916,3,0.375,0.7812,372,0
SPY190717P299,2019-07-15,2019-07-15 09:37:31,0.38,0.7916,100,0.38,0.7916,5,0.38,0.7916,3,0.38,0.7916,372,0
SPY190717P299,2019-07-15,2019-07-15 09:37:32,0.39,0.8125,1406,0.38,0.7916,94,0.38,0.7916,3,0.385,0.802,372,0
SPY190717P299,2019-07-15,2019-07-15 09:37:32,0.39,0.8125,1406,0.38,0.7916,88,0.38,0.7916,3,0.385,0.802,372,0
SPY190717P299,2019-07-15,2019-07-15 09:37:33,0.39,0.8125,260,0.38,0.7916,939,0.38,0.7916,3,0.385,0.802,372,0
SPY190717P299,2019-07-15,2019-07-15 09:37:34,0.39,0.8125,440,0.38,0.7916,772,0.38,0.7916,3,0.385,0.802,372,0
SPY190717P299,2019-07-15,2019-07-15 09:37:34,0.39,0.8125,440,0.38,0.7916,888,0.38,0.7916,3,0.385,0.802,372,0
SPY190717P299,2019-07-15,2019-07-15 09:37:35,0.39,0.8125,440,0.38,0.7916,888,0.38,0.7916,3,0.385,0.802,372,0
SPY190717P299,2019-07-15,2019-07-15 09:37:35,0.39,0.8125,255,0.38,0.7916,888,0.38,0.7916,3,0.385,0.802,372,0
SPY190717P299,2019-07-15,2019-07-15 09:37:36,0.39,0.8125,310,0.38,0.7916,888,0.38,0.7916,3,0.385,0.802,372,0
SPY190717P299,2019-07-15,2019-07-15 09:37:37,0.39,0.8125,310,0.38,0.7916,830,0.38,0.7916,3,0.385,0.802,372,0
SPY190717P299,2019-07-15,2019-07-15 09:37:37,0.39,0.8125,193,0.38,0.7916,1095,0.38,0.7916,3,0.385,0.802,372,0
SPY190717P299,2019-07-15,2019-07-15 09:37:38,0.39,0.8125,413,0.38,0.7916,1305,0.38,0.7916,3,0.385,0.802,372,0
SPY190717P299,2019-07-15,2019-07-15 09:37:38,0.39,0.8125,413,0.38,0.7916,1341,0.38,0.7916,3,0.385,0.802,372,0
SPY190717P299,2019-07-15,2019-07-15 09:37:39,0.39,0.8125,153,0.38,0.7916,1341,0.38,0.7916,3,0.385,0.802,372,0
SPY190717P299,2019-07-15,2019-07-15 09:37:39,0.39,0.8125,180,0.38,0.7916,1987,0.38,0.7916,3,0.385,0.802,372,0
SPY190717P299,2019-07-15,2019-07-15 09:37:40,0.39,0.8125,54,0.38,0.7916,2504,0.38,0.7916,3,0.385,0.802,372,0
SPY190717P299,2019-07-15,2019-07-15 09:37:40,0.39,0.8125,2,0.38,0.7916,3011,0.38,0.7916,3,0.385,0.802,372,0
SPY190717P299,2019-07-15,2019-07-15 09:37:41,0.39,0.8125,2,0.38,0.7916,3011,0.38,0.7916,3,0.385,0.802,372,0
SPY190717P299,2019-07-15,2019-07-15 09:37:42,0.4,0.8333,705,0.39,0.8125,386,0.39,0.8125,2,0.395,0.8229,374,2
SPY190717P299,2019-07-15,2019-07-15 09:37:42,0.4,0.8333,1289,0.39,0.8125,193,0.39,0.8125,2,0.395,0.8229,374,0
SPY190717P299,2019-07-15,2019-07-15 09:37:43,0.39,0.8125,249,0.38,0.7916,1117,0.39,0.8125,2,0.385,0.802,374,0
SPY190717P299,2019-07-15,2019-07-15 09:37:43,0.39,0.8125,5,0.38,0.7916,1102,0.39,0.8125,2,0.385,0.802,374,0
SPY190717P299,2019-07-15,2019-07-15 09:37:44,0.39,0.8125,369,0.38,0.7916,1117,0.39,0.8125,2,0.385,0.802,374,0
SPY190717P299,2019-07-15,2019-07-15 09:37:45,0.39,0.8125,667,0.38,0.7916,1173,0.39,0.8125,2,0.385,0.802,374,0
SPY190717P299,2019-07-15,2019-07-15 09:37:45,0.39,0.8125,601,0.38,0.7916,1173,0.39,0.8125,2,0.385,0.802,374,0
SPY190717P299,2019-07-15,2019-07-15 09:37:46,0.39,0.8125,601,0.38,0.7916,1547,0.39,0.8125,2,0.385,0.802,374,0
SPY190717P299,2019-07-15,2019-07-15 09:37:46,0.39,0.8125,667,0.38,0.7916,1196,0.39,0.8125,2,0.385,0.802,374,0
SPY190717P299,2019-07-15,2019-07-15 09:37:47,0.39,0.8125,601,0.38,0.7916,1994,0.39,0.8125,2,0.385,0.802,374,0
SPY190717P299,2019-07-15,2019-07-15 09:37:47,0.39,0.8125,5,0.38,0.7916,1994,0.39,0.8125,2,0.385,0.802,374,0
SPY190717P299,2019-07-15,2019-07-15 09:37:48,0.39,0.8125,5,0.38,0.7916,2560,0.39,0.8125,2,0.385,0.802,374,0
SPY190717P299,2019-07-15,2019-07-15 09:37:49,0.39,0.8125,120,0.38,0.7916,2810,0.39,0.8125,2,0.385,0.802,374,0
SPY190717P299,2019-07-15,2019-07-15 09:37:49,0.39,0.8125,263,0.38,0.7916,2960,0.39,0.8125,2,0.385,0.802,374,0
SPY190717P299,2019-07-15,2019-07-15 09:37:50,0.39,0.8125,899,0.38,0.7916,1293,0.39,0.8125,2,0.385,0.802,374,0
SPY190717P299,2019-07-15,2019-07-15 09:37:51,0.39,0.8125,899,0.38,0.7916,1426,0.39,0.8125,2,0.385,0.802,374,0
SPY190717P299,2019-07-15,2019-07-15 09:37:52,0.39,0.8125,176,0.38,0.7916,2752,0.39,0.8125,2,0.385,0.802,374,0
SPY190717P299,2019-07-15,2019-07-15 09:37:52,0.39,0.8125,226,0.38,0.7916,1096,0.39,0.8125,2,0.385,0.802,374,0
SPY190717P299,2019-07-15,2019-07-15 09:37:53,0.39,0.8125,176,0.39,0.8125,262,0.39,0.8125,2,0.39,0.8125,374,0
SPY190717P299,2019-07-15,2019-07-15 09:37:54,0.39,0.8125,250,0.38,0.7916,2841,0.39,0.8125,2,0.385,0.802,374,0
SPY190717P299,2019-07-15,2019-07-15 09:37:54,0.39,0.8125,38,0.38,0.7916,2841,0.39,0.8125,2,0.385,0.802,374,0
SPY190717P299,2019-07-15,2019-07-15 09:37:55,0.39,0.8125,100,0.38,0.7916,2441,0.39,0.8125,2,0.385,0.802,374,0
SPY190717P299,2019-07-15,2019-07-15 09:37:56,0.4,0.8333,1274,0.39,0.8125,111,0.39,0.8125,2,0.395,0.8229,374,0
SPY190717P299,2019-07-15,2019-07-15 09:37:56,0.39,0.8125,5,0.39,0.8125,115,0.39,0.8125,2,0.39,0.8125,374,0
SPY190717P299,2019-07-15,2019-07-15 09:37:57,0.4,0.8333,1087,0.39,0.8125,698,0.39,0.8125,2,0.395,0.8229,374,0
SPY190717P299,2019-07-15,2019-07-15 09:37:57,0.4,0.8333,1274,0.39,0.8125,262,0.39,0.8125,2,0.395,0.8229,374,0
SPY190717P299,2019-07-15,2019-07-15 09:37:58,0.4,0.8333,769,0.39,0.8125,966,0.39,0.8125,2,0.395,0.8229,374,0
SPY190717P299,2019-07-15,2019-07-15 09:37:58,0.4,0.8333,869,0.39,0.8125,1086,0.39,0.8125,2,0.395,0.8229,374,0
SPY190717P299,2019-07-15,2019-07-15 09:37:59,0.4,0.8333,1365,0.39,0.8125,630,0.39,0.8125,2,0.395,0.8229,374,0
SPY190717P299,2019-07-15,2019-07-15 09:38:00,0.4,0.8333,1365,0.39,0.8125,94,0.39,0.8125,2,0.395,0.8229,374,0
SPY190717P299,2019-07-15,2019-07-15 09:38:00,0.4,0.8333,1364,0.39,0.8125,5,0.39,0.8125,2,0.395,0.8229,374,0
SPY190717P299,2019-07-15,2019-07-15 09:38:01,0.4,0.8333,1364,0.39,0.8125,5,0.39,0.8125,2,0.395,0.8229,374,0
SPY190717P299,2019-07-15,2019-07-15 09:38:02,0.4,0.8333,56,0.39,0.8125,26,0.39,0.8125,2,0.395,0.8229,374,0
SPY190717P299,2019-07-15,2019-07-15 09:38:02,0.4,0.8333,1339,0.39,0.8125,70,0.39,0.8125,2,0.395,0.8229,374,0
SPY190717P299,2019-07-15,2019-07-15 09:38:03,0.4,0.8333,1089,0.39,0.8125,398,0.39,0.8125,2,0.395,0.8229,374,0
SPY190717P299,2019-07-15,2019-07-15 09:38:04,0.4,0.8333,1189,0.39,0.8125,200,0.39,0.8125,2,0.395,0.8229,374,0
SPY190717P299,2019-07-15,2019-07-15 09:38:04,0.4,0.8333,218,0.39,0.8125,1144,0.39,0.8125,2,0.395,0.8229,374,0
SPY190717P299,2019-07-15,2019-07-15 09:38:05,0.4,0.8333,218,0.39,0.8125,1549,0.39,0.8125,2,0.395,0.8229,374,0
SPY190717P299,2019-07-15,2019-07-15 09:38:05,0.4,0.8333,245,0.39,0.8125,1549,0.39,0.8125,2,0.395,0.8229,374,0
SPY190717P299,2019-07-15,2019-07-15 09:38:06,0.4,0.8333,245,0.39,0.8125,1947,0.39,0.8125,2,0.395,0.8229,374,0
SPY190717P299,2019-07-15,2019-07-15 09:38:07,0.4,0.8333,245,0.39,0.8125,2037,0.39,0.8125,2,0.395,0.8229,374,0
SPY190717P299,2019-07-15,2019-07-15 09:38:08,0.4,0.8333,245,0.39,0.8125,2378,0.39,0.8125,2,0.395,0.8229,374,0
SPY190717P299,2019-07-15,2019-07-15 09:38:08,0.4,0.8333,245,0.39,0.8125,2667,0.39,0.8125,2,0.395,0.8229,374,0
SPY190717P299,2019-07-15,2019-07-15 09:38:09,0.4,0.8333,245,0.39,0.8125,2145,0.39,0.8125,2,0.395,0.8229,374,0
SPY190717P299,2019-07-15,2019-07-15 09:38:09,0.4,0.8333,245,0.39,0.8125,2378,0.39,0.8125,2,0.395,0.8229,374,0
SPY190717P299,2019-07-15,2019-07-15 09:38:10,0.4,0.8333,296,0.39,0.8125,669,0.39,0.8125,2,0.395,0.8229,374,0
SPY190717P299,2019-07-15,2019-07-15 09:38:10,0.4,0.8333,39,0.39,0.8125,1346,0.39,0.8125,2,0.395,0.8229,374,0
SPY190717P299,2019-07-15,2019-07-15 09:38:11,0.4,0.8333,357,0.39,0.8125,877,0.39,0.8125,2,0.395,0.8229,374,0
SPY190717P299,2019-07-15,2019-07-15 09:38:12,0.4,0.8333,353,0.39,0.8125,748,0.39,0.8125,2,0.395,0.8229,374,0
SPY190717P299,2019-07-15,2019-07-15 09:38:12,0.4,0.8333,1136,0.38,0.7916,1260,0.39,0.8125,2,0.39,0.8125,374,0
SPY190717P299,2019-07-15,2019-07-15 09:38:13,0.4,0.8333,1136,0.38,0.7916,1260,0.39,0.8125,2,0.39,0.8125,374,0
SPY190717P299,2019-07-15,2019-07-15 09:38:14,0.4,0.8333,1275,0.39,0.8125,5,0.39,0.8125,2,0.395,0.8229,374,0
SPY190717P299,2019-07-15,2019-07-15 09:38:14,0.39,0.8125,6,0.38,0.7916,2369,0.39,0.8125,2,0.385,0.802,374,0
SPY190717P299,2019-07-15,2019-07-15 09:38:15,0.39,0.8125,300,0.38,0.7916,2653,0.39,0.8125,2,0.385,0.802,374,0
SPY190717P299,2019-07-15,2019-07-15 09:38:16,0.39,0.8125,148,0.38,0.7916,1704,0.39,0.8125,2,0.385,0.802,374,0
SPY190717P299,2019-07-15,2019-07-15 09:38:16,0.39,0.8125,228,0.38,0.7916,1704,0.39,0.8125,2,0.385,0.802,374,0
SPY190717P299,2019-07-15,2019-07-15 09:38:17,0.39,0.8125,310,0.38,0.7916,1069,0.39,0.8125,2,0.385,0.802,374,0
SPY190717P299,2019-07-15,2019-07-15 09:38:18,0.39,0.8125,869,0.38,0.7916,1029,0.39,0.8125,2,0.385,0.802,374,0
SPY190717P299,2019-07-15,2019-07-15 09:38:19,0.39,0.8125,1181,0.38,0.7916,983,0.39,0.8125,2,0.385,0.802,374,0
SPY190717P299,2019-07-15,2019-07-15 09:38:19,0.39,0.8125,372,0.38,0.7916,779,0.39,0.8125,2,0.385,0.802,374,0
SPY190717P299,2019-07-15,2019-07-15 09:38:20,0.39,0.8125,327,0.38,0.7916,1027,0.39,0.8125,2,0.385,0.802,374,0
SPY190717P299,2019-07-15,2019-07-15 09:38:20,0.39,0.8125,327,0.38,0.7916,1002,0.39,0.8125,2,0.385,0.802,374,0
SPY190717P299,2019-07-15,2019-07-15 09:38:21,0.39,0.8125,327,0.38,0.7916,2780,0.39,0.8125,2,0.385,0.802,374,0
SPY190717P299,2019-07-15,2019-07-15 09:38:21,0.39,0.8125,327,0.38,0.7916,1002,0.39,0.8125,2,0.385,0.802,374,0
SPY190717P299,2019-07-15,2019-07-15 09:38:22,0.39,0.8125,327,0.38,0.7916,2663,0.39,0.8125,2,0.385,0.802,374,0
SPY190717P299,2019-07-15,2019-07-15 09:38:23,0.39,0.8125,252,0.38,0.7916,2663,0.39,0.8125,2,0.385,0.802,374,0
SPY190717P299,2019-07-15,2019-07-15 09:38:23,0.39,0.8125,252,0.38,0.7916,2806,0.39,0.8125,2,0.385,0.802,374,0
SPY190717P299,2019-07-15,2019-07-15 09:38:24,0.39,0.8125,56,0.39,0.8125,5,0.39,0.8125,2,0.39,0.8125,374,0
SPY190717P299,2019-07-15,2019-07-15 09:38:24,0.39,0.8125,56,0.38,0.7916,2277,0.39,0.8125,2,0.385,0.802,374,0
SPY190717P299,2019-07-15,2019-07-15 09:38:25,0.4,0.8333,648,0.39,0.8125,647,0.39,0.8125,2,0.395,0.8229,374,0
SPY190717P299,2019-07-15,2019-07-15 09:38:26,0.4,0.8333,1013,0.39,0.8125,747,0.39,0.8125,2,0.395,0.8229,374,0
SPY190717P299,2019-07-15,2019-07-15 09:38:26,0.4,0.8333,1013,0.39,0.8125,667,0.39,0.8125,2,0.395,0.8229,374,0
SPY190717P299,2019-07-15,2019-07-15 09:38:27,0.4,0.8333,247,0.39,0.8125,747,0.39,0.8125,2,0.395,0.8229,374,0
SPY190717P299,2019-07-15,2019-07-15 09:38:28,0.4,0.8333,252,0.39,0.8125,2740,0.39,0.8125,2,0.395,0.8229,374,0
SPY190717P299,2019-07-15,2019-07-15 09:38:29,0.4,0.8333,252,0.39,0.8125,2608,0.39,0.8125,2,0.395,0.8229,374,0
SPY190717P299,2019-07-15,2019-07-15 09:38:29,0.4,0.8333,252,0.39,0.8125,2776,0.39,0.8125,2,0.395,0.8229,374,0
SPY190717P299,2019-07-15,2019-07-15 09:38:30,0.4,0.8333,822,0.39,0.8125,321,0.39,0.8125,20,0.395,0.8229,394,0
SPY190717P299,2019-07-15,2019-07-15 09:38:30,0.4,0.8333,372,0.39,0.8125,773,0.39,0.8125,20,0.395,0.8229,394,20
SPY190717P299,2019-07-15,2019-07-15 09:38:31,0.39,0.8125,20,0.38,0.7916,1426,0.39,0.8125,20,0.385,0.802,394,0
SPY190717P299,2019-07-15,2019-07-15 09:38:32,0.39,0.8125,136,0.38,0.7916,2087,0.39,0.8125,20,0.385,0.802,394,0
SPY190717P299,2019-07-15,2019-07-15 09:38:32,0.39,0.8125,20,0.38,0.7916,2087,0.39,0.8125,20,0.385,0.802,394,0
SPY190717P299,2019-07-15,2019-07-15 09:38:33,0.39,0.8125,216,0.38,0.7916,1436,0.39,0.8125,20,0.385,0.802,394,0
SPY190717P299,2019-07-15,2019-07-15 09:38:34,0.39,0.8125,26,0.38,0.7916,2061,0.39,0.8125,20,0.385,0.802,394,0
SPY190717P299,2019-07-15,2019-07-15 09:38:35,0.4,0.8333,1322,0.39,0.8125,85,0.39,0.8125,20,0.395,0.8229,394,0
SPY190717P299,2019-07-15,2019-07-15 09:38:35,0.4,0.8333,1220,0.39,0.8125,85,0.39,0.8125,20,0.395,0.8229,394,0
SPY190717P299,2019-07-15,2019-07-15 09:38:36,0.4,0.8333,1134,0.39,0.8125,535,0.39,0.8125,20,0.395,0.8229,394,0
SPY190717P299,2019-07-15,2019-07-15 09:38:36,0.4,0.8333,1220,0.39,0.8125,130,0.39,0.8125,20,0.395,0.8229,394,0
SPY190717P299,2019-07-15,2019-07-15 09:38:37,0.4,0.8333,1134,0.39,0.8125,499,0.39,0.8125,20,0.395,0.8229,394,0
SPY190717P299,2019-07-15,2019-07-15 09:38:38,0.4,0.8333,489,0.39,0.8125,673,0.39,0.8125,20,0.395,0.8229,394,0
SPY190717P299,2019-07-15,2019-07-15 09:38:38,0.4,0.8333,1262,0.39,0.8125,673,0.39,0.8125,20,0.395,0.8229,394,0
SPY190717P299,2019-07-15,2019-07-15 09:38:39,0.4,0.8333,1272,0.39,0.8125,495,0.39,0.8125,20,0.395,0.8229,394,0
SPY190717P299,2019-07-15,2019-07-15 09:38:39,0.4,0.8333,1272,0.39,0.8125,673,0.39,0.8125,20,0.395,0.8229,394,0
SPY190717P299,2019-07-15,2019-07-15 09:38:40,0.4,0.8333,340,0.39,0.8125,790,0.39,0.8125,20,0.395,0.8229,394,0
SPY190717P299,2019-07-15,2019-07-15 09:38:40,0.4,0.8333,350,0.39,0.8125,1185,0.39,0.8125,20,0.395,0.8229,394,0
SPY190717P299,2019-07-15,2019-07-15 09:38:41,0.4,0.8333,413,0.39,0.8125,875,0.39,0.8125,20,0.395,0.8229,394,0
SPY190717P299,2019-07-15,2019-07-15 09:38:41,0.4,0.8333,833,0.39,0.8125,861,0.39,0.8125,20,0.395,0.8229,394,0
SPY190717P299,2019-07-15,2019-07-15 09:38:42,0.4,0.8333,833,0.39,0.8125,861,0.39,0.8125,20,0.395,0.8229,394,0
SPY190717P299,2019-07-15,2019-07-15 09:38:43,0.4,0.8333,156,0.39,0.8125,495,0.39,0.8125,20,0.395,0.8229,394,0
SPY190717P299,2019-07-15,2019-07-15 09:38:43,0.4,0.8333,365,0.39,0.8125,1819,0.39,0.8125,20,0.395,0.8229,394,0
SPY190717P299,2019-07-15,2019-07-15 09:38:44,0.4,0.8333,365,0.39,0.8125,1866,0.39,0.8125,20,0.395,0.8229,394,0
SPY190717P299,2019-07-15,2019-07-15 09:38:44,0.4,0.8333,457,0.39,0.8125,1866,0.39,0.8125,20,0.395,0.8229,394,0
SPY190717P299,2019-07-15,2019-07-15 09:38:45,0.4,0.8333,457,0.39,0.8125,2317,0.39,0.8125,20,0.395,0.8229,394,0
SPY190717P299,2019-07-15,2019-07-15 09:38:46,0.4,0.8333,281,0.39,0.8125,1816,0.39,0.8125,20,0.395,0.8229,394,0
SPY190717P299,2019-07-15,2019-07-15 09:38:46,0.4,0.8333,245,0.39,0.8125,574,0.39,0.8125,20,0.395,0.8229,394,0
SPY190717P299,2019-07-15,2019-07-15 09:38:47,0.4,0.8333,397,0.39,0.8125,1559,0.39,0.8125,20,0.395,0.8229,394,0
SPY190717P299,2019-07-15,2019-07-15 09:38:47,0.4,0.8333,245,0.39,0.8125,1620,0.39,0.8125,20,0.395,0.8229,394,0
SPY190717P299,2019-07-15,2019-07-15 09:38:48,0.4,0.8333,245,0.39,0.8125,2452,0.39,0.8125,20,0.395,0.8229,394,0
SPY190717P299,2019-07-15,2019-07-15 09:38:49,0.4,0.8333,245,0.39,0.8125,1842,0.39,0.8125,20,0.395,0.8229,394,0
SPY190717P299,2019-07-15,2019-07-15 09:38:49,0.4,0.8333,245,0.39,0.8125,1806,0.39,0.8125,20,0.395,0.8229,394,0
SPY190717P299,2019-07-15,2019-07-15 09:38:50,0.4,0.8333,245,0.39,0.8125,1842,0.39,0.8125,20,0.395,0.8229,394,0
SPY190717P299,2019-07-15,2019-07-15 09:38:50,0.4,0.8333,245,0.39,0.8125,1719,0.39,0.8125,20,0.395,0.8229,394,0
SPY190717P299,2019-07-15,2019-07-15 09:38:51,0.4,0.8333,245,0.39,0.8125,1719,0.39,0.8125,20,0.395,0.8229,394,0
SPY190717P299,2019-07-15,2019-07-15 09:38:52,0.4,0.8333,365,0.39,0.8125,462,0.39,0.8125,20,0.395,0.8229,394,0
SPY190717P299,2019-07-15,2019-07-15 09:38:52,0.4,0.8333,245,0.39,0.8125,1719,0.39,0.8125,20,0.395,0.8229,394,0
SPY190717P299,2019-07-15,2019-07-15 09:38:53,0.4,0.8333,338,0.39,0.8125,668,0.39,0.8125,20,0.395,0.8229,394,0
SPY190717P299,2019-07-15,2019-07-15 09:38:53,0.4,0.8333,218,0.39,0.8125,1705,0.39,0.8125,20,0.395,0.8229,394,0
SPY190717P299,2019-07-15,2019-07-15 09:38:54,0.4,0.8333,338,0.39,0.8125,668,0.39,0.8125,20,0.395,0.8229,394,0
SPY190717P299,2019-07-15,2019-07-15 09:38:54,0.4,0.8333,338,0.39,0.8125,505,0.39,0.8125,20,0.395,0.8229,394,0
SPY190717P299,2019-07-15,2019-07-15 09:38:55,0.4,0.8333,1146,0.39,0.8125,505,0.39,0.8125,20,0.395,0.8229,394,0
SPY190717P299,2019-07-15,2019-07-15 09:38:56,0.4,0.8333,948,0.39,0.8125,478,0.39,0.8125,20,0.395,0.8229,394,0
SPY190717P299,2019-07-15,2019-07-15 09:38:56,0.4,0.8333,1075,0.39,0.8125,478,0.39,0.8125,20,0.395,0.8229,394,0
SPY190717P299,2019-07-15,2019-07-15 09:38:57,0.4,0.8333,1227,0.39,0.8125,478,0.39,0.8125,20,0.395,0.8229,394,0
SPY190717P299,2019-07-15,2019-07-15 09:38:58,0.4,0.8333,1227,0.39,0.8125,149,0.39,0.8125,20,0.395,0.8229,394,0
SPY190717P299,2019-07-15,2019-07-15 09:38:59,0.4,0.8333,1227,0.39,0.8125,149,0.39,0.8125,20,0.395,0.8229,394,0
SPY190717P299,2019-07-15,2019-07-15 09:39:00,0.4,0.8333,1227,0.39,0.8125,139,0.39,0.8125,20,0.395,0.8229,394,0
SPY190717P299,2019-07-15,2019-07-15 09:39:00,0.4,0.8333,1227,0.39,0.8125,149,0.39,0.8125,20,0.395,0.8229,394,0
SPY190717P299,2019-07-15,2019-07-15 09:39:01,0.4,0.8333,1227,0.39,0.8125,139,0.39,0.8125,20,0.395,0.8229,394,0
SPY190717P299,2019-07-15,2019-07-15 09:39:02,0.4,0.8333,946,0.39,0.8125,139,0.39,0.8125,20,0.395,0.8229,394,0
SPY190717P299,2019-07-15,2019-07-15 09:39:03,0.4,0.8333,1221,0.39,0.8125,139,0.39,0.8125,20,0.395,0.8229,394,0
SPY190717P299,2019-07-15,2019-07-15 09:39:03,0.4,0.8333,848,0.39,0.8125,139,0.39,0.8125,20,0.395,0.8229,394,0
SPY190717P299,2019-07-15,2019-07-15 09:39:04,0.4,0.8333,1221,0.39,0.8125,139,0.39,0.8125,20,0.395,0.8229,394,0
SPY190717P299,2019-07-15,2019-07-15 09:39:05,0.4,0.8333,1137,0.39,0.8125,139,0.39,0.8125,20,0.395,0.8229,394,0
SPY190717P299,2019-07-15,2019-07-15 09:39:05,0.4,0.8333,1221,0.39,0.8125,139,0.39,0.8125,20,0.395,0.8229,394,0
SPY190717P299,2019-07-15,2019-07-15 09:39:06,0.4,0.8333,1221,0.39,0.8125,149,0.39,0.8125,20,0.395,0.8229,394,0
SPY190717P299,2019-07-15,2019-07-15 09:39:06,0.4,0.8333,1859,0.39,0.8125,139,0.39,0.8125,20,0.395,0.8229,394,0
SPY190717P299,2019-07-15,2019-07-15 09:39:07,0.4,0.8333,1152,0.39,0.8125,139,0.39,0.8125,20,0.395,0.8229,394,0
SPY190717P299,2019-07-15,2019-07-15 09:39:08,0.4,0.8333,867,0.39,0.8125,172,0.39,0.8125,20,0.395,0.8229,394,0
SPY190717P299,2019-07-15,2019-07-15 09:39:08,0.4,0.8333,1064,0.39,0.8125,149,0.39,0.8125,20,0.395,0.8229,394,0
SPY190717P299,2019-07-15,2019-07-15 09:39:09,0.4,0.8333,1016,0.39,0.8125,139,0.39,0.8125,20,0.395,0.8229,394,0
SPY190717P299,2019-07-15,2019-07-15 09:39:10,0.4,0.8333,1016,0.39,0.8125,149,0.39,0.8125,20,0.395,0.8229,394,0
SPY190717P299,2019-07-15,2019-07-15 09:39:10,0.4,0.8333,769,0.39,0.8125,139,0.39,0.8125,20,0.395,0.8229,394,0
SPY190717P299,2019-07-15,2019-07-15 09:39:11,0.4,0.8333,191,0.39,0.8125,136,0.39,0.8125,20,0.395,0.8229,394,0
SPY190717P299,2019-07-15,2019-07-15 09:39:11,0.4,0.8333,769,0.39,0.8125,136,0.39,0.8125,20,0.395,0.8229,394,0
SPY190717P299,2019-07-15,2019-07-15 09:39:12,0.4,0.8333,926,0.39,0.8125,110,0.39,0.8125,20,0.395,0.8229,394,0
SPY190717P299,2019-07-15,2019-07-15 09:39:13,0.4,0.8333,1260,0.39,0.8125,105,0.39,0.8125,20,0.395,0.8229,394,0
SPY190717P299,2019-07-15,2019-07-15 09:39:14,0.4,0.8333,1260,0.39,0.8125,105,0.39,0.8125,20,0.395,0.8229,394,0
SPY190717P299,2019-07-15,2019-07-15 09:39:14,0.4,0.8333,987,0.39,0.8125,105,0.39,0.8125,20,0.395,0.8229,394,0
SPY190717P299,2019-07-15,2019-07-15 09:39:15,0.4,0.8333,1302,0.39,0.8125,105,0.39,0.8125,20,0.395,0.8229,394,0
SPY190717P299,2019-07-15,2019-07-15 09:39:15,0.4,0.8333,1134,0.39,0.8125,105,0.39,0.8125,20,0.395,0.8229,394,0
SPY190717P299,2019-07-15,2019-07-15 09:39:16,0.4,0.8333,1302,0.39,0.8125,105,0.39,0.8125,20,0.395,0.8229,394,0
SPY190717P299,2019-07-15,2019-07-15 09:39:17,0.4,0.8333,1252,0.39,0.8125,110,0.39,0.8125,20,0.395,0.8229,394,0
SPY190717P299,2019-07-15,2019-07-15 09:39:17,0.4,0.8333,1252,0.39,0.8125,115,0.39,0.8125,20,0.395,0.8229,394,0
SPY190717P299,2019-07-15,2019-07-15 09:39:18,0.4,0.8333,382,0.39,0.8125,373,0.4,0.8333,1,0.395,0.8229,395,1
SPY190717P299,2019-07-15,2019-07-15 09:39:18,0.4,0.8333,416,0.39,0.8125,555,0.4,0.8333,1,0.395,0.8229,395,0
SPY190717P299,2019-07-15,2019-07-15 09:39:19,0.4,0.8333,594,0.39,0.8125,1278,0.4,0.8333,1,0.395,0.8229,395,0
SPY190717P299,2019-07-15,2019-07-15 09:39:20,0.4,0.8333,594,0.39,0.8125,1278,0.4,0.8333,1,0.395,0.8229,395,0
SPY190717P299,2019-07-15,2019-07-15 09:39:21,0.4,0.8333,310,0.39,0.8125,1278,0.4,0.8333,1,0.395,0.8229,395,0
SPY190717P299,2019-07-15,2019-07-15 09:39:21,0.4,0.8333,310,0.39,0.8125,1540,0.4,0.8333,1,0.395,0.8229,395,0
SPY190717P299,2019-07-15,2019-07-15 09:39:22,0.4,0.8333,582,0.39,0.8125,1264,0.4,0.8333,1,0.395,0.8229,395,0
SPY190717P299,2019-07-15,2019-07-15 09:39:23,0.4,0.8333,413,0.39,0.8125,1264,0.4,0.8333,1,0.395,0.8229,395,0
SPY190717P299,2019-07-15,2019-07-15 09:39:24,0.4,0.8333,438,0.39,0.8125,1305,0.4,0.8333,1,0.395,0.8229,395,0
SPY190717P299,2019-07-15,2019-07-15 09:39:25,0.4,0.8333,329,0.39,0.8125,1581,0.4,0.8333,1,0.395,0.8229,395,0
SPY190717P299,2019-07-15,2019-07-15 09:39:26,0.4,0.8333,329,0.39,0.8125,1319,0.4,0.8333,1,0.395,0.8229,395,0
SPY190717P299,2019-07-15,2019-07-15 09:39:27,0.4,0.8333,230,0.39,0.8125,1582,0.4,0.8333,1,0.395,0.8229,395,0
SPY190717P299,2019-07-15,2019-07-15 09:39:27,0.4,0.8333,230,0.39,0.8125,1284,0.4,0.8333,1,0.395,0.8229,395,0
SPY190717P299,2019-07-15,2019-07-15 09:39:28,0.4,0.8333,230,0.39,0.8125,1583,0.4,0.8333,1,0.395,0.8229,395,0
SPY190717P299,2019-07-15,2019-07-15 09:39:28,0.4,0.8333,230,0.39,0.8125,1567,0.4,0.8333,1,0.395,0.8229,395,0
SPY190717P299,2019-07-15,2019-07-15 09:39:32,0.4,0.8333,946,0.39,0.8125,150,0.4,0.8333,1,0.395,0.8229,395,0
SPY190717P299,2019-07-15,2019-07-15 09:39:32,0.4,0.8333,946,0.39,0.8125,336,0.4,0.8333,1,0.395,0.8229,395,0
SPY190717P299,2019-07-15,2019-07-15 09:39:33,0.4,0.8333,1276,0.39,0.8125,150,0.4,0.8333,1,0.395,0.8229,395,0
SPY190717P299,2019-07-15,2019-07-15 09:39:34,0.4,0.8333,2049,0.39,0.8125,5,0.4,0.8333,1,0.395,0.8229,395,0
SPY190717P299,2019-07-15,2019-07-15 09:39:34,0.4,0.8333,2267,0.39,0.8125,5,0.4,0.8333,1,0.395,0.8229,395,0
SPY190717P299,2019-07-15,2019-07-15 09:39:35,0.39,0.8125,147,0.39,0.8125,5,0.39,0.8125,5,0.39,0.8125,400,5
SPY190717P299,2019-07-15,2019-07-15 09:39:35,0.39,0.8125,342,0.38,0.7916,617,0.39,0.8125,5,0.385,0.802,400,0
SPY190717P299,2019-07-15,2019-07-15 09:39:36,0.39,0.8125,342,0.38,0.7916,1170,0.39,0.8125,5,0.385,0.802,400,0
SPY190717P299,2019-07-15,2019-07-15 09:39:36,0.39,0.8125,342,0.38,0.7916,617,0.39,0.8125,5,0.385,0.802,400,0
SPY190717P299,2019-07-15,2019-07-15 09:39:37,0.39,0.8125,696,0.38,0.7916,997,0.39,0.8125,5,0.385,0.802,400,0
SPY190717P299,2019-07-15,2019-07-15 09:39:37,0.39,0.8125,365,0.38,0.7916,1108,0.39,0.8125,5,0.385,0.802,400,0
SPY190717P299,2019-07-15,2019-07-15 09:39:38,0.39,0.8125,360,0.38,0.7916,997,0.39,0.8125,5,0.385,0.802,400,0
SPY190717P299,2019-07-15,2019-07-15 09:39:39,0.4,0.8333,1326,0.38,0.7916,1483,0.39,0.8125,5,0.39,0.8125,400,0
SPY190717P299,2019-07-15,2019-07-15 09:39:39,0.4,0.8333,1674,0.38,0.7916,1483,0.39,0.8125,5,0.39,0.8125,400,0
SPY190717P299,2019-07-15,2019-07-15 09:39:40,0.4,0.8333,1187,0.38,0.7916,1557,0.39,0.8125,5,0.39,0.8125,400,0
SPY190717P299,2019-07-15,2019-07-15 09:39:41,0.4,0.8333,1174,0.39,0.8125,5,0.39,0.8125,5,0.395,0.8229,400,0
SPY190717P299,2019-07-15,2019-07-15 09:39:42,0.4,0.8333,1305,0.39,0.8125,5,0.39,0.8125,5,0.395,0.8229,400,0
SPY190717P299,2019-07-15,2019-07-15 09:39:43,0.4,0.8333,1184,0.39,0.8125,5,0.39,0.8125,5,0.395,0.8229,400,0
SPY190717P299,2019-07-15,2019-07-15 09:39:44,0.4,0.8333,1244,0.39,0.8125,5,0.38,0.7916,27,0.395,0.8229,427,27
SPY190717P299,2019-07-15,2019-07-15 09:39:45,0.4,0.8333,1174,0.39,0.8125,5,0.4,0.8333,3,0.395,0.8229,437,10
SPY190717P299,2019-07-15,2019-07-15 09:39:45,0.4,0.8333,1244,0.39,0.8125,5,0.38,0.7916,27,0.395,0.8229,427,0
SPY190717P299,2019-07-15,2019-07-15 09:39:46,0.4,0.8333,1174,0.39,0.8125,208,0.4,0.8333,3,0.395,0.8229,437,0
SPY190717P299,2019-07-15,2019-07-15 09:39:46,0.4,0.8333,1174,0.39,0.8125,101,0.4,0.8333,3,0.395,0.8229,437,0
SPY190717P299,2019-07-15,2019-07-15 09:39:47,0.4,0.8333,1268,0.39,0.8125,131,0.4,0.8333,3,0.395,0.8229,437,0
SPY190717P299,2019-07-15,2019-07-15 09:39:47,0.4,0.8333,1268,0.39,0.8125,101,0.4,0.8333,3,0.395,0.8229,437,0
SPY190717P299,2019-07-15,2019-07-15 09:39:48,0.4,0.8333,1146,0.39,0.8125,131,0.4,0.8333,3,0.395,0.8229,437,0
SPY190717P299,2019-07-15,2019-07-15 09:39:49,0.4,0.8333,1140,0.39,0.8125,110,0.4,0.8333,3,0.395,0.8229,437,0
SPY190717P299,2019-07-15,2019-07-15 09:39:49,0.4,0.8333,1266,0.39,0.8125,5,0.4,0.8333,3,0.395,0.8229,437,0
SPY190717P299,2019-07-15,2019-07-15 09:39:50,0.4,0.8333,1266,0.39,0.8125,5,0.4,0.8333,3,0.395,0.8229,437,0
SPY190717P299,2019-07-15,2019-07-15 09:39:51,0.4,0.8333,1266,0.39,0.8125,5,0.4,0.8333,3,0.395,0.8229,437,0
SPY190717P299,2019-07-15,2019-07-15 09:39:52,0.39,0.8125,6,0.38,0.7916,1368,0.4,0.8333,3,0.385,0.802,437,0
SPY190717P299,2019-07-15,2019-07-15 09:39:52,0.4,0.8333,819,0.39,0.8125,5,0.4,0.8333,3,0.395,0.8229,437,0
SPY190717P299,2019-07-15,2019-07-15 09:39:53,0.39,0.8125,114,0.38,0.7916,640,0.4,0.8333,3,0.385,0.802,437,0
SPY190717P299,2019-07-15,2019-07-15 09:39:53,0.39,0.8125,6,0.38,0.7916,640,0.4,0.8333,3,0.385,0.802,437,0
SPY190717P299,2019-07-15,2019-07-15 09:39:54,0.39,0.8125,830,0.38,0.7916,308,0.4,0.8333,3,0.385,0.802,437,0
SPY190717P299,2019-07-15,2019-07-15 09:39:54,0.39,0.8125,488,0.38,0.7916,5,0.4,0.8333,3,0.385,0.802,437,0
SPY190717P299,2019-07-15,2019-07-15 09:39:55,0.39,0.8125,1010,0.38,0.7916,110,0.4,0.8333,3,0.385,0.802,437,0
SPY190717P299,2019-07-15,2019-07-15 09:39:56,0.38,0.7916,5,0.37,0.7708,916,0.4,0.8333,3,0.375,0.7812,437,0
SPY190717P299,2019-07-15,2019-07-15 09:39:56,0.39,0.8125,1010,0.38,0.7916,100,0.4,0.8333,3,0.385,0.802,437,0
SPY190717P299,2019-07-15,2019-07-15 09:39:57,0.38,0.7916,369,0.37,0.7708,492,0.4,0.8333,3,0.375,0.7812,437,0
SPY190717P299,2019-07-15,2019-07-15 09:39:57,0.38,0.7916,398,0.37,0.7708,492,0.4,0.8333,3,0.375,0.7812,437,0
SPY190717P299,2019-07-15,2019-07-15 09:39:58,0.38,0.7916,152,0.37,0.7708,1122,0.4,0.8333,3,0.375,0.7812,437,0
SPY190717P299,2019-07-15,2019-07-15 09:39:58,0.38,0.7916,152,0.37,0.7708,1701,0.4,0.8333,3,0.375,0.7812,437,0
SPY190717P299,2019-07-15,2019-07-15 09:39:59,0.38,0.7916,152,0.37,0.7708,1650,0.37,0.7708,1,0.375,0.7812,438,1
SPY190717P299,2019-07-15,2019-07-15 09:40:00,0.38,0.7916,228,0.37,0.7708,806,0.37,0.7708,1,0.375,0.7812,438,0
SPY190717P299,2019-07-15,2019-07-15 09:40:00,0.38,0.7916,228,0.37,0.7708,957,0.37,0.7708,1,0.375,0.7812,438,0
SPY190717P299,2019-07-15,2019-07-15 09:40:01,0.39,0.8125,937,0.38,0.7916,298,0.37,0.7708,1,0.385,0.802,438,0
SPY190717P299,2019-07-15,2019-07-15 09:40:01,0.38,0.7916,223,0.37,0.7708,1621,0.37,0.7708,1,0.375,0.7812,438,0
SPY190717P299,2019-07-15,2019-07-15 09:40:02,0.39,0.8125,1084,0.38,0.7916,331,0.37,0.7708,1,0.385,0.802,438,0
SPY190717P299,2019-07-15,2019-07-15 09:40:03,0.39,0.8125,1077,0.38,0.7916,492,0.37,0.7708,1,0.385,0.802,438,0
SPY190717P299,2019-07-15,2019-07-15 09:40:03,0.39,0.8125,1206,0.38,0.7916,218,0.37,0.7708,1,0.385,0.802,438,0
SPY190717P299,2019-07-15,2019-07-15 09:40:04,0.39,0.8125,1152,0.38,0.7916,163,0.37,0.7708,1,0.385,0.802,438,0
SPY190717P299,2019-07-15,2019-07-15 09:40:05,0.39,0.8125,1026,0.38,0.7916,122,0.37,0.7708,1,0.385,0.802,438,0
