symbol,Date,quote_time,ask_price,norm_ask_price,ask_size,bid_price,norm_bid_price,bid_size,last_trade_price,norm_last_trade_price,last_trade_size,mark_price,norm_mark_price,volume,Volume
IWM190920P158,2019-09-13,2019-09-13 09:30:00,1.75,1.0355,50,1.56,0.923,10,1.69,1.0,10,1.655,0.9792,10,0
IWM190920P158,2019-09-13,2019-09-13 09:30:00,1.69,1.0,5,1.56,0.923,60,1.69,1.0,10,1.625,0.9615,10,10
IWM190920P158,2019-09-13,2019-09-13 09:30:01,1.75,1.0355,50,1.56,0.923,1,1.69,1.0,10,1.655,0.9792,10,0
IWM190920P158,2019-09-13,2019-09-13 09:30:01,1.69,1.0,15,1.61,0.9526,15,1.69,1.0,10,1.65,0.9763,10,0
IWM190920P158,2019-09-13,2019-09-13 09:30:02,1.69,1.0,15,1.61,0.9526,15,1.69,1.0,10,1.65,0.9763,10,0
IWM190920P158,2019-09-13,2019-09-13 09:30:03,1.69,1.0,60,1.61,0.9526,60,1.69,1.0,10,1.65,0.9763,10,0
IWM190920P158,2019-09-13,2019-09-13 09:30:04,1.7,1.0059,17,1.62,0.9585,15,1.69,1.0,10,1.66,0.9822,10,0
IWM190920P158,2019-09-13,2019-09-13 09:30:04,1.69,1.0,15,1.62,0.9585,15,1.69,1.0,10,1.655,0.9792,10,0
IWM190920P158,2019-09-13,2019-09-13 09:30:05,1.69,1.0,15,1.62,0.9585,16,1.69,1.0,10,1.655,0.9792,10,0
IWM190920P158,2019-09-13,2019-09-13 09:30:06,1.69,1.0,15,1.62,0.9585,16,1.69,1.0,10,1.655,0.9792,10,0
IWM190920P158,2019-09-13,2019-09-13 09:30:06,1.69,1.0,15,1.6,0.9467,16,1.69,1.0,10,1.645,0.9733,10,0
IWM190920P158,2019-09-13,2019-09-13 09:30:07,1.68,0.994,15,1.6,0.9467,16,1.69,1.0,10,1.64,0.9704,10,0
IWM190920P158,2019-09-13,2019-09-13 09:30:08,1.67,0.9881,122,1.6,0.9467,60,1.69,1.0,10,1.635,0.9674,10,0
IWM190920P158,2019-09-13,2019-09-13 09:30:08,1.66,0.9822,15,1.59,0.9408,60,1.69,1.0,10,1.625,0.9615,10,0
IWM190920P158,2019-09-13,2019-09-13 09:30:09,1.66,0.9822,125,1.59,0.9408,10,1.64,0.9704,2,1.625,0.9615,12,2
IWM190920P158,2019-09-13,2019-09-13 09:30:09,1.66,0.9822,60,1.59,0.9408,60,1.69,1.0,10,1.625,0.9615,10,0
IWM190920P158,2019-09-13,2019-09-13 09:30:10,1.65,0.9763,112,1.59,0.9408,10,1.64,0.9704,2,1.62,0.9585,12,0
IWM190920P158,2019-09-13,2019-09-13 09:30:10,1.65,0.9763,70,1.58,0.9349,60,1.64,0.9704,2,1.615,0.9556,12,0
IWM190920P158,2019-09-13,2019-09-13 09:30:11,1.65,0.9763,70,1.58,0.9349,60,1.64,0.9704,2,1.615,0.9556,12,0
IWM190920P158,2019-09-13,2019-09-13 09:30:12,1.64,0.9704,60,1.57,0.9289,67,1.64,0.9704,2,1.605,0.9497,12,0
IWM190920P158,2019-09-13,2019-09-13 09:30:13,1.64,0.9704,10,1.62,0.9585,60,1.64,0.9704,2,1.63,0.9644,12,0
IWM190920P158,2019-09-13,2019-09-13 09:30:13,1.64,0.9704,10,1.61,0.9526,67,1.64,0.9704,2,1.625,0.9615,12,0
IWM190920P158,2019-09-13,2019-09-13 09:30:14,1.65,0.9763,16,1.62,0.9585,67,1.64,0.9704,2,1.635,0.9674,12,0
IWM190920P158,2019-09-13,2019-09-13 09:30:14,1.64,0.9704,10,1.61,0.9526,70,1.64,0.9704,2,1.625,0.9615,12,0
IWM190920P158,2019-09-13,2019-09-13 09:30:15,1.65,0.9763,16,1.63,0.9644,30,1.64,0.9704,2,1.64,0.9704,12,0
IWM190920P158,2019-09-13,2019-09-13 09:30:16,1.65,0.9763,16,1.62,0.9585,66,1.64,0.9704,2,1.635,0.9674,12,0
IWM190920P158,2019-09-13,2019-09-13 09:30:17,1.65,0.9763,16,1.61,0.9526,1,1.64,0.9704,2,1.63,0.9644,12,0
IWM190920P158,2019-09-13,2019-09-13 09:30:17,1.65,0.9763,16,1.62,0.9585,10,1.64,0.9704,2,1.635,0.9674,12,0
IWM190920P158,2019-09-13,2019-09-13 09:30:18,1.65,0.9763,16,1.61,0.9526,1,1.64,0.9704,2,1.63,0.9644,12,0
IWM190920P158,2019-09-13,2019-09-13 09:30:18,1.65,0.9763,16,1.61,0.9526,67,1.64,0.9704,2,1.63,0.9644,12,0
IWM190920P158,2019-09-13,2019-09-13 09:30:19,1.65,0.9763,16,1.61,0.9526,11,1.64,0.9704,2,1.63,0.9644,12,0
IWM190920P158,2019-09-13,2019-09-13 09:30:20,1.65,0.9763,16,1.61,0.9526,18,1.64,0.9704,2,1.63,0.9644,12,0
IWM190920P158,2019-09-13,2019-09-13 09:30:21,1.65,0.9763,16,1.6,0.9467,60,1.64,0.9704,2,1.625,0.9615,12,0
IWM190920P158,2019-09-13,2019-09-13 09:30:22,1.65,0.9763,16,1.6,0.9467,64,1.64,0.9704,2,1.625,0.9615,12,0
IWM190920P158,2019-09-13,2019-09-13 09:30:23,1.65,0.9763,16,1.6,0.9467,60,1.64,0.9704,2,1.625,0.9615,12,0
IWM190920P158,2019-09-13,2019-09-13 09:30:24,1.65,0.9763,16,1.6,0.9467,66,1.64,0.9704,2,1.625,0.9615,12,0
IWM190920P158,2019-09-13,2019-09-13 09:30:24,1.65,0.9763,13,1.6,0.9467,16,1.64,0.9704,2,1.625,0.9615,12,0
IWM190920P158,2019-09-13,2019-09-13 09:30:25,1.65,0.9763,13,1.6,0.9467,70,1.64,0.9704,2,1.625,0.9615,12,0
IWM190920P158,2019-09-13,2019-09-13 09:30:26,1.65,0.9763,49,1.6,0.9467,127,1.64,0.9704,2,1.625,0.9615,12,0
IWM190920P158,2019-09-13,2019-09-13 09:30:27,1.65,0.9763,49,1.6,0.9467,127,1.64,0.9704,2,1.625,0.9615,12,0
IWM190920P158,2019-09-13,2019-09-13 09:30:28,1.65,0.9763,49,1.6,0.9467,127,1.64,0.9704,2,1.625,0.9615,12,0
IWM190920P158,2019-09-13,2019-09-13 09:30:29,1.65,0.9763,78,1.6,0.9467,40,1.64,0.9704,2,1.625,0.9615,12,0
IWM190920P158,2019-09-13,2019-09-13 09:30:29,1.65,0.9763,94,1.6,0.9467,127,1.64,0.9704,2,1.625,0.9615,12,0
IWM190920P158,2019-09-13,2019-09-13 09:30:30,1.65,0.9763,117,1.6,0.9467,22,1.64,0.9704,2,1.625,0.9615,12,0
IWM190920P158,2019-09-13,2019-09-13 09:30:30,1.65,0.9763,191,1.6,0.9467,22,1.64,0.9704,2,1.625,0.9615,12,0
IWM190920P158,2019-09-13,2019-09-13 09:30:31,1.65,0.9763,168,1.6,0.9467,5,1.64,0.9704,2,1.625,0.9615,12,0
IWM190920P158,2019-09-13,2019-09-13 09:30:32,1.65,0.9763,248,1.6,0.9467,5,1.64,0.9704,2,1.625,0.9615,12,0
IWM190920P158,2019-09-13,2019-09-13 09:30:32,1.65,0.9763,290,1.6,0.9467,5,1.64,0.9704,2,1.625,0.9615,12,0
IWM190920P158,2019-09-13,2019-09-13 09:30:33,1.65,0.9763,248,1.6,0.9467,5,1.64,0.9704,2,1.625,0.9615,12,0
IWM190920P158,2019-09-13,2019-09-13 09:30:34,1.64,0.9704,108,1.6,0.9467,5,1.64,0.9704,2,1.62,0.9585,12,0
IWM190920P158,2019-09-13,2019-09-13 09:30:34,1.65,0.9763,103,1.6,0.9467,5,1.64,0.9704,2,1.625,0.9615,12,0
IWM190920P158,2019-09-13,2019-09-13 09:30:35,1.64,0.9704,297,1.6,0.9467,5,1.64,0.9704,2,1.62,0.9585,12,0
IWM190920P158,2019-09-13,2019-09-13 09:30:35,1.64,0.9704,308,1.6,0.9467,5,1.64,0.9704,2,1.62,0.9585,12,0
IWM190920P158,2019-09-13,2019-09-13 09:30:36,1.64,0.9704,292,1.6,0.9467,5,1.64,0.9704,2,1.62,0.9585,12,0
IWM190920P158,2019-09-13,2019-09-13 09:30:37,1.63,0.9644,207,1.57,0.9289,25,1.6,0.9467,5,1.6,0.9467,17,5
IWM190920P158,2019-09-13,2019-09-13 09:30:37,1.63,0.9644,266,1.57,0.9289,25,1.6,0.9467,5,1.6,0.9467,17,0
IWM190920P158,2019-09-13,2019-09-13 09:30:38,1.62,0.9585,177,1.56,0.923,118,1.6,0.9467,5,1.59,0.9408,17,0
IWM190920P158,2019-09-13,2019-09-13 09:30:38,1.62,0.9585,247,1.56,0.923,122,1.6,0.9467,5,1.59,0.9408,17,0
IWM190920P158,2019-09-13,2019-09-13 09:30:39,1.6,0.9467,15,1.56,0.923,118,1.6,0.9467,5,1.58,0.9349,17,0
IWM190920P158,2019-09-13,2019-09-13 09:30:39,1.61,0.9526,38,1.57,0.9289,41,1.6,0.9467,5,1.59,0.9408,17,0
IWM190920P158,2019-09-13,2019-09-13 09:30:40,1.6,0.9467,15,1.56,0.923,105,1.6,0.9467,5,1.58,0.9349,17,0
IWM190920P158,2019-09-13,2019-09-13 09:30:40,1.6,0.9467,15,1.56,0.923,116,1.6,0.9467,5,1.58,0.9349,17,0
IWM190920P158,2019-09-13,2019-09-13 09:30:41,1.6,0.9467,15,1.56,0.923,97,1.6,0.9467,5,1.58,0.9349,17,0
IWM190920P158,2019-09-13,2019-09-13 09:30:41,1.59,0.9408,25,1.56,0.923,97,1.6,0.9467,5,1.575,0.9319,17,0
IWM190920P158,2019-09-13,2019-09-13 09:30:42,1.57,0.9289,13,1.55,0.9171,21,1.6,0.9467,5,1.56,0.923,17,0
IWM190920P158,2019-09-13,2019-09-13 09:30:42,1.59,0.9408,25,1.55,0.9171,47,1.6,0.9467,5,1.57,0.9289,17,0
IWM190920P158,2019-09-13,2019-09-13 09:30:43,1.57,0.9289,13,1.54,0.9112,59,1.6,0.9467,5,1.555,0.9201,17,0
IWM190920P158,2019-09-13,2019-09-13 09:30:43,1.57,0.9289,13,1.54,0.9112,33,1.6,0.9467,5,1.555,0.9201,17,0
IWM190920P158,2019-09-13,2019-09-13 09:30:44,1.59,0.9408,25,1.55,0.9171,56,1.6,0.9467,5,1.57,0.9289,17,0
IWM190920P158,2019-09-13,2019-09-13 09:30:44,1.59,0.9408,13,1.55,0.9171,13,1.6,0.9467,5,1.57,0.9289,17,0
IWM190920P158,2019-09-13,2019-09-13 09:30:45,1.58,0.9349,13,1.55,0.9171,13,1.6,0.9467,5,1.565,0.926,17,0
IWM190920P158,2019-09-13,2019-09-13 09:30:46,1.58,0.9349,13,1.54,0.9112,205,1.6,0.9467,5,1.56,0.923,17,0
IWM190920P158,2019-09-13,2019-09-13 09:30:46,1.58,0.9349,13,1.54,0.9112,232,1.6,0.9467,5,1.56,0.923,17,0
IWM190920P158,2019-09-13,2019-09-13 09:30:47,1.58,0.9349,13,1.54,0.9112,232,1.6,0.9467,5,1.56,0.923,17,0
IWM190920P158,2019-09-13,2019-09-13 09:30:47,1.58,0.9349,13,1.55,0.9171,13,1.6,0.9467,5,1.565,0.926,17,0
IWM190920P158,2019-09-13,2019-09-13 09:30:48,1.58,0.9349,13,1.55,0.9171,13,1.6,0.9467,5,1.565,0.926,17,0
IWM190920P158,2019-09-13,2019-09-13 09:30:49,1.58,0.9349,13,1.55,0.9171,82,1.6,0.9467,5,1.565,0.926,17,0
IWM190920P158,2019-09-13,2019-09-13 09:30:50,1.58,0.9349,13,1.55,0.9171,82,1.6,0.9467,5,1.565,0.926,17,0
IWM190920P158,2019-09-13,2019-09-13 09:30:50,1.58,0.9349,13,1.55,0.9171,133,1.6,0.9467,5,1.565,0.926,17,0
IWM190920P158,2019-09-13,2019-09-13 09:30:51,1.59,0.9408,16,1.55,0.9171,203,1.6,0.9467,5,1.57,0.9289,17,0
IWM190920P158,2019-09-13,2019-09-13 09:30:51,1.59,0.9408,13,1.55,0.9171,201,1.6,0.9467,5,1.57,0.9289,17,0
IWM190920P158,2019-09-13,2019-09-13 09:30:52,1.58,0.9349,13,1.55,0.9171,147,1.6,0.9467,5,1.565,0.926,17,0
IWM190920P158,2019-09-13,2019-09-13 09:30:52,1.59,0.9408,13,1.55,0.9171,137,1.6,0.9467,5,1.57,0.9289,17,0
IWM190920P158,2019-09-13,2019-09-13 09:30:53,1.58,0.9349,15,1.56,0.923,94,1.6,0.9467,5,1.57,0.9289,17,0
IWM190920P158,2019-09-13,2019-09-13 09:30:53,1.58,0.9349,15,1.55,0.9171,194,1.6,0.9467,5,1.565,0.926,17,0
IWM190920P158,2019-09-13,2019-09-13 09:30:54,1.58,0.9349,13,1.55,0.9171,207,1.6,0.9467,5,1.565,0.926,17,0
IWM190920P158,2019-09-13,2019-09-13 09:30:55,1.58,0.9349,13,1.55,0.9171,207,1.6,0.9467,5,1.565,0.926,17,0
IWM190920P158,2019-09-13,2019-09-13 09:30:55,1.58,0.9349,13,1.55,0.9171,182,1.6,0.9467,5,1.565,0.926,17,0
IWM190920P158,2019-09-13,2019-09-13 09:30:56,1.58,0.9349,13,1.55,0.9171,175,1.6,0.9467,5,1.565,0.926,17,0
IWM190920P158,2019-09-13,2019-09-13 09:30:56,1.58,0.9349,13,1.55,0.9171,209,1.6,0.9467,5,1.565,0.926,17,0
IWM190920P158,2019-09-13,2019-09-13 09:30:57,1.58,0.9349,13,1.55,0.9171,175,1.6,0.9467,5,1.565,0.926,17,0
IWM190920P158,2019-09-13,2019-09-13 09:30:57,1.58,0.9349,13,1.55,0.9171,174,1.6,0.9467,5,1.565,0.926,17,0
IWM190920P158,2019-09-13,2019-09-13 09:30:58,1.58,0.9349,13,1.55,0.9171,73,1.6,0.9467,5,1.565,0.926,17,0
IWM190920P158,2019-09-13,2019-09-13 09:30:59,1.58,0.9349,13,1.55,0.9171,73,1.6,0.9467,5,1.565,0.926,17,0
IWM190920P158,2019-09-13,2019-09-13 09:30:59,1.58,0.9349,13,1.55,0.9171,81,1.6,0.9467,5,1.565,0.926,17,0
IWM190920P158,2019-09-13,2019-09-13 09:31:00,1.58,0.9349,13,1.55,0.9171,60,1.6,0.9467,5,1.565,0.926,17,0
IWM190920P158,2019-09-13,2019-09-13 09:31:00,1.58,0.9349,13,1.55,0.9171,158,1.6,0.9467,5,1.565,0.926,17,0
IWM190920P158,2019-09-13,2019-09-13 09:31:01,1.58,0.9349,13,1.54,0.9112,234,1.6,0.9467,5,1.56,0.923,17,0
IWM190920P158,2019-09-13,2019-09-13 09:31:01,1.57,0.9289,13,1.54,0.9112,248,1.6,0.9467,5,1.555,0.9201,17,0
IWM190920P158,2019-09-13,2019-09-13 09:31:02,1.57,0.9289,13,1.54,0.9112,10,1.6,0.9467,5,1.555,0.9201,17,0
IWM190920P158,2019-09-13,2019-09-13 09:31:02,1.57,0.9289,13,1.54,0.9112,25,1.6,0.9467,5,1.555,0.9201,17,0
IWM190920P158,2019-09-13,2019-09-13 09:31:03,1.57,0.9289,13,1.54,0.9112,25,1.6,0.9467,5,1.555,0.9201,17,0
IWM190920P158,2019-09-13,2019-09-13 09:31:03,1.57,0.9289,13,1.53,0.9053,257,1.6,0.9467,5,1.55,0.9171,17,0
IWM190920P158,2019-09-13,2019-09-13 09:31:04,1.57,0.9289,13,1.53,0.9053,207,1.6,0.9467,5,1.55,0.9171,17,0
IWM190920P158,2019-09-13,2019-09-13 09:31:04,1.57,0.9289,13,1.53,0.9053,141,1.6,0.9467,5,1.55,0.9171,17,0
IWM190920P158,2019-09-13,2019-09-13 09:31:05,1.55,0.9171,16,1.53,0.9053,97,1.6,0.9467,5,1.54,0.9112,17,0
IWM190920P158,2019-09-13,2019-09-13 09:31:05,1.55,0.9171,13,1.52,0.8994,21,1.6,0.9467,5,1.535,0.9082,17,0
IWM190920P158,2019-09-13,2019-09-13 09:31:06,1.55,0.9171,16,1.52,0.8994,21,1.6,0.9467,5,1.535,0.9082,17,0
IWM190920P158,2019-09-13,2019-09-13 09:31:06,1.56,0.923,13,1.53,0.9053,13,1.6,0.9467,5,1.545,0.9142,17,0
IWM190920P158,2019-09-13,2019-09-13 09:31:07,1.56,0.923,13,1.52,0.8994,189,1.6,0.9467,5,1.54,0.9112,17,0
IWM190920P158,2019-09-13,2019-09-13 09:31:07,1.56,0.923,13,1.53,0.9053,13,1.6,0.9467,5,1.545,0.9142,17,0
IWM190920P158,2019-09-13,2019-09-13 09:31:08,1.57,0.9289,13,1.53,0.9053,87,1.6,0.9467,5,1.55,0.9171,17,0
IWM190920P158,2019-09-13,2019-09-13 09:31:08,1.56,0.923,16,1.53,0.9053,13,1.6,0.9467,5,1.545,0.9142,17,0
IWM190920P158,2019-09-13,2019-09-13 09:31:09,1.57,0.9289,13,1.54,0.9112,108,1.6,0.9467,5,1.555,0.9201,17,0
IWM190920P158,2019-09-13,2019-09-13 09:31:09,1.57,0.9289,13,1.54,0.9112,23,1.6,0.9467,5,1.555,0.9201,17,0
IWM190920P158,2019-09-13,2019-09-13 09:31:10,1.57,0.9289,13,1.54,0.9112,118,1.6,0.9467,5,1.555,0.9201,17,0
IWM190920P158,2019-09-13,2019-09-13 09:31:10,1.57,0.9289,13,1.54,0.9112,133,1.6,0.9467,5,1.555,0.9201,17,0
IWM190920P158,2019-09-13,2019-09-13 09:31:11,1.57,0.9289,13,1.53,0.9053,138,1.6,0.9467,5,1.55,0.9171,17,0
IWM190920P158,2019-09-13,2019-09-13 09:31:11,1.57,0.9289,13,1.54,0.9112,60,1.6,0.9467,5,1.555,0.9201,17,0
IWM190920P158,2019-09-13,2019-09-13 09:31:12,1.57,0.9289,18,1.53,0.9053,154,1.6,0.9467,5,1.55,0.9171,17,0
IWM190920P158,2019-09-13,2019-09-13 09:31:12,1.57,0.9289,13,1.54,0.9112,23,1.6,0.9467,5,1.555,0.9201,17,0
IWM190920P158,2019-09-13,2019-09-13 09:31:13,1.57,0.9289,13,1.54,0.9112,94,1.6,0.9467,5,1.555,0.9201,17,0
IWM190920P158,2019-09-13,2019-09-13 09:31:14,1.57,0.9289,13,1.54,0.9112,145,1.6,0.9467,5,1.555,0.9201,17,0
IWM190920P158,2019-09-13,2019-09-13 09:31:14,1.57,0.9289,13,1.54,0.9112,102,1.6,0.9467,5,1.555,0.9201,17,0
IWM190920P158,2019-09-13,2019-09-13 09:31:15,1.57,0.9289,16,1.54,0.9112,23,1.6,0.9467,5,1.555,0.9201,17,0
IWM190920P158,2019-09-13,2019-09-13 09:31:15,1.57,0.9289,16,1.54,0.9112,60,1.6,0.9467,5,1.555,0.9201,17,0
IWM190920P158,2019-09-13,2019-09-13 09:31:16,1.56,0.923,13,1.53,0.9053,253,1.6,0.9467,5,1.545,0.9142,17,0
IWM190920P158,2019-09-13,2019-09-13 09:31:16,1.57,0.9289,16,1.53,0.9053,253,1.6,0.9467,5,1.55,0.9171,17,0
IWM190920P158,2019-09-13,2019-09-13 09:31:17,1.58,0.9349,13,1.54,0.9112,135,1.6,0.9467,5,1.56,0.923,17,0
IWM190920P158,2019-09-13,2019-09-13 09:31:17,1.57,0.9289,16,1.54,0.9112,70,1.6,0.9467,5,1.555,0.9201,17,0
IWM190920P158,2019-09-13,2019-09-13 09:31:18,1.57,0.9289,13,1.54,0.9112,142,1.6,0.9467,5,1.555,0.9201,17,0
IWM190920P158,2019-09-13,2019-09-13 09:31:18,1.58,0.9349,13,1.55,0.9171,61,1.6,0.9467,5,1.565,0.926,17,0
IWM190920P158,2019-09-13,2019-09-13 09:31:19,1.58,0.9349,13,1.55,0.9171,61,1.6,0.9467,5,1.565,0.926,17,0
IWM190920P158,2019-09-13,2019-09-13 09:31:19,1.58,0.9349,13,1.55,0.9171,106,1.6,0.9467,5,1.565,0.926,17,0
IWM190920P158,2019-09-13,2019-09-13 09:31:20,1.58,0.9349,13,1.55,0.9171,105,1.6,0.9467,5,1.565,0.926,17,0
IWM190920P158,2019-09-13,2019-09-13 09:31:21,1.57,0.9289,13,1.54,0.9112,135,1.6,0.9467,5,1.555,0.9201,17,0
IWM190920P158,2019-09-13,2019-09-13 09:31:21,1.58,0.9349,16,1.55,0.9171,79,1.6,0.9467,5,1.565,0.926,17,0
IWM190920P158,2019-09-13,2019-09-13 09:31:22,1.58,0.9349,13,1.55,0.9171,122,1.6,0.9467,5,1.565,0.926,17,0
IWM190920P158,2019-09-13,2019-09-13 09:31:22,1.58,0.9349,13,1.54,0.9112,106,1.6,0.9467,5,1.56,0.923,17,0
IWM190920P158,2019-09-13,2019-09-13 09:31:23,1.58,0.9349,13,1.55,0.9171,123,1.58,0.9349,10,1.565,0.926,27,10
IWM190920P158,2019-09-13,2019-09-13 09:31:23,1.58,0.9349,13,1.55,0.9171,123,1.58,0.9349,10,1.565,0.926,27,0
IWM190920P158,2019-09-13,2019-09-13 09:31:24,1.58,0.9349,13,1.55,0.9171,123,1.58,0.9349,10,1.565,0.926,27,0
IWM190920P158,2019-09-13,2019-09-13 09:31:24,1.58,0.9349,13,1.55,0.9171,152,1.58,0.9349,10,1.565,0.926,27,0
IWM190920P158,2019-09-13,2019-09-13 09:31:25,1.58,0.9349,16,1.55,0.9171,129,1.58,0.9349,10,1.565,0.926,27,0
IWM190920P158,2019-09-13,2019-09-13 09:31:26,1.58,0.9349,16,1.55,0.9171,129,1.58,0.9349,10,1.565,0.926,27,0
IWM190920P158,2019-09-13,2019-09-13 09:31:26,1.58,0.9349,33,1.55,0.9171,60,1.58,0.9349,10,1.565,0.926,27,0
IWM190920P158,2019-09-13,2019-09-13 09:31:27,1.58,0.9349,28,1.55,0.9171,127,1.58,0.9349,10,1.565,0.926,27,0
IWM190920P158,2019-09-13,2019-09-13 09:31:27,1.58,0.9349,31,1.55,0.9171,60,1.58,0.9349,10,1.565,0.926,27,0
IWM190920P158,2019-09-13,2019-09-13 09:31:28,1.58,0.9349,28,1.55,0.9171,110,1.58,0.9349,10,1.565,0.926,27,0
IWM190920P158,2019-09-13,2019-09-13 09:31:28,1.58,0.9349,31,1.55,0.9171,60,1.58,0.9349,10,1.565,0.926,27,0
IWM190920P158,2019-09-13,2019-09-13 09:31:29,1.58,0.9349,28,1.55,0.9171,201,1.58,0.9349,10,1.565,0.926,27,0
IWM190920P158,2019-09-13,2019-09-13 09:31:29,1.58,0.9349,31,1.55,0.9171,201,1.58,0.9349,10,1.565,0.926,27,0
IWM190920P158,2019-09-13,2019-09-13 09:31:30,1.58,0.9349,31,1.55,0.9171,201,1.58,0.9349,10,1.565,0.926,27,0
IWM190920P158,2019-09-13,2019-09-13 09:31:30,1.58,0.9349,28,1.55,0.9171,90,1.58,0.9349,10,1.565,0.926,27,0
IWM190920P158,2019-09-13,2019-09-13 09:31:31,1.58,0.9349,31,1.55,0.9171,90,1.58,0.9349,10,1.565,0.926,27,0
IWM190920P158,2019-09-13,2019-09-13 09:31:31,1.58,0.9349,28,1.55,0.9171,70,1.58,0.9349,10,1.565,0.926,27,0
IWM190920P158,2019-09-13,2019-09-13 09:31:32,1.58,0.9349,31,1.55,0.9171,122,1.58,0.9349,10,1.565,0.926,27,0
IWM190920P158,2019-09-13,2019-09-13 09:31:33,1.58,0.9349,31,1.55,0.9171,122,1.58,0.9349,10,1.565,0.926,27,0
IWM190920P158,2019-09-13,2019-09-13 09:31:34,1.58,0.9349,31,1.55,0.9171,122,1.58,0.9349,10,1.565,0.926,27,0
IWM190920P158,2019-09-13,2019-09-13 09:31:34,1.58,0.9349,31,1.55,0.9171,142,1.58,0.9349,10,1.565,0.926,27,0
IWM190920P158,2019-09-13,2019-09-13 09:31:35,1.57,0.9289,13,1.54,0.9112,159,1.58,0.9349,10,1.555,0.9201,27,0
IWM190920P158,2019-09-13,2019-09-13 09:31:35,1.57,0.9289,13,1.55,0.9171,91,1.58,0.9349,10,1.56,0.923,27,0
IWM190920P158,2019-09-13,2019-09-13 09:31:36,1.57,0.9289,13,1.55,0.9171,60,1.58,0.9349,10,1.56,0.923,27,0
IWM190920P158,2019-09-13,2019-09-13 09:31:36,1.57,0.9289,13,1.55,0.9171,73,1.58,0.9349,10,1.56,0.923,27,0
IWM190920P158,2019-09-13,2019-09-13 09:31:37,1.57,0.9289,13,1.55,0.9171,95,1.58,0.9349,10,1.56,0.923,27,0
IWM190920P158,2019-09-13,2019-09-13 09:31:37,1.58,0.9349,16,1.55,0.9171,95,1.58,0.9349,10,1.565,0.926,27,0
IWM190920P158,2019-09-13,2019-09-13 09:31:38,1.58,0.9349,16,1.55,0.9171,101,1.58,0.9349,10,1.565,0.926,27,0
IWM190920P158,2019-09-13,2019-09-13 09:31:38,1.58,0.9349,16,1.55,0.9171,95,1.58,0.9349,10,1.565,0.926,27,0
IWM190920P158,2019-09-13,2019-09-13 09:31:39,1.57,0.9289,13,1.54,0.9112,124,1.58,0.9349,10,1.555,0.9201,27,0
IWM190920P158,2019-09-13,2019-09-13 09:31:39,1.58,0.9349,16,1.55,0.9171,60,1.58,0.9349,10,1.565,0.926,27,0
IWM190920P158,2019-09-13,2019-09-13 09:31:40,1.58,0.9349,16,1.55,0.9171,91,1.58,0.9349,10,1.565,0.926,27,0
IWM190920P158,2019-09-13,2019-09-13 09:31:40,1.58,0.9349,13,1.54,0.9112,130,1.58,0.9349,10,1.56,0.923,27,0
IWM190920P158,2019-09-13,2019-09-13 09:31:41,1.58,0.9349,16,1.55,0.9171,149,1.58,0.9349,10,1.565,0.926,27,0
IWM190920P158,2019-09-13,2019-09-13 09:31:42,1.57,0.9289,13,1.55,0.9171,113,1.58,0.9349,10,1.56,0.923,27,0
IWM190920P158,2019-09-13,2019-09-13 09:31:43,1.57,0.9289,13,1.54,0.9112,119,1.58,0.9349,10,1.555,0.9201,27,0
IWM190920P158,2019-09-13,2019-09-13 09:31:43,1.57,0.9289,13,1.55,0.9171,10,1.58,0.9349,10,1.56,0.923,27,0
IWM190920P158,2019-09-13,2019-09-13 09:31:44,1.56,0.923,13,1.54,0.9112,60,1.58,0.9349,10,1.55,0.9171,27,0
IWM190920P158,2019-09-13,2019-09-13 09:31:44,1.56,0.923,13,1.54,0.9112,49,1.58,0.9349,10,1.55,0.9171,27,0
IWM190920P158,2019-09-13,2019-09-13 09:31:45,1.56,0.923,13,1.53,0.9053,113,1.58,0.9349,10,1.545,0.9142,27,0
IWM190920P158,2019-09-13,2019-09-13 09:31:45,1.57,0.9289,13,1.53,0.9053,113,1.58,0.9349,10,1.55,0.9171,27,0
IWM190920P158,2019-09-13,2019-09-13 09:31:46,1.58,0.9349,13,1.54,0.9112,113,1.58,0.9349,10,1.56,0.923,27,0
IWM190920P158,2019-09-13,2019-09-13 09:31:46,1.58,0.9349,13,1.55,0.9171,29,1.58,0.9349,10,1.565,0.926,27,0
IWM190920P158,2019-09-13,2019-09-13 09:31:47,1.55,0.9171,13,1.52,0.8994,117,1.58,0.9349,10,1.535,0.9082,27,0
IWM190920P158,2019-09-13,2019-09-13 09:31:48,1.54,0.9112,13,1.52,0.8994,49,1.58,0.9349,10,1.53,0.9053,27,0
IWM190920P158,2019-09-13,2019-09-13 09:31:48,1.55,0.9171,13,1.52,0.8994,103,1.58,0.9349,10,1.535,0.9082,27,0
IWM190920P158,2019-09-13,2019-09-13 09:31:49,1.55,0.9171,30,1.52,0.8994,116,1.58,0.9349,10,1.535,0.9082,27,0
IWM190920P158,2019-09-13,2019-09-13 09:31:49,1.55,0.9171,30,1.52,0.8994,90,1.58,0.9349,10,1.535,0.9082,27,0
IWM190920P158,2019-09-13,2019-09-13 09:31:50,1.54,0.9112,13,1.51,0.8934,161,1.58,0.9349,10,1.525,0.9023,27,0
IWM190920P158,2019-09-13,2019-09-13 09:31:50,1.54,0.9112,16,1.51,0.8934,268,1.58,0.9349,10,1.525,0.9023,27,0
IWM190920P158,2019-09-13,2019-09-13 09:31:51,1.55,0.9171,13,1.52,0.8994,103,1.58,0.9349,10,1.535,0.9082,27,0
IWM190920P158,2019-09-13,2019-09-13 09:31:51,1.57,0.9289,13,1.54,0.9112,60,1.58,0.9349,10,1.555,0.9201,27,0
IWM190920P158,2019-09-13,2019-09-13 09:31:52,1.57,0.9289,14,1.54,0.9112,10,1.58,0.9349,10,1.555,0.9201,27,0
IWM190920P158,2019-09-13,2019-09-13 09:31:52,1.56,0.923,16,1.53,0.9053,158,1.58,0.9349,10,1.545,0.9142,27,0
IWM190920P158,2019-09-13,2019-09-13 09:31:53,1.57,0.9289,13,1.54,0.9112,61,1.58,0.9349,10,1.555,0.9201,27,0
IWM190920P158,2019-09-13,2019-09-13 09:31:53,1.56,0.923,13,1.53,0.9053,146,1.58,0.9349,10,1.545,0.9142,27,0
IWM190920P158,2019-09-13,2019-09-13 09:31:54,1.57,0.9289,13,1.54,0.9112,78,1.58,0.9349,10,1.555,0.9201,27,0
IWM190920P158,2019-09-13,2019-09-13 09:31:55,1.55,0.9171,13,1.53,0.9053,60,1.58,0.9349,10,1.54,0.9112,27,0
IWM190920P158,2019-09-13,2019-09-13 09:31:55,1.55,0.9171,13,1.52,0.8994,118,1.58,0.9349,10,1.535,0.9082,27,0
IWM190920P158,2019-09-13,2019-09-13 09:31:56,1.56,0.923,13,1.53,0.9053,78,1.58,0.9349,10,1.545,0.9142,27,0
IWM190920P158,2019-09-13,2019-09-13 09:31:56,1.55,0.9171,13,1.53,0.9053,78,1.58,0.9349,10,1.54,0.9112,27,0
IWM190920P158,2019-09-13,2019-09-13 09:31:57,1.55,0.9171,13,1.53,0.9053,94,1.58,0.9349,10,1.54,0.9112,27,0
IWM190920P158,2019-09-13,2019-09-13 09:31:57,1.56,0.923,13,1.53,0.9053,130,1.58,0.9349,10,1.545,0.9142,27,0
IWM190920P158,2019-09-13,2019-09-13 09:31:58,1.55,0.9171,13,1.53,0.9053,60,1.58,0.9349,10,1.54,0.9112,27,0
IWM190920P158,2019-09-13,2019-09-13 09:31:58,1.55,0.9171,13,1.53,0.9053,186,1.58,0.9349,10,1.54,0.9112,27,0
IWM190920P158,2019-09-13,2019-09-13 09:31:59,1.56,0.923,13,1.53,0.9053,106,1.58,0.9349,10,1.545,0.9142,27,0
IWM190920P158,2019-09-13,2019-09-13 09:31:59,1.56,0.923,16,1.53,0.9053,106,1.58,0.9349,10,1.545,0.9142,27,0
IWM190920P158,2019-09-13,2019-09-13 09:32:00,1.54,0.9112,13,1.51,0.8934,11,1.58,0.9349,10,1.525,0.9023,27,0
IWM190920P158,2019-09-13,2019-09-13 09:32:00,1.55,0.9171,13,1.53,0.9053,70,1.58,0.9349,10,1.54,0.9112,27,0
IWM190920P158,2019-09-13,2019-09-13 09:32:01,1.54,0.9112,20,1.51,0.8934,81,1.58,0.9349,10,1.525,0.9023,27,0
IWM190920P158,2019-09-13,2019-09-13 09:32:01,1.53,0.9053,13,1.51,0.8934,90,1.58,0.9349,10,1.52,0.8994,27,0
IWM190920P158,2019-09-13,2019-09-13 09:32:02,1.52,0.8994,13,1.5,0.8875,100,1.58,0.9349,10,1.51,0.8934,27,0
IWM190920P158,2019-09-13,2019-09-13 09:32:02,1.52,0.8994,13,1.51,0.8934,10,1.58,0.9349,10,1.515,0.8964,27,0
IWM190920P158,2019-09-13,2019-09-13 09:32:03,1.52,0.8994,13,1.5,0.8875,127,1.58,0.9349,10,1.51,0.8934,27,0
IWM190920P158,2019-09-13,2019-09-13 09:32:03,1.52,0.8994,16,1.5,0.8875,78,1.58,0.9349,10,1.51,0.8934,27,0
IWM190920P158,2019-09-13,2019-09-13 09:32:04,1.51,0.8934,16,1.5,0.8875,10,1.58,0.9349,10,1.505,0.8905,27,0
IWM190920P158,2019-09-13,2019-09-13 09:32:04,1.52,0.8994,62,1.5,0.8875,125,1.58,0.9349,10,1.51,0.8934,27,0
IWM190920P158,2019-09-13,2019-09-13 09:32:05,1.5,0.8875,1,1.48,0.8757,454,1.5,0.8875,1,1.49,0.8816,38,11
IWM190920P158,2019-09-13,2019-09-13 09:32:05,1.51,0.8934,20,1.5,0.8875,10,1.58,0.9349,10,1.505,0.8905,27,0
IWM190920P158,2019-09-13,2019-09-13 09:32:06,1.5,0.8875,1,1.49,0.8816,94,1.5,0.8875,1,1.495,0.8846,38,0
IWM190920P158,2019-09-13,2019-09-13 09:32:06,1.51,0.8934,13,1.49,0.8816,44,1.5,0.8875,1,1.5,0.8875,38,0
IWM190920P158,2019-09-13,2019-09-13 09:32:07,1.51,0.8934,24,1.48,0.8757,96,1.5,0.8875,1,1.495,0.8846,38,0
IWM190920P158,2019-09-13,2019-09-13 09:32:07,1.51,0.8934,16,1.49,0.8816,94,1.5,0.8875,1,1.5,0.8875,38,0
IWM190920P158,2019-09-13,2019-09-13 09:32:08,1.5,0.8875,13,1.48,0.8757,232,1.5,0.8875,1,1.49,0.8816,38,0
IWM190920P158,2019-09-13,2019-09-13 09:32:08,1.52,0.8994,55,1.48,0.8757,405,1.5,0.8875,1,1.5,0.8875,38,0
IWM190920P158,2019-09-13,2019-09-13 09:32:09,1.52,0.8994,55,1.49,0.8816,280,1.5,0.8875,1,1.505,0.8905,38,0
IWM190920P158,2019-09-13,2019-09-13 09:32:09,1.51,0.8934,13,1.49,0.8816,71,1.5,0.8875,1,1.5,0.8875,38,0
IWM190920P158,2019-09-13,2019-09-13 09:32:10,1.52,0.8994,44,1.49,0.8816,248,1.5,0.8875,1,1.505,0.8905,38,0
IWM190920P158,2019-09-13,2019-09-13 09:32:10,1.51,0.8934,13,1.49,0.8816,10,1.5,0.8875,1,1.5,0.8875,38,0
IWM190920P158,2019-09-13,2019-09-13 09:32:11,1.52,0.8994,34,1.49,0.8816,183,1.5,0.8875,1,1.505,0.8905,38,0
IWM190920P158,2019-09-13,2019-09-13 09:32:11,1.52,0.8994,34,1.5,0.8875,13,1.5,0.8875,1,1.51,0.8934,38,0
IWM190920P158,2019-09-13,2019-09-13 09:32:12,1.52,0.8994,34,1.49,0.8816,215,1.5,0.8875,1,1.505,0.8905,38,0
IWM190920P158,2019-09-13,2019-09-13 09:32:12,1.52,0.8994,34,1.49,0.8816,220,1.5,0.8875,1,1.505,0.8905,38,0
IWM190920P158,2019-09-13,2019-09-13 09:32:13,1.52,0.8994,49,1.49,0.8816,91,1.5,0.8875,1,1.505,0.8905,38,0
IWM190920P158,2019-09-13,2019-09-13 09:32:13,1.51,0.8934,59,1.48,0.8757,94,1.5,0.8875,1,1.495,0.8846,38,0
IWM190920P158,2019-09-13,2019-09-13 09:32:14,1.51,0.8934,44,1.49,0.8816,142,1.5,0.8875,1,1.5,0.8875,38,0
IWM190920P158,2019-09-13,2019-09-13 09:32:14,1.51,0.8934,59,1.48,0.8757,119,1.5,0.8875,1,1.495,0.8846,38,0
IWM190920P158,2019-09-13,2019-09-13 09:32:15,1.52,0.8994,13,1.49,0.8816,154,1.5,0.8875,1,1.505,0.8905,38,0
IWM190920P158,2019-09-13,2019-09-13 09:32:15,1.52,0.8994,13,1.5,0.8875,13,1.5,0.8875,1,1.51,0.8934,38,0
IWM190920P158,2019-09-13,2019-09-13 09:32:16,1.51,0.8934,13,1.49,0.8816,10,1.5,0.8875,1,1.5,0.8875,38,0
IWM190920P158,2019-09-13,2019-09-13 09:32:17,1.5,0.8875,16,1.47,0.8698,248,1.5,0.8875,1,1.485,0.8786,38,0
IWM190920P158,2019-09-13,2019-09-13 09:32:17,1.5,0.8875,13,1.47,0.8698,320,1.5,0.8875,1,1.485,0.8786,38,0
IWM190920P158,2019-09-13,2019-09-13 09:32:18,1.5,0.8875,16,1.47,0.8698,235,1.5,0.8875,1,1.485,0.8786,38,0
IWM190920P158,2019-09-13,2019-09-13 09:32:18,1.51,0.8934,14,1.48,0.8757,62,1.5,0.8875,1,1.495,0.8846,38,0
IWM190920P158,2019-09-13,2019-09-13 09:32:19,1.5,0.8875,21,1.48,0.8757,32,1.5,0.8875,1,1.49,0.8816,38,0
IWM190920P158,2019-09-13,2019-09-13 09:32:19,1.51,0.8934,65,1.48,0.8757,25,1.5,0.8875,1,1.495,0.8846,38,0
IWM190920P158,2019-09-13,2019-09-13 09:32:20,1.5,0.8875,13,1.48,0.8757,41,1.5,0.8875,1,1.49,0.8816,38,0
IWM190920P158,2019-09-13,2019-09-13 09:32:20,1.51,0.8934,65,1.48,0.8757,245,1.5,0.8875,1,1.495,0.8846,38,0
IWM190920P158,2019-09-13,2019-09-13 09:32:21,1.5,0.8875,13,1.48,0.8757,41,1.5,0.8875,5,1.49,0.8816,43,5
IWM190920P158,2019-09-13,2019-09-13 09:32:21,1.5,0.8875,13,1.48,0.8757,41,1.5,0.8875,5,1.49,0.8816,43,0
IWM190920P158,2019-09-13,2019-09-13 09:32:22,1.5,0.8875,1,1.48,0.8757,127,1.5,0.8875,5,1.49,0.8816,43,0
IWM190920P158,2019-09-13,2019-09-13 09:32:22,1.5,0.8875,1,1.48,0.8757,132,1.5,0.8875,5,1.49,0.8816,43,0
IWM190920P158,2019-09-13,2019-09-13 09:32:23,1.5,0.8875,1,1.48,0.8757,181,1.5,0.8875,5,1.49,0.8816,43,0
IWM190920P158,2019-09-13,2019-09-13 09:32:23,1.51,0.8934,17,1.48,0.8757,101,1.5,0.8875,5,1.495,0.8846,43,0
IWM190920P158,2019-09-13,2019-09-13 09:32:24,1.5,0.8875,13,1.48,0.8757,1,1.5,0.8875,5,1.49,0.8816,43,0
IWM190920P158,2019-09-13,2019-09-13 09:32:24,1.5,0.8875,13,1.48,0.8757,101,1.5,0.8875,5,1.49,0.8816,43,0
IWM190920P158,2019-09-13,2019-09-13 09:32:25,1.5,0.8875,13,1.48,0.8757,76,1.5,0.8875,5,1.49,0.8816,43,0
IWM190920P158,2019-09-13,2019-09-13 09:32:25,1.51,0.8934,62,1.48,0.8757,62,1.5,0.8875,5,1.495,0.8846,43,0
IWM190920P158,2019-09-13,2019-09-13 09:32:26,1.5,0.8875,13,1.48,0.8757,37,1.5,0.8875,5,1.49,0.8816,43,0
IWM190920P158,2019-09-13,2019-09-13 09:32:27,1.5,0.8875,13,1.48,0.8757,148,1.5,0.8875,5,1.49,0.8816,43,0
IWM190920P158,2019-09-13,2019-09-13 09:32:27,1.5,0.8875,13,1.48,0.8757,184,1.5,0.8875,5,1.49,0.8816,43,0
IWM190920P158,2019-09-13,2019-09-13 09:32:28,1.51,0.8934,28,1.48,0.8757,256,1.5,0.8875,5,1.495,0.8846,43,0
IWM190920P158,2019-09-13,2019-09-13 09:32:28,1.5,0.8875,13,1.48,0.8757,93,1.5,0.8875,5,1.49,0.8816,43,0
IWM190920P158,2019-09-13,2019-09-13 09:32:29,1.49,0.8816,13,1.48,0.8757,90,1.5,0.8875,5,1.485,0.8786,43,0
IWM190920P158,2019-09-13,2019-09-13 09:32:29,1.48,0.8757,16,1.47,0.8698,10,1.5,0.8875,5,1.475,0.8727,43,0
IWM190920P158,2019-09-13,2019-09-13 09:32:30,1.48,0.8757,13,1.46,0.8639,83,1.5,0.8875,5,1.47,0.8698,43,0
IWM190920P158,2019-09-13,2019-09-13 09:32:30,1.48,0.8757,13,1.45,0.8579,94,1.5,0.8875,5,1.465,0.8668,43,0
IWM190920P158,2019-09-13,2019-09-13 09:32:31,1.47,0.8698,13,1.45,0.8579,72,1.5,0.8875,5,1.46,0.8639,43,0
IWM190920P158,2019-09-13,2019-09-13 09:32:31,1.48,0.8757,13,1.45,0.8579,312,1.5,0.8875,5,1.465,0.8668,43,0
IWM190920P158,2019-09-13,2019-09-13 09:32:32,1.46,0.8639,16,1.44,0.852,126,1.5,0.8875,5,1.45,0.8579,43,0
IWM190920P158,2019-09-13,2019-09-13 09:32:32,1.46,0.8639,16,1.45,0.8579,10,1.5,0.8875,5,1.455,0.8609,43,0
IWM190920P158,2019-09-13,2019-09-13 09:32:33,1.46,0.8639,13,1.44,0.852,145,1.5,0.8875,5,1.45,0.8579,43,0
IWM190920P158,2019-09-13,2019-09-13 09:32:33,1.46,0.8639,13,1.44,0.852,254,1.5,0.8875,5,1.45,0.8579,43,0
IWM190920P158,2019-09-13,2019-09-13 09:32:34,1.46,0.8639,16,1.44,0.852,292,1.5,0.8875,5,1.45,0.8579,43,0
IWM190920P158,2019-09-13,2019-09-13 09:32:34,1.46,0.8639,13,1.44,0.852,265,1.5,0.8875,5,1.45,0.8579,43,0
IWM190920P158,2019-09-13,2019-09-13 09:32:35,1.47,0.8698,7,1.45,0.8579,79,1.5,0.8875,5,1.46,0.8639,43,0
IWM190920P158,2019-09-13,2019-09-13 09:32:36,1.47,0.8698,22,1.45,0.8579,130,1.5,0.8875,5,1.46,0.8639,43,0
IWM190920P158,2019-09-13,2019-09-13 09:32:36,1.47,0.8698,22,1.45,0.8579,75,1.5,0.8875,5,1.46,0.8639,43,0
IWM190920P158,2019-09-13,2019-09-13 09:32:37,1.47,0.8698,22,1.45,0.8579,274,1.5,0.8875,5,1.46,0.8639,43,0
IWM190920P158,2019-09-13,2019-09-13 09:32:37,1.47,0.8698,22,1.45,0.8579,323,1.5,0.8875,5,1.46,0.8639,43,0
IWM190920P158,2019-09-13,2019-09-13 09:32:38,1.47,0.8698,16,1.45,0.8579,274,1.5,0.8875,5,1.46,0.8639,43,0
IWM190920P158,2019-09-13,2019-09-13 09:32:38,1.47,0.8698,22,1.45,0.8579,323,1.5,0.8875,5,1.46,0.8639,43,0
IWM190920P158,2019-09-13,2019-09-13 09:32:39,1.47,0.8698,16,1.45,0.8579,163,1.5,0.8875,5,1.46,0.8639,43,0
IWM190920P158,2019-09-13,2019-09-13 09:32:39,1.46,0.8639,13,1.45,0.8579,20,1.5,0.8875,5,1.455,0.8609,43,0
IWM190920P158,2019-09-13,2019-09-13 09:32:40,1.48,0.8757,7,1.46,0.8639,25,1.5,0.8875,5,1.47,0.8698,43,0
IWM190920P158,2019-09-13,2019-09-13 09:32:40,1.48,0.8757,34,1.45,0.8579,245,1.5,0.8875,5,1.465,0.8668,43,0
IWM190920P158,2019-09-13,2019-09-13 09:32:41,1.49,0.8816,13,1.48,0.8757,47,1.5,0.8875,5,1.485,0.8786,43,0
IWM190920P158,2019-09-13,2019-09-13 09:32:41,1.49,0.8816,13,1.47,0.8698,170,1.5,0.8875,5,1.48,0.8757,43,0
IWM190920P158,2019-09-13,2019-09-13 09:32:42,1.5,0.8875,74,1.47,0.8698,311,1.5,0.8875,5,1.485,0.8786,43,0
IWM190920P158,2019-09-13,2019-09-13 09:32:42,1.5,0.8875,115,1.47,0.8698,231,1.5,0.8875,5,1.485,0.8786,43,0
IWM190920P158,2019-09-13,2019-09-13 09:32:43,1.49,0.8816,13,1.47,0.8698,369,1.5,0.8875,5,1.48,0.8757,43,0
IWM190920P158,2019-09-13,2019-09-13 09:32:43,1.51,0.8934,136,1.48,0.8757,159,1.5,0.8875,5,1.495,0.8846,43,0
IWM190920P158,2019-09-13,2019-09-13 09:32:44,1.52,0.8994,38,1.49,0.8816,213,1.5,0.8875,5,1.505,0.8905,43,0
IWM190920P158,2019-09-13,2019-09-13 09:32:44,1.51,0.8934,19,1.48,0.8757,159,1.5,0.8875,5,1.495,0.8846,43,0
IWM190920P158,2019-09-13,2019-09-13 09:32:45,1.52,0.8994,13,1.49,0.8816,450,1.5,0.8875,5,1.505,0.8905,43,0
IWM190920P158,2019-09-13,2019-09-13 09:32:45,1.51,0.8934,13,1.49,0.8816,243,1.5,0.8875,5,1.5,0.8875,43,0
IWM190920P158,2019-09-13,2019-09-13 09:32:46,1.52,0.8994,23,1.49,0.8816,454,1.5,0.8875,5,1.505,0.8905,43,0
IWM190920P158,2019-09-13,2019-09-13 09:32:46,1.52,0.8994,119,1.49,0.8816,373,1.5,0.8875,5,1.505,0.8905,43,0
IWM190920P158,2019-09-13,2019-09-13 09:32:47,1.52,0.8994,49,1.5,0.8875,38,1.5,0.8875,5,1.51,0.8934,43,0
IWM190920P158,2019-09-13,2019-09-13 09:32:47,1.52,0.8994,14,1.5,0.8875,60,1.5,0.8875,5,1.51,0.8934,43,0
IWM190920P158,2019-09-13,2019-09-13 09:32:48,1.51,0.8934,13,1.49,0.8816,123,1.5,0.8875,5,1.5,0.8875,43,0
IWM190920P158,2019-09-13,2019-09-13 09:32:48,1.52,0.8994,49,1.49,0.8816,242,1.5,0.8875,5,1.505,0.8905,43,0
IWM190920P158,2019-09-13,2019-09-13 09:32:49,1.5,0.8875,14,1.48,0.8757,20,1.5,0.8875,5,1.49,0.8816,43,0
IWM190920P158,2019-09-13,2019-09-13 09:32:49,1.5,0.8875,14,1.48,0.8757,94,1.5,0.8875,5,1.49,0.8816,43,0
IWM190920P158,2019-09-13,2019-09-13 09:32:50,1.49,0.8816,13,1.47,0.8698,330,1.5,0.8875,5,1.48,0.8757,43,0
IWM190920P158,2019-09-13,2019-09-13 09:32:50,1.49,0.8816,13,1.47,0.8698,271,1.5,0.8875,5,1.48,0.8757,43,0
IWM190920P158,2019-09-13,2019-09-13 09:32:51,1.49,0.8816,13,1.47,0.8698,320,1.5,0.8875,5,1.48,0.8757,43,0
IWM190920P158,2019-09-13,2019-09-13 09:32:51,1.49,0.8816,13,1.47,0.8698,291,1.5,0.8875,5,1.48,0.8757,43,0
IWM190920P158,2019-09-13,2019-09-13 09:32:52,1.49,0.8816,13,1.47,0.8698,320,1.5,0.8875,5,1.48,0.8757,43,0
IWM190920P158,2019-09-13,2019-09-13 09:32:52,1.49,0.8816,38,1.47,0.8698,144,1.5,0.8875,5,1.48,0.8757,43,0
IWM190920P158,2019-09-13,2019-09-13 09:32:53,1.49,0.8816,13,1.47,0.8698,279,1.5,0.8875,5,1.48,0.8757,43,0
IWM190920P158,2019-09-13,2019-09-13 09:32:54,1.49,0.8816,13,1.47,0.8698,181,1.5,0.8875,5,1.48,0.8757,43,0
IWM190920P158,2019-09-13,2019-09-13 09:32:54,1.49,0.8816,13,1.47,0.8698,260,1.5,0.8875,5,1.48,0.8757,43,0
IWM190920P158,2019-09-13,2019-09-13 09:32:55,1.5,0.8875,101,1.48,0.8757,182,1.5,0.8875,5,1.49,0.8816,43,0
IWM190920P158,2019-09-13,2019-09-13 09:32:55,1.5,0.8875,41,1.48,0.8757,84,1.5,0.8875,5,1.49,0.8816,43,0
IWM190920P158,2019-09-13,2019-09-13 09:32:56,1.49,0.8816,13,1.47,0.8698,80,1.5,0.8875,5,1.48,0.8757,43,0
IWM190920P158,2019-09-13,2019-09-13 09:32:56,1.49,0.8816,13,1.48,0.8757,59,1.5,0.8875,5,1.485,0.8786,43,0
IWM190920P158,2019-09-13,2019-09-13 09:32:57,1.49,0.8816,16,1.47,0.8698,225,1.5,0.8875,5,1.48,0.8757,43,0
IWM190920P158,2019-09-13,2019-09-13 09:32:57,1.49,0.8816,16,1.47,0.8698,230,1.5,0.8875,5,1.48,0.8757,43,0
IWM190920P158,2019-09-13,2019-09-13 09:32:58,1.48,0.8757,13,1.47,0.8698,195,1.5,0.8875,5,1.475,0.8727,43,0
IWM190920P158,2019-09-13,2019-09-13 09:32:59,1.49,0.8816,11,1.48,0.8757,40,1.5,0.8875,5,1.485,0.8786,43,0
IWM190920P158,2019-09-13,2019-09-13 09:32:59,1.49,0.8816,11,1.47,0.8698,195,1.5,0.8875,5,1.48,0.8757,43,0
IWM190920P158,2019-09-13,2019-09-13 09:33:00,1.49,0.8816,13,1.48,0.8757,79,1.5,0.8875,5,1.485,0.8786,43,0
IWM190920P158,2019-09-13,2019-09-13 09:33:00,1.49,0.8816,13,1.48,0.8757,68,1.5,0.8875,5,1.485,0.8786,43,0
IWM190920P158,2019-09-13,2019-09-13 09:33:01,1.49,0.8816,18,1.47,0.8698,60,1.48,0.8757,3,1.48,0.8757,56,8
IWM190920P158,2019-09-13,2019-09-13 09:33:01,1.48,0.8757,13,1.47,0.8698,120,1.48,0.8757,3,1.475,0.8727,48,5
IWM190920P158,2019-09-13,2019-09-13 09:33:02,1.48,0.8757,13,1.46,0.8639,205,1.48,0.8757,5,1.47,0.8698,61,0
IWM190920P158,2019-09-13,2019-09-13 09:33:02,1.48,0.8757,13,1.46,0.8639,124,1.48,0.8757,5,1.47,0.8698,61,5
IWM190920P158,2019-09-13,2019-09-13 09:33:03,1.46,0.8639,13,1.45,0.8579,20,1.46,0.8639,1,1.455,0.8609,82,21
IWM190920P158,2019-09-13,2019-09-13 09:33:03,1.47,0.8698,13,1.46,0.8639,195,1.48,0.8757,5,1.465,0.8668,61,0
IWM190920P158,2019-09-13,2019-09-13 09:33:04,1.46,0.8639,13,1.45,0.8579,7,1.46,0.8639,1,1.455,0.8609,82,0
IWM190920P158,2019-09-13,2019-09-13 09:33:04,1.47,0.8698,61,1.45,0.8579,67,1.46,0.8639,1,1.46,0.8639,82,0
IWM190920P158,2019-09-13,2019-09-13 09:33:05,1.46,0.8639,16,1.45,0.8579,13,1.46,0.8639,1,1.455,0.8609,82,0
IWM190920P158,2019-09-13,2019-09-13 09:33:06,1.46,0.8639,22,1.43,0.8461,359,1.45,0.8579,1,1.445,0.855,84,0
IWM190920P158,2019-09-13,2019-09-13 09:33:06,1.45,0.8579,13,1.43,0.8461,131,1.45,0.8579,1,1.44,0.852,84,2
IWM190920P158,2019-09-13,2019-09-13 09:33:07,1.46,0.8639,22,1.44,0.852,59,1.45,0.8579,10,1.45,0.8579,94,10
IWM190920P158,2019-09-13,2019-09-13 09:33:07,1.46,0.8639,22,1.44,0.852,269,1.45,0.8579,10,1.45,0.8579,94,0
IWM190920P158,2019-09-13,2019-09-13 09:33:08,1.46,0.8639,16,1.44,0.852,143,1.45,0.8579,10,1.45,0.8579,94,0
IWM190920P158,2019-09-13,2019-09-13 09:33:08,1.46,0.8639,16,1.44,0.852,88,1.45,0.8579,10,1.45,0.8579,94,0
IWM190920P158,2019-09-13,2019-09-13 09:33:09,1.47,0.8698,117,1.45,0.8579,166,1.45,0.8579,10,1.46,0.8639,94,0
IWM190920P158,2019-09-13,2019-09-13 09:33:09,1.46,0.8639,16,1.44,0.852,190,1.45,0.8579,10,1.45,0.8579,94,0
IWM190920P158,2019-09-13,2019-09-13 09:33:10,1.47,0.8698,73,1.45,0.8579,176,1.45,0.8579,10,1.46,0.8639,94,0
IWM190920P158,2019-09-13,2019-09-13 09:33:10,1.47,0.8698,67,1.45,0.8579,305,1.45,0.8579,10,1.46,0.8639,94,0
IWM190920P158,2019-09-13,2019-09-13 09:33:11,1.48,0.8757,8,1.47,0.8698,30,1.45,0.8579,10,1.475,0.8727,94,0
IWM190920P158,2019-09-13,2019-09-13 09:33:11,1.48,0.8757,21,1.46,0.8639,71,1.45,0.8579,10,1.47,0.8698,94,0
IWM190920P158,2019-09-13,2019-09-13 09:33:12,1.48,0.8757,69,1.46,0.8639,32,1.45,0.8579,10,1.47,0.8698,94,0
IWM190920P158,2019-09-13,2019-09-13 09:33:12,1.48,0.8757,67,1.45,0.8579,122,1.45,0.8579,10,1.465,0.8668,94,0
IWM190920P158,2019-09-13,2019-09-13 09:33:13,1.48,0.8757,148,1.46,0.8639,173,1.45,0.8579,10,1.47,0.8698,94,0
IWM190920P158,2019-09-13,2019-09-13 09:33:14,1.47,0.8698,17,1.46,0.8639,10,1.45,0.8579,10,1.465,0.8668,94,0
IWM190920P158,2019-09-13,2019-09-13 09:33:15,1.47,0.8698,42,1.45,0.8579,41,1.45,0.8579,10,1.46,0.8639,94,0
IWM190920P158,2019-09-13,2019-09-13 09:33:15,1.46,0.8639,13,1.45,0.8579,18,1.45,0.8579,10,1.455,0.8609,94,0
IWM190920P158,2019-09-13,2019-09-13 09:33:16,1.46,0.8639,13,1.45,0.8579,46,1.45,0.8579,10,1.455,0.8609,94,0
IWM190920P158,2019-09-13,2019-09-13 09:33:16,1.46,0.8639,13,1.45,0.8579,10,1.45,0.8579,10,1.455,0.8609,94,0
IWM190920P158,2019-09-13,2019-09-13 09:33:17,1.47,0.8698,92,1.45,0.8579,66,1.45,0.8579,10,1.46,0.8639,94,0
IWM190920P158,2019-09-13,2019-09-13 09:33:17,1.47,0.8698,111,1.45,0.8579,79,1.45,0.8579,10,1.46,0.8639,94,0
IWM190920P158,2019-09-13,2019-09-13 09:33:18,1.47,0.8698,17,1.46,0.8639,17,1.45,0.8579,10,1.465,0.8668,94,0
IWM190920P158,2019-09-13,2019-09-13 09:33:18,1.47,0.8698,66,1.45,0.8579,146,1.45,0.8579,10,1.46,0.8639,94,0
IWM190920P158,2019-09-13,2019-09-13 09:33:19,1.47,0.8698,17,1.46,0.8639,34,1.45,0.8579,10,1.465,0.8668,94,0
IWM190920P158,2019-09-13,2019-09-13 09:33:19,1.48,0.8757,56,1.46,0.8639,34,1.45,0.8579,10,1.47,0.8698,94,0
IWM190920P158,2019-09-13,2019-09-13 09:33:20,1.48,0.8757,56,1.46,0.8639,34,1.45,0.8579,10,1.47,0.8698,94,0
IWM190920P158,2019-09-13,2019-09-13 09:33:20,1.49,0.8816,27,1.46,0.8639,248,1.48,0.8757,8,1.475,0.8727,102,8
IWM190920P158,2019-09-13,2019-09-13 09:33:21,1.49,0.8816,37,1.46,0.8639,253,1.48,0.8757,8,1.475,0.8727,102,0
IWM190920P158,2019-09-13,2019-09-13 09:33:21,1.49,0.8816,28,1.46,0.8639,292,1.48,0.8757,8,1.475,0.8727,102,0
IWM190920P158,2019-09-13,2019-09-13 09:33:22,1.49,0.8816,13,1.46,0.8639,319,1.48,0.8757,8,1.475,0.8727,102,0
IWM190920P158,2019-09-13,2019-09-13 09:33:22,1.49,0.8816,34,1.46,0.8639,291,1.48,0.8757,8,1.475,0.8727,102,0
IWM190920P158,2019-09-13,2019-09-13 09:33:23,1.5,0.8875,43,1.48,0.8757,130,1.48,0.8757,8,1.49,0.8816,102,0
IWM190920P158,2019-09-13,2019-09-13 09:33:23,1.49,0.8816,13,1.48,0.8757,18,1.48,0.8757,8,1.485,0.8786,102,0
IWM190920P158,2019-09-13,2019-09-13 09:33:24,1.49,0.8816,13,1.47,0.8698,280,1.48,0.8757,8,1.48,0.8757,102,0
IWM190920P158,2019-09-13,2019-09-13 09:33:24,1.49,0.8816,17,1.47,0.8698,66,1.48,0.8757,8,1.48,0.8757,102,0
IWM190920P158,2019-09-13,2019-09-13 09:33:25,1.49,0.8816,13,1.47,0.8698,300,1.48,0.8757,8,1.48,0.8757,102,0
IWM190920P158,2019-09-13,2019-09-13 09:33:26,1.49,0.8816,15,1.47,0.8698,150,1.48,0.8757,8,1.48,0.8757,102,0
IWM190920P158,2019-09-13,2019-09-13 09:33:26,1.49,0.8816,13,1.47,0.8698,441,1.48,0.8757,8,1.48,0.8757,102,0
IWM190920P158,2019-09-13,2019-09-13 09:33:27,1.49,0.8816,13,1.47,0.8698,188,1.48,0.8757,8,1.48,0.8757,102,0
IWM190920P158,2019-09-13,2019-09-13 09:33:27,1.49,0.8816,15,1.47,0.8698,150,1.48,0.8757,8,1.48,0.8757,102,0
IWM190920P158,2019-09-13,2019-09-13 09:33:28,1.49,0.8816,13,1.48,0.8757,50,1.48,0.8757,8,1.485,0.8786,102,0
IWM190920P158,2019-09-13,2019-09-13 09:33:28,1.5,0.8875,10,1.48,0.8757,301,1.48,0.8757,8,1.49,0.8816,102,0
IWM190920P158,2019-09-13,2019-09-13 09:33:29,1.5,0.8875,10,1.48,0.8757,67,1.48,0.8757,8,1.49,0.8816,102,0
IWM190920P158,2019-09-13,2019-09-13 09:33:29,1.5,0.8875,10,1.48,0.8757,256,1.48,0.8757,8,1.49,0.8816,102,0
IWM190920P158,2019-09-13,2019-09-13 09:33:30,1.49,0.8816,13,1.47,0.8698,67,1.48,0.8757,8,1.48,0.8757,102,0
IWM190920P158,2019-09-13,2019-09-13 09:33:30,1.49,0.8816,19,1.47,0.8698,127,1.48,0.8757,8,1.48,0.8757,102,0
IWM190920P158,2019-09-13,2019-09-13 09:33:31,1.49,0.8816,21,1.47,0.8698,100,1.48,0.8757,8,1.48,0.8757,102,0
IWM190920P158,2019-09-13,2019-09-13 09:33:31,1.49,0.8816,21,1.47,0.8698,40,1.48,0.8757,8,1.48,0.8757,102,0
IWM190920P158,2019-09-13,2019-09-13 09:33:32,1.48,0.8757,16,1.46,0.8639,97,1.47,0.8698,1,1.47,0.8698,105,3
IWM190920P158,2019-09-13,2019-09-13 09:33:32,1.48,0.8757,16,1.46,0.8639,157,1.47,0.8698,1,1.47,0.8698,105,0
IWM190920P158,2019-09-13,2019-09-13 09:33:33,1.48,0.8757,13,1.46,0.8639,157,1.47,0.8698,1,1.47,0.8698,106,1
IWM190920P158,2019-09-13,2019-09-13 09:33:34,1.48,0.8757,13,1.47,0.8698,33,1.47,0.8698,1,1.475,0.8727,106,0
IWM190920P158,2019-09-13,2019-09-13 09:33:34,1.48,0.8757,13,1.47,0.8698,146,1.47,0.8698,1,1.475,0.8727,106,0
IWM190920P158,2019-09-13,2019-09-13 09:33:35,1.48,0.8757,16,1.46,0.8639,66,1.47,0.8698,1,1.47,0.8698,106,0
IWM190920P158,2019-09-13,2019-09-13 09:33:35,1.49,0.8816,8,1.47,0.8698,268,1.47,0.8698,1,1.48,0.8757,106,0
IWM190920P158,2019-09-13,2019-09-13 09:33:36,1.48,0.8757,13,1.47,0.8698,53,1.47,0.8698,1,1.475,0.8727,106,0
IWM190920P158,2019-09-13,2019-09-13 09:33:36,1.48,0.8757,13,1.47,0.8698,73,1.47,0.8698,1,1.475,0.8727,106,0
IWM190920P158,2019-09-13,2019-09-13 09:33:37,1.48,0.8757,13,1.47,0.8698,159,1.47,0.8698,1,1.475,0.8727,106,0
IWM190920P158,2019-09-13,2019-09-13 09:33:37,1.48,0.8757,13,1.47,0.8698,226,1.47,0.8698,1,1.475,0.8727,106,0
IWM190920P158,2019-09-13,2019-09-13 09:33:38,1.48,0.8757,13,1.47,0.8698,86,1.47,0.8698,1,1.475,0.8727,106,0
IWM190920P158,2019-09-13,2019-09-13 09:33:38,1.48,0.8757,13,1.47,0.8698,200,1.47,0.8698,1,1.475,0.8727,106,0
IWM190920P158,2019-09-13,2019-09-13 09:33:39,1.48,0.8757,13,1.47,0.8698,237,1.47,0.8698,1,1.475,0.8727,106,0
IWM190920P158,2019-09-13,2019-09-13 09:33:39,1.48,0.8757,13,1.47,0.8698,202,1.47,0.8698,1,1.475,0.8727,106,0
IWM190920P158,2019-09-13,2019-09-13 09:33:40,1.49,0.8816,14,1.47,0.8698,247,1.47,0.8698,1,1.48,0.8757,106,0
IWM190920P158,2019-09-13,2019-09-13 09:33:40,1.48,0.8757,13,1.47,0.8698,89,1.47,0.8698,1,1.475,0.8727,106,0
IWM190920P158,2019-09-13,2019-09-13 09:33:41,1.48,0.8757,13,1.47,0.8698,118,1.47,0.8698,1,1.475,0.8727,106,0
IWM190920P158,2019-09-13,2019-09-13 09:33:41,1.49,0.8816,21,1.47,0.8698,163,1.47,0.8698,1,1.48,0.8757,106,0
IWM190920P158,2019-09-13,2019-09-13 09:33:42,1.48,0.8757,13,1.47,0.8698,370,1.47,0.8698,1,1.475,0.8727,106,0
IWM190920P158,2019-09-13,2019-09-13 09:33:42,1.48,0.8757,13,1.47,0.8698,172,1.47,0.8698,1,1.475,0.8727,106,0
IWM190920P158,2019-09-13,2019-09-13 09:33:43,1.48,0.8757,13,1.47,0.8698,94,1.47,0.8698,1,1.475,0.8727,106,0
IWM190920P158,2019-09-13,2019-09-13 09:33:43,1.48,0.8757,13,1.47,0.8698,37,1.47,0.8698,1,1.475,0.8727,106,0
IWM190920P158,2019-09-13,2019-09-13 09:33:44,1.48,0.8757,13,1.47,0.8698,94,1.47,0.8698,1,1.475,0.8727,106,0
IWM190920P158,2019-09-13,2019-09-13 09:33:44,1.48,0.8757,13,1.47,0.8698,140,1.47,0.8698,1,1.475,0.8727,106,0
IWM190920P158,2019-09-13,2019-09-13 09:33:45,1.49,0.8816,19,1.47,0.8698,143,1.47,0.8698,1,1.48,0.8757,106,0
IWM190920P158,2019-09-13,2019-09-13 09:33:45,1.49,0.8816,13,1.47,0.8698,283,1.47,0.8698,1,1.48,0.8757,106,0
IWM190920P158,2019-09-13,2019-09-13 09:33:46,1.49,0.8816,19,1.47,0.8698,202,1.47,0.8698,1,1.48,0.8757,106,0
IWM190920P158,2019-09-13,2019-09-13 09:33:46,1.49,0.8816,19,1.47,0.8698,180,1.47,0.8698,1,1.48,0.8757,106,0
IWM190920P158,2019-09-13,2019-09-13 09:33:47,1.49,0.8816,19,1.47,0.8698,202,1.47,0.8698,1,1.48,0.8757,106,0
IWM190920P158,2019-09-13,2019-09-13 09:33:48,1.49,0.8816,19,1.47,0.8698,202,1.47,0.8698,1,1.48,0.8757,106,0
IWM190920P158,2019-09-13,2019-09-13 09:33:48,1.49,0.8816,13,1.48,0.8757,2,1.47,0.8698,1,1.485,0.8786,106,0
IWM190920P158,2019-09-13,2019-09-13 09:33:49,1.49,0.8816,13,1.49,0.8816,184,1.47,0.8698,1,1.49,0.8816,106,0
IWM190920P158,2019-09-13,2019-09-13 09:33:49,1.49,0.8816,13,1.48,0.8757,111,1.47,0.8698,1,1.485,0.8786,106,0
IWM190920P158,2019-09-13,2019-09-13 09:33:50,1.5,0.8875,10,1.49,0.8816,36,1.47,0.8698,1,1.495,0.8846,106,0
IWM190920P158,2019-09-13,2019-09-13 09:33:50,1.5,0.8875,10,1.49,0.8816,12,1.47,0.8698,1,1.495,0.8846,106,0
IWM190920P158,2019-09-13,2019-09-13 09:33:51,1.52,0.8994,15,1.5,0.8875,1,1.5,0.8875,7,1.51,0.8934,113,7
IWM190920P158,2019-09-13,2019-09-13 09:33:51,1.5,0.8875,18,1.48,0.8757,312,1.47,0.8698,1,1.49,0.8816,106,0
IWM190920P158,2019-09-13,2019-09-13 09:33:52,1.51,0.8934,13,1.49,0.8816,408,1.5,0.8875,7,1.5,0.8875,113,0
IWM190920P158,2019-09-13,2019-09-13 09:33:52,1.52,0.8994,29,1.5,0.8875,71,1.5,0.8875,7,1.51,0.8934,113,0
IWM190920P158,2019-09-13,2019-09-13 09:33:53,1.51,0.8934,19,1.48,0.8757,272,1.5,0.8875,7,1.495,0.8846,113,0
IWM190920P158,2019-09-13,2019-09-13 09:33:53,1.51,0.8934,19,1.49,0.8816,371,1.5,0.8875,7,1.5,0.8875,113,0
IWM190920P158,2019-09-13,2019-09-13 09:33:54,1.51,0.8934,19,1.48,0.8757,318,1.5,0.8875,7,1.495,0.8846,113,0
IWM190920P158,2019-09-13,2019-09-13 09:33:54,1.5,0.8875,13,1.48,0.8757,410,1.5,0.8875,7,1.49,0.8816,113,0
IWM190920P158,2019-09-13,2019-09-13 09:33:55,1.5,0.8875,13,1.48,0.8757,410,1.5,0.8875,7,1.49,0.8816,113,0
IWM190920P158,2019-09-13,2019-09-13 09:33:55,1.5,0.8875,13,1.48,0.8757,178,1.5,0.8875,7,1.49,0.8816,113,0
IWM190920P158,2019-09-13,2019-09-13 09:33:56,1.5,0.8875,27,1.48,0.8757,2,1.5,0.8875,7,1.49,0.8816,113,0
IWM190920P158,2019-09-13,2019-09-13 09:33:56,1.5,0.8875,13,1.48,0.8757,245,1.5,0.8875,7,1.49,0.8816,113,0
IWM190920P158,2019-09-13,2019-09-13 09:33:57,1.49,0.8816,13,1.48,0.8757,2,1.5,0.8875,7,1.485,0.8786,113,0
IWM190920P158,2019-09-13,2019-09-13 09:33:57,1.49,0.8816,13,1.48,0.8757,19,1.5,0.8875,7,1.485,0.8786,113,0
IWM190920P158,2019-09-13,2019-09-13 09:33:58,1.49,0.8816,13,1.48,0.8757,2,1.5,0.8875,7,1.485,0.8786,113,0
IWM190920P158,2019-09-13,2019-09-13 09:33:59,1.49,0.8816,13,1.48,0.8757,2,1.5,0.8875,7,1.485,0.8786,113,0
IWM190920P158,2019-09-13,2019-09-13 09:33:59,1.5,0.8875,13,1.48,0.8757,22,1.5,0.8875,7,1.49,0.8816,113,0
IWM190920P158,2019-09-13,2019-09-13 09:34:00,1.5,0.8875,13,1.48,0.8757,183,1.5,0.8875,7,1.49,0.8816,113,0
IWM190920P158,2019-09-13,2019-09-13 09:34:00,1.5,0.8875,13,1.48,0.8757,340,1.5,0.8875,7,1.49,0.8816,113,0
IWM190920P158,2019-09-13,2019-09-13 09:34:01,1.5,0.8875,13,1.48,0.8757,471,1.5,0.8875,7,1.49,0.8816,113,0
IWM190920P158,2019-09-13,2019-09-13 09:34:01,1.51,0.8934,13,1.5,0.8875,83,1.5,0.8875,7,1.505,0.8905,113,0
IWM190920P158,2019-09-13,2019-09-13 09:34:02,1.52,0.8994,14,1.5,0.8875,113,1.5,0.8875,7,1.51,0.8934,113,0
IWM190920P158,2019-09-13,2019-09-13 09:34:02,1.51,0.8934,13,1.5,0.8875,145,1.5,0.8875,7,1.505,0.8905,113,0
IWM190920P158,2019-09-13,2019-09-13 09:34:03,1.53,0.9053,45,1.51,0.8934,28,1.5,0.8875,7,1.52,0.8994,113,0
IWM190920P158,2019-09-13,2019-09-13 09:34:03,1.52,0.8994,17,1.5,0.8875,188,1.5,0.8875,7,1.51,0.8934,113,0
IWM190920P158,2019-09-13,2019-09-13 09:34:04,1.53,0.9053,13,1.52,0.8994,38,1.5,0.8875,7,1.525,0.9023,113,0
IWM190920P158,2019-09-13,2019-09-13 09:34:04,1.53,0.9053,13,1.52,0.8994,67,1.5,0.8875,7,1.525,0.9023,113,0
IWM190920P158,2019-09-13,2019-09-13 09:34:05,1.55,0.9171,36,1.52,0.8994,329,1.5,0.8875,7,1.535,0.9082,113,0
IWM190920P158,2019-09-13,2019-09-13 09:34:06,1.56,0.923,13,1.55,0.9171,10,1.55,0.9171,10,1.555,0.9201,133,10
IWM190920P158,2019-09-13,2019-09-13 09:34:06,1.56,0.923,34,1.55,0.9171,1,1.55,0.9171,1,1.555,0.9201,123,10
IWM190920P158,2019-09-13,2019-09-13 09:34:07,1.56,0.923,13,1.55,0.9171,10,1.55,0.9171,10,1.555,0.9201,133,0
IWM190920P158,2019-09-13,2019-09-13 09:34:07,1.57,0.9289,64,1.55,0.9171,23,1.55,0.9171,10,1.56,0.923,133,0
IWM190920P158,2019-09-13,2019-09-13 09:34:08,1.56,0.923,13,1.55,0.9171,23,1.55,0.9171,10,1.555,0.9201,133,0
IWM190920P158,2019-09-13,2019-09-13 09:34:08,1.57,0.9289,70,1.56,0.923,1,1.56,0.923,4,1.565,0.926,148,15
IWM190920P158,2019-09-13,2019-09-13 09:34:09,1.57,0.9289,13,1.55,0.9171,63,1.56,0.923,4,1.56,0.923,148,0
IWM190920P158,2019-09-13,2019-09-13 09:34:09,1.56,0.923,13,1.54,0.9112,123,1.56,0.923,4,1.55,0.9171,148,0
IWM190920P158,2019-09-13,2019-09-13 09:34:10,1.57,0.9289,13,1.55,0.9171,102,1.56,0.923,4,1.56,0.923,148,0
IWM190920P158,2019-09-13,2019-09-13 09:34:10,1.56,0.923,17,1.55,0.9171,13,1.56,0.923,4,1.555,0.9201,148,0
IWM190920P158,2019-09-13,2019-09-13 09:34:11,1.56,0.923,13,1.55,0.9171,115,1.56,0.923,4,1.555,0.9201,148,0
IWM190920P158,2019-09-13,2019-09-13 09:34:11,1.57,0.9289,18,1.55,0.9171,115,1.56,0.923,4,1.56,0.923,148,0
IWM190920P158,2019-09-13,2019-09-13 09:34:12,1.56,0.923,29,1.54,0.9112,51,1.56,0.923,4,1.55,0.9171,148,0
IWM190920P158,2019-09-13,2019-09-13 09:34:12,1.55,0.9171,20,1.53,0.9053,50,1.56,0.923,4,1.54,0.9112,148,0
IWM190920P158,2019-09-13,2019-09-13 09:34:13,1.54,0.9112,30,1.52,0.8994,42,1.56,0.923,4,1.53,0.9053,148,0
IWM190920P158,2019-09-13,2019-09-13 09:34:13,1.55,0.9171,31,1.52,0.8994,42,1.56,0.923,4,1.535,0.9082,148,0
IWM190920P158,2019-09-13,2019-09-13 09:34:14,1.53,0.9053,13,1.52,0.8994,7,1.56,0.923,4,1.525,0.9023,148,0
IWM190920P158,2019-09-13,2019-09-13 09:34:15,1.54,0.9112,13,1.52,0.8994,197,1.56,0.923,4,1.53,0.9053,148,0
IWM190920P158,2019-09-13,2019-09-13 09:34:15,1.54,0.9112,13,1.52,0.8994,317,1.56,0.923,4,1.53,0.9053,148,0
IWM190920P158,2019-09-13,2019-09-13 09:34:16,1.54,0.9112,13,1.52,0.8994,51,1.56,0.923,4,1.53,0.9053,148,0
IWM190920P158,2019-09-13,2019-09-13 09:34:16,1.54,0.9112,13,1.52,0.8994,105,1.56,0.923,4,1.53,0.9053,148,0
IWM190920P158,2019-09-13,2019-09-13 09:34:17,1.54,0.9112,13,1.52,0.8994,239,1.56,0.923,4,1.53,0.9053,148,0
IWM190920P158,2019-09-13,2019-09-13 09:34:17,1.54,0.9112,14,1.52,0.8994,229,1.56,0.923,4,1.53,0.9053,148,0
IWM190920P158,2019-09-13,2019-09-13 09:34:18,1.54,0.9112,14,1.52,0.8994,315,1.56,0.923,4,1.53,0.9053,148,0
IWM190920P158,2019-09-13,2019-09-13 09:34:18,1.55,0.9171,45,1.52,0.8994,409,1.56,0.923,4,1.535,0.9082,148,0
IWM190920P158,2019-09-13,2019-09-13 09:34:19,1.55,0.9171,70,1.54,0.9112,222,1.56,0.923,4,1.545,0.9142,148,0
IWM190920P158,2019-09-13,2019-09-13 09:34:19,1.55,0.9171,70,1.54,0.9112,52,1.56,0.923,4,1.545,0.9142,148,0
IWM190920P158,2019-09-13,2019-09-13 09:34:20,1.57,0.9289,110,1.55,0.9171,48,1.56,0.923,4,1.56,0.923,148,0
IWM190920P158,2019-09-13,2019-09-13 09:34:20,1.56,0.923,13,1.55,0.9171,16,1.56,0.923,4,1.555,0.9201,148,0
IWM190920P158,2019-09-13,2019-09-13 09:34:21,1.57,0.9289,118,1.55,0.9171,1,1.56,0.923,4,1.56,0.923,148,0
IWM190920P158,2019-09-13,2019-09-13 09:34:21,1.57,0.9289,118,1.55,0.9171,20,1.56,0.923,4,1.56,0.923,148,0
IWM190920P158,2019-09-13,2019-09-13 09:34:22,1.57,0.9289,60,1.55,0.9171,1,1.56,0.923,4,1.56,0.923,148,0
IWM190920P158,2019-09-13,2019-09-13 09:34:22,1.55,0.9171,13,1.54,0.9112,32,1.56,0.923,4,1.545,0.9142,148,0
IWM190920P158,2019-09-13,2019-09-13 09:34:23,1.55,0.9171,13,1.54,0.9112,65,1.56,0.923,4,1.545,0.9142,148,0
IWM190920P158,2019-09-13,2019-09-13 09:34:23,1.56,0.923,16,1.55,0.9171,1,1.56,0.923,4,1.555,0.9201,148,0
IWM190920P158,2019-09-13,2019-09-13 09:34:24,1.56,0.923,10,1.55,0.9171,30,1.56,0.923,4,1.555,0.9201,148,0
IWM190920P158,2019-09-13,2019-09-13 09:34:25,1.57,0.9289,56,1.55,0.9171,46,1.56,0.923,4,1.56,0.923,148,0
IWM190920P158,2019-09-13,2019-09-13 09:34:25,1.56,0.923,13,1.55,0.9171,46,1.56,0.923,4,1.555,0.9201,148,0
IWM190920P158,2019-09-13,2019-09-13 09:34:26,1.56,0.923,13,1.55,0.9171,72,1.56,0.923,4,1.555,0.9201,148,0
IWM190920P158,2019-09-13,2019-09-13 09:34:27,1.57,0.9289,56,1.55,0.9171,87,1.56,0.923,4,1.56,0.923,148,0
IWM190920P158,2019-09-13,2019-09-13 09:34:27,1.57,0.9289,37,1.55,0.9171,45,1.56,0.923,4,1.56,0.923,148,0
IWM190920P158,2019-09-13,2019-09-13 09:34:28,1.57,0.9289,37,1.54,0.9112,64,1.56,0.923,4,1.555,0.9201,148,0
IWM190920P158,2019-09-13,2019-09-13 09:34:28,1.57,0.9289,37,1.55,0.9171,20,1.56,0.923,4,1.56,0.923,148,0
IWM190920P158,2019-09-13,2019-09-13 09:34:29,1.57,0.9289,37,1.55,0.9171,20,1.56,0.923,4,1.56,0.923,148,0
IWM190920P158,2019-09-13,2019-09-13 09:34:30,1.56,0.923,13,1.55,0.9171,1,1.56,0.923,4,1.555,0.9201,148,0
IWM190920P158,2019-09-13,2019-09-13 09:34:30,1.56,0.923,13,1.54,0.9112,72,1.56,0.923,4,1.55,0.9171,148,0
IWM190920P158,2019-09-13,2019-09-13 09:34:31,1.54,0.9112,15,1.53,0.9053,17,1.54,0.9112,29,1.535,0.9082,179,31
IWM190920P158,2019-09-13,2019-09-13 09:34:31,1.54,0.9112,60,1.52,0.8994,110,1.52,0.8994,2,1.53,0.9053,181,2
IWM190920P158,2019-09-13,2019-09-13 09:34:32,1.53,0.9053,13,1.51,0.8934,43,1.52,0.8994,2,1.52,0.8994,181,0
IWM190920P158,2019-09-13,2019-09-13 09:34:32,1.54,0.9112,26,1.51,0.8934,277,1.52,0.8994,2,1.525,0.9023,181,0
IWM190920P158,2019-09-13,2019-09-13 09:34:33,1.53,0.9053,13,1.51,0.8934,467,1.52,0.8994,2,1.52,0.8994,181,0
IWM190920P158,2019-09-13,2019-09-13 09:34:34,1.53,0.9053,13,1.51,0.8934,318,1.52,0.8994,2,1.52,0.8994,181,0
IWM190920P158,2019-09-13,2019-09-13 09:34:34,1.53,0.9053,13,1.51,0.8934,348,1.52,0.8994,2,1.52,0.8994,181,0
IWM190920P158,2019-09-13,2019-09-13 09:34:35,1.53,0.9053,54,1.51,0.8934,348,1.52,0.8994,2,1.52,0.8994,181,0
IWM190920P158,2019-09-13,2019-09-13 09:34:35,1.52,0.8994,13,1.51,0.8934,31,1.52,0.8994,2,1.515,0.8964,181,0
IWM190920P158,2019-09-13,2019-09-13 09:34:36,1.53,0.9053,28,1.51,0.8934,76,1.52,0.8994,2,1.52,0.8994,181,0
IWM190920P158,2019-09-13,2019-09-13 09:34:36,1.52,0.8994,13,1.51,0.8934,36,1.52,0.8994,2,1.515,0.8964,181,0
IWM190920P158,2019-09-13,2019-09-13 09:34:37,1.53,0.9053,31,1.51,0.8934,98,1.52,0.8994,2,1.52,0.8994,181,0
IWM190920P158,2019-09-13,2019-09-13 09:34:37,1.53,0.9053,31,1.51,0.8934,86,1.52,0.8994,2,1.52,0.8994,181,0
IWM190920P158,2019-09-13,2019-09-13 09:34:38,1.53,0.9053,13,1.51,0.8934,237,1.52,0.8994,2,1.52,0.8994,181,0
IWM190920P158,2019-09-13,2019-09-13 09:34:38,1.53,0.9053,13,1.51,0.8934,225,1.52,0.8994,2,1.52,0.8994,181,0
IWM190920P158,2019-09-13,2019-09-13 09:34:39,1.53,0.9053,13,1.51,0.8934,237,1.52,0.8994,2,1.52,0.8994,181,0
IWM190920P158,2019-09-13,2019-09-13 09:34:39,1.53,0.9053,13,1.51,0.8934,315,1.52,0.8994,2,1.52,0.8994,181,0
IWM190920P158,2019-09-13,2019-09-13 09:34:40,1.53,0.9053,13,1.51,0.8934,322,1.52,0.8994,2,1.52,0.8994,181,0
IWM190920P158,2019-09-13,2019-09-13 09:34:40,1.53,0.9053,13,1.51,0.8934,315,1.52,0.8994,2,1.52,0.8994,181,0
IWM190920P158,2019-09-13,2019-09-13 09:34:41,1.54,0.9112,21,1.51,0.8934,425,1.52,0.8994,2,1.525,0.9023,181,0
IWM190920P158,2019-09-13,2019-09-13 09:34:41,1.54,0.9112,19,1.51,0.8934,561,1.52,0.8994,2,1.525,0.9023,181,0
IWM190920P158,2019-09-13,2019-09-13 09:34:42,1.54,0.9112,19,1.51,0.8934,283,1.52,0.8994,2,1.525,0.9023,181,0
IWM190920P158,2019-09-13,2019-09-13 09:34:42,1.54,0.9112,19,1.51,0.8934,246,1.52,0.8994,2,1.525,0.9023,181,0
IWM190920P158,2019-09-13,2019-09-13 09:34:43,1.54,0.9112,23,1.51,0.8934,314,1.52,0.8994,2,1.525,0.9023,181,0
IWM190920P158,2019-09-13,2019-09-13 09:34:44,1.54,0.9112,23,1.51,0.8934,314,1.52,0.8994,2,1.525,0.9023,181,0
IWM190920P158,2019-09-13,2019-09-13 09:34:44,1.53,0.9053,13,1.51,0.8934,314,1.52,0.8994,2,1.52,0.8994,181,0
IWM190920P158,2019-09-13,2019-09-13 09:34:45,1.53,0.9053,13,1.51,0.8934,314,1.52,0.8994,2,1.52,0.8994,181,0
IWM190920P158,2019-09-13,2019-09-13 09:34:46,1.52,0.8994,20,1.51,0.8934,17,1.52,0.8994,2,1.515,0.8964,185,0
IWM190920P158,2019-09-13,2019-09-13 09:34:46,1.52,0.8994,13,1.52,0.8994,2,1.52,0.8994,2,1.52,0.8994,185,4
IWM190920P158,2019-09-13,2019-09-13 09:34:47,1.52,0.8994,20,1.51,0.8934,12,1.52,0.8994,2,1.515,0.8964,185,0
IWM190920P158,2019-09-13,2019-09-13 09:34:48,1.52,0.8994,30,1.51,0.8934,12,1.52,0.8994,2,1.515,0.8964,185,0
IWM190920P158,2019-09-13,2019-09-13 09:34:48,1.52,0.8994,30,1.5,0.8875,38,1.52,0.8994,2,1.51,0.8934,185,0
IWM190920P158,2019-09-13,2019-09-13 09:34:49,1.51,0.8934,44,1.49,0.8816,65,1.52,0.8994,2,1.5,0.8875,185,0
IWM190920P158,2019-09-13,2019-09-13 09:34:49,1.52,0.8994,22,1.5,0.8875,69,1.52,0.8994,2,1.51,0.8934,185,0
IWM190920P158,2019-09-13,2019-09-13 09:34:50,1.52,0.8994,71,1.5,0.8875,31,1.52,0.8994,2,1.51,0.8934,185,0
IWM190920P158,2019-09-13,2019-09-13 09:34:51,1.51,0.8934,16,1.5,0.8875,9,1.52,0.8994,2,1.505,0.8905,185,0
IWM190920P158,2019-09-13,2019-09-13 09:34:51,1.51,0.8934,22,1.49,0.8816,192,1.52,0.8994,2,1.5,0.8875,185,0
IWM190920P158,2019-09-13,2019-09-13 09:34:52,1.49,0.8816,13,1.48,0.8757,12,1.49,0.8816,6,1.485,0.8786,191,0
IWM190920P158,2019-09-13,2019-09-13 09:34:52,1.49,0.8816,13,1.48,0.8757,12,1.49,0.8816,6,1.485,0.8786,191,6
IWM190920P158,2019-09-13,2019-09-13 09:34:53,1.49,0.8816,88,1.47,0.8698,61,1.49,0.8816,6,1.48,0.8757,191,0
IWM190920P158,2019-09-13,2019-09-13 09:34:53,1.49,0.8816,68,1.47,0.8698,61,1.49,0.8816,6,1.48,0.8757,191,0
IWM190920P158,2019-09-13,2019-09-13 09:34:54,1.49,0.8816,100,1.47,0.8698,61,1.49,0.8816,6,1.48,0.8757,191,0
IWM190920P158,2019-09-13,2019-09-13 09:34:55,1.49,0.8816,130,1.47,0.8698,61,1.49,0.8816,6,1.48,0.8757,191,0
IWM190920P158,2019-09-13,2019-09-13 09:34:55,1.49,0.8816,100,1.47,0.8698,61,1.49,0.8816,6,1.48,0.8757,191,0
IWM190920P158,2019-09-13,2019-09-13 09:34:56,1.49,0.8816,130,1.47,0.8698,83,1.49,0.8816,6,1.48,0.8757,191,0
IWM190920P158,2019-09-13,2019-09-13 09:34:57,1.49,0.8816,15,1.47,0.8698,245,1.49,0.8816,6,1.48,0.8757,191,0
IWM190920P158,2019-09-13,2019-09-13 09:34:57,1.49,0.8816,130,1.47,0.8698,83,1.49,0.8816,6,1.48,0.8757,191,0
IWM190920P158,2019-09-13,2019-09-13 09:34:58,1.49,0.8816,38,1.47,0.8698,61,1.49,0.8816,6,1.48,0.8757,191,0
IWM190920P158,2019-09-13,2019-09-13 09:34:58,1.49,0.8816,19,1.47,0.8698,82,1.49,0.8816,6,1.48,0.8757,191,0
IWM190920P158,2019-09-13,2019-09-13 09:34:59,1.49,0.8816,24,1.47,0.8698,61,1.49,0.8816,6,1.48,0.8757,191,0
IWM190920P158,2019-09-13,2019-09-13 09:35:00,1.49,0.8816,24,1.47,0.8698,74,1.49,0.8816,6,1.48,0.8757,191,0
IWM190920P158,2019-09-13,2019-09-13 09:35:00,1.48,0.8757,13,1.44,0.852,45,1.47,0.8698,4,1.46,0.8639,195,4
IWM190920P158,2019-09-13,2019-09-13 09:35:01,1.46,0.8639,16,1.43,0.8461,30,1.47,0.8698,4,1.445,0.855,195,0
IWM190920P158,2019-09-13,2019-09-13 09:35:01,1.46,0.8639,31,1.43,0.8461,30,1.47,0.8698,4,1.445,0.855,195,0
IWM190920P158,2019-09-13,2019-09-13 09:35:02,1.45,0.8579,13,1.43,0.8461,30,1.47,0.8698,4,1.44,0.852,195,0
IWM190920P158,2019-09-13,2019-09-13 09:35:02,1.46,0.8639,51,1.44,0.852,37,1.47,0.8698,4,1.45,0.8579,195,0
IWM190920P158,2019-09-13,2019-09-13 09:35:03,1.45,0.8579,45,1.43,0.8461,1,1.47,0.8698,4,1.44,0.852,195,0
IWM190920P158,2019-09-13,2019-09-13 09:35:03,1.45,0.8579,19,1.43,0.8461,51,1.47,0.8698,4,1.44,0.852,195,0
IWM190920P158,2019-09-13,2019-09-13 09:35:04,1.45,0.8579,13,1.43,0.8461,14,1.47,0.8698,4,1.44,0.852,195,0
IWM190920P158,2019-09-13,2019-09-13 09:35:04,1.45,0.8579,16,1.43,0.8461,13,1.47,0.8698,4,1.44,0.852,195,0
IWM190920P158,2019-09-13,2019-09-13 09:35:05,1.44,0.852,16,1.43,0.8461,13,1.47,0.8698,4,1.435,0.8491,195,0
IWM190920P158,2019-09-13,2019-09-13 09:35:05,1.45,0.8579,16,1.43,0.8461,13,1.47,0.8698,4,1.44,0.852,195,0
IWM190920P158,2019-09-13,2019-09-13 09:35:06,1.44,0.852,16,1.43,0.8461,13,1.47,0.8698,4,1.435,0.8491,195,0
IWM190920P158,2019-09-13,2019-09-13 09:35:07,1.43,0.8461,13,1.41,0.8343,63,1.43,0.8461,1,1.42,0.8402,199,4
IWM190920P158,2019-09-13,2019-09-13 09:35:07,1.43,0.8461,16,1.42,0.8402,16,1.43,0.8461,1,1.425,0.8431,199,0
IWM190920P158,2019-09-13,2019-09-13 09:35:08,1.45,0.8579,14,1.44,0.852,5,1.43,0.8461,1,1.445,0.855,199,0
IWM190920P158,2019-09-13,2019-09-13 09:35:08,1.45,0.8579,26,1.43,0.8461,36,1.43,0.8461,1,1.44,0.852,199,0
IWM190920P158,2019-09-13,2019-09-13 09:35:09,1.45,0.8579,54,1.43,0.8461,27,1.43,0.8461,1,1.44,0.852,199,0
IWM190920P158,2019-09-13,2019-09-13 09:35:09,1.44,0.852,37,1.42,0.8402,57,1.43,0.8461,1,1.43,0.8461,199,0
IWM190920P158,2019-09-13,2019-09-13 09:35:10,1.44,0.852,49,1.42,0.8402,32,1.43,0.8461,1,1.43,0.8461,199,0
IWM190920P158,2019-09-13,2019-09-13 09:35:11,1.43,0.8461,16,1.42,0.8402,5,1.43,0.8461,1,1.425,0.8431,199,0
IWM190920P158,2019-09-13,2019-09-13 09:35:12,1.43,0.8461,111,1.42,0.8402,9,1.43,0.8461,1,1.425,0.8431,199,0
IWM190920P158,2019-09-13,2019-09-13 09:35:12,1.43,0.8461,54,1.41,0.8343,25,1.43,0.8461,1,1.42,0.8402,199,0
IWM190920P158,2019-09-13,2019-09-13 09:35:13,1.42,0.8402,55,1.4,0.8284,22,1.43,0.8461,1,1.41,0.8343,199,0
IWM190920P158,2019-09-13,2019-09-13 09:35:13,1.41,0.8343,16,1.4,0.8284,10,1.43,0.8461,1,1.405,0.8313,199,0
IWM190920P158,2019-09-13,2019-09-13 09:35:14,1.41,0.8343,13,1.4,0.8284,10,1.43,0.8461,1,1.405,0.8313,199,0
IWM190920P158,2019-09-13,2019-09-13 09:35:14,1.41,0.8343,16,1.4,0.8284,10,1.43,0.8461,1,1.405,0.8313,199,0
IWM190920P158,2019-09-13,2019-09-13 09:35:15,1.4,0.8284,23,1.38,0.8165,62,1.4,0.8284,10,1.39,0.8224,209,10
IWM190920P158,2019-09-13,2019-09-13 09:35:15,1.4,0.8284,61,1.38,0.8165,33,1.4,0.8284,10,1.39,0.8224,209,0
IWM190920P158,2019-09-13,2019-09-13 09:35:16,1.4,0.8284,47,1.38,0.8165,30,1.4,0.8284,10,1.39,0.8224,209,0
IWM190920P158,2019-09-13,2019-09-13 09:35:16,1.41,0.8343,155,1.38,0.8165,33,1.4,0.8284,10,1.395,0.8254,209,0
IWM190920P158,2019-09-13,2019-09-13 09:35:17,1.4,0.8284,90,1.38,0.8165,54,1.4,0.8284,10,1.39,0.8224,209,0
IWM190920P158,2019-09-13,2019-09-13 09:35:17,1.4,0.8284,177,1.38,0.8165,49,1.4,0.8284,10,1.39,0.8224,209,0
IWM190920P158,2019-09-13,2019-09-13 09:35:18,1.39,0.8224,16,1.38,0.8165,17,1.4,0.8284,10,1.385,0.8195,209,0
IWM190920P158,2019-09-13,2019-09-13 09:35:18,1.4,0.8284,202,1.38,0.8165,49,1.4,0.8284,10,1.39,0.8224,209,0
IWM190920P158,2019-09-13,2019-09-13 09:35:19,1.39,0.8224,16,1.38,0.8165,10,1.4,0.8284,10,1.385,0.8195,209,0
IWM190920P158,2019-09-13,2019-09-13 09:35:19,1.39,0.8224,24,1.38,0.8165,20,1.4,0.8284,10,1.385,0.8195,209,0
IWM190920P158,2019-09-13,2019-09-13 09:35:20,1.39,0.8224,28,1.37,0.8106,44,1.4,0.8284,10,1.38,0.8165,209,0
IWM190920P158,2019-09-13,2019-09-13 09:35:20,1.39,0.8224,18,1.38,0.8165,5,1.4,0.8284,10,1.385,0.8195,209,0
IWM190920P158,2019-09-13,2019-09-13 09:35:21,1.39,0.8224,42,1.37,0.8106,61,1.4,0.8284,10,1.38,0.8165,209,0
IWM190920P158,2019-09-13,2019-09-13 09:35:21,1.39,0.8224,85,1.37,0.8106,61,1.4,0.8284,10,1.38,0.8165,209,0
IWM190920P158,2019-09-13,2019-09-13 09:35:22,1.39,0.8224,196,1.37,0.8106,61,1.4,0.8284,10,1.38,0.8165,209,0
IWM190920P158,2019-09-13,2019-09-13 09:35:23,1.39,0.8224,214,1.37,0.8106,61,1.4,0.8284,10,1.38,0.8165,209,0
IWM190920P158,2019-09-13,2019-09-13 09:35:24,1.37,0.8106,13,1.36,0.8047,8,1.4,0.8284,10,1.365,0.8076,209,0
IWM190920P158,2019-09-13,2019-09-13 09:35:25,1.37,0.8106,17,1.35,0.7988,50,1.4,0.8284,10,1.36,0.8047,209,0
IWM190920P158,2019-09-13,2019-09-13 09:35:25,1.37,0.8106,13,1.35,0.7988,50,1.4,0.8284,10,1.36,0.8047,209,0
IWM190920P158,2019-09-13,2019-09-13 09:35:26,1.38,0.8165,59,1.35,0.7988,28,1.4,0.8284,10,1.365,0.8076,209,0
IWM190920P158,2019-09-13,2019-09-13 09:35:26,1.38,0.8165,13,1.36,0.8047,55,1.4,0.8284,10,1.37,0.8106,209,0
IWM190920P158,2019-09-13,2019-09-13 09:35:27,1.38,0.8165,13,1.36,0.8047,61,1.4,0.8284,10,1.37,0.8106,209,0
IWM190920P158,2019-09-13,2019-09-13 09:35:27,1.38,0.8165,43,1.36,0.8047,62,1.4,0.8284,10,1.37,0.8106,209,0
IWM190920P158,2019-09-13,2019-09-13 09:35:28,1.39,0.8224,140,1.36,0.8047,62,1.4,0.8284,10,1.375,0.8136,209,0
IWM190920P158,2019-09-13,2019-09-13 09:35:28,1.39,0.8224,140,1.37,0.8106,31,1.4,0.8284,10,1.38,0.8165,209,0
IWM190920P158,2019-09-13,2019-09-13 09:35:29,1.4,0.8284,38,1.38,0.8165,61,1.4,0.8284,10,1.39,0.8224,209,0
IWM190920P158,2019-09-13,2019-09-13 09:35:29,1.39,0.8224,31,1.37,0.8106,31,1.4,0.8284,10,1.38,0.8165,209,0
IWM190920P158,2019-09-13,2019-09-13 09:35:30,1.37,0.8106,13,1.36,0.8047,20,1.4,0.8284,10,1.365,0.8076,209,0
IWM190920P158,2019-09-13,2019-09-13 09:35:30,1.38,0.8165,13,1.36,0.8047,13,1.4,0.8284,10,1.37,0.8106,209,0
IWM190920P158,2019-09-13,2019-09-13 09:35:31,1.38,0.8165,42,1.36,0.8047,20,1.4,0.8284,10,1.37,0.8106,209,0
IWM190920P158,2019-09-13,2019-09-13 09:35:31,1.39,0.8224,48,1.38,0.8165,1,1.4,0.8284,10,1.385,0.8195,209,0
IWM190920P158,2019-09-13,2019-09-13 09:35:32,1.39,0.8224,46,1.36,0.8047,60,1.4,0.8284,10,1.375,0.8136,209,0
IWM190920P158,2019-09-13,2019-09-13 09:35:32,1.38,0.8165,13,1.35,0.7988,17,1.4,0.8284,10,1.365,0.8076,209,0
IWM190920P158,2019-09-13,2019-09-13 09:35:33,1.39,0.8224,13,1.37,0.8106,60,1.4,0.8284,10,1.38,0.8165,209,0
IWM190920P158,2019-09-13,2019-09-13 09:35:34,1.37,0.8106,13,1.35,0.7988,30,1.4,0.8284,10,1.36,0.8047,209,0
IWM190920P158,2019-09-13,2019-09-13 09:35:34,1.39,0.8224,14,1.37,0.8106,22,1.4,0.8284,10,1.38,0.8165,209,0
IWM190920P158,2019-09-13,2019-09-13 09:35:35,1.36,0.8047,17,1.35,0.7988,1,1.4,0.8284,10,1.355,0.8017,209,0
IWM190920P158,2019-09-13,2019-09-13 09:35:35,1.36,0.8047,13,1.35,0.7988,1,1.4,0.8284,10,1.355,0.8017,209,0
IWM190920P158,2019-09-13,2019-09-13 09:35:36,1.36,0.8047,10,1.35,0.7988,1,1.4,0.8284,10,1.355,0.8017,209,0
IWM190920P158,2019-09-13,2019-09-13 09:35:36,1.36,0.8047,17,1.35,0.7988,1,1.4,0.8284,10,1.355,0.8017,209,0
IWM190920P158,2019-09-13,2019-09-13 09:35:37,1.38,0.8165,14,1.35,0.7988,83,1.4,0.8284,10,1.365,0.8076,209,0
IWM190920P158,2019-09-13,2019-09-13 09:35:37,1.38,0.8165,14,1.35,0.7988,101,1.4,0.8284,10,1.365,0.8076,209,0
IWM190920P158,2019-09-13,2019-09-13 09:35:38,1.36,0.8047,18,1.34,0.7928,59,1.4,0.8284,10,1.35,0.7988,209,0
IWM190920P158,2019-09-13,2019-09-13 09:35:39,1.35,0.7988,31,1.33,0.7869,59,1.4,0.8284,10,1.34,0.7928,209,0
IWM190920P158,2019-09-13,2019-09-13 09:35:39,1.35,0.7988,13,1.33,0.7869,59,1.4,0.8284,10,1.34,0.7928,209,0
IWM190920P158,2019-09-13,2019-09-13 09:35:40,1.35,0.7988,106,1.33,0.7869,74,1.4,0.8284,10,1.34,0.7928,209,0
IWM190920P158,2019-09-13,2019-09-13 09:35:40,1.35,0.7988,101,1.33,0.7869,74,1.4,0.8284,10,1.34,0.7928,209,0
IWM190920P158,2019-09-13,2019-09-13 09:35:41,1.35,0.7988,33,1.33,0.7869,130,1.4,0.8284,10,1.34,0.7928,209,0
IWM190920P158,2019-09-13,2019-09-13 09:35:41,1.35,0.7988,65,1.33,0.7869,81,1.35,0.7988,29,1.34,0.7928,238,29
IWM190920P158,2019-09-13,2019-09-13 09:35:42,1.35,0.7988,65,1.33,0.7869,81,1.35,0.7988,29,1.34,0.7928,238,0
IWM190920P158,2019-09-13,2019-09-13 09:35:42,1.35,0.7988,80,1.33,0.7869,70,1.35,0.7988,29,1.34,0.7928,238,0
IWM190920P158,2019-09-13,2019-09-13 09:35:43,1.35,0.7988,16,1.33,0.7869,167,1.35,0.7988,29,1.34,0.7928,238,0
IWM190920P158,2019-09-13,2019-09-13 09:35:43,1.36,0.8047,26,1.35,0.7988,10,1.35,0.7988,29,1.355,0.8017,238,0
IWM190920P158,2019-09-13,2019-09-13 09:35:44,1.36,0.8047,36,1.35,0.7988,10,1.35,0.7988,29,1.355,0.8017,238,0
IWM190920P158,2019-09-13,2019-09-13 09:35:44,1.37,0.8106,15,1.36,0.8047,1,1.36,0.8047,15,1.365,0.8076,253,15
IWM190920P158,2019-09-13,2019-09-13 09:35:45,1.36,0.8047,13,1.34,0.7928,136,1.36,0.8047,15,1.35,0.7988,253,0
IWM190920P158,2019-09-13,2019-09-13 09:35:45,1.37,0.8106,15,1.34,0.7928,136,1.36,0.8047,15,1.355,0.8017,253,0
IWM190920P158,2019-09-13,2019-09-13 09:35:46,1.36,0.8047,13,1.34,0.7928,74,1.36,0.8047,15,1.35,0.7988,253,0
IWM190920P158,2019-09-13,2019-09-13 09:35:46,1.36,0.8047,26,1.34,0.7928,77,1.36,0.8047,15,1.35,0.7988,253,0
IWM190920P158,2019-09-13,2019-09-13 09:35:47,1.37,0.8106,86,1.34,0.7928,188,1.36,0.8047,15,1.355,0.8017,253,0
IWM190920P158,2019-09-13,2019-09-13 09:35:47,1.36,0.8047,26,1.34,0.7928,188,1.36,0.8047,15,1.35,0.7988,253,0
IWM190920P158,2019-09-13,2019-09-13 09:35:48,1.37,0.8106,86,1.34,0.7928,235,1.36,0.8047,15,1.355,0.8017,253,0
IWM190920P158,2019-09-13,2019-09-13 09:35:48,1.36,0.8047,31,1.34,0.7928,46,1.36,0.8047,15,1.35,0.7988,253,0
IWM190920P158,2019-09-13,2019-09-13 09:35:49,1.37,0.8106,14,1.35,0.7988,51,1.36,0.8047,15,1.36,0.8047,253,0
IWM190920P158,2019-09-13,2019-09-13 09:35:49,1.36,0.8047,31,1.34,0.7928,59,1.36,0.8047,15,1.35,0.7988,253,0
IWM190920P158,2019-09-13,2019-09-13 09:35:50,1.37,0.8106,24,1.35,0.7988,55,1.36,0.8047,15,1.36,0.8047,253,0
IWM190920P158,2019-09-13,2019-09-13 09:35:50,1.37,0.8106,18,1.35,0.7988,139,1.36,0.8047,15,1.36,0.8047,253,0
IWM190920P158,2019-09-13,2019-09-13 09:35:51,1.37,0.8106,13,1.35,0.7988,149,1.36,0.8047,15,1.36,0.8047,253,0
IWM190920P158,2019-09-13,2019-09-13 09:35:51,1.37,0.8106,18,1.35,0.7988,139,1.36,0.8047,15,1.36,0.8047,253,0
IWM190920P158,2019-09-13,2019-09-13 09:35:52,1.36,0.8047,14,1.34,0.7928,60,1.36,0.8047,15,1.35,0.7988,253,0
IWM190920P158,2019-09-13,2019-09-13 09:35:52,1.36,0.8047,17,1.35,0.7988,59,1.36,0.8047,15,1.355,0.8017,253,0
IWM190920P158,2019-09-13,2019-09-13 09:35:53,1.37,0.8106,14,1.34,0.7928,105,1.36,0.8047,15,1.355,0.8017,253,0
IWM190920P158,2019-09-13,2019-09-13 09:35:54,1.36,0.8047,13,1.34,0.7928,164,1.36,0.8047,15,1.35,0.7988,253,0
IWM190920P158,2019-09-13,2019-09-13 09:35:54,1.37,0.8106,14,1.34,0.7928,129,1.36,0.8047,15,1.355,0.8017,253,0
IWM190920P158,2019-09-13,2019-09-13 09:35:55,1.36,0.8047,15,1.34,0.7928,85,1.36,0.8047,15,1.35,0.7988,253,0
IWM190920P158,2019-09-13,2019-09-13 09:35:56,1.36,0.8047,7,1.34,0.7928,95,1.36,0.8047,15,1.35,0.7988,253,0
IWM190920P158,2019-09-13,2019-09-13 09:35:56,1.36,0.8047,37,1.34,0.7928,47,1.36,0.8047,15,1.35,0.7988,253,0
IWM190920P158,2019-09-13,2019-09-13 09:35:57,1.36,0.8047,20,1.34,0.7928,51,1.36,0.8047,15,1.35,0.7988,253,0
IWM190920P158,2019-09-13,2019-09-13 09:35:58,1.37,0.8106,18,1.34,0.7928,177,1.36,0.8047,15,1.355,0.8017,253,0
IWM190920P158,2019-09-13,2019-09-13 09:35:58,1.37,0.8106,18,1.34,0.7928,96,1.36,0.8047,15,1.355,0.8017,253,0
IWM190920P158,2019-09-13,2019-09-13 09:35:59,1.37,0.8106,17,1.34,0.7928,417,1.36,0.8047,15,1.355,0.8017,253,0
IWM190920P158,2019-09-13,2019-09-13 09:35:59,1.37,0.8106,18,1.34,0.7928,192,1.36,0.8047,15,1.355,0.8017,253,0
IWM190920P158,2019-09-13,2019-09-13 09:36:00,1.37,0.8106,31,1.34,0.7928,305,1.36,0.8047,15,1.355,0.8017,253,0
IWM190920P158,2019-09-13,2019-09-13 09:36:00,1.37,0.8106,26,1.34,0.7928,444,1.36,0.8047,15,1.355,0.8017,253,0
IWM190920P158,2019-09-13,2019-09-13 09:36:01,1.37,0.8106,41,1.35,0.7988,33,1.36,0.8047,15,1.36,0.8047,253,0
IWM190920P158,2019-09-13,2019-09-13 09:36:01,1.36,0.8047,20,1.34,0.7928,61,1.36,0.8047,15,1.35,0.7988,253,0
IWM190920P158,2019-09-13,2019-09-13 09:36:02,1.36,0.8047,13,1.35,0.7988,14,1.36,0.8047,15,1.355,0.8017,253,0
IWM190920P158,2019-09-13,2019-09-13 09:36:02,1.37,0.8106,67,1.34,0.7928,173,1.36,0.8047,15,1.355,0.8017,253,0
IWM190920P158,2019-09-13,2019-09-13 09:36:03,1.36,0.8047,13,1.35,0.7988,14,1.36,0.8047,15,1.355,0.8017,253,0
IWM190920P158,2019-09-13,2019-09-13 09:36:03,1.37,0.8106,42,1.34,0.7928,94,1.36,0.8047,15,1.355,0.8017,253,0
IWM190920P158,2019-09-13,2019-09-13 09:36:04,1.36,0.8047,50,1.34,0.7928,51,1.36,0.8047,15,1.35,0.7988,253,0
IWM190920P158,2019-09-13,2019-09-13 09:36:04,1.36,0.8047,100,1.34,0.7928,51,1.36,0.8047,15,1.35,0.7988,253,0
IWM190920P158,2019-09-13,2019-09-13 09:36:05,1.37,0.8106,13,1.35,0.7988,114,1.36,0.8047,15,1.36,0.8047,253,0
IWM190920P158,2019-09-13,2019-09-13 09:36:05,1.37,0.8106,14,1.35,0.7988,62,1.36,0.8047,15,1.36,0.8047,253,0
IWM190920P158,2019-09-13,2019-09-13 09:36:06,1.38,0.8165,63,1.35,0.7988,213,1.36,0.8047,15,1.365,0.8076,253,0
IWM190920P158,2019-09-13,2019-09-13 09:36:06,1.38,0.8165,79,1.35,0.7988,213,1.36,0.8047,15,1.365,0.8076,253,0
IWM190920P158,2019-09-13,2019-09-13 09:36:07,1.38,0.8165,79,1.35,0.7988,234,1.36,0.8047,15,1.365,0.8076,253,0
IWM190920P158,2019-09-13,2019-09-13 09:36:07,1.38,0.8165,79,1.35,0.7988,178,1.36,0.8047,15,1.365,0.8076,253,0
IWM190920P158,2019-09-13,2019-09-13 09:36:08,1.36,0.8047,14,1.35,0.7988,14,1.36,0.8047,15,1.355,0.8017,253,0
IWM190920P158,2019-09-13,2019-09-13 09:36:08,1.38,0.8165,52,1.36,0.8047,33,1.36,0.8047,15,1.37,0.8106,253,0
IWM190920P158,2019-09-13,2019-09-13 09:36:09,1.37,0.8106,111,1.35,0.7988,36,1.37,0.8106,4,1.36,0.8047,257,4
IWM190920P158,2019-09-13,2019-09-13 09:36:09,1.37,0.8106,24,1.35,0.7988,36,1.36,0.8047,15,1.36,0.8047,253,0
IWM190920P158,2019-09-13,2019-09-13 09:36:10,1.36,0.8047,77,1.34,0.7928,35,1.37,0.8106,4,1.35,0.7988,257,0
IWM190920P158,2019-09-13,2019-09-13 09:36:10,1.36,0.8047,39,1.34,0.7928,166,1.37,0.8106,4,1.35,0.7988,257,0
IWM190920P158,2019-09-13,2019-09-13 09:36:11,1.37,0.8106,32,1.35,0.7988,46,1.37,0.8106,4,1.36,0.8047,257,0
IWM190920P158,2019-09-13,2019-09-13 09:36:11,1.36,0.8047,13,1.34,0.7928,197,1.37,0.8106,4,1.35,0.7988,257,0
IWM190920P158,2019-09-13,2019-09-13 09:36:12,1.37,0.8106,14,1.36,0.8047,34,1.37,0.8106,4,1.365,0.8076,257,0
IWM190920P158,2019-09-13,2019-09-13 09:36:12,1.38,0.8165,72,1.36,0.8047,34,1.37,0.8106,4,1.37,0.8106,257,0
IWM190920P158,2019-09-13,2019-09-13 09:36:13,1.38,0.8165,73,1.36,0.8047,68,1.37,0.8106,4,1.37,0.8106,257,0
IWM190920P158,2019-09-13,2019-09-13 09:36:14,1.37,0.8106,61,1.35,0.7988,99,1.37,0.8106,4,1.36,0.8047,257,0
IWM190920P158,2019-09-13,2019-09-13 09:36:14,1.37,0.8106,62,1.35,0.7988,58,1.37,0.8106,4,1.36,0.8047,257,0
IWM190920P158,2019-09-13,2019-09-13 09:36:15,1.37,0.8106,108,1.35,0.7988,186,1.37,0.8106,4,1.36,0.8047,257,0
IWM190920P158,2019-09-13,2019-09-13 09:36:15,1.37,0.8106,129,1.35,0.7988,40,1.37,0.8106,4,1.36,0.8047,257,0
IWM190920P158,2019-09-13,2019-09-13 09:36:16,1.36,0.8047,122,1.34,0.7928,27,1.37,0.8106,4,1.35,0.7988,257,0
IWM190920P158,2019-09-13,2019-09-13 09:36:16,1.36,0.8047,61,1.35,0.7988,40,1.37,0.8106,4,1.355,0.8017,257,0
IWM190920P158,2019-09-13,2019-09-13 09:36:17,1.36,0.8047,57,1.34,0.7928,27,1.37,0.8106,4,1.35,0.7988,257,0
IWM190920P158,2019-09-13,2019-09-13 09:36:17,1.36,0.8047,147,1.34,0.7928,27,1.37,0.8106,4,1.35,0.7988,257,0
IWM190920P158,2019-09-13,2019-09-13 09:36:18,1.35,0.7988,33,1.33,0.7869,30,1.37,0.8106,4,1.34,0.7928,257,0
IWM190920P158,2019-09-13,2019-09-13 09:36:18,1.34,0.7928,13,1.33,0.7869,17,1.37,0.8106,4,1.335,0.7899,257,0
IWM190920P158,2019-09-13,2019-09-13 09:36:19,1.33,0.7869,44,1.32,0.781,5,1.37,0.8106,4,1.325,0.784,257,0
IWM190920P158,2019-09-13,2019-09-13 09:36:19,1.33,0.7869,101,1.31,0.7751,17,1.37,0.8106,4,1.32,0.781,257,0
IWM190920P158,2019-09-13,2019-09-13 09:36:20,1.32,0.781,65,1.3,0.7692,10,1.37,0.8106,4,1.31,0.7751,257,0
IWM190920P158,2019-09-13,2019-09-13 09:36:20,1.32,0.781,33,1.31,0.7751,6,1.37,0.8106,4,1.315,0.7781,257,0
IWM190920P158,2019-09-13,2019-09-13 09:36:21,1.32,0.781,71,1.3,0.7692,10,1.37,0.8106,4,1.31,0.7751,257,0
IWM190920P158,2019-09-13,2019-09-13 09:36:21,1.32,0.781,126,1.3,0.7692,10,1.37,0.8106,4,1.31,0.7751,257,0
IWM190920P158,2019-09-13,2019-09-13 09:36:22,1.31,0.7751,4,1.3,0.7692,23,1.37,0.8106,4,1.305,0.7721,257,0
IWM190920P158,2019-09-13,2019-09-13 09:36:22,1.32,0.781,105,1.3,0.7692,23,1.37,0.8106,4,1.31,0.7751,257,0
IWM190920P158,2019-09-13,2019-09-13 09:36:23,1.32,0.781,164,1.3,0.7692,23,1.37,0.8106,4,1.31,0.7751,257,0
IWM190920P158,2019-09-13,2019-09-13 09:36:23,1.32,0.781,33,1.3,0.7692,23,1.37,0.8106,4,1.31,0.7751,257,0
IWM190920P158,2019-09-13,2019-09-13 09:36:24,1.31,0.7751,24,1.3,0.7692,10,1.37,0.8106,4,1.305,0.7721,257,0
IWM190920P158,2019-09-13,2019-09-13 09:36:24,1.32,0.781,33,1.3,0.7692,10,1.37,0.8106,4,1.31,0.7751,257,0
IWM190920P158,2019-09-13,2019-09-13 09:36:25,1.31,0.7751,24,1.3,0.7692,10,1.37,0.8106,4,1.305,0.7721,257,0
IWM190920P158,2019-09-13,2019-09-13 09:36:25,1.31,0.7751,4,1.3,0.7692,10,1.37,0.8106,4,1.305,0.7721,257,0
IWM190920P158,2019-09-13,2019-09-13 09:36:26,1.32,0.781,228,1.3,0.7692,21,1.37,0.8106,4,1.31,0.7751,257,0
IWM190920P158,2019-09-13,2019-09-13 09:36:26,1.32,0.781,228,1.3,0.7692,10,1.37,0.8106,4,1.31,0.7751,257,0
IWM190920P158,2019-09-13,2019-09-13 09:36:27,1.32,0.781,94,1.3,0.7692,10,1.37,0.8106,4,1.31,0.7751,257,0
IWM190920P158,2019-09-13,2019-09-13 09:36:27,1.32,0.781,132,1.3,0.7692,10,1.37,0.8106,4,1.31,0.7751,257,0
IWM190920P158,2019-09-13,2019-09-13 09:36:28,1.32,0.781,118,1.3,0.7692,25,1.37,0.8106,4,1.31,0.7751,257,0
IWM190920P158,2019-09-13,2019-09-13 09:36:28,1.32,0.781,88,1.3,0.7692,25,1.37,0.8106,4,1.31,0.7751,257,0
IWM190920P158,2019-09-13,2019-09-13 09:36:29,1.31,0.7751,17,1.3,0.7692,25,1.3,0.7692,1,1.305,0.7721,267,10
IWM190920P158,2019-09-13,2019-09-13 09:36:29,1.3,0.7692,13,1.29,0.7633,5,1.3,0.7692,1,1.295,0.7662,267,0
IWM190920P158,2019-09-13,2019-09-13 09:36:30,1.29,0.7633,60,1.28,0.7573,5,1.3,0.7692,1,1.285,0.7603,267,0
IWM190920P158,2019-09-13,2019-09-13 09:36:30,1.3,0.7692,16,1.29,0.7633,5,1.3,0.7692,1,1.295,0.7662,267,0
IWM190920P158,2019-09-13,2019-09-13 09:36:31,1.29,0.7633,33,1.28,0.7573,11,1.3,0.7692,1,1.285,0.7603,267,0
IWM190920P158,2019-09-13,2019-09-13 09:36:31,1.3,0.7692,33,1.28,0.7573,36,1.3,0.7692,1,1.29,0.7633,267,0
IWM190920P158,2019-09-13,2019-09-13 09:36:32,1.31,0.7751,122,1.29,0.7633,29,1.3,0.7692,1,1.3,0.7692,267,0
IWM190920P158,2019-09-13,2019-09-13 09:36:32,1.3,0.7692,33,1.28,0.7573,64,1.3,0.7692,1,1.29,0.7633,267,0
IWM190920P158,2019-09-13,2019-09-13 09:36:33,1.31,0.7751,122,1.29,0.7633,15,1.3,0.7692,1,1.3,0.7692,267,0
IWM190920P158,2019-09-13,2019-09-13 09:36:34,1.3,0.7692,85,1.28,0.7573,47,1.3,0.7692,1,1.29,0.7633,267,0
IWM190920P158,2019-09-13,2019-09-13 09:36:34,1.31,0.7751,122,1.28,0.7573,49,1.3,0.7692,1,1.295,0.7662,267,0
IWM190920P158,2019-09-13,2019-09-13 09:36:35,1.3,0.7692,55,1.28,0.7573,60,1.3,0.7692,1,1.29,0.7633,267,0
IWM190920P158,2019-09-13,2019-09-13 09:36:35,1.3,0.7692,219,1.28,0.7573,47,1.3,0.7692,1,1.29,0.7633,267,0
IWM190920P158,2019-09-13,2019-09-13 09:36:36,1.29,0.7633,13,1.28,0.7573,19,1.3,0.7692,1,1.285,0.7603,267,0
IWM190920P158,2019-09-13,2019-09-13 09:36:36,1.3,0.7692,122,1.28,0.7573,19,1.3,0.7692,1,1.29,0.7633,267,0
IWM190920P158,2019-09-13,2019-09-13 09:36:37,1.29,0.7633,13,1.28,0.7573,19,1.3,0.7692,1,1.285,0.7603,267,0
IWM190920P158,2019-09-13,2019-09-13 09:36:37,1.3,0.7692,91,1.28,0.7573,19,1.3,0.7692,1,1.29,0.7633,267,0
IWM190920P158,2019-09-13,2019-09-13 09:36:38,1.29,0.7633,78,1.27,0.7514,64,1.3,0.7692,1,1.28,0.7573,267,0
IWM190920P158,2019-09-13,2019-09-13 09:36:38,1.29,0.7633,33,1.27,0.7514,60,1.3,0.7692,1,1.28,0.7573,267,0
IWM190920P158,2019-09-13,2019-09-13 09:36:39,1.29,0.7633,39,1.27,0.7514,60,1.3,0.7692,1,1.28,0.7573,267,0
IWM190920P158,2019-09-13,2019-09-13 09:36:40,1.29,0.7633,26,1.27,0.7514,60,1.3,0.7692,1,1.28,0.7573,267,0
IWM190920P158,2019-09-13,2019-09-13 09:36:40,1.29,0.7633,39,1.27,0.7514,70,1.3,0.7692,1,1.28,0.7573,267,0
IWM190920P158,2019-09-13,2019-09-13 09:36:41,1.29,0.7633,39,1.27,0.7514,120,1.3,0.7692,1,1.28,0.7573,267,0
IWM190920P158,2019-09-13,2019-09-13 09:36:41,1.29,0.7633,39,1.27,0.7514,60,1.3,0.7692,1,1.28,0.7573,267,0
IWM190920P158,2019-09-13,2019-09-13 09:36:42,1.28,0.7573,73,1.26,0.7455,60,1.3,0.7692,1,1.27,0.7514,267,0
IWM190920P158,2019-09-13,2019-09-13 09:36:42,1.29,0.7633,39,1.27,0.7514,60,1.3,0.7692,1,1.28,0.7573,267,0
IWM190920P158,2019-09-13,2019-09-13 09:36:43,1.28,0.7573,73,1.26,0.7455,60,1.3,0.7692,1,1.27,0.7514,267,0
IWM190920P158,2019-09-13,2019-09-13 09:36:44,1.28,0.7573,60,1.26,0.7455,123,1.3,0.7692,1,1.27,0.7514,267,0
IWM190920P158,2019-09-13,2019-09-13 09:36:44,1.29,0.7633,96,1.27,0.7514,71,1.3,0.7692,1,1.28,0.7573,267,0
IWM190920P158,2019-09-13,2019-09-13 09:36:45,1.29,0.7633,89,1.27,0.7514,71,1.3,0.7692,1,1.28,0.7573,267,0
IWM190920P158,2019-09-13,2019-09-13 09:36:46,1.29,0.7633,52,1.27,0.7514,71,1.3,0.7692,1,1.28,0.7573,267,0
IWM190920P158,2019-09-13,2019-09-13 09:36:46,1.29,0.7633,67,1.27,0.7514,32,1.3,0.7692,1,1.28,0.7573,267,0
IWM190920P158,2019-09-13,2019-09-13 09:36:47,1.28,0.7573,111,1.26,0.7455,20,1.3,0.7692,1,1.27,0.7514,267,0
IWM190920P158,2019-09-13,2019-09-13 09:36:47,1.28,0.7573,13,1.27,0.7514,9,1.3,0.7692,1,1.275,0.7544,267,0
IWM190920P158,2019-09-13,2019-09-13 09:36:48,1.28,0.7573,51,1.26,0.7455,9,1.3,0.7692,1,1.27,0.7514,267,0
IWM190920P158,2019-09-13,2019-09-13 09:36:48,1.28,0.7573,64,1.26,0.7455,9,1.3,0.7692,1,1.27,0.7514,267,0
IWM190920P158,2019-09-13,2019-09-13 09:36:49,1.28,0.7573,51,1.26,0.7455,45,1.3,0.7692,1,1.27,0.7514,267,0
IWM190920P158,2019-09-13,2019-09-13 09:36:49,1.28,0.7573,111,1.26,0.7455,9,1.3,0.7692,1,1.27,0.7514,267,0
IWM190920P158,2019-09-13,2019-09-13 09:36:50,1.29,0.7633,26,1.28,0.7573,9,1.3,0.7692,1,1.285,0.7603,267,0
IWM190920P158,2019-09-13,2019-09-13 09:36:50,1.29,0.7633,42,1.27,0.7514,60,1.3,0.7692,1,1.28,0.7573,267,0
IWM190920P158,2019-09-13,2019-09-13 09:36:51,1.29,0.7633,33,1.28,0.7573,9,1.3,0.7692,1,1.285,0.7603,267,0
IWM190920P158,2019-09-13,2019-09-13 09:36:51,1.29,0.7633,26,1.28,0.7573,9,1.3,0.7692,1,1.285,0.7603,267,0
IWM190920P158,2019-09-13,2019-09-13 09:36:52,1.29,0.7633,20,1.28,0.7573,9,1.3,0.7692,1,1.285,0.7603,267,0
IWM190920P158,2019-09-13,2019-09-13 09:36:52,1.29,0.7633,65,1.27,0.7514,73,1.3,0.7692,1,1.28,0.7573,267,0
IWM190920P158,2019-09-13,2019-09-13 09:36:53,1.29,0.7633,133,1.27,0.7514,73,1.3,0.7692,1,1.28,0.7573,267,0
IWM190920P158,2019-09-13,2019-09-13 09:36:53,1.29,0.7633,65,1.27,0.7514,73,1.3,0.7692,1,1.28,0.7573,267,0
IWM190920P158,2019-09-13,2019-09-13 09:36:54,1.29,0.7633,42,1.27,0.7514,60,1.3,0.7692,1,1.28,0.7573,267,0
IWM190920P158,2019-09-13,2019-09-13 09:36:54,1.29,0.7633,85,1.27,0.7514,73,1.3,0.7692,1,1.28,0.7573,267,0
IWM190920P158,2019-09-13,2019-09-13 09:36:55,1.29,0.7633,42,1.27,0.7514,60,1.3,0.7692,1,1.28,0.7573,267,0
IWM190920P158,2019-09-13,2019-09-13 09:36:55,1.29,0.7633,199,1.26,0.7455,98,1.3,0.7692,1,1.275,0.7544,267,0
IWM190920P158,2019-09-13,2019-09-13 09:36:56,1.28,0.7573,13,1.27,0.7514,12,1.3,0.7692,1,1.275,0.7544,267,0
IWM190920P158,2019-09-13,2019-09-13 09:36:56,1.28,0.7573,33,1.26,0.7455,32,1.3,0.7692,1,1.27,0.7514,267,0
IWM190920P158,2019-09-13,2019-09-13 09:36:57,1.28,0.7573,33,1.26,0.7455,70,1.3,0.7692,1,1.27,0.7514,267,0
IWM190920P158,2019-09-13,2019-09-13 09:36:57,1.29,0.7633,63,1.26,0.7455,326,1.3,0.7692,1,1.275,0.7544,267,0
IWM190920P158,2019-09-13,2019-09-13 09:36:58,1.29,0.7633,33,1.27,0.7514,123,1.3,0.7692,1,1.28,0.7573,267,0
IWM190920P158,2019-09-13,2019-09-13 09:36:59,1.3,0.7692,33,1.27,0.7514,237,1.3,0.7692,1,1.285,0.7603,267,0
IWM190920P158,2019-09-13,2019-09-13 09:36:59,1.29,0.7633,76,1.26,0.7455,149,1.3,0.7692,1,1.275,0.7544,267,0
IWM190920P158,2019-09-13,2019-09-13 09:37:00,1.29,0.7633,20,1.28,0.7573,29,1.3,0.7692,1,1.285,0.7603,267,0
IWM190920P158,2019-09-13,2019-09-13 09:37:00,1.29,0.7633,110,1.26,0.7455,58,1.3,0.7692,1,1.275,0.7544,267,0
IWM190920P158,2019-09-13,2019-09-13 09:37:01,1.3,0.7692,62,1.28,0.7573,29,1.3,0.7692,1,1.29,0.7633,267,0
IWM190920P158,2019-09-13,2019-09-13 09:37:01,1.3,0.7692,105,1.28,0.7573,31,1.3,0.7692,1,1.29,0.7633,267,0
IWM190920P158,2019-09-13,2019-09-13 09:37:02,1.3,0.7692,315,1.28,0.7573,46,1.3,0.7692,1,1.29,0.7633,267,0
IWM190920P158,2019-09-13,2019-09-13 09:37:02,1.3,0.7692,210,1.27,0.7514,151,1.3,0.7692,1,1.285,0.7603,267,0
IWM190920P158,2019-09-13,2019-09-13 09:37:03,1.28,0.7573,13,1.26,0.7455,32,1.3,0.7692,1,1.27,0.7514,267,0
IWM190920P158,2019-09-13,2019-09-13 09:37:03,1.3,0.7692,252,1.28,0.7573,46,1.3,0.7692,1,1.29,0.7633,267,0
IWM190920P158,2019-09-13,2019-09-13 09:37:04,1.28,0.7573,106,1.26,0.7455,26,1.3,0.7692,1,1.27,0.7514,267,0
IWM190920P158,2019-09-13,2019-09-13 09:37:04,1.27,0.7514,13,1.25,0.7396,48,1.3,0.7692,1,1.26,0.7455,267,0
IWM190920P158,2019-09-13,2019-09-13 09:37:05,1.28,0.7573,172,1.26,0.7455,41,1.3,0.7692,1,1.27,0.7514,267,0
IWM190920P158,2019-09-13,2019-09-13 09:37:06,1.28,0.7573,138,1.26,0.7455,41,1.3,0.7692,1,1.27,0.7514,267,0
IWM190920P158,2019-09-13,2019-09-13 09:37:06,1.28,0.7573,289,1.26,0.7455,47,1.3,0.7692,1,1.27,0.7514,267,0
IWM190920P158,2019-09-13,2019-09-13 09:37:07,1.28,0.7573,138,1.26,0.7455,13,1.3,0.7692,1,1.27,0.7514,267,0
IWM190920P158,2019-09-13,2019-09-13 09:37:07,1.27,0.7514,29,1.25,0.7396,71,1.3,0.7692,1,1.26,0.7455,267,0
IWM190920P158,2019-09-13,2019-09-13 09:37:08,1.27,0.7514,117,1.25,0.7396,66,1.3,0.7692,1,1.26,0.7455,267,0
IWM190920P158,2019-09-13,2019-09-13 09:37:08,1.27,0.7514,96,1.25,0.7396,184,1.3,0.7692,1,1.26,0.7455,267,0
IWM190920P158,2019-09-13,2019-09-13 09:37:09,1.28,0.7573,131,1.25,0.7396,74,1.3,0.7692,1,1.265,0.7485,267,0
IWM190920P158,2019-09-13,2019-09-13 09:37:09,1.28,0.7573,154,1.26,0.7455,26,1.3,0.7692,1,1.27,0.7514,267,0
IWM190920P158,2019-09-13,2019-09-13 09:37:10,1.28,0.7573,188,1.26,0.7455,26,1.3,0.7692,1,1.27,0.7514,267,0
IWM190920P158,2019-09-13,2019-09-13 09:37:10,1.28,0.7573,146,1.26,0.7455,26,1.3,0.7692,1,1.27,0.7514,267,0
IWM190920P158,2019-09-13,2019-09-13 09:37:11,1.28,0.7573,146,1.26,0.7455,26,1.3,0.7692,1,1.27,0.7514,267,0
IWM190920P158,2019-09-13,2019-09-13 09:37:11,1.28,0.7573,180,1.26,0.7455,26,1.3,0.7692,1,1.27,0.7514,267,0
IWM190920P158,2019-09-13,2019-09-13 09:37:12,1.28,0.7573,64,1.26,0.7455,38,1.3,0.7692,1,1.27,0.7514,267,0
IWM190920P158,2019-09-13,2019-09-13 09:37:12,1.28,0.7573,123,1.26,0.7455,38,1.3,0.7692,1,1.27,0.7514,267,0
IWM190920P158,2019-09-13,2019-09-13 09:37:13,1.28,0.7573,123,1.26,0.7455,25,1.3,0.7692,1,1.27,0.7514,267,0
IWM190920P158,2019-09-13,2019-09-13 09:37:13,1.28,0.7573,123,1.26,0.7455,38,1.3,0.7692,1,1.27,0.7514,267,0
IWM190920P158,2019-09-13,2019-09-13 09:37:14,1.28,0.7573,78,1.26,0.7455,38,1.28,0.7573,1,1.27,0.7514,268,0
IWM190920P158,2019-09-13,2019-09-13 09:37:14,1.28,0.7573,78,1.26,0.7455,38,1.28,0.7573,1,1.27,0.7514,268,1
IWM190920P158,2019-09-13,2019-09-13 09:37:15,1.28,0.7573,151,1.26,0.7455,41,1.28,0.7573,1,1.27,0.7514,268,0
IWM190920P158,2019-09-13,2019-09-13 09:37:15,1.28,0.7573,78,1.26,0.7455,26,1.28,0.7573,1,1.27,0.7514,268,0
IWM190920P158,2019-09-13,2019-09-13 09:37:16,1.28,0.7573,86,1.26,0.7455,41,1.28,0.7573,1,1.27,0.7514,268,0
IWM190920P158,2019-09-13,2019-09-13 09:37:16,1.28,0.7573,61,1.26,0.7455,41,1.28,0.7573,1,1.27,0.7514,268,0
IWM190920P158,2019-09-13,2019-09-13 09:37:17,1.28,0.7573,61,1.26,0.7455,41,1.28,0.7573,1,1.27,0.7514,268,0
IWM190920P158,2019-09-13,2019-09-13 09:37:18,1.28,0.7573,108,1.26,0.7455,41,1.28,0.7573,1,1.27,0.7514,268,0
IWM190920P158,2019-09-13,2019-09-13 09:37:18,1.27,0.7514,86,1.25,0.7396,55,1.28,0.7573,1,1.26,0.7455,268,0
IWM190920P158,2019-09-13,2019-09-13 09:37:19,1.25,0.7396,42,1.24,0.7337,32,1.25,0.7396,15,1.245,0.7366,283,15
IWM190920P158,2019-09-13,2019-09-13 09:37:19,1.27,0.7514,113,1.25,0.7396,55,1.28,0.7573,1,1.26,0.7455,268,0
IWM190920P158,2019-09-13,2019-09-13 09:37:20,1.25,0.7396,42,1.24,0.7337,61,1.25,0.7396,15,1.245,0.7366,283,0
IWM190920P158,2019-09-13,2019-09-13 09:37:20,1.27,0.7514,33,1.25,0.7396,48,1.25,0.7396,15,1.26,0.7455,283,0
IWM190920P158,2019-09-13,2019-09-13 09:37:21,1.29,0.7633,131,1.26,0.7455,36,1.25,0.7396,15,1.275,0.7544,283,0
IWM190920P158,2019-09-13,2019-09-13 09:37:21,1.28,0.7573,6,1.26,0.7455,65,1.25,0.7396,15,1.27,0.7514,283,0
IWM190920P158,2019-09-13,2019-09-13 09:37:22,1.28,0.7573,57,1.26,0.7455,87,1.25,0.7396,15,1.27,0.7514,283,0
IWM190920P158,2019-09-13,2019-09-13 09:37:22,1.28,0.7573,70,1.26,0.7455,87,1.25,0.7396,15,1.27,0.7514,283,0
IWM190920P158,2019-09-13,2019-09-13 09:37:23,1.28,0.7573,57,1.26,0.7455,121,1.25,0.7396,15,1.27,0.7514,283,0
IWM190920P158,2019-09-13,2019-09-13 09:37:23,1.28,0.7573,57,1.26,0.7455,87,1.25,0.7396,15,1.27,0.7514,283,0
IWM190920P158,2019-09-13,2019-09-13 09:37:24,1.29,0.7633,183,1.26,0.7455,117,1.25,0.7396,15,1.275,0.7544,283,0
IWM190920P158,2019-09-13,2019-09-13 09:37:25,1.28,0.7573,51,1.26,0.7455,69,1.25,0.7396,15,1.27,0.7514,283,0
IWM190920P158,2019-09-13,2019-09-13 09:37:25,1.29,0.7633,45,1.27,0.7514,28,1.25,0.7396,15,1.28,0.7573,283,0
IWM190920P158,2019-09-13,2019-09-13 09:37:26,1.27,0.7514,33,1.25,0.7396,13,1.25,0.7396,15,1.26,0.7455,283,0
IWM190920P158,2019-09-13,2019-09-13 09:37:26,1.28,0.7573,33,1.26,0.7455,40,1.25,0.7396,15,1.27,0.7514,283,0
IWM190920P158,2019-09-13,2019-09-13 09:37:27,1.28,0.7573,20,1.26,0.7455,127,1.25,0.7396,15,1.27,0.7514,283,0
IWM190920P158,2019-09-13,2019-09-13 09:37:27,1.29,0.7633,47,1.26,0.7455,127,1.25,0.7396,15,1.275,0.7544,283,0
IWM190920P158,2019-09-13,2019-09-13 09:37:28,1.29,0.7633,36,1.27,0.7514,24,1.25,0.7396,15,1.28,0.7573,283,0
IWM190920P158,2019-09-13,2019-09-13 09:37:28,1.27,0.7514,81,1.25,0.7396,53,1.25,0.7396,15,1.26,0.7455,283,0
IWM190920P158,2019-09-13,2019-09-13 09:37:29,1.28,0.7573,61,1.26,0.7455,12,1.25,0.7396,15,1.27,0.7514,283,0
IWM190920P158,2019-09-13,2019-09-13 09:37:29,1.27,0.7514,13,1.26,0.7455,26,1.25,0.7396,15,1.265,0.7485,283,0
IWM190920P158,2019-09-13,2019-09-13 09:37:30,1.27,0.7514,48,1.25,0.7396,118,1.25,0.7396,15,1.26,0.7455,283,0
IWM190920P158,2019-09-13,2019-09-13 09:37:30,1.27,0.7514,65,1.25,0.7396,60,1.25,0.7396,15,1.26,0.7455,283,0
IWM190920P158,2019-09-13,2019-09-13 09:37:31,1.26,0.7455,48,1.25,0.7396,30,1.25,0.7396,15,1.255,0.7426,283,0
IWM190920P158,2019-09-13,2019-09-13 09:37:31,1.26,0.7455,61,1.25,0.7396,30,1.25,0.7396,15,1.255,0.7426,283,0
IWM190920P158,2019-09-13,2019-09-13 09:37:32,1.26,0.7455,48,1.25,0.7396,33,1.25,0.7396,15,1.255,0.7426,283,0
IWM190920P158,2019-09-13,2019-09-13 09:37:32,1.26,0.7455,61,1.25,0.7396,33,1.25,0.7396,15,1.255,0.7426,283,0
IWM190920P158,2019-09-13,2019-09-13 09:37:33,1.26,0.7455,53,1.25,0.7396,17,1.25,0.7396,15,1.255,0.7426,283,0
IWM190920P158,2019-09-13,2019-09-13 09:37:33,1.26,0.7455,40,1.25,0.7396,43,1.25,0.7396,15,1.255,0.7426,283,0
IWM190920P158,2019-09-13,2019-09-13 09:37:34,1.26,0.7455,78,1.24,0.7337,19,1.25,0.7396,15,1.25,0.7396,283,0
IWM190920P158,2019-09-13,2019-09-13 09:37:35,1.26,0.7455,56,1.24,0.7337,32,1.25,0.7396,15,1.25,0.7396,283,0
IWM190920P158,2019-09-13,2019-09-13 09:37:35,1.25,0.7396,25,1.24,0.7337,32,1.25,0.7396,15,1.245,0.7366,283,0
IWM190920P158,2019-09-13,2019-09-13 09:37:36,1.26,0.7455,45,1.24,0.7337,113,1.25,0.7396,15,1.25,0.7396,283,0
IWM190920P158,2019-09-13,2019-09-13 09:37:36,1.27,0.7514,105,1.24,0.7337,113,1.25,0.7396,15,1.255,0.7426,283,0
IWM190920P158,2019-09-13,2019-09-13 09:37:37,1.26,0.7455,13,1.24,0.7337,113,1.25,0.7396,15,1.25,0.7396,283,0
IWM190920P158,2019-09-13,2019-09-13 09:37:37,1.26,0.7455,45,1.24,0.7337,79,1.25,0.7396,15,1.25,0.7396,283,0
IWM190920P158,2019-09-13,2019-09-13 09:37:38,1.26,0.7455,45,1.24,0.7337,50,1.25,0.7396,15,1.25,0.7396,283,0
IWM190920P158,2019-09-13,2019-09-13 09:37:38,1.26,0.7455,28,1.24,0.7337,50,1.25,0.7396,15,1.25,0.7396,283,0
IWM190920P158,2019-09-13,2019-09-13 09:37:39,1.26,0.7455,28,1.24,0.7337,88,1.25,0.7396,15,1.25,0.7396,283,0
IWM190920P158,2019-09-13,2019-09-13 09:37:39,1.26,0.7455,15,1.24,0.7337,96,1.25,0.7396,15,1.25,0.7396,283,0
IWM190920P158,2019-09-13,2019-09-13 09:37:40,1.26,0.7455,44,1.24,0.7337,32,1.25,0.7396,15,1.25,0.7396,283,0
IWM190920P158,2019-09-13,2019-09-13 09:37:40,1.26,0.7455,28,1.24,0.7337,110,1.25,0.7396,15,1.25,0.7396,283,0
IWM190920P158,2019-09-13,2019-09-13 09:37:41,1.25,0.7396,48,1.23,0.7278,65,1.25,0.7396,15,1.24,0.7337,283,0
IWM190920P158,2019-09-13,2019-09-13 09:37:41,1.25,0.7396,15,1.24,0.7337,28,1.25,0.7396,15,1.245,0.7366,283,0
IWM190920P158,2019-09-13,2019-09-13 09:37:42,1.25,0.7396,2,1.24,0.7337,29,1.25,0.7396,15,1.245,0.7366,283,0
IWM190920P158,2019-09-13,2019-09-13 09:37:42,1.26,0.7455,1,1.25,0.7396,36,1.25,0.7396,15,1.255,0.7426,283,0
IWM190920P158,2019-09-13,2019-09-13 09:37:43,1.26,0.7455,1,1.24,0.7337,57,1.25,0.7396,15,1.25,0.7396,283,0
IWM190920P158,2019-09-13,2019-09-13 09:37:44,1.25,0.7396,18,1.23,0.7278,150,1.25,0.7396,15,1.24,0.7337,283,0
IWM190920P158,2019-09-13,2019-09-13 09:37:45,1.25,0.7396,13,1.23,0.7278,39,1.25,0.7396,15,1.24,0.7337,283,0
IWM190920P158,2019-09-13,2019-09-13 09:37:45,1.25,0.7396,58,1.24,0.7337,14,1.25,0.7396,15,1.245,0.7366,283,0
IWM190920P158,2019-09-13,2019-09-13 09:37:46,1.26,0.7455,58,1.23,0.7278,110,1.25,0.7396,15,1.245,0.7366,283,0
IWM190920P158,2019-09-13,2019-09-13 09:37:46,1.25,0.7396,66,1.23,0.7278,14,1.25,0.7396,15,1.24,0.7337,283,0
IWM190920P158,2019-09-13,2019-09-13 09:37:47,1.27,0.7514,61,1.24,0.7337,47,1.25,0.7396,15,1.255,0.7426,283,0
IWM190920P158,2019-09-13,2019-09-13 09:37:48,1.25,0.7396,3,1.24,0.7337,19,1.25,0.7396,15,1.245,0.7366,283,0
IWM190920P158,2019-09-13,2019-09-13 09:37:48,1.25,0.7396,13,1.24,0.7337,19,1.25,0.7396,15,1.245,0.7366,283,0
IWM190920P158,2019-09-13,2019-09-13 09:37:49,1.25,0.7396,16,1.24,0.7337,19,1.25,0.7396,15,1.245,0.7366,283,0
IWM190920P158,2019-09-13,2019-09-13 09:37:49,1.25,0.7396,57,1.23,0.7278,54,1.25,0.7396,15,1.24,0.7337,283,0
IWM190920P158,2019-09-13,2019-09-13 09:37:50,1.24,0.7337,48,1.22,0.7218,25,1.25,0.7396,15,1.23,0.7278,283,0
IWM190920P158,2019-09-13,2019-09-13 09:37:50,1.24,0.7337,15,1.22,0.7218,13,1.25,0.7396,15,1.23,0.7278,283,0
IWM190920P158,2019-09-13,2019-09-13 09:37:51,1.24,0.7337,35,1.22,0.7218,208,1.25,0.7396,15,1.23,0.7278,283,0
IWM190920P158,2019-09-13,2019-09-13 09:37:51,1.24,0.7337,35,1.22,0.7218,58,1.25,0.7396,15,1.23,0.7278,283,0
IWM190920P158,2019-09-13,2019-09-13 09:37:52,1.25,0.7396,13,1.23,0.7278,31,1.25,0.7396,15,1.24,0.7337,283,0
IWM190920P158,2019-09-13,2019-09-13 09:37:52,1.25,0.7396,13,1.24,0.7337,5,1.25,0.7396,15,1.245,0.7366,283,0
IWM190920P158,2019-09-13,2019-09-13 09:37:53,1.24,0.7337,36,1.23,0.7278,30,1.25,0.7396,15,1.235,0.7307,283,0
IWM190920P158,2019-09-13,2019-09-13 09:37:53,1.24,0.7337,49,1.23,0.7278,30,1.25,0.7396,15,1.235,0.7307,283,0
IWM190920P158,2019-09-13,2019-09-13 09:37:54,1.25,0.7396,60,1.23,0.7278,30,1.25,0.7396,15,1.24,0.7337,283,0
IWM190920P158,2019-09-13,2019-09-13 09:37:55,1.25,0.7396,48,1.23,0.7278,26,1.25,0.7396,15,1.24,0.7337,283,0
IWM190920P158,2019-09-13,2019-09-13 09:37:55,1.25,0.7396,48,1.23,0.7278,30,1.25,0.7396,15,1.24,0.7337,283,0
IWM190920P158,2019-09-13,2019-09-13 09:37:56,1.25,0.7396,48,1.23,0.7278,26,1.25,0.7396,15,1.24,0.7337,283,0
IWM190920P158,2019-09-13,2019-09-13 09:37:57,1.24,0.7337,14,1.23,0.7278,75,1.25,0.7396,15,1.235,0.7307,283,0
IWM190920P158,2019-09-13,2019-09-13 09:37:57,1.24,0.7337,14,1.22,0.7218,80,1.25,0.7396,15,1.23,0.7278,283,0
IWM190920P158,2019-09-13,2019-09-13 09:37:58,1.26,0.7455,27,1.24,0.7337,44,1.25,0.7396,15,1.25,0.7396,283,0
IWM190920P158,2019-09-13,2019-09-13 09:37:58,1.25,0.7396,20,1.22,0.7218,171,1.25,0.7396,15,1.235,0.7307,283,0
IWM190920P158,2019-09-13,2019-09-13 09:37:59,1.26,0.7455,27,1.24,0.7337,44,1.25,0.7396,15,1.25,0.7396,283,0
IWM190920P158,2019-09-13,2019-09-13 09:38:00,1.25,0.7396,55,1.23,0.7278,43,1.25,0.7396,15,1.24,0.7337,283,0
IWM190920P158,2019-09-13,2019-09-13 09:38:00,1.25,0.7396,13,1.23,0.7278,44,1.25,0.7396,15,1.24,0.7337,283,0
IWM190920P158,2019-09-13,2019-09-13 09:38:01,1.26,0.7455,55,1.24,0.7337,28,1.25,0.7396,15,1.25,0.7396,283,0
IWM190920P158,2019-09-13,2019-09-13 09:38:01,1.24,0.7337,13,1.22,0.7218,32,1.25,0.7396,15,1.23,0.7278,283,0
IWM190920P158,2019-09-13,2019-09-13 09:38:02,1.24,0.7337,13,1.23,0.7278,3,1.25,0.7396,15,1.235,0.7307,283,0
IWM190920P158,2019-09-13,2019-09-13 09:38:02,1.25,0.7396,59,1.23,0.7278,46,1.25,0.7396,15,1.24,0.7337,283,0
IWM190920P158,2019-09-13,2019-09-13 09:38:03,1.24,0.7337,13,1.23,0.7278,10,1.25,0.7396,15,1.235,0.7307,283,0
IWM190920P158,2019-09-13,2019-09-13 09:38:03,1.24,0.7337,13,1.23,0.7278,7,1.25,0.7396,15,1.235,0.7307,283,0
IWM190920P158,2019-09-13,2019-09-13 09:38:04,1.24,0.7337,13,1.23,0.7278,18,1.25,0.7396,15,1.235,0.7307,283,0
IWM190920P158,2019-09-13,2019-09-13 09:38:04,1.25,0.7396,13,1.23,0.7278,150,1.25,0.7396,15,1.24,0.7337,283,0
IWM190920P158,2019-09-13,2019-09-13 09:38:05,1.26,0.7455,13,1.25,0.7396,7,1.25,0.7396,15,1.255,0.7426,283,0
IWM190920P158,2019-09-13,2019-09-13 09:38:05,1.26,0.7455,33,1.24,0.7337,210,1.25,0.7396,15,1.25,0.7396,283,0
IWM190920P158,2019-09-13,2019-09-13 09:38:06,1.26,0.7455,13,1.24,0.7337,26,1.25,0.7396,15,1.25,0.7396,283,0
IWM190920P158,2019-09-13,2019-09-13 09:38:06,1.26,0.7455,33,1.24,0.7337,53,1.25,0.7396,15,1.25,0.7396,283,0
IWM190920P158,2019-09-13,2019-09-13 09:38:07,1.26,0.7455,59,1.23,0.7278,60,1.25,0.7396,15,1.245,0.7366,283,0
IWM190920P158,2019-09-13,2019-09-13 09:38:08,1.26,0.7455,13,1.24,0.7337,98,1.25,0.7396,15,1.25,0.7396,283,0
IWM190920P158,2019-09-13,2019-09-13 09:38:08,1.26,0.7455,13,1.24,0.7337,87,1.25,0.7396,15,1.25,0.7396,283,0
IWM190920P158,2019-09-13,2019-09-13 09:38:09,1.26,0.7455,13,1.24,0.7337,87,1.25,0.7396,15,1.25,0.7396,283,0
IWM190920P158,2019-09-13,2019-09-13 09:38:09,1.27,0.7514,95,1.25,0.7396,27,1.25,0.7396,15,1.26,0.7455,283,0
IWM190920P158,2019-09-13,2019-09-13 09:38:10,1.27,0.7514,23,1.26,0.7455,9,1.25,0.7396,15,1.265,0.7485,283,0
IWM190920P158,2019-09-13,2019-09-13 09:38:10,1.27,0.7514,55,1.25,0.7396,43,1.25,0.7396,15,1.26,0.7455,283,0
IWM190920P158,2019-09-13,2019-09-13 09:38:11,1.28,0.7573,127,1.25,0.7396,43,1.25,0.7396,15,1.265,0.7485,283,0
IWM190920P158,2019-09-13,2019-09-13 09:38:11,1.28,0.7573,55,1.26,0.7455,10,1.25,0.7396,15,1.27,0.7514,283,0
IWM190920P158,2019-09-13,2019-09-13 09:38:12,1.28,0.7573,55,1.26,0.7455,10,1.25,0.7396,15,1.27,0.7514,283,0
IWM190920P158,2019-09-13,2019-09-13 09:38:12,1.28,0.7573,153,1.26,0.7455,9,1.25,0.7396,15,1.27,0.7514,283,0
IWM190920P158,2019-09-13,2019-09-13 09:38:13,1.28,0.7573,197,1.26,0.7455,14,1.25,0.7396,15,1.27,0.7514,283,0
IWM190920P158,2019-09-13,2019-09-13 09:38:13,1.28,0.7573,88,1.26,0.7455,10,1.25,0.7396,15,1.27,0.7514,283,0
IWM190920P158,2019-09-13,2019-09-13 09:38:14,1.26,0.7455,63,1.24,0.7337,29,1.25,0.7396,15,1.25,0.7396,283,0
IWM190920P158,2019-09-13,2019-09-13 09:38:14,1.27,0.7514,33,1.25,0.7396,60,1.25,0.7396,15,1.26,0.7455,283,0
IWM190920P158,2019-09-13,2019-09-13 09:38:15,1.27,0.7514,55,1.26,0.7455,13,1.25,0.7396,15,1.265,0.7485,283,0
IWM190920P158,2019-09-13,2019-09-13 09:38:15,1.26,0.7455,83,1.24,0.7337,75,1.25,0.7396,15,1.25,0.7396,283,0
IWM190920P158,2019-09-13,2019-09-13 09:38:16,1.27,0.7514,13,1.26,0.7455,13,1.25,0.7396,15,1.265,0.7485,283,0
IWM190920P158,2019-09-13,2019-09-13 09:38:17,1.28,0.7573,98,1.26,0.7455,32,1.25,0.7396,15,1.27,0.7514,283,0
IWM190920P158,2019-09-13,2019-09-13 09:38:17,1.28,0.7573,210,1.26,0.7455,32,1.25,0.7396,15,1.27,0.7514,283,0
IWM190920P158,2019-09-13,2019-09-13 09:38:18,1.28,0.7573,95,1.26,0.7455,82,1.25,0.7396,15,1.27,0.7514,283,0
IWM190920P158,2019-09-13,2019-09-13 09:38:19,1.28,0.7573,85,1.26,0.7455,40,1.25,0.7396,15,1.27,0.7514,283,0
IWM190920P158,2019-09-13,2019-09-13 09:38:19,1.28,0.7573,85,1.26,0.7455,51,1.25,0.7396,15,1.27,0.7514,283,0
IWM190920P158,2019-09-13,2019-09-13 09:38:20,1.28,0.7573,33,1.26,0.7455,38,1.25,0.7396,15,1.27,0.7514,283,0
IWM190920P158,2019-09-13,2019-09-13 09:38:20,1.28,0.7573,35,1.26,0.7455,70,1.25,0.7396,15,1.27,0.7514,283,0
IWM190920P158,2019-09-13,2019-09-13 09:38:21,1.28,0.7573,26,1.26,0.7455,70,1.25,0.7396,15,1.27,0.7514,283,0
IWM190920P158,2019-09-13,2019-09-13 09:38:21,1.28,0.7573,147,1.26,0.7455,59,1.25,0.7396,15,1.27,0.7514,283,0
IWM190920P158,2019-09-13,2019-09-13 09:38:22,1.28,0.7573,26,1.26,0.7455,58,1.25,0.7396,15,1.27,0.7514,283,0
IWM190920P158,2019-09-13,2019-09-13 09:38:22,1.28,0.7573,135,1.26,0.7455,58,1.25,0.7396,15,1.27,0.7514,283,0
IWM190920P158,2019-09-13,2019-09-13 09:38:23,1.29,0.7633,197,1.26,0.7455,129,1.25,0.7396,15,1.275,0.7544,283,0
IWM190920P158,2019-09-13,2019-09-13 09:38:23,1.28,0.7573,30,1.26,0.7455,63,1.25,0.7396,15,1.27,0.7514,283,0
IWM190920P158,2019-09-13,2019-09-13 09:38:24,1.29,0.7633,13,1.28,0.7573,43,1.25,0.7396,15,1.285,0.7603,283,0
IWM190920P158,2019-09-13,2019-09-13 09:38:24,1.29,0.7633,48,1.28,0.7573,12,1.25,0.7396,15,1.285,0.7603,283,0
IWM190920P158,2019-09-13,2019-09-13 09:38:25,1.29,0.7633,39,1.28,0.7573,43,1.29,0.7633,6,1.285,0.7603,289,0
IWM190920P158,2019-09-13,2019-09-13 09:38:25,1.3,0.7692,70,1.28,0.7573,58,1.29,0.7633,6,1.29,0.7633,289,6
IWM190920P158,2019-09-13,2019-09-13 09:38:26,1.29,0.7633,37,1.28,0.7573,47,1.29,0.7633,6,1.285,0.7603,289,0
IWM190920P158,2019-09-13,2019-09-13 09:38:26,1.29,0.7633,59,1.28,0.7573,47,1.29,0.7633,6,1.285,0.7603,289,0
IWM190920P158,2019-09-13,2019-09-13 09:38:27,1.29,0.7633,37,1.28,0.7573,30,1.29,0.7633,6,1.285,0.7603,289,0
IWM190920P158,2019-09-13,2019-09-13 09:38:28,1.29,0.7633,59,1.28,0.7573,30,1.29,0.7633,6,1.285,0.7603,289,0
IWM190920P158,2019-09-13,2019-09-13 09:38:29,1.29,0.7633,46,1.28,0.7573,30,1.29,0.7633,6,1.285,0.7603,289,0
IWM190920P158,2019-09-13,2019-09-13 09:38:29,1.29,0.7633,140,1.28,0.7573,30,1.29,0.7633,6,1.285,0.7603,289,0
IWM190920P158,2019-09-13,2019-09-13 09:38:30,1.29,0.7633,46,1.28,0.7573,30,1.29,0.7633,6,1.285,0.7603,289,0
IWM190920P158,2019-09-13,2019-09-13 09:38:30,1.29,0.7633,46,1.28,0.7573,49,1.29,0.7633,6,1.285,0.7603,289,0
IWM190920P158,2019-09-13,2019-09-13 09:38:31,1.3,0.7692,5,1.29,0.7633,28,1.29,0.7633,6,1.295,0.7662,289,0
IWM190920P158,2019-09-13,2019-09-13 09:38:31,1.3,0.7692,71,1.28,0.7573,30,1.29,0.7633,6,1.29,0.7633,289,0
