symbol,Date,quote_time,ask_price,norm_ask_price,ask_size,bid_price,norm_bid_price,bid_size,last_trade_price,norm_last_trade_price,last_trade_size,mark_price,norm_mark_price,volume,Volume
SPY190522P286,2019-05-20,2019-05-20 09:32:14,2.9,1.0,46,2.85,0.9827,30,2.86,0.9862,2,2.875,0.9913,561,561
SPY190522P286,2019-05-20,2019-05-20 09:32:14,2.9,1.0,97,2.85,0.9827,31,2.86,0.9862,2,2.875,0.9913,561,0
SPY190522P286,2019-05-20,2019-05-20 09:32:15,2.9,1.0,138,2.85,0.9827,30,2.86,0.9862,2,2.875,0.9913,561,0
SPY190522P286,2019-05-20,2019-05-20 09:32:16,2.9,1.0,32,2.84,0.9793,68,2.86,0.9862,2,2.87,0.9896,561,0
SPY190522P286,2019-05-20,2019-05-20 09:32:17,2.9,1.0,109,2.85,0.9827,31,2.86,0.9862,2,2.875,0.9913,561,0
SPY190522P286,2019-05-20,2019-05-20 09:32:18,2.9,1.0,121,2.85,0.9827,32,2.86,0.9862,2,2.875,0.9913,561,0
SPY190522P286,2019-05-20,2019-05-20 09:32:19,2.89,0.9965,73,2.85,0.9827,37,2.86,0.9862,2,2.87,0.9896,561,0
SPY190522P286,2019-05-20,2019-05-20 09:32:20,2.89,0.9965,70,2.85,0.9827,70,2.86,0.9862,2,2.87,0.9896,561,0
SPY190522P286,2019-05-20,2019-05-20 09:32:21,2.9,1.0,7,2.86,0.9862,70,2.86,0.9862,2,2.88,0.9931,561,0
SPY190522P286,2019-05-20,2019-05-20 09:32:22,2.9,1.0,109,2.84,0.9793,70,2.86,0.9862,2,2.87,0.9896,561,0
SPY190522P286,2019-05-20,2019-05-20 09:32:23,2.9,1.0,139,2.86,0.9862,30,2.86,0.9862,2,2.88,0.9931,561,0
SPY190522P286,2019-05-20,2019-05-20 09:32:24,2.9,1.0,240,2.85,0.9827,61,2.86,0.9862,2,2.875,0.9913,561,0
SPY190522P286,2019-05-20,2019-05-20 09:32:25,2.9,1.0,159,2.86,0.9862,30,2.86,0.9862,2,2.88,0.9931,561,0
SPY190522P286,2019-05-20,2019-05-20 09:32:26,2.9,1.0,7,2.87,0.9896,79,2.86,0.9862,2,2.885,0.9948,561,0
SPY190522P286,2019-05-20,2019-05-20 09:32:27,2.9,1.0,7,2.88,0.9931,20,2.86,0.9862,2,2.89,0.9965,561,0
SPY190522P286,2019-05-20,2019-05-20 09:32:28,2.9,1.0,50,2.86,0.9862,57,2.87,0.9896,33,2.88,0.9931,594,33
SPY190522P286,2019-05-20,2019-05-20 09:32:29,2.9,1.0,110,2.86,0.9862,57,2.86,0.9862,5,2.88,0.9931,601,7
SPY190522P286,2019-05-20,2019-05-20 09:32:30,2.9,1.0,148,2.85,0.9827,102,2.86,0.9862,5,2.875,0.9913,601,0
SPY190522P286,2019-05-20,2019-05-20 09:32:31,2.9,1.0,56,2.86,0.9862,57,2.86,0.9862,5,2.88,0.9931,601,0
SPY190522P286,2019-05-20,2019-05-20 09:32:32,2.9,1.0,56,2.86,0.9862,20,2.86,0.9862,5,2.88,0.9931,601,0
SPY190522P286,2019-05-20,2019-05-20 09:32:33,2.89,0.9965,158,2.84,0.9793,20,2.86,0.9862,5,2.865,0.9879,601,0
SPY190522P286,2019-05-20,2019-05-20 09:32:34,2.89,0.9965,319,2.84,0.9793,33,2.86,0.9862,5,2.865,0.9879,601,0
SPY190522P286,2019-05-20,2019-05-20 09:32:35,2.87,0.9896,146,2.82,0.9724,53,2.86,0.9862,5,2.845,0.981,601,0
SPY190522P286,2019-05-20,2019-05-20 09:32:36,2.87,0.9896,151,2.82,0.9724,39,2.86,0.9862,5,2.845,0.981,601,0
SPY190522P286,2019-05-20,2019-05-20 09:32:37,2.87,0.9896,100,2.81,0.9689,79,2.86,0.9862,5,2.84,0.9793,601,0
SPY190522P286,2019-05-20,2019-05-20 09:32:38,2.86,0.9862,100,2.82,0.9724,36,2.86,0.9862,5,2.84,0.9793,601,0
SPY190522P286,2019-05-20,2019-05-20 09:32:40,2.89,0.9965,104,2.84,0.9793,94,2.86,0.9862,5,2.865,0.9879,601,0
SPY190522P286,2019-05-20,2019-05-20 09:32:41,2.89,0.9965,58,2.85,0.9827,1,2.85,0.9827,1,2.87,0.9896,602,1
SPY190522P286,2019-05-20,2019-05-20 09:32:42,2.9,1.0,190,2.85,0.9827,155,2.86,0.9862,5,2.875,0.9913,607,5
SPY190522P286,2019-05-20,2019-05-20 09:32:43,2.9,1.0,152,2.86,0.9862,20,2.86,0.9862,5,2.88,0.9931,607,0
SPY190522P286,2019-05-20,2019-05-20 09:32:44,2.9,1.0,97,2.85,0.9827,106,2.86,0.9862,5,2.875,0.9913,607,0
SPY190522P286,2019-05-20,2019-05-20 09:32:45,2.9,1.0,184,2.86,0.9862,21,2.86,0.9862,5,2.88,0.9931,607,0
SPY190522P286,2019-05-20,2019-05-20 09:32:46,2.9,1.0,109,2.86,0.9862,33,2.86,0.9862,5,2.88,0.9931,607,0
SPY190522P286,2019-05-20,2019-05-20 09:32:47,2.9,1.0,13,2.86,0.9862,70,2.86,0.9862,5,2.88,0.9931,607,0
SPY190522P286,2019-05-20,2019-05-20 09:32:48,2.9,1.0,97,2.86,0.9862,89,2.86,0.9862,5,2.88,0.9931,607,0
SPY190522P286,2019-05-20,2019-05-20 09:32:49,2.89,0.9965,70,2.84,0.9793,65,2.86,0.9862,3,2.865,0.9879,610,3
SPY190522P286,2019-05-20,2019-05-20 09:32:50,2.89,0.9965,70,2.84,0.9793,64,2.86,0.9862,5,2.865,0.9879,615,5
SPY190522P286,2019-05-20,2019-05-20 09:32:51,2.89,0.9965,111,2.84,0.9793,102,2.86,0.9862,5,2.865,0.9879,615,0
SPY190522P286,2019-05-20,2019-05-20 09:32:52,2.89,0.9965,106,2.84,0.9793,64,2.86,0.9862,5,2.865,0.9879,615,0
SPY190522P286,2019-05-20,2019-05-20 09:32:53,2.88,0.9931,200,2.83,0.9758,89,2.86,0.9862,5,2.855,0.9844,615,0
SPY190522P286,2019-05-20,2019-05-20 09:32:54,2.85,0.9827,80,2.8,0.9655,82,2.86,0.9862,5,2.825,0.9741,615,0
SPY190522P286,2019-05-20,2019-05-20 09:32:55,2.85,0.9827,62,2.82,0.9724,30,2.86,0.9862,5,2.835,0.9775,615,0
SPY190522P286,2019-05-20,2019-05-20 09:32:56,2.87,0.9896,121,2.83,0.9758,75,2.86,0.9862,5,2.85,0.9827,615,0
SPY190522P286,2019-05-20,2019-05-20 09:32:57,2.87,0.9896,65,2.83,0.9758,30,2.86,0.9862,5,2.85,0.9827,615,0
SPY190522P286,2019-05-20,2019-05-20 09:32:58,2.87,0.9896,50,2.83,0.9758,82,2.86,0.9862,5,2.85,0.9827,615,0
SPY190522P286,2019-05-20,2019-05-20 09:32:59,2.87,0.9896,105,2.83,0.9758,80,2.86,0.9862,5,2.85,0.9827,615,0
SPY190522P286,2019-05-20,2019-05-20 09:33:00,2.87,0.9896,226,2.81,0.9689,51,2.86,0.9862,5,2.84,0.9793,615,0
SPY190522P286,2019-05-20,2019-05-20 09:33:01,2.86,0.9862,127,2.77,0.9551,127,2.86,0.9862,5,2.815,0.9706,615,0
SPY190522P286,2019-05-20,2019-05-20 09:33:02,2.86,0.9862,50,2.81,0.9689,135,2.86,0.9862,5,2.835,0.9775,615,0
SPY190522P286,2019-05-20,2019-05-20 09:33:03,2.86,0.9862,86,2.82,0.9724,126,2.86,0.9862,5,2.84,0.9793,615,0
SPY190522P286,2019-05-20,2019-05-20 09:33:04,2.88,0.9931,50,2.84,0.9793,70,2.86,0.9862,5,2.86,0.9862,615,0
SPY190522P286,2019-05-20,2019-05-20 09:33:05,2.88,0.9931,71,2.83,0.9758,152,2.86,0.9862,5,2.855,0.9844,615,0
SPY190522P286,2019-05-20,2019-05-20 09:33:06,2.88,0.9931,99,2.84,0.9793,106,2.86,0.9862,5,2.86,0.9862,615,0
SPY190522P286,2019-05-20,2019-05-20 09:33:07,2.88,0.9931,99,2.83,0.9758,30,2.86,0.9862,5,2.855,0.9844,615,0
SPY190522P286,2019-05-20,2019-05-20 09:33:08,2.88,0.9931,130,2.84,0.9793,125,2.86,0.9862,5,2.86,0.9862,615,0
SPY190522P286,2019-05-20,2019-05-20 09:33:09,2.89,0.9965,73,2.85,0.9827,80,2.86,0.9862,5,2.87,0.9896,615,0
SPY190522P286,2019-05-20,2019-05-20 09:33:10,2.89,0.9965,33,2.85,0.9827,111,2.86,0.9862,5,2.87,0.9896,615,0
SPY190522P286,2019-05-20,2019-05-20 09:33:11,2.89,0.9965,55,2.85,0.9827,39,2.86,0.9862,5,2.87,0.9896,615,0
SPY190522P286,2019-05-20,2019-05-20 09:33:12,2.89,0.9965,106,2.85,0.9827,81,2.86,0.9862,5,2.87,0.9896,615,0
SPY190522P286,2019-05-20,2019-05-20 09:33:14,2.89,0.9965,121,2.85,0.9827,100,2.86,0.9862,5,2.87,0.9896,615,0
SPY190522P286,2019-05-20,2019-05-20 09:33:15,2.88,0.9931,100,2.83,0.9758,70,2.86,0.9862,5,2.855,0.9844,615,0
SPY190522P286,2019-05-20,2019-05-20 09:33:16,2.88,0.9931,1,2.85,0.9827,64,2.86,0.9862,2,2.865,0.9879,620,5
SPY190522P286,2019-05-20,2019-05-20 09:33:17,2.89,0.9965,5,2.86,0.9862,20,2.86,0.9862,2,2.875,0.9913,620,0
SPY190522P286,2019-05-20,2019-05-20 09:33:18,2.89,0.9965,76,2.86,0.9862,20,2.86,0.9862,2,2.875,0.9913,620,0
SPY190522P286,2019-05-20,2019-05-20 09:33:19,2.88,0.9931,137,2.83,0.9758,70,2.86,0.9862,2,2.855,0.9844,620,0
SPY190522P286,2019-05-20,2019-05-20 09:33:20,2.89,0.9965,121,2.84,0.9793,104,2.86,0.9862,2,2.865,0.9879,620,0
SPY190522P286,2019-05-20,2019-05-20 09:33:20,2.89,0.9965,164,2.84,0.9793,137,2.86,0.9862,2,2.865,0.9879,620,0
SPY190522P286,2019-05-20,2019-05-20 09:33:21,2.88,0.9931,125,2.84,0.9793,25,2.86,0.9862,2,2.86,0.9862,620,0
SPY190522P286,2019-05-20,2019-05-20 09:33:22,2.86,0.9862,179,2.81,0.9689,80,2.86,0.9862,2,2.835,0.9775,620,0
SPY190522P286,2019-05-20,2019-05-20 09:33:23,2.87,0.9896,45,2.82,0.9724,80,2.86,0.9862,2,2.845,0.981,620,0
SPY190522P286,2019-05-20,2019-05-20 09:33:24,2.86,0.9862,55,2.8,0.9655,79,2.86,0.9862,2,2.83,0.9758,620,0
SPY190522P286,2019-05-20,2019-05-20 09:33:25,2.85,0.9827,139,2.81,0.9689,63,2.86,0.9862,2,2.83,0.9758,620,0
SPY190522P286,2019-05-20,2019-05-20 09:33:27,2.85,0.9827,106,2.78,0.9586,6,2.83,0.9758,1,2.815,0.9706,621,1
SPY190522P286,2019-05-20,2019-05-20 09:33:28,2.84,0.9793,50,2.78,0.9586,36,2.83,0.9758,1,2.81,0.9689,621,0
SPY190522P286,2019-05-20,2019-05-20 09:33:29,2.84,0.9793,72,2.8,0.9655,67,2.83,0.9758,1,2.82,0.9724,621,0
SPY190522P286,2019-05-20,2019-05-20 09:33:30,2.84,0.9793,116,2.8,0.9655,93,2.83,0.9758,1,2.82,0.9724,621,0
SPY190522P286,2019-05-20,2019-05-20 09:33:31,2.85,0.9827,31,2.81,0.9689,88,2.81,0.9689,5,2.83,0.9758,626,5
SPY190522P286,2019-05-20,2019-05-20 09:33:32,2.86,0.9862,154,2.82,0.9724,84,2.81,0.9689,5,2.84,0.9793,626,0
SPY190522P286,2019-05-20,2019-05-20 09:33:33,2.86,0.9862,110,2.79,0.962,20,2.81,0.9689,5,2.825,0.9741,626,0
SPY190522P286,2019-05-20,2019-05-20 09:33:34,2.84,0.9793,231,2.8,0.9655,30,2.81,0.9689,5,2.82,0.9724,626,0
SPY190522P286,2019-05-20,2019-05-20 09:33:35,2.82,0.9724,45,2.76,0.9517,74,2.81,0.9689,5,2.79,0.962,626,0
SPY190522P286,2019-05-20,2019-05-20 09:33:36,2.81,0.9689,179,2.76,0.9517,179,2.78,0.9586,3,2.785,0.9603,629,3
SPY190522P286,2019-05-20,2019-05-20 09:33:38,2.81,0.9689,104,2.76,0.9517,136,2.78,0.9586,3,2.785,0.9603,629,0
SPY190522P286,2019-05-20,2019-05-20 09:33:39,2.81,0.9689,10,2.77,0.9551,179,2.78,0.9586,3,2.79,0.962,629,0
SPY190522P286,2019-05-20,2019-05-20 09:33:40,2.83,0.9758,6,2.81,0.9689,1,2.81,0.9689,2,2.82,0.9724,631,2
SPY190522P286,2019-05-20,2019-05-20 09:33:41,2.85,0.9827,39,2.82,0.9724,36,2.81,0.9689,2,2.835,0.9775,631,0
SPY190522P286,2019-05-20,2019-05-20 09:33:42,2.86,0.9862,101,2.8,0.9655,115,2.81,0.9689,2,2.83,0.9758,631,0
SPY190522P286,2019-05-20,2019-05-20 09:33:43,2.85,0.9827,127,2.8,0.9655,111,2.81,0.9689,2,2.825,0.9741,631,0
SPY190522P286,2019-05-20,2019-05-20 09:33:44,2.84,0.9793,104,2.79,0.962,157,2.81,0.9689,2,2.815,0.9706,631,0
SPY190522P286,2019-05-20,2019-05-20 09:33:45,2.84,0.9793,68,2.8,0.9655,83,2.81,0.9689,2,2.82,0.9724,631,0
SPY190522P286,2019-05-20,2019-05-20 09:33:46,2.82,0.9724,6,2.78,0.9586,117,2.81,0.9689,2,2.8,0.9655,631,0
SPY190522P286,2019-05-20,2019-05-20 09:33:47,2.83,0.9758,98,2.78,0.9586,98,2.81,0.9689,2,2.805,0.9672,631,0
SPY190522P286,2019-05-20,2019-05-20 09:33:48,2.82,0.9724,146,2.77,0.9551,78,2.81,0.9689,2,2.795,0.9637,631,0
SPY190522P286,2019-05-20,2019-05-20 09:33:49,2.82,0.9724,124,2.78,0.9586,94,2.81,0.9689,2,2.8,0.9655,631,0
SPY190522P286,2019-05-20,2019-05-20 09:33:50,2.82,0.9724,51,2.79,0.962,45,2.81,0.9689,2,2.805,0.9672,631,0
SPY190522P286,2019-05-20,2019-05-20 09:33:51,2.83,0.9758,10,2.8,0.9655,62,2.81,0.9689,2,2.815,0.9706,631,0
SPY190522P286,2019-05-20,2019-05-20 09:33:52,2.82,0.9724,80,2.78,0.9586,30,2.81,0.9689,2,2.8,0.9655,631,0
SPY190522P286,2019-05-20,2019-05-20 09:33:54,2.82,0.9724,164,2.78,0.9586,80,2.81,0.9689,2,2.8,0.9655,631,0
SPY190522P286,2019-05-20,2019-05-20 09:33:55,2.82,0.9724,166,2.78,0.9586,83,2.81,0.9689,2,2.8,0.9655,631,0
SPY190522P286,2019-05-20,2019-05-20 09:33:56,2.82,0.9724,40,2.78,0.9586,30,2.81,0.9689,2,2.8,0.9655,631,0
SPY190522P286,2019-05-20,2019-05-20 09:33:57,2.82,0.9724,67,2.78,0.9586,116,2.81,0.9689,2,2.8,0.9655,631,0
SPY190522P286,2019-05-20,2019-05-20 09:33:58,2.83,0.9758,68,2.78,0.9586,134,2.81,0.9689,2,2.805,0.9672,631,0
SPY190522P286,2019-05-20,2019-05-20 09:33:59,2.85,0.9827,154,2.8,0.9655,154,2.81,0.9689,2,2.825,0.9741,631,0
SPY190522P286,2019-05-20,2019-05-20 09:34:00,2.83,0.9758,154,2.78,0.9586,222,2.81,0.9689,2,2.805,0.9672,631,0
SPY190522P286,2019-05-20,2019-05-20 09:34:00,2.83,0.9758,117,2.79,0.962,76,2.81,0.9689,2,2.81,0.9689,631,0
SPY190522P286,2019-05-20,2019-05-20 09:34:01,2.83,0.9758,101,2.79,0.962,70,2.81,0.9689,2,2.81,0.9689,631,0
SPY190522P286,2019-05-20,2019-05-20 09:34:02,2.83,0.9758,82,2.8,0.9655,66,2.81,0.9689,2,2.815,0.9706,631,0
SPY190522P286,2019-05-20,2019-05-20 09:34:04,2.84,0.9793,6,2.8,0.9655,6,2.81,0.9689,2,2.82,0.9724,631,0
SPY190522P286,2019-05-20,2019-05-20 09:34:05,2.83,0.9758,86,2.78,0.9586,110,2.81,0.9689,2,2.805,0.9672,631,0
SPY190522P286,2019-05-20,2019-05-20 09:34:06,2.82,0.9724,158,2.78,0.9586,94,2.81,0.9689,2,2.8,0.9655,631,0
SPY190522P286,2019-05-20,2019-05-20 09:34:07,2.82,0.9724,125,2.78,0.9586,93,2.81,0.9689,2,2.8,0.9655,631,0
SPY190522P286,2019-05-20,2019-05-20 09:34:08,2.82,0.9724,115,2.78,0.9586,81,2.81,0.9689,2,2.8,0.9655,631,0
SPY190522P286,2019-05-20,2019-05-20 09:34:09,2.82,0.9724,51,2.78,0.9586,101,2.81,0.9689,2,2.8,0.9655,631,0
SPY190522P286,2019-05-20,2019-05-20 09:34:10,2.82,0.9724,28,2.79,0.962,93,2.81,0.9689,2,2.805,0.9672,631,0
SPY190522P286,2019-05-20,2019-05-20 09:34:11,2.83,0.9758,154,2.78,0.9586,132,2.81,0.9689,2,2.805,0.9672,631,0
SPY190522P286,2019-05-20,2019-05-20 09:34:12,2.84,0.9793,164,2.79,0.962,80,2.81,0.9689,2,2.815,0.9706,631,0
SPY190522P286,2019-05-20,2019-05-20 09:34:13,2.85,0.9827,80,2.81,0.9689,134,2.82,0.9724,1,2.83,0.9758,632,1
SPY190522P286,2019-05-20,2019-05-20 09:34:14,2.85,0.9827,1,2.82,0.9724,45,2.82,0.9724,1,2.835,0.9775,632,0
SPY190522P286,2019-05-20,2019-05-20 09:34:16,2.85,0.9827,1,2.82,0.9724,39,2.82,0.9724,1,2.835,0.9775,632,0
SPY190522P286,2019-05-20,2019-05-20 09:34:17,2.85,0.9827,1,2.8,0.9655,3,2.82,0.9724,1,2.825,0.9741,632,0
SPY190522P286,2019-05-20,2019-05-20 09:34:18,2.84,0.9793,154,2.79,0.962,176,2.82,0.9724,1,2.815,0.9706,632,0
SPY190522P286,2019-05-20,2019-05-20 09:34:19,2.84,0.9793,154,2.79,0.962,176,2.81,0.9689,5,2.815,0.9706,637,5
SPY190522P286,2019-05-20,2019-05-20 09:34:20,2.84,0.9793,17,2.77,0.9551,135,2.81,0.9689,5,2.805,0.9672,637,0
SPY190522P286,2019-05-20,2019-05-20 09:34:21,2.82,0.9724,142,2.78,0.9586,6,2.81,0.9689,5,2.8,0.9655,637,0
SPY190522P286,2019-05-20,2019-05-20 09:34:23,2.85,0.9827,179,2.78,0.9586,45,2.81,0.9689,5,2.815,0.9706,637,0
SPY190522P286,2019-05-20,2019-05-20 09:34:24,2.83,0.9758,83,2.78,0.9586,100,2.81,0.9689,5,2.805,0.9672,637,0
SPY190522P286,2019-05-20,2019-05-20 09:34:25,2.83,0.9758,123,2.79,0.962,30,2.81,0.9689,5,2.81,0.9689,637,0
SPY190522P286,2019-05-20,2019-05-20 09:34:26,2.83,0.9758,123,2.79,0.962,154,2.81,0.9689,5,2.81,0.9689,637,0
SPY190522P286,2019-05-20,2019-05-20 09:34:27,2.83,0.9758,154,2.78,0.9586,139,2.81,0.9689,5,2.805,0.9672,637,0
SPY190522P286,2019-05-20,2019-05-20 09:34:28,2.83,0.9758,122,2.8,0.9655,70,2.81,0.9689,5,2.815,0.9706,637,0
SPY190522P286,2019-05-20,2019-05-20 09:34:29,2.85,0.9827,115,2.81,0.9689,80,2.81,0.9689,5,2.83,0.9758,637,0
SPY190522P286,2019-05-20,2019-05-20 09:34:30,2.85,0.9827,7,2.81,0.9689,104,2.81,0.9689,5,2.83,0.9758,637,0
SPY190522P286,2019-05-20,2019-05-20 09:34:32,2.85,0.9827,1,2.82,0.9724,177,2.81,0.9689,5,2.835,0.9775,637,0
SPY190522P286,2019-05-20,2019-05-20 09:34:33,2.85,0.9827,1,2.82,0.9724,119,2.83,0.9758,1,2.835,0.9775,638,1
SPY190522P286,2019-05-20,2019-05-20 09:34:34,2.85,0.9827,63,2.81,0.9689,146,2.83,0.9758,1,2.83,0.9758,638,0
SPY190522P286,2019-05-20,2019-05-20 09:34:35,2.85,0.9827,154,2.8,0.9655,133,2.83,0.9758,1,2.825,0.9741,638,0
SPY190522P286,2019-05-20,2019-05-20 09:34:37,2.85,0.9827,121,2.81,0.9689,56,2.82,0.9724,1,2.83,0.9758,639,1
SPY190522P286,2019-05-20,2019-05-20 09:34:38,2.85,0.9827,106,2.81,0.9689,89,2.82,0.9724,1,2.83,0.9758,639,0
SPY190522P286,2019-05-20,2019-05-20 09:34:39,2.85,0.9827,106,2.81,0.9689,132,2.82,0.9724,1,2.83,0.9758,639,0
SPY190522P286,2019-05-20,2019-05-20 09:34:40,2.85,0.9827,174,2.81,0.9689,50,2.82,0.9724,1,2.83,0.9758,639,0
SPY190522P286,2019-05-20,2019-05-20 09:34:41,2.83,0.9758,135,2.78,0.9586,80,2.82,0.9724,1,2.805,0.9672,640,1
SPY190522P286,2019-05-20,2019-05-20 09:34:43,2.85,0.9827,90,2.81,0.9689,96,2.79,0.962,1,2.83,0.9758,642,2
SPY190522P286,2019-05-20,2019-05-20 09:34:44,2.84,0.9793,50,2.79,0.962,132,2.79,0.962,1,2.815,0.9706,642,0
SPY190522P286,2019-05-20,2019-05-20 09:34:46,2.85,0.9827,130,2.81,0.9689,79,2.79,0.962,1,2.83,0.9758,642,0
SPY190522P286,2019-05-20,2019-05-20 09:34:47,2.85,0.9827,46,2.81,0.9689,106,2.79,0.962,1,2.83,0.9758,642,0
SPY190522P286,2019-05-20,2019-05-20 09:34:48,2.85,0.9827,32,2.82,0.9724,50,2.79,0.962,1,2.835,0.9775,642,0
SPY190522P286,2019-05-20,2019-05-20 09:34:50,2.88,0.9931,106,2.83,0.9758,65,2.85,0.9827,1,2.855,0.9844,643,1
SPY190522P286,2019-05-20,2019-05-20 09:34:51,2.89,0.9965,5,2.86,0.9862,85,2.85,0.9827,1,2.875,0.9913,643,0
SPY190522P286,2019-05-20,2019-05-20 09:34:52,2.9,1.0,7,2.88,0.9931,80,2.89,0.9965,5,2.89,0.9965,648,5
SPY190522P286,2019-05-20,2019-05-20 09:34:53,2.9,1.0,7,2.88,0.9931,22,2.89,0.9965,5,2.89,0.9965,648,0
SPY190522P286,2019-05-20,2019-05-20 09:34:55,2.88,0.9931,70,2.84,0.9793,6,2.89,0.9965,5,2.86,0.9862,648,0
SPY190522P286,2019-05-20,2019-05-20 09:34:56,2.9,1.0,103,2.86,0.9862,80,2.89,0.9965,5,2.88,0.9931,648,0
SPY190522P286,2019-05-20,2019-05-20 09:34:57,2.89,0.9965,62,2.85,0.9827,101,2.89,0.9965,5,2.87,0.9896,648,0
SPY190522P286,2019-05-20,2019-05-20 09:34:58,2.9,1.0,8,2.87,0.9896,64,2.88,0.9931,1,2.885,0.9948,649,1
SPY190522P286,2019-05-20,2019-05-20 09:34:59,2.9,1.0,14,2.88,0.9931,1,2.88,0.9931,1,2.89,0.9965,649,0
SPY190522P286,2019-05-20,2019-05-20 09:35:00,2.9,1.0,13,2.88,0.9931,7,2.88,0.9931,1,2.89,0.9965,649,0
SPY190522P286,2019-05-20,2019-05-20 09:35:01,2.9,1.0,93,2.88,0.9931,1,2.88,0.9931,1,2.89,0.9965,649,0
SPY190522P286,2019-05-20,2019-05-20 09:35:03,2.9,1.0,93,2.88,0.9931,1,2.88,0.9931,1,2.89,0.9965,649,0
SPY190522P286,2019-05-20,2019-05-20 09:35:04,2.89,0.9965,135,2.84,0.9793,119,2.88,0.9931,1,2.865,0.9879,650,1
SPY190522P286,2019-05-20,2019-05-20 09:35:05,2.89,0.9965,70,2.85,0.9827,24,2.88,0.9931,1,2.87,0.9896,650,0
SPY190522P286,2019-05-20,2019-05-20 09:35:06,2.89,0.9965,110,2.85,0.9827,24,2.88,0.9931,1,2.87,0.9896,650,0
SPY190522P286,2019-05-20,2019-05-20 09:35:07,2.89,0.9965,1,2.86,0.9862,45,2.88,0.9931,1,2.875,0.9913,650,0
SPY190522P286,2019-05-20,2019-05-20 09:35:08,2.89,0.9965,1,2.86,0.9862,55,2.88,0.9931,1,2.875,0.9913,650,0
SPY190522P286,2019-05-20,2019-05-20 09:35:09,2.89,0.9965,1,2.86,0.9862,117,2.88,0.9931,1,2.875,0.9913,650,0
SPY190522P286,2019-05-20,2019-05-20 09:35:10,2.89,0.9965,7,2.85,0.9827,51,2.88,0.9931,1,2.87,0.9896,650,0
SPY190522P286,2019-05-20,2019-05-20 09:35:11,2.89,0.9965,1,2.86,0.9862,70,2.88,0.9931,1,2.875,0.9913,650,0
SPY190522P286,2019-05-20,2019-05-20 09:35:12,2.89,0.9965,1,2.89,0.9965,1,2.9,1.0,1,2.89,0.9965,653,3
SPY190522P286,2019-05-20,2019-05-20 09:35:13,2.96,1.0206,76,2.91,1.0034,26,2.9,1.0,2,2.935,1.012,663,10
SPY190522P286,2019-05-20,2019-05-20 09:35:14,2.96,1.0206,44,2.92,1.0068,70,2.93,1.0103,1,2.94,1.0137,664,1
SPY190522P286,2019-05-20,2019-05-20 09:35:15,2.97,1.0241,107,2.91,1.0034,53,2.93,1.0103,1,2.94,1.0137,664,0
SPY190522P286,2019-05-20,2019-05-20 09:35:16,2.95,1.0172,70,2.91,1.0034,77,2.93,1.0103,1,2.93,1.0103,664,0
SPY190522P286,2019-05-20,2019-05-20 09:35:17,2.94,1.0137,26,2.9,1.0,57,2.93,1.0103,1,2.92,1.0068,664,0
SPY190522P286,2019-05-20,2019-05-20 09:35:18,2.93,1.0103,35,2.9,1.0,20,2.93,1.0103,1,2.915,1.0051,664,0
SPY190522P286,2019-05-20,2019-05-20 09:35:20,2.94,1.0137,70,2.9,1.0,57,2.93,1.0103,1,2.92,1.0068,664,0
SPY190522P286,2019-05-20,2019-05-20 09:35:21,2.94,1.0137,121,2.89,0.9965,50,2.93,1.0103,1,2.915,1.0051,664,0
SPY190522P286,2019-05-20,2019-05-20 09:35:22,2.92,1.0068,126,2.87,0.9896,50,2.9,1.0,2,2.895,0.9982,666,2
SPY190522P286,2019-05-20,2019-05-20 09:35:23,2.93,1.0103,94,2.89,0.9965,55,2.9,1.0,2,2.91,1.0034,666,0
SPY190522P286,2019-05-20,2019-05-20 09:35:24,2.93,1.0103,121,2.89,0.9965,10,2.9,1.0,2,2.91,1.0034,666,0
SPY190522P286,2019-05-20,2019-05-20 09:35:25,2.94,1.0137,24,2.88,0.9931,124,2.9,1.0,2,2.91,1.0034,666,0
SPY190522P286,2019-05-20,2019-05-20 09:35:26,2.96,1.0206,70,2.91,1.0034,101,2.9,1.0,2,2.935,1.012,666,0
SPY190522P286,2019-05-20,2019-05-20 09:35:27,2.96,1.0206,70,2.92,1.0068,89,2.9,1.0,2,2.94,1.0137,666,0
SPY190522P286,2019-05-20,2019-05-20 09:35:28,2.98,1.0275,115,2.94,1.0137,51,2.9,1.0,2,2.96,1.0206,666,0
SPY190522P286,2019-05-20,2019-05-20 09:35:30,2.98,1.0275,39,2.94,1.0137,71,2.9,1.0,2,2.96,1.0206,666,0
SPY190522P286,2019-05-20,2019-05-20 09:35:31,2.99,1.031,113,2.95,1.0172,56,2.9,1.0,2,2.97,1.0241,666,0
SPY190522P286,2019-05-20,2019-05-20 09:35:32,2.99,1.031,87,2.95,1.0172,48,2.9,1.0,2,2.97,1.0241,666,0
SPY190522P286,2019-05-20,2019-05-20 09:35:34,2.99,1.031,123,2.94,1.0137,61,2.9,1.0,2,2.965,1.0224,666,0
SPY190522P286,2019-05-20,2019-05-20 09:35:35,2.98,1.0275,30,2.93,1.0103,37,2.9,1.0,2,2.955,1.0189,666,0
SPY190522P286,2019-05-20,2019-05-20 09:35:36,2.98,1.0275,23,2.93,1.0103,91,2.9,1.0,2,2.955,1.0189,666,0
SPY190522P286,2019-05-20,2019-05-20 09:35:37,3.02,1.0413,70,2.97,1.0241,71,2.9,1.0,2,2.995,1.0327,666,0
SPY190522P286,2019-05-20,2019-05-20 09:35:38,3.02,1.0413,89,2.98,1.0275,14,2.9,1.0,2,3.0,1.0344,666,0
SPY190522P286,2019-05-20,2019-05-20 09:35:39,3.03,1.0448,20,2.99,1.031,71,2.9,1.0,2,3.01,1.0379,666,0
SPY190522P286,2019-05-20,2019-05-20 09:35:40,3.04,1.0482,27,2.99,1.031,121,3.01,1.0379,2,3.015,1.0396,668,2
SPY190522P286,2019-05-20,2019-05-20 09:35:42,3.0,1.0344,6,2.98,1.0275,68,3.01,1.0379,2,2.99,1.031,668,0
SPY190522P286,2019-05-20,2019-05-20 09:35:43,3.0,1.0344,11,2.96,1.0206,33,3.01,1.0379,2,2.98,1.0275,668,0
SPY190522P286,2019-05-20,2019-05-20 09:35:44,3.0,1.0344,5,2.96,1.0206,115,3.01,1.0379,2,2.98,1.0275,668,0
SPY190522P286,2019-05-20,2019-05-20 09:35:45,3.03,1.0448,99,2.98,1.0275,109,3.0,1.0344,5,3.005,1.0362,673,5
SPY190522P286,2019-05-20,2019-05-20 09:35:46,3.02,1.0413,50,2.97,1.0241,88,3.0,1.0344,5,2.995,1.0327,673,0
SPY190522P286,2019-05-20,2019-05-20 09:35:47,3.02,1.0413,46,2.98,1.0275,75,3.0,1.0344,5,3.0,1.0344,673,0
SPY190522P286,2019-05-20,2019-05-20 09:35:48,3.03,1.0448,113,2.99,1.031,32,3.0,1.0344,5,3.01,1.0379,673,0
SPY190522P286,2019-05-20,2019-05-20 09:35:49,3.03,1.0448,25,3.0,1.0344,32,3.0,1.0344,5,3.015,1.0396,673,0
SPY190522P286,2019-05-20,2019-05-20 09:35:51,3.04,1.0482,235,3.0,1.0344,32,3.0,1.0344,5,3.02,1.0413,673,0
SPY190522P286,2019-05-20,2019-05-20 09:35:52,3.06,1.0551,70,3.01,1.0379,32,3.0,1.0344,5,3.035,1.0465,673,0
SPY190522P286,2019-05-20,2019-05-20 09:35:53,3.07,1.0586,70,3.02,1.0413,20,3.0,1.0344,5,3.045,1.05,673,0
SPY190522P286,2019-05-20,2019-05-20 09:35:54,3.07,1.0586,154,3.02,1.0413,45,3.0,1.0344,5,3.045,1.05,673,0
SPY190522P286,2019-05-20,2019-05-20 09:35:55,3.08,1.062,110,3.04,1.0482,54,3.02,1.0413,1,3.06,1.0551,674,1
SPY190522P286,2019-05-20,2019-05-20 09:35:56,3.1,1.0689,6,3.04,1.0482,29,3.07,1.0586,2,3.07,1.0586,678,4
SPY190522P286,2019-05-20,2019-05-20 09:35:57,3.11,1.0724,43,3.05,1.0517,104,3.07,1.0586,2,3.08,1.062,678,0
SPY190522P286,2019-05-20,2019-05-20 09:35:58,3.11,1.0724,16,3.06,1.0551,6,3.07,1.0586,2,3.085,1.0637,678,0
SPY190522P286,2019-05-20,2019-05-20 09:35:59,3.12,1.0758,90,3.07,1.0586,67,3.07,1.0586,2,3.095,1.0672,678,0
SPY190522P286,2019-05-20,2019-05-20 09:36:00,3.12,1.0758,10,3.09,1.0655,53,3.07,1.0586,2,3.105,1.0706,678,0
SPY190522P286,2019-05-20,2019-05-20 09:36:02,3.12,1.0758,1,3.09,1.0655,32,3.11,1.0724,20,3.105,1.0706,698,20
SPY190522P286,2019-05-20,2019-05-20 09:36:03,3.16,1.0896,150,3.08,1.062,150,3.12,1.0758,1,3.12,1.0758,699,1
SPY190522P286,2019-05-20,2019-05-20 09:36:04,3.16,1.0896,30,3.1,1.0689,70,3.12,1.0758,1,3.13,1.0793,699,0
SPY190522P286,2019-05-20,2019-05-20 09:36:05,3.16,1.0896,66,3.12,1.0758,32,3.12,1.0758,1,3.14,1.0827,699,0
SPY190522P286,2019-05-20,2019-05-20 09:36:06,3.17,1.0931,59,3.12,1.0758,67,3.12,1.0758,1,3.145,1.0844,699,0
SPY190522P286,2019-05-20,2019-05-20 09:36:07,3.16,1.0896,48,3.13,1.0793,20,3.12,1.0758,1,3.145,1.0844,699,0
SPY190522P286,2019-05-20,2019-05-20 09:36:08,3.17,1.0931,48,3.13,1.0793,20,3.12,1.0758,1,3.15,1.0862,699,0
SPY190522P286,2019-05-20,2019-05-20 09:36:09,3.17,1.0931,100,3.13,1.0793,20,3.12,1.0758,1,3.15,1.0862,699,0
SPY190522P286,2019-05-20,2019-05-20 09:36:10,3.17,1.0931,130,3.12,1.0758,108,3.12,1.0758,1,3.145,1.0844,699,0
SPY190522P286,2019-05-20,2019-05-20 09:36:11,3.17,1.0931,83,3.13,1.0793,58,3.12,1.0758,1,3.15,1.0862,699,0
SPY190522P286,2019-05-20,2019-05-20 09:36:12,3.18,1.0965,71,3.12,1.0758,70,3.12,1.0758,1,3.15,1.0862,699,0
SPY190522P286,2019-05-20,2019-05-20 09:36:12,3.18,1.0965,80,3.13,1.0793,74,3.12,1.0758,1,3.155,1.0879,699,0
SPY190522P286,2019-05-20,2019-05-20 09:36:14,3.18,1.0965,77,3.14,1.0827,20,3.12,1.0758,1,3.16,1.0896,699,0
SPY190522P286,2019-05-20,2019-05-20 09:36:14,3.19,1.1,15,3.14,1.0827,92,3.12,1.0758,1,3.165,1.0913,699,0
SPY190522P286,2019-05-20,2019-05-20 09:36:16,3.2,1.1034,67,3.15,1.0862,151,3.12,1.0758,1,3.175,1.0948,699,0
SPY190522P286,2019-05-20,2019-05-20 09:36:17,3.2,1.1034,7,3.16,1.0896,60,3.12,1.0758,1,3.18,1.0965,699,0
SPY190522P286,2019-05-20,2019-05-20 09:36:18,3.2,1.1034,32,3.16,1.0896,100,3.12,1.0758,1,3.18,1.0965,699,0
SPY190522P286,2019-05-20,2019-05-20 09:36:18,3.2,1.1034,13,3.16,1.0896,19,3.12,1.0758,1,3.18,1.0965,699,0
SPY190522P286,2019-05-20,2019-05-20 09:36:20,3.2,1.1034,5,3.16,1.0896,99,3.12,1.0758,1,3.18,1.0965,699,0
SPY190522P286,2019-05-20,2019-05-20 09:36:21,3.2,1.1034,6,3.17,1.0931,99,3.12,1.0758,1,3.185,1.0982,699,0
SPY190522P286,2019-05-20,2019-05-20 09:36:21,3.2,1.1034,5,3.17,1.0931,38,3.12,1.0758,1,3.185,1.0982,699,0
SPY190522P286,2019-05-20,2019-05-20 09:36:22,3.2,1.1034,3,3.17,1.0931,92,3.12,1.0758,1,3.185,1.0982,699,0
SPY190522P286,2019-05-20,2019-05-20 09:36:23,3.18,1.0965,3,3.14,1.0827,15,3.12,1.0758,1,3.16,1.0896,699,0
SPY190522P286,2019-05-20,2019-05-20 09:36:24,3.18,1.0965,2,3.15,1.0862,60,3.12,1.0758,1,3.165,1.0913,699,0
SPY190522P286,2019-05-20,2019-05-20 09:36:25,3.17,1.0931,68,3.12,1.0758,78,3.13,1.0793,1,3.145,1.0844,700,1
SPY190522P286,2019-05-20,2019-05-20 09:36:26,3.16,1.0896,154,3.11,1.0724,60,3.13,1.0793,1,3.135,1.081,700,0
SPY190522P286,2019-05-20,2019-05-20 09:36:27,3.16,1.0896,13,3.12,1.0758,112,3.13,1.0793,1,3.14,1.0827,700,0
SPY190522P286,2019-05-20,2019-05-20 09:36:28,3.16,1.0896,72,3.12,1.0758,79,3.13,1.0793,1,3.14,1.0827,700,0
SPY190522P286,2019-05-20,2019-05-20 09:36:29,3.18,1.0965,2,3.15,1.0862,50,3.13,1.0793,1,3.165,1.0913,700,0
SPY190522P286,2019-05-20,2019-05-20 09:36:30,3.18,1.0965,2,3.14,1.0827,117,3.13,1.0793,1,3.16,1.0896,700,0
SPY190522P286,2019-05-20,2019-05-20 09:36:31,3.18,1.0965,2,3.16,1.0896,32,3.13,1.0793,1,3.17,1.0931,700,0
SPY190522P286,2019-05-20,2019-05-20 09:36:33,3.19,1.1,10,3.15,1.0862,79,3.18,1.0965,2,3.17,1.0931,702,2
SPY190522P286,2019-05-20,2019-05-20 09:36:35,3.2,1.1034,57,3.16,1.0896,32,3.18,1.0965,2,3.18,1.0965,702,0
SPY190522P286,2019-05-20,2019-05-20 09:36:36,3.19,1.1,33,3.14,1.0827,116,3.18,1.0965,2,3.165,1.0913,702,0
SPY190522P286,2019-05-20,2019-05-20 09:36:37,3.2,1.1034,3,3.16,1.0896,57,3.18,1.0965,2,3.18,1.0965,702,0
SPY190522P286,2019-05-20,2019-05-20 09:36:38,3.2,1.1034,24,3.15,1.0862,77,3.18,1.0965,2,3.175,1.0948,702,0
SPY190522P286,2019-05-20,2019-05-20 09:36:39,3.2,1.1034,3,3.17,1.0931,71,3.18,1.0965,2,3.185,1.0982,702,0
SPY190522P286,2019-05-20,2019-05-20 09:36:40,3.2,1.1034,3,3.17,1.0931,77,3.18,1.0965,2,3.185,1.0982,702,0
SPY190522P286,2019-05-20,2019-05-20 09:36:41,3.2,1.1034,3,3.18,1.0965,19,3.18,1.0965,2,3.19,1.1,702,0
SPY190522P286,2019-05-20,2019-05-20 09:36:42,3.2,1.1034,3,3.18,1.0965,80,3.18,1.0965,2,3.19,1.1,702,0
SPY190522P286,2019-05-20,2019-05-20 09:36:43,3.2,1.1034,3,3.18,1.0965,80,3.18,1.0965,2,3.19,1.1,702,0
SPY190522P286,2019-05-20,2019-05-20 09:36:44,3.2,1.1034,3,3.17,1.0931,122,3.18,1.0965,2,3.185,1.0982,702,0
SPY190522P286,2019-05-20,2019-05-20 09:36:45,3.2,1.1034,3,3.17,1.0931,60,3.18,1.0965,2,3.185,1.0982,702,0
SPY190522P286,2019-05-20,2019-05-20 09:36:46,3.2,1.1034,3,3.17,1.0931,60,3.18,1.0965,2,3.185,1.0982,702,0
SPY190522P286,2019-05-20,2019-05-20 09:36:47,3.2,1.1034,23,3.17,1.0931,50,3.18,1.0965,2,3.185,1.0982,702,0
SPY190522P286,2019-05-20,2019-05-20 09:36:48,3.2,1.1034,15,3.16,1.0896,78,3.18,1.0965,2,3.18,1.0965,702,0
SPY190522P286,2019-05-20,2019-05-20 09:36:49,3.18,1.0965,55,3.14,1.0827,67,3.18,1.0965,2,3.16,1.0896,702,0
SPY190522P286,2019-05-20,2019-05-20 09:36:50,3.19,1.1,11,3.14,1.0827,170,3.18,1.0965,2,3.165,1.0913,702,0
SPY190522P286,2019-05-20,2019-05-20 09:36:51,3.18,1.0965,34,3.14,1.0827,115,3.18,1.0965,2,3.16,1.0896,702,0
SPY190522P286,2019-05-20,2019-05-20 09:36:52,3.19,1.1,5,3.14,1.0827,92,3.18,1.0965,2,3.165,1.0913,702,0
SPY190522P286,2019-05-20,2019-05-20 09:36:53,3.19,1.1,5,3.17,1.0931,50,3.18,1.0965,2,3.18,1.0965,702,0
SPY190522P286,2019-05-20,2019-05-20 09:36:54,3.19,1.1,5,3.17,1.0931,55,3.18,1.0965,2,3.18,1.0965,702,0
SPY190522P286,2019-05-20,2019-05-20 09:36:55,3.24,1.1172,127,3.19,1.1,47,3.2,1.1034,3,3.215,1.1086,710,8
SPY190522P286,2019-05-20,2019-05-20 09:36:56,3.23,1.1137,10,3.19,1.1,61,3.2,1.1034,3,3.21,1.1068,710,0
SPY190522P286,2019-05-20,2019-05-20 09:36:57,3.23,1.1137,10,3.2,1.1034,1,3.2,1.1034,1,3.215,1.1086,711,1
SPY190522P286,2019-05-20,2019-05-20 09:36:58,3.23,1.1137,21,3.19,1.1,89,3.2,1.1034,1,3.21,1.1068,711,0
SPY190522P286,2019-05-20,2019-05-20 09:36:59,3.23,1.1137,10,3.19,1.1,61,3.2,1.1034,1,3.21,1.1068,711,0
SPY190522P286,2019-05-20,2019-05-20 09:37:00,3.23,1.1137,11,3.19,1.1,60,3.2,1.1034,1,3.21,1.1068,711,0
SPY190522P286,2019-05-20,2019-05-20 09:37:01,3.23,1.1137,21,3.19,1.1,69,3.2,1.1034,1,3.21,1.1068,711,0
SPY190522P286,2019-05-20,2019-05-20 09:37:03,3.23,1.1137,10,3.19,1.1,80,3.2,1.1034,1,3.21,1.1068,711,0
SPY190522P286,2019-05-20,2019-05-20 09:37:04,3.24,1.1172,15,3.19,1.1,80,3.2,1.1034,1,3.215,1.1086,711,0
SPY190522P286,2019-05-20,2019-05-20 09:37:05,3.24,1.1172,10,3.2,1.1034,43,3.2,1.1034,1,3.22,1.1103,711,0
SPY190522P286,2019-05-20,2019-05-20 09:37:06,3.24,1.1172,104,3.19,1.1,60,3.2,1.1034,1,3.215,1.1086,711,0
SPY190522P286,2019-05-20,2019-05-20 09:37:07,3.23,1.1137,80,3.18,1.0965,74,3.2,1.1034,1,3.205,1.1051,711,0
SPY190522P286,2019-05-20,2019-05-20 09:37:08,3.22,1.1103,89,3.17,1.0931,76,3.2,1.1034,1,3.195,1.1017,711,0
SPY190522P286,2019-05-20,2019-05-20 09:37:09,3.22,1.1103,47,3.17,1.0931,80,3.2,1.1034,1,3.195,1.1017,711,0
SPY190522P286,2019-05-20,2019-05-20 09:37:10,3.21,1.1068,6,3.17,1.0931,60,3.2,1.1034,1,3.19,1.1,711,0
SPY190522P286,2019-05-20,2019-05-20 09:37:11,3.22,1.1103,70,3.17,1.0931,71,3.2,1.1034,1,3.195,1.1017,711,0
SPY190522P286,2019-05-20,2019-05-20 09:37:12,3.23,1.1137,107,3.19,1.1,37,3.2,1.1034,1,3.21,1.1068,711,0
SPY190522P286,2019-05-20,2019-05-20 09:37:13,3.23,1.1137,57,3.19,1.1,24,3.2,1.1034,1,3.21,1.1068,711,0
SPY190522P286,2019-05-20,2019-05-20 09:37:14,3.22,1.1103,1,3.18,1.0965,104,3.2,1.1034,1,3.2,1.1034,711,0
SPY190522P286,2019-05-20,2019-05-20 09:37:15,3.22,1.1103,96,3.17,1.0931,100,3.2,1.1034,5,3.195,1.1017,716,5
SPY190522P286,2019-05-20,2019-05-20 09:37:16,3.22,1.1103,22,3.18,1.0965,56,3.2,1.1034,5,3.2,1.1034,716,0
SPY190522P286,2019-05-20,2019-05-20 09:37:17,3.22,1.1103,157,3.17,1.0931,113,3.2,1.1034,5,3.195,1.1017,716,0
SPY190522P286,2019-05-20,2019-05-20 09:37:18,3.22,1.1103,20,3.18,1.0965,32,3.2,1.1034,5,3.2,1.1034,716,0
SPY190522P286,2019-05-20,2019-05-20 09:37:18,3.22,1.1103,174,3.17,1.0931,114,3.2,1.1034,5,3.195,1.1017,716,0
SPY190522P286,2019-05-20,2019-05-20 09:37:19,3.21,1.1068,20,3.17,1.0931,104,3.2,1.1034,5,3.19,1.1,716,0
SPY190522P286,2019-05-20,2019-05-20 09:37:21,3.21,1.1068,109,3.16,1.0896,70,3.2,1.1034,5,3.185,1.0982,716,0
SPY190522P286,2019-05-20,2019-05-20 09:37:22,3.19,1.1,57,3.14,1.0827,70,3.2,1.1034,5,3.165,1.0913,716,0
SPY190522P286,2019-05-20,2019-05-20 09:37:23,3.19,1.1,109,3.15,1.0862,57,3.2,1.1034,5,3.17,1.0931,716,0
SPY190522P286,2019-05-20,2019-05-20 09:37:24,3.18,1.0965,54,3.13,1.0793,100,3.2,1.1034,5,3.155,1.0879,716,0
SPY190522P286,2019-05-20,2019-05-20 09:37:25,3.19,1.1,165,3.14,1.0827,104,3.2,1.1034,5,3.165,1.0913,716,0
SPY190522P286,2019-05-20,2019-05-20 09:37:27,3.21,1.1068,20,3.16,1.0896,70,3.2,1.1034,5,3.185,1.0982,716,0
SPY190522P286,2019-05-20,2019-05-20 09:37:28,3.18,1.0965,22,3.13,1.0793,91,3.2,1.1034,5,3.155,1.0879,716,0
SPY190522P286,2019-05-20,2019-05-20 09:37:29,3.2,1.1034,7,3.16,1.0896,32,3.2,1.1034,5,3.18,1.0965,716,0
SPY190522P286,2019-05-20,2019-05-20 09:37:30,3.23,1.1137,102,3.19,1.1,12,3.2,1.1034,5,3.21,1.1068,716,0
SPY190522P286,2019-05-20,2019-05-20 09:37:32,3.23,1.1137,102,3.19,1.1,22,3.2,1.1034,5,3.21,1.1068,716,0
SPY190522P286,2019-05-20,2019-05-20 09:37:33,3.23,1.1137,122,3.18,1.0965,10,3.2,1.1034,5,3.205,1.1051,716,0
SPY190522P286,2019-05-20,2019-05-20 09:37:35,3.22,1.1103,83,3.18,1.0965,11,3.2,1.1034,5,3.2,1.1034,716,0
SPY190522P286,2019-05-20,2019-05-20 09:37:36,3.24,1.1172,170,3.19,1.1,20,3.2,1.1034,5,3.215,1.1086,716,0
SPY190522P286,2019-05-20,2019-05-20 09:37:37,3.24,1.1172,92,3.19,1.1,50,3.2,1.1034,1,3.215,1.1086,717,1
SPY190522P286,2019-05-20,2019-05-20 09:37:38,3.23,1.1137,86,3.19,1.1,32,3.2,1.1034,1,3.21,1.1068,717,0
SPY190522P286,2019-05-20,2019-05-20 09:37:39,3.23,1.1137,105,3.19,1.1,46,3.2,1.1034,1,3.21,1.1068,717,0
SPY190522P286,2019-05-20,2019-05-20 09:37:40,3.23,1.1137,10,3.19,1.1,48,3.2,1.1034,1,3.21,1.1068,717,0
SPY190522P286,2019-05-20,2019-05-20 09:37:42,3.24,1.1172,106,3.2,1.1034,45,3.2,1.1034,1,3.22,1.1103,717,0
SPY190522P286,2019-05-20,2019-05-20 09:37:43,3.24,1.1172,107,3.2,1.1034,38,3.2,1.1034,1,3.22,1.1103,717,0
SPY190522P286,2019-05-20,2019-05-20 09:37:44,3.25,1.1206,23,3.22,1.1103,45,3.23,1.1137,1,3.235,1.1155,718,1
SPY190522P286,2019-05-20,2019-05-20 09:37:45,3.27,1.1275,10,3.23,1.1137,19,3.25,1.1206,23,3.25,1.1206,742,24
SPY190522P286,2019-05-20,2019-05-20 09:37:46,3.28,1.131,36,3.24,1.1172,50,3.25,1.1206,23,3.26,1.1241,742,0
SPY190522P286,2019-05-20,2019-05-20 09:37:48,3.28,1.131,107,3.24,1.1172,46,3.25,1.1206,23,3.26,1.1241,742,0
SPY190522P286,2019-05-20,2019-05-20 09:37:49,3.29,1.1344,11,3.25,1.1206,3,3.25,1.1206,23,3.27,1.1275,742,0
SPY190522P286,2019-05-20,2019-05-20 09:37:50,3.29,1.1344,40,3.25,1.1206,55,3.25,1.1206,23,3.27,1.1275,742,0
SPY190522P286,2019-05-20,2019-05-20 09:37:51,3.29,1.1344,40,3.24,1.1172,107,3.25,1.1206,23,3.265,1.1258,742,0
SPY190522P286,2019-05-20,2019-05-20 09:37:52,3.3,1.1379,1,3.27,1.1275,112,3.25,1.1206,23,3.285,1.1327,742,0
SPY190522P286,2019-05-20,2019-05-20 09:37:54,3.3,1.1379,10,3.26,1.1241,38,3.25,1.1206,23,3.28,1.131,742,0
SPY190522P286,2019-05-20,2019-05-20 09:37:55,3.3,1.1379,1,3.26,1.1241,100,3.25,1.1206,23,3.28,1.131,742,0
SPY190522P286,2019-05-20,2019-05-20 09:37:56,3.3,1.1379,7,3.27,1.1275,10,3.25,1.1206,23,3.285,1.1327,742,0
SPY190522P286,2019-05-20,2019-05-20 09:37:57,3.3,1.1379,1,3.27,1.1275,19,3.25,1.1206,23,3.285,1.1327,742,0
SPY190522P286,2019-05-20,2019-05-20 09:37:58,3.3,1.1379,60,3.25,1.1206,50,3.25,1.1206,23,3.275,1.1293,742,0
SPY190522P286,2019-05-20,2019-05-20 09:38:00,3.28,1.131,72,3.24,1.1172,80,3.25,1.1206,23,3.26,1.1241,742,0
SPY190522P286,2019-05-20,2019-05-20 09:38:00,3.3,1.1379,90,3.26,1.1241,22,3.25,1.1206,23,3.28,1.131,742,0
SPY190522P286,2019-05-20,2019-05-20 09:38:01,3.28,1.131,61,3.22,1.1103,138,3.25,1.1206,23,3.25,1.1206,742,0
SPY190522P286,2019-05-20,2019-05-20 09:38:02,3.32,1.1448,60,3.26,1.1241,100,3.25,1.1206,23,3.29,1.1344,742,0
SPY190522P286,2019-05-20,2019-05-20 09:38:04,3.36,1.1586,10,3.31,1.1413,151,3.32,1.1448,1,3.335,1.15,743,1
SPY190522P286,2019-05-20,2019-05-20 09:38:05,3.36,1.1586,10,3.33,1.1482,58,3.32,1.1448,1,3.345,1.1534,743,0
SPY190522P286,2019-05-20,2019-05-20 09:38:06,3.38,1.1655,49,3.33,1.1482,58,3.32,1.1448,1,3.355,1.1568,743,0
SPY190522P286,2019-05-20,2019-05-20 09:38:07,3.38,1.1655,49,3.33,1.1482,69,3.32,1.1448,1,3.355,1.1568,743,0
SPY190522P286,2019-05-20,2019-05-20 09:38:08,3.38,1.1655,103,3.33,1.1482,69,3.32,1.1448,1,3.355,1.1568,743,0
SPY190522P286,2019-05-20,2019-05-20 09:38:09,3.38,1.1655,115,3.34,1.1517,10,3.32,1.1448,1,3.36,1.1586,743,0
SPY190522P286,2019-05-20,2019-05-20 09:38:10,3.38,1.1655,3,3.34,1.1517,50,3.32,1.1448,1,3.36,1.1586,743,0
SPY190522P286,2019-05-20,2019-05-20 09:38:12,3.42,1.1793,2,3.39,1.1689,38,3.32,1.1448,1,3.405,1.1741,743,0
SPY190522P286,2019-05-20,2019-05-20 09:38:13,3.42,1.1793,2,3.4,1.1724,50,3.32,1.1448,1,3.41,1.1758,743,0
SPY190522P286,2019-05-20,2019-05-20 09:38:14,3.42,1.1793,2,3.4,1.1724,50,3.32,1.1448,1,3.41,1.1758,743,0
SPY190522P286,2019-05-20,2019-05-20 09:38:15,3.42,1.1793,2,3.4,1.1724,50,3.32,1.1448,1,3.41,1.1758,743,0
SPY190522P286,2019-05-20,2019-05-20 09:38:16,3.44,1.1862,12,3.4,1.1724,6,3.42,1.1793,2,3.42,1.1793,745,2
SPY190522P286,2019-05-20,2019-05-20 09:38:17,3.43,1.1827,12,3.38,1.1655,75,3.42,1.1793,2,3.405,1.1741,745,0
SPY190522P286,2019-05-20,2019-05-20 09:38:18,3.43,1.1827,63,3.38,1.1655,60,3.42,1.1793,2,3.405,1.1741,745,0
SPY190522P286,2019-05-20,2019-05-20 09:38:20,3.45,1.1896,83,3.4,1.1724,19,3.42,1.1793,2,3.425,1.181,745,0
SPY190522P286,2019-05-20,2019-05-20 09:38:21,3.45,1.1896,50,3.4,1.1724,17,3.42,1.1793,2,3.425,1.181,745,0
SPY190522P286,2019-05-20,2019-05-20 09:38:22,3.46,1.1931,40,3.42,1.1793,110,3.41,1.1758,1,3.44,1.1862,746,1
SPY190522P286,2019-05-20,2019-05-20 09:38:23,3.48,1.2,10,3.43,1.1827,60,3.43,1.1827,2,3.455,1.1913,750,4
SPY190522P286,2019-05-20,2019-05-20 09:38:24,3.47,1.1965,7,3.43,1.1827,11,3.43,1.1827,2,3.45,1.1896,750,0
SPY190522P286,2019-05-20,2019-05-20 09:38:25,3.48,1.2,19,3.42,1.1793,100,3.43,1.1827,2,3.45,1.1896,750,0
SPY190522P286,2019-05-20,2019-05-20 09:38:27,3.48,1.2,37,3.42,1.1793,100,3.43,1.1827,2,3.45,1.1896,750,0
SPY190522P286,2019-05-20,2019-05-20 09:38:28,3.48,1.2,19,3.44,1.1862,52,3.43,1.1827,2,3.46,1.1931,750,0
SPY190522P286,2019-05-20,2019-05-20 09:38:29,3.48,1.2,12,3.44,1.1862,52,3.43,1.1827,2,3.46,1.1931,750,0
SPY190522P286,2019-05-20,2019-05-20 09:38:30,3.48,1.2,26,3.44,1.1862,101,3.43,1.1827,2,3.46,1.1931,750,0
SPY190522P286,2019-05-20,2019-05-20 09:38:32,3.5,1.2068,11,3.46,1.1931,51,3.45,1.1896,4,3.48,1.2,754,4
SPY190522P286,2019-05-20,2019-05-20 09:38:33,3.5,1.2068,21,3.46,1.1931,65,3.45,1.1896,4,3.48,1.2,754,0
SPY190522P286,2019-05-20,2019-05-20 09:38:34,3.5,1.2068,7,3.46,1.1931,80,3.45,1.1896,4,3.48,1.2,754,0
SPY190522P286,2019-05-20,2019-05-20 09:38:35,3.5,1.2068,10,3.46,1.1931,61,3.45,1.1896,4,3.48,1.2,754,0
SPY190522P286,2019-05-20,2019-05-20 09:38:37,3.53,1.2172,100,3.46,1.1931,100,3.5,1.2068,1,3.495,1.2051,755,1
SPY190522P286,2019-05-20,2019-05-20 09:38:38,3.52,1.2137,51,3.47,1.1965,51,3.5,1.2068,1,3.495,1.2051,755,0
SPY190522P286,2019-05-20,2019-05-20 09:38:39,3.51,1.2103,10,3.46,1.1931,99,3.46,1.1931,4,3.485,1.2017,759,4
SPY190522P286,2019-05-20,2019-05-20 09:38:40,3.53,1.2172,6,3.47,1.1965,6,3.46,1.1931,4,3.5,1.2068,759,0
SPY190522P286,2019-05-20,2019-05-20 09:38:42,3.52,1.2137,10,3.48,1.2,26,3.46,1.1931,4,3.5,1.2068,759,0
SPY190522P286,2019-05-20,2019-05-20 09:38:43,3.52,1.2137,10,3.48,1.2,10,3.46,1.1931,4,3.5,1.2068,759,0
SPY190522P286,2019-05-20,2019-05-20 09:38:44,3.51,1.2103,1,3.47,1.1965,48,3.46,1.1931,4,3.49,1.2034,759,0
SPY190522P286,2019-05-20,2019-05-20 09:38:45,3.51,1.2103,10,3.46,1.1931,92,3.46,1.1931,4,3.485,1.2017,759,0
SPY190522P286,2019-05-20,2019-05-20 09:38:47,3.51,1.2103,6,3.46,1.1931,95,3.46,1.1931,4,3.485,1.2017,759,0
SPY190522P286,2019-05-20,2019-05-20 09:38:48,3.49,1.2034,100,3.44,1.1862,6,3.46,1.1931,4,3.465,1.1948,759,0
SPY190522P286,2019-05-20,2019-05-20 09:38:50,3.47,1.1965,43,3.42,1.1793,112,3.46,1.1931,4,3.445,1.1879,759,0
SPY190522P286,2019-05-20,2019-05-20 09:38:51,3.44,1.1862,151,3.38,1.1655,100,3.46,1.1931,4,3.41,1.1758,759,0
SPY190522P286,2019-05-20,2019-05-20 09:38:52,3.44,1.1862,26,3.42,1.1793,43,3.42,1.1793,11,3.43,1.1827,796,37
SPY190522P286,2019-05-20,2019-05-20 09:38:53,3.43,1.1827,10,3.38,1.1655,175,3.42,1.1793,11,3.405,1.1741,796,0
SPY190522P286,2019-05-20,2019-05-20 09:38:54,3.4,1.1724,7,3.32,1.1448,100,3.42,1.1793,11,3.36,1.1586,796,0
SPY190522P286,2019-05-20,2019-05-20 09:38:55,3.38,1.1655,11,3.34,1.1517,10,3.42,1.1793,11,3.36,1.1586,796,0
SPY190522P286,2019-05-20,2019-05-20 09:38:57,3.34,1.1517,55,3.29,1.1344,23,3.42,1.1793,11,3.315,1.1431,796,0
SPY190522P286,2019-05-20,2019-05-20 09:38:58,3.36,1.1586,74,3.3,1.1379,19,3.33,1.1482,2,3.33,1.1482,800,4
SPY190522P286,2019-05-20,2019-05-20 09:38:59,3.33,1.1482,100,3.27,1.1275,100,3.33,1.1482,2,3.3,1.1379,800,0
SPY190522P286,2019-05-20,2019-05-20 09:39:00,3.33,1.1482,30,3.29,1.1344,19,3.33,1.1482,2,3.31,1.1413,800,0
SPY190522P286,2019-05-20,2019-05-20 09:39:01,3.32,1.1448,60,3.27,1.1275,56,3.33,1.1482,2,3.295,1.1362,800,0
SPY190522P286,2019-05-20,2019-05-20 09:39:02,3.36,1.1586,110,3.29,1.1344,20,3.33,1.1482,2,3.325,1.1465,800,0
SPY190522P286,2019-05-20,2019-05-20 09:39:03,3.32,1.1448,60,3.28,1.131,10,3.33,1.1482,2,3.3,1.1379,800,0
SPY190522P286,2019-05-20,2019-05-20 09:39:05,3.32,1.1448,140,3.27,1.1275,45,3.33,1.1482,2,3.295,1.1362,800,0
SPY190522P286,2019-05-20,2019-05-20 09:39:07,3.42,1.1793,16,3.33,1.1482,16,3.33,1.1482,2,3.375,1.1637,800,0
SPY190522P286,2019-05-20,2019-05-20 09:39:08,3.41,1.1758,150,3.34,1.1517,150,3.33,1.1482,2,3.375,1.1637,800,0
SPY190522P286,2019-05-20,2019-05-20 09:39:09,3.38,1.1655,39,3.34,1.1517,61,3.33,1.1482,2,3.36,1.1586,800,0
SPY190522P286,2019-05-20,2019-05-20 09:39:11,3.38,1.1655,6,3.34,1.1517,161,3.33,1.1482,2,3.36,1.1586,800,0
SPY190522P286,2019-05-20,2019-05-20 09:39:12,3.38,1.1655,1,3.35,1.1551,70,3.33,1.1482,2,3.365,1.1603,801,1
SPY190522P286,2019-05-20,2019-05-20 09:39:13,3.41,1.1758,24,3.36,1.1586,150,3.4,1.1724,10,3.385,1.1672,811,10
SPY190522P286,2019-05-20,2019-05-20 09:39:15,3.37,1.162,15,3.31,1.1413,100,3.35,1.1551,3,3.34,1.1517,814,3
SPY190522P286,2019-05-20,2019-05-20 09:39:17,3.39,1.1689,50,3.34,1.1517,113,3.35,1.1551,3,3.365,1.1603,814,0
SPY190522P286,2019-05-20,2019-05-20 09:39:18,3.37,1.162,106,3.32,1.1448,64,3.35,1.1551,3,3.345,1.1534,814,0
SPY190522P286,2019-05-20,2019-05-20 09:39:20,3.37,1.162,62,3.31,1.1413,209,3.35,1.1551,3,3.34,1.1517,814,0
SPY190522P286,2019-05-20,2019-05-20 09:39:21,3.35,1.1551,40,3.31,1.1413,54,3.35,1.1551,3,3.33,1.1482,814,0
SPY190522P286,2019-05-20,2019-05-20 09:39:23,3.35,1.1551,52,3.31,1.1413,88,3.35,1.1551,3,3.33,1.1482,814,0
SPY190522P286,2019-05-20,2019-05-20 09:39:24,3.37,1.162,60,3.32,1.1448,80,3.35,1.1551,3,3.345,1.1534,814,0
SPY190522P286,2019-05-20,2019-05-20 09:39:25,3.35,1.1551,30,3.31,1.1413,58,3.35,1.1551,3,3.33,1.1482,814,0
SPY190522P286,2019-05-20,2019-05-20 09:39:28,3.39,1.1689,105,3.34,1.1517,6,3.35,1.1551,3,3.365,1.1603,814,0
SPY190522P286,2019-05-20,2019-05-20 09:39:29,3.38,1.1655,45,3.35,1.1551,45,3.35,1.1551,3,3.365,1.1603,814,0
SPY190522P286,2019-05-20,2019-05-20 09:39:31,3.41,1.1758,10,3.37,1.162,19,3.38,1.1655,1,3.39,1.1689,815,1
SPY190522P286,2019-05-20,2019-05-20 09:39:32,3.41,1.1758,91,3.37,1.162,22,3.38,1.1655,1,3.39,1.1689,815,0
SPY190522P286,2019-05-20,2019-05-20 09:39:33,3.39,1.1689,60,3.34,1.1517,60,3.38,1.1655,1,3.365,1.1603,815,0
SPY190522P286,2019-05-20,2019-05-20 09:39:35,3.39,1.1689,68,3.34,1.1517,119,3.38,1.1655,1,3.365,1.1603,815,0
SPY190522P286,2019-05-20,2019-05-20 09:39:36,3.38,1.1655,10,3.34,1.1517,46,3.38,1.1655,1,3.36,1.1586,815,0
SPY190522P286,2019-05-20,2019-05-20 09:39:38,3.41,1.1758,67,3.36,1.1586,53,3.38,1.1655,1,3.385,1.1672,815,0
SPY190522P286,2019-05-20,2019-05-20 09:39:39,3.37,1.162,60,3.33,1.1482,21,3.38,1.1655,1,3.35,1.1551,815,0
SPY190522P286,2019-05-20,2019-05-20 09:39:40,3.37,1.162,45,3.31,1.1413,50,3.38,1.1655,1,3.34,1.1517,815,0
SPY190522P286,2019-05-20,2019-05-20 09:39:41,3.34,1.1517,60,3.31,1.1413,22,3.38,1.1655,1,3.325,1.1465,815,0
SPY190522P286,2019-05-20,2019-05-20 09:39:43,3.3,1.1379,150,3.24,1.1172,18,3.38,1.1655,1,3.27,1.1275,815,0
SPY190522P286,2019-05-20,2019-05-20 09:39:45,3.29,1.1344,160,3.23,1.1137,68,3.38,1.1655,1,3.26,1.1241,815,0
SPY190522P286,2019-05-20,2019-05-20 09:39:46,3.27,1.1275,159,3.22,1.1103,22,3.38,1.1655,1,3.245,1.1189,815,0
SPY190522P286,2019-05-20,2019-05-20 09:39:48,3.23,1.1137,36,3.2,1.1034,11,3.38,1.1655,1,3.215,1.1086,815,0
SPY190522P286,2019-05-20,2019-05-20 09:39:50,3.26,1.1241,55,3.22,1.1103,100,3.38,1.1655,1,3.24,1.1172,815,0
SPY190522P286,2019-05-20,2019-05-20 09:39:51,3.29,1.1344,50,3.25,1.1206,19,3.38,1.1655,1,3.27,1.1275,815,0
SPY190522P286,2019-05-20,2019-05-20 09:39:52,3.35,1.1551,60,3.3,1.1379,10,3.38,1.1655,1,3.325,1.1465,815,0
SPY190522P286,2019-05-20,2019-05-20 09:39:54,3.33,1.1482,60,3.29,1.1344,11,3.38,1.1655,1,3.31,1.1413,815,0
SPY190522P286,2019-05-20,2019-05-20 09:39:55,3.33,1.1482,109,3.29,1.1344,10,3.29,1.1344,1,3.31,1.1413,816,1
SPY190522P286,2019-05-20,2019-05-20 09:39:56,3.36,1.1586,10,3.32,1.1448,11,3.29,1.1344,1,3.34,1.1517,816,0
SPY190522P286,2019-05-20,2019-05-20 09:39:58,3.4,1.1724,10,3.35,1.1551,48,3.33,1.1482,1,3.375,1.1637,817,1
SPY190522P286,2019-05-20,2019-05-20 09:39:59,3.4,1.1724,1,3.35,1.1551,46,3.33,1.1482,1,3.375,1.1637,817,0
SPY190522P286,2019-05-20,2019-05-20 09:40:00,3.39,1.1689,100,3.34,1.1517,53,3.37,1.162,25,3.365,1.1603,842,25
SPY190522P286,2019-05-20,2019-05-20 09:40:02,3.35,1.1551,40,3.31,1.1413,74,3.37,1.162,25,3.33,1.1482,842,0
SPY190522P286,2019-05-20,2019-05-20 09:40:03,3.36,1.1586,50,3.32,1.1448,10,3.37,1.162,25,3.34,1.1517,842,0
SPY190522P286,2019-05-20,2019-05-20 09:40:04,3.35,1.1551,60,3.3,1.1379,30,3.37,1.162,25,3.325,1.1465,842,0
SPY190522P286,2019-05-20,2019-05-20 09:40:05,3.33,1.1482,160,3.29,1.1344,10,3.37,1.162,25,3.31,1.1413,842,0
SPY190522P286,2019-05-20,2019-05-20 09:40:06,3.36,1.1586,60,3.32,1.1448,6,3.37,1.162,25,3.34,1.1517,842,0
SPY190522P286,2019-05-20,2019-05-20 09:40:07,3.36,1.1586,59,3.32,1.1448,11,3.37,1.162,25,3.34,1.1517,842,0
SPY190522P286,2019-05-20,2019-05-20 09:40:08,3.36,1.1586,70,3.32,1.1448,6,3.37,1.162,25,3.34,1.1517,842,0
SPY190522P286,2019-05-20,2019-05-20 09:40:09,3.34,1.1517,60,3.3,1.1379,19,3.37,1.162,25,3.32,1.1448,842,0
SPY190522P286,2019-05-20,2019-05-20 09:40:10,3.34,1.1517,60,3.3,1.1379,19,3.37,1.162,25,3.32,1.1448,842,0
SPY190522P286,2019-05-20,2019-05-20 09:40:11,3.35,1.1551,60,3.31,1.1413,12,3.37,1.162,25,3.33,1.1482,842,0
SPY190522P286,2019-05-20,2019-05-20 09:40:12,3.36,1.1586,60,3.31,1.1413,68,3.37,1.162,25,3.335,1.15,842,0
SPY190522P286,2019-05-20,2019-05-20 09:40:13,3.34,1.1517,50,3.3,1.1379,82,3.37,1.162,25,3.32,1.1448,842,0
SPY190522P286,2019-05-20,2019-05-20 09:40:14,3.34,1.1517,78,3.3,1.1379,6,3.37,1.162,25,3.32,1.1448,842,0
SPY190522P286,2019-05-20,2019-05-20 09:40:15,3.35,1.1551,72,3.3,1.1379,32,3.37,1.162,25,3.325,1.1465,842,0
SPY190522P286,2019-05-20,2019-05-20 09:40:16,3.35,1.1551,60,3.31,1.1413,12,3.37,1.162,25,3.33,1.1482,842,0
SPY190522P286,2019-05-20,2019-05-20 09:40:17,3.34,1.1517,6,3.3,1.1379,6,3.37,1.162,25,3.32,1.1448,842,0
SPY190522P286,2019-05-20,2019-05-20 09:40:18,3.34,1.1517,64,3.29,1.1344,19,3.37,1.162,25,3.315,1.1431,842,0
SPY190522P286,2019-05-20,2019-05-20 09:40:19,3.32,1.1448,60,3.28,1.131,42,3.37,1.162,25,3.3,1.1379,842,0
SPY190522P286,2019-05-20,2019-05-20 09:40:20,3.31,1.1413,51,3.26,1.1241,10,3.37,1.162,25,3.285,1.1327,842,0
SPY190522P286,2019-05-20,2019-05-20 09:40:21,3.29,1.1344,97,3.24,1.1172,61,3.37,1.162,25,3.265,1.1258,842,0
SPY190522P286,2019-05-20,2019-05-20 09:40:22,3.27,1.1275,124,3.23,1.1137,18,3.37,1.162,25,3.25,1.1206,842,0
SPY190522P286,2019-05-20,2019-05-20 09:40:23,3.28,1.131,46,3.26,1.1241,19,3.37,1.162,25,3.27,1.1275,842,0
SPY190522P286,2019-05-20,2019-05-20 09:40:24,3.29,1.1344,21,3.22,1.1103,51,3.37,1.162,25,3.255,1.1224,842,0
SPY190522P286,2019-05-20,2019-05-20 09:40:25,3.27,1.1275,108,3.23,1.1137,6,3.37,1.162,25,3.25,1.1206,842,0
SPY190522P286,2019-05-20,2019-05-20 09:40:26,3.29,1.1344,41,3.26,1.1241,58,3.37,1.162,25,3.275,1.1293,842,0
SPY190522P286,2019-05-20,2019-05-20 09:40:28,3.3,1.1379,88,3.26,1.1241,10,3.37,1.162,25,3.28,1.131,842,0
SPY190522P286,2019-05-20,2019-05-20 09:40:29,3.3,1.1379,69,3.27,1.1275,10,3.37,1.162,25,3.285,1.1327,842,0
SPY190522P286,2019-05-20,2019-05-20 09:40:30,3.3,1.1379,60,3.26,1.1241,10,3.37,1.162,25,3.28,1.131,842,0
SPY190522P286,2019-05-20,2019-05-20 09:40:31,3.29,1.1344,106,3.25,1.1206,20,3.37,1.162,25,3.27,1.1275,842,0
SPY190522P286,2019-05-20,2019-05-20 09:40:32,3.3,1.1379,13,3.22,1.1103,46,3.37,1.162,25,3.26,1.1241,842,0
SPY190522P286,2019-05-20,2019-05-20 09:40:33,3.28,1.131,100,3.23,1.1137,12,3.24,1.1172,5,3.255,1.1224,847,5
SPY190522P286,2019-05-20,2019-05-20 09:40:34,3.27,1.1275,100,3.22,1.1103,67,3.24,1.1172,5,3.245,1.1189,847,0
SPY190522P286,2019-05-20,2019-05-20 09:40:35,3.28,1.131,62,3.23,1.1137,100,3.24,1.1172,5,3.255,1.1224,847,0
SPY190522P286,2019-05-20,2019-05-20 09:40:36,3.29,1.1344,60,3.25,1.1206,10,3.24,1.1172,5,3.27,1.1275,847,0
SPY190522P286,2019-05-20,2019-05-20 09:40:37,3.27,1.1275,60,3.23,1.1137,19,3.24,1.1172,5,3.25,1.1206,847,0
SPY190522P286,2019-05-20,2019-05-20 09:40:38,3.28,1.131,60,3.23,1.1137,6,3.24,1.1172,5,3.255,1.1224,847,0
SPY190522P286,2019-05-20,2019-05-20 09:40:39,3.28,1.131,31,3.24,1.1172,113,3.24,1.1172,5,3.26,1.1241,847,0
SPY190522P286,2019-05-20,2019-05-20 09:40:40,3.3,1.1379,13,3.25,1.1206,160,3.24,1.1172,5,3.275,1.1293,847,0
SPY190522P286,2019-05-20,2019-05-20 09:40:41,3.31,1.1413,213,3.27,1.1275,19,3.24,1.1172,5,3.29,1.1344,847,0
SPY190522P286,2019-05-20,2019-05-20 09:40:42,3.31,1.1413,213,3.26,1.1241,10,3.24,1.1172,5,3.285,1.1327,847,0
SPY190522P286,2019-05-20,2019-05-20 09:40:43,3.32,1.1448,89,3.27,1.1275,21,3.24,1.1172,5,3.295,1.1362,847,0
SPY190522P286,2019-05-20,2019-05-20 09:40:44,3.31,1.1413,161,3.27,1.1275,10,3.24,1.1172,5,3.29,1.1344,847,0
SPY190522P286,2019-05-20,2019-05-20 09:40:45,3.29,1.1344,100,3.27,1.1275,10,3.24,1.1172,5,3.28,1.131,847,0
SPY190522P286,2019-05-20,2019-05-20 09:40:46,3.31,1.1413,107,3.27,1.1275,10,3.24,1.1172,5,3.29,1.1344,847,0
SPY190522P286,2019-05-20,2019-05-20 09:40:47,3.32,1.1448,74,3.27,1.1275,11,3.24,1.1172,5,3.295,1.1362,847,0
SPY190522P286,2019-05-20,2019-05-20 09:40:48,3.31,1.1413,60,3.28,1.131,13,3.24,1.1172,5,3.295,1.1362,847,0
SPY190522P286,2019-05-20,2019-05-20 09:40:49,3.31,1.1413,155,3.27,1.1275,19,3.24,1.1172,5,3.29,1.1344,847,0
SPY190522P286,2019-05-20,2019-05-20 09:40:50,3.32,1.1448,19,3.27,1.1275,19,3.24,1.1172,5,3.295,1.1362,847,0
SPY190522P286,2019-05-20,2019-05-20 09:40:51,3.31,1.1413,60,3.27,1.1275,19,3.24,1.1172,5,3.29,1.1344,847,0
SPY190522P286,2019-05-20,2019-05-20 09:40:52,3.33,1.1482,100,3.29,1.1344,12,3.24,1.1172,5,3.31,1.1413,847,0
SPY190522P286,2019-05-20,2019-05-20 09:40:53,3.31,1.1413,84,3.29,1.1344,100,3.24,1.1172,5,3.3,1.1379,847,0
SPY190522P286,2019-05-20,2019-05-20 09:40:54,3.36,1.1586,50,3.33,1.1482,10,3.24,1.1172,5,3.345,1.1534,847,0
SPY190522P286,2019-05-20,2019-05-20 09:40:55,3.36,1.1586,161,3.3,1.1379,26,3.24,1.1172,5,3.33,1.1482,847,0
SPY190522P286,2019-05-20,2019-05-20 09:40:56,3.36,1.1586,100,3.32,1.1448,19,3.24,1.1172,5,3.34,1.1517,847,0
SPY190522P286,2019-05-20,2019-05-20 09:40:57,3.35,1.1551,60,3.31,1.1413,10,3.24,1.1172,5,3.33,1.1482,847,0
SPY190522P286,2019-05-20,2019-05-20 09:40:58,3.32,1.1448,151,3.27,1.1275,19,3.24,1.1172,5,3.295,1.1362,847,0
SPY190522P286,2019-05-20,2019-05-20 09:40:59,3.29,1.1344,93,3.25,1.1206,10,3.29,1.1344,2,3.27,1.1275,849,2
SPY190522P286,2019-05-20,2019-05-20 09:41:00,3.28,1.131,74,3.24,1.1172,19,3.29,1.1344,2,3.26,1.1241,849,0
SPY190522P286,2019-05-20,2019-05-20 09:41:01,3.28,1.131,28,3.25,1.1206,11,3.29,1.1344,2,3.265,1.1258,849,0
SPY190522P286,2019-05-20,2019-05-20 09:41:02,3.28,1.131,136,3.24,1.1172,10,3.29,1.1344,2,3.26,1.1241,849,0
SPY190522P286,2019-05-20,2019-05-20 09:41:03,3.28,1.131,91,3.25,1.1206,10,3.29,1.1344,2,3.265,1.1258,849,0
SPY190522P286,2019-05-20,2019-05-20 09:41:04,3.28,1.131,50,3.24,1.1172,33,3.29,1.1344,2,3.26,1.1241,849,0
SPY190522P286,2019-05-20,2019-05-20 09:41:05,3.28,1.131,49,3.24,1.1172,30,3.29,1.1344,2,3.26,1.1241,849,0
SPY190522P286,2019-05-20,2019-05-20 09:41:06,3.28,1.131,150,3.24,1.1172,15,3.29,1.1344,2,3.26,1.1241,849,0
SPY190522P286,2019-05-20,2019-05-20 09:41:07,3.29,1.1344,151,3.22,1.1103,60,3.29,1.1344,2,3.255,1.1224,849,0
SPY190522P286,2019-05-20,2019-05-20 09:41:08,3.28,1.131,109,3.24,1.1172,10,3.29,1.1344,2,3.26,1.1241,849,0
SPY190522P286,2019-05-20,2019-05-20 09:41:09,3.28,1.131,228,3.24,1.1172,10,3.29,1.1344,2,3.26,1.1241,849,0
SPY190522P286,2019-05-20,2019-05-20 09:41:10,3.26,1.1241,60,3.22,1.1103,13,3.29,1.1344,2,3.24,1.1172,849,0
SPY190522P286,2019-05-20,2019-05-20 09:41:11,3.23,1.1137,10,3.2,1.1034,19,3.23,1.1137,1,3.215,1.1086,852,3
SPY190522P286,2019-05-20,2019-05-20 09:41:12,3.23,1.1137,50,3.19,1.1,12,3.23,1.1137,1,3.21,1.1068,852,0
SPY190522P286,2019-05-20,2019-05-20 09:41:13,3.23,1.1137,50,3.19,1.1,21,3.23,1.1137,1,3.21,1.1068,852,0
SPY190522P286,2019-05-20,2019-05-20 09:41:14,3.24,1.1172,107,3.2,1.1034,12,3.23,1.1137,1,3.22,1.1103,852,0
SPY190522P286,2019-05-20,2019-05-20 09:41:16,3.24,1.1172,118,3.2,1.1034,10,3.23,1.1137,1,3.22,1.1103,852,0
SPY190522P286,2019-05-20,2019-05-20 09:41:17,3.23,1.1137,107,3.2,1.1034,19,3.23,1.1137,1,3.215,1.1086,852,0
SPY190522P286,2019-05-20,2019-05-20 09:41:18,3.24,1.1172,66,3.2,1.1034,19,3.23,1.1137,1,3.22,1.1103,852,0
SPY190522P286,2019-05-20,2019-05-20 09:41:19,3.24,1.1172,108,3.2,1.1034,52,3.23,1.1137,1,3.22,1.1103,852,0
SPY190522P286,2019-05-20,2019-05-20 09:41:20,3.21,1.1068,6,3.15,1.0862,60,3.23,1.1137,1,3.18,1.0965,852,0
SPY190522P286,2019-05-20,2019-05-20 09:41:20,3.22,1.1103,105,3.18,1.0965,34,3.23,1.1137,1,3.2,1.1034,852,0
SPY190522P286,2019-05-20,2019-05-20 09:41:21,3.21,1.1068,8,3.17,1.0931,11,3.23,1.1137,1,3.19,1.1,852,0
SPY190522P286,2019-05-20,2019-05-20 09:41:23,3.19,1.1,150,3.15,1.0862,20,3.23,1.1137,1,3.17,1.0931,852,0
SPY190522P286,2019-05-20,2019-05-20 09:41:23,3.21,1.1068,51,3.17,1.0931,11,3.23,1.1137,1,3.19,1.1,852,0
SPY190522P286,2019-05-20,2019-05-20 09:41:24,3.18,1.0965,26,3.14,1.0827,82,3.23,1.1137,1,3.16,1.0896,852,0
SPY190522P286,2019-05-20,2019-05-20 09:41:25,3.18,1.0965,130,3.14,1.0827,37,3.23,1.1137,1,3.16,1.0896,852,0
SPY190522P286,2019-05-20,2019-05-20 09:41:26,3.19,1.1,52,3.15,1.0862,20,3.23,1.1137,1,3.17,1.0931,852,0
SPY190522P286,2019-05-20,2019-05-20 09:41:27,3.18,1.0965,88,3.15,1.0862,20,3.23,1.1137,1,3.165,1.0913,852,0
SPY190522P286,2019-05-20,2019-05-20 09:41:28,3.21,1.1068,100,3.17,1.0931,20,3.23,1.1137,1,3.19,1.1,852,0
SPY190522P286,2019-05-20,2019-05-20 09:41:29,3.21,1.1068,104,3.17,1.0931,32,3.23,1.1137,1,3.19,1.1,852,0
SPY190522P286,2019-05-20,2019-05-20 09:41:30,3.21,1.1068,104,3.17,1.0931,50,3.18,1.0965,1,3.19,1.1,853,1
SPY190522P286,2019-05-20,2019-05-20 09:41:31,3.21,1.1068,70,3.17,1.0931,32,3.18,1.0965,1,3.19,1.1,853,0
SPY190522P286,2019-05-20,2019-05-20 09:41:32,3.23,1.1137,128,3.19,1.1,20,3.18,1.0965,1,3.21,1.1068,853,0
SPY190522P286,2019-05-20,2019-05-20 09:41:33,3.22,1.1103,60,3.17,1.0931,42,3.18,1.0965,1,3.195,1.1017,853,0
SPY190522P286,2019-05-20,2019-05-20 09:41:34,3.23,1.1137,60,3.2,1.1034,10,3.18,1.0965,1,3.215,1.1086,853,0
SPY190522P286,2019-05-20,2019-05-20 09:41:35,3.22,1.1103,60,3.17,1.0931,41,3.18,1.0965,1,3.195,1.1017,853,0
SPY190522P286,2019-05-20,2019-05-20 09:41:36,3.22,1.1103,140,3.18,1.0965,38,3.18,1.0965,1,3.2,1.1034,853,0
SPY190522P286,2019-05-20,2019-05-20 09:41:37,3.22,1.1103,27,3.19,1.1,10,3.18,1.0965,1,3.205,1.1051,853,0
SPY190522P286,2019-05-20,2019-05-20 09:41:38,3.22,1.1103,146,3.16,1.0896,10,3.18,1.0965,1,3.19,1.1,853,0
SPY190522P286,2019-05-20,2019-05-20 09:41:39,3.2,1.1034,86,3.16,1.0896,13,3.18,1.0965,1,3.18,1.0965,853,0
SPY190522P286,2019-05-20,2019-05-20 09:41:40,3.2,1.1034,104,3.16,1.0896,80,3.16,1.0896,2,3.18,1.0965,855,2
SPY190522P286,2019-05-20,2019-05-20 09:41:41,3.2,1.1034,91,3.16,1.0896,58,3.16,1.0896,2,3.18,1.0965,855,0
SPY190522P286,2019-05-20,2019-05-20 09:41:42,3.19,1.1,85,3.16,1.0896,20,3.16,1.0896,2,3.175,1.0948,855,0
SPY190522P286,2019-05-20,2019-05-20 09:41:43,3.18,1.0965,170,3.13,1.0793,57,3.16,1.0896,2,3.155,1.0879,855,0
SPY190522P286,2019-05-20,2019-05-20 09:41:44,3.18,1.0965,203,3.13,1.0793,37,3.16,1.0896,2,3.155,1.0879,855,0
SPY190522P286,2019-05-20,2019-05-20 09:41:45,3.17,1.0931,170,3.12,1.0758,32,3.16,1.0896,2,3.145,1.0844,855,0
SPY190522P286,2019-05-20,2019-05-20 09:41:46,3.16,1.0896,100,3.12,1.0758,50,3.16,1.0896,2,3.14,1.0827,855,0
SPY190522P286,2019-05-20,2019-05-20 09:41:47,3.15,1.0862,104,3.11,1.0724,76,3.16,1.0896,2,3.13,1.0793,855,0
SPY190522P286,2019-05-20,2019-05-20 09:41:48,3.18,1.0965,70,3.13,1.0793,64,3.16,1.0896,2,3.155,1.0879,855,0
SPY190522P286,2019-05-20,2019-05-20 09:41:49,3.17,1.0931,171,3.13,1.0793,37,3.16,1.0896,2,3.15,1.0862,855,0
SPY190522P286,2019-05-20,2019-05-20 09:41:50,3.16,1.0896,97,3.12,1.0758,49,3.16,1.0896,2,3.14,1.0827,855,0
SPY190522P286,2019-05-20,2019-05-20 09:41:51,3.15,1.0862,100,3.09,1.0655,100,3.16,1.0896,2,3.12,1.0758,855,0
SPY190522P286,2019-05-20,2019-05-20 09:41:52,3.11,1.0724,70,3.07,1.0586,33,3.16,1.0896,2,3.09,1.0655,855,0
SPY190522P286,2019-05-20,2019-05-20 09:41:53,3.15,1.0862,50,3.1,1.0689,135,3.16,1.0896,2,3.125,1.0775,855,0
SPY190522P286,2019-05-20,2019-05-20 09:41:54,3.15,1.0862,75,3.12,1.0758,22,3.16,1.0896,2,3.135,1.081,855,0
SPY190522P286,2019-05-20,2019-05-20 09:41:55,3.15,1.0862,6,3.12,1.0758,64,3.16,1.0896,2,3.135,1.081,855,0
SPY190522P286,2019-05-20,2019-05-20 09:41:56,3.18,1.0965,84,3.14,1.0827,20,3.16,1.0896,2,3.16,1.0896,855,0
SPY190522P286,2019-05-20,2019-05-20 09:41:57,3.16,1.0896,74,3.12,1.0758,33,3.16,1.0896,2,3.14,1.0827,855,0
SPY190522P286,2019-05-20,2019-05-20 09:41:58,3.15,1.0862,52,3.11,1.0724,129,3.16,1.0896,2,3.13,1.0793,855,0
SPY190522P286,2019-05-20,2019-05-20 09:41:59,3.16,1.0896,115,3.12,1.0758,32,3.16,1.0896,2,3.14,1.0827,855,0
SPY190522P286,2019-05-20,2019-05-20 09:42:00,3.16,1.0896,115,3.12,1.0758,66,3.16,1.0896,2,3.14,1.0827,855,0
SPY190522P286,2019-05-20,2019-05-20 09:42:01,3.15,1.0862,88,3.12,1.0758,66,3.16,1.0896,2,3.135,1.081,855,0
SPY190522P286,2019-05-20,2019-05-20 09:42:02,3.22,1.1103,20,3.15,1.0862,20,3.16,1.0896,2,3.185,1.0982,855,0
SPY190522P286,2019-05-20,2019-05-20 09:42:03,3.19,1.1,33,3.15,1.0862,159,3.16,1.0896,2,3.17,1.0931,855,0
SPY190522P286,2019-05-20,2019-05-20 09:42:04,3.15,1.0862,60,3.12,1.0758,15,3.16,1.0896,2,3.135,1.081,855,0
SPY190522P286,2019-05-20,2019-05-20 09:42:05,3.19,1.1,60,3.15,1.0862,11,3.16,1.0896,2,3.17,1.0931,855,0
SPY190522P286,2019-05-20,2019-05-20 09:42:06,3.16,1.0896,106,3.13,1.0793,20,3.16,1.0896,2,3.145,1.0844,855,0
SPY190522P286,2019-05-20,2019-05-20 09:42:08,3.17,1.0931,112,3.13,1.0793,32,3.16,1.0896,2,3.15,1.0862,855,0
SPY190522P286,2019-05-20,2019-05-20 09:42:09,3.17,1.0931,145,3.11,1.0724,6,3.16,1.0896,2,3.14,1.0827,855,0
SPY190522P286,2019-05-20,2019-05-20 09:42:10,3.14,1.0827,9,3.11,1.0724,32,3.16,1.0896,2,3.125,1.0775,855,0
SPY190522P286,2019-05-20,2019-05-20 09:42:12,3.16,1.0896,50,3.13,1.0793,38,3.16,1.0896,2,3.145,1.0844,855,0
SPY190522P286,2019-05-20,2019-05-20 09:42:13,3.18,1.0965,6,3.12,1.0758,150,3.16,1.0896,2,3.15,1.0862,855,0
SPY190522P286,2019-05-20,2019-05-20 09:42:14,3.17,1.0931,24,3.12,1.0758,37,3.16,1.0896,2,3.145,1.0844,855,0
SPY190522P286,2019-05-20,2019-05-20 09:42:15,3.17,1.0931,70,3.12,1.0758,134,3.16,1.0896,2,3.145,1.0844,855,0
SPY190522P286,2019-05-20,2019-05-20 09:42:16,3.16,1.0896,78,3.13,1.0793,20,3.16,1.0896,2,3.145,1.0844,855,0
SPY190522P286,2019-05-20,2019-05-20 09:42:17,3.16,1.0896,50,3.13,1.0793,32,3.16,1.0896,2,3.145,1.0844,855,0
SPY190522P286,2019-05-20,2019-05-20 09:42:18,3.16,1.0896,70,3.12,1.0758,20,3.16,1.0896,2,3.14,1.0827,855,0
SPY190522P286,2019-05-20,2019-05-20 09:42:19,3.14,1.0827,88,3.11,1.0724,69,3.16,1.0896,2,3.125,1.0775,855,0
SPY190522P286,2019-05-20,2019-05-20 09:42:20,3.17,1.0931,100,3.13,1.0793,90,3.13,1.0793,1,3.15,1.0862,856,1
SPY190522P286,2019-05-20,2019-05-20 09:42:21,3.17,1.0931,155,3.13,1.0793,110,3.13,1.0793,1,3.15,1.0862,856,0
SPY190522P286,2019-05-20,2019-05-20 09:42:23,3.17,1.0931,155,3.13,1.0793,86,3.13,1.0793,1,3.15,1.0862,856,0
SPY190522P286,2019-05-20,2019-05-20 09:42:24,3.17,1.0931,6,3.13,1.0793,120,3.13,1.0793,1,3.15,1.0862,856,0
SPY190522P286,2019-05-20,2019-05-20 09:42:25,3.14,1.0827,6,3.12,1.0758,20,3.13,1.0793,1,3.13,1.0793,856,0
SPY190522P286,2019-05-20,2019-05-20 09:42:26,3.15,1.0862,102,3.12,1.0758,21,3.13,1.0793,1,3.135,1.081,856,0
SPY190522P286,2019-05-20,2019-05-20 09:42:27,3.11,1.0724,6,3.06,1.0551,26,3.13,1.0793,1,3.085,1.0637,856,0
SPY190522P286,2019-05-20,2019-05-20 09:42:28,3.12,1.0758,70,3.07,1.0586,26,3.13,1.0793,1,3.095,1.0672,856,0
SPY190522P286,2019-05-20,2019-05-20 09:42:29,3.11,1.0724,103,3.08,1.062,68,3.13,1.0793,1,3.095,1.0672,856,0
SPY190522P286,2019-05-20,2019-05-20 09:42:30,3.11,1.0724,50,3.08,1.062,20,3.13,1.0793,1,3.095,1.0672,856,0
SPY190522P286,2019-05-20,2019-05-20 09:42:31,3.11,1.0724,103,3.07,1.0586,26,3.13,1.0793,1,3.09,1.0655,856,0
SPY190522P286,2019-05-20,2019-05-20 09:42:32,3.1,1.0689,95,3.07,1.0586,32,3.13,1.0793,1,3.085,1.0637,856,0
SPY190522P286,2019-05-20,2019-05-20 09:42:33,3.1,1.0689,56,3.07,1.0586,31,3.13,1.0793,1,3.085,1.0637,856,0
SPY190522P286,2019-05-20,2019-05-20 09:42:34,3.1,1.0689,70,3.07,1.0586,20,3.13,1.0793,1,3.085,1.0637,856,0
SPY190522P286,2019-05-20,2019-05-20 09:42:35,3.08,1.062,128,3.04,1.0482,24,3.13,1.0793,1,3.06,1.0551,856,0
SPY190522P286,2019-05-20,2019-05-20 09:42:37,3.08,1.062,128,3.06,1.0551,32,3.13,1.0793,1,3.07,1.0586,856,0
SPY190522P286,2019-05-20,2019-05-20 09:42:38,3.09,1.0655,100,3.06,1.0551,37,3.13,1.0793,1,3.075,1.0603,856,0
SPY190522P286,2019-05-20,2019-05-20 09:42:39,3.09,1.0655,203,3.04,1.0482,63,3.13,1.0793,1,3.065,1.0568,856,0
SPY190522P286,2019-05-20,2019-05-20 09:42:40,3.04,1.0482,99,2.99,1.031,32,3.13,1.0793,1,3.015,1.0396,856,0
SPY190522P286,2019-05-20,2019-05-20 09:42:42,3.02,1.0413,73,2.97,1.0241,59,3.13,1.0793,1,2.995,1.0327,856,0
SPY190522P286,2019-05-20,2019-05-20 09:42:43,3.01,1.0379,146,2.98,1.0275,20,3.13,1.0793,1,2.995,1.0327,856,0
SPY190522P286,2019-05-20,2019-05-20 09:42:44,3.02,1.0413,70,2.97,1.0241,84,3.13,1.0793,1,2.995,1.0327,856,0
SPY190522P286,2019-05-20,2019-05-20 09:42:45,3.02,1.0413,96,2.98,1.0275,57,3.13,1.0793,1,3.0,1.0344,856,0
SPY190522P286,2019-05-20,2019-05-20 09:42:47,3.0,1.0344,1,2.98,1.0275,20,2.98,1.0275,1,2.99,1.031,857,1
SPY190522P286,2019-05-20,2019-05-20 09:42:48,2.99,1.031,81,2.95,1.0172,20,2.98,1.0275,1,2.97,1.0241,857,0
SPY190522P286,2019-05-20,2019-05-20 09:42:49,2.99,1.031,93,2.95,1.0172,20,2.98,1.0275,1,2.97,1.0241,857,0
SPY190522P286,2019-05-20,2019-05-20 09:42:50,2.98,1.0275,146,2.94,1.0137,32,2.98,1.0275,1,2.96,1.0206,857,0
SPY190522P286,2019-05-20,2019-05-20 09:42:51,2.99,1.031,50,2.95,1.0172,102,2.98,1.0275,1,2.97,1.0241,857,0
SPY190522P286,2019-05-20,2019-05-20 09:42:53,3.0,1.0344,1,2.97,1.0241,31,2.97,1.0241,1,2.985,1.0293,859,2
SPY190522P286,2019-05-20,2019-05-20 09:42:54,3.06,1.0551,100,2.98,1.0275,100,3.0,1.0344,1,3.02,1.0413,860,1
SPY190522P286,2019-05-20,2019-05-20 09:42:55,3.03,1.0448,49,2.99,1.031,20,3.0,1.0344,1,3.01,1.0379,860,0
SPY190522P286,2019-05-20,2019-05-20 09:42:56,3.04,1.0482,70,3.0,1.0344,88,3.0,1.0344,1,3.02,1.0413,860,0
SPY190522P286,2019-05-20,2019-05-20 09:42:57,3.05,1.0517,71,3.01,1.0379,31,3.0,1.0344,1,3.03,1.0448,860,0
SPY190522P286,2019-05-20,2019-05-20 09:42:58,3.04,1.0482,66,3.01,1.0379,20,3.0,1.0344,1,3.025,1.0431,860,0
SPY190522P286,2019-05-20,2019-05-20 09:43:00,3.06,1.0551,57,3.03,1.0448,20,3.0,1.0344,1,3.045,1.05,860,0
SPY190522P286,2019-05-20,2019-05-20 09:43:00,3.06,1.0551,57,3.02,1.0413,31,3.0,1.0344,1,3.04,1.0482,860,0
SPY190522P286,2019-05-20,2019-05-20 09:43:01,3.03,1.0448,70,2.99,1.031,20,3.0,1.0344,1,3.01,1.0379,860,0
SPY190522P286,2019-05-20,2019-05-20 09:43:03,3.02,1.0413,150,2.95,1.0172,56,3.0,1.0344,1,2.985,1.0293,860,0
SPY190522P286,2019-05-20,2019-05-20 09:43:04,2.98,1.0275,71,2.94,1.0137,20,3.0,1.0344,1,2.96,1.0206,860,0
SPY190522P286,2019-05-20,2019-05-20 09:43:05,2.98,1.0275,103,2.93,1.0103,76,3.0,1.0344,1,2.955,1.0189,860,0
SPY190522P286,2019-05-20,2019-05-20 09:43:06,2.99,1.031,71,2.95,1.0172,20,3.0,1.0344,1,2.97,1.0241,860,0
SPY190522P286,2019-05-20,2019-05-20 09:43:08,3.03,1.0448,50,2.97,1.0241,120,2.98,1.0275,1,3.0,1.0344,861,1
SPY190522P286,2019-05-20,2019-05-20 09:43:09,3.01,1.0379,70,2.96,1.0206,69,2.98,1.0275,1,2.985,1.0293,861,0
SPY190522P286,2019-05-20,2019-05-20 09:43:10,3.02,1.0413,25,2.99,1.031,60,2.98,1.0275,1,3.005,1.0362,861,0
SPY190522P286,2019-05-20,2019-05-20 09:43:12,3.05,1.0517,150,3.01,1.0379,20,2.98,1.0275,1,3.03,1.0448,861,0
SPY190522P286,2019-05-20,2019-05-20 09:43:13,3.0,1.0344,81,2.95,1.0172,24,2.98,1.0275,1,2.975,1.0258,861,0
SPY190522P286,2019-05-20,2019-05-20 09:43:15,3.01,1.0379,100,2.97,1.0241,20,2.98,1.0275,1,2.99,1.031,861,0
SPY190522P286,2019-05-20,2019-05-20 09:43:16,3.01,1.0379,100,2.96,1.0206,20,2.98,1.0275,1,2.985,1.0293,861,0
SPY190522P286,2019-05-20,2019-05-20 09:43:17,3.0,1.0344,50,3.0,1.0344,20,2.98,1.0275,1,3.0,1.0344,861,0
SPY190522P286,2019-05-20,2019-05-20 09:43:18,3.03,1.0448,10,3.01,1.0379,20,2.98,1.0275,1,3.02,1.0413,861,0
SPY190522P286,2019-05-20,2019-05-20 09:43:20,3.04,1.0482,152,2.98,1.0275,117,3.03,1.0448,5,3.01,1.0379,871,10
SPY190522P286,2019-05-20,2019-05-20 09:43:21,3.03,1.0448,101,2.99,1.031,36,3.03,1.0448,5,3.01,1.0379,871,0
SPY190522P286,2019-05-20,2019-05-20 09:43:22,3.05,1.0517,137,3.01,1.0379,33,3.03,1.0448,5,3.03,1.0448,871,0
SPY190522P286,2019-05-20,2019-05-20 09:43:23,3.03,1.0448,7,3.0,1.0344,32,3.03,1.0448,5,3.015,1.0396,871,0
SPY190522P286,2019-05-20,2019-05-20 09:43:24,3.04,1.0482,50,3.01,1.0379,6,3.03,1.0448,5,3.025,1.0431,871,0
SPY190522P286,2019-05-20,2019-05-20 09:43:26,3.05,1.0517,147,3.01,1.0379,83,3.03,1.0448,5,3.03,1.0448,871,0
SPY190522P286,2019-05-20,2019-05-20 09:43:27,3.05,1.0517,121,3.01,1.0379,37,3.03,1.0448,5,3.03,1.0448,871,0
SPY190522P286,2019-05-20,2019-05-20 09:43:28,3.04,1.0482,148,2.99,1.031,6,3.03,1.0448,5,3.015,1.0396,871,0
SPY190522P286,2019-05-20,2019-05-20 09:43:30,3.03,1.0448,50,3.0,1.0344,33,3.03,1.0448,5,3.015,1.0396,871,0
SPY190522P286,2019-05-20,2019-05-20 09:43:31,3.04,1.0482,84,3.01,1.0379,20,3.03,1.0448,5,3.025,1.0431,871,0
SPY190522P286,2019-05-20,2019-05-20 09:43:32,3.07,1.0586,70,3.03,1.0448,56,3.02,1.0413,1,3.05,1.0517,872,1
SPY190522P286,2019-05-20,2019-05-20 09:43:34,3.07,1.0586,50,3.03,1.0448,69,3.02,1.0413,1,3.05,1.0517,872,0
SPY190522P286,2019-05-20,2019-05-20 09:43:35,3.07,1.0586,71,3.03,1.0448,67,3.02,1.0413,1,3.05,1.0517,872,0
SPY190522P286,2019-05-20,2019-05-20 09:43:36,3.07,1.0586,90,3.04,1.0482,53,3.02,1.0413,1,3.055,1.0534,872,0
SPY190522P286,2019-05-20,2019-05-20 09:43:38,3.1,1.0689,44,3.06,1.0551,50,3.02,1.0413,1,3.08,1.062,872,0
SPY190522P286,2019-05-20,2019-05-20 09:43:39,3.1,1.0689,76,3.07,1.0586,70,3.02,1.0413,1,3.085,1.0637,872,0
SPY190522P286,2019-05-20,2019-05-20 09:43:40,3.11,1.0724,50,3.07,1.0586,70,3.02,1.0413,1,3.09,1.0655,872,0
SPY190522P286,2019-05-20,2019-05-20 09:43:42,3.14,1.0827,37,3.09,1.0655,31,3.02,1.0413,1,3.115,1.0741,872,0
SPY190522P286,2019-05-20,2019-05-20 09:43:43,3.13,1.0793,10,3.09,1.0655,101,3.02,1.0413,1,3.11,1.0724,872,0
SPY190522P286,2019-05-20,2019-05-20 09:43:44,3.13,1.0793,10,3.1,1.0689,20,3.02,1.0413,1,3.115,1.0741,872,0
SPY190522P286,2019-05-20,2019-05-20 09:43:45,3.13,1.0793,70,3.09,1.0655,57,3.02,1.0413,1,3.11,1.0724,872,0
SPY190522P286,2019-05-20,2019-05-20 09:43:46,3.14,1.0827,89,3.09,1.0655,20,3.02,1.0413,1,3.115,1.0741,872,0
SPY190522P286,2019-05-20,2019-05-20 09:43:48,3.13,1.0793,50,3.09,1.0655,32,3.02,1.0413,1,3.11,1.0724,872,0
SPY190522P286,2019-05-20,2019-05-20 09:43:49,3.12,1.0758,15,3.08,1.062,20,3.02,1.0413,1,3.1,1.0689,872,0
SPY190522P286,2019-05-20,2019-05-20 09:43:51,3.13,1.0793,97,3.09,1.0655,49,3.02,1.0413,1,3.11,1.0724,872,0
SPY190522P286,2019-05-20,2019-05-20 09:43:52,3.12,1.0758,104,3.08,1.062,20,3.02,1.0413,1,3.1,1.0689,872,0
SPY190522P286,2019-05-20,2019-05-20 09:43:53,3.11,1.0724,98,3.07,1.0586,33,3.02,1.0413,1,3.09,1.0655,872,0
SPY190522P286,2019-05-20,2019-05-20 09:43:54,3.12,1.0758,70,3.08,1.062,57,3.02,1.0413,1,3.1,1.0689,872,0
SPY190522P286,2019-05-20,2019-05-20 09:43:56,3.14,1.0827,70,3.1,1.0689,20,3.02,1.0413,1,3.12,1.0758,872,0
SPY190522P286,2019-05-20,2019-05-20 09:43:57,3.12,1.0758,70,3.07,1.0586,6,3.02,1.0413,1,3.095,1.0672,872,0
SPY190522P286,2019-05-20,2019-05-20 09:43:58,3.11,1.0724,145,3.06,1.0551,13,3.02,1.0413,1,3.085,1.0637,872,0
SPY190522P286,2019-05-20,2019-05-20 09:44:00,3.13,1.0793,94,3.09,1.0655,123,3.02,1.0413,1,3.11,1.0724,872,0
SPY190522P286,2019-05-20,2019-05-20 09:44:01,3.11,1.0724,10,3.07,1.0586,50,3.02,1.0413,1,3.09,1.0655,872,0
SPY190522P286,2019-05-20,2019-05-20 09:44:02,3.11,1.0724,89,3.07,1.0586,20,3.02,1.0413,1,3.09,1.0655,872,0
SPY190522P286,2019-05-20,2019-05-20 09:44:04,3.12,1.0758,79,3.08,1.062,22,3.02,1.0413,1,3.1,1.0689,872,0
SPY190522P286,2019-05-20,2019-05-20 09:44:04,3.11,1.0724,53,3.07,1.0586,32,3.02,1.0413,1,3.09,1.0655,872,0
SPY190522P286,2019-05-20,2019-05-20 09:44:06,3.1,1.0689,24,3.07,1.0586,20,3.02,1.0413,1,3.085,1.0637,872,0
SPY190522P286,2019-05-20,2019-05-20 09:44:07,3.1,1.0689,84,3.07,1.0586,20,3.02,1.0413,1,3.085,1.0637,872,0
SPY190522P286,2019-05-20,2019-05-20 09:44:08,3.1,1.0689,150,3.05,1.0517,70,3.02,1.0413,1,3.075,1.0603,872,0
SPY190522P286,2019-05-20,2019-05-20 09:44:09,3.09,1.0655,70,3.04,1.0482,65,3.02,1.0413,1,3.065,1.0568,872,0
SPY190522P286,2019-05-20,2019-05-20 09:44:10,3.07,1.0586,171,3.02,1.0413,50,3.02,1.0413,1,3.045,1.05,872,0
SPY190522P286,2019-05-20,2019-05-20 09:44:12,3.08,1.062,70,3.04,1.0482,87,3.02,1.0413,1,3.06,1.0551,872,0
SPY190522P286,2019-05-20,2019-05-20 09:44:13,3.1,1.0689,5,3.06,1.0551,150,3.02,1.0413,1,3.08,1.062,872,0
SPY190522P286,2019-05-20,2019-05-20 09:44:14,3.1,1.0689,5,3.08,1.062,61,3.02,1.0413,1,3.09,1.0655,872,0
SPY190522P286,2019-05-20,2019-05-20 09:44:15,3.1,1.0689,5,3.08,1.062,77,3.02,1.0413,1,3.09,1.0655,872,0
SPY190522P286,2019-05-20,2019-05-20 09:44:16,3.14,1.0827,70,3.1,1.0689,70,3.1,1.0689,3,3.12,1.0758,877,5
SPY190522P286,2019-05-20,2019-05-20 09:44:18,3.15,1.0862,50,3.11,1.0724,32,3.1,1.0689,3,3.13,1.0793,877,0
SPY190522P286,2019-05-20,2019-05-20 09:44:19,3.15,1.0862,7,3.12,1.0758,73,3.1,1.0689,3,3.135,1.081,877,0
SPY190522P286,2019-05-20,2019-05-20 09:44:22,3.15,1.0862,96,3.11,1.0724,48,3.1,1.0689,3,3.13,1.0793,877,0
SPY190522P286,2019-05-20,2019-05-20 09:44:24,3.13,1.0793,70,3.09,1.0655,32,3.1,1.0689,3,3.11,1.0724,877,0
SPY190522P286,2019-05-20,2019-05-20 09:44:26,3.13,1.0793,103,3.09,1.0655,52,3.1,1.0689,3,3.11,1.0724,877,0
SPY190522P286,2019-05-20,2019-05-20 09:44:27,3.13,1.0793,104,3.09,1.0655,105,3.1,1.0689,3,3.11,1.0724,877,0
SPY190522P286,2019-05-20,2019-05-20 09:44:28,3.15,1.0862,101,3.11,1.0724,20,3.1,1.0689,3,3.13,1.0793,877,0
SPY190522P286,2019-05-20,2019-05-20 09:44:30,3.15,1.0862,122,3.11,1.0724,32,3.1,1.0689,3,3.13,1.0793,877,0
SPY190522P286,2019-05-20,2019-05-20 09:44:31,3.14,1.0827,103,3.09,1.0655,63,3.1,1.0689,3,3.115,1.0741,877,0
SPY190522P286,2019-05-20,2019-05-20 09:44:33,3.11,1.0724,70,3.09,1.0655,24,3.1,1.0689,3,3.1,1.0689,877,0
SPY190522P286,2019-05-20,2019-05-20 09:44:34,3.09,1.0655,100,3.04,1.0482,63,3.1,1.0689,3,3.065,1.0568,877,0
SPY190522P286,2019-05-20,2019-05-20 09:44:36,3.08,1.062,20,3.05,1.0517,35,3.1,1.0689,3,3.065,1.0568,877,0
SPY190522P286,2019-05-20,2019-05-20 09:44:37,3.08,1.062,43,3.04,1.0482,33,3.1,1.0689,3,3.06,1.0551,877,0
SPY190522P286,2019-05-20,2019-05-20 09:44:39,3.08,1.062,71,3.04,1.0482,20,3.1,1.0689,3,3.06,1.0551,877,0
SPY190522P286,2019-05-20,2019-05-20 09:44:40,3.06,1.0551,90,3.02,1.0413,32,3.1,1.0689,3,3.04,1.0482,877,0
SPY190522P286,2019-05-20,2019-05-20 09:44:42,3.05,1.0517,213,3.01,1.0379,20,3.1,1.0689,3,3.03,1.0448,877,0
SPY190522P286,2019-05-20,2019-05-20 09:44:43,3.05,1.0517,170,3.01,1.0379,20,3.1,1.0689,3,3.03,1.0448,877,0
SPY190522P286,2019-05-20,2019-05-20 09:44:45,3.02,1.0413,150,2.99,1.031,87,3.1,1.0689,3,3.005,1.0362,877,0
SPY190522P286,2019-05-20,2019-05-20 09:44:47,3.02,1.0413,291,2.99,1.031,87,3.1,1.0689,3,3.005,1.0362,877,0
SPY190522P286,2019-05-20,2019-05-20 09:44:48,3.01,1.0379,93,2.99,1.031,10,3.1,1.0689,3,3.0,1.0344,877,0
SPY190522P286,2019-05-20,2019-05-20 09:44:50,3.02,1.0413,171,2.99,1.031,10,3.1,1.0689,3,3.005,1.0362,877,0
SPY190522P286,2019-05-20,2019-05-20 09:44:52,3.01,1.0379,3,2.99,1.031,10,2.99,1.031,10,3.0,1.0344,887,10
SPY190522P286,2019-05-20,2019-05-20 09:44:53,2.98,1.0275,88,2.94,1.0137,46,2.93,1.0103,5,2.96,1.0206,895,8
SPY190522P286,2019-05-20,2019-05-20 09:44:55,2.98,1.0275,150,2.93,1.0103,47,2.93,1.0103,5,2.955,1.0189,895,0
SPY190522P286,2019-05-20,2019-05-20 09:44:56,3.01,1.0379,57,2.96,1.0206,104,2.93,1.0103,5,2.985,1.0293,895,0
SPY190522P286,2019-05-20,2019-05-20 09:44:58,3.02,1.0413,99,2.98,1.0275,20,2.93,1.0103,5,3.0,1.0344,895,0
SPY190522P286,2019-05-20,2019-05-20 09:44:59,3.02,1.0413,171,2.98,1.0275,20,2.93,1.0103,5,3.0,1.0344,895,0
SPY190522P286,2019-05-20,2019-05-20 09:45:00,3.01,1.0379,69,2.98,1.0275,20,2.93,1.0103,5,2.995,1.0327,895,0
SPY190522P286,2019-05-20,2019-05-20 09:45:01,3.0,1.0344,70,2.96,1.0206,20,2.93,1.0103,5,2.98,1.0275,895,0
SPY190522P286,2019-05-20,2019-05-20 09:45:03,2.96,1.0206,70,2.92,1.0068,32,2.98,1.0275,5,2.94,1.0137,900,5
SPY190522P286,2019-05-20,2019-05-20 09:45:04,2.95,1.0172,131,2.91,1.0034,24,2.98,1.0275,5,2.93,1.0103,900,0
SPY190522P286,2019-05-20,2019-05-20 09:45:05,2.92,1.0068,100,2.86,0.9862,19,2.98,1.0275,5,2.89,0.9965,900,0
SPY190522P286,2019-05-20,2019-05-20 09:45:06,2.88,0.9931,100,2.83,0.9758,30,2.98,1.0275,5,2.855,0.9844,900,0
SPY190522P286,2019-05-20,2019-05-20 09:45:07,2.86,0.9862,32,2.83,0.9758,24,2.98,1.0275,5,2.845,0.981,900,0
SPY190522P286,2019-05-20,2019-05-20 09:45:09,2.85,0.9827,71,2.81,0.9689,32,2.98,1.0275,5,2.83,0.9758,900,0
SPY190522P286,2019-05-20,2019-05-20 09:45:10,2.84,0.9793,80,2.8,0.9655,63,2.98,1.0275,5,2.82,0.9724,900,0
SPY190522P286,2019-05-20,2019-05-20 09:45:11,2.84,0.9793,100,2.79,0.962,45,2.98,1.0275,5,2.815,0.9706,900,0
SPY190522P286,2019-05-20,2019-05-20 09:45:13,2.79,0.962,150,2.75,0.9482,76,2.98,1.0275,5,2.77,0.9551,900,0
SPY190522P286,2019-05-20,2019-05-20 09:45:14,2.79,0.962,180,2.75,0.9482,114,2.98,1.0275,5,2.77,0.9551,900,0
SPY190522P286,2019-05-20,2019-05-20 09:45:15,2.79,0.962,80,2.74,0.9448,39,2.98,1.0275,5,2.765,0.9534,900,0
SPY190522P286,2019-05-20,2019-05-20 09:45:16,2.78,0.9586,23,2.75,0.9482,45,2.98,1.0275,5,2.765,0.9534,900,0
SPY190522P286,2019-05-20,2019-05-20 09:45:17,2.8,0.9655,2,2.78,0.9586,30,2.98,1.0275,5,2.79,0.962,900,0
SPY190522P286,2019-05-20,2019-05-20 09:45:18,2.8,0.9655,42,2.76,0.9517,115,2.98,1.0275,5,2.78,0.9586,900,0
SPY190522P286,2019-05-20,2019-05-20 09:45:19,2.8,0.9655,87,2.77,0.9551,30,2.98,1.0275,5,2.785,0.9603,900,0
SPY190522P286,2019-05-20,2019-05-20 09:45:21,2.8,0.9655,2,2.78,0.9586,45,2.98,1.0275,5,2.79,0.962,900,0
SPY190522P286,2019-05-20,2019-05-20 09:45:22,2.83,0.9758,180,2.78,0.9586,46,2.82,0.9724,1,2.805,0.9672,903,3
SPY190522P286,2019-05-20,2019-05-20 09:45:23,2.82,0.9724,30,2.78,0.9586,56,2.81,0.9689,1,2.8,0.9655,904,1
SPY190522P286,2019-05-20,2019-05-20 09:45:24,2.8,0.9655,180,2.76,0.9517,101,2.81,0.9689,1,2.78,0.9586,904,0
SPY190522P286,2019-05-20,2019-05-20 09:45:25,2.79,0.962,80,2.75,0.9482,46,2.81,0.9689,1,2.77,0.9551,904,0
SPY190522P286,2019-05-20,2019-05-20 09:45:26,2.79,0.962,206,2.75,0.9482,47,2.81,0.9689,1,2.77,0.9551,904,0
SPY190522P286,2019-05-20,2019-05-20 09:45:27,2.8,0.9655,6,2.77,0.9551,11,2.81,0.9689,1,2.785,0.9603,904,0
SPY190522P286,2019-05-20,2019-05-20 09:45:29,2.81,0.9689,180,2.77,0.9551,30,2.81,0.9689,1,2.79,0.962,904,0
SPY190522P286,2019-05-20,2019-05-20 09:45:30,2.8,0.9655,1,2.78,0.9586,57,2.79,0.962,3,2.79,0.962,910,6
SPY190522P286,2019-05-20,2019-05-20 09:45:32,2.81,0.9689,180,2.77,0.9551,30,2.79,0.962,3,2.79,0.962,910,0
SPY190522P286,2019-05-20,2019-05-20 09:45:33,2.81,0.9689,98,2.76,0.9517,71,2.79,0.962,3,2.785,0.9603,910,0
SPY190522P286,2019-05-20,2019-05-20 09:45:34,2.8,0.9655,150,2.75,0.9482,120,2.79,0.962,3,2.775,0.9568,910,0
SPY190522P286,2019-05-20,2019-05-20 09:45:35,2.81,0.9689,180,2.76,0.9517,70,2.79,0.962,3,2.785,0.9603,910,0
SPY190522P286,2019-05-20,2019-05-20 09:45:36,2.8,0.9655,50,2.77,0.9551,30,2.79,0.962,3,2.785,0.9603,910,0
SPY190522P286,2019-05-20,2019-05-20 09:45:38,2.8,0.9655,80,2.77,0.9551,30,2.79,0.962,3,2.785,0.9603,910,0
SPY190522P286,2019-05-20,2019-05-20 09:45:39,2.8,0.9655,154,2.76,0.9517,142,2.79,0.962,3,2.78,0.9586,910,0
SPY190522P286,2019-05-20,2019-05-20 09:45:40,2.81,0.9689,154,2.77,0.9551,69,2.79,0.962,3,2.79,0.962,910,0
SPY190522P286,2019-05-20,2019-05-20 09:45:41,2.8,0.9655,181,2.76,0.9517,46,2.79,0.962,3,2.78,0.9586,910,0
SPY190522P286,2019-05-20,2019-05-20 09:45:42,2.79,0.962,103,2.75,0.9482,6,2.79,0.962,3,2.77,0.9551,910,0
SPY190522P286,2019-05-20,2019-05-20 09:45:44,2.73,0.9413,151,2.68,0.9241,45,2.79,0.962,3,2.705,0.9327,910,0
SPY190522P286,2019-05-20,2019-05-20 09:45:44,2.71,0.9344,50,2.66,0.9172,100,2.79,0.962,3,2.685,0.9258,910,0
SPY190522P286,2019-05-20,2019-05-20 09:45:46,2.71,0.9344,50,2.67,0.9206,116,2.79,0.962,3,2.69,0.9275,910,0
SPY190522P286,2019-05-20,2019-05-20 09:45:47,2.72,0.9379,100,2.68,0.9241,45,2.79,0.962,3,2.7,0.931,910,0
SPY190522P286,2019-05-20,2019-05-20 09:45:48,2.73,0.9413,181,2.69,0.9275,88,2.79,0.962,3,2.71,0.9344,910,0
SPY190522P286,2019-05-20,2019-05-20 09:45:49,2.71,0.9344,180,2.66,0.9172,36,2.79,0.962,3,2.685,0.9258,910,0
SPY190522P286,2019-05-20,2019-05-20 09:45:50,2.7,0.931,180,2.66,0.9172,49,2.79,0.962,3,2.68,0.9241,910,0
SPY190522P286,2019-05-20,2019-05-20 09:45:51,2.69,0.9275,84,2.66,0.9172,50,2.79,0.962,3,2.675,0.9224,910,0
SPY190522P286,2019-05-20,2019-05-20 09:45:52,2.71,0.9344,81,2.67,0.9206,87,2.79,0.962,3,2.69,0.9275,910,0
SPY190522P286,2019-05-20,2019-05-20 09:45:53,2.71,0.9344,33,2.68,0.9241,68,2.7,0.931,1,2.695,0.9293,912,2
SPY190522P286,2019-05-20,2019-05-20 09:45:55,2.73,0.9413,81,2.68,0.9241,68,2.7,0.931,1,2.705,0.9327,913,1
SPY190522P286,2019-05-20,2019-05-20 09:45:56,2.78,0.9586,50,2.74,0.9448,27,2.7,0.931,1,2.76,0.9517,913,0
SPY190522P286,2019-05-20,2019-05-20 09:45:57,2.77,0.9551,50,2.73,0.9413,45,2.7,0.931,1,2.75,0.9482,913,0
SPY190522P286,2019-05-20,2019-05-20 09:45:58,2.76,0.9517,101,2.72,0.9379,69,2.7,0.931,1,2.74,0.9448,913,0
SPY190522P286,2019-05-20,2019-05-20 09:46:00,2.76,0.9517,60,2.73,0.9413,50,2.7,0.931,1,2.745,0.9465,913,0
SPY190522P286,2019-05-20,2019-05-20 09:46:00,2.75,0.9482,50,2.71,0.9344,65,2.7,0.931,1,2.73,0.9413,913,0
SPY190522P286,2019-05-20,2019-05-20 09:46:02,2.8,0.9655,80,2.76,0.9517,30,2.7,0.931,1,2.78,0.9586,913,0
SPY190522P286,2019-05-20,2019-05-20 09:46:03,2.8,0.9655,130,2.76,0.9517,45,2.7,0.931,1,2.78,0.9586,913,0
SPY190522P286,2019-05-20,2019-05-20 09:46:04,2.79,0.962,70,2.74,0.9448,33,2.7,0.931,1,2.765,0.9534,913,0
SPY190522P286,2019-05-20,2019-05-20 09:46:06,2.78,0.9586,50,2.76,0.9517,30,2.7,0.931,1,2.77,0.9551,913,0
SPY190522P286,2019-05-20,2019-05-20 09:46:07,2.78,0.9586,50,2.74,0.9448,88,2.7,0.931,1,2.76,0.9517,913,0
SPY190522P286,2019-05-20,2019-05-20 09:46:08,2.77,0.9551,136,2.72,0.9379,123,2.7,0.931,1,2.745,0.9465,913,0
SPY190522P286,2019-05-20,2019-05-20 09:46:09,2.76,0.9517,106,2.72,0.9379,84,2.7,0.931,1,2.74,0.9448,913,0
SPY190522P286,2019-05-20,2019-05-20 09:46:11,2.74,0.9448,93,2.69,0.9275,89,2.7,0.931,1,2.715,0.9362,913,0
SPY190522P286,2019-05-20,2019-05-20 09:46:12,2.71,0.9344,6,2.66,0.9172,83,2.7,0.931,1,2.685,0.9258,913,0
SPY190522P286,2019-05-20,2019-05-20 09:46:13,2.69,0.9275,80,2.65,0.9137,45,2.7,0.931,1,2.67,0.9206,913,0
SPY190522P286,2019-05-20,2019-05-20 09:46:14,2.69,0.9275,80,2.65,0.9137,45,2.7,0.931,1,2.67,0.9206,913,0
SPY190522P286,2019-05-20,2019-05-20 09:46:16,2.66,0.9172,150,2.61,0.9,105,2.7,0.931,1,2.635,0.9086,913,0
SPY190522P286,2019-05-20,2019-05-20 09:46:17,2.65,0.9137,39,2.62,0.9034,30,2.7,0.931,1,2.635,0.9086,913,0
SPY190522P286,2019-05-20,2019-05-20 09:46:18,2.65,0.9137,50,2.62,0.9034,45,2.7,0.931,1,2.635,0.9086,913,0
SPY190522P286,2019-05-20,2019-05-20 09:46:19,2.66,0.9172,30,2.62,0.9034,30,2.7,0.931,1,2.64,0.9103,913,0
SPY190522P286,2019-05-20,2019-05-20 09:46:20,2.67,0.9206,128,2.62,0.9034,128,2.7,0.931,1,2.645,0.912,913,0
SPY190522P286,2019-05-20,2019-05-20 09:46:22,2.67,0.9206,101,2.63,0.9068,30,2.7,0.931,1,2.65,0.9137,913,0
SPY190522P286,2019-05-20,2019-05-20 09:46:23,2.67,0.9206,128,2.63,0.9068,120,2.7,0.931,1,2.65,0.9137,913,0
SPY190522P286,2019-05-20,2019-05-20 09:46:24,2.67,0.9206,101,2.63,0.9068,34,2.7,0.931,1,2.65,0.9137,913,0
SPY190522P286,2019-05-20,2019-05-20 09:46:25,2.65,0.9137,94,2.63,0.9068,80,2.7,0.931,1,2.64,0.9103,913,0
SPY190522P286,2019-05-20,2019-05-20 09:46:26,2.65,0.9137,80,2.61,0.9,45,2.7,0.931,1,2.63,0.9068,913,0
SPY190522P286,2019-05-20,2019-05-20 09:46:28,2.63,0.9068,12,2.6,0.8965,36,2.7,0.931,1,2.615,0.9017,913,0
SPY190522P286,2019-05-20,2019-05-20 09:46:29,2.64,0.9103,127,2.6,0.8965,45,2.7,0.931,1,2.62,0.9034,913,0
SPY190522P286,2019-05-20,2019-05-20 09:46:30,2.64,0.9103,80,2.6,0.8965,30,2.7,0.931,1,2.62,0.9034,913,0
SPY190522P286,2019-05-20,2019-05-20 09:46:31,2.64,0.9103,51,2.6,0.8965,117,2.7,0.931,1,2.62,0.9034,913,0
SPY190522P286,2019-05-20,2019-05-20 09:46:32,2.64,0.9103,101,2.6,0.8965,70,2.7,0.931,1,2.62,0.9034,913,0
SPY190522P286,2019-05-20,2019-05-20 09:46:33,2.65,0.9137,45,2.61,0.9,36,2.7,0.931,1,2.63,0.9068,913,0
SPY190522P286,2019-05-20,2019-05-20 09:46:35,2.64,0.9103,50,2.59,0.8931,30,2.7,0.931,1,2.615,0.9017,913,0
SPY190522P286,2019-05-20,2019-05-20 09:46:36,2.62,0.9034,73,2.59,0.8931,30,2.7,0.931,1,2.605,0.8982,913,0
SPY190522P286,2019-05-20,2019-05-20 09:46:37,2.61,0.9,80,2.57,0.8862,147,2.7,0.931,1,2.59,0.8931,913,0
SPY190522P286,2019-05-20,2019-05-20 09:46:39,2.61,0.9,90,2.57,0.8862,118,2.7,0.931,1,2.59,0.8931,913,0
SPY190522P286,2019-05-20,2019-05-20 09:46:40,2.6,0.8965,45,2.56,0.8827,45,2.7,0.931,1,2.58,0.8896,913,0
SPY190522P286,2019-05-20,2019-05-20 09:46:41,2.61,0.9,80,2.57,0.8862,80,2.7,0.931,1,2.59,0.8931,913,0
SPY190522P286,2019-05-20,2019-05-20 09:46:43,2.61,0.9,100,2.57,0.8862,45,2.7,0.931,1,2.59,0.8931,913,0
SPY190522P286,2019-05-20,2019-05-20 09:46:44,2.6,0.8965,101,2.56,0.8827,45,2.7,0.931,1,2.58,0.8896,913,0
SPY190522P286,2019-05-20,2019-05-20 09:46:45,2.59,0.8931,62,2.55,0.8793,82,2.7,0.931,1,2.57,0.8862,913,0
SPY190522P286,2019-05-20,2019-05-20 09:46:47,2.6,0.8965,101,2.56,0.8827,30,2.7,0.931,1,2.58,0.8896,913,0
SPY190522P286,2019-05-20,2019-05-20 09:46:48,2.59,0.8931,78,2.56,0.8827,30,2.7,0.931,1,2.575,0.8879,913,0
SPY190522P286,2019-05-20,2019-05-20 09:46:49,2.59,0.8931,37,2.56,0.8827,97,2.7,0.931,1,2.575,0.8879,913,0
SPY190522P286,2019-05-20,2019-05-20 09:46:50,2.58,0.8896,80,2.54,0.8758,30,2.7,0.931,1,2.56,0.8827,913,0
SPY190522P286,2019-05-20,2019-05-20 09:46:51,2.58,0.8896,80,2.55,0.8793,30,2.7,0.931,1,2.565,0.8844,913,0
SPY190522P286,2019-05-20,2019-05-20 09:46:53,2.6,0.8965,35,2.56,0.8827,81,2.7,0.931,1,2.58,0.8896,913,0
SPY190522P286,2019-05-20,2019-05-20 09:46:54,2.6,0.8965,5,2.57,0.8862,96,2.7,0.931,1,2.585,0.8913,913,0
SPY190522P286,2019-05-20,2019-05-20 09:46:55,2.6,0.8965,5,2.57,0.8862,39,2.7,0.931,1,2.585,0.8913,913,0
SPY190522P286,2019-05-20,2019-05-20 09:46:56,2.6,0.8965,45,2.57,0.8862,75,2.7,0.931,1,2.585,0.8913,913,0
SPY190522P286,2019-05-20,2019-05-20 09:46:57,2.6,0.8965,45,2.57,0.8862,75,2.7,0.931,1,2.585,0.8913,913,0
SPY190522P286,2019-05-20,2019-05-20 09:46:59,2.6,0.8965,5,2.57,0.8862,68,2.7,0.931,1,2.585,0.8913,913,0
SPY190522P286,2019-05-20,2019-05-20 09:47:00,2.6,0.8965,5,2.58,0.8896,150,2.7,0.931,1,2.59,0.8931,913,0
SPY190522P286,2019-05-20,2019-05-20 09:47:00,2.6,0.8965,5,2.58,0.8896,45,2.7,0.931,1,2.59,0.8931,913,0
SPY190522P286,2019-05-20,2019-05-20 09:47:02,2.63,0.9068,15,2.61,0.9,58,2.61,0.9,1,2.62,0.9034,922,9
SPY190522P286,2019-05-20,2019-05-20 09:47:03,2.6,0.8965,80,2.56,0.8827,80,2.61,0.9,1,2.58,0.8896,922,0
SPY190522P286,2019-05-20,2019-05-20 09:47:04,2.58,0.8896,95,2.54,0.8758,34,2.61,0.9,1,2.56,0.8827,922,0
SPY190522P286,2019-05-20,2019-05-20 09:47:05,2.58,0.8896,98,2.54,0.8758,105,2.61,0.9,1,2.56,0.8827,922,0
SPY190522P286,2019-05-20,2019-05-20 09:47:06,2.58,0.8896,180,2.54,0.8758,105,2.61,0.9,1,2.56,0.8827,922,0
SPY190522P286,2019-05-20,2019-05-20 09:47:07,2.59,0.8931,23,2.54,0.8758,127,2.61,0.9,1,2.565,0.8844,922,0
SPY190522P286,2019-05-20,2019-05-20 09:47:09,2.59,0.8931,78,2.55,0.8793,154,2.61,0.9,1,2.57,0.8862,922,0
SPY190522P286,2019-05-20,2019-05-20 09:47:10,2.58,0.8896,30,2.54,0.8758,80,2.61,0.9,1,2.56,0.8827,922,0
SPY190522P286,2019-05-20,2019-05-20 09:47:11,2.61,0.9,80,2.57,0.8862,147,2.59,0.8931,1,2.59,0.8931,923,1
SPY190522P286,2019-05-20,2019-05-20 09:47:12,2.63,0.9068,15,2.6,0.8965,147,2.6,0.8965,1,2.615,0.9017,925,2
SPY190522P286,2019-05-20,2019-05-20 09:47:13,2.62,0.9034,80,2.59,0.8931,50,2.6,0.8965,1,2.605,0.8982,925,0
SPY190522P286,2019-05-20,2019-05-20 09:47:14,2.62,0.9034,70,2.58,0.8896,148,2.6,0.8965,1,2.6,0.8965,925,0
SPY190522P286,2019-05-20,2019-05-20 09:47:16,2.61,0.9,80,2.57,0.8862,36,2.6,0.8965,1,2.59,0.8931,925,0
SPY190522P286,2019-05-20,2019-05-20 09:47:17,2.63,0.9068,80,2.6,0.8965,57,2.6,0.8965,1,2.615,0.9017,925,0
SPY190522P286,2019-05-20,2019-05-20 09:47:18,2.62,0.9034,80,2.59,0.8931,30,2.6,0.8965,1,2.605,0.8982,925,0
SPY190522P286,2019-05-20,2019-05-20 09:47:19,2.63,0.9068,80,2.59,0.8931,95,2.6,0.8965,1,2.61,0.9,925,0
SPY190522P286,2019-05-20,2019-05-20 09:47:20,2.63,0.9068,15,2.61,0.9,30,2.6,0.8965,1,2.62,0.9034,925,0
SPY190522P286,2019-05-20,2019-05-20 09:47:21,2.63,0.9068,15,2.61,0.9,48,2.6,0.8965,1,2.62,0.9034,925,0
SPY190522P286,2019-05-20,2019-05-20 09:47:22,2.63,0.9068,73,2.6,0.8965,84,2.6,0.8965,1,2.615,0.9017,925,0
SPY190522P286,2019-05-20,2019-05-20 09:47:23,2.63,0.9068,15,2.59,0.8931,80,2.6,0.8965,1,2.61,0.9,925,0
SPY190522P286,2019-05-20,2019-05-20 09:47:24,2.63,0.9068,15,2.6,0.8965,73,2.6,0.8965,1,2.615,0.9017,925,0
SPY190522P286,2019-05-20,2019-05-20 09:47:25,2.63,0.9068,57,2.6,0.8965,97,2.6,0.8965,1,2.615,0.9017,925,0
SPY190522P286,2019-05-20,2019-05-20 09:47:26,2.63,0.9068,70,2.6,0.8965,31,2.6,0.8965,1,2.615,0.9017,925,0
SPY190522P286,2019-05-20,2019-05-20 09:47:27,2.63,0.9068,15,2.6,0.8965,148,2.6,0.8965,1,2.615,0.9017,925,0
SPY190522P286,2019-05-20,2019-05-20 09:47:28,2.65,0.9137,80,2.61,0.9,45,2.63,0.9068,15,2.63,0.9068,940,15
SPY190522P286,2019-05-20,2019-05-20 09:47:29,2.65,0.9137,80,2.62,0.9034,30,2.63,0.9068,15,2.635,0.9086,940,0
SPY190522P286,2019-05-20,2019-05-20 09:47:30,2.65,0.9137,101,2.62,0.9034,30,2.63,0.9068,15,2.635,0.9086,940,0
SPY190522P286,2019-05-20,2019-05-20 09:47:31,2.65,0.9137,50,2.62,0.9034,63,2.63,0.9068,15,2.635,0.9086,940,0
SPY190522P286,2019-05-20,2019-05-20 09:47:32,2.67,0.9206,23,2.62,0.9034,108,2.63,0.9068,15,2.645,0.912,940,0
SPY190522P286,2019-05-20,2019-05-20 09:47:33,2.67,0.9206,78,2.64,0.9103,30,2.63,0.9068,15,2.655,0.9155,940,0
SPY190522P286,2019-05-20,2019-05-20 09:47:35,2.7,0.931,20,2.65,0.9137,81,2.63,0.9068,15,2.675,0.9224,940,0
SPY190522P286,2019-05-20,2019-05-20 09:47:36,2.68,0.9241,80,2.64,0.9103,68,2.63,0.9068,15,2.66,0.9172,940,0
SPY190522P286,2019-05-20,2019-05-20 09:47:38,2.69,0.9275,80,2.66,0.9172,30,2.63,0.9068,15,2.675,0.9224,940,0
SPY190522P286,2019-05-20,2019-05-20 09:47:39,2.69,0.9275,80,2.66,0.9172,30,2.63,0.9068,15,2.675,0.9224,940,0
SPY190522P286,2019-05-20,2019-05-20 09:47:41,2.69,0.9275,7,2.65,0.9137,68,2.67,0.9206,40,2.67,0.9206,980,40
SPY190522P286,2019-05-20,2019-05-20 09:47:42,2.7,0.931,56,2.66,0.9172,30,2.67,0.9206,40,2.68,0.9241,980,0
SPY190522P286,2019-05-20,2019-05-20 09:47:43,2.7,0.931,64,2.67,0.9206,46,2.67,0.9206,40,2.685,0.9258,980,0
SPY190522P286,2019-05-20,2019-05-20 09:47:45,2.7,0.931,83,2.67,0.9206,91,2.67,0.9206,40,2.685,0.9258,980,0
SPY190522P286,2019-05-20,2019-05-20 09:47:46,2.69,0.9275,80,2.66,0.9172,36,2.67,0.9206,40,2.675,0.9224,980,0
SPY190522P286,2019-05-20,2019-05-20 09:47:47,2.68,0.9241,77,2.64,0.9103,70,2.67,0.9206,40,2.66,0.9172,980,0
SPY190522P286,2019-05-20,2019-05-20 09:47:48,2.68,0.9241,91,2.64,0.9103,67,2.67,0.9206,40,2.66,0.9172,980,0
SPY190522P286,2019-05-20,2019-05-20 09:47:49,2.66,0.9172,80,2.63,0.9068,30,2.67,0.9206,40,2.645,0.912,980,0
SPY190522P286,2019-05-20,2019-05-20 09:47:50,2.67,0.9206,80,2.64,0.9103,48,2.67,0.9206,40,2.655,0.9155,980,0
SPY190522P286,2019-05-20,2019-05-20 09:47:51,2.68,0.9241,30,2.64,0.9103,45,2.67,0.9206,40,2.66,0.9172,980,0
SPY190522P286,2019-05-20,2019-05-20 09:47:52,2.69,0.9275,134,2.66,0.9172,30,2.67,0.9206,40,2.675,0.9224,980,0
SPY190522P286,2019-05-20,2019-05-20 09:47:54,2.69,0.9275,134,2.65,0.9137,110,2.67,0.9206,40,2.67,0.9206,980,0
SPY190522P286,2019-05-20,2019-05-20 09:47:55,2.67,0.9206,50,2.62,0.9034,150,2.67,0.9206,10,2.645,0.912,990,10
SPY190522P286,2019-05-20,2019-05-20 09:47:56,2.69,0.9275,29,2.66,0.9172,70,2.67,0.9206,10,2.675,0.9224,990,0
SPY190522P286,2019-05-20,2019-05-20 09:47:57,2.73,0.9413,30,2.69,0.9275,30,2.67,0.9206,10,2.71,0.9344,990,0
SPY190522P286,2019-05-20,2019-05-20 09:47:58,2.76,0.9517,130,2.71,0.9344,80,2.67,0.9206,10,2.735,0.9431,990,0
SPY190522P286,2019-05-20,2019-05-20 09:47:59,2.75,0.9482,30,2.71,0.9344,80,2.67,0.9206,10,2.73,0.9413,990,0
SPY190522P286,2019-05-20,2019-05-20 09:48:00,2.75,0.9482,30,2.72,0.9379,36,2.67,0.9206,10,2.735,0.9431,990,0
SPY190522P286,2019-05-20,2019-05-20 09:48:01,2.76,0.9517,70,2.72,0.9379,36,2.67,0.9206,10,2.74,0.9448,990,0
SPY190522P286,2019-05-20,2019-05-20 09:48:02,2.76,0.9517,103,2.72,0.9379,131,2.67,0.9206,10,2.74,0.9448,990,0
SPY190522P286,2019-05-20,2019-05-20 09:48:04,2.77,0.9551,80,2.73,0.9413,67,2.67,0.9206,10,2.75,0.9482,990,0
SPY190522P286,2019-05-20,2019-05-20 09:48:05,2.79,0.962,67,2.75,0.9482,45,2.74,0.9448,20,2.77,0.9551,1010,20
SPY190522P286,2019-05-20,2019-05-20 09:48:07,2.8,0.9655,83,2.75,0.9482,150,2.74,0.9448,20,2.775,0.9568,1010,0
SPY190522P286,2019-05-20,2019-05-20 09:48:08,2.83,0.9758,104,2.79,0.962,30,2.74,0.9448,20,2.81,0.9689,1010,0
SPY190522P286,2019-05-20,2019-05-20 09:48:09,2.82,0.9724,50,2.78,0.9586,45,2.74,0.9448,20,2.8,0.9655,1010,0
SPY190522P286,2019-05-20,2019-05-20 09:48:10,2.83,0.9758,71,2.78,0.9586,132,2.74,0.9448,20,2.805,0.9672,1010,0
SPY190522P286,2019-05-20,2019-05-20 09:48:11,2.82,0.9724,80,2.78,0.9586,50,2.74,0.9448,20,2.8,0.9655,1010,0
SPY190522P286,2019-05-20,2019-05-20 09:48:12,2.83,0.9758,50,2.79,0.962,169,2.74,0.9448,20,2.81,0.9689,1010,0
SPY190522P286,2019-05-20,2019-05-20 09:48:13,2.81,0.9689,56,2.77,0.9551,134,2.74,0.9448,20,2.79,0.962,1010,0
SPY190522P286,2019-05-20,2019-05-20 09:48:15,2.83,0.9758,161,2.78,0.9586,110,2.74,0.9448,20,2.805,0.9672,1010,0
SPY190522P286,2019-05-20,2019-05-20 09:48:16,2.82,0.9724,139,2.79,0.962,30,2.74,0.9448,20,2.805,0.9672,1010,0
SPY190522P286,2019-05-20,2019-05-20 09:48:17,2.81,0.9689,17,2.78,0.9586,45,2.74,0.9448,20,2.795,0.9637,1010,0
SPY190522P286,2019-05-20,2019-05-20 09:48:18,2.9,1.0,50,2.83,0.9758,150,2.74,0.9448,20,2.865,0.9879,1010,0
SPY190522P286,2019-05-20,2019-05-20 09:48:19,2.89,0.9965,87,2.85,0.9827,30,2.74,0.9448,20,2.87,0.9896,1010,0
SPY190522P286,2019-05-20,2019-05-20 09:48:20,2.89,0.9965,82,2.85,0.9827,173,2.74,0.9448,20,2.87,0.9896,1010,0
SPY190522P286,2019-05-20,2019-05-20 09:48:22,2.88,0.9931,129,2.84,0.9793,42,2.74,0.9448,20,2.86,0.9862,1010,0
SPY190522P286,2019-05-20,2019-05-20 09:48:23,2.89,0.9965,70,2.85,0.9827,33,2.74,0.9448,20,2.87,0.9896,1010,0
SPY190522P286,2019-05-20,2019-05-20 09:48:24,2.89,0.9965,137,2.85,0.9827,90,2.74,0.9448,20,2.87,0.9896,1010,0
SPY190522P286,2019-05-20,2019-05-20 09:48:25,2.89,0.9965,104,2.86,0.9862,20,2.74,0.9448,20,2.875,0.9913,1010,0
SPY190522P286,2019-05-20,2019-05-20 09:48:27,2.89,0.9965,51,2.85,0.9827,29,2.74,0.9448,20,2.87,0.9896,1010,0
SPY190522P286,2019-05-20,2019-05-20 09:48:28,2.9,1.0,175,2.86,0.9862,20,2.74,0.9448,20,2.88,0.9931,1010,0
SPY190522P286,2019-05-20,2019-05-20 09:48:29,2.89,0.9965,134,2.85,0.9827,32,2.74,0.9448,20,2.87,0.9896,1010,0
SPY190522P286,2019-05-20,2019-05-20 09:48:30,2.9,1.0,98,2.86,0.9862,63,2.74,0.9448,20,2.88,0.9931,1010,0
SPY190522P286,2019-05-20,2019-05-20 09:48:31,2.91,1.0034,39,2.87,0.9896,33,2.74,0.9448,20,2.89,0.9965,1010,0
SPY190522P286,2019-05-20,2019-05-20 09:48:32,2.9,1.0,89,2.86,0.9862,22,2.74,0.9448,20,2.88,0.9931,1010,0
SPY190522P286,2019-05-20,2019-05-20 09:48:33,2.9,1.0,10,2.87,0.9896,26,2.74,0.9448,20,2.885,0.9948,1010,0
SPY190522P286,2019-05-20,2019-05-20 09:48:34,2.91,1.0034,70,2.86,0.9862,148,2.74,0.9448,20,2.885,0.9948,1010,0
SPY190522P286,2019-05-20,2019-05-20 09:48:36,2.91,1.0034,101,2.87,0.9896,32,2.74,0.9448,20,2.89,0.9965,1010,0
SPY190522P286,2019-05-20,2019-05-20 09:48:37,2.91,1.0034,104,2.87,0.9896,49,2.74,0.9448,20,2.89,0.9965,1010,0
SPY190522P286,2019-05-20,2019-05-20 09:48:38,2.91,1.0034,97,2.87,0.9896,48,2.89,0.9965,4,2.89,0.9965,1014,4
SPY190522P286,2019-05-20,2019-05-20 09:48:39,2.9,1.0,95,2.86,0.9862,24,2.89,0.9965,4,2.88,0.9931,1014,0
SPY190522P286,2019-05-20,2019-05-20 09:48:41,2.89,0.9965,50,2.85,0.9827,133,2.89,0.9965,4,2.87,0.9896,1014,0
SPY190522P286,2019-05-20,2019-05-20 09:48:43,2.92,1.0068,70,2.88,0.9931,22,2.89,0.9965,4,2.9,1.0,1014,0
SPY190522P286,2019-05-20,2019-05-20 09:48:44,2.92,1.0068,70,2.89,0.9965,20,2.89,0.9965,4,2.905,1.0017,1014,0
SPY190522P286,2019-05-20,2019-05-20 09:48:45,2.9,1.0,33,2.88,0.9931,20,2.89,0.9965,4,2.89,0.9965,1014,0
SPY190522P286,2019-05-20,2019-05-20 09:48:46,2.88,0.9931,50,2.84,0.9793,33,2.89,0.9965,4,2.86,0.9862,1014,0
SPY190522P286,2019-05-20,2019-05-20 09:48:47,2.9,1.0,50,2.86,0.9862,96,2.89,0.9965,4,2.88,0.9931,1014,0
SPY190522P286,2019-05-20,2019-05-20 09:48:48,2.9,1.0,70,2.87,0.9896,29,2.89,0.9965,4,2.885,0.9948,1014,0
SPY190522P286,2019-05-20,2019-05-20 09:48:50,2.91,1.0034,71,2.88,0.9931,20,2.89,0.9965,4,2.895,0.9982,1014,0
SPY190522P286,2019-05-20,2019-05-20 09:48:51,2.91,1.0034,83,2.87,0.9896,61,2.89,0.9965,4,2.89,0.9965,1014,0
SPY190522P286,2019-05-20,2019-05-20 09:48:52,2.9,1.0,22,2.87,0.9896,20,2.89,0.9965,4,2.885,0.9948,1014,0
SPY190522P286,2019-05-20,2019-05-20 09:48:53,2.89,0.9965,70,2.86,0.9862,22,2.89,0.9965,4,2.875,0.9913,1014,0
SPY190522P286,2019-05-20,2019-05-20 09:48:54,2.89,0.9965,10,2.86,0.9862,20,2.89,0.9965,4,2.875,0.9913,1014,0
SPY190522P286,2019-05-20,2019-05-20 09:48:55,2.89,0.9965,82,2.85,0.9827,61,2.89,0.9965,4,2.87,0.9896,1014,0
SPY190522P286,2019-05-20,2019-05-20 09:48:57,2.86,0.9862,70,2.82,0.9724,82,2.89,0.9965,4,2.84,0.9793,1014,0
SPY190522P286,2019-05-20,2019-05-20 09:48:58,2.86,0.9862,150,2.82,0.9724,110,2.89,0.9965,4,2.84,0.9793,1014,0
SPY190522P286,2019-05-20,2019-05-20 09:48:59,2.84,0.9793,50,2.81,0.9689,20,2.89,0.9965,4,2.825,0.9741,1014,0
SPY190522P286,2019-05-20,2019-05-20 09:49:00,2.82,0.9724,100,2.78,0.9586,57,2.89,0.9965,4,2.8,0.9655,1014,0
SPY190522P286,2019-05-20,2019-05-20 09:49:02,2.85,0.9827,80,2.8,0.9655,136,2.89,0.9965,4,2.825,0.9741,1014,0
SPY190522P286,2019-05-20,2019-05-20 09:49:03,2.85,0.9827,80,2.82,0.9724,55,2.89,0.9965,4,2.835,0.9775,1014,0
SPY190522P286,2019-05-20,2019-05-20 09:49:04,2.86,0.9862,70,2.82,0.9724,60,2.89,0.9965,4,2.84,0.9793,1014,0
SPY190522P286,2019-05-20,2019-05-20 09:49:05,2.87,0.9896,84,2.84,0.9793,20,2.89,0.9965,4,2.855,0.9844,1014,0
SPY190522P286,2019-05-20,2019-05-20 09:49:06,2.93,1.0103,127,2.88,0.9931,30,2.89,0.9965,4,2.905,1.0017,1014,0
SPY190522P286,2019-05-20,2019-05-20 09:49:07,2.91,1.0034,44,2.88,0.9931,43,2.9,1.0,10,2.895,0.9982,1024,10
SPY190522P286,2019-05-20,2019-05-20 09:49:08,2.91,1.0034,33,2.89,0.9965,32,2.9,1.0,10,2.9,1.0,1024,0
SPY190522P286,2019-05-20,2019-05-20 09:49:09,2.91,1.0034,87,2.88,0.9931,20,2.9,1.0,10,2.895,0.9982,1024,0
SPY190522P286,2019-05-20,2019-05-20 09:49:10,2.93,1.0103,70,2.89,0.9965,60,2.9,1.0,10,2.91,1.0034,1024,0
SPY190522P286,2019-05-20,2019-05-20 09:49:11,2.93,1.0103,141,2.89,0.9965,50,2.9,1.0,10,2.91,1.0034,1024,0
SPY190522P286,2019-05-20,2019-05-20 09:49:12,2.92,1.0068,150,2.87,0.9896,12,2.9,1.0,10,2.895,0.9982,1024,0
SPY190522P286,2019-05-20,2019-05-20 09:49:13,2.94,1.0137,77,2.91,1.0034,20,2.9,1.0,10,2.925,1.0086,1024,0
SPY190522P286,2019-05-20,2019-05-20 09:49:14,2.94,1.0137,97,2.89,0.9965,32,2.9,1.0,10,2.915,1.0051,1024,0
SPY190522P286,2019-05-20,2019-05-20 09:49:15,2.94,1.0137,8,2.9,1.0,33,2.9,1.0,10,2.92,1.0068,1024,0
SPY190522P286,2019-05-20,2019-05-20 09:49:16,2.92,1.0068,34,2.89,0.9965,59,2.9,1.0,10,2.905,1.0017,1024,0
SPY190522P286,2019-05-20,2019-05-20 09:49:17,2.94,1.0137,158,2.9,1.0,32,2.9,1.0,10,2.92,1.0068,1024,0
SPY190522P286,2019-05-20,2019-05-20 09:49:18,2.94,1.0137,127,2.9,1.0,69,2.9,1.0,10,2.92,1.0068,1024,0
SPY190522P286,2019-05-20,2019-05-20 09:49:19,2.94,1.0137,90,2.92,1.0068,20,2.9,1.0,10,2.93,1.0103,1024,0
SPY190522P286,2019-05-20,2019-05-20 09:49:20,2.95,1.0172,20,2.92,1.0068,32,2.9,1.0,10,2.935,1.012,1024,0
SPY190522P286,2019-05-20,2019-05-20 09:49:21,2.94,1.0137,70,2.91,1.0034,75,2.9,1.0,10,2.925,1.0086,1024,0
SPY190522P286,2019-05-20,2019-05-20 09:49:22,2.93,1.0103,151,2.89,0.9965,89,2.9,1.0,10,2.91,1.0034,1024,0
SPY190522P286,2019-05-20,2019-05-20 09:49:23,2.91,1.0034,74,2.88,0.9931,37,2.9,1.0,10,2.895,0.9982,1024,0
SPY190522P286,2019-05-20,2019-05-20 09:49:24,2.91,1.0034,79,2.87,0.9896,36,2.9,1.0,10,2.89,0.9965,1024,0
SPY190522P286,2019-05-20,2019-05-20 09:49:25,2.88,0.9931,71,2.83,0.9758,22,2.9,1.0,10,2.855,0.9844,1024,0
SPY190522P286,2019-05-20,2019-05-20 09:49:27,2.88,0.9931,31,2.84,0.9793,33,2.9,1.0,10,2.86,0.9862,1024,0
SPY190522P286,2019-05-20,2019-05-20 09:49:28,2.87,0.9896,60,2.83,0.9758,45,2.85,0.9827,1,2.85,0.9827,1047,23
SPY190522P286,2019-05-20,2019-05-20 09:49:29,2.9,1.0,51,2.86,0.9862,54,2.85,0.9827,1,2.88,0.9931,1047,0
SPY190522P286,2019-05-20,2019-05-20 09:49:30,2.88,0.9931,70,2.84,0.9793,32,2.85,0.9827,1,2.86,0.9862,1047,0
SPY190522P286,2019-05-20,2019-05-20 09:49:31,2.89,0.9965,85,2.85,0.9827,39,2.85,0.9827,1,2.87,0.9896,1047,0
SPY190522P286,2019-05-20,2019-05-20 09:49:32,2.88,0.9931,70,2.85,0.9827,58,2.85,0.9827,1,2.865,0.9879,1047,0
SPY190522P286,2019-05-20,2019-05-20 09:49:33,2.86,0.9862,50,2.79,0.962,51,2.85,0.9827,1,2.825,0.9741,1047,0
SPY190522P286,2019-05-20,2019-05-20 09:49:34,2.85,0.9827,70,2.81,0.9689,36,2.85,0.9827,1,2.83,0.9758,1047,0
SPY190522P286,2019-05-20,2019-05-20 09:49:35,2.85,0.9827,19,2.82,0.9724,37,2.85,0.9827,1,2.835,0.9775,1047,0
SPY190522P286,2019-05-20,2019-05-20 09:49:36,2.88,0.9931,50,2.84,0.9793,159,2.85,0.9827,1,2.86,0.9862,1047,0
SPY190522P286,2019-05-20,2019-05-20 09:49:37,2.87,0.9896,121,2.83,0.9758,8,2.85,0.9827,1,2.85,0.9827,1047,0
SPY190522P286,2019-05-20,2019-05-20 09:49:38,2.86,0.9862,70,2.82,0.9724,77,2.85,0.9827,1,2.84,0.9793,1047,0
SPY190522P286,2019-05-20,2019-05-20 09:49:39,2.86,0.9862,48,2.82,0.9724,93,2.85,0.9827,1,2.84,0.9793,1047,0
SPY190522P286,2019-05-20,2019-05-20 09:49:40,2.89,0.9965,70,2.85,0.9827,32,2.85,0.9827,1,2.87,0.9896,1047,0
SPY190522P286,2019-05-20,2019-05-20 09:49:41,2.87,0.9896,116,2.82,0.9724,64,2.85,0.9827,1,2.845,0.981,1047,0
SPY190522P286,2019-05-20,2019-05-20 09:49:42,2.88,0.9931,50,2.84,0.9793,22,2.85,0.9827,1,2.86,0.9862,1047,0
SPY190522P286,2019-05-20,2019-05-20 09:49:43,2.88,0.9931,100,2.84,0.9793,45,2.85,0.9827,1,2.86,0.9862,1047,0
SPY190522P286,2019-05-20,2019-05-20 09:49:44,2.88,0.9931,100,2.84,0.9793,32,2.85,0.9827,1,2.86,0.9862,1047,0
SPY190522P286,2019-05-20,2019-05-20 09:49:45,2.88,0.9931,118,2.84,0.9793,32,2.85,0.9827,1,2.86,0.9862,1047,0
SPY190522P286,2019-05-20,2019-05-20 09:49:46,2.88,0.9931,120,2.85,0.9827,33,2.85,0.9827,1,2.865,0.9879,1047,0
SPY190522P286,2019-05-20,2019-05-20 09:49:48,2.91,1.0034,34,2.89,0.9965,20,2.89,0.9965,1,2.9,1.0,1048,1
SPY190522P286,2019-05-20,2019-05-20 09:49:49,2.89,0.9965,150,2.83,0.9758,30,2.89,0.9965,1,2.86,0.9862,1048,0
SPY190522P286,2019-05-20,2019-05-20 09:49:50,2.9,1.0,57,2.87,0.9896,20,2.89,0.9965,1,2.885,0.9948,1048,0
SPY190522P286,2019-05-20,2019-05-20 09:49:51,2.91,1.0034,121,2.87,0.9896,48,2.89,0.9965,1,2.89,0.9965,1048,0
SPY190522P286,2019-05-20,2019-05-20 09:49:52,2.91,1.0034,50,2.87,0.9896,7,2.89,0.9965,1,2.89,0.9965,1048,0
SPY190522P286,2019-05-20,2019-05-20 09:49:53,2.95,1.0172,6,2.92,1.0068,33,2.89,0.9965,1,2.935,1.012,1048,0
SPY190522P286,2019-05-20,2019-05-20 09:49:55,2.98,1.0275,93,2.93,1.0103,87,2.89,0.9965,1,2.955,1.0189,1048,0
SPY190522P286,2019-05-20,2019-05-20 09:49:56,2.97,1.0241,55,2.93,1.0103,68,2.89,0.9965,1,2.95,1.0172,1048,0
SPY190522P286,2019-05-20,2019-05-20 09:49:57,2.97,1.0241,21,2.92,1.0068,20,2.89,0.9965,1,2.945,1.0155,1048,0
