symbol,Date,quote_time,ask_price,norm_ask_price,ask_size,bid_price,norm_bid_price,bid_size,last_trade_price,norm_last_trade_price,last_trade_size,mark_price,norm_mark_price,volume,Volume
SPY190724C300,2019-07-23,2019-07-23 09:30:52,0.31,1.0,2,0.3,0.9677,1294,0.3,0.9677,1,0.305,0.9838,536,536
SPY190724C300,2019-07-23,2019-07-23 09:30:53,0.31,1.0,2,0.3,0.9677,2202,0.3,0.9677,1,0.305,0.9838,536,0
SPY190724C300,2019-07-23,2019-07-23 09:30:53,0.31,1.0,2,0.3,0.9677,1679,0.3,0.9677,1,0.305,0.9838,536,0
SPY190724C300,2019-07-23,2019-07-23 09:30:54,0.31,1.0,2,0.3,0.9677,266,0.3,0.9677,1,0.305,0.9838,536,0
SPY190724C300,2019-07-23,2019-07-23 09:30:55,0.31,1.0,189,0.3,0.9677,150,0.3,0.9677,1,0.305,0.9838,536,0
SPY190724C300,2019-07-23,2019-07-23 09:30:55,0.31,1.0,189,0.3,0.9677,265,0.3,0.9677,1,0.305,0.9838,536,0
SPY190724C300,2019-07-23,2019-07-23 09:30:56,0.31,1.0,189,0.3,0.9677,150,0.3,0.9677,1,0.305,0.9838,536,0
SPY190724C300,2019-07-23,2019-07-23 09:30:56,0.31,1.0,345,0.3,0.9677,296,0.31,1.0,1,0.305,0.9838,537,1
SPY190724C300,2019-07-23,2019-07-23 09:30:57,0.31,1.0,139,0.3,0.9677,20,0.31,1.0,3,0.305,0.9838,540,3
SPY190724C300,2019-07-23,2019-07-23 09:30:57,0.31,1.0,258,0.3,0.9677,20,0.31,1.0,3,0.305,0.9838,540,0
SPY190724C300,2019-07-23,2019-07-23 09:30:58,0.31,1.0,791,0.3,0.9677,20,0.31,1.0,3,0.305,0.9838,540,0
SPY190724C300,2019-07-23,2019-07-23 09:30:59,0.31,1.0,330,0.28,0.9032,923,0.3,0.9677,20,0.295,0.9516,603,63
SPY190724C300,2019-07-23,2019-07-23 09:30:59,0.31,1.0,1149,0.3,0.9677,20,0.31,1.0,3,0.305,0.9838,540,0
SPY190724C300,2019-07-23,2019-07-23 09:31:00,0.3,0.9677,5,0.29,0.9354,1312,0.3,0.9677,20,0.295,0.9516,603,0
SPY190724C300,2019-07-23,2019-07-23 09:31:00,0.3,0.9677,5,0.29,0.9354,542,0.3,0.9677,20,0.295,0.9516,603,0
SPY190724C300,2019-07-23,2019-07-23 09:31:01,0.3,0.9677,51,0.29,0.9354,1008,0.3,0.9677,20,0.295,0.9516,603,0
SPY190724C300,2019-07-23,2019-07-23 09:31:01,0.3,0.9677,5,0.29,0.9354,1769,0.3,0.9677,20,0.295,0.9516,603,0
SPY190724C300,2019-07-23,2019-07-23 09:31:02,0.3,0.9677,198,0.29,0.9354,1055,0.3,0.9677,20,0.295,0.9516,603,0
SPY190724C300,2019-07-23,2019-07-23 09:31:03,0.3,0.9677,198,0.29,0.9354,1090,0.3,0.9677,20,0.295,0.9516,603,0
SPY190724C300,2019-07-23,2019-07-23 09:31:03,0.3,0.9677,96,0.29,0.9354,862,0.3,0.9677,20,0.295,0.9516,603,0
SPY190724C300,2019-07-23,2019-07-23 09:31:04,0.3,0.9677,198,0.29,0.9354,1027,0.3,0.9677,20,0.295,0.9516,603,0
SPY190724C300,2019-07-23,2019-07-23 09:31:04,0.3,0.9677,96,0.29,0.9354,420,0.3,0.9677,20,0.295,0.9516,603,0
SPY190724C300,2019-07-23,2019-07-23 09:31:05,0.3,0.9677,198,0.29,0.9354,95,0.3,0.9677,20,0.295,0.9516,603,0
SPY190724C300,2019-07-23,2019-07-23 09:31:05,0.3,0.9677,298,0.29,0.9354,110,0.3,0.9677,20,0.295,0.9516,603,0
SPY190724C300,2019-07-23,2019-07-23 09:31:06,0.3,0.9677,268,0.29,0.9354,10,0.29,0.9354,8,0.295,0.9516,611,0
SPY190724C300,2019-07-23,2019-07-23 09:31:06,0.3,0.9677,268,0.29,0.9354,145,0.29,0.9354,8,0.295,0.9516,611,8
SPY190724C300,2019-07-23,2019-07-23 09:31:07,0.3,0.9677,432,0.29,0.9354,75,0.29,0.9354,8,0.295,0.9516,611,0
SPY190724C300,2019-07-23,2019-07-23 09:31:08,0.3,0.9677,309,0.29,0.9354,714,0.3,0.9677,25,0.295,0.9516,671,60
SPY190724C300,2019-07-23,2019-07-23 09:31:08,0.3,0.9677,432,0.29,0.9354,145,0.29,0.9354,8,0.295,0.9516,611,0
SPY190724C300,2019-07-23,2019-07-23 09:31:09,0.3,0.9677,198,0.29,0.9354,1103,0.29,0.9354,1,0.295,0.9516,676,5
SPY190724C300,2019-07-23,2019-07-23 09:31:09,0.3,0.9677,198,0.29,0.9354,1103,0.29,0.9354,1,0.295,0.9516,676,0
SPY190724C300,2019-07-23,2019-07-23 09:31:10,0.3,0.9677,12,0.29,0.9354,1199,0.29,0.9354,1,0.295,0.9516,676,0
SPY190724C300,2019-07-23,2019-07-23 09:31:10,0.3,0.9677,199,0.29,0.9354,1150,0.29,0.9354,1,0.295,0.9516,676,0
SPY190724C300,2019-07-23,2019-07-23 09:31:11,0.3,0.9677,12,0.29,0.9354,880,0.29,0.9354,1,0.295,0.9516,676,0
SPY190724C300,2019-07-23,2019-07-23 09:31:12,0.3,0.9677,12,0.29,0.9354,1492,0.29,0.9354,1,0.295,0.9516,676,0
SPY190724C300,2019-07-23,2019-07-23 09:31:12,0.3,0.9677,12,0.29,0.9354,2232,0.29,0.9354,1,0.295,0.9516,676,0
SPY190724C300,2019-07-23,2019-07-23 09:31:13,0.3,0.9677,7,0.29,0.9354,2323,0.29,0.9354,1,0.295,0.9516,676,0
SPY190724C300,2019-07-23,2019-07-23 09:31:13,0.3,0.9677,7,0.29,0.9354,1492,0.29,0.9354,1,0.295,0.9516,676,0
SPY190724C300,2019-07-23,2019-07-23 09:31:14,0.3,0.9677,7,0.29,0.9354,2323,0.29,0.9354,1,0.295,0.9516,676,0
SPY190724C300,2019-07-23,2019-07-23 09:31:14,0.3,0.9677,7,0.29,0.9354,2305,0.29,0.9354,1,0.295,0.9516,676,0
SPY190724C300,2019-07-23,2019-07-23 09:31:15,0.3,0.9677,7,0.29,0.9354,2305,0.29,0.9354,1,0.295,0.9516,676,0
SPY190724C300,2019-07-23,2019-07-23 09:31:16,0.3,0.9677,7,0.29,0.9354,3081,0.29,0.9354,1,0.295,0.9516,676,0
SPY190724C300,2019-07-23,2019-07-23 09:31:17,0.3,0.9677,7,0.29,0.9354,2205,0.29,0.9354,1,0.295,0.9516,676,0
SPY190724C300,2019-07-23,2019-07-23 09:31:18,0.3,0.9677,9,0.29,0.9354,2205,0.29,0.9354,1,0.295,0.9516,676,0
SPY190724C300,2019-07-23,2019-07-23 09:31:19,0.3,0.9677,9,0.29,0.9354,336,0.29,0.9354,1,0.295,0.9516,676,0
SPY190724C300,2019-07-23,2019-07-23 09:31:19,0.3,0.9677,14,0.29,0.9354,10,0.29,0.9354,10,0.295,0.9516,686,10
SPY190724C300,2019-07-23,2019-07-23 09:31:20,0.3,0.9677,100,0.28,0.9032,1167,0.29,0.9354,1,0.29,0.9354,687,0
SPY190724C300,2019-07-23,2019-07-23 09:31:20,0.3,0.9677,100,0.28,0.9032,934,0.29,0.9354,1,0.29,0.9354,687,1
SPY190724C300,2019-07-23,2019-07-23 09:31:21,0.29,0.9354,188,0.28,0.9032,1167,0.29,0.9354,1,0.285,0.9193,687,0
SPY190724C300,2019-07-23,2019-07-23 09:31:21,0.29,0.9354,190,0.28,0.9032,1465,0.29,0.9354,1,0.285,0.9193,687,0
SPY190724C300,2019-07-23,2019-07-23 09:31:22,0.29,0.9354,2,0.28,0.9032,2181,0.29,0.9354,1,0.285,0.9193,687,0
SPY190724C300,2019-07-23,2019-07-23 09:31:23,0.29,0.9354,2,0.28,0.9032,2191,0.29,0.9354,1,0.285,0.9193,687,0
SPY190724C300,2019-07-23,2019-07-23 09:31:23,0.29,0.9354,2,0.28,0.9032,2075,0.29,0.9354,1,0.285,0.9193,687,0
SPY190724C300,2019-07-23,2019-07-23 09:31:24,0.29,0.9354,2,0.28,0.9032,1267,0.29,0.9354,1,0.285,0.9193,687,0
SPY190724C300,2019-07-23,2019-07-23 09:31:24,0.29,0.9354,2,0.28,0.9032,2075,0.29,0.9354,1,0.285,0.9193,687,0
SPY190724C300,2019-07-23,2019-07-23 09:31:25,0.29,0.9354,2,0.28,0.9032,2055,0.29,0.9354,1,0.285,0.9193,687,0
SPY190724C300,2019-07-23,2019-07-23 09:31:25,0.29,0.9354,2,0.28,0.9032,2055,0.28,0.9032,9,0.285,0.9193,696,9
SPY190724C300,2019-07-23,2019-07-23 09:31:26,0.29,0.9354,100,0.28,0.9032,1014,0.28,0.9032,9,0.285,0.9193,696,0
SPY190724C300,2019-07-23,2019-07-23 09:31:27,0.29,0.9354,100,0.28,0.9032,1869,0.28,0.9032,9,0.285,0.9193,696,0
SPY190724C300,2019-07-23,2019-07-23 09:31:27,0.29,0.9354,100,0.28,0.9032,1889,0.28,0.9032,9,0.285,0.9193,696,0
SPY190724C300,2019-07-23,2019-07-23 09:31:28,0.29,0.9354,11,0.28,0.9032,3419,0.28,0.9032,9,0.285,0.9193,696,0
SPY190724C300,2019-07-23,2019-07-23 09:31:28,0.29,0.9354,11,0.28,0.9032,1837,0.28,0.9032,9,0.285,0.9193,696,0
SPY190724C300,2019-07-23,2019-07-23 09:31:29,0.29,0.9354,11,0.28,0.9032,2351,0.28,0.9032,9,0.285,0.9193,696,0
SPY190724C300,2019-07-23,2019-07-23 09:31:29,0.29,0.9354,11,0.28,0.9032,614,0.28,0.9032,9,0.285,0.9193,696,0
SPY190724C300,2019-07-23,2019-07-23 09:31:30,0.29,0.9354,85,0.28,0.9032,2037,0.28,0.9032,9,0.285,0.9193,696,0
SPY190724C300,2019-07-23,2019-07-23 09:31:31,0.29,0.9354,12,0.28,0.9032,2312,0.29,0.9354,12,0.285,0.9193,708,12
SPY190724C300,2019-07-23,2019-07-23 09:31:31,0.29,0.9354,12,0.28,0.9032,2945,0.28,0.9032,9,0.285,0.9193,696,0
SPY190724C300,2019-07-23,2019-07-23 09:31:32,0.29,0.9354,3,0.28,0.9032,1107,0.28,0.9032,1,0.285,0.9193,711,1
SPY190724C300,2019-07-23,2019-07-23 09:31:32,0.29,0.9354,3,0.28,0.9032,3256,0.28,0.9032,2,0.285,0.9193,710,2
SPY190724C300,2019-07-23,2019-07-23 09:31:33,0.29,0.9354,8,0.28,0.9032,2000,0.28,0.9032,1,0.285,0.9193,712,1
SPY190724C300,2019-07-23,2019-07-23 09:31:33,0.29,0.9354,3,0.28,0.9032,2000,0.28,0.9032,1,0.285,0.9193,711,0
SPY190724C300,2019-07-23,2019-07-23 09:31:34,0.29,0.9354,3,0.28,0.9032,1727,0.28,0.9032,1,0.285,0.9193,712,0
SPY190724C300,2019-07-23,2019-07-23 09:31:34,0.29,0.9354,3,0.28,0.9032,2000,0.28,0.9032,1,0.285,0.9193,712,0
SPY190724C300,2019-07-23,2019-07-23 09:31:35,0.29,0.9354,3,0.28,0.9032,1957,0.28,0.9032,1,0.285,0.9193,712,0
SPY190724C300,2019-07-23,2019-07-23 09:31:35,0.29,0.9354,8,0.28,0.9032,1727,0.28,0.9032,1,0.285,0.9193,712,0
SPY190724C300,2019-07-23,2019-07-23 09:31:36,0.29,0.9354,3,0.28,0.9032,2478,0.28,0.9032,1,0.285,0.9193,712,0
SPY190724C300,2019-07-23,2019-07-23 09:31:37,0.29,0.9354,3,0.28,0.9032,3286,0.28,0.9032,1,0.285,0.9193,712,0
SPY190724C300,2019-07-23,2019-07-23 09:31:37,0.29,0.9354,3,0.28,0.9032,3078,0.28,0.9032,1,0.285,0.9193,712,0
SPY190724C300,2019-07-23,2019-07-23 09:31:38,0.29,0.9354,3,0.28,0.9032,1810,0.28,0.9032,5,0.285,0.9193,717,5
SPY190724C300,2019-07-23,2019-07-23 09:31:38,0.29,0.9354,3,0.28,0.9032,983,0.28,0.9032,1,0.285,0.9193,712,0
SPY190724C300,2019-07-23,2019-07-23 09:31:39,0.29,0.9354,3,0.28,0.9032,2063,0.28,0.9032,35,0.285,0.9193,772,55
SPY190724C300,2019-07-23,2019-07-23 09:31:39,0.29,0.9354,3,0.28,0.9032,3145,0.29,0.9354,5,0.285,0.9193,777,5
SPY190724C300,2019-07-23,2019-07-23 09:31:40,0.29,0.9354,5,0.28,0.9032,2027,0.3,0.9677,1,0.285,0.9193,787,0
SPY190724C300,2019-07-23,2019-07-23 09:31:40,0.3,0.9677,46,0.28,0.9032,879,0.3,0.9677,1,0.29,0.9354,787,10
SPY190724C300,2019-07-23,2019-07-23 09:31:41,0.29,0.9354,5,0.28,0.9032,2027,0.3,0.9677,1,0.285,0.9193,787,0
SPY190724C300,2019-07-23,2019-07-23 09:31:42,0.3,0.9677,281,0.28,0.9032,2892,0.3,0.9677,1,0.29,0.9354,788,1
SPY190724C300,2019-07-23,2019-07-23 09:31:42,0.3,0.9677,451,0.28,0.9032,2892,0.3,0.9677,1,0.29,0.9354,787,0
SPY190724C300,2019-07-23,2019-07-23 09:31:43,0.29,0.9354,64,0.28,0.9032,1855,0.29,0.9354,5,0.285,0.9193,793,5
SPY190724C300,2019-07-23,2019-07-23 09:31:43,0.3,0.9677,263,0.28,0.9032,1404,0.3,0.9677,1,0.29,0.9354,788,0
SPY190724C300,2019-07-23,2019-07-23 09:31:44,0.29,0.9354,64,0.28,0.9032,2766,0.29,0.9354,5,0.285,0.9193,793,0
SPY190724C300,2019-07-23,2019-07-23 09:31:44,0.29,0.9354,13,0.28,0.9032,2012,0.29,0.9354,2,0.285,0.9193,795,2
SPY190724C300,2019-07-23,2019-07-23 09:31:45,0.29,0.9354,13,0.28,0.9032,2948,0.29,0.9354,2,0.285,0.9193,795,0
SPY190724C300,2019-07-23,2019-07-23 09:31:46,0.29,0.9354,13,0.28,0.9032,2948,0.29,0.9354,2,0.285,0.9193,795,0
SPY190724C300,2019-07-23,2019-07-23 09:31:46,0.29,0.9354,113,0.28,0.9032,2981,0.29,0.9354,2,0.285,0.9193,795,0
SPY190724C300,2019-07-23,2019-07-23 09:31:47,0.29,0.9354,113,0.28,0.9032,2981,0.29,0.9354,2,0.285,0.9193,795,0
SPY190724C300,2019-07-23,2019-07-23 09:31:48,0.29,0.9354,113,0.28,0.9032,2421,0.29,0.9354,2,0.285,0.9193,795,0
SPY190724C300,2019-07-23,2019-07-23 09:31:48,0.29,0.9354,113,0.28,0.9032,298,0.29,0.9354,2,0.285,0.9193,795,0
SPY190724C300,2019-07-23,2019-07-23 09:31:49,0.29,0.9354,113,0.28,0.9032,645,0.29,0.9354,2,0.285,0.9193,795,0
SPY190724C300,2019-07-23,2019-07-23 09:31:49,0.29,0.9354,299,0.28,0.9032,198,0.29,0.9354,2,0.285,0.9193,795,0
SPY190724C300,2019-07-23,2019-07-23 09:31:50,0.29,0.9354,472,0.28,0.9032,198,0.29,0.9354,2,0.285,0.9193,795,0
SPY190724C300,2019-07-23,2019-07-23 09:31:50,0.29,0.9354,642,0.28,0.9032,198,0.28,0.9032,81,0.285,0.9193,1070,275
SPY190724C300,2019-07-23,2019-07-23 09:31:51,0.29,0.9354,302,0.28,0.9032,198,0.28,0.9032,81,0.285,0.9193,1070,0
SPY190724C300,2019-07-23,2019-07-23 09:31:51,0.29,0.9354,642,0.28,0.9032,208,0.28,0.9032,81,0.285,0.9193,1070,0
SPY190724C300,2019-07-23,2019-07-23 09:31:52,0.29,0.9354,199,0.28,0.9032,168,0.28,0.9032,1,0.285,0.9193,1071,1
SPY190724C300,2019-07-23,2019-07-23 09:31:53,0.29,0.9354,113,0.28,0.9032,941,0.28,0.9032,1,0.285,0.9193,1071,0
SPY190724C300,2019-07-23,2019-07-23 09:31:53,0.29,0.9354,113,0.28,0.9032,422,0.28,0.9032,1,0.285,0.9193,1071,0
SPY190724C300,2019-07-23,2019-07-23 09:31:54,0.29,0.9354,298,0.28,0.9032,100,0.28,0.9032,1,0.285,0.9193,1072,0
SPY190724C300,2019-07-23,2019-07-23 09:31:54,0.29,0.9354,113,0.28,0.9032,499,0.28,0.9032,1,0.285,0.9193,1072,1
SPY190724C300,2019-07-23,2019-07-23 09:31:55,0.29,0.9354,268,0.28,0.9032,1,0.28,0.9032,2,0.285,0.9193,1074,2
SPY190724C300,2019-07-23,2019-07-23 09:31:55,0.29,0.9354,268,0.28,0.9032,120,0.28,0.9032,1,0.285,0.9193,1072,0
SPY190724C300,2019-07-23,2019-07-23 09:31:56,0.29,0.9354,334,0.27,0.8709,2128,0.28,0.9032,2,0.28,0.9032,1074,0
SPY190724C300,2019-07-23,2019-07-23 09:31:56,0.29,0.9354,268,0.28,0.9032,1,0.28,0.9032,2,0.285,0.9193,1074,0
SPY190724C300,2019-07-23,2019-07-23 09:31:57,0.29,0.9354,334,0.27,0.8709,1261,0.28,0.9032,2,0.28,0.9032,1074,0
SPY190724C300,2019-07-23,2019-07-23 09:31:58,0.28,0.9032,4,0.27,0.8709,356,0.28,0.9032,1,0.275,0.887,1075,0
SPY190724C300,2019-07-23,2019-07-23 09:31:58,0.28,0.9032,4,0.27,0.8709,1565,0.28,0.9032,1,0.275,0.887,1075,1
SPY190724C300,2019-07-23,2019-07-23 09:31:59,0.28,0.9032,5,0.27,0.8709,356,0.28,0.9032,1,0.275,0.887,1075,0
SPY190724C300,2019-07-23,2019-07-23 09:31:59,0.28,0.9032,110,0.27,0.8709,343,0.28,0.9032,1,0.275,0.887,1075,0
SPY190724C300,2019-07-23,2019-07-23 09:32:00,0.28,0.9032,11,0.27,0.8709,1483,0.28,0.9032,1,0.275,0.887,1075,0
SPY190724C300,2019-07-23,2019-07-23 09:32:00,0.28,0.9032,11,0.27,0.8709,1085,0.28,0.9032,1,0.275,0.887,1075,0
SPY190724C300,2019-07-23,2019-07-23 09:32:01,0.28,0.9032,11,0.27,0.8709,688,0.28,0.9032,1,0.275,0.887,1075,0
SPY190724C300,2019-07-23,2019-07-23 09:32:01,0.28,0.9032,11,0.27,0.8709,336,0.28,0.9032,1,0.275,0.887,1075,0
SPY190724C300,2019-07-23,2019-07-23 09:32:02,0.28,0.9032,11,0.27,0.8709,688,0.28,0.9032,1,0.275,0.887,1075,0
SPY190724C300,2019-07-23,2019-07-23 09:32:03,0.28,0.9032,213,0.27,0.8709,688,0.28,0.9032,1,0.275,0.887,1075,0
SPY190724C300,2019-07-23,2019-07-23 09:32:03,0.28,0.9032,128,0.27,0.8709,765,0.28,0.9032,1,0.275,0.887,1075,0
SPY190724C300,2019-07-23,2019-07-23 09:32:04,0.28,0.9032,207,0.27,0.8709,765,0.28,0.9032,1,0.275,0.887,1075,0
SPY190724C300,2019-07-23,2019-07-23 09:32:04,0.28,0.9032,237,0.27,0.8709,765,0.28,0.9032,1,0.275,0.887,1075,0
SPY190724C300,2019-07-23,2019-07-23 09:32:05,0.28,0.9032,262,0.27,0.8709,765,0.28,0.9032,1,0.275,0.887,1075,0
SPY190724C300,2019-07-23,2019-07-23 09:32:05,0.28,0.9032,237,0.27,0.8709,765,0.28,0.9032,1,0.275,0.887,1075,0
SPY190724C300,2019-07-23,2019-07-23 09:32:06,0.28,0.9032,262,0.27,0.8709,688,0.28,0.9032,1,0.275,0.887,1075,0
SPY190724C300,2019-07-23,2019-07-23 09:32:06,0.28,0.9032,241,0.27,0.8709,688,0.28,0.9032,1,0.275,0.887,1075,0
SPY190724C300,2019-07-23,2019-07-23 09:32:07,0.28,0.9032,241,0.27,0.8709,748,0.28,0.9032,1,0.275,0.887,1075,0
SPY190724C300,2019-07-23,2019-07-23 09:32:08,0.28,0.9032,215,0.27,0.8709,255,0.28,0.9032,1,0.275,0.887,1075,0
SPY190724C300,2019-07-23,2019-07-23 09:32:08,0.28,0.9032,6,0.27,0.8709,1053,0.28,0.9032,1,0.275,0.887,1075,0
SPY190724C300,2019-07-23,2019-07-23 09:32:09,0.28,0.9032,211,0.27,0.8709,245,0.28,0.9032,1,0.275,0.887,1075,0
SPY190724C300,2019-07-23,2019-07-23 09:32:09,0.28,0.9032,293,0.27,0.8709,273,0.28,0.9032,1,0.275,0.887,1075,0
SPY190724C300,2019-07-23,2019-07-23 09:32:10,0.28,0.9032,293,0.27,0.8709,240,0.27,0.8709,200,0.275,0.887,1275,0
SPY190724C300,2019-07-23,2019-07-23 09:32:10,0.28,0.9032,293,0.27,0.8709,253,0.27,0.8709,200,0.275,0.887,1275,200
SPY190724C300,2019-07-23,2019-07-23 09:32:11,0.28,0.9032,293,0.27,0.8709,237,0.27,0.8709,1,0.275,0.887,1276,1
SPY190724C300,2019-07-23,2019-07-23 09:32:11,0.28,0.9032,428,0.27,0.8709,237,0.27,0.8709,200,0.275,0.887,1275,0
SPY190724C300,2019-07-23,2019-07-23 09:32:12,0.28,0.9032,583,0.27,0.8709,257,0.28,0.9032,10,0.275,0.887,1286,10
SPY190724C300,2019-07-23,2019-07-23 09:32:13,0.28,0.9032,369,0.27,0.8709,259,0.28,0.9032,10,0.275,0.887,1286,0
SPY190724C300,2019-07-23,2019-07-23 09:32:13,0.28,0.9032,364,0.27,0.8709,209,0.28,0.9032,10,0.275,0.887,1286,0
SPY190724C300,2019-07-23,2019-07-23 09:32:14,0.28,0.9032,901,0.27,0.8709,68,0.28,0.9032,10,0.275,0.887,1296,10
SPY190724C300,2019-07-23,2019-07-23 09:32:14,0.28,0.9032,1206,0.27,0.8709,68,0.28,0.9032,10,0.275,0.887,1296,0
SPY190724C300,2019-07-23,2019-07-23 09:32:15,0.28,0.9032,1356,0.27,0.8709,68,0.28,0.9032,1,0.275,0.887,1297,0
SPY190724C300,2019-07-23,2019-07-23 09:32:15,0.28,0.9032,1356,0.27,0.8709,68,0.28,0.9032,1,0.275,0.887,1297,1
SPY190724C300,2019-07-23,2019-07-23 09:32:16,0.27,0.8709,1,0.26,0.8387,1001,0.27,0.8709,1,0.265,0.8548,1301,4
SPY190724C300,2019-07-23,2019-07-23 09:32:17,0.28,0.9032,407,0.27,0.8709,32,0.27,0.8709,1,0.275,0.887,1302,1
SPY190724C300,2019-07-23,2019-07-23 09:32:17,0.27,0.8709,1,0.26,0.8387,1001,0.27,0.8709,1,0.265,0.8548,1301,0
SPY190724C300,2019-07-23,2019-07-23 09:32:18,0.28,0.9032,407,0.26,0.8387,570,0.27,0.8709,1,0.27,0.8709,1302,0
SPY190724C300,2019-07-23,2019-07-23 09:32:18,0.28,0.9032,407,0.26,0.8387,732,0.27,0.8709,1,0.27,0.8709,1302,0
SPY190724C300,2019-07-23,2019-07-23 09:32:19,0.27,0.8709,5,0.26,0.8387,1419,0.27,0.8709,1,0.265,0.8548,1302,0
SPY190724C300,2019-07-23,2019-07-23 09:32:19,0.27,0.8709,69,0.26,0.8387,2000,0.27,0.8709,1,0.265,0.8548,1302,0
SPY190724C300,2019-07-23,2019-07-23 09:32:20,0.27,0.8709,69,0.26,0.8387,611,0.27,0.8709,1,0.265,0.8548,1302,0
SPY190724C300,2019-07-23,2019-07-23 09:32:20,0.27,0.8709,13,0.26,0.8387,1736,0.27,0.8709,1,0.265,0.8548,1302,0
SPY190724C300,2019-07-23,2019-07-23 09:32:21,0.27,0.8709,63,0.26,0.8387,2368,0.27,0.8709,1,0.265,0.8548,1302,0
SPY190724C300,2019-07-23,2019-07-23 09:32:22,0.27,0.8709,13,0.26,0.8387,2368,0.27,0.8709,1,0.265,0.8548,1302,0
SPY190724C300,2019-07-23,2019-07-23 09:32:22,0.27,0.8709,56,0.26,0.8387,2368,0.27,0.8709,1,0.265,0.8548,1302,0
SPY190724C300,2019-07-23,2019-07-23 09:32:23,0.27,0.8709,56,0.26,0.8387,3344,0.27,0.8709,1,0.265,0.8548,1302,0
SPY190724C300,2019-07-23,2019-07-23 09:32:23,0.27,0.8709,56,0.26,0.8387,2465,0.27,0.8709,1,0.265,0.8548,1302,0
SPY190724C300,2019-07-23,2019-07-23 09:32:24,0.27,0.8709,58,0.26,0.8387,3283,0.27,0.8709,1,0.265,0.8548,1302,0
SPY190724C300,2019-07-23,2019-07-23 09:32:24,0.27,0.8709,13,0.26,0.8387,3344,0.27,0.8709,1,0.265,0.8548,1302,0
SPY190724C300,2019-07-23,2019-07-23 09:32:25,0.27,0.8709,13,0.26,0.8387,3328,0.27,0.8709,1,0.265,0.8548,1302,0
SPY190724C300,2019-07-23,2019-07-23 09:32:25,0.27,0.8709,58,0.26,0.8387,2449,0.27,0.8709,1,0.265,0.8548,1302,0
SPY190724C300,2019-07-23,2019-07-23 09:32:26,0.27,0.8709,13,0.26,0.8387,3328,0.27,0.8709,1,0.265,0.8548,1302,0
SPY190724C300,2019-07-23,2019-07-23 09:32:27,0.27,0.8709,13,0.26,0.8387,3328,0.27,0.8709,1,0.265,0.8548,1302,0
SPY190724C300,2019-07-23,2019-07-23 09:32:27,0.28,0.9032,212,0.27,0.8709,384,0.27,0.8709,10,0.275,0.887,1334,32
SPY190724C300,2019-07-23,2019-07-23 09:32:28,0.28,0.9032,212,0.27,0.8709,488,0.27,0.8709,10,0.275,0.887,1334,0
SPY190724C300,2019-07-23,2019-07-23 09:32:28,0.28,0.9032,212,0.27,0.8709,762,0.27,0.8709,1,0.275,0.887,1375,41
SPY190724C300,2019-07-23,2019-07-23 09:32:29,0.28,0.9032,212,0.27,0.8709,1734,0.27,0.8709,5,0.275,0.887,1380,5
SPY190724C300,2019-07-23,2019-07-23 09:32:29,0.28,0.9032,212,0.27,0.8709,1734,0.27,0.8709,5,0.275,0.887,1380,0
SPY190724C300,2019-07-23,2019-07-23 09:32:30,0.28,0.9032,212,0.27,0.8709,877,0.27,0.8709,5,0.275,0.887,1380,0
SPY190724C300,2019-07-23,2019-07-23 09:32:30,0.28,0.9032,212,0.27,0.8709,1734,0.27,0.8709,5,0.275,0.887,1380,0
SPY190724C300,2019-07-23,2019-07-23 09:32:31,0.28,0.9032,212,0.27,0.8709,1984,0.27,0.8709,5,0.275,0.887,1380,0
SPY190724C300,2019-07-23,2019-07-23 09:32:31,0.28,0.9032,212,0.27,0.8709,2003,0.27,0.8709,10,0.275,0.887,1390,10
SPY190724C300,2019-07-23,2019-07-23 09:32:32,0.28,0.9032,6,0.27,0.8709,1938,0.27,0.8709,10,0.275,0.887,1390,0
SPY190724C300,2019-07-23,2019-07-23 09:32:33,0.28,0.9032,111,0.27,0.8709,383,0.27,0.8709,10,0.275,0.887,1390,0
SPY190724C300,2019-07-23,2019-07-23 09:32:33,0.28,0.9032,199,0.27,0.8709,1642,0.27,0.8709,10,0.275,0.887,1390,0
SPY190724C300,2019-07-23,2019-07-23 09:32:34,0.28,0.9032,199,0.27,0.8709,3131,0.27,0.8709,10,0.275,0.887,1390,0
SPY190724C300,2019-07-23,2019-07-23 09:32:34,0.28,0.9032,199,0.27,0.8709,1957,0.27,0.8709,10,0.275,0.887,1390,0
SPY190724C300,2019-07-23,2019-07-23 09:32:35,0.28,0.9032,1,0.27,0.8709,3251,0.27,0.8709,10,0.275,0.887,1390,0
SPY190724C300,2019-07-23,2019-07-23 09:32:35,0.28,0.9032,1,0.27,0.8709,3249,0.27,0.8709,10,0.275,0.887,1390,0
SPY190724C300,2019-07-23,2019-07-23 09:32:36,0.28,0.9032,1,0.27,0.8709,2380,0.27,0.8709,10,0.275,0.887,1390,0
SPY190724C300,2019-07-23,2019-07-23 09:32:36,0.28,0.9032,1,0.28,0.9032,6,0.28,0.9032,1,0.28,0.9032,1394,4
SPY190724C300,2019-07-23,2019-07-23 09:32:37,0.29,0.9354,461,0.28,0.9032,160,0.28,0.9032,1,0.285,0.9193,1394,0
SPY190724C300,2019-07-23,2019-07-23 09:32:38,0.29,0.9354,479,0.28,0.9032,160,0.28,0.9032,1,0.285,0.9193,1395,0
SPY190724C300,2019-07-23,2019-07-23 09:32:38,0.29,0.9354,479,0.28,0.9032,160,0.28,0.9032,1,0.285,0.9193,1395,1
SPY190724C300,2019-07-23,2019-07-23 09:32:39,0.28,0.9032,5,0.27,0.8709,633,0.28,0.9032,1,0.275,0.887,1395,0
SPY190724C300,2019-07-23,2019-07-23 09:32:39,0.29,0.9354,511,0.28,0.9032,160,0.28,0.9032,1,0.285,0.9193,1395,0
SPY190724C300,2019-07-23,2019-07-23 09:32:40,0.28,0.9032,262,0.27,0.8709,637,0.27,0.8709,1,0.275,0.887,1402,0
SPY190724C300,2019-07-23,2019-07-23 09:32:40,0.28,0.9032,61,0.27,0.8709,637,0.27,0.8709,1,0.275,0.887,1402,7
SPY190724C300,2019-07-23,2019-07-23 09:32:41,0.28,0.9032,177,0.27,0.8709,1703,0.27,0.8709,1,0.275,0.887,1402,0
SPY190724C300,2019-07-23,2019-07-23 09:32:41,0.28,0.9032,177,0.27,0.8709,1783,0.27,0.8709,1,0.275,0.887,1402,0
SPY190724C300,2019-07-23,2019-07-23 09:32:42,0.28,0.9032,276,0.27,0.8709,1649,0.27,0.8709,1,0.275,0.887,1402,0
SPY190724C300,2019-07-23,2019-07-23 09:32:43,0.28,0.9032,71,0.27,0.8709,1127,0.28,0.9032,1,0.275,0.887,1403,1
SPY190724C300,2019-07-23,2019-07-23 09:32:43,0.28,0.9032,177,0.27,0.8709,584,0.27,0.8709,1,0.275,0.887,1402,0
SPY190724C300,2019-07-23,2019-07-23 09:32:44,0.28,0.9032,113,0.27,0.8709,1127,0.28,0.9032,1,0.275,0.887,1403,0
SPY190724C300,2019-07-23,2019-07-23 09:32:45,0.28,0.9032,155,0.27,0.8709,1127,0.28,0.9032,1,0.275,0.887,1403,0
SPY190724C300,2019-07-23,2019-07-23 09:32:45,0.29,0.9354,731,0.28,0.9032,5,0.28,0.9032,1,0.285,0.9193,1403,0
SPY190724C300,2019-07-23,2019-07-23 09:32:46,0.28,0.9032,263,0.27,0.8709,307,0.28,0.9032,1,0.275,0.887,1403,0
SPY190724C300,2019-07-23,2019-07-23 09:32:46,0.28,0.9032,150,0.27,0.8709,1076,0.28,0.9032,1,0.275,0.887,1403,0
SPY190724C300,2019-07-23,2019-07-23 09:32:47,0.28,0.9032,318,0.27,0.8709,307,0.28,0.9032,1,0.275,0.887,1403,0
SPY190724C300,2019-07-23,2019-07-23 09:32:48,0.28,0.9032,263,0.27,0.8709,307,0.28,0.9032,22,0.275,0.887,1425,22
SPY190724C300,2019-07-23,2019-07-23 09:32:48,0.28,0.9032,343,0.27,0.8709,277,0.28,0.9032,22,0.275,0.887,1425,0
SPY190724C300,2019-07-23,2019-07-23 09:32:50,0.28,0.9032,458,0.27,0.8709,334,0.28,0.9032,22,0.275,0.887,1425,0
SPY190724C300,2019-07-23,2019-07-23 09:32:51,0.28,0.9032,610,0.27,0.8709,334,0.28,0.9032,22,0.275,0.887,1425,0
SPY190724C300,2019-07-23,2019-07-23 09:32:52,0.28,0.9032,497,0.27,0.8709,314,0.28,0.9032,22,0.275,0.887,1425,0
SPY190724C300,2019-07-23,2019-07-23 09:32:53,0.28,0.9032,1244,0.27,0.8709,314,0.28,0.9032,22,0.275,0.887,1425,0
SPY190724C300,2019-07-23,2019-07-23 09:32:53,0.28,0.9032,1405,0.27,0.8709,314,0.28,0.9032,22,0.275,0.887,1425,0
SPY190724C300,2019-07-23,2019-07-23 09:32:55,0.28,0.9032,979,0.27,0.8709,125,0.28,0.9032,22,0.275,0.887,1425,0
SPY190724C300,2019-07-23,2019-07-23 09:32:56,0.28,0.9032,2770,0.27,0.8709,1,0.28,0.9032,5,0.275,0.887,1430,5
SPY190724C300,2019-07-23,2019-07-23 09:32:56,0.28,0.9032,2747,0.27,0.8709,1,0.28,0.9032,5,0.275,0.887,1430,0
SPY190724C300,2019-07-23,2019-07-23 09:32:57,0.28,0.9032,1050,0.27,0.8709,150,0.28,0.9032,5,0.275,0.887,1430,0
SPY190724C300,2019-07-23,2019-07-23 09:32:57,0.28,0.9032,1785,0.27,0.8709,1,0.28,0.9032,5,0.275,0.887,1430,0
SPY190724C300,2019-07-23,2019-07-23 09:32:58,0.28,0.9032,1800,0.27,0.8709,150,0.28,0.9032,5,0.275,0.887,1430,0
SPY190724C300,2019-07-23,2019-07-23 09:32:59,0.28,0.9032,1589,0.27,0.8709,150,0.28,0.9032,5,0.275,0.887,1430,0
SPY190724C300,2019-07-23,2019-07-23 09:33:00,0.28,0.9032,2809,0.27,0.8709,150,0.28,0.9032,5,0.275,0.887,1430,0
SPY190724C300,2019-07-23,2019-07-23 09:33:00,0.28,0.9032,2542,0.27,0.8709,150,0.28,0.9032,5,0.275,0.887,1430,0
SPY190724C300,2019-07-23,2019-07-23 09:33:01,0.27,0.8709,5,0.26,0.8387,510,0.27,0.8709,1,0.265,0.8548,1431,1
SPY190724C300,2019-07-23,2019-07-23 09:33:02,0.27,0.8709,262,0.26,0.8387,233,0.27,0.8709,1,0.265,0.8548,1432,1
SPY190724C300,2019-07-23,2019-07-23 09:33:02,0.27,0.8709,262,0.26,0.8387,233,0.27,0.8709,1,0.265,0.8548,1432,0
SPY190724C300,2019-07-23,2019-07-23 09:33:03,0.27,0.8709,372,0.26,0.8387,383,0.27,0.8709,1,0.265,0.8548,1432,0
SPY190724C300,2019-07-23,2019-07-23 09:33:04,0.27,0.8709,389,0.26,0.8387,1760,0.27,0.8709,1,0.265,0.8548,1432,0
SPY190724C300,2019-07-23,2019-07-23 09:33:04,0.27,0.8709,432,0.26,0.8387,1859,0.27,0.8709,1,0.265,0.8548,1432,0
SPY190724C300,2019-07-23,2019-07-23 09:33:05,0.27,0.8709,259,0.26,0.8387,1861,0.27,0.8709,1,0.265,0.8548,1432,0
SPY190724C300,2019-07-23,2019-07-23 09:33:06,0.27,0.8709,354,0.26,0.8387,1193,0.27,0.8709,1,0.265,0.8548,1432,0
SPY190724C300,2019-07-23,2019-07-23 09:33:06,0.27,0.8709,432,0.26,0.8387,1057,0.27,0.8709,1,0.265,0.8548,1432,0
SPY190724C300,2019-07-23,2019-07-23 09:33:07,0.27,0.8709,107,0.26,0.8387,422,0.27,0.8709,1,0.265,0.8548,1432,0
SPY190724C300,2019-07-23,2019-07-23 09:33:08,0.27,0.8709,107,0.26,0.8387,2024,0.26,0.8387,10,0.265,0.8548,1442,0
SPY190724C300,2019-07-23,2019-07-23 09:33:08,0.27,0.8709,107,0.26,0.8387,2097,0.26,0.8387,10,0.265,0.8548,1442,10
SPY190724C300,2019-07-23,2019-07-23 09:33:09,0.27,0.8709,155,0.26,0.8387,2009,0.26,0.8387,10,0.265,0.8548,1442,0
SPY190724C300,2019-07-23,2019-07-23 09:33:10,0.27,0.8709,6,0.26,0.8387,2048,0.26,0.8387,10,0.265,0.8548,1442,0
SPY190724C300,2019-07-23,2019-07-23 09:33:10,0.27,0.8709,155,0.26,0.8387,2009,0.26,0.8387,10,0.265,0.8548,1442,0
SPY190724C300,2019-07-23,2019-07-23 09:33:11,0.27,0.8709,11,0.26,0.8387,2286,0.26,0.8387,10,0.265,0.8548,1442,0
SPY190724C300,2019-07-23,2019-07-23 09:33:12,0.27,0.8709,11,0.26,0.8387,1758,0.26,0.8387,10,0.265,0.8548,1442,0
SPY190724C300,2019-07-23,2019-07-23 09:33:12,0.27,0.8709,11,0.26,0.8387,1509,0.26,0.8387,10,0.265,0.8548,1442,0
SPY190724C300,2019-07-23,2019-07-23 09:33:13,0.27,0.8709,5,0.26,0.8387,2619,0.26,0.8387,10,0.265,0.8548,1442,0
SPY190724C300,2019-07-23,2019-07-23 09:33:14,0.28,0.9032,275,0.27,0.8709,367,0.27,0.8709,3,0.275,0.887,1460,3
SPY190724C300,2019-07-23,2019-07-23 09:33:14,0.28,0.9032,292,0.27,0.8709,367,0.28,0.9032,10,0.275,0.887,1457,15
SPY190724C300,2019-07-23,2019-07-23 09:33:15,0.28,0.9032,268,0.27,0.8709,360,0.27,0.8709,3,0.275,0.887,1460,0
SPY190724C300,2019-07-23,2019-07-23 09:33:16,0.28,0.9032,131,0.27,0.8709,367,0.27,0.8709,3,0.275,0.887,1460,0
SPY190724C300,2019-07-23,2019-07-23 09:33:16,0.28,0.9032,131,0.27,0.8709,561,0.27,0.8709,3,0.275,0.887,1460,0
SPY190724C300,2019-07-23,2019-07-23 09:33:17,0.28,0.9032,241,0.27,0.8709,1161,0.27,0.8709,3,0.275,0.887,1460,0
SPY190724C300,2019-07-23,2019-07-23 09:33:18,0.28,0.9032,241,0.27,0.8709,1160,0.27,0.8709,3,0.275,0.887,1460,0
SPY190724C300,2019-07-23,2019-07-23 09:33:18,0.28,0.9032,241,0.27,0.8709,470,0.27,0.8709,3,0.275,0.887,1460,0
SPY190724C300,2019-07-23,2019-07-23 09:33:19,0.28,0.9032,40,0.27,0.8709,498,0.27,0.8709,3,0.275,0.887,1460,0
SPY190724C300,2019-07-23,2019-07-23 09:33:19,0.28,0.9032,191,0.27,0.8709,1214,0.27,0.8709,3,0.275,0.887,1460,0
SPY190724C300,2019-07-23,2019-07-23 09:33:20,0.28,0.9032,1,0.27,0.8709,2186,0.27,0.8709,3,0.275,0.887,1460,0
SPY190724C300,2019-07-23,2019-07-23 09:33:21,0.28,0.9032,1,0.27,0.8709,2186,0.27,0.8709,3,0.275,0.887,1463,3
SPY190724C300,2019-07-23,2019-07-23 09:33:21,0.28,0.9032,6,0.27,0.8709,1448,0.27,0.8709,3,0.275,0.887,1460,0
SPY190724C300,2019-07-23,2019-07-23 09:33:34,0.3,0.9677,378,0.29,0.9354,261,0.29,0.9354,1,0.295,0.9516,1467,4
SPY190724C300,2019-07-23,2019-07-23 09:33:36,0.3,0.9677,332,0.29,0.9354,1053,0.3,0.9677,50,0.295,0.9516,1577,110
SPY190724C300,2019-07-23,2019-07-23 09:33:39,0.29,0.9354,281,0.28,0.9032,769,0.3,0.9677,50,0.285,0.9193,1577,0
SPY190724C300,2019-07-23,2019-07-23 09:33:40,0.29,0.9354,281,0.28,0.9032,977,0.28,0.9032,40,0.285,0.9193,1617,40
SPY190724C300,2019-07-23,2019-07-23 09:33:42,0.29,0.9354,243,0.28,0.9032,1727,0.28,0.9032,4,0.285,0.9193,1623,6
SPY190724C300,2019-07-23,2019-07-23 09:33:44,0.3,0.9677,420,0.29,0.9354,313,0.3,0.9677,100,0.295,0.9516,1738,115
SPY190724C300,2019-07-23,2019-07-23 09:33:50,0.3,0.9677,10,0.29,0.9354,1319,0.3,0.9677,100,0.295,0.9516,1941,203
SPY190724C300,2019-07-23,2019-07-23 09:33:54,0.3,0.9677,709,0.29,0.9354,399,0.3,0.9677,100,0.295,0.9516,1941,0
SPY190724C300,2019-07-23,2019-07-23 09:33:56,0.3,0.9677,1113,0.29,0.9354,59,0.3,0.9677,100,0.295,0.9516,1941,0
SPY190724C300,2019-07-23,2019-07-23 09:33:58,0.3,0.9677,2361,0.29,0.9354,59,0.3,0.9677,3,0.295,0.9516,1944,3
SPY190724C300,2019-07-23,2019-07-23 09:34:00,0.29,0.9354,1338,0.27,0.8709,1386,0.29,0.9354,1,0.28,0.9032,1955,11
SPY190724C300,2019-07-23,2019-07-23 09:34:02,0.29,0.9354,1511,0.28,0.9032,5,0.29,0.9354,1,0.285,0.9193,1955,0
SPY190724C300,2019-07-23,2019-07-23 09:34:04,0.29,0.9354,687,0.28,0.9032,570,0.29,0.9354,4,0.285,0.9193,1965,10
SPY190724C300,2019-07-23,2019-07-23 09:34:06,0.29,0.9354,207,0.28,0.9032,743,0.29,0.9354,4,0.285,0.9193,1965,0
SPY190724C300,2019-07-23,2019-07-23 09:34:09,0.29,0.9354,762,0.28,0.9032,454,0.29,0.9354,4,0.285,0.9193,1965,0
SPY190724C300,2019-07-23,2019-07-23 09:34:17,0.29,0.9354,697,0.28,0.9032,307,0.29,0.9354,12,0.285,0.9193,2024,59
SPY190724C300,2019-07-23,2019-07-23 09:34:22,0.29,0.9354,1584,0.28,0.9032,239,0.29,0.9354,10,0.285,0.9193,2034,10
SPY190724C300,2019-07-23,2019-07-23 09:34:27,0.28,0.9032,125,0.27,0.8709,1237,0.28,0.9032,11,0.275,0.887,2045,11
SPY190724C300,2019-07-23,2019-07-23 09:34:30,0.28,0.9032,113,0.27,0.8709,2102,0.28,0.9032,1,0.275,0.887,2046,1
SPY190724C300,2019-07-23,2019-07-23 09:34:38,0.28,0.9032,14,0.27,0.8709,1999,0.27,0.8709,1,0.275,0.887,2047,1
SPY190724C300,2019-07-23,2019-07-23 09:34:42,0.3,0.9677,1964,0.29,0.9354,5,0.29,0.9354,5,0.295,0.9516,2076,29
SPY190724C300,2019-07-23,2019-07-23 09:34:44,0.29,0.9354,898,0.28,0.9032,246,0.29,0.9354,5,0.285,0.9193,2076,0
SPY190724C300,2019-07-23,2019-07-23 09:34:46,0.29,0.9354,1137,0.28,0.9032,282,0.29,0.9354,5,0.285,0.9193,2076,0
SPY190724C300,2019-07-23,2019-07-23 09:34:48,0.29,0.9354,1616,0.28,0.9032,282,0.29,0.9354,5,0.285,0.9193,2076,0
SPY190724C300,2019-07-23,2019-07-23 09:34:49,0.29,0.9354,869,0.28,0.9032,440,0.28,0.9032,1,0.285,0.9193,2077,1
SPY190724C300,2019-07-23,2019-07-23 09:34:51,0.29,0.9354,869,0.28,0.9032,478,0.28,0.9032,1,0.285,0.9193,2077,0
SPY190724C300,2019-07-23,2019-07-23 09:34:52,0.29,0.9354,660,0.28,0.9032,496,0.28,0.9032,1,0.285,0.9193,2077,0
SPY190724C300,2019-07-23,2019-07-23 09:34:54,0.29,0.9354,1326,0.28,0.9032,5,0.28,0.9032,1,0.285,0.9193,2077,0
SPY190724C300,2019-07-23,2019-07-23 09:34:55,0.29,0.9354,1326,0.28,0.9032,5,0.28,0.9032,1,0.285,0.9193,2077,0
SPY190724C300,2019-07-23,2019-07-23 09:34:57,0.29,0.9354,1670,0.28,0.9032,5,0.28,0.9032,1,0.285,0.9193,2077,0
SPY190724C300,2019-07-23,2019-07-23 09:34:58,0.29,0.9354,704,0.28,0.9032,220,0.28,0.9032,1,0.285,0.9193,2077,0
SPY190724C300,2019-07-23,2019-07-23 09:35:01,0.29,0.9354,661,0.28,0.9032,589,0.28,0.9032,1,0.285,0.9193,2077,0
SPY190724C300,2019-07-23,2019-07-23 09:35:02,0.29,0.9354,970,0.28,0.9032,7,0.28,0.9032,10,0.285,0.9193,2087,10
SPY190724C300,2019-07-23,2019-07-23 09:35:04,0.29,0.9354,588,0.28,0.9032,7,0.28,0.9032,10,0.285,0.9193,2087,0
SPY190724C300,2019-07-23,2019-07-23 09:35:05,0.29,0.9354,795,0.28,0.9032,914,0.28,0.9032,10,0.285,0.9193,2087,0
SPY190724C300,2019-07-23,2019-07-23 09:35:07,0.29,0.9354,663,0.28,0.9032,682,0.28,0.9032,1,0.285,0.9193,2088,1
SPY190724C300,2019-07-23,2019-07-23 09:35:08,0.29,0.9354,663,0.28,0.9032,616,0.28,0.9032,1,0.285,0.9193,2088,0
SPY190724C300,2019-07-23,2019-07-23 09:35:09,0.29,0.9354,1,0.28,0.9032,786,0.28,0.9032,1,0.285,0.9193,2088,0
SPY190724C300,2019-07-23,2019-07-23 09:35:11,0.29,0.9354,11,0.28,0.9032,796,0.28,0.9032,1,0.285,0.9193,2088,0
SPY190724C300,2019-07-23,2019-07-23 09:35:12,0.29,0.9354,1,0.28,0.9032,929,0.28,0.9032,3,0.285,0.9193,2091,3
SPY190724C300,2019-07-23,2019-07-23 09:35:13,0.29,0.9354,1,0.28,0.9032,2280,0.28,0.9032,3,0.285,0.9193,2091,0
SPY190724C300,2019-07-23,2019-07-23 09:35:14,0.3,0.9677,1506,0.29,0.9354,1,0.29,0.9354,1,0.295,0.9516,2092,1
SPY190724C300,2019-07-23,2019-07-23 09:35:16,0.3,0.9677,754,0.29,0.9354,131,0.29,0.9354,1,0.295,0.9516,2092,0
SPY190724C300,2019-07-23,2019-07-23 09:35:17,0.3,0.9677,754,0.29,0.9354,131,0.29,0.9354,1,0.295,0.9516,2092,0
SPY190724C300,2019-07-23,2019-07-23 09:35:19,0.3,0.9677,81,0.29,0.9354,1177,0.29,0.9354,1,0.295,0.9516,2092,0
SPY190724C300,2019-07-23,2019-07-23 09:35:19,0.3,0.9677,754,0.29,0.9354,121,0.29,0.9354,1,0.295,0.9516,2092,0
SPY190724C300,2019-07-23,2019-07-23 09:35:20,0.3,0.9677,5,0.29,0.9354,2126,0.29,0.9354,1,0.295,0.9516,2092,0
SPY190724C300,2019-07-23,2019-07-23 09:35:20,0.3,0.9677,5,0.29,0.9354,1371,0.29,0.9354,1,0.295,0.9516,2092,0
SPY190724C300,2019-07-23,2019-07-23 09:35:21,0.3,0.9677,5,0.29,0.9354,2137,0.29,0.9354,1,0.295,0.9516,2092,0
SPY190724C300,2019-07-23,2019-07-23 09:35:22,0.3,0.9677,5,0.29,0.9354,1139,0.29,0.9354,1,0.295,0.9516,2092,0
SPY190724C300,2019-07-23,2019-07-23 09:35:22,0.3,0.9677,5,0.29,0.9354,2380,0.29,0.9354,1,0.295,0.9516,2092,0
SPY190724C300,2019-07-23,2019-07-23 09:35:23,0.3,0.9677,5,0.3,0.9677,1,0.29,0.9354,1,0.3,0.9677,2092,0
SPY190724C300,2019-07-23,2019-07-23 09:35:24,0.31,1.0,244,0.3,0.9677,394,0.31,1.0,4,0.305,0.9838,2102,10
SPY190724C300,2019-07-23,2019-07-23 09:35:24,0.31,1.0,244,0.3,0.9677,829,0.31,1.0,4,0.305,0.9838,2102,0
SPY190724C300,2019-07-23,2019-07-23 09:35:25,0.31,1.0,250,0.3,0.9677,1191,0.3,0.9677,1,0.305,0.9838,2103,1
SPY190724C300,2019-07-23,2019-07-23 09:35:25,0.31,1.0,244,0.3,0.9677,1289,0.31,1.0,4,0.305,0.9838,2102,0
SPY190724C300,2019-07-23,2019-07-23 09:35:26,0.31,1.0,239,0.3,0.9677,1256,0.3,0.9677,1,0.305,0.9838,2103,0
SPY190724C300,2019-07-23,2019-07-23 09:35:27,0.31,1.0,239,0.3,0.9677,358,0.3,0.9677,1,0.305,0.9838,2103,0
SPY190724C300,2019-07-23,2019-07-23 09:35:28,0.31,1.0,369,0.3,0.9677,717,0.3,0.9677,1,0.305,0.9838,2103,0
SPY190724C300,2019-07-23,2019-07-23 09:35:28,0.31,1.0,369,0.3,0.9677,646,0.3,0.9677,1,0.305,0.9838,2103,0
SPY190724C300,2019-07-23,2019-07-23 09:35:29,0.31,1.0,288,0.3,0.9677,1221,0.3,0.9677,1,0.305,0.9838,2103,0
SPY190724C300,2019-07-23,2019-07-23 09:35:29,0.31,1.0,309,0.3,0.9677,358,0.3,0.9677,1,0.305,0.9838,2103,0
SPY190724C300,2019-07-23,2019-07-23 09:35:30,0.31,1.0,320,0.3,0.9677,639,0.3,0.9677,1,0.305,0.9838,2103,0
SPY190724C300,2019-07-23,2019-07-23 09:35:30,0.31,1.0,155,0.3,0.9677,639,0.3,0.9677,30,0.305,0.9838,2133,30
SPY190724C300,2019-07-23,2019-07-23 09:35:31,0.31,1.0,105,0.3,0.9677,1137,0.3,0.9677,30,0.305,0.9838,2133,0
SPY190724C300,2019-07-23,2019-07-23 09:35:32,0.31,1.0,105,0.3,0.9677,1137,0.3,0.9677,30,0.305,0.9838,2133,0
SPY190724C300,2019-07-23,2019-07-23 09:35:32,0.31,1.0,98,0.3,0.9677,1924,0.3,0.9677,30,0.305,0.9838,2133,0
SPY190724C300,2019-07-23,2019-07-23 09:35:33,0.31,1.0,98,0.3,0.9677,1924,0.3,0.9677,30,0.305,0.9838,2133,0
SPY190724C300,2019-07-23,2019-07-23 09:35:34,0.31,1.0,98,0.3,0.9677,1924,0.3,0.9677,30,0.305,0.9838,2133,0
SPY190724C300,2019-07-23,2019-07-23 09:35:34,0.31,1.0,95,0.3,0.9677,1924,0.3,0.9677,30,0.305,0.9838,2133,0
SPY190724C300,2019-07-23,2019-07-23 09:35:35,0.31,1.0,105,0.3,0.9677,1924,0.3,0.9677,30,0.305,0.9838,2133,0
SPY190724C300,2019-07-23,2019-07-23 09:35:35,0.31,1.0,105,0.3,0.9677,1924,0.31,1.0,1,0.305,0.9838,2134,1
SPY190724C300,2019-07-23,2019-07-23 09:35:36,0.31,1.0,122,0.3,0.9677,1133,0.31,1.0,1,0.305,0.9838,2135,1
SPY190724C300,2019-07-23,2019-07-23 09:35:36,0.31,1.0,169,0.3,0.9677,1752,0.31,1.0,1,0.305,0.9838,2135,0
SPY190724C300,2019-07-23,2019-07-23 09:35:37,0.32,1.0322,925,0.3,0.9677,1184,0.31,1.0,1,0.31,1.0,2135,0
SPY190724C300,2019-07-23,2019-07-23 09:35:37,0.31,1.0,10,0.3,0.9677,1618,0.31,1.0,1,0.305,0.9838,2135,0
SPY190724C300,2019-07-23,2019-07-23 09:35:38,0.32,1.0322,1275,0.3,0.9677,897,0.31,1.0,10,0.31,1.0,2145,10
SPY190724C300,2019-07-23,2019-07-23 09:35:39,0.31,1.0,10,0.3,0.9677,953,0.3,0.9677,100,0.305,0.9838,2245,0
SPY190724C300,2019-07-23,2019-07-23 09:35:39,0.32,1.0322,890,0.3,0.9677,2158,0.3,0.9677,100,0.31,1.0,2245,100
SPY190724C300,2019-07-23,2019-07-23 09:35:40,0.31,1.0,463,0.3,0.9677,1664,0.3,0.9677,100,0.305,0.9838,2245,0
SPY190724C300,2019-07-23,2019-07-23 09:35:40,0.31,1.0,154,0.3,0.9677,953,0.3,0.9677,100,0.305,0.9838,2245,0
SPY190724C300,2019-07-23,2019-07-23 09:35:41,0.31,1.0,406,0.3,0.9677,245,0.3,0.9677,1,0.305,0.9838,2246,1
SPY190724C300,2019-07-23,2019-07-23 09:35:42,0.31,1.0,400,0.3,0.9677,294,0.3,0.9677,1,0.305,0.9838,2246,0
SPY190724C300,2019-07-23,2019-07-23 09:35:42,0.31,1.0,398,0.3,0.9677,294,0.3,0.9677,1,0.305,0.9838,2246,0
SPY190724C300,2019-07-23,2019-07-23 09:35:43,0.31,1.0,398,0.3,0.9677,242,0.3,0.9677,1,0.305,0.9838,2246,0
SPY190724C300,2019-07-23,2019-07-23 09:35:43,0.31,1.0,536,0.3,0.9677,242,0.3,0.9677,1,0.305,0.9838,2246,0
SPY190724C300,2019-07-23,2019-07-23 09:35:44,0.31,1.0,927,0.3,0.9677,242,0.3,0.9677,1,0.305,0.9838,2246,0
SPY190724C300,2019-07-23,2019-07-23 09:35:44,0.31,1.0,1784,0.3,0.9677,242,0.3,0.9677,1,0.305,0.9838,2246,0
SPY190724C300,2019-07-23,2019-07-23 09:35:45,0.3,0.9677,347,0.29,0.9354,151,0.3,0.9677,3,0.295,0.9516,2249,3
SPY190724C300,2019-07-23,2019-07-23 09:35:45,0.3,0.9677,347,0.29,0.9354,151,0.3,0.9677,3,0.295,0.9516,2249,0
SPY190724C300,2019-07-23,2019-07-23 09:35:46,0.3,0.9677,509,0.29,0.9354,102,0.3,0.9677,3,0.295,0.9516,2249,0
SPY190724C300,2019-07-23,2019-07-23 09:35:46,0.3,0.9677,347,0.29,0.9354,65,0.3,0.9677,3,0.295,0.9516,2249,0
SPY190724C300,2019-07-23,2019-07-23 09:35:47,0.3,0.9677,509,0.29,0.9354,121,0.3,0.9677,3,0.295,0.9516,2249,0
SPY190724C300,2019-07-23,2019-07-23 09:35:48,0.3,0.9677,303,0.29,0.9354,9,0.3,0.9677,3,0.295,0.9516,2249,0
SPY190724C300,2019-07-23,2019-07-23 09:35:48,0.3,0.9677,988,0.29,0.9354,9,0.3,0.9677,3,0.295,0.9516,2249,0
SPY190724C300,2019-07-23,2019-07-23 09:35:49,0.3,0.9677,1234,0.29,0.9354,9,0.3,0.9677,3,0.295,0.9516,2249,0
SPY190724C300,2019-07-23,2019-07-23 09:35:49,0.3,0.9677,846,0.29,0.9354,9,0.28,0.9032,61,0.295,0.9516,2399,150
SPY190724C300,2019-07-23,2019-07-23 09:35:50,0.29,0.9354,184,0.28,0.9032,1803,0.28,0.9032,61,0.285,0.9193,2399,0
SPY190724C300,2019-07-23,2019-07-23 09:35:51,0.29,0.9354,400,0.28,0.9032,833,0.28,0.9032,61,0.285,0.9193,2399,0
SPY190724C300,2019-07-23,2019-07-23 09:35:51,0.29,0.9354,279,0.28,0.9032,1225,0.28,0.9032,61,0.285,0.9193,2399,0
SPY190724C300,2019-07-23,2019-07-23 09:35:52,0.29,0.9354,184,0.28,0.9032,564,0.28,0.9032,61,0.285,0.9193,2399,0
SPY190724C300,2019-07-23,2019-07-23 09:35:52,0.29,0.9354,232,0.28,0.9032,1407,0.28,0.9032,61,0.285,0.9193,2399,0
SPY190724C300,2019-07-23,2019-07-23 09:35:53,0.29,0.9354,165,0.28,0.9032,5,0.28,0.9032,61,0.285,0.9193,2399,0
SPY190724C300,2019-07-23,2019-07-23 09:35:54,0.29,0.9354,1014,0.28,0.9032,5,0.28,0.9032,61,0.285,0.9193,2399,0
SPY190724C300,2019-07-23,2019-07-23 09:35:55,0.29,0.9354,1009,0.28,0.9032,5,0.28,0.9032,61,0.285,0.9193,2399,0
SPY190724C300,2019-07-23,2019-07-23 09:35:56,0.29,0.9354,1578,0.28,0.9032,4,0.28,0.9032,1,0.285,0.9193,2400,1
SPY190724C300,2019-07-23,2019-07-23 09:35:56,0.29,0.9354,1456,0.28,0.9032,5,0.28,0.9032,61,0.285,0.9193,2399,0
SPY190724C300,2019-07-23,2019-07-23 09:35:57,0.29,0.9354,1641,0.28,0.9032,4,0.28,0.9032,1,0.285,0.9193,2400,0
SPY190724C300,2019-07-23,2019-07-23 09:35:58,0.28,0.9032,1234,0.27,0.8709,698,0.28,0.9032,2,0.275,0.887,2404,0
SPY190724C300,2019-07-23,2019-07-23 09:35:58,0.28,0.9032,288,0.27,0.8709,698,0.28,0.9032,2,0.275,0.887,2404,4
SPY190724C300,2019-07-23,2019-07-23 09:35:59,0.28,0.9032,1609,0.27,0.8709,728,0.28,0.9032,2,0.275,0.887,2404,0
SPY190724C300,2019-07-23,2019-07-23 09:36:03,0.28,0.9032,1416,0.27,0.8709,710,0.28,0.9032,30,0.275,0.887,2584,0
SPY190724C300,2019-07-23,2019-07-23 09:36:03,0.28,0.9032,1416,0.27,0.8709,416,0.28,0.9032,30,0.275,0.887,2584,180
SPY190724C300,2019-07-23,2019-07-23 09:36:04,0.28,0.9032,1410,0.27,0.8709,332,0.28,0.9032,30,0.275,0.887,2584,0
SPY190724C300,2019-07-23,2019-07-23 09:36:05,0.28,0.9032,906,0.27,0.8709,332,0.28,0.9032,30,0.275,0.887,2584,0
SPY190724C300,2019-07-23,2019-07-23 09:36:06,0.28,0.9032,842,0.27,0.8709,332,0.28,0.9032,30,0.275,0.887,2584,0
SPY190724C300,2019-07-23,2019-07-23 09:36:07,0.28,0.9032,998,0.27,0.8709,332,0.27,0.8709,1,0.275,0.887,2585,1
SPY190724C300,2019-07-23,2019-07-23 09:36:07,0.28,0.9032,998,0.27,0.8709,332,0.28,0.9032,30,0.275,0.887,2584,0
SPY190724C300,2019-07-23,2019-07-23 09:36:08,0.28,0.9032,268,0.27,0.8709,928,0.31,1.0,1,0.275,0.887,2586,1
SPY190724C300,2019-07-23,2019-07-23 09:36:09,0.28,0.9032,362,0.27,0.8709,2128,0.31,1.0,1,0.275,0.887,2586,0
SPY190724C300,2019-07-23,2019-07-23 09:36:09,0.28,0.9032,288,0.27,0.8709,944,0.27,0.8709,10,0.275,0.887,2606,20
SPY190724C300,2019-07-23,2019-07-23 09:36:10,0.28,0.9032,288,0.27,0.8709,1534,0.27,0.8709,10,0.275,0.887,2606,0
SPY190724C300,2019-07-23,2019-07-23 09:36:11,0.28,0.9032,288,0.27,0.8709,2107,0.27,0.8709,10,0.275,0.887,2606,0
SPY190724C300,2019-07-23,2019-07-23 09:36:11,0.28,0.9032,321,0.27,0.8709,2215,0.27,0.8709,10,0.275,0.887,2606,0
SPY190724C300,2019-07-23,2019-07-23 09:36:12,0.28,0.9032,288,0.27,0.8709,3225,0.27,0.8709,10,0.275,0.887,2606,0
SPY190724C300,2019-07-23,2019-07-23 09:36:13,0.28,0.9032,5,0.27,0.8709,2164,0.27,0.8709,10,0.275,0.887,2606,0
SPY190724C300,2019-07-23,2019-07-23 09:36:13,0.28,0.9032,288,0.27,0.8709,2164,0.27,0.8709,10,0.275,0.887,2606,0
SPY190724C300,2019-07-23,2019-07-23 09:36:14,0.28,0.9032,5,0.27,0.8709,2164,0.27,0.8709,10,0.275,0.887,2606,0
SPY190724C300,2019-07-23,2019-07-23 09:36:15,0.28,0.9032,193,0.27,0.8709,2164,0.27,0.8709,10,0.275,0.887,2606,0
SPY190724C300,2019-07-23,2019-07-23 09:36:15,0.28,0.9032,188,0.27,0.8709,2164,0.28,0.9032,2,0.275,0.887,2613,7
SPY190724C300,2019-07-23,2019-07-23 09:36:16,0.28,0.9032,188,0.27,0.8709,2164,0.28,0.9032,2,0.275,0.887,2613,0
SPY190724C300,2019-07-23,2019-07-23 09:36:16,0.28,0.9032,188,0.27,0.8709,2164,0.28,0.9032,4,0.275,0.887,2617,4
SPY190724C300,2019-07-23,2019-07-23 09:36:17,0.28,0.9032,188,0.27,0.8709,2164,0.28,0.9032,4,0.275,0.887,2617,0
SPY190724C300,2019-07-23,2019-07-23 09:36:18,0.28,0.9032,273,0.27,0.8709,2164,0.28,0.9032,4,0.275,0.887,2617,0
SPY190724C300,2019-07-23,2019-07-23 09:36:19,0.28,0.9032,273,0.27,0.8709,3161,0.28,0.9032,4,0.275,0.887,2617,0
SPY190724C300,2019-07-23,2019-07-23 09:36:19,0.28,0.9032,273,0.27,0.8709,3161,0.28,0.9032,1,0.275,0.887,2618,1
SPY190724C300,2019-07-23,2019-07-23 09:36:20,0.28,0.9032,273,0.27,0.8709,3161,0.28,0.9032,1,0.275,0.887,2618,0
SPY190724C300,2019-07-23,2019-07-23 09:36:20,0.28,0.9032,746,0.27,0.8709,3161,0.28,0.9032,1,0.275,0.887,2618,0
SPY190724C300,2019-07-23,2019-07-23 09:36:21,0.28,0.9032,746,0.27,0.8709,3111,0.28,0.9032,1,0.275,0.887,2618,0
SPY190724C300,2019-07-23,2019-07-23 09:36:22,0.28,0.9032,735,0.27,0.8709,2114,0.27,0.8709,1,0.275,0.887,2619,1
SPY190724C300,2019-07-23,2019-07-23 09:36:23,0.28,0.9032,735,0.27,0.8709,3060,0.27,0.8709,1,0.275,0.887,2619,0
SPY190724C300,2019-07-23,2019-07-23 09:36:24,0.28,0.9032,735,0.27,0.8709,3060,0.27,0.8709,1,0.275,0.887,2619,0
SPY190724C300,2019-07-23,2019-07-23 09:36:25,0.28,0.9032,193,0.27,0.8709,3060,0.27,0.8709,1,0.275,0.887,2619,0
SPY190724C300,2019-07-23,2019-07-23 09:36:26,0.28,0.9032,273,0.27,0.8709,3062,0.27,0.8709,1,0.275,0.887,2619,0
SPY190724C300,2019-07-23,2019-07-23 09:36:27,0.28,0.9032,273,0.27,0.8709,3062,0.27,0.8709,1,0.275,0.887,2619,0
SPY190724C300,2019-07-23,2019-07-23 09:36:28,0.28,0.9032,198,0.27,0.8709,3062,0.27,0.8709,1,0.275,0.887,2619,0
SPY190724C300,2019-07-23,2019-07-23 09:36:28,0.28,0.9032,278,0.27,0.8709,3062,0.27,0.8709,1,0.275,0.887,2619,0
SPY190724C300,2019-07-23,2019-07-23 09:36:29,0.28,0.9032,147,0.27,0.8709,3201,0.27,0.8709,1,0.275,0.887,2619,0
SPY190724C300,2019-07-23,2019-07-23 09:36:30,0.28,0.9032,147,0.27,0.8709,2146,0.28,0.9032,2,0.275,0.887,2621,2
SPY190724C300,2019-07-23,2019-07-23 09:36:30,0.28,0.9032,147,0.27,0.8709,2146,0.28,0.9032,2,0.275,0.887,2621,0
SPY190724C300,2019-07-23,2019-07-23 09:36:31,0.28,0.9032,5,0.27,0.8709,3147,0.28,0.9032,2,0.275,0.887,2621,0
SPY190724C300,2019-07-23,2019-07-23 09:36:31,0.28,0.9032,211,0.27,0.8709,3147,0.28,0.9032,2,0.275,0.887,2621,0
SPY190724C300,2019-07-23,2019-07-23 09:36:32,0.28,0.9032,5,0.27,0.8709,3325,0.28,0.9032,2,0.275,0.887,2621,0
SPY190724C300,2019-07-23,2019-07-23 09:36:32,0.28,0.9032,5,0.27,0.8709,3452,0.28,0.9032,2,0.275,0.887,2621,0
SPY190724C300,2019-07-23,2019-07-23 09:36:33,0.28,0.9032,45,0.27,0.8709,3261,0.28,0.9032,2,0.275,0.887,2621,0
SPY190724C300,2019-07-23,2019-07-23 09:36:34,0.28,0.9032,5,0.27,0.8709,2380,0.28,0.9032,2,0.275,0.887,2621,0
SPY190724C300,2019-07-23,2019-07-23 09:36:36,0.28,0.9032,1258,0.27,0.8709,922,0.28,0.9032,2,0.275,0.887,2621,0
SPY190724C300,2019-07-23,2019-07-23 09:36:36,0.28,0.9032,268,0.27,0.8709,487,0.28,0.9032,2,0.275,0.887,2621,0
SPY190724C300,2019-07-23,2019-07-23 09:36:37,0.28,0.9032,1575,0.27,0.8709,798,0.28,0.9032,2,0.275,0.887,2621,0
SPY190724C300,2019-07-23,2019-07-23 09:36:38,0.28,0.9032,638,0.27,0.8709,1624,0.28,0.9032,2,0.275,0.887,2621,0
SPY190724C300,2019-07-23,2019-07-23 09:36:40,0.28,0.9032,299,0.27,0.8709,1403,0.27,0.8709,1,0.275,0.887,2622,1
SPY190724C300,2019-07-23,2019-07-23 09:36:41,0.28,0.9032,299,0.27,0.8709,2078,0.27,0.8709,1,0.275,0.887,2622,0
SPY190724C300,2019-07-23,2019-07-23 09:36:45,0.28,0.9032,5,0.27,0.8709,3499,0.27,0.8709,1,0.275,0.887,2622,0
SPY190724C300,2019-07-23,2019-07-23 09:36:49,0.28,0.9032,5,0.27,0.8709,2269,0.27,0.8709,1,0.275,0.887,2622,0
SPY190724C300,2019-07-23,2019-07-23 09:36:52,0.28,0.9032,204,0.27,0.8709,2818,0.27,0.8709,5,0.275,0.887,2627,5
SPY190724C300,2019-07-23,2019-07-23 09:36:53,0.28,0.9032,204,0.27,0.8709,2867,0.27,0.8709,5,0.275,0.887,2627,0
SPY190724C300,2019-07-23,2019-07-23 09:36:55,0.28,0.9032,231,0.27,0.8709,2019,0.27,0.8709,5,0.275,0.887,2627,0
SPY190724C300,2019-07-23,2019-07-23 09:36:56,0.28,0.9032,696,0.27,0.8709,792,0.28,0.9032,2,0.275,0.887,2629,2
SPY190724C300,2019-07-23,2019-07-23 09:36:56,0.28,0.9032,603,0.27,0.8709,685,0.27,0.8709,5,0.275,0.887,2627,0
SPY190724C300,2019-07-23,2019-07-23 09:36:57,0.28,0.9032,324,0.27,0.8709,1816,0.28,0.9032,2,0.275,0.887,2629,0
SPY190724C300,2019-07-23,2019-07-23 09:36:57,0.28,0.9032,244,0.27,0.8709,1040,0.28,0.9032,2,0.275,0.887,2629,0
SPY190724C300,2019-07-23,2019-07-23 09:36:58,0.28,0.9032,324,0.27,0.8709,1963,0.28,0.9032,2,0.275,0.887,2629,0
SPY190724C300,2019-07-23,2019-07-23 09:36:59,0.28,0.9032,368,0.27,0.8709,1967,0.28,0.9032,2,0.275,0.887,2629,0
SPY190724C300,2019-07-23,2019-07-23 09:37:00,0.28,0.9032,903,0.27,0.8709,429,0.28,0.9032,2,0.275,0.887,2629,0
SPY190724C300,2019-07-23,2019-07-23 09:37:01,0.28,0.9032,903,0.27,0.8709,595,0.28,0.9032,2,0.275,0.887,2629,0
SPY190724C300,2019-07-23,2019-07-23 09:37:01,0.28,0.9032,903,0.27,0.8709,762,0.28,0.9032,2,0.275,0.887,2629,0
SPY190724C300,2019-07-23,2019-07-23 09:37:02,0.28,0.9032,335,0.27,0.8709,1064,0.28,0.9032,2,0.275,0.887,2629,0
SPY190724C300,2019-07-23,2019-07-23 09:37:03,0.28,0.9032,454,0.27,0.8709,2005,0.28,0.9032,2,0.275,0.887,2629,0
SPY190724C300,2019-07-23,2019-07-23 09:37:03,0.28,0.9032,735,0.27,0.8709,246,0.28,0.9032,2,0.275,0.887,2629,0
SPY190724C300,2019-07-23,2019-07-23 09:37:04,0.28,0.9032,735,0.27,0.8709,326,0.27,0.8709,40,0.275,0.887,2669,0
SPY190724C300,2019-07-23,2019-07-23 09:37:04,0.28,0.9032,735,0.27,0.8709,326,0.27,0.8709,40,0.275,0.887,2669,40
SPY190724C300,2019-07-23,2019-07-23 09:37:05,0.28,0.9032,735,0.27,0.8709,486,0.27,0.8709,40,0.275,0.887,2669,0
SPY190724C300,2019-07-23,2019-07-23 09:37:06,0.28,0.9032,335,0.27,0.8709,984,0.27,0.8709,40,0.275,0.887,2669,0
SPY190724C300,2019-07-23,2019-07-23 09:37:08,0.28,0.9032,335,0.27,0.8709,1373,0.27,0.8709,40,0.275,0.887,2669,0
SPY190724C300,2019-07-23,2019-07-23 09:37:09,0.28,0.9032,442,0.27,0.8709,2185,0.27,0.8709,40,0.275,0.887,2669,0
SPY190724C300,2019-07-23,2019-07-23 09:37:10,0.28,0.9032,340,0.27,0.8709,1856,0.27,0.8709,40,0.275,0.887,2669,0
SPY190724C300,2019-07-23,2019-07-23 09:37:11,0.28,0.9032,628,0.27,0.8709,2223,0.28,0.9032,10,0.275,0.887,2679,0
SPY190724C300,2019-07-23,2019-07-23 09:37:11,0.28,0.9032,471,0.27,0.8709,2173,0.28,0.9032,10,0.275,0.887,2679,10
SPY190724C300,2019-07-23,2019-07-23 09:37:12,0.28,0.9032,628,0.27,0.8709,2223,0.28,0.9032,10,0.275,0.887,2679,0
SPY190724C300,2019-07-23,2019-07-23 09:37:13,0.28,0.9032,382,0.27,0.8709,2239,0.28,0.9032,10,0.275,0.887,2679,0
SPY190724C300,2019-07-23,2019-07-23 09:37:14,0.28,0.9032,433,0.27,0.8709,2239,0.28,0.9032,10,0.275,0.887,2679,0
SPY190724C300,2019-07-23,2019-07-23 09:37:15,0.28,0.9032,260,0.27,0.8709,2070,0.28,0.9032,10,0.275,0.887,2679,0
SPY190724C300,2019-07-23,2019-07-23 09:37:15,0.28,0.9032,433,0.27,0.8709,2239,0.28,0.9032,10,0.275,0.887,2679,0
SPY190724C300,2019-07-23,2019-07-23 09:37:16,0.28,0.9032,260,0.27,0.8709,2070,0.28,0.9032,10,0.275,0.887,2679,0
SPY190724C300,2019-07-23,2019-07-23 09:37:17,0.28,0.9032,260,0.27,0.8709,1430,0.28,0.9032,10,0.275,0.887,2679,0
SPY190724C300,2019-07-23,2019-07-23 09:37:17,0.28,0.9032,260,0.27,0.8709,2239,0.28,0.9032,10,0.275,0.887,2679,0
SPY190724C300,2019-07-23,2019-07-23 09:37:18,0.28,0.9032,260,0.27,0.8709,2239,0.28,0.9032,10,0.275,0.887,2679,0
SPY190724C300,2019-07-23,2019-07-23 09:37:19,0.28,0.9032,945,0.27,0.8709,359,0.28,0.9032,10,0.275,0.887,2679,0
SPY190724C300,2019-07-23,2019-07-23 09:37:19,0.28,0.9032,260,0.27,0.8709,2173,0.28,0.9032,10,0.275,0.887,2679,0
SPY190724C300,2019-07-23,2019-07-23 09:37:20,0.28,0.9032,799,0.27,0.8709,722,0.27,0.8709,2,0.275,0.887,2681,2
SPY190724C300,2019-07-23,2019-07-23 09:37:21,0.28,0.9032,1626,0.27,0.8709,787,0.27,0.8709,2,0.275,0.887,2681,0
SPY190724C300,2019-07-23,2019-07-23 09:37:21,0.28,0.9032,1684,0.27,0.8709,441,0.27,0.8709,2,0.275,0.887,2681,0
SPY190724C300,2019-07-23,2019-07-23 09:37:22,0.28,0.9032,1672,0.27,0.8709,787,0.27,0.8709,2,0.275,0.887,2681,0
SPY190724C300,2019-07-23,2019-07-23 09:37:23,0.28,0.9032,718,0.27,0.8709,1494,0.27,0.8709,2,0.275,0.887,2681,0
SPY190724C300,2019-07-23,2019-07-23 09:37:24,0.28,0.9032,732,0.27,0.8709,1154,0.27,0.8709,2,0.275,0.887,2681,0
SPY190724C300,2019-07-23,2019-07-23 09:37:24,0.28,0.9032,409,0.27,0.8709,644,0.27,0.8709,2,0.275,0.887,2681,0
SPY190724C300,2019-07-23,2019-07-23 09:37:25,0.28,0.9032,1264,0.27,0.8709,582,0.27,0.8709,2,0.275,0.887,2681,0
SPY190724C300,2019-07-23,2019-07-23 09:37:27,0.28,0.9032,1584,0.27,0.8709,1076,0.27,0.8709,2,0.275,0.887,2681,0
SPY190724C300,2019-07-23,2019-07-23 09:37:28,0.28,0.9032,1484,0.27,0.8709,1076,0.27,0.8709,2,0.275,0.887,2681,0
SPY190724C300,2019-07-23,2019-07-23 09:37:30,0.28,0.9032,1144,0.27,0.8709,914,0.27,0.8709,2,0.275,0.887,2681,0
SPY190724C300,2019-07-23,2019-07-23 09:37:30,0.28,0.9032,1586,0.27,0.8709,1076,0.27,0.8709,2,0.275,0.887,2681,0
SPY190724C300,2019-07-23,2019-07-23 09:37:31,0.28,0.9032,917,0.27,0.8709,637,0.27,0.8709,2,0.275,0.887,2681,0
SPY190724C300,2019-07-23,2019-07-23 09:37:32,0.28,0.9032,1144,0.27,0.8709,606,0.27,0.8709,2,0.275,0.887,2681,0
SPY190724C300,2019-07-23,2019-07-23 09:37:33,0.28,0.9032,1144,0.27,0.8709,324,0.28,0.9032,100,0.275,0.887,2781,100
SPY190724C300,2019-07-23,2019-07-23 09:37:33,0.28,0.9032,1144,0.27,0.8709,478,0.27,0.8709,2,0.275,0.887,2681,0
SPY190724C300,2019-07-23,2019-07-23 09:37:34,0.28,0.9032,1144,0.27,0.8709,244,0.28,0.9032,100,0.275,0.887,2781,0
SPY190724C300,2019-07-23,2019-07-23 09:37:35,0.28,0.9032,1144,0.27,0.8709,240,0.28,0.9032,100,0.275,0.887,2781,0
SPY190724C300,2019-07-23,2019-07-23 09:37:35,0.28,0.9032,1144,0.27,0.8709,156,0.28,0.9032,100,0.275,0.887,2781,0
SPY190724C300,2019-07-23,2019-07-23 09:37:36,0.28,0.9032,1144,0.27,0.8709,147,0.28,0.9032,100,0.275,0.887,2781,0
SPY190724C300,2019-07-23,2019-07-23 09:37:36,0.28,0.9032,1434,0.27,0.8709,147,0.28,0.9032,100,0.275,0.887,2781,0
SPY190724C300,2019-07-23,2019-07-23 09:37:37,0.28,0.9032,1434,0.27,0.8709,147,0.28,0.9032,100,0.275,0.887,2781,0
SPY190724C300,2019-07-23,2019-07-23 09:37:38,0.28,0.9032,2674,0.27,0.8709,97,0.28,0.9032,100,0.275,0.887,2781,0
SPY190724C300,2019-07-23,2019-07-23 09:37:39,0.28,0.9032,2067,0.27,0.8709,97,0.28,0.9032,100,0.275,0.887,2781,0
SPY190724C300,2019-07-23,2019-07-23 09:37:39,0.28,0.9032,2986,0.27,0.8709,97,0.28,0.9032,100,0.275,0.887,2781,0
SPY190724C300,2019-07-23,2019-07-23 09:37:40,0.28,0.9032,2283,0.27,0.8709,97,0.28,0.9032,100,0.275,0.887,2781,0
SPY190724C300,2019-07-23,2019-07-23 09:37:41,0.27,0.8709,1018,0.26,0.8387,6,0.27,0.8709,4,0.265,0.8548,2785,4
SPY190724C300,2019-07-23,2019-07-23 09:37:42,0.27,0.8709,1417,0.26,0.8387,3,0.27,0.8709,4,0.265,0.8548,2785,0
SPY190724C300,2019-07-23,2019-07-23 09:37:42,0.26,0.8387,1,0.25,0.8064,1000,0.26,0.8387,1,0.255,0.8225,2792,7
SPY190724C300,2019-07-23,2019-07-23 09:37:43,0.26,0.8387,1,0.25,0.8064,900,0.26,0.8387,2,0.255,0.8225,2794,2
SPY190724C300,2019-07-23,2019-07-23 09:37:44,0.26,0.8387,481,0.25,0.8064,349,0.26,0.8387,2,0.255,0.8225,2794,0
SPY190724C300,2019-07-23,2019-07-23 09:37:44,0.26,0.8387,518,0.25,0.8064,344,0.25,0.8064,25,0.255,0.8225,2819,25
SPY190724C300,2019-07-23,2019-07-23 09:37:45,0.26,0.8387,978,0.25,0.8064,344,0.25,0.8064,25,0.255,0.8225,2819,0
SPY190724C300,2019-07-23,2019-07-23 09:37:46,0.26,0.8387,1192,0.25,0.8064,620,0.25,0.8064,25,0.255,0.8225,2819,0
SPY190724C300,2019-07-23,2019-07-23 09:37:46,0.26,0.8387,1192,0.25,0.8064,944,0.25,0.8064,25,0.255,0.8225,2819,0
SPY190724C300,2019-07-23,2019-07-23 09:37:47,0.26,0.8387,746,0.24,0.7741,1041,0.25,0.8064,25,0.25,0.8064,2819,0
SPY190724C300,2019-07-23,2019-07-23 09:37:47,0.26,0.8387,1032,0.25,0.8064,478,0.25,0.8064,25,0.255,0.8225,2819,0
SPY190724C300,2019-07-23,2019-07-23 09:37:48,0.26,0.8387,2249,0.24,0.7741,2358,0.25,0.8064,25,0.25,0.8064,2819,0
SPY190724C300,2019-07-23,2019-07-23 09:37:49,0.25,0.8064,65,0.24,0.7741,2500,0.25,0.8064,25,0.245,0.7903,2819,0
SPY190724C300,2019-07-23,2019-07-23 09:37:49,0.25,0.8064,198,0.24,0.7741,2366,0.24,0.7741,30,0.245,0.7903,2849,30
SPY190724C300,2019-07-23,2019-07-23 09:37:50,0.25,0.8064,198,0.24,0.7741,1225,0.24,0.7741,30,0.245,0.7903,2849,0
SPY190724C300,2019-07-23,2019-07-23 09:37:50,0.25,0.8064,198,0.24,0.7741,2366,0.24,0.7741,30,0.245,0.7903,2849,0
SPY190724C300,2019-07-23,2019-07-23 09:37:51,0.25,0.8064,550,0.24,0.7741,2117,0.24,0.7741,30,0.245,0.7903,2849,0
SPY190724C300,2019-07-23,2019-07-23 09:37:52,0.25,0.8064,550,0.24,0.7741,2117,0.24,0.7741,30,0.245,0.7903,2849,0
SPY190724C300,2019-07-23,2019-07-23 09:37:53,0.25,0.8064,550,0.24,0.7741,2377,0.24,0.7741,30,0.245,0.7903,2849,0
SPY190724C300,2019-07-23,2019-07-23 09:37:53,0.25,0.8064,550,0.24,0.7741,2117,0.24,0.7741,30,0.245,0.7903,2849,0
SPY190724C300,2019-07-23,2019-07-23 09:37:54,0.25,0.8064,150,0.24,0.7741,1245,0.24,0.7741,30,0.245,0.7903,2849,0
SPY190724C300,2019-07-23,2019-07-23 09:37:55,0.25,0.8064,18,0.24,0.7741,3633,0.25,0.8064,2,0.245,0.7903,2851,2
SPY190724C300,2019-07-23,2019-07-23 09:37:55,0.25,0.8064,18,0.24,0.7741,3962,0.24,0.7741,2,0.245,0.7903,2853,2
SPY190724C300,2019-07-23,2019-07-23 09:37:56,0.25,0.8064,235,0.24,0.7741,3368,0.24,0.7741,2,0.245,0.7903,2853,0
SPY190724C300,2019-07-23,2019-07-23 09:37:56,0.25,0.8064,18,0.24,0.7741,3504,0.24,0.7741,2,0.245,0.7903,2853,0
SPY190724C300,2019-07-23,2019-07-23 09:37:57,0.25,0.8064,458,0.24,0.7741,3745,0.24,0.7741,2,0.245,0.7903,2853,0
SPY190724C300,2019-07-23,2019-07-23 09:37:57,0.25,0.8064,486,0.24,0.7741,2549,0.24,0.7741,488,0.245,0.7903,3695,842
SPY190724C300,2019-07-23,2019-07-23 09:37:58,0.25,0.8064,514,0.24,0.7741,2549,0.24,0.7741,488,0.245,0.7903,3695,0
SPY190724C300,2019-07-23,2019-07-23 09:37:59,0.22,0.7096,5,0.21,0.6774,750,0.24,0.7741,488,0.215,0.6935,3695,0
SPY190724C300,2019-07-23,2019-07-23 09:37:59,0.25,0.8064,1696,0.24,0.7741,2549,0.24,0.7741,488,0.245,0.7903,3695,0
SPY190724C300,2019-07-23,2019-07-23 09:38:00,0.22,0.7096,246,0.21,0.6774,1187,0.24,0.7741,488,0.215,0.6935,3695,0
SPY190724C300,2019-07-23,2019-07-23 09:38:00,0.22,0.7096,246,0.21,0.6774,1519,0.24,0.7741,488,0.215,0.6935,3695,0
SPY190724C300,2019-07-23,2019-07-23 09:38:01,0.22,0.7096,246,0.21,0.6774,1830,0.24,0.7741,488,0.215,0.6935,3695,0
SPY190724C300,2019-07-23,2019-07-23 09:38:02,0.22,0.7096,201,0.21,0.6774,1200,0.24,0.7741,488,0.215,0.6935,3695,0
SPY190724C300,2019-07-23,2019-07-23 09:38:02,0.22,0.7096,271,0.21,0.6774,1830,0.24,0.7741,488,0.215,0.6935,3695,0
SPY190724C300,2019-07-23,2019-07-23 09:38:03,0.23,0.7419,22,0.21,0.6774,3003,0.24,0.7741,488,0.22,0.7096,3695,0
SPY190724C300,2019-07-23,2019-07-23 09:38:04,0.23,0.7419,192,0.22,0.7096,764,0.24,0.7741,488,0.225,0.7258,3695,0
SPY190724C300,2019-07-23,2019-07-23 09:38:04,0.23,0.7419,192,0.22,0.7096,2398,0.24,0.7741,488,0.225,0.7258,3695,0
SPY190724C300,2019-07-23,2019-07-23 09:38:05,0.24,0.7741,6,0.22,0.7096,3503,0.24,0.7741,488,0.23,0.7419,3695,0
SPY190724C300,2019-07-23,2019-07-23 09:38:05,0.24,0.7741,791,0.22,0.7096,1748,0.24,0.7741,488,0.23,0.7419,3695,0
SPY190724C300,2019-07-23,2019-07-23 09:38:06,0.24,0.7741,262,0.23,0.7419,1925,0.24,0.7741,488,0.235,0.758,3695,0
SPY190724C300,2019-07-23,2019-07-23 09:38:06,0.24,0.7741,262,0.23,0.7419,1593,0.24,0.7741,488,0.235,0.758,3695,0
SPY190724C300,2019-07-23,2019-07-23 09:38:07,0.24,0.7741,1528,0.23,0.7419,135,0.24,0.7741,488,0.235,0.758,3695,0
SPY190724C300,2019-07-23,2019-07-23 09:38:08,0.24,0.7741,655,0.23,0.7419,150,0.24,0.7741,488,0.235,0.758,3695,0
SPY190724C300,2019-07-23,2019-07-23 09:38:08,0.24,0.7741,779,0.23,0.7419,155,0.24,0.7741,488,0.235,0.758,3695,0
SPY190724C300,2019-07-23,2019-07-23 09:38:09,0.24,0.7741,1865,0.23,0.7419,299,0.24,0.7741,3,0.235,0.758,3703,8
SPY190724C300,2019-07-23,2019-07-23 09:38:11,0.24,0.7741,2052,0.23,0.7419,299,0.24,0.7741,3,0.235,0.758,3703,0
SPY190724C300,2019-07-23,2019-07-23 09:38:11,0.24,0.7741,1076,0.23,0.7419,299,0.24,0.7741,3,0.235,0.758,3703,0
SPY190724C300,2019-07-23,2019-07-23 09:38:12,0.24,0.7741,3048,0.23,0.7419,4,0.24,0.7741,3,0.235,0.758,3703,0
SPY190724C300,2019-07-23,2019-07-23 09:38:13,0.23,0.7419,636,0.22,0.7096,362,0.23,0.7419,4,0.225,0.7258,3707,4
SPY190724C300,2019-07-23,2019-07-23 09:38:14,0.23,0.7419,345,0.22,0.7096,1644,0.23,0.7419,4,0.225,0.7258,3707,0
SPY190724C300,2019-07-23,2019-07-23 09:38:14,0.23,0.7419,27,0.22,0.7096,629,0.23,0.7419,4,0.225,0.7258,3707,0
SPY190724C300,2019-07-23,2019-07-23 09:38:15,0.23,0.7419,865,0.22,0.7096,1889,0.23,0.7419,4,0.225,0.7258,3707,0
SPY190724C300,2019-07-23,2019-07-23 09:38:15,0.23,0.7419,170,0.22,0.7096,1378,0.23,0.7419,4,0.225,0.7258,3707,0
SPY190724C300,2019-07-23,2019-07-23 09:38:16,0.23,0.7419,958,0.22,0.7096,435,0.23,0.7419,4,0.225,0.7258,3707,0
SPY190724C300,2019-07-23,2019-07-23 09:38:18,0.23,0.7419,112,0.22,0.7096,1084,0.23,0.7419,4,0.225,0.7258,3707,0
SPY190724C300,2019-07-23,2019-07-23 09:38:18,0.23,0.7419,662,0.22,0.7096,2569,0.23,0.7419,4,0.225,0.7258,3707,0
SPY190724C300,2019-07-23,2019-07-23 09:38:19,0.23,0.7419,270,0.22,0.7096,3381,0.23,0.7419,4,0.225,0.7258,3707,0
SPY190724C300,2019-07-23,2019-07-23 09:38:19,0.23,0.7419,270,0.22,0.7096,3375,0.23,0.7419,4,0.225,0.7258,3707,0
SPY190724C300,2019-07-23,2019-07-23 09:38:20,0.23,0.7419,270,0.22,0.7096,3361,0.23,0.7419,4,0.225,0.7258,3707,0
SPY190724C300,2019-07-23,2019-07-23 09:38:21,0.23,0.7419,526,0.22,0.7096,3213,0.23,0.7419,4,0.225,0.7258,3707,0
SPY190724C300,2019-07-23,2019-07-23 09:38:21,0.23,0.7419,294,0.22,0.7096,3043,0.23,0.7419,4,0.225,0.7258,3707,0
SPY190724C300,2019-07-23,2019-07-23 09:38:22,0.23,0.7419,270,0.22,0.7096,3473,0.23,0.7419,4,0.225,0.7258,3707,0
SPY190724C300,2019-07-23,2019-07-23 09:38:23,0.23,0.7419,270,0.22,0.7096,2139,0.22,0.7096,16,0.225,0.7258,3728,21
SPY190724C300,2019-07-23,2019-07-23 09:38:23,0.23,0.7419,270,0.22,0.7096,2440,0.23,0.7419,4,0.225,0.7258,3707,0
SPY190724C300,2019-07-23,2019-07-23 09:38:24,0.23,0.7419,227,0.22,0.7096,2442,0.22,0.7096,16,0.225,0.7258,3728,0
SPY190724C300,2019-07-23,2019-07-23 09:38:25,0.23,0.7419,405,0.22,0.7096,2119,0.23,0.7419,9,0.225,0.7258,3743,15
SPY190724C300,2019-07-23,2019-07-23 09:38:26,0.23,0.7419,404,0.22,0.7096,1063,0.23,0.7419,9,0.225,0.7258,3743,0
SPY190724C300,2019-07-23,2019-07-23 09:38:26,0.23,0.7419,892,0.22,0.7096,156,0.23,0.7419,9,0.225,0.7258,3743,0
SPY190724C300,2019-07-23,2019-07-23 09:38:27,0.23,0.7419,1152,0.22,0.7096,280,0.23,0.7419,9,0.225,0.7258,3743,0
SPY190724C300,2019-07-23,2019-07-23 09:38:28,0.23,0.7419,1770,0.22,0.7096,267,0.22,0.7096,2,0.225,0.7258,3746,2
SPY190724C300,2019-07-23,2019-07-23 09:38:28,0.23,0.7419,1706,0.22,0.7096,280,0.22,0.7096,1,0.225,0.7258,3744,1
SPY190724C300,2019-07-23,2019-07-23 09:38:29,0.23,0.7419,2186,0.22,0.7096,139,0.22,0.7096,2,0.225,0.7258,3746,0
SPY190724C300,2019-07-23,2019-07-23 09:38:30,0.23,0.7419,1942,0.22,0.7096,334,0.22,0.7096,2,0.225,0.7258,3746,0
SPY190724C300,2019-07-23,2019-07-23 09:38:30,0.23,0.7419,2779,0.22,0.7096,139,0.22,0.7096,2,0.225,0.7258,3746,0
SPY190724C300,2019-07-23,2019-07-23 09:38:31,0.23,0.7419,2601,0.22,0.7096,6,0.22,0.7096,2,0.225,0.7258,3746,0
SPY190724C300,2019-07-23,2019-07-23 09:38:32,0.23,0.7419,2706,0.22,0.7096,195,0.22,0.7096,2,0.225,0.7258,3746,0
SPY190724C300,2019-07-23,2019-07-23 09:38:32,0.23,0.7419,2931,0.22,0.7096,51,0.22,0.7096,2,0.225,0.7258,3746,0
SPY190724C300,2019-07-23,2019-07-23 09:38:33,0.23,0.7419,2141,0.22,0.7096,1,0.22,0.7096,1,0.225,0.7258,3748,0
SPY190724C300,2019-07-23,2019-07-23 09:38:33,0.23,0.7419,3122,0.22,0.7096,98,0.22,0.7096,1,0.225,0.7258,3748,2
SPY190724C300,2019-07-23,2019-07-23 09:38:34,0.23,0.7419,964,0.22,0.7096,431,0.22,0.7096,1,0.225,0.7258,3748,0
SPY190724C300,2019-07-23,2019-07-23 09:38:35,0.23,0.7419,914,0.22,0.7096,1621,0.22,0.7096,1,0.225,0.7258,3748,0
SPY190724C300,2019-07-23,2019-07-23 09:38:35,0.23,0.7419,914,0.22,0.7096,2532,0.22,0.7096,1,0.225,0.7258,3748,0
SPY190724C300,2019-07-23,2019-07-23 09:38:36,0.23,0.7419,914,0.22,0.7096,2532,0.22,0.7096,1,0.225,0.7258,3748,0
SPY190724C300,2019-07-23,2019-07-23 09:38:37,0.23,0.7419,912,0.22,0.7096,2812,0.22,0.7096,1,0.225,0.7258,3748,0
SPY190724C300,2019-07-23,2019-07-23 09:38:38,0.23,0.7419,785,0.22,0.7096,2871,0.22,0.7096,1,0.225,0.7258,3748,0
SPY190724C300,2019-07-23,2019-07-23 09:38:38,0.23,0.7419,372,0.22,0.7096,2053,0.22,0.7096,1,0.225,0.7258,3748,0
SPY190724C300,2019-07-23,2019-07-23 09:38:39,0.23,0.7419,372,0.22,0.7096,2053,0.22,0.7096,1,0.225,0.7258,3748,0
SPY190724C300,2019-07-23,2019-07-23 09:38:40,0.23,0.7419,794,0.22,0.7096,2666,0.22,0.7096,1,0.225,0.7258,3748,0
SPY190724C300,2019-07-23,2019-07-23 09:38:40,0.23,0.7419,794,0.22,0.7096,2456,0.22,0.7096,1,0.225,0.7258,3748,0
SPY190724C300,2019-07-23,2019-07-23 09:38:41,0.23,0.7419,255,0.22,0.7096,1343,0.22,0.7096,1,0.225,0.7258,3748,0
SPY190724C300,2019-07-23,2019-07-23 09:38:41,0.23,0.7419,782,0.22,0.7096,2902,0.22,0.7096,1,0.225,0.7258,3748,0
SPY190724C300,2019-07-23,2019-07-23 09:38:42,0.23,0.7419,257,0.22,0.7096,3500,0.22,0.7096,1,0.225,0.7258,3748,0
SPY190724C300,2019-07-23,2019-07-23 09:38:42,0.23,0.7419,100,0.22,0.7096,4906,0.22,0.7096,1,0.225,0.7258,3748,0
SPY190724C300,2019-07-23,2019-07-23 09:38:43,0.23,0.7419,186,0.22,0.7096,5180,0.22,0.7096,1,0.225,0.7258,3748,0
SPY190724C300,2019-07-23,2019-07-23 09:38:43,0.23,0.7419,100,0.22,0.7096,5180,0.22,0.7096,1,0.225,0.7258,3748,0
SPY190724C300,2019-07-23,2019-07-23 09:38:44,0.23,0.7419,12,0.22,0.7096,4150,0.22,0.7096,1,0.225,0.7258,3748,0
SPY190724C300,2019-07-23,2019-07-23 09:38:45,0.23,0.7419,12,0.22,0.7096,4880,0.22,0.7096,1,0.225,0.7258,3748,0
SPY190724C300,2019-07-23,2019-07-23 09:38:45,0.23,0.7419,12,0.22,0.7096,5015,0.22,0.7096,1,0.225,0.7258,3748,0
SPY190724C300,2019-07-23,2019-07-23 09:38:46,0.23,0.7419,109,0.22,0.7096,4660,0.22,0.7096,1,0.225,0.7258,3748,0
SPY190724C300,2019-07-23,2019-07-23 09:38:46,0.23,0.7419,17,0.22,0.7096,3087,0.22,0.7096,1,0.225,0.7258,3748,0
SPY190724C300,2019-07-23,2019-07-23 09:38:47,0.23,0.7419,275,0.22,0.7096,3384,0.22,0.7096,1,0.225,0.7258,3748,0
SPY190724C300,2019-07-23,2019-07-23 09:38:48,0.23,0.7419,238,0.22,0.7096,3421,0.22,0.7096,1,0.225,0.7258,3748,0
SPY190724C300,2019-07-23,2019-07-23 09:38:49,0.23,0.7419,145,0.22,0.7096,3230,0.22,0.7096,1,0.225,0.7258,3748,0
SPY190724C300,2019-07-23,2019-07-23 09:38:49,0.23,0.7419,1113,0.22,0.7096,3230,0.22,0.7096,1,0.225,0.7258,3748,0
SPY190724C300,2019-07-23,2019-07-23 09:38:50,0.23,0.7419,1113,0.22,0.7096,3375,0.22,0.7096,1,0.225,0.7258,3748,0
SPY190724C300,2019-07-23,2019-07-23 09:38:50,0.23,0.7419,1056,0.22,0.7096,2745,0.22,0.7096,1,0.225,0.7258,3748,0
SPY190724C300,2019-07-23,2019-07-23 09:38:51,0.23,0.7419,897,0.22,0.7096,2343,0.22,0.7096,1,0.225,0.7258,3748,0
SPY190724C300,2019-07-23,2019-07-23 09:38:52,0.23,0.7419,909,0.22,0.7096,3389,0.22,0.7096,1,0.225,0.7258,3748,0
SPY190724C300,2019-07-23,2019-07-23 09:38:52,0.22,0.7096,5,0.21,0.6774,3151,0.23,0.7419,66,0.215,0.6935,3948,200
SPY190724C300,2019-07-23,2019-07-23 09:38:53,0.22,0.7096,5,0.21,0.6774,3499,0.23,0.7419,66,0.215,0.6935,3948,0
SPY190724C300,2019-07-23,2019-07-23 09:38:53,0.22,0.7096,5,0.21,0.6774,4729,0.23,0.7419,66,0.215,0.6935,3948,0
SPY190724C300,2019-07-23,2019-07-23 09:38:54,0.22,0.7096,5,0.21,0.6774,4729,0.23,0.7419,66,0.215,0.6935,3948,0
SPY190724C300,2019-07-23,2019-07-23 09:38:55,0.22,0.7096,5,0.21,0.6774,4729,0.23,0.7419,66,0.215,0.6935,3948,0
SPY190724C300,2019-07-23,2019-07-23 09:38:56,0.22,0.7096,5,0.21,0.6774,4729,0.23,0.7419,66,0.215,0.6935,3948,0
SPY190724C300,2019-07-23,2019-07-23 09:38:57,0.22,0.7096,329,0.21,0.6774,2994,0.23,0.7419,66,0.215,0.6935,3948,0
SPY190724C300,2019-07-23,2019-07-23 09:38:58,0.22,0.7096,13,0.21,0.6774,2242,0.23,0.7419,66,0.215,0.6935,3948,0
SPY190724C300,2019-07-23,2019-07-23 09:38:58,0.23,0.7419,896,0.21,0.6774,5233,0.23,0.7419,66,0.22,0.7096,3948,0
SPY190724C300,2019-07-23,2019-07-23 09:38:59,0.23,0.7419,896,0.22,0.7096,1417,0.22,0.7096,1,0.225,0.7258,3949,1
SPY190724C300,2019-07-23,2019-07-23 09:38:59,0.23,0.7419,896,0.22,0.7096,2859,0.22,0.7096,1,0.225,0.7258,3949,0
SPY190724C300,2019-07-23,2019-07-23 09:39:00,0.23,0.7419,896,0.22,0.7096,2859,0.22,0.7096,1,0.225,0.7258,3949,0
SPY190724C300,2019-07-23,2019-07-23 09:39:01,0.23,0.7419,262,0.22,0.7096,4045,0.22,0.7096,1,0.225,0.7258,3949,0
SPY190724C300,2019-07-23,2019-07-23 09:39:01,0.23,0.7419,262,0.22,0.7096,4533,0.22,0.7096,1,0.225,0.7258,3949,0
SPY190724C300,2019-07-23,2019-07-23 09:39:02,0.23,0.7419,9,0.22,0.7096,4533,0.22,0.7096,1,0.225,0.7258,3949,0
SPY190724C300,2019-07-23,2019-07-23 09:39:03,0.23,0.7419,4,0.22,0.7096,1650,0.22,0.7096,1,0.225,0.7258,3949,0
SPY190724C300,2019-07-23,2019-07-23 09:39:04,0.23,0.7419,262,0.22,0.7096,1756,0.22,0.7096,30,0.225,0.7258,3979,0
SPY190724C300,2019-07-23,2019-07-23 09:39:04,0.23,0.7419,262,0.22,0.7096,2944,0.22,0.7096,30,0.225,0.7258,3979,30
SPY190724C300,2019-07-23,2019-07-23 09:39:05,0.23,0.7419,390,0.22,0.7096,1919,0.22,0.7096,30,0.225,0.7258,3979,0
SPY190724C300,2019-07-23,2019-07-23 09:39:05,0.23,0.7419,785,0.22,0.7096,1585,0.22,0.7096,30,0.225,0.7258,3979,0
SPY190724C300,2019-07-23,2019-07-23 09:39:06,0.23,0.7419,390,0.22,0.7096,1919,0.22,0.7096,30,0.225,0.7258,3979,0
SPY190724C300,2019-07-23,2019-07-23 09:39:07,0.23,0.7419,537,0.22,0.7096,2910,0.22,0.7096,30,0.225,0.7258,3979,0
SPY190724C300,2019-07-23,2019-07-23 09:39:07,0.23,0.7419,822,0.22,0.7096,2910,0.22,0.7096,30,0.225,0.7258,3979,0
SPY190724C300,2019-07-23,2019-07-23 09:39:08,0.23,0.7419,839,0.22,0.7096,2910,0.22,0.7096,30,0.225,0.7258,3979,0
SPY190724C300,2019-07-23,2019-07-23 09:39:09,0.23,0.7419,532,0.22,0.7096,2289,0.22,0.7096,30,0.225,0.7258,3979,0
SPY190724C300,2019-07-23,2019-07-23 09:39:09,0.23,0.7419,822,0.22,0.7096,2764,0.22,0.7096,30,0.225,0.7258,3979,0
SPY190724C300,2019-07-23,2019-07-23 09:39:10,0.23,0.7419,532,0.22,0.7096,2142,0.22,0.7096,30,0.225,0.7258,3979,0
SPY190724C300,2019-07-23,2019-07-23 09:39:10,0.23,0.7419,922,0.22,0.7096,2142,0.22,0.7096,30,0.225,0.7258,3979,0
SPY190724C300,2019-07-23,2019-07-23 09:39:11,0.23,0.7419,547,0.22,0.7096,1197,0.22,0.7096,30,0.225,0.7258,3979,0
SPY190724C300,2019-07-23,2019-07-23 09:39:12,0.23,0.7419,506,0.22,0.7096,4138,0.22,0.7096,30,0.225,0.7258,3979,0
SPY190724C300,2019-07-23,2019-07-23 09:39:12,0.23,0.7419,506,0.22,0.7096,1872,0.22,0.7096,30,0.225,0.7258,3979,0
SPY190724C300,2019-07-23,2019-07-23 09:39:13,0.23,0.7419,131,0.22,0.7096,4685,0.22,0.7096,30,0.225,0.7258,3979,0
SPY190724C300,2019-07-23,2019-07-23 09:39:13,0.23,0.7419,15,0.22,0.7096,3006,0.22,0.7096,30,0.225,0.7258,3979,0
SPY190724C300,2019-07-23,2019-07-23 09:39:14,0.23,0.7419,9,0.22,0.7096,3006,0.22,0.7096,30,0.225,0.7258,3979,0
SPY190724C300,2019-07-23,2019-07-23 09:39:14,0.23,0.7419,9,0.22,0.7096,3177,0.22,0.7096,30,0.225,0.7258,3979,0
SPY190724C300,2019-07-23,2019-07-23 09:39:15,0.23,0.7419,9,0.22,0.7096,5014,0.22,0.7096,30,0.225,0.7258,3979,0
SPY190724C300,2019-07-23,2019-07-23 09:39:16,0.23,0.7419,100,0.22,0.7096,4910,0.23,0.7419,3,0.225,0.7258,3986,7
SPY190724C300,2019-07-23,2019-07-23 09:39:16,0.23,0.7419,9,0.22,0.7096,3719,0.23,0.7419,3,0.225,0.7258,3979,0
SPY190724C300,2019-07-23,2019-07-23 09:39:17,0.23,0.7419,100,0.22,0.7096,4910,0.23,0.7419,1,0.225,0.7258,3987,1
SPY190724C300,2019-07-23,2019-07-23 09:39:17,0.23,0.7419,100,0.22,0.7096,4910,0.23,0.7419,3,0.225,0.7258,3986,0
SPY190724C300,2019-07-23,2019-07-23 09:39:18,0.23,0.7419,45,0.22,0.7096,4334,0.23,0.7419,1,0.225,0.7258,3987,0
SPY190724C300,2019-07-23,2019-07-23 09:39:19,0.23,0.7419,45,0.22,0.7096,3369,0.23,0.7419,1,0.225,0.7258,3987,0
SPY190724C300,2019-07-23,2019-07-23 09:39:19,0.23,0.7419,362,0.22,0.7096,1967,0.23,0.7419,1,0.225,0.7258,3987,0
SPY190724C300,2019-07-23,2019-07-23 09:39:20,0.23,0.7419,1700,0.22,0.7096,26,0.23,0.7419,1,0.225,0.7258,3987,0
SPY190724C300,2019-07-23,2019-07-23 09:39:20,0.23,0.7419,1483,0.22,0.7096,20,0.23,0.7419,1,0.225,0.7258,3987,0
SPY190724C300,2019-07-23,2019-07-23 09:39:21,0.23,0.7419,1997,0.22,0.7096,26,0.23,0.7419,1,0.225,0.7258,3987,0
SPY190724C300,2019-07-23,2019-07-23 09:39:22,0.23,0.7419,1278,0.22,0.7096,90,0.23,0.7419,5,0.225,0.7258,3992,5
SPY190724C300,2019-07-23,2019-07-23 09:39:22,0.23,0.7419,1278,0.22,0.7096,26,0.23,0.7419,1,0.225,0.7258,3987,0
SPY190724C300,2019-07-23,2019-07-23 09:39:23,0.23,0.7419,1841,0.22,0.7096,90,0.23,0.7419,5,0.225,0.7258,3992,0
SPY190724C300,2019-07-23,2019-07-23 09:39:23,0.23,0.7419,1581,0.22,0.7096,90,0.23,0.7419,5,0.225,0.7258,3992,0
SPY190724C300,2019-07-23,2019-07-23 09:39:24,0.23,0.7419,2315,0.22,0.7096,20,0.23,0.7419,5,0.225,0.7258,3992,0
SPY190724C300,2019-07-23,2019-07-23 09:39:25,0.23,0.7419,2124,0.22,0.7096,20,0.23,0.7419,5,0.225,0.7258,3992,0
SPY190724C300,2019-07-23,2019-07-23 09:39:26,0.23,0.7419,1912,0.22,0.7096,90,0.23,0.7419,5,0.225,0.7258,3992,0
SPY190724C300,2019-07-23,2019-07-23 09:39:27,0.23,0.7419,1801,0.22,0.7096,90,0.23,0.7419,5,0.225,0.7258,3992,0
SPY190724C300,2019-07-23,2019-07-23 09:39:27,0.23,0.7419,1801,0.22,0.7096,304,0.23,0.7419,5,0.225,0.7258,3992,0
SPY190724C300,2019-07-23,2019-07-23 09:39:28,0.23,0.7419,401,0.22,0.7096,2532,0.23,0.7419,5,0.225,0.7258,3992,0
SPY190724C300,2019-07-23,2019-07-23 09:39:28,0.23,0.7419,401,0.22,0.7096,589,0.23,0.7419,5,0.225,0.7258,3992,0
SPY190724C300,2019-07-23,2019-07-23 09:39:29,0.23,0.7419,5,0.22,0.7096,3520,0.23,0.7419,5,0.225,0.7258,3992,0
SPY190724C300,2019-07-23,2019-07-23 09:39:30,0.23,0.7419,5,0.22,0.7096,3738,0.23,0.7419,5,0.225,0.7258,3992,0
SPY190724C300,2019-07-23,2019-07-23 09:39:30,0.23,0.7419,100,0.22,0.7096,3969,0.23,0.7419,5,0.225,0.7258,3992,0
SPY190724C300,2019-07-23,2019-07-23 09:39:31,0.23,0.7419,110,0.22,0.7096,3338,0.23,0.7419,5,0.225,0.7258,3992,0
SPY190724C300,2019-07-23,2019-07-23 09:39:32,0.23,0.7419,258,0.22,0.7096,3287,0.23,0.7419,5,0.225,0.7258,3992,0
SPY190724C300,2019-07-23,2019-07-23 09:39:32,0.23,0.7419,110,0.22,0.7096,3838,0.23,0.7419,5,0.225,0.7258,3992,0
SPY190724C300,2019-07-23,2019-07-23 09:39:33,0.23,0.7419,348,0.22,0.7096,2040,0.23,0.7419,5,0.225,0.7258,3992,0
SPY190724C300,2019-07-23,2019-07-23 09:39:34,0.23,0.7419,552,0.22,0.7096,1894,0.23,0.7419,5,0.225,0.7258,3992,0
SPY190724C300,2019-07-23,2019-07-23 09:39:34,0.23,0.7419,1352,0.22,0.7096,482,0.23,0.7419,5,0.225,0.7258,3992,0
SPY190724C300,2019-07-23,2019-07-23 09:39:35,0.23,0.7419,1742,0.22,0.7096,240,0.23,0.7419,5,0.225,0.7258,3992,0
SPY190724C300,2019-07-23,2019-07-23 09:39:36,0.23,0.7419,2008,0.22,0.7096,240,0.23,0.7419,5,0.225,0.7258,3992,0
SPY190724C300,2019-07-23,2019-07-23 09:39:36,0.23,0.7419,2015,0.22,0.7096,250,0.23,0.7419,5,0.225,0.7258,3992,0
SPY190724C300,2019-07-23,2019-07-23 09:39:37,0.23,0.7419,1774,0.22,0.7096,308,0.23,0.7419,5,0.225,0.7258,3992,0
SPY190724C300,2019-07-23,2019-07-23 09:39:37,0.23,0.7419,2015,0.22,0.7096,250,0.23,0.7419,5,0.225,0.7258,3992,0
SPY190724C300,2019-07-23,2019-07-23 09:39:38,0.23,0.7419,3003,0.22,0.7096,251,0.23,0.7419,5,0.225,0.7258,3992,0
SPY190724C300,2019-07-23,2019-07-23 09:39:38,0.23,0.7419,2015,0.22,0.7096,250,0.23,0.7419,5,0.225,0.7258,3992,0
SPY190724C300,2019-07-23,2019-07-23 09:39:39,0.23,0.7419,2047,0.22,0.7096,273,0.23,0.7419,5,0.225,0.7258,3992,0
SPY190724C300,2019-07-23,2019-07-23 09:39:40,0.23,0.7419,3042,0.22,0.7096,445,0.23,0.7419,5,0.225,0.7258,3992,0
SPY190724C300,2019-07-23,2019-07-23 09:39:40,0.23,0.7419,2666,0.22,0.7096,996,0.23,0.7419,5,0.225,0.7258,3992,0
SPY190724C300,2019-07-23,2019-07-23 09:39:41,0.23,0.7419,2659,0.22,0.7096,1141,0.23,0.7419,5,0.225,0.7258,3992,0
SPY190724C300,2019-07-23,2019-07-23 09:39:42,0.23,0.7419,1666,0.22,0.7096,500,0.22,0.7096,6,0.225,0.7258,4017,25
SPY190724C300,2019-07-23,2019-07-23 09:39:42,0.23,0.7419,1632,0.22,0.7096,500,0.22,0.7096,6,0.225,0.7258,4017,0
SPY190724C300,2019-07-23,2019-07-23 09:39:43,0.23,0.7419,2384,0.22,0.7096,794,0.22,0.7096,6,0.225,0.7258,4017,0
SPY190724C300,2019-07-23,2019-07-23 09:39:43,0.23,0.7419,2384,0.22,0.7096,1603,0.22,0.7096,6,0.225,0.7258,4017,0
SPY190724C300,2019-07-23,2019-07-23 09:39:44,0.23,0.7419,171,0.22,0.7096,1900,0.22,0.7096,6,0.225,0.7258,4017,0
SPY190724C300,2019-07-23,2019-07-23 09:39:45,0.23,0.7419,1222,0.22,0.7096,336,0.22,0.7096,6,0.225,0.7258,4017,0
SPY190724C300,2019-07-23,2019-07-23 09:39:45,0.23,0.7419,540,0.22,0.7096,336,0.22,0.7096,6,0.225,0.7258,4017,0
SPY190724C300,2019-07-23,2019-07-23 09:39:46,0.23,0.7419,409,0.22,0.7096,2892,0.22,0.7096,6,0.225,0.7258,4017,0
SPY190724C300,2019-07-23,2019-07-23 09:39:46,0.23,0.7419,2024,0.22,0.7096,1527,0.22,0.7096,6,0.225,0.7258,4017,0
SPY190724C300,2019-07-23,2019-07-23 09:39:47,0.23,0.7419,409,0.22,0.7096,2892,0.22,0.7096,6,0.225,0.7258,4017,0
SPY190724C300,2019-07-23,2019-07-23 09:39:47,0.23,0.7419,348,0.22,0.7096,2768,0.22,0.7096,1,0.225,0.7258,4018,1
SPY190724C300,2019-07-23,2019-07-23 09:39:48,0.23,0.7419,348,0.22,0.7096,3904,0.22,0.7096,1,0.225,0.7258,4018,0
SPY190724C300,2019-07-23,2019-07-23 09:39:49,0.23,0.7419,348,0.22,0.7096,3904,0.22,0.7096,1,0.225,0.7258,4018,0
SPY190724C300,2019-07-23,2019-07-23 09:39:49,0.23,0.7419,348,0.22,0.7096,4320,0.22,0.7096,1,0.225,0.7258,4018,0
SPY190724C300,2019-07-23,2019-07-23 09:39:50,0.23,0.7419,348,0.22,0.7096,2382,0.22,0.7096,1,0.225,0.7258,4018,0
SPY190724C300,2019-07-23,2019-07-23 09:39:51,0.23,0.7419,348,0.22,0.7096,3182,0.22,0.7096,1,0.225,0.7258,4018,0
SPY190724C300,2019-07-23,2019-07-23 09:39:52,0.23,0.7419,100,0.22,0.7096,1610,0.22,0.7096,20,0.225,0.7258,4038,20
SPY190724C300,2019-07-23,2019-07-23 09:39:53,0.23,0.7419,100,0.22,0.7096,2959,0.22,0.7096,20,0.225,0.7258,4038,0
SPY190724C300,2019-07-23,2019-07-23 09:39:53,0.23,0.7419,406,0.22,0.7096,2830,0.22,0.7096,20,0.225,0.7258,4038,0
SPY190724C300,2019-07-23,2019-07-23 09:39:54,0.23,0.7419,1946,0.22,0.7096,501,0.22,0.7096,20,0.225,0.7258,4038,0
SPY190724C300,2019-07-23,2019-07-23 09:39:54,0.23,0.7419,1066,0.22,0.7096,501,0.22,0.7096,20,0.225,0.7258,4038,0
SPY190724C300,2019-07-23,2019-07-23 09:39:55,0.23,0.7419,1941,0.22,0.7096,501,0.22,0.7096,20,0.225,0.7258,4038,0
SPY190724C300,2019-07-23,2019-07-23 09:39:55,0.23,0.7419,2322,0.22,0.7096,573,0.22,0.7096,20,0.225,0.7258,4038,0
SPY190724C300,2019-07-23,2019-07-23 09:39:56,0.23,0.7419,2503,0.22,0.7096,949,0.22,0.7096,20,0.225,0.7258,4038,0
SPY190724C300,2019-07-23,2019-07-23 09:39:57,0.23,0.7419,2150,0.22,0.7096,1085,0.22,0.7096,20,0.225,0.7258,4038,0
SPY190724C300,2019-07-23,2019-07-23 09:39:57,0.23,0.7419,2503,0.22,0.7096,1249,0.22,0.7096,20,0.225,0.7258,4038,0
SPY190724C300,2019-07-23,2019-07-23 09:39:58,0.23,0.7419,2157,0.22,0.7096,1048,0.22,0.7096,20,0.225,0.7258,4038,0
SPY190724C300,2019-07-23,2019-07-23 09:39:58,0.23,0.7419,2157,0.22,0.7096,1318,0.22,0.7096,20,0.225,0.7258,4038,0
SPY190724C300,2019-07-23,2019-07-23 09:39:59,0.23,0.7419,2350,0.22,0.7096,1318,0.23,0.7419,1,0.225,0.7258,4044,6
SPY190724C300,2019-07-23,2019-07-23 09:39:59,0.23,0.7419,2299,0.22,0.7096,1318,0.23,0.7419,1,0.225,0.7258,4044,0
SPY190724C300,2019-07-23,2019-07-23 09:40:00,0.23,0.7419,2299,0.22,0.7096,1318,0.23,0.7419,1,0.225,0.7258,4044,0
SPY190724C300,2019-07-23,2019-07-23 09:40:00,0.23,0.7419,2297,0.22,0.7096,1318,0.23,0.7419,1,0.225,0.7258,4044,0
SPY190724C300,2019-07-23,2019-07-23 09:40:01,0.23,0.7419,631,0.22,0.7096,1460,0.23,0.7419,1,0.225,0.7258,4044,0
SPY190724C300,2019-07-23,2019-07-23 09:40:02,0.23,0.7419,480,0.22,0.7096,3334,0.23,0.7419,1,0.225,0.7258,4044,0
SPY190724C300,2019-07-23,2019-07-23 09:40:02,0.23,0.7419,400,0.22,0.7096,3334,0.23,0.7419,1,0.225,0.7258,4044,0
SPY190724C300,2019-07-23,2019-07-23 09:40:03,0.23,0.7419,480,0.22,0.7096,2692,0.23,0.7419,1,0.225,0.7258,4044,0
SPY190724C300,2019-07-23,2019-07-23 09:40:03,0.23,0.7419,605,0.22,0.7096,2692,0.23,0.7419,1,0.225,0.7258,4044,0
SPY190724C300,2019-07-23,2019-07-23 09:40:04,0.23,0.7419,11,0.22,0.7096,2705,0.23,0.7419,1,0.225,0.7258,4044,0
SPY190724C300,2019-07-23,2019-07-23 09:40:05,0.23,0.7419,489,0.22,0.7096,2099,0.23,0.7419,1,0.225,0.7258,4044,0
SPY190724C300,2019-07-23,2019-07-23 09:40:06,0.23,0.7419,489,0.22,0.7096,1966,0.23,0.7419,1,0.225,0.7258,4044,0
SPY190724C300,2019-07-23,2019-07-23 09:40:07,0.23,0.7419,54,0.22,0.7096,1966,0.23,0.7419,1,0.225,0.7258,4044,0
SPY190724C300,2019-07-23,2019-07-23 09:40:08,0.23,0.7419,93,0.22,0.7096,2989,0.23,0.7419,1,0.225,0.7258,4044,0
SPY190724C300,2019-07-23,2019-07-23 09:40:08,0.23,0.7419,73,0.22,0.7096,2989,0.23,0.7419,1,0.225,0.7258,4044,0
SPY190724C300,2019-07-23,2019-07-23 09:40:09,0.23,0.7419,73,0.22,0.7096,2989,0.23,0.7419,1,0.225,0.7258,4044,0
SPY190724C300,2019-07-23,2019-07-23 09:40:09,0.23,0.7419,63,0.22,0.7096,2989,0.23,0.7419,1,0.225,0.7258,4044,0
SPY190724C300,2019-07-23,2019-07-23 09:40:10,0.23,0.7419,104,0.22,0.7096,2989,0.23,0.7419,1,0.225,0.7258,4044,0
SPY190724C300,2019-07-23,2019-07-23 09:40:11,0.23,0.7419,104,0.22,0.7096,2989,0.23,0.7419,1,0.225,0.7258,4044,0
SPY190724C300,2019-07-23,2019-07-23 09:40:12,0.23,0.7419,35,0.22,0.7096,2989,0.23,0.7419,1,0.225,0.7258,4044,0
SPY190724C300,2019-07-23,2019-07-23 09:40:12,0.23,0.7419,55,0.22,0.7096,2989,0.23,0.7419,1,0.225,0.7258,4044,0
SPY190724C300,2019-07-23,2019-07-23 09:40:13,0.23,0.7419,11,0.22,0.7096,2989,0.23,0.7419,1,0.225,0.7258,4044,0
SPY190724C300,2019-07-23,2019-07-23 09:40:13,0.23,0.7419,11,0.22,0.7096,2465,0.23,0.7419,1,0.225,0.7258,4044,0
SPY190724C300,2019-07-23,2019-07-23 09:40:14,0.23,0.7419,63,0.22,0.7096,3808,0.23,0.7419,1,0.225,0.7258,4044,0
SPY190724C300,2019-07-23,2019-07-23 09:40:14,0.23,0.7419,11,0.22,0.7096,2658,0.23,0.7419,1,0.225,0.7258,4044,0
SPY190724C300,2019-07-23,2019-07-23 09:40:15,0.23,0.7419,63,0.22,0.7096,3808,0.23,0.7419,1,0.225,0.7258,4044,0
SPY190724C300,2019-07-23,2019-07-23 09:40:16,0.23,0.7419,59,0.22,0.7096,3808,0.23,0.7419,1,0.225,0.7258,4044,0
SPY190724C300,2019-07-23,2019-07-23 09:40:17,0.23,0.7419,59,0.22,0.7096,4379,0.23,0.7419,1,0.225,0.7258,4044,0
SPY190724C300,2019-07-23,2019-07-23 09:40:18,0.23,0.7419,59,0.22,0.7096,3808,0.22,0.7096,2,0.225,0.7258,4046,2
SPY190724C300,2019-07-23,2019-07-23 09:40:18,0.23,0.7419,59,0.22,0.7096,3958,0.22,0.7096,2,0.225,0.7258,4046,0
SPY190724C300,2019-07-23,2019-07-23 09:40:19,0.23,0.7419,59,0.22,0.7096,4551,0.22,0.7096,2,0.225,0.7258,4046,0
SPY190724C300,2019-07-23,2019-07-23 09:40:20,0.23,0.7419,59,0.22,0.7096,3958,0.22,0.7096,2,0.225,0.7258,4046,0
SPY190724C300,2019-07-23,2019-07-23 09:40:21,0.23,0.7419,59,0.22,0.7096,3958,0.22,0.7096,2,0.225,0.7258,4046,0
SPY190724C300,2019-07-23,2019-07-23 09:40:22,0.23,0.7419,59,0.22,0.7096,3977,0.22,0.7096,2,0.225,0.7258,4046,0
SPY190724C300,2019-07-23,2019-07-23 09:40:22,0.23,0.7419,59,0.22,0.7096,3767,0.22,0.7096,2,0.225,0.7258,4046,0
SPY190724C300,2019-07-23,2019-07-23 09:40:23,0.23,0.7419,59,0.22,0.7096,3193,0.22,0.7096,2,0.225,0.7258,4046,0
SPY190724C300,2019-07-23,2019-07-23 09:40:23,0.23,0.7419,241,0.22,0.7096,3193,0.22,0.7096,2,0.225,0.7258,4046,0
SPY190724C300,2019-07-23,2019-07-23 09:40:24,0.23,0.7419,506,0.22,0.7096,773,0.22,0.7096,2,0.225,0.7258,4046,0
SPY190724C300,2019-07-23,2019-07-23 09:40:24,0.23,0.7419,506,0.22,0.7096,1657,0.23,0.7419,1,0.225,0.7258,4047,1
SPY190724C300,2019-07-23,2019-07-23 09:40:25,0.23,0.7419,11,0.22,0.7096,2706,0.23,0.7419,1,0.225,0.7258,4047,0
SPY190724C300,2019-07-23,2019-07-23 09:40:26,0.23,0.7419,54,0.22,0.7096,2749,0.23,0.7419,1,0.225,0.7258,4047,0
SPY190724C300,2019-07-23,2019-07-23 09:40:26,0.23,0.7419,54,0.22,0.7096,3919,0.23,0.7419,1,0.225,0.7258,4047,0
SPY190724C300,2019-07-23,2019-07-23 09:40:27,0.23,0.7419,54,0.22,0.7096,3986,0.23,0.7419,1,0.225,0.7258,4047,0
SPY190724C300,2019-07-23,2019-07-23 09:40:27,0.23,0.7419,54,0.22,0.7096,3995,0.23,0.7419,1,0.225,0.7258,4047,0
SPY190724C300,2019-07-23,2019-07-23 09:40:28,0.23,0.7419,30,0.22,0.7096,3995,0.23,0.7419,1,0.225,0.7258,4047,0
SPY190724C300,2019-07-23,2019-07-23 09:40:29,0.23,0.7419,30,0.22,0.7096,3931,0.23,0.7419,1,0.225,0.7258,4047,0
SPY190724C300,2019-07-23,2019-07-23 09:40:29,0.23,0.7419,864,0.22,0.7096,1322,0.23,0.7419,1,0.225,0.7258,4047,0
SPY190724C300,2019-07-23,2019-07-23 09:40:30,0.23,0.7419,834,0.22,0.7096,3717,0.22,0.7096,1,0.225,0.7258,4048,0
SPY190724C300,2019-07-23,2019-07-23 09:40:30,0.23,0.7419,834,0.22,0.7096,3717,0.22,0.7096,1,0.225,0.7258,4048,1
SPY190724C300,2019-07-23,2019-07-23 09:40:31,0.23,0.7419,834,0.22,0.7096,3717,0.22,0.7096,1,0.225,0.7258,4048,0
SPY190724C300,2019-07-23,2019-07-23 09:40:32,0.23,0.7419,834,0.22,0.7096,3717,0.22,0.7096,1,0.225,0.7258,4048,0
SPY190724C300,2019-07-23,2019-07-23 09:40:33,0.23,0.7419,744,0.22,0.7096,3717,0.22,0.7096,1,0.225,0.7258,4048,0
SPY190724C300,2019-07-23,2019-07-23 09:40:33,0.23,0.7419,301,0.22,0.7096,4045,0.22,0.7096,1,0.225,0.7258,4048,0
SPY190724C300,2019-07-23,2019-07-23 09:40:34,0.23,0.7419,243,0.22,0.7096,2869,0.22,0.7096,1,0.225,0.7258,4048,0
SPY190724C300,2019-07-23,2019-07-23 09:40:34,0.23,0.7419,301,0.22,0.7096,4045,0.22,0.7096,1,0.225,0.7258,4048,0
SPY190724C300,2019-07-23,2019-07-23 09:40:35,0.23,0.7419,243,0.22,0.7096,2933,0.22,0.7096,1,0.225,0.7258,4048,0
SPY190724C300,2019-07-23,2019-07-23 09:40:35,0.23,0.7419,243,0.22,0.7096,3432,0.22,0.7096,1,0.225,0.7258,4048,0
SPY190724C300,2019-07-23,2019-07-23 09:40:36,0.23,0.7419,243,0.22,0.7096,4046,0.22,0.7096,1,0.225,0.7258,4048,0
SPY190724C300,2019-07-23,2019-07-23 09:40:37,0.23,0.7419,243,0.22,0.7096,3295,0.22,0.7096,1,0.225,0.7258,4048,0
SPY190724C300,2019-07-23,2019-07-23 09:40:37,0.23,0.7419,243,0.22,0.7096,2626,0.22,0.7096,1,0.225,0.7258,4048,0
SPY190724C300,2019-07-23,2019-07-23 09:40:38,0.23,0.7419,193,0.22,0.7096,4055,0.23,0.7419,11,0.225,0.7258,4068,0
SPY190724C300,2019-07-23,2019-07-23 09:40:38,0.23,0.7419,193,0.22,0.7096,4131,0.23,0.7419,11,0.225,0.7258,4068,20
SPY190724C300,2019-07-23,2019-07-23 09:40:39,0.23,0.7419,172,0.22,0.7096,4175,0.23,0.7419,11,0.225,0.7258,4068,0
SPY190724C300,2019-07-23,2019-07-23 09:40:39,0.23,0.7419,172,0.22,0.7096,4202,0.23,0.7419,11,0.225,0.7258,4068,0
SPY190724C300,2019-07-23,2019-07-23 09:40:40,0.23,0.7419,172,0.22,0.7096,4038,0.23,0.7419,11,0.225,0.7258,4068,0
SPY190724C300,2019-07-23,2019-07-23 09:40:40,0.23,0.7419,172,0.22,0.7096,4138,0.23,0.7419,11,0.225,0.7258,4068,0
SPY190724C300,2019-07-23,2019-07-23 09:40:41,0.23,0.7419,172,0.22,0.7096,4038,0.22,0.7096,2,0.225,0.7258,4070,2
SPY190724C300,2019-07-23,2019-07-23 09:40:42,0.23,0.7419,172,0.22,0.7096,4019,0.22,0.7096,2,0.225,0.7258,4070,0
SPY190724C300,2019-07-23,2019-07-23 09:40:42,0.23,0.7419,174,0.22,0.7096,4083,0.22,0.7096,2,0.225,0.7258,4070,0
SPY190724C300,2019-07-23,2019-07-23 09:40:43,0.23,0.7419,174,0.22,0.7096,4083,0.22,0.7096,2,0.225,0.7258,4070,0
SPY190724C300,2019-07-23,2019-07-23 09:40:43,0.23,0.7419,174,0.22,0.7096,4133,0.22,0.7096,2,0.225,0.7258,4070,0
SPY190724C300,2019-07-23,2019-07-23 09:40:44,0.23,0.7419,193,0.22,0.7096,2854,0.22,0.7096,2,0.225,0.7258,4070,0
SPY190724C300,2019-07-23,2019-07-23 09:40:44,0.23,0.7419,174,0.22,0.7096,4149,0.22,0.7096,2,0.225,0.7258,4070,0
SPY190724C300,2019-07-23,2019-07-23 09:40:45,0.23,0.7419,392,0.22,0.7096,4022,0.23,0.7419,2,0.225,0.7258,4073,2
SPY190724C300,2019-07-23,2019-07-23 09:40:45,0.23,0.7419,193,0.22,0.7096,2832,0.23,0.7419,1,0.225,0.7258,4071,1
SPY190724C300,2019-07-23,2019-07-23 09:40:46,0.23,0.7419,195,0.22,0.7096,2832,0.23,0.7419,2,0.225,0.7258,4073,0
SPY190724C300,2019-07-23,2019-07-23 09:40:47,0.23,0.7419,98,0.22,0.7096,4771,0.23,0.7419,2,0.225,0.7258,4073,0
SPY190724C300,2019-07-23,2019-07-23 09:40:47,0.24,0.7741,798,0.23,0.7419,240,0.23,0.7419,2,0.235,0.758,4073,0
SPY190724C300,2019-07-23,2019-07-23 09:40:48,0.24,0.7741,1651,0.23,0.7419,1002,0.23,0.7419,2,0.235,0.758,4073,0
SPY190724C300,2019-07-23,2019-07-23 09:40:48,0.24,0.7741,1235,0.23,0.7419,703,0.23,0.7419,2,0.235,0.758,4073,0
SPY190724C300,2019-07-23,2019-07-23 09:40:49,0.24,0.7741,1635,0.23,0.7419,957,0.23,0.7419,2,0.235,0.758,4073,0
SPY190724C300,2019-07-23,2019-07-23 09:40:49,0.24,0.7741,1651,0.23,0.7419,957,0.23,0.7419,2,0.235,0.758,4073,0
SPY190724C300,2019-07-23,2019-07-23 09:40:50,0.24,0.7741,1635,0.23,0.7419,957,0.23,0.7419,2,0.235,0.758,4073,0
SPY190724C300,2019-07-23,2019-07-23 09:40:50,0.24,0.7741,3597,0.23,0.7419,319,0.23,0.7419,2,0.235,0.758,4073,0
SPY190724C300,2019-07-23,2019-07-23 09:40:51,0.24,0.7741,3766,0.23,0.7419,130,0.23,0.7419,2,0.235,0.758,4073,0
SPY190724C300,2019-07-23,2019-07-23 09:40:52,0.23,0.7419,144,0.22,0.7096,4399,0.24,0.7741,10,0.225,0.7258,4083,0
SPY190724C300,2019-07-23,2019-07-23 09:40:52,0.23,0.7419,16,0.22,0.7096,4304,0.24,0.7741,10,0.225,0.7258,4083,10
SPY190724C300,2019-07-23,2019-07-23 09:40:53,0.23,0.7419,191,0.22,0.7096,4422,0.24,0.7741,10,0.225,0.7258,4083,0
SPY190724C300,2019-07-23,2019-07-23 09:40:54,0.24,0.7741,1288,0.22,0.7096,5284,0.24,0.7741,10,0.23,0.7419,4083,0
SPY190724C300,2019-07-23,2019-07-23 09:40:55,0.24,0.7741,2603,0.23,0.7419,180,0.24,0.7741,10,0.235,0.758,4083,0
SPY190724C300,2019-07-23,2019-07-23 09:40:56,0.24,0.7741,2761,0.23,0.7419,191,0.24,0.7741,10,0.235,0.758,4083,0
SPY190724C300,2019-07-23,2019-07-23 09:40:56,0.24,0.7741,2742,0.23,0.7419,90,0.24,0.7741,10,0.235,0.758,4083,0
SPY190724C300,2019-07-23,2019-07-23 09:40:57,0.24,0.7741,3062,0.23,0.7419,584,0.24,0.7741,10,0.235,0.758,4083,0
SPY190724C300,2019-07-23,2019-07-23 09:40:58,0.24,0.7741,3062,0.23,0.7419,972,0.24,0.7741,10,0.235,0.758,4083,0
SPY190724C300,2019-07-23,2019-07-23 09:40:58,0.24,0.7741,2236,0.23,0.7419,1085,0.24,0.7741,10,0.235,0.758,4083,0
SPY190724C300,2019-07-23,2019-07-23 09:40:59,0.24,0.7741,1782,0.23,0.7419,1085,0.24,0.7741,10,0.235,0.758,4083,0
SPY190724C300,2019-07-23,2019-07-23 09:41:00,0.24,0.7741,2193,0.23,0.7419,1253,0.24,0.7741,10,0.235,0.758,4083,0
SPY190724C300,2019-07-23,2019-07-23 09:41:01,0.24,0.7741,1688,0.23,0.7419,1253,0.24,0.7741,10,0.235,0.758,4083,0
SPY190724C300,2019-07-23,2019-07-23 09:41:01,0.24,0.7741,2193,0.23,0.7419,1253,0.24,0.7741,10,0.235,0.758,4083,0
SPY190724C300,2019-07-23,2019-07-23 09:41:02,0.24,0.7741,1688,0.23,0.7419,1398,0.24,0.7741,10,0.235,0.758,4083,0
SPY190724C300,2019-07-23,2019-07-23 09:41:03,0.24,0.7741,930,0.23,0.7419,1561,0.24,0.7741,10,0.235,0.758,4083,0
SPY190724C300,2019-07-23,2019-07-23 09:41:04,0.24,0.7741,930,0.23,0.7419,777,0.24,0.7741,10,0.235,0.758,4083,0
SPY190724C300,2019-07-23,2019-07-23 09:41:04,0.24,0.7741,1108,0.23,0.7419,505,0.24,0.7741,10,0.235,0.758,4083,0
SPY190724C300,2019-07-23,2019-07-23 09:41:05,0.24,0.7741,2174,0.23,0.7419,1352,0.24,0.7741,10,0.235,0.758,4083,0
SPY190724C300,2019-07-23,2019-07-23 09:41:06,0.24,0.7741,1410,0.23,0.7419,246,0.24,0.7741,10,0.235,0.758,4083,0
SPY190724C300,2019-07-23,2019-07-23 09:41:06,0.24,0.7741,2215,0.23,0.7419,291,0.24,0.7741,10,0.235,0.758,4083,0
SPY190724C300,2019-07-23,2019-07-23 09:41:07,0.24,0.7741,2220,0.23,0.7419,666,0.24,0.7741,10,0.235,0.758,4083,0
SPY190724C300,2019-07-23,2019-07-23 09:41:08,0.24,0.7741,1946,0.23,0.7419,1317,0.24,0.7741,10,0.235,0.758,4083,0
SPY190724C300,2019-07-23,2019-07-23 09:41:08,0.24,0.7741,1285,0.23,0.7419,1593,0.24,0.7741,10,0.235,0.758,4083,0
SPY190724C300,2019-07-23,2019-07-23 09:41:09,0.24,0.7741,1946,0.23,0.7419,1633,0.24,0.7741,10,0.235,0.758,4083,0
SPY190724C300,2019-07-23,2019-07-23 09:41:09,0.24,0.7741,2362,0.23,0.7419,1750,0.24,0.7741,10,0.235,0.758,4083,0
SPY190724C300,2019-07-23,2019-07-23 09:41:10,0.24,0.7741,1779,0.23,0.7419,1799,0.24,0.7741,10,0.235,0.758,4083,0
SPY190724C300,2019-07-23,2019-07-23 09:41:11,0.24,0.7741,2155,0.23,0.7419,1799,0.24,0.7741,10,0.235,0.758,4083,0
SPY190724C300,2019-07-23,2019-07-23 09:41:11,0.24,0.7741,1779,0.23,0.7419,1799,0.24,0.7741,10,0.235,0.758,4083,0
SPY190724C300,2019-07-23,2019-07-23 09:41:12,0.24,0.7741,2237,0.23,0.7419,1799,0.24,0.7741,10,0.235,0.758,4083,0
SPY190724C300,2019-07-23,2019-07-23 09:41:12,0.24,0.7741,1779,0.23,0.7419,1799,0.24,0.7741,10,0.235,0.758,4083,0
SPY190724C300,2019-07-23,2019-07-23 09:41:13,0.24,0.7741,2155,0.23,0.7419,1799,0.24,0.7741,6,0.235,0.758,4089,6
SPY190724C300,2019-07-23,2019-07-23 09:41:14,0.24,0.7741,1930,0.23,0.7419,1835,0.24,0.7741,6,0.235,0.758,4089,0
SPY190724C300,2019-07-23,2019-07-23 09:41:14,0.24,0.7741,2346,0.23,0.7419,894,0.24,0.7741,6,0.235,0.758,4089,0
SPY190724C300,2019-07-23,2019-07-23 09:41:15,0.24,0.7741,1930,0.23,0.7419,1690,0.24,0.7741,6,0.235,0.758,4089,0
SPY190724C300,2019-07-23,2019-07-23 09:41:15,0.24,0.7741,1554,0.23,0.7419,1835,0.24,0.7741,6,0.235,0.758,4089,0
SPY190724C300,2019-07-23,2019-07-23 09:41:16,0.24,0.7741,2315,0.23,0.7419,1157,0.24,0.7741,6,0.235,0.758,4089,0
SPY190724C300,2019-07-23,2019-07-23 09:41:17,0.24,0.7741,2339,0.23,0.7419,1157,0.24,0.7741,6,0.235,0.758,4089,0
SPY190724C300,2019-07-23,2019-07-23 09:41:17,0.24,0.7741,1923,0.23,0.7419,1533,0.24,0.7741,6,0.235,0.758,4089,0
SPY190724C300,2019-07-23,2019-07-23 09:41:18,0.24,0.7741,1785,0.23,0.7419,1260,0.24,0.7741,6,0.235,0.758,4089,0
SPY190724C300,2019-07-23,2019-07-23 09:41:18,0.24,0.7741,1745,0.23,0.7419,1781,0.24,0.7741,6,0.235,0.758,4089,0
SPY190724C300,2019-07-23,2019-07-23 09:41:19,0.24,0.7741,1745,0.23,0.7419,1636,0.24,0.7741,6,0.235,0.758,4089,0
SPY190724C300,2019-07-23,2019-07-23 09:41:19,0.24,0.7741,843,0.23,0.7419,1442,0.24,0.7741,6,0.235,0.758,4089,0
SPY190724C300,2019-07-23,2019-07-23 09:41:20,0.24,0.7741,813,0.23,0.7419,1673,0.24,0.7741,6,0.235,0.758,4089,0
SPY190724C300,2019-07-23,2019-07-23 09:41:21,0.24,0.7741,840,0.23,0.7419,1673,0.24,0.7741,6,0.235,0.758,4089,0
SPY190724C300,2019-07-23,2019-07-23 09:41:21,0.24,0.7741,906,0.23,0.7419,1202,0.24,0.7741,6,0.235,0.758,4089,0
SPY190724C300,2019-07-23,2019-07-23 09:41:22,0.24,0.7741,1265,0.23,0.7419,464,0.24,0.7741,6,0.235,0.758,4089,0
SPY190724C300,2019-07-23,2019-07-23 09:41:22,0.24,0.7741,286,0.23,0.7419,821,0.24,0.7741,6,0.235,0.758,4089,0
SPY190724C300,2019-07-23,2019-07-23 09:41:23,0.24,0.7741,766,0.23,0.7419,1697,0.24,0.7741,9,0.235,0.758,4099,10
SPY190724C300,2019-07-23,2019-07-23 09:41:23,0.24,0.7741,766,0.23,0.7419,1522,0.24,0.7741,6,0.235,0.758,4089,0
SPY190724C300,2019-07-23,2019-07-23 09:41:24,0.24,0.7741,766,0.23,0.7419,1838,0.24,0.7741,9,0.235,0.758,4099,0
SPY190724C300,2019-07-23,2019-07-23 09:41:24,0.24,0.7741,766,0.23,0.7419,1697,0.24,0.7741,9,0.235,0.758,4099,0
SPY190724C300,2019-07-23,2019-07-23 09:41:25,0.24,0.7741,766,0.23,0.7419,2388,0.24,0.7741,9,0.235,0.758,4099,0
SPY190724C300,2019-07-23,2019-07-23 09:41:26,0.24,0.7741,946,0.23,0.7419,1838,0.24,0.7741,9,0.235,0.758,4099,0
SPY190724C300,2019-07-23,2019-07-23 09:41:26,0.24,0.7741,946,0.23,0.7419,1697,0.24,0.7741,9,0.235,0.758,4099,0
SPY190724C300,2019-07-23,2019-07-23 09:41:27,0.24,0.7741,880,0.23,0.7419,1838,0.24,0.7741,9,0.235,0.758,4099,0
SPY190724C300,2019-07-23,2019-07-23 09:41:27,0.24,0.7741,946,0.23,0.7419,1838,0.24,0.7741,9,0.235,0.758,4099,0
SPY190724C300,2019-07-23,2019-07-23 09:41:28,0.24,0.7741,1349,0.23,0.7419,1697,0.24,0.7741,9,0.235,0.758,4099,0
SPY190724C300,2019-07-23,2019-07-23 09:41:28,0.24,0.7741,880,0.23,0.7419,1697,0.24,0.7741,9,0.235,0.758,4099,0
SPY190724C300,2019-07-23,2019-07-23 09:41:29,0.24,0.7741,1349,0.23,0.7419,1321,0.23,0.7419,10,0.235,0.758,4109,10
SPY190724C300,2019-07-23,2019-07-23 09:41:30,0.24,0.7741,3797,0.23,0.7419,58,0.23,0.7419,10,0.235,0.758,4109,0
SPY190724C300,2019-07-23,2019-07-23 09:41:30,0.24,0.7741,2436,0.23,0.7419,58,0.23,0.7419,10,0.235,0.758,4109,0
SPY190724C300,2019-07-23,2019-07-23 09:41:31,0.24,0.7741,839,0.23,0.7419,817,0.23,0.7419,10,0.235,0.758,4109,0
SPY190724C300,2019-07-23,2019-07-23 09:41:32,0.24,0.7741,1268,0.23,0.7419,1748,0.23,0.7419,10,0.235,0.758,4109,0
SPY190724C300,2019-07-23,2019-07-23 09:41:32,0.24,0.7741,1113,0.23,0.7419,1889,0.23,0.7419,10,0.235,0.758,4109,0
SPY190724C300,2019-07-23,2019-07-23 09:41:33,0.24,0.7741,208,0.23,0.7419,2099,0.23,0.7419,10,0.235,0.758,4109,0
SPY190724C300,2019-07-23,2019-07-23 09:41:33,0.24,0.7741,804,0.23,0.7419,2108,0.23,0.7419,10,0.235,0.758,4109,0
SPY190724C300,2019-07-23,2019-07-23 09:41:34,0.24,0.7741,1446,0.23,0.7419,1446,0.23,0.7419,10,0.235,0.758,4109,0
SPY190724C300,2019-07-23,2019-07-23 09:41:35,0.24,0.7741,1446,0.23,0.7419,1766,0.23,0.7419,10,0.235,0.758,4109,0
SPY190724C300,2019-07-23,2019-07-23 09:41:35,0.24,0.7741,946,0.23,0.7419,1081,0.23,0.7419,10,0.235,0.758,4109,0
SPY190724C300,2019-07-23,2019-07-23 09:41:36,0.24,0.7741,247,0.23,0.7419,1898,0.23,0.7419,10,0.235,0.758,4109,0
SPY190724C300,2019-07-23,2019-07-23 09:41:36,0.24,0.7741,243,0.23,0.7419,2941,0.23,0.7419,10,0.235,0.758,4109,0
SPY190724C300,2019-07-23,2019-07-23 09:41:37,0.24,0.7741,243,0.23,0.7419,3051,0.23,0.7419,10,0.235,0.758,4109,0
SPY190724C300,2019-07-23,2019-07-23 09:41:38,0.24,0.7741,243,0.23,0.7419,3051,0.23,0.7419,10,0.235,0.758,4109,0
SPY190724C300,2019-07-23,2019-07-23 09:41:39,0.24,0.7741,56,0.23,0.7419,3113,0.23,0.7419,10,0.235,0.758,4109,0
SPY190724C300,2019-07-23,2019-07-23 09:41:40,0.24,0.7741,176,0.23,0.7419,3320,0.23,0.7419,10,0.235,0.758,4109,0
SPY190724C300,2019-07-23,2019-07-23 09:41:40,0.24,0.7741,101,0.23,0.7419,3720,0.23,0.7419,10,0.235,0.758,4109,0
SPY190724C300,2019-07-23,2019-07-23 09:41:41,0.24,0.7741,10,0.23,0.7419,4278,0.23,0.7419,10,0.235,0.758,4109,0
SPY190724C300,2019-07-23,2019-07-23 09:41:41,0.24,0.7741,10,0.23,0.7419,5576,0.23,0.7419,10,0.235,0.758,4109,0
SPY190724C300,2019-07-23,2019-07-23 09:41:42,0.24,0.7741,10,0.23,0.7419,5526,0.23,0.7419,10,0.235,0.758,4109,0
SPY190724C300,2019-07-23,2019-07-23 09:41:42,0.24,0.7741,10,0.23,0.7419,5576,0.23,0.7419,10,0.235,0.758,4109,0
SPY190724C300,2019-07-23,2019-07-23 09:41:43,0.24,0.7741,10,0.23,0.7419,5526,0.23,0.7419,10,0.235,0.758,4109,0
SPY190724C300,2019-07-23,2019-07-23 09:41:43,0.24,0.7741,10,0.23,0.7419,5603,0.23,0.7419,10,0.235,0.758,4109,0
SPY190724C300,2019-07-23,2019-07-23 09:41:44,0.24,0.7741,10,0.23,0.7419,1645,0.23,0.7419,10,0.235,0.758,4109,0
SPY190724C300,2019-07-23,2019-07-23 09:41:45,0.24,0.7741,16,0.23,0.7419,4354,0.24,0.7741,7,0.235,0.758,4116,7
SPY190724C300,2019-07-23,2019-07-23 09:41:45,0.24,0.7741,16,0.23,0.7419,3498,0.23,0.7419,10,0.235,0.758,4109,0
SPY190724C300,2019-07-23,2019-07-23 09:41:46,0.24,0.7741,10,0.23,0.7419,4855,0.24,0.7741,7,0.235,0.758,4116,0
SPY190724C300,2019-07-23,2019-07-23 09:41:46,0.24,0.7741,126,0.23,0.7419,4304,0.24,0.7741,7,0.235,0.758,4116,0
SPY190724C300,2019-07-23,2019-07-23 09:41:47,0.24,0.7741,10,0.23,0.7419,4855,0.24,0.7741,7,0.235,0.758,4116,0
SPY190724C300,2019-07-23,2019-07-23 09:41:47,0.24,0.7741,26,0.23,0.7419,4855,0.24,0.7741,7,0.235,0.758,4116,0
SPY190724C300,2019-07-23,2019-07-23 09:41:48,0.24,0.7741,26,0.23,0.7419,4338,0.24,0.7741,7,0.235,0.758,4116,0
SPY190724C300,2019-07-23,2019-07-23 09:41:49,0.24,0.7741,10,0.23,0.7419,4969,0.24,0.7741,7,0.235,0.758,4116,0
SPY190724C300,2019-07-23,2019-07-23 09:41:49,0.24,0.7741,26,0.23,0.7419,4338,0.24,0.7741,7,0.235,0.758,4116,0
SPY190724C300,2019-07-23,2019-07-23 09:41:50,0.24,0.7741,10,0.23,0.7419,4969,0.24,0.7741,7,0.235,0.758,4116,0
SPY190724C300,2019-07-23,2019-07-23 09:41:51,0.24,0.7741,10,0.23,0.7419,5013,0.24,0.7741,7,0.235,0.758,4116,0
SPY190724C300,2019-07-23,2019-07-23 09:41:51,0.24,0.7741,10,0.23,0.7419,5194,0.24,0.7741,7,0.235,0.758,4116,0
SPY190724C300,2019-07-23,2019-07-23 09:41:52,0.24,0.7741,10,0.23,0.7419,5324,0.24,0.7741,7,0.235,0.758,4116,0
SPY190724C300,2019-07-23,2019-07-23 09:41:52,0.24,0.7741,10,0.23,0.7419,4870,0.24,0.7741,7,0.235,0.758,4116,0
SPY190724C300,2019-07-23,2019-07-23 09:41:53,0.24,0.7741,101,0.23,0.7419,3634,0.24,0.7741,7,0.235,0.758,4116,0
SPY190724C300,2019-07-23,2019-07-23 09:41:54,0.24,0.7741,157,0.23,0.7419,789,0.24,0.7741,7,0.235,0.758,4116,0
SPY190724C300,2019-07-23,2019-07-23 09:41:54,0.24,0.7741,157,0.23,0.7419,175,0.24,0.7741,7,0.235,0.758,4116,0
SPY190724C300,2019-07-23,2019-07-23 09:41:55,0.24,0.7741,157,0.23,0.7419,2610,0.24,0.7741,7,0.235,0.758,4116,0
SPY190724C300,2019-07-23,2019-07-23 09:41:55,0.24,0.7741,758,0.23,0.7419,1874,0.24,0.7741,7,0.235,0.758,4116,0
SPY190724C300,2019-07-23,2019-07-23 09:41:56,0.24,0.7741,931,0.23,0.7419,1934,0.24,0.7741,7,0.235,0.758,4116,0
SPY190724C300,2019-07-23,2019-07-23 09:41:56,0.24,0.7741,724,0.23,0.7419,1934,0.24,0.7741,7,0.235,0.758,4116,0
SPY190724C300,2019-07-23,2019-07-23 09:41:57,0.24,0.7741,1462,0.23,0.7419,1178,0.24,0.7741,7,0.235,0.758,4116,0
SPY190724C300,2019-07-23,2019-07-23 09:41:57,0.24,0.7741,931,0.23,0.7419,1934,0.24,0.7741,7,0.235,0.758,4116,0
SPY190724C300,2019-07-23,2019-07-23 09:41:58,0.24,0.7741,1278,0.23,0.7419,1346,0.24,0.7741,7,0.235,0.758,4116,0
SPY190724C300,2019-07-23,2019-07-23 09:41:59,0.24,0.7741,758,0.23,0.7419,1207,0.24,0.7741,1,0.235,0.758,4117,0
SPY190724C300,2019-07-23,2019-07-23 09:41:59,0.24,0.7741,758,0.23,0.7419,2492,0.24,0.7741,1,0.235,0.758,4117,1
SPY190724C300,2019-07-23,2019-07-23 09:42:00,0.24,0.7741,244,0.23,0.7419,1583,0.24,0.7741,1,0.235,0.758,4117,0
SPY190724C300,2019-07-23,2019-07-23 09:42:00,0.24,0.7741,243,0.23,0.7419,3032,0.24,0.7741,1,0.235,0.758,4118,1
SPY190724C300,2019-07-23,2019-07-23 09:42:01,0.24,0.7741,243,0.23,0.7419,2616,0.24,0.7741,1,0.235,0.758,4118,0
SPY190724C300,2019-07-23,2019-07-23 09:42:02,0.24,0.7741,146,0.23,0.7419,3096,0.24,0.7741,1,0.235,0.758,4118,0
SPY190724C300,2019-07-23,2019-07-23 09:42:02,0.24,0.7741,146,0.23,0.7419,2616,0.24,0.7741,1,0.235,0.758,4118,0
SPY190724C300,2019-07-23,2019-07-23 09:42:03,0.24,0.7741,764,0.23,0.7419,2238,0.24,0.7741,1,0.235,0.758,4118,0
SPY190724C300,2019-07-23,2019-07-23 09:42:03,0.24,0.7741,764,0.23,0.7419,2297,0.24,0.7741,1,0.235,0.758,4118,0
SPY190724C300,2019-07-23,2019-07-23 09:42:04,0.24,0.7741,764,0.23,0.7419,1288,0.24,0.7741,1,0.235,0.758,4118,0
