symbol,Date,quote_time,ask_price,norm_ask_price,ask_size,bid_price,norm_bid_price,bid_size,last_trade_price,norm_last_trade_price,last_trade_size,mark_price,norm_mark_price,volume,Volume
SPY190522C286,2019-05-20,2019-05-20 09:31:32,1.03,1.0,653,1.01,0.9805,80,1.03,1.0,1,1.02,0.9902,378,378
SPY190522C286,2019-05-20,2019-05-20 09:31:36,1.01,0.9805,1,1.0,0.9708,83,1.01,0.9805,1,1.005,0.9757,382,4
SPY190522C286,2019-05-20,2019-05-20 09:31:38,1.02,0.9902,110,1.0,0.9708,214,1.02,0.9902,25,1.01,0.9805,407,25
SPY190522C286,2019-05-20,2019-05-20 09:31:39,1.03,1.0,110,1.01,0.9805,219,1.02,0.9902,25,1.02,0.9902,407,0
SPY190522C286,2019-05-20,2019-05-20 09:31:40,1.03,1.0,112,1.01,0.9805,219,1.02,0.9902,25,1.02,0.9902,407,0
SPY190522C286,2019-05-20,2019-05-20 09:31:41,1.03,1.0,142,1.01,0.9805,74,1.01,0.9805,2,1.02,0.9902,409,2
SPY190522C286,2019-05-20,2019-05-20 09:31:42,1.03,1.0,100,1.01,0.9805,227,1.01,0.9805,2,1.02,0.9902,409,0
SPY190522C286,2019-05-20,2019-05-20 09:31:43,1.03,1.0,670,1.01,0.9805,5,1.01,0.9805,4,1.02,0.9902,413,4
SPY190522C286,2019-05-20,2019-05-20 09:31:44,1.02,0.9902,150,1.01,0.9805,5,1.01,0.9805,4,1.015,0.9854,413,0
SPY190522C286,2019-05-20,2019-05-20 09:31:45,1.02,0.9902,105,1.01,0.9805,5,1.01,0.9805,4,1.015,0.9854,413,0
SPY190522C286,2019-05-20,2019-05-20 09:31:46,1.02,0.9902,105,1.01,0.9805,5,1.02,0.9902,10,1.015,0.9854,423,10
SPY190522C286,2019-05-20,2019-05-20 09:31:47,1.02,0.9902,110,1.01,0.9805,5,1.02,0.9902,10,1.015,0.9854,423,0
SPY190522C286,2019-05-20,2019-05-20 09:31:47,1.02,0.9902,105,1.01,0.9805,5,1.02,0.9902,10,1.015,0.9854,423,0
SPY190522C286,2019-05-20,2019-05-20 09:31:48,1.03,1.0,75,1.01,0.9805,5,1.02,0.9902,10,1.02,0.9902,423,0
SPY190522C286,2019-05-20,2019-05-20 09:31:49,1.04,1.0097,630,1.01,0.9805,5,1.02,0.9902,10,1.025,0.9951,423,0
SPY190522C286,2019-05-20,2019-05-20 09:31:50,1.03,1.0,110,1.01,0.9805,226,1.02,0.9902,10,1.02,0.9902,423,0
SPY190522C286,2019-05-20,2019-05-20 09:31:51,1.03,1.0,135,1.02,0.9902,1,1.02,0.9902,10,1.025,0.9951,423,0
SPY190522C286,2019-05-20,2019-05-20 09:31:52,1.03,1.0,150,1.01,0.9805,5,1.04,1.0097,1,1.02,0.9902,426,3
SPY190522C286,2019-05-20,2019-05-20 09:31:53,1.02,0.9902,110,1.01,0.9805,5,1.01,0.9805,1,1.015,0.9854,427,1
SPY190522C286,2019-05-20,2019-05-20 09:31:53,1.07,1.0388,990,1.02,0.9902,514,1.02,0.9902,1,1.045,1.0145,428,1
SPY190522C286,2019-05-20,2019-05-20 09:31:54,1.05,1.0194,100,1.03,1.0,214,1.02,0.9902,1,1.04,1.0097,428,0
SPY190522C286,2019-05-20,2019-05-20 09:31:55,1.05,1.0194,100,1.03,1.0,214,1.02,0.9902,1,1.04,1.0097,428,0
SPY190522C286,2019-05-20,2019-05-20 09:31:56,1.06,1.0291,670,1.03,1.0,214,1.02,0.9902,1,1.045,1.0145,428,0
SPY190522C286,2019-05-20,2019-05-20 09:31:57,1.05,1.0194,670,1.03,1.0,214,1.02,0.9902,1,1.04,1.0097,428,0
SPY190522C286,2019-05-20,2019-05-20 09:31:58,1.05,1.0194,137,1.03,1.0,214,1.02,0.9902,1,1.04,1.0097,428,0
SPY190522C286,2019-05-20,2019-05-20 09:31:59,1.05,1.0194,315,1.03,1.0,214,1.02,0.9902,1,1.04,1.0097,428,0
SPY190522C286,2019-05-20,2019-05-20 09:31:59,1.05,1.0194,611,1.03,1.0,214,1.02,0.9902,1,1.04,1.0097,428,0
SPY190522C286,2019-05-20,2019-05-20 09:32:00,1.05,1.0194,611,1.03,1.0,214,1.02,0.9902,1,1.04,1.0097,428,0
SPY190522C286,2019-05-20,2019-05-20 09:32:01,1.05,1.0194,611,1.03,1.0,209,1.04,1.0097,1,1.04,1.0097,429,1
SPY190522C286,2019-05-20,2019-05-20 09:32:02,1.05,1.0194,440,1.03,1.0,159,1.04,1.0097,1,1.04,1.0097,429,0
SPY190522C286,2019-05-20,2019-05-20 09:32:03,1.05,1.0194,611,1.03,1.0,108,1.04,1.0097,1,1.04,1.0097,429,0
SPY190522C286,2019-05-20,2019-05-20 09:32:04,1.05,1.0194,611,1.03,1.0,173,1.04,1.0097,1,1.04,1.0097,429,0
SPY190522C286,2019-05-20,2019-05-20 09:32:05,1.05,1.0194,625,1.03,1.0,173,1.04,1.0097,1,1.04,1.0097,429,0
SPY190522C286,2019-05-20,2019-05-20 09:32:06,1.05,1.0194,452,1.03,1.0,203,1.04,1.0097,1,1.04,1.0097,429,0
SPY190522C286,2019-05-20,2019-05-20 09:32:07,1.06,1.0291,90,1.01,0.9805,5,1.03,1.0,5,1.035,1.0048,435,0
SPY190522C286,2019-05-20,2019-05-20 09:32:07,1.04,1.0097,1,1.01,0.9805,5,1.03,1.0,5,1.025,0.9951,435,6
SPY190522C286,2019-05-20,2019-05-20 09:32:08,1.05,1.0194,427,1.01,0.9805,390,1.03,1.0,5,1.03,1.0,435,0
SPY190522C286,2019-05-20,2019-05-20 09:32:09,1.04,1.0097,110,1.01,0.9805,345,1.04,1.0097,1,1.025,0.9951,438,3
SPY190522C286,2019-05-20,2019-05-20 09:32:10,1.03,1.0,110,1.0,0.9708,642,1.04,1.0097,1,1.015,0.9854,438,0
SPY190522C286,2019-05-20,2019-05-20 09:32:11,1.03,1.0,662,1.0,0.9708,262,1.03,1.0,7,1.015,0.9854,448,10
SPY190522C286,2019-05-20,2019-05-20 09:32:12,1.02,0.9902,185,0.98,0.9514,317,1.03,1.0,7,1.0,0.9708,448,0
SPY190522C286,2019-05-20,2019-05-20 09:32:13,1.0,0.9708,1,0.98,0.9514,542,1.0,0.9708,2,0.99,0.9611,450,2
SPY190522C286,2019-05-20,2019-05-20 09:32:15,1.02,0.9902,159,0.99,0.9611,200,1.0,0.9708,1,1.005,0.9757,451,1
SPY190522C286,2019-05-20,2019-05-20 09:32:16,1.02,0.9902,242,0.99,0.9611,190,1.0,0.9708,1,1.005,0.9757,451,0
SPY190522C286,2019-05-20,2019-05-20 09:32:17,1.01,0.9805,130,0.99,0.9611,185,1.0,0.9708,1,1.0,0.9708,451,0
SPY190522C286,2019-05-20,2019-05-20 09:32:18,1.01,0.9805,100,0.99,0.9611,245,1.0,0.9708,1,1.0,0.9708,451,0
SPY190522C286,2019-05-20,2019-05-20 09:32:18,1.01,0.9805,130,0.99,0.9611,418,1.0,0.9708,1,1.0,0.9708,451,0
SPY190522C286,2019-05-20,2019-05-20 09:32:19,1.02,0.9902,708,0.99,0.9611,228,1.0,0.9708,1,1.005,0.9757,451,0
SPY190522C286,2019-05-20,2019-05-20 09:32:20,1.01,0.9805,150,0.99,0.9611,50,1.0,0.9708,1,1.0,0.9708,451,0
SPY190522C286,2019-05-20,2019-05-20 09:32:21,1.01,0.9805,282,0.98,0.9514,367,1.0,0.9708,1,0.995,0.966,451,0
SPY190522C286,2019-05-20,2019-05-20 09:32:22,1.0,0.9708,25,0.99,0.9611,185,1.0,0.9708,1,0.995,0.966,451,0
SPY190522C286,2019-05-20,2019-05-20 09:32:23,1.0,0.9708,10,0.99,0.9611,80,0.99,0.9611,1,0.995,0.966,452,1
SPY190522C286,2019-05-20,2019-05-20 09:32:24,1.0,0.9708,32,0.99,0.9611,208,0.99,0.9611,1,0.995,0.966,452,0
SPY190522C286,2019-05-20,2019-05-20 09:32:25,1.0,0.9708,80,0.99,0.9611,166,0.99,0.9611,1,0.995,0.966,452,0
SPY190522C286,2019-05-20,2019-05-20 09:32:26,1.0,0.9708,753,0.98,0.9514,324,0.99,0.9611,5,0.99,0.9611,458,6
SPY190522C286,2019-05-20,2019-05-20 09:32:27,1.0,0.9708,240,0.98,0.9514,272,0.99,0.9611,6,0.99,0.9611,464,6
SPY190522C286,2019-05-20,2019-05-20 09:32:28,1.0,0.9708,161,0.98,0.9514,272,0.99,0.9611,6,0.99,0.9611,464,0
SPY190522C286,2019-05-20,2019-05-20 09:32:29,1.0,0.9708,161,0.98,0.9514,366,0.99,0.9611,6,0.99,0.9611,464,0
SPY190522C286,2019-05-20,2019-05-20 09:32:30,1.0,0.9708,105,0.98,0.9514,372,1.0,0.9708,4,0.99,0.9611,474,10
SPY190522C286,2019-05-20,2019-05-20 09:32:31,1.0,0.9708,110,0.98,0.9514,139,1.0,0.9708,4,0.99,0.9611,474,0
SPY190522C286,2019-05-20,2019-05-20 09:32:32,1.0,0.9708,84,0.98,0.9514,139,1.0,0.9708,4,0.99,0.9611,474,0
SPY190522C286,2019-05-20,2019-05-20 09:32:33,1.01,0.9805,84,0.99,0.9611,314,1.0,0.9708,1,1.0,0.9708,484,10
SPY190522C286,2019-05-20,2019-05-20 09:32:34,1.01,0.9805,150,0.99,0.9611,314,1.0,0.9708,1,1.0,0.9708,484,0
SPY190522C286,2019-05-20,2019-05-20 09:32:35,1.01,0.9805,75,1.0,0.9708,97,1.0,0.9708,1,1.005,0.9757,484,0
SPY190522C286,2019-05-20,2019-05-20 09:32:36,1.03,1.0,446,0.99,0.9611,505,1.01,0.9805,4,1.01,0.9805,488,4
SPY190522C286,2019-05-20,2019-05-20 09:32:37,1.02,0.9902,162,1.0,0.9708,342,1.01,0.9805,4,1.01,0.9805,488,0
SPY190522C286,2019-05-20,2019-05-20 09:32:39,1.02,0.9902,246,1.0,0.9708,57,1.01,0.9805,4,1.01,0.9805,488,0
SPY190522C286,2019-05-20,2019-05-20 09:32:40,1.01,0.9805,108,1.0,0.9708,11,1.01,0.9805,4,1.005,0.9757,488,0
SPY190522C286,2019-05-20,2019-05-20 09:32:41,1.01,0.9805,110,1.0,0.9708,11,1.01,0.9805,4,1.005,0.9757,488,0
SPY190522C286,2019-05-20,2019-05-20 09:32:42,1.01,0.9805,588,0.99,0.9611,7,1.0,0.9708,11,1.0,0.9708,499,11
SPY190522C286,2019-05-20,2019-05-20 09:32:43,1.0,0.9708,91,0.99,0.9611,1,1.0,0.9708,11,0.995,0.966,499,0
SPY190522C286,2019-05-20,2019-05-20 09:32:44,1.0,0.9708,96,0.99,0.9611,1,1.0,0.9708,11,0.995,0.966,499,0
SPY190522C286,2019-05-20,2019-05-20 09:32:45,1.0,0.9708,131,0.99,0.9611,1,0.99,0.9611,1,0.995,0.966,500,1
SPY190522C286,2019-05-20,2019-05-20 09:32:46,1.0,0.9708,143,0.99,0.9611,1,0.99,0.9611,1,0.995,0.966,500,0
SPY190522C286,2019-05-20,2019-05-20 09:32:47,1.0,0.9708,296,0.99,0.9611,1,0.99,0.9611,1,0.995,0.966,500,0
SPY190522C286,2019-05-20,2019-05-20 09:32:48,1.0,0.9708,150,0.99,0.9611,1,0.99,0.9611,1,0.995,0.966,500,0
SPY190522C286,2019-05-20,2019-05-20 09:32:49,1.0,0.9708,71,0.99,0.9611,185,0.99,0.9611,1,0.995,0.966,500,0
SPY190522C286,2019-05-20,2019-05-20 09:32:50,1.0,0.9708,41,0.99,0.9611,185,0.99,0.9611,1,0.995,0.966,500,0
SPY190522C286,2019-05-20,2019-05-20 09:32:51,1.01,0.9805,227,0.99,0.9611,7,0.99,0.9611,1,1.0,0.9708,500,0
SPY190522C286,2019-05-20,2019-05-20 09:32:52,1.01,0.9805,181,0.99,0.9611,298,0.99,0.9611,1,1.0,0.9708,500,0
SPY190522C286,2019-05-20,2019-05-20 09:32:53,1.02,0.9902,8,0.99,0.9611,529,0.99,0.9611,1,1.005,0.9757,500,0
SPY190522C286,2019-05-20,2019-05-20 09:32:54,1.02,0.9902,35,1.01,0.9805,185,0.99,0.9611,1,1.015,0.9854,500,0
SPY190522C286,2019-05-20,2019-05-20 09:32:55,1.02,0.9902,2,1.0,0.9708,709,0.99,0.9611,1,1.01,0.9805,500,0
SPY190522C286,2019-05-20,2019-05-20 09:32:56,1.02,0.9902,96,1.0,0.9708,50,0.99,0.9611,1,1.01,0.9805,500,0
SPY190522C286,2019-05-20,2019-05-20 09:32:57,1.02,0.9902,38,1.0,0.9708,108,0.99,0.9611,1,1.01,0.9805,500,0
SPY190522C286,2019-05-20,2019-05-20 09:32:58,1.02,0.9902,38,1.0,0.9708,1,0.99,0.9611,1,1.01,0.9805,500,0
SPY190522C286,2019-05-20,2019-05-20 09:32:59,1.02,0.9902,621,1.0,0.9708,62,0.99,0.9611,1,1.01,0.9805,500,0
SPY190522C286,2019-05-20,2019-05-20 09:33:00,1.02,0.9902,80,1.0,0.9708,236,0.99,0.9611,1,1.01,0.9805,500,0
SPY190522C286,2019-05-20,2019-05-20 09:33:01,1.04,1.0097,31,1.01,0.9805,268,1.02,0.9902,2,1.025,0.9951,502,2
SPY190522C286,2019-05-20,2019-05-20 09:33:02,1.03,1.0,592,1.0,0.9708,239,1.02,0.9902,2,1.015,0.9854,502,0
SPY190522C286,2019-05-20,2019-05-20 09:33:03,1.02,0.9902,154,1.0,0.9708,269,1.02,0.9902,2,1.01,0.9805,502,0
SPY190522C286,2019-05-20,2019-05-20 09:33:04,1.01,0.9805,110,1.0,0.9708,1,1.0,0.9708,1,1.005,0.9757,505,3
SPY190522C286,2019-05-20,2019-05-20 09:33:05,1.01,0.9805,99,0.99,0.9611,383,1.0,0.9708,1,1.0,0.9708,505,0
SPY190522C286,2019-05-20,2019-05-20 09:33:06,1.01,0.9805,129,1.0,0.9708,1,1.0,0.9708,1,1.005,0.9757,505,0
SPY190522C286,2019-05-20,2019-05-20 09:33:07,1.01,0.9805,74,0.99,0.9611,475,1.0,0.9708,1,1.0,0.9708,511,6
SPY190522C286,2019-05-20,2019-05-20 09:33:08,1.01,0.9805,125,0.99,0.9611,50,1.0,0.9708,1,1.0,0.9708,511,0
SPY190522C286,2019-05-20,2019-05-20 09:33:09,1.0,0.9708,57,0.99,0.9611,50,1.0,0.9708,1,0.995,0.966,511,0
SPY190522C286,2019-05-20,2019-05-20 09:33:10,1.01,0.9805,637,0.99,0.9611,7,1.0,0.9708,1,1.0,0.9708,511,0
SPY190522C286,2019-05-20,2019-05-20 09:33:11,1.01,0.9805,417,0.99,0.9611,7,1.0,0.9708,1,1.0,0.9708,511,0
SPY190522C286,2019-05-20,2019-05-20 09:33:12,1.0,0.9708,80,0.99,0.9611,7,0.99,0.9611,2,0.995,0.966,514,3
SPY190522C286,2019-05-20,2019-05-20 09:33:14,1.0,0.9708,154,0.99,0.9611,7,0.99,0.9611,1,0.995,0.966,515,1
SPY190522C286,2019-05-20,2019-05-20 09:33:15,1.01,0.9805,80,1.0,0.9708,126,1.0,0.9708,1,1.005,0.9757,516,1
SPY190522C286,2019-05-20,2019-05-20 09:33:16,1.01,0.9805,315,0.99,0.9611,1,1.0,0.9708,1,1.0,0.9708,516,0
SPY190522C286,2019-05-20,2019-05-20 09:33:17,1.0,0.9708,155,0.99,0.9611,1,1.0,0.9708,1,0.995,0.966,516,0
SPY190522C286,2019-05-20,2019-05-20 09:33:18,1.0,0.9708,25,0.99,0.9611,87,1.0,0.9708,1,0.995,0.966,516,0
SPY190522C286,2019-05-20,2019-05-20 09:33:19,1.0,0.9708,60,0.99,0.9611,50,1.0,0.9708,1,0.995,0.966,516,0
SPY190522C286,2019-05-20,2019-05-20 09:33:20,1.0,0.9708,117,0.99,0.9611,50,1.0,0.9708,1,0.995,0.966,516,0
SPY190522C286,2019-05-20,2019-05-20 09:33:21,1.01,0.9805,383,0.99,0.9611,1,0.99,0.9611,1,1.0,0.9708,517,1
SPY190522C286,2019-05-20,2019-05-20 09:33:22,1.01,0.9805,541,0.99,0.9611,94,0.99,0.9611,1,1.0,0.9708,517,0
SPY190522C286,2019-05-20,2019-05-20 09:33:23,1.02,0.9902,80,1.0,0.9708,87,0.99,0.9611,1,1.01,0.9805,517,0
SPY190522C286,2019-05-20,2019-05-20 09:33:24,1.01,0.9805,114,0.99,0.9611,111,0.99,0.9611,1,1.0,0.9708,517,0
SPY190522C286,2019-05-20,2019-05-20 09:33:25,1.02,0.9902,25,1.0,0.9708,851,0.99,0.9611,1,1.01,0.9805,517,0
SPY190522C286,2019-05-20,2019-05-20 09:33:26,1.03,1.0,75,1.0,0.9708,409,0.99,0.9611,1,1.015,0.9854,517,0
SPY190522C286,2019-05-20,2019-05-20 09:33:27,1.04,1.0097,155,1.01,0.9805,410,0.99,0.9611,1,1.025,0.9951,517,0
SPY190522C286,2019-05-20,2019-05-20 09:33:28,1.02,0.9902,1,1.0,0.9708,743,0.99,0.9611,1,1.01,0.9805,517,0
SPY190522C286,2019-05-20,2019-05-20 09:33:29,1.02,0.9902,1,1.01,0.9805,60,0.99,0.9611,1,1.015,0.9854,517,0
SPY190522C286,2019-05-20,2019-05-20 09:33:30,1.02,0.9902,1,1.01,0.9805,80,0.99,0.9611,1,1.015,0.9854,517,0
SPY190522C286,2019-05-20,2019-05-20 09:33:31,1.02,0.9902,2,1.0,0.9708,80,0.99,0.9611,1,1.01,0.9805,517,0
SPY190522C286,2019-05-20,2019-05-20 09:33:32,1.02,0.9902,110,0.99,0.9611,927,0.99,0.9611,1,1.005,0.9757,517,0
SPY190522C286,2019-05-20,2019-05-20 09:33:33,1.02,0.9902,1,1.01,0.9805,10,0.99,0.9611,1,1.015,0.9854,517,0
SPY190522C286,2019-05-20,2019-05-20 09:33:34,1.02,0.9902,1,1.0,0.9708,934,0.99,0.9611,1,1.01,0.9805,517,0
SPY190522C286,2019-05-20,2019-05-20 09:33:35,1.04,1.0097,124,1.01,0.9805,425,1.02,0.9902,1,1.025,0.9951,518,1
SPY190522C286,2019-05-20,2019-05-20 09:33:36,1.04,1.0097,75,1.02,0.9902,282,1.02,0.9902,1,1.03,1.0,518,0
SPY190522C286,2019-05-20,2019-05-20 09:33:38,1.04,1.0097,94,1.03,1.0,1,1.03,1.0,2,1.035,1.0048,520,2
SPY190522C286,2019-05-20,2019-05-20 09:33:39,1.04,1.0097,124,1.01,0.9805,664,1.03,1.0,2,1.025,0.9951,520,0
SPY190522C286,2019-05-20,2019-05-20 09:33:40,1.03,1.0,127,1.01,0.9805,1009,1.03,1.0,2,1.02,0.9902,520,0
SPY190522C286,2019-05-20,2019-05-20 09:33:41,1.02,0.9902,129,0.99,0.9611,845,1.03,1.0,2,1.005,0.9757,520,0
SPY190522C286,2019-05-20,2019-05-20 09:33:42,1.02,0.9902,124,0.99,0.9611,845,1.03,1.0,2,1.005,0.9757,520,0
SPY190522C286,2019-05-20,2019-05-20 09:33:43,1.03,1.0,225,1.0,0.9708,146,1.03,1.0,2,1.015,0.9854,520,0
SPY190522C286,2019-05-20,2019-05-20 09:33:44,1.03,1.0,122,1.01,0.9805,138,1.03,1.0,2,1.02,0.9902,520,0
SPY190522C286,2019-05-20,2019-05-20 09:33:45,1.03,1.0,286,1.0,0.9708,779,1.03,1.0,1,1.015,0.9854,521,1
SPY190522C286,2019-05-20,2019-05-20 09:33:46,1.04,1.0097,167,1.01,0.9805,110,1.03,1.0,1,1.025,0.9951,521,0
SPY190522C286,2019-05-20,2019-05-20 09:33:47,1.04,1.0097,307,1.01,0.9805,236,1.03,1.0,1,1.025,0.9951,521,0
SPY190522C286,2019-05-20,2019-05-20 09:33:48,1.04,1.0097,154,1.01,0.9805,246,1.03,1.0,1,1.025,0.9951,521,0
SPY190522C286,2019-05-20,2019-05-20 09:33:49,1.04,1.0097,135,1.01,0.9805,819,1.03,1.0,1,1.025,0.9951,521,0
SPY190522C286,2019-05-20,2019-05-20 09:33:50,1.03,1.0,113,1.01,0.9805,229,1.03,1.0,1,1.02,0.9902,521,0
SPY190522C286,2019-05-20,2019-05-20 09:33:52,1.03,1.0,154,1.01,0.9805,163,1.03,1.0,1,1.02,0.9902,521,0
SPY190522C286,2019-05-20,2019-05-20 09:33:53,1.04,1.0097,158,1.02,0.9902,10,1.03,1.0,1,1.03,1.0,521,0
SPY190522C286,2019-05-20,2019-05-20 09:33:54,1.04,1.0097,135,1.02,0.9902,50,1.03,1.0,1,1.03,1.0,521,0
SPY190522C286,2019-05-20,2019-05-20 09:33:55,1.04,1.0097,217,1.02,0.9902,27,1.03,1.0,1,1.03,1.0,521,0
SPY190522C286,2019-05-20,2019-05-20 09:33:56,1.04,1.0097,212,1.02,0.9902,50,1.03,1.0,1,1.03,1.0,521,0
SPY190522C286,2019-05-20,2019-05-20 09:33:58,1.04,1.0097,417,1.02,0.9902,50,1.03,1.0,1,1.03,1.0,521,0
SPY190522C286,2019-05-20,2019-05-20 09:33:59,1.03,1.0,150,1.02,0.9902,19,1.02,0.9902,5,1.025,0.9951,526,5
SPY190522C286,2019-05-20,2019-05-20 09:34:00,1.04,1.0097,344,1.02,0.9902,80,1.02,0.9902,1,1.03,1.0,547,0
SPY190522C286,2019-05-20,2019-05-20 09:34:00,1.04,1.0097,654,1.01,0.9805,241,1.02,0.9902,1,1.025,0.9951,547,21
SPY190522C286,2019-05-20,2019-05-20 09:34:01,1.04,1.0097,306,1.01,0.9805,269,1.02,0.9902,1,1.025,0.9951,547,0
SPY190522C286,2019-05-20,2019-05-20 09:34:03,1.03,1.0,110,1.01,0.9805,50,1.02,0.9902,1,1.02,0.9902,547,0
SPY190522C286,2019-05-20,2019-05-20 09:34:04,1.03,1.0,121,1.01,0.9805,88,1.02,0.9902,1,1.02,0.9902,547,0
SPY190522C286,2019-05-20,2019-05-20 09:34:05,1.04,1.0097,515,1.01,0.9805,297,1.02,0.9902,1,1.025,0.9951,547,0
SPY190522C286,2019-05-20,2019-05-20 09:34:06,1.04,1.0097,121,1.01,0.9805,687,1.02,0.9902,1,1.025,0.9951,547,0
SPY190522C286,2019-05-20,2019-05-20 09:34:07,1.04,1.0097,153,1.02,0.9902,131,1.02,0.9902,1,1.03,1.0,547,0
SPY190522C286,2019-05-20,2019-05-20 09:34:08,1.04,1.0097,261,1.02,0.9902,50,1.02,0.9902,1,1.03,1.0,547,0
SPY190522C286,2019-05-20,2019-05-20 09:34:09,1.03,1.0,1,1.02,0.9902,172,1.03,1.0,8,1.025,0.9951,555,8
SPY190522C286,2019-05-20,2019-05-20 09:34:10,1.04,1.0097,529,1.02,0.9902,50,1.03,1.0,8,1.03,1.0,555,0
SPY190522C286,2019-05-20,2019-05-20 09:34:11,1.04,1.0097,692,1.02,0.9902,50,1.03,1.0,8,1.03,1.0,555,0
SPY190522C286,2019-05-20,2019-05-20 09:34:12,1.03,1.0,23,1.01,0.9805,195,1.03,1.0,8,1.02,0.9902,555,0
SPY190522C286,2019-05-20,2019-05-20 09:34:13,1.02,0.9902,152,1.01,0.9805,50,1.03,1.0,8,1.015,0.9854,555,0
SPY190522C286,2019-05-20,2019-05-20 09:34:14,1.02,0.9902,127,1.01,0.9805,2,1.03,1.0,8,1.015,0.9854,555,0
SPY190522C286,2019-05-20,2019-05-20 09:34:16,1.02,0.9902,285,1.01,0.9805,2,1.01,0.9805,2,1.015,0.9854,558,3
SPY190522C286,2019-05-20,2019-05-20 09:34:17,1.03,1.0,150,1.01,0.9805,2,1.01,0.9805,2,1.02,0.9902,558,0
SPY190522C286,2019-05-20,2019-05-20 09:34:18,1.03,1.0,231,1.01,0.9805,96,1.01,0.9805,2,1.02,0.9902,558,0
SPY190522C286,2019-05-20,2019-05-20 09:34:19,1.03,1.0,200,1.01,0.9805,139,1.01,0.9805,2,1.02,0.9902,558,0
SPY190522C286,2019-05-20,2019-05-20 09:34:20,1.04,1.0097,273,1.01,0.9805,307,1.01,0.9805,2,1.025,0.9951,558,0
SPY190522C286,2019-05-20,2019-05-20 09:34:22,1.03,1.0,150,1.0,0.9708,50,1.01,0.9805,2,1.015,0.9854,558,0
SPY190522C286,2019-05-20,2019-05-20 09:34:23,1.04,1.0097,624,1.01,0.9805,31,1.01,0.9805,2,1.025,0.9951,558,0
SPY190522C286,2019-05-20,2019-05-20 09:34:24,1.03,1.0,110,1.01,0.9805,152,1.01,0.9805,2,1.02,0.9902,558,0
SPY190522C286,2019-05-20,2019-05-20 09:34:25,1.04,1.0097,776,1.01,0.9805,146,1.01,0.9805,2,1.025,0.9951,558,0
SPY190522C286,2019-05-20,2019-05-20 09:34:27,1.03,1.0,50,1.01,0.9805,146,1.01,0.9805,2,1.02,0.9902,558,0
SPY190522C286,2019-05-20,2019-05-20 09:34:28,1.04,1.0097,779,1.01,0.9805,170,1.03,1.0,2,1.025,0.9951,560,2
SPY190522C286,2019-05-20,2019-05-20 09:34:29,1.03,1.0,851,1.01,0.9805,31,1.03,1.0,1,1.02,0.9902,561,1
SPY190522C286,2019-05-20,2019-05-20 09:34:30,1.02,0.9902,133,1.0,0.9708,10,1.03,1.0,1,1.01,0.9805,561,0
SPY190522C286,2019-05-20,2019-05-20 09:34:31,1.02,0.9902,342,1.0,0.9708,7,1.03,1.0,1,1.01,0.9805,561,0
SPY190522C286,2019-05-20,2019-05-20 09:34:32,1.02,0.9902,446,1.0,0.9708,10,1.03,1.0,1,1.01,0.9805,561,0
SPY190522C286,2019-05-20,2019-05-20 09:34:34,1.02,0.9902,110,1.01,0.9805,5,1.01,0.9805,1,1.015,0.9854,572,11
SPY190522C286,2019-05-20,2019-05-20 09:34:35,1.03,1.0,642,1.01,0.9805,5,1.01,0.9805,1,1.02,0.9902,572,0
SPY190522C286,2019-05-20,2019-05-20 09:34:37,1.03,1.0,777,1.01,0.9805,50,1.01,0.9805,1,1.02,0.9902,572,0
SPY190522C286,2019-05-20,2019-05-20 09:34:38,1.03,1.0,913,1.01,0.9805,149,1.01,0.9805,1,1.02,0.9902,572,0
SPY190522C286,2019-05-20,2019-05-20 09:34:39,1.03,1.0,947,1.01,0.9805,149,1.01,0.9805,1,1.02,0.9902,572,0
SPY190522C286,2019-05-20,2019-05-20 09:34:40,1.03,1.0,250,1.01,0.9805,94,1.01,0.9805,1,1.02,0.9902,572,0
SPY190522C286,2019-05-20,2019-05-20 09:34:41,1.04,1.0097,110,1.01,0.9805,546,1.01,0.9805,1,1.025,0.9951,572,0
SPY190522C286,2019-05-20,2019-05-20 09:34:43,1.03,1.0,934,1.01,0.9805,7,1.01,0.9805,1,1.02,0.9902,572,0
SPY190522C286,2019-05-20,2019-05-20 09:34:44,1.03,1.0,111,1.02,0.9902,7,1.02,0.9902,2,1.025,0.9951,574,2
SPY190522C286,2019-05-20,2019-05-20 09:34:46,1.03,1.0,815,1.02,0.9902,1,1.02,0.9902,2,1.025,0.9951,574,0
SPY190522C286,2019-05-20,2019-05-20 09:34:47,1.02,0.9902,55,1.01,0.9805,7,1.03,1.0,1,1.015,0.9854,576,2
SPY190522C286,2019-05-20,2019-05-20 09:34:49,1.02,0.9902,196,1.01,0.9805,5,1.03,1.0,1,1.015,0.9854,576,0
SPY190522C286,2019-05-20,2019-05-20 09:34:50,1.01,0.9805,518,1.0,0.9708,1,1.0,0.9708,1,1.005,0.9757,583,7
SPY190522C286,2019-05-20,2019-05-20 09:34:51,1.0,0.9708,212,0.98,0.9514,80,1.0,0.9708,1,0.99,0.9611,583,0
SPY190522C286,2019-05-20,2019-05-20 09:34:52,0.99,0.9611,396,0.96,0.932,882,1.0,0.9708,1,0.975,0.9466,583,0
SPY190522C286,2019-05-20,2019-05-20 09:34:54,0.99,0.9611,271,0.97,0.9417,354,1.0,0.9708,1,0.98,0.9514,583,0
SPY190522C286,2019-05-20,2019-05-20 09:34:55,1.01,0.9805,60,0.98,0.9514,921,1.0,0.9708,1,0.995,0.966,583,0
SPY190522C286,2019-05-20,2019-05-20 09:34:57,1.01,0.9805,188,0.98,0.9514,110,1.0,0.9708,1,0.995,0.966,583,0
SPY190522C286,2019-05-20,2019-05-20 09:34:58,0.99,0.9611,38,0.97,0.9417,221,1.0,0.9708,1,0.98,0.9514,583,0
SPY190522C286,2019-05-20,2019-05-20 09:34:59,1.0,0.9708,400,0.97,0.9417,271,1.0,0.9708,1,0.985,0.9563,583,0
SPY190522C286,2019-05-20,2019-05-20 09:35:00,1.0,0.9708,546,0.97,0.9417,187,1.0,0.9708,1,0.985,0.9563,583,0
SPY190522C286,2019-05-20,2019-05-20 09:35:01,1.0,0.9708,613,0.97,0.9417,572,1.0,0.9708,1,0.985,0.9563,583,0
SPY190522C286,2019-05-20,2019-05-20 09:35:03,1.0,0.9708,250,0.98,0.9514,150,1.0,0.9708,1,0.99,0.9611,583,0
SPY190522C286,2019-05-20,2019-05-20 09:35:04,1.01,0.9805,537,0.98,0.9514,174,1.0,0.9708,1,0.995,0.966,583,0
SPY190522C286,2019-05-20,2019-05-20 09:35:05,1.0,0.9708,110,0.98,0.9514,110,1.0,0.9708,1,0.99,0.9611,583,0
SPY190522C286,2019-05-20,2019-05-20 09:35:06,1.0,0.9708,121,0.98,0.9514,168,1.0,0.9708,1,0.99,0.9611,583,0
SPY190522C286,2019-05-20,2019-05-20 09:35:07,0.99,0.9611,3,0.97,0.9417,909,1.0,0.9708,1,0.98,0.9514,583,0
SPY190522C286,2019-05-20,2019-05-20 09:35:08,0.99,0.9611,19,0.97,0.9417,913,1.0,0.9708,1,0.98,0.9514,583,0
SPY190522C286,2019-05-20,2019-05-20 09:35:09,0.99,0.9611,10,0.97,0.9417,979,1.0,0.9708,1,0.98,0.9514,583,0
SPY190522C286,2019-05-20,2019-05-20 09:35:10,0.99,0.9611,1,0.97,0.9417,550,0.99,0.9611,3,0.98,0.9514,586,3
SPY190522C286,2019-05-20,2019-05-20 09:35:11,1.0,0.9708,770,0.97,0.9417,338,0.99,0.9611,3,0.985,0.9563,586,0
SPY190522C286,2019-05-20,2019-05-20 09:35:12,0.99,0.9611,100,0.97,0.9417,170,0.99,0.9611,3,0.98,0.9514,586,0
SPY190522C286,2019-05-20,2019-05-20 09:35:13,0.97,0.9417,191,0.95,0.9223,80,0.97,0.9417,1,0.96,0.932,602,16
SPY190522C286,2019-05-20,2019-05-20 09:35:15,0.96,0.932,60,0.94,0.9126,380,0.97,0.9417,1,0.95,0.9223,602,0
SPY190522C286,2019-05-20,2019-05-20 09:35:16,0.97,0.9417,427,0.94,0.9126,900,0.97,0.9417,1,0.955,0.9271,602,0
SPY190522C286,2019-05-20,2019-05-20 09:35:17,0.97,0.9417,271,0.94,0.9126,1348,0.97,0.9417,1,0.955,0.9271,602,0
SPY190522C286,2019-05-20,2019-05-20 09:35:18,0.98,0.9514,599,0.95,0.9223,1213,0.94,0.9126,5,0.965,0.9368,607,5
SPY190522C286,2019-05-20,2019-05-20 09:35:19,0.97,0.9417,1,0.95,0.9223,252,0.97,0.9417,5,0.96,0.932,612,5
SPY190522C286,2019-05-20,2019-05-20 09:35:20,0.97,0.9417,60,0.95,0.9223,142,0.97,0.9417,5,0.96,0.932,612,0
SPY190522C286,2019-05-20,2019-05-20 09:35:22,0.98,0.9514,80,0.96,0.932,1134,0.97,0.9417,5,0.97,0.9417,612,0
SPY190522C286,2019-05-20,2019-05-20 09:35:23,0.98,0.9514,579,0.96,0.932,50,0.97,0.9417,5,0.97,0.9417,612,0
SPY190522C286,2019-05-20,2019-05-20 09:35:24,0.97,0.9417,60,0.95,0.9223,1219,0.97,0.9417,5,0.96,0.932,612,0
SPY190522C286,2019-05-20,2019-05-20 09:35:25,0.97,0.9417,72,0.95,0.9223,299,0.97,0.9417,5,0.96,0.932,612,0
SPY190522C286,2019-05-20,2019-05-20 09:35:26,0.96,0.932,221,0.94,0.9126,80,0.97,0.9417,5,0.95,0.9223,612,0
SPY190522C286,2019-05-20,2019-05-20 09:35:27,0.96,0.932,631,0.94,0.9126,50,0.95,0.9223,1,0.95,0.9223,613,1
SPY190522C286,2019-05-20,2019-05-20 09:35:28,0.95,0.9223,439,0.93,0.9029,122,0.95,0.9223,1,0.94,0.9126,613,0
SPY190522C286,2019-05-20,2019-05-20 09:35:30,0.95,0.9223,396,0.93,0.9029,55,0.95,0.9223,1,0.94,0.9126,613,0
SPY190522C286,2019-05-20,2019-05-20 09:35:31,0.94,0.9126,60,0.92,0.8932,1210,0.95,0.9223,1,0.93,0.9029,613,0
SPY190522C286,2019-05-20,2019-05-20 09:35:32,0.95,0.9223,468,0.92,0.8932,1429,0.95,0.9223,1,0.935,0.9077,613,0
SPY190522C286,2019-05-20,2019-05-20 09:35:34,0.95,0.9223,277,0.93,0.9029,110,0.95,0.9223,1,0.94,0.9126,613,0
SPY190522C286,2019-05-20,2019-05-20 09:35:35,0.96,0.932,431,0.93,0.9029,1832,0.95,0.9223,1,0.945,0.9174,613,0
SPY190522C286,2019-05-20,2019-05-20 09:35:36,0.96,0.932,69,0.93,0.9029,1490,0.95,0.9223,1,0.945,0.9174,613,0
SPY190522C286,2019-05-20,2019-05-20 09:35:38,0.94,0.9126,135,0.91,0.8834,1778,0.95,0.9223,1,0.925,0.898,613,0
SPY190522C286,2019-05-20,2019-05-20 09:35:39,0.94,0.9126,653,0.91,0.8834,271,0.95,0.9223,1,0.925,0.898,613,0
SPY190522C286,2019-05-20,2019-05-20 09:35:40,0.93,0.9029,28,0.9,0.8737,1515,0.95,0.9223,1,0.915,0.8883,613,0
SPY190522C286,2019-05-20,2019-05-20 09:35:42,0.94,0.9126,25,0.91,0.8834,1413,0.95,0.9223,1,0.925,0.898,613,0
SPY190522C286,2019-05-20,2019-05-20 09:35:43,0.95,0.9223,336,0.91,0.8834,1602,0.95,0.9223,1,0.93,0.9029,613,0
SPY190522C286,2019-05-20,2019-05-20 09:35:44,0.95,0.9223,548,0.92,0.8932,829,0.93,0.9029,1,0.935,0.9077,614,1
SPY190522C286,2019-05-20,2019-05-20 09:35:45,0.94,0.9126,727,0.91,0.8834,520,0.93,0.9029,1,0.925,0.898,614,0
SPY190522C286,2019-05-20,2019-05-20 09:35:46,0.94,0.9126,153,0.91,0.8834,2013,0.93,0.9029,1,0.925,0.898,614,0
SPY190522C286,2019-05-20,2019-05-20 09:35:47,0.94,0.9126,210,0.91,0.8834,1525,0.93,0.9029,1,0.925,0.898,614,0
SPY190522C286,2019-05-20,2019-05-20 09:35:48,0.94,0.9126,644,0.91,0.8834,687,0.93,0.9029,1,0.925,0.898,614,0
SPY190522C286,2019-05-20,2019-05-20 09:35:50,0.94,0.9126,821,0.91,0.8834,504,0.93,0.9029,1,0.925,0.898,614,0
SPY190522C286,2019-05-20,2019-05-20 09:35:51,0.94,0.9126,594,0.91,0.8834,794,0.93,0.9029,1,0.925,0.898,614,0
SPY190522C286,2019-05-20,2019-05-20 09:35:52,0.93,0.9029,135,0.91,0.8834,50,0.93,0.9029,1,0.92,0.8932,614,0
SPY190522C286,2019-05-20,2019-05-20 09:35:53,0.93,0.9029,690,0.9,0.8737,630,0.93,0.9029,1,0.915,0.8883,614,0
SPY190522C286,2019-05-20,2019-05-20 09:35:54,0.93,0.9029,607,0.9,0.8737,633,0.93,0.9029,1,0.915,0.8883,614,0
SPY190522C286,2019-05-20,2019-05-20 09:35:56,0.91,0.8834,110,0.9,0.8737,1,0.92,0.8932,1,0.905,0.8786,618,4
SPY190522C286,2019-05-20,2019-05-20 09:35:57,0.91,0.8834,107,0.9,0.8737,1,0.9,0.8737,1,0.905,0.8786,619,1
SPY190522C286,2019-05-20,2019-05-20 09:35:58,0.91,0.8834,236,0.88,0.8543,317,0.9,0.8737,1,0.895,0.8689,621,2
SPY190522C286,2019-05-20,2019-05-20 09:35:59,0.9,0.8737,144,0.88,0.8543,31,0.9,0.8737,1,0.89,0.864,621,0
SPY190522C286,2019-05-20,2019-05-20 09:36:00,0.9,0.8737,280,0.88,0.8543,50,0.9,0.8737,1,0.89,0.864,621,0
SPY190522C286,2019-05-20,2019-05-20 09:36:02,0.9,0.8737,272,0.88,0.8543,50,0.9,0.8737,1,0.89,0.864,621,0
SPY190522C286,2019-05-20,2019-05-20 09:36:03,0.9,0.8737,307,0.87,0.8446,1217,0.9,0.8737,1,0.885,0.8592,621,0
SPY190522C286,2019-05-20,2019-05-20 09:36:04,0.89,0.864,197,0.87,0.8446,110,0.9,0.8737,1,0.88,0.8543,621,0
SPY190522C286,2019-05-20,2019-05-20 09:36:05,0.89,0.864,384,0.86,0.8349,634,0.9,0.8737,1,0.875,0.8495,621,0
SPY190522C286,2019-05-20,2019-05-20 09:36:06,0.89,0.864,647,0.86,0.8349,1005,0.9,0.8737,1,0.875,0.8495,621,0
SPY190522C286,2019-05-20,2019-05-20 09:36:07,0.88,0.8543,70,0.86,0.8349,537,0.86,0.8349,5,0.87,0.8446,631,10
SPY190522C286,2019-05-20,2019-05-20 09:36:08,0.88,0.8543,202,0.86,0.8349,100,0.86,0.8349,5,0.87,0.8446,631,0
SPY190522C286,2019-05-20,2019-05-20 09:36:09,0.87,0.8446,35,0.86,0.8349,120,0.87,0.8446,1,0.865,0.8398,646,15
SPY190522C286,2019-05-20,2019-05-20 09:36:10,0.87,0.8446,31,0.86,0.8349,122,0.87,0.8446,2,0.865,0.8398,651,5
SPY190522C286,2019-05-20,2019-05-20 09:36:11,0.87,0.8446,60,0.85,0.8252,1760,0.87,0.8446,1,0.86,0.8349,652,1
SPY190522C286,2019-05-20,2019-05-20 09:36:12,0.87,0.8446,60,0.85,0.8252,1253,0.87,0.8446,1,0.86,0.8349,652,0
SPY190522C286,2019-05-20,2019-05-20 09:36:13,0.87,0.8446,28,0.86,0.8349,213,0.87,0.8446,1,0.865,0.8398,654,2
SPY190522C286,2019-05-20,2019-05-20 09:36:14,0.87,0.8446,28,0.85,0.8252,1375,0.87,0.8446,1,0.86,0.8349,654,0
SPY190522C286,2019-05-20,2019-05-20 09:36:15,0.87,0.8446,27,0.85,0.8252,900,0.87,0.8446,1,0.86,0.8349,654,0
SPY190522C286,2019-05-20,2019-05-20 09:36:16,0.87,0.8446,164,0.84,0.8155,1198,0.87,0.8446,1,0.855,0.83,654,0
SPY190522C286,2019-05-20,2019-05-20 09:36:17,0.87,0.8446,697,0.86,0.8349,3,0.87,0.8446,1,0.865,0.8398,654,0
SPY190522C286,2019-05-20,2019-05-20 09:36:18,0.87,0.8446,394,0.86,0.8349,3,0.87,0.8446,1,0.865,0.8398,654,0
SPY190522C286,2019-05-20,2019-05-20 09:36:19,0.87,0.8446,370,0.86,0.8349,3,0.87,0.8446,1,0.865,0.8398,654,0
SPY190522C286,2019-05-20,2019-05-20 09:36:20,0.87,0.8446,415,0.86,0.8349,9,0.87,0.8446,1,0.865,0.8398,654,0
SPY190522C286,2019-05-20,2019-05-20 09:36:21,0.87,0.8446,168,0.86,0.8349,9,0.87,0.8446,1,0.865,0.8398,654,0
SPY190522C286,2019-05-20,2019-05-20 09:36:22,0.87,0.8446,830,0.85,0.8252,70,0.86,0.8349,3,0.86,0.8349,657,3
SPY190522C286,2019-05-20,2019-05-20 09:36:23,0.87,0.8446,415,0.85,0.8252,900,0.86,0.8349,3,0.86,0.8349,657,0
SPY190522C286,2019-05-20,2019-05-20 09:36:24,0.87,0.8446,415,0.85,0.8252,100,0.86,0.8349,3,0.86,0.8349,657,0
SPY190522C286,2019-05-20,2019-05-20 09:36:25,0.87,0.8446,27,0.86,0.8349,250,0.86,0.8349,2,0.865,0.8398,660,3
SPY190522C286,2019-05-20,2019-05-20 09:36:26,0.89,0.864,179,0.87,0.8446,120,0.87,0.8446,1,0.88,0.8543,688,28
SPY190522C286,2019-05-20,2019-05-20 09:36:27,0.9,0.8737,886,0.87,0.8446,452,0.87,0.8446,1,0.885,0.8592,688,0
SPY190522C286,2019-05-20,2019-05-20 09:36:28,0.89,0.864,23,0.87,0.8446,452,0.88,0.8543,1,0.88,0.8543,689,1
SPY190522C286,2019-05-20,2019-05-20 09:36:29,0.88,0.8543,70,0.86,0.8349,120,0.88,0.8543,1,0.87,0.8446,689,0
SPY190522C286,2019-05-20,2019-05-20 09:36:30,0.89,0.864,911,0.87,0.8446,50,0.88,0.8543,1,0.88,0.8543,689,0
SPY190522C286,2019-05-20,2019-05-20 09:36:31,0.88,0.8543,700,0.86,0.8349,100,0.88,0.8543,1,0.87,0.8446,689,0
SPY190522C286,2019-05-20,2019-05-20 09:36:33,0.88,0.8543,110,0.86,0.8349,100,0.88,0.8543,1,0.87,0.8446,689,0
SPY190522C286,2019-05-20,2019-05-20 09:36:34,0.89,0.864,1056,0.86,0.8349,461,0.88,0.8543,1,0.875,0.8495,689,0
SPY190522C286,2019-05-20,2019-05-20 09:36:35,0.89,0.864,700,0.86,0.8349,244,0.88,0.8543,1,0.875,0.8495,689,0
SPY190522C286,2019-05-20,2019-05-20 09:36:36,0.89,0.864,785,0.86,0.8349,167,0.88,0.8543,1,0.875,0.8495,689,0
SPY190522C286,2019-05-20,2019-05-20 09:36:37,0.88,0.8543,27,0.86,0.8349,141,0.88,0.8543,1,0.87,0.8446,689,0
SPY190522C286,2019-05-20,2019-05-20 09:36:39,0.88,0.8543,700,0.86,0.8349,131,0.88,0.8543,1,0.87,0.8446,689,0
SPY190522C286,2019-05-20,2019-05-20 09:36:39,0.88,0.8543,950,0.85,0.8252,510,0.88,0.8543,1,0.865,0.8398,689,0
SPY190522C286,2019-05-20,2019-05-20 09:36:41,0.88,0.8543,650,0.85,0.8252,744,0.88,0.8543,1,0.865,0.8398,689,0
SPY190522C286,2019-05-20,2019-05-20 09:36:42,0.88,0.8543,1165,0.85,0.8252,622,0.88,0.8543,1,0.865,0.8398,689,0
SPY190522C286,2019-05-20,2019-05-20 09:36:43,0.88,0.8543,1165,0.85,0.8252,622,0.88,0.8543,1,0.865,0.8398,689,0
SPY190522C286,2019-05-20,2019-05-20 09:36:44,0.88,0.8543,700,0.86,0.8349,120,0.88,0.8543,1,0.87,0.8446,689,0
SPY190522C286,2019-05-20,2019-05-20 09:36:45,0.88,0.8543,209,0.86,0.8349,120,0.88,0.8543,1,0.87,0.8446,689,0
SPY190522C286,2019-05-20,2019-05-20 09:36:46,0.88,0.8543,306,0.86,0.8349,120,0.88,0.8543,1,0.87,0.8446,689,0
SPY190522C286,2019-05-20,2019-05-20 09:36:47,0.88,0.8543,911,0.86,0.8349,359,0.88,0.8543,1,0.87,0.8446,689,0
SPY190522C286,2019-05-20,2019-05-20 09:36:48,0.88,0.8543,20,0.86,0.8349,461,0.88,0.8543,1,0.87,0.8446,689,0
SPY190522C286,2019-05-20,2019-05-20 09:36:49,0.89,0.864,358,0.86,0.8349,751,0.88,0.8543,1,0.875,0.8495,689,0
SPY190522C286,2019-05-20,2019-05-20 09:36:50,0.89,0.864,418,0.87,0.8446,208,0.88,0.8543,1,0.88,0.8543,689,0
SPY190522C286,2019-05-20,2019-05-20 09:36:51,0.9,0.8737,1311,0.87,0.8446,493,0.88,0.8543,4,0.885,0.8592,693,4
SPY190522C286,2019-05-20,2019-05-20 09:36:52,0.89,0.864,360,0.87,0.8446,100,0.88,0.8543,4,0.88,0.8543,693,0
SPY190522C286,2019-05-20,2019-05-20 09:36:53,0.89,0.864,864,0.87,0.8446,50,0.88,0.8543,4,0.88,0.8543,693,0
SPY190522C286,2019-05-20,2019-05-20 09:36:54,0.89,0.864,947,0.86,0.8349,138,0.88,0.8543,2,0.875,0.8495,695,2
SPY190522C286,2019-05-20,2019-05-20 09:36:55,0.88,0.8543,677,0.86,0.8349,100,0.88,0.8543,2,0.87,0.8446,695,0
SPY190522C286,2019-05-20,2019-05-20 09:36:56,0.88,0.8543,835,0.86,0.8349,100,0.88,0.8543,2,0.87,0.8446,695,0
SPY190522C286,2019-05-20,2019-05-20 09:36:57,0.88,0.8543,976,0.86,0.8349,100,0.88,0.8543,2,0.87,0.8446,695,0
SPY190522C286,2019-05-20,2019-05-20 09:36:58,0.88,0.8543,976,0.85,0.8252,674,0.88,0.8543,2,0.865,0.8398,695,0
SPY190522C286,2019-05-20,2019-05-20 09:37:00,0.88,0.8543,995,0.85,0.8252,684,0.88,0.8543,2,0.865,0.8398,695,0
SPY190522C286,2019-05-20,2019-05-20 09:37:00,0.88,0.8543,994,0.86,0.8349,100,0.88,0.8543,2,0.87,0.8446,695,0
SPY190522C286,2019-05-20,2019-05-20 09:37:01,0.87,0.8446,80,0.85,0.8252,684,0.88,0.8543,2,0.86,0.8349,695,0
SPY190522C286,2019-05-20,2019-05-20 09:37:03,0.87,0.8446,80,0.85,0.8252,310,0.88,0.8543,2,0.86,0.8349,695,0
SPY190522C286,2019-05-20,2019-05-20 09:37:04,0.87,0.8446,210,0.85,0.8252,100,0.88,0.8543,2,0.86,0.8349,695,0
SPY190522C286,2019-05-20,2019-05-20 09:37:05,0.87,0.8446,106,0.85,0.8252,16,0.88,0.8543,2,0.86,0.8349,695,0
SPY190522C286,2019-05-20,2019-05-20 09:37:06,0.86,0.8349,25,0.85,0.8252,900,0.86,0.8349,1,0.855,0.83,697,2
SPY190522C286,2019-05-20,2019-05-20 09:37:07,0.86,0.8349,21,0.85,0.8252,694,0.86,0.8349,21,0.855,0.83,720,23
SPY190522C286,2019-05-20,2019-05-20 09:37:08,0.88,0.8543,124,0.86,0.8349,152,0.86,0.8349,21,0.87,0.8446,720,0
SPY190522C286,2019-05-20,2019-05-20 09:37:09,0.88,0.8543,141,0.86,0.8349,900,0.86,0.8349,21,0.87,0.8446,720,0
SPY190522C286,2019-05-20,2019-05-20 09:37:10,0.88,0.8543,105,0.86,0.8349,90,0.86,0.8349,21,0.87,0.8446,720,0
SPY190522C286,2019-05-20,2019-05-20 09:37:11,0.88,0.8543,651,0.86,0.8349,90,0.86,0.8349,21,0.87,0.8446,720,0
SPY190522C286,2019-05-20,2019-05-20 09:37:12,0.88,0.8543,846,0.86,0.8349,60,0.86,0.8349,21,0.87,0.8446,720,0
SPY190522C286,2019-05-20,2019-05-20 09:37:13,0.88,0.8543,833,0.86,0.8349,60,0.86,0.8349,21,0.87,0.8446,720,0
SPY190522C286,2019-05-20,2019-05-20 09:37:14,0.88,0.8543,666,0.86,0.8349,60,0.86,0.8349,21,0.87,0.8446,720,0
SPY190522C286,2019-05-20,2019-05-20 09:37:15,0.88,0.8543,609,0.86,0.8349,121,0.86,0.8349,21,0.87,0.8446,720,0
SPY190522C286,2019-05-20,2019-05-20 09:37:16,0.88,0.8543,357,0.86,0.8349,60,0.86,0.8349,21,0.87,0.8446,720,0
SPY190522C286,2019-05-20,2019-05-20 09:37:17,0.88,0.8543,248,0.86,0.8349,10,0.86,0.8349,21,0.87,0.8446,720,0
SPY190522C286,2019-05-20,2019-05-20 09:37:18,0.88,0.8543,158,0.86,0.8349,619,0.86,0.8349,21,0.87,0.8446,720,0
SPY190522C286,2019-05-20,2019-05-20 09:37:19,0.88,0.8543,158,0.86,0.8349,619,0.86,0.8349,21,0.87,0.8446,720,0
SPY190522C286,2019-05-20,2019-05-20 09:37:20,0.88,0.8543,158,0.86,0.8349,447,0.86,0.8349,21,0.87,0.8446,720,0
SPY190522C286,2019-05-20,2019-05-20 09:37:21,0.89,0.864,588,0.86,0.8349,1198,0.86,0.8349,21,0.875,0.8495,720,0
SPY190522C286,2019-05-20,2019-05-20 09:37:22,0.89,0.864,34,0.87,0.8446,150,0.86,0.8349,21,0.88,0.8543,720,0
SPY190522C286,2019-05-20,2019-05-20 09:37:23,0.89,0.864,102,0.87,0.8446,150,0.86,0.8349,21,0.88,0.8543,720,0
SPY190522C286,2019-05-20,2019-05-20 09:37:25,0.9,0.8737,345,0.87,0.8446,355,0.86,0.8349,21,0.885,0.8592,720,0
SPY190522C286,2019-05-20,2019-05-20 09:37:26,0.89,0.864,495,0.87,0.8446,6,0.86,0.8349,21,0.88,0.8543,720,0
SPY190522C286,2019-05-20,2019-05-20 09:37:27,0.89,0.864,829,0.87,0.8446,6,0.86,0.8349,21,0.88,0.8543,720,0
SPY190522C286,2019-05-20,2019-05-20 09:37:29,0.88,0.8543,1,0.87,0.8446,6,0.88,0.8543,1,0.875,0.8495,721,1
SPY190522C286,2019-05-20,2019-05-20 09:37:30,0.88,0.8543,886,0.86,0.8349,10,0.87,0.8446,6,0.87,0.8446,727,6
SPY190522C286,2019-05-20,2019-05-20 09:37:32,0.88,0.8543,678,0.86,0.8349,10,0.87,0.8446,6,0.87,0.8446,727,0
SPY190522C286,2019-05-20,2019-05-20 09:37:33,0.88,0.8543,840,0.86,0.8349,74,0.87,0.8446,6,0.87,0.8446,727,0
SPY190522C286,2019-05-20,2019-05-20 09:37:35,0.88,0.8543,742,0.87,0.8446,2,0.87,0.8446,6,0.875,0.8495,727,0
SPY190522C286,2019-05-20,2019-05-20 09:37:36,0.88,0.8543,704,0.87,0.8446,2,0.87,0.8446,6,0.875,0.8495,727,0
SPY190522C286,2019-05-20,2019-05-20 09:37:38,0.87,0.8446,61,0.86,0.8349,10,0.87,0.8446,2,0.865,0.8398,729,2
SPY190522C286,2019-05-20,2019-05-20 09:37:39,0.87,0.8446,106,0.86,0.8349,10,0.87,0.8446,2,0.865,0.8398,729,0
SPY190522C286,2019-05-20,2019-05-20 09:37:40,0.87,0.8446,120,0.86,0.8349,10,0.87,0.8446,2,0.865,0.8398,729,0
SPY190522C286,2019-05-20,2019-05-20 09:37:41,0.87,0.8446,264,0.86,0.8349,10,0.87,0.8446,2,0.865,0.8398,729,0
SPY190522C286,2019-05-20,2019-05-20 09:37:43,0.87,0.8446,119,0.86,0.8349,10,0.86,0.8349,10,0.865,0.8398,739,10
SPY190522C286,2019-05-20,2019-05-20 09:37:44,0.86,0.8349,649,0.83,0.8058,1372,0.86,0.8349,10,0.845,0.8203,739,0
SPY190522C286,2019-05-20,2019-05-20 09:37:46,0.85,0.8252,150,0.83,0.8058,10,0.86,0.8349,10,0.84,0.8155,739,0
SPY190522C286,2019-05-20,2019-05-20 09:37:47,0.85,0.8252,247,0.83,0.8058,121,0.85,0.8252,1,0.84,0.8155,740,1
SPY190522C286,2019-05-20,2019-05-20 09:37:48,0.85,0.8252,588,0.83,0.8058,197,0.85,0.8252,1,0.84,0.8155,741,1
SPY190522C286,2019-05-20,2019-05-20 09:37:49,0.85,0.8252,314,0.82,0.7961,2234,0.85,0.8252,1,0.835,0.8106,741,0
SPY190522C286,2019-05-20,2019-05-20 09:37:50,0.85,0.8252,666,0.83,0.8058,120,0.85,0.8252,1,0.84,0.8155,741,0
SPY190522C286,2019-05-20,2019-05-20 09:37:52,0.85,0.8252,725,0.82,0.7961,609,0.85,0.8252,1,0.835,0.8106,741,0
SPY190522C286,2019-05-20,2019-05-20 09:37:53,0.84,0.8155,751,0.82,0.7961,1199,0.85,0.8252,1,0.83,0.8058,741,0
SPY190522C286,2019-05-20,2019-05-20 09:37:54,0.84,0.8155,142,0.82,0.7961,121,0.85,0.8252,1,0.83,0.8058,741,0
SPY190522C286,2019-05-20,2019-05-20 09:37:55,0.84,0.8155,243,0.82,0.7961,120,0.85,0.8252,1,0.83,0.8058,741,0
SPY190522C286,2019-05-20,2019-05-20 09:37:56,0.84,0.8155,625,0.82,0.7961,1206,0.85,0.8252,1,0.83,0.8058,741,0
SPY190522C286,2019-05-20,2019-05-20 09:37:57,0.84,0.8155,178,0.82,0.7961,1206,0.85,0.8252,1,0.83,0.8058,741,0
SPY190522C286,2019-05-20,2019-05-20 09:37:58,0.84,0.8155,742,0.81,0.7864,2070,0.85,0.8252,1,0.825,0.8009,741,0
SPY190522C286,2019-05-20,2019-05-20 09:38:00,0.85,0.8252,282,0.83,0.8058,120,0.85,0.8252,1,0.84,0.8155,741,0
SPY190522C286,2019-05-20,2019-05-20 09:38:00,0.85,0.8252,100,0.82,0.7961,900,0.85,0.8252,1,0.835,0.8106,741,0
SPY190522C286,2019-05-20,2019-05-20 09:38:02,0.85,0.8252,303,0.83,0.8058,684,0.85,0.8252,1,0.84,0.8155,741,0
SPY190522C286,2019-05-20,2019-05-20 09:38:03,0.83,0.8058,302,0.82,0.7961,10,0.85,0.8252,1,0.825,0.8009,741,0
SPY190522C286,2019-05-20,2019-05-20 09:38:05,0.82,0.7961,42,0.81,0.7864,5,0.85,0.8252,1,0.815,0.7912,741,0
SPY190522C286,2019-05-20,2019-05-20 09:38:06,0.82,0.7961,300,0.81,0.7864,5,0.85,0.8252,1,0.815,0.7912,741,0
SPY190522C286,2019-05-20,2019-05-20 09:38:07,0.82,0.7961,543,0.81,0.7864,5,0.81,0.7864,2,0.815,0.7912,743,2
SPY190522C286,2019-05-20,2019-05-20 09:38:08,0.82,0.7961,655,0.81,0.7864,5,0.82,0.7961,1,0.815,0.7912,744,1
SPY190522C286,2019-05-20,2019-05-20 09:38:09,0.82,0.7961,888,0.81,0.7864,5,0.82,0.7961,1,0.815,0.7912,744,0
SPY190522C286,2019-05-20,2019-05-20 09:38:10,0.82,0.7961,1194,0.8,0.7766,1,0.81,0.7864,5,0.81,0.7864,749,5
SPY190522C286,2019-05-20,2019-05-20 09:38:12,0.8,0.7766,400,0.77,0.7475,50,0.79,0.7669,1,0.785,0.7621,754,5
SPY190522C286,2019-05-20,2019-05-20 09:38:13,0.79,0.7669,190,0.77,0.7475,50,0.79,0.7669,1,0.78,0.7572,754,0
SPY190522C286,2019-05-20,2019-05-20 09:38:14,0.79,0.7669,100,0.77,0.7475,1205,0.77,0.7475,1,0.78,0.7572,755,1
SPY190522C286,2019-05-20,2019-05-20 09:38:15,0.79,0.7669,206,0.77,0.7475,121,0.77,0.7475,1,0.78,0.7572,755,0
SPY190522C286,2019-05-20,2019-05-20 09:38:16,0.79,0.7669,275,0.76,0.7378,622,0.77,0.7475,1,0.775,0.7524,755,0
SPY190522C286,2019-05-20,2019-05-20 09:38:18,0.8,0.7766,878,0.77,0.7475,1101,0.77,0.7475,1,0.785,0.7621,755,0
SPY190522C286,2019-05-20,2019-05-20 09:38:19,0.79,0.7669,118,0.77,0.7475,90,0.77,0.7475,1,0.78,0.7572,755,0
SPY190522C286,2019-05-20,2019-05-20 09:38:20,0.8,0.7766,371,0.76,0.7378,1741,0.77,0.7475,1,0.78,0.7572,755,0
SPY190522C286,2019-05-20,2019-05-20 09:38:21,0.79,0.7669,490,0.77,0.7475,120,0.77,0.7475,1,0.78,0.7572,755,0
SPY190522C286,2019-05-20,2019-05-20 09:38:23,0.78,0.7572,132,0.77,0.7475,50,0.77,0.7475,2,0.775,0.7524,759,4
SPY190522C286,2019-05-20,2019-05-20 09:38:24,0.78,0.7572,65,0.76,0.7378,400,0.77,0.7475,2,0.77,0.7475,759,0
SPY190522C286,2019-05-20,2019-05-20 09:38:25,0.78,0.7572,547,0.75,0.7281,706,0.77,0.7475,2,0.765,0.7427,759,0
SPY190522C286,2019-05-20,2019-05-20 09:38:26,0.78,0.7572,129,0.76,0.7378,120,0.77,0.7475,2,0.77,0.7475,759,0
SPY190522C286,2019-05-20,2019-05-20 09:38:27,0.78,0.7572,95,0.77,0.7475,1,0.77,0.7475,2,0.775,0.7524,759,0
SPY190522C286,2019-05-20,2019-05-20 09:38:28,0.78,0.7572,490,0.77,0.7475,1,0.77,0.7475,2,0.775,0.7524,759,0
SPY190522C286,2019-05-20,2019-05-20 09:38:30,0.77,0.7475,31,0.76,0.7378,177,0.76,0.7378,2,0.765,0.7427,769,10
SPY190522C286,2019-05-20,2019-05-20 09:38:31,0.78,0.7572,588,0.75,0.7281,961,0.77,0.7475,2,0.765,0.7427,771,2
SPY190522C286,2019-05-20,2019-05-20 09:38:33,0.77,0.7475,263,0.75,0.7281,1198,0.77,0.7475,2,0.76,0.7378,771,0
SPY190522C286,2019-05-20,2019-05-20 09:38:34,0.77,0.7475,179,0.75,0.7281,1260,0.77,0.7475,2,0.76,0.7378,771,0
SPY190522C286,2019-05-20,2019-05-20 09:38:35,0.77,0.7475,285,0.75,0.7281,470,0.77,0.7475,2,0.76,0.7378,771,0
SPY190522C286,2019-05-20,2019-05-20 09:38:37,0.76,0.7378,202,0.74,0.7184,470,0.77,0.7475,2,0.75,0.7281,771,0
SPY190522C286,2019-05-20,2019-05-20 09:38:38,0.77,0.7475,631,0.75,0.7281,1198,0.77,0.7475,2,0.76,0.7378,771,0
SPY190522C286,2019-05-20,2019-05-20 09:38:39,0.77,0.7475,240,0.75,0.7281,1198,0.77,0.7475,2,0.76,0.7378,771,0
SPY190522C286,2019-05-20,2019-05-20 09:38:40,0.76,0.7378,277,0.74,0.7184,900,0.77,0.7475,2,0.75,0.7281,771,0
SPY190522C286,2019-05-20,2019-05-20 09:38:42,0.77,0.7475,650,0.74,0.7184,1007,0.77,0.7475,2,0.755,0.733,771,0
SPY190522C286,2019-05-20,2019-05-20 09:38:43,0.76,0.7378,50,0.74,0.7184,1292,0.77,0.7475,2,0.75,0.7281,771,0
SPY190522C286,2019-05-20,2019-05-20 09:38:44,0.76,0.7378,50,0.75,0.7281,470,0.77,0.7475,2,0.755,0.733,771,0
SPY190522C286,2019-05-20,2019-05-20 09:38:46,0.76,0.7378,50,0.75,0.7281,470,0.77,0.7475,2,0.755,0.733,771,0
SPY190522C286,2019-05-20,2019-05-20 09:38:48,0.76,0.7378,17,0.75,0.7281,1198,0.76,0.7378,6,0.755,0.733,829,58
SPY190522C286,2019-05-20,2019-05-20 09:38:49,0.77,0.7475,10,0.76,0.7378,1429,0.76,0.7378,16,0.765,0.7427,846,17
SPY190522C286,2019-05-20,2019-05-20 09:38:51,0.81,0.7864,715,0.77,0.7475,401,0.79,0.7669,5,0.79,0.7669,861,15
SPY190522C286,2019-05-20,2019-05-20 09:38:52,0.79,0.7669,791,0.77,0.7475,400,0.79,0.7669,5,0.78,0.7572,861,0
SPY190522C286,2019-05-20,2019-05-20 09:38:53,0.8,0.7766,120,0.78,0.7572,120,0.79,0.7669,5,0.79,0.7669,861,0
SPY190522C286,2019-05-20,2019-05-20 09:38:54,0.81,0.7864,118,0.79,0.7669,401,0.79,0.7669,5,0.8,0.7766,861,0
SPY190522C286,2019-05-20,2019-05-20 09:38:55,0.82,0.7961,201,0.81,0.7864,1,0.81,0.7864,10,0.815,0.7912,871,10
SPY190522C286,2019-05-20,2019-05-20 09:38:57,0.83,0.8058,75,0.81,0.7864,900,0.81,0.7864,10,0.82,0.7961,871,0
SPY190522C286,2019-05-20,2019-05-20 09:38:58,0.83,0.8058,100,0.81,0.7864,80,0.81,0.7864,10,0.82,0.7961,871,0
SPY190522C286,2019-05-20,2019-05-20 09:38:59,0.83,0.8058,50,0.82,0.7961,100,0.81,0.7864,10,0.825,0.8009,871,0
SPY190522C286,2019-05-20,2019-05-20 09:39:00,0.84,0.8155,332,0.81,0.7864,1509,0.83,0.8058,2,0.825,0.8009,873,2
SPY190522C286,2019-05-20,2019-05-20 09:39:01,0.84,0.8155,133,0.82,0.7961,120,0.83,0.8058,2,0.83,0.8058,873,0
SPY190522C286,2019-05-20,2019-05-20 09:39:02,0.84,0.8155,196,0.81,0.7864,1438,0.83,0.8058,2,0.825,0.8009,873,0
SPY190522C286,2019-05-20,2019-05-20 09:39:04,0.84,0.8155,1221,0.81,0.7864,471,0.83,0.8058,2,0.825,0.8009,873,0
SPY190522C286,2019-05-20,2019-05-20 09:39:05,0.84,0.8155,120,0.82,0.7961,120,0.83,0.8058,2,0.83,0.8058,873,0
SPY190522C286,2019-05-20,2019-05-20 09:39:06,0.82,0.7961,246,0.81,0.7864,661,0.81,0.7864,1,0.815,0.7912,874,1
SPY190522C286,2019-05-20,2019-05-20 09:39:08,0.81,0.7864,85,0.79,0.7669,400,0.81,0.7864,1,0.8,0.7766,874,0
SPY190522C286,2019-05-20,2019-05-20 09:39:10,0.81,0.7864,304,0.79,0.7669,55,0.81,0.7864,1,0.8,0.7766,874,0
SPY190522C286,2019-05-20,2019-05-20 09:39:11,0.81,0.7864,767,0.79,0.7669,80,0.81,0.7864,1,0.8,0.7766,874,0
SPY190522C286,2019-05-20,2019-05-20 09:39:13,0.8,0.7766,159,0.78,0.7572,1,0.79,0.7669,15,0.79,0.7669,889,15
SPY190522C286,2019-05-20,2019-05-20 09:39:14,0.81,0.7864,588,0.79,0.7669,80,0.79,0.7669,15,0.8,0.7766,889,0
SPY190522C286,2019-05-20,2019-05-20 09:39:16,0.81,0.7864,726,0.79,0.7669,80,0.79,0.7669,15,0.8,0.7766,889,0
SPY190522C286,2019-05-20,2019-05-20 09:39:18,0.81,0.7864,50,0.79,0.7669,1305,0.79,0.7669,15,0.8,0.7766,889,0
SPY190522C286,2019-05-20,2019-05-20 09:39:20,0.81,0.7864,50,0.79,0.7669,1821,0.79,0.7669,15,0.8,0.7766,889,0
SPY190522C286,2019-05-20,2019-05-20 09:39:21,0.82,0.7961,560,0.8,0.7766,903,0.81,0.7864,2,0.81,0.7864,891,2
SPY190522C286,2019-05-20,2019-05-20 09:39:23,0.82,0.7961,328,0.8,0.7766,61,0.81,0.7864,2,0.81,0.7864,891,0
SPY190522C286,2019-05-20,2019-05-20 09:39:24,0.82,0.7961,659,0.8,0.7766,120,0.81,0.7864,2,0.81,0.7864,891,0
SPY190522C286,2019-05-20,2019-05-20 09:39:26,0.82,0.7961,224,0.79,0.7669,450,0.81,0.7864,2,0.805,0.7815,891,0
SPY190522C286,2019-05-20,2019-05-20 09:39:28,0.81,0.7864,195,0.79,0.7669,61,0.81,0.7864,2,0.8,0.7766,891,0
SPY190522C286,2019-05-20,2019-05-20 09:39:29,0.81,0.7864,895,0.79,0.7669,50,0.81,0.7864,2,0.8,0.7766,891,0
SPY190522C286,2019-05-20,2019-05-20 09:39:31,0.8,0.7766,654,0.78,0.7572,1198,0.81,0.7864,2,0.79,0.7669,891,0
SPY190522C286,2019-05-20,2019-05-20 09:39:32,0.8,0.7766,662,0.78,0.7572,1128,0.8,0.7766,1,0.79,0.7669,892,1
SPY190522C286,2019-05-20,2019-05-20 09:39:34,0.81,0.7864,728,0.78,0.7572,900,0.8,0.7766,1,0.795,0.7718,892,0
SPY190522C286,2019-05-20,2019-05-20 09:39:36,0.81,0.7864,78,0.78,0.7572,1313,0.8,0.7766,1,0.795,0.7718,892,0
SPY190522C286,2019-05-20,2019-05-20 09:39:38,0.8,0.7766,185,0.79,0.7669,2,0.8,0.7766,1,0.795,0.7718,892,0
SPY190522C286,2019-05-20,2019-05-20 09:39:39,0.81,0.7864,120,0.79,0.7669,1198,0.8,0.7766,1,0.8,0.7766,892,0
SPY190522C286,2019-05-20,2019-05-20 09:39:41,0.81,0.7864,75,0.79,0.7669,1319,0.8,0.7766,1,0.8,0.7766,892,0
SPY190522C286,2019-05-20,2019-05-20 09:39:43,0.83,0.8058,1,0.82,0.7961,77,0.82,0.7961,1,0.825,0.8009,932,40
SPY190522C286,2019-05-20,2019-05-20 09:39:44,0.83,0.8058,1,0.82,0.7961,1547,0.82,0.7961,1,0.825,0.8009,932,0
SPY190522C286,2019-05-20,2019-05-20 09:39:46,0.85,0.8252,81,0.83,0.8058,307,0.83,0.8058,1,0.84,0.8155,933,1
SPY190522C286,2019-05-20,2019-05-20 09:39:47,0.87,0.8446,120,0.85,0.8252,120,0.85,0.8252,10,0.86,0.8349,943,10
SPY190522C286,2019-05-20,2019-05-20 09:39:49,0.86,0.8349,471,0.83,0.8058,336,0.85,0.8252,10,0.845,0.8203,943,0
SPY190522C286,2019-05-20,2019-05-20 09:39:50,0.85,0.8252,84,0.83,0.8058,1005,0.85,0.8252,10,0.84,0.8155,943,0
SPY190522C286,2019-05-20,2019-05-20 09:39:52,0.83,0.8058,350,0.81,0.7864,1470,0.83,0.8058,2,0.82,0.7961,945,2
SPY190522C286,2019-05-20,2019-05-20 09:39:53,0.83,0.8058,974,0.81,0.7864,80,0.82,0.7961,11,0.82,0.7961,956,11
SPY190522C286,2019-05-20,2019-05-20 09:39:55,0.82,0.7961,187,0.81,0.7864,80,0.82,0.7961,11,0.815,0.7912,956,0
SPY190522C286,2019-05-20,2019-05-20 09:39:56,0.82,0.7961,187,0.81,0.7864,55,0.82,0.7961,11,0.815,0.7912,956,0
SPY190522C286,2019-05-20,2019-05-20 09:39:57,0.8,0.7766,148,0.79,0.7669,2,0.8,0.7766,6,0.795,0.7718,962,6
SPY190522C286,2019-05-20,2019-05-20 09:39:59,0.79,0.7669,154,0.78,0.7572,71,0.79,0.7669,1,0.785,0.7621,965,3
SPY190522C286,2019-05-20,2019-05-20 09:40:00,0.79,0.7669,144,0.77,0.7475,1198,0.79,0.7669,1,0.78,0.7572,965,0
SPY190522C286,2019-05-20,2019-05-20 09:40:01,0.81,0.7864,202,0.78,0.7572,331,0.79,0.7669,1,0.795,0.7718,965,0
SPY190522C286,2019-05-20,2019-05-20 09:40:02,0.81,0.7864,183,0.79,0.7669,50,0.79,0.7669,1,0.8,0.7766,965,0
SPY190522C286,2019-05-20,2019-05-20 09:40:03,0.81,0.7864,486,0.78,0.7572,1217,0.79,0.7669,1,0.795,0.7718,965,0
SPY190522C286,2019-05-20,2019-05-20 09:40:04,0.82,0.7961,194,0.79,0.7669,900,0.79,0.7669,1,0.805,0.7815,965,0
SPY190522C286,2019-05-20,2019-05-20 09:40:05,0.82,0.7961,193,0.79,0.7669,1705,0.79,0.7669,1,0.805,0.7815,965,0
SPY190522C286,2019-05-20,2019-05-20 09:40:06,0.8,0.7766,114,0.79,0.7669,50,0.79,0.7669,1,0.795,0.7718,965,0
SPY190522C286,2019-05-20,2019-05-20 09:40:07,0.81,0.7864,590,0.79,0.7669,1295,0.79,0.7669,1,0.8,0.7766,965,0
SPY190522C286,2019-05-20,2019-05-20 09:40:08,0.81,0.7864,688,0.79,0.7669,900,0.79,0.7669,1,0.8,0.7766,965,0
SPY190522C286,2019-05-20,2019-05-20 09:40:09,0.81,0.7864,414,0.79,0.7669,1198,0.79,0.7669,1,0.8,0.7766,965,0
SPY190522C286,2019-05-20,2019-05-20 09:40:10,0.81,0.7864,219,0.79,0.7669,1305,0.79,0.7669,1,0.8,0.7766,965,0
SPY190522C286,2019-05-20,2019-05-20 09:40:11,0.81,0.7864,467,0.79,0.7669,1198,0.79,0.7669,1,0.8,0.7766,965,0
SPY190522C286,2019-05-20,2019-05-20 09:40:12,0.81,0.7864,672,0.79,0.7669,50,0.79,0.7669,1,0.8,0.7766,965,0
SPY190522C286,2019-05-20,2019-05-20 09:40:13,0.81,0.7864,722,0.79,0.7669,1236,0.79,0.7669,1,0.8,0.7766,965,0
SPY190522C286,2019-05-20,2019-05-20 09:40:14,0.81,0.7864,353,0.79,0.7669,290,0.79,0.7669,1,0.8,0.7766,965,0
SPY190522C286,2019-05-20,2019-05-20 09:40:15,0.81,0.7864,196,0.79,0.7669,6,0.79,0.7669,1,0.8,0.7766,965,0
SPY190522C286,2019-05-20,2019-05-20 09:40:16,0.81,0.7864,462,0.79,0.7669,100,0.79,0.7669,1,0.8,0.7766,965,0
SPY190522C286,2019-05-20,2019-05-20 09:40:17,0.81,0.7864,421,0.79,0.7669,100,0.79,0.7669,1,0.8,0.7766,965,0
SPY190522C286,2019-05-20,2019-05-20 09:40:18,0.81,0.7864,254,0.79,0.7669,152,0.79,0.7669,1,0.8,0.7766,965,0
SPY190522C286,2019-05-20,2019-05-20 09:40:19,0.81,0.7864,120,0.8,0.7766,56,0.79,0.7669,1,0.805,0.7815,965,0
SPY190522C286,2019-05-20,2019-05-20 09:40:20,0.83,0.8058,164,0.8,0.7766,1259,0.79,0.7669,1,0.815,0.7912,965,0
SPY190522C286,2019-05-20,2019-05-20 09:40:21,0.83,0.8058,100,0.81,0.7864,150,0.79,0.7669,1,0.82,0.7961,965,0
SPY190522C286,2019-05-20,2019-05-20 09:40:22,0.83,0.8058,113,0.82,0.7961,120,0.79,0.7669,1,0.825,0.8009,965,0
SPY190522C286,2019-05-20,2019-05-20 09:40:23,0.83,0.8058,121,0.8,0.7766,762,0.79,0.7669,1,0.815,0.7912,965,0
SPY190522C286,2019-05-20,2019-05-20 09:40:24,0.83,0.8058,50,0.81,0.7864,1998,0.79,0.7669,1,0.82,0.7961,965,0
SPY190522C286,2019-05-20,2019-05-20 09:40:25,0.84,0.8155,680,0.81,0.7864,2118,0.79,0.7669,1,0.825,0.8009,965,0
SPY190522C286,2019-05-20,2019-05-20 09:40:26,0.83,0.8058,120,0.81,0.7864,302,0.79,0.7669,1,0.82,0.7961,965,0
SPY190522C286,2019-05-20,2019-05-20 09:40:27,0.83,0.8058,545,0.8,0.7766,1253,0.79,0.7669,1,0.815,0.7912,965,0
SPY190522C286,2019-05-20,2019-05-20 09:40:28,0.83,0.8058,852,0.8,0.7766,1970,0.79,0.7669,1,0.815,0.7912,965,0
SPY190522C286,2019-05-20,2019-05-20 09:40:29,0.82,0.7961,156,0.8,0.7766,120,0.79,0.7669,1,0.81,0.7864,965,0
SPY190522C286,2019-05-20,2019-05-20 09:40:30,0.83,0.8058,326,0.8,0.7766,131,0.79,0.7669,1,0.815,0.7912,965,0
SPY190522C286,2019-05-20,2019-05-20 09:40:31,0.83,0.8058,520,0.81,0.7864,120,0.79,0.7669,1,0.82,0.7961,965,0
SPY190522C286,2019-05-20,2019-05-20 09:40:32,0.83,0.8058,93,0.81,0.7864,1250,0.79,0.7669,1,0.82,0.7961,965,0
SPY190522C286,2019-05-20,2019-05-20 09:40:33,0.84,0.8155,266,0.81,0.7864,2184,0.79,0.7669,1,0.825,0.8009,965,0
SPY190522C286,2019-05-20,2019-05-20 09:40:34,0.83,0.8058,50,0.81,0.7864,1500,0.79,0.7669,1,0.82,0.7961,965,0
SPY190522C286,2019-05-20,2019-05-20 09:40:35,0.83,0.8058,223,0.81,0.7864,13,0.79,0.7669,1,0.82,0.7961,965,0
SPY190522C286,2019-05-20,2019-05-20 09:40:36,0.83,0.8058,58,0.81,0.7864,900,0.79,0.7669,1,0.82,0.7961,965,0
SPY190522C286,2019-05-20,2019-05-20 09:40:37,0.84,0.8155,665,0.82,0.7961,131,0.79,0.7669,1,0.83,0.8058,965,0
SPY190522C286,2019-05-20,2019-05-20 09:40:38,0.84,0.8155,131,0.82,0.7961,131,0.79,0.7669,1,0.83,0.8058,965,0
SPY190522C286,2019-05-20,2019-05-20 09:40:39,0.83,0.8058,93,0.82,0.7961,100,0.79,0.7669,1,0.825,0.8009,965,0
SPY190522C286,2019-05-20,2019-05-20 09:40:40,0.82,0.7961,1,0.82,0.7961,100,0.82,0.7961,100,0.82,0.7961,1065,100
SPY190522C286,2019-05-20,2019-05-20 09:40:41,0.83,0.8058,717,0.81,0.7864,50,0.82,0.7961,4,0.82,0.7961,1069,4
SPY190522C286,2019-05-20,2019-05-20 09:40:42,0.83,0.8058,400,0.8,0.7766,31,0.82,0.7961,4,0.815,0.7912,1069,0
SPY190522C286,2019-05-20,2019-05-20 09:40:43,0.83,0.8058,693,0.8,0.7766,754,0.82,0.7961,4,0.815,0.7912,1069,0
SPY190522C286,2019-05-20,2019-05-20 09:40:44,0.83,0.8058,641,0.8,0.7766,826,0.82,0.7961,4,0.815,0.7912,1069,0
SPY190522C286,2019-05-20,2019-05-20 09:40:45,0.83,0.8058,350,0.81,0.7864,830,0.82,0.7961,4,0.82,0.7961,1069,0
SPY190522C286,2019-05-20,2019-05-20 09:40:46,0.83,0.8058,520,0.81,0.7864,105,0.82,0.7961,4,0.82,0.7961,1069,0
SPY190522C286,2019-05-20,2019-05-20 09:40:47,0.83,0.8058,772,0.81,0.7864,50,0.82,0.7961,4,0.82,0.7961,1069,0
SPY190522C286,2019-05-20,2019-05-20 09:40:48,0.82,0.7961,142,0.8,0.7766,578,0.82,0.7961,4,0.81,0.7864,1069,0
SPY190522C286,2019-05-20,2019-05-20 09:40:49,0.82,0.7961,50,0.81,0.7864,120,0.82,0.7961,4,0.815,0.7912,1069,0
SPY190522C286,2019-05-20,2019-05-20 09:40:50,0.83,0.8058,512,0.81,0.7864,555,0.82,0.7961,4,0.82,0.7961,1069,0
SPY190522C286,2019-05-20,2019-05-20 09:40:51,0.83,0.8058,591,0.8,0.7766,428,0.82,0.7961,4,0.815,0.7912,1069,0
SPY190522C286,2019-05-20,2019-05-20 09:40:52,0.82,0.7961,120,0.8,0.7766,617,0.82,0.7961,4,0.81,0.7864,1069,0
SPY190522C286,2019-05-20,2019-05-20 09:40:53,0.82,0.7961,50,0.81,0.7864,50,0.82,0.7961,4,0.815,0.7912,1069,0
SPY190522C286,2019-05-20,2019-05-20 09:40:54,0.81,0.7864,120,0.79,0.7669,120,0.82,0.7961,4,0.8,0.7766,1069,0
SPY190522C286,2019-05-20,2019-05-20 09:40:55,0.81,0.7864,62,0.79,0.7669,161,0.81,0.7864,1,0.8,0.7766,1077,8
SPY190522C286,2019-05-20,2019-05-20 09:40:56,0.81,0.7864,471,0.79,0.7669,177,0.81,0.7864,1,0.8,0.7766,1077,0
SPY190522C286,2019-05-20,2019-05-20 09:40:57,0.81,0.7864,658,0.79,0.7669,100,0.81,0.7864,1,0.8,0.7766,1077,0
SPY190522C286,2019-05-20,2019-05-20 09:40:58,0.81,0.7864,25,0.79,0.7669,686,0.81,0.7864,1,0.8,0.7766,1077,0
SPY190522C286,2019-05-20,2019-05-20 09:40:59,0.84,0.8155,211,0.82,0.7961,2,0.81,0.7864,1,0.83,0.8058,1077,0
SPY190522C286,2019-05-20,2019-05-20 09:41:00,0.84,0.8155,120,0.82,0.7961,120,0.81,0.7864,1,0.83,0.8058,1077,0
SPY190522C286,2019-05-20,2019-05-20 09:41:01,0.84,0.8155,470,0.82,0.7961,77,0.81,0.7864,1,0.83,0.8058,1077,0
SPY190522C286,2019-05-20,2019-05-20 09:41:02,0.84,0.8155,152,0.82,0.7961,257,0.81,0.7864,1,0.83,0.8058,1077,0
SPY190522C286,2019-05-20,2019-05-20 09:41:03,0.84,0.8155,470,0.82,0.7961,120,0.81,0.7864,1,0.83,0.8058,1077,0
SPY190522C286,2019-05-20,2019-05-20 09:41:04,0.84,0.8155,207,0.82,0.7961,120,0.81,0.7864,1,0.83,0.8058,1077,0
SPY190522C286,2019-05-20,2019-05-20 09:41:05,0.84,0.8155,235,0.82,0.7961,125,0.81,0.7864,1,0.83,0.8058,1077,0
SPY190522C286,2019-05-20,2019-05-20 09:41:05,0.84,0.8155,179,0.83,0.8058,6,0.81,0.7864,1,0.835,0.8106,1077,0
SPY190522C286,2019-05-20,2019-05-20 09:41:06,0.84,0.8155,113,0.83,0.8058,6,0.81,0.7864,1,0.835,0.8106,1077,0
SPY190522C286,2019-05-20,2019-05-20 09:41:07,0.84,0.8155,500,0.83,0.8058,6,0.81,0.7864,1,0.835,0.8106,1077,0
SPY190522C286,2019-05-20,2019-05-20 09:41:08,0.84,0.8155,266,0.83,0.8058,6,0.81,0.7864,1,0.835,0.8106,1077,0
SPY190522C286,2019-05-20,2019-05-20 09:41:09,0.84,0.8155,97,0.83,0.8058,6,0.81,0.7864,1,0.835,0.8106,1077,0
SPY190522C286,2019-05-20,2019-05-20 09:41:11,0.85,0.8252,149,0.83,0.8058,80,0.81,0.7864,1,0.84,0.8155,1077,0
SPY190522C286,2019-05-20,2019-05-20 09:41:11,0.85,0.8252,50,0.84,0.8155,120,0.81,0.7864,1,0.845,0.8203,1077,0
SPY190522C286,2019-05-20,2019-05-20 09:41:13,0.85,0.8252,94,0.83,0.8058,1313,0.81,0.7864,1,0.84,0.8155,1077,0
SPY190522C286,2019-05-20,2019-05-20 09:41:13,0.85,0.8252,30,0.84,0.8155,150,0.81,0.7864,1,0.845,0.8203,1077,0
SPY190522C286,2019-05-20,2019-05-20 09:41:14,0.86,0.8349,249,0.84,0.8155,120,0.81,0.7864,1,0.85,0.8252,1077,0
SPY190522C286,2019-05-20,2019-05-20 09:41:16,0.86,0.8349,359,0.84,0.8155,120,0.81,0.7864,1,0.85,0.8252,1077,0
SPY190522C286,2019-05-20,2019-05-20 09:41:17,0.86,0.8349,708,0.84,0.8155,120,0.81,0.7864,1,0.85,0.8252,1077,0
SPY190522C286,2019-05-20,2019-05-20 09:41:17,0.86,0.8349,758,0.85,0.8252,2,0.81,0.7864,1,0.855,0.83,1077,0
SPY190522C286,2019-05-20,2019-05-20 09:41:18,0.86,0.8349,752,0.85,0.8252,2,0.81,0.7864,1,0.855,0.83,1077,0
SPY190522C286,2019-05-20,2019-05-20 09:41:19,0.86,0.8349,94,0.85,0.8252,2,0.81,0.7864,1,0.855,0.83,1077,0
SPY190522C286,2019-05-20,2019-05-20 09:41:20,0.88,0.8543,354,0.85,0.8252,131,0.81,0.7864,1,0.865,0.8398,1077,0
SPY190522C286,2019-05-20,2019-05-20 09:41:21,0.87,0.8446,27,0.85,0.8252,2,0.81,0.7864,1,0.86,0.8349,1077,0
SPY190522C286,2019-05-20,2019-05-20 09:41:22,0.87,0.8446,660,0.85,0.8252,150,0.81,0.7864,1,0.86,0.8349,1077,0
SPY190522C286,2019-05-20,2019-05-20 09:41:23,0.87,0.8446,162,0.85,0.8252,250,0.81,0.7864,1,0.86,0.8349,1077,0
SPY190522C286,2019-05-20,2019-05-20 09:41:24,0.87,0.8446,75,0.86,0.8349,120,0.81,0.7864,1,0.865,0.8398,1077,0
SPY190522C286,2019-05-20,2019-05-20 09:41:25,0.88,0.8543,130,0.86,0.8349,120,0.81,0.7864,1,0.87,0.8446,1077,0
SPY190522C286,2019-05-20,2019-05-20 09:41:26,0.88,0.8543,401,0.86,0.8349,50,0.81,0.7864,1,0.87,0.8446,1077,0
SPY190522C286,2019-05-20,2019-05-20 09:41:27,0.88,0.8543,736,0.85,0.8252,1121,0.81,0.7864,1,0.865,0.8398,1077,0
SPY190522C286,2019-05-20,2019-05-20 09:41:28,0.87,0.8446,80,0.85,0.8252,120,0.81,0.7864,1,0.86,0.8349,1077,0
SPY190522C286,2019-05-20,2019-05-20 09:41:29,0.87,0.8446,905,0.85,0.8252,2,0.81,0.7864,1,0.86,0.8349,1077,0
SPY190522C286,2019-05-20,2019-05-20 09:41:30,0.87,0.8446,815,0.85,0.8252,2,0.81,0.7864,1,0.86,0.8349,1077,0
SPY190522C286,2019-05-20,2019-05-20 09:41:31,0.86,0.8349,237,0.85,0.8252,2,0.81,0.7864,1,0.855,0.83,1077,0
SPY190522C286,2019-05-20,2019-05-20 09:41:31,0.87,0.8446,783,0.85,0.8252,2,0.81,0.7864,1,0.86,0.8349,1077,0
SPY190522C286,2019-05-20,2019-05-20 09:41:32,0.86,0.8349,900,0.85,0.8252,2,0.81,0.7864,1,0.855,0.83,1077,0
SPY190522C286,2019-05-20,2019-05-20 09:41:33,0.86,0.8349,471,0.85,0.8252,2,0.81,0.7864,1,0.855,0.83,1077,0
SPY190522C286,2019-05-20,2019-05-20 09:41:34,0.86,0.8349,80,0.85,0.8252,2,0.81,0.7864,1,0.855,0.83,1077,0
SPY190522C286,2019-05-20,2019-05-20 09:41:35,0.86,0.8349,80,0.85,0.8252,2,0.81,0.7864,1,0.855,0.83,1077,0
SPY190522C286,2019-05-20,2019-05-20 09:41:36,0.86,0.8349,266,0.85,0.8252,2,0.81,0.7864,1,0.855,0.83,1077,0
SPY190522C286,2019-05-20,2019-05-20 09:41:37,0.87,0.8446,941,0.85,0.8252,2,0.85,0.8252,23,0.86,0.8349,1100,23
SPY190522C286,2019-05-20,2019-05-20 09:41:38,0.87,0.8446,303,0.85,0.8252,712,0.85,0.8252,23,0.86,0.8349,1100,0
SPY190522C286,2019-05-20,2019-05-20 09:41:39,0.87,0.8446,303,0.85,0.8252,578,0.85,0.8252,23,0.86,0.8349,1100,0
SPY190522C286,2019-05-20,2019-05-20 09:41:40,0.87,0.8446,303,0.85,0.8252,588,0.85,0.8252,23,0.86,0.8349,1100,0
SPY190522C286,2019-05-20,2019-05-20 09:41:41,0.87,0.8446,303,0.85,0.8252,588,0.85,0.8252,23,0.86,0.8349,1100,0
SPY190522C286,2019-05-20,2019-05-20 09:41:42,0.87,0.8446,134,0.85,0.8252,769,0.85,0.8252,23,0.86,0.8349,1100,0
SPY190522C286,2019-05-20,2019-05-20 09:41:43,0.87,0.8446,1,0.86,0.8349,286,0.87,0.8446,1,0.865,0.8398,1101,1
SPY190522C286,2019-05-20,2019-05-20 09:41:44,0.88,0.8543,227,0.86,0.8349,122,0.87,0.8446,1,0.87,0.8446,1101,0
SPY190522C286,2019-05-20,2019-05-20 09:41:45,0.88,0.8543,202,0.86,0.8349,7,0.87,0.8446,1,0.87,0.8446,1101,0
SPY190522C286,2019-05-20,2019-05-20 09:41:46,0.88,0.8543,125,0.86,0.8349,490,0.87,0.8446,5,0.87,0.8446,1113,12
SPY190522C286,2019-05-20,2019-05-20 09:41:47,0.88,0.8543,124,0.86,0.8349,490,0.87,0.8446,3,0.87,0.8446,1120,7
SPY190522C286,2019-05-20,2019-05-20 09:41:48,0.88,0.8543,745,0.86,0.8349,40,0.87,0.8446,3,0.87,0.8446,1120,0
SPY190522C286,2019-05-20,2019-05-20 09:41:49,0.88,0.8543,837,0.86,0.8349,34,0.87,0.8446,7,0.87,0.8446,1127,7
SPY190522C286,2019-05-20,2019-05-20 09:41:50,0.88,0.8543,717,0.87,0.8446,34,0.87,0.8446,7,0.875,0.8495,1127,0
SPY190522C286,2019-05-20,2019-05-20 09:41:51,0.88,0.8543,203,0.87,0.8446,64,0.86,0.8349,1,0.875,0.8495,1128,1
SPY190522C286,2019-05-20,2019-05-20 09:41:52,0.89,0.864,50,0.87,0.8446,471,0.87,0.8446,4,0.88,0.8543,1132,4
SPY190522C286,2019-05-20,2019-05-20 09:41:53,0.88,0.8543,6,0.86,0.8349,107,0.87,0.8446,4,0.87,0.8446,1132,0
SPY190522C286,2019-05-20,2019-05-20 09:41:54,0.88,0.8543,150,0.86,0.8349,23,0.87,0.8446,4,0.87,0.8446,1132,0
SPY190522C286,2019-05-20,2019-05-20 09:41:55,0.88,0.8543,729,0.87,0.8446,26,0.87,0.8446,4,0.875,0.8495,1132,0
SPY190522C286,2019-05-20,2019-05-20 09:41:56,0.87,0.8446,150,0.86,0.8349,1,0.87,0.8446,4,0.865,0.8398,1132,0
SPY190522C286,2019-05-20,2019-05-20 09:41:57,0.86,0.8349,1,0.85,0.8252,601,0.86,0.8349,1,0.855,0.83,1134,2
SPY190522C286,2019-05-20,2019-05-20 09:41:58,0.88,0.8543,93,0.85,0.8252,504,0.86,0.8349,1,0.865,0.8398,1134,0
SPY190522C286,2019-05-20,2019-05-20 09:41:59,0.88,0.8543,960,0.86,0.8349,26,0.86,0.8349,1,0.87,0.8446,1134,0
SPY190522C286,2019-05-20,2019-05-20 09:42:00,0.88,0.8543,960,0.86,0.8349,26,0.86,0.8349,1,0.87,0.8446,1134,0
SPY190522C286,2019-05-20,2019-05-20 09:42:02,0.86,0.8349,154,0.84,0.8155,18,0.85,0.8252,2,0.85,0.8252,1136,2
SPY190522C286,2019-05-20,2019-05-20 09:42:03,0.87,0.8446,898,0.85,0.8252,63,0.85,0.8252,2,0.86,0.8349,1136,0
SPY190522C286,2019-05-20,2019-05-20 09:42:04,0.87,0.8446,50,0.86,0.8349,40,0.85,0.8252,2,0.865,0.8398,1136,0
SPY190522C286,2019-05-20,2019-05-20 09:42:05,0.86,0.8349,106,0.84,0.8155,350,0.85,0.8252,2,0.85,0.8252,1136,0
SPY190522C286,2019-05-20,2019-05-20 09:42:06,0.86,0.8349,50,0.84,0.8155,506,0.85,0.8252,2,0.85,0.8252,1136,0
SPY190522C286,2019-05-20,2019-05-20 09:42:07,0.87,0.8446,339,0.85,0.8252,62,0.85,0.8252,2,0.86,0.8349,1136,0
SPY190522C286,2019-05-20,2019-05-20 09:42:09,0.87,0.8446,50,0.86,0.8349,134,0.85,0.8252,1,0.865,0.8398,1137,1
SPY190522C286,2019-05-20,2019-05-20 09:42:10,0.87,0.8446,81,0.86,0.8349,34,0.85,0.8252,1,0.865,0.8398,1137,0
SPY190522C286,2019-05-20,2019-05-20 09:42:11,0.87,0.8446,125,0.85,0.8252,64,0.85,0.8252,1,0.86,0.8349,1137,0
SPY190522C286,2019-05-20,2019-05-20 09:42:12,0.86,0.8349,100,0.84,0.8155,421,0.85,0.8252,1,0.85,0.8252,1137,0
SPY190522C286,2019-05-20,2019-05-20 09:42:14,0.86,0.8349,100,0.84,0.8155,424,0.85,0.8252,1,0.85,0.8252,1137,0
SPY190522C286,2019-05-20,2019-05-20 09:42:15,0.86,0.8349,12,0.84,0.8155,664,0.85,0.8252,1,0.85,0.8252,1137,0
SPY190522C286,2019-05-20,2019-05-20 09:42:16,0.87,0.8446,123,0.85,0.8252,511,0.85,0.8252,1,0.86,0.8349,1137,0
SPY190522C286,2019-05-20,2019-05-20 09:42:17,0.87,0.8446,436,0.84,0.8155,782,0.85,0.8252,1,0.855,0.83,1137,0
SPY190522C286,2019-05-20,2019-05-20 09:42:18,0.86,0.8349,100,0.84,0.8155,573,0.85,0.8252,1,0.85,0.8252,1137,0
SPY190522C286,2019-05-20,2019-05-20 09:42:19,0.88,0.8543,234,0.86,0.8349,1,0.86,0.8349,2,0.87,0.8446,1139,2
SPY190522C286,2019-05-20,2019-05-20 09:42:20,0.87,0.8446,191,0.84,0.8155,298,0.88,0.8543,5,0.855,0.83,1144,5
SPY190522C286,2019-05-20,2019-05-20 09:42:21,0.86,0.8349,17,0.84,0.8155,779,0.88,0.8543,5,0.85,0.8252,1144,0
SPY190522C286,2019-05-20,2019-05-20 09:42:22,0.86,0.8349,100,0.84,0.8155,652,0.88,0.8543,5,0.85,0.8252,1144,0
SPY190522C286,2019-05-20,2019-05-20 09:42:23,0.86,0.8349,100,0.84,0.8155,490,0.88,0.8543,5,0.85,0.8252,1144,0
SPY190522C286,2019-05-20,2019-05-20 09:42:24,0.86,0.8349,32,0.85,0.8252,363,0.86,0.8349,19,0.855,0.83,1175,31
SPY190522C286,2019-05-20,2019-05-20 09:42:25,0.87,0.8446,11,0.85,0.8252,500,0.86,0.8349,19,0.86,0.8349,1175,0
SPY190522C286,2019-05-20,2019-05-20 09:42:26,0.87,0.8446,59,0.85,0.8252,515,0.86,0.8349,19,0.86,0.8349,1175,0
SPY190522C286,2019-05-20,2019-05-20 09:42:28,0.89,0.864,100,0.86,0.8349,515,0.86,0.8349,19,0.875,0.8495,1175,0
SPY190522C286,2019-05-20,2019-05-20 09:42:29,0.89,0.864,206,0.87,0.8446,97,0.86,0.8349,19,0.88,0.8543,1175,0
SPY190522C286,2019-05-20,2019-05-20 09:42:30,0.89,0.864,167,0.87,0.8446,71,0.86,0.8349,19,0.88,0.8543,1175,0
SPY190522C286,2019-05-20,2019-05-20 09:42:31,0.89,0.864,3,0.87,0.8446,32,0.86,0.8349,19,0.88,0.8543,1175,0
SPY190522C286,2019-05-20,2019-05-20 09:42:32,0.89,0.864,100,0.87,0.8446,487,0.86,0.8349,19,0.88,0.8543,1175,0
SPY190522C286,2019-05-20,2019-05-20 09:42:33,0.89,0.864,120,0.87,0.8446,471,0.86,0.8349,19,0.88,0.8543,1175,0
SPY190522C286,2019-05-20,2019-05-20 09:42:34,0.89,0.864,134,0.88,0.8543,62,0.86,0.8349,19,0.885,0.8592,1175,0
SPY190522C286,2019-05-20,2019-05-20 09:42:36,0.91,0.8834,203,0.89,0.864,26,0.86,0.8349,19,0.9,0.8737,1175,0
SPY190522C286,2019-05-20,2019-05-20 09:42:37,0.9,0.8737,321,0.89,0.864,33,0.89,0.864,1,0.895,0.8689,1176,1
SPY190522C286,2019-05-20,2019-05-20 09:42:38,0.9,0.8737,100,0.89,0.864,1,0.89,0.864,1,0.895,0.8689,1176,0
SPY190522C286,2019-05-20,2019-05-20 09:42:39,0.91,0.8834,696,0.89,0.864,10,0.89,0.864,1,0.9,0.8737,1176,0
SPY190522C286,2019-05-20,2019-05-20 09:42:40,0.91,0.8834,50,0.9,0.8737,400,0.89,0.864,1,0.905,0.8786,1179,3
SPY190522C286,2019-05-20,2019-05-20 09:42:42,0.92,0.8932,46,0.91,0.8834,73,0.89,0.864,1,0.915,0.8883,1179,0
SPY190522C286,2019-05-20,2019-05-20 09:42:43,0.93,0.9029,100,0.91,0.8834,427,0.89,0.864,1,0.92,0.8932,1179,0
SPY190522C286,2019-05-20,2019-05-20 09:42:44,0.93,0.9029,53,0.91,0.8834,17,0.89,0.864,1,0.92,0.8932,1179,0
SPY190522C286,2019-05-20,2019-05-20 09:42:45,0.92,0.8932,11,0.91,0.8834,116,0.89,0.864,1,0.915,0.8883,1179,0
SPY190522C286,2019-05-20,2019-05-20 09:42:47,0.93,0.9029,85,0.91,0.8834,634,0.89,0.864,1,0.92,0.8932,1179,0
SPY190522C286,2019-05-20,2019-05-20 09:42:48,0.94,0.9126,50,0.92,0.8932,513,0.89,0.864,1,0.93,0.9029,1179,0
SPY190522C286,2019-05-20,2019-05-20 09:42:49,0.94,0.9126,50,0.93,0.9029,81,0.89,0.864,1,0.935,0.9077,1179,0
SPY190522C286,2019-05-20,2019-05-20 09:42:50,0.95,0.9223,210,0.93,0.9029,64,0.89,0.864,1,0.94,0.9126,1179,0
SPY190522C286,2019-05-20,2019-05-20 09:42:51,0.93,0.9029,100,0.91,0.8834,13,0.89,0.864,1,0.92,0.8932,1179,0
SPY190522C286,2019-05-20,2019-05-20 09:42:53,0.93,0.9029,50,0.91,0.8834,50,0.89,0.864,1,0.92,0.8932,1179,0
SPY190522C286,2019-05-20,2019-05-20 09:42:54,0.92,0.8932,11,0.9,0.8737,409,0.89,0.864,1,0.91,0.8834,1179,0
SPY190522C286,2019-05-20,2019-05-20 09:42:55,0.92,0.8932,36,0.9,0.8737,698,0.93,0.9029,1,0.91,0.8834,1180,1
SPY190522C286,2019-05-20,2019-05-20 09:42:57,0.91,0.8834,50,0.89,0.864,614,0.93,0.9029,1,0.9,0.8737,1180,0
SPY190522C286,2019-05-20,2019-05-20 09:42:58,0.92,0.8932,53,0.9,0.8737,585,0.93,0.9029,1,0.91,0.8834,1180,0
SPY190522C286,2019-05-20,2019-05-20 09:42:59,0.91,0.8834,150,0.89,0.864,67,0.89,0.864,10,0.9,0.8737,1190,10
SPY190522C286,2019-05-20,2019-05-20 09:43:00,0.91,0.8834,110,0.89,0.864,461,0.89,0.864,10,0.9,0.8737,1190,0
SPY190522C286,2019-05-20,2019-05-20 09:43:01,0.91,0.8834,47,0.89,0.864,461,0.89,0.864,10,0.9,0.8737,1190,0
SPY190522C286,2019-05-20,2019-05-20 09:43:02,0.93,0.9029,72,0.9,0.8737,322,0.89,0.864,10,0.915,0.8883,1190,0
SPY190522C286,2019-05-20,2019-05-20 09:43:03,0.94,0.9126,50,0.93,0.9029,122,0.93,0.9029,53,0.935,0.9077,1290,100
SPY190522C286,2019-05-20,2019-05-20 09:43:05,0.94,0.9126,50,0.93,0.9029,57,0.93,0.9029,53,0.935,0.9077,1290,0
SPY190522C286,2019-05-20,2019-05-20 09:43:06,0.93,0.9029,25,0.92,0.8932,149,0.93,0.9029,53,0.925,0.898,1290,0
SPY190522C286,2019-05-20,2019-05-20 09:43:08,0.92,0.8932,10,0.9,0.8737,550,0.93,0.9029,53,0.91,0.8834,1290,0
SPY190522C286,2019-05-20,2019-05-20 09:43:09,0.93,0.9029,8,0.91,0.8834,126,0.93,0.9029,53,0.92,0.8932,1290,0
SPY190522C286,2019-05-20,2019-05-20 09:43:10,0.92,0.8932,118,0.9,0.8737,568,0.93,0.9029,1,0.91,0.8834,1291,1
SPY190522C286,2019-05-20,2019-05-20 09:43:12,0.92,0.8932,626,0.9,0.8737,1,0.93,0.9029,1,0.91,0.8834,1291,0
SPY190522C286,2019-05-20,2019-05-20 09:43:14,0.94,0.9126,8,0.92,0.8932,7,0.93,0.9029,1,0.93,0.9029,1291,0
SPY190522C286,2019-05-20,2019-05-20 09:43:15,0.93,0.9029,108,0.91,0.8834,133,0.93,0.9029,1,0.92,0.8932,1291,0
SPY190522C286,2019-05-20,2019-05-20 09:43:16,0.94,0.9126,836,0.92,0.8932,33,0.93,0.9029,1,0.93,0.9029,1291,0
SPY190522C286,2019-05-20,2019-05-20 09:43:18,0.92,0.8932,143,0.9,0.8737,123,0.93,0.9029,1,0.91,0.8834,1291,0
SPY190522C286,2019-05-20,2019-05-20 09:43:19,0.91,0.8834,15,0.9,0.8737,42,0.93,0.9029,1,0.905,0.8786,1291,0
SPY190522C286,2019-05-20,2019-05-20 09:43:20,0.93,0.9029,635,0.91,0.8834,62,0.91,0.8834,15,0.92,0.8932,1306,15
SPY190522C286,2019-05-20,2019-05-20 09:43:21,0.92,0.8932,155,0.9,0.8737,123,0.91,0.8834,15,0.91,0.8834,1306,0
SPY190522C286,2019-05-20,2019-05-20 09:43:23,0.92,0.8932,80,0.9,0.8737,563,0.91,0.8834,15,0.91,0.8834,1306,0
SPY190522C286,2019-05-20,2019-05-20 09:43:24,0.92,0.8932,251,0.9,0.8737,427,0.91,0.8834,15,0.91,0.8834,1306,0
SPY190522C286,2019-05-20,2019-05-20 09:43:25,0.92,0.8932,322,0.9,0.8737,80,0.91,0.8834,15,0.91,0.8834,1306,0
SPY190522C286,2019-05-20,2019-05-20 09:43:26,0.91,0.8834,125,0.9,0.8737,67,0.91,0.8834,15,0.905,0.8786,1306,0
SPY190522C286,2019-05-20,2019-05-20 09:43:28,0.91,0.8834,129,0.9,0.8737,1,0.9,0.8737,7,0.905,0.8786,1313,7
SPY190522C286,2019-05-20,2019-05-20 09:43:30,0.92,0.8932,48,0.9,0.8737,487,0.9,0.8737,7,0.91,0.8834,1313,0
SPY190522C286,2019-05-20,2019-05-20 09:43:31,0.92,0.8932,123,0.9,0.8737,652,0.9,0.8737,7,0.91,0.8834,1313,0
SPY190522C286,2019-05-20,2019-05-20 09:43:32,0.91,0.8834,123,0.9,0.8737,1,0.91,0.8834,1,0.905,0.8786,1314,1
SPY190522C286,2019-05-20,2019-05-20 09:43:34,0.91,0.8834,130,0.89,0.864,322,0.9,0.8737,1,0.9,0.8737,1379,65
SPY190522C286,2019-05-20,2019-05-20 09:43:35,0.91,0.8834,732,0.89,0.864,58,0.9,0.8737,1,0.9,0.8737,1379,0
SPY190522C286,2019-05-20,2019-05-20 09:43:37,0.9,0.8737,81,0.89,0.864,12,0.9,0.8737,1,0.895,0.8689,1379,0
SPY190522C286,2019-05-20,2019-05-20 09:43:38,0.89,0.864,64,0.88,0.8543,46,0.9,0.8737,2,0.885,0.8592,1381,2
SPY190522C286,2019-05-20,2019-05-20 09:43:40,0.9,0.8737,999,0.87,0.8446,617,0.9,0.8737,2,0.885,0.8592,1381,0
SPY190522C286,2019-05-20,2019-05-20 09:43:41,0.88,0.8543,150,0.86,0.8349,6,0.9,0.8737,2,0.87,0.8446,1381,0
SPY190522C286,2019-05-20,2019-05-20 09:43:42,0.88,0.8543,134,0.86,0.8349,488,0.86,0.8349,10,0.87,0.8446,1424,43
SPY190522C286,2019-05-20,2019-05-20 09:43:43,0.88,0.8543,353,0.86,0.8349,67,0.86,0.8349,10,0.87,0.8446,1424,0
SPY190522C286,2019-05-20,2019-05-20 09:43:45,0.88,0.8543,74,0.86,0.8349,418,0.87,0.8446,20,0.87,0.8446,1450,26
SPY190522C286,2019-05-20,2019-05-20 09:43:46,0.88,0.8543,242,0.86,0.8349,25,0.87,0.8446,30,0.87,0.8446,1480,30
SPY190522C286,2019-05-20,2019-05-20 09:43:48,0.88,0.8543,203,0.86,0.8349,470,0.87,0.8446,3,0.87,0.8446,1483,3
SPY190522C286,2019-05-20,2019-05-20 09:43:49,0.88,0.8543,130,0.86,0.8349,559,0.87,0.8446,32,0.87,0.8446,1515,32
SPY190522C286,2019-05-20,2019-05-20 09:43:50,0.88,0.8543,736,0.86,0.8349,82,0.87,0.8446,16,0.87,0.8446,1531,16
SPY190522C286,2019-05-20,2019-05-20 09:43:51,0.88,0.8543,117,0.87,0.8446,30,0.87,0.8446,16,0.875,0.8495,1531,0
SPY190522C286,2019-05-20,2019-05-20 09:43:53,0.89,0.864,353,0.87,0.8446,79,0.87,0.8446,16,0.88,0.8543,1531,0
SPY190522C286,2019-05-20,2019-05-20 09:43:54,0.89,0.864,781,0.87,0.8446,61,0.87,0.8446,16,0.88,0.8543,1531,0
SPY190522C286,2019-05-20,2019-05-20 09:43:55,0.88,0.8543,629,0.86,0.8349,67,0.87,0.8446,16,0.87,0.8446,1531,0
SPY190522C286,2019-05-20,2019-05-20 09:43:57,0.88,0.8543,50,0.87,0.8446,67,0.87,0.8446,16,0.875,0.8495,1531,0
SPY190522C286,2019-05-20,2019-05-20 09:43:58,0.89,0.864,50,0.88,0.8543,64,0.87,0.8446,16,0.885,0.8592,1531,0
SPY190522C286,2019-05-20,2019-05-20 09:44:00,0.88,0.8543,166,0.86,0.8349,82,0.87,0.8446,16,0.87,0.8446,1531,0
SPY190522C286,2019-05-20,2019-05-20 09:44:01,0.88,0.8543,21,0.87,0.8446,62,0.87,0.8446,16,0.875,0.8495,1531,0
SPY190522C286,2019-05-20,2019-05-20 09:44:02,0.88,0.8543,50,0.87,0.8446,159,0.87,0.8446,16,0.875,0.8495,1531,0
SPY190522C286,2019-05-20,2019-05-20 09:44:03,0.88,0.8543,49,0.87,0.8446,129,0.87,0.8446,16,0.875,0.8495,1531,0
SPY190522C286,2019-05-20,2019-05-20 09:44:04,0.88,0.8543,119,0.86,0.8349,711,0.87,0.8446,16,0.87,0.8446,1531,0
SPY190522C286,2019-05-20,2019-05-20 09:44:06,0.89,0.864,624,0.87,0.8446,182,0.87,0.8446,16,0.88,0.8543,1531,0
SPY190522C286,2019-05-20,2019-05-20 09:44:07,0.89,0.864,97,0.87,0.8446,27,0.87,0.8446,16,0.88,0.8543,1531,0
SPY190522C286,2019-05-20,2019-05-20 09:44:08,0.89,0.864,84,0.87,0.8446,152,0.87,0.8446,16,0.88,0.8543,1531,0
SPY190522C286,2019-05-20,2019-05-20 09:44:09,0.9,0.8737,134,0.88,0.8543,128,0.87,0.8446,16,0.89,0.864,1531,0
SPY190522C286,2019-05-20,2019-05-20 09:44:10,0.9,0.8737,70,0.89,0.864,82,0.87,0.8446,16,0.895,0.8689,1531,0
SPY190522C286,2019-05-20,2019-05-20 09:44:12,0.9,0.8737,72,0.88,0.8543,140,0.87,0.8446,16,0.89,0.864,1531,0
SPY190522C286,2019-05-20,2019-05-20 09:44:13,0.89,0.864,377,0.88,0.8543,1,0.88,0.8543,1,0.885,0.8592,1532,1
SPY190522C286,2019-05-20,2019-05-20 09:44:14,0.88,0.8543,57,0.87,0.8446,61,0.88,0.8543,1,0.875,0.8495,1532,0
SPY190522C286,2019-05-20,2019-05-20 09:44:16,0.88,0.8543,242,0.86,0.8349,58,0.88,0.8543,1,0.87,0.8446,1532,0
SPY190522C286,2019-05-20,2019-05-20 09:44:17,0.88,0.8543,676,0.86,0.8349,5,0.88,0.8543,1,0.87,0.8446,1532,0
SPY190522C286,2019-05-20,2019-05-20 09:44:19,0.86,0.8349,10,0.84,0.8155,514,0.86,0.8349,5,0.85,0.8252,1537,5
SPY190522C286,2019-05-20,2019-05-20 09:44:22,0.87,0.8446,127,0.85,0.8252,505,0.86,0.8349,5,0.86,0.8349,1537,0
SPY190522C286,2019-05-20,2019-05-20 09:44:24,0.87,0.8446,127,0.85,0.8252,505,0.86,0.8349,5,0.86,0.8349,1537,0
SPY190522C286,2019-05-20,2019-05-20 09:44:26,0.87,0.8446,60,0.86,0.8349,504,0.86,0.8349,5,0.865,0.8398,1537,0
SPY190522C286,2019-05-20,2019-05-20 09:44:28,0.87,0.8446,20,0.86,0.8349,455,0.86,0.8349,5,0.865,0.8398,1537,0
SPY190522C286,2019-05-20,2019-05-20 09:44:29,0.87,0.8446,64,0.85,0.8252,343,0.86,0.8349,5,0.86,0.8349,1537,0
SPY190522C286,2019-05-20,2019-05-20 09:44:31,0.87,0.8446,121,0.86,0.8349,132,0.86,0.8349,5,0.865,0.8398,1537,0
SPY190522C286,2019-05-20,2019-05-20 09:44:32,0.88,0.8543,83,0.86,0.8349,723,0.86,0.8349,5,0.87,0.8446,1537,0
SPY190522C286,2019-05-20,2019-05-20 09:44:34,0.9,0.8737,14,0.87,0.8446,447,0.86,0.8349,5,0.885,0.8592,1537,0
SPY190522C286,2019-05-20,2019-05-20 09:44:36,0.9,0.8737,167,0.88,0.8543,85,0.86,0.8349,5,0.89,0.864,1537,0
SPY190522C286,2019-05-20,2019-05-20 09:44:37,0.9,0.8737,123,0.88,0.8543,143,0.86,0.8349,5,0.89,0.864,1537,0
SPY190522C286,2019-05-20,2019-05-20 09:44:39,0.9,0.8737,64,0.88,0.8543,634,0.86,0.8349,5,0.89,0.864,1537,0
SPY190522C286,2019-05-20,2019-05-20 09:44:40,0.91,0.8834,228,0.9,0.8737,19,0.86,0.8349,5,0.905,0.8786,1537,0
SPY190522C286,2019-05-20,2019-05-20 09:44:42,0.92,0.8932,486,0.9,0.8737,127,0.86,0.8349,5,0.91,0.8834,1537,0
SPY190522C286,2019-05-20,2019-05-20 09:44:43,0.91,0.8834,9,0.9,0.8737,127,0.86,0.8349,5,0.905,0.8786,1537,0
SPY190522C286,2019-05-20,2019-05-20 09:44:45,0.93,0.9029,130,0.91,0.8834,324,0.86,0.8349,5,0.92,0.8932,1537,0
SPY190522C286,2019-05-20,2019-05-20 09:44:47,0.93,0.9029,92,0.92,0.8932,61,0.86,0.8349,5,0.925,0.898,1537,0
SPY190522C286,2019-05-20,2019-05-20 09:44:48,0.93,0.9029,92,0.91,0.8834,59,0.86,0.8349,5,0.92,0.8932,1537,0
SPY190522C286,2019-05-20,2019-05-20 09:44:50,0.93,0.9029,92,0.91,0.8834,710,0.86,0.8349,5,0.92,0.8932,1537,0
SPY190522C286,2019-05-20,2019-05-20 09:44:52,0.94,0.9126,225,0.92,0.8932,181,0.86,0.8349,5,0.93,0.9029,1537,0
SPY190522C286,2019-05-20,2019-05-20 09:44:53,0.95,0.9223,461,0.93,0.9029,123,0.86,0.8349,5,0.94,0.9126,1537,0
SPY190522C286,2019-05-20,2019-05-20 09:44:55,0.95,0.9223,467,0.93,0.9029,40,0.86,0.8349,5,0.94,0.9126,1537,0
SPY190522C286,2019-05-20,2019-05-20 09:44:57,0.93,0.9029,26,0.9,0.8737,189,0.86,0.8349,5,0.915,0.8883,1537,0
SPY190522C286,2019-05-20,2019-05-20 09:44:58,0.93,0.9029,584,0.91,0.8834,179,0.86,0.8349,5,0.92,0.8932,1537,0
SPY190522C286,2019-05-20,2019-05-20 09:45:00,0.93,0.9029,118,0.92,0.8932,19,0.86,0.8349,5,0.925,0.898,1537,0
SPY190522C286,2019-05-20,2019-05-20 09:45:01,0.93,0.9029,110,0.92,0.8932,80,0.92,0.8932,1,0.925,0.898,1538,1
SPY190522C286,2019-05-20,2019-05-20 09:45:02,0.95,0.9223,600,0.93,0.9029,127,0.92,0.8932,1,0.94,0.9126,1538,0
SPY190522C286,2019-05-20,2019-05-20 09:45:04,0.96,0.932,50,0.95,0.9223,31,0.92,0.8932,1,0.955,0.9271,1538,0
SPY190522C286,2019-05-20,2019-05-20 09:45:05,0.98,0.9514,1131,0.94,0.9126,751,0.92,0.8932,1,0.96,0.932,1538,0
SPY190522C286,2019-05-20,2019-05-20 09:45:06,1.0,0.9708,401,0.97,0.9417,85,0.92,0.8932,1,0.985,0.9563,1538,0
SPY190522C286,2019-05-20,2019-05-20 09:45:08,1.0,0.9708,112,0.97,0.9417,485,0.92,0.8932,1,0.985,0.9563,1538,0
SPY190522C286,2019-05-20,2019-05-20 09:45:09,1.0,0.9708,60,0.99,0.9611,25,0.92,0.8932,1,0.995,0.966,1538,0
SPY190522C286,2019-05-20,2019-05-20 09:45:10,1.0,0.9708,35,0.99,0.9611,225,0.92,0.8932,1,0.995,0.966,1538,0
SPY190522C286,2019-05-20,2019-05-20 09:45:12,1.0,0.9708,18,0.99,0.9611,55,0.92,0.8932,1,0.995,0.966,1538,0
SPY190522C286,2019-05-20,2019-05-20 09:45:13,1.02,0.9902,1,1.0,0.9708,80,1.0,0.9708,2,1.01,0.9805,1569,31
SPY190522C286,2019-05-20,2019-05-20 09:45:14,1.02,0.9902,1,1.01,0.9805,308,1.0,0.9708,2,1.015,0.9854,1569,0
SPY190522C286,2019-05-20,2019-05-20 09:45:15,1.04,1.0097,141,1.02,0.9902,121,1.02,0.9902,1,1.03,1.0,1578,9
SPY190522C286,2019-05-20,2019-05-20 09:45:16,1.03,1.0,1253,1.01,0.9805,15,1.02,0.9902,1,1.02,0.9902,1578,0
SPY190522C286,2019-05-20,2019-05-20 09:45:18,1.03,1.0,604,1.0,0.9708,130,0.99,0.9611,1,1.015,0.9854,1579,1
SPY190522C286,2019-05-20,2019-05-20 09:45:19,1.03,1.0,1261,1.01,0.9805,42,1.03,1.0,50,1.02,0.9902,1629,50
SPY190522C286,2019-05-20,2019-05-20 09:45:20,1.03,1.0,124,1.0,0.9708,423,1.03,1.0,50,1.015,0.9854,1629,0
SPY190522C286,2019-05-20,2019-05-20 09:45:21,1.01,0.9805,53,0.99,0.9611,43,1.03,1.0,50,1.0,0.9708,1629,0
SPY190522C286,2019-05-20,2019-05-20 09:45:22,1.02,0.9902,116,1.0,0.9708,6,1.03,1.0,50,1.01,0.9805,1629,0
SPY190522C286,2019-05-20,2019-05-20 09:45:23,1.02,0.9902,50,1.0,0.9708,50,1.03,1.0,50,1.01,0.9805,1629,0
SPY190522C286,2019-05-20,2019-05-20 09:45:25,1.03,1.0,57,1.01,0.9805,388,1.03,1.0,50,1.02,0.9902,1629,0
SPY190522C286,2019-05-20,2019-05-20 09:45:26,1.03,1.0,88,1.02,0.9902,45,1.03,1.0,50,1.025,0.9951,1629,0
SPY190522C286,2019-05-20,2019-05-20 09:45:27,1.03,1.0,751,1.01,0.9805,55,1.03,1.0,50,1.02,0.9902,1629,0
SPY190522C286,2019-05-20,2019-05-20 09:45:29,1.02,0.9902,50,1.01,0.9805,63,1.03,1.0,1,1.015,0.9854,1630,1
SPY190522C286,2019-05-20,2019-05-20 09:45:31,1.02,0.9902,110,1.0,0.9708,185,1.03,1.0,1,1.01,0.9805,1630,0
SPY190522C286,2019-05-20,2019-05-20 09:45:32,1.03,1.0,1055,1.0,0.9708,56,1.03,1.0,1,1.015,0.9854,1630,0
SPY190522C286,2019-05-20,2019-05-20 09:45:33,1.03,1.0,179,1.01,0.9805,65,1.03,1.0,1,1.02,0.9902,1630,0
SPY190522C286,2019-05-20,2019-05-20 09:45:35,1.02,0.9902,50,1.0,0.9708,134,1.03,1.0,1,1.01,0.9805,1630,0
SPY190522C286,2019-05-20,2019-05-20 09:45:36,1.03,1.0,405,1.01,0.9805,48,1.03,1.0,1,1.02,0.9902,1630,0
SPY190522C286,2019-05-20,2019-05-20 09:45:37,1.03,1.0,927,1.01,0.9805,27,1.03,1.0,1,1.02,0.9902,1630,0
SPY190522C286,2019-05-20,2019-05-20 09:45:38,1.03,1.0,696,1.01,0.9805,7,1.03,1.0,1,1.02,0.9902,1630,0
SPY190522C286,2019-05-20,2019-05-20 09:45:40,1.02,0.9902,50,1.01,0.9805,16,1.03,1.0,1,1.015,0.9854,1630,0
SPY190522C286,2019-05-20,2019-05-20 09:45:41,1.03,1.0,981,1.02,0.9902,17,1.03,1.0,1,1.025,0.9951,1630,0
SPY190522C286,2019-05-20,2019-05-20 09:45:42,1.03,1.0,338,1.02,0.9902,23,1.03,1.0,1,1.025,0.9951,1630,0
SPY190522C286,2019-05-20,2019-05-20 09:45:43,1.03,1.0,51,1.02,0.9902,102,1.03,1.0,1,1.025,0.9951,1630,0
SPY190522C286,2019-05-20,2019-05-20 09:45:44,1.07,1.0388,75,1.03,1.0,300,1.03,1.0,1,1.05,1.0194,1632,2
SPY190522C286,2019-05-20,2019-05-20 09:45:45,1.07,1.0388,232,1.05,1.0194,36,1.03,1.0,1,1.06,1.0291,1632,0
SPY190522C286,2019-05-20,2019-05-20 09:45:47,1.06,1.0291,41,1.05,1.0194,48,1.06,1.0291,5,1.055,1.0242,1637,5
SPY190522C286,2019-05-20,2019-05-20 09:45:48,1.06,1.0291,230,1.04,1.0097,122,1.06,1.0291,5,1.05,1.0194,1637,0
SPY190522C286,2019-05-20,2019-05-20 09:45:49,1.07,1.0388,75,1.05,1.0194,39,1.06,1.0291,5,1.06,1.0291,1637,0
SPY190522C286,2019-05-20,2019-05-20 09:45:50,1.07,1.0388,57,1.06,1.0291,47,1.07,1.0388,3,1.065,1.0339,1640,3
SPY190522C286,2019-05-20,2019-05-20 09:45:51,1.08,1.0485,554,1.06,1.0291,78,1.07,1.0388,3,1.07,1.0388,1640,0
SPY190522C286,2019-05-20,2019-05-20 09:45:52,1.06,1.0291,1,1.06,1.0291,1,1.06,1.0291,1,1.06,1.0291,1642,2
SPY190522C286,2019-05-20,2019-05-20 09:45:53,1.06,1.0291,64,1.04,1.0097,840,1.06,1.0291,1,1.05,1.0194,1642,0
SPY190522C286,2019-05-20,2019-05-20 09:45:54,1.05,1.0194,64,1.04,1.0097,116,1.06,1.0291,1,1.045,1.0145,1642,0
SPY190522C286,2019-05-20,2019-05-20 09:45:56,1.05,1.0194,230,1.03,1.0,356,1.06,1.0291,1,1.04,1.0097,1642,0
SPY190522C286,2019-05-20,2019-05-20 09:45:57,1.05,1.0194,387,1.02,0.9902,50,1.03,1.0,2,1.035,1.0048,1644,2
SPY190522C286,2019-05-20,2019-05-20 09:45:58,1.05,1.0194,873,1.02,0.9902,207,1.03,1.0,2,1.035,1.0048,1644,0
SPY190522C286,2019-05-20,2019-05-20 09:46:00,1.04,1.0097,61,1.03,1.0,125,1.03,1.0,2,1.035,1.0048,1644,0
SPY190522C286,2019-05-20,2019-05-20 09:46:00,1.04,1.0097,46,1.02,0.9902,257,1.03,1.0,2,1.03,1.0,1644,0
SPY190522C286,2019-05-20,2019-05-20 09:46:02,1.03,1.0,83,1.01,0.9805,604,1.04,1.0097,5,1.02,0.9902,1649,5
SPY190522C286,2019-05-20,2019-05-20 09:46:03,1.02,0.9902,85,1.01,0.9805,9,1.02,0.9902,1,1.015,0.9854,1650,1
SPY190522C286,2019-05-20,2019-05-20 09:46:04,1.03,1.0,111,1.01,0.9805,60,1.01,0.9805,3,1.02,0.9902,1653,3
SPY190522C286,2019-05-20,2019-05-20 09:46:05,1.03,1.0,366,1.01,0.9805,75,1.01,0.9805,3,1.02,0.9902,1653,0
SPY190522C286,2019-05-20,2019-05-20 09:46:07,1.02,0.9902,18,1.01,0.9805,157,1.01,0.9805,3,1.015,0.9854,1653,0
SPY190522C286,2019-05-20,2019-05-20 09:46:08,1.02,0.9902,24,1.01,0.9805,264,1.01,0.9805,3,1.015,0.9854,1653,0
SPY190522C286,2019-05-20,2019-05-20 09:46:09,1.04,1.0097,110,1.02,0.9902,110,1.01,0.9805,3,1.03,1.0,1653,0
SPY190522C286,2019-05-20,2019-05-20 09:46:11,1.06,1.0291,447,1.03,1.0,207,1.01,0.9805,3,1.045,1.0145,1653,0
SPY190522C286,2019-05-20,2019-05-20 09:46:12,1.06,1.0291,85,1.04,1.0097,348,1.04,1.0097,7,1.05,1.0194,1664,11
SPY190522C286,2019-05-20,2019-05-20 09:46:13,1.06,1.0291,35,1.05,1.0194,533,1.04,1.0097,7,1.055,1.0242,1664,0
SPY190522C286,2019-05-20,2019-05-20 09:46:14,1.07,1.0388,83,1.06,1.0291,57,1.06,1.0291,5,1.065,1.0339,1664,0
SPY190522C286,2019-05-20,2019-05-20 09:46:15,1.07,1.0388,25,1.06,1.0291,24,1.07,1.0388,4,1.065,1.0339,1676,12
SPY190522C286,2019-05-20,2019-05-20 09:46:17,1.09,1.0582,62,1.07,1.0388,435,1.07,1.0388,4,1.08,1.0485,1676,0
SPY190522C286,2019-05-20,2019-05-20 09:46:18,1.09,1.0582,48,1.08,1.0485,62,1.07,1.0388,4,1.085,1.0533,1676,0
SPY190522C286,2019-05-20,2019-05-20 09:46:19,1.09,1.0582,66,1.07,1.0388,183,1.07,1.0388,4,1.08,1.0485,1676,0
SPY190522C286,2019-05-20,2019-05-20 09:46:20,1.08,1.0485,62,1.07,1.0388,52,1.07,1.0388,4,1.075,1.0436,1676,0
SPY190522C286,2019-05-20,2019-05-20 09:46:22,1.09,1.0582,371,1.07,1.0388,99,1.08,1.0485,200,1.08,1.0485,1876,200
SPY190522C286,2019-05-20,2019-05-20 09:46:23,1.08,1.0485,77,1.07,1.0388,98,1.08,1.0485,200,1.075,1.0436,1876,0
SPY190522C286,2019-05-20,2019-05-20 09:46:24,1.08,1.0485,65,1.07,1.0388,98,1.07,1.0388,1,1.075,1.0436,1877,1
SPY190522C286,2019-05-20,2019-05-20 09:46:25,1.09,1.0582,50,1.08,1.0485,48,1.07,1.0388,1,1.085,1.0533,1877,0
SPY190522C286,2019-05-20,2019-05-20 09:46:27,1.09,1.0582,301,1.08,1.0485,126,1.09,1.0582,1,1.085,1.0533,1895,18
SPY190522C286,2019-05-20,2019-05-20 09:46:28,1.1,1.0679,1,1.08,1.0485,526,1.09,1.0582,1,1.09,1.0582,1895,0
SPY190522C286,2019-05-20,2019-05-20 09:46:29,1.1,1.0679,50,1.08,1.0485,110,1.09,1.0582,1,1.09,1.0582,1895,0
SPY190522C286,2019-05-20,2019-05-20 09:46:31,1.1,1.0679,7,1.08,1.0485,129,1.09,1.0582,1,1.09,1.0582,1895,0
SPY190522C286,2019-05-20,2019-05-20 09:46:32,1.1,1.0679,665,1.08,1.0485,50,1.09,1.0582,1,1.09,1.0582,1895,0
SPY190522C286,2019-05-20,2019-05-20 09:46:33,1.09,1.0582,91,1.08,1.0485,61,1.09,1.0582,1,1.085,1.0533,1895,0
SPY190522C286,2019-05-20,2019-05-20 09:46:35,1.1,1.0679,50,1.08,1.0485,120,1.09,1.0582,1,1.09,1.0582,1895,0
SPY190522C286,2019-05-20,2019-05-20 09:46:36,1.1,1.0679,50,1.08,1.0485,18,1.08,1.0485,50,1.09,1.0582,1945,50
SPY190522C286,2019-05-20,2019-05-20 09:46:37,1.1,1.0679,110,1.09,1.0582,108,1.08,1.0485,50,1.095,1.0631,1945,0
SPY190522C286,2019-05-20,2019-05-20 09:46:38,1.1,1.0679,1,1.09,1.0582,121,1.08,1.0485,50,1.095,1.0631,1945,0
SPY190522C286,2019-05-20,2019-05-20 09:46:40,1.12,1.0873,114,1.09,1.0582,113,1.1,1.0679,1,1.105,1.0728,1946,1
SPY190522C286,2019-05-20,2019-05-20 09:46:41,1.12,1.0873,104,1.1,1.0679,64,1.1,1.0679,1,1.11,1.0776,1946,0
SPY190522C286,2019-05-20,2019-05-20 09:46:42,1.11,1.0776,100,1.1,1.0679,2,1.1,1.0679,1,1.105,1.0728,1946,0
SPY190522C286,2019-05-20,2019-05-20 09:46:44,1.11,1.0776,50,1.1,1.0679,101,1.1,1.0679,1,1.105,1.0728,1946,0
SPY190522C286,2019-05-20,2019-05-20 09:46:45,1.12,1.0873,647,1.11,1.0776,16,1.1,1.0679,1,1.115,1.0825,1946,0
SPY190522C286,2019-05-20,2019-05-20 09:46:47,1.12,1.0873,407,1.1,1.0679,106,1.1,1.0679,1,1.11,1.0776,1946,0
SPY190522C286,2019-05-20,2019-05-20 09:46:48,1.12,1.0873,74,1.11,1.0776,27,1.1,1.0679,1,1.115,1.0825,1946,0
SPY190522C286,2019-05-20,2019-05-20 09:46:49,1.12,1.0873,300,1.1,1.0679,36,1.11,1.0776,1,1.11,1.0776,1949,3
SPY190522C286,2019-05-20,2019-05-20 09:46:50,1.12,1.0873,38,1.11,1.0776,10,1.11,1.0776,1,1.115,1.0825,1949,0
SPY190522C286,2019-05-20,2019-05-20 09:46:51,1.12,1.0873,8,1.11,1.0776,10,1.11,1.0776,1,1.115,1.0825,1949,0
SPY190522C286,2019-05-20,2019-05-20 09:46:52,1.12,1.0873,9,1.11,1.0776,5,1.12,1.0873,5,1.115,1.0825,1954,5
SPY190522C286,2019-05-20,2019-05-20 09:46:53,1.12,1.0873,9,1.1,1.0679,37,1.11,1.0776,4,1.11,1.0776,1959,5
SPY190522C286,2019-05-20,2019-05-20 09:46:55,1.11,1.0776,100,1.09,1.0582,109,1.1,1.0679,2,1.1,1.0679,1961,2
SPY190522C286,2019-05-20,2019-05-20 09:46:56,1.11,1.0776,363,1.09,1.0582,80,1.09,1.0582,20,1.1,1.0679,1992,31
SPY190522C286,2019-05-20,2019-05-20 09:46:57,1.11,1.0776,325,1.09,1.0582,57,1.09,1.0582,20,1.1,1.0679,1992,0
SPY190522C286,2019-05-20,2019-05-20 09:46:58,1.11,1.0776,113,1.09,1.0582,57,1.09,1.0582,20,1.1,1.0679,1992,0
SPY190522C286,2019-05-20,2019-05-20 09:46:59,1.1,1.0679,29,1.09,1.0582,48,1.1,1.0679,2,1.095,1.0631,1994,2
SPY190522C286,2019-05-20,2019-05-20 09:47:00,1.11,1.0776,424,1.09,1.0582,48,1.1,1.0679,2,1.1,1.0679,1994,0
SPY190522C286,2019-05-20,2019-05-20 09:47:02,1.09,1.0582,339,1.08,1.0485,18,1.09,1.0582,1,1.085,1.0533,1998,4
SPY190522C286,2019-05-20,2019-05-20 09:47:03,1.1,1.0679,16,1.09,1.0582,13,1.09,1.0582,1,1.095,1.0631,2001,3
SPY190522C286,2019-05-20,2019-05-20 09:47:04,1.12,1.0873,228,1.11,1.0776,19,1.11,1.0776,1,1.115,1.0825,2002,1
SPY190522C286,2019-05-20,2019-05-20 09:47:05,1.12,1.0873,258,1.11,1.0776,20,1.11,1.0776,1,1.115,1.0825,2002,0
SPY190522C286,2019-05-20,2019-05-20 09:47:06,1.12,1.0873,233,1.11,1.0776,31,1.11,1.0776,1,1.115,1.0825,2002,0
SPY190522C286,2019-05-20,2019-05-20 09:47:07,1.12,1.0873,233,1.11,1.0776,25,1.11,1.0776,1,1.115,1.0825,2002,0
SPY190522C286,2019-05-20,2019-05-20 09:47:08,1.12,1.0873,329,1.1,1.0679,76,1.11,1.0776,1,1.11,1.0776,2002,0
SPY190522C286,2019-05-20,2019-05-20 09:47:10,1.12,1.0873,672,1.1,1.0679,18,1.11,1.0776,1,1.11,1.0776,2002,0
SPY190522C286,2019-05-20,2019-05-20 09:47:11,1.11,1.0776,62,1.08,1.0485,394,1.1,1.0679,1,1.095,1.0631,2003,1
SPY190522C286,2019-05-20,2019-05-20 09:47:12,1.09,1.0582,238,1.08,1.0485,394,1.08,1.0485,18,1.085,1.0533,2022,19
SPY190522C286,2019-05-20,2019-05-20 09:47:13,1.09,1.0582,327,1.07,1.0388,50,1.08,1.0485,18,1.08,1.0485,2022,0
SPY190522C286,2019-05-20,2019-05-20 09:47:14,1.1,1.0679,228,1.08,1.0485,58,1.08,1.0485,18,1.09,1.0582,2022,0
SPY190522C286,2019-05-20,2019-05-20 09:47:15,1.1,1.0679,135,1.08,1.0485,50,1.08,1.0485,18,1.09,1.0582,2022,0
SPY190522C286,2019-05-20,2019-05-20 09:47:16,1.11,1.0776,460,1.08,1.0485,482,1.08,1.0485,18,1.095,1.0631,2022,0
SPY190522C286,2019-05-20,2019-05-20 09:47:17,1.1,1.0679,344,1.07,1.0388,141,1.08,1.0485,18,1.085,1.0533,2022,0
SPY190522C286,2019-05-20,2019-05-20 09:47:18,1.09,1.0582,18,1.07,1.0388,98,1.08,1.0485,18,1.08,1.0485,2022,0
SPY190522C286,2019-05-20,2019-05-20 09:47:19,1.1,1.0679,752,1.07,1.0388,193,1.08,1.0485,18,1.085,1.0533,2022,0
SPY190522C286,2019-05-20,2019-05-20 09:47:20,1.09,1.0582,711,1.06,1.0291,533,1.08,1.0485,18,1.075,1.0436,2022,0
SPY190522C286,2019-05-20,2019-05-20 09:47:21,1.09,1.0582,283,1.06,1.0291,126,1.08,1.0485,20,1.075,1.0436,2042,20
SPY190522C286,2019-05-20,2019-05-20 09:47:22,1.09,1.0582,369,1.06,1.0291,418,1.08,1.0485,20,1.075,1.0436,2042,0
SPY190522C286,2019-05-20,2019-05-20 09:47:24,1.09,1.0582,122,1.07,1.0388,126,1.08,1.0485,20,1.08,1.0485,2042,0
SPY190522C286,2019-05-20,2019-05-20 09:47:25,1.09,1.0582,116,1.07,1.0388,490,1.07,1.0388,12,1.08,1.0485,2054,12
SPY190522C286,2019-05-20,2019-05-20 09:47:26,1.09,1.0582,122,1.07,1.0388,179,1.07,1.0388,12,1.08,1.0485,2054,0
SPY190522C286,2019-05-20,2019-05-20 09:47:27,1.08,1.0485,59,1.07,1.0388,50,1.07,1.0388,12,1.075,1.0436,2054,0
SPY190522C286,2019-05-20,2019-05-20 09:47:28,1.08,1.0485,79,1.06,1.0291,250,1.07,1.0388,12,1.07,1.0388,2054,0
SPY190522C286,2019-05-20,2019-05-20 09:47:29,1.08,1.0485,239,1.06,1.0291,113,1.07,1.0388,12,1.07,1.0388,2054,0
SPY190522C286,2019-05-20,2019-05-20 09:47:30,1.08,1.0485,106,1.06,1.0291,121,1.07,1.0388,12,1.07,1.0388,2054,0
SPY190522C286,2019-05-20,2019-05-20 09:47:31,1.08,1.0485,366,1.06,1.0291,141,1.07,1.0388,12,1.07,1.0388,2054,0
SPY190522C286,2019-05-20,2019-05-20 09:47:32,1.07,1.0388,24,1.06,1.0291,141,1.07,1.0388,2,1.065,1.0339,2056,2
SPY190522C286,2019-05-20,2019-05-20 09:47:33,1.07,1.0388,239,1.05,1.0194,50,1.07,1.0388,2,1.06,1.0291,2056,0
SPY190522C286,2019-05-20,2019-05-20 09:47:34,1.06,1.0291,9,1.04,1.0097,584,1.07,1.0388,2,1.05,1.0194,2056,0
SPY190522C286,2019-05-20,2019-05-20 09:47:36,1.07,1.0388,384,1.05,1.0194,13,1.07,1.0388,2,1.06,1.0291,2056,0
SPY190522C286,2019-05-20,2019-05-20 09:47:38,1.06,1.0291,342,1.04,1.0097,141,1.07,1.0388,2,1.05,1.0194,2056,0
SPY190522C286,2019-05-20,2019-05-20 09:47:39,1.06,1.0291,342,1.04,1.0097,141,1.07,1.0388,2,1.05,1.0194,2056,0
SPY190522C286,2019-05-20,2019-05-20 09:47:41,1.06,1.0291,342,1.04,1.0097,120,1.07,1.0388,2,1.05,1.0194,2056,0
SPY190522C286,2019-05-20,2019-05-20 09:47:42,1.05,1.0194,15,1.04,1.0097,50,1.07,1.0388,2,1.045,1.0145,2056,0
SPY190522C286,2019-05-20,2019-05-20 09:47:43,1.05,1.0194,239,1.04,1.0097,50,1.07,1.0388,2,1.045,1.0145,2056,0
SPY190522C286,2019-05-20,2019-05-20 09:47:45,1.05,1.0194,102,1.04,1.0097,50,1.07,1.0388,2,1.045,1.0145,2056,0
SPY190522C286,2019-05-20,2019-05-20 09:47:46,1.06,1.0291,687,1.04,1.0097,108,1.05,1.0194,1,1.05,1.0194,2073,17
SPY190522C286,2019-05-20,2019-05-20 09:47:47,1.06,1.0291,1,1.05,1.0194,6,1.05,1.0194,1,1.055,1.0242,2073,0
SPY190522C286,2019-05-20,2019-05-20 09:47:48,1.06,1.0291,2,1.05,1.0194,6,1.05,1.0194,1,1.055,1.0242,2073,0
SPY190522C286,2019-05-20,2019-05-20 09:47:49,1.07,1.0388,6,1.05,1.0194,452,1.05,1.0194,1,1.06,1.0291,2073,0
SPY190522C286,2019-05-20,2019-05-20 09:47:50,1.07,1.0388,247,1.05,1.0194,52,1.05,1.0194,1,1.06,1.0291,2073,0
SPY190522C286,2019-05-20,2019-05-20 09:47:52,1.07,1.0388,369,1.05,1.0194,2,1.07,1.0388,4,1.06,1.0291,2077,4
SPY190522C286,2019-05-20,2019-05-20 09:47:53,1.06,1.0291,84,1.05,1.0194,6,1.07,1.0388,4,1.055,1.0242,2077,0
SPY190522C286,2019-05-20,2019-05-20 09:47:54,1.07,1.0388,502,1.05,1.0194,6,1.07,1.0388,4,1.06,1.0291,2077,0
SPY190522C286,2019-05-20,2019-05-20 09:47:55,1.07,1.0388,335,1.05,1.0194,6,1.07,1.0388,4,1.06,1.0291,2077,0
SPY190522C286,2019-05-20,2019-05-20 09:47:56,1.05,1.0194,645,1.03,1.0,50,1.05,1.0194,2,1.04,1.0097,2079,2
SPY190522C286,2019-05-20,2019-05-20 09:47:58,1.05,1.0194,645,1.02,0.9902,168,1.05,1.0194,2,1.035,1.0048,2079,0
SPY190522C286,2019-05-20,2019-05-20 09:47:59,1.03,1.0,400,1.01,0.9805,116,1.03,1.0,2,1.02,0.9902,2083,4
SPY190522C286,2019-05-20,2019-05-20 09:48:00,1.02,0.9902,1,1.01,0.9805,110,1.02,0.9902,5,1.015,0.9854,2088,5
SPY190522C286,2019-05-20,2019-05-20 09:48:00,1.03,1.0,397,1.01,0.9805,50,1.02,0.9902,5,1.02,0.9902,2088,0
SPY190522C286,2019-05-20,2019-05-20 09:48:01,1.03,1.0,781,1.01,0.9805,8,1.02,0.9902,5,1.02,0.9902,2088,0
SPY190522C286,2019-05-20,2019-05-20 09:48:02,1.03,1.0,695,1.0,0.9708,454,1.02,0.9902,5,1.015,0.9854,2088,0
SPY190522C286,2019-05-20,2019-05-20 09:48:04,1.02,0.9902,352,1.0,0.9708,191,1.02,0.9902,5,1.01,0.9805,2088,0
SPY190522C286,2019-05-20,2019-05-20 09:48:05,1.01,0.9805,279,0.99,0.9611,89,1.02,0.9902,5,1.0,0.9708,2088,0
SPY190522C286,2019-05-20,2019-05-20 09:48:06,1.01,0.9805,488,0.98,0.9514,572,1.02,0.9902,5,0.995,0.966,2088,0
SPY190522C286,2019-05-20,2019-05-20 09:48:07,1.01,0.9805,1116,0.98,0.9514,100,1.02,0.9902,5,0.995,0.966,2088,0
SPY190522C286,2019-05-20,2019-05-20 09:48:08,1.0,0.9708,354,0.97,0.9417,115,1.02,0.9902,5,0.985,0.9563,2088,0
SPY190522C286,2019-05-20,2019-05-20 09:48:10,1.0,0.9708,1025,0.97,0.9417,357,1.02,0.9902,5,0.985,0.9563,2088,0
SPY190522C286,2019-05-20,2019-05-20 09:48:11,1.0,0.9708,346,0.97,0.9417,610,1.02,0.9902,5,0.985,0.9563,2088,0
SPY190522C286,2019-05-20,2019-05-20 09:48:12,1.0,0.9708,318,0.97,0.9417,778,1.02,0.9902,5,0.985,0.9563,2088,0
SPY190522C286,2019-05-20,2019-05-20 09:48:13,0.99,0.9611,774,0.96,0.932,853,1.02,0.9902,5,0.975,0.9466,2088,0
SPY190522C286,2019-05-20,2019-05-20 09:48:14,0.99,0.9611,240,0.97,0.9417,308,1.02,0.9902,5,0.98,0.9514,2088,0
SPY190522C286,2019-05-20,2019-05-20 09:48:15,0.99,0.9611,6,0.97,0.9417,567,1.02,0.9902,5,0.98,0.9514,2088,0
SPY190522C286,2019-05-20,2019-05-20 09:48:16,0.99,0.9611,6,0.98,0.9514,209,1.02,0.9902,5,0.985,0.9563,2088,0
SPY190522C286,2019-05-20,2019-05-20 09:48:17,0.99,0.9611,355,0.97,0.9417,567,1.02,0.9902,5,0.98,0.9514,2088,0
SPY190522C286,2019-05-20,2019-05-20 09:48:19,0.96,0.932,6,0.94,0.9126,207,1.02,0.9902,5,0.95,0.9223,2088,0
SPY190522C286,2019-05-20,2019-05-20 09:48:20,0.96,0.932,235,0.94,0.9126,435,1.02,0.9902,5,0.95,0.9223,2088,0
SPY190522C286,2019-05-20,2019-05-20 09:48:21,0.96,0.932,201,0.94,0.9126,1135,1.02,0.9902,5,0.95,0.9223,2088,0
SPY190522C286,2019-05-20,2019-05-20 09:48:22,0.97,0.9417,342,0.95,0.9223,183,1.02,0.9902,5,0.96,0.932,2088,0
SPY190522C286,2019-05-20,2019-05-20 09:48:23,0.96,0.932,170,0.94,0.9126,31,1.02,0.9902,5,0.95,0.9223,2088,0
SPY190522C286,2019-05-20,2019-05-20 09:48:24,0.97,0.9417,565,0.94,0.9126,439,1.02,0.9902,5,0.955,0.9271,2088,0
SPY190522C286,2019-05-20,2019-05-20 09:48:25,0.97,0.9417,565,0.94,0.9126,466,1.02,0.9902,5,0.955,0.9271,2088,0
SPY190522C286,2019-05-20,2019-05-20 09:48:26,0.97,0.9417,565,0.94,0.9126,684,1.02,0.9902,5,0.955,0.9271,2088,0
SPY190522C286,2019-05-20,2019-05-20 09:48:27,0.96,0.932,200,0.94,0.9126,110,1.02,0.9902,5,0.95,0.9223,2088,0
SPY190522C286,2019-05-20,2019-05-20 09:48:28,0.96,0.932,310,0.94,0.9126,287,1.02,0.9902,5,0.95,0.9223,2088,0
SPY190522C286,2019-05-20,2019-05-20 09:48:30,0.96,0.932,435,0.94,0.9126,66,1.02,0.9902,5,0.95,0.9223,2088,0
SPY190522C286,2019-05-20,2019-05-20 09:48:31,0.96,0.932,623,0.93,0.9029,721,1.02,0.9902,5,0.945,0.9174,2088,0
SPY190522C286,2019-05-20,2019-05-20 09:48:32,0.96,0.932,334,0.94,0.9126,124,1.02,0.9902,5,0.95,0.9223,2088,0
SPY190522C286,2019-05-20,2019-05-20 09:48:33,0.95,0.9223,110,0.93,0.9029,533,1.02,0.9902,5,0.94,0.9126,2088,0
SPY190522C286,2019-05-20,2019-05-20 09:48:34,0.96,0.932,284,0.93,0.9029,224,1.02,0.9902,5,0.945,0.9174,2088,0
SPY190522C286,2019-05-20,2019-05-20 09:48:35,0.96,0.932,414,0.94,0.9126,1,0.94,0.9126,6,0.95,0.9223,2094,6
SPY190522C286,2019-05-20,2019-05-20 09:48:36,0.95,0.9223,90,0.93,0.9029,640,0.94,0.9126,6,0.94,0.9126,2094,0
SPY190522C286,2019-05-20,2019-05-20 09:48:38,0.95,0.9223,90,0.93,0.9029,451,0.94,0.9126,6,0.94,0.9126,2094,0
SPY190522C286,2019-05-20,2019-05-20 09:48:39,0.96,0.932,310,0.94,0.9126,100,0.94,0.9126,6,0.95,0.9223,2094,0
SPY190522C286,2019-05-20,2019-05-20 09:48:41,0.96,0.932,120,0.94,0.9126,597,0.94,0.9126,6,0.95,0.9223,2094,0
SPY190522C286,2019-05-20,2019-05-20 09:48:42,0.96,0.932,364,0.95,0.9223,1,0.95,0.9223,100,0.955,0.9271,2194,100
SPY190522C286,2019-05-20,2019-05-20 09:48:43,0.95,0.9223,647,0.92,0.8932,880,0.95,0.9223,100,0.935,0.9077,2194,0
SPY190522C286,2019-05-20,2019-05-20 09:48:44,0.94,0.9126,145,0.92,0.8932,31,0.95,0.9223,100,0.93,0.9029,2194,0
SPY190522C286,2019-05-20,2019-05-20 09:48:45,0.95,0.9223,50,0.92,0.8932,275,0.95,0.9223,100,0.935,0.9077,2194,0
SPY190522C286,2019-05-20,2019-05-20 09:48:47,0.97,0.9417,50,0.95,0.9223,185,0.95,0.9223,100,0.96,0.932,2194,0
SPY190522C286,2019-05-20,2019-05-20 09:48:48,0.96,0.932,357,0.92,0.8932,765,0.95,0.9223,100,0.94,0.9126,2194,0
SPY190522C286,2019-05-20,2019-05-20 09:48:49,0.96,0.932,324,0.94,0.9126,1,0.94,0.9126,1,0.95,0.9223,2195,1
SPY190522C286,2019-05-20,2019-05-20 09:48:50,0.95,0.9223,199,0.94,0.9126,20,0.94,0.9126,1,0.945,0.9174,2195,0
SPY190522C286,2019-05-20,2019-05-20 09:48:51,0.95,0.9223,5,0.94,0.9126,199,0.94,0.9126,1,0.945,0.9174,2195,0
SPY190522C286,2019-05-20,2019-05-20 09:48:53,0.95,0.9223,39,0.94,0.9126,77,0.95,0.9223,5,0.945,0.9174,2200,5
SPY190522C286,2019-05-20,2019-05-20 09:48:54,0.95,0.9223,5,0.94,0.9126,225,0.95,0.9223,5,0.945,0.9174,2200,0
SPY190522C286,2019-05-20,2019-05-20 09:48:55,0.96,0.932,390,0.94,0.9126,643,0.95,0.9223,5,0.95,0.9223,2200,0
SPY190522C286,2019-05-20,2019-05-20 09:48:56,0.97,0.9417,110,0.95,0.9223,538,0.95,0.9223,5,0.96,0.932,2200,0
SPY190522C286,2019-05-20,2019-05-20 09:48:58,0.98,0.9514,278,0.96,0.932,110,0.95,0.9223,5,0.97,0.9417,2200,0
SPY190522C286,2019-05-20,2019-05-20 09:48:59,0.98,0.9514,423,0.96,0.932,675,0.95,0.9223,5,0.97,0.9417,2200,0
SPY190522C286,2019-05-20,2019-05-20 09:49:00,0.99,0.9611,30,0.97,0.9417,835,0.95,0.9223,5,0.98,0.9514,2200,0
SPY190522C286,2019-05-20,2019-05-20 09:49:00,1.0,0.9708,545,0.97,0.9417,960,0.95,0.9223,5,0.985,0.9563,2200,0
SPY190522C286,2019-05-20,2019-05-20 09:49:02,1.0,0.9708,382,0.96,0.932,142,0.95,0.9223,5,0.98,0.9514,2200,0
SPY190522C286,2019-05-20,2019-05-20 09:49:03,0.98,0.9514,276,0.96,0.932,584,0.95,0.9223,5,0.97,0.9417,2200,0
SPY190522C286,2019-05-20,2019-05-20 09:49:04,0.98,0.9514,888,0.95,0.9223,369,0.95,0.9223,5,0.965,0.9368,2200,0
SPY190522C286,2019-05-20,2019-05-20 09:49:05,0.97,0.9417,582,0.95,0.9223,496,0.95,0.9223,5,0.96,0.932,2200,0
SPY190522C286,2019-05-20,2019-05-20 09:49:06,0.96,0.932,459,0.94,0.9126,20,0.95,0.9223,5,0.95,0.9223,2200,0
SPY190522C286,2019-05-20,2019-05-20 09:49:07,0.95,0.9223,302,0.94,0.9126,20,0.94,0.9126,8,0.945,0.9174,2208,8
SPY190522C286,2019-05-20,2019-05-20 09:49:08,0.95,0.9223,362,0.94,0.9126,20,0.94,0.9126,8,0.945,0.9174,2208,0
SPY190522C286,2019-05-20,2019-05-20 09:49:09,0.95,0.9223,362,0.94,0.9126,20,0.94,0.9126,8,0.945,0.9174,2208,0
SPY190522C286,2019-05-20,2019-05-20 09:49:10,0.95,0.9223,704,0.94,0.9126,20,0.94,0.9126,8,0.945,0.9174,2208,0
SPY190522C286,2019-05-20,2019-05-20 09:49:11,0.95,0.9223,755,0.94,0.9126,20,0.95,0.9223,1,0.945,0.9174,2209,1
SPY190522C286,2019-05-20,2019-05-20 09:49:12,0.95,0.9223,426,0.94,0.9126,20,0.95,0.9223,1,0.945,0.9174,2209,0
SPY190522C286,2019-05-20,2019-05-20 09:49:13,0.94,0.9126,1,0.92,0.8932,439,0.94,0.9126,20,0.93,0.9029,2229,20
SPY190522C286,2019-05-20,2019-05-20 09:49:14,0.94,0.9126,329,0.92,0.8932,459,0.94,0.9126,20,0.93,0.9029,2229,0
SPY190522C286,2019-05-20,2019-05-20 09:49:15,0.94,0.9126,224,0.92,0.8932,477,0.94,0.9126,20,0.93,0.9029,2229,0
SPY190522C286,2019-05-20,2019-05-20 09:49:16,0.94,0.9126,224,0.92,0.8932,106,0.94,0.9126,20,0.93,0.9029,2229,0
SPY190522C286,2019-05-20,2019-05-20 09:49:17,0.94,0.9126,155,0.93,0.9029,118,0.94,0.9126,20,0.935,0.9077,2229,0
SPY190522C286,2019-05-20,2019-05-20 09:49:18,0.94,0.9126,274,0.93,0.9029,43,0.93,0.9029,20,0.935,0.9077,2249,20
