symbol,Date,quote_time,ask_price,norm_ask_price,ask_size,bid_price,norm_bid_price,bid_size,last_trade_price,norm_last_trade_price,last_trade_size,mark_price,norm_mark_price,volume,Volume
IWM191122C160,2019-11-15,2019-11-15 09:30:01,1.01,1.0,1,0.76,0.7524,1,0.56,0.5544,1,0.885,0.8762,0,0
IWM191122C160,2019-11-15,2019-11-15 09:30:02,5.0,4.9504,3,0.76,0.7524,1,0.56,0.5544,1,2.88,2.8514,0,0
IWM191122C160,2019-11-15,2019-11-15 09:30:02,1.55,1.5346,7,0.27,0.2673,7,0.56,0.5544,1,0.91,0.9009,0,0
IWM191122C160,2019-11-15,2019-11-15 09:30:03,0.96,0.9504,250,0.82,0.8118,250,0.56,0.5544,1,0.89,0.8811,0,0
IWM191122C160,2019-11-15,2019-11-15 09:30:03,0.98,0.9702,250,0.82,0.8118,250,0.56,0.5544,1,0.9,0.891,0,0
IWM191122C160,2019-11-15,2019-11-15 09:30:04,0.95,0.9405,250,0.81,0.8019,250,0.56,0.5544,1,0.88,0.8712,0,0
IWM191122C160,2019-11-15,2019-11-15 09:30:05,0.95,0.9405,250,0.81,0.8019,250,0.56,0.5544,1,0.88,0.8712,0,0
IWM191122C160,2019-11-15,2019-11-15 09:30:05,0.95,0.9405,5,0.82,0.8118,250,0.56,0.5544,1,0.885,0.8762,0,0
IWM191122C160,2019-11-15,2019-11-15 09:30:06,0.95,0.9405,5,0.82,0.8118,250,0.56,0.5544,1,0.885,0.8762,0,0
IWM191122C160,2019-11-15,2019-11-15 09:30:06,0.96,0.9504,250,0.82,0.8118,250,0.56,0.5544,1,0.89,0.8811,0,0
IWM191122C160,2019-11-15,2019-11-15 09:30:07,0.96,0.9504,250,0.83,0.8217,250,0.56,0.5544,1,0.895,0.8861,0,0
IWM191122C160,2019-11-15,2019-11-15 09:30:07,0.96,0.9504,250,0.82,0.8118,250,0.56,0.5544,1,0.89,0.8811,0,0
IWM191122C160,2019-11-15,2019-11-15 09:30:08,0.96,0.9504,5,0.83,0.8217,250,0.56,0.5544,1,0.895,0.8861,0,0
IWM191122C160,2019-11-15,2019-11-15 09:30:08,0.98,0.9702,250,0.83,0.8217,250,0.56,0.5544,1,0.905,0.896,0,0
IWM191122C160,2019-11-15,2019-11-15 09:30:09,0.94,0.9306,21,0.88,0.8712,21,0.85,0.8415,3,0.91,0.9009,6,0
IWM191122C160,2019-11-15,2019-11-15 09:30:09,0.95,0.9405,333,0.83,0.8217,320,0.56,0.5544,1,0.89,0.8811,6,6
IWM191122C160,2019-11-15,2019-11-15 09:30:10,0.94,0.9306,21,0.87,0.8613,45,0.85,0.8415,3,0.905,0.896,6,0
IWM191122C160,2019-11-15,2019-11-15 09:30:11,0.94,0.9306,21,0.87,0.8613,45,0.85,0.8415,3,0.905,0.896,6,0
IWM191122C160,2019-11-15,2019-11-15 09:30:12,0.91,0.9009,21,0.87,0.8613,24,0.87,0.8613,24,0.89,0.8811,30,0
IWM191122C160,2019-11-15,2019-11-15 09:30:12,0.93,0.9207,38,0.87,0.8613,45,0.85,0.8415,3,0.9,0.891,30,24
IWM191122C160,2019-11-15,2019-11-15 09:30:13,0.93,0.9207,31,0.87,0.8613,38,0.87,0.8613,24,0.9,0.891,30,0
IWM191122C160,2019-11-15,2019-11-15 09:30:13,0.93,0.9207,38,0.87,0.8613,38,0.87,0.8613,24,0.9,0.891,30,0
IWM191122C160,2019-11-15,2019-11-15 09:30:14,0.93,0.9207,54,0.87,0.8613,38,0.87,0.8613,24,0.9,0.891,30,0
IWM191122C160,2019-11-15,2019-11-15 09:30:15,0.92,0.9108,38,0.87,0.8613,38,0.87,0.8613,24,0.895,0.8861,30,0
IWM191122C160,2019-11-15,2019-11-15 09:30:15,0.92,0.9108,38,0.87,0.8613,24,0.87,0.8613,24,0.895,0.8861,30,0
IWM191122C160,2019-11-15,2019-11-15 09:30:16,0.89,0.8811,31,0.87,0.8613,24,0.87,0.8613,24,0.88,0.8712,30,0
IWM191122C160,2019-11-15,2019-11-15 09:30:16,0.9,0.891,31,0.87,0.8613,24,0.87,0.8613,24,0.885,0.8762,30,0
IWM191122C160,2019-11-15,2019-11-15 09:30:17,0.9,0.891,31,0.87,0.8613,24,0.87,0.8613,24,0.885,0.8762,30,0
IWM191122C160,2019-11-15,2019-11-15 09:30:18,0.9,0.891,46,0.87,0.8613,24,0.87,0.8613,24,0.885,0.8762,30,0
IWM191122C160,2019-11-15,2019-11-15 09:30:18,0.91,0.9009,46,0.87,0.8613,24,0.87,0.8613,24,0.89,0.8811,30,0
IWM191122C160,2019-11-15,2019-11-15 09:30:19,0.88,0.8712,176,0.84,0.8316,323,0.87,0.8613,24,0.86,0.8514,30,0
IWM191122C160,2019-11-15,2019-11-15 09:30:19,0.88,0.8712,233,0.84,0.8316,47,0.87,0.8613,24,0.86,0.8514,30,0
IWM191122C160,2019-11-15,2019-11-15 09:30:20,0.87,0.8613,87,0.84,0.8316,408,0.87,0.8613,24,0.855,0.8465,30,0
IWM191122C160,2019-11-15,2019-11-15 09:30:20,0.88,0.8712,10,0.84,0.8316,441,0.87,0.8613,24,0.86,0.8514,30,0
IWM191122C160,2019-11-15,2019-11-15 09:30:21,0.86,0.8514,41,0.83,0.8217,31,0.87,0.8613,24,0.845,0.8366,30,0
IWM191122C160,2019-11-15,2019-11-15 09:30:21,0.87,0.8613,151,0.84,0.8316,21,0.87,0.8613,24,0.855,0.8465,30,0
IWM191122C160,2019-11-15,2019-11-15 09:30:22,0.87,0.8613,397,0.83,0.8217,337,0.87,0.8613,24,0.85,0.8415,30,0
IWM191122C160,2019-11-15,2019-11-15 09:30:23,0.87,0.8613,397,0.83,0.8217,401,0.87,0.8613,24,0.85,0.8415,30,0
IWM191122C160,2019-11-15,2019-11-15 09:30:23,0.87,0.8613,329,0.83,0.8217,439,0.87,0.8613,24,0.85,0.8415,30,0
IWM191122C160,2019-11-15,2019-11-15 09:30:24,0.88,0.8712,180,0.85,0.8415,210,0.87,0.8613,24,0.865,0.8564,30,0
IWM191122C160,2019-11-15,2019-11-15 09:30:24,0.87,0.8613,8,0.84,0.8316,642,0.87,0.8613,24,0.855,0.8465,30,0
IWM191122C160,2019-11-15,2019-11-15 09:30:25,0.88,0.8712,621,0.85,0.8415,20,0.87,0.8613,24,0.865,0.8564,30,0
IWM191122C160,2019-11-15,2019-11-15 09:30:25,0.88,0.8712,192,0.85,0.8415,210,0.87,0.8613,24,0.865,0.8564,30,0
IWM191122C160,2019-11-15,2019-11-15 09:30:26,0.88,0.8712,790,0.84,0.8316,183,0.87,0.8613,24,0.86,0.8514,30,0
IWM191122C160,2019-11-15,2019-11-15 09:30:26,0.88,0.8712,621,0.85,0.8415,20,0.87,0.8613,24,0.865,0.8564,30,0
IWM191122C160,2019-11-15,2019-11-15 09:30:27,0.88,0.8712,132,0.84,0.8316,646,0.87,0.8613,24,0.86,0.8514,30,0
IWM191122C160,2019-11-15,2019-11-15 09:30:27,0.88,0.8712,159,0.84,0.8316,151,0.87,0.8613,24,0.86,0.8514,30,0
IWM191122C160,2019-11-15,2019-11-15 09:30:28,0.88,0.8712,363,0.85,0.8415,40,0.87,0.8613,24,0.865,0.8564,30,0
IWM191122C160,2019-11-15,2019-11-15 09:30:28,0.88,0.8712,363,0.84,0.8316,518,0.87,0.8613,24,0.86,0.8514,30,0
IWM191122C160,2019-11-15,2019-11-15 09:30:29,0.88,0.8712,363,0.85,0.8415,40,0.87,0.8613,24,0.865,0.8564,30,0
IWM191122C160,2019-11-15,2019-11-15 09:30:29,0.88,0.8712,734,0.85,0.8415,40,0.87,0.8613,24,0.865,0.8564,30,0
IWM191122C160,2019-11-15,2019-11-15 09:30:30,0.88,0.8712,384,0.85,0.8415,74,0.87,0.8613,24,0.865,0.8564,30,0
IWM191122C160,2019-11-15,2019-11-15 09:30:30,0.88,0.8712,734,0.85,0.8415,24,0.87,0.8613,24,0.865,0.8564,30,0
IWM191122C160,2019-11-15,2019-11-15 09:30:31,0.88,0.8712,110,0.85,0.8415,693,0.87,0.8613,24,0.865,0.8564,30,0
IWM191122C160,2019-11-15,2019-11-15 09:30:31,0.88,0.8712,154,0.85,0.8415,693,0.87,0.8613,24,0.865,0.8564,30,0
IWM191122C160,2019-11-15,2019-11-15 09:30:32,0.89,0.8811,15,0.88,0.8712,26,0.87,0.8613,24,0.885,0.8762,30,0
IWM191122C160,2019-11-15,2019-11-15 09:30:32,0.89,0.8811,15,0.88,0.8712,40,0.87,0.8613,24,0.885,0.8762,30,0
IWM191122C160,2019-11-15,2019-11-15 09:30:33,0.89,0.8811,15,0.88,0.8712,40,0.87,0.8613,24,0.885,0.8762,30,0
IWM191122C160,2019-11-15,2019-11-15 09:30:34,0.89,0.8811,15,0.87,0.8613,118,0.87,0.8613,24,0.88,0.8712,30,0
IWM191122C160,2019-11-15,2019-11-15 09:30:34,0.89,0.8811,15,0.87,0.8613,83,0.87,0.8613,24,0.88,0.8712,30,0
IWM191122C160,2019-11-15,2019-11-15 09:30:35,0.89,0.8811,15,0.87,0.8613,62,0.87,0.8613,24,0.88,0.8712,30,0
IWM191122C160,2019-11-15,2019-11-15 09:30:36,0.89,0.8811,67,0.87,0.8613,48,0.87,0.8613,24,0.88,0.8712,30,0
IWM191122C160,2019-11-15,2019-11-15 09:30:37,0.89,0.8811,65,0.87,0.8613,48,0.87,0.8613,24,0.88,0.8712,30,0
IWM191122C160,2019-11-15,2019-11-15 09:30:37,0.89,0.8811,24,0.87,0.8613,48,0.87,0.8613,24,0.88,0.8712,30,0
IWM191122C160,2019-11-15,2019-11-15 09:30:38,0.89,0.8811,65,0.87,0.8613,48,0.87,0.8613,24,0.88,0.8712,30,0
IWM191122C160,2019-11-15,2019-11-15 09:30:38,0.89,0.8811,317,0.87,0.8613,48,0.87,0.8613,24,0.88,0.8712,30,0
IWM191122C160,2019-11-15,2019-11-15 09:30:39,0.89,0.8811,53,0.87,0.8613,26,0.87,0.8613,24,0.88,0.8712,30,0
IWM191122C160,2019-11-15,2019-11-15 09:30:39,0.89,0.8811,98,0.87,0.8613,26,0.87,0.8613,24,0.88,0.8712,30,0
IWM191122C160,2019-11-15,2019-11-15 09:30:40,0.89,0.8811,313,0.87,0.8613,20,0.87,0.8613,24,0.88,0.8712,30,0
IWM191122C160,2019-11-15,2019-11-15 09:30:40,0.89,0.8811,583,0.86,0.8514,133,0.87,0.8613,24,0.875,0.8663,30,0
IWM191122C160,2019-11-15,2019-11-15 09:30:41,0.89,0.8811,743,0.86,0.8514,57,0.87,0.8613,24,0.875,0.8663,30,0
IWM191122C160,2019-11-15,2019-11-15 09:30:41,0.89,0.8811,683,0.86,0.8514,116,0.87,0.8613,24,0.875,0.8663,30,0
IWM191122C160,2019-11-15,2019-11-15 09:30:42,0.89,0.8811,743,0.86,0.8514,39,0.87,0.8613,24,0.875,0.8663,30,0
IWM191122C160,2019-11-15,2019-11-15 09:30:43,0.88,0.8712,365,0.86,0.8514,23,0.87,0.8613,24,0.87,0.8613,30,0
IWM191122C160,2019-11-15,2019-11-15 09:30:44,0.88,0.8712,250,0.86,0.8514,24,0.87,0.8613,24,0.87,0.8613,30,0
IWM191122C160,2019-11-15,2019-11-15 09:30:44,0.88,0.8712,352,0.86,0.8514,24,0.87,0.8613,24,0.87,0.8613,30,0
IWM191122C160,2019-11-15,2019-11-15 09:30:45,0.88,0.8712,352,0.86,0.8514,63,0.87,0.8613,24,0.87,0.8613,30,0
IWM191122C160,2019-11-15,2019-11-15 09:30:46,0.88,0.8712,352,0.86,0.8514,118,0.87,0.8613,24,0.87,0.8613,30,0
IWM191122C160,2019-11-15,2019-11-15 09:30:47,0.88,0.8712,317,0.86,0.8514,118,0.87,0.8613,24,0.87,0.8613,30,0
IWM191122C160,2019-11-15,2019-11-15 09:30:48,0.88,0.8712,317,0.86,0.8514,118,0.87,0.8613,24,0.87,0.8613,30,0
IWM191122C160,2019-11-15,2019-11-15 09:30:49,0.88,0.8712,342,0.86,0.8514,118,0.87,0.8613,24,0.87,0.8613,30,0
IWM191122C160,2019-11-15,2019-11-15 09:30:50,0.89,0.8811,562,0.86,0.8514,464,0.87,0.8613,24,0.875,0.8663,30,0
IWM191122C160,2019-11-15,2019-11-15 09:30:50,0.89,0.8811,546,0.86,0.8514,329,0.87,0.8613,24,0.875,0.8663,30,0
IWM191122C160,2019-11-15,2019-11-15 09:30:51,0.89,0.8811,424,0.86,0.8514,464,0.87,0.8613,24,0.875,0.8663,30,0
IWM191122C160,2019-11-15,2019-11-15 09:30:51,0.89,0.8811,603,0.87,0.8613,38,0.87,0.8613,24,0.88,0.8712,30,0
IWM191122C160,2019-11-15,2019-11-15 09:30:52,0.89,0.8811,22,0.87,0.8613,145,0.87,0.8613,24,0.88,0.8712,30,0
IWM191122C160,2019-11-15,2019-11-15 09:30:52,0.89,0.8811,15,0.87,0.8613,284,0.87,0.8613,24,0.88,0.8712,30,0
IWM191122C160,2019-11-15,2019-11-15 09:30:53,0.89,0.8811,15,0.87,0.8613,91,0.87,0.8613,24,0.88,0.8712,30,0
IWM191122C160,2019-11-15,2019-11-15 09:30:53,0.89,0.8811,15,0.87,0.8613,75,0.87,0.8613,24,0.88,0.8712,30,0
IWM191122C160,2019-11-15,2019-11-15 09:30:54,0.9,0.891,173,0.88,0.8712,81,0.87,0.8613,24,0.89,0.8811,30,0
IWM191122C160,2019-11-15,2019-11-15 09:30:54,0.89,0.8811,15,0.88,0.8712,38,0.87,0.8613,24,0.885,0.8762,30,0
IWM191122C160,2019-11-15,2019-11-15 09:30:55,0.91,0.9009,587,0.88,0.8712,112,0.87,0.8613,24,0.895,0.8861,30,0
IWM191122C160,2019-11-15,2019-11-15 09:30:56,0.91,0.9009,758,0.88,0.8712,112,0.87,0.8613,24,0.895,0.8861,30,0
IWM191122C160,2019-11-15,2019-11-15 09:30:56,0.9,0.891,706,0.87,0.8613,84,0.87,0.8613,24,0.885,0.8762,30,0
IWM191122C160,2019-11-15,2019-11-15 09:30:57,0.9,0.891,88,0.88,0.8712,38,0.87,0.8613,24,0.89,0.8811,30,0
IWM191122C160,2019-11-15,2019-11-15 09:30:57,0.9,0.891,506,0.87,0.8613,114,0.87,0.8613,24,0.885,0.8762,30,0
IWM191122C160,2019-11-15,2019-11-15 09:30:58,0.9,0.891,329,0.88,0.8712,23,0.87,0.8613,24,0.89,0.8811,30,0
IWM191122C160,2019-11-15,2019-11-15 09:30:59,0.9,0.891,348,0.88,0.8712,23,0.87,0.8613,24,0.89,0.8811,30,0
IWM191122C160,2019-11-15,2019-11-15 09:30:59,0.9,0.891,324,0.88,0.8712,24,0.87,0.8613,24,0.89,0.8811,30,0
IWM191122C160,2019-11-15,2019-11-15 09:31:00,0.9,0.891,393,0.88,0.8712,24,0.87,0.8613,24,0.89,0.8811,30,0
IWM191122C160,2019-11-15,2019-11-15 09:31:00,0.9,0.891,425,0.88,0.8712,24,0.87,0.8613,24,0.89,0.8811,30,0
IWM191122C160,2019-11-15,2019-11-15 09:31:01,0.89,0.8811,51,0.87,0.8613,60,0.87,0.8613,24,0.88,0.8712,30,0
IWM191122C160,2019-11-15,2019-11-15 09:31:02,0.89,0.8811,407,0.87,0.8613,38,0.87,0.8613,24,0.88,0.8712,30,0
IWM191122C160,2019-11-15,2019-11-15 09:31:02,0.9,0.891,658,0.87,0.8613,88,0.87,0.8613,24,0.885,0.8762,30,0
IWM191122C160,2019-11-15,2019-11-15 09:31:03,0.89,0.8811,649,0.86,0.8514,57,0.87,0.8613,24,0.875,0.8663,30,0
IWM191122C160,2019-11-15,2019-11-15 09:31:03,0.89,0.8811,767,0.86,0.8514,38,0.87,0.8613,24,0.875,0.8663,30,0
IWM191122C160,2019-11-15,2019-11-15 09:31:04,0.89,0.8811,767,0.86,0.8514,38,0.87,0.8613,24,0.875,0.8663,30,0
IWM191122C160,2019-11-15,2019-11-15 09:31:04,0.89,0.8811,499,0.86,0.8514,47,0.87,0.8613,24,0.875,0.8663,30,0
IWM191122C160,2019-11-15,2019-11-15 09:31:05,0.89,0.8811,292,0.86,0.8514,64,0.87,0.8613,24,0.875,0.8663,30,0
IWM191122C160,2019-11-15,2019-11-15 09:31:05,0.89,0.8811,499,0.86,0.8514,64,0.87,0.8613,24,0.875,0.8663,30,0
IWM191122C160,2019-11-15,2019-11-15 09:31:06,0.89,0.8811,31,0.87,0.8613,38,0.87,0.8613,24,0.88,0.8712,30,0
IWM191122C160,2019-11-15,2019-11-15 09:31:06,0.9,0.891,544,0.87,0.8613,77,0.87,0.8613,24,0.885,0.8762,30,0
IWM191122C160,2019-11-15,2019-11-15 09:31:07,0.9,0.891,544,0.87,0.8613,94,0.87,0.8613,24,0.885,0.8762,30,0
IWM191122C160,2019-11-15,2019-11-15 09:31:07,0.9,0.891,544,0.87,0.8613,77,0.87,0.8613,24,0.885,0.8762,30,0
IWM191122C160,2019-11-15,2019-11-15 09:31:08,0.9,0.891,544,0.87,0.8613,94,0.87,0.8613,24,0.885,0.8762,30,0
IWM191122C160,2019-11-15,2019-11-15 09:31:08,0.9,0.891,544,0.87,0.8613,62,0.87,0.8613,24,0.885,0.8762,30,0
IWM191122C160,2019-11-15,2019-11-15 09:31:09,0.9,0.891,446,0.87,0.8613,62,0.87,0.8613,24,0.885,0.8762,30,0
IWM191122C160,2019-11-15,2019-11-15 09:31:09,0.9,0.891,496,0.87,0.8613,62,0.87,0.8613,24,0.885,0.8762,30,0
IWM191122C160,2019-11-15,2019-11-15 09:31:10,0.9,0.891,696,0.87,0.8613,62,0.87,0.8613,24,0.885,0.8762,30,0
IWM191122C160,2019-11-15,2019-11-15 09:31:10,0.9,0.891,695,0.87,0.8613,109,0.87,0.8613,24,0.885,0.8762,30,0
IWM191122C160,2019-11-15,2019-11-15 09:31:11,0.9,0.891,407,0.88,0.8712,38,0.87,0.8613,24,0.89,0.8811,30,0
IWM191122C160,2019-11-15,2019-11-15 09:31:12,0.9,0.891,328,0.88,0.8712,38,0.87,0.8613,24,0.89,0.8811,30,0
IWM191122C160,2019-11-15,2019-11-15 09:31:12,0.9,0.891,407,0.88,0.8712,38,0.87,0.8613,24,0.89,0.8811,30,0
IWM191122C160,2019-11-15,2019-11-15 09:31:13,0.91,0.9009,751,0.88,0.8712,54,0.87,0.8613,24,0.895,0.8861,30,0
IWM191122C160,2019-11-15,2019-11-15 09:31:13,0.9,0.891,252,0.88,0.8712,47,0.87,0.8613,24,0.89,0.8811,30,0
IWM191122C160,2019-11-15,2019-11-15 09:31:14,0.91,0.9009,751,0.88,0.8712,79,0.87,0.8613,24,0.895,0.8861,30,0
IWM191122C160,2019-11-15,2019-11-15 09:31:15,0.91,0.9009,751,0.88,0.8712,79,0.87,0.8613,24,0.895,0.8861,30,0
IWM191122C160,2019-11-15,2019-11-15 09:31:15,0.91,0.9009,648,0.88,0.8712,316,0.87,0.8613,24,0.895,0.8861,30,0
IWM191122C160,2019-11-15,2019-11-15 09:31:16,0.91,0.9009,648,0.88,0.8712,154,0.87,0.8613,24,0.895,0.8861,30,0
IWM191122C160,2019-11-15,2019-11-15 09:31:17,0.91,0.9009,648,0.88,0.8712,292,0.87,0.8613,24,0.895,0.8861,30,0
IWM191122C160,2019-11-15,2019-11-15 09:31:18,0.91,0.9009,638,0.88,0.8712,292,0.87,0.8613,24,0.895,0.8861,30,0
IWM191122C160,2019-11-15,2019-11-15 09:31:18,0.91,0.9009,648,0.88,0.8712,292,0.87,0.8613,24,0.895,0.8861,30,0
IWM191122C160,2019-11-15,2019-11-15 09:31:19,0.91,0.9009,638,0.88,0.8712,292,0.87,0.8613,24,0.895,0.8861,30,0
IWM191122C160,2019-11-15,2019-11-15 09:31:20,0.91,0.9009,638,0.88,0.8712,398,0.87,0.8613,24,0.895,0.8861,30,0
IWM191122C160,2019-11-15,2019-11-15 09:31:20,0.91,0.9009,372,0.89,0.8811,24,0.87,0.8613,24,0.9,0.891,30,0
IWM191122C160,2019-11-15,2019-11-15 09:31:21,0.91,0.9009,381,0.89,0.8811,24,0.87,0.8613,24,0.9,0.891,30,0
IWM191122C160,2019-11-15,2019-11-15 09:31:21,0.91,0.9009,372,0.89,0.8811,24,0.87,0.8613,24,0.9,0.891,30,0
IWM191122C160,2019-11-15,2019-11-15 09:31:22,0.91,0.9009,381,0.89,0.8811,24,0.87,0.8613,24,0.9,0.891,30,0
IWM191122C160,2019-11-15,2019-11-15 09:31:23,0.91,0.9009,381,0.89,0.8811,24,0.87,0.8613,24,0.9,0.891,30,0
IWM191122C160,2019-11-15,2019-11-15 09:31:24,0.91,0.9009,383,0.88,0.8712,474,0.87,0.8613,24,0.895,0.8861,30,0
IWM191122C160,2019-11-15,2019-11-15 09:31:24,0.91,0.9009,381,0.89,0.8811,24,0.87,0.8613,24,0.9,0.891,30,0
IWM191122C160,2019-11-15,2019-11-15 09:31:25,0.91,0.9009,370,0.88,0.8712,51,0.87,0.8613,24,0.895,0.8861,30,0
IWM191122C160,2019-11-15,2019-11-15 09:31:26,0.91,0.9009,370,0.88,0.8712,69,0.87,0.8613,24,0.895,0.8861,30,0
IWM191122C160,2019-11-15,2019-11-15 09:31:26,0.91,0.9009,721,0.88,0.8712,135,0.87,0.8613,24,0.895,0.8861,30,0
IWM191122C160,2019-11-15,2019-11-15 09:31:27,0.9,0.891,679,0.87,0.8613,78,0.87,0.8613,24,0.885,0.8762,30,0
IWM191122C160,2019-11-15,2019-11-15 09:31:27,0.91,0.9009,721,0.88,0.8712,135,0.87,0.8613,24,0.895,0.8861,30,0
IWM191122C160,2019-11-15,2019-11-15 09:31:28,0.9,0.891,679,0.87,0.8613,128,0.87,0.8613,24,0.885,0.8762,30,0
IWM191122C160,2019-11-15,2019-11-15 09:31:29,0.88,0.8712,289,0.85,0.8415,101,0.87,0.8613,24,0.865,0.8564,30,0
IWM191122C160,2019-11-15,2019-11-15 09:31:29,0.9,0.891,501,0.87,0.8613,143,0.87,0.8613,24,0.885,0.8762,30,0
IWM191122C160,2019-11-15,2019-11-15 09:31:30,0.87,0.8613,102,0.84,0.8316,476,0.87,0.8613,24,0.855,0.8465,30,0
IWM191122C160,2019-11-15,2019-11-15 09:31:30,0.87,0.8613,440,0.84,0.8316,243,0.87,0.8613,24,0.855,0.8465,30,0
IWM191122C160,2019-11-15,2019-11-15 09:31:31,0.87,0.8613,608,0.84,0.8316,480,0.87,0.8613,24,0.855,0.8465,30,0
IWM191122C160,2019-11-15,2019-11-15 09:31:31,0.87,0.8613,613,0.84,0.8316,662,0.87,0.8613,24,0.855,0.8465,30,0
IWM191122C160,2019-11-15,2019-11-15 09:31:32,0.87,0.8613,451,0.84,0.8316,198,0.87,0.8613,24,0.855,0.8465,30,0
IWM191122C160,2019-11-15,2019-11-15 09:31:32,0.87,0.8613,406,0.84,0.8316,362,0.87,0.8613,24,0.855,0.8465,30,0
IWM191122C160,2019-11-15,2019-11-15 09:31:33,0.87,0.8613,406,0.84,0.8316,533,0.87,0.8613,24,0.855,0.8465,30,0
IWM191122C160,2019-11-15,2019-11-15 09:31:33,0.87,0.8613,635,0.84,0.8316,28,0.87,0.8613,24,0.855,0.8465,30,0
IWM191122C160,2019-11-15,2019-11-15 09:31:34,0.87,0.8613,706,0.84,0.8316,50,0.87,0.8613,24,0.855,0.8465,30,0
IWM191122C160,2019-11-15,2019-11-15 09:31:34,0.87,0.8613,681,0.84,0.8316,98,0.87,0.8613,24,0.855,0.8465,30,0
IWM191122C160,2019-11-15,2019-11-15 09:31:35,0.87,0.8613,706,0.84,0.8316,50,0.87,0.8613,24,0.855,0.8465,30,0
IWM191122C160,2019-11-15,2019-11-15 09:31:35,0.86,0.8514,4,0.84,0.8316,50,0.87,0.8613,24,0.85,0.8415,30,0
IWM191122C160,2019-11-15,2019-11-15 09:31:36,0.86,0.8514,78,0.84,0.8316,38,0.87,0.8613,24,0.85,0.8415,30,0
IWM191122C160,2019-11-15,2019-11-15 09:31:36,0.86,0.8514,50,0.84,0.8316,38,0.87,0.8613,24,0.85,0.8415,30,0
IWM191122C160,2019-11-15,2019-11-15 09:31:37,0.86,0.8514,59,0.84,0.8316,75,0.87,0.8613,24,0.85,0.8415,30,0
IWM191122C160,2019-11-15,2019-11-15 09:31:38,0.86,0.8514,59,0.84,0.8316,99,0.87,0.8613,24,0.85,0.8415,30,0
IWM191122C160,2019-11-15,2019-11-15 09:31:39,0.86,0.8514,186,0.84,0.8316,46,0.87,0.8613,24,0.85,0.8415,30,0
IWM191122C160,2019-11-15,2019-11-15 09:31:39,0.86,0.8514,59,0.84,0.8316,99,0.87,0.8613,24,0.85,0.8415,30,0
IWM191122C160,2019-11-15,2019-11-15 09:31:40,0.86,0.8514,186,0.84,0.8316,69,0.87,0.8613,24,0.85,0.8415,30,0
IWM191122C160,2019-11-15,2019-11-15 09:31:41,0.87,0.8613,43,0.85,0.8415,77,0.87,0.8613,24,0.86,0.8514,30,0
IWM191122C160,2019-11-15,2019-11-15 09:31:41,0.86,0.8514,186,0.84,0.8316,69,0.87,0.8613,24,0.85,0.8415,30,0
IWM191122C160,2019-11-15,2019-11-15 09:31:42,0.87,0.8613,33,0.84,0.8316,71,0.87,0.8613,24,0.855,0.8465,30,0
IWM191122C160,2019-11-15,2019-11-15 09:31:42,0.88,0.8712,456,0.84,0.8316,71,0.87,0.8613,24,0.86,0.8514,30,0
IWM191122C160,2019-11-15,2019-11-15 09:31:43,0.88,0.8712,446,0.86,0.8514,20,0.87,0.8613,24,0.87,0.8613,30,0
IWM191122C160,2019-11-15,2019-11-15 09:31:43,0.88,0.8712,461,0.85,0.8415,27,0.87,0.8613,24,0.865,0.8564,30,0
IWM191122C160,2019-11-15,2019-11-15 09:31:44,0.88,0.8712,661,0.85,0.8415,68,0.87,0.8613,24,0.865,0.8564,30,0
IWM191122C160,2019-11-15,2019-11-15 09:31:44,0.88,0.8712,560,0.85,0.8415,68,0.87,0.8613,24,0.865,0.8564,30,0
IWM191122C160,2019-11-15,2019-11-15 09:31:45,0.87,0.8613,33,0.85,0.8415,71,0.87,0.8613,24,0.86,0.8514,30,0
IWM191122C160,2019-11-15,2019-11-15 09:31:45,0.88,0.8712,698,0.85,0.8415,68,0.87,0.8613,24,0.865,0.8564,30,0
IWM191122C160,2019-11-15,2019-11-15 09:31:46,0.87,0.8613,33,0.85,0.8415,62,0.87,0.8613,24,0.86,0.8514,30,0
IWM191122C160,2019-11-15,2019-11-15 09:31:47,0.87,0.8613,33,0.85,0.8415,60,0.87,0.8613,24,0.86,0.8514,30,0
IWM191122C160,2019-11-15,2019-11-15 09:31:47,0.88,0.8712,15,0.86,0.8514,8,0.87,0.8613,24,0.87,0.8613,30,0
IWM191122C160,2019-11-15,2019-11-15 09:31:48,0.88,0.8712,49,0.86,0.8514,20,0.87,0.8613,24,0.87,0.8613,30,0
IWM191122C160,2019-11-15,2019-11-15 09:31:49,0.88,0.8712,58,0.86,0.8514,20,0.87,0.8613,24,0.87,0.8613,30,0
IWM191122C160,2019-11-15,2019-11-15 09:31:50,0.88,0.8712,375,0.85,0.8415,84,0.87,0.8613,24,0.865,0.8564,30,0
IWM191122C160,2019-11-15,2019-11-15 09:31:50,0.88,0.8712,375,0.85,0.8415,99,0.87,0.8613,24,0.865,0.8564,30,0
IWM191122C160,2019-11-15,2019-11-15 09:31:51,0.87,0.8613,4,0.85,0.8415,123,0.87,0.8613,24,0.86,0.8514,30,0
IWM191122C160,2019-11-15,2019-11-15 09:31:51,0.88,0.8712,69,0.86,0.8514,63,0.87,0.8613,24,0.87,0.8613,30,0
IWM191122C160,2019-11-15,2019-11-15 09:31:52,0.88,0.8712,222,0.86,0.8514,87,0.87,0.8613,24,0.87,0.8613,30,0
IWM191122C160,2019-11-15,2019-11-15 09:31:52,0.88,0.8712,222,0.86,0.8514,58,0.87,0.8613,24,0.87,0.8613,30,0
IWM191122C160,2019-11-15,2019-11-15 09:31:53,0.88,0.8712,10,0.87,0.8613,20,0.87,0.8613,24,0.875,0.8663,30,0
IWM191122C160,2019-11-15,2019-11-15 09:31:54,0.9,0.891,438,0.88,0.8712,1,0.88,0.8712,4,0.89,0.8811,38,8
IWM191122C160,2019-11-15,2019-11-15 09:31:54,0.9,0.891,438,0.88,0.8712,20,0.88,0.8712,4,0.89,0.8811,38,0
IWM191122C160,2019-11-15,2019-11-15 09:31:55,0.89,0.8811,10,0.88,0.8712,20,0.88,0.8712,4,0.885,0.8762,38,0
IWM191122C160,2019-11-15,2019-11-15 09:31:56,0.9,0.891,166,0.88,0.8712,20,0.88,0.8712,4,0.89,0.8811,38,0
IWM191122C160,2019-11-15,2019-11-15 09:31:57,0.9,0.891,190,0.88,0.8712,71,0.88,0.8712,4,0.89,0.8811,38,0
IWM191122C160,2019-11-15,2019-11-15 09:31:57,0.9,0.891,152,0.88,0.8712,44,0.88,0.8712,4,0.89,0.8811,38,0
IWM191122C160,2019-11-15,2019-11-15 09:31:58,0.9,0.891,211,0.88,0.8712,49,0.88,0.8712,4,0.89,0.8811,38,0
IWM191122C160,2019-11-15,2019-11-15 09:31:59,0.9,0.891,211,0.88,0.8712,49,0.88,0.8712,4,0.89,0.8811,38,0
IWM191122C160,2019-11-15,2019-11-15 09:32:00,0.9,0.891,47,0.88,0.8712,49,0.88,0.8712,4,0.89,0.8811,38,0
IWM191122C160,2019-11-15,2019-11-15 09:32:00,0.9,0.891,211,0.88,0.8712,49,0.88,0.8712,4,0.89,0.8811,38,0
IWM191122C160,2019-11-15,2019-11-15 09:32:01,0.9,0.891,23,0.88,0.8712,49,0.88,0.8712,4,0.89,0.8811,38,0
IWM191122C160,2019-11-15,2019-11-15 09:32:02,0.9,0.891,263,0.87,0.8613,217,0.88,0.8712,4,0.885,0.8762,38,0
IWM191122C160,2019-11-15,2019-11-15 09:32:02,0.9,0.891,263,0.87,0.8613,301,0.88,0.8712,4,0.885,0.8762,38,0
IWM191122C160,2019-11-15,2019-11-15 09:32:03,0.9,0.891,142,0.88,0.8712,15,0.88,0.8712,4,0.89,0.8811,38,0
IWM191122C160,2019-11-15,2019-11-15 09:32:03,0.9,0.891,188,0.88,0.8712,20,0.88,0.8712,4,0.89,0.8811,38,0
IWM191122C160,2019-11-15,2019-11-15 09:32:04,0.9,0.891,188,0.88,0.8712,20,0.88,0.8712,4,0.89,0.8811,38,0
IWM191122C160,2019-11-15,2019-11-15 09:32:05,0.91,0.9009,285,0.88,0.8712,438,0.88,0.8712,4,0.895,0.8861,38,0
IWM191122C160,2019-11-15,2019-11-15 09:32:05,0.9,0.891,10,0.88,0.8712,389,0.88,0.8712,4,0.89,0.8811,38,0
IWM191122C160,2019-11-15,2019-11-15 09:32:06,0.91,0.9009,364,0.89,0.8811,10,0.88,0.8712,4,0.9,0.891,38,0
IWM191122C160,2019-11-15,2019-11-15 09:32:06,0.91,0.9009,276,0.89,0.8811,26,0.88,0.8712,4,0.9,0.891,38,0
IWM191122C160,2019-11-15,2019-11-15 09:32:07,0.91,0.9009,299,0.89,0.8811,26,0.88,0.8712,4,0.9,0.891,38,0
IWM191122C160,2019-11-15,2019-11-15 09:32:08,0.91,0.9009,248,0.89,0.8811,26,0.88,0.8712,4,0.9,0.891,38,0
IWM191122C160,2019-11-15,2019-11-15 09:32:08,0.91,0.9009,271,0.89,0.8811,26,0.88,0.8712,4,0.9,0.891,38,0
IWM191122C160,2019-11-15,2019-11-15 09:32:09,0.91,0.9009,248,0.89,0.8811,26,0.88,0.8712,4,0.9,0.891,38,0
IWM191122C160,2019-11-15,2019-11-15 09:32:10,0.92,0.9108,333,0.89,0.8811,100,0.88,0.8712,4,0.905,0.896,38,0
IWM191122C160,2019-11-15,2019-11-15 09:32:10,0.92,0.9108,364,0.89,0.8811,41,0.88,0.8712,4,0.905,0.896,38,0
IWM191122C160,2019-11-15,2019-11-15 09:32:11,0.92,0.9108,287,0.89,0.8811,502,0.88,0.8712,4,0.905,0.896,38,0
IWM191122C160,2019-11-15,2019-11-15 09:32:11,0.92,0.9108,287,0.89,0.8811,540,0.88,0.8712,4,0.905,0.896,38,0
IWM191122C160,2019-11-15,2019-11-15 09:32:12,0.91,0.9009,4,0.89,0.8811,498,0.88,0.8712,4,0.9,0.891,38,0
IWM191122C160,2019-11-15,2019-11-15 09:32:12,0.91,0.9009,4,0.89,0.8811,696,0.88,0.8712,4,0.9,0.891,38,0
IWM191122C160,2019-11-15,2019-11-15 09:32:13,0.91,0.9009,6,0.9,0.891,34,0.88,0.8712,4,0.905,0.896,38,0
IWM191122C160,2019-11-15,2019-11-15 09:32:13,0.92,0.9108,98,0.9,0.891,20,0.88,0.8712,4,0.91,0.9009,38,0
IWM191122C160,2019-11-15,2019-11-15 09:32:14,0.92,0.9108,238,0.9,0.891,42,0.88,0.8712,4,0.91,0.9009,38,0
IWM191122C160,2019-11-15,2019-11-15 09:32:15,0.92,0.9108,256,0.9,0.891,21,0.88,0.8712,4,0.91,0.9009,38,0
IWM191122C160,2019-11-15,2019-11-15 09:32:15,0.92,0.9108,32,0.9,0.891,49,0.88,0.8712,4,0.91,0.9009,38,0
IWM191122C160,2019-11-15,2019-11-15 09:32:16,0.92,0.9108,6,0.9,0.891,229,0.88,0.8712,4,0.91,0.9009,38,0
IWM191122C160,2019-11-15,2019-11-15 09:32:16,0.92,0.9108,6,0.9,0.891,478,0.88,0.8712,4,0.91,0.9009,38,0
IWM191122C160,2019-11-15,2019-11-15 09:32:17,0.92,0.9108,20,0.9,0.891,240,0.88,0.8712,4,0.91,0.9009,38,0
IWM191122C160,2019-11-15,2019-11-15 09:32:17,0.92,0.9108,10,0.9,0.891,410,0.88,0.8712,4,0.91,0.9009,38,0
IWM191122C160,2019-11-15,2019-11-15 09:32:18,0.92,0.9108,1,0.9,0.891,480,0.88,0.8712,4,0.91,0.9009,38,0
IWM191122C160,2019-11-15,2019-11-15 09:32:19,0.92,0.9108,10,0.9,0.891,171,0.88,0.8712,4,0.91,0.9009,38,0
IWM191122C160,2019-11-15,2019-11-15 09:32:19,0.92,0.9108,1,0.9,0.891,171,0.88,0.8712,4,0.91,0.9009,38,0
IWM191122C160,2019-11-15,2019-11-15 09:32:20,0.92,0.9108,20,0.9,0.891,302,0.88,0.8712,4,0.91,0.9009,38,0
IWM191122C160,2019-11-15,2019-11-15 09:32:21,0.92,0.9108,20,0.9,0.891,358,0.88,0.8712,4,0.91,0.9009,38,0
IWM191122C160,2019-11-15,2019-11-15 09:32:22,0.92,0.9108,20,0.9,0.891,358,0.88,0.8712,4,0.91,0.9009,38,0
IWM191122C160,2019-11-15,2019-11-15 09:32:23,0.92,0.9108,72,0.9,0.891,83,0.88,0.8712,4,0.91,0.9009,38,0
IWM191122C160,2019-11-15,2019-11-15 09:32:23,0.92,0.9108,72,0.9,0.891,42,0.88,0.8712,4,0.91,0.9009,38,0
IWM191122C160,2019-11-15,2019-11-15 09:32:24,0.91,0.9009,1,0.9,0.891,42,0.88,0.8712,4,0.905,0.896,38,0
IWM191122C160,2019-11-15,2019-11-15 09:32:24,0.92,0.9108,72,0.9,0.891,42,0.88,0.8712,4,0.91,0.9009,38,0
IWM191122C160,2019-11-15,2019-11-15 09:32:25,0.92,0.9108,288,0.89,0.8811,477,0.88,0.8712,4,0.905,0.896,38,0
IWM191122C160,2019-11-15,2019-11-15 09:32:25,0.92,0.9108,288,0.9,0.891,42,0.88,0.8712,4,0.91,0.9009,38,0
IWM191122C160,2019-11-15,2019-11-15 09:32:26,0.91,0.9009,10,0.89,0.8811,477,0.88,0.8712,4,0.9,0.891,38,0
IWM191122C160,2019-11-15,2019-11-15 09:32:27,0.92,0.9108,54,0.89,0.8811,567,0.88,0.8712,4,0.905,0.896,38,0
IWM191122C160,2019-11-15,2019-11-15 09:32:27,0.92,0.9108,220,0.9,0.891,42,0.88,0.8712,4,0.91,0.9009,38,0
IWM191122C160,2019-11-15,2019-11-15 09:32:28,0.92,0.9108,220,0.9,0.891,42,0.88,0.8712,4,0.91,0.9009,38,0
IWM191122C160,2019-11-15,2019-11-15 09:32:29,0.92,0.9108,220,0.9,0.891,42,0.88,0.8712,4,0.91,0.9009,38,0
IWM191122C160,2019-11-15,2019-11-15 09:32:30,0.92,0.9108,220,0.9,0.891,42,0.88,0.8712,4,0.91,0.9009,38,0
IWM191122C160,2019-11-15,2019-11-15 09:32:30,0.92,0.9108,146,0.9,0.891,27,0.88,0.8712,4,0.91,0.9009,38,0
IWM191122C160,2019-11-15,2019-11-15 09:32:31,0.92,0.9108,248,0.9,0.891,90,0.88,0.8712,4,0.91,0.9009,38,0
IWM191122C160,2019-11-15,2019-11-15 09:32:31,0.92,0.9108,248,0.9,0.891,52,0.88,0.8712,4,0.91,0.9009,38,0
IWM191122C160,2019-11-15,2019-11-15 09:32:32,0.92,0.9108,279,0.9,0.891,90,0.88,0.8712,4,0.91,0.9009,38,0
IWM191122C160,2019-11-15,2019-11-15 09:32:33,0.92,0.9108,279,0.9,0.891,90,0.88,0.8712,4,0.91,0.9009,38,0
IWM191122C160,2019-11-15,2019-11-15 09:32:34,0.92,0.9108,279,0.9,0.891,90,0.88,0.8712,4,0.91,0.9009,38,0
IWM191122C160,2019-11-15,2019-11-15 09:32:35,0.92,0.9108,149,0.9,0.891,113,0.88,0.8712,4,0.91,0.9009,38,0
IWM191122C160,2019-11-15,2019-11-15 09:32:35,0.92,0.9108,155,0.9,0.891,342,0.88,0.8712,4,0.91,0.9009,38,0
IWM191122C160,2019-11-15,2019-11-15 09:32:36,0.92,0.9108,10,0.9,0.891,692,0.88,0.8712,4,0.91,0.9009,38,0
IWM191122C160,2019-11-15,2019-11-15 09:32:36,0.92,0.9108,141,0.9,0.891,493,0.88,0.8712,4,0.91,0.9009,38,0
IWM191122C160,2019-11-15,2019-11-15 09:32:37,0.92,0.9108,8,0.91,0.9009,10,0.88,0.8712,4,0.915,0.9059,38,0
IWM191122C160,2019-11-15,2019-11-15 09:32:37,0.92,0.9108,8,0.91,0.9009,13,0.88,0.8712,4,0.915,0.9059,38,0
IWM191122C160,2019-11-15,2019-11-15 09:32:38,0.92,0.9108,10,0.9,0.891,438,0.88,0.8712,4,0.91,0.9009,38,0
IWM191122C160,2019-11-15,2019-11-15 09:32:38,0.92,0.9108,10,0.9,0.891,651,0.88,0.8712,4,0.91,0.9009,38,0
IWM191122C160,2019-11-15,2019-11-15 09:32:39,0.92,0.9108,10,0.89,0.8811,423,0.88,0.8712,4,0.905,0.896,38,0
IWM191122C160,2019-11-15,2019-11-15 09:32:39,0.92,0.9108,10,0.91,0.9009,20,0.88,0.8712,4,0.915,0.9059,38,0
IWM191122C160,2019-11-15,2019-11-15 09:32:40,0.91,0.9009,136,0.88,0.8712,328,0.88,0.8712,4,0.895,0.8861,38,0
IWM191122C160,2019-11-15,2019-11-15 09:32:40,0.9,0.891,2,0.88,0.8712,235,0.88,0.8712,4,0.89,0.8811,38,0
IWM191122C160,2019-11-15,2019-11-15 09:32:41,0.91,0.9009,232,0.89,0.8811,210,0.88,0.8712,4,0.9,0.891,38,0
IWM191122C160,2019-11-15,2019-11-15 09:32:41,0.91,0.9009,142,0.89,0.8811,31,0.88,0.8712,4,0.9,0.891,38,0
IWM191122C160,2019-11-15,2019-11-15 09:32:42,0.91,0.9009,232,0.89,0.8811,31,0.88,0.8712,4,0.9,0.891,38,0
IWM191122C160,2019-11-15,2019-11-15 09:32:42,0.91,0.9009,63,0.89,0.8811,31,0.88,0.8712,4,0.9,0.891,38,0
IWM191122C160,2019-11-15,2019-11-15 09:32:43,0.91,0.9009,263,0.88,0.8712,131,0.88,0.8712,4,0.895,0.8861,38,0
IWM191122C160,2019-11-15,2019-11-15 09:32:43,0.9,0.891,3,0.88,0.8712,236,0.88,0.8712,4,0.89,0.8811,38,0
IWM191122C160,2019-11-15,2019-11-15 09:32:44,0.89,0.8811,4,0.87,0.8613,579,0.88,0.8712,4,0.88,0.8712,38,0
IWM191122C160,2019-11-15,2019-11-15 09:32:44,0.89,0.8811,4,0.87,0.8613,448,0.88,0.8712,4,0.88,0.8712,38,0
IWM191122C160,2019-11-15,2019-11-15 09:32:45,0.89,0.8811,10,0.87,0.8613,454,0.88,0.8712,4,0.88,0.8712,38,0
IWM191122C160,2019-11-15,2019-11-15 09:32:45,0.89,0.8811,4,0.87,0.8613,579,0.88,0.8712,4,0.88,0.8712,38,0
IWM191122C160,2019-11-15,2019-11-15 09:32:46,0.89,0.8811,38,0.86,0.8514,285,0.88,0.8712,4,0.875,0.8663,38,0
IWM191122C160,2019-11-15,2019-11-15 09:32:46,0.89,0.8811,10,0.87,0.8613,390,0.88,0.8712,4,0.88,0.8712,38,0
IWM191122C160,2019-11-15,2019-11-15 09:32:47,0.89,0.8811,38,0.86,0.8514,422,0.88,0.8712,4,0.875,0.8663,38,0
IWM191122C160,2019-11-15,2019-11-15 09:32:48,0.89,0.8811,492,0.86,0.8514,482,0.88,0.8712,4,0.875,0.8663,38,0
IWM191122C160,2019-11-15,2019-11-15 09:32:48,0.89,0.8811,429,0.86,0.8514,482,0.88,0.8712,4,0.875,0.8663,38,0
IWM191122C160,2019-11-15,2019-11-15 09:32:49,0.89,0.8811,379,0.86,0.8514,643,0.88,0.8712,4,0.875,0.8663,38,0
IWM191122C160,2019-11-15,2019-11-15 09:32:49,0.89,0.8811,492,0.86,0.8514,482,0.88,0.8712,4,0.875,0.8663,38,0
IWM191122C160,2019-11-15,2019-11-15 09:32:50,0.87,0.8613,188,0.85,0.8415,25,0.88,0.8712,4,0.86,0.8514,38,0
IWM191122C160,2019-11-15,2019-11-15 09:32:50,0.88,0.8712,260,0.85,0.8415,50,0.88,0.8712,4,0.865,0.8564,38,0
IWM191122C160,2019-11-15,2019-11-15 09:32:51,0.87,0.8613,121,0.86,0.8514,20,0.88,0.8712,4,0.865,0.8564,38,0
IWM191122C160,2019-11-15,2019-11-15 09:32:51,0.87,0.8613,274,0.85,0.8415,25,0.88,0.8712,4,0.86,0.8514,38,0
IWM191122C160,2019-11-15,2019-11-15 09:32:52,0.87,0.8613,178,0.85,0.8415,449,0.88,0.8712,4,0.86,0.8514,38,0
IWM191122C160,2019-11-15,2019-11-15 09:32:52,0.87,0.8613,178,0.85,0.8415,433,0.88,0.8712,4,0.86,0.8514,38,0
IWM191122C160,2019-11-15,2019-11-15 09:32:53,0.87,0.8613,262,0.84,0.8316,356,0.88,0.8712,4,0.855,0.8465,38,0
IWM191122C160,2019-11-15,2019-11-15 09:32:53,0.87,0.8613,282,0.85,0.8415,433,0.88,0.8712,4,0.86,0.8514,38,0
IWM191122C160,2019-11-15,2019-11-15 09:32:54,0.86,0.8514,30,0.84,0.8316,56,0.88,0.8712,4,0.85,0.8415,38,0
IWM191122C160,2019-11-15,2019-11-15 09:32:54,0.86,0.8514,36,0.84,0.8316,56,0.88,0.8712,4,0.85,0.8415,38,0
IWM191122C160,2019-11-15,2019-11-15 09:32:55,0.86,0.8514,4,0.85,0.8415,20,0.88,0.8712,4,0.855,0.8465,38,0
IWM191122C160,2019-11-15,2019-11-15 09:32:56,0.86,0.8514,341,0.83,0.8217,332,0.88,0.8712,4,0.845,0.8366,38,0
IWM191122C160,2019-11-15,2019-11-15 09:32:56,0.85,0.8415,6,0.84,0.8316,1,0.88,0.8712,4,0.845,0.8366,38,0
IWM191122C160,2019-11-15,2019-11-15 09:32:57,0.85,0.8415,30,0.83,0.8217,30,0.88,0.8712,4,0.84,0.8316,38,0
IWM191122C160,2019-11-15,2019-11-15 09:32:57,0.85,0.8415,6,0.84,0.8316,20,0.88,0.8712,4,0.845,0.8366,38,0
IWM191122C160,2019-11-15,2019-11-15 09:32:58,0.85,0.8415,20,0.83,0.8217,388,0.88,0.8712,4,0.84,0.8316,38,0
IWM191122C160,2019-11-15,2019-11-15 09:32:58,0.85,0.8415,20,0.83,0.8217,347,0.88,0.8712,4,0.84,0.8316,38,0
IWM191122C160,2019-11-15,2019-11-15 09:32:59,0.85,0.8415,20,0.83,0.8217,53,0.88,0.8712,4,0.84,0.8316,38,0
IWM191122C160,2019-11-15,2019-11-15 09:32:59,0.85,0.8415,76,0.83,0.8217,48,0.88,0.8712,4,0.84,0.8316,38,0
IWM191122C160,2019-11-15,2019-11-15 09:33:00,0.85,0.8415,192,0.83,0.8217,48,0.88,0.8712,4,0.84,0.8316,38,0
IWM191122C160,2019-11-15,2019-11-15 09:33:00,0.87,0.8613,28,0.85,0.8415,34,0.88,0.8712,4,0.86,0.8514,38,0
IWM191122C160,2019-11-15,2019-11-15 09:33:01,0.86,0.8514,37,0.84,0.8316,43,0.88,0.8712,4,0.85,0.8415,38,0
IWM191122C160,2019-11-15,2019-11-15 09:33:01,0.87,0.8613,458,0.84,0.8316,146,0.88,0.8712,4,0.855,0.8465,38,0
IWM191122C160,2019-11-15,2019-11-15 09:33:02,0.86,0.8514,524,0.83,0.8217,349,0.88,0.8712,4,0.845,0.8366,38,0
IWM191122C160,2019-11-15,2019-11-15 09:33:02,0.86,0.8514,478,0.84,0.8316,21,0.88,0.8712,4,0.85,0.8415,38,0
IWM191122C160,2019-11-15,2019-11-15 09:33:03,0.85,0.8415,18,0.83,0.8217,46,0.88,0.8712,4,0.84,0.8316,38,0
IWM191122C160,2019-11-15,2019-11-15 09:33:03,0.85,0.8415,4,0.83,0.8217,46,0.88,0.8712,4,0.84,0.8316,38,0
IWM191122C160,2019-11-15,2019-11-15 09:33:04,0.85,0.8415,390,0.82,0.8118,119,0.88,0.8712,4,0.835,0.8267,38,0
IWM191122C160,2019-11-15,2019-11-15 09:33:05,0.84,0.8316,202,0.82,0.8118,70,0.88,0.8712,4,0.83,0.8217,38,0
IWM191122C160,2019-11-15,2019-11-15 09:33:05,0.84,0.8316,345,0.82,0.8118,20,0.88,0.8712,4,0.83,0.8217,38,0
IWM191122C160,2019-11-15,2019-11-15 09:33:06,0.84,0.8316,10,0.82,0.8118,116,0.88,0.8712,4,0.83,0.8217,38,0
IWM191122C160,2019-11-15,2019-11-15 09:33:06,0.83,0.8217,10,0.81,0.8019,172,0.88,0.8712,4,0.82,0.8118,38,0
IWM191122C160,2019-11-15,2019-11-15 09:33:07,0.84,0.8316,1,0.82,0.8118,248,0.88,0.8712,4,0.83,0.8217,38,0
IWM191122C160,2019-11-15,2019-11-15 09:33:07,0.84,0.8316,10,0.82,0.8118,279,0.88,0.8712,4,0.83,0.8217,38,0
IWM191122C160,2019-11-15,2019-11-15 09:33:08,0.84,0.8316,211,0.82,0.8118,30,0.88,0.8712,4,0.83,0.8217,38,0
IWM191122C160,2019-11-15,2019-11-15 09:33:08,0.84,0.8316,25,0.82,0.8118,77,0.88,0.8712,4,0.83,0.8217,38,0
IWM191122C160,2019-11-15,2019-11-15 09:33:09,0.84,0.8316,177,0.82,0.8118,30,0.88,0.8712,4,0.83,0.8217,38,0
IWM191122C160,2019-11-15,2019-11-15 09:33:09,0.84,0.8316,432,0.82,0.8118,30,0.88,0.8712,4,0.83,0.8217,38,0
IWM191122C160,2019-11-15,2019-11-15 09:33:10,0.84,0.8316,204,0.82,0.8118,20,0.88,0.8712,4,0.83,0.8217,38,0
IWM191122C160,2019-11-15,2019-11-15 09:33:10,0.84,0.8316,364,0.82,0.8118,20,0.88,0.8712,4,0.83,0.8217,38,0
IWM191122C160,2019-11-15,2019-11-15 09:33:11,0.84,0.8316,20,0.82,0.8118,39,0.88,0.8712,4,0.83,0.8217,38,0
IWM191122C160,2019-11-15,2019-11-15 09:33:12,0.84,0.8316,30,0.82,0.8118,26,0.88,0.8712,4,0.83,0.8217,38,0
IWM191122C160,2019-11-15,2019-11-15 09:33:12,0.84,0.8316,149,0.82,0.8118,39,0.88,0.8712,4,0.83,0.8217,38,0
IWM191122C160,2019-11-15,2019-11-15 09:33:13,0.84,0.8316,189,0.82,0.8118,39,0.88,0.8712,4,0.83,0.8217,38,0
IWM191122C160,2019-11-15,2019-11-15 09:33:13,0.84,0.8316,297,0.82,0.8118,39,0.88,0.8712,4,0.83,0.8217,38,0
IWM191122C160,2019-11-15,2019-11-15 09:33:14,0.85,0.8415,548,0.82,0.8118,67,0.88,0.8712,4,0.835,0.8267,38,0
IWM191122C160,2019-11-15,2019-11-15 09:33:14,0.85,0.8415,566,0.82,0.8118,67,0.88,0.8712,4,0.835,0.8267,38,0
IWM191122C160,2019-11-15,2019-11-15 09:33:15,0.85,0.8415,566,0.82,0.8118,67,0.88,0.8712,4,0.835,0.8267,38,0
IWM191122C160,2019-11-15,2019-11-15 09:33:15,0.85,0.8415,20,0.83,0.8217,145,0.88,0.8712,4,0.84,0.8316,38,0
IWM191122C160,2019-11-15,2019-11-15 09:33:16,0.87,0.8613,333,0.83,0.8217,437,0.88,0.8712,4,0.85,0.8415,38,0
IWM191122C160,2019-11-15,2019-11-15 09:33:17,0.86,0.8514,10,0.85,0.8415,20,0.88,0.8712,4,0.855,0.8465,38,0
IWM191122C160,2019-11-15,2019-11-15 09:33:17,0.87,0.8613,549,0.85,0.8415,20,0.88,0.8712,4,0.86,0.8514,38,0
IWM191122C160,2019-11-15,2019-11-15 09:33:18,0.87,0.8613,549,0.84,0.8316,464,0.88,0.8712,4,0.855,0.8465,38,0
IWM191122C160,2019-11-15,2019-11-15 09:33:18,0.86,0.8514,16,0.85,0.8415,20,0.88,0.8712,4,0.855,0.8465,38,0
IWM191122C160,2019-11-15,2019-11-15 09:33:19,0.86,0.8514,24,0.84,0.8316,37,0.88,0.8712,4,0.85,0.8415,38,0
IWM191122C160,2019-11-15,2019-11-15 09:33:19,0.86,0.8514,509,0.83,0.8217,18,0.88,0.8712,4,0.845,0.8366,38,0
IWM191122C160,2019-11-15,2019-11-15 09:33:20,0.85,0.8415,571,0.82,0.8118,82,0.88,0.8712,4,0.835,0.8267,38,0
IWM191122C160,2019-11-15,2019-11-15 09:33:20,0.85,0.8415,161,0.82,0.8118,502,0.88,0.8712,4,0.835,0.8267,38,0
IWM191122C160,2019-11-15,2019-11-15 09:33:21,0.84,0.8316,32,0.82,0.8118,295,0.88,0.8712,4,0.83,0.8217,38,0
IWM191122C160,2019-11-15,2019-11-15 09:33:21,0.84,0.8316,60,0.82,0.8118,26,0.88,0.8712,4,0.83,0.8217,38,0
IWM191122C160,2019-11-15,2019-11-15 09:33:22,0.84,0.8316,29,0.82,0.8118,439,0.88,0.8712,4,0.83,0.8217,38,0
IWM191122C160,2019-11-15,2019-11-15 09:33:22,0.84,0.8316,43,0.82,0.8118,36,0.88,0.8712,4,0.83,0.8217,38,0
IWM191122C160,2019-11-15,2019-11-15 09:33:23,0.84,0.8316,29,0.82,0.8118,514,0.88,0.8712,4,0.83,0.8217,38,0
IWM191122C160,2019-11-15,2019-11-15 09:33:24,0.84,0.8316,4,0.82,0.8118,514,0.88,0.8712,4,0.83,0.8217,38,0
IWM191122C160,2019-11-15,2019-11-15 09:33:24,0.84,0.8316,4,0.82,0.8118,549,0.88,0.8712,4,0.83,0.8217,38,0
IWM191122C160,2019-11-15,2019-11-15 09:33:25,0.85,0.8415,25,0.82,0.8118,549,0.88,0.8712,4,0.835,0.8267,38,0
IWM191122C160,2019-11-15,2019-11-15 09:33:25,0.85,0.8415,213,0.83,0.8217,21,0.88,0.8712,4,0.84,0.8316,38,0
IWM191122C160,2019-11-15,2019-11-15 09:33:26,0.84,0.8316,5,0.83,0.8217,14,0.88,0.8712,4,0.835,0.8267,38,0
IWM191122C160,2019-11-15,2019-11-15 09:33:26,0.84,0.8316,5,0.83,0.8217,21,0.88,0.8712,4,0.835,0.8267,38,0
IWM191122C160,2019-11-15,2019-11-15 09:33:27,0.85,0.8415,222,0.83,0.8217,21,0.88,0.8712,4,0.84,0.8316,38,0
IWM191122C160,2019-11-15,2019-11-15 09:33:27,0.85,0.8415,95,0.83,0.8217,67,0.88,0.8712,4,0.84,0.8316,38,0
IWM191122C160,2019-11-15,2019-11-15 09:33:28,0.85,0.8415,75,0.83,0.8217,34,0.88,0.8712,4,0.84,0.8316,38,0
IWM191122C160,2019-11-15,2019-11-15 09:33:28,0.85,0.8415,63,0.83,0.8217,34,0.88,0.8712,4,0.84,0.8316,38,0
IWM191122C160,2019-11-15,2019-11-15 09:33:29,0.85,0.8415,137,0.83,0.8217,30,0.88,0.8712,4,0.84,0.8316,38,0
IWM191122C160,2019-11-15,2019-11-15 09:33:29,0.85,0.8415,536,0.82,0.8118,355,0.88,0.8712,4,0.835,0.8267,38,0
IWM191122C160,2019-11-15,2019-11-15 09:33:30,0.84,0.8316,14,0.83,0.8217,20,0.88,0.8712,4,0.835,0.8267,38,0
IWM191122C160,2019-11-15,2019-11-15 09:33:30,0.85,0.8415,191,0.83,0.8217,20,0.88,0.8712,4,0.84,0.8316,38,0
IWM191122C160,2019-11-15,2019-11-15 09:33:31,0.84,0.8316,10,0.82,0.8118,552,0.88,0.8712,4,0.83,0.8217,38,0
IWM191122C160,2019-11-15,2019-11-15 09:33:31,0.84,0.8316,5,0.82,0.8118,569,0.88,0.8712,4,0.83,0.8217,38,0
IWM191122C160,2019-11-15,2019-11-15 09:33:32,0.84,0.8316,10,0.82,0.8118,675,0.88,0.8712,4,0.83,0.8217,38,0
IWM191122C160,2019-11-15,2019-11-15 09:33:33,0.85,0.8415,522,0.82,0.8118,675,0.88,0.8712,4,0.835,0.8267,38,0
IWM191122C160,2019-11-15,2019-11-15 09:33:34,0.84,0.8316,31,0.82,0.8118,57,0.88,0.8712,4,0.83,0.8217,38,0
IWM191122C160,2019-11-15,2019-11-15 09:33:34,0.84,0.8316,369,0.81,0.8019,65,0.88,0.8712,4,0.825,0.8168,38,0
IWM191122C160,2019-11-15,2019-11-15 09:33:35,0.83,0.8217,169,0.81,0.8019,64,0.88,0.8712,4,0.82,0.8118,38,0
IWM191122C160,2019-11-15,2019-11-15 09:33:35,0.83,0.8217,116,0.81,0.8019,64,0.88,0.8712,4,0.82,0.8118,38,0
IWM191122C160,2019-11-15,2019-11-15 09:33:36,0.83,0.8217,584,0.81,0.8019,20,0.88,0.8712,4,0.82,0.8118,38,0
IWM191122C160,2019-11-15,2019-11-15 09:33:36,0.83,0.8217,646,0.8,0.792,157,0.88,0.8712,4,0.815,0.8069,38,0
IWM191122C160,2019-11-15,2019-11-15 09:33:37,0.83,0.8217,584,0.8,0.792,622,0.88,0.8712,4,0.815,0.8069,38,0
IWM191122C160,2019-11-15,2019-11-15 09:33:37,0.83,0.8217,20,0.81,0.8019,103,0.88,0.8712,4,0.82,0.8118,38,0
IWM191122C160,2019-11-15,2019-11-15 09:33:38,0.84,0.8316,584,0.81,0.8019,129,0.88,0.8712,4,0.825,0.8168,38,0
IWM191122C160,2019-11-15,2019-11-15 09:33:38,0.83,0.8217,20,0.82,0.8118,20,0.88,0.8712,4,0.825,0.8168,38,0
IWM191122C160,2019-11-15,2019-11-15 09:33:39,0.83,0.8217,80,0.81,0.8019,36,0.88,0.8712,4,0.82,0.8118,38,0
IWM191122C160,2019-11-15,2019-11-15 09:33:39,0.83,0.8217,67,0.82,0.8118,10,0.88,0.8712,4,0.825,0.8168,38,0
IWM191122C160,2019-11-15,2019-11-15 09:33:40,0.84,0.8316,265,0.81,0.8019,426,0.88,0.8712,4,0.825,0.8168,38,0
IWM191122C160,2019-11-15,2019-11-15 09:33:40,0.83,0.8217,80,0.81,0.8019,152,0.88,0.8712,4,0.82,0.8118,38,0
IWM191122C160,2019-11-15,2019-11-15 09:33:41,0.84,0.8316,331,0.81,0.8019,652,0.88,0.8712,4,0.825,0.8168,38,0
IWM191122C160,2019-11-15,2019-11-15 09:33:42,0.84,0.8316,377,0.81,0.8019,138,0.88,0.8712,4,0.825,0.8168,38,0
IWM191122C160,2019-11-15,2019-11-15 09:33:42,0.83,0.8217,20,0.81,0.8019,138,0.88,0.8712,4,0.82,0.8118,38,0
IWM191122C160,2019-11-15,2019-11-15 09:33:43,0.84,0.8316,616,0.82,0.8118,20,0.88,0.8712,4,0.83,0.8217,38,0
IWM191122C160,2019-11-15,2019-11-15 09:33:43,0.83,0.8217,10,0.82,0.8118,20,0.88,0.8712,4,0.825,0.8168,38,0
IWM191122C160,2019-11-15,2019-11-15 09:33:44,0.83,0.8217,5,0.82,0.8118,21,0.88,0.8712,4,0.825,0.8168,38,0
IWM191122C160,2019-11-15,2019-11-15 09:33:44,0.84,0.8316,202,0.82,0.8118,28,0.88,0.8712,4,0.83,0.8217,38,0
IWM191122C160,2019-11-15,2019-11-15 09:33:45,0.84,0.8316,195,0.82,0.8118,53,0.88,0.8712,4,0.83,0.8217,38,0
IWM191122C160,2019-11-15,2019-11-15 09:33:45,0.84,0.8316,202,0.82,0.8118,30,0.88,0.8712,4,0.83,0.8217,38,0
IWM191122C160,2019-11-15,2019-11-15 09:33:46,0.85,0.8415,286,0.82,0.8118,542,0.88,0.8712,4,0.835,0.8267,38,0
IWM191122C160,2019-11-15,2019-11-15 09:33:47,0.84,0.8316,231,0.82,0.8118,65,0.88,0.8712,4,0.83,0.8217,38,0
IWM191122C160,2019-11-15,2019-11-15 09:33:47,0.85,0.8415,575,0.82,0.8118,331,0.88,0.8712,4,0.835,0.8267,38,0
IWM191122C160,2019-11-15,2019-11-15 09:33:48,0.84,0.8316,681,0.81,0.8019,48,0.88,0.8712,4,0.825,0.8168,38,0
IWM191122C160,2019-11-15,2019-11-15 09:33:48,0.82,0.8118,200,0.8,0.792,5,0.88,0.8712,4,0.81,0.8019,38,0
IWM191122C160,2019-11-15,2019-11-15 09:33:49,0.82,0.8118,108,0.8,0.792,20,0.88,0.8712,4,0.81,0.8019,38,0
IWM191122C160,2019-11-15,2019-11-15 09:33:50,0.82,0.8118,199,0.8,0.792,50,0.88,0.8712,4,0.81,0.8019,38,0
IWM191122C160,2019-11-15,2019-11-15 09:33:50,0.82,0.8118,52,0.8,0.792,121,0.88,0.8712,4,0.81,0.8019,38,0
IWM191122C160,2019-11-15,2019-11-15 09:33:51,0.82,0.8118,208,0.8,0.792,77,0.88,0.8712,4,0.81,0.8019,38,0
IWM191122C160,2019-11-15,2019-11-15 09:33:52,0.82,0.8118,524,0.8,0.792,52,0.88,0.8712,4,0.81,0.8019,38,0
IWM191122C160,2019-11-15,2019-11-15 09:33:53,0.82,0.8118,486,0.8,0.792,20,0.88,0.8712,4,0.81,0.8019,38,0
IWM191122C160,2019-11-15,2019-11-15 09:33:53,0.82,0.8118,580,0.8,0.792,20,0.88,0.8712,4,0.81,0.8019,38,0
IWM191122C160,2019-11-15,2019-11-15 09:33:54,0.81,0.8019,57,0.79,0.7821,37,0.88,0.8712,4,0.8,0.792,38,0
IWM191122C160,2019-11-15,2019-11-15 09:33:54,0.81,0.8019,10,0.8,0.792,20,0.88,0.8712,4,0.805,0.797,38,0
IWM191122C160,2019-11-15,2019-11-15 09:33:55,0.8,0.792,4,0.79,0.7821,20,0.88,0.8712,4,0.795,0.7871,38,0
IWM191122C160,2019-11-15,2019-11-15 09:33:55,0.8,0.792,10,0.79,0.7821,20,0.88,0.8712,4,0.795,0.7871,38,0
IWM191122C160,2019-11-15,2019-11-15 09:33:56,0.8,0.792,20,0.78,0.7722,110,0.88,0.8712,4,0.79,0.7821,38,0
IWM191122C160,2019-11-15,2019-11-15 09:33:56,0.8,0.792,10,0.79,0.7821,20,0.88,0.8712,4,0.795,0.7871,38,0
IWM191122C160,2019-11-15,2019-11-15 09:33:57,0.8,0.792,5,0.79,0.7821,39,0.88,0.8712,4,0.795,0.7871,38,0
IWM191122C160,2019-11-15,2019-11-15 09:33:57,0.8,0.792,10,0.78,0.7722,511,0.88,0.8712,4,0.79,0.7821,38,0
IWM191122C160,2019-11-15,2019-11-15 09:33:58,0.8,0.792,5,0.79,0.7821,21,0.88,0.8712,4,0.795,0.7871,38,0
IWM191122C160,2019-11-15,2019-11-15 09:33:58,0.8,0.792,163,0.78,0.7722,133,0.88,0.8712,4,0.79,0.7821,38,0
IWM191122C160,2019-11-15,2019-11-15 09:33:59,0.81,0.8019,443,0.78,0.7722,443,0.88,0.8712,4,0.795,0.7871,38,0
IWM191122C160,2019-11-15,2019-11-15 09:33:59,0.81,0.8019,568,0.78,0.7722,528,0.88,0.8712,4,0.795,0.7871,38,0
IWM191122C160,2019-11-15,2019-11-15 09:34:00,0.81,0.8019,568,0.78,0.7722,528,0.88,0.8712,4,0.795,0.7871,38,0
IWM191122C160,2019-11-15,2019-11-15 09:34:00,0.8,0.792,42,0.78,0.7722,82,0.88,0.8712,4,0.79,0.7821,38,0
IWM191122C160,2019-11-15,2019-11-15 09:34:01,0.79,0.7821,20,0.78,0.7722,29,0.88,0.8712,4,0.785,0.7772,38,0
IWM191122C160,2019-11-15,2019-11-15 09:34:01,0.8,0.792,42,0.78,0.7722,75,0.88,0.8712,4,0.79,0.7821,38,0
IWM191122C160,2019-11-15,2019-11-15 09:34:02,0.8,0.792,240,0.78,0.7722,30,0.88,0.8712,4,0.79,0.7821,38,0
IWM191122C160,2019-11-15,2019-11-15 09:34:02,0.8,0.792,138,0.78,0.7722,30,0.88,0.8712,4,0.79,0.7821,38,0
IWM191122C160,2019-11-15,2019-11-15 09:34:03,0.8,0.792,125,0.78,0.7722,10,0.88,0.8712,4,0.79,0.7821,38,0
IWM191122C160,2019-11-15,2019-11-15 09:34:03,0.79,0.7821,40,0.77,0.7623,241,0.88,0.8712,4,0.78,0.7722,38,0
IWM191122C160,2019-11-15,2019-11-15 09:34:04,0.79,0.7821,17,0.77,0.7623,241,0.88,0.8712,4,0.78,0.7722,38,0
IWM191122C160,2019-11-15,2019-11-15 09:34:04,0.79,0.7821,170,0.77,0.7623,108,0.88,0.8712,4,0.78,0.7722,38,0
IWM191122C160,2019-11-15,2019-11-15 09:34:05,0.79,0.7821,312,0.77,0.7623,65,0.88,0.8712,4,0.78,0.7722,38,0
IWM191122C160,2019-11-15,2019-11-15 09:34:05,0.79,0.7821,349,0.77,0.7623,65,0.88,0.8712,4,0.78,0.7722,38,0
IWM191122C160,2019-11-15,2019-11-15 09:34:06,0.78,0.7722,4,0.76,0.7524,133,0.88,0.8712,4,0.77,0.7623,38,0
IWM191122C160,2019-11-15,2019-11-15 09:34:07,0.79,0.7821,192,0.77,0.7623,35,0.88,0.8712,4,0.78,0.7722,38,0
IWM191122C160,2019-11-15,2019-11-15 09:34:07,0.8,0.792,222,0.77,0.7623,41,0.88,0.8712,4,0.785,0.7772,38,0
IWM191122C160,2019-11-15,2019-11-15 09:34:08,0.8,0.792,258,0.79,0.7821,20,0.88,0.8712,4,0.795,0.7871,38,0
IWM191122C160,2019-11-15,2019-11-15 09:34:08,0.8,0.792,50,0.78,0.7722,60,0.8,0.792,3,0.79,0.7821,41,3
IWM191122C160,2019-11-15,2019-11-15 09:34:09,0.8,0.792,228,0.78,0.7722,64,0.8,0.792,3,0.79,0.7821,41,0
IWM191122C160,2019-11-15,2019-11-15 09:34:09,0.81,0.8019,23,0.79,0.7821,51,0.8,0.792,3,0.8,0.792,41,0
IWM191122C160,2019-11-15,2019-11-15 09:34:10,0.81,0.8019,23,0.79,0.7821,91,0.8,0.792,3,0.8,0.792,41,0
IWM191122C160,2019-11-15,2019-11-15 09:34:10,0.82,0.8118,399,0.79,0.7821,497,0.8,0.792,3,0.805,0.797,41,0
IWM191122C160,2019-11-15,2019-11-15 09:34:11,0.81,0.8019,114,0.79,0.7821,25,0.8,0.792,3,0.8,0.792,41,0
IWM191122C160,2019-11-15,2019-11-15 09:34:11,0.81,0.8019,16,0.79,0.7821,40,0.8,0.792,3,0.8,0.792,41,0
IWM191122C160,2019-11-15,2019-11-15 09:34:12,0.82,0.8118,535,0.8,0.792,30,0.8,0.792,3,0.81,0.8019,41,0
IWM191122C160,2019-11-15,2019-11-15 09:34:12,0.81,0.8019,5,0.8,0.792,30,0.8,0.792,3,0.805,0.797,41,0
IWM191122C160,2019-11-15,2019-11-15 09:34:13,0.82,0.8118,125,0.8,0.792,20,0.8,0.792,3,0.81,0.8019,41,0
IWM191122C160,2019-11-15,2019-11-15 09:34:13,0.82,0.8118,263,0.8,0.792,102,0.8,0.792,3,0.81,0.8019,41,0
IWM191122C160,2019-11-15,2019-11-15 09:34:14,0.82,0.8118,148,0.8,0.792,49,0.8,0.792,3,0.81,0.8019,41,0
IWM191122C160,2019-11-15,2019-11-15 09:34:14,0.82,0.8118,10,0.81,0.8019,20,0.8,0.792,3,0.815,0.8069,41,0
IWM191122C160,2019-11-15,2019-11-15 09:34:15,0.82,0.8118,20,0.8,0.792,84,0.8,0.792,3,0.81,0.8019,41,0
IWM191122C160,2019-11-15,2019-11-15 09:34:15,0.82,0.8118,172,0.81,0.8019,20,0.8,0.792,3,0.815,0.8069,41,0
IWM191122C160,2019-11-15,2019-11-15 09:34:16,0.82,0.8118,10,0.8,0.792,44,0.8,0.792,3,0.81,0.8019,41,0
IWM191122C160,2019-11-15,2019-11-15 09:34:16,0.82,0.8118,10,0.8,0.792,73,0.8,0.792,3,0.81,0.8019,41,0
IWM191122C160,2019-11-15,2019-11-15 09:34:17,0.81,0.8019,166,0.79,0.7821,27,0.8,0.792,3,0.8,0.792,41,0
IWM191122C160,2019-11-15,2019-11-15 09:34:17,0.82,0.8118,390,0.8,0.792,67,0.8,0.792,3,0.81,0.8019,41,0
IWM191122C160,2019-11-15,2019-11-15 09:34:18,0.81,0.8019,301,0.78,0.7722,286,0.8,0.792,3,0.795,0.7871,41,0
IWM191122C160,2019-11-15,2019-11-15 09:34:18,0.8,0.792,1,0.78,0.7722,42,0.8,0.792,3,0.79,0.7821,41,0
IWM191122C160,2019-11-15,2019-11-15 09:34:19,0.81,0.8019,544,0.78,0.7722,266,0.8,0.792,3,0.795,0.7871,41,0
IWM191122C160,2019-11-15,2019-11-15 09:34:19,0.8,0.792,6,0.78,0.7722,138,0.8,0.792,3,0.79,0.7821,41,0
IWM191122C160,2019-11-15,2019-11-15 09:34:20,0.81,0.8019,172,0.79,0.7821,40,0.8,0.792,3,0.8,0.792,41,0
IWM191122C160,2019-11-15,2019-11-15 09:34:21,0.82,0.8118,496,0.8,0.792,55,0.8,0.792,3,0.81,0.8019,41,0
IWM191122C160,2019-11-15,2019-11-15 09:34:21,0.82,0.8118,426,0.8,0.792,55,0.8,0.792,3,0.81,0.8019,41,0
IWM191122C160,2019-11-15,2019-11-15 09:34:22,0.82,0.8118,410,0.8,0.792,55,0.8,0.792,3,0.81,0.8019,41,0
IWM191122C160,2019-11-15,2019-11-15 09:34:22,0.82,0.8118,383,0.8,0.792,60,0.8,0.792,3,0.81,0.8019,41,0
IWM191122C160,2019-11-15,2019-11-15 09:34:23,0.82,0.8118,294,0.79,0.7821,37,0.8,0.792,3,0.805,0.797,41,0
IWM191122C160,2019-11-15,2019-11-15 09:34:24,0.81,0.8019,20,0.79,0.7821,95,0.8,0.792,3,0.8,0.792,41,0
IWM191122C160,2019-11-15,2019-11-15 09:34:24,0.81,0.8019,12,0.79,0.7821,110,0.8,0.792,3,0.8,0.792,41,0
IWM191122C160,2019-11-15,2019-11-15 09:34:25,0.81,0.8019,10,0.8,0.792,21,0.8,0.792,3,0.805,0.797,41,0
IWM191122C160,2019-11-15,2019-11-15 09:34:25,0.81,0.8019,10,0.8,0.792,15,0.8,0.792,3,0.805,0.797,41,0
IWM191122C160,2019-11-15,2019-11-15 09:34:26,0.81,0.8019,130,0.79,0.7821,59,0.8,0.792,3,0.8,0.792,41,0
IWM191122C160,2019-11-15,2019-11-15 09:34:26,0.81,0.8019,10,0.8,0.792,15,0.8,0.792,3,0.805,0.797,41,0
IWM191122C160,2019-11-15,2019-11-15 09:34:27,0.81,0.8019,270,0.79,0.7821,52,0.8,0.792,3,0.8,0.792,41,0
IWM191122C160,2019-11-15,2019-11-15 09:34:27,0.81,0.8019,336,0.79,0.7821,39,0.8,0.792,3,0.8,0.792,41,0
IWM191122C160,2019-11-15,2019-11-15 09:34:28,0.81,0.8019,10,0.8,0.792,20,0.8,0.792,3,0.805,0.797,41,0
IWM191122C160,2019-11-15,2019-11-15 09:34:28,0.81,0.8019,165,0.79,0.7821,67,0.8,0.792,3,0.8,0.792,41,0
IWM191122C160,2019-11-15,2019-11-15 09:34:29,0.81,0.8019,68,0.79,0.7821,77,0.8,0.792,3,0.8,0.792,41,0
IWM191122C160,2019-11-15,2019-11-15 09:34:29,0.81,0.8019,405,0.79,0.7821,67,0.8,0.792,3,0.8,0.792,41,0
IWM191122C160,2019-11-15,2019-11-15 09:34:30,0.81,0.8019,325,0.8,0.792,20,0.8,0.792,3,0.805,0.797,41,0
IWM191122C160,2019-11-15,2019-11-15 09:34:30,0.82,0.8118,363,0.8,0.792,30,0.8,0.792,3,0.81,0.8019,41,0
IWM191122C160,2019-11-15,2019-11-15 09:34:31,0.81,0.8019,81,0.8,0.792,37,0.8,0.792,3,0.805,0.797,41,0
IWM191122C160,2019-11-15,2019-11-15 09:34:31,0.82,0.8118,363,0.8,0.792,27,0.8,0.792,3,0.81,0.8019,41,0
IWM191122C160,2019-11-15,2019-11-15 09:34:32,0.81,0.8019,10,0.8,0.792,20,0.8,0.792,3,0.805,0.797,41,0
IWM191122C160,2019-11-15,2019-11-15 09:34:32,0.81,0.8019,10,0.8,0.792,30,0.8,0.792,3,0.805,0.797,41,0
IWM191122C160,2019-11-15,2019-11-15 09:34:33,0.81,0.8019,10,0.8,0.792,20,0.8,0.792,3,0.805,0.797,41,0
IWM191122C160,2019-11-15,2019-11-15 09:34:34,0.81,0.8019,10,0.8,0.792,20,0.8,0.792,3,0.805,0.797,41,0
IWM191122C160,2019-11-15,2019-11-15 09:34:34,0.82,0.8118,552,0.8,0.792,30,0.8,0.792,1,0.81,0.8019,44,3
IWM191122C160,2019-11-15,2019-11-15 09:34:35,0.81,0.8019,107,0.8,0.792,20,0.8,0.792,1,0.805,0.797,44,0
IWM191122C160,2019-11-15,2019-11-15 09:34:35,0.81,0.8019,124,0.78,0.7722,189,0.8,0.792,1,0.795,0.7871,44,0
IWM191122C160,2019-11-15,2019-11-15 09:34:36,0.8,0.792,4,0.79,0.7821,30,0.8,0.792,1,0.795,0.7871,44,0
IWM191122C160,2019-11-15,2019-11-15 09:34:37,0.8,0.792,14,0.79,0.7821,27,0.8,0.792,1,0.795,0.7871,44,0
IWM191122C160,2019-11-15,2019-11-15 09:34:37,0.8,0.792,247,0.78,0.7722,45,0.8,0.792,1,0.79,0.7821,44,0
IWM191122C160,2019-11-15,2019-11-15 09:34:38,0.8,0.792,314,0.78,0.7722,42,0.8,0.792,1,0.79,0.7821,44,0
IWM191122C160,2019-11-15,2019-11-15 09:34:38,0.8,0.792,318,0.78,0.7722,45,0.8,0.792,1,0.79,0.7821,44,0
IWM191122C160,2019-11-15,2019-11-15 09:34:39,0.8,0.792,313,0.77,0.7623,162,0.8,0.792,1,0.785,0.7772,44,0
IWM191122C160,2019-11-15,2019-11-15 09:34:39,0.8,0.792,98,0.78,0.7722,20,0.8,0.792,1,0.79,0.7821,44,0
IWM191122C160,2019-11-15,2019-11-15 09:34:40,0.79,0.7821,25,0.78,0.7722,200,0.78,0.7722,7,0.785,0.7772,74,30
IWM191122C160,2019-11-15,2019-11-15 09:34:40,0.79,0.7821,5,0.78,0.7722,65,0.78,0.7722,7,0.785,0.7772,74,0
IWM191122C160,2019-11-15,2019-11-15 09:34:41,0.79,0.7821,97,0.77,0.7623,149,0.78,0.7722,7,0.78,0.7722,74,0
IWM191122C160,2019-11-15,2019-11-15 09:34:41,0.79,0.7821,6,0.77,0.7623,193,0.78,0.7722,7,0.78,0.7722,74,0
IWM191122C160,2019-11-15,2019-11-15 09:34:42,0.79,0.7821,484,0.77,0.7623,20,0.78,0.7722,7,0.78,0.7722,74,0
IWM191122C160,2019-11-15,2019-11-15 09:34:43,0.78,0.7722,33,0.77,0.7623,20,0.78,0.7722,7,0.775,0.7673,74,0
IWM191122C160,2019-11-15,2019-11-15 09:34:43,0.78,0.7722,16,0.76,0.7524,39,0.78,0.7722,7,0.77,0.7623,74,0
IWM191122C160,2019-11-15,2019-11-15 09:34:44,0.78,0.7722,51,0.76,0.7524,25,0.78,0.7722,7,0.77,0.7623,74,0
IWM191122C160,2019-11-15,2019-11-15 09:34:44,0.78,0.7722,200,0.76,0.7524,20,0.78,0.7722,7,0.77,0.7623,74,0
IWM191122C160,2019-11-15,2019-11-15 09:34:45,0.78,0.7722,214,0.76,0.7524,37,0.78,0.7722,7,0.77,0.7623,74,0
IWM191122C160,2019-11-15,2019-11-15 09:34:46,0.78,0.7722,7,0.76,0.7524,40,0.78,0.7722,7,0.77,0.7623,74,0
IWM191122C160,2019-11-15,2019-11-15 09:34:46,0.78,0.7722,214,0.76,0.7524,57,0.78,0.7722,7,0.77,0.7623,74,0
IWM191122C160,2019-11-15,2019-11-15 09:34:47,0.78,0.7722,332,0.76,0.7524,34,0.78,0.7722,7,0.77,0.7623,74,0
IWM191122C160,2019-11-15,2019-11-15 09:34:48,0.78,0.7722,379,0.76,0.7524,24,0.78,0.7722,7,0.77,0.7623,74,0
IWM191122C160,2019-11-15,2019-11-15 09:34:48,0.78,0.7722,387,0.76,0.7524,24,0.78,0.7722,7,0.77,0.7623,74,0
IWM191122C160,2019-11-15,2019-11-15 09:34:49,0.78,0.7722,387,0.76,0.7524,24,0.78,0.7722,7,0.77,0.7623,74,0
IWM191122C160,2019-11-15,2019-11-15 09:34:49,0.78,0.7722,596,0.76,0.7524,10,0.78,0.7722,7,0.77,0.7623,74,0
IWM191122C160,2019-11-15,2019-11-15 09:34:50,0.77,0.7623,99,0.75,0.7425,92,0.78,0.7722,7,0.76,0.7524,74,0
IWM191122C160,2019-11-15,2019-11-15 09:34:51,0.77,0.7623,136,0.75,0.7425,15,0.78,0.7722,7,0.76,0.7524,74,0
IWM191122C160,2019-11-15,2019-11-15 09:34:52,0.78,0.7722,19,0.75,0.7425,39,0.78,0.7722,7,0.765,0.7574,74,0
IWM191122C160,2019-11-15,2019-11-15 09:34:52,0.77,0.7623,136,0.75,0.7425,15,0.78,0.7722,7,0.76,0.7524,74,0
IWM191122C160,2019-11-15,2019-11-15 09:34:53,0.78,0.7722,67,0.76,0.7524,20,0.78,0.7722,7,0.77,0.7623,74,0
IWM191122C160,2019-11-15,2019-11-15 09:34:53,0.78,0.7722,87,0.76,0.7524,57,0.78,0.7722,7,0.77,0.7623,74,0
IWM191122C160,2019-11-15,2019-11-15 09:34:54,0.78,0.7722,5,0.77,0.7623,20,0.78,0.7722,7,0.775,0.7673,74,0
IWM191122C160,2019-11-15,2019-11-15 09:34:55,0.78,0.7722,322,0.76,0.7524,80,0.78,0.7722,7,0.77,0.7623,74,0
IWM191122C160,2019-11-15,2019-11-15 09:34:55,0.78,0.7722,566,0.76,0.7524,23,0.78,0.7722,7,0.77,0.7623,74,0
IWM191122C160,2019-11-15,2019-11-15 09:34:56,0.77,0.7623,5,0.76,0.7524,33,0.78,0.7722,7,0.765,0.7574,74,0
IWM191122C160,2019-11-15,2019-11-15 09:34:57,0.78,0.7722,494,0.76,0.7524,40,0.78,0.7722,7,0.77,0.7623,74,0
IWM191122C160,2019-11-15,2019-11-15 09:34:58,0.78,0.7722,109,0.76,0.7524,94,0.78,0.7722,7,0.77,0.7623,74,0
IWM191122C160,2019-11-15,2019-11-15 09:34:58,0.78,0.7722,494,0.76,0.7524,40,0.78,0.7722,7,0.77,0.7623,74,0
IWM191122C160,2019-11-15,2019-11-15 09:34:59,0.78,0.7722,100,0.76,0.7524,596,0.78,0.7722,7,0.77,0.7623,74,0
IWM191122C160,2019-11-15,2019-11-15 09:34:59,0.78,0.7722,129,0.76,0.7524,396,0.78,0.7722,7,0.77,0.7623,74,0
IWM191122C160,2019-11-15,2019-11-15 09:35:00,0.78,0.7722,82,0.76,0.7524,287,0.78,0.7722,7,0.77,0.7623,74,0
IWM191122C160,2019-11-15,2019-11-15 09:35:00,0.79,0.7821,82,0.77,0.7623,41,0.78,0.7722,7,0.78,0.7722,74,0
IWM191122C160,2019-11-15,2019-11-15 09:35:01,0.79,0.7821,220,0.77,0.7623,50,0.78,0.7722,7,0.78,0.7722,74,0
IWM191122C160,2019-11-15,2019-11-15 09:35:02,0.8,0.792,47,0.78,0.7722,31,0.78,0.7722,7,0.79,0.7821,74,0
IWM191122C160,2019-11-15,2019-11-15 09:35:02,0.8,0.792,16,0.79,0.7821,20,0.78,0.7722,7,0.795,0.7871,74,0
IWM191122C160,2019-11-15,2019-11-15 09:35:03,0.8,0.792,426,0.78,0.7722,31,0.78,0.7722,7,0.79,0.7821,74,0
IWM191122C160,2019-11-15,2019-11-15 09:35:04,0.8,0.792,208,0.78,0.7722,95,0.78,0.7722,7,0.79,0.7821,74,0
IWM191122C160,2019-11-15,2019-11-15 09:35:04,0.81,0.8019,238,0.78,0.7722,456,0.78,0.7722,7,0.795,0.7871,74,0
IWM191122C160,2019-11-15,2019-11-15 09:35:05,0.81,0.8019,254,0.79,0.7821,20,0.78,0.7722,7,0.8,0.792,74,0
IWM191122C160,2019-11-15,2019-11-15 09:35:06,0.8,0.792,4,0.79,0.7821,20,0.78,0.7722,7,0.795,0.7871,74,0
IWM191122C160,2019-11-15,2019-11-15 09:35:06,0.81,0.8019,254,0.79,0.7821,20,0.78,0.7722,7,0.8,0.792,74,0
IWM191122C160,2019-11-15,2019-11-15 09:35:07,0.81,0.8019,100,0.79,0.7821,38,0.78,0.7722,7,0.8,0.792,74,0
IWM191122C160,2019-11-15,2019-11-15 09:35:07,0.8,0.792,4,0.78,0.7722,323,0.78,0.7722,7,0.79,0.7821,74,0
IWM191122C160,2019-11-15,2019-11-15 09:35:08,0.81,0.8019,286,0.79,0.7821,30,0.78,0.7722,7,0.8,0.792,74,0
IWM191122C160,2019-11-15,2019-11-15 09:35:08,0.81,0.8019,408,0.79,0.7821,30,0.78,0.7722,7,0.8,0.792,74,0
IWM191122C160,2019-11-15,2019-11-15 09:35:09,0.81,0.8019,630,0.79,0.7821,20,0.78,0.7722,7,0.8,0.792,74,0
IWM191122C160,2019-11-15,2019-11-15 09:35:09,0.81,0.8019,552,0.79,0.7821,20,0.78,0.7722,7,0.8,0.792,74,0
IWM191122C160,2019-11-15,2019-11-15 09:35:10,0.81,0.8019,585,0.79,0.7821,20,0.78,0.7722,7,0.8,0.792,74,0
IWM191122C160,2019-11-15,2019-11-15 09:35:10,0.81,0.8019,62,0.79,0.7821,47,0.78,0.7722,7,0.8,0.792,74,0
IWM191122C160,2019-11-15,2019-11-15 09:35:11,0.81,0.8019,21,0.8,0.792,20,0.78,0.7722,7,0.805,0.797,74,0
IWM191122C160,2019-11-15,2019-11-15 09:35:11,0.81,0.8019,33,0.79,0.7821,91,0.78,0.7722,7,0.8,0.792,74,0
IWM191122C160,2019-11-15,2019-11-15 09:35:12,0.81,0.8019,367,0.79,0.7821,30,0.78,0.7722,7,0.8,0.792,74,0
IWM191122C160,2019-11-15,2019-11-15 09:35:12,0.81,0.8019,656,0.78,0.7722,10,0.78,0.7722,7,0.795,0.7871,74,0
IWM191122C160,2019-11-15,2019-11-15 09:35:13,0.79,0.7821,120,0.77,0.7623,20,0.78,0.7722,7,0.78,0.7722,74,0
IWM191122C160,2019-11-15,2019-11-15 09:35:13,0.79,0.7821,6,0.77,0.7623,23,0.78,0.7722,7,0.78,0.7722,74,0
IWM191122C160,2019-11-15,2019-11-15 09:35:14,0.79,0.7821,277,0.77,0.7623,119,0.78,0.7722,7,0.78,0.7722,74,0
IWM191122C160,2019-11-15,2019-11-15 09:35:14,0.78,0.7722,6,0.77,0.7623,30,0.78,0.7722,7,0.775,0.7673,74,0
IWM191122C160,2019-11-15,2019-11-15 09:35:15,0.8,0.792,26,0.78,0.7722,230,0.78,0.7722,7,0.79,0.7821,74,0
IWM191122C160,2019-11-15,2019-11-15 09:35:15,0.8,0.792,19,0.78,0.7722,56,0.78,0.7722,7,0.79,0.7821,74,0
IWM191122C160,2019-11-15,2019-11-15 09:35:16,0.8,0.792,26,0.78,0.7722,315,0.78,0.7722,7,0.79,0.7821,74,0
IWM191122C160,2019-11-15,2019-11-15 09:35:17,0.8,0.792,351,0.78,0.7722,39,0.78,0.7722,7,0.79,0.7821,74,0
IWM191122C160,2019-11-15,2019-11-15 09:35:17,0.8,0.792,164,0.78,0.7722,30,0.78,0.7722,7,0.79,0.7821,74,0
IWM191122C160,2019-11-15,2019-11-15 09:35:18,0.8,0.792,467,0.78,0.7722,30,0.78,0.7722,7,0.79,0.7821,74,0
IWM191122C160,2019-11-15,2019-11-15 09:35:18,0.8,0.792,14,0.78,0.7722,33,0.78,0.7722,7,0.79,0.7821,74,0
IWM191122C160,2019-11-15,2019-11-15 09:35:19,0.8,0.792,28,0.79,0.7821,20,0.78,0.7722,7,0.795,0.7871,74,0
IWM191122C160,2019-11-15,2019-11-15 09:35:19,0.8,0.792,87,0.78,0.7722,30,0.78,0.7722,7,0.79,0.7821,74,0
IWM191122C160,2019-11-15,2019-11-15 09:35:20,0.8,0.792,39,0.78,0.7722,24,0.78,0.7722,7,0.79,0.7821,74,0
IWM191122C160,2019-11-15,2019-11-15 09:35:21,0.8,0.792,31,0.78,0.7722,354,0.78,0.7722,7,0.79,0.7821,74,0
IWM191122C160,2019-11-15,2019-11-15 09:35:22,0.8,0.792,4,0.78,0.7722,472,0.78,0.7722,7,0.79,0.7821,74,0
IWM191122C160,2019-11-15,2019-11-15 09:35:22,0.81,0.8019,148,0.79,0.7821,27,0.78,0.7722,7,0.8,0.792,74,0
IWM191122C160,2019-11-15,2019-11-15 09:35:23,0.81,0.8019,49,0.79,0.7821,114,0.78,0.7722,7,0.8,0.792,74,0
IWM191122C160,2019-11-15,2019-11-15 09:35:23,0.81,0.8019,53,0.79,0.7821,149,0.78,0.7722,7,0.8,0.792,74,0
IWM191122C160,2019-11-15,2019-11-15 09:35:24,0.81,0.8019,112,0.79,0.7821,34,0.78,0.7722,7,0.8,0.792,74,0
IWM191122C160,2019-11-15,2019-11-15 09:35:24,0.81,0.8019,49,0.79,0.7821,206,0.78,0.7722,7,0.8,0.792,74,0
IWM191122C160,2019-11-15,2019-11-15 09:35:25,0.81,0.8019,517,0.78,0.7722,144,0.78,0.7722,7,0.795,0.7871,74,0
IWM191122C160,2019-11-15,2019-11-15 09:35:25,0.81,0.8019,257,0.79,0.7821,38,0.78,0.7722,7,0.8,0.792,74,0
IWM191122C160,2019-11-15,2019-11-15 09:35:26,0.8,0.792,10,0.78,0.7722,137,0.78,0.7722,7,0.79,0.7821,74,0
IWM191122C160,2019-11-15,2019-11-15 09:35:26,0.8,0.792,10,0.79,0.7821,20,0.78,0.7722,7,0.795,0.7871,74,0
IWM191122C160,2019-11-15,2019-11-15 09:35:27,0.81,0.8019,301,0.79,0.7821,52,0.78,0.7722,7,0.8,0.792,74,0
IWM191122C160,2019-11-15,2019-11-15 09:35:27,0.81,0.8019,82,0.78,0.7722,282,0.78,0.7722,7,0.795,0.7871,74,0
IWM191122C160,2019-11-15,2019-11-15 09:35:28,0.82,0.8118,386,0.79,0.7821,102,0.78,0.7722,7,0.805,0.797,74,0
IWM191122C160,2019-11-15,2019-11-15 09:35:28,0.81,0.8019,10,0.79,0.7821,102,0.78,0.7722,7,0.8,0.792,74,0
IWM191122C160,2019-11-15,2019-11-15 09:35:29,0.82,0.8118,386,0.79,0.7821,128,0.78,0.7722,7,0.805,0.797,74,0
IWM191122C160,2019-11-15,2019-11-15 09:35:30,0.82,0.8118,566,0.79,0.7821,128,0.78,0.7722,7,0.805,0.797,74,0
IWM191122C160,2019-11-15,2019-11-15 09:35:30,0.82,0.8118,577,0.79,0.7821,128,0.78,0.7722,7,0.805,0.797,74,0
IWM191122C160,2019-11-15,2019-11-15 09:35:31,0.81,0.8019,53,0.79,0.7821,40,0.78,0.7722,7,0.8,0.792,74,0
IWM191122C160,2019-11-15,2019-11-15 09:35:31,0.82,0.8118,577,0.79,0.7821,128,0.78,0.7722,7,0.805,0.797,74,0
IWM191122C160,2019-11-15,2019-11-15 09:35:32,0.81,0.8019,61,0.79,0.7821,70,0.78,0.7722,7,0.8,0.792,74,0
IWM191122C160,2019-11-15,2019-11-15 09:35:32,0.81,0.8019,53,0.79,0.7821,70,0.78,0.7722,7,0.8,0.792,74,0
IWM191122C160,2019-11-15,2019-11-15 09:35:33,0.81,0.8019,61,0.79,0.7821,70,0.78,0.7722,7,0.8,0.792,74,0
IWM191122C160,2019-11-15,2019-11-15 09:35:33,0.81,0.8019,95,0.79,0.7821,83,0.78,0.7722,7,0.8,0.792,74,0
IWM191122C160,2019-11-15,2019-11-15 09:35:34,0.81,0.8019,69,0.79,0.7821,83,0.78,0.7722,7,0.8,0.792,74,0
IWM191122C160,2019-11-15,2019-11-15 09:35:35,0.81,0.8019,63,0.79,0.7821,45,0.78,0.7722,7,0.8,0.792,74,0
IWM191122C160,2019-11-15,2019-11-15 09:35:35,0.81,0.8019,240,0.79,0.7821,83,0.78,0.7722,7,0.8,0.792,74,0
IWM191122C160,2019-11-15,2019-11-15 09:35:36,0.81,0.8019,63,0.79,0.7821,45,0.78,0.7722,7,0.8,0.792,74,0
IWM191122C160,2019-11-15,2019-11-15 09:35:36,0.81,0.8019,49,0.79,0.7821,45,0.78,0.7722,7,0.8,0.792,74,0
IWM191122C160,2019-11-15,2019-11-15 09:35:37,0.81,0.8019,243,0.79,0.7821,45,0.78,0.7722,7,0.8,0.792,74,0
IWM191122C160,2019-11-15,2019-11-15 09:35:37,0.81,0.8019,275,0.79,0.7821,45,0.78,0.7722,7,0.8,0.792,74,0
IWM191122C160,2019-11-15,2019-11-15 09:35:38,0.81,0.8019,567,0.78,0.7722,107,0.78,0.7722,7,0.795,0.7871,74,0
IWM191122C160,2019-11-15,2019-11-15 09:35:38,0.81,0.8019,238,0.79,0.7821,35,0.78,0.7722,7,0.8,0.792,74,0
IWM191122C160,2019-11-15,2019-11-15 09:35:39,0.81,0.8019,575,0.78,0.7722,208,0.78,0.7722,7,0.795,0.7871,74,0
IWM191122C160,2019-11-15,2019-11-15 09:35:39,0.81,0.8019,567,0.78,0.7722,123,0.78,0.7722,7,0.795,0.7871,74,0
IWM191122C160,2019-11-15,2019-11-15 09:35:40,0.81,0.8019,575,0.78,0.7722,254,0.78,0.7722,7,0.795,0.7871,74,0
IWM191122C160,2019-11-15,2019-11-15 09:35:41,0.81,0.8019,575,0.78,0.7722,290,0.78,0.7722,7,0.795,0.7871,74,0
IWM191122C160,2019-11-15,2019-11-15 09:35:41,0.81,0.8019,392,0.78,0.7722,290,0.78,0.7722,7,0.795,0.7871,74,0
IWM191122C160,2019-11-15,2019-11-15 09:35:42,0.81,0.8019,608,0.78,0.7722,290,0.78,0.7722,7,0.795,0.7871,74,0
IWM191122C160,2019-11-15,2019-11-15 09:35:42,0.81,0.8019,529,0.78,0.7722,290,0.78,0.7722,7,0.795,0.7871,74,0
IWM191122C160,2019-11-15,2019-11-15 09:35:43,0.8,0.792,119,0.78,0.7722,27,0.78,0.7722,7,0.79,0.7821,74,0
IWM191122C160,2019-11-15,2019-11-15 09:35:43,0.81,0.8019,579,0.78,0.7722,201,0.78,0.7722,7,0.795,0.7871,74,0
IWM191122C160,2019-11-15,2019-11-15 09:35:44,0.8,0.792,448,0.77,0.7623,198,0.78,0.7722,7,0.785,0.7772,74,0
IWM191122C160,2019-11-15,2019-11-15 09:35:45,0.79,0.7821,5,0.77,0.7623,333,0.78,0.7722,7,0.78,0.7722,74,0
IWM191122C160,2019-11-15,2019-11-15 09:35:45,0.79,0.7821,5,0.77,0.7623,224,0.78,0.7722,7,0.78,0.7722,74,0
IWM191122C160,2019-11-15,2019-11-15 09:35:46,0.79,0.7821,5,0.77,0.7623,333,0.78,0.7722,7,0.78,0.7722,74,0
IWM191122C160,2019-11-15,2019-11-15 09:35:46,0.79,0.7821,5,0.77,0.7623,417,0.78,0.7722,7,0.78,0.7722,74,0
IWM191122C160,2019-11-15,2019-11-15 09:35:47,0.79,0.7821,5,0.77,0.7623,311,0.78,0.7722,7,0.78,0.7722,74,0
IWM191122C160,2019-11-15,2019-11-15 09:35:47,0.8,0.792,405,0.77,0.7623,341,0.78,0.7722,7,0.785,0.7772,74,0
IWM191122C160,2019-11-15,2019-11-15 09:35:48,0.79,0.7821,5,0.77,0.7623,341,0.78,0.7722,7,0.78,0.7722,74,0
IWM191122C160,2019-11-15,2019-11-15 09:35:49,0.79,0.7821,5,0.78,0.7722,20,0.78,0.7722,7,0.785,0.7772,74,0
IWM191122C160,2019-11-15,2019-11-15 09:35:50,0.79,0.7821,157,0.77,0.7623,29,0.78,0.7722,7,0.78,0.7722,74,0
IWM191122C160,2019-11-15,2019-11-15 09:35:50,0.79,0.7821,34,0.77,0.7623,185,0.78,0.7722,7,0.78,0.7722,74,0
IWM191122C160,2019-11-15,2019-11-15 09:35:51,0.79,0.7821,328,0.77,0.7623,50,0.78,0.7722,7,0.78,0.7722,74,0
IWM191122C160,2019-11-15,2019-11-15 09:35:51,0.79,0.7821,231,0.77,0.7623,39,0.78,0.7722,7,0.78,0.7722,74,0
IWM191122C160,2019-11-15,2019-11-15 09:35:52,0.79,0.7821,328,0.77,0.7623,38,0.78,0.7722,7,0.78,0.7722,74,0
IWM191122C160,2019-11-15,2019-11-15 09:35:52,0.79,0.7821,320,0.77,0.7623,38,0.78,0.7722,7,0.78,0.7722,74,0
IWM191122C160,2019-11-15,2019-11-15 09:35:53,0.79,0.7821,230,0.77,0.7623,38,0.78,0.7722,7,0.78,0.7722,74,0
IWM191122C160,2019-11-15,2019-11-15 09:35:53,0.79,0.7821,134,0.77,0.7623,38,0.78,0.7722,7,0.78,0.7722,74,0
IWM191122C160,2019-11-15,2019-11-15 09:35:54,0.79,0.7821,452,0.76,0.7524,48,0.78,0.7722,7,0.775,0.7673,74,0
IWM191122C160,2019-11-15,2019-11-15 09:35:54,0.79,0.7821,705,0.76,0.7524,66,0.78,0.7722,7,0.775,0.7673,74,0
IWM191122C160,2019-11-15,2019-11-15 09:35:55,0.79,0.7821,705,0.76,0.7524,41,0.78,0.7722,7,0.775,0.7673,74,0
IWM191122C160,2019-11-15,2019-11-15 09:35:55,0.79,0.7821,705,0.76,0.7524,84,0.78,0.7722,7,0.775,0.7673,74,0
IWM191122C160,2019-11-15,2019-11-15 09:35:56,0.78,0.7722,21,0.77,0.7623,10,0.78,0.7722,7,0.775,0.7673,74,0
IWM191122C160,2019-11-15,2019-11-15 09:35:56,0.78,0.7722,136,0.76,0.7524,49,0.78,0.7722,7,0.77,0.7623,74,0
IWM191122C160,2019-11-15,2019-11-15 09:35:57,0.78,0.7722,21,0.77,0.7623,13,0.78,0.7722,7,0.775,0.7673,74,0
IWM191122C160,2019-11-15,2019-11-15 09:35:58,0.78,0.7722,21,0.77,0.7623,13,0.78,0.7722,7,0.775,0.7673,74,0
IWM191122C160,2019-11-15,2019-11-15 09:35:59,0.8,0.792,128,0.77,0.7623,137,0.78,0.7722,7,0.785,0.7772,74,0
IWM191122C160,2019-11-15,2019-11-15 09:35:59,0.8,0.792,326,0.77,0.7623,36,0.78,0.7722,7,0.785,0.7772,74,0
IWM191122C160,2019-11-15,2019-11-15 09:36:00,0.79,0.7821,25,0.77,0.7623,187,0.78,0.7722,7,0.78,0.7722,74,0
IWM191122C160,2019-11-15,2019-11-15 09:36:00,0.79,0.7821,182,0.77,0.7623,39,0.78,0.7722,7,0.78,0.7722,74,0
IWM191122C160,2019-11-15,2019-11-15 09:36:01,0.79,0.7821,393,0.77,0.7623,39,0.78,0.7722,7,0.78,0.7722,74,0
IWM191122C160,2019-11-15,2019-11-15 09:36:01,0.79,0.7821,305,0.77,0.7623,39,0.78,0.7722,7,0.78,0.7722,74,0
IWM191122C160,2019-11-15,2019-11-15 09:36:02,0.79,0.7821,12,0.77,0.7623,71,0.78,0.7722,7,0.78,0.7722,74,0
IWM191122C160,2019-11-15,2019-11-15 09:36:02,0.8,0.792,53,0.77,0.7623,379,0.78,0.7722,7,0.785,0.7772,74,0
IWM191122C160,2019-11-15,2019-11-15 09:36:03,0.8,0.792,212,0.78,0.7722,30,0.78,0.7722,7,0.79,0.7821,74,0
IWM191122C160,2019-11-15,2019-11-15 09:36:03,0.8,0.792,129,0.78,0.7722,68,0.78,0.7722,7,0.79,0.7821,74,0
IWM191122C160,2019-11-15,2019-11-15 09:36:04,0.8,0.792,129,0.78,0.7722,405,0.78,0.7722,7,0.79,0.7821,74,0
IWM191122C160,2019-11-15,2019-11-15 09:36:04,0.8,0.792,129,0.78,0.7722,410,0.78,0.7722,7,0.79,0.7821,74,0
IWM191122C160,2019-11-15,2019-11-15 09:36:05,0.8,0.792,10,0.78,0.7722,350,0.78,0.7722,7,0.79,0.7821,74,0
IWM191122C160,2019-11-15,2019-11-15 09:36:05,0.8,0.792,10,0.78,0.7722,419,0.78,0.7722,7,0.79,0.7821,74,0
IWM191122C160,2019-11-15,2019-11-15 09:36:06,0.8,0.792,10,0.79,0.7821,93,0.78,0.7722,7,0.795,0.7871,74,0
IWM191122C160,2019-11-15,2019-11-15 09:36:07,0.8,0.792,10,0.79,0.7821,233,0.78,0.7722,7,0.795,0.7871,74,0
IWM191122C160,2019-11-15,2019-11-15 09:36:07,0.82,0.8118,93,0.79,0.7821,247,0.78,0.7722,7,0.805,0.797,84,10
IWM191122C160,2019-11-15,2019-11-15 09:36:08,0.81,0.8019,3,0.8,0.792,47,0.8,0.792,10,0.805,0.797,84,0
IWM191122C160,2019-11-15,2019-11-15 09:36:08,0.81,0.8019,3,0.8,0.792,20,0.8,0.792,10,0.805,0.797,84,0
IWM191122C160,2019-11-15,2019-11-15 09:36:09,0.82,0.8118,211,0.8,0.792,13,0.8,0.792,10,0.81,0.8019,84,0
IWM191122C160,2019-11-15,2019-11-15 09:36:09,0.81,0.8019,3,0.8,0.792,20,0.8,0.792,10,0.805,0.797,84,0
IWM191122C160,2019-11-15,2019-11-15 09:36:10,0.81,0.8019,20,0.79,0.7821,30,0.8,0.792,10,0.8,0.792,84,0
IWM191122C160,2019-11-15,2019-11-15 09:36:10,0.81,0.8019,20,0.8,0.792,13,0.8,0.792,10,0.805,0.797,84,0
IWM191122C160,2019-11-15,2019-11-15 09:36:11,0.81,0.8019,10,0.8,0.792,36,0.8,0.792,10,0.805,0.797,84,0
IWM191122C160,2019-11-15,2019-11-15 09:36:12,0.82,0.8118,189,0.8,0.792,30,0.8,0.792,10,0.81,0.8019,84,0
IWM191122C160,2019-11-15,2019-11-15 09:36:12,0.82,0.8118,189,0.8,0.792,38,0.8,0.792,10,0.81,0.8019,84,0
IWM191122C160,2019-11-15,2019-11-15 09:36:13,0.82,0.8118,149,0.8,0.792,262,0.8,0.792,10,0.81,0.8019,84,0
IWM191122C160,2019-11-15,2019-11-15 09:36:13,0.82,0.8118,184,0.8,0.792,28,0.8,0.792,10,0.81,0.8019,84,0
IWM191122C160,2019-11-15,2019-11-15 09:36:14,0.82,0.8118,18,0.8,0.792,468,0.8,0.792,10,0.81,0.8019,84,0
IWM191122C160,2019-11-15,2019-11-15 09:36:14,0.82,0.8118,18,0.8,0.792,426,0.8,0.792,10,0.81,0.8019,84,0
IWM191122C160,2019-11-15,2019-11-15 09:36:15,0.82,0.8118,18,0.8,0.792,468,0.8,0.792,10,0.81,0.8019,84,0
IWM191122C160,2019-11-15,2019-11-15 09:36:16,0.82,0.8118,3,0.8,0.792,578,0.8,0.792,10,0.81,0.8019,84,0
IWM191122C160,2019-11-15,2019-11-15 09:36:16,0.82,0.8118,3,0.8,0.792,490,0.8,0.792,10,0.81,0.8019,84,0
IWM191122C160,2019-11-15,2019-11-15 09:36:17,0.82,0.8118,3,0.8,0.792,578,0.8,0.792,10,0.81,0.8019,84,0
IWM191122C160,2019-11-15,2019-11-15 09:36:18,0.82,0.8118,10,0.8,0.792,493,0.8,0.792,10,0.81,0.8019,84,0
IWM191122C160,2019-11-15,2019-11-15 09:36:19,0.82,0.8118,201,0.8,0.792,239,0.8,0.792,10,0.81,0.8019,84,0
IWM191122C160,2019-11-15,2019-11-15 09:36:19,0.82,0.8118,10,0.8,0.792,249,0.8,0.792,10,0.81,0.8019,84,0
IWM191122C160,2019-11-15,2019-11-15 09:36:20,0.82,0.8118,380,0.79,0.7821,497,0.8,0.792,10,0.805,0.797,84,0
IWM191122C160,2019-11-15,2019-11-15 09:36:20,0.82,0.8118,201,0.8,0.792,193,0.8,0.792,10,0.81,0.8019,84,0
IWM191122C160,2019-11-15,2019-11-15 09:36:21,0.82,0.8118,218,0.8,0.792,59,0.8,0.792,10,0.81,0.8019,84,0
IWM191122C160,2019-11-15,2019-11-15 09:36:21,0.82,0.8118,257,0.8,0.792,59,0.8,0.792,10,0.81,0.8019,84,0
IWM191122C160,2019-11-15,2019-11-15 09:36:22,0.82,0.8118,10,0.8,0.792,59,0.8,0.792,10,0.81,0.8019,84,0
IWM191122C160,2019-11-15,2019-11-15 09:36:22,0.82,0.8118,35,0.8,0.792,76,0.8,0.792,10,0.81,0.8019,84,0
IWM191122C160,2019-11-15,2019-11-15 09:36:23,0.82,0.8118,10,0.8,0.792,76,0.8,0.792,10,0.81,0.8019,84,0
IWM191122C160,2019-11-15,2019-11-15 09:36:23,0.82,0.8118,20,0.8,0.792,273,0.8,0.792,10,0.81,0.8019,84,0
IWM191122C160,2019-11-15,2019-11-15 09:36:24,0.82,0.8118,133,0.8,0.792,192,0.8,0.792,10,0.81,0.8019,84,0
IWM191122C160,2019-11-15,2019-11-15 09:36:25,0.82,0.8118,162,0.8,0.792,171,0.8,0.792,10,0.81,0.8019,84,0
IWM191122C160,2019-11-15,2019-11-15 09:36:25,0.82,0.8118,133,0.8,0.792,192,0.8,0.792,10,0.81,0.8019,84,0
IWM191122C160,2019-11-15,2019-11-15 09:36:26,0.82,0.8118,20,0.8,0.792,182,0.8,0.792,10,0.81,0.8019,84,0
IWM191122C160,2019-11-15,2019-11-15 09:36:26,0.82,0.8118,20,0.8,0.792,294,0.8,0.792,10,0.81,0.8019,84,0
IWM191122C160,2019-11-15,2019-11-15 09:36:27,0.82,0.8118,20,0.8,0.792,215,0.8,0.792,10,0.81,0.8019,84,0
IWM191122C160,2019-11-15,2019-11-15 09:36:27,0.82,0.8118,289,0.8,0.792,54,0.8,0.792,10,0.81,0.8019,84,0
IWM191122C160,2019-11-15,2019-11-15 09:36:28,0.81,0.8019,10,0.8,0.792,24,0.8,0.792,10,0.805,0.797,84,0
IWM191122C160,2019-11-15,2019-11-15 09:36:28,0.82,0.8118,215,0.8,0.792,71,0.8,0.792,10,0.81,0.8019,84,0
IWM191122C160,2019-11-15,2019-11-15 09:36:29,0.81,0.8019,6,0.8,0.792,54,0.8,0.792,10,0.805,0.797,84,0
IWM191122C160,2019-11-15,2019-11-15 09:36:29,0.82,0.8118,215,0.8,0.792,16,0.8,0.792,10,0.81,0.8019,84,0
IWM191122C160,2019-11-15,2019-11-15 09:36:30,0.81,0.8019,6,0.8,0.792,54,0.8,0.792,10,0.805,0.797,84,0
IWM191122C160,2019-11-15,2019-11-15 09:36:30,0.82,0.8118,215,0.8,0.792,54,0.8,0.792,10,0.81,0.8019,84,0
IWM191122C160,2019-11-15,2019-11-15 09:36:31,0.82,0.8118,261,0.8,0.792,67,0.8,0.792,10,0.81,0.8019,84,0
IWM191122C160,2019-11-15,2019-11-15 09:36:31,0.82,0.8118,264,0.8,0.792,54,0.8,0.792,10,0.81,0.8019,84,0
IWM191122C160,2019-11-15,2019-11-15 09:36:32,0.82,0.8118,261,0.8,0.792,67,0.8,0.792,10,0.81,0.8019,84,0
IWM191122C160,2019-11-15,2019-11-15 09:36:33,0.82,0.8118,20,0.81,0.8019,13,0.8,0.792,10,0.815,0.8069,84,0
IWM191122C160,2019-11-15,2019-11-15 09:36:34,0.82,0.8118,20,0.8,0.792,66,0.8,0.792,10,0.81,0.8019,84,0
IWM191122C160,2019-11-15,2019-11-15 09:36:34,0.82,0.8118,20,0.81,0.8019,13,0.8,0.792,10,0.815,0.8069,84,0
IWM191122C160,2019-11-15,2019-11-15 09:36:35,0.82,0.8118,20,0.8,0.792,66,0.8,0.792,10,0.81,0.8019,84,0
IWM191122C160,2019-11-15,2019-11-15 09:36:36,0.82,0.8118,20,0.81,0.8019,41,0.8,0.792,10,0.815,0.8069,84,0
IWM191122C160,2019-11-15,2019-11-15 09:36:36,0.82,0.8118,20,0.81,0.8019,51,0.8,0.792,10,0.815,0.8069,84,0
IWM191122C160,2019-11-15,2019-11-15 09:36:37,0.82,0.8118,10,0.8,0.792,67,0.8,0.792,10,0.81,0.8019,84,0
IWM191122C160,2019-11-15,2019-11-15 09:36:37,0.82,0.8118,6,0.8,0.792,181,0.8,0.792,10,0.81,0.8019,84,0
IWM191122C160,2019-11-15,2019-11-15 09:36:38,0.82,0.8118,6,0.81,0.8019,52,0.8,0.792,10,0.815,0.8069,84,0
IWM191122C160,2019-11-15,2019-11-15 09:36:38,0.82,0.8118,6,0.8,0.792,583,0.8,0.792,10,0.81,0.8019,84,0
IWM191122C160,2019-11-15,2019-11-15 09:36:39,0.83,0.8217,270,0.81,0.8019,42,0.8,0.792,10,0.82,0.8118,84,0
IWM191122C160,2019-11-15,2019-11-15 09:36:39,0.83,0.8217,350,0.81,0.8019,42,0.8,0.792,10,0.82,0.8118,84,0
IWM191122C160,2019-11-15,2019-11-15 09:36:40,0.83,0.8217,509,0.81,0.8019,42,0.8,0.792,10,0.82,0.8118,84,0
IWM191122C160,2019-11-15,2019-11-15 09:36:40,0.83,0.8217,395,0.81,0.8019,42,0.8,0.792,10,0.82,0.8118,84,0
IWM191122C160,2019-11-15,2019-11-15 09:36:41,0.82,0.8118,101,0.8,0.792,83,0.8,0.792,10,0.81,0.8019,84,0
IWM191122C160,2019-11-15,2019-11-15 09:36:41,0.83,0.8217,739,0.8,0.792,65,0.8,0.792,10,0.815,0.8069,84,0
IWM191122C160,2019-11-15,2019-11-15 09:36:42,0.82,0.8118,101,0.8,0.792,56,0.8,0.792,10,0.81,0.8019,84,0
IWM191122C160,2019-11-15,2019-11-15 09:36:42,0.82,0.8118,718,0.8,0.792,10,0.8,0.792,10,0.81,0.8019,84,0
IWM191122C160,2019-11-15,2019-11-15 09:36:43,0.82,0.8118,718,0.8,0.792,10,0.8,0.792,10,0.81,0.8019,84,0
IWM191122C160,2019-11-15,2019-11-15 09:36:44,0.82,0.8118,425,0.8,0.792,48,0.8,0.792,10,0.81,0.8019,84,0
IWM191122C160,2019-11-15,2019-11-15 09:36:44,0.82,0.8118,718,0.8,0.792,10,0.8,0.792,10,0.81,0.8019,84,0
IWM191122C160,2019-11-15,2019-11-15 09:36:45,0.82,0.8118,468,0.8,0.792,48,0.8,0.792,10,0.81,0.8019,84,0
IWM191122C160,2019-11-15,2019-11-15 09:36:46,0.82,0.8118,468,0.8,0.792,48,0.8,0.792,10,0.81,0.8019,84,0
IWM191122C160,2019-11-15,2019-11-15 09:36:47,0.82,0.8118,468,0.8,0.792,53,0.8,0.792,10,0.81,0.8019,84,0
IWM191122C160,2019-11-15,2019-11-15 09:36:47,0.81,0.8019,3,0.8,0.792,53,0.8,0.792,10,0.805,0.797,84,0
IWM191122C160,2019-11-15,2019-11-15 09:36:48,0.81,0.8019,10,0.8,0.792,53,0.8,0.792,10,0.805,0.797,84,0
IWM191122C160,2019-11-15,2019-11-15 09:36:49,0.81,0.8019,3,0.8,0.792,63,0.8,0.792,10,0.805,0.797,84,0
IWM191122C160,2019-11-15,2019-11-15 09:36:49,0.82,0.8118,229,0.8,0.792,114,0.8,0.792,10,0.81,0.8019,84,0
IWM191122C160,2019-11-15,2019-11-15 09:36:50,0.82,0.8118,229,0.8,0.792,107,0.8,0.792,10,0.81,0.8019,84,0
IWM191122C160,2019-11-15,2019-11-15 09:36:51,0.82,0.8118,229,0.8,0.792,107,0.8,0.792,10,0.81,0.8019,84,0
IWM191122C160,2019-11-15,2019-11-15 09:36:52,0.82,0.8118,213,0.8,0.792,69,0.8,0.792,10,0.81,0.8019,84,0
IWM191122C160,2019-11-15,2019-11-15 09:36:52,0.82,0.8118,210,0.8,0.792,69,0.8,0.792,10,0.81,0.8019,84,0
IWM191122C160,2019-11-15,2019-11-15 09:36:53,0.82,0.8118,444,0.8,0.792,48,0.8,0.792,10,0.81,0.8019,84,0
IWM191122C160,2019-11-15,2019-11-15 09:36:53,0.82,0.8118,217,0.8,0.792,53,0.8,0.792,10,0.81,0.8019,84,0
IWM191122C160,2019-11-15,2019-11-15 09:36:54,0.82,0.8118,240,0.8,0.792,53,0.8,0.792,10,0.81,0.8019,84,0
IWM191122C160,2019-11-15,2019-11-15 09:36:55,0.82,0.8118,327,0.8,0.792,44,0.8,0.792,10,0.81,0.8019,84,0
IWM191122C160,2019-11-15,2019-11-15 09:36:56,0.82,0.8118,569,0.8,0.792,44,0.8,0.792,10,0.81,0.8019,84,0
IWM191122C160,2019-11-15,2019-11-15 09:36:57,0.82,0.8118,603,0.8,0.792,44,0.8,0.792,10,0.81,0.8019,84,0
IWM191122C160,2019-11-15,2019-11-15 09:36:57,0.82,0.8118,603,0.8,0.792,33,0.8,0.792,10,0.81,0.8019,84,0
IWM191122C160,2019-11-15,2019-11-15 09:36:58,0.82,0.8118,603,0.8,0.792,35,0.8,0.792,10,0.81,0.8019,84,0
IWM191122C160,2019-11-15,2019-11-15 09:36:59,0.82,0.8118,703,0.8,0.792,49,0.8,0.792,10,0.81,0.8019,84,0
IWM191122C160,2019-11-15,2019-11-15 09:37:00,0.82,0.8118,722,0.8,0.792,44,0.8,0.792,10,0.81,0.8019,84,0
IWM191122C160,2019-11-15,2019-11-15 09:37:01,0.82,0.8118,623,0.8,0.792,10,0.8,0.792,10,0.81,0.8019,84,0
IWM191122C160,2019-11-15,2019-11-15 09:37:01,0.82,0.8118,722,0.8,0.792,44,0.8,0.792,10,0.81,0.8019,84,0
IWM191122C160,2019-11-15,2019-11-15 09:37:02,0.81,0.8019,711,0.79,0.7821,44,0.8,0.792,10,0.8,0.792,94,10
IWM191122C160,2019-11-15,2019-11-15 09:37:02,0.81,0.8019,711,0.79,0.7821,44,0.8,0.792,10,0.8,0.792,94,0
IWM191122C160,2019-11-15,2019-11-15 09:37:03,0.81,0.8019,512,0.79,0.7821,44,0.8,0.792,10,0.8,0.792,94,0
IWM191122C160,2019-11-15,2019-11-15 09:37:03,0.81,0.8019,540,0.79,0.7821,44,0.8,0.792,10,0.8,0.792,94,0
IWM191122C160,2019-11-15,2019-11-15 09:37:04,0.8,0.792,44,0.79,0.7821,16,0.8,0.792,10,0.795,0.7871,94,0
IWM191122C160,2019-11-15,2019-11-15 09:37:04,0.8,0.792,30,0.79,0.7821,16,0.8,0.792,10,0.795,0.7871,94,0
IWM191122C160,2019-11-15,2019-11-15 09:37:05,0.8,0.792,242,0.79,0.7821,16,0.8,0.792,10,0.795,0.7871,94,0
IWM191122C160,2019-11-15,2019-11-15 09:37:06,0.8,0.792,242,0.79,0.7821,16,0.8,0.792,10,0.795,0.7871,94,0
IWM191122C160,2019-11-15,2019-11-15 09:37:07,0.79,0.7821,16,0.79,0.7821,16,0.8,0.792,10,0.79,0.7821,94,0
IWM191122C160,2019-11-15,2019-11-15 09:37:07,0.8,0.792,242,0.79,0.7821,16,0.8,0.792,10,0.795,0.7871,94,0
IWM191122C160,2019-11-15,2019-11-15 09:37:08,0.79,0.7821,16,0.78,0.7722,44,0.8,0.792,10,0.785,0.7772,94,0
IWM191122C160,2019-11-15,2019-11-15 09:37:09,0.8,0.792,153,0.78,0.7722,48,0.8,0.792,10,0.79,0.7821,94,0
IWM191122C160,2019-11-15,2019-11-15 09:37:09,0.8,0.792,146,0.78,0.7722,68,0.8,0.792,10,0.79,0.7821,94,0
IWM191122C160,2019-11-15,2019-11-15 09:37:10,0.79,0.7821,5,0.78,0.7722,55,0.8,0.792,10,0.785,0.7772,94,0
IWM191122C160,2019-11-15,2019-11-15 09:37:10,0.79,0.7821,5,0.78,0.7722,42,0.8,0.792,10,0.785,0.7772,94,0
IWM191122C160,2019-11-15,2019-11-15 09:37:11,0.79,0.7821,101,0.78,0.7722,48,0.8,0.792,10,0.785,0.7772,94,0
IWM191122C160,2019-11-15,2019-11-15 09:37:12,0.79,0.7821,5,0.78,0.7722,53,0.8,0.792,10,0.785,0.7772,94,0
IWM191122C160,2019-11-15,2019-11-15 09:37:13,0.79,0.7821,20,0.78,0.7722,41,0.8,0.792,10,0.785,0.7772,94,0
IWM191122C160,2019-11-15,2019-11-15 09:37:14,0.79,0.7821,24,0.78,0.7722,43,0.8,0.792,10,0.785,0.7772,94,0
IWM191122C160,2019-11-15,2019-11-15 09:37:14,0.8,0.792,136,0.78,0.7722,64,0.8,0.792,10,0.79,0.7821,94,0
IWM191122C160,2019-11-15,2019-11-15 09:37:15,0.8,0.792,171,0.78,0.7722,92,0.8,0.792,10,0.79,0.7821,94,0
IWM191122C160,2019-11-15,2019-11-15 09:37:15,0.8,0.792,189,0.78,0.7722,271,0.8,0.792,10,0.79,0.7821,94,0
IWM191122C160,2019-11-15,2019-11-15 09:37:16,0.8,0.792,25,0.78,0.7722,146,0.8,0.792,10,0.79,0.7821,94,0
IWM191122C160,2019-11-15,2019-11-15 09:37:16,0.8,0.792,47,0.78,0.7722,173,0.8,0.792,10,0.79,0.7821,94,0
IWM191122C160,2019-11-15,2019-11-15 09:37:17,0.8,0.792,22,0.78,0.7722,173,0.8,0.792,10,0.79,0.7821,94,0
IWM191122C160,2019-11-15,2019-11-15 09:37:17,0.8,0.792,36,0.79,0.7821,52,0.8,0.792,10,0.795,0.7871,94,0
IWM191122C160,2019-11-15,2019-11-15 09:37:18,0.8,0.792,36,0.79,0.7821,52,0.8,0.792,10,0.795,0.7871,94,0
IWM191122C160,2019-11-15,2019-11-15 09:37:19,0.8,0.792,36,0.79,0.7821,37,0.8,0.792,10,0.795,0.7871,94,0
IWM191122C160,2019-11-15,2019-11-15 09:37:19,0.8,0.792,60,0.78,0.7722,151,0.8,0.792,10,0.79,0.7821,94,0
IWM191122C160,2019-11-15,2019-11-15 09:37:20,0.8,0.792,157,0.78,0.7722,151,0.8,0.792,10,0.79,0.7821,94,0
IWM191122C160,2019-11-15,2019-11-15 09:37:20,0.8,0.792,110,0.78,0.7722,579,0.8,0.792,10,0.79,0.7821,94,0
IWM191122C160,2019-11-15,2019-11-15 09:37:21,0.8,0.792,28,0.79,0.7821,1,0.8,0.792,10,0.795,0.7871,94,0
IWM191122C160,2019-11-15,2019-11-15 09:37:21,0.8,0.792,28,0.78,0.7722,284,0.8,0.792,10,0.79,0.7821,94,0
IWM191122C160,2019-11-15,2019-11-15 09:37:22,0.8,0.792,17,0.79,0.7821,6,0.8,0.792,10,0.795,0.7871,94,0
IWM191122C160,2019-11-15,2019-11-15 09:37:22,0.81,0.8019,394,0.79,0.7821,30,0.8,0.792,10,0.8,0.792,94,0
IWM191122C160,2019-11-15,2019-11-15 09:37:23,0.81,0.8019,384,0.78,0.7722,408,0.8,0.792,10,0.795,0.7871,94,0
IWM191122C160,2019-11-15,2019-11-15 09:37:23,0.8,0.792,70,0.78,0.7722,48,0.8,0.792,10,0.79,0.7821,94,0
IWM191122C160,2019-11-15,2019-11-15 09:37:24,0.8,0.792,21,0.78,0.7722,171,0.8,0.792,10,0.79,0.7821,94,0
IWM191122C160,2019-11-15,2019-11-15 09:37:25,0.8,0.792,126,0.78,0.7722,276,0.8,0.792,10,0.79,0.7821,94,0
IWM191122C160,2019-11-15,2019-11-15 09:37:25,0.8,0.792,10,0.78,0.7722,108,0.8,0.792,10,0.79,0.7821,94,0
IWM191122C160,2019-11-15,2019-11-15 09:37:26,0.8,0.792,166,0.78,0.7722,276,0.8,0.792,10,0.79,0.7821,94,0
IWM191122C160,2019-11-15,2019-11-15 09:37:26,0.8,0.792,406,0.78,0.7722,39,0.8,0.792,1,0.79,0.7821,95,1
IWM191122C160,2019-11-15,2019-11-15 09:37:27,0.8,0.792,406,0.78,0.7722,16,0.8,0.792,1,0.79,0.7821,95,0
IWM191122C160,2019-11-15,2019-11-15 09:37:27,0.8,0.792,790,0.77,0.7623,236,0.8,0.792,1,0.785,0.7772,95,0
IWM191122C160,2019-11-15,2019-11-15 09:37:28,0.8,0.792,783,0.77,0.7623,168,0.8,0.792,1,0.785,0.7772,95,0
IWM191122C160,2019-11-15,2019-11-15 09:37:28,0.8,0.792,683,0.77,0.7623,226,0.8,0.792,1,0.785,0.7772,95,0
IWM191122C160,2019-11-15,2019-11-15 09:37:29,0.8,0.792,690,0.77,0.7623,189,0.8,0.792,1,0.785,0.7772,95,0
IWM191122C160,2019-11-15,2019-11-15 09:37:29,0.8,0.792,358,0.78,0.7722,48,0.8,0.792,1,0.79,0.7821,95,0
IWM191122C160,2019-11-15,2019-11-15 09:37:30,0.8,0.792,235,0.78,0.7722,79,0.8,0.792,1,0.79,0.7821,95,0
IWM191122C160,2019-11-15,2019-11-15 09:37:30,0.8,0.792,245,0.78,0.7722,135,0.8,0.792,1,0.79,0.7821,95,0
IWM191122C160,2019-11-15,2019-11-15 09:37:31,0.8,0.792,119,0.78,0.7722,110,0.8,0.792,1,0.79,0.7821,95,0
IWM191122C160,2019-11-15,2019-11-15 09:37:31,0.8,0.792,245,0.78,0.7722,110,0.8,0.792,1,0.79,0.7821,95,0
IWM191122C160,2019-11-15,2019-11-15 09:37:32,0.8,0.792,119,0.78,0.7722,277,0.8,0.792,1,0.79,0.7821,95,0
IWM191122C160,2019-11-15,2019-11-15 09:37:32,0.81,0.8019,184,0.79,0.7821,40,0.8,0.792,1,0.8,0.792,95,0
IWM191122C160,2019-11-15,2019-11-15 09:37:33,0.8,0.792,5,0.79,0.7821,233,0.8,0.792,1,0.795,0.7871,95,0
IWM191122C160,2019-11-15,2019-11-15 09:37:33,0.81,0.8019,208,0.79,0.7821,233,0.8,0.792,1,0.8,0.792,95,0
IWM191122C160,2019-11-15,2019-11-15 09:37:34,0.81,0.8019,84,0.79,0.7821,30,0.8,0.792,1,0.8,0.792,95,0
IWM191122C160,2019-11-15,2019-11-15 09:37:35,0.81,0.8019,659,0.79,0.7821,24,0.8,0.792,1,0.8,0.792,95,0
IWM191122C160,2019-11-15,2019-11-15 09:37:35,0.81,0.8019,408,0.79,0.7821,24,0.8,0.792,1,0.8,0.792,95,0
IWM191122C160,2019-11-15,2019-11-15 09:37:36,0.81,0.8019,659,0.78,0.7722,185,0.8,0.792,1,0.795,0.7871,95,0
IWM191122C160,2019-11-15,2019-11-15 09:37:36,0.8,0.792,191,0.78,0.7722,185,0.8,0.792,1,0.79,0.7821,95,0
IWM191122C160,2019-11-15,2019-11-15 09:37:37,0.79,0.7821,13,0.77,0.7623,125,0.8,0.792,1,0.78,0.7722,95,0
IWM191122C160,2019-11-15,2019-11-15 09:37:37,0.8,0.792,200,0.77,0.7623,234,0.8,0.792,1,0.785,0.7772,95,0
IWM191122C160,2019-11-15,2019-11-15 09:37:38,0.79,0.7821,37,0.78,0.7722,6,0.8,0.792,1,0.785,0.7772,95,0
IWM191122C160,2019-11-15,2019-11-15 09:37:38,0.79,0.7821,172,0.78,0.7722,6,0.8,0.792,1,0.785,0.7772,95,0
IWM191122C160,2019-11-15,2019-11-15 09:37:39,0.79,0.7821,172,0.77,0.7623,53,0.8,0.792,1,0.78,0.7722,95,0
IWM191122C160,2019-11-15,2019-11-15 09:37:39,0.79,0.7821,172,0.77,0.7623,43,0.8,0.792,1,0.78,0.7722,95,0
IWM191122C160,2019-11-15,2019-11-15 09:37:40,0.79,0.7821,172,0.78,0.7722,13,0.8,0.792,1,0.785,0.7772,95,0
IWM191122C160,2019-11-15,2019-11-15 09:37:41,0.79,0.7821,172,0.78,0.7722,16,0.8,0.792,1,0.785,0.7772,95,0
IWM191122C160,2019-11-15,2019-11-15 09:37:41,0.79,0.7821,172,0.78,0.7722,13,0.8,0.792,1,0.785,0.7772,95,0
IWM191122C160,2019-11-15,2019-11-15 09:37:42,0.79,0.7821,172,0.78,0.7722,16,0.8,0.792,1,0.785,0.7772,95,0
IWM191122C160,2019-11-15,2019-11-15 09:37:42,0.79,0.7821,172,0.78,0.7722,36,0.8,0.792,1,0.785,0.7772,95,0
IWM191122C160,2019-11-15,2019-11-15 09:37:43,0.79,0.7821,172,0.78,0.7722,36,0.8,0.792,1,0.785,0.7772,95,0
IWM191122C160,2019-11-15,2019-11-15 09:37:44,0.79,0.7821,172,0.78,0.7722,36,0.8,0.792,1,0.785,0.7772,95,0
IWM191122C160,2019-11-15,2019-11-15 09:37:45,0.79,0.7821,12,0.78,0.7722,20,0.8,0.792,1,0.785,0.7772,95,0
IWM191122C160,2019-11-15,2019-11-15 09:37:45,0.79,0.7821,101,0.78,0.7722,36,0.8,0.792,1,0.785,0.7772,95,0
IWM191122C160,2019-11-15,2019-11-15 09:37:46,0.79,0.7821,12,0.78,0.7722,34,0.8,0.792,1,0.785,0.7772,95,0
IWM191122C160,2019-11-15,2019-11-15 09:37:46,0.79,0.7821,272,0.78,0.7722,13,0.8,0.792,1,0.785,0.7772,95,0
IWM191122C160,2019-11-15,2019-11-15 09:37:47,0.79,0.7821,259,0.78,0.7722,30,0.8,0.792,1,0.785,0.7772,95,0
IWM191122C160,2019-11-15,2019-11-15 09:37:47,0.79,0.7821,775,0.78,0.7722,30,0.8,0.792,1,0.785,0.7772,95,0
IWM191122C160,2019-11-15,2019-11-15 09:37:48,0.79,0.7821,775,0.77,0.7623,17,0.8,0.792,1,0.78,0.7722,95,0
IWM191122C160,2019-11-15,2019-11-15 09:37:49,0.79,0.7821,675,0.77,0.7623,16,0.8,0.792,1,0.78,0.7722,95,0
IWM191122C160,2019-11-15,2019-11-15 09:37:50,0.79,0.7821,708,0.77,0.7623,16,0.8,0.792,1,0.78,0.7722,95,0
IWM191122C160,2019-11-15,2019-11-15 09:37:50,0.78,0.7722,214,0.76,0.7524,22,0.8,0.792,1,0.77,0.7623,95,0
IWM191122C160,2019-11-15,2019-11-15 09:37:51,0.78,0.7722,276,0.76,0.7524,42,0.8,0.792,1,0.77,0.7623,95,0
IWM191122C160,2019-11-15,2019-11-15 09:37:51,0.78,0.7722,30,0.76,0.7524,42,0.8,0.792,1,0.77,0.7623,95,0
IWM191122C160,2019-11-15,2019-11-15 09:37:52,0.78,0.7722,442,0.76,0.7524,30,0.8,0.792,1,0.77,0.7623,95,0
IWM191122C160,2019-11-15,2019-11-15 09:37:52,0.78,0.7722,542,0.76,0.7524,30,0.8,0.792,1,0.77,0.7623,95,0
IWM191122C160,2019-11-15,2019-11-15 09:37:53,0.78,0.7722,310,0.76,0.7524,53,0.8,0.792,1,0.77,0.7623,95,0
IWM191122C160,2019-11-15,2019-11-15 09:37:54,0.78,0.7722,221,0.77,0.7623,10,0.8,0.792,1,0.775,0.7673,95,0
IWM191122C160,2019-11-15,2019-11-15 09:37:54,0.78,0.7722,310,0.76,0.7524,53,0.8,0.792,1,0.77,0.7623,95,0
IWM191122C160,2019-11-15,2019-11-15 09:37:55,0.78,0.7722,20,0.77,0.7623,39,0.8,0.792,1,0.775,0.7673,95,0
IWM191122C160,2019-11-15,2019-11-15 09:37:55,0.78,0.7722,221,0.77,0.7623,27,0.8,0.792,1,0.775,0.7673,95,0
IWM191122C160,2019-11-15,2019-11-15 09:37:56,0.78,0.7722,34,0.76,0.7524,50,0.8,0.792,1,0.77,0.7623,95,0
IWM191122C160,2019-11-15,2019-11-15 09:37:56,0.78,0.7722,34,0.76,0.7524,37,0.8,0.792,1,0.77,0.7623,95,0
IWM191122C160,2019-11-15,2019-11-15 09:37:57,0.78,0.7722,31,0.77,0.7623,13,0.8,0.792,1,0.775,0.7673,95,0
IWM191122C160,2019-11-15,2019-11-15 09:37:58,0.78,0.7722,10,0.77,0.7623,36,0.8,0.792,1,0.775,0.7673,95,0
IWM191122C160,2019-11-15,2019-11-15 09:37:58,0.78,0.7722,20,0.76,0.7524,53,0.8,0.792,1,0.77,0.7623,95,0
IWM191122C160,2019-11-15,2019-11-15 09:37:59,0.79,0.7821,77,0.77,0.7623,56,0.8,0.792,1,0.78,0.7722,95,0
IWM191122C160,2019-11-15,2019-11-15 09:37:59,0.79,0.7821,24,0.77,0.7623,36,0.8,0.792,1,0.78,0.7722,95,0
IWM191122C160,2019-11-15,2019-11-15 09:38:00,0.79,0.7821,178,0.77,0.7623,127,0.8,0.792,1,0.78,0.7722,95,0
IWM191122C160,2019-11-15,2019-11-15 09:38:01,0.79,0.7821,194,0.77,0.7623,68,0.8,0.792,1,0.78,0.7722,95,0
IWM191122C160,2019-11-15,2019-11-15 09:38:01,0.78,0.7722,1,0.77,0.7623,127,0.8,0.792,1,0.775,0.7673,95,0
IWM191122C160,2019-11-15,2019-11-15 09:38:02,0.79,0.7821,40,0.77,0.7623,58,0.8,0.792,1,0.78,0.7722,95,0
IWM191122C160,2019-11-15,2019-11-15 09:38:03,0.79,0.7821,259,0.77,0.7623,58,0.8,0.792,1,0.78,0.7722,95,0
IWM191122C160,2019-11-15,2019-11-15 09:38:04,0.79,0.7821,47,0.77,0.7623,70,0.8,0.792,1,0.78,0.7722,95,0
IWM191122C160,2019-11-15,2019-11-15 09:38:04,0.79,0.7821,276,0.77,0.7623,62,0.8,0.792,1,0.78,0.7722,95,0
IWM191122C160,2019-11-15,2019-11-15 09:38:05,0.79,0.7821,10,0.78,0.7722,51,0.8,0.792,1,0.785,0.7772,95,0
IWM191122C160,2019-11-15,2019-11-15 09:38:05,0.79,0.7821,205,0.77,0.7623,62,0.8,0.792,1,0.78,0.7722,95,0
IWM191122C160,2019-11-15,2019-11-15 09:38:06,0.8,0.792,288,0.78,0.7722,75,0.8,0.792,1,0.79,0.7821,95,0
IWM191122C160,2019-11-15,2019-11-15 09:38:06,0.8,0.792,288,0.78,0.7722,74,0.8,0.792,1,0.79,0.7821,95,0
IWM191122C160,2019-11-15,2019-11-15 09:38:07,0.79,0.7821,25,0.77,0.7623,160,0.8,0.792,1,0.78,0.7722,95,0
IWM191122C160,2019-11-15,2019-11-15 09:38:07,0.8,0.792,273,0.78,0.7722,59,0.8,0.792,1,0.79,0.7821,95,0
IWM191122C160,2019-11-15,2019-11-15 09:38:08,0.78,0.7722,5,0.77,0.7623,114,0.8,0.792,1,0.775,0.7673,95,0
IWM191122C160,2019-11-15,2019-11-15 09:38:08,0.78,0.7722,5,0.77,0.7623,45,0.8,0.792,1,0.775,0.7673,95,0
IWM191122C160,2019-11-15,2019-11-15 09:38:09,0.78,0.7722,5,0.77,0.7623,45,0.8,0.792,1,0.775,0.7673,95,0
IWM191122C160,2019-11-15,2019-11-15 09:38:09,0.78,0.7722,58,0.76,0.7524,20,0.8,0.792,1,0.77,0.7623,95,0
IWM191122C160,2019-11-15,2019-11-15 09:38:10,0.78,0.7722,617,0.76,0.7524,20,0.8,0.792,1,0.77,0.7623,95,0
IWM191122C160,2019-11-15,2019-11-15 09:38:10,0.77,0.7623,248,0.75,0.7425,20,0.8,0.792,1,0.76,0.7524,95,0
IWM191122C160,2019-11-15,2019-11-15 09:38:11,0.76,0.7524,30,0.75,0.7425,44,0.8,0.792,1,0.755,0.7475,95,0
IWM191122C160,2019-11-15,2019-11-15 09:38:11,0.77,0.7623,248,0.75,0.7425,44,0.8,0.792,1,0.76,0.7524,95,0
IWM191122C160,2019-11-15,2019-11-15 09:38:12,0.76,0.7524,30,0.75,0.7425,44,0.8,0.792,1,0.755,0.7475,95,0
IWM191122C160,2019-11-15,2019-11-15 09:38:12,0.76,0.7524,20,0.75,0.7425,44,0.8,0.792,1,0.755,0.7475,95,0
IWM191122C160,2019-11-15,2019-11-15 09:38:13,0.76,0.7524,10,0.75,0.7425,64,0.8,0.792,1,0.755,0.7475,95,0
IWM191122C160,2019-11-15,2019-11-15 09:38:13,0.77,0.7623,269,0.75,0.7425,86,0.8,0.792,1,0.76,0.7524,95,0
IWM191122C160,2019-11-15,2019-11-15 09:38:14,0.77,0.7623,269,0.75,0.7425,403,0.8,0.792,1,0.76,0.7524,95,0
IWM191122C160,2019-11-15,2019-11-15 09:38:15,0.78,0.7722,298,0.75,0.7425,657,0.8,0.792,1,0.765,0.7574,95,0
IWM191122C160,2019-11-15,2019-11-15 09:38:16,0.78,0.7722,408,0.75,0.7425,510,0.8,0.792,1,0.765,0.7574,95,0
IWM191122C160,2019-11-15,2019-11-15 09:38:16,0.78,0.7722,298,0.75,0.7425,657,0.8,0.792,1,0.765,0.7574,95,0
IWM191122C160,2019-11-15,2019-11-15 09:38:17,0.78,0.7722,725,0.75,0.7425,317,0.8,0.792,1,0.765,0.7574,95,0
IWM191122C160,2019-11-15,2019-11-15 09:38:17,0.78,0.7722,725,0.75,0.7425,377,0.8,0.792,1,0.765,0.7574,95,0
IWM191122C160,2019-11-15,2019-11-15 09:38:18,0.78,0.7722,705,0.75,0.7425,265,0.8,0.792,1,0.765,0.7574,95,0
IWM191122C160,2019-11-15,2019-11-15 09:38:18,0.78,0.7722,663,0.75,0.7425,189,0.8,0.792,1,0.765,0.7574,95,0
IWM191122C160,2019-11-15,2019-11-15 09:38:19,0.78,0.7722,703,0.76,0.7524,16,0.8,0.792,1,0.77,0.7623,95,0
IWM191122C160,2019-11-15,2019-11-15 09:38:19,0.78,0.7722,473,0.76,0.7524,36,0.8,0.792,1,0.77,0.7623,95,0
IWM191122C160,2019-11-15,2019-11-15 09:38:20,0.78,0.7722,703,0.76,0.7524,16,0.8,0.792,1,0.77,0.7623,95,0
IWM191122C160,2019-11-15,2019-11-15 09:38:20,0.78,0.7722,426,0.76,0.7524,44,0.8,0.792,1,0.77,0.7623,95,0
IWM191122C160,2019-11-15,2019-11-15 09:38:21,0.78,0.7722,296,0.76,0.7524,44,0.8,0.792,1,0.77,0.7623,95,0
IWM191122C160,2019-11-15,2019-11-15 09:38:22,0.78,0.7722,296,0.76,0.7524,44,0.8,0.792,1,0.77,0.7623,95,0
IWM191122C160,2019-11-15,2019-11-15 09:38:22,0.78,0.7722,259,0.76,0.7524,85,0.8,0.792,1,0.77,0.7623,95,0
IWM191122C160,2019-11-15,2019-11-15 09:38:23,0.78,0.7722,308,0.76,0.7524,64,0.8,0.792,1,0.77,0.7623,95,0
IWM191122C160,2019-11-15,2019-11-15 09:38:24,0.78,0.7722,385,0.76,0.7524,64,0.8,0.792,1,0.77,0.7623,95,0
IWM191122C160,2019-11-15,2019-11-15 09:38:25,0.77,0.7623,20,0.76,0.7524,39,0.8,0.792,1,0.765,0.7574,95,0
IWM191122C160,2019-11-15,2019-11-15 09:38:25,0.78,0.7722,426,0.76,0.7524,64,0.8,0.792,1,0.77,0.7623,95,0
IWM191122C160,2019-11-15,2019-11-15 09:38:26,0.77,0.7623,30,0.76,0.7524,39,0.8,0.792,1,0.765,0.7574,95,0
IWM191122C160,2019-11-15,2019-11-15 09:38:27,0.77,0.7623,20,0.76,0.7524,39,0.8,0.792,1,0.765,0.7574,95,0
IWM191122C160,2019-11-15,2019-11-15 09:38:28,0.77,0.7623,30,0.76,0.7524,39,0.8,0.792,1,0.765,0.7574,95,0
IWM191122C160,2019-11-15,2019-11-15 09:38:28,0.78,0.7722,163,0.76,0.7524,30,0.8,0.792,1,0.77,0.7623,95,0
IWM191122C160,2019-11-15,2019-11-15 09:38:29,0.78,0.7722,140,0.76,0.7524,46,0.8,0.792,1,0.77,0.7623,95,0
IWM191122C160,2019-11-15,2019-11-15 09:38:29,0.78,0.7722,331,0.76,0.7524,39,0.8,0.792,1,0.77,0.7623,95,0
IWM191122C160,2019-11-15,2019-11-15 09:38:30,0.78,0.7722,450,0.76,0.7524,57,0.8,0.792,1,0.77,0.7623,95,0
IWM191122C160,2019-11-15,2019-11-15 09:38:30,0.77,0.7623,20,0.76,0.7524,47,0.8,0.792,1,0.765,0.7574,95,0
IWM191122C160,2019-11-15,2019-11-15 09:38:31,0.78,0.7722,293,0.77,0.7623,8,0.8,0.792,1,0.775,0.7673,95,0
IWM191122C160,2019-11-15,2019-11-15 09:38:31,0.78,0.7722,183,0.76,0.7524,77,0.8,0.792,1,0.77,0.7623,95,0
IWM191122C160,2019-11-15,2019-11-15 09:38:32,0.78,0.7722,330,0.76,0.7524,44,0.8,0.792,1,0.77,0.7623,95,0
IWM191122C160,2019-11-15,2019-11-15 09:38:32,0.78,0.7722,293,0.76,0.7524,62,0.8,0.792,1,0.77,0.7623,95,0
IWM191122C160,2019-11-15,2019-11-15 09:38:33,0.78,0.7722,330,0.76,0.7524,44,0.8,0.792,1,0.77,0.7623,95,0
IWM191122C160,2019-11-15,2019-11-15 09:38:33,0.78,0.7722,589,0.76,0.7524,39,0.8,0.792,1,0.77,0.7623,95,0
IWM191122C160,2019-11-15,2019-11-15 09:38:34,0.77,0.7623,20,0.76,0.7524,39,0.8,0.792,1,0.765,0.7574,95,0
IWM191122C160,2019-11-15,2019-11-15 09:38:34,0.77,0.7623,30,0.75,0.7425,67,0.8,0.792,1,0.76,0.7524,95,0
IWM191122C160,2019-11-15,2019-11-15 09:38:35,0.77,0.7623,30,0.76,0.7524,30,0.8,0.792,1,0.765,0.7574,95,0
IWM191122C160,2019-11-15,2019-11-15 09:38:35,0.77,0.7623,34,0.76,0.7524,10,0.8,0.792,1,0.765,0.7574,95,0
IWM191122C160,2019-11-15,2019-11-15 09:38:36,0.77,0.7623,34,0.76,0.7524,10,0.8,0.792,1,0.765,0.7574,95,0
IWM191122C160,2019-11-15,2019-11-15 09:38:37,0.77,0.7623,34,0.76,0.7524,10,0.8,0.792,1,0.765,0.7574,95,0
IWM191122C160,2019-11-15,2019-11-15 09:38:38,0.77,0.7623,34,0.76,0.7524,10,0.8,0.792,1,0.765,0.7574,95,0
IWM191122C160,2019-11-15,2019-11-15 09:38:38,0.77,0.7623,20,0.76,0.7524,10,0.8,0.792,1,0.765,0.7574,95,0
IWM191122C160,2019-11-15,2019-11-15 09:38:39,0.77,0.7623,10,0.76,0.7524,17,0.8,0.792,1,0.765,0.7574,95,0
IWM191122C160,2019-11-15,2019-11-15 09:38:39,0.77,0.7623,20,0.76,0.7524,17,0.8,0.792,1,0.765,0.7574,95,0
IWM191122C160,2019-11-15,2019-11-15 09:38:40,0.77,0.7623,1,0.76,0.7524,46,0.8,0.792,1,0.765,0.7574,95,0
IWM191122C160,2019-11-15,2019-11-15 09:38:40,0.77,0.7623,20,0.76,0.7524,17,0.8,0.792,1,0.765,0.7574,95,0
IWM191122C160,2019-11-15,2019-11-15 09:38:41,0.78,0.7722,77,0.76,0.7524,49,0.8,0.792,1,0.77,0.7623,95,0
IWM191122C160,2019-11-15,2019-11-15 09:38:41,0.77,0.7623,1,0.76,0.7524,49,0.8,0.792,1,0.765,0.7574,95,0
IWM191122C160,2019-11-15,2019-11-15 09:38:42,0.78,0.7722,10,0.76,0.7524,125,0.8,0.792,1,0.77,0.7623,95,0
IWM191122C160,2019-11-15,2019-11-15 09:38:43,0.78,0.7722,10,0.76,0.7524,125,0.8,0.792,1,0.77,0.7623,95,0
IWM191122C160,2019-11-15,2019-11-15 09:38:43,0.79,0.7821,10,0.76,0.7524,525,0.8,0.792,1,0.775,0.7673,95,0
IWM191122C160,2019-11-15,2019-11-15 09:38:44,0.79,0.7821,24,0.76,0.7524,525,0.8,0.792,1,0.775,0.7673,95,0
IWM191122C160,2019-11-15,2019-11-15 09:38:44,0.79,0.7821,399,0.77,0.7623,40,0.8,0.792,1,0.78,0.7722,95,0
IWM191122C160,2019-11-15,2019-11-15 09:38:45,0.79,0.7821,515,0.76,0.7524,100,0.8,0.792,1,0.775,0.7673,95,0
IWM191122C160,2019-11-15,2019-11-15 09:38:45,0.79,0.7821,460,0.77,0.7623,38,0.8,0.792,1,0.78,0.7722,95,0
IWM191122C160,2019-11-15,2019-11-15 09:38:46,0.79,0.7821,411,0.77,0.7623,38,0.8,0.792,1,0.78,0.7722,95,0
IWM191122C160,2019-11-15,2019-11-15 09:38:46,0.79,0.7821,411,0.77,0.7623,70,0.8,0.792,1,0.78,0.7722,95,0
IWM191122C160,2019-11-15,2019-11-15 09:38:47,0.79,0.7821,411,0.77,0.7623,49,0.8,0.792,1,0.78,0.7722,95,0
IWM191122C160,2019-11-15,2019-11-15 09:38:48,0.79,0.7821,411,0.77,0.7623,83,0.8,0.792,1,0.78,0.7722,95,0
IWM191122C160,2019-11-15,2019-11-15 09:38:48,0.79,0.7821,411,0.77,0.7623,49,0.8,0.792,1,0.78,0.7722,95,0
IWM191122C160,2019-11-15,2019-11-15 09:38:49,0.79,0.7821,717,0.77,0.7623,83,0.8,0.792,1,0.78,0.7722,95,0
IWM191122C160,2019-11-15,2019-11-15 09:38:49,0.79,0.7821,411,0.77,0.7623,83,0.8,0.792,1,0.78,0.7722,95,0
IWM191122C160,2019-11-15,2019-11-15 09:38:50,0.79,0.7821,742,0.77,0.7623,33,0.8,0.792,1,0.78,0.7722,95,0
IWM191122C160,2019-11-15,2019-11-15 09:38:51,0.79,0.7821,742,0.77,0.7623,36,0.8,0.792,1,0.78,0.7722,95,0
IWM191122C160,2019-11-15,2019-11-15 09:38:52,0.79,0.7821,742,0.77,0.7623,36,0.8,0.792,1,0.78,0.7722,95,0
IWM191122C160,2019-11-15,2019-11-15 09:38:52,0.79,0.7821,348,0.77,0.7623,36,0.8,0.792,1,0.78,0.7722,95,0
IWM191122C160,2019-11-15,2019-11-15 09:38:53,0.79,0.7821,450,0.77,0.7623,36,0.8,0.792,1,0.78,0.7722,95,0
IWM191122C160,2019-11-15,2019-11-15 09:38:53,0.79,0.7821,446,0.77,0.7623,36,0.8,0.792,1,0.78,0.7722,95,0
IWM191122C160,2019-11-15,2019-11-15 09:38:54,0.79,0.7821,446,0.77,0.7623,56,0.8,0.792,1,0.78,0.7722,95,0
IWM191122C160,2019-11-15,2019-11-15 09:38:54,0.79,0.7821,576,0.77,0.7623,44,0.8,0.792,1,0.78,0.7722,95,0
IWM191122C160,2019-11-15,2019-11-15 09:38:55,0.79,0.7821,447,0.77,0.7623,44,0.8,0.792,1,0.78,0.7722,95,0
IWM191122C160,2019-11-15,2019-11-15 09:38:55,0.79,0.7821,446,0.77,0.7623,56,0.8,0.792,1,0.78,0.7722,95,0
IWM191122C160,2019-11-15,2019-11-15 09:38:56,0.79,0.7821,447,0.77,0.7623,44,0.8,0.792,1,0.78,0.7722,95,0
IWM191122C160,2019-11-15,2019-11-15 09:38:56,0.79,0.7821,449,0.77,0.7623,44,0.8,0.792,1,0.78,0.7722,95,0
IWM191122C160,2019-11-15,2019-11-15 09:38:57,0.79,0.7821,449,0.77,0.7623,44,0.8,0.792,1,0.78,0.7722,95,0
IWM191122C160,2019-11-15,2019-11-15 09:38:58,0.79,0.7821,449,0.77,0.7623,44,0.8,0.792,1,0.78,0.7722,95,0
IWM191122C160,2019-11-15,2019-11-15 09:38:58,0.79,0.7821,439,0.77,0.7623,44,0.8,0.792,1,0.78,0.7722,95,0
IWM191122C160,2019-11-15,2019-11-15 09:38:59,0.79,0.7821,449,0.77,0.7623,44,0.8,0.792,1,0.78,0.7722,95,0
IWM191122C160,2019-11-15,2019-11-15 09:39:00,0.79,0.7821,293,0.78,0.7722,16,0.8,0.792,1,0.785,0.7772,95,0
IWM191122C160,2019-11-15,2019-11-15 09:39:01,0.79,0.7821,293,0.78,0.7722,36,0.8,0.792,1,0.785,0.7772,95,0
IWM191122C160,2019-11-15,2019-11-15 09:39:02,0.79,0.7821,75,0.78,0.7722,32,0.8,0.792,1,0.785,0.7772,95,0
IWM191122C160,2019-11-15,2019-11-15 09:39:02,0.79,0.7821,336,0.78,0.7722,36,0.8,0.792,1,0.785,0.7772,95,0
IWM191122C160,2019-11-15,2019-11-15 09:39:03,0.79,0.7821,239,0.78,0.7722,32,0.8,0.792,1,0.785,0.7772,95,0
IWM191122C160,2019-11-15,2019-11-15 09:39:03,0.79,0.7821,25,0.78,0.7722,32,0.8,0.792,1,0.785,0.7772,95,0
IWM191122C160,2019-11-15,2019-11-15 09:39:04,0.79,0.7821,53,0.78,0.7722,32,0.8,0.792,1,0.785,0.7772,95,0
IWM191122C160,2019-11-15,2019-11-15 09:39:04,0.79,0.7821,39,0.78,0.7722,32,0.8,0.792,1,0.785,0.7772,95,0
IWM191122C160,2019-11-15,2019-11-15 09:39:05,0.79,0.7821,240,0.78,0.7722,32,0.8,0.792,1,0.785,0.7772,95,0
IWM191122C160,2019-11-15,2019-11-15 09:39:05,0.79,0.7821,117,0.78,0.7722,41,0.8,0.792,1,0.785,0.7772,95,0
IWM191122C160,2019-11-15,2019-11-15 09:39:06,0.8,0.792,519,0.78,0.7722,44,0.8,0.792,1,0.79,0.7821,95,0
IWM191122C160,2019-11-15,2019-11-15 09:39:06,0.8,0.792,469,0.78,0.7722,62,0.8,0.792,1,0.79,0.7821,95,0
IWM191122C160,2019-11-15,2019-11-15 09:39:07,0.8,0.792,292,0.78,0.7722,36,0.8,0.792,1,0.79,0.7821,95,0
IWM191122C160,2019-11-15,2019-11-15 09:39:07,0.8,0.792,10,0.78,0.7722,394,0.8,0.792,1,0.79,0.7821,95,0
IWM191122C160,2019-11-15,2019-11-15 09:39:08,0.8,0.792,6,0.78,0.7722,295,0.8,0.792,1,0.79,0.7821,95,0
