symbol,Date,quote_time,ask_price,norm_ask_price,ask_size,bid_price,norm_bid_price,bid_size,last_trade_price,norm_last_trade_price,last_trade_size,mark_price,norm_mark_price,volume,Volume
SPY190805C296,2019-08-02,2019-08-02 09:30:17,0.79,1.0,156,0.74,0.9367,5,0.81,1.0253,10,0.765,0.9683,24,24
SPY190805C296,2019-08-02,2019-08-02 09:30:35,0.78,0.9873,189,0.75,0.9493,146,0.78,0.9873,2,0.765,0.9683,41,17
SPY190805C296,2019-08-02,2019-08-02 09:30:42,0.76,0.962,5,0.74,0.9367,4,0.76,0.962,1,0.75,0.9493,42,1
SPY190805C296,2019-08-02,2019-08-02 09:30:48,0.74,0.9367,5,0.72,0.9113,265,0.74,0.9367,4,0.73,0.924,46,4
SPY190805C296,2019-08-02,2019-08-02 09:30:53,0.73,0.924,1,0.72,0.9113,94,0.74,0.9367,2,0.725,0.9177,48,2
SPY190805C296,2019-08-02,2019-08-02 09:30:55,0.73,0.924,1,0.72,0.9113,191,0.74,0.9367,2,0.725,0.9177,48,0
SPY190805C296,2019-08-02,2019-08-02 09:30:55,0.75,0.9493,194,0.73,0.924,1,0.73,0.924,1,0.74,0.9367,49,1
SPY190805C296,2019-08-02,2019-08-02 09:30:56,0.74,0.9367,5,0.73,0.924,106,0.73,0.924,2,0.735,0.9303,51,2
SPY190805C296,2019-08-02,2019-08-02 09:30:57,0.75,0.9493,189,0.72,0.9113,1,0.73,0.924,2,0.735,0.9303,51,0
SPY190805C296,2019-08-02,2019-08-02 09:30:58,0.74,0.9367,5,0.72,0.9113,238,0.73,0.924,2,0.73,0.924,51,0
SPY190805C296,2019-08-02,2019-08-02 09:30:59,0.74,0.9367,5,0.72,0.9113,104,0.73,0.924,2,0.73,0.924,51,0
SPY190805C296,2019-08-02,2019-08-02 09:31:00,0.73,0.924,1,0.71,0.8987,797,0.73,0.924,2,0.72,0.9113,51,0
SPY190805C296,2019-08-02,2019-08-02 09:31:01,0.73,0.924,1,0.71,0.8987,145,0.73,0.924,2,0.72,0.9113,51,0
SPY190805C296,2019-08-02,2019-08-02 09:31:03,0.72,0.9113,89,0.7,0.886,2,0.73,0.924,2,0.71,0.8987,51,0
SPY190805C296,2019-08-02,2019-08-02 09:31:04,0.72,0.9113,189,0.7,0.886,1,0.73,0.924,2,0.71,0.8987,51,0
SPY190805C296,2019-08-02,2019-08-02 09:31:05,0.71,0.8987,120,0.68,0.8607,70,0.7,0.886,1,0.695,0.8797,52,1
SPY190805C296,2019-08-02,2019-08-02 09:31:07,0.7,0.886,91,0.67,0.8481,347,0.7,0.886,1,0.685,0.867,52,0
SPY190805C296,2019-08-02,2019-08-02 09:31:08,0.69,0.8734,91,0.66,0.8354,100,0.7,0.886,1,0.675,0.8544,52,0
SPY190805C296,2019-08-02,2019-08-02 09:31:10,0.69,0.8734,292,0.66,0.8354,415,0.7,0.886,1,0.675,0.8544,52,0
SPY190805C296,2019-08-02,2019-08-02 09:31:11,0.68,0.8607,5,0.65,0.8227,631,0.7,0.886,1,0.665,0.8417,52,0
SPY190805C296,2019-08-02,2019-08-02 09:31:13,0.67,0.8481,121,0.64,0.8101,70,0.7,0.886,1,0.655,0.8291,52,0
SPY190805C296,2019-08-02,2019-08-02 09:31:14,0.67,0.8481,306,0.64,0.8101,70,0.7,0.886,1,0.655,0.8291,52,0
SPY190805C296,2019-08-02,2019-08-02 09:31:14,0.67,0.8481,315,0.64,0.8101,130,0.7,0.886,1,0.655,0.8291,52,0
SPY190805C296,2019-08-02,2019-08-02 09:31:16,0.66,0.8354,244,0.63,0.7974,130,0.7,0.886,1,0.645,0.8164,52,0
SPY190805C296,2019-08-02,2019-08-02 09:31:17,0.64,0.8101,95,0.62,0.7848,123,0.7,0.886,1,0.63,0.7974,52,0
SPY190805C296,2019-08-02,2019-08-02 09:31:19,0.64,0.8101,202,0.62,0.7848,193,0.7,0.886,1,0.63,0.7974,52,0
SPY190805C296,2019-08-02,2019-08-02 09:31:20,0.62,0.7848,93,0.6,0.7594,120,0.62,0.7848,1,0.61,0.7721,53,0
SPY190805C296,2019-08-02,2019-08-02 09:31:20,0.63,0.7974,5,0.62,0.7848,50,0.62,0.7848,1,0.625,0.7911,53,1
SPY190805C296,2019-08-02,2019-08-02 09:31:24,0.63,0.7974,4,0.62,0.7848,90,0.62,0.7848,1,0.625,0.7911,53,0
SPY190805C296,2019-08-02,2019-08-02 09:31:26,0.63,0.7974,4,0.62,0.7848,452,0.62,0.7848,1,0.625,0.7911,54,1
SPY190805C296,2019-08-02,2019-08-02 09:31:27,0.63,0.7974,4,0.62,0.7848,537,0.62,0.7848,1,0.625,0.7911,54,0
SPY190805C296,2019-08-02,2019-08-02 09:31:29,0.68,0.8607,418,0.65,0.8227,5,0.63,0.7974,4,0.665,0.8417,58,4
SPY190805C296,2019-08-02,2019-08-02 09:31:30,0.67,0.8481,93,0.65,0.8227,140,0.63,0.7974,4,0.66,0.8354,58,0
SPY190805C296,2019-08-02,2019-08-02 09:31:30,0.68,0.8607,387,0.65,0.8227,5,0.63,0.7974,4,0.665,0.8417,58,0
SPY190805C296,2019-08-02,2019-08-02 09:31:31,0.67,0.8481,5,0.66,0.8354,8,0.63,0.7974,4,0.665,0.8417,58,0
SPY190805C296,2019-08-02,2019-08-02 09:31:33,0.68,0.8607,264,0.64,0.8101,8,0.65,0.8227,3,0.66,0.8354,108,50
SPY190805C296,2019-08-02,2019-08-02 09:31:34,0.66,0.8354,144,0.64,0.8101,140,0.65,0.8227,3,0.65,0.8227,108,0
SPY190805C296,2019-08-02,2019-08-02 09:31:35,0.66,0.8354,93,0.64,0.8101,90,0.65,0.8227,3,0.65,0.8227,108,0
SPY190805C296,2019-08-02,2019-08-02 09:31:36,0.66,0.8354,93,0.64,0.8101,10,0.65,0.8227,3,0.65,0.8227,108,0
SPY190805C296,2019-08-02,2019-08-02 09:31:37,0.66,0.8354,143,0.64,0.8101,1,0.65,0.8227,3,0.65,0.8227,108,0
SPY190805C296,2019-08-02,2019-08-02 09:31:38,0.66,0.8354,5,0.64,0.8101,225,0.65,0.8227,3,0.65,0.8227,108,0
SPY190805C296,2019-08-02,2019-08-02 09:31:39,0.66,0.8354,215,0.63,0.7974,800,0.65,0.8227,3,0.645,0.8164,108,0
SPY190805C296,2019-08-02,2019-08-02 09:31:41,0.66,0.8354,142,0.64,0.8101,5,0.65,0.8227,3,0.65,0.8227,108,0
SPY190805C296,2019-08-02,2019-08-02 09:31:42,0.67,0.8481,421,0.64,0.8101,80,0.65,0.8227,3,0.655,0.8291,108,0
SPY190805C296,2019-08-02,2019-08-02 09:31:42,0.67,0.8481,215,0.64,0.8101,215,0.65,0.8227,3,0.655,0.8291,108,0
SPY190805C296,2019-08-02,2019-08-02 09:31:43,0.67,0.8481,230,0.64,0.8101,899,0.65,0.8227,3,0.655,0.8291,108,0
SPY190805C296,2019-08-02,2019-08-02 09:31:44,0.66,0.8354,189,0.63,0.7974,96,0.65,0.8227,3,0.645,0.8164,108,0
SPY190805C296,2019-08-02,2019-08-02 09:31:44,0.66,0.8354,5,0.63,0.7974,100,0.65,0.8227,3,0.645,0.8164,108,0
SPY190805C296,2019-08-02,2019-08-02 09:31:45,0.65,0.8227,5,0.63,0.7974,5,0.65,0.8227,3,0.64,0.8101,108,0
SPY190805C296,2019-08-02,2019-08-02 09:31:45,0.65,0.8227,5,0.62,0.7848,5,0.65,0.8227,3,0.635,0.8037,108,0
SPY190805C296,2019-08-02,2019-08-02 09:31:46,0.65,0.8227,50,0.62,0.7848,5,0.65,0.8227,3,0.635,0.8037,108,0
SPY190805C296,2019-08-02,2019-08-02 09:31:47,0.66,0.8354,239,0.63,0.7974,5,0.65,0.8227,3,0.645,0.8164,108,0
SPY190805C296,2019-08-02,2019-08-02 09:31:47,0.65,0.8227,5,0.62,0.7848,9,0.65,0.8227,3,0.635,0.8037,108,0
SPY190805C296,2019-08-02,2019-08-02 09:31:48,0.66,0.8354,192,0.63,0.7974,496,0.65,0.8227,3,0.645,0.8164,108,0
SPY190805C296,2019-08-02,2019-08-02 09:31:49,0.66,0.8354,100,0.64,0.8101,5,0.65,0.8227,3,0.65,0.8227,108,0
SPY190805C296,2019-08-02,2019-08-02 09:31:49,0.66,0.8354,100,0.63,0.7974,653,0.65,0.8227,3,0.645,0.8164,108,0
SPY190805C296,2019-08-02,2019-08-02 09:31:50,0.66,0.8354,171,0.62,0.7848,592,0.65,0.8227,3,0.64,0.8101,108,0
SPY190805C296,2019-08-02,2019-08-02 09:31:51,0.65,0.8227,3,0.63,0.7974,5,0.65,0.8227,3,0.64,0.8101,108,0
SPY190805C296,2019-08-02,2019-08-02 09:31:52,0.65,0.8227,3,0.63,0.7974,930,0.65,0.8227,3,0.64,0.8101,108,0
SPY190805C296,2019-08-02,2019-08-02 09:31:54,0.68,0.8607,172,0.65,0.8227,147,0.65,0.8227,3,0.665,0.8417,111,3
SPY190805C296,2019-08-02,2019-08-02 09:31:58,0.73,0.924,5,0.7,0.886,80,0.65,0.8227,3,0.715,0.905,111,0
SPY190805C296,2019-08-02,2019-08-02 09:31:58,0.73,0.924,90,0.7,0.886,5,0.65,0.8227,3,0.715,0.905,111,0
SPY190805C296,2019-08-02,2019-08-02 09:31:59,0.74,0.9367,117,0.7,0.886,70,0.65,0.8227,3,0.72,0.9113,111,0
SPY190805C296,2019-08-02,2019-08-02 09:32:00,0.74,0.9367,90,0.7,0.886,100,0.65,0.8227,3,0.72,0.9113,111,0
SPY190805C296,2019-08-02,2019-08-02 09:32:00,0.75,0.9493,5,0.71,0.8987,5,0.65,0.8227,3,0.73,0.924,111,0
SPY190805C296,2019-08-02,2019-08-02 09:32:01,0.75,0.9493,70,0.71,0.8987,77,0.65,0.8227,3,0.73,0.924,111,0
SPY190805C296,2019-08-02,2019-08-02 09:32:03,0.75,0.9493,5,0.73,0.924,5,0.65,0.8227,3,0.74,0.9367,111,0
SPY190805C296,2019-08-02,2019-08-02 09:32:04,0.76,0.962,400,0.71,0.8987,100,0.65,0.8227,3,0.735,0.9303,111,0
SPY190805C296,2019-08-02,2019-08-02 09:32:05,0.76,0.962,400,0.71,0.8987,100,0.73,0.924,1,0.735,0.9303,115,4
SPY190805C296,2019-08-02,2019-08-02 09:32:09,0.79,1.0,5,0.74,0.9367,105,0.71,0.8987,55,0.765,0.9683,170,55
SPY190805C296,2019-08-02,2019-08-02 09:32:11,0.78,0.9873,100,0.75,0.9493,89,0.71,0.8987,55,0.765,0.9683,170,0
SPY190805C296,2019-08-02,2019-08-02 09:32:12,0.78,0.9873,5,0.75,0.9493,59,0.71,0.8987,55,0.765,0.9683,170,0
SPY190805C296,2019-08-02,2019-08-02 09:32:13,0.81,1.0253,591,0.76,0.962,5,0.71,0.8987,55,0.785,0.9936,170,0
SPY190805C296,2019-08-02,2019-08-02 09:32:14,0.8,1.0126,4,0.77,0.9746,5,0.8,1.0126,1,0.785,0.9936,171,1
SPY190805C296,2019-08-02,2019-08-02 09:32:14,0.79,1.0,5,0.77,0.9746,5,0.71,0.8987,55,0.78,0.9873,170,0
SPY190805C296,2019-08-02,2019-08-02 09:32:15,0.79,1.0,5,0.77,0.9746,5,0.79,1.0,1,0.78,0.9873,182,1
SPY190805C296,2019-08-02,2019-08-02 09:32:15,0.8,1.0126,192,0.76,0.962,480,0.8,1.0126,10,0.78,0.9873,181,10
SPY190805C296,2019-08-02,2019-08-02 09:32:16,0.8,1.0126,1,0.77,0.9746,342,0.79,1.0,1,0.785,0.9936,182,0
SPY190805C296,2019-08-02,2019-08-02 09:32:17,0.8,1.0126,5,0.77,0.9746,451,0.79,1.0,1,0.785,0.9936,182,0
SPY190805C296,2019-08-02,2019-08-02 09:32:18,0.8,1.0126,5,0.78,0.9873,5,0.79,1.0,1,0.79,1.0,182,0
SPY190805C296,2019-08-02,2019-08-02 09:32:19,0.8,1.0126,5,0.77,0.9746,451,0.79,1.0,1,0.785,0.9936,182,0
SPY190805C296,2019-08-02,2019-08-02 09:32:20,0.8,1.0126,186,0.76,0.962,104,0.79,1.0,1,0.78,0.9873,182,0
SPY190805C296,2019-08-02,2019-08-02 09:32:20,0.8,1.0126,5,0.76,0.962,70,0.79,1.0,1,0.78,0.9873,182,0
SPY190805C296,2019-08-02,2019-08-02 09:32:21,0.79,1.0,5,0.77,0.9746,5,0.79,1.0,1,0.78,0.9873,182,0
SPY190805C296,2019-08-02,2019-08-02 09:32:22,0.8,1.0126,5,0.77,0.9746,122,0.79,1.0,1,0.785,0.9936,182,0
SPY190805C296,2019-08-02,2019-08-02 09:32:22,0.8,1.0126,5,0.77,0.9746,5,0.79,1.0,1,0.785,0.9936,182,0
SPY190805C296,2019-08-02,2019-08-02 09:32:23,0.8,1.0126,60,0.75,0.9493,418,0.79,1.0,1,0.775,0.981,182,0
SPY190805C296,2019-08-02,2019-08-02 09:32:24,0.8,1.0126,60,0.76,0.962,80,0.79,1.0,1,0.78,0.9873,182,0
SPY190805C296,2019-08-02,2019-08-02 09:32:24,0.79,1.0,5,0.76,0.962,182,0.79,1.0,1,0.775,0.981,182,0
SPY190805C296,2019-08-02,2019-08-02 09:32:25,0.8,1.0126,5,0.77,0.9746,5,0.79,1.0,1,0.785,0.9936,182,0
SPY190805C296,2019-08-02,2019-08-02 09:32:27,0.8,1.0126,5,0.77,0.9746,5,0.79,1.0,1,0.785,0.9936,182,0
SPY190805C296,2019-08-02,2019-08-02 09:32:28,0.8,1.0126,100,0.77,0.9746,140,0.79,1.0,1,0.785,0.9936,182,0
SPY190805C296,2019-08-02,2019-08-02 09:32:29,0.78,0.9873,219,0.75,0.9493,80,0.79,1.0,1,0.765,0.9683,182,0
SPY190805C296,2019-08-02,2019-08-02 09:32:30,0.78,0.9873,219,0.75,0.9493,211,0.79,1.0,1,0.765,0.9683,182,0
SPY190805C296,2019-08-02,2019-08-02 09:32:31,0.78,0.9873,147,0.75,0.9493,201,0.79,1.0,1,0.765,0.9683,182,0
SPY190805C296,2019-08-02,2019-08-02 09:32:31,0.78,0.9873,164,0.76,0.962,8,0.79,1.0,1,0.77,0.9746,182,0
SPY190805C296,2019-08-02,2019-08-02 09:32:32,0.78,0.9873,139,0.75,0.9493,120,0.79,1.0,1,0.765,0.9683,182,0
SPY190805C296,2019-08-02,2019-08-02 09:32:33,0.8,1.0126,221,0.77,0.9746,195,0.79,1.0,1,0.785,0.9936,182,0
SPY190805C296,2019-08-02,2019-08-02 09:32:33,0.79,1.0,126,0.76,0.962,205,0.79,1.0,1,0.775,0.981,182,0
SPY190805C296,2019-08-02,2019-08-02 09:32:34,0.8,1.0126,5,0.78,0.9873,95,0.79,1.0,1,0.79,1.0,182,0
SPY190805C296,2019-08-02,2019-08-02 09:32:35,0.8,1.0126,180,0.77,0.9746,646,0.79,1.0,1,0.785,0.9936,182,0
SPY190805C296,2019-08-02,2019-08-02 09:32:35,0.78,0.9873,216,0.74,0.9367,182,0.79,1.0,1,0.76,0.962,182,0
SPY190805C296,2019-08-02,2019-08-02 09:32:36,0.76,0.962,139,0.74,0.9367,68,0.79,1.0,1,0.75,0.9493,182,0
SPY190805C296,2019-08-02,2019-08-02 09:32:36,0.77,0.9746,219,0.74,0.9367,13,0.79,1.0,1,0.755,0.9556,182,0
SPY190805C296,2019-08-02,2019-08-02 09:32:38,0.78,0.9873,39,0.74,0.9367,157,0.79,1.0,1,0.76,0.962,182,0
SPY190805C296,2019-08-02,2019-08-02 09:32:38,0.79,1.0,109,0.75,0.9493,80,0.79,1.0,1,0.77,0.9746,182,0
SPY190805C296,2019-08-02,2019-08-02 09:32:39,0.79,1.0,139,0.76,0.962,77,0.79,1.0,1,0.775,0.981,182,0
SPY190805C296,2019-08-02,2019-08-02 09:32:39,0.79,1.0,228,0.76,0.962,158,0.79,1.0,1,0.775,0.981,182,0
SPY190805C296,2019-08-02,2019-08-02 09:32:40,0.78,0.9873,37,0.76,0.962,133,0.79,1.0,1,0.77,0.9746,182,0
SPY190805C296,2019-08-02,2019-08-02 09:32:42,0.79,1.0,169,0.75,0.9493,206,0.79,1.0,1,0.77,0.9746,182,0
SPY190805C296,2019-08-02,2019-08-02 09:32:43,0.78,0.9873,139,0.75,0.9493,178,0.79,1.0,1,0.765,0.9683,182,0
SPY190805C296,2019-08-02,2019-08-02 09:32:43,0.77,0.9746,224,0.75,0.9493,70,0.79,1.0,1,0.76,0.962,182,0
SPY190805C296,2019-08-02,2019-08-02 09:32:44,0.77,0.9746,224,0.75,0.9493,70,0.79,1.0,1,0.76,0.962,182,0
SPY190805C296,2019-08-02,2019-08-02 09:32:45,0.78,0.9873,226,0.75,0.9493,216,0.79,1.0,1,0.765,0.9683,182,0
SPY190805C296,2019-08-02,2019-08-02 09:32:47,0.8,1.0126,437,0.76,0.962,82,0.79,1.0,1,0.78,0.9873,182,0
SPY190805C296,2019-08-02,2019-08-02 09:32:48,0.79,1.0,151,0.76,0.962,795,0.79,1.0,1,0.775,0.981,182,0
SPY190805C296,2019-08-02,2019-08-02 09:32:49,0.79,1.0,227,0.76,0.962,209,0.79,1.0,1,0.775,0.981,182,0
SPY190805C296,2019-08-02,2019-08-02 09:32:50,0.78,0.9873,5,0.76,0.962,5,0.79,1.0,1,0.77,0.9746,182,0
SPY190805C296,2019-08-02,2019-08-02 09:32:51,0.78,0.9873,197,0.76,0.962,180,0.79,1.0,1,0.77,0.9746,182,0
SPY190805C296,2019-08-02,2019-08-02 09:32:52,0.79,1.0,227,0.77,0.9746,43,0.78,0.9873,1,0.78,0.9873,183,1
SPY190805C296,2019-08-02,2019-08-02 09:32:53,0.79,1.0,139,0.77,0.9746,164,0.78,0.9873,1,0.78,0.9873,183,0
SPY190805C296,2019-08-02,2019-08-02 09:32:53,0.81,1.0253,227,0.77,0.9746,222,0.78,0.9873,1,0.79,1.0,183,0
SPY190805C296,2019-08-02,2019-08-02 09:32:54,0.8,1.0126,228,0.77,0.9746,332,0.78,0.9873,1,0.785,0.9936,183,0
SPY190805C296,2019-08-02,2019-08-02 09:32:55,0.8,1.0126,228,0.78,0.9873,6,0.78,0.9873,1,0.79,1.0,183,0
SPY190805C296,2019-08-02,2019-08-02 09:32:56,0.8,1.0126,5,0.78,0.9873,34,0.78,0.9873,1,0.79,1.0,183,0
SPY190805C296,2019-08-02,2019-08-02 09:32:57,0.79,1.0,220,0.78,0.9873,6,0.78,0.9873,1,0.785,0.9936,183,0
SPY190805C296,2019-08-02,2019-08-02 09:32:58,0.78,0.9873,227,0.75,0.9493,224,0.78,0.9873,6,0.765,0.9683,189,6
SPY190805C296,2019-08-02,2019-08-02 09:32:59,0.78,0.9873,227,0.75,0.9493,304,0.78,0.9873,6,0.765,0.9683,189,0
SPY190805C296,2019-08-02,2019-08-02 09:33:00,0.77,0.9746,5,0.74,0.9367,259,0.78,0.9873,6,0.755,0.9556,189,0
SPY190805C296,2019-08-02,2019-08-02 09:33:01,0.76,0.962,209,0.74,0.9367,39,0.78,0.9873,6,0.75,0.9493,189,0
SPY190805C296,2019-08-02,2019-08-02 09:33:03,0.76,0.962,227,0.74,0.9367,68,0.75,0.9493,1,0.75,0.9493,190,1
SPY190805C296,2019-08-02,2019-08-02 09:33:05,0.79,1.0,5,0.76,0.962,36,0.75,0.9493,1,0.775,0.981,190,0
SPY190805C296,2019-08-02,2019-08-02 09:33:05,0.79,1.0,39,0.76,0.962,120,0.75,0.9493,1,0.775,0.981,190,0
SPY190805C296,2019-08-02,2019-08-02 09:33:06,0.78,0.9873,181,0.76,0.962,32,0.75,0.9493,1,0.77,0.9746,190,0
SPY190805C296,2019-08-02,2019-08-02 09:33:07,0.77,0.9746,5,0.76,0.962,41,0.75,0.9493,1,0.765,0.9683,190,0
SPY190805C296,2019-08-02,2019-08-02 09:33:08,0.79,1.0,100,0.77,0.9746,35,0.75,0.9493,1,0.78,0.9873,190,0
SPY190805C296,2019-08-02,2019-08-02 09:33:08,0.79,1.0,139,0.77,0.9746,41,0.75,0.9493,1,0.78,0.9873,190,0
SPY190805C296,2019-08-02,2019-08-02 09:33:09,0.77,0.9746,44,0.74,0.9367,113,0.75,0.9493,1,0.755,0.9556,190,0
SPY190805C296,2019-08-02,2019-08-02 09:33:10,0.77,0.9746,5,0.75,0.9493,8,0.75,0.9493,1,0.76,0.962,190,0
SPY190805C296,2019-08-02,2019-08-02 09:33:11,0.78,0.9873,109,0.75,0.9493,135,0.75,0.9493,1,0.765,0.9683,190,0
SPY190805C296,2019-08-02,2019-08-02 09:33:11,0.8,1.0126,209,0.77,0.9746,26,0.75,0.9493,1,0.785,0.9936,190,0
SPY190805C296,2019-08-02,2019-08-02 09:33:12,0.78,0.9873,48,0.77,0.9746,35,0.75,0.9493,1,0.775,0.981,190,0
SPY190805C296,2019-08-02,2019-08-02 09:33:13,0.8,1.0126,5,0.77,0.9746,294,0.75,0.9493,1,0.785,0.9936,190,0
SPY190805C296,2019-08-02,2019-08-02 09:33:13,0.81,1.0253,299,0.78,0.9873,35,0.75,0.9493,1,0.795,1.0063,190,0
SPY190805C296,2019-08-02,2019-08-02 09:33:14,0.79,1.0,5,0.77,0.9746,70,0.75,0.9493,1,0.78,0.9873,190,0
SPY190805C296,2019-08-02,2019-08-02 09:33:14,0.8,1.0126,259,0.77,0.9746,95,0.75,0.9493,1,0.785,0.9936,190,0
SPY190805C296,2019-08-02,2019-08-02 09:33:15,0.79,1.0,218,0.78,0.9873,6,0.75,0.9493,1,0.785,0.9936,190,0
SPY190805C296,2019-08-02,2019-08-02 09:33:16,0.78,0.9873,39,0.76,0.962,50,0.78,0.9873,5,0.77,0.9746,195,5
SPY190805C296,2019-08-02,2019-08-02 09:33:16,0.79,1.0,92,0.77,0.9746,35,0.75,0.9493,1,0.78,0.9873,190,0
SPY190805C296,2019-08-02,2019-08-02 09:33:17,0.77,0.9746,39,0.74,0.9367,6,0.78,0.9873,5,0.755,0.9556,195,0
SPY190805C296,2019-08-02,2019-08-02 09:33:18,0.78,0.9873,40,0.75,0.9493,80,0.78,0.9873,1,0.765,0.9683,202,7
SPY190805C296,2019-08-02,2019-08-02 09:33:19,0.77,0.9746,5,0.75,0.9493,80,0.78,0.9873,1,0.76,0.962,202,0
SPY190805C296,2019-08-02,2019-08-02 09:33:19,0.77,0.9746,5,0.75,0.9493,84,0.77,0.9746,5,0.76,0.962,207,5
SPY190805C296,2019-08-02,2019-08-02 09:33:20,0.77,0.9746,5,0.76,0.962,6,0.77,0.9746,5,0.765,0.9683,207,0
SPY190805C296,2019-08-02,2019-08-02 09:33:21,0.76,0.962,5,0.73,0.924,682,0.77,0.9746,5,0.745,0.943,212,5
SPY190805C296,2019-08-02,2019-08-02 09:33:21,0.77,0.9746,5,0.75,0.9493,81,0.77,0.9746,5,0.76,0.962,207,0
SPY190805C296,2019-08-02,2019-08-02 09:33:22,0.76,0.962,5,0.73,0.924,124,0.77,0.9746,4,0.745,0.943,216,4
SPY190805C296,2019-08-02,2019-08-02 09:33:23,0.76,0.962,76,0.74,0.9367,24,0.77,0.9746,4,0.75,0.9493,216,0
SPY190805C296,2019-08-02,2019-08-02 09:33:23,0.77,0.9746,35,0.74,0.9367,73,0.77,0.9746,4,0.755,0.9556,216,0
SPY190805C296,2019-08-02,2019-08-02 09:33:24,0.76,0.962,5,0.73,0.924,209,0.77,0.9746,4,0.745,0.943,216,0
SPY190805C296,2019-08-02,2019-08-02 09:33:24,0.77,0.9746,79,0.74,0.9367,73,0.77,0.9746,4,0.755,0.9556,216,0
SPY190805C296,2019-08-02,2019-08-02 09:33:25,0.76,0.962,5,0.75,0.9493,6,0.77,0.9746,4,0.755,0.9556,216,0
SPY190805C296,2019-08-02,2019-08-02 09:33:26,0.76,0.962,5,0.74,0.9367,131,0.77,0.9746,4,0.75,0.9493,216,0
SPY190805C296,2019-08-02,2019-08-02 09:33:26,0.78,0.9873,227,0.74,0.9367,334,0.77,0.9746,4,0.76,0.962,216,0
SPY190805C296,2019-08-02,2019-08-02 09:33:27,0.77,0.9746,227,0.74,0.9367,220,0.77,0.9746,4,0.755,0.9556,216,0
SPY190805C296,2019-08-02,2019-08-02 09:33:27,0.78,0.9873,227,0.74,0.9367,111,0.77,0.9746,4,0.76,0.962,216,0
SPY190805C296,2019-08-02,2019-08-02 09:33:28,0.77,0.9746,227,0.74,0.9367,220,0.77,0.9746,4,0.755,0.9556,216,0
SPY190805C296,2019-08-02,2019-08-02 09:33:29,0.78,0.9873,71,0.75,0.9493,35,0.77,0.9746,4,0.765,0.9683,216,0
SPY190805C296,2019-08-02,2019-08-02 09:33:29,0.78,0.9873,204,0.77,0.9746,6,0.75,0.9493,4,0.775,0.981,222,6
SPY190805C296,2019-08-02,2019-08-02 09:33:30,0.78,0.9873,179,0.76,0.962,150,0.75,0.9493,4,0.77,0.9746,222,0
SPY190805C296,2019-08-02,2019-08-02 09:33:31,0.78,0.9873,39,0.77,0.9746,6,0.75,0.9493,4,0.775,0.981,222,0
SPY190805C296,2019-08-02,2019-08-02 09:33:31,0.78,0.9873,179,0.76,0.962,150,0.75,0.9493,4,0.77,0.9746,222,0
SPY190805C296,2019-08-02,2019-08-02 09:33:32,0.77,0.9746,39,0.74,0.9367,120,0.75,0.9493,4,0.755,0.9556,222,0
SPY190805C296,2019-08-02,2019-08-02 09:33:33,0.78,0.9873,227,0.76,0.962,98,0.75,0.9493,4,0.77,0.9746,222,0
SPY190805C296,2019-08-02,2019-08-02 09:33:34,0.78,0.9873,185,0.75,0.9493,754,0.75,0.9493,4,0.765,0.9683,222,0
SPY190805C296,2019-08-02,2019-08-02 09:33:35,0.78,0.9873,98,0.75,0.9493,261,0.75,0.9493,4,0.765,0.9683,222,0
SPY190805C296,2019-08-02,2019-08-02 09:33:35,0.78,0.9873,227,0.76,0.962,70,0.75,0.9493,4,0.77,0.9746,222,0
SPY190805C296,2019-08-02,2019-08-02 09:33:36,0.78,0.9873,139,0.76,0.962,117,0.75,0.9493,4,0.77,0.9746,222,0
SPY190805C296,2019-08-02,2019-08-02 09:33:37,0.78,0.9873,39,0.77,0.9746,6,0.75,0.9493,4,0.775,0.981,222,0
SPY190805C296,2019-08-02,2019-08-02 09:33:38,0.8,1.0126,223,0.77,0.9746,283,0.75,0.9493,4,0.785,0.9936,222,0
SPY190805C296,2019-08-02,2019-08-02 09:33:38,0.79,1.0,228,0.77,0.9746,70,0.75,0.9493,4,0.78,0.9873,222,0
SPY190805C296,2019-08-02,2019-08-02 09:33:39,0.79,1.0,79,0.78,0.9873,1,0.75,0.9493,4,0.785,0.9936,222,0
SPY190805C296,2019-08-02,2019-08-02 09:33:39,0.79,1.0,215,0.78,0.9873,1,0.75,0.9493,4,0.785,0.9936,222,0
SPY190805C296,2019-08-02,2019-08-02 09:33:40,0.78,0.9873,188,0.77,0.9746,6,0.78,0.9873,1,0.775,0.981,223,1
SPY190805C296,2019-08-02,2019-08-02 09:33:41,0.78,0.9873,100,0.76,0.962,182,0.78,0.9873,1,0.77,0.9746,223,0
SPY190805C296,2019-08-02,2019-08-02 09:33:41,0.78,0.9873,126,0.76,0.962,50,0.78,0.9873,1,0.77,0.9746,223,0
SPY190805C296,2019-08-02,2019-08-02 09:33:42,0.78,0.9873,189,0.76,0.962,5,0.78,0.9873,1,0.77,0.9746,223,0
SPY190805C296,2019-08-02,2019-08-02 09:33:43,0.76,0.962,93,0.74,0.9367,195,0.78,0.9873,1,0.75,0.9493,223,0
SPY190805C296,2019-08-02,2019-08-02 09:33:43,0.77,0.9746,1,0.74,0.9367,610,0.78,0.9873,1,0.755,0.9556,223,0
SPY190805C296,2019-08-02,2019-08-02 09:33:44,0.77,0.9746,228,0.75,0.9493,31,0.78,0.9873,1,0.76,0.962,223,0
SPY190805C296,2019-08-02,2019-08-02 09:33:45,0.77,0.9746,5,0.75,0.9493,219,0.78,0.9873,1,0.76,0.962,223,0
SPY190805C296,2019-08-02,2019-08-02 09:33:45,0.77,0.9746,147,0.75,0.9493,219,0.78,0.9873,1,0.76,0.962,223,0
SPY190805C296,2019-08-02,2019-08-02 09:33:46,0.75,0.9493,5,0.73,0.924,157,0.78,0.9873,1,0.74,0.9367,223,0
SPY190805C296,2019-08-02,2019-08-02 09:33:48,0.74,0.9367,223,0.72,0.9113,37,0.78,0.9873,1,0.73,0.924,223,0
SPY190805C296,2019-08-02,2019-08-02 09:33:49,0.74,0.9367,160,0.71,0.8987,283,0.78,0.9873,1,0.725,0.9177,223,0
SPY190805C296,2019-08-02,2019-08-02 09:33:50,0.74,0.9367,5,0.72,0.9113,65,0.78,0.9873,1,0.73,0.924,223,0
SPY190805C296,2019-08-02,2019-08-02 09:33:51,0.73,0.924,110,0.72,0.9113,6,0.78,0.9873,1,0.725,0.9177,223,0
SPY190805C296,2019-08-02,2019-08-02 09:33:52,0.73,0.924,110,0.71,0.8987,114,0.78,0.9873,1,0.72,0.9113,223,0
SPY190805C296,2019-08-02,2019-08-02 09:33:54,0.73,0.924,100,0.72,0.9113,6,0.78,0.9873,1,0.725,0.9177,223,0
SPY190805C296,2019-08-02,2019-08-02 09:33:55,0.72,0.9113,36,0.7,0.886,294,0.78,0.9873,1,0.71,0.8987,223,0
SPY190805C296,2019-08-02,2019-08-02 09:33:56,0.72,0.9113,132,0.71,0.8987,6,0.78,0.9873,1,0.715,0.905,223,0
SPY190805C296,2019-08-02,2019-08-02 09:33:57,0.72,0.9113,216,0.7,0.886,10,0.78,0.9873,1,0.71,0.8987,223,0
SPY190805C296,2019-08-02,2019-08-02 09:33:57,0.72,0.9113,232,0.7,0.886,31,0.78,0.9873,1,0.71,0.8987,223,0
SPY190805C296,2019-08-02,2019-08-02 09:34:01,0.72,0.9113,5,0.71,0.8987,21,0.78,0.9873,1,0.715,0.905,223,0
SPY190805C296,2019-08-02,2019-08-02 09:34:03,0.74,0.9367,208,0.72,0.9113,92,0.78,0.9873,1,0.73,0.924,223,0
SPY190805C296,2019-08-02,2019-08-02 09:34:04,0.74,0.9367,177,0.73,0.924,37,0.78,0.9873,1,0.735,0.9303,223,0
SPY190805C296,2019-08-02,2019-08-02 09:34:06,0.76,0.962,5,0.74,0.9367,134,0.78,0.9873,1,0.75,0.9493,223,0
SPY190805C296,2019-08-02,2019-08-02 09:34:08,0.79,1.0,100,0.77,0.9746,43,0.78,0.9873,1,0.78,0.9873,223,0
SPY190805C296,2019-08-02,2019-08-02 09:34:11,0.78,0.9873,128,0.74,0.9367,351,0.78,0.9873,1,0.76,0.962,223,0
SPY190805C296,2019-08-02,2019-08-02 09:34:12,0.78,0.9873,183,0.76,0.962,6,0.76,0.962,6,0.77,0.9746,229,6
SPY190805C296,2019-08-02,2019-08-02 09:34:12,0.77,0.9746,51,0.75,0.9493,47,0.76,0.962,6,0.76,0.962,229,0
SPY190805C296,2019-08-02,2019-08-02 09:34:13,0.76,0.962,7,0.73,0.924,280,0.76,0.962,6,0.745,0.943,229,0
SPY190805C296,2019-08-02,2019-08-02 09:34:14,0.75,0.9493,207,0.73,0.924,1,0.73,0.924,2,0.74,0.9367,231,2
SPY190805C296,2019-08-02,2019-08-02 09:34:16,0.74,0.9367,192,0.72,0.9113,37,0.73,0.924,2,0.73,0.924,231,0
SPY190805C296,2019-08-02,2019-08-02 09:34:17,0.77,0.9746,106,0.74,0.9367,28,0.73,0.924,2,0.755,0.9556,231,0
SPY190805C296,2019-08-02,2019-08-02 09:34:19,0.76,0.962,192,0.74,0.9367,37,0.73,0.924,2,0.75,0.9493,231,0
SPY190805C296,2019-08-02,2019-08-02 09:34:20,0.76,0.962,192,0.75,0.9493,6,0.73,0.924,2,0.755,0.9556,231,0
SPY190805C296,2019-08-02,2019-08-02 09:34:21,0.75,0.9493,123,0.73,0.924,37,0.73,0.924,2,0.74,0.9367,231,0
SPY190805C296,2019-08-02,2019-08-02 09:34:21,0.76,0.962,89,0.73,0.924,70,0.73,0.924,2,0.745,0.943,231,0
SPY190805C296,2019-08-02,2019-08-02 09:34:22,0.74,0.9367,277,0.72,0.9113,6,0.73,0.924,2,0.73,0.924,231,0
SPY190805C296,2019-08-02,2019-08-02 09:34:22,0.74,0.9367,215,0.72,0.9113,37,0.73,0.924,2,0.73,0.924,231,0
SPY190805C296,2019-08-02,2019-08-02 09:34:23,0.73,0.924,5,0.71,0.8987,441,0.73,0.924,2,0.72,0.9113,231,0
SPY190805C296,2019-08-02,2019-08-02 09:34:24,0.73,0.924,5,0.71,0.8987,6,0.73,0.924,2,0.72,0.9113,231,0
SPY190805C296,2019-08-02,2019-08-02 09:34:24,0.73,0.924,118,0.71,0.8987,6,0.73,0.924,2,0.72,0.9113,231,0
SPY190805C296,2019-08-02,2019-08-02 09:34:25,0.73,0.924,5,0.72,0.9113,6,0.73,0.924,2,0.725,0.9177,231,0
SPY190805C296,2019-08-02,2019-08-02 09:34:26,0.73,0.924,5,0.71,0.8987,6,0.73,0.924,2,0.72,0.9113,231,0
SPY190805C296,2019-08-02,2019-08-02 09:34:26,0.72,0.9113,100,0.71,0.8987,6,0.73,0.924,2,0.715,0.905,231,0
SPY190805C296,2019-08-02,2019-08-02 09:34:27,0.72,0.9113,192,0.71,0.8987,6,0.73,0.924,2,0.715,0.905,231,0
SPY190805C296,2019-08-02,2019-08-02 09:34:28,0.72,0.9113,137,0.71,0.8987,6,0.71,0.8987,200,0.715,0.905,436,0
SPY190805C296,2019-08-02,2019-08-02 09:34:28,0.72,0.9113,215,0.71,0.8987,6,0.71,0.8987,200,0.715,0.905,436,205
SPY190805C296,2019-08-02,2019-08-02 09:34:29,0.74,0.9367,27,0.73,0.924,9,0.71,0.8987,200,0.735,0.9303,436,0
SPY190805C296,2019-08-02,2019-08-02 09:34:29,0.73,0.924,117,0.72,0.9113,6,0.71,0.8987,200,0.725,0.9177,436,0
SPY190805C296,2019-08-02,2019-08-02 09:34:30,0.74,0.9367,213,0.73,0.924,9,0.71,0.8987,200,0.735,0.9303,436,0
SPY190805C296,2019-08-02,2019-08-02 09:34:31,0.72,0.9113,17,0.7,0.886,6,0.71,0.8987,200,0.71,0.8987,436,0
SPY190805C296,2019-08-02,2019-08-02 09:34:31,0.73,0.924,123,0.71,0.8987,724,0.71,0.8987,200,0.72,0.9113,436,0
SPY190805C296,2019-08-02,2019-08-02 09:34:32,0.72,0.9113,17,0.7,0.886,6,0.71,0.8987,200,0.71,0.8987,436,0
SPY190805C296,2019-08-02,2019-08-02 09:34:33,0.72,0.9113,5,0.7,0.886,37,0.71,0.8987,200,0.71,0.8987,436,0
SPY190805C296,2019-08-02,2019-08-02 09:34:33,0.71,0.8987,143,0.7,0.886,6,0.71,0.8987,200,0.705,0.8924,436,0
SPY190805C296,2019-08-02,2019-08-02 09:34:34,0.72,0.9113,202,0.7,0.886,37,0.71,0.8987,200,0.71,0.8987,436,0
SPY190805C296,2019-08-02,2019-08-02 09:34:35,0.72,0.9113,176,0.7,0.886,6,0.71,0.8987,200,0.71,0.8987,436,0
SPY190805C296,2019-08-02,2019-08-02 09:34:35,0.72,0.9113,222,0.7,0.886,6,0.71,0.8987,200,0.71,0.8987,436,0
SPY190805C296,2019-08-02,2019-08-02 09:34:39,0.72,0.9113,16,0.7,0.886,128,0.71,0.8987,200,0.71,0.8987,436,0
SPY190805C296,2019-08-02,2019-08-02 09:34:39,0.73,0.924,100,0.7,0.886,128,0.71,0.8987,200,0.715,0.905,436,0
SPY190805C296,2019-08-02,2019-08-02 09:34:43,0.74,0.9367,200,0.72,0.9113,6,0.71,0.8987,200,0.73,0.924,436,0
SPY190805C296,2019-08-02,2019-08-02 09:34:43,0.73,0.924,111,0.71,0.8987,6,0.71,0.8987,200,0.72,0.9113,436,0
SPY190805C296,2019-08-02,2019-08-02 09:34:44,0.72,0.9113,6,0.71,0.8987,6,0.71,0.8987,200,0.715,0.905,436,0
SPY190805C296,2019-08-02,2019-08-02 09:34:45,0.71,0.8987,5,0.69,0.8734,308,0.71,0.8987,200,0.7,0.886,436,0
SPY190805C296,2019-08-02,2019-08-02 09:34:46,0.72,0.9113,111,0.69,0.8734,80,0.71,0.8987,200,0.705,0.8924,436,0
SPY190805C296,2019-08-02,2019-08-02 09:34:54,0.72,0.9113,20,0.7,0.886,33,0.72,0.9113,2,0.71,0.8987,459,23
SPY190805C296,2019-08-02,2019-08-02 09:35:01,0.73,0.924,223,0.72,0.9113,1,0.72,0.9113,1,0.725,0.9177,465,6
SPY190805C296,2019-08-02,2019-08-02 09:35:03,0.73,0.924,31,0.71,0.8987,35,0.72,0.9113,1,0.72,0.9113,465,0
SPY190805C296,2019-08-02,2019-08-02 09:35:04,0.74,0.9367,221,0.71,0.8987,181,0.72,0.9113,5,0.725,0.9177,470,5
SPY190805C296,2019-08-02,2019-08-02 09:35:07,0.72,0.9113,5,0.71,0.8987,38,0.72,0.9113,5,0.715,0.905,470,0
SPY190805C296,2019-08-02,2019-08-02 09:35:08,0.73,0.924,1,0.72,0.9113,6,0.72,0.9113,5,0.725,0.9177,475,5
SPY190805C296,2019-08-02,2019-08-02 09:35:09,0.72,0.9113,26,0.7,0.886,9,0.72,0.9113,5,0.71,0.8987,475,0
SPY190805C296,2019-08-02,2019-08-02 09:35:11,0.69,0.8734,5,0.67,0.8481,691,0.72,0.9113,5,0.68,0.8607,475,0
SPY190805C296,2019-08-02,2019-08-02 09:35:19,0.66,0.8354,154,0.64,0.8101,76,0.72,0.9113,5,0.65,0.8227,475,0
SPY190805C296,2019-08-02,2019-08-02 09:35:20,0.65,0.8227,5,0.62,0.7848,110,0.72,0.9113,5,0.635,0.8037,475,0
SPY190805C296,2019-08-02,2019-08-02 09:35:21,0.65,0.8227,110,0.62,0.7848,6,0.72,0.9113,5,0.635,0.8037,475,0
SPY190805C296,2019-08-02,2019-08-02 09:35:22,0.64,0.8101,60,0.63,0.7974,6,0.72,0.9113,5,0.635,0.8037,475,0
SPY190805C296,2019-08-02,2019-08-02 09:35:23,0.64,0.8101,107,0.6,0.7594,96,0.72,0.9113,5,0.62,0.7848,475,0
SPY190805C296,2019-08-02,2019-08-02 09:35:27,0.62,0.7848,10,0.6,0.7594,6,0.72,0.9113,5,0.61,0.7721,475,0
SPY190805C296,2019-08-02,2019-08-02 09:35:30,0.63,0.7974,101,0.61,0.7721,9,0.62,0.7848,1,0.62,0.7848,476,1
SPY190805C296,2019-08-02,2019-08-02 09:35:31,0.63,0.7974,433,0.61,0.7721,117,0.62,0.7848,1,0.62,0.7848,476,0
SPY190805C296,2019-08-02,2019-08-02 09:35:31,0.64,0.8101,96,0.62,0.7848,37,0.62,0.7848,5,0.63,0.7974,481,5
SPY190805C296,2019-08-02,2019-08-02 09:35:37,0.61,0.7721,106,0.6,0.7594,6,0.62,0.7848,1,0.605,0.7658,485,4
SPY190805C296,2019-08-02,2019-08-02 09:35:44,0.59,0.7468,1,0.57,0.7215,14,0.62,0.7848,1,0.58,0.7341,485,0
SPY190805C296,2019-08-02,2019-08-02 09:35:46,0.59,0.7468,219,0.57,0.7215,34,0.62,0.7848,1,0.58,0.7341,485,0
SPY190805C296,2019-08-02,2019-08-02 09:35:46,0.58,0.7341,101,0.56,0.7088,33,0.62,0.7848,1,0.57,0.7215,485,0
SPY190805C296,2019-08-02,2019-08-02 09:35:47,0.58,0.7341,101,0.56,0.7088,33,0.62,0.7848,1,0.57,0.7215,485,0
SPY190805C296,2019-08-02,2019-08-02 09:35:48,0.57,0.7215,1,0.55,0.6962,37,0.62,0.7848,1,0.56,0.7088,485,0
SPY190805C296,2019-08-02,2019-08-02 09:35:49,0.58,0.7341,80,0.55,0.6962,32,0.62,0.7848,1,0.565,0.7151,485,0
SPY190805C296,2019-08-02,2019-08-02 09:35:50,0.57,0.7215,113,0.55,0.6962,43,0.55,0.6962,22,0.56,0.7088,559,74
SPY190805C296,2019-08-02,2019-08-02 09:35:50,0.56,0.7088,5,0.54,0.6835,80,0.55,0.6962,22,0.55,0.6962,559,0
SPY190805C296,2019-08-02,2019-08-02 09:35:51,0.56,0.7088,5,0.53,0.6708,127,0.55,0.6962,22,0.545,0.6898,559,0
SPY190805C296,2019-08-02,2019-08-02 09:35:52,0.56,0.7088,119,0.55,0.6962,28,0.55,0.6962,22,0.555,0.7025,559,0
SPY190805C296,2019-08-02,2019-08-02 09:35:52,0.58,0.7341,400,0.55,0.6962,37,0.55,0.6962,22,0.565,0.7151,559,0
SPY190805C296,2019-08-02,2019-08-02 09:35:54,0.58,0.7341,482,0.55,0.6962,37,0.55,0.6962,3,0.565,0.7151,562,3
SPY190805C296,2019-08-02,2019-08-02 09:35:57,0.57,0.7215,510,0.55,0.6962,19,0.55,0.6962,3,0.56,0.7088,562,0
SPY190805C296,2019-08-02,2019-08-02 09:35:57,0.57,0.7215,275,0.54,0.6835,117,0.55,0.6962,3,0.555,0.7025,562,0
SPY190805C296,2019-08-02,2019-08-02 09:36:19,0.58,0.7341,264,0.57,0.7215,6,0.57,0.7215,8,0.575,0.7278,774,212
SPY190805C296,2019-08-02,2019-08-02 09:36:21,0.59,0.7468,5,0.57,0.7215,206,0.58,0.7341,2,0.58,0.7341,779,5
SPY190805C296,2019-08-02,2019-08-02 09:36:24,0.62,0.7848,117,0.6,0.7594,6,0.6,0.7594,1,0.61,0.7721,780,1
SPY190805C296,2019-08-02,2019-08-02 09:36:25,0.62,0.7848,56,0.6,0.7594,6,0.6,0.7594,1,0.61,0.7721,780,0
SPY190805C296,2019-08-02,2019-08-02 09:36:27,0.63,0.7974,5,0.63,0.7974,6,0.6,0.7594,1,0.63,0.7974,780,0
SPY190805C296,2019-08-02,2019-08-02 09:36:29,0.64,0.8101,223,0.63,0.7974,6,0.6,0.7594,1,0.635,0.8037,780,0
SPY190805C296,2019-08-02,2019-08-02 09:36:31,0.65,0.8227,5,0.63,0.7974,38,0.6,0.7594,1,0.64,0.8101,780,0
SPY190805C296,2019-08-02,2019-08-02 09:36:32,0.67,0.8481,30,0.65,0.8227,6,0.6,0.7594,1,0.66,0.8354,780,0
SPY190805C296,2019-08-02,2019-08-02 09:36:33,0.66,0.8354,50,0.65,0.8227,6,0.6,0.7594,1,0.655,0.8291,780,0
SPY190805C296,2019-08-02,2019-08-02 09:36:33,0.65,0.8227,5,0.64,0.8101,38,0.6,0.7594,1,0.645,0.8164,780,0
SPY190805C296,2019-08-02,2019-08-02 09:36:34,0.66,0.8354,15,0.65,0.8227,6,0.6,0.7594,1,0.655,0.8291,780,0
SPY190805C296,2019-08-02,2019-08-02 09:36:34,0.67,0.8481,116,0.65,0.8227,6,0.6,0.7594,1,0.66,0.8354,780,0
SPY190805C296,2019-08-02,2019-08-02 09:36:35,0.66,0.8354,30,0.64,0.8101,48,0.6,0.7594,1,0.65,0.8227,780,0
SPY190805C296,2019-08-02,2019-08-02 09:36:36,0.66,0.8354,116,0.63,0.7974,47,0.6,0.7594,1,0.645,0.8164,780,0
SPY190805C296,2019-08-02,2019-08-02 09:36:37,0.66,0.8354,248,0.64,0.8101,6,0.6,0.7594,1,0.65,0.8227,780,0
SPY190805C296,2019-08-02,2019-08-02 09:36:38,0.64,0.8101,30,0.62,0.7848,39,0.6,0.7594,1,0.63,0.7974,780,0
SPY190805C296,2019-08-02,2019-08-02 09:36:39,0.63,0.7974,30,0.61,0.7721,6,0.6,0.7594,1,0.62,0.7848,780,0
SPY190805C296,2019-08-02,2019-08-02 09:36:39,0.63,0.7974,150,0.6,0.7594,140,0.6,0.7594,1,0.615,0.7784,780,0
SPY190805C296,2019-08-02,2019-08-02 09:36:40,0.62,0.7848,150,0.59,0.7468,146,0.6,0.7594,1,0.605,0.7658,780,0
SPY190805C296,2019-08-02,2019-08-02 09:36:41,0.62,0.7848,110,0.58,0.7341,529,0.6,0.7594,1,0.6,0.7594,780,0
SPY190805C296,2019-08-02,2019-08-02 09:36:41,0.61,0.7721,127,0.59,0.7468,9,0.6,0.7594,1,0.6,0.7594,780,0
SPY190805C296,2019-08-02,2019-08-02 09:36:42,0.6,0.7594,243,0.57,0.7215,35,0.6,0.7594,1,0.585,0.7405,780,0
SPY190805C296,2019-08-02,2019-08-02 09:36:42,0.61,0.7721,110,0.59,0.7468,9,0.6,0.7594,1,0.6,0.7594,780,0
SPY190805C296,2019-08-02,2019-08-02 09:36:43,0.6,0.7594,200,0.57,0.7215,1,0.6,0.7594,1,0.585,0.7405,780,0
SPY190805C296,2019-08-02,2019-08-02 09:36:44,0.59,0.7468,30,0.57,0.7215,7,0.6,0.7594,1,0.58,0.7341,780,0
SPY190805C296,2019-08-02,2019-08-02 09:36:45,0.58,0.7341,6,0.57,0.7215,1,0.6,0.7594,1,0.575,0.7278,780,0
SPY190805C296,2019-08-02,2019-08-02 09:36:46,0.58,0.7341,153,0.57,0.7215,1,0.6,0.7594,1,0.575,0.7278,780,0
SPY190805C296,2019-08-02,2019-08-02 09:36:47,0.58,0.7341,97,0.57,0.7215,1,0.58,0.7341,2,0.575,0.7278,782,2
SPY190805C296,2019-08-02,2019-08-02 09:36:48,0.58,0.7341,101,0.57,0.7215,1,0.58,0.7341,2,0.575,0.7278,782,0
SPY190805C296,2019-08-02,2019-08-02 09:36:48,0.58,0.7341,97,0.57,0.7215,1,0.58,0.7341,2,0.575,0.7278,782,0
SPY190805C296,2019-08-02,2019-08-02 09:36:49,0.58,0.7341,80,0.57,0.7215,1,0.58,0.7341,2,0.575,0.7278,782,0
SPY190805C296,2019-08-02,2019-08-02 09:36:49,0.58,0.7341,80,0.57,0.7215,8,0.58,0.7341,2,0.575,0.7278,782,0
SPY190805C296,2019-08-02,2019-08-02 09:36:50,0.58,0.7341,11,0.57,0.7215,1,0.58,0.7341,2,0.575,0.7278,782,0
SPY190805C296,2019-08-02,2019-08-02 09:36:51,0.6,0.7594,7,0.58,0.7341,3,0.58,0.7341,2,0.59,0.7468,782,0
SPY190805C296,2019-08-02,2019-08-02 09:36:51,0.59,0.7468,21,0.58,0.7341,6,0.58,0.7341,2,0.585,0.7405,782,0
SPY190805C296,2019-08-02,2019-08-02 09:36:52,0.6,0.7594,80,0.58,0.7341,37,0.58,0.7341,2,0.59,0.7468,782,0
SPY190805C296,2019-08-02,2019-08-02 09:36:53,0.61,0.7721,14,0.58,0.7341,136,0.58,0.7341,2,0.595,0.7531,782,0
SPY190805C296,2019-08-02,2019-08-02 09:36:54,0.62,0.7848,120,0.6,0.7594,37,0.58,0.7341,2,0.61,0.7721,782,0
SPY190805C296,2019-08-02,2019-08-02 09:36:54,0.64,0.8101,108,0.61,0.7721,6,0.58,0.7341,2,0.625,0.7911,782,0
SPY190805C296,2019-08-02,2019-08-02 09:36:55,0.64,0.8101,127,0.61,0.7721,37,0.58,0.7341,2,0.625,0.7911,782,0
SPY190805C296,2019-08-02,2019-08-02 09:36:55,0.64,0.8101,181,0.62,0.7848,6,0.58,0.7341,2,0.63,0.7974,782,0
SPY190805C296,2019-08-02,2019-08-02 09:36:56,0.64,0.8101,354,0.61,0.7721,8,0.58,0.7341,2,0.625,0.7911,782,0
SPY190805C296,2019-08-02,2019-08-02 09:36:57,0.62,0.7848,94,0.61,0.7721,6,0.58,0.7341,2,0.615,0.7784,782,0
SPY190805C296,2019-08-02,2019-08-02 09:36:57,0.62,0.7848,14,0.61,0.7721,6,0.58,0.7341,2,0.615,0.7784,782,0
SPY190805C296,2019-08-02,2019-08-02 09:36:58,0.62,0.7848,94,0.6,0.7594,32,0.58,0.7341,2,0.61,0.7721,782,0
SPY190805C296,2019-08-02,2019-08-02 09:36:58,0.62,0.7848,80,0.61,0.7721,6,0.58,0.7341,2,0.615,0.7784,782,0
SPY190805C296,2019-08-02,2019-08-02 09:36:59,0.62,0.7848,80,0.61,0.7721,6,0.58,0.7341,2,0.615,0.7784,782,0
SPY190805C296,2019-08-02,2019-08-02 09:37:00,0.61,0.7721,80,0.59,0.7468,37,0.58,0.7341,2,0.6,0.7594,782,0
SPY190805C296,2019-08-02,2019-08-02 09:37:00,0.62,0.7848,80,0.61,0.7721,6,0.58,0.7341,2,0.615,0.7784,782,0
SPY190805C296,2019-08-02,2019-08-02 09:37:01,0.61,0.7721,87,0.58,0.7341,28,0.58,0.7341,2,0.595,0.7531,782,0
SPY190805C296,2019-08-02,2019-08-02 09:37:02,0.6,0.7594,94,0.57,0.7215,130,0.58,0.7341,2,0.585,0.7405,782,0
SPY190805C296,2019-08-02,2019-08-02 09:37:02,0.6,0.7594,94,0.57,0.7215,122,0.58,0.7341,2,0.585,0.7405,782,0
SPY190805C296,2019-08-02,2019-08-02 09:37:03,0.6,0.7594,1,0.58,0.7341,37,0.58,0.7341,2,0.59,0.7468,782,0
SPY190805C296,2019-08-02,2019-08-02 09:37:04,0.6,0.7594,20,0.57,0.7215,116,0.58,0.7341,2,0.585,0.7405,782,0
SPY190805C296,2019-08-02,2019-08-02 09:37:05,0.6,0.7594,94,0.57,0.7215,127,0.58,0.7341,2,0.585,0.7405,782,0
SPY190805C296,2019-08-02,2019-08-02 09:37:05,0.59,0.7468,100,0.57,0.7215,7,0.58,0.7341,2,0.58,0.7341,782,0
SPY190805C296,2019-08-02,2019-08-02 09:37:06,0.58,0.7341,18,0.57,0.7215,1,0.58,0.7341,2,0.575,0.7278,782,0
SPY190805C296,2019-08-02,2019-08-02 09:37:07,0.58,0.7341,14,0.57,0.7215,1,0.58,0.7341,2,0.575,0.7278,782,0
SPY190805C296,2019-08-02,2019-08-02 09:37:07,0.61,0.7721,346,0.57,0.7215,7,0.58,0.7341,2,0.59,0.7468,782,0
SPY190805C296,2019-08-02,2019-08-02 09:37:09,0.6,0.7594,14,0.58,0.7341,6,0.58,0.7341,2,0.59,0.7468,782,0
SPY190805C296,2019-08-02,2019-08-02 09:37:10,0.6,0.7594,19,0.58,0.7341,9,0.58,0.7341,2,0.59,0.7468,782,0
SPY190805C296,2019-08-02,2019-08-02 09:37:11,0.61,0.7721,94,0.59,0.7468,6,0.58,0.7341,2,0.6,0.7594,782,0
SPY190805C296,2019-08-02,2019-08-02 09:37:12,0.61,0.7721,94,0.59,0.7468,6,0.58,0.7341,2,0.6,0.7594,782,0
SPY190805C296,2019-08-02,2019-08-02 09:37:12,0.62,0.7848,294,0.6,0.7594,6,0.58,0.7341,2,0.61,0.7721,782,0
SPY190805C296,2019-08-02,2019-08-02 09:37:13,0.62,0.7848,27,0.61,0.7721,6,0.58,0.7341,2,0.615,0.7784,782,0
SPY190805C296,2019-08-02,2019-08-02 09:37:14,0.62,0.7848,13,0.6,0.7594,10,0.58,0.7341,2,0.61,0.7721,782,0
SPY190805C296,2019-08-02,2019-08-02 09:37:20,0.62,0.7848,14,0.6,0.7594,216,0.58,0.7341,2,0.61,0.7721,782,0
SPY190805C296,2019-08-02,2019-08-02 09:37:21,0.62,0.7848,94,0.61,0.7721,56,0.58,0.7341,2,0.615,0.7784,782,0
SPY190805C296,2019-08-02,2019-08-02 09:37:28,0.62,0.7848,80,0.6,0.7594,16,0.58,0.7341,2,0.61,0.7721,782,0
SPY190805C296,2019-08-02,2019-08-02 09:37:29,0.63,0.7974,344,0.61,0.7721,5,0.58,0.7341,2,0.62,0.7848,782,0
SPY190805C296,2019-08-02,2019-08-02 09:37:30,0.62,0.7848,93,0.61,0.7721,5,0.58,0.7341,2,0.615,0.7784,782,0
SPY190805C296,2019-08-02,2019-08-02 09:37:31,0.62,0.7848,93,0.6,0.7594,40,0.58,0.7341,2,0.61,0.7721,782,0
SPY190805C296,2019-08-02,2019-08-02 09:37:32,0.62,0.7848,182,0.6,0.7594,6,0.6,0.7594,50,0.61,0.7721,832,50
SPY190805C296,2019-08-02,2019-08-02 09:37:33,0.61,0.7721,13,0.6,0.7594,5,0.6,0.7594,50,0.605,0.7658,832,0
SPY190805C296,2019-08-02,2019-08-02 09:37:35,0.6,0.7594,19,0.59,0.7468,5,0.59,0.7468,1,0.595,0.7531,838,6
SPY190805C296,2019-08-02,2019-08-02 09:37:35,0.6,0.7594,287,0.58,0.7341,5,0.59,0.7468,1,0.59,0.7468,838,0
SPY190805C296,2019-08-02,2019-08-02 09:37:36,0.59,0.7468,93,0.58,0.7341,5,0.59,0.7468,1,0.585,0.7405,838,0
SPY190805C296,2019-08-02,2019-08-02 09:37:37,0.6,0.7594,235,0.58,0.7341,11,0.59,0.7468,1,0.59,0.7468,838,0
SPY190805C296,2019-08-02,2019-08-02 09:37:37,0.6,0.7594,93,0.58,0.7341,109,0.59,0.7468,1,0.59,0.7468,838,0
SPY190805C296,2019-08-02,2019-08-02 09:37:39,0.6,0.7594,6,0.58,0.7341,268,0.59,0.7468,5,0.59,0.7468,843,0
SPY190805C296,2019-08-02,2019-08-02 09:37:39,0.59,0.7468,1,0.58,0.7341,5,0.59,0.7468,5,0.585,0.7405,843,5
SPY190805C296,2019-08-02,2019-08-02 09:37:41,0.61,0.7721,175,0.6,0.7594,6,0.59,0.7468,5,0.605,0.7658,843,0
SPY190805C296,2019-08-02,2019-08-02 09:37:42,0.62,0.7848,13,0.6,0.7594,100,0.59,0.7468,5,0.61,0.7721,843,0
SPY190805C296,2019-08-02,2019-08-02 09:37:42,0.63,0.7974,480,0.6,0.7594,6,0.61,0.7721,5,0.615,0.7784,848,5
SPY190805C296,2019-08-02,2019-08-02 09:37:45,0.62,0.7848,80,0.61,0.7721,5,0.61,0.7721,5,0.615,0.7784,848,0
SPY190805C296,2019-08-02,2019-08-02 09:37:47,0.62,0.7848,88,0.61,0.7721,5,0.61,0.7721,5,0.615,0.7784,859,11
SPY190805C296,2019-08-02,2019-08-02 09:37:47,0.63,0.7974,80,0.62,0.7848,5,0.61,0.7721,5,0.625,0.7911,859,0
SPY190805C296,2019-08-02,2019-08-02 09:37:48,0.65,0.8227,127,0.63,0.7974,6,0.61,0.7721,5,0.64,0.8101,859,0
SPY190805C296,2019-08-02,2019-08-02 09:37:49,0.64,0.8101,6,0.63,0.7974,258,0.61,0.7721,1,0.635,0.8037,860,1
SPY190805C296,2019-08-02,2019-08-02 09:37:49,0.65,0.8227,99,0.63,0.7974,47,0.61,0.7721,5,0.64,0.8101,859,0
SPY190805C296,2019-08-02,2019-08-02 09:37:50,0.64,0.8101,6,0.62,0.7848,253,0.61,0.7721,1,0.63,0.7974,860,0
SPY190805C296,2019-08-02,2019-08-02 09:37:51,0.65,0.8227,142,0.62,0.7848,37,0.61,0.7721,1,0.635,0.8037,860,0
SPY190805C296,2019-08-02,2019-08-02 09:37:51,0.65,0.8227,96,0.63,0.7974,6,0.61,0.7721,1,0.64,0.8101,860,0
SPY190805C296,2019-08-02,2019-08-02 09:37:52,0.64,0.8101,678,0.61,0.7721,147,0.61,0.7721,1,0.625,0.7911,860,0
SPY190805C296,2019-08-02,2019-08-02 09:37:52,0.64,0.8101,678,0.61,0.7721,218,0.61,0.7721,1,0.625,0.7911,860,0
SPY190805C296,2019-08-02,2019-08-02 09:37:53,0.63,0.7974,80,0.62,0.7848,5,0.61,0.7721,1,0.625,0.7911,860,0
SPY190805C296,2019-08-02,2019-08-02 09:37:54,0.63,0.7974,86,0.62,0.7848,5,0.61,0.7721,1,0.625,0.7911,860,0
SPY190805C296,2019-08-02,2019-08-02 09:37:54,0.63,0.7974,86,0.61,0.7721,43,0.61,0.7721,1,0.62,0.7848,860,0
SPY190805C296,2019-08-02,2019-08-02 09:37:55,0.65,0.8227,734,0.63,0.7974,5,0.61,0.7721,1,0.64,0.8101,860,0
SPY190805C296,2019-08-02,2019-08-02 09:37:55,0.65,0.8227,699,0.62,0.7848,255,0.61,0.7721,1,0.635,0.8037,860,0
SPY190805C296,2019-08-02,2019-08-02 09:37:56,0.64,0.8101,96,0.62,0.7848,41,0.63,0.7974,5,0.63,0.7974,876,16
SPY190805C296,2019-08-02,2019-08-02 09:37:57,0.62,0.7848,86,0.6,0.7594,262,0.62,0.7848,5,0.61,0.7721,891,0
SPY190805C296,2019-08-02,2019-08-02 09:37:57,0.64,0.8101,440,0.6,0.7594,218,0.62,0.7848,5,0.62,0.7848,891,15
SPY190805C296,2019-08-02,2019-08-02 09:37:59,0.63,0.7974,14,0.61,0.7721,6,0.62,0.7848,5,0.62,0.7848,903,12
SPY190805C296,2019-08-02,2019-08-02 09:38:00,0.65,0.8227,80,0.64,0.8101,5,0.64,0.8101,5,0.645,0.8164,942,39
SPY190805C296,2019-08-02,2019-08-02 09:38:01,0.66,0.8354,478,0.64,0.8101,40,0.64,0.8101,5,0.65,0.8227,942,0
SPY190805C296,2019-08-02,2019-08-02 09:38:02,0.66,0.8354,86,0.64,0.8101,43,0.64,0.8101,5,0.65,0.8227,942,0
SPY190805C296,2019-08-02,2019-08-02 09:38:03,0.66,0.8354,400,0.62,0.7848,137,0.65,0.8227,5,0.64,0.8101,947,5
SPY190805C296,2019-08-02,2019-08-02 09:38:03,0.66,0.8354,226,0.62,0.7848,137,0.65,0.8227,5,0.64,0.8101,947,0
SPY190805C296,2019-08-02,2019-08-02 09:38:04,0.66,0.8354,174,0.64,0.8101,248,0.65,0.8227,5,0.65,0.8227,947,0
SPY190805C296,2019-08-02,2019-08-02 09:38:05,0.66,0.8354,174,0.64,0.8101,248,0.65,0.8227,5,0.65,0.8227,947,0
SPY190805C296,2019-08-02,2019-08-02 09:38:05,0.67,0.8481,80,0.65,0.8227,40,0.65,0.8227,5,0.66,0.8354,947,0
SPY190805C296,2019-08-02,2019-08-02 09:38:06,0.67,0.8481,80,0.63,0.7974,180,0.65,0.8227,5,0.65,0.8227,947,0
SPY190805C296,2019-08-02,2019-08-02 09:38:07,0.68,0.8607,200,0.65,0.8227,8,0.65,0.8227,5,0.665,0.8417,947,0
SPY190805C296,2019-08-02,2019-08-02 09:38:08,0.68,0.8607,274,0.65,0.8227,250,0.65,0.8227,5,0.665,0.8417,947,0
SPY190805C296,2019-08-02,2019-08-02 09:38:10,0.67,0.8481,39,0.65,0.8227,13,0.66,0.8354,5,0.66,0.8354,957,10
SPY190805C296,2019-08-02,2019-08-02 09:38:11,0.67,0.8481,114,0.65,0.8227,259,0.66,0.8354,5,0.66,0.8354,957,0
SPY190805C296,2019-08-02,2019-08-02 09:38:12,0.67,0.8481,114,0.66,0.8354,5,0.66,0.8354,5,0.665,0.8417,957,0
SPY190805C296,2019-08-02,2019-08-02 09:38:12,0.66,0.8354,1,0.65,0.8227,8,0.65,0.8227,8,0.655,0.8291,970,13
SPY190805C296,2019-08-02,2019-08-02 09:38:13,0.66,0.8354,116,0.64,0.8101,208,0.65,0.8227,5,0.65,0.8227,1080,110
SPY190805C296,2019-08-02,2019-08-02 09:38:14,0.66,0.8354,216,0.64,0.8101,208,0.65,0.8227,5,0.65,0.8227,1090,10
SPY190805C296,2019-08-02,2019-08-02 09:38:16,0.65,0.8227,1,0.63,0.7974,237,0.64,0.8101,5,0.64,0.8101,1105,0
SPY190805C296,2019-08-02,2019-08-02 09:38:16,0.65,0.8227,112,0.63,0.7974,208,0.64,0.8101,5,0.64,0.8101,1105,15
SPY190805C296,2019-08-02,2019-08-02 09:38:18,0.66,0.8354,32,0.65,0.8227,100,0.65,0.8227,1,0.655,0.8291,1106,1
SPY190805C296,2019-08-02,2019-08-02 09:38:18,0.66,0.8354,32,0.65,0.8227,100,0.65,0.8227,1,0.655,0.8291,1106,0
SPY190805C296,2019-08-02,2019-08-02 09:38:19,0.67,0.8481,329,0.64,0.8101,245,0.65,0.8227,1,0.655,0.8291,1106,0
SPY190805C296,2019-08-02,2019-08-02 09:38:20,0.67,0.8481,96,0.64,0.8101,245,0.65,0.8227,1,0.655,0.8291,1106,0
SPY190805C296,2019-08-02,2019-08-02 09:38:21,0.66,0.8354,112,0.65,0.8227,5,0.65,0.8227,1,0.655,0.8291,1106,0
SPY190805C296,2019-08-02,2019-08-02 09:38:22,0.66,0.8354,112,0.64,0.8101,243,0.65,0.8227,1,0.65,0.8227,1106,0
SPY190805C296,2019-08-02,2019-08-02 09:38:23,0.67,0.8481,121,0.65,0.8227,137,0.65,0.8227,1,0.66,0.8354,1106,0
SPY190805C296,2019-08-02,2019-08-02 09:38:23,0.68,0.8607,128,0.66,0.8354,37,0.65,0.8227,20,0.67,0.8481,1126,20
SPY190805C296,2019-08-02,2019-08-02 09:38:24,0.68,0.8607,25,0.67,0.8481,137,0.68,0.8607,1,0.675,0.8544,1129,3
SPY190805C296,2019-08-02,2019-08-02 09:38:25,0.68,0.8607,85,0.67,0.8481,208,0.68,0.8607,1,0.675,0.8544,1129,0
SPY190805C296,2019-08-02,2019-08-02 09:38:25,0.68,0.8607,85,0.67,0.8481,137,0.68,0.8607,1,0.675,0.8544,1129,0
SPY190805C296,2019-08-02,2019-08-02 09:38:31,0.7,0.886,82,0.69,0.8734,5,0.68,0.8607,1,0.695,0.8797,1129,0
SPY190805C296,2019-08-02,2019-08-02 09:38:35,0.72,0.9113,70,0.71,0.8987,20,0.69,0.8734,1,0.715,0.905,1145,16
SPY190805C296,2019-08-02,2019-08-02 09:38:36,0.73,0.924,613,0.71,0.8987,100,0.69,0.8734,1,0.72,0.9113,1145,0
SPY190805C296,2019-08-02,2019-08-02 09:38:37,0.73,0.924,590,0.71,0.8987,100,0.69,0.8734,1,0.72,0.9113,1145,0
SPY190805C296,2019-08-02,2019-08-02 09:38:38,0.72,0.9113,76,0.7,0.886,6,0.69,0.8734,1,0.71,0.8987,1145,0
SPY190805C296,2019-08-02,2019-08-02 09:38:38,0.73,0.924,400,0.71,0.8987,100,0.69,0.8734,1,0.72,0.9113,1145,0
SPY190805C296,2019-08-02,2019-08-02 09:38:39,0.73,0.924,625,0.68,0.8607,631,0.69,0.8734,1,0.705,0.8924,1145,0
SPY190805C296,2019-08-02,2019-08-02 09:38:40,0.73,0.924,625,0.7,0.886,6,0.69,0.8734,1,0.715,0.905,1145,0
SPY190805C296,2019-08-02,2019-08-02 09:38:41,0.73,0.924,501,0.7,0.886,5,0.71,0.8987,1,0.715,0.905,1151,0
SPY190805C296,2019-08-02,2019-08-02 09:38:41,0.73,0.924,490,0.68,0.8607,539,0.71,0.8987,1,0.705,0.8924,1151,6
SPY190805C296,2019-08-02,2019-08-02 09:38:50,0.72,0.9113,400,0.71,0.8987,5,0.71,0.8987,50,0.715,0.905,1231,80
SPY190805C296,2019-08-02,2019-08-02 09:38:51,0.71,0.8987,1,0.7,0.886,2,0.7,0.886,3,0.705,0.8924,1240,9
SPY190805C296,2019-08-02,2019-08-02 09:38:51,0.72,0.9113,90,0.7,0.886,229,0.7,0.886,3,0.71,0.8987,1240,0
SPY190805C296,2019-08-02,2019-08-02 09:38:53,0.72,0.9113,138,0.7,0.886,5,0.7,0.886,3,0.71,0.8987,1240,0
SPY190805C296,2019-08-02,2019-08-02 09:38:53,0.72,0.9113,94,0.7,0.886,5,0.7,0.886,3,0.71,0.8987,1240,0
SPY190805C296,2019-08-02,2019-08-02 09:38:54,0.72,0.9113,129,0.7,0.886,100,0.7,0.886,3,0.71,0.8987,1240,0
SPY190805C296,2019-08-02,2019-08-02 09:38:55,0.73,0.924,110,0.71,0.8987,100,0.7,0.886,3,0.72,0.9113,1240,0
SPY190805C296,2019-08-02,2019-08-02 09:38:56,0.73,0.924,143,0.71,0.8987,100,0.7,0.886,3,0.72,0.9113,1240,0
SPY190805C296,2019-08-02,2019-08-02 09:38:57,0.72,0.9113,6,0.7,0.886,231,0.7,0.886,3,0.71,0.8987,1240,0
SPY190805C296,2019-08-02,2019-08-02 09:38:57,0.73,0.924,139,0.71,0.8987,32,0.7,0.886,3,0.72,0.9113,1240,0
SPY190805C296,2019-08-02,2019-08-02 09:38:58,0.72,0.9113,6,0.71,0.8987,6,0.7,0.886,3,0.715,0.905,1240,0
SPY190805C296,2019-08-02,2019-08-02 09:38:59,0.73,0.924,142,0.71,0.8987,82,0.7,0.886,3,0.72,0.9113,1240,0
SPY190805C296,2019-08-02,2019-08-02 09:39:00,0.73,0.924,91,0.72,0.9113,32,0.7,0.886,3,0.725,0.9177,1240,0
SPY190805C296,2019-08-02,2019-08-02 09:39:01,0.75,0.9493,256,0.73,0.924,6,0.73,0.924,1,0.74,0.9367,1242,2
SPY190805C296,2019-08-02,2019-08-02 09:39:02,0.74,0.9367,91,0.73,0.924,100,0.73,0.924,1,0.735,0.9303,1242,0
SPY190805C296,2019-08-02,2019-08-02 09:39:03,0.76,0.962,329,0.74,0.9367,100,0.73,0.924,1,0.75,0.9493,1242,0
SPY190805C296,2019-08-02,2019-08-02 09:39:06,0.75,0.9493,118,0.73,0.924,69,0.73,0.924,1,0.74,0.9367,1242,0
SPY190805C296,2019-08-02,2019-08-02 09:39:07,0.77,0.9746,584,0.75,0.9493,6,0.74,0.9367,1,0.76,0.962,1243,1
SPY190805C296,2019-08-02,2019-08-02 09:39:08,0.78,0.9873,5,0.76,0.962,32,0.74,0.9367,1,0.77,0.9746,1243,0
SPY190805C296,2019-08-02,2019-08-02 09:39:09,0.76,0.962,6,0.73,0.924,20,0.74,0.9367,1,0.745,0.943,1243,0
SPY190805C296,2019-08-02,2019-08-02 09:39:10,0.75,0.9493,39,0.73,0.924,28,0.74,0.9367,1,0.74,0.9367,1243,0
SPY190805C296,2019-08-02,2019-08-02 09:39:10,0.76,0.962,20,0.73,0.924,128,0.74,0.9367,1,0.745,0.943,1243,0
SPY190805C296,2019-08-02,2019-08-02 09:39:11,0.74,0.9367,6,0.73,0.924,65,0.74,0.9367,1,0.735,0.9303,1243,0
SPY190805C296,2019-08-02,2019-08-02 09:39:12,0.75,0.9493,39,0.73,0.924,32,0.74,0.9367,1,0.74,0.9367,1243,0
SPY190805C296,2019-08-02,2019-08-02 09:39:12,0.76,0.962,108,0.74,0.9367,6,0.74,0.9367,1,0.75,0.9493,1243,0
SPY190805C296,2019-08-02,2019-08-02 09:39:13,0.76,0.962,108,0.74,0.9367,6,0.74,0.9367,1,0.75,0.9493,1243,0
SPY190805C296,2019-08-02,2019-08-02 09:39:13,0.76,0.962,39,0.74,0.9367,31,0.74,0.9367,1,0.75,0.9493,1243,0
SPY190805C296,2019-08-02,2019-08-02 09:39:14,0.76,0.962,39,0.75,0.9493,6,0.74,0.9367,1,0.755,0.9556,1243,0
SPY190805C296,2019-08-02,2019-08-02 09:39:15,0.77,0.9746,214,0.74,0.9367,149,0.74,0.9367,1,0.755,0.9556,1243,0
SPY190805C296,2019-08-02,2019-08-02 09:39:15,0.76,0.962,39,0.74,0.9367,149,0.74,0.9367,1,0.75,0.9493,1243,0
SPY190805C296,2019-08-02,2019-08-02 09:39:16,0.77,0.9746,39,0.75,0.9493,6,0.74,0.9367,1,0.76,0.962,1243,0
SPY190805C296,2019-08-02,2019-08-02 09:39:16,0.77,0.9746,97,0.75,0.9493,25,0.74,0.9367,1,0.76,0.962,1243,0
SPY190805C296,2019-08-02,2019-08-02 09:39:17,0.77,0.9746,95,0.75,0.9493,107,0.74,0.9367,1,0.76,0.962,1243,0
SPY190805C296,2019-08-02,2019-08-02 09:39:18,0.77,0.9746,39,0.76,0.962,6,0.77,0.9746,10,0.765,0.9683,1253,10
SPY190805C296,2019-08-02,2019-08-02 09:39:19,0.77,0.9746,37,0.76,0.962,143,0.77,0.9746,10,0.765,0.9683,1253,0
SPY190805C296,2019-08-02,2019-08-02 09:39:19,0.77,0.9746,37,0.75,0.9493,98,0.77,0.9746,10,0.76,0.962,1253,0
SPY190805C296,2019-08-02,2019-08-02 09:39:20,0.78,0.9873,20,0.76,0.962,85,0.77,0.9746,10,0.77,0.9746,1253,0
SPY190805C296,2019-08-02,2019-08-02 09:39:21,0.78,0.9873,39,0.76,0.962,50,0.77,0.9746,10,0.77,0.9746,1253,0
SPY190805C296,2019-08-02,2019-08-02 09:39:21,0.78,0.9873,6,0.77,0.9746,3,0.77,0.9746,10,0.775,0.981,1253,0
SPY190805C296,2019-08-02,2019-08-02 09:39:22,0.78,0.9873,39,0.77,0.9746,3,0.77,0.9746,1,0.775,0.981,1254,1
SPY190805C296,2019-08-02,2019-08-02 09:39:23,0.78,0.9873,39,0.77,0.9746,3,0.77,0.9746,1,0.775,0.981,1254,0
SPY190805C296,2019-08-02,2019-08-02 09:39:25,0.78,0.9873,29,0.77,0.9746,105,0.77,0.9746,1,0.775,0.981,1254,0
SPY190805C296,2019-08-02,2019-08-02 09:39:26,0.78,0.9873,39,0.77,0.9746,105,0.77,0.9746,1,0.775,0.981,1254,0
SPY190805C296,2019-08-02,2019-08-02 09:39:27,0.81,1.0253,108,0.77,0.9746,100,0.77,0.9746,1,0.79,1.0,1254,0
SPY190805C296,2019-08-02,2019-08-02 09:39:27,0.78,0.9873,29,0.77,0.9746,105,0.77,0.9746,1,0.775,0.981,1254,0
SPY190805C296,2019-08-02,2019-08-02 09:39:28,0.81,1.0253,39,0.79,1.0,6,0.77,0.9746,1,0.8,1.0126,1254,0
SPY190805C296,2019-08-02,2019-08-02 09:39:28,0.81,1.0253,39,0.79,1.0,104,0.77,0.9746,1,0.8,1.0126,1254,0
SPY190805C296,2019-08-02,2019-08-02 09:39:29,0.81,1.0253,39,0.79,1.0,104,0.77,0.9746,1,0.8,1.0126,1254,0
SPY190805C296,2019-08-02,2019-08-02 09:39:30,0.82,1.0379,139,0.8,1.0126,6,0.77,0.9746,1,0.81,1.0253,1254,0
SPY190805C296,2019-08-02,2019-08-02 09:39:31,0.82,1.0379,263,0.8,1.0126,33,0.77,0.9746,1,0.81,1.0253,1254,0
SPY190805C296,2019-08-02,2019-08-02 09:39:32,0.81,1.0253,213,0.79,1.0,33,0.77,0.9746,1,0.8,1.0126,1254,0
SPY190805C296,2019-08-02,2019-08-02 09:39:32,0.81,1.0253,6,0.79,1.0,33,0.81,1.0253,10,0.8,1.0126,1264,10
SPY190805C296,2019-08-02,2019-08-02 09:39:33,0.82,1.0379,39,0.8,1.0126,35,0.81,1.0253,10,0.81,1.0253,1264,0
SPY190805C296,2019-08-02,2019-08-02 09:39:34,0.85,1.0759,20,0.84,1.0632,6,0.82,1.0379,2,0.845,1.0696,1266,2
SPY190805C296,2019-08-02,2019-08-02 09:39:35,0.85,1.0759,179,0.83,1.0506,100,0.82,1.0379,2,0.84,1.0632,1266,0
SPY190805C296,2019-08-02,2019-08-02 09:39:36,0.85,1.0759,39,0.83,1.0506,122,0.82,1.0379,2,0.84,1.0632,1266,0
SPY190805C296,2019-08-02,2019-08-02 09:39:38,0.87,1.1012,711,0.84,1.0632,70,0.82,1.0379,2,0.855,1.0822,1266,0
SPY190805C296,2019-08-02,2019-08-02 09:39:39,0.84,1.0632,39,0.83,1.0506,6,0.82,1.0379,2,0.835,1.0569,1266,0
SPY190805C296,2019-08-02,2019-08-02 09:39:40,0.85,1.0759,90,0.83,1.0506,6,0.82,1.0379,2,0.84,1.0632,1266,0
SPY190805C296,2019-08-02,2019-08-02 09:39:41,0.83,1.0506,39,0.81,1.0253,263,0.82,1.0379,2,0.82,1.0379,1266,0
SPY190805C296,2019-08-02,2019-08-02 09:39:42,0.83,1.0506,423,0.8,1.0126,5,0.82,1.0379,2,0.815,1.0316,1266,0
SPY190805C296,2019-08-02,2019-08-02 09:39:43,0.83,1.0506,423,0.79,1.0,203,0.82,1.0379,2,0.81,1.0253,1266,0
SPY190805C296,2019-08-02,2019-08-02 09:39:44,0.81,1.0253,39,0.78,0.9873,133,0.82,1.0379,2,0.795,1.0063,1266,0
SPY190805C296,2019-08-02,2019-08-02 09:39:44,0.81,1.0253,109,0.79,1.0,141,0.82,1.0379,2,0.8,1.0126,1266,0
SPY190805C296,2019-08-02,2019-08-02 09:39:45,0.81,1.0253,109,0.79,1.0,141,0.82,1.0379,2,0.8,1.0126,1266,0
SPY190805C296,2019-08-02,2019-08-02 09:39:46,0.82,1.0379,95,0.79,1.0,120,0.82,1.0379,2,0.805,1.0189,1266,0
SPY190805C296,2019-08-02,2019-08-02 09:39:47,0.82,1.0379,39,0.8,1.0126,28,0.82,1.0379,2,0.81,1.0253,1266,0
SPY190805C296,2019-08-02,2019-08-02 09:39:47,0.83,1.0506,6,0.81,1.0253,34,0.82,1.0379,2,0.82,1.0379,1266,0
SPY190805C296,2019-08-02,2019-08-02 09:39:48,0.83,1.0506,39,0.82,1.0379,29,0.82,1.0379,2,0.825,1.0443,1266,0
SPY190805C296,2019-08-02,2019-08-02 09:39:49,0.84,1.0632,6,0.82,1.0379,50,0.82,1.0379,2,0.83,1.0506,1266,0
SPY190805C296,2019-08-02,2019-08-02 09:39:50,0.83,1.0506,131,0.8,1.0126,219,0.82,1.0379,2,0.815,1.0316,1266,0
SPY190805C296,2019-08-02,2019-08-02 09:39:50,0.83,1.0506,6,0.81,1.0253,133,0.82,1.0379,2,0.82,1.0379,1266,0
SPY190805C296,2019-08-02,2019-08-02 09:39:52,0.82,1.0379,111,0.8,1.0126,159,0.81,1.0253,8,0.81,1.0253,1274,8
SPY190805C296,2019-08-02,2019-08-02 09:39:53,0.82,1.0379,177,0.79,1.0,95,0.81,1.0253,8,0.805,1.0189,1274,0
SPY190805C296,2019-08-02,2019-08-02 09:39:55,0.82,1.0379,5,0.81,1.0253,20,0.81,1.0253,8,0.815,1.0316,1274,0
SPY190805C296,2019-08-02,2019-08-02 09:39:55,0.82,1.0379,152,0.8,1.0126,47,0.81,1.0253,8,0.81,1.0253,1274,0
SPY190805C296,2019-08-02,2019-08-02 09:39:56,0.82,1.0379,219,0.8,1.0126,37,0.81,1.0253,8,0.81,1.0253,1274,0
SPY190805C296,2019-08-02,2019-08-02 09:39:57,0.81,1.0253,139,0.8,1.0126,37,0.81,1.0253,8,0.805,1.0189,1274,0
SPY190805C296,2019-08-02,2019-08-02 09:39:57,0.8,1.0126,39,0.78,0.9873,10,0.81,1.0253,8,0.79,1.0,1274,0
SPY190805C296,2019-08-02,2019-08-02 09:39:58,0.78,0.9873,5,0.78,0.9873,17,0.79,1.0,1,0.78,0.9873,1275,1
SPY190805C296,2019-08-02,2019-08-02 09:39:58,0.79,1.0,42,0.77,0.9746,37,0.79,1.0,1,0.78,0.9873,1275,0
SPY190805C296,2019-08-02,2019-08-02 09:39:59,0.78,0.9873,202,0.77,0.9746,3,0.78,0.9873,1,0.775,0.981,1276,1
SPY190805C296,2019-08-02,2019-08-02 09:40:00,0.77,0.9746,77,0.74,0.9367,158,0.77,0.9746,1,0.755,0.9556,1279,0
SPY190805C296,2019-08-02,2019-08-02 09:40:00,0.77,0.9746,77,0.77,0.9746,3,0.77,0.9746,1,0.77,0.9746,1279,3
SPY190805C296,2019-08-02,2019-08-02 09:40:01,0.78,0.9873,109,0.75,0.9493,6,0.77,0.9746,1,0.765,0.9683,1279,0
SPY190805C296,2019-08-02,2019-08-02 09:40:02,0.76,0.962,68,0.74,0.9367,173,0.77,0.9746,1,0.75,0.9493,1279,0
SPY190805C296,2019-08-02,2019-08-02 09:40:02,0.76,0.962,187,0.74,0.9367,115,0.77,0.9746,1,0.75,0.9493,1279,0
SPY190805C296,2019-08-02,2019-08-02 09:40:03,0.76,0.962,6,0.74,0.9367,115,0.77,0.9746,1,0.75,0.9493,1279,0
SPY190805C296,2019-08-02,2019-08-02 09:40:04,0.75,0.9493,5,0.73,0.924,107,0.77,0.9746,1,0.74,0.9367,1279,0
SPY190805C296,2019-08-02,2019-08-02 09:40:04,0.76,0.962,71,0.74,0.9367,28,0.77,0.9746,1,0.75,0.9493,1279,0
SPY190805C296,2019-08-02,2019-08-02 09:40:05,0.75,0.9493,6,0.73,0.924,111,0.77,0.9746,1,0.74,0.9367,1279,0
SPY190805C296,2019-08-02,2019-08-02 09:40:06,0.75,0.9493,34,0.73,0.924,47,0.77,0.9746,1,0.74,0.9367,1279,0
SPY190805C296,2019-08-02,2019-08-02 09:40:07,0.76,0.962,26,0.74,0.9367,49,0.77,0.9746,1,0.75,0.9493,1279,0
SPY190805C296,2019-08-02,2019-08-02 09:40:08,0.76,0.962,5,0.74,0.9367,89,0.77,0.9746,1,0.75,0.9493,1279,0
SPY190805C296,2019-08-02,2019-08-02 09:40:09,0.76,0.962,39,0.74,0.9367,6,0.77,0.9746,1,0.75,0.9493,1279,0
SPY190805C296,2019-08-02,2019-08-02 09:40:09,0.75,0.9493,41,0.73,0.924,25,0.77,0.9746,1,0.74,0.9367,1279,0
SPY190805C296,2019-08-02,2019-08-02 09:40:10,0.73,0.924,40,0.7,0.886,137,0.77,0.9746,1,0.715,0.905,1279,0
SPY190805C296,2019-08-02,2019-08-02 09:40:11,0.73,0.924,76,0.7,0.886,6,0.7,0.886,1,0.715,0.905,1280,1
SPY190805C296,2019-08-02,2019-08-02 09:40:12,0.73,0.924,109,0.7,0.886,6,0.7,0.886,1,0.715,0.905,1280,0
SPY190805C296,2019-08-02,2019-08-02 09:40:12,0.72,0.9113,67,0.7,0.886,37,0.7,0.886,1,0.71,0.8987,1280,0
SPY190805C296,2019-08-02,2019-08-02 09:40:13,0.73,0.924,109,0.69,0.8734,8,0.7,0.886,1,0.71,0.8987,1280,0
SPY190805C296,2019-08-02,2019-08-02 09:40:14,0.7,0.886,17,0.7,0.886,6,0.7,0.886,1,0.7,0.886,1280,0
SPY190805C296,2019-08-02,2019-08-02 09:40:14,0.73,0.924,109,0.69,0.8734,8,0.7,0.886,1,0.71,0.8987,1280,0
SPY190805C296,2019-08-02,2019-08-02 09:40:15,0.72,0.9113,39,0.7,0.886,37,0.7,0.886,1,0.71,0.8987,1280,0
SPY190805C296,2019-08-02,2019-08-02 09:40:15,0.72,0.9113,169,0.71,0.8987,6,0.71,0.8987,1,0.715,0.905,1281,1
SPY190805C296,2019-08-02,2019-08-02 09:40:16,0.72,0.9113,169,0.71,0.8987,1,0.71,0.8987,1,0.715,0.905,1281,0
SPY190805C296,2019-08-02,2019-08-02 09:40:17,0.73,0.924,132,0.72,0.9113,9,0.71,0.8987,1,0.725,0.9177,1281,0
SPY190805C296,2019-08-02,2019-08-02 09:40:17,0.73,0.924,39,0.71,0.8987,6,0.71,0.8987,1,0.72,0.9113,1281,0
SPY190805C296,2019-08-02,2019-08-02 09:40:18,0.73,0.924,225,0.72,0.9113,6,0.72,0.9113,2,0.725,0.9177,1288,2
SPY190805C296,2019-08-02,2019-08-02 09:40:18,0.72,0.9113,39,0.71,0.8987,9,0.72,0.9113,1,0.715,0.905,1286,5
SPY190805C296,2019-08-02,2019-08-02 09:40:19,0.73,0.924,50,0.72,0.9113,6,0.72,0.9113,2,0.725,0.9177,1288,0
SPY190805C296,2019-08-02,2019-08-02 09:40:20,0.74,0.9367,237,0.72,0.9113,60,0.73,0.924,2,0.73,0.924,1290,2
SPY190805C296,2019-08-02,2019-08-02 09:40:21,0.73,0.924,198,0.72,0.9113,50,0.73,0.924,2,0.725,0.9177,1290,0
SPY190805C296,2019-08-02,2019-08-02 09:40:21,0.73,0.924,203,0.72,0.9113,50,0.73,0.924,2,0.725,0.9177,1290,0
SPY190805C296,2019-08-02,2019-08-02 09:40:22,0.73,0.924,232,0.71,0.8987,6,0.73,0.924,2,0.72,0.9113,1290,0
SPY190805C296,2019-08-02,2019-08-02 09:40:22,0.73,0.924,34,0.71,0.8987,6,0.73,0.924,2,0.72,0.9113,1290,0
SPY190805C296,2019-08-02,2019-08-02 09:40:24,0.72,0.9113,39,0.71,0.8987,6,0.73,0.924,2,0.715,0.905,1290,0
SPY190805C296,2019-08-02,2019-08-02 09:40:24,0.73,0.924,5,0.72,0.9113,6,0.73,0.924,2,0.725,0.9177,1290,0
SPY190805C296,2019-08-02,2019-08-02 09:40:25,0.73,0.924,230,0.72,0.9113,6,0.73,0.924,2,0.725,0.9177,1290,0
SPY190805C296,2019-08-02,2019-08-02 09:40:26,0.72,0.9113,66,0.71,0.8987,9,0.73,0.924,2,0.715,0.905,1290,0
SPY190805C296,2019-08-02,2019-08-02 09:40:27,0.72,0.9113,141,0.71,0.8987,6,0.73,0.924,2,0.715,0.905,1290,0
SPY190805C296,2019-08-02,2019-08-02 09:40:27,0.72,0.9113,125,0.71,0.8987,6,0.73,0.924,2,0.715,0.905,1290,0
SPY190805C296,2019-08-02,2019-08-02 09:40:28,0.72,0.9113,6,0.7,0.886,76,0.73,0.924,2,0.71,0.8987,1290,0
SPY190805C296,2019-08-02,2019-08-02 09:40:29,0.72,0.9113,201,0.7,0.886,118,0.73,0.924,2,0.71,0.8987,1290,0
SPY190805C296,2019-08-02,2019-08-02 09:40:30,0.72,0.9113,231,0.68,0.8607,198,0.73,0.924,2,0.7,0.886,1290,0
SPY190805C296,2019-08-02,2019-08-02 09:40:30,0.72,0.9113,231,0.7,0.886,9,0.73,0.924,2,0.71,0.8987,1290,0
SPY190805C296,2019-08-02,2019-08-02 09:40:31,0.71,0.8987,6,0.7,0.886,6,0.73,0.924,2,0.705,0.8924,1290,0
SPY190805C296,2019-08-02,2019-08-02 09:40:32,0.7,0.886,5,0.69,0.8734,6,0.73,0.924,2,0.695,0.8797,1290,0
SPY190805C296,2019-08-02,2019-08-02 09:40:32,0.7,0.886,1,0.68,0.8607,70,0.73,0.924,2,0.69,0.8734,1290,0
SPY190805C296,2019-08-02,2019-08-02 09:40:33,0.69,0.8734,5,0.67,0.8481,114,0.73,0.924,2,0.68,0.8607,1290,0
SPY190805C296,2019-08-02,2019-08-02 09:40:33,0.7,0.886,163,0.68,0.8607,70,0.73,0.924,2,0.69,0.8734,1290,0
SPY190805C296,2019-08-02,2019-08-02 09:40:34,0.69,0.8734,139,0.68,0.8607,6,0.73,0.924,2,0.685,0.867,1290,0
SPY190805C296,2019-08-02,2019-08-02 09:40:35,0.69,0.8734,91,0.67,0.8481,84,0.73,0.924,2,0.68,0.8607,1290,0
SPY190805C296,2019-08-02,2019-08-02 09:40:36,0.68,0.8607,231,0.65,0.8227,229,0.73,0.924,2,0.665,0.8417,1290,0
SPY190805C296,2019-08-02,2019-08-02 09:40:36,0.7,0.886,57,0.68,0.8607,6,0.73,0.924,2,0.69,0.8734,1290,0
SPY190805C296,2019-08-02,2019-08-02 09:40:37,0.68,0.8607,29,0.65,0.8227,99,0.73,0.924,2,0.665,0.8417,1290,0
SPY190805C296,2019-08-02,2019-08-02 09:40:38,0.67,0.8481,33,0.65,0.8227,167,0.73,0.924,2,0.66,0.8354,1290,0
SPY190805C296,2019-08-02,2019-08-02 09:40:38,0.69,0.8734,7,0.67,0.8481,6,0.73,0.924,2,0.68,0.8607,1290,0
SPY190805C296,2019-08-02,2019-08-02 09:40:39,0.68,0.8607,123,0.67,0.8481,6,0.73,0.924,2,0.675,0.8544,1290,0
SPY190805C296,2019-08-02,2019-08-02 09:40:40,0.68,0.8607,134,0.67,0.8481,6,0.73,0.924,2,0.675,0.8544,1290,0
SPY190805C296,2019-08-02,2019-08-02 09:40:41,0.7,0.886,235,0.68,0.8607,6,0.73,0.924,2,0.69,0.8734,1290,0
SPY190805C296,2019-08-02,2019-08-02 09:40:42,0.7,0.886,234,0.68,0.8607,6,0.73,0.924,2,0.69,0.8734,1290,0
SPY190805C296,2019-08-02,2019-08-02 09:40:43,0.69,0.8734,282,0.65,0.8227,210,0.73,0.924,2,0.67,0.8481,1290,0
SPY190805C296,2019-08-02,2019-08-02 09:40:44,0.68,0.8607,231,0.66,0.8354,6,0.73,0.924,2,0.67,0.8481,1290,0
SPY190805C296,2019-08-02,2019-08-02 09:40:44,0.68,0.8607,231,0.67,0.8481,6,0.73,0.924,2,0.675,0.8544,1290,0
SPY190805C296,2019-08-02,2019-08-02 09:40:45,0.7,0.886,251,0.68,0.8607,6,0.68,0.8607,4,0.69,0.8734,1299,0
SPY190805C296,2019-08-02,2019-08-02 09:40:45,0.68,0.8607,5,0.67,0.8481,10,0.68,0.8607,4,0.675,0.8544,1299,9
SPY190805C296,2019-08-02,2019-08-02 09:40:46,0.71,0.8987,249,0.67,0.8481,37,0.68,0.8607,4,0.69,0.8734,1299,0
SPY190805C296,2019-08-02,2019-08-02 09:40:47,0.7,0.886,113,0.69,0.8734,6,0.68,0.8607,4,0.695,0.8797,1299,0
SPY190805C296,2019-08-02,2019-08-02 09:40:48,0.7,0.886,113,0.68,0.8607,6,0.68,0.8607,4,0.69,0.8734,1299,0
SPY190805C296,2019-08-02,2019-08-02 09:40:49,0.7,0.886,70,0.68,0.8607,6,0.68,0.8607,4,0.69,0.8734,1299,0
SPY190805C296,2019-08-02,2019-08-02 09:40:49,0.68,0.8607,5,0.67,0.8481,6,0.68,0.8607,4,0.675,0.8544,1299,0
SPY190805C296,2019-08-02,2019-08-02 09:40:50,0.68,0.8607,215,0.67,0.8481,6,0.68,0.8607,4,0.675,0.8544,1299,0
SPY190805C296,2019-08-02,2019-08-02 09:40:51,0.68,0.8607,113,0.67,0.8481,6,0.68,0.8607,4,0.675,0.8544,1299,0
SPY190805C296,2019-08-02,2019-08-02 09:40:51,0.7,0.886,257,0.67,0.8481,6,0.68,0.8607,4,0.685,0.867,1299,0
SPY190805C296,2019-08-02,2019-08-02 09:40:52,0.67,0.8481,113,0.65,0.8227,29,0.68,0.8607,4,0.66,0.8354,1299,0
SPY190805C296,2019-08-02,2019-08-02 09:40:53,0.67,0.8481,113,0.65,0.8227,32,0.68,0.8607,4,0.66,0.8354,1299,0
SPY190805C296,2019-08-02,2019-08-02 09:40:54,0.66,0.8354,188,0.65,0.8227,6,0.68,0.8607,4,0.655,0.8291,1299,0
SPY190805C296,2019-08-02,2019-08-02 09:40:55,0.66,0.8354,182,0.64,0.8101,47,0.66,0.8354,1,0.65,0.8227,1300,1
SPY190805C296,2019-08-02,2019-08-02 09:40:56,0.66,0.8354,182,0.64,0.8101,31,0.66,0.8354,1,0.65,0.8227,1300,0
SPY190805C296,2019-08-02,2019-08-02 09:40:57,0.66,0.8354,167,0.65,0.8227,9,0.66,0.8354,1,0.655,0.8291,1300,0
SPY190805C296,2019-08-02,2019-08-02 09:40:57,0.66,0.8354,167,0.65,0.8227,7,0.66,0.8354,1,0.655,0.8291,1300,0
SPY190805C296,2019-08-02,2019-08-02 09:40:58,0.66,0.8354,167,0.64,0.8101,43,0.66,0.8354,1,0.65,0.8227,1300,0
SPY190805C296,2019-08-02,2019-08-02 09:40:58,0.65,0.8227,5,0.64,0.8101,6,0.66,0.8354,1,0.645,0.8164,1300,0
SPY190805C296,2019-08-02,2019-08-02 09:40:59,0.67,0.8481,94,0.65,0.8227,6,0.66,0.8354,1,0.66,0.8354,1300,0
SPY190805C296,2019-08-02,2019-08-02 09:41:00,0.67,0.8481,17,0.66,0.8354,37,0.66,0.8354,1,0.665,0.8417,1300,0
SPY190805C296,2019-08-02,2019-08-02 09:41:01,0.68,0.8607,102,0.66,0.8354,10,0.66,0.8354,1,0.67,0.8481,1300,0
SPY190805C296,2019-08-02,2019-08-02 09:41:01,0.67,0.8481,209,0.66,0.8354,6,0.66,0.8354,1,0.665,0.8417,1300,0
SPY190805C296,2019-08-02,2019-08-02 09:41:02,0.67,0.8481,4,0.66,0.8354,37,0.67,0.8481,1,0.665,0.8417,1301,1
SPY190805C296,2019-08-02,2019-08-02 09:41:03,0.67,0.8481,5,0.66,0.8354,9,0.67,0.8481,1,0.665,0.8417,1301,0
SPY190805C296,2019-08-02,2019-08-02 09:41:04,0.67,0.8481,5,0.66,0.8354,47,0.67,0.8481,1,0.665,0.8417,1301,0
SPY190805C296,2019-08-02,2019-08-02 09:41:04,0.67,0.8481,5,0.66,0.8354,37,0.67,0.8481,1,0.665,0.8417,1301,0
SPY190805C296,2019-08-02,2019-08-02 09:41:05,0.68,0.8607,1,0.66,0.8354,47,0.67,0.8481,1,0.67,0.8481,1301,0
SPY190805C296,2019-08-02,2019-08-02 09:41:06,0.68,0.8607,100,0.66,0.8354,43,0.67,0.8481,1,0.67,0.8481,1301,0
SPY190805C296,2019-08-02,2019-08-02 09:41:06,0.68,0.8607,207,0.66,0.8354,6,0.67,0.8481,1,0.67,0.8481,1301,0
SPY190805C296,2019-08-02,2019-08-02 09:41:07,0.68,0.8607,5,0.67,0.8481,6,0.67,0.8481,1,0.675,0.8544,1301,0
SPY190805C296,2019-08-02,2019-08-02 09:41:08,0.68,0.8607,1,0.67,0.8481,6,0.67,0.8481,1,0.675,0.8544,1301,0
SPY190805C296,2019-08-02,2019-08-02 09:41:08,0.68,0.8607,110,0.67,0.8481,6,0.67,0.8481,1,0.675,0.8544,1301,0
SPY190805C296,2019-08-02,2019-08-02 09:41:09,0.68,0.8607,292,0.66,0.8354,15,0.67,0.8481,1,0.67,0.8481,1301,0
SPY190805C296,2019-08-02,2019-08-02 09:41:09,0.67,0.8481,5,0.66,0.8354,29,0.67,0.8481,1,0.665,0.8417,1301,0
SPY190805C296,2019-08-02,2019-08-02 09:41:10,0.67,0.8481,5,0.66,0.8354,29,0.67,0.8481,1,0.665,0.8417,1301,0
SPY190805C296,2019-08-02,2019-08-02 09:41:11,0.67,0.8481,100,0.66,0.8354,10,0.67,0.8481,1,0.665,0.8417,1301,0
SPY190805C296,2019-08-02,2019-08-02 09:41:12,0.66,0.8354,110,0.65,0.8227,18,0.66,0.8354,10,0.655,0.8291,1311,10
SPY190805C296,2019-08-02,2019-08-02 09:41:12,0.66,0.8354,110,0.65,0.8227,9,0.66,0.8354,10,0.655,0.8291,1311,0
SPY190805C296,2019-08-02,2019-08-02 09:41:13,0.66,0.8354,5,0.64,0.8101,115,0.66,0.8354,10,0.65,0.8227,1311,0
SPY190805C296,2019-08-02,2019-08-02 09:41:13,0.68,0.8607,429,0.65,0.8227,6,0.66,0.8354,10,0.665,0.8417,1311,0
SPY190805C296,2019-08-02,2019-08-02 09:41:14,0.67,0.8481,110,0.66,0.8354,7,0.66,0.8354,10,0.665,0.8417,1311,0
SPY190805C296,2019-08-02,2019-08-02 09:41:16,0.68,0.8607,7,0.66,0.8354,36,0.66,0.8354,10,0.67,0.8481,1311,0
SPY190805C296,2019-08-02,2019-08-02 09:41:18,0.67,0.8481,6,0.65,0.8227,35,0.66,0.8354,10,0.66,0.8354,1311,0
SPY190805C296,2019-08-02,2019-08-02 09:41:19,0.66,0.8354,5,0.65,0.8227,45,0.66,0.8354,10,0.655,0.8291,1311,0
SPY190805C296,2019-08-02,2019-08-02 09:41:21,0.66,0.8354,5,0.65,0.8227,96,0.66,0.8354,10,0.655,0.8291,1311,0
SPY190805C296,2019-08-02,2019-08-02 09:41:22,0.68,0.8607,305,0.66,0.8354,35,0.66,0.8354,10,0.67,0.8481,1311,0
SPY190805C296,2019-08-02,2019-08-02 09:41:23,0.68,0.8607,5,0.66,0.8354,145,0.66,0.8354,10,0.67,0.8481,1311,0
SPY190805C296,2019-08-02,2019-08-02 09:41:25,0.71,0.8987,480,0.69,0.8734,33,0.66,0.8354,10,0.7,0.886,1311,0
SPY190805C296,2019-08-02,2019-08-02 09:41:27,0.69,0.8734,115,0.67,0.8481,6,0.66,0.8354,10,0.68,0.8607,1311,0
SPY190805C296,2019-08-02,2019-08-02 09:41:29,0.69,0.8734,5,0.67,0.8481,30,0.67,0.8481,3,0.68,0.8607,1315,4
SPY190805C296,2019-08-02,2019-08-02 09:41:29,0.69,0.8734,5,0.68,0.8607,6,0.66,0.8354,10,0.685,0.867,1311,0
SPY190805C296,2019-08-02,2019-08-02 09:41:30,0.69,0.8734,100,0.67,0.8481,30,0.67,0.8481,3,0.68,0.8607,1315,0
SPY190805C296,2019-08-02,2019-08-02 09:41:31,0.69,0.8734,115,0.67,0.8481,6,0.67,0.8481,3,0.68,0.8607,1315,0
SPY190805C296,2019-08-02,2019-08-02 09:41:32,0.68,0.8607,5,0.67,0.8481,30,0.67,0.8481,3,0.675,0.8544,1315,0
SPY190805C296,2019-08-02,2019-08-02 09:41:33,0.69,0.8734,99,0.67,0.8481,6,0.67,0.8481,3,0.68,0.8607,1315,0
SPY190805C296,2019-08-02,2019-08-02 09:41:34,0.69,0.8734,5,0.68,0.8607,6,0.67,0.8481,3,0.685,0.867,1315,0
SPY190805C296,2019-08-02,2019-08-02 09:41:35,0.69,0.8734,1,0.68,0.8607,30,0.69,0.8734,5,0.685,0.867,1320,5
SPY190805C296,2019-08-02,2019-08-02 09:41:36,0.72,0.9113,578,0.69,0.8734,31,0.69,0.8734,5,0.705,0.8924,1320,0
SPY190805C296,2019-08-02,2019-08-02 09:41:37,0.7,0.886,129,0.69,0.8734,31,0.69,0.8734,5,0.695,0.8797,1320,0
SPY190805C296,2019-08-02,2019-08-02 09:41:38,0.7,0.886,130,0.68,0.8607,34,0.7,0.886,4,0.69,0.8734,1324,4
SPY190805C296,2019-08-02,2019-08-02 09:41:38,0.69,0.8734,1,0.68,0.8607,7,0.7,0.886,4,0.685,0.867,1324,0
SPY190805C296,2019-08-02,2019-08-02 09:41:40,0.7,0.886,7,0.68,0.8607,35,0.7,0.886,4,0.69,0.8734,1324,0
SPY190805C296,2019-08-02,2019-08-02 09:41:40,0.69,0.8734,5,0.68,0.8607,7,0.7,0.886,4,0.685,0.867,1324,0
SPY190805C296,2019-08-02,2019-08-02 09:41:41,0.69,0.8734,7,0.68,0.8607,1,0.7,0.886,4,0.685,0.867,1324,0
SPY190805C296,2019-08-02,2019-08-02 09:41:42,0.68,0.8607,24,0.66,0.8354,52,0.68,0.8607,1,0.67,0.8481,1325,1
SPY190805C296,2019-08-02,2019-08-02 09:41:43,0.68,0.8607,1,0.66,0.8354,82,0.68,0.8607,1,0.67,0.8481,1325,0
SPY190805C296,2019-08-02,2019-08-02 09:41:44,0.69,0.8734,112,0.67,0.8481,35,0.68,0.8607,1,0.68,0.8607,1325,0
SPY190805C296,2019-08-02,2019-08-02 09:41:45,0.69,0.8734,112,0.67,0.8481,35,0.69,0.8734,1,0.68,0.8607,1326,1
SPY190805C296,2019-08-02,2019-08-02 09:41:46,0.69,0.8734,7,0.67,0.8481,35,0.69,0.8734,1,0.68,0.8607,1326,0
SPY190805C296,2019-08-02,2019-08-02 09:41:46,0.69,0.8734,220,0.67,0.8481,47,0.69,0.8734,1,0.68,0.8607,1326,0
SPY190805C296,2019-08-02,2019-08-02 09:41:48,0.69,0.8734,100,0.67,0.8481,185,0.69,0.8734,1,0.68,0.8607,1326,0
SPY190805C296,2019-08-02,2019-08-02 09:41:49,0.7,0.886,302,0.68,0.8607,35,0.69,0.8734,1,0.69,0.8734,1326,0
SPY190805C296,2019-08-02,2019-08-02 09:41:49,0.71,0.8987,151,0.69,0.8734,35,0.7,0.886,3,0.7,0.886,1329,3
SPY190805C296,2019-08-02,2019-08-02 09:41:50,0.72,0.9113,232,0.71,0.8987,6,0.7,0.886,3,0.715,0.905,1329,0
SPY190805C296,2019-08-02,2019-08-02 09:41:51,0.72,0.9113,230,0.7,0.886,37,0.7,0.886,1,0.71,0.8987,1330,0
SPY190805C296,2019-08-02,2019-08-02 09:41:51,0.72,0.9113,230,0.7,0.886,29,0.7,0.886,1,0.71,0.8987,1330,1
SPY190805C296,2019-08-02,2019-08-02 09:41:52,0.72,0.9113,156,0.7,0.886,37,0.7,0.886,1,0.71,0.8987,1330,0
SPY190805C296,2019-08-02,2019-08-02 09:41:53,0.72,0.9113,155,0.7,0.886,37,0.7,0.886,1,0.71,0.8987,1330,0
SPY190805C296,2019-08-02,2019-08-02 09:41:53,0.72,0.9113,15,0.71,0.8987,6,0.7,0.886,1,0.715,0.905,1330,0
SPY190805C296,2019-08-02,2019-08-02 09:41:54,0.72,0.9113,15,0.71,0.8987,6,0.7,0.886,1,0.715,0.905,1330,0
SPY190805C296,2019-08-02,2019-08-02 09:41:55,0.74,0.9367,707,0.71,0.8987,107,0.7,0.886,1,0.725,0.9177,1330,0
SPY190805C296,2019-08-02,2019-08-02 09:41:56,0.73,0.924,76,0.71,0.8987,6,0.7,0.886,1,0.72,0.9113,1330,0
SPY190805C296,2019-08-02,2019-08-02 09:41:56,0.73,0.924,29,0.71,0.8987,117,0.7,0.886,1,0.72,0.9113,1330,0
SPY190805C296,2019-08-02,2019-08-02 09:41:57,0.72,0.9113,29,0.71,0.8987,37,0.7,0.886,1,0.715,0.905,1330,0
SPY190805C296,2019-08-02,2019-08-02 09:41:58,0.72,0.9113,29,0.7,0.886,231,0.7,0.886,1,0.71,0.8987,1330,0
SPY190805C296,2019-08-02,2019-08-02 09:41:59,0.72,0.9113,29,0.71,0.8987,37,0.7,0.886,1,0.715,0.905,1330,0
SPY190805C296,2019-08-02,2019-08-02 09:42:00,0.75,0.9493,617,0.72,0.9113,282,0.72,0.9113,1,0.735,0.9303,1331,1
SPY190805C296,2019-08-02,2019-08-02 09:42:01,0.75,0.9493,595,0.72,0.9113,294,0.72,0.9113,1,0.735,0.9303,1331,0
SPY190805C296,2019-08-02,2019-08-02 09:42:02,0.73,0.924,495,0.72,0.9113,37,0.72,0.9113,1,0.725,0.9177,1331,0
SPY190805C296,2019-08-02,2019-08-02 09:42:03,0.67,0.8481,239,0.6,0.7594,182,0.66,0.8354,5,0.635,0.8037,1336,0
SPY190805C296,2019-08-02,2019-08-02 09:42:03,0.69,0.8734,39,0.66,0.8354,5,0.66,0.8354,5,0.675,0.8544,1336,5
SPY190805C296,2019-08-02,2019-08-02 09:42:04,0.65,0.8227,400,0.6,0.7594,10,0.66,0.8354,5,0.625,0.7911,1336,0
SPY190805C296,2019-08-02,2019-08-02 09:42:05,0.64,0.8101,39,0.63,0.7974,5,0.66,0.8354,5,0.635,0.8037,1336,0
SPY190805C296,2019-08-02,2019-08-02 09:42:05,0.65,0.8227,496,0.62,0.7848,6,0.66,0.8354,5,0.635,0.8037,1336,0
SPY190805C296,2019-08-02,2019-08-02 09:42:06,0.64,0.8101,39,0.61,0.7721,718,0.64,0.8101,2,0.625,0.7911,1338,2
SPY190805C296,2019-08-02,2019-08-02 09:42:07,0.65,0.8227,34,0.63,0.7974,5,0.64,0.8101,2,0.64,0.8101,1338,0
SPY190805C296,2019-08-02,2019-08-02 09:42:07,0.64,0.8101,98,0.62,0.7848,6,0.64,0.8101,2,0.63,0.7974,1338,0
SPY190805C296,2019-08-02,2019-08-02 09:42:08,0.64,0.8101,34,0.63,0.7974,6,0.64,0.8101,2,0.635,0.8037,1338,0
SPY190805C296,2019-08-02,2019-08-02 09:42:08,0.65,0.8227,34,0.62,0.7848,583,0.64,0.8101,2,0.635,0.8037,1338,0
SPY190805C296,2019-08-02,2019-08-02 09:42:09,0.64,0.8101,39,0.62,0.7848,218,0.64,0.8101,2,0.63,0.7974,1338,0
SPY190805C296,2019-08-02,2019-08-02 09:42:10,0.64,0.8101,39,0.61,0.7721,96,0.64,0.8101,2,0.625,0.7911,1338,0
SPY190805C296,2019-08-02,2019-08-02 09:42:10,0.64,0.8101,132,0.62,0.7848,9,0.64,0.8101,2,0.63,0.7974,1338,0
SPY190805C296,2019-08-02,2019-08-02 09:42:11,0.63,0.7974,81,0.61,0.7721,6,0.61,0.7721,1,0.62,0.7848,1339,1
SPY190805C296,2019-08-02,2019-08-02 09:42:12,0.62,0.7848,101,0.6,0.7594,1,0.61,0.7721,1,0.61,0.7721,1339,0
SPY190805C296,2019-08-02,2019-08-02 09:42:12,0.61,0.7721,215,0.6,0.7594,1,0.61,0.7721,1,0.605,0.7658,1339,0
SPY190805C296,2019-08-02,2019-08-02 09:42:13,0.62,0.7848,144,0.6,0.7594,6,0.61,0.7721,1,0.61,0.7721,1339,0
SPY190805C296,2019-08-02,2019-08-02 09:42:14,0.62,0.7848,1,0.61,0.7721,6,0.61,0.7721,1,0.615,0.7784,1339,0
SPY190805C296,2019-08-02,2019-08-02 09:42:14,0.63,0.7974,136,0.62,0.7848,6,0.61,0.7721,1,0.625,0.7911,1339,0
SPY190805C296,2019-08-02,2019-08-02 09:42:15,0.63,0.7974,158,0.61,0.7721,92,0.61,0.7721,1,0.62,0.7848,1339,0
SPY190805C296,2019-08-02,2019-08-02 09:42:15,0.63,0.7974,25,0.62,0.7848,6,0.61,0.7721,1,0.625,0.7911,1339,0
SPY190805C296,2019-08-02,2019-08-02 09:42:16,0.63,0.7974,158,0.62,0.7848,6,0.61,0.7721,1,0.625,0.7911,1339,0
SPY190805C296,2019-08-02,2019-08-02 09:42:17,0.63,0.7974,95,0.62,0.7848,6,0.63,0.7974,1,0.625,0.7911,1340,0
SPY190805C296,2019-08-02,2019-08-02 09:42:17,0.63,0.7974,179,0.62,0.7848,6,0.63,0.7974,1,0.625,0.7911,1340,1
SPY190805C296,2019-08-02,2019-08-02 09:42:18,0.65,0.8227,6,0.63,0.7974,6,0.63,0.7974,1,0.64,0.8101,1340,0
SPY190805C296,2019-08-02,2019-08-02 09:42:19,0.66,0.8354,400,0.64,0.8101,6,0.63,0.7974,1,0.65,0.8227,1340,0
SPY190805C296,2019-08-02,2019-08-02 09:42:20,0.65,0.8227,125,0.61,0.7721,606,0.63,0.7974,1,0.63,0.7974,1340,0
SPY190805C296,2019-08-02,2019-08-02 09:42:20,0.65,0.8227,1,0.63,0.7974,32,0.63,0.7974,1,0.64,0.8101,1340,0
SPY190805C296,2019-08-02,2019-08-02 09:42:21,0.66,0.8354,158,0.64,0.8101,9,0.63,0.7974,1,0.65,0.8227,1340,0
SPY190805C296,2019-08-02,2019-08-02 09:42:22,0.65,0.8227,5,0.64,0.8101,6,0.63,0.7974,1,0.645,0.8164,1340,0
SPY190805C296,2019-08-02,2019-08-02 09:42:22,0.66,0.8354,231,0.64,0.8101,10,0.63,0.7974,1,0.65,0.8227,1340,0
SPY190805C296,2019-08-02,2019-08-02 09:42:23,0.65,0.8227,155,0.63,0.7974,21,0.63,0.7974,1,0.64,0.8101,1340,0
SPY190805C296,2019-08-02,2019-08-02 09:42:23,0.65,0.8227,155,0.64,0.8101,6,0.63,0.7974,1,0.645,0.8164,1340,0
SPY190805C296,2019-08-02,2019-08-02 09:42:24,0.65,0.8227,100,0.63,0.7974,7,0.63,0.7974,1,0.64,0.8101,1340,0
SPY190805C296,2019-08-02,2019-08-02 09:42:25,0.65,0.8227,172,0.64,0.8101,16,0.63,0.7974,1,0.645,0.8164,1340,0
SPY190805C296,2019-08-02,2019-08-02 09:42:25,0.65,0.8227,344,0.63,0.7974,7,0.63,0.7974,1,0.64,0.8101,1340,0
SPY190805C296,2019-08-02,2019-08-02 09:42:26,0.66,0.8354,476,0.64,0.8101,21,0.63,0.7974,1,0.65,0.8227,1340,0
SPY190805C296,2019-08-02,2019-08-02 09:42:27,0.67,0.8481,200,0.65,0.8227,6,0.63,0.7974,1,0.66,0.8354,1340,0
SPY190805C296,2019-08-02,2019-08-02 09:42:27,0.67,0.8481,26,0.67,0.8481,6,0.63,0.7974,1,0.67,0.8481,1340,0
SPY190805C296,2019-08-02,2019-08-02 09:42:28,0.67,0.8481,331,0.64,0.8101,16,0.63,0.7974,1,0.655,0.8291,1340,0
SPY190805C296,2019-08-02,2019-08-02 09:42:29,0.67,0.8481,200,0.66,0.8354,6,0.63,0.7974,1,0.665,0.8417,1340,0
SPY190805C296,2019-08-02,2019-08-02 09:42:29,0.67,0.8481,371,0.66,0.8354,37,0.63,0.7974,1,0.665,0.8417,1340,0
SPY190805C296,2019-08-02,2019-08-02 09:42:30,0.67,0.8481,404,0.65,0.8227,37,0.63,0.7974,1,0.66,0.8354,1340,0
SPY190805C296,2019-08-02,2019-08-02 09:42:30,0.66,0.8354,104,0.65,0.8227,37,0.63,0.7974,1,0.655,0.8291,1340,0
SPY190805C296,2019-08-02,2019-08-02 09:42:31,0.67,0.8481,437,0.65,0.8227,37,0.65,0.8227,20,0.66,0.8354,1360,20
SPY190805C296,2019-08-02,2019-08-02 09:42:32,0.67,0.8481,409,0.65,0.8227,37,0.65,0.8227,20,0.66,0.8354,1360,0
SPY190805C296,2019-08-02,2019-08-02 09:42:32,0.67,0.8481,480,0.65,0.8227,72,0.65,0.8227,20,0.66,0.8354,1360,0
SPY190805C296,2019-08-02,2019-08-02 09:42:33,0.66,0.8354,27,0.65,0.8227,4,0.65,0.8227,20,0.655,0.8291,1360,0
SPY190805C296,2019-08-02,2019-08-02 09:42:34,0.66,0.8354,357,0.65,0.8227,4,0.65,0.8227,20,0.655,0.8291,1360,0
SPY190805C296,2019-08-02,2019-08-02 09:42:34,0.66,0.8354,208,0.65,0.8227,4,0.65,0.8227,20,0.655,0.8291,1360,0
SPY190805C296,2019-08-02,2019-08-02 09:42:35,0.66,0.8354,151,0.65,0.8227,6,0.65,0.8227,20,0.655,0.8291,1360,0
SPY190805C296,2019-08-02,2019-08-02 09:42:36,0.66,0.8354,144,0.65,0.8227,18,0.65,0.8227,20,0.655,0.8291,1360,0
SPY190805C296,2019-08-02,2019-08-02 09:42:36,0.66,0.8354,151,0.65,0.8227,6,0.65,0.8227,20,0.655,0.8291,1360,0
SPY190805C296,2019-08-02,2019-08-02 09:42:37,0.67,0.8481,359,0.65,0.8227,18,0.65,0.8227,20,0.66,0.8354,1360,0
SPY190805C296,2019-08-02,2019-08-02 09:42:37,0.68,0.8607,252,0.67,0.8481,6,0.65,0.8227,20,0.675,0.8544,1360,0
SPY190805C296,2019-08-02,2019-08-02 09:42:38,0.67,0.8481,5,0.66,0.8354,14,0.65,0.8227,20,0.665,0.8417,1360,0
SPY190805C296,2019-08-02,2019-08-02 09:42:39,0.67,0.8481,242,0.65,0.8227,6,0.65,0.8227,20,0.66,0.8354,1360,0
SPY190805C296,2019-08-02,2019-08-02 09:42:39,0.67,0.8481,5,0.66,0.8354,5,0.65,0.8227,20,0.665,0.8417,1360,0
SPY190805C296,2019-08-02,2019-08-02 09:42:40,0.68,0.8607,166,0.65,0.8227,106,0.65,0.8227,20,0.665,0.8417,1360,0
SPY190805C296,2019-08-02,2019-08-02 09:42:40,0.68,0.8607,184,0.65,0.8227,106,0.65,0.8227,20,0.665,0.8417,1360,0
SPY190805C296,2019-08-02,2019-08-02 09:42:41,0.68,0.8607,236,0.66,0.8354,28,0.65,0.8227,20,0.67,0.8481,1360,0
SPY190805C296,2019-08-02,2019-08-02 09:42:42,0.68,0.8607,485,0.66,0.8354,29,0.65,0.8227,20,0.67,0.8481,1360,0
SPY190805C296,2019-08-02,2019-08-02 09:42:42,0.68,0.8607,370,0.66,0.8354,29,0.65,0.8227,20,0.67,0.8481,1360,0
SPY190805C296,2019-08-02,2019-08-02 09:42:43,0.67,0.8481,45,0.66,0.8354,29,0.65,0.8227,20,0.665,0.8417,1360,0
SPY190805C296,2019-08-02,2019-08-02 09:42:44,0.69,0.8734,5,0.66,0.8354,235,0.65,0.8227,20,0.675,0.8544,1360,0
SPY190805C296,2019-08-02,2019-08-02 09:42:45,0.69,0.8734,263,0.67,0.8481,6,0.65,0.8227,20,0.68,0.8607,1360,0
SPY190805C296,2019-08-02,2019-08-02 09:42:45,0.69,0.8734,263,0.67,0.8481,33,0.65,0.8227,20,0.68,0.8607,1360,0
SPY190805C296,2019-08-02,2019-08-02 09:42:46,0.68,0.8607,73,0.66,0.8354,58,0.65,0.8227,20,0.67,0.8481,1360,0
SPY190805C296,2019-08-02,2019-08-02 09:42:47,0.68,0.8607,163,0.66,0.8354,33,0.65,0.8227,20,0.67,0.8481,1360,0
SPY190805C296,2019-08-02,2019-08-02 09:42:47,0.68,0.8607,723,0.65,0.8227,149,0.65,0.8227,20,0.665,0.8417,1360,0
SPY190805C296,2019-08-02,2019-08-02 09:42:48,0.66,0.8354,20,0.65,0.8227,4,0.65,0.8227,20,0.655,0.8291,1360,0
SPY190805C296,2019-08-02,2019-08-02 09:42:48,0.67,0.8481,400,0.65,0.8227,16,0.65,0.8227,20,0.66,0.8354,1360,0
SPY190805C296,2019-08-02,2019-08-02 09:42:49,0.66,0.8354,304,0.65,0.8227,4,0.65,0.8227,20,0.655,0.8291,1360,0
SPY190805C296,2019-08-02,2019-08-02 09:42:50,0.64,0.8101,100,0.62,0.7848,96,0.65,0.8227,4,0.63,0.7974,1364,0
SPY190805C296,2019-08-02,2019-08-02 09:42:50,0.65,0.8227,119,0.62,0.7848,37,0.65,0.8227,4,0.635,0.8037,1364,4
SPY190805C296,2019-08-02,2019-08-02 09:42:51,0.64,0.8101,5,0.61,0.7721,542,0.65,0.8227,4,0.625,0.7911,1364,0
SPY190805C296,2019-08-02,2019-08-02 09:42:52,0.64,0.8101,119,0.62,0.7848,40,0.65,0.8227,4,0.63,0.7974,1364,0
SPY190805C296,2019-08-02,2019-08-02 09:42:53,0.64,0.8101,400,0.61,0.7721,43,0.65,0.8227,4,0.625,0.7911,1364,0
SPY190805C296,2019-08-02,2019-08-02 09:42:53,0.64,0.8101,780,0.6,0.7594,157,0.65,0.8227,4,0.62,0.7848,1364,0
SPY190805C296,2019-08-02,2019-08-02 09:42:54,0.63,0.7974,5,0.61,0.7721,37,0.65,0.8227,4,0.62,0.7848,1364,0
SPY190805C296,2019-08-02,2019-08-02 09:42:55,0.63,0.7974,5,0.62,0.7848,37,0.65,0.8227,4,0.625,0.7911,1364,0
SPY190805C296,2019-08-02,2019-08-02 09:42:56,0.63,0.7974,5,0.62,0.7848,96,0.65,0.8227,4,0.625,0.7911,1364,0
SPY190805C296,2019-08-02,2019-08-02 09:42:56,0.63,0.7974,6,0.61,0.7721,37,0.65,0.8227,4,0.62,0.7848,1364,0
SPY190805C296,2019-08-02,2019-08-02 09:42:57,0.63,0.7974,100,0.61,0.7721,37,0.65,0.8227,4,0.62,0.7848,1364,0
SPY190805C296,2019-08-02,2019-08-02 09:42:58,0.63,0.7974,5,0.62,0.7848,6,0.65,0.8227,4,0.625,0.7911,1364,0
SPY190805C296,2019-08-02,2019-08-02 09:42:59,0.64,0.8101,5,0.63,0.7974,37,0.64,0.8101,1,0.635,0.8037,1365,1
SPY190805C296,2019-08-02,2019-08-02 09:42:59,0.65,0.8227,170,0.63,0.7974,6,0.65,0.8227,4,0.64,0.8101,1364,0
SPY190805C296,2019-08-02,2019-08-02 09:43:00,0.64,0.8101,5,0.63,0.7974,6,0.64,0.8101,1,0.635,0.8037,1365,0
SPY190805C296,2019-08-02,2019-08-02 09:43:01,0.64,0.8101,5,0.63,0.7974,6,0.64,0.8101,1,0.635,0.8037,1365,0
SPY190805C296,2019-08-02,2019-08-02 09:43:02,0.64,0.8101,5,0.63,0.7974,37,0.64,0.8101,1,0.635,0.8037,1365,0
SPY190805C296,2019-08-02,2019-08-02 09:43:03,0.66,0.8354,14,0.63,0.7974,117,0.64,0.8101,1,0.645,0.8164,1365,0
SPY190805C296,2019-08-02,2019-08-02 09:43:04,0.66,0.8354,25,0.64,0.8101,6,0.64,0.8101,1,0.65,0.8227,1365,0
SPY190805C296,2019-08-02,2019-08-02 09:43:04,0.66,0.8354,100,0.65,0.8227,6,0.64,0.8101,1,0.655,0.8291,1365,0
SPY190805C296,2019-08-02,2019-08-02 09:43:05,0.65,0.8227,5,0.62,0.7848,702,0.64,0.8101,1,0.635,0.8037,1365,0
SPY190805C296,2019-08-02,2019-08-02 09:43:06,0.65,0.8227,5,0.63,0.7974,47,0.64,0.8101,1,0.64,0.8101,1365,0
SPY190805C296,2019-08-02,2019-08-02 09:43:06,0.65,0.8227,5,0.64,0.8101,15,0.64,0.8101,1,0.645,0.8164,1365,0
SPY190805C296,2019-08-02,2019-08-02 09:43:07,0.65,0.8227,5,0.63,0.7974,159,0.64,0.8101,1,0.64,0.8101,1365,0
SPY190805C296,2019-08-02,2019-08-02 09:43:08,0.65,0.8227,121,0.63,0.7974,28,0.64,0.8101,1,0.64,0.8101,1365,0
SPY190805C296,2019-08-02,2019-08-02 09:43:08,0.64,0.8101,5,0.63,0.7974,42,0.64,0.8101,1,0.635,0.8037,1365,0
SPY190805C296,2019-08-02,2019-08-02 09:43:09,0.66,0.8354,119,0.65,0.8227,6,0.64,0.8101,1,0.655,0.8291,1365,0
SPY190805C296,2019-08-02,2019-08-02 09:43:10,0.66,0.8354,100,0.65,0.8227,6,0.64,0.8101,1,0.655,0.8291,1365,0
SPY190805C296,2019-08-02,2019-08-02 09:43:11,0.67,0.8481,29,0.64,0.8101,299,0.64,0.8101,1,0.655,0.8291,1365,0
SPY190805C296,2019-08-02,2019-08-02 09:43:11,0.67,0.8481,120,0.64,0.8101,10,0.64,0.8101,1,0.655,0.8291,1365,0
SPY190805C296,2019-08-02,2019-08-02 09:43:12,0.67,0.8481,220,0.66,0.8354,6,0.64,0.8101,1,0.665,0.8417,1365,0
SPY190805C296,2019-08-02,2019-08-02 09:43:12,0.66,0.8354,5,0.64,0.8101,141,0.64,0.8101,1,0.65,0.8227,1365,0
SPY190805C296,2019-08-02,2019-08-02 09:43:13,0.67,0.8481,220,0.66,0.8354,30,0.64,0.8101,1,0.665,0.8417,1365,0
SPY190805C296,2019-08-02,2019-08-02 09:43:14,0.67,0.8481,19,0.65,0.8227,33,0.64,0.8101,1,0.66,0.8354,1365,0
SPY190805C296,2019-08-02,2019-08-02 09:43:14,0.67,0.8481,499,0.64,0.8101,33,0.64,0.8101,1,0.655,0.8291,1365,0
SPY190805C296,2019-08-02,2019-08-02 09:43:15,0.66,0.8354,3,0.64,0.8101,16,0.64,0.8101,1,0.65,0.8227,1365,0
SPY190805C296,2019-08-02,2019-08-02 09:43:16,0.67,0.8481,198,0.65,0.8227,6,0.64,0.8101,1,0.66,0.8354,1365,0
SPY190805C296,2019-08-02,2019-08-02 09:43:16,0.66,0.8354,103,0.65,0.8227,6,0.64,0.8101,1,0.655,0.8291,1365,0
SPY190805C296,2019-08-02,2019-08-02 09:43:17,0.66,0.8354,18,0.65,0.8227,37,0.64,0.8101,1,0.655,0.8291,1365,0
SPY190805C296,2019-08-02,2019-08-02 09:43:17,0.67,0.8481,198,0.65,0.8227,37,0.64,0.8101,1,0.66,0.8354,1365,0
SPY190805C296,2019-08-02,2019-08-02 09:43:18,0.66,0.8354,23,0.65,0.8227,6,0.64,0.8101,1,0.655,0.8291,1365,0
SPY190805C296,2019-08-02,2019-08-02 09:43:19,0.66,0.8354,5,0.65,0.8227,6,0.64,0.8101,1,0.655,0.8291,1365,0
SPY190805C296,2019-08-02,2019-08-02 09:43:20,0.67,0.8481,263,0.65,0.8227,37,0.64,0.8101,1,0.66,0.8354,1365,0
SPY190805C296,2019-08-02,2019-08-02 09:43:20,0.66,0.8354,5,0.65,0.8227,47,0.64,0.8101,1,0.655,0.8291,1365,0
SPY190805C296,2019-08-02,2019-08-02 09:43:21,0.66,0.8354,5,0.65,0.8227,37,0.64,0.8101,1,0.655,0.8291,1365,0
SPY190805C296,2019-08-02,2019-08-02 09:43:22,0.67,0.8481,137,0.66,0.8354,37,0.64,0.8101,1,0.665,0.8417,1365,0
SPY190805C296,2019-08-02,2019-08-02 09:43:22,0.67,0.8481,100,0.66,0.8354,6,0.64,0.8101,1,0.665,0.8417,1365,0
SPY190805C296,2019-08-02,2019-08-02 09:43:23,0.68,0.8607,5,0.67,0.8481,40,0.64,0.8101,1,0.675,0.8544,1365,0
SPY190805C296,2019-08-02,2019-08-02 09:43:24,0.68,0.8607,185,0.67,0.8481,6,0.64,0.8101,1,0.675,0.8544,1365,0
SPY190805C296,2019-08-02,2019-08-02 09:43:24,0.68,0.8607,19,0.67,0.8481,6,0.64,0.8101,1,0.675,0.8544,1365,0
SPY190805C296,2019-08-02,2019-08-02 09:43:25,0.68,0.8607,118,0.67,0.8481,6,0.64,0.8101,1,0.675,0.8544,1365,0
SPY190805C296,2019-08-02,2019-08-02 09:43:26,0.67,0.8481,5,0.64,0.8101,697,0.64,0.8101,1,0.655,0.8291,1365,0
SPY190805C296,2019-08-02,2019-08-02 09:43:26,0.68,0.8607,168,0.66,0.8354,37,0.64,0.8101,1,0.67,0.8481,1365,0
SPY190805C296,2019-08-02,2019-08-02 09:43:27,0.67,0.8481,5,0.66,0.8354,37,0.64,0.8101,1,0.665,0.8417,1365,0
SPY190805C296,2019-08-02,2019-08-02 09:43:27,0.68,0.8607,196,0.66,0.8354,37,0.64,0.8101,1,0.67,0.8481,1365,0
SPY190805C296,2019-08-02,2019-08-02 09:43:28,0.67,0.8481,119,0.66,0.8354,6,0.64,0.8101,1,0.665,0.8417,1365,0
SPY190805C296,2019-08-02,2019-08-02 09:43:29,0.67,0.8481,227,0.66,0.8354,6,0.64,0.8101,1,0.665,0.8417,1365,0
SPY190805C296,2019-08-02,2019-08-02 09:43:29,0.66,0.8354,121,0.65,0.8227,6,0.64,0.8101,1,0.655,0.8291,1365,0
SPY190805C296,2019-08-02,2019-08-02 09:43:30,0.66,0.8354,100,0.64,0.8101,47,0.64,0.8101,1,0.65,0.8227,1365,0
SPY190805C296,2019-08-02,2019-08-02 09:43:31,0.66,0.8354,5,0.65,0.8227,37,0.64,0.8101,1,0.655,0.8291,1365,0
SPY190805C296,2019-08-02,2019-08-02 09:43:31,0.66,0.8354,119,0.64,0.8101,47,0.64,0.8101,1,0.65,0.8227,1365,0
SPY190805C296,2019-08-02,2019-08-02 09:43:32,0.66,0.8354,5,0.64,0.8101,146,0.64,0.8101,1,0.65,0.8227,1365,0
SPY190805C296,2019-08-02,2019-08-02 09:43:33,0.66,0.8354,99,0.64,0.8101,33,0.64,0.8101,1,0.65,0.8227,1365,0
SPY190805C296,2019-08-02,2019-08-02 09:43:33,0.66,0.8354,110,0.64,0.8101,37,0.64,0.8101,1,0.65,0.8227,1365,0
SPY190805C296,2019-08-02,2019-08-02 09:43:34,0.66,0.8354,307,0.63,0.7974,147,0.64,0.8101,1,0.645,0.8164,1365,0
SPY190805C296,2019-08-02,2019-08-02 09:43:34,0.65,0.8227,19,0.63,0.7974,42,0.64,0.8101,1,0.64,0.8101,1365,0
SPY190805C296,2019-08-02,2019-08-02 09:43:35,0.64,0.8101,5,0.63,0.7974,47,0.64,0.8101,1,0.635,0.8037,1365,0
SPY190805C296,2019-08-02,2019-08-02 09:43:35,0.65,0.8227,307,0.63,0.7974,83,0.64,0.8101,1,0.64,0.8101,1365,0
SPY190805C296,2019-08-02,2019-08-02 09:43:36,0.64,0.8101,5,0.62,0.7848,335,0.64,0.8101,1,0.63,0.7974,1365,0
SPY190805C296,2019-08-02,2019-08-02 09:43:37,0.64,0.8101,5,0.63,0.7974,8,0.64,0.8101,1,0.635,0.8037,1365,0
SPY190805C296,2019-08-02,2019-08-02 09:43:37,0.65,0.8227,222,0.63,0.7974,37,0.64,0.8101,1,0.64,0.8101,1365,0
SPY190805C296,2019-08-02,2019-08-02 09:43:38,0.65,0.8227,219,0.6,0.7594,293,0.64,0.8101,1,0.625,0.7911,1365,0
SPY190805C296,2019-08-02,2019-08-02 09:43:39,0.65,0.8227,468,0.62,0.7848,66,0.64,0.8101,1,0.635,0.8037,1365,0
SPY190805C296,2019-08-02,2019-08-02 09:43:39,0.64,0.8101,119,0.62,0.7848,100,0.64,0.8101,1,0.63,0.7974,1365,0
SPY190805C296,2019-08-02,2019-08-02 09:43:40,0.63,0.7974,6,0.62,0.7848,6,0.64,0.8101,1,0.625,0.7911,1365,0
SPY190805C296,2019-08-02,2019-08-02 09:43:41,0.63,0.7974,6,0.61,0.7721,47,0.64,0.8101,1,0.62,0.7848,1365,0
SPY190805C296,2019-08-02,2019-08-02 09:43:41,0.63,0.7974,6,0.6,0.7594,117,0.64,0.8101,1,0.615,0.7784,1365,0
SPY190805C296,2019-08-02,2019-08-02 09:43:42,0.63,0.7974,114,0.61,0.7721,6,0.64,0.8101,1,0.62,0.7848,1365,0
SPY190805C296,2019-08-02,2019-08-02 09:43:43,0.64,0.8101,6,0.62,0.7848,32,0.64,0.8101,1,0.63,0.7974,1365,0
SPY190805C296,2019-08-02,2019-08-02 09:43:43,0.64,0.8101,114,0.62,0.7848,32,0.64,0.8101,1,0.63,0.7974,1365,0
SPY190805C296,2019-08-02,2019-08-02 09:43:44,0.64,0.8101,19,0.62,0.7848,42,0.64,0.8101,1,0.63,0.7974,1365,0
SPY190805C296,2019-08-02,2019-08-02 09:43:45,0.64,0.8101,100,0.62,0.7848,32,0.64,0.8101,1,0.63,0.7974,1365,0
SPY190805C296,2019-08-02,2019-08-02 09:43:46,0.64,0.8101,5,0.63,0.7974,32,0.64,0.8101,1,0.635,0.8037,1365,0
SPY190805C296,2019-08-02,2019-08-02 09:43:47,0.64,0.8101,100,0.62,0.7848,111,0.64,0.8101,1,0.63,0.7974,1365,0
SPY190805C296,2019-08-02,2019-08-02 09:43:47,0.64,0.8101,5,0.63,0.7974,32,0.64,0.8101,1,0.635,0.8037,1365,0
SPY190805C296,2019-08-02,2019-08-02 09:43:48,0.64,0.8101,27,0.62,0.7848,111,0.64,0.8101,1,0.63,0.7974,1365,0
SPY190805C296,2019-08-02,2019-08-02 09:43:49,0.64,0.8101,24,0.62,0.7848,100,0.64,0.8101,1,0.63,0.7974,1365,0
SPY190805C296,2019-08-02,2019-08-02 09:43:49,0.64,0.8101,24,0.62,0.7848,111,0.64,0.8101,1,0.63,0.7974,1365,0
SPY190805C296,2019-08-02,2019-08-02 09:43:50,0.64,0.8101,6,0.63,0.7974,19,0.64,0.8101,1,0.635,0.8037,1365,0
SPY190805C296,2019-08-02,2019-08-02 09:43:51,0.64,0.8101,5,0.62,0.7848,100,0.64,0.8101,1,0.63,0.7974,1365,0
SPY190805C296,2019-08-02,2019-08-02 09:43:51,0.64,0.8101,24,0.63,0.7974,20,0.64,0.8101,1,0.635,0.8037,1365,0
SPY190805C296,2019-08-02,2019-08-02 09:43:52,0.64,0.8101,5,0.63,0.7974,28,0.64,0.8101,1,0.635,0.8037,1365,0
SPY190805C296,2019-08-02,2019-08-02 09:43:53,0.64,0.8101,5,0.62,0.7848,52,0.64,0.8101,1,0.63,0.7974,1365,0
SPY190805C296,2019-08-02,2019-08-02 09:43:53,0.64,0.8101,9,0.62,0.7848,122,0.64,0.8101,1,0.63,0.7974,1365,0
SPY190805C296,2019-08-02,2019-08-02 09:43:54,0.64,0.8101,99,0.62,0.7848,52,0.64,0.8101,1,0.63,0.7974,1365,0
SPY190805C296,2019-08-02,2019-08-02 09:43:55,0.64,0.8101,5,0.63,0.7974,15,0.64,0.8101,1,0.635,0.8037,1365,0
SPY190805C296,2019-08-02,2019-08-02 09:43:55,0.64,0.8101,6,0.62,0.7848,52,0.64,0.8101,1,0.63,0.7974,1365,0
SPY190805C296,2019-08-02,2019-08-02 09:43:56,0.64,0.8101,5,0.63,0.7974,6,0.64,0.8101,1,0.635,0.8037,1365,0
SPY190805C296,2019-08-02,2019-08-02 09:43:57,0.64,0.8101,179,0.62,0.7848,46,0.64,0.8101,1,0.63,0.7974,1365,0
SPY190805C296,2019-08-02,2019-08-02 09:43:57,0.63,0.7974,5,0.62,0.7848,6,0.64,0.8101,1,0.625,0.7911,1365,0
SPY190805C296,2019-08-02,2019-08-02 09:43:59,0.63,0.7974,278,0.62,0.7848,5,0.62,0.7848,5,0.625,0.7911,1370,5
SPY190805C296,2019-08-02,2019-08-02 09:44:00,0.62,0.7848,6,0.6,0.7594,4,0.62,0.7848,5,0.61,0.7721,1370,0
SPY190805C296,2019-08-02,2019-08-02 09:44:01,0.62,0.7848,5,0.6,0.7594,206,0.62,0.7848,5,0.61,0.7721,1370,0
SPY190805C296,2019-08-02,2019-08-02 09:44:01,0.62,0.7848,5,0.61,0.7721,6,0.62,0.7848,5,0.615,0.7784,1370,0
SPY190805C296,2019-08-02,2019-08-02 09:44:02,0.62,0.7848,5,0.61,0.7721,6,0.62,0.7848,5,0.615,0.7784,1370,0
SPY190805C296,2019-08-02,2019-08-02 09:44:03,0.63,0.7974,532,0.62,0.7848,6,0.62,0.7848,5,0.625,0.7911,1370,0
SPY190805C296,2019-08-02,2019-08-02 09:44:03,0.63,0.7974,528,0.61,0.7721,79,0.62,0.7848,5,0.62,0.7848,1370,0
SPY190805C296,2019-08-02,2019-08-02 09:44:04,0.62,0.7848,94,0.61,0.7721,34,0.62,0.7848,5,0.615,0.7784,1370,0
SPY190805C296,2019-08-02,2019-08-02 09:44:05,0.63,0.7974,138,0.61,0.7721,185,0.62,0.7848,5,0.62,0.7848,1370,0
SPY190805C296,2019-08-02,2019-08-02 09:44:05,0.63,0.7974,100,0.61,0.7721,142,0.62,0.7848,5,0.62,0.7848,1370,0
SPY190805C296,2019-08-02,2019-08-02 09:44:06,0.64,0.8101,223,0.63,0.7974,6,0.62,0.7848,5,0.635,0.8037,1370,0
SPY190805C296,2019-08-02,2019-08-02 09:44:07,0.64,0.8101,228,0.63,0.7974,37,0.62,0.7848,5,0.635,0.8037,1370,0
SPY190805C296,2019-08-02,2019-08-02 09:44:07,0.64,0.8101,5,0.63,0.7974,37,0.62,0.7848,5,0.635,0.8037,1370,0
SPY190805C296,2019-08-02,2019-08-02 09:44:08,0.65,0.8227,809,0.63,0.7974,6,0.62,0.7848,5,0.64,0.8101,1370,0
SPY190805C296,2019-08-02,2019-08-02 09:44:09,0.64,0.8101,274,0.63,0.7974,6,0.62,0.7848,5,0.635,0.8037,1370,0
SPY190805C296,2019-08-02,2019-08-02 09:44:09,0.64,0.8101,272,0.62,0.7848,37,0.62,0.7848,5,0.63,0.7974,1370,0
SPY190805C296,2019-08-02,2019-08-02 09:44:10,0.64,0.8101,303,0.63,0.7974,9,0.62,0.7848,5,0.635,0.8037,1370,0
SPY190805C296,2019-08-02,2019-08-02 09:44:11,0.63,0.7974,5,0.62,0.7848,34,0.62,0.7848,5,0.625,0.7911,1370,0
SPY190805C296,2019-08-02,2019-08-02 09:44:11,0.64,0.8101,303,0.62,0.7848,36,0.62,0.7848,5,0.63,0.7974,1370,0
SPY190805C296,2019-08-02,2019-08-02 09:44:12,0.63,0.7974,5,0.62,0.7848,70,0.62,0.7848,5,0.625,0.7911,1370,0
SPY190805C296,2019-08-02,2019-08-02 09:44:12,0.63,0.7974,111,0.62,0.7848,6,0.62,0.7848,5,0.625,0.7911,1370,0
SPY190805C296,2019-08-02,2019-08-02 09:44:13,0.63,0.7974,111,0.62,0.7848,6,0.62,0.7848,5,0.625,0.7911,1370,0
SPY190805C296,2019-08-02,2019-08-02 09:44:14,0.64,0.8101,558,0.63,0.7974,6,0.62,0.7848,5,0.635,0.8037,1370,0
SPY190805C296,2019-08-02,2019-08-02 09:44:14,0.64,0.8101,410,0.63,0.7974,6,0.62,0.7848,5,0.635,0.8037,1370,0
SPY190805C296,2019-08-02,2019-08-02 09:44:15,0.64,0.8101,374,0.62,0.7848,6,0.62,0.7848,5,0.63,0.7974,1370,0
SPY190805C296,2019-08-02,2019-08-02 09:44:16,0.64,0.8101,106,0.63,0.7974,37,0.62,0.7848,5,0.635,0.8037,1370,0
SPY190805C296,2019-08-02,2019-08-02 09:44:16,0.64,0.8101,10,0.63,0.7974,6,0.62,0.7848,5,0.635,0.8037,1370,0
SPY190805C296,2019-08-02,2019-08-02 09:44:17,0.64,0.8101,106,0.63,0.7974,37,0.62,0.7848,5,0.635,0.8037,1370,0
SPY190805C296,2019-08-02,2019-08-02 09:44:18,0.64,0.8101,110,0.63,0.7974,6,0.62,0.7848,5,0.635,0.8037,1370,0
SPY190805C296,2019-08-02,2019-08-02 09:44:18,0.64,0.8101,80,0.63,0.7974,6,0.62,0.7848,5,0.635,0.8037,1370,0
SPY190805C296,2019-08-02,2019-08-02 09:44:19,0.63,0.7974,106,0.62,0.7848,27,0.62,0.7848,5,0.625,0.7911,1370,0
SPY190805C296,2019-08-02,2019-08-02 09:44:19,0.63,0.7974,111,0.62,0.7848,27,0.62,0.7848,5,0.625,0.7911,1370,0
SPY190805C296,2019-08-02,2019-08-02 09:44:20,0.63,0.7974,206,0.62,0.7848,27,0.62,0.7848,5,0.625,0.7911,1370,0
SPY190805C296,2019-08-02,2019-08-02 09:44:21,0.63,0.7974,104,0.62,0.7848,37,0.62,0.7848,8,0.625,0.7911,1378,8
SPY190805C296,2019-08-02,2019-08-02 09:44:21,0.63,0.7974,104,0.62,0.7848,40,0.62,0.7848,8,0.625,0.7911,1378,0
SPY190805C296,2019-08-02,2019-08-02 09:44:22,0.63,0.7974,112,0.62,0.7848,40,0.62,0.7848,8,0.625,0.7911,1378,0
SPY190805C296,2019-08-02,2019-08-02 09:44:22,0.63,0.7974,172,0.62,0.7848,37,0.62,0.7848,8,0.625,0.7911,1378,0
SPY190805C296,2019-08-02,2019-08-02 09:44:23,0.63,0.7974,172,0.62,0.7848,58,0.62,0.7848,8,0.625,0.7911,1378,0
SPY190805C296,2019-08-02,2019-08-02 09:44:24,0.63,0.7974,181,0.62,0.7848,37,0.62,0.7848,8,0.625,0.7911,1378,0
SPY190805C296,2019-08-02,2019-08-02 09:44:24,0.63,0.7974,112,0.62,0.7848,40,0.62,0.7848,8,0.625,0.7911,1378,0
SPY190805C296,2019-08-02,2019-08-02 09:44:25,0.63,0.7974,127,0.62,0.7848,37,0.62,0.7848,8,0.625,0.7911,1378,0
SPY190805C296,2019-08-02,2019-08-02 09:44:26,0.63,0.7974,166,0.62,0.7848,37,0.62,0.7848,8,0.625,0.7911,1378,0
SPY190805C296,2019-08-02,2019-08-02 09:44:26,0.63,0.7974,112,0.62,0.7848,39,0.62,0.7848,8,0.625,0.7911,1378,0
SPY190805C296,2019-08-02,2019-08-02 09:44:27,0.63,0.7974,98,0.62,0.7848,54,0.62,0.7848,8,0.625,0.7911,1378,0
SPY190805C296,2019-08-02,2019-08-02 09:44:27,0.64,0.8101,431,0.62,0.7848,6,0.62,0.7848,8,0.63,0.7974,1378,0
SPY190805C296,2019-08-02,2019-08-02 09:44:28,0.64,0.8101,118,0.63,0.7974,6,0.62,0.7848,8,0.635,0.8037,1378,0
SPY190805C296,2019-08-02,2019-08-02 09:44:29,0.63,0.7974,6,0.62,0.7848,253,0.62,0.7848,8,0.625,0.7911,1378,0
SPY190805C296,2019-08-02,2019-08-02 09:44:29,0.64,0.8101,124,0.63,0.7974,92,0.62,0.7848,8,0.635,0.8037,1378,0
SPY190805C296,2019-08-02,2019-08-02 09:44:30,0.63,0.7974,340,0.61,0.7721,161,0.62,0.7848,8,0.62,0.7848,1378,0
SPY190805C296,2019-08-02,2019-08-02 09:44:31,0.63,0.7974,547,0.61,0.7721,135,0.62,0.7848,8,0.62,0.7848,1378,0
SPY190805C296,2019-08-02,2019-08-02 09:44:32,0.62,0.7848,5,0.61,0.7721,43,0.62,0.7848,8,0.615,0.7784,1378,0
SPY190805C296,2019-08-02,2019-08-02 09:44:33,0.61,0.7721,6,0.6,0.7594,104,0.62,0.7848,8,0.605,0.7658,1378,0
SPY190805C296,2019-08-02,2019-08-02 09:44:33,0.62,0.7848,491,0.6,0.7594,104,0.62,0.7848,8,0.61,0.7721,1378,0
SPY190805C296,2019-08-02,2019-08-02 09:44:34,0.62,0.7848,459,0.6,0.7594,104,0.62,0.7848,8,0.61,0.7721,1378,0
SPY190805C296,2019-08-02,2019-08-02 09:44:35,0.62,0.7848,449,0.6,0.7594,220,0.62,0.7848,8,0.61,0.7721,1378,0
SPY190805C296,2019-08-02,2019-08-02 09:44:35,0.62,0.7848,459,0.6,0.7594,104,0.62,0.7848,8,0.61,0.7721,1378,0
SPY190805C296,2019-08-02,2019-08-02 09:44:36,0.61,0.7721,12,0.6,0.7594,158,0.62,0.7848,8,0.605,0.7658,1378,0
SPY190805C296,2019-08-02,2019-08-02 09:44:36,0.62,0.7848,568,0.6,0.7594,105,0.62,0.7848,8,0.61,0.7721,1378,0
SPY190805C296,2019-08-02,2019-08-02 09:44:37,0.62,0.7848,541,0.6,0.7594,158,0.62,0.7848,8,0.61,0.7721,1378,0
SPY190805C296,2019-08-02,2019-08-02 09:44:38,0.62,0.7848,513,0.6,0.7594,158,0.62,0.7848,8,0.61,0.7721,1378,0
SPY190805C296,2019-08-02,2019-08-02 09:44:39,0.62,0.7848,772,0.6,0.7594,123,0.62,0.7848,8,0.61,0.7721,1378,0
SPY190805C296,2019-08-02,2019-08-02 09:44:40,0.61,0.7721,93,0.6,0.7594,56,0.62,0.7848,8,0.605,0.7658,1378,0
SPY190805C296,2019-08-02,2019-08-02 09:44:40,0.62,0.7848,384,0.6,0.7594,102,0.62,0.7848,8,0.61,0.7721,1378,0
SPY190805C296,2019-08-02,2019-08-02 09:44:41,0.62,0.7848,44,0.61,0.7721,6,0.62,0.7848,8,0.615,0.7784,1378,0
SPY190805C296,2019-08-02,2019-08-02 09:44:41,0.63,0.7974,500,0.62,0.7848,6,0.62,0.7848,8,0.625,0.7911,1378,0
SPY190805C296,2019-08-02,2019-08-02 09:44:42,0.63,0.7974,234,0.62,0.7848,6,0.62,0.7848,8,0.625,0.7911,1378,0
SPY190805C296,2019-08-02,2019-08-02 09:44:43,0.64,0.8101,548,0.62,0.7848,55,0.62,0.7848,8,0.63,0.7974,1378,0
SPY190805C296,2019-08-02,2019-08-02 09:44:43,0.64,0.8101,548,0.63,0.7974,6,0.62,0.7848,8,0.635,0.8037,1378,0
SPY190805C296,2019-08-02,2019-08-02 09:44:44,0.64,0.8101,548,0.63,0.7974,6,0.62,0.7848,8,0.635,0.8037,1378,0
SPY190805C296,2019-08-02,2019-08-02 09:44:45,0.64,0.8101,548,0.63,0.7974,6,0.62,0.7848,8,0.635,0.8037,1378,0
SPY190805C296,2019-08-02,2019-08-02 09:44:46,0.64,0.8101,548,0.63,0.7974,6,0.62,0.7848,8,0.635,0.8037,1378,0
SPY190805C296,2019-08-02,2019-08-02 09:44:47,0.64,0.8101,295,0.63,0.7974,6,0.62,0.7848,8,0.635,0.8037,1378,0
SPY190805C296,2019-08-02,2019-08-02 09:44:47,0.64,0.8101,398,0.63,0.7974,6,0.62,0.7848,8,0.635,0.8037,1378,0
SPY190805C296,2019-08-02,2019-08-02 09:44:48,0.64,0.8101,735,0.63,0.7974,42,0.62,0.7848,8,0.635,0.8037,1378,0
SPY190805C296,2019-08-02,2019-08-02 09:44:48,0.64,0.8101,509,0.63,0.7974,6,0.62,0.7848,8,0.635,0.8037,1378,0
SPY190805C296,2019-08-02,2019-08-02 09:44:49,0.63,0.7974,532,0.62,0.7848,6,0.62,0.7848,8,0.625,0.7911,1378,0
SPY190805C296,2019-08-02,2019-08-02 09:44:50,0.63,0.7974,483,0.62,0.7848,6,0.62,0.7848,8,0.625,0.7911,1378,0
SPY190805C296,2019-08-02,2019-08-02 09:44:51,0.62,0.7848,357,0.61,0.7721,6,0.62,0.7848,8,0.615,0.7784,1378,0
SPY190805C296,2019-08-02,2019-08-02 09:44:51,0.62,0.7848,461,0.6,0.7594,252,0.62,0.7848,8,0.61,0.7721,1378,0
SPY190805C296,2019-08-02,2019-08-02 09:44:52,0.62,0.7848,461,0.61,0.7721,6,0.62,0.7848,8,0.615,0.7784,1378,0
SPY190805C296,2019-08-02,2019-08-02 09:44:53,0.62,0.7848,253,0.6,0.7594,252,0.62,0.7848,8,0.61,0.7721,1378,0
SPY190805C296,2019-08-02,2019-08-02 09:44:54,0.64,0.8101,447,0.62,0.7848,42,0.62,0.7848,8,0.63,0.7974,1378,0
SPY190805C296,2019-08-02,2019-08-02 09:44:55,0.64,0.8101,447,0.63,0.7974,6,0.62,0.7848,8,0.635,0.8037,1378,0
SPY190805C296,2019-08-02,2019-08-02 09:44:56,0.63,0.7974,11,0.62,0.7848,112,0.62,0.7848,8,0.625,0.7911,1378,0
SPY190805C296,2019-08-02,2019-08-02 09:44:56,0.64,0.8101,468,0.62,0.7848,215,0.62,0.7848,8,0.63,0.7974,1378,0
SPY190805C296,2019-08-02,2019-08-02 09:44:57,0.62,0.7848,106,0.61,0.7721,114,0.62,0.7848,8,0.615,0.7784,1378,0
SPY190805C296,2019-08-02,2019-08-02 09:44:58,0.62,0.7848,11,0.61,0.7721,114,0.62,0.7848,8,0.615,0.7784,1378,0
SPY190805C296,2019-08-02,2019-08-02 09:44:58,0.63,0.7974,424,0.61,0.7721,114,0.62,0.7848,8,0.62,0.7848,1378,0
SPY190805C296,2019-08-02,2019-08-02 09:44:59,0.64,0.8101,280,0.62,0.7848,6,0.62,0.7848,8,0.63,0.7974,1378,0
