symbol,Date,quote_time,ask_price,norm_ask_price,ask_size,bid_price,norm_bid_price,bid_size,last_trade_price,norm_last_trade_price,last_trade_size,mark_price,norm_mark_price,volume,Volume
SPY190823C295,2019-08-22,2019-08-22 09:30:00,0.75,1.0,12,0.55,0.7333,112,0.67,0.8933,1,0.65,0.8666,11,11
SPY190823C295,2019-08-22,2019-08-22 09:30:00,0.6,0.8,1,0.55,0.7333,112,0.67,0.8933,1,0.575,0.7666,11,0
SPY190823C295,2019-08-22,2019-08-22 09:30:01,0.6,0.8,77,0.55,0.7333,77,0.58,0.7733,1,0.575,0.7666,12,1
SPY190823C295,2019-08-22,2019-08-22 09:30:01,0.6,0.8,1,0.55,0.7333,140,0.67,0.8933,1,0.575,0.7666,11,0
SPY190823C295,2019-08-22,2019-08-22 09:30:02,0.6,0.8,246,0.56,0.7466,77,0.58,0.7733,231,0.58,0.7733,452,440
SPY190823C295,2019-08-22,2019-08-22 09:30:02,0.58,0.7733,313,0.55,0.7333,140,0.58,0.7733,2,0.565,0.7533,454,2
SPY190823C295,2019-08-22,2019-08-22 09:30:03,0.58,0.7733,313,0.55,0.7333,15,0.58,0.7733,2,0.565,0.7533,454,0
SPY190823C295,2019-08-22,2019-08-22 09:30:03,0.58,0.7733,313,0.55,0.7333,99,0.59,0.7866,1,0.565,0.7533,455,1
SPY190823C295,2019-08-22,2019-08-22 09:30:04,0.58,0.7733,313,0.55,0.7333,99,0.59,0.7866,1,0.565,0.7533,455,0
SPY190823C295,2019-08-22,2019-08-22 09:30:05,0.58,0.7733,313,0.55,0.7333,99,0.58,0.7733,1,0.565,0.7533,456,1
SPY190823C295,2019-08-22,2019-08-22 09:30:05,0.58,0.7733,313,0.55,0.7333,99,0.59,0.7866,1,0.565,0.7533,455,0
SPY190823C295,2019-08-22,2019-08-22 09:30:06,0.58,0.7733,313,0.56,0.7466,5,0.58,0.7733,1,0.57,0.76,456,0
SPY190823C295,2019-08-22,2019-08-22 09:30:07,0.58,0.7733,313,0.56,0.7466,5,0.58,0.7733,1,0.57,0.76,456,0
SPY190823C295,2019-08-22,2019-08-22 09:30:08,0.58,0.7733,313,0.56,0.7466,5,0.58,0.7733,1,0.57,0.76,456,0
SPY190823C295,2019-08-22,2019-08-22 09:30:09,0.57,0.76,272,0.56,0.7466,5,0.58,0.7733,1,0.565,0.7533,456,0
SPY190823C295,2019-08-22,2019-08-22 09:30:09,0.57,0.76,272,0.56,0.7466,5,0.59,0.7866,5,0.565,0.7533,461,5
SPY190823C295,2019-08-22,2019-08-22 09:30:10,0.57,0.76,272,0.56,0.7466,5,0.59,0.7866,5,0.565,0.7533,461,0
SPY190823C295,2019-08-22,2019-08-22 09:30:11,0.57,0.76,202,0.56,0.7466,5,0.59,0.7866,5,0.565,0.7533,461,0
SPY190823C295,2019-08-22,2019-08-22 09:30:12,0.57,0.76,202,0.56,0.7466,5,0.59,0.7866,5,0.565,0.7533,461,0
SPY190823C295,2019-08-22,2019-08-22 09:30:13,0.57,0.76,202,0.55,0.7333,99,0.59,0.7866,5,0.56,0.7466,461,0
SPY190823C295,2019-08-22,2019-08-22 09:30:14,0.57,0.76,202,0.55,0.7333,99,0.59,0.7866,5,0.56,0.7466,461,0
SPY190823C295,2019-08-22,2019-08-22 09:30:15,0.57,0.76,202,0.55,0.7333,99,0.59,0.7866,5,0.56,0.7466,461,0
SPY190823C295,2019-08-22,2019-08-22 09:30:16,0.57,0.76,202,0.55,0.7333,99,0.59,0.7866,5,0.56,0.7466,461,0
SPY190823C295,2019-08-22,2019-08-22 09:30:17,0.57,0.76,202,0.55,0.7333,99,0.58,0.7733,1,0.56,0.7466,462,0
SPY190823C295,2019-08-22,2019-08-22 09:30:17,0.57,0.76,202,0.55,0.7333,99,0.58,0.7733,1,0.56,0.7466,462,1
SPY190823C295,2019-08-22,2019-08-22 09:30:18,0.57,0.76,202,0.55,0.7333,99,0.58,0.7733,1,0.56,0.7466,462,0
SPY190823C295,2019-08-22,2019-08-22 09:30:19,0.57,0.76,202,0.55,0.7333,99,0.58,0.7733,1,0.56,0.7466,462,0
SPY190823C295,2019-08-22,2019-08-22 09:30:20,0.57,0.76,202,0.55,0.7333,99,0.58,0.7733,1,0.56,0.7466,462,0
SPY190823C295,2019-08-22,2019-08-22 09:30:21,0.57,0.76,388,0.55,0.7333,256,0.59,0.7866,1,0.56,0.7466,508,0
SPY190823C295,2019-08-22,2019-08-22 09:30:21,0.57,0.76,388,0.55,0.7333,256,0.59,0.7866,1,0.56,0.7466,508,46
SPY190823C295,2019-08-22,2019-08-22 09:30:22,0.57,0.76,388,0.55,0.7333,256,0.59,0.7866,1,0.56,0.7466,508,0
SPY190823C295,2019-08-22,2019-08-22 09:30:23,0.57,0.76,388,0.55,0.7333,256,0.59,0.7866,1,0.56,0.7466,508,0
SPY190823C295,2019-08-22,2019-08-22 09:30:24,0.58,0.7733,252,0.56,0.7466,5,0.6,0.8,1,0.57,0.76,511,3
SPY190823C295,2019-08-22,2019-08-22 09:30:24,0.59,0.7866,204,0.57,0.76,258,0.61,0.8133,4,0.58,0.7733,515,4
SPY190823C295,2019-08-22,2019-08-22 09:30:25,0.6,0.8,351,0.58,0.7733,166,0.61,0.8133,4,0.59,0.7866,515,0
SPY190823C295,2019-08-22,2019-08-22 09:30:25,0.59,0.7866,272,0.57,0.76,6,0.61,0.8133,4,0.58,0.7733,515,0
SPY190823C295,2019-08-22,2019-08-22 09:30:26,0.59,0.7866,215,0.58,0.7733,6,0.61,0.8133,4,0.585,0.78,515,0
SPY190823C295,2019-08-22,2019-08-22 09:30:27,0.6,0.8,118,0.58,0.7733,94,0.61,0.8133,1,0.59,0.7866,522,0
SPY190823C295,2019-08-22,2019-08-22 09:30:27,0.6,0.8,204,0.58,0.7733,11,0.61,0.8133,1,0.59,0.7866,522,7
SPY190823C295,2019-08-22,2019-08-22 09:30:28,0.6,0.8,191,0.58,0.7733,291,0.61,0.8133,1,0.59,0.7866,522,0
SPY190823C295,2019-08-22,2019-08-22 09:30:28,0.6,0.8,261,0.58,0.7733,5,0.61,0.8133,1,0.59,0.7866,522,0
SPY190823C295,2019-08-22,2019-08-22 09:30:29,0.62,0.8266,24,0.61,0.8133,74,0.61,0.8133,1,0.615,0.82,522,0
SPY190823C295,2019-08-22,2019-08-22 09:30:29,0.6,0.8,2,0.6,0.8,100,0.61,0.8133,1,0.6,0.8,522,0
SPY190823C295,2019-08-22,2019-08-22 09:30:30,0.62,0.8266,24,0.61,0.8133,355,0.61,0.8133,1,0.615,0.82,523,1
SPY190823C295,2019-08-22,2019-08-22 09:30:30,0.63,0.84,70,0.61,0.8133,386,0.61,0.8133,1,0.62,0.8266,523,0
SPY190823C295,2019-08-22,2019-08-22 09:30:31,0.63,0.84,107,0.61,0.8133,441,0.61,0.8133,1,0.62,0.8266,523,0
SPY190823C295,2019-08-22,2019-08-22 09:30:31,0.63,0.84,107,0.61,0.8133,429,0.61,0.8133,1,0.62,0.8266,523,0
SPY190823C295,2019-08-22,2019-08-22 09:30:32,0.63,0.84,70,0.61,0.8133,310,0.61,0.8133,1,0.62,0.8266,523,0
SPY190823C295,2019-08-22,2019-08-22 09:30:32,0.62,0.8266,6,0.6,0.8,100,0.61,0.8133,1,0.61,0.8133,523,0
SPY190823C295,2019-08-22,2019-08-22 09:30:33,0.62,0.8266,120,0.6,0.8,184,0.61,0.8133,6,0.61,0.8133,529,6
SPY190823C295,2019-08-22,2019-08-22 09:30:33,0.62,0.8266,110,0.6,0.8,184,0.61,0.8133,1,0.61,0.8133,523,0
SPY190823C295,2019-08-22,2019-08-22 09:30:34,0.62,0.8266,70,0.61,0.8133,1,0.61,0.8133,6,0.615,0.82,535,6
SPY190823C295,2019-08-22,2019-08-22 09:30:34,0.62,0.8266,120,0.61,0.8133,1,0.61,0.8133,6,0.615,0.82,529,0
SPY190823C295,2019-08-22,2019-08-22 09:30:35,0.62,0.8266,120,0.61,0.8133,1,0.61,0.8133,6,0.615,0.82,535,0
SPY190823C295,2019-08-22,2019-08-22 09:30:35,0.62,0.8266,120,0.6,0.8,254,0.61,0.8133,6,0.61,0.8133,535,0
SPY190823C295,2019-08-22,2019-08-22 09:30:36,0.62,0.8266,120,0.6,0.8,254,0.61,0.8133,6,0.61,0.8133,535,0
SPY190823C295,2019-08-22,2019-08-22 09:30:37,0.61,0.8133,24,0.6,0.8,515,0.61,0.8133,6,0.605,0.8066,535,0
SPY190823C295,2019-08-22,2019-08-22 09:30:37,0.62,0.8266,114,0.6,0.8,254,0.61,0.8133,6,0.61,0.8133,535,0
SPY190823C295,2019-08-22,2019-08-22 09:30:38,0.62,0.8266,24,0.6,0.8,515,0.61,0.8133,6,0.61,0.8133,535,0
SPY190823C295,2019-08-22,2019-08-22 09:30:38,0.62,0.8266,24,0.6,0.8,631,0.61,0.8133,6,0.61,0.8133,535,0
SPY190823C295,2019-08-22,2019-08-22 09:30:39,0.62,0.8266,38,0.6,0.8,249,0.61,0.8133,6,0.61,0.8133,535,0
SPY190823C295,2019-08-22,2019-08-22 09:30:39,0.62,0.8266,24,0.6,0.8,631,0.61,0.8133,6,0.61,0.8133,535,0
SPY190823C295,2019-08-22,2019-08-22 09:30:40,0.61,0.8133,94,0.6,0.8,10,0.61,0.8133,6,0.605,0.8066,535,0
SPY190823C295,2019-08-22,2019-08-22 09:30:40,0.61,0.8133,24,0.6,0.8,10,0.61,0.8133,6,0.605,0.8066,535,0
SPY190823C295,2019-08-22,2019-08-22 09:30:41,0.61,0.8133,3,0.6,0.8,10,0.61,0.8133,6,0.605,0.8066,535,0
SPY190823C295,2019-08-22,2019-08-22 09:30:42,0.61,0.8133,24,0.6,0.8,10,0.6,0.8,20,0.605,0.8066,555,0
SPY190823C295,2019-08-22,2019-08-22 09:30:42,0.61,0.8133,3,0.6,0.8,10,0.6,0.8,20,0.605,0.8066,555,20
SPY190823C295,2019-08-22,2019-08-22 09:30:43,0.61,0.8133,24,0.6,0.8,10,0.6,0.8,20,0.605,0.8066,555,0
SPY190823C295,2019-08-22,2019-08-22 09:30:44,0.61,0.8133,1,0.6,0.8,18,0.61,0.8133,1,0.605,0.8066,564,9
SPY190823C295,2019-08-22,2019-08-22 09:30:44,0.62,0.8266,151,0.6,0.8,10,0.61,0.8133,1,0.61,0.8133,564,0
SPY190823C295,2019-08-22,2019-08-22 09:30:45,0.61,0.8133,162,0.6,0.8,10,0.61,0.8133,1,0.605,0.8066,564,0
SPY190823C295,2019-08-22,2019-08-22 09:30:45,0.61,0.8133,102,0.6,0.8,10,0.61,0.8133,1,0.605,0.8066,564,0
SPY190823C295,2019-08-22,2019-08-22 09:30:46,0.61,0.8133,207,0.6,0.8,10,0.61,0.8133,1,0.605,0.8066,564,0
SPY190823C295,2019-08-22,2019-08-22 09:30:46,0.61,0.8133,231,0.6,0.8,10,0.61,0.8133,1,0.605,0.8066,564,0
SPY190823C295,2019-08-22,2019-08-22 09:30:47,0.6,0.8,24,0.59,0.7866,28,0.6,0.8,10,0.595,0.7933,574,0
SPY190823C295,2019-08-22,2019-08-22 09:30:47,0.6,0.8,24,0.59,0.7866,36,0.6,0.8,10,0.595,0.7933,574,10
SPY190823C295,2019-08-22,2019-08-22 09:30:48,0.6,0.8,24,0.58,0.7733,848,0.6,0.8,10,0.59,0.7866,574,0
SPY190823C295,2019-08-22,2019-08-22 09:30:48,0.6,0.8,24,0.59,0.7866,28,0.6,0.8,10,0.595,0.7933,574,0
SPY190823C295,2019-08-22,2019-08-22 09:30:49,0.6,0.8,24,0.58,0.7733,733,0.6,0.8,10,0.59,0.7866,574,0
SPY190823C295,2019-08-22,2019-08-22 09:30:49,0.6,0.8,24,0.59,0.7866,24,0.6,0.8,10,0.595,0.7933,574,0
SPY190823C295,2019-08-22,2019-08-22 09:30:50,0.6,0.8,24,0.59,0.7866,26,0.6,0.8,10,0.595,0.7933,574,0
SPY190823C295,2019-08-22,2019-08-22 09:30:50,0.6,0.8,24,0.59,0.7866,24,0.6,0.8,10,0.595,0.7933,574,0
SPY190823C295,2019-08-22,2019-08-22 09:30:51,0.6,0.8,24,0.58,0.7733,200,0.6,0.8,10,0.59,0.7866,574,0
SPY190823C295,2019-08-22,2019-08-22 09:30:51,0.6,0.8,24,0.6,0.8,1,0.6,0.8,1,0.6,0.8,575,1
SPY190823C295,2019-08-22,2019-08-22 09:30:52,0.61,0.8133,41,0.6,0.8,194,0.61,0.8133,1,0.605,0.8066,587,12
SPY190823C295,2019-08-22,2019-08-22 09:30:53,0.61,0.8133,41,0.6,0.8,264,0.61,0.8133,1,0.605,0.8066,587,0
SPY190823C295,2019-08-22,2019-08-22 09:30:54,0.61,0.8133,41,0.6,0.8,621,0.61,0.8133,1,0.605,0.8066,587,0
SPY190823C295,2019-08-22,2019-08-22 09:30:55,0.62,0.8266,71,0.6,0.8,513,0.61,0.8133,1,0.61,0.8133,587,0
SPY190823C295,2019-08-22,2019-08-22 09:30:55,0.61,0.8133,41,0.6,0.8,513,0.61,0.8133,1,0.605,0.8066,587,0
SPY190823C295,2019-08-22,2019-08-22 09:30:56,0.62,0.8266,98,0.61,0.8133,1,0.62,0.8266,10,0.615,0.82,597,0
SPY190823C295,2019-08-22,2019-08-22 09:30:56,0.62,0.8266,98,0.61,0.8133,1,0.62,0.8266,10,0.615,0.82,597,10
SPY190823C295,2019-08-22,2019-08-22 09:30:57,0.62,0.8266,111,0.61,0.8133,28,0.62,0.8266,10,0.615,0.82,597,0
SPY190823C295,2019-08-22,2019-08-22 09:30:57,0.62,0.8266,111,0.61,0.8133,1,0.62,0.8266,10,0.615,0.82,597,0
SPY190823C295,2019-08-22,2019-08-22 09:30:58,0.62,0.8266,101,0.61,0.8133,1,0.62,0.8266,10,0.615,0.82,597,0
SPY190823C295,2019-08-22,2019-08-22 09:30:58,0.62,0.8266,154,0.61,0.8133,1,0.62,0.8266,10,0.615,0.82,597,0
SPY190823C295,2019-08-22,2019-08-22 09:30:59,0.62,0.8266,154,0.61,0.8133,1,0.62,0.8266,10,0.615,0.82,597,0
SPY190823C295,2019-08-22,2019-08-22 09:30:59,0.62,0.8266,263,0.61,0.8133,1,0.62,0.8266,10,0.615,0.82,597,0
SPY190823C295,2019-08-22,2019-08-22 09:31:00,0.62,0.8266,255,0.61,0.8133,1,0.62,0.8266,10,0.615,0.82,597,0
SPY190823C295,2019-08-22,2019-08-22 09:31:00,0.62,0.8266,335,0.61,0.8133,1,0.62,0.8266,10,0.615,0.82,597,0
SPY190823C295,2019-08-22,2019-08-22 09:31:01,0.62,0.8266,376,0.61,0.8133,2,0.62,0.8266,10,0.615,0.82,597,0
SPY190823C295,2019-08-22,2019-08-22 09:31:01,0.62,0.8266,255,0.61,0.8133,1,0.62,0.8266,10,0.615,0.82,597,0
SPY190823C295,2019-08-22,2019-08-22 09:31:02,0.62,0.8266,150,0.61,0.8133,2,0.62,0.8266,10,0.615,0.82,597,0
SPY190823C295,2019-08-22,2019-08-22 09:31:03,0.62,0.8266,62,0.61,0.8133,2,0.62,0.8266,10,0.615,0.82,597,0
SPY190823C295,2019-08-22,2019-08-22 09:31:03,0.62,0.8266,158,0.61,0.8133,2,0.62,0.8266,10,0.615,0.82,597,0
SPY190823C295,2019-08-22,2019-08-22 09:31:04,0.62,0.8266,216,0.61,0.8133,2,0.62,0.8266,10,0.615,0.82,597,0
SPY190823C295,2019-08-22,2019-08-22 09:31:04,0.62,0.8266,221,0.61,0.8133,2,0.62,0.8266,10,0.615,0.82,597,0
SPY190823C295,2019-08-22,2019-08-22 09:31:05,0.62,0.8266,63,0.61,0.8133,2,0.62,0.8266,10,0.615,0.82,597,0
SPY190823C295,2019-08-22,2019-08-22 09:31:05,0.62,0.8266,214,0.61,0.8133,2,0.62,0.8266,10,0.615,0.82,597,0
SPY190823C295,2019-08-22,2019-08-22 09:31:06,0.62,0.8266,157,0.61,0.8133,2,0.61,0.8133,2,0.615,0.82,599,0
SPY190823C295,2019-08-22,2019-08-22 09:31:06,0.62,0.8266,145,0.61,0.8133,2,0.61,0.8133,2,0.615,0.82,599,2
SPY190823C295,2019-08-22,2019-08-22 09:31:07,0.62,0.8266,670,0.61,0.8133,2,0.61,0.8133,2,0.615,0.82,599,0
SPY190823C295,2019-08-22,2019-08-22 09:31:08,0.61,0.8133,232,0.6,0.8,21,0.61,0.8133,2,0.605,0.8066,602,3
SPY190823C295,2019-08-22,2019-08-22 09:31:09,0.61,0.8133,232,0.6,0.8,24,0.61,0.8133,2,0.605,0.8066,604,0
SPY190823C295,2019-08-22,2019-08-22 09:31:09,0.61,0.8133,232,0.6,0.8,21,0.61,0.8133,2,0.605,0.8066,604,2
SPY190823C295,2019-08-22,2019-08-22 09:31:10,0.61,0.8133,65,0.6,0.8,21,0.61,0.8133,2,0.605,0.8066,604,0
SPY190823C295,2019-08-22,2019-08-22 09:31:10,0.61,0.8133,54,0.6,0.8,24,0.61,0.8133,2,0.605,0.8066,604,0
SPY190823C295,2019-08-22,2019-08-22 09:31:11,0.61,0.8133,63,0.6,0.8,24,0.61,0.8133,2,0.605,0.8066,606,0
SPY190823C295,2019-08-22,2019-08-22 09:31:11,0.61,0.8133,63,0.6,0.8,35,0.61,0.8133,2,0.605,0.8066,606,2
SPY190823C295,2019-08-22,2019-08-22 09:31:12,0.62,0.8266,85,0.6,0.8,24,0.61,0.8133,2,0.61,0.8133,606,0
SPY190823C295,2019-08-22,2019-08-22 09:31:12,0.62,0.8266,85,0.6,0.8,282,0.61,0.8133,2,0.61,0.8133,606,0
SPY190823C295,2019-08-22,2019-08-22 09:31:13,0.61,0.8133,46,0.6,0.8,84,0.61,0.8133,2,0.605,0.8066,606,0
SPY190823C295,2019-08-22,2019-08-22 09:31:13,0.62,0.8266,150,0.61,0.8133,24,0.61,0.8133,2,0.615,0.82,606,0
SPY190823C295,2019-08-22,2019-08-22 09:31:14,0.61,0.8133,46,0.6,0.8,84,0.61,0.8133,2,0.605,0.8066,606,0
SPY190823C295,2019-08-22,2019-08-22 09:31:15,0.61,0.8133,98,0.6,0.8,20,0.61,0.8133,1,0.605,0.8066,607,1
SPY190823C295,2019-08-22,2019-08-22 09:31:15,0.61,0.8133,43,0.6,0.8,20,0.61,0.8133,2,0.605,0.8066,606,0
SPY190823C295,2019-08-22,2019-08-22 09:31:16,0.6,0.8,50,0.59,0.7866,132,0.6,0.8,20,0.595,0.7933,627,0
SPY190823C295,2019-08-22,2019-08-22 09:31:16,0.61,0.8133,25,0.6,0.8,24,0.6,0.8,20,0.605,0.8066,627,20
SPY190823C295,2019-08-22,2019-08-22 09:31:17,0.61,0.8133,82,0.6,0.8,18,0.6,0.8,20,0.605,0.8066,627,0
SPY190823C295,2019-08-22,2019-08-22 09:31:17,0.6,0.8,50,0.6,0.8,24,0.6,0.8,20,0.6,0.8,627,0
SPY190823C295,2019-08-22,2019-08-22 09:31:18,0.61,0.8133,150,0.59,0.7866,201,0.6,0.8,20,0.6,0.8,627,0
SPY190823C295,2019-08-22,2019-08-22 09:31:18,0.61,0.8133,115,0.59,0.7866,271,0.6,0.8,20,0.6,0.8,627,0
SPY190823C295,2019-08-22,2019-08-22 09:31:19,0.61,0.8133,124,0.59,0.7866,259,0.6,0.8,20,0.6,0.8,627,0
SPY190823C295,2019-08-22,2019-08-22 09:31:19,0.61,0.8133,39,0.59,0.7866,259,0.6,0.8,20,0.6,0.8,627,0
SPY190823C295,2019-08-22,2019-08-22 09:31:20,0.61,0.8133,39,0.59,0.7866,259,0.6,0.8,20,0.6,0.8,627,0
SPY190823C295,2019-08-22,2019-08-22 09:31:20,0.61,0.8133,89,0.6,0.8,70,0.6,0.8,1,0.605,0.8066,629,2
SPY190823C295,2019-08-22,2019-08-22 09:31:21,0.59,0.7866,12,0.58,0.7733,70,0.59,0.7866,1,0.585,0.78,641,1
SPY190823C295,2019-08-22,2019-08-22 09:31:21,0.6,0.8,93,0.59,0.7866,1,0.6,0.8,5,0.595,0.7933,640,11
SPY190823C295,2019-08-22,2019-08-22 09:31:22,0.59,0.7866,79,0.58,0.7733,70,0.59,0.7866,1,0.585,0.78,641,0
SPY190823C295,2019-08-22,2019-08-22 09:31:22,0.59,0.7866,135,0.57,0.76,284,0.59,0.7866,1,0.58,0.7733,641,0
SPY190823C295,2019-08-22,2019-08-22 09:31:23,0.59,0.7866,47,0.57,0.76,730,0.59,0.7866,2,0.58,0.7733,706,65
SPY190823C295,2019-08-22,2019-08-22 09:31:23,0.59,0.7866,67,0.57,0.76,520,0.59,0.7866,1,0.58,0.7733,641,0
SPY190823C295,2019-08-22,2019-08-22 09:31:24,0.61,0.8133,279,0.59,0.7866,85,0.59,0.7866,3,0.6,0.8,724,0
SPY190823C295,2019-08-22,2019-08-22 09:31:24,0.61,0.8133,309,0.59,0.7866,1,0.59,0.7866,3,0.6,0.8,724,18
SPY190823C295,2019-08-22,2019-08-22 09:31:25,0.61,0.8133,184,0.59,0.7866,178,0.59,0.7866,3,0.6,0.8,724,0
SPY190823C295,2019-08-22,2019-08-22 09:31:26,0.61,0.8133,234,0.59,0.7866,115,0.59,0.7866,3,0.6,0.8,724,0
SPY190823C295,2019-08-22,2019-08-22 09:31:26,0.61,0.8133,234,0.59,0.7866,148,0.59,0.7866,3,0.6,0.8,724,0
SPY190823C295,2019-08-22,2019-08-22 09:31:27,0.61,0.8133,5,0.6,0.8,70,0.59,0.7866,3,0.605,0.8066,724,0
SPY190823C295,2019-08-22,2019-08-22 09:31:27,0.61,0.8133,6,0.6,0.8,85,0.59,0.7866,3,0.605,0.8066,724,0
SPY190823C295,2019-08-22,2019-08-22 09:31:28,0.62,0.8266,1,0.6,0.8,6,0.61,0.8133,1,0.61,0.8133,725,1
SPY190823C295,2019-08-22,2019-08-22 09:31:28,0.61,0.8133,6,0.6,0.8,6,0.59,0.7866,3,0.605,0.8066,724,0
SPY190823C295,2019-08-22,2019-08-22 09:31:29,0.62,0.8266,1,0.61,0.8133,195,0.61,0.8133,1,0.615,0.82,725,0
SPY190823C295,2019-08-22,2019-08-22 09:31:29,0.62,0.8266,1,0.61,0.8133,150,0.61,0.8133,1,0.615,0.82,725,0
SPY190823C295,2019-08-22,2019-08-22 09:31:30,0.64,0.8533,5,0.61,0.8133,145,0.62,0.8266,1,0.625,0.8333,726,0
SPY190823C295,2019-08-22,2019-08-22 09:31:30,0.63,0.84,5,0.61,0.8133,145,0.62,0.8266,1,0.62,0.8266,726,1
SPY190823C295,2019-08-22,2019-08-22 09:31:31,0.64,0.8533,183,0.62,0.8266,450,0.64,0.8533,1,0.63,0.84,727,1
SPY190823C295,2019-08-22,2019-08-22 09:31:31,0.64,0.8533,5,0.62,0.8266,410,0.62,0.8266,1,0.63,0.84,726,0
SPY190823C295,2019-08-22,2019-08-22 09:31:32,0.64,0.8533,150,0.63,0.84,15,0.64,0.8533,1,0.635,0.8466,727,0
SPY190823C295,2019-08-22,2019-08-22 09:31:33,0.65,0.8666,184,0.63,0.84,230,0.64,0.8533,1,0.64,0.8533,727,0
SPY190823C295,2019-08-22,2019-08-22 09:31:33,0.65,0.8666,234,0.63,0.84,333,0.64,0.8533,1,0.64,0.8533,727,0
SPY190823C295,2019-08-22,2019-08-22 09:31:34,0.65,0.8666,65,0.63,0.84,129,0.64,0.8533,1,0.64,0.8533,727,0
SPY190823C295,2019-08-22,2019-08-22 09:31:34,0.65,0.8666,227,0.63,0.84,54,0.64,0.8533,1,0.64,0.8533,727,0
SPY190823C295,2019-08-22,2019-08-22 09:31:35,0.65,0.8666,227,0.63,0.84,49,0.64,0.8533,1,0.64,0.8533,727,0
SPY190823C295,2019-08-22,2019-08-22 09:31:35,0.65,0.8666,227,0.63,0.84,293,0.64,0.8533,4,0.64,0.8533,731,4
SPY190823C295,2019-08-22,2019-08-22 09:31:36,0.65,0.8666,177,0.63,0.84,193,0.64,0.8533,4,0.64,0.8533,731,0
SPY190823C295,2019-08-22,2019-08-22 09:31:36,0.65,0.8666,252,0.64,0.8533,6,0.64,0.8533,4,0.645,0.86,731,0
SPY190823C295,2019-08-22,2019-08-22 09:31:37,0.65,0.8666,227,0.63,0.84,288,0.64,0.8533,4,0.64,0.8533,731,0
SPY190823C295,2019-08-22,2019-08-22 09:31:37,0.65,0.8666,227,0.63,0.84,142,0.64,0.8533,4,0.64,0.8533,731,0
SPY190823C295,2019-08-22,2019-08-22 09:31:38,0.65,0.8666,227,0.63,0.84,426,0.64,0.8533,4,0.64,0.8533,731,0
SPY190823C295,2019-08-22,2019-08-22 09:31:38,0.65,0.8666,120,0.64,0.8533,3,0.64,0.8533,4,0.645,0.86,731,0
SPY190823C295,2019-08-22,2019-08-22 09:31:39,0.65,0.8666,129,0.64,0.8533,70,0.64,0.8533,4,0.645,0.86,731,0
SPY190823C295,2019-08-22,2019-08-22 09:31:39,0.65,0.8666,129,0.64,0.8533,67,0.64,0.8533,4,0.645,0.86,731,0
SPY190823C295,2019-08-22,2019-08-22 09:31:40,0.65,0.8666,129,0.64,0.8533,3,0.64,0.8533,4,0.645,0.86,731,0
SPY190823C295,2019-08-22,2019-08-22 09:31:40,0.65,0.8666,129,0.64,0.8533,24,0.64,0.8533,4,0.645,0.86,731,0
SPY190823C295,2019-08-22,2019-08-22 09:31:41,0.65,0.8666,129,0.64,0.8533,26,0.64,0.8533,4,0.645,0.86,731,0
SPY190823C295,2019-08-22,2019-08-22 09:31:42,0.65,0.8666,129,0.64,0.8533,26,0.64,0.8533,4,0.645,0.86,731,0
SPY190823C295,2019-08-22,2019-08-22 09:31:43,0.65,0.8666,129,0.64,0.8533,24,0.64,0.8533,4,0.645,0.86,731,0
SPY190823C295,2019-08-22,2019-08-22 09:31:43,0.65,0.8666,129,0.64,0.8533,50,0.64,0.8533,4,0.645,0.86,731,0
SPY190823C295,2019-08-22,2019-08-22 09:31:44,0.66,0.88,227,0.64,0.8533,592,0.64,0.8533,4,0.65,0.8666,731,0
SPY190823C295,2019-08-22,2019-08-22 09:31:44,0.66,0.88,227,0.64,0.8533,226,0.64,0.8533,4,0.65,0.8666,731,0
SPY190823C295,2019-08-22,2019-08-22 09:31:45,0.66,0.88,108,0.64,0.8533,592,0.64,0.8533,4,0.65,0.8666,731,0
SPY190823C295,2019-08-22,2019-08-22 09:31:45,0.66,0.88,150,0.65,0.8666,56,0.66,0.88,3,0.655,0.8733,734,3
SPY190823C295,2019-08-22,2019-08-22 09:31:46,0.66,0.88,85,0.65,0.8666,2,0.66,0.88,3,0.655,0.8733,734,0
SPY190823C295,2019-08-22,2019-08-22 09:31:46,0.66,0.88,150,0.65,0.8666,56,0.66,0.88,3,0.655,0.8733,734,0
SPY190823C295,2019-08-22,2019-08-22 09:31:47,0.66,0.88,85,0.66,0.88,2,0.66,0.88,3,0.66,0.88,734,0
SPY190823C295,2019-08-22,2019-08-22 09:31:47,0.68,0.9066,336,0.67,0.8933,7,0.66,0.88,3,0.675,0.9,734,0
SPY190823C295,2019-08-22,2019-08-22 09:31:48,0.68,0.9066,196,0.67,0.8933,2,0.66,0.88,3,0.675,0.9,734,0
SPY190823C295,2019-08-22,2019-08-22 09:31:48,0.68,0.9066,336,0.67,0.8933,2,0.66,0.88,3,0.675,0.9,734,0
SPY190823C295,2019-08-22,2019-08-22 09:31:49,0.68,0.9066,202,0.67,0.8933,2,0.66,0.88,3,0.675,0.9,734,0
SPY190823C295,2019-08-22,2019-08-22 09:31:49,0.68,0.9066,202,0.67,0.8933,2,0.67,0.8933,1,0.675,0.9,735,1
SPY190823C295,2019-08-22,2019-08-22 09:31:50,0.68,0.9066,77,0.67,0.8933,67,0.66,0.88,10,0.675,0.9,745,0
SPY190823C295,2019-08-22,2019-08-22 09:31:50,0.68,0.9066,77,0.67,0.8933,67,0.66,0.88,10,0.675,0.9,745,10
SPY190823C295,2019-08-22,2019-08-22 09:31:51,0.68,0.9066,86,0.67,0.8933,66,0.66,0.88,10,0.675,0.9,745,0
SPY190823C295,2019-08-22,2019-08-22 09:31:51,0.68,0.9066,20,0.67,0.8933,254,0.66,0.88,10,0.675,0.9,745,0
SPY190823C295,2019-08-22,2019-08-22 09:31:52,0.68,0.9066,10,0.66,0.88,404,0.66,0.88,10,0.67,0.8933,745,0
SPY190823C295,2019-08-22,2019-08-22 09:31:53,0.67,0.8933,132,0.66,0.88,195,0.66,0.88,10,0.665,0.8866,745,0
SPY190823C295,2019-08-22,2019-08-22 09:31:53,0.68,0.9066,96,0.66,0.88,295,0.66,0.88,10,0.67,0.8933,745,0
SPY190823C295,2019-08-22,2019-08-22 09:31:54,0.67,0.8933,232,0.65,0.8666,468,0.67,0.8933,3,0.66,0.88,748,3
SPY190823C295,2019-08-22,2019-08-22 09:31:54,0.67,0.8933,232,0.65,0.8666,297,0.67,0.8933,3,0.66,0.88,748,0
SPY190823C295,2019-08-22,2019-08-22 09:31:55,0.67,0.8933,135,0.65,0.8666,290,0.67,0.8933,3,0.66,0.88,748,0
SPY190823C295,2019-08-22,2019-08-22 09:31:55,0.67,0.8933,235,0.65,0.8666,241,0.67,0.8933,3,0.66,0.88,748,0
SPY190823C295,2019-08-22,2019-08-22 09:31:56,0.68,0.9066,195,0.67,0.8933,22,0.67,0.8933,3,0.675,0.9,748,0
SPY190823C295,2019-08-22,2019-08-22 09:31:56,0.68,0.9066,195,0.65,0.8666,470,0.67,0.8933,3,0.665,0.8866,748,0
SPY190823C295,2019-08-22,2019-08-22 09:31:57,0.68,0.9066,245,0.67,0.8933,7,0.67,0.8933,3,0.675,0.9,748,0
SPY190823C295,2019-08-22,2019-08-22 09:31:57,0.68,0.9066,245,0.67,0.8933,2,0.67,0.8933,3,0.675,0.9,748,0
SPY190823C295,2019-08-22,2019-08-22 09:31:58,0.68,0.9066,245,0.67,0.8933,2,0.68,0.9066,3,0.675,0.9,751,0
SPY190823C295,2019-08-22,2019-08-22 09:31:58,0.68,0.9066,245,0.67,0.8933,2,0.68,0.9066,3,0.675,0.9,751,3
SPY190823C295,2019-08-22,2019-08-22 09:31:59,0.68,0.9066,245,0.67,0.8933,22,0.68,0.9066,3,0.675,0.9,751,0
SPY190823C295,2019-08-22,2019-08-22 09:32:00,0.68,0.9066,245,0.67,0.8933,2,0.68,0.9066,3,0.675,0.9,751,0
SPY190823C295,2019-08-22,2019-08-22 09:32:00,0.67,0.8933,199,0.66,0.88,15,0.68,0.9066,3,0.665,0.8866,751,0
SPY190823C295,2019-08-22,2019-08-22 09:32:01,0.67,0.8933,250,0.65,0.8666,34,0.68,0.9066,3,0.66,0.88,751,0
SPY190823C295,2019-08-22,2019-08-22 09:32:01,0.66,0.88,71,0.65,0.8666,5,0.68,0.9066,3,0.655,0.8733,751,0
SPY190823C295,2019-08-22,2019-08-22 09:32:02,0.65,0.8666,14,0.65,0.8666,6,0.68,0.9066,3,0.65,0.8666,751,0
SPY190823C295,2019-08-22,2019-08-22 09:32:02,0.65,0.8666,28,0.64,0.8533,172,0.65,0.8666,1,0.645,0.86,752,1
SPY190823C295,2019-08-22,2019-08-22 09:32:03,0.65,0.8666,32,0.64,0.8533,172,0.65,0.8666,1,0.645,0.86,752,0
SPY190823C295,2019-08-22,2019-08-22 09:32:03,0.65,0.8666,265,0.64,0.8533,96,0.64,0.8533,3,0.645,0.86,755,3
SPY190823C295,2019-08-22,2019-08-22 09:32:04,0.64,0.8533,1,0.61,0.8133,300,0.64,0.8533,1,0.625,0.8333,756,1
SPY190823C295,2019-08-22,2019-08-22 09:32:04,0.64,0.8533,87,0.63,0.84,34,0.63,0.84,6,0.635,0.8466,762,6
SPY190823C295,2019-08-22,2019-08-22 09:32:05,0.63,0.84,1,0.62,0.8266,173,0.63,0.84,1,0.625,0.8333,763,1
SPY190823C295,2019-08-22,2019-08-22 09:32:05,0.63,0.84,1,0.62,0.8266,60,0.63,0.84,1,0.625,0.8333,763,0
SPY190823C295,2019-08-22,2019-08-22 09:32:06,0.63,0.84,139,0.61,0.8133,121,0.63,0.84,1,0.62,0.8266,763,0
SPY190823C295,2019-08-22,2019-08-22 09:32:06,0.63,0.84,63,0.61,0.8133,38,0.63,0.84,1,0.62,0.8266,763,0
SPY190823C295,2019-08-22,2019-08-22 09:32:07,0.63,0.84,41,0.61,0.8133,104,0.63,0.84,1,0.62,0.8266,763,0
SPY190823C295,2019-08-22,2019-08-22 09:32:07,0.64,0.8533,280,0.61,0.8133,273,0.62,0.8266,1,0.625,0.8333,764,1
SPY190823C295,2019-08-22,2019-08-22 09:32:08,0.64,0.8533,82,0.62,0.8266,171,0.62,0.8266,1,0.63,0.84,764,0
SPY190823C295,2019-08-22,2019-08-22 09:32:08,0.63,0.84,2,0.62,0.8266,207,0.62,0.8266,1,0.625,0.8333,764,0
SPY190823C295,2019-08-22,2019-08-22 09:32:09,0.63,0.84,6,0.62,0.8266,121,0.62,0.8266,25,0.625,0.8333,803,0
SPY190823C295,2019-08-22,2019-08-22 09:32:09,0.64,0.8533,225,0.62,0.8266,73,0.62,0.8266,25,0.63,0.84,803,39
SPY190823C295,2019-08-22,2019-08-22 09:32:10,0.63,0.84,53,0.62,0.8266,75,0.62,0.8266,25,0.625,0.8333,803,0
SPY190823C295,2019-08-22,2019-08-22 09:32:10,0.63,0.84,31,0.62,0.8266,51,0.62,0.8266,25,0.625,0.8333,803,0
SPY190823C295,2019-08-22,2019-08-22 09:32:11,0.63,0.84,206,0.62,0.8266,148,0.62,0.8266,25,0.625,0.8333,803,0
SPY190823C295,2019-08-22,2019-08-22 09:32:11,0.63,0.84,206,0.62,0.8266,78,0.62,0.8266,25,0.625,0.8333,803,0
SPY190823C295,2019-08-22,2019-08-22 09:32:12,0.64,0.8533,231,0.63,0.84,43,0.63,0.84,2,0.635,0.8466,810,2
SPY190823C295,2019-08-22,2019-08-22 09:32:12,0.64,0.8533,29,0.63,0.84,1,0.63,0.84,2,0.635,0.8466,808,5
SPY190823C295,2019-08-22,2019-08-22 09:32:13,0.63,0.84,24,0.62,0.8266,130,0.63,0.84,2,0.625,0.8333,810,0
SPY190823C295,2019-08-22,2019-08-22 09:32:13,0.64,0.8533,150,0.63,0.84,20,0.63,0.84,2,0.635,0.8466,810,0
SPY190823C295,2019-08-22,2019-08-22 09:32:14,0.64,0.8533,1,0.63,0.84,148,0.63,0.84,2,0.635,0.8466,810,0
SPY190823C295,2019-08-22,2019-08-22 09:32:14,0.64,0.8533,133,0.63,0.84,148,0.63,0.84,2,0.635,0.8466,810,0
SPY190823C295,2019-08-22,2019-08-22 09:32:15,0.64,0.8533,133,0.63,0.84,30,0.63,0.84,2,0.635,0.8466,810,0
SPY190823C295,2019-08-22,2019-08-22 09:32:15,0.64,0.8533,231,0.63,0.84,46,0.63,0.84,2,0.635,0.8466,810,0
SPY190823C295,2019-08-22,2019-08-22 09:32:16,0.64,0.8533,231,0.63,0.84,46,0.63,0.84,2,0.635,0.8466,810,0
SPY190823C295,2019-08-22,2019-08-22 09:32:16,0.64,0.8533,6,0.63,0.84,41,0.63,0.84,2,0.635,0.8466,810,0
SPY190823C295,2019-08-22,2019-08-22 09:32:17,0.64,0.8533,6,0.63,0.84,41,0.63,0.84,2,0.635,0.8466,810,0
SPY190823C295,2019-08-22,2019-08-22 09:32:18,0.65,0.8666,395,0.64,0.8533,2,0.64,0.8533,1,0.645,0.86,811,1
SPY190823C295,2019-08-22,2019-08-22 09:32:18,0.64,0.8533,6,0.63,0.84,131,0.63,0.84,2,0.635,0.8466,810,0
SPY190823C295,2019-08-22,2019-08-22 09:32:19,0.65,0.8666,479,0.64,0.8533,2,0.64,0.8533,1,0.645,0.86,811,0
SPY190823C295,2019-08-22,2019-08-22 09:32:19,0.65,0.8666,546,0.64,0.8533,2,0.64,0.8533,1,0.645,0.86,811,0
SPY190823C295,2019-08-22,2019-08-22 09:32:20,0.64,0.8533,198,0.63,0.84,60,0.64,0.8533,1,0.635,0.8466,811,0
SPY190823C295,2019-08-22,2019-08-22 09:32:20,0.65,0.8666,546,0.64,0.8533,2,0.64,0.8533,1,0.645,0.86,811,0
SPY190823C295,2019-08-22,2019-08-22 09:32:21,0.63,0.84,1,0.63,0.84,2,0.64,0.8533,10,0.63,0.84,876,0
SPY190823C295,2019-08-22,2019-08-22 09:32:21,0.63,0.84,1,0.63,0.84,6,0.64,0.8533,10,0.63,0.84,876,65
SPY190823C295,2019-08-22,2019-08-22 09:32:22,0.64,0.8533,185,0.63,0.84,2,0.64,0.8533,10,0.635,0.8466,876,0
SPY190823C295,2019-08-22,2019-08-22 09:32:22,0.64,0.8533,200,0.63,0.84,2,0.64,0.8533,10,0.635,0.8466,876,0
SPY190823C295,2019-08-22,2019-08-22 09:32:23,0.64,0.8533,200,0.63,0.84,26,0.64,0.8533,5,0.635,0.8466,881,0
SPY190823C295,2019-08-22,2019-08-22 09:32:23,0.64,0.8533,200,0.63,0.84,2,0.64,0.8533,5,0.635,0.8466,881,5
SPY190823C295,2019-08-22,2019-08-22 09:32:24,0.63,0.84,1,0.63,0.84,40,0.63,0.84,1,0.63,0.84,883,1
SPY190823C295,2019-08-22,2019-08-22 09:32:24,0.63,0.84,1,0.62,0.8266,404,0.63,0.84,1,0.625,0.8333,882,1
SPY190823C295,2019-08-22,2019-08-22 09:32:25,0.64,0.8533,15,0.64,0.8533,2,0.64,0.8533,1,0.64,0.8533,884,1
SPY190823C295,2019-08-22,2019-08-22 09:32:26,0.64,0.8533,1,0.63,0.84,346,0.64,0.8533,1,0.635,0.8466,888,4
SPY190823C295,2019-08-22,2019-08-22 09:32:26,0.64,0.8533,130,0.64,0.8533,2,0.64,0.8533,1,0.64,0.8533,884,0
SPY190823C295,2019-08-22,2019-08-22 09:32:27,0.65,0.8666,230,0.64,0.8533,2,0.64,0.8533,1,0.645,0.86,888,0
SPY190823C295,2019-08-22,2019-08-22 09:32:27,0.65,0.8666,180,0.64,0.8533,32,0.64,0.8533,1,0.645,0.86,888,0
SPY190823C295,2019-08-22,2019-08-22 09:32:28,0.65,0.8666,288,0.64,0.8533,2,0.64,0.8533,1,0.645,0.86,888,0
SPY190823C295,2019-08-22,2019-08-22 09:32:28,0.65,0.8666,438,0.64,0.8533,26,0.64,0.8533,1,0.645,0.86,889,1
SPY190823C295,2019-08-22,2019-08-22 09:32:29,0.64,0.8533,183,0.63,0.84,565,0.63,0.84,11,0.635,0.8466,929,40
SPY190823C295,2019-08-22,2019-08-22 09:32:29,0.64,0.8533,1,0.63,0.84,511,0.63,0.84,11,0.635,0.8466,929,0
SPY190823C295,2019-08-22,2019-08-22 09:32:30,0.65,0.8666,288,0.64,0.8533,30,0.63,0.84,11,0.645,0.86,929,0
SPY190823C295,2019-08-22,2019-08-22 09:32:30,0.64,0.8533,1,0.63,0.84,511,0.63,0.84,11,0.635,0.8466,929,0
SPY190823C295,2019-08-22,2019-08-22 09:32:31,0.65,0.8666,360,0.64,0.8533,51,0.64,0.8533,1,0.645,0.86,935,1
SPY190823C295,2019-08-22,2019-08-22 09:32:31,0.65,0.8666,350,0.64,0.8533,26,0.65,0.8666,5,0.645,0.86,934,5
SPY190823C295,2019-08-22,2019-08-22 09:32:32,0.65,0.8666,360,0.64,0.8533,90,0.64,0.8533,3,0.645,0.86,938,0
SPY190823C295,2019-08-22,2019-08-22 09:32:32,0.65,0.8666,360,0.64,0.8533,90,0.64,0.8533,3,0.645,0.86,938,3
SPY190823C295,2019-08-22,2019-08-22 09:32:33,0.65,0.8666,350,0.64,0.8533,96,0.64,0.8533,3,0.645,0.86,938,0
SPY190823C295,2019-08-22,2019-08-22 09:32:33,0.65,0.8666,360,0.64,0.8533,87,0.64,0.8533,3,0.645,0.86,938,0
SPY190823C295,2019-08-22,2019-08-22 09:32:34,0.65,0.8666,100,0.64,0.8533,96,0.64,0.8533,3,0.645,0.86,938,0
SPY190823C295,2019-08-22,2019-08-22 09:32:34,0.66,0.88,5,0.65,0.8666,299,0.64,0.8533,3,0.655,0.8733,938,0
SPY190823C295,2019-08-22,2019-08-22 09:32:35,0.67,0.8933,6,0.66,0.88,1,0.66,0.88,5,0.665,0.8866,943,0
SPY190823C295,2019-08-22,2019-08-22 09:32:35,0.67,0.8933,6,0.65,0.8666,299,0.66,0.88,5,0.66,0.88,943,5
SPY190823C295,2019-08-22,2019-08-22 09:32:36,0.68,0.9066,11,0.66,0.88,292,0.67,0.8933,1,0.67,0.8933,944,1
SPY190823C295,2019-08-22,2019-08-22 09:32:36,0.68,0.9066,11,0.67,0.8933,2,0.67,0.8933,1,0.675,0.9,944,0
SPY190823C295,2019-08-22,2019-08-22 09:32:37,0.68,0.9066,224,0.67,0.8933,97,0.67,0.8933,2,0.675,0.9,946,2
SPY190823C295,2019-08-22,2019-08-22 09:32:37,0.68,0.9066,224,0.67,0.8933,34,0.67,0.8933,41,0.675,0.9,1144,198
SPY190823C295,2019-08-22,2019-08-22 09:32:38,0.68,0.9066,224,0.67,0.8933,7,0.67,0.8933,41,0.675,0.9,1144,0
SPY190823C295,2019-08-22,2019-08-22 09:32:38,0.68,0.9066,224,0.67,0.8933,5,0.67,0.8933,41,0.675,0.9,1144,0
SPY190823C295,2019-08-22,2019-08-22 09:32:39,0.68,0.9066,239,0.67,0.8933,2,0.67,0.8933,41,0.675,0.9,1144,0
SPY190823C295,2019-08-22,2019-08-22 09:32:39,0.68,0.9066,224,0.67,0.8933,22,0.67,0.8933,41,0.675,0.9,1144,0
SPY190823C295,2019-08-22,2019-08-22 09:32:40,0.68,0.9066,239,0.67,0.8933,2,0.67,0.8933,41,0.675,0.9,1144,0
SPY190823C295,2019-08-22,2019-08-22 09:32:41,0.67,0.8933,203,0.66,0.88,209,0.66,0.88,10,0.665,0.8866,1154,10
SPY190823C295,2019-08-22,2019-08-22 09:32:41,0.68,0.9066,135,0.67,0.8933,22,0.67,0.8933,41,0.675,0.9,1144,0
SPY190823C295,2019-08-22,2019-08-22 09:32:42,0.67,0.8933,5,0.66,0.88,1,0.67,0.8933,1,0.665,0.8866,1155,1
SPY190823C295,2019-08-22,2019-08-22 09:32:42,0.67,0.8933,52,0.66,0.88,2,0.67,0.8933,1,0.665,0.8866,1155,0
SPY190823C295,2019-08-22,2019-08-22 09:32:43,0.67,0.8933,189,0.66,0.88,2,0.67,0.8933,1,0.665,0.8866,1155,0
SPY190823C295,2019-08-22,2019-08-22 09:32:43,0.67,0.8933,174,0.66,0.88,2,0.67,0.8933,1,0.665,0.8866,1155,0
SPY190823C295,2019-08-22,2019-08-22 09:32:44,0.66,0.88,203,0.65,0.8666,228,0.67,0.8933,1,0.655,0.8733,1155,0
SPY190823C295,2019-08-22,2019-08-22 09:32:45,0.66,0.88,82,0.65,0.8666,2,0.67,0.8933,1,0.655,0.8733,1155,0
SPY190823C295,2019-08-22,2019-08-22 09:32:45,0.66,0.88,18,0.66,0.88,2,0.67,0.8933,1,0.66,0.88,1155,0
SPY190823C295,2019-08-22,2019-08-22 09:32:46,0.66,0.88,156,0.65,0.8666,26,0.67,0.8933,1,0.655,0.8733,1155,0
SPY190823C295,2019-08-22,2019-08-22 09:32:46,0.66,0.88,156,0.65,0.8666,26,0.66,0.88,1,0.655,0.8733,1156,1
SPY190823C295,2019-08-22,2019-08-22 09:32:47,0.66,0.88,156,0.65,0.8666,24,0.66,0.88,1,0.655,0.8733,1156,0
SPY190823C295,2019-08-22,2019-08-22 09:32:47,0.66,0.88,156,0.65,0.8666,26,0.66,0.88,1,0.655,0.8733,1156,0
SPY190823C295,2019-08-22,2019-08-22 09:32:48,0.66,0.88,126,0.65,0.8666,8,0.66,0.88,1,0.655,0.8733,1156,0
SPY190823C295,2019-08-22,2019-08-22 09:32:48,0.66,0.88,156,0.65,0.8666,8,0.66,0.88,1,0.655,0.8733,1156,0
SPY190823C295,2019-08-22,2019-08-22 09:32:49,0.66,0.88,126,0.64,0.8533,422,0.66,0.88,1,0.65,0.8666,1156,0
SPY190823C295,2019-08-22,2019-08-22 09:32:49,0.65,0.8666,8,0.64,0.8533,422,0.66,0.88,1,0.645,0.86,1156,0
SPY190823C295,2019-08-22,2019-08-22 09:32:50,0.65,0.8666,203,0.64,0.8533,422,0.66,0.88,1,0.645,0.86,1156,0
SPY190823C295,2019-08-22,2019-08-22 09:32:50,0.64,0.8533,199,0.63,0.84,86,0.66,0.88,1,0.635,0.8466,1156,0
SPY190823C295,2019-08-22,2019-08-22 09:32:51,0.65,0.8666,100,0.63,0.84,233,0.64,0.8533,5,0.64,0.8533,1161,5
SPY190823C295,2019-08-22,2019-08-22 09:32:51,0.65,0.8666,154,0.63,0.84,100,0.64,0.8533,5,0.64,0.8533,1161,0
SPY190823C295,2019-08-22,2019-08-22 09:32:52,0.65,0.8666,54,0.63,0.84,111,0.65,0.8666,3,0.64,0.8533,1164,0
SPY190823C295,2019-08-22,2019-08-22 09:32:52,0.64,0.8533,20,0.63,0.84,100,0.65,0.8666,3,0.635,0.8466,1164,3
SPY190823C295,2019-08-22,2019-08-22 09:32:53,0.64,0.8533,5,0.63,0.84,62,0.65,0.8666,3,0.635,0.8466,1164,0
SPY190823C295,2019-08-22,2019-08-22 09:32:53,0.65,0.8666,7,0.63,0.84,111,0.65,0.8666,3,0.64,0.8533,1164,0
SPY190823C295,2019-08-22,2019-08-22 09:32:54,0.64,0.8533,32,0.62,0.8266,72,0.64,0.8533,1,0.63,0.84,1165,1
SPY190823C295,2019-08-22,2019-08-22 09:32:54,0.63,0.84,52,0.62,0.8266,112,0.64,0.8533,1,0.625,0.8333,1165,0
SPY190823C295,2019-08-22,2019-08-22 09:32:55,0.65,0.8666,182,0.63,0.84,103,0.63,0.84,5,0.64,0.8533,1225,60
SPY190823C295,2019-08-22,2019-08-22 09:32:55,0.64,0.8533,5,0.63,0.84,111,0.63,0.84,5,0.635,0.8466,1225,0
SPY190823C295,2019-08-22,2019-08-22 09:32:56,0.64,0.8533,197,0.63,0.84,72,0.63,0.84,5,0.635,0.8466,1225,0
SPY190823C295,2019-08-22,2019-08-22 09:32:57,0.64,0.8533,197,0.63,0.84,62,0.63,0.84,5,0.635,0.8466,1225,0
SPY190823C295,2019-08-22,2019-08-22 09:32:57,0.64,0.8533,245,0.63,0.84,86,0.63,0.84,5,0.635,0.8466,1225,0
SPY190823C295,2019-08-22,2019-08-22 09:32:58,0.64,0.8533,180,0.64,0.8533,2,0.63,0.84,5,0.64,0.8533,1225,0
SPY190823C295,2019-08-22,2019-08-22 09:32:58,0.64,0.8533,245,0.63,0.84,26,0.63,0.84,5,0.635,0.8466,1225,0
SPY190823C295,2019-08-22,2019-08-22 09:32:59,0.64,0.8533,5,0.63,0.84,179,0.63,0.84,5,0.635,0.8466,1225,0
SPY190823C295,2019-08-22,2019-08-22 09:32:59,0.65,0.8666,180,0.64,0.8533,2,0.63,0.84,5,0.645,0.86,1225,0
SPY190823C295,2019-08-22,2019-08-22 09:33:00,0.64,0.8533,208,0.63,0.84,2,0.64,0.8533,10,0.635,0.8466,1235,10
SPY190823C295,2019-08-22,2019-08-22 09:33:00,0.64,0.8533,208,0.63,0.84,2,0.63,0.84,5,0.635,0.8466,1225,0
SPY190823C295,2019-08-22,2019-08-22 09:33:01,0.64,0.8533,150,0.63,0.84,8,0.64,0.8533,10,0.635,0.8466,1235,0
SPY190823C295,2019-08-22,2019-08-22 09:33:01,0.64,0.8533,205,0.63,0.84,8,0.64,0.8533,30,0.635,0.8466,1280,45
SPY190823C295,2019-08-22,2019-08-22 09:33:02,0.64,0.8533,255,0.63,0.84,8,0.64,0.8533,30,0.635,0.8466,1280,0
SPY190823C295,2019-08-22,2019-08-22 09:33:02,0.64,0.8533,255,0.62,0.8266,86,0.64,0.8533,30,0.63,0.84,1280,0
SPY190823C295,2019-08-22,2019-08-22 09:33:03,0.63,0.84,100,0.62,0.8266,62,0.64,0.8533,30,0.625,0.8333,1280,0
SPY190823C295,2019-08-22,2019-08-22 09:33:03,0.63,0.84,100,0.62,0.8266,86,0.64,0.8533,30,0.625,0.8333,1280,0
SPY190823C295,2019-08-22,2019-08-22 09:33:04,0.63,0.84,100,0.62,0.8266,233,0.64,0.8533,30,0.625,0.8333,1280,0
SPY190823C295,2019-08-22,2019-08-22 09:33:05,0.63,0.84,100,0.62,0.8266,257,0.64,0.8533,30,0.625,0.8333,1280,0
SPY190823C295,2019-08-22,2019-08-22 09:33:05,0.63,0.84,100,0.62,0.8266,347,0.64,0.8533,30,0.625,0.8333,1280,0
SPY190823C295,2019-08-22,2019-08-22 09:33:06,0.63,0.84,100,0.62,0.8266,297,0.64,0.8533,30,0.625,0.8333,1280,0
SPY190823C295,2019-08-22,2019-08-22 09:33:06,0.63,0.84,100,0.62,0.8266,267,0.64,0.8533,30,0.625,0.8333,1280,0
SPY190823C295,2019-08-22,2019-08-22 09:33:07,0.63,0.84,100,0.62,0.8266,78,0.64,0.8533,30,0.625,0.8333,1280,0
SPY190823C295,2019-08-22,2019-08-22 09:33:07,0.63,0.84,100,0.62,0.8266,267,0.64,0.8533,30,0.625,0.8333,1280,0
SPY190823C295,2019-08-22,2019-08-22 09:33:08,0.63,0.84,210,0.61,0.8133,297,0.64,0.8533,30,0.62,0.8266,1280,0
SPY190823C295,2019-08-22,2019-08-22 09:33:08,0.63,0.84,237,0.61,0.8133,279,0.64,0.8533,30,0.62,0.8266,1280,0
SPY190823C295,2019-08-22,2019-08-22 09:33:09,0.63,0.84,2,0.62,0.8266,317,0.63,0.84,2,0.625,0.8333,1282,2
SPY190823C295,2019-08-22,2019-08-22 09:33:09,0.63,0.84,210,0.62,0.8266,96,0.64,0.8533,30,0.625,0.8333,1280,0
SPY190823C295,2019-08-22,2019-08-22 09:33:10,0.63,0.84,2,0.62,0.8266,664,0.63,0.84,4,0.625,0.8333,1286,4
SPY190823C295,2019-08-22,2019-08-22 09:33:10,0.63,0.84,2,0.63,0.84,26,0.63,0.84,1,0.63,0.84,1288,2
SPY190823C295,2019-08-22,2019-08-22 09:33:11,0.64,0.8533,245,0.63,0.84,26,0.63,0.84,1,0.635,0.8466,1288,0
SPY190823C295,2019-08-22,2019-08-22 09:33:12,0.63,0.84,25,0.62,0.8266,173,0.63,0.84,1,0.625,0.8333,1289,0
SPY190823C295,2019-08-22,2019-08-22 09:33:12,0.64,0.8533,245,0.62,0.8266,171,0.63,0.84,1,0.63,0.84,1289,1
SPY190823C295,2019-08-22,2019-08-22 09:33:13,0.63,0.84,209,0.62,0.8266,173,0.63,0.84,1,0.625,0.8333,1289,0
SPY190823C295,2019-08-22,2019-08-22 09:33:14,0.62,0.8266,130,0.61,0.8133,297,0.63,0.84,1,0.615,0.82,1289,0
SPY190823C295,2019-08-22,2019-08-22 09:33:15,0.62,0.8266,209,0.61,0.8133,297,0.62,0.8266,3,0.615,0.82,1292,3
SPY190823C295,2019-08-22,2019-08-22 09:33:15,0.62,0.8266,209,0.61,0.8133,346,0.62,0.8266,3,0.615,0.82,1292,0
SPY190823C295,2019-08-22,2019-08-22 09:33:16,0.61,0.8133,4,0.6,0.8,171,0.61,0.8133,1,0.605,0.8066,1293,1
SPY190823C295,2019-08-22,2019-08-22 09:33:16,0.62,0.8266,180,0.6,0.8,436,0.61,0.8133,1,0.61,0.8133,1293,0
SPY190823C295,2019-08-22,2019-08-22 09:33:17,0.61,0.8133,5,0.6,0.8,267,0.61,0.8133,1,0.605,0.8066,1293,0
SPY190823C295,2019-08-22,2019-08-22 09:33:17,0.61,0.8133,74,0.6,0.8,266,0.61,0.8133,1,0.605,0.8066,1293,0
SPY190823C295,2019-08-22,2019-08-22 09:33:18,0.62,0.8266,100,0.61,0.8133,2,0.61,0.8133,1,0.615,0.82,1293,0
SPY190823C295,2019-08-22,2019-08-22 09:33:18,0.61,0.8133,74,0.6,0.8,315,0.61,0.8133,1,0.605,0.8066,1293,0
SPY190823C295,2019-08-22,2019-08-22 09:33:19,0.62,0.8266,74,0.61,0.8133,96,0.62,0.8266,7,0.615,0.82,1300,7
SPY190823C295,2019-08-22,2019-08-22 09:33:19,0.62,0.8266,100,0.61,0.8133,86,0.61,0.8133,1,0.615,0.82,1293,0
SPY190823C295,2019-08-22,2019-08-22 09:33:20,0.62,0.8266,180,0.61,0.8133,265,0.62,0.8266,7,0.615,0.82,1300,0
SPY190823C295,2019-08-22,2019-08-22 09:33:20,0.62,0.8266,56,0.61,0.8133,482,0.62,0.8266,7,0.615,0.82,1300,0
SPY190823C295,2019-08-22,2019-08-22 09:33:21,0.62,0.8266,6,0.61,0.8133,582,0.62,0.8266,7,0.615,0.82,1300,0
SPY190823C295,2019-08-22,2019-08-22 09:33:21,0.62,0.8266,84,0.61,0.8133,632,0.62,0.8266,7,0.615,0.82,1300,0
SPY190823C295,2019-08-22,2019-08-22 09:33:22,0.63,0.84,209,0.62,0.8266,2,0.62,0.8266,7,0.625,0.8333,1300,0
SPY190823C295,2019-08-22,2019-08-22 09:33:22,0.63,0.84,259,0.61,0.8133,338,0.62,0.8266,7,0.62,0.8266,1300,0
SPY190823C295,2019-08-22,2019-08-22 09:33:23,0.63,0.84,209,0.62,0.8266,2,0.62,0.8266,7,0.625,0.8333,1300,0
SPY190823C295,2019-08-22,2019-08-22 09:33:23,0.63,0.84,209,0.62,0.8266,8,0.62,0.8266,7,0.625,0.8333,1300,0
SPY190823C295,2019-08-22,2019-08-22 09:33:25,0.64,0.8533,288,0.63,0.84,2,0.62,0.8266,1,0.635,0.8466,1357,57
SPY190823C295,2019-08-22,2019-08-22 09:33:26,0.64,0.8533,74,0.63,0.84,2,0.62,0.8266,1,0.635,0.8466,1357,0
SPY190823C295,2019-08-22,2019-08-22 09:33:26,0.64,0.8533,350,0.63,0.84,72,0.62,0.8266,1,0.635,0.8466,1357,0
SPY190823C295,2019-08-22,2019-08-22 09:33:27,0.63,0.84,5,0.62,0.8266,1142,0.62,0.8266,1,0.625,0.8333,1357,0
SPY190823C295,2019-08-22,2019-08-22 09:33:27,0.64,0.8533,350,0.63,0.84,360,0.63,0.84,1,0.635,0.8466,1363,6
SPY190823C295,2019-08-22,2019-08-22 09:33:28,0.64,0.8533,5,0.63,0.84,360,0.63,0.84,1,0.635,0.8466,1363,0
SPY190823C295,2019-08-22,2019-08-22 09:33:28,0.64,0.8533,350,0.63,0.84,392,0.63,0.84,1,0.635,0.8466,1363,0
SPY190823C295,2019-08-22,2019-08-22 09:33:29,0.64,0.8533,50,0.63,0.84,590,0.64,0.8533,3,0.635,0.8466,1366,3
SPY190823C295,2019-08-22,2019-08-22 09:33:29,0.64,0.8533,74,0.63,0.84,360,0.63,0.84,1,0.635,0.8466,1363,0
SPY190823C295,2019-08-22,2019-08-22 09:33:30,0.65,0.8666,230,0.64,0.8533,60,0.64,0.8533,49,0.645,0.86,1415,49
SPY190823C295,2019-08-22,2019-08-22 09:33:30,0.65,0.8666,4,0.64,0.8533,60,0.64,0.8533,49,0.645,0.86,1415,0
SPY190823C295,2019-08-22,2019-08-22 09:33:31,0.65,0.8666,77,0.63,0.84,656,0.65,0.8666,1,0.64,0.8533,1416,1
SPY190823C295,2019-08-22,2019-08-22 09:33:31,0.65,0.8666,53,0.64,0.8533,60,0.64,0.8533,49,0.645,0.86,1415,0
SPY190823C295,2019-08-22,2019-08-22 09:33:32,0.65,0.8666,47,0.64,0.8533,20,0.65,0.8666,1,0.645,0.86,1416,0
SPY190823C295,2019-08-22,2019-08-22 09:33:32,0.65,0.8666,31,0.64,0.8533,26,0.65,0.8666,1,0.645,0.86,1416,0
SPY190823C295,2019-08-22,2019-08-22 09:33:33,0.65,0.8666,6,0.64,0.8533,26,0.65,0.8666,1,0.645,0.86,1416,0
SPY190823C295,2019-08-22,2019-08-22 09:33:33,0.65,0.8666,31,0.64,0.8533,26,0.65,0.8666,1,0.645,0.86,1416,0
SPY190823C295,2019-08-22,2019-08-22 09:33:34,0.67,0.8933,127,0.65,0.8666,290,0.67,0.8933,1,0.66,0.88,1423,1
SPY190823C295,2019-08-22,2019-08-22 09:33:34,0.66,0.88,5,0.64,0.8533,461,0.65,0.8666,6,0.65,0.8666,1422,6
SPY190823C295,2019-08-22,2019-08-22 09:33:35,0.66,0.88,2,0.65,0.8666,2,0.67,0.8933,1,0.655,0.8733,1423,0
SPY190823C295,2019-08-22,2019-08-22 09:33:35,0.66,0.88,100,0.65,0.8666,20,0.67,0.8933,1,0.655,0.8733,1423,0
SPY190823C295,2019-08-22,2019-08-22 09:33:36,0.66,0.88,6,0.65,0.8666,300,0.67,0.8933,1,0.655,0.8733,1423,0
SPY190823C295,2019-08-22,2019-08-22 09:33:36,0.66,0.88,100,0.65,0.8666,113,0.67,0.8933,1,0.655,0.8733,1423,0
SPY190823C295,2019-08-22,2019-08-22 09:33:37,0.66,0.88,50,0.65,0.8666,360,0.67,0.8933,1,0.655,0.8733,1423,0
SPY190823C295,2019-08-22,2019-08-22 09:33:37,0.66,0.88,5,0.65,0.8666,300,0.67,0.8933,1,0.655,0.8733,1423,0
SPY190823C295,2019-08-22,2019-08-22 09:33:38,0.66,0.88,50,0.65,0.8666,443,0.66,0.88,5,0.655,0.8733,1428,5
SPY190823C295,2019-08-22,2019-08-22 09:33:38,0.66,0.88,50,0.65,0.8666,505,0.66,0.88,5,0.655,0.8733,1428,0
SPY190823C295,2019-08-22,2019-08-22 09:33:39,0.67,0.8933,100,0.66,0.88,2,0.67,0.8933,5,0.665,0.8866,1483,55
SPY190823C295,2019-08-22,2019-08-22 09:33:39,0.67,0.8933,100,0.65,0.8666,360,0.67,0.8933,5,0.66,0.88,1483,0
SPY190823C295,2019-08-22,2019-08-22 09:33:40,0.66,0.88,31,0.65,0.8666,488,0.66,0.88,1,0.655,0.8733,1484,0
SPY190823C295,2019-08-22,2019-08-22 09:33:40,0.66,0.88,5,0.65,0.8666,441,0.66,0.88,1,0.655,0.8733,1484,1
SPY190823C295,2019-08-22,2019-08-22 09:33:41,0.66,0.88,100,0.65,0.8666,360,0.66,0.88,1,0.655,0.8733,1484,0
SPY190823C295,2019-08-22,2019-08-22 09:33:41,0.66,0.88,10,0.65,0.8666,488,0.66,0.88,1,0.655,0.8733,1484,0
SPY190823C295,2019-08-22,2019-08-22 09:33:42,0.66,0.88,100,0.65,0.8666,360,0.66,0.88,1,0.655,0.8733,1484,0
SPY190823C295,2019-08-22,2019-08-22 09:33:42,0.66,0.88,5,0.65,0.8666,360,0.66,0.88,1,0.655,0.8733,1484,0
SPY190823C295,2019-08-22,2019-08-22 09:33:43,0.66,0.88,117,0.65,0.8666,200,0.65,0.8666,4,0.655,0.8733,1488,4
SPY190823C295,2019-08-22,2019-08-22 09:33:43,0.66,0.88,154,0.65,0.8666,200,0.65,0.8666,4,0.655,0.8733,1495,7
SPY190823C295,2019-08-22,2019-08-22 09:33:44,0.65,0.8666,80,0.64,0.8533,258,0.65,0.8666,1,0.645,0.86,1498,3
SPY190823C295,2019-08-22,2019-08-22 09:33:44,0.65,0.8666,32,0.64,0.8533,24,0.65,0.8666,1,0.645,0.86,1498,0
SPY190823C295,2019-08-22,2019-08-22 09:33:45,0.65,0.8666,32,0.64,0.8533,24,0.65,0.8666,1,0.645,0.86,1498,0
SPY190823C295,2019-08-22,2019-08-22 09:33:46,0.64,0.8533,1,0.63,0.84,569,0.64,0.8533,1,0.635,0.8466,1500,1
SPY190823C295,2019-08-22,2019-08-22 09:33:46,0.65,0.8666,32,0.64,0.8533,24,0.65,0.8666,1,0.645,0.86,1499,1
SPY190823C295,2019-08-22,2019-08-22 09:33:47,0.64,0.8533,1,0.63,0.84,537,0.64,0.8533,1,0.635,0.8466,1500,0
SPY190823C295,2019-08-22,2019-08-22 09:33:48,0.64,0.8533,5,0.63,0.84,584,0.64,0.8533,1,0.635,0.8466,1500,0
SPY190823C295,2019-08-22,2019-08-22 09:33:49,0.65,0.8666,80,0.64,0.8533,24,0.64,0.8533,1,0.645,0.86,1500,0
SPY190823C295,2019-08-22,2019-08-22 09:33:49,0.65,0.8666,143,0.64,0.8533,24,0.65,0.8666,1,0.645,0.86,1501,1
SPY190823C295,2019-08-22,2019-08-22 09:33:50,0.65,0.8666,10,0.64,0.8533,461,0.65,0.8666,1,0.645,0.86,1501,0
SPY190823C295,2019-08-22,2019-08-22 09:33:50,0.66,0.88,169,0.64,0.8533,492,0.65,0.8666,5,0.65,0.8666,1511,10
SPY190823C295,2019-08-22,2019-08-22 09:33:51,0.66,0.88,169,0.65,0.8666,198,0.65,0.8666,5,0.655,0.8733,1511,0
SPY190823C295,2019-08-22,2019-08-22 09:33:51,0.66,0.88,174,0.65,0.8666,360,0.65,0.8666,5,0.655,0.8733,1511,0
SPY190823C295,2019-08-22,2019-08-22 09:33:52,0.66,0.88,56,0.65,0.8666,361,0.65,0.8666,5,0.655,0.8733,1511,0
SPY190823C295,2019-08-22,2019-08-22 09:33:52,0.66,0.88,1,0.65,0.8666,361,0.66,0.88,5,0.655,0.8733,1519,8
SPY190823C295,2019-08-22,2019-08-22 09:33:53,0.67,0.8933,203,0.66,0.88,183,0.65,0.8666,5,0.665,0.8866,1526,5
SPY190823C295,2019-08-22,2019-08-22 09:33:53,0.66,0.88,5,0.65,0.8666,482,0.65,0.8666,2,0.655,0.8733,1521,2
SPY190823C295,2019-08-22,2019-08-22 09:33:54,0.67,0.8933,203,0.65,0.8666,422,0.65,0.8666,5,0.66,0.88,1526,0
SPY190823C295,2019-08-22,2019-08-22 09:33:54,0.67,0.8933,174,0.66,0.88,183,0.65,0.8666,5,0.665,0.8866,1526,0
SPY190823C295,2019-08-22,2019-08-22 09:33:55,0.66,0.88,5,0.66,0.88,1,0.67,0.8933,1,0.66,0.88,1532,0
SPY190823C295,2019-08-22,2019-08-22 09:33:55,0.66,0.88,5,0.66,0.88,1,0.67,0.8933,1,0.66,0.88,1532,6
SPY190823C295,2019-08-22,2019-08-22 09:33:56,0.66,0.88,224,0.65,0.8666,364,0.66,0.88,1,0.655,0.8733,1533,1
SPY190823C295,2019-08-22,2019-08-22 09:33:56,0.66,0.88,224,0.65,0.8666,361,0.67,0.8933,1,0.655,0.8733,1532,0
SPY190823C295,2019-08-22,2019-08-22 09:33:57,0.66,0.88,223,0.65,0.8666,364,0.66,0.88,1,0.655,0.8733,1533,0
SPY190823C295,2019-08-22,2019-08-22 09:33:57,0.67,0.8933,174,0.66,0.88,300,0.66,0.88,5,0.665,0.8866,1589,56
SPY190823C295,2019-08-22,2019-08-22 09:33:58,0.67,0.8933,203,0.66,0.88,2,0.66,0.88,1,0.665,0.8866,1590,0
SPY190823C295,2019-08-22,2019-08-22 09:33:58,0.67,0.8933,189,0.66,0.88,22,0.66,0.88,1,0.665,0.8866,1590,1
SPY190823C295,2019-08-22,2019-08-22 09:33:59,0.67,0.8933,203,0.66,0.88,2,0.66,0.88,1,0.665,0.8866,1590,0
SPY190823C295,2019-08-22,2019-08-22 09:33:59,0.67,0.8933,239,0.66,0.88,7,0.66,0.88,1,0.665,0.8866,1590,0
SPY190823C295,2019-08-22,2019-08-22 09:34:00,0.66,0.88,5,0.65,0.8666,449,0.66,0.88,1,0.655,0.8733,1590,0
SPY190823C295,2019-08-22,2019-08-22 09:34:00,0.66,0.88,174,0.65,0.8666,2,0.66,0.88,1,0.655,0.8733,1590,0
SPY190823C295,2019-08-22,2019-08-22 09:34:01,0.66,0.88,174,0.65,0.8666,2,0.66,0.88,1,0.655,0.8733,1590,0
SPY190823C295,2019-08-22,2019-08-22 09:34:01,0.66,0.88,222,0.65,0.8666,360,0.66,0.88,2,0.655,0.8733,1592,2
SPY190823C295,2019-08-22,2019-08-22 09:34:02,0.66,0.88,7,0.65,0.8666,392,0.66,0.88,2,0.655,0.8733,1592,0
SPY190823C295,2019-08-22,2019-08-22 09:34:02,0.66,0.88,7,0.65,0.8666,123,0.66,0.88,2,0.655,0.8733,1592,0
SPY190823C295,2019-08-22,2019-08-22 09:34:03,0.66,0.88,222,0.65,0.8666,32,0.66,0.88,1,0.655,0.8733,1594,1
SPY190823C295,2019-08-22,2019-08-22 09:34:03,0.66,0.88,172,0.65,0.8666,32,0.65,0.8666,1,0.655,0.8733,1593,1
SPY190823C295,2019-08-22,2019-08-22 09:34:04,0.66,0.88,237,0.65,0.8666,2,0.66,0.88,1,0.655,0.8733,1594,0
SPY190823C295,2019-08-22,2019-08-22 09:34:04,0.66,0.88,172,0.65,0.8666,360,0.66,0.88,1,0.655,0.8733,1594,0
SPY190823C295,2019-08-22,2019-08-22 09:34:05,0.66,0.88,5,0.65,0.8666,441,0.66,0.88,1,0.655,0.8733,1594,0
SPY190823C295,2019-08-22,2019-08-22 09:34:06,0.66,0.88,92,0.65,0.8666,465,0.66,0.88,5,0.655,0.8733,1599,5
SPY190823C295,2019-08-22,2019-08-22 09:34:06,0.66,0.88,172,0.65,0.8666,60,0.65,0.8666,60,0.655,0.8733,1756,157
SPY190823C295,2019-08-22,2019-08-22 09:34:07,0.65,0.8666,171,0.64,0.8533,1096,0.65,0.8666,5,0.645,0.86,1829,7
SPY190823C295,2019-08-22,2019-08-22 09:34:07,0.66,0.88,177,0.65,0.8666,60,0.65,0.8666,1,0.655,0.8733,1822,66
SPY190823C295,2019-08-22,2019-08-22 09:34:08,0.65,0.8666,171,0.64,0.8533,989,0.65,0.8666,5,0.645,0.86,1829,0
SPY190823C295,2019-08-22,2019-08-22 09:34:08,0.65,0.8666,171,0.64,0.8533,646,0.65,0.8666,5,0.645,0.86,1829,0
SPY190823C295,2019-08-22,2019-08-22 09:34:09,0.65,0.8666,170,0.64,0.8533,678,0.65,0.8666,1,0.645,0.86,1830,1
SPY190823C295,2019-08-22,2019-08-22 09:34:09,0.65,0.8666,170,0.64,0.8533,932,0.65,0.8666,1,0.645,0.86,1830,0
SPY190823C295,2019-08-22,2019-08-22 09:34:10,0.66,0.88,222,0.65,0.8666,300,0.66,0.88,6,0.655,0.8733,2006,176
SPY190823C295,2019-08-22,2019-08-22 09:34:11,0.66,0.88,222,0.65,0.8666,300,0.66,0.88,154,0.655,0.8733,2160,154
SPY190823C295,2019-08-22,2019-08-22 09:34:11,0.66,0.88,222,0.65,0.8666,422,0.66,0.88,154,0.655,0.8733,2160,0
SPY190823C295,2019-08-22,2019-08-22 09:34:12,0.66,0.88,187,0.65,0.8666,300,0.66,0.88,154,0.655,0.8733,2160,0
SPY190823C295,2019-08-22,2019-08-22 09:34:12,0.66,0.88,187,0.65,0.8666,417,0.66,0.88,154,0.655,0.8733,2160,0
SPY190823C295,2019-08-22,2019-08-22 09:34:13,0.66,0.88,172,0.65,0.8666,336,0.66,0.88,154,0.655,0.8733,2160,0
SPY190823C295,2019-08-22,2019-08-22 09:34:13,0.66,0.88,229,0.65,0.8666,300,0.66,0.88,154,0.655,0.8733,2160,0
SPY190823C295,2019-08-22,2019-08-22 09:34:14,0.66,0.88,229,0.65,0.8666,300,0.66,0.88,154,0.655,0.8733,2160,0
SPY190823C295,2019-08-22,2019-08-22 09:34:14,0.66,0.88,199,0.65,0.8666,300,0.66,0.88,154,0.655,0.8733,2160,0
SPY190823C295,2019-08-22,2019-08-22 09:34:15,0.65,0.8666,5,0.64,0.8533,419,0.66,0.88,154,0.645,0.86,2160,0
SPY190823C295,2019-08-22,2019-08-22 09:34:15,0.66,0.88,254,0.65,0.8666,300,0.66,0.88,154,0.655,0.8733,2160,0
SPY190823C295,2019-08-22,2019-08-22 09:34:16,0.66,0.88,254,0.64,0.8533,1121,0.66,0.88,154,0.65,0.8666,2160,0
SPY190823C295,2019-08-22,2019-08-22 09:34:16,0.66,0.88,254,0.64,0.8533,774,0.66,0.88,154,0.65,0.8666,2160,0
SPY190823C295,2019-08-22,2019-08-22 09:34:17,0.66,0.88,254,0.65,0.8666,635,0.66,0.88,154,0.655,0.8733,2160,0
SPY190823C295,2019-08-22,2019-08-22 09:34:17,0.66,0.88,254,0.64,0.8533,774,0.66,0.88,154,0.65,0.8666,2160,0
SPY190823C295,2019-08-22,2019-08-22 09:34:18,0.66,0.88,204,0.65,0.8666,523,0.66,0.88,154,0.655,0.8733,2160,0
SPY190823C295,2019-08-22,2019-08-22 09:34:18,0.66,0.88,254,0.65,0.8666,300,0.66,0.88,154,0.655,0.8733,2160,0
SPY190823C295,2019-08-22,2019-08-22 09:34:19,0.66,0.88,100,0.65,0.8666,300,0.66,0.88,154,0.655,0.8733,2160,0
SPY190823C295,2019-08-22,2019-08-22 09:34:19,0.66,0.88,5,0.65,0.8666,300,0.66,0.88,154,0.655,0.8733,2160,0
SPY190823C295,2019-08-22,2019-08-22 09:34:20,0.66,0.88,224,0.65,0.8666,300,0.66,0.88,154,0.655,0.8733,2160,0
SPY190823C295,2019-08-22,2019-08-22 09:34:20,0.66,0.88,174,0.65,0.8666,316,0.66,0.88,154,0.655,0.8733,2160,0
SPY190823C295,2019-08-22,2019-08-22 09:34:21,0.65,0.8666,5,0.65,0.8666,300,0.66,0.88,154,0.65,0.8666,2160,0
SPY190823C295,2019-08-22,2019-08-22 09:34:21,0.65,0.8666,5,0.64,0.8533,458,0.64,0.8533,10,0.645,0.86,2175,15
SPY190823C295,2019-08-22,2019-08-22 09:34:22,0.66,0.88,169,0.65,0.8666,300,0.64,0.8533,10,0.655,0.8733,2175,0
SPY190823C295,2019-08-22,2019-08-22 09:34:23,0.66,0.88,169,0.65,0.8666,300,0.64,0.8533,10,0.655,0.8733,2175,0
SPY190823C295,2019-08-22,2019-08-22 09:34:23,0.66,0.88,224,0.65,0.8666,300,0.64,0.8533,10,0.655,0.8733,2175,0
SPY190823C295,2019-08-22,2019-08-22 09:34:24,0.66,0.88,224,0.65,0.8666,300,0.64,0.8533,10,0.655,0.8733,2175,0
SPY190823C295,2019-08-22,2019-08-22 09:34:24,0.66,0.88,189,0.65,0.8666,360,0.64,0.8533,10,0.655,0.8733,2175,0
SPY190823C295,2019-08-22,2019-08-22 09:34:25,0.66,0.88,5,0.65,0.8666,415,0.64,0.8533,10,0.655,0.8733,2175,0
SPY190823C295,2019-08-22,2019-08-22 09:34:25,0.66,0.88,174,0.65,0.8666,360,0.64,0.8533,10,0.655,0.8733,2175,0
SPY190823C295,2019-08-22,2019-08-22 09:34:26,0.66,0.88,5,0.65,0.8666,370,0.66,0.88,1,0.655,0.8733,2176,1
SPY190823C295,2019-08-22,2019-08-22 09:34:26,0.66,0.88,239,0.65,0.8666,5,0.66,0.88,1,0.655,0.8733,2176,0
SPY190823C295,2019-08-22,2019-08-22 09:34:27,0.65,0.8666,5,0.64,0.8533,581,0.66,0.88,1,0.645,0.86,2176,0
SPY190823C295,2019-08-22,2019-08-22 09:34:27,0.66,0.88,174,0.65,0.8666,376,0.65,0.8666,100,0.655,0.8733,2276,100
SPY190823C295,2019-08-22,2019-08-22 09:34:28,0.66,0.88,100,0.65,0.8666,50,0.65,0.8666,100,0.655,0.8733,2276,0
SPY190823C295,2019-08-22,2019-08-22 09:34:28,0.66,0.88,100,0.64,0.8533,590,0.65,0.8666,100,0.65,0.8666,2276,0
SPY190823C295,2019-08-22,2019-08-22 09:34:29,0.66,0.88,174,0.64,0.8533,631,0.65,0.8666,100,0.65,0.8666,2276,0
SPY190823C295,2019-08-22,2019-08-22 09:34:29,0.65,0.8666,5,0.64,0.8533,631,0.65,0.8666,100,0.645,0.86,2276,0
SPY190823C295,2019-08-22,2019-08-22 09:34:30,0.66,0.88,5,0.65,0.8666,410,0.65,0.8666,100,0.655,0.8733,2276,0
SPY190823C295,2019-08-22,2019-08-22 09:34:30,0.66,0.88,192,0.65,0.8666,67,0.66,0.88,4,0.655,0.8733,2280,4
SPY190823C295,2019-08-22,2019-08-22 09:34:31,0.66,0.88,5,0.65,0.8666,412,0.66,0.88,4,0.655,0.8733,2280,0
SPY190823C295,2019-08-22,2019-08-22 09:34:31,0.66,0.88,174,0.65,0.8666,412,0.66,0.88,4,0.655,0.8733,2280,0
SPY190823C295,2019-08-22,2019-08-22 09:34:32,0.66,0.88,5,0.65,0.8666,412,0.66,0.88,4,0.655,0.8733,2280,0
SPY190823C295,2019-08-22,2019-08-22 09:34:32,0.66,0.88,5,0.65,0.8666,394,0.66,0.88,10,0.655,0.8733,2290,10
SPY190823C295,2019-08-22,2019-08-22 09:34:33,0.66,0.88,5,0.65,0.8666,403,0.66,0.88,10,0.655,0.8733,2290,0
SPY190823C295,2019-08-22,2019-08-22 09:34:33,0.66,0.88,5,0.65,0.8666,453,0.66,0.88,10,0.655,0.8733,2290,0
SPY190823C295,2019-08-22,2019-08-22 09:34:34,0.66,0.88,264,0.64,0.8533,300,0.65,0.8666,8,0.65,0.8666,2298,8
SPY190823C295,2019-08-22,2019-08-22 09:34:34,0.65,0.8666,6,0.64,0.8533,360,0.65,0.8666,8,0.645,0.86,2298,0
SPY190823C295,2019-08-22,2019-08-22 09:34:35,0.65,0.8666,254,0.64,0.8533,32,0.65,0.8666,4,0.645,0.86,2302,4
SPY190823C295,2019-08-22,2019-08-22 09:34:35,0.65,0.8666,204,0.64,0.8533,439,0.65,0.8666,8,0.645,0.86,2298,0
SPY190823C295,2019-08-22,2019-08-22 09:34:36,0.65,0.8666,254,0.64,0.8533,32,0.65,0.8666,4,0.645,0.86,2302,0
SPY190823C295,2019-08-22,2019-08-22 09:34:37,0.65,0.8666,254,0.63,0.84,505,0.64,0.8533,1,0.64,0.8533,2303,0
SPY190823C295,2019-08-22,2019-08-22 09:34:37,0.65,0.8666,254,0.63,0.84,534,0.64,0.8533,1,0.64,0.8533,2303,1
SPY190823C295,2019-08-22,2019-08-22 09:34:38,0.64,0.8533,10,0.63,0.84,500,0.64,0.8533,1,0.635,0.8466,2303,0
SPY190823C295,2019-08-22,2019-08-22 09:34:38,0.64,0.8533,10,0.63,0.84,376,0.64,0.8533,1,0.635,0.8466,2303,0
SPY190823C295,2019-08-22,2019-08-22 09:34:39,0.64,0.8533,5,0.63,0.84,662,0.64,0.8533,1,0.635,0.8466,2303,0
SPY190823C295,2019-08-22,2019-08-22 09:34:39,0.65,0.8666,174,0.64,0.8533,300,0.64,0.8533,5,0.645,0.86,2308,5
SPY190823C295,2019-08-22,2019-08-22 09:34:40,0.65,0.8666,174,0.64,0.8533,300,0.64,0.8533,5,0.645,0.86,2308,0
SPY190823C295,2019-08-22,2019-08-22 09:34:40,0.65,0.8666,5,0.64,0.8533,472,0.64,0.8533,5,0.645,0.86,2308,0
SPY190823C295,2019-08-22,2019-08-22 09:34:41,0.66,0.88,174,0.65,0.8666,2,0.64,0.8533,5,0.655,0.8733,2308,0
SPY190823C295,2019-08-22,2019-08-22 09:34:41,0.65,0.8666,5,0.64,0.8533,537,0.64,0.8533,5,0.645,0.86,2308,0
SPY190823C295,2019-08-22,2019-08-22 09:34:42,0.66,0.88,100,0.64,0.8533,225,0.64,0.8533,5,0.65,0.8666,2308,0
SPY190823C295,2019-08-22,2019-08-22 09:34:42,0.66,0.88,5,0.64,0.8533,225,0.64,0.8533,5,0.65,0.8666,2308,0
SPY190823C295,2019-08-22,2019-08-22 09:34:43,0.66,0.88,174,0.65,0.8666,39,0.64,0.8533,5,0.655,0.8733,2308,0
SPY190823C295,2019-08-22,2019-08-22 09:34:44,0.66,0.88,100,0.65,0.8666,2,0.64,0.8533,5,0.655,0.8733,2308,0
SPY190823C295,2019-08-22,2019-08-22 09:34:44,0.66,0.88,204,0.65,0.8666,2,0.64,0.8533,5,0.655,0.8733,2308,0
SPY190823C295,2019-08-22,2019-08-22 09:34:45,0.66,0.88,201,0.65,0.8666,300,0.64,0.8533,5,0.655,0.8733,2308,0
SPY190823C295,2019-08-22,2019-08-22 09:34:45,0.66,0.88,174,0.65,0.8666,2,0.64,0.8533,5,0.655,0.8733,2308,0
SPY190823C295,2019-08-22,2019-08-22 09:34:46,0.66,0.88,201,0.65,0.8666,2,0.64,0.8533,5,0.655,0.8733,2308,0
SPY190823C295,2019-08-22,2019-08-22 09:34:46,0.66,0.88,249,0.65,0.8666,2,0.64,0.8533,5,0.655,0.8733,2308,0
SPY190823C295,2019-08-22,2019-08-22 09:34:47,0.66,0.88,249,0.65,0.8666,2,0.64,0.8533,5,0.655,0.8733,2308,0
SPY190823C295,2019-08-22,2019-08-22 09:34:47,0.66,0.88,30,0.65,0.8666,2,0.64,0.8533,5,0.655,0.8733,2308,0
SPY190823C295,2019-08-22,2019-08-22 09:34:48,0.66,0.88,199,0.65,0.8666,39,0.64,0.8533,5,0.655,0.8733,2308,0
SPY190823C295,2019-08-22,2019-08-22 09:34:48,0.66,0.88,165,0.65,0.8666,39,0.64,0.8533,5,0.655,0.8733,2308,0
SPY190823C295,2019-08-22,2019-08-22 09:34:49,0.66,0.88,249,0.65,0.8666,39,0.64,0.8533,5,0.655,0.8733,2308,0
SPY190823C295,2019-08-22,2019-08-22 09:34:49,0.66,0.88,249,0.65,0.8666,2,0.64,0.8533,5,0.655,0.8733,2308,0
SPY190823C295,2019-08-22,2019-08-22 09:34:50,0.65,0.8666,142,0.64,0.8533,534,0.65,0.8666,1,0.645,0.86,2309,1
SPY190823C295,2019-08-22,2019-08-22 09:34:50,0.65,0.8666,212,0.64,0.8533,534,0.65,0.8666,1,0.645,0.86,2309,0
SPY190823C295,2019-08-22,2019-08-22 09:34:51,0.65,0.8666,214,0.63,0.84,640,0.65,0.8666,1,0.64,0.8533,2309,0
SPY190823C295,2019-08-22,2019-08-22 09:34:52,0.65,0.8666,264,0.63,0.84,676,0.65,0.8666,1,0.64,0.8533,2309,0
SPY190823C295,2019-08-22,2019-08-22 09:34:53,0.65,0.8666,254,0.64,0.8533,60,0.64,0.8533,28,0.645,0.86,2338,28
SPY190823C295,2019-08-22,2019-08-22 09:34:53,0.64,0.8533,30,0.63,0.84,665,0.64,0.8533,1,0.635,0.8466,2310,1
SPY190823C295,2019-08-22,2019-08-22 09:34:54,0.65,0.8666,254,0.64,0.8533,60,0.64,0.8533,28,0.645,0.86,2338,0
SPY190823C295,2019-08-22,2019-08-22 09:34:54,0.65,0.8666,130,0.64,0.8533,407,0.64,0.8533,28,0.645,0.86,2338,0
SPY190823C295,2019-08-22,2019-08-22 09:34:55,0.65,0.8666,130,0.64,0.8533,62,0.64,0.8533,28,0.645,0.86,2338,0
SPY190823C295,2019-08-22,2019-08-22 09:34:56,0.66,0.88,214,0.65,0.8666,60,0.65,0.8666,1,0.655,0.8733,2344,6
SPY190823C295,2019-08-22,2019-08-22 09:34:56,0.65,0.8666,100,0.64,0.8533,445,0.64,0.8533,28,0.645,0.86,2338,0
SPY190823C295,2019-08-22,2019-08-22 09:34:57,0.66,0.88,214,0.65,0.8666,360,0.65,0.8666,1,0.655,0.8733,2344,0
SPY190823C295,2019-08-22,2019-08-22 09:34:57,0.66,0.88,214,0.65,0.8666,60,0.65,0.8666,1,0.655,0.8733,2344,0
SPY190823C295,2019-08-22,2019-08-22 09:34:58,0.66,0.88,214,0.65,0.8666,62,0.65,0.8666,1,0.655,0.8733,2344,0
SPY190823C295,2019-08-22,2019-08-22 09:34:58,0.66,0.88,214,0.64,0.8533,440,0.65,0.8666,1,0.65,0.8666,2344,0
SPY190823C295,2019-08-22,2019-08-22 09:34:59,0.66,0.88,214,0.64,0.8533,440,0.65,0.8666,1,0.65,0.8666,2344,0
SPY190823C295,2019-08-22,2019-08-22 09:34:59,0.65,0.8666,50,0.64,0.8533,465,0.65,0.8666,1,0.645,0.86,2344,0
SPY190823C295,2019-08-22,2019-08-22 09:35:00,0.66,0.88,113,0.65,0.8666,239,0.65,0.8666,1,0.655,0.8733,2344,0
SPY190823C295,2019-08-22,2019-08-22 09:35:00,0.66,0.88,234,0.65,0.8666,300,0.65,0.8666,1,0.655,0.8733,2344,0
SPY190823C295,2019-08-22,2019-08-22 09:35:01,0.66,0.88,184,0.65,0.8666,351,0.66,0.88,10,0.655,0.8733,2364,20
SPY190823C295,2019-08-22,2019-08-22 09:35:01,0.66,0.88,184,0.65,0.8666,351,0.66,0.88,10,0.655,0.8733,2364,0
SPY190823C295,2019-08-22,2019-08-22 09:35:02,0.68,0.9066,5,0.67,0.8933,68,0.66,0.88,10,0.675,0.9,2364,0
SPY190823C295,2019-08-22,2019-08-22 09:35:03,0.69,0.92,424,0.68,0.9066,29,0.67,0.8933,10,0.685,0.9133,2374,0
SPY190823C295,2019-08-22,2019-08-22 09:35:03,0.68,0.9066,5,0.68,0.9066,29,0.67,0.8933,10,0.68,0.9066,2374,10
SPY190823C295,2019-08-22,2019-08-22 09:35:04,0.69,0.92,5,0.68,0.9066,405,0.69,0.92,5,0.685,0.9133,2379,5
SPY190823C295,2019-08-22,2019-08-22 09:35:04,0.69,0.92,174,0.68,0.9066,29,0.67,0.8933,10,0.685,0.9133,2374,0
SPY190823C295,2019-08-22,2019-08-22 09:35:05,0.69,0.92,5,0.69,0.92,29,0.69,0.92,3,0.69,0.92,2382,3
SPY190823C295,2019-08-22,2019-08-22 09:35:05,0.7,0.9333,375,0.69,0.92,1,0.69,0.92,3,0.695,0.9266,2382,0
SPY190823C295,2019-08-22,2019-08-22 09:35:06,0.7,0.9333,170,0.69,0.92,266,0.7,0.9333,10,0.695,0.9266,2392,10
SPY190823C295,2019-08-22,2019-08-22 09:35:06,0.7,0.9333,244,0.69,0.92,1,0.69,0.92,3,0.695,0.9266,2382,0
SPY190823C295,2019-08-22,2019-08-22 09:35:07,0.7,0.9333,170,0.69,0.92,214,0.7,0.9333,10,0.695,0.9266,2392,0
SPY190823C295,2019-08-22,2019-08-22 09:35:08,0.7,0.9333,86,0.69,0.92,90,0.7,0.9333,10,0.695,0.9266,2392,0
SPY190823C295,2019-08-22,2019-08-22 09:35:08,0.7,0.9333,170,0.69,0.92,85,0.7,0.9333,10,0.695,0.9266,2392,0
SPY190823C295,2019-08-22,2019-08-22 09:35:09,0.69,0.92,118,0.66,0.88,540,0.7,0.9333,10,0.675,0.9,2392,0
SPY190823C295,2019-08-22,2019-08-22 09:35:09,0.7,0.9333,9,0.69,0.92,62,0.7,0.9333,10,0.695,0.9266,2392,0
SPY190823C295,2019-08-22,2019-08-22 09:35:10,0.68,0.9066,51,0.66,0.88,187,0.67,0.8933,10,0.67,0.8933,2492,100
SPY190823C295,2019-08-22,2019-08-22 09:35:10,0.68,0.9066,2,0.66,0.88,187,0.7,0.9333,10,0.67,0.8933,2392,0
SPY190823C295,2019-08-22,2019-08-22 09:35:11,0.67,0.8933,90,0.63,0.84,438,0.65,0.8666,1,0.65,0.8666,2496,4
SPY190823C295,2019-08-22,2019-08-22 09:35:11,0.66,0.88,153,0.64,0.8533,105,0.65,0.8666,1,0.65,0.8666,2496,0
SPY190823C295,2019-08-22,2019-08-22 09:35:12,0.66,0.88,24,0.64,0.8533,30,0.65,0.8666,1,0.65,0.8666,2496,0
SPY190823C295,2019-08-22,2019-08-22 09:35:13,0.66,0.88,26,0.64,0.8533,263,0.66,0.88,3,0.65,0.8666,2499,3
SPY190823C295,2019-08-22,2019-08-22 09:35:13,0.65,0.8666,44,0.64,0.8533,263,0.66,0.88,3,0.645,0.86,2499,0
SPY190823C295,2019-08-22,2019-08-22 09:35:14,0.66,0.88,26,0.65,0.8666,63,0.66,0.88,3,0.655,0.8733,2499,0
SPY190823C295,2019-08-22,2019-08-22 09:35:14,0.66,0.88,26,0.65,0.8666,55,0.66,0.88,3,0.655,0.8733,2499,0
SPY190823C295,2019-08-22,2019-08-22 09:35:15,0.67,0.8933,2,0.65,0.8666,225,0.66,0.88,3,0.66,0.88,2499,0
SPY190823C295,2019-08-22,2019-08-22 09:35:15,0.67,0.8933,22,0.66,0.88,76,0.66,0.88,3,0.665,0.8866,2499,0
SPY190823C295,2019-08-22,2019-08-22 09:35:16,0.67,0.8933,22,0.66,0.88,100,0.66,0.88,3,0.665,0.8866,2499,0
SPY190823C295,2019-08-22,2019-08-22 09:35:16,0.67,0.8933,22,0.66,0.88,35,0.66,0.88,3,0.665,0.8866,2499,0
SPY190823C295,2019-08-22,2019-08-22 09:35:17,0.67,0.8933,5,0.66,0.88,125,0.66,0.88,3,0.665,0.8866,2499,0
SPY190823C295,2019-08-22,2019-08-22 09:35:17,0.67,0.8933,22,0.66,0.88,65,0.67,0.8933,1,0.665,0.8866,2503,4
SPY190823C295,2019-08-22,2019-08-22 09:35:18,0.67,0.8933,22,0.66,0.88,30,0.67,0.8933,1,0.665,0.8866,2503,0
SPY190823C295,2019-08-22,2019-08-22 09:35:18,0.68,0.9066,162,0.66,0.88,221,0.67,0.8933,1,0.67,0.8933,2503,0
SPY190823C295,2019-08-22,2019-08-22 09:35:19,0.67,0.8933,22,0.66,0.88,474,0.67,0.8933,1,0.665,0.8866,2503,0
SPY190823C295,2019-08-22,2019-08-22 09:35:19,0.7,0.9333,138,0.67,0.8933,300,0.7,0.9333,1,0.685,0.9133,2505,2
SPY190823C295,2019-08-22,2019-08-22 09:35:20,0.69,0.92,15,0.68,0.9066,47,0.7,0.9333,1,0.685,0.9133,2505,0
SPY190823C295,2019-08-22,2019-08-22 09:35:21,0.69,0.92,60,0.67,0.8933,517,0.68,0.9066,1,0.68,0.9066,2532,27
SPY190823C295,2019-08-22,2019-08-22 09:35:21,0.69,0.92,74,0.67,0.8933,440,0.68,0.9066,1,0.68,0.9066,2532,0
SPY190823C295,2019-08-22,2019-08-22 09:35:22,0.69,0.92,5,0.68,0.9066,15,0.69,0.92,5,0.685,0.9133,2539,7
SPY190823C295,2019-08-22,2019-08-22 09:35:22,0.69,0.92,5,0.67,0.8933,517,0.68,0.9066,1,0.68,0.9066,2532,0
SPY190823C295,2019-08-22,2019-08-22 09:35:23,0.7,0.9333,62,0.68,0.9066,481,0.69,0.92,1,0.69,0.92,2540,1
SPY190823C295,2019-08-22,2019-08-22 09:35:23,0.7,0.9333,20,0.68,0.9066,481,0.69,0.92,1,0.69,0.92,2540,0
SPY190823C295,2019-08-22,2019-08-22 09:35:24,0.7,0.9333,9,0.69,0.92,30,0.7,0.9333,4,0.695,0.9266,2544,4
SPY190823C295,2019-08-22,2019-08-22 09:35:24,0.7,0.9333,20,0.69,0.92,30,0.69,0.92,1,0.695,0.9266,2540,0
SPY190823C295,2019-08-22,2019-08-22 09:35:25,0.7,0.9333,9,0.69,0.92,30,0.7,0.9333,3,0.695,0.9266,2544,0
SPY190823C295,2019-08-22,2019-08-22 09:35:25,0.7,0.9333,62,0.69,0.92,10,0.7,0.9333,3,0.695,0.9266,2547,3
SPY190823C295,2019-08-22,2019-08-22 09:35:26,0.69,0.92,1,0.69,0.92,32,0.69,0.92,3,0.69,0.92,2564,17
SPY190823C295,2019-08-22,2019-08-22 09:35:26,0.7,0.9333,102,0.69,0.92,32,0.7,0.9333,3,0.695,0.9266,2547,0
SPY190823C295,2019-08-22,2019-08-22 09:35:27,0.69,0.92,1,0.69,0.92,32,0.69,0.92,3,0.69,0.92,2564,0
SPY190823C295,2019-08-22,2019-08-22 09:35:27,0.69,0.92,1,0.68,0.9066,30,0.69,0.92,3,0.685,0.9133,2564,0
SPY190823C295,2019-08-22,2019-08-22 09:35:28,0.69,0.92,63,0.68,0.9066,2,0.69,0.92,3,0.685,0.9133,2564,0
SPY190823C295,2019-08-22,2019-08-22 09:35:28,0.7,0.9333,388,0.69,0.92,2,0.69,0.92,3,0.695,0.9266,2564,0
SPY190823C295,2019-08-22,2019-08-22 09:35:29,0.69,0.92,111,0.68,0.9066,2,0.69,0.92,3,0.685,0.9133,2564,0
SPY190823C295,2019-08-22,2019-08-22 09:35:29,0.7,0.9333,388,0.69,0.92,2,0.69,0.92,3,0.695,0.9266,2564,0
SPY190823C295,2019-08-22,2019-08-22 09:35:30,0.69,0.92,111,0.68,0.9066,2,0.69,0.92,3,0.685,0.9133,2564,0
SPY190823C295,2019-08-22,2019-08-22 09:35:30,0.69,0.92,60,0.68,0.9066,32,0.69,0.92,1,0.685,0.9133,2565,1
SPY190823C295,2019-08-22,2019-08-22 09:35:31,0.69,0.92,78,0.68,0.9066,52,0.69,0.92,1,0.685,0.9133,2565,0
SPY190823C295,2019-08-22,2019-08-22 09:35:31,0.69,0.92,20,0.68,0.9066,52,0.69,0.92,1,0.685,0.9133,2565,0
SPY190823C295,2019-08-22,2019-08-22 09:35:32,0.69,0.92,20,0.68,0.9066,52,0.69,0.92,1,0.685,0.9133,2565,0
SPY190823C295,2019-08-22,2019-08-22 09:35:32,0.69,0.92,43,0.68,0.9066,52,0.69,0.92,1,0.685,0.9133,2565,0
SPY190823C295,2019-08-22,2019-08-22 09:35:33,0.69,0.92,5,0.68,0.9066,87,0.69,0.92,1,0.685,0.9133,2565,0
SPY190823C295,2019-08-22,2019-08-22 09:35:33,0.69,0.92,82,0.68,0.9066,48,0.69,0.92,1,0.685,0.9133,2565,0
SPY190823C295,2019-08-22,2019-08-22 09:35:34,0.69,0.92,5,0.68,0.9066,122,0.69,0.92,1,0.685,0.9133,2565,0
SPY190823C295,2019-08-22,2019-08-22 09:35:35,0.69,0.92,5,0.68,0.9066,122,0.69,0.92,1,0.685,0.9133,2565,0
SPY190823C295,2019-08-22,2019-08-22 09:35:35,0.69,0.92,20,0.68,0.9066,122,0.69,0.92,1,0.685,0.9133,2565,0
SPY190823C295,2019-08-22,2019-08-22 09:35:36,0.69,0.92,5,0.68,0.9066,454,0.69,0.92,3,0.685,0.9133,2574,8
SPY190823C295,2019-08-22,2019-08-22 09:35:36,0.69,0.92,53,0.68,0.9066,122,0.68,0.9066,1,0.685,0.9133,2566,1
SPY190823C295,2019-08-22,2019-08-22 09:35:37,0.7,0.9333,61,0.69,0.92,44,0.69,0.92,3,0.695,0.9266,2574,0
SPY190823C295,2019-08-22,2019-08-22 09:35:38,0.7,0.9333,61,0.69,0.92,44,0.69,0.92,3,0.695,0.9266,2574,0
SPY190823C295,2019-08-22,2019-08-22 09:35:39,0.7,0.9333,200,0.69,0.92,30,0.69,0.92,3,0.695,0.9266,2574,0
SPY190823C295,2019-08-22,2019-08-22 09:35:39,0.7,0.9333,64,0.69,0.92,44,0.69,0.92,3,0.695,0.9266,2574,0
SPY190823C295,2019-08-22,2019-08-22 09:35:40,0.69,0.92,65,0.69,0.92,32,0.7,0.9333,3,0.69,0.92,2579,3
SPY190823C295,2019-08-22,2019-08-22 09:35:40,0.69,0.92,55,0.69,0.92,30,0.69,0.92,2,0.69,0.92,2576,2
SPY190823C295,2019-08-22,2019-08-22 09:35:41,0.7,0.9333,789,0.69,0.92,100,0.68,0.9066,15,0.695,0.9266,2594,15
SPY190823C295,2019-08-22,2019-08-22 09:35:41,0.7,0.9333,422,0.69,0.92,100,0.7,0.9333,3,0.695,0.9266,2579,0
SPY190823C295,2019-08-22,2019-08-22 09:35:42,0.7,0.9333,413,0.69,0.92,100,0.68,0.9066,15,0.695,0.9266,2594,0
SPY190823C295,2019-08-22,2019-08-22 09:35:42,0.7,0.9333,789,0.69,0.92,100,0.68,0.9066,15,0.695,0.9266,2594,0
SPY190823C295,2019-08-22,2019-08-22 09:35:43,0.7,0.9333,575,0.69,0.92,100,0.68,0.9066,15,0.695,0.9266,2594,0
SPY190823C295,2019-08-22,2019-08-22 09:35:43,0.7,0.9333,658,0.69,0.92,100,0.68,0.9066,15,0.695,0.9266,2594,0
SPY190823C295,2019-08-22,2019-08-22 09:35:44,0.7,0.9333,713,0.69,0.92,100,0.68,0.9066,15,0.695,0.9266,2594,0
SPY190823C295,2019-08-22,2019-08-22 09:35:44,0.7,0.9333,658,0.69,0.92,100,0.68,0.9066,15,0.695,0.9266,2594,0
SPY190823C295,2019-08-22,2019-08-22 09:35:45,0.7,0.9333,887,0.69,0.92,100,0.68,0.9066,1,0.695,0.9266,2595,1
SPY190823C295,2019-08-22,2019-08-22 09:35:45,0.7,0.9333,887,0.69,0.92,100,0.68,0.9066,15,0.695,0.9266,2594,0
SPY190823C295,2019-08-22,2019-08-22 09:35:46,0.7,0.9333,353,0.69,0.92,100,0.7,0.9333,1,0.695,0.9266,2596,1
SPY190823C295,2019-08-22,2019-08-22 09:35:46,0.7,0.9333,353,0.69,0.92,100,0.7,0.9333,1,0.695,0.9266,2596,0
SPY190823C295,2019-08-22,2019-08-22 09:35:47,0.7,0.9333,522,0.69,0.92,100,0.69,0.92,3,0.695,0.9266,2599,0
SPY190823C295,2019-08-22,2019-08-22 09:35:47,0.7,0.9333,463,0.69,0.92,100,0.69,0.92,3,0.695,0.9266,2599,3
SPY190823C295,2019-08-22,2019-08-22 09:35:48,0.7,0.9333,279,0.69,0.92,100,0.69,0.92,3,0.695,0.9266,2599,0
SPY190823C295,2019-08-22,2019-08-22 09:35:49,0.7,0.9333,296,0.69,0.92,111,0.69,0.92,3,0.695,0.9266,2599,0
SPY190823C295,2019-08-22,2019-08-22 09:35:50,0.7,0.9333,109,0.69,0.92,111,0.69,0.92,1,0.695,0.9266,2600,1
SPY190823C295,2019-08-22,2019-08-22 09:35:50,0.7,0.9333,9,0.69,0.92,237,0.7,0.9333,2,0.695,0.9266,2611,11
SPY190823C295,2019-08-22,2019-08-22 09:35:51,0.71,0.9466,209,0.69,0.92,390,0.7,0.9333,2,0.7,0.9333,2611,0
SPY190823C295,2019-08-22,2019-08-22 09:35:51,0.71,0.9466,169,0.7,0.9333,30,0.7,0.9333,2,0.705,0.94,2611,0
SPY190823C295,2019-08-22,2019-08-22 09:35:52,0.71,0.9466,298,0.7,0.9333,30,0.7,0.9333,2,0.705,0.94,2611,0
SPY190823C295,2019-08-22,2019-08-22 09:35:52,0.71,0.9466,292,0.7,0.9333,30,0.7,0.9333,2,0.705,0.94,2611,0
SPY190823C295,2019-08-22,2019-08-22 09:35:53,0.71,0.9466,292,0.7,0.9333,2,0.7,0.9333,20,0.705,0.94,2631,0
SPY190823C295,2019-08-22,2019-08-22 09:35:53,0.71,0.9466,279,0.7,0.9333,32,0.7,0.9333,20,0.705,0.94,2631,20
SPY190823C295,2019-08-22,2019-08-22 09:35:54,0.71,0.9466,500,0.7,0.9333,2,0.7,0.9333,20,0.705,0.94,2631,0
SPY190823C295,2019-08-22,2019-08-22 09:35:55,0.71,0.9466,605,0.7,0.9333,1,0.7,0.9333,20,0.705,0.94,2631,0
SPY190823C295,2019-08-22,2019-08-22 09:35:56,0.71,0.9466,605,0.7,0.9333,1,0.7,0.9333,20,0.705,0.94,2631,0
SPY190823C295,2019-08-22,2019-08-22 09:35:57,0.71,0.9466,605,0.69,0.92,100,0.7,0.9333,1,0.7,0.9333,2632,1
SPY190823C295,2019-08-22,2019-08-22 09:35:57,0.71,0.9466,605,0.69,0.92,100,0.7,0.9333,1,0.7,0.9333,2632,0
SPY190823C295,2019-08-22,2019-08-22 09:35:58,0.7,0.9333,291,0.69,0.92,100,0.7,0.9333,8,0.695,0.9266,2640,0
SPY190823C295,2019-08-22,2019-08-22 09:35:58,0.71,0.9466,605,0.69,0.92,100,0.7,0.9333,8,0.7,0.9333,2640,8
SPY190823C295,2019-08-22,2019-08-22 09:35:59,0.7,0.9333,291,0.69,0.92,100,0.7,0.9333,8,0.695,0.9266,2640,0
SPY190823C295,2019-08-22,2019-08-22 09:35:59,0.7,0.9333,290,0.69,0.92,100,0.7,0.9333,8,0.695,0.9266,2640,0
SPY190823C295,2019-08-22,2019-08-22 09:36:00,0.7,0.9333,290,0.69,0.92,110,0.7,0.9333,8,0.695,0.9266,2640,0
SPY190823C295,2019-08-22,2019-08-22 09:36:01,0.7,0.9333,290,0.69,0.92,110,0.7,0.9333,8,0.695,0.9266,2640,0
SPY190823C295,2019-08-22,2019-08-22 09:36:01,0.71,0.9466,319,0.7,0.9333,32,0.7,0.9333,8,0.705,0.94,2640,0
SPY190823C295,2019-08-22,2019-08-22 09:36:02,0.71,0.9466,70,0.7,0.9333,67,0.71,0.9466,1,0.705,0.94,2643,3
SPY190823C295,2019-08-22,2019-08-22 09:36:02,0.71,0.9466,195,0.7,0.9333,32,0.7,0.9333,8,0.705,0.94,2640,0
SPY190823C295,2019-08-22,2019-08-22 09:36:03,0.71,0.9466,3,0.7,0.9333,165,0.71,0.9466,4,0.705,0.94,2647,4
SPY190823C295,2019-08-22,2019-08-22 09:36:03,0.71,0.9466,3,0.71,0.9466,2,0.71,0.9466,3,0.71,0.9466,2650,3
SPY190823C295,2019-08-22,2019-08-22 09:36:04,0.72,0.96,168,0.71,0.9466,70,0.71,0.9466,3,0.715,0.9533,2650,0
SPY190823C295,2019-08-22,2019-08-22 09:36:04,0.71,0.9466,3,0.71,0.9466,30,0.71,0.9466,3,0.71,0.9466,2650,0
SPY190823C295,2019-08-22,2019-08-22 09:36:05,0.71,0.9466,5,0.7,0.9333,450,0.71,0.9466,3,0.705,0.94,2650,0
SPY190823C295,2019-08-22,2019-08-22 09:36:05,0.72,0.96,168,0.71,0.9466,32,0.71,0.9466,3,0.715,0.9533,2650,0
SPY190823C295,2019-08-22,2019-08-22 09:36:06,0.72,0.96,189,0.71,0.9466,33,0.72,0.96,1,0.715,0.9533,2651,1
SPY190823C295,2019-08-22,2019-08-22 09:36:06,0.72,0.96,228,0.7,0.9333,450,0.71,0.9466,3,0.71,0.9466,2650,0
SPY190823C295,2019-08-22,2019-08-22 09:36:07,0.72,0.96,168,0.71,0.9466,53,0.72,0.96,10,0.715,0.9533,2661,10
SPY190823C295,2019-08-22,2019-08-22 09:36:07,0.72,0.96,100,0.71,0.9466,53,0.72,0.96,10,0.715,0.9533,2661,0
SPY190823C295,2019-08-22,2019-08-22 09:36:08,0.72,0.96,10,0.71,0.9466,145,0.72,0.96,10,0.715,0.9533,2661,0
SPY190823C295,2019-08-22,2019-08-22 09:36:08,0.72,0.96,26,0.71,0.9466,138,0.72,0.96,10,0.715,0.9533,2661,0
SPY190823C295,2019-08-22,2019-08-22 09:36:09,0.72,0.96,9,0.71,0.9466,441,0.72,0.96,2,0.715,0.9533,2663,2
SPY190823C295,2019-08-22,2019-08-22 09:36:09,0.72,0.96,9,0.71,0.9466,478,0.72,0.96,2,0.715,0.9533,2663,0
SPY190823C295,2019-08-22,2019-08-22 09:36:10,0.72,0.96,195,0.71,0.9466,146,0.72,0.96,2,0.715,0.9533,2663,0
SPY190823C295,2019-08-22,2019-08-22 09:36:10,0.72,0.96,102,0.71,0.9466,146,0.72,0.96,2,0.715,0.9533,2663,0
SPY190823C295,2019-08-22,2019-08-22 09:36:11,0.72,0.96,166,0.71,0.9466,52,0.72,0.96,2,0.715,0.9533,2663,0
SPY190823C295,2019-08-22,2019-08-22 09:36:12,0.72,0.96,179,0.71,0.9466,35,0.72,0.96,2,0.715,0.9533,2663,0
SPY190823C295,2019-08-22,2019-08-22 09:36:12,0.72,0.96,216,0.71,0.9466,85,0.72,0.96,2,0.715,0.9533,2663,0
SPY190823C295,2019-08-22,2019-08-22 09:36:13,0.72,0.96,171,0.71,0.9466,5,0.72,0.96,2,0.715,0.9533,2663,0
SPY190823C295,2019-08-22,2019-08-22 09:36:14,0.72,0.96,171,0.71,0.9466,20,0.72,0.96,2,0.715,0.9533,2663,0
SPY190823C295,2019-08-22,2019-08-22 09:36:15,0.72,0.96,121,0.71,0.9466,20,0.72,0.96,2,0.715,0.9533,2663,0
SPY190823C295,2019-08-22,2019-08-22 09:36:15,0.72,0.96,311,0.71,0.9466,3,0.72,0.96,2,0.715,0.9533,2663,0
SPY190823C295,2019-08-22,2019-08-22 09:36:16,0.72,0.96,483,0.71,0.9466,3,0.72,0.96,2,0.715,0.9533,2663,0
SPY190823C295,2019-08-22,2019-08-22 09:36:16,0.72,0.96,442,0.71,0.9466,3,0.72,0.96,2,0.715,0.9533,2663,0
SPY190823C295,2019-08-22,2019-08-22 09:36:17,0.72,0.96,661,0.71,0.9466,3,0.71,0.9466,1,0.715,0.9533,2664,1
SPY190823C295,2019-08-22,2019-08-22 09:36:17,0.72,0.96,549,0.71,0.9466,3,0.72,0.96,2,0.715,0.9533,2663,0
SPY190823C295,2019-08-22,2019-08-22 09:36:18,0.71,0.9466,5,0.7,0.9333,33,0.71,0.9466,2,0.705,0.94,2668,4
SPY190823C295,2019-08-22,2019-08-22 09:36:18,0.72,0.96,661,0.71,0.9466,2,0.71,0.9466,1,0.715,0.9533,2664,0
SPY190823C295,2019-08-22,2019-08-22 09:36:19,0.71,0.9466,10,0.7,0.9333,67,0.71,0.9466,2,0.705,0.94,2668,0
SPY190823C295,2019-08-22,2019-08-22 09:36:19,0.71,0.9466,137,0.7,0.9333,17,0.71,0.9466,2,0.705,0.94,2668,0
SPY190823C295,2019-08-22,2019-08-22 09:36:20,0.71,0.9466,115,0.7,0.9333,28,0.71,0.9466,2,0.705,0.94,2668,0
SPY190823C295,2019-08-22,2019-08-22 09:36:20,0.71,0.9466,5,0.7,0.9333,4,0.71,0.9466,2,0.705,0.94,2668,0
SPY190823C295,2019-08-22,2019-08-22 09:36:21,0.71,0.9466,22,0.7,0.9333,22,0.71,0.9466,2,0.705,0.94,2668,0
SPY190823C295,2019-08-22,2019-08-22 09:36:21,0.71,0.9466,171,0.7,0.9333,22,0.71,0.9466,2,0.705,0.94,2668,0
SPY190823C295,2019-08-22,2019-08-22 09:36:22,0.71,0.9466,171,0.7,0.9333,22,0.71,0.9466,2,0.705,0.94,2668,0
SPY190823C295,2019-08-22,2019-08-22 09:36:22,0.71,0.9466,171,0.7,0.9333,20,0.71,0.9466,2,0.705,0.94,2668,0
SPY190823C295,2019-08-22,2019-08-22 09:36:23,0.71,0.9466,70,0.7,0.9333,26,0.71,0.9466,2,0.705,0.94,2668,0
SPY190823C295,2019-08-22,2019-08-22 09:36:23,0.71,0.9466,132,0.7,0.9333,24,0.71,0.9466,2,0.705,0.94,2668,0
SPY190823C295,2019-08-22,2019-08-22 09:36:24,0.71,0.9466,67,0.7,0.9333,26,0.71,0.9466,5,0.705,0.94,2678,10
SPY190823C295,2019-08-22,2019-08-22 09:36:24,0.71,0.9466,50,0.7,0.9333,11,0.7,0.9333,2,0.705,0.94,2690,12
SPY190823C295,2019-08-22,2019-08-22 09:36:25,0.71,0.9466,117,0.7,0.9333,7,0.7,0.9333,2,0.705,0.94,2690,0
SPY190823C295,2019-08-22,2019-08-22 09:36:25,0.71,0.9466,132,0.7,0.9333,22,0.7,0.9333,2,0.705,0.94,2690,0
SPY190823C295,2019-08-22,2019-08-22 09:36:26,0.71,0.9466,132,0.7,0.9333,32,0.7,0.9333,2,0.705,0.94,2690,0
SPY190823C295,2019-08-22,2019-08-22 09:36:27,0.71,0.9466,61,0.71,0.9466,3,0.7,0.9333,2,0.71,0.9466,2690,0
SPY190823C295,2019-08-22,2019-08-22 09:36:27,0.71,0.9466,20,0.7,0.9333,2,0.7,0.9333,2,0.705,0.94,2690,0
SPY190823C295,2019-08-22,2019-08-22 09:36:28,0.72,0.96,481,0.7,0.9333,169,0.7,0.9333,2,0.71,0.9466,2690,0
SPY190823C295,2019-08-22,2019-08-22 09:36:29,0.72,0.96,222,0.71,0.9466,337,0.7,0.9333,2,0.715,0.9533,2690,0
SPY190823C295,2019-08-22,2019-08-22 09:36:29,0.72,0.96,462,0.7,0.9333,504,0.7,0.9333,2,0.71,0.9466,2690,0
SPY190823C295,2019-08-22,2019-08-22 09:36:30,0.72,0.96,225,0.71,0.9466,2,0.7,0.9333,2,0.715,0.9533,2690,0
SPY190823C295,2019-08-22,2019-08-22 09:36:31,0.72,0.96,410,0.71,0.9466,7,0.7,0.9333,2,0.715,0.9533,2690,0
SPY190823C295,2019-08-22,2019-08-22 09:36:31,0.72,0.96,228,0.71,0.9466,2,0.7,0.9333,2,0.715,0.9533,2690,0
SPY190823C295,2019-08-22,2019-08-22 09:36:32,0.72,0.96,222,0.71,0.9466,2,0.7,0.9333,2,0.715,0.9533,2690,0
SPY190823C295,2019-08-22,2019-08-22 09:36:32,0.72,0.96,225,0.71,0.9466,2,0.7,0.9333,2,0.715,0.9533,2690,0
SPY190823C295,2019-08-22,2019-08-22 09:36:33,0.72,0.96,165,0.71,0.9466,2,0.7,0.9333,2,0.715,0.9533,2690,0
SPY190823C295,2019-08-22,2019-08-22 09:36:33,0.72,0.96,100,0.71,0.9466,230,0.7,0.9333,2,0.715,0.9533,2690,0
SPY190823C295,2019-08-22,2019-08-22 09:36:34,0.72,0.96,117,0.71,0.9466,2,0.7,0.9333,2,0.715,0.9533,2690,0
SPY190823C295,2019-08-22,2019-08-22 09:36:34,0.72,0.96,60,0.71,0.9466,2,0.7,0.9333,2,0.715,0.9533,2690,0
SPY190823C295,2019-08-22,2019-08-22 09:36:35,0.72,0.96,162,0.71,0.9466,130,0.7,0.9333,2,0.715,0.9533,2690,0
SPY190823C295,2019-08-22,2019-08-22 09:36:35,0.72,0.96,222,0.71,0.9466,2,0.7,0.9333,2,0.715,0.9533,2690,0
SPY190823C295,2019-08-22,2019-08-22 09:36:36,0.72,0.96,37,0.71,0.9466,734,0.72,0.96,1,0.715,0.9533,2691,1
SPY190823C295,2019-08-22,2019-08-22 09:36:36,0.72,0.96,100,0.71,0.9466,566,0.7,0.9333,2,0.715,0.9533,2690,0
SPY190823C295,2019-08-22,2019-08-22 09:36:37,0.72,0.96,37,0.71,0.9466,586,0.72,0.96,1,0.715,0.9533,2691,0
SPY190823C295,2019-08-22,2019-08-22 09:36:37,0.72,0.96,61,0.71,0.9466,489,0.72,0.96,1,0.715,0.9533,2691,0
SPY190823C295,2019-08-22,2019-08-22 09:36:38,0.72,0.96,137,0.71,0.9466,381,0.72,0.96,1,0.715,0.9533,2691,0
SPY190823C295,2019-08-22,2019-08-22 09:36:38,0.72,0.96,61,0.71,0.9466,489,0.72,0.96,1,0.715,0.9533,2691,0
SPY190823C295,2019-08-22,2019-08-22 09:36:39,0.72,0.96,100,0.71,0.9466,459,0.72,0.96,1,0.715,0.9533,2692,1
SPY190823C295,2019-08-22,2019-08-22 09:36:39,0.72,0.96,100,0.71,0.9466,427,0.72,0.96,1,0.715,0.9533,2692,0
SPY190823C295,2019-08-22,2019-08-22 09:36:40,0.72,0.96,100,0.71,0.9466,626,0.72,0.96,1,0.715,0.9533,2692,0
SPY190823C295,2019-08-22,2019-08-22 09:36:40,0.72,0.96,35,0.71,0.9466,737,0.72,0.96,1,0.715,0.9533,2692,0
SPY190823C295,2019-08-22,2019-08-22 09:36:41,0.72,0.96,20,0.71,0.9466,614,0.72,0.96,1,0.715,0.9533,2692,0
SPY190823C295,2019-08-22,2019-08-22 09:36:41,0.72,0.96,7,0.71,0.9466,578,0.72,0.96,1,0.715,0.9533,2692,0
SPY190823C295,2019-08-22,2019-08-22 09:36:42,0.72,0.96,6,0.71,0.9466,444,0.72,0.96,1,0.715,0.9533,2693,0
SPY190823C295,2019-08-22,2019-08-22 09:36:42,0.72,0.96,7,0.71,0.9466,570,0.72,0.96,1,0.715,0.9533,2693,1
SPY190823C295,2019-08-22,2019-08-22 09:36:43,0.72,0.96,6,0.71,0.9466,501,0.72,0.96,1,0.715,0.9533,2693,0
SPY190823C295,2019-08-22,2019-08-22 09:36:43,0.72,0.96,6,0.71,0.9466,674,0.72,0.96,1,0.715,0.9533,2693,0
SPY190823C295,2019-08-22,2019-08-22 09:36:44,0.72,0.96,6,0.71,0.9466,641,0.72,0.96,1,0.715,0.9533,2693,0
SPY190823C295,2019-08-22,2019-08-22 09:36:44,0.72,0.96,5,0.71,0.9466,610,0.72,0.96,1,0.715,0.9533,2694,1
SPY190823C295,2019-08-22,2019-08-22 09:36:45,0.72,0.96,5,0.71,0.9466,561,0.72,0.96,1,0.715,0.9533,2694,0
SPY190823C295,2019-08-22,2019-08-22 09:36:45,0.72,0.96,5,0.71,0.9466,314,0.72,0.96,1,0.715,0.9533,2694,0
SPY190823C295,2019-08-22,2019-08-22 09:36:46,0.72,0.96,5,0.71,0.9466,575,0.72,0.96,1,0.715,0.9533,2695,0
SPY190823C295,2019-08-22,2019-08-22 09:36:46,0.72,0.96,5,0.71,0.9466,665,0.72,0.96,1,0.715,0.9533,2695,1
SPY190823C295,2019-08-22,2019-08-22 09:36:47,0.72,0.96,4,0.71,0.9466,572,0.71,0.9466,1,0.715,0.9533,2697,2
SPY190823C295,2019-08-22,2019-08-22 09:36:47,0.72,0.96,4,0.71,0.9466,557,0.71,0.9466,1,0.715,0.9533,2697,0
SPY190823C295,2019-08-22,2019-08-22 09:36:48,0.73,0.9733,162,0.72,0.96,252,0.72,0.96,4,0.725,0.9666,2701,0
SPY190823C295,2019-08-22,2019-08-22 09:36:48,0.73,0.9733,200,0.72,0.96,2,0.72,0.96,4,0.725,0.9666,2701,4
SPY190823C295,2019-08-22,2019-08-22 09:36:49,0.72,0.96,20,0.72,0.96,2,0.72,0.96,4,0.72,0.96,2701,0
SPY190823C295,2019-08-22,2019-08-22 09:36:49,0.73,0.9733,288,0.72,0.96,2,0.72,0.96,4,0.725,0.9666,2701,0
SPY190823C295,2019-08-22,2019-08-22 09:36:50,0.73,0.9733,30,0.72,0.96,2,0.72,0.96,4,0.725,0.9666,2701,0
SPY190823C295,2019-08-22,2019-08-22 09:36:51,0.73,0.9733,162,0.72,0.96,143,0.72,0.96,4,0.725,0.9666,2701,0
SPY190823C295,2019-08-22,2019-08-22 09:36:51,0.73,0.9733,162,0.72,0.96,145,0.72,0.96,4,0.725,0.9666,2701,0
SPY190823C295,2019-08-22,2019-08-22 09:36:52,0.73,0.9733,167,0.72,0.96,115,0.72,0.96,300,0.725,0.9666,3001,0
SPY190823C295,2019-08-22,2019-08-22 09:36:52,0.73,0.9733,162,0.72,0.96,157,0.72,0.96,300,0.725,0.9666,3001,300
SPY190823C295,2019-08-22,2019-08-22 09:36:53,0.74,0.9866,162,0.73,0.9733,123,0.73,0.9733,70,0.735,0.98,3101,70
SPY190823C295,2019-08-22,2019-08-22 09:36:53,0.73,0.9733,167,0.73,0.9733,1,0.73,0.9733,24,0.73,0.9733,3031,30
SPY190823C295,2019-08-22,2019-08-22 09:36:54,0.74,0.9866,212,0.73,0.9733,60,0.73,0.9733,70,0.735,0.98,3101,0
SPY190823C295,2019-08-22,2019-08-22 09:36:54,0.74,0.9866,150,0.72,0.96,282,0.73,0.9733,70,0.73,0.9733,3101,0
SPY190823C295,2019-08-22,2019-08-22 09:36:55,0.74,0.9866,212,0.73,0.9733,24,0.73,0.9733,70,0.735,0.98,3101,0
SPY190823C295,2019-08-22,2019-08-22 09:36:55,0.74,0.9866,66,0.73,0.9733,24,0.73,0.9733,70,0.735,0.98,3101,0
SPY190823C295,2019-08-22,2019-08-22 09:36:56,0.74,0.9866,170,0.73,0.9733,60,0.73,0.9733,70,0.735,0.98,3101,0
SPY190823C295,2019-08-22,2019-08-22 09:36:56,0.74,0.9866,66,0.73,0.9733,330,0.73,0.9733,70,0.735,0.98,3101,0
SPY190823C295,2019-08-22,2019-08-22 09:36:57,0.74,0.9866,5,0.73,0.9733,407,0.73,0.9733,70,0.735,0.98,3101,0
SPY190823C295,2019-08-22,2019-08-22 09:36:57,0.74,0.9866,144,0.73,0.9733,107,0.73,0.9733,70,0.735,0.98,3101,0
SPY190823C295,2019-08-22,2019-08-22 09:36:58,0.75,1.0,58,0.74,0.9866,397,0.74,0.9866,5,0.745,0.9933,3115,0
SPY190823C295,2019-08-22,2019-08-22 09:36:58,0.75,1.0,58,0.74,0.9866,384,0.74,0.9866,5,0.745,0.9933,3115,14
SPY190823C295,2019-08-22,2019-08-22 09:36:59,0.75,1.0,58,0.74,0.9866,142,0.74,0.9866,5,0.745,0.9933,3115,0
SPY190823C295,2019-08-22,2019-08-22 09:36:59,0.75,1.0,58,0.74,0.9866,444,0.74,0.9866,2,0.745,0.9933,3117,2
SPY190823C295,2019-08-22,2019-08-22 09:37:00,0.75,1.0,58,0.74,0.9866,179,0.74,0.9866,2,0.745,0.9933,3117,0
SPY190823C295,2019-08-22,2019-08-22 09:37:00,0.75,1.0,12,0.74,0.9866,444,0.74,0.9866,2,0.745,0.9933,3117,0
SPY190823C295,2019-08-22,2019-08-22 09:37:01,0.75,1.0,9,0.74,0.9866,566,0.75,1.0,5,0.745,0.9933,3127,5
SPY190823C295,2019-08-22,2019-08-22 09:37:01,0.75,1.0,9,0.74,0.9866,444,0.75,1.0,2,0.745,0.9933,3122,5
SPY190823C295,2019-08-22,2019-08-22 09:37:02,0.75,1.0,4,0.74,0.9866,566,0.75,1.0,5,0.745,0.9933,3127,0
SPY190823C295,2019-08-22,2019-08-22 09:37:02,0.75,1.0,4,0.74,0.9866,167,0.75,1.0,5,0.745,0.9933,3127,0
SPY190823C295,2019-08-22,2019-08-22 09:37:03,0.75,1.0,4,0.74,0.9866,575,0.75,1.0,5,0.745,0.9933,3127,0
SPY190823C295,2019-08-22,2019-08-22 09:37:04,0.75,1.0,4,0.75,1.0,72,0.75,1.0,4,0.75,1.0,3134,7
SPY190823C295,2019-08-22,2019-08-22 09:37:04,0.76,1.0133,206,0.74,0.9866,604,0.76,1.0133,1,0.75,1.0,3135,1
SPY190823C295,2019-08-22,2019-08-22 09:37:05,0.76,1.0133,121,0.75,1.0,145,0.76,1.0133,3,0.755,1.0066,3138,0
SPY190823C295,2019-08-22,2019-08-22 09:37:05,0.76,1.0133,130,0.75,1.0,123,0.76,1.0133,3,0.755,1.0066,3138,3
SPY190823C295,2019-08-22,2019-08-22 09:37:06,0.76,1.0133,54,0.75,1.0,111,0.76,1.0133,3,0.755,1.0066,3138,0
SPY190823C295,2019-08-22,2019-08-22 09:37:06,0.76,1.0133,121,0.75,1.0,141,0.76,1.0133,3,0.755,1.0066,3138,0
SPY190823C295,2019-08-22,2019-08-22 09:37:07,0.76,1.0133,54,0.75,1.0,150,0.76,1.0133,3,0.755,1.0066,3138,0
SPY190823C295,2019-08-22,2019-08-22 09:37:07,0.76,1.0133,108,0.75,1.0,133,0.76,1.0133,3,0.755,1.0066,3138,0
SPY190823C295,2019-08-22,2019-08-22 09:37:08,0.76,1.0133,1,0.75,1.0,518,0.76,1.0133,3,0.755,1.0066,3138,0
SPY190823C295,2019-08-22,2019-08-22 09:37:08,0.76,1.0133,1,0.75,1.0,92,0.76,1.0133,3,0.755,1.0066,3138,0
SPY190823C295,2019-08-22,2019-08-22 09:37:09,0.76,1.0133,76,0.75,1.0,169,0.76,1.0133,3,0.755,1.0066,3138,0
SPY190823C295,2019-08-22,2019-08-22 09:37:10,0.76,1.0133,123,0.75,1.0,40,0.76,1.0133,1,0.755,1.0066,3140,2
SPY190823C295,2019-08-22,2019-08-22 09:37:10,0.76,1.0133,220,0.75,1.0,46,0.76,1.0133,1,0.755,1.0066,3140,0
SPY190823C295,2019-08-22,2019-08-22 09:37:11,0.76,1.0133,357,0.75,1.0,1,0.76,1.0133,1,0.755,1.0066,3140,0
SPY190823C295,2019-08-22,2019-08-22 09:37:11,0.76,1.0133,371,0.75,1.0,1,0.76,1.0133,1,0.755,1.0066,3140,0
SPY190823C295,2019-08-22,2019-08-22 09:37:12,0.76,1.0133,578,0.75,1.0,1,0.75,1.0,20,0.755,1.0066,3160,0
SPY190823C295,2019-08-22,2019-08-22 09:37:12,0.76,1.0133,578,0.75,1.0,1,0.75,1.0,20,0.755,1.0066,3160,20
SPY190823C295,2019-08-22,2019-08-22 09:37:13,0.76,1.0133,416,0.75,1.0,1,0.75,1.0,20,0.755,1.0066,3160,0
SPY190823C295,2019-08-22,2019-08-22 09:37:13,0.76,1.0133,568,0.75,1.0,5,0.75,1.0,1,0.755,1.0066,3170,10
SPY190823C295,2019-08-22,2019-08-22 09:37:14,0.74,0.9866,54,0.73,0.9733,305,0.75,1.0,1,0.735,0.98,3170,0
SPY190823C295,2019-08-22,2019-08-22 09:37:15,0.75,1.0,217,0.74,0.9866,15,0.75,1.0,1,0.745,0.9933,3170,0
SPY190823C295,2019-08-22,2019-08-22 09:37:15,0.75,1.0,280,0.74,0.9866,35,0.75,1.0,1,0.745,0.9933,3170,0
SPY190823C295,2019-08-22,2019-08-22 09:37:16,0.75,1.0,157,0.74,0.9866,147,0.75,1.0,1,0.745,0.9933,3170,0
SPY190823C295,2019-08-22,2019-08-22 09:37:16,0.75,1.0,157,0.74,0.9866,122,0.75,1.0,1,0.745,0.9933,3170,0
SPY190823C295,2019-08-22,2019-08-22 09:37:17,0.76,1.0133,468,0.75,1.0,32,0.75,1.0,1,0.755,1.0066,3170,0
SPY190823C295,2019-08-22,2019-08-22 09:37:17,0.75,1.0,152,0.75,1.0,30,0.75,1.0,1,0.75,1.0,3170,0
SPY190823C295,2019-08-22,2019-08-22 09:37:18,0.76,1.0133,468,0.75,1.0,50,0.75,1.0,1,0.755,1.0066,3170,0
SPY190823C295,2019-08-22,2019-08-22 09:37:19,0.76,1.0133,468,0.75,1.0,26,0.75,1.0,1,0.755,1.0066,3170,0
SPY190823C295,2019-08-22,2019-08-22 09:37:19,0.76,1.0133,468,0.75,1.0,50,0.75,1.0,1,0.755,1.0066,3170,0
SPY190823C295,2019-08-22,2019-08-22 09:37:20,0.76,1.0133,305,0.75,1.0,30,0.75,1.0,8,0.755,1.0066,3178,0
SPY190823C295,2019-08-22,2019-08-22 09:37:20,0.75,1.0,5,0.74,0.9866,180,0.75,1.0,8,0.745,0.9933,3178,8
SPY190823C295,2019-08-22,2019-08-22 09:37:21,0.74,0.9866,38,0.74,0.9866,22,0.75,1.0,8,0.74,0.9866,3178,0
SPY190823C295,2019-08-22,2019-08-22 09:37:21,0.76,1.0133,468,0.74,0.9866,63,0.75,1.0,8,0.75,1.0,3178,0
SPY190823C295,2019-08-22,2019-08-22 09:37:22,0.74,0.9866,38,0.74,0.9866,22,0.75,1.0,8,0.74,0.9866,3178,0
SPY190823C295,2019-08-22,2019-08-22 09:37:22,0.74,0.9866,257,0.72,0.96,81,0.74,0.9866,4,0.73,0.9733,3195,17
SPY190823C295,2019-08-22,2019-08-22 09:37:23,0.73,0.9733,157,0.72,0.96,30,0.74,0.9866,4,0.725,0.9666,3195,0
SPY190823C295,2019-08-22,2019-08-22 09:37:23,0.73,0.9733,131,0.72,0.96,29,0.74,0.9866,4,0.725,0.9666,3195,0
SPY190823C295,2019-08-22,2019-08-22 09:37:24,0.73,0.9733,157,0.72,0.96,143,0.74,0.9866,4,0.725,0.9666,3195,0
SPY190823C295,2019-08-22,2019-08-22 09:37:24,0.72,0.96,5,0.71,0.9466,163,0.72,0.96,1,0.715,0.9533,3197,2
SPY190823C295,2019-08-22,2019-08-22 09:37:25,0.72,0.96,5,0.71,0.9466,78,0.72,0.96,1,0.715,0.9533,3197,0
SPY190823C295,2019-08-22,2019-08-22 09:37:25,0.72,0.96,5,0.71,0.9466,63,0.72,0.96,1,0.715,0.9533,3197,0
SPY190823C295,2019-08-22,2019-08-22 09:37:26,0.72,0.96,5,0.71,0.9466,78,0.72,0.96,1,0.715,0.9533,3197,0
SPY190823C295,2019-08-22,2019-08-22 09:37:27,0.72,0.96,4,0.71,0.9466,22,0.72,0.96,1,0.715,0.9533,3198,1
SPY190823C295,2019-08-22,2019-08-22 09:37:27,0.72,0.96,5,0.71,0.9466,78,0.72,0.96,1,0.715,0.9533,3197,0
SPY190823C295,2019-08-22,2019-08-22 09:37:28,0.73,0.9733,5,0.71,0.9466,660,0.72,0.96,1,0.72,0.96,3198,0
SPY190823C295,2019-08-22,2019-08-22 09:37:28,0.72,0.96,4,0.71,0.9466,22,0.72,0.96,1,0.715,0.9533,3198,0
SPY190823C295,2019-08-22,2019-08-22 09:37:29,0.73,0.9733,163,0.72,0.96,66,0.72,0.96,1,0.725,0.9666,3198,0
SPY190823C295,2019-08-22,2019-08-22 09:37:30,0.72,0.96,263,0.7,0.9333,160,0.73,0.9733,2,0.71,0.9466,3200,0
SPY190823C295,2019-08-22,2019-08-22 09:37:30,0.73,0.9733,223,0.71,0.9466,47,0.73,0.9733,2,0.72,0.96,3200,2
SPY190823C295,2019-08-22,2019-08-22 09:37:31,0.72,0.96,263,0.7,0.9333,195,0.73,0.9733,2,0.71,0.9466,3200,0
SPY190823C295,2019-08-22,2019-08-22 09:37:32,0.73,0.9733,150,0.71,0.9466,32,0.73,0.9733,2,0.72,0.96,3200,0
SPY190823C295,2019-08-22,2019-08-22 09:37:33,0.73,0.9733,103,0.71,0.9466,32,0.73,0.9733,2,0.72,0.96,3200,0
SPY190823C295,2019-08-22,2019-08-22 09:37:33,0.73,0.9733,485,0.72,0.96,2,0.73,0.9733,2,0.725,0.9666,3200,0
SPY190823C295,2019-08-22,2019-08-22 09:37:34,0.73,0.9733,300,0.72,0.96,30,0.71,0.9466,154,0.725,0.9666,3354,154
SPY190823C295,2019-08-22,2019-08-22 09:37:34,0.74,0.9866,409,0.73,0.9733,2,0.71,0.9466,154,0.735,0.98,3354,0
SPY190823C295,2019-08-22,2019-08-22 09:37:35,0.74,0.9866,409,0.73,0.9733,24,0.71,0.9466,154,0.735,0.98,3354,0
SPY190823C295,2019-08-22,2019-08-22 09:37:35,0.74,0.9866,1210,0.72,0.96,32,0.71,0.9466,154,0.73,0.9733,3354,0
SPY190823C295,2019-08-22,2019-08-22 09:37:36,0.74,0.9866,1132,0.73,0.9733,5,0.71,0.9466,154,0.735,0.98,3354,0
SPY190823C295,2019-08-22,2019-08-22 09:37:36,0.74,0.9866,848,0.73,0.9733,5,0.71,0.9466,154,0.735,0.98,3354,0
SPY190823C295,2019-08-22,2019-08-22 09:37:37,0.73,0.9733,2,0.72,0.96,35,0.73,0.9733,5,0.725,0.9666,3359,5
SPY190823C295,2019-08-22,2019-08-22 09:37:37,0.72,0.96,47,0.72,0.96,17,0.73,0.9733,5,0.72,0.96,3359,0
SPY190823C295,2019-08-22,2019-08-22 09:37:38,0.73,0.9733,492,0.72,0.96,20,0.73,0.9733,3,0.725,0.9666,3362,3
SPY190823C295,2019-08-22,2019-08-22 09:37:38,0.73,0.9733,416,0.71,0.9466,43,0.73,0.9733,5,0.72,0.96,3359,0
SPY190823C295,2019-08-22,2019-08-22 09:37:39,0.73,0.9733,223,0.72,0.96,34,0.73,0.9733,3,0.725,0.9666,3362,0
SPY190823C295,2019-08-22,2019-08-22 09:37:39,0.73,0.9733,446,0.72,0.96,30,0.73,0.9733,3,0.725,0.9666,3362,0
SPY190823C295,2019-08-22,2019-08-22 09:37:40,0.73,0.9733,451,0.72,0.96,40,0.73,0.9733,3,0.725,0.9666,3362,0
SPY190823C295,2019-08-22,2019-08-22 09:37:40,0.73,0.9733,212,0.72,0.96,32,0.73,0.9733,3,0.725,0.9666,3362,0
SPY190823C295,2019-08-22,2019-08-22 09:37:41,0.73,0.9733,294,0.72,0.96,45,0.73,0.9733,3,0.725,0.9666,3362,0
SPY190823C295,2019-08-22,2019-08-22 09:37:41,0.73,0.9733,451,0.72,0.96,45,0.73,0.9733,3,0.725,0.9666,3362,0
SPY190823C295,2019-08-22,2019-08-22 09:37:42,0.73,0.9733,515,0.72,0.96,25,0.73,0.9733,3,0.725,0.9666,3362,0
SPY190823C295,2019-08-22,2019-08-22 09:37:42,0.73,0.9733,163,0.72,0.96,49,0.73,0.9733,10,0.725,0.9666,3372,10
SPY190823C295,2019-08-22,2019-08-22 09:37:43,0.74,0.9866,5,0.74,0.9866,2,0.73,0.9733,10,0.74,0.9866,3372,0
SPY190823C295,2019-08-22,2019-08-22 09:37:43,0.74,0.9866,5,0.73,0.9733,5,0.73,0.9733,10,0.735,0.98,3372,0
SPY190823C295,2019-08-22,2019-08-22 09:37:44,0.75,1.0,180,0.74,0.9866,2,0.73,0.9733,10,0.745,0.9933,3372,0
SPY190823C295,2019-08-22,2019-08-22 09:37:45,0.75,1.0,62,0.74,0.9866,30,0.73,0.9733,10,0.745,0.9933,3372,0
SPY190823C295,2019-08-22,2019-08-22 09:37:45,0.75,1.0,100,0.74,0.9866,109,0.73,0.9733,10,0.745,0.9933,3372,0
SPY190823C295,2019-08-22,2019-08-22 09:37:46,0.76,1.0133,100,0.75,1.0,2,0.75,1.0,1,0.755,1.0066,3395,23
SPY190823C295,2019-08-22,2019-08-22 09:37:46,0.76,1.0133,100,0.75,1.0,37,0.75,1.0,1,0.755,1.0066,3395,0
SPY190823C295,2019-08-22,2019-08-22 09:37:47,0.76,1.0133,100,0.75,1.0,25,0.76,1.0133,7,0.755,1.0066,3402,0
SPY190823C295,2019-08-22,2019-08-22 09:37:47,0.76,1.0133,100,0.75,1.0,37,0.76,1.0133,7,0.755,1.0066,3402,7
SPY190823C295,2019-08-22,2019-08-22 09:37:48,0.76,1.0133,5,0.75,1.0,39,0.74,0.9866,1,0.755,1.0066,3404,0
SPY190823C295,2019-08-22,2019-08-22 09:37:48,0.76,1.0133,5,0.75,1.0,39,0.74,0.9866,1,0.755,1.0066,3404,2
SPY190823C295,2019-08-22,2019-08-22 09:37:49,0.77,1.0266,469,0.75,1.0,22,0.76,1.0133,2,0.76,1.0133,3438,5
SPY190823C295,2019-08-22,2019-08-22 09:37:49,0.77,1.0266,469,0.76,1.0133,27,0.76,1.0133,20,0.765,1.02,3433,29
SPY190823C295,2019-08-22,2019-08-22 09:37:50,0.76,1.0133,5,0.75,1.0,148,0.76,1.0133,2,0.755,1.0066,3438,0
SPY190823C295,2019-08-22,2019-08-22 09:37:50,0.77,1.0266,306,0.76,1.0133,2,0.76,1.0133,2,0.765,1.02,3438,0
SPY190823C295,2019-08-22,2019-08-22 09:37:51,0.77,1.0266,306,0.76,1.0133,27,0.76,1.0133,2,0.765,1.02,3438,0
SPY190823C295,2019-08-22,2019-08-22 09:37:51,0.77,1.0266,306,0.76,1.0133,2,0.76,1.0133,2,0.765,1.02,3438,0
SPY190823C295,2019-08-22,2019-08-22 09:37:52,0.77,1.0266,306,0.76,1.0133,106,0.77,1.0266,2,0.765,1.02,3440,2
SPY190823C295,2019-08-22,2019-08-22 09:37:52,0.77,1.0266,111,0.76,1.0133,143,0.77,1.0266,2,0.765,1.02,3440,0
SPY190823C295,2019-08-22,2019-08-22 09:37:53,0.78,1.04,439,0.76,1.0133,127,0.76,1.0133,1,0.77,1.0266,3441,1
SPY190823C295,2019-08-22,2019-08-22 09:37:53,0.78,1.04,439,0.76,1.0133,369,0.77,1.0266,2,0.77,1.0266,3440,0
SPY190823C295,2019-08-22,2019-08-22 09:37:54,0.77,1.0266,237,0.76,1.0133,58,0.76,1.0133,1,0.765,1.02,3441,0
SPY190823C295,2019-08-22,2019-08-22 09:37:54,0.77,1.0266,237,0.76,1.0133,127,0.76,1.0133,1,0.765,1.02,3441,0
SPY190823C295,2019-08-22,2019-08-22 09:37:55,0.77,1.0266,237,0.76,1.0133,58,0.76,1.0133,1,0.765,1.02,3441,0
SPY190823C295,2019-08-22,2019-08-22 09:37:55,0.77,1.0266,237,0.75,1.0,532,0.77,1.0266,2,0.76,1.0133,3443,2
SPY190823C295,2019-08-22,2019-08-22 09:37:56,0.76,1.0133,109,0.76,1.0133,60,0.77,1.0266,2,0.76,1.0133,3443,0
SPY190823C295,2019-08-22,2019-08-22 09:37:56,0.77,1.0266,237,0.76,1.0133,60,0.77,1.0266,2,0.765,1.02,3443,0
SPY190823C295,2019-08-22,2019-08-22 09:37:57,0.77,1.0266,203,0.76,1.0133,60,0.77,1.0266,2,0.765,1.02,3443,0
SPY190823C295,2019-08-22,2019-08-22 09:37:57,0.76,1.0133,109,0.76,1.0133,60,0.77,1.0266,2,0.76,1.0133,3443,0
SPY190823C295,2019-08-22,2019-08-22 09:37:58,0.76,1.0133,5,0.75,1.0,327,0.77,1.0266,2,0.755,1.0066,3443,0
SPY190823C295,2019-08-22,2019-08-22 09:37:58,0.77,1.0266,173,0.76,1.0133,102,0.77,1.0266,2,0.765,1.02,3443,0
SPY190823C295,2019-08-22,2019-08-22 09:37:59,0.76,1.0133,5,0.75,1.0,242,0.77,1.0266,2,0.755,1.0066,3443,0
SPY190823C295,2019-08-22,2019-08-22 09:37:59,0.76,1.0133,5,0.75,1.0,949,0.77,1.0266,2,0.755,1.0066,3443,0
SPY190823C295,2019-08-22,2019-08-22 09:38:00,0.76,1.0133,158,0.75,1.0,87,0.77,1.0266,2,0.755,1.0066,3443,0
SPY190823C295,2019-08-22,2019-08-22 09:38:00,0.76,1.0133,5,0.74,0.9866,559,0.77,1.0266,2,0.75,1.0,3443,0
SPY190823C295,2019-08-22,2019-08-22 09:38:01,0.76,1.0133,223,0.75,1.0,60,0.77,1.0266,2,0.755,1.0066,3443,0
SPY190823C295,2019-08-22,2019-08-22 09:38:01,0.76,1.0133,223,0.75,1.0,89,0.77,1.0266,2,0.755,1.0066,3443,0
SPY190823C295,2019-08-22,2019-08-22 09:38:02,0.76,1.0133,70,0.74,0.9866,1521,0.76,1.0133,50,0.75,1.0,3743,300
SPY190823C295,2019-08-22,2019-08-22 09:38:02,0.76,1.0133,158,0.74,0.9866,319,0.76,1.0133,50,0.75,1.0,3743,0
SPY190823C295,2019-08-22,2019-08-22 09:38:03,0.75,1.0,5,0.74,0.9866,561,0.76,1.0133,50,0.745,0.9933,3743,0
SPY190823C295,2019-08-22,2019-08-22 09:38:03,0.75,1.0,187,0.74,0.9866,108,0.76,1.0133,50,0.745,0.9933,3743,0
SPY190823C295,2019-08-22,2019-08-22 09:38:04,0.75,1.0,22,0.74,0.9866,301,0.76,1.0133,50,0.745,0.9933,3743,0
SPY190823C295,2019-08-22,2019-08-22 09:38:04,0.75,1.0,22,0.74,0.9866,130,0.76,1.0133,50,0.745,0.9933,3743,0
SPY190823C295,2019-08-22,2019-08-22 09:38:05,0.74,0.9866,94,0.73,0.9733,324,0.75,1.0,2,0.735,0.98,3765,22
SPY190823C295,2019-08-22,2019-08-22 09:38:06,0.74,0.9866,7,0.73,0.9733,324,0.75,1.0,2,0.735,0.98,3765,0
SPY190823C295,2019-08-22,2019-08-22 09:38:06,0.75,1.0,28,0.74,0.9866,94,0.75,1.0,2,0.745,0.9933,3765,0
SPY190823C295,2019-08-22,2019-08-22 09:38:07,0.76,1.0133,52,0.75,1.0,5,0.75,1.0,2,0.755,1.0066,3765,0
SPY190823C295,2019-08-22,2019-08-22 09:38:07,0.75,1.0,1,0.74,0.9866,668,0.75,1.0,2,0.745,0.9933,3765,0
SPY190823C295,2019-08-22,2019-08-22 09:38:08,0.75,1.0,2,0.74,0.9866,567,0.75,1.0,2,0.745,0.9933,3765,0
SPY190823C295,2019-08-22,2019-08-22 09:38:08,0.76,1.0133,34,0.75,1.0,49,0.75,1.0,2,0.755,1.0066,3765,0
SPY190823C295,2019-08-22,2019-08-22 09:38:09,0.76,1.0133,158,0.75,1.0,45,0.75,1.0,2,0.755,1.0066,3765,0
SPY190823C295,2019-08-22,2019-08-22 09:38:09,0.76,1.0133,34,0.75,1.0,5,0.75,1.0,2,0.755,1.0066,3765,0
SPY190823C295,2019-08-22,2019-08-22 09:38:10,0.76,1.0133,100,0.75,1.0,370,0.75,1.0,2,0.755,1.0066,3765,0
SPY190823C295,2019-08-22,2019-08-22 09:38:10,0.76,1.0133,158,0.75,1.0,90,0.75,1.0,2,0.755,1.0066,3765,0
SPY190823C295,2019-08-22,2019-08-22 09:38:11,0.77,1.0266,418,0.76,1.0133,62,0.75,1.0,2,0.765,1.02,3765,0
SPY190823C295,2019-08-22,2019-08-22 09:38:11,0.77,1.0266,198,0.76,1.0133,52,0.75,1.0,2,0.765,1.02,3765,0
SPY190823C295,2019-08-22,2019-08-22 09:38:12,0.77,1.0266,198,0.76,1.0133,57,0.75,1.0,2,0.765,1.02,3765,0
SPY190823C295,2019-08-22,2019-08-22 09:38:13,0.76,1.0133,5,0.76,1.0133,30,0.77,1.0266,1,0.76,1.0133,3766,1
SPY190823C295,2019-08-22,2019-08-22 09:38:13,0.77,1.0266,93,0.75,1.0,746,0.77,1.0266,1,0.76,1.0133,3766,0
SPY190823C295,2019-08-22,2019-08-22 09:38:14,0.77,1.0266,218,0.76,1.0133,62,0.77,1.0266,1,0.765,1.02,3766,0
SPY190823C295,2019-08-22,2019-08-22 09:38:14,0.77,1.0266,158,0.76,1.0133,62,0.77,1.0266,1,0.765,1.02,3766,0
SPY190823C295,2019-08-22,2019-08-22 09:38:15,0.77,1.0266,198,0.76,1.0133,73,0.77,1.0266,1,0.765,1.02,3766,0
SPY190823C295,2019-08-22,2019-08-22 09:38:15,0.77,1.0266,110,0.76,1.0133,77,0.77,1.0266,1,0.765,1.02,3766,0
SPY190823C295,2019-08-22,2019-08-22 09:38:16,0.77,1.0266,198,0.76,1.0133,73,0.77,1.0266,150,0.765,1.02,3916,150
SPY190823C295,2019-08-22,2019-08-22 09:38:16,0.77,1.0266,198,0.76,1.0133,62,0.77,1.0266,150,0.765,1.02,3916,0
SPY190823C295,2019-08-22,2019-08-22 09:38:17,0.77,1.0266,66,0.76,1.0133,248,0.77,1.0266,150,0.765,1.02,3916,0
SPY190823C295,2019-08-22,2019-08-22 09:38:17,0.77,1.0266,198,0.76,1.0133,47,0.77,1.0266,150,0.765,1.02,3916,0
SPY190823C295,2019-08-22,2019-08-22 09:38:18,0.77,1.0266,5,0.76,1.0133,248,0.77,1.0266,150,0.765,1.02,3916,0
SPY190823C295,2019-08-22,2019-08-22 09:38:18,0.77,1.0266,100,0.76,1.0133,112,0.77,1.0266,150,0.765,1.02,3916,0
SPY190823C295,2019-08-22,2019-08-22 09:38:19,0.77,1.0266,111,0.76,1.0133,62,0.77,1.0266,150,0.765,1.02,3916,0
SPY190823C295,2019-08-22,2019-08-22 09:38:19,0.76,1.0133,5,0.75,1.0,316,0.77,1.0266,150,0.755,1.0066,3916,0
SPY190823C295,2019-08-22,2019-08-22 09:38:20,0.76,1.0133,158,0.75,1.0,133,0.77,1.0266,150,0.755,1.0066,3916,0
SPY190823C295,2019-08-22,2019-08-22 09:38:20,0.76,1.0133,187,0.75,1.0,265,0.77,1.0266,150,0.755,1.0066,3916,0
SPY190823C295,2019-08-22,2019-08-22 09:38:21,0.77,1.0266,240,0.76,1.0133,71,0.77,1.0266,150,0.765,1.02,3916,0
SPY190823C295,2019-08-22,2019-08-22 09:38:21,0.77,1.0266,324,0.76,1.0133,71,0.77,1.0266,150,0.765,1.02,3916,0
SPY190823C295,2019-08-22,2019-08-22 09:38:22,0.77,1.0266,240,0.76,1.0133,174,0.76,1.0133,2,0.765,1.02,3921,2
SPY190823C295,2019-08-22,2019-08-22 09:38:22,0.77,1.0266,240,0.76,1.0133,32,0.76,1.0133,3,0.765,1.02,3919,3
SPY190823C295,2019-08-22,2019-08-22 09:38:23,0.77,1.0266,164,0.76,1.0133,154,0.76,1.0133,2,0.765,1.02,3921,0
SPY190823C295,2019-08-22,2019-08-22 09:38:23,0.77,1.0266,114,0.76,1.0133,213,0.76,1.0133,2,0.765,1.02,3921,0
SPY190823C295,2019-08-22,2019-08-22 09:38:24,0.77,1.0266,164,0.76,1.0133,200,0.76,1.0133,2,0.765,1.02,3921,0
SPY190823C295,2019-08-22,2019-08-22 09:38:24,0.77,1.0266,164,0.76,1.0133,290,0.76,1.0133,2,0.765,1.02,3921,0
SPY190823C295,2019-08-22,2019-08-22 09:38:25,0.77,1.0266,187,0.76,1.0133,529,0.76,1.0133,2,0.765,1.02,3921,0
SPY190823C295,2019-08-22,2019-08-22 09:38:25,0.77,1.0266,187,0.76,1.0133,412,0.76,1.0133,2,0.765,1.02,3921,0
SPY190823C295,2019-08-22,2019-08-22 09:38:26,0.77,1.0266,235,0.76,1.0133,180,0.76,1.0133,2,0.765,1.02,3921,0
SPY190823C295,2019-08-22,2019-08-22 09:38:26,0.77,1.0266,152,0.76,1.0133,95,0.76,1.0133,2,0.765,1.02,3921,0
SPY190823C295,2019-08-22,2019-08-22 09:38:27,0.77,1.0266,187,0.76,1.0133,5,0.76,1.0133,2,0.765,1.02,3921,0
SPY190823C295,2019-08-22,2019-08-22 09:38:27,0.77,1.0266,187,0.76,1.0133,32,0.76,1.0133,2,0.765,1.02,3921,0
SPY190823C295,2019-08-22,2019-08-22 09:38:28,0.77,1.0266,269,0.75,1.0,250,0.76,1.0133,2,0.76,1.0133,3921,0
