symbol,Date,quote_time,ask_price,norm_ask_price,ask_size,bid_price,norm_bid_price,bid_size,last_trade_price,norm_last_trade_price,last_trade_size,mark_price,norm_mark_price,volume,Volume
SPY190722C299,2019-07-19,2019-07-19 09:30:00,1.54,1.0,5,1.52,0.987,15,1.43,0.9285,1,1.53,0.9935,47,47
SPY190722C299,2019-07-19,2019-07-19 09:30:08,1.59,1.0324,17,1.5,0.974,17,1.48,0.961,8,1.545,1.0032,113,66
SPY190722C299,2019-07-19,2019-07-19 09:30:08,1.59,1.0324,17,1.5,0.974,17,1.48,0.961,8,1.545,1.0032,113,0
SPY190722C299,2019-07-19,2019-07-19 09:30:09,1.64,1.0649,363,1.4,0.909,10,1.48,0.961,8,1.52,0.987,113,0
SPY190722C299,2019-07-19,2019-07-19 09:30:10,1.64,1.0649,363,1.4,0.909,10,1.48,0.961,8,1.52,0.987,113,0
SPY190722C299,2019-07-19,2019-07-19 09:30:10,1.56,1.0129,10,1.5,0.974,5,1.48,0.961,8,1.53,0.9935,113,0
SPY190722C299,2019-07-19,2019-07-19 09:30:11,1.56,1.0129,10,1.52,0.987,10,1.48,0.961,8,1.54,1.0,113,0
SPY190722C299,2019-07-19,2019-07-19 09:30:12,1.56,1.0129,10,1.52,0.987,10,1.46,0.948,5,1.54,1.0,123,10
SPY190722C299,2019-07-19,2019-07-19 09:30:13,1.56,1.0129,10,1.52,0.987,10,1.46,0.948,5,1.54,1.0,123,0
SPY190722C299,2019-07-19,2019-07-19 09:30:14,1.56,1.0129,10,1.52,0.987,10,1.46,0.948,5,1.54,1.0,123,0
SPY190722C299,2019-07-19,2019-07-19 09:30:15,1.56,1.0129,10,1.52,0.987,10,1.46,0.948,20,1.54,1.0,143,20
SPY190722C299,2019-07-19,2019-07-19 09:30:16,1.56,1.0129,10,1.52,0.987,10,1.46,0.948,20,1.54,1.0,143,0
SPY190722C299,2019-07-19,2019-07-19 09:30:17,1.56,1.0129,10,1.52,0.987,10,1.46,0.948,20,1.54,1.0,143,0
SPY190722C299,2019-07-19,2019-07-19 09:30:18,1.58,1.0259,20,1.5,0.974,20,1.46,0.948,20,1.54,1.0,143,0
SPY190722C299,2019-07-19,2019-07-19 09:30:19,1.58,1.0259,20,1.5,0.974,20,1.46,0.948,20,1.54,1.0,143,0
SPY190722C299,2019-07-19,2019-07-19 09:30:20,1.58,1.0259,20,1.5,0.974,20,1.46,0.948,20,1.54,1.0,143,0
SPY190722C299,2019-07-19,2019-07-19 09:30:21,1.58,1.0259,20,1.5,0.974,20,1.46,0.948,20,1.54,1.0,143,0
SPY190722C299,2019-07-19,2019-07-19 09:30:22,1.58,1.0259,20,1.5,0.974,20,1.46,0.948,1,1.54,1.0,144,1
SPY190722C299,2019-07-19,2019-07-19 09:30:22,1.55,1.0064,5,1.5,0.974,20,1.46,0.948,1,1.525,0.9902,144,0
SPY190722C299,2019-07-19,2019-07-19 09:30:23,1.55,1.0064,5,1.5,0.974,20,1.46,0.948,1,1.525,0.9902,144,0
SPY190722C299,2019-07-19,2019-07-19 09:30:24,1.55,1.0064,5,1.5,0.974,20,1.46,0.948,1,1.525,0.9902,144,0
SPY190722C299,2019-07-19,2019-07-19 09:30:25,1.53,0.9935,10,1.5,0.974,5,1.46,0.948,1,1.515,0.9837,144,0
SPY190722C299,2019-07-19,2019-07-19 09:30:25,1.58,1.0259,20,1.5,0.974,20,1.46,0.948,1,1.54,1.0,144,0
SPY190722C299,2019-07-19,2019-07-19 09:30:26,1.55,1.0064,118,1.47,0.9545,15,1.46,0.948,1,1.51,0.9805,144,0
SPY190722C299,2019-07-19,2019-07-19 09:30:27,1.46,0.948,20,1.43,0.9285,24,1.46,0.948,1,1.445,0.9383,144,0
SPY190722C299,2019-07-19,2019-07-19 09:30:27,1.5,0.974,20,1.46,0.948,20,1.46,0.948,1,1.48,0.961,144,0
SPY190722C299,2019-07-19,2019-07-19 09:30:28,1.48,0.961,5,1.46,0.948,20,1.46,0.948,1,1.47,0.9545,144,0
SPY190722C299,2019-07-19,2019-07-19 09:30:28,1.48,0.961,99,1.42,0.922,51,1.46,0.948,1,1.45,0.9415,144,0
SPY190722C299,2019-07-19,2019-07-19 09:30:29,1.48,0.961,5,1.44,0.935,32,1.46,0.948,1,1.46,0.948,144,0
SPY190722C299,2019-07-19,2019-07-19 09:30:29,1.49,0.9675,79,1.45,0.9415,46,1.46,0.948,1,1.47,0.9545,144,0
SPY190722C299,2019-07-19,2019-07-19 09:30:30,1.48,0.961,5,1.46,0.948,42,1.46,0.948,1,1.47,0.9545,144,0
SPY190722C299,2019-07-19,2019-07-19 09:30:30,1.48,0.961,5,1.46,0.948,31,1.46,0.948,1,1.47,0.9545,144,0
SPY190722C299,2019-07-19,2019-07-19 09:30:31,1.48,0.961,5,1.46,0.948,20,1.47,0.9545,1,1.47,0.9545,145,1
SPY190722C299,2019-07-19,2019-07-19 09:30:32,1.5,0.974,24,1.47,0.9545,20,1.47,0.9545,1,1.485,0.9642,145,0
SPY190722C299,2019-07-19,2019-07-19 09:30:32,1.5,0.974,5,1.47,0.9545,30,1.47,0.9545,1,1.485,0.9642,145,0
SPY190722C299,2019-07-19,2019-07-19 09:30:33,1.5,0.974,5,1.47,0.9545,30,1.47,0.9545,1,1.485,0.9642,145,0
SPY190722C299,2019-07-19,2019-07-19 09:30:33,1.51,0.9805,76,1.47,0.9545,30,1.47,0.9545,1,1.49,0.9675,145,0
SPY190722C299,2019-07-19,2019-07-19 09:30:34,1.51,0.9805,43,1.5,0.974,30,1.47,0.9545,1,1.505,0.9772,145,0
SPY190722C299,2019-07-19,2019-07-19 09:30:34,1.53,0.9935,62,1.51,0.9805,20,1.47,0.9545,1,1.52,0.987,145,0
SPY190722C299,2019-07-19,2019-07-19 09:30:35,1.53,0.9935,5,1.5,0.974,24,1.47,0.9545,1,1.515,0.9837,145,0
SPY190722C299,2019-07-19,2019-07-19 09:30:35,1.52,0.987,100,1.49,0.9675,30,1.47,0.9545,1,1.505,0.9772,145,0
SPY190722C299,2019-07-19,2019-07-19 09:30:36,1.49,0.9675,15,1.44,0.935,5,1.49,0.9675,8,1.465,0.9512,153,8
SPY190722C299,2019-07-19,2019-07-19 09:30:37,1.5,0.974,5,1.47,0.9545,53,1.49,0.9675,8,1.485,0.9642,153,0
SPY190722C299,2019-07-19,2019-07-19 09:30:37,1.51,0.9805,110,1.47,0.9545,46,1.49,0.9675,8,1.49,0.9675,153,0
SPY190722C299,2019-07-19,2019-07-19 09:30:38,1.5,0.974,55,1.47,0.9545,146,1.49,0.9675,8,1.485,0.9642,153,0
SPY190722C299,2019-07-19,2019-07-19 09:30:38,1.5,0.974,5,1.47,0.9545,53,1.49,0.9675,8,1.485,0.9642,153,0
SPY190722C299,2019-07-19,2019-07-19 09:30:39,1.5,0.974,110,1.47,0.9545,172,1.49,0.9675,8,1.485,0.9642,153,0
SPY190722C299,2019-07-19,2019-07-19 09:30:40,1.5,0.974,110,1.47,0.9545,102,1.49,0.9675,8,1.485,0.9642,153,0
SPY190722C299,2019-07-19,2019-07-19 09:30:40,1.5,0.974,10,1.47,0.9545,102,1.49,0.9675,8,1.485,0.9642,153,0
SPY190722C299,2019-07-19,2019-07-19 09:30:41,1.5,0.974,5,1.47,0.9545,42,1.49,0.9675,8,1.485,0.9642,153,0
SPY190722C299,2019-07-19,2019-07-19 09:30:41,1.5,0.974,5,1.48,0.961,24,1.49,0.9675,8,1.49,0.9675,153,0
SPY190722C299,2019-07-19,2019-07-19 09:30:42,1.5,0.974,5,1.47,0.9545,79,1.49,0.9675,8,1.485,0.9642,153,0
SPY190722C299,2019-07-19,2019-07-19 09:30:43,1.5,0.974,46,1.48,0.961,20,1.49,0.9675,8,1.49,0.9675,153,0
SPY190722C299,2019-07-19,2019-07-19 09:30:43,1.5,0.974,5,1.48,0.961,20,1.49,0.9675,8,1.49,0.9675,153,0
SPY190722C299,2019-07-19,2019-07-19 09:30:44,1.51,0.9805,66,1.48,0.961,29,1.49,0.9675,8,1.495,0.9707,153,0
SPY190722C299,2019-07-19,2019-07-19 09:30:44,1.51,0.9805,66,1.49,0.9675,24,1.49,0.9675,8,1.5,0.974,153,0
SPY190722C299,2019-07-19,2019-07-19 09:30:45,1.51,0.9805,66,1.48,0.961,45,1.49,0.9675,8,1.495,0.9707,153,0
SPY190722C299,2019-07-19,2019-07-19 09:30:45,1.51,0.9805,100,1.49,0.9675,20,1.49,0.9675,8,1.5,0.974,153,0
SPY190722C299,2019-07-19,2019-07-19 09:30:46,1.51,0.9805,5,1.47,0.9545,65,1.49,0.9675,1,1.49,0.9675,196,35
SPY190722C299,2019-07-19,2019-07-19 09:30:46,1.5,0.974,5,1.49,0.9675,20,1.49,0.9675,8,1.495,0.9707,161,8
SPY190722C299,2019-07-19,2019-07-19 09:30:47,1.5,0.974,5,1.47,0.9545,161,1.49,0.9675,1,1.485,0.9642,196,0
SPY190722C299,2019-07-19,2019-07-19 09:30:48,1.5,0.974,5,1.47,0.9545,24,1.49,0.9675,1,1.485,0.9642,196,0
SPY190722C299,2019-07-19,2019-07-19 09:30:48,1.5,0.974,5,1.48,0.961,20,1.49,0.9675,1,1.49,0.9675,196,0
SPY190722C299,2019-07-19,2019-07-19 09:30:49,1.5,0.974,5,1.48,0.961,20,1.49,0.9675,1,1.49,0.9675,196,0
SPY190722C299,2019-07-19,2019-07-19 09:30:50,1.5,0.974,5,1.47,0.9545,12,1.49,0.9675,1,1.485,0.9642,196,0
SPY190722C299,2019-07-19,2019-07-19 09:30:51,1.51,0.9805,100,1.48,0.961,1,1.48,0.961,1,1.495,0.9707,197,1
SPY190722C299,2019-07-19,2019-07-19 09:30:51,1.49,0.9675,4,1.47,0.9545,24,1.48,0.961,1,1.48,0.961,197,0
SPY190722C299,2019-07-19,2019-07-19 09:30:52,1.49,0.9675,4,1.47,0.9545,30,1.49,0.9675,4,1.48,0.961,201,4
SPY190722C299,2019-07-19,2019-07-19 09:30:53,1.5,0.974,5,1.48,0.961,12,1.49,0.9675,4,1.49,0.9675,201,0
SPY190722C299,2019-07-19,2019-07-19 09:30:53,1.5,0.974,100,1.47,0.9545,12,1.49,0.9675,4,1.485,0.9642,201,0
SPY190722C299,2019-07-19,2019-07-19 09:30:54,1.5,0.974,39,1.48,0.961,20,1.49,0.9675,4,1.49,0.9675,201,0
SPY190722C299,2019-07-19,2019-07-19 09:30:55,1.5,0.974,6,1.47,0.9545,24,1.49,0.9675,4,1.485,0.9642,201,0
SPY190722C299,2019-07-19,2019-07-19 09:30:55,1.5,0.974,61,1.47,0.9545,24,1.49,0.9675,4,1.485,0.9642,201,0
SPY190722C299,2019-07-19,2019-07-19 09:30:56,1.5,0.974,110,1.48,0.961,1,1.49,0.9675,4,1.49,0.9675,201,0
SPY190722C299,2019-07-19,2019-07-19 09:30:56,1.5,0.974,100,1.48,0.961,1,1.49,0.9675,4,1.49,0.9675,201,0
SPY190722C299,2019-07-19,2019-07-19 09:30:57,1.49,0.9675,5,1.42,0.922,118,1.48,0.961,1,1.455,0.9448,202,1
SPY190722C299,2019-07-19,2019-07-19 09:30:58,1.48,0.961,5,1.46,0.948,20,1.47,0.9545,4,1.47,0.9545,206,4
SPY190722C299,2019-07-19,2019-07-19 09:30:58,1.49,0.9675,5,1.46,0.948,20,1.48,0.961,1,1.475,0.9577,202,0
SPY190722C299,2019-07-19,2019-07-19 09:30:59,1.48,0.961,20,1.44,0.935,20,1.47,0.9545,4,1.46,0.948,206,0
SPY190722C299,2019-07-19,2019-07-19 09:30:59,1.47,0.9545,5,1.44,0.935,46,1.47,0.9545,4,1.455,0.9448,206,0
SPY190722C299,2019-07-19,2019-07-19 09:31:00,1.47,0.9545,5,1.44,0.935,30,1.47,0.9545,4,1.455,0.9448,206,0
SPY190722C299,2019-07-19,2019-07-19 09:31:00,1.47,0.9545,5,1.44,0.935,40,1.47,0.9545,4,1.455,0.9448,206,0
SPY190722C299,2019-07-19,2019-07-19 09:31:01,1.47,0.9545,134,1.44,0.935,24,1.47,0.9545,4,1.455,0.9448,206,0
SPY190722C299,2019-07-19,2019-07-19 09:31:01,1.47,0.9545,96,1.44,0.935,24,1.47,0.9545,4,1.455,0.9448,206,0
SPY190722C299,2019-07-19,2019-07-19 09:31:02,1.47,0.9545,134,1.44,0.935,24,1.47,0.9545,4,1.455,0.9448,206,0
SPY190722C299,2019-07-19,2019-07-19 09:31:03,1.47,0.9545,134,1.44,0.935,24,1.47,0.9545,4,1.455,0.9448,206,0
SPY190722C299,2019-07-19,2019-07-19 09:31:03,1.47,0.9545,110,1.44,0.935,24,1.47,0.9545,4,1.455,0.9448,206,0
SPY190722C299,2019-07-19,2019-07-19 09:31:04,1.47,0.9545,96,1.44,0.935,24,1.47,0.9545,4,1.455,0.9448,206,0
SPY190722C299,2019-07-19,2019-07-19 09:31:05,1.47,0.9545,135,1.44,0.935,35,1.47,0.9545,4,1.455,0.9448,206,0
SPY190722C299,2019-07-19,2019-07-19 09:31:05,1.46,0.948,5,1.44,0.935,24,1.47,0.9545,4,1.45,0.9415,206,0
SPY190722C299,2019-07-19,2019-07-19 09:31:06,1.45,0.9415,5,1.39,0.9025,118,1.47,0.9545,4,1.42,0.922,206,0
SPY190722C299,2019-07-19,2019-07-19 09:31:06,1.46,0.948,5,1.44,0.935,24,1.47,0.9545,4,1.45,0.9415,206,0
SPY190722C299,2019-07-19,2019-07-19 09:31:07,1.45,0.9415,120,1.4,0.909,52,1.47,0.9545,4,1.425,0.9253,206,0
SPY190722C299,2019-07-19,2019-07-19 09:31:08,1.45,0.9415,1,1.4,0.909,186,1.47,0.9545,4,1.425,0.9253,206,0
SPY190722C299,2019-07-19,2019-07-19 09:31:08,1.44,0.935,5,1.41,0.9155,30,1.47,0.9545,4,1.425,0.9253,206,0
SPY190722C299,2019-07-19,2019-07-19 09:31:09,1.45,0.9415,139,1.42,0.922,20,1.47,0.9545,4,1.435,0.9318,206,0
SPY190722C299,2019-07-19,2019-07-19 09:31:10,1.45,0.9415,1,1.42,0.922,30,1.47,0.9545,4,1.435,0.9318,206,0
SPY190722C299,2019-07-19,2019-07-19 09:31:10,1.45,0.9415,5,1.41,0.9155,20,1.47,0.9545,4,1.43,0.9285,206,0
SPY190722C299,2019-07-19,2019-07-19 09:31:11,1.44,0.935,99,1.41,0.9155,24,1.47,0.9545,4,1.425,0.9253,206,0
SPY190722C299,2019-07-19,2019-07-19 09:31:11,1.45,0.9415,1,1.42,0.922,30,1.47,0.9545,4,1.435,0.9318,206,0
SPY190722C299,2019-07-19,2019-07-19 09:31:12,1.43,0.9285,63,1.41,0.9155,24,1.41,0.9155,1,1.42,0.922,207,0
SPY190722C299,2019-07-19,2019-07-19 09:31:12,1.44,0.935,99,1.41,0.9155,24,1.41,0.9155,1,1.425,0.9253,207,1
SPY190722C299,2019-07-19,2019-07-19 09:31:13,1.43,0.9285,9,1.41,0.9155,30,1.41,0.9155,1,1.42,0.922,207,0
SPY190722C299,2019-07-19,2019-07-19 09:31:14,1.43,0.9285,9,1.41,0.9155,30,1.41,0.9155,1,1.42,0.922,207,0
SPY190722C299,2019-07-19,2019-07-19 09:31:14,1.43,0.9285,9,1.41,0.9155,45,1.41,0.9155,1,1.42,0.922,207,0
SPY190722C299,2019-07-19,2019-07-19 09:31:15,1.44,0.935,3,1.42,0.922,35,1.43,0.9285,1,1.43,0.9285,221,1
SPY190722C299,2019-07-19,2019-07-19 09:31:15,1.43,0.9285,9,1.42,0.922,24,1.43,0.9285,1,1.425,0.9253,220,13
SPY190722C299,2019-07-19,2019-07-19 09:31:16,1.44,0.935,3,1.42,0.922,20,1.43,0.9285,2,1.43,0.9285,223,2
SPY190722C299,2019-07-19,2019-07-19 09:31:16,1.44,0.935,5,1.42,0.922,35,1.43,0.9285,1,1.43,0.9285,221,0
SPY190722C299,2019-07-19,2019-07-19 09:31:17,1.44,0.935,3,1.42,0.922,36,1.43,0.9285,2,1.43,0.9285,223,0
SPY190722C299,2019-07-19,2019-07-19 09:31:17,1.44,0.935,3,1.42,0.922,36,1.42,0.922,1,1.43,0.9285,224,1
SPY190722C299,2019-07-19,2019-07-19 09:31:18,1.44,0.935,3,1.42,0.922,36,1.42,0.922,1,1.43,0.9285,224,0
SPY190722C299,2019-07-19,2019-07-19 09:31:19,1.43,0.9285,1,1.42,0.922,36,1.42,0.922,1,1.425,0.9253,224,0
SPY190722C299,2019-07-19,2019-07-19 09:31:19,1.43,0.9285,1,1.42,0.922,36,1.43,0.9285,1,1.425,0.9253,225,1
SPY190722C299,2019-07-19,2019-07-19 09:31:20,1.43,0.9285,1,1.42,0.922,36,1.43,0.9285,1,1.425,0.9253,225,0
SPY190722C299,2019-07-19,2019-07-19 09:31:21,1.43,0.9285,1,1.42,0.922,30,1.43,0.9285,1,1.425,0.9253,225,0
SPY190722C299,2019-07-19,2019-07-19 09:31:22,1.44,0.935,3,1.42,0.922,37,1.43,0.9285,1,1.43,0.9285,226,0
SPY190722C299,2019-07-19,2019-07-19 09:31:22,1.44,0.935,3,1.42,0.922,73,1.43,0.9285,1,1.43,0.9285,226,1
SPY190722C299,2019-07-19,2019-07-19 09:31:23,1.44,0.935,3,1.42,0.922,34,1.43,0.9285,1,1.43,0.9285,226,0
SPY190722C299,2019-07-19,2019-07-19 09:31:23,1.44,0.935,3,1.42,0.922,30,1.43,0.9285,1,1.43,0.9285,226,0
SPY190722C299,2019-07-19,2019-07-19 09:31:24,1.44,0.935,3,1.41,0.9155,20,1.43,0.9285,1,1.425,0.9253,226,0
SPY190722C299,2019-07-19,2019-07-19 09:31:25,1.44,0.935,3,1.41,0.9155,34,1.43,0.9285,1,1.425,0.9253,226,0
SPY190722C299,2019-07-19,2019-07-19 09:31:26,1.44,0.935,3,1.41,0.9155,34,1.43,0.9285,1,1.425,0.9253,226,0
SPY190722C299,2019-07-19,2019-07-19 09:31:26,1.44,0.935,3,1.41,0.9155,30,1.43,0.9285,1,1.425,0.9253,226,0
SPY190722C299,2019-07-19,2019-07-19 09:31:27,1.43,0.9285,43,1.42,0.922,22,1.43,0.9285,1,1.425,0.9253,226,0
SPY190722C299,2019-07-19,2019-07-19 09:31:28,1.43,0.9285,1,1.42,0.922,105,1.43,0.9285,3,1.425,0.9253,229,0
SPY190722C299,2019-07-19,2019-07-19 09:31:28,1.43,0.9285,43,1.42,0.922,37,1.43,0.9285,3,1.425,0.9253,229,3
SPY190722C299,2019-07-19,2019-07-19 09:31:29,1.43,0.9285,1,1.42,0.922,21,1.43,0.9285,3,1.425,0.9253,229,0
SPY190722C299,2019-07-19,2019-07-19 09:31:30,1.43,0.9285,1,1.42,0.922,31,1.43,0.9285,3,1.425,0.9253,229,0
SPY190722C299,2019-07-19,2019-07-19 09:31:30,1.43,0.9285,1,1.42,0.922,20,1.43,0.9285,3,1.425,0.9253,229,0
SPY190722C299,2019-07-19,2019-07-19 09:31:31,1.43,0.9285,1,1.42,0.922,20,1.43,0.9285,3,1.425,0.9253,229,0
SPY190722C299,2019-07-19,2019-07-19 09:31:32,1.43,0.9285,1,1.42,0.922,20,1.43,0.9285,3,1.425,0.9253,229,0
SPY190722C299,2019-07-19,2019-07-19 09:31:33,1.43,0.9285,57,1.41,0.9155,20,1.43,0.9285,3,1.42,0.922,229,0
SPY190722C299,2019-07-19,2019-07-19 09:31:33,1.43,0.9285,1,1.42,0.922,30,1.43,0.9285,3,1.425,0.9253,229,0
SPY190722C299,2019-07-19,2019-07-19 09:31:34,1.43,0.9285,2,1.41,0.9155,137,1.43,0.9285,3,1.42,0.922,229,0
SPY190722C299,2019-07-19,2019-07-19 09:31:35,1.45,0.9415,150,1.42,0.922,24,1.43,0.9285,1,1.435,0.9318,232,3
SPY190722C299,2019-07-19,2019-07-19 09:31:35,1.45,0.9415,75,1.4,0.909,179,1.42,0.922,24,1.425,0.9253,256,24
SPY190722C299,2019-07-19,2019-07-19 09:31:36,1.43,0.9285,72,1.4,0.909,179,1.42,0.922,24,1.415,0.9188,256,0
SPY190722C299,2019-07-19,2019-07-19 09:31:36,1.45,0.9415,100,1.41,0.9155,100,1.42,0.922,24,1.43,0.9285,256,0
SPY190722C299,2019-07-19,2019-07-19 09:31:37,1.45,0.9415,185,1.41,0.9155,58,1.42,0.922,24,1.43,0.9285,256,0
SPY190722C299,2019-07-19,2019-07-19 09:31:37,1.45,0.9415,160,1.42,0.922,20,1.42,0.922,24,1.435,0.9318,256,0
SPY190722C299,2019-07-19,2019-07-19 09:31:38,1.45,0.9415,185,1.4,0.909,232,1.42,0.922,24,1.425,0.9253,256,0
SPY190722C299,2019-07-19,2019-07-19 09:31:39,1.42,0.922,1,1.4,0.909,148,1.42,0.922,24,1.41,0.9155,256,0
SPY190722C299,2019-07-19,2019-07-19 09:31:39,1.42,0.922,1,1.4,0.909,148,1.4,0.909,16,1.41,0.9155,272,16
SPY190722C299,2019-07-19,2019-07-19 09:31:40,1.42,0.922,1,1.41,0.9155,1,1.4,0.909,16,1.415,0.9188,272,0
SPY190722C299,2019-07-19,2019-07-19 09:31:40,1.42,0.922,1,1.41,0.9155,10,1.4,0.909,16,1.415,0.9188,272,0
SPY190722C299,2019-07-19,2019-07-19 09:31:41,1.42,0.922,1,1.4,0.909,168,1.4,0.909,16,1.41,0.9155,272,0
SPY190722C299,2019-07-19,2019-07-19 09:31:42,1.45,0.9415,150,1.42,0.922,30,1.42,0.922,1,1.435,0.9318,274,2
SPY190722C299,2019-07-19,2019-07-19 09:31:42,1.42,0.922,1,1.41,0.9155,10,1.42,0.922,12,1.415,0.9188,286,12
SPY190722C299,2019-07-19,2019-07-19 09:31:43,1.42,0.922,1,1.4,0.909,110,1.42,0.922,12,1.41,0.9155,286,0
SPY190722C299,2019-07-19,2019-07-19 09:31:44,1.42,0.922,1,1.41,0.9155,10,1.42,0.922,12,1.415,0.9188,286,0
SPY190722C299,2019-07-19,2019-07-19 09:31:44,1.42,0.922,1,1.4,0.909,110,1.42,0.922,12,1.41,0.9155,286,0
SPY190722C299,2019-07-19,2019-07-19 09:31:45,1.42,0.922,1,1.4,0.909,120,1.42,0.922,12,1.41,0.9155,286,0
SPY190722C299,2019-07-19,2019-07-19 09:31:45,1.42,0.922,1,1.4,0.909,30,1.42,0.922,12,1.41,0.9155,286,0
SPY190722C299,2019-07-19,2019-07-19 09:31:46,1.42,0.922,1,1.4,0.909,30,1.42,0.922,12,1.41,0.9155,286,0
SPY190722C299,2019-07-19,2019-07-19 09:31:47,1.42,0.922,1,1.4,0.909,30,1.42,0.922,12,1.41,0.9155,286,0
SPY190722C299,2019-07-19,2019-07-19 09:31:48,1.43,0.9285,79,1.4,0.909,30,1.42,0.922,12,1.415,0.9188,286,0
SPY190722C299,2019-07-19,2019-07-19 09:31:48,1.43,0.9285,100,1.4,0.909,30,1.42,0.922,12,1.415,0.9188,286,0
SPY190722C299,2019-07-19,2019-07-19 09:31:49,1.43,0.9285,100,1.4,0.909,30,1.42,0.922,12,1.415,0.9188,286,0
SPY190722C299,2019-07-19,2019-07-19 09:31:50,1.43,0.9285,100,1.4,0.909,30,1.42,0.922,12,1.415,0.9188,286,0
SPY190722C299,2019-07-19,2019-07-19 09:31:51,1.42,0.922,2,1.4,0.909,36,1.42,0.922,12,1.41,0.9155,286,0
SPY190722C299,2019-07-19,2019-07-19 09:31:51,1.43,0.9285,100,1.4,0.909,30,1.42,0.922,12,1.415,0.9188,286,0
SPY190722C299,2019-07-19,2019-07-19 09:31:52,1.42,0.922,2,1.4,0.909,47,1.42,0.922,12,1.41,0.9155,286,0
SPY190722C299,2019-07-19,2019-07-19 09:31:52,1.42,0.922,1,1.4,0.909,30,1.42,0.922,12,1.41,0.9155,286,0
SPY190722C299,2019-07-19,2019-07-19 09:31:53,1.42,0.922,1,1.4,0.909,30,1.42,0.922,12,1.41,0.9155,286,0
SPY190722C299,2019-07-19,2019-07-19 09:31:54,1.42,0.922,1,1.4,0.909,36,1.42,0.922,12,1.41,0.9155,286,0
SPY190722C299,2019-07-19,2019-07-19 09:31:55,1.42,0.922,1,1.4,0.909,36,1.42,0.922,12,1.41,0.9155,286,0
SPY190722C299,2019-07-19,2019-07-19 09:31:55,1.41,0.9155,5,1.38,0.8961,48,1.42,0.922,12,1.395,0.9058,286,0
SPY190722C299,2019-07-19,2019-07-19 09:31:56,1.41,0.9155,5,1.39,0.9025,20,1.42,0.922,12,1.4,0.909,286,0
SPY190722C299,2019-07-19,2019-07-19 09:31:56,1.42,0.922,33,1.39,0.9025,179,1.42,0.922,12,1.405,0.9123,286,0
SPY190722C299,2019-07-19,2019-07-19 09:31:57,1.42,0.922,1,1.4,0.909,50,1.42,0.922,12,1.41,0.9155,286,0
SPY190722C299,2019-07-19,2019-07-19 09:31:57,1.42,0.922,1,1.4,0.909,36,1.42,0.922,12,1.41,0.9155,286,0
SPY190722C299,2019-07-19,2019-07-19 09:31:58,1.42,0.922,1,1.41,0.9155,28,1.4,0.909,1,1.415,0.9188,287,0
SPY190722C299,2019-07-19,2019-07-19 09:31:58,1.42,0.922,2,1.41,0.9155,23,1.4,0.909,1,1.415,0.9188,287,1
SPY190722C299,2019-07-19,2019-07-19 09:31:59,1.42,0.922,1,1.41,0.9155,23,1.4,0.909,1,1.415,0.9188,287,0
SPY190722C299,2019-07-19,2019-07-19 09:32:00,1.42,0.922,23,1.4,0.909,56,1.4,0.909,1,1.41,0.9155,287,0
SPY190722C299,2019-07-19,2019-07-19 09:32:00,1.42,0.922,23,1.41,0.9155,11,1.4,0.909,1,1.415,0.9188,287,0
SPY190722C299,2019-07-19,2019-07-19 09:32:01,1.4,0.909,12,1.39,0.9025,16,1.4,0.909,1,1.395,0.9058,287,0
SPY190722C299,2019-07-19,2019-07-19 09:32:01,1.42,0.922,23,1.38,0.8961,38,1.4,0.909,1,1.4,0.909,287,0
SPY190722C299,2019-07-19,2019-07-19 09:32:02,1.41,0.9155,112,1.39,0.9025,23,1.4,0.909,1,1.4,0.909,287,0
SPY190722C299,2019-07-19,2019-07-19 09:32:02,1.41,0.9155,112,1.38,0.8961,67,1.4,0.909,1,1.395,0.9058,287,0
SPY190722C299,2019-07-19,2019-07-19 09:32:03,1.41,0.9155,122,1.39,0.9025,23,1.4,0.909,1,1.4,0.909,287,0
SPY190722C299,2019-07-19,2019-07-19 09:32:04,1.41,0.9155,122,1.38,0.8961,54,1.4,0.909,1,1.395,0.9058,287,0
SPY190722C299,2019-07-19,2019-07-19 09:32:04,1.41,0.9155,119,1.38,0.8961,54,1.4,0.909,1,1.395,0.9058,287,0
SPY190722C299,2019-07-19,2019-07-19 09:32:05,1.4,0.909,29,1.38,0.8961,55,1.4,0.909,1,1.39,0.9025,287,0
SPY190722C299,2019-07-19,2019-07-19 09:32:05,1.4,0.909,103,1.38,0.8961,23,1.4,0.909,1,1.39,0.9025,287,0
SPY190722C299,2019-07-19,2019-07-19 09:32:06,1.39,0.9025,58,1.37,0.8896,55,1.4,0.909,1,1.38,0.8961,287,0
SPY190722C299,2019-07-19,2019-07-19 09:32:07,1.39,0.9025,76,1.37,0.8896,43,1.38,0.8961,90,1.38,0.8961,377,90
SPY190722C299,2019-07-19,2019-07-19 09:32:07,1.38,0.8961,1,1.37,0.8896,60,1.38,0.8961,90,1.375,0.8928,377,0
SPY190722C299,2019-07-19,2019-07-19 09:32:08,1.39,0.9025,58,1.37,0.8896,59,1.38,0.8961,90,1.38,0.8961,377,0
SPY190722C299,2019-07-19,2019-07-19 09:32:09,1.37,0.8896,24,1.35,0.8766,24,1.38,0.8961,90,1.36,0.8831,377,0
SPY190722C299,2019-07-19,2019-07-19 09:32:09,1.38,0.8961,211,1.35,0.8766,31,1.38,0.8961,90,1.365,0.8863,377,0
SPY190722C299,2019-07-19,2019-07-19 09:32:10,1.37,0.8896,123,1.33,0.8636,40,1.38,0.8961,90,1.35,0.8766,377,0
SPY190722C299,2019-07-19,2019-07-19 09:32:11,1.36,0.8831,23,1.35,0.8766,11,1.38,0.8961,90,1.355,0.8798,377,0
SPY190722C299,2019-07-19,2019-07-19 09:32:11,1.36,0.8831,23,1.34,0.8701,111,1.38,0.8961,90,1.35,0.8766,377,0
SPY190722C299,2019-07-19,2019-07-19 09:32:12,1.36,0.8831,197,1.34,0.8701,30,1.38,0.8961,90,1.35,0.8766,377,0
SPY190722C299,2019-07-19,2019-07-19 09:32:12,1.36,0.8831,197,1.33,0.8636,55,1.38,0.8961,90,1.345,0.8733,377,0
SPY190722C299,2019-07-19,2019-07-19 09:32:13,1.35,0.8766,23,1.33,0.8636,66,1.38,0.8961,90,1.34,0.8701,377,0
SPY190722C299,2019-07-19,2019-07-19 09:32:13,1.35,0.8766,23,1.33,0.8636,68,1.38,0.8961,90,1.34,0.8701,377,0
SPY190722C299,2019-07-19,2019-07-19 09:32:14,1.34,0.8701,1,1.33,0.8636,84,1.38,0.8961,90,1.335,0.8668,377,0
SPY190722C299,2019-07-19,2019-07-19 09:32:15,1.34,0.8701,1,1.33,0.8636,84,1.38,0.8961,90,1.335,0.8668,377,0
SPY190722C299,2019-07-19,2019-07-19 09:32:15,1.35,0.8766,49,1.33,0.8636,84,1.38,0.8961,90,1.34,0.8701,377,0
SPY190722C299,2019-07-19,2019-07-19 09:32:16,1.35,0.8766,23,1.34,0.8701,1,1.34,0.8701,1,1.345,0.8733,378,1
SPY190722C299,2019-07-19,2019-07-19 09:32:16,1.36,0.8831,123,1.33,0.8636,65,1.34,0.8701,1,1.345,0.8733,378,0
SPY190722C299,2019-07-19,2019-07-19 09:32:17,1.36,0.8831,133,1.33,0.8636,63,1.34,0.8701,1,1.345,0.8733,378,0
SPY190722C299,2019-07-19,2019-07-19 09:32:18,1.34,0.8701,22,1.33,0.8636,65,1.34,0.8701,1,1.335,0.8668,378,0
SPY190722C299,2019-07-19,2019-07-19 09:32:18,1.34,0.8701,1,1.33,0.8636,65,1.34,0.8701,1,1.335,0.8668,378,0
SPY190722C299,2019-07-19,2019-07-19 09:32:19,1.35,0.8766,102,1.33,0.8636,66,1.34,0.8701,1,1.34,0.8701,378,0
SPY190722C299,2019-07-19,2019-07-19 09:32:19,1.35,0.8766,109,1.33,0.8636,76,1.34,0.8701,1,1.34,0.8701,378,0
SPY190722C299,2019-07-19,2019-07-19 09:32:20,1.35,0.8766,92,1.33,0.8636,62,1.34,0.8701,1,1.34,0.8701,378,0
SPY190722C299,2019-07-19,2019-07-19 09:32:20,1.35,0.8766,92,1.33,0.8636,58,1.34,0.8701,1,1.34,0.8701,378,0
SPY190722C299,2019-07-19,2019-07-19 09:32:21,1.35,0.8766,92,1.33,0.8636,58,1.34,0.8701,1,1.34,0.8701,378,0
SPY190722C299,2019-07-19,2019-07-19 09:32:22,1.33,0.8636,123,1.31,0.8506,163,1.34,0.8701,1,1.32,0.8571,378,0
SPY190722C299,2019-07-19,2019-07-19 09:32:22,1.34,0.8701,123,1.31,0.8506,123,1.34,0.8701,1,1.325,0.8603,378,0
SPY190722C299,2019-07-19,2019-07-19 09:32:23,1.33,0.8636,88,1.32,0.8571,10,1.34,0.8701,1,1.325,0.8603,378,0
SPY190722C299,2019-07-19,2019-07-19 09:32:23,1.33,0.8636,88,1.32,0.8571,30,1.34,0.8701,1,1.325,0.8603,378,0
SPY190722C299,2019-07-19,2019-07-19 09:32:24,1.33,0.8636,76,1.32,0.8571,30,1.34,0.8701,1,1.325,0.8603,378,0
SPY190722C299,2019-07-19,2019-07-19 09:32:25,1.33,0.8636,72,1.31,0.8506,153,1.34,0.8701,1,1.32,0.8571,378,0
SPY190722C299,2019-07-19,2019-07-19 09:32:25,1.33,0.8636,70,1.31,0.8506,153,1.34,0.8701,1,1.32,0.8571,378,0
SPY190722C299,2019-07-19,2019-07-19 09:32:26,1.35,0.8766,47,1.32,0.8571,142,1.33,0.8636,1,1.335,0.8668,379,1
SPY190722C299,2019-07-19,2019-07-19 09:32:26,1.33,0.8636,71,1.32,0.8571,10,1.34,0.8701,1,1.325,0.8603,378,0
SPY190722C299,2019-07-19,2019-07-19 09:32:27,1.34,0.8701,85,1.32,0.8571,7,1.33,0.8636,1,1.33,0.8636,393,14
SPY190722C299,2019-07-19,2019-07-19 09:32:27,1.34,0.8701,23,1.32,0.8571,142,1.33,0.8636,1,1.33,0.8636,379,0
SPY190722C299,2019-07-19,2019-07-19 09:32:28,1.33,0.8636,23,1.33,0.8636,23,1.33,0.8636,1,1.33,0.8636,393,0
SPY190722C299,2019-07-19,2019-07-19 09:32:28,1.35,0.8766,100,1.33,0.8636,23,1.33,0.8636,22,1.34,0.8701,415,22
SPY190722C299,2019-07-19,2019-07-19 09:32:29,1.35,0.8766,56,1.32,0.8571,48,1.33,0.8636,22,1.335,0.8668,415,0
SPY190722C299,2019-07-19,2019-07-19 09:32:30,1.34,0.8701,7,1.32,0.8571,40,1.33,0.8636,22,1.33,0.8636,415,0
SPY190722C299,2019-07-19,2019-07-19 09:32:30,1.34,0.8701,102,1.32,0.8571,29,1.33,0.8636,22,1.33,0.8636,415,0
SPY190722C299,2019-07-19,2019-07-19 09:32:31,1.33,0.8636,23,1.32,0.8571,59,1.33,0.8636,22,1.325,0.8603,415,0
SPY190722C299,2019-07-19,2019-07-19 09:32:32,1.33,0.8636,24,1.32,0.8571,59,1.33,0.8636,22,1.325,0.8603,415,0
SPY190722C299,2019-07-19,2019-07-19 09:32:33,1.33,0.8636,23,1.32,0.8571,58,1.33,0.8636,22,1.325,0.8603,415,0
SPY190722C299,2019-07-19,2019-07-19 09:32:33,1.33,0.8636,29,1.32,0.8571,58,1.33,0.8636,22,1.325,0.8603,415,0
SPY190722C299,2019-07-19,2019-07-19 09:32:34,1.33,0.8636,1,1.32,0.8571,116,1.33,0.8636,1,1.325,0.8603,416,1
SPY190722C299,2019-07-19,2019-07-19 09:32:35,1.34,0.8701,51,1.33,0.8636,64,1.33,0.8636,1,1.335,0.8668,416,0
SPY190722C299,2019-07-19,2019-07-19 09:32:35,1.34,0.8701,51,1.33,0.8636,40,1.33,0.8636,1,1.335,0.8668,416,0
SPY190722C299,2019-07-19,2019-07-19 09:32:36,1.34,0.8701,51,1.33,0.8636,91,1.33,0.8636,1,1.335,0.8668,416,0
SPY190722C299,2019-07-19,2019-07-19 09:32:36,1.34,0.8701,51,1.33,0.8636,58,1.33,0.8636,1,1.335,0.8668,416,0
SPY190722C299,2019-07-19,2019-07-19 09:32:37,1.34,0.8701,51,1.33,0.8636,113,1.33,0.8636,1,1.335,0.8668,416,0
SPY190722C299,2019-07-19,2019-07-19 09:32:37,1.34,0.8701,51,1.33,0.8636,135,1.33,0.8636,1,1.335,0.8668,416,0
SPY190722C299,2019-07-19,2019-07-19 09:32:38,1.34,0.8701,51,1.33,0.8636,97,1.33,0.8636,1,1.335,0.8668,416,0
SPY190722C299,2019-07-19,2019-07-19 09:32:39,1.35,0.8766,56,1.33,0.8636,146,1.34,0.8701,50,1.34,0.8701,468,52
SPY190722C299,2019-07-19,2019-07-19 09:32:39,1.35,0.8766,56,1.33,0.8636,163,1.34,0.8701,50,1.34,0.8701,468,0
SPY190722C299,2019-07-19,2019-07-19 09:32:40,1.35,0.8766,30,1.33,0.8636,163,1.34,0.8701,50,1.34,0.8701,468,0
SPY190722C299,2019-07-19,2019-07-19 09:32:40,1.34,0.8701,1,1.33,0.8636,63,1.34,0.8701,50,1.335,0.8668,468,0
SPY190722C299,2019-07-19,2019-07-19 09:32:41,1.36,0.8831,1,1.34,0.8701,64,1.34,0.8701,50,1.35,0.8766,468,0
SPY190722C299,2019-07-19,2019-07-19 09:32:41,1.35,0.8766,65,1.33,0.8636,63,1.34,0.8701,50,1.34,0.8701,468,0
SPY190722C299,2019-07-19,2019-07-19 09:32:42,1.36,0.8831,29,1.35,0.8766,30,1.34,0.8701,50,1.355,0.8798,468,0
SPY190722C299,2019-07-19,2019-07-19 09:32:43,1.36,0.8831,29,1.34,0.8701,87,1.34,0.8701,50,1.35,0.8766,468,0
SPY190722C299,2019-07-19,2019-07-19 09:32:43,1.35,0.8766,23,1.33,0.8636,112,1.34,0.8701,50,1.34,0.8701,468,0
SPY190722C299,2019-07-19,2019-07-19 09:32:44,1.35,0.8766,84,1.33,0.8636,50,1.34,0.8701,50,1.34,0.8701,468,0
SPY190722C299,2019-07-19,2019-07-19 09:32:44,1.35,0.8766,84,1.32,0.8571,238,1.34,0.8701,50,1.335,0.8668,468,0
SPY190722C299,2019-07-19,2019-07-19 09:32:45,1.35,0.8766,84,1.31,0.8506,123,1.34,0.8701,50,1.33,0.8636,468,0
SPY190722C299,2019-07-19,2019-07-19 09:32:46,1.32,0.8571,1,1.31,0.8506,123,1.34,0.8701,50,1.315,0.8538,468,0
SPY190722C299,2019-07-19,2019-07-19 09:32:47,1.33,0.8636,26,1.31,0.8506,123,1.32,0.8571,1,1.32,0.8571,469,1
SPY190722C299,2019-07-19,2019-07-19 09:32:48,1.34,0.8701,23,1.32,0.8571,152,1.32,0.8571,1,1.33,0.8636,469,0
SPY190722C299,2019-07-19,2019-07-19 09:32:48,1.34,0.8701,112,1.31,0.8506,56,1.32,0.8571,1,1.325,0.8603,469,0
SPY190722C299,2019-07-19,2019-07-19 09:32:49,1.34,0.8701,27,1.32,0.8571,33,1.32,0.8571,1,1.33,0.8636,469,0
SPY190722C299,2019-07-19,2019-07-19 09:32:49,1.33,0.8636,26,1.31,0.8506,153,1.32,0.8571,1,1.32,0.8571,469,0
SPY190722C299,2019-07-19,2019-07-19 09:32:50,1.35,0.8766,9,1.33,0.8636,53,1.32,0.8571,1,1.34,0.8701,469,0
SPY190722C299,2019-07-19,2019-07-19 09:32:50,1.34,0.8701,7,1.33,0.8636,53,1.32,0.8571,1,1.335,0.8668,469,0
SPY190722C299,2019-07-19,2019-07-19 09:32:51,1.35,0.8766,123,1.33,0.8636,39,1.34,0.8701,2,1.34,0.8701,471,2
SPY190722C299,2019-07-19,2019-07-19 09:32:51,1.34,0.8701,1,1.33,0.8636,52,1.32,0.8571,1,1.335,0.8668,469,0
SPY190722C299,2019-07-19,2019-07-19 09:32:52,1.34,0.8701,99,1.32,0.8571,58,1.34,0.8701,2,1.33,0.8636,471,0
SPY190722C299,2019-07-19,2019-07-19 09:32:53,1.35,0.8766,105,1.33,0.8636,150,1.34,0.8701,2,1.34,0.8701,471,0
SPY190722C299,2019-07-19,2019-07-19 09:32:53,1.33,0.8636,7,1.32,0.8571,48,1.34,0.8701,2,1.325,0.8603,471,0
SPY190722C299,2019-07-19,2019-07-19 09:32:54,1.35,0.8766,95,1.33,0.8636,150,1.34,0.8701,2,1.34,0.8701,471,0
SPY190722C299,2019-07-19,2019-07-19 09:32:54,1.35,0.8766,95,1.33,0.8636,160,1.34,0.8701,2,1.34,0.8701,471,0
SPY190722C299,2019-07-19,2019-07-19 09:32:55,1.34,0.8701,26,1.32,0.8571,59,1.34,0.8701,2,1.33,0.8636,471,0
SPY190722C299,2019-07-19,2019-07-19 09:32:55,1.35,0.8766,95,1.33,0.8636,160,1.34,0.8701,2,1.34,0.8701,471,0
SPY190722C299,2019-07-19,2019-07-19 09:32:56,1.34,0.8701,123,1.31,0.8506,88,1.33,0.8636,15,1.325,0.8603,530,59
SPY190722C299,2019-07-19,2019-07-19 09:32:57,1.33,0.8636,85,1.31,0.8506,89,1.33,0.8636,15,1.32,0.8571,530,0
SPY190722C299,2019-07-19,2019-07-19 09:32:57,1.34,0.8701,123,1.32,0.8571,30,1.33,0.8636,15,1.33,0.8636,530,0
SPY190722C299,2019-07-19,2019-07-19 09:32:58,1.32,0.8571,1,1.31,0.8506,275,1.33,0.8636,15,1.315,0.8538,530,0
SPY190722C299,2019-07-19,2019-07-19 09:32:58,1.32,0.8571,1,1.31,0.8506,145,1.33,0.8636,15,1.315,0.8538,530,0
SPY190722C299,2019-07-19,2019-07-19 09:32:59,1.33,0.8636,6,1.31,0.8506,275,1.33,0.8636,15,1.32,0.8571,530,0
SPY190722C299,2019-07-19,2019-07-19 09:33:00,1.33,0.8636,26,1.31,0.8506,275,1.33,0.8636,15,1.32,0.8571,530,0
SPY190722C299,2019-07-19,2019-07-19 09:33:00,1.34,0.8701,88,1.32,0.8571,60,1.33,0.8636,15,1.33,0.8636,530,0
SPY190722C299,2019-07-19,2019-07-19 09:33:01,1.34,0.8701,88,1.32,0.8571,59,1.32,0.8571,2,1.33,0.8636,532,2
SPY190722C299,2019-07-19,2019-07-19 09:33:02,1.34,0.8701,23,1.32,0.8571,69,1.32,0.8571,2,1.33,0.8636,532,0
SPY190722C299,2019-07-19,2019-07-19 09:33:02,1.34,0.8701,29,1.32,0.8571,69,1.32,0.8571,2,1.33,0.8636,532,0
SPY190722C299,2019-07-19,2019-07-19 09:33:03,1.34,0.8701,23,1.33,0.8636,69,1.32,0.8571,2,1.335,0.8668,532,0
SPY190722C299,2019-07-19,2019-07-19 09:33:03,1.34,0.8701,1,1.33,0.8636,70,1.32,0.8571,2,1.335,0.8668,532,0
SPY190722C299,2019-07-19,2019-07-19 09:33:04,1.35,0.8766,6,1.33,0.8636,82,1.32,0.8571,2,1.34,0.8701,532,0
SPY190722C299,2019-07-19,2019-07-19 09:33:04,1.35,0.8766,6,1.33,0.8636,59,1.32,0.8571,2,1.34,0.8701,532,0
SPY190722C299,2019-07-19,2019-07-19 09:33:05,1.36,0.8831,23,1.34,0.8701,153,1.32,0.8571,2,1.35,0.8766,532,0
SPY190722C299,2019-07-19,2019-07-19 09:33:05,1.35,0.8766,20,1.34,0.8701,23,1.32,0.8571,2,1.345,0.8733,532,0
SPY190722C299,2019-07-19,2019-07-19 09:33:06,1.37,0.8896,129,1.34,0.8701,57,1.32,0.8571,2,1.355,0.8798,532,0
SPY190722C299,2019-07-19,2019-07-19 09:33:07,1.36,0.8831,26,1.35,0.8766,37,1.32,0.8571,2,1.355,0.8798,532,0
SPY190722C299,2019-07-19,2019-07-19 09:33:07,1.36,0.8831,26,1.35,0.8766,41,1.32,0.8571,2,1.355,0.8798,532,0
SPY190722C299,2019-07-19,2019-07-19 09:33:08,1.35,0.8766,21,1.33,0.8636,100,1.32,0.8571,2,1.34,0.8701,532,0
SPY190722C299,2019-07-19,2019-07-19 09:33:08,1.36,0.8831,7,1.35,0.8766,41,1.32,0.8571,2,1.355,0.8798,532,0
SPY190722C299,2019-07-19,2019-07-19 09:33:09,1.37,0.8896,129,1.35,0.8766,23,1.32,0.8571,2,1.36,0.8831,532,0
SPY190722C299,2019-07-19,2019-07-19 09:33:09,1.37,0.8896,204,1.35,0.8766,23,1.32,0.8571,2,1.36,0.8831,532,0
SPY190722C299,2019-07-19,2019-07-19 09:33:10,1.36,0.8831,7,1.35,0.8766,26,1.32,0.8571,2,1.355,0.8798,532,0
SPY190722C299,2019-07-19,2019-07-19 09:33:11,1.36,0.8831,23,1.35,0.8766,43,1.32,0.8571,2,1.355,0.8798,532,0
SPY190722C299,2019-07-19,2019-07-19 09:33:11,1.36,0.8831,23,1.35,0.8766,25,1.32,0.8571,2,1.355,0.8798,532,0
SPY190722C299,2019-07-19,2019-07-19 09:33:12,1.37,0.8896,133,1.35,0.8766,25,1.32,0.8571,2,1.36,0.8831,532,0
SPY190722C299,2019-07-19,2019-07-19 09:33:12,1.36,0.8831,7,1.35,0.8766,23,1.32,0.8571,2,1.355,0.8798,532,0
SPY190722C299,2019-07-19,2019-07-19 09:33:13,1.36,0.8831,7,1.34,0.8701,149,1.32,0.8571,2,1.35,0.8766,532,0
SPY190722C299,2019-07-19,2019-07-19 09:33:13,1.35,0.8766,56,1.33,0.8636,6,1.32,0.8571,2,1.34,0.8701,532,0
SPY190722C299,2019-07-19,2019-07-19 09:33:14,1.35,0.8766,104,1.33,0.8636,43,1.32,0.8571,2,1.34,0.8701,532,0
SPY190722C299,2019-07-19,2019-07-19 09:33:15,1.34,0.8701,1,1.33,0.8636,43,1.32,0.8571,2,1.335,0.8668,532,0
SPY190722C299,2019-07-19,2019-07-19 09:33:15,1.36,0.8831,27,1.34,0.8701,49,1.34,0.8701,1,1.35,0.8766,534,2
SPY190722C299,2019-07-19,2019-07-19 09:33:16,1.35,0.8766,123,1.33,0.8636,50,1.34,0.8701,1,1.34,0.8701,534,0
SPY190722C299,2019-07-19,2019-07-19 09:33:16,1.35,0.8766,5,1.33,0.8636,10,1.34,0.8701,1,1.34,0.8701,534,0
SPY190722C299,2019-07-19,2019-07-19 09:33:17,1.35,0.8766,123,1.33,0.8636,44,1.34,0.8701,1,1.34,0.8701,534,0
SPY190722C299,2019-07-19,2019-07-19 09:33:18,1.36,0.8831,6,1.34,0.8701,149,1.34,0.8701,1,1.35,0.8766,534,0
SPY190722C299,2019-07-19,2019-07-19 09:33:18,1.37,0.8896,123,1.33,0.8636,44,1.34,0.8701,1,1.35,0.8766,534,0
SPY190722C299,2019-07-19,2019-07-19 09:33:19,1.34,0.8701,5,1.33,0.8636,44,1.34,0.8701,1,1.335,0.8668,534,0
SPY190722C299,2019-07-19,2019-07-19 09:33:19,1.34,0.8701,1,1.33,0.8636,44,1.34,0.8701,1,1.335,0.8668,534,0
SPY190722C299,2019-07-19,2019-07-19 09:33:20,1.35,0.8766,88,1.34,0.8701,1,1.34,0.8701,5,1.345,0.8733,539,5
SPY190722C299,2019-07-19,2019-07-19 09:33:21,1.34,0.8701,1,1.33,0.8636,68,1.34,0.8701,5,1.335,0.8668,539,0
SPY190722C299,2019-07-19,2019-07-19 09:33:21,1.36,0.8831,12,1.34,0.8701,6,1.34,0.8701,5,1.35,0.8766,539,0
SPY190722C299,2019-07-19,2019-07-19 09:33:22,1.34,0.8701,1,1.33,0.8636,37,1.34,0.8701,1,1.335,0.8668,541,2
SPY190722C299,2019-07-19,2019-07-19 09:33:22,1.36,0.8831,6,1.33,0.8636,100,1.34,0.8701,1,1.345,0.8733,541,0
SPY190722C299,2019-07-19,2019-07-19 09:33:23,1.36,0.8831,123,1.33,0.8636,123,1.34,0.8701,1,1.345,0.8733,541,0
SPY190722C299,2019-07-19,2019-07-19 09:33:23,1.36,0.8831,100,1.34,0.8701,29,1.34,0.8701,1,1.35,0.8766,541,0
SPY190722C299,2019-07-19,2019-07-19 09:33:24,1.35,0.8766,1,1.34,0.8701,61,1.34,0.8701,1,1.345,0.8733,541,0
SPY190722C299,2019-07-19,2019-07-19 09:33:25,1.35,0.8766,23,1.34,0.8701,33,1.34,0.8701,1,1.345,0.8733,541,0
SPY190722C299,2019-07-19,2019-07-19 09:33:25,1.35,0.8766,24,1.34,0.8701,36,1.35,0.8766,1,1.345,0.8733,542,1
SPY190722C299,2019-07-19,2019-07-19 09:33:26,1.36,0.8831,40,1.35,0.8766,1,1.36,0.8831,11,1.355,0.8798,568,25
SPY190722C299,2019-07-19,2019-07-19 09:33:26,1.35,0.8766,1,1.34,0.8701,40,1.35,0.8766,1,1.345,0.8733,543,1
SPY190722C299,2019-07-19,2019-07-19 09:33:27,1.36,0.8831,24,1.34,0.8701,37,1.36,0.8831,11,1.35,0.8766,568,0
SPY190722C299,2019-07-19,2019-07-19 09:33:27,1.36,0.8831,30,1.34,0.8701,60,1.36,0.8831,11,1.35,0.8766,568,0
SPY190722C299,2019-07-19,2019-07-19 09:33:28,1.35,0.8766,7,1.32,0.8571,81,1.36,0.8831,11,1.335,0.8668,568,0
SPY190722C299,2019-07-19,2019-07-19 09:33:28,1.36,0.8831,23,1.34,0.8701,53,1.36,0.8831,11,1.35,0.8766,568,0
SPY190722C299,2019-07-19,2019-07-19 09:33:29,1.34,0.8701,1,1.33,0.8636,57,1.36,0.8831,11,1.335,0.8668,568,0
SPY190722C299,2019-07-19,2019-07-19 09:33:30,1.35,0.8766,65,1.34,0.8701,59,1.34,0.8701,1,1.345,0.8733,569,0
SPY190722C299,2019-07-19,2019-07-19 09:33:30,1.35,0.8766,65,1.33,0.8636,100,1.34,0.8701,1,1.34,0.8701,569,1
SPY190722C299,2019-07-19,2019-07-19 09:33:31,1.36,0.8831,36,1.34,0.8701,83,1.34,0.8701,1,1.35,0.8766,569,0
SPY190722C299,2019-07-19,2019-07-19 09:33:32,1.36,0.8831,27,1.34,0.8701,60,1.34,0.8701,1,1.35,0.8766,569,0
SPY190722C299,2019-07-19,2019-07-19 09:33:32,1.36,0.8831,36,1.33,0.8636,134,1.34,0.8701,1,1.345,0.8733,569,0
SPY190722C299,2019-07-19,2019-07-19 09:33:33,1.36,0.8831,23,1.35,0.8766,43,1.34,0.8701,1,1.355,0.8798,569,0
SPY190722C299,2019-07-19,2019-07-19 09:33:33,1.36,0.8831,27,1.34,0.8701,70,1.34,0.8701,1,1.35,0.8766,569,0
SPY190722C299,2019-07-19,2019-07-19 09:33:34,1.36,0.8831,29,1.34,0.8701,79,1.34,0.8701,1,1.35,0.8766,569,0
SPY190722C299,2019-07-19,2019-07-19 09:33:34,1.36,0.8831,30,1.34,0.8701,79,1.34,0.8701,1,1.35,0.8766,569,0
SPY190722C299,2019-07-19,2019-07-19 09:33:35,1.36,0.8831,33,1.34,0.8701,79,1.34,0.8701,1,1.35,0.8766,569,0
SPY190722C299,2019-07-19,2019-07-19 09:33:36,1.35,0.8766,1,1.34,0.8701,126,1.34,0.8701,1,1.345,0.8733,569,0
SPY190722C299,2019-07-19,2019-07-19 09:33:36,1.36,0.8831,70,1.33,0.8636,49,1.34,0.8701,1,1.345,0.8733,569,0
SPY190722C299,2019-07-19,2019-07-19 09:33:37,1.35,0.8766,86,1.33,0.8636,51,1.34,0.8701,1,1.34,0.8701,569,0
SPY190722C299,2019-07-19,2019-07-19 09:33:37,1.35,0.8766,26,1.33,0.8636,43,1.34,0.8701,1,1.34,0.8701,569,0
SPY190722C299,2019-07-19,2019-07-19 09:33:38,1.36,0.8831,86,1.34,0.8701,42,1.34,0.8701,1,1.35,0.8766,569,0
SPY190722C299,2019-07-19,2019-07-19 09:33:38,1.35,0.8766,67,1.33,0.8636,153,1.34,0.8701,1,1.34,0.8701,569,0
SPY190722C299,2019-07-19,2019-07-19 09:33:39,1.35,0.8766,18,1.33,0.8636,42,1.34,0.8701,1,1.34,0.8701,569,0
SPY190722C299,2019-07-19,2019-07-19 09:33:40,1.35,0.8766,123,1.33,0.8636,48,1.34,0.8701,1,1.34,0.8701,569,0
SPY190722C299,2019-07-19,2019-07-19 09:33:40,1.35,0.8766,123,1.33,0.8636,52,1.34,0.8701,1,1.34,0.8701,569,0
SPY190722C299,2019-07-19,2019-07-19 09:33:41,1.35,0.8766,133,1.33,0.8636,53,1.33,0.8636,1,1.34,0.8701,573,0
SPY190722C299,2019-07-19,2019-07-19 09:33:41,1.35,0.8766,5,1.33,0.8636,53,1.33,0.8636,1,1.34,0.8701,573,4
SPY190722C299,2019-07-19,2019-07-19 09:33:42,1.34,0.8701,20,1.33,0.8636,63,1.33,0.8636,1,1.335,0.8668,573,0
SPY190722C299,2019-07-19,2019-07-19 09:33:42,1.35,0.8766,123,1.33,0.8636,53,1.33,0.8636,1,1.34,0.8701,573,0
SPY190722C299,2019-07-19,2019-07-19 09:33:43,1.34,0.8701,23,1.33,0.8636,64,1.33,0.8636,1,1.335,0.8668,573,0
SPY190722C299,2019-07-19,2019-07-19 09:33:43,1.34,0.8701,27,1.33,0.8636,53,1.33,0.8636,1,1.335,0.8668,573,0
SPY190722C299,2019-07-19,2019-07-19 09:33:44,1.34,0.8701,33,1.33,0.8636,53,1.33,0.8636,1,1.335,0.8668,573,0
SPY190722C299,2019-07-19,2019-07-19 09:33:45,1.33,0.8636,79,1.31,0.8506,53,1.33,0.8636,1,1.32,0.8571,573,0
SPY190722C299,2019-07-19,2019-07-19 09:33:46,1.33,0.8636,6,1.31,0.8506,53,1.33,0.8636,1,1.32,0.8571,573,0
SPY190722C299,2019-07-19,2019-07-19 09:33:46,1.32,0.8571,26,1.31,0.8506,63,1.33,0.8636,1,1.315,0.8538,573,0
SPY190722C299,2019-07-19,2019-07-19 09:33:47,1.32,0.8571,26,1.31,0.8506,30,1.33,0.8636,1,1.315,0.8538,573,0
SPY190722C299,2019-07-19,2019-07-19 09:33:48,1.31,0.8506,29,1.3,0.8441,272,1.3,0.8441,1,1.305,0.8474,587,14
SPY190722C299,2019-07-19,2019-07-19 09:33:48,1.31,0.8506,29,1.3,0.8441,272,1.3,0.8441,1,1.305,0.8474,587,0
SPY190722C299,2019-07-19,2019-07-19 09:33:49,1.32,0.8571,7,1.31,0.8506,31,1.3,0.8441,1,1.315,0.8538,587,0
SPY190722C299,2019-07-19,2019-07-19 09:33:50,1.31,0.8506,7,1.3,0.8441,42,1.3,0.8441,1,1.305,0.8474,587,0
SPY190722C299,2019-07-19,2019-07-19 09:33:51,1.32,0.8571,129,1.29,0.8376,69,1.3,0.8441,1,1.305,0.8474,587,0
SPY190722C299,2019-07-19,2019-07-19 09:33:51,1.31,0.8506,23,1.29,0.8376,69,1.3,0.8441,1,1.3,0.8441,587,0
SPY190722C299,2019-07-19,2019-07-19 09:33:52,1.31,0.8506,27,1.29,0.8376,252,1.3,0.8441,1,1.3,0.8441,587,0
SPY190722C299,2019-07-19,2019-07-19 09:33:52,1.33,0.8636,101,1.3,0.8441,38,1.3,0.8441,1,1.315,0.8538,587,0
SPY190722C299,2019-07-19,2019-07-19 09:33:53,1.33,0.8636,96,1.31,0.8506,54,1.3,0.8441,1,1.32,0.8571,587,0
SPY190722C299,2019-07-19,2019-07-19 09:33:53,1.32,0.8571,1,1.31,0.8506,54,1.3,0.8441,1,1.315,0.8538,587,0
SPY190722C299,2019-07-19,2019-07-19 09:33:54,1.33,0.8636,1,1.33,0.8636,20,1.33,0.8636,1,1.33,0.8636,588,1
SPY190722C299,2019-07-19,2019-07-19 09:33:54,1.33,0.8636,1,1.33,0.8636,20,1.33,0.8636,1,1.33,0.8636,588,0
SPY190722C299,2019-07-19,2019-07-19 09:33:55,1.35,0.8766,55,1.33,0.8636,63,1.33,0.8636,1,1.34,0.8701,588,0
SPY190722C299,2019-07-19,2019-07-19 09:33:56,1.35,0.8766,75,1.33,0.8636,63,1.33,0.8636,1,1.34,0.8701,588,0
SPY190722C299,2019-07-19,2019-07-19 09:33:56,1.36,0.8831,123,1.34,0.8701,42,1.33,0.8636,1,1.35,0.8766,588,0
SPY190722C299,2019-07-19,2019-07-19 09:33:57,1.33,0.8636,50,1.33,0.8636,63,1.33,0.8636,20,1.33,0.8636,661,73
SPY190722C299,2019-07-19,2019-07-19 09:33:57,1.36,0.8831,148,1.34,0.8701,52,1.33,0.8636,1,1.35,0.8766,588,0
SPY190722C299,2019-07-19,2019-07-19 09:33:58,1.32,0.8571,123,1.3,0.8441,53,1.33,0.8636,20,1.31,0.8506,661,0
SPY190722C299,2019-07-19,2019-07-19 09:33:58,1.33,0.8636,6,1.3,0.8441,53,1.33,0.8636,20,1.315,0.8538,661,0
SPY190722C299,2019-07-19,2019-07-19 09:33:59,1.31,0.8506,29,1.3,0.8441,1,1.33,0.8636,20,1.305,0.8474,661,0
SPY190722C299,2019-07-19,2019-07-19 09:34:00,1.34,0.8701,6,1.31,0.8506,53,1.31,0.8506,20,1.325,0.8603,725,0
SPY190722C299,2019-07-19,2019-07-19 09:34:00,1.33,0.8636,34,1.31,0.8506,24,1.31,0.8506,20,1.32,0.8571,725,64
SPY190722C299,2019-07-19,2019-07-19 09:34:01,1.34,0.8701,10,1.32,0.8571,24,1.31,0.8506,20,1.33,0.8636,725,0
SPY190722C299,2019-07-19,2019-07-19 09:34:01,1.34,0.8701,135,1.32,0.8571,24,1.31,0.8506,20,1.33,0.8636,725,0
SPY190722C299,2019-07-19,2019-07-19 09:34:02,1.34,0.8701,26,1.33,0.8636,47,1.31,0.8506,20,1.335,0.8668,725,0
SPY190722C299,2019-07-19,2019-07-19 09:34:03,1.36,0.8831,129,1.34,0.8701,24,1.34,0.8701,1,1.35,0.8766,727,2
SPY190722C299,2019-07-19,2019-07-19 09:34:03,1.35,0.8766,88,1.33,0.8636,48,1.34,0.8701,1,1.34,0.8701,727,0
SPY190722C299,2019-07-19,2019-07-19 09:34:04,1.35,0.8766,92,1.34,0.8701,24,1.34,0.8701,1,1.345,0.8733,727,0
SPY190722C299,2019-07-19,2019-07-19 09:34:04,1.35,0.8766,65,1.33,0.8636,64,1.34,0.8701,1,1.34,0.8701,727,0
SPY190722C299,2019-07-19,2019-07-19 09:34:05,1.35,0.8766,65,1.33,0.8636,64,1.34,0.8701,1,1.34,0.8701,727,0
SPY190722C299,2019-07-19,2019-07-19 09:34:06,1.34,0.8701,1,1.32,0.8571,61,1.34,0.8701,1,1.33,0.8636,727,0
SPY190722C299,2019-07-19,2019-07-19 09:34:07,1.34,0.8701,79,1.33,0.8636,34,1.34,0.8701,1,1.335,0.8668,727,0
SPY190722C299,2019-07-19,2019-07-19 09:34:07,1.34,0.8701,7,1.33,0.8636,24,1.34,0.8701,1,1.335,0.8668,727,0
SPY190722C299,2019-07-19,2019-07-19 09:34:08,1.34,0.8701,7,1.33,0.8636,24,1.34,0.8701,1,1.335,0.8668,727,0
SPY190722C299,2019-07-19,2019-07-19 09:34:08,1.34,0.8701,1,1.33,0.8636,65,1.34,0.8701,1,1.335,0.8668,727,0
SPY190722C299,2019-07-19,2019-07-19 09:34:09,1.34,0.8701,7,1.33,0.8636,34,1.34,0.8701,1,1.335,0.8668,727,0
SPY190722C299,2019-07-19,2019-07-19 09:34:09,1.34,0.8701,7,1.33,0.8636,29,1.34,0.8701,1,1.335,0.8668,727,0
SPY190722C299,2019-07-19,2019-07-19 09:34:10,1.34,0.8701,1,1.33,0.8636,34,1.34,0.8701,1,1.335,0.8668,727,0
SPY190722C299,2019-07-19,2019-07-19 09:34:10,1.34,0.8701,7,1.33,0.8636,34,1.34,0.8701,1,1.335,0.8668,727,0
SPY190722C299,2019-07-19,2019-07-19 09:34:11,1.34,0.8701,69,1.32,0.8571,53,1.34,0.8701,1,1.33,0.8636,727,0
SPY190722C299,2019-07-19,2019-07-19 09:34:12,1.33,0.8636,1,1.32,0.8571,17,1.34,0.8701,1,1.325,0.8603,727,0
SPY190722C299,2019-07-19,2019-07-19 09:34:13,1.34,0.8701,7,1.33,0.8636,42,1.34,0.8701,1,1.335,0.8668,727,0
SPY190722C299,2019-07-19,2019-07-19 09:34:13,1.34,0.8701,23,1.32,0.8571,55,1.34,0.8701,1,1.33,0.8636,727,0
SPY190722C299,2019-07-19,2019-07-19 09:34:14,1.33,0.8636,8,1.3,0.8441,54,1.34,0.8701,1,1.315,0.8538,727,0
SPY190722C299,2019-07-19,2019-07-19 09:34:14,1.33,0.8636,8,1.31,0.8506,34,1.34,0.8701,1,1.32,0.8571,727,0
SPY190722C299,2019-07-19,2019-07-19 09:34:15,1.32,0.8571,15,1.3,0.8441,52,1.34,0.8701,1,1.31,0.8506,727,0
SPY190722C299,2019-07-19,2019-07-19 09:34:15,1.31,0.8506,26,1.3,0.8441,43,1.34,0.8701,1,1.305,0.8474,727,0
SPY190722C299,2019-07-19,2019-07-19 09:34:16,1.32,0.8571,81,1.3,0.8441,52,1.34,0.8701,1,1.31,0.8506,727,0
SPY190722C299,2019-07-19,2019-07-19 09:34:17,1.31,0.8506,7,1.3,0.8441,55,1.34,0.8701,1,1.305,0.8474,727,0
SPY190722C299,2019-07-19,2019-07-19 09:34:17,1.32,0.8571,99,1.3,0.8441,60,1.34,0.8701,1,1.31,0.8506,727,0
SPY190722C299,2019-07-19,2019-07-19 09:34:18,1.32,0.8571,99,1.3,0.8441,60,1.34,0.8701,1,1.31,0.8506,727,0
SPY190722C299,2019-07-19,2019-07-19 09:34:19,1.32,0.8571,42,1.3,0.8441,55,1.34,0.8701,1,1.31,0.8506,727,0
SPY190722C299,2019-07-19,2019-07-19 09:34:19,1.32,0.8571,148,1.31,0.8506,19,1.34,0.8701,1,1.315,0.8538,727,0
SPY190722C299,2019-07-19,2019-07-19 09:34:20,1.33,0.8636,134,1.31,0.8506,52,1.34,0.8701,1,1.32,0.8571,727,0
SPY190722C299,2019-07-19,2019-07-19 09:34:20,1.33,0.8636,134,1.31,0.8506,23,1.34,0.8701,1,1.32,0.8571,727,0
SPY190722C299,2019-07-19,2019-07-19 09:34:21,1.33,0.8636,112,1.31,0.8506,60,1.31,0.8506,1,1.32,0.8571,728,1
SPY190722C299,2019-07-19,2019-07-19 09:34:21,1.32,0.8571,5,1.31,0.8506,1,1.31,0.8506,5,1.315,0.8538,733,5
SPY190722C299,2019-07-19,2019-07-19 09:34:22,1.33,0.8636,133,1.31,0.8506,64,1.31,0.8506,5,1.32,0.8571,733,0
SPY190722C299,2019-07-19,2019-07-19 09:34:23,1.33,0.8636,133,1.31,0.8506,65,1.31,0.8506,5,1.32,0.8571,733,0
SPY190722C299,2019-07-19,2019-07-19 09:34:24,1.33,0.8636,76,1.32,0.8571,24,1.32,0.8571,1,1.325,0.8603,734,1
SPY190722C299,2019-07-19,2019-07-19 09:34:24,1.33,0.8636,76,1.32,0.8571,24,1.32,0.8571,1,1.325,0.8603,734,0
SPY190722C299,2019-07-19,2019-07-19 09:34:25,1.33,0.8636,88,1.31,0.8506,52,1.32,0.8571,1,1.32,0.8571,734,0
SPY190722C299,2019-07-19,2019-07-19 09:34:25,1.33,0.8636,61,1.32,0.8571,24,1.32,0.8571,1,1.325,0.8603,734,0
SPY190722C299,2019-07-19,2019-07-19 09:34:26,1.33,0.8636,71,1.31,0.8506,52,1.32,0.8571,1,1.32,0.8571,734,0
SPY190722C299,2019-07-19,2019-07-19 09:34:27,1.31,0.8506,1,1.31,0.8506,1,1.31,0.8506,1,1.31,0.8506,735,1
SPY190722C299,2019-07-19,2019-07-19 09:34:27,1.32,0.8571,5,1.31,0.8506,1,1.32,0.8571,1,1.315,0.8538,734,0
SPY190722C299,2019-07-19,2019-07-19 09:34:28,1.32,0.8571,123,1.3,0.8441,60,1.31,0.8506,1,1.31,0.8506,735,0
SPY190722C299,2019-07-19,2019-07-19 09:34:28,1.32,0.8571,148,1.3,0.8441,60,1.31,0.8506,1,1.31,0.8506,735,0
SPY190722C299,2019-07-19,2019-07-19 09:34:29,1.33,0.8636,129,1.31,0.8506,70,1.31,0.8506,1,1.32,0.8571,735,0
SPY190722C299,2019-07-19,2019-07-19 09:34:29,1.32,0.8571,29,1.3,0.8441,60,1.31,0.8506,1,1.31,0.8506,735,0
SPY190722C299,2019-07-19,2019-07-19 09:34:30,1.32,0.8571,23,1.31,0.8506,1,1.31,0.8506,1,1.315,0.8538,736,1
SPY190722C299,2019-07-19,2019-07-19 09:34:31,1.34,0.8701,181,1.3,0.8441,15,1.31,0.8506,1,1.32,0.8571,736,0
SPY190722C299,2019-07-19,2019-07-19 09:34:31,1.32,0.8571,119,1.3,0.8441,154,1.31,0.8506,1,1.31,0.8506,736,0
SPY190722C299,2019-07-19,2019-07-19 09:34:32,1.32,0.8571,97,1.31,0.8506,53,1.31,0.8506,1,1.315,0.8538,736,0
SPY190722C299,2019-07-19,2019-07-19 09:34:32,1.33,0.8636,123,1.32,0.8571,24,1.31,0.8506,1,1.325,0.8603,736,0
SPY190722C299,2019-07-19,2019-07-19 09:34:33,1.33,0.8636,104,1.31,0.8506,34,1.31,0.8506,1,1.32,0.8571,736,0
SPY190722C299,2019-07-19,2019-07-19 09:34:33,1.33,0.8636,27,1.32,0.8571,21,1.31,0.8506,1,1.325,0.8603,736,0
SPY190722C299,2019-07-19,2019-07-19 09:34:34,1.33,0.8636,134,1.3,0.8441,60,1.31,0.8506,1,1.315,0.8538,736,0
SPY190722C299,2019-07-19,2019-07-19 09:34:35,1.33,0.8636,104,1.31,0.8506,43,1.31,0.8506,1,1.32,0.8571,736,0
SPY190722C299,2019-07-19,2019-07-19 09:34:35,1.33,0.8636,104,1.31,0.8506,53,1.31,0.8506,1,1.32,0.8571,736,0
SPY190722C299,2019-07-19,2019-07-19 09:34:36,1.32,0.8571,1,1.31,0.8506,53,1.31,0.8506,1,1.315,0.8538,736,0
SPY190722C299,2019-07-19,2019-07-19 09:34:36,1.32,0.8571,99,1.3,0.8441,64,1.31,0.8506,1,1.31,0.8506,736,0
SPY190722C299,2019-07-19,2019-07-19 09:34:37,1.32,0.8571,99,1.3,0.8441,64,1.31,0.8506,1,1.31,0.8506,736,0
SPY190722C299,2019-07-19,2019-07-19 09:34:38,1.32,0.8571,85,1.3,0.8441,71,1.31,0.8506,1,1.31,0.8506,736,0
SPY190722C299,2019-07-19,2019-07-19 09:34:38,1.32,0.8571,88,1.3,0.8441,64,1.31,0.8506,1,1.31,0.8506,736,0
SPY190722C299,2019-07-19,2019-07-19 09:34:39,1.32,0.8571,88,1.3,0.8441,64,1.31,0.8506,1,1.31,0.8506,736,0
SPY190722C299,2019-07-19,2019-07-19 09:34:39,1.32,0.8571,84,1.3,0.8441,64,1.31,0.8506,1,1.31,0.8506,736,0
SPY190722C299,2019-07-19,2019-07-19 09:34:40,1.32,0.8571,7,1.3,0.8441,60,1.31,0.8506,1,1.31,0.8506,736,0
SPY190722C299,2019-07-19,2019-07-19 09:34:40,1.32,0.8571,84,1.31,0.8506,64,1.31,0.8506,1,1.315,0.8538,736,0
SPY190722C299,2019-07-19,2019-07-19 09:34:41,1.31,0.8506,1,1.3,0.8441,31,1.31,0.8506,1,1.305,0.8474,736,0
SPY190722C299,2019-07-19,2019-07-19 09:34:41,1.32,0.8571,148,1.3,0.8441,24,1.31,0.8506,1,1.31,0.8506,736,0
SPY190722C299,2019-07-19,2019-07-19 09:34:42,1.31,0.8506,1,1.3,0.8441,25,1.31,0.8506,1,1.305,0.8474,736,0
SPY190722C299,2019-07-19,2019-07-19 09:34:43,1.31,0.8506,1,1.3,0.8441,31,1.31,0.8506,1,1.305,0.8474,736,0
SPY190722C299,2019-07-19,2019-07-19 09:34:43,1.31,0.8506,1,1.3,0.8441,25,1.31,0.8506,1,1.305,0.8474,736,0
SPY190722C299,2019-07-19,2019-07-19 09:34:44,1.31,0.8506,1,1.3,0.8441,25,1.31,0.8506,1,1.305,0.8474,736,0
SPY190722C299,2019-07-19,2019-07-19 09:34:44,1.31,0.8506,24,1.3,0.8441,25,1.31,0.8506,1,1.305,0.8474,736,0
SPY190722C299,2019-07-19,2019-07-19 09:34:45,1.32,0.8571,148,1.3,0.8441,54,1.31,0.8506,1,1.31,0.8506,736,0
SPY190722C299,2019-07-19,2019-07-19 09:34:45,1.31,0.8506,23,1.3,0.8441,41,1.31,0.8506,1,1.305,0.8474,736,0
SPY190722C299,2019-07-19,2019-07-19 09:34:46,1.31,0.8506,10,1.3,0.8441,55,1.31,0.8506,1,1.305,0.8474,736,0
SPY190722C299,2019-07-19,2019-07-19 09:34:46,1.31,0.8506,1,1.3,0.8441,55,1.31,0.8506,1,1.305,0.8474,736,0
SPY190722C299,2019-07-19,2019-07-19 09:34:47,1.31,0.8506,1,1.3,0.8441,55,1.31,0.8506,1,1.305,0.8474,736,0
SPY190722C299,2019-07-19,2019-07-19 09:34:48,1.32,0.8571,97,1.3,0.8441,54,1.31,0.8506,1,1.31,0.8506,736,0
SPY190722C299,2019-07-19,2019-07-19 09:34:48,1.31,0.8506,1,1.3,0.8441,54,1.31,0.8506,1,1.305,0.8474,736,0
SPY190722C299,2019-07-19,2019-07-19 09:34:49,1.32,0.8571,97,1.3,0.8441,70,1.31,0.8506,2,1.31,0.8506,738,2
SPY190722C299,2019-07-19,2019-07-19 09:34:49,1.31,0.8506,1,1.3,0.8441,25,1.31,0.8506,2,1.305,0.8474,738,0
SPY190722C299,2019-07-19,2019-07-19 09:34:50,1.31,0.8506,7,1.3,0.8441,41,1.31,0.8506,2,1.305,0.8474,738,0
SPY190722C299,2019-07-19,2019-07-19 09:34:50,1.32,0.8571,94,1.3,0.8441,24,1.31,0.8506,2,1.31,0.8506,738,0
SPY190722C299,2019-07-19,2019-07-19 09:34:51,1.32,0.8571,29,1.3,0.8441,43,1.31,0.8506,2,1.31,0.8506,738,0
SPY190722C299,2019-07-19,2019-07-19 09:34:51,1.33,0.8636,116,1.3,0.8441,214,1.31,0.8506,2,1.315,0.8538,738,0
SPY190722C299,2019-07-19,2019-07-19 09:34:52,1.32,0.8571,36,1.31,0.8506,24,1.31,0.8506,2,1.315,0.8538,738,0
SPY190722C299,2019-07-19,2019-07-19 09:34:53,1.32,0.8571,29,1.3,0.8441,54,1.31,0.8506,2,1.31,0.8506,738,0
SPY190722C299,2019-07-19,2019-07-19 09:34:53,1.32,0.8571,7,1.31,0.8506,25,1.31,0.8506,2,1.315,0.8538,738,0
SPY190722C299,2019-07-19,2019-07-19 09:34:54,1.33,0.8636,36,1.31,0.8506,70,1.31,0.8506,2,1.32,0.8571,738,0
SPY190722C299,2019-07-19,2019-07-19 09:34:54,1.33,0.8636,26,1.31,0.8506,60,1.31,0.8506,2,1.32,0.8571,738,0
SPY190722C299,2019-07-19,2019-07-19 09:34:55,1.33,0.8636,26,1.31,0.8506,105,1.31,0.8506,2,1.32,0.8571,738,0
SPY190722C299,2019-07-19,2019-07-19 09:34:55,1.33,0.8636,33,1.31,0.8506,64,1.31,0.8506,2,1.32,0.8571,738,0
SPY190722C299,2019-07-19,2019-07-19 09:34:56,1.33,0.8636,36,1.31,0.8506,64,1.31,0.8506,2,1.32,0.8571,738,0
SPY190722C299,2019-07-19,2019-07-19 09:34:57,1.33,0.8636,36,1.31,0.8506,77,1.31,0.8506,2,1.32,0.8571,738,0
SPY190722C299,2019-07-19,2019-07-19 09:34:57,1.32,0.8571,36,1.31,0.8506,54,1.31,0.8506,2,1.315,0.8538,738,0
SPY190722C299,2019-07-19,2019-07-19 09:34:58,1.33,0.8636,205,1.29,0.8376,36,1.31,0.8506,2,1.31,0.8506,738,0
SPY190722C299,2019-07-19,2019-07-19 09:34:58,1.33,0.8636,13,1.32,0.8571,12,1.31,0.8506,2,1.325,0.8603,738,0
SPY190722C299,2019-07-19,2019-07-19 09:34:59,1.33,0.8636,23,1.31,0.8506,25,1.31,0.8506,2,1.32,0.8571,738,0
SPY190722C299,2019-07-19,2019-07-19 09:34:59,1.33,0.8636,23,1.31,0.8506,24,1.31,0.8506,2,1.32,0.8571,738,0
SPY190722C299,2019-07-19,2019-07-19 09:35:00,1.33,0.8636,215,1.31,0.8506,25,1.31,0.8506,2,1.32,0.8571,738,0
SPY190722C299,2019-07-19,2019-07-19 09:35:01,1.32,0.8571,7,1.31,0.8506,25,1.3,0.8441,1,1.315,0.8538,739,0
SPY190722C299,2019-07-19,2019-07-19 09:35:01,1.32,0.8571,7,1.31,0.8506,25,1.3,0.8441,1,1.315,0.8538,739,1
SPY190722C299,2019-07-19,2019-07-19 09:35:02,1.32,0.8571,20,1.31,0.8506,40,1.3,0.8441,1,1.315,0.8538,739,0
SPY190722C299,2019-07-19,2019-07-19 09:35:02,1.33,0.8636,7,1.32,0.8571,1,1.3,0.8441,1,1.325,0.8603,739,0
SPY190722C299,2019-07-19,2019-07-19 09:35:03,1.33,0.8636,7,1.32,0.8571,24,1.3,0.8441,1,1.325,0.8603,739,0
SPY190722C299,2019-07-19,2019-07-19 09:35:03,1.33,0.8636,148,1.31,0.8506,25,1.3,0.8441,1,1.32,0.8571,739,0
SPY190722C299,2019-07-19,2019-07-19 09:35:04,1.33,0.8636,26,1.31,0.8506,30,1.3,0.8441,1,1.32,0.8571,739,0
SPY190722C299,2019-07-19,2019-07-19 09:35:05,1.33,0.8636,7,1.32,0.8571,24,1.3,0.8441,1,1.325,0.8603,739,0
SPY190722C299,2019-07-19,2019-07-19 09:35:05,1.33,0.8636,6,1.32,0.8571,24,1.3,0.8441,1,1.325,0.8603,739,0
SPY190722C299,2019-07-19,2019-07-19 09:35:06,1.33,0.8636,6,1.32,0.8571,25,1.3,0.8441,1,1.325,0.8603,739,0
SPY190722C299,2019-07-19,2019-07-19 09:35:06,1.33,0.8636,68,1.32,0.8571,24,1.3,0.8441,1,1.325,0.8603,739,0
SPY190722C299,2019-07-19,2019-07-19 09:35:07,1.33,0.8636,1,1.32,0.8571,34,1.3,0.8441,1,1.325,0.8603,739,0
SPY190722C299,2019-07-19,2019-07-19 09:35:08,1.33,0.8636,1,1.32,0.8571,34,1.3,0.8441,1,1.325,0.8603,739,0
SPY190722C299,2019-07-19,2019-07-19 09:35:09,1.33,0.8636,1,1.32,0.8571,34,1.3,0.8441,1,1.325,0.8603,739,0
SPY190722C299,2019-07-19,2019-07-19 09:35:09,1.33,0.8636,1,1.32,0.8571,24,1.33,0.8636,1,1.325,0.8603,741,2
SPY190722C299,2019-07-19,2019-07-19 09:35:10,1.33,0.8636,1,1.32,0.8571,34,1.33,0.8636,1,1.325,0.8603,741,0
SPY190722C299,2019-07-19,2019-07-19 09:35:10,1.34,0.8701,148,1.33,0.8636,1,1.33,0.8636,1,1.335,0.8668,741,0
SPY190722C299,2019-07-19,2019-07-19 09:35:11,1.33,0.8636,1,1.32,0.8571,24,1.33,0.8636,1,1.325,0.8603,741,0
SPY190722C299,2019-07-19,2019-07-19 09:35:11,1.33,0.8636,1,1.32,0.8571,24,1.33,0.8636,1,1.325,0.8603,742,1
SPY190722C299,2019-07-19,2019-07-19 09:35:12,1.33,0.8636,23,1.32,0.8571,24,1.33,0.8636,1,1.325,0.8603,742,0
SPY190722C299,2019-07-19,2019-07-19 09:35:13,1.34,0.8701,148,1.32,0.8571,34,1.33,0.8636,1,1.33,0.8636,742,0
SPY190722C299,2019-07-19,2019-07-19 09:35:13,1.33,0.8636,29,1.32,0.8571,34,1.33,0.8636,1,1.325,0.8603,742,0
SPY190722C299,2019-07-19,2019-07-19 09:35:14,1.33,0.8636,23,1.32,0.8571,34,1.33,0.8636,1,1.325,0.8603,742,0
SPY190722C299,2019-07-19,2019-07-19 09:35:14,1.33,0.8636,7,1.32,0.8571,34,1.33,0.8636,1,1.325,0.8603,742,0
SPY190722C299,2019-07-19,2019-07-19 09:35:15,1.33,0.8636,12,1.32,0.8571,25,1.33,0.8636,1,1.325,0.8603,742,0
SPY190722C299,2019-07-19,2019-07-19 09:35:16,1.32,0.8571,7,1.3,0.8441,6,1.33,0.8636,1,1.31,0.8506,742,0
SPY190722C299,2019-07-19,2019-07-19 09:35:16,1.32,0.8571,68,1.29,0.8376,30,1.33,0.8636,1,1.305,0.8474,742,0
SPY190722C299,2019-07-19,2019-07-19 09:35:17,1.33,0.8636,123,1.3,0.8441,6,1.33,0.8636,1,1.315,0.8538,742,0
SPY190722C299,2019-07-19,2019-07-19 09:35:17,1.33,0.8636,204,1.3,0.8441,24,1.33,0.8636,1,1.315,0.8538,742,0
SPY190722C299,2019-07-19,2019-07-19 09:35:18,1.34,0.8701,107,1.31,0.8506,124,1.33,0.8636,1,1.325,0.8603,742,0
SPY190722C299,2019-07-19,2019-07-19 09:35:18,1.33,0.8636,158,1.31,0.8506,37,1.33,0.8636,1,1.32,0.8571,742,0
SPY190722C299,2019-07-19,2019-07-19 09:35:19,1.33,0.8636,15,1.32,0.8571,22,1.33,0.8636,1,1.325,0.8603,742,0
SPY190722C299,2019-07-19,2019-07-19 09:35:19,1.33,0.8636,20,1.31,0.8506,24,1.33,0.8636,1,1.32,0.8571,742,0
SPY190722C299,2019-07-19,2019-07-19 09:35:20,1.33,0.8636,20,1.3,0.8441,50,1.33,0.8636,1,1.315,0.8538,742,0
SPY190722C299,2019-07-19,2019-07-19 09:35:21,1.32,0.8571,29,1.31,0.8506,24,1.33,0.8636,1,1.315,0.8538,742,0
SPY190722C299,2019-07-19,2019-07-19 09:35:22,1.32,0.8571,49,1.31,0.8506,12,1.33,0.8636,1,1.315,0.8538,742,0
SPY190722C299,2019-07-19,2019-07-19 09:35:22,1.32,0.8571,16,1.31,0.8506,24,1.33,0.8636,1,1.315,0.8538,742,0
SPY190722C299,2019-07-19,2019-07-19 09:35:23,1.32,0.8571,94,1.3,0.8441,34,1.33,0.8636,1,1.31,0.8506,742,0
SPY190722C299,2019-07-19,2019-07-19 09:35:23,1.32,0.8571,132,1.3,0.8441,27,1.33,0.8636,1,1.31,0.8506,742,0
SPY190722C299,2019-07-19,2019-07-19 09:35:24,1.32,0.8571,123,1.3,0.8441,27,1.33,0.8636,1,1.31,0.8506,742,0
SPY190722C299,2019-07-19,2019-07-19 09:35:25,1.32,0.8571,7,1.31,0.8506,34,1.33,0.8636,1,1.315,0.8538,742,0
SPY190722C299,2019-07-19,2019-07-19 09:35:25,1.32,0.8571,49,1.3,0.8441,27,1.33,0.8636,1,1.31,0.8506,742,0
SPY190722C299,2019-07-19,2019-07-19 09:35:26,1.31,0.8506,23,1.3,0.8441,31,1.33,0.8636,1,1.305,0.8474,742,0
SPY190722C299,2019-07-19,2019-07-19 09:35:26,1.32,0.8571,119,1.3,0.8441,38,1.33,0.8636,1,1.31,0.8506,742,0
SPY190722C299,2019-07-19,2019-07-19 09:35:27,1.32,0.8571,119,1.3,0.8441,38,1.33,0.8636,1,1.31,0.8506,742,0
SPY190722C299,2019-07-19,2019-07-19 09:35:27,1.31,0.8506,108,1.3,0.8441,37,1.33,0.8636,1,1.305,0.8474,742,0
SPY190722C299,2019-07-19,2019-07-19 09:35:28,1.31,0.8506,110,1.29,0.8376,40,1.33,0.8636,1,1.3,0.8441,742,0
SPY190722C299,2019-07-19,2019-07-19 09:35:28,1.31,0.8506,108,1.29,0.8376,40,1.33,0.8636,1,1.3,0.8441,742,0
SPY190722C299,2019-07-19,2019-07-19 09:35:29,1.31,0.8506,121,1.29,0.8376,58,1.33,0.8636,1,1.3,0.8441,742,0
SPY190722C299,2019-07-19,2019-07-19 09:35:30,1.31,0.8506,121,1.29,0.8376,40,1.33,0.8636,1,1.3,0.8441,742,0
SPY190722C299,2019-07-19,2019-07-19 09:35:31,1.31,0.8506,121,1.29,0.8376,41,1.33,0.8636,1,1.3,0.8441,742,0
SPY190722C299,2019-07-19,2019-07-19 09:35:31,1.3,0.8441,29,1.29,0.8376,31,1.33,0.8636,1,1.295,0.8409,742,0
SPY190722C299,2019-07-19,2019-07-19 09:35:32,1.3,0.8441,23,1.29,0.8376,41,1.33,0.8636,1,1.295,0.8409,742,0
SPY190722C299,2019-07-19,2019-07-19 09:35:32,1.31,0.8506,236,1.29,0.8376,41,1.33,0.8636,1,1.3,0.8441,742,0
SPY190722C299,2019-07-19,2019-07-19 09:35:33,1.31,0.8506,148,1.28,0.8311,70,1.33,0.8636,1,1.295,0.8409,742,0
SPY190722C299,2019-07-19,2019-07-19 09:35:33,1.3,0.8441,23,1.28,0.8311,136,1.33,0.8636,1,1.29,0.8376,742,0
SPY190722C299,2019-07-19,2019-07-19 09:35:34,1.31,0.8506,236,1.28,0.8311,40,1.33,0.8636,1,1.295,0.8409,742,0
SPY190722C299,2019-07-19,2019-07-19 09:35:35,1.31,0.8506,225,1.28,0.8311,64,1.33,0.8636,1,1.295,0.8409,742,0
SPY190722C299,2019-07-19,2019-07-19 09:35:35,1.31,0.8506,213,1.28,0.8311,40,1.33,0.8636,1,1.295,0.8409,742,0
SPY190722C299,2019-07-19,2019-07-19 09:35:36,1.29,0.8376,77,1.27,0.8246,36,1.33,0.8636,1,1.28,0.8311,742,0
SPY190722C299,2019-07-19,2019-07-19 09:35:36,1.29,0.8376,55,1.27,0.8246,36,1.33,0.8636,1,1.28,0.8311,742,0
SPY190722C299,2019-07-19,2019-07-19 09:35:37,1.28,0.8311,10,1.27,0.8246,34,1.33,0.8636,1,1.275,0.8279,742,0
SPY190722C299,2019-07-19,2019-07-19 09:35:37,1.29,0.8376,78,1.27,0.8246,34,1.27,0.8246,10,1.28,0.8311,752,10
SPY190722C299,2019-07-19,2019-07-19 09:35:38,1.28,0.8311,26,1.27,0.8246,34,1.27,0.8246,10,1.275,0.8279,752,0
SPY190722C299,2019-07-19,2019-07-19 09:35:39,1.28,0.8311,23,1.27,0.8246,34,1.27,0.8246,10,1.275,0.8279,752,0
SPY190722C299,2019-07-19,2019-07-19 09:35:40,1.29,0.8376,99,1.27,0.8246,24,1.27,0.8246,10,1.28,0.8311,752,0
SPY190722C299,2019-07-19,2019-07-19 09:35:40,1.29,0.8376,109,1.27,0.8246,35,1.27,0.8246,10,1.28,0.8311,752,0
SPY190722C299,2019-07-19,2019-07-19 09:35:41,1.28,0.8311,7,1.27,0.8246,11,1.27,0.8246,10,1.275,0.8279,752,0
SPY190722C299,2019-07-19,2019-07-19 09:35:41,1.29,0.8376,95,1.27,0.8246,22,1.27,0.8246,10,1.28,0.8311,752,0
SPY190722C299,2019-07-19,2019-07-19 09:35:42,1.28,0.8311,36,1.27,0.8246,7,1.27,0.8246,10,1.275,0.8279,752,0
SPY190722C299,2019-07-19,2019-07-19 09:35:43,1.28,0.8311,7,1.26,0.8181,127,1.27,0.8246,10,1.27,0.8246,752,0
SPY190722C299,2019-07-19,2019-07-19 09:35:44,1.28,0.8311,7,1.26,0.8181,128,1.27,0.8246,10,1.27,0.8246,752,0
SPY190722C299,2019-07-19,2019-07-19 09:35:44,1.28,0.8311,37,1.26,0.8181,128,1.27,0.8246,10,1.27,0.8246,752,0
SPY190722C299,2019-07-19,2019-07-19 09:35:45,1.28,0.8311,7,1.27,0.8246,24,1.27,0.8246,10,1.275,0.8279,752,0
SPY190722C299,2019-07-19,2019-07-19 09:35:45,1.28,0.8311,7,1.27,0.8246,34,1.27,0.8246,10,1.275,0.8279,752,0
SPY190722C299,2019-07-19,2019-07-19 09:35:46,1.28,0.8311,7,1.27,0.8246,34,1.27,0.8246,10,1.275,0.8279,752,0
SPY190722C299,2019-07-19,2019-07-19 09:35:47,1.28,0.8311,7,1.27,0.8246,24,1.27,0.8246,10,1.275,0.8279,752,0
SPY190722C299,2019-07-19,2019-07-19 09:35:47,1.28,0.8311,23,1.27,0.8246,34,1.27,0.8246,10,1.275,0.8279,752,0
SPY190722C299,2019-07-19,2019-07-19 09:35:48,1.28,0.8311,26,1.26,0.8181,75,1.27,0.8246,7,1.27,0.8246,759,0
SPY190722C299,2019-07-19,2019-07-19 09:35:48,1.28,0.8311,10,1.26,0.8181,36,1.27,0.8246,7,1.27,0.8246,759,7
SPY190722C299,2019-07-19,2019-07-19 09:35:49,1.28,0.8311,7,1.27,0.8246,24,1.27,0.8246,7,1.275,0.8279,759,0
SPY190722C299,2019-07-19,2019-07-19 09:35:49,1.28,0.8311,26,1.26,0.8181,75,1.27,0.8246,7,1.27,0.8246,759,0
SPY190722C299,2019-07-19,2019-07-19 09:35:50,1.28,0.8311,7,1.27,0.8246,24,1.27,0.8246,1,1.275,0.8279,760,1
SPY190722C299,2019-07-19,2019-07-19 09:35:50,1.29,0.8376,131,1.27,0.8246,25,1.27,0.8246,1,1.28,0.8311,760,0
SPY190722C299,2019-07-19,2019-07-19 09:35:51,1.28,0.8311,23,1.27,0.8246,12,1.27,0.8246,1,1.275,0.8279,760,0
SPY190722C299,2019-07-19,2019-07-19 09:35:52,1.29,0.8376,144,1.27,0.8246,24,1.27,0.8246,1,1.28,0.8311,760,0
SPY190722C299,2019-07-19,2019-07-19 09:35:52,1.28,0.8311,20,1.26,0.8181,34,1.27,0.8246,1,1.27,0.8246,760,0
SPY190722C299,2019-07-19,2019-07-19 09:35:53,1.27,0.8246,23,1.25,0.8116,194,1.27,0.8246,1,1.26,0.8181,760,0
SPY190722C299,2019-07-19,2019-07-19 09:35:53,1.28,0.8311,27,1.26,0.8181,36,1.27,0.8246,1,1.27,0.8246,760,0
SPY190722C299,2019-07-19,2019-07-19 09:35:54,1.28,0.8311,7,1.27,0.8246,35,1.27,0.8246,1,1.275,0.8279,760,0
SPY190722C299,2019-07-19,2019-07-19 09:35:54,1.29,0.8376,125,1.27,0.8246,35,1.27,0.8246,1,1.28,0.8311,760,0
SPY190722C299,2019-07-19,2019-07-19 09:35:55,1.28,0.8311,24,1.27,0.8246,35,1.27,0.8246,1,1.275,0.8279,760,0
SPY190722C299,2019-07-19,2019-07-19 09:35:56,1.28,0.8311,7,1.27,0.8246,35,1.27,0.8246,1,1.275,0.8279,760,0
SPY190722C299,2019-07-19,2019-07-19 09:35:56,1.28,0.8311,23,1.27,0.8246,25,1.27,0.8246,1,1.275,0.8279,760,0
SPY190722C299,2019-07-19,2019-07-19 09:35:57,1.28,0.8311,104,1.26,0.8181,24,1.27,0.8246,8,1.27,0.8246,768,8
SPY190722C299,2019-07-19,2019-07-19 09:35:57,1.29,0.8376,151,1.26,0.8181,55,1.27,0.8246,8,1.275,0.8279,768,0
SPY190722C299,2019-07-19,2019-07-19 09:35:58,1.28,0.8311,62,1.26,0.8181,34,1.27,0.8246,8,1.27,0.8246,768,0
SPY190722C299,2019-07-19,2019-07-19 09:35:58,1.29,0.8376,151,1.26,0.8181,55,1.27,0.8246,8,1.275,0.8279,768,0
SPY190722C299,2019-07-19,2019-07-19 09:35:59,1.28,0.8311,23,1.26,0.8181,87,1.27,0.8246,8,1.27,0.8246,768,0
SPY190722C299,2019-07-19,2019-07-19 09:36:00,1.3,0.8441,3,1.28,0.8311,40,1.28,0.8311,6,1.29,0.8376,774,0
SPY190722C299,2019-07-19,2019-07-19 09:36:00,1.28,0.8311,27,1.26,0.8181,80,1.28,0.8311,6,1.27,0.8246,774,6
SPY190722C299,2019-07-19,2019-07-19 09:36:01,1.3,0.8441,24,1.28,0.8311,100,1.28,0.8311,6,1.29,0.8376,774,0
SPY190722C299,2019-07-19,2019-07-19 09:36:02,1.3,0.8441,7,1.28,0.8311,64,1.28,0.8311,6,1.29,0.8376,774,0
SPY190722C299,2019-07-19,2019-07-19 09:36:02,1.3,0.8441,7,1.28,0.8311,107,1.28,0.8311,6,1.29,0.8376,774,0
SPY190722C299,2019-07-19,2019-07-19 09:36:03,1.3,0.8441,10,1.28,0.8311,141,1.28,0.8311,6,1.29,0.8376,774,0
SPY190722C299,2019-07-19,2019-07-19 09:36:04,1.29,0.8376,121,1.27,0.8246,24,1.29,0.8376,12,1.28,0.8311,786,12
SPY190722C299,2019-07-19,2019-07-19 09:36:04,1.3,0.8441,20,1.28,0.8311,82,1.28,0.8311,6,1.29,0.8376,774,0
SPY190722C299,2019-07-19,2019-07-19 09:36:05,1.28,0.8311,58,1.26,0.8181,36,1.29,0.8376,12,1.27,0.8246,786,0
SPY190722C299,2019-07-19,2019-07-19 09:36:05,1.27,0.8246,12,1.26,0.8181,36,1.29,0.8376,12,1.265,0.8214,786,0
SPY190722C299,2019-07-19,2019-07-19 09:36:06,1.28,0.8311,83,1.26,0.8181,24,1.29,0.8376,12,1.27,0.8246,786,0
SPY190722C299,2019-07-19,2019-07-19 09:36:06,1.27,0.8246,5,1.26,0.8181,54,1.29,0.8376,12,1.265,0.8214,786,0
SPY190722C299,2019-07-19,2019-07-19 09:36:07,1.28,0.8311,102,1.26,0.8181,12,1.29,0.8376,12,1.27,0.8246,786,0
SPY190722C299,2019-07-19,2019-07-19 09:36:08,1.29,0.8376,54,1.27,0.8246,24,1.28,0.8311,6,1.28,0.8311,792,6
SPY190722C299,2019-07-19,2019-07-19 09:36:08,1.28,0.8311,102,1.26,0.8181,27,1.29,0.8376,12,1.27,0.8246,786,0
SPY190722C299,2019-07-19,2019-07-19 09:36:09,1.29,0.8376,122,1.27,0.8246,24,1.28,0.8311,6,1.28,0.8311,792,0
SPY190722C299,2019-07-19,2019-07-19 09:36:10,1.29,0.8376,123,1.27,0.8246,34,1.28,0.8311,6,1.28,0.8311,792,0
SPY190722C299,2019-07-19,2019-07-19 09:36:11,1.28,0.8311,1,1.27,0.8246,64,1.28,0.8311,6,1.275,0.8279,792,0
SPY190722C299,2019-07-19,2019-07-19 09:36:11,1.29,0.8376,48,1.27,0.8246,64,1.28,0.8311,6,1.28,0.8311,792,0
SPY190722C299,2019-07-19,2019-07-19 09:36:12,1.28,0.8311,1,1.27,0.8246,79,1.28,0.8311,6,1.275,0.8279,792,0
SPY190722C299,2019-07-19,2019-07-19 09:36:12,1.3,0.8441,100,1.27,0.8246,206,1.28,0.8311,6,1.285,0.8344,792,0
SPY190722C299,2019-07-19,2019-07-19 09:36:13,1.32,0.8571,122,1.3,0.8441,31,1.3,0.8441,3,1.31,0.8506,795,0
SPY190722C299,2019-07-19,2019-07-19 09:36:13,1.3,0.8441,3,1.3,0.8441,1,1.3,0.8441,3,1.3,0.8441,795,3
SPY190722C299,2019-07-19,2019-07-19 09:36:14,1.31,0.8506,23,1.3,0.8441,41,1.3,0.8441,3,1.305,0.8474,795,0
SPY190722C299,2019-07-19,2019-07-19 09:36:15,1.32,0.8571,27,1.3,0.8441,41,1.3,0.8441,3,1.31,0.8506,795,0
SPY190722C299,2019-07-19,2019-07-19 09:36:15,1.32,0.8571,113,1.3,0.8441,30,1.3,0.8441,3,1.31,0.8506,795,0
SPY190722C299,2019-07-19,2019-07-19 09:36:16,1.31,0.8506,121,1.29,0.8376,24,1.3,0.8441,3,1.3,0.8441,795,0
SPY190722C299,2019-07-19,2019-07-19 09:36:16,1.32,0.8571,113,1.29,0.8376,30,1.3,0.8441,3,1.305,0.8474,795,0
SPY190722C299,2019-07-19,2019-07-19 09:36:17,1.31,0.8506,156,1.29,0.8376,40,1.3,0.8441,3,1.3,0.8441,795,0
SPY190722C299,2019-07-19,2019-07-19 09:36:18,1.3,0.8441,96,1.28,0.8311,37,1.3,0.8441,3,1.29,0.8376,795,0
SPY190722C299,2019-07-19,2019-07-19 09:36:18,1.31,0.8506,73,1.29,0.8376,40,1.3,0.8441,3,1.3,0.8441,795,0
SPY190722C299,2019-07-19,2019-07-19 09:36:19,1.3,0.8441,123,1.28,0.8311,24,1.3,0.8441,3,1.29,0.8376,795,0
SPY190722C299,2019-07-19,2019-07-19 09:36:20,1.29,0.8376,52,1.27,0.8246,61,1.3,0.8441,3,1.28,0.8311,795,0
SPY190722C299,2019-07-19,2019-07-19 09:36:20,1.3,0.8441,90,1.27,0.8246,192,1.3,0.8441,3,1.285,0.8344,795,0
SPY190722C299,2019-07-19,2019-07-19 09:36:21,1.29,0.8376,28,1.28,0.8311,25,1.3,0.8441,3,1.285,0.8344,795,0
SPY190722C299,2019-07-19,2019-07-19 09:36:21,1.3,0.8441,136,1.27,0.8246,220,1.3,0.8441,3,1.285,0.8344,795,0
SPY190722C299,2019-07-19,2019-07-19 09:36:22,1.3,0.8441,146,1.28,0.8311,12,1.3,0.8441,3,1.29,0.8376,795,0
SPY190722C299,2019-07-19,2019-07-19 09:36:22,1.3,0.8441,55,1.28,0.8311,88,1.3,0.8441,3,1.29,0.8376,795,0
SPY190722C299,2019-07-19,2019-07-19 09:36:23,1.32,0.8571,236,1.29,0.8376,45,1.29,0.8376,1,1.305,0.8474,796,1
SPY190722C299,2019-07-19,2019-07-19 09:36:24,1.31,0.8506,119,1.29,0.8376,22,1.29,0.8376,1,1.3,0.8441,796,0
SPY190722C299,2019-07-19,2019-07-19 09:36:25,1.31,0.8506,143,1.29,0.8376,31,1.29,0.8376,1,1.3,0.8441,796,0
SPY190722C299,2019-07-19,2019-07-19 09:36:25,1.31,0.8506,110,1.29,0.8376,31,1.29,0.8376,1,1.3,0.8441,796,0
SPY190722C299,2019-07-19,2019-07-19 09:36:26,1.31,0.8506,143,1.29,0.8376,34,1.29,0.8376,1,1.3,0.8441,796,0
SPY190722C299,2019-07-19,2019-07-19 09:36:26,1.3,0.8441,7,1.29,0.8376,34,1.29,0.8376,1,1.295,0.8409,796,0
SPY190722C299,2019-07-19,2019-07-19 09:36:27,1.31,0.8506,143,1.29,0.8376,34,1.29,0.8376,1,1.3,0.8441,796,0
SPY190722C299,2019-07-19,2019-07-19 09:36:28,1.31,0.8506,143,1.29,0.8376,34,1.29,0.8376,1,1.3,0.8441,796,0
SPY190722C299,2019-07-19,2019-07-19 09:36:28,1.32,0.8571,125,1.3,0.8441,24,1.29,0.8376,1,1.31,0.8506,796,0
SPY190722C299,2019-07-19,2019-07-19 09:36:29,1.31,0.8506,37,1.29,0.8376,1,1.29,0.8376,1,1.3,0.8441,796,0
SPY190722C299,2019-07-19,2019-07-19 09:36:29,1.32,0.8571,123,1.3,0.8441,34,1.29,0.8376,1,1.31,0.8506,796,0
SPY190722C299,2019-07-19,2019-07-19 09:36:30,1.31,0.8506,1,1.3,0.8441,7,1.29,0.8376,1,1.305,0.8474,796,0
SPY190722C299,2019-07-19,2019-07-19 09:36:30,1.31,0.8506,135,1.29,0.8376,24,1.29,0.8376,1,1.3,0.8441,796,0
SPY190722C299,2019-07-19,2019-07-19 09:36:31,1.32,0.8571,118,1.3,0.8441,34,1.29,0.8376,1,1.31,0.8506,796,0
SPY190722C299,2019-07-19,2019-07-19 09:36:32,1.32,0.8571,88,1.3,0.8441,35,1.29,0.8376,1,1.31,0.8506,796,0
SPY190722C299,2019-07-19,2019-07-19 09:36:32,1.32,0.8571,118,1.3,0.8441,34,1.29,0.8376,1,1.31,0.8506,796,0
SPY190722C299,2019-07-19,2019-07-19 09:36:33,1.32,0.8571,96,1.3,0.8441,50,1.29,0.8376,1,1.31,0.8506,796,0
SPY190722C299,2019-07-19,2019-07-19 09:36:33,1.32,0.8571,118,1.3,0.8441,24,1.29,0.8376,1,1.31,0.8506,796,0
SPY190722C299,2019-07-19,2019-07-19 09:36:34,1.32,0.8571,7,1.3,0.8441,24,1.29,0.8376,1,1.31,0.8506,796,0
SPY190722C299,2019-07-19,2019-07-19 09:36:35,1.32,0.8571,68,1.31,0.8506,35,1.31,0.8506,1,1.315,0.8538,797,1
SPY190722C299,2019-07-19,2019-07-19 09:36:36,1.32,0.8571,7,1.31,0.8506,25,1.31,0.8506,1,1.315,0.8538,797,0
SPY190722C299,2019-07-19,2019-07-19 09:36:36,1.33,0.8636,148,1.31,0.8506,25,1.31,0.8506,1,1.32,0.8571,797,0
SPY190722C299,2019-07-19,2019-07-19 09:36:37,1.33,0.8636,112,1.31,0.8506,70,1.31,0.8506,2,1.32,0.8571,799,2
SPY190722C299,2019-07-19,2019-07-19 09:36:37,1.33,0.8636,41,1.31,0.8506,70,1.31,0.8506,2,1.32,0.8571,799,0
SPY190722C299,2019-07-19,2019-07-19 09:36:38,1.33,0.8636,41,1.31,0.8506,70,1.31,0.8506,2,1.32,0.8571,799,0
SPY190722C299,2019-07-19,2019-07-19 09:36:38,1.32,0.8571,29,1.3,0.8441,32,1.31,0.8506,2,1.31,0.8506,799,0
SPY190722C299,2019-07-19,2019-07-19 09:36:39,1.31,0.8506,23,1.29,0.8376,210,1.31,0.8506,2,1.3,0.8441,799,0
SPY190722C299,2019-07-19,2019-07-19 09:36:40,1.32,0.8571,63,1.3,0.8441,54,1.31,0.8506,2,1.31,0.8506,799,0
SPY190722C299,2019-07-19,2019-07-19 09:36:40,1.32,0.8571,69,1.3,0.8441,54,1.31,0.8506,2,1.31,0.8506,799,0
SPY190722C299,2019-07-19,2019-07-19 09:36:41,1.31,0.8506,15,1.3,0.8441,64,1.31,0.8506,1,1.305,0.8474,800,0
SPY190722C299,2019-07-19,2019-07-19 09:36:41,1.31,0.8506,30,1.3,0.8441,64,1.31,0.8506,1,1.305,0.8474,800,1
SPY190722C299,2019-07-19,2019-07-19 09:36:42,1.33,0.8636,37,1.31,0.8506,90,1.31,0.8506,1,1.32,0.8571,800,0
SPY190722C299,2019-07-19,2019-07-19 09:36:42,1.33,0.8636,27,1.31,0.8506,44,1.31,0.8506,1,1.32,0.8571,800,0
SPY190722C299,2019-07-19,2019-07-19 09:36:43,1.33,0.8636,28,1.31,0.8506,90,1.31,0.8506,1,1.32,0.8571,800,0
SPY190722C299,2019-07-19,2019-07-19 09:36:44,1.33,0.8636,28,1.31,0.8506,112,1.31,0.8506,1,1.32,0.8571,800,0
SPY190722C299,2019-07-19,2019-07-19 09:36:44,1.33,0.8636,27,1.31,0.8506,137,1.31,0.8506,1,1.32,0.8571,800,0
SPY190722C299,2019-07-19,2019-07-19 09:36:45,1.32,0.8571,7,1.3,0.8441,261,1.31,0.8506,1,1.31,0.8506,800,0
SPY190722C299,2019-07-19,2019-07-19 09:36:45,1.33,0.8636,142,1.31,0.8506,24,1.31,0.8506,1,1.32,0.8571,800,0
SPY190722C299,2019-07-19,2019-07-19 09:36:46,1.32,0.8571,37,1.3,0.8441,209,1.31,0.8506,1,1.31,0.8506,800,0
SPY190722C299,2019-07-19,2019-07-19 09:36:47,1.31,0.8506,7,1.29,0.8376,24,1.3,0.8441,30,1.3,0.8441,830,0
SPY190722C299,2019-07-19,2019-07-19 09:36:47,1.3,0.8441,1,1.29,0.8376,30,1.3,0.8441,30,1.295,0.8409,830,30
SPY190722C299,2019-07-19,2019-07-19 09:36:48,1.32,0.8571,79,1.29,0.8376,56,1.3,0.8441,30,1.305,0.8474,830,0
SPY190722C299,2019-07-19,2019-07-19 09:36:48,1.32,0.8571,79,1.29,0.8376,233,1.3,0.8441,30,1.305,0.8474,830,0
SPY190722C299,2019-07-19,2019-07-19 09:36:49,1.31,0.8506,7,1.29,0.8376,247,1.3,0.8441,3,1.3,0.8441,833,0
SPY190722C299,2019-07-19,2019-07-19 09:36:49,1.32,0.8571,111,1.29,0.8376,247,1.3,0.8441,3,1.305,0.8474,833,3
SPY190722C299,2019-07-19,2019-07-19 09:36:50,1.31,0.8506,7,1.3,0.8441,54,1.3,0.8441,3,1.305,0.8474,833,0
SPY190722C299,2019-07-19,2019-07-19 09:36:51,1.32,0.8571,23,1.29,0.8376,193,1.3,0.8441,3,1.305,0.8474,833,0
SPY190722C299,2019-07-19,2019-07-19 09:36:51,1.33,0.8636,234,1.29,0.8376,193,1.3,0.8441,3,1.31,0.8506,833,0
SPY190722C299,2019-07-19,2019-07-19 09:36:52,1.33,0.8636,234,1.3,0.8441,26,1.3,0.8441,3,1.315,0.8538,833,0
SPY190722C299,2019-07-19,2019-07-19 09:36:52,1.31,0.8506,23,1.28,0.8311,154,1.3,0.8441,3,1.295,0.8409,833,0
SPY190722C299,2019-07-19,2019-07-19 09:36:53,1.31,0.8506,59,1.29,0.8376,9,1.3,0.8441,3,1.3,0.8441,833,0
SPY190722C299,2019-07-19,2019-07-19 09:36:53,1.3,0.8441,34,1.28,0.8311,215,1.3,0.8441,3,1.29,0.8376,833,0
SPY190722C299,2019-07-19,2019-07-19 09:36:54,1.3,0.8441,33,1.28,0.8311,168,1.3,0.8441,3,1.29,0.8376,833,0
SPY190722C299,2019-07-19,2019-07-19 09:36:54,1.3,0.8441,34,1.28,0.8311,168,1.3,0.8441,3,1.29,0.8376,833,0
SPY190722C299,2019-07-19,2019-07-19 09:36:55,1.3,0.8441,34,1.28,0.8311,158,1.3,0.8441,3,1.29,0.8376,833,0
SPY190722C299,2019-07-19,2019-07-19 09:36:56,1.3,0.8441,34,1.28,0.8311,195,1.3,0.8441,3,1.29,0.8376,833,0
SPY190722C299,2019-07-19,2019-07-19 09:36:57,1.3,0.8441,23,1.28,0.8311,262,1.29,0.8376,10,1.29,0.8376,843,0
SPY190722C299,2019-07-19,2019-07-19 09:36:57,1.3,0.8441,24,1.28,0.8311,168,1.29,0.8376,10,1.29,0.8376,843,10
SPY190722C299,2019-07-19,2019-07-19 09:36:58,1.32,0.8571,66,1.29,0.8376,195,1.29,0.8376,10,1.305,0.8474,843,0
SPY190722C299,2019-07-19,2019-07-19 09:36:58,1.32,0.8571,23,1.29,0.8376,195,1.29,0.8376,10,1.305,0.8474,843,0
SPY190722C299,2019-07-19,2019-07-19 09:36:59,1.32,0.8571,1,1.3,0.8441,102,1.29,0.8376,10,1.31,0.8506,843,0
SPY190722C299,2019-07-19,2019-07-19 09:37:00,1.32,0.8571,41,1.31,0.8506,24,1.29,0.8376,10,1.315,0.8538,843,0
SPY190722C299,2019-07-19,2019-07-19 09:37:00,1.32,0.8571,1,1.31,0.8506,74,1.29,0.8376,10,1.315,0.8538,843,0
SPY190722C299,2019-07-19,2019-07-19 09:37:01,1.32,0.8571,27,1.3,0.8441,52,1.29,0.8376,10,1.31,0.8506,843,0
SPY190722C299,2019-07-19,2019-07-19 09:37:01,1.32,0.8571,27,1.3,0.8441,58,1.29,0.8376,10,1.31,0.8506,843,0
SPY190722C299,2019-07-19,2019-07-19 09:37:02,1.31,0.8506,7,1.3,0.8441,36,1.29,0.8376,10,1.305,0.8474,843,0
SPY190722C299,2019-07-19,2019-07-19 09:37:02,1.32,0.8571,33,1.3,0.8441,58,1.29,0.8376,10,1.31,0.8506,843,0
SPY190722C299,2019-07-19,2019-07-19 09:37:03,1.31,0.8506,32,1.3,0.8441,12,1.29,0.8376,10,1.305,0.8474,843,0
SPY190722C299,2019-07-19,2019-07-19 09:37:04,1.3,0.8441,30,1.29,0.8376,24,1.29,0.8376,10,1.295,0.8409,843,0
SPY190722C299,2019-07-19,2019-07-19 09:37:04,1.3,0.8441,29,1.29,0.8376,24,1.29,0.8376,10,1.295,0.8409,843,0
SPY190722C299,2019-07-19,2019-07-19 09:37:05,1.3,0.8441,30,1.29,0.8376,24,1.29,0.8376,10,1.295,0.8409,843,0
SPY190722C299,2019-07-19,2019-07-19 09:37:06,1.3,0.8441,40,1.29,0.8376,55,1.29,0.8376,10,1.295,0.8409,843,0
SPY190722C299,2019-07-19,2019-07-19 09:37:06,1.3,0.8441,29,1.29,0.8376,55,1.29,0.8376,10,1.295,0.8409,843,0
SPY190722C299,2019-07-19,2019-07-19 09:37:07,1.3,0.8441,30,1.29,0.8376,24,1.29,0.8376,10,1.295,0.8409,843,0
SPY190722C299,2019-07-19,2019-07-19 09:37:07,1.3,0.8441,40,1.29,0.8376,24,1.29,0.8376,10,1.295,0.8409,843,0
SPY190722C299,2019-07-19,2019-07-19 09:37:08,1.3,0.8441,30,1.29,0.8376,45,1.29,0.8376,10,1.295,0.8409,843,0
SPY190722C299,2019-07-19,2019-07-19 09:37:09,1.3,0.8441,28,1.29,0.8376,45,1.29,0.8376,10,1.295,0.8409,843,0
SPY190722C299,2019-07-19,2019-07-19 09:37:09,1.31,0.8506,67,1.29,0.8376,61,1.29,0.8376,10,1.3,0.8441,843,0
SPY190722C299,2019-07-19,2019-07-19 09:37:10,1.31,0.8506,26,1.29,0.8376,54,1.29,0.8376,10,1.3,0.8441,843,0
SPY190722C299,2019-07-19,2019-07-19 09:37:10,1.31,0.8506,23,1.29,0.8376,54,1.29,0.8376,10,1.3,0.8441,843,0
SPY190722C299,2019-07-19,2019-07-19 09:37:11,1.31,0.8506,37,1.29,0.8376,54,1.29,0.8376,10,1.3,0.8441,843,0
SPY190722C299,2019-07-19,2019-07-19 09:37:12,1.31,0.8506,33,1.29,0.8376,76,1.29,0.8376,10,1.3,0.8441,843,0
SPY190722C299,2019-07-19,2019-07-19 09:37:12,1.3,0.8441,7,1.29,0.8376,110,1.29,0.8376,10,1.295,0.8409,843,0
SPY190722C299,2019-07-19,2019-07-19 09:37:13,1.31,0.8506,36,1.29,0.8376,104,1.29,0.8376,10,1.3,0.8441,843,0
SPY190722C299,2019-07-19,2019-07-19 09:37:13,1.3,0.8441,7,1.29,0.8376,104,1.29,0.8376,10,1.295,0.8409,843,0
SPY190722C299,2019-07-19,2019-07-19 09:37:14,1.3,0.8441,7,1.29,0.8376,54,1.29,0.8376,10,1.295,0.8409,843,0
SPY190722C299,2019-07-19,2019-07-19 09:37:15,1.3,0.8441,1,1.29,0.8376,116,1.29,0.8376,10,1.295,0.8409,843,0
SPY190722C299,2019-07-19,2019-07-19 09:37:15,1.31,0.8506,30,1.29,0.8376,110,1.29,0.8376,10,1.3,0.8441,843,0
SPY190722C299,2019-07-19,2019-07-19 09:37:16,1.31,0.8506,20,1.3,0.8441,24,1.3,0.8441,1,1.305,0.8474,844,1
SPY190722C299,2019-07-19,2019-07-19 09:37:17,1.31,0.8506,33,1.29,0.8376,132,1.3,0.8441,1,1.3,0.8441,844,0
SPY190722C299,2019-07-19,2019-07-19 09:37:17,1.32,0.8571,65,1.3,0.8441,61,1.3,0.8441,1,1.31,0.8506,844,0
SPY190722C299,2019-07-19,2019-07-19 09:37:18,1.3,0.8441,167,1.27,0.8246,137,1.3,0.8441,1,1.285,0.8344,844,0
SPY190722C299,2019-07-19,2019-07-19 09:37:18,1.31,0.8506,34,1.29,0.8376,30,1.3,0.8441,1,1.3,0.8441,844,0
SPY190722C299,2019-07-19,2019-07-19 09:37:19,1.3,0.8441,69,1.27,0.8246,137,1.3,0.8441,1,1.285,0.8344,844,0
SPY190722C299,2019-07-19,2019-07-19 09:37:19,1.29,0.8376,29,1.27,0.8246,137,1.3,0.8441,1,1.28,0.8311,844,0
SPY190722C299,2019-07-19,2019-07-19 09:37:20,1.29,0.8376,29,1.28,0.8311,24,1.3,0.8441,1,1.285,0.8344,844,0
SPY190722C299,2019-07-19,2019-07-19 09:37:20,1.29,0.8376,29,1.28,0.8311,24,1.29,0.8376,20,1.285,0.8344,864,20
SPY190722C299,2019-07-19,2019-07-19 09:37:21,1.28,0.8311,26,1.27,0.8246,22,1.29,0.8376,20,1.275,0.8279,864,0
SPY190722C299,2019-07-19,2019-07-19 09:37:22,1.28,0.8311,21,1.26,0.8181,159,1.26,0.8181,50,1.27,0.8246,914,50
SPY190722C299,2019-07-19,2019-07-19 09:37:22,1.28,0.8311,23,1.26,0.8181,64,1.29,0.8376,20,1.27,0.8246,864,0
SPY190722C299,2019-07-19,2019-07-19 09:37:23,1.29,0.8376,27,1.27,0.8246,137,1.26,0.8181,50,1.28,0.8311,914,0
SPY190722C299,2019-07-19,2019-07-19 09:37:23,1.29,0.8376,37,1.27,0.8246,137,1.26,0.8181,50,1.28,0.8311,914,0
SPY190722C299,2019-07-19,2019-07-19 09:37:24,1.29,0.8376,7,1.28,0.8311,24,1.26,0.8181,50,1.285,0.8344,914,0
SPY190722C299,2019-07-19,2019-07-19 09:37:24,1.29,0.8376,37,1.27,0.8246,137,1.26,0.8181,50,1.28,0.8311,914,0
SPY190722C299,2019-07-19,2019-07-19 09:37:25,1.29,0.8376,7,1.28,0.8311,24,1.26,0.8181,50,1.285,0.8344,914,0
SPY190722C299,2019-07-19,2019-07-19 09:37:26,1.31,0.8506,148,1.28,0.8311,54,1.26,0.8181,50,1.295,0.8409,914,0
SPY190722C299,2019-07-19,2019-07-19 09:37:26,1.31,0.8506,188,1.28,0.8311,24,1.26,0.8181,50,1.295,0.8409,914,0
SPY190722C299,2019-07-19,2019-07-19 09:37:27,1.29,0.8376,10,1.28,0.8311,42,1.28,0.8311,3,1.285,0.8344,917,3
SPY190722C299,2019-07-19,2019-07-19 09:37:27,1.29,0.8376,10,1.28,0.8311,17,1.28,0.8311,3,1.285,0.8344,917,0
SPY190722C299,2019-07-19,2019-07-19 09:37:28,1.29,0.8376,10,1.28,0.8311,27,1.28,0.8311,3,1.285,0.8344,917,0
SPY190722C299,2019-07-19,2019-07-19 09:37:29,1.29,0.8376,10,1.28,0.8311,52,1.28,0.8311,3,1.285,0.8344,917,0
SPY190722C299,2019-07-19,2019-07-19 09:37:30,1.31,0.8506,88,1.29,0.8376,42,1.28,0.8311,3,1.3,0.8441,917,0
SPY190722C299,2019-07-19,2019-07-19 09:37:30,1.3,0.8441,27,1.29,0.8376,24,1.28,0.8311,3,1.295,0.8409,917,0
SPY190722C299,2019-07-19,2019-07-19 09:37:31,1.31,0.8506,108,1.29,0.8376,34,1.28,0.8311,3,1.3,0.8441,917,0
SPY190722C299,2019-07-19,2019-07-19 09:37:31,1.3,0.8441,7,1.29,0.8376,134,1.29,0.8376,1,1.295,0.8409,918,1
SPY190722C299,2019-07-19,2019-07-19 09:37:32,1.3,0.8441,10,1.29,0.8376,124,1.29,0.8376,2,1.295,0.8409,920,2
SPY190722C299,2019-07-19,2019-07-19 09:37:32,1.31,0.8506,36,1.29,0.8376,214,1.29,0.8376,2,1.3,0.8441,920,0
SPY190722C299,2019-07-19,2019-07-19 09:37:33,1.31,0.8506,27,1.29,0.8376,171,1.29,0.8376,2,1.3,0.8441,920,0
SPY190722C299,2019-07-19,2019-07-19 09:37:34,1.31,0.8506,67,1.29,0.8376,130,1.29,0.8376,2,1.3,0.8441,920,0
SPY190722C299,2019-07-19,2019-07-19 09:37:34,1.3,0.8441,1,1.28,0.8311,71,1.29,0.8376,2,1.29,0.8376,920,0
SPY190722C299,2019-07-19,2019-07-19 09:37:35,1.3,0.8441,37,1.28,0.8311,71,1.29,0.8376,2,1.29,0.8376,920,0
SPY190722C299,2019-07-19,2019-07-19 09:37:35,1.3,0.8441,27,1.28,0.8311,71,1.29,0.8376,2,1.29,0.8376,920,0
SPY190722C299,2019-07-19,2019-07-19 09:37:36,1.3,0.8441,33,1.28,0.8311,61,1.29,0.8376,2,1.29,0.8376,920,0
SPY190722C299,2019-07-19,2019-07-19 09:37:36,1.3,0.8441,51,1.28,0.8311,70,1.29,0.8376,2,1.29,0.8376,920,0
SPY190722C299,2019-07-19,2019-07-19 09:37:37,1.3,0.8441,1,1.28,0.8311,71,1.29,0.8376,2,1.29,0.8376,920,0
SPY190722C299,2019-07-19,2019-07-19 09:37:37,1.3,0.8441,16,1.29,0.8376,44,1.29,0.8376,2,1.295,0.8409,920,0
SPY190722C299,2019-07-19,2019-07-19 09:37:38,1.3,0.8441,16,1.29,0.8376,44,1.29,0.8376,2,1.295,0.8409,920,0
SPY190722C299,2019-07-19,2019-07-19 09:37:39,1.31,0.8506,71,1.29,0.8376,47,1.29,0.8376,4,1.3,0.8441,924,0
SPY190722C299,2019-07-19,2019-07-19 09:37:39,1.31,0.8506,31,1.3,0.8441,24,1.29,0.8376,4,1.305,0.8474,924,4
SPY190722C299,2019-07-19,2019-07-19 09:37:40,1.31,0.8506,48,1.3,0.8441,7,1.29,0.8376,4,1.305,0.8474,924,0
SPY190722C299,2019-07-19,2019-07-19 09:37:40,1.31,0.8506,76,1.29,0.8376,47,1.29,0.8376,4,1.3,0.8441,924,0
SPY190722C299,2019-07-19,2019-07-19 09:37:41,1.3,0.8441,58,1.28,0.8311,12,1.3,0.8441,7,1.29,0.8376,931,0
SPY190722C299,2019-07-19,2019-07-19 09:37:41,1.31,0.8506,32,1.3,0.8441,7,1.3,0.8441,7,1.305,0.8474,931,7
SPY190722C299,2019-07-19,2019-07-19 09:37:42,1.3,0.8441,83,1.28,0.8311,12,1.3,0.8441,7,1.29,0.8376,931,0
SPY190722C299,2019-07-19,2019-07-19 09:37:42,1.29,0.8376,1,1.28,0.8311,12,1.3,0.8441,7,1.285,0.8344,931,0
SPY190722C299,2019-07-19,2019-07-19 09:37:43,1.29,0.8376,10,1.28,0.8311,31,1.3,0.8441,7,1.285,0.8344,931,0
SPY190722C299,2019-07-19,2019-07-19 09:37:44,1.29,0.8376,10,1.28,0.8311,63,1.3,0.8441,7,1.285,0.8344,931,0
SPY190722C299,2019-07-19,2019-07-19 09:37:44,1.29,0.8376,10,1.28,0.8311,51,1.3,0.8441,7,1.285,0.8344,931,0
SPY190722C299,2019-07-19,2019-07-19 09:37:45,1.29,0.8376,10,1.27,0.8246,199,1.29,0.8376,1,1.28,0.8311,932,0
SPY190722C299,2019-07-19,2019-07-19 09:37:45,1.29,0.8376,1,1.28,0.8311,61,1.29,0.8376,1,1.285,0.8344,932,1
SPY190722C299,2019-07-19,2019-07-19 09:37:46,1.3,0.8441,225,1.28,0.8311,24,1.29,0.8376,1,1.29,0.8376,932,0
SPY190722C299,2019-07-19,2019-07-19 09:37:47,1.29,0.8376,11,1.28,0.8311,24,1.29,0.8376,1,1.285,0.8344,932,0
SPY190722C299,2019-07-19,2019-07-19 09:37:47,1.29,0.8376,23,1.27,0.8246,62,1.29,0.8376,1,1.28,0.8311,932,0
SPY190722C299,2019-07-19,2019-07-19 09:37:48,1.29,0.8376,36,1.28,0.8311,18,1.29,0.8376,1,1.285,0.8344,932,0
SPY190722C299,2019-07-19,2019-07-19 09:37:48,1.29,0.8376,35,1.28,0.8311,18,1.29,0.8376,1,1.285,0.8344,932,0
SPY190722C299,2019-07-19,2019-07-19 09:37:49,1.29,0.8376,36,1.28,0.8311,18,1.29,0.8376,1,1.285,0.8344,932,0
SPY190722C299,2019-07-19,2019-07-19 09:37:50,1.29,0.8376,15,1.28,0.8311,27,1.28,0.8311,1,1.285,0.8344,933,1
SPY190722C299,2019-07-19,2019-07-19 09:37:51,1.29,0.8376,15,1.28,0.8311,34,1.28,0.8311,1,1.285,0.8344,933,0
SPY190722C299,2019-07-19,2019-07-19 09:37:51,1.29,0.8376,1,1.28,0.8311,34,1.28,0.8311,1,1.285,0.8344,933,0
SPY190722C299,2019-07-19,2019-07-19 09:37:52,1.29,0.8376,1,1.28,0.8311,34,1.28,0.8311,1,1.285,0.8344,933,0
SPY190722C299,2019-07-19,2019-07-19 09:37:53,1.28,0.8311,7,1.27,0.8246,34,1.28,0.8311,1,1.275,0.8279,933,0
SPY190722C299,2019-07-19,2019-07-19 09:37:54,1.28,0.8311,10,1.27,0.8246,63,1.28,0.8311,1,1.275,0.8279,933,0
SPY190722C299,2019-07-19,2019-07-19 09:37:54,1.29,0.8376,36,1.27,0.8246,63,1.28,0.8311,1,1.28,0.8311,933,0
SPY190722C299,2019-07-19,2019-07-19 09:37:55,1.29,0.8376,23,1.27,0.8246,125,1.28,0.8311,1,1.28,0.8311,933,0
SPY190722C299,2019-07-19,2019-07-19 09:37:56,1.29,0.8376,27,1.27,0.8246,185,1.28,0.8311,1,1.28,0.8311,933,0
SPY190722C299,2019-07-19,2019-07-19 09:37:56,1.29,0.8376,20,1.27,0.8246,185,1.28,0.8311,1,1.28,0.8311,933,0
SPY190722C299,2019-07-19,2019-07-19 09:37:57,1.28,0.8311,1,1.27,0.8246,30,1.28,0.8311,1,1.275,0.8279,933,0
SPY190722C299,2019-07-19,2019-07-19 09:37:57,1.29,0.8376,20,1.27,0.8246,185,1.28,0.8311,1,1.28,0.8311,933,0
SPY190722C299,2019-07-19,2019-07-19 09:37:58,1.29,0.8376,23,1.27,0.8246,186,1.28,0.8311,1,1.28,0.8311,933,0
SPY190722C299,2019-07-19,2019-07-19 09:37:58,1.29,0.8376,23,1.27,0.8246,30,1.28,0.8311,1,1.28,0.8311,933,0
SPY190722C299,2019-07-19,2019-07-19 09:37:59,1.29,0.8376,2,1.28,0.8311,42,1.28,0.8311,1,1.285,0.8344,933,0
SPY190722C299,2019-07-19,2019-07-19 09:38:00,1.29,0.8376,2,1.29,0.8376,1,1.29,0.8376,1,1.29,0.8376,934,1
SPY190722C299,2019-07-19,2019-07-19 09:38:00,1.29,0.8376,2,1.28,0.8311,49,1.28,0.8311,1,1.285,0.8344,933,0
SPY190722C299,2019-07-19,2019-07-19 09:38:01,1.3,0.8441,23,1.28,0.8311,89,1.29,0.8376,1,1.29,0.8376,934,0
SPY190722C299,2019-07-19,2019-07-19 09:38:01,1.3,0.8441,26,1.29,0.8376,10,1.29,0.8376,1,1.295,0.8409,934,0
SPY190722C299,2019-07-19,2019-07-19 09:38:02,1.3,0.8441,26,1.28,0.8311,67,1.29,0.8376,1,1.29,0.8376,934,0
SPY190722C299,2019-07-19,2019-07-19 09:38:02,1.3,0.8441,56,1.28,0.8311,64,1.29,0.8376,1,1.29,0.8376,934,0
SPY190722C299,2019-07-19,2019-07-19 09:38:03,1.3,0.8441,1,1.29,0.8376,10,1.29,0.8376,1,1.295,0.8409,934,0
SPY190722C299,2019-07-19,2019-07-19 09:38:03,1.3,0.8441,1,1.29,0.8376,27,1.29,0.8376,1,1.295,0.8409,934,0
SPY190722C299,2019-07-19,2019-07-19 09:38:04,1.3,0.8441,1,1.29,0.8376,27,1.29,0.8376,1,1.295,0.8409,934,0
SPY190722C299,2019-07-19,2019-07-19 09:38:05,1.31,0.8506,23,1.29,0.8376,89,1.29,0.8376,1,1.3,0.8441,934,0
SPY190722C299,2019-07-19,2019-07-19 09:38:05,1.31,0.8506,29,1.29,0.8376,63,1.29,0.8376,1,1.3,0.8441,934,0
SPY190722C299,2019-07-19,2019-07-19 09:38:06,1.31,0.8506,16,1.29,0.8376,37,1.29,0.8376,1,1.3,0.8441,934,0
SPY190722C299,2019-07-19,2019-07-19 09:38:06,1.3,0.8441,57,1.29,0.8376,37,1.29,0.8376,1,1.295,0.8409,934,0
SPY190722C299,2019-07-19,2019-07-19 09:38:07,1.3,0.8441,40,1.28,0.8311,61,1.29,0.8376,1,1.29,0.8376,934,0
SPY190722C299,2019-07-19,2019-07-19 09:38:08,1.3,0.8441,70,1.28,0.8311,71,1.29,0.8376,1,1.29,0.8376,934,0
SPY190722C299,2019-07-19,2019-07-19 09:38:08,1.3,0.8441,23,1.28,0.8311,232,1.28,0.8311,6,1.29,0.8376,940,6
SPY190722C299,2019-07-19,2019-07-19 09:38:09,1.3,0.8441,52,1.28,0.8311,242,1.28,0.8311,6,1.29,0.8376,940,0
SPY190722C299,2019-07-19,2019-07-19 09:38:10,1.3,0.8441,52,1.28,0.8311,242,1.28,0.8311,6,1.29,0.8376,940,0
SPY190722C299,2019-07-19,2019-07-19 09:38:11,1.3,0.8441,52,1.28,0.8311,372,1.28,0.8311,6,1.29,0.8376,940,0
SPY190722C299,2019-07-19,2019-07-19 09:38:11,1.3,0.8441,52,1.28,0.8311,242,1.28,0.8311,6,1.29,0.8376,940,0
SPY190722C299,2019-07-19,2019-07-19 09:38:12,1.29,0.8376,10,1.28,0.8311,189,1.28,0.8311,6,1.285,0.8344,940,0
SPY190722C299,2019-07-19,2019-07-19 09:38:12,1.3,0.8441,69,1.28,0.8311,189,1.28,0.8311,6,1.29,0.8376,940,0
SPY190722C299,2019-07-19,2019-07-19 09:38:13,1.29,0.8376,10,1.28,0.8311,189,1.28,0.8311,6,1.285,0.8344,940,0
SPY190722C299,2019-07-19,2019-07-19 09:38:14,1.29,0.8376,23,1.28,0.8311,34,1.28,0.8311,6,1.285,0.8344,940,0
SPY190722C299,2019-07-19,2019-07-19 09:38:15,1.29,0.8376,24,1.28,0.8311,34,1.28,0.8311,6,1.285,0.8344,940,0
SPY190722C299,2019-07-19,2019-07-19 09:38:16,1.3,0.8441,30,1.28,0.8311,71,1.28,0.8311,6,1.29,0.8376,940,0
SPY190722C299,2019-07-19,2019-07-19 09:38:16,1.3,0.8441,19,1.28,0.8311,31,1.28,0.8311,6,1.29,0.8376,940,0
SPY190722C299,2019-07-19,2019-07-19 09:38:17,1.3,0.8441,82,1.28,0.8311,71,1.28,0.8311,6,1.29,0.8376,940,0
SPY190722C299,2019-07-19,2019-07-19 09:38:17,1.3,0.8441,27,1.28,0.8311,71,1.28,0.8311,6,1.29,0.8376,940,0
SPY190722C299,2019-07-19,2019-07-19 09:38:18,1.3,0.8441,81,1.28,0.8311,71,1.28,0.8311,6,1.29,0.8376,940,0
SPY190722C299,2019-07-19,2019-07-19 09:38:18,1.3,0.8441,71,1.28,0.8311,60,1.28,0.8311,6,1.29,0.8376,940,0
SPY190722C299,2019-07-19,2019-07-19 09:38:19,1.3,0.8441,37,1.28,0.8311,103,1.28,0.8311,6,1.29,0.8376,940,0
SPY190722C299,2019-07-19,2019-07-19 09:38:19,1.3,0.8441,58,1.28,0.8311,70,1.28,0.8311,6,1.29,0.8376,940,0
SPY190722C299,2019-07-19,2019-07-19 09:38:20,1.3,0.8441,26,1.28,0.8311,164,1.28,0.8311,6,1.29,0.8376,940,0
SPY190722C299,2019-07-19,2019-07-19 09:38:21,1.3,0.8441,27,1.28,0.8311,164,1.28,0.8311,6,1.29,0.8376,940,0
SPY190722C299,2019-07-19,2019-07-19 09:38:21,1.3,0.8441,37,1.28,0.8311,323,1.28,0.8311,6,1.29,0.8376,940,0
SPY190722C299,2019-07-19,2019-07-19 09:38:22,1.29,0.8376,1,1.28,0.8311,91,1.28,0.8311,6,1.285,0.8344,940,0
SPY190722C299,2019-07-19,2019-07-19 09:38:23,1.29,0.8376,1,1.28,0.8311,76,1.28,0.8311,6,1.285,0.8344,940,0
SPY190722C299,2019-07-19,2019-07-19 09:38:23,1.3,0.8441,89,1.28,0.8311,91,1.28,0.8311,6,1.29,0.8376,940,0
SPY190722C299,2019-07-19,2019-07-19 09:38:24,1.29,0.8376,23,1.28,0.8311,76,1.28,0.8311,6,1.285,0.8344,940,0
SPY190722C299,2019-07-19,2019-07-19 09:38:24,1.3,0.8441,36,1.28,0.8311,76,1.28,0.8311,6,1.29,0.8376,940,0
SPY190722C299,2019-07-19,2019-07-19 09:38:25,1.3,0.8441,52,1.28,0.8311,218,1.28,0.8311,6,1.29,0.8376,940,0
SPY190722C299,2019-07-19,2019-07-19 09:38:26,1.3,0.8441,79,1.28,0.8311,54,1.28,0.8311,6,1.29,0.8376,940,0
SPY190722C299,2019-07-19,2019-07-19 09:38:26,1.3,0.8441,89,1.28,0.8311,54,1.28,0.8311,6,1.29,0.8376,940,0
SPY190722C299,2019-07-19,2019-07-19 09:38:27,1.29,0.8376,7,1.28,0.8311,64,1.28,0.8311,6,1.285,0.8344,940,0
SPY190722C299,2019-07-19,2019-07-19 09:38:27,1.3,0.8441,89,1.28,0.8311,89,1.28,0.8311,6,1.29,0.8376,940,0
SPY190722C299,2019-07-19,2019-07-19 09:38:28,1.29,0.8376,28,1.28,0.8311,54,1.28,0.8311,6,1.285,0.8344,940,0
SPY190722C299,2019-07-19,2019-07-19 09:38:29,1.29,0.8376,38,1.28,0.8311,54,1.28,0.8311,6,1.285,0.8344,940,0
SPY190722C299,2019-07-19,2019-07-19 09:38:30,1.29,0.8376,23,1.28,0.8311,60,1.28,0.8311,6,1.285,0.8344,940,0
SPY190722C299,2019-07-19,2019-07-19 09:38:30,1.29,0.8376,23,1.28,0.8311,70,1.28,0.8311,6,1.285,0.8344,940,0
SPY190722C299,2019-07-19,2019-07-19 09:38:31,1.29,0.8376,23,1.28,0.8311,70,1.28,0.8311,6,1.285,0.8344,940,0
SPY190722C299,2019-07-19,2019-07-19 09:38:32,1.3,0.8441,85,1.28,0.8311,77,1.28,0.8311,6,1.29,0.8376,940,0
SPY190722C299,2019-07-19,2019-07-19 09:38:33,1.3,0.8441,26,1.28,0.8311,130,1.28,0.8311,6,1.29,0.8376,940,0
SPY190722C299,2019-07-19,2019-07-19 09:38:33,1.29,0.8376,1,1.28,0.8311,130,1.28,0.8311,6,1.285,0.8344,940,0
SPY190722C299,2019-07-19,2019-07-19 09:38:34,1.3,0.8441,23,1.28,0.8311,323,1.28,0.8311,6,1.29,0.8376,940,0
SPY190722C299,2019-07-19,2019-07-19 09:38:35,1.3,0.8441,23,1.29,0.8376,42,1.28,0.8311,6,1.295,0.8409,940,0
SPY190722C299,2019-07-19,2019-07-19 09:38:35,1.3,0.8441,3,1.29,0.8376,42,1.28,0.8311,6,1.295,0.8409,940,0
SPY190722C299,2019-07-19,2019-07-19 09:38:36,1.3,0.8441,3,1.29,0.8376,82,1.29,0.8376,4,1.295,0.8409,944,4
SPY190722C299,2019-07-19,2019-07-19 09:38:36,1.3,0.8441,3,1.29,0.8376,82,1.29,0.8376,4,1.295,0.8409,944,0
SPY190722C299,2019-07-19,2019-07-19 09:38:37,1.3,0.8441,3,1.29,0.8376,167,1.29,0.8376,4,1.295,0.8409,944,0
SPY190722C299,2019-07-19,2019-07-19 09:38:37,1.3,0.8441,3,1.29,0.8376,82,1.29,0.8376,4,1.295,0.8409,944,0
SPY190722C299,2019-07-19,2019-07-19 09:38:38,1.3,0.8441,3,1.29,0.8376,96,1.29,0.8376,4,1.295,0.8409,944,0
SPY190722C299,2019-07-19,2019-07-19 09:38:38,1.3,0.8441,3,1.29,0.8376,167,1.29,0.8376,4,1.295,0.8409,944,0
SPY190722C299,2019-07-19,2019-07-19 09:38:39,1.3,0.8441,3,1.29,0.8376,96,1.29,0.8376,4,1.295,0.8409,944,0
SPY190722C299,2019-07-19,2019-07-19 09:38:40,1.3,0.8441,3,1.29,0.8376,96,1.29,0.8376,4,1.295,0.8409,944,0
SPY190722C299,2019-07-19,2019-07-19 09:38:40,1.3,0.8441,3,1.29,0.8376,144,1.29,0.8376,4,1.295,0.8409,944,0
SPY190722C299,2019-07-19,2019-07-19 09:38:41,1.3,0.8441,3,1.29,0.8376,175,1.29,0.8376,4,1.295,0.8409,944,0
SPY190722C299,2019-07-19,2019-07-19 09:38:42,1.3,0.8441,3,1.29,0.8376,127,1.3,0.8441,1,1.295,0.8409,945,1
SPY190722C299,2019-07-19,2019-07-19 09:38:43,1.3,0.8441,3,1.29,0.8376,216,1.3,0.8441,1,1.295,0.8409,945,0
SPY190722C299,2019-07-19,2019-07-19 09:38:44,1.3,0.8441,3,1.29,0.8376,34,1.3,0.8441,1,1.295,0.8409,945,0
SPY190722C299,2019-07-19,2019-07-19 09:38:44,1.3,0.8441,29,1.29,0.8376,12,1.3,0.8441,1,1.295,0.8409,945,0
SPY190722C299,2019-07-19,2019-07-19 09:38:45,1.3,0.8441,3,1.29,0.8376,25,1.3,0.8441,1,1.295,0.8409,945,0
SPY190722C299,2019-07-19,2019-07-19 09:38:45,1.3,0.8441,3,1.29,0.8376,65,1.3,0.8441,1,1.295,0.8409,945,0
SPY190722C299,2019-07-19,2019-07-19 09:38:46,1.3,0.8441,3,1.3,0.8441,1,1.3,0.8441,3,1.3,0.8441,948,3
SPY190722C299,2019-07-19,2019-07-19 09:38:46,1.3,0.8441,3,1.29,0.8376,62,1.3,0.8441,1,1.295,0.8409,945,0
SPY190722C299,2019-07-19,2019-07-19 09:38:47,1.3,0.8441,3,1.3,0.8441,82,1.3,0.8441,3,1.3,0.8441,948,0
SPY190722C299,2019-07-19,2019-07-19 09:38:48,1.31,0.8506,1,1.3,0.8441,85,1.3,0.8441,3,1.305,0.8474,948,0
SPY190722C299,2019-07-19,2019-07-19 09:38:48,1.31,0.8506,1,1.3,0.8441,58,1.3,0.8441,3,1.305,0.8474,948,0
SPY190722C299,2019-07-19,2019-07-19 09:38:49,1.31,0.8506,1,1.3,0.8441,58,1.3,0.8441,3,1.305,0.8474,948,0
SPY190722C299,2019-07-19,2019-07-19 09:38:49,1.31,0.8506,1,1.3,0.8441,63,1.3,0.8441,3,1.305,0.8474,948,0
SPY190722C299,2019-07-19,2019-07-19 09:38:50,1.31,0.8506,1,1.3,0.8441,42,1.3,0.8441,3,1.305,0.8474,948,0
SPY190722C299,2019-07-19,2019-07-19 09:38:51,1.31,0.8506,1,1.3,0.8441,55,1.3,0.8441,3,1.305,0.8474,948,0
SPY190722C299,2019-07-19,2019-07-19 09:38:51,1.31,0.8506,1,1.3,0.8441,52,1.3,0.8441,3,1.305,0.8474,948,0
SPY190722C299,2019-07-19,2019-07-19 09:38:52,1.31,0.8506,1,1.3,0.8441,54,1.3,0.8441,3,1.305,0.8474,948,0
SPY190722C299,2019-07-19,2019-07-19 09:38:52,1.31,0.8506,1,1.3,0.8441,67,1.31,0.8506,1,1.305,0.8474,949,1
SPY190722C299,2019-07-19,2019-07-19 09:38:53,1.31,0.8506,24,1.3,0.8441,67,1.31,0.8506,1,1.305,0.8474,949,0
SPY190722C299,2019-07-19,2019-07-19 09:38:54,1.31,0.8506,1,1.3,0.8441,67,1.31,0.8506,1,1.305,0.8474,949,0
SPY190722C299,2019-07-19,2019-07-19 09:38:54,1.31,0.8506,23,1.3,0.8441,67,1.31,0.8506,1,1.305,0.8474,949,0
SPY190722C299,2019-07-19,2019-07-19 09:38:55,1.31,0.8506,1,1.3,0.8441,67,1.31,0.8506,1,1.305,0.8474,949,0
SPY190722C299,2019-07-19,2019-07-19 09:38:56,1.31,0.8506,1,1.3,0.8441,50,1.31,0.8506,1,1.305,0.8474,949,0
SPY190722C299,2019-07-19,2019-07-19 09:38:57,1.31,0.8506,23,1.3,0.8441,65,1.31,0.8506,1,1.305,0.8474,949,0
SPY190722C299,2019-07-19,2019-07-19 09:38:57,1.31,0.8506,1,1.3,0.8441,50,1.31,0.8506,1,1.305,0.8474,949,0
SPY190722C299,2019-07-19,2019-07-19 09:38:58,1.31,0.8506,7,1.3,0.8441,65,1.31,0.8506,1,1.305,0.8474,949,0
SPY190722C299,2019-07-19,2019-07-19 09:38:58,1.31,0.8506,24,1.3,0.8441,65,1.31,0.8506,1,1.305,0.8474,949,0
SPY190722C299,2019-07-19,2019-07-19 09:38:59,1.31,0.8506,62,1.29,0.8376,67,1.31,0.8506,1,1.3,0.8441,949,0
SPY190722C299,2019-07-19,2019-07-19 09:39:00,1.31,0.8506,72,1.29,0.8376,105,1.31,0.8506,1,1.3,0.8441,949,0
SPY190722C299,2019-07-19,2019-07-19 09:39:00,1.31,0.8506,72,1.29,0.8376,81,1.31,0.8506,1,1.3,0.8441,949,0
SPY190722C299,2019-07-19,2019-07-19 09:39:01,1.29,0.8376,23,1.28,0.8311,34,1.31,0.8506,1,1.285,0.8344,949,0
SPY190722C299,2019-07-19,2019-07-19 09:39:01,1.31,0.8506,58,1.29,0.8376,105,1.31,0.8506,1,1.3,0.8441,949,0
SPY190722C299,2019-07-19,2019-07-19 09:39:02,1.28,0.8311,7,1.26,0.8181,12,1.31,0.8506,1,1.27,0.8246,949,0
SPY190722C299,2019-07-19,2019-07-19 09:39:03,1.29,0.8376,23,1.27,0.8246,182,1.31,0.8506,1,1.28,0.8311,949,0
SPY190722C299,2019-07-19,2019-07-19 09:39:03,1.28,0.8311,9,1.27,0.8246,24,1.31,0.8506,1,1.275,0.8279,949,0
SPY190722C299,2019-07-19,2019-07-19 09:39:04,1.29,0.8376,20,1.28,0.8311,30,1.31,0.8506,1,1.285,0.8344,949,0
SPY190722C299,2019-07-19,2019-07-19 09:39:04,1.3,0.8441,102,1.28,0.8311,60,1.31,0.8506,1,1.29,0.8376,949,0
SPY190722C299,2019-07-19,2019-07-19 09:39:05,1.3,0.8441,40,1.28,0.8311,71,1.31,0.8506,1,1.29,0.8376,949,0
SPY190722C299,2019-07-19,2019-07-19 09:39:06,1.3,0.8441,30,1.28,0.8311,61,1.31,0.8506,1,1.29,0.8376,949,0
SPY190722C299,2019-07-19,2019-07-19 09:39:06,1.3,0.8441,93,1.28,0.8311,71,1.31,0.8506,1,1.29,0.8376,949,0
SPY190722C299,2019-07-19,2019-07-19 09:39:07,1.3,0.8441,73,1.28,0.8311,70,1.31,0.8506,1,1.29,0.8376,949,0
SPY190722C299,2019-07-19,2019-07-19 09:39:07,1.3,0.8441,63,1.28,0.8311,71,1.31,0.8506,1,1.29,0.8376,949,0
SPY190722C299,2019-07-19,2019-07-19 09:39:08,1.3,0.8441,73,1.28,0.8311,86,1.31,0.8506,1,1.29,0.8376,949,0
SPY190722C299,2019-07-19,2019-07-19 09:39:09,1.3,0.8441,118,1.28,0.8311,82,1.3,0.8441,1,1.29,0.8376,952,3
SPY190722C299,2019-07-19,2019-07-19 09:39:09,1.3,0.8441,118,1.28,0.8311,82,1.3,0.8441,1,1.29,0.8376,952,0
SPY190722C299,2019-07-19,2019-07-19 09:39:10,1.3,0.8441,108,1.27,0.8246,103,1.3,0.8441,1,1.285,0.8344,952,0
SPY190722C299,2019-07-19,2019-07-19 09:39:10,1.29,0.8376,100,1.27,0.8246,24,1.3,0.8441,1,1.28,0.8311,952,0
SPY190722C299,2019-07-19,2019-07-19 09:39:11,1.28,0.8311,24,1.27,0.8246,184,1.3,0.8441,1,1.275,0.8279,952,0
SPY190722C299,2019-07-19,2019-07-19 09:39:11,1.29,0.8376,100,1.27,0.8246,40,1.3,0.8441,1,1.28,0.8311,952,0
SPY190722C299,2019-07-19,2019-07-19 09:39:12,1.3,0.8441,50,1.28,0.8311,54,1.3,0.8441,1,1.29,0.8376,952,0
SPY190722C299,2019-07-19,2019-07-19 09:39:13,1.3,0.8441,98,1.28,0.8311,68,1.3,0.8441,1,1.29,0.8376,952,0
SPY190722C299,2019-07-19,2019-07-19 09:39:13,1.3,0.8441,60,1.28,0.8311,68,1.3,0.8441,1,1.29,0.8376,952,0
SPY190722C299,2019-07-19,2019-07-19 09:39:14,1.29,0.8376,1,1.28,0.8311,68,1.3,0.8441,1,1.285,0.8344,952,0
SPY190722C299,2019-07-19,2019-07-19 09:39:15,1.29,0.8376,1,1.28,0.8311,68,1.3,0.8441,1,1.285,0.8344,952,0
SPY190722C299,2019-07-19,2019-07-19 09:39:15,1.29,0.8376,24,1.28,0.8311,68,1.3,0.8441,1,1.285,0.8344,952,0
SPY190722C299,2019-07-19,2019-07-19 09:39:16,1.29,0.8376,1,1.28,0.8311,68,1.3,0.8441,1,1.285,0.8344,952,0
SPY190722C299,2019-07-19,2019-07-19 09:39:16,1.29,0.8376,7,1.28,0.8311,68,1.3,0.8441,1,1.285,0.8344,952,0
SPY190722C299,2019-07-19,2019-07-19 09:39:17,1.29,0.8376,1,1.28,0.8311,68,1.3,0.8441,1,1.285,0.8344,952,0
SPY190722C299,2019-07-19,2019-07-19 09:39:18,1.29,0.8376,30,1.28,0.8311,67,1.3,0.8441,1,1.285,0.8344,952,0
SPY190722C299,2019-07-19,2019-07-19 09:39:18,1.29,0.8376,29,1.28,0.8311,67,1.3,0.8441,1,1.285,0.8344,952,0
SPY190722C299,2019-07-19,2019-07-19 09:39:19,1.29,0.8376,30,1.28,0.8311,61,1.3,0.8441,1,1.285,0.8344,952,0
SPY190722C299,2019-07-19,2019-07-19 09:39:20,1.28,0.8311,1,1.27,0.8246,37,1.3,0.8441,1,1.275,0.8279,952,0
SPY190722C299,2019-07-19,2019-07-19 09:39:20,1.29,0.8376,1,1.27,0.8246,149,1.3,0.8441,1,1.28,0.8311,952,0
SPY190722C299,2019-07-19,2019-07-19 09:39:21,1.3,0.8441,1,1.29,0.8376,48,1.3,0.8441,1,1.295,0.8409,952,0
SPY190722C299,2019-07-19,2019-07-19 09:39:22,1.3,0.8441,1,1.29,0.8376,84,1.3,0.8441,1,1.295,0.8409,952,0
SPY190722C299,2019-07-19,2019-07-19 09:39:22,1.3,0.8441,1,1.29,0.8376,58,1.3,0.8441,1,1.295,0.8409,952,0
SPY190722C299,2019-07-19,2019-07-19 09:39:23,1.3,0.8441,1,1.29,0.8376,167,1.3,0.8441,1,1.295,0.8409,952,0
SPY190722C299,2019-07-19,2019-07-19 09:39:24,1.31,0.8506,1,1.3,0.8441,58,1.3,0.8441,1,1.305,0.8474,953,0
SPY190722C299,2019-07-19,2019-07-19 09:39:24,1.31,0.8506,24,1.3,0.8441,58,1.3,0.8441,1,1.305,0.8474,953,1
SPY190722C299,2019-07-19,2019-07-19 09:39:25,1.31,0.8506,1,1.3,0.8441,163,1.31,0.8506,1,1.305,0.8474,954,0
SPY190722C299,2019-07-19,2019-07-19 09:39:25,1.31,0.8506,1,1.3,0.8441,163,1.31,0.8506,1,1.305,0.8474,954,1
SPY190722C299,2019-07-19,2019-07-19 09:39:26,1.32,0.8571,1,1.31,0.8506,58,1.31,0.8506,1,1.315,0.8538,955,1
SPY190722C299,2019-07-19,2019-07-19 09:39:27,1.32,0.8571,27,1.3,0.8441,102,1.31,0.8506,1,1.31,0.8506,955,0
SPY190722C299,2019-07-19,2019-07-19 09:39:27,1.32,0.8571,27,1.3,0.8441,200,1.31,0.8506,1,1.31,0.8506,955,0
SPY190722C299,2019-07-19,2019-07-19 09:39:28,1.33,0.8636,26,1.31,0.8506,54,1.31,0.8506,1,1.32,0.8571,955,0
SPY190722C299,2019-07-19,2019-07-19 09:39:28,1.33,0.8636,26,1.31,0.8506,67,1.31,0.8506,1,1.32,0.8571,955,0
SPY190722C299,2019-07-19,2019-07-19 09:39:29,1.32,0.8571,7,1.31,0.8506,24,1.31,0.8506,1,1.315,0.8538,955,0
SPY190722C299,2019-07-19,2019-07-19 09:39:30,1.32,0.8571,27,1.3,0.8441,124,1.31,0.8506,1,1.31,0.8506,955,0
SPY190722C299,2019-07-19,2019-07-19 09:39:30,1.32,0.8571,1,1.3,0.8441,386,1.31,0.8506,2,1.31,0.8506,957,2
SPY190722C299,2019-07-19,2019-07-19 09:39:31,1.32,0.8571,1,1.31,0.8506,59,1.31,0.8506,2,1.315,0.8538,957,0
