symbol,Date,quote_time,ask_price,norm_ask_price,ask_size,bid_price,norm_bid_price,bid_size,last_trade_price,norm_last_trade_price,last_trade_size,mark_price,norm_mark_price,volume,Volume
SPY190812P292,2019-08-09,2019-08-09 09:30:00,1.35,1.0,287,1.29,0.9555,287,1.02,0.7555,18,1.32,0.9777,0,0
SPY190812P292,2019-08-09,2019-08-09 09:30:00,1.56,1.1555,165,1.13,0.837,10,1.02,0.7555,18,1.345,0.9962,0,0
SPY190812P292,2019-08-09,2019-08-09 09:30:01,1.35,1.0,5,1.3,0.9629,100,1.31,0.9703,1,1.325,0.9814,1,1
SPY190812P292,2019-08-09,2019-08-09 09:30:01,1.38,1.0222,80,1.26,0.9333,80,1.02,0.7555,18,1.32,0.9777,0,0
SPY190812P292,2019-08-09,2019-08-09 09:30:02,1.37,1.0148,50,1.33,0.9851,50,1.31,0.9703,1,1.35,1.0,1,0
SPY190812P292,2019-08-09,2019-08-09 09:30:02,1.37,1.0148,5,1.32,0.9777,150,1.31,0.9703,1,1.345,0.9962,1,0
SPY190812P292,2019-08-09,2019-08-09 09:30:03,1.37,1.0148,5,1.32,0.9777,150,1.31,0.9703,1,1.345,0.9962,3,2
SPY190812P292,2019-08-09,2019-08-09 09:30:03,1.39,1.0296,70,1.29,0.9555,70,1.31,0.9703,1,1.34,0.9925,3,0
SPY190812P292,2019-08-09,2019-08-09 09:30:04,1.39,1.0296,70,1.29,0.9555,10,1.31,0.9703,1,1.34,0.9925,3,0
SPY190812P292,2019-08-09,2019-08-09 09:30:04,1.39,1.0296,70,1.28,0.9481,70,1.31,0.9703,1,1.335,0.9888,3,0
SPY190812P292,2019-08-09,2019-08-09 09:30:05,1.35,1.0,60,1.3,0.9629,60,1.31,0.9703,1,1.325,0.9814,3,0
SPY190812P292,2019-08-09,2019-08-09 09:30:06,1.35,1.0,60,1.3,0.9629,60,1.31,0.9703,1,1.325,0.9814,3,0
SPY190812P292,2019-08-09,2019-08-09 09:30:07,1.35,1.0,60,1.3,0.9629,60,1.31,0.9703,1,1.325,0.9814,3,0
SPY190812P292,2019-08-09,2019-08-09 09:30:07,1.35,1.0,60,1.3,0.9629,60,1.34,0.9925,5,1.325,0.9814,8,5
SPY190812P292,2019-08-09,2019-08-09 09:30:08,1.35,1.0,60,1.3,0.9629,60,1.37,1.0148,19,1.325,0.9814,33,0
SPY190812P292,2019-08-09,2019-08-09 09:30:08,1.35,1.0,60,1.3,0.9629,60,1.37,1.0148,19,1.325,0.9814,33,25
SPY190812P292,2019-08-09,2019-08-09 09:30:09,1.35,1.0,60,1.29,0.9555,60,1.37,1.0148,1,1.32,0.9777,34,0
SPY190812P292,2019-08-09,2019-08-09 09:30:09,1.35,1.0,60,1.3,0.9629,55,1.37,1.0148,1,1.325,0.9814,34,1
SPY190812P292,2019-08-09,2019-08-09 09:30:10,1.35,1.0,60,1.29,0.9555,60,1.37,1.0148,1,1.32,0.9777,34,0
SPY190812P292,2019-08-09,2019-08-09 09:30:11,1.35,1.0,60,1.29,0.9555,60,1.37,1.0148,1,1.32,0.9777,34,0
SPY190812P292,2019-08-09,2019-08-09 09:30:11,1.35,1.0,60,1.29,0.9555,80,1.37,1.0148,1,1.32,0.9777,34,0
SPY190812P292,2019-08-09,2019-08-09 09:30:12,1.35,1.0,60,1.29,0.9555,80,1.38,1.0222,5,1.32,0.9777,44,0
SPY190812P292,2019-08-09,2019-08-09 09:30:12,1.35,1.0,60,1.29,0.9555,80,1.38,1.0222,5,1.32,0.9777,44,10
SPY190812P292,2019-08-09,2019-08-09 09:30:13,1.35,1.0,60,1.3,0.9629,60,1.38,1.0222,5,1.325,0.9814,44,0
SPY190812P292,2019-08-09,2019-08-09 09:30:14,1.35,1.0,60,1.3,0.9629,60,1.38,1.0222,5,1.325,0.9814,44,0
SPY190812P292,2019-08-09,2019-08-09 09:30:15,1.35,1.0,60,1.3,0.9629,403,1.38,1.0222,5,1.325,0.9814,44,0
SPY190812P292,2019-08-09,2019-08-09 09:30:15,1.35,1.0,60,1.3,0.9629,60,1.38,1.0222,5,1.325,0.9814,44,0
SPY190812P292,2019-08-09,2019-08-09 09:30:16,1.34,0.9925,5,1.3,0.9629,403,1.38,1.0222,5,1.32,0.9777,44,0
SPY190812P292,2019-08-09,2019-08-09 09:30:17,1.34,0.9925,5,1.3,0.9629,403,1.38,1.0222,5,1.32,0.9777,44,0
SPY190812P292,2019-08-09,2019-08-09 09:30:18,1.34,0.9925,5,1.31,0.9703,50,1.38,1.0222,5,1.325,0.9814,44,0
SPY190812P292,2019-08-09,2019-08-09 09:30:19,1.34,0.9925,5,1.31,0.9703,50,1.38,1.0222,5,1.325,0.9814,44,0
SPY190812P292,2019-08-09,2019-08-09 09:30:20,1.36,1.0074,5,1.33,0.9851,63,1.38,1.0222,5,1.345,0.9962,44,0
SPY190812P292,2019-08-09,2019-08-09 09:30:20,1.35,1.0,5,1.32,0.9777,50,1.38,1.0222,5,1.335,0.9888,44,0
SPY190812P292,2019-08-09,2019-08-09 09:30:21,1.38,1.0222,5,1.36,1.0074,10,1.38,1.0222,5,1.37,1.0148,44,0
SPY190812P292,2019-08-09,2019-08-09 09:30:21,1.37,1.0148,25,1.35,1.0,7,1.38,1.0222,5,1.36,1.0074,44,0
SPY190812P292,2019-08-09,2019-08-09 09:30:22,1.36,1.0074,163,1.34,0.9925,3,1.38,1.0222,5,1.35,1.0,44,0
SPY190812P292,2019-08-09,2019-08-09 09:30:22,1.38,1.0222,5,1.34,0.9925,50,1.38,1.0222,5,1.36,1.0074,44,0
SPY190812P292,2019-08-09,2019-08-09 09:30:23,1.35,1.0,14,1.32,0.9777,100,1.38,1.0222,5,1.335,0.9888,44,0
SPY190812P292,2019-08-09,2019-08-09 09:30:23,1.34,0.9925,5,1.31,0.9703,50,1.38,1.0222,5,1.325,0.9814,44,0
SPY190812P292,2019-08-09,2019-08-09 09:30:24,1.34,0.9925,3,1.33,0.9851,14,1.38,1.0222,5,1.335,0.9888,44,0
SPY190812P292,2019-08-09,2019-08-09 09:30:24,1.34,0.9925,5,1.31,0.9703,5,1.33,0.9851,1,1.325,0.9814,45,1
SPY190812P292,2019-08-09,2019-08-09 09:30:25,1.34,0.9925,5,1.31,0.9703,5,1.33,0.9851,1,1.325,0.9814,45,0
SPY190812P292,2019-08-09,2019-08-09 09:30:25,1.34,0.9925,132,1.32,0.9777,5,1.33,0.9851,1,1.33,0.9851,45,0
SPY190812P292,2019-08-09,2019-08-09 09:30:26,1.34,0.9925,50,1.29,0.9555,55,1.33,0.9851,1,1.315,0.974,45,0
SPY190812P292,2019-08-09,2019-08-09 09:30:26,1.33,0.9851,5,1.3,0.9629,121,1.33,0.9851,1,1.315,0.974,45,0
SPY190812P292,2019-08-09,2019-08-09 09:30:27,1.32,0.9777,5,1.3,0.9629,121,1.33,0.9851,1,1.31,0.9703,45,0
SPY190812P292,2019-08-09,2019-08-09 09:30:28,1.32,0.9777,5,1.3,0.9629,121,1.33,0.9851,1,1.31,0.9703,45,0
SPY190812P292,2019-08-09,2019-08-09 09:30:28,1.34,0.9925,5,1.31,0.9703,5,1.33,0.9851,1,1.325,0.9814,45,0
SPY190812P292,2019-08-09,2019-08-09 09:30:29,1.34,0.9925,50,1.31,0.9703,50,1.33,0.9851,1,1.325,0.9814,45,0
SPY190812P292,2019-08-09,2019-08-09 09:30:29,1.34,0.9925,5,1.32,0.9777,5,1.34,0.9925,5,1.33,0.9851,50,5
SPY190812P292,2019-08-09,2019-08-09 09:30:30,1.34,0.9925,100,1.32,0.9777,110,1.34,0.9925,5,1.33,0.9851,50,0
SPY190812P292,2019-08-09,2019-08-09 09:30:31,1.35,1.0,5,1.33,0.9851,5,1.34,0.9925,5,1.34,0.9925,50,0
SPY190812P292,2019-08-09,2019-08-09 09:30:31,1.34,0.9925,5,1.32,0.9777,5,1.34,0.9925,5,1.33,0.9851,50,0
SPY190812P292,2019-08-09,2019-08-09 09:30:32,1.33,0.9851,1,1.31,0.9703,82,1.34,0.9925,5,1.32,0.9777,50,0
SPY190812P292,2019-08-09,2019-08-09 09:30:32,1.35,1.0,5,1.33,0.9851,14,1.34,0.9925,5,1.34,0.9925,50,0
SPY190812P292,2019-08-09,2019-08-09 09:30:33,1.33,0.9851,1,1.31,0.9703,10,1.34,0.9925,5,1.32,0.9777,50,0
SPY190812P292,2019-08-09,2019-08-09 09:30:34,1.33,0.9851,1,1.31,0.9703,121,1.34,0.9925,5,1.32,0.9777,50,0
SPY190812P292,2019-08-09,2019-08-09 09:30:34,1.33,0.9851,1,1.32,0.9777,121,1.34,0.9925,5,1.325,0.9814,50,0
SPY190812P292,2019-08-09,2019-08-09 09:30:35,1.33,0.9851,1,1.31,0.9703,5,1.34,0.9925,5,1.32,0.9777,50,0
SPY190812P292,2019-08-09,2019-08-09 09:30:35,1.33,0.9851,1,1.32,0.9777,5,1.34,0.9925,5,1.325,0.9814,50,0
SPY190812P292,2019-08-09,2019-08-09 09:30:36,1.33,0.9851,5,1.31,0.9703,121,1.34,0.9925,5,1.32,0.9777,50,0
SPY190812P292,2019-08-09,2019-08-09 09:30:36,1.33,0.9851,1,1.32,0.9777,5,1.34,0.9925,5,1.325,0.9814,50,0
SPY190812P292,2019-08-09,2019-08-09 09:30:37,1.33,0.9851,5,1.31,0.9703,100,1.34,0.9925,5,1.32,0.9777,50,0
SPY190812P292,2019-08-09,2019-08-09 09:30:37,1.33,0.9851,5,1.31,0.9703,5,1.34,0.9925,5,1.32,0.9777,50,0
SPY190812P292,2019-08-09,2019-08-09 09:30:38,1.33,0.9851,1,1.3,0.9629,198,1.34,0.9925,5,1.315,0.974,50,0
SPY190812P292,2019-08-09,2019-08-09 09:30:38,1.33,0.9851,1,1.3,0.9629,50,1.34,0.9925,5,1.315,0.974,50,0
SPY190812P292,2019-08-09,2019-08-09 09:30:39,1.33,0.9851,1,1.32,0.9777,14,1.34,0.9925,5,1.325,0.9814,50,0
SPY190812P292,2019-08-09,2019-08-09 09:30:39,1.33,0.9851,1,1.32,0.9777,64,1.34,0.9925,5,1.325,0.9814,50,0
SPY190812P292,2019-08-09,2019-08-09 09:30:40,1.33,0.9851,1,1.32,0.9777,10,1.34,0.9925,5,1.325,0.9814,50,0
SPY190812P292,2019-08-09,2019-08-09 09:30:40,1.33,0.9851,1,1.32,0.9777,64,1.34,0.9925,5,1.325,0.9814,50,0
SPY190812P292,2019-08-09,2019-08-09 09:30:41,1.35,1.0,5,1.32,0.9777,171,1.33,0.9851,1,1.335,0.9888,61,0
SPY190812P292,2019-08-09,2019-08-09 09:30:41,1.35,1.0,5,1.33,0.9851,1,1.33,0.9851,1,1.34,0.9925,61,11
SPY190812P292,2019-08-09,2019-08-09 09:30:42,1.35,1.0,5,1.32,0.9777,171,1.33,0.9851,1,1.335,0.9888,61,0
SPY190812P292,2019-08-09,2019-08-09 09:30:42,1.34,0.9925,5,1.31,0.9703,56,1.33,0.9851,1,1.325,0.9814,61,0
SPY190812P292,2019-08-09,2019-08-09 09:30:43,1.34,0.9925,92,1.31,0.9703,25,1.33,0.9851,1,1.325,0.9814,61,0
SPY190812P292,2019-08-09,2019-08-09 09:30:43,1.33,0.9851,121,1.31,0.9703,1,1.33,0.9851,1,1.32,0.9777,61,0
SPY190812P292,2019-08-09,2019-08-09 09:30:44,1.32,0.9777,5,1.31,0.9703,1,1.33,0.9851,1,1.315,0.974,61,0
SPY190812P292,2019-08-09,2019-08-09 09:30:44,1.33,0.9851,5,1.31,0.9703,1,1.33,0.9851,1,1.32,0.9777,61,0
SPY190812P292,2019-08-09,2019-08-09 09:30:45,1.33,0.9851,5,1.31,0.9703,6,1.33,0.9851,1,1.32,0.9777,61,0
SPY190812P292,2019-08-09,2019-08-09 09:30:45,1.33,0.9851,121,1.31,0.9703,6,1.33,0.9851,1,1.32,0.9777,61,0
SPY190812P292,2019-08-09,2019-08-09 09:30:46,1.33,0.9851,50,1.31,0.9703,1,1.33,0.9851,1,1.32,0.9777,61,0
SPY190812P292,2019-08-09,2019-08-09 09:30:47,1.34,0.9925,5,1.31,0.9703,172,1.32,0.9777,5,1.325,0.9814,62,0
SPY190812P292,2019-08-09,2019-08-09 09:30:47,1.33,0.9851,5,1.31,0.9703,6,1.32,0.9777,1,1.32,0.9777,62,1
SPY190812P292,2019-08-09,2019-08-09 09:30:48,1.33,0.9851,5,1.32,0.9777,124,1.32,0.9777,44,1.325,0.9814,113,0
SPY190812P292,2019-08-09,2019-08-09 09:30:48,1.34,0.9925,5,1.32,0.9777,168,1.32,0.9777,44,1.33,0.9851,113,51
SPY190812P292,2019-08-09,2019-08-09 09:30:49,1.35,1.0,60,1.32,0.9777,124,1.32,0.9777,44,1.335,0.9888,113,0
SPY190812P292,2019-08-09,2019-08-09 09:30:49,1.33,0.9851,5,1.32,0.9777,1,1.32,0.9777,44,1.325,0.9814,113,0
SPY190812P292,2019-08-09,2019-08-09 09:30:50,1.33,0.9851,5,1.32,0.9777,1,1.32,0.9777,1,1.325,0.9814,114,0
SPY190812P292,2019-08-09,2019-08-09 09:30:50,1.34,0.9925,101,1.32,0.9777,1,1.32,0.9777,1,1.33,0.9851,114,1
SPY190812P292,2019-08-09,2019-08-09 09:30:51,1.33,0.9851,5,1.32,0.9777,1,1.32,0.9777,1,1.325,0.9814,114,0
SPY190812P292,2019-08-09,2019-08-09 09:30:52,1.33,0.9851,100,1.31,0.9703,1,1.32,0.9777,1,1.32,0.9777,115,1
SPY190812P292,2019-08-09,2019-08-09 09:30:52,1.34,0.9925,5,1.32,0.9777,187,1.32,0.9777,26,1.33,0.9851,141,26
SPY190812P292,2019-08-09,2019-08-09 09:30:53,1.34,0.9925,5,1.32,0.9777,187,1.32,0.9777,26,1.33,0.9851,141,0
SPY190812P292,2019-08-09,2019-08-09 09:30:53,1.33,0.9851,5,1.32,0.9777,187,1.32,0.9777,26,1.325,0.9814,141,0
SPY190812P292,2019-08-09,2019-08-09 09:30:54,1.33,0.9851,52,1.31,0.9703,1,1.33,0.9851,20,1.32,0.9777,161,20
SPY190812P292,2019-08-09,2019-08-09 09:30:54,1.33,0.9851,5,1.32,0.9777,20,1.32,0.9777,26,1.325,0.9814,141,0
SPY190812P292,2019-08-09,2019-08-09 09:30:55,1.32,0.9777,5,1.31,0.9703,1,1.33,0.9851,20,1.315,0.974,161,0
SPY190812P292,2019-08-09,2019-08-09 09:30:56,1.33,0.9851,123,1.31,0.9703,1,1.33,0.9851,20,1.32,0.9777,161,0
SPY190812P292,2019-08-09,2019-08-09 09:30:56,1.33,0.9851,123,1.31,0.9703,14,1.33,0.9851,20,1.32,0.9777,161,0
SPY190812P292,2019-08-09,2019-08-09 09:30:57,1.32,0.9777,5,1.31,0.9703,14,1.33,0.9851,20,1.315,0.974,161,0
SPY190812P292,2019-08-09,2019-08-09 09:30:57,1.32,0.9777,64,1.31,0.9703,14,1.33,0.9851,20,1.315,0.974,161,0
SPY190812P292,2019-08-09,2019-08-09 09:30:58,1.32,0.9777,64,1.31,0.9703,14,1.33,0.9851,20,1.315,0.974,161,0
SPY190812P292,2019-08-09,2019-08-09 09:30:58,1.32,0.9777,50,1.31,0.9703,1,1.33,0.9851,20,1.315,0.974,161,0
SPY190812P292,2019-08-09,2019-08-09 09:30:59,1.32,0.9777,50,1.31,0.9703,1,1.33,0.9851,20,1.315,0.974,161,0
SPY190812P292,2019-08-09,2019-08-09 09:31:00,1.32,0.9777,7,1.31,0.9703,1,1.31,0.9703,1,1.315,0.974,162,1
SPY190812P292,2019-08-09,2019-08-09 09:31:01,1.32,0.9777,5,1.3,0.9629,5,1.31,0.9703,1,1.31,0.9703,162,0
SPY190812P292,2019-08-09,2019-08-09 09:31:01,1.31,0.9703,5,1.28,0.9481,121,1.31,0.9703,1,1.295,0.9592,162,0
SPY190812P292,2019-08-09,2019-08-09 09:31:02,1.31,0.9703,8,1.28,0.9481,83,1.31,0.9703,1,1.295,0.9592,162,0
SPY190812P292,2019-08-09,2019-08-09 09:31:02,1.31,0.9703,8,1.28,0.9481,121,1.31,0.9703,1,1.295,0.9592,162,0
SPY190812P292,2019-08-09,2019-08-09 09:31:03,1.31,0.9703,6,1.28,0.9481,83,1.31,0.9703,1,1.295,0.9592,162,0
SPY190812P292,2019-08-09,2019-08-09 09:31:03,1.31,0.9703,100,1.27,0.9407,48,1.31,0.9703,1,1.29,0.9555,162,0
SPY190812P292,2019-08-09,2019-08-09 09:31:04,1.31,0.9703,100,1.27,0.9407,5,1.31,0.9703,1,1.29,0.9555,162,0
SPY190812P292,2019-08-09,2019-08-09 09:31:04,1.3,0.9629,171,1.27,0.9407,105,1.31,0.9703,1,1.285,0.9518,162,0
SPY190812P292,2019-08-09,2019-08-09 09:31:05,1.3,0.9629,171,1.27,0.9407,5,1.31,0.9703,1,1.285,0.9518,162,0
SPY190812P292,2019-08-09,2019-08-09 09:31:06,1.3,0.9629,171,1.27,0.9407,5,1.31,0.9703,1,1.285,0.9518,162,0
SPY190812P292,2019-08-09,2019-08-09 09:31:06,1.29,0.9555,10,1.26,0.9333,224,1.31,0.9703,1,1.275,0.9444,162,0
SPY190812P292,2019-08-09,2019-08-09 09:31:07,1.28,0.9481,14,1.26,0.9333,85,1.28,0.9481,1,1.27,0.9407,170,8
SPY190812P292,2019-08-09,2019-08-09 09:31:07,1.29,0.9555,10,1.26,0.9333,5,1.31,0.9703,1,1.275,0.9444,162,0
SPY190812P292,2019-08-09,2019-08-09 09:31:08,1.28,0.9481,143,1.25,0.9259,188,1.27,0.9407,2,1.265,0.937,172,0
SPY190812P292,2019-08-09,2019-08-09 09:31:08,1.28,0.9481,143,1.25,0.9259,188,1.27,0.9407,2,1.265,0.937,172,2
SPY190812P292,2019-08-09,2019-08-09 09:31:09,1.28,0.9481,164,1.25,0.9259,188,1.27,0.9407,2,1.265,0.937,172,0
SPY190812P292,2019-08-09,2019-08-09 09:31:10,1.28,0.9481,100,1.25,0.9259,149,1.27,0.9407,2,1.265,0.937,172,0
SPY190812P292,2019-08-09,2019-08-09 09:31:11,1.27,0.9407,14,1.25,0.9259,174,1.27,0.9407,2,1.26,0.9333,172,0
SPY190812P292,2019-08-09,2019-08-09 09:31:11,1.28,0.9481,110,1.25,0.9259,149,1.27,0.9407,2,1.265,0.937,172,0
SPY190812P292,2019-08-09,2019-08-09 09:31:12,1.27,0.9407,2,1.25,0.9259,261,1.27,0.9407,2,1.26,0.9333,172,0
SPY190812P292,2019-08-09,2019-08-09 09:31:12,1.27,0.9407,2,1.25,0.9259,174,1.27,0.9407,2,1.26,0.9333,172,0
SPY190812P292,2019-08-09,2019-08-09 09:31:13,1.27,0.9407,14,1.25,0.9259,174,1.27,0.9407,2,1.26,0.9333,172,0
SPY190812P292,2019-08-09,2019-08-09 09:31:14,1.27,0.9407,74,1.25,0.9259,242,1.27,0.9407,2,1.26,0.9333,172,0
SPY190812P292,2019-08-09,2019-08-09 09:31:14,1.27,0.9407,14,1.25,0.9259,174,1.27,0.9407,2,1.26,0.9333,172,0
SPY190812P292,2019-08-09,2019-08-09 09:31:15,1.27,0.9407,78,1.25,0.9259,242,1.27,0.9407,2,1.26,0.9333,172,0
SPY190812P292,2019-08-09,2019-08-09 09:31:16,1.27,0.9407,96,1.25,0.9259,288,1.27,0.9407,2,1.26,0.9333,172,0
SPY190812P292,2019-08-09,2019-08-09 09:31:16,1.27,0.9407,78,1.25,0.9259,242,1.27,0.9407,2,1.26,0.9333,172,0
SPY190812P292,2019-08-09,2019-08-09 09:31:17,1.27,0.9407,96,1.25,0.9259,298,1.27,0.9407,2,1.26,0.9333,172,0
SPY190812P292,2019-08-09,2019-08-09 09:31:17,1.27,0.9407,85,1.25,0.9259,298,1.26,0.9333,3,1.26,0.9333,175,3
SPY190812P292,2019-08-09,2019-08-09 09:31:18,1.27,0.9407,2,1.25,0.9259,5,1.26,0.9333,3,1.26,0.9333,175,0
SPY190812P292,2019-08-09,2019-08-09 09:31:18,1.27,0.9407,7,1.25,0.9259,124,1.26,0.9333,3,1.26,0.9333,175,0
SPY190812P292,2019-08-09,2019-08-09 09:31:19,1.27,0.9407,7,1.25,0.9259,124,1.26,0.9333,3,1.26,0.9333,175,0
SPY190812P292,2019-08-09,2019-08-09 09:31:19,1.27,0.9407,7,1.25,0.9259,124,1.26,0.9333,2,1.26,0.9333,182,7
SPY190812P292,2019-08-09,2019-08-09 09:31:20,1.27,0.9407,2,1.24,0.9185,50,1.26,0.9333,2,1.255,0.9296,182,0
SPY190812P292,2019-08-09,2019-08-09 09:31:20,1.26,0.9333,5,1.24,0.9185,5,1.26,0.9333,2,1.25,0.9259,182,0
SPY190812P292,2019-08-09,2019-08-09 09:31:21,1.25,0.9259,14,1.24,0.9185,174,1.26,0.9333,2,1.245,0.9222,182,0
SPY190812P292,2019-08-09,2019-08-09 09:31:21,1.26,0.9333,124,1.24,0.9185,174,1.26,0.9333,2,1.25,0.9259,182,0
SPY190812P292,2019-08-09,2019-08-09 09:31:22,1.26,0.9333,38,1.25,0.9259,1,1.25,0.9259,1,1.255,0.9296,186,4
SPY190812P292,2019-08-09,2019-08-09 09:31:22,1.26,0.9333,15,1.24,0.9185,339,1.25,0.9259,1,1.25,0.9259,186,0
SPY190812P292,2019-08-09,2019-08-09 09:31:23,1.26,0.9333,15,1.25,0.9259,126,1.25,0.9259,1,1.255,0.9296,186,0
SPY190812P292,2019-08-09,2019-08-09 09:31:23,1.26,0.9333,15,1.25,0.9259,5,1.25,0.9259,1,1.255,0.9296,186,0
SPY190812P292,2019-08-09,2019-08-09 09:31:24,1.26,0.9333,15,1.25,0.9259,126,1.25,0.9259,1,1.255,0.9296,186,0
SPY190812P292,2019-08-09,2019-08-09 09:31:25,1.26,0.9333,100,1.24,0.9185,174,1.25,0.9259,1,1.25,0.9259,186,0
SPY190812P292,2019-08-09,2019-08-09 09:31:25,1.26,0.9333,15,1.25,0.9259,26,1.25,0.9259,1,1.255,0.9296,186,0
SPY190812P292,2019-08-09,2019-08-09 09:31:26,1.26,0.9333,100,1.24,0.9185,174,1.25,0.9259,1,1.25,0.9259,186,0
SPY190812P292,2019-08-09,2019-08-09 09:31:26,1.25,0.9259,6,1.24,0.9185,110,1.25,0.9259,1,1.245,0.9222,186,0
SPY190812P292,2019-08-09,2019-08-09 09:31:27,1.25,0.9259,6,1.24,0.9185,110,1.25,0.9259,1,1.245,0.9222,186,0
SPY190812P292,2019-08-09,2019-08-09 09:31:28,1.27,0.9407,5,1.25,0.9259,5,1.26,0.9333,4,1.26,0.9333,272,80
SPY190812P292,2019-08-09,2019-08-09 09:31:28,1.25,0.9259,5,1.25,0.9259,6,1.25,0.9259,1,1.25,0.9259,192,6
SPY190812P292,2019-08-09,2019-08-09 09:31:29,1.27,0.9407,124,1.25,0.9259,110,1.26,0.9333,4,1.26,0.9333,272,0
SPY190812P292,2019-08-09,2019-08-09 09:31:29,1.27,0.9407,5,1.25,0.9259,59,1.26,0.9333,4,1.26,0.9333,272,0
SPY190812P292,2019-08-09,2019-08-09 09:31:30,1.28,0.9481,6,1.26,0.9333,6,1.26,0.9333,4,1.27,0.9407,272,0
SPY190812P292,2019-08-09,2019-08-09 09:31:30,1.28,0.9481,90,1.25,0.9259,110,1.26,0.9333,4,1.265,0.937,272,0
SPY190812P292,2019-08-09,2019-08-09 09:31:31,1.28,0.9481,6,1.27,0.9407,6,1.26,0.9333,4,1.275,0.9444,272,0
SPY190812P292,2019-08-09,2019-08-09 09:31:31,1.28,0.9481,5,1.26,0.9333,140,1.26,0.9333,4,1.27,0.9407,272,0
SPY190812P292,2019-08-09,2019-08-09 09:31:32,1.31,0.9703,124,1.28,0.9481,169,1.29,0.9555,4,1.295,0.9592,278,6
SPY190812P292,2019-08-09,2019-08-09 09:31:32,1.29,0.9555,6,1.27,0.9407,97,1.26,0.9333,4,1.28,0.9481,272,0
SPY190812P292,2019-08-09,2019-08-09 09:31:33,1.31,0.9703,155,1.29,0.9555,131,1.29,0.9555,4,1.3,0.9629,278,0
SPY190812P292,2019-08-09,2019-08-09 09:31:33,1.31,0.9703,155,1.29,0.9555,5,1.29,0.9555,4,1.3,0.9629,278,0
SPY190812P292,2019-08-09,2019-08-09 09:31:34,1.32,0.9777,5,1.3,0.9629,5,1.3,0.9629,1,1.31,0.9703,279,1
SPY190812P292,2019-08-09,2019-08-09 09:31:34,1.32,0.9777,5,1.29,0.9555,56,1.29,0.9555,4,1.305,0.9666,278,0
SPY190812P292,2019-08-09,2019-08-09 09:31:35,1.32,0.9777,48,1.3,0.9629,166,1.3,0.9629,1,1.31,0.9703,280,1
SPY190812P292,2019-08-09,2019-08-09 09:31:35,1.32,0.9777,45,1.3,0.9629,100,1.3,0.9629,1,1.31,0.9703,279,0
SPY190812P292,2019-08-09,2019-08-09 09:31:36,1.32,0.9777,5,1.31,0.9703,50,1.3,0.9629,1,1.315,0.974,280,0
SPY190812P292,2019-08-09,2019-08-09 09:31:36,1.32,0.9777,6,1.31,0.9703,122,1.3,0.9629,1,1.315,0.974,280,0
SPY190812P292,2019-08-09,2019-08-09 09:31:37,1.33,0.9851,56,1.31,0.9703,104,1.3,0.9629,1,1.32,0.9777,280,0
SPY190812P292,2019-08-09,2019-08-09 09:31:37,1.33,0.9851,7,1.31,0.9703,147,1.31,0.9703,1,1.32,0.9777,282,2
SPY190812P292,2019-08-09,2019-08-09 09:31:38,1.33,0.9851,7,1.31,0.9703,147,1.31,0.9703,1,1.32,0.9777,282,0
SPY190812P292,2019-08-09,2019-08-09 09:31:39,1.35,1.0,6,1.33,0.9851,65,1.33,0.9851,2,1.34,0.9925,284,0
SPY190812P292,2019-08-09,2019-08-09 09:31:39,1.33,0.9851,6,1.31,0.9703,147,1.33,0.9851,2,1.32,0.9777,284,2
SPY190812P292,2019-08-09,2019-08-09 09:31:40,1.34,0.9925,6,1.33,0.9851,16,1.33,0.9851,2,1.335,0.9888,284,0
SPY190812P292,2019-08-09,2019-08-09 09:31:40,1.34,0.9925,4,1.33,0.9851,25,1.34,0.9925,1,1.335,0.9888,285,1
SPY190812P292,2019-08-09,2019-08-09 09:31:41,1.34,0.9925,14,1.33,0.9851,6,1.34,0.9925,1,1.335,0.9888,285,0
SPY190812P292,2019-08-09,2019-08-09 09:31:41,1.34,0.9925,6,1.33,0.9851,31,1.34,0.9925,1,1.335,0.9888,285,0
SPY190812P292,2019-08-09,2019-08-09 09:31:42,1.33,0.9851,5,1.32,0.9777,25,1.32,0.9777,6,1.325,0.9814,291,6
SPY190812P292,2019-08-09,2019-08-09 09:31:42,1.33,0.9851,5,1.31,0.9703,50,1.34,0.9925,1,1.32,0.9777,285,0
SPY190812P292,2019-08-09,2019-08-09 09:31:43,1.34,0.9925,118,1.32,0.9777,37,1.32,0.9777,6,1.33,0.9851,291,0
SPY190812P292,2019-08-09,2019-08-09 09:31:43,1.34,0.9925,5,1.32,0.9777,37,1.32,0.9777,6,1.33,0.9851,291,0
SPY190812P292,2019-08-09,2019-08-09 09:31:44,1.34,0.9925,5,1.33,0.9851,31,1.32,0.9777,6,1.335,0.9888,291,0
SPY190812P292,2019-08-09,2019-08-09 09:31:44,1.34,0.9925,50,1.33,0.9851,31,1.32,0.9777,6,1.335,0.9888,291,0
SPY190812P292,2019-08-09,2019-08-09 09:31:45,1.35,1.0,5,1.33,0.9851,6,1.32,0.9777,6,1.34,0.9925,291,0
SPY190812P292,2019-08-09,2019-08-09 09:31:45,1.34,0.9925,5,1.33,0.9851,6,1.32,0.9777,6,1.335,0.9888,291,0
SPY190812P292,2019-08-09,2019-08-09 09:31:46,1.35,1.0,64,1.34,0.9925,6,1.32,0.9777,6,1.345,0.9962,291,0
SPY190812P292,2019-08-09,2019-08-09 09:31:46,1.35,1.0,5,1.33,0.9851,50,1.32,0.9777,6,1.34,0.9925,291,0
SPY190812P292,2019-08-09,2019-08-09 09:31:47,1.35,1.0,100,1.34,0.9925,6,1.32,0.9777,6,1.345,0.9962,291,0
SPY190812P292,2019-08-09,2019-08-09 09:31:47,1.35,1.0,64,1.34,0.9925,28,1.32,0.9777,6,1.345,0.9962,291,0
SPY190812P292,2019-08-09,2019-08-09 09:31:48,1.36,1.0074,5,1.33,0.9851,499,1.32,0.9777,6,1.345,0.9962,291,0
SPY190812P292,2019-08-09,2019-08-09 09:31:48,1.37,1.0148,393,1.34,0.9925,6,1.32,0.9777,6,1.355,1.0037,291,0
SPY190812P292,2019-08-09,2019-08-09 09:31:49,1.36,1.0074,5,1.34,0.9925,26,1.32,0.9777,6,1.35,1.0,291,0
SPY190812P292,2019-08-09,2019-08-09 09:31:49,1.35,1.0,5,1.33,0.9851,41,1.32,0.9777,6,1.34,0.9925,291,0
SPY190812P292,2019-08-09,2019-08-09 09:31:50,1.36,1.0074,5,1.34,0.9925,31,1.32,0.9777,6,1.35,1.0,291,0
SPY190812P292,2019-08-09,2019-08-09 09:31:50,1.35,1.0,5,1.34,0.9925,44,1.32,0.9777,6,1.345,0.9962,291,0
SPY190812P292,2019-08-09,2019-08-09 09:31:51,1.35,1.0,5,1.34,0.9925,44,1.32,0.9777,6,1.345,0.9962,291,0
SPY190812P292,2019-08-09,2019-08-09 09:31:51,1.35,1.0,5,1.34,0.9925,34,1.32,0.9777,6,1.345,0.9962,291,0
SPY190812P292,2019-08-09,2019-08-09 09:31:52,1.36,1.0074,6,1.34,0.9925,20,1.32,0.9777,6,1.35,1.0,291,0
SPY190812P292,2019-08-09,2019-08-09 09:31:52,1.35,1.0,5,1.34,0.9925,22,1.32,0.9777,6,1.345,0.9962,291,0
SPY190812P292,2019-08-09,2019-08-09 09:31:53,1.35,1.0,3,1.34,0.9925,24,1.32,0.9777,6,1.345,0.9962,291,0
SPY190812P292,2019-08-09,2019-08-09 09:31:53,1.35,1.0,64,1.34,0.9925,6,1.32,0.9777,6,1.345,0.9962,291,0
SPY190812P292,2019-08-09,2019-08-09 09:31:54,1.35,1.0,64,1.34,0.9925,9,1.32,0.9777,6,1.345,0.9962,291,0
SPY190812P292,2019-08-09,2019-08-09 09:31:55,1.35,1.0,64,1.34,0.9925,6,1.32,0.9777,6,1.345,0.9962,291,0
SPY190812P292,2019-08-09,2019-08-09 09:31:55,1.35,1.0,64,1.34,0.9925,9,1.32,0.9777,6,1.345,0.9962,291,0
SPY190812P292,2019-08-09,2019-08-09 09:31:56,1.35,1.0,118,1.33,0.9851,46,1.32,0.9777,6,1.34,0.9925,291,0
SPY190812P292,2019-08-09,2019-08-09 09:31:56,1.35,1.0,64,1.34,0.9925,6,1.32,0.9777,6,1.345,0.9962,291,0
SPY190812P292,2019-08-09,2019-08-09 09:31:57,1.35,1.0,5,1.33,0.9851,30,1.32,0.9777,6,1.34,0.9925,291,0
SPY190812P292,2019-08-09,2019-08-09 09:31:57,1.35,1.0,5,1.33,0.9851,46,1.32,0.9777,6,1.34,0.9925,291,0
SPY190812P292,2019-08-09,2019-08-09 09:31:58,1.33,0.9851,6,1.3,0.9629,6,1.33,0.9851,1,1.315,0.974,292,0
SPY190812P292,2019-08-09,2019-08-09 09:31:58,1.34,0.9925,14,1.33,0.9851,6,1.33,0.9851,1,1.335,0.9888,292,1
SPY190812P292,2019-08-09,2019-08-09 09:31:59,1.33,0.9851,5,1.31,0.9703,6,1.33,0.9851,1,1.32,0.9777,292,0
SPY190812P292,2019-08-09,2019-08-09 09:32:00,1.33,0.9851,94,1.31,0.9703,6,1.33,0.9851,1,1.32,0.9777,292,0
SPY190812P292,2019-08-09,2019-08-09 09:32:00,1.33,0.9851,94,1.3,0.9629,81,1.33,0.9851,1,1.315,0.974,292,0
SPY190812P292,2019-08-09,2019-08-09 09:32:01,1.33,0.9851,94,1.3,0.9629,81,1.33,0.9851,1,1.315,0.974,292,0
SPY190812P292,2019-08-09,2019-08-09 09:32:01,1.33,0.9851,100,1.31,0.9703,20,1.33,0.9851,1,1.32,0.9777,292,0
SPY190812P292,2019-08-09,2019-08-09 09:32:02,1.32,0.9777,5,1.3,0.9629,66,1.33,0.9851,1,1.31,0.9703,292,0
SPY190812P292,2019-08-09,2019-08-09 09:32:02,1.32,0.9777,5,1.31,0.9703,9,1.33,0.9851,1,1.315,0.974,292,0
SPY190812P292,2019-08-09,2019-08-09 09:32:03,1.32,0.9777,100,1.3,0.9629,6,1.33,0.9851,1,1.31,0.9703,292,0
SPY190812P292,2019-08-09,2019-08-09 09:32:04,1.32,0.9777,75,1.3,0.9629,40,1.33,0.9851,1,1.31,0.9703,292,0
SPY190812P292,2019-08-09,2019-08-09 09:32:04,1.32,0.9777,14,1.31,0.9703,9,1.33,0.9851,1,1.315,0.974,292,0
SPY190812P292,2019-08-09,2019-08-09 09:32:05,1.3,0.9629,6,1.28,0.9481,6,1.33,0.9851,1,1.29,0.9555,292,0
SPY190812P292,2019-08-09,2019-08-09 09:32:05,1.3,0.9629,5,1.28,0.9481,29,1.33,0.9851,1,1.29,0.9555,292,0
SPY190812P292,2019-08-09,2019-08-09 09:32:06,1.29,0.9555,5,1.28,0.9481,4,1.33,0.9851,1,1.285,0.9518,292,0
SPY190812P292,2019-08-09,2019-08-09 09:32:07,1.29,0.9555,100,1.28,0.9481,4,1.33,0.9851,1,1.285,0.9518,292,0
SPY190812P292,2019-08-09,2019-08-09 09:32:07,1.29,0.9555,115,1.28,0.9481,4,1.33,0.9851,1,1.285,0.9518,292,0
SPY190812P292,2019-08-09,2019-08-09 09:32:08,1.29,0.9555,5,1.28,0.9481,4,1.33,0.9851,1,1.285,0.9518,292,0
SPY190812P292,2019-08-09,2019-08-09 09:32:08,1.3,0.9629,117,1.28,0.9481,4,1.33,0.9851,1,1.29,0.9555,292,0
SPY190812P292,2019-08-09,2019-08-09 09:32:09,1.28,0.9481,100,1.27,0.9407,6,1.28,0.9481,4,1.275,0.9444,296,0
SPY190812P292,2019-08-09,2019-08-09 09:32:09,1.29,0.9555,6,1.27,0.9407,31,1.28,0.9481,4,1.28,0.9481,296,4
SPY190812P292,2019-08-09,2019-08-09 09:32:10,1.29,0.9555,100,1.27,0.9407,33,1.28,0.9481,4,1.28,0.9481,296,0
SPY190812P292,2019-08-09,2019-08-09 09:32:10,1.29,0.9555,100,1.27,0.9407,17,1.28,0.9481,4,1.28,0.9481,296,0
SPY190812P292,2019-08-09,2019-08-09 09:32:11,1.3,0.9629,15,1.28,0.9481,6,1.28,0.9481,4,1.29,0.9555,296,0
SPY190812P292,2019-08-09,2019-08-09 09:32:11,1.29,0.9555,5,1.27,0.9407,31,1.28,0.9481,4,1.28,0.9481,296,0
SPY190812P292,2019-08-09,2019-08-09 09:32:12,1.28,0.9481,6,1.25,0.9259,137,1.28,0.9481,4,1.265,0.937,296,0
SPY190812P292,2019-08-09,2019-08-09 09:32:12,1.29,0.9555,120,1.28,0.9481,6,1.28,0.9481,4,1.285,0.9518,296,0
SPY190812P292,2019-08-09,2019-08-09 09:32:13,1.27,0.9407,6,1.25,0.9259,29,1.28,0.9481,4,1.26,0.9333,296,0
SPY190812P292,2019-08-09,2019-08-09 09:32:13,1.27,0.9407,6,1.25,0.9259,45,1.28,0.9481,4,1.26,0.9333,296,0
SPY190812P292,2019-08-09,2019-08-09 09:32:14,1.27,0.9407,199,1.25,0.9259,6,1.27,0.9407,5,1.26,0.9333,301,5
SPY190812P292,2019-08-09,2019-08-09 09:32:14,1.27,0.9407,1,1.26,0.9333,6,1.27,0.9407,5,1.265,0.937,301,0
SPY190812P292,2019-08-09,2019-08-09 09:32:15,1.3,0.9629,124,1.28,0.9481,3,1.27,0.9407,1,1.29,0.9555,302,0
SPY190812P292,2019-08-09,2019-08-09 09:32:15,1.27,0.9407,1,1.27,0.9407,6,1.27,0.9407,1,1.27,0.9407,302,1
SPY190812P292,2019-08-09,2019-08-09 09:32:16,1.29,0.9555,5,1.28,0.9481,3,1.27,0.9407,1,1.285,0.9518,302,0
SPY190812P292,2019-08-09,2019-08-09 09:32:16,1.29,0.9555,5,1.28,0.9481,30,1.27,0.9407,1,1.285,0.9518,302,0
SPY190812P292,2019-08-09,2019-08-09 09:32:17,1.31,0.9703,8,1.28,0.9481,88,1.27,0.9407,1,1.295,0.9592,302,0
SPY190812P292,2019-08-09,2019-08-09 09:32:17,1.3,0.9629,6,1.28,0.9481,267,1.27,0.9407,1,1.29,0.9555,302,0
SPY190812P292,2019-08-09,2019-08-09 09:32:18,1.3,0.9629,5,1.29,0.9555,50,1.27,0.9407,1,1.295,0.9592,302,0
SPY190812P292,2019-08-09,2019-08-09 09:32:18,1.31,0.9703,120,1.29,0.9555,6,1.27,0.9407,1,1.3,0.9629,302,0
SPY190812P292,2019-08-09,2019-08-09 09:32:19,1.3,0.9629,14,1.28,0.9481,78,1.27,0.9407,1,1.29,0.9555,302,0
SPY190812P292,2019-08-09,2019-08-09 09:32:20,1.31,0.9703,6,1.29,0.9555,36,1.27,0.9407,1,1.3,0.9629,302,0
SPY190812P292,2019-08-09,2019-08-09 09:32:20,1.3,0.9629,5,1.28,0.9481,98,1.27,0.9407,1,1.29,0.9555,302,0
SPY190812P292,2019-08-09,2019-08-09 09:32:21,1.3,0.9629,5,1.28,0.9481,98,1.27,0.9407,1,1.29,0.9555,302,0
SPY190812P292,2019-08-09,2019-08-09 09:32:21,1.3,0.9629,5,1.28,0.9481,43,1.27,0.9407,1,1.29,0.9555,302,0
SPY190812P292,2019-08-09,2019-08-09 09:32:22,1.3,0.9629,6,1.28,0.9481,182,1.27,0.9407,1,1.29,0.9555,302,0
SPY190812P292,2019-08-09,2019-08-09 09:32:22,1.3,0.9629,6,1.29,0.9555,30,1.27,0.9407,1,1.295,0.9592,302,0
SPY190812P292,2019-08-09,2019-08-09 09:32:23,1.31,0.9703,100,1.29,0.9555,38,1.27,0.9407,1,1.3,0.9629,302,0
SPY190812P292,2019-08-09,2019-08-09 09:32:24,1.31,0.9703,100,1.29,0.9555,36,1.27,0.9407,1,1.3,0.9629,302,0
SPY190812P292,2019-08-09,2019-08-09 09:32:24,1.3,0.9629,5,1.29,0.9555,36,1.27,0.9407,1,1.295,0.9592,302,0
SPY190812P292,2019-08-09,2019-08-09 09:32:25,1.31,0.9703,10,1.29,0.9555,67,1.27,0.9407,1,1.3,0.9629,302,0
SPY190812P292,2019-08-09,2019-08-09 09:32:25,1.31,0.9703,6,1.29,0.9555,52,1.27,0.9407,1,1.3,0.9629,302,0
SPY190812P292,2019-08-09,2019-08-09 09:32:26,1.32,0.9777,5,1.31,0.9703,31,1.3,0.9629,1,1.315,0.974,303,1
SPY190812P292,2019-08-09,2019-08-09 09:32:26,1.32,0.9777,100,1.3,0.9629,63,1.27,0.9407,1,1.31,0.9703,302,0
SPY190812P292,2019-08-09,2019-08-09 09:32:27,1.32,0.9777,68,1.31,0.9703,20,1.3,0.9629,1,1.315,0.974,303,0
SPY190812P292,2019-08-09,2019-08-09 09:32:27,1.33,0.9851,121,1.31,0.9703,20,1.3,0.9629,1,1.32,0.9777,303,0
SPY190812P292,2019-08-09,2019-08-09 09:32:28,1.33,0.9851,5,1.31,0.9703,45,1.3,0.9629,1,1.32,0.9777,303,0
SPY190812P292,2019-08-09,2019-08-09 09:32:28,1.33,0.9851,121,1.31,0.9703,47,1.3,0.9629,1,1.32,0.9777,303,0
SPY190812P292,2019-08-09,2019-08-09 09:32:29,1.33,0.9851,14,1.32,0.9777,20,1.3,0.9629,1,1.325,0.9814,303,0
SPY190812P292,2019-08-09,2019-08-09 09:32:29,1.34,0.9925,17,1.31,0.9703,122,1.3,0.9629,1,1.325,0.9814,303,0
SPY190812P292,2019-08-09,2019-08-09 09:32:30,1.34,0.9925,100,1.32,0.9777,56,1.3,0.9629,1,1.33,0.9851,303,0
SPY190812P292,2019-08-09,2019-08-09 09:32:30,1.35,1.0,5,1.32,0.9777,305,1.3,0.9629,1,1.335,0.9888,303,0
SPY190812P292,2019-08-09,2019-08-09 09:32:31,1.35,1.0,88,1.32,0.9777,467,1.3,0.9629,1,1.335,0.9888,303,0
SPY190812P292,2019-08-09,2019-08-09 09:32:31,1.35,1.0,88,1.33,0.9851,6,1.3,0.9629,1,1.34,0.9925,303,0
SPY190812P292,2019-08-09,2019-08-09 09:32:32,1.35,1.0,70,1.34,0.9925,3,1.3,0.9629,1,1.345,0.9962,303,0
SPY190812P292,2019-08-09,2019-08-09 09:32:32,1.35,1.0,70,1.33,0.9851,64,1.3,0.9629,1,1.34,0.9925,303,0
SPY190812P292,2019-08-09,2019-08-09 09:32:33,1.34,0.9925,6,1.32,0.9777,108,1.3,0.9629,1,1.33,0.9851,303,0
SPY190812P292,2019-08-09,2019-08-09 09:32:33,1.34,0.9925,118,1.31,0.9703,85,1.3,0.9629,1,1.325,0.9814,303,0
SPY190812P292,2019-08-09,2019-08-09 09:32:34,1.33,0.9851,111,1.31,0.9703,111,1.3,0.9629,1,1.32,0.9777,303,0
SPY190812P292,2019-08-09,2019-08-09 09:32:34,1.33,0.9851,14,1.32,0.9777,9,1.3,0.9629,1,1.325,0.9814,303,0
SPY190812P292,2019-08-09,2019-08-09 09:32:35,1.33,0.9851,6,1.31,0.9703,114,1.3,0.9629,1,1.32,0.9777,303,0
SPY190812P292,2019-08-09,2019-08-09 09:32:35,1.33,0.9851,115,1.31,0.9703,106,1.3,0.9629,1,1.32,0.9777,303,0
SPY190812P292,2019-08-09,2019-08-09 09:32:36,1.32,0.9777,3,1.31,0.9703,15,1.3,0.9629,1,1.315,0.974,303,0
SPY190812P292,2019-08-09,2019-08-09 09:32:36,1.31,0.9703,1,1.29,0.9555,28,1.31,0.9703,7,1.3,0.9629,310,7
SPY190812P292,2019-08-09,2019-08-09 09:32:37,1.32,0.9777,141,1.29,0.9555,46,1.31,0.9703,7,1.305,0.9666,310,0
SPY190812P292,2019-08-09,2019-08-09 09:32:37,1.31,0.9703,6,1.29,0.9555,149,1.31,0.9703,7,1.3,0.9629,310,0
SPY190812P292,2019-08-09,2019-08-09 09:32:38,1.31,0.9703,14,1.29,0.9555,116,1.31,0.9703,7,1.3,0.9629,310,0
SPY190812P292,2019-08-09,2019-08-09 09:32:38,1.31,0.9703,5,1.29,0.9555,99,1.31,0.9703,7,1.3,0.9629,310,0
SPY190812P292,2019-08-09,2019-08-09 09:32:39,1.31,0.9703,5,1.29,0.9555,130,1.31,0.9703,7,1.3,0.9629,310,0
SPY190812P292,2019-08-09,2019-08-09 09:32:39,1.32,0.9777,100,1.29,0.9555,147,1.31,0.9703,7,1.305,0.9666,310,0
SPY190812P292,2019-08-09,2019-08-09 09:32:40,1.32,0.9777,100,1.3,0.9629,31,1.31,0.9703,7,1.31,0.9703,310,0
SPY190812P292,2019-08-09,2019-08-09 09:32:40,1.32,0.9777,100,1.3,0.9629,31,1.31,0.9703,100,1.31,0.9703,410,100
SPY190812P292,2019-08-09,2019-08-09 09:32:41,1.33,0.9851,191,1.3,0.9629,116,1.31,0.9703,100,1.315,0.974,410,0
SPY190812P292,2019-08-09,2019-08-09 09:32:41,1.32,0.9777,6,1.31,0.9703,6,1.31,0.9703,100,1.315,0.974,410,0
SPY190812P292,2019-08-09,2019-08-09 09:32:42,1.31,0.9703,171,1.28,0.9481,100,1.3,0.9629,3,1.295,0.9592,413,0
SPY190812P292,2019-08-09,2019-08-09 09:32:42,1.31,0.9703,5,1.3,0.9629,100,1.3,0.9629,3,1.305,0.9666,413,3
SPY190812P292,2019-08-09,2019-08-09 09:32:43,1.29,0.9555,14,1.27,0.9407,112,1.3,0.9629,3,1.28,0.9481,413,0
SPY190812P292,2019-08-09,2019-08-09 09:32:43,1.3,0.9629,186,1.27,0.9407,29,1.3,0.9629,3,1.285,0.9518,413,0
SPY190812P292,2019-08-09,2019-08-09 09:32:44,1.28,0.9481,6,1.27,0.9407,29,1.3,0.9629,3,1.275,0.9444,413,0
SPY190812P292,2019-08-09,2019-08-09 09:32:45,1.29,0.9555,171,1.26,0.9333,79,1.27,0.9407,2,1.275,0.9444,415,0
SPY190812P292,2019-08-09,2019-08-09 09:32:45,1.29,0.9555,171,1.26,0.9333,5,1.27,0.9407,2,1.275,0.9444,415,2
SPY190812P292,2019-08-09,2019-08-09 09:32:46,1.27,0.9407,6,1.25,0.9259,63,1.25,0.9259,3,1.26,0.9333,420,5
SPY190812P292,2019-08-09,2019-08-09 09:32:46,1.29,0.9555,171,1.26,0.9333,99,1.27,0.9407,2,1.275,0.9444,415,0
SPY190812P292,2019-08-09,2019-08-09 09:32:47,1.27,0.9407,70,1.25,0.9259,20,1.25,0.9259,3,1.26,0.9333,420,0
SPY190812P292,2019-08-09,2019-08-09 09:32:47,1.28,0.9481,115,1.25,0.9259,29,1.25,0.9259,3,1.265,0.937,420,0
SPY190812P292,2019-08-09,2019-08-09 09:32:48,1.27,0.9407,6,1.25,0.9259,6,1.25,0.9259,3,1.26,0.9333,420,0
SPY190812P292,2019-08-09,2019-08-09 09:32:48,1.26,0.9333,6,1.24,0.9185,35,1.25,0.9259,3,1.25,0.9259,420,0
SPY190812P292,2019-08-09,2019-08-09 09:32:49,1.26,0.9333,6,1.24,0.9185,8,1.25,0.9259,3,1.25,0.9259,420,0
SPY190812P292,2019-08-09,2019-08-09 09:32:49,1.26,0.9333,115,1.24,0.9185,8,1.25,0.9259,3,1.25,0.9259,420,0
SPY190812P292,2019-08-09,2019-08-09 09:32:50,1.26,0.9333,6,1.24,0.9185,38,1.25,0.9259,3,1.25,0.9259,420,0
SPY190812P292,2019-08-09,2019-08-09 09:32:51,1.26,0.9333,76,1.24,0.9185,22,1.25,0.9259,3,1.25,0.9259,420,0
SPY190812P292,2019-08-09,2019-08-09 09:32:51,1.27,0.9407,100,1.24,0.9185,8,1.25,0.9259,3,1.255,0.9296,420,0
SPY190812P292,2019-08-09,2019-08-09 09:32:52,1.26,0.9333,6,1.24,0.9185,88,1.25,0.9259,3,1.25,0.9259,420,0
SPY190812P292,2019-08-09,2019-08-09 09:32:52,1.26,0.9333,5,1.25,0.9259,6,1.25,0.9259,3,1.255,0.9296,420,0
SPY190812P292,2019-08-09,2019-08-09 09:32:53,1.25,0.9259,14,1.24,0.9185,9,1.25,0.9259,3,1.245,0.9222,420,0
SPY190812P292,2019-08-09,2019-08-09 09:32:53,1.26,0.9333,5,1.24,0.9185,8,1.25,0.9259,3,1.25,0.9259,420,0
SPY190812P292,2019-08-09,2019-08-09 09:32:54,1.25,0.9259,14,1.23,0.9111,22,1.25,0.9259,3,1.24,0.9185,420,0
SPY190812P292,2019-08-09,2019-08-09 09:32:54,1.25,0.9259,14,1.24,0.9185,9,1.25,0.9259,3,1.245,0.9222,420,0
SPY190812P292,2019-08-09,2019-08-09 09:32:55,1.25,0.9259,60,1.23,0.9111,70,1.25,0.9259,3,1.24,0.9185,420,0
SPY190812P292,2019-08-09,2019-08-09 09:32:55,1.26,0.9333,139,1.24,0.9185,20,1.25,0.9259,3,1.25,0.9259,420,0
SPY190812P292,2019-08-09,2019-08-09 09:32:56,1.24,0.9185,6,1.22,0.9037,153,1.25,0.9259,3,1.23,0.9111,420,0
SPY190812P292,2019-08-09,2019-08-09 09:32:56,1.24,0.9185,5,1.22,0.9037,148,1.25,0.9259,3,1.23,0.9111,420,0
SPY190812P292,2019-08-09,2019-08-09 09:32:57,1.24,0.9185,5,1.22,0.9037,50,1.25,0.9259,3,1.23,0.9111,420,0
SPY190812P292,2019-08-09,2019-08-09 09:32:57,1.24,0.9185,124,1.22,0.9037,50,1.25,0.9259,3,1.23,0.9111,420,0
SPY190812P292,2019-08-09,2019-08-09 09:32:58,1.24,0.9185,132,1.23,0.9111,9,1.25,0.9259,3,1.235,0.9148,420,0
SPY190812P292,2019-08-09,2019-08-09 09:32:58,1.24,0.9185,100,1.23,0.9111,3,1.25,0.9259,3,1.235,0.9148,420,0
SPY190812P292,2019-08-09,2019-08-09 09:32:59,1.23,0.9111,3,1.22,0.9037,102,1.25,0.9259,3,1.225,0.9074,420,0
SPY190812P292,2019-08-09,2019-08-09 09:32:59,1.23,0.9111,54,1.22,0.9037,9,1.25,0.9259,3,1.225,0.9074,420,0
SPY190812P292,2019-08-09,2019-08-09 09:33:00,1.23,0.9111,70,1.22,0.9037,6,1.25,0.9259,3,1.225,0.9074,420,0
SPY190812P292,2019-08-09,2019-08-09 09:33:00,1.24,0.9185,119,1.22,0.9037,20,1.25,0.9259,3,1.23,0.9111,420,0
SPY190812P292,2019-08-09,2019-08-09 09:33:01,1.24,0.9185,14,1.23,0.9111,14,1.25,0.9259,3,1.235,0.9148,420,0
SPY190812P292,2019-08-09,2019-08-09 09:33:01,1.24,0.9185,108,1.22,0.9037,112,1.25,0.9259,3,1.23,0.9111,420,0
SPY190812P292,2019-08-09,2019-08-09 09:33:02,1.25,0.9259,90,1.23,0.9111,92,1.25,0.9259,3,1.24,0.9185,420,0
SPY190812P292,2019-08-09,2019-08-09 09:33:02,1.24,0.9185,73,1.23,0.9111,3,1.25,0.9259,3,1.235,0.9148,420,0
SPY190812P292,2019-08-09,2019-08-09 09:33:03,1.25,0.9259,5,1.23,0.9111,261,1.25,0.9259,3,1.24,0.9185,420,0
SPY190812P292,2019-08-09,2019-08-09 09:33:03,1.25,0.9259,8,1.24,0.9185,1,1.25,0.9259,3,1.245,0.9222,420,0
SPY190812P292,2019-08-09,2019-08-09 09:33:04,1.26,0.9333,124,1.24,0.9185,85,1.25,0.9259,3,1.25,0.9259,420,0
SPY190812P292,2019-08-09,2019-08-09 09:33:04,1.26,0.9333,139,1.24,0.9185,6,1.25,0.9259,3,1.25,0.9259,420,0
SPY190812P292,2019-08-09,2019-08-09 09:33:05,1.26,0.9333,149,1.24,0.9185,155,1.25,0.9259,3,1.25,0.9259,420,0
SPY190812P292,2019-08-09,2019-08-09 09:33:05,1.26,0.9333,149,1.24,0.9185,97,1.25,0.9259,3,1.25,0.9259,420,0
SPY190812P292,2019-08-09,2019-08-09 09:33:06,1.25,0.9259,8,1.24,0.9185,50,1.25,0.9259,3,1.245,0.9222,420,0
SPY190812P292,2019-08-09,2019-08-09 09:33:07,1.25,0.9259,6,1.22,0.9037,193,1.25,0.9259,3,1.235,0.9148,420,0
SPY190812P292,2019-08-09,2019-08-09 09:33:08,1.24,0.9185,6,1.22,0.9037,192,1.25,0.9259,3,1.23,0.9111,420,0
SPY190812P292,2019-08-09,2019-08-09 09:33:09,1.24,0.9185,5,1.22,0.9037,142,1.25,0.9259,3,1.23,0.9111,420,0
SPY190812P292,2019-08-09,2019-08-09 09:33:09,1.24,0.9185,124,1.22,0.9037,91,1.25,0.9259,3,1.23,0.9111,420,0
SPY190812P292,2019-08-09,2019-08-09 09:33:10,1.24,0.9185,91,1.22,0.9037,117,1.25,0.9259,3,1.23,0.9111,420,0
SPY190812P292,2019-08-09,2019-08-09 09:33:10,1.24,0.9185,138,1.22,0.9037,117,1.25,0.9259,3,1.23,0.9111,420,0
SPY190812P292,2019-08-09,2019-08-09 09:33:11,1.25,0.9259,6,1.23,0.9111,111,1.25,0.9259,3,1.24,0.9185,420,0
SPY190812P292,2019-08-09,2019-08-09 09:33:11,1.24,0.9185,115,1.22,0.9037,150,1.25,0.9259,3,1.23,0.9111,420,0
SPY190812P292,2019-08-09,2019-08-09 09:33:12,1.25,0.9259,129,1.23,0.9111,6,1.25,0.9259,3,1.24,0.9185,420,0
SPY190812P292,2019-08-09,2019-08-09 09:33:12,1.24,0.9185,47,1.23,0.9111,50,1.25,0.9259,3,1.235,0.9148,420,0
SPY190812P292,2019-08-09,2019-08-09 09:33:13,1.25,0.9259,124,1.24,0.9185,7,1.25,0.9259,3,1.245,0.9222,420,0
SPY190812P292,2019-08-09,2019-08-09 09:33:13,1.25,0.9259,129,1.23,0.9111,81,1.25,0.9259,3,1.24,0.9185,420,0
SPY190812P292,2019-08-09,2019-08-09 09:33:14,1.28,0.9481,12,1.25,0.9259,91,1.25,0.9259,3,1.265,0.937,420,0
SPY190812P292,2019-08-09,2019-08-09 09:33:15,1.28,0.9481,5,1.26,0.9333,13,1.25,0.9259,3,1.27,0.9407,420,0
SPY190812P292,2019-08-09,2019-08-09 09:33:15,1.28,0.9481,5,1.26,0.9333,450,1.25,0.9259,3,1.27,0.9407,420,0
SPY190812P292,2019-08-09,2019-08-09 09:33:16,1.29,0.9555,7,1.27,0.9407,1,1.25,0.9259,3,1.28,0.9481,420,0
SPY190812P292,2019-08-09,2019-08-09 09:33:16,1.28,0.9481,5,1.27,0.9407,25,1.27,0.9407,1,1.275,0.9444,422,2
SPY190812P292,2019-08-09,2019-08-09 09:33:17,1.28,0.9481,6,1.26,0.9333,66,1.27,0.9407,1,1.27,0.9407,422,0
SPY190812P292,2019-08-09,2019-08-09 09:33:17,1.27,0.9407,6,1.26,0.9333,81,1.27,0.9407,1,1.265,0.937,422,0
SPY190812P292,2019-08-09,2019-08-09 09:33:18,1.27,0.9407,5,1.24,0.9185,194,1.27,0.9407,1,1.255,0.9296,422,0
SPY190812P292,2019-08-09,2019-08-09 09:33:18,1.26,0.9333,7,1.25,0.9259,20,1.27,0.9407,1,1.255,0.9296,422,0
SPY190812P292,2019-08-09,2019-08-09 09:33:19,1.26,0.9333,44,1.24,0.9185,194,1.26,0.9333,1,1.25,0.9259,423,0
SPY190812P292,2019-08-09,2019-08-09 09:33:19,1.26,0.9333,14,1.25,0.9259,21,1.26,0.9333,1,1.255,0.9296,423,1
SPY190812P292,2019-08-09,2019-08-09 09:33:20,1.27,0.9407,234,1.25,0.9259,16,1.26,0.9333,1,1.26,0.9333,423,0
SPY190812P292,2019-08-09,2019-08-09 09:33:20,1.26,0.9333,6,1.25,0.9259,20,1.26,0.9333,1,1.255,0.9296,423,0
SPY190812P292,2019-08-09,2019-08-09 09:33:21,1.27,0.9407,6,1.25,0.9259,31,1.26,0.9333,1,1.26,0.9333,423,0
SPY190812P292,2019-08-09,2019-08-09 09:33:21,1.26,0.9333,6,1.25,0.9259,31,1.26,0.9333,1,1.255,0.9296,423,0
SPY190812P292,2019-08-09,2019-08-09 09:33:22,1.27,0.9407,64,1.26,0.9333,8,1.26,0.9333,1,1.265,0.937,423,0
SPY190812P292,2019-08-09,2019-08-09 09:33:22,1.26,0.9333,6,1.24,0.9185,37,1.26,0.9333,1,1.25,0.9259,423,0
SPY190812P292,2019-08-09,2019-08-09 09:33:23,1.25,0.9259,6,1.23,0.9111,174,1.26,0.9333,1,1.24,0.9185,423,0
SPY190812P292,2019-08-09,2019-08-09 09:33:23,1.25,0.9259,6,1.24,0.9185,16,1.26,0.9333,1,1.245,0.9222,423,0
SPY190812P292,2019-08-09,2019-08-09 09:33:24,1.25,0.9259,6,1.23,0.9111,87,1.26,0.9333,1,1.24,0.9185,423,0
SPY190812P292,2019-08-09,2019-08-09 09:33:24,1.24,0.9185,8,1.23,0.9111,36,1.25,0.9259,5,1.235,0.9148,428,5
SPY190812P292,2019-08-09,2019-08-09 09:33:25,1.25,0.9259,6,1.23,0.9111,137,1.25,0.9259,5,1.24,0.9185,428,0
SPY190812P292,2019-08-09,2019-08-09 09:33:25,1.26,0.9333,5,1.24,0.9185,31,1.25,0.9259,5,1.25,0.9259,428,0
SPY190812P292,2019-08-09,2019-08-09 09:33:26,1.25,0.9259,6,1.23,0.9111,222,1.25,0.9259,5,1.24,0.9185,428,0
SPY190812P292,2019-08-09,2019-08-09 09:33:26,1.25,0.9259,6,1.24,0.9185,6,1.25,0.9259,5,1.245,0.9222,428,0
SPY190812P292,2019-08-09,2019-08-09 09:33:27,1.25,0.9259,5,1.23,0.9111,46,1.25,0.9259,5,1.24,0.9185,428,0
SPY190812P292,2019-08-09,2019-08-09 09:33:27,1.25,0.9259,14,1.23,0.9111,46,1.25,0.9259,5,1.24,0.9185,428,0
SPY190812P292,2019-08-09,2019-08-09 09:33:28,1.25,0.9259,14,1.23,0.9111,46,1.25,0.9259,5,1.24,0.9185,428,0
SPY190812P292,2019-08-09,2019-08-09 09:33:28,1.26,0.9333,124,1.23,0.9111,94,1.25,0.9259,5,1.245,0.9222,428,0
SPY190812P292,2019-08-09,2019-08-09 09:33:29,1.27,0.9407,6,1.25,0.9259,99,1.25,0.9259,5,1.26,0.9333,428,0
SPY190812P292,2019-08-09,2019-08-09 09:33:29,1.27,0.9407,6,1.25,0.9259,14,1.25,0.9259,5,1.26,0.9333,428,0
SPY190812P292,2019-08-09,2019-08-09 09:33:30,1.27,0.9407,6,1.25,0.9259,143,1.25,0.9259,5,1.26,0.9333,428,0
SPY190812P292,2019-08-09,2019-08-09 09:33:31,1.28,0.9481,180,1.25,0.9259,83,1.25,0.9259,5,1.265,0.937,428,0
SPY190812P292,2019-08-09,2019-08-09 09:33:31,1.27,0.9407,5,1.25,0.9259,164,1.25,0.9259,5,1.26,0.9333,428,0
SPY190812P292,2019-08-09,2019-08-09 09:33:32,1.27,0.9407,8,1.26,0.9333,10,1.25,0.9259,5,1.265,0.937,428,0
SPY190812P292,2019-08-09,2019-08-09 09:33:32,1.27,0.9407,1,1.26,0.9333,10,1.25,0.9259,5,1.265,0.937,428,0
SPY190812P292,2019-08-09,2019-08-09 09:33:33,1.28,0.9481,124,1.26,0.9333,6,1.25,0.9259,5,1.27,0.9407,428,0
SPY190812P292,2019-08-09,2019-08-09 09:33:33,1.28,0.9481,141,1.26,0.9333,6,1.25,0.9259,5,1.27,0.9407,428,0
SPY190812P292,2019-08-09,2019-08-09 09:33:34,1.28,0.9481,6,1.26,0.9333,6,1.25,0.9259,5,1.27,0.9407,428,0
SPY190812P292,2019-08-09,2019-08-09 09:33:34,1.28,0.9481,124,1.26,0.9333,122,1.25,0.9259,5,1.27,0.9407,428,0
SPY190812P292,2019-08-09,2019-08-09 09:33:35,1.29,0.9555,240,1.27,0.9407,6,1.25,0.9259,5,1.28,0.9481,428,0
SPY190812P292,2019-08-09,2019-08-09 09:33:36,1.29,0.9555,160,1.27,0.9407,31,1.25,0.9259,5,1.28,0.9481,428,0
SPY190812P292,2019-08-09,2019-08-09 09:33:36,1.28,0.9481,5,1.27,0.9407,31,1.25,0.9259,5,1.275,0.9444,428,0
SPY190812P292,2019-08-09,2019-08-09 09:33:37,1.28,0.9481,100,1.27,0.9407,1,1.25,0.9259,5,1.275,0.9444,428,0
SPY190812P292,2019-08-09,2019-08-09 09:33:38,1.27,0.9407,5,1.26,0.9333,31,1.27,0.9407,1,1.265,0.937,429,1
SPY190812P292,2019-08-09,2019-08-09 09:33:38,1.29,0.9555,100,1.27,0.9407,6,1.27,0.9407,1,1.28,0.9481,430,1
SPY190812P292,2019-08-09,2019-08-09 09:33:39,1.29,0.9555,79,1.28,0.9481,4,1.27,0.9407,1,1.285,0.9518,430,0
SPY190812P292,2019-08-09,2019-08-09 09:33:40,1.29,0.9555,100,1.27,0.9407,6,1.27,0.9407,1,1.28,0.9481,430,0
SPY190812P292,2019-08-09,2019-08-09 09:33:40,1.29,0.9555,5,1.28,0.9481,12,1.27,0.9407,1,1.285,0.9518,430,0
SPY190812P292,2019-08-09,2019-08-09 09:33:41,1.3,0.9629,84,1.28,0.9481,14,1.27,0.9407,1,1.29,0.9555,430,0
SPY190812P292,2019-08-09,2019-08-09 09:33:41,1.29,0.9555,5,1.28,0.9481,19,1.27,0.9407,1,1.285,0.9518,430,0
SPY190812P292,2019-08-09,2019-08-09 09:33:42,1.3,0.9629,121,1.28,0.9481,45,1.28,0.9481,2,1.29,0.9555,432,2
SPY190812P292,2019-08-09,2019-08-09 09:33:42,1.29,0.9555,5,1.28,0.9481,6,1.27,0.9407,1,1.285,0.9518,430,0
SPY190812P292,2019-08-09,2019-08-09 09:33:43,1.3,0.9629,6,1.28,0.9481,6,1.28,0.9481,2,1.29,0.9555,432,0
SPY190812P292,2019-08-09,2019-08-09 09:33:44,1.3,0.9629,68,1.28,0.9481,6,1.28,0.9481,2,1.29,0.9555,432,0
SPY190812P292,2019-08-09,2019-08-09 09:33:44,1.3,0.9629,6,1.28,0.9481,6,1.28,0.9481,2,1.29,0.9555,432,0
SPY190812P292,2019-08-09,2019-08-09 09:33:45,1.31,0.9703,127,1.29,0.9555,45,1.31,0.9703,25,1.3,0.9629,457,25
SPY190812P292,2019-08-09,2019-08-09 09:33:45,1.3,0.9629,76,1.29,0.9555,6,1.28,0.9481,2,1.295,0.9592,432,0
SPY190812P292,2019-08-09,2019-08-09 09:33:46,1.3,0.9629,5,1.27,0.9407,31,1.31,0.9703,25,1.285,0.9518,457,0
SPY190812P292,2019-08-09,2019-08-09 09:33:46,1.3,0.9629,14,1.29,0.9555,45,1.31,0.9703,25,1.295,0.9592,457,0
SPY190812P292,2019-08-09,2019-08-09 09:33:47,1.29,0.9555,5,1.26,0.9333,73,1.31,0.9703,25,1.275,0.9444,457,0
SPY190812P292,2019-08-09,2019-08-09 09:33:47,1.27,0.9407,6,1.26,0.9333,21,1.31,0.9703,25,1.265,0.937,457,0
SPY190812P292,2019-08-09,2019-08-09 09:33:48,1.26,0.9333,14,1.24,0.9185,38,1.31,0.9703,25,1.25,0.9259,457,0
SPY190812P292,2019-08-09,2019-08-09 09:33:48,1.27,0.9407,6,1.25,0.9259,6,1.31,0.9703,25,1.26,0.9333,457,0
SPY190812P292,2019-08-09,2019-08-09 09:33:49,1.25,0.9259,6,1.23,0.9111,33,1.31,0.9703,25,1.24,0.9185,457,0
SPY190812P292,2019-08-09,2019-08-09 09:33:49,1.25,0.9259,14,1.24,0.9185,32,1.31,0.9703,25,1.245,0.9222,457,0
SPY190812P292,2019-08-09,2019-08-09 09:33:50,1.24,0.9185,1,1.23,0.9111,31,1.31,0.9703,25,1.235,0.9148,457,0
SPY190812P292,2019-08-09,2019-08-09 09:33:50,1.24,0.9185,8,1.23,0.9111,31,1.31,0.9703,25,1.235,0.9148,457,0
SPY190812P292,2019-08-09,2019-08-09 09:33:51,1.25,0.9259,56,1.23,0.9111,31,1.23,0.9111,5,1.24,0.9185,462,0
SPY190812P292,2019-08-09,2019-08-09 09:33:51,1.24,0.9185,7,1.23,0.9111,31,1.23,0.9111,5,1.235,0.9148,462,5
SPY190812P292,2019-08-09,2019-08-09 09:33:52,1.24,0.9185,8,1.22,0.9037,31,1.23,0.9111,5,1.23,0.9111,462,0
SPY190812P292,2019-08-09,2019-08-09 09:33:52,1.24,0.9185,14,1.23,0.9111,31,1.23,0.9111,5,1.235,0.9148,462,0
SPY190812P292,2019-08-09,2019-08-09 09:33:53,1.24,0.9185,5,1.23,0.9111,6,1.23,0.9111,5,1.235,0.9148,462,0
SPY190812P292,2019-08-09,2019-08-09 09:33:53,1.24,0.9185,5,1.23,0.9111,31,1.23,0.9111,5,1.235,0.9148,462,0
SPY190812P292,2019-08-09,2019-08-09 09:33:54,1.24,0.9185,5,1.23,0.9111,25,1.23,0.9111,5,1.235,0.9148,467,5
SPY190812P292,2019-08-09,2019-08-09 09:33:54,1.23,0.9111,5,1.21,0.8962,131,1.23,0.9111,5,1.22,0.9037,467,0
SPY190812P292,2019-08-09,2019-08-09 09:33:55,1.24,0.9185,5,1.22,0.9037,31,1.23,0.9111,5,1.23,0.9111,467,0
SPY190812P292,2019-08-09,2019-08-09 09:33:55,1.24,0.9185,124,1.21,0.8962,131,1.23,0.9111,5,1.225,0.9074,467,0
SPY190812P292,2019-08-09,2019-08-09 09:33:56,1.23,0.9111,8,1.22,0.9037,1,1.23,0.9111,5,1.225,0.9074,467,0
SPY190812P292,2019-08-09,2019-08-09 09:33:56,1.24,0.9185,106,1.22,0.9037,31,1.23,0.9111,5,1.23,0.9111,467,0
SPY190812P292,2019-08-09,2019-08-09 09:33:57,1.23,0.9111,7,1.22,0.9037,8,1.23,0.9111,1,1.225,0.9074,468,1
SPY190812P292,2019-08-09,2019-08-09 09:33:58,1.23,0.9111,7,1.22,0.9037,6,1.23,0.9111,1,1.225,0.9074,468,0
SPY190812P292,2019-08-09,2019-08-09 09:33:58,1.23,0.9111,5,1.21,0.8962,43,1.23,0.9111,1,1.22,0.9037,468,0
SPY190812P292,2019-08-09,2019-08-09 09:33:59,1.23,0.9111,5,1.22,0.9037,31,1.23,0.9111,1,1.225,0.9074,468,0
SPY190812P292,2019-08-09,2019-08-09 09:33:59,1.23,0.9111,5,1.22,0.9037,6,1.23,0.9111,1,1.225,0.9074,468,0
SPY190812P292,2019-08-09,2019-08-09 09:34:00,1.24,0.9185,124,1.23,0.9111,6,1.23,0.9111,1,1.235,0.9148,469,1
SPY190812P292,2019-08-09,2019-08-09 09:34:00,1.24,0.9185,5,1.23,0.9111,6,1.23,0.9111,1,1.235,0.9148,469,0
SPY190812P292,2019-08-09,2019-08-09 09:34:01,1.23,0.9111,5,1.21,0.8962,191,1.23,0.9111,1,1.22,0.9037,469,0
SPY190812P292,2019-08-09,2019-08-09 09:34:01,1.24,0.9185,9,1.22,0.9037,7,1.23,0.9111,1,1.23,0.9111,469,0
SPY190812P292,2019-08-09,2019-08-09 09:34:02,1.24,0.9185,166,1.22,0.9037,6,1.23,0.9111,1,1.23,0.9111,469,0
SPY190812P292,2019-08-09,2019-08-09 09:34:02,1.23,0.9111,5,1.21,0.8962,105,1.23,0.9111,1,1.22,0.9037,469,0
SPY190812P292,2019-08-09,2019-08-09 09:34:03,1.23,0.9111,6,1.21,0.8962,54,1.23,0.9111,1,1.22,0.9037,469,0
SPY190812P292,2019-08-09,2019-08-09 09:34:03,1.23,0.9111,63,1.21,0.8962,105,1.23,0.9111,1,1.22,0.9037,469,0
SPY190812P292,2019-08-09,2019-08-09 09:34:04,1.23,0.9111,56,1.21,0.8962,54,1.23,0.9111,1,1.22,0.9037,469,0
SPY190812P292,2019-08-09,2019-08-09 09:34:04,1.22,0.9037,1,1.21,0.8962,54,1.23,0.9111,1,1.215,0.9,469,0
SPY190812P292,2019-08-09,2019-08-09 09:34:05,1.22,0.9037,5,1.2,0.8888,31,1.23,0.9111,1,1.21,0.8962,469,0
SPY190812P292,2019-08-09,2019-08-09 09:34:05,1.22,0.9037,7,1.2,0.8888,10,1.23,0.9111,1,1.21,0.8962,469,0
SPY190812P292,2019-08-09,2019-08-09 09:34:06,1.21,0.8962,5,1.2,0.8888,10,1.23,0.9111,1,1.205,0.8925,469,0
SPY190812P292,2019-08-09,2019-08-09 09:34:06,1.21,0.8962,8,1.2,0.8888,25,1.21,0.8962,5,1.205,0.8925,474,5
SPY190812P292,2019-08-09,2019-08-09 09:34:07,1.21,0.8962,5,1.2,0.8888,25,1.21,0.8962,5,1.205,0.8925,484,5
SPY190812P292,2019-08-09,2019-08-09 09:34:07,1.21,0.8962,8,1.2,0.8888,25,1.21,0.8962,5,1.205,0.8925,479,5
SPY190812P292,2019-08-09,2019-08-09 09:34:08,1.21,0.8962,5,1.2,0.8888,25,1.21,0.8962,5,1.205,0.8925,484,0
SPY190812P292,2019-08-09,2019-08-09 09:34:09,1.21,0.8962,5,1.2,0.8888,25,1.21,0.8962,5,1.205,0.8925,484,0
SPY190812P292,2019-08-09,2019-08-09 09:34:09,1.22,0.9037,139,1.2,0.8888,25,1.21,0.8962,5,1.21,0.8962,484,0
SPY190812P292,2019-08-09,2019-08-09 09:34:10,1.22,0.9037,15,1.2,0.8888,25,1.21,0.8962,5,1.21,0.8962,484,0
SPY190812P292,2019-08-09,2019-08-09 09:34:10,1.21,0.8962,5,1.2,0.8888,25,1.21,0.8962,5,1.205,0.8925,484,0
SPY190812P292,2019-08-09,2019-08-09 09:34:11,1.23,0.9111,127,1.21,0.8962,1,1.21,0.8962,5,1.22,0.9037,484,0
SPY190812P292,2019-08-09,2019-08-09 09:34:11,1.23,0.9111,7,1.22,0.9037,1,1.21,0.8962,5,1.225,0.9074,484,0
SPY190812P292,2019-08-09,2019-08-09 09:34:12,1.22,0.9037,1,1.21,0.8962,58,1.21,0.8962,5,1.215,0.9,484,0
SPY190812P292,2019-08-09,2019-08-09 09:34:12,1.23,0.9111,49,1.21,0.8962,58,1.21,0.8962,5,1.22,0.9037,484,0
SPY190812P292,2019-08-09,2019-08-09 09:34:13,1.23,0.9111,14,1.22,0.9037,8,1.21,0.8962,5,1.225,0.9074,484,0
SPY190812P292,2019-08-09,2019-08-09 09:34:13,1.23,0.9111,51,1.22,0.9037,1,1.21,0.8962,5,1.225,0.9074,484,0
SPY190812P292,2019-08-09,2019-08-09 09:34:14,1.24,0.9185,90,1.22,0.9037,87,1.21,0.8962,5,1.23,0.9111,484,0
SPY190812P292,2019-08-09,2019-08-09 09:34:14,1.24,0.9185,100,1.22,0.9037,96,1.21,0.8962,5,1.23,0.9111,484,0
SPY190812P292,2019-08-09,2019-08-09 09:34:15,1.23,0.9111,5,1.22,0.9037,70,1.21,0.8962,5,1.225,0.9074,489,5
SPY190812P292,2019-08-09,2019-08-09 09:34:15,1.24,0.9185,14,1.22,0.9037,70,1.21,0.8962,5,1.23,0.9111,489,0
SPY190812P292,2019-08-09,2019-08-09 09:34:16,1.23,0.9111,8,1.22,0.9037,80,1.21,0.8962,5,1.225,0.9074,489,0
SPY190812P292,2019-08-09,2019-08-09 09:34:16,1.24,0.9185,110,1.23,0.9111,1,1.21,0.8962,5,1.235,0.9148,489,0
SPY190812P292,2019-08-09,2019-08-09 09:34:17,1.24,0.9185,97,1.22,0.9037,89,1.24,0.9185,40,1.23,0.9111,529,0
SPY190812P292,2019-08-09,2019-08-09 09:34:17,1.24,0.9185,97,1.22,0.9037,95,1.24,0.9185,40,1.23,0.9111,529,40
SPY190812P292,2019-08-09,2019-08-09 09:34:18,1.24,0.9185,100,1.22,0.9037,85,1.24,0.9185,40,1.23,0.9111,529,0
SPY190812P292,2019-08-09,2019-08-09 09:34:18,1.25,0.9259,5,1.23,0.9111,50,1.24,0.9185,40,1.24,0.9185,529,0
SPY190812P292,2019-08-09,2019-08-09 09:34:19,1.23,0.9111,5,1.21,0.8962,95,1.24,0.9185,40,1.22,0.9037,529,0
SPY190812P292,2019-08-09,2019-08-09 09:34:19,1.23,0.9111,5,1.21,0.8962,147,1.24,0.9185,40,1.22,0.9037,529,0
SPY190812P292,2019-08-09,2019-08-09 09:34:20,1.23,0.9111,6,1.22,0.9037,31,1.24,0.9185,40,1.225,0.9074,529,0
SPY190812P292,2019-08-09,2019-08-09 09:34:21,1.23,0.9111,6,1.21,0.8962,136,1.24,0.9185,40,1.22,0.9037,529,0
SPY190812P292,2019-08-09,2019-08-09 09:34:21,1.22,0.9037,14,1.21,0.8962,81,1.24,0.9185,40,1.215,0.9,529,0
SPY190812P292,2019-08-09,2019-08-09 09:34:22,1.22,0.9037,14,1.21,0.8962,118,1.24,0.9185,40,1.215,0.9,529,0
SPY190812P292,2019-08-09,2019-08-09 09:34:22,1.22,0.9037,14,1.21,0.8962,53,1.24,0.9185,40,1.215,0.9,529,0
SPY190812P292,2019-08-09,2019-08-09 09:34:23,1.22,0.9037,14,1.21,0.8962,68,1.24,0.9185,40,1.215,0.9,529,0
SPY190812P292,2019-08-09,2019-08-09 09:34:23,1.22,0.9037,11,1.21,0.8962,14,1.24,0.9185,40,1.215,0.9,529,0
SPY190812P292,2019-08-09,2019-08-09 09:34:24,1.21,0.8962,148,1.2,0.8888,24,1.24,0.9185,40,1.205,0.8925,529,0
SPY190812P292,2019-08-09,2019-08-09 09:34:24,1.21,0.8962,178,1.2,0.8888,10,1.24,0.9185,40,1.205,0.8925,529,0
SPY190812P292,2019-08-09,2019-08-09 09:34:25,1.21,0.8962,178,1.2,0.8888,10,1.24,0.9185,40,1.205,0.8925,529,0
SPY190812P292,2019-08-09,2019-08-09 09:34:26,1.21,0.8962,100,1.2,0.8888,31,1.24,0.9185,40,1.205,0.8925,529,0
SPY190812P292,2019-08-09,2019-08-09 09:34:26,1.21,0.8962,100,1.2,0.8888,10,1.24,0.9185,40,1.205,0.8925,529,0
SPY190812P292,2019-08-09,2019-08-09 09:34:27,1.21,0.8962,100,1.2,0.8888,123,1.24,0.9185,40,1.205,0.8925,529,0
SPY190812P292,2019-08-09,2019-08-09 09:34:27,1.21,0.8962,100,1.2,0.8888,61,1.24,0.9185,40,1.205,0.8925,529,0
SPY190812P292,2019-08-09,2019-08-09 09:34:28,1.23,0.9111,108,1.21,0.8962,46,1.21,0.8962,100,1.22,0.9037,629,100
SPY190812P292,2019-08-09,2019-08-09 09:34:28,1.23,0.9111,93,1.21,0.8962,46,1.21,0.8962,100,1.22,0.9037,629,0
SPY190812P292,2019-08-09,2019-08-09 09:34:29,1.23,0.9111,98,1.21,0.8962,52,1.21,0.8962,100,1.22,0.9037,629,0
SPY190812P292,2019-08-09,2019-08-09 09:34:30,1.23,0.9111,98,1.21,0.8962,35,1.21,0.8962,100,1.22,0.9037,629,0
SPY190812P292,2019-08-09,2019-08-09 09:34:30,1.23,0.9111,11,1.21,0.8962,173,1.21,0.8962,100,1.22,0.9037,629,0
SPY190812P292,2019-08-09,2019-08-09 09:34:31,1.23,0.9111,82,1.21,0.8962,31,1.21,0.8962,100,1.22,0.9037,629,0
SPY190812P292,2019-08-09,2019-08-09 09:34:31,1.22,0.9037,8,1.21,0.8962,8,1.21,0.8962,100,1.215,0.9,629,0
SPY190812P292,2019-08-09,2019-08-09 09:34:32,1.22,0.9037,10,1.2,0.8888,191,1.21,0.8962,100,1.21,0.8962,629,0
SPY190812P292,2019-08-09,2019-08-09 09:34:32,1.22,0.9037,133,1.2,0.8888,10,1.21,0.8962,100,1.21,0.8962,629,0
SPY190812P292,2019-08-09,2019-08-09 09:34:33,1.21,0.8962,6,1.2,0.8888,31,1.21,0.8962,100,1.205,0.8925,629,0
SPY190812P292,2019-08-09,2019-08-09 09:34:34,1.21,0.8962,20,1.2,0.8888,31,1.21,0.8962,100,1.205,0.8925,629,0
SPY190812P292,2019-08-09,2019-08-09 09:34:34,1.21,0.8962,133,1.2,0.8888,31,1.21,0.8962,100,1.205,0.8925,629,0
SPY190812P292,2019-08-09,2019-08-09 09:34:35,1.21,0.8962,14,1.2,0.8888,31,1.21,0.8962,100,1.205,0.8925,629,0
SPY190812P292,2019-08-09,2019-08-09 09:34:36,1.21,0.8962,106,1.2,0.8888,31,1.21,0.8962,100,1.205,0.8925,629,0
SPY190812P292,2019-08-09,2019-08-09 09:34:36,1.21,0.8962,177,1.2,0.8888,31,1.21,0.8962,100,1.205,0.8925,629,0
SPY190812P292,2019-08-09,2019-08-09 09:34:37,1.2,0.8888,5,1.19,0.8814,14,1.2,0.8888,10,1.195,0.8851,639,0
SPY190812P292,2019-08-09,2019-08-09 09:34:37,1.21,0.8962,177,1.18,0.874,119,1.2,0.8888,10,1.195,0.8851,639,10
SPY190812P292,2019-08-09,2019-08-09 09:34:38,1.2,0.8888,72,1.18,0.874,108,1.2,0.8888,10,1.19,0.8814,639,0
SPY190812P292,2019-08-09,2019-08-09 09:34:38,1.2,0.8888,5,1.18,0.874,66,1.2,0.8888,10,1.19,0.8814,639,0
SPY190812P292,2019-08-09,2019-08-09 09:34:39,1.2,0.8888,172,1.18,0.874,6,1.19,0.8814,1,1.19,0.8814,640,1
SPY190812P292,2019-08-09,2019-08-09 09:34:39,1.2,0.8888,183,1.18,0.874,14,1.19,0.8814,1,1.19,0.8814,640,0
SPY190812P292,2019-08-09,2019-08-09 09:34:40,1.19,0.8814,5,1.18,0.874,34,1.19,0.8814,1,1.185,0.8777,646,6
SPY190812P292,2019-08-09,2019-08-09 09:34:40,1.19,0.8814,1,1.18,0.874,34,1.19,0.8814,1,1.185,0.8777,640,0
SPY190812P292,2019-08-09,2019-08-09 09:34:41,1.19,0.8814,5,1.17,0.8666,99,1.19,0.8814,1,1.18,0.874,647,1
SPY190812P292,2019-08-09,2019-08-09 09:34:41,1.19,0.8814,5,1.18,0.874,34,1.19,0.8814,1,1.185,0.8777,646,0
SPY190812P292,2019-08-09,2019-08-09 09:34:42,1.18,0.874,11,1.16,0.8592,123,1.19,0.8814,1,1.17,0.8666,647,0
SPY190812P292,2019-08-09,2019-08-09 09:34:42,1.19,0.8814,119,1.18,0.874,14,1.19,0.8814,1,1.185,0.8777,647,0
SPY190812P292,2019-08-09,2019-08-09 09:34:43,1.18,0.874,11,1.16,0.8592,38,1.19,0.8814,1,1.17,0.8666,647,0
SPY190812P292,2019-08-09,2019-08-09 09:34:43,1.18,0.874,11,1.16,0.8592,123,1.19,0.8814,1,1.17,0.8666,647,0
SPY190812P292,2019-08-09,2019-08-09 09:34:44,1.18,0.874,14,1.16,0.8592,67,1.19,0.8814,1,1.17,0.8666,647,0
SPY190812P292,2019-08-09,2019-08-09 09:34:44,1.17,0.8666,8,1.16,0.8592,53,1.19,0.8814,1,1.165,0.8629,647,0
SPY190812P292,2019-08-09,2019-08-09 09:34:45,1.17,0.8666,6,1.16,0.8592,26,1.19,0.8814,1,1.165,0.8629,647,0
SPY190812P292,2019-08-09,2019-08-09 09:34:45,1.17,0.8666,73,1.16,0.8592,18,1.19,0.8814,1,1.165,0.8629,647,0
SPY190812P292,2019-08-09,2019-08-09 09:34:46,1.17,0.8666,121,1.16,0.8592,18,1.19,0.8814,1,1.165,0.8629,647,0
SPY190812P292,2019-08-09,2019-08-09 09:34:46,1.17,0.8666,177,1.15,0.8518,15,1.19,0.8814,1,1.16,0.8592,647,0
SPY190812P292,2019-08-09,2019-08-09 09:34:47,1.16,0.8592,11,1.15,0.8518,25,1.19,0.8814,1,1.155,0.8555,647,0
SPY190812P292,2019-08-09,2019-08-09 09:34:47,1.16,0.8592,13,1.15,0.8518,25,1.19,0.8814,1,1.155,0.8555,647,0
SPY190812P292,2019-08-09,2019-08-09 09:34:48,1.17,0.8666,11,1.15,0.8518,25,1.15,0.8518,1,1.16,0.8592,648,1
SPY190812P292,2019-08-09,2019-08-09 09:34:48,1.17,0.8666,106,1.15,0.8518,25,1.15,0.8518,1,1.16,0.8592,648,0
SPY190812P292,2019-08-09,2019-08-09 09:34:49,1.17,0.8666,160,1.15,0.8518,25,1.15,0.8518,1,1.16,0.8592,648,0
SPY190812P292,2019-08-09,2019-08-09 09:34:49,1.17,0.8666,148,1.15,0.8518,25,1.15,0.8518,1,1.16,0.8592,648,0
SPY190812P292,2019-08-09,2019-08-09 09:34:50,1.17,0.8666,8,1.15,0.8518,6,1.15,0.8518,1,1.16,0.8592,648,0
SPY190812P292,2019-08-09,2019-08-09 09:34:50,1.19,0.8814,155,1.16,0.8592,55,1.15,0.8518,1,1.175,0.8703,648,0
SPY190812P292,2019-08-09,2019-08-09 09:34:51,1.16,0.8592,6,1.15,0.8518,6,1.15,0.8518,1,1.155,0.8555,648,0
SPY190812P292,2019-08-09,2019-08-09 09:34:51,1.16,0.8592,14,1.15,0.8518,1,1.15,0.8518,1,1.155,0.8555,648,0
SPY190812P292,2019-08-09,2019-08-09 09:34:52,1.16,0.8592,6,1.14,0.8444,63,1.15,0.8518,1,1.15,0.8518,648,0
SPY190812P292,2019-08-09,2019-08-09 09:34:52,1.16,0.8592,6,1.14,0.8444,113,1.15,0.8518,1,1.15,0.8518,648,0
SPY190812P292,2019-08-09,2019-08-09 09:34:53,1.16,0.8592,19,1.14,0.8444,56,1.16,0.8592,1,1.15,0.8518,650,2
SPY190812P292,2019-08-09,2019-08-09 09:34:53,1.16,0.8592,19,1.14,0.8444,56,1.16,0.8592,1,1.15,0.8518,650,0
SPY190812P292,2019-08-09,2019-08-09 09:34:54,1.15,0.8518,11,1.14,0.8444,64,1.16,0.8592,1,1.145,0.8481,650,0
SPY190812P292,2019-08-09,2019-08-09 09:34:54,1.15,0.8518,1,1.14,0.8444,64,1.16,0.8592,1,1.145,0.8481,650,0
SPY190812P292,2019-08-09,2019-08-09 09:34:55,1.15,0.8518,11,1.14,0.8444,64,1.16,0.8592,1,1.145,0.8481,650,0
SPY190812P292,2019-08-09,2019-08-09 09:34:56,1.16,0.8592,131,1.14,0.8444,10,1.16,0.8592,1,1.15,0.8518,650,0
SPY190812P292,2019-08-09,2019-08-09 09:34:57,1.15,0.8518,12,1.14,0.8444,10,1.15,0.8518,5,1.145,0.8481,655,5
SPY190812P292,2019-08-09,2019-08-09 09:34:58,1.16,0.8592,115,1.14,0.8444,10,1.15,0.8518,5,1.15,0.8518,655,0
SPY190812P292,2019-08-09,2019-08-09 09:34:59,1.15,0.8518,6,1.14,0.8444,10,1.15,0.8518,5,1.145,0.8481,655,0
SPY190812P292,2019-08-09,2019-08-09 09:34:59,1.15,0.8518,100,1.14,0.8444,10,1.15,0.8518,5,1.145,0.8481,655,0
SPY190812P292,2019-08-09,2019-08-09 09:35:00,1.15,0.8518,7,1.14,0.8444,10,1.15,0.8518,5,1.145,0.8481,655,0
SPY190812P292,2019-08-09,2019-08-09 09:35:00,1.16,0.8592,7,1.14,0.8444,13,1.15,0.8518,5,1.15,0.8518,655,0
SPY190812P292,2019-08-09,2019-08-09 09:35:01,1.15,0.8518,104,1.14,0.8444,10,1.15,0.8518,5,1.145,0.8481,655,0
SPY190812P292,2019-08-09,2019-08-09 09:35:02,1.15,0.8518,18,1.14,0.8444,10,1.15,0.8518,5,1.145,0.8481,655,0
SPY190812P292,2019-08-09,2019-08-09 09:35:02,1.16,0.8592,100,1.14,0.8444,10,1.15,0.8518,1,1.15,0.8518,657,2
SPY190812P292,2019-08-09,2019-08-09 09:35:03,1.16,0.8592,6,1.14,0.8444,192,1.15,0.8518,1,1.15,0.8518,657,0
SPY190812P292,2019-08-09,2019-08-09 09:35:06,1.17,0.8666,6,1.16,0.8592,59,1.15,0.8518,1,1.165,0.8629,657,0
SPY190812P292,2019-08-09,2019-08-09 09:35:07,1.18,0.874,5,1.16,0.8592,48,1.15,0.8518,1,1.17,0.8666,657,0
SPY190812P292,2019-08-09,2019-08-09 09:35:07,1.18,0.874,104,1.16,0.8592,6,1.15,0.8518,1,1.17,0.8666,657,0
SPY190812P292,2019-08-09,2019-08-09 09:35:08,1.17,0.8666,10,1.15,0.8518,35,1.15,0.8518,1,1.16,0.8592,657,0
SPY190812P292,2019-08-09,2019-08-09 09:35:08,1.18,0.874,119,1.16,0.8592,8,1.15,0.8518,1,1.17,0.8666,657,0
SPY190812P292,2019-08-09,2019-08-09 09:35:09,1.18,0.874,21,1.16,0.8592,31,1.15,0.8518,1,1.17,0.8666,657,0
SPY190812P292,2019-08-09,2019-08-09 09:35:10,1.19,0.8814,100,1.17,0.8666,6,1.17,0.8666,3,1.18,0.874,660,0
SPY190812P292,2019-08-09,2019-08-09 09:35:10,1.18,0.874,21,1.17,0.8666,6,1.17,0.8666,3,1.175,0.8703,660,3
SPY190812P292,2019-08-09,2019-08-09 09:35:11,1.18,0.874,5,1.16,0.8592,65,1.17,0.8666,3,1.17,0.8666,660,0
SPY190812P292,2019-08-09,2019-08-09 09:35:11,1.19,0.8814,100,1.16,0.8592,59,1.17,0.8666,3,1.175,0.8703,660,0
SPY190812P292,2019-08-09,2019-08-09 09:35:12,1.18,0.874,9,1.15,0.8518,208,1.17,0.8666,3,1.165,0.8629,660,0
SPY190812P292,2019-08-09,2019-08-09 09:35:12,1.17,0.8666,6,1.14,0.8444,169,1.17,0.8666,3,1.155,0.8555,660,0
SPY190812P292,2019-08-09,2019-08-09 09:35:13,1.16,0.8592,14,1.15,0.8518,84,1.17,0.8666,3,1.155,0.8555,660,0
SPY190812P292,2019-08-09,2019-08-09 09:35:13,1.16,0.8592,14,1.15,0.8518,6,1.17,0.8666,3,1.155,0.8555,660,0
SPY190812P292,2019-08-09,2019-08-09 09:35:14,1.16,0.8592,14,1.13,0.837,456,1.17,0.8666,3,1.145,0.8481,660,0
SPY190812P292,2019-08-09,2019-08-09 09:35:14,1.15,0.8518,1,1.14,0.8444,7,1.17,0.8666,3,1.145,0.8481,660,0
SPY190812P292,2019-08-09,2019-08-09 09:35:15,1.15,0.8518,7,1.14,0.8444,8,1.17,0.8666,3,1.145,0.8481,660,0
SPY190812P292,2019-08-09,2019-08-09 09:35:15,1.16,0.8592,8,1.14,0.8444,56,1.17,0.8666,3,1.15,0.8518,660,0
SPY190812P292,2019-08-09,2019-08-09 09:35:16,1.15,0.8518,14,1.14,0.8444,8,1.17,0.8666,3,1.145,0.8481,660,0
SPY190812P292,2019-08-09,2019-08-09 09:35:17,1.15,0.8518,10,1.13,0.837,177,1.17,0.8666,3,1.14,0.8444,660,0
SPY190812P292,2019-08-09,2019-08-09 09:35:17,1.15,0.8518,10,1.13,0.837,223,1.17,0.8666,3,1.14,0.8444,660,0
SPY190812P292,2019-08-09,2019-08-09 09:35:18,1.15,0.8518,9,1.13,0.837,8,1.17,0.8666,3,1.14,0.8444,660,0
SPY190812P292,2019-08-09,2019-08-09 09:35:18,1.15,0.8518,6,1.13,0.837,131,1.15,0.8518,2,1.14,0.8444,662,2
SPY190812P292,2019-08-09,2019-08-09 09:35:19,1.15,0.8518,146,1.12,0.8296,611,1.15,0.8518,2,1.135,0.8407,662,0
SPY190812P292,2019-08-09,2019-08-09 09:35:19,1.15,0.8518,10,1.12,0.8296,611,1.15,0.8518,2,1.135,0.8407,662,0
SPY190812P292,2019-08-09,2019-08-09 09:35:20,1.15,0.8518,14,1.14,0.8444,8,1.15,0.8518,2,1.145,0.8481,662,0
SPY190812P292,2019-08-09,2019-08-09 09:35:20,1.15,0.8518,10,1.13,0.837,241,1.15,0.8518,2,1.14,0.8444,662,0
SPY190812P292,2019-08-09,2019-08-09 09:35:21,1.15,0.8518,8,1.14,0.8444,14,1.15,0.8518,2,1.145,0.8481,662,0
SPY190812P292,2019-08-09,2019-08-09 09:35:21,1.16,0.8592,7,1.14,0.8444,6,1.15,0.8518,2,1.15,0.8518,662,0
SPY190812P292,2019-08-09,2019-08-09 09:35:22,1.15,0.8518,6,1.14,0.8444,224,1.15,0.8518,2,1.145,0.8481,662,0
SPY190812P292,2019-08-09,2019-08-09 09:35:23,1.15,0.8518,71,1.13,0.837,177,1.15,0.8518,2,1.14,0.8444,662,0
SPY190812P292,2019-08-09,2019-08-09 09:35:23,1.14,0.8444,6,1.13,0.837,100,1.15,0.8518,2,1.135,0.8407,662,0
SPY190812P292,2019-08-09,2019-08-09 09:35:24,1.16,0.8592,166,1.13,0.837,245,1.15,0.8518,2,1.145,0.8481,662,0
SPY190812P292,2019-08-09,2019-08-09 09:35:25,1.16,0.8592,102,1.14,0.8444,5,1.15,0.8518,2,1.15,0.8518,662,0
SPY190812P292,2019-08-09,2019-08-09 09:35:26,1.15,0.8518,6,1.14,0.8444,37,1.13,0.837,7,1.145,0.8481,670,8
SPY190812P292,2019-08-09,2019-08-09 09:35:26,1.15,0.8518,6,1.13,0.837,124,1.15,0.8518,2,1.14,0.8444,662,0
SPY190812P292,2019-08-09,2019-08-09 09:35:27,1.16,0.8592,118,1.13,0.837,146,1.13,0.837,17,1.145,0.8481,687,17
SPY190812P292,2019-08-09,2019-08-09 09:35:27,1.16,0.8592,138,1.14,0.8444,6,1.15,0.8518,1,1.15,0.8518,688,1
SPY190812P292,2019-08-09,2019-08-09 09:35:28,1.15,0.8518,5,1.13,0.837,127,1.15,0.8518,1,1.14,0.8444,688,0
SPY190812P292,2019-08-09,2019-08-09 09:35:28,1.15,0.8518,14,1.14,0.8444,1,1.15,0.8518,1,1.145,0.8481,688,0
SPY190812P292,2019-08-09,2019-08-09 09:35:29,1.15,0.8518,6,1.13,0.837,93,1.15,0.8518,1,1.14,0.8444,688,0
SPY190812P292,2019-08-09,2019-08-09 09:35:29,1.15,0.8518,5,1.14,0.8444,7,1.15,0.8518,1,1.145,0.8481,688,0
SPY190812P292,2019-08-09,2019-08-09 09:35:30,1.14,0.8444,1,1.13,0.837,14,1.15,0.8518,1,1.135,0.8407,688,0
SPY190812P292,2019-08-09,2019-08-09 09:35:30,1.15,0.8518,56,1.13,0.837,6,1.15,0.8518,1,1.14,0.8444,688,0
SPY190812P292,2019-08-09,2019-08-09 09:35:31,1.14,0.8444,6,1.13,0.837,6,1.15,0.8518,1,1.135,0.8407,688,0
SPY190812P292,2019-08-09,2019-08-09 09:35:32,1.14,0.8444,5,1.12,0.8296,234,1.15,0.8518,1,1.13,0.837,688,0
SPY190812P292,2019-08-09,2019-08-09 09:35:33,1.14,0.8444,114,1.12,0.8296,139,1.15,0.8518,1,1.13,0.837,688,0
SPY190812P292,2019-08-09,2019-08-09 09:35:33,1.14,0.8444,9,1.12,0.8296,234,1.15,0.8518,1,1.13,0.837,688,0
SPY190812P292,2019-08-09,2019-08-09 09:35:34,1.14,0.8444,114,1.12,0.8296,139,1.15,0.8518,1,1.13,0.837,688,0
SPY190812P292,2019-08-09,2019-08-09 09:35:35,1.13,0.837,1,1.12,0.8296,139,1.15,0.8518,1,1.125,0.8333,688,0
SPY190812P292,2019-08-09,2019-08-09 09:35:36,1.13,0.837,1,1.12,0.8296,139,1.15,0.8518,1,1.125,0.8333,688,0
SPY190812P292,2019-08-09,2019-08-09 09:35:37,1.13,0.837,1,1.12,0.8296,82,1.15,0.8518,1,1.125,0.8333,688,0
SPY190812P292,2019-08-09,2019-08-09 09:35:37,1.13,0.837,1,1.12,0.8296,98,1.15,0.8518,1,1.125,0.8333,688,0
SPY190812P292,2019-08-09,2019-08-09 09:35:38,1.15,0.8518,56,1.12,0.8296,5,1.13,0.837,1,1.135,0.8407,690,0
SPY190812P292,2019-08-09,2019-08-09 09:35:38,1.14,0.8444,50,1.13,0.837,6,1.13,0.837,1,1.135,0.8407,690,2
SPY190812P292,2019-08-09,2019-08-09 09:35:39,1.14,0.8444,70,1.12,0.8296,14,1.13,0.837,1,1.13,0.837,690,0
SPY190812P292,2019-08-09,2019-08-09 09:35:39,1.14,0.8444,6,1.12,0.8296,42,1.13,0.837,1,1.13,0.837,690,0
SPY190812P292,2019-08-09,2019-08-09 09:35:40,1.14,0.8444,127,1.12,0.8296,6,1.13,0.837,1,1.13,0.837,690,0
SPY190812P292,2019-08-09,2019-08-09 09:35:41,1.14,0.8444,127,1.12,0.8296,6,1.13,0.837,1,1.13,0.837,690,0
SPY190812P292,2019-08-09,2019-08-09 09:35:41,1.13,0.837,6,1.12,0.8296,100,1.13,0.837,1,1.125,0.8333,690,0
SPY190812P292,2019-08-09,2019-08-09 09:35:42,1.13,0.837,10,1.12,0.8296,50,1.13,0.837,1,1.125,0.8333,690,0
SPY190812P292,2019-08-09,2019-08-09 09:35:42,1.13,0.837,18,1.12,0.8296,58,1.13,0.837,1,1.125,0.8333,690,0
SPY190812P292,2019-08-09,2019-08-09 09:35:43,1.13,0.837,8,1.12,0.8296,14,1.13,0.837,1,1.125,0.8333,690,0
SPY190812P292,2019-08-09,2019-08-09 09:35:43,1.13,0.837,14,1.12,0.8296,8,1.13,0.837,1,1.125,0.8333,690,0
SPY190812P292,2019-08-09,2019-08-09 09:35:44,1.14,0.8444,137,1.12,0.8296,123,1.13,0.837,1,1.13,0.837,690,0
SPY190812P292,2019-08-09,2019-08-09 09:35:44,1.14,0.8444,141,1.12,0.8296,123,1.13,0.837,1,1.13,0.837,690,0
SPY190812P292,2019-08-09,2019-08-09 09:35:45,1.15,0.8518,117,1.13,0.837,50,1.13,0.837,1,1.14,0.8444,690,0
SPY190812P292,2019-08-09,2019-08-09 09:35:45,1.15,0.8518,144,1.13,0.837,81,1.13,0.837,1,1.14,0.8444,690,0
SPY190812P292,2019-08-09,2019-08-09 09:35:46,1.15,0.8518,142,1.13,0.837,50,1.13,0.837,1,1.14,0.8444,690,0
SPY190812P292,2019-08-09,2019-08-09 09:35:46,1.15,0.8518,144,1.13,0.837,96,1.13,0.837,1,1.14,0.8444,690,0
SPY190812P292,2019-08-09,2019-08-09 09:35:47,1.15,0.8518,142,1.13,0.837,50,1.13,0.837,1,1.14,0.8444,690,0
SPY190812P292,2019-08-09,2019-08-09 09:35:47,1.14,0.8444,6,1.13,0.837,50,1.13,0.837,1,1.135,0.8407,690,0
SPY190812P292,2019-08-09,2019-08-09 09:35:48,1.13,0.837,6,1.12,0.8296,6,1.13,0.837,1,1.125,0.8333,690,0
SPY190812P292,2019-08-09,2019-08-09 09:35:48,1.13,0.837,6,1.11,0.8222,85,1.13,0.837,1,1.12,0.8296,690,0
SPY190812P292,2019-08-09,2019-08-09 09:35:49,1.13,0.837,6,1.11,0.8222,6,1.13,0.837,1,1.12,0.8296,690,0
SPY190812P292,2019-08-09,2019-08-09 09:35:49,1.13,0.837,7,1.11,0.8222,6,1.13,0.837,1,1.12,0.8296,690,0
SPY190812P292,2019-08-09,2019-08-09 09:35:50,1.13,0.837,5,1.11,0.8222,96,1.13,0.837,1,1.12,0.8296,690,0
SPY190812P292,2019-08-09,2019-08-09 09:35:50,1.13,0.837,7,1.11,0.8222,96,1.13,0.837,1,1.12,0.8296,690,0
SPY190812P292,2019-08-09,2019-08-09 09:35:51,1.13,0.837,113,1.11,0.8222,104,1.13,0.837,1,1.12,0.8296,690,0
SPY190812P292,2019-08-09,2019-08-09 09:35:52,1.13,0.837,6,1.11,0.8222,104,1.13,0.837,1,1.12,0.8296,690,0
SPY190812P292,2019-08-09,2019-08-09 09:35:52,1.13,0.837,56,1.11,0.8222,127,1.13,0.837,1,1.12,0.8296,690,0
SPY190812P292,2019-08-09,2019-08-09 09:35:53,1.13,0.837,6,1.11,0.8222,104,1.13,0.837,1,1.12,0.8296,690,0
SPY190812P292,2019-08-09,2019-08-09 09:35:53,1.13,0.837,14,1.11,0.8222,104,1.13,0.837,1,1.12,0.8296,690,0
SPY190812P292,2019-08-09,2019-08-09 09:35:54,1.13,0.837,6,1.11,0.8222,91,1.13,0.837,1,1.12,0.8296,690,0
SPY190812P292,2019-08-09,2019-08-09 09:35:54,1.13,0.837,6,1.11,0.8222,101,1.13,0.837,1,1.12,0.8296,690,0
SPY190812P292,2019-08-09,2019-08-09 09:35:55,1.14,0.8444,189,1.12,0.8296,6,1.13,0.837,1,1.13,0.837,690,0
SPY190812P292,2019-08-09,2019-08-09 09:35:55,1.13,0.837,11,1.11,0.8222,101,1.13,0.837,1,1.12,0.8296,690,0
SPY190812P292,2019-08-09,2019-08-09 09:35:56,1.14,0.8444,6,1.12,0.8296,162,1.13,0.837,1,1.13,0.837,690,0
SPY190812P292,2019-08-09,2019-08-09 09:35:57,1.14,0.8444,6,1.12,0.8296,49,1.13,0.837,1,1.13,0.837,690,0
SPY190812P292,2019-08-09,2019-08-09 09:35:57,1.14,0.8444,6,1.12,0.8296,39,1.13,0.837,1,1.13,0.837,690,0
SPY190812P292,2019-08-09,2019-08-09 09:35:58,1.14,0.8444,82,1.12,0.8296,98,1.13,0.837,1,1.13,0.837,690,0
SPY190812P292,2019-08-09,2019-08-09 09:35:58,1.14,0.8444,79,1.12,0.8296,95,1.13,0.837,1,1.13,0.837,690,0
SPY190812P292,2019-08-09,2019-08-09 09:35:59,1.13,0.837,69,1.11,0.8222,181,1.13,0.837,1,1.12,0.8296,690,0
SPY190812P292,2019-08-09,2019-08-09 09:35:59,1.13,0.837,48,1.12,0.8296,1,1.13,0.837,1,1.125,0.8333,690,0
SPY190812P292,2019-08-09,2019-08-09 09:36:00,1.13,0.837,6,1.11,0.8222,206,1.13,0.837,1,1.12,0.8296,690,0
SPY190812P292,2019-08-09,2019-08-09 09:36:00,1.13,0.837,6,1.11,0.8222,131,1.13,0.837,1,1.12,0.8296,690,0
SPY190812P292,2019-08-09,2019-08-09 09:36:01,1.12,0.8296,6,1.11,0.8222,147,1.13,0.837,1,1.115,0.8259,690,0
SPY190812P292,2019-08-09,2019-08-09 09:36:01,1.13,0.837,100,1.11,0.8222,131,1.13,0.837,1,1.12,0.8296,690,0
SPY190812P292,2019-08-09,2019-08-09 09:36:02,1.13,0.837,133,1.11,0.8222,116,1.13,0.837,1,1.12,0.8296,690,0
SPY190812P292,2019-08-09,2019-08-09 09:36:02,1.14,0.8444,5,1.12,0.8296,8,1.13,0.837,1,1.13,0.837,690,0
SPY190812P292,2019-08-09,2019-08-09 09:36:03,1.13,0.837,6,1.11,0.8222,131,1.13,0.837,1,1.12,0.8296,690,0
SPY190812P292,2019-08-09,2019-08-09 09:36:03,1.13,0.837,14,1.11,0.8222,190,1.13,0.837,1,1.12,0.8296,690,0
SPY190812P292,2019-08-09,2019-08-09 09:36:04,1.13,0.837,181,1.11,0.8222,66,1.13,0.837,1,1.12,0.8296,690,0
SPY190812P292,2019-08-09,2019-08-09 09:36:04,1.12,0.8296,6,1.11,0.8222,100,1.13,0.837,1,1.115,0.8259,690,0
SPY190812P292,2019-08-09,2019-08-09 09:36:05,1.13,0.837,185,1.11,0.8222,31,1.13,0.837,1,1.12,0.8296,690,0
SPY190812P292,2019-08-09,2019-08-09 09:36:05,1.12,0.8296,7,1.11,0.8222,39,1.13,0.837,1,1.115,0.8259,690,0
SPY190812P292,2019-08-09,2019-08-09 09:36:06,1.12,0.8296,5,1.1,0.8148,202,1.13,0.837,1,1.11,0.8222,690,0
SPY190812P292,2019-08-09,2019-08-09 09:36:06,1.13,0.837,185,1.11,0.8222,31,1.13,0.837,1,1.12,0.8296,690,0
SPY190812P292,2019-08-09,2019-08-09 09:36:07,1.12,0.8296,5,1.1,0.8148,202,1.13,0.837,1,1.11,0.8222,690,0
SPY190812P292,2019-08-09,2019-08-09 09:36:07,1.12,0.8296,5,1.1,0.8148,233,1.13,0.837,1,1.11,0.8222,690,0
SPY190812P292,2019-08-09,2019-08-09 09:36:08,1.12,0.8296,6,1.11,0.8222,31,1.13,0.837,1,1.115,0.8259,690,0
SPY190812P292,2019-08-09,2019-08-09 09:36:09,1.13,0.837,6,1.11,0.8222,168,1.13,0.837,1,1.12,0.8296,690,0
SPY190812P292,2019-08-09,2019-08-09 09:36:09,1.12,0.8296,6,1.11,0.8222,31,1.13,0.837,1,1.115,0.8259,690,0
SPY190812P292,2019-08-09,2019-08-09 09:36:10,1.13,0.837,6,1.12,0.8296,6,1.12,0.8296,1,1.125,0.8333,691,0
SPY190812P292,2019-08-09,2019-08-09 09:36:10,1.13,0.837,5,1.12,0.8296,13,1.12,0.8296,1,1.125,0.8333,691,1
SPY190812P292,2019-08-09,2019-08-09 09:36:11,1.13,0.837,5,1.11,0.8222,192,1.12,0.8296,1,1.12,0.8296,691,0
SPY190812P292,2019-08-09,2019-08-09 09:36:11,1.15,0.8518,6,1.13,0.837,6,1.12,0.8296,1,1.14,0.8444,691,0
SPY190812P292,2019-08-09,2019-08-09 09:36:12,1.15,0.8518,131,1.13,0.837,110,1.12,0.8296,1,1.14,0.8444,691,0
SPY190812P292,2019-08-09,2019-08-09 09:36:12,1.15,0.8518,131,1.13,0.837,31,1.12,0.8296,1,1.14,0.8444,691,0
SPY190812P292,2019-08-09,2019-08-09 09:36:13,1.15,0.8518,6,1.13,0.837,126,1.12,0.8296,1,1.14,0.8444,691,0
SPY190812P292,2019-08-09,2019-08-09 09:36:13,1.15,0.8518,131,1.13,0.837,200,1.12,0.8296,1,1.14,0.8444,691,0
SPY190812P292,2019-08-09,2019-08-09 09:36:14,1.16,0.8592,150,1.14,0.8444,95,1.12,0.8296,1,1.15,0.8518,691,0
SPY190812P292,2019-08-09,2019-08-09 09:36:14,1.15,0.8518,6,1.13,0.837,166,1.12,0.8296,1,1.14,0.8444,691,0
SPY190812P292,2019-08-09,2019-08-09 09:36:15,1.16,0.8592,150,1.15,0.8518,1,1.12,0.8296,1,1.155,0.8555,691,0
SPY190812P292,2019-08-09,2019-08-09 09:36:15,1.16,0.8592,131,1.14,0.8444,111,1.12,0.8296,1,1.15,0.8518,691,0
SPY190812P292,2019-08-09,2019-08-09 09:36:16,1.16,0.8592,131,1.14,0.8444,105,1.12,0.8296,1,1.15,0.8518,691,0
SPY190812P292,2019-08-09,2019-08-09 09:36:16,1.16,0.8592,71,1.14,0.8444,127,1.12,0.8296,1,1.15,0.8518,691,0
SPY190812P292,2019-08-09,2019-08-09 09:36:17,1.16,0.8592,70,1.15,0.8518,14,1.12,0.8296,1,1.155,0.8555,691,0
SPY190812P292,2019-08-09,2019-08-09 09:36:17,1.16,0.8592,70,1.14,0.8444,15,1.12,0.8296,1,1.15,0.8518,691,0
SPY190812P292,2019-08-09,2019-08-09 09:36:18,1.16,0.8592,8,1.15,0.8518,8,1.12,0.8296,1,1.155,0.8555,691,0
SPY190812P292,2019-08-09,2019-08-09 09:36:18,1.17,0.8666,136,1.16,0.8592,6,1.12,0.8296,1,1.165,0.8629,691,0
SPY190812P292,2019-08-09,2019-08-09 09:36:19,1.18,0.874,56,1.16,0.8592,91,1.12,0.8296,1,1.17,0.8666,691,0
SPY190812P292,2019-08-09,2019-08-09 09:36:19,1.18,0.874,174,1.16,0.8592,6,1.12,0.8296,1,1.17,0.8666,691,0
SPY190812P292,2019-08-09,2019-08-09 09:36:20,1.18,0.874,100,1.16,0.8592,6,1.12,0.8296,1,1.17,0.8666,691,0
SPY190812P292,2019-08-09,2019-08-09 09:36:21,1.18,0.874,145,1.15,0.8518,210,1.12,0.8296,1,1.165,0.8629,691,0
SPY190812P292,2019-08-09,2019-08-09 09:36:21,1.18,0.874,9,1.16,0.8592,9,1.12,0.8296,1,1.17,0.8666,691,0
SPY190812P292,2019-08-09,2019-08-09 09:36:22,1.17,0.8666,8,1.15,0.8518,200,1.12,0.8296,1,1.16,0.8592,691,0
SPY190812P292,2019-08-09,2019-08-09 09:36:22,1.17,0.8666,103,1.15,0.8518,200,1.12,0.8296,1,1.16,0.8592,691,0
SPY190812P292,2019-08-09,2019-08-09 09:36:23,1.19,0.8814,117,1.16,0.8592,434,1.12,0.8296,1,1.175,0.8703,691,0
SPY190812P292,2019-08-09,2019-08-09 09:36:23,1.19,0.8814,38,1.15,0.8518,200,1.12,0.8296,1,1.17,0.8666,691,0
SPY190812P292,2019-08-09,2019-08-09 09:36:24,1.19,0.8814,31,1.18,0.874,7,1.12,0.8296,1,1.185,0.8777,691,0
SPY190812P292,2019-08-09,2019-08-09 09:36:24,1.19,0.8814,14,1.17,0.8666,150,1.12,0.8296,1,1.18,0.874,691,0
SPY190812P292,2019-08-09,2019-08-09 09:36:25,1.2,0.8888,57,1.18,0.874,7,1.12,0.8296,1,1.19,0.8814,691,0
SPY190812P292,2019-08-09,2019-08-09 09:36:25,1.2,0.8888,100,1.18,0.874,6,1.12,0.8296,1,1.19,0.8814,691,0
SPY190812P292,2019-08-09,2019-08-09 09:36:26,1.22,0.9037,6,1.18,0.874,190,1.12,0.8296,1,1.2,0.8888,691,0
SPY190812P292,2019-08-09,2019-08-09 09:36:26,1.21,0.8962,5,1.19,0.8814,203,1.12,0.8296,1,1.2,0.8888,691,0
SPY190812P292,2019-08-09,2019-08-09 09:36:27,1.19,0.8814,8,1.18,0.874,31,1.12,0.8296,1,1.185,0.8777,691,0
SPY190812P292,2019-08-09,2019-08-09 09:36:27,1.19,0.8814,8,1.18,0.874,14,1.12,0.8296,1,1.185,0.8777,691,0
SPY190812P292,2019-08-09,2019-08-09 09:36:28,1.19,0.8814,1,1.18,0.874,44,1.19,0.8814,1,1.185,0.8777,692,1
SPY190812P292,2019-08-09,2019-08-09 09:36:28,1.2,0.8888,235,1.18,0.874,44,1.12,0.8296,1,1.19,0.8814,691,0
SPY190812P292,2019-08-09,2019-08-09 09:36:29,1.19,0.8814,174,1.18,0.874,41,1.19,0.8814,1,1.185,0.8777,692,0
SPY190812P292,2019-08-09,2019-08-09 09:36:29,1.19,0.8814,218,1.17,0.8666,31,1.19,0.8814,1,1.18,0.874,692,0
SPY190812P292,2019-08-09,2019-08-09 09:36:30,1.18,0.874,6,1.17,0.8666,31,1.19,0.8814,1,1.175,0.8703,692,0
SPY190812P292,2019-08-09,2019-08-09 09:36:30,1.17,0.8666,56,1.15,0.8518,35,1.19,0.8814,1,1.16,0.8592,692,0
SPY190812P292,2019-08-09,2019-08-09 09:36:31,1.17,0.8666,5,1.15,0.8518,6,1.15,0.8518,1,1.16,0.8592,693,1
SPY190812P292,2019-08-09,2019-08-09 09:36:31,1.17,0.8666,15,1.14,0.8444,31,1.19,0.8814,1,1.155,0.8555,692,0
SPY190812P292,2019-08-09,2019-08-09 09:36:32,1.16,0.8592,5,1.15,0.8518,6,1.15,0.8518,1,1.155,0.8555,693,0
SPY190812P292,2019-08-09,2019-08-09 09:36:32,1.16,0.8592,8,1.15,0.8518,14,1.15,0.8518,1,1.155,0.8555,693,0
SPY190812P292,2019-08-09,2019-08-09 09:36:33,1.16,0.8592,412,1.13,0.837,131,1.15,0.8518,1,1.145,0.8481,693,0
SPY190812P292,2019-08-09,2019-08-09 09:36:33,1.16,0.8592,8,1.15,0.8518,14,1.15,0.8518,1,1.155,0.8555,693,0
SPY190812P292,2019-08-09,2019-08-09 09:36:34,1.14,0.8444,1,1.12,0.8296,5,1.15,0.8518,1,1.13,0.837,693,0
SPY190812P292,2019-08-09,2019-08-09 09:36:34,1.15,0.8518,178,1.13,0.837,6,1.15,0.8518,1,1.14,0.8444,693,0
SPY190812P292,2019-08-09,2019-08-09 09:36:35,1.15,0.8518,119,1.13,0.837,6,1.15,0.8518,1,1.14,0.8444,693,0
SPY190812P292,2019-08-09,2019-08-09 09:36:35,1.16,0.8592,75,1.13,0.837,6,1.15,0.8518,1,1.145,0.8481,693,0
SPY190812P292,2019-08-09,2019-08-09 09:36:36,1.14,0.8444,178,1.12,0.8296,78,1.15,0.8518,1,1.13,0.837,693,0
SPY190812P292,2019-08-09,2019-08-09 09:36:36,1.14,0.8444,190,1.12,0.8296,6,1.15,0.8518,1,1.13,0.837,693,0
SPY190812P292,2019-08-09,2019-08-09 09:36:37,1.14,0.8444,315,1.12,0.8296,6,1.15,0.8518,1,1.13,0.837,693,0
SPY190812P292,2019-08-09,2019-08-09 09:36:37,1.14,0.8444,190,1.12,0.8296,14,1.15,0.8518,1,1.13,0.837,693,0
SPY190812P292,2019-08-09,2019-08-09 09:36:38,1.14,0.8444,374,1.12,0.8296,6,1.14,0.8444,3,1.13,0.837,703,10
SPY190812P292,2019-08-09,2019-08-09 09:36:38,1.14,0.8444,315,1.12,0.8296,6,1.15,0.8518,1,1.13,0.837,693,0
SPY190812P292,2019-08-09,2019-08-09 09:36:39,1.13,0.837,178,1.11,0.8222,6,1.14,0.8444,3,1.12,0.8296,703,0
SPY190812P292,2019-08-09,2019-08-09 09:36:39,1.13,0.837,178,1.11,0.8222,14,1.14,0.8444,3,1.12,0.8296,703,0
SPY190812P292,2019-08-09,2019-08-09 09:36:40,1.13,0.837,5,1.11,0.8222,123,1.14,0.8444,3,1.12,0.8296,703,0
SPY190812P292,2019-08-09,2019-08-09 09:36:40,1.13,0.837,178,1.11,0.8222,6,1.14,0.8444,3,1.12,0.8296,703,0
SPY190812P292,2019-08-09,2019-08-09 09:36:41,1.13,0.837,51,1.11,0.8222,133,1.14,0.8444,3,1.12,0.8296,703,0
SPY190812P292,2019-08-09,2019-08-09 09:36:41,1.13,0.837,51,1.12,0.8296,31,1.14,0.8444,3,1.125,0.8333,703,0
SPY190812P292,2019-08-09,2019-08-09 09:36:42,1.13,0.837,23,1.11,0.8222,6,1.14,0.8444,3,1.12,0.8296,703,0
SPY190812P292,2019-08-09,2019-08-09 09:36:42,1.12,0.8296,6,1.1,0.8148,248,1.14,0.8444,3,1.11,0.8222,703,0
SPY190812P292,2019-08-09,2019-08-09 09:36:43,1.12,0.8296,6,1.1,0.8148,220,1.14,0.8444,3,1.11,0.8222,703,0
SPY190812P292,2019-08-09,2019-08-09 09:36:43,1.13,0.837,146,1.1,0.8148,296,1.14,0.8444,3,1.115,0.8259,703,0
SPY190812P292,2019-08-09,2019-08-09 09:36:44,1.12,0.8296,146,1.11,0.8222,8,1.14,0.8444,3,1.115,0.8259,703,0
SPY190812P292,2019-08-09,2019-08-09 09:36:45,1.12,0.8296,100,1.1,0.8148,115,1.14,0.8444,3,1.11,0.8222,703,0
SPY190812P292,2019-08-09,2019-08-09 09:36:45,1.12,0.8296,5,1.1,0.8148,130,1.14,0.8444,3,1.11,0.8222,703,0
SPY190812P292,2019-08-09,2019-08-09 09:36:46,1.12,0.8296,158,1.1,0.8148,56,1.12,0.8296,5,1.11,0.8222,710,0
SPY190812P292,2019-08-09,2019-08-09 09:36:46,1.12,0.8296,78,1.1,0.8148,56,1.12,0.8296,5,1.11,0.8222,710,7
SPY190812P292,2019-08-09,2019-08-09 09:36:47,1.12,0.8296,158,1.1,0.8148,106,1.12,0.8296,5,1.11,0.8222,710,0
SPY190812P292,2019-08-09,2019-08-09 09:36:48,1.11,0.8222,10,1.1,0.8148,106,1.12,0.8296,5,1.105,0.8185,710,0
SPY190812P292,2019-08-09,2019-08-09 09:36:48,1.12,0.8296,153,1.1,0.8148,106,1.12,0.8296,5,1.11,0.8222,710,0
SPY190812P292,2019-08-09,2019-08-09 09:36:49,1.11,0.8222,1,1.1,0.8148,100,1.12,0.8296,5,1.105,0.8185,710,0
SPY190812P292,2019-08-09,2019-08-09 09:36:49,1.11,0.8222,19,1.1,0.8148,100,1.12,0.8296,5,1.105,0.8185,710,0
SPY190812P292,2019-08-09,2019-08-09 09:36:50,1.12,0.8296,162,1.11,0.8222,1,1.12,0.8296,5,1.115,0.8259,710,0
SPY190812P292,2019-08-09,2019-08-09 09:36:50,1.12,0.8296,176,1.11,0.8222,1,1.12,0.8296,5,1.115,0.8259,710,0
SPY190812P292,2019-08-09,2019-08-09 09:36:51,1.12,0.8296,100,1.11,0.8222,1,1.12,0.8296,5,1.115,0.8259,710,0
SPY190812P292,2019-08-09,2019-08-09 09:36:51,1.13,0.837,6,1.11,0.8222,6,1.12,0.8296,5,1.12,0.8296,710,0
SPY190812P292,2019-08-09,2019-08-09 09:36:52,1.12,0.8296,99,1.1,0.8148,178,1.12,0.8296,5,1.11,0.8222,710,0
SPY190812P292,2019-08-09,2019-08-09 09:36:52,1.11,0.8222,2,1.1,0.8148,178,1.12,0.8296,5,1.105,0.8185,710,0
SPY190812P292,2019-08-09,2019-08-09 09:36:53,1.11,0.8222,2,1.1,0.8148,8,1.12,0.8296,5,1.105,0.8185,710,0
SPY190812P292,2019-08-09,2019-08-09 09:36:54,1.13,0.837,12,1.11,0.8222,6,1.12,0.8296,5,1.12,0.8296,710,0
SPY190812P292,2019-08-09,2019-08-09 09:36:54,1.14,0.8444,322,1.1,0.8148,208,1.12,0.8296,5,1.12,0.8296,710,0
SPY190812P292,2019-08-09,2019-08-09 09:36:55,1.12,0.8296,119,1.11,0.8222,8,1.12,0.8296,5,1.115,0.8259,710,0
SPY190812P292,2019-08-09,2019-08-09 09:36:55,1.12,0.8296,6,1.11,0.8222,14,1.12,0.8296,5,1.115,0.8259,710,0
SPY190812P292,2019-08-09,2019-08-09 09:36:56,1.12,0.8296,74,1.1,0.8148,178,1.12,0.8296,5,1.11,0.8222,710,0
SPY190812P292,2019-08-09,2019-08-09 09:36:56,1.12,0.8296,83,1.11,0.8222,8,1.12,0.8296,5,1.115,0.8259,710,0
SPY190812P292,2019-08-09,2019-08-09 09:36:57,1.12,0.8296,132,1.1,0.8148,211,1.12,0.8296,5,1.11,0.8222,710,0
SPY190812P292,2019-08-09,2019-08-09 09:36:57,1.12,0.8296,132,1.1,0.8148,178,1.12,0.8296,5,1.11,0.8222,710,0
SPY190812P292,2019-08-09,2019-08-09 09:36:58,1.12,0.8296,132,1.1,0.8148,250,1.12,0.8296,5,1.11,0.8222,710,0
SPY190812P292,2019-08-09,2019-08-09 09:36:59,1.12,0.8296,147,1.1,0.8148,58,1.12,0.8296,5,1.11,0.8222,710,0
SPY190812P292,2019-08-09,2019-08-09 09:36:59,1.12,0.8296,74,1.11,0.8222,8,1.12,0.8296,5,1.115,0.8259,710,0
SPY190812P292,2019-08-09,2019-08-09 09:37:00,1.11,0.8222,5,1.09,0.8074,128,1.12,0.8296,5,1.1,0.8148,710,0
SPY190812P292,2019-08-09,2019-08-09 09:37:01,1.11,0.8222,119,1.1,0.8148,6,1.12,0.8296,5,1.105,0.8185,710,0
SPY190812P292,2019-08-09,2019-08-09 09:37:01,1.13,0.837,100,1.07,0.7925,97,1.12,0.8296,5,1.1,0.8148,710,0
SPY190812P292,2019-08-09,2019-08-09 09:37:02,1.09,0.8074,5,1.07,0.7925,10,1.12,0.8296,5,1.08,0.8,710,0
SPY190812P292,2019-08-09,2019-08-09 09:37:02,1.09,0.8074,6,1.07,0.7925,35,1.12,0.8296,5,1.08,0.8,710,0
SPY190812P292,2019-08-09,2019-08-09 09:37:03,1.09,0.8074,143,1.07,0.7925,79,1.12,0.8296,5,1.08,0.8,710,0
SPY190812P292,2019-08-09,2019-08-09 09:37:03,1.09,0.8074,133,1.07,0.7925,90,1.12,0.8296,5,1.08,0.8,710,0
SPY190812P292,2019-08-09,2019-08-09 09:37:04,1.09,0.8074,143,1.07,0.7925,134,1.12,0.8296,5,1.08,0.8,710,0
SPY190812P292,2019-08-09,2019-08-09 09:37:04,1.09,0.8074,143,1.07,0.7925,116,1.12,0.8296,5,1.08,0.8,710,0
SPY190812P292,2019-08-09,2019-08-09 09:37:05,1.09,0.8074,5,1.07,0.7925,11,1.12,0.8296,5,1.08,0.8,710,0
SPY190812P292,2019-08-09,2019-08-09 09:37:05,1.09,0.8074,143,1.07,0.7925,11,1.12,0.8296,5,1.08,0.8,710,0
SPY190812P292,2019-08-09,2019-08-09 09:37:06,1.09,0.8074,198,1.07,0.7925,7,1.12,0.8296,5,1.08,0.8,710,0
SPY190812P292,2019-08-09,2019-08-09 09:37:06,1.09,0.8074,133,1.07,0.7925,14,1.12,0.8296,5,1.08,0.8,710,0
SPY190812P292,2019-08-09,2019-08-09 09:37:07,1.09,0.8074,133,1.07,0.7925,6,1.12,0.8296,5,1.08,0.8,710,0
SPY190812P292,2019-08-09,2019-08-09 09:37:07,1.08,0.8,19,1.06,0.7851,217,1.12,0.8296,5,1.07,0.7925,710,0
SPY190812P292,2019-08-09,2019-08-09 09:37:08,1.09,0.8074,1,1.07,0.7925,50,1.09,0.8074,1,1.08,0.8,711,1
SPY190812P292,2019-08-09,2019-08-09 09:37:08,1.09,0.8074,141,1.07,0.7925,133,1.09,0.8074,1,1.08,0.8,711,0
SPY190812P292,2019-08-09,2019-08-09 09:37:09,1.09,0.8074,69,1.08,0.8,6,1.08,0.8,5,1.085,0.8037,716,0
SPY190812P292,2019-08-09,2019-08-09 09:37:09,1.09,0.8074,64,1.08,0.8,1,1.08,0.8,5,1.085,0.8037,716,5
SPY190812P292,2019-08-09,2019-08-09 09:37:10,1.09,0.8074,133,1.07,0.7925,217,1.08,0.8,5,1.08,0.8,716,0
SPY190812P292,2019-08-09,2019-08-09 09:37:10,1.09,0.8074,7,1.07,0.7925,217,1.08,0.8,5,1.08,0.8,716,0
SPY190812P292,2019-08-09,2019-08-09 09:37:11,1.09,0.8074,143,1.07,0.7925,13,1.08,0.8,5,1.08,0.8,716,0
SPY190812P292,2019-08-09,2019-08-09 09:37:11,1.09,0.8074,97,1.07,0.7925,13,1.08,0.8,5,1.08,0.8,716,0
SPY190812P292,2019-08-09,2019-08-09 09:37:12,1.09,0.8074,143,1.07,0.7925,100,1.08,0.8,5,1.08,0.8,716,0
SPY190812P292,2019-08-09,2019-08-09 09:37:13,1.09,0.8074,102,1.07,0.7925,100,1.08,0.8,5,1.08,0.8,716,0
SPY190812P292,2019-08-09,2019-08-09 09:37:13,1.09,0.8074,143,1.07,0.7925,134,1.08,0.8,5,1.08,0.8,716,0
SPY190812P292,2019-08-09,2019-08-09 09:37:14,1.08,0.8,19,1.07,0.7925,64,1.08,0.8,5,1.075,0.7962,716,0
SPY190812P292,2019-08-09,2019-08-09 09:37:14,1.09,0.8074,98,1.07,0.7925,91,1.08,0.8,5,1.08,0.8,716,0
SPY190812P292,2019-08-09,2019-08-09 09:37:15,1.08,0.8,19,1.07,0.7925,6,1.08,0.8,5,1.075,0.7962,716,0
SPY190812P292,2019-08-09,2019-08-09 09:37:15,1.09,0.8074,132,1.07,0.7925,6,1.08,0.8,5,1.08,0.8,716,0
SPY190812P292,2019-08-09,2019-08-09 09:37:16,1.09,0.8074,132,1.07,0.7925,6,1.08,0.8,5,1.08,0.8,716,0
SPY190812P292,2019-08-09,2019-08-09 09:37:16,1.08,0.8,116,1.06,0.7851,58,1.08,0.8,5,1.07,0.7925,716,0
SPY190812P292,2019-08-09,2019-08-09 09:37:17,1.08,0.8,171,1.06,0.7851,84,1.08,0.8,1,1.07,0.7925,717,1
SPY190812P292,2019-08-09,2019-08-09 09:37:17,1.07,0.7925,8,1.06,0.7851,74,1.08,0.8,1,1.065,0.7888,717,0
SPY190812P292,2019-08-09,2019-08-09 09:37:18,1.07,0.7925,16,1.06,0.7851,5,1.08,0.8,1,1.065,0.7888,717,0
SPY190812P292,2019-08-09,2019-08-09 09:37:19,1.08,0.8,198,1.05,0.7777,181,1.08,0.8,1,1.065,0.7888,717,0
SPY190812P292,2019-08-09,2019-08-09 09:37:19,1.07,0.7925,1,1.06,0.7851,6,1.08,0.8,1,1.065,0.7888,717,0
SPY190812P292,2019-08-09,2019-08-09 09:37:20,1.07,0.7925,6,1.05,0.7777,6,1.08,0.8,1,1.06,0.7851,717,0
SPY190812P292,2019-08-09,2019-08-09 09:37:21,1.07,0.7925,215,1.05,0.7777,14,1.08,0.8,1,1.06,0.7851,717,0
SPY190812P292,2019-08-09,2019-08-09 09:37:21,1.07,0.7925,200,1.05,0.7777,6,1.08,0.8,1,1.06,0.7851,717,0
SPY190812P292,2019-08-09,2019-08-09 09:37:22,1.06,0.7851,16,1.05,0.7777,14,1.08,0.8,1,1.055,0.7814,717,0
SPY190812P292,2019-08-09,2019-08-09 09:37:23,1.05,0.7777,50,1.03,0.7629,5,1.08,0.8,1,1.04,0.7703,717,0
SPY190812P292,2019-08-09,2019-08-09 09:37:23,1.05,0.7777,50,1.04,0.7703,133,1.08,0.8,1,1.045,0.774,717,0
SPY190812P292,2019-08-09,2019-08-09 09:37:24,1.06,0.7851,50,1.04,0.7703,6,1.08,0.8,1,1.05,0.7777,717,0
SPY190812P292,2019-08-09,2019-08-09 09:37:24,1.05,0.7777,88,1.04,0.7703,7,1.08,0.8,1,1.045,0.774,717,0
SPY190812P292,2019-08-09,2019-08-09 09:37:25,1.06,0.7851,187,1.04,0.7703,6,1.08,0.8,1,1.05,0.7777,717,0
SPY190812P292,2019-08-09,2019-08-09 09:37:25,1.05,0.7777,7,1.04,0.7703,6,1.04,0.7703,6,1.045,0.774,723,6
SPY190812P292,2019-08-09,2019-08-09 09:37:26,1.04,0.7703,112,1.02,0.7555,64,1.04,0.7703,6,1.03,0.7629,723,0
SPY190812P292,2019-08-09,2019-08-09 09:37:26,1.04,0.7703,106,1.02,0.7555,17,1.04,0.7703,6,1.03,0.7629,723,0
SPY190812P292,2019-08-09,2019-08-09 09:37:27,1.04,0.7703,112,1.02,0.7555,56,1.04,0.7703,6,1.03,0.7629,723,0
SPY190812P292,2019-08-09,2019-08-09 09:37:28,1.03,0.7629,164,1.02,0.7555,56,1.04,0.7703,6,1.025,0.7592,723,0
SPY190812P292,2019-08-09,2019-08-09 09:37:28,1.04,0.7703,112,1.02,0.7555,56,1.04,0.7703,6,1.03,0.7629,723,0
SPY190812P292,2019-08-09,2019-08-09 09:37:29,1.03,0.7629,181,1.02,0.7555,7,1.04,0.7703,6,1.025,0.7592,723,0
SPY190812P292,2019-08-09,2019-08-09 09:37:30,1.03,0.7629,227,1.02,0.7555,7,1.02,0.7555,2,1.025,0.7592,725,2
SPY190812P292,2019-08-09,2019-08-09 09:37:30,1.03,0.7629,228,1.02,0.7555,7,1.02,0.7555,2,1.025,0.7592,725,0
SPY190812P292,2019-08-09,2019-08-09 09:37:31,1.03,0.7629,228,1.02,0.7555,7,1.02,0.7555,2,1.025,0.7592,725,0
SPY190812P292,2019-08-09,2019-08-09 09:37:31,1.03,0.7629,251,1.02,0.7555,7,1.03,0.7629,1,1.025,0.7592,726,1
SPY190812P292,2019-08-09,2019-08-09 09:37:32,1.02,0.7555,202,1.01,0.7481,14,1.02,0.7555,1,1.015,0.7518,738,12
SPY190812P292,2019-08-09,2019-08-09 09:37:32,1.02,0.7555,202,1.0,0.7407,25,1.02,0.7555,1,1.01,0.7481,738,0
SPY190812P292,2019-08-09,2019-08-09 09:37:33,1.01,0.7481,5,1.0,0.7407,6,1.02,0.7555,1,1.005,0.7444,738,0
SPY190812P292,2019-08-09,2019-08-09 09:37:33,1.01,0.7481,5,1.0,0.7407,25,1.02,0.7555,1,1.005,0.7444,738,0
SPY190812P292,2019-08-09,2019-08-09 09:37:34,1.01,0.7481,6,1.0,0.7407,6,1.02,0.7555,1,1.005,0.7444,738,0
SPY190812P292,2019-08-09,2019-08-09 09:37:34,1.01,0.7481,56,0.99,0.7333,26,1.02,0.7555,1,1.0,0.7407,738,0
SPY190812P292,2019-08-09,2019-08-09 09:37:35,1.01,0.7481,6,0.99,0.7333,177,1.02,0.7555,1,1.0,0.7407,738,0
SPY190812P292,2019-08-09,2019-08-09 09:37:36,1.01,0.7481,6,1.0,0.7407,8,1.02,0.7555,1,1.005,0.7444,738,0
SPY190812P292,2019-08-09,2019-08-09 09:37:36,1.01,0.7481,146,0.99,0.7333,51,1.02,0.7555,1,1.0,0.7407,738,0
SPY190812P292,2019-08-09,2019-08-09 09:37:37,0.99,0.7333,6,0.98,0.7259,24,1.02,0.7555,1,0.985,0.7296,738,0
SPY190812P292,2019-08-09,2019-08-09 09:37:38,1.0,0.7407,187,0.98,0.7259,37,1.02,0.7555,1,0.99,0.7333,738,0
SPY190812P292,2019-08-09,2019-08-09 09:37:39,0.98,0.7259,68,0.98,0.7259,6,1.02,0.7555,1,0.98,0.7259,738,0
SPY190812P292,2019-08-09,2019-08-09 09:37:39,1.0,0.7407,187,0.98,0.7259,37,1.02,0.7555,1,0.99,0.7333,738,0
SPY190812P292,2019-08-09,2019-08-09 09:37:40,0.98,0.7259,68,0.96,0.7111,177,1.02,0.7555,1,0.97,0.7185,738,0
SPY190812P292,2019-08-09,2019-08-09 09:37:40,0.99,0.7333,102,0.98,0.7259,10,1.02,0.7555,1,0.985,0.7296,738,0
SPY190812P292,2019-08-09,2019-08-09 09:37:41,0.98,0.7259,10,0.97,0.7185,10,1.02,0.7555,1,0.975,0.7222,738,0
SPY190812P292,2019-08-09,2019-08-09 09:37:41,0.98,0.7259,81,0.97,0.7185,10,1.02,0.7555,1,0.975,0.7222,738,0
SPY190812P292,2019-08-09,2019-08-09 09:37:42,0.98,0.7259,81,0.96,0.7111,225,1.02,0.7555,1,0.97,0.7185,738,0
SPY190812P292,2019-08-09,2019-08-09 09:37:43,0.98,0.7259,87,0.96,0.7111,187,1.02,0.7555,1,0.97,0.7185,738,0
SPY190812P292,2019-08-09,2019-08-09 09:37:44,0.98,0.7259,97,0.96,0.7111,113,1.02,0.7555,1,0.97,0.7185,738,0
SPY190812P292,2019-08-09,2019-08-09 09:37:45,0.98,0.7259,94,0.95,0.7037,491,0.97,0.7185,5,0.965,0.7148,743,0
SPY190812P292,2019-08-09,2019-08-09 09:37:45,0.98,0.7259,104,0.96,0.7111,163,0.97,0.7185,5,0.97,0.7185,743,5
SPY190812P292,2019-08-09,2019-08-09 09:37:46,0.98,0.7259,34,0.96,0.7111,61,0.97,0.7185,5,0.97,0.7185,743,0
SPY190812P292,2019-08-09,2019-08-09 09:37:46,0.98,0.7259,92,0.95,0.7037,491,0.97,0.7185,5,0.965,0.7148,743,0
SPY190812P292,2019-08-09,2019-08-09 09:37:47,0.96,0.7111,7,0.95,0.7037,141,0.97,0.7185,5,0.955,0.7074,743,0
SPY190812P292,2019-08-09,2019-08-09 09:37:47,0.97,0.7185,97,0.95,0.7037,141,0.97,0.7185,5,0.96,0.7111,743,0
SPY190812P292,2019-08-09,2019-08-09 09:37:48,0.96,0.7111,7,0.95,0.7037,141,0.97,0.7185,5,0.955,0.7074,743,0
SPY190812P292,2019-08-09,2019-08-09 09:37:48,0.97,0.7185,103,0.95,0.7037,141,0.97,0.7185,5,0.96,0.7111,743,0
SPY190812P292,2019-08-09,2019-08-09 09:37:49,0.96,0.7111,1,0.95,0.7037,100,0.95,0.7037,5,0.955,0.7074,753,10
SPY190812P292,2019-08-09,2019-08-09 09:37:49,0.96,0.7111,1,0.95,0.7037,5,0.95,0.7037,5,0.955,0.7074,753,0
SPY190812P292,2019-08-09,2019-08-09 09:37:50,0.96,0.7111,6,0.95,0.7037,6,0.95,0.7037,5,0.955,0.7074,753,0
SPY190812P292,2019-08-09,2019-08-09 09:37:50,0.96,0.7111,26,0.94,0.6962,260,0.95,0.7037,1,0.95,0.7037,754,1
SPY190812P292,2019-08-09,2019-08-09 09:37:51,0.95,0.7037,6,0.94,0.6962,219,0.95,0.7037,1,0.945,0.7,754,0
SPY190812P292,2019-08-09,2019-08-09 09:37:51,0.96,0.7111,88,0.94,0.6962,219,0.95,0.7037,1,0.95,0.7037,754,0
SPY190812P292,2019-08-09,2019-08-09 09:37:52,0.95,0.7037,6,0.94,0.6962,219,0.95,0.7037,1,0.945,0.7,754,0
SPY190812P292,2019-08-09,2019-08-09 09:37:52,0.95,0.7037,7,0.94,0.6962,219,0.95,0.7037,1,0.945,0.7,754,0
SPY190812P292,2019-08-09,2019-08-09 09:37:53,0.95,0.7037,7,0.94,0.6962,101,0.95,0.7037,1,0.945,0.7,754,0
SPY190812P292,2019-08-09,2019-08-09 09:37:53,0.95,0.7037,7,0.94,0.6962,211,0.95,0.7037,1,0.945,0.7,754,0
SPY190812P292,2019-08-09,2019-08-09 09:37:54,0.94,0.6962,6,0.93,0.6888,172,0.95,0.7037,1,0.935,0.6925,754,0
SPY190812P292,2019-08-09,2019-08-09 09:37:54,0.94,0.6962,6,0.93,0.6888,92,0.95,0.7037,1,0.935,0.6925,754,0
SPY190812P292,2019-08-09,2019-08-09 09:37:55,0.94,0.6962,6,0.93,0.6888,172,0.95,0.7037,1,0.935,0.6925,754,0
SPY190812P292,2019-08-09,2019-08-09 09:37:56,0.94,0.6962,6,0.93,0.6888,172,0.95,0.7037,1,0.935,0.6925,754,0
SPY190812P292,2019-08-09,2019-08-09 09:37:57,0.94,0.6962,1,0.93,0.6888,16,0.95,0.7037,1,0.935,0.6925,754,0
SPY190812P292,2019-08-09,2019-08-09 09:37:57,0.94,0.6962,6,0.93,0.6888,5,0.95,0.7037,1,0.935,0.6925,754,0
SPY190812P292,2019-08-09,2019-08-09 09:37:58,0.94,0.6962,6,0.93,0.6888,67,0.94,0.6962,1,0.935,0.6925,755,1
SPY190812P292,2019-08-09,2019-08-09 09:37:58,0.94,0.6962,16,0.93,0.6888,67,0.95,0.7037,1,0.935,0.6925,754,0
SPY190812P292,2019-08-09,2019-08-09 09:37:59,0.94,0.6962,6,0.93,0.6888,65,0.94,0.6962,1,0.935,0.6925,755,0
SPY190812P292,2019-08-09,2019-08-09 09:38:00,0.94,0.6962,1,0.93,0.6888,6,0.94,0.6962,1,0.935,0.6925,755,0
SPY190812P292,2019-08-09,2019-08-09 09:38:00,0.94,0.6962,6,0.93,0.6888,6,0.94,0.6962,1,0.935,0.6925,755,0
SPY190812P292,2019-08-09,2019-08-09 09:38:01,0.96,0.7111,21,0.94,0.6962,1,0.94,0.6962,1,0.95,0.7037,756,1
SPY190812P292,2019-08-09,2019-08-09 09:38:01,0.94,0.6962,1,0.93,0.6888,144,0.94,0.6962,1,0.935,0.6925,755,0
SPY190812P292,2019-08-09,2019-08-09 09:38:02,0.95,0.7037,6,0.94,0.6962,72,0.94,0.6962,1,0.945,0.7,762,6
SPY190812P292,2019-08-09,2019-08-09 09:38:03,0.96,0.7111,6,0.94,0.6962,117,0.94,0.6962,1,0.95,0.7037,762,0
SPY190812P292,2019-08-09,2019-08-09 09:38:04,0.96,0.7111,6,0.94,0.6962,300,0.94,0.6962,1,0.95,0.7037,762,0
SPY190812P292,2019-08-09,2019-08-09 09:38:04,0.96,0.7111,6,0.95,0.7037,95,0.94,0.6962,1,0.955,0.7074,762,0
SPY190812P292,2019-08-09,2019-08-09 09:38:05,0.98,0.7259,87,0.97,0.7185,1,0.97,0.7185,3,0.975,0.7222,765,3
SPY190812P292,2019-08-09,2019-08-09 09:38:06,0.98,0.7259,70,0.97,0.7185,10,0.97,0.7185,3,0.975,0.7222,765,0
SPY190812P292,2019-08-09,2019-08-09 09:38:07,0.98,0.7259,16,0.97,0.7185,10,0.97,0.7185,3,0.975,0.7222,765,0
SPY190812P292,2019-08-09,2019-08-09 09:38:07,0.98,0.7259,6,0.96,0.7111,346,0.97,0.7185,3,0.97,0.7185,765,0
SPY190812P292,2019-08-09,2019-08-09 09:38:08,0.97,0.7185,6,0.95,0.7037,346,0.97,0.7185,3,0.96,0.7111,765,0
SPY190812P292,2019-08-09,2019-08-09 09:38:08,0.97,0.7185,6,0.95,0.7037,331,0.97,0.7185,3,0.96,0.7111,765,0
SPY190812P292,2019-08-09,2019-08-09 09:38:09,0.97,0.7185,16,0.96,0.7111,7,0.97,0.7185,3,0.965,0.7148,765,0
SPY190812P292,2019-08-09,2019-08-09 09:38:09,0.97,0.7185,16,0.96,0.7111,1,0.97,0.7185,3,0.965,0.7148,765,0
SPY190812P292,2019-08-09,2019-08-09 09:38:10,0.99,0.7333,142,0.97,0.7185,107,0.97,0.7185,3,0.98,0.7259,765,0
SPY190812P292,2019-08-09,2019-08-09 09:38:11,1.0,0.7407,141,0.98,0.7259,76,0.97,0.7185,3,0.99,0.7333,765,0
SPY190812P292,2019-08-09,2019-08-09 09:38:11,0.99,0.7333,56,0.98,0.7259,6,0.97,0.7185,3,0.985,0.7296,765,0
SPY190812P292,2019-08-09,2019-08-09 09:38:12,0.99,0.7333,8,0.98,0.7259,66,0.97,0.7185,3,0.985,0.7296,765,0
SPY190812P292,2019-08-09,2019-08-09 09:38:12,1.0,0.7407,141,0.98,0.7259,66,0.97,0.7185,3,0.99,0.7333,765,0
SPY190812P292,2019-08-09,2019-08-09 09:38:13,0.98,0.7259,6,0.97,0.7185,269,0.97,0.7185,3,0.975,0.7222,765,0
SPY190812P292,2019-08-09,2019-08-09 09:38:13,1.0,0.7407,156,0.97,0.7185,269,0.97,0.7185,3,0.985,0.7296,765,0
SPY190812P292,2019-08-09,2019-08-09 09:38:14,0.98,0.7259,10,0.97,0.7185,100,0.97,0.7185,3,0.975,0.7222,765,0
SPY190812P292,2019-08-09,2019-08-09 09:38:14,0.98,0.7259,6,0.97,0.7185,115,0.97,0.7185,3,0.975,0.7222,765,0
SPY190812P292,2019-08-09,2019-08-09 09:38:15,0.99,0.7333,5,0.97,0.7185,83,0.97,0.7185,10,0.98,0.7259,775,10
SPY190812P292,2019-08-09,2019-08-09 09:38:15,0.98,0.7259,6,0.97,0.7185,5,0.97,0.7185,3,0.975,0.7222,765,0
SPY190812P292,2019-08-09,2019-08-09 09:38:16,0.98,0.7259,1,0.97,0.7185,68,0.97,0.7185,10,0.975,0.7222,775,0
SPY190812P292,2019-08-09,2019-08-09 09:38:16,0.98,0.7259,6,0.96,0.7111,6,0.97,0.7185,10,0.97,0.7185,775,0
SPY190812P292,2019-08-09,2019-08-09 09:38:17,0.97,0.7185,6,0.96,0.7111,2,0.97,0.7185,10,0.965,0.7148,775,0
SPY190812P292,2019-08-09,2019-08-09 09:38:18,0.96,0.7111,103,0.94,0.6962,158,0.96,0.7111,2,0.95,0.7037,777,2
SPY190812P292,2019-08-09,2019-08-09 09:38:20,0.98,0.7259,192,0.95,0.7037,223,0.96,0.7111,2,0.965,0.7148,777,0
SPY190812P292,2019-08-09,2019-08-09 09:38:24,0.99,0.7333,6,0.99,0.7333,6,0.98,0.7259,7,0.99,0.7333,790,0
SPY190812P292,2019-08-09,2019-08-09 09:38:24,0.99,0.7333,6,0.98,0.7259,105,0.98,0.7259,7,0.985,0.7296,790,13
SPY190812P292,2019-08-09,2019-08-09 09:38:25,1.0,0.7407,147,0.99,0.7333,6,1.0,0.7407,1,0.995,0.737,795,2
SPY190812P292,2019-08-09,2019-08-09 09:38:25,0.99,0.7333,6,0.99,0.7333,6,1.0,0.7407,1,0.99,0.7333,793,3
SPY190812P292,2019-08-09,2019-08-09 09:38:26,1.0,0.7407,147,0.99,0.7333,6,1.0,0.7407,1,0.995,0.737,795,0
SPY190812P292,2019-08-09,2019-08-09 09:38:27,1.0,0.7407,1,0.99,0.7333,7,1.0,0.7407,1,0.995,0.737,795,0
SPY190812P292,2019-08-09,2019-08-09 09:38:27,1.0,0.7407,1,0.99,0.7333,9,1.0,0.7407,1,0.995,0.737,795,0
SPY190812P292,2019-08-09,2019-08-09 09:38:28,1.01,0.7481,100,0.99,0.7333,249,1.0,0.7407,1,1.0,0.7407,795,0
SPY190812P292,2019-08-09,2019-08-09 09:38:28,1.01,0.7481,131,0.99,0.7333,249,1.0,0.7407,1,1.0,0.7407,795,0
SPY190812P292,2019-08-09,2019-08-09 09:38:29,1.01,0.7481,48,0.99,0.7333,249,1.0,0.7407,1,1.0,0.7407,795,0
SPY190812P292,2019-08-09,2019-08-09 09:38:29,1.01,0.7481,48,1.0,0.7407,6,1.0,0.7407,1,1.005,0.7444,795,0
SPY190812P292,2019-08-09,2019-08-09 09:38:30,1.01,0.7481,48,0.99,0.7333,267,1.0,0.7407,1,1.0,0.7407,795,0
SPY190812P292,2019-08-09,2019-08-09 09:38:30,1.01,0.7481,58,0.99,0.7333,249,1.0,0.7407,1,1.0,0.7407,795,0
SPY190812P292,2019-08-09,2019-08-09 09:38:31,1.01,0.7481,22,0.99,0.7333,224,1.0,0.7407,1,1.0,0.7407,795,0
SPY190812P292,2019-08-09,2019-08-09 09:38:31,1.01,0.7481,107,0.99,0.7333,224,1.0,0.7407,1,1.0,0.7407,795,0
SPY190812P292,2019-08-09,2019-08-09 09:38:32,1.0,0.7407,6,0.99,0.7333,80,1.0,0.7407,1,0.995,0.737,795,0
SPY190812P292,2019-08-09,2019-08-09 09:38:32,1.01,0.7481,14,0.99,0.7333,255,1.0,0.7407,1,1.0,0.7407,795,0
SPY190812P292,2019-08-09,2019-08-09 09:38:33,1.01,0.7481,69,0.99,0.7333,115,1.0,0.7407,1,1.0,0.7407,795,0
SPY190812P292,2019-08-09,2019-08-09 09:38:33,1.0,0.7407,6,0.99,0.7333,50,1.0,0.7407,1,0.995,0.737,795,0
SPY190812P292,2019-08-09,2019-08-09 09:38:34,1.0,0.7407,167,0.97,0.7185,186,0.99,0.7333,50,0.985,0.7296,845,50
SPY190812P292,2019-08-09,2019-08-09 09:38:34,1.0,0.7407,6,0.99,0.7333,50,1.0,0.7407,1,0.995,0.737,795,0
SPY190812P292,2019-08-09,2019-08-09 09:38:35,0.99,0.7333,6,0.97,0.7185,186,0.99,0.7333,50,0.98,0.7259,845,0
SPY190812P292,2019-08-09,2019-08-09 09:38:35,0.99,0.7333,6,0.97,0.7185,166,0.97,0.7185,5,0.98,0.7259,855,10
SPY190812P292,2019-08-09,2019-08-09 09:38:36,0.99,0.7333,6,0.97,0.7185,171,0.97,0.7185,5,0.98,0.7259,855,0
SPY190812P292,2019-08-09,2019-08-09 09:38:37,0.99,0.7333,137,0.97,0.7185,140,0.97,0.7185,5,0.98,0.7259,855,0
SPY190812P292,2019-08-09,2019-08-09 09:38:37,0.99,0.7333,15,0.97,0.7185,140,0.97,0.7185,5,0.98,0.7259,855,0
SPY190812P292,2019-08-09,2019-08-09 09:38:38,0.99,0.7333,6,0.97,0.7185,170,0.97,0.7185,5,0.98,0.7259,855,0
SPY190812P292,2019-08-09,2019-08-09 09:38:38,1.0,0.7407,137,0.98,0.7259,164,0.97,0.7185,5,0.99,0.7333,855,0
SPY190812P292,2019-08-09,2019-08-09 09:38:39,1.0,0.7407,187,0.98,0.7259,160,0.97,0.7185,5,0.99,0.7333,855,0
SPY190812P292,2019-08-09,2019-08-09 09:38:39,0.99,0.7333,6,0.98,0.7259,42,0.97,0.7185,5,0.985,0.7296,855,0
SPY190812P292,2019-08-09,2019-08-09 09:38:40,1.0,0.7407,187,0.98,0.7259,126,0.97,0.7185,5,0.99,0.7333,855,0
SPY190812P292,2019-08-09,2019-08-09 09:38:40,1.0,0.7407,5,0.99,0.7333,6,0.97,0.7185,5,0.995,0.737,855,0
