symbol,Date,quote_time,ask_price,norm_ask_price,ask_size,bid_price,norm_bid_price,bid_size,last_trade_price,norm_last_trade_price,last_trade_size,mark_price,norm_mark_price,volume,Volume
SPY190717C300,2019-07-15,2019-07-15 09:30:00,1.52,1.0,400,1.43,0.9407,316,1.32,0.8684,1,1.475,0.9703,29492,29492
SPY190717C300,2019-07-15,2019-07-15 09:30:21,1.54,1.0131,30,1.52,1.0,1,1.54,1.0131,5,1.53,1.0065,47,-29445
SPY190717C300,2019-07-15,2019-07-15 09:30:24,1.53,1.0065,30,1.52,1.0,1,1.54,1.0131,5,1.525,1.0032,47,0
SPY190717C300,2019-07-15,2019-07-15 09:30:25,1.53,1.0065,45,1.48,0.9736,90,1.52,1.0,1,1.505,0.9901,48,1
SPY190717C300,2019-07-15,2019-07-15 09:30:25,1.53,1.0065,30,1.52,1.0,1,1.54,1.0131,5,1.525,1.0032,47,0
SPY190717C300,2019-07-15,2019-07-15 09:30:26,1.53,1.0065,30,1.48,0.9736,1,1.52,1.0,1,1.505,0.9901,48,0
SPY190717C300,2019-07-15,2019-07-15 09:30:27,1.53,1.0065,90,1.49,0.9802,107,1.52,1.0,1,1.51,0.9934,48,0
SPY190717C300,2019-07-15,2019-07-15 09:30:28,1.53,1.0065,30,1.49,0.9802,30,1.52,1.0,1,1.51,0.9934,48,0
SPY190717C300,2019-07-15,2019-07-15 09:30:29,1.52,1.0,80,1.48,0.9736,78,1.52,1.0,1,1.5,0.9868,48,0
SPY190717C300,2019-07-15,2019-07-15 09:30:30,1.52,1.0,132,1.48,0.9736,78,1.52,1.0,1,1.5,0.9868,48,0
SPY190717C300,2019-07-15,2019-07-15 09:30:31,1.52,1.0,132,1.48,0.9736,78,1.5,0.9868,5,1.5,0.9868,53,5
SPY190717C300,2019-07-15,2019-07-15 09:30:31,1.52,1.0,132,1.48,0.9736,78,1.5,0.9868,5,1.5,0.9868,53,0
SPY190717C300,2019-07-15,2019-07-15 09:30:32,1.52,1.0,142,1.48,0.9736,78,1.5,0.9868,5,1.5,0.9868,53,0
SPY190717C300,2019-07-15,2019-07-15 09:30:33,1.52,1.0,279,1.49,0.9802,1,1.51,0.9934,3,1.505,0.9901,66,13
SPY190717C300,2019-07-15,2019-07-15 09:30:33,1.52,1.0,142,1.48,0.9736,30,1.5,0.9868,5,1.5,0.9868,53,0
SPY190717C300,2019-07-15,2019-07-15 09:30:34,1.52,1.0,279,1.48,0.9736,100,1.51,0.9934,3,1.5,0.9868,66,0
SPY190717C300,2019-07-15,2019-07-15 09:30:34,1.52,1.0,279,1.48,0.9736,80,1.51,0.9934,3,1.5,0.9868,66,0
SPY190717C300,2019-07-15,2019-07-15 09:30:35,1.52,1.0,279,1.48,0.9736,90,1.51,0.9934,3,1.5,0.9868,66,0
SPY190717C300,2019-07-15,2019-07-15 09:30:35,1.52,1.0,279,1.48,0.9736,100,1.51,0.9934,3,1.5,0.9868,66,0
SPY190717C300,2019-07-15,2019-07-15 09:30:36,1.52,1.0,279,1.48,0.9736,100,1.51,0.9934,3,1.5,0.9868,66,0
SPY190717C300,2019-07-15,2019-07-15 09:30:37,1.52,1.0,235,1.48,0.9736,223,1.51,0.9934,3,1.5,0.9868,66,0
SPY190717C300,2019-07-15,2019-07-15 09:30:37,1.52,1.0,50,1.48,0.9736,36,1.51,0.9934,3,1.5,0.9868,66,0
SPY190717C300,2019-07-15,2019-07-15 09:30:38,1.52,1.0,142,1.48,0.9736,105,1.51,0.9934,3,1.5,0.9868,66,0
SPY190717C300,2019-07-15,2019-07-15 09:30:38,1.52,1.0,109,1.48,0.9736,105,1.51,0.9934,3,1.5,0.9868,66,0
SPY190717C300,2019-07-15,2019-07-15 09:30:39,1.52,1.0,142,1.48,0.9736,105,1.51,0.9934,3,1.5,0.9868,66,0
SPY190717C300,2019-07-15,2019-07-15 09:30:40,1.52,1.0,142,1.48,0.9736,110,1.51,0.9934,3,1.5,0.9868,66,0
SPY190717C300,2019-07-15,2019-07-15 09:30:40,1.51,0.9934,41,1.48,0.9736,110,1.51,0.9934,3,1.495,0.9835,66,0
SPY190717C300,2019-07-15,2019-07-15 09:30:41,1.51,0.9934,41,1.48,0.9736,105,1.51,0.9934,3,1.495,0.9835,66,0
SPY190717C300,2019-07-15,2019-07-15 09:30:41,1.51,0.9934,70,1.48,0.9736,6,1.51,0.9934,3,1.495,0.9835,66,0
SPY190717C300,2019-07-15,2019-07-15 09:30:42,1.5,0.9868,109,1.48,0.9736,1,1.51,0.9934,3,1.49,0.9802,66,0
SPY190717C300,2019-07-15,2019-07-15 09:30:42,1.51,0.9934,70,1.48,0.9736,6,1.51,0.9934,3,1.495,0.9835,66,0
SPY190717C300,2019-07-15,2019-07-15 09:30:43,1.49,0.9802,30,1.48,0.9736,1,1.51,0.9934,3,1.485,0.9769,66,0
SPY190717C300,2019-07-15,2019-07-15 09:30:44,1.49,0.9802,30,1.48,0.9736,1,1.51,0.9934,3,1.485,0.9769,66,0
SPY190717C300,2019-07-15,2019-07-15 09:30:45,1.49,0.9802,30,1.48,0.9736,1,1.51,0.9934,3,1.485,0.9769,66,0
SPY190717C300,2019-07-15,2019-07-15 09:30:46,1.49,0.9802,30,1.48,0.9736,1,1.51,0.9934,3,1.485,0.9769,66,0
SPY190717C300,2019-07-15,2019-07-15 09:30:47,1.49,0.9802,30,1.48,0.9736,1,1.51,0.9934,3,1.485,0.9769,66,0
SPY190717C300,2019-07-15,2019-07-15 09:30:48,1.49,0.9802,30,1.48,0.9736,1,1.49,0.9802,1,1.485,0.9769,67,1
SPY190717C300,2019-07-15,2019-07-15 09:30:48,1.49,0.9802,30,1.48,0.9736,1,1.49,0.9802,1,1.485,0.9769,67,0
SPY190717C300,2019-07-15,2019-07-15 09:30:49,1.49,0.9802,30,1.48,0.9736,1,1.49,0.9802,1,1.485,0.9769,67,0
SPY190717C300,2019-07-15,2019-07-15 09:30:50,1.49,0.9802,30,1.48,0.9736,1,1.49,0.9802,1,1.485,0.9769,67,0
SPY190717C300,2019-07-15,2019-07-15 09:30:51,1.49,0.9802,30,1.48,0.9736,1,1.49,0.9802,1,1.485,0.9769,67,0
SPY190717C300,2019-07-15,2019-07-15 09:30:52,1.49,0.9802,30,1.48,0.9736,1,1.49,0.9802,1,1.485,0.9769,67,0
SPY190717C300,2019-07-15,2019-07-15 09:30:53,1.49,0.9802,30,1.48,0.9736,1,1.49,0.9802,1,1.485,0.9769,67,0
SPY190717C300,2019-07-15,2019-07-15 09:30:54,1.49,0.9802,30,1.48,0.9736,1,1.49,0.9802,1,1.485,0.9769,67,0
SPY190717C300,2019-07-15,2019-07-15 09:30:55,1.49,0.9802,30,1.48,0.9736,1,1.49,0.9802,1,1.485,0.9769,67,0
SPY190717C300,2019-07-15,2019-07-15 09:30:56,1.49,0.9802,30,1.48,0.9736,1,1.49,0.9802,1,1.485,0.9769,67,0
SPY190717C300,2019-07-15,2019-07-15 09:30:57,1.49,0.9802,30,1.48,0.9736,1,1.48,0.9736,1,1.485,0.9769,72,0
SPY190717C300,2019-07-15,2019-07-15 09:30:57,1.49,0.9802,30,1.48,0.9736,1,1.48,0.9736,1,1.485,0.9769,72,5
SPY190717C300,2019-07-15,2019-07-15 09:30:58,1.49,0.9802,30,1.48,0.9736,1,1.48,0.9736,1,1.485,0.9769,72,0
SPY190717C300,2019-07-15,2019-07-15 09:30:59,1.49,0.9802,30,1.48,0.9736,1,1.48,0.9736,1,1.485,0.9769,72,0
SPY190717C300,2019-07-15,2019-07-15 09:30:59,1.49,0.9802,5,1.48,0.9736,1,1.48,0.9736,1,1.485,0.9769,72,0
SPY190717C300,2019-07-15,2019-07-15 09:31:00,1.49,0.9802,5,1.48,0.9736,1,1.48,0.9736,1,1.485,0.9769,72,0
SPY190717C300,2019-07-15,2019-07-15 09:31:01,1.49,0.9802,5,1.48,0.9736,1,1.48,0.9736,1,1.485,0.9769,72,0
SPY190717C300,2019-07-15,2019-07-15 09:31:02,1.49,0.9802,5,1.48,0.9736,1,1.48,0.9736,1,1.485,0.9769,72,0
SPY190717C300,2019-07-15,2019-07-15 09:31:02,1.49,0.9802,5,1.46,0.9605,191,1.48,0.9736,1,1.475,0.9703,72,0
SPY190717C300,2019-07-15,2019-07-15 09:31:04,1.49,0.9802,5,1.46,0.9605,146,1.48,0.9736,1,1.475,0.9703,72,0
SPY190717C300,2019-07-15,2019-07-15 09:31:05,1.49,0.9802,13,1.46,0.9605,172,1.48,0.9736,1,1.475,0.9703,72,0
SPY190717C300,2019-07-15,2019-07-15 09:31:05,1.49,0.9802,12,1.46,0.9605,172,1.49,0.9802,1,1.475,0.9703,73,1
SPY190717C300,2019-07-15,2019-07-15 09:31:06,1.49,0.9802,30,1.46,0.9605,172,1.49,0.9802,1,1.475,0.9703,73,0
SPY190717C300,2019-07-15,2019-07-15 09:31:06,1.49,0.9802,12,1.46,0.9605,172,1.49,0.9802,1,1.475,0.9703,73,0
SPY190717C300,2019-07-15,2019-07-15 09:31:07,1.48,0.9736,30,1.45,0.9539,104,1.49,0.9802,1,1.465,0.9638,73,0
SPY190717C300,2019-07-15,2019-07-15 09:31:07,1.48,0.9736,100,1.45,0.9539,104,1.49,0.9802,1,1.465,0.9638,73,0
SPY190717C300,2019-07-15,2019-07-15 09:31:08,1.49,0.9802,31,1.45,0.9539,100,1.49,0.9802,1,1.47,0.9671,73,0
SPY190717C300,2019-07-15,2019-07-15 09:31:09,1.48,0.9736,73,1.45,0.9539,104,1.49,0.9802,1,1.465,0.9638,73,0
SPY190717C300,2019-07-15,2019-07-15 09:31:09,1.49,0.9802,104,1.46,0.9605,72,1.49,0.9802,1,1.475,0.9703,73,0
SPY190717C300,2019-07-15,2019-07-15 09:31:10,1.49,0.9802,12,1.46,0.9605,110,1.49,0.9802,1,1.475,0.9703,73,0
SPY190717C300,2019-07-15,2019-07-15 09:31:10,1.49,0.9802,12,1.46,0.9605,174,1.49,0.9802,1,1.475,0.9703,73,0
SPY190717C300,2019-07-15,2019-07-15 09:31:11,1.49,0.9802,136,1.46,0.9605,82,1.49,0.9802,1,1.475,0.9703,73,0
SPY190717C300,2019-07-15,2019-07-15 09:31:12,1.48,0.9736,36,1.46,0.9605,100,1.47,0.9671,1,1.47,0.9671,75,2
SPY190717C300,2019-07-15,2019-07-15 09:31:12,1.49,0.9802,76,1.46,0.9605,177,1.49,0.9802,1,1.475,0.9703,73,0
SPY190717C300,2019-07-15,2019-07-15 09:31:13,1.49,0.9802,83,1.46,0.9605,178,1.47,0.9671,1,1.475,0.9703,75,0
SPY190717C300,2019-07-15,2019-07-15 09:31:13,1.49,0.9802,143,1.46,0.9605,173,1.47,0.9671,1,1.475,0.9703,75,0
SPY190717C300,2019-07-15,2019-07-15 09:31:14,1.49,0.9802,83,1.46,0.9605,178,1.47,0.9671,1,1.475,0.9703,75,0
SPY190717C300,2019-07-15,2019-07-15 09:31:15,1.49,0.9802,55,1.46,0.9605,178,1.47,0.9671,1,1.475,0.9703,75,0
SPY190717C300,2019-07-15,2019-07-15 09:31:15,1.49,0.9802,55,1.46,0.9605,223,1.47,0.9671,1,1.475,0.9703,75,0
SPY190717C300,2019-07-15,2019-07-15 09:31:16,1.49,0.9802,55,1.46,0.9605,178,1.47,0.9671,1,1.475,0.9703,75,0
SPY190717C300,2019-07-15,2019-07-15 09:31:16,1.49,0.9802,37,1.46,0.9605,178,1.47,0.9671,1,1.475,0.9703,75,0
SPY190717C300,2019-07-15,2019-07-15 09:31:17,1.49,0.9802,17,1.46,0.9605,178,1.47,0.9671,1,1.475,0.9703,75,0
SPY190717C300,2019-07-15,2019-07-15 09:31:17,1.49,0.9802,12,1.46,0.9605,178,1.47,0.9671,1,1.475,0.9703,75,0
SPY190717C300,2019-07-15,2019-07-15 09:31:18,1.49,0.9802,12,1.47,0.9671,30,1.47,0.9671,1,1.48,0.9736,75,0
SPY190717C300,2019-07-15,2019-07-15 09:31:18,1.49,0.9802,71,1.46,0.9605,178,1.47,0.9671,1,1.475,0.9703,75,0
SPY190717C300,2019-07-15,2019-07-15 09:31:19,1.49,0.9802,12,1.46,0.9605,178,1.47,0.9671,1,1.475,0.9703,75,0
SPY190717C300,2019-07-15,2019-07-15 09:31:20,1.49,0.9802,12,1.46,0.9605,178,1.47,0.9671,1,1.475,0.9703,75,0
SPY190717C300,2019-07-15,2019-07-15 09:31:21,1.49,0.9802,109,1.46,0.9605,30,1.47,0.9671,1,1.475,0.9703,75,0
SPY190717C300,2019-07-15,2019-07-15 09:31:21,1.49,0.9802,12,1.46,0.9605,178,1.47,0.9671,1,1.475,0.9703,75,0
SPY190717C300,2019-07-15,2019-07-15 09:31:22,1.48,0.9736,100,1.45,0.9539,204,1.47,0.9671,1,1.465,0.9638,75,0
SPY190717C300,2019-07-15,2019-07-15 09:31:22,1.48,0.9736,81,1.45,0.9539,209,1.47,0.9671,1,1.465,0.9638,75,0
SPY190717C300,2019-07-15,2019-07-15 09:31:23,1.48,0.9736,57,1.45,0.9539,174,1.47,0.9671,1,1.465,0.9638,75,0
SPY190717C300,2019-07-15,2019-07-15 09:31:24,1.48,0.9736,30,1.45,0.9539,204,1.47,0.9671,1,1.465,0.9638,75,0
SPY190717C300,2019-07-15,2019-07-15 09:31:24,1.49,0.9802,36,1.45,0.9539,209,1.47,0.9671,1,1.47,0.9671,75,0
SPY190717C300,2019-07-15,2019-07-15 09:31:25,1.49,0.9802,12,1.47,0.9671,100,1.47,0.9671,1,1.48,0.9736,75,0
SPY190717C300,2019-07-15,2019-07-15 09:31:25,1.49,0.9802,12,1.45,0.9539,209,1.47,0.9671,1,1.47,0.9671,75,0
SPY190717C300,2019-07-15,2019-07-15 09:31:26,1.49,0.9802,12,1.47,0.9671,100,1.47,0.9671,1,1.48,0.9736,75,0
SPY190717C300,2019-07-15,2019-07-15 09:31:27,1.49,0.9802,12,1.47,0.9671,100,1.47,0.9671,1,1.48,0.9736,75,0
SPY190717C300,2019-07-15,2019-07-15 09:31:28,1.49,0.9802,12,1.47,0.9671,133,1.47,0.9671,1,1.48,0.9736,75,0
SPY190717C300,2019-07-15,2019-07-15 09:31:29,1.49,0.9802,12,1.47,0.9671,133,1.47,0.9671,1,1.48,0.9736,75,0
SPY190717C300,2019-07-15,2019-07-15 09:31:30,1.49,0.9802,12,1.47,0.9671,138,1.47,0.9671,1,1.48,0.9736,75,0
SPY190717C300,2019-07-15,2019-07-15 09:31:31,1.49,0.9802,7,1.48,0.9736,192,1.49,0.9802,5,1.485,0.9769,80,5
SPY190717C300,2019-07-15,2019-07-15 09:31:31,1.49,0.9802,5,1.48,0.9736,192,1.49,0.9802,1,1.485,0.9769,97,17
SPY190717C300,2019-07-15,2019-07-15 09:31:32,1.49,0.9802,5,1.48,0.9736,192,1.49,0.9802,1,1.485,0.9769,97,0
SPY190717C300,2019-07-15,2019-07-15 09:31:33,1.5,0.9868,1,1.48,0.9736,154,1.49,0.9802,4,1.49,0.9802,102,0
SPY190717C300,2019-07-15,2019-07-15 09:31:33,1.5,0.9868,1,1.48,0.9736,192,1.49,0.9802,4,1.49,0.9802,102,5
SPY190717C300,2019-07-15,2019-07-15 09:31:34,1.5,0.9868,1,1.48,0.9736,149,1.49,0.9802,4,1.49,0.9802,102,0
SPY190717C300,2019-07-15,2019-07-15 09:31:35,1.5,0.9868,1,1.47,0.9671,100,1.49,0.9802,4,1.485,0.9769,102,0
SPY190717C300,2019-07-15,2019-07-15 09:31:35,1.5,0.9868,1,1.48,0.9736,32,1.49,0.9802,4,1.49,0.9802,102,0
SPY190717C300,2019-07-15,2019-07-15 09:31:36,1.5,0.9868,1,1.47,0.9671,209,1.49,0.9802,4,1.485,0.9769,102,0
SPY190717C300,2019-07-15,2019-07-15 09:31:37,1.5,0.9868,1,1.47,0.9671,209,1.49,0.9802,4,1.485,0.9769,102,0
SPY190717C300,2019-07-15,2019-07-15 09:31:43,1.5,0.9868,1,1.49,0.9802,9,1.49,0.9802,1,1.495,0.9835,103,1
SPY190717C300,2019-07-15,2019-07-15 09:31:44,1.5,0.9868,1,1.49,0.9802,12,1.49,0.9802,1,1.495,0.9835,103,0
SPY190717C300,2019-07-15,2019-07-15 09:31:45,1.5,0.9868,1,1.49,0.9802,21,1.49,0.9802,1,1.495,0.9835,103,0
SPY190717C300,2019-07-15,2019-07-15 09:31:47,1.53,1.0065,166,1.5,0.9868,100,1.5,0.9868,1,1.515,0.9967,108,0
SPY190717C300,2019-07-15,2019-07-15 09:31:47,1.53,1.0065,166,1.49,0.9802,179,1.5,0.9868,1,1.51,0.9934,108,5
SPY190717C300,2019-07-15,2019-07-15 09:31:48,1.51,0.9934,73,1.48,0.9736,209,1.51,0.9934,1,1.495,0.9835,119,11
SPY190717C300,2019-07-15,2019-07-15 09:31:49,1.52,1.0,36,1.5,0.9868,100,1.49,0.9802,1,1.51,0.9934,120,0
SPY190717C300,2019-07-15,2019-07-15 09:31:49,1.51,0.9934,38,1.48,0.9736,209,1.49,0.9802,1,1.495,0.9835,120,1
SPY190717C300,2019-07-15,2019-07-15 09:31:50,1.52,1.0,53,1.5,0.9868,100,1.49,0.9802,1,1.51,0.9934,120,0
SPY190717C300,2019-07-15,2019-07-15 09:31:51,1.52,1.0,53,1.5,0.9868,100,1.49,0.9802,1,1.51,0.9934,120,0
SPY190717C300,2019-07-15,2019-07-15 09:31:52,1.52,1.0,36,1.5,0.9868,100,1.49,0.9802,1,1.51,0.9934,120,0
SPY190717C300,2019-07-15,2019-07-15 09:31:53,1.52,1.0,36,1.5,0.9868,100,1.49,0.9802,1,1.51,0.9934,120,0
SPY190717C300,2019-07-15,2019-07-15 09:31:54,1.52,1.0,36,1.5,0.9868,100,1.49,0.9802,1,1.51,0.9934,120,0
SPY190717C300,2019-07-15,2019-07-15 09:31:55,1.54,1.0131,109,1.51,0.9934,100,1.49,0.9802,1,1.525,1.0032,120,0
SPY190717C300,2019-07-15,2019-07-15 09:31:56,1.54,1.0131,109,1.51,0.9934,34,1.49,0.9802,1,1.525,1.0032,120,0
SPY190717C300,2019-07-15,2019-07-15 09:31:57,1.54,1.0131,36,1.51,0.9934,136,1.49,0.9802,1,1.525,1.0032,120,0
SPY190717C300,2019-07-15,2019-07-15 09:31:57,1.54,1.0131,164,1.51,0.9934,136,1.49,0.9802,1,1.525,1.0032,120,0
SPY190717C300,2019-07-15,2019-07-15 09:31:58,1.54,1.0131,36,1.51,0.9934,209,1.49,0.9802,1,1.525,1.0032,120,0
SPY190717C300,2019-07-15,2019-07-15 09:31:59,1.54,1.0131,36,1.51,0.9934,209,1.49,0.9802,1,1.525,1.0032,120,0
SPY190717C300,2019-07-15,2019-07-15 09:32:00,1.54,1.0131,30,1.52,1.0,110,1.49,0.9802,1,1.53,1.0065,120,0
SPY190717C300,2019-07-15,2019-07-15 09:32:00,1.54,1.0131,36,1.51,0.9934,209,1.49,0.9802,1,1.525,1.0032,120,0
SPY190717C300,2019-07-15,2019-07-15 09:32:01,1.54,1.0131,36,1.51,0.9934,220,1.49,0.9802,1,1.525,1.0032,120,0
SPY190717C300,2019-07-15,2019-07-15 09:32:02,1.52,1.0,56,1.5,0.9868,100,1.49,0.9802,1,1.51,0.9934,120,0
SPY190717C300,2019-07-15,2019-07-15 09:32:02,1.52,1.0,36,1.51,0.9934,220,1.49,0.9802,1,1.515,0.9967,120,0
SPY190717C300,2019-07-15,2019-07-15 09:32:03,1.52,1.0,36,1.5,0.9868,110,1.49,0.9802,1,1.51,0.9934,120,0
SPY190717C300,2019-07-15,2019-07-15 09:32:04,1.54,1.0131,130,1.52,1.0,100,1.49,0.9802,1,1.53,1.0065,120,0
SPY190717C300,2019-07-15,2019-07-15 09:32:04,1.54,1.0131,130,1.5,0.9868,209,1.49,0.9802,1,1.52,1.0,120,0
SPY190717C300,2019-07-15,2019-07-15 09:32:05,1.54,1.0131,110,1.51,0.9934,100,1.49,0.9802,1,1.525,1.0032,120,0
SPY190717C300,2019-07-15,2019-07-15 09:32:06,1.54,1.0131,110,1.52,1.0,1,1.49,0.9802,1,1.53,1.0065,120,0
SPY190717C300,2019-07-15,2019-07-15 09:32:06,1.53,1.0065,88,1.51,0.9934,100,1.52,1.0,1,1.52,1.0,122,2
SPY190717C300,2019-07-15,2019-07-15 09:32:07,1.53,1.0065,93,1.5,0.9868,100,1.52,1.0,1,1.515,0.9967,122,0
SPY190717C300,2019-07-15,2019-07-15 09:32:07,1.53,1.0065,93,1.5,0.9868,110,1.52,1.0,1,1.515,0.9967,122,0
SPY190717C300,2019-07-15,2019-07-15 09:32:08,1.52,1.0,70,1.49,0.9802,273,1.52,1.0,1,1.505,0.9901,122,0
SPY190717C300,2019-07-15,2019-07-15 09:32:09,1.52,1.0,68,1.48,0.9736,100,1.52,1.0,1,1.5,0.9868,122,0
SPY190717C300,2019-07-15,2019-07-15 09:32:09,1.52,1.0,68,1.49,0.9802,297,1.52,1.0,1,1.505,0.9901,122,0
SPY190717C300,2019-07-15,2019-07-15 09:32:10,1.51,0.9934,104,1.48,0.9736,167,1.52,1.0,1,1.495,0.9835,122,0
SPY190717C300,2019-07-15,2019-07-15 09:32:10,1.52,1.0,104,1.49,0.9802,137,1.52,1.0,1,1.505,0.9901,122,0
SPY190717C300,2019-07-15,2019-07-15 09:32:11,1.51,0.9934,104,1.48,0.9736,167,1.52,1.0,1,1.495,0.9835,122,0
SPY190717C300,2019-07-15,2019-07-15 09:32:12,1.52,1.0,109,1.49,0.9802,110,1.52,1.0,1,1.505,0.9901,122,0
SPY190717C300,2019-07-15,2019-07-15 09:32:12,1.52,1.0,104,1.49,0.9802,134,1.52,1.0,1,1.505,0.9901,122,0
SPY190717C300,2019-07-15,2019-07-15 09:32:13,1.52,1.0,140,1.49,0.9802,168,1.52,1.0,1,1.505,0.9901,122,0
SPY190717C300,2019-07-15,2019-07-15 09:32:13,1.52,1.0,109,1.49,0.9802,100,1.52,1.0,1,1.505,0.9901,122,0
SPY190717C300,2019-07-15,2019-07-15 09:32:14,1.52,1.0,140,1.49,0.9802,168,1.52,1.0,1,1.505,0.9901,122,0
SPY190717C300,2019-07-15,2019-07-15 09:32:14,1.52,1.0,140,1.49,0.9802,110,1.52,1.0,1,1.505,0.9901,122,0
SPY190717C300,2019-07-15,2019-07-15 09:32:15,1.51,0.9934,67,1.48,0.9736,154,1.52,1.0,1,1.495,0.9835,122,0
SPY190717C300,2019-07-15,2019-07-15 09:32:16,1.51,0.9934,86,1.48,0.9736,152,1.52,1.0,1,1.495,0.9835,122,0
SPY190717C300,2019-07-15,2019-07-15 09:32:16,1.51,0.9934,115,1.48,0.9736,154,1.52,1.0,1,1.495,0.9835,122,0
SPY190717C300,2019-07-15,2019-07-15 09:32:17,1.51,0.9934,86,1.47,0.9671,209,1.52,1.0,1,1.49,0.9802,122,0
SPY190717C300,2019-07-15,2019-07-15 09:32:17,1.51,0.9934,162,1.48,0.9736,6,1.52,1.0,1,1.495,0.9835,122,0
SPY190717C300,2019-07-15,2019-07-15 09:32:18,1.5,0.9868,36,1.47,0.9671,209,1.5,0.9868,2,1.485,0.9769,128,6
SPY190717C300,2019-07-15,2019-07-15 09:32:19,1.51,0.9934,30,1.5,0.9868,2,1.5,0.9868,1,1.505,0.9901,129,0
SPY190717C300,2019-07-15,2019-07-15 09:32:19,1.52,1.0,109,1.49,0.9802,126,1.5,0.9868,1,1.505,0.9901,129,1
SPY190717C300,2019-07-15,2019-07-15 09:32:20,1.51,0.9934,30,1.48,0.9736,100,1.5,0.9868,1,1.495,0.9835,131,2
SPY190717C300,2019-07-15,2019-07-15 09:32:20,1.51,0.9934,30,1.5,0.9868,2,1.5,0.9868,1,1.505,0.9901,129,0
SPY190717C300,2019-07-15,2019-07-15 09:32:21,1.51,0.9934,137,1.48,0.9736,110,1.5,0.9868,1,1.495,0.9835,131,0
SPY190717C300,2019-07-15,2019-07-15 09:32:22,1.51,0.9934,191,1.48,0.9736,110,1.5,0.9868,1,1.495,0.9835,131,0
SPY190717C300,2019-07-15,2019-07-15 09:32:23,1.51,0.9934,86,1.48,0.9736,147,1.5,0.9868,1,1.495,0.9835,131,0
SPY190717C300,2019-07-15,2019-07-15 09:32:23,1.5,0.9868,71,1.47,0.9671,6,1.5,0.9868,1,1.485,0.9769,131,0
SPY190717C300,2019-07-15,2019-07-15 09:32:24,1.51,0.9934,119,1.48,0.9736,147,1.5,0.9868,1,1.495,0.9835,131,0
SPY190717C300,2019-07-15,2019-07-15 09:32:25,1.52,1.0,158,1.48,0.9736,129,1.5,0.9868,1,1.5,0.9868,131,0
SPY190717C300,2019-07-15,2019-07-15 09:32:25,1.52,1.0,104,1.49,0.9802,163,1.5,0.9868,1,1.505,0.9901,131,0
SPY190717C300,2019-07-15,2019-07-15 09:32:26,1.5,0.9868,30,1.48,0.9736,100,1.5,0.9868,1,1.49,0.9802,131,0
SPY190717C300,2019-07-15,2019-07-15 09:32:26,1.52,1.0,109,1.49,0.9802,110,1.5,0.9868,1,1.505,0.9901,131,0
SPY190717C300,2019-07-15,2019-07-15 09:32:27,1.51,0.9934,142,1.48,0.9736,166,1.5,0.9868,1,1.495,0.9835,131,0
SPY190717C300,2019-07-15,2019-07-15 09:32:28,1.5,0.9868,30,1.48,0.9736,100,1.5,0.9868,1,1.49,0.9802,131,0
SPY190717C300,2019-07-15,2019-07-15 09:32:28,1.51,0.9934,142,1.48,0.9736,110,1.5,0.9868,1,1.495,0.9835,131,0
SPY190717C300,2019-07-15,2019-07-15 09:32:29,1.5,0.9868,30,1.48,0.9736,110,1.5,0.9868,1,1.49,0.9802,131,0
SPY190717C300,2019-07-15,2019-07-15 09:32:30,1.5,0.9868,40,1.47,0.9671,173,1.5,0.9868,1,1.485,0.9769,131,0
SPY190717C300,2019-07-15,2019-07-15 09:32:31,1.5,0.9868,67,1.47,0.9671,364,1.5,0.9868,1,1.485,0.9769,131,0
SPY190717C300,2019-07-15,2019-07-15 09:32:31,1.5,0.9868,63,1.47,0.9671,364,1.5,0.9868,1,1.485,0.9769,131,0
SPY190717C300,2019-07-15,2019-07-15 09:32:32,1.5,0.9868,67,1.47,0.9671,276,1.5,0.9868,1,1.485,0.9769,131,0
SPY190717C300,2019-07-15,2019-07-15 09:32:33,1.5,0.9868,72,1.47,0.9671,376,1.5,0.9868,1,1.485,0.9769,131,0
SPY190717C300,2019-07-15,2019-07-15 09:32:34,1.5,0.9868,72,1.47,0.9671,306,1.5,0.9868,1,1.485,0.9769,131,0
SPY190717C300,2019-07-15,2019-07-15 09:32:34,1.5,0.9868,84,1.47,0.9671,306,1.5,0.9868,1,1.485,0.9769,131,0
SPY190717C300,2019-07-15,2019-07-15 09:32:35,1.49,0.9802,81,1.46,0.9605,130,1.5,0.9868,1,1.475,0.9703,131,0
SPY190717C300,2019-07-15,2019-07-15 09:32:35,1.49,0.9802,137,1.46,0.9605,100,1.5,0.9868,1,1.475,0.9703,131,0
SPY190717C300,2019-07-15,2019-07-15 09:32:36,1.49,0.9802,405,1.46,0.9605,100,1.5,0.9868,1,1.475,0.9703,131,0
SPY190717C300,2019-07-15,2019-07-15 09:32:36,1.49,0.9802,354,1.46,0.9605,100,1.5,0.9868,1,1.475,0.9703,131,0
SPY190717C300,2019-07-15,2019-07-15 09:32:37,1.49,0.9802,405,1.46,0.9605,110,1.5,0.9868,1,1.475,0.9703,131,0
SPY190717C300,2019-07-15,2019-07-15 09:32:38,1.49,0.9802,405,1.46,0.9605,110,1.47,0.9671,11,1.475,0.9703,142,11
SPY190717C300,2019-07-15,2019-07-15 09:32:38,1.49,0.9802,405,1.46,0.9605,110,1.5,0.9868,1,1.475,0.9703,131,0
SPY190717C300,2019-07-15,2019-07-15 09:32:39,1.49,0.9802,386,1.46,0.9605,110,1.47,0.9671,11,1.475,0.9703,142,0
SPY190717C300,2019-07-15,2019-07-15 09:32:40,1.5,0.9868,130,1.47,0.9671,6,1.47,0.9671,11,1.485,0.9769,142,0
SPY190717C300,2019-07-15,2019-07-15 09:32:41,1.5,0.9868,140,1.47,0.9671,6,1.47,0.9671,11,1.485,0.9769,142,0
SPY190717C300,2019-07-15,2019-07-15 09:32:41,1.5,0.9868,137,1.48,0.9736,1,1.5,0.9868,3,1.49,0.9802,145,3
SPY190717C300,2019-07-15,2019-07-15 09:32:42,1.49,0.9802,109,1.48,0.9736,1,1.5,0.9868,3,1.485,0.9769,145,0
SPY190717C300,2019-07-15,2019-07-15 09:32:43,1.49,0.9802,109,1.46,0.9605,110,1.48,0.9736,2,1.475,0.9703,148,3
SPY190717C300,2019-07-15,2019-07-15 09:32:43,1.49,0.9802,136,1.46,0.9605,110,1.48,0.9736,2,1.475,0.9703,148,0
SPY190717C300,2019-07-15,2019-07-15 09:32:44,1.49,0.9802,131,1.46,0.9605,110,1.48,0.9736,2,1.475,0.9703,148,0
SPY190717C300,2019-07-15,2019-07-15 09:32:44,1.49,0.9802,30,1.46,0.9605,140,1.48,0.9736,2,1.475,0.9703,148,0
SPY190717C300,2019-07-15,2019-07-15 09:32:45,1.49,0.9802,30,1.46,0.9605,140,1.48,0.9736,2,1.475,0.9703,148,0
SPY190717C300,2019-07-15,2019-07-15 09:32:46,1.49,0.9802,109,1.46,0.9605,100,1.48,0.9736,2,1.475,0.9703,148,0
SPY190717C300,2019-07-15,2019-07-15 09:32:46,1.49,0.9802,81,1.47,0.9671,100,1.48,0.9736,2,1.48,0.9736,148,0
SPY190717C300,2019-07-15,2019-07-15 09:32:47,1.49,0.9802,109,1.46,0.9605,100,1.48,0.9736,2,1.475,0.9703,148,0
SPY190717C300,2019-07-15,2019-07-15 09:32:47,1.49,0.9802,104,1.46,0.9605,167,1.48,0.9736,2,1.475,0.9703,148,0
SPY190717C300,2019-07-15,2019-07-15 09:32:48,1.49,0.9802,104,1.46,0.9605,185,1.48,0.9736,2,1.475,0.9703,148,0
SPY190717C300,2019-07-15,2019-07-15 09:32:48,1.49,0.9802,107,1.46,0.9605,110,1.48,0.9736,2,1.475,0.9703,148,0
SPY190717C300,2019-07-15,2019-07-15 09:32:49,1.48,0.9736,94,1.46,0.9605,110,1.48,0.9736,1,1.47,0.9671,149,1
SPY190717C300,2019-07-15,2019-07-15 09:32:50,1.48,0.9736,94,1.46,0.9605,110,1.48,0.9736,1,1.47,0.9671,149,0
SPY190717C300,2019-07-15,2019-07-15 09:32:51,1.48,0.9736,46,1.46,0.9605,110,1.48,0.9736,1,1.47,0.9671,149,0
SPY190717C300,2019-07-15,2019-07-15 09:32:51,1.48,0.9736,75,1.45,0.9539,181,1.48,0.9736,1,1.465,0.9638,149,0
SPY190717C300,2019-07-15,2019-07-15 09:32:52,1.48,0.9736,46,1.45,0.9539,186,1.48,0.9736,1,1.465,0.9638,149,0
SPY190717C300,2019-07-15,2019-07-15 09:32:53,1.48,0.9736,36,1.45,0.9539,186,1.48,0.9736,1,1.465,0.9638,149,0
SPY190717C300,2019-07-15,2019-07-15 09:32:54,1.48,0.9736,36,1.45,0.9539,219,1.49,0.9802,4,1.465,0.9638,153,0
SPY190717C300,2019-07-15,2019-07-15 09:32:54,1.48,0.9736,37,1.45,0.9539,204,1.49,0.9802,4,1.465,0.9638,153,4
SPY190717C300,2019-07-15,2019-07-15 09:32:55,1.47,0.9671,86,1.45,0.9539,121,1.49,0.9802,4,1.46,0.9605,153,0
SPY190717C300,2019-07-15,2019-07-15 09:32:56,1.47,0.9671,109,1.45,0.9539,24,1.45,0.9539,1,1.46,0.9605,154,1
SPY190717C300,2019-07-15,2019-07-15 09:32:56,1.47,0.9671,109,1.45,0.9539,24,1.45,0.9539,1,1.46,0.9605,154,0
SPY190717C300,2019-07-15,2019-07-15 09:32:57,1.47,0.9671,104,1.45,0.9539,24,1.45,0.9539,1,1.46,0.9605,154,0
SPY190717C300,2019-07-15,2019-07-15 09:32:58,1.47,0.9671,104,1.45,0.9539,34,1.45,0.9539,1,1.46,0.9605,154,0
SPY190717C300,2019-07-15,2019-07-15 09:32:59,1.45,0.9539,174,1.44,0.9473,4,1.45,0.9539,1,1.445,0.9506,212,0
SPY190717C300,2019-07-15,2019-07-15 09:32:59,1.46,0.9605,79,1.44,0.9473,4,1.45,0.9539,1,1.45,0.9539,212,58
SPY190717C300,2019-07-15,2019-07-15 09:33:00,1.43,0.9407,30,1.4,0.921,183,1.44,0.9473,4,1.415,0.9309,216,4
SPY190717C300,2019-07-15,2019-07-15 09:33:00,1.43,0.9407,36,1.4,0.921,183,1.44,0.9473,4,1.415,0.9309,216,0
SPY190717C300,2019-07-15,2019-07-15 09:33:01,1.45,0.9539,36,1.42,0.9342,144,1.44,0.9473,4,1.435,0.944,216,0
SPY190717C300,2019-07-15,2019-07-15 09:33:01,1.45,0.9539,45,1.42,0.9342,100,1.44,0.9473,4,1.435,0.944,216,0
SPY190717C300,2019-07-15,2019-07-15 09:33:02,1.45,0.9539,45,1.42,0.9342,7,1.44,0.9473,4,1.435,0.944,216,0
SPY190717C300,2019-07-15,2019-07-15 09:33:02,1.45,0.9539,45,1.42,0.9342,214,1.44,0.9473,4,1.435,0.944,216,0
SPY190717C300,2019-07-15,2019-07-15 09:33:03,1.46,0.9605,30,1.42,0.9342,214,1.44,0.9473,4,1.44,0.9473,216,0
SPY190717C300,2019-07-15,2019-07-15 09:33:04,1.46,0.9605,36,1.43,0.9407,216,1.44,0.9473,4,1.445,0.9506,216,0
SPY190717C300,2019-07-15,2019-07-15 09:33:05,1.46,0.9605,30,1.42,0.9342,211,1.44,0.9473,4,1.44,0.9473,216,0
SPY190717C300,2019-07-15,2019-07-15 09:33:05,1.46,0.9605,30,1.43,0.9407,216,1.44,0.9473,4,1.445,0.9506,216,0
SPY190717C300,2019-07-15,2019-07-15 09:33:06,1.46,0.9605,36,1.43,0.9407,211,1.44,0.9473,4,1.445,0.9506,216,0
SPY190717C300,2019-07-15,2019-07-15 09:33:06,1.46,0.9605,36,1.44,0.9473,1,1.44,0.9473,1,1.45,0.9539,217,1
SPY190717C300,2019-07-15,2019-07-15 09:33:07,1.46,0.9605,36,1.43,0.9407,211,1.44,0.9473,1,1.445,0.9506,217,0
SPY190717C300,2019-07-15,2019-07-15 09:33:08,1.46,0.9605,36,1.43,0.9407,215,1.44,0.9473,1,1.445,0.9506,217,0
SPY190717C300,2019-07-15,2019-07-15 09:33:08,1.46,0.9605,36,1.43,0.9407,135,1.44,0.9473,1,1.445,0.9506,217,0
SPY190717C300,2019-07-15,2019-07-15 09:33:09,1.46,0.9605,30,1.43,0.9407,215,1.44,0.9473,1,1.445,0.9506,217,0
SPY190717C300,2019-07-15,2019-07-15 09:33:10,1.46,0.9605,30,1.43,0.9407,215,1.44,0.9473,1,1.445,0.9506,217,0
SPY190717C300,2019-07-15,2019-07-15 09:33:11,1.45,0.9539,30,1.43,0.9407,100,1.44,0.9473,1,1.44,0.9473,217,0
SPY190717C300,2019-07-15,2019-07-15 09:33:11,1.45,0.9539,19,1.43,0.9407,100,1.44,0.9473,1,1.44,0.9473,217,0
SPY190717C300,2019-07-15,2019-07-15 09:33:12,1.46,0.9605,100,1.43,0.9407,178,1.44,0.9473,1,1.445,0.9506,217,0
SPY190717C300,2019-07-15,2019-07-15 09:33:12,1.46,0.9605,90,1.43,0.9407,173,1.44,0.9473,1,1.445,0.9506,217,0
SPY190717C300,2019-07-15,2019-07-15 09:33:13,1.46,0.9605,47,1.43,0.9407,173,1.44,0.9473,1,1.445,0.9506,217,0
SPY190717C300,2019-07-15,2019-07-15 09:33:13,1.46,0.9605,105,1.43,0.9407,148,1.44,0.9473,1,1.445,0.9506,217,0
SPY190717C300,2019-07-15,2019-07-15 09:33:14,1.46,0.9605,69,1.43,0.9407,174,1.44,0.9473,1,1.445,0.9506,217,0
SPY190717C300,2019-07-15,2019-07-15 09:33:15,1.48,0.9736,140,1.44,0.9473,211,1.44,0.9473,1,1.46,0.9605,217,0
SPY190717C300,2019-07-15,2019-07-15 09:33:15,1.48,0.9736,156,1.44,0.9473,263,1.44,0.9473,1,1.46,0.9605,217,0
SPY190717C300,2019-07-15,2019-07-15 09:33:16,1.48,0.9736,244,1.44,0.9473,263,1.44,0.9473,1,1.46,0.9605,217,0
SPY190717C300,2019-07-15,2019-07-15 09:33:16,1.48,0.9736,270,1.44,0.9473,263,1.44,0.9473,1,1.46,0.9605,217,0
SPY190717C300,2019-07-15,2019-07-15 09:33:17,1.48,0.9736,270,1.44,0.9473,263,1.44,0.9473,1,1.46,0.9605,217,0
SPY190717C300,2019-07-15,2019-07-15 09:33:17,1.48,0.9736,225,1.44,0.9473,413,1.44,0.9473,1,1.46,0.9605,217,0
SPY190717C300,2019-07-15,2019-07-15 09:33:18,1.49,0.9802,36,1.46,0.9605,109,1.44,0.9473,1,1.475,0.9703,217,0
SPY190717C300,2019-07-15,2019-07-15 09:33:19,1.49,0.9802,36,1.46,0.9605,100,1.44,0.9473,1,1.475,0.9703,217,0
SPY190717C300,2019-07-15,2019-07-15 09:33:19,1.49,0.9802,61,1.47,0.9671,100,1.44,0.9473,1,1.48,0.9736,217,0
SPY190717C300,2019-07-15,2019-07-15 09:33:20,1.49,0.9802,83,1.46,0.9605,178,1.44,0.9473,1,1.475,0.9703,217,0
SPY190717C300,2019-07-15,2019-07-15 09:33:20,1.46,0.9605,30,1.44,0.9473,104,1.44,0.9473,1,1.45,0.9539,217,0
SPY190717C300,2019-07-15,2019-07-15 09:33:21,1.47,0.9671,156,1.43,0.9407,209,1.44,0.9473,1,1.45,0.9539,217,0
SPY190717C300,2019-07-15,2019-07-15 09:33:21,1.46,0.9605,30,1.43,0.9407,209,1.44,0.9473,1,1.445,0.9506,217,0
SPY190717C300,2019-07-15,2019-07-15 09:33:22,1.47,0.9671,156,1.43,0.9407,209,1.44,0.9473,1,1.45,0.9539,217,0
SPY190717C300,2019-07-15,2019-07-15 09:33:23,1.46,0.9605,19,1.43,0.9407,209,1.44,0.9473,1,1.445,0.9506,217,0
SPY190717C300,2019-07-15,2019-07-15 09:33:23,1.47,0.9671,156,1.43,0.9407,209,1.44,0.9473,1,1.45,0.9539,217,0
SPY190717C300,2019-07-15,2019-07-15 09:33:24,1.46,0.9605,36,1.43,0.9407,209,1.44,0.9473,1,1.445,0.9506,217,0
SPY190717C300,2019-07-15,2019-07-15 09:33:24,1.48,0.9736,110,1.43,0.9407,209,1.44,0.9473,1,1.455,0.9572,217,0
SPY190717C300,2019-07-15,2019-07-15 09:33:25,1.47,0.9671,34,1.44,0.9473,130,1.44,0.9473,1,1.455,0.9572,217,0
SPY190717C300,2019-07-15,2019-07-15 09:33:25,1.47,0.9671,64,1.44,0.9473,213,1.44,0.9473,1,1.455,0.9572,217,0
SPY190717C300,2019-07-15,2019-07-15 09:33:26,1.47,0.9671,34,1.44,0.9473,100,1.44,0.9473,1,1.455,0.9572,217,0
SPY190717C300,2019-07-15,2019-07-15 09:33:27,1.46,0.9605,30,1.44,0.9473,100,1.44,0.9473,1,1.45,0.9539,217,0
SPY190717C300,2019-07-15,2019-07-15 09:33:27,1.46,0.9605,66,1.43,0.9407,209,1.44,0.9473,1,1.445,0.9506,217,0
SPY190717C300,2019-07-15,2019-07-15 09:33:28,1.46,0.9605,66,1.43,0.9407,192,1.44,0.9473,1,1.445,0.9506,217,0
SPY190717C300,2019-07-15,2019-07-15 09:33:28,1.46,0.9605,120,1.43,0.9407,192,1.44,0.9473,1,1.445,0.9506,217,0
SPY190717C300,2019-07-15,2019-07-15 09:33:29,1.44,0.9473,45,1.4,0.921,176,1.44,0.9473,1,1.42,0.9342,217,0
SPY190717C300,2019-07-15,2019-07-15 09:33:29,1.46,0.9605,120,1.42,0.9342,204,1.44,0.9473,1,1.44,0.9473,217,0
SPY190717C300,2019-07-15,2019-07-15 09:33:30,1.43,0.9407,89,1.4,0.921,210,1.44,0.9473,1,1.415,0.9309,217,0
SPY190717C300,2019-07-15,2019-07-15 09:33:31,1.45,0.9539,109,1.42,0.9342,100,1.44,0.9473,1,1.435,0.944,217,0
SPY190717C300,2019-07-15,2019-07-15 09:33:31,1.44,0.9473,130,1.4,0.921,210,1.44,0.9473,1,1.42,0.9342,217,0
SPY190717C300,2019-07-15,2019-07-15 09:33:32,1.45,0.9539,36,1.42,0.9342,136,1.44,0.9473,1,1.435,0.944,217,0
SPY190717C300,2019-07-15,2019-07-15 09:33:32,1.46,0.9605,65,1.43,0.9407,106,1.44,0.9473,1,1.445,0.9506,217,0
SPY190717C300,2019-07-15,2019-07-15 09:33:33,1.45,0.9539,84,1.42,0.9342,215,1.44,0.9473,1,1.435,0.944,217,0
SPY190717C300,2019-07-15,2019-07-15 09:33:34,1.45,0.9539,98,1.42,0.9342,211,1.44,0.9473,1,1.435,0.944,217,0
SPY190717C300,2019-07-15,2019-07-15 09:33:34,1.45,0.9539,36,1.42,0.9342,211,1.44,0.9473,1,1.435,0.944,217,0
SPY190717C300,2019-07-15,2019-07-15 09:33:35,1.43,0.9407,36,1.4,0.921,213,1.44,0.9473,1,1.415,0.9309,217,0
SPY190717C300,2019-07-15,2019-07-15 09:33:35,1.45,0.9539,91,1.42,0.9342,104,1.44,0.9473,1,1.435,0.944,217,0
SPY190717C300,2019-07-15,2019-07-15 09:33:36,1.43,0.9407,36,1.4,0.921,213,1.44,0.9473,1,1.415,0.9309,217,0
SPY190717C300,2019-07-15,2019-07-15 09:33:37,1.43,0.9407,82,1.4,0.921,213,1.44,0.9473,1,1.415,0.9309,217,0
SPY190717C300,2019-07-15,2019-07-15 09:33:38,1.43,0.9407,82,1.4,0.921,213,1.44,0.9473,1,1.415,0.9309,217,0
SPY190717C300,2019-07-15,2019-07-15 09:33:39,1.43,0.9407,82,1.4,0.921,213,1.44,0.9473,1,1.415,0.9309,217,0
SPY190717C300,2019-07-15,2019-07-15 09:33:39,1.43,0.9407,82,1.4,0.921,134,1.44,0.9473,1,1.415,0.9309,217,0
SPY190717C300,2019-07-15,2019-07-15 09:33:40,1.43,0.9407,109,1.4,0.921,149,1.44,0.9473,1,1.415,0.9309,217,0
SPY190717C300,2019-07-15,2019-07-15 09:33:41,1.43,0.9407,109,1.4,0.921,134,1.41,0.9276,1,1.415,0.9309,218,0
SPY190717C300,2019-07-15,2019-07-15 09:33:41,1.43,0.9407,109,1.41,0.9276,1,1.41,0.9276,1,1.42,0.9342,218,1
SPY190717C300,2019-07-15,2019-07-15 09:33:42,1.43,0.9407,109,1.4,0.921,201,1.41,0.9276,1,1.415,0.9309,218,0
SPY190717C300,2019-07-15,2019-07-15 09:33:43,1.43,0.9407,137,1.4,0.921,201,1.41,0.9276,1,1.415,0.9309,218,0
SPY190717C300,2019-07-15,2019-07-15 09:33:44,1.42,0.9342,108,1.4,0.921,4,1.41,0.9276,1,1.41,0.9276,218,0
SPY190717C300,2019-07-15,2019-07-15 09:33:45,1.42,0.9342,123,1.4,0.921,2,1.41,0.9276,1,1.41,0.9276,218,0
SPY190717C300,2019-07-15,2019-07-15 09:33:46,1.42,0.9342,123,1.4,0.921,2,1.41,0.9276,1,1.41,0.9276,218,0
SPY190717C300,2019-07-15,2019-07-15 09:33:47,1.42,0.9342,123,1.4,0.921,2,1.41,0.9276,1,1.41,0.9276,218,0
SPY190717C300,2019-07-15,2019-07-15 09:33:47,1.42,0.9342,213,1.4,0.921,2,1.41,0.9276,1,1.41,0.9276,218,0
SPY190717C300,2019-07-15,2019-07-15 09:33:48,1.41,0.9276,82,1.4,0.921,2,1.41,0.9276,1,1.405,0.9243,218,0
SPY190717C300,2019-07-15,2019-07-15 09:33:49,1.4,0.921,1,1.38,0.9078,115,1.4,0.921,1,1.39,0.9144,222,1
SPY190717C300,2019-07-15,2019-07-15 09:33:49,1.41,0.9276,82,1.4,0.921,2,1.4,0.921,1,1.405,0.9243,221,3
SPY190717C300,2019-07-15,2019-07-15 09:33:50,1.4,0.921,59,1.37,0.9013,152,1.4,0.921,1,1.385,0.9111,222,0
SPY190717C300,2019-07-15,2019-07-15 09:33:50,1.4,0.921,111,1.37,0.9013,40,1.4,0.921,1,1.385,0.9111,222,0
SPY190717C300,2019-07-15,2019-07-15 09:33:51,1.39,0.9144,181,1.37,0.9013,34,1.4,0.921,1,1.38,0.9078,222,0
SPY190717C300,2019-07-15,2019-07-15 09:33:52,1.38,0.9078,30,1.37,0.9013,5,1.4,0.921,1,1.375,0.9046,222,0
SPY190717C300,2019-07-15,2019-07-15 09:33:52,1.39,0.9144,181,1.37,0.9013,5,1.4,0.921,1,1.38,0.9078,222,0
SPY190717C300,2019-07-15,2019-07-15 09:33:53,1.38,0.9078,56,1.37,0.9013,5,1.4,0.921,1,1.375,0.9046,222,0
SPY190717C300,2019-07-15,2019-07-15 09:33:53,1.38,0.9078,93,1.37,0.9013,5,1.4,0.921,1,1.375,0.9046,222,0
SPY190717C300,2019-07-15,2019-07-15 09:33:54,1.38,0.9078,106,1.37,0.9013,5,1.4,0.921,1,1.375,0.9046,222,0
SPY190717C300,2019-07-15,2019-07-15 09:33:54,1.37,0.9013,1,1.37,0.9013,5,1.37,0.9013,3,1.37,0.9013,227,5
SPY190717C300,2019-07-15,2019-07-15 09:33:55,1.37,0.9013,221,1.34,0.8815,50,1.37,0.9013,3,1.355,0.8914,227,0
SPY190717C300,2019-07-15,2019-07-15 09:33:55,1.37,0.9013,121,1.34,0.8815,19,1.37,0.9013,3,1.355,0.8914,227,0
SPY190717C300,2019-07-15,2019-07-15 09:33:56,1.36,0.8947,36,1.34,0.8815,7,1.37,0.9013,3,1.35,0.8881,227,0
SPY190717C300,2019-07-15,2019-07-15 09:33:57,1.36,0.8947,56,1.34,0.8815,7,1.37,0.9013,3,1.35,0.8881,227,0
SPY190717C300,2019-07-15,2019-07-15 09:33:58,1.36,0.8947,223,1.34,0.8815,7,1.37,0.9013,3,1.35,0.8881,227,0
SPY190717C300,2019-07-15,2019-07-15 09:33:58,1.35,0.8881,43,1.34,0.8815,7,1.37,0.9013,3,1.345,0.8848,227,0
SPY190717C300,2019-07-15,2019-07-15 09:33:59,1.36,0.8947,113,1.34,0.8815,7,1.37,0.9013,3,1.35,0.8881,227,0
SPY190717C300,2019-07-15,2019-07-15 09:34:00,1.35,0.8881,113,1.34,0.8815,7,1.34,0.8815,1,1.345,0.8848,237,10
SPY190717C300,2019-07-15,2019-07-15 09:34:00,1.35,0.8881,113,1.34,0.8815,7,1.37,0.9013,3,1.345,0.8848,227,0
SPY190717C300,2019-07-15,2019-07-15 09:34:01,1.35,0.8881,113,1.33,0.875,1,1.34,0.8815,1,1.34,0.8815,237,0
SPY190717C300,2019-07-15,2019-07-15 09:34:01,1.35,0.8881,92,1.33,0.875,1,1.33,0.875,5,1.34,0.8815,242,5
SPY190717C300,2019-07-15,2019-07-15 09:34:02,1.35,0.8881,164,1.33,0.875,1,1.33,0.875,5,1.34,0.8815,242,0
SPY190717C300,2019-07-15,2019-07-15 09:34:02,1.36,0.8947,123,1.33,0.875,94,1.33,0.875,5,1.345,0.8848,242,0
SPY190717C300,2019-07-15,2019-07-15 09:34:03,1.36,0.8947,78,1.33,0.875,94,1.33,0.875,5,1.345,0.8848,242,0
SPY190717C300,2019-07-15,2019-07-15 09:34:04,1.37,0.9013,30,1.34,0.8815,100,1.33,0.875,5,1.355,0.8914,242,0
SPY190717C300,2019-07-15,2019-07-15 09:34:04,1.37,0.9013,1,1.34,0.8815,100,1.33,0.875,5,1.355,0.8914,242,0
SPY190717C300,2019-07-15,2019-07-15 09:34:05,1.37,0.9013,240,1.34,0.8815,100,1.33,0.875,5,1.355,0.8914,242,0
SPY190717C300,2019-07-15,2019-07-15 09:34:05,1.37,0.9013,43,1.34,0.8815,161,1.33,0.875,5,1.355,0.8914,242,0
SPY190717C300,2019-07-15,2019-07-15 09:34:06,1.37,0.9013,91,1.34,0.8815,100,1.33,0.875,5,1.355,0.8914,242,0
SPY190717C300,2019-07-15,2019-07-15 09:34:07,1.37,0.9013,206,1.33,0.875,213,1.33,0.875,5,1.35,0.8881,242,0
SPY190717C300,2019-07-15,2019-07-15 09:34:07,1.37,0.9013,46,1.34,0.8815,113,1.33,0.875,5,1.355,0.8914,242,0
SPY190717C300,2019-07-15,2019-07-15 09:34:08,1.37,0.9013,63,1.34,0.8815,213,1.34,0.8815,56,1.355,0.8914,742,500
SPY190717C300,2019-07-15,2019-07-15 09:34:09,1.38,0.9078,140,1.36,0.8947,30,1.34,0.8815,56,1.37,0.9013,742,0
SPY190717C300,2019-07-15,2019-07-15 09:34:10,1.38,0.9078,61,1.36,0.8947,30,1.34,0.8815,56,1.37,0.9013,742,0
SPY190717C300,2019-07-15,2019-07-15 09:34:10,1.38,0.9078,78,1.36,0.8947,30,1.34,0.8815,56,1.37,0.9013,742,0
SPY190717C300,2019-07-15,2019-07-15 09:34:11,1.38,0.9078,145,1.36,0.8947,30,1.34,0.8815,56,1.37,0.9013,742,0
SPY190717C300,2019-07-15,2019-07-15 09:34:12,1.38,0.9078,36,1.36,0.8947,61,1.34,0.8815,56,1.37,0.9013,742,0
SPY190717C300,2019-07-15,2019-07-15 09:34:12,1.38,0.9078,36,1.36,0.8947,161,1.36,0.8947,3,1.37,0.9013,752,10
SPY190717C300,2019-07-15,2019-07-15 09:34:13,1.39,0.9144,148,1.36,0.8947,161,1.36,0.8947,3,1.375,0.9046,752,0
SPY190717C300,2019-07-15,2019-07-15 09:34:14,1.38,0.9078,5,1.36,0.8947,161,1.36,0.8947,3,1.37,0.9013,752,0
SPY190717C300,2019-07-15,2019-07-15 09:34:14,1.39,0.9144,148,1.36,0.8947,161,1.36,0.8947,3,1.375,0.9046,752,0
SPY190717C300,2019-07-15,2019-07-15 09:34:15,1.38,0.9078,169,1.36,0.8947,30,1.36,0.8947,3,1.37,0.9013,752,0
SPY190717C300,2019-07-15,2019-07-15 09:34:16,1.37,0.9013,6,1.33,0.875,100,1.36,0.8947,10,1.35,0.8881,782,30
SPY190717C300,2019-07-15,2019-07-15 09:34:16,1.38,0.9078,143,1.36,0.8947,30,1.36,0.8947,3,1.37,0.9013,752,0
SPY190717C300,2019-07-15,2019-07-15 09:34:17,1.36,0.8947,1,1.34,0.8815,183,1.36,0.8947,10,1.35,0.8881,782,0
SPY190717C300,2019-07-15,2019-07-15 09:34:17,1.36,0.8947,1,1.35,0.8881,100,1.36,0.8947,10,1.355,0.8914,782,0
SPY190717C300,2019-07-15,2019-07-15 09:34:19,1.36,0.8947,1,1.35,0.8881,159,1.36,0.8947,10,1.355,0.8914,782,0
SPY190717C300,2019-07-15,2019-07-15 09:34:20,1.36,0.8947,1,1.35,0.8881,19,1.35,0.8881,2,1.355,0.8914,784,2
SPY190717C300,2019-07-15,2019-07-15 09:34:21,1.37,0.9013,108,1.35,0.8881,6,1.36,0.8947,1,1.36,0.8947,785,0
SPY190717C300,2019-07-15,2019-07-15 09:34:21,1.38,0.9078,113,1.35,0.8881,6,1.36,0.8947,1,1.365,0.898,785,1
SPY190717C300,2019-07-15,2019-07-15 09:34:22,1.37,0.9013,101,1.33,0.875,100,1.36,0.8947,1,1.35,0.8881,785,0
SPY190717C300,2019-07-15,2019-07-15 09:34:22,1.37,0.9013,108,1.35,0.8881,6,1.36,0.8947,1,1.36,0.8947,785,0
SPY190717C300,2019-07-15,2019-07-15 09:34:23,1.36,0.8947,113,1.33,0.875,202,1.36,0.8947,1,1.345,0.8848,785,0
SPY190717C300,2019-07-15,2019-07-15 09:34:24,1.36,0.8947,123,1.33,0.875,207,1.36,0.8947,1,1.345,0.8848,785,0
SPY190717C300,2019-07-15,2019-07-15 09:34:24,1.36,0.8947,143,1.33,0.875,202,1.36,0.8947,1,1.345,0.8848,785,0
SPY190717C300,2019-07-15,2019-07-15 09:34:25,1.36,0.8947,143,1.33,0.875,202,1.36,0.8947,1,1.345,0.8848,785,0
SPY190717C300,2019-07-15,2019-07-15 09:34:26,1.36,0.8947,143,1.33,0.875,216,1.36,0.8947,1,1.345,0.8848,785,0
SPY190717C300,2019-07-15,2019-07-15 09:34:27,1.35,0.8881,1,1.33,0.875,202,1.36,0.8947,1,1.34,0.8815,785,0
SPY190717C300,2019-07-15,2019-07-15 09:34:27,1.36,0.8947,143,1.33,0.875,216,1.36,0.8947,1,1.345,0.8848,785,0
SPY190717C300,2019-07-15,2019-07-15 09:34:28,1.35,0.8881,20,1.33,0.875,275,1.36,0.8947,1,1.34,0.8815,785,0
SPY190717C300,2019-07-15,2019-07-15 09:34:28,1.35,0.8881,1,1.33,0.875,275,1.36,0.8947,1,1.34,0.8815,785,0
SPY190717C300,2019-07-15,2019-07-15 09:34:29,1.35,0.8881,31,1.33,0.875,275,1.36,0.8947,1,1.34,0.8815,785,0
SPY190717C300,2019-07-15,2019-07-15 09:34:29,1.35,0.8881,10,1.33,0.875,275,1.36,0.8947,1,1.34,0.8815,785,0
SPY190717C300,2019-07-15,2019-07-15 09:34:30,1.35,0.8881,61,1.33,0.875,275,1.36,0.8947,1,1.34,0.8815,785,0
SPY190717C300,2019-07-15,2019-07-15 09:34:31,1.35,0.8881,93,1.33,0.875,1,1.36,0.8947,1,1.34,0.8815,785,0
SPY190717C300,2019-07-15,2019-07-15 09:34:31,1.35,0.8881,46,1.33,0.875,1,1.36,0.8947,1,1.34,0.8815,785,0
SPY190717C300,2019-07-15,2019-07-15 09:34:32,1.35,0.8881,20,1.33,0.875,1,1.36,0.8947,1,1.34,0.8815,785,0
SPY190717C300,2019-07-15,2019-07-15 09:34:32,1.35,0.8881,20,1.33,0.875,30,1.36,0.8947,1,1.34,0.8815,785,0
SPY190717C300,2019-07-15,2019-07-15 09:34:33,1.34,0.8815,6,1.33,0.875,30,1.33,0.875,1,1.335,0.8782,786,1
SPY190717C300,2019-07-15,2019-07-15 09:34:33,1.34,0.8815,2,1.33,0.875,30,1.33,0.875,1,1.335,0.8782,786,0
SPY190717C300,2019-07-15,2019-07-15 09:34:34,1.34,0.8815,2,1.33,0.875,30,1.33,0.875,1,1.335,0.8782,786,0
SPY190717C300,2019-07-15,2019-07-15 09:34:35,1.34,0.8815,2,1.33,0.875,30,1.33,0.875,1,1.335,0.8782,786,0
SPY190717C300,2019-07-15,2019-07-15 09:34:35,1.34,0.8815,2,1.33,0.875,50,1.33,0.875,1,1.335,0.8782,786,0
SPY190717C300,2019-07-15,2019-07-15 09:34:36,1.34,0.8815,2,1.33,0.875,56,1.33,0.875,1,1.335,0.8782,786,0
SPY190717C300,2019-07-15,2019-07-15 09:34:36,1.34,0.8815,2,1.33,0.875,183,1.33,0.875,1,1.335,0.8782,786,0
SPY190717C300,2019-07-15,2019-07-15 09:34:37,1.34,0.8815,2,1.33,0.875,36,1.33,0.875,1,1.335,0.8782,786,0
SPY190717C300,2019-07-15,2019-07-15 09:34:37,1.34,0.8815,2,1.33,0.875,30,1.33,0.875,1,1.335,0.8782,786,0
SPY190717C300,2019-07-15,2019-07-15 09:34:38,1.34,0.8815,2,1.33,0.875,30,1.33,0.875,1,1.335,0.8782,786,0
SPY190717C300,2019-07-15,2019-07-15 09:34:39,1.34,0.8815,2,1.33,0.875,30,1.33,0.875,1,1.335,0.8782,786,0
SPY190717C300,2019-07-15,2019-07-15 09:34:39,1.34,0.8815,2,1.33,0.875,130,1.33,0.875,1,1.335,0.8782,786,0
SPY190717C300,2019-07-15,2019-07-15 09:34:40,1.35,0.8881,1,1.34,0.8815,36,1.34,0.8815,2,1.345,0.8848,788,0
SPY190717C300,2019-07-15,2019-07-15 09:34:40,1.35,0.8881,6,1.34,0.8815,30,1.34,0.8815,2,1.345,0.8848,788,2
SPY190717C300,2019-07-15,2019-07-15 09:34:41,1.35,0.8881,1,1.34,0.8815,36,1.34,0.8815,2,1.345,0.8848,788,0
SPY190717C300,2019-07-15,2019-07-15 09:34:41,1.35,0.8881,1,1.34,0.8815,51,1.34,0.8815,2,1.345,0.8848,788,0
SPY190717C300,2019-07-15,2019-07-15 09:34:42,1.35,0.8881,1,1.34,0.8815,51,1.34,0.8815,2,1.345,0.8848,788,0
SPY190717C300,2019-07-15,2019-07-15 09:34:43,1.35,0.8881,1,1.34,0.8815,140,1.34,0.8815,2,1.345,0.8848,788,0
SPY190717C300,2019-07-15,2019-07-15 09:34:43,1.37,0.9013,114,1.35,0.8881,30,1.35,0.8881,1,1.36,0.8947,789,1
SPY190717C300,2019-07-15,2019-07-15 09:34:44,1.37,0.9013,196,1.34,0.8815,172,1.37,0.9013,2,1.355,0.8914,791,2
SPY190717C300,2019-07-15,2019-07-15 09:34:44,1.37,0.9013,114,1.35,0.8881,130,1.35,0.8881,1,1.36,0.8947,789,0
SPY190717C300,2019-07-15,2019-07-15 09:34:45,1.37,0.9013,196,1.34,0.8815,172,1.37,0.9013,2,1.355,0.8914,791,0
SPY190717C300,2019-07-15,2019-07-15 09:34:45,1.37,0.9013,216,1.34,0.8815,84,1.37,0.9013,2,1.355,0.8914,791,0
SPY190717C300,2019-07-15,2019-07-15 09:34:46,1.37,0.9013,216,1.34,0.8815,56,1.37,0.9013,2,1.355,0.8914,791,0
SPY190717C300,2019-07-15,2019-07-15 09:34:47,1.37,0.9013,216,1.34,0.8815,106,1.37,0.9013,2,1.355,0.8914,791,0
SPY190717C300,2019-07-15,2019-07-15 09:34:48,1.36,0.8947,108,1.33,0.875,130,1.37,0.9013,2,1.345,0.8848,791,0
SPY190717C300,2019-07-15,2019-07-15 09:34:48,1.37,0.9013,114,1.34,0.8815,50,1.37,0.9013,2,1.355,0.8914,791,0
SPY190717C300,2019-07-15,2019-07-15 09:34:49,1.36,0.8947,149,1.33,0.875,56,1.37,0.9013,2,1.345,0.8848,791,0
SPY190717C300,2019-07-15,2019-07-15 09:34:50,1.36,0.8947,149,1.33,0.875,50,1.37,0.9013,2,1.345,0.8848,791,0
SPY190717C300,2019-07-15,2019-07-15 09:34:50,1.35,0.8881,183,1.33,0.875,1,1.37,0.9013,2,1.34,0.8815,791,0
SPY190717C300,2019-07-15,2019-07-15 09:34:51,1.34,0.8815,109,1.31,0.8618,92,1.33,0.875,1,1.325,0.8717,792,1
SPY190717C300,2019-07-15,2019-07-15 09:34:52,1.35,0.8881,119,1.32,0.8684,190,1.33,0.875,1,1.335,0.8782,792,0
SPY190717C300,2019-07-15,2019-07-15 09:34:52,1.34,0.8815,109,1.31,0.8618,92,1.33,0.875,1,1.325,0.8717,792,0
SPY190717C300,2019-07-15,2019-07-15 09:34:53,1.35,0.8881,119,1.33,0.875,36,1.33,0.875,1,1.34,0.8815,792,0
SPY190717C300,2019-07-15,2019-07-15 09:34:54,1.35,0.8881,119,1.33,0.875,36,1.33,0.875,1,1.34,0.8815,792,0
SPY190717C300,2019-07-15,2019-07-15 09:34:54,1.35,0.8881,119,1.32,0.8684,97,1.33,0.875,1,1.335,0.8782,792,0
SPY190717C300,2019-07-15,2019-07-15 09:34:55,1.35,0.8881,113,1.33,0.875,30,1.33,0.875,1,1.34,0.8815,792,0
SPY190717C300,2019-07-15,2019-07-15 09:34:55,1.35,0.8881,108,1.33,0.875,30,1.33,0.875,1,1.34,0.8815,792,0
SPY190717C300,2019-07-15,2019-07-15 09:34:56,1.35,0.8881,113,1.31,0.8618,215,1.33,0.875,1,1.33,0.875,792,0
SPY190717C300,2019-07-15,2019-07-15 09:34:56,1.35,0.8881,113,1.32,0.8684,56,1.33,0.875,1,1.335,0.8782,792,0
SPY190717C300,2019-07-15,2019-07-15 09:34:57,1.34,0.8815,6,1.32,0.8684,56,1.33,0.875,1,1.33,0.875,792,0
SPY190717C300,2019-07-15,2019-07-15 09:34:58,1.34,0.8815,6,1.31,0.8618,210,1.33,0.875,1,1.325,0.8717,792,0
SPY190717C300,2019-07-15,2019-07-15 09:34:58,1.34,0.8815,6,1.31,0.8618,279,1.33,0.875,1,1.325,0.8717,792,0
SPY190717C300,2019-07-15,2019-07-15 09:34:59,1.34,0.8815,10,1.32,0.8684,110,1.33,0.875,1,1.33,0.875,792,0
SPY190717C300,2019-07-15,2019-07-15 09:35:00,1.34,0.8815,6,1.33,0.875,100,1.33,0.875,1,1.335,0.8782,792,0
SPY190717C300,2019-07-15,2019-07-15 09:35:00,1.34,0.8815,10,1.32,0.8684,110,1.33,0.875,1,1.33,0.875,792,0
SPY190717C300,2019-07-15,2019-07-15 09:35:01,1.34,0.8815,93,1.31,0.8618,210,1.34,0.8815,1,1.325,0.8717,793,0
SPY190717C300,2019-07-15,2019-07-15 09:35:01,1.34,0.8815,6,1.32,0.8684,55,1.34,0.8815,1,1.33,0.875,793,1
SPY190717C300,2019-07-15,2019-07-15 09:35:02,1.34,0.8815,7,1.32,0.8684,110,1.34,0.8815,1,1.33,0.875,793,0
SPY190717C300,2019-07-15,2019-07-15 09:35:02,1.34,0.8815,1,1.32,0.8684,110,1.34,0.8815,1,1.33,0.875,793,0
SPY190717C300,2019-07-15,2019-07-15 09:35:03,1.34,0.8815,7,1.31,0.8618,86,1.34,0.8815,1,1.325,0.8717,793,0
SPY190717C300,2019-07-15,2019-07-15 09:35:04,1.34,0.8815,126,1.31,0.8618,56,1.34,0.8815,1,1.325,0.8717,793,0
SPY190717C300,2019-07-15,2019-07-15 09:35:05,1.34,0.8815,226,1.31,0.8618,20,1.34,0.8815,1,1.325,0.8717,793,0
SPY190717C300,2019-07-15,2019-07-15 09:35:06,1.33,0.875,74,1.3,0.8552,56,1.34,0.8815,1,1.315,0.8651,793,0
SPY190717C300,2019-07-15,2019-07-15 09:35:06,1.32,0.8684,5,1.29,0.8486,130,1.34,0.8815,1,1.305,0.8585,793,0
SPY190717C300,2019-07-15,2019-07-15 09:35:07,1.32,0.8684,115,1.29,0.8486,45,1.34,0.8815,1,1.305,0.8585,793,0
SPY190717C300,2019-07-15,2019-07-15 09:35:07,1.32,0.8684,115,1.29,0.8486,130,1.34,0.8815,1,1.305,0.8585,793,0
SPY190717C300,2019-07-15,2019-07-15 09:35:08,1.32,0.8684,115,1.29,0.8486,56,1.34,0.8815,1,1.305,0.8585,793,0
SPY190717C300,2019-07-15,2019-07-15 09:35:09,1.32,0.8684,110,1.3,0.8552,40,1.34,0.8815,1,1.31,0.8618,793,0
SPY190717C300,2019-07-15,2019-07-15 09:35:09,1.32,0.8684,120,1.3,0.8552,40,1.34,0.8815,1,1.31,0.8618,793,0
SPY190717C300,2019-07-15,2019-07-15 09:35:10,1.32,0.8684,95,1.3,0.8552,6,1.34,0.8815,1,1.31,0.8618,793,0
SPY190717C300,2019-07-15,2019-07-15 09:35:10,1.32,0.8684,95,1.3,0.8552,46,1.34,0.8815,1,1.31,0.8618,793,0
SPY190717C300,2019-07-15,2019-07-15 09:35:11,1.32,0.8684,95,1.3,0.8552,66,1.34,0.8815,1,1.31,0.8618,793,0
SPY190717C300,2019-07-15,2019-07-15 09:35:11,1.32,0.8684,95,1.29,0.8486,140,1.34,0.8815,1,1.305,0.8585,793,0
SPY190717C300,2019-07-15,2019-07-15 09:35:12,1.32,0.8684,95,1.29,0.8486,140,1.34,0.8815,1,1.305,0.8585,793,0
SPY190717C300,2019-07-15,2019-07-15 09:35:13,1.32,0.8684,95,1.29,0.8486,140,1.34,0.8815,1,1.305,0.8585,793,0
SPY190717C300,2019-07-15,2019-07-15 09:35:14,1.32,0.8684,95,1.3,0.8552,66,1.3,0.8552,30,1.31,0.8618,823,30
SPY190717C300,2019-07-15,2019-07-15 09:35:14,1.32,0.8684,95,1.29,0.8486,140,1.3,0.8552,30,1.305,0.8585,823,0
SPY190717C300,2019-07-15,2019-07-15 09:35:15,1.32,0.8684,95,1.29,0.8486,140,1.3,0.8552,30,1.305,0.8585,823,0
SPY190717C300,2019-07-15,2019-07-15 09:35:16,1.32,0.8684,135,1.29,0.8486,66,1.3,0.8552,30,1.305,0.8585,823,0
SPY190717C300,2019-07-15,2019-07-15 09:35:17,1.32,0.8684,135,1.29,0.8486,66,1.3,0.8552,30,1.305,0.8585,823,0
SPY190717C300,2019-07-15,2019-07-15 09:35:17,1.32,0.8684,169,1.29,0.8486,66,1.3,0.8552,30,1.305,0.8585,823,0
SPY190717C300,2019-07-15,2019-07-15 09:35:18,1.32,0.8684,169,1.29,0.8486,66,1.3,0.8552,30,1.305,0.8585,823,0
SPY190717C300,2019-07-15,2019-07-15 09:35:19,1.32,0.8684,169,1.29,0.8486,66,1.3,0.8552,30,1.305,0.8585,823,0
SPY190717C300,2019-07-15,2019-07-15 09:35:20,1.32,0.8684,169,1.29,0.8486,66,1.3,0.8552,30,1.305,0.8585,823,0
SPY190717C300,2019-07-15,2019-07-15 09:35:21,1.31,0.8618,125,1.28,0.8421,66,1.3,0.8552,30,1.295,0.8519,823,0
SPY190717C300,2019-07-15,2019-07-15 09:35:21,1.31,0.8618,45,1.29,0.8486,66,1.3,0.8552,30,1.3,0.8552,823,0
SPY190717C300,2019-07-15,2019-07-15 09:35:22,1.31,0.8618,125,1.28,0.8421,66,1.3,0.8552,30,1.295,0.8519,823,0
SPY190717C300,2019-07-15,2019-07-15 09:35:22,1.31,0.8618,236,1.28,0.8421,66,1.3,0.8552,30,1.295,0.8519,823,0
SPY190717C300,2019-07-15,2019-07-15 09:35:23,1.31,0.8618,136,1.28,0.8421,66,1.3,0.8552,30,1.295,0.8519,823,0
SPY190717C300,2019-07-15,2019-07-15 09:35:23,1.31,0.8618,134,1.28,0.8421,66,1.3,0.8552,30,1.295,0.8519,823,0
SPY190717C300,2019-07-15,2019-07-15 09:35:24,1.31,0.8618,134,1.28,0.8421,66,1.3,0.8552,30,1.295,0.8519,823,0
SPY190717C300,2019-07-15,2019-07-15 09:35:25,1.31,0.8618,136,1.28,0.8421,66,1.3,0.8552,30,1.295,0.8519,823,0
SPY190717C300,2019-07-15,2019-07-15 09:35:25,1.31,0.8618,136,1.28,0.8421,46,1.3,0.8552,30,1.295,0.8519,823,0
SPY190717C300,2019-07-15,2019-07-15 09:35:26,1.31,0.8618,131,1.28,0.8421,66,1.3,0.8552,30,1.295,0.8519,823,0
SPY190717C300,2019-07-15,2019-07-15 09:35:27,1.31,0.8618,208,1.28,0.8421,66,1.3,0.8552,30,1.295,0.8519,823,0
SPY190717C300,2019-07-15,2019-07-15 09:35:28,1.31,0.8618,216,1.28,0.8421,66,1.3,0.8552,30,1.295,0.8519,823,0
SPY190717C300,2019-07-15,2019-07-15 09:35:28,1.31,0.8618,136,1.28,0.8421,73,1.3,0.8552,30,1.295,0.8519,823,0
SPY190717C300,2019-07-15,2019-07-15 09:35:29,1.31,0.8618,166,1.28,0.8421,66,1.3,0.8552,30,1.295,0.8519,823,0
SPY190717C300,2019-07-15,2019-07-15 09:35:30,1.31,0.8618,166,1.28,0.8421,66,1.3,0.8552,30,1.295,0.8519,823,0
SPY190717C300,2019-07-15,2019-07-15 09:35:31,1.31,0.8618,1,1.28,0.8421,105,1.3,0.8552,30,1.295,0.8519,823,0
SPY190717C300,2019-07-15,2019-07-15 09:35:31,1.31,0.8618,6,1.29,0.8486,48,1.29,0.8486,4,1.3,0.8552,827,4
SPY190717C300,2019-07-15,2019-07-15 09:35:32,1.31,0.8618,20,1.29,0.8486,66,1.29,0.8486,4,1.3,0.8552,827,0
SPY190717C300,2019-07-15,2019-07-15 09:35:32,1.31,0.8618,88,1.28,0.8421,48,1.29,0.8486,4,1.295,0.8519,827,0
SPY190717C300,2019-07-15,2019-07-15 09:35:33,1.31,0.8618,6,1.29,0.8486,48,1.29,0.8486,4,1.3,0.8552,827,0
SPY190717C300,2019-07-15,2019-07-15 09:35:33,1.31,0.8618,6,1.28,0.8421,48,1.29,0.8486,4,1.295,0.8519,827,0
SPY190717C300,2019-07-15,2019-07-15 09:35:34,1.31,0.8618,6,1.29,0.8486,66,1.29,0.8486,4,1.3,0.8552,827,0
SPY190717C300,2019-07-15,2019-07-15 09:35:35,1.31,0.8618,96,1.28,0.8421,60,1.29,0.8486,4,1.295,0.8519,827,0
SPY190717C300,2019-07-15,2019-07-15 09:35:35,1.31,0.8618,6,1.29,0.8486,48,1.29,0.8486,4,1.3,0.8552,827,0
SPY190717C300,2019-07-15,2019-07-15 09:35:37,1.31,0.8618,6,1.29,0.8486,66,1.29,0.8486,4,1.3,0.8552,827,0
SPY190717C300,2019-07-15,2019-07-15 09:35:38,1.31,0.8618,10,1.29,0.8486,66,1.29,0.8486,4,1.3,0.8552,827,0
SPY190717C300,2019-07-15,2019-07-15 09:35:38,1.31,0.8618,10,1.29,0.8486,90,1.29,0.8486,4,1.3,0.8552,827,0
SPY190717C300,2019-07-15,2019-07-15 09:35:39,1.31,0.8618,10,1.29,0.8486,140,1.29,0.8486,4,1.3,0.8552,827,0
SPY190717C300,2019-07-15,2019-07-15 09:35:40,1.31,0.8618,6,1.29,0.8486,60,1.29,0.8486,4,1.3,0.8552,827,0
SPY190717C300,2019-07-15,2019-07-15 09:35:40,1.31,0.8618,6,1.29,0.8486,140,1.29,0.8486,4,1.3,0.8552,827,0
SPY190717C300,2019-07-15,2019-07-15 09:35:41,1.31,0.8618,30,1.29,0.8486,60,1.29,0.8486,4,1.3,0.8552,827,0
SPY190717C300,2019-07-15,2019-07-15 09:35:42,1.31,0.8618,126,1.28,0.8421,66,1.29,0.8486,4,1.295,0.8519,827,0
SPY190717C300,2019-07-15,2019-07-15 09:35:42,1.31,0.8618,126,1.28,0.8421,140,1.29,0.8486,4,1.295,0.8519,827,0
SPY190717C300,2019-07-15,2019-07-15 09:35:43,1.31,0.8618,166,1.28,0.8421,66,1.29,0.8486,4,1.295,0.8519,827,0
SPY190717C300,2019-07-15,2019-07-15 09:35:44,1.31,0.8618,166,1.28,0.8421,60,1.29,0.8486,4,1.295,0.8519,827,0
SPY190717C300,2019-07-15,2019-07-15 09:35:44,1.31,0.8618,166,1.28,0.8421,66,1.29,0.8486,4,1.295,0.8519,827,0
SPY190717C300,2019-07-15,2019-07-15 09:35:45,1.31,0.8618,166,1.28,0.8421,60,1.29,0.8486,4,1.295,0.8519,827,0
SPY190717C300,2019-07-15,2019-07-15 09:35:45,1.3,0.8552,105,1.26,0.8289,60,1.29,0.8486,4,1.28,0.8421,827,0
SPY190717C300,2019-07-15,2019-07-15 09:35:46,1.29,0.8486,135,1.26,0.8289,66,1.29,0.8486,4,1.275,0.8388,827,0
SPY190717C300,2019-07-15,2019-07-15 09:35:47,1.29,0.8486,262,1.26,0.8289,66,1.29,0.8486,4,1.275,0.8388,827,0
SPY190717C300,2019-07-15,2019-07-15 09:35:47,1.29,0.8486,135,1.26,0.8289,66,1.29,0.8486,4,1.275,0.8388,827,0
SPY190717C300,2019-07-15,2019-07-15 09:35:48,1.29,0.8486,167,1.26,0.8289,66,1.29,0.8486,4,1.275,0.8388,827,0
SPY190717C300,2019-07-15,2019-07-15 09:35:48,1.29,0.8486,299,1.26,0.8289,66,1.29,0.8486,4,1.275,0.8388,827,0
SPY190717C300,2019-07-15,2019-07-15 09:35:49,1.29,0.8486,127,1.25,0.8223,46,1.28,0.8421,2,1.27,0.8355,829,2
SPY190717C300,2019-07-15,2019-07-15 09:35:49,1.29,0.8486,167,1.26,0.8289,66,1.29,0.8486,4,1.275,0.8388,827,0
SPY190717C300,2019-07-15,2019-07-15 09:35:50,1.29,0.8486,197,1.26,0.8289,40,1.28,0.8421,2,1.275,0.8388,829,0
SPY190717C300,2019-07-15,2019-07-15 09:35:51,1.28,0.8421,10,1.26,0.8289,40,1.28,0.8421,2,1.27,0.8355,829,0
SPY190717C300,2019-07-15,2019-07-15 09:35:51,1.29,0.8486,197,1.26,0.8289,40,1.28,0.8421,2,1.275,0.8388,829,0
SPY190717C300,2019-07-15,2019-07-15 09:35:52,1.28,0.8421,2,1.27,0.8355,140,1.28,0.8421,2,1.275,0.8388,829,0
SPY190717C300,2019-07-15,2019-07-15 09:35:52,1.28,0.8421,2,1.27,0.8355,100,1.28,0.8421,2,1.275,0.8388,829,0
SPY190717C300,2019-07-15,2019-07-15 09:35:53,1.28,0.8421,2,1.27,0.8355,186,1.28,0.8421,2,1.275,0.8388,829,0
SPY190717C300,2019-07-15,2019-07-15 09:35:54,1.28,0.8421,6,1.26,0.8289,140,1.28,0.8421,2,1.27,0.8355,829,0
SPY190717C300,2019-07-15,2019-07-15 09:35:54,1.28,0.8421,2,1.27,0.8355,140,1.28,0.8421,2,1.275,0.8388,829,0
SPY190717C300,2019-07-15,2019-07-15 09:35:55,1.28,0.8421,6,1.26,0.8289,72,1.28,0.8421,2,1.27,0.8355,829,0
SPY190717C300,2019-07-15,2019-07-15 09:35:56,1.28,0.8421,6,1.26,0.8289,50,1.28,0.8421,2,1.27,0.8355,829,0
SPY190717C300,2019-07-15,2019-07-15 09:35:56,1.28,0.8421,6,1.26,0.8289,70,1.28,0.8421,2,1.27,0.8355,829,0
SPY190717C300,2019-07-15,2019-07-15 09:35:57,1.28,0.8421,2,1.27,0.8355,40,1.28,0.8421,2,1.275,0.8388,829,0
SPY190717C300,2019-07-15,2019-07-15 09:35:57,1.28,0.8421,2,1.27,0.8355,140,1.28,0.8421,2,1.275,0.8388,829,0
SPY190717C300,2019-07-15,2019-07-15 09:35:58,1.28,0.8421,2,1.27,0.8355,60,1.27,0.8355,2,1.275,0.8388,831,2
SPY190717C300,2019-07-15,2019-07-15 09:35:59,1.28,0.8421,2,1.27,0.8355,1,1.27,0.8355,2,1.275,0.8388,831,0
SPY190717C300,2019-07-15,2019-07-15 09:35:59,1.28,0.8421,2,1.26,0.8289,140,1.27,0.8355,2,1.27,0.8355,831,0
SPY190717C300,2019-07-15,2019-07-15 09:36:00,1.28,0.8421,2,1.27,0.8355,140,1.27,0.8355,2,1.275,0.8388,831,0
SPY190717C300,2019-07-15,2019-07-15 09:36:01,1.28,0.8421,2,1.27,0.8355,140,1.27,0.8355,2,1.275,0.8388,831,0
SPY190717C300,2019-07-15,2019-07-15 09:36:01,1.3,0.8552,127,1.28,0.8421,1,1.28,0.8421,1,1.29,0.8486,834,3
SPY190717C300,2019-07-15,2019-07-15 09:36:02,1.31,0.8618,131,1.29,0.8486,100,1.28,0.8421,1,1.3,0.8552,834,0
SPY190717C300,2019-07-15,2019-07-15 09:36:03,1.31,0.8618,131,1.29,0.8486,100,1.28,0.8421,1,1.3,0.8552,834,0
SPY190717C300,2019-07-15,2019-07-15 09:36:04,1.3,0.8552,6,1.29,0.8486,100,1.28,0.8421,1,1.295,0.8519,834,0
SPY190717C300,2019-07-15,2019-07-15 09:36:04,1.31,0.8618,125,1.29,0.8486,140,1.28,0.8421,1,1.3,0.8552,834,0
SPY190717C300,2019-07-15,2019-07-15 09:36:05,1.3,0.8552,110,1.28,0.8421,140,1.28,0.8421,1,1.29,0.8486,834,0
SPY190717C300,2019-07-15,2019-07-15 09:36:06,1.3,0.8552,1,1.28,0.8421,140,1.28,0.8421,1,1.29,0.8486,834,0
SPY190717C300,2019-07-15,2019-07-15 09:36:07,1.3,0.8552,1,1.28,0.8421,217,1.28,0.8421,1,1.29,0.8486,834,0
SPY190717C300,2019-07-15,2019-07-15 09:36:08,1.3,0.8552,1,1.28,0.8421,217,1.28,0.8421,1,1.29,0.8486,834,0
SPY190717C300,2019-07-15,2019-07-15 09:36:09,1.3,0.8552,1,1.28,0.8421,217,1.28,0.8421,1,1.29,0.8486,834,0
SPY190717C300,2019-07-15,2019-07-15 09:36:10,1.3,0.8552,1,1.29,0.8486,40,1.28,0.8421,1,1.295,0.8519,834,0
SPY190717C300,2019-07-15,2019-07-15 09:36:10,1.3,0.8552,1,1.28,0.8421,217,1.28,0.8421,1,1.29,0.8486,834,0
SPY190717C300,2019-07-15,2019-07-15 09:36:11,1.3,0.8552,1,1.29,0.8486,66,1.29,0.8486,1,1.295,0.8519,835,0
SPY190717C300,2019-07-15,2019-07-15 09:36:11,1.3,0.8552,1,1.29,0.8486,66,1.29,0.8486,1,1.295,0.8519,835,1
SPY190717C300,2019-07-15,2019-07-15 09:36:12,1.3,0.8552,1,1.28,0.8421,194,1.29,0.8486,1,1.29,0.8486,835,0
SPY190717C300,2019-07-15,2019-07-15 09:36:13,1.3,0.8552,1,1.29,0.8486,66,1.29,0.8486,1,1.295,0.8519,835,0
SPY190717C300,2019-07-15,2019-07-15 09:36:13,1.3,0.8552,1,1.29,0.8486,26,1.29,0.8486,1,1.295,0.8519,835,0
SPY190717C300,2019-07-15,2019-07-15 09:36:14,1.32,0.8684,93,1.3,0.8552,140,1.3,0.8552,1,1.31,0.8618,836,1
SPY190717C300,2019-07-15,2019-07-15 09:36:14,1.32,0.8684,103,1.3,0.8552,140,1.3,0.8552,1,1.31,0.8618,836,0
SPY190717C300,2019-07-15,2019-07-15 09:36:15,1.33,0.875,290,1.3,0.8552,140,1.3,0.8552,1,1.315,0.8651,836,0
SPY190717C300,2019-07-15,2019-07-15 09:36:16,1.33,0.875,290,1.3,0.8552,84,1.3,0.8552,1,1.315,0.8651,836,0
SPY190717C300,2019-07-15,2019-07-15 09:36:16,1.33,0.875,290,1.3,0.8552,140,1.3,0.8552,1,1.315,0.8651,836,0
SPY190717C300,2019-07-15,2019-07-15 09:36:17,1.34,0.8815,116,1.31,0.8618,130,1.3,0.8552,1,1.325,0.8717,836,0
SPY190717C300,2019-07-15,2019-07-15 09:36:17,1.34,0.8815,121,1.31,0.8618,130,1.3,0.8552,1,1.325,0.8717,836,0
SPY190717C300,2019-07-15,2019-07-15 09:36:18,1.34,0.8815,115,1.31,0.8618,130,1.3,0.8552,1,1.325,0.8717,836,0
SPY190717C300,2019-07-15,2019-07-15 09:36:18,1.34,0.8815,100,1.31,0.8618,130,1.3,0.8552,1,1.325,0.8717,836,0
SPY190717C300,2019-07-15,2019-07-15 09:36:19,1.34,0.8815,115,1.31,0.8618,130,1.3,0.8552,1,1.325,0.8717,836,0
SPY190717C300,2019-07-15,2019-07-15 09:36:20,1.34,0.8815,115,1.31,0.8618,184,1.3,0.8552,1,1.325,0.8717,836,0
SPY190717C300,2019-07-15,2019-07-15 09:36:20,1.34,0.8815,110,1.31,0.8618,229,1.3,0.8552,1,1.325,0.8717,836,0
SPY190717C300,2019-07-15,2019-07-15 09:36:21,1.34,0.8815,110,1.31,0.8618,130,1.3,0.8552,1,1.325,0.8717,836,0
SPY190717C300,2019-07-15,2019-07-15 09:36:22,1.34,0.8815,110,1.31,0.8618,130,1.3,0.8552,1,1.325,0.8717,836,0
SPY190717C300,2019-07-15,2019-07-15 09:36:23,1.34,0.8815,110,1.31,0.8618,176,1.3,0.8552,1,1.325,0.8717,836,0
SPY190717C300,2019-07-15,2019-07-15 09:36:24,1.36,0.8947,115,1.33,0.875,130,1.3,0.8552,1,1.345,0.8848,836,0
SPY190717C300,2019-07-15,2019-07-15 09:36:24,1.34,0.8815,80,1.32,0.8684,56,1.3,0.8552,1,1.33,0.875,836,0
SPY190717C300,2019-07-15,2019-07-15 09:36:25,1.36,0.8947,115,1.33,0.875,50,1.3,0.8552,1,1.345,0.8848,836,0
SPY190717C300,2019-07-15,2019-07-15 09:36:26,1.35,0.8881,130,1.32,0.8684,100,1.35,0.8881,3,1.335,0.8782,839,0
SPY190717C300,2019-07-15,2019-07-15 09:36:26,1.35,0.8881,115,1.32,0.8684,100,1.35,0.8881,3,1.335,0.8782,839,3
SPY190717C300,2019-07-15,2019-07-15 09:36:27,1.35,0.8881,148,1.32,0.8684,130,1.35,0.8881,3,1.335,0.8782,839,0
SPY190717C300,2019-07-15,2019-07-15 09:36:28,1.36,0.8947,149,1.33,0.875,130,1.35,0.8881,3,1.345,0.8848,839,0
SPY190717C300,2019-07-15,2019-07-15 09:36:28,1.36,0.8947,150,1.33,0.875,54,1.35,0.8881,3,1.345,0.8848,839,0
SPY190717C300,2019-07-15,2019-07-15 09:36:29,1.36,0.8947,150,1.33,0.875,54,1.35,0.8881,3,1.345,0.8848,839,0
SPY190717C300,2019-07-15,2019-07-15 09:36:30,1.36,0.8947,177,1.33,0.875,54,1.35,0.8881,3,1.345,0.8848,839,0
SPY190717C300,2019-07-15,2019-07-15 09:36:30,1.36,0.8947,266,1.33,0.875,54,1.35,0.8881,3,1.345,0.8848,839,0
SPY190717C300,2019-07-15,2019-07-15 09:36:31,1.36,0.8947,217,1.33,0.875,50,1.35,0.8881,3,1.345,0.8848,839,0
SPY190717C300,2019-07-15,2019-07-15 09:36:31,1.36,0.8947,266,1.33,0.875,54,1.35,0.8881,3,1.345,0.8848,839,0
SPY190717C300,2019-07-15,2019-07-15 09:36:32,1.35,0.8881,76,1.33,0.875,50,1.35,0.8881,3,1.34,0.8815,839,0
SPY190717C300,2019-07-15,2019-07-15 09:36:33,1.35,0.8881,100,1.32,0.8684,100,1.35,0.8881,3,1.335,0.8782,839,0
SPY190717C300,2019-07-15,2019-07-15 09:36:33,1.35,0.8881,10,1.33,0.875,36,1.35,0.8881,3,1.34,0.8815,839,0
SPY190717C300,2019-07-15,2019-07-15 09:36:34,1.36,0.8947,149,1.33,0.875,36,1.35,0.8881,3,1.345,0.8848,839,0
SPY190717C300,2019-07-15,2019-07-15 09:36:34,1.36,0.8947,149,1.33,0.875,52,1.35,0.8881,3,1.345,0.8848,839,0
SPY190717C300,2019-07-15,2019-07-15 09:36:35,1.36,0.8947,192,1.33,0.875,52,1.35,0.8881,3,1.345,0.8848,839,0
SPY190717C300,2019-07-15,2019-07-15 09:36:36,1.36,0.8947,192,1.33,0.875,56,1.35,0.8881,3,1.345,0.8848,839,0
SPY190717C300,2019-07-15,2019-07-15 09:36:37,1.35,0.8881,110,1.33,0.875,30,1.35,0.8881,3,1.34,0.8815,839,0
SPY190717C300,2019-07-15,2019-07-15 09:36:37,1.36,0.8947,192,1.32,0.8684,65,1.35,0.8881,3,1.34,0.8815,839,0
SPY190717C300,2019-07-15,2019-07-15 09:36:38,1.35,0.8881,218,1.32,0.8684,51,1.35,0.8881,10,1.335,0.8782,849,10
SPY190717C300,2019-07-15,2019-07-15 09:36:39,1.35,0.8881,238,1.32,0.8684,65,1.32,0.8684,1,1.335,0.8782,850,1
SPY190717C300,2019-07-15,2019-07-15 09:36:39,1.35,0.8881,238,1.32,0.8684,65,1.35,0.8881,10,1.335,0.8782,849,0
SPY190717C300,2019-07-15,2019-07-15 09:36:40,1.34,0.8815,10,1.32,0.8684,65,1.34,0.8815,1,1.33,0.875,851,1
SPY190717C300,2019-07-15,2019-07-15 09:36:41,1.34,0.8815,89,1.32,0.8684,65,1.34,0.8815,1,1.33,0.875,851,0
SPY190717C300,2019-07-15,2019-07-15 09:36:41,1.33,0.875,1,1.32,0.8684,65,1.34,0.8815,1,1.325,0.8717,851,0
SPY190717C300,2019-07-15,2019-07-15 09:36:42,1.33,0.875,11,1.31,0.8618,88,1.34,0.8815,1,1.32,0.8684,852,0
SPY190717C300,2019-07-15,2019-07-15 09:36:42,1.33,0.875,1,1.31,0.8618,102,1.34,0.8815,1,1.32,0.8684,852,1
SPY190717C300,2019-07-15,2019-07-15 09:36:43,1.33,0.875,11,1.31,0.8618,90,1.34,0.8815,1,1.32,0.8684,852,0
SPY190717C300,2019-07-15,2019-07-15 09:36:44,1.33,0.875,21,1.31,0.8618,95,1.33,0.875,1,1.32,0.8684,853,1
SPY190717C300,2019-07-15,2019-07-15 09:36:45,1.33,0.875,21,1.31,0.8618,58,1.33,0.875,1,1.32,0.8684,853,0
SPY190717C300,2019-07-15,2019-07-15 09:36:46,1.33,0.875,21,1.31,0.8618,50,1.33,0.875,1,1.32,0.8684,853,0
SPY190717C300,2019-07-15,2019-07-15 09:36:46,1.33,0.875,21,1.31,0.8618,56,1.33,0.875,1,1.32,0.8684,853,0
SPY190717C300,2019-07-15,2019-07-15 09:36:47,1.33,0.875,95,1.31,0.8618,30,1.33,0.875,1,1.32,0.8684,853,0
SPY190717C300,2019-07-15,2019-07-15 09:36:48,1.33,0.875,225,1.31,0.8618,30,1.33,0.875,1,1.32,0.8684,853,0
SPY190717C300,2019-07-15,2019-07-15 09:36:48,1.31,0.8618,21,1.3,0.8552,45,1.33,0.875,1,1.305,0.8585,853,0
SPY190717C300,2019-07-15,2019-07-15 09:36:49,1.31,0.8618,21,1.3,0.8552,45,1.33,0.875,1,1.305,0.8585,853,0
SPY190717C300,2019-07-15,2019-07-15 09:36:50,1.33,0.875,282,1.3,0.8552,56,1.33,0.875,1,1.315,0.8651,853,0
SPY190717C300,2019-07-15,2019-07-15 09:36:50,1.31,0.8618,1,1.3,0.8552,45,1.33,0.875,1,1.305,0.8585,853,0
SPY190717C300,2019-07-15,2019-07-15 09:36:51,1.33,0.875,215,1.3,0.8552,139,1.3,0.8552,1,1.315,0.8651,854,1
SPY190717C300,2019-07-15,2019-07-15 09:36:52,1.33,0.875,215,1.3,0.8552,139,1.3,0.8552,1,1.315,0.8651,854,0
SPY190717C300,2019-07-15,2019-07-15 09:36:52,1.33,0.875,215,1.3,0.8552,197,1.3,0.8552,1,1.315,0.8651,854,0
SPY190717C300,2019-07-15,2019-07-15 09:36:53,1.33,0.875,215,1.3,0.8552,119,1.3,0.8552,1,1.315,0.8651,854,0
SPY190717C300,2019-07-15,2019-07-15 09:36:54,1.33,0.875,215,1.3,0.8552,119,1.3,0.8552,1,1.315,0.8651,854,0
SPY190717C300,2019-07-15,2019-07-15 09:36:54,1.33,0.875,215,1.3,0.8552,110,1.3,0.8552,1,1.315,0.8651,854,0
SPY190717C300,2019-07-15,2019-07-15 09:36:55,1.33,0.875,215,1.3,0.8552,44,1.3,0.8552,1,1.315,0.8651,854,0
SPY190717C300,2019-07-15,2019-07-15 09:36:56,1.33,0.875,215,1.3,0.8552,44,1.3,0.8552,1,1.315,0.8651,854,0
SPY190717C300,2019-07-15,2019-07-15 09:36:56,1.32,0.8684,20,1.3,0.8552,44,1.3,0.8552,1,1.31,0.8618,854,0
SPY190717C300,2019-07-15,2019-07-15 09:36:57,1.32,0.8684,108,1.3,0.8552,44,1.32,0.8684,1,1.31,0.8618,864,10
SPY190717C300,2019-07-15,2019-07-15 09:36:57,1.32,0.8684,108,1.3,0.8552,44,1.32,0.8684,1,1.31,0.8618,864,0
SPY190717C300,2019-07-15,2019-07-15 09:36:58,1.32,0.8684,108,1.3,0.8552,44,1.32,0.8684,1,1.31,0.8618,864,0
SPY190717C300,2019-07-15,2019-07-15 09:36:59,1.32,0.8684,98,1.3,0.8552,44,1.32,0.8684,1,1.31,0.8618,864,0
SPY190717C300,2019-07-15,2019-07-15 09:36:59,1.32,0.8684,98,1.3,0.8552,36,1.32,0.8684,1,1.31,0.8618,864,0
SPY190717C300,2019-07-15,2019-07-15 09:37:00,1.32,0.8684,108,1.3,0.8552,36,1.32,0.8684,1,1.31,0.8618,864,0
SPY190717C300,2019-07-15,2019-07-15 09:37:01,1.33,0.875,6,1.31,0.8618,6,1.32,0.8684,1,1.32,0.8684,864,0
SPY190717C300,2019-07-15,2019-07-15 09:37:02,1.33,0.875,6,1.31,0.8618,36,1.32,0.8684,1,1.32,0.8684,864,0
SPY190717C300,2019-07-15,2019-07-15 09:37:02,1.33,0.875,10,1.31,0.8618,51,1.32,0.8684,1,1.32,0.8684,864,0
SPY190717C300,2019-07-15,2019-07-15 09:37:03,1.33,0.875,10,1.31,0.8618,56,1.32,0.8684,1,1.32,0.8684,864,0
SPY190717C300,2019-07-15,2019-07-15 09:37:04,1.34,0.8815,115,1.31,0.8618,56,1.32,0.8684,1,1.325,0.8717,864,0
SPY190717C300,2019-07-15,2019-07-15 09:37:04,1.34,0.8815,115,1.31,0.8618,48,1.32,0.8684,1,1.325,0.8717,864,0
SPY190717C300,2019-07-15,2019-07-15 09:37:05,1.34,0.8815,115,1.31,0.8618,56,1.32,0.8684,1,1.325,0.8717,864,0
SPY190717C300,2019-07-15,2019-07-15 09:37:05,1.34,0.8815,115,1.31,0.8618,130,1.32,0.8684,1,1.325,0.8717,864,0
SPY190717C300,2019-07-15,2019-07-15 09:37:06,1.34,0.8815,115,1.31,0.8618,130,1.32,0.8684,1,1.325,0.8717,864,0
SPY190717C300,2019-07-15,2019-07-15 09:37:07,1.34,0.8815,115,1.31,0.8618,130,1.32,0.8684,1,1.325,0.8717,864,0
SPY190717C300,2019-07-15,2019-07-15 09:37:07,1.33,0.875,30,1.32,0.8684,12,1.32,0.8684,1,1.325,0.8717,864,0
SPY190717C300,2019-07-15,2019-07-15 09:37:08,1.33,0.875,36,1.31,0.8618,130,1.32,0.8684,1,1.32,0.8684,864,0
SPY190717C300,2019-07-15,2019-07-15 09:37:09,1.33,0.875,30,1.32,0.8684,12,1.32,0.8684,1,1.325,0.8717,864,0
SPY190717C300,2019-07-15,2019-07-15 09:37:09,1.33,0.875,30,1.31,0.8618,130,1.32,0.8684,1,1.32,0.8684,864,0
SPY190717C300,2019-07-15,2019-07-15 09:37:10,1.33,0.875,36,1.31,0.8618,74,1.32,0.8684,1,1.32,0.8684,864,0
SPY190717C300,2019-07-15,2019-07-15 09:37:10,1.33,0.875,36,1.31,0.8618,68,1.32,0.8684,1,1.32,0.8684,864,0
SPY190717C300,2019-07-15,2019-07-15 09:37:11,1.33,0.875,30,1.32,0.8684,56,1.32,0.8684,1,1.325,0.8717,864,0
SPY190717C300,2019-07-15,2019-07-15 09:37:11,1.33,0.875,36,1.32,0.8684,50,1.32,0.8684,1,1.325,0.8717,864,0
SPY190717C300,2019-07-15,2019-07-15 09:37:12,1.33,0.875,36,1.32,0.8684,30,1.32,0.8684,1,1.325,0.8717,864,0
SPY190717C300,2019-07-15,2019-07-15 09:37:12,1.33,0.875,56,1.32,0.8684,30,1.32,0.8684,1,1.325,0.8717,864,0
SPY190717C300,2019-07-15,2019-07-15 09:37:13,1.33,0.875,36,1.32,0.8684,56,1.32,0.8684,1,1.325,0.8717,864,0
SPY190717C300,2019-07-15,2019-07-15 09:37:14,1.33,0.875,36,1.32,0.8684,36,1.32,0.8684,1,1.325,0.8717,864,0
SPY190717C300,2019-07-15,2019-07-15 09:37:15,1.33,0.875,36,1.32,0.8684,50,1.32,0.8684,1,1.325,0.8717,864,0
SPY190717C300,2019-07-15,2019-07-15 09:37:16,1.33,0.875,36,1.32,0.8684,56,1.32,0.8684,1,1.325,0.8717,864,0
SPY190717C300,2019-07-15,2019-07-15 09:37:16,1.33,0.875,30,1.32,0.8684,50,1.32,0.8684,1,1.325,0.8717,864,0
SPY190717C300,2019-07-15,2019-07-15 09:37:17,1.33,0.875,30,1.32,0.8684,50,1.32,0.8684,1,1.325,0.8717,864,0
SPY190717C300,2019-07-15,2019-07-15 09:37:18,1.33,0.875,30,1.32,0.8684,50,1.32,0.8684,1,1.325,0.8717,864,0
SPY190717C300,2019-07-15,2019-07-15 09:37:19,1.33,0.875,30,1.32,0.8684,50,1.32,0.8684,1,1.325,0.8717,864,0
SPY190717C300,2019-07-15,2019-07-15 09:37:19,1.33,0.875,143,1.31,0.8618,15,1.32,0.8684,1,1.32,0.8684,864,0
SPY190717C300,2019-07-15,2019-07-15 09:37:20,1.33,0.875,143,1.31,0.8618,15,1.32,0.8684,1,1.32,0.8684,864,0
SPY190717C300,2019-07-15,2019-07-15 09:37:21,1.33,0.875,115,1.3,0.8552,210,1.32,0.8684,1,1.315,0.8651,864,0
SPY190717C300,2019-07-15,2019-07-15 09:37:21,1.33,0.875,143,1.3,0.8552,186,1.32,0.8684,1,1.315,0.8651,864,0
SPY190717C300,2019-07-15,2019-07-15 09:37:22,1.33,0.875,148,1.3,0.8552,56,1.32,0.8684,1,1.315,0.8651,864,0
SPY190717C300,2019-07-15,2019-07-15 09:37:22,1.33,0.875,148,1.3,0.8552,210,1.32,0.8684,1,1.315,0.8651,864,0
SPY190717C300,2019-07-15,2019-07-15 09:37:23,1.32,0.8684,93,1.3,0.8552,56,1.32,0.8684,1,1.31,0.8618,864,0
SPY190717C300,2019-07-15,2019-07-15 09:37:23,1.32,0.8684,6,1.3,0.8552,56,1.32,0.8684,1,1.31,0.8618,864,0
SPY190717C300,2019-07-15,2019-07-15 09:37:24,1.31,0.8618,5,1.28,0.8421,185,1.32,0.8684,1,1.295,0.8519,864,0
SPY190717C300,2019-07-15,2019-07-15 09:37:25,1.31,0.8618,110,1.29,0.8486,30,1.32,0.8684,1,1.3,0.8552,864,0
SPY190717C300,2019-07-15,2019-07-15 09:37:25,1.31,0.8618,110,1.29,0.8486,56,1.32,0.8684,1,1.3,0.8552,864,0
SPY190717C300,2019-07-15,2019-07-15 09:37:26,1.31,0.8618,225,1.29,0.8486,30,1.32,0.8684,1,1.3,0.8552,864,0
SPY190717C300,2019-07-15,2019-07-15 09:37:26,1.31,0.8618,100,1.29,0.8486,56,1.32,0.8684,1,1.3,0.8552,864,0
SPY190717C300,2019-07-15,2019-07-15 09:37:27,1.31,0.8618,100,1.28,0.8421,26,1.32,0.8684,1,1.295,0.8519,864,0
SPY190717C300,2019-07-15,2019-07-15 09:37:28,1.3,0.8552,125,1.28,0.8421,40,1.32,0.8684,1,1.29,0.8486,864,0
SPY190717C300,2019-07-15,2019-07-15 09:37:28,1.31,0.8618,225,1.28,0.8421,40,1.32,0.8684,1,1.295,0.8519,864,0
SPY190717C300,2019-07-15,2019-07-15 09:37:29,1.3,0.8552,225,1.27,0.8355,80,1.32,0.8684,1,1.285,0.8453,864,0
SPY190717C300,2019-07-15,2019-07-15 09:37:30,1.3,0.8552,169,1.27,0.8355,60,1.32,0.8684,1,1.285,0.8453,864,0
SPY190717C300,2019-07-15,2019-07-15 09:37:31,1.3,0.8552,470,1.27,0.8355,60,1.32,0.8684,1,1.285,0.8453,864,0
SPY190717C300,2019-07-15,2019-07-15 09:37:31,1.3,0.8552,398,1.27,0.8355,60,1.32,0.8684,1,1.285,0.8453,864,0
SPY190717C300,2019-07-15,2019-07-15 09:37:32,1.3,0.8552,455,1.27,0.8355,66,1.32,0.8684,1,1.285,0.8453,864,0
SPY190717C300,2019-07-15,2019-07-15 09:37:33,1.3,0.8552,225,1.25,0.8223,11,1.32,0.8684,1,1.275,0.8388,864,0
SPY190717C300,2019-07-15,2019-07-15 09:37:34,1.28,0.8421,107,1.26,0.8289,40,1.29,0.8486,3,1.27,0.8355,867,3
SPY190717C300,2019-07-15,2019-07-15 09:37:34,1.28,0.8421,107,1.26,0.8289,40,1.29,0.8486,3,1.27,0.8355,867,0
SPY190717C300,2019-07-15,2019-07-15 09:37:35,1.28,0.8421,107,1.26,0.8289,40,1.29,0.8486,3,1.27,0.8355,867,0
SPY190717C300,2019-07-15,2019-07-15 09:37:35,1.28,0.8421,107,1.25,0.8223,225,1.29,0.8486,3,1.265,0.8322,867,0
SPY190717C300,2019-07-15,2019-07-15 09:37:36,1.28,0.8421,161,1.25,0.8223,225,1.29,0.8486,3,1.265,0.8322,867,0
SPY190717C300,2019-07-15,2019-07-15 09:37:37,1.28,0.8421,82,1.26,0.8289,40,1.29,0.8486,3,1.27,0.8355,867,0
SPY190717C300,2019-07-15,2019-07-15 09:37:37,1.28,0.8421,90,1.25,0.8223,161,1.29,0.8486,3,1.265,0.8322,867,0
SPY190717C300,2019-07-15,2019-07-15 09:37:38,1.28,0.8421,138,1.25,0.8223,125,1.29,0.8486,3,1.265,0.8322,867,0
SPY190717C300,2019-07-15,2019-07-15 09:37:39,1.28,0.8421,227,1.25,0.8223,110,1.27,0.8355,1,1.265,0.8322,868,0
SPY190717C300,2019-07-15,2019-07-15 09:37:39,1.27,0.8355,1,1.25,0.8223,120,1.27,0.8355,1,1.26,0.8289,868,1
SPY190717C300,2019-07-15,2019-07-15 09:37:40,1.27,0.8355,237,1.25,0.8223,11,1.25,0.8223,1,1.26,0.8289,869,1
SPY190717C300,2019-07-15,2019-07-15 09:37:40,1.27,0.8355,237,1.25,0.8223,10,1.25,0.8223,1,1.26,0.8289,869,0
SPY190717C300,2019-07-15,2019-07-15 09:37:41,1.27,0.8355,227,1.25,0.8223,10,1.25,0.8223,1,1.26,0.8289,869,0
SPY190717C300,2019-07-15,2019-07-15 09:37:42,1.27,0.8355,237,1.25,0.8223,10,1.25,0.8223,1,1.26,0.8289,869,0
SPY190717C300,2019-07-15,2019-07-15 09:37:43,1.28,0.8421,127,1.25,0.8223,205,1.25,0.8223,1,1.265,0.8322,869,0
SPY190717C300,2019-07-15,2019-07-15 09:37:43,1.28,0.8421,127,1.25,0.8223,105,1.25,0.8223,1,1.265,0.8322,869,0
SPY190717C300,2019-07-15,2019-07-15 09:37:44,1.28,0.8421,122,1.25,0.8223,228,1.25,0.8223,1,1.265,0.8322,869,0
SPY190717C300,2019-07-15,2019-07-15 09:37:44,1.28,0.8421,122,1.25,0.8223,205,1.25,0.8223,1,1.265,0.8322,869,0
SPY190717C300,2019-07-15,2019-07-15 09:37:45,1.28,0.8421,166,1.25,0.8223,107,1.25,0.8223,1,1.265,0.8322,869,0
SPY190717C300,2019-07-15,2019-07-15 09:37:46,1.28,0.8421,166,1.25,0.8223,107,1.25,0.8223,1,1.265,0.8322,869,0
SPY190717C300,2019-07-15,2019-07-15 09:37:46,1.28,0.8421,166,1.25,0.8223,165,1.25,0.8223,5,1.265,0.8322,874,5
SPY190717C300,2019-07-15,2019-07-15 09:37:47,1.26,0.8289,48,1.25,0.8223,10,1.25,0.8223,5,1.255,0.8256,874,0
SPY190717C300,2019-07-15,2019-07-15 09:37:47,1.26,0.8289,106,1.25,0.8223,10,1.25,0.8223,5,1.255,0.8256,874,0
SPY190717C300,2019-07-15,2019-07-15 09:37:48,1.26,0.8289,76,1.25,0.8223,10,1.25,0.8223,5,1.255,0.8256,874,0
SPY190717C300,2019-07-15,2019-07-15 09:37:49,1.26,0.8289,37,1.25,0.8223,10,1.25,0.8223,5,1.255,0.8256,874,0
SPY190717C300,2019-07-15,2019-07-15 09:37:49,1.27,0.8355,227,1.25,0.8223,10,1.25,0.8223,5,1.26,0.8289,874,0
SPY190717C300,2019-07-15,2019-07-15 09:37:50,1.27,0.8355,42,1.25,0.8223,46,1.25,0.8223,5,1.26,0.8289,874,0
SPY190717C300,2019-07-15,2019-07-15 09:37:51,1.28,0.8421,299,1.25,0.8223,46,1.25,0.8223,5,1.265,0.8322,874,0
SPY190717C300,2019-07-15,2019-07-15 09:37:51,1.28,0.8421,227,1.25,0.8223,46,1.25,0.8223,5,1.265,0.8322,874,0
SPY190717C300,2019-07-15,2019-07-15 09:37:52,1.26,0.8289,127,1.25,0.8223,10,1.25,0.8223,5,1.255,0.8256,874,0
SPY190717C300,2019-07-15,2019-07-15 09:37:52,1.27,0.8355,227,1.25,0.8223,10,1.25,0.8223,5,1.26,0.8289,874,0
SPY190717C300,2019-07-15,2019-07-15 09:37:53,1.26,0.8289,127,1.25,0.8223,10,1.25,0.8223,5,1.255,0.8256,874,0
SPY190717C300,2019-07-15,2019-07-15 09:37:54,1.26,0.8289,122,1.25,0.8223,10,1.25,0.8223,5,1.255,0.8256,874,0
SPY190717C300,2019-07-15,2019-07-15 09:37:55,1.26,0.8289,137,1.25,0.8223,10,1.26,0.8289,1,1.255,0.8256,884,10
SPY190717C300,2019-07-15,2019-07-15 09:37:55,1.26,0.8289,137,1.25,0.8223,10,1.26,0.8289,1,1.255,0.8256,884,0
SPY190717C300,2019-07-15,2019-07-15 09:37:56,1.25,0.8223,1,1.23,0.8092,212,1.25,0.8223,10,1.24,0.8157,894,10
SPY190717C300,2019-07-15,2019-07-15 09:37:57,1.25,0.8223,122,1.23,0.8092,42,1.25,0.8223,10,1.24,0.8157,894,0
SPY190717C300,2019-07-15,2019-07-15 09:37:57,1.26,0.8289,169,1.23,0.8092,138,1.25,0.8223,10,1.245,0.819,894,0
SPY190717C300,2019-07-15,2019-07-15 09:37:58,1.25,0.8223,237,1.23,0.8092,40,1.23,0.8092,2,1.24,0.8157,896,2
SPY190717C300,2019-07-15,2019-07-15 09:37:58,1.25,0.8223,237,1.23,0.8092,42,1.25,0.8223,10,1.24,0.8157,894,0
SPY190717C300,2019-07-15,2019-07-15 09:37:59,1.25,0.8223,237,1.23,0.8092,40,1.23,0.8092,2,1.24,0.8157,896,0
SPY190717C300,2019-07-15,2019-07-15 09:38:00,1.26,0.8289,110,1.23,0.8092,142,1.22,0.8026,2,1.245,0.819,898,0
SPY190717C300,2019-07-15,2019-07-15 09:38:00,1.26,0.8289,110,1.23,0.8092,142,1.22,0.8026,2,1.245,0.819,898,2
SPY190717C300,2019-07-15,2019-07-15 09:38:01,1.26,0.8289,110,1.23,0.8092,183,1.22,0.8026,2,1.245,0.819,898,0
SPY190717C300,2019-07-15,2019-07-15 09:38:02,1.26,0.8289,110,1.23,0.8092,183,1.22,0.8026,2,1.245,0.819,898,0
SPY190717C300,2019-07-15,2019-07-15 09:38:02,1.25,0.8223,8,1.23,0.8092,93,1.22,0.8026,2,1.24,0.8157,898,0
SPY190717C300,2019-07-15,2019-07-15 09:38:03,1.25,0.8223,5,1.23,0.8092,311,1.22,0.8026,2,1.24,0.8157,898,0
SPY190717C300,2019-07-15,2019-07-15 09:38:03,1.25,0.8223,5,1.23,0.8092,163,1.22,0.8026,2,1.24,0.8157,898,0
SPY190717C300,2019-07-15,2019-07-15 09:38:04,1.25,0.8223,10,1.23,0.8092,311,1.22,0.8026,2,1.24,0.8157,898,0
SPY190717C300,2019-07-15,2019-07-15 09:38:05,1.24,0.8157,1,1.23,0.8092,40,1.24,0.8157,30,1.235,0.8125,928,30
SPY190717C300,2019-07-15,2019-07-15 09:38:05,1.25,0.8223,10,1.23,0.8092,42,1.22,0.8026,2,1.24,0.8157,898,0
SPY190717C300,2019-07-15,2019-07-15 09:38:06,1.25,0.8223,227,1.23,0.8092,40,1.24,0.8157,30,1.24,0.8157,928,0
SPY190717C300,2019-07-15,2019-07-15 09:38:07,1.25,0.8223,197,1.22,0.8026,143,1.24,0.8157,30,1.235,0.8125,928,0
SPY190717C300,2019-07-15,2019-07-15 09:38:07,1.25,0.8223,141,1.22,0.8026,152,1.24,0.8157,30,1.235,0.8125,928,0
SPY190717C300,2019-07-15,2019-07-15 09:38:08,1.25,0.8223,417,1.22,0.8026,140,1.24,0.8157,30,1.235,0.8125,928,0
SPY190717C300,2019-07-15,2019-07-15 09:38:08,1.25,0.8223,638,1.22,0.8026,143,1.24,0.8157,30,1.235,0.8125,928,0
SPY190717C300,2019-07-15,2019-07-15 09:38:09,1.25,0.8223,550,1.22,0.8026,304,1.25,0.8223,1,1.235,0.8125,929,1
SPY190717C300,2019-07-15,2019-07-15 09:38:10,1.25,0.8223,3,1.22,0.8026,187,1.25,0.8223,1,1.235,0.8125,929,0
SPY190717C300,2019-07-15,2019-07-15 09:38:10,1.25,0.8223,40,1.24,0.8157,40,1.25,0.8223,1,1.245,0.819,929,0
SPY190717C300,2019-07-15,2019-07-15 09:38:11,1.25,0.8223,80,1.24,0.8157,40,1.25,0.8223,1,1.245,0.819,929,0
SPY190717C300,2019-07-15,2019-07-15 09:38:11,1.25,0.8223,96,1.23,0.8092,40,1.25,0.8223,1,1.24,0.8157,929,0
SPY190717C300,2019-07-15,2019-07-15 09:38:12,1.27,0.8355,127,1.24,0.8157,116,1.25,0.8223,3,1.255,0.8256,932,3
SPY190717C300,2019-07-15,2019-07-15 09:38:13,1.27,0.8355,167,1.24,0.8157,199,1.25,0.8223,3,1.255,0.8256,932,0
SPY190717C300,2019-07-15,2019-07-15 09:38:13,1.27,0.8355,167,1.24,0.8157,116,1.25,0.8223,3,1.255,0.8256,932,0
SPY190717C300,2019-07-15,2019-07-15 09:38:14,1.28,0.8421,289,1.25,0.8223,68,1.25,0.8223,3,1.265,0.8322,932,0
SPY190717C300,2019-07-15,2019-07-15 09:38:14,1.27,0.8355,167,1.24,0.8157,116,1.25,0.8223,3,1.255,0.8256,932,0
SPY190717C300,2019-07-15,2019-07-15 09:38:15,1.28,0.8421,238,1.25,0.8223,89,1.25,0.8223,3,1.265,0.8322,932,0
SPY190717C300,2019-07-15,2019-07-15 09:38:16,1.28,0.8421,377,1.25,0.8223,93,1.25,0.8223,5,1.265,0.8322,937,5
SPY190717C300,2019-07-15,2019-07-15 09:38:16,1.28,0.8421,432,1.25,0.8223,72,1.25,0.8223,3,1.265,0.8322,932,0
SPY190717C300,2019-07-15,2019-07-15 09:38:17,1.28,0.8421,138,1.25,0.8223,177,1.25,0.8223,5,1.265,0.8322,937,0
SPY190717C300,2019-07-15,2019-07-15 09:38:18,1.28,0.8421,138,1.25,0.8223,177,1.25,0.8223,5,1.265,0.8322,937,0
SPY190717C300,2019-07-15,2019-07-15 09:38:18,1.28,0.8421,148,1.26,0.8289,12,1.25,0.8223,5,1.27,0.8355,937,0
SPY190717C300,2019-07-15,2019-07-15 09:38:19,1.28,0.8421,148,1.26,0.8289,40,1.25,0.8223,5,1.27,0.8355,937,0
SPY190717C300,2019-07-15,2019-07-15 09:38:19,1.28,0.8421,88,1.26,0.8289,40,1.25,0.8223,5,1.27,0.8355,937,0
SPY190717C300,2019-07-15,2019-07-15 09:38:20,1.28,0.8421,138,1.25,0.8223,170,1.25,0.8223,5,1.265,0.8322,937,0
SPY190717C300,2019-07-15,2019-07-15 09:38:20,1.28,0.8421,138,1.25,0.8223,227,1.25,0.8223,5,1.265,0.8322,937,0
SPY190717C300,2019-07-15,2019-07-15 09:38:21,1.28,0.8421,454,1.25,0.8223,128,1.25,0.8223,5,1.265,0.8322,937,0
SPY190717C300,2019-07-15,2019-07-15 09:38:21,1.28,0.8421,138,1.25,0.8223,170,1.25,0.8223,5,1.265,0.8322,937,0
SPY190717C300,2019-07-15,2019-07-15 09:38:22,1.28,0.8421,454,1.25,0.8223,148,1.25,0.8223,5,1.265,0.8322,937,0
SPY190717C300,2019-07-15,2019-07-15 09:38:23,1.28,0.8421,454,1.25,0.8223,148,1.25,0.8223,5,1.265,0.8322,937,0
SPY190717C300,2019-07-15,2019-07-15 09:38:24,1.28,0.8421,454,1.25,0.8223,113,1.25,0.8223,5,1.265,0.8322,937,0
SPY190717C300,2019-07-15,2019-07-15 09:38:24,1.27,0.8355,166,1.25,0.8223,38,1.25,0.8223,5,1.26,0.8289,937,0
SPY190717C300,2019-07-15,2019-07-15 09:38:25,1.27,0.8355,155,1.25,0.8223,32,1.25,0.8223,5,1.26,0.8289,937,0
SPY190717C300,2019-07-15,2019-07-15 09:38:25,1.27,0.8355,227,1.25,0.8223,32,1.25,0.8223,5,1.26,0.8289,937,0
SPY190717C300,2019-07-15,2019-07-15 09:38:26,1.27,0.8355,394,1.25,0.8223,32,1.25,0.8223,5,1.26,0.8289,937,0
SPY190717C300,2019-07-15,2019-07-15 09:38:27,1.26,0.8289,425,1.23,0.8092,46,1.25,0.8223,1,1.245,0.819,988,51
SPY190717C300,2019-07-15,2019-07-15 09:38:28,1.25,0.8223,120,1.23,0.8092,46,1.25,0.8223,1,1.24,0.8157,988,0
SPY190717C300,2019-07-15,2019-07-15 09:38:29,1.25,0.8223,97,1.23,0.8092,46,1.25,0.8223,1,1.24,0.8157,988,0
SPY190717C300,2019-07-15,2019-07-15 09:38:30,1.26,0.8289,80,1.24,0.8157,46,1.25,0.8223,1,1.25,0.8223,988,0
SPY190717C300,2019-07-15,2019-07-15 09:38:31,1.27,0.8355,27,1.25,0.8223,84,1.25,0.8223,1,1.26,0.8289,988,0
SPY190717C300,2019-07-15,2019-07-15 09:38:31,1.26,0.8289,90,1.24,0.8157,46,1.25,0.8223,1,1.25,0.8223,988,0
SPY190717C300,2019-07-15,2019-07-15 09:38:32,1.28,0.8421,213,1.25,0.8223,84,1.25,0.8223,1,1.265,0.8322,988,0
SPY190717C300,2019-07-15,2019-07-15 09:38:32,1.28,0.8421,138,1.25,0.8223,115,1.25,0.8223,1,1.265,0.8322,988,0
SPY190717C300,2019-07-15,2019-07-15 09:38:37,1.26,0.8289,88,1.24,0.8157,40,1.25,0.8223,1,1.25,0.8223,988,0
SPY190717C300,2019-07-15,2019-07-15 09:38:38,1.26,0.8289,161,1.23,0.8092,140,1.25,0.8223,1,1.245,0.819,988,0
SPY190717C300,2019-07-15,2019-07-15 09:38:38,1.26,0.8289,161,1.23,0.8092,146,1.25,0.8223,1,1.245,0.819,988,0
SPY190717C300,2019-07-15,2019-07-15 09:38:39,1.26,0.8289,77,1.23,0.8092,282,1.25,0.8223,1,1.245,0.819,988,0
SPY190717C300,2019-07-15,2019-07-15 09:38:39,1.26,0.8289,92,1.23,0.8092,282,1.25,0.8223,1,1.245,0.819,988,0
SPY190717C300,2019-07-15,2019-07-15 09:38:40,1.26,0.8289,192,1.23,0.8092,110,1.25,0.8223,1,1.245,0.819,988,0
SPY190717C300,2019-07-15,2019-07-15 09:38:40,1.26,0.8289,192,1.23,0.8092,127,1.25,0.8223,1,1.245,0.819,988,0
SPY190717C300,2019-07-15,2019-07-15 09:38:41,1.26,0.8289,242,1.23,0.8092,124,1.25,0.8223,1,1.245,0.819,988,0
SPY190717C300,2019-07-15,2019-07-15 09:38:42,1.26,0.8289,35,1.23,0.8092,64,1.25,0.8223,1,1.245,0.819,988,0
SPY190717C300,2019-07-15,2019-07-15 09:38:42,1.26,0.8289,98,1.23,0.8092,191,1.25,0.8223,1,1.245,0.819,988,0
SPY190717C300,2019-07-15,2019-07-15 09:38:43,1.26,0.8289,260,1.23,0.8092,46,1.25,0.8223,1,1.245,0.819,988,0
SPY190717C300,2019-07-15,2019-07-15 09:38:43,1.26,0.8289,300,1.23,0.8092,46,1.25,0.8223,1,1.245,0.819,988,0
SPY190717C300,2019-07-15,2019-07-15 09:38:44,1.26,0.8289,325,1.23,0.8092,46,1.25,0.8223,1,1.245,0.819,988,0
SPY190717C300,2019-07-15,2019-07-15 09:38:45,1.26,0.8289,325,1.23,0.8092,46,1.25,0.8223,1,1.245,0.819,988,0
SPY190717C300,2019-07-15,2019-07-15 09:38:46,1.26,0.8289,254,1.23,0.8092,100,1.25,0.8223,1,1.245,0.819,988,0
SPY190717C300,2019-07-15,2019-07-15 09:38:46,1.26,0.8289,127,1.23,0.8092,192,1.25,0.8223,1,1.245,0.819,988,0
SPY190717C300,2019-07-15,2019-07-15 09:38:47,1.25,0.8223,127,1.23,0.8092,100,1.25,0.8223,1,1.24,0.8157,988,0
SPY190717C300,2019-07-15,2019-07-15 09:38:47,1.25,0.8223,5,1.23,0.8092,100,1.25,0.8223,1,1.24,0.8157,988,0
SPY190717C300,2019-07-15,2019-07-15 09:38:48,1.25,0.8223,158,1.23,0.8092,23,1.25,0.8223,1,1.24,0.8157,988,0
SPY190717C300,2019-07-15,2019-07-15 09:38:49,1.25,0.8223,167,1.23,0.8092,23,1.25,0.8223,1,1.24,0.8157,988,0
SPY190717C300,2019-07-15,2019-07-15 09:38:50,1.25,0.8223,167,1.23,0.8092,23,1.25,0.8223,1,1.24,0.8157,988,0
SPY190717C300,2019-07-15,2019-07-15 09:38:51,1.25,0.8223,167,1.23,0.8092,23,1.25,0.8223,1,1.24,0.8157,988,0
SPY190717C300,2019-07-15,2019-07-15 09:38:52,1.25,0.8223,5,1.22,0.8026,105,1.25,0.8223,1,1.235,0.8125,988,0
SPY190717C300,2019-07-15,2019-07-15 09:38:52,1.25,0.8223,191,1.23,0.8092,23,1.25,0.8223,1,1.24,0.8157,988,0
SPY190717C300,2019-07-15,2019-07-15 09:38:53,1.25,0.8223,37,1.23,0.8092,46,1.23,0.8092,3,1.24,0.8157,991,3
SPY190717C300,2019-07-15,2019-07-15 09:38:53,1.25,0.8223,100,1.22,0.8026,279,1.25,0.8223,1,1.235,0.8125,988,0
SPY190717C300,2019-07-15,2019-07-15 09:38:54,1.26,0.8289,187,1.23,0.8092,173,1.23,0.8092,3,1.245,0.819,991,0
SPY190717C300,2019-07-15,2019-07-15 09:38:55,1.26,0.8289,110,1.23,0.8092,173,1.23,0.8092,3,1.245,0.819,991,0
SPY190717C300,2019-07-15,2019-07-15 09:38:56,1.26,0.8289,165,1.23,0.8092,109,1.23,0.8092,3,1.245,0.819,991,0
SPY190717C300,2019-07-15,2019-07-15 09:38:56,1.26,0.8289,128,1.23,0.8092,182,1.23,0.8092,3,1.245,0.819,991,0
SPY190717C300,2019-07-15,2019-07-15 09:38:57,1.26,0.8289,122,1.23,0.8092,319,1.23,0.8092,3,1.245,0.819,991,0
SPY190717C300,2019-07-15,2019-07-15 09:38:57,1.26,0.8289,132,1.23,0.8092,242,1.23,0.8092,3,1.245,0.819,991,0
SPY190717C300,2019-07-15,2019-07-15 09:38:58,1.26,0.8289,122,1.23,0.8092,274,1.23,0.8092,3,1.245,0.819,991,0
SPY190717C300,2019-07-15,2019-07-15 09:38:59,1.26,0.8289,122,1.23,0.8092,274,1.23,0.8092,3,1.245,0.819,991,0
SPY190717C300,2019-07-15,2019-07-15 09:38:59,1.26,0.8289,137,1.24,0.8157,40,1.23,0.8092,3,1.25,0.8223,991,0
SPY190717C300,2019-07-15,2019-07-15 09:39:00,1.26,0.8289,132,1.24,0.8157,40,1.23,0.8092,3,1.25,0.8223,991,0
SPY190717C300,2019-07-15,2019-07-15 09:39:01,1.26,0.8289,122,1.24,0.8157,40,1.23,0.8092,3,1.25,0.8223,991,0
SPY190717C300,2019-07-15,2019-07-15 09:39:02,1.26,0.8289,92,1.23,0.8092,227,1.25,0.8223,12,1.245,0.819,1003,12
SPY190717C300,2019-07-15,2019-07-15 09:39:02,1.26,0.8289,132,1.24,0.8157,40,1.23,0.8092,3,1.25,0.8223,991,0
SPY190717C300,2019-07-15,2019-07-15 09:39:03,1.26,0.8289,37,1.24,0.8157,40,1.25,0.8223,12,1.25,0.8223,1003,0
SPY190717C300,2019-07-15,2019-07-15 09:39:04,1.26,0.8289,29,1.24,0.8157,100,1.25,0.8223,12,1.25,0.8223,1003,0
SPY190717C300,2019-07-15,2019-07-15 09:39:04,1.26,0.8289,37,1.24,0.8157,100,1.25,0.8223,12,1.25,0.8223,1003,0
SPY190717C300,2019-07-15,2019-07-15 09:39:05,1.26,0.8289,31,1.24,0.8157,66,1.25,0.8223,12,1.25,0.8223,1003,0
SPY190717C300,2019-07-15,2019-07-15 09:39:06,1.26,0.8289,6,1.24,0.8157,66,1.25,0.8223,12,1.25,0.8223,1003,0
SPY190717C300,2019-07-15,2019-07-15 09:39:06,1.26,0.8289,79,1.24,0.8157,66,1.25,0.8223,12,1.25,0.8223,1003,0
SPY190717C300,2019-07-15,2019-07-15 09:39:07,1.26,0.8289,89,1.24,0.8157,48,1.25,0.8223,12,1.25,0.8223,1003,0
SPY190717C300,2019-07-15,2019-07-15 09:39:07,1.26,0.8289,164,1.23,0.8092,227,1.25,0.8223,12,1.245,0.819,1003,0
SPY190717C300,2019-07-15,2019-07-15 09:39:08,1.26,0.8289,164,1.23,0.8092,227,1.25,0.8223,12,1.245,0.819,1003,0
SPY190717C300,2019-07-15,2019-07-15 09:39:09,1.26,0.8289,164,1.24,0.8157,12,1.25,0.8223,12,1.25,0.8223,1003,0
SPY190717C300,2019-07-15,2019-07-15 09:39:09,1.26,0.8289,164,1.24,0.8157,39,1.25,0.8223,12,1.25,0.8223,1003,0
SPY190717C300,2019-07-15,2019-07-15 09:39:10,1.26,0.8289,82,1.24,0.8157,39,1.25,0.8223,12,1.25,0.8223,1003,0
SPY190717C300,2019-07-15,2019-07-15 09:39:11,1.26,0.8289,127,1.23,0.8092,150,1.25,0.8223,12,1.245,0.819,1003,0
SPY190717C300,2019-07-15,2019-07-15 09:39:11,1.26,0.8289,92,1.23,0.8092,132,1.25,0.8223,12,1.245,0.819,1003,0
SPY190717C300,2019-07-15,2019-07-15 09:39:12,1.26,0.8289,75,1.24,0.8157,40,1.25,0.8223,12,1.25,0.8223,1003,0
SPY190717C300,2019-07-15,2019-07-15 09:39:12,1.27,0.8355,290,1.24,0.8157,168,1.25,0.8223,12,1.255,0.8256,1003,0
SPY190717C300,2019-07-15,2019-07-15 09:39:13,1.27,0.8355,290,1.24,0.8157,68,1.25,0.8223,12,1.255,0.8256,1003,0
SPY190717C300,2019-07-15,2019-07-15 09:39:14,1.27,0.8355,213,1.24,0.8157,66,1.25,0.8223,12,1.255,0.8256,1003,0
SPY190717C300,2019-07-15,2019-07-15 09:39:14,1.26,0.8289,40,1.24,0.8157,66,1.25,0.8223,12,1.25,0.8223,1003,0
SPY190717C300,2019-07-15,2019-07-15 09:39:15,1.27,0.8355,264,1.24,0.8157,66,1.25,0.8223,12,1.255,0.8256,1003,0
SPY190717C300,2019-07-15,2019-07-15 09:39:16,1.26,0.8289,57,1.24,0.8157,140,1.25,0.8223,12,1.25,0.8223,1003,0
SPY190717C300,2019-07-15,2019-07-15 09:39:17,1.26,0.8289,57,1.23,0.8092,56,1.25,0.8223,12,1.245,0.819,1003,0
SPY190717C300,2019-07-15,2019-07-15 09:39:17,1.26,0.8289,89,1.24,0.8157,66,1.25,0.8223,12,1.25,0.8223,1003,0
SPY190717C300,2019-07-15,2019-07-15 09:39:18,1.26,0.8289,60,1.23,0.8092,56,1.25,0.8223,12,1.245,0.819,1003,0
SPY190717C300,2019-07-15,2019-07-15 09:39:18,1.26,0.8289,318,1.23,0.8092,46,1.25,0.8223,12,1.245,0.819,1003,0
SPY190717C300,2019-07-15,2019-07-15 09:39:19,1.26,0.8289,318,1.23,0.8092,66,1.25,0.8223,12,1.245,0.819,1003,0
SPY190717C300,2019-07-15,2019-07-15 09:39:19,1.25,0.8223,1,1.23,0.8092,46,1.25,0.8223,1,1.24,0.8157,1005,2
SPY190717C300,2019-07-15,2019-07-15 09:39:20,1.25,0.8223,66,1.23,0.8092,40,1.25,0.8223,1,1.24,0.8157,1005,0
SPY190717C300,2019-07-15,2019-07-15 09:39:21,1.25,0.8223,66,1.22,0.8026,231,1.25,0.8223,1,1.235,0.8125,1005,0
SPY190717C300,2019-07-15,2019-07-15 09:39:21,1.25,0.8223,66,1.22,0.8026,370,1.25,0.8223,1,1.235,0.8125,1005,0
SPY190717C300,2019-07-15,2019-07-15 09:39:22,1.25,0.8223,116,1.22,0.8026,262,1.25,0.8223,1,1.235,0.8125,1005,0
SPY190717C300,2019-07-15,2019-07-15 09:39:22,1.25,0.8223,116,1.23,0.8092,46,1.25,0.8223,1,1.24,0.8157,1005,0
SPY190717C300,2019-07-15,2019-07-15 09:39:23,1.25,0.8223,116,1.23,0.8092,66,1.25,0.8223,1,1.24,0.8157,1005,0
SPY190717C300,2019-07-15,2019-07-15 09:39:24,1.25,0.8223,108,1.22,0.8026,299,1.25,0.8223,1,1.235,0.8125,1005,0
SPY190717C300,2019-07-15,2019-07-15 09:39:24,1.25,0.8223,116,1.22,0.8026,231,1.25,0.8223,1,1.235,0.8125,1005,0
SPY190717C300,2019-07-15,2019-07-15 09:39:25,1.25,0.8223,105,1.22,0.8026,262,1.25,0.8223,1,1.235,0.8125,1005,0
SPY190717C300,2019-07-15,2019-07-15 09:39:25,1.25,0.8223,107,1.22,0.8026,262,1.25,0.8223,1,1.235,0.8125,1005,0
SPY190717C300,2019-07-15,2019-07-15 09:39:26,1.25,0.8223,100,1.23,0.8092,66,1.25,0.8223,1,1.24,0.8157,1005,0
SPY190717C300,2019-07-15,2019-07-15 09:39:27,1.25,0.8223,76,1.23,0.8092,48,1.23,0.8092,3,1.24,0.8157,1008,3
SPY190717C300,2019-07-15,2019-07-15 09:39:27,1.25,0.8223,100,1.23,0.8092,93,1.25,0.8223,1,1.24,0.8157,1005,0
SPY190717C300,2019-07-15,2019-07-15 09:39:28,1.25,0.8223,76,1.23,0.8092,66,1.23,0.8092,3,1.24,0.8157,1008,0
SPY190717C300,2019-07-15,2019-07-15 09:39:28,1.25,0.8223,137,1.23,0.8092,66,1.23,0.8092,3,1.24,0.8157,1008,0
SPY190717C300,2019-07-15,2019-07-15 09:39:29,1.25,0.8223,137,1.23,0.8092,46,1.23,0.8092,3,1.24,0.8157,1008,0
SPY190717C300,2019-07-15,2019-07-15 09:39:30,1.24,0.8157,1,1.23,0.8092,198,1.23,0.8092,3,1.235,0.8125,1008,0
SPY190717C300,2019-07-15,2019-07-15 09:39:30,1.25,0.8223,50,1.23,0.8092,66,1.23,0.8092,3,1.24,0.8157,1008,0
SPY190717C300,2019-07-15,2019-07-15 09:39:31,1.24,0.8157,1,1.24,0.8157,1,1.24,0.8157,1,1.24,0.8157,1009,1
SPY190717C300,2019-07-15,2019-07-15 09:39:31,1.24,0.8157,1,1.24,0.8157,40,1.24,0.8157,1,1.24,0.8157,1009,0
SPY190717C300,2019-07-15,2019-07-15 09:39:32,1.26,0.8289,127,1.24,0.8157,40,1.24,0.8157,1,1.25,0.8223,1009,0
SPY190717C300,2019-07-15,2019-07-15 09:39:33,1.27,0.8355,279,1.24,0.8157,93,1.24,0.8157,1,1.255,0.8256,1009,0
SPY190717C300,2019-07-15,2019-07-15 09:39:33,1.27,0.8355,42,1.25,0.8223,35,1.24,0.8157,1,1.26,0.8289,1009,0
SPY190717C300,2019-07-15,2019-07-15 09:39:34,1.28,0.8421,228,1.25,0.8223,70,1.24,0.8157,1,1.265,0.8322,1009,0
SPY190717C300,2019-07-15,2019-07-15 09:39:34,1.28,0.8421,238,1.25,0.8223,112,1.24,0.8157,1,1.265,0.8322,1009,0
SPY190717C300,2019-07-15,2019-07-15 09:39:35,1.28,0.8421,128,1.26,0.8289,40,1.24,0.8157,1,1.27,0.8355,1009,0
SPY190717C300,2019-07-15,2019-07-15 09:39:35,1.28,0.8421,128,1.25,0.8223,198,1.24,0.8157,1,1.265,0.8322,1009,0
SPY190717C300,2019-07-15,2019-07-15 09:39:36,1.28,0.8421,170,1.25,0.8223,198,1.24,0.8157,1,1.265,0.8322,1009,0
SPY190717C300,2019-07-15,2019-07-15 09:39:37,1.28,0.8421,238,1.25,0.8223,134,1.24,0.8157,1,1.265,0.8322,1009,0
SPY190717C300,2019-07-15,2019-07-15 09:39:37,1.28,0.8421,263,1.25,0.8223,100,1.24,0.8157,1,1.265,0.8322,1009,0
SPY190717C300,2019-07-15,2019-07-15 09:39:38,1.28,0.8421,238,1.25,0.8223,134,1.24,0.8157,1,1.265,0.8322,1009,0
SPY190717C300,2019-07-15,2019-07-15 09:39:39,1.27,0.8355,138,1.24,0.8157,216,1.24,0.8157,1,1.255,0.8256,1009,0
SPY190717C300,2019-07-15,2019-07-15 09:39:39,1.27,0.8355,164,1.24,0.8157,197,1.24,0.8157,1,1.255,0.8256,1009,0
SPY190717C300,2019-07-15,2019-07-15 09:39:40,1.27,0.8355,100,1.25,0.8223,48,1.24,0.8157,1,1.26,0.8289,1009,0
SPY190717C300,2019-07-15,2019-07-15 09:39:40,1.27,0.8355,227,1.24,0.8157,221,1.24,0.8157,1,1.255,0.8256,1009,0
SPY190717C300,2019-07-15,2019-07-15 09:39:41,1.27,0.8355,300,1.25,0.8223,1,1.24,0.8157,1,1.26,0.8289,1009,0
SPY190717C300,2019-07-15,2019-07-15 09:39:41,1.27,0.8355,290,1.24,0.8157,66,1.24,0.8157,1,1.255,0.8256,1009,0
SPY190717C300,2019-07-15,2019-07-15 09:39:42,1.27,0.8355,325,1.25,0.8223,1,1.24,0.8157,1,1.26,0.8289,1009,0
SPY190717C300,2019-07-15,2019-07-15 09:39:43,1.27,0.8355,170,1.25,0.8223,6,1.24,0.8157,1,1.26,0.8289,1009,0
SPY190717C300,2019-07-15,2019-07-15 09:39:43,1.27,0.8355,227,1.25,0.8223,1,1.24,0.8157,1,1.26,0.8289,1009,0
SPY190717C300,2019-07-15,2019-07-15 09:39:44,1.27,0.8355,227,1.25,0.8223,1,1.24,0.8157,1,1.26,0.8289,1009,0
SPY190717C300,2019-07-15,2019-07-15 09:39:44,1.27,0.8355,339,1.25,0.8223,1,1.24,0.8157,1,1.26,0.8289,1009,0
SPY190717C300,2019-07-15,2019-07-15 09:39:45,1.27,0.8355,339,1.25,0.8223,1,1.24,0.8157,1,1.26,0.8289,1009,0
SPY190717C300,2019-07-15,2019-07-15 09:39:45,1.26,0.8289,122,1.25,0.8223,1,1.25,0.8223,1,1.255,0.8256,1010,1
SPY190717C300,2019-07-15,2019-07-15 09:39:46,1.26,0.8289,217,1.24,0.8157,46,1.25,0.8223,1,1.25,0.8223,1010,0
SPY190717C300,2019-07-15,2019-07-15 09:39:47,1.26,0.8289,217,1.24,0.8157,46,1.25,0.8223,1,1.25,0.8223,1010,0
SPY190717C300,2019-07-15,2019-07-15 09:39:48,1.26,0.8289,217,1.24,0.8157,46,1.25,0.8223,1,1.25,0.8223,1010,0
SPY190717C300,2019-07-15,2019-07-15 09:39:49,1.26,0.8289,10,1.24,0.8157,165,1.25,0.8223,1,1.25,0.8223,1010,0
SPY190717C300,2019-07-15,2019-07-15 09:39:49,1.26,0.8289,217,1.24,0.8157,46,1.25,0.8223,1,1.25,0.8223,1010,0
SPY190717C300,2019-07-15,2019-07-15 09:39:50,1.27,0.8355,273,1.24,0.8157,85,1.25,0.8223,1,1.255,0.8256,1010,0
SPY190717C300,2019-07-15,2019-07-15 09:39:50,1.26,0.8289,10,1.24,0.8157,165,1.25,0.8223,1,1.25,0.8223,1010,0
SPY190717C300,2019-07-15,2019-07-15 09:39:51,1.27,0.8355,273,1.24,0.8157,87,1.25,0.8223,1,1.255,0.8256,1010,0
SPY190717C300,2019-07-15,2019-07-15 09:39:52,1.27,0.8355,56,1.24,0.8157,12,1.25,0.8223,1,1.255,0.8256,1010,0
SPY190717C300,2019-07-15,2019-07-15 09:39:52,1.26,0.8289,110,1.24,0.8157,12,1.25,0.8223,1,1.25,0.8223,1010,0
SPY190717C300,2019-07-15,2019-07-15 09:39:53,1.28,0.8421,234,1.24,0.8157,227,1.25,0.8223,1,1.26,0.8289,1010,0
SPY190717C300,2019-07-15,2019-07-15 09:39:54,1.28,0.8421,10,1.26,0.8289,100,1.26,0.8289,20,1.27,0.8355,1030,0
SPY190717C300,2019-07-15,2019-07-15 09:39:54,1.28,0.8421,6,1.25,0.8223,187,1.26,0.8289,20,1.265,0.8322,1030,20
SPY190717C300,2019-07-15,2019-07-15 09:39:55,1.28,0.8421,1,1.26,0.8289,223,1.26,0.8289,20,1.27,0.8355,1030,0
SPY190717C300,2019-07-15,2019-07-15 09:39:55,1.28,0.8421,1,1.25,0.8223,194,1.26,0.8289,20,1.265,0.8322,1030,0
SPY190717C300,2019-07-15,2019-07-15 09:39:56,1.29,0.8486,56,1.26,0.8289,237,1.28,0.8421,1,1.275,0.8388,1031,1
SPY190717C300,2019-07-15,2019-07-15 09:39:57,1.31,0.8618,227,1.28,0.8421,48,1.28,0.8421,1,1.295,0.8519,1031,0
SPY190717C300,2019-07-15,2019-07-15 09:39:57,1.3,0.8552,235,1.27,0.8355,40,1.28,0.8421,1,1.285,0.8453,1031,0
SPY190717C300,2019-07-15,2019-07-15 09:39:58,1.3,0.8552,235,1.27,0.8355,66,1.28,0.8421,1,1.285,0.8453,1031,0
SPY190717C300,2019-07-15,2019-07-15 09:39:58,1.3,0.8552,235,1.27,0.8355,65,1.28,0.8421,1,1.285,0.8453,1031,0
SPY190717C300,2019-07-15,2019-07-15 09:39:59,1.3,0.8552,149,1.27,0.8355,46,1.28,0.8421,1,1.285,0.8453,1031,0
SPY190717C300,2019-07-15,2019-07-15 09:39:59,1.3,0.8552,33,1.28,0.8421,46,1.28,0.8421,1,1.29,0.8486,1031,0
SPY190717C300,2019-07-15,2019-07-15 09:40:00,1.3,0.8552,225,1.27,0.8355,118,1.28,0.8421,1,1.285,0.8453,1031,0
SPY190717C300,2019-07-15,2019-07-15 09:40:01,1.3,0.8552,266,1.26,0.8289,90,1.3,0.8552,2,1.28,0.8421,1033,0
SPY190717C300,2019-07-15,2019-07-15 09:40:01,1.3,0.8552,246,1.27,0.8355,118,1.3,0.8552,2,1.285,0.8453,1033,2
SPY190717C300,2019-07-15,2019-07-15 09:40:02,1.28,0.8421,125,1.25,0.8223,225,1.3,0.8552,2,1.265,0.8322,1033,0
SPY190717C300,2019-07-15,2019-07-15 09:40:03,1.28,0.8421,225,1.25,0.8223,208,1.3,0.8552,2,1.265,0.8322,1033,0
SPY190717C300,2019-07-15,2019-07-15 09:40:03,1.28,0.8421,184,1.25,0.8223,208,1.3,0.8552,2,1.265,0.8322,1033,0
SPY190717C300,2019-07-15,2019-07-15 09:40:04,1.28,0.8421,110,1.26,0.8289,66,1.3,0.8552,2,1.27,0.8355,1033,0
SPY190717C300,2019-07-15,2019-07-15 09:40:04,1.29,0.8486,110,1.27,0.8355,40,1.3,0.8552,2,1.28,0.8421,1033,0
SPY190717C300,2019-07-15,2019-07-15 09:40:05,1.28,0.8421,100,1.26,0.8289,172,1.3,0.8552,2,1.27,0.8355,1033,0
SPY190717C300,2019-07-15,2019-07-15 09:40:06,1.29,0.8486,220,1.27,0.8355,40,1.3,0.8552,2,1.28,0.8421,1033,0
SPY190717C300,2019-07-15,2019-07-15 09:40:07,1.29,0.8486,230,1.27,0.8355,40,1.3,0.8552,2,1.28,0.8421,1033,0
SPY190717C300,2019-07-15,2019-07-15 09:40:07,1.3,0.8552,225,1.27,0.8355,66,1.3,0.8552,2,1.285,0.8453,1033,0
SPY190717C300,2019-07-15,2019-07-15 09:40:08,1.29,0.8486,40,1.27,0.8355,75,1.3,0.8552,2,1.28,0.8421,1033,0
SPY190717C300,2019-07-15,2019-07-15 09:40:09,1.29,0.8486,20,1.27,0.8355,97,1.3,0.8552,2,1.28,0.8421,1033,0
SPY190717C300,2019-07-15,2019-07-15 09:40:09,1.29,0.8486,100,1.27,0.8355,66,1.3,0.8552,2,1.28,0.8421,1033,0
SPY190717C300,2019-07-15,2019-07-15 09:40:10,1.29,0.8486,100,1.27,0.8355,66,1.3,0.8552,2,1.28,0.8421,1033,0
SPY190717C300,2019-07-15,2019-07-15 09:40:10,1.29,0.8486,155,1.26,0.8289,222,1.3,0.8552,2,1.275,0.8388,1033,0
SPY190717C300,2019-07-15,2019-07-15 09:40:11,1.28,0.8421,46,1.25,0.8223,155,1.3,0.8552,2,1.265,0.8322,1033,0
SPY190717C300,2019-07-15,2019-07-15 09:40:11,1.28,0.8421,46,1.25,0.8223,206,1.3,0.8552,2,1.265,0.8322,1033,0
SPY190717C300,2019-07-15,2019-07-15 09:40:12,1.28,0.8421,40,1.26,0.8289,43,1.3,0.8552,2,1.27,0.8355,1033,0
SPY190717C300,2019-07-15,2019-07-15 09:40:13,1.28,0.8421,93,1.25,0.8223,208,1.3,0.8552,2,1.265,0.8322,1033,0
SPY190717C300,2019-07-15,2019-07-15 09:40:13,1.28,0.8421,163,1.25,0.8223,184,1.3,0.8552,2,1.265,0.8322,1033,0
SPY190717C300,2019-07-15,2019-07-15 09:40:14,1.29,0.8486,140,1.26,0.8289,12,1.3,0.8552,2,1.275,0.8388,1033,0
SPY190717C300,2019-07-15,2019-07-15 09:40:15,1.29,0.8486,225,1.26,0.8289,163,1.3,0.8552,2,1.275,0.8388,1033,0
SPY190717C300,2019-07-15,2019-07-15 09:40:16,1.3,0.8552,100,1.26,0.8289,241,1.3,0.8552,2,1.28,0.8421,1033,0
SPY190717C300,2019-07-15,2019-07-15 09:40:16,1.3,0.8552,225,1.27,0.8355,48,1.3,0.8552,2,1.285,0.8453,1033,0
SPY190717C300,2019-07-15,2019-07-15 09:40:17,1.29,0.8486,96,1.27,0.8355,40,1.3,0.8552,2,1.28,0.8421,1033,0
SPY190717C300,2019-07-15,2019-07-15 09:40:18,1.29,0.8486,116,1.27,0.8355,40,1.3,0.8552,2,1.28,0.8421,1033,0
SPY190717C300,2019-07-15,2019-07-15 09:40:19,1.29,0.8486,116,1.27,0.8355,40,1.3,0.8552,2,1.28,0.8421,1033,0
SPY190717C300,2019-07-15,2019-07-15 09:40:19,1.29,0.8486,191,1.26,0.8289,185,1.3,0.8552,2,1.275,0.8388,1033,0
SPY190717C300,2019-07-15,2019-07-15 09:40:20,1.29,0.8486,191,1.26,0.8289,185,1.3,0.8552,2,1.275,0.8388,1033,0
SPY190717C300,2019-07-15,2019-07-15 09:40:20,1.3,0.8552,100,1.27,0.8355,140,1.3,0.8552,2,1.285,0.8453,1033,0
SPY190717C300,2019-07-15,2019-07-15 09:40:21,1.31,0.8618,185,1.28,0.8421,140,1.3,0.8552,2,1.295,0.8519,1033,0
SPY190717C300,2019-07-15,2019-07-15 09:40:22,1.31,0.8618,185,1.28,0.8421,140,1.3,0.8552,2,1.295,0.8519,1033,0
SPY190717C300,2019-07-15,2019-07-15 09:40:22,1.32,0.8684,178,1.29,0.8486,180,1.3,0.8552,2,1.305,0.8585,1033,0
SPY190717C300,2019-07-15,2019-07-15 09:40:23,1.32,0.8684,93,1.3,0.8552,12,1.3,0.8552,2,1.31,0.8618,1033,0
SPY190717C300,2019-07-15,2019-07-15 09:40:24,1.32,0.8684,83,1.3,0.8552,12,1.3,0.8552,2,1.31,0.8618,1033,0
SPY190717C300,2019-07-15,2019-07-15 09:40:25,1.32,0.8684,208,1.3,0.8552,12,1.3,0.8552,2,1.31,0.8618,1033,0
SPY190717C300,2019-07-15,2019-07-15 09:40:25,1.32,0.8684,208,1.29,0.8486,208,1.3,0.8552,2,1.305,0.8585,1033,0
SPY190717C300,2019-07-15,2019-07-15 09:40:26,1.32,0.8684,30,1.3,0.8552,12,1.3,0.8552,2,1.31,0.8618,1033,0
SPY190717C300,2019-07-15,2019-07-15 09:40:27,1.32,0.8684,30,1.3,0.8552,12,1.3,0.8552,2,1.31,0.8618,1033,0
SPY190717C300,2019-07-15,2019-07-15 09:40:27,1.32,0.8684,30,1.3,0.8552,80,1.3,0.8552,2,1.31,0.8618,1033,0
SPY190717C300,2019-07-15,2019-07-15 09:40:28,1.33,0.875,58,1.31,0.8618,56,1.3,0.8552,2,1.32,0.8684,1033,0
SPY190717C300,2019-07-15,2019-07-15 09:40:28,1.34,0.8815,215,1.31,0.8618,30,1.3,0.8552,2,1.325,0.8717,1033,0
SPY190717C300,2019-07-15,2019-07-15 09:40:29,1.32,0.8684,146,1.3,0.8552,30,1.3,0.8552,2,1.31,0.8618,1033,0
SPY190717C300,2019-07-15,2019-07-15 09:40:30,1.33,0.875,261,1.3,0.8552,56,1.3,0.8552,2,1.315,0.8651,1033,0
SPY190717C300,2019-07-15,2019-07-15 09:40:30,1.33,0.875,225,1.3,0.8552,56,1.3,0.8552,2,1.315,0.8651,1033,0
SPY190717C300,2019-07-15,2019-07-15 09:40:31,1.33,0.875,261,1.3,0.8552,56,1.3,0.8552,2,1.315,0.8651,1033,0
SPY190717C300,2019-07-15,2019-07-15 09:40:32,1.33,0.875,261,1.3,0.8552,56,1.3,0.8552,2,1.315,0.8651,1033,0
SPY190717C300,2019-07-15,2019-07-15 09:40:33,1.33,0.875,261,1.3,0.8552,48,1.3,0.8552,2,1.315,0.8651,1033,0
SPY190717C300,2019-07-15,2019-07-15 09:40:34,1.32,0.8684,215,1.3,0.8552,18,1.3,0.8552,2,1.31,0.8618,1033,0
SPY190717C300,2019-07-15,2019-07-15 09:40:34,1.33,0.875,261,1.3,0.8552,36,1.3,0.8552,2,1.315,0.8651,1033,0
