symbol,Date,quote_time,ask_price,norm_ask_price,ask_size,bid_price,norm_bid_price,bid_size,last_trade_price,norm_last_trade_price,last_trade_size,mark_price,norm_mark_price,volume,Volume
SPY190719C301,2019-07-17,2019-07-17 09:30:00,0.37,1.0,5,0.36,0.9729,260,0.38,1.027,9,0.365,0.9864,19,19
SPY190719C301,2019-07-17,2019-07-17 09:30:04,0.38,1.027,305,0.36,0.9729,928,0.38,1.027,9,0.37,1.0,19,0
SPY190719C301,2019-07-17,2019-07-17 09:30:05,0.38,1.027,100,0.36,0.9729,928,0.37,1.0,6,0.37,1.0,25,6
SPY190719C301,2019-07-17,2019-07-17 09:30:06,0.38,1.027,100,0.36,0.9729,928,0.37,1.0,6,0.37,1.0,25,0
SPY190719C301,2019-07-17,2019-07-17 09:30:07,0.38,1.027,100,0.36,0.9729,923,0.37,1.0,1,0.37,1.0,26,1
SPY190719C301,2019-07-17,2019-07-17 09:30:08,0.37,1.0,5,0.36,0.9729,1196,0.37,1.0,1,0.365,0.9864,26,0
SPY190719C301,2019-07-17,2019-07-17 09:30:08,0.38,1.027,100,0.36,0.9729,1066,0.37,1.0,1,0.37,1.0,26,0
SPY190719C301,2019-07-17,2019-07-17 09:30:09,0.37,1.0,5,0.36,0.9729,1196,0.37,1.0,1,0.365,0.9864,26,0
SPY190719C301,2019-07-17,2019-07-17 09:30:10,0.38,1.027,414,0.36,0.9729,360,0.37,1.0,1,0.37,1.0,26,0
SPY190719C301,2019-07-17,2019-07-17 09:30:10,0.37,1.0,5,0.36,0.9729,1196,0.37,1.0,1,0.365,0.9864,26,0
SPY190719C301,2019-07-17,2019-07-17 09:30:11,0.36,0.9729,150,0.35,0.9459,71,0.37,1.0,1,0.355,0.9594,26,0
SPY190719C301,2019-07-17,2019-07-17 09:30:11,0.37,1.0,105,0.36,0.9729,260,0.37,1.0,1,0.365,0.9864,26,0
SPY190719C301,2019-07-17,2019-07-17 09:30:12,0.36,0.9729,450,0.35,0.9459,71,0.37,1.0,1,0.355,0.9594,26,0
SPY190719C301,2019-07-17,2019-07-17 09:30:13,0.37,1.0,512,0.35,0.9459,71,0.37,1.0,1,0.36,0.9729,26,0
SPY190719C301,2019-07-17,2019-07-17 09:30:14,0.37,1.0,5,0.36,0.9729,728,0.37,1.0,1,0.365,0.9864,26,0
SPY190719C301,2019-07-17,2019-07-17 09:30:14,0.37,1.0,230,0.36,0.9729,315,0.37,1.0,1,0.365,0.9864,26,0
SPY190719C301,2019-07-17,2019-07-17 09:30:15,0.37,1.0,5,0.36,0.9729,1036,0.37,1.0,1,0.365,0.9864,26,0
SPY190719C301,2019-07-17,2019-07-17 09:30:16,0.37,1.0,5,0.36,0.9729,1036,0.37,1.0,1,0.365,0.9864,26,0
SPY190719C301,2019-07-17,2019-07-17 09:30:17,0.37,1.0,5,0.36,0.9729,1036,0.37,1.0,1,0.365,0.9864,26,0
SPY190719C301,2019-07-17,2019-07-17 09:30:18,0.37,1.0,5,0.36,0.9729,1036,0.37,1.0,1,0.365,0.9864,26,0
SPY190719C301,2019-07-17,2019-07-17 09:30:18,0.37,1.0,5,0.36,0.9729,1824,0.37,1.0,1,0.365,0.9864,26,0
SPY190719C301,2019-07-17,2019-07-17 09:30:20,0.37,1.0,290,0.36,0.9729,305,0.37,1.0,1,0.365,0.9864,26,0
SPY190719C301,2019-07-17,2019-07-17 09:30:20,0.37,1.0,5,0.36,0.9729,1089,0.37,1.0,1,0.365,0.9864,26,0
SPY190719C301,2019-07-17,2019-07-17 09:30:23,0.37,1.0,290,0.36,0.9729,290,0.37,1.0,1,0.365,0.9864,26,0
SPY190719C301,2019-07-17,2019-07-17 09:30:24,0.36,0.9729,5,0.35,0.9459,320,0.37,1.0,1,0.355,0.9594,26,0
SPY190719C301,2019-07-17,2019-07-17 09:30:25,0.36,0.9729,5,0.35,0.9459,374,0.37,1.0,1,0.355,0.9594,26,0
SPY190719C301,2019-07-17,2019-07-17 09:30:26,0.36,0.9729,241,0.35,0.9459,543,0.37,1.0,1,0.355,0.9594,26,0
SPY190719C301,2019-07-17,2019-07-17 09:30:27,0.36,0.9729,25,0.35,0.9459,708,0.37,1.0,1,0.355,0.9594,26,0
SPY190719C301,2019-07-17,2019-07-17 09:30:28,0.36,0.9729,25,0.35,0.9459,2374,0.37,1.0,1,0.355,0.9594,26,0
SPY190719C301,2019-07-17,2019-07-17 09:30:29,0.37,1.0,5,0.36,0.9729,1150,0.36,0.9729,3,0.365,0.9864,54,28
SPY190719C301,2019-07-17,2019-07-17 09:30:30,0.37,1.0,5,0.36,0.9729,1150,0.36,0.9729,3,0.365,0.9864,54,0
SPY190719C301,2019-07-17,2019-07-17 09:30:31,0.37,1.0,5,0.36,0.9729,1150,0.36,0.9729,3,0.365,0.9864,54,0
SPY190719C301,2019-07-17,2019-07-17 09:30:31,0.37,1.0,5,0.36,0.9729,1198,0.36,0.9729,3,0.365,0.9864,54,0
SPY190719C301,2019-07-17,2019-07-17 09:30:32,0.38,1.027,5,0.37,1.0,687,0.36,0.9729,3,0.375,1.0135,54,0
SPY190719C301,2019-07-17,2019-07-17 09:30:33,0.38,1.027,2,0.37,1.0,1586,0.36,0.9729,3,0.375,1.0135,54,0
SPY190719C301,2019-07-17,2019-07-17 09:30:34,0.39,1.054,5,0.38,1.027,267,0.38,1.027,2,0.385,1.0405,56,2
SPY190719C301,2019-07-17,2019-07-17 09:30:35,0.41,1.1081,543,0.38,1.027,307,0.38,1.027,2,0.395,1.0675,56,0
SPY190719C301,2019-07-17,2019-07-17 09:30:35,0.39,1.054,5,0.38,1.027,901,0.38,1.027,2,0.385,1.0405,56,0
SPY190719C301,2019-07-17,2019-07-17 09:30:36,0.39,1.054,210,0.38,1.027,307,0.38,1.027,2,0.385,1.0405,56,0
SPY190719C301,2019-07-17,2019-07-17 09:30:37,0.39,1.054,210,0.38,1.027,186,0.38,1.027,2,0.385,1.0405,56,0
SPY190719C301,2019-07-17,2019-07-17 09:30:38,0.39,1.054,210,0.38,1.027,425,0.38,1.027,2,0.385,1.0405,56,0
SPY190719C301,2019-07-17,2019-07-17 09:30:39,0.39,1.054,210,0.38,1.027,300,0.38,1.027,2,0.385,1.0405,56,0
SPY190719C301,2019-07-17,2019-07-17 09:30:39,0.39,1.054,210,0.38,1.027,1015,0.38,1.027,2,0.385,1.0405,56,0
SPY190719C301,2019-07-17,2019-07-17 09:30:40,0.39,1.054,114,0.38,1.027,1074,0.38,1.027,2,0.385,1.0405,56,0
SPY190719C301,2019-07-17,2019-07-17 09:30:40,0.39,1.054,114,0.38,1.027,1124,0.38,1.027,2,0.385,1.0405,56,0
SPY190719C301,2019-07-17,2019-07-17 09:30:41,0.39,1.054,114,0.38,1.027,1074,0.38,1.027,2,0.385,1.0405,56,0
SPY190719C301,2019-07-17,2019-07-17 09:30:42,0.39,1.054,114,0.38,1.027,1074,0.38,1.027,2,0.385,1.0405,56,0
SPY190719C301,2019-07-17,2019-07-17 09:30:43,0.39,1.054,49,0.38,1.027,70,0.38,1.027,2,0.385,1.0405,56,0
SPY190719C301,2019-07-17,2019-07-17 09:30:44,0.39,1.054,210,0.38,1.027,220,0.38,1.027,2,0.385,1.0405,56,0
SPY190719C301,2019-07-17,2019-07-17 09:30:45,0.39,1.054,5,0.38,1.027,5,0.38,1.027,2,0.385,1.0405,56,0
SPY190719C301,2019-07-17,2019-07-17 09:30:46,0.39,1.054,310,0.38,1.027,201,0.38,1.027,2,0.385,1.0405,56,0
SPY190719C301,2019-07-17,2019-07-17 09:30:49,0.38,1.027,99,0.37,1.0,598,0.38,1.027,5,0.375,1.0135,61,5
SPY190719C301,2019-07-17,2019-07-17 09:30:52,0.39,1.054,840,0.38,1.027,5,0.37,1.0,2,0.385,1.0405,63,2
SPY190719C301,2019-07-17,2019-07-17 09:30:53,0.39,1.054,840,0.38,1.027,5,0.37,1.0,2,0.385,1.0405,63,0
SPY190719C301,2019-07-17,2019-07-17 09:30:53,0.39,1.054,840,0.38,1.027,232,0.37,1.0,2,0.385,1.0405,63,0
SPY190719C301,2019-07-17,2019-07-17 09:30:54,0.39,1.054,512,0.38,1.027,231,0.37,1.0,2,0.385,1.0405,63,0
SPY190719C301,2019-07-17,2019-07-17 09:30:55,0.39,1.054,512,0.38,1.027,231,0.37,1.0,2,0.385,1.0405,63,0
SPY190719C301,2019-07-17,2019-07-17 09:30:56,0.39,1.054,512,0.38,1.027,231,0.37,1.0,2,0.385,1.0405,63,0
SPY190719C301,2019-07-17,2019-07-17 09:30:57,0.39,1.054,512,0.38,1.027,231,0.37,1.0,2,0.385,1.0405,63,0
SPY190719C301,2019-07-17,2019-07-17 09:30:58,0.39,1.054,508,0.38,1.027,5,0.37,1.0,2,0.385,1.0405,63,0
SPY190719C301,2019-07-17,2019-07-17 09:30:59,0.39,1.054,508,0.38,1.027,238,0.37,1.0,2,0.385,1.0405,63,0
SPY190719C301,2019-07-17,2019-07-17 09:30:59,0.39,1.054,444,0.38,1.027,168,0.37,1.0,2,0.385,1.0405,63,0
SPY190719C301,2019-07-17,2019-07-17 09:31:00,0.39,1.054,284,0.38,1.027,280,0.37,1.0,2,0.385,1.0405,63,0
SPY190719C301,2019-07-17,2019-07-17 09:31:01,0.39,1.054,284,0.38,1.027,280,0.37,1.0,2,0.385,1.0405,63,0
SPY190719C301,2019-07-17,2019-07-17 09:31:02,0.39,1.054,284,0.38,1.027,280,0.37,1.0,2,0.385,1.0405,63,0
SPY190719C301,2019-07-17,2019-07-17 09:31:03,0.39,1.054,4,0.38,1.027,10,0.37,1.0,2,0.385,1.0405,63,0
SPY190719C301,2019-07-17,2019-07-17 09:31:03,0.39,1.054,119,0.38,1.027,360,0.37,1.0,2,0.385,1.0405,63,0
SPY190719C301,2019-07-17,2019-07-17 09:31:04,0.39,1.054,49,0.38,1.027,1016,0.37,1.0,2,0.385,1.0405,63,0
SPY190719C301,2019-07-17,2019-07-17 09:31:04,0.39,1.054,9,0.38,1.027,10,0.37,1.0,2,0.385,1.0405,63,0
SPY190719C301,2019-07-17,2019-07-17 09:31:05,0.39,1.054,9,0.38,1.027,310,0.37,1.0,2,0.385,1.0405,63,0
SPY190719C301,2019-07-17,2019-07-17 09:31:06,0.39,1.054,104,0.38,1.027,150,0.37,1.0,2,0.385,1.0405,63,0
SPY190719C301,2019-07-17,2019-07-17 09:31:06,0.39,1.054,104,0.38,1.027,385,0.37,1.0,2,0.385,1.0405,63,0
SPY190719C301,2019-07-17,2019-07-17 09:31:07,0.39,1.054,9,0.38,1.027,358,0.37,1.0,2,0.385,1.0405,63,0
SPY190719C301,2019-07-17,2019-07-17 09:31:08,0.39,1.054,4,0.38,1.027,1505,0.37,1.0,2,0.385,1.0405,63,0
SPY190719C301,2019-07-17,2019-07-17 09:31:08,0.4,1.081,192,0.39,1.054,360,0.39,1.054,4,0.395,1.0675,67,4
SPY190719C301,2019-07-17,2019-07-17 09:31:09,0.4,1.081,5,0.39,1.054,425,0.39,1.054,35,0.395,1.0675,102,35
SPY190719C301,2019-07-17,2019-07-17 09:31:09,0.4,1.081,5,0.39,1.054,949,0.39,1.054,35,0.395,1.0675,102,0
SPY190719C301,2019-07-17,2019-07-17 09:31:10,0.4,1.081,2,0.39,1.054,949,0.39,1.054,35,0.395,1.0675,102,0
SPY190719C301,2019-07-17,2019-07-17 09:31:11,0.4,1.081,2,0.39,1.054,949,0.39,1.054,35,0.395,1.0675,102,0
SPY190719C301,2019-07-17,2019-07-17 09:31:12,0.4,1.081,2,0.39,1.054,1019,0.39,1.054,35,0.395,1.0675,102,0
SPY190719C301,2019-07-17,2019-07-17 09:31:12,0.4,1.081,2,0.39,1.054,668,0.39,1.054,35,0.395,1.0675,102,0
SPY190719C301,2019-07-17,2019-07-17 09:31:13,0.4,1.081,2,0.39,1.054,1368,0.39,1.054,35,0.395,1.0675,102,0
SPY190719C301,2019-07-17,2019-07-17 09:31:13,0.4,1.081,2,0.39,1.054,1392,0.39,1.054,35,0.395,1.0675,102,0
SPY190719C301,2019-07-17,2019-07-17 09:31:14,0.4,1.081,2,0.39,1.054,1368,0.39,1.054,35,0.395,1.0675,102,0
SPY190719C301,2019-07-17,2019-07-17 09:31:15,0.4,1.081,2,0.39,1.054,1368,0.39,1.054,35,0.395,1.0675,102,0
SPY190719C301,2019-07-17,2019-07-17 09:31:15,0.41,1.1081,5,0.4,1.081,77,0.4,1.081,2,0.405,1.0945,104,2
SPY190719C301,2019-07-17,2019-07-17 09:31:16,0.41,1.1081,5,0.4,1.081,830,0.4,1.081,2,0.405,1.0945,104,0
SPY190719C301,2019-07-17,2019-07-17 09:31:17,0.42,1.1351,952,0.4,1.081,965,0.4,1.081,2,0.41,1.1081,104,0
SPY190719C301,2019-07-17,2019-07-17 09:31:18,0.42,1.1351,1024,0.4,1.081,943,0.4,1.081,2,0.41,1.1081,104,0
SPY190719C301,2019-07-17,2019-07-17 09:31:19,0.42,1.1351,1024,0.4,1.081,943,0.41,1.1081,5,0.41,1.1081,115,11
SPY190719C301,2019-07-17,2019-07-17 09:31:19,0.42,1.1351,1024,0.41,1.1081,5,0.4,1.081,2,0.415,1.1216,104,0
SPY190719C301,2019-07-17,2019-07-17 09:31:20,0.42,1.1351,1024,0.41,1.1081,1,0.41,1.1081,5,0.415,1.1216,115,0
SPY190719C301,2019-07-17,2019-07-17 09:31:21,0.42,1.1351,1024,0.4,1.081,943,0.41,1.1081,5,0.41,1.1081,115,0
SPY190719C301,2019-07-17,2019-07-17 09:31:22,0.41,1.1081,5,0.4,1.081,943,0.4,1.081,1,0.405,1.0945,116,1
SPY190719C301,2019-07-17,2019-07-17 09:31:23,0.41,1.1081,70,0.4,1.081,700,0.4,1.081,1,0.405,1.0945,116,0
SPY190719C301,2019-07-17,2019-07-17 09:31:23,0.41,1.1081,70,0.4,1.081,270,0.4,1.081,1,0.405,1.0945,116,0
SPY190719C301,2019-07-17,2019-07-17 09:31:24,0.41,1.1081,70,0.4,1.081,469,0.4,1.081,1,0.405,1.0945,116,0
SPY190719C301,2019-07-17,2019-07-17 09:31:24,0.41,1.1081,70,0.41,1.1081,5,0.4,1.081,1,0.41,1.1081,116,0
SPY190719C301,2019-07-17,2019-07-17 09:31:25,0.41,1.1081,70,0.41,1.1081,5,0.4,1.081,1,0.41,1.1081,116,0
SPY190719C301,2019-07-17,2019-07-17 09:31:26,0.41,1.1081,70,0.41,1.1081,5,0.4,1.081,1,0.41,1.1081,116,0
SPY190719C301,2019-07-17,2019-07-17 09:31:27,0.42,1.1351,206,0.41,1.1081,280,0.4,1.081,1,0.415,1.1216,116,0
SPY190719C301,2019-07-17,2019-07-17 09:31:28,0.42,1.1351,206,0.41,1.1081,280,0.4,1.081,1,0.415,1.1216,116,0
SPY190719C301,2019-07-17,2019-07-17 09:31:29,0.42,1.1351,206,0.41,1.1081,280,0.4,1.081,1,0.415,1.1216,116,0
SPY190719C301,2019-07-17,2019-07-17 09:31:30,0.42,1.1351,206,0.41,1.1081,280,0.4,1.081,1,0.415,1.1216,116,0
SPY190719C301,2019-07-17,2019-07-17 09:31:31,0.42,1.1351,206,0.41,1.1081,280,0.4,1.081,1,0.415,1.1216,116,0
SPY190719C301,2019-07-17,2019-07-17 09:31:31,0.42,1.1351,420,0.41,1.1081,5,0.4,1.081,1,0.415,1.1216,116,0
SPY190719C301,2019-07-17,2019-07-17 09:31:32,0.41,1.1081,25,0.4,1.081,309,0.41,1.1081,1,0.405,1.0945,117,1
SPY190719C301,2019-07-17,2019-07-17 09:31:35,0.41,1.1081,361,0.4,1.081,200,0.41,1.1081,1,0.405,1.0945,117,0
SPY190719C301,2019-07-17,2019-07-17 09:31:36,0.41,1.1081,373,0.4,1.081,5,0.41,1.1081,1,0.405,1.0945,117,0
SPY190719C301,2019-07-17,2019-07-17 09:31:38,0.41,1.1081,653,0.4,1.081,5,0.41,1.1081,1,0.405,1.0945,117,0
SPY190719C301,2019-07-17,2019-07-17 09:31:39,0.41,1.1081,90,0.4,1.081,310,0.41,1.1081,1,0.405,1.0945,117,0
SPY190719C301,2019-07-17,2019-07-17 09:31:39,0.42,1.1351,1163,0.4,1.081,310,0.41,1.1081,1,0.41,1.1081,117,0
SPY190719C301,2019-07-17,2019-07-17 09:31:40,0.42,1.1351,1163,0.4,1.081,346,0.41,1.1081,1,0.41,1.1081,117,0
SPY190719C301,2019-07-17,2019-07-17 09:31:43,0.42,1.1351,1013,0.41,1.1081,5,0.41,1.1081,2,0.415,1.1216,119,2
SPY190719C301,2019-07-17,2019-07-17 09:31:45,0.42,1.1351,1268,0.4,1.081,874,0.41,1.1081,2,0.41,1.1081,119,0
SPY190719C301,2019-07-17,2019-07-17 09:31:46,0.42,1.1351,1562,0.4,1.081,874,0.41,1.1081,2,0.41,1.1081,119,0
SPY190719C301,2019-07-17,2019-07-17 09:31:47,0.42,1.1351,1562,0.4,1.081,874,0.41,1.1081,2,0.41,1.1081,119,0
SPY190719C301,2019-07-17,2019-07-17 09:31:48,0.42,1.1351,1562,0.4,1.081,874,0.41,1.1081,2,0.41,1.1081,119,0
SPY190719C301,2019-07-17,2019-07-17 09:31:49,0.42,1.1351,1531,0.4,1.081,874,0.41,1.1081,2,0.41,1.1081,119,0
SPY190719C301,2019-07-17,2019-07-17 09:31:50,0.42,1.1351,1061,0.41,1.1081,8,0.41,1.1081,2,0.415,1.1216,119,0
SPY190719C301,2019-07-17,2019-07-17 09:31:52,0.41,1.1081,5,0.4,1.081,899,0.41,1.1081,1,0.405,1.0945,120,1
SPY190719C301,2019-07-17,2019-07-17 09:31:53,0.41,1.1081,50,0.4,1.081,899,0.41,1.1081,1,0.405,1.0945,120,0
SPY190719C301,2019-07-17,2019-07-17 09:31:54,0.41,1.1081,770,0.4,1.081,200,0.41,1.1081,1,0.405,1.0945,120,0
SPY190719C301,2019-07-17,2019-07-17 09:31:54,0.4,1.081,120,0.39,1.054,200,0.41,1.1081,1,0.395,1.0675,120,0
SPY190719C301,2019-07-17,2019-07-17 09:31:55,0.4,1.081,131,0.39,1.054,280,0.41,1.1081,1,0.395,1.0675,120,0
SPY190719C301,2019-07-17,2019-07-17 09:31:56,0.4,1.081,231,0.39,1.054,280,0.41,1.1081,1,0.395,1.0675,120,0
SPY190719C301,2019-07-17,2019-07-17 09:31:57,0.4,1.081,201,0.39,1.054,270,0.41,1.1081,1,0.395,1.0675,120,0
SPY190719C301,2019-07-17,2019-07-17 09:31:58,0.4,1.081,201,0.39,1.054,270,0.39,1.054,3,0.395,1.0675,123,3
SPY190719C301,2019-07-17,2019-07-17 09:31:59,0.4,1.081,221,0.39,1.054,100,0.39,1.054,3,0.395,1.0675,123,0
SPY190719C301,2019-07-17,2019-07-17 09:32:00,0.4,1.081,842,0.38,1.027,611,0.39,1.054,3,0.39,1.054,123,0
SPY190719C301,2019-07-17,2019-07-17 09:32:00,0.4,1.081,1066,0.38,1.027,663,0.39,1.054,3,0.39,1.054,123,0
SPY190719C301,2019-07-17,2019-07-17 09:32:01,0.39,1.054,620,0.37,1.0,70,0.39,1.054,3,0.38,1.027,123,0
SPY190719C301,2019-07-17,2019-07-17 09:32:02,0.39,1.054,527,0.38,1.027,5,0.39,1.054,3,0.385,1.0405,123,0
SPY190719C301,2019-07-17,2019-07-17 09:32:02,0.39,1.054,489,0.38,1.027,5,0.39,1.054,3,0.385,1.0405,123,0
SPY190719C301,2019-07-17,2019-07-17 09:32:03,0.39,1.054,857,0.38,1.027,5,0.39,1.054,3,0.385,1.0405,123,0
SPY190719C301,2019-07-17,2019-07-17 09:32:04,0.39,1.054,886,0.38,1.027,5,0.39,1.054,3,0.385,1.0405,123,0
SPY190719C301,2019-07-17,2019-07-17 09:32:05,0.39,1.054,972,0.38,1.027,5,0.39,1.054,3,0.385,1.0405,123,0
SPY190719C301,2019-07-17,2019-07-17 09:32:06,0.39,1.054,972,0.38,1.027,5,0.39,1.054,3,0.385,1.0405,123,0
SPY190719C301,2019-07-17,2019-07-17 09:32:07,0.39,1.054,972,0.38,1.027,5,0.39,1.054,3,0.385,1.0405,123,0
SPY190719C301,2019-07-17,2019-07-17 09:32:08,0.39,1.054,972,0.38,1.027,5,0.39,1.054,3,0.385,1.0405,123,0
SPY190719C301,2019-07-17,2019-07-17 09:32:09,0.38,1.027,5,0.38,1.027,4,0.38,1.027,1,0.38,1.027,124,0
SPY190719C301,2019-07-17,2019-07-17 09:32:09,0.39,1.054,972,0.38,1.027,4,0.38,1.027,1,0.385,1.0405,124,1
SPY190719C301,2019-07-17,2019-07-17 09:32:10,0.38,1.027,250,0.37,1.0,209,0.38,1.027,1,0.375,1.0135,124,0
SPY190719C301,2019-07-17,2019-07-17 09:32:11,0.38,1.027,341,0.37,1.0,209,0.38,1.027,1,0.375,1.0135,124,0
SPY190719C301,2019-07-17,2019-07-17 09:32:11,0.38,1.027,309,0.37,1.0,209,0.38,1.027,1,0.375,1.0135,124,0
SPY190719C301,2019-07-17,2019-07-17 09:32:12,0.38,1.027,341,0.37,1.0,5,0.38,1.027,1,0.375,1.0135,124,0
SPY190719C301,2019-07-17,2019-07-17 09:32:13,0.38,1.027,670,0.37,1.0,10,0.38,1.027,1,0.375,1.0135,124,0
SPY190719C301,2019-07-17,2019-07-17 09:32:13,0.38,1.027,283,0.37,1.0,10,0.38,1.027,27,0.375,1.0135,151,27
SPY190719C301,2019-07-17,2019-07-17 09:32:14,0.38,1.027,5,0.37,1.0,712,0.38,1.027,27,0.375,1.0135,151,0
SPY190719C301,2019-07-17,2019-07-17 09:32:15,0.38,1.027,704,0.37,1.0,565,0.38,1.027,27,0.375,1.0135,151,0
SPY190719C301,2019-07-17,2019-07-17 09:32:16,0.38,1.027,155,0.37,1.0,798,0.38,1.027,27,0.375,1.0135,151,0
SPY190719C301,2019-07-17,2019-07-17 09:32:16,0.39,1.054,1027,0.37,1.0,798,0.38,1.027,27,0.38,1.027,151,0
SPY190719C301,2019-07-17,2019-07-17 09:32:17,0.38,1.027,155,0.37,1.0,925,0.38,1.027,27,0.375,1.0135,151,0
SPY190719C301,2019-07-17,2019-07-17 09:32:18,0.38,1.027,363,0.37,1.0,5,0.38,1.027,27,0.375,1.0135,151,0
SPY190719C301,2019-07-17,2019-07-17 09:32:18,0.38,1.027,363,0.37,1.0,207,0.38,1.027,27,0.375,1.0135,151,0
SPY190719C301,2019-07-17,2019-07-17 09:32:19,0.38,1.027,506,0.37,1.0,218,0.38,1.027,27,0.375,1.0135,151,0
SPY190719C301,2019-07-17,2019-07-17 09:32:20,0.38,1.027,506,0.37,1.0,218,0.37,1.0,10,0.375,1.0135,161,10
SPY190719C301,2019-07-17,2019-07-17 09:32:20,0.38,1.027,506,0.37,1.0,240,0.37,1.0,10,0.375,1.0135,161,0
SPY190719C301,2019-07-17,2019-07-17 09:32:21,0.38,1.027,506,0.37,1.0,218,0.37,1.0,10,0.375,1.0135,161,0
SPY190719C301,2019-07-17,2019-07-17 09:32:22,0.38,1.027,506,0.37,1.0,218,0.37,1.0,10,0.375,1.0135,161,0
SPY190719C301,2019-07-17,2019-07-17 09:32:23,0.38,1.027,506,0.37,1.0,218,0.37,1.0,10,0.375,1.0135,161,0
SPY190719C301,2019-07-17,2019-07-17 09:32:23,0.38,1.027,506,0.37,1.0,228,0.37,1.0,10,0.375,1.0135,161,0
SPY190719C301,2019-07-17,2019-07-17 09:32:24,0.38,1.027,314,0.37,1.0,250,0.37,1.0,10,0.375,1.0135,161,0
SPY190719C301,2019-07-17,2019-07-17 09:32:24,0.38,1.027,319,0.37,1.0,255,0.37,1.0,10,0.375,1.0135,161,0
SPY190719C301,2019-07-17,2019-07-17 09:32:25,0.38,1.027,314,0.37,1.0,250,0.37,1.0,10,0.375,1.0135,161,0
SPY190719C301,2019-07-17,2019-07-17 09:32:26,0.38,1.027,749,0.37,1.0,120,0.37,1.0,10,0.375,1.0135,161,0
SPY190719C301,2019-07-17,2019-07-17 09:32:27,0.38,1.027,749,0.37,1.0,10,0.37,1.0,2,0.375,1.0135,163,2
SPY190719C301,2019-07-17,2019-07-17 09:32:27,0.38,1.027,749,0.37,1.0,9,0.37,1.0,10,0.375,1.0135,161,0
SPY190719C301,2019-07-17,2019-07-17 09:32:28,0.38,1.027,449,0.37,1.0,6,0.37,1.0,2,0.375,1.0135,163,0
SPY190719C301,2019-07-17,2019-07-17 09:32:28,0.38,1.027,537,0.37,1.0,92,0.37,1.0,2,0.375,1.0135,163,0
SPY190719C301,2019-07-17,2019-07-17 09:32:29,0.38,1.027,537,0.37,1.0,182,0.37,1.0,2,0.375,1.0135,163,0
SPY190719C301,2019-07-17,2019-07-17 09:32:29,0.38,1.027,537,0.37,1.0,92,0.37,1.0,2,0.375,1.0135,163,0
SPY190719C301,2019-07-17,2019-07-17 09:32:30,0.38,1.027,537,0.37,1.0,175,0.37,1.0,2,0.375,1.0135,163,0
SPY190719C301,2019-07-17,2019-07-17 09:32:31,0.38,1.027,958,0.37,1.0,165,0.37,1.0,2,0.375,1.0135,163,0
SPY190719C301,2019-07-17,2019-07-17 09:32:31,0.38,1.027,558,0.37,1.0,165,0.37,1.0,2,0.375,1.0135,163,0
SPY190719C301,2019-07-17,2019-07-17 09:32:32,0.38,1.027,358,0.37,1.0,165,0.37,1.0,2,0.375,1.0135,163,0
SPY190719C301,2019-07-17,2019-07-17 09:32:32,0.38,1.027,558,0.37,1.0,165,0.37,1.0,2,0.375,1.0135,163,0
SPY190719C301,2019-07-17,2019-07-17 09:32:33,0.38,1.027,358,0.37,1.0,1292,0.37,1.0,2,0.375,1.0135,163,0
SPY190719C301,2019-07-17,2019-07-17 09:32:34,0.38,1.027,358,0.37,1.0,1488,0.38,1.027,17,0.375,1.0135,180,17
SPY190719C301,2019-07-17,2019-07-17 09:32:34,0.38,1.027,358,0.37,1.0,929,0.37,1.0,2,0.375,1.0135,163,0
SPY190719C301,2019-07-17,2019-07-17 09:32:35,0.38,1.027,9,0.37,1.0,1626,0.38,1.027,6,0.375,1.0135,186,6
SPY190719C301,2019-07-17,2019-07-17 09:32:36,0.38,1.027,9,0.37,1.0,1578,0.38,1.027,1,0.375,1.0135,191,5
SPY190719C301,2019-07-17,2019-07-17 09:32:36,0.39,1.054,1098,0.38,1.027,7,0.38,1.027,1,0.385,1.0405,191,0
SPY190719C301,2019-07-17,2019-07-17 09:32:37,0.39,1.054,1325,0.38,1.027,9,0.38,1.027,1,0.385,1.0405,191,0
SPY190719C301,2019-07-17,2019-07-17 09:32:38,0.39,1.054,983,0.37,1.0,1289,0.38,1.027,1,0.38,1.027,191,0
SPY190719C301,2019-07-17,2019-07-17 09:32:38,0.39,1.054,778,0.37,1.0,1050,0.38,1.027,1,0.38,1.027,191,0
SPY190719C301,2019-07-17,2019-07-17 09:32:39,0.38,1.027,5,0.38,1.027,6,0.38,1.027,1,0.38,1.027,191,0
SPY190719C301,2019-07-17,2019-07-17 09:32:39,0.39,1.054,983,0.37,1.0,1289,0.38,1.027,1,0.38,1.027,191,0
SPY190719C301,2019-07-17,2019-07-17 09:32:40,0.39,1.054,218,0.38,1.027,378,0.38,1.027,1,0.385,1.0405,191,0
SPY190719C301,2019-07-17,2019-07-17 09:32:40,0.39,1.054,288,0.38,1.027,378,0.38,1.027,1,0.385,1.0405,191,0
SPY190719C301,2019-07-17,2019-07-17 09:32:41,0.39,1.054,5,0.38,1.027,660,0.38,1.027,40,0.385,1.0405,231,40
SPY190719C301,2019-07-17,2019-07-17 09:32:41,0.39,1.054,5,0.38,1.027,848,0.38,1.027,1,0.385,1.0405,191,0
SPY190719C301,2019-07-17,2019-07-17 09:32:42,0.39,1.054,5,0.38,1.027,660,0.38,1.027,40,0.385,1.0405,231,0
SPY190719C301,2019-07-17,2019-07-17 09:32:43,0.39,1.054,548,0.38,1.027,11,0.38,1.027,40,0.385,1.0405,231,0
SPY190719C301,2019-07-17,2019-07-17 09:32:43,0.4,1.081,2100,0.38,1.027,388,0.38,1.027,40,0.39,1.054,231,0
SPY190719C301,2019-07-17,2019-07-17 09:32:47,0.38,1.027,384,0.37,1.0,331,0.38,1.027,1,0.375,1.0135,232,1
SPY190719C301,2019-07-17,2019-07-17 09:32:48,0.38,1.027,5,0.37,1.0,1526,0.37,1.0,1,0.375,1.0135,233,1
SPY190719C301,2019-07-17,2019-07-17 09:32:49,0.39,1.054,397,0.38,1.027,189,0.37,1.0,1,0.385,1.0405,233,0
SPY190719C301,2019-07-17,2019-07-17 09:32:50,0.39,1.054,858,0.38,1.027,189,0.37,1.0,1,0.385,1.0405,233,0
SPY190719C301,2019-07-17,2019-07-17 09:32:51,0.39,1.054,1337,0.38,1.027,189,0.37,1.0,1,0.385,1.0405,233,0
SPY190719C301,2019-07-17,2019-07-17 09:32:51,0.38,1.027,5,0.37,1.0,1210,0.37,1.0,1,0.375,1.0135,233,0
SPY190719C301,2019-07-17,2019-07-17 09:32:52,0.38,1.027,5,0.37,1.0,1138,0.37,1.0,1,0.375,1.0135,233,0
SPY190719C301,2019-07-17,2019-07-17 09:32:53,0.38,1.027,5,0.37,1.0,1188,0.37,1.0,1,0.375,1.0135,233,0
SPY190719C301,2019-07-17,2019-07-17 09:32:54,0.39,1.054,747,0.37,1.0,559,0.37,1.0,1,0.38,1.027,233,0
SPY190719C301,2019-07-17,2019-07-17 09:32:54,0.39,1.054,747,0.37,1.0,481,0.37,1.0,1,0.38,1.027,233,0
SPY190719C301,2019-07-17,2019-07-17 09:32:55,0.39,1.054,1134,0.37,1.0,481,0.37,1.0,1,0.38,1.027,233,0
SPY190719C301,2019-07-17,2019-07-17 09:32:56,0.39,1.054,208,0.38,1.027,319,0.37,1.0,1,0.385,1.0405,233,0
SPY190719C301,2019-07-17,2019-07-17 09:32:56,0.39,1.054,5,0.38,1.027,513,0.37,1.0,1,0.385,1.0405,233,0
SPY190719C301,2019-07-17,2019-07-17 09:32:57,0.39,1.054,225,0.38,1.027,681,0.37,1.0,1,0.385,1.0405,233,0
SPY190719C301,2019-07-17,2019-07-17 09:32:58,0.39,1.054,225,0.38,1.027,681,0.37,1.0,1,0.385,1.0405,233,0
SPY190719C301,2019-07-17,2019-07-17 09:32:59,0.39,1.054,5,0.38,1.027,648,0.37,1.0,1,0.385,1.0405,233,0
SPY190719C301,2019-07-17,2019-07-17 09:32:59,0.39,1.054,225,0.38,1.027,681,0.37,1.0,1,0.385,1.0405,233,0
SPY190719C301,2019-07-17,2019-07-17 09:33:00,0.39,1.054,5,0.38,1.027,773,0.37,1.0,1,0.385,1.0405,233,0
SPY190719C301,2019-07-17,2019-07-17 09:33:00,0.39,1.054,5,0.38,1.027,400,0.37,1.0,1,0.385,1.0405,233,0
SPY190719C301,2019-07-17,2019-07-17 09:33:01,0.39,1.054,5,0.38,1.027,997,0.37,1.0,1,0.385,1.0405,233,0
SPY190719C301,2019-07-17,2019-07-17 09:33:02,0.39,1.054,5,0.38,1.027,838,0.37,1.0,1,0.385,1.0405,233,0
SPY190719C301,2019-07-17,2019-07-17 09:33:02,0.39,1.054,278,0.38,1.027,218,0.37,1.0,1,0.385,1.0405,233,0
SPY190719C301,2019-07-17,2019-07-17 09:33:03,0.39,1.054,856,0.38,1.027,100,0.37,1.0,1,0.385,1.0405,233,0
SPY190719C301,2019-07-17,2019-07-17 09:33:04,0.39,1.054,856,0.38,1.027,161,0.37,1.0,1,0.385,1.0405,233,0
SPY190719C301,2019-07-17,2019-07-17 09:33:05,0.39,1.054,856,0.38,1.027,161,0.37,1.0,1,0.385,1.0405,233,0
SPY190719C301,2019-07-17,2019-07-17 09:33:06,0.39,1.054,856,0.38,1.027,157,0.37,1.0,1,0.385,1.0405,233,0
SPY190719C301,2019-07-17,2019-07-17 09:33:07,0.39,1.054,906,0.38,1.027,157,0.37,1.0,1,0.385,1.0405,233,0
SPY190719C301,2019-07-17,2019-07-17 09:33:08,0.39,1.054,875,0.38,1.027,147,0.37,1.0,1,0.385,1.0405,233,0
SPY190719C301,2019-07-17,2019-07-17 09:33:08,0.39,1.054,906,0.38,1.027,157,0.37,1.0,1,0.385,1.0405,233,0
SPY190719C301,2019-07-17,2019-07-17 09:33:09,0.39,1.054,286,0.38,1.027,157,0.37,1.0,1,0.385,1.0405,233,0
SPY190719C301,2019-07-17,2019-07-17 09:33:09,0.39,1.054,774,0.38,1.027,157,0.37,1.0,1,0.385,1.0405,233,0
SPY190719C301,2019-07-17,2019-07-17 09:33:10,0.39,1.054,774,0.38,1.027,157,0.37,1.0,1,0.385,1.0405,233,0
SPY190719C301,2019-07-17,2019-07-17 09:33:11,0.39,1.054,844,0.38,1.027,157,0.37,1.0,1,0.385,1.0405,233,0
SPY190719C301,2019-07-17,2019-07-17 09:33:12,0.39,1.054,844,0.38,1.027,157,0.37,1.0,1,0.385,1.0405,233,0
SPY190719C301,2019-07-17,2019-07-17 09:33:13,0.39,1.054,844,0.38,1.027,157,0.37,1.0,1,0.385,1.0405,233,0
SPY190719C301,2019-07-17,2019-07-17 09:33:14,0.39,1.054,827,0.38,1.027,157,0.37,1.0,1,0.385,1.0405,233,0
SPY190719C301,2019-07-17,2019-07-17 09:33:14,0.39,1.054,1080,0.38,1.027,157,0.37,1.0,1,0.385,1.0405,233,0
SPY190719C301,2019-07-17,2019-07-17 09:33:15,0.39,1.054,885,0.38,1.027,157,0.37,1.0,1,0.385,1.0405,233,0
SPY190719C301,2019-07-17,2019-07-17 09:33:16,0.39,1.054,572,0.38,1.027,110,0.37,1.0,1,0.385,1.0405,233,0
SPY190719C301,2019-07-17,2019-07-17 09:33:16,0.39,1.054,610,0.38,1.027,157,0.37,1.0,1,0.385,1.0405,233,0
SPY190719C301,2019-07-17,2019-07-17 09:33:18,0.39,1.054,578,0.38,1.027,110,0.37,1.0,1,0.385,1.0405,233,0
SPY190719C301,2019-07-17,2019-07-17 09:33:19,0.39,1.054,2916,0.37,1.0,746,0.37,1.0,1,0.38,1.027,233,0
SPY190719C301,2019-07-17,2019-07-17 09:33:19,0.39,1.054,578,0.38,1.027,8,0.37,1.0,1,0.385,1.0405,233,0
SPY190719C301,2019-07-17,2019-07-17 09:33:20,0.39,1.054,2916,0.37,1.0,746,0.37,1.0,1,0.38,1.027,233,0
SPY190719C301,2019-07-17,2019-07-17 09:33:21,0.38,1.027,100,0.37,1.0,892,0.37,1.0,1,0.375,1.0135,233,0
SPY190719C301,2019-07-17,2019-07-17 09:33:21,0.38,1.027,100,0.37,1.0,6,0.37,1.0,1,0.375,1.0135,233,0
SPY190719C301,2019-07-17,2019-07-17 09:33:22,0.38,1.027,957,0.37,1.0,6,0.37,1.0,1,0.375,1.0135,233,0
SPY190719C301,2019-07-17,2019-07-17 09:33:22,0.38,1.027,1036,0.37,1.0,6,0.37,1.0,1,0.375,1.0135,233,0
SPY190719C301,2019-07-17,2019-07-17 09:33:23,0.37,1.0,363,0.36,0.9729,593,0.37,1.0,1,0.365,0.9864,233,0
SPY190719C301,2019-07-17,2019-07-17 09:33:24,0.37,1.0,363,0.36,0.9729,6,0.37,1.0,1,0.365,0.9864,233,0
SPY190719C301,2019-07-17,2019-07-17 09:33:24,0.37,1.0,699,0.36,0.9729,12,0.36,0.9729,1,0.365,0.9864,234,1
SPY190719C301,2019-07-17,2019-07-17 09:33:25,0.37,1.0,699,0.35,0.9459,690,0.36,0.9729,1,0.36,0.9729,234,0
SPY190719C301,2019-07-17,2019-07-17 09:33:26,0.36,0.9729,5,0.35,0.9459,410,0.36,0.9729,1,0.355,0.9594,234,0
SPY190719C301,2019-07-17,2019-07-17 09:33:26,0.37,1.0,699,0.35,0.9459,577,0.36,0.9729,1,0.36,0.9729,234,0
SPY190719C301,2019-07-17,2019-07-17 09:33:27,0.36,0.9729,5,0.35,0.9459,269,0.36,0.9729,1,0.355,0.9594,234,0
SPY190719C301,2019-07-17,2019-07-17 09:33:27,0.36,0.9729,5,0.35,0.9459,533,0.36,0.9729,1,0.355,0.9594,234,0
SPY190719C301,2019-07-17,2019-07-17 09:33:28,0.37,1.0,235,0.36,0.9729,21,0.36,0.9729,5,0.365,0.9864,239,5
SPY190719C301,2019-07-17,2019-07-17 09:33:28,0.37,1.0,235,0.36,0.9729,61,0.36,0.9729,1,0.365,0.9864,234,0
SPY190719C301,2019-07-17,2019-07-17 09:33:29,0.37,1.0,235,0.36,0.9729,21,0.36,0.9729,5,0.365,0.9864,239,0
SPY190719C301,2019-07-17,2019-07-17 09:33:30,0.37,1.0,235,0.36,0.9729,120,0.36,0.9729,5,0.365,0.9864,239,0
SPY190719C301,2019-07-17,2019-07-17 09:33:30,0.37,1.0,235,0.36,0.9729,140,0.36,0.9729,5,0.365,0.9864,239,0
SPY190719C301,2019-07-17,2019-07-17 09:33:31,0.37,1.0,235,0.36,0.9729,140,0.36,0.9729,5,0.365,0.9864,239,0
SPY190719C301,2019-07-17,2019-07-17 09:33:32,0.37,1.0,128,0.36,0.9729,91,0.36,0.9729,5,0.365,0.9864,239,0
SPY190719C301,2019-07-17,2019-07-17 09:33:33,0.37,1.0,914,0.36,0.9729,91,0.37,1.0,5,0.365,0.9864,244,5
SPY190719C301,2019-07-17,2019-07-17 09:33:33,0.37,1.0,741,0.36,0.9729,91,0.36,0.9729,5,0.365,0.9864,239,0
SPY190719C301,2019-07-17,2019-07-17 09:33:34,0.37,1.0,914,0.36,0.9729,91,0.37,1.0,4,0.365,0.9864,253,9
SPY190719C301,2019-07-17,2019-07-17 09:33:35,0.37,1.0,270,0.36,0.9729,61,0.37,1.0,4,0.365,0.9864,253,0
SPY190719C301,2019-07-17,2019-07-17 09:33:36,0.37,1.0,270,0.36,0.9729,61,0.37,1.0,4,0.365,0.9864,253,0
SPY190719C301,2019-07-17,2019-07-17 09:33:36,0.37,1.0,312,0.36,0.9729,306,0.37,1.0,4,0.365,0.9864,253,0
SPY190719C301,2019-07-17,2019-07-17 09:33:37,0.37,1.0,312,0.36,0.9729,306,0.37,1.0,4,0.365,0.9864,253,0
SPY190719C301,2019-07-17,2019-07-17 09:33:38,0.37,1.0,312,0.36,0.9729,306,0.37,1.0,4,0.365,0.9864,253,0
SPY190719C301,2019-07-17,2019-07-17 09:33:39,0.37,1.0,37,0.36,0.9729,1015,0.37,1.0,4,0.365,0.9864,253,0
SPY190719C301,2019-07-17,2019-07-17 09:33:40,0.37,1.0,348,0.36,0.9729,296,0.37,1.0,4,0.365,0.9864,253,0
SPY190719C301,2019-07-17,2019-07-17 09:33:41,0.37,1.0,318,0.36,0.9729,296,0.37,1.0,4,0.365,0.9864,253,0
SPY190719C301,2019-07-17,2019-07-17 09:33:42,0.37,1.0,1691,0.36,0.9729,14,0.37,1.0,4,0.365,0.9864,253,0
SPY190719C301,2019-07-17,2019-07-17 09:33:42,0.37,1.0,573,0.36,0.9729,147,0.37,1.0,4,0.365,0.9864,253,0
SPY190719C301,2019-07-17,2019-07-17 09:33:43,0.37,1.0,258,0.36,0.9729,14,0.37,1.0,4,0.365,0.9864,253,0
SPY190719C301,2019-07-17,2019-07-17 09:33:43,0.37,1.0,408,0.36,0.9729,14,0.37,1.0,4,0.365,0.9864,253,0
SPY190719C301,2019-07-17,2019-07-17 09:33:44,0.37,1.0,1052,0.36,0.9729,14,0.37,1.0,4,0.365,0.9864,253,0
SPY190719C301,2019-07-17,2019-07-17 09:33:45,0.37,1.0,1899,0.36,0.9729,231,0.37,1.0,4,0.365,0.9864,253,0
SPY190719C301,2019-07-17,2019-07-17 09:33:45,0.37,1.0,1465,0.36,0.9729,231,0.37,1.0,4,0.365,0.9864,253,0
SPY190719C301,2019-07-17,2019-07-17 09:33:46,0.37,1.0,2003,0.36,0.9729,115,0.37,1.0,4,0.365,0.9864,253,0
SPY190719C301,2019-07-17,2019-07-17 09:33:46,0.37,1.0,1713,0.36,0.9729,231,0.37,1.0,4,0.365,0.9864,253,0
SPY190719C301,2019-07-17,2019-07-17 09:33:47,0.37,1.0,700,0.36,0.9729,188,0.36,0.9729,4,0.365,0.9864,257,4
SPY190719C301,2019-07-17,2019-07-17 09:33:47,0.37,1.0,1490,0.36,0.9729,15,0.36,0.9729,4,0.365,0.9864,257,0
SPY190719C301,2019-07-17,2019-07-17 09:33:48,0.37,1.0,1490,0.36,0.9729,139,0.36,0.9729,4,0.365,0.9864,257,0
SPY190719C301,2019-07-17,2019-07-17 09:33:49,0.37,1.0,1490,0.36,0.9729,108,0.36,0.9729,4,0.365,0.9864,257,0
SPY190719C301,2019-07-17,2019-07-17 09:33:49,0.37,1.0,1490,0.36,0.9729,10,0.36,0.9729,4,0.365,0.9864,257,0
SPY190719C301,2019-07-17,2019-07-17 09:33:50,0.37,1.0,442,0.36,0.9729,287,0.36,0.9729,4,0.365,0.9864,257,0
SPY190719C301,2019-07-17,2019-07-17 09:33:50,0.37,1.0,1490,0.36,0.9729,107,0.36,0.9729,4,0.365,0.9864,257,0
SPY190719C301,2019-07-17,2019-07-17 09:33:51,0.37,1.0,445,0.36,0.9729,287,0.36,0.9729,4,0.365,0.9864,257,0
SPY190719C301,2019-07-17,2019-07-17 09:33:51,0.37,1.0,474,0.36,0.9729,357,0.36,0.9729,4,0.365,0.9864,257,0
SPY190719C301,2019-07-17,2019-07-17 09:33:52,0.37,1.0,31,0.36,0.9729,818,0.36,0.9729,4,0.365,0.9864,257,0
SPY190719C301,2019-07-17,2019-07-17 09:33:53,0.37,1.0,31,0.36,0.9729,746,0.36,0.9729,4,0.365,0.9864,257,0
SPY190719C301,2019-07-17,2019-07-17 09:33:53,0.37,1.0,101,0.36,0.9729,548,0.36,0.9729,4,0.365,0.9864,257,0
SPY190719C301,2019-07-17,2019-07-17 09:33:54,0.37,1.0,178,0.36,0.9729,328,0.36,0.9729,4,0.365,0.9864,257,0
SPY190719C301,2019-07-17,2019-07-17 09:33:54,0.37,1.0,361,0.36,0.9729,258,0.36,0.9729,4,0.365,0.9864,257,0
SPY190719C301,2019-07-17,2019-07-17 09:33:55,0.37,1.0,1849,0.36,0.9729,157,0.36,0.9729,4,0.365,0.9864,257,0
SPY190719C301,2019-07-17,2019-07-17 09:33:55,0.37,1.0,1339,0.36,0.9729,100,0.36,0.9729,4,0.365,0.9864,257,0
SPY190719C301,2019-07-17,2019-07-17 09:33:56,0.37,1.0,2407,0.36,0.9729,165,0.36,0.9729,4,0.365,0.9864,257,0
SPY190719C301,2019-07-17,2019-07-17 09:33:56,0.37,1.0,1753,0.36,0.9729,165,0.36,0.9729,4,0.365,0.9864,257,0
SPY190719C301,2019-07-17,2019-07-17 09:33:58,0.37,1.0,819,0.36,0.9729,245,0.36,0.9729,4,0.365,0.9864,257,0
SPY190719C301,2019-07-17,2019-07-17 09:33:58,0.37,1.0,819,0.36,0.9729,165,0.36,0.9729,4,0.365,0.9864,257,0
SPY190719C301,2019-07-17,2019-07-17 09:33:59,0.37,1.0,807,0.36,0.9729,245,0.36,0.9729,4,0.365,0.9864,257,0
SPY190719C301,2019-07-17,2019-07-17 09:33:59,0.37,1.0,971,0.36,0.9729,245,0.36,0.9729,4,0.365,0.9864,257,0
SPY190719C301,2019-07-17,2019-07-17 09:34:00,0.37,1.0,472,0.36,0.9729,244,0.36,0.9729,4,0.365,0.9864,257,0
SPY190719C301,2019-07-17,2019-07-17 09:34:01,0.37,1.0,568,0.36,0.9729,244,0.36,0.9729,4,0.365,0.9864,257,0
SPY190719C301,2019-07-17,2019-07-17 09:34:01,0.37,1.0,772,0.36,0.9729,244,0.36,0.9729,4,0.365,0.9864,261,4
SPY190719C301,2019-07-17,2019-07-17 09:34:02,0.37,1.0,772,0.36,0.9729,274,0.37,1.0,10,0.365,0.9864,271,10
SPY190719C301,2019-07-17,2019-07-17 09:34:03,0.37,1.0,772,0.36,0.9729,344,0.37,1.0,10,0.365,0.9864,271,0
SPY190719C301,2019-07-17,2019-07-17 09:34:04,0.37,1.0,610,0.36,0.9729,344,0.37,1.0,10,0.365,0.9864,271,0
SPY190719C301,2019-07-17,2019-07-17 09:34:04,0.37,1.0,772,0.36,0.9729,344,0.37,1.0,10,0.365,0.9864,271,0
SPY190719C301,2019-07-17,2019-07-17 09:34:05,0.37,1.0,772,0.36,0.9729,344,0.37,1.0,10,0.365,0.9864,271,0
SPY190719C301,2019-07-17,2019-07-17 09:34:06,0.37,1.0,772,0.36,0.9729,344,0.37,1.0,10,0.365,0.9864,271,0
SPY190719C301,2019-07-17,2019-07-17 09:34:07,0.37,1.0,1259,0.36,0.9729,464,0.37,1.0,10,0.365,0.9864,281,0
SPY190719C301,2019-07-17,2019-07-17 09:34:07,0.37,1.0,1259,0.36,0.9729,464,0.37,1.0,10,0.365,0.9864,281,10
SPY190719C301,2019-07-17,2019-07-17 09:34:08,0.37,1.0,1259,0.36,0.9729,464,0.37,1.0,10,0.365,0.9864,281,0
SPY190719C301,2019-07-17,2019-07-17 09:34:09,0.37,1.0,1259,0.36,0.9729,464,0.37,1.0,10,0.365,0.9864,281,0
SPY190719C301,2019-07-17,2019-07-17 09:34:09,0.37,1.0,772,0.36,0.9729,263,0.37,1.0,10,0.365,0.9864,281,0
SPY190719C301,2019-07-17,2019-07-17 09:34:11,0.37,1.0,165,0.36,0.9729,1030,0.37,1.0,10,0.365,0.9864,281,0
SPY190719C301,2019-07-17,2019-07-17 09:34:12,0.37,1.0,88,0.36,0.9729,956,0.37,1.0,10,0.365,0.9864,291,10
SPY190719C301,2019-07-17,2019-07-17 09:34:14,0.37,1.0,18,0.36,0.9729,2519,0.37,1.0,10,0.365,0.9864,291,0
SPY190719C301,2019-07-17,2019-07-17 09:34:15,0.38,1.027,426,0.37,1.0,136,0.37,1.0,5,0.375,1.0135,312,21
SPY190719C301,2019-07-17,2019-07-17 09:34:16,0.38,1.027,1981,0.37,1.0,6,0.37,1.0,5,0.375,1.0135,312,0
SPY190719C301,2019-07-17,2019-07-17 09:34:16,0.38,1.027,1136,0.37,1.0,6,0.37,1.0,5,0.375,1.0135,312,0
SPY190719C301,2019-07-17,2019-07-17 09:34:17,0.38,1.027,430,0.37,1.0,125,0.37,1.0,5,0.375,1.0135,312,0
SPY190719C301,2019-07-17,2019-07-17 09:34:18,0.38,1.027,1791,0.37,1.0,45,0.37,1.0,5,0.375,1.0135,312,0
SPY190719C301,2019-07-17,2019-07-17 09:34:19,0.38,1.027,2186,0.37,1.0,12,0.38,1.027,13,0.375,1.0135,325,0
SPY190719C301,2019-07-17,2019-07-17 09:34:19,0.38,1.027,2186,0.37,1.0,6,0.38,1.027,13,0.375,1.0135,325,13
SPY190719C301,2019-07-17,2019-07-17 09:34:20,0.38,1.027,1444,0.37,1.0,12,0.38,1.027,13,0.375,1.0135,325,0
SPY190719C301,2019-07-17,2019-07-17 09:34:21,0.38,1.027,1411,0.37,1.0,12,0.38,1.027,13,0.375,1.0135,325,0
SPY190719C301,2019-07-17,2019-07-17 09:34:22,0.38,1.027,147,0.37,1.0,1119,0.38,1.027,13,0.375,1.0135,325,0
SPY190719C301,2019-07-17,2019-07-17 09:34:23,0.39,1.054,1168,0.37,1.0,1794,0.38,1.027,13,0.38,1.027,325,0
SPY190719C301,2019-07-17,2019-07-17 09:34:23,0.39,1.054,402,0.38,1.027,6,0.38,1.027,13,0.385,1.0405,325,0
SPY190719C301,2019-07-17,2019-07-17 09:34:24,0.39,1.054,828,0.38,1.027,10,0.39,1.054,1,0.385,1.0405,326,1
SPY190719C301,2019-07-17,2019-07-17 09:34:28,0.39,1.054,142,0.38,1.027,2161,0.39,1.054,1,0.385,1.0405,326,0
SPY190719C301,2019-07-17,2019-07-17 09:34:29,0.39,1.054,74,0.38,1.027,1773,0.39,1.054,1,0.385,1.0405,326,0
SPY190719C301,2019-07-17,2019-07-17 09:34:30,0.39,1.054,74,0.38,1.027,2187,0.39,1.054,1,0.385,1.0405,326,0
SPY190719C301,2019-07-17,2019-07-17 09:34:31,0.39,1.054,138,0.38,1.027,1629,0.39,1.054,1,0.385,1.0405,326,0
SPY190719C301,2019-07-17,2019-07-17 09:34:31,0.39,1.054,138,0.38,1.027,2783,0.39,1.054,1,0.385,1.0405,326,0
SPY190719C301,2019-07-17,2019-07-17 09:34:32,0.39,1.054,138,0.38,1.027,2783,0.39,1.054,1,0.385,1.0405,326,0
SPY190719C301,2019-07-17,2019-07-17 09:34:33,0.39,1.054,138,0.38,1.027,2833,0.39,1.054,1,0.385,1.0405,326,0
SPY190719C301,2019-07-17,2019-07-17 09:34:33,0.39,1.054,4,0.38,1.027,2873,0.39,1.054,1,0.385,1.0405,326,0
SPY190719C301,2019-07-17,2019-07-17 09:34:34,0.39,1.054,4,0.38,1.027,2873,0.39,1.054,1,0.385,1.0405,326,0
SPY190719C301,2019-07-17,2019-07-17 09:34:34,0.39,1.054,4,0.38,1.027,3133,0.39,1.054,1,0.385,1.0405,326,0
SPY190719C301,2019-07-17,2019-07-17 09:34:35,0.39,1.054,4,0.38,1.027,2935,0.39,1.054,4,0.385,1.0405,330,4
SPY190719C301,2019-07-17,2019-07-17 09:34:35,0.39,1.054,1,0.38,1.027,2372,0.39,1.054,4,0.385,1.0405,330,0
SPY190719C301,2019-07-17,2019-07-17 09:34:36,0.4,1.081,674,0.39,1.054,749,0.39,1.054,1,0.395,1.0675,331,0
SPY190719C301,2019-07-17,2019-07-17 09:34:36,0.4,1.081,674,0.39,1.054,749,0.39,1.054,1,0.395,1.0675,331,1
SPY190719C301,2019-07-17,2019-07-17 09:34:37,0.4,1.081,674,0.39,1.054,749,0.39,1.054,1,0.395,1.0675,331,0
SPY190719C301,2019-07-17,2019-07-17 09:34:38,0.4,1.081,292,0.39,1.054,734,0.39,1.054,1,0.395,1.0675,331,0
SPY190719C301,2019-07-17,2019-07-17 09:34:38,0.4,1.081,393,0.39,1.054,734,0.39,1.054,1,0.395,1.0675,331,0
SPY190719C301,2019-07-17,2019-07-17 09:34:39,0.4,1.081,1836,0.39,1.054,641,0.39,1.054,1,0.395,1.0675,331,0
SPY190719C301,2019-07-17,2019-07-17 09:34:39,0.4,1.081,292,0.39,1.054,734,0.39,1.054,1,0.395,1.0675,331,0
SPY190719C301,2019-07-17,2019-07-17 09:34:40,0.4,1.081,1241,0.39,1.054,785,0.39,1.054,1,0.395,1.0675,331,0
SPY190719C301,2019-07-17,2019-07-17 09:34:51,0.41,1.1081,1479,0.39,1.054,2752,0.39,1.054,14,0.4,1.081,345,14
SPY190719C301,2019-07-17,2019-07-17 09:34:55,0.41,1.1081,150,0.4,1.081,1180,0.39,1.054,10,0.405,1.0945,445,100
SPY190719C301,2019-07-17,2019-07-17 09:34:56,0.41,1.1081,2023,0.4,1.081,269,0.39,1.054,10,0.405,1.0945,445,0
SPY190719C301,2019-07-17,2019-07-17 09:34:56,0.41,1.1081,150,0.4,1.081,916,0.39,1.054,10,0.405,1.0945,445,0
SPY190719C301,2019-07-17,2019-07-17 09:34:57,0.41,1.1081,2023,0.4,1.081,269,0.39,1.054,10,0.405,1.0945,445,0
SPY190719C301,2019-07-17,2019-07-17 09:34:58,0.41,1.1081,1390,0.4,1.081,300,0.39,1.054,10,0.405,1.0945,445,0
SPY190719C301,2019-07-17,2019-07-17 09:34:59,0.41,1.1081,667,0.4,1.081,622,0.39,1.054,10,0.405,1.0945,445,0
SPY190719C301,2019-07-17,2019-07-17 09:34:59,0.41,1.1081,667,0.4,1.081,1261,0.39,1.054,10,0.405,1.0945,445,0
SPY190719C301,2019-07-17,2019-07-17 09:35:00,0.41,1.1081,667,0.4,1.081,1553,0.39,1.054,10,0.405,1.0945,445,0
SPY190719C301,2019-07-17,2019-07-17 09:35:01,0.41,1.1081,2,0.4,1.081,2382,0.39,1.054,10,0.405,1.0945,445,0
SPY190719C301,2019-07-17,2019-07-17 09:35:01,0.41,1.1081,2,0.4,1.081,2940,0.39,1.054,10,0.405,1.0945,445,0
SPY190719C301,2019-07-17,2019-07-17 09:35:02,0.41,1.1081,2,0.4,1.081,3272,0.39,1.054,10,0.405,1.0945,445,0
SPY190719C301,2019-07-17,2019-07-17 09:35:02,0.41,1.1081,2,0.4,1.081,2940,0.39,1.054,10,0.405,1.0945,445,0
SPY190719C301,2019-07-17,2019-07-17 09:35:03,0.41,1.1081,2,0.4,1.081,3075,0.39,1.054,10,0.405,1.0945,445,0
SPY190719C301,2019-07-17,2019-07-17 09:35:03,0.41,1.1081,2,0.4,1.081,1097,0.39,1.054,10,0.405,1.0945,445,0
SPY190719C301,2019-07-17,2019-07-17 09:35:04,0.41,1.1081,2,0.4,1.081,1741,0.39,1.054,10,0.405,1.0945,445,0
SPY190719C301,2019-07-17,2019-07-17 09:35:05,0.41,1.1081,2,0.4,1.081,1388,0.39,1.054,10,0.405,1.0945,445,0
SPY190719C301,2019-07-17,2019-07-17 09:35:05,0.41,1.1081,2,0.4,1.081,1759,0.39,1.054,10,0.405,1.0945,445,0
SPY190719C301,2019-07-17,2019-07-17 09:35:06,0.41,1.1081,2,0.4,1.081,2215,0.39,1.054,10,0.405,1.0945,445,0
SPY190719C301,2019-07-17,2019-07-17 09:35:07,0.42,1.1351,2,0.41,1.1081,672,0.41,1.1081,2,0.415,1.1216,447,2
SPY190719C301,2019-07-17,2019-07-17 09:35:07,0.42,1.1351,2,0.41,1.1081,2555,0.41,1.1081,2,0.415,1.1216,447,0
SPY190719C301,2019-07-17,2019-07-17 09:35:08,0.42,1.1351,2,0.41,1.1081,2820,0.41,1.1081,2,0.415,1.1216,447,0
SPY190719C301,2019-07-17,2019-07-17 09:35:09,0.42,1.1351,2,0.41,1.1081,2825,0.41,1.1081,2,0.415,1.1216,447,0
SPY190719C301,2019-07-17,2019-07-17 09:35:10,0.42,1.1351,2,0.41,1.1081,2825,0.41,1.1081,2,0.415,1.1216,447,0
SPY190719C301,2019-07-17,2019-07-17 09:35:10,0.42,1.1351,2,0.41,1.1081,2525,0.41,1.1081,2,0.415,1.1216,447,0
SPY190719C301,2019-07-17,2019-07-17 09:35:11,0.43,1.1621,100,0.42,1.1351,1,0.42,1.1351,2,0.425,1.1486,449,2
SPY190719C301,2019-07-17,2019-07-17 09:35:12,0.43,1.1621,2,0.42,1.1351,1717,0.42,1.1351,2,0.425,1.1486,449,0
SPY190719C301,2019-07-17,2019-07-17 09:35:12,0.43,1.1621,2,0.42,1.1351,1140,0.42,1.1351,1,0.425,1.1486,450,1
SPY190719C301,2019-07-17,2019-07-17 09:35:13,0.43,1.1621,41,0.42,1.1351,1054,0.42,1.1351,1,0.425,1.1486,450,0
SPY190719C301,2019-07-17,2019-07-17 09:35:13,0.43,1.1621,2,0.42,1.1351,1182,0.42,1.1351,1,0.425,1.1486,450,0
SPY190719C301,2019-07-17,2019-07-17 09:35:14,0.43,1.1621,41,0.42,1.1351,1054,0.42,1.1351,1,0.425,1.1486,450,0
SPY190719C301,2019-07-17,2019-07-17 09:35:14,0.43,1.1621,47,0.42,1.1351,887,0.42,1.1351,1,0.425,1.1486,450,0
SPY190719C301,2019-07-17,2019-07-17 09:35:15,0.43,1.1621,367,0.42,1.1351,2,0.43,1.1621,15,0.425,1.1486,465,15
SPY190719C301,2019-07-17,2019-07-17 09:35:15,0.43,1.1621,646,0.42,1.1351,2,0.43,1.1621,15,0.425,1.1486,465,0
SPY190719C301,2019-07-17,2019-07-17 09:35:16,0.43,1.1621,930,0.42,1.1351,2,0.43,1.1621,15,0.425,1.1486,465,0
SPY190719C301,2019-07-17,2019-07-17 09:35:17,0.43,1.1621,1332,0.42,1.1351,2,0.43,1.1621,15,0.425,1.1486,465,0
SPY190719C301,2019-07-17,2019-07-17 09:35:17,0.43,1.1621,1372,0.42,1.1351,2,0.43,1.1621,15,0.425,1.1486,465,0
SPY190719C301,2019-07-17,2019-07-17 09:35:18,0.43,1.1621,1634,0.42,1.1351,2,0.43,1.1621,15,0.425,1.1486,465,0
SPY190719C301,2019-07-17,2019-07-17 09:35:18,0.42,1.1351,419,0.41,1.1081,5,0.42,1.1351,2,0.415,1.1216,472,7
SPY190719C301,2019-07-17,2019-07-17 09:35:19,0.42,1.1351,539,0.41,1.1081,264,0.42,1.1351,10,0.415,1.1216,482,10
SPY190719C301,2019-07-17,2019-07-17 09:35:20,0.42,1.1351,650,0.41,1.1081,637,0.42,1.1351,10,0.415,1.1216,482,0
SPY190719C301,2019-07-17,2019-07-17 09:35:20,0.42,1.1351,426,0.41,1.1081,394,0.42,1.1351,10,0.415,1.1216,482,0
SPY190719C301,2019-07-17,2019-07-17 09:35:21,0.42,1.1351,780,0.41,1.1081,394,0.42,1.1351,10,0.415,1.1216,482,0
SPY190719C301,2019-07-17,2019-07-17 09:35:22,0.42,1.1351,1194,0.41,1.1081,394,0.42,1.1351,10,0.415,1.1216,482,0
SPY190719C301,2019-07-17,2019-07-17 09:35:22,0.42,1.1351,1035,0.41,1.1081,261,0.42,1.1351,10,0.415,1.1216,482,0
SPY190719C301,2019-07-17,2019-07-17 09:35:23,0.42,1.1351,988,0.41,1.1081,510,0.42,1.1351,10,0.415,1.1216,482,0
SPY190719C301,2019-07-17,2019-07-17 09:35:23,0.42,1.1351,1194,0.41,1.1081,459,0.42,1.1351,10,0.415,1.1216,482,0
SPY190719C301,2019-07-17,2019-07-17 09:35:24,0.42,1.1351,526,0.41,1.1081,757,0.42,1.1351,10,0.415,1.1216,482,0
SPY190719C301,2019-07-17,2019-07-17 09:35:24,0.42,1.1351,1317,0.41,1.1081,510,0.42,1.1351,10,0.415,1.1216,482,0
SPY190719C301,2019-07-17,2019-07-17 09:35:25,0.42,1.1351,496,0.41,1.1081,757,0.42,1.1351,10,0.415,1.1216,482,0
SPY190719C301,2019-07-17,2019-07-17 09:35:25,0.42,1.1351,496,0.41,1.1081,646,0.42,1.1351,10,0.415,1.1216,482,0
SPY190719C301,2019-07-17,2019-07-17 09:35:26,0.42,1.1351,286,0.41,1.1081,805,0.42,1.1351,10,0.415,1.1216,482,0
SPY190719C301,2019-07-17,2019-07-17 09:35:27,0.42,1.1351,464,0.41,1.1081,797,0.42,1.1351,10,0.415,1.1216,482,0
SPY190719C301,2019-07-17,2019-07-17 09:35:27,0.42,1.1351,535,0.41,1.1081,797,0.42,1.1351,10,0.415,1.1216,482,0
SPY190719C301,2019-07-17,2019-07-17 09:35:28,0.42,1.1351,346,0.41,1.1081,765,0.42,1.1351,10,0.415,1.1216,482,0
SPY190719C301,2019-07-17,2019-07-17 09:35:28,0.42,1.1351,535,0.41,1.1081,797,0.42,1.1351,10,0.415,1.1216,482,0
SPY190719C301,2019-07-17,2019-07-17 09:35:29,0.42,1.1351,575,0.41,1.1081,663,0.42,1.1351,10,0.415,1.1216,482,0
SPY190719C301,2019-07-17,2019-07-17 09:35:29,0.42,1.1351,712,0.41,1.1081,663,0.42,1.1351,10,0.415,1.1216,482,0
SPY190719C301,2019-07-17,2019-07-17 09:35:30,0.42,1.1351,912,0.41,1.1081,641,0.42,1.1351,10,0.415,1.1216,482,0
SPY190719C301,2019-07-17,2019-07-17 09:35:31,0.42,1.1351,935,0.41,1.1081,763,0.42,1.1351,10,0.415,1.1216,482,0
SPY190719C301,2019-07-17,2019-07-17 09:35:32,0.42,1.1351,942,0.41,1.1081,763,0.42,1.1351,10,0.415,1.1216,482,0
SPY190719C301,2019-07-17,2019-07-17 09:35:33,0.42,1.1351,770,0.41,1.1081,245,0.42,1.1351,10,0.415,1.1216,482,0
SPY190719C301,2019-07-17,2019-07-17 09:35:33,0.42,1.1351,837,0.41,1.1081,88,0.42,1.1351,10,0.415,1.1216,482,0
SPY190719C301,2019-07-17,2019-07-17 09:35:34,0.42,1.1351,2173,0.41,1.1081,191,0.42,1.1351,10,0.415,1.1216,482,0
SPY190719C301,2019-07-17,2019-07-17 09:35:34,0.42,1.1351,1976,0.41,1.1081,191,0.42,1.1351,10,0.415,1.1216,482,0
SPY190719C301,2019-07-17,2019-07-17 09:35:35,0.41,1.1081,124,0.4,1.081,1442,0.42,1.1351,10,0.405,1.0945,482,0
SPY190719C301,2019-07-17,2019-07-17 09:35:36,0.41,1.1081,1644,0.4,1.081,458,0.42,1.1351,10,0.405,1.0945,482,0
SPY190719C301,2019-07-17,2019-07-17 09:35:36,0.41,1.1081,2159,0.4,1.081,11,0.42,1.1351,10,0.405,1.0945,482,0
SPY190719C301,2019-07-17,2019-07-17 09:35:37,0.41,1.1081,131,0.4,1.081,1377,0.42,1.1351,10,0.405,1.0945,482,0
SPY190719C301,2019-07-17,2019-07-17 09:35:37,0.41,1.1081,131,0.4,1.081,974,0.42,1.1351,10,0.405,1.0945,482,0
SPY190719C301,2019-07-17,2019-07-17 09:35:38,0.41,1.1081,157,0.4,1.081,974,0.42,1.1351,10,0.405,1.0945,482,0
SPY190719C301,2019-07-17,2019-07-17 09:35:39,0.41,1.1081,167,0.4,1.081,1229,0.42,1.1351,10,0.405,1.0945,482,0
SPY190719C301,2019-07-17,2019-07-17 09:35:40,0.41,1.1081,157,0.4,1.081,1229,0.42,1.1351,10,0.405,1.0945,482,0
SPY190719C301,2019-07-17,2019-07-17 09:35:40,0.41,1.1081,157,0.4,1.081,1772,0.42,1.1351,10,0.405,1.0945,482,0
SPY190719C301,2019-07-17,2019-07-17 09:35:41,0.42,1.1351,1246,0.41,1.1081,264,0.42,1.1351,10,0.415,1.1216,482,0
SPY190719C301,2019-07-17,2019-07-17 09:35:41,0.42,1.1351,1452,0.41,1.1081,5,0.42,1.1351,10,0.415,1.1216,482,0
SPY190719C301,2019-07-17,2019-07-17 09:35:42,0.42,1.1351,740,0.41,1.1081,521,0.42,1.1351,10,0.415,1.1216,482,0
SPY190719C301,2019-07-17,2019-07-17 09:35:42,0.42,1.1351,1246,0.41,1.1081,521,0.42,1.1351,10,0.415,1.1216,482,0
SPY190719C301,2019-07-17,2019-07-17 09:35:43,0.42,1.1351,1134,0.4,1.081,601,0.42,1.1351,10,0.41,1.1081,482,0
SPY190719C301,2019-07-17,2019-07-17 09:35:44,0.41,1.1081,86,0.4,1.081,449,0.42,1.1351,10,0.405,1.0945,482,0
SPY190719C301,2019-07-17,2019-07-17 09:35:44,0.41,1.1081,80,0.4,1.081,1610,0.42,1.1351,10,0.405,1.0945,482,0
SPY190719C301,2019-07-17,2019-07-17 09:35:45,0.41,1.1081,1371,0.4,1.081,5,0.42,1.1351,10,0.405,1.0945,482,0
SPY190719C301,2019-07-17,2019-07-17 09:35:45,0.41,1.1081,533,0.4,1.081,449,0.42,1.1351,10,0.405,1.0945,482,0
SPY190719C301,2019-07-17,2019-07-17 09:35:46,0.41,1.1081,1444,0.4,1.081,5,0.42,1.1351,10,0.405,1.0945,482,0
SPY190719C301,2019-07-17,2019-07-17 09:35:47,0.41,1.1081,1444,0.4,1.081,5,0.41,1.1081,4,0.405,1.0945,486,4
SPY190719C301,2019-07-17,2019-07-17 09:35:47,0.41,1.1081,1444,0.4,1.081,5,0.42,1.1351,10,0.405,1.0945,482,0
SPY190719C301,2019-07-17,2019-07-17 09:35:48,0.41,1.1081,1324,0.4,1.081,5,0.41,1.1081,4,0.405,1.0945,486,0
SPY190719C301,2019-07-17,2019-07-17 09:35:49,0.41,1.1081,1324,0.4,1.081,5,0.41,1.1081,4,0.405,1.0945,486,0
SPY190719C301,2019-07-17,2019-07-17 09:35:49,0.41,1.1081,1894,0.4,1.081,5,0.41,1.1081,4,0.405,1.0945,486,0
SPY190719C301,2019-07-17,2019-07-17 09:35:50,0.41,1.1081,1350,0.4,1.081,8,0.41,1.1081,4,0.405,1.0945,486,0
SPY190719C301,2019-07-17,2019-07-17 09:35:50,0.4,1.081,282,0.39,1.054,843,0.41,1.1081,4,0.395,1.0675,486,0
SPY190719C301,2019-07-17,2019-07-17 09:35:51,0.4,1.081,282,0.39,1.054,843,0.41,1.1081,4,0.395,1.0675,486,0
SPY190719C301,2019-07-17,2019-07-17 09:35:51,0.4,1.081,122,0.39,1.054,839,0.4,1.081,1,0.395,1.0675,487,1
SPY190719C301,2019-07-17,2019-07-17 09:35:52,0.4,1.081,122,0.39,1.054,839,0.4,1.081,1,0.395,1.0675,487,0
SPY190719C301,2019-07-17,2019-07-17 09:35:53,0.4,1.081,190,0.39,1.054,399,0.4,1.081,1,0.395,1.0675,487,0
SPY190719C301,2019-07-17,2019-07-17 09:35:53,0.4,1.081,190,0.39,1.054,961,0.4,1.081,1,0.395,1.0675,487,0
SPY190719C301,2019-07-17,2019-07-17 09:35:54,0.4,1.081,477,0.39,1.054,533,0.4,1.081,1,0.395,1.0675,487,0
SPY190719C301,2019-07-17,2019-07-17 09:35:54,0.4,1.081,16,0.39,1.054,820,0.4,1.081,1,0.395,1.0675,487,0
SPY190719C301,2019-07-17,2019-07-17 09:35:55,0.4,1.081,101,0.39,1.054,820,0.4,1.081,1,0.395,1.0675,487,0
SPY190719C301,2019-07-17,2019-07-17 09:35:56,0.4,1.081,765,0.39,1.054,571,0.4,1.081,1,0.395,1.0675,487,0
SPY190719C301,2019-07-17,2019-07-17 09:35:56,0.4,1.081,190,0.39,1.054,2030,0.4,1.081,1,0.395,1.0675,487,0
SPY190719C301,2019-07-17,2019-07-17 09:35:57,0.4,1.081,1371,0.39,1.054,62,0.4,1.081,1,0.395,1.0675,487,0
SPY190719C301,2019-07-17,2019-07-17 09:35:57,0.4,1.081,1861,0.39,1.054,62,0.4,1.081,1,0.395,1.0675,487,0
SPY190719C301,2019-07-17,2019-07-17 09:35:58,0.39,1.054,10,0.38,1.027,6,0.4,1.081,1,0.385,1.0405,487,0
SPY190719C301,2019-07-17,2019-07-17 09:35:58,0.39,1.054,770,0.38,1.027,5,0.38,1.027,35,0.385,1.0405,524,37
SPY190719C301,2019-07-17,2019-07-17 09:35:59,0.38,1.027,65,0.38,1.027,5,0.38,1.027,35,0.38,1.027,524,0
SPY190719C301,2019-07-17,2019-07-17 09:36:00,0.38,1.027,613,0.37,1.0,438,0.38,1.027,35,0.375,1.0135,524,0
SPY190719C301,2019-07-17,2019-07-17 09:36:00,0.38,1.027,212,0.37,1.0,438,0.38,1.027,35,0.375,1.0135,524,0
SPY190719C301,2019-07-17,2019-07-17 09:36:01,0.38,1.027,1005,0.37,1.0,10,0.38,1.027,35,0.375,1.0135,524,0
SPY190719C301,2019-07-17,2019-07-17 09:36:02,0.38,1.027,1057,0.37,1.0,10,0.38,1.027,35,0.375,1.0135,524,0
SPY190719C301,2019-07-17,2019-07-17 09:36:02,0.38,1.027,933,0.37,1.0,100,0.38,1.027,35,0.375,1.0135,524,0
SPY190719C301,2019-07-17,2019-07-17 09:36:03,0.37,1.0,107,0.36,0.9729,433,0.38,1.027,35,0.365,0.9864,524,0
SPY190719C301,2019-07-17,2019-07-17 09:36:03,0.37,1.0,107,0.36,0.9729,596,0.38,1.027,35,0.365,0.9864,524,0
SPY190719C301,2019-07-17,2019-07-17 09:36:04,0.37,1.0,804,0.36,0.9729,210,0.38,1.027,35,0.365,0.9864,524,0
SPY190719C301,2019-07-17,2019-07-17 09:36:05,0.37,1.0,1360,0.36,0.9729,55,0.36,0.9729,1,0.365,0.9864,531,7
SPY190719C301,2019-07-17,2019-07-17 09:36:05,0.37,1.0,1146,0.36,0.9729,210,0.38,1.027,35,0.365,0.9864,524,0
SPY190719C301,2019-07-17,2019-07-17 09:36:06,0.36,0.9729,36,0.35,0.9459,909,0.36,0.9729,3,0.355,0.9594,534,3
SPY190719C301,2019-07-17,2019-07-17 09:36:06,0.36,0.9729,185,0.35,0.9459,909,0.36,0.9729,3,0.355,0.9594,534,0
SPY190719C301,2019-07-17,2019-07-17 09:36:07,0.36,0.9729,264,0.35,0.9459,909,0.35,0.9459,20,0.355,0.9594,554,20
SPY190719C301,2019-07-17,2019-07-17 09:36:07,0.36,0.9729,436,0.35,0.9459,776,0.35,0.9459,20,0.355,0.9594,554,0
SPY190719C301,2019-07-17,2019-07-17 09:36:08,0.36,0.9729,722,0.35,0.9459,279,0.35,0.9459,20,0.355,0.9594,554,0
SPY190719C301,2019-07-17,2019-07-17 09:36:08,0.36,0.9729,1237,0.35,0.9459,117,0.35,0.9459,20,0.355,0.9594,554,0
SPY190719C301,2019-07-17,2019-07-17 09:36:09,0.36,0.9729,857,0.35,0.9459,155,0.35,0.9459,20,0.355,0.9594,554,0
SPY190719C301,2019-07-17,2019-07-17 09:36:09,0.36,0.9729,573,0.35,0.9459,66,0.35,0.9459,20,0.355,0.9594,554,0
SPY190719C301,2019-07-17,2019-07-17 09:36:10,0.36,0.9729,1084,0.35,0.9459,130,0.35,0.9459,20,0.355,0.9594,554,0
SPY190719C301,2019-07-17,2019-07-17 09:36:11,0.36,0.9729,1095,0.35,0.9459,140,0.35,0.9459,20,0.355,0.9594,554,0
SPY190719C301,2019-07-17,2019-07-17 09:36:12,0.36,0.9729,1447,0.35,0.9459,140,0.35,0.9459,20,0.355,0.9594,554,0
SPY190719C301,2019-07-17,2019-07-17 09:36:12,0.36,0.9729,1209,0.35,0.9459,140,0.35,0.9459,20,0.355,0.9594,554,0
SPY190719C301,2019-07-17,2019-07-17 09:36:13,0.36,0.9729,1444,0.35,0.9459,170,0.35,0.9459,20,0.355,0.9594,554,0
SPY190719C301,2019-07-17,2019-07-17 09:36:13,0.36,0.9729,1447,0.35,0.9459,140,0.35,0.9459,20,0.355,0.9594,554,0
SPY190719C301,2019-07-17,2019-07-17 09:36:14,0.36,0.9729,1799,0.35,0.9459,170,0.35,0.9459,20,0.355,0.9594,554,0
SPY190719C301,2019-07-17,2019-07-17 09:36:15,0.36,0.9729,800,0.35,0.9459,144,0.35,0.9459,20,0.355,0.9594,554,0
SPY190719C301,2019-07-17,2019-07-17 09:36:15,0.36,0.9729,1455,0.35,0.9459,170,0.35,0.9459,20,0.355,0.9594,554,0
SPY190719C301,2019-07-17,2019-07-17 09:36:16,0.36,0.9729,301,0.35,0.9459,1796,0.35,0.9459,20,0.355,0.9594,554,0
SPY190719C301,2019-07-17,2019-07-17 09:36:16,0.36,0.9729,319,0.35,0.9459,566,0.35,0.9459,20,0.355,0.9594,554,0
SPY190719C301,2019-07-17,2019-07-17 09:36:17,0.36,0.9729,155,0.35,0.9459,313,0.35,0.9459,20,0.355,0.9594,554,0
SPY190719C301,2019-07-17,2019-07-17 09:36:17,0.36,0.9729,301,0.35,0.9459,1896,0.35,0.9459,20,0.355,0.9594,554,0
SPY190719C301,2019-07-17,2019-07-17 09:36:18,0.37,1.0,702,0.36,0.9729,105,0.36,0.9729,5,0.365,0.9864,559,5
SPY190719C301,2019-07-17,2019-07-17 09:36:18,0.36,0.9729,242,0.35,0.9459,716,0.35,0.9459,20,0.355,0.9594,554,0
SPY190719C301,2019-07-17,2019-07-17 09:36:19,0.37,1.0,169,0.36,0.9729,99,0.36,0.9729,5,0.365,0.9864,559,0
SPY190719C301,2019-07-17,2019-07-17 09:36:20,0.37,1.0,1083,0.36,0.9729,159,0.36,0.9729,5,0.365,0.9864,559,0
SPY190719C301,2019-07-17,2019-07-17 09:36:20,0.37,1.0,849,0.36,0.9729,179,0.36,0.9729,5,0.365,0.9864,559,0
SPY190719C301,2019-07-17,2019-07-17 09:36:21,0.37,1.0,1609,0.36,0.9729,179,0.36,0.9729,5,0.365,0.9864,559,0
SPY190719C301,2019-07-17,2019-07-17 09:36:21,0.37,1.0,1588,0.36,0.9729,244,0.36,0.9729,5,0.365,0.9864,559,0
SPY190719C301,2019-07-17,2019-07-17 09:36:22,0.37,1.0,1761,0.36,0.9729,244,0.36,0.9729,5,0.365,0.9864,559,0
SPY190719C301,2019-07-17,2019-07-17 09:36:22,0.37,1.0,1956,0.36,0.9729,244,0.36,0.9729,5,0.365,0.9864,559,0
SPY190719C301,2019-07-17,2019-07-17 09:36:23,0.37,1.0,734,0.36,0.9729,6,0.36,0.9729,5,0.365,0.9864,559,0
SPY190719C301,2019-07-17,2019-07-17 09:36:23,0.37,1.0,1806,0.36,0.9729,130,0.36,0.9729,5,0.365,0.9864,559,0
SPY190719C301,2019-07-17,2019-07-17 09:36:24,0.37,1.0,2143,0.35,0.9459,2526,0.36,0.9729,5,0.36,0.9729,559,0
SPY190719C301,2019-07-17,2019-07-17 09:36:25,0.37,1.0,2226,0.35,0.9459,2408,0.36,0.9729,5,0.36,0.9729,559,0
SPY190719C301,2019-07-17,2019-07-17 09:36:25,0.37,1.0,2254,0.36,0.9729,5,0.36,0.9729,5,0.365,0.9864,559,0
SPY190719C301,2019-07-17,2019-07-17 09:36:26,0.36,0.9729,2029,0.35,0.9459,278,0.36,0.9729,5,0.355,0.9594,559,0
SPY190719C301,2019-07-17,2019-07-17 09:36:27,0.36,0.9729,2029,0.35,0.9459,181,0.36,0.9729,5,0.355,0.9594,559,0
SPY190719C301,2019-07-17,2019-07-17 09:36:27,0.36,0.9729,1857,0.35,0.9459,117,0.36,0.9729,5,0.355,0.9594,559,0
SPY190719C301,2019-07-17,2019-07-17 09:36:28,0.36,0.9729,1941,0.35,0.9459,12,0.36,0.9729,5,0.355,0.9594,559,0
SPY190719C301,2019-07-17,2019-07-17 09:36:29,0.36,0.9729,1492,0.35,0.9459,238,0.36,0.9729,5,0.355,0.9594,559,0
SPY190719C301,2019-07-17,2019-07-17 09:36:29,0.36,0.9729,1669,0.35,0.9459,12,0.36,0.9729,5,0.355,0.9594,559,0
SPY190719C301,2019-07-17,2019-07-17 09:36:30,0.36,0.9729,1492,0.35,0.9459,238,0.36,0.9729,5,0.355,0.9594,559,0
SPY190719C301,2019-07-17,2019-07-17 09:36:30,0.36,0.9729,1573,0.35,0.9459,238,0.36,0.9729,5,0.355,0.9594,559,0
SPY190719C301,2019-07-17,2019-07-17 09:36:31,0.36,0.9729,2282,0.35,0.9459,238,0.36,0.9729,5,0.355,0.9594,559,0
SPY190719C301,2019-07-17,2019-07-17 09:36:32,0.36,0.9729,3186,0.35,0.9459,12,0.36,0.9729,5,0.355,0.9594,559,0
SPY190719C301,2019-07-17,2019-07-17 09:36:32,0.36,0.9729,2368,0.35,0.9459,12,0.36,0.9729,5,0.355,0.9594,559,0
SPY190719C301,2019-07-17,2019-07-17 09:36:33,0.36,0.9729,2783,0.35,0.9459,12,0.36,0.9729,5,0.355,0.9594,559,0
SPY190719C301,2019-07-17,2019-07-17 09:36:34,0.36,0.9729,3194,0.35,0.9459,12,0.36,0.9729,5,0.355,0.9594,559,0
SPY190719C301,2019-07-17,2019-07-17 09:36:34,0.36,0.9729,3192,0.35,0.9459,12,0.36,0.9729,5,0.355,0.9594,559,0
SPY190719C301,2019-07-17,2019-07-17 09:36:35,0.36,0.9729,3175,0.35,0.9459,72,0.36,0.9729,5,0.355,0.9594,559,0
SPY190719C301,2019-07-17,2019-07-17 09:36:35,0.36,0.9729,3291,0.35,0.9459,66,0.36,0.9729,5,0.355,0.9594,559,0
SPY190719C301,2019-07-17,2019-07-17 09:36:36,0.36,0.9729,3116,0.35,0.9459,72,0.35,0.9459,1,0.355,0.9594,567,8
SPY190719C301,2019-07-17,2019-07-17 09:36:36,0.36,0.9729,3116,0.35,0.9459,72,0.35,0.9459,1,0.355,0.9594,567,0
SPY190719C301,2019-07-17,2019-07-17 09:36:37,0.36,0.9729,3116,0.35,0.9459,72,0.35,0.9459,1,0.355,0.9594,567,0
SPY190719C301,2019-07-17,2019-07-17 09:36:38,0.36,0.9729,2708,0.35,0.9459,72,0.35,0.9459,1,0.355,0.9594,567,0
SPY190719C301,2019-07-17,2019-07-17 09:36:38,0.36,0.9729,3112,0.35,0.9459,72,0.35,0.9459,1,0.355,0.9594,567,0
SPY190719C301,2019-07-17,2019-07-17 09:36:39,0.36,0.9729,3112,0.35,0.9459,63,0.35,0.9459,1,0.355,0.9594,567,0
SPY190719C301,2019-07-17,2019-07-17 09:36:39,0.36,0.9729,928,0.35,0.9459,163,0.35,0.9459,1,0.355,0.9594,567,0
SPY190719C301,2019-07-17,2019-07-17 09:36:40,0.36,0.9729,776,0.35,0.9459,169,0.35,0.9459,1,0.355,0.9594,567,0
SPY190719C301,2019-07-17,2019-07-17 09:36:41,0.36,0.9729,369,0.35,0.9459,169,0.35,0.9459,1,0.355,0.9594,567,0
SPY190719C301,2019-07-17,2019-07-17 09:36:41,0.36,0.9729,165,0.35,0.9459,262,0.35,0.9459,1,0.355,0.9594,567,0
SPY190719C301,2019-07-17,2019-07-17 09:36:42,0.36,0.9729,6,0.35,0.9459,1828,0.35,0.9459,1,0.355,0.9594,567,0
SPY190719C301,2019-07-17,2019-07-17 09:36:43,0.36,0.9729,6,0.35,0.9459,1934,0.35,0.9459,1,0.355,0.9594,567,0
SPY190719C301,2019-07-17,2019-07-17 09:36:43,0.36,0.9729,6,0.35,0.9459,1112,0.35,0.9459,1,0.355,0.9594,567,0
SPY190719C301,2019-07-17,2019-07-17 09:36:44,0.36,0.9729,1,0.35,0.9459,826,0.35,0.9459,1,0.355,0.9594,567,0
SPY190719C301,2019-07-17,2019-07-17 09:36:44,0.36,0.9729,1,0.35,0.9459,1926,0.35,0.9459,1,0.355,0.9594,567,0
SPY190719C301,2019-07-17,2019-07-17 09:36:45,0.37,1.0,1003,0.36,0.9729,399,0.36,0.9729,1,0.365,0.9864,571,1
SPY190719C301,2019-07-17,2019-07-17 09:36:45,0.36,0.9729,1,0.35,0.9459,3264,0.36,0.9729,3,0.355,0.9594,570,3
SPY190719C301,2019-07-17,2019-07-17 09:36:46,0.37,1.0,1235,0.36,0.9729,133,0.36,0.9729,1,0.365,0.9864,571,0
SPY190719C301,2019-07-17,2019-07-17 09:36:46,0.37,1.0,909,0.36,0.9729,227,0.36,0.9729,1,0.365,0.9864,571,0
SPY190719C301,2019-07-17,2019-07-17 09:36:47,0.37,1.0,1050,0.36,0.9729,227,0.36,0.9729,1,0.365,0.9864,571,0
SPY190719C301,2019-07-17,2019-07-17 09:36:48,0.37,1.0,1524,0.36,0.9729,227,0.36,0.9729,1,0.365,0.9864,571,0
SPY190719C301,2019-07-17,2019-07-17 09:36:48,0.37,1.0,1580,0.36,0.9729,149,0.36,0.9729,1,0.365,0.9864,571,0
SPY190719C301,2019-07-17,2019-07-17 09:36:49,0.37,1.0,1119,0.36,0.9729,157,0.36,0.9729,1,0.365,0.9864,571,0
SPY190719C301,2019-07-17,2019-07-17 09:36:49,0.37,1.0,956,0.36,0.9729,219,0.36,0.9729,1,0.365,0.9864,571,0
SPY190719C301,2019-07-17,2019-07-17 09:36:50,0.37,1.0,1107,0.36,0.9729,141,0.36,0.9729,1,0.365,0.9864,571,0
SPY190719C301,2019-07-17,2019-07-17 09:36:50,0.37,1.0,1310,0.36,0.9729,141,0.36,0.9729,1,0.365,0.9864,571,0
SPY190719C301,2019-07-17,2019-07-17 09:36:51,0.37,1.0,1306,0.36,0.9729,197,0.36,0.9729,1,0.365,0.9864,571,0
SPY190719C301,2019-07-17,2019-07-17 09:36:52,0.37,1.0,1252,0.36,0.9729,143,0.36,0.9729,1,0.365,0.9864,571,0
SPY190719C301,2019-07-17,2019-07-17 09:36:52,0.37,1.0,1306,0.36,0.9729,143,0.36,0.9729,1,0.365,0.9864,571,0
SPY190719C301,2019-07-17,2019-07-17 09:36:53,0.37,1.0,2176,0.36,0.9729,60,0.36,0.9729,1,0.365,0.9864,571,0
SPY190719C301,2019-07-17,2019-07-17 09:36:53,0.37,1.0,1400,0.36,0.9729,347,0.36,0.9729,1,0.365,0.9864,571,0
SPY190719C301,2019-07-17,2019-07-17 09:36:54,0.37,1.0,1182,0.36,0.9729,379,0.36,0.9729,1,0.365,0.9864,571,0
SPY190719C301,2019-07-17,2019-07-17 09:36:54,0.37,1.0,1400,0.36,0.9729,10,0.36,0.9729,1,0.365,0.9864,571,0
SPY190719C301,2019-07-17,2019-07-17 09:36:55,0.37,1.0,2041,0.35,0.9459,2116,0.36,0.9729,1,0.36,0.9729,571,0
SPY190719C301,2019-07-17,2019-07-17 09:36:55,0.37,1.0,863,0.36,0.9729,379,0.36,0.9729,1,0.365,0.9864,571,0
SPY190719C301,2019-07-17,2019-07-17 09:36:56,0.36,0.9729,5,0.35,0.9459,2116,0.36,0.9729,1,0.355,0.9594,571,0
SPY190719C301,2019-07-17,2019-07-17 09:36:57,0.36,0.9729,156,0.35,0.9459,1177,0.35,0.9459,1,0.355,0.9594,572,0
SPY190719C301,2019-07-17,2019-07-17 09:36:57,0.36,0.9729,5,0.35,0.9459,1150,0.35,0.9459,1,0.355,0.9594,572,1
SPY190719C301,2019-07-17,2019-07-17 09:36:58,0.36,0.9729,268,0.35,0.9459,2007,0.35,0.9459,1,0.355,0.9594,572,0
SPY190719C301,2019-07-17,2019-07-17 09:36:59,0.36,0.9729,894,0.35,0.9459,590,0.36,0.9729,6,0.355,0.9594,578,6
SPY190719C301,2019-07-17,2019-07-17 09:36:59,0.36,0.9729,268,0.35,0.9459,1538,0.35,0.9459,1,0.355,0.9594,572,0
SPY190719C301,2019-07-17,2019-07-17 09:37:00,0.36,0.9729,940,0.35,0.9459,590,0.36,0.9729,6,0.355,0.9594,578,0
SPY190719C301,2019-07-17,2019-07-17 09:37:00,0.36,0.9729,1413,0.35,0.9459,321,0.36,0.9729,6,0.355,0.9594,578,0
SPY190719C301,2019-07-17,2019-07-17 09:37:01,0.36,0.9729,922,0.35,0.9459,321,0.36,0.9729,6,0.355,0.9594,578,0
SPY190719C301,2019-07-17,2019-07-17 09:37:02,0.36,0.9729,922,0.35,0.9459,321,0.36,0.9729,6,0.355,0.9594,578,0
SPY190719C301,2019-07-17,2019-07-17 09:37:03,0.36,0.9729,1242,0.35,0.9459,321,0.36,0.9729,6,0.355,0.9594,578,0
SPY190719C301,2019-07-17,2019-07-17 09:37:03,0.36,0.9729,899,0.35,0.9459,216,0.36,0.9729,6,0.355,0.9594,578,0
SPY190719C301,2019-07-17,2019-07-17 09:37:04,0.36,0.9729,721,0.35,0.9459,326,0.36,0.9729,6,0.355,0.9594,578,0
SPY190719C301,2019-07-17,2019-07-17 09:37:04,0.36,0.9729,933,0.35,0.9459,226,0.36,0.9729,6,0.355,0.9594,578,0
SPY190719C301,2019-07-17,2019-07-17 09:37:05,0.36,0.9729,744,0.35,0.9459,337,0.36,0.9729,6,0.355,0.9594,578,0
SPY190719C301,2019-07-17,2019-07-17 09:37:06,0.36,0.9729,917,0.35,0.9459,337,0.36,0.9729,6,0.355,0.9594,578,0
SPY190719C301,2019-07-17,2019-07-17 09:37:06,0.36,0.9729,1239,0.35,0.9459,337,0.36,0.9729,6,0.355,0.9594,578,0
SPY190719C301,2019-07-17,2019-07-17 09:37:07,0.36,0.9729,917,0.35,0.9459,337,0.36,0.9729,6,0.355,0.9594,578,0
SPY190719C301,2019-07-17,2019-07-17 09:37:08,0.36,0.9729,1196,0.35,0.9459,321,0.36,0.9729,6,0.355,0.9594,578,0
SPY190719C301,2019-07-17,2019-07-17 09:37:08,0.36,0.9729,1224,0.35,0.9459,279,0.36,0.9729,6,0.355,0.9594,578,0
SPY190719C301,2019-07-17,2019-07-17 09:37:09,0.36,0.9729,277,0.35,0.9459,1566,0.36,0.9729,6,0.355,0.9594,578,0
SPY190719C301,2019-07-17,2019-07-17 09:37:09,0.36,0.9729,495,0.35,0.9459,1099,0.36,0.9729,6,0.355,0.9594,578,0
SPY190719C301,2019-07-17,2019-07-17 09:37:10,0.36,0.9729,697,0.35,0.9459,1492,0.36,0.9729,6,0.355,0.9594,578,0
SPY190719C301,2019-07-17,2019-07-17 09:37:10,0.36,0.9729,207,0.35,0.9459,1566,0.36,0.9729,6,0.355,0.9594,578,0
SPY190719C301,2019-07-17,2019-07-17 09:37:11,0.36,0.9729,944,0.35,0.9459,450,0.36,0.9729,6,0.355,0.9594,578,0
SPY190719C301,2019-07-17,2019-07-17 09:37:12,0.36,0.9729,278,0.35,0.9459,1106,0.36,0.9729,6,0.355,0.9594,578,0
SPY190719C301,2019-07-17,2019-07-17 09:37:12,0.36,0.9729,944,0.35,0.9459,402,0.36,0.9729,6,0.355,0.9594,578,0
SPY190719C301,2019-07-17,2019-07-17 09:37:13,0.36,0.9729,636,0.35,0.9459,358,0.36,0.9729,6,0.355,0.9594,578,0
SPY190719C301,2019-07-17,2019-07-17 09:37:13,0.36,0.9729,636,0.35,0.9459,348,0.36,0.9729,6,0.355,0.9594,578,0
SPY190719C301,2019-07-17,2019-07-17 09:37:14,0.36,0.9729,965,0.35,0.9459,348,0.36,0.9729,6,0.355,0.9594,578,0
SPY190719C301,2019-07-17,2019-07-17 09:37:15,0.36,0.9729,1389,0.35,0.9459,348,0.36,0.9729,6,0.355,0.9594,578,0
SPY190719C301,2019-07-17,2019-07-17 09:37:16,0.36,0.9729,2001,0.35,0.9459,348,0.36,0.9729,6,0.355,0.9594,578,0
SPY190719C301,2019-07-17,2019-07-17 09:37:17,0.36,0.9729,2736,0.35,0.9459,193,0.36,0.9729,6,0.355,0.9594,578,0
SPY190719C301,2019-07-17,2019-07-17 09:37:18,0.36,0.9729,2144,0.35,0.9459,193,0.36,0.9729,6,0.355,0.9594,578,0
SPY190719C301,2019-07-17,2019-07-17 09:37:19,0.36,0.9729,2746,0.35,0.9459,193,0.36,0.9729,6,0.355,0.9594,578,0
SPY190719C301,2019-07-17,2019-07-17 09:37:20,0.36,0.9729,2272,0.35,0.9459,18,0.36,0.9729,6,0.355,0.9594,578,0
SPY190719C301,2019-07-17,2019-07-17 09:37:20,0.36,0.9729,2746,0.35,0.9459,193,0.36,0.9729,6,0.355,0.9594,578,0
SPY190719C301,2019-07-17,2019-07-17 09:37:21,0.36,0.9729,2976,0.35,0.9459,12,0.36,0.9729,6,0.355,0.9594,578,0
SPY190719C301,2019-07-17,2019-07-17 09:37:22,0.36,0.9729,2976,0.35,0.9459,12,0.36,0.9729,6,0.355,0.9594,578,0
SPY190719C301,2019-07-17,2019-07-17 09:37:23,0.36,0.9729,2526,0.35,0.9459,65,0.36,0.9729,6,0.355,0.9594,578,0
SPY190719C301,2019-07-17,2019-07-17 09:37:24,0.36,0.9729,2183,0.35,0.9459,142,0.36,0.9729,6,0.355,0.9594,578,0
SPY190719C301,2019-07-17,2019-07-17 09:37:24,0.36,0.9729,2183,0.35,0.9459,65,0.36,0.9729,6,0.355,0.9594,578,0
SPY190719C301,2019-07-17,2019-07-17 09:37:25,0.36,0.9729,1650,0.35,0.9459,231,0.36,0.9729,6,0.355,0.9594,578,0
SPY190719C301,2019-07-17,2019-07-17 09:37:26,0.36,0.9729,964,0.35,0.9459,372,0.36,0.9729,6,0.355,0.9594,578,0
SPY190719C301,2019-07-17,2019-07-17 09:37:26,0.36,0.9729,232,0.35,0.9459,402,0.36,0.9729,6,0.355,0.9594,578,0
SPY190719C301,2019-07-17,2019-07-17 09:37:27,0.36,0.9729,480,0.35,0.9459,372,0.36,0.9729,6,0.355,0.9594,578,0
SPY190719C301,2019-07-17,2019-07-17 09:37:27,0.36,0.9729,812,0.35,0.9459,342,0.36,0.9729,6,0.355,0.9594,578,0
SPY190719C301,2019-07-17,2019-07-17 09:37:28,0.36,0.9729,1141,0.35,0.9459,360,0.36,0.9729,6,0.355,0.9594,578,0
SPY190719C301,2019-07-17,2019-07-17 09:37:29,0.36,0.9729,1413,0.35,0.9459,360,0.36,0.9729,6,0.355,0.9594,578,0
SPY190719C301,2019-07-17,2019-07-17 09:37:30,0.36,0.9729,676,0.35,0.9459,2065,0.35,0.9459,5,0.355,0.9594,583,0
SPY190719C301,2019-07-17,2019-07-17 09:37:30,0.36,0.9729,1958,0.35,0.9459,360,0.35,0.9459,5,0.355,0.9594,583,5
SPY190719C301,2019-07-17,2019-07-17 09:37:31,0.36,0.9729,676,0.35,0.9459,2065,0.35,0.9459,5,0.355,0.9594,583,0
SPY190719C301,2019-07-17,2019-07-17 09:37:32,0.36,0.9729,1265,0.35,0.9459,353,0.35,0.9459,5,0.355,0.9594,583,0
SPY190719C301,2019-07-17,2019-07-17 09:37:32,0.36,0.9729,676,0.35,0.9459,1521,0.35,0.9459,5,0.355,0.9594,583,0
SPY190719C301,2019-07-17,2019-07-17 09:37:33,0.36,0.9729,2023,0.35,0.9459,12,0.35,0.9459,5,0.355,0.9594,583,0
SPY190719C301,2019-07-17,2019-07-17 09:37:33,0.36,0.9729,2295,0.35,0.9459,12,0.35,0.9459,5,0.355,0.9594,583,0
SPY190719C301,2019-07-17,2019-07-17 09:37:34,0.35,0.9459,338,0.34,0.9189,1931,0.35,0.9459,6,0.345,0.9324,601,18
SPY190719C301,2019-07-17,2019-07-17 09:37:35,0.35,0.9459,338,0.34,0.9189,1931,0.35,0.9459,6,0.345,0.9324,601,0
SPY190719C301,2019-07-17,2019-07-17 09:37:35,0.35,0.9459,338,0.34,0.9189,2627,0.35,0.9459,6,0.345,0.9324,601,0
SPY190719C301,2019-07-17,2019-07-17 09:37:36,0.35,0.9459,338,0.34,0.9189,2356,0.35,0.9459,6,0.345,0.9324,601,0
SPY190719C301,2019-07-17,2019-07-17 09:37:37,0.35,0.9459,396,0.34,0.9189,2158,0.35,0.9459,6,0.345,0.9324,601,0
SPY190719C301,2019-07-17,2019-07-17 09:37:38,0.35,0.9459,445,0.34,0.9189,2158,0.35,0.9459,6,0.345,0.9324,601,0
SPY190719C301,2019-07-17,2019-07-17 09:37:39,0.35,0.9459,445,0.34,0.9189,1744,0.35,0.9459,6,0.345,0.9324,601,0
SPY190719C301,2019-07-17,2019-07-17 09:37:39,0.35,0.9459,445,0.34,0.9189,2106,0.35,0.9459,6,0.345,0.9324,601,0
SPY190719C301,2019-07-17,2019-07-17 09:37:40,0.35,0.9459,445,0.34,0.9189,2106,0.35,0.9459,6,0.345,0.9324,601,0
SPY190719C301,2019-07-17,2019-07-17 09:37:41,0.35,0.9459,445,0.34,0.9189,2485,0.35,0.9459,6,0.345,0.9324,601,0
SPY190719C301,2019-07-17,2019-07-17 09:37:41,0.35,0.9459,445,0.34,0.9189,1930,0.35,0.9459,6,0.345,0.9324,601,0
SPY190719C301,2019-07-17,2019-07-17 09:37:42,0.35,0.9459,162,0.34,0.9189,2784,0.35,0.9459,6,0.345,0.9324,601,0
SPY190719C301,2019-07-17,2019-07-17 09:37:43,0.35,0.9459,162,0.34,0.9189,2220,0.35,0.9459,6,0.345,0.9324,601,0
SPY190719C301,2019-07-17,2019-07-17 09:37:43,0.35,0.9459,162,0.34,0.9189,2386,0.35,0.9459,6,0.345,0.9324,601,0
SPY190719C301,2019-07-17,2019-07-17 09:37:44,0.35,0.9459,158,0.34,0.9189,3063,0.35,0.9459,2,0.345,0.9324,605,4
SPY190719C301,2019-07-17,2019-07-17 09:37:45,0.35,0.9459,158,0.34,0.9189,2911,0.35,0.9459,2,0.345,0.9324,605,0
SPY190719C301,2019-07-17,2019-07-17 09:37:46,0.35,0.9459,158,0.34,0.9189,3233,0.35,0.9459,2,0.345,0.9324,605,0
SPY190719C301,2019-07-17,2019-07-17 09:37:47,0.35,0.9459,158,0.34,0.9189,3449,0.35,0.9459,2,0.345,0.9324,605,0
SPY190719C301,2019-07-17,2019-07-17 09:37:48,0.35,0.9459,158,0.34,0.9189,3457,0.34,0.9189,2,0.345,0.9324,612,7
SPY190719C301,2019-07-17,2019-07-17 09:37:48,0.36,0.9729,14,0.35,0.9459,1378,0.35,0.9459,117,0.355,0.9594,770,158
SPY190719C301,2019-07-17,2019-07-17 09:37:49,0.36,0.9729,11,0.35,0.9459,2723,0.35,0.9459,117,0.355,0.9594,770,0
SPY190719C301,2019-07-17,2019-07-17 09:37:49,0.36,0.9729,14,0.35,0.9459,2723,0.35,0.9459,117,0.355,0.9594,770,0
SPY190719C301,2019-07-17,2019-07-17 09:37:50,0.36,0.9729,11,0.35,0.9459,2723,0.35,0.9459,117,0.355,0.9594,770,0
SPY190719C301,2019-07-17,2019-07-17 09:37:51,0.36,0.9729,11,0.36,0.9729,146,0.36,0.9729,11,0.36,0.9729,781,11
SPY190719C301,2019-07-17,2019-07-17 09:37:52,0.36,0.9729,11,0.36,0.9729,868,0.36,0.9729,11,0.36,0.9729,781,0
SPY190719C301,2019-07-17,2019-07-17 09:37:52,0.36,0.9729,11,0.36,0.9729,474,0.36,0.9729,11,0.36,0.9729,781,0
SPY190719C301,2019-07-17,2019-07-17 09:37:53,0.37,1.0,114,0.36,0.9729,2026,0.36,0.9729,11,0.365,0.9864,781,0
SPY190719C301,2019-07-17,2019-07-17 09:37:53,0.37,1.0,495,0.36,0.9729,1232,0.36,0.9729,11,0.365,0.9864,781,0
SPY190719C301,2019-07-17,2019-07-17 09:37:54,0.37,1.0,114,0.36,0.9729,2026,0.36,0.9729,11,0.365,0.9864,781,0
SPY190719C301,2019-07-17,2019-07-17 09:37:55,0.37,1.0,114,0.36,0.9729,2078,0.36,0.9729,11,0.365,0.9864,781,0
SPY190719C301,2019-07-17,2019-07-17 09:37:55,0.37,1.0,114,0.36,0.9729,2076,0.36,0.9729,11,0.365,0.9864,781,0
SPY190719C301,2019-07-17,2019-07-17 09:37:56,0.37,1.0,481,0.36,0.9729,980,0.36,0.9729,11,0.365,0.9864,781,0
SPY190719C301,2019-07-17,2019-07-17 09:37:57,0.37,1.0,309,0.36,0.9729,864,0.36,0.9729,11,0.365,0.9864,781,0
SPY190719C301,2019-07-17,2019-07-17 09:37:58,0.37,1.0,890,0.36,0.9729,864,0.36,0.9729,11,0.365,0.9864,781,0
SPY190719C301,2019-07-17,2019-07-17 09:37:59,0.37,1.0,645,0.36,0.9729,1784,0.36,0.9729,11,0.365,0.9864,781,0
SPY190719C301,2019-07-17,2019-07-17 09:37:59,0.37,1.0,1,0.36,0.9729,2344,0.37,1.0,2,0.365,0.9864,783,2
SPY190719C301,2019-07-17,2019-07-17 09:38:01,0.38,1.027,49,0.37,1.0,305,0.37,1.0,1,0.375,1.0135,784,1
SPY190719C301,2019-07-17,2019-07-17 09:38:02,0.38,1.027,105,0.37,1.0,908,0.37,1.0,1,0.375,1.0135,784,0
SPY190719C301,2019-07-17,2019-07-17 09:38:03,0.39,1.054,1196,0.37,1.0,1001,0.37,1.0,1,0.38,1.027,784,0
SPY190719C301,2019-07-17,2019-07-17 09:38:03,0.39,1.054,996,0.38,1.027,130,0.37,1.0,1,0.385,1.0405,784,0
SPY190719C301,2019-07-17,2019-07-17 09:38:04,0.39,1.054,890,0.38,1.027,130,0.37,1.0,1,0.385,1.0405,784,0
SPY190719C301,2019-07-17,2019-07-17 09:38:04,0.39,1.054,996,0.38,1.027,130,0.37,1.0,1,0.385,1.0405,784,0
SPY190719C301,2019-07-17,2019-07-17 09:38:05,0.39,1.054,923,0.38,1.027,130,0.37,1.0,1,0.385,1.0405,784,0
SPY190719C301,2019-07-17,2019-07-17 09:38:06,0.39,1.054,923,0.38,1.027,123,0.37,1.0,1,0.385,1.0405,784,0
SPY190719C301,2019-07-17,2019-07-17 09:38:06,0.39,1.054,928,0.38,1.027,5,0.37,1.0,1,0.385,1.0405,784,0
SPY190719C301,2019-07-17,2019-07-17 09:38:07,0.39,1.054,960,0.38,1.027,176,0.37,1.0,1,0.385,1.0405,784,0
SPY190719C301,2019-07-17,2019-07-17 09:38:08,0.39,1.054,928,0.38,1.027,186,0.37,1.0,1,0.385,1.0405,784,0
SPY190719C301,2019-07-17,2019-07-17 09:38:09,0.39,1.054,893,0.38,1.027,340,0.37,1.0,1,0.385,1.0405,784,0
SPY190719C301,2019-07-17,2019-07-17 09:38:09,0.39,1.054,637,0.38,1.027,184,0.37,1.0,1,0.385,1.0405,784,0
SPY190719C301,2019-07-17,2019-07-17 09:38:10,0.39,1.054,742,0.38,1.027,326,0.37,1.0,1,0.385,1.0405,784,0
SPY190719C301,2019-07-17,2019-07-17 09:38:11,0.39,1.054,742,0.38,1.027,326,0.39,1.054,3,0.385,1.0405,787,3
SPY190719C301,2019-07-17,2019-07-17 09:38:12,0.39,1.054,742,0.38,1.027,326,0.39,1.054,3,0.385,1.0405,787,0
SPY190719C301,2019-07-17,2019-07-17 09:38:13,0.39,1.054,970,0.38,1.027,326,0.39,1.054,3,0.385,1.0405,787,0
SPY190719C301,2019-07-17,2019-07-17 09:38:13,0.39,1.054,1213,0.37,1.0,1513,0.39,1.054,3,0.38,1.027,787,0
SPY190719C301,2019-07-17,2019-07-17 09:38:14,0.39,1.054,1378,0.38,1.027,5,0.39,1.054,3,0.385,1.0405,787,0
SPY190719C301,2019-07-17,2019-07-17 09:38:15,0.38,1.027,5,0.37,1.0,1503,0.39,1.054,3,0.375,1.0135,787,0
SPY190719C301,2019-07-17,2019-07-17 09:38:16,0.38,1.027,102,0.37,1.0,1428,0.39,1.054,3,0.375,1.0135,787,0
SPY190719C301,2019-07-17,2019-07-17 09:38:17,0.38,1.027,107,0.37,1.0,1420,0.39,1.054,3,0.375,1.0135,787,0
SPY190719C301,2019-07-17,2019-07-17 09:38:17,0.38,1.027,102,0.37,1.0,1420,0.39,1.054,3,0.375,1.0135,787,0
SPY190719C301,2019-07-17,2019-07-17 09:38:18,0.38,1.027,107,0.37,1.0,1420,0.39,1.054,3,0.375,1.0135,787,0
SPY190719C301,2019-07-17,2019-07-17 09:38:19,0.38,1.027,112,0.37,1.0,1034,0.39,1.054,3,0.375,1.0135,787,0
SPY190719C301,2019-07-17,2019-07-17 09:38:19,0.38,1.027,635,0.37,1.0,321,0.39,1.054,3,0.375,1.0135,787,0
SPY190719C301,2019-07-17,2019-07-17 09:38:20,0.38,1.027,705,0.37,1.0,321,0.39,1.054,3,0.375,1.0135,787,0
SPY190719C301,2019-07-17,2019-07-17 09:38:20,0.38,1.027,705,0.37,1.0,265,0.39,1.054,3,0.375,1.0135,787,0
SPY190719C301,2019-07-17,2019-07-17 09:38:21,0.38,1.027,281,0.37,1.0,978,0.39,1.054,3,0.375,1.0135,787,0
SPY190719C301,2019-07-17,2019-07-17 09:38:22,0.38,1.027,281,0.37,1.0,335,0.39,1.054,3,0.375,1.0135,787,0
SPY190719C301,2019-07-17,2019-07-17 09:38:22,0.38,1.027,281,0.37,1.0,930,0.39,1.054,3,0.375,1.0135,787,0
SPY190719C301,2019-07-17,2019-07-17 09:38:23,0.38,1.027,786,0.37,1.0,335,0.39,1.054,3,0.375,1.0135,787,0
SPY190719C301,2019-07-17,2019-07-17 09:38:23,0.38,1.027,281,0.37,1.0,588,0.39,1.054,3,0.375,1.0135,787,0
SPY190719C301,2019-07-17,2019-07-17 09:38:24,0.38,1.027,883,0.37,1.0,281,0.39,1.054,3,0.375,1.0135,787,0
SPY190719C301,2019-07-17,2019-07-17 09:38:25,0.38,1.027,1375,0.37,1.0,237,0.39,1.054,3,0.375,1.0135,787,0
SPY190719C301,2019-07-17,2019-07-17 09:38:25,0.38,1.027,1150,0.37,1.0,237,0.39,1.054,3,0.375,1.0135,787,0
SPY190719C301,2019-07-17,2019-07-17 09:38:26,0.38,1.027,1618,0.37,1.0,237,0.39,1.054,3,0.375,1.0135,787,0
SPY190719C301,2019-07-17,2019-07-17 09:38:26,0.38,1.027,1375,0.37,1.0,237,0.39,1.054,3,0.375,1.0135,787,0
SPY190719C301,2019-07-17,2019-07-17 09:38:27,0.38,1.027,923,0.37,1.0,237,0.39,1.054,3,0.375,1.0135,787,0
SPY190719C301,2019-07-17,2019-07-17 09:38:27,0.38,1.027,1416,0.37,1.0,237,0.39,1.054,3,0.375,1.0135,787,0
SPY190719C301,2019-07-17,2019-07-17 09:38:28,0.38,1.027,1535,0.37,1.0,237,0.39,1.054,3,0.375,1.0135,787,0
SPY190719C301,2019-07-17,2019-07-17 09:38:29,0.38,1.027,225,0.37,1.0,1323,0.39,1.054,3,0.375,1.0135,787,0
SPY190719C301,2019-07-17,2019-07-17 09:38:29,0.38,1.027,248,0.37,1.0,1329,0.39,1.054,3,0.375,1.0135,787,0
SPY190719C301,2019-07-17,2019-07-17 09:38:30,0.39,1.054,903,0.38,1.027,357,0.39,1.054,3,0.385,1.0405,787,0
SPY190719C301,2019-07-17,2019-07-17 09:38:31,0.39,1.054,903,0.38,1.027,357,0.39,1.054,3,0.385,1.0405,787,0
SPY190719C301,2019-07-17,2019-07-17 09:38:32,0.38,1.027,5,0.37,1.0,1038,0.39,1.054,3,0.375,1.0135,787,0
SPY190719C301,2019-07-17,2019-07-17 09:38:33,0.38,1.027,232,0.37,1.0,1221,0.39,1.054,3,0.375,1.0135,787,0
SPY190719C301,2019-07-17,2019-07-17 09:38:33,0.38,1.027,232,0.37,1.0,1270,0.39,1.054,3,0.375,1.0135,787,0
SPY190719C301,2019-07-17,2019-07-17 09:38:34,0.38,1.027,232,0.37,1.0,1225,0.39,1.054,3,0.375,1.0135,787,0
SPY190719C301,2019-07-17,2019-07-17 09:38:34,0.38,1.027,232,0.37,1.0,1237,0.39,1.054,3,0.375,1.0135,787,0
SPY190719C301,2019-07-17,2019-07-17 09:38:35,0.38,1.027,144,0.37,1.0,1441,0.39,1.054,3,0.375,1.0135,787,0
SPY190719C301,2019-07-17,2019-07-17 09:38:36,0.39,1.054,910,0.38,1.027,148,0.39,1.054,3,0.385,1.0405,787,0
SPY190719C301,2019-07-17,2019-07-17 09:38:36,0.38,1.027,144,0.37,1.0,1441,0.39,1.054,3,0.375,1.0135,787,0
SPY190719C301,2019-07-17,2019-07-17 09:38:37,0.39,1.054,910,0.38,1.027,148,0.39,1.054,3,0.385,1.0405,787,0
SPY190719C301,2019-07-17,2019-07-17 09:38:37,0.39,1.054,910,0.38,1.027,206,0.39,1.054,3,0.385,1.0405,787,0
SPY190719C301,2019-07-17,2019-07-17 09:38:38,0.38,1.027,174,0.37,1.0,1422,0.38,1.027,1,0.375,1.0135,788,1
SPY190719C301,2019-07-17,2019-07-17 09:38:39,0.38,1.027,174,0.37,1.0,1241,0.38,1.027,1,0.375,1.0135,788,0
SPY190719C301,2019-07-17,2019-07-17 09:38:39,0.38,1.027,174,0.37,1.0,1238,0.38,1.027,1,0.375,1.0135,788,0
SPY190719C301,2019-07-17,2019-07-17 09:38:40,0.38,1.027,222,0.37,1.0,1046,0.38,1.027,1,0.375,1.0135,788,0
SPY190719C301,2019-07-17,2019-07-17 09:38:41,0.38,1.027,129,0.37,1.0,1375,0.38,1.027,1,0.375,1.0135,788,0
SPY190719C301,2019-07-17,2019-07-17 09:38:41,0.38,1.027,129,0.37,1.0,1133,0.38,1.027,1,0.375,1.0135,788,0
SPY190719C301,2019-07-17,2019-07-17 09:38:42,0.39,1.054,927,0.38,1.027,5,0.38,1.027,1,0.385,1.0405,788,0
SPY190719C301,2019-07-17,2019-07-17 09:38:42,0.39,1.054,927,0.38,1.027,157,0.38,1.027,1,0.385,1.0405,788,0
SPY190719C301,2019-07-17,2019-07-17 09:38:43,0.38,1.027,5,0.37,1.0,1903,0.38,1.027,1,0.375,1.0135,788,0
SPY190719C301,2019-07-17,2019-07-17 09:38:44,0.38,1.027,143,0.37,1.0,1870,0.38,1.027,1,0.375,1.0135,788,0
SPY190719C301,2019-07-17,2019-07-17 09:38:45,0.38,1.027,143,0.37,1.0,1870,0.38,1.027,1,0.375,1.0135,788,0
SPY190719C301,2019-07-17,2019-07-17 09:38:45,0.38,1.027,143,0.37,1.0,1264,0.38,1.027,1,0.375,1.0135,788,0
SPY190719C301,2019-07-17,2019-07-17 09:38:46,0.38,1.027,143,0.37,1.0,1264,0.38,1.027,1,0.375,1.0135,788,0
SPY190719C301,2019-07-17,2019-07-17 09:38:47,0.38,1.027,420,0.37,1.0,1060,0.38,1.027,1,0.375,1.0135,788,0
SPY190719C301,2019-07-17,2019-07-17 09:38:47,0.38,1.027,307,0.37,1.0,1478,0.38,1.027,1,0.375,1.0135,788,0
SPY190719C301,2019-07-17,2019-07-17 09:38:48,0.38,1.027,307,0.37,1.0,1478,0.38,1.027,1,0.375,1.0135,788,0
SPY190719C301,2019-07-17,2019-07-17 09:38:48,0.38,1.027,881,0.37,1.0,460,0.38,1.027,1,0.375,1.0135,788,0
SPY190719C301,2019-07-17,2019-07-17 09:38:49,0.38,1.027,709,0.37,1.0,421,0.38,1.027,1,0.375,1.0135,788,0
SPY190719C301,2019-07-17,2019-07-17 09:38:49,0.38,1.027,856,0.37,1.0,460,0.38,1.027,1,0.375,1.0135,788,0
SPY190719C301,2019-07-17,2019-07-17 09:38:50,0.38,1.027,289,0.37,1.0,356,0.38,1.027,1,0.375,1.0135,788,0
SPY190719C301,2019-07-17,2019-07-17 09:38:51,0.38,1.027,289,0.37,1.0,668,0.38,1.027,1,0.375,1.0135,788,0
SPY190719C301,2019-07-17,2019-07-17 09:38:52,0.38,1.027,319,0.37,1.0,356,0.38,1.027,1,0.375,1.0135,788,0
SPY190719C301,2019-07-17,2019-07-17 09:38:52,0.38,1.027,289,0.37,1.0,1128,0.38,1.027,1,0.375,1.0135,788,0
SPY190719C301,2019-07-17,2019-07-17 09:38:53,0.38,1.027,319,0.37,1.0,356,0.38,1.027,1,0.375,1.0135,788,0
SPY190719C301,2019-07-17,2019-07-17 09:38:53,0.38,1.027,319,0.37,1.0,846,0.38,1.027,1,0.375,1.0135,788,0
SPY190719C301,2019-07-17,2019-07-17 09:38:54,0.38,1.027,319,0.37,1.0,885,0.38,1.027,1,0.375,1.0135,788,0
SPY190719C301,2019-07-17,2019-07-17 09:38:55,0.38,1.027,313,0.37,1.0,1358,0.38,1.027,1,0.375,1.0135,788,0
SPY190719C301,2019-07-17,2019-07-17 09:38:56,0.38,1.027,550,0.37,1.0,356,0.37,1.0,1,0.375,1.0135,789,0
SPY190719C301,2019-07-17,2019-07-17 09:38:56,0.38,1.027,550,0.37,1.0,356,0.37,1.0,1,0.375,1.0135,789,1
SPY190719C301,2019-07-17,2019-07-17 09:38:57,0.38,1.027,550,0.37,1.0,413,0.37,1.0,1,0.375,1.0135,789,0
SPY190719C301,2019-07-17,2019-07-17 09:38:57,0.38,1.027,550,0.37,1.0,400,0.37,1.0,1,0.375,1.0135,789,0
SPY190719C301,2019-07-17,2019-07-17 09:38:58,0.38,1.027,761,0.37,1.0,356,0.37,1.0,1,0.375,1.0135,789,0
SPY190719C301,2019-07-17,2019-07-17 09:38:59,0.38,1.027,761,0.37,1.0,346,0.37,1.0,1,0.375,1.0135,789,0
SPY190719C301,2019-07-17,2019-07-17 09:39:00,0.38,1.027,322,0.37,1.0,346,0.37,1.0,1,0.375,1.0135,789,0
SPY190719C301,2019-07-17,2019-07-17 09:39:01,0.39,1.054,1459,0.38,1.027,2,0.37,1.0,1,0.385,1.0405,789,0
SPY190719C301,2019-07-17,2019-07-17 09:39:02,0.39,1.054,2056,0.38,1.027,2,0.37,1.0,1,0.385,1.0405,789,0
SPY190719C301,2019-07-17,2019-07-17 09:39:03,0.39,1.054,2484,0.38,1.027,2,0.37,1.0,1,0.385,1.0405,789,0
SPY190719C301,2019-07-17,2019-07-17 09:39:03,0.39,1.054,2065,0.38,1.027,2,0.37,1.0,1,0.385,1.0405,789,0
SPY190719C301,2019-07-17,2019-07-17 09:39:04,0.39,1.054,2334,0.38,1.027,2,0.37,1.0,2,0.385,1.0405,791,2
SPY190719C301,2019-07-17,2019-07-17 09:39:04,0.39,1.054,2334,0.38,1.027,2,0.37,1.0,1,0.385,1.0405,789,0
SPY190719C301,2019-07-17,2019-07-17 09:39:05,0.39,1.054,2363,0.38,1.027,1,0.38,1.027,1,0.385,1.0405,792,0
SPY190719C301,2019-07-17,2019-07-17 09:39:05,0.39,1.054,2334,0.38,1.027,2,0.38,1.027,1,0.385,1.0405,792,1
SPY190719C301,2019-07-17,2019-07-17 09:39:06,0.38,1.027,1258,0.37,1.0,371,0.38,1.027,1,0.375,1.0135,797,5
SPY190719C301,2019-07-17,2019-07-17 09:39:06,0.38,1.027,1258,0.37,1.0,371,0.38,1.027,1,0.375,1.0135,797,0
SPY190719C301,2019-07-17,2019-07-17 09:39:07,0.38,1.027,311,0.37,1.0,371,0.38,1.027,1,0.375,1.0135,797,0
SPY190719C301,2019-07-17,2019-07-17 09:39:08,0.38,1.027,226,0.37,1.0,381,0.38,1.027,1,0.375,1.0135,797,0
SPY190719C301,2019-07-17,2019-07-17 09:39:08,0.38,1.027,311,0.37,1.0,874,0.38,1.027,1,0.375,1.0135,797,0
SPY190719C301,2019-07-17,2019-07-17 09:39:09,0.38,1.027,226,0.37,1.0,789,0.38,1.027,1,0.375,1.0135,797,0
SPY190719C301,2019-07-17,2019-07-17 09:39:09,0.38,1.027,307,0.37,1.0,387,0.38,1.027,1,0.375,1.0135,797,0
SPY190719C301,2019-07-17,2019-07-17 09:39:10,0.38,1.027,307,0.37,1.0,387,0.38,1.027,1,0.375,1.0135,797,0
SPY190719C301,2019-07-17,2019-07-17 09:39:10,0.38,1.027,180,0.37,1.0,484,0.38,1.027,1,0.375,1.0135,797,0
SPY190719C301,2019-07-17,2019-07-17 09:39:11,0.38,1.027,198,0.37,1.0,789,0.38,1.027,1,0.375,1.0135,797,0
SPY190719C301,2019-07-17,2019-07-17 09:39:12,0.38,1.027,187,0.37,1.0,839,0.38,1.027,1,0.375,1.0135,797,0
SPY190719C301,2019-07-17,2019-07-17 09:39:12,0.38,1.027,326,0.37,1.0,355,0.38,1.027,1,0.375,1.0135,797,0
SPY190719C301,2019-07-17,2019-07-17 09:39:13,0.38,1.027,76,0.38,1.027,99,0.38,1.027,1,0.38,1.027,797,0
SPY190719C301,2019-07-17,2019-07-17 09:39:13,0.38,1.027,139,0.37,1.0,1374,0.38,1.027,1,0.375,1.0135,797,0
SPY190719C301,2019-07-17,2019-07-17 09:39:14,0.39,1.054,1483,0.38,1.027,128,0.38,1.027,25,0.385,1.0405,822,25
SPY190719C301,2019-07-17,2019-07-17 09:39:15,0.39,1.054,1483,0.38,1.027,143,0.38,1.027,25,0.385,1.0405,822,0
SPY190719C301,2019-07-17,2019-07-17 09:39:15,0.39,1.054,667,0.38,1.027,575,0.38,1.027,25,0.385,1.0405,822,0
SPY190719C301,2019-07-17,2019-07-17 09:39:16,0.39,1.054,250,0.38,1.027,920,0.38,1.027,25,0.385,1.0405,822,0
SPY190719C301,2019-07-17,2019-07-17 09:39:17,0.39,1.054,262,0.38,1.027,1083,0.38,1.027,25,0.385,1.0405,822,0
SPY190719C301,2019-07-17,2019-07-17 09:39:17,0.39,1.054,250,0.38,1.027,858,0.38,1.027,25,0.385,1.0405,822,0
SPY190719C301,2019-07-17,2019-07-17 09:39:18,0.39,1.054,323,0.38,1.027,849,0.38,1.027,25,0.385,1.0405,822,0
SPY190719C301,2019-07-17,2019-07-17 09:39:19,0.39,1.054,612,0.38,1.027,849,0.38,1.027,25,0.385,1.0405,822,0
SPY190719C301,2019-07-17,2019-07-17 09:39:20,0.39,1.054,612,0.38,1.027,849,0.38,1.027,25,0.385,1.0405,822,0
SPY190719C301,2019-07-17,2019-07-17 09:39:20,0.39,1.054,461,0.38,1.027,1137,0.38,1.027,25,0.385,1.0405,822,0
SPY190719C301,2019-07-17,2019-07-17 09:39:21,0.39,1.054,792,0.38,1.027,1137,0.38,1.027,1,0.385,1.0405,823,1
SPY190719C301,2019-07-17,2019-07-17 09:39:22,0.39,1.054,500,0.38,1.027,1266,0.38,1.027,1,0.385,1.0405,823,0
SPY190719C301,2019-07-17,2019-07-17 09:39:22,0.39,1.054,187,0.38,1.027,1224,0.38,1.027,1,0.385,1.0405,823,0
SPY190719C301,2019-07-17,2019-07-17 09:39:23,0.39,1.054,150,0.38,1.027,1348,0.38,1.027,1,0.385,1.0405,823,0
SPY190719C301,2019-07-17,2019-07-17 09:39:23,0.39,1.054,136,0.38,1.027,1348,0.38,1.027,1,0.385,1.0405,823,0
SPY190719C301,2019-07-17,2019-07-17 09:39:24,0.39,1.054,187,0.38,1.027,1348,0.38,1.027,1,0.385,1.0405,823,0
SPY190719C301,2019-07-17,2019-07-17 09:39:25,0.39,1.054,292,0.38,1.027,1348,0.39,1.054,1,0.385,1.0405,825,0
SPY190719C301,2019-07-17,2019-07-17 09:39:25,0.39,1.054,184,0.38,1.027,1348,0.39,1.054,1,0.385,1.0405,825,2
SPY190719C301,2019-07-17,2019-07-17 09:39:26,0.39,1.054,292,0.38,1.027,1348,0.39,1.054,1,0.385,1.0405,825,0
SPY190719C301,2019-07-17,2019-07-17 09:39:26,0.39,1.054,689,0.38,1.027,1348,0.39,1.054,1,0.385,1.0405,825,0
SPY190719C301,2019-07-17,2019-07-17 09:39:27,0.39,1.054,153,0.38,1.027,1348,0.39,1.054,1,0.385,1.0405,825,0
SPY190719C301,2019-07-17,2019-07-17 09:39:27,0.39,1.054,218,0.38,1.027,1349,0.39,1.054,1,0.385,1.0405,825,0
SPY190719C301,2019-07-17,2019-07-17 09:39:28,0.39,1.054,289,0.38,1.027,1349,0.39,1.054,1,0.385,1.0405,825,0
SPY190719C301,2019-07-17,2019-07-17 09:39:28,0.39,1.054,188,0.38,1.027,1349,0.39,1.054,1,0.385,1.0405,825,0
SPY190719C301,2019-07-17,2019-07-17 09:39:29,0.39,1.054,188,0.38,1.027,1290,0.39,1.054,1,0.385,1.0405,825,0
SPY190719C301,2019-07-17,2019-07-17 09:39:30,0.39,1.054,188,0.38,1.027,1349,0.39,1.054,1,0.385,1.0405,825,0
SPY190719C301,2019-07-17,2019-07-17 09:39:30,0.39,1.054,154,0.38,1.027,1349,0.39,1.054,1,0.385,1.0405,825,0
SPY190719C301,2019-07-17,2019-07-17 09:39:31,0.39,1.054,136,0.38,1.027,1349,0.39,1.054,1,0.385,1.0405,825,0
SPY190719C301,2019-07-17,2019-07-17 09:39:32,0.39,1.054,507,0.38,1.027,1339,0.39,1.054,1,0.385,1.0405,825,0
SPY190719C301,2019-07-17,2019-07-17 09:39:33,0.39,1.054,185,0.38,1.027,1412,0.39,1.054,1,0.385,1.0405,825,0
SPY190719C301,2019-07-17,2019-07-17 09:39:33,0.39,1.054,284,0.38,1.027,1412,0.39,1.054,1,0.385,1.0405,825,0
SPY190719C301,2019-07-17,2019-07-17 09:39:34,0.39,1.054,136,0.38,1.027,1148,0.39,1.054,1,0.385,1.0405,825,0
SPY190719C301,2019-07-17,2019-07-17 09:39:34,0.39,1.054,284,0.38,1.027,1412,0.39,1.054,1,0.385,1.0405,825,0
SPY190719C301,2019-07-17,2019-07-17 09:39:35,0.39,1.054,131,0.38,1.027,705,0.39,1.054,1,0.385,1.0405,825,0
SPY190719C301,2019-07-17,2019-07-17 09:39:35,0.39,1.054,190,0.38,1.027,1338,0.39,1.054,1,0.385,1.0405,825,0
SPY190719C301,2019-07-17,2019-07-17 09:39:36,0.4,1.081,818,0.39,1.054,286,0.39,1.054,1,0.395,1.0675,825,0
SPY190719C301,2019-07-17,2019-07-17 09:39:37,0.4,1.081,771,0.39,1.054,286,0.39,1.054,1,0.395,1.0675,825,0
SPY190719C301,2019-07-17,2019-07-17 09:39:37,0.4,1.081,223,0.39,1.054,211,0.39,1.054,1,0.395,1.0675,825,0
SPY190719C301,2019-07-17,2019-07-17 09:39:38,0.4,1.081,223,0.39,1.054,1024,0.39,1.054,1,0.395,1.0675,825,0
SPY190719C301,2019-07-17,2019-07-17 09:39:38,0.4,1.081,223,0.39,1.054,806,0.39,1.054,1,0.395,1.0675,825,0
SPY190719C301,2019-07-17,2019-07-17 09:39:39,0.4,1.081,415,0.39,1.054,905,0.4,1.081,10,0.395,1.0675,835,0
SPY190719C301,2019-07-17,2019-07-17 09:39:39,0.4,1.081,804,0.39,1.054,920,0.4,1.081,10,0.395,1.0675,835,10
SPY190719C301,2019-07-17,2019-07-17 09:39:40,0.4,1.081,117,0.39,1.054,1386,0.4,1.081,10,0.395,1.0675,835,0
SPY190719C301,2019-07-17,2019-07-17 09:39:40,0.4,1.081,2,0.39,1.054,1386,0.4,1.081,10,0.395,1.0675,835,0
SPY190719C301,2019-07-17,2019-07-17 09:39:41,0.4,1.081,2,0.39,1.054,1700,0.4,1.081,10,0.395,1.0675,835,0
SPY190719C301,2019-07-17,2019-07-17 09:39:42,0.41,1.1081,889,0.39,1.054,3360,0.4,1.081,1,0.4,1.081,836,0
SPY190719C301,2019-07-17,2019-07-17 09:39:42,0.4,1.081,2,0.39,1.054,2341,0.4,1.081,1,0.395,1.0675,836,1
SPY190719C301,2019-07-17,2019-07-17 09:39:43,0.41,1.1081,889,0.39,1.054,3681,0.4,1.081,1,0.4,1.081,836,0
SPY190719C301,2019-07-17,2019-07-17 09:39:44,0.41,1.1081,222,0.4,1.081,1163,0.4,1.081,1,0.405,1.0945,837,0
SPY190719C301,2019-07-17,2019-07-17 09:39:44,0.41,1.1081,222,0.4,1.081,511,0.4,1.081,1,0.405,1.0945,837,1
SPY190719C301,2019-07-17,2019-07-17 09:39:45,0.41,1.1081,139,0.4,1.081,1163,0.4,1.081,1,0.405,1.0945,837,0
SPY190719C301,2019-07-17,2019-07-17 09:39:46,0.41,1.1081,139,0.4,1.081,1077,0.4,1.081,1,0.405,1.0945,837,0
SPY190719C301,2019-07-17,2019-07-17 09:39:46,0.41,1.1081,139,0.4,1.081,1406,0.4,1.081,1,0.405,1.0945,837,0
SPY190719C301,2019-07-17,2019-07-17 09:39:47,0.41,1.1081,139,0.4,1.081,1077,0.4,1.081,1,0.405,1.0945,837,0
SPY190719C301,2019-07-17,2019-07-17 09:39:48,0.41,1.1081,226,0.4,1.081,886,0.4,1.081,1,0.405,1.0945,837,0
SPY190719C301,2019-07-17,2019-07-17 09:39:48,0.41,1.1081,226,0.4,1.081,1057,0.4,1.081,1,0.405,1.0945,837,0
SPY190719C301,2019-07-17,2019-07-17 09:39:49,0.41,1.1081,9,0.4,1.081,3361,0.4,1.081,1,0.405,1.0945,837,0
SPY190719C301,2019-07-17,2019-07-17 09:39:50,0.41,1.1081,9,0.4,1.081,3361,0.4,1.081,1,0.405,1.0945,837,0
SPY190719C301,2019-07-17,2019-07-17 09:39:50,0.41,1.1081,9,0.4,1.081,3527,0.4,1.081,1,0.405,1.0945,837,0
SPY190719C301,2019-07-17,2019-07-17 09:39:51,0.41,1.1081,9,0.4,1.081,3323,0.4,1.081,1,0.405,1.0945,837,0
SPY190719C301,2019-07-17,2019-07-17 09:39:51,0.41,1.1081,9,0.4,1.081,3487,0.4,1.081,1,0.405,1.0945,837,0
SPY190719C301,2019-07-17,2019-07-17 09:39:52,0.41,1.1081,226,0.4,1.081,836,0.4,1.081,1,0.405,1.0945,837,0
SPY190719C301,2019-07-17,2019-07-17 09:39:53,0.41,1.1081,370,0.4,1.081,836,0.4,1.081,1,0.405,1.0945,837,0
SPY190719C301,2019-07-17,2019-07-17 09:39:53,0.41,1.1081,226,0.4,1.081,1079,0.4,1.081,1,0.405,1.0945,837,0
SPY190719C301,2019-07-17,2019-07-17 09:39:54,0.41,1.1081,370,0.4,1.081,836,0.4,1.081,1,0.405,1.0945,837,0
SPY190719C301,2019-07-17,2019-07-17 09:39:54,0.41,1.1081,636,0.4,1.081,836,0.4,1.081,1,0.405,1.0945,837,0
SPY190719C301,2019-07-17,2019-07-17 09:39:55,0.41,1.1081,826,0.4,1.081,1026,0.4,1.081,1,0.405,1.0945,837,0
SPY190719C301,2019-07-17,2019-07-17 09:39:55,0.41,1.1081,636,0.4,1.081,836,0.4,1.081,1,0.405,1.0945,837,0
SPY190719C301,2019-07-17,2019-07-17 09:39:56,0.41,1.1081,874,0.4,1.081,1026,0.4,1.081,1,0.405,1.0945,837,0
SPY190719C301,2019-07-17,2019-07-17 09:39:57,0.41,1.1081,636,0.4,1.081,10,0.4,1.081,1,0.405,1.0945,837,0
SPY190719C301,2019-07-17,2019-07-17 09:39:57,0.41,1.1081,1150,0.4,1.081,714,0.4,1.081,1,0.405,1.0945,837,0
SPY190719C301,2019-07-17,2019-07-17 09:39:58,0.41,1.1081,828,0.4,1.081,10,0.4,1.081,1,0.405,1.0945,837,0
SPY190719C301,2019-07-17,2019-07-17 09:39:58,0.41,1.1081,1401,0.38,1.027,908,0.4,1.081,1,0.395,1.0675,837,0
SPY190719C301,2019-07-17,2019-07-17 09:39:59,0.4,1.081,626,0.38,1.027,456,0.4,1.081,1,0.39,1.054,837,0
SPY190719C301,2019-07-17,2019-07-17 09:40:00,0.39,1.054,58,0.38,1.027,970,0.4,1.081,1,0.385,1.0405,837,0
SPY190719C301,2019-07-17,2019-07-17 09:40:00,0.39,1.054,54,0.38,1.027,970,0.4,1.081,1,0.385,1.0405,837,0
SPY190719C301,2019-07-17,2019-07-17 09:40:01,0.39,1.054,351,0.38,1.027,346,0.4,1.081,1,0.385,1.0405,837,0
SPY190719C301,2019-07-17,2019-07-17 09:40:01,0.39,1.054,351,0.38,1.027,889,0.4,1.081,1,0.385,1.0405,837,0
SPY190719C301,2019-07-17,2019-07-17 09:40:02,0.4,1.081,764,0.39,1.054,200,0.4,1.081,1,0.395,1.0675,837,0
SPY190719C301,2019-07-17,2019-07-17 09:40:02,0.4,1.081,1197,0.39,1.054,150,0.4,1.081,1,0.395,1.0675,837,0
SPY190719C301,2019-07-17,2019-07-17 09:40:03,0.4,1.081,97,0.39,1.054,69,0.4,1.081,1,0.395,1.0675,837,0
SPY190719C301,2019-07-17,2019-07-17 09:40:04,0.4,1.081,65,0.39,1.054,2226,0.4,1.081,1,0.395,1.0675,837,0
SPY190719C301,2019-07-17,2019-07-17 09:40:05,0.4,1.081,5,0.39,1.054,2226,0.4,1.081,1,0.395,1.0675,837,0
SPY190719C301,2019-07-17,2019-07-17 09:40:05,0.4,1.081,67,0.39,1.054,2226,0.4,1.081,1,0.395,1.0675,837,0
SPY190719C301,2019-07-17,2019-07-17 09:40:06,0.4,1.081,45,0.4,1.081,5,0.4,1.081,1,0.4,1.081,837,0
SPY190719C301,2019-07-17,2019-07-17 09:40:06,0.41,1.1081,291,0.4,1.081,353,0.4,1.081,1,0.405,1.0945,837,0
SPY190719C301,2019-07-17,2019-07-17 09:40:07,0.41,1.1081,9,0.4,1.081,2046,0.4,1.081,1,0.405,1.0945,837,0
SPY190719C301,2019-07-17,2019-07-17 09:40:07,0.41,1.1081,9,0.4,1.081,2501,0.4,1.081,1,0.405,1.0945,837,0
SPY190719C301,2019-07-17,2019-07-17 09:40:08,0.41,1.1081,9,0.4,1.081,2670,0.4,1.081,74,0.405,1.0945,911,74
SPY190719C301,2019-07-17,2019-07-17 09:40:09,0.41,1.1081,9,0.4,1.081,2380,0.4,1.081,74,0.405,1.0945,911,0
SPY190719C301,2019-07-17,2019-07-17 09:40:10,0.41,1.1081,197,0.4,1.081,643,0.4,1.081,74,0.405,1.0945,911,0
SPY190719C301,2019-07-17,2019-07-17 09:40:10,0.41,1.1081,289,0.4,1.081,627,0.4,1.081,74,0.405,1.0945,911,0
SPY190719C301,2019-07-17,2019-07-17 09:40:11,0.41,1.1081,219,0.4,1.081,627,0.4,1.081,74,0.405,1.0945,911,0
SPY190719C301,2019-07-17,2019-07-17 09:40:12,0.41,1.1081,289,0.4,1.081,627,0.4,1.081,74,0.405,1.0945,911,0
SPY190719C301,2019-07-17,2019-07-17 09:40:13,0.41,1.1081,474,0.4,1.081,928,0.4,1.081,74,0.405,1.0945,911,0
SPY190719C301,2019-07-17,2019-07-17 09:40:13,0.41,1.1081,289,0.4,1.081,627,0.4,1.081,74,0.405,1.0945,911,0
SPY190719C301,2019-07-17,2019-07-17 09:40:14,0.41,1.1081,218,0.4,1.081,928,0.41,1.1081,3,0.405,1.0945,924,13
SPY190719C301,2019-07-17,2019-07-17 09:40:15,0.41,1.1081,218,0.4,1.081,836,0.41,1.1081,3,0.405,1.0945,924,0
SPY190719C301,2019-07-17,2019-07-17 09:40:16,0.41,1.1081,190,0.4,1.081,836,0.41,1.1081,3,0.405,1.0945,924,0
SPY190719C301,2019-07-17,2019-07-17 09:40:17,0.41,1.1081,190,0.4,1.081,836,0.41,1.1081,3,0.405,1.0945,924,0
SPY190719C301,2019-07-17,2019-07-17 09:40:18,0.41,1.1081,190,0.4,1.081,836,0.41,1.1081,3,0.405,1.0945,924,0
SPY190719C301,2019-07-17,2019-07-17 09:40:19,0.41,1.1081,190,0.4,1.081,1400,0.41,1.1081,3,0.405,1.0945,924,0
SPY190719C301,2019-07-17,2019-07-17 09:40:19,0.41,1.1081,9,0.4,1.081,1971,0.41,1.1081,3,0.405,1.0945,924,0
SPY190719C301,2019-07-17,2019-07-17 09:40:20,0.41,1.1081,9,0.4,1.081,2742,0.41,1.1081,3,0.405,1.0945,924,0
SPY190719C301,2019-07-17,2019-07-17 09:40:20,0.41,1.1081,9,0.4,1.081,2599,0.41,1.1081,3,0.405,1.0945,924,0
SPY190719C301,2019-07-17,2019-07-17 09:40:21,0.41,1.1081,9,0.4,1.081,2599,0.41,1.1081,3,0.405,1.0945,924,0
SPY190719C301,2019-07-17,2019-07-17 09:40:22,0.41,1.1081,9,0.4,1.081,2742,0.41,1.1081,3,0.405,1.0945,924,0
SPY190719C301,2019-07-17,2019-07-17 09:40:23,0.41,1.1081,9,0.4,1.081,2742,0.41,1.1081,3,0.405,1.0945,924,0
SPY190719C301,2019-07-17,2019-07-17 09:40:23,0.41,1.1081,9,0.4,1.081,2423,0.41,1.1081,3,0.405,1.0945,924,0
SPY190719C301,2019-07-17,2019-07-17 09:40:24,0.42,1.1351,5,0.4,1.081,1958,0.41,1.1081,3,0.41,1.1081,933,9
SPY190719C301,2019-07-17,2019-07-17 09:40:25,0.42,1.1351,142,0.41,1.1081,997,0.41,1.1081,3,0.415,1.1216,933,0
SPY190719C301,2019-07-17,2019-07-17 09:40:25,0.42,1.1351,95,0.41,1.1081,1091,0.41,1.1081,3,0.415,1.1216,933,0
SPY190719C301,2019-07-17,2019-07-17 09:40:26,0.42,1.1351,139,0.41,1.1081,1505,0.41,1.1081,3,0.415,1.1216,933,0
SPY190719C301,2019-07-17,2019-07-17 09:40:26,0.42,1.1351,139,0.41,1.1081,1881,0.41,1.1081,3,0.415,1.1216,933,0
SPY190719C301,2019-07-17,2019-07-17 09:40:27,0.42,1.1351,139,0.41,1.1081,1881,0.41,1.1081,3,0.415,1.1216,933,0
SPY190719C301,2019-07-17,2019-07-17 09:40:28,0.42,1.1351,139,0.41,1.1081,1881,0.41,1.1081,3,0.415,1.1216,933,0
SPY190719C301,2019-07-17,2019-07-17 09:40:29,0.42,1.1351,139,0.41,1.1081,1881,0.41,1.1081,3,0.415,1.1216,933,0
SPY190719C301,2019-07-17,2019-07-17 09:40:30,0.42,1.1351,139,0.41,1.1081,1881,0.41,1.1081,3,0.415,1.1216,933,0
SPY190719C301,2019-07-17,2019-07-17 09:40:31,0.42,1.1351,139,0.41,1.1081,1885,0.41,1.1081,3,0.415,1.1216,933,0
SPY190719C301,2019-07-17,2019-07-17 09:40:32,0.42,1.1351,116,0.41,1.1081,1885,0.41,1.1081,3,0.415,1.1216,933,0
SPY190719C301,2019-07-17,2019-07-17 09:40:32,0.42,1.1351,139,0.41,1.1081,1885,0.41,1.1081,3,0.415,1.1216,933,0
SPY190719C301,2019-07-17,2019-07-17 09:40:33,0.42,1.1351,116,0.41,1.1081,1885,0.41,1.1081,3,0.415,1.1216,933,0
SPY190719C301,2019-07-17,2019-07-17 09:40:33,0.42,1.1351,116,0.41,1.1081,2554,0.41,1.1081,3,0.415,1.1216,933,0
SPY190719C301,2019-07-17,2019-07-17 09:40:34,0.43,1.1621,177,0.42,1.1351,640,0.41,1.1081,3,0.425,1.1486,933,0
SPY190719C301,2019-07-17,2019-07-17 09:40:34,0.43,1.1621,199,0.42,1.1351,917,0.41,1.1081,3,0.425,1.1486,933,0
SPY190719C301,2019-07-17,2019-07-17 09:40:35,0.43,1.1621,199,0.42,1.1351,1044,0.41,1.1081,3,0.425,1.1486,933,0
SPY190719C301,2019-07-17,2019-07-17 09:40:36,0.43,1.1621,199,0.42,1.1351,1044,0.41,1.1081,3,0.425,1.1486,933,0
SPY190719C301,2019-07-17,2019-07-17 09:40:37,0.43,1.1621,138,0.41,1.1081,1108,0.41,1.1081,3,0.42,1.1351,933,0
SPY190719C301,2019-07-17,2019-07-17 09:40:37,0.43,1.1621,199,0.42,1.1351,1044,0.41,1.1081,3,0.425,1.1486,933,0
SPY190719C301,2019-07-17,2019-07-17 09:40:38,0.43,1.1621,1989,0.42,1.1351,60,0.41,1.1081,3,0.425,1.1486,933,0
SPY190719C301,2019-07-17,2019-07-17 09:40:38,0.43,1.1621,1385,0.42,1.1351,60,0.41,1.1081,3,0.425,1.1486,933,0
SPY190719C301,2019-07-17,2019-07-17 09:40:39,0.43,1.1621,1989,0.42,1.1351,120,0.41,1.1081,3,0.425,1.1486,933,0
SPY190719C301,2019-07-17,2019-07-17 09:40:39,0.43,1.1621,1989,0.42,1.1351,60,0.41,1.1081,3,0.425,1.1486,933,0
SPY190719C301,2019-07-17,2019-07-17 09:40:40,0.43,1.1621,1564,0.42,1.1351,120,0.41,1.1081,3,0.425,1.1486,933,0
SPY190719C301,2019-07-17,2019-07-17 09:40:41,0.43,1.1621,1980,0.42,1.1351,209,0.41,1.1081,3,0.425,1.1486,933,0
SPY190719C301,2019-07-17,2019-07-17 09:40:41,0.43,1.1621,1980,0.42,1.1351,120,0.41,1.1081,3,0.425,1.1486,933,0
SPY190719C301,2019-07-17,2019-07-17 09:40:42,0.43,1.1621,1980,0.42,1.1351,209,0.41,1.1081,3,0.425,1.1486,933,0
SPY190719C301,2019-07-17,2019-07-17 09:40:42,0.43,1.1621,1838,0.42,1.1351,209,0.41,1.1081,3,0.425,1.1486,933,0
SPY190719C301,2019-07-17,2019-07-17 09:40:43,0.43,1.1621,1564,0.42,1.1351,161,0.41,1.1081,3,0.425,1.1486,933,0
SPY190719C301,2019-07-17,2019-07-17 09:40:43,0.43,1.1621,1538,0.42,1.1351,161,0.41,1.1081,3,0.425,1.1486,933,0
SPY190719C301,2019-07-17,2019-07-17 09:40:44,0.43,1.1621,917,0.42,1.1351,252,0.41,1.1081,3,0.425,1.1486,933,0
SPY190719C301,2019-07-17,2019-07-17 09:40:45,0.43,1.1621,917,0.42,1.1351,130,0.41,1.1081,3,0.425,1.1486,933,0
SPY190719C301,2019-07-17,2019-07-17 09:40:46,0.43,1.1621,1287,0.42,1.1351,130,0.43,1.1621,4,0.425,1.1486,943,10
SPY190719C301,2019-07-17,2019-07-17 09:40:46,0.43,1.1621,917,0.42,1.1351,130,0.41,1.1081,3,0.425,1.1486,933,0
SPY190719C301,2019-07-17,2019-07-17 09:40:47,0.43,1.1621,1396,0.42,1.1351,130,0.43,1.1621,4,0.425,1.1486,943,0
SPY190719C301,2019-07-17,2019-07-17 09:40:48,0.43,1.1621,1466,0.42,1.1351,130,0.43,1.1621,4,0.425,1.1486,943,0
SPY190719C301,2019-07-17,2019-07-17 09:40:48,0.43,1.1621,1396,0.42,1.1351,130,0.43,1.1621,4,0.425,1.1486,943,0
SPY190719C301,2019-07-17,2019-07-17 09:40:49,0.43,1.1621,1506,0.42,1.1351,130,0.43,1.1621,2,0.425,1.1486,945,2
SPY190719C301,2019-07-17,2019-07-17 09:40:49,0.43,1.1621,1506,0.42,1.1351,130,0.43,1.1621,4,0.425,1.1486,943,0
SPY190719C301,2019-07-17,2019-07-17 09:40:50,0.43,1.1621,898,0.42,1.1351,130,0.43,1.1621,2,0.425,1.1486,945,0
SPY190719C301,2019-07-17,2019-07-17 09:40:51,0.43,1.1621,827,0.42,1.1351,214,0.43,1.1621,2,0.425,1.1486,945,0
SPY190719C301,2019-07-17,2019-07-17 09:40:52,0.43,1.1621,195,0.42,1.1351,1036,0.43,1.1621,2,0.425,1.1486,945,0
SPY190719C301,2019-07-17,2019-07-17 09:40:52,0.43,1.1621,578,0.42,1.1351,894,0.43,1.1621,2,0.425,1.1486,945,0
SPY190719C301,2019-07-17,2019-07-17 09:40:53,0.43,1.1621,195,0.42,1.1351,1036,0.43,1.1621,2,0.425,1.1486,945,0
SPY190719C301,2019-07-17,2019-07-17 09:40:54,0.43,1.1621,1049,0.42,1.1351,60,0.43,1.1621,2,0.425,1.1486,945,0
SPY190719C301,2019-07-17,2019-07-17 09:40:54,0.43,1.1621,187,0.42,1.1351,954,0.43,1.1621,2,0.425,1.1486,945,0
SPY190719C301,2019-07-17,2019-07-17 09:40:55,0.43,1.1621,1049,0.42,1.1351,60,0.43,1.1621,2,0.425,1.1486,945,0
SPY190719C301,2019-07-17,2019-07-17 09:40:55,0.43,1.1621,1049,0.42,1.1351,75,0.43,1.1621,2,0.425,1.1486,945,0
SPY190719C301,2019-07-17,2019-07-17 09:40:56,0.43,1.1621,790,0.42,1.1351,52,0.42,1.1351,1,0.425,1.1486,954,9
SPY190719C301,2019-07-17,2019-07-17 09:40:57,0.42,1.1351,638,0.41,1.1081,202,0.42,1.1351,1,0.415,1.1216,1005,45
SPY190719C301,2019-07-17,2019-07-17 09:40:57,0.43,1.1621,2147,0.42,1.1351,45,0.42,1.1351,1,0.425,1.1486,960,6
SPY190719C301,2019-07-17,2019-07-17 09:40:58,0.42,1.1351,774,0.41,1.1081,202,0.42,1.1351,1,0.415,1.1216,1005,0
SPY190719C301,2019-07-17,2019-07-17 09:40:58,0.42,1.1351,638,0.41,1.1081,202,0.42,1.1351,1,0.415,1.1216,1005,0
SPY190719C301,2019-07-17,2019-07-17 09:40:59,0.42,1.1351,1186,0.41,1.1081,202,0.42,1.1351,1,0.415,1.1216,1005,0
SPY190719C301,2019-07-17,2019-07-17 09:41:00,0.42,1.1351,1101,0.41,1.1081,63,0.42,1.1351,1,0.415,1.1216,1005,0
SPY190719C301,2019-07-17,2019-07-17 09:41:00,0.42,1.1351,1140,0.41,1.1081,64,0.42,1.1351,1,0.415,1.1216,1005,0
SPY190719C301,2019-07-17,2019-07-17 09:41:01,0.42,1.1351,1098,0.41,1.1081,64,0.42,1.1351,1,0.415,1.1216,1005,0
SPY190719C301,2019-07-17,2019-07-17 09:41:02,0.42,1.1351,155,0.41,1.1081,862,0.42,1.1351,1,0.415,1.1216,1005,0
SPY190719C301,2019-07-17,2019-07-17 09:41:02,0.42,1.1351,1330,0.41,1.1081,64,0.42,1.1351,1,0.415,1.1216,1005,0
