symbol,Date,quote_time,ask_price,norm_ask_price,ask_size,bid_price,norm_bid_price,bid_size,last_trade_price,norm_last_trade_price,last_trade_size,mark_price,norm_mark_price,volume,Volume
SPY190731P299,2019-07-29,2019-07-29 09:30:00,0.53,1.0,246,0.52,0.9811,180,0.62,1.1698,24,0.525,0.9905,0,0
SPY190731P299,2019-07-29,2019-07-29 09:30:08,0.53,1.0,276,0.52,0.9811,230,0.52,0.9811,5,0.525,0.9905,12,12
SPY190731P299,2019-07-29,2019-07-29 09:30:09,0.54,1.0188,1275,0.52,0.9811,230,0.52,0.9811,5,0.53,1.0,12,0
SPY190731P299,2019-07-29,2019-07-29 09:30:10,0.53,1.0,1265,0.53,1.0,5,0.52,0.9811,5,0.53,1.0,12,0
SPY190731P299,2019-07-29,2019-07-29 09:30:10,0.53,1.0,1120,0.51,0.9622,1680,0.52,0.9811,5,0.52,0.9811,12,0
SPY190731P299,2019-07-29,2019-07-29 09:30:11,0.53,1.0,1,0.52,0.9811,340,0.52,0.9811,5,0.525,0.9905,12,0
SPY190731P299,2019-07-29,2019-07-29 09:30:11,0.53,1.0,1,0.52,0.9811,1361,0.52,0.9811,5,0.525,0.9905,12,0
SPY190731P299,2019-07-29,2019-07-29 09:30:12,0.53,1.0,1,0.52,0.9811,1948,0.52,0.9811,5,0.525,0.9905,12,0
SPY190731P299,2019-07-29,2019-07-29 09:30:13,0.53,1.0,1,0.52,0.9811,1781,0.52,0.9811,5,0.525,0.9905,12,0
SPY190731P299,2019-07-29,2019-07-29 09:30:13,0.53,1.0,1,0.52,0.9811,1948,0.52,0.9811,5,0.525,0.9905,12,0
SPY190731P299,2019-07-29,2019-07-29 09:30:14,0.53,1.0,1,0.52,0.9811,1791,0.52,0.9811,5,0.525,0.9905,12,0
SPY190731P299,2019-07-29,2019-07-29 09:30:15,0.53,1.0,1,0.52,0.9811,1889,0.52,0.9811,5,0.525,0.9905,12,0
SPY190731P299,2019-07-29,2019-07-29 09:30:16,0.55,1.0377,1543,0.54,1.0188,5,0.53,1.0,1,0.545,1.0283,13,1
SPY190731P299,2019-07-29,2019-07-29 09:30:17,0.55,1.0377,1575,0.54,1.0188,5,0.53,1.0,1,0.545,1.0283,13,0
SPY190731P299,2019-07-29,2019-07-29 09:30:17,0.55,1.0377,2022,0.54,1.0188,5,0.53,1.0,1,0.545,1.0283,13,0
SPY190731P299,2019-07-29,2019-07-29 09:30:18,0.55,1.0377,472,0.52,0.9811,10,0.53,1.0,1,0.535,1.0094,13,0
SPY190731P299,2019-07-29,2019-07-29 09:30:19,0.55,1.0377,1456,0.53,1.0,5,0.53,1.0,1,0.54,1.0188,13,0
SPY190731P299,2019-07-29,2019-07-29 09:30:19,0.55,1.0377,1939,0.54,1.0188,5,0.53,1.0,1,0.545,1.0283,13,0
SPY190731P299,2019-07-29,2019-07-29 09:30:20,0.55,1.0377,1834,0.54,1.0188,5,0.53,1.0,1,0.545,1.0283,13,0
SPY190731P299,2019-07-29,2019-07-29 09:30:21,0.55,1.0377,2265,0.54,1.0188,5,0.53,1.0,1,0.545,1.0283,13,0
SPY190731P299,2019-07-29,2019-07-29 09:30:21,0.55,1.0377,3342,0.54,1.0188,5,0.53,1.0,1,0.545,1.0283,13,0
SPY190731P299,2019-07-29,2019-07-29 09:30:22,0.55,1.0377,3342,0.54,1.0188,5,0.53,1.0,1,0.545,1.0283,13,0
SPY190731P299,2019-07-29,2019-07-29 09:30:23,0.55,1.0377,3342,0.53,1.0,113,0.53,1.0,1,0.54,1.0188,13,0
SPY190731P299,2019-07-29,2019-07-29 09:30:23,0.55,1.0377,289,0.54,1.0188,5,0.53,1.0,1,0.545,1.0283,13,0
SPY190731P299,2019-07-29,2019-07-29 09:30:24,0.55,1.0377,120,0.54,1.0188,5,0.53,1.0,1,0.545,1.0283,13,0
SPY190731P299,2019-07-29,2019-07-29 09:30:24,0.55,1.0377,180,0.54,1.0188,5,0.53,1.0,1,0.545,1.0283,13,0
SPY190731P299,2019-07-29,2019-07-29 09:30:25,0.55,1.0377,1401,0.53,1.0,1158,0.53,1.0,1,0.54,1.0188,13,0
SPY190731P299,2019-07-29,2019-07-29 09:30:26,0.55,1.0377,794,0.54,1.0188,5,0.53,1.0,1,0.545,1.0283,13,0
SPY190731P299,2019-07-29,2019-07-29 09:30:26,0.55,1.0377,962,0.53,1.0,490,0.53,1.0,1,0.54,1.0188,13,0
SPY190731P299,2019-07-29,2019-07-29 09:30:27,0.55,1.0377,962,0.54,1.0188,5,0.53,1.0,1,0.545,1.0283,13,0
SPY190731P299,2019-07-29,2019-07-29 09:30:27,0.55,1.0377,766,0.54,1.0188,5,0.53,1.0,1,0.545,1.0283,13,0
SPY190731P299,2019-07-29,2019-07-29 09:30:28,0.55,1.0377,815,0.54,1.0188,5,0.53,1.0,1,0.545,1.0283,13,0
SPY190731P299,2019-07-29,2019-07-29 09:30:29,0.55,1.0377,1032,0.54,1.0188,5,0.53,1.0,1,0.545,1.0283,13,0
SPY190731P299,2019-07-29,2019-07-29 09:30:29,0.55,1.0377,815,0.54,1.0188,5,0.53,1.0,1,0.545,1.0283,13,0
SPY190731P299,2019-07-29,2019-07-29 09:30:30,0.55,1.0377,1230,0.54,1.0188,5,0.53,1.0,1,0.545,1.0283,13,0
SPY190731P299,2019-07-29,2019-07-29 09:30:30,0.55,1.0377,1296,0.54,1.0188,5,0.53,1.0,1,0.545,1.0283,13,0
SPY190731P299,2019-07-29,2019-07-29 09:30:31,0.55,1.0377,1432,0.54,1.0188,5,0.53,1.0,1,0.545,1.0283,13,0
SPY190731P299,2019-07-29,2019-07-29 09:30:31,0.55,1.0377,1519,0.54,1.0188,5,0.53,1.0,1,0.545,1.0283,13,0
SPY190731P299,2019-07-29,2019-07-29 09:30:32,0.55,1.0377,815,0.54,1.0188,5,0.53,1.0,1,0.545,1.0283,13,0
SPY190731P299,2019-07-29,2019-07-29 09:30:33,0.55,1.0377,946,0.54,1.0188,5,0.53,1.0,1,0.545,1.0283,13,0
SPY190731P299,2019-07-29,2019-07-29 09:30:34,0.55,1.0377,946,0.54,1.0188,5,0.53,1.0,1,0.545,1.0283,13,0
SPY190731P299,2019-07-29,2019-07-29 09:30:35,0.55,1.0377,1797,0.54,1.0188,5,0.53,1.0,1,0.545,1.0283,13,0
SPY190731P299,2019-07-29,2019-07-29 09:30:36,0.55,1.0377,1871,0.54,1.0188,5,0.53,1.0,1,0.545,1.0283,13,0
SPY190731P299,2019-07-29,2019-07-29 09:30:37,0.55,1.0377,1996,0.54,1.0188,5,0.53,1.0,1,0.545,1.0283,13,0
SPY190731P299,2019-07-29,2019-07-29 09:30:37,0.54,1.0188,240,0.53,1.0,656,0.53,1.0,1,0.535,1.0094,13,0
SPY190731P299,2019-07-29,2019-07-29 09:30:38,0.54,1.0188,853,0.53,1.0,220,0.53,1.0,1,0.535,1.0094,13,0
SPY190731P299,2019-07-29,2019-07-29 09:30:39,0.54,1.0188,1137,0.53,1.0,220,0.53,1.0,1,0.535,1.0094,13,0
SPY190731P299,2019-07-29,2019-07-29 09:30:40,0.54,1.0188,2906,0.53,1.0,5,0.53,1.0,1,0.535,1.0094,13,0
SPY190731P299,2019-07-29,2019-07-29 09:30:40,0.54,1.0188,1137,0.53,1.0,5,0.53,1.0,1,0.535,1.0094,13,0
SPY190731P299,2019-07-29,2019-07-29 09:30:41,0.53,1.0,180,0.52,0.9811,430,0.53,1.0,1,0.525,0.9905,13,0
SPY190731P299,2019-07-29,2019-07-29 09:30:41,0.53,1.0,218,0.52,0.9811,430,0.53,1.0,1,0.525,0.9905,13,0
SPY190731P299,2019-07-29,2019-07-29 09:30:42,0.53,1.0,1629,0.52,0.9811,5,0.53,1.0,1,0.525,0.9905,13,0
SPY190731P299,2019-07-29,2019-07-29 09:30:43,0.53,1.0,1720,0.52,0.9811,5,0.53,1.0,1,0.525,0.9905,13,0
SPY190731P299,2019-07-29,2019-07-29 09:30:44,0.53,1.0,2098,0.52,0.9811,5,0.53,1.0,1,0.525,0.9905,13,0
SPY190731P299,2019-07-29,2019-07-29 09:30:45,0.53,1.0,1268,0.52,0.9811,5,0.53,1.0,1,0.525,0.9905,13,0
SPY190731P299,2019-07-29,2019-07-29 09:30:46,0.53,1.0,2073,0.51,0.9622,430,0.53,1.0,1,0.52,0.9811,13,0
SPY190731P299,2019-07-29,2019-07-29 09:30:47,0.53,1.0,1724,0.52,0.9811,5,0.53,1.0,1,0.525,0.9905,13,0
SPY190731P299,2019-07-29,2019-07-29 09:30:47,0.53,1.0,2126,0.52,0.9811,5,0.53,1.0,1,0.525,0.9905,13,0
SPY190731P299,2019-07-29,2019-07-29 09:30:48,0.53,1.0,1724,0.52,0.9811,5,0.53,1.0,1,0.525,0.9905,13,0
SPY190731P299,2019-07-29,2019-07-29 09:30:49,0.53,1.0,1724,0.52,0.9811,5,0.53,1.0,1,0.525,0.9905,13,0
SPY190731P299,2019-07-29,2019-07-29 09:30:49,0.53,1.0,337,0.52,0.9811,5,0.53,1.0,1,0.525,0.9905,13,0
SPY190731P299,2019-07-29,2019-07-29 09:30:50,0.53,1.0,846,0.52,0.9811,5,0.53,1.0,1,0.525,0.9905,13,0
SPY190731P299,2019-07-29,2019-07-29 09:30:51,0.53,1.0,1507,0.52,0.9811,5,0.53,1.0,1,0.525,0.9905,13,0
SPY190731P299,2019-07-29,2019-07-29 09:30:51,0.53,1.0,1354,0.52,0.9811,5,0.53,1.0,1,0.525,0.9905,13,0
SPY190731P299,2019-07-29,2019-07-29 09:30:52,0.52,0.9811,1238,0.51,0.9622,256,0.53,1.0,1,0.515,0.9716,13,0
SPY190731P299,2019-07-29,2019-07-29 09:30:52,0.52,0.9811,1235,0.51,0.9622,100,0.53,1.0,1,0.515,0.9716,13,0
SPY190731P299,2019-07-29,2019-07-29 09:30:53,0.52,0.9811,821,0.51,0.9622,5,0.53,1.0,1,0.515,0.9716,13,0
SPY190731P299,2019-07-29,2019-07-29 09:30:53,0.52,0.9811,1238,0.51,0.9622,256,0.53,1.0,1,0.515,0.9716,13,0
SPY190731P299,2019-07-29,2019-07-29 09:30:54,0.52,0.9811,1168,0.51,0.9622,5,0.53,1.0,1,0.515,0.9716,13,0
SPY190731P299,2019-07-29,2019-07-29 09:30:55,0.52,0.9811,157,0.51,0.9622,340,0.53,1.0,1,0.515,0.9716,13,0
SPY190731P299,2019-07-29,2019-07-29 09:30:56,0.52,0.9811,1163,0.51,0.9622,5,0.53,1.0,1,0.515,0.9716,13,0
SPY190731P299,2019-07-29,2019-07-29 09:30:56,0.53,1.0,745,0.51,0.9622,340,0.53,1.0,1,0.52,0.9811,13,0
SPY190731P299,2019-07-29,2019-07-29 09:30:57,0.52,0.9811,1163,0.51,0.9622,5,0.53,1.0,1,0.515,0.9716,13,0
SPY190731P299,2019-07-29,2019-07-29 09:30:58,0.52,0.9811,1592,0.51,0.9622,219,0.53,1.0,1,0.515,0.9716,13,0
SPY190731P299,2019-07-29,2019-07-29 09:30:59,0.52,0.9811,1596,0.51,0.9622,219,0.53,1.0,1,0.515,0.9716,13,0
SPY190731P299,2019-07-29,2019-07-29 09:31:00,0.52,0.9811,1592,0.5,0.9433,206,0.53,1.0,1,0.51,0.9622,13,0
SPY190731P299,2019-07-29,2019-07-29 09:31:01,0.51,0.9622,317,0.5,0.9433,310,0.53,1.0,1,0.505,0.9528,13,0
SPY190731P299,2019-07-29,2019-07-29 09:31:01,0.51,0.9622,157,0.5,0.9433,310,0.53,1.0,1,0.505,0.9528,13,0
SPY190731P299,2019-07-29,2019-07-29 09:31:02,0.51,0.9622,317,0.5,0.9433,310,0.53,1.0,1,0.505,0.9528,13,0
SPY190731P299,2019-07-29,2019-07-29 09:31:03,0.51,0.9622,424,0.5,0.9433,310,0.53,1.0,1,0.505,0.9528,13,0
SPY190731P299,2019-07-29,2019-07-29 09:31:03,0.51,0.9622,481,0.5,0.9433,310,0.53,1.0,1,0.505,0.9528,13,0
SPY190731P299,2019-07-29,2019-07-29 09:31:04,0.51,0.9622,264,0.5,0.9433,310,0.53,1.0,1,0.505,0.9528,13,0
SPY190731P299,2019-07-29,2019-07-29 09:31:05,0.51,0.9622,166,0.5,0.9433,310,0.53,1.0,1,0.505,0.9528,13,0
SPY190731P299,2019-07-29,2019-07-29 09:31:05,0.51,0.9622,188,0.5,0.9433,310,0.53,1.0,1,0.505,0.9528,13,0
SPY190731P299,2019-07-29,2019-07-29 09:31:06,0.51,0.9622,166,0.5,0.9433,310,0.53,1.0,1,0.505,0.9528,13,0
SPY190731P299,2019-07-29,2019-07-29 09:31:06,0.51,0.9622,188,0.5,0.9433,310,0.53,1.0,1,0.505,0.9528,13,0
SPY190731P299,2019-07-29,2019-07-29 09:31:07,0.51,0.9622,166,0.5,0.9433,310,0.53,1.0,1,0.505,0.9528,13,0
SPY190731P299,2019-07-29,2019-07-29 09:31:08,0.51,0.9622,166,0.5,0.9433,310,0.53,1.0,1,0.505,0.9528,13,0
SPY190731P299,2019-07-29,2019-07-29 09:31:09,0.51,0.9622,166,0.5,0.9433,310,0.53,1.0,1,0.505,0.9528,13,0
SPY190731P299,2019-07-29,2019-07-29 09:31:10,0.52,0.9811,1286,0.5,0.9433,310,0.53,1.0,1,0.51,0.9622,13,0
SPY190731P299,2019-07-29,2019-07-29 09:31:11,0.52,0.9811,1286,0.5,0.9433,310,0.53,1.0,1,0.51,0.9622,13,0
SPY190731P299,2019-07-29,2019-07-29 09:31:11,0.52,0.9811,1311,0.5,0.9433,310,0.53,1.0,1,0.51,0.9622,13,0
SPY190731P299,2019-07-29,2019-07-29 09:31:12,0.52,0.9811,1311,0.5,0.9433,310,0.53,1.0,1,0.51,0.9622,13,0
SPY190731P299,2019-07-29,2019-07-29 09:31:13,0.52,0.9811,108,0.51,0.9622,140,0.53,1.0,1,0.515,0.9716,13,0
SPY190731P299,2019-07-29,2019-07-29 09:31:13,0.52,0.9811,1163,0.5,0.9433,310,0.53,1.0,1,0.51,0.9622,13,0
SPY190731P299,2019-07-29,2019-07-29 09:31:14,0.53,1.0,712,0.52,0.9811,5,0.52,0.9811,2,0.525,0.9905,15,2
SPY190731P299,2019-07-29,2019-07-29 09:31:14,0.52,0.9811,108,0.51,0.9622,591,0.53,1.0,1,0.515,0.9716,13,0
SPY190731P299,2019-07-29,2019-07-29 09:31:15,0.54,1.0188,1307,0.53,1.0,5,0.52,0.9811,2,0.535,1.0094,15,0
SPY190731P299,2019-07-29,2019-07-29 09:31:16,0.54,1.0188,1781,0.53,1.0,5,0.52,0.9811,2,0.535,1.0094,15,0
SPY190731P299,2019-07-29,2019-07-29 09:31:17,0.54,1.0188,1353,0.53,1.0,5,0.52,0.9811,2,0.535,1.0094,15,0
SPY190731P299,2019-07-29,2019-07-29 09:31:18,0.54,1.0188,2194,0.53,1.0,5,0.52,0.9811,2,0.535,1.0094,15,0
SPY190731P299,2019-07-29,2019-07-29 09:31:19,0.53,1.0,389,0.52,0.9811,246,0.52,0.9811,2,0.525,0.9905,15,0
SPY190731P299,2019-07-29,2019-07-29 09:31:19,0.53,1.0,1501,0.52,0.9811,110,0.52,0.9811,2,0.525,0.9905,15,0
SPY190731P299,2019-07-29,2019-07-29 09:31:20,0.53,1.0,1059,0.52,0.9811,110,0.52,0.9811,2,0.525,0.9905,15,0
SPY190731P299,2019-07-29,2019-07-29 09:31:20,0.53,1.0,1175,0.52,0.9811,110,0.52,0.9811,2,0.525,0.9905,15,0
SPY190731P299,2019-07-29,2019-07-29 09:31:21,0.53,1.0,1553,0.52,0.9811,110,0.52,0.9811,2,0.525,0.9905,15,0
SPY190731P299,2019-07-29,2019-07-29 09:31:22,0.53,1.0,2100,0.51,0.9622,918,0.52,0.9811,2,0.52,0.9811,15,0
SPY190731P299,2019-07-29,2019-07-29 09:31:22,0.53,1.0,940,0.52,0.9811,110,0.52,0.9811,2,0.525,0.9905,15,0
SPY190731P299,2019-07-29,2019-07-29 09:31:23,0.53,1.0,1926,0.52,0.9811,5,0.52,0.9811,2,0.525,0.9905,15,0
SPY190731P299,2019-07-29,2019-07-29 09:31:24,0.53,1.0,1311,0.52,0.9811,5,0.52,0.9811,2,0.525,0.9905,15,0
SPY190731P299,2019-07-29,2019-07-29 09:31:24,0.53,1.0,2388,0.52,0.9811,5,0.52,0.9811,2,0.525,0.9905,15,0
SPY190731P299,2019-07-29,2019-07-29 09:31:25,0.53,1.0,2445,0.52,0.9811,5,0.52,0.9811,2,0.525,0.9905,15,0
SPY190731P299,2019-07-29,2019-07-29 09:31:26,0.53,1.0,2496,0.52,0.9811,5,0.53,1.0,1,0.525,0.9905,16,1
SPY190731P299,2019-07-29,2019-07-29 09:31:26,0.53,1.0,2445,0.52,0.9811,5,0.52,0.9811,2,0.525,0.9905,15,0
SPY190731P299,2019-07-29,2019-07-29 09:31:27,0.52,0.9811,202,0.52,0.9811,5,0.52,0.9811,5,0.52,0.9811,21,5
SPY190731P299,2019-07-29,2019-07-29 09:31:28,0.52,0.9811,539,0.51,0.9622,430,0.52,0.9811,5,0.515,0.9716,21,0
SPY190731P299,2019-07-29,2019-07-29 09:31:29,0.52,0.9811,1203,0.51,0.9622,5,0.52,0.9811,5,0.515,0.9716,21,0
SPY190731P299,2019-07-29,2019-07-29 09:31:29,0.52,0.9811,1581,0.51,0.9622,5,0.52,0.9811,5,0.515,0.9716,21,0
SPY190731P299,2019-07-29,2019-07-29 09:31:30,0.52,0.9811,1581,0.51,0.9622,5,0.52,0.9811,5,0.515,0.9716,21,0
SPY190731P299,2019-07-29,2019-07-29 09:31:30,0.52,0.9811,1667,0.51,0.9622,5,0.52,0.9811,5,0.515,0.9716,21,0
SPY190731P299,2019-07-29,2019-07-29 09:31:31,0.52,0.9811,1667,0.51,0.9622,5,0.52,0.9811,5,0.515,0.9716,21,0
SPY190731P299,2019-07-29,2019-07-29 09:31:32,0.52,0.9811,1667,0.51,0.9622,5,0.52,0.9811,5,0.515,0.9716,21,0
SPY190731P299,2019-07-29,2019-07-29 09:31:33,0.52,0.9811,1928,0.5,0.9433,685,0.52,0.9811,5,0.51,0.9622,21,0
SPY190731P299,2019-07-29,2019-07-29 09:31:33,0.52,0.9811,1842,0.51,0.9622,5,0.52,0.9811,5,0.515,0.9716,21,0
SPY190731P299,2019-07-29,2019-07-29 09:31:34,0.52,0.9811,2275,0.51,0.9622,5,0.52,0.9811,5,0.515,0.9716,21,0
SPY190731P299,2019-07-29,2019-07-29 09:31:35,0.52,0.9811,2285,0.5,0.9433,868,0.52,0.9811,5,0.51,0.9622,21,0
SPY190731P299,2019-07-29,2019-07-29 09:31:35,0.52,0.9811,2004,0.5,0.9433,868,0.52,0.9811,5,0.51,0.9622,21,0
SPY190731P299,2019-07-29,2019-07-29 09:31:36,0.52,0.9811,2285,0.5,0.9433,868,0.52,0.9811,5,0.51,0.9622,21,0
SPY190731P299,2019-07-29,2019-07-29 09:31:37,0.52,0.9811,2285,0.51,0.9622,5,0.52,0.9811,5,0.515,0.9716,21,0
SPY190731P299,2019-07-29,2019-07-29 09:31:38,0.52,0.9811,2200,0.51,0.9622,5,0.52,0.9811,5,0.515,0.9716,21,0
SPY190731P299,2019-07-29,2019-07-29 09:31:38,0.52,0.9811,2081,0.51,0.9622,5,0.52,0.9811,5,0.515,0.9716,21,0
SPY190731P299,2019-07-29,2019-07-29 09:31:39,0.52,0.9811,2081,0.51,0.9622,5,0.52,0.9811,5,0.515,0.9716,21,0
SPY190731P299,2019-07-29,2019-07-29 09:31:40,0.52,0.9811,2085,0.51,0.9622,5,0.52,0.9811,5,0.515,0.9716,21,0
SPY190731P299,2019-07-29,2019-07-29 09:31:40,0.52,0.9811,2081,0.51,0.9622,5,0.52,0.9811,5,0.515,0.9716,21,0
SPY190731P299,2019-07-29,2019-07-29 09:31:41,0.52,0.9811,2085,0.51,0.9622,5,0.52,0.9811,5,0.515,0.9716,21,0
SPY190731P299,2019-07-29,2019-07-29 09:31:42,0.52,0.9811,2085,0.5,0.9433,430,0.52,0.9811,5,0.51,0.9622,21,0
SPY190731P299,2019-07-29,2019-07-29 09:31:43,0.52,0.9811,2329,0.51,0.9622,5,0.52,0.9811,5,0.515,0.9716,21,0
SPY190731P299,2019-07-29,2019-07-29 09:31:44,0.51,0.9622,5,0.5,0.9433,700,0.52,0.9811,5,0.505,0.9528,21,0
SPY190731P299,2019-07-29,2019-07-29 09:31:44,0.52,0.9811,2270,0.51,0.9622,5,0.52,0.9811,5,0.515,0.9716,21,0
SPY190731P299,2019-07-29,2019-07-29 09:31:45,0.52,0.9811,1441,0.5,0.9433,430,0.52,0.9811,5,0.51,0.9622,21,0
SPY190731P299,2019-07-29,2019-07-29 09:31:46,0.52,0.9811,1138,0.51,0.9622,276,0.52,0.9811,5,0.515,0.9716,21,0
SPY190731P299,2019-07-29,2019-07-29 09:31:46,0.52,0.9811,1185,0.51,0.9622,255,0.52,0.9811,5,0.515,0.9716,21,0
SPY190731P299,2019-07-29,2019-07-29 09:31:47,0.52,0.9811,1185,0.51,0.9622,255,0.52,0.9811,5,0.515,0.9716,21,0
SPY190731P299,2019-07-29,2019-07-29 09:31:47,0.52,0.9811,1250,0.51,0.9622,255,0.52,0.9811,5,0.515,0.9716,21,0
SPY190731P299,2019-07-29,2019-07-29 09:31:48,0.52,0.9811,491,0.51,0.9622,256,0.52,0.9811,5,0.515,0.9716,21,0
SPY190731P299,2019-07-29,2019-07-29 09:31:48,0.52,0.9811,1270,0.51,0.9622,255,0.52,0.9811,5,0.515,0.9716,21,0
SPY190731P299,2019-07-29,2019-07-29 09:31:49,0.52,0.9811,982,0.51,0.9622,256,0.52,0.9811,5,0.515,0.9716,21,0
SPY190731P299,2019-07-29,2019-07-29 09:31:50,0.52,0.9811,2081,0.51,0.9622,256,0.52,0.9811,5,0.515,0.9716,21,0
SPY190731P299,2019-07-29,2019-07-29 09:31:51,0.52,0.9811,1360,0.51,0.9622,256,0.52,0.9811,5,0.515,0.9716,21,0
SPY190731P299,2019-07-29,2019-07-29 09:31:52,0.52,0.9811,2149,0.51,0.9622,256,0.52,0.9811,5,0.515,0.9716,21,0
SPY190731P299,2019-07-29,2019-07-29 09:31:53,0.52,0.9811,2149,0.51,0.9622,256,0.52,0.9811,5,0.515,0.9716,21,0
SPY190731P299,2019-07-29,2019-07-29 09:31:54,0.52,0.9811,2149,0.51,0.9622,256,0.52,0.9811,5,0.515,0.9716,21,0
SPY190731P299,2019-07-29,2019-07-29 09:31:55,0.52,0.9811,1556,0.51,0.9622,5,0.52,0.9811,5,0.515,0.9716,21,0
SPY190731P299,2019-07-29,2019-07-29 09:31:56,0.52,0.9811,2552,0.51,0.9622,5,0.52,0.9811,5,0.515,0.9716,21,0
SPY190731P299,2019-07-29,2019-07-29 09:31:56,0.51,0.9622,309,0.5,0.9433,756,0.52,0.9811,5,0.505,0.9528,21,0
SPY190731P299,2019-07-29,2019-07-29 09:31:57,0.51,0.9622,1689,0.5,0.9433,475,0.52,0.9811,5,0.505,0.9528,21,0
SPY190731P299,2019-07-29,2019-07-29 09:31:58,0.51,0.9622,1274,0.5,0.9433,475,0.52,0.9811,5,0.505,0.9528,21,0
SPY190731P299,2019-07-29,2019-07-29 09:31:59,0.51,0.9622,249,0.5,0.9433,846,0.52,0.9811,5,0.505,0.9528,21,0
SPY190731P299,2019-07-29,2019-07-29 09:31:59,0.51,0.9622,219,0.5,0.9433,846,0.52,0.9811,5,0.505,0.9528,21,0
SPY190731P299,2019-07-29,2019-07-29 09:32:00,0.51,0.9622,176,0.5,0.9433,846,0.52,0.9811,5,0.505,0.9528,21,0
SPY190731P299,2019-07-29,2019-07-29 09:32:01,0.51,0.9622,300,0.5,0.9433,846,0.52,0.9811,5,0.505,0.9528,21,0
SPY190731P299,2019-07-29,2019-07-29 09:32:01,0.51,0.9622,259,0.5,0.9433,846,0.52,0.9811,5,0.505,0.9528,21,0
SPY190731P299,2019-07-29,2019-07-29 09:32:02,0.52,0.9811,1047,0.5,0.9433,268,0.52,0.9811,5,0.51,0.9622,21,0
SPY190731P299,2019-07-29,2019-07-29 09:32:03,0.51,0.9622,186,0.5,0.9433,846,0.52,0.9811,5,0.505,0.9528,21,0
SPY190731P299,2019-07-29,2019-07-29 09:32:03,0.51,0.9622,170,0.5,0.9433,846,0.52,0.9811,5,0.505,0.9528,21,0
SPY190731P299,2019-07-29,2019-07-29 09:32:04,0.51,0.9622,180,0.5,0.9433,857,0.52,0.9811,5,0.505,0.9528,21,0
SPY190731P299,2019-07-29,2019-07-29 09:32:05,0.51,0.9622,180,0.5,0.9433,857,0.52,0.9811,5,0.505,0.9528,21,0
SPY190731P299,2019-07-29,2019-07-29 09:32:06,0.51,0.9622,190,0.5,0.9433,857,0.52,0.9811,5,0.505,0.9528,21,0
SPY190731P299,2019-07-29,2019-07-29 09:32:06,0.52,0.9811,1322,0.51,0.9622,5,0.52,0.9811,5,0.515,0.9716,21,0
SPY190731P299,2019-07-29,2019-07-29 09:32:07,0.52,0.9811,1257,0.51,0.9622,5,0.52,0.9811,5,0.515,0.9716,21,0
SPY190731P299,2019-07-29,2019-07-29 09:32:08,0.52,0.9811,953,0.51,0.9622,5,0.52,0.9811,5,0.515,0.9716,21,0
SPY190731P299,2019-07-29,2019-07-29 09:32:08,0.52,0.9811,1133,0.51,0.9622,5,0.52,0.9811,5,0.515,0.9716,21,0
SPY190731P299,2019-07-29,2019-07-29 09:32:09,0.52,0.9811,2042,0.51,0.9622,5,0.52,0.9811,5,0.515,0.9716,21,0
SPY190731P299,2019-07-29,2019-07-29 09:32:09,0.52,0.9811,1133,0.51,0.9622,5,0.52,0.9811,5,0.515,0.9716,21,0
SPY190731P299,2019-07-29,2019-07-29 09:32:11,0.52,0.9811,406,0.51,0.9622,258,0.52,0.9811,5,0.515,0.9716,21,0
SPY190731P299,2019-07-29,2019-07-29 09:32:11,0.52,0.9811,1028,0.51,0.9622,258,0.52,0.9811,5,0.515,0.9716,21,0
SPY190731P299,2019-07-29,2019-07-29 09:32:12,0.53,1.0,1128,0.51,0.9622,968,0.52,0.9811,5,0.52,0.9811,21,0
SPY190731P299,2019-07-29,2019-07-29 09:32:13,0.53,1.0,1573,0.52,0.9811,5,0.52,0.9811,5,0.525,0.9905,21,0
SPY190731P299,2019-07-29,2019-07-29 09:32:13,0.53,1.0,277,0.52,0.9811,253,0.52,0.9811,5,0.525,0.9905,21,0
SPY190731P299,2019-07-29,2019-07-29 09:32:14,0.53,1.0,494,0.52,0.9811,256,0.52,0.9811,5,0.525,0.9905,21,0
SPY190731P299,2019-07-29,2019-07-29 09:32:15,0.53,1.0,372,0.52,0.9811,346,0.52,0.9811,5,0.525,0.9905,21,0
SPY190731P299,2019-07-29,2019-07-29 09:32:15,0.53,1.0,300,0.52,0.9811,346,0.52,0.9811,5,0.525,0.9905,21,0
SPY190731P299,2019-07-29,2019-07-29 09:32:16,0.53,1.0,660,0.52,0.9811,346,0.52,0.9811,5,0.525,0.9905,21,0
SPY190731P299,2019-07-29,2019-07-29 09:32:16,0.52,0.9811,5,0.52,0.9811,346,0.52,0.9811,5,0.52,0.9811,21,0
SPY190731P299,2019-07-29,2019-07-29 09:32:17,0.53,1.0,1405,0.52,0.9811,5,0.52,0.9811,5,0.525,0.9905,21,0
SPY190731P299,2019-07-29,2019-07-29 09:32:17,0.53,1.0,707,0.52,0.9811,5,0.52,0.9811,5,0.525,0.9905,21,0
SPY190731P299,2019-07-29,2019-07-29 09:32:18,0.52,0.9811,5,0.51,0.9622,874,0.52,0.9811,5,0.515,0.9716,21,0
SPY190731P299,2019-07-29,2019-07-29 09:32:19,0.52,0.9811,5,0.51,0.9622,756,0.52,0.9811,5,0.515,0.9716,21,0
SPY190731P299,2019-07-29,2019-07-29 09:32:19,0.53,1.0,2418,0.52,0.9811,5,0.52,0.9811,5,0.525,0.9905,21,0
SPY190731P299,2019-07-29,2019-07-29 09:32:20,0.52,0.9811,5,0.52,0.9811,5,0.52,0.9811,5,0.52,0.9811,21,0
SPY190731P299,2019-07-29,2019-07-29 09:32:21,0.52,0.9811,5,0.52,0.9811,12,0.52,0.9811,5,0.52,0.9811,21,0
SPY190731P299,2019-07-29,2019-07-29 09:32:21,0.52,0.9811,5,0.52,0.9811,276,0.52,0.9811,5,0.52,0.9811,21,0
SPY190731P299,2019-07-29,2019-07-29 09:32:22,0.53,1.0,400,0.52,0.9811,378,0.52,0.9811,1,0.525,0.9905,22,0
SPY190731P299,2019-07-29,2019-07-29 09:32:22,0.53,1.0,1358,0.52,0.9811,275,0.52,0.9811,1,0.525,0.9905,22,1
SPY190731P299,2019-07-29,2019-07-29 09:32:23,0.53,1.0,347,0.52,0.9811,258,0.52,0.9811,1,0.525,0.9905,22,0
SPY190731P299,2019-07-29,2019-07-29 09:32:23,0.53,1.0,347,0.52,0.9811,348,0.52,0.9811,1,0.525,0.9905,22,0
SPY190731P299,2019-07-29,2019-07-29 09:32:24,0.53,1.0,317,0.52,0.9811,830,0.52,0.9811,1,0.525,0.9905,22,0
SPY190731P299,2019-07-29,2019-07-29 09:32:25,0.54,1.0188,1443,0.53,1.0,6,0.52,0.9811,1,0.535,1.0094,22,0
SPY190731P299,2019-07-29,2019-07-29 09:32:25,0.54,1.0188,203,0.53,1.0,5,0.52,0.9811,1,0.535,1.0094,22,0
SPY190731P299,2019-07-29,2019-07-29 09:32:26,0.55,1.0377,131,0.53,1.0,400,0.53,1.0,1,0.54,1.0188,23,1
SPY190731P299,2019-07-29,2019-07-29 09:32:27,0.55,1.0377,862,0.54,1.0188,110,0.53,1.0,1,0.545,1.0283,23,0
SPY190731P299,2019-07-29,2019-07-29 09:32:28,0.55,1.0377,616,0.54,1.0188,846,0.53,1.0,1,0.545,1.0283,23,0
SPY190731P299,2019-07-29,2019-07-29 09:32:29,0.56,1.0566,1352,0.54,1.0188,1350,0.53,1.0,1,0.55,1.0377,23,0
SPY190731P299,2019-07-29,2019-07-29 09:32:29,0.55,1.0377,95,0.54,1.0188,848,0.53,1.0,1,0.545,1.0283,23,0
SPY190731P299,2019-07-29,2019-07-29 09:32:30,0.55,1.0377,5,0.54,1.0188,1258,0.53,1.0,1,0.545,1.0283,23,0
SPY190731P299,2019-07-29,2019-07-29 09:32:31,0.55,1.0377,90,0.54,1.0188,1244,0.53,1.0,1,0.545,1.0283,23,0
SPY190731P299,2019-07-29,2019-07-29 09:32:32,0.55,1.0377,21,0.54,1.0188,1258,0.53,1.0,1,0.545,1.0283,23,0
SPY190731P299,2019-07-29,2019-07-29 09:32:32,0.55,1.0377,138,0.54,1.0188,234,0.53,1.0,1,0.545,1.0283,23,0
SPY190731P299,2019-07-29,2019-07-29 09:32:33,0.55,1.0377,138,0.54,1.0188,890,0.53,1.0,1,0.545,1.0283,23,0
SPY190731P299,2019-07-29,2019-07-29 09:32:34,0.55,1.0377,138,0.54,1.0188,310,0.53,1.0,1,0.545,1.0283,23,0
SPY190731P299,2019-07-29,2019-07-29 09:32:35,0.55,1.0377,61,0.54,1.0188,1200,0.53,1.0,1,0.545,1.0283,23,0
SPY190731P299,2019-07-29,2019-07-29 09:32:35,0.55,1.0377,61,0.54,1.0188,790,0.53,1.0,1,0.545,1.0283,23,0
SPY190731P299,2019-07-29,2019-07-29 09:32:36,0.55,1.0377,61,0.54,1.0188,570,0.53,1.0,1,0.545,1.0283,23,0
SPY190731P299,2019-07-29,2019-07-29 09:32:37,0.56,1.0566,1317,0.55,1.0377,5,0.53,1.0,1,0.555,1.0471,23,0
SPY190731P299,2019-07-29,2019-07-29 09:32:38,0.56,1.0566,3034,0.55,1.0377,5,0.53,1.0,1,0.555,1.0471,23,0
SPY190731P299,2019-07-29,2019-07-29 09:32:38,0.56,1.0566,3184,0.55,1.0377,5,0.53,1.0,1,0.555,1.0471,23,0
SPY190731P299,2019-07-29,2019-07-29 09:32:39,0.56,1.0566,3184,0.54,1.0188,387,0.53,1.0,1,0.55,1.0377,23,0
SPY190731P299,2019-07-29,2019-07-29 09:32:39,0.56,1.0566,3184,0.54,1.0188,826,0.53,1.0,1,0.55,1.0377,23,0
SPY190731P299,2019-07-29,2019-07-29 09:32:40,0.56,1.0566,3184,0.54,1.0188,826,0.53,1.0,1,0.55,1.0377,23,0
SPY190731P299,2019-07-29,2019-07-29 09:32:41,0.55,1.0377,74,0.54,1.0188,826,0.53,1.0,1,0.545,1.0283,23,0
SPY190731P299,2019-07-29,2019-07-29 09:32:42,0.55,1.0377,78,0.54,1.0188,826,0.53,1.0,1,0.545,1.0283,23,0
SPY190731P299,2019-07-29,2019-07-29 09:32:42,0.55,1.0377,74,0.54,1.0188,826,0.53,1.0,1,0.545,1.0283,23,0
SPY190731P299,2019-07-29,2019-07-29 09:32:43,0.55,1.0377,480,0.54,1.0188,820,0.53,1.0,1,0.545,1.0283,23,0
SPY190731P299,2019-07-29,2019-07-29 09:32:44,0.55,1.0377,959,0.54,1.0188,255,0.53,1.0,1,0.545,1.0283,23,0
SPY190731P299,2019-07-29,2019-07-29 09:32:44,0.55,1.0377,976,0.54,1.0188,220,0.53,1.0,1,0.545,1.0283,23,0
SPY190731P299,2019-07-29,2019-07-29 09:32:45,0.55,1.0377,959,0.54,1.0188,247,0.53,1.0,1,0.545,1.0283,23,0
SPY190731P299,2019-07-29,2019-07-29 09:32:46,0.55,1.0377,959,0.54,1.0188,276,0.53,1.0,1,0.545,1.0283,23,0
SPY190731P299,2019-07-29,2019-07-29 09:32:46,0.55,1.0377,329,0.54,1.0188,293,0.53,1.0,1,0.545,1.0283,23,0
SPY190731P299,2019-07-29,2019-07-29 09:32:47,0.55,1.0377,224,0.54,1.0188,378,0.53,1.0,1,0.545,1.0283,23,0
SPY190731P299,2019-07-29,2019-07-29 09:32:48,0.55,1.0377,500,0.54,1.0188,258,0.53,1.0,1,0.545,1.0283,23,0
SPY190731P299,2019-07-29,2019-07-29 09:32:49,0.55,1.0377,425,0.54,1.0188,442,0.53,1.0,1,0.545,1.0283,23,0
SPY190731P299,2019-07-29,2019-07-29 09:32:49,0.55,1.0377,397,0.54,1.0188,442,0.53,1.0,1,0.545,1.0283,23,0
SPY190731P299,2019-07-29,2019-07-29 09:32:50,0.55,1.0377,231,0.54,1.0188,433,0.53,1.0,1,0.545,1.0283,23,0
SPY190731P299,2019-07-29,2019-07-29 09:32:51,0.55,1.0377,451,0.54,1.0188,442,0.53,1.0,1,0.545,1.0283,23,0
SPY190731P299,2019-07-29,2019-07-29 09:32:51,0.55,1.0377,217,0.54,1.0188,433,0.53,1.0,1,0.545,1.0283,23,0
SPY190731P299,2019-07-29,2019-07-29 09:32:52,0.55,1.0377,5,0.54,1.0188,884,0.53,1.0,1,0.545,1.0283,23,0
SPY190731P299,2019-07-29,2019-07-29 09:32:52,0.56,1.0566,2202,0.55,1.0377,5,0.53,1.0,1,0.555,1.0471,23,0
SPY190731P299,2019-07-29,2019-07-29 09:32:53,0.55,1.0377,174,0.54,1.0188,461,0.53,1.0,1,0.545,1.0283,23,0
SPY190731P299,2019-07-29,2019-07-29 09:32:54,0.55,1.0377,174,0.54,1.0188,461,0.53,1.0,1,0.545,1.0283,23,0
SPY190731P299,2019-07-29,2019-07-29 09:32:54,0.55,1.0377,100,0.54,1.0188,455,0.53,1.0,1,0.545,1.0283,23,0
SPY190731P299,2019-07-29,2019-07-29 09:32:55,0.55,1.0377,5,0.54,1.0188,562,0.53,1.0,1,0.545,1.0283,23,0
SPY190731P299,2019-07-29,2019-07-29 09:32:56,0.55,1.0377,5,0.54,1.0188,562,0.53,1.0,1,0.545,1.0283,23,0
SPY190731P299,2019-07-29,2019-07-29 09:32:57,0.55,1.0377,5,0.54,1.0188,1113,0.53,1.0,1,0.545,1.0283,23,0
SPY190731P299,2019-07-29,2019-07-29 09:32:58,0.56,1.0566,378,0.55,1.0377,5,0.53,1.0,1,0.555,1.0471,23,0
SPY190731P299,2019-07-29,2019-07-29 09:32:58,0.56,1.0566,111,0.55,1.0377,495,0.53,1.0,1,0.555,1.0471,23,0
SPY190731P299,2019-07-29,2019-07-29 09:32:59,0.57,1.0754,3532,0.55,1.0377,495,0.53,1.0,1,0.56,1.0566,23,0
SPY190731P299,2019-07-29,2019-07-29 09:32:59,0.57,1.0754,4874,0.56,1.0566,5,0.53,1.0,1,0.565,1.066,23,0
SPY190731P299,2019-07-29,2019-07-29 09:33:00,0.57,1.0754,3505,0.56,1.0566,5,0.53,1.0,1,0.565,1.066,23,0
SPY190731P299,2019-07-29,2019-07-29 09:33:01,0.57,1.0754,3505,0.56,1.0566,5,0.53,1.0,1,0.565,1.066,23,0
SPY190731P299,2019-07-29,2019-07-29 09:33:02,0.57,1.0754,178,0.56,1.0566,365,0.56,1.0566,2,0.565,1.066,25,2
SPY190731P299,2019-07-29,2019-07-29 09:33:02,0.57,1.0754,228,0.56,1.0566,245,0.53,1.0,1,0.565,1.066,23,0
SPY190731P299,2019-07-29,2019-07-29 09:33:03,0.57,1.0754,259,0.56,1.0566,365,0.56,1.0566,2,0.565,1.066,25,0
SPY190731P299,2019-07-29,2019-07-29 09:33:03,0.57,1.0754,259,0.56,1.0566,325,0.56,1.0566,2,0.565,1.066,25,0
SPY190731P299,2019-07-29,2019-07-29 09:33:04,0.57,1.0754,476,0.56,1.0566,325,0.57,1.0754,1,0.565,1.066,26,1
SPY190731P299,2019-07-29,2019-07-29 09:33:05,0.57,1.0754,389,0.56,1.0566,325,0.57,1.0754,1,0.565,1.066,26,0
SPY190731P299,2019-07-29,2019-07-29 09:33:06,0.57,1.0754,478,0.56,1.0566,325,0.57,1.0754,1,0.565,1.066,26,0
SPY190731P299,2019-07-29,2019-07-29 09:33:07,0.57,1.0754,536,0.56,1.0566,325,0.57,1.0754,1,0.565,1.066,26,0
SPY190731P299,2019-07-29,2019-07-29 09:33:07,0.58,1.0943,942,0.56,1.0566,400,0.57,1.0754,1,0.57,1.0754,26,0
SPY190731P299,2019-07-29,2019-07-29 09:33:08,0.58,1.0943,2618,0.57,1.0754,5,0.57,1.0754,1,0.575,1.0849,26,0
SPY190731P299,2019-07-29,2019-07-29 09:33:09,0.58,1.0943,1923,0.56,1.0566,330,0.57,1.0754,1,0.57,1.0754,26,0
SPY190731P299,2019-07-29,2019-07-29 09:33:09,0.57,1.0754,146,0.56,1.0566,290,0.57,1.0754,1,0.565,1.066,26,0
SPY190731P299,2019-07-29,2019-07-29 09:33:10,0.58,1.0943,1687,0.56,1.0566,1405,0.57,1.0754,1,0.57,1.0754,26,0
SPY190731P299,2019-07-29,2019-07-29 09:33:10,0.57,1.0754,324,0.56,1.0566,336,0.57,1.0754,1,0.565,1.066,26,0
SPY190731P299,2019-07-29,2019-07-29 09:33:11,0.57,1.0754,804,0.56,1.0566,210,0.57,1.0754,1,0.565,1.066,26,0
SPY190731P299,2019-07-29,2019-07-29 09:33:12,0.57,1.0754,909,0.56,1.0566,210,0.57,1.0754,1,0.565,1.066,26,0
SPY190731P299,2019-07-29,2019-07-29 09:33:12,0.57,1.0754,807,0.56,1.0566,210,0.57,1.0754,1,0.565,1.066,26,0
SPY190731P299,2019-07-29,2019-07-29 09:33:13,0.57,1.0754,414,0.56,1.0566,290,0.57,1.0754,1,0.565,1.066,26,0
SPY190731P299,2019-07-29,2019-07-29 09:33:14,0.57,1.0754,669,0.56,1.0566,290,0.57,1.0754,1,0.565,1.066,26,0
SPY190731P299,2019-07-29,2019-07-29 09:33:14,0.57,1.0754,414,0.56,1.0566,290,0.57,1.0754,1,0.565,1.066,26,0
SPY190731P299,2019-07-29,2019-07-29 09:33:15,0.57,1.0754,5,0.56,1.0566,400,0.57,1.0754,1,0.565,1.066,26,0
SPY190731P299,2019-07-29,2019-07-29 09:33:15,0.57,1.0754,47,0.56,1.0566,1164,0.57,1.0754,1,0.565,1.066,26,0
SPY190731P299,2019-07-29,2019-07-29 09:33:16,0.57,1.0754,5,0.56,1.0566,1484,0.57,1.0754,1,0.565,1.066,26,0
SPY190731P299,2019-07-29,2019-07-29 09:33:17,0.57,1.0754,5,0.57,1.0754,98,0.57,1.0754,1,0.57,1.0754,26,0
SPY190731P299,2019-07-29,2019-07-29 09:33:17,0.58,1.0943,104,0.57,1.0754,120,0.57,1.0754,1,0.575,1.0849,26,0
SPY190731P299,2019-07-29,2019-07-29 09:33:18,0.58,1.0943,228,0.57,1.0754,845,0.57,1.0754,1,0.575,1.0849,26,0
SPY190731P299,2019-07-29,2019-07-29 09:33:18,0.58,1.0943,255,0.57,1.0754,845,0.57,1.0754,1,0.575,1.0849,26,0
SPY190731P299,2019-07-29,2019-07-29 09:33:19,0.58,1.0943,1296,0.57,1.0754,95,0.57,1.0754,1,0.575,1.0849,26,0
SPY190731P299,2019-07-29,2019-07-29 09:33:19,0.58,1.0943,1068,0.57,1.0754,50,0.57,1.0754,1,0.575,1.0849,26,0
SPY190731P299,2019-07-29,2019-07-29 09:33:20,0.58,1.0943,1296,0.57,1.0754,94,0.57,1.0754,1,0.575,1.0849,26,0
SPY190731P299,2019-07-29,2019-07-29 09:33:21,0.57,1.0754,728,0.56,1.0566,210,0.57,1.0754,5,0.565,1.066,31,5
SPY190731P299,2019-07-29,2019-07-29 09:33:21,0.57,1.0754,428,0.56,1.0566,290,0.57,1.0754,5,0.565,1.066,31,0
SPY190731P299,2019-07-29,2019-07-29 09:33:22,0.57,1.0754,1643,0.56,1.0566,290,0.57,1.0754,5,0.565,1.066,31,0
SPY190731P299,2019-07-29,2019-07-29 09:33:23,0.57,1.0754,617,0.56,1.0566,290,0.57,1.0754,5,0.565,1.066,31,0
SPY190731P299,2019-07-29,2019-07-29 09:33:24,0.57,1.0754,248,0.56,1.0566,870,0.57,1.0754,5,0.565,1.066,31,0
SPY190731P299,2019-07-29,2019-07-29 09:33:24,0.57,1.0754,617,0.56,1.0566,311,0.57,1.0754,5,0.565,1.066,31,0
SPY190731P299,2019-07-29,2019-07-29 09:33:25,0.57,1.0754,248,0.56,1.0566,1080,0.57,1.0754,5,0.565,1.066,31,0
SPY190731P299,2019-07-29,2019-07-29 09:33:26,0.57,1.0754,5,0.56,1.0566,1145,0.57,1.0754,5,0.565,1.066,31,0
SPY190731P299,2019-07-29,2019-07-29 09:33:27,0.57,1.0754,5,0.56,1.0566,1958,0.57,1.0754,5,0.565,1.066,31,0
SPY190731P299,2019-07-29,2019-07-29 09:33:28,0.57,1.0754,5,0.56,1.0566,1958,0.57,1.0754,5,0.565,1.066,31,0
SPY190731P299,2019-07-29,2019-07-29 09:33:28,0.58,1.0943,1926,0.57,1.0754,22,0.57,1.0754,5,0.575,1.0849,31,0
SPY190731P299,2019-07-29,2019-07-29 09:33:29,0.58,1.0943,1659,0.57,1.0754,21,0.57,1.0754,5,0.575,1.0849,31,0
SPY190731P299,2019-07-29,2019-07-29 09:33:29,0.58,1.0943,1507,0.57,1.0754,7,0.57,1.0754,5,0.575,1.0849,31,0
SPY190731P299,2019-07-29,2019-07-29 09:33:30,0.58,1.0943,1669,0.57,1.0754,21,0.57,1.0754,5,0.575,1.0849,31,0
SPY190731P299,2019-07-29,2019-07-29 09:33:31,0.58,1.0943,1948,0.57,1.0754,14,0.57,1.0754,5,0.575,1.0849,31,0
SPY190731P299,2019-07-29,2019-07-29 09:33:31,0.58,1.0943,1659,0.57,1.0754,6,0.57,1.0754,5,0.575,1.0849,31,0
SPY190731P299,2019-07-29,2019-07-29 09:33:32,0.57,1.0754,85,0.56,1.0566,1380,0.57,1.0754,5,0.565,1.066,31,0
SPY190731P299,2019-07-29,2019-07-29 09:33:33,0.57,1.0754,5,0.56,1.0566,2002,0.57,1.0754,5,0.565,1.066,31,0
SPY190731P299,2019-07-29,2019-07-29 09:33:33,0.57,1.0754,180,0.56,1.0566,611,0.57,1.0754,5,0.565,1.066,31,0
SPY190731P299,2019-07-29,2019-07-29 09:33:34,0.57,1.0754,180,0.56,1.0566,1205,0.57,1.0754,5,0.565,1.066,31,0
SPY190731P299,2019-07-29,2019-07-29 09:33:35,0.57,1.0754,231,0.56,1.0566,1014,0.57,1.0754,5,0.565,1.066,31,0
SPY190731P299,2019-07-29,2019-07-29 09:33:35,0.57,1.0754,119,0.56,1.0566,1205,0.57,1.0754,5,0.565,1.066,31,0
SPY190731P299,2019-07-29,2019-07-29 09:33:36,0.57,1.0754,231,0.56,1.0566,1004,0.57,1.0754,5,0.565,1.066,31,0
SPY190731P299,2019-07-29,2019-07-29 09:33:37,0.57,1.0754,231,0.56,1.0566,1004,0.57,1.0754,5,0.565,1.066,31,0
SPY190731P299,2019-07-29,2019-07-29 09:33:37,0.57,1.0754,231,0.56,1.0566,849,0.57,1.0754,5,0.565,1.066,31,0
SPY190731P299,2019-07-29,2019-07-29 09:33:38,0.57,1.0754,231,0.56,1.0566,1216,0.57,1.0754,5,0.565,1.066,31,0
SPY190731P299,2019-07-29,2019-07-29 09:33:39,0.57,1.0754,151,0.56,1.0566,1216,0.57,1.0754,5,0.565,1.066,31,0
SPY190731P299,2019-07-29,2019-07-29 09:33:40,0.57,1.0754,151,0.56,1.0566,1722,0.57,1.0754,5,0.565,1.066,31,0
SPY190731P299,2019-07-29,2019-07-29 09:33:41,0.57,1.0754,151,0.56,1.0566,1722,0.57,1.0754,5,0.565,1.066,31,0
SPY190731P299,2019-07-29,2019-07-29 09:33:42,0.57,1.0754,151,0.56,1.0566,1868,0.57,1.0754,5,0.565,1.066,31,0
SPY190731P299,2019-07-29,2019-07-29 09:33:43,0.57,1.0754,151,0.56,1.0566,902,0.57,1.0754,5,0.565,1.066,31,0
SPY190731P299,2019-07-29,2019-07-29 09:33:44,0.57,1.0754,151,0.56,1.0566,1057,0.57,1.0754,5,0.565,1.066,31,0
SPY190731P299,2019-07-29,2019-07-29 09:33:45,0.57,1.0754,151,0.56,1.0566,1642,0.57,1.0754,5,0.565,1.066,31,0
SPY190731P299,2019-07-29,2019-07-29 09:33:46,0.57,1.0754,151,0.56,1.0566,1642,0.57,1.0754,5,0.565,1.066,31,0
SPY190731P299,2019-07-29,2019-07-29 09:33:47,0.57,1.0754,151,0.56,1.0566,1642,0.57,1.0754,5,0.565,1.066,31,0
SPY190731P299,2019-07-29,2019-07-29 09:33:48,0.57,1.0754,222,0.56,1.0566,176,0.57,1.0754,5,0.565,1.066,31,0
SPY190731P299,2019-07-29,2019-07-29 09:33:50,0.57,1.0754,541,0.56,1.0566,86,0.57,1.0754,5,0.565,1.066,31,0
SPY190731P299,2019-07-29,2019-07-29 09:33:51,0.57,1.0754,300,0.56,1.0566,249,0.57,1.0754,5,0.565,1.066,31,0
SPY190731P299,2019-07-29,2019-07-29 09:33:52,0.57,1.0754,233,0.56,1.0566,842,0.57,1.0754,5,0.565,1.066,31,0
SPY190731P299,2019-07-29,2019-07-29 09:33:53,0.57,1.0754,80,0.56,1.0566,990,0.57,1.0754,5,0.565,1.066,31,0
SPY190731P299,2019-07-29,2019-07-29 09:33:54,0.58,1.0943,943,0.56,1.0566,790,0.57,1.0754,5,0.57,1.0754,31,0
SPY190731P299,2019-07-29,2019-07-29 09:33:54,0.58,1.0943,1517,0.57,1.0754,278,0.57,1.0754,5,0.575,1.0849,31,0
SPY190731P299,2019-07-29,2019-07-29 09:33:55,0.58,1.0943,601,0.57,1.0754,265,0.56,1.0566,5,0.575,1.0849,36,5
SPY190731P299,2019-07-29,2019-07-29 09:33:56,0.58,1.0943,311,0.57,1.0754,96,0.56,1.0566,5,0.575,1.0849,36,0
SPY190731P299,2019-07-29,2019-07-29 09:33:56,0.58,1.0943,831,0.57,1.0754,122,0.56,1.0566,5,0.575,1.0849,36,0
SPY190731P299,2019-07-29,2019-07-29 09:33:57,0.58,1.0943,351,0.57,1.0754,160,0.56,1.0566,5,0.575,1.0849,36,0
SPY190731P299,2019-07-29,2019-07-29 09:33:58,0.58,1.0943,490,0.57,1.0754,224,0.56,1.0566,5,0.575,1.0849,36,0
SPY190731P299,2019-07-29,2019-07-29 09:33:59,0.58,1.0943,1287,0.57,1.0754,7,0.56,1.0566,5,0.575,1.0849,36,0
SPY190731P299,2019-07-29,2019-07-29 09:34:00,0.58,1.0943,1280,0.57,1.0754,15,0.56,1.0566,5,0.575,1.0849,36,0
SPY190731P299,2019-07-29,2019-07-29 09:34:01,0.58,1.0943,2259,0.57,1.0754,15,0.56,1.0566,5,0.575,1.0849,36,0
SPY190731P299,2019-07-29,2019-07-29 09:34:02,0.58,1.0943,2194,0.57,1.0754,15,0.56,1.0566,5,0.575,1.0849,36,0
SPY190731P299,2019-07-29,2019-07-29 09:34:02,0.58,1.0943,2595,0.57,1.0754,15,0.56,1.0566,5,0.575,1.0849,36,0
SPY190731P299,2019-07-29,2019-07-29 09:34:03,0.58,1.0943,3145,0.57,1.0754,15,0.56,1.0566,5,0.575,1.0849,36,0
SPY190731P299,2019-07-29,2019-07-29 09:34:04,0.58,1.0943,3745,0.57,1.0754,15,0.56,1.0566,5,0.575,1.0849,36,0
SPY190731P299,2019-07-29,2019-07-29 09:34:05,0.57,1.0754,245,0.56,1.0566,118,0.57,1.0754,15,0.565,1.066,51,15
SPY190731P299,2019-07-29,2019-07-29 09:34:05,0.58,1.0943,3745,0.57,1.0754,15,0.56,1.0566,5,0.575,1.0849,36,0
SPY190731P299,2019-07-29,2019-07-29 09:34:06,0.57,1.0754,910,0.55,1.0377,1114,0.57,1.0754,15,0.56,1.0566,51,0
SPY190731P299,2019-07-29,2019-07-29 09:34:07,0.57,1.0754,1275,0.55,1.0377,534,0.57,1.0754,15,0.56,1.0566,51,0
SPY190731P299,2019-07-29,2019-07-29 09:34:07,0.57,1.0754,1275,0.56,1.0566,6,0.57,1.0754,15,0.565,1.066,51,0
SPY190731P299,2019-07-29,2019-07-29 09:34:08,0.56,1.0566,1,0.55,1.0377,782,0.57,1.0754,15,0.555,1.0471,51,0
SPY190731P299,2019-07-29,2019-07-29 09:34:09,0.56,1.0566,725,0.55,1.0377,139,0.57,1.0754,15,0.555,1.0471,51,0
SPY190731P299,2019-07-29,2019-07-29 09:34:09,0.56,1.0566,725,0.55,1.0377,418,0.57,1.0754,15,0.555,1.0471,51,0
SPY190731P299,2019-07-29,2019-07-29 09:34:10,0.56,1.0566,1332,0.55,1.0377,7,0.57,1.0754,15,0.555,1.0471,51,0
SPY190731P299,2019-07-29,2019-07-29 09:34:10,0.56,1.0566,1351,0.55,1.0377,7,0.57,1.0754,15,0.555,1.0471,51,0
SPY190731P299,2019-07-29,2019-07-29 09:34:11,0.56,1.0566,1332,0.55,1.0377,5,0.57,1.0754,15,0.555,1.0471,51,0
SPY190731P299,2019-07-29,2019-07-29 09:34:12,0.56,1.0566,1042,0.55,1.0377,99,0.57,1.0754,15,0.555,1.0471,51,0
SPY190731P299,2019-07-29,2019-07-29 09:34:12,0.56,1.0566,1362,0.55,1.0377,97,0.57,1.0754,15,0.555,1.0471,51,0
SPY190731P299,2019-07-29,2019-07-29 09:34:13,0.56,1.0566,1642,0.55,1.0377,97,0.57,1.0754,15,0.555,1.0471,51,0
SPY190731P299,2019-07-29,2019-07-29 09:34:13,0.56,1.0566,1446,0.55,1.0377,6,0.57,1.0754,15,0.555,1.0471,51,0
SPY190731P299,2019-07-29,2019-07-29 09:34:14,0.56,1.0566,1446,0.55,1.0377,110,0.57,1.0754,15,0.555,1.0471,51,0
SPY190731P299,2019-07-29,2019-07-29 09:34:14,0.56,1.0566,1763,0.55,1.0377,86,0.57,1.0754,15,0.555,1.0471,51,0
SPY190731P299,2019-07-29,2019-07-29 09:34:15,0.55,1.0377,293,0.54,1.0188,870,0.57,1.0754,15,0.545,1.0283,51,0
SPY190731P299,2019-07-29,2019-07-29 09:34:16,0.55,1.0377,293,0.54,1.0188,870,0.57,1.0754,15,0.545,1.0283,51,0
SPY190731P299,2019-07-29,2019-07-29 09:34:17,0.55,1.0377,346,0.54,1.0188,870,0.57,1.0754,15,0.545,1.0283,51,0
SPY190731P299,2019-07-29,2019-07-29 09:34:17,0.55,1.0377,436,0.54,1.0188,870,0.57,1.0754,15,0.545,1.0283,51,0
SPY190731P299,2019-07-29,2019-07-29 09:34:18,0.55,1.0377,498,0.54,1.0188,596,0.57,1.0754,15,0.545,1.0283,51,0
SPY190731P299,2019-07-29,2019-07-29 09:34:18,0.55,1.0377,498,0.54,1.0188,792,0.57,1.0754,15,0.545,1.0283,51,0
SPY190731P299,2019-07-29,2019-07-29 09:34:19,0.55,1.0377,340,0.54,1.0188,702,0.57,1.0754,15,0.545,1.0283,51,0
SPY190731P299,2019-07-29,2019-07-29 09:34:20,0.55,1.0377,183,0.54,1.0188,213,0.57,1.0754,15,0.545,1.0283,51,0
SPY190731P299,2019-07-29,2019-07-29 09:34:21,0.55,1.0377,1297,0.54,1.0188,6,0.57,1.0754,15,0.545,1.0283,51,0
SPY190731P299,2019-07-29,2019-07-29 09:34:21,0.55,1.0377,1586,0.53,1.0,732,0.57,1.0754,15,0.54,1.0188,51,0
SPY190731P299,2019-07-29,2019-07-29 09:34:22,0.55,1.0377,1647,0.53,1.0,830,0.57,1.0754,15,0.54,1.0188,51,0
SPY190731P299,2019-07-29,2019-07-29 09:34:23,0.55,1.0377,1647,0.54,1.0188,6,0.57,1.0754,15,0.545,1.0283,51,0
SPY190731P299,2019-07-29,2019-07-29 09:34:24,0.55,1.0377,1549,0.54,1.0188,7,0.57,1.0754,15,0.545,1.0283,51,0
SPY190731P299,2019-07-29,2019-07-29 09:34:24,0.55,1.0377,1549,0.54,1.0188,6,0.57,1.0754,15,0.545,1.0283,51,0
SPY190731P299,2019-07-29,2019-07-29 09:34:25,0.55,1.0377,1549,0.53,1.0,1644,0.57,1.0754,15,0.54,1.0188,51,0
SPY190731P299,2019-07-29,2019-07-29 09:34:26,0.54,1.0188,347,0.53,1.0,300,0.57,1.0754,15,0.535,1.0094,51,0
SPY190731P299,2019-07-29,2019-07-29 09:34:26,0.54,1.0188,392,0.53,1.0,300,0.57,1.0754,15,0.535,1.0094,51,0
SPY190731P299,2019-07-29,2019-07-29 09:34:27,0.54,1.0188,392,0.53,1.0,300,0.57,1.0754,15,0.535,1.0094,51,0
SPY190731P299,2019-07-29,2019-07-29 09:34:27,0.54,1.0188,411,0.53,1.0,56,0.57,1.0754,15,0.535,1.0094,51,0
SPY190731P299,2019-07-29,2019-07-29 09:34:28,0.54,1.0188,1443,0.53,1.0,1,0.57,1.0754,15,0.535,1.0094,51,0
SPY190731P299,2019-07-29,2019-07-29 09:34:29,0.54,1.0188,730,0.53,1.0,6,0.57,1.0754,15,0.535,1.0094,51,0
SPY190731P299,2019-07-29,2019-07-29 09:34:29,0.54,1.0188,730,0.53,1.0,333,0.57,1.0754,15,0.535,1.0094,51,0
SPY190731P299,2019-07-29,2019-07-29 09:34:30,0.54,1.0188,588,0.53,1.0,338,0.57,1.0754,15,0.535,1.0094,51,0
SPY190731P299,2019-07-29,2019-07-29 09:34:31,0.54,1.0188,401,0.53,1.0,362,0.57,1.0754,15,0.535,1.0094,51,0
SPY190731P299,2019-07-29,2019-07-29 09:34:32,0.54,1.0188,401,0.53,1.0,338,0.57,1.0754,15,0.535,1.0094,51,0
SPY190731P299,2019-07-29,2019-07-29 09:34:33,0.54,1.0188,401,0.53,1.0,338,0.57,1.0754,15,0.535,1.0094,51,0
SPY190731P299,2019-07-29,2019-07-29 09:34:34,0.54,1.0188,401,0.53,1.0,338,0.57,1.0754,15,0.535,1.0094,51,0
SPY190731P299,2019-07-29,2019-07-29 09:34:35,0.54,1.0188,401,0.53,1.0,818,0.57,1.0754,15,0.535,1.0094,51,0
SPY190731P299,2019-07-29,2019-07-29 09:34:36,0.54,1.0188,401,0.53,1.0,338,0.57,1.0754,15,0.535,1.0094,51,0
SPY190731P299,2019-07-29,2019-07-29 09:34:37,0.54,1.0188,256,0.53,1.0,245,0.57,1.0754,15,0.535,1.0094,51,0
SPY190731P299,2019-07-29,2019-07-29 09:34:37,0.54,1.0188,496,0.52,0.9811,480,0.57,1.0754,15,0.53,1.0,51,0
SPY190731P299,2019-07-29,2019-07-29 09:34:39,0.54,1.0188,242,0.53,1.0,91,0.54,1.0188,108,0.535,1.0094,351,300
SPY190731P299,2019-07-29,2019-07-29 09:34:39,0.54,1.0188,387,0.53,1.0,759,0.54,1.0188,108,0.535,1.0094,351,0
SPY190731P299,2019-07-29,2019-07-29 09:34:40,0.54,1.0188,5,0.53,1.0,769,0.54,1.0188,108,0.535,1.0094,351,0
SPY190731P299,2019-07-29,2019-07-29 09:34:41,0.54,1.0188,5,0.53,1.0,759,0.54,1.0188,108,0.535,1.0094,351,0
SPY190731P299,2019-07-29,2019-07-29 09:34:41,0.55,1.0377,2548,0.53,1.0,270,0.54,1.0188,108,0.54,1.0188,351,0
SPY190731P299,2019-07-29,2019-07-29 09:34:42,0.55,1.0377,5,0.54,1.0188,1020,0.54,1.0188,108,0.545,1.0283,351,0
SPY190731P299,2019-07-29,2019-07-29 09:34:43,0.55,1.0377,5,0.54,1.0188,915,0.54,1.0188,108,0.545,1.0283,351,0
SPY190731P299,2019-07-29,2019-07-29 09:34:44,0.55,1.0377,5,0.54,1.0188,915,0.54,1.0188,108,0.545,1.0283,351,0
SPY190731P299,2019-07-29,2019-07-29 09:34:45,0.55,1.0377,100,0.54,1.0188,915,0.54,1.0188,108,0.545,1.0283,351,0
SPY190731P299,2019-07-29,2019-07-29 09:34:45,0.55,1.0377,931,0.54,1.0188,236,0.54,1.0188,108,0.545,1.0283,351,0
SPY190731P299,2019-07-29,2019-07-29 09:34:46,0.55,1.0377,931,0.54,1.0188,236,0.54,1.0188,108,0.545,1.0283,351,0
SPY190731P299,2019-07-29,2019-07-29 09:34:47,0.55,1.0377,483,0.54,1.0188,127,0.54,1.0188,2,0.545,1.0283,353,2
SPY190731P299,2019-07-29,2019-07-29 09:34:48,0.55,1.0377,574,0.54,1.0188,259,0.54,1.0188,2,0.545,1.0283,353,0
SPY190731P299,2019-07-29,2019-07-29 09:34:48,0.55,1.0377,442,0.54,1.0188,919,0.54,1.0188,2,0.545,1.0283,353,0
SPY190731P299,2019-07-29,2019-07-29 09:34:49,0.55,1.0377,120,0.54,1.0188,1086,0.54,1.0188,2,0.545,1.0283,353,0
SPY190731P299,2019-07-29,2019-07-29 09:34:50,0.55,1.0377,6,0.54,1.0188,1027,0.54,1.0188,2,0.545,1.0283,353,0
SPY190731P299,2019-07-29,2019-07-29 09:34:51,0.55,1.0377,6,0.54,1.0188,1027,0.54,1.0188,2,0.545,1.0283,353,0
SPY190731P299,2019-07-29,2019-07-29 09:34:52,0.55,1.0377,7,0.54,1.0188,1027,0.54,1.0188,2,0.545,1.0283,353,0
SPY190731P299,2019-07-29,2019-07-29 09:34:52,0.55,1.0377,6,0.54,1.0188,1027,0.54,1.0188,2,0.545,1.0283,353,0
SPY190731P299,2019-07-29,2019-07-29 09:34:53,0.55,1.0377,106,0.54,1.0188,905,0.54,1.0188,2,0.545,1.0283,353,0
SPY190731P299,2019-07-29,2019-07-29 09:34:53,0.55,1.0377,116,0.54,1.0188,905,0.54,1.0188,2,0.545,1.0283,353,0
SPY190731P299,2019-07-29,2019-07-29 09:34:54,0.55,1.0377,121,0.54,1.0188,905,0.54,1.0188,2,0.545,1.0283,353,0
SPY190731P299,2019-07-29,2019-07-29 09:34:55,0.56,1.0566,824,0.55,1.0377,5,0.54,1.0188,2,0.555,1.0471,353,0
SPY190731P299,2019-07-29,2019-07-29 09:34:55,0.55,1.0377,100,0.54,1.0188,1066,0.54,1.0188,2,0.545,1.0283,353,0
SPY190731P299,2019-07-29,2019-07-29 09:34:56,0.56,1.0566,1860,0.54,1.0188,1524,0.54,1.0188,2,0.55,1.0377,353,0
SPY190731P299,2019-07-29,2019-07-29 09:34:56,0.56,1.0566,1860,0.54,1.0188,1106,0.54,1.0188,2,0.55,1.0377,353,0
SPY190731P299,2019-07-29,2019-07-29 09:34:57,0.55,1.0377,10,0.54,1.0188,1039,0.54,1.0188,2,0.545,1.0283,353,0
SPY190731P299,2019-07-29,2019-07-29 09:34:58,0.55,1.0377,100,0.54,1.0188,987,0.55,1.0377,3,0.545,1.0283,356,3
SPY190731P299,2019-07-29,2019-07-29 09:34:59,0.55,1.0377,100,0.54,1.0188,1099,0.55,1.0377,3,0.545,1.0283,356,0
SPY190731P299,2019-07-29,2019-07-29 09:35:00,0.56,1.0566,728,0.54,1.0188,400,0.55,1.0377,3,0.55,1.0377,356,0
SPY190731P299,2019-07-29,2019-07-29 09:35:00,0.56,1.0566,445,0.55,1.0377,215,0.55,1.0377,3,0.555,1.0471,356,0
SPY190731P299,2019-07-29,2019-07-29 09:35:01,0.56,1.0566,445,0.55,1.0377,785,0.55,1.0377,3,0.555,1.0471,356,0
SPY190731P299,2019-07-29,2019-07-29 09:35:02,0.57,1.0754,1108,0.55,1.0377,743,0.55,1.0377,3,0.56,1.0566,356,0
SPY190731P299,2019-07-29,2019-07-29 09:35:02,0.57,1.0754,3036,0.56,1.0566,23,0.55,1.0377,3,0.565,1.066,356,0
SPY190731P299,2019-07-29,2019-07-29 09:35:03,0.57,1.0754,1112,0.56,1.0566,166,0.55,1.0377,3,0.565,1.066,356,0
SPY190731P299,2019-07-29,2019-07-29 09:35:04,0.57,1.0754,1461,0.56,1.0566,149,0.55,1.0377,3,0.565,1.066,356,0
SPY190731P299,2019-07-29,2019-07-29 09:35:04,0.57,1.0754,715,0.56,1.0566,149,0.55,1.0377,3,0.565,1.066,356,0
SPY190731P299,2019-07-29,2019-07-29 09:35:05,0.57,1.0754,1735,0.56,1.0566,149,0.55,1.0377,3,0.565,1.066,356,0
SPY190731P299,2019-07-29,2019-07-29 09:35:06,0.56,1.0566,100,0.55,1.0377,1120,0.55,1.0377,3,0.555,1.0471,356,0
SPY190731P299,2019-07-29,2019-07-29 09:35:07,0.57,1.0754,1514,0.56,1.0566,202,0.55,1.0377,3,0.565,1.066,356,0
SPY190731P299,2019-07-29,2019-07-29 09:35:07,0.57,1.0754,1257,0.55,1.0377,1034,0.55,1.0377,3,0.56,1.0566,356,0
SPY190731P299,2019-07-29,2019-07-29 09:35:08,0.57,1.0754,1430,0.56,1.0566,201,0.55,1.0377,3,0.565,1.066,356,0
SPY190731P299,2019-07-29,2019-07-29 09:35:09,0.57,1.0754,1748,0.56,1.0566,176,0.55,1.0377,3,0.565,1.066,356,0
SPY190731P299,2019-07-29,2019-07-29 09:35:10,0.57,1.0754,300,0.56,1.0566,251,0.55,1.0377,3,0.565,1.066,356,0
SPY190731P299,2019-07-29,2019-07-29 09:35:10,0.57,1.0754,451,0.56,1.0566,256,0.55,1.0377,3,0.565,1.066,356,0
SPY190731P299,2019-07-29,2019-07-29 09:35:11,0.57,1.0754,309,0.56,1.0566,251,0.55,1.0377,3,0.565,1.066,356,0
SPY190731P299,2019-07-29,2019-07-29 09:35:11,0.57,1.0754,290,0.56,1.0566,731,0.55,1.0377,3,0.565,1.066,356,0
SPY190731P299,2019-07-29,2019-07-29 09:35:12,0.57,1.0754,290,0.56,1.0566,731,0.55,1.0377,3,0.565,1.066,356,0
SPY190731P299,2019-07-29,2019-07-29 09:35:13,0.57,1.0754,290,0.56,1.0566,731,0.55,1.0377,3,0.565,1.066,356,0
SPY190731P299,2019-07-29,2019-07-29 09:35:14,0.57,1.0754,640,0.56,1.0566,731,0.55,1.0377,3,0.565,1.066,356,0
SPY190731P299,2019-07-29,2019-07-29 09:35:14,0.57,1.0754,548,0.56,1.0566,731,0.55,1.0377,3,0.565,1.066,356,0
SPY190731P299,2019-07-29,2019-07-29 09:35:15,0.57,1.0754,1291,0.56,1.0566,689,0.55,1.0377,3,0.565,1.066,356,0
SPY190731P299,2019-07-29,2019-07-29 09:35:16,0.57,1.0754,464,0.56,1.0566,744,0.55,1.0377,3,0.565,1.066,356,0
SPY190731P299,2019-07-29,2019-07-29 09:35:16,0.57,1.0754,300,0.56,1.0566,744,0.55,1.0377,3,0.565,1.066,356,0
SPY190731P299,2019-07-29,2019-07-29 09:35:17,0.57,1.0754,300,0.56,1.0566,744,0.55,1.0377,3,0.565,1.066,356,0
SPY190731P299,2019-07-29,2019-07-29 09:35:18,0.57,1.0754,442,0.56,1.0566,744,0.55,1.0377,3,0.565,1.066,356,0
SPY190731P299,2019-07-29,2019-07-29 09:35:19,0.57,1.0754,674,0.56,1.0566,678,0.55,1.0377,3,0.565,1.066,356,0
SPY190731P299,2019-07-29,2019-07-29 09:35:20,0.56,1.0566,5,0.56,1.0566,108,0.55,1.0377,3,0.56,1.0566,356,0
SPY190731P299,2019-07-29,2019-07-29 09:35:20,0.57,1.0754,674,0.56,1.0566,668,0.55,1.0377,3,0.565,1.066,356,0
SPY190731P299,2019-07-29,2019-07-29 09:35:21,0.56,1.0566,109,0.55,1.0377,897,0.55,1.0377,3,0.555,1.0471,356,0
SPY190731P299,2019-07-29,2019-07-29 09:35:22,0.56,1.0566,109,0.55,1.0377,339,0.55,1.0377,3,0.555,1.0471,356,0
SPY190731P299,2019-07-29,2019-07-29 09:35:22,0.56,1.0566,98,0.55,1.0377,645,0.55,1.0377,3,0.555,1.0471,356,0
SPY190731P299,2019-07-29,2019-07-29 09:35:23,0.56,1.0566,100,0.55,1.0377,396,0.55,1.0377,3,0.555,1.0471,356,0
SPY190731P299,2019-07-29,2019-07-29 09:35:23,0.56,1.0566,100,0.55,1.0377,423,0.55,1.0377,3,0.555,1.0471,356,0
SPY190731P299,2019-07-29,2019-07-29 09:35:24,0.56,1.0566,150,0.55,1.0377,321,0.55,1.0377,3,0.555,1.0471,356,0
SPY190731P299,2019-07-29,2019-07-29 09:35:25,0.56,1.0566,337,0.55,1.0377,310,0.55,1.0377,3,0.555,1.0471,356,0
SPY190731P299,2019-07-29,2019-07-29 09:35:25,0.56,1.0566,346,0.55,1.0377,310,0.55,1.0377,3,0.555,1.0471,356,0
SPY190731P299,2019-07-29,2019-07-29 09:35:26,0.56,1.0566,428,0.55,1.0377,310,0.55,1.0377,3,0.555,1.0471,356,0
SPY190731P299,2019-07-29,2019-07-29 09:35:27,0.56,1.0566,428,0.55,1.0377,310,0.55,1.0377,3,0.555,1.0471,356,0
SPY190731P299,2019-07-29,2019-07-29 09:35:28,0.56,1.0566,2717,0.54,1.0188,989,0.55,1.0377,3,0.55,1.0377,356,0
SPY190731P299,2019-07-29,2019-07-29 09:35:29,0.55,1.0377,152,0.54,1.0188,989,0.55,1.0377,3,0.545,1.0283,356,0
SPY190731P299,2019-07-29,2019-07-29 09:35:30,0.55,1.0377,152,0.54,1.0188,480,0.55,1.0377,3,0.545,1.0283,356,0
SPY190731P299,2019-07-29,2019-07-29 09:35:30,0.55,1.0377,937,0.54,1.0188,350,0.55,1.0377,3,0.545,1.0283,356,0
SPY190731P299,2019-07-29,2019-07-29 09:35:31,0.55,1.0377,956,0.54,1.0188,235,0.55,1.0377,3,0.545,1.0283,356,0
SPY190731P299,2019-07-29,2019-07-29 09:35:31,0.54,1.0188,5,0.53,1.0,1049,0.55,1.0377,3,0.535,1.0094,356,0
SPY190731P299,2019-07-29,2019-07-29 09:35:32,0.54,1.0188,985,0.53,1.0,168,0.55,1.0377,3,0.535,1.0094,356,0
SPY190731P299,2019-07-29,2019-07-29 09:35:33,0.54,1.0188,1285,0.53,1.0,27,0.55,1.0377,3,0.535,1.0094,356,0
SPY190731P299,2019-07-29,2019-07-29 09:35:33,0.54,1.0188,682,0.52,0.9811,611,0.55,1.0377,3,0.53,1.0,356,0
SPY190731P299,2019-07-29,2019-07-29 09:35:34,0.54,1.0188,2561,0.52,0.9811,741,0.55,1.0377,3,0.53,1.0,356,0
SPY190731P299,2019-07-29,2019-07-29 09:35:34,0.54,1.0188,1895,0.53,1.0,6,0.55,1.0377,3,0.535,1.0094,356,0
SPY190731P299,2019-07-29,2019-07-29 09:35:35,0.54,1.0188,2081,0.52,0.9811,1960,0.55,1.0377,3,0.53,1.0,356,0
SPY190731P299,2019-07-29,2019-07-29 09:35:36,0.54,1.0188,1349,0.52,0.9811,1076,0.55,1.0377,3,0.53,1.0,356,0
SPY190731P299,2019-07-29,2019-07-29 09:35:36,0.54,1.0188,1387,0.53,1.0,5,0.55,1.0377,3,0.535,1.0094,356,0
SPY190731P299,2019-07-29,2019-07-29 09:35:37,0.54,1.0188,1737,0.53,1.0,5,0.55,1.0377,3,0.535,1.0094,356,0
SPY190731P299,2019-07-29,2019-07-29 09:35:38,0.54,1.0188,303,0.53,1.0,834,0.55,1.0377,3,0.535,1.0094,356,0
SPY190731P299,2019-07-29,2019-07-29 09:35:38,0.54,1.0188,396,0.53,1.0,834,0.55,1.0377,3,0.535,1.0094,356,0
SPY190731P299,2019-07-29,2019-07-29 09:35:39,0.54,1.0188,184,0.53,1.0,1064,0.55,1.0377,3,0.535,1.0094,356,0
SPY190731P299,2019-07-29,2019-07-29 09:35:40,0.54,1.0188,184,0.53,1.0,272,0.55,1.0377,3,0.535,1.0094,356,0
SPY190731P299,2019-07-29,2019-07-29 09:35:40,0.54,1.0188,184,0.53,1.0,906,0.55,1.0377,3,0.535,1.0094,356,0
SPY190731P299,2019-07-29,2019-07-29 09:35:41,0.54,1.0188,184,0.53,1.0,893,0.55,1.0377,3,0.535,1.0094,356,0
SPY190731P299,2019-07-29,2019-07-29 09:35:42,0.54,1.0188,184,0.53,1.0,887,0.55,1.0377,3,0.535,1.0094,356,0
SPY190731P299,2019-07-29,2019-07-29 09:35:42,0.54,1.0188,184,0.53,1.0,773,0.55,1.0377,3,0.535,1.0094,356,0
SPY190731P299,2019-07-29,2019-07-29 09:35:43,0.54,1.0188,376,0.53,1.0,1594,0.55,1.0377,3,0.535,1.0094,356,0
SPY190731P299,2019-07-29,2019-07-29 09:35:43,0.55,1.0377,597,0.54,1.0188,6,0.55,1.0377,3,0.545,1.0283,356,0
SPY190731P299,2019-07-29,2019-07-29 09:35:44,0.55,1.0377,157,0.54,1.0188,1058,0.55,1.0377,3,0.545,1.0283,356,0
SPY190731P299,2019-07-29,2019-07-29 09:35:45,0.55,1.0377,194,0.54,1.0188,1058,0.55,1.0377,3,0.545,1.0283,356,0
SPY190731P299,2019-07-29,2019-07-29 09:35:45,0.55,1.0377,5,0.54,1.0188,1058,0.55,1.0377,3,0.545,1.0283,356,0
SPY190731P299,2019-07-29,2019-07-29 09:35:46,0.55,1.0377,5,0.54,1.0188,1086,0.55,1.0377,3,0.545,1.0283,356,0
SPY190731P299,2019-07-29,2019-07-29 09:35:47,0.55,1.0377,5,0.54,1.0188,1086,0.55,1.0377,3,0.545,1.0283,356,0
SPY190731P299,2019-07-29,2019-07-29 09:35:48,0.55,1.0377,5,0.54,1.0188,1797,0.55,1.0377,3,0.545,1.0283,356,0
SPY190731P299,2019-07-29,2019-07-29 09:35:48,0.55,1.0377,5,0.54,1.0188,1054,0.55,1.0377,3,0.545,1.0283,356,0
SPY190731P299,2019-07-29,2019-07-29 09:35:49,0.55,1.0377,131,0.54,1.0188,1054,0.55,1.0377,3,0.545,1.0283,356,0
SPY190731P299,2019-07-29,2019-07-29 09:35:50,0.56,1.0566,1992,0.55,1.0377,1,0.55,1.0377,3,0.555,1.0471,356,0
SPY190731P299,2019-07-29,2019-07-29 09:35:51,0.56,1.0566,1605,0.55,1.0377,6,0.55,1.0377,3,0.555,1.0471,356,0
SPY190731P299,2019-07-29,2019-07-29 09:35:51,0.56,1.0566,1395,0.54,1.0188,1532,0.55,1.0377,3,0.55,1.0377,356,0
SPY190731P299,2019-07-29,2019-07-29 09:35:52,0.55,1.0377,185,0.54,1.0188,1054,0.55,1.0377,3,0.545,1.0283,356,0
SPY190731P299,2019-07-29,2019-07-29 09:35:52,0.56,1.0566,1615,0.55,1.0377,6,0.55,1.0377,3,0.555,1.0471,356,0
SPY190731P299,2019-07-29,2019-07-29 09:35:53,0.55,1.0377,214,0.54,1.0188,994,0.55,1.0377,3,0.545,1.0283,356,0
SPY190731P299,2019-07-29,2019-07-29 09:35:53,0.55,1.0377,5,0.54,1.0188,1054,0.55,1.0377,3,0.545,1.0283,356,0
SPY190731P299,2019-07-29,2019-07-29 09:35:54,0.55,1.0377,304,0.54,1.0188,970,0.55,1.0377,3,0.545,1.0283,356,0
SPY190731P299,2019-07-29,2019-07-29 09:35:55,0.55,1.0377,5,0.54,1.0188,1170,0.55,1.0377,3,0.545,1.0283,356,0
SPY190731P299,2019-07-29,2019-07-29 09:35:55,0.56,1.0566,247,0.55,1.0377,6,0.55,1.0377,3,0.555,1.0471,356,0
SPY190731P299,2019-07-29,2019-07-29 09:35:56,0.55,1.0377,462,0.54,1.0188,722,0.55,1.0377,3,0.545,1.0283,356,0
SPY190731P299,2019-07-29,2019-07-29 09:35:57,0.55,1.0377,65,0.54,1.0188,83,0.55,1.0377,3,0.545,1.0283,356,0
SPY190731P299,2019-07-29,2019-07-29 09:35:58,0.55,1.0377,391,0.54,1.0188,742,0.55,1.0377,3,0.545,1.0283,356,0
SPY190731P299,2019-07-29,2019-07-29 09:35:58,0.55,1.0377,318,0.54,1.0188,742,0.55,1.0377,3,0.545,1.0283,356,0
SPY190731P299,2019-07-29,2019-07-29 09:35:59,0.55,1.0377,988,0.54,1.0188,625,0.55,1.0377,3,0.545,1.0283,356,0
SPY190731P299,2019-07-29,2019-07-29 09:35:59,0.55,1.0377,918,0.54,1.0188,6,0.55,1.0377,3,0.545,1.0283,356,0
SPY190731P299,2019-07-29,2019-07-29 09:36:00,0.54,1.0188,277,0.53,1.0,961,0.55,1.0377,3,0.535,1.0094,356,0
SPY190731P299,2019-07-29,2019-07-29 09:36:01,0.54,1.0188,921,0.53,1.0,151,0.55,1.0377,3,0.535,1.0094,356,0
SPY190731P299,2019-07-29,2019-07-29 09:36:02,0.54,1.0188,539,0.53,1.0,273,0.55,1.0377,3,0.535,1.0094,356,0
SPY190731P299,2019-07-29,2019-07-29 09:36:03,0.54,1.0188,1540,0.53,1.0,1,0.55,1.0377,3,0.535,1.0094,356,0
SPY190731P299,2019-07-29,2019-07-29 09:36:04,0.54,1.0188,1060,0.53,1.0,1,0.55,1.0377,3,0.535,1.0094,356,0
SPY190731P299,2019-07-29,2019-07-29 09:36:04,0.54,1.0188,1159,0.53,1.0,614,0.55,1.0377,3,0.535,1.0094,356,0
SPY190731P299,2019-07-29,2019-07-29 09:36:05,0.54,1.0188,1207,0.53,1.0,106,0.55,1.0377,3,0.535,1.0094,356,0
SPY190731P299,2019-07-29,2019-07-29 09:36:05,0.54,1.0188,1014,0.53,1.0,614,0.55,1.0377,3,0.535,1.0094,356,0
SPY190731P299,2019-07-29,2019-07-29 09:36:06,0.54,1.0188,1207,0.53,1.0,106,0.55,1.0377,3,0.535,1.0094,356,0
SPY190731P299,2019-07-29,2019-07-29 09:36:07,0.54,1.0188,558,0.53,1.0,480,0.55,1.0377,3,0.535,1.0094,356,0
SPY190731P299,2019-07-29,2019-07-29 09:36:08,0.54,1.0188,917,0.53,1.0,762,0.55,1.0377,3,0.535,1.0094,356,0
SPY190731P299,2019-07-29,2019-07-29 09:36:08,0.54,1.0188,909,0.53,1.0,762,0.55,1.0377,3,0.535,1.0094,356,0
SPY190731P299,2019-07-29,2019-07-29 09:36:09,0.55,1.0377,2022,0.54,1.0188,7,0.55,1.0377,3,0.545,1.0283,356,0
SPY190731P299,2019-07-29,2019-07-29 09:36:09,0.54,1.0188,340,0.53,1.0,1156,0.55,1.0377,3,0.535,1.0094,356,0
SPY190731P299,2019-07-29,2019-07-29 09:36:10,0.54,1.0188,5,0.53,1.0,749,0.55,1.0377,3,0.535,1.0094,356,0
SPY190731P299,2019-07-29,2019-07-29 09:36:11,0.54,1.0188,371,0.53,1.0,1140,0.55,1.0377,3,0.535,1.0094,356,0
SPY190731P299,2019-07-29,2019-07-29 09:36:11,0.54,1.0188,371,0.53,1.0,1236,0.55,1.0377,3,0.535,1.0094,356,0
SPY190731P299,2019-07-29,2019-07-29 09:36:12,0.54,1.0188,371,0.53,1.0,1236,0.55,1.0377,3,0.535,1.0094,356,0
SPY190731P299,2019-07-29,2019-07-29 09:36:13,0.54,1.0188,371,0.53,1.0,1236,0.54,1.0188,5,0.535,1.0094,378,0
SPY190731P299,2019-07-29,2019-07-29 09:36:13,0.54,1.0188,371,0.53,1.0,1236,0.54,1.0188,5,0.535,1.0094,378,22
SPY190731P299,2019-07-29,2019-07-29 09:36:14,0.54,1.0188,196,0.53,1.0,468,0.54,1.0188,5,0.535,1.0094,378,0
SPY190731P299,2019-07-29,2019-07-29 09:36:14,0.55,1.0377,1405,0.53,1.0,690,0.54,1.0188,5,0.54,1.0188,378,0
SPY190731P299,2019-07-29,2019-07-29 09:36:15,0.55,1.0377,2063,0.54,1.0188,480,0.54,1.0188,5,0.545,1.0283,378,0
SPY190731P299,2019-07-29,2019-07-29 09:36:16,0.55,1.0377,2153,0.54,1.0188,1,0.54,1.0188,5,0.545,1.0283,378,0
SPY190731P299,2019-07-29,2019-07-29 09:36:17,0.55,1.0377,1264,0.54,1.0188,1,0.54,1.0188,5,0.545,1.0283,378,0
SPY190731P299,2019-07-29,2019-07-29 09:36:18,0.54,1.0188,5,0.53,1.0,1795,0.54,1.0188,5,0.535,1.0094,378,0
SPY190731P299,2019-07-29,2019-07-29 09:36:18,0.55,1.0377,2130,0.54,1.0188,1,0.54,1.0188,5,0.545,1.0283,378,0
SPY190731P299,2019-07-29,2019-07-29 09:36:19,0.54,1.0188,5,0.53,1.0,1778,0.54,1.0188,5,0.535,1.0094,378,0
SPY190731P299,2019-07-29,2019-07-29 09:36:19,0.55,1.0377,1983,0.53,1.0,1778,0.54,1.0188,5,0.54,1.0188,378,0
SPY190731P299,2019-07-29,2019-07-29 09:36:20,0.54,1.0188,215,0.53,1.0,1670,0.54,1.0188,5,0.535,1.0094,378,0
SPY190731P299,2019-07-29,2019-07-29 09:36:21,0.54,1.0188,5,0.54,1.0188,6,0.54,1.0188,5,0.54,1.0188,378,0
SPY190731P299,2019-07-29,2019-07-29 09:36:21,0.54,1.0188,5,0.53,1.0,1783,0.54,1.0188,5,0.535,1.0094,378,0
SPY190731P299,2019-07-29,2019-07-29 09:36:22,0.54,1.0188,532,0.53,1.0,191,0.54,1.0188,5,0.535,1.0094,378,0
SPY190731P299,2019-07-29,2019-07-29 09:36:22,0.54,1.0188,1585,0.53,1.0,266,0.54,1.0188,5,0.535,1.0094,378,0
SPY190731P299,2019-07-29,2019-07-29 09:36:23,0.54,1.0188,251,0.53,1.0,199,0.54,1.0188,5,0.535,1.0094,378,0
SPY190731P299,2019-07-29,2019-07-29 09:36:24,0.54,1.0188,51,0.53,1.0,1697,0.54,1.0188,5,0.535,1.0094,378,0
SPY190731P299,2019-07-29,2019-07-29 09:36:24,0.54,1.0188,62,0.53,1.0,1512,0.54,1.0188,5,0.535,1.0094,378,0
SPY190731P299,2019-07-29,2019-07-29 09:36:25,0.55,1.0377,1063,0.53,1.0,1788,0.54,1.0188,5,0.54,1.0188,378,0
SPY190731P299,2019-07-29,2019-07-29 09:36:26,0.55,1.0377,1353,0.54,1.0188,542,0.54,1.0188,5,0.545,1.0283,378,0
SPY190731P299,2019-07-29,2019-07-29 09:36:26,0.55,1.0377,587,0.54,1.0188,1030,0.54,1.0188,5,0.545,1.0283,378,0
SPY190731P299,2019-07-29,2019-07-29 09:36:27,0.55,1.0377,310,0.54,1.0188,684,0.54,1.0188,5,0.545,1.0283,378,0
SPY190731P299,2019-07-29,2019-07-29 09:36:27,0.55,1.0377,587,0.54,1.0188,1030,0.54,1.0188,5,0.545,1.0283,378,0
SPY190731P299,2019-07-29,2019-07-29 09:36:28,0.55,1.0377,166,0.54,1.0188,305,0.54,1.0188,5,0.545,1.0283,378,0
SPY190731P299,2019-07-29,2019-07-29 09:36:29,0.55,1.0377,623,0.54,1.0188,278,0.54,1.0188,5,0.545,1.0283,378,0
SPY190731P299,2019-07-29,2019-07-29 09:36:29,0.55,1.0377,544,0.54,1.0188,237,0.54,1.0188,5,0.545,1.0283,378,0
SPY190731P299,2019-07-29,2019-07-29 09:36:30,0.55,1.0377,283,0.54,1.0188,632,0.54,1.0188,5,0.545,1.0283,378,0
SPY190731P299,2019-07-29,2019-07-29 09:36:30,0.55,1.0377,347,0.54,1.0188,295,0.54,1.0188,5,0.545,1.0283,378,0
SPY190731P299,2019-07-29,2019-07-29 09:36:31,0.55,1.0377,830,0.54,1.0188,632,0.54,1.0188,5,0.545,1.0283,378,0
SPY190731P299,2019-07-29,2019-07-29 09:36:32,0.55,1.0377,830,0.54,1.0188,632,0.54,1.0188,5,0.545,1.0283,378,0
SPY190731P299,2019-07-29,2019-07-29 09:36:32,0.55,1.0377,563,0.54,1.0188,632,0.54,1.0188,5,0.545,1.0283,378,0
SPY190731P299,2019-07-29,2019-07-29 09:36:33,0.55,1.0377,563,0.54,1.0188,632,0.54,1.0188,5,0.545,1.0283,378,0
SPY190731P299,2019-07-29,2019-07-29 09:36:34,0.55,1.0377,563,0.54,1.0188,665,0.54,1.0188,5,0.545,1.0283,378,0
SPY190731P299,2019-07-29,2019-07-29 09:36:35,0.55,1.0377,525,0.54,1.0188,665,0.54,1.0188,5,0.545,1.0283,378,0
SPY190731P299,2019-07-29,2019-07-29 09:36:35,0.55,1.0377,373,0.54,1.0188,665,0.54,1.0188,5,0.545,1.0283,378,0
SPY190731P299,2019-07-29,2019-07-29 09:36:36,0.55,1.0377,373,0.54,1.0188,766,0.54,1.0188,5,0.545,1.0283,378,0
SPY190731P299,2019-07-29,2019-07-29 09:36:36,0.55,1.0377,373,0.54,1.0188,781,0.54,1.0188,5,0.545,1.0283,378,0
SPY190731P299,2019-07-29,2019-07-29 09:36:37,0.55,1.0377,424,0.54,1.0188,660,0.54,1.0188,5,0.545,1.0283,378,0
SPY190731P299,2019-07-29,2019-07-29 09:36:38,0.55,1.0377,1806,0.53,1.0,2362,0.54,1.0188,5,0.54,1.0188,378,0
SPY190731P299,2019-07-29,2019-07-29 09:36:38,0.55,1.0377,1141,0.54,1.0188,90,0.54,1.0188,5,0.545,1.0283,378,0
SPY190731P299,2019-07-29,2019-07-29 09:36:39,0.55,1.0377,314,0.53,1.0,1573,0.54,1.0188,5,0.54,1.0188,378,0
SPY190731P299,2019-07-29,2019-07-29 09:36:39,0.55,1.0377,1777,0.53,1.0,2362,0.54,1.0188,5,0.54,1.0188,378,0
SPY190731P299,2019-07-29,2019-07-29 09:36:40,0.55,1.0377,314,0.53,1.0,1573,0.54,1.0188,5,0.54,1.0188,378,0
SPY190731P299,2019-07-29,2019-07-29 09:36:41,0.55,1.0377,314,0.53,1.0,1573,0.54,1.0188,5,0.54,1.0188,378,0
SPY190731P299,2019-07-29,2019-07-29 09:36:42,0.55,1.0377,63,0.54,1.0188,1901,0.54,1.0188,5,0.545,1.0283,378,0
SPY190731P299,2019-07-29,2019-07-29 09:36:42,0.55,1.0377,22,0.54,1.0188,1765,0.54,1.0188,5,0.545,1.0283,378,0
SPY190731P299,2019-07-29,2019-07-29 09:36:43,0.56,1.0566,1745,0.54,1.0188,2025,0.54,1.0188,5,0.55,1.0377,378,0
SPY190731P299,2019-07-29,2019-07-29 09:36:43,0.56,1.0566,1396,0.54,1.0188,2025,0.54,1.0188,5,0.55,1.0377,378,0
SPY190731P299,2019-07-29,2019-07-29 09:36:44,0.55,1.0377,233,0.54,1.0188,715,0.54,1.0188,5,0.545,1.0283,378,0
SPY190731P299,2019-07-29,2019-07-29 09:36:45,0.55,1.0377,233,0.54,1.0188,715,0.54,1.0188,5,0.545,1.0283,378,0
SPY190731P299,2019-07-29,2019-07-29 09:36:45,0.55,1.0377,273,0.54,1.0188,1273,0.54,1.0188,5,0.545,1.0283,378,0
SPY190731P299,2019-07-29,2019-07-29 09:36:46,0.55,1.0377,154,0.54,1.0188,690,0.54,1.0188,5,0.545,1.0283,378,0
SPY190731P299,2019-07-29,2019-07-29 09:36:46,0.55,1.0377,234,0.54,1.0188,50,0.54,1.0188,5,0.545,1.0283,378,0
SPY190731P299,2019-07-29,2019-07-29 09:36:47,0.55,1.0377,411,0.54,1.0188,218,0.54,1.0188,5,0.545,1.0283,378,0
SPY190731P299,2019-07-29,2019-07-29 09:36:48,0.56,1.0566,1283,0.55,1.0377,5,0.54,1.0188,5,0.555,1.0471,378,0
SPY190731P299,2019-07-29,2019-07-29 09:36:48,0.56,1.0566,1120,0.55,1.0377,5,0.54,1.0188,5,0.555,1.0471,378,0
SPY190731P299,2019-07-29,2019-07-29 09:36:49,0.56,1.0566,1928,0.55,1.0377,5,0.54,1.0188,5,0.555,1.0471,378,0
SPY190731P299,2019-07-29,2019-07-29 09:36:50,0.56,1.0566,1851,0.55,1.0377,5,0.54,1.0188,5,0.555,1.0471,378,0
SPY190731P299,2019-07-29,2019-07-29 09:36:50,0.56,1.0566,2255,0.55,1.0377,5,0.54,1.0188,5,0.555,1.0471,378,0
SPY190731P299,2019-07-29,2019-07-29 09:36:51,0.56,1.0566,2222,0.54,1.0188,1229,0.54,1.0188,5,0.55,1.0377,378,0
SPY190731P299,2019-07-29,2019-07-29 09:36:51,0.56,1.0566,2222,0.54,1.0188,2106,0.54,1.0188,5,0.55,1.0377,378,0
SPY190731P299,2019-07-29,2019-07-29 09:36:52,0.56,1.0566,1857,0.54,1.0188,1105,0.54,1.0188,5,0.55,1.0377,378,0
SPY190731P299,2019-07-29,2019-07-29 09:36:53,0.56,1.0566,1740,0.54,1.0188,1469,0.54,1.0188,5,0.55,1.0377,378,0
SPY190731P299,2019-07-29,2019-07-29 09:36:54,0.56,1.0566,1823,0.54,1.0188,1469,0.54,1.0188,5,0.55,1.0377,378,0
SPY190731P299,2019-07-29,2019-07-29 09:36:54,0.56,1.0566,1756,0.54,1.0188,1469,0.54,1.0188,5,0.55,1.0377,378,0
SPY190731P299,2019-07-29,2019-07-29 09:36:55,0.56,1.0566,1823,0.55,1.0377,5,0.54,1.0188,5,0.555,1.0471,378,0
SPY190731P299,2019-07-29,2019-07-29 09:36:56,0.56,1.0566,268,0.55,1.0377,485,0.54,1.0188,5,0.555,1.0471,378,0
SPY190731P299,2019-07-29,2019-07-29 09:36:56,0.56,1.0566,1699,0.55,1.0377,5,0.54,1.0188,5,0.555,1.0471,378,0
SPY190731P299,2019-07-29,2019-07-29 09:36:57,0.56,1.0566,233,0.55,1.0377,990,0.54,1.0188,5,0.555,1.0471,378,0
SPY190731P299,2019-07-29,2019-07-29 09:36:58,0.56,1.0566,123,0.55,1.0377,2087,0.54,1.0188,5,0.555,1.0471,378,0
SPY190731P299,2019-07-29,2019-07-29 09:36:59,0.56,1.0566,123,0.55,1.0377,456,0.54,1.0188,5,0.555,1.0471,378,0
SPY190731P299,2019-07-29,2019-07-29 09:36:59,0.56,1.0566,1782,0.55,1.0377,5,0.54,1.0188,5,0.555,1.0471,378,0
SPY190731P299,2019-07-29,2019-07-29 09:37:00,0.55,1.0377,287,0.54,1.0188,1084,0.54,1.0188,5,0.545,1.0283,378,0
SPY190731P299,2019-07-29,2019-07-29 09:37:00,0.56,1.0566,1782,0.54,1.0188,1154,0.54,1.0188,5,0.55,1.0377,378,0
SPY190731P299,2019-07-29,2019-07-29 09:37:01,0.55,1.0377,287,0.54,1.0188,830,0.54,1.0188,5,0.545,1.0283,378,0
SPY190731P299,2019-07-29,2019-07-29 09:37:02,0.55,1.0377,287,0.53,1.0,1362,0.54,1.0188,5,0.54,1.0188,378,0
SPY190731P299,2019-07-29,2019-07-29 09:37:03,0.54,1.0188,102,0.53,1.0,1643,0.54,1.0188,5,0.535,1.0094,378,0
SPY190731P299,2019-07-29,2019-07-29 09:37:03,0.54,1.0188,102,0.53,1.0,1295,0.54,1.0188,5,0.535,1.0094,378,0
SPY190731P299,2019-07-29,2019-07-29 09:37:04,0.54,1.0188,186,0.53,1.0,419,0.54,1.0188,5,0.535,1.0094,378,0
SPY190731P299,2019-07-29,2019-07-29 09:37:04,0.54,1.0188,112,0.53,1.0,516,0.54,1.0188,5,0.535,1.0094,378,0
SPY190731P299,2019-07-29,2019-07-29 09:37:05,0.54,1.0188,244,0.53,1.0,419,0.54,1.0188,5,0.535,1.0094,378,0
SPY190731P299,2019-07-29,2019-07-29 09:37:06,0.54,1.0188,86,0.53,1.0,1973,0.54,1.0188,5,0.535,1.0094,378,0
SPY190731P299,2019-07-29,2019-07-29 09:37:06,0.54,1.0188,46,0.53,1.0,1842,0.54,1.0188,5,0.535,1.0094,378,0
SPY190731P299,2019-07-29,2019-07-29 09:37:07,0.54,1.0188,171,0.53,1.0,898,0.54,1.0188,5,0.535,1.0094,378,0
SPY190731P299,2019-07-29,2019-07-29 09:37:07,0.54,1.0188,393,0.53,1.0,657,0.54,1.0188,5,0.535,1.0094,378,0
SPY190731P299,2019-07-29,2019-07-29 09:37:08,0.54,1.0188,393,0.53,1.0,800,0.54,1.0188,5,0.535,1.0094,378,0
SPY190731P299,2019-07-29,2019-07-29 09:37:08,0.54,1.0188,397,0.53,1.0,388,0.54,1.0188,5,0.535,1.0094,378,0
SPY190731P299,2019-07-29,2019-07-29 09:37:09,0.54,1.0188,519,0.53,1.0,388,0.54,1.0188,5,0.535,1.0094,378,0
SPY190731P299,2019-07-29,2019-07-29 09:37:10,0.54,1.0188,516,0.53,1.0,593,0.54,1.0188,5,0.535,1.0094,378,0
SPY190731P299,2019-07-29,2019-07-29 09:37:10,0.54,1.0188,516,0.53,1.0,606,0.54,1.0188,5,0.535,1.0094,378,0
SPY190731P299,2019-07-29,2019-07-29 09:37:11,0.54,1.0188,373,0.53,1.0,658,0.54,1.0188,5,0.535,1.0094,378,0
SPY190731P299,2019-07-29,2019-07-29 09:37:11,0.54,1.0188,516,0.53,1.0,606,0.54,1.0188,5,0.535,1.0094,378,0
SPY190731P299,2019-07-29,2019-07-29 09:37:12,0.54,1.0188,314,0.53,1.0,418,0.54,1.0188,5,0.535,1.0094,378,0
SPY190731P299,2019-07-29,2019-07-29 09:37:13,0.54,1.0188,314,0.53,1.0,418,0.54,1.0188,5,0.535,1.0094,378,0
SPY190731P299,2019-07-29,2019-07-29 09:37:14,0.54,1.0188,314,0.53,1.0,1719,0.54,1.0188,5,0.535,1.0094,378,0
SPY190731P299,2019-07-29,2019-07-29 09:37:14,0.54,1.0188,314,0.53,1.0,418,0.54,1.0188,5,0.535,1.0094,378,0
SPY190731P299,2019-07-29,2019-07-29 09:37:15,0.54,1.0188,422,0.53,1.0,636,0.54,1.0188,5,0.535,1.0094,378,0
SPY190731P299,2019-07-29,2019-07-29 09:37:16,0.53,1.0,5,0.52,0.9811,988,0.54,1.0188,5,0.525,0.9905,378,0
SPY190731P299,2019-07-29,2019-07-29 09:37:16,0.54,1.0188,472,0.53,1.0,6,0.54,1.0188,5,0.535,1.0094,378,0
SPY190731P299,2019-07-29,2019-07-29 09:37:17,0.54,1.0188,120,0.53,1.0,410,0.54,1.0188,5,0.535,1.0094,378,0
SPY190731P299,2019-07-29,2019-07-29 09:37:17,0.53,1.0,5,0.52,0.9811,2057,0.54,1.0188,5,0.525,0.9905,378,0
SPY190731P299,2019-07-29,2019-07-29 09:37:18,0.54,1.0188,59,0.53,1.0,303,0.54,1.0188,5,0.535,1.0094,378,0
SPY190731P299,2019-07-29,2019-07-29 09:37:19,0.54,1.0188,292,0.53,1.0,143,0.54,1.0188,5,0.535,1.0094,378,0
SPY190731P299,2019-07-29,2019-07-29 09:37:19,0.54,1.0188,472,0.53,1.0,107,0.54,1.0188,5,0.535,1.0094,378,0
SPY190731P299,2019-07-29,2019-07-29 09:37:20,0.54,1.0188,1170,0.53,1.0,6,0.54,1.0188,5,0.535,1.0094,378,0
SPY190731P299,2019-07-29,2019-07-29 09:37:20,0.54,1.0188,1725,0.53,1.0,6,0.54,1.0188,5,0.535,1.0094,378,0
SPY190731P299,2019-07-29,2019-07-29 09:37:21,0.54,1.0188,768,0.53,1.0,130,0.54,1.0188,5,0.535,1.0094,378,0
SPY190731P299,2019-07-29,2019-07-29 09:37:21,0.54,1.0188,789,0.53,1.0,130,0.54,1.0188,5,0.535,1.0094,378,0
SPY190731P299,2019-07-29,2019-07-29 09:37:22,0.54,1.0188,1784,0.53,1.0,7,0.54,1.0188,5,0.535,1.0094,378,0
SPY190731P299,2019-07-29,2019-07-29 09:37:23,0.54,1.0188,1131,0.53,1.0,6,0.54,1.0188,5,0.535,1.0094,378,0
SPY190731P299,2019-07-29,2019-07-29 09:37:23,0.54,1.0188,1707,0.53,1.0,6,0.54,1.0188,5,0.535,1.0094,378,0
SPY190731P299,2019-07-29,2019-07-29 09:37:24,0.54,1.0188,408,0.53,1.0,690,0.54,1.0188,5,0.535,1.0094,378,0
SPY190731P299,2019-07-29,2019-07-29 09:37:24,0.54,1.0188,408,0.53,1.0,905,0.54,1.0188,5,0.535,1.0094,378,0
SPY190731P299,2019-07-29,2019-07-29 09:37:25,0.54,1.0188,596,0.53,1.0,10,0.54,1.0188,5,0.535,1.0094,378,0
SPY190731P299,2019-07-29,2019-07-29 09:37:26,0.54,1.0188,515,0.53,1.0,120,0.54,1.0188,5,0.535,1.0094,378,0
SPY190731P299,2019-07-29,2019-07-29 09:37:26,0.54,1.0188,841,0.53,1.0,195,0.54,1.0188,5,0.535,1.0094,378,0
SPY190731P299,2019-07-29,2019-07-29 09:37:27,0.54,1.0188,300,0.53,1.0,883,0.54,1.0188,5,0.535,1.0094,378,0
SPY190731P299,2019-07-29,2019-07-29 09:37:28,0.54,1.0188,300,0.53,1.0,745,0.54,1.0188,5,0.535,1.0094,378,0
SPY190731P299,2019-07-29,2019-07-29 09:37:29,0.54,1.0188,390,0.53,1.0,120,0.54,1.0188,5,0.535,1.0094,378,0
SPY190731P299,2019-07-29,2019-07-29 09:37:29,0.54,1.0188,517,0.53,1.0,120,0.54,1.0188,5,0.535,1.0094,378,0
SPY190731P299,2019-07-29,2019-07-29 09:37:30,0.54,1.0188,520,0.53,1.0,194,0.54,1.0188,5,0.535,1.0094,378,0
SPY190731P299,2019-07-29,2019-07-29 09:37:30,0.54,1.0188,399,0.53,1.0,679,0.54,1.0188,5,0.535,1.0094,378,0
SPY190731P299,2019-07-29,2019-07-29 09:37:31,0.54,1.0188,1011,0.53,1.0,38,0.54,1.0188,5,0.535,1.0094,378,0
SPY190731P299,2019-07-29,2019-07-29 09:37:32,0.54,1.0188,874,0.53,1.0,120,0.54,1.0188,5,0.535,1.0094,378,0
SPY190731P299,2019-07-29,2019-07-29 09:37:32,0.54,1.0188,759,0.53,1.0,162,0.54,1.0188,5,0.535,1.0094,378,0
SPY190731P299,2019-07-29,2019-07-29 09:37:33,0.54,1.0188,874,0.53,1.0,214,0.54,1.0188,5,0.535,1.0094,378,0
SPY190731P299,2019-07-29,2019-07-29 09:37:34,0.54,1.0188,551,0.53,1.0,162,0.54,1.0188,5,0.535,1.0094,378,0
SPY190731P299,2019-07-29,2019-07-29 09:37:35,0.54,1.0188,539,0.53,1.0,318,0.54,1.0188,5,0.535,1.0094,378,0
SPY190731P299,2019-07-29,2019-07-29 09:37:36,0.54,1.0188,539,0.53,1.0,922,0.54,1.0188,5,0.535,1.0094,378,0
SPY190731P299,2019-07-29,2019-07-29 09:37:36,0.54,1.0188,315,0.53,1.0,922,0.54,1.0188,5,0.535,1.0094,378,0
SPY190731P299,2019-07-29,2019-07-29 09:37:37,0.54,1.0188,223,0.53,1.0,1783,0.54,1.0188,5,0.535,1.0094,378,0
SPY190731P299,2019-07-29,2019-07-29 09:37:38,0.54,1.0188,223,0.53,1.0,1783,0.54,1.0188,5,0.535,1.0094,378,0
SPY190731P299,2019-07-29,2019-07-29 09:37:39,0.55,1.0377,1855,0.54,1.0188,10,0.54,1.0188,5,0.545,1.0283,378,0
SPY190731P299,2019-07-29,2019-07-29 09:37:39,0.55,1.0377,1855,0.54,1.0188,39,0.54,1.0188,5,0.545,1.0283,378,0
SPY190731P299,2019-07-29,2019-07-29 09:37:40,0.55,1.0377,3200,0.54,1.0188,7,0.54,1.0188,5,0.545,1.0283,378,0
SPY190731P299,2019-07-29,2019-07-29 09:37:40,0.55,1.0377,1855,0.54,1.0188,39,0.54,1.0188,5,0.545,1.0283,378,0
SPY190731P299,2019-07-29,2019-07-29 09:37:41,0.55,1.0377,3200,0.54,1.0188,7,0.54,1.0188,5,0.545,1.0283,378,0
SPY190731P299,2019-07-29,2019-07-29 09:37:42,0.55,1.0377,3006,0.54,1.0188,7,0.54,1.0188,5,0.545,1.0283,378,0
SPY190731P299,2019-07-29,2019-07-29 09:37:43,0.55,1.0377,3006,0.54,1.0188,7,0.54,1.0188,5,0.545,1.0283,378,0
SPY190731P299,2019-07-29,2019-07-29 09:37:43,0.55,1.0377,1720,0.54,1.0188,162,0.54,1.0188,5,0.545,1.0283,378,0
SPY190731P299,2019-07-29,2019-07-29 09:37:44,0.55,1.0377,1636,0.54,1.0188,196,0.54,1.0188,5,0.545,1.0283,378,0
SPY190731P299,2019-07-29,2019-07-29 09:37:44,0.55,1.0377,1720,0.54,1.0188,172,0.54,1.0188,5,0.545,1.0283,378,0
SPY190731P299,2019-07-29,2019-07-29 09:37:45,0.55,1.0377,199,0.54,1.0188,788,0.54,1.0188,5,0.545,1.0283,378,0
SPY190731P299,2019-07-29,2019-07-29 09:37:45,0.55,1.0377,199,0.54,1.0188,1055,0.54,1.0188,5,0.545,1.0283,378,0
SPY190731P299,2019-07-29,2019-07-29 09:37:46,0.55,1.0377,199,0.54,1.0188,398,0.54,1.0188,5,0.545,1.0283,378,0
SPY190731P299,2019-07-29,2019-07-29 09:37:47,0.55,1.0377,1668,0.54,1.0188,260,0.54,1.0188,5,0.545,1.0283,378,0
SPY190731P299,2019-07-29,2019-07-29 09:37:47,0.55,1.0377,289,0.54,1.0188,260,0.54,1.0188,5,0.545,1.0283,378,0
SPY190731P299,2019-07-29,2019-07-29 09:37:48,0.55,1.0377,1668,0.54,1.0188,134,0.54,1.0188,5,0.545,1.0283,378,0
SPY190731P299,2019-07-29,2019-07-29 09:37:49,0.55,1.0377,1668,0.54,1.0188,189,0.54,1.0188,5,0.545,1.0283,378,0
SPY190731P299,2019-07-29,2019-07-29 09:37:50,0.55,1.0377,1668,0.54,1.0188,189,0.54,1.0188,5,0.545,1.0283,378,0
SPY190731P299,2019-07-29,2019-07-29 09:37:50,0.55,1.0377,2558,0.53,1.0,2110,0.54,1.0188,5,0.54,1.0188,378,0
SPY190731P299,2019-07-29,2019-07-29 09:37:51,0.55,1.0377,2764,0.54,1.0188,32,0.54,1.0188,5,0.545,1.0283,378,0
SPY190731P299,2019-07-29,2019-07-29 09:37:52,0.55,1.0377,1874,0.54,1.0188,646,0.54,1.0188,5,0.545,1.0283,378,0
SPY190731P299,2019-07-29,2019-07-29 09:37:52,0.55,1.0377,2764,0.54,1.0188,188,0.54,1.0188,5,0.545,1.0283,378,0
SPY190731P299,2019-07-29,2019-07-29 09:37:53,0.55,1.0377,1549,0.54,1.0188,107,0.54,1.0188,5,0.545,1.0283,378,0
SPY190731P299,2019-07-29,2019-07-29 09:37:53,0.55,1.0377,2491,0.54,1.0188,166,0.54,1.0188,5,0.545,1.0283,378,0
SPY190731P299,2019-07-29,2019-07-29 09:37:54,0.55,1.0377,187,0.54,1.0188,480,0.54,1.0188,5,0.545,1.0283,378,0
SPY190731P299,2019-07-29,2019-07-29 09:37:55,0.55,1.0377,307,0.54,1.0188,1034,0.54,1.0188,5,0.545,1.0283,378,0
SPY190731P299,2019-07-29,2019-07-29 09:37:56,0.55,1.0377,277,0.54,1.0188,1034,0.54,1.0188,5,0.545,1.0283,378,0
SPY190731P299,2019-07-29,2019-07-29 09:37:57,0.55,1.0377,277,0.54,1.0188,1034,0.54,1.0188,5,0.545,1.0283,378,0
SPY190731P299,2019-07-29,2019-07-29 09:37:58,0.55,1.0377,277,0.54,1.0188,1034,0.54,1.0188,5,0.545,1.0283,378,0
SPY190731P299,2019-07-29,2019-07-29 09:37:58,0.55,1.0377,277,0.54,1.0188,1146,0.54,1.0188,5,0.545,1.0283,378,0
SPY190731P299,2019-07-29,2019-07-29 09:37:59,0.55,1.0377,277,0.54,1.0188,1033,0.54,1.0188,5,0.545,1.0283,378,0
SPY190731P299,2019-07-29,2019-07-29 09:37:59,0.55,1.0377,2,0.54,1.0188,1776,0.54,1.0188,5,0.545,1.0283,378,0
SPY190731P299,2019-07-29,2019-07-29 09:38:02,0.55,1.0377,2,0.54,1.0188,2624,0.54,1.0188,5,0.545,1.0283,378,0
SPY190731P299,2019-07-29,2019-07-29 09:38:03,0.55,1.0377,2,0.54,1.0188,2661,0.54,1.0188,5,0.545,1.0283,378,0
SPY190731P299,2019-07-29,2019-07-29 09:38:04,0.55,1.0377,2,0.54,1.0188,2660,0.54,1.0188,5,0.545,1.0283,378,0
SPY190731P299,2019-07-29,2019-07-29 09:38:04,0.55,1.0377,2,0.54,1.0188,2449,0.54,1.0188,5,0.545,1.0283,378,0
SPY190731P299,2019-07-29,2019-07-29 09:38:05,0.56,1.0566,83,0.55,1.0377,79,0.55,1.0377,2,0.555,1.0471,380,2
SPY190731P299,2019-07-29,2019-07-29 09:38:06,0.57,1.0754,3644,0.56,1.0566,7,0.55,1.0377,2,0.565,1.066,380,0
SPY190731P299,2019-07-29,2019-07-29 09:38:06,0.57,1.0754,2258,0.55,1.0377,560,0.55,1.0377,2,0.56,1.0566,380,0
SPY190731P299,2019-07-29,2019-07-29 09:38:07,0.56,1.0566,390,0.55,1.0377,1022,0.55,1.0377,2,0.555,1.0471,380,0
SPY190731P299,2019-07-29,2019-07-29 09:38:08,0.56,1.0566,534,0.55,1.0377,176,0.55,1.0377,2,0.555,1.0471,380,0
SPY190731P299,2019-07-29,2019-07-29 09:38:09,0.56,1.0566,2963,0.55,1.0377,123,0.55,1.0377,2,0.555,1.0471,380,0
SPY190731P299,2019-07-29,2019-07-29 09:38:09,0.56,1.0566,1672,0.55,1.0377,159,0.55,1.0377,2,0.555,1.0471,380,0
SPY190731P299,2019-07-29,2019-07-29 09:38:10,0.56,1.0566,2929,0.55,1.0377,305,0.55,1.0377,2,0.555,1.0471,380,0
SPY190731P299,2019-07-29,2019-07-29 09:38:11,0.56,1.0566,1880,0.55,1.0377,255,0.56,1.0566,150,0.555,1.0471,530,150
SPY190731P299,2019-07-29,2019-07-29 09:38:11,0.56,1.0566,1599,0.55,1.0377,255,0.55,1.0377,2,0.555,1.0471,380,0
SPY190731P299,2019-07-29,2019-07-29 09:38:12,0.56,1.0566,2146,0.55,1.0377,255,0.56,1.0566,150,0.555,1.0471,530,0
SPY190731P299,2019-07-29,2019-07-29 09:38:13,0.56,1.0566,1686,0.55,1.0377,255,0.56,1.0566,150,0.555,1.0471,530,0
SPY190731P299,2019-07-29,2019-07-29 09:38:13,0.56,1.0566,2146,0.55,1.0377,255,0.56,1.0566,150,0.555,1.0471,530,0
SPY190731P299,2019-07-29,2019-07-29 09:38:14,0.56,1.0566,1393,0.55,1.0377,170,0.56,1.0566,150,0.555,1.0471,530,0
SPY190731P299,2019-07-29,2019-07-29 09:38:14,0.56,1.0566,1749,0.55,1.0377,255,0.56,1.0566,150,0.555,1.0471,530,0
SPY190731P299,2019-07-29,2019-07-29 09:38:15,0.56,1.0566,2272,0.55,1.0377,131,0.56,1.0566,150,0.555,1.0471,530,0
SPY190731P299,2019-07-29,2019-07-29 09:38:16,0.56,1.0566,996,0.55,1.0377,706,0.56,1.0566,150,0.555,1.0471,530,0
SPY190731P299,2019-07-29,2019-07-29 09:38:17,0.56,1.0566,2855,0.55,1.0377,187,0.56,1.0566,150,0.555,1.0471,530,0
SPY190731P299,2019-07-29,2019-07-29 09:38:17,0.56,1.0566,1507,0.55,1.0377,121,0.56,1.0566,150,0.555,1.0471,530,0
SPY190731P299,2019-07-29,2019-07-29 09:38:18,0.56,1.0566,2101,0.55,1.0377,138,0.56,1.0566,150,0.555,1.0471,530,0
SPY190731P299,2019-07-29,2019-07-29 09:38:19,0.56,1.0566,1659,0.55,1.0377,243,0.56,1.0566,150,0.555,1.0471,530,0
SPY190731P299,2019-07-29,2019-07-29 09:38:19,0.56,1.0566,2051,0.55,1.0377,100,0.56,1.0566,150,0.555,1.0471,530,0
SPY190731P299,2019-07-29,2019-07-29 09:38:20,0.56,1.0566,1659,0.55,1.0377,213,0.56,1.0566,150,0.555,1.0471,530,0
SPY190731P299,2019-07-29,2019-07-29 09:38:21,0.56,1.0566,1659,0.55,1.0377,169,0.56,1.0566,150,0.555,1.0471,530,0
SPY190731P299,2019-07-29,2019-07-29 09:38:21,0.56,1.0566,1308,0.55,1.0377,37,0.56,1.0566,150,0.555,1.0471,530,0
SPY190731P299,2019-07-29,2019-07-29 09:38:22,0.56,1.0566,655,0.55,1.0377,389,0.56,1.0566,150,0.555,1.0471,530,0
SPY190731P299,2019-07-29,2019-07-29 09:38:22,0.56,1.0566,731,0.55,1.0377,37,0.56,1.0566,150,0.555,1.0471,530,0
SPY190731P299,2019-07-29,2019-07-29 09:38:23,0.56,1.0566,635,0.55,1.0377,389,0.56,1.0566,150,0.555,1.0471,530,0
SPY190731P299,2019-07-29,2019-07-29 09:38:24,0.56,1.0566,898,0.55,1.0377,389,0.56,1.0566,150,0.555,1.0471,530,0
SPY190731P299,2019-07-29,2019-07-29 09:38:25,0.56,1.0566,548,0.55,1.0377,364,0.56,1.0566,150,0.555,1.0471,530,0
SPY190731P299,2019-07-29,2019-07-29 09:38:25,0.56,1.0566,358,0.55,1.0377,450,0.56,1.0566,150,0.555,1.0471,530,0
SPY190731P299,2019-07-29,2019-07-29 09:38:26,0.56,1.0566,540,0.55,1.0377,364,0.56,1.0566,150,0.555,1.0471,530,0
SPY190731P299,2019-07-29,2019-07-29 09:38:26,0.56,1.0566,556,0.55,1.0377,364,0.56,1.0566,150,0.555,1.0471,530,0
SPY190731P299,2019-07-29,2019-07-29 09:38:27,0.56,1.0566,1274,0.55,1.0377,364,0.56,1.0566,150,0.555,1.0471,530,0
SPY190731P299,2019-07-29,2019-07-29 09:38:28,0.56,1.0566,1185,0.55,1.0377,349,0.56,1.0566,150,0.555,1.0471,530,0
SPY190731P299,2019-07-29,2019-07-29 09:38:28,0.56,1.0566,1613,0.55,1.0377,364,0.56,1.0566,150,0.555,1.0471,530,0
SPY190731P299,2019-07-29,2019-07-29 09:38:29,0.56,1.0566,1445,0.55,1.0377,341,0.56,1.0566,150,0.555,1.0471,530,0
SPY190731P299,2019-07-29,2019-07-29 09:38:30,0.56,1.0566,218,0.55,1.0377,828,0.56,1.0566,150,0.555,1.0471,530,0
SPY190731P299,2019-07-29,2019-07-29 09:38:30,0.56,1.0566,300,0.55,1.0377,1484,0.56,1.0566,150,0.555,1.0471,530,0
SPY190731P299,2019-07-29,2019-07-29 09:38:31,0.56,1.0566,5,0.55,1.0377,2048,0.56,1.0566,150,0.555,1.0471,530,0
SPY190731P299,2019-07-29,2019-07-29 09:38:31,0.57,1.0754,2936,0.56,1.0566,5,0.56,1.0566,150,0.565,1.066,530,0
SPY190731P299,2019-07-29,2019-07-29 09:38:32,0.57,1.0754,2936,0.56,1.0566,5,0.56,1.0566,150,0.565,1.066,530,0
SPY190731P299,2019-07-29,2019-07-29 09:38:33,0.57,1.0754,2936,0.56,1.0566,5,0.56,1.0566,150,0.565,1.066,530,0
SPY190731P299,2019-07-29,2019-07-29 09:38:34,0.57,1.0754,2112,0.56,1.0566,5,0.56,1.0566,150,0.565,1.066,530,0
SPY190731P299,2019-07-29,2019-07-29 09:38:35,0.57,1.0754,1796,0.55,1.0377,2194,0.56,1.0566,150,0.56,1.0566,530,0
SPY190731P299,2019-07-29,2019-07-29 09:38:36,0.56,1.0566,5,0.55,1.0377,2076,0.56,1.0566,150,0.555,1.0471,530,0
SPY190731P299,2019-07-29,2019-07-29 09:38:36,0.56,1.0566,5,0.55,1.0377,2090,0.56,1.0566,150,0.555,1.0471,530,0
SPY190731P299,2019-07-29,2019-07-29 09:38:37,0.56,1.0566,10,0.55,1.0377,2083,0.56,1.0566,150,0.555,1.0471,530,0
SPY190731P299,2019-07-29,2019-07-29 09:38:37,0.56,1.0566,200,0.55,1.0377,1105,0.56,1.0566,150,0.555,1.0471,530,0
SPY190731P299,2019-07-29,2019-07-29 09:38:38,0.57,1.0754,1162,0.56,1.0566,5,0.56,1.0566,150,0.565,1.066,530,0
SPY190731P299,2019-07-29,2019-07-29 09:38:39,0.57,1.0754,2983,0.56,1.0566,203,0.56,1.0566,150,0.565,1.066,530,0
SPY190731P299,2019-07-29,2019-07-29 09:38:39,0.57,1.0754,2949,0.56,1.0566,203,0.56,1.0566,150,0.565,1.066,530,0
SPY190731P299,2019-07-29,2019-07-29 09:38:40,0.57,1.0754,3042,0.56,1.0566,203,0.56,1.0566,150,0.565,1.066,530,0
SPY190731P299,2019-07-29,2019-07-29 09:38:41,0.57,1.0754,3042,0.56,1.0566,203,0.56,1.0566,150,0.565,1.066,530,0
SPY190731P299,2019-07-29,2019-07-29 09:38:42,0.57,1.0754,3042,0.56,1.0566,203,0.56,1.0566,150,0.565,1.066,530,0
SPY190731P299,2019-07-29,2019-07-29 09:38:43,0.56,1.0566,9,0.55,1.0377,900,0.56,1.0566,150,0.555,1.0471,530,0
SPY190731P299,2019-07-29,2019-07-29 09:38:43,0.56,1.0566,278,0.55,1.0377,898,0.56,1.0566,150,0.555,1.0471,530,0
SPY190731P299,2019-07-29,2019-07-29 09:38:44,0.56,1.0566,278,0.55,1.0377,927,0.56,1.0566,150,0.555,1.0471,530,0
SPY190731P299,2019-07-29,2019-07-29 09:38:45,0.56,1.0566,224,0.55,1.0377,1121,0.56,1.0566,150,0.555,1.0471,530,0
SPY190731P299,2019-07-29,2019-07-29 09:38:45,0.56,1.0566,224,0.55,1.0377,927,0.56,1.0566,150,0.555,1.0471,530,0
SPY190731P299,2019-07-29,2019-07-29 09:38:46,0.56,1.0566,192,0.55,1.0377,1270,0.56,1.0566,150,0.555,1.0471,530,0
SPY190731P299,2019-07-29,2019-07-29 09:38:47,0.56,1.0566,3,0.55,1.0377,1270,0.56,1.0566,150,0.555,1.0471,530,0
SPY190731P299,2019-07-29,2019-07-29 09:38:47,0.57,1.0754,2758,0.55,1.0377,2738,0.56,1.0566,150,0.56,1.0566,530,0
SPY190731P299,2019-07-29,2019-07-29 09:38:48,0.57,1.0754,1915,0.56,1.0566,225,0.56,1.0566,150,0.565,1.066,530,0
SPY190731P299,2019-07-29,2019-07-29 09:38:49,0.57,1.0754,1958,0.56,1.0566,225,0.56,1.0566,150,0.565,1.066,530,0
SPY190731P299,2019-07-29,2019-07-29 09:38:49,0.57,1.0754,2114,0.56,1.0566,225,0.56,1.0566,150,0.565,1.066,530,0
SPY190731P299,2019-07-29,2019-07-29 09:38:50,0.57,1.0754,2114,0.56,1.0566,225,0.56,1.0566,150,0.565,1.066,530,0
SPY190731P299,2019-07-29,2019-07-29 09:38:51,0.57,1.0754,2114,0.56,1.0566,225,0.56,1.0566,150,0.565,1.066,530,0
SPY190731P299,2019-07-29,2019-07-29 09:38:51,0.57,1.0754,3115,0.56,1.0566,225,0.56,1.0566,150,0.565,1.066,530,0
SPY190731P299,2019-07-29,2019-07-29 09:38:52,0.57,1.0754,1255,0.56,1.0566,225,0.56,1.0566,150,0.565,1.066,530,0
SPY190731P299,2019-07-29,2019-07-29 09:38:53,0.57,1.0754,3230,0.56,1.0566,171,0.56,1.0566,150,0.565,1.066,530,0
SPY190731P299,2019-07-29,2019-07-29 09:38:53,0.57,1.0754,2822,0.56,1.0566,251,0.56,1.0566,150,0.565,1.066,530,0
SPY190731P299,2019-07-29,2019-07-29 09:38:54,0.57,1.0754,3230,0.56,1.0566,251,0.56,1.0566,150,0.565,1.066,530,0
SPY190731P299,2019-07-29,2019-07-29 09:38:55,0.57,1.0754,2992,0.55,1.0377,1194,0.56,1.0566,150,0.56,1.0566,530,0
SPY190731P299,2019-07-29,2019-07-29 09:38:56,0.56,1.0566,5,0.55,1.0377,1374,0.56,1.0566,150,0.555,1.0471,530,0
SPY190731P299,2019-07-29,2019-07-29 09:38:56,0.57,1.0754,2992,0.55,1.0377,1272,0.56,1.0566,150,0.56,1.0566,530,0
SPY190731P299,2019-07-29,2019-07-29 09:38:57,0.57,1.0754,1993,0.56,1.0566,250,0.56,1.0566,150,0.565,1.066,530,0
SPY190731P299,2019-07-29,2019-07-29 09:38:57,0.57,1.0754,2043,0.56,1.0566,5,0.56,1.0566,150,0.565,1.066,530,0
SPY190731P299,2019-07-29,2019-07-29 09:38:58,0.56,1.0566,5,0.55,1.0377,1675,0.56,1.0566,150,0.555,1.0471,530,0
SPY190731P299,2019-07-29,2019-07-29 09:38:59,0.56,1.0566,10,0.55,1.0377,1284,0.56,1.0566,150,0.555,1.0471,530,0
SPY190731P299,2019-07-29,2019-07-29 09:39:00,0.56,1.0566,5,0.55,1.0377,1022,0.56,1.0566,150,0.555,1.0471,530,0
SPY190731P299,2019-07-29,2019-07-29 09:39:00,0.56,1.0566,5,0.55,1.0377,1836,0.56,1.0566,150,0.555,1.0471,530,0
SPY190731P299,2019-07-29,2019-07-29 09:39:01,0.56,1.0566,90,0.55,1.0377,1005,0.56,1.0566,150,0.555,1.0471,530,0
SPY190731P299,2019-07-29,2019-07-29 09:39:02,0.57,1.0754,2034,0.56,1.0566,278,0.56,1.0566,150,0.565,1.066,530,0
SPY190731P299,2019-07-29,2019-07-29 09:39:02,0.57,1.0754,1627,0.56,1.0566,5,0.56,1.0566,150,0.565,1.066,530,0
SPY190731P299,2019-07-29,2019-07-29 09:39:03,0.57,1.0754,1347,0.56,1.0566,278,0.56,1.0566,150,0.565,1.066,530,0
SPY190731P299,2019-07-29,2019-07-29 09:39:04,0.57,1.0754,218,0.56,1.0566,278,0.56,1.0566,150,0.565,1.066,530,0
SPY190731P299,2019-07-29,2019-07-29 09:39:04,0.57,1.0754,766,0.56,1.0566,205,0.56,1.0566,150,0.565,1.066,530,0
SPY190731P299,2019-07-29,2019-07-29 09:39:05,0.57,1.0754,651,0.56,1.0566,243,0.56,1.0566,150,0.565,1.066,530,0
SPY190731P299,2019-07-29,2019-07-29 09:39:06,0.57,1.0754,1654,0.56,1.0566,340,0.56,1.0566,150,0.565,1.066,530,0
SPY190731P299,2019-07-29,2019-07-29 09:39:07,0.57,1.0754,893,0.56,1.0566,340,0.56,1.0566,150,0.565,1.066,530,0
SPY190731P299,2019-07-29,2019-07-29 09:39:07,0.57,1.0754,1915,0.56,1.0566,340,0.56,1.0566,150,0.565,1.066,530,0
SPY190731P299,2019-07-29,2019-07-29 09:39:08,0.57,1.0754,1915,0.56,1.0566,677,0.56,1.0566,150,0.565,1.066,530,0
SPY190731P299,2019-07-29,2019-07-29 09:39:08,0.57,1.0754,1721,0.56,1.0566,677,0.56,1.0566,150,0.565,1.066,530,0
SPY190731P299,2019-07-29,2019-07-29 09:39:09,0.57,1.0754,1643,0.56,1.0566,677,0.56,1.0566,150,0.565,1.066,530,0
SPY190731P299,2019-07-29,2019-07-29 09:39:10,0.57,1.0754,2063,0.56,1.0566,648,0.56,1.0566,150,0.565,1.066,530,0
SPY190731P299,2019-07-29,2019-07-29 09:39:11,0.57,1.0754,1947,0.56,1.0566,648,0.56,1.0566,150,0.565,1.066,530,0
SPY190731P299,2019-07-29,2019-07-29 09:39:12,0.57,1.0754,1947,0.56,1.0566,1,0.56,1.0566,150,0.565,1.066,530,0
SPY190731P299,2019-07-29,2019-07-29 09:39:12,0.57,1.0754,1947,0.55,1.0377,2103,0.56,1.0566,150,0.56,1.0566,530,0
SPY190731P299,2019-07-29,2019-07-29 09:39:13,0.57,1.0754,1947,0.55,1.0377,1735,0.56,1.0566,150,0.56,1.0566,530,0
SPY190731P299,2019-07-29,2019-07-29 09:39:14,0.57,1.0754,1947,0.55,1.0377,1369,0.56,1.0566,150,0.56,1.0566,530,0
SPY190731P299,2019-07-29,2019-07-29 09:39:14,0.56,1.0566,5,0.55,1.0377,2207,0.56,1.0566,150,0.555,1.0471,530,0
SPY190731P299,2019-07-29,2019-07-29 09:39:15,0.56,1.0566,5,0.55,1.0377,1407,0.56,1.0566,150,0.555,1.0471,530,0
SPY190731P299,2019-07-29,2019-07-29 09:39:16,0.56,1.0566,100,0.55,1.0377,1079,0.56,1.0566,150,0.555,1.0471,530,0
SPY190731P299,2019-07-29,2019-07-29 09:39:16,0.56,1.0566,74,0.55,1.0377,2015,0.56,1.0566,150,0.555,1.0471,530,0
SPY190731P299,2019-07-29,2019-07-29 09:39:17,0.56,1.0566,79,0.55,1.0377,1713,0.56,1.0566,150,0.555,1.0471,530,0
SPY190731P299,2019-07-29,2019-07-29 09:39:18,0.57,1.0754,3425,0.55,1.0377,2091,0.56,1.0566,150,0.56,1.0566,530,0
SPY190731P299,2019-07-29,2019-07-29 09:39:18,0.56,1.0566,54,0.55,1.0377,2091,0.56,1.0566,150,0.555,1.0471,530,0
SPY190731P299,2019-07-29,2019-07-29 09:39:19,0.57,1.0754,3425,0.55,1.0377,979,0.56,1.0566,150,0.56,1.0566,530,0
SPY190731P299,2019-07-29,2019-07-29 09:39:20,0.56,1.0566,196,0.55,1.0377,1470,0.56,1.0566,150,0.555,1.0471,530,0
SPY190731P299,2019-07-29,2019-07-29 09:39:20,0.56,1.0566,196,0.55,1.0377,2131,0.56,1.0566,150,0.555,1.0471,530,0
SPY190731P299,2019-07-29,2019-07-29 09:39:21,0.56,1.0566,196,0.55,1.0377,2143,0.56,1.0566,150,0.555,1.0471,530,0
SPY190731P299,2019-07-29,2019-07-29 09:39:22,0.56,1.0566,196,0.55,1.0377,2337,0.56,1.0566,150,0.555,1.0471,530,0
SPY190731P299,2019-07-29,2019-07-29 09:39:23,0.56,1.0566,196,0.55,1.0377,560,0.56,1.0566,150,0.555,1.0471,530,0
SPY190731P299,2019-07-29,2019-07-29 09:39:23,0.56,1.0566,477,0.55,1.0377,379,0.56,1.0566,150,0.555,1.0471,530,0
SPY190731P299,2019-07-29,2019-07-29 09:39:24,0.56,1.0566,300,0.55,1.0377,888,0.56,1.0566,150,0.555,1.0471,530,0
SPY190731P299,2019-07-29,2019-07-29 09:39:25,0.56,1.0566,110,0.55,1.0377,2247,0.56,1.0566,150,0.555,1.0471,530,0
SPY190731P299,2019-07-29,2019-07-29 09:39:25,0.56,1.0566,110,0.55,1.0377,1644,0.56,1.0566,150,0.555,1.0471,530,0
SPY190731P299,2019-07-29,2019-07-29 09:39:26,0.56,1.0566,110,0.55,1.0377,2247,0.56,1.0566,150,0.555,1.0471,530,0
SPY190731P299,2019-07-29,2019-07-29 09:39:27,0.56,1.0566,110,0.55,1.0377,2247,0.56,1.0566,150,0.555,1.0471,530,0
SPY190731P299,2019-07-29,2019-07-29 09:39:28,0.56,1.0566,110,0.55,1.0377,1055,0.56,1.0566,150,0.555,1.0471,530,0
SPY190731P299,2019-07-29,2019-07-29 09:39:29,0.56,1.0566,1371,0.55,1.0377,307,0.56,1.0566,150,0.555,1.0471,530,0
SPY190731P299,2019-07-29,2019-07-29 09:39:30,0.56,1.0566,2980,0.55,1.0377,226,0.56,1.0566,150,0.555,1.0471,530,0
SPY190731P299,2019-07-29,2019-07-29 09:39:31,0.56,1.0566,2823,0.54,1.0188,1425,0.56,1.0566,150,0.55,1.0377,530,0
SPY190731P299,2019-07-29,2019-07-29 09:39:32,0.55,1.0377,283,0.54,1.0188,1548,0.56,1.0566,150,0.545,1.0283,530,0
SPY190731P299,2019-07-29,2019-07-29 09:39:34,0.56,1.0566,2275,0.55,1.0377,110,0.56,1.0566,150,0.555,1.0471,530,0
SPY190731P299,2019-07-29,2019-07-29 09:39:34,0.56,1.0566,3345,0.55,1.0377,110,0.56,1.0566,150,0.555,1.0471,530,0
SPY190731P299,2019-07-29,2019-07-29 09:39:35,0.56,1.0566,2224,0.55,1.0377,6,0.56,1.0566,150,0.555,1.0471,530,0
SPY190731P299,2019-07-29,2019-07-29 09:39:36,0.56,1.0566,2224,0.55,1.0377,7,0.56,1.0566,150,0.555,1.0471,530,0
SPY190731P299,2019-07-29,2019-07-29 09:39:37,0.56,1.0566,3156,0.55,1.0377,7,0.56,1.0566,150,0.555,1.0471,530,0
SPY190731P299,2019-07-29,2019-07-29 09:39:37,0.56,1.0566,3288,0.55,1.0377,6,0.56,1.0566,150,0.555,1.0471,530,0
SPY190731P299,2019-07-29,2019-07-29 09:39:38,0.56,1.0566,3129,0.55,1.0377,6,0.56,1.0566,150,0.555,1.0471,530,0
SPY190731P299,2019-07-29,2019-07-29 09:39:39,0.56,1.0566,1818,0.55,1.0377,810,0.56,1.0566,150,0.555,1.0471,530,0
SPY190731P299,2019-07-29,2019-07-29 09:39:39,0.56,1.0566,1218,0.55,1.0377,810,0.56,1.0566,150,0.555,1.0471,530,0
SPY190731P299,2019-07-29,2019-07-29 09:39:40,0.56,1.0566,596,0.55,1.0377,810,0.56,1.0566,150,0.555,1.0471,530,0
SPY190731P299,2019-07-29,2019-07-29 09:39:41,0.56,1.0566,996,0.55,1.0377,991,0.56,1.0566,150,0.555,1.0471,530,0
SPY190731P299,2019-07-29,2019-07-29 09:39:41,0.56,1.0566,676,0.55,1.0377,882,0.56,1.0566,150,0.555,1.0471,530,0
SPY190731P299,2019-07-29,2019-07-29 09:39:42,0.56,1.0566,1225,0.55,1.0377,336,0.56,1.0566,150,0.555,1.0471,530,0
SPY190731P299,2019-07-29,2019-07-29 09:39:43,0.56,1.0566,1389,0.55,1.0377,336,0.56,1.0566,150,0.555,1.0471,530,0
SPY190731P299,2019-07-29,2019-07-29 09:39:44,0.56,1.0566,459,0.55,1.0377,1078,0.56,1.0566,150,0.555,1.0471,530,0
SPY190731P299,2019-07-29,2019-07-29 09:39:44,0.56,1.0566,1838,0.55,1.0377,354,0.56,1.0566,150,0.555,1.0471,530,0
SPY190731P299,2019-07-29,2019-07-29 09:39:47,0.56,1.0566,290,0.55,1.0377,1853,0.56,1.0566,150,0.555,1.0471,530,0
SPY190731P299,2019-07-29,2019-07-29 09:39:48,0.56,1.0566,290,0.55,1.0377,1853,0.56,1.0566,150,0.555,1.0471,530,0
SPY190731P299,2019-07-29,2019-07-29 09:39:49,0.56,1.0566,290,0.55,1.0377,1853,0.56,1.0566,150,0.555,1.0471,530,0
SPY190731P299,2019-07-29,2019-07-29 09:39:50,0.56,1.0566,290,0.55,1.0377,1894,0.56,1.0566,150,0.555,1.0471,530,0
SPY190731P299,2019-07-29,2019-07-29 09:39:51,0.56,1.0566,290,0.55,1.0377,1894,0.56,1.0566,150,0.555,1.0471,530,0
SPY190731P299,2019-07-29,2019-07-29 09:39:52,0.56,1.0566,290,0.55,1.0377,1894,0.56,1.0566,150,0.555,1.0471,530,0
SPY190731P299,2019-07-29,2019-07-29 09:39:53,0.56,1.0566,290,0.55,1.0377,1894,0.56,1.0566,150,0.555,1.0471,530,0
SPY190731P299,2019-07-29,2019-07-29 09:39:54,0.56,1.0566,290,0.55,1.0377,1894,0.56,1.0566,150,0.555,1.0471,530,0
SPY190731P299,2019-07-29,2019-07-29 09:39:55,0.56,1.0566,206,0.55,1.0377,1894,0.56,1.0566,150,0.555,1.0471,530,0
SPY190731P299,2019-07-29,2019-07-29 09:39:56,0.56,1.0566,219,0.55,1.0377,1359,0.56,1.0566,150,0.555,1.0471,530,0
SPY190731P299,2019-07-29,2019-07-29 09:39:57,0.56,1.0566,219,0.55,1.0377,1359,0.56,1.0566,150,0.555,1.0471,530,0
SPY190731P299,2019-07-29,2019-07-29 09:39:58,0.57,1.0754,1134,0.56,1.0566,253,0.56,1.0566,150,0.565,1.066,530,0
SPY190731P299,2019-07-29,2019-07-29 09:39:59,0.57,1.0754,2049,0.56,1.0566,6,0.56,1.0566,150,0.565,1.066,530,0
SPY190731P299,2019-07-29,2019-07-29 09:39:59,0.57,1.0754,1099,0.56,1.0566,48,0.56,1.0566,150,0.565,1.066,530,0
SPY190731P299,2019-07-29,2019-07-29 09:40:00,0.56,1.0566,5,0.55,1.0377,1206,0.56,1.0566,150,0.555,1.0471,530,0
SPY190731P299,2019-07-29,2019-07-29 09:40:01,0.56,1.0566,247,0.55,1.0377,1365,0.56,1.0566,150,0.555,1.0471,530,0
SPY190731P299,2019-07-29,2019-07-29 09:40:02,0.56,1.0566,207,0.55,1.0377,1587,0.56,1.0566,150,0.555,1.0471,530,0
SPY190731P299,2019-07-29,2019-07-29 09:40:03,0.56,1.0566,5,0.55,1.0377,1781,0.56,1.0566,150,0.555,1.0471,530,0
SPY190731P299,2019-07-29,2019-07-29 09:40:04,0.56,1.0566,5,0.55,1.0377,1781,0.56,1.0566,150,0.555,1.0471,530,0
SPY190731P299,2019-07-29,2019-07-29 09:40:05,0.57,1.0754,866,0.56,1.0566,395,0.56,1.0566,150,0.565,1.066,530,0
SPY190731P299,2019-07-29,2019-07-29 09:40:06,0.57,1.0754,1052,0.56,1.0566,533,0.56,1.0566,150,0.565,1.066,530,0
SPY190731P299,2019-07-29,2019-07-29 09:40:06,0.57,1.0754,866,0.56,1.0566,533,0.56,1.0566,150,0.565,1.066,530,0
SPY190731P299,2019-07-29,2019-07-29 09:40:09,0.58,1.0943,3334,0.56,1.0566,1572,0.56,1.0566,150,0.57,1.0754,530,0
SPY190731P299,2019-07-29,2019-07-29 09:40:10,0.58,1.0943,3334,0.57,1.0754,7,0.56,1.0566,150,0.575,1.0849,530,0
SPY190731P299,2019-07-29,2019-07-29 09:40:11,0.58,1.0943,690,0.57,1.0754,7,0.56,1.0566,150,0.575,1.0849,530,0
SPY190731P299,2019-07-29,2019-07-29 09:40:12,0.58,1.0943,779,0.57,1.0754,1558,0.56,1.0566,150,0.575,1.0849,530,0
SPY190731P299,2019-07-29,2019-07-29 09:40:12,0.58,1.0943,779,0.57,1.0754,707,0.56,1.0566,150,0.575,1.0849,530,0
SPY190731P299,2019-07-29,2019-07-29 09:40:13,0.58,1.0943,779,0.57,1.0754,1533,0.56,1.0566,150,0.575,1.0849,530,0
SPY190731P299,2019-07-29,2019-07-29 09:40:14,0.58,1.0943,1645,0.57,1.0754,172,0.56,1.0566,150,0.575,1.0849,530,0
SPY190731P299,2019-07-29,2019-07-29 09:40:14,0.58,1.0943,779,0.57,1.0754,1533,0.56,1.0566,150,0.575,1.0849,530,0
SPY190731P299,2019-07-29,2019-07-29 09:40:15,0.58,1.0943,841,0.57,1.0754,1188,0.56,1.0566,150,0.575,1.0849,530,0
SPY190731P299,2019-07-29,2019-07-29 09:40:16,0.58,1.0943,841,0.57,1.0754,1188,0.56,1.0566,150,0.575,1.0849,530,0
SPY190731P299,2019-07-29,2019-07-29 09:40:17,0.58,1.0943,820,0.57,1.0754,1670,0.56,1.0566,150,0.575,1.0849,530,0
SPY190731P299,2019-07-29,2019-07-29 09:40:18,0.58,1.0943,239,0.57,1.0754,1639,0.56,1.0566,150,0.575,1.0849,530,0
SPY190731P299,2019-07-29,2019-07-29 09:40:18,0.58,1.0943,239,0.57,1.0754,1193,0.56,1.0566,150,0.575,1.0849,530,0
SPY190731P299,2019-07-29,2019-07-29 09:40:19,0.58,1.0943,312,0.57,1.0754,942,0.56,1.0566,150,0.575,1.0849,530,0
SPY190731P299,2019-07-29,2019-07-29 09:40:20,0.58,1.0943,312,0.57,1.0754,1484,0.56,1.0566,150,0.575,1.0849,530,0
SPY190731P299,2019-07-29,2019-07-29 09:40:21,0.58,1.0943,312,0.57,1.0754,1659,0.56,1.0566,150,0.575,1.0849,530,0
SPY190731P299,2019-07-29,2019-07-29 09:40:22,0.58,1.0943,312,0.57,1.0754,3026,0.56,1.0566,150,0.575,1.0849,530,0
SPY190731P299,2019-07-29,2019-07-29 09:40:22,0.58,1.0943,312,0.57,1.0754,3086,0.56,1.0566,150,0.575,1.0849,530,0
SPY190731P299,2019-07-29,2019-07-29 09:40:23,0.58,1.0943,312,0.57,1.0754,3098,0.56,1.0566,150,0.575,1.0849,530,0
SPY190731P299,2019-07-29,2019-07-29 09:40:24,0.58,1.0943,312,0.57,1.0754,3098,0.56,1.0566,150,0.575,1.0849,530,0
SPY190731P299,2019-07-29,2019-07-29 09:40:25,0.58,1.0943,312,0.57,1.0754,2129,0.56,1.0566,150,0.575,1.0849,530,0
SPY190731P299,2019-07-29,2019-07-29 09:40:25,0.58,1.0943,312,0.57,1.0754,3098,0.56,1.0566,150,0.575,1.0849,530,0
SPY190731P299,2019-07-29,2019-07-29 09:40:26,0.58,1.0943,312,0.57,1.0754,3107,0.56,1.0566,150,0.575,1.0849,530,0
SPY190731P299,2019-07-29,2019-07-29 09:40:27,0.58,1.0943,312,0.57,1.0754,2691,0.56,1.0566,150,0.575,1.0849,530,0
SPY190731P299,2019-07-29,2019-07-29 09:40:27,0.58,1.0943,2,0.57,1.0754,1309,0.56,1.0566,150,0.575,1.0849,530,0
SPY190731P299,2019-07-29,2019-07-29 09:40:28,0.58,1.0943,2,0.57,1.0754,1964,0.56,1.0566,150,0.575,1.0849,530,0
SPY190731P299,2019-07-29,2019-07-29 09:40:29,0.58,1.0943,2,0.57,1.0754,3006,0.56,1.0566,150,0.575,1.0849,530,0
SPY190731P299,2019-07-29,2019-07-29 09:40:29,0.58,1.0943,2,0.57,1.0754,2068,0.56,1.0566,150,0.575,1.0849,530,0
SPY190731P299,2019-07-29,2019-07-29 09:40:30,0.59,1.1132,682,0.58,1.0943,409,0.58,1.0943,2,0.585,1.1037,532,2
SPY190731P299,2019-07-29,2019-07-29 09:40:31,0.59,1.1132,682,0.58,1.0943,247,0.58,1.0943,2,0.585,1.1037,532,0
SPY190731P299,2019-07-29,2019-07-29 09:40:31,0.59,1.1132,1084,0.58,1.0943,1699,0.58,1.0943,2,0.585,1.1037,532,0
SPY190731P299,2019-07-29,2019-07-29 09:40:32,0.59,1.1132,108,0.58,1.0943,2415,0.58,1.0943,2,0.585,1.1037,532,0
SPY190731P299,2019-07-29,2019-07-29 09:40:33,0.59,1.1132,101,0.58,1.0943,1999,0.58,1.0943,2,0.585,1.1037,532,0
SPY190731P299,2019-07-29,2019-07-29 09:40:34,0.59,1.1132,5,0.58,1.0943,2645,0.58,1.0943,2,0.585,1.1037,532,0
SPY190731P299,2019-07-29,2019-07-29 09:40:34,0.59,1.1132,146,0.58,1.0943,1209,0.58,1.0943,2,0.585,1.1037,532,0
SPY190731P299,2019-07-29,2019-07-29 09:40:36,0.59,1.1132,109,0.58,1.0943,1661,0.58,1.0943,2,0.585,1.1037,532,0
SPY190731P299,2019-07-29,2019-07-29 09:40:37,0.59,1.1132,5,0.58,1.0943,1706,0.58,1.0943,2,0.585,1.1037,532,0
SPY190731P299,2019-07-29,2019-07-29 09:40:38,0.59,1.1132,5,0.58,1.0943,1661,0.58,1.0943,2,0.585,1.1037,532,0
SPY190731P299,2019-07-29,2019-07-29 09:40:39,0.59,1.1132,5,0.58,1.0943,1661,0.58,1.0943,2,0.585,1.1037,532,0
SPY190731P299,2019-07-29,2019-07-29 09:40:40,0.59,1.1132,5,0.58,1.0943,1628,0.58,1.0943,2,0.585,1.1037,532,0
SPY190731P299,2019-07-29,2019-07-29 09:40:41,0.59,1.1132,5,0.58,1.0943,670,0.58,1.0943,2,0.585,1.1037,532,0
SPY190731P299,2019-07-29,2019-07-29 09:40:41,0.59,1.1132,5,0.58,1.0943,1197,0.58,1.0943,2,0.585,1.1037,532,0
SPY190731P299,2019-07-29,2019-07-29 09:40:42,0.59,1.1132,5,0.58,1.0943,1403,0.58,1.0943,2,0.585,1.1037,532,0
SPY190731P299,2019-07-29,2019-07-29 09:40:42,0.59,1.1132,5,0.58,1.0943,1564,0.58,1.0943,2,0.585,1.1037,532,0
SPY190731P299,2019-07-29,2019-07-29 09:40:43,0.59,1.1132,5,0.58,1.0943,2469,0.58,1.0943,2,0.585,1.1037,532,0
SPY190731P299,2019-07-29,2019-07-29 09:40:44,0.6,1.132,866,0.58,1.0943,851,0.58,1.0943,2,0.59,1.1132,532,0
SPY190731P299,2019-07-29,2019-07-29 09:40:44,0.59,1.1132,5,0.58,1.0943,920,0.58,1.0943,2,0.585,1.1037,532,0
SPY190731P299,2019-07-29,2019-07-29 09:40:45,0.59,1.1132,5,0.58,1.0943,1750,0.58,1.0943,2,0.585,1.1037,532,0
SPY190731P299,2019-07-29,2019-07-29 09:40:46,0.6,1.132,1030,0.59,1.1132,287,0.58,1.0943,2,0.595,1.1226,532,0
SPY190731P299,2019-07-29,2019-07-29 09:40:47,0.6,1.132,289,0.59,1.1132,838,0.58,1.0943,2,0.595,1.1226,532,0
SPY190731P299,2019-07-29,2019-07-29 09:40:48,0.59,1.1132,100,0.58,1.0943,1728,0.58,1.0943,2,0.585,1.1037,532,0
SPY190731P299,2019-07-29,2019-07-29 09:40:49,0.59,1.1132,10,0.58,1.0943,1718,0.58,1.0943,2,0.585,1.1037,532,0
SPY190731P299,2019-07-29,2019-07-29 09:40:50,0.59,1.1132,148,0.58,1.0943,1458,0.58,1.0943,2,0.585,1.1037,532,0
SPY190731P299,2019-07-29,2019-07-29 09:40:50,0.59,1.1132,100,0.58,1.0943,1621,0.58,1.0943,2,0.585,1.1037,532,0
SPY190731P299,2019-07-29,2019-07-29 09:40:51,0.59,1.1132,148,0.58,1.0943,1127,0.58,1.0943,2,0.585,1.1037,532,0
SPY190731P299,2019-07-29,2019-07-29 09:40:52,0.59,1.1132,683,0.58,1.0943,1127,0.58,1.0943,2,0.585,1.1037,532,0
SPY190731P299,2019-07-29,2019-07-29 09:40:53,0.59,1.1132,795,0.58,1.0943,1594,0.58,1.0943,2,0.585,1.1037,532,0
SPY190731P299,2019-07-29,2019-07-29 09:40:53,0.59,1.1132,609,0.58,1.0943,1029,0.58,1.0943,2,0.585,1.1037,532,0
SPY190731P299,2019-07-29,2019-07-29 09:40:54,0.59,1.1132,240,0.58,1.0943,905,0.58,1.0943,2,0.585,1.1037,532,0
SPY190731P299,2019-07-29,2019-07-29 09:40:55,0.59,1.1132,328,0.58,1.0943,1373,0.58,1.0943,2,0.585,1.1037,532,0
SPY190731P299,2019-07-29,2019-07-29 09:40:55,0.59,1.1132,148,0.58,1.0943,992,0.58,1.0943,2,0.585,1.1037,532,0
