symbol,Date,quote_time,ask_price,norm_ask_price,ask_size,bid_price,norm_bid_price,bid_size,last_trade_price,norm_last_trade_price,last_trade_size,mark_price,norm_mark_price,volume,Volume
SPY190805P290,2019-08-02,2019-08-02 09:30:12,0.69,1.0,432,0.65,0.942,341,0.7,1.0144,3,0.67,0.971,19,19
SPY190805P290,2019-08-02,2019-08-02 09:30:36,0.67,0.971,99,0.65,0.942,5,0.65,0.942,1,0.66,0.9565,42,23
SPY190805P290,2019-08-02,2019-08-02 09:30:44,0.67,0.971,5,0.66,0.9565,5,0.65,0.942,5,0.665,0.9637,47,5
SPY190805P290,2019-08-02,2019-08-02 09:30:49,0.67,0.971,4,0.66,0.9565,140,0.67,0.971,1,0.665,0.9637,48,1
SPY190805P290,2019-08-02,2019-08-02 09:30:53,0.67,0.971,4,0.66,0.9565,90,0.67,0.971,1,0.665,0.9637,48,0
SPY190805P290,2019-08-02,2019-08-02 09:30:55,0.67,0.971,5,0.66,0.9565,5,0.67,0.971,1,0.665,0.9637,48,0
SPY190805P290,2019-08-02,2019-08-02 09:30:56,0.68,0.9855,221,0.66,0.9565,273,0.66,0.9565,2,0.67,0.971,50,2
SPY190805P290,2019-08-02,2019-08-02 09:30:57,0.68,0.9855,153,0.66,0.9565,294,0.66,0.9565,1,0.67,0.971,51,1
SPY190805P290,2019-08-02,2019-08-02 09:30:59,0.68,0.9855,221,0.66,0.9565,167,0.66,0.9565,1,0.67,0.971,51,0
SPY190805P290,2019-08-02,2019-08-02 09:31:00,0.68,0.9855,221,0.66,0.9565,167,0.66,0.9565,1,0.67,0.971,51,0
SPY190805P290,2019-08-02,2019-08-02 09:31:01,0.7,1.0144,1,0.67,0.971,1,0.67,0.971,4,0.685,0.9927,65,14
SPY190805P290,2019-08-02,2019-08-02 09:31:03,0.7,1.0144,5,0.69,1.0,5,0.67,0.971,4,0.695,1.0072,65,0
SPY190805P290,2019-08-02,2019-08-02 09:31:04,0.7,1.0144,5,0.69,1.0,90,0.67,0.971,4,0.695,1.0072,65,0
SPY190805P290,2019-08-02,2019-08-02 09:31:05,0.71,1.0289,100,0.69,1.0,120,0.7,1.0144,1,0.7,1.0144,66,1
SPY190805P290,2019-08-02,2019-08-02 09:31:07,0.71,1.0289,5,0.69,1.0,180,0.7,1.0144,1,0.7,1.0144,66,0
SPY190805P290,2019-08-02,2019-08-02 09:31:07,0.71,1.0289,109,0.7,1.0144,686,0.7,1.0144,1,0.705,1.0217,66,0
SPY190805P290,2019-08-02,2019-08-02 09:31:08,0.73,1.0579,206,0.71,1.0289,400,0.7,1.0144,1,0.72,1.0434,66,0
SPY190805P290,2019-08-02,2019-08-02 09:31:11,0.74,1.0724,251,0.72,1.0434,5,0.7,1.0144,1,0.73,1.0579,66,0
SPY190805P290,2019-08-02,2019-08-02 09:31:13,0.76,1.1014,231,0.73,1.0579,400,0.7,1.0144,1,0.745,1.0797,66,0
SPY190805P290,2019-08-02,2019-08-02 09:31:14,0.75,1.0869,5,0.74,1.0724,5,0.7,1.0144,1,0.745,1.0797,66,0
SPY190805P290,2019-08-02,2019-08-02 09:31:15,0.76,1.1014,202,0.74,1.0724,5,0.7,1.0144,1,0.75,1.0869,66,0
SPY190805P290,2019-08-02,2019-08-02 09:31:16,0.78,1.1304,25,0.74,1.0724,480,0.7,1.0144,1,0.76,1.1014,66,0
SPY190805P290,2019-08-02,2019-08-02 09:31:18,0.79,1.1449,50,0.76,1.1014,50,0.7,1.0144,1,0.775,1.1231,66,0
SPY190805P290,2019-08-02,2019-08-02 09:31:19,0.79,1.1449,50,0.77,1.1159,5,0.7,1.0144,1,0.78,1.1304,66,0
SPY190805P290,2019-08-02,2019-08-02 09:31:20,0.81,1.1739,5,0.79,1.1449,80,0.7,1.0144,1,0.8,1.1594,66,0
SPY190805P290,2019-08-02,2019-08-02 09:31:24,0.79,1.1449,5,0.77,1.1159,5,0.7,1.0144,1,0.78,1.1304,66,0
SPY190805P290,2019-08-02,2019-08-02 09:31:24,0.78,1.1304,5,0.76,1.1014,118,0.7,1.0144,1,0.77,1.1159,66,0
SPY190805P290,2019-08-02,2019-08-02 09:31:26,0.78,1.1304,5,0.76,1.1014,5,0.7,1.0144,1,0.77,1.1159,66,0
SPY190805P290,2019-08-02,2019-08-02 09:31:26,0.78,1.1304,5,0.75,1.0869,233,0.7,1.0144,1,0.765,1.1086,66,0
SPY190805P290,2019-08-02,2019-08-02 09:31:27,0.78,1.1304,1,0.75,1.0869,137,0.7,1.0144,1,0.765,1.1086,66,0
SPY190805P290,2019-08-02,2019-08-02 09:31:29,0.76,1.1014,367,0.73,1.0579,130,0.7,1.0144,1,0.745,1.0797,66,0
SPY190805P290,2019-08-02,2019-08-02 09:31:30,0.76,1.1014,128,0.73,1.0579,130,0.7,1.0144,1,0.745,1.0797,66,0
SPY190805P290,2019-08-02,2019-08-02 09:31:31,0.75,1.0869,5,0.73,1.0579,110,0.7,1.0144,1,0.74,1.0724,66,0
SPY190805P290,2019-08-02,2019-08-02 09:31:33,0.77,1.1159,5,0.75,1.0869,1,0.7,1.0144,1,0.76,1.1014,66,0
SPY190805P290,2019-08-02,2019-08-02 09:31:34,0.77,1.1159,5,0.75,1.0869,1,0.7,1.0144,1,0.76,1.1014,66,0
SPY190805P290,2019-08-02,2019-08-02 09:31:34,0.77,1.1159,5,0.75,1.0869,167,0.7,1.0144,1,0.76,1.1014,66,0
SPY190805P290,2019-08-02,2019-08-02 09:31:35,0.77,1.1159,5,0.75,1.0869,460,0.7,1.0144,1,0.76,1.1014,66,0
SPY190805P290,2019-08-02,2019-08-02 09:31:36,0.78,1.1304,129,0.75,1.0869,120,0.7,1.0144,1,0.765,1.1086,66,0
SPY190805P290,2019-08-02,2019-08-02 09:31:37,0.77,1.1159,5,0.75,1.0869,120,0.7,1.0144,1,0.76,1.1014,66,0
SPY190805P290,2019-08-02,2019-08-02 09:31:38,0.77,1.1159,5,0.76,1.1014,2,0.7,1.0144,1,0.765,1.1086,66,0
SPY190805P290,2019-08-02,2019-08-02 09:31:39,0.77,1.1159,5,0.76,1.1014,2,0.7,1.0144,1,0.765,1.1086,66,0
SPY190805P290,2019-08-02,2019-08-02 09:31:40,0.78,1.1304,145,0.76,1.1014,22,0.76,1.1014,34,0.77,1.1159,199,133
SPY190805P290,2019-08-02,2019-08-02 09:31:41,0.77,1.1159,159,0.76,1.1014,1,0.76,1.1014,1,0.765,1.1086,200,1
SPY190805P290,2019-08-02,2019-08-02 09:31:42,0.76,1.1014,100,0.75,1.0869,1,0.75,1.0869,2,0.755,1.0942,203,2
SPY190805P290,2019-08-02,2019-08-02 09:31:42,0.76,1.1014,19,0.75,1.0869,1,0.76,1.1014,1,0.755,1.0942,201,1
SPY190805P290,2019-08-02,2019-08-02 09:31:43,0.76,1.1014,100,0.75,1.0869,1,0.76,1.1014,5,0.755,1.0942,208,5
SPY190805P290,2019-08-02,2019-08-02 09:31:44,0.78,1.1304,1,0.75,1.0869,1,0.76,1.1014,5,0.765,1.1086,208,0
SPY190805P290,2019-08-02,2019-08-02 09:31:44,0.78,1.1304,1,0.75,1.0869,393,0.78,1.1304,1,0.765,1.1086,228,20
SPY190805P290,2019-08-02,2019-08-02 09:31:45,0.78,1.1304,100,0.76,1.1014,5,0.78,1.1304,1,0.77,1.1159,228,0
SPY190805P290,2019-08-02,2019-08-02 09:31:45,0.78,1.1304,5,0.76,1.1014,5,0.78,1.1304,1,0.77,1.1159,228,0
SPY190805P290,2019-08-02,2019-08-02 09:31:46,0.78,1.1304,100,0.76,1.1014,5,0.78,1.1304,1,0.77,1.1159,228,0
SPY190805P290,2019-08-02,2019-08-02 09:31:47,0.78,1.1304,5,0.76,1.1014,5,0.78,1.1304,1,0.77,1.1159,228,0
SPY190805P290,2019-08-02,2019-08-02 09:31:47,0.79,1.1449,5,0.76,1.1014,5,0.78,1.1304,1,0.775,1.1231,228,0
SPY190805P290,2019-08-02,2019-08-02 09:31:48,0.78,1.1304,202,0.75,1.0869,31,0.78,1.1304,1,0.765,1.1086,228,0
SPY190805P290,2019-08-02,2019-08-02 09:31:49,0.77,1.1159,202,0.75,1.0869,1,0.78,1.1304,1,0.76,1.1014,228,0
SPY190805P290,2019-08-02,2019-08-02 09:31:49,0.79,1.1449,5,0.75,1.0869,1,0.78,1.1304,1,0.77,1.1159,228,0
SPY190805P290,2019-08-02,2019-08-02 09:31:50,0.77,1.1159,5,0.77,1.1159,1,0.78,1.1304,1,0.77,1.1159,228,0
SPY190805P290,2019-08-02,2019-08-02 09:31:51,0.77,1.1159,1,0.77,1.1159,1,0.77,1.1159,1,0.77,1.1159,229,1
SPY190805P290,2019-08-02,2019-08-02 09:31:51,0.77,1.1159,5,0.77,1.1159,1,0.77,1.1159,1,0.77,1.1159,229,0
SPY190805P290,2019-08-02,2019-08-02 09:31:52,0.77,1.1159,120,0.74,1.0724,972,0.77,1.1159,1,0.755,1.0942,229,0
SPY190805P290,2019-08-02,2019-08-02 09:31:55,0.77,1.1159,166,0.74,1.0724,2,0.77,1.1159,1,0.755,1.0942,229,0
SPY190805P290,2019-08-02,2019-08-02 09:31:58,0.71,1.0289,5,0.68,0.9855,5,0.72,1.0434,1,0.695,1.0072,233,4
SPY190805P290,2019-08-02,2019-08-02 09:31:59,0.72,1.0434,120,0.68,0.9855,90,0.72,1.0434,1,0.7,1.0144,233,0
SPY190805P290,2019-08-02,2019-08-02 09:31:59,0.71,1.0289,90,0.68,0.9855,90,0.72,1.0434,1,0.695,1.0072,233,0
SPY190805P290,2019-08-02,2019-08-02 09:32:00,0.7,1.0144,253,0.66,0.9565,180,0.72,1.0434,1,0.68,0.9855,233,0
SPY190805P290,2019-08-02,2019-08-02 09:32:01,0.71,1.0289,120,0.66,0.9565,399,0.72,1.0434,1,0.685,0.9927,233,0
SPY190805P290,2019-08-02,2019-08-02 09:32:03,0.69,1.0,100,0.66,0.9565,90,0.72,1.0434,1,0.675,0.9782,233,0
SPY190805P290,2019-08-02,2019-08-02 09:32:03,0.7,1.0144,5,0.66,0.9565,90,0.72,1.0434,1,0.68,0.9855,233,0
SPY190805P290,2019-08-02,2019-08-02 09:32:04,0.71,1.0289,180,0.67,0.971,90,0.72,1.0434,1,0.69,1.0,233,0
SPY190805P290,2019-08-02,2019-08-02 09:32:05,0.72,1.0434,135,0.66,0.9565,480,0.72,1.0434,1,0.69,1.0,233,0
SPY190805P290,2019-08-02,2019-08-02 09:32:10,0.69,1.0,517,0.64,0.9275,325,0.72,1.0434,1,0.665,0.9637,233,0
SPY190805P290,2019-08-02,2019-08-02 09:32:11,0.67,0.971,5,0.64,0.9275,120,0.72,1.0434,1,0.655,0.9492,233,0
SPY190805P290,2019-08-02,2019-08-02 09:32:12,0.67,0.971,5,0.64,0.9275,120,0.72,1.0434,1,0.655,0.9492,233,0
SPY190805P290,2019-08-02,2019-08-02 09:32:13,0.66,0.9565,5,0.63,0.913,212,0.72,1.0434,1,0.645,0.9347,233,0
SPY190805P290,2019-08-02,2019-08-02 09:32:14,0.65,0.942,5,0.63,0.913,5,0.72,1.0434,1,0.64,0.9275,233,0
SPY190805P290,2019-08-02,2019-08-02 09:32:15,0.65,0.942,5,0.62,0.8985,780,0.72,1.0434,1,0.635,0.9202,233,0
SPY190805P290,2019-08-02,2019-08-02 09:32:15,0.65,0.942,5,0.63,0.913,5,0.72,1.0434,1,0.64,0.9275,233,0
SPY190805P290,2019-08-02,2019-08-02 09:32:16,0.65,0.942,5,0.62,0.8985,156,0.72,1.0434,1,0.635,0.9202,233,0
SPY190805P290,2019-08-02,2019-08-02 09:32:17,0.66,0.9565,403,0.62,0.8985,5,0.72,1.0434,1,0.64,0.9275,233,0
SPY190805P290,2019-08-02,2019-08-02 09:32:18,0.65,0.942,140,0.62,0.8985,5,0.62,0.8985,1,0.635,0.9202,234,1
SPY190805P290,2019-08-02,2019-08-02 09:32:19,0.67,0.971,315,0.63,0.913,90,0.62,0.8985,1,0.65,0.942,234,0
SPY190805P290,2019-08-02,2019-08-02 09:32:19,0.65,0.942,140,0.62,0.8985,5,0.62,0.8985,1,0.635,0.9202,234,0
SPY190805P290,2019-08-02,2019-08-02 09:32:20,0.65,0.942,5,0.63,0.913,5,0.62,0.8985,1,0.64,0.9275,234,0
SPY190805P290,2019-08-02,2019-08-02 09:32:22,0.65,0.942,140,0.61,0.884,350,0.63,0.913,1,0.63,0.913,235,0
SPY190805P290,2019-08-02,2019-08-02 09:32:22,0.66,0.9565,90,0.61,0.884,350,0.63,0.913,1,0.635,0.9202,235,1
SPY190805P290,2019-08-02,2019-08-02 09:32:23,0.65,0.942,5,0.63,0.913,5,0.63,0.913,1,0.64,0.9275,235,0
SPY190805P290,2019-08-02,2019-08-02 09:32:24,0.65,0.942,5,0.63,0.913,5,0.63,0.913,1,0.64,0.9275,235,0
SPY190805P290,2019-08-02,2019-08-02 09:32:24,0.65,0.942,5,0.62,0.8985,120,0.63,0.913,1,0.635,0.9202,235,0
SPY190805P290,2019-08-02,2019-08-02 09:32:25,0.65,0.942,5,0.63,0.913,5,0.63,0.913,1,0.64,0.9275,235,0
SPY190805P290,2019-08-02,2019-08-02 09:32:27,0.65,0.942,5,0.62,0.8985,507,0.63,0.913,1,0.635,0.9202,235,0
SPY190805P290,2019-08-02,2019-08-02 09:32:28,0.65,0.942,38,0.62,0.8985,334,0.63,0.913,1,0.635,0.9202,235,0
SPY190805P290,2019-08-02,2019-08-02 09:32:29,0.65,0.942,5,0.63,0.913,5,0.63,0.913,1,0.64,0.9275,235,0
SPY190805P290,2019-08-02,2019-08-02 09:32:30,0.66,0.9565,139,0.64,0.9275,90,0.63,0.913,1,0.65,0.942,235,0
SPY190805P290,2019-08-02,2019-08-02 09:32:31,0.66,0.9565,150,0.64,0.9275,5,0.63,0.913,1,0.65,0.942,235,0
SPY190805P290,2019-08-02,2019-08-02 09:32:32,0.66,0.9565,195,0.64,0.9275,5,0.63,0.913,1,0.65,0.942,235,0
SPY190805P290,2019-08-02,2019-08-02 09:32:33,0.65,0.942,39,0.62,0.8985,333,0.63,0.913,1,0.635,0.9202,235,0
SPY190805P290,2019-08-02,2019-08-02 09:32:33,0.64,0.9275,5,0.62,0.8985,120,0.63,0.913,1,0.63,0.913,235,0
SPY190805P290,2019-08-02,2019-08-02 09:32:34,0.64,0.9275,168,0.62,0.8985,100,0.63,0.913,1,0.63,0.913,235,0
SPY190805P290,2019-08-02,2019-08-02 09:32:34,0.64,0.9275,168,0.62,0.8985,5,0.63,0.913,1,0.63,0.913,235,0
SPY190805P290,2019-08-02,2019-08-02 09:32:35,0.66,0.9565,143,0.63,0.913,573,0.65,0.942,1,0.645,0.9347,236,1
SPY190805P290,2019-08-02,2019-08-02 09:32:35,0.64,0.9275,168,0.62,0.8985,480,0.63,0.913,1,0.63,0.913,235,0
SPY190805P290,2019-08-02,2019-08-02 09:32:36,0.67,0.971,251,0.66,0.9565,4,0.65,0.942,1,0.665,0.9637,236,0
SPY190805P290,2019-08-02,2019-08-02 09:32:37,0.67,0.971,251,0.66,0.9565,4,0.65,0.942,1,0.665,0.9637,236,0
SPY190805P290,2019-08-02,2019-08-02 09:32:38,0.66,0.9565,256,0.63,0.913,217,0.66,0.9565,4,0.645,0.9347,240,4
SPY190805P290,2019-08-02,2019-08-02 09:32:39,0.64,0.9275,22,0.62,0.8985,1120,0.66,0.9565,4,0.63,0.913,240,0
SPY190805P290,2019-08-02,2019-08-02 09:32:39,0.66,0.9565,39,0.63,0.913,217,0.66,0.9565,4,0.645,0.9347,240,0
SPY190805P290,2019-08-02,2019-08-02 09:32:40,0.65,0.942,254,0.63,0.913,123,0.66,0.9565,4,0.64,0.9275,240,0
SPY190805P290,2019-08-02,2019-08-02 09:32:41,0.65,0.942,139,0.62,0.8985,1161,0.66,0.9565,4,0.635,0.9202,240,0
SPY190805P290,2019-08-02,2019-08-02 09:32:42,0.65,0.942,212,0.63,0.913,5,0.66,0.9565,4,0.64,0.9275,240,0
SPY190805P290,2019-08-02,2019-08-02 09:32:43,0.65,0.942,113,0.63,0.913,365,0.66,0.9565,4,0.64,0.9275,240,0
SPY190805P290,2019-08-02,2019-08-02 09:32:44,0.66,0.9565,256,0.64,0.9275,189,0.66,0.9565,4,0.65,0.942,240,0
SPY190805P290,2019-08-02,2019-08-02 09:32:45,0.67,0.971,219,0.63,0.913,29,0.66,0.9565,4,0.65,0.942,240,0
SPY190805P290,2019-08-02,2019-08-02 09:32:46,0.66,0.9565,255,0.63,0.913,260,0.66,0.9565,4,0.645,0.9347,240,0
SPY190805P290,2019-08-02,2019-08-02 09:32:47,0.65,0.942,39,0.63,0.913,307,0.66,0.9565,4,0.64,0.9275,240,0
SPY190805P290,2019-08-02,2019-08-02 09:32:48,0.65,0.942,229,0.63,0.913,5,0.66,0.9565,4,0.64,0.9275,240,0
SPY190805P290,2019-08-02,2019-08-02 09:32:49,0.65,0.942,235,0.62,0.8985,645,0.66,0.9565,4,0.635,0.9202,240,0
SPY190805P290,2019-08-02,2019-08-02 09:32:50,0.65,0.942,198,0.63,0.913,5,0.66,0.9565,4,0.64,0.9275,240,0
SPY190805P290,2019-08-02,2019-08-02 09:32:51,0.65,0.942,198,0.63,0.913,5,0.66,0.9565,4,0.64,0.9275,240,0
SPY190805P290,2019-08-02,2019-08-02 09:32:52,0.64,0.9275,80,0.62,0.8985,295,0.66,0.9565,4,0.63,0.913,240,0
SPY190805P290,2019-08-02,2019-08-02 09:32:52,0.64,0.9275,100,0.62,0.8985,336,0.66,0.9565,4,0.63,0.913,240,0
SPY190805P290,2019-08-02,2019-08-02 09:32:53,0.64,0.9275,100,0.62,0.8985,155,0.66,0.9565,4,0.63,0.913,240,0
SPY190805P290,2019-08-02,2019-08-02 09:32:54,0.63,0.913,17,0.62,0.8985,100,0.66,0.9565,4,0.625,0.9057,240,0
SPY190805P290,2019-08-02,2019-08-02 09:32:54,0.63,0.913,17,0.62,0.8985,153,0.66,0.9565,4,0.625,0.9057,240,0
SPY190805P290,2019-08-02,2019-08-02 09:32:55,0.64,0.9275,171,0.62,0.8985,302,0.66,0.9565,4,0.63,0.913,240,0
SPY190805P290,2019-08-02,2019-08-02 09:32:57,0.65,0.942,237,0.63,0.913,140,0.66,0.9565,4,0.64,0.9275,240,0
SPY190805P290,2019-08-02,2019-08-02 09:32:59,0.66,0.9565,217,0.64,0.9275,5,0.66,0.9565,4,0.65,0.942,240,0
SPY190805P290,2019-08-02,2019-08-02 09:32:59,0.66,0.9565,100,0.63,0.913,965,0.66,0.9565,4,0.645,0.9347,240,0
SPY190805P290,2019-08-02,2019-08-02 09:33:00,0.68,0.9855,303,0.64,0.9275,209,0.66,0.9565,4,0.66,0.9565,240,0
SPY190805P290,2019-08-02,2019-08-02 09:33:01,0.69,1.0,129,0.65,0.942,195,0.66,0.9565,4,0.67,0.971,240,0
SPY190805P290,2019-08-02,2019-08-02 09:33:02,0.68,0.9855,255,0.66,0.9565,5,0.66,0.9565,4,0.67,0.971,240,0
SPY190805P290,2019-08-02,2019-08-02 09:33:04,0.67,0.971,39,0.63,0.913,29,0.66,0.9565,4,0.65,0.942,240,0
SPY190805P290,2019-08-02,2019-08-02 09:33:05,0.65,0.942,51,0.64,0.9275,5,0.66,0.9565,4,0.645,0.9347,240,0
SPY190805P290,2019-08-02,2019-08-02 09:33:05,0.65,0.942,184,0.63,0.913,292,0.66,0.9565,4,0.64,0.9275,240,0
SPY190805P290,2019-08-02,2019-08-02 09:33:06,0.65,0.942,39,0.64,0.9275,133,0.66,0.9565,4,0.645,0.9347,240,0
SPY190805P290,2019-08-02,2019-08-02 09:33:07,0.66,0.9565,250,0.63,0.913,874,0.66,0.9565,4,0.645,0.9347,240,0
SPY190805P290,2019-08-02,2019-08-02 09:33:08,0.64,0.9275,29,0.63,0.913,281,0.66,0.9565,4,0.635,0.9202,240,0
SPY190805P290,2019-08-02,2019-08-02 09:33:09,0.68,0.9855,256,0.64,0.9275,245,0.66,0.9565,4,0.66,0.9565,240,0
SPY190805P290,2019-08-02,2019-08-02 09:33:10,0.66,0.9565,29,0.65,0.942,6,0.66,0.9565,4,0.655,0.9492,240,0
SPY190805P290,2019-08-02,2019-08-02 09:33:11,0.64,0.9275,94,0.62,0.8985,328,0.66,0.9565,4,0.63,0.913,240,0
SPY190805P290,2019-08-02,2019-08-02 09:33:11,0.66,0.9565,116,0.63,0.913,1231,0.66,0.9565,4,0.645,0.9347,240,0
SPY190805P290,2019-08-02,2019-08-02 09:33:12,0.64,0.9275,39,0.61,0.884,742,0.66,0.9565,4,0.625,0.9057,240,0
SPY190805P290,2019-08-02,2019-08-02 09:33:13,0.64,0.9275,210,0.62,0.8985,192,0.66,0.9565,4,0.63,0.913,240,0
SPY190805P290,2019-08-02,2019-08-02 09:33:13,0.64,0.9275,345,0.61,0.884,335,0.66,0.9565,4,0.625,0.9057,240,0
SPY190805P290,2019-08-02,2019-08-02 09:33:14,0.65,0.942,401,0.62,0.8985,28,0.66,0.9565,4,0.635,0.9202,240,0
SPY190805P290,2019-08-02,2019-08-02 09:33:15,0.65,0.942,196,0.63,0.913,6,0.66,0.9565,4,0.64,0.9275,240,0
SPY190805P290,2019-08-02,2019-08-02 09:33:16,0.64,0.9275,100,0.62,0.8985,167,0.66,0.9565,4,0.63,0.913,240,0
SPY190805P290,2019-08-02,2019-08-02 09:33:17,0.66,0.9565,20,0.65,0.942,6,0.66,0.9565,4,0.655,0.9492,240,0
SPY190805P290,2019-08-02,2019-08-02 09:33:17,0.68,0.9855,159,0.63,0.913,27,0.66,0.9565,4,0.655,0.9492,240,0
SPY190805P290,2019-08-02,2019-08-02 09:33:18,0.65,0.942,210,0.63,0.913,5,0.65,0.942,2,0.64,0.9275,242,2
SPY190805P290,2019-08-02,2019-08-02 09:33:19,0.65,0.942,109,0.62,0.8985,652,0.65,0.942,5,0.635,0.9202,247,5
SPY190805P290,2019-08-02,2019-08-02 09:33:19,0.65,0.942,21,0.63,0.913,5,0.65,0.942,2,0.64,0.9275,242,0
SPY190805P290,2019-08-02,2019-08-02 09:33:20,0.65,0.942,66,0.63,0.913,100,0.65,0.942,5,0.64,0.9275,247,0
SPY190805P290,2019-08-02,2019-08-02 09:33:21,0.65,0.942,10,0.65,0.942,6,0.65,0.942,5,0.65,0.942,247,0
SPY190805P290,2019-08-02,2019-08-02 09:33:21,0.66,0.9565,139,0.64,0.9275,1,0.65,0.942,5,0.65,0.942,247,0
SPY190805P290,2019-08-02,2019-08-02 09:33:22,0.66,0.9565,134,0.65,0.942,6,0.65,0.942,5,0.655,0.9492,247,0
SPY190805P290,2019-08-02,2019-08-02 09:33:23,0.66,0.9565,139,0.64,0.9275,154,0.65,0.942,5,0.65,0.942,247,0
SPY190805P290,2019-08-02,2019-08-02 09:33:23,0.66,0.9565,139,0.65,0.942,6,0.65,0.942,5,0.655,0.9492,247,0
SPY190805P290,2019-08-02,2019-08-02 09:33:24,0.66,0.9565,172,0.64,0.9275,5,0.65,0.942,5,0.65,0.942,247,0
SPY190805P290,2019-08-02,2019-08-02 09:33:25,0.66,0.9565,100,0.64,0.9275,32,0.65,0.942,5,0.65,0.942,247,0
SPY190805P290,2019-08-02,2019-08-02 09:33:25,0.67,0.971,121,0.65,0.942,6,0.65,0.942,5,0.66,0.9565,247,0
SPY190805P290,2019-08-02,2019-08-02 09:33:26,0.65,0.942,75,0.65,0.942,6,0.65,0.942,5,0.65,0.942,247,0
SPY190805P290,2019-08-02,2019-08-02 09:33:26,0.65,0.942,238,0.65,0.942,6,0.65,0.942,5,0.65,0.942,247,0
SPY190805P290,2019-08-02,2019-08-02 09:33:27,0.65,0.942,238,0.65,0.942,6,0.65,0.942,5,0.65,0.942,247,0
SPY190805P290,2019-08-02,2019-08-02 09:33:28,0.65,0.942,139,0.65,0.942,6,0.65,0.942,5,0.65,0.942,247,0
SPY190805P290,2019-08-02,2019-08-02 09:33:28,0.65,0.942,255,0.65,0.942,6,0.65,0.942,5,0.65,0.942,247,0
SPY190805P290,2019-08-02,2019-08-02 09:33:29,0.64,0.9275,202,0.63,0.913,6,0.64,0.9275,1,0.635,0.9202,248,1
SPY190805P290,2019-08-02,2019-08-02 09:33:30,0.64,0.9275,189,0.63,0.913,6,0.64,0.9275,1,0.635,0.9202,248,0
SPY190805P290,2019-08-02,2019-08-02 09:33:30,0.64,0.9275,247,0.62,0.8985,172,0.64,0.9275,1,0.63,0.913,248,0
SPY190805P290,2019-08-02,2019-08-02 09:33:31,0.64,0.9275,353,0.62,0.8985,5,0.64,0.9275,1,0.63,0.913,248,0
SPY190805P290,2019-08-02,2019-08-02 09:33:31,0.64,0.9275,247,0.63,0.913,6,0.64,0.9275,1,0.635,0.9202,248,0
SPY190805P290,2019-08-02,2019-08-02 09:33:32,0.65,0.942,161,0.63,0.913,90,0.64,0.9275,1,0.64,0.9275,248,0
SPY190805P290,2019-08-02,2019-08-02 09:33:33,0.64,0.9275,119,0.62,0.8985,5,0.64,0.9275,1,0.63,0.913,248,0
SPY190805P290,2019-08-02,2019-08-02 09:33:34,0.64,0.9275,254,0.61,0.884,108,0.64,0.9275,1,0.625,0.9057,248,0
SPY190805P290,2019-08-02,2019-08-02 09:33:35,0.64,0.9275,335,0.62,0.8985,6,0.64,0.9275,1,0.63,0.913,248,0
SPY190805P290,2019-08-02,2019-08-02 09:33:35,0.64,0.9275,213,0.62,0.8985,187,0.64,0.9275,1,0.63,0.913,248,0
SPY190805P290,2019-08-02,2019-08-02 09:33:36,0.63,0.913,20,0.61,0.884,1179,0.64,0.9275,1,0.62,0.8985,248,0
SPY190805P290,2019-08-02,2019-08-02 09:33:37,0.63,0.913,95,0.61,0.884,1179,0.64,0.9275,1,0.62,0.8985,248,0
SPY190805P290,2019-08-02,2019-08-02 09:33:37,0.63,0.913,20,0.61,0.884,494,0.64,0.9275,1,0.62,0.8985,248,0
SPY190805P290,2019-08-02,2019-08-02 09:33:38,0.63,0.913,281,0.61,0.884,218,0.64,0.9275,1,0.62,0.8985,248,0
SPY190805P290,2019-08-02,2019-08-02 09:33:38,0.62,0.8985,39,0.61,0.884,6,0.64,0.9275,1,0.615,0.8913,248,0
SPY190805P290,2019-08-02,2019-08-02 09:33:39,0.63,0.913,187,0.61,0.884,108,0.64,0.9275,1,0.62,0.8985,248,0
SPY190805P290,2019-08-02,2019-08-02 09:33:40,0.64,0.9275,250,0.61,0.884,32,0.64,0.9275,1,0.625,0.9057,248,0
SPY190805P290,2019-08-02,2019-08-02 09:33:40,0.64,0.9275,437,0.62,0.8985,5,0.64,0.9275,1,0.63,0.913,248,0
SPY190805P290,2019-08-02,2019-08-02 09:33:41,0.63,0.913,39,0.62,0.8985,5,0.64,0.9275,1,0.625,0.9057,248,0
SPY190805P290,2019-08-02,2019-08-02 09:33:42,0.63,0.913,39,0.62,0.8985,242,0.64,0.9275,1,0.625,0.9057,248,0
SPY190805P290,2019-08-02,2019-08-02 09:33:43,0.64,0.9275,336,0.62,0.8985,242,0.64,0.9275,1,0.63,0.913,248,0
SPY190805P290,2019-08-02,2019-08-02 09:33:43,0.65,0.942,213,0.63,0.913,338,0.64,0.9275,1,0.64,0.9275,248,0
SPY190805P290,2019-08-02,2019-08-02 09:33:44,0.65,0.942,475,0.63,0.913,5,0.64,0.9275,1,0.64,0.9275,248,0
SPY190805P290,2019-08-02,2019-08-02 09:33:44,0.64,0.9275,106,0.62,0.8985,307,0.64,0.9275,1,0.63,0.913,248,0
SPY190805P290,2019-08-02,2019-08-02 09:33:45,0.64,0.9275,39,0.62,0.8985,307,0.64,0.9275,1,0.63,0.913,248,0
SPY190805P290,2019-08-02,2019-08-02 09:33:46,0.64,0.9275,1,0.62,0.8985,494,0.64,0.9275,1,0.63,0.913,249,1
SPY190805P290,2019-08-02,2019-08-02 09:33:48,0.67,0.971,250,0.65,0.942,155,0.64,0.9275,1,0.66,0.9565,249,0
SPY190805P290,2019-08-02,2019-08-02 09:33:49,0.67,0.971,141,0.65,0.942,155,0.64,0.9275,1,0.66,0.9565,249,0
SPY190805P290,2019-08-02,2019-08-02 09:33:50,0.66,0.9565,14,0.65,0.942,140,0.64,0.9275,1,0.655,0.9492,249,0
SPY190805P290,2019-08-02,2019-08-02 09:33:51,0.67,0.971,165,0.65,0.942,744,0.66,0.9565,28,0.66,0.9565,277,28
SPY190805P290,2019-08-02,2019-08-02 09:33:52,0.68,0.9855,213,0.65,0.942,1012,0.66,0.9565,28,0.665,0.9637,277,0
SPY190805P290,2019-08-02,2019-08-02 09:33:52,0.67,0.971,103,0.66,0.9565,6,0.66,0.9565,28,0.665,0.9637,277,0
SPY190805P290,2019-08-02,2019-08-02 09:33:54,0.68,0.9855,489,0.66,0.9565,6,0.66,0.9565,28,0.67,0.971,277,0
SPY190805P290,2019-08-02,2019-08-02 09:33:55,0.67,0.971,39,0.66,0.9565,90,0.66,0.9565,28,0.665,0.9637,277,0
SPY190805P290,2019-08-02,2019-08-02 09:33:56,0.68,0.9855,213,0.66,0.9565,433,0.66,0.9565,28,0.67,0.971,277,0
SPY190805P290,2019-08-02,2019-08-02 09:33:57,0.68,0.9855,213,0.66,0.9565,254,0.66,0.9565,28,0.67,0.971,277,0
SPY190805P290,2019-08-02,2019-08-02 09:33:58,0.68,0.9855,213,0.66,0.9565,254,0.66,0.9565,28,0.67,0.971,277,0
SPY190805P290,2019-08-02,2019-08-02 09:34:00,0.67,0.971,137,0.65,0.942,987,0.66,0.9565,28,0.66,0.9565,277,0
SPY190805P290,2019-08-02,2019-08-02 09:34:03,0.66,0.9565,193,0.64,0.9275,189,0.66,0.9565,28,0.65,0.942,277,0
SPY190805P290,2019-08-02,2019-08-02 09:34:04,0.66,0.9565,99,0.64,0.9275,978,0.66,0.9565,28,0.65,0.942,277,0
SPY190805P290,2019-08-02,2019-08-02 09:34:06,0.65,0.942,174,0.62,0.8985,399,0.66,0.9565,28,0.635,0.9202,277,0
SPY190805P290,2019-08-02,2019-08-02 09:34:09,0.62,0.8985,34,0.61,0.884,6,0.66,0.9565,28,0.615,0.8913,277,0
SPY190805P290,2019-08-02,2019-08-02 09:34:11,0.63,0.913,17,0.62,0.8985,5,0.63,0.913,1,0.625,0.9057,278,1
SPY190805P290,2019-08-02,2019-08-02 09:34:12,0.63,0.913,17,0.62,0.8985,6,0.63,0.913,1,0.625,0.9057,278,0
SPY190805P290,2019-08-02,2019-08-02 09:34:13,0.64,0.9275,117,0.63,0.913,6,0.63,0.913,1,0.635,0.9202,278,0
SPY190805P290,2019-08-02,2019-08-02 09:34:14,0.65,0.942,163,0.63,0.913,279,0.63,0.913,1,0.64,0.9275,278,0
SPY190805P290,2019-08-02,2019-08-02 09:34:15,0.67,0.971,253,0.65,0.942,5,0.63,0.913,1,0.66,0.9565,278,0
SPY190805P290,2019-08-02,2019-08-02 09:34:17,0.65,0.942,147,0.62,0.8985,90,0.63,0.913,1,0.635,0.9202,278,0
SPY190805P290,2019-08-02,2019-08-02 09:34:18,0.64,0.9275,136,0.62,0.8985,90,0.63,0.913,1,0.63,0.913,278,0
SPY190805P290,2019-08-02,2019-08-02 09:34:19,0.64,0.9275,136,0.63,0.913,6,0.63,0.913,1,0.635,0.9202,278,0
SPY190805P290,2019-08-02,2019-08-02 09:34:20,0.64,0.9275,213,0.63,0.913,6,0.63,0.913,1,0.635,0.9202,278,0
SPY190805P290,2019-08-02,2019-08-02 09:34:21,0.65,0.942,218,0.64,0.9275,6,0.63,0.913,1,0.645,0.9347,278,0
SPY190805P290,2019-08-02,2019-08-02 09:34:21,0.65,0.942,218,0.62,0.8985,230,0.63,0.913,1,0.635,0.9202,278,0
SPY190805P290,2019-08-02,2019-08-02 09:34:22,0.66,0.9565,27,0.64,0.9275,6,0.63,0.913,1,0.65,0.942,278,0
SPY190805P290,2019-08-02,2019-08-02 09:34:23,0.66,0.9565,213,0.64,0.9275,888,0.63,0.913,1,0.65,0.942,278,0
SPY190805P290,2019-08-02,2019-08-02 09:34:23,0.66,0.9565,155,0.65,0.942,6,0.63,0.913,1,0.655,0.9492,278,0
SPY190805P290,2019-08-02,2019-08-02 09:34:24,0.67,0.971,213,0.65,0.942,293,0.63,0.913,1,0.66,0.9565,278,0
SPY190805P290,2019-08-02,2019-08-02 09:34:25,0.66,0.9565,109,0.65,0.942,6,0.63,0.913,1,0.655,0.9492,278,0
SPY190805P290,2019-08-02,2019-08-02 09:34:26,0.67,0.971,213,0.66,0.9565,6,0.63,0.913,1,0.665,0.9637,278,0
SPY190805P290,2019-08-02,2019-08-02 09:34:26,0.67,0.971,170,0.66,0.9565,6,0.63,0.913,1,0.665,0.9637,278,0
SPY190805P290,2019-08-02,2019-08-02 09:34:27,0.67,0.971,170,0.66,0.9565,6,0.63,0.913,1,0.665,0.9637,278,0
SPY190805P290,2019-08-02,2019-08-02 09:34:28,0.67,0.971,213,0.66,0.9565,6,0.63,0.913,1,0.665,0.9637,278,0
SPY190805P290,2019-08-02,2019-08-02 09:34:29,0.67,0.971,213,0.65,0.942,6,0.63,0.913,1,0.66,0.9565,278,0
SPY190805P290,2019-08-02,2019-08-02 09:34:29,0.65,0.942,20,0.64,0.9275,6,0.63,0.913,1,0.645,0.9347,278,0
SPY190805P290,2019-08-02,2019-08-02 09:34:30,0.65,0.942,93,0.64,0.9275,6,0.63,0.913,1,0.645,0.9347,278,0
SPY190805P290,2019-08-02,2019-08-02 09:34:31,0.66,0.9565,312,0.64,0.9275,6,0.63,0.913,1,0.65,0.942,278,0
SPY190805P290,2019-08-02,2019-08-02 09:34:31,0.67,0.971,100,0.66,0.9565,6,0.63,0.913,1,0.665,0.9637,278,0
SPY190805P290,2019-08-02,2019-08-02 09:34:32,0.68,0.9855,263,0.66,0.9565,120,0.63,0.913,1,0.67,0.971,278,0
SPY190805P290,2019-08-02,2019-08-02 09:34:33,0.68,0.9855,213,0.67,0.971,6,0.63,0.913,1,0.675,0.9782,278,0
SPY190805P290,2019-08-02,2019-08-02 09:34:33,0.68,0.9855,263,0.66,0.9565,219,0.63,0.913,1,0.67,0.971,278,0
SPY190805P290,2019-08-02,2019-08-02 09:34:34,0.68,0.9855,296,0.66,0.9565,6,0.63,0.913,1,0.67,0.971,278,0
SPY190805P290,2019-08-02,2019-08-02 09:34:34,0.67,0.971,114,0.66,0.9565,6,0.63,0.913,1,0.665,0.9637,278,0
SPY190805P290,2019-08-02,2019-08-02 09:34:35,0.67,0.971,27,0.66,0.9565,95,0.63,0.913,1,0.665,0.9637,278,0
SPY190805P290,2019-08-02,2019-08-02 09:34:35,0.67,0.971,27,0.66,0.9565,90,0.63,0.913,1,0.665,0.9637,278,0
SPY190805P290,2019-08-02,2019-08-02 09:34:39,0.68,0.9855,400,0.66,0.9565,6,0.67,0.971,1,0.67,0.971,305,27
SPY190805P290,2019-08-02,2019-08-02 09:34:43,0.66,0.9565,99,0.65,0.942,6,0.67,0.971,1,0.655,0.9492,305,0
SPY190805P290,2019-08-02,2019-08-02 09:34:43,0.66,0.9565,163,0.65,0.942,6,0.67,0.971,1,0.655,0.9492,305,0
SPY190805P290,2019-08-02,2019-08-02 09:34:44,0.67,0.971,175,0.66,0.9565,108,0.67,0.971,1,0.665,0.9637,305,0
SPY190805P290,2019-08-02,2019-08-02 09:34:45,0.68,0.9855,192,0.66,0.9565,330,0.67,0.971,1,0.67,0.971,305,0
SPY190805P290,2019-08-02,2019-08-02 09:34:46,0.68,0.9855,212,0.66,0.9565,330,0.67,0.971,1,0.67,0.971,305,0
SPY190805P290,2019-08-02,2019-08-02 09:34:46,0.67,0.971,105,0.66,0.9565,38,0.67,0.971,1,0.665,0.9637,305,0
SPY190805P290,2019-08-02,2019-08-02 09:34:54,0.67,0.971,209,0.65,0.942,164,0.68,0.9855,1,0.66,0.9565,335,30
SPY190805P290,2019-08-02,2019-08-02 09:35:01,0.65,0.942,226,0.64,0.9275,90,0.65,0.942,1,0.645,0.9347,341,6
SPY190805P290,2019-08-02,2019-08-02 09:35:03,0.65,0.942,213,0.64,0.9275,96,0.65,0.942,1,0.645,0.9347,341,0
SPY190805P290,2019-08-02,2019-08-02 09:35:03,0.65,0.942,32,0.63,0.913,96,0.65,0.942,1,0.64,0.9275,341,0
SPY190805P290,2019-08-02,2019-08-02 09:35:04,0.64,0.9275,100,0.63,0.913,218,0.65,0.942,1,0.635,0.9202,341,0
SPY190805P290,2019-08-02,2019-08-02 09:35:07,0.65,0.942,258,0.64,0.9275,6,0.65,0.942,1,0.645,0.9347,341,0
SPY190805P290,2019-08-02,2019-08-02 09:35:07,0.65,0.942,32,0.64,0.9275,6,0.65,0.942,1,0.645,0.9347,341,0
SPY190805P290,2019-08-02,2019-08-02 09:35:09,0.66,0.9565,32,0.64,0.9275,96,0.65,0.942,1,0.65,0.942,347,6
SPY190805P290,2019-08-02,2019-08-02 09:35:11,0.67,0.971,226,0.65,0.942,798,0.65,0.942,1,0.66,0.9565,347,0
SPY190805P290,2019-08-02,2019-08-02 09:35:12,0.67,0.971,398,0.65,0.942,210,0.65,0.942,1,0.66,0.9565,347,0
SPY190805P290,2019-08-02,2019-08-02 09:35:12,0.67,0.971,273,0.65,0.942,79,0.65,0.942,1,0.66,0.9565,347,0
SPY190805P290,2019-08-02,2019-08-02 09:35:15,0.68,0.9855,30,0.66,0.9565,6,0.67,0.971,5,0.67,0.971,352,5
SPY190805P290,2019-08-02,2019-08-02 09:35:20,0.73,1.0579,147,0.7,1.0144,259,0.7,1.0144,1,0.715,1.0362,417,65
SPY190805P290,2019-08-02,2019-08-02 09:35:21,0.73,1.0579,96,0.71,1.0289,158,0.7,1.0144,1,0.72,1.0434,417,0
SPY190805P290,2019-08-02,2019-08-02 09:35:22,0.74,1.0724,90,0.72,1.0434,6,0.7,1.0144,1,0.73,1.0579,417,0
SPY190805P290,2019-08-02,2019-08-02 09:35:23,0.76,1.1014,96,0.73,1.0579,148,0.75,1.0869,1,0.745,1.0797,483,0
SPY190805P290,2019-08-02,2019-08-02 09:35:23,0.76,1.1014,215,0.74,1.0724,6,0.75,1.0869,1,0.75,1.0869,483,66
SPY190805P290,2019-08-02,2019-08-02 09:35:27,0.77,1.1159,94,0.76,1.1014,6,0.75,1.0869,1,0.765,1.1086,483,0
SPY190805P290,2019-08-02,2019-08-02 09:35:30,0.75,1.0869,5,0.74,1.0724,86,0.76,1.1014,1,0.745,1.0797,484,1
SPY190805P290,2019-08-02,2019-08-02 09:35:31,0.75,1.0869,198,0.74,1.0724,86,0.76,1.1014,1,0.745,1.0797,484,0
SPY190805P290,2019-08-02,2019-08-02 09:35:32,0.74,1.0724,5,0.73,1.0579,80,0.76,1.1014,1,0.735,1.0652,484,0
SPY190805P290,2019-08-02,2019-08-02 09:35:37,0.77,1.1159,5,0.75,1.0869,87,0.77,1.1159,5,0.76,1.1014,494,10
SPY190805P290,2019-08-02,2019-08-02 09:35:44,0.8,1.1594,6,0.78,1.1304,36,0.77,1.1159,5,0.79,1.1449,499,5
SPY190805P290,2019-08-02,2019-08-02 09:35:46,0.81,1.1739,16,0.79,1.1449,6,0.77,1.1159,5,0.8,1.1594,499,0
SPY190805P290,2019-08-02,2019-08-02 09:35:47,0.82,1.1884,6,0.8,1.1594,42,0.77,1.1159,5,0.81,1.1739,499,0
SPY190805P290,2019-08-02,2019-08-02 09:35:47,0.82,1.1884,119,0.8,1.1594,42,0.77,1.1159,5,0.81,1.1739,499,0
SPY190805P290,2019-08-02,2019-08-02 09:35:48,0.82,1.1884,6,0.81,1.1739,38,0.77,1.1159,5,0.815,1.1811,499,0
SPY190805P290,2019-08-02,2019-08-02 09:35:48,0.83,1.2028,200,0.8,1.1594,118,0.77,1.1159,5,0.815,1.1811,499,0
SPY190805P290,2019-08-02,2019-08-02 09:35:49,0.81,1.1739,107,0.79,1.1449,80,0.77,1.1159,5,0.8,1.1594,499,0
SPY190805P290,2019-08-02,2019-08-02 09:35:50,0.82,1.1884,6,0.8,1.1594,107,0.77,1.1159,5,0.81,1.1739,499,0
SPY190805P290,2019-08-02,2019-08-02 09:35:50,0.83,1.2028,204,0.8,1.1594,105,0.77,1.1159,5,0.815,1.1811,499,0
SPY190805P290,2019-08-02,2019-08-02 09:35:51,0.84,1.2173,378,0.81,1.1739,38,0.77,1.1159,5,0.825,1.1956,499,0
SPY190805P290,2019-08-02,2019-08-02 09:35:52,0.82,1.1884,5,0.8,1.1594,107,0.77,1.1159,5,0.81,1.1739,499,0
SPY190805P290,2019-08-02,2019-08-02 09:35:54,0.82,1.1884,214,0.81,1.1739,1,0.81,1.1739,1,0.815,1.1811,510,6
SPY190805P290,2019-08-02,2019-08-02 09:35:54,0.82,1.1884,214,0.79,1.1449,466,0.81,1.1739,5,0.805,1.1666,504,5
SPY190805P290,2019-08-02,2019-08-02 09:35:57,0.82,1.1884,216,0.8,1.1594,116,0.81,1.1739,5,0.81,1.1739,564,54
SPY190805P290,2019-08-02,2019-08-02 09:35:58,0.81,1.1739,116,0.78,1.1304,230,0.81,1.1739,5,0.795,1.1521,564,0
SPY190805P290,2019-08-02,2019-08-02 09:36:20,0.79,1.1449,195,0.77,1.1159,38,0.79,1.1449,5,0.78,1.1304,599,35
SPY190805P290,2019-08-02,2019-08-02 09:36:24,0.75,1.0869,5,0.73,1.0579,86,0.79,1.1449,5,0.74,1.0724,599,0
SPY190805P290,2019-08-02,2019-08-02 09:36:24,0.76,1.1014,214,0.75,1.0869,6,0.79,1.1449,5,0.755,1.0942,599,0
SPY190805P290,2019-08-02,2019-08-02 09:36:25,0.76,1.1014,100,0.75,1.0869,6,0.79,1.1449,5,0.755,1.0942,599,0
SPY190805P290,2019-08-02,2019-08-02 09:36:27,0.74,1.0724,38,0.72,1.0434,6,0.79,1.1449,5,0.73,1.0579,599,0
SPY190805P290,2019-08-02,2019-08-02 09:36:28,0.73,1.0579,5,0.72,1.0434,6,0.79,1.1449,5,0.725,1.0507,599,0
SPY190805P290,2019-08-02,2019-08-02 09:36:31,0.72,1.0434,120,0.69,1.0,107,0.79,1.1449,5,0.705,1.0217,599,0
SPY190805P290,2019-08-02,2019-08-02 09:36:32,0.71,1.0289,229,0.7,1.0144,6,0.71,1.0289,1,0.705,1.0217,603,0
SPY190805P290,2019-08-02,2019-08-02 09:36:32,0.71,1.0289,25,0.7,1.0144,6,0.71,1.0289,1,0.705,1.0217,603,4
SPY190805P290,2019-08-02,2019-08-02 09:36:33,0.71,1.0289,398,0.7,1.0144,5,0.71,1.0289,1,0.705,1.0217,603,0
SPY190805P290,2019-08-02,2019-08-02 09:36:34,0.71,1.0289,120,0.69,1.0,6,0.71,1.0289,1,0.7,1.0144,603,0
SPY190805P290,2019-08-02,2019-08-02 09:36:34,0.71,1.0289,202,0.69,1.0,6,0.71,1.0289,1,0.7,1.0144,603,0
SPY190805P290,2019-08-02,2019-08-02 09:36:35,0.72,1.0434,244,0.71,1.0289,6,0.71,1.0289,1,0.715,1.0362,603,0
SPY190805P290,2019-08-02,2019-08-02 09:36:35,0.71,1.0289,104,0.7,1.0144,6,0.71,1.0289,1,0.705,1.0217,603,0
SPY190805P290,2019-08-02,2019-08-02 09:36:37,0.72,1.0434,97,0.71,1.0289,6,0.71,1.0289,1,0.715,1.0362,604,1
SPY190805P290,2019-08-02,2019-08-02 09:36:38,0.73,1.0579,115,0.72,1.0434,6,0.71,1.0289,1,0.725,1.0507,604,0
SPY190805P290,2019-08-02,2019-08-02 09:36:39,0.75,1.0869,264,0.73,1.0579,6,0.71,1.0289,1,0.74,1.0724,604,0
SPY190805P290,2019-08-02,2019-08-02 09:36:40,0.76,1.1014,113,0.74,1.0724,122,0.71,1.0289,1,0.75,1.0869,604,0
SPY190805P290,2019-08-02,2019-08-02 09:36:40,0.75,1.0869,122,0.73,1.0579,168,0.71,1.0289,1,0.74,1.0724,604,0
SPY190805P290,2019-08-02,2019-08-02 09:36:41,0.77,1.1159,200,0.75,1.0869,38,0.71,1.0289,1,0.76,1.1014,604,0
SPY190805P290,2019-08-02,2019-08-02 09:36:41,0.77,1.1159,280,0.76,1.1014,6,0.71,1.0289,1,0.765,1.1086,604,0
SPY190805P290,2019-08-02,2019-08-02 09:36:42,0.78,1.1304,298,0.76,1.1014,36,0.71,1.0289,1,0.77,1.1159,604,0
SPY190805P290,2019-08-02,2019-08-02 09:36:43,0.8,1.1594,31,0.75,1.0869,518,0.71,1.0289,1,0.775,1.1231,604,0
SPY190805P290,2019-08-02,2019-08-02 09:36:44,0.79,1.1449,31,0.77,1.1159,80,0.71,1.0289,1,0.78,1.1304,604,0
SPY190805P290,2019-08-02,2019-08-02 09:36:45,0.79,1.1449,276,0.77,1.1159,38,0.71,1.0289,1,0.78,1.1304,604,0
SPY190805P290,2019-08-02,2019-08-02 09:36:45,0.81,1.1739,86,0.78,1.1304,6,0.71,1.0289,1,0.795,1.1521,604,0
SPY190805P290,2019-08-02,2019-08-02 09:36:46,0.81,1.1739,292,0.79,1.1449,6,0.71,1.0289,1,0.8,1.1594,604,0
SPY190805P290,2019-08-02,2019-08-02 09:36:47,0.81,1.1739,235,0.79,1.1449,6,0.71,1.0289,1,0.8,1.1594,604,0
SPY190805P290,2019-08-02,2019-08-02 09:36:48,0.81,1.1739,276,0.79,1.1449,6,0.71,1.0289,1,0.8,1.1594,604,0
SPY190805P290,2019-08-02,2019-08-02 09:36:48,0.8,1.1594,20,0.78,1.1304,38,0.71,1.0289,1,0.79,1.1449,604,0
SPY190805P290,2019-08-02,2019-08-02 09:36:49,0.8,1.1594,140,0.78,1.1304,36,0.71,1.0289,1,0.79,1.1449,604,0
SPY190805P290,2019-08-02,2019-08-02 09:36:49,0.8,1.1594,200,0.78,1.1304,38,0.71,1.0289,1,0.79,1.1449,604,0
SPY190805P290,2019-08-02,2019-08-02 09:36:50,0.8,1.1594,239,0.77,1.1159,37,0.71,1.0289,1,0.785,1.1376,604,0
SPY190805P290,2019-08-02,2019-08-02 09:36:51,0.78,1.1304,200,0.77,1.1159,6,0.79,1.1449,30,0.775,1.1231,654,0
SPY190805P290,2019-08-02,2019-08-02 09:36:51,0.79,1.1449,200,0.75,1.0869,410,0.79,1.1449,30,0.77,1.1159,654,50
SPY190805P290,2019-08-02,2019-08-02 09:36:52,0.78,1.1304,200,0.75,1.0869,80,0.79,1.1449,30,0.765,1.1086,654,0
SPY190805P290,2019-08-02,2019-08-02 09:36:53,0.77,1.1159,15,0.75,1.0869,80,0.79,1.1449,30,0.76,1.1014,654,0
SPY190805P290,2019-08-02,2019-08-02 09:36:54,0.76,1.1014,209,0.74,1.0724,38,0.79,1.1449,30,0.75,1.0869,654,0
SPY190805P290,2019-08-02,2019-08-02 09:36:54,0.75,1.0869,101,0.72,1.0434,6,0.79,1.1449,30,0.735,1.0652,654,0
SPY190805P290,2019-08-02,2019-08-02 09:36:55,0.75,1.0869,260,0.72,1.0434,2,0.79,1.1449,30,0.735,1.0652,654,0
SPY190805P290,2019-08-02,2019-08-02 09:36:56,0.75,1.0869,250,0.73,1.0579,6,0.79,1.1449,30,0.74,1.0724,654,0
SPY190805P290,2019-08-02,2019-08-02 09:36:56,0.75,1.0869,100,0.73,1.0579,6,0.79,1.1449,30,0.74,1.0724,654,0
SPY190805P290,2019-08-02,2019-08-02 09:36:57,0.76,1.1014,215,0.75,1.0869,6,0.79,1.1449,30,0.755,1.0942,654,0
SPY190805P290,2019-08-02,2019-08-02 09:36:57,0.76,1.1014,233,0.74,1.0724,6,0.79,1.1449,30,0.75,1.0869,654,0
SPY190805P290,2019-08-02,2019-08-02 09:36:58,0.76,1.1014,216,0.74,1.0724,6,0.79,1.1449,30,0.75,1.0869,654,0
SPY190805P290,2019-08-02,2019-08-02 09:36:58,0.76,1.1014,215,0.75,1.0869,6,0.79,1.1449,30,0.755,1.0942,654,0
SPY190805P290,2019-08-02,2019-08-02 09:36:59,0.76,1.1014,216,0.74,1.0724,21,0.79,1.1449,30,0.75,1.0869,654,0
SPY190805P290,2019-08-02,2019-08-02 09:37:00,0.77,1.1159,295,0.74,1.0724,3,0.79,1.1449,30,0.755,1.0942,654,0
SPY190805P290,2019-08-02,2019-08-02 09:37:00,0.76,1.1014,80,0.74,1.0724,21,0.79,1.1449,30,0.75,1.0869,654,0
SPY190805P290,2019-08-02,2019-08-02 09:37:01,0.78,1.1304,210,0.74,1.0724,83,0.79,1.1449,30,0.76,1.1014,654,0
SPY190805P290,2019-08-02,2019-08-02 09:37:02,0.78,1.1304,133,0.76,1.1014,8,0.79,1.1449,30,0.77,1.1159,654,0
SPY190805P290,2019-08-02,2019-08-02 09:37:02,0.78,1.1304,125,0.76,1.1014,6,0.79,1.1449,30,0.77,1.1159,654,0
SPY190805P290,2019-08-02,2019-08-02 09:37:03,0.78,1.1304,96,0.75,1.0869,6,0.79,1.1449,30,0.765,1.1086,654,0
SPY190805P290,2019-08-02,2019-08-02 09:37:04,0.79,1.1449,260,0.77,1.1159,6,0.79,1.1449,30,0.78,1.1304,654,0
SPY190805P290,2019-08-02,2019-08-02 09:37:05,0.8,1.1594,159,0.78,1.1304,6,0.79,1.1449,30,0.79,1.1449,654,0
SPY190805P290,2019-08-02,2019-08-02 09:37:06,0.8,1.1594,142,0.77,1.1159,5,0.79,1.1449,30,0.785,1.1376,654,0
SPY190805P290,2019-08-02,2019-08-02 09:37:06,0.8,1.1594,150,0.78,1.1304,6,0.79,1.1449,30,0.79,1.1449,654,0
SPY190805P290,2019-08-02,2019-08-02 09:37:07,0.79,1.1449,151,0.77,1.1159,6,0.79,1.1449,30,0.78,1.1304,654,0
SPY190805P290,2019-08-02,2019-08-02 09:37:08,0.78,1.1304,140,0.76,1.1014,38,0.79,1.1449,30,0.77,1.1159,654,0
SPY190805P290,2019-08-02,2019-08-02 09:37:10,0.78,1.1304,23,0.77,1.1159,6,0.79,1.1449,30,0.775,1.1231,654,0
SPY190805P290,2019-08-02,2019-08-02 09:37:11,0.78,1.1304,236,0.76,1.1014,6,0.79,1.1449,30,0.77,1.1159,654,0
SPY190805P290,2019-08-02,2019-08-02 09:37:12,0.78,1.1304,261,0.76,1.1014,6,0.79,1.1449,30,0.77,1.1159,654,0
SPY190805P290,2019-08-02,2019-08-02 09:37:12,0.77,1.1159,94,0.75,1.0869,6,0.79,1.1449,30,0.76,1.1014,654,0
SPY190805P290,2019-08-02,2019-08-02 09:37:13,0.76,1.1014,110,0.75,1.0869,6,0.79,1.1449,30,0.755,1.0942,654,0
SPY190805P290,2019-08-02,2019-08-02 09:37:14,0.76,1.1014,200,0.75,1.0869,6,0.79,1.1449,30,0.755,1.0942,654,0
SPY190805P290,2019-08-02,2019-08-02 09:37:15,0.76,1.1014,109,0.75,1.0869,6,0.79,1.1449,30,0.755,1.0942,654,0
SPY190805P290,2019-08-02,2019-08-02 09:37:21,0.77,1.1159,218,0.76,1.1014,6,0.79,1.1449,30,0.765,1.1086,654,0
SPY190805P290,2019-08-02,2019-08-02 09:37:21,0.77,1.1159,218,0.76,1.1014,100,0.79,1.1449,30,0.765,1.1086,654,0
SPY190805P290,2019-08-02,2019-08-02 09:37:27,0.76,1.1014,242,0.75,1.0869,6,0.79,1.1449,30,0.755,1.0942,654,0
SPY190805P290,2019-08-02,2019-08-02 09:37:29,0.78,1.1304,87,0.75,1.0869,25,0.75,1.0869,1,0.765,1.1086,655,1
SPY190805P290,2019-08-02,2019-08-02 09:37:30,0.77,1.1159,201,0.76,1.1014,100,0.75,1.0869,1,0.765,1.1086,655,0
SPY190805P290,2019-08-02,2019-08-02 09:37:31,0.77,1.1159,1,0.75,1.0869,36,0.75,1.0869,1,0.76,1.1014,655,0
SPY190805P290,2019-08-02,2019-08-02 09:37:32,0.78,1.1304,280,0.77,1.1159,6,0.75,1.0869,1,0.775,1.1231,655,0
SPY190805P290,2019-08-02,2019-08-02 09:37:33,0.78,1.1304,200,0.77,1.1159,191,0.77,1.1159,1,0.775,1.1231,656,1
SPY190805P290,2019-08-02,2019-08-02 09:37:34,0.79,1.1449,267,0.77,1.1159,6,0.78,1.1304,1,0.78,1.1304,658,2
SPY190805P290,2019-08-02,2019-08-02 09:37:35,0.8,1.1594,222,0.78,1.1304,5,0.78,1.1304,1,0.79,1.1449,658,0
SPY190805P290,2019-08-02,2019-08-02 09:37:35,0.81,1.1739,369,0.8,1.1594,38,0.78,1.1304,1,0.805,1.1666,658,0
SPY190805P290,2019-08-02,2019-08-02 09:37:36,0.82,1.1884,249,0.8,1.1594,227,0.78,1.1304,1,0.81,1.1739,658,0
SPY190805P290,2019-08-02,2019-08-02 09:37:37,0.8,1.1594,6,0.79,1.1449,216,0.78,1.1304,1,0.795,1.1521,658,0
SPY190805P290,2019-08-02,2019-08-02 09:37:37,0.81,1.1739,115,0.8,1.1594,5,0.78,1.1304,1,0.805,1.1666,658,0
SPY190805P290,2019-08-02,2019-08-02 09:37:39,0.81,1.1739,232,0.8,1.1594,100,0.78,1.1304,1,0.805,1.1666,658,0
SPY190805P290,2019-08-02,2019-08-02 09:37:39,0.81,1.1739,175,0.8,1.1594,100,0.78,1.1304,1,0.805,1.1666,658,0
SPY190805P290,2019-08-02,2019-08-02 09:37:41,0.79,1.1449,93,0.79,1.1449,5,0.78,1.1304,1,0.79,1.1449,658,0
SPY190805P290,2019-08-02,2019-08-02 09:37:42,0.79,1.1449,182,0.78,1.1304,5,0.78,1.1304,1,0.785,1.1376,658,0
SPY190805P290,2019-08-02,2019-08-02 09:37:42,0.79,1.1449,12,0.77,1.1159,36,0.78,1.1304,1,0.78,1.1304,658,0
SPY190805P290,2019-08-02,2019-08-02 09:37:43,0.81,1.1739,175,0.78,1.1304,183,0.78,1.1304,1,0.795,1.1521,658,0
SPY190805P290,2019-08-02,2019-08-02 09:37:45,0.79,1.1449,6,0.77,1.1159,6,0.78,1.1304,1,0.78,1.1304,658,0
SPY190805P290,2019-08-02,2019-08-02 09:37:46,0.8,1.1594,69,0.78,1.1304,221,0.78,1.1304,1,0.79,1.1449,658,0
SPY190805P290,2019-08-02,2019-08-02 09:37:47,0.78,1.1304,6,0.77,1.1159,228,0.78,1.1304,1,0.775,1.1231,658,0
SPY190805P290,2019-08-02,2019-08-02 09:37:47,0.8,1.1594,69,0.78,1.1304,222,0.78,1.1304,1,0.79,1.1449,658,0
SPY190805P290,2019-08-02,2019-08-02 09:37:48,0.78,1.1304,7,0.76,1.1014,42,0.78,1.1304,1,0.77,1.1159,658,0
SPY190805P290,2019-08-02,2019-08-02 09:37:49,0.77,1.1159,6,0.75,1.0869,37,0.78,1.1304,1,0.76,1.1014,658,0
SPY190805P290,2019-08-02,2019-08-02 09:37:49,0.77,1.1159,7,0.76,1.1014,5,0.76,1.1014,10,0.765,1.1086,668,10
SPY190805P290,2019-08-02,2019-08-02 09:37:50,0.77,1.1159,1,0.76,1.1014,119,0.76,1.1014,10,0.765,1.1086,668,0
SPY190805P290,2019-08-02,2019-08-02 09:37:50,0.78,1.1304,232,0.77,1.1159,6,0.76,1.1014,10,0.775,1.1231,668,0
SPY190805P290,2019-08-02,2019-08-02 09:37:51,0.78,1.1304,348,0.76,1.1014,6,0.76,1.1014,10,0.77,1.1159,668,0
SPY190805P290,2019-08-02,2019-08-02 09:37:52,0.79,1.1449,366,0.76,1.1014,23,0.76,1.1014,10,0.775,1.1231,668,0
SPY190805P290,2019-08-02,2019-08-02 09:37:52,0.79,1.1449,202,0.77,1.1159,223,0.76,1.1014,10,0.78,1.1304,668,0
SPY190805P290,2019-08-02,2019-08-02 09:37:53,0.79,1.1449,203,0.77,1.1159,156,0.76,1.1014,10,0.78,1.1304,668,0
SPY190805P290,2019-08-02,2019-08-02 09:37:54,0.79,1.1449,220,0.77,1.1159,38,0.76,1.1014,10,0.78,1.1304,668,0
SPY190805P290,2019-08-02,2019-08-02 09:37:54,0.79,1.1449,206,0.77,1.1159,201,0.76,1.1014,10,0.78,1.1304,668,0
SPY190805P290,2019-08-02,2019-08-02 09:37:55,0.79,1.1449,440,0.75,1.0869,226,0.76,1.1014,10,0.77,1.1159,668,0
SPY190805P290,2019-08-02,2019-08-02 09:37:56,0.79,1.1449,272,0.77,1.1159,226,0.76,1.1014,10,0.78,1.1304,668,0
SPY190805P290,2019-08-02,2019-08-02 09:37:56,0.78,1.1304,229,0.77,1.1159,6,0.76,1.1014,10,0.775,1.1231,668,0
SPY190805P290,2019-08-02,2019-08-02 09:37:57,0.8,1.1594,144,0.78,1.1304,223,0.76,1.1014,10,0.79,1.1449,668,0
SPY190805P290,2019-08-02,2019-08-02 09:37:58,0.8,1.1594,69,0.79,1.1449,175,0.76,1.1014,10,0.795,1.1521,668,0
SPY190805P290,2019-08-02,2019-08-02 09:37:59,0.78,1.1304,243,0.76,1.1014,43,0.76,1.1014,10,0.77,1.1159,668,0
SPY190805P290,2019-08-02,2019-08-02 09:37:59,0.8,1.1594,248,0.79,1.1449,5,0.76,1.1014,10,0.795,1.1521,668,0
SPY190805P290,2019-08-02,2019-08-02 09:38:00,0.78,1.1304,243,0.76,1.1014,5,0.76,1.1014,10,0.77,1.1159,668,0
SPY190805P290,2019-08-02,2019-08-02 09:38:01,0.76,1.1014,200,0.75,1.0869,209,0.76,1.1014,10,0.755,1.0942,668,0
SPY190805P290,2019-08-02,2019-08-02 09:38:02,0.76,1.1014,94,0.75,1.0869,59,0.76,1.1014,10,0.755,1.0942,668,0
SPY190805P290,2019-08-02,2019-08-02 09:38:03,0.77,1.1159,316,0.75,1.0869,259,0.76,1.1014,10,0.76,1.1014,668,0
SPY190805P290,2019-08-02,2019-08-02 09:38:04,0.77,1.1159,882,0.74,1.0724,225,0.75,1.0869,1,0.755,1.0942,719,51
SPY190805P290,2019-08-02,2019-08-02 09:38:04,0.76,1.1014,174,0.75,1.0869,60,0.75,1.0869,1,0.755,1.0942,719,0
SPY190805P290,2019-08-02,2019-08-02 09:38:05,0.75,1.0869,1,0.72,1.0434,366,0.75,1.0869,18,0.735,1.0652,737,18
SPY190805P290,2019-08-02,2019-08-02 09:38:06,0.75,1.0869,81,0.73,1.0579,6,0.74,1.0724,5,0.74,1.0724,753,15
SPY190805P290,2019-08-02,2019-08-02 09:38:06,0.75,1.0869,6,0.73,1.0579,6,0.75,1.0869,1,0.74,1.0724,738,1
SPY190805P290,2019-08-02,2019-08-02 09:38:07,0.75,1.0869,395,0.73,1.0579,6,0.74,1.0724,5,0.74,1.0724,753,0
SPY190805P290,2019-08-02,2019-08-02 09:38:08,0.75,1.0869,221,0.73,1.0579,231,0.74,1.0724,5,0.74,1.0724,773,20
SPY190805P290,2019-08-02,2019-08-02 09:38:10,0.75,1.0869,25,0.73,1.0579,193,0.74,1.0724,5,0.74,1.0724,778,5
SPY190805P290,2019-08-02,2019-08-02 09:38:11,0.75,1.0869,210,0.73,1.0579,38,0.75,1.0869,1,0.74,1.0724,811,33
SPY190805P290,2019-08-02,2019-08-02 09:38:11,0.76,1.1014,247,0.75,1.0869,5,0.74,1.0724,5,0.755,1.0942,778,0
SPY190805P290,2019-08-02,2019-08-02 09:38:12,0.75,1.0869,210,0.73,1.0579,38,0.75,1.0869,1,0.74,1.0724,811,0
SPY190805P290,2019-08-02,2019-08-02 09:38:13,0.77,1.1159,6,0.75,1.0869,228,0.75,1.0869,1,0.76,1.1014,811,0
SPY190805P290,2019-08-02,2019-08-02 09:38:14,0.79,1.1449,80,0.76,1.1014,29,0.75,1.0869,1,0.775,1.1231,811,0
SPY190805P290,2019-08-02,2019-08-02 09:38:16,0.78,1.1304,80,0.76,1.1014,222,0.75,1.0869,1,0.77,1.1159,811,0
SPY190805P290,2019-08-02,2019-08-02 09:38:16,0.79,1.1449,86,0.75,1.0869,118,0.75,1.0869,1,0.77,1.1159,811,0
SPY190805P290,2019-08-02,2019-08-02 09:38:18,0.78,1.1304,80,0.77,1.1159,5,0.77,1.1159,1,0.775,1.1231,823,6
SPY190805P290,2019-08-02,2019-08-02 09:38:18,0.78,1.1304,126,0.77,1.1159,5,0.77,1.1159,1,0.775,1.1231,817,6
SPY190805P290,2019-08-02,2019-08-02 09:38:19,0.78,1.1304,80,0.76,1.1014,226,0.77,1.1159,5,0.77,1.1159,828,5
SPY190805P290,2019-08-02,2019-08-02 09:38:20,0.77,1.1159,6,0.76,1.1014,184,0.77,1.1159,5,0.765,1.1086,844,16
SPY190805P290,2019-08-02,2019-08-02 09:38:21,0.79,1.1449,148,0.77,1.1159,5,0.77,1.1159,5,0.78,1.1304,844,0
SPY190805P290,2019-08-02,2019-08-02 09:38:22,0.78,1.1304,80,0.76,1.1014,221,0.77,1.1159,5,0.77,1.1159,844,0
SPY190805P290,2019-08-02,2019-08-02 09:38:22,0.78,1.1304,80,0.77,1.1159,5,0.77,1.1159,5,0.775,1.1231,844,0
SPY190805P290,2019-08-02,2019-08-02 09:38:23,0.77,1.1159,6,0.75,1.0869,221,0.77,1.1159,5,0.76,1.1014,849,5
SPY190805P290,2019-08-02,2019-08-02 09:38:24,0.77,1.1159,80,0.76,1.1014,5,0.77,1.1159,5,0.765,1.1086,849,0
SPY190805P290,2019-08-02,2019-08-02 09:38:24,0.77,1.1159,96,0.76,1.1014,5,0.77,1.1159,5,0.765,1.1086,849,0
SPY190805P290,2019-08-02,2019-08-02 09:38:25,0.76,1.1014,6,0.75,1.0869,221,0.77,1.1159,5,0.755,1.0942,849,0
SPY190805P290,2019-08-02,2019-08-02 09:38:29,0.78,1.1304,80,0.76,1.1014,137,0.77,1.1159,5,0.77,1.1159,849,0
SPY190805P290,2019-08-02,2019-08-02 09:38:35,0.75,1.0869,574,0.73,1.0579,5,0.74,1.0724,10,0.74,1.0724,886,37
SPY190805P290,2019-08-02,2019-08-02 09:38:36,0.75,1.0869,614,0.72,1.0434,218,0.74,1.0724,10,0.735,1.0652,886,0
SPY190805P290,2019-08-02,2019-08-02 09:38:36,0.74,1.0724,80,0.72,1.0434,218,0.74,1.0724,10,0.73,1.0579,886,0
SPY190805P290,2019-08-02,2019-08-02 09:38:37,0.74,1.0724,1,0.72,1.0434,100,0.74,1.0724,10,0.73,1.0579,886,0
SPY190805P290,2019-08-02,2019-08-02 09:38:38,0.74,1.0724,6,0.71,1.0289,6,0.74,1.0724,10,0.725,1.0507,886,0
SPY190805P290,2019-08-02,2019-08-02 09:38:39,0.75,1.0869,90,0.73,1.0579,6,0.74,1.0724,10,0.74,1.0724,886,0
SPY190805P290,2019-08-02,2019-08-02 09:38:39,0.75,1.0869,519,0.73,1.0579,5,0.74,1.0724,10,0.74,1.0724,886,0
SPY190805P290,2019-08-02,2019-08-02 09:38:40,0.76,1.1014,669,0.73,1.0579,197,0.74,1.0724,10,0.745,1.0797,886,0
SPY190805P290,2019-08-02,2019-08-02 09:38:41,0.75,1.0869,120,0.72,1.0434,35,0.74,1.0724,10,0.735,1.0652,886,0
SPY190805P290,2019-08-02,2019-08-02 09:38:49,0.75,1.0869,86,0.73,1.0579,211,0.74,1.0724,10,0.74,1.0724,886,0
SPY190805P290,2019-08-02,2019-08-02 09:38:51,0.76,1.1014,96,0.73,1.0579,235,0.74,1.0724,10,0.745,1.0797,886,0
SPY190805P290,2019-08-02,2019-08-02 09:38:51,0.76,1.1014,96,0.74,1.0724,175,0.74,1.0724,10,0.75,1.0869,886,0
SPY190805P290,2019-08-02,2019-08-02 09:38:53,0.75,1.0869,80,0.74,1.0724,216,0.74,1.0724,10,0.745,1.0797,886,0
SPY190805P290,2019-08-02,2019-08-02 09:38:53,0.76,1.1014,88,0.74,1.0724,131,0.74,1.0724,10,0.75,1.0869,886,0
SPY190805P290,2019-08-02,2019-08-02 09:38:56,0.75,1.0869,80,0.73,1.0579,115,0.75,1.0869,29,0.74,1.0724,915,29
SPY190805P290,2019-08-02,2019-08-02 09:38:57,0.75,1.0869,6,0.73,1.0579,174,0.74,1.0724,35,0.74,1.0724,950,35
SPY190805P290,2019-08-02,2019-08-02 09:38:58,0.76,1.1014,500,0.73,1.0579,5,0.74,1.0724,35,0.745,1.0797,950,0
SPY190805P290,2019-08-02,2019-08-02 09:38:58,0.75,1.0869,6,0.74,1.0724,23,0.74,1.0724,35,0.745,1.0797,950,0
SPY190805P290,2019-08-02,2019-08-02 09:38:59,0.75,1.0869,6,0.73,1.0579,194,0.74,1.0724,35,0.74,1.0724,950,0
SPY190805P290,2019-08-02,2019-08-02 09:39:00,0.73,1.0579,6,0.71,1.0289,130,0.74,1.0724,35,0.72,1.0434,950,0
SPY190805P290,2019-08-02,2019-08-02 09:39:01,0.73,1.0579,205,0.72,1.0434,30,0.74,1.0724,35,0.725,1.0507,950,0
SPY190805P290,2019-08-02,2019-08-02 09:39:02,0.72,1.0434,270,0.7,1.0144,72,0.7,1.0144,12,0.71,1.0289,1004,54
SPY190805P290,2019-08-02,2019-08-02 09:39:04,0.72,1.0434,439,0.7,1.0144,36,0.7,1.0144,12,0.71,1.0289,1042,38
SPY190805P290,2019-08-02,2019-08-02 09:39:06,0.71,1.0289,103,0.7,1.0144,134,0.7,1.0144,2,0.705,1.0217,1044,2
SPY190805P290,2019-08-02,2019-08-02 09:39:07,0.7,1.0144,205,0.69,1.0,6,0.71,1.0289,8,0.695,1.0072,1052,0
SPY190805P290,2019-08-02,2019-08-02 09:39:07,0.71,1.0289,205,0.7,1.0144,30,0.71,1.0289,8,0.705,1.0217,1052,8
SPY190805P290,2019-08-02,2019-08-02 09:39:08,0.7,1.0144,215,0.68,0.9855,209,0.71,1.0289,8,0.69,1.0,1052,0
SPY190805P290,2019-08-02,2019-08-02 09:39:09,0.7,1.0144,6,0.69,1.0,30,0.71,1.0289,8,0.695,1.0072,1052,0
SPY190805P290,2019-08-02,2019-08-02 09:39:10,0.71,1.0289,283,0.69,1.0,100,0.71,1.0289,8,0.7,1.0144,1052,0
SPY190805P290,2019-08-02,2019-08-02 09:39:10,0.72,1.0434,249,0.7,1.0144,135,0.71,1.0289,8,0.71,1.0289,1052,0
SPY190805P290,2019-08-02,2019-08-02 09:39:11,0.72,1.0434,249,0.7,1.0144,6,0.71,1.0289,8,0.71,1.0289,1052,0
SPY190805P290,2019-08-02,2019-08-02 09:39:12,0.71,1.0289,205,0.7,1.0144,6,0.71,1.0289,8,0.705,1.0217,1052,0
SPY190805P290,2019-08-02,2019-08-02 09:39:12,0.71,1.0289,205,0.69,1.0,154,0.71,1.0289,8,0.7,1.0144,1052,0
SPY190805P290,2019-08-02,2019-08-02 09:39:13,0.71,1.0289,255,0.69,1.0,129,0.71,1.0289,8,0.7,1.0144,1052,0
SPY190805P290,2019-08-02,2019-08-02 09:39:13,0.71,1.0289,103,0.68,0.9855,243,0.71,1.0289,8,0.695,1.0072,1052,0
SPY190805P290,2019-08-02,2019-08-02 09:39:14,0.71,1.0289,255,0.69,1.0,100,0.71,1.0289,8,0.7,1.0144,1052,0
SPY190805P290,2019-08-02,2019-08-02 09:39:15,0.7,1.0144,205,0.69,1.0,6,0.71,1.0289,8,0.695,1.0072,1052,0
SPY190805P290,2019-08-02,2019-08-02 09:39:15,0.7,1.0144,205,0.69,1.0,100,0.71,1.0289,8,0.695,1.0072,1052,0
SPY190805P290,2019-08-02,2019-08-02 09:39:16,0.7,1.0144,205,0.69,1.0,6,0.71,1.0289,8,0.695,1.0072,1052,0
SPY190805P290,2019-08-02,2019-08-02 09:39:17,0.7,1.0144,138,0.68,0.9855,141,0.71,1.0289,8,0.69,1.0,1052,0
SPY190805P290,2019-08-02,2019-08-02 09:39:17,0.7,1.0144,138,0.69,1.0,6,0.71,1.0289,8,0.695,1.0072,1052,0
SPY190805P290,2019-08-02,2019-08-02 09:39:18,0.69,1.0,205,0.68,0.9855,141,0.71,1.0289,8,0.685,0.9927,1052,0
SPY190805P290,2019-08-02,2019-08-02 09:39:19,0.69,1.0,208,0.67,0.971,134,0.71,1.0289,8,0.68,0.9855,1052,0
SPY190805P290,2019-08-02,2019-08-02 09:39:19,0.69,1.0,99,0.68,0.9855,6,0.71,1.0289,8,0.685,0.9927,1052,0
SPY190805P290,2019-08-02,2019-08-02 09:39:20,0.69,1.0,208,0.67,0.971,134,0.71,1.0289,8,0.68,0.9855,1052,0
SPY190805P290,2019-08-02,2019-08-02 09:39:21,0.69,1.0,205,0.68,0.9855,6,0.71,1.0289,8,0.685,0.9927,1052,0
SPY190805P290,2019-08-02,2019-08-02 09:39:22,0.68,0.9855,20,0.67,0.971,133,0.71,1.0289,8,0.675,0.9782,1052,0
SPY190805P290,2019-08-02,2019-08-02 09:39:23,0.68,0.9855,29,0.67,0.971,133,0.71,1.0289,8,0.675,0.9782,1052,0
SPY190805P290,2019-08-02,2019-08-02 09:39:23,0.68,0.9855,39,0.67,0.971,100,0.71,1.0289,8,0.675,0.9782,1052,0
SPY190805P290,2019-08-02,2019-08-02 09:39:25,0.69,1.0,389,0.67,0.971,30,0.71,1.0289,8,0.68,0.9855,1052,0
SPY190805P290,2019-08-02,2019-08-02 09:39:26,0.69,1.0,379,0.67,0.971,30,0.71,1.0289,8,0.68,0.9855,1052,0
SPY190805P290,2019-08-02,2019-08-02 09:39:26,0.68,0.9855,45,0.67,0.971,98,0.71,1.0289,8,0.675,0.9782,1052,0
SPY190805P290,2019-08-02,2019-08-02 09:39:27,0.69,1.0,394,0.67,0.971,1,0.71,1.0289,8,0.68,0.9855,1052,0
SPY190805P290,2019-08-02,2019-08-02 09:39:28,0.67,0.971,266,0.64,0.9275,235,0.67,0.971,1,0.655,0.9492,1053,1
SPY190805P290,2019-08-02,2019-08-02 09:39:28,0.67,0.971,466,0.65,0.942,6,0.67,0.971,1,0.66,0.9565,1053,0
SPY190805P290,2019-08-02,2019-08-02 09:39:29,0.67,0.971,406,0.65,0.942,6,0.67,0.971,1,0.66,0.9565,1053,0
SPY190805P290,2019-08-02,2019-08-02 09:39:30,0.66,0.9565,209,0.65,0.942,6,0.67,0.971,1,0.655,0.9492,1053,0
SPY190805P290,2019-08-02,2019-08-02 09:39:31,0.67,0.971,209,0.66,0.9565,6,0.67,0.971,1,0.665,0.9637,1053,0
SPY190805P290,2019-08-02,2019-08-02 09:39:31,0.66,0.9565,101,0.65,0.942,33,0.67,0.971,1,0.655,0.9492,1053,0
SPY190805P290,2019-08-02,2019-08-02 09:39:33,0.66,0.9565,294,0.64,0.9275,6,0.67,0.971,1,0.65,0.942,1053,0
SPY190805P290,2019-08-02,2019-08-02 09:39:35,0.64,0.9275,43,0.62,0.8985,6,0.67,0.971,1,0.63,0.913,1053,0
SPY190805P290,2019-08-02,2019-08-02 09:39:36,0.63,0.913,39,0.62,0.8985,6,0.67,0.971,1,0.625,0.9057,1053,0
SPY190805P290,2019-08-02,2019-08-02 09:39:38,0.63,0.913,458,0.6,0.8695,83,0.67,0.971,1,0.615,0.8913,1053,0
SPY190805P290,2019-08-02,2019-08-02 09:39:39,0.63,0.913,20,0.62,0.8985,38,0.67,0.971,1,0.625,0.9057,1053,0
SPY190805P290,2019-08-02,2019-08-02 09:39:39,0.64,0.9275,297,0.62,0.8985,6,0.67,0.971,1,0.63,0.913,1053,0
SPY190805P290,2019-08-02,2019-08-02 09:39:40,0.64,0.9275,176,0.63,0.913,6,0.67,0.971,1,0.635,0.9202,1053,0
SPY190805P290,2019-08-02,2019-08-02 09:39:41,0.65,0.942,567,0.63,0.913,37,0.67,0.971,1,0.64,0.9275,1053,0
SPY190805P290,2019-08-02,2019-08-02 09:39:42,0.66,0.9565,207,0.62,0.8985,90,0.67,0.971,1,0.64,0.9275,1053,0
SPY190805P290,2019-08-02,2019-08-02 09:39:43,0.66,0.9565,215,0.64,0.9275,100,0.67,0.971,1,0.65,0.942,1053,0
SPY190805P290,2019-08-02,2019-08-02 09:39:44,0.67,0.971,536,0.64,0.9275,37,0.67,0.971,1,0.655,0.9492,1053,0
SPY190805P290,2019-08-02,2019-08-02 09:39:45,0.67,0.971,444,0.64,0.9275,262,0.67,0.971,1,0.655,0.9492,1053,0
SPY190805P290,2019-08-02,2019-08-02 09:39:45,0.66,0.9565,39,0.64,0.9275,295,0.67,0.971,1,0.65,0.942,1053,0
SPY190805P290,2019-08-02,2019-08-02 09:39:46,0.66,0.9565,115,0.64,0.9275,177,0.67,0.971,1,0.65,0.942,1053,0
SPY190805P290,2019-08-02,2019-08-02 09:39:47,0.65,0.942,216,0.63,0.913,37,0.67,0.971,1,0.64,0.9275,1053,0
SPY190805P290,2019-08-02,2019-08-02 09:39:48,0.65,0.942,441,0.63,0.913,6,0.67,0.971,1,0.64,0.9275,1053,0
SPY190805P290,2019-08-02,2019-08-02 09:39:48,0.65,0.942,441,0.63,0.913,37,0.67,0.971,1,0.64,0.9275,1053,0
SPY190805P290,2019-08-02,2019-08-02 09:39:49,0.64,0.9275,111,0.62,0.8985,67,0.67,0.971,1,0.63,0.913,1053,0
SPY190805P290,2019-08-02,2019-08-02 09:39:50,0.64,0.9275,127,0.63,0.913,6,0.67,0.971,1,0.635,0.9202,1053,0
SPY190805P290,2019-08-02,2019-08-02 09:39:51,0.65,0.942,211,0.64,0.9275,6,0.67,0.971,1,0.645,0.9347,1053,0
SPY190805P290,2019-08-02,2019-08-02 09:39:52,0.65,0.942,39,0.63,0.913,225,0.67,0.971,1,0.64,0.9275,1053,0
SPY190805P290,2019-08-02,2019-08-02 09:39:53,0.65,0.942,184,0.62,0.8985,395,0.67,0.971,1,0.635,0.9202,1053,0
SPY190805P290,2019-08-02,2019-08-02 09:39:54,0.65,0.942,7,0.64,0.9275,6,0.67,0.971,1,0.645,0.9347,1053,0
SPY190805P290,2019-08-02,2019-08-02 09:39:55,0.65,0.942,248,0.62,0.8985,238,0.67,0.971,1,0.635,0.9202,1053,0
SPY190805P290,2019-08-02,2019-08-02 09:39:56,0.65,0.942,160,0.63,0.913,68,0.67,0.971,1,0.64,0.9275,1053,0
SPY190805P290,2019-08-02,2019-08-02 09:39:56,0.65,0.942,128,0.64,0.9275,6,0.67,0.971,1,0.645,0.9347,1053,0
SPY190805P290,2019-08-02,2019-08-02 09:39:57,0.66,0.9565,91,0.64,0.9275,6,0.67,0.971,1,0.65,0.942,1053,0
SPY190805P290,2019-08-02,2019-08-02 09:39:58,0.67,0.971,6,0.64,0.9275,399,0.67,0.971,1,0.655,0.9492,1053,0
SPY190805P290,2019-08-02,2019-08-02 09:39:58,0.66,0.9565,56,0.66,0.9565,6,0.67,0.971,1,0.66,0.9565,1053,0
SPY190805P290,2019-08-02,2019-08-02 09:39:59,0.68,0.9855,39,0.66,0.9565,100,0.67,0.971,1,0.67,0.971,1053,0
SPY190805P290,2019-08-02,2019-08-02 09:40:00,0.68,0.9855,39,0.66,0.9565,136,0.67,0.971,1,0.67,0.971,1053,0
SPY190805P290,2019-08-02,2019-08-02 09:40:00,0.68,0.9855,39,0.65,0.942,252,0.67,0.971,1,0.665,0.9637,1053,0
SPY190805P290,2019-08-02,2019-08-02 09:40:01,0.68,0.9855,3,0.66,0.9565,127,0.67,0.971,1,0.67,0.971,1053,0
SPY190805P290,2019-08-02,2019-08-02 09:40:01,0.68,0.9855,3,0.66,0.9565,636,0.67,0.971,1,0.67,0.971,1053,0
SPY190805P290,2019-08-02,2019-08-02 09:40:02,0.68,0.9855,3,0.67,0.971,100,0.67,0.971,1,0.675,0.9782,1053,0
SPY190805P290,2019-08-02,2019-08-02 09:40:03,0.69,1.0,39,0.67,0.971,197,0.68,0.9855,3,0.68,0.9855,1056,3
SPY190805P290,2019-08-02,2019-08-02 09:40:03,0.68,0.9855,3,0.67,0.971,6,0.67,0.971,1,0.675,0.9782,1053,0
SPY190805P290,2019-08-02,2019-08-02 09:40:04,0.69,1.0,39,0.68,0.9855,6,0.68,0.9855,3,0.685,0.9927,1056,0
SPY190805P290,2019-08-02,2019-08-02 09:40:05,0.7,1.0144,43,0.68,0.9855,41,0.68,0.9855,3,0.69,1.0,1056,0
SPY190805P290,2019-08-02,2019-08-02 09:40:06,0.7,1.0144,34,0.68,0.9855,127,0.68,0.9855,3,0.69,1.0,1056,0
SPY190805P290,2019-08-02,2019-08-02 09:40:07,0.69,1.0,6,0.67,0.971,90,0.68,0.9855,3,0.68,0.9855,1056,0
SPY190805P290,2019-08-02,2019-08-02 09:40:07,0.69,1.0,243,0.66,0.9565,310,0.68,0.9855,3,0.675,0.9782,1056,0
SPY190805P290,2019-08-02,2019-08-02 09:40:08,0.69,1.0,122,0.67,0.971,131,0.68,0.9855,3,0.68,0.9855,1056,0
SPY190805P290,2019-08-02,2019-08-02 09:40:09,0.7,1.0144,90,0.68,0.9855,6,0.68,0.9855,3,0.69,1.0,1056,0
SPY190805P290,2019-08-02,2019-08-02 09:40:09,0.7,1.0144,143,0.69,1.0,6,0.68,0.9855,3,0.695,1.0072,1056,0
SPY190805P290,2019-08-02,2019-08-02 09:40:10,0.71,1.0289,211,0.69,1.0,6,0.68,0.9855,3,0.7,1.0144,1056,0
SPY190805P290,2019-08-02,2019-08-02 09:40:10,0.71,1.0289,211,0.7,1.0144,124,0.68,0.9855,3,0.705,1.0217,1056,0
SPY190805P290,2019-08-02,2019-08-02 09:40:12,0.72,1.0434,39,0.71,1.0289,6,0.68,0.9855,3,0.715,1.0362,1056,0
SPY190805P290,2019-08-02,2019-08-02 09:40:12,0.72,1.0434,39,0.7,1.0144,362,0.68,0.9855,3,0.71,1.0289,1056,0
SPY190805P290,2019-08-02,2019-08-02 09:40:13,0.73,1.0579,39,0.71,1.0289,284,0.68,0.9855,3,0.72,1.0434,1056,0
SPY190805P290,2019-08-02,2019-08-02 09:40:13,0.74,1.0724,241,0.72,1.0434,83,0.68,0.9855,3,0.73,1.0579,1056,0
SPY190805P290,2019-08-02,2019-08-02 09:40:14,0.74,1.0724,236,0.72,1.0434,100,0.68,0.9855,3,0.73,1.0579,1056,0
SPY190805P290,2019-08-02,2019-08-02 09:40:15,0.72,1.0434,39,0.7,1.0144,224,0.68,0.9855,3,0.71,1.0289,1056,0
SPY190805P290,2019-08-02,2019-08-02 09:40:15,0.73,1.0579,43,0.71,1.0289,96,0.68,0.9855,3,0.72,1.0434,1056,0
SPY190805P290,2019-08-02,2019-08-02 09:40:16,0.71,1.0289,39,0.69,1.0,231,0.68,0.9855,3,0.7,1.0144,1056,0
SPY190805P290,2019-08-02,2019-08-02 09:40:16,0.72,1.0434,90,0.7,1.0144,184,0.68,0.9855,3,0.71,1.0289,1056,0
SPY190805P290,2019-08-02,2019-08-02 09:40:17,0.72,1.0434,137,0.7,1.0144,6,0.68,0.9855,3,0.71,1.0289,1056,0
SPY190805P290,2019-08-02,2019-08-02 09:40:18,0.71,1.0289,26,0.69,1.0,204,0.68,0.9855,3,0.7,1.0144,1056,0
SPY190805P290,2019-08-02,2019-08-02 09:40:18,0.72,1.0434,137,0.7,1.0144,6,0.68,0.9855,3,0.71,1.0289,1056,0
SPY190805P290,2019-08-02,2019-08-02 09:40:19,0.71,1.0289,43,0.69,1.0,136,0.68,0.9855,3,0.7,1.0144,1056,0
SPY190805P290,2019-08-02,2019-08-02 09:40:20,0.7,1.0144,39,0.68,0.9855,398,0.68,0.9855,3,0.69,1.0,1056,0
SPY190805P290,2019-08-02,2019-08-02 09:40:20,0.72,1.0434,272,0.68,0.9855,137,0.68,0.9855,3,0.7,1.0144,1056,0
SPY190805P290,2019-08-02,2019-08-02 09:40:21,0.71,1.0289,1,0.7,1.0144,6,0.71,1.0289,29,0.705,1.0217,1085,29
SPY190805P290,2019-08-02,2019-08-02 09:40:21,0.72,1.0434,194,0.71,1.0289,6,0.71,1.0289,1,0.715,1.0362,1086,1
SPY190805P290,2019-08-02,2019-08-02 09:40:22,0.72,1.0434,194,0.7,1.0144,6,0.71,1.0289,1,0.71,1.0289,1086,0
SPY190805P290,2019-08-02,2019-08-02 09:40:23,0.72,1.0434,197,0.7,1.0144,37,0.72,1.0434,60,0.71,1.0289,1146,60
SPY190805P290,2019-08-02,2019-08-02 09:40:24,0.71,1.0289,25,0.71,1.0289,6,0.72,1.0434,60,0.71,1.0289,1146,0
SPY190805P290,2019-08-02,2019-08-02 09:40:25,0.71,1.0289,25,0.7,1.0144,6,0.72,1.0434,60,0.705,1.0217,1146,0
SPY190805P290,2019-08-02,2019-08-02 09:40:25,0.72,1.0434,481,0.7,1.0144,41,0.72,1.0434,1,0.71,1.0289,1147,1
SPY190805P290,2019-08-02,2019-08-02 09:40:26,0.71,1.0289,81,0.7,1.0144,6,0.72,1.0434,1,0.705,1.0217,1147,0
SPY190805P290,2019-08-02,2019-08-02 09:40:27,0.72,1.0434,214,0.71,1.0289,6,0.72,1.0434,1,0.715,1.0362,1147,0
SPY190805P290,2019-08-02,2019-08-02 09:40:28,0.71,1.0289,5,0.7,1.0144,37,0.72,1.0434,1,0.705,1.0217,1147,0
SPY190805P290,2019-08-02,2019-08-02 09:40:29,0.72,1.0434,230,0.71,1.0289,6,0.72,1.0434,1,0.715,1.0362,1147,0
SPY190805P290,2019-08-02,2019-08-02 09:40:29,0.72,1.0434,109,0.71,1.0289,6,0.72,1.0434,1,0.715,1.0362,1147,0
SPY190805P290,2019-08-02,2019-08-02 09:40:30,0.73,1.0579,97,0.72,1.0434,6,0.72,1.0434,1,0.725,1.0507,1147,0
SPY190805P290,2019-08-02,2019-08-02 09:40:31,0.73,1.0579,229,0.72,1.0434,6,0.72,1.0434,1,0.725,1.0507,1147,0
SPY190805P290,2019-08-02,2019-08-02 09:40:31,0.73,1.0579,33,0.72,1.0434,6,0.72,1.0434,1,0.725,1.0507,1147,0
SPY190805P290,2019-08-02,2019-08-02 09:40:32,0.74,1.0724,215,0.73,1.0579,6,0.72,1.0434,1,0.735,1.0652,1147,0
SPY190805P290,2019-08-02,2019-08-02 09:40:32,0.74,1.0724,108,0.72,1.0434,90,0.72,1.0434,1,0.73,1.0579,1147,0
SPY190805P290,2019-08-02,2019-08-02 09:40:33,0.75,1.0869,151,0.73,1.0579,124,0.72,1.0434,1,0.74,1.0724,1147,0
SPY190805P290,2019-08-02,2019-08-02 09:40:33,0.75,1.0869,341,0.72,1.0434,372,0.72,1.0434,1,0.735,1.0652,1147,0
SPY190805P290,2019-08-02,2019-08-02 09:40:34,0.74,1.0724,17,0.73,1.0579,100,0.72,1.0434,1,0.735,1.0652,1147,0
SPY190805P290,2019-08-02,2019-08-02 09:40:35,0.75,1.0869,103,0.73,1.0579,121,0.72,1.0434,1,0.74,1.0724,1147,0
SPY190805P290,2019-08-02,2019-08-02 09:40:35,0.76,1.1014,286,0.74,1.0724,6,0.72,1.0434,1,0.75,1.0869,1147,0
SPY190805P290,2019-08-02,2019-08-02 09:40:36,0.77,1.1159,229,0.74,1.0724,272,0.72,1.0434,1,0.755,1.0942,1147,0
SPY190805P290,2019-08-02,2019-08-02 09:40:37,0.77,1.1159,229,0.74,1.0724,715,0.72,1.0434,1,0.755,1.0942,1147,0
SPY190805P290,2019-08-02,2019-08-02 09:40:37,0.77,1.1159,209,0.75,1.0869,19,0.72,1.0434,1,0.76,1.1014,1147,0
SPY190805P290,2019-08-02,2019-08-02 09:40:38,0.76,1.1014,24,0.74,1.0724,207,0.72,1.0434,1,0.75,1.0869,1147,0
SPY190805P290,2019-08-02,2019-08-02 09:40:39,0.76,1.1014,68,0.74,1.0724,117,0.72,1.0434,1,0.75,1.0869,1147,0
SPY190805P290,2019-08-02,2019-08-02 09:40:40,0.76,1.1014,206,0.74,1.0724,117,0.72,1.0434,1,0.75,1.0869,1147,0
SPY190805P290,2019-08-02,2019-08-02 09:40:41,0.75,1.0869,206,0.73,1.0579,41,0.72,1.0434,1,0.74,1.0724,1147,0
SPY190805P290,2019-08-02,2019-08-02 09:40:42,0.75,1.0869,316,0.73,1.0579,41,0.72,1.0434,1,0.74,1.0724,1147,0
SPY190805P290,2019-08-02,2019-08-02 09:40:43,0.75,1.0869,316,0.73,1.0579,41,0.72,1.0434,1,0.74,1.0724,1147,0
SPY190805P290,2019-08-02,2019-08-02 09:40:44,0.76,1.1014,137,0.75,1.0869,6,0.72,1.0434,1,0.755,1.0942,1147,0
SPY190805P290,2019-08-02,2019-08-02 09:40:44,0.76,1.1014,97,0.75,1.0869,6,0.72,1.0434,1,0.755,1.0942,1147,0
SPY190805P290,2019-08-02,2019-08-02 09:40:45,0.76,1.1014,143,0.73,1.0579,146,0.72,1.0434,1,0.745,1.0797,1147,0
SPY190805P290,2019-08-02,2019-08-02 09:40:46,0.74,1.0724,13,0.73,1.0579,6,0.72,1.0434,1,0.735,1.0652,1147,0
SPY190805P290,2019-08-02,2019-08-02 09:40:46,0.74,1.0724,5,0.73,1.0579,6,0.72,1.0434,1,0.735,1.0652,1147,0
SPY190805P290,2019-08-02,2019-08-02 09:40:47,0.74,1.0724,124,0.73,1.0579,6,0.72,1.0434,1,0.735,1.0652,1147,0
SPY190805P290,2019-08-02,2019-08-02 09:40:48,0.75,1.0869,341,0.73,1.0579,37,0.72,1.0434,1,0.74,1.0724,1147,0
SPY190805P290,2019-08-02,2019-08-02 09:40:49,0.75,1.0869,95,0.74,1.0724,6,0.72,1.0434,1,0.745,1.0797,1147,0
SPY190805P290,2019-08-02,2019-08-02 09:40:50,0.76,1.1014,203,0.75,1.0869,6,0.72,1.0434,1,0.755,1.0942,1147,0
SPY190805P290,2019-08-02,2019-08-02 09:40:50,0.76,1.1014,144,0.75,1.0869,6,0.72,1.0434,1,0.755,1.0942,1147,0
SPY190805P290,2019-08-02,2019-08-02 09:40:51,0.76,1.1014,161,0.75,1.0869,6,0.72,1.0434,1,0.755,1.0942,1147,0
SPY190805P290,2019-08-02,2019-08-02 09:40:52,0.76,1.1014,1,0.75,1.0869,6,0.72,1.0434,1,0.755,1.0942,1147,0
SPY190805P290,2019-08-02,2019-08-02 09:40:53,0.77,1.1159,6,0.76,1.1014,6,0.77,1.1159,48,0.765,1.1086,1237,90
SPY190805P290,2019-08-02,2019-08-02 09:40:53,0.78,1.1304,382,0.76,1.1014,37,0.78,1.1304,40,0.77,1.1159,1295,58
SPY190805P290,2019-08-02,2019-08-02 09:40:54,0.78,1.1304,44,0.76,1.1014,155,0.78,1.1304,40,0.77,1.1159,1295,0
SPY190805P290,2019-08-02,2019-08-02 09:40:55,0.78,1.1304,42,0.76,1.1014,122,0.78,1.1304,40,0.77,1.1159,1295,0
SPY190805P290,2019-08-02,2019-08-02 09:40:56,0.78,1.1304,14,0.76,1.1014,197,0.78,1.1304,40,0.77,1.1159,1295,0
SPY190805P290,2019-08-02,2019-08-02 09:40:56,0.79,1.1449,425,0.77,1.1159,35,0.78,1.1304,40,0.78,1.1304,1295,0
SPY190805P290,2019-08-02,2019-08-02 09:40:57,0.78,1.1304,6,0.76,1.1014,197,0.78,1.1304,40,0.77,1.1159,1295,0
SPY190805P290,2019-08-02,2019-08-02 09:40:57,0.78,1.1304,6,0.76,1.1014,199,0.78,1.1304,40,0.77,1.1159,1295,0
SPY190805P290,2019-08-02,2019-08-02 09:40:58,0.79,1.1449,6,0.77,1.1159,85,0.78,1.1304,40,0.78,1.1304,1295,0
SPY190805P290,2019-08-02,2019-08-02 09:40:59,0.77,1.1159,201,0.75,1.0869,65,0.78,1.1304,40,0.76,1.1014,1295,0
SPY190805P290,2019-08-02,2019-08-02 09:40:59,0.78,1.1304,14,0.76,1.1014,455,0.78,1.1304,40,0.77,1.1159,1295,0
SPY190805P290,2019-08-02,2019-08-02 09:41:00,0.77,1.1159,201,0.75,1.0869,78,0.78,1.1304,40,0.76,1.1014,1295,0
SPY190805P290,2019-08-02,2019-08-02 09:41:01,0.77,1.1159,201,0.75,1.0869,33,0.78,1.1304,40,0.76,1.1014,1295,0
SPY190805P290,2019-08-02,2019-08-02 09:41:02,0.76,1.1014,94,0.75,1.0869,6,0.78,1.1304,40,0.755,1.0942,1295,0
SPY190805P290,2019-08-02,2019-08-02 09:41:02,0.77,1.1159,212,0.75,1.0869,6,0.78,1.1304,40,0.76,1.1014,1295,0
SPY190805P290,2019-08-02,2019-08-02 09:41:03,0.77,1.1159,212,0.75,1.0869,37,0.78,1.1304,40,0.76,1.1014,1295,0
SPY190805P290,2019-08-02,2019-08-02 09:41:04,0.76,1.1014,94,0.75,1.0869,37,0.78,1.1304,40,0.755,1.0942,1295,0
SPY190805P290,2019-08-02,2019-08-02 09:41:04,0.76,1.1014,132,0.74,1.0724,242,0.78,1.1304,40,0.75,1.0869,1295,0
SPY190805P290,2019-08-02,2019-08-02 09:41:05,0.76,1.1014,132,0.74,1.0724,289,0.78,1.1304,40,0.75,1.0869,1295,0
SPY190805P290,2019-08-02,2019-08-02 09:41:06,0.76,1.1014,150,0.75,1.0869,6,0.78,1.1304,40,0.755,1.0942,1295,0
SPY190805P290,2019-08-02,2019-08-02 09:41:06,0.76,1.1014,94,0.75,1.0869,6,0.78,1.1304,40,0.755,1.0942,1295,0
SPY190805P290,2019-08-02,2019-08-02 09:41:07,0.76,1.1014,381,0.74,1.0724,6,0.78,1.1304,40,0.75,1.0869,1295,0
SPY190805P290,2019-08-02,2019-08-02 09:41:08,0.76,1.1014,381,0.74,1.0724,6,0.78,1.1304,40,0.75,1.0869,1295,0
SPY190805P290,2019-08-02,2019-08-02 09:41:09,0.76,1.1014,213,0.74,1.0724,86,0.78,1.1304,40,0.75,1.0869,1295,0
SPY190805P290,2019-08-02,2019-08-02 09:41:09,0.76,1.1014,6,0.75,1.0869,9,0.78,1.1304,40,0.755,1.0942,1295,0
SPY190805P290,2019-08-02,2019-08-02 09:41:10,0.77,1.1159,270,0.75,1.0869,9,0.78,1.1304,40,0.76,1.1014,1295,0
SPY190805P290,2019-08-02,2019-08-02 09:41:11,0.77,1.1159,171,0.76,1.1014,6,0.77,1.1159,2,0.765,1.1086,1297,0
SPY190805P290,2019-08-02,2019-08-02 09:41:11,0.77,1.1159,171,0.76,1.1014,6,0.77,1.1159,2,0.765,1.1086,1297,2
SPY190805P290,2019-08-02,2019-08-02 09:41:12,0.79,1.1449,6,0.76,1.1014,152,0.77,1.1159,2,0.775,1.1231,1297,0
SPY190805P290,2019-08-02,2019-08-02 09:41:13,0.78,1.1304,201,0.77,1.1159,6,0.77,1.1159,2,0.775,1.1231,1297,0
SPY190805P290,2019-08-02,2019-08-02 09:41:13,0.78,1.1304,252,0.76,1.1014,117,0.77,1.1159,2,0.77,1.1159,1297,0
SPY190805P290,2019-08-02,2019-08-02 09:41:14,0.77,1.1159,46,0.75,1.0869,117,0.77,1.1159,2,0.76,1.1014,1297,0
SPY190805P290,2019-08-02,2019-08-02 09:41:15,0.77,1.1159,301,0.75,1.0869,89,0.77,1.1159,2,0.76,1.1014,1297,0
SPY190805P290,2019-08-02,2019-08-02 09:41:16,0.77,1.1159,201,0.75,1.0869,9,0.77,1.1159,2,0.76,1.1014,1297,0
SPY190805P290,2019-08-02,2019-08-02 09:41:18,0.77,1.1159,107,0.76,1.1014,6,0.77,1.1159,2,0.765,1.1086,1297,0
SPY190805P290,2019-08-02,2019-08-02 09:41:19,0.77,1.1159,19,0.76,1.1014,7,0.77,1.1159,2,0.765,1.1086,1297,0
SPY190805P290,2019-08-02,2019-08-02 09:41:21,0.77,1.1159,150,0.76,1.1014,1,0.77,1.1159,2,0.765,1.1086,1297,0
SPY190805P290,2019-08-02,2019-08-02 09:41:22,0.76,1.1014,101,0.75,1.0869,9,0.76,1.1014,1,0.755,1.0942,1298,1
SPY190805P290,2019-08-02,2019-08-02 09:41:24,0.73,1.0579,309,0.7,1.0144,203,0.75,1.0869,3,0.715,1.0362,1301,3
SPY190805P290,2019-08-02,2019-08-02 09:41:27,0.75,1.0869,131,0.73,1.0579,6,0.75,1.0869,3,0.74,1.0724,1301,0
SPY190805P290,2019-08-02,2019-08-02 09:41:27,0.75,1.0869,131,0.74,1.0724,6,0.75,1.0869,3,0.745,1.0797,1301,0
SPY190805P290,2019-08-02,2019-08-02 09:41:29,0.74,1.0724,5,0.73,1.0579,36,0.75,1.0869,3,0.735,1.0652,1301,0
SPY190805P290,2019-08-02,2019-08-02 09:41:30,0.75,1.0869,201,0.73,1.0579,37,0.75,1.0869,3,0.74,1.0724,1301,0
SPY190805P290,2019-08-02,2019-08-02 09:41:30,0.74,1.0724,5,0.73,1.0579,105,0.75,1.0869,3,0.735,1.0652,1301,0
SPY190805P290,2019-08-02,2019-08-02 09:41:31,0.75,1.0869,116,0.73,1.0579,120,0.75,1.0869,3,0.74,1.0724,1301,0
SPY190805P290,2019-08-02,2019-08-02 09:41:33,0.75,1.0869,119,0.72,1.0434,157,0.75,1.0869,3,0.735,1.0652,1301,0
SPY190805P290,2019-08-02,2019-08-02 09:41:33,0.75,1.0869,201,0.72,1.0434,32,0.75,1.0869,3,0.735,1.0652,1301,0
SPY190805P290,2019-08-02,2019-08-02 09:41:34,0.74,1.0724,6,0.72,1.0434,26,0.75,1.0869,3,0.73,1.0579,1301,0
SPY190805P290,2019-08-02,2019-08-02 09:41:35,0.74,1.0724,297,0.72,1.0434,26,0.75,1.0869,3,0.73,1.0579,1301,0
SPY190805P290,2019-08-02,2019-08-02 09:41:36,0.73,1.0579,296,0.71,1.0289,37,0.75,1.0869,3,0.72,1.0434,1301,0
SPY190805P290,2019-08-02,2019-08-02 09:41:37,0.74,1.0724,102,0.72,1.0434,71,0.75,1.0869,3,0.73,1.0579,1301,0
SPY190805P290,2019-08-02,2019-08-02 09:41:37,0.73,1.0579,296,0.71,1.0289,37,0.75,1.0869,3,0.72,1.0434,1301,0
SPY190805P290,2019-08-02,2019-08-02 09:41:38,0.74,1.0724,181,0.72,1.0434,37,0.75,1.0869,3,0.73,1.0579,1301,0
SPY190805P290,2019-08-02,2019-08-02 09:41:40,0.73,1.0579,100,0.71,1.0289,37,0.75,1.0869,3,0.72,1.0434,1301,0
SPY190805P290,2019-08-02,2019-08-02 09:41:41,0.74,1.0724,296,0.72,1.0434,37,0.75,1.0869,3,0.73,1.0579,1301,0
SPY190805P290,2019-08-02,2019-08-02 09:41:41,0.75,1.0869,96,0.73,1.0579,6,0.75,1.0869,3,0.74,1.0724,1301,0
SPY190805P290,2019-08-02,2019-08-02 09:41:42,0.75,1.0869,6,0.73,1.0579,189,0.75,1.0869,3,0.74,1.0724,1301,0
SPY190805P290,2019-08-02,2019-08-02 09:41:44,0.74,1.0724,30,0.73,1.0579,6,0.75,1.0869,3,0.735,1.0652,1301,0
SPY190805P290,2019-08-02,2019-08-02 09:41:45,0.74,1.0724,30,0.73,1.0579,69,0.75,1.0869,3,0.735,1.0652,1301,0
SPY190805P290,2019-08-02,2019-08-02 09:41:46,0.75,1.0869,30,0.73,1.0579,127,0.75,1.0869,3,0.74,1.0724,1301,0
SPY190805P290,2019-08-02,2019-08-02 09:41:48,0.74,1.0724,6,0.72,1.0434,152,0.75,1.0869,3,0.73,1.0579,1301,0
SPY190805P290,2019-08-02,2019-08-02 09:41:49,0.72,1.0434,30,0.7,1.0144,139,0.75,1.0869,3,0.71,1.0289,1301,0
SPY190805P290,2019-08-02,2019-08-02 09:41:50,0.71,1.0289,6,0.7,1.0144,82,0.75,1.0869,3,0.705,1.0217,1301,0
SPY190805P290,2019-08-02,2019-08-02 09:41:51,0.72,1.0434,194,0.7,1.0144,38,0.75,1.0869,3,0.71,1.0289,1301,0
SPY190805P290,2019-08-02,2019-08-02 09:41:52,0.72,1.0434,291,0.7,1.0144,38,0.75,1.0869,3,0.71,1.0289,1301,0
SPY190805P290,2019-08-02,2019-08-02 09:41:52,0.72,1.0434,328,0.7,1.0144,38,0.75,1.0869,3,0.71,1.0289,1301,0
SPY190805P290,2019-08-02,2019-08-02 09:41:53,0.72,1.0434,233,0.7,1.0144,38,0.75,1.0869,3,0.71,1.0289,1301,0
SPY190805P290,2019-08-02,2019-08-02 09:41:54,0.71,1.0289,30,0.7,1.0144,2,0.75,1.0869,3,0.705,1.0217,1301,0
SPY190805P290,2019-08-02,2019-08-02 09:41:54,0.72,1.0434,233,0.7,1.0144,2,0.75,1.0869,3,0.71,1.0289,1301,0
SPY190805P290,2019-08-02,2019-08-02 09:41:55,0.7,1.0144,30,0.68,0.9855,243,0.7,1.0144,2,0.69,1.0,1303,2
SPY190805P290,2019-08-02,2019-08-02 09:41:56,0.7,1.0144,30,0.68,0.9855,275,0.7,1.0144,2,0.69,1.0,1303,0
SPY190805P290,2019-08-02,2019-08-02 09:41:56,0.7,1.0144,30,0.68,0.9855,243,0.7,1.0144,2,0.69,1.0,1303,0
SPY190805P290,2019-08-02,2019-08-02 09:41:57,0.71,1.0289,197,0.69,1.0,76,0.7,1.0144,2,0.7,1.0144,1303,0
SPY190805P290,2019-08-02,2019-08-02 09:41:58,0.71,1.0289,6,0.7,1.0144,66,0.7,1.0144,2,0.705,1.0217,1303,0
SPY190805P290,2019-08-02,2019-08-02 09:41:59,0.71,1.0289,30,0.69,1.0,210,0.7,1.0144,2,0.7,1.0144,1303,0
SPY190805P290,2019-08-02,2019-08-02 09:42:00,0.7,1.0144,518,0.68,0.9855,333,0.7,1.0144,2,0.69,1.0,1303,0
SPY190805P290,2019-08-02,2019-08-02 09:42:01,0.7,1.0144,208,0.68,0.9855,50,0.7,1.0144,2,0.69,1.0,1303,0
SPY190805P290,2019-08-02,2019-08-02 09:42:02,0.75,1.0869,50,0.68,0.9855,50,0.7,1.0144,2,0.715,1.0362,1303,0
SPY190805P290,2019-08-02,2019-08-02 09:42:03,0.78,1.1304,50,0.74,1.0724,137,0.78,1.1304,3,0.76,1.1014,1353,50
SPY190805P290,2019-08-02,2019-08-02 09:42:03,0.77,1.1159,237,0.69,1.0,237,0.7,1.0144,2,0.73,1.0579,1303,0
SPY190805P290,2019-08-02,2019-08-02 09:42:04,0.78,1.1304,50,0.76,1.1014,120,0.78,1.1304,3,0.77,1.1159,1353,0
SPY190805P290,2019-08-02,2019-08-02 09:42:05,0.8,1.1594,69,0.77,1.1159,5,0.78,1.1304,3,0.785,1.1376,1353,0
SPY190805P290,2019-08-02,2019-08-02 09:42:06,0.79,1.1449,6,0.76,1.1014,480,0.8,1.1594,68,0.775,1.1231,1421,68
SPY190805P290,2019-08-02,2019-08-02 09:42:07,0.8,1.1594,131,0.78,1.1304,6,0.79,1.1449,2,0.79,1.1449,1423,2
SPY190805P290,2019-08-02,2019-08-02 09:42:07,0.79,1.1449,185,0.77,1.1159,83,0.79,1.1449,2,0.78,1.1304,1423,0
SPY190805P290,2019-08-02,2019-08-02 09:42:08,0.79,1.1449,166,0.77,1.1159,83,0.79,1.1449,2,0.78,1.1304,1423,0
SPY190805P290,2019-08-02,2019-08-02 09:42:08,0.79,1.1449,166,0.77,1.1159,203,0.79,1.1449,2,0.78,1.1304,1423,0
SPY190805P290,2019-08-02,2019-08-02 09:42:09,0.79,1.1449,166,0.77,1.1159,203,0.79,1.1449,2,0.78,1.1304,1423,0
SPY190805P290,2019-08-02,2019-08-02 09:42:10,0.79,1.1449,6,0.78,1.1304,37,0.79,1.1449,2,0.785,1.1376,1423,0
SPY190805P290,2019-08-02,2019-08-02 09:42:10,0.8,1.1594,1,0.79,1.1449,109,0.79,1.1449,2,0.795,1.1521,1423,0
SPY190805P290,2019-08-02,2019-08-02 09:42:11,0.8,1.1594,1,0.8,1.1594,92,0.79,1.1449,2,0.8,1.1594,1423,0
SPY190805P290,2019-08-02,2019-08-02 09:42:12,0.82,1.1884,1,0.79,1.1449,40,0.8,1.1594,1,0.805,1.1666,1424,1
SPY190805P290,2019-08-02,2019-08-02 09:42:12,0.84,1.2173,6,0.82,1.1884,221,0.82,1.1884,1,0.83,1.2028,1425,1
SPY190805P290,2019-08-02,2019-08-02 09:42:13,0.83,1.2028,99,0.81,1.1739,100,0.82,1.1884,1,0.82,1.1884,1425,0
SPY190805P290,2019-08-02,2019-08-02 09:42:14,0.81,1.1739,93,0.79,1.1449,219,0.82,1.1884,1,0.8,1.1594,1425,0
SPY190805P290,2019-08-02,2019-08-02 09:42:14,0.82,1.1884,103,0.8,1.1594,299,0.82,1.1884,1,0.81,1.1739,1425,0
SPY190805P290,2019-08-02,2019-08-02 09:42:15,0.81,1.1739,1,0.79,1.1449,289,0.82,1.1884,1,0.8,1.1594,1425,0
SPY190805P290,2019-08-02,2019-08-02 09:42:15,0.81,1.1739,93,0.79,1.1449,219,0.82,1.1884,1,0.8,1.1594,1425,0
SPY190805P290,2019-08-02,2019-08-02 09:42:16,0.81,1.1739,1,0.8,1.1594,6,0.82,1.1884,1,0.805,1.1666,1425,0
SPY190805P290,2019-08-02,2019-08-02 09:42:17,0.81,1.1739,1,0.8,1.1594,37,0.82,1.1884,1,0.805,1.1666,1425,0
SPY190805P290,2019-08-02,2019-08-02 09:42:17,0.81,1.1739,93,0.8,1.1594,37,0.82,1.1884,1,0.805,1.1666,1425,0
SPY190805P290,2019-08-02,2019-08-02 09:42:18,0.79,1.1449,57,0.77,1.1159,37,0.82,1.1884,1,0.78,1.1304,1425,0
SPY190805P290,2019-08-02,2019-08-02 09:42:19,0.79,1.1449,24,0.77,1.1159,68,0.82,1.1884,1,0.78,1.1304,1425,0
SPY190805P290,2019-08-02,2019-08-02 09:42:20,0.79,1.1449,24,0.78,1.1304,6,0.82,1.1884,1,0.785,1.1376,1425,0
SPY190805P290,2019-08-02,2019-08-02 09:42:20,0.8,1.1594,85,0.78,1.1304,49,0.82,1.1884,1,0.79,1.1449,1425,0
SPY190805P290,2019-08-02,2019-08-02 09:42:21,0.79,1.1449,113,0.77,1.1159,6,0.82,1.1884,1,0.78,1.1304,1425,0
SPY190805P290,2019-08-02,2019-08-02 09:42:22,0.79,1.1449,24,0.77,1.1159,37,0.82,1.1884,1,0.78,1.1304,1425,0
SPY190805P290,2019-08-02,2019-08-02 09:42:22,0.79,1.1449,113,0.77,1.1159,16,0.82,1.1884,1,0.78,1.1304,1425,0
SPY190805P290,2019-08-02,2019-08-02 09:42:23,0.8,1.1594,590,0.78,1.1304,6,0.82,1.1884,1,0.79,1.1449,1425,0
SPY190805P290,2019-08-02,2019-08-02 09:42:24,0.79,1.1449,7,0.78,1.1304,6,0.82,1.1884,1,0.785,1.1376,1425,0
SPY190805P290,2019-08-02,2019-08-02 09:42:25,0.8,1.1594,873,0.78,1.1304,29,0.82,1.1884,1,0.79,1.1449,1425,0
SPY190805P290,2019-08-02,2019-08-02 09:42:25,0.79,1.1449,209,0.77,1.1159,29,0.82,1.1884,1,0.78,1.1304,1425,0
SPY190805P290,2019-08-02,2019-08-02 09:42:26,0.78,1.1304,204,0.76,1.1014,130,0.82,1.1884,1,0.77,1.1159,1425,0
SPY190805P290,2019-08-02,2019-08-02 09:42:27,0.77,1.1159,502,0.75,1.0869,6,0.82,1.1884,1,0.76,1.1014,1425,0
SPY190805P290,2019-08-02,2019-08-02 09:42:27,0.77,1.1159,202,0.74,1.0724,77,0.82,1.1884,1,0.755,1.0942,1425,0
SPY190805P290,2019-08-02,2019-08-02 09:42:28,0.77,1.1159,202,0.75,1.0869,6,0.82,1.1884,1,0.76,1.1014,1425,0
SPY190805P290,2019-08-02,2019-08-02 09:42:29,0.77,1.1159,202,0.75,1.0869,25,0.82,1.1884,1,0.76,1.1014,1425,0
SPY190805P290,2019-08-02,2019-08-02 09:42:29,0.77,1.1159,293,0.75,1.0869,37,0.82,1.1884,1,0.76,1.1014,1425,0
SPY190805P290,2019-08-02,2019-08-02 09:42:30,0.78,1.1304,206,0.75,1.0869,226,0.78,1.1304,1,0.765,1.1086,1426,0
SPY190805P290,2019-08-02,2019-08-02 09:42:30,0.78,1.1304,856,0.75,1.0869,6,0.78,1.1304,1,0.765,1.1086,1426,1
SPY190805P290,2019-08-02,2019-08-02 09:42:31,0.78,1.1304,320,0.75,1.0869,37,0.78,1.1304,1,0.765,1.1086,1426,0
SPY190805P290,2019-08-02,2019-08-02 09:42:32,0.77,1.1159,202,0.75,1.0869,75,0.78,1.1304,1,0.76,1.1014,1426,0
SPY190805P290,2019-08-02,2019-08-02 09:42:32,0.77,1.1159,5,0.74,1.0724,596,0.78,1.1304,1,0.755,1.0942,1426,0
SPY190805P290,2019-08-02,2019-08-02 09:42:33,0.78,1.1304,99,0.76,1.1014,6,0.78,1.1304,1,0.77,1.1159,1426,0
SPY190805P290,2019-08-02,2019-08-02 09:42:33,0.78,1.1304,871,0.76,1.1014,37,0.78,1.1304,1,0.77,1.1159,1426,0
SPY190805P290,2019-08-02,2019-08-02 09:42:34,0.78,1.1304,127,0.76,1.1014,47,0.78,1.1304,1,0.77,1.1159,1426,0
SPY190805P290,2019-08-02,2019-08-02 09:42:35,0.78,1.1304,331,0.76,1.1014,6,0.78,1.1304,1,0.77,1.1159,1426,0
SPY190805P290,2019-08-02,2019-08-02 09:42:36,0.78,1.1304,178,0.76,1.1014,6,0.78,1.1304,1,0.77,1.1159,1426,0
SPY190805P290,2019-08-02,2019-08-02 09:42:36,0.78,1.1304,485,0.76,1.1014,6,0.78,1.1304,1,0.77,1.1159,1426,0
SPY190805P290,2019-08-02,2019-08-02 09:42:37,0.78,1.1304,324,0.74,1.0724,387,0.78,1.1304,1,0.76,1.1014,1426,0
SPY190805P290,2019-08-02,2019-08-02 09:42:37,0.76,1.1014,102,0.74,1.0724,37,0.78,1.1304,1,0.75,1.0869,1426,0
SPY190805P290,2019-08-02,2019-08-02 09:42:38,0.76,1.1014,56,0.74,1.0724,37,0.78,1.1304,1,0.75,1.0869,1426,0
SPY190805P290,2019-08-02,2019-08-02 09:42:39,0.77,1.1159,96,0.75,1.0869,6,0.78,1.1304,1,0.76,1.1014,1426,0
SPY190805P290,2019-08-02,2019-08-02 09:42:39,0.76,1.1014,20,0.74,1.0724,37,0.78,1.1304,1,0.75,1.0869,1426,0
SPY190805P290,2019-08-02,2019-08-02 09:42:40,0.75,1.0869,111,0.74,1.0724,6,0.78,1.1304,1,0.745,1.0797,1426,0
SPY190805P290,2019-08-02,2019-08-02 09:42:40,0.77,1.1159,325,0.75,1.0869,6,0.78,1.1304,1,0.76,1.1014,1426,0
SPY190805P290,2019-08-02,2019-08-02 09:42:41,0.76,1.1014,224,0.74,1.0724,6,0.78,1.1304,1,0.75,1.0869,1426,0
SPY190805P290,2019-08-02,2019-08-02 09:42:42,0.76,1.1014,335,0.74,1.0724,37,0.78,1.1304,1,0.75,1.0869,1426,0
SPY190805P290,2019-08-02,2019-08-02 09:42:43,0.76,1.1014,136,0.74,1.0724,37,0.78,1.1304,1,0.75,1.0869,1426,0
SPY190805P290,2019-08-02,2019-08-02 09:42:43,0.75,1.0869,20,0.73,1.0579,137,0.78,1.1304,1,0.74,1.0724,1426,0
SPY190805P290,2019-08-02,2019-08-02 09:42:44,0.75,1.0869,5,0.72,1.0434,314,0.78,1.1304,1,0.735,1.0652,1426,0
SPY190805P290,2019-08-02,2019-08-02 09:42:45,0.75,1.0869,281,0.72,1.0434,244,0.78,1.1304,1,0.735,1.0652,1426,0
SPY190805P290,2019-08-02,2019-08-02 09:42:45,0.75,1.0869,281,0.73,1.0579,6,0.78,1.1304,1,0.74,1.0724,1426,0
SPY190805P290,2019-08-02,2019-08-02 09:42:46,0.75,1.0869,281,0.73,1.0579,37,0.78,1.1304,1,0.74,1.0724,1426,0
SPY190805P290,2019-08-02,2019-08-02 09:42:47,0.75,1.0869,6,0.73,1.0579,148,0.78,1.1304,1,0.74,1.0724,1426,0
SPY190805P290,2019-08-02,2019-08-02 09:42:47,0.76,1.1014,6,0.73,1.0579,148,0.78,1.1304,1,0.745,1.0797,1426,0
SPY190805P290,2019-08-02,2019-08-02 09:42:48,0.77,1.1159,115,0.75,1.0869,84,0.78,1.1304,1,0.76,1.1014,1426,0
SPY190805P290,2019-08-02,2019-08-02 09:42:49,0.78,1.1304,10,0.76,1.1014,576,0.78,1.1304,1,0.77,1.1159,1426,0
SPY190805P290,2019-08-02,2019-08-02 09:42:49,0.77,1.1159,61,0.75,1.0869,37,0.78,1.1304,1,0.76,1.1014,1426,0
SPY190805P290,2019-08-02,2019-08-02 09:42:50,0.78,1.1304,10,0.77,1.1159,37,0.78,1.1304,1,0.775,1.1231,1426,0
SPY190805P290,2019-08-02,2019-08-02 09:42:51,0.78,1.1304,10,0.77,1.1159,37,0.78,1.1304,1,0.775,1.1231,1426,0
SPY190805P290,2019-08-02,2019-08-02 09:42:52,0.8,1.1594,20,0.78,1.1304,37,0.78,1.1304,10,0.79,1.1449,1436,10
SPY190805P290,2019-08-02,2019-08-02 09:42:52,0.78,1.1304,10,0.77,1.1159,80,0.78,1.1304,1,0.775,1.1231,1426,0
SPY190805P290,2019-08-02,2019-08-02 09:42:53,0.8,1.1594,20,0.78,1.1304,208,0.78,1.1304,10,0.79,1.1449,1436,0
SPY190805P290,2019-08-02,2019-08-02 09:42:54,0.8,1.1594,20,0.78,1.1304,137,0.78,1.1304,10,0.79,1.1449,1436,0
SPY190805P290,2019-08-02,2019-08-02 09:42:55,0.79,1.1449,24,0.77,1.1159,192,0.78,1.1304,10,0.78,1.1304,1436,0
SPY190805P290,2019-08-02,2019-08-02 09:42:56,0.79,1.1449,63,0.78,1.1304,37,0.78,1.1304,10,0.785,1.1376,1436,0
SPY190805P290,2019-08-02,2019-08-02 09:42:57,0.8,1.1594,6,0.79,1.1449,84,0.78,1.1304,10,0.795,1.1521,1436,0
SPY190805P290,2019-08-02,2019-08-02 09:42:57,0.79,1.1449,6,0.78,1.1304,304,0.78,1.1304,10,0.785,1.1376,1436,0
SPY190805P290,2019-08-02,2019-08-02 09:42:58,0.8,1.1594,119,0.78,1.1304,142,0.78,1.1304,10,0.79,1.1449,1436,0
SPY190805P290,2019-08-02,2019-08-02 09:42:59,0.79,1.1449,20,0.78,1.1304,30,0.78,1.1304,10,0.785,1.1376,1436,0
SPY190805P290,2019-08-02,2019-08-02 09:43:00,0.79,1.1449,239,0.78,1.1304,28,0.78,1.1304,2,0.785,1.1376,1439,3
SPY190805P290,2019-08-02,2019-08-02 09:43:00,0.78,1.1304,1,0.77,1.1159,133,0.78,1.1304,1,0.775,1.1231,1467,28
SPY190805P290,2019-08-02,2019-08-02 09:43:01,0.78,1.1304,1,0.77,1.1159,133,0.78,1.1304,1,0.775,1.1231,1467,0
SPY190805P290,2019-08-02,2019-08-02 09:43:02,0.78,1.1304,304,0.75,1.0869,193,0.78,1.1304,1,0.765,1.1086,1467,0
SPY190805P290,2019-08-02,2019-08-02 09:43:03,0.77,1.1159,142,0.75,1.0869,129,0.78,1.1304,1,0.76,1.1014,1467,0
SPY190805P290,2019-08-02,2019-08-02 09:43:04,0.77,1.1159,142,0.75,1.0869,129,0.78,1.1304,1,0.76,1.1014,1467,0
SPY190805P290,2019-08-02,2019-08-02 09:43:05,0.78,1.1304,217,0.76,1.1014,118,0.78,1.1304,1,0.77,1.1159,1467,0
SPY190805P290,2019-08-02,2019-08-02 09:43:05,0.78,1.1304,20,0.76,1.1014,41,0.78,1.1304,1,0.77,1.1159,1467,0
SPY190805P290,2019-08-02,2019-08-02 09:43:06,0.78,1.1304,100,0.75,1.0869,85,0.78,1.1304,1,0.765,1.1086,1467,0
SPY190805P290,2019-08-02,2019-08-02 09:43:06,0.77,1.1159,5,0.75,1.0869,147,0.78,1.1304,1,0.76,1.1014,1467,0
SPY190805P290,2019-08-02,2019-08-02 09:43:07,0.77,1.1159,5,0.75,1.0869,271,0.78,1.1304,1,0.76,1.1014,1467,0
SPY190805P290,2019-08-02,2019-08-02 09:43:08,0.78,1.1304,161,0.76,1.1014,88,0.78,1.1304,1,0.77,1.1159,1467,0
SPY190805P290,2019-08-02,2019-08-02 09:43:09,0.77,1.1159,288,0.75,1.0869,37,0.78,1.1304,1,0.76,1.1014,1467,0
SPY190805P290,2019-08-02,2019-08-02 09:43:09,0.77,1.1159,25,0.75,1.0869,40,0.78,1.1304,1,0.76,1.1014,1467,0
SPY190805P290,2019-08-02,2019-08-02 09:43:10,0.76,1.1014,6,0.75,1.0869,37,0.78,1.1304,1,0.755,1.0942,1467,0
SPY190805P290,2019-08-02,2019-08-02 09:43:11,0.76,1.1014,86,0.72,1.0434,510,0.78,1.1304,1,0.74,1.0724,1467,0
SPY190805P290,2019-08-02,2019-08-02 09:43:11,0.76,1.1014,131,0.74,1.0724,204,0.78,1.1304,1,0.75,1.0869,1467,0
SPY190805P290,2019-08-02,2019-08-02 09:43:12,0.75,1.0869,114,0.73,1.0579,214,0.78,1.1304,1,0.74,1.0724,1467,0
SPY190805P290,2019-08-02,2019-08-02 09:43:13,0.75,1.0869,114,0.73,1.0579,214,0.78,1.1304,1,0.74,1.0724,1467,0
SPY190805P290,2019-08-02,2019-08-02 09:43:14,0.76,1.1014,60,0.74,1.0724,194,0.78,1.1304,1,0.75,1.0869,1467,0
SPY190805P290,2019-08-02,2019-08-02 09:43:15,0.77,1.1159,86,0.75,1.0869,6,0.78,1.1304,1,0.76,1.1014,1467,0
SPY190805P290,2019-08-02,2019-08-02 09:43:16,0.75,1.0869,5,0.74,1.0724,37,0.78,1.1304,1,0.745,1.0797,1467,0
SPY190805P290,2019-08-02,2019-08-02 09:43:16,0.76,1.1014,100,0.74,1.0724,159,0.78,1.1304,1,0.75,1.0869,1467,0
SPY190805P290,2019-08-02,2019-08-02 09:43:17,0.76,1.1014,248,0.74,1.0724,6,0.78,1.1304,1,0.75,1.0869,1467,0
SPY190805P290,2019-08-02,2019-08-02 09:43:17,0.76,1.1014,289,0.74,1.0724,37,0.78,1.1304,1,0.75,1.0869,1467,0
SPY190805P290,2019-08-02,2019-08-02 09:43:18,0.76,1.1014,6,0.75,1.0869,6,0.78,1.1304,1,0.755,1.0942,1467,0
SPY190805P290,2019-08-02,2019-08-02 09:43:19,0.76,1.1014,102,0.75,1.0869,6,0.78,1.1304,1,0.755,1.0942,1467,0
SPY190805P290,2019-08-02,2019-08-02 09:43:19,0.76,1.1014,20,0.74,1.0724,114,0.78,1.1304,1,0.75,1.0869,1467,0
SPY190805P290,2019-08-02,2019-08-02 09:43:20,0.75,1.0869,97,0.74,1.0724,6,0.78,1.1304,1,0.745,1.0797,1467,0
SPY190805P290,2019-08-02,2019-08-02 09:43:21,0.75,1.0869,97,0.73,1.0579,252,0.78,1.1304,1,0.74,1.0724,1467,0
SPY190805P290,2019-08-02,2019-08-02 09:43:21,0.76,1.1014,382,0.74,1.0724,6,0.78,1.1304,1,0.75,1.0869,1467,0
SPY190805P290,2019-08-02,2019-08-02 09:43:22,0.75,1.0869,216,0.73,1.0579,117,0.78,1.1304,1,0.74,1.0724,1467,0
SPY190805P290,2019-08-02,2019-08-02 09:43:22,0.74,1.0724,5,0.73,1.0579,6,0.78,1.1304,1,0.735,1.0652,1467,0
SPY190805P290,2019-08-02,2019-08-02 09:43:23,0.74,1.0724,5,0.73,1.0579,6,0.78,1.1304,1,0.735,1.0652,1467,0
SPY190805P290,2019-08-02,2019-08-02 09:43:24,0.74,1.0724,381,0.72,1.0434,41,0.78,1.1304,1,0.73,1.0579,1467,0
SPY190805P290,2019-08-02,2019-08-02 09:43:24,0.74,1.0724,456,0.72,1.0434,41,0.78,1.1304,1,0.73,1.0579,1467,0
SPY190805P290,2019-08-02,2019-08-02 09:43:25,0.74,1.0724,274,0.72,1.0434,91,0.78,1.1304,1,0.73,1.0579,1467,0
SPY190805P290,2019-08-02,2019-08-02 09:43:26,0.74,1.0724,120,0.72,1.0434,137,0.78,1.1304,1,0.73,1.0579,1467,0
SPY190805P290,2019-08-02,2019-08-02 09:43:26,0.75,1.0869,278,0.72,1.0434,99,0.78,1.1304,1,0.735,1.0652,1467,0
SPY190805P290,2019-08-02,2019-08-02 09:43:27,0.74,1.0724,150,0.73,1.0579,6,0.78,1.1304,1,0.735,1.0652,1467,0
SPY190805P290,2019-08-02,2019-08-02 09:43:27,0.75,1.0869,278,0.72,1.0434,139,0.78,1.1304,1,0.735,1.0652,1467,0
SPY190805P290,2019-08-02,2019-08-02 09:43:28,0.74,1.0724,5,0.73,1.0579,6,0.78,1.1304,1,0.735,1.0652,1467,0
SPY190805P290,2019-08-02,2019-08-02 09:43:29,0.75,1.0869,461,0.73,1.0579,6,0.78,1.1304,1,0.74,1.0724,1467,0
SPY190805P290,2019-08-02,2019-08-02 09:43:29,0.75,1.0869,168,0.74,1.0724,6,0.78,1.1304,1,0.745,1.0797,1467,0
SPY190805P290,2019-08-02,2019-08-02 09:43:30,0.76,1.1014,521,0.74,1.0724,85,0.78,1.1304,1,0.75,1.0869,1467,0
SPY190805P290,2019-08-02,2019-08-02 09:43:31,0.75,1.0869,125,0.73,1.0579,410,0.78,1.1304,1,0.74,1.0724,1467,0
SPY190805P290,2019-08-02,2019-08-02 09:43:31,0.75,1.0869,6,0.74,1.0724,5,0.78,1.1304,1,0.745,1.0797,1467,0
SPY190805P290,2019-08-02,2019-08-02 09:43:32,0.75,1.0869,129,0.73,1.0579,183,0.78,1.1304,1,0.74,1.0724,1467,0
SPY190805P290,2019-08-02,2019-08-02 09:43:32,0.76,1.1014,292,0.74,1.0724,139,0.78,1.1304,1,0.75,1.0869,1467,0
SPY190805P290,2019-08-02,2019-08-02 09:43:33,0.76,1.1014,213,0.74,1.0724,107,0.78,1.1304,1,0.75,1.0869,1467,0
SPY190805P290,2019-08-02,2019-08-02 09:43:34,0.76,1.1014,371,0.74,1.0724,107,0.78,1.1304,1,0.75,1.0869,1467,0
SPY190805P290,2019-08-02,2019-08-02 09:43:34,0.77,1.1159,446,0.75,1.0869,37,0.78,1.1304,1,0.76,1.1014,1467,0
SPY190805P290,2019-08-02,2019-08-02 09:43:35,0.77,1.1159,446,0.75,1.0869,137,0.78,1.1304,1,0.76,1.1014,1467,0
SPY190805P290,2019-08-02,2019-08-02 09:43:35,0.76,1.1014,20,0.75,1.0869,137,0.78,1.1304,1,0.755,1.0942,1467,0
SPY190805P290,2019-08-02,2019-08-02 09:43:36,0.76,1.1014,1,0.75,1.0869,137,0.78,1.1304,1,0.755,1.0942,1467,0
SPY190805P290,2019-08-02,2019-08-02 09:43:37,0.76,1.1014,1,0.75,1.0869,130,0.78,1.1304,1,0.755,1.0942,1467,0
SPY190805P290,2019-08-02,2019-08-02 09:43:38,0.76,1.1014,6,0.74,1.0724,297,0.78,1.1304,1,0.75,1.0869,1467,0
SPY190805P290,2019-08-02,2019-08-02 09:43:38,0.76,1.1014,33,0.74,1.0724,480,0.78,1.1304,1,0.75,1.0869,1467,0
SPY190805P290,2019-08-02,2019-08-02 09:43:39,0.78,1.1304,277,0.76,1.1014,1,0.76,1.1014,1,0.77,1.1159,1468,1
SPY190805P290,2019-08-02,2019-08-02 09:43:39,0.76,1.1014,1,0.75,1.0869,233,0.78,1.1304,1,0.755,1.0942,1467,0
SPY190805P290,2019-08-02,2019-08-02 09:43:40,0.78,1.1304,165,0.76,1.1014,37,0.76,1.1014,1,0.77,1.1159,1468,0
SPY190805P290,2019-08-02,2019-08-02 09:43:41,0.78,1.1304,200,0.76,1.1014,37,0.76,1.1014,1,0.77,1.1159,1468,0
SPY190805P290,2019-08-02,2019-08-02 09:43:41,0.79,1.1449,20,0.77,1.1159,6,0.76,1.1014,1,0.78,1.1304,1468,0
SPY190805P290,2019-08-02,2019-08-02 09:43:42,0.79,1.1449,6,0.77,1.1159,37,0.76,1.1014,1,0.78,1.1304,1468,0
SPY190805P290,2019-08-02,2019-08-02 09:43:43,0.79,1.1449,6,0.76,1.1014,387,0.76,1.1014,1,0.775,1.1231,1468,0
SPY190805P290,2019-08-02,2019-08-02 09:43:44,0.77,1.1159,20,0.76,1.1014,84,0.76,1.1014,1,0.765,1.1086,1468,0
SPY190805P290,2019-08-02,2019-08-02 09:43:44,0.77,1.1159,6,0.75,1.0869,86,0.76,1.1014,1,0.76,1.1014,1468,0
SPY190805P290,2019-08-02,2019-08-02 09:43:45,0.77,1.1159,100,0.75,1.0869,158,0.76,1.1014,1,0.76,1.1014,1468,0
SPY190805P290,2019-08-02,2019-08-02 09:43:46,0.76,1.1014,6,0.75,1.0869,14,0.76,1.1014,1,0.755,1.0942,1468,0
SPY190805P290,2019-08-02,2019-08-02 09:43:46,0.76,1.1014,6,0.75,1.0869,100,0.76,1.1014,1,0.755,1.0942,1468,0
SPY190805P290,2019-08-02,2019-08-02 09:43:47,0.77,1.1159,200,0.75,1.0869,100,0.76,1.1014,1,0.76,1.1014,1468,0
SPY190805P290,2019-08-02,2019-08-02 09:43:48,0.77,1.1159,100,0.76,1.1014,5,0.76,1.1014,1,0.765,1.1086,1468,0
SPY190805P290,2019-08-02,2019-08-02 09:43:48,0.78,1.1304,328,0.76,1.1014,37,0.76,1.1014,1,0.77,1.1159,1468,0
SPY190805P290,2019-08-02,2019-08-02 09:43:49,0.77,1.1159,20,0.76,1.1014,5,0.76,1.1014,1,0.765,1.1086,1468,0
SPY190805P290,2019-08-02,2019-08-02 09:43:50,0.77,1.1159,20,0.75,1.0869,121,0.76,1.1014,1,0.76,1.1014,1468,0
SPY190805P290,2019-08-02,2019-08-02 09:43:50,0.77,1.1159,200,0.76,1.1014,5,0.76,1.1014,1,0.765,1.1086,1468,0
SPY190805P290,2019-08-02,2019-08-02 09:43:51,0.77,1.1159,103,0.76,1.1014,5,0.76,1.1014,1,0.765,1.1086,1468,0
SPY190805P290,2019-08-02,2019-08-02 09:43:52,0.77,1.1159,200,0.74,1.0724,387,0.76,1.1014,1,0.755,1.0942,1468,0
SPY190805P290,2019-08-02,2019-08-02 09:43:52,0.76,1.1014,20,0.75,1.0869,139,0.76,1.1014,1,0.755,1.0942,1468,0
SPY190805P290,2019-08-02,2019-08-02 09:43:53,0.77,1.1159,111,0.76,1.1014,5,0.76,1.1014,1,0.765,1.1086,1468,0
SPY190805P290,2019-08-02,2019-08-02 09:43:53,0.77,1.1159,111,0.76,1.1014,6,0.76,1.1014,1,0.765,1.1086,1468,0
SPY190805P290,2019-08-02,2019-08-02 09:43:54,0.78,1.1304,299,0.76,1.1014,6,0.76,1.1014,1,0.77,1.1159,1468,0
SPY190805P290,2019-08-02,2019-08-02 09:43:55,0.77,1.1159,200,0.75,1.0869,116,0.76,1.1014,1,0.76,1.1014,1468,0
SPY190805P290,2019-08-02,2019-08-02 09:43:56,0.77,1.1159,200,0.75,1.0869,116,0.76,1.1014,1,0.76,1.1014,1468,0
SPY190805P290,2019-08-02,2019-08-02 09:43:56,0.78,1.1304,250,0.76,1.1014,6,0.76,1.1014,1,0.77,1.1159,1468,0
SPY190805P290,2019-08-02,2019-08-02 09:43:57,0.78,1.1304,270,0.76,1.1014,5,0.76,1.1014,1,0.77,1.1159,1468,0
SPY190805P290,2019-08-02,2019-08-02 09:43:58,0.78,1.1304,123,0.77,1.1159,5,0.76,1.1014,1,0.775,1.1231,1468,0
SPY190805P290,2019-08-02,2019-08-02 09:43:59,0.79,1.1449,20,0.77,1.1159,99,0.76,1.1014,1,0.78,1.1304,1468,0
SPY190805P290,2019-08-02,2019-08-02 09:44:00,0.8,1.1594,269,0.79,1.1449,6,0.76,1.1014,1,0.795,1.1521,1468,0
SPY190805P290,2019-08-02,2019-08-02 09:44:01,0.8,1.1594,200,0.78,1.1304,6,0.76,1.1014,1,0.79,1.1449,1468,0
SPY190805P290,2019-08-02,2019-08-02 09:44:02,0.8,1.1594,371,0.78,1.1304,6,0.76,1.1014,1,0.79,1.1449,1468,0
SPY190805P290,2019-08-02,2019-08-02 09:44:02,0.8,1.1594,200,0.78,1.1304,95,0.76,1.1014,1,0.79,1.1449,1468,0
SPY190805P290,2019-08-02,2019-08-02 09:44:03,0.79,1.1449,20,0.78,1.1304,6,0.76,1.1014,1,0.785,1.1376,1468,0
SPY190805P290,2019-08-02,2019-08-02 09:44:04,0.79,1.1449,11,0.77,1.1159,303,0.76,1.1014,1,0.78,1.1304,1468,0
SPY190805P290,2019-08-02,2019-08-02 09:44:04,0.79,1.1449,20,0.78,1.1304,6,0.76,1.1014,1,0.785,1.1376,1468,0
SPY190805P290,2019-08-02,2019-08-02 09:44:05,0.79,1.1449,205,0.77,1.1159,99,0.76,1.1014,1,0.78,1.1304,1468,0
SPY190805P290,2019-08-02,2019-08-02 09:44:06,0.78,1.1304,11,0.77,1.1159,6,0.76,1.1014,1,0.775,1.1231,1468,0
SPY190805P290,2019-08-02,2019-08-02 09:44:06,0.77,1.1159,11,0.76,1.1014,45,0.76,1.1014,1,0.765,1.1086,1468,0
SPY190805P290,2019-08-02,2019-08-02 09:44:07,0.77,1.1159,8,0.76,1.1014,100,0.76,1.1014,1,0.765,1.1086,1468,0
SPY190805P290,2019-08-02,2019-08-02 09:44:07,0.78,1.1304,317,0.76,1.1014,6,0.76,1.1014,1,0.77,1.1159,1468,0
SPY190805P290,2019-08-02,2019-08-02 09:44:08,0.79,1.1449,483,0.77,1.1159,6,0.76,1.1014,1,0.78,1.1304,1468,0
SPY190805P290,2019-08-02,2019-08-02 09:44:09,0.78,1.1304,6,0.76,1.1014,42,0.76,1.1014,1,0.77,1.1159,1468,0
SPY190805P290,2019-08-02,2019-08-02 09:44:10,0.78,1.1304,6,0.76,1.1014,154,0.76,1.1014,1,0.77,1.1159,1468,0
SPY190805P290,2019-08-02,2019-08-02 09:44:10,0.78,1.1304,11,0.77,1.1159,6,0.76,1.1014,1,0.775,1.1231,1468,0
SPY190805P290,2019-08-02,2019-08-02 09:44:11,0.78,1.1304,8,0.77,1.1159,93,0.76,1.1014,1,0.775,1.1231,1468,0
SPY190805P290,2019-08-02,2019-08-02 09:44:12,0.78,1.1304,11,0.77,1.1159,6,0.76,1.1014,1,0.775,1.1231,1468,0
SPY190805P290,2019-08-02,2019-08-02 09:44:12,0.79,1.1449,574,0.77,1.1159,6,0.76,1.1014,1,0.78,1.1304,1468,0
SPY190805P290,2019-08-02,2019-08-02 09:44:13,0.79,1.1449,16,0.78,1.1304,6,0.76,1.1014,1,0.785,1.1376,1468,0
SPY190805P290,2019-08-02,2019-08-02 09:44:13,0.79,1.1449,348,0.77,1.1159,208,0.76,1.1014,1,0.78,1.1304,1468,0
SPY190805P290,2019-08-02,2019-08-02 09:44:14,0.78,1.1304,103,0.77,1.1159,6,0.78,1.1304,1,0.775,1.1231,1475,7
SPY190805P290,2019-08-02,2019-08-02 09:44:15,0.78,1.1304,200,0.77,1.1159,6,0.78,1.1304,1,0.775,1.1231,1475,0
SPY190805P290,2019-08-02,2019-08-02 09:44:16,0.78,1.1304,200,0.77,1.1159,37,0.78,1.1304,1,0.775,1.1231,1475,0
SPY190805P290,2019-08-02,2019-08-02 09:44:16,0.78,1.1304,385,0.76,1.1014,6,0.78,1.1304,1,0.77,1.1159,1475,0
SPY190805P290,2019-08-02,2019-08-02 09:44:17,0.78,1.1304,323,0.77,1.1159,6,0.78,1.1304,1,0.775,1.1231,1475,0
SPY190805P290,2019-08-02,2019-08-02 09:44:17,0.78,1.1304,425,0.77,1.1159,6,0.78,1.1304,1,0.775,1.1231,1475,0
SPY190805P290,2019-08-02,2019-08-02 09:44:18,0.78,1.1304,111,0.76,1.1014,137,0.78,1.1304,1,0.77,1.1159,1475,0
SPY190805P290,2019-08-02,2019-08-02 09:44:19,0.78,1.1304,9,0.77,1.1159,100,0.78,1.1304,1,0.775,1.1231,1475,0
SPY190805P290,2019-08-02,2019-08-02 09:44:19,0.78,1.1304,9,0.77,1.1159,83,0.78,1.1304,1,0.775,1.1231,1475,0
SPY190805P290,2019-08-02,2019-08-02 09:44:20,0.78,1.1304,9,0.77,1.1159,71,0.78,1.1304,1,0.775,1.1231,1475,0
SPY190805P290,2019-08-02,2019-08-02 09:44:21,0.78,1.1304,9,0.77,1.1159,63,0.78,1.1304,1,0.775,1.1231,1475,0
SPY190805P290,2019-08-02,2019-08-02 09:44:21,0.78,1.1304,9,0.77,1.1159,71,0.78,1.1304,1,0.775,1.1231,1475,0
SPY190805P290,2019-08-02,2019-08-02 09:44:22,0.78,1.1304,9,0.77,1.1159,177,0.78,1.1304,1,0.775,1.1231,1475,0
SPY190805P290,2019-08-02,2019-08-02 09:44:23,0.78,1.1304,9,0.77,1.1159,137,0.78,1.1304,1,0.775,1.1231,1475,0
SPY190805P290,2019-08-02,2019-08-02 09:44:24,0.78,1.1304,9,0.77,1.1159,100,0.78,1.1304,1,0.775,1.1231,1475,0
SPY190805P290,2019-08-02,2019-08-02 09:44:25,0.78,1.1304,9,0.77,1.1159,100,0.78,1.1304,1,0.775,1.1231,1475,0
SPY190805P290,2019-08-02,2019-08-02 09:44:26,0.78,1.1304,7,0.77,1.1159,100,0.78,1.1304,1,0.775,1.1231,1477,2
SPY190805P290,2019-08-02,2019-08-02 09:44:27,0.79,1.1449,200,0.77,1.1159,6,0.78,1.1304,7,0.78,1.1304,1484,7
SPY190805P290,2019-08-02,2019-08-02 09:44:27,0.78,1.1304,7,0.77,1.1159,100,0.78,1.1304,1,0.775,1.1231,1477,0
SPY190805P290,2019-08-02,2019-08-02 09:44:28,0.78,1.1304,12,0.77,1.1159,207,0.78,1.1304,7,0.775,1.1231,1484,0
SPY190805P290,2019-08-02,2019-08-02 09:44:28,0.78,1.1304,13,0.77,1.1159,129,0.78,1.1304,7,0.775,1.1231,1484,0
SPY190805P290,2019-08-02,2019-08-02 09:44:29,0.79,1.1449,347,0.77,1.1159,129,0.78,1.1304,7,0.78,1.1304,1484,0
SPY190805P290,2019-08-02,2019-08-02 09:44:30,0.79,1.1449,13,0.78,1.1304,74,0.78,1.1304,7,0.785,1.1376,1484,0
SPY190805P290,2019-08-02,2019-08-02 09:44:31,0.8,1.1594,13,0.78,1.1304,6,0.78,1.1304,7,0.79,1.1449,1484,0
SPY190805P290,2019-08-02,2019-08-02 09:44:31,0.8,1.1594,229,0.79,1.1449,5,0.78,1.1304,7,0.795,1.1521,1484,0
SPY190805P290,2019-08-02,2019-08-02 09:44:32,0.8,1.1594,2,0.79,1.1449,224,0.78,1.1304,7,0.795,1.1521,1484,0
SPY190805P290,2019-08-02,2019-08-02 09:44:32,0.8,1.1594,229,0.79,1.1449,137,0.78,1.1304,7,0.795,1.1521,1484,0
SPY190805P290,2019-08-02,2019-08-02 09:44:33,0.8,1.1594,2,0.79,1.1449,224,0.78,1.1304,7,0.795,1.1521,1484,0
SPY190805P290,2019-08-02,2019-08-02 09:44:34,0.8,1.1594,2,0.79,1.1449,224,0.78,1.1304,7,0.795,1.1521,1484,0
SPY190805P290,2019-08-02,2019-08-02 09:44:35,0.8,1.1594,2,0.79,1.1449,224,0.78,1.1304,7,0.795,1.1521,1484,0
SPY190805P290,2019-08-02,2019-08-02 09:44:35,0.8,1.1594,2,0.8,1.1594,37,0.8,1.1594,2,0.8,1.1594,1486,2
SPY190805P290,2019-08-02,2019-08-02 09:44:36,0.82,1.1884,226,0.8,1.1594,225,0.8,1.1594,2,0.81,1.1739,1486,0
SPY190805P290,2019-08-02,2019-08-02 09:44:37,0.82,1.1884,318,0.8,1.1594,188,0.8,1.1594,2,0.81,1.1739,1486,0
SPY190805P290,2019-08-02,2019-08-02 09:44:38,0.82,1.1884,318,0.8,1.1594,100,0.8,1.1594,2,0.81,1.1739,1486,0
SPY190805P290,2019-08-02,2019-08-02 09:44:39,0.82,1.1884,168,0.8,1.1594,224,0.8,1.1594,1,0.81,1.1739,1487,1
SPY190805P290,2019-08-02,2019-08-02 09:44:40,0.82,1.1884,6,0.8,1.1594,37,0.8,1.1594,1,0.81,1.1739,1487,0
SPY190805P290,2019-08-02,2019-08-02 09:44:40,0.82,1.1884,247,0.81,1.1739,2,0.81,1.1739,2,0.815,1.1811,1489,2
SPY190805P290,2019-08-02,2019-08-02 09:44:41,0.8,1.1594,94,0.79,1.1449,5,0.81,1.1739,2,0.795,1.1521,1489,0
SPY190805P290,2019-08-02,2019-08-02 09:44:42,0.8,1.1594,106,0.77,1.1159,157,0.81,1.1739,2,0.785,1.1376,1489,0
SPY190805P290,2019-08-02,2019-08-02 09:44:42,0.79,1.1449,200,0.78,1.1304,207,0.81,1.1739,2,0.785,1.1376,1489,0
SPY190805P290,2019-08-02,2019-08-02 09:44:43,0.79,1.1449,200,0.78,1.1304,100,0.81,1.1739,2,0.785,1.1376,1489,0
SPY190805P290,2019-08-02,2019-08-02 09:44:43,0.79,1.1449,200,0.78,1.1304,165,0.81,1.1739,2,0.785,1.1376,1489,0
SPY190805P290,2019-08-02,2019-08-02 09:44:44,0.79,1.1449,200,0.78,1.1304,165,0.81,1.1739,2,0.785,1.1376,1489,0
SPY190805P290,2019-08-02,2019-08-02 09:44:45,0.79,1.1449,200,0.78,1.1304,165,0.81,1.1739,2,0.785,1.1376,1489,0
SPY190805P290,2019-08-02,2019-08-02 09:44:46,0.79,1.1449,200,0.78,1.1304,165,0.81,1.1739,2,0.785,1.1376,1489,0
SPY190805P290,2019-08-02,2019-08-02 09:44:47,0.79,1.1449,244,0.78,1.1304,6,0.81,1.1739,2,0.785,1.1376,1489,0
SPY190805P290,2019-08-02,2019-08-02 09:44:47,0.79,1.1449,165,0.78,1.1304,6,0.81,1.1739,2,0.785,1.1376,1489,0
SPY190805P290,2019-08-02,2019-08-02 09:44:48,0.79,1.1449,165,0.78,1.1304,128,0.81,1.1739,2,0.785,1.1376,1489,0
SPY190805P290,2019-08-02,2019-08-02 09:44:49,0.79,1.1449,244,0.78,1.1304,6,0.81,1.1739,2,0.785,1.1376,1489,0
SPY190805P290,2019-08-02,2019-08-02 09:44:50,0.8,1.1594,200,0.79,1.1449,140,0.81,1.1739,2,0.795,1.1521,1489,0
SPY190805P290,2019-08-02,2019-08-02 09:44:51,0.81,1.1739,213,0.8,1.1594,137,0.81,1.1739,2,0.805,1.1666,1489,0
SPY190805P290,2019-08-02,2019-08-02 09:44:52,0.81,1.1739,213,0.8,1.1594,137,0.81,1.1739,2,0.805,1.1666,1489,0
SPY190805P290,2019-08-02,2019-08-02 09:44:53,0.81,1.1739,213,0.8,1.1594,137,0.81,1.1739,2,0.805,1.1666,1489,0
SPY190805P290,2019-08-02,2019-08-02 09:44:53,0.81,1.1739,261,0.79,1.1449,93,0.81,1.1739,2,0.8,1.1594,1489,0
SPY190805P290,2019-08-02,2019-08-02 09:44:54,0.79,1.1449,200,0.78,1.1304,137,0.79,1.1449,2,0.785,1.1376,1491,2
SPY190805P290,2019-08-02,2019-08-02 09:44:55,0.79,1.1449,100,0.78,1.1304,105,0.79,1.1449,2,0.785,1.1376,1491,0
SPY190805P290,2019-08-02,2019-08-02 09:44:56,0.79,1.1449,94,0.78,1.1304,68,0.79,1.1449,2,0.785,1.1376,1491,0
SPY190805P290,2019-08-02,2019-08-02 09:44:57,0.81,1.1739,267,0.79,1.1449,225,0.79,1.1449,2,0.8,1.1594,1491,0
SPY190805P290,2019-08-02,2019-08-02 09:44:57,0.81,1.1739,295,0.79,1.1449,220,0.79,1.1449,2,0.8,1.1594,1491,0
SPY190805P290,2019-08-02,2019-08-02 09:44:58,0.81,1.1739,200,0.8,1.1594,75,0.79,1.1449,2,0.805,1.1666,1491,0
SPY190805P290,2019-08-02,2019-08-02 09:44:58,0.81,1.1739,200,0.79,1.1449,37,0.79,1.1449,2,0.8,1.1594,1491,0
SPY190805P290,2019-08-02,2019-08-02 09:44:59,0.79,1.1449,250,0.77,1.1159,47,0.79,1.1449,2,0.78,1.1304,1491,0
