symbol,Date,quote_time,ask_price,norm_ask_price,ask_size,bid_price,norm_bid_price,bid_size,last_trade_price,norm_last_trade_price,last_trade_size,mark_price,norm_mark_price,volume,Volume
IWM190913P153,2019-09-10,2019-09-10 09:30:01,1.94,1.0,1,1.69,0.8711,1,1.83,0.9432,2,1.815,0.9355,0,0
IWM190913P153,2019-09-10,2019-09-10 09:30:02,1.94,1.0,1,1.63,0.8402,19,1.83,0.9432,2,1.785,0.9201,0,0
IWM190913P153,2019-09-10,2019-09-10 09:30:03,1.94,1.0,10,1.69,0.8711,10,1.83,0.9432,2,1.815,0.9355,0,0
IWM190913P153,2019-09-10,2019-09-10 09:30:03,1.94,1.0,10,1.74,0.8969,50,1.83,0.9432,2,1.84,0.9484,0,0
IWM190913P153,2019-09-10,2019-09-10 09:30:04,1.94,1.0,10,1.74,0.8969,50,1.83,0.9432,2,1.84,0.9484,0,0
IWM190913P153,2019-09-10,2019-09-10 09:30:04,1.89,0.9742,160,1.79,0.9226,160,1.83,0.9432,2,1.84,0.9484,0,0
IWM190913P153,2019-09-10,2019-09-10 09:30:05,1.92,0.9896,160,1.82,0.9381,160,1.83,0.9432,2,1.87,0.9639,0,0
IWM190913P153,2019-09-10,2019-09-10 09:30:05,1.91,0.9845,160,1.81,0.9329,160,1.83,0.9432,2,1.86,0.9587,0,0
IWM190913P153,2019-09-10,2019-09-10 09:30:06,2.02,1.0412,50,1.84,0.9484,160,1.83,0.9432,2,1.93,0.9948,0,0
IWM190913P153,2019-09-10,2019-09-10 09:30:06,1.93,0.9948,160,1.83,0.9432,160,1.83,0.9432,2,1.88,0.969,0,0
IWM190913P153,2019-09-10,2019-09-10 09:30:07,1.97,1.0154,160,1.87,0.9639,160,1.83,0.9432,2,1.92,0.9896,0,0
IWM190913P153,2019-09-10,2019-09-10 09:30:07,1.96,1.0103,112,1.88,0.969,112,1.83,0.9432,2,1.92,0.9896,0,0
IWM190913P153,2019-09-10,2019-09-10 09:30:08,1.96,1.0103,112,1.88,0.969,112,1.83,0.9432,2,1.92,0.9896,0,0
IWM190913P153,2019-09-10,2019-09-10 09:30:08,1.96,1.0103,10,1.9,0.9793,128,1.83,0.9432,2,1.93,0.9948,0,0
IWM190913P153,2019-09-10,2019-09-10 09:30:09,1.97,1.0154,1,1.89,0.9742,128,1.83,0.9432,2,1.93,0.9948,0,0
IWM190913P153,2019-09-10,2019-09-10 09:30:09,1.99,1.0257,165,1.89,0.9742,128,1.83,0.9432,2,1.94,1.0,0,0
IWM190913P153,2019-09-10,2019-09-10 09:30:10,2.01,1.036,164,1.93,0.9948,164,1.83,0.9432,2,1.97,1.0154,0,0
IWM190913P153,2019-09-10,2019-09-10 09:30:10,2.02,1.0412,169,1.94,1.0,10,1.83,0.9432,2,1.98,1.0206,0,0
IWM190913P153,2019-09-10,2019-09-10 09:30:11,2.05,1.0567,160,1.98,1.0206,172,1.83,0.9432,2,2.015,1.0386,0,0
IWM190913P153,2019-09-10,2019-09-10 09:30:11,2.02,1.0412,29,1.96,1.0103,128,1.83,0.9432,2,1.99,1.0257,0,0
IWM190913P153,2019-09-10,2019-09-10 09:30:12,2.05,1.0567,164,1.98,1.0206,112,1.83,0.9432,2,2.015,1.0386,0,0
IWM190913P153,2019-09-10,2019-09-10 09:30:12,2.05,1.0567,53,1.98,1.0206,128,1.83,0.9432,2,2.015,1.0386,0,0
IWM190913P153,2019-09-10,2019-09-10 09:30:13,2.06,1.0618,173,1.99,1.0257,175,1.83,0.9432,2,2.025,1.0438,0,0
IWM190913P153,2019-09-10,2019-09-10 09:30:13,2.06,1.0618,10,1.99,1.0257,175,1.83,0.9432,2,2.025,1.0438,0,0
IWM190913P153,2019-09-10,2019-09-10 09:30:14,2.07,1.067,172,1.99,1.0257,161,1.83,0.9432,2,2.03,1.0463,0,0
IWM190913P153,2019-09-10,2019-09-10 09:30:14,2.04,1.0515,112,1.97,1.0154,112,1.83,0.9432,2,2.005,1.0335,0,0
IWM190913P153,2019-09-10,2019-09-10 09:30:15,2.06,1.0618,112,1.99,1.0257,112,1.83,0.9432,2,2.025,1.0438,0,0
IWM190913P153,2019-09-10,2019-09-10 09:30:15,2.05,1.0567,123,1.97,1.0154,112,1.83,0.9432,2,2.01,1.036,0,0
IWM190913P153,2019-09-10,2019-09-10 09:30:16,2.06,1.0618,124,1.99,1.0257,174,1.83,0.9432,2,2.025,1.0438,0,0
IWM190913P153,2019-09-10,2019-09-10 09:30:16,2.06,1.0618,5,1.99,1.0257,112,1.83,0.9432,2,2.025,1.0438,0,0
IWM190913P153,2019-09-10,2019-09-10 09:30:17,2.02,1.0412,112,1.95,1.0051,112,1.83,0.9432,2,1.985,1.0231,0,0
IWM190913P153,2019-09-10,2019-09-10 09:30:17,2.04,1.0515,112,1.97,1.0154,241,1.83,0.9432,2,2.005,1.0335,0,0
IWM190913P153,2019-09-10,2019-09-10 09:30:18,2.03,1.0463,236,1.96,1.0103,307,1.83,0.9432,2,1.995,1.0283,0,0
IWM190913P153,2019-09-10,2019-09-10 09:30:18,2.02,1.0412,58,1.96,1.0103,351,1.83,0.9432,2,1.99,1.0257,0,0
IWM190913P153,2019-09-10,2019-09-10 09:30:19,2.03,1.0463,162,1.96,1.0103,7,1.83,0.9432,2,1.995,1.0283,0,0
IWM190913P153,2019-09-10,2019-09-10 09:30:19,2.03,1.0463,162,1.96,1.0103,351,1.83,0.9432,2,1.995,1.0283,0,0
IWM190913P153,2019-09-10,2019-09-10 09:30:20,2.02,1.0412,151,1.95,1.0051,146,1.83,0.9432,2,1.985,1.0231,0,0
IWM190913P153,2019-09-10,2019-09-10 09:30:21,2.02,1.0412,165,1.95,1.0051,132,1.83,0.9432,2,1.985,1.0231,0,0
IWM190913P153,2019-09-10,2019-09-10 09:30:21,2.02,1.0412,165,1.95,1.0051,145,1.83,0.9432,2,1.985,1.0231,0,0
IWM190913P153,2019-09-10,2019-09-10 09:30:22,2.01,1.036,112,1.95,1.0051,117,1.83,0.9432,2,1.98,1.0206,0,0
IWM190913P153,2019-09-10,2019-09-10 09:30:22,2.02,1.0412,165,1.95,1.0051,132,1.83,0.9432,2,1.985,1.0231,0,0
IWM190913P153,2019-09-10,2019-09-10 09:30:23,2.02,1.0412,112,1.95,1.0051,260,1.83,0.9432,2,1.985,1.0231,0,0
IWM190913P153,2019-09-10,2019-09-10 09:30:23,2.02,1.0412,255,1.94,1.0,306,1.83,0.9432,2,1.98,1.0206,0,0
IWM190913P153,2019-09-10,2019-09-10 09:30:24,2.02,1.0412,169,1.96,1.0103,76,1.83,0.9432,2,1.99,1.0257,0,0
IWM190913P153,2019-09-10,2019-09-10 09:30:24,2.01,1.036,236,1.94,1.0,50,1.83,0.9432,2,1.975,1.018,0,0
IWM190913P153,2019-09-10,2019-09-10 09:30:25,2.0,1.0309,112,1.93,0.9948,16,1.83,0.9432,2,1.965,1.0128,0,0
IWM190913P153,2019-09-10,2019-09-10 09:30:25,1.98,1.0206,112,1.91,0.9845,128,1.83,0.9432,2,1.945,1.0025,0,0
IWM190913P153,2019-09-10,2019-09-10 09:30:26,1.99,1.0257,28,1.92,0.9896,98,1.83,0.9432,2,1.955,1.0077,0,0
IWM190913P153,2019-09-10,2019-09-10 09:30:26,1.99,1.0257,164,1.92,0.9896,98,1.83,0.9432,2,1.955,1.0077,0,0
IWM190913P153,2019-09-10,2019-09-10 09:30:27,1.98,1.0206,112,1.92,0.9896,14,1.83,0.9432,2,1.95,1.0051,0,0
IWM190913P153,2019-09-10,2019-09-10 09:30:27,1.99,1.0257,164,1.92,0.9896,14,1.83,0.9432,2,1.955,1.0077,0,0
IWM190913P153,2019-09-10,2019-09-10 09:30:28,1.96,1.0103,112,1.88,0.969,130,1.83,0.9432,2,1.92,0.9896,0,0
IWM190913P153,2019-09-10,2019-09-10 09:30:28,1.97,1.0154,112,1.91,0.9845,67,1.83,0.9432,2,1.94,1.0,0,0
IWM190913P153,2019-09-10,2019-09-10 09:30:29,1.96,1.0103,220,1.89,0.9742,86,1.83,0.9432,2,1.925,0.9922,0,0
IWM190913P153,2019-09-10,2019-09-10 09:30:29,1.96,1.0103,40,1.89,0.9742,272,1.83,0.9432,2,1.925,0.9922,0,0
IWM190913P153,2019-09-10,2019-09-10 09:30:30,1.96,1.0103,232,1.88,0.969,326,1.83,0.9432,2,1.92,0.9896,0,0
IWM190913P153,2019-09-10,2019-09-10 09:30:30,1.95,1.0051,112,1.89,0.9742,20,1.83,0.9432,2,1.92,0.9896,0,0
IWM190913P153,2019-09-10,2019-09-10 09:30:31,1.96,1.0103,13,1.92,0.9896,13,1.83,0.9432,2,1.94,1.0,0,0
IWM190913P153,2019-09-10,2019-09-10 09:30:31,1.95,1.0051,13,1.89,0.9742,13,1.83,0.9432,2,1.92,0.9896,0,0
IWM190913P153,2019-09-10,2019-09-10 09:30:32,1.97,1.0154,13,1.93,0.9948,13,1.83,0.9432,2,1.95,1.0051,0,0
IWM190913P153,2019-09-10,2019-09-10 09:30:32,1.98,1.0206,13,1.93,0.9948,13,1.83,0.9432,2,1.955,1.0077,0,0
IWM190913P153,2019-09-10,2019-09-10 09:30:33,1.97,1.0154,13,1.93,0.9948,13,1.83,0.9432,2,1.95,1.0051,0,0
IWM190913P153,2019-09-10,2019-09-10 09:30:33,1.99,1.0257,13,1.93,0.9948,13,1.83,0.9432,2,1.96,1.0103,0,0
IWM190913P153,2019-09-10,2019-09-10 09:30:34,1.99,1.0257,13,1.93,0.9948,13,1.83,0.9432,2,1.96,1.0103,0,0
IWM190913P153,2019-09-10,2019-09-10 09:30:34,1.98,1.0206,13,1.93,0.9948,13,1.83,0.9432,2,1.955,1.0077,0,0
IWM190913P153,2019-09-10,2019-09-10 09:30:35,1.98,1.0206,13,1.93,0.9948,13,1.83,0.9432,2,1.955,1.0077,0,0
IWM190913P153,2019-09-10,2019-09-10 09:30:36,1.99,1.0257,13,1.95,1.0051,33,1.83,0.9432,2,1.97,1.0154,0,0
IWM190913P153,2019-09-10,2019-09-10 09:30:36,1.99,1.0257,13,1.95,1.0051,78,1.83,0.9432,2,1.97,1.0154,0,0
IWM190913P153,2019-09-10,2019-09-10 09:30:37,1.99,1.0257,13,1.95,1.0051,33,1.83,0.9432,2,1.97,1.0154,0,0
IWM190913P153,2019-09-10,2019-09-10 09:30:37,2.0,1.0309,10,1.96,1.0103,49,1.83,0.9432,2,1.98,1.0206,0,0
IWM190913P153,2019-09-10,2019-09-10 09:30:38,2.0,1.0309,13,1.97,1.0154,64,1.83,0.9432,2,1.985,1.0231,0,0
IWM190913P153,2019-09-10,2019-09-10 09:30:39,2.0,1.0309,20,1.97,1.0154,13,1.83,0.9432,2,1.985,1.0231,0,0
IWM190913P153,2019-09-10,2019-09-10 09:30:39,2.0,1.0309,13,1.97,1.0154,13,1.83,0.9432,2,1.985,1.0231,0,0
IWM190913P153,2019-09-10,2019-09-10 09:30:40,2.01,1.036,13,1.98,1.0206,32,1.83,0.9432,2,1.995,1.0283,0,0
IWM190913P153,2019-09-10,2019-09-10 09:30:40,2.01,1.036,155,1.97,1.0154,38,1.83,0.9432,2,1.99,1.0257,0,0
IWM190913P153,2019-09-10,2019-09-10 09:30:41,2.01,1.036,13,1.98,1.0206,32,1.83,0.9432,2,1.995,1.0283,0,0
IWM190913P153,2019-09-10,2019-09-10 09:30:41,2.0,1.0309,13,1.97,1.0154,25,1.83,0.9432,2,1.985,1.0231,0,0
IWM190913P153,2019-09-10,2019-09-10 09:30:42,1.99,1.0257,13,1.95,1.0051,46,1.83,0.9432,2,1.97,1.0154,0,0
IWM190913P153,2019-09-10,2019-09-10 09:30:42,2.0,1.0309,13,1.97,1.0154,38,1.83,0.9432,2,1.985,1.0231,0,0
IWM190913P153,2019-09-10,2019-09-10 09:30:43,1.99,1.0257,13,1.95,1.0051,35,1.83,0.9432,2,1.97,1.0154,0,0
IWM190913P153,2019-09-10,2019-09-10 09:30:43,1.99,1.0257,20,1.94,1.0,13,1.83,0.9432,2,1.965,1.0128,0,0
IWM190913P153,2019-09-10,2019-09-10 09:30:44,1.97,1.0154,13,1.93,0.9948,37,1.83,0.9432,2,1.95,1.0051,0,0
IWM190913P153,2019-09-10,2019-09-10 09:30:44,1.98,1.0206,13,1.95,1.0051,25,1.83,0.9432,2,1.965,1.0128,0,0
IWM190913P153,2019-09-10,2019-09-10 09:30:45,1.98,1.0206,13,1.94,1.0,25,1.83,0.9432,2,1.96,1.0103,0,0
IWM190913P153,2019-09-10,2019-09-10 09:30:45,1.98,1.0206,13,1.93,0.9948,37,1.83,0.9432,2,1.955,1.0077,0,0
IWM190913P153,2019-09-10,2019-09-10 09:30:46,1.97,1.0154,13,1.94,1.0,25,1.83,0.9432,2,1.955,1.0077,0,0
IWM190913P153,2019-09-10,2019-09-10 09:30:46,1.99,1.0257,13,1.94,1.0,25,1.83,0.9432,2,1.965,1.0128,0,0
IWM190913P153,2019-09-10,2019-09-10 09:30:47,2.0,1.0309,13,1.95,1.0051,38,1.83,0.9432,2,1.975,1.018,0,0
IWM190913P153,2019-09-10,2019-09-10 09:30:47,2.0,1.0309,20,1.96,1.0103,21,1.83,0.9432,2,1.98,1.0206,0,0
IWM190913P153,2019-09-10,2019-09-10 09:30:48,2.0,1.0309,13,1.96,1.0103,21,1.83,0.9432,2,1.98,1.0206,0,0
IWM190913P153,2019-09-10,2019-09-10 09:30:48,2.0,1.0309,20,1.96,1.0103,21,1.83,0.9432,2,1.98,1.0206,0,0
IWM190913P153,2019-09-10,2019-09-10 09:30:49,2.02,1.0412,13,1.97,1.0154,25,1.83,0.9432,2,1.995,1.0283,0,0
IWM190913P153,2019-09-10,2019-09-10 09:30:50,2.01,1.036,13,1.97,1.0154,30,1.83,0.9432,2,1.99,1.0257,0,0
IWM190913P153,2019-09-10,2019-09-10 09:30:50,2.0,1.0309,13,1.97,1.0154,30,1.83,0.9432,2,1.985,1.0231,0,0
IWM190913P153,2019-09-10,2019-09-10 09:30:51,2.04,1.0515,13,2.0,1.0309,43,1.83,0.9432,2,2.02,1.0412,0,0
IWM190913P153,2019-09-10,2019-09-10 09:30:51,2.04,1.0515,13,2.0,1.0309,25,1.83,0.9432,2,2.02,1.0412,0,0
IWM190913P153,2019-09-10,2019-09-10 09:30:52,2.04,1.0515,13,1.99,1.0257,51,1.83,0.9432,2,2.015,1.0386,0,0
IWM190913P153,2019-09-10,2019-09-10 09:30:52,2.04,1.0515,13,1.99,1.0257,25,1.83,0.9432,2,2.015,1.0386,0,0
IWM190913P153,2019-09-10,2019-09-10 09:30:53,2.02,1.0412,20,1.96,1.0103,59,1.83,0.9432,2,1.99,1.0257,0,0
IWM190913P153,2019-09-10,2019-09-10 09:30:53,2.04,1.0515,13,1.98,1.0206,44,1.83,0.9432,2,2.01,1.036,0,0
IWM190913P153,2019-09-10,2019-09-10 09:30:54,2.02,1.0412,20,1.96,1.0103,61,1.83,0.9432,2,1.99,1.0257,0,0
IWM190913P153,2019-09-10,2019-09-10 09:30:54,2.01,1.036,13,1.96,1.0103,61,1.83,0.9432,2,1.985,1.0231,0,0
IWM190913P153,2019-09-10,2019-09-10 09:30:55,2.02,1.0412,13,1.98,1.0206,25,1.83,0.9432,2,2.0,1.0309,0,0
IWM190913P153,2019-09-10,2019-09-10 09:30:56,2.05,1.0567,13,2.01,1.036,13,1.83,0.9432,2,2.03,1.0463,0,0
IWM190913P153,2019-09-10,2019-09-10 09:30:56,2.03,1.0463,13,1.99,1.0257,64,1.83,0.9432,2,2.01,1.036,0,0
IWM190913P153,2019-09-10,2019-09-10 09:30:57,2.07,1.067,13,2.03,1.0463,25,1.83,0.9432,2,2.05,1.0567,0,0
IWM190913P153,2019-09-10,2019-09-10 09:30:57,2.06,1.0618,13,2.02,1.0412,58,1.83,0.9432,2,2.04,1.0515,0,0
IWM190913P153,2019-09-10,2019-09-10 09:30:58,2.05,1.0567,13,2.02,1.0412,51,1.83,0.9432,2,2.035,1.0489,0,0
IWM190913P153,2019-09-10,2019-09-10 09:30:58,2.08,1.0721,20,2.03,1.0463,13,1.83,0.9432,2,2.055,1.0592,0,0
IWM190913P153,2019-09-10,2019-09-10 09:30:59,2.04,1.0515,13,2.01,1.036,45,1.83,0.9432,2,2.025,1.0438,0,0
IWM190913P153,2019-09-10,2019-09-10 09:31:00,2.04,1.0515,13,2.0,1.0309,61,1.83,0.9432,2,2.02,1.0412,0,0
IWM190913P153,2019-09-10,2019-09-10 09:31:00,2.08,1.0721,13,2.03,1.0463,25,1.83,0.9432,2,2.055,1.0592,0,0
IWM190913P153,2019-09-10,2019-09-10 09:31:01,2.1,1.0824,13,2.05,1.0567,25,1.83,0.9432,2,2.075,1.0695,0,0
IWM190913P153,2019-09-10,2019-09-10 09:31:01,2.09,1.0773,13,2.04,1.0515,45,1.83,0.9432,2,2.065,1.0644,0,0
IWM190913P153,2019-09-10,2019-09-10 09:31:02,2.1,1.0824,13,2.04,1.0515,50,1.83,0.9432,2,2.07,1.067,0,0
IWM190913P153,2019-09-10,2019-09-10 09:31:02,2.09,1.0773,13,2.05,1.0567,74,1.83,0.9432,2,2.07,1.067,0,0
IWM190913P153,2019-09-10,2019-09-10 09:31:03,2.11,1.0876,13,2.07,1.067,13,1.83,0.9432,2,2.09,1.0773,0,0
IWM190913P153,2019-09-10,2019-09-10 09:31:03,2.11,1.0876,135,2.05,1.0567,45,1.83,0.9432,2,2.08,1.0721,0,0
IWM190913P153,2019-09-10,2019-09-10 09:31:04,2.12,1.0927,13,2.08,1.0721,25,1.83,0.9432,2,2.1,1.0824,0,0
IWM190913P153,2019-09-10,2019-09-10 09:31:04,2.15,1.1082,13,2.09,1.0773,13,1.83,0.9432,2,2.12,1.0927,0,0
IWM190913P153,2019-09-10,2019-09-10 09:31:05,2.12,1.0927,13,2.09,1.0773,13,1.83,0.9432,2,2.105,1.085,0,0
IWM190913P153,2019-09-10,2019-09-10 09:31:06,2.15,1.1082,13,2.1,1.0824,13,1.83,0.9432,2,2.125,1.0953,0,0
IWM190913P153,2019-09-10,2019-09-10 09:31:06,2.14,1.103,13,2.09,1.0773,25,1.83,0.9432,2,2.115,1.0902,0,0
IWM190913P153,2019-09-10,2019-09-10 09:31:07,2.14,1.103,13,2.08,1.0721,44,1.83,0.9432,2,2.11,1.0876,0,0
IWM190913P153,2019-09-10,2019-09-10 09:31:07,2.12,1.0927,13,2.07,1.067,13,1.83,0.9432,2,2.095,1.0798,0,0
IWM190913P153,2019-09-10,2019-09-10 09:31:08,2.12,1.0927,13,2.07,1.067,13,1.83,0.9432,2,2.095,1.0798,0,0
IWM190913P153,2019-09-10,2019-09-10 09:31:08,2.12,1.0927,20,2.07,1.067,13,1.83,0.9432,2,2.095,1.0798,0,0
IWM190913P153,2019-09-10,2019-09-10 09:31:09,2.08,1.0721,13,2.03,1.0463,25,1.83,0.9432,2,2.055,1.0592,0,0
IWM190913P153,2019-09-10,2019-09-10 09:31:09,2.1,1.0824,125,2.03,1.0463,13,1.83,0.9432,2,2.065,1.0644,0,0
IWM190913P153,2019-09-10,2019-09-10 09:31:10,2.08,1.0721,125,2.03,1.0463,13,1.83,0.9432,2,2.055,1.0592,0,0
IWM190913P153,2019-09-10,2019-09-10 09:31:10,2.07,1.067,13,2.03,1.0463,13,1.83,0.9432,2,2.05,1.0567,0,0
IWM190913P153,2019-09-10,2019-09-10 09:31:11,2.07,1.067,13,2.02,1.0412,43,1.83,0.9432,2,2.045,1.0541,0,0
IWM190913P153,2019-09-10,2019-09-10 09:31:11,2.07,1.067,13,2.01,1.036,13,1.83,0.9432,2,2.04,1.0515,0,0
IWM190913P153,2019-09-10,2019-09-10 09:31:12,2.07,1.067,13,2.02,1.0412,13,1.83,0.9432,2,2.045,1.0541,0,0
IWM190913P153,2019-09-10,2019-09-10 09:31:12,2.07,1.067,13,2.03,1.0463,13,1.83,0.9432,2,2.05,1.0567,0,0
IWM190913P153,2019-09-10,2019-09-10 09:31:13,2.06,1.0618,20,2.02,1.0412,13,1.83,0.9432,2,2.04,1.0515,0,0
IWM190913P153,2019-09-10,2019-09-10 09:31:13,2.06,1.0618,13,2.02,1.0412,13,1.83,0.9432,2,2.04,1.0515,0,0
IWM190913P153,2019-09-10,2019-09-10 09:31:14,2.07,1.067,13,2.03,1.0463,13,1.83,0.9432,2,2.05,1.0567,0,0
IWM190913P153,2019-09-10,2019-09-10 09:31:14,2.06,1.0618,13,2.03,1.0463,13,1.83,0.9432,2,2.045,1.0541,0,0
IWM190913P153,2019-09-10,2019-09-10 09:31:15,2.08,1.0721,20,2.03,1.0463,13,1.83,0.9432,2,2.055,1.0592,0,0
IWM190913P153,2019-09-10,2019-09-10 09:31:15,2.07,1.067,13,2.01,1.036,13,1.83,0.9432,2,2.04,1.0515,0,0
IWM190913P153,2019-09-10,2019-09-10 09:31:16,2.09,1.0773,13,2.04,1.0515,13,1.83,0.9432,2,2.065,1.0644,0,0
IWM190913P153,2019-09-10,2019-09-10 09:31:17,2.05,1.0567,13,2.01,1.036,13,1.83,0.9432,2,2.03,1.0463,0,0
IWM190913P153,2019-09-10,2019-09-10 09:31:17,2.04,1.0515,13,2.01,1.036,13,1.83,0.9432,2,2.025,1.0438,0,0
IWM190913P153,2019-09-10,2019-09-10 09:31:18,2.02,1.0412,125,1.97,1.0154,15,1.83,0.9432,2,1.995,1.0283,0,0
IWM190913P153,2019-09-10,2019-09-10 09:31:18,2.04,1.0515,13,2.0,1.0309,15,1.83,0.9432,2,2.02,1.0412,0,0
IWM190913P153,2019-09-10,2019-09-10 09:31:19,1.99,1.0257,13,1.95,1.0051,16,1.83,0.9432,2,1.97,1.0154,0,0
IWM190913P153,2019-09-10,2019-09-10 09:31:19,2.01,1.036,13,1.96,1.0103,16,1.83,0.9432,2,1.985,1.0231,0,0
IWM190913P153,2019-09-10,2019-09-10 09:31:20,1.97,1.0154,13,1.94,1.0,13,1.83,0.9432,2,1.955,1.0077,0,0
IWM190913P153,2019-09-10,2019-09-10 09:31:20,1.98,1.0206,13,1.95,1.0051,13,1.83,0.9432,2,1.965,1.0128,0,0
IWM190913P153,2019-09-10,2019-09-10 09:31:21,1.98,1.0206,13,1.93,0.9948,30,1.83,0.9432,2,1.955,1.0077,0,0
IWM190913P153,2019-09-10,2019-09-10 09:31:21,1.98,1.0206,13,1.95,1.0051,13,1.83,0.9432,2,1.965,1.0128,0,0
IWM190913P153,2019-09-10,2019-09-10 09:31:22,1.97,1.0154,13,1.93,0.9948,16,1.83,0.9432,2,1.95,1.0051,0,0
IWM190913P153,2019-09-10,2019-09-10 09:31:22,1.98,1.0206,13,1.93,0.9948,16,1.83,0.9432,2,1.955,1.0077,0,0
IWM190913P153,2019-09-10,2019-09-10 09:31:23,1.96,1.0103,13,1.92,0.9896,13,1.83,0.9432,2,1.94,1.0,0,0
IWM190913P153,2019-09-10,2019-09-10 09:31:23,1.96,1.0103,20,1.93,0.9948,13,1.83,0.9432,2,1.945,1.0025,0,0
IWM190913P153,2019-09-10,2019-09-10 09:31:24,1.96,1.0103,13,1.92,0.9896,13,1.83,0.9432,2,1.94,1.0,0,0
IWM190913P153,2019-09-10,2019-09-10 09:31:24,1.94,1.0,13,1.91,0.9845,16,1.83,0.9432,2,1.925,0.9922,0,0
IWM190913P153,2019-09-10,2019-09-10 09:31:25,1.94,1.0,20,1.9,0.9793,16,1.83,0.9432,2,1.92,0.9896,0,0
IWM190913P153,2019-09-10,2019-09-10 09:31:25,1.94,1.0,20,1.91,0.9845,16,1.83,0.9432,2,1.925,0.9922,0,0
IWM190913P153,2019-09-10,2019-09-10 09:31:26,1.94,1.0,125,1.9,0.9793,16,1.83,0.9432,2,1.92,0.9896,0,0
IWM190913P153,2019-09-10,2019-09-10 09:31:26,1.94,1.0,13,1.91,0.9845,13,1.83,0.9432,2,1.925,0.9922,0,0
IWM190913P153,2019-09-10,2019-09-10 09:31:27,1.95,1.0051,13,1.91,0.9845,13,1.83,0.9432,2,1.93,0.9948,0,0
IWM190913P153,2019-09-10,2019-09-10 09:31:27,1.94,1.0,13,1.91,0.9845,13,1.83,0.9432,2,1.925,0.9922,0,0
IWM190913P153,2019-09-10,2019-09-10 09:31:28,1.93,0.9948,125,1.89,0.9742,13,1.83,0.9432,2,1.91,0.9845,0,0
IWM190913P153,2019-09-10,2019-09-10 09:31:28,1.93,0.9948,13,1.89,0.9742,13,1.83,0.9432,2,1.91,0.9845,0,0
IWM190913P153,2019-09-10,2019-09-10 09:31:29,1.92,0.9896,13,1.89,0.9742,13,1.83,0.9432,2,1.905,0.9819,0,0
IWM190913P153,2019-09-10,2019-09-10 09:31:29,1.93,0.9948,13,1.9,0.9793,13,1.83,0.9432,2,1.915,0.9871,0,0
IWM190913P153,2019-09-10,2019-09-10 09:31:30,1.93,0.9948,20,1.9,0.9793,13,1.83,0.9432,2,1.915,0.9871,0,0
IWM190913P153,2019-09-10,2019-09-10 09:31:31,1.94,1.0,20,1.9,0.9793,13,1.83,0.9432,2,1.92,0.9896,0,0
IWM190913P153,2019-09-10,2019-09-10 09:31:31,1.94,1.0,13,1.9,0.9793,13,1.83,0.9432,2,1.92,0.9896,0,0
IWM190913P153,2019-09-10,2019-09-10 09:31:32,1.91,0.9845,13,1.88,0.969,18,1.83,0.9432,2,1.895,0.9768,0,0
IWM190913P153,2019-09-10,2019-09-10 09:31:32,1.93,0.9948,13,1.89,0.9742,13,1.83,0.9432,2,1.91,0.9845,0,0
IWM190913P153,2019-09-10,2019-09-10 09:31:33,1.91,0.9845,13,1.88,0.969,3,1.83,0.9432,2,1.895,0.9768,0,0
IWM190913P153,2019-09-10,2019-09-10 09:31:33,1.91,0.9845,13,1.88,0.969,18,1.83,0.9432,2,1.895,0.9768,0,0
IWM190913P153,2019-09-10,2019-09-10 09:31:34,1.9,0.9793,13,1.86,0.9587,16,1.83,0.9432,2,1.88,0.969,0,0
IWM190913P153,2019-09-10,2019-09-10 09:31:34,1.89,0.9742,13,1.86,0.9587,16,1.83,0.9432,2,1.875,0.9664,0,0
IWM190913P153,2019-09-10,2019-09-10 09:31:35,1.9,0.9793,13,1.86,0.9587,13,1.83,0.9432,2,1.88,0.969,0,0
IWM190913P153,2019-09-10,2019-09-10 09:31:35,1.89,0.9742,13,1.86,0.9587,13,1.83,0.9432,2,1.875,0.9664,0,0
IWM190913P153,2019-09-10,2019-09-10 09:31:36,1.92,0.9896,25,1.88,0.969,13,1.83,0.9432,2,1.9,0.9793,0,0
IWM190913P153,2019-09-10,2019-09-10 09:31:36,1.91,0.9845,13,1.86,0.9587,13,1.83,0.9432,2,1.885,0.9716,0,0
IWM190913P153,2019-09-10,2019-09-10 09:31:37,1.91,0.9845,13,1.88,0.969,13,1.83,0.9432,2,1.895,0.9768,0,0
IWM190913P153,2019-09-10,2019-09-10 09:31:37,1.93,0.9948,112,1.88,0.969,13,1.83,0.9432,2,1.905,0.9819,0,0
IWM190913P153,2019-09-10,2019-09-10 09:31:38,1.93,0.9948,13,1.89,0.9742,13,1.83,0.9432,2,1.91,0.9845,0,0
IWM190913P153,2019-09-10,2019-09-10 09:31:38,1.93,0.9948,32,1.88,0.969,13,1.83,0.9432,2,1.905,0.9819,0,0
IWM190913P153,2019-09-10,2019-09-10 09:31:39,1.95,1.0051,13,1.9,0.9793,13,1.83,0.9432,2,1.925,0.9922,0,0
IWM190913P153,2019-09-10,2019-09-10 09:31:40,1.97,1.0154,13,1.92,0.9896,13,1.83,0.9432,2,1.945,1.0025,0,0
IWM190913P153,2019-09-10,2019-09-10 09:31:41,1.98,1.0206,13,1.94,1.0,13,1.83,0.9432,2,1.96,1.0103,0,0
IWM190913P153,2019-09-10,2019-09-10 09:31:41,1.98,1.0206,112,1.93,0.9948,13,1.83,0.9432,2,1.955,1.0077,0,0
IWM190913P153,2019-09-10,2019-09-10 09:31:42,1.98,1.0206,13,1.95,1.0051,13,1.83,0.9432,2,1.965,1.0128,0,0
IWM190913P153,2019-09-10,2019-09-10 09:31:43,1.97,1.0154,13,1.94,1.0,13,1.83,0.9432,2,1.955,1.0077,0,0
IWM190913P153,2019-09-10,2019-09-10 09:31:43,1.98,1.0206,13,1.95,1.0051,13,1.83,0.9432,2,1.965,1.0128,0,0
IWM190913P153,2019-09-10,2019-09-10 09:31:44,1.98,1.0206,13,1.94,1.0,13,1.83,0.9432,2,1.96,1.0103,0,0
IWM190913P153,2019-09-10,2019-09-10 09:31:45,1.98,1.0206,13,1.94,1.0,13,1.83,0.9432,2,1.96,1.0103,0,0
IWM190913P153,2019-09-10,2019-09-10 09:31:45,2.0,1.0309,13,1.96,1.0103,13,1.83,0.9432,2,1.98,1.0206,0,0
IWM190913P153,2019-09-10,2019-09-10 09:31:46,2.0,1.0309,13,1.96,1.0103,13,1.83,0.9432,2,1.98,1.0206,0,0
IWM190913P153,2019-09-10,2019-09-10 09:31:46,2.0,1.0309,13,1.97,1.0154,13,1.83,0.9432,2,1.985,1.0231,0,0
IWM190913P153,2019-09-10,2019-09-10 09:31:47,2.04,1.0515,127,1.97,1.0154,13,1.83,0.9432,2,2.005,1.0335,0,0
IWM190913P153,2019-09-10,2019-09-10 09:31:47,2.02,1.0412,13,1.98,1.0206,13,1.83,0.9432,2,2.0,1.0309,0,0
IWM190913P153,2019-09-10,2019-09-10 09:31:48,2.01,1.036,13,1.98,1.0206,13,1.83,0.9432,2,1.995,1.0283,0,0
IWM190913P153,2019-09-10,2019-09-10 09:31:49,2.01,1.036,13,1.97,1.0154,13,1.83,0.9432,2,1.99,1.0257,0,0
IWM190913P153,2019-09-10,2019-09-10 09:31:49,2.01,1.036,13,1.99,1.0257,13,1.83,0.9432,2,2.0,1.0309,0,0
IWM190913P153,2019-09-10,2019-09-10 09:31:50,2.03,1.0463,13,1.99,1.0257,13,1.83,0.9432,2,2.01,1.036,0,0
IWM190913P153,2019-09-10,2019-09-10 09:31:51,2.02,1.0412,13,1.98,1.0206,13,1.83,0.9432,2,2.0,1.0309,0,0
IWM190913P153,2019-09-10,2019-09-10 09:31:52,2.03,1.0463,13,1.99,1.0257,13,1.83,0.9432,2,2.01,1.036,0,0
IWM190913P153,2019-09-10,2019-09-10 09:31:52,2.04,1.0515,13,2.0,1.0309,13,1.83,0.9432,2,2.02,1.0412,0,0
IWM190913P153,2019-09-10,2019-09-10 09:31:53,2.04,1.0515,13,2.0,1.0309,13,1.83,0.9432,2,2.02,1.0412,0,0
IWM190913P153,2019-09-10,2019-09-10 09:31:54,2.04,1.0515,13,2.0,1.0309,13,1.83,0.9432,2,2.02,1.0412,0,0
IWM190913P153,2019-09-10,2019-09-10 09:31:54,2.05,1.0567,13,2.01,1.036,13,1.83,0.9432,2,2.03,1.0463,0,0
IWM190913P153,2019-09-10,2019-09-10 09:31:55,2.05,1.0567,13,2.01,1.036,13,1.83,0.9432,2,2.03,1.0463,0,0
IWM190913P153,2019-09-10,2019-09-10 09:31:56,2.05,1.0567,13,2.01,1.036,13,1.83,0.9432,2,2.03,1.0463,0,0
IWM190913P153,2019-09-10,2019-09-10 09:31:56,2.04,1.0515,13,2.0,1.0309,13,1.83,0.9432,2,2.02,1.0412,0,0
IWM190913P153,2019-09-10,2019-09-10 09:31:57,2.05,1.0567,13,2.01,1.036,13,1.83,0.9432,2,2.03,1.0463,0,0
IWM190913P153,2019-09-10,2019-09-10 09:31:58,2.05,1.0567,13,2.02,1.0412,13,1.83,0.9432,2,2.035,1.0489,0,0
IWM190913P153,2019-09-10,2019-09-10 09:31:58,2.04,1.0515,13,2.01,1.036,13,1.83,0.9432,2,2.025,1.0438,0,0
IWM190913P153,2019-09-10,2019-09-10 09:31:59,2.06,1.0618,13,2.02,1.0412,13,1.83,0.9432,2,2.04,1.0515,0,0
IWM190913P153,2019-09-10,2019-09-10 09:32:00,2.06,1.0618,13,2.02,1.0412,13,1.83,0.9432,2,2.04,1.0515,0,0
IWM190913P153,2019-09-10,2019-09-10 09:32:01,2.08,1.0721,13,2.04,1.0515,13,1.83,0.9432,2,2.06,1.0618,0,0
IWM190913P153,2019-09-10,2019-09-10 09:32:01,2.09,1.0773,25,2.04,1.0515,13,1.83,0.9432,2,2.065,1.0644,0,0
IWM190913P153,2019-09-10,2019-09-10 09:32:02,2.08,1.0721,13,2.05,1.0567,13,1.83,0.9432,2,2.065,1.0644,0,0
IWM190913P153,2019-09-10,2019-09-10 09:32:02,2.07,1.067,13,2.04,1.0515,13,1.83,0.9432,2,2.055,1.0592,0,0
IWM190913P153,2019-09-10,2019-09-10 09:32:03,2.07,1.067,13,2.04,1.0515,13,1.83,0.9432,2,2.055,1.0592,0,0
IWM190913P153,2019-09-10,2019-09-10 09:32:03,2.08,1.0721,13,2.05,1.0567,13,1.83,0.9432,2,2.065,1.0644,0,0
IWM190913P153,2019-09-10,2019-09-10 09:32:04,2.09,1.0773,25,2.05,1.0567,13,1.83,0.9432,2,2.07,1.067,0,0
IWM190913P153,2019-09-10,2019-09-10 09:32:04,2.07,1.067,13,2.04,1.0515,13,1.83,0.9432,2,2.055,1.0592,0,0
IWM190913P153,2019-09-10,2019-09-10 09:32:05,2.09,1.0773,32,2.04,1.0515,13,1.83,0.9432,2,2.065,1.0644,0,0
IWM190913P153,2019-09-10,2019-09-10 09:32:05,2.08,1.0721,13,2.04,1.0515,13,1.83,0.9432,2,2.06,1.0618,0,0
IWM190913P153,2019-09-10,2019-09-10 09:32:06,2.08,1.0721,13,2.04,1.0515,13,1.83,0.9432,2,2.06,1.0618,0,0
IWM190913P153,2019-09-10,2019-09-10 09:32:06,2.07,1.067,13,2.04,1.0515,13,1.83,0.9432,2,2.055,1.0592,0,0
IWM190913P153,2019-09-10,2019-09-10 09:32:07,2.07,1.067,13,2.04,1.0515,13,1.83,0.9432,2,2.055,1.0592,0,0
IWM190913P153,2019-09-10,2019-09-10 09:32:07,2.08,1.0721,13,2.05,1.0567,13,1.83,0.9432,2,2.065,1.0644,0,0
IWM190913P153,2019-09-10,2019-09-10 09:32:08,2.08,1.0721,13,2.05,1.0567,13,1.83,0.9432,2,2.065,1.0644,0,0
IWM190913P153,2019-09-10,2019-09-10 09:32:09,2.09,1.0773,13,2.05,1.0567,13,1.83,0.9432,2,2.07,1.067,0,0
IWM190913P153,2019-09-10,2019-09-10 09:32:09,2.1,1.0824,13,2.07,1.067,13,1.83,0.9432,2,2.085,1.0747,0,0
IWM190913P153,2019-09-10,2019-09-10 09:32:10,2.1,1.0824,13,2.07,1.067,13,1.83,0.9432,2,2.085,1.0747,0,0
IWM190913P153,2019-09-10,2019-09-10 09:32:11,2.09,1.0773,13,2.06,1.0618,13,1.83,0.9432,2,2.075,1.0695,0,0
IWM190913P153,2019-09-10,2019-09-10 09:32:11,2.1,1.0824,13,2.06,1.0618,13,1.83,0.9432,2,2.08,1.0721,0,0
IWM190913P153,2019-09-10,2019-09-10 09:32:12,2.14,1.103,125,2.09,1.0773,10,1.83,0.9432,2,2.115,1.0902,0,0
IWM190913P153,2019-09-10,2019-09-10 09:32:12,2.13,1.0979,13,2.07,1.067,13,1.83,0.9432,2,2.1,1.0824,0,0
IWM190913P153,2019-09-10,2019-09-10 09:32:13,2.11,1.0876,13,2.08,1.0721,13,1.83,0.9432,2,2.095,1.0798,0,0
IWM190913P153,2019-09-10,2019-09-10 09:32:13,2.12,1.0927,13,2.07,1.067,13,1.83,0.9432,2,2.095,1.0798,0,0
IWM190913P153,2019-09-10,2019-09-10 09:32:14,2.12,1.0927,26,2.08,1.0721,13,1.83,0.9432,2,2.1,1.0824,0,0
IWM190913P153,2019-09-10,2019-09-10 09:32:14,2.12,1.0927,26,2.07,1.067,13,1.83,0.9432,2,2.095,1.0798,0,0
IWM190913P153,2019-09-10,2019-09-10 09:32:15,2.12,1.0927,13,2.08,1.0721,13,1.83,0.9432,2,2.1,1.0824,0,0
IWM190913P153,2019-09-10,2019-09-10 09:32:16,2.12,1.0927,13,2.09,1.0773,13,1.83,0.9432,2,2.105,1.085,0,0
IWM190913P153,2019-09-10,2019-09-10 09:32:16,2.13,1.0979,13,2.09,1.0773,20,1.83,0.9432,2,2.11,1.0876,0,0
IWM190913P153,2019-09-10,2019-09-10 09:32:17,2.11,1.0876,13,2.08,1.0721,13,1.83,0.9432,2,2.095,1.0798,0,0
IWM190913P153,2019-09-10,2019-09-10 09:32:18,2.11,1.0876,13,2.08,1.0721,13,1.83,0.9432,2,2.095,1.0798,0,0
IWM190913P153,2019-09-10,2019-09-10 09:32:19,2.11,1.0876,25,2.06,1.0618,13,1.83,0.9432,2,2.085,1.0747,0,0
IWM190913P153,2019-09-10,2019-09-10 09:32:19,2.12,1.0927,13,2.08,1.0721,13,1.83,0.9432,2,2.1,1.0824,0,0
IWM190913P153,2019-09-10,2019-09-10 09:32:20,2.1,1.0824,13,2.07,1.067,13,1.83,0.9432,2,2.085,1.0747,0,0
IWM190913P153,2019-09-10,2019-09-10 09:32:20,2.11,1.0876,17,2.06,1.0618,30,1.83,0.9432,2,2.085,1.0747,0,0
IWM190913P153,2019-09-10,2019-09-10 09:32:21,2.1,1.0824,13,2.07,1.067,13,1.83,0.9432,2,2.085,1.0747,0,0
IWM190913P153,2019-09-10,2019-09-10 09:32:21,2.11,1.0876,23,2.07,1.067,13,1.83,0.9432,2,2.09,1.0773,0,0
IWM190913P153,2019-09-10,2019-09-10 09:32:22,2.12,1.0927,25,2.07,1.067,20,1.83,0.9432,2,2.095,1.0798,0,0
IWM190913P153,2019-09-10,2019-09-10 09:32:22,2.12,1.0927,25,2.07,1.067,13,1.83,0.9432,2,2.095,1.0798,0,0
IWM190913P153,2019-09-10,2019-09-10 09:32:23,2.09,1.0773,13,2.05,1.0567,13,1.83,0.9432,2,2.07,1.067,0,0
IWM190913P153,2019-09-10,2019-09-10 09:32:23,2.08,1.0721,13,2.04,1.0515,13,1.83,0.9432,2,2.06,1.0618,0,0
IWM190913P153,2019-09-10,2019-09-10 09:32:24,2.06,1.0618,13,2.03,1.0463,13,1.83,0.9432,2,2.045,1.0541,0,0
IWM190913P153,2019-09-10,2019-09-10 09:32:24,2.06,1.0618,21,2.03,1.0463,13,1.83,0.9432,2,2.045,1.0541,0,0
IWM190913P153,2019-09-10,2019-09-10 09:32:25,2.06,1.0618,33,2.02,1.0412,13,1.83,0.9432,2,2.04,1.0515,0,0
IWM190913P153,2019-09-10,2019-09-10 09:32:25,2.06,1.0618,21,2.02,1.0412,13,1.83,0.9432,2,2.04,1.0515,0,0
IWM190913P153,2019-09-10,2019-09-10 09:32:26,2.04,1.0515,13,2.01,1.036,13,1.83,0.9432,2,2.025,1.0438,0,0
IWM190913P153,2019-09-10,2019-09-10 09:32:26,2.06,1.0618,21,2.01,1.036,15,1.83,0.9432,2,2.035,1.0489,0,0
IWM190913P153,2019-09-10,2019-09-10 09:32:27,2.05,1.0567,13,2.02,1.0412,13,1.83,0.9432,2,2.035,1.0489,0,0
IWM190913P153,2019-09-10,2019-09-10 09:32:28,2.05,1.0567,13,2.02,1.0412,13,1.83,0.9432,2,2.035,1.0489,0,0
IWM190913P153,2019-09-10,2019-09-10 09:32:29,2.05,1.0567,13,2.02,1.0412,13,1.83,0.9432,2,2.035,1.0489,0,0
IWM190913P153,2019-09-10,2019-09-10 09:32:29,2.04,1.0515,13,2.01,1.036,13,1.83,0.9432,2,2.025,1.0438,0,0
IWM190913P153,2019-09-10,2019-09-10 09:32:30,2.04,1.0515,13,2.01,1.036,20,1.83,0.9432,2,2.025,1.0438,0,0
IWM190913P153,2019-09-10,2019-09-10 09:32:30,2.03,1.0463,13,2.0,1.0309,13,1.83,0.9432,2,2.015,1.0386,0,0
IWM190913P153,2019-09-10,2019-09-10 09:32:31,2.05,1.0567,25,2.01,1.036,13,1.83,0.9432,2,2.03,1.0463,0,0
IWM190913P153,2019-09-10,2019-09-10 09:32:31,2.03,1.0463,13,2.0,1.0309,13,1.83,0.9432,2,2.015,1.0386,0,0
IWM190913P153,2019-09-10,2019-09-10 09:32:32,2.04,1.0515,14,2.0,1.0309,13,1.83,0.9432,2,2.02,1.0412,0,0
IWM190913P153,2019-09-10,2019-09-10 09:32:33,2.04,1.0515,14,2.0,1.0309,13,1.83,0.9432,2,2.02,1.0412,0,0
IWM190913P153,2019-09-10,2019-09-10 09:32:33,2.05,1.0567,24,2.01,1.036,13,1.83,0.9432,2,2.03,1.0463,0,0
IWM190913P153,2019-09-10,2019-09-10 09:32:34,2.03,1.0463,13,2.0,1.0309,13,1.83,0.9432,2,2.015,1.0386,0,0
IWM190913P153,2019-09-10,2019-09-10 09:32:35,2.02,1.0412,53,1.98,1.0206,13,1.83,0.9432,2,2.0,1.0309,0,0
IWM190913P153,2019-09-10,2019-09-10 09:32:35,2.02,1.0412,13,1.99,1.0257,13,1.83,0.9432,2,2.005,1.0335,0,0
IWM190913P153,2019-09-10,2019-09-10 09:32:36,2.02,1.0412,53,1.98,1.0206,13,1.83,0.9432,2,2.0,1.0309,0,0
IWM190913P153,2019-09-10,2019-09-10 09:32:36,2.04,1.0515,13,1.99,1.0257,13,1.83,0.9432,2,2.015,1.0386,0,0
IWM190913P153,2019-09-10,2019-09-10 09:32:37,2.06,1.0618,35,2.02,1.0412,13,1.83,0.9432,2,2.04,1.0515,0,0
IWM190913P153,2019-09-10,2019-09-10 09:32:37,2.07,1.067,25,2.02,1.0412,13,1.83,0.9432,2,2.045,1.0541,0,0
IWM190913P153,2019-09-10,2019-09-10 09:32:38,2.06,1.0618,13,2.03,1.0463,13,1.83,0.9432,2,2.045,1.0541,0,0
IWM190913P153,2019-09-10,2019-09-10 09:32:39,2.09,1.0773,99,2.04,1.0515,13,1.83,0.9432,2,2.065,1.0644,0,0
IWM190913P153,2019-09-10,2019-09-10 09:32:39,2.05,1.0567,13,2.01,1.036,13,1.83,0.9432,2,2.03,1.0463,0,0
IWM190913P153,2019-09-10,2019-09-10 09:32:40,2.06,1.0618,25,2.03,1.0463,13,1.83,0.9432,2,2.045,1.0541,0,0
IWM190913P153,2019-09-10,2019-09-10 09:32:40,2.07,1.067,25,2.03,1.0463,13,1.83,0.9432,2,2.05,1.0567,0,0
IWM190913P153,2019-09-10,2019-09-10 09:32:41,2.07,1.067,55,2.02,1.0412,16,1.83,0.9432,2,2.045,1.0541,0,0
IWM190913P153,2019-09-10,2019-09-10 09:32:42,2.06,1.0618,30,2.03,1.0463,13,1.83,0.9432,2,2.045,1.0541,0,0
IWM190913P153,2019-09-10,2019-09-10 09:32:42,2.05,1.0567,13,2.02,1.0412,13,1.83,0.9432,2,2.035,1.0489,0,0
IWM190913P153,2019-09-10,2019-09-10 09:32:43,2.05,1.0567,13,2.02,1.0412,20,1.83,0.9432,2,2.035,1.0489,0,0
IWM190913P153,2019-09-10,2019-09-10 09:32:43,2.06,1.0618,37,2.03,1.0463,13,1.83,0.9432,2,2.045,1.0541,0,0
IWM190913P153,2019-09-10,2019-09-10 09:32:44,2.06,1.0618,39,2.03,1.0463,13,1.83,0.9432,2,2.045,1.0541,0,0
IWM190913P153,2019-09-10,2019-09-10 09:32:45,2.06,1.0618,30,2.03,1.0463,13,1.83,0.9432,2,2.045,1.0541,0,0
IWM190913P153,2019-09-10,2019-09-10 09:32:45,2.06,1.0618,13,2.03,1.0463,13,1.83,0.9432,2,2.045,1.0541,0,0
IWM190913P153,2019-09-10,2019-09-10 09:32:46,2.06,1.0618,13,2.03,1.0463,13,1.83,0.9432,2,2.045,1.0541,0,0
IWM190913P153,2019-09-10,2019-09-10 09:32:47,2.08,1.0721,23,2.04,1.0515,13,1.83,0.9432,2,2.06,1.0618,0,0
IWM190913P153,2019-09-10,2019-09-10 09:32:47,2.08,1.0721,13,2.05,1.0567,15,2.05,1.0567,1,2.065,1.0644,1,1
IWM190913P153,2019-09-10,2019-09-10 09:32:48,2.08,1.0721,13,2.05,1.0567,15,2.05,1.0567,1,2.065,1.0644,1,0
IWM190913P153,2019-09-10,2019-09-10 09:32:49,2.09,1.0773,25,2.05,1.0567,13,2.05,1.0567,1,2.07,1.067,1,0
IWM190913P153,2019-09-10,2019-09-10 09:32:49,2.09,1.0773,25,2.05,1.0567,20,2.05,1.0567,1,2.07,1.067,1,0
IWM190913P153,2019-09-10,2019-09-10 09:32:50,2.08,1.0721,13,2.05,1.0567,13,2.05,1.0567,1,2.065,1.0644,1,0
IWM190913P153,2019-09-10,2019-09-10 09:32:50,2.09,1.0773,13,2.06,1.0618,13,2.05,1.0567,1,2.075,1.0695,1,0
IWM190913P153,2019-09-10,2019-09-10 09:32:51,2.08,1.0721,13,2.04,1.0515,13,2.05,1.0567,1,2.06,1.0618,1,0
IWM190913P153,2019-09-10,2019-09-10 09:32:51,2.08,1.0721,13,2.04,1.0515,15,2.05,1.0567,1,2.06,1.0618,1,0
IWM190913P153,2019-09-10,2019-09-10 09:32:52,2.07,1.067,13,2.03,1.0463,30,2.05,1.0567,1,2.05,1.0567,1,0
IWM190913P153,2019-09-10,2019-09-10 09:32:52,2.08,1.0721,13,2.05,1.0567,13,2.05,1.0567,1,2.065,1.0644,1,0
IWM190913P153,2019-09-10,2019-09-10 09:32:53,2.08,1.0721,22,2.04,1.0515,10,2.05,1.0567,1,2.06,1.0618,1,0
IWM190913P153,2019-09-10,2019-09-10 09:32:53,2.08,1.0721,32,2.04,1.0515,10,2.05,1.0567,1,2.06,1.0618,1,0
IWM190913P153,2019-09-10,2019-09-10 09:32:54,2.08,1.0721,32,2.05,1.0567,13,2.05,1.0567,1,2.065,1.0644,1,0
IWM190913P153,2019-09-10,2019-09-10 09:32:54,2.08,1.0721,32,2.04,1.0515,15,2.05,1.0567,1,2.06,1.0618,1,0
IWM190913P153,2019-09-10,2019-09-10 09:32:55,2.08,1.0721,25,2.04,1.0515,13,2.05,1.0567,1,2.06,1.0618,1,0
IWM190913P153,2019-09-10,2019-09-10 09:32:56,2.08,1.0721,13,2.05,1.0567,13,2.05,1.0567,1,2.065,1.0644,1,0
IWM190913P153,2019-09-10,2019-09-10 09:32:56,2.09,1.0773,112,2.04,1.0515,15,2.05,1.0567,1,2.065,1.0644,1,0
IWM190913P153,2019-09-10,2019-09-10 09:32:57,2.07,1.067,13,2.03,1.0463,36,2.05,1.0567,1,2.05,1.0567,1,0
IWM190913P153,2019-09-10,2019-09-10 09:32:57,2.08,1.0721,34,2.05,1.0567,13,2.05,1.0567,1,2.065,1.0644,1,0
IWM190913P153,2019-09-10,2019-09-10 09:32:58,2.06,1.0618,13,2.03,1.0463,16,2.05,1.0567,1,2.045,1.0541,1,0
IWM190913P153,2019-09-10,2019-09-10 09:32:58,2.06,1.0618,13,2.02,1.0412,13,2.05,1.0567,1,2.04,1.0515,1,0
IWM190913P153,2019-09-10,2019-09-10 09:32:59,2.05,1.0567,25,2.01,1.036,13,2.05,1.0567,1,2.03,1.0463,1,0
IWM190913P153,2019-09-10,2019-09-10 09:33:00,2.02,1.0412,23,1.98,1.0206,17,2.05,1.0567,1,2.0,1.0309,1,0
IWM190913P153,2019-09-10,2019-09-10 09:33:00,2.04,1.0515,25,2.01,1.036,13,2.05,1.0567,1,2.025,1.0438,1,0
IWM190913P153,2019-09-10,2019-09-10 09:33:01,2.02,1.0412,22,1.98,1.0206,10,2.05,1.0567,1,2.0,1.0309,1,0
IWM190913P153,2019-09-10,2019-09-10 09:33:02,2.02,1.0412,23,1.99,1.0257,13,2.05,1.0567,1,2.005,1.0335,1,0
IWM190913P153,2019-09-10,2019-09-10 09:33:03,2.01,1.036,25,1.97,1.0154,13,2.05,1.0567,1,1.99,1.0257,1,0
IWM190913P153,2019-09-10,2019-09-10 09:33:03,2.0,1.0309,13,1.97,1.0154,13,2.05,1.0567,1,1.985,1.0231,1,0
IWM190913P153,2019-09-10,2019-09-10 09:33:04,1.98,1.0206,13,1.95,1.0051,13,2.05,1.0567,1,1.965,1.0128,1,0
IWM190913P153,2019-09-10,2019-09-10 09:33:04,2.0,1.0309,13,1.95,1.0051,13,2.05,1.0567,1,1.975,1.018,1,0
IWM190913P153,2019-09-10,2019-09-10 09:33:05,1.97,1.0154,13,1.93,0.9948,15,2.05,1.0567,1,1.95,1.0051,1,0
IWM190913P153,2019-09-10,2019-09-10 09:33:05,1.97,1.0154,13,1.94,1.0,13,2.05,1.0567,1,1.955,1.0077,1,0
IWM190913P153,2019-09-10,2019-09-10 09:33:06,1.97,1.0154,13,1.93,0.9948,15,2.05,1.0567,1,1.95,1.0051,1,0
IWM190913P153,2019-09-10,2019-09-10 09:33:06,1.99,1.0257,13,1.95,1.0051,13,2.05,1.0567,1,1.97,1.0154,1,0
IWM190913P153,2019-09-10,2019-09-10 09:33:07,1.99,1.0257,13,1.96,1.0103,13,2.05,1.0567,1,1.975,1.018,1,0
IWM190913P153,2019-09-10,2019-09-10 09:33:07,2.0,1.0309,13,1.96,1.0103,13,2.05,1.0567,1,1.98,1.0206,1,0
IWM190913P153,2019-09-10,2019-09-10 09:33:08,1.97,1.0154,13,1.93,0.9948,13,2.05,1.0567,1,1.95,1.0051,1,0
IWM190913P153,2019-09-10,2019-09-10 09:33:08,1.98,1.0206,13,1.95,1.0051,13,2.05,1.0567,1,1.965,1.0128,1,0
IWM190913P153,2019-09-10,2019-09-10 09:33:09,1.96,1.0103,13,1.93,0.9948,13,2.05,1.0567,1,1.945,1.0025,1,0
IWM190913P153,2019-09-10,2019-09-10 09:33:09,1.95,1.0051,13,1.92,0.9896,13,2.05,1.0567,1,1.935,0.9974,1,0
IWM190913P153,2019-09-10,2019-09-10 09:33:10,1.95,1.0051,13,1.92,0.9896,13,2.05,1.0567,1,1.935,0.9974,1,0
IWM190913P153,2019-09-10,2019-09-10 09:33:11,1.96,1.0103,13,1.92,0.9896,23,2.05,1.0567,1,1.94,1.0,1,0
IWM190913P153,2019-09-10,2019-09-10 09:33:11,1.97,1.0154,13,1.93,0.9948,13,2.05,1.0567,1,1.95,1.0051,1,0
IWM190913P153,2019-09-10,2019-09-10 09:33:12,1.96,1.0103,13,1.93,0.9948,13,2.05,1.0567,1,1.945,1.0025,1,0
IWM190913P153,2019-09-10,2019-09-10 09:33:12,1.96,1.0103,20,1.93,0.9948,13,2.05,1.0567,1,1.945,1.0025,1,0
IWM190913P153,2019-09-10,2019-09-10 09:33:13,1.96,1.0103,211,1.92,0.9896,13,2.05,1.0567,1,1.94,1.0,1,0
IWM190913P153,2019-09-10,2019-09-10 09:33:13,1.96,1.0103,125,1.92,0.9896,13,2.05,1.0567,1,1.94,1.0,1,0
IWM190913P153,2019-09-10,2019-09-10 09:33:14,1.95,1.0051,13,1.92,0.9896,13,2.05,1.0567,1,1.935,0.9974,1,0
IWM190913P153,2019-09-10,2019-09-10 09:33:15,1.96,1.0103,13,1.92,0.9896,13,2.05,1.0567,1,1.94,1.0,1,0
IWM190913P153,2019-09-10,2019-09-10 09:33:15,1.95,1.0051,20,1.92,0.9896,13,2.05,1.0567,1,1.935,0.9974,1,0
IWM190913P153,2019-09-10,2019-09-10 09:33:16,1.96,1.0103,13,1.92,0.9896,13,2.05,1.0567,1,1.94,1.0,1,0
IWM190913P153,2019-09-10,2019-09-10 09:33:16,1.96,1.0103,20,1.93,0.9948,13,2.05,1.0567,1,1.945,1.0025,1,0
IWM190913P153,2019-09-10,2019-09-10 09:33:17,1.96,1.0103,20,1.93,0.9948,13,2.05,1.0567,1,1.945,1.0025,1,0
IWM190913P153,2019-09-10,2019-09-10 09:33:18,1.94,1.0,20,1.91,0.9845,13,2.05,1.0567,1,1.925,0.9922,1,0
IWM190913P153,2019-09-10,2019-09-10 09:33:18,1.95,1.0051,13,1.91,0.9845,16,2.05,1.0567,1,1.93,0.9948,1,0
IWM190913P153,2019-09-10,2019-09-10 09:33:19,1.95,1.0051,149,1.91,0.9845,13,2.05,1.0567,1,1.93,0.9948,1,0
IWM190913P153,2019-09-10,2019-09-10 09:33:20,1.96,1.0103,150,1.92,0.9896,13,2.05,1.0567,1,1.94,1.0,1,0
IWM190913P153,2019-09-10,2019-09-10 09:33:21,1.95,1.0051,20,1.92,0.9896,13,2.05,1.0567,1,1.935,0.9974,1,0
IWM190913P153,2019-09-10,2019-09-10 09:33:22,1.95,1.0051,20,1.91,0.9845,13,2.05,1.0567,1,1.93,0.9948,1,0
IWM190913P153,2019-09-10,2019-09-10 09:33:22,1.95,1.0051,13,1.92,0.9896,13,2.05,1.0567,1,1.935,0.9974,1,0
IWM190913P153,2019-09-10,2019-09-10 09:33:23,1.95,1.0051,282,1.92,0.9896,13,2.05,1.0567,1,1.935,0.9974,1,0
IWM190913P153,2019-09-10,2019-09-10 09:33:23,1.95,1.0051,282,1.91,0.9845,13,2.05,1.0567,1,1.93,0.9948,1,0
IWM190913P153,2019-09-10,2019-09-10 09:33:24,1.95,1.0051,282,1.92,0.9896,13,2.05,1.0567,1,1.935,0.9974,1,0
IWM190913P153,2019-09-10,2019-09-10 09:33:24,1.95,1.0051,29,1.92,0.9896,13,2.05,1.0567,1,1.935,0.9974,1,0
IWM190913P153,2019-09-10,2019-09-10 09:33:25,1.96,1.0103,244,1.92,0.9896,13,2.05,1.0567,1,1.94,1.0,1,0
IWM190913P153,2019-09-10,2019-09-10 09:33:25,1.95,1.0051,13,1.91,0.9845,26,2.05,1.0567,1,1.93,0.9948,1,0
IWM190913P153,2019-09-10,2019-09-10 09:33:26,1.96,1.0103,299,1.92,0.9896,10,2.05,1.0567,1,1.94,1.0,1,0
IWM190913P153,2019-09-10,2019-09-10 09:33:26,1.96,1.0103,299,1.93,0.9948,13,2.05,1.0567,1,1.945,1.0025,1,0
IWM190913P153,2019-09-10,2019-09-10 09:33:27,1.96,1.0103,299,1.92,0.9896,10,2.05,1.0567,1,1.94,1.0,1,0
IWM190913P153,2019-09-10,2019-09-10 09:33:28,1.97,1.0154,154,1.94,1.0,13,2.05,1.0567,1,1.955,1.0077,1,0
IWM190913P153,2019-09-10,2019-09-10 09:33:28,1.96,1.0103,13,1.93,0.9948,13,2.05,1.0567,1,1.945,1.0025,1,0
IWM190913P153,2019-09-10,2019-09-10 09:33:29,1.96,1.0103,13,1.93,0.9948,13,2.05,1.0567,1,1.945,1.0025,1,0
IWM190913P153,2019-09-10,2019-09-10 09:33:30,1.97,1.0154,13,1.94,1.0,13,2.05,1.0567,1,1.955,1.0077,1,0
IWM190913P153,2019-09-10,2019-09-10 09:33:30,1.96,1.0103,13,1.93,0.9948,13,2.05,1.0567,1,1.945,1.0025,1,0
IWM190913P153,2019-09-10,2019-09-10 09:33:31,1.96,1.0103,13,1.93,0.9948,13,2.05,1.0567,1,1.945,1.0025,1,0
IWM190913P153,2019-09-10,2019-09-10 09:33:31,1.97,1.0154,250,1.93,0.9948,13,2.05,1.0567,1,1.95,1.0051,1,0
IWM190913P153,2019-09-10,2019-09-10 09:33:32,1.97,1.0154,125,1.94,1.0,13,2.05,1.0567,1,1.955,1.0077,1,0
IWM190913P153,2019-09-10,2019-09-10 09:33:32,1.97,1.0154,250,1.93,0.9948,13,2.05,1.0567,1,1.95,1.0051,1,0
IWM190913P153,2019-09-10,2019-09-10 09:33:33,1.97,1.0154,196,1.95,1.0051,13,2.05,1.0567,1,1.96,1.0103,1,0
IWM190913P153,2019-09-10,2019-09-10 09:33:33,1.97,1.0154,112,1.94,1.0,13,2.05,1.0567,1,1.955,1.0077,1,0
IWM190913P153,2019-09-10,2019-09-10 09:33:34,1.96,1.0103,208,1.94,1.0,13,2.05,1.0567,1,1.95,1.0051,1,0
IWM190913P153,2019-09-10,2019-09-10 09:33:34,1.97,1.0154,125,1.94,1.0,3,2.05,1.0567,1,1.955,1.0077,1,0
IWM190913P153,2019-09-10,2019-09-10 09:33:35,1.96,1.0103,208,1.93,0.9948,13,2.05,1.0567,1,1.945,1.0025,1,0
IWM190913P153,2019-09-10,2019-09-10 09:33:36,1.94,1.0,166,1.92,0.9896,13,2.05,1.0567,1,1.93,0.9948,1,0
IWM190913P153,2019-09-10,2019-09-10 09:33:36,1.96,1.0103,208,1.93,0.9948,13,2.05,1.0567,1,1.945,1.0025,1,0
IWM190913P153,2019-09-10,2019-09-10 09:33:37,1.95,1.0051,143,1.92,0.9896,13,2.05,1.0567,1,1.935,0.9974,1,0
IWM190913P153,2019-09-10,2019-09-10 09:33:37,1.95,1.0051,169,1.92,0.9896,13,2.05,1.0567,1,1.935,0.9974,1,0
IWM190913P153,2019-09-10,2019-09-10 09:33:38,1.95,1.0051,143,1.93,0.9948,13,2.05,1.0567,1,1.94,1.0,1,0
IWM190913P153,2019-09-10,2019-09-10 09:33:39,1.96,1.0103,150,1.93,0.9948,13,2.05,1.0567,1,1.945,1.0025,1,0
IWM190913P153,2019-09-10,2019-09-10 09:33:40,1.97,1.0154,224,1.93,0.9948,13,2.05,1.0567,1,1.95,1.0051,1,0
IWM190913P153,2019-09-10,2019-09-10 09:33:40,1.96,1.0103,68,1.93,0.9948,13,2.05,1.0567,1,1.945,1.0025,1,0
IWM190913P153,2019-09-10,2019-09-10 09:33:41,1.94,1.0,20,1.92,0.9896,13,2.05,1.0567,1,1.93,0.9948,1,0
IWM190913P153,2019-09-10,2019-09-10 09:33:41,1.99,1.0257,135,1.95,1.0051,13,2.05,1.0567,1,1.97,1.0154,1,0
IWM190913P153,2019-09-10,2019-09-10 09:33:42,1.99,1.0257,147,1.95,1.0051,59,2.05,1.0567,1,1.97,1.0154,1,0
IWM190913P153,2019-09-10,2019-09-10 09:33:43,1.99,1.0257,147,1.95,1.0051,13,2.05,1.0567,1,1.97,1.0154,1,0
IWM190913P153,2019-09-10,2019-09-10 09:33:44,1.98,1.0206,13,1.95,1.0051,13,2.05,1.0567,1,1.965,1.0128,1,0
IWM190913P153,2019-09-10,2019-09-10 09:33:44,1.99,1.0257,271,1.95,1.0051,13,2.05,1.0567,1,1.97,1.0154,1,0
IWM190913P153,2019-09-10,2019-09-10 09:33:45,1.99,1.0257,128,1.95,1.0051,13,2.05,1.0567,1,1.97,1.0154,1,0
IWM190913P153,2019-09-10,2019-09-10 09:33:45,1.99,1.0257,10,1.95,1.0051,13,2.05,1.0567,1,1.97,1.0154,1,0
IWM190913P153,2019-09-10,2019-09-10 09:33:46,2.01,1.036,13,1.98,1.0206,13,2.05,1.0567,1,1.995,1.0283,1,0
IWM190913P153,2019-09-10,2019-09-10 09:33:46,2.0,1.0309,52,1.98,1.0206,13,2.05,1.0567,1,1.99,1.0257,1,0
IWM190913P153,2019-09-10,2019-09-10 09:33:47,2.01,1.036,13,1.98,1.0206,13,2.05,1.0567,1,1.995,1.0283,1,0
IWM190913P153,2019-09-10,2019-09-10 09:33:48,2.0,1.0309,10,1.97,1.0154,13,2.05,1.0567,1,1.985,1.0231,1,0
IWM190913P153,2019-09-10,2019-09-10 09:33:48,2.0,1.0309,13,1.97,1.0154,13,2.05,1.0567,1,1.985,1.0231,1,0
IWM190913P153,2019-09-10,2019-09-10 09:33:49,2.01,1.036,228,1.97,1.0154,13,2.05,1.0567,1,1.99,1.0257,1,0
IWM190913P153,2019-09-10,2019-09-10 09:33:49,2.01,1.036,13,1.98,1.0206,13,2.05,1.0567,1,1.995,1.0283,1,0
IWM190913P153,2019-09-10,2019-09-10 09:33:50,2.01,1.036,13,1.98,1.0206,13,2.05,1.0567,1,1.995,1.0283,1,0
IWM190913P153,2019-09-10,2019-09-10 09:33:50,2.01,1.036,221,1.97,1.0154,13,2.05,1.0567,1,1.99,1.0257,1,0
IWM190913P153,2019-09-10,2019-09-10 09:33:51,2.0,1.0309,149,1.97,1.0154,13,2.05,1.0567,1,1.985,1.0231,1,0
IWM190913P153,2019-09-10,2019-09-10 09:33:51,2.01,1.036,221,1.97,1.0154,13,2.05,1.0567,1,1.99,1.0257,1,0
IWM190913P153,2019-09-10,2019-09-10 09:33:52,2.01,1.036,139,1.98,1.0206,13,2.05,1.0567,1,1.995,1.0283,1,0
IWM190913P153,2019-09-10,2019-09-10 09:33:53,2.01,1.036,281,1.98,1.0206,13,2.05,1.0567,1,1.995,1.0283,1,0
IWM190913P153,2019-09-10,2019-09-10 09:33:54,2.04,1.0515,142,2.0,1.0309,13,2.05,1.0567,1,2.02,1.0412,1,0
IWM190913P153,2019-09-10,2019-09-10 09:33:54,2.02,1.0412,177,1.98,1.0206,13,2.05,1.0567,1,2.0,1.0309,1,0
IWM190913P153,2019-09-10,2019-09-10 09:33:55,2.05,1.0567,150,2.01,1.036,13,2.05,1.0567,1,2.03,1.0463,1,0
IWM190913P153,2019-09-10,2019-09-10 09:33:55,2.04,1.0515,28,2.01,1.036,13,2.05,1.0567,1,2.025,1.0438,1,0
IWM190913P153,2019-09-10,2019-09-10 09:33:56,2.05,1.0567,104,2.01,1.036,13,2.05,1.0567,1,2.03,1.0463,1,0
IWM190913P153,2019-09-10,2019-09-10 09:33:56,2.06,1.0618,125,2.02,1.0412,25,2.05,1.0567,1,2.04,1.0515,1,0
IWM190913P153,2019-09-10,2019-09-10 09:33:57,2.06,1.0618,125,2.01,1.036,21,2.05,1.0567,1,2.035,1.0489,1,0
IWM190913P153,2019-09-10,2019-09-10 09:33:57,2.06,1.0618,125,2.02,1.0412,13,2.05,1.0567,1,2.04,1.0515,1,0
IWM190913P153,2019-09-10,2019-09-10 09:33:58,2.04,1.0515,13,2.01,1.036,13,2.05,1.0567,1,2.025,1.0438,1,0
IWM190913P153,2019-09-10,2019-09-10 09:33:58,2.04,1.0515,137,2.01,1.036,13,2.05,1.0567,1,2.025,1.0438,1,0
IWM190913P153,2019-09-10,2019-09-10 09:33:59,2.04,1.0515,147,2.01,1.036,13,2.05,1.0567,1,2.025,1.0438,1,0
IWM190913P153,2019-09-10,2019-09-10 09:33:59,2.04,1.0515,115,2.01,1.036,13,2.05,1.0567,1,2.025,1.0438,1,0
IWM190913P153,2019-09-10,2019-09-10 09:34:00,2.03,1.0463,13,2.0,1.0309,13,2.05,1.0567,1,2.015,1.0386,1,0
IWM190913P153,2019-09-10,2019-09-10 09:34:00,2.04,1.0515,21,2.01,1.036,13,2.05,1.0567,1,2.025,1.0438,1,0
IWM190913P153,2019-09-10,2019-09-10 09:34:01,2.05,1.0567,112,2.02,1.0412,13,2.05,1.0567,1,2.035,1.0489,1,0
IWM190913P153,2019-09-10,2019-09-10 09:34:01,2.06,1.0618,125,2.03,1.0463,13,2.05,1.0567,1,2.045,1.0541,1,0
IWM190913P153,2019-09-10,2019-09-10 09:34:02,2.06,1.0618,28,2.03,1.0463,13,2.05,1.0567,1,2.045,1.0541,1,0
IWM190913P153,2019-09-10,2019-09-10 09:34:02,2.06,1.0618,13,2.03,1.0463,13,2.05,1.0567,1,2.045,1.0541,1,0
IWM190913P153,2019-09-10,2019-09-10 09:34:03,2.06,1.0618,13,2.03,1.0463,13,2.05,1.0567,1,2.045,1.0541,1,0
IWM190913P153,2019-09-10,2019-09-10 09:34:04,2.07,1.067,66,2.04,1.0515,13,2.05,1.0567,1,2.055,1.0592,1,0
IWM190913P153,2019-09-10,2019-09-10 09:34:04,2.08,1.0721,275,2.05,1.0567,13,2.05,1.0567,1,2.065,1.0644,1,0
IWM190913P153,2019-09-10,2019-09-10 09:34:05,2.07,1.067,25,2.04,1.0515,13,2.05,1.0567,1,2.055,1.0592,1,0
IWM190913P153,2019-09-10,2019-09-10 09:34:05,2.07,1.067,281,2.02,1.0412,13,2.05,1.0567,1,2.045,1.0541,1,0
IWM190913P153,2019-09-10,2019-09-10 09:34:06,2.06,1.0618,10,2.03,1.0463,13,2.05,1.0567,1,2.045,1.0541,1,0
IWM190913P153,2019-09-10,2019-09-10 09:34:06,2.08,1.0721,137,2.05,1.0567,13,2.05,1.0567,1,2.065,1.0644,1,0
IWM190913P153,2019-09-10,2019-09-10 09:34:07,2.08,1.0721,51,2.05,1.0567,13,2.05,1.0567,1,2.065,1.0644,1,0
IWM190913P153,2019-09-10,2019-09-10 09:34:07,2.08,1.0721,137,2.05,1.0567,13,2.05,1.0567,1,2.065,1.0644,1,0
IWM190913P153,2019-09-10,2019-09-10 09:34:08,2.08,1.0721,126,2.05,1.0567,13,2.05,1.0567,1,2.065,1.0644,1,0
IWM190913P153,2019-09-10,2019-09-10 09:34:08,2.08,1.0721,48,2.05,1.0567,13,2.05,1.0567,1,2.065,1.0644,1,0
IWM190913P153,2019-09-10,2019-09-10 09:34:09,2.08,1.0721,140,2.05,1.0567,13,2.05,1.0567,1,2.065,1.0644,1,0
IWM190913P153,2019-09-10,2019-09-10 09:34:10,2.08,1.0721,143,2.04,1.0515,13,2.05,1.0567,1,2.06,1.0618,1,0
IWM190913P153,2019-09-10,2019-09-10 09:34:10,2.08,1.0721,115,2.05,1.0567,13,2.05,1.0567,1,2.065,1.0644,1,0
IWM190913P153,2019-09-10,2019-09-10 09:34:11,2.08,1.0721,160,2.04,1.0515,13,2.05,1.0567,1,2.06,1.0618,1,0
IWM190913P153,2019-09-10,2019-09-10 09:34:12,2.1,1.0824,281,2.06,1.0618,13,2.05,1.0567,1,2.08,1.0721,1,0
IWM190913P153,2019-09-10,2019-09-10 09:34:12,2.09,1.0773,115,2.06,1.0618,13,2.05,1.0567,1,2.075,1.0695,1,0
IWM190913P153,2019-09-10,2019-09-10 09:34:13,2.09,1.0773,20,2.06,1.0618,13,2.05,1.0567,1,2.075,1.0695,1,0
IWM190913P153,2019-09-10,2019-09-10 09:34:13,2.1,1.0824,58,2.08,1.0721,13,2.05,1.0567,1,2.09,1.0773,1,0
IWM190913P153,2019-09-10,2019-09-10 09:34:14,2.11,1.0876,236,2.08,1.0721,13,2.05,1.0567,1,2.095,1.0798,1,0
IWM190913P153,2019-09-10,2019-09-10 09:34:14,2.11,1.0876,157,2.07,1.067,13,2.05,1.0567,1,2.09,1.0773,1,0
IWM190913P153,2019-09-10,2019-09-10 09:34:15,2.1,1.0824,17,2.07,1.067,13,2.05,1.0567,1,2.085,1.0747,1,0
IWM190913P153,2019-09-10,2019-09-10 09:34:15,2.1,1.0824,190,2.06,1.0618,13,2.05,1.0567,1,2.08,1.0721,1,0
IWM190913P153,2019-09-10,2019-09-10 09:34:16,2.1,1.0824,37,2.06,1.0618,13,2.05,1.0567,1,2.08,1.0721,1,0
IWM190913P153,2019-09-10,2019-09-10 09:34:16,2.09,1.0773,13,2.06,1.0618,13,2.05,1.0567,1,2.075,1.0695,1,0
IWM190913P153,2019-09-10,2019-09-10 09:34:17,2.09,1.0773,13,2.06,1.0618,13,2.05,1.0567,1,2.075,1.0695,1,0
IWM190913P153,2019-09-10,2019-09-10 09:34:18,2.1,1.0824,28,2.07,1.067,13,2.05,1.0567,1,2.085,1.0747,1,0
IWM190913P153,2019-09-10,2019-09-10 09:34:18,2.1,1.0824,125,2.07,1.067,13,2.05,1.0567,1,2.085,1.0747,1,0
IWM190913P153,2019-09-10,2019-09-10 09:34:19,2.1,1.0824,28,2.07,1.067,13,2.05,1.0567,1,2.085,1.0747,1,0
IWM190913P153,2019-09-10,2019-09-10 09:34:19,2.1,1.0824,13,2.07,1.067,13,2.05,1.0567,1,2.085,1.0747,1,0
IWM190913P153,2019-09-10,2019-09-10 09:34:20,2.1,1.0824,20,2.06,1.0618,13,2.05,1.0567,1,2.08,1.0721,1,0
IWM190913P153,2019-09-10,2019-09-10 09:34:20,2.1,1.0824,20,2.07,1.067,13,2.05,1.0567,1,2.085,1.0747,1,0
IWM190913P153,2019-09-10,2019-09-10 09:34:21,2.1,1.0824,225,2.06,1.0618,13,2.05,1.0567,1,2.08,1.0721,1,0
IWM190913P153,2019-09-10,2019-09-10 09:34:21,2.12,1.0927,158,2.08,1.0721,13,2.05,1.0567,1,2.1,1.0824,1,0
IWM190913P153,2019-09-10,2019-09-10 09:34:22,2.12,1.0927,13,2.08,1.0721,25,2.05,1.0567,1,2.1,1.0824,1,0
IWM190913P153,2019-09-10,2019-09-10 09:34:22,2.12,1.0927,28,2.08,1.0721,13,2.05,1.0567,1,2.1,1.0824,1,0
IWM190913P153,2019-09-10,2019-09-10 09:34:23,2.13,1.0979,55,2.09,1.0773,13,2.05,1.0567,1,2.11,1.0876,1,0
IWM190913P153,2019-09-10,2019-09-10 09:34:23,2.12,1.0927,21,2.09,1.0773,13,2.05,1.0567,1,2.105,1.085,1,0
IWM190913P153,2019-09-10,2019-09-10 09:34:24,2.13,1.0979,125,2.09,1.0773,13,2.05,1.0567,1,2.11,1.0876,1,0
IWM190913P153,2019-09-10,2019-09-10 09:34:25,2.13,1.0979,13,2.1,1.0824,13,2.05,1.0567,1,2.115,1.0902,1,0
IWM190913P153,2019-09-10,2019-09-10 09:34:25,2.13,1.0979,25,2.1,1.0824,13,2.05,1.0567,1,2.115,1.0902,1,0
IWM190913P153,2019-09-10,2019-09-10 09:34:26,2.11,1.0876,13,2.08,1.0721,13,2.05,1.0567,1,2.095,1.0798,1,0
IWM190913P153,2019-09-10,2019-09-10 09:34:26,2.12,1.0927,13,2.08,1.0721,13,2.05,1.0567,1,2.1,1.0824,1,0
IWM190913P153,2019-09-10,2019-09-10 09:34:27,2.11,1.0876,125,2.07,1.067,13,2.05,1.0567,1,2.09,1.0773,1,0
IWM190913P153,2019-09-10,2019-09-10 09:34:27,2.12,1.0927,143,2.08,1.0721,13,2.05,1.0567,1,2.1,1.0824,1,0
IWM190913P153,2019-09-10,2019-09-10 09:34:28,2.1,1.0824,119,2.07,1.067,13,2.05,1.0567,1,2.085,1.0747,1,0
IWM190913P153,2019-09-10,2019-09-10 09:34:28,2.11,1.0876,225,2.07,1.067,13,2.05,1.0567,1,2.09,1.0773,1,0
IWM190913P153,2019-09-10,2019-09-10 09:34:29,2.09,1.0773,13,2.06,1.0618,13,2.05,1.0567,1,2.075,1.0695,1,0
IWM190913P153,2019-09-10,2019-09-10 09:34:29,2.09,1.0773,112,2.05,1.0567,3,2.05,1.0567,1,2.07,1.067,1,0
IWM190913P153,2019-09-10,2019-09-10 09:34:30,2.07,1.067,13,2.04,1.0515,13,2.05,1.0567,1,2.055,1.0592,1,0
IWM190913P153,2019-09-10,2019-09-10 09:34:30,2.07,1.067,29,2.04,1.0515,13,2.05,1.0567,1,2.055,1.0592,1,0
IWM190913P153,2019-09-10,2019-09-10 09:34:31,2.07,1.067,47,2.04,1.0515,13,2.05,1.0567,1,2.055,1.0592,1,0
IWM190913P153,2019-09-10,2019-09-10 09:34:31,2.08,1.0721,10,2.04,1.0515,13,2.05,1.0567,1,2.06,1.0618,1,0
IWM190913P153,2019-09-10,2019-09-10 09:34:32,2.08,1.0721,123,2.04,1.0515,13,2.05,1.0567,1,2.06,1.0618,1,0
IWM190913P153,2019-09-10,2019-09-10 09:34:32,2.08,1.0721,284,2.05,1.0567,13,2.05,1.0567,1,2.065,1.0644,1,0
IWM190913P153,2019-09-10,2019-09-10 09:34:33,2.07,1.067,25,2.05,1.0567,13,2.05,1.0567,1,2.06,1.0618,1,0
IWM190913P153,2019-09-10,2019-09-10 09:34:33,2.08,1.0721,155,2.05,1.0567,13,2.05,1.0567,1,2.065,1.0644,1,0
IWM190913P153,2019-09-10,2019-09-10 09:34:34,2.08,1.0721,155,2.05,1.0567,13,2.05,1.0567,1,2.065,1.0644,1,0
IWM190913P153,2019-09-10,2019-09-10 09:34:34,2.08,1.0721,155,2.04,1.0515,13,2.05,1.0567,1,2.06,1.0618,1,0
IWM190913P153,2019-09-10,2019-09-10 09:34:35,2.07,1.067,148,2.04,1.0515,13,2.05,1.0567,1,2.055,1.0592,1,0
IWM190913P153,2019-09-10,2019-09-10 09:34:35,2.07,1.067,13,2.04,1.0515,13,2.05,1.0567,1,2.055,1.0592,1,0
IWM190913P153,2019-09-10,2019-09-10 09:34:36,2.07,1.067,148,2.04,1.0515,13,2.05,1.0567,1,2.055,1.0592,1,0
IWM190913P153,2019-09-10,2019-09-10 09:34:37,2.07,1.067,278,2.04,1.0515,13,2.05,1.0567,1,2.055,1.0592,1,0
IWM190913P153,2019-09-10,2019-09-10 09:34:38,2.06,1.0618,281,2.03,1.0463,13,2.05,1.0567,1,2.045,1.0541,1,0
IWM190913P153,2019-09-10,2019-09-10 09:34:38,2.06,1.0618,240,2.03,1.0463,13,2.05,1.0567,1,2.045,1.0541,1,0
IWM190913P153,2019-09-10,2019-09-10 09:34:39,2.05,1.0567,270,2.02,1.0412,16,2.05,1.0567,1,2.035,1.0489,1,0
IWM190913P153,2019-09-10,2019-09-10 09:34:40,2.05,1.0567,11,2.02,1.0412,16,2.05,1.0567,1,2.035,1.0489,1,0
IWM190913P153,2019-09-10,2019-09-10 09:34:40,2.05,1.0567,270,2.02,1.0412,16,2.05,1.0567,1,2.035,1.0489,1,0
IWM190913P153,2019-09-10,2019-09-10 09:34:41,2.07,1.067,20,2.04,1.0515,13,2.05,1.0567,1,2.055,1.0592,1,0
IWM190913P153,2019-09-10,2019-09-10 09:34:41,2.07,1.067,271,2.04,1.0515,13,2.05,1.0567,1,2.055,1.0592,1,0
IWM190913P153,2019-09-10,2019-09-10 09:34:42,2.07,1.067,20,2.04,1.0515,13,2.05,1.0567,1,2.055,1.0592,1,0
IWM190913P153,2019-09-10,2019-09-10 09:34:42,2.08,1.0721,153,2.04,1.0515,21,2.05,1.0567,1,2.06,1.0618,1,0
IWM190913P153,2019-09-10,2019-09-10 09:34:43,2.08,1.0721,153,2.04,1.0515,21,2.05,1.0567,1,2.06,1.0618,1,0
IWM190913P153,2019-09-10,2019-09-10 09:34:44,2.07,1.067,13,2.04,1.0515,13,2.05,1.0567,1,2.055,1.0592,1,0
IWM190913P153,2019-09-10,2019-09-10 09:34:44,2.08,1.0721,11,2.05,1.0567,13,2.05,1.0567,1,2.065,1.0644,1,0
IWM190913P153,2019-09-10,2019-09-10 09:34:45,2.08,1.0721,287,2.05,1.0567,13,2.05,1.0567,1,2.065,1.0644,1,0
IWM190913P153,2019-09-10,2019-09-10 09:34:45,2.07,1.067,112,2.04,1.0515,13,2.05,1.0567,1,2.055,1.0592,1,0
IWM190913P153,2019-09-10,2019-09-10 09:34:46,2.08,1.0721,166,2.04,1.0515,13,2.05,1.0567,1,2.06,1.0618,1,0
IWM190913P153,2019-09-10,2019-09-10 09:34:46,2.07,1.067,30,2.04,1.0515,13,2.05,1.0567,1,2.055,1.0592,1,0
IWM190913P153,2019-09-10,2019-09-10 09:34:47,2.08,1.0721,116,2.05,1.0567,13,2.05,1.0567,1,2.065,1.0644,1,0
IWM190913P153,2019-09-10,2019-09-10 09:34:47,2.09,1.0773,246,2.05,1.0567,13,2.05,1.0567,1,2.07,1.067,1,0
IWM190913P153,2019-09-10,2019-09-10 09:34:48,2.08,1.0721,175,2.06,1.0618,10,2.05,1.0567,1,2.07,1.067,1,0
IWM190913P153,2019-09-10,2019-09-10 09:34:48,2.09,1.0773,246,2.05,1.0567,13,2.05,1.0567,1,2.07,1.067,1,0
IWM190913P153,2019-09-10,2019-09-10 09:34:49,2.08,1.0721,288,2.04,1.0515,13,2.05,1.0567,1,2.06,1.0618,1,0
IWM190913P153,2019-09-10,2019-09-10 09:34:49,2.07,1.067,13,2.04,1.0515,13,2.05,1.0567,1,2.055,1.0592,1,0
IWM190913P153,2019-09-10,2019-09-10 09:34:50,2.08,1.0721,141,2.05,1.0567,13,2.05,1.0567,1,2.065,1.0644,1,0
IWM190913P153,2019-09-10,2019-09-10 09:34:50,2.07,1.067,119,2.05,1.0567,13,2.05,1.0567,1,2.06,1.0618,1,0
IWM190913P153,2019-09-10,2019-09-10 09:34:51,2.07,1.067,161,2.03,1.0463,21,2.05,1.0567,1,2.05,1.0567,1,0
IWM190913P153,2019-09-10,2019-09-10 09:34:51,2.07,1.067,113,2.05,1.0567,13,2.05,1.0567,1,2.06,1.0618,1,0
IWM190913P153,2019-09-10,2019-09-10 09:34:52,2.04,1.0515,112,2.01,1.036,13,2.05,1.0567,1,2.025,1.0438,1,0
IWM190913P153,2019-09-10,2019-09-10 09:34:53,2.04,1.0515,166,2.01,1.036,13,2.05,1.0567,1,2.025,1.0438,1,0
IWM190913P153,2019-09-10,2019-09-10 09:34:53,2.04,1.0515,206,2.01,1.036,13,2.05,1.0567,1,2.025,1.0438,1,0
IWM190913P153,2019-09-10,2019-09-10 09:34:54,2.04,1.0515,252,2.01,1.036,13,2.05,1.0567,1,2.025,1.0438,1,0
IWM190913P153,2019-09-10,2019-09-10 09:34:54,2.07,1.067,125,2.04,1.0515,13,2.05,1.0567,5,2.055,1.0592,6,5
IWM190913P153,2019-09-10,2019-09-10 09:34:55,2.07,1.067,147,2.04,1.0515,13,2.05,1.0567,5,2.055,1.0592,6,0
IWM190913P153,2019-09-10,2019-09-10 09:34:55,2.05,1.0567,112,2.03,1.0463,13,2.05,1.0567,5,2.04,1.0515,6,0
IWM190913P153,2019-09-10,2019-09-10 09:34:56,2.04,1.0515,115,2.02,1.0412,13,2.05,1.0567,5,2.03,1.0463,6,0
IWM190913P153,2019-09-10,2019-09-10 09:34:56,2.04,1.0515,10,2.02,1.0412,13,2.05,1.0567,5,2.03,1.0463,6,0
IWM190913P153,2019-09-10,2019-09-10 09:34:57,2.03,1.0463,112,2.02,1.0412,13,2.05,1.0567,5,2.025,1.0438,6,0
IWM190913P153,2019-09-10,2019-09-10 09:34:57,2.05,1.0567,229,2.02,1.0412,13,2.05,1.0567,5,2.035,1.0489,6,0
IWM190913P153,2019-09-10,2019-09-10 09:34:58,2.03,1.0463,262,2.02,1.0412,13,2.05,1.0567,5,2.025,1.0438,6,0
IWM190913P153,2019-09-10,2019-09-10 09:34:58,2.05,1.0567,176,2.02,1.0412,13,2.05,1.0567,5,2.035,1.0489,6,0
IWM190913P153,2019-09-10,2019-09-10 09:34:59,2.05,1.0567,259,2.02,1.0412,13,2.05,1.0567,5,2.035,1.0489,6,0
IWM190913P153,2019-09-10,2019-09-10 09:35:00,2.09,1.0773,13,2.06,1.0618,13,2.05,1.0567,5,2.075,1.0695,6,0
IWM190913P153,2019-09-10,2019-09-10 09:35:00,2.05,1.0567,259,2.02,1.0412,13,2.05,1.0567,5,2.035,1.0489,6,0
IWM190913P153,2019-09-10,2019-09-10 09:35:01,2.1,1.0824,10,2.08,1.0721,13,2.05,1.0567,5,2.09,1.0773,6,0
IWM190913P153,2019-09-10,2019-09-10 09:35:01,2.09,1.0773,125,2.05,1.0567,13,2.05,1.0567,5,2.07,1.067,6,0
IWM190913P153,2019-09-10,2019-09-10 09:35:02,2.09,1.0773,125,2.05,1.0567,13,2.05,1.0567,5,2.07,1.067,6,0
IWM190913P153,2019-09-10,2019-09-10 09:35:02,2.09,1.0773,215,2.05,1.0567,13,2.05,1.0567,5,2.07,1.067,6,0
IWM190913P153,2019-09-10,2019-09-10 09:35:03,2.1,1.0824,125,2.06,1.0618,13,2.05,1.0567,5,2.08,1.0721,6,0
IWM190913P153,2019-09-10,2019-09-10 09:35:03,2.1,1.0824,262,2.07,1.067,13,2.05,1.0567,5,2.085,1.0747,6,0
IWM190913P153,2019-09-10,2019-09-10 09:35:04,2.1,1.0824,17,2.07,1.067,13,2.05,1.0567,5,2.085,1.0747,6,0
IWM190913P153,2019-09-10,2019-09-10 09:35:04,2.09,1.0773,13,2.06,1.0618,13,2.05,1.0567,5,2.075,1.0695,6,0
IWM190913P153,2019-09-10,2019-09-10 09:35:05,2.1,1.0824,208,2.07,1.067,13,2.05,1.0567,5,2.085,1.0747,6,0
IWM190913P153,2019-09-10,2019-09-10 09:35:05,2.08,1.0721,20,2.04,1.0515,12,2.05,1.0567,5,2.06,1.0618,6,0
IWM190913P153,2019-09-10,2019-09-10 09:35:06,2.07,1.067,119,2.03,1.0463,13,2.05,1.0567,5,2.05,1.0567,6,0
IWM190913P153,2019-09-10,2019-09-10 09:35:06,2.08,1.0721,112,2.05,1.0567,13,2.05,1.0567,5,2.065,1.0644,6,0
IWM190913P153,2019-09-10,2019-09-10 09:35:07,2.07,1.067,28,2.05,1.0567,13,2.05,1.0567,5,2.06,1.0618,6,0
IWM190913P153,2019-09-10,2019-09-10 09:35:07,2.07,1.067,118,2.05,1.0567,13,2.05,1.0567,5,2.06,1.0618,6,0
IWM190913P153,2019-09-10,2019-09-10 09:35:08,2.12,1.0927,125,2.04,1.0515,125,2.05,1.0567,5,2.08,1.0721,6,0
IWM190913P153,2019-09-10,2019-09-10 09:35:08,2.12,1.0927,125,2.09,1.0773,13,2.05,1.0567,5,2.105,1.085,6,0
IWM190913P153,2019-09-10,2019-09-10 09:35:09,2.13,1.0979,264,2.1,1.0824,13,2.05,1.0567,5,2.115,1.0902,6,0
IWM190913P153,2019-09-10,2019-09-10 09:35:09,2.12,1.0927,13,2.09,1.0773,13,2.05,1.0567,5,2.105,1.085,6,0
IWM190913P153,2019-09-10,2019-09-10 09:35:10,2.13,1.0979,16,2.1,1.0824,13,2.05,1.0567,5,2.115,1.0902,6,0
IWM190913P153,2019-09-10,2019-09-10 09:35:11,2.14,1.103,135,2.11,1.0876,13,2.05,1.0567,5,2.125,1.0953,6,0
IWM190913P153,2019-09-10,2019-09-10 09:35:11,2.14,1.103,98,2.1,1.0824,27,2.05,1.0567,5,2.12,1.0927,6,0
IWM190913P153,2019-09-10,2019-09-10 09:35:12,2.13,1.0979,125,2.09,1.0773,26,2.05,1.0567,5,2.11,1.0876,6,0
IWM190913P153,2019-09-10,2019-09-10 09:35:13,2.11,1.0876,43,2.09,1.0773,14,2.05,1.0567,5,2.1,1.0824,6,0
IWM190913P153,2019-09-10,2019-09-10 09:35:13,2.11,1.0876,13,2.08,1.0721,13,2.05,1.0567,5,2.095,1.0798,6,0
IWM190913P153,2019-09-10,2019-09-10 09:35:14,2.12,1.0927,151,2.08,1.0721,27,2.05,1.0567,5,2.1,1.0824,6,0
IWM190913P153,2019-09-10,2019-09-10 09:35:14,2.12,1.0927,151,2.08,1.0721,16,2.05,1.0567,5,2.1,1.0824,6,0
IWM190913P153,2019-09-10,2019-09-10 09:35:15,2.11,1.0876,58,2.08,1.0721,13,2.05,1.0567,5,2.095,1.0798,6,0
IWM190913P153,2019-09-10,2019-09-10 09:35:15,2.1,1.0824,13,2.07,1.067,13,2.05,1.0567,5,2.085,1.0747,6,0
IWM190913P153,2019-09-10,2019-09-10 09:35:16,2.09,1.0773,13,2.06,1.0618,13,2.05,1.0567,5,2.075,1.0695,6,0
IWM190913P153,2019-09-10,2019-09-10 09:35:16,2.11,1.0876,112,2.06,1.0618,26,2.05,1.0567,5,2.085,1.0747,6,0
IWM190913P153,2019-09-10,2019-09-10 09:35:17,2.11,1.0876,28,2.07,1.067,28,2.05,1.0567,5,2.09,1.0773,6,0
IWM190913P153,2019-09-10,2019-09-10 09:35:18,2.11,1.0876,13,2.07,1.067,28,2.05,1.0567,5,2.09,1.0773,6,0
IWM190913P153,2019-09-10,2019-09-10 09:35:18,2.11,1.0876,139,2.07,1.067,28,2.05,1.0567,5,2.09,1.0773,6,0
IWM190913P153,2019-09-10,2019-09-10 09:35:19,2.1,1.0824,13,2.07,1.067,13,2.05,1.0567,5,2.085,1.0747,6,0
IWM190913P153,2019-09-10,2019-09-10 09:35:19,2.09,1.0773,13,2.06,1.0618,13,2.05,1.0567,5,2.075,1.0695,6,0
IWM190913P153,2019-09-10,2019-09-10 09:35:20,2.08,1.0721,20,2.04,1.0515,23,2.05,1.0567,5,2.06,1.0618,6,0
IWM190913P153,2019-09-10,2019-09-10 09:35:20,2.09,1.0773,49,2.04,1.0515,13,2.05,1.0567,5,2.065,1.0644,6,0
IWM190913P153,2019-09-10,2019-09-10 09:35:21,2.08,1.0721,13,2.05,1.0567,13,2.05,1.0567,5,2.065,1.0644,6,0
IWM190913P153,2019-09-10,2019-09-10 09:35:22,2.08,1.0721,125,2.05,1.0567,3,2.05,1.0567,5,2.065,1.0644,6,0
IWM190913P153,2019-09-10,2019-09-10 09:35:22,2.08,1.0721,20,2.05,1.0567,13,2.05,1.0567,5,2.065,1.0644,6,0
IWM190913P153,2019-09-10,2019-09-10 09:35:23,2.09,1.0773,303,2.05,1.0567,13,2.05,1.0567,5,2.07,1.067,6,0
IWM190913P153,2019-09-10,2019-09-10 09:35:23,2.07,1.067,125,2.03,1.0463,13,2.05,1.0567,5,2.05,1.0567,6,0
IWM190913P153,2019-09-10,2019-09-10 09:35:24,2.06,1.0618,125,2.03,1.0463,13,2.05,1.0567,5,2.045,1.0541,6,0
IWM190913P153,2019-09-10,2019-09-10 09:35:24,2.06,1.0618,318,2.03,1.0463,13,2.05,1.0567,5,2.045,1.0541,6,0
IWM190913P153,2019-09-10,2019-09-10 09:35:25,2.05,1.0567,280,2.02,1.0412,13,2.05,1.0567,5,2.035,1.0489,6,0
IWM190913P153,2019-09-10,2019-09-10 09:35:25,2.06,1.0618,125,2.02,1.0412,13,2.05,1.0567,5,2.04,1.0515,6,0
IWM190913P153,2019-09-10,2019-09-10 09:35:26,2.05,1.0567,280,2.01,1.036,13,2.05,1.0567,5,2.03,1.0463,6,0
IWM190913P153,2019-09-10,2019-09-10 09:35:26,2.05,1.0567,302,2.01,1.036,13,2.05,1.0567,5,2.03,1.0463,6,0
IWM190913P153,2019-09-10,2019-09-10 09:35:27,2.05,1.0567,125,2.01,1.036,13,2.05,1.0567,5,2.03,1.0463,6,0
IWM190913P153,2019-09-10,2019-09-10 09:35:27,2.04,1.0515,13,2.01,1.036,13,2.05,1.0567,5,2.025,1.0438,6,0
IWM190913P153,2019-09-10,2019-09-10 09:35:28,2.06,1.0618,112,2.04,1.0515,13,2.05,1.0567,5,2.05,1.0567,6,0
IWM190913P153,2019-09-10,2019-09-10 09:35:29,2.07,1.067,168,2.03,1.0463,13,2.05,1.0567,5,2.05,1.0567,6,0
IWM190913P153,2019-09-10,2019-09-10 09:35:29,2.07,1.067,20,2.04,1.0515,13,2.05,1.0567,5,2.055,1.0592,6,0
IWM190913P153,2019-09-10,2019-09-10 09:35:30,2.06,1.0618,28,2.03,1.0463,13,2.05,1.0567,5,2.045,1.0541,6,0
IWM190913P153,2019-09-10,2019-09-10 09:35:30,2.06,1.0618,13,2.03,1.0463,13,2.05,1.0567,5,2.045,1.0541,6,0
IWM190913P153,2019-09-10,2019-09-10 09:35:31,2.05,1.0567,137,2.01,1.036,13,2.05,1.0567,5,2.03,1.0463,6,0
IWM190913P153,2019-09-10,2019-09-10 09:35:31,2.04,1.0515,183,2.0,1.0309,16,2.05,1.0567,5,2.02,1.0412,6,0
IWM190913P153,2019-09-10,2019-09-10 09:35:32,2.03,1.0463,13,2.0,1.0309,13,2.05,1.0567,5,2.015,1.0386,6,0
IWM190913P153,2019-09-10,2019-09-10 09:35:32,2.03,1.0463,20,2.0,1.0309,13,2.05,1.0567,5,2.015,1.0386,6,0
IWM190913P153,2019-09-10,2019-09-10 09:35:33,2.03,1.0463,13,2.0,1.0309,13,2.05,1.0567,5,2.015,1.0386,6,0
IWM190913P153,2019-09-10,2019-09-10 09:35:33,2.02,1.0412,125,1.99,1.0257,13,2.05,1.0567,5,2.005,1.0335,6,0
IWM190913P153,2019-09-10,2019-09-10 09:35:34,2.02,1.0412,125,1.99,1.0257,13,2.05,1.0567,5,2.005,1.0335,6,0
IWM190913P153,2019-09-10,2019-09-10 09:35:35,2.01,1.036,36,1.98,1.0206,13,2.05,1.0567,5,1.995,1.0283,6,0
IWM190913P153,2019-09-10,2019-09-10 09:35:35,2.01,1.036,125,1.98,1.0206,13,2.05,1.0567,5,1.995,1.0283,6,0
IWM190913P153,2019-09-10,2019-09-10 09:35:36,2.02,1.0412,125,1.98,1.0206,13,2.05,1.0567,5,2.0,1.0309,6,0
IWM190913P153,2019-09-10,2019-09-10 09:35:36,2.02,1.0412,157,1.98,1.0206,13,2.05,1.0567,5,2.0,1.0309,6,0
IWM190913P153,2019-09-10,2019-09-10 09:35:37,2.01,1.036,13,1.98,1.0206,13,2.05,1.0567,5,1.995,1.0283,6,0
IWM190913P153,2019-09-10,2019-09-10 09:35:37,2.02,1.0412,150,1.98,1.0206,13,2.05,1.0567,5,2.0,1.0309,6,0
IWM190913P153,2019-09-10,2019-09-10 09:35:38,2.02,1.0412,25,1.98,1.0206,13,2.05,1.0567,5,2.0,1.0309,6,0
IWM190913P153,2019-09-10,2019-09-10 09:35:38,2.01,1.036,20,1.98,1.0206,13,2.05,1.0567,5,1.995,1.0283,6,0
IWM190913P153,2019-09-10,2019-09-10 09:35:39,2.06,1.0618,74,2.0,1.0309,13,2.05,1.0567,5,2.03,1.0463,6,0
IWM190913P153,2019-09-10,2019-09-10 09:35:40,2.04,1.0515,13,2.0,1.0309,25,2.05,1.0567,5,2.02,1.0412,6,0
IWM190913P153,2019-09-10,2019-09-10 09:35:40,2.03,1.0463,91,2.0,1.0309,25,2.05,1.0567,5,2.015,1.0386,6,0
IWM190913P153,2019-09-10,2019-09-10 09:35:41,2.01,1.036,48,1.98,1.0206,25,2.05,1.0567,5,1.995,1.0283,6,0
IWM190913P153,2019-09-10,2019-09-10 09:35:41,2.01,1.036,13,1.98,1.0206,25,2.05,1.0567,5,1.995,1.0283,6,0
IWM190913P153,2019-09-10,2019-09-10 09:35:42,2.0,1.0309,67,1.98,1.0206,13,2.05,1.0567,5,1.99,1.0257,6,0
IWM190913P153,2019-09-10,2019-09-10 09:35:42,1.99,1.0257,13,1.96,1.0103,13,2.05,1.0567,5,1.975,1.018,6,0
IWM190913P153,2019-09-10,2019-09-10 09:35:43,1.99,1.0257,19,1.96,1.0103,13,2.05,1.0567,5,1.975,1.018,6,0
IWM190913P153,2019-09-10,2019-09-10 09:35:44,2.0,1.0309,41,1.97,1.0154,13,2.05,1.0567,5,1.985,1.0231,6,0
IWM190913P153,2019-09-10,2019-09-10 09:35:44,2.01,1.036,115,1.97,1.0154,13,2.05,1.0567,5,1.99,1.0257,6,0
IWM190913P153,2019-09-10,2019-09-10 09:35:45,2.0,1.0309,13,1.95,1.0051,26,2.05,1.0567,5,1.975,1.018,6,0
IWM190913P153,2019-09-10,2019-09-10 09:35:45,2.0,1.0309,68,1.95,1.0051,26,2.05,1.0567,5,1.975,1.018,6,0
IWM190913P153,2019-09-10,2019-09-10 09:35:46,2.01,1.036,88,1.97,1.0154,13,2.05,1.0567,5,1.99,1.0257,6,0
IWM190913P153,2019-09-10,2019-09-10 09:35:47,2.02,1.0412,29,1.98,1.0206,13,2.05,1.0567,5,2.0,1.0309,6,0
IWM190913P153,2019-09-10,2019-09-10 09:35:47,2.02,1.0412,13,1.99,1.0257,13,2.05,1.0567,5,2.005,1.0335,6,0
IWM190913P153,2019-09-10,2019-09-10 09:35:48,2.01,1.036,43,1.97,1.0154,26,2.05,1.0567,5,1.99,1.0257,6,0
IWM190913P153,2019-09-10,2019-09-10 09:35:48,2.02,1.0412,167,1.97,1.0154,26,2.05,1.0567,5,1.995,1.0283,6,0
IWM190913P153,2019-09-10,2019-09-10 09:35:49,2.02,1.0412,13,1.98,1.0206,13,2.05,1.0567,5,2.0,1.0309,6,0
IWM190913P153,2019-09-10,2019-09-10 09:35:49,2.02,1.0412,51,1.98,1.0206,13,2.05,1.0567,5,2.0,1.0309,6,0
IWM190913P153,2019-09-10,2019-09-10 09:35:50,2.03,1.0463,153,1.99,1.0257,13,2.05,1.0567,5,2.01,1.036,6,0
IWM190913P153,2019-09-10,2019-09-10 09:35:50,2.04,1.0515,153,2.0,1.0309,13,2.05,1.0567,5,2.02,1.0412,6,0
IWM190913P153,2019-09-10,2019-09-10 09:35:51,2.06,1.0618,73,2.01,1.036,13,2.05,1.0567,5,2.035,1.0489,6,0
IWM190913P153,2019-09-10,2019-09-10 09:35:51,2.04,1.0515,13,2.0,1.0309,13,2.05,1.0567,5,2.02,1.0412,6,0
IWM190913P153,2019-09-10,2019-09-10 09:35:52,2.04,1.0515,58,2.01,1.036,13,2.05,1.0567,5,2.025,1.0438,6,0
IWM190913P153,2019-09-10,2019-09-10 09:35:52,2.04,1.0515,13,2.01,1.036,13,2.05,1.0567,5,2.025,1.0438,6,0
IWM190913P153,2019-09-10,2019-09-10 09:35:53,2.03,1.0463,13,2.0,1.0309,13,2.05,1.0567,5,2.015,1.0386,6,0
IWM190913P153,2019-09-10,2019-09-10 09:35:53,2.03,1.0463,70,2.0,1.0309,13,2.05,1.0567,5,2.015,1.0386,6,0
IWM190913P153,2019-09-10,2019-09-10 09:35:54,2.04,1.0515,190,2.0,1.0309,13,2.05,1.0567,5,2.02,1.0412,6,0
IWM190913P153,2019-09-10,2019-09-10 09:35:54,2.04,1.0515,50,2.0,1.0309,13,2.05,1.0567,5,2.02,1.0412,6,0
IWM190913P153,2019-09-10,2019-09-10 09:35:55,2.02,1.0412,153,1.98,1.0206,13,2.05,1.0567,5,2.0,1.0309,6,0
IWM190913P153,2019-09-10,2019-09-10 09:35:55,2.01,1.036,10,1.98,1.0206,13,2.05,1.0567,5,1.995,1.0283,6,0
IWM190913P153,2019-09-10,2019-09-10 09:35:56,2.02,1.0412,167,1.98,1.0206,13,2.05,1.0567,5,2.0,1.0309,6,0
IWM190913P153,2019-09-10,2019-09-10 09:35:56,2.02,1.0412,182,1.98,1.0206,13,2.05,1.0567,5,2.0,1.0309,6,0
IWM190913P153,2019-09-10,2019-09-10 09:35:57,2.03,1.0463,153,1.99,1.0257,13,2.05,1.0567,5,2.01,1.036,6,0
IWM190913P153,2019-09-10,2019-09-10 09:35:57,2.03,1.0463,295,1.99,1.0257,13,2.05,1.0567,5,2.01,1.036,6,0
IWM190913P153,2019-09-10,2019-09-10 09:35:58,2.02,1.0412,13,1.99,1.0257,13,2.05,1.0567,5,2.005,1.0335,6,0
IWM190913P153,2019-09-10,2019-09-10 09:35:59,2.04,1.0515,141,2.0,1.0309,25,2.05,1.0567,5,2.02,1.0412,6,0
IWM190913P153,2019-09-10,2019-09-10 09:35:59,2.04,1.0515,300,1.99,1.0257,13,2.05,1.0567,5,2.015,1.0386,6,0
IWM190913P153,2019-09-10,2019-09-10 09:36:00,2.03,1.0463,153,2.01,1.036,13,2.05,1.0567,5,2.02,1.0412,6,0
IWM190913P153,2019-09-10,2019-09-10 09:36:00,2.03,1.0463,13,2.0,1.0309,13,2.05,1.0567,5,2.015,1.0386,6,0
IWM190913P153,2019-09-10,2019-09-10 09:36:01,2.05,1.0567,13,2.02,1.0412,13,2.05,1.0567,5,2.035,1.0489,6,0
IWM190913P153,2019-09-10,2019-09-10 09:36:02,2.06,1.0618,13,2.02,1.0412,24,2.05,1.0567,5,2.04,1.0515,6,0
IWM190913P153,2019-09-10,2019-09-10 09:36:02,2.05,1.0567,13,2.02,1.0412,24,2.05,1.0567,5,2.035,1.0489,6,0
IWM190913P153,2019-09-10,2019-09-10 09:36:03,2.06,1.0618,57,2.02,1.0412,13,2.05,1.0567,5,2.04,1.0515,6,0
IWM190913P153,2019-09-10,2019-09-10 09:36:03,2.04,1.0515,13,2.01,1.036,13,2.05,1.0567,5,2.025,1.0438,6,0
IWM190913P153,2019-09-10,2019-09-10 09:36:04,2.06,1.0618,13,2.03,1.0463,13,2.05,1.0567,5,2.045,1.0541,6,0
IWM190913P153,2019-09-10,2019-09-10 09:36:04,2.05,1.0567,28,2.03,1.0463,13,2.05,1.0567,5,2.04,1.0515,6,0
IWM190913P153,2019-09-10,2019-09-10 09:36:05,2.07,1.067,192,2.03,1.0463,13,2.05,1.0567,5,2.05,1.0567,6,0
IWM190913P153,2019-09-10,2019-09-10 09:36:05,2.06,1.0618,13,2.03,1.0463,13,2.05,1.0567,5,2.045,1.0541,6,0
IWM190913P153,2019-09-10,2019-09-10 09:36:06,2.03,1.0463,13,2.0,1.0309,13,2.05,1.0567,5,2.015,1.0386,6,0
IWM190913P153,2019-09-10,2019-09-10 09:36:06,2.04,1.0515,13,2.0,1.0309,25,2.05,1.0567,5,2.02,1.0412,6,0
IWM190913P153,2019-09-10,2019-09-10 09:36:07,2.02,1.0412,13,1.99,1.0257,13,2.05,1.0567,5,2.005,1.0335,6,0
IWM190913P153,2019-09-10,2019-09-10 09:36:07,2.03,1.0463,13,2.0,1.0309,13,2.05,1.0567,5,2.015,1.0386,6,0
IWM190913P153,2019-09-10,2019-09-10 09:36:08,2.03,1.0463,153,1.99,1.0257,13,2.05,1.0567,5,2.01,1.036,6,0
IWM190913P153,2019-09-10,2019-09-10 09:36:08,2.03,1.0463,182,2.0,1.0309,13,2.05,1.0567,5,2.015,1.0386,6,0
IWM190913P153,2019-09-10,2019-09-10 09:36:09,2.03,1.0463,153,1.99,1.0257,13,2.05,1.0567,5,2.01,1.036,6,0
IWM190913P153,2019-09-10,2019-09-10 09:36:09,2.03,1.0463,153,2.0,1.0309,13,2.05,1.0567,5,2.015,1.0386,6,0
IWM190913P153,2019-09-10,2019-09-10 09:36:10,2.01,1.036,28,1.98,1.0206,13,2.05,1.0567,5,1.995,1.0283,6,0
IWM190913P153,2019-09-10,2019-09-10 09:36:10,2.01,1.036,153,1.98,1.0206,13,2.05,1.0567,5,1.995,1.0283,6,0
IWM190913P153,2019-09-10,2019-09-10 09:36:11,2.0,1.0309,165,1.97,1.0154,13,2.05,1.0567,5,1.985,1.0231,6,0
IWM190913P153,2019-09-10,2019-09-10 09:36:11,2.0,1.0309,13,1.97,1.0154,13,2.05,1.0567,5,1.985,1.0231,6,0
IWM190913P153,2019-09-10,2019-09-10 09:36:12,2.0,1.0309,165,1.97,1.0154,13,2.05,1.0567,5,1.985,1.0231,6,0
IWM190913P153,2019-09-10,2019-09-10 09:36:12,2.0,1.0309,172,1.97,1.0154,13,2.05,1.0567,5,1.985,1.0231,6,0
IWM190913P153,2019-09-10,2019-09-10 09:36:13,2.0,1.0309,153,1.96,1.0103,13,2.05,1.0567,5,1.98,1.0206,6,0
IWM190913P153,2019-09-10,2019-09-10 09:36:13,1.99,1.0257,13,1.96,1.0103,13,2.05,1.0567,5,1.975,1.018,6,0
IWM190913P153,2019-09-10,2019-09-10 09:36:14,2.0,1.0309,13,1.97,1.0154,13,2.05,1.0567,5,1.985,1.0231,6,0
IWM190913P153,2019-09-10,2019-09-10 09:36:14,2.0,1.0309,153,1.97,1.0154,13,2.05,1.0567,5,1.985,1.0231,6,0
IWM190913P153,2019-09-10,2019-09-10 09:36:15,2.0,1.0309,153,1.96,1.0103,13,2.05,1.0567,5,1.98,1.0206,6,0
IWM190913P153,2019-09-10,2019-09-10 09:36:15,2.0,1.0309,153,1.97,1.0154,13,2.05,1.0567,5,1.985,1.0231,6,0
IWM190913P153,2019-09-10,2019-09-10 09:36:16,2.0,1.0309,153,1.96,1.0103,13,2.05,1.0567,5,1.98,1.0206,6,0
IWM190913P153,2019-09-10,2019-09-10 09:36:16,1.99,1.0257,153,1.96,1.0103,13,2.05,1.0567,5,1.975,1.018,6,0
IWM190913P153,2019-09-10,2019-09-10 09:36:17,1.99,1.0257,44,1.96,1.0103,13,2.05,1.0567,5,1.975,1.018,6,0
IWM190913P153,2019-09-10,2019-09-10 09:36:18,1.98,1.0206,58,1.96,1.0103,13,2.05,1.0567,5,1.97,1.0154,6,0
IWM190913P153,2019-09-10,2019-09-10 09:36:18,1.99,1.0257,194,1.95,1.0051,14,2.05,1.0567,5,1.97,1.0154,6,0
IWM190913P153,2019-09-10,2019-09-10 09:36:19,1.99,1.0257,194,1.95,1.0051,13,2.05,1.0567,5,1.97,1.0154,6,0
IWM190913P153,2019-09-10,2019-09-10 09:36:20,1.99,1.0257,45,1.95,1.0051,13,2.05,1.0567,5,1.97,1.0154,6,0
IWM190913P153,2019-09-10,2019-09-10 09:36:20,2.0,1.0309,190,1.96,1.0103,25,2.05,1.0567,5,1.98,1.0206,6,0
IWM190913P153,2019-09-10,2019-09-10 09:36:21,2.0,1.0309,190,1.97,1.0154,13,2.05,1.0567,5,1.985,1.0231,6,0
IWM190913P153,2019-09-10,2019-09-10 09:36:21,2.01,1.036,266,1.97,1.0154,13,2.05,1.0567,5,1.99,1.0257,6,0
IWM190913P153,2019-09-10,2019-09-10 09:36:22,1.99,1.0257,60,1.96,1.0103,13,2.05,1.0567,5,1.975,1.018,6,0
IWM190913P153,2019-09-10,2019-09-10 09:36:22,1.98,1.0206,24,1.95,1.0051,13,2.05,1.0567,5,1.965,1.0128,6,0
IWM190913P153,2019-09-10,2019-09-10 09:36:23,1.99,1.0257,153,1.95,1.0051,13,2.05,1.0567,5,1.97,1.0154,6,0
IWM190913P153,2019-09-10,2019-09-10 09:36:24,2.01,1.036,28,1.97,1.0154,13,2.05,1.0567,5,1.99,1.0257,6,0
IWM190913P153,2019-09-10,2019-09-10 09:36:24,2.02,1.0412,60,1.99,1.0257,13,2.05,1.0567,5,2.005,1.0335,6,0
IWM190913P153,2019-09-10,2019-09-10 09:36:25,2.02,1.0412,28,1.99,1.0257,13,2.05,1.0567,5,2.005,1.0335,6,0
IWM190913P153,2019-09-10,2019-09-10 09:36:25,2.02,1.0412,153,1.99,1.0257,13,2.05,1.0567,5,2.005,1.0335,6,0
IWM190913P153,2019-09-10,2019-09-10 09:36:26,2.02,1.0412,13,1.99,1.0257,13,2.05,1.0567,5,2.005,1.0335,6,0
IWM190913P153,2019-09-10,2019-09-10 09:36:26,2.03,1.0463,218,1.99,1.0257,13,2.05,1.0567,5,2.01,1.036,6,0
IWM190913P153,2019-09-10,2019-09-10 09:36:27,2.03,1.0463,13,1.98,1.0206,25,2.05,1.0567,5,2.005,1.0335,6,0
IWM190913P153,2019-09-10,2019-09-10 09:36:27,2.03,1.0463,153,1.98,1.0206,25,2.05,1.0567,5,2.005,1.0335,6,0
IWM190913P153,2019-09-10,2019-09-10 09:36:28,2.03,1.0463,13,2.0,1.0309,13,2.05,1.0567,5,2.015,1.0386,6,0
IWM190913P153,2019-09-10,2019-09-10 09:36:28,2.03,1.0463,13,1.98,1.0206,25,2.05,1.0567,5,2.005,1.0335,6,0
IWM190913P153,2019-09-10,2019-09-10 09:36:29,2.03,1.0463,13,1.99,1.0257,33,2.05,1.0567,5,2.01,1.036,6,0
IWM190913P153,2019-09-10,2019-09-10 09:36:29,2.04,1.0515,60,2.01,1.036,13,2.05,1.0567,5,2.025,1.0438,6,0
IWM190913P153,2019-09-10,2019-09-10 09:36:30,2.04,1.0515,13,2.01,1.036,13,2.05,1.0567,5,2.025,1.0438,6,0
IWM190913P153,2019-09-10,2019-09-10 09:36:30,2.04,1.0515,50,2.0,1.0309,34,2.05,1.0567,5,2.02,1.0412,6,0
IWM190913P153,2019-09-10,2019-09-10 09:36:31,2.06,1.0618,13,2.02,1.0412,13,2.05,1.0567,5,2.04,1.0515,6,0
IWM190913P153,2019-09-10,2019-09-10 09:36:31,2.06,1.0618,13,2.03,1.0463,13,2.05,1.0567,5,2.045,1.0541,6,0
IWM190913P153,2019-09-10,2019-09-10 09:36:32,2.05,1.0567,13,2.02,1.0412,13,2.05,1.0567,5,2.035,1.0489,6,0
IWM190913P153,2019-09-10,2019-09-10 09:36:33,2.05,1.0567,60,2.02,1.0412,25,2.05,1.0567,5,2.035,1.0489,6,0
IWM190913P153,2019-09-10,2019-09-10 09:36:33,2.05,1.0567,13,2.02,1.0412,25,2.05,1.0567,5,2.035,1.0489,6,0
IWM190913P153,2019-09-10,2019-09-10 09:36:34,2.06,1.0618,28,2.03,1.0463,26,2.05,1.0567,5,2.045,1.0541,6,0
IWM190913P153,2019-09-10,2019-09-10 09:36:34,2.06,1.0618,28,2.04,1.0515,13,2.05,1.0567,5,2.05,1.0567,6,0
IWM190913P153,2019-09-10,2019-09-10 09:36:35,2.06,1.0618,49,2.02,1.0412,29,2.05,1.0567,5,2.04,1.0515,6,0
IWM190913P153,2019-09-10,2019-09-10 09:36:35,2.07,1.067,13,2.04,1.0515,13,2.05,1.0567,5,2.055,1.0592,6,0
IWM190913P153,2019-09-10,2019-09-10 09:36:36,2.06,1.0618,13,2.02,1.0412,25,2.05,1.0567,5,2.04,1.0515,6,0
IWM190913P153,2019-09-10,2019-09-10 09:36:37,2.06,1.0618,186,2.01,1.036,26,2.05,1.0567,5,2.035,1.0489,6,0
IWM190913P153,2019-09-10,2019-09-10 09:36:37,2.06,1.0618,153,2.02,1.0412,25,2.05,1.0567,5,2.04,1.0515,6,0
IWM190913P153,2019-09-10,2019-09-10 09:36:38,2.04,1.0515,48,2.0,1.0309,16,2.05,1.0567,5,2.02,1.0412,6,0
IWM190913P153,2019-09-10,2019-09-10 09:36:38,2.06,1.0618,173,2.02,1.0412,13,2.05,1.0567,5,2.04,1.0515,6,0
IWM190913P153,2019-09-10,2019-09-10 09:36:39,2.03,1.0463,13,2.0,1.0309,13,2.05,1.0567,5,2.015,1.0386,6,0
IWM190913P153,2019-09-10,2019-09-10 09:36:39,2.03,1.0463,66,2.0,1.0309,13,2.05,1.0567,5,2.015,1.0386,6,0
IWM190913P153,2019-09-10,2019-09-10 09:36:40,2.03,1.0463,170,1.99,1.0257,13,2.05,1.0567,5,2.01,1.036,6,0
IWM190913P153,2019-09-10,2019-09-10 09:36:40,2.04,1.0515,13,2.01,1.036,13,2.05,1.0567,5,2.025,1.0438,6,0
IWM190913P153,2019-09-10,2019-09-10 09:36:41,2.02,1.0412,13,1.99,1.0257,13,2.05,1.0567,5,2.005,1.0335,6,0
IWM190913P153,2019-09-10,2019-09-10 09:36:41,2.03,1.0463,24,2.01,1.036,13,2.05,1.0567,5,2.02,1.0412,6,0
IWM190913P153,2019-09-10,2019-09-10 09:36:42,1.99,1.0257,13,1.96,1.0103,13,2.05,1.0567,5,1.975,1.018,6,0
IWM190913P153,2019-09-10,2019-09-10 09:36:42,2.01,1.036,13,1.98,1.0206,13,2.05,1.0567,5,1.995,1.0283,6,0
IWM190913P153,2019-09-10,2019-09-10 09:36:43,1.99,1.0257,13,1.96,1.0103,13,2.05,1.0567,5,1.975,1.018,6,0
IWM190913P153,2019-09-10,2019-09-10 09:36:43,2.0,1.0309,183,1.97,1.0154,13,2.05,1.0567,5,1.985,1.0231,6,0
IWM190913P153,2019-09-10,2019-09-10 09:36:44,2.01,1.036,165,1.97,1.0154,13,2.05,1.0567,5,1.99,1.0257,6,0
IWM190913P153,2019-09-10,2019-09-10 09:36:44,2.01,1.036,165,1.96,1.0103,13,2.05,1.0567,5,1.985,1.0231,6,0
IWM190913P153,2019-09-10,2019-09-10 09:36:45,2.01,1.036,174,1.97,1.0154,13,2.05,1.0567,5,1.99,1.0257,6,0
IWM190913P153,2019-09-10,2019-09-10 09:36:45,2.01,1.036,173,1.97,1.0154,13,2.05,1.0567,5,1.99,1.0257,6,0
IWM190913P153,2019-09-10,2019-09-10 09:36:46,2.01,1.036,174,1.97,1.0154,13,2.05,1.0567,5,1.99,1.0257,6,0
IWM190913P153,2019-09-10,2019-09-10 09:36:46,2.0,1.0309,13,1.97,1.0154,13,2.05,1.0567,5,1.985,1.0231,6,0
IWM190913P153,2019-09-10,2019-09-10 09:36:47,2.01,1.036,157,1.98,1.0206,13,2.05,1.0567,5,1.995,1.0283,6,0
IWM190913P153,2019-09-10,2019-09-10 09:36:47,2.01,1.036,182,1.97,1.0154,13,2.05,1.0567,5,1.99,1.0257,6,0
IWM190913P153,2019-09-10,2019-09-10 09:36:48,1.99,1.0257,13,1.96,1.0103,13,2.05,1.0567,5,1.975,1.018,6,0
IWM190913P153,2019-09-10,2019-09-10 09:36:48,2.0,1.0309,13,1.96,1.0103,14,2.05,1.0567,5,1.98,1.0206,6,0
IWM190913P153,2019-09-10,2019-09-10 09:36:49,1.98,1.0206,13,1.95,1.0051,13,2.05,1.0567,5,1.965,1.0128,6,0
IWM190913P153,2019-09-10,2019-09-10 09:36:49,1.99,1.0257,33,1.95,1.0051,13,2.05,1.0567,5,1.97,1.0154,6,0
IWM190913P153,2019-09-10,2019-09-10 09:36:50,1.99,1.0257,65,1.95,1.0051,13,2.05,1.0567,5,1.97,1.0154,6,0
IWM190913P153,2019-09-10,2019-09-10 09:36:50,2.0,1.0309,168,1.97,1.0154,13,2.05,1.0567,5,1.985,1.0231,6,0
IWM190913P153,2019-09-10,2019-09-10 09:36:51,2.01,1.036,13,1.98,1.0206,13,2.05,1.0567,5,1.995,1.0283,6,0
IWM190913P153,2019-09-10,2019-09-10 09:36:51,2.01,1.036,157,1.97,1.0154,13,2.05,1.0567,5,1.99,1.0257,6,0
IWM190913P153,2019-09-10,2019-09-10 09:36:52,2.0,1.0309,13,1.97,1.0154,13,2.05,1.0567,5,1.985,1.0231,6,0
IWM190913P153,2019-09-10,2019-09-10 09:36:52,1.99,1.0257,13,1.96,1.0103,13,2.05,1.0567,5,1.975,1.018,6,0
IWM190913P153,2019-09-10,2019-09-10 09:36:53,1.99,1.0257,167,1.96,1.0103,13,2.05,1.0567,5,1.975,1.018,6,0
IWM190913P153,2019-09-10,2019-09-10 09:36:54,1.99,1.0257,13,1.96,1.0103,13,2.05,1.0567,5,1.975,1.018,6,0
IWM190913P153,2019-09-10,2019-09-10 09:36:55,2.0,1.0309,146,1.96,1.0103,13,2.05,1.0567,5,1.98,1.0206,6,0
IWM190913P153,2019-09-10,2019-09-10 09:36:55,1.99,1.0257,13,1.96,1.0103,13,2.05,1.0567,5,1.975,1.018,6,0
IWM190913P153,2019-09-10,2019-09-10 09:36:56,2.0,1.0309,13,1.96,1.0103,13,2.05,1.0567,5,1.98,1.0206,6,0
IWM190913P153,2019-09-10,2019-09-10 09:36:57,2.0,1.0309,13,1.96,1.0103,13,2.05,1.0567,5,1.98,1.0206,6,0
IWM190913P153,2019-09-10,2019-09-10 09:36:58,2.0,1.0309,13,1.95,1.0051,13,2.05,1.0567,5,1.975,1.018,6,0
IWM190913P153,2019-09-10,2019-09-10 09:36:58,1.99,1.0257,167,1.95,1.0051,13,2.05,1.0567,5,1.97,1.0154,6,0
IWM190913P153,2019-09-10,2019-09-10 09:36:59,1.99,1.0257,13,1.95,1.0051,13,2.05,1.0567,5,1.97,1.0154,6,0
IWM190913P153,2019-09-10,2019-09-10 09:37:00,2.01,1.036,13,1.98,1.0206,13,2.05,1.0567,5,1.995,1.0283,6,0
IWM190913P153,2019-09-10,2019-09-10 09:37:00,1.99,1.0257,13,1.96,1.0103,13,2.05,1.0567,5,1.975,1.018,6,0
IWM190913P153,2019-09-10,2019-09-10 09:37:01,2.01,1.036,13,1.98,1.0206,13,2.05,1.0567,5,1.995,1.0283,6,0
IWM190913P153,2019-09-10,2019-09-10 09:37:02,2.01,1.036,164,1.98,1.0206,13,2.05,1.0567,5,1.995,1.0283,6,0
IWM190913P153,2019-09-10,2019-09-10 09:37:02,1.99,1.0257,165,1.95,1.0051,13,2.05,1.0567,5,1.97,1.0154,6,0
IWM190913P153,2019-09-10,2019-09-10 09:37:03,1.98,1.0206,165,1.94,1.0,13,2.05,1.0567,5,1.96,1.0103,6,0
IWM190913P153,2019-09-10,2019-09-10 09:37:03,1.99,1.0257,165,1.95,1.0051,13,2.05,1.0567,5,1.97,1.0154,6,0
IWM190913P153,2019-09-10,2019-09-10 09:37:04,1.97,1.0154,17,1.94,1.0,13,2.05,1.0567,5,1.955,1.0077,6,0
IWM190913P153,2019-09-10,2019-09-10 09:37:04,1.97,1.0154,23,1.94,1.0,13,2.05,1.0567,5,1.955,1.0077,6,0
IWM190913P153,2019-09-10,2019-09-10 09:37:05,1.96,1.0103,165,1.92,0.9896,13,2.05,1.0567,5,1.94,1.0,6,0
IWM190913P153,2019-09-10,2019-09-10 09:37:05,1.98,1.0206,191,1.94,1.0,13,2.05,1.0567,5,1.96,1.0103,6,0
IWM190913P153,2019-09-10,2019-09-10 09:37:06,1.96,1.0103,29,1.93,0.9948,13,2.05,1.0567,5,1.945,1.0025,6,0
IWM190913P153,2019-09-10,2019-09-10 09:37:06,1.97,1.0154,183,1.93,0.9948,13,2.05,1.0567,5,1.95,1.0051,6,0
IWM190913P153,2019-09-10,2019-09-10 09:37:07,1.96,1.0103,24,1.92,0.9896,13,2.05,1.0567,5,1.94,1.0,6,0
IWM190913P153,2019-09-10,2019-09-10 09:37:07,1.97,1.0154,13,1.94,1.0,13,2.05,1.0567,5,1.955,1.0077,6,0
IWM190913P153,2019-09-10,2019-09-10 09:37:08,1.97,1.0154,191,1.93,0.9948,13,2.05,1.0567,5,1.95,1.0051,6,0
IWM190913P153,2019-09-10,2019-09-10 09:37:08,1.96,1.0103,20,1.92,0.9896,13,2.05,1.0567,5,1.94,1.0,6,0
IWM190913P153,2019-09-10,2019-09-10 09:37:09,1.98,1.0206,13,1.94,1.0,23,2.05,1.0567,5,1.96,1.0103,6,0
IWM190913P153,2019-09-10,2019-09-10 09:37:09,1.98,1.0206,152,1.94,1.0,13,2.05,1.0567,5,1.96,1.0103,6,0
IWM190913P153,2019-09-10,2019-09-10 09:37:10,1.99,1.0257,13,1.96,1.0103,13,2.05,1.0567,5,1.975,1.018,6,0
IWM190913P153,2019-09-10,2019-09-10 09:37:10,1.99,1.0257,25,1.95,1.0051,13,2.05,1.0567,5,1.97,1.0154,6,0
IWM190913P153,2019-09-10,2019-09-10 09:37:11,1.99,1.0257,13,1.96,1.0103,13,2.05,1.0567,5,1.975,1.018,6,0
IWM190913P153,2019-09-10,2019-09-10 09:37:11,2.0,1.0309,29,1.96,1.0103,13,2.05,1.0567,5,1.98,1.0206,6,0
IWM190913P153,2019-09-10,2019-09-10 09:37:12,2.01,1.036,186,1.97,1.0154,13,2.05,1.0567,5,1.99,1.0257,6,0
IWM190913P153,2019-09-10,2019-09-10 09:37:12,2.01,1.036,153,1.98,1.0206,13,2.05,1.0567,5,1.995,1.0283,6,0
IWM190913P153,2019-09-10,2019-09-10 09:37:13,2.01,1.036,140,1.98,1.0206,13,2.05,1.0567,5,1.995,1.0283,6,0
IWM190913P153,2019-09-10,2019-09-10 09:37:13,2.01,1.036,13,1.98,1.0206,13,2.05,1.0567,5,1.995,1.0283,6,0
IWM190913P153,2019-09-10,2019-09-10 09:37:14,2.0,1.0309,13,1.96,1.0103,13,2.05,1.0567,5,1.98,1.0206,6,0
IWM190913P153,2019-09-10,2019-09-10 09:37:14,2.0,1.0309,13,1.97,1.0154,13,2.05,1.0567,5,1.985,1.0231,6,0
IWM190913P153,2019-09-10,2019-09-10 09:37:15,2.02,1.0412,54,1.98,1.0206,13,2.05,1.0567,5,2.0,1.0309,6,0
IWM190913P153,2019-09-10,2019-09-10 09:37:15,2.02,1.0412,160,1.98,1.0206,13,2.05,1.0567,5,2.0,1.0309,6,0
IWM190913P153,2019-09-10,2019-09-10 09:37:16,2.01,1.036,13,1.97,1.0154,13,2.05,1.0567,5,1.99,1.0257,6,0
IWM190913P153,2019-09-10,2019-09-10 09:37:17,2.01,1.036,13,1.98,1.0206,13,2.05,1.0567,5,1.995,1.0283,6,0
IWM190913P153,2019-09-10,2019-09-10 09:37:17,2.02,1.0412,13,1.98,1.0206,13,2.05,1.0567,5,2.0,1.0309,6,0
IWM190913P153,2019-09-10,2019-09-10 09:37:18,2.03,1.0463,148,1.99,1.0257,13,2.05,1.0567,5,2.01,1.036,6,0
IWM190913P153,2019-09-10,2019-09-10 09:37:18,2.03,1.0463,148,2.0,1.0309,13,2.05,1.0567,5,2.015,1.0386,6,0
IWM190913P153,2019-09-10,2019-09-10 09:37:19,2.02,1.0412,153,1.99,1.0257,13,2.05,1.0567,5,2.005,1.0335,6,0
IWM190913P153,2019-09-10,2019-09-10 09:37:20,2.02,1.0412,153,1.99,1.0257,13,2.05,1.0567,5,2.005,1.0335,6,0
IWM190913P153,2019-09-10,2019-09-10 09:37:21,2.02,1.0412,13,1.99,1.0257,13,2.05,1.0567,5,2.005,1.0335,6,0
IWM190913P153,2019-09-10,2019-09-10 09:37:22,2.02,1.0412,13,1.99,1.0257,13,2.05,1.0567,5,2.005,1.0335,6,0
IWM190913P153,2019-09-10,2019-09-10 09:37:22,2.03,1.0463,153,1.98,1.0206,13,2.05,1.0567,5,2.005,1.0335,6,0
IWM190913P153,2019-09-10,2019-09-10 09:37:23,2.03,1.0463,183,1.99,1.0257,13,2.05,1.0567,5,2.01,1.036,6,0
IWM190913P153,2019-09-10,2019-09-10 09:37:23,2.03,1.0463,195,2.0,1.0309,25,2.05,1.0567,5,2.015,1.0386,6,0
IWM190913P153,2019-09-10,2019-09-10 09:37:24,2.03,1.0463,13,2.0,1.0309,13,2.05,1.0567,5,2.015,1.0386,6,0
IWM190913P153,2019-09-10,2019-09-10 09:37:25,2.01,1.036,229,1.97,1.0154,13,2.05,1.0567,5,1.99,1.0257,6,0
IWM190913P153,2019-09-10,2019-09-10 09:37:25,2.01,1.036,140,1.98,1.0206,13,2.05,1.0567,5,1.995,1.0283,6,0
IWM190913P153,2019-09-10,2019-09-10 09:37:26,2.02,1.0412,189,1.98,1.0206,13,2.05,1.0567,5,2.0,1.0309,6,0
IWM190913P153,2019-09-10,2019-09-10 09:37:26,2.01,1.036,13,1.98,1.0206,13,2.05,1.0567,5,1.995,1.0283,6,0
IWM190913P153,2019-09-10,2019-09-10 09:37:27,2.01,1.036,13,1.98,1.0206,13,2.05,1.0567,5,1.995,1.0283,6,0
IWM190913P153,2019-09-10,2019-09-10 09:37:27,2.02,1.0412,218,1.98,1.0206,13,2.05,1.0567,5,2.0,1.0309,6,0
IWM190913P153,2019-09-10,2019-09-10 09:37:28,2.02,1.0412,13,1.99,1.0257,13,2.05,1.0567,5,2.005,1.0335,6,0
IWM190913P153,2019-09-10,2019-09-10 09:37:28,2.02,1.0412,189,1.99,1.0257,13,2.05,1.0567,5,2.005,1.0335,6,0
IWM190913P153,2019-09-10,2019-09-10 09:37:29,2.03,1.0463,196,1.99,1.0257,13,2.05,1.0567,5,2.01,1.036,6,0
IWM190913P153,2019-09-10,2019-09-10 09:37:30,2.04,1.0515,42,1.99,1.0257,13,2.05,1.0567,5,2.015,1.0386,6,0
IWM190913P153,2019-09-10,2019-09-10 09:37:30,2.04,1.0515,153,1.99,1.0257,18,2.05,1.0567,5,2.015,1.0386,6,0
IWM190913P153,2019-09-10,2019-09-10 09:37:31,2.04,1.0515,194,1.99,1.0257,34,2.05,1.0567,5,2.015,1.0386,6,0
IWM190913P153,2019-09-10,2019-09-10 09:37:31,2.04,1.0515,42,1.99,1.0257,13,2.05,1.0567,5,2.015,1.0386,6,0
IWM190913P153,2019-09-10,2019-09-10 09:37:32,2.04,1.0515,49,2.0,1.0309,13,2.05,1.0567,5,2.02,1.0412,6,0
IWM190913P153,2019-09-10,2019-09-10 09:37:32,2.05,1.0567,13,2.02,1.0412,13,2.05,1.0567,5,2.035,1.0489,6,0
IWM190913P153,2019-09-10,2019-09-10 09:37:33,2.05,1.0567,44,2.01,1.036,13,2.05,1.0567,5,2.03,1.0463,6,0
IWM190913P153,2019-09-10,2019-09-10 09:37:33,2.06,1.0618,167,2.02,1.0412,13,2.05,1.0567,5,2.04,1.0515,6,0
IWM190913P153,2019-09-10,2019-09-10 09:37:34,2.06,1.0618,140,2.01,1.036,22,2.05,1.0567,5,2.035,1.0489,6,0
IWM190913P153,2019-09-10,2019-09-10 09:37:35,2.06,1.0618,140,2.01,1.036,13,2.05,1.0567,5,2.035,1.0489,6,0
IWM190913P153,2019-09-10,2019-09-10 09:37:36,2.06,1.0618,140,2.01,1.036,13,2.05,1.0567,5,2.035,1.0489,6,0
IWM190913P153,2019-09-10,2019-09-10 09:37:36,2.03,1.0463,25,2.01,1.036,13,2.05,1.0567,5,2.02,1.0412,6,0
IWM190913P153,2019-09-10,2019-09-10 09:37:37,2.03,1.0463,25,1.99,1.0257,13,2.05,1.0567,5,2.01,1.036,6,0
IWM190913P153,2019-09-10,2019-09-10 09:37:38,2.02,1.0412,47,1.98,1.0206,13,2.05,1.0567,5,2.0,1.0309,6,0
IWM190913P153,2019-09-10,2019-09-10 09:37:38,2.02,1.0412,165,1.98,1.0206,13,2.05,1.0567,5,2.0,1.0309,6,0
IWM190913P153,2019-09-10,2019-09-10 09:37:39,2.0,1.0309,25,1.97,1.0154,13,2.05,1.0567,5,1.985,1.0231,6,0
IWM190913P153,2019-09-10,2019-09-10 09:37:39,2.0,1.0309,24,1.97,1.0154,13,2.05,1.0567,5,1.985,1.0231,6,0
IWM190913P153,2019-09-10,2019-09-10 09:37:40,2.0,1.0309,188,1.96,1.0103,13,2.05,1.0567,5,1.98,1.0206,6,0
IWM190913P153,2019-09-10,2019-09-10 09:37:40,2.0,1.0309,24,1.97,1.0154,13,2.05,1.0567,5,1.985,1.0231,6,0
IWM190913P153,2019-09-10,2019-09-10 09:37:41,2.0,1.0309,27,1.96,1.0103,13,2.05,1.0567,5,1.98,1.0206,6,0
IWM190913P153,2019-09-10,2019-09-10 09:37:41,2.0,1.0309,48,1.96,1.0103,13,2.05,1.0567,5,1.98,1.0206,6,0
IWM190913P153,2019-09-10,2019-09-10 09:37:42,2.02,1.0412,13,1.98,1.0206,13,2.05,1.0567,5,2.0,1.0309,6,0
IWM190913P153,2019-09-10,2019-09-10 09:37:43,2.03,1.0463,13,1.99,1.0257,13,2.05,1.0567,5,2.01,1.036,6,0
IWM190913P153,2019-09-10,2019-09-10 09:37:44,2.03,1.0463,13,1.99,1.0257,13,2.05,1.0567,5,2.01,1.036,6,0
IWM190913P153,2019-09-10,2019-09-10 09:37:44,2.02,1.0412,13,1.99,1.0257,13,2.05,1.0567,5,2.005,1.0335,6,0
IWM190913P153,2019-09-10,2019-09-10 09:37:45,2.01,1.036,13,1.97,1.0154,13,2.05,1.0567,5,1.99,1.0257,6,0
IWM190913P153,2019-09-10,2019-09-10 09:37:45,2.03,1.0463,13,1.99,1.0257,13,2.05,1.0567,5,2.01,1.036,6,0
IWM190913P153,2019-09-10,2019-09-10 09:37:46,2.02,1.0412,13,1.97,1.0154,13,2.05,1.0567,5,1.995,1.0283,6,0
IWM190913P153,2019-09-10,2019-09-10 09:37:47,2.03,1.0463,13,1.99,1.0257,13,2.05,1.0567,5,2.01,1.036,6,0
IWM190913P153,2019-09-10,2019-09-10 09:37:48,2.03,1.0463,13,1.99,1.0257,13,2.05,1.0567,5,2.01,1.036,6,0
IWM190913P153,2019-09-10,2019-09-10 09:37:48,2.04,1.0515,13,2.0,1.0309,13,2.05,1.0567,5,2.02,1.0412,6,0
IWM190913P153,2019-09-10,2019-09-10 09:37:49,2.05,1.0567,28,2.0,1.0309,13,2.05,1.0567,5,2.025,1.0438,6,0
IWM190913P153,2019-09-10,2019-09-10 09:37:50,2.05,1.0567,13,2.01,1.036,13,2.05,1.0567,5,2.03,1.0463,6,0
IWM190913P153,2019-09-10,2019-09-10 09:37:51,2.05,1.0567,13,2.01,1.036,13,2.05,1.0567,5,2.03,1.0463,6,0
IWM190913P153,2019-09-10,2019-09-10 09:37:52,2.05,1.0567,13,2.01,1.036,13,2.05,1.0567,5,2.03,1.0463,6,0
IWM190913P153,2019-09-10,2019-09-10 09:37:52,2.07,1.067,13,2.01,1.036,13,2.05,1.0567,5,2.04,1.0515,6,0
IWM190913P153,2019-09-10,2019-09-10 09:37:53,2.06,1.0618,13,2.02,1.0412,21,2.05,1.0567,5,2.04,1.0515,6,0
IWM190913P153,2019-09-10,2019-09-10 09:37:53,2.07,1.067,13,2.01,1.036,13,2.05,1.0567,5,2.04,1.0515,6,0
IWM190913P153,2019-09-10,2019-09-10 09:37:54,2.09,1.0773,13,2.05,1.0567,13,2.05,1.0567,5,2.07,1.067,6,0
IWM190913P153,2019-09-10,2019-09-10 09:37:55,2.09,1.0773,13,2.05,1.0567,21,2.05,1.0567,5,2.07,1.067,6,0
IWM190913P153,2019-09-10,2019-09-10 09:37:55,2.1,1.0824,140,2.05,1.0567,153,2.05,1.0567,5,2.075,1.0695,6,0
IWM190913P153,2019-09-10,2019-09-10 09:37:56,2.08,1.0721,13,2.05,1.0567,13,2.05,1.0567,5,2.065,1.0644,6,0
IWM190913P153,2019-09-10,2019-09-10 09:37:56,2.09,1.0773,13,2.05,1.0567,13,2.05,1.0567,5,2.07,1.067,6,0
IWM190913P153,2019-09-10,2019-09-10 09:37:57,2.08,1.0721,13,2.05,1.0567,13,2.05,1.0567,5,2.065,1.0644,6,0
IWM190913P153,2019-09-10,2019-09-10 09:37:57,2.08,1.0721,13,2.04,1.0515,24,2.05,1.0567,5,2.06,1.0618,6,0
IWM190913P153,2019-09-10,2019-09-10 09:37:58,2.09,1.0773,13,2.05,1.0567,13,2.05,1.0567,5,2.07,1.067,6,0
IWM190913P153,2019-09-10,2019-09-10 09:37:58,2.08,1.0721,13,2.05,1.0567,13,2.05,1.0567,5,2.065,1.0644,6,0
IWM190913P153,2019-09-10,2019-09-10 09:37:59,2.09,1.0773,13,2.05,1.0567,13,2.05,1.0567,5,2.07,1.067,6,0
IWM190913P153,2019-09-10,2019-09-10 09:38:00,2.09,1.0773,17,2.05,1.0567,21,2.05,1.0567,5,2.07,1.067,6,0
IWM190913P153,2019-09-10,2019-09-10 09:38:00,2.11,1.0876,191,2.05,1.0567,14,2.05,1.0567,5,2.08,1.0721,6,0
IWM190913P153,2019-09-10,2019-09-10 09:38:01,2.11,1.0876,35,2.05,1.0567,14,2.05,1.0567,5,2.08,1.0721,6,0
IWM190913P153,2019-09-10,2019-09-10 09:38:01,2.11,1.0876,35,2.07,1.067,19,2.05,1.0567,5,2.09,1.0773,6,0
IWM190913P153,2019-09-10,2019-09-10 09:38:02,2.12,1.0927,15,2.08,1.0721,13,2.05,1.0567,5,2.1,1.0824,6,0
IWM190913P153,2019-09-10,2019-09-10 09:38:03,2.13,1.0979,183,2.08,1.0721,13,2.05,1.0567,5,2.105,1.085,6,0
IWM190913P153,2019-09-10,2019-09-10 09:38:03,2.12,1.0927,25,2.08,1.0721,19,2.05,1.0567,5,2.1,1.0824,6,0
IWM190913P153,2019-09-10,2019-09-10 09:38:04,2.14,1.103,193,2.09,1.0773,13,2.05,1.0567,5,2.115,1.0902,6,0
IWM190913P153,2019-09-10,2019-09-10 09:38:04,2.13,1.0979,28,2.09,1.0773,13,2.05,1.0567,5,2.11,1.0876,6,0
IWM190913P153,2019-09-10,2019-09-10 09:38:05,2.13,1.0979,25,2.09,1.0773,13,2.05,1.0567,5,2.11,1.0876,6,0
IWM190913P153,2019-09-10,2019-09-10 09:38:05,2.14,1.103,191,2.09,1.0773,13,2.05,1.0567,5,2.115,1.0902,6,0
IWM190913P153,2019-09-10,2019-09-10 09:38:06,2.14,1.103,191,2.1,1.0824,13,2.05,1.0567,5,2.12,1.0927,6,0
IWM190913P153,2019-09-10,2019-09-10 09:38:06,2.13,1.0979,13,2.09,1.0773,13,2.05,1.0567,5,2.11,1.0876,6,0
IWM190913P153,2019-09-10,2019-09-10 09:38:07,2.14,1.103,157,2.1,1.0824,13,2.05,1.0567,5,2.12,1.0927,6,0
IWM190913P153,2019-09-10,2019-09-10 09:38:07,2.14,1.103,152,2.1,1.0824,13,2.05,1.0567,5,2.12,1.0927,6,0
IWM190913P153,2019-09-10,2019-09-10 09:38:08,2.12,1.0927,13,2.08,1.0721,13,2.05,1.0567,5,2.1,1.0824,6,0
IWM190913P153,2019-09-10,2019-09-10 09:38:09,2.09,1.0773,13,2.06,1.0618,13,2.05,1.0567,5,2.075,1.0695,6,0
IWM190913P153,2019-09-10,2019-09-10 09:38:10,2.08,1.0721,13,2.05,1.0567,13,2.05,1.0567,5,2.065,1.0644,6,0
IWM190913P153,2019-09-10,2019-09-10 09:38:10,2.09,1.0773,178,2.05,1.0567,13,2.05,1.0567,5,2.07,1.067,6,0
IWM190913P153,2019-09-10,2019-09-10 09:38:11,2.1,1.0824,13,2.06,1.0618,13,2.05,1.0567,5,2.08,1.0721,6,0
IWM190913P153,2019-09-10,2019-09-10 09:38:11,2.09,1.0773,13,2.06,1.0618,13,2.05,1.0567,5,2.075,1.0695,6,0
IWM190913P153,2019-09-10,2019-09-10 09:38:12,2.09,1.0773,13,2.05,1.0567,13,2.05,1.0567,5,2.07,1.067,6,0
IWM190913P153,2019-09-10,2019-09-10 09:38:12,2.09,1.0773,13,2.06,1.0618,13,2.05,1.0567,5,2.075,1.0695,6,0
IWM190913P153,2019-09-10,2019-09-10 09:38:13,2.11,1.0876,13,2.07,1.067,13,2.05,1.0567,5,2.09,1.0773,6,0
IWM190913P153,2019-09-10,2019-09-10 09:38:14,2.11,1.0876,13,2.07,1.067,13,2.05,1.0567,5,2.09,1.0773,6,0
IWM190913P153,2019-09-10,2019-09-10 09:38:15,2.09,1.0773,13,2.05,1.0567,16,2.05,1.0567,5,2.07,1.067,6,0
IWM190913P153,2019-09-10,2019-09-10 09:38:15,2.08,1.0721,13,2.05,1.0567,13,2.05,1.0567,5,2.065,1.0644,6,0
IWM190913P153,2019-09-10,2019-09-10 09:38:16,2.07,1.067,153,2.03,1.0463,13,2.05,1.0567,5,2.05,1.0567,6,0
IWM190913P153,2019-09-10,2019-09-10 09:38:16,2.08,1.0721,13,2.04,1.0515,13,2.05,1.0567,5,2.06,1.0618,6,0
IWM190913P153,2019-09-10,2019-09-10 09:38:17,2.08,1.0721,13,2.04,1.0515,13,2.05,1.0567,5,2.06,1.0618,6,0
IWM190913P153,2019-09-10,2019-09-10 09:38:17,2.07,1.067,13,2.04,1.0515,13,2.05,1.0567,5,2.055,1.0592,6,0
IWM190913P153,2019-09-10,2019-09-10 09:38:18,2.07,1.067,28,2.03,1.0463,13,2.05,1.0567,5,2.05,1.0567,6,0
IWM190913P153,2019-09-10,2019-09-10 09:38:18,2.08,1.0721,183,2.04,1.0515,13,2.05,1.0567,5,2.06,1.0618,6,0
IWM190913P153,2019-09-10,2019-09-10 09:38:19,2.06,1.0618,13,2.03,1.0463,13,2.05,1.0567,5,2.045,1.0541,6,0
IWM190913P153,2019-09-10,2019-09-10 09:38:19,2.08,1.0721,13,2.03,1.0463,13,2.05,1.0567,5,2.055,1.0592,6,0
IWM190913P153,2019-09-10,2019-09-10 09:38:20,2.06,1.0618,13,2.03,1.0463,13,2.05,1.0567,5,2.045,1.0541,6,0
IWM190913P153,2019-09-10,2019-09-10 09:38:21,2.07,1.067,163,2.03,1.0463,13,2.05,1.0567,5,2.05,1.0567,6,0
IWM190913P153,2019-09-10,2019-09-10 09:38:22,2.08,1.0721,175,2.03,1.0463,23,2.05,1.0567,5,2.055,1.0592,6,0
IWM190913P153,2019-09-10,2019-09-10 09:38:22,2.07,1.067,195,2.03,1.0463,13,2.05,1.0567,5,2.05,1.0567,6,0
IWM190913P153,2019-09-10,2019-09-10 09:38:23,2.08,1.0721,228,2.04,1.0515,13,2.05,1.0567,5,2.06,1.0618,6,0
IWM190913P153,2019-09-10,2019-09-10 09:38:23,2.08,1.0721,17,2.04,1.0515,13,2.05,1.0567,5,2.06,1.0618,6,0
IWM190913P153,2019-09-10,2019-09-10 09:38:24,2.07,1.067,13,2.04,1.0515,13,2.05,1.0567,5,2.055,1.0592,6,0
IWM190913P153,2019-09-10,2019-09-10 09:38:24,2.09,1.0773,248,2.04,1.0515,13,2.05,1.0567,5,2.065,1.0644,6,0
IWM190913P153,2019-09-10,2019-09-10 09:38:25,2.09,1.0773,194,2.04,1.0515,13,2.05,1.0567,5,2.065,1.0644,6,0
IWM190913P153,2019-09-10,2019-09-10 09:38:25,2.08,1.0721,241,2.04,1.0515,13,2.05,1.0567,5,2.06,1.0618,6,0
IWM190913P153,2019-09-10,2019-09-10 09:38:26,2.08,1.0721,153,2.04,1.0515,13,2.05,1.0567,5,2.06,1.0618,6,0
IWM190913P153,2019-09-10,2019-09-10 09:38:26,2.07,1.067,13,2.04,1.0515,13,2.05,1.0567,5,2.055,1.0592,6,0
IWM190913P153,2019-09-10,2019-09-10 09:38:27,2.08,1.0721,31,2.04,1.0515,13,2.05,1.0567,5,2.06,1.0618,6,0
IWM190913P153,2019-09-10,2019-09-10 09:38:27,2.07,1.067,13,2.04,1.0515,13,2.05,1.0567,5,2.055,1.0592,6,0
IWM190913P153,2019-09-10,2019-09-10 09:38:28,2.08,1.0721,13,2.04,1.0515,13,2.05,1.0567,5,2.06,1.0618,6,0
IWM190913P153,2019-09-10,2019-09-10 09:38:28,2.09,1.0773,28,2.04,1.0515,13,2.05,1.0567,5,2.065,1.0644,6,0
IWM190913P153,2019-09-10,2019-09-10 09:38:29,2.1,1.0824,13,2.06,1.0618,13,2.05,1.0567,5,2.08,1.0721,6,0
IWM190913P153,2019-09-10,2019-09-10 09:38:29,2.1,1.0824,180,2.06,1.0618,13,2.05,1.0567,5,2.08,1.0721,6,0
IWM190913P153,2019-09-10,2019-09-10 09:38:30,2.09,1.0773,13,2.05,1.0567,13,2.05,1.0567,5,2.07,1.067,6,0
IWM190913P153,2019-09-10,2019-09-10 09:38:31,2.08,1.0721,153,2.05,1.0567,13,2.05,1.0567,5,2.065,1.0644,6,0
IWM190913P153,2019-09-10,2019-09-10 09:38:31,2.09,1.0773,163,2.05,1.0567,13,2.05,1.0567,5,2.07,1.067,6,0
IWM190913P153,2019-09-10,2019-09-10 09:38:32,2.07,1.067,13,2.04,1.0515,13,2.05,1.0567,5,2.055,1.0592,6,0
IWM190913P153,2019-09-10,2019-09-10 09:38:32,2.06,1.0618,13,2.03,1.0463,13,2.05,1.0567,5,2.045,1.0541,6,0
IWM190913P153,2019-09-10,2019-09-10 09:38:33,2.07,1.067,13,2.03,1.0463,13,2.05,1.0567,5,2.05,1.0567,6,0
IWM190913P153,2019-09-10,2019-09-10 09:38:33,2.07,1.067,53,2.03,1.0463,13,2.05,1.0567,5,2.05,1.0567,6,0
IWM190913P153,2019-09-10,2019-09-10 09:38:34,2.07,1.067,13,2.03,1.0463,13,2.05,1.0567,5,2.05,1.0567,6,0
IWM190913P153,2019-09-10,2019-09-10 09:38:35,2.06,1.0618,13,2.03,1.0463,13,2.05,1.0567,5,2.045,1.0541,6,0
IWM190913P153,2019-09-10,2019-09-10 09:38:35,2.07,1.067,13,2.03,1.0463,13,2.05,1.0567,5,2.05,1.0567,6,0
IWM190913P153,2019-09-10,2019-09-10 09:38:36,2.07,1.067,13,2.03,1.0463,13,2.05,1.0567,5,2.05,1.0567,6,0
IWM190913P153,2019-09-10,2019-09-10 09:38:36,2.07,1.067,28,2.03,1.0463,13,2.05,1.0567,5,2.05,1.0567,6,0
IWM190913P153,2019-09-10,2019-09-10 09:38:37,2.07,1.067,13,2.03,1.0463,13,2.05,1.0567,5,2.05,1.0567,6,0
IWM190913P153,2019-09-10,2019-09-10 09:38:38,2.06,1.0618,13,2.03,1.0463,13,2.05,1.0567,5,2.045,1.0541,6,0
IWM190913P153,2019-09-10,2019-09-10 09:38:39,2.07,1.067,13,2.03,1.0463,24,2.05,1.0567,5,2.05,1.0567,6,0
IWM190913P153,2019-09-10,2019-09-10 09:38:40,2.07,1.067,13,2.03,1.0463,24,2.05,1.0567,5,2.05,1.0567,6,0
IWM190913P153,2019-09-10,2019-09-10 09:38:40,2.07,1.067,13,2.03,1.0463,22,2.05,1.0567,5,2.05,1.0567,6,0
IWM190913P153,2019-09-10,2019-09-10 09:38:41,2.05,1.0567,13,2.02,1.0412,13,2.05,1.0567,5,2.035,1.0489,6,0
IWM190913P153,2019-09-10,2019-09-10 09:38:41,2.05,1.0567,13,2.02,1.0412,17,2.05,1.0567,5,2.035,1.0489,6,0
IWM190913P153,2019-09-10,2019-09-10 09:38:42,2.04,1.0515,42,2.01,1.036,13,2.05,1.0567,5,2.025,1.0438,6,0
IWM190913P153,2019-09-10,2019-09-10 09:38:42,2.05,1.0567,168,2.02,1.0412,13,2.05,1.0567,5,2.035,1.0489,6,0
IWM190913P153,2019-09-10,2019-09-10 09:38:43,2.04,1.0515,13,2.0,1.0309,13,2.05,1.0567,5,2.02,1.0412,6,0
IWM190913P153,2019-09-10,2019-09-10 09:38:43,2.03,1.0463,13,2.0,1.0309,13,2.05,1.0567,5,2.015,1.0386,6,0
IWM190913P153,2019-09-10,2019-09-10 09:38:44,2.01,1.036,13,1.98,1.0206,13,2.05,1.0567,5,1.995,1.0283,6,0
IWM190913P153,2019-09-10,2019-09-10 09:38:44,2.02,1.0412,13,1.99,1.0257,13,2.05,1.0567,5,2.005,1.0335,6,0
IWM190913P153,2019-09-10,2019-09-10 09:38:45,2.02,1.0412,13,1.98,1.0206,13,2.05,1.0567,5,2.0,1.0309,6,0
IWM190913P153,2019-09-10,2019-09-10 09:38:46,2.03,1.0463,191,1.98,1.0206,26,2.05,1.0567,5,2.005,1.0335,6,0
IWM190913P153,2019-09-10,2019-09-10 09:38:46,2.04,1.0515,178,1.99,1.0257,19,2.05,1.0567,5,2.015,1.0386,6,0
IWM190913P153,2019-09-10,2019-09-10 09:38:47,2.03,1.0463,13,1.99,1.0257,13,2.05,1.0567,5,2.01,1.036,6,0
IWM190913P153,2019-09-10,2019-09-10 09:38:48,2.05,1.0567,206,2.0,1.0309,21,2.05,1.0567,5,2.025,1.0438,6,0
IWM190913P153,2019-09-10,2019-09-10 09:38:48,2.03,1.0463,13,1.99,1.0257,13,2.05,1.0567,5,2.01,1.036,6,0
IWM190913P153,2019-09-10,2019-09-10 09:38:49,2.05,1.0567,13,2.01,1.036,13,2.05,1.0567,5,2.03,1.0463,6,0
IWM190913P153,2019-09-10,2019-09-10 09:38:50,2.05,1.0567,13,2.01,1.036,13,2.05,1.0567,5,2.03,1.0463,6,0
IWM190913P153,2019-09-10,2019-09-10 09:38:50,2.05,1.0567,13,2.02,1.0412,13,2.05,1.0567,5,2.035,1.0489,6,0
IWM190913P153,2019-09-10,2019-09-10 09:38:51,2.05,1.0567,13,2.02,1.0412,13,2.05,1.0567,5,2.035,1.0489,6,0
IWM190913P153,2019-09-10,2019-09-10 09:38:51,2.06,1.0618,13,2.02,1.0412,13,2.05,1.0567,5,2.04,1.0515,6,0
IWM190913P153,2019-09-10,2019-09-10 09:38:52,2.07,1.067,13,2.03,1.0463,13,2.05,1.0567,5,2.05,1.0567,6,0
IWM190913P153,2019-09-10,2019-09-10 09:38:52,2.07,1.067,163,2.03,1.0463,13,2.05,1.0567,5,2.05,1.0567,6,0
IWM190913P153,2019-09-10,2019-09-10 09:38:53,2.08,1.0721,13,2.03,1.0463,13,2.05,1.0567,5,2.055,1.0592,6,0
IWM190913P153,2019-09-10,2019-09-10 09:38:53,2.07,1.067,13,2.03,1.0463,13,2.05,1.0567,5,2.05,1.0567,6,0
IWM190913P153,2019-09-10,2019-09-10 09:38:54,2.09,1.0773,13,2.05,1.0567,13,2.05,1.0567,5,2.07,1.067,6,0
IWM190913P153,2019-09-10,2019-09-10 09:38:54,2.09,1.0773,220,2.03,1.0463,13,2.05,1.0567,5,2.06,1.0618,6,0
IWM190913P153,2019-09-10,2019-09-10 09:38:55,2.08,1.0721,13,2.05,1.0567,13,2.05,1.0567,5,2.065,1.0644,6,0
IWM190913P153,2019-09-10,2019-09-10 09:38:55,2.09,1.0773,13,2.05,1.0567,13,2.05,1.0567,5,2.07,1.067,6,0
IWM190913P153,2019-09-10,2019-09-10 09:38:56,2.09,1.0773,35,2.05,1.0567,13,2.05,1.0567,5,2.07,1.067,6,0
IWM190913P153,2019-09-10,2019-09-10 09:38:57,2.09,1.0773,13,2.05,1.0567,13,2.05,1.0567,5,2.07,1.067,6,0
