symbol,Date,quote_time,ask_price,norm_ask_price,ask_size,bid_price,norm_bid_price,bid_size,last_trade_price,norm_last_trade_price,last_trade_size,mark_price,norm_mark_price,volume,Volume
SPY190724P296,2019-07-22,2019-07-22 09:41:11,0.58,1.0,169,0.57,0.9827,97,0.57,0.9827,5,0.575,0.9913,298,298
SPY190724P296,2019-07-22,2019-07-22 09:41:19,0.57,0.9827,105,0.56,0.9655,619,0.57,0.9827,5,0.565,0.9741,298,0
SPY190724P296,2019-07-22,2019-07-22 09:41:20,0.57,0.9827,105,0.56,0.9655,178,0.57,0.9827,5,0.565,0.9741,298,0
SPY190724P296,2019-07-22,2019-07-22 09:41:21,0.57,0.9827,854,0.56,0.9655,1,0.57,0.9827,5,0.565,0.9741,298,0
SPY190724P296,2019-07-22,2019-07-22 09:41:22,0.57,0.9827,854,0.56,0.9655,1,0.57,0.9827,5,0.565,0.9741,298,0
SPY190724P296,2019-07-22,2019-07-22 09:41:22,0.57,0.9827,999,0.56,0.9655,1,0.57,0.9827,5,0.565,0.9741,298,0
SPY190724P296,2019-07-22,2019-07-22 09:41:23,0.57,0.9827,1084,0.56,0.9655,1,0.57,0.9827,5,0.565,0.9741,298,0
SPY190724P296,2019-07-22,2019-07-22 09:41:23,0.57,0.9827,1044,0.56,0.9655,1,0.57,0.9827,5,0.565,0.9741,298,0
SPY190724P296,2019-07-22,2019-07-22 09:41:24,0.57,0.9827,1330,0.56,0.9655,1,0.57,0.9827,5,0.565,0.9741,298,0
SPY190724P296,2019-07-22,2019-07-22 09:41:25,0.57,0.9827,1212,0.56,0.9655,1,0.57,0.9827,5,0.565,0.9741,298,0
SPY190724P296,2019-07-22,2019-07-22 09:41:25,0.57,0.9827,924,0.56,0.9655,1,0.57,0.9827,5,0.565,0.9741,298,0
SPY190724P296,2019-07-22,2019-07-22 09:41:26,0.57,0.9827,894,0.56,0.9655,1,0.57,0.9827,1,0.565,0.9741,299,1
SPY190724P296,2019-07-22,2019-07-22 09:41:26,0.57,0.9827,1146,0.56,0.9655,1,0.57,0.9827,5,0.565,0.9741,298,0
SPY190724P296,2019-07-22,2019-07-22 09:41:27,0.57,0.9827,1146,0.56,0.9655,1,0.57,0.9827,1,0.565,0.9741,299,0
SPY190724P296,2019-07-22,2019-07-22 09:41:27,0.57,0.9827,894,0.56,0.9655,1,0.57,0.9827,1,0.565,0.9741,299,0
SPY190724P296,2019-07-22,2019-07-22 09:41:28,0.57,0.9827,1137,0.56,0.9655,1,0.57,0.9827,1,0.565,0.9741,299,0
SPY190724P296,2019-07-22,2019-07-22 09:41:29,0.57,0.9827,1169,0.56,0.9655,1,0.57,0.9827,1,0.565,0.9741,299,0
SPY190724P296,2019-07-22,2019-07-22 09:41:29,0.57,0.9827,1253,0.55,0.9482,466,0.56,0.9655,1,0.56,0.9655,300,1
SPY190724P296,2019-07-22,2019-07-22 09:41:30,0.56,0.9655,6,0.55,0.9482,917,0.56,0.9655,1,0.555,0.9568,300,0
SPY190724P296,2019-07-22,2019-07-22 09:41:30,0.56,0.9655,273,0.55,0.9482,553,0.56,0.9655,1,0.555,0.9568,300,0
SPY190724P296,2019-07-22,2019-07-22 09:41:31,0.56,0.9655,722,0.54,0.931,718,0.56,0.9655,1,0.55,0.9482,300,0
SPY190724P296,2019-07-22,2019-07-22 09:41:31,0.56,0.9655,110,0.55,0.9482,70,0.56,0.9655,1,0.555,0.9568,300,0
SPY190724P296,2019-07-22,2019-07-22 09:41:32,0.56,0.9655,1175,0.54,0.931,1026,0.56,0.9655,1,0.55,0.9482,300,0
SPY190724P296,2019-07-22,2019-07-22 09:41:32,0.56,0.9655,835,0.54,0.931,1026,0.56,0.9655,1,0.55,0.9482,300,0
SPY190724P296,2019-07-22,2019-07-22 09:41:33,0.56,0.9655,171,0.55,0.9482,163,0.56,0.9655,1,0.555,0.9568,300,0
SPY190724P296,2019-07-22,2019-07-22 09:41:33,0.56,0.9655,102,0.55,0.9482,451,0.56,0.9655,1,0.555,0.9568,300,0
SPY190724P296,2019-07-22,2019-07-22 09:41:34,0.56,0.9655,271,0.55,0.9482,797,0.56,0.9655,1,0.555,0.9568,300,0
SPY190724P296,2019-07-22,2019-07-22 09:41:35,0.56,0.9655,901,0.54,0.931,997,0.56,0.9655,1,0.55,0.9482,300,0
SPY190724P296,2019-07-22,2019-07-22 09:41:35,0.56,0.9655,241,0.55,0.9482,312,0.56,0.9655,1,0.555,0.9568,300,0
SPY190724P296,2019-07-22,2019-07-22 09:41:36,0.55,0.9482,409,0.53,0.9137,553,0.56,0.9655,1,0.54,0.931,300,0
SPY190724P296,2019-07-22,2019-07-22 09:41:36,0.56,0.9655,822,0.54,0.931,805,0.56,0.9655,1,0.55,0.9482,300,0
SPY190724P296,2019-07-22,2019-07-22 09:41:37,0.55,0.9482,721,0.53,0.9137,1163,0.56,0.9655,1,0.54,0.931,300,0
SPY190724P296,2019-07-22,2019-07-22 09:41:37,0.55,0.9482,721,0.54,0.931,150,0.56,0.9655,1,0.545,0.9396,300,0
SPY190724P296,2019-07-22,2019-07-22 09:41:38,0.55,0.9482,721,0.54,0.931,100,0.56,0.9655,1,0.545,0.9396,300,0
SPY190724P296,2019-07-22,2019-07-22 09:41:38,0.54,0.931,5,0.53,0.9137,291,0.56,0.9655,1,0.535,0.9224,300,0
SPY190724P296,2019-07-22,2019-07-22 09:41:39,0.54,0.931,276,0.53,0.9137,291,0.56,0.9655,1,0.535,0.9224,300,0
SPY190724P296,2019-07-22,2019-07-22 09:41:40,0.54,0.931,276,0.53,0.9137,306,0.56,0.9655,1,0.535,0.9224,300,0
SPY190724P296,2019-07-22,2019-07-22 09:41:41,0.54,0.931,248,0.53,0.9137,684,0.56,0.9655,1,0.535,0.9224,300,0
SPY190724P296,2019-07-22,2019-07-22 09:41:41,0.55,0.9482,808,0.53,0.9137,1063,0.56,0.9655,1,0.54,0.931,300,0
SPY190724P296,2019-07-22,2019-07-22 09:41:42,0.55,0.9482,854,0.53,0.9137,1215,0.56,0.9655,1,0.54,0.931,300,0
SPY190724P296,2019-07-22,2019-07-22 09:41:42,0.55,0.9482,854,0.53,0.9137,1225,0.56,0.9655,1,0.54,0.931,300,0
SPY190724P296,2019-07-22,2019-07-22 09:41:43,0.54,0.931,6,0.53,0.9137,634,0.56,0.9655,1,0.535,0.9224,300,0
SPY190724P296,2019-07-22,2019-07-22 09:41:43,0.54,0.931,179,0.53,0.9137,350,0.56,0.9655,1,0.535,0.9224,300,0
SPY190724P296,2019-07-22,2019-07-22 09:41:44,0.54,0.931,249,0.53,0.9137,642,0.56,0.9655,1,0.535,0.9224,300,0
SPY190724P296,2019-07-22,2019-07-22 09:41:45,0.54,0.931,179,0.53,0.9137,578,0.56,0.9655,1,0.535,0.9224,300,0
SPY190724P296,2019-07-22,2019-07-22 09:41:45,0.54,0.931,249,0.53,0.9137,618,0.56,0.9655,1,0.535,0.9224,300,0
SPY190724P296,2019-07-22,2019-07-22 09:41:46,0.54,0.931,179,0.53,0.9137,674,0.56,0.9655,1,0.535,0.9224,300,0
SPY190724P296,2019-07-22,2019-07-22 09:41:47,0.54,0.931,249,0.53,0.9137,814,0.56,0.9655,1,0.535,0.9224,300,0
SPY190724P296,2019-07-22,2019-07-22 09:41:47,0.54,0.931,249,0.53,0.9137,913,0.56,0.9655,1,0.535,0.9224,300,0
SPY190724P296,2019-07-22,2019-07-22 09:41:48,0.54,0.931,246,0.53,0.9137,185,0.56,0.9655,1,0.535,0.9224,300,0
SPY190724P296,2019-07-22,2019-07-22 09:41:49,0.54,0.931,248,0.53,0.9137,144,0.56,0.9655,1,0.535,0.9224,300,0
SPY190724P296,2019-07-22,2019-07-22 09:41:49,0.54,0.931,317,0.53,0.9137,184,0.56,0.9655,1,0.535,0.9224,300,0
SPY190724P296,2019-07-22,2019-07-22 09:41:50,0.54,0.931,261,0.53,0.9137,198,0.56,0.9655,1,0.535,0.9224,300,0
SPY190724P296,2019-07-22,2019-07-22 09:41:50,0.54,0.931,425,0.53,0.9137,184,0.56,0.9655,1,0.535,0.9224,300,0
SPY190724P296,2019-07-22,2019-07-22 09:41:51,0.54,0.931,261,0.53,0.9137,527,0.56,0.9655,1,0.535,0.9224,300,0
SPY190724P296,2019-07-22,2019-07-22 09:41:52,0.54,0.931,102,0.53,0.9137,569,0.56,0.9655,1,0.535,0.9224,300,0
SPY190724P296,2019-07-22,2019-07-22 09:41:52,0.54,0.931,261,0.53,0.9137,734,0.56,0.9655,1,0.535,0.9224,300,0
SPY190724P296,2019-07-22,2019-07-22 09:41:53,0.55,0.9482,276,0.54,0.931,5,0.56,0.9655,1,0.545,0.9396,300,0
SPY190724P296,2019-07-22,2019-07-22 09:41:53,0.54,0.931,165,0.53,0.9137,1055,0.56,0.9655,1,0.535,0.9224,300,0
SPY190724P296,2019-07-22,2019-07-22 09:41:54,0.55,0.9482,766,0.54,0.931,76,0.56,0.9655,1,0.545,0.9396,300,0
SPY190724P296,2019-07-22,2019-07-22 09:41:54,0.55,0.9482,138,0.54,0.931,333,0.56,0.9655,1,0.545,0.9396,300,0
SPY190724P296,2019-07-22,2019-07-22 09:41:55,0.55,0.9482,10,0.54,0.931,344,0.56,0.9655,1,0.545,0.9396,300,0
SPY190724P296,2019-07-22,2019-07-22 09:41:56,0.55,0.9482,115,0.54,0.931,813,0.56,0.9655,1,0.545,0.9396,300,0
SPY190724P296,2019-07-22,2019-07-22 09:41:56,0.55,0.9482,43,0.54,0.931,909,0.56,0.9655,1,0.545,0.9396,300,0
SPY190724P296,2019-07-22,2019-07-22 09:41:57,0.55,0.9482,150,0.54,0.931,223,0.56,0.9655,1,0.545,0.9396,300,0
SPY190724P296,2019-07-22,2019-07-22 09:41:57,0.56,0.9655,922,0.55,0.9482,6,0.56,0.9655,1,0.555,0.9568,300,0
SPY190724P296,2019-07-22,2019-07-22 09:41:58,0.56,0.9655,595,0.55,0.9482,6,0.56,0.9655,1,0.555,0.9568,300,0
SPY190724P296,2019-07-22,2019-07-22 09:41:58,0.56,0.9655,519,0.55,0.9482,5,0.56,0.9655,1,0.555,0.9568,300,0
SPY190724P296,2019-07-22,2019-07-22 09:41:59,0.56,0.9655,159,0.55,0.9482,353,0.56,0.9655,1,0.555,0.9568,300,0
SPY190724P296,2019-07-22,2019-07-22 09:41:59,0.56,0.9655,159,0.55,0.9482,665,0.56,0.9655,1,0.555,0.9568,300,0
SPY190724P296,2019-07-22,2019-07-22 09:42:00,0.56,0.9655,1,0.55,0.9482,1266,0.56,0.9655,1,0.555,0.9568,300,0
SPY190724P296,2019-07-22,2019-07-22 09:42:00,0.56,0.9655,1,0.55,0.9482,318,0.56,0.9655,1,0.555,0.9568,300,0
SPY190724P296,2019-07-22,2019-07-22 09:42:01,0.56,0.9655,1,0.55,0.9482,1567,0.56,0.9655,1,0.555,0.9568,300,0
SPY190724P296,2019-07-22,2019-07-22 09:42:02,0.56,0.9655,5,0.55,0.9482,506,0.56,0.9655,1,0.555,0.9568,300,0
SPY190724P296,2019-07-22,2019-07-22 09:42:02,0.56,0.9655,1,0.55,0.9482,1176,0.56,0.9655,1,0.555,0.9568,300,0
SPY190724P296,2019-07-22,2019-07-22 09:42:03,0.56,0.9655,51,0.55,0.9482,787,0.56,0.9655,1,0.555,0.9568,300,0
SPY190724P296,2019-07-22,2019-07-22 09:42:03,0.56,0.9655,162,0.55,0.9482,716,0.56,0.9655,1,0.555,0.9568,300,0
SPY190724P296,2019-07-22,2019-07-22 09:42:04,0.56,0.9655,25,0.55,0.9482,1109,0.56,0.9655,1,0.555,0.9568,300,0
SPY190724P296,2019-07-22,2019-07-22 09:42:04,0.56,0.9655,25,0.55,0.9482,981,0.56,0.9655,1,0.555,0.9568,300,0
SPY190724P296,2019-07-22,2019-07-22 09:42:05,0.56,0.9655,25,0.55,0.9482,1992,0.56,0.9655,1,0.555,0.9568,300,0
SPY190724P296,2019-07-22,2019-07-22 09:42:05,0.56,0.9655,25,0.55,0.9482,1010,0.56,0.9655,1,0.555,0.9568,300,0
SPY190724P296,2019-07-22,2019-07-22 09:42:06,0.56,0.9655,25,0.55,0.9482,1144,0.56,0.9655,1,0.555,0.9568,300,0
SPY190724P296,2019-07-22,2019-07-22 09:42:07,0.56,0.9655,25,0.55,0.9482,1084,0.56,0.9655,1,0.555,0.9568,300,0
SPY190724P296,2019-07-22,2019-07-22 09:42:07,0.56,0.9655,25,0.55,0.9482,1387,0.56,0.9655,1,0.555,0.9568,300,0
SPY190724P296,2019-07-22,2019-07-22 09:42:08,0.56,0.9655,5,0.55,0.9482,933,0.56,0.9655,1,0.555,0.9568,300,0
SPY190724P296,2019-07-22,2019-07-22 09:42:08,0.56,0.9655,25,0.55,0.9482,1334,0.56,0.9655,1,0.555,0.9568,300,0
SPY190724P296,2019-07-22,2019-07-22 09:42:09,0.56,0.9655,5,0.55,0.9482,940,0.56,0.9655,1,0.555,0.9568,300,0
SPY190724P296,2019-07-22,2019-07-22 09:42:09,0.56,0.9655,5,0.55,0.9482,933,0.56,0.9655,1,0.555,0.9568,300,0
SPY190724P296,2019-07-22,2019-07-22 09:42:10,0.56,0.9655,1,0.55,0.9482,940,0.56,0.9655,1,0.555,0.9568,300,0
SPY190724P296,2019-07-22,2019-07-22 09:42:11,0.56,0.9655,5,0.55,0.9482,742,0.56,0.9655,1,0.555,0.9568,300,0
SPY190724P296,2019-07-22,2019-07-22 09:42:11,0.56,0.9655,1,0.55,0.9482,1242,0.56,0.9655,1,0.555,0.9568,300,0
SPY190724P296,2019-07-22,2019-07-22 09:42:12,0.56,0.9655,1,0.55,0.9482,502,0.56,0.9655,1,0.555,0.9568,300,0
SPY190724P296,2019-07-22,2019-07-22 09:42:12,0.56,0.9655,138,0.54,0.931,139,0.56,0.9655,1,0.55,0.9482,300,0
SPY190724P296,2019-07-22,2019-07-22 09:42:13,0.55,0.9482,5,0.54,0.931,933,0.56,0.9655,1,0.545,0.9396,300,0
SPY190724P296,2019-07-22,2019-07-22 09:42:14,0.56,0.9655,602,0.54,0.931,416,0.56,0.9655,1,0.55,0.9482,300,0
SPY190724P296,2019-07-22,2019-07-22 09:42:15,0.56,0.9655,831,0.54,0.931,933,0.56,0.9655,1,0.55,0.9482,300,0
SPY190724P296,2019-07-22,2019-07-22 09:42:15,0.56,0.9655,387,0.54,0.931,563,0.56,0.9655,1,0.55,0.9482,300,0
SPY190724P296,2019-07-22,2019-07-22 09:42:16,0.56,0.9655,353,0.55,0.9482,121,0.55,0.9482,20,0.555,0.9568,320,20
SPY190724P296,2019-07-22,2019-07-22 09:42:16,0.56,0.9655,351,0.55,0.9482,121,0.55,0.9482,20,0.555,0.9568,320,0
SPY190724P296,2019-07-22,2019-07-22 09:42:17,0.56,0.9655,351,0.55,0.9482,120,0.55,0.9482,1,0.555,0.9568,321,1
SPY190724P296,2019-07-22,2019-07-22 09:42:17,0.56,0.9655,351,0.55,0.9482,116,0.55,0.9482,1,0.555,0.9568,321,0
SPY190724P296,2019-07-22,2019-07-22 09:42:18,0.56,0.9655,428,0.55,0.9482,116,0.55,0.9482,1,0.555,0.9568,321,0
SPY190724P296,2019-07-22,2019-07-22 09:42:19,0.56,0.9655,428,0.55,0.9482,116,0.55,0.9482,1,0.555,0.9568,321,0
SPY190724P296,2019-07-22,2019-07-22 09:42:20,0.56,0.9655,423,0.55,0.9482,116,0.55,0.9482,1,0.555,0.9568,321,0
SPY190724P296,2019-07-22,2019-07-22 09:42:20,0.56,0.9655,423,0.55,0.9482,169,0.55,0.9482,1,0.555,0.9568,321,0
SPY190724P296,2019-07-22,2019-07-22 09:42:21,0.56,0.9655,423,0.55,0.9482,121,0.55,0.9482,1,0.555,0.9568,321,0
SPY190724P296,2019-07-22,2019-07-22 09:42:21,0.56,0.9655,423,0.55,0.9482,160,0.55,0.9482,1,0.555,0.9568,321,0
SPY190724P296,2019-07-22,2019-07-22 09:42:22,0.56,0.9655,21,0.55,0.9482,1036,0.55,0.9482,1,0.555,0.9568,321,0
SPY190724P296,2019-07-22,2019-07-22 09:42:23,0.56,0.9655,60,0.55,0.9482,878,0.55,0.9482,1,0.555,0.9568,321,0
SPY190724P296,2019-07-22,2019-07-22 09:42:23,0.56,0.9655,21,0.55,0.9482,878,0.55,0.9482,1,0.555,0.9568,321,0
SPY190724P296,2019-07-22,2019-07-22 09:42:24,0.56,0.9655,2,0.55,0.9482,1257,0.55,0.9482,3,0.555,0.9568,324,0
SPY190724P296,2019-07-22,2019-07-22 09:42:24,0.56,0.9655,2,0.55,0.9482,1257,0.55,0.9482,3,0.555,0.9568,324,3
SPY190724P296,2019-07-22,2019-07-22 09:42:25,0.56,0.9655,2,0.55,0.9482,1257,0.55,0.9482,3,0.555,0.9568,324,0
SPY190724P296,2019-07-22,2019-07-22 09:42:26,0.56,0.9655,2,0.55,0.9482,1256,0.55,0.9482,3,0.555,0.9568,324,0
SPY190724P296,2019-07-22,2019-07-22 09:42:27,0.56,0.9655,2,0.55,0.9482,1229,0.55,0.9482,3,0.555,0.9568,324,0
SPY190724P296,2019-07-22,2019-07-22 09:42:27,0.56,0.9655,2,0.55,0.9482,1256,0.55,0.9482,3,0.555,0.9568,324,0
SPY190724P296,2019-07-22,2019-07-22 09:42:28,0.56,0.9655,2,0.55,0.9482,1787,0.55,0.9482,3,0.555,0.9568,324,0
SPY190724P296,2019-07-22,2019-07-22 09:42:28,0.56,0.9655,2,0.55,0.9482,1416,0.55,0.9482,3,0.555,0.9568,324,0
SPY190724P296,2019-07-22,2019-07-22 09:42:29,0.56,0.9655,2,0.55,0.9482,2074,0.55,0.9482,3,0.555,0.9568,324,0
SPY190724P296,2019-07-22,2019-07-22 09:42:29,0.56,0.9655,2,0.55,0.9482,1787,0.55,0.9482,3,0.555,0.9568,324,0
SPY190724P296,2019-07-22,2019-07-22 09:42:30,0.56,0.9655,2,0.55,0.9482,1344,0.55,0.9482,3,0.555,0.9568,324,0
SPY190724P296,2019-07-22,2019-07-22 09:42:31,0.56,0.9655,2,0.55,0.9482,1660,0.55,0.9482,3,0.555,0.9568,324,0
SPY190724P296,2019-07-22,2019-07-22 09:42:31,0.56,0.9655,2,0.55,0.9482,1581,0.55,0.9482,3,0.555,0.9568,324,0
SPY190724P296,2019-07-22,2019-07-22 09:42:32,0.57,0.9827,203,0.56,0.9655,1265,0.56,0.9655,2,0.565,0.9741,326,2
SPY190724P296,2019-07-22,2019-07-22 09:42:33,0.57,0.9827,134,0.56,0.9655,815,0.56,0.9655,2,0.565,0.9741,326,0
SPY190724P296,2019-07-22,2019-07-22 09:42:33,0.57,0.9827,134,0.56,0.9655,1358,0.56,0.9655,2,0.565,0.9741,326,0
SPY190724P296,2019-07-22,2019-07-22 09:42:34,0.57,0.9827,134,0.56,0.9655,1456,0.56,0.9655,2,0.565,0.9741,326,0
SPY190724P296,2019-07-22,2019-07-22 09:42:34,0.57,0.9827,134,0.56,0.9655,727,0.56,0.9655,2,0.565,0.9741,326,0
SPY190724P296,2019-07-22,2019-07-22 09:42:35,0.57,0.9827,134,0.56,0.9655,1439,0.56,0.9655,2,0.565,0.9741,326,0
SPY190724P296,2019-07-22,2019-07-22 09:42:36,0.57,0.9827,134,0.56,0.9655,1439,0.56,0.9655,2,0.565,0.9741,326,0
SPY190724P296,2019-07-22,2019-07-22 09:42:37,0.57,0.9827,583,0.56,0.9655,128,0.56,0.9655,2,0.565,0.9741,326,0
SPY190724P296,2019-07-22,2019-07-22 09:42:37,0.57,0.9827,1326,0.55,0.9482,1313,0.56,0.9655,2,0.56,0.9655,326,0
SPY190724P296,2019-07-22,2019-07-22 09:42:38,0.56,0.9655,5,0.55,0.9482,549,0.56,0.9655,2,0.555,0.9568,326,0
SPY190724P296,2019-07-22,2019-07-22 09:42:38,0.57,0.9827,1216,0.56,0.9655,5,0.56,0.9655,2,0.565,0.9741,326,0
SPY190724P296,2019-07-22,2019-07-22 09:42:39,0.56,0.9655,182,0.55,0.9482,747,0.56,0.9655,2,0.555,0.9568,326,0
SPY190724P296,2019-07-22,2019-07-22 09:42:40,0.56,0.9655,182,0.55,0.9482,1453,0.56,0.9655,2,0.555,0.9568,326,0
SPY190724P296,2019-07-22,2019-07-22 09:42:40,0.56,0.9655,6,0.55,0.9482,1065,0.56,0.9655,2,0.555,0.9568,326,0
SPY190724P296,2019-07-22,2019-07-22 09:42:41,0.56,0.9655,240,0.55,0.9482,322,0.56,0.9655,2,0.555,0.9568,326,0
SPY190724P296,2019-07-22,2019-07-22 09:42:42,0.56,0.9655,398,0.54,0.931,598,0.56,0.9655,2,0.55,0.9482,326,0
SPY190724P296,2019-07-22,2019-07-22 09:42:42,0.56,0.9655,278,0.55,0.9482,270,0.56,0.9655,2,0.555,0.9568,326,0
SPY190724P296,2019-07-22,2019-07-22 09:42:43,0.55,0.9482,6,0.54,0.931,369,0.56,0.9655,2,0.545,0.9396,326,0
SPY190724P296,2019-07-22,2019-07-22 09:42:43,0.55,0.9482,6,0.54,0.931,718,0.56,0.9655,2,0.545,0.9396,326,0
SPY190724P296,2019-07-22,2019-07-22 09:42:44,0.55,0.9482,602,0.53,0.9137,1404,0.56,0.9655,2,0.54,0.931,326,0
SPY190724P296,2019-07-22,2019-07-22 09:42:45,0.54,0.931,5,0.53,0.9137,1404,0.56,0.9655,2,0.535,0.9224,326,0
SPY190724P296,2019-07-22,2019-07-22 09:42:45,0.54,0.931,5,0.54,0.931,150,0.56,0.9655,2,0.54,0.931,326,0
SPY190724P296,2019-07-22,2019-07-22 09:42:46,0.54,0.931,13,0.53,0.9137,1094,0.56,0.9655,2,0.535,0.9224,326,0
SPY190724P296,2019-07-22,2019-07-22 09:42:46,0.54,0.931,298,0.53,0.9137,270,0.56,0.9655,2,0.535,0.9224,326,0
SPY190724P296,2019-07-22,2019-07-22 09:42:47,0.54,0.931,194,0.53,0.9137,506,0.56,0.9655,2,0.535,0.9224,326,0
SPY190724P296,2019-07-22,2019-07-22 09:42:47,0.54,0.931,194,0.53,0.9137,285,0.56,0.9655,2,0.535,0.9224,326,0
SPY190724P296,2019-07-22,2019-07-22 09:42:48,0.54,0.931,194,0.53,0.9137,732,0.56,0.9655,2,0.535,0.9224,326,0
SPY190724P296,2019-07-22,2019-07-22 09:42:49,0.54,0.931,194,0.53,0.9137,463,0.56,0.9655,2,0.535,0.9224,326,0
SPY190724P296,2019-07-22,2019-07-22 09:42:49,0.54,0.931,194,0.53,0.9137,1381,0.56,0.9655,2,0.535,0.9224,326,0
SPY190724P296,2019-07-22,2019-07-22 09:42:50,0.54,0.931,194,0.53,0.9137,150,0.56,0.9655,2,0.535,0.9224,326,0
SPY190724P296,2019-07-22,2019-07-22 09:42:50,0.54,0.931,298,0.53,0.9137,150,0.56,0.9655,2,0.535,0.9224,326,0
SPY190724P296,2019-07-22,2019-07-22 09:42:51,0.54,0.931,115,0.53,0.9137,283,0.56,0.9655,2,0.535,0.9224,326,0
SPY190724P296,2019-07-22,2019-07-22 09:42:51,0.54,0.931,541,0.53,0.9137,77,0.56,0.9655,2,0.535,0.9224,326,0
SPY190724P296,2019-07-22,2019-07-22 09:42:52,0.54,0.931,5,0.53,0.9137,1055,0.56,0.9655,2,0.535,0.9224,326,0
SPY190724P296,2019-07-22,2019-07-22 09:42:52,0.54,0.931,119,0.53,0.9137,1026,0.56,0.9655,2,0.535,0.9224,326,0
SPY190724P296,2019-07-22,2019-07-22 09:42:53,0.55,0.9482,674,0.53,0.9137,1370,0.56,0.9655,2,0.54,0.931,326,0
SPY190724P296,2019-07-22,2019-07-22 09:42:53,0.54,0.931,36,0.53,0.9137,914,0.56,0.9655,2,0.535,0.9224,326,0
SPY190724P296,2019-07-22,2019-07-22 09:42:54,0.54,0.931,176,0.53,0.9137,914,0.56,0.9655,2,0.535,0.9224,326,0
SPY190724P296,2019-07-22,2019-07-22 09:42:55,0.54,0.931,408,0.52,0.8965,781,0.56,0.9655,2,0.53,0.9137,326,0
SPY190724P296,2019-07-22,2019-07-22 09:42:55,0.54,0.931,960,0.52,0.8965,781,0.56,0.9655,2,0.53,0.9137,326,0
SPY190724P296,2019-07-22,2019-07-22 09:42:56,0.53,0.9137,5,0.52,0.8965,1834,0.56,0.9655,2,0.525,0.9051,326,0
SPY190724P296,2019-07-22,2019-07-22 09:42:56,0.54,0.931,1070,0.52,0.8965,1834,0.56,0.9655,2,0.53,0.9137,326,0
SPY190724P296,2019-07-22,2019-07-22 09:42:57,0.54,0.931,294,0.53,0.9137,142,0.56,0.9655,2,0.535,0.9224,326,0
SPY190724P296,2019-07-22,2019-07-22 09:42:57,0.54,0.931,807,0.53,0.9137,7,0.56,0.9655,2,0.535,0.9224,326,0
SPY190724P296,2019-07-22,2019-07-22 09:42:58,0.54,0.931,545,0.53,0.9137,115,0.56,0.9655,2,0.535,0.9224,326,0
SPY190724P296,2019-07-22,2019-07-22 09:42:59,0.54,0.931,362,0.53,0.9137,115,0.56,0.9655,2,0.535,0.9224,326,0
SPY190724P296,2019-07-22,2019-07-22 09:42:59,0.54,0.931,878,0.53,0.9137,128,0.56,0.9655,2,0.535,0.9224,326,0
SPY190724P296,2019-07-22,2019-07-22 09:43:00,0.54,0.931,67,0.53,0.9137,97,0.56,0.9655,2,0.535,0.9224,326,0
SPY190724P296,2019-07-22,2019-07-22 09:43:00,0.54,0.931,164,0.53,0.9137,128,0.56,0.9655,2,0.535,0.9224,326,0
SPY190724P296,2019-07-22,2019-07-22 09:43:01,0.54,0.931,297,0.53,0.9137,161,0.56,0.9655,2,0.535,0.9224,326,0
SPY190724P296,2019-07-22,2019-07-22 09:43:01,0.54,0.931,519,0.53,0.9137,115,0.56,0.9655,2,0.535,0.9224,326,0
SPY190724P296,2019-07-22,2019-07-22 09:43:02,0.54,0.931,342,0.53,0.9137,156,0.56,0.9655,2,0.535,0.9224,326,0
SPY190724P296,2019-07-22,2019-07-22 09:43:03,0.54,0.931,190,0.53,0.9137,1182,0.56,0.9655,2,0.535,0.9224,326,0
SPY190724P296,2019-07-22,2019-07-22 09:43:03,0.54,0.931,190,0.53,0.9137,156,0.56,0.9655,2,0.535,0.9224,326,0
SPY190724P296,2019-07-22,2019-07-22 09:43:04,0.54,0.931,190,0.53,0.9137,483,0.56,0.9655,2,0.535,0.9224,326,0
SPY190724P296,2019-07-22,2019-07-22 09:43:04,0.54,0.931,209,0.53,0.9137,483,0.56,0.9655,2,0.535,0.9224,326,0
SPY190724P296,2019-07-22,2019-07-22 09:43:05,0.54,0.931,1164,0.53,0.9137,114,0.56,0.9655,2,0.535,0.9224,326,0
SPY190724P296,2019-07-22,2019-07-22 09:43:06,0.54,0.931,1164,0.53,0.9137,77,0.56,0.9655,2,0.535,0.9224,326,0
SPY190724P296,2019-07-22,2019-07-22 09:43:07,0.53,0.9137,5,0.52,0.8965,1700,0.56,0.9655,2,0.525,0.9051,326,0
SPY190724P296,2019-07-22,2019-07-22 09:43:07,0.54,0.931,1131,0.53,0.9137,77,0.56,0.9655,2,0.535,0.9224,326,0
SPY190724P296,2019-07-22,2019-07-22 09:43:08,0.53,0.9137,5,0.52,0.8965,1680,0.56,0.9655,2,0.525,0.9051,326,0
SPY190724P296,2019-07-22,2019-07-22 09:43:08,0.53,0.9137,5,0.52,0.8965,1782,0.56,0.9655,2,0.525,0.9051,326,0
SPY190724P296,2019-07-22,2019-07-22 09:43:09,0.53,0.9137,5,0.52,0.8965,1511,0.56,0.9655,2,0.525,0.9051,326,0
SPY190724P296,2019-07-22,2019-07-22 09:43:09,0.53,0.9137,5,0.52,0.8965,1393,0.56,0.9655,2,0.525,0.9051,326,0
SPY190724P296,2019-07-22,2019-07-22 09:43:10,0.53,0.9137,5,0.52,0.8965,1907,0.56,0.9655,2,0.525,0.9051,326,0
SPY190724P296,2019-07-22,2019-07-22 09:43:11,0.54,0.931,235,0.52,0.8965,1393,0.56,0.9655,2,0.53,0.9137,326,0
SPY190724P296,2019-07-22,2019-07-22 09:43:12,0.54,0.931,204,0.53,0.9137,1206,0.56,0.9655,2,0.535,0.9224,326,0
SPY190724P296,2019-07-22,2019-07-22 09:43:12,0.54,0.931,100,0.53,0.9137,652,0.56,0.9655,2,0.535,0.9224,326,0
SPY190724P296,2019-07-22,2019-07-22 09:43:13,0.54,0.931,554,0.53,0.9137,117,0.56,0.9655,2,0.535,0.9224,326,0
SPY190724P296,2019-07-22,2019-07-22 09:43:13,0.54,0.931,61,0.53,0.9137,891,0.56,0.9655,2,0.535,0.9224,326,0
SPY190724P296,2019-07-22,2019-07-22 09:43:14,0.54,0.931,313,0.53,0.9137,128,0.56,0.9655,2,0.535,0.9224,326,0
SPY190724P296,2019-07-22,2019-07-22 09:43:14,0.54,0.931,313,0.53,0.9137,190,0.56,0.9655,2,0.535,0.9224,326,0
SPY190724P296,2019-07-22,2019-07-22 09:43:15,0.54,0.931,376,0.53,0.9137,70,0.56,0.9655,2,0.535,0.9224,326,0
SPY190724P296,2019-07-22,2019-07-22 09:43:15,0.54,0.931,823,0.53,0.9137,76,0.56,0.9655,2,0.535,0.9224,326,0
SPY190724P296,2019-07-22,2019-07-22 09:43:16,0.54,0.931,504,0.53,0.9137,126,0.56,0.9655,2,0.535,0.9224,326,0
SPY190724P296,2019-07-22,2019-07-22 09:43:17,0.54,0.931,354,0.53,0.9137,126,0.56,0.9655,2,0.535,0.9224,326,0
SPY190724P296,2019-07-22,2019-07-22 09:43:17,0.54,0.931,266,0.53,0.9137,972,0.56,0.9655,2,0.535,0.9224,326,0
SPY190724P296,2019-07-22,2019-07-22 09:43:18,0.54,0.931,190,0.53,0.9137,1468,0.56,0.9655,2,0.535,0.9224,326,0
SPY190724P296,2019-07-22,2019-07-22 09:43:18,0.54,0.931,190,0.53,0.9137,1122,0.56,0.9655,2,0.535,0.9224,326,0
SPY190724P296,2019-07-22,2019-07-22 09:43:19,0.54,0.931,190,0.53,0.9137,1492,0.56,0.9655,2,0.535,0.9224,326,0
SPY190724P296,2019-07-22,2019-07-22 09:43:19,0.54,0.931,190,0.53,0.9137,1468,0.56,0.9655,2,0.535,0.9224,326,0
SPY190724P296,2019-07-22,2019-07-22 09:43:20,0.54,0.931,31,0.53,0.9137,1492,0.56,0.9655,2,0.535,0.9224,326,0
SPY190724P296,2019-07-22,2019-07-22 09:43:20,0.54,0.931,176,0.53,0.9137,1572,0.56,0.9655,2,0.535,0.9224,326,0
SPY190724P296,2019-07-22,2019-07-22 09:43:21,0.54,0.931,204,0.53,0.9137,1492,0.56,0.9655,2,0.535,0.9224,326,0
SPY190724P296,2019-07-22,2019-07-22 09:43:22,0.54,0.931,176,0.53,0.9137,1492,0.56,0.9655,2,0.535,0.9224,326,0
SPY190724P296,2019-07-22,2019-07-22 09:43:22,0.55,0.9482,385,0.54,0.931,203,0.56,0.9655,2,0.545,0.9396,326,0
SPY190724P296,2019-07-22,2019-07-22 09:43:23,0.55,0.9482,298,0.54,0.931,354,0.56,0.9655,2,0.545,0.9396,326,0
SPY190724P296,2019-07-22,2019-07-22 09:43:23,0.55,0.9482,298,0.54,0.931,648,0.56,0.9655,2,0.545,0.9396,326,0
SPY190724P296,2019-07-22,2019-07-22 09:43:24,0.55,0.9482,246,0.54,0.931,150,0.56,0.9655,2,0.545,0.9396,326,0
SPY190724P296,2019-07-22,2019-07-22 09:43:24,0.55,0.9482,298,0.54,0.931,213,0.56,0.9655,2,0.545,0.9396,326,0
SPY190724P296,2019-07-22,2019-07-22 09:43:25,0.55,0.9482,246,0.54,0.931,123,0.56,0.9655,2,0.545,0.9396,326,0
SPY190724P296,2019-07-22,2019-07-22 09:43:26,0.55,0.9482,246,0.54,0.931,70,0.56,0.9655,2,0.545,0.9396,326,0
SPY190724P296,2019-07-22,2019-07-22 09:43:26,0.54,0.931,5,0.53,0.9137,400,0.56,0.9655,2,0.535,0.9224,326,0
SPY190724P296,2019-07-22,2019-07-22 09:43:27,0.54,0.931,276,0.53,0.9137,487,0.56,0.9655,2,0.535,0.9224,326,0
SPY190724P296,2019-07-22,2019-07-22 09:43:27,0.54,0.931,204,0.53,0.9137,487,0.56,0.9655,2,0.535,0.9224,326,0
SPY190724P296,2019-07-22,2019-07-22 09:43:28,0.54,0.931,190,0.53,0.9137,1025,0.56,0.9655,2,0.535,0.9224,326,0
SPY190724P296,2019-07-22,2019-07-22 09:43:28,0.54,0.931,190,0.53,0.9137,400,0.56,0.9655,2,0.535,0.9224,326,0
SPY190724P296,2019-07-22,2019-07-22 09:43:29,0.55,0.9482,542,0.53,0.9137,1689,0.56,0.9655,2,0.54,0.931,326,0
SPY190724P296,2019-07-22,2019-07-22 09:43:29,0.55,0.9482,173,0.53,0.9137,1605,0.56,0.9655,2,0.54,0.931,326,0
SPY190724P296,2019-07-22,2019-07-22 09:43:30,0.55,0.9482,644,0.53,0.9137,1689,0.56,0.9655,2,0.54,0.931,326,0
SPY190724P296,2019-07-22,2019-07-22 09:43:31,0.55,0.9482,801,0.54,0.931,84,0.56,0.9655,2,0.545,0.9396,326,0
SPY190724P296,2019-07-22,2019-07-22 09:43:31,0.55,0.9482,644,0.54,0.931,84,0.56,0.9655,2,0.545,0.9396,326,0
SPY190724P296,2019-07-22,2019-07-22 09:43:32,0.55,0.9482,956,0.54,0.931,84,0.56,0.9655,2,0.545,0.9396,326,0
SPY190724P296,2019-07-22,2019-07-22 09:43:33,0.55,0.9482,1596,0.54,0.931,84,0.56,0.9655,2,0.545,0.9396,326,0
SPY190724P296,2019-07-22,2019-07-22 09:43:33,0.55,0.9482,1064,0.54,0.931,71,0.56,0.9655,2,0.545,0.9396,326,0
SPY190724P296,2019-07-22,2019-07-22 09:43:34,0.55,0.9482,498,0.54,0.931,71,0.56,0.9655,2,0.545,0.9396,326,0
SPY190724P296,2019-07-22,2019-07-22 09:43:34,0.55,0.9482,664,0.53,0.9137,1590,0.56,0.9655,2,0.54,0.931,326,0
SPY190724P296,2019-07-22,2019-07-22 09:43:35,0.55,0.9482,1713,0.53,0.9137,1686,0.56,0.9655,2,0.54,0.931,326,0
SPY190724P296,2019-07-22,2019-07-22 09:43:36,0.55,0.9482,1798,0.53,0.9137,1496,0.56,0.9655,2,0.54,0.931,326,0
SPY190724P296,2019-07-22,2019-07-22 09:43:36,0.55,0.9482,1448,0.53,0.9137,1154,0.56,0.9655,2,0.54,0.931,326,0
SPY190724P296,2019-07-22,2019-07-22 09:43:37,0.55,0.9482,1312,0.53,0.9137,1154,0.56,0.9655,2,0.54,0.931,326,0
SPY190724P296,2019-07-22,2019-07-22 09:43:37,0.55,0.9482,1610,0.53,0.9137,1127,0.56,0.9655,2,0.54,0.931,326,0
SPY190724P296,2019-07-22,2019-07-22 09:43:38,0.55,0.9482,1798,0.53,0.9137,1232,0.56,0.9655,2,0.54,0.931,326,0
SPY190724P296,2019-07-22,2019-07-22 09:43:39,0.55,0.9482,1798,0.53,0.9137,1471,0.56,0.9655,2,0.54,0.931,326,0
SPY190724P296,2019-07-22,2019-07-22 09:43:39,0.55,0.9482,1798,0.53,0.9137,1256,0.56,0.9655,2,0.54,0.931,326,0
SPY190724P296,2019-07-22,2019-07-22 09:43:40,0.54,0.931,18,0.53,0.9137,1497,0.56,0.9655,2,0.535,0.9224,326,0
SPY190724P296,2019-07-22,2019-07-22 09:43:41,0.54,0.931,5,0.53,0.9137,1483,0.56,0.9655,2,0.535,0.9224,326,0
SPY190724P296,2019-07-22,2019-07-22 09:43:42,0.54,0.931,5,0.53,0.9137,1497,0.56,0.9655,2,0.535,0.9224,326,0
SPY190724P296,2019-07-22,2019-07-22 09:43:42,0.54,0.931,5,0.53,0.9137,1483,0.56,0.9655,2,0.535,0.9224,326,0
SPY190724P296,2019-07-22,2019-07-22 09:43:43,0.54,0.931,5,0.53,0.9137,1684,0.56,0.9655,2,0.535,0.9224,326,0
SPY190724P296,2019-07-22,2019-07-22 09:43:43,0.55,0.9482,1146,0.53,0.9137,1693,0.56,0.9655,2,0.54,0.931,326,0
SPY190724P296,2019-07-22,2019-07-22 09:43:44,0.55,0.9482,310,0.54,0.931,742,0.56,0.9655,2,0.545,0.9396,326,0
SPY190724P296,2019-07-22,2019-07-22 09:43:44,0.55,0.9482,1043,0.53,0.9137,1693,0.56,0.9655,2,0.54,0.931,326,0
SPY190724P296,2019-07-22,2019-07-22 09:43:45,0.55,0.9482,356,0.54,0.931,186,0.56,0.9655,2,0.545,0.9396,326,0
SPY190724P296,2019-07-22,2019-07-22 09:43:45,0.55,0.9482,356,0.54,0.931,214,0.56,0.9655,2,0.545,0.9396,326,0
SPY190724P296,2019-07-22,2019-07-22 09:43:46,0.55,0.9482,371,0.53,0.9137,569,0.56,0.9655,2,0.54,0.931,326,0
SPY190724P296,2019-07-22,2019-07-22 09:43:47,0.54,0.931,100,0.53,0.9137,1108,0.56,0.9655,2,0.535,0.9224,326,0
SPY190724P296,2019-07-22,2019-07-22 09:43:47,0.55,0.9482,719,0.54,0.931,156,0.56,0.9655,2,0.545,0.9396,326,0
SPY190724P296,2019-07-22,2019-07-22 09:43:48,0.55,0.9482,722,0.53,0.9137,962,0.56,0.9655,2,0.54,0.931,326,0
SPY190724P296,2019-07-22,2019-07-22 09:43:48,0.55,0.9482,326,0.54,0.931,150,0.56,0.9655,2,0.545,0.9396,326,0
SPY190724P296,2019-07-22,2019-07-22 09:43:49,0.55,0.9482,382,0.54,0.931,150,0.56,0.9655,2,0.545,0.9396,326,0
SPY190724P296,2019-07-22,2019-07-22 09:43:49,0.55,0.9482,382,0.54,0.931,84,0.56,0.9655,2,0.545,0.9396,326,0
SPY190724P296,2019-07-22,2019-07-22 09:43:50,0.55,0.9482,285,0.54,0.931,167,0.56,0.9655,2,0.545,0.9396,326,0
SPY190724P296,2019-07-22,2019-07-22 09:43:51,0.55,0.9482,1270,0.54,0.931,101,0.56,0.9655,2,0.545,0.9396,326,0
SPY190724P296,2019-07-22,2019-07-22 09:43:51,0.55,0.9482,260,0.54,0.931,101,0.56,0.9655,2,0.545,0.9396,326,0
SPY190724P296,2019-07-22,2019-07-22 09:43:52,0.55,0.9482,648,0.54,0.931,140,0.56,0.9655,2,0.545,0.9396,326,0
SPY190724P296,2019-07-22,2019-07-22 09:43:52,0.55,0.9482,782,0.54,0.931,84,0.56,0.9655,2,0.545,0.9396,326,0
SPY190724P296,2019-07-22,2019-07-22 09:43:53,0.55,0.9482,648,0.54,0.931,649,0.56,0.9655,2,0.545,0.9396,326,0
SPY190724P296,2019-07-22,2019-07-22 09:43:53,0.55,0.9482,648,0.54,0.931,489,0.56,0.9655,2,0.545,0.9396,326,0
SPY190724P296,2019-07-22,2019-07-22 09:43:54,0.55,0.9482,16,0.54,0.931,1373,0.56,0.9655,2,0.545,0.9396,326,0
SPY190724P296,2019-07-22,2019-07-22 09:43:55,0.55,0.9482,16,0.54,0.931,1675,0.56,0.9655,2,0.545,0.9396,326,0
SPY190724P296,2019-07-22,2019-07-22 09:43:55,0.55,0.9482,16,0.54,0.931,1373,0.56,0.9655,2,0.545,0.9396,326,0
SPY190724P296,2019-07-22,2019-07-22 09:43:56,0.55,0.9482,5,0.55,0.9482,70,0.55,0.9482,5,0.55,0.9482,331,5
SPY190724P296,2019-07-22,2019-07-22 09:43:56,0.56,0.9655,1095,0.55,0.9482,70,0.55,0.9482,5,0.555,0.9568,331,0
SPY190724P296,2019-07-22,2019-07-22 09:43:57,0.56,0.9655,1221,0.55,0.9482,70,0.55,0.9482,5,0.555,0.9568,331,0
SPY190724P296,2019-07-22,2019-07-22 09:43:57,0.56,0.9655,1172,0.55,0.9482,70,0.55,0.9482,5,0.555,0.9568,331,0
SPY190724P296,2019-07-22,2019-07-22 09:43:58,0.56,0.9655,1172,0.55,0.9482,70,0.55,0.9482,5,0.555,0.9568,336,5
SPY190724P296,2019-07-22,2019-07-22 09:43:59,0.56,0.9655,906,0.55,0.9482,70,0.55,0.9482,5,0.555,0.9568,336,0
SPY190724P296,2019-07-22,2019-07-22 09:43:59,0.56,0.9655,1172,0.55,0.9482,70,0.55,0.9482,5,0.555,0.9568,336,0
SPY190724P296,2019-07-22,2019-07-22 09:44:00,0.56,0.9655,1172,0.55,0.9482,70,0.55,0.9482,5,0.555,0.9568,336,0
SPY190724P296,2019-07-22,2019-07-22 09:44:00,0.56,0.9655,906,0.55,0.9482,70,0.55,0.9482,5,0.555,0.9568,336,0
SPY190724P296,2019-07-22,2019-07-22 09:44:01,0.55,0.9482,5,0.54,0.931,816,0.55,0.9482,5,0.545,0.9396,336,0
SPY190724P296,2019-07-22,2019-07-22 09:44:01,0.55,0.9482,15,0.54,0.931,1050,0.55,0.9482,5,0.545,0.9396,336,0
SPY190724P296,2019-07-22,2019-07-22 09:44:02,0.56,0.9655,17,0.55,0.9482,441,0.55,0.9482,5,0.555,0.9568,336,0
SPY190724P296,2019-07-22,2019-07-22 09:44:03,0.56,0.9655,204,0.54,0.931,826,0.55,0.9482,5,0.55,0.9482,336,0
SPY190724P296,2019-07-22,2019-07-22 09:44:03,0.55,0.9482,16,0.54,0.931,336,0.55,0.9482,5,0.545,0.9396,336,0
SPY190724P296,2019-07-22,2019-07-22 09:44:04,0.55,0.9482,52,0.54,0.931,244,0.55,0.9482,5,0.545,0.9396,336,0
SPY190724P296,2019-07-22,2019-07-22 09:44:04,0.55,0.9482,5,0.54,0.931,689,0.55,0.9482,5,0.545,0.9396,336,0
SPY190724P296,2019-07-22,2019-07-22 09:44:05,0.55,0.9482,583,0.53,0.9137,1440,0.55,0.9482,5,0.54,0.931,336,0
SPY190724P296,2019-07-22,2019-07-22 09:44:05,0.55,0.9482,869,0.53,0.9137,1618,0.55,0.9482,5,0.54,0.931,336,0
SPY190724P296,2019-07-22,2019-07-22 09:44:06,0.55,0.9482,57,0.54,0.931,7,0.55,0.9482,5,0.545,0.9396,336,0
SPY190724P296,2019-07-22,2019-07-22 09:44:06,0.55,0.9482,869,0.54,0.931,7,0.55,0.9482,5,0.545,0.9396,336,0
SPY190724P296,2019-07-22,2019-07-22 09:44:07,0.55,0.9482,204,0.54,0.931,489,0.55,0.9482,5,0.545,0.9396,336,0
SPY190724P296,2019-07-22,2019-07-22 09:44:08,0.55,0.9482,176,0.54,0.931,1139,0.55,0.9482,5,0.545,0.9396,336,0
SPY190724P296,2019-07-22,2019-07-22 09:44:08,0.55,0.9482,204,0.54,0.931,1139,0.55,0.9482,5,0.545,0.9396,336,0
SPY190724P296,2019-07-22,2019-07-22 09:44:09,0.56,0.9655,573,0.54,0.931,757,0.55,0.9482,5,0.55,0.9482,336,0
SPY190724P296,2019-07-22,2019-07-22 09:44:09,0.55,0.9482,5,0.54,0.931,1227,0.55,0.9482,5,0.545,0.9396,336,0
SPY190724P296,2019-07-22,2019-07-22 09:44:10,0.56,0.9655,304,0.55,0.9482,1335,0.55,0.9482,5,0.555,0.9568,336,0
SPY190724P296,2019-07-22,2019-07-22 09:44:10,0.56,0.9655,304,0.55,0.9482,319,0.55,0.9482,5,0.555,0.9568,336,0
SPY190724P296,2019-07-22,2019-07-22 09:44:11,0.56,0.9655,274,0.55,0.9482,1333,0.55,0.9482,5,0.555,0.9568,336,0
SPY190724P296,2019-07-22,2019-07-22 09:44:11,0.56,0.9655,304,0.55,0.9482,1333,0.55,0.9482,5,0.555,0.9568,336,0
SPY190724P296,2019-07-22,2019-07-22 09:44:12,0.56,0.9655,331,0.55,0.9482,1200,0.55,0.9482,5,0.555,0.9568,336,0
SPY190724P296,2019-07-22,2019-07-22 09:44:13,0.56,0.9655,346,0.55,0.9482,950,0.55,0.9482,5,0.555,0.9568,336,0
SPY190724P296,2019-07-22,2019-07-22 09:44:13,0.56,0.9655,331,0.55,0.9482,1200,0.55,0.9482,5,0.555,0.9568,336,0
SPY190724P296,2019-07-22,2019-07-22 09:44:14,0.56,0.9655,274,0.55,0.9482,142,0.55,0.9482,5,0.555,0.9568,336,0
SPY190724P296,2019-07-22,2019-07-22 09:44:14,0.56,0.9655,346,0.55,0.9482,387,0.55,0.9482,5,0.555,0.9568,336,0
SPY190724P296,2019-07-22,2019-07-22 09:44:15,0.56,0.9655,274,0.55,0.9482,163,0.55,0.9482,5,0.555,0.9568,336,0
SPY190724P296,2019-07-22,2019-07-22 09:44:15,0.56,0.9655,334,0.55,0.9482,163,0.55,0.9482,5,0.555,0.9568,336,0
SPY190724P296,2019-07-22,2019-07-22 09:44:16,0.56,0.9655,786,0.55,0.9482,224,0.55,0.9482,5,0.555,0.9568,336,0
SPY190724P296,2019-07-22,2019-07-22 09:44:16,0.56,0.9655,334,0.55,0.9482,224,0.55,0.9482,5,0.555,0.9568,336,0
SPY190724P296,2019-07-22,2019-07-22 09:44:17,0.56,0.9655,1127,0.55,0.9482,117,0.55,0.9482,5,0.555,0.9568,336,0
SPY190724P296,2019-07-22,2019-07-22 09:44:18,0.56,0.9655,1571,0.55,0.9482,71,0.55,0.9482,5,0.555,0.9568,336,0
SPY190724P296,2019-07-22,2019-07-22 09:44:19,0.56,0.9655,789,0.55,0.9482,100,0.55,0.9482,5,0.555,0.9568,336,0
SPY190724P296,2019-07-22,2019-07-22 09:44:19,0.56,0.9655,592,0.55,0.9482,100,0.55,0.9482,5,0.555,0.9568,336,0
SPY190724P296,2019-07-22,2019-07-22 09:44:20,0.56,0.9655,305,0.55,0.9482,391,0.55,0.9482,5,0.555,0.9568,336,0
SPY190724P296,2019-07-22,2019-07-22 09:44:20,0.56,0.9655,305,0.55,0.9482,160,0.55,0.9482,5,0.555,0.9568,336,0
SPY190724P296,2019-07-22,2019-07-22 09:44:21,0.56,0.9655,190,0.55,0.9482,170,0.55,0.9482,2,0.555,0.9568,338,0
SPY190724P296,2019-07-22,2019-07-22 09:44:21,0.56,0.9655,260,0.55,0.9482,387,0.55,0.9482,2,0.555,0.9568,338,2
SPY190724P296,2019-07-22,2019-07-22 09:44:22,0.56,0.9655,190,0.55,0.9482,609,0.55,0.9482,2,0.555,0.9568,338,0
SPY190724P296,2019-07-22,2019-07-22 09:44:23,0.56,0.9655,190,0.55,0.9482,609,0.55,0.9482,2,0.555,0.9568,338,0
SPY190724P296,2019-07-22,2019-07-22 09:44:24,0.56,0.9655,190,0.55,0.9482,611,0.55,0.9482,2,0.555,0.9568,338,0
SPY190724P296,2019-07-22,2019-07-22 09:44:25,0.56,0.9655,190,0.55,0.9482,494,0.55,0.9482,2,0.555,0.9568,338,0
SPY190724P296,2019-07-22,2019-07-22 09:44:25,0.56,0.9655,256,0.55,0.9482,224,0.55,0.9482,2,0.555,0.9568,338,0
SPY190724P296,2019-07-22,2019-07-22 09:44:26,0.56,0.9655,140,0.54,0.931,1331,0.55,0.9482,2,0.55,0.9482,338,0
SPY190724P296,2019-07-22,2019-07-22 09:44:26,0.56,0.9655,236,0.54,0.931,1535,0.55,0.9482,2,0.55,0.9482,338,0
SPY190724P296,2019-07-22,2019-07-22 09:44:27,0.55,0.9482,17,0.54,0.931,1181,0.55,0.9482,2,0.545,0.9396,338,0
SPY190724P296,2019-07-22,2019-07-22 09:44:27,0.56,0.9655,140,0.54,0.931,1331,0.55,0.9482,2,0.55,0.9482,338,0
SPY190724P296,2019-07-22,2019-07-22 09:44:28,0.55,0.9482,114,0.54,0.931,87,0.55,0.9482,2,0.545,0.9396,338,0
SPY190724P296,2019-07-22,2019-07-22 09:44:29,0.55,0.9482,204,0.54,0.931,288,0.55,0.9482,2,0.545,0.9396,338,0
SPY190724P296,2019-07-22,2019-07-22 09:44:29,0.55,0.9482,204,0.54,0.931,440,0.55,0.9482,2,0.545,0.9396,338,0
SPY190724P296,2019-07-22,2019-07-22 09:44:30,0.55,0.9482,263,0.54,0.931,535,0.55,0.9482,2,0.545,0.9396,338,0
SPY190724P296,2019-07-22,2019-07-22 09:44:30,0.55,0.9482,204,0.54,0.931,109,0.55,0.9482,2,0.545,0.9396,338,0
SPY190724P296,2019-07-22,2019-07-22 09:44:31,0.55,0.9482,193,0.54,0.931,747,0.55,0.9482,2,0.545,0.9396,338,0
SPY190724P296,2019-07-22,2019-07-22 09:44:32,0.55,0.9482,114,0.54,0.931,1145,0.55,0.9482,2,0.545,0.9396,338,0
SPY190724P296,2019-07-22,2019-07-22 09:44:33,0.55,0.9482,114,0.54,0.931,1145,0.55,0.9482,2,0.545,0.9396,338,0
SPY190724P296,2019-07-22,2019-07-22 09:44:33,0.55,0.9482,114,0.54,0.931,841,0.55,0.9482,2,0.545,0.9396,338,0
SPY190724P296,2019-07-22,2019-07-22 09:44:34,0.55,0.9482,124,0.54,0.931,841,0.55,0.9482,2,0.545,0.9396,338,0
SPY190724P296,2019-07-22,2019-07-22 09:44:34,0.55,0.9482,124,0.54,0.931,742,0.55,0.9482,2,0.545,0.9396,338,0
SPY190724P296,2019-07-22,2019-07-22 09:44:35,0.55,0.9482,124,0.54,0.931,600,0.55,0.9482,2,0.545,0.9396,338,0
SPY190724P296,2019-07-22,2019-07-22 09:44:35,0.55,0.9482,124,0.54,0.931,742,0.55,0.9482,2,0.545,0.9396,338,0
SPY190724P296,2019-07-22,2019-07-22 09:44:36,0.55,0.9482,124,0.54,0.931,600,0.55,0.9482,2,0.545,0.9396,338,0
SPY190724P296,2019-07-22,2019-07-22 09:44:37,0.55,0.9482,124,0.54,0.931,841,0.55,0.9482,2,0.545,0.9396,338,0
SPY190724P296,2019-07-22,2019-07-22 09:44:38,0.55,0.9482,124,0.54,0.931,841,0.55,0.9482,2,0.545,0.9396,338,0
SPY190724P296,2019-07-22,2019-07-22 09:44:39,0.55,0.9482,7,0.54,0.931,1223,0.55,0.9482,2,0.545,0.9396,338,0
SPY190724P296,2019-07-22,2019-07-22 09:44:39,0.55,0.9482,114,0.54,0.931,841,0.55,0.9482,2,0.545,0.9396,338,0
SPY190724P296,2019-07-22,2019-07-22 09:44:40,0.55,0.9482,7,0.54,0.931,1223,0.55,0.9482,2,0.545,0.9396,338,0
SPY190724P296,2019-07-22,2019-07-22 09:44:41,0.56,0.9655,674,0.54,0.931,1254,0.55,0.9482,2,0.55,0.9482,338,0
SPY190724P296,2019-07-22,2019-07-22 09:44:41,0.55,0.9482,72,0.54,0.931,1387,0.55,0.9482,2,0.545,0.9396,338,0
SPY190724P296,2019-07-22,2019-07-22 09:44:42,0.56,0.9655,1151,0.54,0.931,1278,0.55,0.9482,2,0.55,0.9482,338,0
SPY190724P296,2019-07-22,2019-07-22 09:44:42,0.55,0.9482,37,0.54,0.931,1279,0.55,0.9482,2,0.545,0.9396,338,0
SPY190724P296,2019-07-22,2019-07-22 09:44:43,0.55,0.9482,37,0.54,0.931,1352,0.55,0.9482,2,0.545,0.9396,338,0
SPY190724P296,2019-07-22,2019-07-22 09:44:43,0.55,0.9482,33,0.54,0.931,1352,0.55,0.9482,2,0.545,0.9396,338,0
SPY190724P296,2019-07-22,2019-07-22 09:44:44,0.56,0.9655,438,0.54,0.931,1352,0.55,0.9482,2,0.55,0.9482,338,0
SPY190724P296,2019-07-22,2019-07-22 09:44:45,0.56,0.9655,438,0.55,0.9482,114,0.55,0.9482,2,0.555,0.9568,338,0
SPY190724P296,2019-07-22,2019-07-22 09:44:45,0.56,0.9655,438,0.55,0.9482,163,0.55,0.9482,2,0.555,0.9568,338,0
SPY190724P296,2019-07-22,2019-07-22 09:44:46,0.55,0.9482,6,0.54,0.931,1329,0.55,0.9482,2,0.545,0.9396,338,0
SPY190724P296,2019-07-22,2019-07-22 09:44:46,0.56,0.9655,438,0.55,0.9482,61,0.55,0.9482,2,0.555,0.9568,338,0
SPY190724P296,2019-07-22,2019-07-22 09:44:47,0.55,0.9482,7,0.54,0.931,1247,0.55,0.9482,2,0.545,0.9396,338,0
SPY190724P296,2019-07-22,2019-07-22 09:44:47,0.55,0.9482,7,0.54,0.931,997,0.55,0.9482,2,0.545,0.9396,338,0
SPY190724P296,2019-07-22,2019-07-22 09:44:48,0.55,0.9482,7,0.54,0.931,1089,0.55,0.9482,2,0.545,0.9396,338,0
SPY190724P296,2019-07-22,2019-07-22 09:44:49,0.56,0.9655,1264,0.54,0.931,1289,0.55,0.9482,2,0.55,0.9482,338,0
SPY190724P296,2019-07-22,2019-07-22 09:44:49,0.56,0.9655,1318,0.55,0.9482,70,0.55,0.9482,2,0.555,0.9568,338,0
SPY190724P296,2019-07-22,2019-07-22 09:44:50,0.56,0.9655,1318,0.55,0.9482,112,0.55,0.9482,2,0.555,0.9568,338,0
SPY190724P296,2019-07-22,2019-07-22 09:44:50,0.56,0.9655,364,0.55,0.9482,156,0.55,0.9482,2,0.555,0.9568,338,0
SPY190724P296,2019-07-22,2019-07-22 09:44:51,0.56,0.9655,809,0.54,0.931,1353,0.55,0.9482,2,0.55,0.9482,338,0
SPY190724P296,2019-07-22,2019-07-22 09:44:51,0.56,0.9655,364,0.55,0.9482,146,0.55,0.9482,2,0.555,0.9568,338,0
SPY190724P296,2019-07-22,2019-07-22 09:44:52,0.56,0.9655,809,0.54,0.931,1582,0.55,0.9482,2,0.55,0.9482,338,0
SPY190724P296,2019-07-22,2019-07-22 09:44:52,0.56,0.9655,809,0.54,0.931,1332,0.55,0.9482,2,0.55,0.9482,338,0
SPY190724P296,2019-07-22,2019-07-22 09:44:53,0.56,0.9655,809,0.54,0.931,1308,0.55,0.9482,2,0.55,0.9482,338,0
SPY190724P296,2019-07-22,2019-07-22 09:44:54,0.55,0.9482,62,0.54,0.931,1228,0.55,0.9482,2,0.545,0.9396,338,0
SPY190724P296,2019-07-22,2019-07-22 09:44:54,0.55,0.9482,62,0.54,0.931,1311,0.55,0.9482,2,0.545,0.9396,338,0
SPY190724P296,2019-07-22,2019-07-22 09:44:55,0.55,0.9482,91,0.54,0.931,1135,0.55,0.9482,2,0.545,0.9396,338,0
SPY190724P296,2019-07-22,2019-07-22 09:44:55,0.55,0.9482,74,0.54,0.931,898,0.55,0.9482,2,0.545,0.9396,338,0
SPY190724P296,2019-07-22,2019-07-22 09:44:56,0.55,0.9482,91,0.54,0.931,1135,0.55,0.9482,2,0.545,0.9396,338,0
SPY190724P296,2019-07-22,2019-07-22 09:44:57,0.55,0.9482,6,0.54,0.931,1162,0.55,0.9482,2,0.545,0.9396,338,0
SPY190724P296,2019-07-22,2019-07-22 09:44:58,0.56,0.9655,500,0.55,0.9482,276,0.55,0.9482,2,0.555,0.9568,338,0
SPY190724P296,2019-07-22,2019-07-22 09:44:58,0.56,0.9655,999,0.54,0.931,1248,0.55,0.9482,2,0.55,0.9482,338,0
SPY190724P296,2019-07-22,2019-07-22 09:44:59,0.56,0.9655,961,0.55,0.9482,276,0.55,0.9482,2,0.555,0.9568,338,0
SPY190724P296,2019-07-22,2019-07-22 09:44:59,0.56,0.9655,304,0.55,0.9482,276,0.55,0.9482,2,0.555,0.9568,338,0
SPY190724P296,2019-07-22,2019-07-22 09:45:00,0.56,0.9655,546,0.55,0.9482,31,0.55,0.9482,2,0.555,0.9568,338,0
SPY190724P296,2019-07-22,2019-07-22 09:45:00,0.55,0.9482,31,0.55,0.9482,5,0.55,0.9482,2,0.55,0.9482,338,0
SPY190724P296,2019-07-22,2019-07-22 09:45:01,0.56,0.9655,1703,0.54,0.931,1273,0.55,0.9482,2,0.55,0.9482,338,0
SPY190724P296,2019-07-22,2019-07-22 09:45:02,0.55,0.9482,56,0.54,0.931,994,0.55,0.9482,2,0.545,0.9396,338,0
SPY190724P296,2019-07-22,2019-07-22 09:45:02,0.56,0.9655,1740,0.54,0.931,1273,0.55,0.9482,2,0.55,0.9482,338,0
SPY190724P296,2019-07-22,2019-07-22 09:45:03,0.55,0.9482,292,0.54,0.931,276,0.55,0.9482,2,0.545,0.9396,338,0
SPY190724P296,2019-07-22,2019-07-22 09:45:04,0.55,0.9482,658,0.54,0.931,276,0.55,0.9482,2,0.545,0.9396,338,0
SPY190724P296,2019-07-22,2019-07-22 09:45:04,0.55,0.9482,522,0.54,0.931,276,0.55,0.9482,2,0.545,0.9396,338,0
SPY190724P296,2019-07-22,2019-07-22 09:45:05,0.54,0.931,153,0.53,0.9137,378,0.55,0.9482,2,0.535,0.9224,338,0
SPY190724P296,2019-07-22,2019-07-22 09:45:05,0.55,0.9482,658,0.53,0.9137,569,0.55,0.9482,2,0.54,0.931,338,0
SPY190724P296,2019-07-22,2019-07-22 09:45:06,0.54,0.931,485,0.53,0.9137,661,0.55,0.9482,2,0.535,0.9224,338,0
SPY190724P296,2019-07-22,2019-07-22 09:45:06,0.54,0.931,485,0.53,0.9137,663,0.55,0.9482,2,0.535,0.9224,338,0
SPY190724P296,2019-07-22,2019-07-22 09:45:07,0.54,0.931,485,0.53,0.9137,749,0.55,0.9482,2,0.535,0.9224,338,0
SPY190724P296,2019-07-22,2019-07-22 09:45:08,0.54,0.931,485,0.53,0.9137,749,0.55,0.9482,2,0.535,0.9224,338,0
SPY190724P296,2019-07-22,2019-07-22 09:45:09,0.54,0.931,485,0.53,0.9137,749,0.55,0.9482,2,0.535,0.9224,338,0
SPY190724P296,2019-07-22,2019-07-22 09:45:10,0.54,0.931,587,0.53,0.9137,749,0.55,0.9482,2,0.535,0.9224,338,0
SPY190724P296,2019-07-22,2019-07-22 09:45:10,0.54,0.931,485,0.53,0.9137,749,0.55,0.9482,2,0.535,0.9224,338,0
SPY190724P296,2019-07-22,2019-07-22 09:45:11,0.54,0.931,587,0.53,0.9137,749,0.55,0.9482,2,0.535,0.9224,338,0
SPY190724P296,2019-07-22,2019-07-22 09:45:11,0.54,0.931,587,0.53,0.9137,658,0.55,0.9482,2,0.535,0.9224,338,0
SPY190724P296,2019-07-22,2019-07-22 09:45:12,0.54,0.931,587,0.53,0.9137,883,0.55,0.9482,2,0.535,0.9224,338,0
SPY190724P296,2019-07-22,2019-07-22 09:45:13,0.54,0.931,587,0.53,0.9137,506,0.55,0.9482,2,0.535,0.9224,338,0
SPY190724P296,2019-07-22,2019-07-22 09:45:13,0.54,0.931,929,0.53,0.9137,861,0.55,0.9482,2,0.535,0.9224,338,0
SPY190724P296,2019-07-22,2019-07-22 09:45:14,0.54,0.931,1130,0.53,0.9137,765,0.55,0.9482,2,0.535,0.9224,338,0
SPY190724P296,2019-07-22,2019-07-22 09:45:15,0.54,0.931,1007,0.53,0.9137,861,0.55,0.9482,2,0.535,0.9224,338,0
SPY190724P296,2019-07-22,2019-07-22 09:45:15,0.54,0.931,1130,0.53,0.9137,765,0.55,0.9482,2,0.535,0.9224,338,0
SPY190724P296,2019-07-22,2019-07-22 09:45:16,0.54,0.931,934,0.53,0.9137,861,0.55,0.9482,2,0.535,0.9224,338,0
SPY190724P296,2019-07-22,2019-07-22 09:45:17,0.54,0.931,934,0.53,0.9137,861,0.55,0.9482,2,0.535,0.9224,338,0
SPY190724P296,2019-07-22,2019-07-22 09:45:17,0.54,0.931,647,0.53,0.9137,602,0.55,0.9482,2,0.535,0.9224,338,0
SPY190724P296,2019-07-22,2019-07-22 09:45:18,0.54,0.931,809,0.53,0.9137,602,0.55,0.9482,2,0.535,0.9224,338,0
SPY190724P296,2019-07-22,2019-07-22 09:45:18,0.54,0.931,809,0.53,0.9137,868,0.55,0.9482,2,0.535,0.9224,338,0
SPY190724P296,2019-07-22,2019-07-22 09:45:19,0.54,0.931,714,0.53,0.9137,868,0.55,0.9482,2,0.535,0.9224,338,0
SPY190724P296,2019-07-22,2019-07-22 09:45:20,0.54,0.931,391,0.53,0.9137,298,0.55,0.9482,2,0.535,0.9224,338,0
SPY190724P296,2019-07-22,2019-07-22 09:45:20,0.54,0.931,818,0.53,0.9137,868,0.55,0.9482,2,0.535,0.9224,338,0
SPY190724P296,2019-07-22,2019-07-22 09:45:21,0.54,0.931,1255,0.53,0.9137,365,0.55,0.9482,2,0.535,0.9224,338,0
SPY190724P296,2019-07-22,2019-07-22 09:45:21,0.54,0.931,672,0.53,0.9137,298,0.55,0.9482,2,0.535,0.9224,338,0
SPY190724P296,2019-07-22,2019-07-22 09:45:22,0.54,0.931,511,0.53,0.9137,497,0.55,0.9482,2,0.535,0.9224,338,0
SPY190724P296,2019-07-22,2019-07-22 09:45:22,0.54,0.931,964,0.53,0.9137,365,0.55,0.9482,2,0.535,0.9224,338,0
SPY190724P296,2019-07-22,2019-07-22 09:45:23,0.54,0.931,727,0.53,0.9137,286,0.55,0.9482,2,0.535,0.9224,338,0
SPY190724P296,2019-07-22,2019-07-22 09:45:23,0.54,0.931,1674,0.53,0.9137,286,0.55,0.9482,2,0.535,0.9224,338,0
SPY190724P296,2019-07-22,2019-07-22 09:45:24,0.54,0.931,977,0.53,0.9137,286,0.55,0.9482,2,0.535,0.9224,338,0
SPY190724P296,2019-07-22,2019-07-22 09:45:25,0.54,0.931,829,0.53,0.9137,286,0.55,0.9482,2,0.535,0.9224,338,0
SPY190724P296,2019-07-22,2019-07-22 09:45:25,0.54,0.931,1236,0.53,0.9137,286,0.55,0.9482,2,0.535,0.9224,338,0
SPY190724P296,2019-07-22,2019-07-22 09:45:26,0.54,0.931,982,0.53,0.9137,286,0.55,0.9482,2,0.535,0.9224,338,0
SPY190724P296,2019-07-22,2019-07-22 09:45:27,0.54,0.931,1432,0.53,0.9137,286,0.55,0.9482,2,0.535,0.9224,338,0
SPY190724P296,2019-07-22,2019-07-22 09:45:27,0.54,0.931,1432,0.53,0.9137,100,0.55,0.9482,2,0.535,0.9224,338,0
SPY190724P296,2019-07-22,2019-07-22 09:45:28,0.54,0.931,1507,0.53,0.9137,5,0.55,0.9482,2,0.535,0.9224,338,0
SPY190724P296,2019-07-22,2019-07-22 09:45:29,0.54,0.931,1507,0.53,0.9137,5,0.55,0.9482,2,0.535,0.9224,338,0
SPY190724P296,2019-07-22,2019-07-22 09:45:30,0.54,0.931,1347,0.53,0.9137,5,0.55,0.9482,2,0.535,0.9224,338,0
SPY190724P296,2019-07-22,2019-07-22 09:45:31,0.54,0.931,2179,0.53,0.9137,1,0.55,0.9482,2,0.535,0.9224,338,0
SPY190724P296,2019-07-22,2019-07-22 09:45:31,0.54,0.931,1598,0.53,0.9137,5,0.55,0.9482,2,0.535,0.9224,338,0
SPY190724P296,2019-07-22,2019-07-22 09:45:32,0.54,0.931,2179,0.53,0.9137,1,0.55,0.9482,2,0.535,0.9224,338,0
SPY190724P296,2019-07-22,2019-07-22 09:45:33,0.54,0.931,1966,0.53,0.9137,1,0.55,0.9482,2,0.535,0.9224,338,0
SPY190724P296,2019-07-22,2019-07-22 09:45:33,0.54,0.931,2179,0.53,0.9137,1,0.55,0.9482,2,0.535,0.9224,338,0
SPY190724P296,2019-07-22,2019-07-22 09:45:34,0.54,0.931,1966,0.53,0.9137,1,0.55,0.9482,2,0.535,0.9224,338,0
SPY190724P296,2019-07-22,2019-07-22 09:45:35,0.54,0.931,1380,0.53,0.9137,1,0.55,0.9482,2,0.535,0.9224,338,0
SPY190724P296,2019-07-22,2019-07-22 09:45:35,0.54,0.931,1113,0.53,0.9137,1,0.55,0.9482,2,0.535,0.9224,338,0
SPY190724P296,2019-07-22,2019-07-22 09:45:36,0.54,0.931,1801,0.53,0.9137,1,0.55,0.9482,2,0.535,0.9224,338,0
SPY190724P296,2019-07-22,2019-07-22 09:45:37,0.54,0.931,2014,0.53,0.9137,1,0.55,0.9482,2,0.535,0.9224,338,0
SPY190724P296,2019-07-22,2019-07-22 09:45:37,0.54,0.931,1801,0.53,0.9137,1,0.55,0.9482,2,0.535,0.9224,338,0
SPY190724P296,2019-07-22,2019-07-22 09:45:38,0.54,0.931,2014,0.53,0.9137,1,0.55,0.9482,2,0.535,0.9224,338,0
SPY190724P296,2019-07-22,2019-07-22 09:45:39,0.54,0.931,2014,0.53,0.9137,2,0.53,0.9137,1,0.535,0.9224,341,2
SPY190724P296,2019-07-22,2019-07-22 09:45:39,0.54,0.931,2014,0.53,0.9137,1,0.53,0.9137,1,0.535,0.9224,339,1
SPY190724P296,2019-07-22,2019-07-22 09:45:40,0.54,0.931,2014,0.53,0.9137,2,0.53,0.9137,1,0.535,0.9224,341,0
SPY190724P296,2019-07-22,2019-07-22 09:45:41,0.54,0.931,2014,0.53,0.9137,2,0.53,0.9137,1,0.535,0.9224,341,0
SPY190724P296,2019-07-22,2019-07-22 09:45:42,0.54,0.931,2014,0.53,0.9137,2,0.53,0.9137,1,0.535,0.9224,343,2
SPY190724P296,2019-07-22,2019-07-22 09:45:42,0.54,0.931,2014,0.53,0.9137,2,0.53,0.9137,1,0.535,0.9224,341,0
SPY190724P296,2019-07-22,2019-07-22 09:45:43,0.54,0.931,2014,0.53,0.9137,2,0.53,0.9137,1,0.535,0.9224,343,0
SPY190724P296,2019-07-22,2019-07-22 09:45:44,0.53,0.9137,539,0.52,0.8965,206,0.53,0.9137,1,0.525,0.9051,344,0
SPY190724P296,2019-07-22,2019-07-22 09:45:44,0.53,0.9137,466,0.52,0.8965,206,0.53,0.9137,1,0.525,0.9051,344,1
SPY190724P296,2019-07-22,2019-07-22 09:45:45,0.53,0.9137,96,0.52,0.8965,1214,0.53,0.9137,1,0.525,0.9051,344,0
SPY190724P296,2019-07-22,2019-07-22 09:45:45,0.53,0.9137,96,0.52,0.8965,1306,0.53,0.9137,1,0.525,0.9051,344,0
SPY190724P296,2019-07-22,2019-07-22 09:45:46,0.53,0.9137,102,0.52,0.8965,556,0.53,0.9137,1,0.525,0.9051,344,0
SPY190724P296,2019-07-22,2019-07-22 09:45:46,0.53,0.9137,102,0.52,0.8965,1064,0.53,0.9137,1,0.525,0.9051,344,0
SPY190724P296,2019-07-22,2019-07-22 09:45:47,0.53,0.9137,162,0.52,0.8965,443,0.53,0.9137,1,0.525,0.9051,344,0
SPY190724P296,2019-07-22,2019-07-22 09:45:47,0.53,0.9137,103,0.52,0.8965,443,0.53,0.9137,1,0.525,0.9051,344,0
SPY190724P296,2019-07-22,2019-07-22 09:45:48,0.53,0.9137,161,0.52,0.8965,538,0.53,0.9137,1,0.525,0.9051,344,0
SPY190724P296,2019-07-22,2019-07-22 09:45:49,0.53,0.9137,492,0.52,0.8965,298,0.53,0.9137,1,0.525,0.9051,344,0
SPY190724P296,2019-07-22,2019-07-22 09:45:49,0.53,0.9137,1286,0.52,0.8965,361,0.53,0.9137,1,0.525,0.9051,344,0
SPY190724P296,2019-07-22,2019-07-22 09:45:50,0.53,0.9137,270,0.52,0.8965,481,0.53,0.9137,1,0.525,0.9051,344,0
SPY190724P296,2019-07-22,2019-07-22 09:45:50,0.53,0.9137,70,0.52,0.8965,969,0.53,0.9137,1,0.525,0.9051,344,0
SPY190724P296,2019-07-22,2019-07-22 09:45:51,0.53,0.9137,102,0.52,0.8965,1062,0.53,0.9137,1,0.525,0.9051,344,0
SPY190724P296,2019-07-22,2019-07-22 09:45:51,0.54,0.931,1360,0.52,0.8965,763,0.53,0.9137,1,0.53,0.9137,344,0
SPY190724P296,2019-07-22,2019-07-22 09:45:52,0.54,0.931,974,0.52,0.8965,916,0.53,0.9137,1,0.53,0.9137,344,0
SPY190724P296,2019-07-22,2019-07-22 09:45:52,0.54,0.931,1413,0.52,0.8965,675,0.53,0.9137,1,0.53,0.9137,344,0
SPY190724P296,2019-07-22,2019-07-22 09:45:53,0.54,0.931,824,0.53,0.9137,6,0.53,0.9137,1,0.535,0.9224,345,1
SPY190724P296,2019-07-22,2019-07-22 09:45:54,0.56,0.9655,703,0.55,0.9482,251,0.53,0.9137,1,0.555,0.9568,345,0
SPY190724P296,2019-07-22,2019-07-22 09:45:54,0.56,0.9655,743,0.54,0.931,213,0.53,0.9137,1,0.55,0.9482,345,0
SPY190724P296,2019-07-22,2019-07-22 09:45:55,0.57,0.9827,150,0.55,0.9482,1189,0.53,0.9137,1,0.56,0.9655,345,0
SPY190724P296,2019-07-22,2019-07-22 09:45:55,0.57,0.9827,111,0.55,0.9482,1636,0.53,0.9137,1,0.56,0.9655,345,0
SPY190724P296,2019-07-22,2019-07-22 09:45:56,0.57,0.9827,388,0.55,0.9482,1333,0.53,0.9137,1,0.56,0.9655,345,0
SPY190724P296,2019-07-22,2019-07-22 09:45:56,0.56,0.9655,70,0.55,0.9482,321,0.53,0.9137,1,0.555,0.9568,345,0
SPY190724P296,2019-07-22,2019-07-22 09:45:57,0.56,0.9655,340,0.54,0.931,218,0.53,0.9137,1,0.55,0.9482,345,0
SPY190724P296,2019-07-22,2019-07-22 09:45:57,0.56,0.9655,991,0.54,0.931,425,0.53,0.9137,1,0.55,0.9482,345,0
SPY190724P296,2019-07-22,2019-07-22 09:45:58,0.55,0.9482,1166,0.54,0.931,250,0.53,0.9137,1,0.545,0.9396,345,0
SPY190724P296,2019-07-22,2019-07-22 09:45:58,0.55,0.9482,266,0.54,0.931,250,0.53,0.9137,1,0.545,0.9396,345,0
SPY190724P296,2019-07-22,2019-07-22 09:45:59,0.55,0.9482,1219,0.54,0.931,5,0.53,0.9137,1,0.545,0.9396,345,0
SPY190724P296,2019-07-22,2019-07-22 09:46:00,0.55,0.9482,1203,0.54,0.931,5,0.53,0.9137,1,0.545,0.9396,345,0
SPY190724P296,2019-07-22,2019-07-22 09:46:00,0.55,0.9482,1305,0.54,0.931,5,0.53,0.9137,1,0.545,0.9396,345,0
SPY190724P296,2019-07-22,2019-07-22 09:46:01,0.55,0.9482,1450,0.53,0.9137,892,0.53,0.9137,1,0.54,0.931,345,0
SPY190724P296,2019-07-22,2019-07-22 09:46:01,0.54,0.931,7,0.53,0.9137,1108,0.53,0.9137,1,0.535,0.9224,345,0
SPY190724P296,2019-07-22,2019-07-22 09:46:02,0.54,0.931,5,0.53,0.9137,1108,0.53,0.9137,1,0.535,0.9224,345,0
SPY190724P296,2019-07-22,2019-07-22 09:46:02,0.54,0.931,296,0.53,0.9137,764,0.53,0.9137,1,0.535,0.9224,345,0
SPY190724P296,2019-07-22,2019-07-22 09:46:03,0.54,0.931,296,0.53,0.9137,860,0.53,0.9137,1,0.535,0.9224,345,0
SPY190724P296,2019-07-22,2019-07-22 09:46:04,0.54,0.931,225,0.53,0.9137,265,0.53,0.9137,1,0.535,0.9224,345,0
SPY190724P296,2019-07-22,2019-07-22 09:46:04,0.54,0.931,170,0.53,0.9137,893,0.53,0.9137,1,0.535,0.9224,345,0
SPY190724P296,2019-07-22,2019-07-22 09:46:05,0.54,0.931,165,0.53,0.9137,646,0.53,0.9137,1,0.535,0.9224,345,0
SPY190724P296,2019-07-22,2019-07-22 09:46:05,0.54,0.931,165,0.53,0.9137,859,0.53,0.9137,1,0.535,0.9224,345,0
SPY190724P296,2019-07-22,2019-07-22 09:46:06,0.54,0.931,613,0.53,0.9137,1015,0.53,0.9137,1,0.535,0.9224,345,0
SPY190724P296,2019-07-22,2019-07-22 09:46:06,0.54,0.931,613,0.53,0.9137,646,0.53,0.9137,1,0.535,0.9224,345,0
SPY190724P296,2019-07-22,2019-07-22 09:46:07,0.54,0.931,93,0.53,0.9137,1021,0.53,0.9137,1,0.535,0.9224,345,0
SPY190724P296,2019-07-22,2019-07-22 09:46:08,0.54,0.931,338,0.53,0.9137,1021,0.53,0.9137,1,0.535,0.9224,345,0
SPY190724P296,2019-07-22,2019-07-22 09:46:08,0.54,0.931,582,0.53,0.9137,1021,0.53,0.9137,1,0.535,0.9224,345,0
SPY190724P296,2019-07-22,2019-07-22 09:46:09,0.54,0.931,332,0.53,0.9137,1021,0.53,0.9137,1,0.535,0.9224,345,0
SPY190724P296,2019-07-22,2019-07-22 09:46:09,0.54,0.931,217,0.53,0.9137,381,0.53,0.9137,1,0.535,0.9224,345,0
SPY190724P296,2019-07-22,2019-07-22 09:46:10,0.54,0.931,7,0.53,0.9137,1033,0.53,0.9137,1,0.535,0.9224,345,0
SPY190724P296,2019-07-22,2019-07-22 09:46:10,0.55,0.9482,1186,0.54,0.931,43,0.53,0.9137,1,0.545,0.9396,345,0
SPY190724P296,2019-07-22,2019-07-22 09:46:11,0.55,0.9482,1531,0.54,0.931,43,0.53,0.9137,1,0.545,0.9396,345,0
SPY190724P296,2019-07-22,2019-07-22 09:46:11,0.55,0.9482,1852,0.54,0.931,5,0.53,0.9137,1,0.545,0.9396,345,0
SPY190724P296,2019-07-22,2019-07-22 09:46:12,0.55,0.9482,1852,0.54,0.931,5,0.53,0.9137,1,0.545,0.9396,345,0
SPY190724P296,2019-07-22,2019-07-22 09:46:13,0.55,0.9482,1117,0.54,0.931,247,0.53,0.9137,1,0.545,0.9396,345,0
SPY190724P296,2019-07-22,2019-07-22 09:46:13,0.55,0.9482,1117,0.54,0.931,398,0.53,0.9137,1,0.545,0.9396,345,0
SPY190724P296,2019-07-22,2019-07-22 09:46:14,0.56,0.9655,2153,0.55,0.9482,5,0.53,0.9137,1,0.555,0.9568,345,0
SPY190724P296,2019-07-22,2019-07-22 09:46:14,0.56,0.9655,1395,0.55,0.9482,5,0.53,0.9137,1,0.555,0.9568,345,0
SPY190724P296,2019-07-22,2019-07-22 09:46:15,0.55,0.9482,1079,0.54,0.931,336,0.53,0.9137,1,0.545,0.9396,345,0
SPY190724P296,2019-07-22,2019-07-22 09:46:15,0.56,0.9655,2027,0.54,0.931,336,0.53,0.9137,1,0.55,0.9482,345,0
SPY190724P296,2019-07-22,2019-07-22 09:46:16,0.54,0.931,100,0.53,0.9137,276,0.53,0.9137,1,0.535,0.9224,345,0
SPY190724P296,2019-07-22,2019-07-22 09:46:17,0.54,0.931,91,0.53,0.9137,238,0.53,0.9137,1,0.535,0.9224,345,0
SPY190724P296,2019-07-22,2019-07-22 09:46:17,0.54,0.931,87,0.53,0.9137,201,0.53,0.9137,1,0.535,0.9224,345,0
SPY190724P296,2019-07-22,2019-07-22 09:46:18,0.54,0.931,102,0.53,0.9137,496,0.53,0.9137,1,0.535,0.9224,345,0
SPY190724P296,2019-07-22,2019-07-22 09:46:18,0.54,0.931,196,0.53,0.9137,301,0.53,0.9137,1,0.535,0.9224,345,0
SPY190724P296,2019-07-22,2019-07-22 09:46:19,0.54,0.931,208,0.53,0.9137,271,0.53,0.9137,1,0.535,0.9224,345,0
SPY190724P296,2019-07-22,2019-07-22 09:46:20,0.54,0.931,135,0.53,0.9137,281,0.53,0.9137,1,0.535,0.9224,345,0
SPY190724P296,2019-07-22,2019-07-22 09:46:20,0.54,0.931,180,0.53,0.9137,281,0.53,0.9137,1,0.535,0.9224,345,0
SPY190724P296,2019-07-22,2019-07-22 09:46:21,0.54,0.931,103,0.53,0.9137,281,0.53,0.9137,1,0.535,0.9224,345,0
SPY190724P296,2019-07-22,2019-07-22 09:46:21,0.55,0.9482,1336,0.53,0.9137,1190,0.53,0.9137,1,0.54,0.931,345,0
SPY190724P296,2019-07-22,2019-07-22 09:46:22,0.55,0.9482,1539,0.54,0.931,5,0.53,0.9137,1,0.545,0.9396,345,0
SPY190724P296,2019-07-22,2019-07-22 09:46:22,0.55,0.9482,1843,0.54,0.931,5,0.53,0.9137,1,0.545,0.9396,345,0
SPY190724P296,2019-07-22,2019-07-22 09:46:23,0.55,0.9482,1130,0.54,0.931,5,0.53,0.9137,1,0.545,0.9396,345,0
SPY190724P296,2019-07-22,2019-07-22 09:46:24,0.55,0.9482,1138,0.54,0.931,231,0.53,0.9137,1,0.545,0.9396,345,0
SPY190724P296,2019-07-22,2019-07-22 09:46:24,0.55,0.9482,1358,0.53,0.9137,616,0.53,0.9137,1,0.54,0.931,345,0
SPY190724P296,2019-07-22,2019-07-22 09:46:25,0.55,0.9482,1236,0.54,0.931,231,0.53,0.9137,1,0.545,0.9396,345,0
SPY190724P296,2019-07-22,2019-07-22 09:46:26,0.55,0.9482,1537,0.54,0.931,231,0.53,0.9137,1,0.545,0.9396,345,0
SPY190724P296,2019-07-22,2019-07-22 09:46:26,0.55,0.9482,1902,0.54,0.931,231,0.53,0.9137,1,0.545,0.9396,345,0
SPY190724P296,2019-07-22,2019-07-22 09:46:27,0.55,0.9482,1405,0.54,0.931,231,0.53,0.9137,1,0.545,0.9396,345,0
SPY190724P296,2019-07-22,2019-07-22 09:46:28,0.55,0.9482,135,0.54,0.931,362,0.53,0.9137,1,0.545,0.9396,345,0
SPY190724P296,2019-07-22,2019-07-22 09:46:28,0.55,0.9482,1588,0.54,0.931,311,0.53,0.9137,1,0.545,0.9396,345,0
SPY190724P296,2019-07-22,2019-07-22 09:46:29,0.55,0.9482,108,0.54,0.931,498,0.54,0.931,1,0.545,0.9396,346,0
SPY190724P296,2019-07-22,2019-07-22 09:46:29,0.55,0.9482,135,0.54,0.931,836,0.54,0.931,1,0.545,0.9396,346,1
SPY190724P296,2019-07-22,2019-07-22 09:46:30,0.55,0.9482,108,0.54,0.931,936,0.54,0.931,1,0.545,0.9396,346,0
SPY190724P296,2019-07-22,2019-07-22 09:46:30,0.55,0.9482,108,0.54,0.931,484,0.54,0.931,1,0.545,0.9396,346,0
SPY190724P296,2019-07-22,2019-07-22 09:46:31,0.55,0.9482,146,0.54,0.931,770,0.54,0.931,1,0.545,0.9396,346,0
SPY190724P296,2019-07-22,2019-07-22 09:46:32,0.55,0.9482,108,0.54,0.931,770,0.54,0.931,1,0.545,0.9396,346,0
SPY190724P296,2019-07-22,2019-07-22 09:46:33,0.55,0.9482,108,0.54,0.931,878,0.54,0.931,1,0.545,0.9396,346,0
SPY190724P296,2019-07-22,2019-07-22 09:46:34,0.56,0.9655,650,0.54,0.931,569,0.54,0.931,1,0.55,0.9482,346,0
SPY190724P296,2019-07-22,2019-07-22 09:46:34,0.56,0.9655,688,0.54,0.931,1193,0.54,0.931,1,0.55,0.9482,346,0
SPY190724P296,2019-07-22,2019-07-22 09:46:35,0.56,0.9655,1187,0.55,0.9482,25,0.54,0.931,1,0.555,0.9568,346,0
SPY190724P296,2019-07-22,2019-07-22 09:46:35,0.55,0.9482,146,0.54,0.931,1116,0.54,0.931,1,0.545,0.9396,346,0
SPY190724P296,2019-07-22,2019-07-22 09:46:36,0.55,0.9482,146,0.54,0.931,1567,0.54,0.931,1,0.545,0.9396,346,0
SPY190724P296,2019-07-22,2019-07-22 09:46:37,0.55,0.9482,90,0.54,0.931,1222,0.54,0.931,1,0.545,0.9396,346,0
SPY190724P296,2019-07-22,2019-07-22 09:46:37,0.56,0.9655,1900,0.54,0.931,1575,0.54,0.931,1,0.55,0.9482,346,0
SPY190724P296,2019-07-22,2019-07-22 09:46:38,0.56,0.9655,1535,0.54,0.931,1222,0.54,0.931,1,0.55,0.9482,346,0
SPY190724P296,2019-07-22,2019-07-22 09:46:38,0.56,0.9655,1322,0.54,0.931,1222,0.54,0.931,1,0.55,0.9482,346,0
SPY190724P296,2019-07-22,2019-07-22 09:46:39,0.55,0.9482,10,0.54,0.931,354,0.54,0.931,1,0.545,0.9396,346,0
SPY190724P296,2019-07-22,2019-07-22 09:46:39,0.56,0.9655,1858,0.54,0.931,1322,0.54,0.931,1,0.55,0.9482,346,0
SPY190724P296,2019-07-22,2019-07-22 09:46:40,0.56,0.9655,1359,0.54,0.931,1080,0.54,0.931,1,0.55,0.9482,346,0
SPY190724P296,2019-07-22,2019-07-22 09:46:40,0.56,0.9655,1283,0.54,0.931,1080,0.54,0.931,1,0.55,0.9482,346,0
SPY190724P296,2019-07-22,2019-07-22 09:46:41,0.56,0.9655,1724,0.54,0.931,1469,0.54,0.931,1,0.55,0.9482,346,0
SPY190724P296,2019-07-22,2019-07-22 09:46:41,0.56,0.9655,1635,0.54,0.931,1125,0.54,0.931,1,0.55,0.9482,346,0
SPY190724P296,2019-07-22,2019-07-22 09:46:42,0.55,0.9482,242,0.54,0.931,257,0.54,0.931,1,0.545,0.9396,346,0
SPY190724P296,2019-07-22,2019-07-22 09:46:43,0.54,0.931,5,0.53,0.9137,231,0.54,0.931,1,0.535,0.9224,346,0
SPY190724P296,2019-07-22,2019-07-22 09:46:43,0.55,0.9482,594,0.54,0.931,247,0.54,0.931,1,0.545,0.9396,346,0
SPY190724P296,2019-07-22,2019-07-22 09:46:44,0.54,0.931,247,0.53,0.9137,331,0.54,0.931,1,0.535,0.9224,346,0
SPY190724P296,2019-07-22,2019-07-22 09:46:44,0.55,0.9482,1206,0.53,0.9137,1123,0.54,0.931,1,0.54,0.931,346,0
SPY190724P296,2019-07-22,2019-07-22 09:46:45,0.55,0.9482,1369,0.54,0.931,5,0.54,0.931,1,0.545,0.9396,346,0
SPY190724P296,2019-07-22,2019-07-22 09:46:45,0.55,0.9482,1495,0.53,0.9137,750,0.54,0.931,1,0.54,0.931,346,0
SPY190724P296,2019-07-22,2019-07-22 09:46:46,0.55,0.9482,1750,0.53,0.9137,750,0.54,0.931,1,0.54,0.931,346,0
SPY190724P296,2019-07-22,2019-07-22 09:46:47,0.54,0.931,116,0.53,0.9137,418,0.54,0.931,1,0.535,0.9224,346,0
SPY190724P296,2019-07-22,2019-07-22 09:46:47,0.54,0.931,277,0.53,0.9137,317,0.54,0.931,1,0.535,0.9224,346,0
SPY190724P296,2019-07-22,2019-07-22 09:46:48,0.54,0.931,135,0.53,0.9137,528,0.54,0.931,1,0.535,0.9224,346,0
SPY190724P296,2019-07-22,2019-07-22 09:46:48,0.54,0.931,8,0.53,0.9137,528,0.54,0.931,1,0.535,0.9224,346,0
SPY190724P296,2019-07-22,2019-07-22 09:46:49,0.55,0.9482,1145,0.54,0.931,31,0.54,0.931,1,0.545,0.9396,346,0
SPY190724P296,2019-07-22,2019-07-22 09:46:49,0.54,0.931,639,0.53,0.9137,285,0.54,0.931,1,0.535,0.9224,346,0
SPY190724P296,2019-07-22,2019-07-22 09:46:50,0.55,0.9482,1699,0.54,0.931,1,0.54,0.931,1,0.545,0.9396,346,0
SPY190724P296,2019-07-22,2019-07-22 09:46:50,0.54,0.931,639,0.53,0.9137,285,0.54,0.931,1,0.535,0.9224,346,0
SPY190724P296,2019-07-22,2019-07-22 09:46:51,0.55,0.9482,1335,0.54,0.931,37,0.54,0.931,1,0.545,0.9396,346,0
SPY190724P296,2019-07-22,2019-07-22 09:46:52,0.55,0.9482,1535,0.54,0.931,78,0.54,0.931,1,0.545,0.9396,346,0
SPY190724P296,2019-07-22,2019-07-22 09:46:52,0.55,0.9482,1535,0.54,0.931,177,0.54,0.931,1,0.545,0.9396,346,0
SPY190724P296,2019-07-22,2019-07-22 09:46:53,0.55,0.9482,486,0.54,0.931,78,0.54,0.931,1,0.545,0.9396,346,0
SPY190724P296,2019-07-22,2019-07-22 09:46:53,0.55,0.9482,1535,0.54,0.931,78,0.54,0.931,1,0.545,0.9396,346,0
SPY190724P296,2019-07-22,2019-07-22 09:46:54,0.55,0.9482,164,0.54,0.931,777,0.54,0.931,1,0.545,0.9396,346,0
SPY190724P296,2019-07-22,2019-07-22 09:46:54,0.55,0.9482,212,0.54,0.931,275,0.54,0.931,1,0.545,0.9396,346,0
SPY190724P296,2019-07-22,2019-07-22 09:46:55,0.55,0.9482,212,0.54,0.931,364,0.54,0.931,1,0.545,0.9396,346,0
SPY190724P296,2019-07-22,2019-07-22 09:46:56,0.55,0.9482,520,0.54,0.931,470,0.54,0.931,1,0.545,0.9396,346,0
SPY190724P296,2019-07-22,2019-07-22 09:46:56,0.55,0.9482,934,0.54,0.931,275,0.54,0.931,1,0.545,0.9396,346,0
SPY190724P296,2019-07-22,2019-07-22 09:46:57,0.55,0.9482,1183,0.53,0.9137,170,0.54,0.931,1,0.54,0.931,346,0
SPY190724P296,2019-07-22,2019-07-22 09:46:57,0.55,0.9482,1183,0.54,0.931,275,0.54,0.931,1,0.545,0.9396,346,0
SPY190724P296,2019-07-22,2019-07-22 09:46:58,0.55,0.9482,821,0.53,0.9137,151,0.54,0.931,1,0.54,0.931,346,0
SPY190724P296,2019-07-22,2019-07-22 09:46:58,0.54,0.931,65,0.53,0.9137,79,0.54,0.931,1,0.535,0.9224,346,0
SPY190724P296,2019-07-22,2019-07-22 09:46:59,0.55,0.9482,1043,0.53,0.9137,151,0.54,0.931,1,0.54,0.931,346,0
SPY190724P296,2019-07-22,2019-07-22 09:47:00,0.55,0.9482,1392,0.54,0.931,5,0.54,0.931,1,0.545,0.9396,346,0
SPY190724P296,2019-07-22,2019-07-22 09:47:00,0.55,0.9482,1270,0.54,0.931,5,0.54,0.931,1,0.545,0.9396,346,0
SPY190724P296,2019-07-22,2019-07-22 09:47:01,0.54,0.931,7,0.53,0.9137,1383,0.54,0.931,1,0.535,0.9224,346,0
SPY190724P296,2019-07-22,2019-07-22 09:47:01,0.55,0.9482,1130,0.54,0.931,5,0.54,0.931,1,0.545,0.9396,346,0
SPY190724P296,2019-07-22,2019-07-22 09:47:02,0.55,0.9482,1584,0.54,0.931,5,0.54,0.931,1,0.545,0.9396,346,0
SPY190724P296,2019-07-22,2019-07-22 09:47:03,0.55,0.9482,1895,0.53,0.9137,1377,0.54,0.931,1,0.54,0.931,346,0
SPY190724P296,2019-07-22,2019-07-22 09:47:03,0.54,0.931,322,0.54,0.931,5,0.54,0.931,1,0.54,0.931,346,0
SPY190724P296,2019-07-22,2019-07-22 09:47:04,0.54,0.931,179,0.53,0.9137,498,0.54,0.931,1,0.535,0.9224,346,0
SPY190724P296,2019-07-22,2019-07-22 09:47:04,0.55,0.9482,1895,0.53,0.9137,285,0.54,0.931,1,0.54,0.931,346,0
SPY190724P296,2019-07-22,2019-07-22 09:47:05,0.54,0.931,179,0.53,0.9137,647,0.54,0.931,1,0.535,0.9224,346,0
SPY190724P296,2019-07-22,2019-07-22 09:47:06,0.54,0.931,312,0.53,0.9137,31,0.54,0.931,1,0.535,0.9224,346,0
SPY190724P296,2019-07-22,2019-07-22 09:47:06,0.54,0.931,930,0.53,0.9137,5,0.54,0.931,1,0.535,0.9224,346,0
SPY190724P296,2019-07-22,2019-07-22 09:47:07,0.54,0.931,1173,0.53,0.9137,5,0.54,0.931,1,0.535,0.9224,346,0
SPY190724P296,2019-07-22,2019-07-22 09:47:08,0.54,0.931,1097,0.53,0.9137,5,0.54,0.931,1,0.535,0.9224,346,0
SPY190724P296,2019-07-22,2019-07-22 09:47:08,0.54,0.931,1103,0.53,0.9137,5,0.54,0.931,1,0.535,0.9224,346,0
SPY190724P296,2019-07-22,2019-07-22 09:47:09,0.54,0.931,1173,0.53,0.9137,5,0.54,0.931,3,0.535,0.9224,349,3
SPY190724P296,2019-07-22,2019-07-22 09:47:09,0.54,0.931,1597,0.53,0.9137,5,0.54,0.931,3,0.535,0.9224,349,0
SPY190724P296,2019-07-22,2019-07-22 09:47:10,0.54,0.931,1397,0.53,0.9137,5,0.54,0.931,3,0.535,0.9224,349,0
SPY190724P296,2019-07-22,2019-07-22 09:47:11,0.54,0.931,2044,0.53,0.9137,5,0.54,0.931,3,0.535,0.9224,349,0
SPY190724P296,2019-07-22,2019-07-22 09:47:12,0.53,0.9137,96,0.52,0.8965,1281,0.54,0.931,3,0.525,0.9051,349,0
SPY190724P296,2019-07-22,2019-07-22 09:47:12,0.53,0.9137,96,0.52,0.8965,949,0.54,0.931,3,0.525,0.9051,349,0
SPY190724P296,2019-07-22,2019-07-22 09:47:13,0.53,0.9137,108,0.52,0.8965,1184,0.54,0.931,3,0.525,0.9051,349,0
SPY190724P296,2019-07-22,2019-07-22 09:47:14,0.54,0.931,2337,0.52,0.8965,905,0.54,0.931,3,0.53,0.9137,349,0
SPY190724P296,2019-07-22,2019-07-22 09:47:15,0.54,0.931,2337,0.52,0.8965,1172,0.54,0.931,3,0.53,0.9137,349,0
SPY190724P296,2019-07-22,2019-07-22 09:47:16,0.54,0.931,2397,0.52,0.8965,1172,0.54,0.931,3,0.53,0.9137,349,0
SPY190724P296,2019-07-22,2019-07-22 09:47:16,0.54,0.931,2337,0.52,0.8965,1172,0.54,0.931,3,0.53,0.9137,349,0
SPY190724P296,2019-07-22,2019-07-22 09:47:17,0.53,0.9137,854,0.52,0.8965,119,0.54,0.931,3,0.525,0.9051,349,0
SPY190724P296,2019-07-22,2019-07-22 09:47:17,0.53,0.9137,116,0.52,0.8965,301,0.54,0.931,3,0.525,0.9051,349,0
SPY190724P296,2019-07-22,2019-07-22 09:47:18,0.53,0.9137,225,0.52,0.8965,30,0.54,0.931,3,0.525,0.9051,349,0
SPY190724P296,2019-07-22,2019-07-22 09:47:19,0.53,0.9137,115,0.52,0.8965,186,0.54,0.931,3,0.525,0.9051,349,0
SPY190724P296,2019-07-22,2019-07-22 09:47:19,0.54,0.931,1723,0.52,0.8965,905,0.54,0.931,3,0.53,0.9137,349,0
SPY190724P296,2019-07-22,2019-07-22 09:47:20,0.53,0.9137,354,0.52,0.8965,231,0.54,0.931,3,0.525,0.9051,349,0
SPY190724P296,2019-07-22,2019-07-22 09:47:20,0.53,0.9137,1214,0.52,0.8965,231,0.54,0.931,3,0.525,0.9051,349,0
SPY190724P296,2019-07-22,2019-07-22 09:47:21,0.52,0.8965,243,0.51,0.8793,680,0.54,0.931,3,0.515,0.8879,349,0
SPY190724P296,2019-07-22,2019-07-22 09:47:21,0.53,0.9137,2152,0.52,0.8965,231,0.54,0.931,3,0.525,0.9051,349,0
SPY190724P296,2019-07-22,2019-07-22 09:47:22,0.53,0.9137,1640,0.51,0.8793,727,0.54,0.931,3,0.52,0.8965,349,0
SPY190724P296,2019-07-22,2019-07-22 09:47:22,0.52,0.8965,101,0.51,0.8793,1046,0.54,0.931,3,0.515,0.8879,349,0
SPY190724P296,2019-07-22,2019-07-22 09:47:23,0.53,0.9137,1640,0.51,0.8793,680,0.54,0.931,3,0.52,0.8965,349,0
SPY190724P296,2019-07-22,2019-07-22 09:47:24,0.52,0.8965,265,0.51,0.8793,777,0.54,0.931,3,0.515,0.8879,349,0
SPY190724P296,2019-07-22,2019-07-22 09:47:24,0.52,0.8965,312,0.51,0.8793,777,0.54,0.931,3,0.515,0.8879,349,0
SPY190724P296,2019-07-22,2019-07-22 09:47:25,0.52,0.8965,265,0.51,0.8793,879,0.54,0.931,3,0.515,0.8879,349,0
SPY190724P296,2019-07-22,2019-07-22 09:47:25,0.52,0.8965,610,0.51,0.8793,322,0.54,0.931,3,0.515,0.8879,349,0
SPY190724P296,2019-07-22,2019-07-22 09:47:26,0.52,0.8965,824,0.51,0.8793,264,0.54,0.931,3,0.515,0.8879,349,0
SPY190724P296,2019-07-22,2019-07-22 09:47:26,0.52,0.8965,999,0.51,0.8793,205,0.54,0.931,3,0.515,0.8879,349,0
SPY190724P296,2019-07-22,2019-07-22 09:47:27,0.52,0.8965,1127,0.51,0.8793,302,0.54,0.931,3,0.515,0.8879,349,0
SPY190724P296,2019-07-22,2019-07-22 09:47:27,0.52,0.8965,944,0.51,0.8793,264,0.54,0.931,3,0.515,0.8879,349,0
SPY190724P296,2019-07-22,2019-07-22 09:47:28,0.52,0.8965,831,0.51,0.8793,549,0.54,0.931,3,0.515,0.8879,349,0
SPY190724P296,2019-07-22,2019-07-22 09:47:29,0.52,0.8965,41,0.51,0.8793,327,0.54,0.931,3,0.515,0.8879,349,0
SPY190724P296,2019-07-22,2019-07-22 09:47:29,0.52,0.8965,209,0.51,0.8793,500,0.54,0.931,3,0.515,0.8879,349,0
SPY190724P296,2019-07-22,2019-07-22 09:47:30,0.52,0.8965,145,0.51,0.8793,305,0.54,0.931,3,0.515,0.8879,349,0
SPY190724P296,2019-07-22,2019-07-22 09:47:30,0.52,0.8965,337,0.51,0.8793,177,0.54,0.931,3,0.515,0.8879,349,0
SPY190724P296,2019-07-22,2019-07-22 09:47:31,0.52,0.8965,145,0.51,0.8793,305,0.54,0.931,3,0.515,0.8879,349,0
SPY190724P296,2019-07-22,2019-07-22 09:47:31,0.52,0.8965,145,0.51,0.8793,538,0.54,0.931,3,0.515,0.8879,349,0
SPY190724P296,2019-07-22,2019-07-22 09:47:32,0.52,0.8965,145,0.51,0.8793,319,0.54,0.931,3,0.515,0.8879,349,0
SPY190724P296,2019-07-22,2019-07-22 09:47:33,0.53,0.9137,1602,0.51,0.8793,1154,0.54,0.931,3,0.52,0.8965,349,0
SPY190724P296,2019-07-22,2019-07-22 09:47:33,0.53,0.9137,1602,0.51,0.8793,1093,0.54,0.931,3,0.52,0.8965,349,0
SPY190724P296,2019-07-22,2019-07-22 09:47:34,0.52,0.8965,127,0.51,0.8793,1047,0.54,0.931,3,0.515,0.8879,349,0
SPY190724P296,2019-07-22,2019-07-22 09:47:34,0.52,0.8965,116,0.51,0.8793,1144,0.54,0.931,3,0.515,0.8879,349,0
SPY190724P296,2019-07-22,2019-07-22 09:47:35,0.53,0.9137,1650,0.51,0.8793,431,0.54,0.931,3,0.52,0.8965,349,0
SPY190724P296,2019-07-22,2019-07-22 09:47:35,0.52,0.8965,116,0.51,0.8793,1144,0.54,0.931,3,0.515,0.8879,349,0
SPY190724P296,2019-07-22,2019-07-22 09:47:36,0.53,0.9137,392,0.52,0.8965,254,0.54,0.931,3,0.525,0.9051,349,0
SPY190724P296,2019-07-22,2019-07-22 09:47:36,0.53,0.9137,1203,0.51,0.8793,431,0.54,0.931,3,0.52,0.8965,349,0
SPY190724P296,2019-07-22,2019-07-22 09:47:37,0.53,0.9137,1088,0.52,0.8965,212,0.54,0.931,3,0.525,0.9051,349,0
SPY190724P296,2019-07-22,2019-07-22 09:47:37,0.53,0.9137,1088,0.52,0.8965,254,0.54,0.931,3,0.525,0.9051,349,0
SPY190724P296,2019-07-22,2019-07-22 09:47:38,0.53,0.9137,1176,0.52,0.8965,212,0.54,0.931,3,0.525,0.9051,349,0
SPY190724P296,2019-07-22,2019-07-22 09:47:39,0.53,0.9137,1401,0.52,0.8965,212,0.54,0.931,3,0.525,0.9051,349,0
SPY190724P296,2019-07-22,2019-07-22 09:47:39,0.53,0.9137,1921,0.52,0.8965,5,0.54,0.931,3,0.525,0.9051,349,0
SPY190724P296,2019-07-22,2019-07-22 09:47:40,0.53,0.9137,1654,0.52,0.8965,5,0.54,0.931,3,0.525,0.9051,349,0
SPY190724P296,2019-07-22,2019-07-22 09:47:40,0.53,0.9137,1854,0.52,0.8965,5,0.54,0.931,3,0.525,0.9051,349,0
SPY190724P296,2019-07-22,2019-07-22 09:47:41,0.53,0.9137,1654,0.52,0.8965,5,0.54,0.931,3,0.525,0.9051,349,0
SPY190724P296,2019-07-22,2019-07-22 09:47:42,0.53,0.9137,740,0.52,0.8965,5,0.54,0.931,3,0.525,0.9051,349,0
SPY190724P296,2019-07-22,2019-07-22 09:47:43,0.53,0.9137,1164,0.52,0.8965,5,0.54,0.931,3,0.525,0.9051,349,0
SPY190724P296,2019-07-22,2019-07-22 09:47:43,0.53,0.9137,1124,0.52,0.8965,5,0.54,0.931,3,0.525,0.9051,349,0
SPY190724P296,2019-07-22,2019-07-22 09:47:44,0.53,0.9137,1518,0.52,0.8965,5,0.54,0.931,3,0.525,0.9051,349,0
SPY190724P296,2019-07-22,2019-07-22 09:47:44,0.53,0.9137,1305,0.52,0.8965,5,0.54,0.931,3,0.525,0.9051,349,0
SPY190724P296,2019-07-22,2019-07-22 09:47:45,0.52,0.8965,135,0.51,0.8793,1262,0.54,0.931,3,0.515,0.8879,349,0
SPY190724P296,2019-07-22,2019-07-22 09:47:45,0.53,0.9137,1260,0.52,0.8965,5,0.54,0.931,3,0.525,0.9051,349,0
SPY190724P296,2019-07-22,2019-07-22 09:47:46,0.52,0.8965,418,0.51,0.8793,380,0.54,0.931,3,0.515,0.8879,349,0
SPY190724P296,2019-07-22,2019-07-22 09:47:47,0.52,0.8965,818,0.51,0.8793,380,0.54,0.931,3,0.515,0.8879,349,0
SPY190724P296,2019-07-22,2019-07-22 09:47:48,0.52,0.8965,1020,0.51,0.8793,380,0.54,0.931,3,0.515,0.8879,349,0
SPY190724P296,2019-07-22,2019-07-22 09:47:48,0.52,0.8965,1184,0.51,0.8793,380,0.54,0.931,3,0.515,0.8879,349,0
SPY190724P296,2019-07-22,2019-07-22 09:47:49,0.52,0.8965,976,0.51,0.8793,282,0.54,0.931,3,0.515,0.8879,349,0
SPY190724P296,2019-07-22,2019-07-22 09:47:49,0.52,0.8965,1184,0.51,0.8793,478,0.54,0.931,3,0.515,0.8879,349,0
SPY190724P296,2019-07-22,2019-07-22 09:47:50,0.52,0.8965,1370,0.51,0.8793,282,0.54,0.931,3,0.515,0.8879,349,0
SPY190724P296,2019-07-22,2019-07-22 09:47:50,0.52,0.8965,1431,0.51,0.8793,354,0.54,0.931,3,0.515,0.8879,349,0
SPY190724P296,2019-07-22,2019-07-22 09:47:51,0.52,0.8965,1431,0.51,0.8793,452,0.54,0.931,3,0.515,0.8879,349,0
SPY190724P296,2019-07-22,2019-07-22 09:47:52,0.52,0.8965,1491,0.51,0.8793,557,0.54,0.931,3,0.515,0.8879,349,0
SPY190724P296,2019-07-22,2019-07-22 09:47:52,0.52,0.8965,1490,0.51,0.8793,557,0.54,0.931,3,0.515,0.8879,349,0
SPY190724P296,2019-07-22,2019-07-22 09:47:53,0.52,0.8965,1340,0.51,0.8793,557,0.54,0.931,3,0.515,0.8879,349,0
SPY190724P296,2019-07-22,2019-07-22 09:47:54,0.52,0.8965,1340,0.51,0.8793,939,0.54,0.931,3,0.515,0.8879,349,0
SPY190724P296,2019-07-22,2019-07-22 09:47:54,0.52,0.8965,1340,0.51,0.8793,853,0.54,0.931,3,0.515,0.8879,349,0
SPY190724P296,2019-07-22,2019-07-22 09:47:55,0.52,0.8965,1312,0.5,0.862,925,0.54,0.931,3,0.51,0.8793,349,0
SPY190724P296,2019-07-22,2019-07-22 09:47:55,0.52,0.8965,726,0.5,0.862,925,0.54,0.931,3,0.51,0.8793,349,0
SPY190724P296,2019-07-22,2019-07-22 09:47:56,0.52,0.8965,2030,0.5,0.862,925,0.54,0.931,3,0.51,0.8793,349,0
SPY190724P296,2019-07-22,2019-07-22 09:47:56,0.52,0.8965,1452,0.51,0.8793,5,0.54,0.931,3,0.515,0.8879,349,0
SPY190724P296,2019-07-22,2019-07-22 09:47:57,0.52,0.8965,1856,0.51,0.8793,5,0.54,0.931,3,0.515,0.8879,349,0
SPY190724P296,2019-07-22,2019-07-22 09:47:58,0.52,0.8965,1856,0.51,0.8793,37,0.54,0.931,3,0.515,0.8879,349,0
SPY190724P296,2019-07-22,2019-07-22 09:47:58,0.52,0.8965,1516,0.51,0.8793,5,0.54,0.931,3,0.515,0.8879,349,0
SPY190724P296,2019-07-22,2019-07-22 09:47:59,0.52,0.8965,806,0.51,0.8793,284,0.54,0.931,3,0.515,0.8879,349,0
SPY190724P296,2019-07-22,2019-07-22 09:47:59,0.52,0.8965,806,0.51,0.8793,5,0.54,0.931,3,0.515,0.8879,349,0
SPY190724P296,2019-07-22,2019-07-22 09:48:00,0.52,0.8965,1244,0.51,0.8793,284,0.54,0.931,3,0.515,0.8879,349,0
SPY190724P296,2019-07-22,2019-07-22 09:48:00,0.52,0.8965,1244,0.51,0.8793,214,0.54,0.931,3,0.515,0.8879,349,0
SPY190724P296,2019-07-22,2019-07-22 09:48:01,0.52,0.8965,1180,0.51,0.8793,214,0.54,0.931,3,0.515,0.8879,349,0
SPY190724P296,2019-07-22,2019-07-22 09:48:01,0.52,0.8965,1525,0.51,0.8793,214,0.54,0.931,3,0.515,0.8879,349,0
SPY190724P296,2019-07-22,2019-07-22 09:48:02,0.52,0.8965,1180,0.51,0.8793,366,0.54,0.931,3,0.515,0.8879,349,0
SPY190724P296,2019-07-22,2019-07-22 09:48:03,0.52,0.8965,1304,0.51,0.8793,637,0.54,0.931,3,0.515,0.8879,349,0
SPY190724P296,2019-07-22,2019-07-22 09:48:03,0.52,0.8965,1180,0.51,0.8793,366,0.54,0.931,3,0.515,0.8879,349,0
SPY190724P296,2019-07-22,2019-07-22 09:48:04,0.52,0.8965,1180,0.51,0.8793,736,0.54,0.931,3,0.515,0.8879,349,0
SPY190724P296,2019-07-22,2019-07-22 09:48:05,0.52,0.8965,1304,0.51,0.8793,638,0.54,0.931,3,0.515,0.8879,349,0
SPY190724P296,2019-07-22,2019-07-22 09:48:05,0.52,0.8965,792,0.51,0.8793,284,0.54,0.931,3,0.515,0.8879,349,0
SPY190724P296,2019-07-22,2019-07-22 09:48:06,0.52,0.8965,1215,0.51,0.8793,184,0.54,0.931,3,0.515,0.8879,349,0
SPY190724P296,2019-07-22,2019-07-22 09:48:07,0.52,0.8965,960,0.51,0.8793,215,0.54,0.931,3,0.515,0.8879,349,0
SPY190724P296,2019-07-22,2019-07-22 09:48:07,0.52,0.8965,1215,0.51,0.8793,215,0.54,0.931,3,0.515,0.8879,349,0
SPY190724P296,2019-07-22,2019-07-22 09:48:08,0.52,0.8965,1438,0.51,0.8793,215,0.54,0.931,3,0.515,0.8879,349,0
SPY190724P296,2019-07-22,2019-07-22 09:48:08,0.52,0.8965,1636,0.51,0.8793,184,0.54,0.931,3,0.515,0.8879,349,0
SPY190724P296,2019-07-22,2019-07-22 09:48:09,0.52,0.8965,1681,0.51,0.8793,184,0.54,0.931,3,0.515,0.8879,349,0
SPY190724P296,2019-07-22,2019-07-22 09:48:09,0.52,0.8965,1838,0.51,0.8793,184,0.54,0.931,3,0.515,0.8879,349,0
SPY190724P296,2019-07-22,2019-07-22 09:48:10,0.52,0.8965,1888,0.51,0.8793,184,0.54,0.931,3,0.515,0.8879,349,0
SPY190724P296,2019-07-22,2019-07-22 09:48:11,0.52,0.8965,1681,0.51,0.8793,184,0.54,0.931,3,0.515,0.8879,349,0
SPY190724P296,2019-07-22,2019-07-22 09:48:12,0.52,0.8965,1912,0.51,0.8793,31,0.54,0.931,3,0.515,0.8879,349,0
SPY190724P296,2019-07-22,2019-07-22 09:48:12,0.52,0.8965,2112,0.51,0.8793,1,0.54,0.931,3,0.515,0.8879,349,0
SPY190724P296,2019-07-22,2019-07-22 09:48:13,0.52,0.8965,1912,0.51,0.8793,1,0.54,0.931,3,0.515,0.8879,349,0
SPY190724P296,2019-07-22,2019-07-22 09:48:14,0.52,0.8965,1912,0.5,0.862,900,0.54,0.931,3,0.51,0.8793,349,0
SPY190724P296,2019-07-22,2019-07-22 09:48:14,0.52,0.8965,2275,0.5,0.862,1272,0.54,0.931,3,0.51,0.8793,349,0
SPY190724P296,2019-07-22,2019-07-22 09:48:15,0.51,0.8793,100,0.5,0.862,1290,0.54,0.931,3,0.505,0.8706,349,0
SPY190724P296,2019-07-22,2019-07-22 09:48:15,0.51,0.8793,241,0.5,0.862,1288,0.54,0.931,3,0.505,0.8706,349,0
SPY190724P296,2019-07-22,2019-07-22 09:48:16,0.51,0.8793,976,0.5,0.862,319,0.54,0.931,3,0.505,0.8706,349,0
SPY190724P296,2019-07-22,2019-07-22 09:48:16,0.51,0.8793,144,0.5,0.862,957,0.54,0.931,3,0.505,0.8706,349,0
SPY190724P296,2019-07-22,2019-07-22 09:48:17,0.51,0.8793,1338,0.5,0.862,319,0.54,0.931,3,0.505,0.8706,349,0
SPY190724P296,2019-07-22,2019-07-22 09:48:18,0.51,0.8793,1338,0.5,0.862,319,0.54,0.931,3,0.505,0.8706,349,0
SPY190724P296,2019-07-22,2019-07-22 09:48:18,0.51,0.8793,302,0.5,0.862,212,0.54,0.931,3,0.505,0.8706,349,0
SPY190724P296,2019-07-22,2019-07-22 09:48:19,0.51,0.8793,302,0.5,0.862,292,0.54,0.931,3,0.505,0.8706,349,0
SPY190724P296,2019-07-22,2019-07-22 09:48:19,0.51,0.8793,302,0.5,0.862,342,0.54,0.931,3,0.505,0.8706,349,0
SPY190724P296,2019-07-22,2019-07-22 09:48:20,0.51,0.8793,883,0.5,0.862,292,0.54,0.931,3,0.505,0.8706,349,0
SPY190724P296,2019-07-22,2019-07-22 09:48:20,0.51,0.8793,688,0.5,0.862,384,0.54,0.931,3,0.505,0.8706,349,0
SPY190724P296,2019-07-22,2019-07-22 09:48:21,0.51,0.8793,1146,0.5,0.862,212,0.54,0.931,3,0.505,0.8706,349,0
SPY190724P296,2019-07-22,2019-07-22 09:48:21,0.51,0.8793,1489,0.5,0.862,212,0.54,0.931,3,0.505,0.8706,349,0
SPY190724P296,2019-07-22,2019-07-22 09:48:22,0.51,0.8793,1489,0.5,0.862,216,0.54,0.931,3,0.505,0.8706,349,0
SPY190724P296,2019-07-22,2019-07-22 09:48:23,0.51,0.8793,1653,0.5,0.862,216,0.54,0.931,3,0.505,0.8706,349,0
SPY190724P296,2019-07-22,2019-07-22 09:48:23,0.51,0.8793,1736,0.5,0.862,216,0.54,0.931,3,0.505,0.8706,349,0
SPY190724P296,2019-07-22,2019-07-22 09:48:24,0.51,0.8793,2026,0.5,0.862,216,0.54,0.931,3,0.505,0.8706,349,0
SPY190724P296,2019-07-22,2019-07-22 09:48:25,0.51,0.8793,1739,0.5,0.862,216,0.54,0.931,3,0.505,0.8706,349,0
SPY190724P296,2019-07-22,2019-07-22 09:48:25,0.51,0.8793,1878,0.5,0.862,216,0.54,0.931,3,0.505,0.8706,349,0
SPY190724P296,2019-07-22,2019-07-22 09:48:26,0.51,0.8793,1878,0.5,0.862,216,0.54,0.931,3,0.505,0.8706,349,0
SPY190724P296,2019-07-22,2019-07-22 09:48:27,0.51,0.8793,1878,0.5,0.862,216,0.54,0.931,3,0.505,0.8706,349,0
SPY190724P296,2019-07-22,2019-07-22 09:48:27,0.51,0.8793,2100,0.5,0.862,216,0.54,0.931,3,0.505,0.8706,349,0
SPY190724P296,2019-07-22,2019-07-22 09:48:28,0.5,0.862,12,0.5,0.862,216,0.54,0.931,3,0.5,0.862,349,0
SPY190724P296,2019-07-22,2019-07-22 09:48:28,0.5,0.862,162,0.49,0.8448,485,0.54,0.931,3,0.495,0.8534,349,0
SPY190724P296,2019-07-22,2019-07-22 09:48:29,0.5,0.862,546,0.49,0.8448,581,0.54,0.931,3,0.495,0.8534,349,0
SPY190724P296,2019-07-22,2019-07-22 09:48:29,0.51,0.8793,446,0.5,0.862,1,0.54,0.931,3,0.505,0.8706,349,0
SPY190724P296,2019-07-22,2019-07-22 09:48:30,0.51,0.8793,169,0.5,0.862,917,0.54,0.931,3,0.505,0.8706,349,0
SPY190724P296,2019-07-22,2019-07-22 09:48:30,0.51,0.8793,219,0.5,0.862,845,0.54,0.931,3,0.505,0.8706,349,0
SPY190724P296,2019-07-22,2019-07-22 09:48:31,0.51,0.8793,138,0.5,0.862,960,0.54,0.931,3,0.505,0.8706,349,0
SPY190724P296,2019-07-22,2019-07-22 09:48:32,0.51,0.8793,100,0.5,0.862,1083,0.54,0.931,3,0.505,0.8706,349,0
SPY190724P296,2019-07-22,2019-07-22 09:48:32,0.51,0.8793,138,0.5,0.862,1015,0.54,0.931,3,0.505,0.8706,349,0
SPY190724P296,2019-07-22,2019-07-22 09:48:33,0.51,0.8793,46,0.5,0.862,183,0.54,0.931,3,0.505,0.8706,349,0
SPY190724P296,2019-07-22,2019-07-22 09:48:33,0.51,0.8793,1083,0.5,0.862,284,0.54,0.931,3,0.505,0.8706,349,0
SPY190724P296,2019-07-22,2019-07-22 09:48:34,0.51,0.8793,1489,0.5,0.862,284,0.54,0.931,3,0.505,0.8706,349,0
SPY190724P296,2019-07-22,2019-07-22 09:48:35,0.51,0.8793,693,0.49,0.8448,773,0.54,0.931,3,0.5,0.862,349,0
SPY190724P296,2019-07-22,2019-07-22 09:48:35,0.51,0.8793,1489,0.5,0.862,284,0.54,0.931,3,0.505,0.8706,349,0
SPY190724P296,2019-07-22,2019-07-22 09:48:36,0.5,0.862,316,0.49,0.8448,1232,0.54,0.931,3,0.495,0.8534,349,0
SPY190724P296,2019-07-22,2019-07-22 09:48:36,0.5,0.862,546,0.49,0.8448,389,0.54,0.931,3,0.495,0.8534,349,0
SPY190724P296,2019-07-22,2019-07-22 09:48:37,0.5,0.862,409,0.49,0.8448,1389,0.54,0.931,3,0.495,0.8534,349,0
SPY190724P296,2019-07-22,2019-07-22 09:48:38,0.5,0.862,409,0.49,0.8448,1389,0.54,0.931,3,0.495,0.8534,349,0
SPY190724P296,2019-07-22,2019-07-22 09:48:38,0.51,0.8793,1541,0.49,0.8448,426,0.54,0.931,3,0.5,0.862,349,0
SPY190724P296,2019-07-22,2019-07-22 09:48:39,0.51,0.8793,1475,0.49,0.8448,1297,0.54,0.931,3,0.5,0.862,349,0
SPY190724P296,2019-07-22,2019-07-22 09:48:39,0.51,0.8793,1665,0.49,0.8448,1288,0.54,0.931,3,0.5,0.862,349,0
SPY190724P296,2019-07-22,2019-07-22 09:48:40,0.51,0.8793,1668,0.49,0.8448,1235,0.54,0.931,3,0.5,0.862,349,0
SPY190724P296,2019-07-22,2019-07-22 09:48:40,0.51,0.8793,1229,0.49,0.8448,1197,0.54,0.931,3,0.5,0.862,349,0
SPY190724P296,2019-07-22,2019-07-22 09:48:41,0.51,0.8793,1668,0.49,0.8448,1235,0.54,0.931,3,0.5,0.862,349,0
SPY190724P296,2019-07-22,2019-07-22 09:48:42,0.51,0.8793,1768,0.49,0.8448,1249,0.54,0.931,3,0.5,0.862,349,0
SPY190724P296,2019-07-22,2019-07-22 09:48:43,0.5,0.862,7,0.49,0.8448,1280,0.54,0.931,3,0.495,0.8534,349,0
SPY190724P296,2019-07-22,2019-07-22 09:48:43,0.51,0.8793,1768,0.49,0.8448,1249,0.54,0.931,3,0.5,0.862,349,0
SPY190724P296,2019-07-22,2019-07-22 09:48:44,0.5,0.862,284,0.49,0.8448,1171,0.54,0.931,3,0.495,0.8534,349,0
SPY190724P296,2019-07-22,2019-07-22 09:48:44,0.5,0.862,302,0.49,0.8448,318,0.54,0.931,3,0.495,0.8534,349,0
SPY190724P296,2019-07-22,2019-07-22 09:48:45,0.5,0.862,302,0.49,0.8448,318,0.54,0.931,3,0.495,0.8534,349,0
SPY190724P296,2019-07-22,2019-07-22 09:48:46,0.5,0.862,604,0.49,0.8448,158,0.54,0.931,3,0.495,0.8534,349,0
SPY190724P296,2019-07-22,2019-07-22 09:48:46,0.5,0.862,604,0.49,0.8448,212,0.54,0.931,3,0.495,0.8534,349,0
SPY190724P296,2019-07-22,2019-07-22 09:48:47,0.5,0.862,854,0.49,0.8448,158,0.54,0.931,3,0.495,0.8534,349,0
SPY190724P296,2019-07-22,2019-07-22 09:48:47,0.5,0.862,2076,0.48,0.8275,1077,0.54,0.931,3,0.49,0.8448,349,0
SPY190724P296,2019-07-22,2019-07-22 09:48:48,0.5,0.862,267,0.49,0.8448,110,0.54,0.931,3,0.495,0.8534,349,0
SPY190724P296,2019-07-22,2019-07-22 09:48:49,0.5,0.862,567,0.49,0.8448,321,0.54,0.931,3,0.495,0.8534,349,0
SPY190724P296,2019-07-22,2019-07-22 09:48:49,0.5,0.862,1574,0.49,0.8448,338,0.54,0.931,3,0.495,0.8534,349,0
SPY190724P296,2019-07-22,2019-07-22 09:48:50,0.5,0.862,1574,0.49,0.8448,594,0.54,0.931,3,0.495,0.8534,349,0
SPY190724P296,2019-07-22,2019-07-22 09:48:50,0.5,0.862,1324,0.49,0.8448,618,0.54,0.931,3,0.495,0.8534,349,0
SPY190724P296,2019-07-22,2019-07-22 09:48:51,0.5,0.862,1213,0.49,0.8448,425,0.54,0.931,3,0.495,0.8534,349,0
SPY190724P296,2019-07-22,2019-07-22 09:48:51,0.5,0.862,1377,0.49,0.8448,286,0.54,0.931,3,0.495,0.8534,349,0
SPY190724P296,2019-07-22,2019-07-22 09:48:52,0.5,0.862,1307,0.49,0.8448,660,0.54,0.931,3,0.495,0.8534,349,0
SPY190724P296,2019-07-22,2019-07-22 09:48:52,0.5,0.862,1307,0.49,0.8448,320,0.54,0.931,3,0.495,0.8534,349,0
SPY190724P296,2019-07-22,2019-07-22 09:48:53,0.5,0.862,1545,0.48,0.8275,1251,0.54,0.931,3,0.49,0.8448,349,0
SPY190724P296,2019-07-22,2019-07-22 09:48:54,0.49,0.8448,7,0.48,0.8275,1237,0.54,0.931,3,0.485,0.8362,349,0
SPY190724P296,2019-07-22,2019-07-22 09:48:54,0.5,0.862,1545,0.48,0.8275,1237,0.54,0.931,3,0.49,0.8448,349,0
SPY190724P296,2019-07-22,2019-07-22 09:48:55,0.49,0.8448,7,0.48,0.8275,1235,0.54,0.931,3,0.485,0.8362,349,0
SPY190724P296,2019-07-22,2019-07-22 09:48:55,0.5,0.862,1340,0.49,0.8448,226,0.54,0.931,3,0.495,0.8534,349,0
SPY190724P296,2019-07-22,2019-07-22 09:48:56,0.5,0.862,1275,0.49,0.8448,80,0.54,0.931,3,0.495,0.8534,349,0
SPY190724P296,2019-07-22,2019-07-22 09:48:56,0.5,0.862,1176,0.49,0.8448,169,0.54,0.931,3,0.495,0.8534,349,0
SPY190724P296,2019-07-22,2019-07-22 09:48:57,0.5,0.862,1203,0.49,0.8448,169,0.54,0.931,3,0.495,0.8534,349,0
SPY190724P296,2019-07-22,2019-07-22 09:48:58,0.5,0.862,411,0.49,0.8448,389,0.54,0.931,3,0.495,0.8534,349,0
SPY190724P296,2019-07-22,2019-07-22 09:48:58,0.5,0.862,929,0.49,0.8448,191,0.54,0.931,3,0.495,0.8534,349,0
SPY190724P296,2019-07-22,2019-07-22 09:48:59,0.5,0.862,572,0.49,0.8448,334,0.54,0.931,3,0.495,0.8534,349,0
SPY190724P296,2019-07-22,2019-07-22 09:48:59,0.5,0.862,313,0.49,0.8448,702,0.54,0.931,3,0.495,0.8534,349,0
SPY190724P296,2019-07-22,2019-07-22 09:49:00,0.5,0.862,1446,0.48,0.8275,1479,0.54,0.931,3,0.49,0.8448,349,0
SPY190724P296,2019-07-22,2019-07-22 09:49:00,0.5,0.862,1275,0.48,0.8275,1479,0.54,0.931,3,0.49,0.8448,349,0
SPY190724P296,2019-07-22,2019-07-22 09:49:01,0.5,0.862,1466,0.49,0.8448,1,0.54,0.931,3,0.495,0.8534,349,0
SPY190724P296,2019-07-22,2019-07-22 09:49:01,0.5,0.862,1466,0.48,0.8275,1658,0.54,0.931,3,0.49,0.8448,349,0
SPY190724P296,2019-07-22,2019-07-22 09:49:02,0.5,0.862,1316,0.48,0.8275,1749,0.54,0.931,3,0.49,0.8448,349,0
SPY190724P296,2019-07-22,2019-07-22 09:49:03,0.5,0.862,1308,0.49,0.8448,150,0.54,0.931,3,0.495,0.8534,349,0
SPY190724P296,2019-07-22,2019-07-22 09:49:03,0.5,0.862,1597,0.48,0.8275,1294,0.54,0.931,3,0.49,0.8448,349,0
SPY190724P296,2019-07-22,2019-07-22 09:49:04,0.5,0.862,1216,0.49,0.8448,111,0.54,0.931,3,0.495,0.8534,349,0
SPY190724P296,2019-07-22,2019-07-22 09:49:04,0.5,0.862,1143,0.49,0.8448,105,0.54,0.931,3,0.495,0.8534,349,0
SPY190724P296,2019-07-22,2019-07-22 09:49:05,0.5,0.862,995,0.49,0.8448,12,0.54,0.931,3,0.495,0.8534,349,0
SPY190724P296,2019-07-22,2019-07-22 09:49:05,0.49,0.8448,217,0.48,0.8275,1382,0.54,0.931,3,0.485,0.8362,349,0
SPY190724P296,2019-07-22,2019-07-22 09:49:06,0.49,0.8448,217,0.48,0.8275,1140,0.54,0.931,3,0.485,0.8362,349,0
SPY190724P296,2019-07-22,2019-07-22 09:49:06,0.49,0.8448,217,0.48,0.8275,1036,0.54,0.931,3,0.485,0.8362,349,0
SPY190724P296,2019-07-22,2019-07-22 09:49:07,0.5,0.862,1914,0.48,0.8275,1233,0.54,0.931,3,0.49,0.8448,349,0
SPY190724P296,2019-07-22,2019-07-22 09:49:08,0.49,0.8448,236,0.48,0.8275,1590,0.54,0.931,3,0.485,0.8362,349,0
SPY190724P296,2019-07-22,2019-07-22 09:49:08,0.49,0.8448,156,0.48,0.8275,701,0.54,0.931,3,0.485,0.8362,349,0
SPY190724P296,2019-07-22,2019-07-22 09:49:09,0.49,0.8448,826,0.48,0.8275,638,0.54,0.931,3,0.485,0.8362,349,0
SPY190724P296,2019-07-22,2019-07-22 09:49:09,0.49,0.8448,306,0.48,0.8275,704,0.54,0.931,3,0.485,0.8362,349,0
SPY190724P296,2019-07-22,2019-07-22 09:49:10,0.49,0.8448,177,0.48,0.8275,1412,0.48,0.8275,1,0.485,0.8362,350,0
SPY190724P296,2019-07-22,2019-07-22 09:49:10,0.49,0.8448,418,0.48,0.8275,476,0.48,0.8275,1,0.485,0.8362,350,1
SPY190724P296,2019-07-22,2019-07-22 09:49:11,0.49,0.8448,177,0.48,0.8275,1412,0.48,0.8275,1,0.485,0.8362,350,0
SPY190724P296,2019-07-22,2019-07-22 09:49:12,0.49,0.8448,114,0.48,0.8275,100,0.48,0.8275,1,0.485,0.8362,350,0
SPY190724P296,2019-07-22,2019-07-22 09:49:12,0.49,0.8448,1249,0.48,0.8275,25,0.48,0.8275,1,0.485,0.8362,350,0
SPY190724P296,2019-07-22,2019-07-22 09:49:13,0.49,0.8448,1347,0.48,0.8275,66,0.48,0.8275,1,0.485,0.8362,350,0
SPY190724P296,2019-07-22,2019-07-22 09:49:13,0.49,0.8448,351,0.47,0.8103,1453,0.48,0.8275,1,0.48,0.8275,350,0
SPY190724P296,2019-07-22,2019-07-22 09:49:14,0.49,0.8448,462,0.48,0.8275,596,0.48,0.8275,1,0.485,0.8362,350,0
SPY190724P296,2019-07-22,2019-07-22 09:49:15,0.49,0.8448,346,0.48,0.8275,1251,0.48,0.8275,1,0.485,0.8362,350,0
SPY190724P296,2019-07-22,2019-07-22 09:49:15,0.49,0.8448,755,0.48,0.8275,1481,0.48,0.8275,1,0.485,0.8362,350,0
SPY190724P296,2019-07-22,2019-07-22 09:49:16,0.49,0.8448,755,0.48,0.8275,1481,0.48,0.8275,1,0.485,0.8362,350,0
SPY190724P296,2019-07-22,2019-07-22 09:49:16,0.49,0.8448,802,0.48,0.8275,1481,0.48,0.8275,1,0.485,0.8362,350,0
SPY190724P296,2019-07-22,2019-07-22 09:49:17,0.49,0.8448,400,0.48,0.8275,1588,0.48,0.8275,1,0.485,0.8362,350,0
SPY190724P296,2019-07-22,2019-07-22 09:49:18,0.49,0.8448,1,0.48,0.8275,797,0.48,0.8275,1,0.485,0.8362,350,0
SPY190724P296,2019-07-22,2019-07-22 09:49:18,0.49,0.8448,1,0.48,0.8275,1048,0.48,0.8275,1,0.485,0.8362,350,0
SPY190724P296,2019-07-22,2019-07-22 09:49:19,0.49,0.8448,144,0.48,0.8275,1247,0.48,0.8275,1,0.485,0.8362,350,0
SPY190724P296,2019-07-22,2019-07-22 09:49:19,0.49,0.8448,236,0.48,0.8275,1016,0.48,0.8275,1,0.485,0.8362,350,0
SPY190724P296,2019-07-22,2019-07-22 09:49:20,0.49,0.8448,7,0.48,0.8275,1297,0.48,0.8275,1,0.485,0.8362,350,0
SPY190724P296,2019-07-22,2019-07-22 09:49:21,0.49,0.8448,1,0.48,0.8275,1774,0.48,0.8275,1,0.485,0.8362,350,0
SPY190724P296,2019-07-22,2019-07-22 09:49:21,0.49,0.8448,55,0.48,0.8275,1774,0.48,0.8275,1,0.485,0.8362,350,0
SPY190724P296,2019-07-22,2019-07-22 09:49:22,0.49,0.8448,1,0.48,0.8275,990,0.49,0.8448,1,0.485,0.8362,351,1
SPY190724P296,2019-07-22,2019-07-22 09:49:23,0.5,0.862,583,0.49,0.8448,105,0.49,0.8448,1,0.495,0.8534,352,1
SPY190724P296,2019-07-22,2019-07-22 09:49:23,0.5,0.862,695,0.49,0.8448,105,0.49,0.8448,1,0.495,0.8534,352,0
SPY190724P296,2019-07-22,2019-07-22 09:49:24,0.5,0.862,996,0.49,0.8448,121,0.49,0.8448,1,0.495,0.8534,352,0
SPY190724P296,2019-07-22,2019-07-22 09:49:24,0.5,0.862,996,0.49,0.8448,101,0.49,0.8448,1,0.495,0.8534,352,0
SPY190724P296,2019-07-22,2019-07-22 09:49:25,0.5,0.862,1629,0.48,0.8275,1496,0.49,0.8448,1,0.49,0.8448,352,0
SPY190724P296,2019-07-22,2019-07-22 09:49:25,0.5,0.862,1824,0.48,0.8275,2020,0.49,0.8448,1,0.49,0.8448,352,0
SPY190724P296,2019-07-22,2019-07-22 09:49:26,0.49,0.8448,228,0.48,0.8275,1143,0.49,0.8448,1,0.485,0.8362,352,0
SPY190724P296,2019-07-22,2019-07-22 09:49:26,0.49,0.8448,130,0.48,0.8275,1143,0.49,0.8448,1,0.485,0.8362,352,0
SPY190724P296,2019-07-22,2019-07-22 09:49:27,0.49,0.8448,228,0.48,0.8275,1143,0.49,0.8448,1,0.485,0.8362,352,0
SPY190724P296,2019-07-22,2019-07-22 09:49:28,0.49,0.8448,7,0.48,0.8275,1133,0.49,0.8448,1,0.485,0.8362,352,0
SPY190724P296,2019-07-22,2019-07-22 09:49:28,0.49,0.8448,232,0.48,0.8275,1418,0.49,0.8448,1,0.485,0.8362,352,0
SPY190724P296,2019-07-22,2019-07-22 09:49:29,0.49,0.8448,250,0.48,0.8275,492,0.49,0.8448,1,0.485,0.8362,352,0
SPY190724P296,2019-07-22,2019-07-22 09:49:30,0.49,0.8448,838,0.48,0.8275,492,0.49,0.8448,1,0.485,0.8362,352,0
SPY190724P296,2019-07-22,2019-07-22 09:49:30,0.49,0.8448,817,0.48,0.8275,492,0.49,0.8448,1,0.485,0.8362,352,0
SPY190724P296,2019-07-22,2019-07-22 09:49:31,0.49,0.8448,838,0.48,0.8275,261,0.49,0.8448,1,0.485,0.8362,352,0
SPY190724P296,2019-07-22,2019-07-22 09:49:31,0.49,0.8448,1330,0.48,0.8275,261,0.49,0.8448,1,0.485,0.8362,352,0
SPY190724P296,2019-07-22,2019-07-22 09:49:32,0.49,0.8448,1352,0.48,0.8275,80,0.49,0.8448,1,0.485,0.8362,352,0
SPY190724P296,2019-07-22,2019-07-22 09:49:33,0.49,0.8448,1841,0.48,0.8275,196,0.49,0.8448,1,0.485,0.8362,352,0
SPY190724P296,2019-07-22,2019-07-22 09:49:34,0.49,0.8448,1841,0.48,0.8275,132,0.49,0.8448,1,0.485,0.8362,352,0
SPY190724P296,2019-07-22,2019-07-22 09:49:35,0.49,0.8448,1372,0.47,0.8103,1904,0.49,0.8448,1,0.48,0.8275,352,0
SPY190724P296,2019-07-22,2019-07-22 09:49:35,0.49,0.8448,1732,0.47,0.8103,1904,0.49,0.8448,1,0.48,0.8275,352,0
SPY190724P296,2019-07-22,2019-07-22 09:49:36,0.48,0.8275,12,0.47,0.8103,1418,0.49,0.8448,1,0.475,0.8189,352,0
SPY190724P296,2019-07-22,2019-07-22 09:49:36,0.49,0.8448,1437,0.48,0.8275,80,0.49,0.8448,1,0.485,0.8362,352,0
SPY190724P296,2019-07-22,2019-07-22 09:49:37,0.49,0.8448,1459,0.47,0.8103,1418,0.49,0.8448,1,0.48,0.8275,352,0
SPY190724P296,2019-07-22,2019-07-22 09:49:38,0.49,0.8448,1821,0.48,0.8275,30,0.49,0.8448,1,0.485,0.8362,352,0
SPY190724P296,2019-07-22,2019-07-22 09:49:38,0.49,0.8448,832,0.48,0.8275,947,0.49,0.8448,1,0.485,0.8362,352,0
SPY190724P296,2019-07-22,2019-07-22 09:49:39,0.49,0.8448,1404,0.48,0.8275,266,0.49,0.8448,1,0.485,0.8362,352,0
SPY190724P296,2019-07-22,2019-07-22 09:49:39,0.49,0.8448,912,0.48,0.8275,367,0.49,0.8448,1,0.485,0.8362,352,0
SPY190724P296,2019-07-22,2019-07-22 09:49:40,0.49,0.8448,1812,0.48,0.8275,145,0.49,0.8448,1,0.485,0.8362,352,0
SPY190724P296,2019-07-22,2019-07-22 09:49:41,0.49,0.8448,307,0.48,0.8275,670,0.49,0.8448,1,0.485,0.8362,352,0
SPY190724P296,2019-07-22,2019-07-22 09:49:41,0.49,0.8448,307,0.48,0.8275,351,0.49,0.8448,1,0.485,0.8362,352,0
SPY190724P296,2019-07-22,2019-07-22 09:49:42,0.49,0.8448,307,0.48,0.8275,775,0.49,0.8448,1,0.485,0.8362,352,0
SPY190724P296,2019-07-22,2019-07-22 09:49:43,0.49,0.8448,307,0.48,0.8275,855,0.49,0.8448,1,0.485,0.8362,352,0
SPY190724P296,2019-07-22,2019-07-22 09:49:44,0.49,0.8448,307,0.48,0.8275,629,0.49,0.8448,1,0.485,0.8362,352,0
SPY190724P296,2019-07-22,2019-07-22 09:49:45,0.49,0.8448,307,0.48,0.8275,734,0.49,0.8448,1,0.485,0.8362,352,0
SPY190724P296,2019-07-22,2019-07-22 09:49:46,0.49,0.8448,526,0.48,0.8275,804,0.49,0.8448,1,0.485,0.8362,352,0
SPY190724P296,2019-07-22,2019-07-22 09:49:46,0.49,0.8448,325,0.48,0.8275,447,0.49,0.8448,1,0.485,0.8362,352,0
SPY190724P296,2019-07-22,2019-07-22 09:49:47,0.49,0.8448,526,0.48,0.8275,804,0.49,0.8448,1,0.485,0.8362,352,0
SPY190724P296,2019-07-22,2019-07-22 09:49:47,0.49,0.8448,1385,0.48,0.8275,407,0.49,0.8448,1,0.485,0.8362,352,0
SPY190724P296,2019-07-22,2019-07-22 09:49:48,0.49,0.8448,813,0.48,0.8275,319,0.49,0.8448,1,0.485,0.8362,352,0
SPY190724P296,2019-07-22,2019-07-22 09:49:49,0.49,0.8448,813,0.48,0.8275,701,0.49,0.8448,1,0.485,0.8362,352,0
SPY190724P296,2019-07-22,2019-07-22 09:49:49,0.49,0.8448,813,0.48,0.8275,596,0.49,0.8448,1,0.485,0.8362,352,0
SPY190724P296,2019-07-22,2019-07-22 09:49:50,0.49,0.8448,1250,0.48,0.8275,552,0.49,0.8448,1,0.485,0.8362,352,0
SPY190724P296,2019-07-22,2019-07-22 09:49:50,0.49,0.8448,813,0.48,0.8275,701,0.49,0.8448,1,0.485,0.8362,352,0
SPY190724P296,2019-07-22,2019-07-22 09:49:51,0.49,0.8448,813,0.48,0.8275,552,0.49,0.8448,1,0.485,0.8362,352,0
SPY190724P296,2019-07-22,2019-07-22 09:49:52,0.49,0.8448,1786,0.48,0.8275,319,0.49,0.8448,1,0.485,0.8362,352,0
SPY190724P296,2019-07-22,2019-07-22 09:49:52,0.49,0.8448,1599,0.48,0.8275,545,0.49,0.8448,1,0.485,0.8362,352,0
SPY190724P296,2019-07-22,2019-07-22 09:49:53,0.49,0.8448,1786,0.48,0.8275,319,0.49,0.8448,1,0.485,0.8362,352,0
SPY190724P296,2019-07-22,2019-07-22 09:49:54,0.49,0.8448,813,0.48,0.8275,319,0.49,0.8448,1,0.485,0.8362,352,0
SPY190724P296,2019-07-22,2019-07-22 09:49:54,0.49,0.8448,1439,0.48,0.8275,299,0.49,0.8448,1,0.485,0.8362,352,0
SPY190724P296,2019-07-22,2019-07-22 09:49:55,0.49,0.8448,1250,0.48,0.8275,219,0.49,0.8448,1,0.485,0.8362,352,0
SPY190724P296,2019-07-22,2019-07-22 09:49:55,0.49,0.8448,1250,0.48,0.8275,191,0.49,0.8448,1,0.485,0.8362,352,0
SPY190724P296,2019-07-22,2019-07-22 09:49:56,0.49,0.8448,1616,0.48,0.8275,191,0.49,0.8448,1,0.485,0.8362,352,0
SPY190724P296,2019-07-22,2019-07-22 09:49:57,0.49,0.8448,1616,0.48,0.8275,191,0.49,0.8448,1,0.485,0.8362,352,0
SPY190724P296,2019-07-22,2019-07-22 09:49:58,0.49,0.8448,1283,0.48,0.8275,100,0.49,0.8448,1,0.485,0.8362,352,0
SPY190724P296,2019-07-22,2019-07-22 09:49:58,0.49,0.8448,931,0.48,0.8275,228,0.48,0.8275,1,0.485,0.8362,353,1
SPY190724P296,2019-07-22,2019-07-22 09:49:59,0.49,0.8448,1032,0.48,0.8275,5,0.48,0.8275,1,0.485,0.8362,353,0
SPY190724P296,2019-07-22,2019-07-22 09:50:00,0.49,0.8448,847,0.48,0.8275,255,0.48,0.8275,1,0.485,0.8362,353,0
SPY190724P296,2019-07-22,2019-07-22 09:50:00,0.49,0.8448,1213,0.48,0.8275,245,0.48,0.8275,1,0.485,0.8362,353,0
SPY190724P296,2019-07-22,2019-07-22 09:50:01,0.49,0.8448,1213,0.48,0.8275,245,0.48,0.8275,1,0.485,0.8362,353,0
SPY190724P296,2019-07-22,2019-07-22 09:50:01,0.49,0.8448,1787,0.48,0.8275,1103,0.48,0.8275,1,0.485,0.8362,353,0
SPY190724P296,2019-07-22,2019-07-22 09:50:02,0.49,0.8448,1787,0.48,0.8275,631,0.48,0.8275,1,0.485,0.8362,353,0
SPY190724P296,2019-07-22,2019-07-22 09:50:02,0.49,0.8448,1787,0.48,0.8275,841,0.48,0.8275,1,0.485,0.8362,353,0
SPY190724P296,2019-07-22,2019-07-22 09:50:03,0.49,0.8448,1787,0.48,0.8275,485,0.48,0.8275,1,0.485,0.8362,353,0
SPY190724P296,2019-07-22,2019-07-22 09:50:03,0.49,0.8448,1537,0.48,0.8275,707,0.48,0.8275,1,0.485,0.8362,353,0
SPY190724P296,2019-07-22,2019-07-22 09:50:04,0.49,0.8448,1250,0.48,0.8275,325,0.48,0.8275,1,0.485,0.8362,353,0
SPY190724P296,2019-07-22,2019-07-22 09:50:05,0.49,0.8448,1607,0.48,0.8275,494,0.48,0.8275,1,0.485,0.8362,353,0
SPY190724P296,2019-07-22,2019-07-22 09:50:05,0.49,0.8448,1800,0.48,0.8275,600,0.48,0.8275,1,0.485,0.8362,353,0
SPY190724P296,2019-07-22,2019-07-22 09:50:06,0.49,0.8448,719,0.48,0.8275,600,0.48,0.8275,1,0.485,0.8362,353,0
SPY190724P296,2019-07-22,2019-07-22 09:50:06,0.49,0.8448,759,0.48,0.8275,600,0.48,0.8275,1,0.485,0.8362,353,0
SPY190724P296,2019-07-22,2019-07-22 09:50:07,0.49,0.8448,460,0.48,0.8275,600,0.48,0.8275,1,0.485,0.8362,353,0
SPY190724P296,2019-07-22,2019-07-22 09:50:07,0.49,0.8448,738,0.48,0.8275,191,0.48,0.8275,1,0.485,0.8362,353,0
SPY190724P296,2019-07-22,2019-07-22 09:50:08,0.49,0.8448,1137,0.48,0.8275,228,0.48,0.8275,1,0.485,0.8362,353,0
SPY190724P296,2019-07-22,2019-07-22 09:50:09,0.49,0.8448,1970,0.48,0.8275,228,0.48,0.8275,1,0.485,0.8362,353,0
SPY190724P296,2019-07-22,2019-07-22 09:50:09,0.49,0.8448,1575,0.48,0.8275,228,0.48,0.8275,1,0.485,0.8362,353,0
SPY190724P296,2019-07-22,2019-07-22 09:50:10,0.49,0.8448,1701,0.48,0.8275,228,0.48,0.8275,1,0.485,0.8362,353,0
SPY190724P296,2019-07-22,2019-07-22 09:50:10,0.49,0.8448,1709,0.48,0.8275,228,0.48,0.8275,1,0.485,0.8362,353,0
SPY190724P296,2019-07-22,2019-07-22 09:50:11,0.49,0.8448,1709,0.48,0.8275,228,0.48,0.8275,1,0.485,0.8362,353,0
SPY190724P296,2019-07-22,2019-07-22 09:50:12,0.49,0.8448,1797,0.48,0.8275,227,0.48,0.8275,1,0.485,0.8362,353,0
SPY190724P296,2019-07-22,2019-07-22 09:50:12,0.49,0.8448,1797,0.48,0.8275,271,0.48,0.8275,1,0.485,0.8362,353,0
SPY190724P296,2019-07-22,2019-07-22 09:50:13,0.49,0.8448,1451,0.48,0.8275,191,0.48,0.8275,1,0.485,0.8362,353,0
SPY190724P296,2019-07-22,2019-07-22 09:50:14,0.49,0.8448,1166,0.48,0.8275,5,0.48,0.8275,1,0.485,0.8362,353,0
SPY190724P296,2019-07-22,2019-07-22 09:50:14,0.49,0.8448,1451,0.48,0.8275,100,0.48,0.8275,1,0.485,0.8362,353,0
SPY190724P296,2019-07-22,2019-07-22 09:50:15,0.49,0.8448,1750,0.48,0.8275,5,0.48,0.8275,1,0.485,0.8362,353,0
SPY190724P296,2019-07-22,2019-07-22 09:50:15,0.49,0.8448,1410,0.48,0.8275,5,0.48,0.8275,1,0.485,0.8362,353,0
SPY190724P296,2019-07-22,2019-07-22 09:50:16,0.49,0.8448,1824,0.48,0.8275,5,0.48,0.8275,1,0.485,0.8362,353,0
SPY190724P296,2019-07-22,2019-07-22 09:50:16,0.49,0.8448,1750,0.48,0.8275,5,0.48,0.8275,1,0.485,0.8362,353,0
SPY190724P296,2019-07-22,2019-07-22 09:50:17,0.49,0.8448,1338,0.48,0.8275,227,0.48,0.8275,1,0.485,0.8362,353,0
SPY190724P296,2019-07-22,2019-07-22 09:50:17,0.49,0.8448,1338,0.48,0.8275,5,0.48,0.8275,1,0.485,0.8362,353,0
SPY190724P296,2019-07-22,2019-07-22 09:50:18,0.49,0.8448,1338,0.48,0.8275,227,0.48,0.8275,1,0.485,0.8362,353,0
SPY190724P296,2019-07-22,2019-07-22 09:50:19,0.49,0.8448,1338,0.47,0.8103,1163,0.48,0.8275,1,0.48,0.8275,353,0
SPY190724P296,2019-07-22,2019-07-22 09:50:19,0.49,0.8448,1696,0.48,0.8275,227,0.48,0.8275,1,0.485,0.8362,353,0
SPY190724P296,2019-07-22,2019-07-22 09:50:20,0.48,0.8275,153,0.47,0.8103,1247,0.48,0.8275,1,0.475,0.8189,353,0
SPY190724P296,2019-07-22,2019-07-22 09:50:20,0.49,0.8448,1800,0.47,0.8103,1531,0.48,0.8275,1,0.48,0.8275,353,0
SPY190724P296,2019-07-22,2019-07-22 09:50:21,0.48,0.8275,153,0.47,0.8103,1247,0.48,0.8275,1,0.475,0.8189,353,0
SPY190724P296,2019-07-22,2019-07-22 09:50:21,0.48,0.8275,162,0.47,0.8103,1247,0.48,0.8275,1,0.475,0.8189,353,0
