symbol,Date,quote_time,ask_price,norm_ask_price,ask_size,bid_price,norm_bid_price,bid_size,last_trade_price,norm_last_trade_price,last_trade_size,mark_price,norm_mark_price,volume,Volume
SPY190520C288,2019-05-17,2019-05-17 09:33:52,0.56,1.0,196,0.55,0.9821,55,0.55,0.9821,1,0.555,0.991,380,380
SPY190520C288,2019-05-17,2019-05-17 09:34:06,0.56,1.0,26,0.55,0.9821,66,0.57,1.0178,4,0.555,0.991,412,32
SPY190520C288,2019-05-17,2019-05-17 09:34:09,0.56,1.0,159,0.55,0.9821,100,0.57,1.0178,4,0.555,0.991,412,0
SPY190520C288,2019-05-17,2019-05-17 09:34:10,0.57,1.0178,281,0.55,0.9821,1,0.57,1.0178,4,0.56,1.0,412,0
SPY190520C288,2019-05-17,2019-05-17 09:34:11,0.57,1.0178,1429,0.55,0.9821,57,0.57,1.0178,4,0.56,1.0,412,0
SPY190520C288,2019-05-17,2019-05-17 09:34:12,0.56,1.0,142,0.55,0.9821,57,0.56,1.0,2,0.555,0.991,414,2
SPY190520C288,2019-05-17,2019-05-17 09:34:13,0.55,0.9821,25,0.54,0.9642,50,0.55,0.9821,1,0.545,0.9732,417,3
SPY190520C288,2019-05-17,2019-05-17 09:34:14,0.54,0.9642,76,0.53,0.9464,100,0.55,0.9821,1,0.535,0.9553,417,0
SPY190520C288,2019-05-17,2019-05-17 09:34:15,0.54,0.9642,57,0.53,0.9464,100,0.53,0.9464,1,0.535,0.9553,418,1
SPY190520C288,2019-05-17,2019-05-17 09:34:16,0.54,0.9642,183,0.52,0.9285,212,0.53,0.9464,1,0.53,0.9464,418,0
SPY190520C288,2019-05-17,2019-05-17 09:34:17,0.54,0.9642,182,0.53,0.9464,10,0.53,0.9464,1,0.535,0.9553,418,0
SPY190520C288,2019-05-17,2019-05-17 09:34:18,0.54,0.9642,8,0.52,0.9285,120,0.53,0.9464,1,0.53,0.9464,418,0
SPY190520C288,2019-05-17,2019-05-17 09:34:18,0.54,0.9642,370,0.52,0.9285,100,0.53,0.9464,1,0.53,0.9464,418,0
SPY190520C288,2019-05-17,2019-05-17 09:34:19,0.54,0.9642,156,0.53,0.9464,122,0.53,0.9464,1,0.535,0.9553,418,0
SPY190520C288,2019-05-17,2019-05-17 09:34:20,0.55,0.9821,1010,0.53,0.9464,100,0.53,0.9464,1,0.54,0.9642,418,0
SPY190520C288,2019-05-17,2019-05-17 09:34:21,0.54,0.9642,67,0.53,0.9464,64,0.53,0.9464,1,0.535,0.9553,418,0
SPY190520C288,2019-05-17,2019-05-17 09:34:22,0.54,0.9642,220,0.53,0.9464,64,0.53,0.9464,1,0.535,0.9553,418,0
SPY190520C288,2019-05-17,2019-05-17 09:34:23,0.54,0.9642,335,0.53,0.9464,16,0.53,0.9464,1,0.535,0.9553,419,1
SPY190520C288,2019-05-17,2019-05-17 09:34:24,0.55,0.9821,838,0.54,0.9642,70,0.53,0.9464,1,0.545,0.9732,419,0
SPY190520C288,2019-05-17,2019-05-17 09:34:25,0.55,0.9821,838,0.54,0.9642,50,0.54,0.9642,1,0.545,0.9732,420,1
SPY190520C288,2019-05-17,2019-05-17 09:34:26,0.54,0.9642,104,0.53,0.9464,100,0.54,0.9642,1,0.535,0.9553,420,0
SPY190520C288,2019-05-17,2019-05-17 09:34:27,0.54,0.9642,104,0.53,0.9464,100,0.54,0.9642,1,0.535,0.9553,420,0
SPY190520C288,2019-05-17,2019-05-17 09:34:28,0.54,0.9642,486,0.52,0.9285,147,0.54,0.9642,1,0.53,0.9464,420,0
SPY190520C288,2019-05-17,2019-05-17 09:34:29,0.53,0.9464,156,0.52,0.9285,100,0.52,0.9285,20,0.525,0.9375,441,21
SPY190520C288,2019-05-17,2019-05-17 09:34:30,0.53,0.9464,164,0.52,0.9285,100,0.53,0.9464,4,0.525,0.9375,445,4
SPY190520C288,2019-05-17,2019-05-17 09:34:31,0.53,0.9464,234,0.52,0.9285,100,0.53,0.9464,4,0.525,0.9375,445,0
SPY190520C288,2019-05-17,2019-05-17 09:34:32,0.53,0.9464,203,0.52,0.9285,70,0.53,0.9464,4,0.525,0.9375,445,0
SPY190520C288,2019-05-17,2019-05-17 09:34:33,0.53,0.9464,396,0.51,0.9107,6,0.53,0.9464,4,0.52,0.9285,445,0
SPY190520C288,2019-05-17,2019-05-17 09:34:34,0.52,0.9285,262,0.49,0.875,604,0.53,0.9464,4,0.505,0.9017,445,0
SPY190520C288,2019-05-17,2019-05-17 09:34:35,0.51,0.9107,146,0.5,0.8928,100,0.53,0.9464,4,0.505,0.9017,445,0
SPY190520C288,2019-05-17,2019-05-17 09:34:36,0.51,0.9107,216,0.5,0.8928,58,0.53,0.9464,4,0.505,0.9017,445,0
SPY190520C288,2019-05-17,2019-05-17 09:34:37,0.51,0.9107,117,0.5,0.8928,60,0.52,0.9285,10,0.505,0.9017,460,15
SPY190520C288,2019-05-17,2019-05-17 09:34:38,0.51,0.9107,76,0.5,0.8928,65,0.52,0.9285,10,0.505,0.9017,460,0
SPY190520C288,2019-05-17,2019-05-17 09:34:39,0.51,0.9107,182,0.5,0.8928,5,0.5,0.8928,200,0.505,0.9017,660,200
SPY190520C288,2019-05-17,2019-05-17 09:34:40,0.51,0.9107,168,0.5,0.8928,75,0.5,0.8928,200,0.505,0.9017,660,0
SPY190520C288,2019-05-17,2019-05-17 09:34:41,0.51,0.9107,226,0.5,0.8928,75,0.5,0.8928,200,0.505,0.9017,660,0
SPY190520C288,2019-05-17,2019-05-17 09:34:42,0.51,0.9107,179,0.5,0.8928,75,0.5,0.8928,200,0.505,0.9017,660,0
SPY190520C288,2019-05-17,2019-05-17 09:34:43,0.51,0.9107,249,0.5,0.8928,50,0.5,0.8928,200,0.505,0.9017,660,0
SPY190520C288,2019-05-17,2019-05-17 09:34:44,0.51,0.9107,450,0.5,0.8928,50,0.5,0.8928,200,0.505,0.9017,660,0
SPY190520C288,2019-05-17,2019-05-17 09:34:45,0.51,0.9107,114,0.5,0.8928,50,0.5,0.8928,200,0.505,0.9017,660,0
SPY190520C288,2019-05-17,2019-05-17 09:34:46,0.51,0.9107,222,0.5,0.8928,5,0.5,0.8928,200,0.505,0.9017,660,0
SPY190520C288,2019-05-17,2019-05-17 09:34:47,0.51,0.9107,31,0.5,0.8928,50,0.5,0.8928,200,0.505,0.9017,660,0
SPY190520C288,2019-05-17,2019-05-17 09:34:49,0.51,0.9107,842,0.49,0.875,141,0.49,0.875,1,0.5,0.8928,666,6
SPY190520C288,2019-05-17,2019-05-17 09:34:50,0.51,0.9107,101,0.49,0.875,101,0.49,0.875,1,0.5,0.8928,666,0
SPY190520C288,2019-05-17,2019-05-17 09:34:51,0.51,0.9107,106,0.5,0.8928,75,0.49,0.875,1,0.505,0.9017,666,0
SPY190520C288,2019-05-17,2019-05-17 09:34:52,0.52,0.9285,30,0.5,0.8928,1125,0.49,0.875,1,0.51,0.9107,666,0
SPY190520C288,2019-05-17,2019-05-17 09:34:52,0.52,0.9285,78,0.51,0.9107,36,0.49,0.875,1,0.515,0.9196,666,0
SPY190520C288,2019-05-17,2019-05-17 09:34:53,0.52,0.9285,78,0.51,0.9107,45,0.49,0.875,1,0.515,0.9196,666,0
SPY190520C288,2019-05-17,2019-05-17 09:34:54,0.53,0.9464,71,0.52,0.9285,83,0.49,0.875,1,0.525,0.9375,666,0
SPY190520C288,2019-05-17,2019-05-17 09:34:55,0.53,0.9464,154,0.52,0.9285,69,0.49,0.875,1,0.525,0.9375,666,0
SPY190520C288,2019-05-17,2019-05-17 09:34:56,0.53,0.9464,153,0.52,0.9285,69,0.49,0.875,1,0.525,0.9375,666,0
SPY190520C288,2019-05-17,2019-05-17 09:34:58,0.53,0.9464,176,0.51,0.9107,830,0.49,0.875,1,0.52,0.9285,666,0
SPY190520C288,2019-05-17,2019-05-17 09:34:59,0.53,0.9464,841,0.51,0.9107,34,0.49,0.875,1,0.52,0.9285,666,0
SPY190520C288,2019-05-17,2019-05-17 09:35:00,0.53,0.9464,575,0.51,0.9107,703,0.49,0.875,1,0.52,0.9285,666,0
SPY190520C288,2019-05-17,2019-05-17 09:35:01,0.53,0.9464,906,0.51,0.9107,607,0.49,0.875,1,0.52,0.9285,666,0
SPY190520C288,2019-05-17,2019-05-17 09:35:02,0.53,0.9464,239,0.51,0.9107,830,0.49,0.875,1,0.52,0.9285,666,0
SPY190520C288,2019-05-17,2019-05-17 09:35:03,0.54,0.9642,119,0.52,0.9285,69,0.49,0.875,1,0.53,0.9464,666,0
SPY190520C288,2019-05-17,2019-05-17 09:35:04,0.54,0.9642,239,0.53,0.9464,69,0.49,0.875,1,0.535,0.9553,666,0
SPY190520C288,2019-05-17,2019-05-17 09:35:05,0.54,0.9642,192,0.53,0.9464,67,0.49,0.875,1,0.535,0.9553,666,0
SPY190520C288,2019-05-17,2019-05-17 09:35:06,0.55,0.9821,830,0.53,0.9464,67,0.49,0.875,1,0.54,0.9642,666,0
SPY190520C288,2019-05-17,2019-05-17 09:35:07,0.55,0.9821,570,0.53,0.9464,488,0.53,0.9464,20,0.54,0.9642,686,20
SPY190520C288,2019-05-17,2019-05-17 09:35:08,0.55,0.9821,510,0.53,0.9464,69,0.53,0.9464,20,0.54,0.9642,686,0
SPY190520C288,2019-05-17,2019-05-17 09:35:09,0.54,0.9642,71,0.53,0.9464,69,0.53,0.9464,20,0.535,0.9553,686,0
SPY190520C288,2019-05-17,2019-05-17 09:35:10,0.54,0.9642,206,0.53,0.9464,69,0.54,0.9642,1,0.535,0.9553,687,1
SPY190520C288,2019-05-17,2019-05-17 09:35:20,0.53,0.9464,249,0.52,0.9285,1,0.53,0.9464,1,0.525,0.9375,689,2
SPY190520C288,2019-05-17,2019-05-17 09:35:21,0.53,0.9464,804,0.52,0.9285,1,0.53,0.9464,1,0.525,0.9375,689,0
SPY190520C288,2019-05-17,2019-05-17 09:35:22,0.53,0.9464,223,0.52,0.9285,1,0.53,0.9464,1,0.525,0.9375,689,0
SPY190520C288,2019-05-17,2019-05-17 09:35:23,0.53,0.9464,267,0.52,0.9285,1,0.53,0.9464,1,0.525,0.9375,689,0
SPY190520C288,2019-05-17,2019-05-17 09:35:24,0.53,0.9464,624,0.52,0.9285,1,0.53,0.9464,1,0.525,0.9375,689,0
SPY190520C288,2019-05-17,2019-05-17 09:35:25,0.53,0.9464,893,0.52,0.9285,1,0.53,0.9464,1,0.525,0.9375,689,0
SPY190520C288,2019-05-17,2019-05-17 09:35:26,0.53,0.9464,943,0.52,0.9285,1,0.53,0.9464,1,0.525,0.9375,689,0
SPY190520C288,2019-05-17,2019-05-17 09:35:27,0.53,0.9464,943,0.52,0.9285,1,0.53,0.9464,1,0.525,0.9375,689,0
SPY190520C288,2019-05-17,2019-05-17 09:35:28,0.53,0.9464,943,0.52,0.9285,1,0.53,0.9464,1,0.525,0.9375,689,0
SPY190520C288,2019-05-17,2019-05-17 09:35:29,0.53,0.9464,943,0.52,0.9285,1,0.53,0.9464,1,0.525,0.9375,689,0
SPY190520C288,2019-05-17,2019-05-17 09:35:30,0.53,0.9464,879,0.52,0.9285,1,0.53,0.9464,1,0.525,0.9375,689,0
SPY190520C288,2019-05-17,2019-05-17 09:35:31,0.53,0.9464,247,0.52,0.9285,1,0.53,0.9464,1,0.525,0.9375,689,0
SPY190520C288,2019-05-17,2019-05-17 09:35:32,0.53,0.9464,550,0.52,0.9285,1,0.52,0.9285,5,0.525,0.9375,694,5
SPY190520C288,2019-05-17,2019-05-17 09:35:33,0.52,0.9285,76,0.5,0.8928,96,0.52,0.9285,1,0.51,0.9107,695,1
SPY190520C288,2019-05-17,2019-05-17 09:35:34,0.53,0.9464,341,0.5,0.8928,1270,0.52,0.9285,1,0.515,0.9196,695,0
SPY190520C288,2019-05-17,2019-05-17 09:35:35,0.52,0.9285,86,0.51,0.9107,50,0.52,0.9285,1,0.515,0.9196,695,0
SPY190520C288,2019-05-17,2019-05-17 09:35:36,0.52,0.9285,286,0.5,0.8928,680,0.52,0.9285,4,0.51,0.9107,699,4
SPY190520C288,2019-05-17,2019-05-17 09:35:37,0.52,0.9285,1233,0.5,0.8928,680,0.52,0.9285,4,0.51,0.9107,699,0
SPY190520C288,2019-05-17,2019-05-17 09:35:38,0.52,0.9285,1133,0.5,0.8928,680,0.52,0.9285,4,0.51,0.9107,699,0
SPY190520C288,2019-05-17,2019-05-17 09:35:38,0.52,0.9285,952,0.5,0.8928,132,0.52,0.9285,4,0.51,0.9107,699,0
SPY190520C288,2019-05-17,2019-05-17 09:35:39,0.52,0.9285,797,0.5,0.8928,132,0.52,0.9285,4,0.51,0.9107,699,0
SPY190520C288,2019-05-17,2019-05-17 09:35:40,0.52,0.9285,953,0.51,0.9107,50,0.52,0.9285,4,0.515,0.9196,699,0
SPY190520C288,2019-05-17,2019-05-17 09:35:41,0.52,0.9285,1037,0.5,0.8928,96,0.52,0.9285,4,0.51,0.9107,699,0
SPY190520C288,2019-05-17,2019-05-17 09:35:42,0.51,0.9107,90,0.5,0.8928,96,0.52,0.9285,4,0.505,0.9017,699,0
SPY190520C288,2019-05-17,2019-05-17 09:35:43,0.52,0.9285,891,0.5,0.8928,96,0.52,0.9285,4,0.51,0.9107,699,0
SPY190520C288,2019-05-17,2019-05-17 09:35:45,0.52,0.9285,578,0.5,0.8928,96,0.52,0.9285,4,0.51,0.9107,699,0
SPY190520C288,2019-05-17,2019-05-17 09:35:46,0.51,0.9107,59,0.5,0.8928,96,0.52,0.9285,4,0.505,0.9017,699,0
SPY190520C288,2019-05-17,2019-05-17 09:35:47,0.52,0.9285,663,0.5,0.8928,96,0.52,0.9285,4,0.51,0.9107,699,0
SPY190520C288,2019-05-17,2019-05-17 09:35:48,0.52,0.9285,578,0.5,0.8928,143,0.52,0.9285,4,0.51,0.9107,699,0
SPY190520C288,2019-05-17,2019-05-17 09:35:49,0.52,0.9285,185,0.5,0.8928,143,0.52,0.9285,4,0.51,0.9107,699,0
SPY190520C288,2019-05-17,2019-05-17 09:35:50,0.52,0.9285,185,0.5,0.8928,286,0.52,0.9285,4,0.51,0.9107,699,0
SPY190520C288,2019-05-17,2019-05-17 09:35:51,0.52,0.9285,10,0.5,0.8928,286,0.52,0.9285,4,0.51,0.9107,699,0
SPY190520C288,2019-05-17,2019-05-17 09:35:52,0.52,0.9285,12,0.51,0.9107,100,0.52,0.9285,4,0.515,0.9196,699,0
SPY190520C288,2019-05-17,2019-05-17 09:35:53,0.52,0.9285,10,0.51,0.9107,150,0.52,0.9285,4,0.515,0.9196,699,0
SPY190520C288,2019-05-17,2019-05-17 09:35:54,0.52,0.9285,10,0.51,0.9107,150,0.52,0.9285,4,0.515,0.9196,699,0
SPY190520C288,2019-05-17,2019-05-17 09:35:55,0.52,0.9285,4,0.51,0.9107,198,0.52,0.9285,3,0.515,0.9196,706,7
SPY190520C288,2019-05-17,2019-05-17 09:35:56,0.52,0.9285,4,0.51,0.9107,266,0.52,0.9285,3,0.515,0.9196,706,0
SPY190520C288,2019-05-17,2019-05-17 09:35:57,0.52,0.9285,2,0.51,0.9107,935,0.52,0.9285,3,0.515,0.9196,706,0
SPY190520C288,2019-05-17,2019-05-17 09:35:58,0.54,0.9642,450,0.52,0.9285,122,0.52,0.9285,1,0.53,0.9464,710,4
SPY190520C288,2019-05-17,2019-05-17 09:35:59,0.55,0.9821,316,0.52,0.9285,659,0.52,0.9285,1,0.535,0.9553,710,0
SPY190520C288,2019-05-17,2019-05-17 09:36:00,0.55,0.9821,799,0.53,0.9464,133,0.52,0.9285,1,0.54,0.9642,710,0
SPY190520C288,2019-05-17,2019-05-17 09:36:00,0.55,0.9821,751,0.52,0.9285,1257,0.52,0.9285,1,0.535,0.9553,710,0
SPY190520C288,2019-05-17,2019-05-17 09:36:01,0.55,0.9821,799,0.53,0.9464,100,0.52,0.9285,1,0.54,0.9642,710,0
SPY190520C288,2019-05-17,2019-05-17 09:36:02,0.55,0.9821,782,0.53,0.9464,129,0.52,0.9285,1,0.54,0.9642,710,0
SPY190520C288,2019-05-17,2019-05-17 09:36:03,0.55,0.9821,809,0.53,0.9464,129,0.52,0.9285,1,0.54,0.9642,710,0
SPY190520C288,2019-05-17,2019-05-17 09:36:04,0.54,0.9642,20,0.52,0.9285,21,0.52,0.9285,1,0.53,0.9464,710,0
SPY190520C288,2019-05-17,2019-05-17 09:36:05,0.54,0.9642,748,0.52,0.9285,66,0.52,0.9285,1,0.53,0.9464,710,0
SPY190520C288,2019-05-17,2019-05-17 09:36:07,0.54,0.9642,748,0.53,0.9464,183,0.53,0.9464,2,0.535,0.9553,732,22
SPY190520C288,2019-05-17,2019-05-17 09:36:08,0.54,0.9642,879,0.53,0.9464,50,0.53,0.9464,2,0.535,0.9553,732,0
SPY190520C288,2019-05-17,2019-05-17 09:36:09,0.54,0.9642,879,0.53,0.9464,62,0.53,0.9464,2,0.535,0.9553,732,0
SPY190520C288,2019-05-17,2019-05-17 09:36:10,0.54,0.9642,80,0.53,0.9464,149,0.53,0.9464,2,0.535,0.9553,732,0
SPY190520C288,2019-05-17,2019-05-17 09:36:11,0.54,0.9642,130,0.53,0.9464,67,0.53,0.9464,2,0.535,0.9553,732,0
SPY190520C288,2019-05-17,2019-05-17 09:36:12,0.54,0.9642,176,0.53,0.9464,64,0.53,0.9464,2,0.535,0.9553,732,0
SPY190520C288,2019-05-17,2019-05-17 09:36:13,0.54,0.9642,1316,0.52,0.9285,3,0.53,0.9464,25,0.53,0.9464,757,25
SPY190520C288,2019-05-17,2019-05-17 09:36:14,0.53,0.9464,239,0.52,0.9285,77,0.53,0.9464,1,0.525,0.9375,759,2
SPY190520C288,2019-05-17,2019-05-17 09:36:15,0.53,0.9464,551,0.52,0.9285,50,0.53,0.9464,1,0.525,0.9375,759,0
SPY190520C288,2019-05-17,2019-05-17 09:36:16,0.53,0.9464,551,0.52,0.9285,5,0.53,0.9464,1,0.525,0.9375,759,0
SPY190520C288,2019-05-17,2019-05-17 09:36:17,0.53,0.9464,897,0.52,0.9285,3,0.53,0.9464,1,0.525,0.9375,759,0
SPY190520C288,2019-05-17,2019-05-17 09:36:18,0.53,0.9464,1041,0.52,0.9285,3,0.53,0.9464,1,0.525,0.9375,759,0
SPY190520C288,2019-05-17,2019-05-17 09:36:19,0.52,0.9285,623,0.5,0.8928,100,0.52,0.9285,3,0.51,0.9107,766,7
SPY190520C288,2019-05-17,2019-05-17 09:36:20,0.52,0.9285,706,0.5,0.8928,127,0.52,0.9285,3,0.51,0.9107,766,0
SPY190520C288,2019-05-17,2019-05-17 09:36:21,0.52,0.9285,192,0.51,0.9107,68,0.5,0.8928,4,0.515,0.9196,772,0
SPY190520C288,2019-05-17,2019-05-17 09:36:21,0.52,0.9285,211,0.5,0.8928,123,0.5,0.8928,4,0.51,0.9107,772,6
SPY190520C288,2019-05-17,2019-05-17 09:36:22,0.52,0.9285,371,0.51,0.9107,50,0.5,0.8928,4,0.515,0.9196,772,0
SPY190520C288,2019-05-17,2019-05-17 09:36:23,0.52,0.9285,1046,0.5,0.8928,154,0.5,0.8928,4,0.51,0.9107,772,0
SPY190520C288,2019-05-17,2019-05-17 09:36:24,0.52,0.9285,864,0.5,0.8928,154,0.5,0.8928,4,0.51,0.9107,772,0
SPY190520C288,2019-05-17,2019-05-17 09:36:26,0.51,0.9107,47,0.5,0.8928,100,0.5,0.8928,4,0.505,0.9017,772,0
SPY190520C288,2019-05-17,2019-05-17 09:36:27,0.52,0.9285,727,0.5,0.8928,100,0.5,0.8928,4,0.51,0.9107,772,0
SPY190520C288,2019-05-17,2019-05-17 09:36:28,0.52,0.9285,226,0.51,0.9107,67,0.5,0.8928,4,0.515,0.9196,772,0
SPY190520C288,2019-05-17,2019-05-17 09:36:29,0.52,0.9285,206,0.51,0.9107,67,0.5,0.8928,4,0.515,0.9196,772,0
SPY190520C288,2019-05-17,2019-05-17 09:36:30,0.53,0.9464,153,0.5,0.8928,314,0.5,0.8928,4,0.515,0.9196,772,0
SPY190520C288,2019-05-17,2019-05-17 09:36:31,0.53,0.9464,179,0.52,0.9285,83,0.5,0.8928,4,0.525,0.9375,772,0
SPY190520C288,2019-05-17,2019-05-17 09:36:32,0.53,0.9464,125,0.52,0.9285,100,0.5,0.8928,4,0.525,0.9375,772,0
SPY190520C288,2019-05-17,2019-05-17 09:36:33,0.53,0.9464,240,0.52,0.9285,97,0.5,0.8928,4,0.525,0.9375,772,0
SPY190520C288,2019-05-17,2019-05-17 09:36:34,0.55,0.9821,391,0.52,0.9285,534,0.5,0.8928,4,0.535,0.9553,772,0
SPY190520C288,2019-05-17,2019-05-17 09:36:35,0.55,0.9821,1439,0.53,0.9464,50,0.5,0.8928,4,0.54,0.9642,772,0
SPY190520C288,2019-05-17,2019-05-17 09:36:36,0.54,0.9642,276,0.53,0.9464,39,0.5,0.8928,4,0.535,0.9553,772,0
SPY190520C288,2019-05-17,2019-05-17 09:36:37,0.54,0.9642,50,0.53,0.9464,63,0.5,0.8928,4,0.535,0.9553,772,0
SPY190520C288,2019-05-17,2019-05-17 09:36:38,0.54,0.9642,71,0.53,0.9464,61,0.5,0.8928,4,0.535,0.9553,772,0
SPY190520C288,2019-05-17,2019-05-17 09:36:39,0.54,0.9642,249,0.53,0.9464,107,0.5,0.8928,4,0.535,0.9553,772,0
SPY190520C288,2019-05-17,2019-05-17 09:36:40,0.54,0.9642,58,0.53,0.9464,137,0.5,0.8928,4,0.535,0.9553,772,0
SPY190520C288,2019-05-17,2019-05-17 09:36:41,0.54,0.9642,80,0.53,0.9464,100,0.5,0.8928,4,0.535,0.9553,772,0
SPY190520C288,2019-05-17,2019-05-17 09:36:42,0.55,0.9821,230,0.53,0.9464,88,0.5,0.8928,4,0.54,0.9642,772,0
SPY190520C288,2019-05-17,2019-05-17 09:36:43,0.55,0.9821,183,0.53,0.9464,921,0.5,0.8928,4,0.54,0.9642,772,0
SPY190520C288,2019-05-17,2019-05-17 09:36:44,0.55,0.9821,121,0.53,0.9464,312,0.5,0.8928,4,0.54,0.9642,772,0
SPY190520C288,2019-05-17,2019-05-17 09:36:45,0.55,0.9821,358,0.53,0.9464,938,0.5,0.8928,4,0.54,0.9642,772,0
SPY190520C288,2019-05-17,2019-05-17 09:36:46,0.55,0.9821,243,0.53,0.9464,735,0.5,0.8928,4,0.54,0.9642,772,0
SPY190520C288,2019-05-17,2019-05-17 09:36:47,0.55,0.9821,143,0.54,0.9642,150,0.5,0.8928,4,0.545,0.9732,772,0
SPY190520C288,2019-05-17,2019-05-17 09:36:48,0.56,1.0,511,0.54,0.9642,175,0.54,0.9642,6,0.55,0.9821,778,6
SPY190520C288,2019-05-17,2019-05-17 09:36:49,0.56,1.0,511,0.54,0.9642,134,0.54,0.9642,6,0.55,0.9821,778,0
SPY190520C288,2019-05-17,2019-05-17 09:36:50,0.55,0.9821,39,0.54,0.9642,140,0.54,0.9642,6,0.545,0.9732,778,0
SPY190520C288,2019-05-17,2019-05-17 09:36:51,0.55,0.9821,319,0.54,0.9642,3,0.54,0.9642,6,0.545,0.9732,778,0
SPY190520C288,2019-05-17,2019-05-17 09:36:52,0.55,0.9821,98,0.54,0.9642,100,0.54,0.9642,6,0.545,0.9732,778,0
SPY190520C288,2019-05-17,2019-05-17 09:36:53,0.55,0.9821,224,0.54,0.9642,50,0.54,0.9642,6,0.545,0.9732,778,0
SPY190520C288,2019-05-17,2019-05-17 09:36:54,0.55,0.9821,126,0.54,0.9642,77,0.55,0.9821,3,0.545,0.9732,781,3
SPY190520C288,2019-05-17,2019-05-17 09:36:55,0.55,0.9821,180,0.54,0.9642,3,0.55,0.9821,3,0.545,0.9732,781,0
SPY190520C288,2019-05-17,2019-05-17 09:36:57,0.54,0.9642,21,0.52,0.9285,547,0.54,0.9642,3,0.53,0.9464,784,3
SPY190520C288,2019-05-17,2019-05-17 09:36:58,0.54,0.9642,131,0.53,0.9464,50,0.54,0.9642,3,0.535,0.9553,784,0
SPY190520C288,2019-05-17,2019-05-17 09:36:59,0.54,0.9642,204,0.52,0.9285,148,0.54,0.9642,3,0.53,0.9464,784,0
SPY190520C288,2019-05-17,2019-05-17 09:37:00,0.54,0.9642,218,0.52,0.9285,259,0.54,0.9642,3,0.53,0.9464,784,0
SPY190520C288,2019-05-17,2019-05-17 09:37:01,0.54,0.9642,208,0.52,0.9285,1220,0.54,0.9642,3,0.53,0.9464,784,0
SPY190520C288,2019-05-17,2019-05-17 09:37:02,0.54,0.9642,208,0.53,0.9464,100,0.54,0.9642,3,0.535,0.9553,784,0
SPY190520C288,2019-05-17,2019-05-17 09:37:03,0.54,0.9642,20,0.53,0.9464,132,0.54,0.9642,3,0.535,0.9553,784,0
SPY190520C288,2019-05-17,2019-05-17 09:37:04,0.55,0.9821,706,0.53,0.9464,138,0.54,0.9642,3,0.54,0.9642,784,0
SPY190520C288,2019-05-17,2019-05-17 09:37:05,0.55,0.9821,706,0.53,0.9464,150,0.54,0.9642,3,0.54,0.9642,784,0
SPY190520C288,2019-05-17,2019-05-17 09:37:07,0.56,1.0,246,0.54,0.9642,272,0.54,0.9642,3,0.55,0.9821,784,0
SPY190520C288,2019-05-17,2019-05-17 09:37:08,0.56,1.0,496,0.54,0.9642,272,0.54,0.9642,3,0.55,0.9821,784,0
SPY190520C288,2019-05-17,2019-05-17 09:37:09,0.56,1.0,496,0.55,0.9821,50,0.54,0.9642,3,0.555,0.991,784,0
SPY190520C288,2019-05-17,2019-05-17 09:37:10,0.55,0.9821,143,0.53,0.9464,1154,0.54,0.9642,3,0.54,0.9642,784,0
SPY190520C288,2019-05-17,2019-05-17 09:37:11,0.55,0.9821,137,0.53,0.9464,1126,0.54,0.9642,3,0.54,0.9642,784,0
SPY190520C288,2019-05-17,2019-05-17 09:37:12,0.56,1.0,1039,0.54,0.9642,100,0.54,0.9642,3,0.55,0.9821,784,0
SPY190520C288,2019-05-17,2019-05-17 09:37:13,0.55,0.9821,80,0.54,0.9642,100,0.54,0.9642,3,0.545,0.9732,784,0
SPY190520C288,2019-05-17,2019-05-17 09:37:14,0.55,0.9821,363,0.54,0.9642,25,0.54,0.9642,3,0.545,0.9732,784,0
SPY190520C288,2019-05-17,2019-05-17 09:37:15,0.55,0.9821,351,0.53,0.9464,188,0.54,0.9642,3,0.54,0.9642,784,0
SPY190520C288,2019-05-17,2019-05-17 09:37:16,0.54,0.9642,6,0.53,0.9464,100,0.54,0.9642,3,0.535,0.9553,784,0
SPY190520C288,2019-05-17,2019-05-17 09:37:17,0.55,0.9821,130,0.54,0.9642,7,0.55,0.9821,2,0.545,0.9732,786,2
SPY190520C288,2019-05-17,2019-05-17 09:37:18,0.55,0.9821,180,0.54,0.9642,100,0.55,0.9821,2,0.545,0.9732,786,0
SPY190520C288,2019-05-17,2019-05-17 09:37:19,0.56,1.0,1061,0.55,0.9821,6,0.55,0.9821,2,0.555,0.991,786,0
SPY190520C288,2019-05-17,2019-05-17 09:37:20,0.56,1.0,652,0.54,0.9642,100,0.55,0.9821,2,0.55,0.9821,786,0
SPY190520C288,2019-05-17,2019-05-17 09:37:22,0.56,1.0,123,0.55,0.9821,100,0.55,0.9821,2,0.555,0.991,786,0
SPY190520C288,2019-05-17,2019-05-17 09:37:23,0.56,1.0,151,0.55,0.9821,100,0.55,0.9821,2,0.555,0.991,786,0
SPY190520C288,2019-05-17,2019-05-17 09:37:24,0.56,1.0,307,0.55,0.9821,54,0.55,0.9821,2,0.555,0.991,786,0
SPY190520C288,2019-05-17,2019-05-17 09:37:25,0.56,1.0,483,0.54,0.9642,105,0.55,0.9821,2,0.55,0.9821,786,0
SPY190520C288,2019-05-17,2019-05-17 09:37:26,0.56,1.0,707,0.55,0.9821,7,0.55,0.9821,2,0.555,0.991,786,0
SPY190520C288,2019-05-17,2019-05-17 09:37:27,0.56,1.0,483,0.55,0.9821,7,0.55,0.9821,2,0.555,0.991,786,0
SPY190520C288,2019-05-17,2019-05-17 09:37:28,0.56,1.0,889,0.55,0.9821,1,0.55,0.9821,2,0.555,0.991,786,0
SPY190520C288,2019-05-17,2019-05-17 09:37:29,0.56,1.0,789,0.55,0.9821,1,0.55,0.9821,2,0.555,0.991,786,0
SPY190520C288,2019-05-17,2019-05-17 09:37:30,0.56,1.0,788,0.55,0.9821,1,0.55,0.9821,2,0.555,0.991,786,0
SPY190520C288,2019-05-17,2019-05-17 09:37:31,0.56,1.0,788,0.55,0.9821,1,0.55,0.9821,2,0.555,0.991,786,0
SPY190520C288,2019-05-17,2019-05-17 09:37:32,0.56,1.0,508,0.55,0.9821,54,0.55,0.9821,2,0.555,0.991,786,0
SPY190520C288,2019-05-17,2019-05-17 09:37:33,0.56,1.0,261,0.55,0.9821,53,0.55,0.9821,2,0.555,0.991,786,0
SPY190520C288,2019-05-17,2019-05-17 09:37:34,0.56,1.0,248,0.55,0.9821,100,0.56,1.0,1,0.555,0.991,787,1
SPY190520C288,2019-05-17,2019-05-17 09:37:35,0.56,1.0,248,0.55,0.9821,100,0.56,1.0,1,0.555,0.991,787,0
SPY190520C288,2019-05-17,2019-05-17 09:37:36,0.56,1.0,296,0.55,0.9821,100,0.56,1.0,1,0.555,0.991,787,0
SPY190520C288,2019-05-17,2019-05-17 09:37:37,0.57,1.0178,647,0.55,0.9821,386,0.56,1.0,1,0.56,1.0,787,0
SPY190520C288,2019-05-17,2019-05-17 09:37:38,0.57,1.0178,570,0.56,1.0,9,0.56,1.0,1,0.565,1.0089,787,0
SPY190520C288,2019-05-17,2019-05-17 09:37:39,0.57,1.0178,108,0.56,1.0,100,0.56,1.0,1,0.565,1.0089,787,0
SPY190520C288,2019-05-17,2019-05-17 09:37:40,0.57,1.0178,70,0.56,1.0,100,0.56,1.0,1,0.565,1.0089,787,0
SPY190520C288,2019-05-17,2019-05-17 09:37:41,0.58,1.0357,1089,0.56,1.0,67,0.56,1.0,1,0.57,1.0178,787,0
SPY190520C288,2019-05-17,2019-05-17 09:37:42,0.58,1.0357,450,0.56,1.0,66,0.56,1.0,1,0.57,1.0178,787,0
SPY190520C288,2019-05-17,2019-05-17 09:37:43,0.57,1.0178,77,0.56,1.0,95,0.56,1.0,1,0.565,1.0089,787,0
SPY190520C288,2019-05-17,2019-05-17 09:37:44,0.57,1.0178,260,0.56,1.0,100,0.56,1.0,1,0.565,1.0089,787,0
SPY190520C288,2019-05-17,2019-05-17 09:37:45,0.57,1.0178,511,0.56,1.0,64,0.56,1.0,1,0.565,1.0089,787,0
SPY190520C288,2019-05-17,2019-05-17 09:37:46,0.57,1.0178,260,0.56,1.0,64,0.56,1.0,1,0.565,1.0089,787,0
SPY190520C288,2019-05-17,2019-05-17 09:37:47,0.58,1.0357,363,0.56,1.0,100,0.56,1.0,1,0.57,1.0178,787,0
SPY190520C288,2019-05-17,2019-05-17 09:37:48,0.57,1.0178,70,0.56,1.0,100,0.56,1.0,1,0.565,1.0089,787,0
SPY190520C288,2019-05-17,2019-05-17 09:37:49,0.57,1.0178,182,0.56,1.0,60,0.56,1.0,1,0.565,1.0089,787,0
SPY190520C288,2019-05-17,2019-05-17 09:37:50,0.57,1.0178,97,0.56,1.0,63,0.56,1.0,1,0.565,1.0089,787,0
SPY190520C288,2019-05-17,2019-05-17 09:37:51,0.57,1.0178,281,0.56,1.0,99,0.56,1.0,1,0.565,1.0089,788,1
SPY190520C288,2019-05-17,2019-05-17 09:37:52,0.58,1.0357,135,0.56,1.0,68,0.56,1.0,1,0.57,1.0178,788,0
SPY190520C288,2019-05-17,2019-05-17 09:37:53,0.58,1.0357,379,0.56,1.0,601,0.56,1.0,1,0.57,1.0178,788,0
SPY190520C288,2019-05-17,2019-05-17 09:37:54,0.58,1.0357,379,0.56,1.0,671,0.56,1.0,1,0.57,1.0178,788,0
SPY190520C288,2019-05-17,2019-05-17 09:37:55,0.58,1.0357,449,0.56,1.0,671,0.56,1.0,1,0.57,1.0178,788,0
SPY190520C288,2019-05-17,2019-05-17 09:37:56,0.58,1.0357,449,0.56,1.0,671,0.56,1.0,1,0.57,1.0178,788,0
SPY190520C288,2019-05-17,2019-05-17 09:37:57,0.58,1.0357,449,0.56,1.0,671,0.56,1.0,1,0.57,1.0178,788,0
SPY190520C288,2019-05-17,2019-05-17 09:37:58,0.59,1.0535,1012,0.57,1.0178,119,0.56,1.0,1,0.58,1.0357,788,0
SPY190520C288,2019-05-17,2019-05-17 09:37:59,0.59,1.0535,682,0.57,1.0178,168,0.56,1.0,1,0.58,1.0357,788,0
SPY190520C288,2019-05-17,2019-05-17 09:38:01,0.58,1.0357,70,0.57,1.0178,164,0.57,1.0178,10,0.575,1.0267,798,10
SPY190520C288,2019-05-17,2019-05-17 09:38:02,0.58,1.0357,252,0.57,1.0178,191,0.57,1.0178,10,0.575,1.0267,798,0
SPY190520C288,2019-05-17,2019-05-17 09:38:03,0.58,1.0357,252,0.57,1.0178,108,0.57,1.0178,2,0.575,1.0267,805,7
SPY190520C288,2019-05-17,2019-05-17 09:38:04,0.57,1.0178,50,0.56,1.0,100,0.57,1.0178,49,0.565,1.0089,888,83
SPY190520C288,2019-05-17,2019-05-17 09:38:05,0.57,1.0178,63,0.56,1.0,100,0.57,1.0178,49,0.565,1.0089,888,0
SPY190520C288,2019-05-17,2019-05-17 09:38:06,0.58,1.0357,1157,0.57,1.0178,5,0.57,1.0178,49,0.575,1.0267,888,0
SPY190520C288,2019-05-17,2019-05-17 09:38:07,0.58,1.0357,1293,0.57,1.0178,5,0.57,1.0178,49,0.575,1.0267,888,0
SPY190520C288,2019-05-17,2019-05-17 09:38:08,0.58,1.0357,1293,0.57,1.0178,5,0.57,1.0178,49,0.575,1.0267,888,0
SPY190520C288,2019-05-17,2019-05-17 09:38:09,0.58,1.0357,174,0.57,1.0178,5,0.57,1.0178,49,0.575,1.0267,888,0
SPY190520C288,2019-05-17,2019-05-17 09:38:10,0.6,1.0714,95,0.57,1.0178,70,0.57,1.0178,49,0.585,1.0446,888,0
SPY190520C288,2019-05-17,2019-05-17 09:38:11,0.59,1.0535,354,0.58,1.0357,65,0.57,1.0178,49,0.585,1.0446,888,0
SPY190520C288,2019-05-17,2019-05-17 09:38:12,0.59,1.0535,626,0.57,1.0178,100,0.57,1.0178,49,0.58,1.0357,888,0
SPY190520C288,2019-05-17,2019-05-17 09:38:13,0.59,1.0535,540,0.57,1.0178,100,0.57,1.0178,49,0.58,1.0357,888,0
SPY190520C288,2019-05-17,2019-05-17 09:38:14,0.59,1.0535,272,0.57,1.0178,210,0.58,1.0357,24,0.58,1.0357,912,24
SPY190520C288,2019-05-17,2019-05-17 09:38:15,0.59,1.0535,223,0.58,1.0357,1,0.58,1.0357,1,0.585,1.0446,913,1
SPY190520C288,2019-05-17,2019-05-17 09:38:17,0.59,1.0535,678,0.58,1.0357,1,0.58,1.0357,1,0.585,1.0446,913,0
SPY190520C288,2019-05-17,2019-05-17 09:38:18,0.59,1.0535,628,0.58,1.0357,1,0.58,1.0357,1,0.585,1.0446,913,0
SPY190520C288,2019-05-17,2019-05-17 09:38:18,0.59,1.0535,878,0.58,1.0357,1,0.58,1.0357,1,0.585,1.0446,913,0
SPY190520C288,2019-05-17,2019-05-17 09:38:19,0.59,1.0535,878,0.58,1.0357,1,0.58,1.0357,1,0.585,1.0446,913,0
SPY190520C288,2019-05-17,2019-05-17 09:38:20,0.58,1.0357,135,0.56,1.0,435,0.58,1.0357,1,0.57,1.0178,914,1
SPY190520C288,2019-05-17,2019-05-17 09:38:21,0.58,1.0357,176,0.56,1.0,853,0.58,1.0357,1,0.57,1.0178,914,0
SPY190520C288,2019-05-17,2019-05-17 09:38:22,0.58,1.0357,266,0.57,1.0178,47,0.57,1.0178,1,0.575,1.0267,915,1
SPY190520C288,2019-05-17,2019-05-17 09:38:23,0.58,1.0357,155,0.57,1.0178,65,0.57,1.0178,1,0.575,1.0267,915,0
SPY190520C288,2019-05-17,2019-05-17 09:38:24,0.58,1.0357,120,0.57,1.0178,62,0.57,1.0178,1,0.575,1.0267,915,0
SPY190520C288,2019-05-17,2019-05-17 09:38:25,0.58,1.0357,120,0.57,1.0178,62,0.57,1.0178,1,0.575,1.0267,915,0
SPY190520C288,2019-05-17,2019-05-17 09:38:26,0.58,1.0357,184,0.56,1.0,178,0.57,1.0178,1,0.57,1.0178,915,0
SPY190520C288,2019-05-17,2019-05-17 09:38:27,0.58,1.0357,191,0.57,1.0178,65,0.57,1.0178,1,0.575,1.0267,915,0
SPY190520C288,2019-05-17,2019-05-17 09:38:28,0.58,1.0357,449,0.56,1.0,757,0.57,1.0178,1,0.57,1.0178,915,0
SPY190520C288,2019-05-17,2019-05-17 09:38:29,0.57,1.0178,54,0.56,1.0,128,0.57,1.0178,1,0.565,1.0089,915,0
SPY190520C288,2019-05-17,2019-05-17 09:38:30,0.58,1.0357,677,0.56,1.0,128,0.57,1.0178,1,0.57,1.0178,915,0
SPY190520C288,2019-05-17,2019-05-17 09:38:31,0.58,1.0357,1064,0.56,1.0,100,0.57,1.0178,1,0.57,1.0178,915,0
SPY190520C288,2019-05-17,2019-05-17 09:38:32,0.57,1.0178,148,0.55,0.9821,749,0.57,1.0178,1,0.56,1.0,915,0
SPY190520C288,2019-05-17,2019-05-17 09:38:33,0.57,1.0178,445,0.55,0.9821,880,0.57,1.0178,1,0.56,1.0,915,0
SPY190520C288,2019-05-17,2019-05-17 09:38:34,0.57,1.0178,109,0.56,1.0,4,0.57,1.0178,5,0.565,1.0089,920,5
SPY190520C288,2019-05-17,2019-05-17 09:38:35,0.57,1.0178,1142,0.56,1.0,4,0.57,1.0178,5,0.565,1.0089,920,0
SPY190520C288,2019-05-17,2019-05-17 09:38:36,0.58,1.0357,118,0.56,1.0,350,0.57,1.0178,5,0.57,1.0178,920,0
SPY190520C288,2019-05-17,2019-05-17 09:38:37,0.58,1.0357,93,0.57,1.0178,22,0.57,1.0178,5,0.575,1.0267,920,0
SPY190520C288,2019-05-17,2019-05-17 09:38:38,0.58,1.0357,207,0.57,1.0178,47,0.57,1.0178,5,0.575,1.0267,920,0
SPY190520C288,2019-05-17,2019-05-17 09:38:39,0.58,1.0357,540,0.57,1.0178,53,0.57,1.0178,5,0.575,1.0267,920,0
SPY190520C288,2019-05-17,2019-05-17 09:38:40,0.57,1.0178,360,0.57,1.0178,6,0.56,1.0,4,0.57,1.0178,930,10
SPY190520C288,2019-05-17,2019-05-17 09:38:41,0.56,1.0,77,0.55,0.9821,15,0.56,1.0,4,0.555,0.991,930,0
SPY190520C288,2019-05-17,2019-05-17 09:38:42,0.56,1.0,681,0.55,0.9821,50,0.56,1.0,4,0.555,0.991,930,0
SPY190520C288,2019-05-17,2019-05-17 09:38:43,0.56,1.0,959,0.54,0.9642,100,0.56,1.0,4,0.55,0.9821,930,0
SPY190520C288,2019-05-17,2019-05-17 09:38:44,0.56,1.0,71,0.54,0.9642,648,0.56,1.0,4,0.55,0.9821,930,0
SPY190520C288,2019-05-17,2019-05-17 09:38:45,0.58,1.0357,92,0.56,1.0,441,0.56,1.0,4,0.57,1.0178,930,0
SPY190520C288,2019-05-17,2019-05-17 09:38:46,0.58,1.0357,126,0.57,1.0178,65,0.56,1.0,4,0.575,1.0267,930,0
SPY190520C288,2019-05-17,2019-05-17 09:38:47,0.59,1.0535,907,0.57,1.0178,135,0.56,1.0,4,0.58,1.0357,930,0
SPY190520C288,2019-05-17,2019-05-17 09:38:48,0.58,1.0357,126,0.57,1.0178,65,0.56,1.0,4,0.575,1.0267,930,0
SPY190520C288,2019-05-17,2019-05-17 09:38:49,0.58,1.0357,316,0.57,1.0178,50,0.56,1.0,4,0.575,1.0267,930,0
SPY190520C288,2019-05-17,2019-05-17 09:38:50,0.57,1.0178,120,0.56,1.0,65,0.56,1.0,4,0.565,1.0089,930,0
SPY190520C288,2019-05-17,2019-05-17 09:38:51,0.57,1.0178,120,0.56,1.0,65,0.56,1.0,4,0.565,1.0089,930,0
SPY190520C288,2019-05-17,2019-05-17 09:38:52,0.57,1.0178,124,0.56,1.0,65,0.56,1.0,4,0.565,1.0089,930,0
SPY190520C288,2019-05-17,2019-05-17 09:38:53,0.57,1.0178,457,0.55,0.9821,182,0.56,1.0,4,0.56,1.0,930,0
SPY190520C288,2019-05-17,2019-05-17 09:38:54,0.57,1.0178,996,0.55,0.9821,100,0.56,1.0,4,0.56,1.0,930,0
SPY190520C288,2019-05-17,2019-05-17 09:38:55,0.56,1.0,135,0.55,0.9821,50,0.56,1.0,4,0.555,0.991,930,0
SPY190520C288,2019-05-17,2019-05-17 09:38:56,0.56,1.0,582,0.55,0.9821,61,0.56,1.0,4,0.555,0.991,930,0
SPY190520C288,2019-05-17,2019-05-17 09:38:57,0.56,1.0,582,0.54,0.9642,749,0.56,1.0,4,0.55,0.9821,930,0
SPY190520C288,2019-05-17,2019-05-17 09:38:58,0.56,1.0,196,0.55,0.9821,65,0.56,1.0,4,0.555,0.991,930,0
SPY190520C288,2019-05-17,2019-05-17 09:38:59,0.56,1.0,196,0.55,0.9821,28,0.56,1.0,4,0.555,0.991,930,0
SPY190520C288,2019-05-17,2019-05-17 09:39:00,0.57,1.0178,524,0.56,1.0,62,0.56,1.0,4,0.565,1.0089,930,0
SPY190520C288,2019-05-17,2019-05-17 09:39:01,0.58,1.0357,404,0.56,1.0,412,0.56,1.0,4,0.57,1.0178,930,0
SPY190520C288,2019-05-17,2019-05-17 09:39:02,0.58,1.0357,1029,0.56,1.0,65,0.56,1.0,4,0.57,1.0178,930,0
SPY190520C288,2019-05-17,2019-05-17 09:39:03,0.58,1.0357,882,0.56,1.0,415,0.56,1.0,4,0.57,1.0178,930,0
SPY190520C288,2019-05-17,2019-05-17 09:39:04,0.58,1.0357,1004,0.56,1.0,100,0.56,1.0,4,0.57,1.0178,930,0
SPY190520C288,2019-05-17,2019-05-17 09:39:05,0.58,1.0357,782,0.56,1.0,135,0.56,1.0,4,0.57,1.0178,930,0
SPY190520C288,2019-05-17,2019-05-17 09:39:06,0.58,1.0357,782,0.56,1.0,135,0.56,1.0,4,0.57,1.0178,930,0
SPY190520C288,2019-05-17,2019-05-17 09:39:07,0.58,1.0357,782,0.56,1.0,412,0.57,1.0178,1,0.57,1.0178,931,1
SPY190520C288,2019-05-17,2019-05-17 09:39:08,0.59,1.0535,1104,0.57,1.0178,100,0.57,1.0178,1,0.58,1.0357,931,0
SPY190520C288,2019-05-17,2019-05-17 09:39:09,0.59,1.0535,665,0.57,1.0178,100,0.57,1.0178,1,0.58,1.0357,931,0
SPY190520C288,2019-05-17,2019-05-17 09:39:10,0.58,1.0357,90,0.57,1.0178,100,0.57,1.0178,1,0.575,1.0267,931,0
SPY190520C288,2019-05-17,2019-05-17 09:39:11,0.58,1.0357,90,0.57,1.0178,133,0.57,1.0178,1,0.575,1.0267,931,0
SPY190520C288,2019-05-17,2019-05-17 09:39:12,0.58,1.0357,1,0.57,1.0178,139,0.57,1.0178,1,0.575,1.0267,931,0
SPY190520C288,2019-05-17,2019-05-17 09:39:13,0.58,1.0357,1,0.57,1.0178,100,0.57,1.0178,1,0.575,1.0267,931,0
SPY190520C288,2019-05-17,2019-05-17 09:39:14,0.6,1.0714,376,0.58,1.0357,1,0.58,1.0357,1,0.59,1.0535,932,1
SPY190520C288,2019-05-17,2019-05-17 09:39:15,0.6,1.0714,1135,0.58,1.0357,98,0.58,1.0357,1,0.59,1.0535,932,0
SPY190520C288,2019-05-17,2019-05-17 09:39:16,0.6,1.0714,37,0.59,1.0535,406,0.58,1.0357,1,0.595,1.0625,932,0
SPY190520C288,2019-05-17,2019-05-17 09:39:17,0.6,1.0714,170,0.59,1.0535,62,0.59,1.0535,3,0.595,1.0625,935,3
SPY190520C288,2019-05-17,2019-05-17 09:39:18,0.6,1.0714,91,0.59,1.0535,23,0.59,1.0535,3,0.595,1.0625,935,0
SPY190520C288,2019-05-17,2019-05-17 09:39:19,0.6,1.0714,1167,0.58,1.0357,141,0.59,1.0535,3,0.59,1.0535,935,0
SPY190520C288,2019-05-17,2019-05-17 09:39:20,0.6,1.0714,891,0.59,1.0535,62,0.59,1.0535,3,0.595,1.0625,935,0
SPY190520C288,2019-05-17,2019-05-17 09:39:21,0.6,1.0714,568,0.59,1.0535,62,0.59,1.0535,3,0.595,1.0625,935,0
SPY190520C288,2019-05-17,2019-05-17 09:39:22,0.6,1.0714,120,0.59,1.0535,62,0.59,1.0535,3,0.595,1.0625,935,0
SPY190520C288,2019-05-17,2019-05-17 09:39:23,0.61,1.0892,702,0.59,1.0535,61,0.59,1.0535,3,0.6,1.0714,935,0
SPY190520C288,2019-05-17,2019-05-17 09:39:24,0.61,1.0892,75,0.59,1.0535,115,0.59,1.0535,3,0.6,1.0714,935,0
SPY190520C288,2019-05-17,2019-05-17 09:39:26,0.61,1.0892,791,0.6,1.0714,23,0.59,1.0535,3,0.605,1.0803,935,0
SPY190520C288,2019-05-17,2019-05-17 09:39:27,0.61,1.0892,82,0.6,1.0714,17,0.59,1.0535,3,0.605,1.0803,935,0
SPY190520C288,2019-05-17,2019-05-17 09:39:28,0.62,1.1071,504,0.59,1.0535,350,0.59,1.0535,3,0.605,1.0803,935,0
SPY190520C288,2019-05-17,2019-05-17 09:39:29,0.62,1.1071,717,0.6,1.0714,408,0.59,1.0535,3,0.61,1.0892,935,0
SPY190520C288,2019-05-17,2019-05-17 09:39:30,0.62,1.1071,617,0.6,1.0714,78,0.59,1.0535,3,0.61,1.0892,935,0
SPY190520C288,2019-05-17,2019-05-17 09:39:31,0.62,1.1071,559,0.61,1.0892,52,0.59,1.0535,3,0.615,1.0982,935,0
SPY190520C288,2019-05-17,2019-05-17 09:39:32,0.62,1.1071,841,0.6,1.0714,485,0.62,1.1071,5,0.61,1.0892,940,5
SPY190520C288,2019-05-17,2019-05-17 09:39:33,0.62,1.1071,700,0.6,1.0714,63,0.62,1.1071,5,0.61,1.0892,940,0
SPY190520C288,2019-05-17,2019-05-17 09:39:34,0.62,1.1071,105,0.61,1.0892,60,0.62,1.1071,5,0.615,1.0982,940,0
SPY190520C288,2019-05-17,2019-05-17 09:39:35,0.62,1.1071,841,0.61,1.0892,8,0.62,1.1071,5,0.615,1.0982,940,0
SPY190520C288,2019-05-17,2019-05-17 09:39:36,0.62,1.1071,733,0.61,1.0892,16,0.62,1.1071,5,0.615,1.0982,940,0
SPY190520C288,2019-05-17,2019-05-17 09:39:37,0.62,1.1071,149,0.61,1.0892,16,0.62,1.1071,5,0.615,1.0982,940,0
SPY190520C288,2019-05-17,2019-05-17 09:39:38,0.62,1.1071,230,0.6,1.0714,105,0.6,1.0714,1,0.61,1.0892,946,6
SPY190520C288,2019-05-17,2019-05-17 09:39:39,0.62,1.1071,385,0.59,1.0535,136,0.6,1.0714,1,0.605,1.0803,946,0
SPY190520C288,2019-05-17,2019-05-17 09:39:40,0.61,1.0892,120,0.6,1.0714,65,0.6,1.0714,1,0.605,1.0803,947,1
SPY190520C288,2019-05-17,2019-05-17 09:39:41,0.61,1.0892,120,0.6,1.0714,65,0.6,1.0714,1,0.605,1.0803,947,0
SPY190520C288,2019-05-17,2019-05-17 09:39:42,0.62,1.1071,404,0.6,1.0714,415,0.6,1.0714,1,0.61,1.0892,947,0
SPY190520C288,2019-05-17,2019-05-17 09:39:44,0.62,1.1071,177,0.61,1.0892,63,0.6,1.0714,1,0.615,1.0982,947,0
SPY190520C288,2019-05-17,2019-05-17 09:39:45,0.62,1.1071,177,0.61,1.0892,55,0.6,1.0714,1,0.615,1.0982,947,0
SPY190520C288,2019-05-17,2019-05-17 09:39:46,0.62,1.1071,177,0.61,1.0892,55,0.6,1.0714,1,0.615,1.0982,947,0
SPY190520C288,2019-05-17,2019-05-17 09:39:47,0.63,1.125,271,0.61,1.0892,65,0.6,1.0714,1,0.62,1.1071,947,0
SPY190520C288,2019-05-17,2019-05-17 09:39:48,0.63,1.125,336,0.61,1.0892,61,0.6,1.0714,1,0.62,1.1071,947,0
SPY190520C288,2019-05-17,2019-05-17 09:39:49,0.62,1.1071,524,0.61,1.0892,15,0.6,1.0714,1,0.615,1.0982,947,0
SPY190520C288,2019-05-17,2019-05-17 09:39:50,0.61,1.0892,131,0.6,1.0714,65,0.6,1.0714,1,0.605,1.0803,947,0
SPY190520C288,2019-05-17,2019-05-17 09:39:50,0.61,1.0892,170,0.6,1.0714,65,0.6,1.0714,1,0.605,1.0803,947,0
SPY190520C288,2019-05-17,2019-05-17 09:39:51,0.61,1.0892,38,0.6,1.0714,136,0.6,1.0714,1,0.605,1.0803,947,0
SPY190520C288,2019-05-17,2019-05-17 09:39:52,0.61,1.0892,50,0.61,1.0892,17,0.6,1.0714,1,0.61,1.0892,947,0
SPY190520C288,2019-05-17,2019-05-17 09:39:53,0.62,1.1071,106,0.61,1.0892,61,0.6,1.0714,1,0.615,1.0982,948,1
SPY190520C288,2019-05-17,2019-05-17 09:39:54,0.62,1.1071,492,0.61,1.0892,69,0.6,1.0714,1,0.615,1.0982,948,0
SPY190520C288,2019-05-17,2019-05-17 09:39:55,0.62,1.1071,492,0.61,1.0892,136,0.6,1.0714,1,0.615,1.0982,948,0
SPY190520C288,2019-05-17,2019-05-17 09:39:56,0.62,1.1071,592,0.61,1.0892,129,0.6,1.0714,1,0.615,1.0982,948,0
SPY190520C288,2019-05-17,2019-05-17 09:39:57,0.62,1.1071,492,0.61,1.0892,68,0.6,1.0714,1,0.615,1.0982,948,0
SPY190520C288,2019-05-17,2019-05-17 09:39:58,0.62,1.1071,492,0.61,1.0892,123,0.6,1.0714,1,0.615,1.0982,948,0
SPY190520C288,2019-05-17,2019-05-17 09:39:59,0.62,1.1071,50,0.61,1.0892,100,0.6,1.0714,1,0.615,1.0982,948,0
SPY190520C288,2019-05-17,2019-05-17 09:40:00,0.62,1.1071,120,0.61,1.0892,4,0.6,1.0714,1,0.615,1.0982,948,0
SPY190520C288,2019-05-17,2019-05-17 09:40:01,0.62,1.1071,251,0.61,1.0892,4,0.62,1.1071,10,0.615,1.0982,958,10
SPY190520C288,2019-05-17,2019-05-17 09:40:02,0.62,1.1071,565,0.61,1.0892,62,0.62,1.1071,1,0.615,1.0982,959,1
SPY190520C288,2019-05-17,2019-05-17 09:40:03,0.62,1.1071,473,0.61,1.0892,4,0.61,1.0892,4,0.615,1.0982,965,6
SPY190520C288,2019-05-17,2019-05-17 09:40:04,0.62,1.1071,489,0.61,1.0892,4,0.61,1.0892,4,0.615,1.0982,965,0
SPY190520C288,2019-05-17,2019-05-17 09:40:05,0.62,1.1071,719,0.61,1.0892,4,0.61,1.0892,4,0.615,1.0982,965,0
SPY190520C288,2019-05-17,2019-05-17 09:40:06,0.62,1.1071,719,0.61,1.0892,4,0.61,1.0892,10,0.615,1.0982,975,10
SPY190520C288,2019-05-17,2019-05-17 09:40:07,0.62,1.1071,844,0.61,1.0892,4,0.61,1.0892,10,0.615,1.0982,975,0
SPY190520C288,2019-05-17,2019-05-17 09:40:08,0.62,1.1071,745,0.61,1.0892,4,0.61,1.0892,10,0.615,1.0982,975,0
SPY190520C288,2019-05-17,2019-05-17 09:40:09,0.62,1.1071,745,0.61,1.0892,10,0.61,1.0892,1,0.615,1.0982,976,1
SPY190520C288,2019-05-17,2019-05-17 09:40:10,0.62,1.1071,744,0.61,1.0892,10,0.61,1.0892,1,0.615,1.0982,976,0
SPY190520C288,2019-05-17,2019-05-17 09:40:11,0.62,1.1071,769,0.61,1.0892,10,0.61,1.0892,1,0.615,1.0982,976,0
SPY190520C288,2019-05-17,2019-05-17 09:40:12,0.62,1.1071,796,0.61,1.0892,10,0.61,1.0892,1,0.615,1.0982,976,0
SPY190520C288,2019-05-17,2019-05-17 09:40:13,0.61,1.0892,6,0.6,1.0714,15,0.61,1.0892,10,0.605,1.0803,986,10
SPY190520C288,2019-05-17,2019-05-17 09:40:14,0.62,1.1071,100,0.61,1.0892,25,0.61,1.0892,10,0.615,1.0982,986,0
SPY190520C288,2019-05-17,2019-05-17 09:40:15,0.62,1.1071,50,0.61,1.0892,66,0.61,1.0892,10,0.615,1.0982,986,0
SPY190520C288,2019-05-17,2019-05-17 09:40:16,0.62,1.1071,64,0.61,1.0892,113,0.62,1.1071,2,0.615,1.0982,988,2
SPY190520C288,2019-05-17,2019-05-17 09:40:17,0.62,1.1071,50,0.61,1.0892,133,0.62,1.1071,2,0.615,1.0982,988,0
SPY190520C288,2019-05-17,2019-05-17 09:40:18,0.63,1.125,521,0.61,1.0892,135,0.62,1.1071,2,0.62,1.1071,988,0
SPY190520C288,2019-05-17,2019-05-17 09:40:19,0.63,1.125,521,0.61,1.0892,644,0.62,1.1071,2,0.62,1.1071,988,0
SPY190520C288,2019-05-17,2019-05-17 09:40:20,0.63,1.125,564,0.61,1.0892,182,0.62,1.1071,2,0.62,1.1071,988,0
SPY190520C288,2019-05-17,2019-05-17 09:40:21,0.63,1.125,598,0.61,1.0892,182,0.63,1.125,4,0.62,1.1071,992,4
SPY190520C288,2019-05-17,2019-05-17 09:40:22,0.63,1.125,564,0.61,1.0892,232,0.63,1.125,4,0.62,1.1071,992,0
SPY190520C288,2019-05-17,2019-05-17 09:40:23,0.63,1.125,564,0.61,1.0892,246,0.63,1.125,4,0.62,1.1071,992,0
SPY190520C288,2019-05-17,2019-05-17 09:40:24,0.62,1.1071,126,0.61,1.0892,26,0.63,1.125,4,0.615,1.0982,992,0
SPY190520C288,2019-05-17,2019-05-17 09:40:25,0.62,1.1071,136,0.61,1.0892,71,0.63,1.125,4,0.615,1.0982,992,0
SPY190520C288,2019-05-17,2019-05-17 09:40:26,0.63,1.125,159,0.61,1.0892,71,0.63,1.125,4,0.62,1.1071,992,0
SPY190520C288,2019-05-17,2019-05-17 09:40:27,0.62,1.1071,307,0.61,1.0892,60,0.63,1.125,4,0.615,1.0982,992,0
SPY190520C288,2019-05-17,2019-05-17 09:40:27,0.62,1.1071,120,0.61,1.0892,71,0.63,1.125,4,0.615,1.0982,992,0
SPY190520C288,2019-05-17,2019-05-17 09:40:28,0.62,1.1071,155,0.61,1.0892,60,0.63,1.125,4,0.615,1.0982,992,0
SPY190520C288,2019-05-17,2019-05-17 09:40:30,0.63,1.125,293,0.62,1.1071,2,0.62,1.1071,1,0.625,1.116,994,0
SPY190520C288,2019-05-17,2019-05-17 09:40:30,0.62,1.1071,50,0.61,1.0892,400,0.62,1.1071,1,0.615,1.0982,994,2
SPY190520C288,2019-05-17,2019-05-17 09:40:31,0.63,1.125,891,0.62,1.1071,2,0.62,1.1071,1,0.625,1.116,994,0
SPY190520C288,2019-05-17,2019-05-17 09:40:32,0.63,1.125,623,0.62,1.1071,2,0.62,1.1071,1,0.625,1.116,994,0
SPY190520C288,2019-05-17,2019-05-17 09:40:33,0.63,1.125,623,0.62,1.1071,2,0.62,1.1071,1,0.625,1.116,994,0
SPY190520C288,2019-05-17,2019-05-17 09:40:35,0.63,1.125,623,0.62,1.1071,2,0.62,1.1071,1,0.625,1.116,994,0
SPY190520C288,2019-05-17,2019-05-17 09:40:36,0.63,1.125,77,0.62,1.1071,2,0.62,1.1071,1,0.625,1.116,994,0
SPY190520C288,2019-05-17,2019-05-17 09:40:37,0.63,1.125,181,0.62,1.1071,9,0.62,1.1071,1,0.625,1.116,994,0
SPY190520C288,2019-05-17,2019-05-17 09:40:37,0.63,1.125,81,0.62,1.1071,2,0.62,1.1071,1,0.625,1.116,994,0
SPY190520C288,2019-05-17,2019-05-17 09:40:38,0.63,1.125,119,0.62,1.1071,18,0.62,1.1071,1,0.625,1.116,994,0
SPY190520C288,2019-05-17,2019-05-17 09:40:40,0.63,1.125,49,0.62,1.1071,18,0.62,1.1071,1,0.625,1.116,994,0
SPY190520C288,2019-05-17,2019-05-17 09:40:41,0.63,1.125,105,0.62,1.1071,2,0.62,1.1071,1,0.625,1.116,994,0
SPY190520C288,2019-05-17,2019-05-17 09:40:41,0.63,1.125,70,0.62,1.1071,18,0.62,1.1071,1,0.625,1.116,994,0
SPY190520C288,2019-05-17,2019-05-17 09:40:42,0.63,1.125,84,0.62,1.1071,28,0.62,1.1071,1,0.625,1.116,994,0
SPY190520C288,2019-05-17,2019-05-17 09:40:43,0.63,1.125,100,0.62,1.1071,30,0.63,1.125,50,0.625,1.116,1044,50
SPY190520C288,2019-05-17,2019-05-17 09:40:44,0.63,1.125,63,0.62,1.1071,69,0.63,1.125,200,0.625,1.116,1244,200
SPY190520C288,2019-05-17,2019-05-17 09:40:45,0.63,1.125,63,0.62,1.1071,366,0.63,1.125,49,0.625,1.116,1293,49
SPY190520C288,2019-05-17,2019-05-17 09:40:46,0.64,1.1428,1,0.63,1.125,29,0.63,1.125,1,0.635,1.1339,1294,1
SPY190520C288,2019-05-17,2019-05-17 09:40:47,0.64,1.1428,1,0.63,1.125,32,0.63,1.125,1,0.635,1.1339,1294,0
SPY190520C288,2019-05-17,2019-05-17 09:40:48,0.64,1.1428,155,0.63,1.125,32,0.63,1.125,1,0.635,1.1339,1294,0
SPY190520C288,2019-05-17,2019-05-17 09:40:49,0.64,1.1428,1,0.63,1.125,100,0.63,1.125,1,0.635,1.1339,1294,0
SPY190520C288,2019-05-17,2019-05-17 09:40:50,0.65,1.1607,359,0.63,1.125,100,0.63,1.125,1,0.64,1.1428,1294,0
SPY190520C288,2019-05-17,2019-05-17 09:40:51,0.65,1.1607,543,0.63,1.125,100,0.63,1.125,1,0.64,1.1428,1294,0
SPY190520C288,2019-05-17,2019-05-17 09:40:52,0.65,1.1607,159,0.64,1.1428,16,0.63,1.125,1,0.645,1.1517,1294,0
SPY190520C288,2019-05-17,2019-05-17 09:40:53,0.65,1.1607,159,0.64,1.1428,100,0.63,1.125,1,0.645,1.1517,1294,0
SPY190520C288,2019-05-17,2019-05-17 09:40:54,0.65,1.1607,1,0.64,1.1428,100,0.64,1.1428,1,0.645,1.1517,1296,2
SPY190520C288,2019-05-17,2019-05-17 09:40:55,0.66,1.1785,49,0.65,1.1607,99,0.64,1.1428,1,0.655,1.1696,1296,0
SPY190520C288,2019-05-17,2019-05-17 09:40:56,0.67,1.1964,565,0.65,1.1607,100,0.64,1.1428,1,0.66,1.1785,1296,0
SPY190520C288,2019-05-17,2019-05-17 09:40:57,0.67,1.1964,445,0.66,1.1785,64,0.64,1.1428,1,0.665,1.1875,1296,0
SPY190520C288,2019-05-17,2019-05-17 09:40:58,0.67,1.1964,445,0.66,1.1785,64,0.64,1.1428,1,0.665,1.1875,1296,0
SPY190520C288,2019-05-17,2019-05-17 09:40:59,0.68,1.2142,77,0.67,1.1964,12,0.64,1.1428,1,0.675,1.2053,1296,0
SPY190520C288,2019-05-17,2019-05-17 09:41:00,0.68,1.2142,667,0.67,1.1964,57,0.64,1.1428,1,0.675,1.2053,1296,0
SPY190520C288,2019-05-17,2019-05-17 09:41:01,0.68,1.2142,667,0.67,1.1964,16,0.64,1.1428,1,0.675,1.2053,1296,0
SPY190520C288,2019-05-17,2019-05-17 09:41:02,0.68,1.2142,667,0.67,1.1964,54,0.64,1.1428,1,0.675,1.2053,1296,0
SPY190520C288,2019-05-17,2019-05-17 09:41:03,0.68,1.2142,667,0.67,1.1964,54,0.64,1.1428,1,0.675,1.2053,1296,0
SPY190520C288,2019-05-17,2019-05-17 09:41:04,0.68,1.2142,802,0.67,1.1964,9,0.67,1.1964,4,0.675,1.2053,1302,6
SPY190520C288,2019-05-17,2019-05-17 09:41:05,0.68,1.2142,200,0.66,1.1785,110,0.67,1.1964,4,0.67,1.1964,1302,0
SPY190520C288,2019-05-17,2019-05-17 09:41:06,0.68,1.2142,500,0.67,1.1964,12,0.67,1.1964,4,0.675,1.2053,1302,0
SPY190520C288,2019-05-17,2019-05-17 09:41:07,0.68,1.2142,606,0.67,1.1964,61,0.68,1.2142,1,0.675,1.2053,1303,1
SPY190520C288,2019-05-17,2019-05-17 09:41:08,0.68,1.2142,606,0.67,1.1964,28,0.68,1.2142,1,0.675,1.2053,1303,0
SPY190520C288,2019-05-17,2019-05-17 09:41:09,0.67,1.1964,150,0.65,1.1607,720,0.68,1.2142,1,0.66,1.1785,1303,0
SPY190520C288,2019-05-17,2019-05-17 09:41:10,0.67,1.1964,910,0.65,1.1607,22,0.67,1.1964,2,0.66,1.1785,1305,2
SPY190520C288,2019-05-17,2019-05-17 09:41:11,0.66,1.1785,150,0.65,1.1607,57,0.67,1.1964,2,0.655,1.1696,1305,0
SPY190520C288,2019-05-17,2019-05-17 09:41:13,0.66,1.1785,50,0.65,1.1607,58,0.65,1.1607,1,0.655,1.1696,1326,21
SPY190520C288,2019-05-17,2019-05-17 09:41:14,0.66,1.1785,105,0.65,1.1607,25,0.65,1.1607,1,0.655,1.1696,1327,1
SPY190520C288,2019-05-17,2019-05-17 09:41:15,0.66,1.1785,89,0.65,1.1607,50,0.65,1.1607,1,0.655,1.1696,1329,2
SPY190520C288,2019-05-17,2019-05-17 09:41:16,0.66,1.1785,257,0.64,1.1428,122,0.66,1.1785,1,0.65,1.1607,1331,2
SPY190520C288,2019-05-17,2019-05-17 09:41:17,0.66,1.1785,458,0.64,1.1428,796,0.66,1.1785,1,0.65,1.1607,1331,0
SPY190520C288,2019-05-17,2019-05-17 09:41:18,0.66,1.1785,58,0.65,1.1607,321,0.66,1.1785,1,0.655,1.1696,1331,0
SPY190520C288,2019-05-17,2019-05-17 09:41:19,0.67,1.1964,467,0.65,1.1607,153,0.66,1.1785,1,0.66,1.1785,1331,0
SPY190520C288,2019-05-17,2019-05-17 09:41:20,0.67,1.1964,660,0.65,1.1607,309,0.66,1.1785,1,0.66,1.1785,1331,0
SPY190520C288,2019-05-17,2019-05-17 09:41:21,0.67,1.1964,603,0.65,1.1607,90,0.66,1.1785,1,0.66,1.1785,1331,0
SPY190520C288,2019-05-17,2019-05-17 09:41:22,0.66,1.1785,62,0.65,1.1607,150,0.66,1.1785,1,0.655,1.1696,1331,0
SPY190520C288,2019-05-17,2019-05-17 09:41:23,0.66,1.1785,146,0.65,1.1607,25,0.66,1.1785,1,0.655,1.1696,1331,0
SPY190520C288,2019-05-17,2019-05-17 09:41:24,0.66,1.1785,66,0.65,1.1607,50,0.66,1.1785,1,0.655,1.1696,1331,0
SPY190520C288,2019-05-17,2019-05-17 09:41:25,0.67,1.1964,860,0.65,1.1607,224,0.66,1.1785,1,0.66,1.1785,1331,0
SPY190520C288,2019-05-17,2019-05-17 09:41:26,0.67,1.1964,532,0.66,1.1785,5,0.66,1.1785,1,0.665,1.1875,1331,0
SPY190520C288,2019-05-17,2019-05-17 09:41:27,0.67,1.1964,500,0.66,1.1785,50,0.66,1.1785,1,0.665,1.1875,1331,0
SPY190520C288,2019-05-17,2019-05-17 09:41:28,0.67,1.1964,146,0.66,1.1785,75,0.66,1.1785,1,0.665,1.1875,1331,0
SPY190520C288,2019-05-17,2019-05-17 09:41:29,0.67,1.1964,146,0.66,1.1785,75,0.66,1.1785,1,0.665,1.1875,1331,0
SPY190520C288,2019-05-17,2019-05-17 09:41:30,0.67,1.1964,136,0.66,1.1785,308,0.66,1.1785,1,0.665,1.1875,1331,0
SPY190520C288,2019-05-17,2019-05-17 09:41:31,0.67,1.1964,136,0.66,1.1785,308,0.67,1.1964,2,0.665,1.1875,1333,2
SPY190520C288,2019-05-17,2019-05-17 09:41:32,0.68,1.2142,910,0.66,1.1785,361,0.67,1.1964,2,0.67,1.1964,1333,0
SPY190520C288,2019-05-17,2019-05-17 09:41:33,0.68,1.2142,651,0.66,1.1785,451,0.67,1.1964,2,0.67,1.1964,1333,0
SPY190520C288,2019-05-17,2019-05-17 09:41:34,0.68,1.2142,651,0.67,1.1964,5,0.67,1.1964,2,0.675,1.2053,1333,0
SPY190520C288,2019-05-17,2019-05-17 09:41:35,0.68,1.2142,180,0.67,1.1964,5,0.67,1.1964,2,0.675,1.2053,1333,0
SPY190520C288,2019-05-17,2019-05-17 09:41:36,0.68,1.2142,910,0.67,1.1964,5,0.67,1.1964,2,0.675,1.2053,1333,0
SPY190520C288,2019-05-17,2019-05-17 09:41:37,0.68,1.2142,910,0.67,1.1964,5,0.67,1.1964,2,0.675,1.2053,1333,0
SPY190520C288,2019-05-17,2019-05-17 09:41:38,0.68,1.2142,1498,0.67,1.1964,5,0.68,1.2142,1,0.675,1.2053,1334,1
SPY190520C288,2019-05-17,2019-05-17 09:41:39,0.68,1.2142,1585,0.67,1.1964,5,0.68,1.2142,1,0.675,1.2053,1334,0
SPY190520C288,2019-05-17,2019-05-17 09:41:40,0.68,1.2142,1435,0.67,1.1964,5,0.68,1.2142,1,0.675,1.2053,1334,0
SPY190520C288,2019-05-17,2019-05-17 09:41:41,0.68,1.2142,900,0.67,1.1964,5,0.68,1.2142,1,0.675,1.2053,1334,0
SPY190520C288,2019-05-17,2019-05-17 09:41:42,0.69,1.2321,65,0.67,1.1964,189,0.68,1.2142,5,0.68,1.2142,1339,5
SPY190520C288,2019-05-17,2019-05-17 09:41:43,0.69,1.2321,129,0.68,1.2142,63,0.68,1.2142,5,0.685,1.2232,1339,0
SPY190520C288,2019-05-17,2019-05-17 09:41:45,0.69,1.2321,456,0.68,1.2142,44,0.69,1.2321,2,0.685,1.2232,1341,2
SPY190520C288,2019-05-17,2019-05-17 09:41:46,0.71,1.2678,50,0.69,1.2321,400,0.69,1.2321,2,0.7,1.25,1341,0
SPY190520C288,2019-05-17,2019-05-17 09:41:47,0.71,1.2678,123,0.7,1.25,350,0.69,1.2321,2,0.705,1.2589,1341,0
SPY190520C288,2019-05-17,2019-05-17 09:41:48,0.72,1.2857,6,0.71,1.2678,47,0.69,1.2321,2,0.715,1.2767,1341,0
SPY190520C288,2019-05-17,2019-05-17 09:41:49,0.72,1.2857,110,0.7,1.25,487,0.72,1.2857,1,0.71,1.2678,1342,1
SPY190520C288,2019-05-17,2019-05-17 09:41:50,0.72,1.2857,1171,0.69,1.2321,63,0.72,1.2857,1,0.705,1.2589,1342,0
SPY190520C288,2019-05-17,2019-05-17 09:41:51,0.7,1.25,100,0.69,1.2321,63,0.72,1.2857,1,0.695,1.241,1342,0
SPY190520C288,2019-05-17,2019-05-17 09:41:52,0.7,1.25,150,0.68,1.2142,514,0.72,1.2857,1,0.69,1.2321,1342,0
SPY190520C288,2019-05-17,2019-05-17 09:41:53,0.7,1.25,446,0.68,1.2142,111,0.72,1.2857,1,0.69,1.2321,1342,0
SPY190520C288,2019-05-17,2019-05-17 09:41:54,0.7,1.25,691,0.68,1.2142,137,0.72,1.2857,1,0.69,1.2321,1342,0
SPY190520C288,2019-05-17,2019-05-17 09:41:55,0.7,1.25,174,0.68,1.2142,468,0.72,1.2857,1,0.69,1.2321,1342,0
SPY190520C288,2019-05-17,2019-05-17 09:41:56,0.7,1.25,524,0.68,1.2142,191,0.72,1.2857,1,0.69,1.2321,1342,0
SPY190520C288,2019-05-17,2019-05-17 09:41:57,0.7,1.25,470,0.69,1.2321,3,0.72,1.2857,1,0.695,1.241,1342,0
SPY190520C288,2019-05-17,2019-05-17 09:41:57,0.69,1.2321,200,0.68,1.2142,1,0.69,1.2321,3,0.685,1.2232,1345,3
SPY190520C288,2019-05-17,2019-05-17 09:41:58,0.69,1.2321,791,0.68,1.2142,1,0.69,1.2321,3,0.685,1.2232,1345,0
SPY190520C288,2019-05-17,2019-05-17 09:41:59,0.69,1.2321,789,0.68,1.2142,1,0.69,1.2321,3,0.685,1.2232,1345,0
SPY190520C288,2019-05-17,2019-05-17 09:42:00,0.68,1.2142,156,0.67,1.1964,5,0.68,1.2142,1,0.675,1.2053,1346,1
SPY190520C288,2019-05-17,2019-05-17 09:42:01,0.68,1.2142,218,0.66,1.1785,56,0.67,1.1964,5,0.67,1.1964,1352,6
SPY190520C288,2019-05-17,2019-05-17 09:42:02,0.68,1.2142,674,0.66,1.1785,85,0.67,1.1964,5,0.67,1.1964,1358,6
SPY190520C288,2019-05-17,2019-05-17 09:42:04,0.69,1.2321,224,0.67,1.1964,13,0.67,1.1964,5,0.68,1.2142,1358,0
SPY190520C288,2019-05-17,2019-05-17 09:42:05,0.68,1.2142,117,0.67,1.1964,13,0.67,1.1964,5,0.675,1.2053,1358,0
SPY190520C288,2019-05-17,2019-05-17 09:42:06,0.68,1.2142,1,0.67,1.1964,58,0.68,1.2142,1,0.675,1.2053,1359,1
SPY190520C288,2019-05-17,2019-05-17 09:42:07,0.69,1.2321,156,0.67,1.1964,18,0.68,1.2142,1,0.68,1.2142,1359,0
SPY190520C288,2019-05-17,2019-05-17 09:42:08,0.69,1.2321,656,0.67,1.1964,74,0.68,1.2142,1,0.68,1.2142,1359,0
SPY190520C288,2019-05-17,2019-05-17 09:42:09,0.69,1.2321,383,0.67,1.1964,124,0.68,1.2142,1,0.68,1.2142,1359,0
SPY190520C288,2019-05-17,2019-05-17 09:42:10,0.69,1.2321,656,0.67,1.1964,124,0.68,1.2142,1,0.68,1.2142,1359,0
SPY190520C288,2019-05-17,2019-05-17 09:42:11,0.69,1.2321,156,0.67,1.1964,124,0.68,1.2142,1,0.68,1.2142,1359,0
SPY190520C288,2019-05-17,2019-05-17 09:42:12,0.69,1.2321,756,0.68,1.2142,1,0.68,1.2142,1,0.685,1.2232,1359,0
SPY190520C288,2019-05-17,2019-05-17 09:42:13,0.69,1.2321,656,0.68,1.2142,2,0.68,1.2142,1,0.685,1.2232,1359,0
SPY190520C288,2019-05-17,2019-05-17 09:42:14,0.69,1.2321,656,0.68,1.2142,2,0.68,1.2142,1,0.685,1.2232,1359,0
SPY190520C288,2019-05-17,2019-05-17 09:42:15,0.69,1.2321,656,0.68,1.2142,2,0.68,1.2142,1,0.685,1.2232,1359,0
SPY190520C288,2019-05-17,2019-05-17 09:42:16,0.69,1.2321,656,0.68,1.2142,2,0.68,1.2142,1,0.685,1.2232,1359,0
SPY190520C288,2019-05-17,2019-05-17 09:42:17,0.7,1.25,74,0.68,1.2142,61,0.68,1.2142,1,0.69,1.2321,1359,0
SPY190520C288,2019-05-17,2019-05-17 09:42:18,0.69,1.2321,118,0.68,1.2142,58,0.68,1.2142,1,0.685,1.2232,1359,0
SPY190520C288,2019-05-17,2019-05-17 09:42:19,0.7,1.25,706,0.68,1.2142,118,0.68,1.2142,1,0.69,1.2321,1359,0
SPY190520C288,2019-05-17,2019-05-17 09:42:20,0.7,1.25,706,0.68,1.2142,118,0.68,1.2142,1,0.69,1.2321,1359,0
SPY190520C288,2019-05-17,2019-05-17 09:42:21,0.7,1.25,706,0.68,1.2142,58,0.68,1.2142,1,0.69,1.2321,1359,0
SPY190520C288,2019-05-17,2019-05-17 09:42:22,0.69,1.2321,130,0.68,1.2142,58,0.68,1.2142,1,0.685,1.2232,1359,0
SPY190520C288,2019-05-17,2019-05-17 09:42:23,0.69,1.2321,130,0.68,1.2142,58,0.68,1.2142,1,0.685,1.2232,1359,0
SPY190520C288,2019-05-17,2019-05-17 09:42:24,0.69,1.2321,120,0.68,1.2142,58,0.68,1.2142,1,0.685,1.2232,1359,0
SPY190520C288,2019-05-17,2019-05-17 09:42:25,0.69,1.2321,128,0.68,1.2142,50,0.68,1.2142,5,0.685,1.2232,1364,5
SPY190520C288,2019-05-17,2019-05-17 09:42:26,0.69,1.2321,128,0.68,1.2142,8,0.68,1.2142,5,0.685,1.2232,1364,0
SPY190520C288,2019-05-17,2019-05-17 09:42:27,0.68,1.2142,210,0.67,1.1964,1,0.68,1.2142,1,0.675,1.2053,1367,3
SPY190520C288,2019-05-17,2019-05-17 09:42:28,0.68,1.2142,122,0.67,1.1964,1,0.68,1.2142,1,0.675,1.2053,1367,0
SPY190520C288,2019-05-17,2019-05-17 09:42:29,0.69,1.2321,463,0.67,1.1964,461,0.67,1.1964,1,0.68,1.2142,1368,1
SPY190520C288,2019-05-17,2019-05-17 09:42:30,0.69,1.2321,516,0.67,1.1964,50,0.67,1.1964,1,0.68,1.2142,1368,0
SPY190520C288,2019-05-17,2019-05-17 09:42:31,0.69,1.2321,516,0.67,1.1964,50,0.67,1.1964,1,0.68,1.2142,1368,0
SPY190520C288,2019-05-17,2019-05-17 09:42:32,0.69,1.2321,516,0.68,1.2142,11,0.67,1.1964,1,0.685,1.2232,1368,0
SPY190520C288,2019-05-17,2019-05-17 09:42:33,0.69,1.2321,516,0.68,1.2142,5,0.67,1.1964,1,0.685,1.2232,1368,0
SPY190520C288,2019-05-17,2019-05-17 09:42:34,0.69,1.2321,516,0.68,1.2142,5,0.67,1.1964,1,0.685,1.2232,1368,0
SPY190520C288,2019-05-17,2019-05-17 09:42:35,0.69,1.2321,856,0.68,1.2142,5,0.67,1.1964,1,0.685,1.2232,1368,0
SPY190520C288,2019-05-17,2019-05-17 09:42:37,0.69,1.2321,556,0.68,1.2142,5,0.67,1.1964,1,0.685,1.2232,1368,0
SPY190520C288,2019-05-17,2019-05-17 09:42:38,0.69,1.2321,556,0.68,1.2142,5,0.67,1.1964,1,0.685,1.2232,1368,0
SPY190520C288,2019-05-17,2019-05-17 09:42:39,0.69,1.2321,656,0.68,1.2142,5,0.67,1.1964,1,0.685,1.2232,1368,0
SPY190520C288,2019-05-17,2019-05-17 09:42:40,0.69,1.2321,1038,0.68,1.2142,5,0.69,1.2321,1,0.685,1.2232,1369,1
SPY190520C288,2019-05-17,2019-05-17 09:42:41,0.69,1.2321,74,0.68,1.2142,55,0.69,1.2321,1,0.685,1.2232,1370,1
SPY190520C288,2019-05-17,2019-05-17 09:42:42,0.69,1.2321,117,0.68,1.2142,58,0.69,1.2321,1,0.685,1.2232,1370,0
SPY190520C288,2019-05-17,2019-05-17 09:42:43,0.69,1.2321,150,0.68,1.2142,2,0.69,1.2321,13,0.685,1.2232,1383,13
SPY190520C288,2019-05-17,2019-05-17 09:42:44,0.69,1.2321,496,0.68,1.2142,2,0.69,1.2321,13,0.685,1.2232,1383,0
SPY190520C288,2019-05-17,2019-05-17 09:42:45,0.69,1.2321,685,0.68,1.2142,2,0.68,1.2142,5,0.685,1.2232,1388,5
SPY190520C288,2019-05-17,2019-05-17 09:42:46,0.69,1.2321,685,0.68,1.2142,2,0.68,1.2142,5,0.685,1.2232,1388,0
SPY190520C288,2019-05-17,2019-05-17 09:42:47,0.69,1.2321,685,0.68,1.2142,2,0.68,1.2142,5,0.685,1.2232,1388,0
SPY190520C288,2019-05-17,2019-05-17 09:42:48,0.69,1.2321,1167,0.68,1.2142,2,0.68,1.2142,5,0.685,1.2232,1388,0
SPY190520C288,2019-05-17,2019-05-17 09:42:49,0.68,1.2142,50,0.67,1.1964,447,0.68,1.2142,1,0.675,1.2053,1405,17
SPY190520C288,2019-05-17,2019-05-17 09:42:50,0.68,1.2142,1,0.67,1.1964,500,0.68,1.2142,1,0.675,1.2053,1405,0
SPY190520C288,2019-05-17,2019-05-17 09:42:51,0.68,1.2142,1,0.67,1.1964,821,0.68,1.2142,1,0.675,1.2053,1405,0
SPY190520C288,2019-05-17,2019-05-17 09:42:52,0.68,1.2142,1,0.67,1.1964,131,0.68,1.2142,1,0.675,1.2053,1405,0
SPY190520C288,2019-05-17,2019-05-17 09:42:53,0.68,1.2142,1,0.67,1.1964,470,0.68,1.2142,1,0.675,1.2053,1405,0
SPY190520C288,2019-05-17,2019-05-17 09:42:54,0.68,1.2142,1,0.67,1.1964,164,0.68,1.2142,1,0.675,1.2053,1405,0
SPY190520C288,2019-05-17,2019-05-17 09:42:55,0.68,1.2142,7,0.67,1.1964,70,0.68,1.2142,1,0.675,1.2053,1405,0
SPY190520C288,2019-05-17,2019-05-17 09:42:56,0.68,1.2142,7,0.67,1.1964,22,0.68,1.2142,1,0.675,1.2053,1405,0
SPY190520C288,2019-05-17,2019-05-17 09:42:57,0.68,1.2142,50,0.67,1.1964,208,0.67,1.1964,2,0.675,1.2053,1407,2
SPY190520C288,2019-05-17,2019-05-17 09:42:58,0.68,1.2142,50,0.67,1.1964,339,0.67,1.1964,2,0.675,1.2053,1407,0
SPY190520C288,2019-05-17,2019-05-17 09:42:59,0.68,1.2142,1,0.67,1.1964,164,0.67,1.1964,2,0.675,1.2053,1407,0
SPY190520C288,2019-05-17,2019-05-17 09:43:00,0.68,1.2142,1,0.67,1.1964,149,0.67,1.1964,2,0.675,1.2053,1407,0
SPY190520C288,2019-05-17,2019-05-17 09:43:01,0.68,1.2142,1,0.67,1.1964,60,0.67,1.1964,2,0.675,1.2053,1407,0
SPY190520C288,2019-05-17,2019-05-17 09:43:02,0.68,1.2142,1,0.67,1.1964,301,0.67,1.1964,2,0.675,1.2053,1407,0
SPY190520C288,2019-05-17,2019-05-17 09:43:03,0.68,1.2142,1,0.67,1.1964,61,0.67,1.1964,2,0.675,1.2053,1407,0
SPY190520C288,2019-05-17,2019-05-17 09:43:04,0.68,1.2142,1,0.67,1.1964,118,0.67,1.1964,2,0.675,1.2053,1407,0
SPY190520C288,2019-05-17,2019-05-17 09:43:05,0.68,1.2142,1,0.67,1.1964,155,0.67,1.1964,2,0.675,1.2053,1407,0
SPY190520C288,2019-05-17,2019-05-17 09:43:06,0.68,1.2142,1,0.67,1.1964,167,0.67,1.1964,2,0.675,1.2053,1407,0
SPY190520C288,2019-05-17,2019-05-17 09:43:07,0.68,1.2142,1,0.67,1.1964,37,0.67,1.1964,2,0.675,1.2053,1407,0
SPY190520C288,2019-05-17,2019-05-17 09:43:08,0.68,1.2142,105,0.67,1.1964,37,0.67,1.1964,2,0.675,1.2053,1407,0
SPY190520C288,2019-05-17,2019-05-17 09:43:09,0.68,1.2142,1111,0.67,1.1964,37,0.67,1.1964,2,0.675,1.2053,1407,0
SPY190520C288,2019-05-17,2019-05-17 09:43:10,0.68,1.2142,1564,0.67,1.1964,37,0.67,1.1964,2,0.675,1.2053,1407,0
SPY190520C288,2019-05-17,2019-05-17 09:43:12,0.68,1.2142,1564,0.67,1.1964,7,0.67,1.1964,2,0.675,1.2053,1407,0
SPY190520C288,2019-05-17,2019-05-17 09:43:13,0.68,1.2142,1841,0.67,1.1964,7,0.67,1.1964,2,0.675,1.2053,1407,0
SPY190520C288,2019-05-17,2019-05-17 09:43:14,0.67,1.1964,1043,0.66,1.1785,17,0.67,1.1964,6,0.665,1.1875,1419,12
SPY190520C288,2019-05-17,2019-05-17 09:43:15,0.68,1.2142,1350,0.66,1.1785,17,0.67,1.1964,6,0.67,1.1964,1419,0
SPY190520C288,2019-05-17,2019-05-17 09:43:16,0.68,1.2142,1371,0.66,1.1785,75,0.67,1.1964,6,0.67,1.1964,1419,0
SPY190520C288,2019-05-17,2019-05-17 09:43:17,0.68,1.2142,707,0.66,1.1785,74,0.67,1.1964,6,0.67,1.1964,1419,0
SPY190520C288,2019-05-17,2019-05-17 09:43:18,0.68,1.2142,1633,0.67,1.1964,36,0.68,1.2142,1,0.675,1.2053,1423,4
SPY190520C288,2019-05-17,2019-05-17 09:43:19,0.67,1.1964,165,0.66,1.1785,37,0.68,1.2142,1,0.665,1.1875,1423,0
SPY190520C288,2019-05-17,2019-05-17 09:43:20,0.67,1.1964,486,0.66,1.1785,37,0.67,1.1964,5,0.665,1.1875,1428,5
SPY190520C288,2019-05-17,2019-05-17 09:43:21,0.67,1.1964,364,0.65,1.1607,1,0.66,1.1785,1,0.66,1.1785,1432,4
SPY190520C288,2019-05-17,2019-05-17 09:43:22,0.66,1.1785,1643,0.65,1.1607,24,0.65,1.1607,1,0.655,1.1696,1433,1
SPY190520C288,2019-05-17,2019-05-17 09:43:24,0.66,1.1785,1690,0.65,1.1607,24,0.65,1.1607,1,0.655,1.1696,1433,0
SPY190520C288,2019-05-17,2019-05-17 09:43:25,0.66,1.1785,1750,0.65,1.1607,1,0.65,1.1607,1,0.655,1.1696,1434,1
SPY190520C288,2019-05-17,2019-05-17 09:43:26,0.65,1.1607,1,0.65,1.1607,1,0.65,1.1607,1,0.65,1.1607,1435,1
SPY190520C288,2019-05-17,2019-05-17 09:43:27,0.65,1.1607,566,0.64,1.1428,25,0.65,1.1607,1,0.645,1.1517,1435,0
SPY190520C288,2019-05-17,2019-05-17 09:43:28,0.65,1.1607,1093,0.63,1.125,36,0.65,1.1607,1,0.64,1.1428,1435,0
SPY190520C288,2019-05-17,2019-05-17 09:43:30,0.64,1.1428,567,0.63,1.125,36,0.65,1.1607,1,0.635,1.1339,1435,0
SPY190520C288,2019-05-17,2019-05-17 09:43:31,0.64,1.1428,87,0.63,1.125,75,0.65,1.1607,1,0.635,1.1339,1435,0
SPY190520C288,2019-05-17,2019-05-17 09:43:32,0.64,1.1428,490,0.63,1.125,14,0.65,1.1607,1,0.635,1.1339,1435,0
SPY190520C288,2019-05-17,2019-05-17 09:43:33,0.64,1.1428,121,0.63,1.125,54,0.65,1.1607,1,0.635,1.1339,1435,0
SPY190520C288,2019-05-17,2019-05-17 09:43:34,0.64,1.1428,121,0.63,1.125,23,0.65,1.1607,1,0.635,1.1339,1435,0
SPY190520C288,2019-05-17,2019-05-17 09:43:35,0.63,1.125,200,0.62,1.1071,725,0.65,1.1607,1,0.625,1.116,1435,0
SPY190520C288,2019-05-17,2019-05-17 09:43:37,0.63,1.125,200,0.62,1.1071,688,0.65,1.1607,1,0.625,1.116,1435,0
SPY190520C288,2019-05-17,2019-05-17 09:43:38,0.64,1.1428,50,0.63,1.125,475,0.63,1.125,200,0.635,1.1339,1635,200
SPY190520C288,2019-05-17,2019-05-17 09:43:39,0.64,1.1428,1,0.63,1.125,401,0.64,1.1428,1,0.635,1.1339,1638,3
SPY190520C288,2019-05-17,2019-05-17 09:43:40,0.64,1.1428,1,0.63,1.125,533,0.64,1.1428,1,0.635,1.1339,1638,0
SPY190520C288,2019-05-17,2019-05-17 09:43:42,0.65,1.1607,50,0.64,1.1428,74,0.64,1.1428,1,0.645,1.1517,1639,1
SPY190520C288,2019-05-17,2019-05-17 09:43:43,0.65,1.1607,135,0.64,1.1428,2,0.64,1.1428,1,0.645,1.1517,1639,0
SPY190520C288,2019-05-17,2019-05-17 09:43:44,0.65,1.1607,135,0.64,1.1428,70,0.64,1.1428,1,0.645,1.1517,1639,0
SPY190520C288,2019-05-17,2019-05-17 09:43:45,0.65,1.1607,132,0.64,1.1428,2,0.64,1.1428,1,0.645,1.1517,1639,0
SPY190520C288,2019-05-17,2019-05-17 09:43:46,0.65,1.1607,996,0.63,1.125,486,0.63,1.125,2,0.64,1.1428,1647,8
SPY190520C288,2019-05-17,2019-05-17 09:43:47,0.65,1.1607,1365,0.63,1.125,125,0.64,1.1428,20,0.64,1.1428,1667,20
SPY190520C288,2019-05-17,2019-05-17 09:43:49,0.65,1.1607,1736,0.63,1.125,1,0.64,1.1428,20,0.64,1.1428,1667,0
SPY190520C288,2019-05-17,2019-05-17 09:43:50,0.65,1.1607,1703,0.63,1.125,127,0.64,1.1428,20,0.64,1.1428,1667,0
SPY190520C288,2019-05-17,2019-05-17 09:43:51,0.65,1.1607,993,0.63,1.125,50,0.64,1.1428,20,0.64,1.1428,1667,0
SPY190520C288,2019-05-17,2019-05-17 09:43:52,0.65,1.1607,993,0.63,1.125,66,0.64,1.1428,20,0.64,1.1428,1667,0
SPY190520C288,2019-05-17,2019-05-17 09:43:53,0.64,1.1428,100,0.63,1.125,1,0.64,1.1428,20,0.635,1.1339,1667,0
SPY190520C288,2019-05-17,2019-05-17 09:43:55,0.64,1.1428,100,0.63,1.125,1,0.64,1.1428,20,0.635,1.1339,1667,0
SPY190520C288,2019-05-17,2019-05-17 09:43:56,0.64,1.1428,167,0.63,1.125,1,0.64,1.1428,20,0.635,1.1339,1667,0
SPY190520C288,2019-05-17,2019-05-17 09:43:57,0.64,1.1428,167,0.63,1.125,36,0.64,1.1428,20,0.635,1.1339,1667,0
SPY190520C288,2019-05-17,2019-05-17 09:43:58,0.64,1.1428,167,0.63,1.125,67,0.64,1.1428,20,0.635,1.1339,1667,0
SPY190520C288,2019-05-17,2019-05-17 09:44:00,0.64,1.1428,1,0.63,1.125,822,0.64,1.1428,20,0.635,1.1339,1667,0
SPY190520C288,2019-05-17,2019-05-17 09:44:01,0.64,1.1428,1,0.63,1.125,986,0.64,1.1428,2,0.635,1.1339,1669,2
SPY190520C288,2019-05-17,2019-05-17 09:44:03,0.64,1.1428,1,0.63,1.125,986,0.64,1.1428,2,0.635,1.1339,1669,0
SPY190520C288,2019-05-17,2019-05-17 09:44:04,0.64,1.1428,119,0.63,1.125,228,0.64,1.1428,2,0.635,1.1339,1669,0
SPY190520C288,2019-05-17,2019-05-17 09:44:05,0.64,1.1428,1,0.63,1.125,131,0.64,1.1428,2,0.635,1.1339,1669,0
SPY190520C288,2019-05-17,2019-05-17 09:44:06,0.64,1.1428,2,0.63,1.125,560,0.64,1.1428,2,0.635,1.1339,1669,0
SPY190520C288,2019-05-17,2019-05-17 09:44:07,0.64,1.1428,1,0.63,1.125,479,0.64,1.1428,2,0.635,1.1339,1669,0
SPY190520C288,2019-05-17,2019-05-17 09:44:08,0.64,1.1428,1,0.63,1.125,67,0.64,1.1428,2,0.635,1.1339,1669,0
SPY190520C288,2019-05-17,2019-05-17 09:44:09,0.64,1.1428,1,0.63,1.125,67,0.64,1.1428,2,0.635,1.1339,1669,0
SPY190520C288,2019-05-17,2019-05-17 09:44:11,0.64,1.1428,1,0.63,1.125,678,0.64,1.1428,2,0.635,1.1339,1669,0
SPY190520C288,2019-05-17,2019-05-17 09:44:12,0.64,1.1428,1,0.63,1.125,560,0.64,1.1428,2,0.635,1.1339,1669,0
SPY190520C288,2019-05-17,2019-05-17 09:44:13,0.64,1.1428,1,0.63,1.125,678,0.64,1.1428,2,0.635,1.1339,1669,0
SPY190520C288,2019-05-17,2019-05-17 09:44:14,0.65,1.1607,809,0.63,1.125,64,0.64,1.1428,2,0.64,1.1428,1672,3
SPY190520C288,2019-05-17,2019-05-17 09:44:15,0.64,1.1428,5,0.63,1.125,67,0.64,1.1428,2,0.635,1.1339,1672,0
SPY190520C288,2019-05-17,2019-05-17 09:44:16,0.64,1.1428,6,0.63,1.125,67,0.64,1.1428,2,0.635,1.1339,1672,0
SPY190520C288,2019-05-17,2019-05-17 09:44:17,0.64,1.1428,12,0.63,1.125,14,0.64,1.1428,2,0.635,1.1339,1672,0
SPY190520C288,2019-05-17,2019-05-17 09:44:19,0.64,1.1428,120,0.63,1.125,1,0.64,1.1428,2,0.635,1.1339,1672,0
SPY190520C288,2019-05-17,2019-05-17 09:44:20,0.64,1.1428,150,0.63,1.125,40,0.64,1.1428,2,0.635,1.1339,1672,0
SPY190520C288,2019-05-17,2019-05-17 09:44:21,0.64,1.1428,229,0.63,1.125,40,0.64,1.1428,2,0.635,1.1339,1672,0
SPY190520C288,2019-05-17,2019-05-17 09:44:22,0.64,1.1428,458,0.63,1.125,10,0.64,1.1428,2,0.635,1.1339,1672,0
SPY190520C288,2019-05-17,2019-05-17 09:44:23,0.64,1.1428,972,0.63,1.125,5,0.64,1.1428,2,0.635,1.1339,1672,0
SPY190520C288,2019-05-17,2019-05-17 09:44:24,0.64,1.1428,805,0.61,1.0892,60,0.63,1.125,5,0.625,1.116,1678,6
SPY190520C288,2019-05-17,2019-05-17 09:44:25,0.63,1.125,517,0.61,1.0892,122,0.63,1.125,5,0.62,1.1071,1678,0
SPY190520C288,2019-05-17,2019-05-17 09:44:26,0.63,1.125,1089,0.61,1.0892,13,0.63,1.125,5,0.62,1.1071,1678,0
SPY190520C288,2019-05-17,2019-05-17 09:44:27,0.63,1.125,1001,0.61,1.0892,13,0.63,1.125,5,0.62,1.1071,1678,0
SPY190520C288,2019-05-17,2019-05-17 09:44:29,0.62,1.1071,50,0.6,1.0714,774,0.63,1.125,5,0.61,1.0892,1678,0
SPY190520C288,2019-05-17,2019-05-17 09:44:30,0.63,1.125,900,0.61,1.0892,144,0.63,1.125,5,0.62,1.1071,1678,0
SPY190520C288,2019-05-17,2019-05-17 09:44:31,0.63,1.125,900,0.61,1.0892,144,0.63,1.125,5,0.62,1.1071,1678,0
SPY190520C288,2019-05-17,2019-05-17 09:44:32,0.63,1.125,1035,0.61,1.0892,144,0.63,1.125,5,0.62,1.1071,1678,0
SPY190520C288,2019-05-17,2019-05-17 09:44:33,0.63,1.125,872,0.61,1.0892,94,0.63,1.125,5,0.62,1.1071,1678,0
SPY190520C288,2019-05-17,2019-05-17 09:44:34,0.62,1.1071,84,0.61,1.0892,242,0.63,1.125,5,0.615,1.0982,1678,0
SPY190520C288,2019-05-17,2019-05-17 09:44:35,0.62,1.1071,559,0.6,1.0714,380,0.63,1.125,5,0.61,1.0892,1678,0
SPY190520C288,2019-05-17,2019-05-17 09:44:36,0.62,1.1071,601,0.6,1.0714,380,0.63,1.125,5,0.61,1.0892,1678,0
SPY190520C288,2019-05-17,2019-05-17 09:44:37,0.62,1.1071,602,0.6,1.0714,592,0.63,1.125,5,0.61,1.0892,1678,0
SPY190520C288,2019-05-17,2019-05-17 09:44:39,0.62,1.1071,602,0.6,1.0714,595,0.63,1.125,5,0.61,1.0892,1678,0
SPY190520C288,2019-05-17,2019-05-17 09:44:40,0.62,1.1071,158,0.6,1.0714,318,0.63,1.125,5,0.61,1.0892,1678,0
SPY190520C288,2019-05-17,2019-05-17 09:44:41,0.62,1.1071,126,0.61,1.0892,48,0.63,1.125,5,0.615,1.0982,1678,0
SPY190520C288,2019-05-17,2019-05-17 09:44:42,0.62,1.1071,450,0.6,1.0714,885,0.63,1.125,5,0.61,1.0892,1678,0
SPY190520C288,2019-05-17,2019-05-17 09:44:43,0.62,1.1071,725,0.6,1.0714,223,0.63,1.125,5,0.61,1.0892,1678,0
SPY190520C288,2019-05-17,2019-05-17 09:44:44,0.62,1.1071,1494,0.6,1.0714,226,0.63,1.125,5,0.61,1.0892,1678,0
SPY190520C288,2019-05-17,2019-05-17 09:44:45,0.62,1.1071,1494,0.61,1.0892,69,0.63,1.125,5,0.615,1.0982,1678,0
SPY190520C288,2019-05-17,2019-05-17 09:44:46,0.62,1.1071,543,0.61,1.0892,69,0.63,1.125,5,0.615,1.0982,1678,0
SPY190520C288,2019-05-17,2019-05-17 09:44:47,0.62,1.1071,120,0.6,1.0714,681,0.63,1.125,5,0.61,1.0892,1678,0
SPY190520C288,2019-05-17,2019-05-17 09:44:48,0.63,1.125,517,0.61,1.0892,269,0.63,1.125,5,0.62,1.1071,1678,0
SPY190520C288,2019-05-17,2019-05-17 09:44:49,0.63,1.125,517,0.61,1.0892,266,0.61,1.0892,1,0.62,1.1071,1679,1
SPY190520C288,2019-05-17,2019-05-17 09:44:50,0.64,1.1428,126,0.63,1.125,60,0.61,1.0892,1,0.635,1.1339,1679,0
SPY190520C288,2019-05-17,2019-05-17 09:44:51,0.64,1.1428,126,0.63,1.125,60,0.61,1.0892,1,0.635,1.1339,1679,0
SPY190520C288,2019-05-17,2019-05-17 09:44:53,0.64,1.1428,128,0.63,1.125,49,0.61,1.0892,1,0.635,1.1339,1679,0
SPY190520C288,2019-05-17,2019-05-17 09:44:54,0.64,1.1428,118,0.63,1.125,594,0.64,1.1428,1,0.635,1.1339,1688,9
SPY190520C288,2019-05-17,2019-05-17 09:44:55,0.66,1.1785,744,0.63,1.125,684,0.64,1.1428,1,0.645,1.1517,1688,0
SPY190520C288,2019-05-17,2019-05-17 09:44:56,0.65,1.1607,260,0.63,1.125,90,0.64,1.1428,1,0.64,1.1428,1688,0
SPY190520C288,2019-05-17,2019-05-17 09:44:57,0.65,1.1607,91,0.64,1.1428,174,0.64,1.1428,1,0.645,1.1517,1688,0
SPY190520C288,2019-05-17,2019-05-17 09:44:58,0.66,1.1785,100,0.64,1.1428,264,0.64,1.1428,1,0.65,1.1607,1688,0
SPY190520C288,2019-05-17,2019-05-17 09:45:00,0.66,1.1785,150,0.64,1.1428,757,0.64,1.1428,1,0.65,1.1607,1688,0
SPY190520C288,2019-05-17,2019-05-17 09:45:00,0.66,1.1785,100,0.64,1.1428,757,0.64,1.1428,1,0.65,1.1607,1688,0
SPY190520C288,2019-05-17,2019-05-17 09:45:02,0.66,1.1785,116,0.64,1.1428,1141,0.64,1.1428,1,0.65,1.1607,1688,0
SPY190520C288,2019-05-17,2019-05-17 09:45:04,0.67,1.1964,116,0.65,1.1607,1256,0.64,1.1428,1,0.66,1.1785,1688,0
SPY190520C288,2019-05-17,2019-05-17 09:45:05,0.68,1.2142,115,0.66,1.1785,723,0.64,1.1428,1,0.67,1.1964,1688,0
SPY190520C288,2019-05-17,2019-05-17 09:45:06,0.68,1.2142,150,0.66,1.1785,723,0.64,1.1428,1,0.67,1.1964,1688,0
SPY190520C288,2019-05-17,2019-05-17 09:45:07,0.68,1.2142,150,0.66,1.1785,857,0.64,1.1428,1,0.67,1.1964,1688,0
SPY190520C288,2019-05-17,2019-05-17 09:45:09,0.68,1.2142,465,0.66,1.1785,128,0.68,1.2142,1,0.67,1.1964,1689,1
SPY190520C288,2019-05-17,2019-05-17 09:45:10,0.68,1.2142,1196,0.66,1.1785,61,0.68,1.2142,1,0.67,1.1964,1689,0
SPY190520C288,2019-05-17,2019-05-17 09:45:11,0.67,1.1964,648,0.65,1.1607,707,0.68,1.2142,1,0.66,1.1785,1689,0
SPY190520C288,2019-05-17,2019-05-17 09:45:12,0.68,1.2142,1331,0.65,1.1607,662,0.68,1.2142,1,0.665,1.1875,1689,0
SPY190520C288,2019-05-17,2019-05-17 09:45:14,0.67,1.1964,126,0.66,1.1785,49,0.66,1.1785,1,0.665,1.1875,1690,1
SPY190520C288,2019-05-17,2019-05-17 09:45:15,0.67,1.1964,1012,0.65,1.1607,66,0.66,1.1785,1,0.66,1.1785,1690,0
SPY190520C288,2019-05-17,2019-05-17 09:45:16,0.67,1.1964,1470,0.65,1.1607,74,0.66,1.1785,1,0.66,1.1785,1690,0
SPY190520C288,2019-05-17,2019-05-17 09:45:17,0.66,1.1785,556,0.65,1.1607,3,0.65,1.1607,8,0.655,1.1696,1700,10
SPY190520C288,2019-05-17,2019-05-17 09:45:18,0.66,1.1785,676,0.65,1.1607,3,0.65,1.1607,8,0.655,1.1696,1700,0
SPY190520C288,2019-05-17,2019-05-17 09:45:20,0.66,1.1785,50,0.65,1.1607,110,0.65,1.1607,8,0.655,1.1696,1700,0
SPY190520C288,2019-05-17,2019-05-17 09:45:21,0.67,1.1964,120,0.65,1.1607,1133,0.65,1.1607,8,0.66,1.1785,1700,0
SPY190520C288,2019-05-17,2019-05-17 09:45:22,0.67,1.1964,150,0.66,1.1785,74,0.65,1.1607,8,0.665,1.1875,1700,0
SPY190520C288,2019-05-17,2019-05-17 09:45:23,0.67,1.1964,1374,0.65,1.1607,74,0.65,1.1607,8,0.66,1.1785,1700,0
SPY190520C288,2019-05-17,2019-05-17 09:45:25,0.67,1.1964,648,0.65,1.1607,244,0.65,1.1607,8,0.66,1.1785,1700,0
SPY190520C288,2019-05-17,2019-05-17 09:45:26,0.67,1.1964,1323,0.65,1.1607,167,0.65,1.1607,8,0.66,1.1785,1700,0
SPY190520C288,2019-05-17,2019-05-17 09:45:27,0.67,1.1964,784,0.65,1.1607,167,0.65,1.1607,8,0.66,1.1785,1700,0
SPY190520C288,2019-05-17,2019-05-17 09:45:28,0.66,1.1785,84,0.65,1.1607,167,0.65,1.1607,8,0.655,1.1696,1700,0
SPY190520C288,2019-05-17,2019-05-17 09:45:29,0.66,1.1785,120,0.65,1.1607,31,0.65,1.1607,8,0.655,1.1696,1700,0
SPY190520C288,2019-05-17,2019-05-17 09:45:30,0.66,1.1785,50,0.65,1.1607,31,0.65,1.1607,8,0.655,1.1696,1700,0
SPY190520C288,2019-05-17,2019-05-17 09:45:32,0.67,1.1964,338,0.66,1.1785,200,0.65,1.1607,8,0.665,1.1875,1700,0
SPY190520C288,2019-05-17,2019-05-17 09:45:33,0.67,1.1964,734,0.66,1.1785,200,0.65,1.1607,8,0.665,1.1875,1700,0
SPY190520C288,2019-05-17,2019-05-17 09:45:34,0.67,1.1964,50,0.66,1.1785,250,0.65,1.1607,8,0.665,1.1875,1700,0
SPY190520C288,2019-05-17,2019-05-17 09:45:35,0.68,1.2142,807,0.67,1.1964,1,0.65,1.1607,8,0.675,1.2053,1700,0
SPY190520C288,2019-05-17,2019-05-17 09:45:37,0.68,1.2142,90,0.67,1.1964,1,0.65,1.1607,8,0.675,1.2053,1700,0
SPY190520C288,2019-05-17,2019-05-17 09:45:38,0.68,1.2142,2,0.67,1.1964,68,0.65,1.1607,8,0.675,1.2053,1700,0
SPY190520C288,2019-05-17,2019-05-17 09:45:39,0.68,1.2142,1,0.67,1.1964,707,0.68,1.2142,1,0.675,1.2053,1701,1
SPY190520C288,2019-05-17,2019-05-17 09:45:40,0.68,1.2142,1,0.67,1.1964,90,0.68,1.2142,1,0.675,1.2053,1701,0
SPY190520C288,2019-05-17,2019-05-17 09:45:41,0.68,1.2142,1,0.67,1.1964,95,0.68,1.2142,1,0.675,1.2053,1701,0
SPY190520C288,2019-05-17,2019-05-17 09:45:42,0.68,1.2142,1,0.67,1.1964,156,0.68,1.2142,1,0.675,1.2053,1701,0
SPY190520C288,2019-05-17,2019-05-17 09:45:44,0.68,1.2142,1,0.67,1.1964,242,0.68,1.2142,1,0.675,1.2053,1701,0
SPY190520C288,2019-05-17,2019-05-17 09:45:45,0.68,1.2142,1,0.67,1.1964,119,0.68,1.2142,1,0.675,1.2053,1701,0
SPY190520C288,2019-05-17,2019-05-17 09:45:46,0.68,1.2142,1,0.67,1.1964,119,0.68,1.2142,1,0.675,1.2053,1701,0
SPY190520C288,2019-05-17,2019-05-17 09:45:47,0.68,1.2142,1,0.67,1.1964,721,0.68,1.2142,1,0.675,1.2053,1701,0
SPY190520C288,2019-05-17,2019-05-17 09:45:49,0.7,1.25,462,0.68,1.2142,133,0.68,1.2142,1,0.69,1.2321,1703,2
SPY190520C288,2019-05-17,2019-05-17 09:45:50,0.7,1.25,845,0.68,1.2142,67,0.68,1.2142,1,0.69,1.2321,1703,0
SPY190520C288,2019-05-17,2019-05-17 09:45:51,0.69,1.2321,110,0.68,1.2142,63,0.68,1.2142,1,0.685,1.2232,1703,0
SPY190520C288,2019-05-17,2019-05-17 09:45:52,0.7,1.25,648,0.68,1.2142,58,0.68,1.2142,1,0.69,1.2321,1703,0
SPY190520C288,2019-05-17,2019-05-17 09:45:53,0.7,1.25,55,0.69,1.2321,26,0.68,1.2142,1,0.695,1.241,1703,0
SPY190520C288,2019-05-17,2019-05-17 09:45:54,0.7,1.25,110,0.69,1.2321,74,0.68,1.2142,1,0.695,1.241,1703,0
SPY190520C288,2019-05-17,2019-05-17 09:45:56,0.7,1.25,124,0.69,1.2321,34,0.68,1.2142,1,0.695,1.241,1703,0
SPY190520C288,2019-05-17,2019-05-17 09:45:57,0.7,1.25,706,0.68,1.2142,96,0.68,1.2142,1,0.69,1.2321,1703,0
SPY190520C288,2019-05-17,2019-05-17 09:45:58,0.7,1.25,758,0.68,1.2142,62,0.68,1.2142,1,0.69,1.2321,1703,0
SPY190520C288,2019-05-17,2019-05-17 09:45:59,0.7,1.25,829,0.69,1.2321,29,0.68,1.2142,1,0.695,1.241,1703,0
SPY190520C288,2019-05-17,2019-05-17 09:46:00,0.7,1.25,1577,0.69,1.2321,29,0.68,1.2142,1,0.695,1.241,1703,0
SPY190520C288,2019-05-17,2019-05-17 09:46:01,0.7,1.25,829,0.69,1.2321,29,0.68,1.2142,1,0.695,1.241,1703,0
SPY190520C288,2019-05-17,2019-05-17 09:46:03,0.69,1.2321,256,0.67,1.1964,57,0.67,1.1964,1,0.68,1.2142,1704,1
SPY190520C288,2019-05-17,2019-05-17 09:46:04,0.68,1.2142,222,0.67,1.1964,30,0.67,1.1964,1,0.675,1.2053,1704,0
SPY190520C288,2019-05-17,2019-05-17 09:46:05,0.68,1.2142,50,0.67,1.1964,70,0.67,1.1964,1,0.675,1.2053,1704,0
SPY190520C288,2019-05-17,2019-05-17 09:46:07,0.69,1.2321,976,0.68,1.2142,23,0.67,1.1964,1,0.685,1.2232,1704,0
SPY190520C288,2019-05-17,2019-05-17 09:46:08,0.69,1.2321,193,0.67,1.1964,36,0.67,1.1964,1,0.68,1.2142,1704,0
SPY190520C288,2019-05-17,2019-05-17 09:46:09,0.69,1.2321,502,0.67,1.1964,36,0.67,1.1964,1,0.68,1.2142,1704,0
SPY190520C288,2019-05-17,2019-05-17 09:46:10,0.68,1.2142,100,0.67,1.1964,30,0.67,1.1964,1,0.675,1.2053,1704,0
SPY190520C288,2019-05-17,2019-05-17 09:46:11,0.68,1.2142,506,0.67,1.1964,30,0.68,1.2142,200,0.675,1.2053,1904,200
SPY190520C288,2019-05-17,2019-05-17 09:46:12,0.68,1.2142,459,0.67,1.1964,20,0.68,1.2142,200,0.675,1.2053,1904,0
SPY190520C288,2019-05-17,2019-05-17 09:46:13,0.68,1.2142,128,0.67,1.1964,1,0.68,1.2142,200,0.675,1.2053,1904,0
SPY190520C288,2019-05-17,2019-05-17 09:46:14,0.68,1.2142,301,0.66,1.1785,11,0.68,1.2142,200,0.67,1.1964,1904,0
SPY190520C288,2019-05-17,2019-05-17 09:46:15,0.67,1.1964,60,0.66,1.1785,15,0.68,1.2142,200,0.665,1.1875,1904,0
SPY190520C288,2019-05-17,2019-05-17 09:46:17,0.68,1.2142,576,0.66,1.1785,11,0.68,1.2142,200,0.67,1.1964,1904,0
SPY190520C288,2019-05-17,2019-05-17 09:46:18,0.67,1.1964,458,0.66,1.1785,32,0.68,1.2142,200,0.665,1.1875,1904,0
SPY190520C288,2019-05-17,2019-05-17 09:46:19,0.67,1.1964,150,0.66,1.1785,32,0.67,1.1964,10,0.665,1.1875,1914,10
SPY190520C288,2019-05-17,2019-05-17 09:46:20,0.68,1.2142,519,0.66,1.1785,100,0.67,1.1964,10,0.67,1.1964,1914,0
SPY190520C288,2019-05-17,2019-05-17 09:46:22,0.67,1.1964,100,0.66,1.1785,74,0.67,1.1964,3,0.665,1.1875,1917,3
SPY190520C288,2019-05-17,2019-05-17 09:46:23,0.68,1.2142,495,0.66,1.1785,74,0.67,1.1964,3,0.67,1.1964,1917,0
SPY190520C288,2019-05-17,2019-05-17 09:46:25,0.68,1.2142,464,0.66,1.1785,181,0.67,1.1964,3,0.67,1.1964,1917,0
SPY190520C288,2019-05-17,2019-05-17 09:46:26,0.68,1.2142,464,0.66,1.1785,100,0.67,1.1964,3,0.67,1.1964,1917,0
SPY190520C288,2019-05-17,2019-05-17 09:46:27,0.67,1.1964,707,0.66,1.1785,22,0.67,1.1964,3,0.665,1.1875,1917,0
SPY190520C288,2019-05-17,2019-05-17 09:46:28,0.67,1.1964,229,0.66,1.1785,64,0.67,1.1964,3,0.665,1.1875,1917,0
SPY190520C288,2019-05-17,2019-05-17 09:46:30,0.67,1.1964,110,0.66,1.1785,64,0.67,1.1964,3,0.665,1.1875,1917,0
SPY190520C288,2019-05-17,2019-05-17 09:46:31,0.67,1.1964,648,0.65,1.1607,90,0.67,1.1964,3,0.66,1.1785,1917,0
SPY190520C288,2019-05-17,2019-05-17 09:46:32,0.67,1.1964,648,0.66,1.1785,52,0.67,1.1964,3,0.665,1.1875,1917,0
SPY190520C288,2019-05-17,2019-05-17 09:46:33,0.68,1.2142,284,0.66,1.1785,6,0.67,1.1964,3,0.67,1.1964,1917,0
SPY190520C288,2019-05-17,2019-05-17 09:46:35,0.68,1.2142,1068,0.67,1.1964,14,0.67,1.1964,1,0.675,1.2053,1918,1
SPY190520C288,2019-05-17,2019-05-17 09:46:36,0.68,1.2142,1883,0.66,1.1785,57,0.67,1.1964,1,0.67,1.1964,1918,0
SPY190520C288,2019-05-17,2019-05-17 09:46:37,0.67,1.1964,1757,0.66,1.1785,16,0.67,1.1964,1,0.665,1.1875,1918,0
SPY190520C288,2019-05-17,2019-05-17 09:46:38,0.66,1.1785,180,0.65,1.1607,63,0.67,1.1964,1,0.655,1.1696,1918,0
SPY190520C288,2019-05-17,2019-05-17 09:46:39,0.66,1.1785,458,0.65,1.1607,44,0.67,1.1964,1,0.655,1.1696,1918,0
SPY190520C288,2019-05-17,2019-05-17 09:46:41,0.66,1.1785,120,0.65,1.1607,59,0.67,1.1964,1,0.655,1.1696,1918,0
SPY190520C288,2019-05-17,2019-05-17 09:46:42,0.66,1.1785,1461,0.65,1.1607,2,0.67,1.1964,1,0.655,1.1696,1918,0
SPY190520C288,2019-05-17,2019-05-17 09:46:43,0.66,1.1785,50,0.65,1.1607,2,0.67,1.1964,1,0.655,1.1696,1918,0
SPY190520C288,2019-05-17,2019-05-17 09:46:44,0.66,1.1785,113,0.65,1.1607,64,0.67,1.1964,1,0.655,1.1696,1918,0
SPY190520C288,2019-05-17,2019-05-17 09:46:46,0.67,1.1964,1359,0.65,1.1607,392,0.67,1.1964,1,0.66,1.1785,1918,0
SPY190520C288,2019-05-17,2019-05-17 09:46:47,0.66,1.1785,177,0.65,1.1607,60,0.67,1.1964,1,0.655,1.1696,1918,0
SPY190520C288,2019-05-17,2019-05-17 09:46:48,0.66,1.1785,186,0.65,1.1607,2,0.67,1.1964,1,0.655,1.1696,1918,0
SPY190520C288,2019-05-17,2019-05-17 09:46:49,0.66,1.1785,57,0.65,1.1607,50,0.66,1.1785,50,0.655,1.1696,1968,50
SPY190520C288,2019-05-17,2019-05-17 09:46:51,0.66,1.1785,120,0.65,1.1607,59,0.66,1.1785,50,0.655,1.1696,1968,0
SPY190520C288,2019-05-17,2019-05-17 09:46:52,0.66,1.1785,209,0.65,1.1607,26,0.66,1.1785,50,0.655,1.1696,1968,0
SPY190520C288,2019-05-17,2019-05-17 09:46:53,0.66,1.1785,291,0.65,1.1607,2,0.66,1.1785,50,0.655,1.1696,1968,0
SPY190520C288,2019-05-17,2019-05-17 09:46:54,0.67,1.1964,1367,0.65,1.1607,75,0.66,1.1785,50,0.66,1.1785,1968,0
SPY190520C288,2019-05-17,2019-05-17 09:46:55,0.66,1.1785,1728,0.65,1.1607,2,0.66,1.1785,50,0.655,1.1696,1968,0
SPY190520C288,2019-05-17,2019-05-17 09:46:57,0.66,1.1785,918,0.65,1.1607,7,0.65,1.1607,1,0.655,1.1696,1969,1
SPY190520C288,2019-05-17,2019-05-17 09:46:58,0.66,1.1785,756,0.65,1.1607,2,0.65,1.1607,1,0.655,1.1696,1969,0
SPY190520C288,2019-05-17,2019-05-17 09:46:59,0.66,1.1785,658,0.65,1.1607,2,0.65,1.1607,1,0.655,1.1696,1969,0
SPY190520C288,2019-05-17,2019-05-17 09:47:00,0.66,1.1785,1397,0.65,1.1607,2,0.65,1.1607,1,0.655,1.1696,1969,0
SPY190520C288,2019-05-17,2019-05-17 09:47:01,0.66,1.1785,1524,0.65,1.1607,2,0.65,1.1607,1,0.655,1.1696,1969,0
SPY190520C288,2019-05-17,2019-05-17 09:47:03,0.66,1.1785,1390,0.65,1.1607,2,0.65,1.1607,1,0.655,1.1696,1969,0
SPY190520C288,2019-05-17,2019-05-17 09:47:04,0.66,1.1785,465,0.65,1.1607,2,0.65,1.1607,1,0.655,1.1696,1969,0
SPY190520C288,2019-05-17,2019-05-17 09:47:05,0.67,1.1964,6,0.65,1.1607,792,0.66,1.1785,1,0.66,1.1785,1970,1
SPY190520C288,2019-05-17,2019-05-17 09:47:07,0.67,1.1964,106,0.66,1.1785,69,0.66,1.1785,1,0.665,1.1875,1970,0
SPY190520C288,2019-05-17,2019-05-17 09:47:08,0.68,1.2142,50,0.66,1.1785,787,0.66,1.1785,1,0.67,1.1964,1970,0
SPY190520C288,2019-05-17,2019-05-17 09:47:09,0.68,1.2142,5,0.67,1.1964,89,0.66,1.1785,1,0.675,1.2053,1970,0
SPY190520C288,2019-05-17,2019-05-17 09:47:10,0.68,1.2142,5,0.67,1.1964,89,0.66,1.1785,1,0.675,1.2053,1970,0
SPY190520C288,2019-05-17,2019-05-17 09:47:11,0.68,1.2142,5,0.67,1.1964,132,0.66,1.1785,1,0.675,1.2053,1970,0
SPY190520C288,2019-05-17,2019-05-17 09:47:13,0.68,1.2142,6,0.67,1.1964,31,0.66,1.1785,1,0.675,1.2053,1970,0
SPY190520C288,2019-05-17,2019-05-17 09:47:14,0.68,1.2142,394,0.66,1.1785,32,0.66,1.1785,1,0.67,1.1964,1970,0
SPY190520C288,2019-05-17,2019-05-17 09:47:15,0.68,1.2142,516,0.66,1.1785,83,0.66,1.1785,1,0.67,1.1964,1970,0
SPY190520C288,2019-05-17,2019-05-17 09:47:16,0.68,1.2142,427,0.66,1.1785,83,0.66,1.1785,1,0.67,1.1964,1970,0
SPY190520C288,2019-05-17,2019-05-17 09:47:17,0.68,1.2142,87,0.66,1.1785,529,0.66,1.1785,1,0.67,1.1964,1970,0
SPY190520C288,2019-05-17,2019-05-17 09:47:18,0.68,1.2142,101,0.66,1.1785,168,0.66,1.1785,1,0.67,1.1964,1970,0
SPY190520C288,2019-05-17,2019-05-17 09:47:20,0.68,1.2142,5,0.67,1.1964,21,0.66,1.1785,1,0.675,1.2053,1970,0
SPY190520C288,2019-05-17,2019-05-17 09:47:21,0.68,1.2142,60,0.67,1.1964,21,0.66,1.1785,1,0.675,1.2053,1970,0
SPY190520C288,2019-05-17,2019-05-17 09:47:22,0.68,1.2142,60,0.67,1.1964,24,0.66,1.1785,1,0.675,1.2053,1970,0
SPY190520C288,2019-05-17,2019-05-17 09:47:23,0.68,1.2142,5,0.67,1.1964,593,0.66,1.1785,1,0.675,1.2053,1970,0
SPY190520C288,2019-05-17,2019-05-17 09:47:25,0.7,1.25,168,0.68,1.2142,60,0.68,1.2142,5,0.69,1.2321,1975,5
SPY190520C288,2019-05-17,2019-05-17 09:47:26,0.71,1.2678,1,0.69,1.2321,90,0.68,1.2142,5,0.7,1.25,1975,0
SPY190520C288,2019-05-17,2019-05-17 09:47:27,0.71,1.2678,140,0.7,1.25,36,0.68,1.2142,5,0.705,1.2589,1975,0
SPY190520C288,2019-05-17,2019-05-17 09:47:28,0.71,1.2678,140,0.69,1.2321,521,0.68,1.2142,5,0.7,1.25,1975,0
SPY190520C288,2019-05-17,2019-05-17 09:47:29,0.71,1.2678,140,0.7,1.25,33,0.68,1.2142,5,0.705,1.2589,1975,0
SPY190520C288,2019-05-17,2019-05-17 09:47:31,0.71,1.2678,100,0.7,1.25,133,0.68,1.2142,5,0.705,1.2589,1975,0
SPY190520C288,2019-05-17,2019-05-17 09:47:32,0.73,1.3035,211,0.71,1.2678,35,0.71,1.2678,1,0.72,1.2857,1976,1
SPY190520C288,2019-05-17,2019-05-17 09:47:33,0.72,1.2857,496,0.7,1.25,90,0.71,1.2678,1,0.71,1.2678,1976,0
SPY190520C288,2019-05-17,2019-05-17 09:47:35,0.73,1.3035,176,0.71,1.2678,62,0.71,1.2678,1,0.72,1.2857,1976,0
SPY190520C288,2019-05-17,2019-05-17 09:47:36,0.72,1.2857,50,0.71,1.2678,74,0.71,1.2678,1,0.715,1.2767,1976,0
SPY190520C288,2019-05-17,2019-05-17 09:47:37,0.73,1.3035,200,0.72,1.2857,33,0.71,1.2678,1,0.725,1.2946,1976,0
SPY190520C288,2019-05-17,2019-05-17 09:47:38,0.72,1.2857,212,0.69,1.2321,34,0.71,1.2678,1,0.705,1.2589,1976,0
SPY190520C288,2019-05-17,2019-05-17 09:47:40,0.68,1.2142,1,0.67,1.1964,24,0.68,1.2142,1,0.675,1.2053,1977,1
SPY190520C288,2019-05-17,2019-05-17 09:47:41,0.68,1.2142,10,0.67,1.1964,357,0.68,1.2142,1,0.675,1.2053,1977,0
SPY190520C288,2019-05-17,2019-05-17 09:47:42,0.7,1.25,50,0.68,1.2142,533,0.68,1.2142,9,0.69,1.2321,1987,10
SPY190520C288,2019-05-17,2019-05-17 09:47:44,0.7,1.25,223,0.69,1.2321,13,0.68,1.2142,9,0.695,1.241,1987,0
SPY190520C288,2019-05-17,2019-05-17 09:47:45,0.7,1.25,844,0.68,1.2142,80,0.68,1.2142,9,0.69,1.2321,1987,0
SPY190520C288,2019-05-17,2019-05-17 09:47:46,0.7,1.25,744,0.68,1.2142,100,0.68,1.2142,9,0.69,1.2321,1987,0
SPY190520C288,2019-05-17,2019-05-17 09:47:47,0.71,1.2678,824,0.69,1.2321,74,0.68,1.2142,9,0.7,1.25,1987,0
SPY190520C288,2019-05-17,2019-05-17 09:47:49,0.71,1.2678,794,0.69,1.2321,110,0.68,1.2142,9,0.7,1.25,1987,0
SPY190520C288,2019-05-17,2019-05-17 09:47:50,0.71,1.2678,234,0.69,1.2321,483,0.68,1.2142,9,0.7,1.25,1987,0
SPY190520C288,2019-05-17,2019-05-17 09:47:51,0.71,1.2678,576,0.7,1.25,12,0.68,1.2142,9,0.705,1.2589,1987,0
SPY190520C288,2019-05-17,2019-05-17 09:47:52,0.71,1.2678,695,0.69,1.2321,61,0.68,1.2142,9,0.7,1.25,1987,0
SPY190520C288,2019-05-17,2019-05-17 09:47:54,0.7,1.25,222,0.69,1.2321,61,0.68,1.2142,9,0.695,1.241,1987,0
SPY190520C288,2019-05-17,2019-05-17 09:47:55,0.7,1.25,400,0.69,1.2321,61,0.68,1.2142,9,0.695,1.241,1987,0
SPY190520C288,2019-05-17,2019-05-17 09:47:56,0.7,1.25,677,0.69,1.2321,12,0.68,1.2142,9,0.695,1.241,1987,0
SPY190520C288,2019-05-17,2019-05-17 09:47:58,0.69,1.2321,110,0.68,1.2142,50,0.7,1.25,1,0.685,1.2232,1988,1
SPY190520C288,2019-05-17,2019-05-17 09:47:59,0.69,1.2321,110,0.68,1.2142,22,0.7,1.25,1,0.685,1.2232,1988,0
SPY190520C288,2019-05-17,2019-05-17 09:48:00,0.69,1.2321,123,0.68,1.2142,1,0.7,1.25,1,0.685,1.2232,1988,0
SPY190520C288,2019-05-17,2019-05-17 09:48:01,0.69,1.2321,446,0.68,1.2142,1,0.7,1.25,1,0.685,1.2232,1988,0
SPY190520C288,2019-05-17,2019-05-17 09:48:02,0.68,1.2142,1,0.67,1.1964,50,0.68,1.2142,1,0.675,1.2053,1989,1
SPY190520C288,2019-05-17,2019-05-17 09:48:03,0.67,1.1964,126,0.66,1.1785,63,0.67,1.1964,1,0.665,1.1875,1991,2
SPY190520C288,2019-05-17,2019-05-17 09:48:04,0.67,1.1964,471,0.66,1.1785,13,0.67,1.1964,1,0.665,1.1875,1991,0
SPY190520C288,2019-05-17,2019-05-17 09:48:06,0.67,1.1964,516,0.65,1.1607,171,0.67,1.1964,1,0.66,1.1785,1991,0
SPY190520C288,2019-05-17,2019-05-17 09:48:07,0.67,1.1964,641,0.66,1.1785,46,0.67,1.1964,1,0.665,1.1875,1991,0
SPY190520C288,2019-05-17,2019-05-17 09:48:08,0.69,1.2321,810,0.66,1.1785,322,0.67,1.1964,1,0.675,1.2053,1991,0
SPY190520C288,2019-05-17,2019-05-17 09:48:09,0.69,1.2321,530,0.68,1.2142,20,0.67,1.1964,1,0.685,1.2232,1991,0
SPY190520C288,2019-05-17,2019-05-17 09:48:10,0.7,1.25,234,0.69,1.2321,26,0.67,1.1964,1,0.695,1.241,1991,0
SPY190520C288,2019-05-17,2019-05-17 09:48:11,0.7,1.25,746,0.69,1.2321,29,0.67,1.1964,1,0.695,1.241,1991,0
SPY190520C288,2019-05-17,2019-05-17 09:48:12,0.7,1.25,491,0.69,1.2321,56,0.67,1.1964,1,0.695,1.241,1991,0
SPY190520C288,2019-05-17,2019-05-17 09:48:13,0.7,1.25,337,0.69,1.2321,50,0.67,1.1964,1,0.695,1.241,1991,0
SPY190520C288,2019-05-17,2019-05-17 09:48:15,0.71,1.2678,132,0.69,1.2321,697,0.67,1.1964,1,0.7,1.25,1991,0
SPY190520C288,2019-05-17,2019-05-17 09:48:16,0.71,1.2678,183,0.69,1.2321,228,0.67,1.1964,1,0.7,1.25,1991,0
SPY190520C288,2019-05-17,2019-05-17 09:48:17,0.71,1.2678,447,0.69,1.2321,790,0.67,1.1964,1,0.7,1.25,1991,0
SPY190520C288,2019-05-17,2019-05-17 09:48:18,0.71,1.2678,50,0.7,1.25,90,0.67,1.1964,1,0.705,1.2589,1991,0
SPY190520C288,2019-05-17,2019-05-17 09:48:19,0.71,1.2678,212,0.69,1.2321,618,0.67,1.1964,1,0.7,1.25,1991,0
SPY190520C288,2019-05-17,2019-05-17 09:48:20,0.71,1.2678,10,0.69,1.2321,947,0.67,1.1964,1,0.7,1.25,1991,0
SPY190520C288,2019-05-17,2019-05-17 09:48:21,0.71,1.2678,61,0.7,1.25,60,0.67,1.1964,1,0.705,1.2589,1991,0
SPY190520C288,2019-05-17,2019-05-17 09:48:22,0.71,1.2678,202,0.69,1.2321,80,0.67,1.1964,1,0.7,1.25,1991,0
SPY190520C288,2019-05-17,2019-05-17 09:48:24,0.71,1.2678,631,0.69,1.2321,221,0.67,1.1964,1,0.7,1.25,1991,0
SPY190520C288,2019-05-17,2019-05-17 09:48:25,0.7,1.25,129,0.69,1.2321,1,0.67,1.1964,1,0.695,1.241,1991,0
SPY190520C288,2019-05-17,2019-05-17 09:48:26,0.7,1.25,129,0.69,1.2321,1,0.67,1.1964,1,0.695,1.241,1991,0
SPY190520C288,2019-05-17,2019-05-17 09:48:27,0.7,1.25,129,0.69,1.2321,1,0.67,1.1964,1,0.695,1.241,1991,0
SPY190520C288,2019-05-17,2019-05-17 09:48:28,0.7,1.25,361,0.67,1.1964,354,0.69,1.2321,1,0.685,1.2232,1993,2
SPY190520C288,2019-05-17,2019-05-17 09:48:29,0.7,1.25,252,0.67,1.1964,469,0.69,1.2321,1,0.685,1.2232,1993,0
SPY190520C288,2019-05-17,2019-05-17 09:48:30,0.69,1.2321,446,0.67,1.1964,646,0.69,1.2321,1,0.68,1.2142,1993,0
SPY190520C288,2019-05-17,2019-05-17 09:48:32,0.69,1.2321,73,0.68,1.2142,99,0.68,1.2142,2,0.685,1.2232,1995,2
SPY190520C288,2019-05-17,2019-05-17 09:48:33,0.7,1.25,667,0.68,1.2142,99,0.68,1.2142,2,0.69,1.2321,1995,0
SPY190520C288,2019-05-17,2019-05-17 09:48:34,0.7,1.25,604,0.68,1.2142,224,0.68,1.2142,2,0.69,1.2321,1995,0
SPY190520C288,2019-05-17,2019-05-17 09:48:35,0.7,1.25,808,0.68,1.2142,80,0.68,1.2142,2,0.69,1.2321,1995,0
SPY190520C288,2019-05-17,2019-05-17 09:48:36,0.7,1.25,50,0.68,1.2142,780,0.68,1.2142,2,0.69,1.2321,1995,0
SPY190520C288,2019-05-17,2019-05-17 09:48:38,0.71,1.2678,637,0.7,1.25,61,0.68,1.2142,2,0.705,1.2589,1995,0
SPY190520C288,2019-05-17,2019-05-17 09:48:39,0.71,1.2678,468,0.7,1.25,61,0.68,1.2142,2,0.705,1.2589,1995,0
SPY190520C288,2019-05-17,2019-05-17 09:48:40,0.68,1.2142,200,0.67,1.1964,10,0.68,1.2142,2,0.675,1.2053,1995,0
SPY190520C288,2019-05-17,2019-05-17 09:48:41,0.68,1.2142,110,0.67,1.1964,57,0.67,1.1964,3,0.675,1.2053,1998,3
SPY190520C288,2019-05-17,2019-05-17 09:48:42,0.68,1.2142,870,0.66,1.1785,146,0.67,1.1964,3,0.67,1.1964,1998,0
SPY190520C288,2019-05-17,2019-05-17 09:48:43,0.67,1.1964,144,0.66,1.1785,117,0.66,1.1785,1,0.665,1.1875,1999,1
SPY190520C288,2019-05-17,2019-05-17 09:48:45,0.67,1.1964,144,0.66,1.1785,117,0.66,1.1785,1,0.665,1.1875,1999,0
SPY190520C288,2019-05-17,2019-05-17 09:48:46,0.68,1.2142,80,0.66,1.1785,746,0.66,1.1785,1,0.67,1.1964,1999,0
SPY190520C288,2019-05-17,2019-05-17 09:48:47,0.68,1.2142,134,0.66,1.1785,646,0.66,1.1785,1,0.67,1.1964,1999,0
SPY190520C288,2019-05-17,2019-05-17 09:48:48,0.68,1.2142,123,0.66,1.1785,276,0.66,1.1785,1,0.67,1.1964,1999,0
SPY190520C288,2019-05-17,2019-05-17 09:48:49,0.69,1.2321,385,0.67,1.1964,73,0.66,1.1785,1,0.68,1.2142,1999,0
SPY190520C288,2019-05-17,2019-05-17 09:48:50,0.68,1.2142,515,0.67,1.1964,35,0.66,1.1785,1,0.675,1.2053,1999,0
SPY190520C288,2019-05-17,2019-05-17 09:48:51,0.68,1.2142,7,0.67,1.1964,64,0.66,1.1785,1,0.675,1.2053,1999,0
SPY190520C288,2019-05-17,2019-05-17 09:48:53,0.69,1.2321,876,0.67,1.1964,73,0.66,1.1785,1,0.68,1.2142,1999,0
SPY190520C288,2019-05-17,2019-05-17 09:48:54,0.69,1.2321,360,0.67,1.1964,68,0.66,1.1785,1,0.68,1.2142,1999,0
SPY190520C288,2019-05-17,2019-05-17 09:48:55,0.68,1.2142,110,0.67,1.1964,43,0.66,1.1785,1,0.675,1.2053,1999,0
SPY190520C288,2019-05-17,2019-05-17 09:48:56,0.68,1.2142,125,0.67,1.1964,56,0.67,1.1964,1,0.675,1.2053,2000,1
SPY190520C288,2019-05-17,2019-05-17 09:48:57,0.68,1.2142,88,0.67,1.1964,56,0.67,1.1964,1,0.675,1.2053,2000,0
SPY190520C288,2019-05-17,2019-05-17 09:48:58,0.69,1.2321,938,0.67,1.1964,56,0.67,1.1964,1,0.68,1.2142,2000,0
SPY190520C288,2019-05-17,2019-05-17 09:48:59,0.69,1.2321,1018,0.68,1.2142,14,0.67,1.1964,1,0.685,1.2232,2000,0
SPY190520C288,2019-05-17,2019-05-17 09:49:00,0.69,1.2321,1183,0.68,1.2142,9,0.68,1.2142,4,0.685,1.2232,2013,13
SPY190520C288,2019-05-17,2019-05-17 09:49:01,0.68,1.2142,135,0.66,1.1785,560,0.68,1.2142,9,0.67,1.1964,2022,9
SPY190520C288,2019-05-17,2019-05-17 09:49:02,0.68,1.2142,174,0.67,1.1964,8,0.68,1.2142,9,0.675,1.2053,2022,0
SPY190520C288,2019-05-17,2019-05-17 09:49:04,0.67,1.1964,50,0.66,1.1785,73,0.68,1.2142,9,0.665,1.1875,2022,0
SPY190520C288,2019-05-17,2019-05-17 09:49:05,0.68,1.2142,647,0.67,1.1964,26,0.68,1.2142,9,0.675,1.2053,2022,0
SPY190520C288,2019-05-17,2019-05-17 09:49:06,0.68,1.2142,168,0.66,1.1785,125,0.68,1.2142,9,0.67,1.1964,2022,0
SPY190520C288,2019-05-17,2019-05-17 09:49:07,0.68,1.2142,77,0.67,1.1964,65,0.68,1.2142,9,0.675,1.2053,2022,0
SPY190520C288,2019-05-17,2019-05-17 09:49:08,0.68,1.2142,77,0.67,1.1964,65,0.68,1.2142,9,0.675,1.2053,2022,0
SPY190520C288,2019-05-17,2019-05-17 09:49:09,0.68,1.2142,104,0.67,1.1964,65,0.68,1.2142,9,0.675,1.2053,2022,0
SPY190520C288,2019-05-17,2019-05-17 09:49:11,0.68,1.2142,104,0.67,1.1964,65,0.68,1.2142,9,0.675,1.2053,2022,0
SPY190520C288,2019-05-17,2019-05-17 09:49:12,0.68,1.2142,50,0.67,1.1964,65,0.68,1.2142,9,0.675,1.2053,2022,0
SPY190520C288,2019-05-17,2019-05-17 09:49:13,0.69,1.2321,909,0.67,1.1964,65,0.68,1.2142,9,0.68,1.2142,2022,0
SPY190520C288,2019-05-17,2019-05-17 09:49:14,0.69,1.2321,909,0.67,1.1964,65,0.68,1.2142,9,0.68,1.2142,2022,0
SPY190520C288,2019-05-17,2019-05-17 09:49:16,0.69,1.2321,909,0.67,1.1964,65,0.68,1.2142,9,0.68,1.2142,2022,0
SPY190520C288,2019-05-17,2019-05-17 09:49:17,0.69,1.2321,909,0.68,1.2142,5,0.68,1.2142,9,0.685,1.2232,2022,0
SPY190520C288,2019-05-17,2019-05-17 09:49:18,0.69,1.2321,881,0.68,1.2142,5,0.68,1.2142,9,0.685,1.2232,2022,0
SPY190520C288,2019-05-17,2019-05-17 09:49:19,0.69,1.2321,971,0.68,1.2142,5,0.68,1.2142,9,0.685,1.2232,2022,0
SPY190520C288,2019-05-17,2019-05-17 09:49:20,0.69,1.2321,861,0.68,1.2142,5,0.68,1.2142,9,0.685,1.2232,2022,0
SPY190520C288,2019-05-17,2019-05-17 09:49:22,0.69,1.2321,50,0.68,1.2142,150,0.68,1.2142,1,0.685,1.2232,2023,1
SPY190520C288,2019-05-17,2019-05-17 09:49:23,0.7,1.25,250,0.69,1.2321,60,0.68,1.2142,1,0.695,1.241,2023,0
SPY190520C288,2019-05-17,2019-05-17 09:49:24,0.7,1.25,250,0.69,1.2321,80,0.68,1.2142,1,0.695,1.241,2023,0
SPY190520C288,2019-05-17,2019-05-17 09:49:25,0.7,1.25,646,0.69,1.2321,65,0.69,1.2321,5,0.695,1.241,2028,5
SPY190520C288,2019-05-17,2019-05-17 09:49:26,0.7,1.25,681,0.69,1.2321,65,0.69,1.2321,5,0.695,1.241,2028,0
SPY190520C288,2019-05-17,2019-05-17 09:49:28,0.69,1.2321,274,0.67,1.1964,33,0.68,1.2142,5,0.68,1.2142,2036,8
SPY190520C288,2019-05-17,2019-05-17 09:49:29,0.68,1.2142,730,0.67,1.1964,2,0.68,1.2142,5,0.675,1.2053,2036,0
SPY190520C288,2019-05-17,2019-05-17 09:49:30,0.68,1.2142,1036,0.67,1.1964,17,0.68,1.2142,5,0.675,1.2053,2036,0
SPY190520C288,2019-05-17,2019-05-17 09:49:31,0.68,1.2142,986,0.67,1.1964,17,0.68,1.2142,5,0.675,1.2053,2036,0
SPY190520C288,2019-05-17,2019-05-17 09:49:33,0.68,1.2142,959,0.67,1.1964,17,0.68,1.2142,5,0.675,1.2053,2036,0
SPY190520C288,2019-05-17,2019-05-17 09:49:34,0.68,1.2142,110,0.67,1.1964,65,0.68,1.2142,5,0.675,1.2053,2036,0
SPY190520C288,2019-05-17,2019-05-17 09:49:35,0.68,1.2142,110,0.67,1.1964,58,0.67,1.1964,156,0.675,1.2053,2192,156
SPY190520C288,2019-05-17,2019-05-17 09:49:36,0.68,1.2142,65,0.67,1.1964,116,0.67,1.1964,156,0.675,1.2053,2192,0
SPY190520C288,2019-05-17,2019-05-17 09:49:39,0.69,1.2321,513,0.68,1.2142,12,0.67,1.1964,156,0.685,1.2232,2192,0
SPY190520C288,2019-05-17,2019-05-17 09:49:40,0.69,1.2321,350,0.68,1.2142,28,0.67,1.1964,156,0.685,1.2232,2192,0
SPY190520C288,2019-05-17,2019-05-17 09:49:41,0.69,1.2321,25,0.68,1.2142,53,0.67,1.1964,156,0.685,1.2232,2192,0
SPY190520C288,2019-05-17,2019-05-17 09:49:42,0.69,1.2321,212,0.67,1.1964,196,0.67,1.1964,156,0.68,1.2142,2192,0
SPY190520C288,2019-05-17,2019-05-17 09:49:43,0.69,1.2321,708,0.68,1.2142,22,0.67,1.1964,156,0.685,1.2232,2192,0
SPY190520C288,2019-05-17,2019-05-17 09:49:44,0.69,1.2321,708,0.68,1.2142,12,0.67,1.1964,156,0.685,1.2232,2192,0
SPY190520C288,2019-05-17,2019-05-17 09:49:46,0.7,1.25,296,0.68,1.2142,61,0.67,1.1964,156,0.69,1.2321,2192,0
SPY190520C288,2019-05-17,2019-05-17 09:49:47,0.69,1.2321,1045,0.68,1.2142,15,0.67,1.1964,156,0.685,1.2232,2192,0
SPY190520C288,2019-05-17,2019-05-17 09:49:48,0.69,1.2321,835,0.67,1.1964,60,0.67,1.1964,156,0.68,1.2142,2192,0
SPY190520C288,2019-05-17,2019-05-17 09:49:49,0.68,1.2142,1008,0.64,1.1428,665,0.67,1.1964,2,0.66,1.1785,2206,14
SPY190520C288,2019-05-17,2019-05-17 09:49:50,0.67,1.1964,90,0.64,1.1428,616,0.67,1.1964,2,0.655,1.1696,2206,0
SPY190520C288,2019-05-17,2019-05-17 09:49:51,0.67,1.1964,500,0.66,1.1785,12,0.67,1.1964,2,0.665,1.1875,2206,0
SPY190520C288,2019-05-17,2019-05-17 09:49:52,0.67,1.1964,50,0.66,1.1785,73,0.67,1.1964,2,0.665,1.1875,2206,0
SPY190520C288,2019-05-17,2019-05-17 09:49:54,0.67,1.1964,110,0.66,1.1785,73,0.67,1.1964,2,0.665,1.1875,2206,0
SPY190520C288,2019-05-17,2019-05-17 09:49:55,0.68,1.2142,786,0.67,1.1964,12,0.67,1.1964,2,0.675,1.2053,2206,0
SPY190520C288,2019-05-17,2019-05-17 09:49:56,0.67,1.1964,965,0.65,1.1607,301,0.67,1.1964,2,0.66,1.1785,2206,0
SPY190520C288,2019-05-17,2019-05-17 09:49:57,0.66,1.1785,767,0.64,1.1428,66,0.65,1.1607,1,0.65,1.1607,2207,1
SPY190520C288,2019-05-17,2019-05-17 09:49:58,0.66,1.1785,350,0.64,1.1428,59,0.65,1.1607,1,0.65,1.1607,2207,0
SPY190520C288,2019-05-17,2019-05-17 09:49:59,0.66,1.1785,614,0.63,1.125,808,0.65,1.1607,1,0.645,1.1517,2207,0
SPY190520C288,2019-05-17,2019-05-17 09:50:00,0.66,1.1785,618,0.64,1.1428,32,0.65,1.1607,1,0.65,1.1607,2207,0
SPY190520C288,2019-05-17,2019-05-17 09:50:01,0.66,1.1785,402,0.64,1.1428,717,0.65,1.1607,1,0.65,1.1607,2207,0
SPY190520C288,2019-05-17,2019-05-17 09:50:02,0.66,1.1785,467,0.65,1.1607,73,0.65,1.1607,1,0.655,1.1696,2207,0
SPY190520C288,2019-05-17,2019-05-17 09:50:04,0.66,1.1785,57,0.65,1.1607,59,0.65,1.1607,1,0.655,1.1696,2207,0
SPY190520C288,2019-05-17,2019-05-17 09:50:05,0.66,1.1785,120,0.65,1.1607,59,0.65,1.1607,1,0.655,1.1696,2207,0
SPY190520C288,2019-05-17,2019-05-17 09:50:06,0.66,1.1785,575,0.64,1.1428,90,0.66,1.1785,1,0.65,1.1607,2208,1
SPY190520C288,2019-05-17,2019-05-17 09:50:07,0.65,1.1607,166,0.64,1.1428,65,0.66,1.1785,1,0.645,1.1517,2208,0
SPY190520C288,2019-05-17,2019-05-17 09:50:08,0.66,1.1785,584,0.64,1.1428,129,0.66,1.1785,1,0.65,1.1607,2208,0
SPY190520C288,2019-05-17,2019-05-17 09:50:09,0.65,1.1607,120,0.63,1.125,975,0.66,1.1785,1,0.64,1.1428,2208,0
SPY190520C288,2019-05-17,2019-05-17 09:50:10,0.65,1.1607,137,0.63,1.125,875,0.65,1.1607,4,0.64,1.1428,2212,4
SPY190520C288,2019-05-17,2019-05-17 09:50:11,0.65,1.1607,88,0.64,1.1428,14,0.65,1.1607,4,0.645,1.1517,2212,0
SPY190520C288,2019-05-17,2019-05-17 09:50:12,0.65,1.1607,110,0.64,1.1428,73,0.65,1.1607,4,0.645,1.1517,2212,0
SPY190520C288,2019-05-17,2019-05-17 09:50:13,0.65,1.1607,67,0.64,1.1428,73,0.65,1.1607,4,0.645,1.1517,2212,0
SPY190520C288,2019-05-17,2019-05-17 09:50:14,0.65,1.1607,321,0.63,1.125,150,0.65,1.1607,4,0.64,1.1428,2212,0
SPY190520C288,2019-05-17,2019-05-17 09:50:15,0.65,1.1607,1001,0.63,1.125,50,0.65,1.1607,4,0.64,1.1428,2212,0
SPY190520C288,2019-05-17,2019-05-17 09:50:16,0.64,1.1428,582,0.62,1.1071,725,0.63,1.125,2,0.63,1.125,2217,5
SPY190520C288,2019-05-17,2019-05-17 09:50:17,0.64,1.1428,425,0.62,1.1071,50,0.63,1.125,2,0.63,1.125,2217,0
SPY190520C288,2019-05-17,2019-05-17 09:50:18,0.64,1.1428,72,0.62,1.1071,300,0.63,1.125,2,0.63,1.125,2217,0
SPY190520C288,2019-05-17,2019-05-17 09:50:19,0.63,1.125,33,0.62,1.1071,120,0.63,1.125,2,0.625,1.116,2217,0
SPY190520C288,2019-05-17,2019-05-17 09:50:20,0.64,1.1428,543,0.62,1.1071,100,0.63,1.125,2,0.63,1.125,2217,0
SPY190520C288,2019-05-17,2019-05-17 09:50:21,0.63,1.125,299,0.61,1.0892,82,0.63,1.125,2,0.62,1.1071,2217,0
SPY190520C288,2019-05-17,2019-05-17 09:50:22,0.63,1.125,655,0.62,1.1071,34,0.63,1.125,2,0.625,1.116,2217,0
SPY190520C288,2019-05-17,2019-05-17 09:50:23,0.63,1.125,986,0.62,1.1071,19,0.63,1.125,2,0.625,1.116,2217,0
SPY190520C288,2019-05-17,2019-05-17 09:50:25,0.63,1.125,757,0.62,1.1071,19,0.63,1.125,2,0.625,1.116,2217,0
SPY190520C288,2019-05-17,2019-05-17 09:50:26,0.63,1.125,757,0.62,1.1071,19,0.63,1.125,2,0.625,1.116,2217,0
SPY190520C288,2019-05-17,2019-05-17 09:50:27,0.63,1.125,765,0.62,1.1071,19,0.62,1.1071,1,0.625,1.116,2218,1
SPY190520C288,2019-05-17,2019-05-17 09:50:47,0.6,1.0714,486,0.59,1.0535,63,0.59,1.0535,3,0.595,1.0625,2289,71
SPY190520C288,2019-05-17,2019-05-17 09:50:53,0.6,1.0714,510,0.59,1.0535,59,0.6,1.0714,23,0.595,1.0625,2312,23
SPY190520C288,2019-05-17,2019-05-17 09:51:04,0.53,0.9464,143,0.52,0.9285,50,0.52,0.9285,1,0.525,0.9375,2316,4
SPY190520C288,2019-05-17,2019-05-17 09:51:28,0.58,1.0357,530,0.56,1.0,249,0.55,0.9821,3,0.57,1.0178,2524,208
SPY190520C288,2019-05-17,2019-05-17 09:51:37,0.59,1.0535,1023,0.58,1.0357,4,0.55,0.9821,3,0.585,1.0446,2524,0
SPY190520C288,2019-05-17,2019-05-17 09:51:46,0.57,1.0178,942,0.55,0.9821,341,0.57,1.0178,1,0.56,1.0,2531,7
SPY190520C288,2019-05-17,2019-05-17 09:51:53,0.57,1.0178,143,0.55,0.9821,1094,0.57,1.0178,1,0.56,1.0,2531,0
SPY190520C288,2019-05-17,2019-05-17 09:51:54,0.57,1.0178,143,0.55,0.9821,746,0.57,1.0178,1,0.56,1.0,2531,0
SPY190520C288,2019-05-17,2019-05-17 09:51:55,0.57,1.0178,143,0.55,0.9821,956,0.57,1.0178,1,0.56,1.0,2531,0
SPY190520C288,2019-05-17,2019-05-17 09:51:56,0.57,1.0178,131,0.56,1.0,7,0.57,1.0178,1,0.565,1.0089,2531,0
SPY190520C288,2019-05-17,2019-05-17 09:51:57,0.57,1.0178,159,0.56,1.0,1,0.57,1.0178,1,0.565,1.0089,2531,0
SPY190520C288,2019-05-17,2019-05-17 09:51:59,0.57,1.0178,755,0.56,1.0,1,0.57,1.0178,1,0.565,1.0089,2531,0
SPY190520C288,2019-05-17,2019-05-17 09:52:00,0.57,1.0178,1270,0.56,1.0,1,0.57,1.0178,1,0.565,1.0089,2531,0
SPY190520C288,2019-05-17,2019-05-17 09:52:00,0.57,1.0178,1380,0.56,1.0,1,0.57,1.0178,1,0.565,1.0089,2531,0
SPY190520C288,2019-05-17,2019-05-17 09:52:03,0.57,1.0178,1284,0.56,1.0,1,0.57,1.0178,1,0.565,1.0089,2531,0
