symbol,Date,quote_time,ask_price,norm_ask_price,ask_size,bid_price,norm_bid_price,bid_size,last_trade_price,norm_last_trade_price,last_trade_size,mark_price,norm_mark_price,volume,Volume
SPY190724C300,2019-07-22,2019-07-22 09:41:19,0.22,1.0,2339,0.21,0.9545,1778,0.21,0.9545,1,0.215,0.9772,1155,1155
SPY190724C300,2019-07-22,2019-07-22 09:41:21,0.22,1.0,485,0.21,0.9545,2767,0.21,0.9545,1,0.215,0.9772,1155,0
SPY190724C300,2019-07-22,2019-07-22 09:41:21,0.22,1.0,485,0.21,0.9545,2571,0.21,0.9545,1,0.215,0.9772,1155,0
SPY190724C300,2019-07-22,2019-07-22 09:41:22,0.22,1.0,485,0.21,0.9545,2619,0.21,0.9545,1,0.215,0.9772,1155,0
SPY190724C300,2019-07-22,2019-07-22 09:41:23,0.22,1.0,485,0.21,0.9545,3684,0.21,0.9545,1,0.215,0.9772,1155,0
SPY190724C300,2019-07-22,2019-07-22 09:41:23,0.22,1.0,485,0.21,0.9545,3479,0.21,0.9545,1,0.215,0.9772,1155,0
SPY190724C300,2019-07-22,2019-07-22 09:41:24,0.22,1.0,482,0.21,0.9545,3684,0.22,1.0,3,0.215,0.9772,1158,3
SPY190724C300,2019-07-22,2019-07-22 09:41:24,0.22,1.0,482,0.21,0.9545,3724,0.22,1.0,3,0.215,0.9772,1158,0
SPY190724C300,2019-07-22,2019-07-22 09:41:25,0.22,1.0,482,0.21,0.9545,3414,0.22,1.0,3,0.215,0.9772,1158,0
SPY190724C300,2019-07-22,2019-07-22 09:41:25,0.22,1.0,482,0.21,0.9545,3706,0.22,1.0,3,0.215,0.9772,1158,0
SPY190724C300,2019-07-22,2019-07-22 09:41:26,0.22,1.0,632,0.21,0.9545,3106,0.22,1.0,3,0.215,0.9772,1158,0
SPY190724C300,2019-07-22,2019-07-22 09:41:27,0.22,1.0,632,0.21,0.9545,2277,0.22,1.0,3,0.215,0.9772,1158,0
SPY190724C300,2019-07-22,2019-07-22 09:41:27,0.22,1.0,632,0.21,0.9545,3668,0.22,1.0,3,0.215,0.9772,1158,0
SPY190724C300,2019-07-22,2019-07-22 09:41:28,0.22,1.0,632,0.21,0.9545,3668,0.22,1.0,3,0.215,0.9772,1158,0
SPY190724C300,2019-07-22,2019-07-22 09:41:28,0.22,1.0,632,0.21,0.9545,2982,0.22,1.0,3,0.215,0.9772,1158,0
SPY190724C300,2019-07-22,2019-07-22 09:41:29,0.22,1.0,422,0.21,0.9545,2925,0.22,1.0,3,0.215,0.9772,1158,0
SPY190724C300,2019-07-22,2019-07-22 09:41:29,0.22,1.0,632,0.21,0.9545,3005,0.22,1.0,3,0.215,0.9772,1158,0
SPY190724C300,2019-07-22,2019-07-22 09:41:30,0.22,1.0,422,0.21,0.9545,2938,0.22,1.0,3,0.215,0.9772,1158,0
SPY190724C300,2019-07-22,2019-07-22 09:41:31,0.22,1.0,412,0.21,0.9545,2651,0.22,1.0,3,0.215,0.9772,1158,0
SPY190724C300,2019-07-22,2019-07-22 09:41:31,0.22,1.0,412,0.21,0.9545,3038,0.22,1.0,3,0.215,0.9772,1158,0
SPY190724C300,2019-07-22,2019-07-22 09:41:32,0.22,1.0,412,0.21,0.9545,3534,0.22,1.0,3,0.215,0.9772,1158,0
SPY190724C300,2019-07-22,2019-07-22 09:41:32,0.22,1.0,20,0.21,0.9545,3935,0.22,1.0,3,0.215,0.9772,1158,0
SPY190724C300,2019-07-22,2019-07-22 09:41:33,0.22,1.0,425,0.21,0.9545,3130,0.22,1.0,3,0.215,0.9772,1158,0
SPY190724C300,2019-07-22,2019-07-22 09:41:33,0.22,1.0,20,0.21,0.9545,2809,0.22,1.0,3,0.215,0.9772,1158,0
SPY190724C300,2019-07-22,2019-07-22 09:41:34,0.22,1.0,425,0.21,0.9545,3187,0.22,1.0,3,0.215,0.9772,1158,0
SPY190724C300,2019-07-22,2019-07-22 09:41:34,0.22,1.0,425,0.21,0.9545,3499,0.22,1.0,3,0.215,0.9772,1158,0
SPY190724C300,2019-07-22,2019-07-22 09:41:35,0.22,1.0,20,0.21,0.9545,2418,0.22,1.0,3,0.215,0.9772,1158,0
SPY190724C300,2019-07-22,2019-07-22 09:41:36,0.22,1.0,20,0.21,0.9545,3868,0.22,1.0,3,0.215,0.9772,1158,0
SPY190724C300,2019-07-22,2019-07-22 09:41:36,0.22,1.0,20,0.21,0.9545,4402,0.22,1.0,3,0.215,0.9772,1158,0
SPY190724C300,2019-07-22,2019-07-22 09:41:37,0.22,1.0,20,0.21,0.9545,4402,0.22,1.0,3,0.215,0.9772,1158,0
SPY190724C300,2019-07-22,2019-07-22 09:41:38,0.22,1.0,20,0.21,0.9545,4835,0.22,1.0,3,0.215,0.9772,1158,0
SPY190724C300,2019-07-22,2019-07-22 09:41:38,0.23,1.0454,272,0.22,1.0,1167,0.22,1.0,20,0.225,1.0227,1178,20
SPY190724C300,2019-07-22,2019-07-22 09:41:39,0.23,1.0454,415,0.22,1.0,1867,0.22,1.0,20,0.225,1.0227,1178,0
SPY190724C300,2019-07-22,2019-07-22 09:41:40,0.23,1.0454,415,0.22,1.0,1867,0.22,1.0,20,0.225,1.0227,1178,0
SPY190724C300,2019-07-22,2019-07-22 09:41:41,0.23,1.0454,415,0.22,1.0,3997,0.22,1.0,20,0.225,1.0227,1178,0
SPY190724C300,2019-07-22,2019-07-22 09:41:41,0.23,1.0454,10,0.22,1.0,2753,0.22,1.0,20,0.225,1.0227,1178,0
SPY190724C300,2019-07-22,2019-07-22 09:41:42,0.23,1.0454,1186,0.22,1.0,2753,0.22,1.0,20,0.225,1.0227,1178,0
SPY190724C300,2019-07-22,2019-07-22 09:41:42,0.23,1.0454,1343,0.22,1.0,2856,0.22,1.0,20,0.225,1.0227,1178,0
SPY190724C300,2019-07-22,2019-07-22 09:41:43,0.23,1.0454,485,0.22,1.0,3326,0.22,1.0,20,0.225,1.0227,1178,0
SPY190724C300,2019-07-22,2019-07-22 09:41:43,0.23,1.0454,485,0.22,1.0,3531,0.22,1.0,20,0.225,1.0227,1178,0
SPY190724C300,2019-07-22,2019-07-22 09:41:44,0.23,1.0454,415,0.22,1.0,3531,0.22,1.0,20,0.225,1.0227,1178,0
SPY190724C300,2019-07-22,2019-07-22 09:41:45,0.23,1.0454,415,0.22,1.0,2560,0.22,1.0,20,0.225,1.0227,1178,0
SPY190724C300,2019-07-22,2019-07-22 09:41:45,0.23,1.0454,415,0.22,1.0,3718,0.22,1.0,20,0.225,1.0227,1178,0
SPY190724C300,2019-07-22,2019-07-22 09:41:46,0.23,1.0454,415,0.22,1.0,2560,0.22,1.0,20,0.225,1.0227,1178,0
SPY190724C300,2019-07-22,2019-07-22 09:41:46,0.23,1.0454,413,0.22,1.0,2560,0.23,1.0454,2,0.225,1.0227,1180,2
SPY190724C300,2019-07-22,2019-07-22 09:41:47,0.23,1.0454,413,0.22,1.0,2620,0.23,1.0454,2,0.225,1.0227,1180,0
SPY190724C300,2019-07-22,2019-07-22 09:41:48,0.23,1.0454,413,0.22,1.0,2524,0.23,1.0454,2,0.225,1.0227,1180,0
SPY190724C300,2019-07-22,2019-07-22 09:41:49,0.23,1.0454,5,0.22,1.0,2451,0.23,1.0454,2,0.225,1.0227,1180,0
SPY190724C300,2019-07-22,2019-07-22 09:41:49,0.23,1.0454,5,0.22,1.0,2863,0.23,1.0454,2,0.225,1.0227,1180,0
SPY190724C300,2019-07-22,2019-07-22 09:41:50,0.23,1.0454,5,0.22,1.0,2863,0.23,1.0454,2,0.225,1.0227,1180,0
SPY190724C300,2019-07-22,2019-07-22 09:41:50,0.23,1.0454,5,0.22,1.0,3628,0.23,1.0454,2,0.225,1.0227,1180,0
SPY190724C300,2019-07-22,2019-07-22 09:41:51,0.23,1.0454,483,0.22,1.0,3545,0.23,1.0454,2,0.225,1.0227,1180,0
SPY190724C300,2019-07-22,2019-07-22 09:41:52,0.23,1.0454,483,0.22,1.0,3171,0.23,1.0454,2,0.225,1.0227,1180,0
SPY190724C300,2019-07-22,2019-07-22 09:41:52,0.23,1.0454,483,0.22,1.0,2451,0.23,1.0454,2,0.225,1.0227,1180,0
SPY190724C300,2019-07-22,2019-07-22 09:41:53,0.24,1.0909,3471,0.22,1.0,3185,0.23,1.0454,2,0.23,1.0454,1180,0
SPY190724C300,2019-07-22,2019-07-22 09:41:53,0.23,1.0454,483,0.22,1.0,2768,0.23,1.0454,2,0.225,1.0227,1180,0
SPY190724C300,2019-07-22,2019-07-22 09:41:54,0.23,1.0454,1419,0.22,1.0,5,0.23,1.0454,2,0.225,1.0227,1180,0
SPY190724C300,2019-07-22,2019-07-22 09:41:54,0.24,1.0909,3471,0.22,1.0,973,0.23,1.0454,2,0.23,1.0454,1180,0
SPY190724C300,2019-07-22,2019-07-22 09:41:55,0.23,1.0454,2740,0.22,1.0,5,0.23,1.0454,2,0.225,1.0227,1180,0
SPY190724C300,2019-07-22,2019-07-22 09:41:55,0.23,1.0454,2811,0.22,1.0,5,0.23,1.0454,2,0.225,1.0227,1180,0
SPY190724C300,2019-07-22,2019-07-22 09:41:56,0.23,1.0454,3040,0.22,1.0,5,0.23,1.0454,2,0.225,1.0227,1180,0
SPY190724C300,2019-07-22,2019-07-22 09:41:57,0.23,1.0454,2992,0.22,1.0,5,0.22,1.0,2,0.225,1.0227,1187,7
SPY190724C300,2019-07-22,2019-07-22 09:41:57,0.22,1.0,340,0.21,0.9545,1490,0.22,1.0,2,0.215,0.9772,1187,0
SPY190724C300,2019-07-22,2019-07-22 09:41:58,0.22,1.0,452,0.21,0.9545,2691,0.22,1.0,2,0.215,0.9772,1187,0
SPY190724C300,2019-07-22,2019-07-22 09:41:58,0.22,1.0,365,0.21,0.9545,3224,0.22,1.0,2,0.215,0.9772,1187,0
SPY190724C300,2019-07-22,2019-07-22 09:41:59,0.22,1.0,1127,0.21,0.9545,1843,0.22,1.0,2,0.215,0.9772,1187,0
SPY190724C300,2019-07-22,2019-07-22 09:41:59,0.22,1.0,1127,0.21,0.9545,1614,0.22,1.0,2,0.215,0.9772,1187,0
SPY190724C300,2019-07-22,2019-07-22 09:42:00,0.22,1.0,1959,0.21,0.9545,647,0.22,1.0,2,0.215,0.9772,1187,0
SPY190724C300,2019-07-22,2019-07-22 09:42:00,0.22,1.0,1129,0.21,0.9545,535,0.22,1.0,2,0.215,0.9772,1187,0
SPY190724C300,2019-07-22,2019-07-22 09:42:01,0.22,1.0,1867,0.21,0.9545,535,0.22,1.0,2,0.215,0.9772,1187,0
SPY190724C300,2019-07-22,2019-07-22 09:42:02,0.21,0.9545,117,0.21,0.9545,5,0.22,1.0,2,0.21,0.9545,1187,0
SPY190724C300,2019-07-22,2019-07-22 09:42:02,0.22,1.0,1286,0.21,0.9545,524,0.22,1.0,2,0.215,0.9772,1187,0
SPY190724C300,2019-07-22,2019-07-22 09:42:03,0.22,1.0,2051,0.21,0.9545,1405,0.22,1.0,2,0.215,0.9772,1187,0
SPY190724C300,2019-07-22,2019-07-22 09:42:03,0.22,1.0,2051,0.21,0.9545,1127,0.22,1.0,2,0.215,0.9772,1187,0
SPY190724C300,2019-07-22,2019-07-22 09:42:04,0.22,1.0,1451,0.21,0.9545,1405,0.22,1.0,2,0.215,0.9772,1187,0
SPY190724C300,2019-07-22,2019-07-22 09:42:04,0.22,1.0,1463,0.21,0.9545,995,0.22,1.0,2,0.215,0.9772,1187,0
SPY190724C300,2019-07-22,2019-07-22 09:42:05,0.22,1.0,1523,0.2,0.909,3813,0.22,1.0,2,0.21,0.9545,1187,0
SPY190724C300,2019-07-22,2019-07-22 09:42:05,0.22,1.0,1523,0.2,0.909,2581,0.22,1.0,2,0.21,0.9545,1187,0
SPY190724C300,2019-07-22,2019-07-22 09:42:06,0.22,1.0,2031,0.2,0.909,3381,0.22,1.0,2,0.21,0.9545,1187,0
SPY190724C300,2019-07-22,2019-07-22 09:42:06,0.22,1.0,3092,0.21,0.9545,367,0.22,1.0,2,0.215,0.9772,1187,0
SPY190724C300,2019-07-22,2019-07-22 09:42:07,0.22,1.0,2198,0.21,0.9545,367,0.22,1.0,2,0.215,0.9772,1187,0
SPY190724C300,2019-07-22,2019-07-22 09:42:08,0.22,1.0,1371,0.21,0.9545,619,0.22,1.0,2,0.215,0.9772,1187,0
SPY190724C300,2019-07-22,2019-07-22 09:42:08,0.22,1.0,2439,0.21,0.9545,435,0.22,1.0,2,0.215,0.9772,1187,0
SPY190724C300,2019-07-22,2019-07-22 09:42:09,0.22,1.0,1371,0.21,0.9545,395,0.22,1.0,2,0.215,0.9772,1187,0
SPY190724C300,2019-07-22,2019-07-22 09:42:09,0.22,1.0,2327,0.21,0.9545,273,0.22,1.0,2,0.215,0.9772,1187,0
SPY190724C300,2019-07-22,2019-07-22 09:42:10,0.22,1.0,2099,0.21,0.9545,453,0.22,1.0,2,0.215,0.9772,1187,0
SPY190724C300,2019-07-22,2019-07-22 09:42:10,0.22,1.0,2087,0.21,0.9545,592,0.22,1.0,2,0.215,0.9772,1187,0
SPY190724C300,2019-07-22,2019-07-22 09:42:11,0.22,1.0,1398,0.21,0.9545,602,0.22,1.0,2,0.215,0.9772,1187,0
SPY190724C300,2019-07-22,2019-07-22 09:42:12,0.22,1.0,1371,0.21,0.9545,602,0.22,1.0,2,0.215,0.9772,1187,0
SPY190724C300,2019-07-22,2019-07-22 09:42:12,0.22,1.0,871,0.21,0.9545,1696,0.22,1.0,2,0.215,0.9772,1187,0
SPY190724C300,2019-07-22,2019-07-22 09:42:13,0.22,1.0,425,0.21,0.9545,2753,0.22,1.0,2,0.215,0.9772,1187,0
SPY190724C300,2019-07-22,2019-07-22 09:42:13,0.22,1.0,443,0.21,0.9545,2498,0.22,1.0,2,0.215,0.9772,1187,0
SPY190724C300,2019-07-22,2019-07-22 09:42:14,0.22,1.0,305,0.21,0.9545,2178,0.22,1.0,2,0.215,0.9772,1187,0
SPY190724C300,2019-07-22,2019-07-22 09:42:14,0.22,1.0,692,0.21,0.9545,2515,0.22,1.0,2,0.215,0.9772,1187,0
SPY190724C300,2019-07-22,2019-07-22 09:42:15,0.22,1.0,20,0.21,0.9545,3071,0.22,1.0,2,0.215,0.9772,1187,0
SPY190724C300,2019-07-22,2019-07-22 09:42:15,0.22,1.0,305,0.21,0.9545,2515,0.22,1.0,2,0.215,0.9772,1187,0
SPY190724C300,2019-07-22,2019-07-22 09:42:16,0.22,1.0,569,0.21,0.9545,2594,0.22,1.0,2,0.215,0.9772,1187,0
SPY190724C300,2019-07-22,2019-07-22 09:42:17,0.22,1.0,686,0.21,0.9545,3007,0.22,1.0,2,0.215,0.9772,1187,0
SPY190724C300,2019-07-22,2019-07-22 09:42:18,0.22,1.0,1247,0.21,0.9545,3255,0.22,1.0,2,0.215,0.9772,1187,0
SPY190724C300,2019-07-22,2019-07-22 09:42:18,0.22,1.0,1247,0.21,0.9545,2831,0.22,1.0,2,0.215,0.9772,1187,0
SPY190724C300,2019-07-22,2019-07-22 09:42:19,0.22,1.0,1247,0.21,0.9545,3255,0.22,1.0,2,0.215,0.9772,1187,0
SPY190724C300,2019-07-22,2019-07-22 09:42:19,0.22,1.0,1247,0.21,0.9545,2831,0.22,1.0,2,0.215,0.9772,1187,0
SPY190724C300,2019-07-22,2019-07-22 09:42:20,0.22,1.0,1247,0.21,0.9545,3255,0.22,1.0,2,0.215,0.9772,1187,0
SPY190724C300,2019-07-22,2019-07-22 09:42:21,0.22,1.0,1463,0.21,0.9545,2905,0.22,1.0,2,0.215,0.9772,1187,0
SPY190724C300,2019-07-22,2019-07-22 09:42:21,0.22,1.0,1247,0.21,0.9545,2854,0.22,1.0,2,0.215,0.9772,1187,0
SPY190724C300,2019-07-22,2019-07-22 09:42:22,0.22,1.0,1320,0.21,0.9545,1410,0.22,1.0,2,0.215,0.9772,1187,0
SPY190724C300,2019-07-22,2019-07-22 09:42:23,0.22,1.0,2201,0.21,0.9545,1184,0.22,1.0,2,0.215,0.9772,1187,0
SPY190724C300,2019-07-22,2019-07-22 09:42:23,0.22,1.0,2209,0.21,0.9545,2169,0.22,1.0,2,0.215,0.9772,1187,0
SPY190724C300,2019-07-22,2019-07-22 09:42:24,0.22,1.0,2201,0.21,0.9545,1224,0.22,1.0,2,0.215,0.9772,1187,0
SPY190724C300,2019-07-22,2019-07-22 09:42:24,0.22,1.0,2258,0.21,0.9545,1184,0.22,1.0,2,0.215,0.9772,1187,0
SPY190724C300,2019-07-22,2019-07-22 09:42:25,0.22,1.0,2141,0.21,0.9545,767,0.22,1.0,2,0.215,0.9772,1187,0
SPY190724C300,2019-07-22,2019-07-22 09:42:25,0.22,1.0,2141,0.21,0.9545,1184,0.22,1.0,2,0.215,0.9772,1187,0
SPY190724C300,2019-07-22,2019-07-22 09:42:26,0.22,1.0,2243,0.21,0.9545,2095,0.22,1.0,2,0.215,0.9772,1187,0
SPY190724C300,2019-07-22,2019-07-22 09:42:26,0.22,1.0,2141,0.21,0.9545,2135,0.22,1.0,2,0.215,0.9772,1187,0
SPY190724C300,2019-07-22,2019-07-22 09:42:28,0.22,1.0,2329,0.2,0.909,4358,0.22,1.0,2,0.21,0.9545,1187,0
SPY190724C300,2019-07-22,2019-07-22 09:42:28,0.22,1.0,2329,0.21,0.9545,756,0.22,1.0,2,0.215,0.9772,1187,0
SPY190724C300,2019-07-22,2019-07-22 09:42:29,0.22,1.0,2329,0.2,0.909,4541,0.2,0.909,1,0.21,0.9545,1188,1
SPY190724C300,2019-07-22,2019-07-22 09:42:29,0.22,1.0,2329,0.2,0.909,4738,0.2,0.909,1,0.21,0.9545,1188,0
SPY190724C300,2019-07-22,2019-07-22 09:42:30,0.22,1.0,1591,0.2,0.909,5300,0.2,0.909,1,0.21,0.9545,1188,0
SPY190724C300,2019-07-22,2019-07-22 09:42:31,0.21,0.9545,340,0.2,0.909,5255,0.2,0.909,1,0.205,0.9318,1188,0
SPY190724C300,2019-07-22,2019-07-22 09:42:31,0.21,0.9545,5,0.2,0.909,4624,0.2,0.909,1,0.205,0.9318,1188,0
SPY190724C300,2019-07-22,2019-07-22 09:42:32,0.21,0.9545,302,0.2,0.909,4836,0.2,0.909,1,0.205,0.9318,1188,0
SPY190724C300,2019-07-22,2019-07-22 09:42:32,0.21,0.9545,5,0.2,0.909,4836,0.2,0.909,1,0.205,0.9318,1188,0
SPY190724C300,2019-07-22,2019-07-22 09:42:33,0.21,0.9545,410,0.2,0.909,4836,0.2,0.909,1,0.205,0.9318,1188,0
SPY190724C300,2019-07-22,2019-07-22 09:42:33,0.21,0.9545,410,0.2,0.909,4286,0.2,0.909,1,0.205,0.9318,1188,0
SPY190724C300,2019-07-22,2019-07-22 09:42:34,0.21,0.9545,502,0.2,0.909,4536,0.2,0.909,1,0.205,0.9318,1188,0
SPY190724C300,2019-07-22,2019-07-22 09:42:35,0.21,0.9545,415,0.2,0.909,4547,0.2,0.909,1,0.205,0.9318,1188,0
SPY190724C300,2019-07-22,2019-07-22 09:42:35,0.21,0.9545,415,0.2,0.909,4597,0.2,0.909,1,0.205,0.9318,1188,0
SPY190724C300,2019-07-22,2019-07-22 09:42:36,0.21,0.9545,415,0.2,0.909,4474,0.2,0.909,1,0.205,0.9318,1188,0
SPY190724C300,2019-07-22,2019-07-22 09:42:36,0.21,0.9545,415,0.2,0.909,4499,0.2,0.909,1,0.205,0.9318,1188,0
SPY190724C300,2019-07-22,2019-07-22 09:42:37,0.22,1.0,3059,0.21,0.9545,422,0.2,0.909,1,0.215,0.9772,1188,0
SPY190724C300,2019-07-22,2019-07-22 09:42:37,0.22,1.0,3209,0.21,0.9545,422,0.2,0.909,1,0.215,0.9772,1188,0
SPY190724C300,2019-07-22,2019-07-22 09:42:38,0.22,1.0,3134,0.2,0.909,4696,0.2,0.909,1,0.21,0.9545,1188,0
SPY190724C300,2019-07-22,2019-07-22 09:42:39,0.22,1.0,2435,0.21,0.9545,980,0.2,0.909,1,0.215,0.9772,1188,0
SPY190724C300,2019-07-22,2019-07-22 09:42:39,0.22,1.0,2432,0.21,0.9545,863,0.2,0.909,1,0.215,0.9772,1188,0
SPY190724C300,2019-07-22,2019-07-22 09:42:40,0.22,1.0,1588,0.21,0.9545,1810,0.22,1.0,5,0.215,0.9772,1193,0
SPY190724C300,2019-07-22,2019-07-22 09:42:40,0.22,1.0,2580,0.21,0.9545,1428,0.22,1.0,5,0.215,0.9772,1193,5
SPY190724C300,2019-07-22,2019-07-22 09:42:41,0.22,1.0,2245,0.21,0.9545,2981,0.22,1.0,5,0.215,0.9772,1193,0
SPY190724C300,2019-07-22,2019-07-22 09:42:41,0.22,1.0,1779,0.21,0.9545,2012,0.22,1.0,5,0.215,0.9772,1193,0
SPY190724C300,2019-07-22,2019-07-22 09:42:42,0.22,1.0,165,0.21,0.9545,1853,0.21,0.9545,1,0.215,0.9772,1194,0
SPY190724C300,2019-07-22,2019-07-22 09:42:42,0.22,1.0,165,0.21,0.9545,1560,0.21,0.9545,1,0.215,0.9772,1194,1
SPY190724C300,2019-07-22,2019-07-22 09:42:43,0.22,1.0,305,0.21,0.9545,3189,0.21,0.9545,1,0.215,0.9772,1194,0
SPY190724C300,2019-07-22,2019-07-22 09:42:44,0.22,1.0,305,0.21,0.9545,3189,0.21,0.9545,2,0.215,0.9772,1196,2
SPY190724C300,2019-07-22,2019-07-22 09:42:44,0.23,1.0454,1713,0.21,0.9545,3854,0.21,0.9545,2,0.22,1.0,1196,0
SPY190724C300,2019-07-22,2019-07-22 09:42:45,0.23,1.0454,2499,0.21,0.9545,4505,0.21,0.9545,2,0.22,1.0,1196,0
SPY190724C300,2019-07-22,2019-07-22 09:42:45,0.23,1.0454,2244,0.21,0.9545,3951,0.21,0.9545,2,0.22,1.0,1196,0
SPY190724C300,2019-07-22,2019-07-22 09:42:46,0.23,1.0454,1697,0.22,1.0,613,0.21,0.9545,2,0.225,1.0227,1196,0
SPY190724C300,2019-07-22,2019-07-22 09:42:46,0.23,1.0454,2558,0.22,1.0,240,0.21,0.9545,2,0.225,1.0227,1196,0
SPY190724C300,2019-07-22,2019-07-22 09:42:47,0.23,1.0454,1798,0.22,1.0,510,0.22,1.0,2,0.225,1.0227,1198,2
SPY190724C300,2019-07-22,2019-07-22 09:42:47,0.23,1.0454,1798,0.22,1.0,927,0.22,1.0,2,0.225,1.0227,1198,0
SPY190724C300,2019-07-22,2019-07-22 09:42:48,0.23,1.0454,2502,0.22,1.0,2829,0.22,1.0,2,0.225,1.0227,1198,0
SPY190724C300,2019-07-22,2019-07-22 09:42:49,0.23,1.0454,1673,0.22,1.0,1672,0.22,1.0,2,0.225,1.0227,1198,0
SPY190724C300,2019-07-22,2019-07-22 09:42:49,0.23,1.0454,1673,0.22,1.0,1412,0.22,1.0,2,0.225,1.0227,1198,0
SPY190724C300,2019-07-22,2019-07-22 09:42:50,0.23,1.0454,2659,0.22,1.0,3085,0.22,1.0,2,0.225,1.0227,1198,0
SPY190724C300,2019-07-22,2019-07-22 09:42:50,0.23,1.0454,1779,0.22,1.0,1999,0.22,1.0,2,0.225,1.0227,1198,0
SPY190724C300,2019-07-22,2019-07-22 09:42:51,0.23,1.0454,2380,0.22,1.0,2326,0.22,1.0,2,0.225,1.0227,1198,0
SPY190724C300,2019-07-22,2019-07-22 09:42:51,0.23,1.0454,2611,0.22,1.0,3078,0.22,1.0,2,0.225,1.0227,1198,0
SPY190724C300,2019-07-22,2019-07-22 09:42:52,0.23,1.0454,2576,0.22,1.0,2326,0.22,1.0,2,0.225,1.0227,1198,0
SPY190724C300,2019-07-22,2019-07-22 09:42:52,0.23,1.0454,2672,0.22,1.0,994,0.22,1.0,2,0.225,1.0227,1198,0
SPY190724C300,2019-07-22,2019-07-22 09:42:53,0.23,1.0454,2672,0.22,1.0,508,0.22,1.0,2,0.225,1.0227,1198,0
SPY190724C300,2019-07-22,2019-07-22 09:42:54,0.23,1.0454,2062,0.22,1.0,367,0.22,1.0,2,0.225,1.0227,1198,0
SPY190724C300,2019-07-22,2019-07-22 09:42:54,0.23,1.0454,1869,0.22,1.0,334,0.22,1.0,2,0.225,1.0227,1198,0
SPY190724C300,2019-07-22,2019-07-22 09:42:55,0.23,1.0454,1568,0.22,1.0,544,0.22,1.0,2,0.225,1.0227,1198,0
SPY190724C300,2019-07-22,2019-07-22 09:42:55,0.23,1.0454,1568,0.22,1.0,2438,0.22,1.0,2,0.225,1.0227,1198,0
SPY190724C300,2019-07-22,2019-07-22 09:42:56,0.23,1.0454,2618,0.22,1.0,2932,0.23,1.0454,30,0.225,1.0227,1228,0
SPY190724C300,2019-07-22,2019-07-22 09:42:56,0.23,1.0454,2618,0.22,1.0,2596,0.23,1.0454,30,0.225,1.0227,1228,30
SPY190724C300,2019-07-22,2019-07-22 09:42:57,0.23,1.0454,2618,0.22,1.0,2089,0.23,1.0454,30,0.225,1.0227,1228,0
SPY190724C300,2019-07-22,2019-07-22 09:42:57,0.23,1.0454,2618,0.22,1.0,2724,0.23,1.0454,30,0.225,1.0227,1228,0
SPY190724C300,2019-07-22,2019-07-22 09:42:58,0.23,1.0454,1824,0.22,1.0,1879,0.23,1.0454,30,0.225,1.0227,1228,0
SPY190724C300,2019-07-22,2019-07-22 09:42:59,0.23,1.0454,1651,0.22,1.0,1737,0.23,1.0454,30,0.225,1.0227,1228,0
SPY190724C300,2019-07-22,2019-07-22 09:42:59,0.23,1.0454,1651,0.22,1.0,1879,0.23,1.0454,30,0.225,1.0227,1228,0
SPY190724C300,2019-07-22,2019-07-22 09:43:00,0.23,1.0454,1466,0.22,1.0,943,0.23,1.0454,30,0.225,1.0227,1228,0
SPY190724C300,2019-07-22,2019-07-22 09:43:00,0.23,1.0454,1651,0.22,1.0,977,0.23,1.0454,30,0.225,1.0227,1228,0
SPY190724C300,2019-07-22,2019-07-22 09:43:01,0.23,1.0454,1466,0.22,1.0,1769,0.23,1.0454,30,0.225,1.0227,1228,0
SPY190724C300,2019-07-22,2019-07-22 09:43:01,0.23,1.0454,1466,0.22,1.0,1615,0.23,1.0454,30,0.225,1.0227,1228,0
SPY190724C300,2019-07-22,2019-07-22 09:43:02,0.23,1.0454,2404,0.22,1.0,2495,0.23,1.0454,30,0.225,1.0227,1228,0
SPY190724C300,2019-07-22,2019-07-22 09:43:03,0.23,1.0454,1651,0.22,1.0,1078,0.23,1.0454,30,0.225,1.0227,1228,0
SPY190724C300,2019-07-22,2019-07-22 09:43:03,0.23,1.0454,2296,0.22,1.0,1353,0.23,1.0454,30,0.225,1.0227,1228,0
SPY190724C300,2019-07-22,2019-07-22 09:43:04,0.23,1.0454,1651,0.22,1.0,1078,0.23,1.0454,30,0.225,1.0227,1228,0
SPY190724C300,2019-07-22,2019-07-22 09:43:04,0.23,1.0454,2489,0.22,1.0,1078,0.22,1.0,3,0.225,1.0227,1231,3
SPY190724C300,2019-07-22,2019-07-22 09:43:05,0.23,1.0454,2219,0.22,1.0,2546,0.22,1.0,3,0.225,1.0227,1231,0
SPY190724C300,2019-07-22,2019-07-22 09:43:05,0.23,1.0454,1651,0.22,1.0,1844,0.22,1.0,3,0.225,1.0227,1231,0
SPY190724C300,2019-07-22,2019-07-22 09:43:06,0.23,1.0454,2404,0.22,1.0,2781,0.22,1.0,3,0.225,1.0227,1231,0
SPY190724C300,2019-07-22,2019-07-22 09:43:07,0.23,1.0454,2405,0.22,1.0,2143,0.22,1.0,3,0.225,1.0227,1231,0
SPY190724C300,2019-07-22,2019-07-22 09:43:08,0.23,1.0454,1652,0.22,1.0,1874,0.22,1.0,3,0.225,1.0227,1231,0
SPY190724C300,2019-07-22,2019-07-22 09:43:08,0.23,1.0454,2405,0.22,1.0,2143,0.22,1.0,3,0.225,1.0227,1231,0
SPY190724C300,2019-07-22,2019-07-22 09:43:09,0.23,1.0454,1652,0.22,1.0,1874,0.22,1.0,3,0.225,1.0227,1231,0
SPY190724C300,2019-07-22,2019-07-22 09:43:10,0.23,1.0454,2176,0.22,1.0,1874,0.22,1.0,3,0.225,1.0227,1231,0
SPY190724C300,2019-07-22,2019-07-22 09:43:10,0.23,1.0454,2129,0.22,1.0,1874,0.22,1.0,3,0.225,1.0227,1231,0
SPY190724C300,2019-07-22,2019-07-22 09:43:11,0.23,1.0454,1220,0.22,1.0,601,0.22,1.0,3,0.225,1.0227,1231,0
SPY190724C300,2019-07-22,2019-07-22 09:43:12,0.23,1.0454,1471,0.22,1.0,843,0.22,1.0,3,0.225,1.0227,1231,0
SPY190724C300,2019-07-22,2019-07-22 09:43:12,0.23,1.0454,2400,0.22,1.0,601,0.22,1.0,3,0.225,1.0227,1231,0
SPY190724C300,2019-07-22,2019-07-22 09:43:13,0.23,1.0454,1402,0.22,1.0,1038,0.22,1.0,3,0.225,1.0227,1231,0
SPY190724C300,2019-07-22,2019-07-22 09:43:13,0.23,1.0454,1882,0.22,1.0,2626,0.22,1.0,3,0.225,1.0227,1231,0
SPY190724C300,2019-07-22,2019-07-22 09:43:14,0.23,1.0454,2470,0.22,1.0,1888,0.22,1.0,3,0.225,1.0227,1231,0
SPY190724C300,2019-07-22,2019-07-22 09:43:14,0.23,1.0454,2470,0.22,1.0,1848,0.22,1.0,3,0.225,1.0227,1231,0
SPY190724C300,2019-07-22,2019-07-22 09:43:15,0.23,1.0454,2470,0.22,1.0,1888,0.22,1.0,3,0.225,1.0227,1231,0
SPY190724C300,2019-07-22,2019-07-22 09:43:16,0.23,1.0454,2527,0.22,1.0,1831,0.22,1.0,3,0.225,1.0227,1231,0
SPY190724C300,2019-07-22,2019-07-22 09:43:16,0.23,1.0454,2527,0.22,1.0,2089,0.22,1.0,3,0.225,1.0227,1231,0
SPY190724C300,2019-07-22,2019-07-22 09:43:17,0.23,1.0454,2345,0.22,1.0,1965,0.22,1.0,1,0.225,1.0227,1232,1
SPY190724C300,2019-07-22,2019-07-22 09:43:17,0.23,1.0454,2527,0.22,1.0,2354,0.22,1.0,3,0.225,1.0227,1231,0
SPY190724C300,2019-07-22,2019-07-22 09:43:18,0.23,1.0454,2527,0.22,1.0,558,0.22,1.0,1,0.225,1.0227,1232,0
SPY190724C300,2019-07-22,2019-07-22 09:43:18,0.23,1.0454,2527,0.22,1.0,1283,0.22,1.0,1,0.225,1.0227,1232,0
SPY190724C300,2019-07-22,2019-07-22 09:43:19,0.23,1.0454,2527,0.22,1.0,834,0.22,1.0,1,0.225,1.0227,1232,0
SPY190724C300,2019-07-22,2019-07-22 09:43:19,0.23,1.0454,2709,0.22,1.0,335,0.22,1.0,1,0.225,1.0227,1232,0
SPY190724C300,2019-07-22,2019-07-22 09:43:20,0.23,1.0454,2527,0.22,1.0,836,0.22,1.0,1,0.225,1.0227,1232,0
SPY190724C300,2019-07-22,2019-07-22 09:43:21,0.23,1.0454,2527,0.22,1.0,335,0.22,1.0,1,0.225,1.0227,1233,1
SPY190724C300,2019-07-22,2019-07-22 09:43:21,0.23,1.0454,2527,0.22,1.0,836,0.22,1.0,1,0.225,1.0227,1232,0
SPY190724C300,2019-07-22,2019-07-22 09:43:22,0.23,1.0454,3681,0.22,1.0,176,0.22,1.0,1,0.225,1.0227,1233,0
SPY190724C300,2019-07-22,2019-07-22 09:43:22,0.23,1.0454,2527,0.22,1.0,176,0.22,1.0,1,0.225,1.0227,1233,0
SPY190724C300,2019-07-22,2019-07-22 09:43:23,0.23,1.0454,3924,0.22,1.0,176,0.22,1.0,1,0.225,1.0227,1233,0
SPY190724C300,2019-07-22,2019-07-22 09:43:23,0.23,1.0454,4017,0.22,1.0,176,0.22,1.0,1,0.225,1.0227,1233,0
SPY190724C300,2019-07-22,2019-07-22 09:43:24,0.23,1.0454,3841,0.22,1.0,1,0.22,1.0,1,0.225,1.0227,1233,0
SPY190724C300,2019-07-22,2019-07-22 09:43:24,0.23,1.0454,2725,0.22,1.0,176,0.22,1.0,1,0.225,1.0227,1233,0
SPY190724C300,2019-07-22,2019-07-22 09:43:25,0.23,1.0454,3270,0.22,1.0,1,0.22,1.0,1,0.225,1.0227,1233,0
SPY190724C300,2019-07-22,2019-07-22 09:43:26,0.23,1.0454,3270,0.22,1.0,1,0.22,1.0,1,0.225,1.0227,1233,0
SPY190724C300,2019-07-22,2019-07-22 09:43:26,0.23,1.0454,2520,0.22,1.0,341,0.22,1.0,1,0.225,1.0227,1233,0
SPY190724C300,2019-07-22,2019-07-22 09:43:27,0.23,1.0454,2276,0.22,1.0,382,0.22,1.0,1,0.225,1.0227,1233,0
SPY190724C300,2019-07-22,2019-07-22 09:43:27,0.23,1.0454,2276,0.22,1.0,497,0.22,1.0,1,0.225,1.0227,1233,0
SPY190724C300,2019-07-22,2019-07-22 09:43:28,0.23,1.0454,1640,0.22,1.0,462,0.22,1.0,1,0.225,1.0227,1233,0
SPY190724C300,2019-07-22,2019-07-22 09:43:28,0.23,1.0454,2828,0.22,1.0,154,0.22,1.0,1,0.225,1.0227,1233,0
SPY190724C300,2019-07-22,2019-07-22 09:43:29,0.23,1.0454,2828,0.22,1.0,120,0.22,1.0,1,0.225,1.0227,1233,0
SPY190724C300,2019-07-22,2019-07-22 09:43:30,0.23,1.0454,3488,0.22,1.0,120,0.22,1.0,1,0.225,1.0227,1233,0
SPY190724C300,2019-07-22,2019-07-22 09:43:31,0.23,1.0454,3564,0.22,1.0,120,0.22,1.0,1,0.225,1.0227,1233,0
SPY190724C300,2019-07-22,2019-07-22 09:43:32,0.23,1.0454,2617,0.22,1.0,110,0.22,1.0,1,0.225,1.0227,1233,0
SPY190724C300,2019-07-22,2019-07-22 09:43:32,0.23,1.0454,2253,0.22,1.0,110,0.22,1.0,1,0.225,1.0227,1233,0
SPY190724C300,2019-07-22,2019-07-22 09:43:33,0.23,1.0454,2882,0.22,1.0,110,0.22,1.0,1,0.225,1.0227,1233,0
SPY190724C300,2019-07-22,2019-07-22 09:43:33,0.23,1.0454,2569,0.22,1.0,110,0.22,1.0,1,0.225,1.0227,1233,0
SPY190724C300,2019-07-22,2019-07-22 09:43:34,0.23,1.0454,3262,0.22,1.0,1,0.22,1.0,1,0.225,1.0227,1233,0
SPY190724C300,2019-07-22,2019-07-22 09:43:34,0.23,1.0454,3756,0.22,1.0,110,0.22,1.0,1,0.225,1.0227,1233,0
SPY190724C300,2019-07-22,2019-07-22 09:43:35,0.23,1.0454,2146,0.22,1.0,120,0.22,1.0,1,0.225,1.0227,1233,0
SPY190724C300,2019-07-22,2019-07-22 09:43:36,0.23,1.0454,2572,0.22,1.0,120,0.22,1.0,1,0.225,1.0227,1233,0
SPY190724C300,2019-07-22,2019-07-22 09:43:36,0.23,1.0454,1832,0.22,1.0,120,0.22,1.0,1,0.225,1.0227,1233,0
SPY190724C300,2019-07-22,2019-07-22 09:43:37,0.23,1.0454,2345,0.22,1.0,306,0.22,1.0,1,0.225,1.0227,1233,0
SPY190724C300,2019-07-22,2019-07-22 09:43:37,0.23,1.0454,2572,0.22,1.0,306,0.22,1.0,1,0.225,1.0227,1233,0
SPY190724C300,2019-07-22,2019-07-22 09:43:38,0.23,1.0454,2380,0.22,1.0,403,0.22,1.0,1,0.225,1.0227,1233,0
SPY190724C300,2019-07-22,2019-07-22 09:43:38,0.23,1.0454,2380,0.22,1.0,306,0.22,1.0,1,0.225,1.0227,1233,0
SPY190724C300,2019-07-22,2019-07-22 09:43:39,0.23,1.0454,2345,0.22,1.0,348,0.22,1.0,1,0.225,1.0227,1233,0
SPY190724C300,2019-07-22,2019-07-22 09:43:40,0.23,1.0454,2463,0.22,1.0,311,0.22,1.0,1,0.225,1.0227,1233,0
SPY190724C300,2019-07-22,2019-07-22 09:43:40,0.23,1.0454,2345,0.22,1.0,311,0.22,1.0,1,0.225,1.0227,1233,0
SPY190724C300,2019-07-22,2019-07-22 09:43:41,0.23,1.0454,2728,0.22,1.0,311,0.22,1.0,1,0.225,1.0227,1233,0
SPY190724C300,2019-07-22,2019-07-22 09:43:41,0.23,1.0454,2728,0.22,1.0,353,0.22,1.0,1,0.225,1.0227,1233,0
SPY190724C300,2019-07-22,2019-07-22 09:43:42,0.23,1.0454,2477,0.22,1.0,120,0.22,1.0,1,0.225,1.0227,1233,0
SPY190724C300,2019-07-22,2019-07-22 09:43:42,0.23,1.0454,3415,0.22,1.0,120,0.22,1.0,1,0.225,1.0227,1233,0
SPY190724C300,2019-07-22,2019-07-22 09:43:43,0.23,1.0454,3726,0.22,1.0,1,0.22,1.0,1,0.225,1.0227,1233,0
SPY190724C300,2019-07-22,2019-07-22 09:43:43,0.23,1.0454,2745,0.22,1.0,120,0.22,1.0,1,0.225,1.0227,1233,0
SPY190724C300,2019-07-22,2019-07-22 09:43:44,0.23,1.0454,3726,0.22,1.0,1,0.22,1.0,1,0.225,1.0227,1233,0
SPY190724C300,2019-07-22,2019-07-22 09:43:45,0.23,1.0454,3862,0.22,1.0,1,0.22,1.0,1,0.225,1.0227,1233,0
SPY190724C300,2019-07-22,2019-07-22 09:43:45,0.23,1.0454,2756,0.22,1.0,1,0.22,1.0,1,0.225,1.0227,1233,0
SPY190724C300,2019-07-22,2019-07-22 09:43:46,0.23,1.0454,2330,0.22,1.0,110,0.22,1.0,1,0.225,1.0227,1233,0
SPY190724C300,2019-07-22,2019-07-22 09:43:46,0.23,1.0454,2487,0.22,1.0,120,0.22,1.0,1,0.225,1.0227,1233,0
SPY190724C300,2019-07-22,2019-07-22 09:43:47,0.23,1.0454,3842,0.22,1.0,110,0.22,1.0,1,0.225,1.0227,1233,0
SPY190724C300,2019-07-22,2019-07-22 09:43:47,0.23,1.0454,3756,0.22,1.0,110,0.22,1.0,1,0.225,1.0227,1233,0
SPY190724C300,2019-07-22,2019-07-22 09:43:48,0.23,1.0454,1380,0.22,1.0,120,0.22,1.0,1,0.225,1.0227,1233,0
SPY190724C300,2019-07-22,2019-07-22 09:43:49,0.23,1.0454,3409,0.22,1.0,1,0.22,1.0,1,0.225,1.0227,1233,0
SPY190724C300,2019-07-22,2019-07-22 09:43:49,0.23,1.0454,3663,0.22,1.0,1,0.22,1.0,1,0.225,1.0227,1233,0
SPY190724C300,2019-07-22,2019-07-22 09:43:50,0.23,1.0454,3663,0.22,1.0,1,0.22,1.0,1,0.225,1.0227,1233,0
SPY190724C300,2019-07-22,2019-07-22 09:43:51,0.23,1.0454,3169,0.22,1.0,1,0.22,1.0,1,0.225,1.0227,1233,0
SPY190724C300,2019-07-22,2019-07-22 09:43:51,0.23,1.0454,3842,0.22,1.0,1,0.22,1.0,1,0.225,1.0227,1233,0
SPY190724C300,2019-07-22,2019-07-22 09:43:52,0.23,1.0454,3814,0.22,1.0,1,0.22,1.0,1,0.225,1.0227,1233,0
SPY190724C300,2019-07-22,2019-07-22 09:43:53,0.23,1.0454,3842,0.22,1.0,1,0.22,1.0,1,0.225,1.0227,1233,0
SPY190724C300,2019-07-22,2019-07-22 09:43:54,0.23,1.0454,3507,0.22,1.0,1,0.22,1.0,1,0.225,1.0227,1234,1
SPY190724C300,2019-07-22,2019-07-22 09:43:55,0.22,1.0,1329,0.21,0.9545,3196,0.22,1.0,1,0.215,0.9772,1234,0
SPY190724C300,2019-07-22,2019-07-22 09:43:56,0.22,1.0,1772,0.21,0.9545,1628,0.22,1.0,1,0.215,0.9772,1234,0
SPY190724C300,2019-07-22,2019-07-22 09:43:56,0.22,1.0,2529,0.21,0.9545,2769,0.22,1.0,1,0.215,0.9772,1234,0
SPY190724C300,2019-07-22,2019-07-22 09:43:57,0.22,1.0,1626,0.21,0.9545,1881,0.22,1.0,1,0.215,0.9772,1234,0
SPY190724C300,2019-07-22,2019-07-22 09:43:58,0.22,1.0,1636,0.21,0.9545,1881,0.22,1.0,1,0.215,0.9772,1234,0
SPY190724C300,2019-07-22,2019-07-22 09:43:59,0.22,1.0,1760,0.21,0.9545,1855,0.22,1.0,1,0.215,0.9772,1234,0
SPY190724C300,2019-07-22,2019-07-22 09:44:00,0.22,1.0,1760,0.21,0.9545,1858,0.22,1.0,1,0.215,0.9772,1234,0
SPY190724C300,2019-07-22,2019-07-22 09:44:00,0.22,1.0,2644,0.21,0.9545,3043,0.22,1.0,1,0.215,0.9772,1234,0
SPY190724C300,2019-07-22,2019-07-22 09:44:01,0.22,1.0,1327,0.21,0.9545,683,0.22,1.0,1,0.215,0.9772,1234,0
SPY190724C300,2019-07-22,2019-07-22 09:44:01,0.22,1.0,1578,0.21,0.9545,1650,0.22,1.0,1,0.215,0.9772,1234,0
SPY190724C300,2019-07-22,2019-07-22 09:44:02,0.22,1.0,1578,0.21,0.9545,612,0.22,1.0,1,0.215,0.9772,1234,0
SPY190724C300,2019-07-22,2019-07-22 09:44:03,0.22,1.0,2542,0.21,0.9545,169,0.22,1.0,1,0.215,0.9772,1234,0
SPY190724C300,2019-07-22,2019-07-22 09:44:03,0.22,1.0,585,0.21,0.9545,449,0.22,1.0,3,0.215,0.9772,1237,3
SPY190724C300,2019-07-22,2019-07-22 09:44:04,0.22,1.0,1868,0.21,0.9545,3028,0.22,1.0,3,0.215,0.9772,1237,0
SPY190724C300,2019-07-22,2019-07-22 09:44:04,0.22,1.0,1255,0.21,0.9545,2418,0.22,1.0,3,0.215,0.9772,1237,0
SPY190724C300,2019-07-22,2019-07-22 09:44:05,0.22,1.0,1152,0.21,0.9545,3148,0.22,1.0,3,0.215,0.9772,1237,0
SPY190724C300,2019-07-22,2019-07-22 09:44:05,0.22,1.0,2073,0.21,0.9545,3567,0.22,1.0,3,0.215,0.9772,1237,0
SPY190724C300,2019-07-22,2019-07-22 09:44:06,0.22,1.0,1340,0.21,0.9545,2962,0.22,1.0,3,0.215,0.9772,1237,0
SPY190724C300,2019-07-22,2019-07-22 09:44:06,0.22,1.0,1633,0.21,0.9545,1972,0.22,1.0,3,0.215,0.9772,1237,0
SPY190724C300,2019-07-22,2019-07-22 09:44:07,0.22,1.0,1630,0.21,0.9545,1972,0.22,1.0,3,0.215,0.9772,1237,0
SPY190724C300,2019-07-22,2019-07-22 09:44:08,0.22,1.0,1741,0.21,0.9545,1972,0.22,1.0,3,0.215,0.9772,1237,0
SPY190724C300,2019-07-22,2019-07-22 09:44:08,0.22,1.0,1630,0.21,0.9545,1972,0.22,1.0,3,0.215,0.9772,1237,0
SPY190724C300,2019-07-22,2019-07-22 09:44:09,0.22,1.0,1830,0.21,0.9545,1972,0.22,1.0,3,0.215,0.9772,1237,0
SPY190724C300,2019-07-22,2019-07-22 09:44:09,0.22,1.0,1840,0.21,0.9545,1972,0.22,1.0,3,0.215,0.9772,1237,0
SPY190724C300,2019-07-22,2019-07-22 09:44:10,0.22,1.0,2863,0.21,0.9545,138,0.22,1.0,3,0.215,0.9772,1237,0
SPY190724C300,2019-07-22,2019-07-22 09:44:10,0.22,1.0,2863,0.21,0.9545,130,0.22,1.0,3,0.215,0.9772,1237,0
SPY190724C300,2019-07-22,2019-07-22 09:44:11,0.21,0.9545,1,0.2,0.909,5685,0.22,1.0,3,0.205,0.9318,1237,0
SPY190724C300,2019-07-22,2019-07-22 09:44:11,0.22,1.0,3240,0.21,0.9545,110,0.22,1.0,3,0.215,0.9772,1237,0
SPY190724C300,2019-07-22,2019-07-22 09:44:12,0.21,0.9545,1,0.2,0.909,5685,0.22,1.0,3,0.205,0.9318,1237,0
SPY190724C300,2019-07-22,2019-07-22 09:44:13,0.21,0.9545,1,0.2,0.909,5683,0.22,1.0,3,0.205,0.9318,1237,0
SPY190724C300,2019-07-22,2019-07-22 09:44:14,0.21,0.9545,1,0.2,0.909,4195,0.22,1.0,3,0.205,0.9318,1237,0
SPY190724C300,2019-07-22,2019-07-22 09:44:14,0.21,0.9545,1,0.2,0.909,5683,0.22,1.0,3,0.205,0.9318,1237,0
SPY190724C300,2019-07-22,2019-07-22 09:44:15,0.21,0.9545,5,0.2,0.909,5521,0.22,1.0,3,0.205,0.9318,1237,0
SPY190724C300,2019-07-22,2019-07-22 09:44:15,0.21,0.9545,5,0.2,0.909,5541,0.22,1.0,3,0.205,0.9318,1237,0
SPY190724C300,2019-07-22,2019-07-22 09:44:16,0.21,0.9545,5,0.2,0.909,5814,0.22,1.0,3,0.205,0.9318,1237,0
SPY190724C300,2019-07-22,2019-07-22 09:44:17,0.22,1.0,2726,0.21,0.9545,339,0.22,1.0,3,0.215,0.9772,1237,0
SPY190724C300,2019-07-22,2019-07-22 09:44:17,0.22,1.0,3618,0.21,0.9545,339,0.22,1.0,3,0.215,0.9772,1237,0
SPY190724C300,2019-07-22,2019-07-22 09:44:18,0.22,1.0,3886,0.21,0.9545,339,0.22,1.0,3,0.215,0.9772,1237,0
SPY190724C300,2019-07-22,2019-07-22 09:44:19,0.22,1.0,2359,0.2,0.909,3325,0.22,1.0,3,0.21,0.9545,1237,0
SPY190724C300,2019-07-22,2019-07-22 09:44:19,0.22,1.0,2920,0.2,0.909,3753,0.22,1.0,3,0.21,0.9545,1237,0
SPY190724C300,2019-07-22,2019-07-22 09:44:20,0.22,1.0,2920,0.2,0.909,4136,0.2,0.909,3,0.21,0.9545,1243,0
SPY190724C300,2019-07-22,2019-07-22 09:44:20,0.22,1.0,2920,0.2,0.909,4352,0.2,0.909,3,0.21,0.9545,1243,6
SPY190724C300,2019-07-22,2019-07-22 09:44:21,0.21,0.9545,125,0.2,0.909,3935,0.2,0.909,3,0.205,0.9318,1243,0
SPY190724C300,2019-07-22,2019-07-22 09:44:21,0.21,0.9545,5,0.2,0.909,3935,0.2,0.909,3,0.205,0.9318,1243,0
SPY190724C300,2019-07-22,2019-07-22 09:44:22,0.21,0.9545,125,0.2,0.909,3935,0.2,0.909,3,0.205,0.9318,1243,0
SPY190724C300,2019-07-22,2019-07-22 09:44:23,0.21,0.9545,125,0.2,0.909,3788,0.2,0.909,3,0.205,0.9318,1243,0
SPY190724C300,2019-07-22,2019-07-22 09:44:24,0.21,0.9545,125,0.2,0.909,3788,0.2,0.909,3,0.205,0.9318,1243,0
SPY190724C300,2019-07-22,2019-07-22 09:44:25,0.21,0.9545,125,0.2,0.909,3814,0.2,0.909,3,0.205,0.9318,1243,0
SPY190724C300,2019-07-22,2019-07-22 09:44:25,0.21,0.9545,125,0.2,0.909,3788,0.2,0.909,3,0.205,0.9318,1243,0
SPY190724C300,2019-07-22,2019-07-22 09:44:26,0.22,1.0,2530,0.21,0.9545,5,0.2,0.909,3,0.215,0.9772,1243,0
SPY190724C300,2019-07-22,2019-07-22 09:44:26,0.22,1.0,2602,0.21,0.9545,377,0.2,0.909,3,0.215,0.9772,1243,0
SPY190724C300,2019-07-22,2019-07-22 09:44:27,0.22,1.0,2534,0.21,0.9545,429,0.2,0.909,3,0.215,0.9772,1243,0
SPY190724C300,2019-07-22,2019-07-22 09:44:28,0.22,1.0,1152,0.21,0.9545,924,0.2,0.909,3,0.215,0.9772,1243,0
SPY190724C300,2019-07-22,2019-07-22 09:44:29,0.22,1.0,1450,0.21,0.9545,1443,0.2,0.909,3,0.215,0.9772,1243,0
SPY190724C300,2019-07-22,2019-07-22 09:44:29,0.22,1.0,1638,0.21,0.9545,1483,0.2,0.909,3,0.215,0.9772,1243,0
SPY190724C300,2019-07-22,2019-07-22 09:44:30,0.22,1.0,1340,0.21,0.9545,1693,0.2,0.909,3,0.215,0.9772,1243,0
SPY190724C300,2019-07-22,2019-07-22 09:44:30,0.22,1.0,1340,0.21,0.9545,2104,0.2,0.909,3,0.215,0.9772,1243,0
SPY190724C300,2019-07-22,2019-07-22 09:44:31,0.22,1.0,2520,0.21,0.9545,964,0.2,0.909,3,0.215,0.9772,1243,0
SPY190724C300,2019-07-22,2019-07-22 09:44:31,0.22,1.0,1658,0.21,0.9545,938,0.2,0.909,3,0.215,0.9772,1243,0
SPY190724C300,2019-07-22,2019-07-22 09:44:32,0.22,1.0,3591,0.21,0.9545,1475,0.2,0.909,3,0.215,0.9772,1243,0
SPY190724C300,2019-07-22,2019-07-22 09:44:33,0.22,1.0,2673,0.21,0.9545,964,0.2,0.909,3,0.215,0.9772,1243,0
SPY190724C300,2019-07-22,2019-07-22 09:44:33,0.22,1.0,3001,0.21,0.9545,1501,0.2,0.909,3,0.215,0.9772,1243,0
SPY190724C300,2019-07-22,2019-07-22 09:44:34,0.22,1.0,1510,0.21,0.9545,1483,0.22,1.0,100,0.215,0.9772,1343,0
SPY190724C300,2019-07-22,2019-07-22 09:44:34,0.22,1.0,1510,0.21,0.9545,1483,0.22,1.0,100,0.215,0.9772,1343,100
SPY190724C300,2019-07-22,2019-07-22 09:44:35,0.22,1.0,1657,0.21,0.9545,1483,0.22,1.0,100,0.215,0.9772,1343,0
SPY190724C300,2019-07-22,2019-07-22 09:44:35,0.22,1.0,1510,0.21,0.9545,1483,0.22,1.0,100,0.215,0.9772,1343,0
SPY190724C300,2019-07-22,2019-07-22 09:44:36,0.22,1.0,2253,0.21,0.9545,938,0.22,1.0,100,0.215,0.9772,1343,0
SPY190724C300,2019-07-22,2019-07-22 09:44:36,0.22,1.0,1657,0.21,0.9545,1483,0.22,1.0,100,0.215,0.9772,1343,0
SPY190724C300,2019-07-22,2019-07-22 09:44:37,0.22,1.0,2525,0.21,0.9545,964,0.22,1.0,100,0.215,0.9772,1343,0
SPY190724C300,2019-07-22,2019-07-22 09:44:38,0.22,1.0,2525,0.21,0.9545,898,0.22,1.0,100,0.215,0.9772,1343,0
SPY190724C300,2019-07-22,2019-07-22 09:44:39,0.22,1.0,2525,0.21,0.9545,924,0.22,1.0,100,0.215,0.9772,1343,0
SPY190724C300,2019-07-22,2019-07-22 09:44:39,0.22,1.0,2555,0.21,0.9545,1395,0.22,1.0,100,0.215,0.9772,1343,0
SPY190724C300,2019-07-22,2019-07-22 09:44:40,0.22,1.0,2500,0.21,0.9545,458,0.22,1.0,100,0.215,0.9772,1343,0
SPY190724C300,2019-07-22,2019-07-22 09:44:40,0.22,1.0,2732,0.21,0.9545,201,0.22,1.0,100,0.215,0.9772,1343,0
SPY190724C300,2019-07-22,2019-07-22 09:44:41,0.22,1.0,2732,0.21,0.9545,321,0.22,1.0,100,0.215,0.9772,1343,0
SPY190724C300,2019-07-22,2019-07-22 09:44:41,0.22,1.0,2871,0.21,0.9545,321,0.22,1.0,100,0.215,0.9772,1343,0
SPY190724C300,2019-07-22,2019-07-22 09:44:42,0.22,1.0,2811,0.21,0.9545,354,0.22,1.0,100,0.215,0.9772,1343,0
SPY190724C300,2019-07-22,2019-07-22 09:44:43,0.22,1.0,2811,0.21,0.9545,354,0.22,1.0,100,0.215,0.9772,1343,0
SPY190724C300,2019-07-22,2019-07-22 09:44:44,0.22,1.0,2873,0.21,0.9545,354,0.22,1.0,100,0.215,0.9772,1343,0
SPY190724C300,2019-07-22,2019-07-22 09:44:44,0.22,1.0,2900,0.21,0.9545,384,0.22,1.0,100,0.215,0.9772,1343,0
SPY190724C300,2019-07-22,2019-07-22 09:44:45,0.22,1.0,2493,0.21,0.9545,100,0.22,1.0,100,0.215,0.9772,1343,0
SPY190724C300,2019-07-22,2019-07-22 09:44:45,0.22,1.0,2900,0.21,0.9545,374,0.22,1.0,100,0.215,0.9772,1343,0
SPY190724C300,2019-07-22,2019-07-22 09:44:46,0.22,1.0,3987,0.21,0.9545,471,0.21,0.9545,1,0.215,0.9772,1344,1
SPY190724C300,2019-07-22,2019-07-22 09:44:46,0.22,1.0,3987,0.21,0.9545,100,0.22,1.0,100,0.215,0.9772,1343,0
SPY190724C300,2019-07-22,2019-07-22 09:44:47,0.22,1.0,2751,0.21,0.9545,592,0.21,0.9545,1,0.215,0.9772,1344,0
SPY190724C300,2019-07-22,2019-07-22 09:44:47,0.22,1.0,2751,0.21,0.9545,415,0.21,0.9545,1,0.215,0.9772,1344,0
SPY190724C300,2019-07-22,2019-07-22 09:44:48,0.22,1.0,2751,0.21,0.9545,415,0.21,0.9545,1,0.215,0.9772,1344,0
SPY190724C300,2019-07-22,2019-07-22 09:44:49,0.22,1.0,2822,0.21,0.9545,415,0.21,0.9545,1,0.215,0.9772,1344,0
SPY190724C300,2019-07-22,2019-07-22 09:44:50,0.22,1.0,2822,0.21,0.9545,415,0.21,0.9545,1,0.215,0.9772,1344,0
SPY190724C300,2019-07-22,2019-07-22 09:44:50,0.22,1.0,2822,0.21,0.9545,311,0.21,0.9545,1,0.215,0.9772,1344,0
SPY190724C300,2019-07-22,2019-07-22 09:44:51,0.22,1.0,2822,0.21,0.9545,311,0.21,0.9545,1,0.215,0.9772,1344,0
SPY190724C300,2019-07-22,2019-07-22 09:44:52,0.22,1.0,3815,0.21,0.9545,311,0.21,0.9545,1,0.215,0.9772,1344,0
SPY190724C300,2019-07-22,2019-07-22 09:44:52,0.22,1.0,3690,0.21,0.9545,354,0.21,0.9545,1,0.215,0.9772,1344,0
SPY190724C300,2019-07-22,2019-07-22 09:44:53,0.22,1.0,3690,0.21,0.9545,354,0.21,0.9545,1,0.215,0.9772,1344,0
SPY190724C300,2019-07-22,2019-07-22 09:44:54,0.22,1.0,2573,0.21,0.9545,354,0.21,0.9545,1,0.215,0.9772,1344,0
SPY190724C300,2019-07-22,2019-07-22 09:44:54,0.22,1.0,3079,0.21,0.9545,983,0.21,0.9545,1,0.215,0.9772,1344,0
SPY190724C300,2019-07-22,2019-07-22 09:44:55,0.22,1.0,1994,0.21,0.9545,562,0.21,0.9545,1,0.215,0.9772,1344,0
SPY190724C300,2019-07-22,2019-07-22 09:44:56,0.22,1.0,3033,0.21,0.9545,930,0.21,0.9545,1,0.215,0.9772,1344,0
SPY190724C300,2019-07-22,2019-07-22 09:44:57,0.22,1.0,3033,0.21,0.9545,930,0.21,0.9545,1,0.215,0.9772,1344,0
SPY190724C300,2019-07-22,2019-07-22 09:44:57,0.22,1.0,2590,0.21,0.9545,506,0.21,0.9545,1,0.215,0.9772,1344,0
SPY190724C300,2019-07-22,2019-07-22 09:44:58,0.22,1.0,3785,0.21,0.9545,251,0.21,0.9545,1,0.215,0.9772,1344,0
SPY190724C300,2019-07-22,2019-07-22 09:44:58,0.22,1.0,3837,0.21,0.9545,368,0.21,0.9545,1,0.215,0.9772,1344,0
SPY190724C300,2019-07-22,2019-07-22 09:44:59,0.22,1.0,4058,0.21,0.9545,307,0.21,0.9545,1,0.215,0.9772,1344,0
SPY190724C300,2019-07-22,2019-07-22 09:44:59,0.22,1.0,4058,0.21,0.9545,110,0.21,0.9545,1,0.215,0.9772,1344,0
SPY190724C300,2019-07-22,2019-07-22 09:45:00,0.22,1.0,3826,0.21,0.9545,415,0.21,0.9545,1,0.215,0.9772,1344,0
SPY190724C300,2019-07-22,2019-07-22 09:45:01,0.22,1.0,3365,0.21,0.9545,583,0.21,0.9545,1,0.215,0.9772,1344,0
SPY190724C300,2019-07-22,2019-07-22 09:45:01,0.22,1.0,2769,0.21,0.9545,1215,0.21,0.9545,1,0.215,0.9772,1344,0
SPY190724C300,2019-07-22,2019-07-22 09:45:02,0.22,1.0,2959,0.21,0.9545,1215,0.21,0.9545,1,0.215,0.9772,1344,0
SPY190724C300,2019-07-22,2019-07-22 09:45:02,0.22,1.0,2769,0.21,0.9545,1215,0.21,0.9545,1,0.215,0.9772,1344,0
SPY190724C300,2019-07-22,2019-07-22 09:45:03,0.22,1.0,1880,0.21,0.9545,2789,0.22,1.0,1,0.215,0.9772,1345,1
SPY190724C300,2019-07-22,2019-07-22 09:45:03,0.22,1.0,1459,0.21,0.9545,843,0.21,0.9545,1,0.215,0.9772,1344,0
SPY190724C300,2019-07-22,2019-07-22 09:45:04,0.22,1.0,1880,0.21,0.9545,3305,0.22,1.0,1,0.215,0.9772,1345,0
SPY190724C300,2019-07-22,2019-07-22 09:45:05,0.22,1.0,274,0.21,0.9545,4204,0.22,1.0,1,0.215,0.9772,1345,0
SPY190724C300,2019-07-22,2019-07-22 09:45:05,0.22,1.0,71,0.21,0.9545,3305,0.22,1.0,1,0.215,0.9772,1345,0
SPY190724C300,2019-07-22,2019-07-22 09:45:06,0.22,1.0,80,0.21,0.9545,2825,0.21,0.9545,1,0.215,0.9772,1346,1
SPY190724C300,2019-07-22,2019-07-22 09:45:06,0.22,1.0,274,0.21,0.9545,1925,0.22,1.0,1,0.215,0.9772,1345,0
SPY190724C300,2019-07-22,2019-07-22 09:45:07,0.22,1.0,305,0.21,0.9545,4139,0.21,0.9545,1,0.215,0.9772,1346,0
SPY190724C300,2019-07-22,2019-07-22 09:45:08,0.22,1.0,100,0.21,0.9545,3875,0.21,0.9545,1,0.215,0.9772,1346,0
SPY190724C300,2019-07-22,2019-07-22 09:45:08,0.22,1.0,100,0.21,0.9545,4251,0.21,0.9545,1,0.215,0.9772,1346,0
SPY190724C300,2019-07-22,2019-07-22 09:45:09,0.22,1.0,81,0.21,0.9545,3875,0.21,0.9545,1,0.215,0.9772,1346,0
SPY190724C300,2019-07-22,2019-07-22 09:45:10,0.22,1.0,233,0.21,0.9545,3996,0.21,0.9545,1,0.215,0.9772,1346,0
SPY190724C300,2019-07-22,2019-07-22 09:45:10,0.22,1.0,233,0.21,0.9545,3877,0.21,0.9545,1,0.215,0.9772,1346,0
SPY190724C300,2019-07-22,2019-07-22 09:45:11,0.22,1.0,233,0.21,0.9545,4229,0.21,0.9545,1,0.215,0.9772,1346,0
SPY190724C300,2019-07-22,2019-07-22 09:45:11,0.22,1.0,233,0.21,0.9545,3870,0.21,0.9545,1,0.215,0.9772,1346,0
SPY190724C300,2019-07-22,2019-07-22 09:45:12,0.22,1.0,10,0.21,0.9545,4070,0.21,0.9545,1,0.215,0.9772,1346,0
SPY190724C300,2019-07-22,2019-07-22 09:45:12,0.22,1.0,81,0.21,0.9545,4095,0.21,0.9545,1,0.215,0.9772,1346,0
SPY190724C300,2019-07-22,2019-07-22 09:45:13,0.22,1.0,81,0.21,0.9545,3144,0.21,0.9545,1,0.215,0.9772,1346,0
SPY190724C300,2019-07-22,2019-07-22 09:45:13,0.22,1.0,81,0.21,0.9545,4477,0.21,0.9545,1,0.215,0.9772,1346,0
SPY190724C300,2019-07-22,2019-07-22 09:45:14,0.22,1.0,81,0.21,0.9545,4477,0.21,0.9545,1,0.215,0.9772,1346,0
SPY190724C300,2019-07-22,2019-07-22 09:45:15,0.22,1.0,81,0.21,0.9545,4477,0.21,0.9545,1,0.215,0.9772,1346,0
SPY190724C300,2019-07-22,2019-07-22 09:45:16,0.22,1.0,81,0.21,0.9545,4223,0.21,0.9545,1,0.215,0.9772,1346,0
SPY190724C300,2019-07-22,2019-07-22 09:45:17,0.22,1.0,10,0.21,0.9545,4223,0.21,0.9545,1,0.215,0.9772,1346,0
SPY190724C300,2019-07-22,2019-07-22 09:45:17,0.22,1.0,10,0.21,0.9545,2980,0.21,0.9545,1,0.215,0.9772,1346,0
SPY190724C300,2019-07-22,2019-07-22 09:45:18,0.22,1.0,81,0.21,0.9545,4190,0.21,0.9545,1,0.215,0.9772,1346,0
SPY190724C300,2019-07-22,2019-07-22 09:45:19,0.22,1.0,81,0.21,0.9545,4190,0.21,0.9545,1,0.215,0.9772,1346,0
SPY190724C300,2019-07-22,2019-07-22 09:45:20,0.22,1.0,81,0.21,0.9545,3261,0.21,0.9545,1,0.215,0.9772,1346,0
SPY190724C300,2019-07-22,2019-07-22 09:45:20,0.22,1.0,81,0.21,0.9545,4190,0.21,0.9545,1,0.215,0.9772,1346,0
SPY190724C300,2019-07-22,2019-07-22 09:45:21,0.22,1.0,81,0.21,0.9545,4508,0.21,0.9545,1,0.215,0.9772,1346,0
SPY190724C300,2019-07-22,2019-07-22 09:45:21,0.22,1.0,81,0.21,0.9545,4483,0.21,0.9545,1,0.215,0.9772,1346,0
SPY190724C300,2019-07-22,2019-07-22 09:45:22,0.22,1.0,10,0.21,0.9545,4625,0.21,0.9545,1,0.215,0.9772,1346,0
SPY190724C300,2019-07-22,2019-07-22 09:45:22,0.22,1.0,305,0.21,0.9545,4607,0.21,0.9545,1,0.215,0.9772,1346,0
SPY190724C300,2019-07-22,2019-07-22 09:45:23,0.22,1.0,199,0.21,0.9545,4582,0.21,0.9545,1,0.215,0.9772,1346,0
SPY190724C300,2019-07-22,2019-07-22 09:45:23,0.22,1.0,305,0.21,0.9545,4582,0.21,0.9545,1,0.215,0.9772,1346,0
SPY190724C300,2019-07-22,2019-07-22 09:45:24,0.22,1.0,199,0.21,0.9545,4421,0.21,0.9545,1,0.215,0.9772,1346,0
SPY190724C300,2019-07-22,2019-07-22 09:45:25,0.22,1.0,199,0.21,0.9545,4421,0.21,0.9545,1,0.215,0.9772,1346,0
SPY190724C300,2019-07-22,2019-07-22 09:45:26,0.22,1.0,110,0.21,0.9545,4421,0.21,0.9545,1,0.215,0.9772,1346,0
SPY190724C300,2019-07-22,2019-07-22 09:45:26,0.22,1.0,10,0.21,0.9545,2983,0.21,0.9545,1,0.215,0.9772,1346,0
SPY190724C300,2019-07-22,2019-07-22 09:45:27,0.22,1.0,81,0.21,0.9545,2983,0.21,0.9545,1,0.215,0.9772,1346,0
SPY190724C300,2019-07-22,2019-07-22 09:45:28,0.22,1.0,110,0.21,0.9545,3897,0.21,0.9545,1,0.215,0.9772,1346,0
SPY190724C300,2019-07-22,2019-07-22 09:45:28,0.22,1.0,81,0.21,0.9545,3897,0.21,0.9545,1,0.215,0.9772,1346,0
SPY190724C300,2019-07-22,2019-07-22 09:45:29,0.22,1.0,81,0.21,0.9545,3897,0.21,0.9545,1,0.215,0.9772,1346,0
SPY190724C300,2019-07-22,2019-07-22 09:45:30,0.22,1.0,10,0.21,0.9545,3565,0.21,0.9545,1,0.215,0.9772,1346,0
SPY190724C300,2019-07-22,2019-07-22 09:45:30,0.22,1.0,81,0.21,0.9545,3897,0.21,0.9545,1,0.215,0.9772,1346,0
SPY190724C300,2019-07-22,2019-07-22 09:45:31,0.22,1.0,81,0.21,0.9545,4711,0.21,0.9545,1,0.215,0.9772,1346,0
SPY190724C300,2019-07-22,2019-07-22 09:45:32,0.22,1.0,81,0.21,0.9545,4711,0.21,0.9545,1,0.215,0.9772,1346,0
SPY190724C300,2019-07-22,2019-07-22 09:45:33,0.22,1.0,81,0.21,0.9545,4711,0.21,0.9545,1,0.215,0.9772,1346,0
SPY190724C300,2019-07-22,2019-07-22 09:45:34,0.22,1.0,81,0.21,0.9545,4711,0.21,0.9545,1,0.215,0.9772,1346,0
SPY190724C300,2019-07-22,2019-07-22 09:45:35,0.22,1.0,80,0.21,0.9545,3706,0.21,0.9545,1,0.215,0.9772,1346,0
SPY190724C300,2019-07-22,2019-07-22 09:45:35,0.22,1.0,144,0.21,0.9545,4484,0.21,0.9545,1,0.215,0.9772,1346,0
SPY190724C300,2019-07-22,2019-07-22 09:45:36,0.22,1.0,10,0.21,0.9545,4484,0.21,0.9545,1,0.215,0.9772,1346,0
SPY190724C300,2019-07-22,2019-07-22 09:45:37,0.22,1.0,10,0.21,0.9545,4617,0.21,0.9545,1,0.215,0.9772,1346,0
SPY190724C300,2019-07-22,2019-07-22 09:45:37,0.22,1.0,81,0.21,0.9545,4617,0.21,0.9545,1,0.215,0.9772,1346,0
SPY190724C300,2019-07-22,2019-07-22 09:45:38,0.22,1.0,10,0.21,0.9545,4574,0.21,0.9545,1,0.215,0.9772,1346,0
SPY190724C300,2019-07-22,2019-07-22 09:45:39,0.22,1.0,10,0.21,0.9545,4574,0.21,0.9545,1,0.215,0.9772,1346,0
SPY190724C300,2019-07-22,2019-07-22 09:45:39,0.22,1.0,81,0.21,0.9545,4664,0.21,0.9545,1,0.215,0.9772,1346,0
SPY190724C300,2019-07-22,2019-07-22 09:45:40,0.22,1.0,81,0.21,0.9545,4614,0.21,0.9545,1,0.215,0.9772,1346,0
SPY190724C300,2019-07-22,2019-07-22 09:45:40,0.22,1.0,81,0.21,0.9545,4664,0.21,0.9545,1,0.215,0.9772,1346,0
SPY190724C300,2019-07-22,2019-07-22 09:45:41,0.22,1.0,81,0.21,0.9545,4574,0.21,0.9545,1,0.215,0.9772,1346,0
SPY190724C300,2019-07-22,2019-07-22 09:45:41,0.22,1.0,10,0.21,0.9545,4574,0.21,0.9545,1,0.215,0.9772,1346,0
SPY190724C300,2019-07-22,2019-07-22 09:45:42,0.22,1.0,10,0.21,0.9545,4574,0.21,0.9545,1,0.215,0.9772,1346,0
SPY190724C300,2019-07-22,2019-07-22 09:45:43,0.22,1.0,10,0.21,0.9545,4574,0.21,0.9545,1,0.215,0.9772,1346,0
SPY190724C300,2019-07-22,2019-07-22 09:45:43,0.22,1.0,10,0.21,0.9545,4733,0.21,0.9545,1,0.215,0.9772,1346,0
SPY190724C300,2019-07-22,2019-07-22 09:45:44,0.22,1.0,3,0.21,0.9545,4646,0.21,0.9545,1,0.215,0.9772,1346,0
SPY190724C300,2019-07-22,2019-07-22 09:45:44,0.22,1.0,3,0.21,0.9545,4842,0.21,0.9545,1,0.215,0.9772,1346,0
SPY190724C300,2019-07-22,2019-07-22 09:45:45,0.22,1.0,10,0.21,0.9545,4822,0.21,0.9545,1,0.215,0.9772,1346,0
SPY190724C300,2019-07-22,2019-07-22 09:45:46,0.22,1.0,10,0.21,0.9545,4555,0.21,0.9545,1,0.215,0.9772,1346,0
SPY190724C300,2019-07-22,2019-07-22 09:45:46,0.22,1.0,10,0.21,0.9545,4612,0.21,0.9545,1,0.215,0.9772,1346,0
SPY190724C300,2019-07-22,2019-07-22 09:45:47,0.22,1.0,10,0.21,0.9545,4555,0.21,0.9545,1,0.215,0.9772,1346,0
SPY190724C300,2019-07-22,2019-07-22 09:45:48,0.22,1.0,10,0.21,0.9545,3746,0.21,0.9545,1,0.215,0.9772,1346,0
SPY190724C300,2019-07-22,2019-07-22 09:45:49,0.22,1.0,10,0.21,0.9545,4643,0.21,0.9545,1,0.215,0.9772,1346,0
SPY190724C300,2019-07-22,2019-07-22 09:45:50,0.22,1.0,10,0.21,0.9545,4643,0.21,0.9545,1,0.215,0.9772,1346,0
SPY190724C300,2019-07-22,2019-07-22 09:45:50,0.22,1.0,10,0.21,0.9545,4943,0.21,0.9545,1,0.215,0.9772,1346,0
SPY190724C300,2019-07-22,2019-07-22 09:45:51,0.22,1.0,10,0.21,0.9545,4943,0.21,0.9545,1,0.215,0.9772,1346,0
SPY190724C300,2019-07-22,2019-07-22 09:45:51,0.22,1.0,10,0.21,0.9545,3383,0.21,0.9545,70,0.215,0.9772,1416,70
SPY190724C300,2019-07-22,2019-07-22 09:45:52,0.22,1.0,10,0.21,0.9545,3990,0.21,0.9545,70,0.215,0.9772,1416,0
SPY190724C300,2019-07-22,2019-07-22 09:45:52,0.22,1.0,10,0.21,0.9545,3540,0.21,0.9545,70,0.215,0.9772,1416,0
SPY190724C300,2019-07-22,2019-07-22 09:45:53,0.22,1.0,60,0.21,0.9545,1197,0.21,0.9545,70,0.215,0.9772,1416,0
SPY190724C300,2019-07-22,2019-07-22 09:45:54,0.22,1.0,771,0.2,0.909,941,0.21,0.9545,70,0.21,0.9545,1416,0
SPY190724C300,2019-07-22,2019-07-22 09:45:54,0.22,1.0,329,0.21,0.9545,305,0.21,0.9545,70,0.215,0.9772,1416,0
SPY190724C300,2019-07-22,2019-07-22 09:45:55,0.21,0.9545,550,0.2,0.909,1224,0.21,0.9545,70,0.205,0.9318,1416,0
SPY190724C300,2019-07-22,2019-07-22 09:45:55,0.21,0.9545,918,0.2,0.909,1224,0.21,0.9545,70,0.205,0.9318,1416,0
SPY190724C300,2019-07-22,2019-07-22 09:45:56,0.21,0.9545,730,0.2,0.909,1760,0.21,0.9545,70,0.205,0.9318,1416,0
SPY190724C300,2019-07-22,2019-07-22 09:45:56,0.21,0.9545,1244,0.2,0.909,717,0.21,0.9545,70,0.205,0.9318,1416,0
SPY190724C300,2019-07-22,2019-07-22 09:45:57,0.22,1.0,1257,0.21,0.9545,545,0.21,0.9545,70,0.215,0.9772,1416,0
SPY190724C300,2019-07-22,2019-07-22 09:45:57,0.22,1.0,1175,0.2,0.909,2712,0.21,0.9545,70,0.21,0.9545,1416,0
SPY190724C300,2019-07-22,2019-07-22 09:45:58,0.22,1.0,1965,0.21,0.9545,1069,0.21,0.9545,70,0.215,0.9772,1416,0
SPY190724C300,2019-07-22,2019-07-22 09:45:58,0.22,1.0,1662,0.21,0.9545,2179,0.21,0.9545,70,0.215,0.9772,1416,0
SPY190724C300,2019-07-22,2019-07-22 09:45:59,0.22,1.0,1662,0.21,0.9545,2179,0.21,0.9545,70,0.215,0.9772,1416,0
SPY190724C300,2019-07-22,2019-07-22 09:46:00,0.22,1.0,1850,0.21,0.9545,1556,0.21,0.9545,70,0.215,0.9772,1416,0
SPY190724C300,2019-07-22,2019-07-22 09:46:00,0.22,1.0,1662,0.21,0.9545,2129,0.21,0.9545,70,0.215,0.9772,1416,0
SPY190724C300,2019-07-22,2019-07-22 09:46:01,0.22,1.0,1850,0.21,0.9545,1556,0.21,0.9545,70,0.215,0.9772,1416,0
SPY190724C300,2019-07-22,2019-07-22 09:46:01,0.22,1.0,1968,0.21,0.9545,2593,0.21,0.9545,70,0.215,0.9772,1416,0
SPY190724C300,2019-07-22,2019-07-22 09:46:02,0.22,1.0,685,0.21,0.9545,3600,0.21,0.9545,70,0.215,0.9772,1416,0
SPY190724C300,2019-07-22,2019-07-22 09:46:02,0.22,1.0,932,0.21,0.9545,3600,0.21,0.9545,70,0.215,0.9772,1416,0
SPY190724C300,2019-07-22,2019-07-22 09:46:03,0.22,1.0,633,0.21,0.9545,2965,0.21,0.9545,70,0.215,0.9772,1416,0
SPY190724C300,2019-07-22,2019-07-22 09:46:04,0.22,1.0,120,0.21,0.9545,3164,0.21,0.9545,70,0.215,0.9772,1416,0
SPY190724C300,2019-07-22,2019-07-22 09:46:04,0.22,1.0,120,0.21,0.9545,3553,0.21,0.9545,70,0.215,0.9772,1416,0
SPY190724C300,2019-07-22,2019-07-22 09:46:05,0.22,1.0,120,0.21,0.9545,3280,0.21,0.9545,70,0.215,0.9772,1416,0
SPY190724C300,2019-07-22,2019-07-22 09:46:05,0.22,1.0,120,0.21,0.9545,3732,0.21,0.9545,70,0.215,0.9772,1416,0
SPY190724C300,2019-07-22,2019-07-22 09:46:06,0.22,1.0,150,0.21,0.9545,4485,0.21,0.9545,70,0.215,0.9772,1416,0
SPY190724C300,2019-07-22,2019-07-22 09:46:06,0.22,1.0,120,0.21,0.9545,4390,0.21,0.9545,70,0.215,0.9772,1416,0
SPY190724C300,2019-07-22,2019-07-22 09:46:07,0.22,1.0,150,0.21,0.9545,4485,0.21,0.9545,1,0.215,0.9772,1417,1
SPY190724C300,2019-07-22,2019-07-22 09:46:08,0.22,1.0,150,0.21,0.9545,4420,0.21,0.9545,1,0.215,0.9772,1417,0
SPY190724C300,2019-07-22,2019-07-22 09:46:09,0.22,1.0,150,0.21,0.9545,3959,0.21,0.9545,1,0.215,0.9772,1417,0
SPY190724C300,2019-07-22,2019-07-22 09:46:09,0.22,1.0,150,0.21,0.9545,1148,0.21,0.9545,1,0.215,0.9772,1417,0
SPY190724C300,2019-07-22,2019-07-22 09:46:10,0.22,1.0,130,0.21,0.9545,3179,0.21,0.9545,1,0.215,0.9772,1417,0
SPY190724C300,2019-07-22,2019-07-22 09:46:10,0.22,1.0,1276,0.21,0.9545,1793,0.21,0.9545,1,0.215,0.9772,1417,0
SPY190724C300,2019-07-22,2019-07-22 09:46:11,0.22,1.0,1472,0.21,0.9545,2362,0.21,0.9545,1,0.215,0.9772,1417,0
SPY190724C300,2019-07-22,2019-07-22 09:46:11,0.22,1.0,1472,0.21,0.9545,2095,0.21,0.9545,1,0.215,0.9772,1417,0
SPY190724C300,2019-07-22,2019-07-22 09:46:12,0.22,1.0,1472,0.21,0.9545,2362,0.21,0.9545,1,0.215,0.9772,1417,0
SPY190724C300,2019-07-22,2019-07-22 09:46:13,0.22,1.0,3342,0.21,0.9545,425,0.21,0.9545,1,0.215,0.9772,1417,0
SPY190724C300,2019-07-22,2019-07-22 09:46:13,0.22,1.0,1472,0.21,0.9545,1994,0.21,0.9545,1,0.215,0.9772,1417,0
SPY190724C300,2019-07-22,2019-07-22 09:46:14,0.22,1.0,2658,0.21,0.9545,425,0.21,0.9545,1,0.215,0.9772,1417,0
SPY190724C300,2019-07-22,2019-07-22 09:46:14,0.22,1.0,3342,0.21,0.9545,464,0.21,0.9545,1,0.215,0.9772,1417,0
SPY190724C300,2019-07-22,2019-07-22 09:46:15,0.22,1.0,2497,0.21,0.9545,425,0.21,0.9545,1,0.215,0.9772,1417,0
SPY190724C300,2019-07-22,2019-07-22 09:46:15,0.22,1.0,1823,0.21,0.9545,2584,0.21,0.9545,1,0.215,0.9772,1417,0
SPY190724C300,2019-07-22,2019-07-22 09:46:16,0.22,1.0,59,0.21,0.9545,1743,0.21,0.9545,1,0.215,0.9772,1417,0
SPY190724C300,2019-07-22,2019-07-22 09:46:16,0.22,1.0,1815,0.21,0.9545,2297,0.21,0.9545,1,0.215,0.9772,1417,0
SPY190724C300,2019-07-22,2019-07-22 09:46:17,0.22,1.0,59,0.21,0.9545,3015,0.21,0.9545,1,0.215,0.9772,1417,0
SPY190724C300,2019-07-22,2019-07-22 09:46:17,0.22,1.0,59,0.21,0.9545,2484,0.21,0.9545,1,0.215,0.9772,1417,0
SPY190724C300,2019-07-22,2019-07-22 09:46:18,0.22,1.0,120,0.21,0.9545,3015,0.21,0.9545,1,0.215,0.9772,1417,0
SPY190724C300,2019-07-22,2019-07-22 09:46:19,0.22,1.0,110,0.21,0.9545,3691,0.21,0.9545,1,0.215,0.9772,1417,0
SPY190724C300,2019-07-22,2019-07-22 09:46:19,0.22,1.0,110,0.21,0.9545,2944,0.21,0.9545,1,0.215,0.9772,1417,0
SPY190724C300,2019-07-22,2019-07-22 09:46:20,0.22,1.0,110,0.21,0.9545,2944,0.21,0.9545,1,0.215,0.9772,1417,0
SPY190724C300,2019-07-22,2019-07-22 09:46:20,0.22,1.0,110,0.21,0.9545,2957,0.21,0.9545,1,0.215,0.9772,1417,0
SPY190724C300,2019-07-22,2019-07-22 09:46:21,0.22,1.0,110,0.21,0.9545,3471,0.21,0.9545,1,0.215,0.9772,1417,0
SPY190724C300,2019-07-22,2019-07-22 09:46:21,0.22,1.0,110,0.21,0.9545,4128,0.21,0.9545,1,0.215,0.9772,1417,0
SPY190724C300,2019-07-22,2019-07-22 09:46:22,0.22,1.0,655,0.21,0.9545,3471,0.21,0.9545,1,0.215,0.9772,1417,0
SPY190724C300,2019-07-22,2019-07-22 09:46:22,0.22,1.0,1282,0.21,0.9545,2850,0.21,0.9545,1,0.215,0.9772,1417,0
SPY190724C300,2019-07-22,2019-07-22 09:46:23,0.22,1.0,1282,0.21,0.9545,2177,0.21,0.9545,1,0.215,0.9772,1417,0
SPY190724C300,2019-07-22,2019-07-22 09:46:24,0.22,1.0,132,0.21,0.9545,1681,0.21,0.9545,1,0.215,0.9772,1417,0
SPY190724C300,2019-07-22,2019-07-22 09:46:24,0.22,1.0,132,0.21,0.9545,2606,0.21,0.9545,1,0.215,0.9772,1417,0
SPY190724C300,2019-07-22,2019-07-22 09:46:25,0.22,1.0,941,0.21,0.9545,3083,0.21,0.9545,1,0.215,0.9772,1417,0
SPY190724C300,2019-07-22,2019-07-22 09:46:25,0.22,1.0,132,0.21,0.9545,1884,0.21,0.9545,1,0.215,0.9772,1417,0
SPY190724C300,2019-07-22,2019-07-22 09:46:26,0.22,1.0,1325,0.21,0.9545,3110,0.21,0.9545,1,0.215,0.9772,1417,0
SPY190724C300,2019-07-22,2019-07-22 09:46:26,0.22,1.0,2182,0.21,0.9545,2791,0.21,0.9545,1,0.215,0.9772,1417,0
SPY190724C300,2019-07-22,2019-07-22 09:46:27,0.22,1.0,2182,0.21,0.9545,3057,0.21,0.9545,1,0.215,0.9772,1417,0
SPY190724C300,2019-07-22,2019-07-22 09:46:28,0.22,1.0,2684,0.21,0.9545,456,0.21,0.9545,1,0.215,0.9772,1417,0
SPY190724C300,2019-07-22,2019-07-22 09:46:28,0.22,1.0,1560,0.21,0.9545,3057,0.21,0.9545,1,0.215,0.9772,1417,0
SPY190724C300,2019-07-22,2019-07-22 09:46:29,0.22,1.0,3130,0.21,0.9545,435,0.21,0.9545,1,0.215,0.9772,1417,0
SPY190724C300,2019-07-22,2019-07-22 09:46:30,0.22,1.0,2906,0.21,0.9545,456,0.21,0.9545,1,0.215,0.9772,1417,0
SPY190724C300,2019-07-22,2019-07-22 09:46:30,0.22,1.0,2060,0.21,0.9545,456,0.21,0.9545,1,0.215,0.9772,1417,0
SPY190724C300,2019-07-22,2019-07-22 09:46:31,0.22,1.0,2060,0.21,0.9545,456,0.21,0.9545,1,0.215,0.9772,1417,0
SPY190724C300,2019-07-22,2019-07-22 09:46:31,0.22,1.0,2240,0.21,0.9545,456,0.21,0.9545,1,0.215,0.9772,1417,0
SPY190724C300,2019-07-22,2019-07-22 09:46:32,0.22,1.0,2257,0.21,0.9545,435,0.21,0.9545,1,0.215,0.9772,1417,0
SPY190724C300,2019-07-22,2019-07-22 09:46:33,0.22,1.0,2257,0.21,0.9545,435,0.21,0.9545,1,0.215,0.9772,1417,0
SPY190724C300,2019-07-22,2019-07-22 09:46:33,0.22,1.0,2017,0.21,0.9545,456,0.21,0.9545,1,0.215,0.9772,1417,0
SPY190724C300,2019-07-22,2019-07-22 09:46:34,0.22,1.0,2241,0.21,0.9545,100,0.21,0.9545,1,0.215,0.9772,1417,0
SPY190724C300,2019-07-22,2019-07-22 09:46:34,0.22,1.0,2598,0.21,0.9545,435,0.21,0.9545,1,0.215,0.9772,1417,0
SPY190724C300,2019-07-22,2019-07-22 09:46:35,0.22,1.0,2646,0.21,0.9545,6,0.21,0.9545,1,0.215,0.9772,1417,0
SPY190724C300,2019-07-22,2019-07-22 09:46:36,0.22,1.0,3164,0.21,0.9545,485,0.21,0.9545,1,0.215,0.9772,1417,0
SPY190724C300,2019-07-22,2019-07-22 09:46:36,0.22,1.0,2646,0.21,0.9545,485,0.21,0.9545,1,0.215,0.9772,1417,0
SPY190724C300,2019-07-22,2019-07-22 09:46:37,0.22,1.0,2766,0.21,0.9545,485,0.21,0.9545,1,0.215,0.9772,1417,0
SPY190724C300,2019-07-22,2019-07-22 09:46:37,0.22,1.0,2646,0.21,0.9545,485,0.21,0.9545,1,0.215,0.9772,1417,0
SPY190724C300,2019-07-22,2019-07-22 09:46:38,0.22,1.0,2746,0.21,0.9545,485,0.21,0.9545,1,0.215,0.9772,1417,0
SPY190724C300,2019-07-22,2019-07-22 09:46:38,0.22,1.0,2756,0.21,0.9545,485,0.21,0.9545,1,0.215,0.9772,1417,0
SPY190724C300,2019-07-22,2019-07-22 09:46:39,0.22,1.0,2914,0.21,0.9545,485,0.21,0.9545,1,0.215,0.9772,1417,0
SPY190724C300,2019-07-22,2019-07-22 09:46:39,0.22,1.0,1732,0.21,0.9545,415,0.21,0.9545,1,0.215,0.9772,1417,0
SPY190724C300,2019-07-22,2019-07-22 09:46:40,0.22,1.0,2319,0.21,0.9545,415,0.21,0.9545,1,0.215,0.9772,1417,0
SPY190724C300,2019-07-22,2019-07-22 09:46:40,0.22,1.0,2447,0.21,0.9545,415,0.21,0.9545,1,0.215,0.9772,1417,0
SPY190724C300,2019-07-22,2019-07-22 09:46:41,0.22,1.0,2447,0.21,0.9545,464,0.21,0.9545,1,0.215,0.9772,1417,0
SPY190724C300,2019-07-22,2019-07-22 09:46:42,0.22,1.0,1762,0.21,0.9545,792,0.21,0.9545,1,0.215,0.9772,1417,0
SPY190724C300,2019-07-22,2019-07-22 09:46:42,0.22,1.0,2447,0.21,0.9545,454,0.21,0.9545,1,0.215,0.9772,1417,0
SPY190724C300,2019-07-22,2019-07-22 09:46:43,0.22,1.0,922,0.21,0.9545,1032,0.21,0.9545,1,0.215,0.9772,1417,0
SPY190724C300,2019-07-22,2019-07-22 09:46:43,0.22,1.0,2447,0.21,0.9545,1724,0.21,0.9545,1,0.215,0.9772,1417,0
SPY190724C300,2019-07-22,2019-07-22 09:46:44,0.22,1.0,180,0.21,0.9545,2864,0.21,0.9545,1,0.215,0.9772,1417,0
SPY190724C300,2019-07-22,2019-07-22 09:46:44,0.22,1.0,1111,0.21,0.9545,2227,0.21,0.9545,1,0.215,0.9772,1417,0
SPY190724C300,2019-07-22,2019-07-22 09:46:45,0.22,1.0,1364,0.21,0.9545,2217,0.21,0.9545,1,0.215,0.9772,1417,0
SPY190724C300,2019-07-22,2019-07-22 09:46:46,0.22,1.0,901,0.21,0.9545,3030,0.21,0.9545,1,0.215,0.9772,1417,0
SPY190724C300,2019-07-22,2019-07-22 09:46:46,0.22,1.0,647,0.21,0.9545,2580,0.21,0.9545,1,0.215,0.9772,1417,0
SPY190724C300,2019-07-22,2019-07-22 09:46:47,0.22,1.0,1514,0.21,0.9545,2732,0.21,0.9545,1,0.215,0.9772,1417,0
SPY190724C300,2019-07-22,2019-07-22 09:46:47,0.22,1.0,901,0.21,0.9545,3030,0.21,0.9545,1,0.215,0.9772,1417,0
SPY190724C300,2019-07-22,2019-07-22 09:46:48,0.22,1.0,1514,0.21,0.9545,2820,0.21,0.9545,1,0.215,0.9772,1417,0
SPY190724C300,2019-07-22,2019-07-22 09:46:48,0.22,1.0,1176,0.21,0.9545,1810,0.21,0.9545,1,0.215,0.9772,1417,0
SPY190724C300,2019-07-22,2019-07-22 09:46:49,0.22,1.0,1176,0.21,0.9545,2072,0.21,0.9545,1,0.215,0.9772,1417,0
SPY190724C300,2019-07-22,2019-07-22 09:46:50,0.22,1.0,1090,0.21,0.9545,2039,0.21,0.9545,1,0.215,0.9772,1417,0
SPY190724C300,2019-07-22,2019-07-22 09:46:50,0.22,1.0,1176,0.21,0.9545,1872,0.21,0.9545,1,0.215,0.9772,1417,0
SPY190724C300,2019-07-22,2019-07-22 09:46:51,0.22,1.0,1090,0.21,0.9545,1609,0.21,0.9545,1,0.215,0.9772,1417,0
SPY190724C300,2019-07-22,2019-07-22 09:46:51,0.22,1.0,2225,0.21,0.9545,2135,0.21,0.9545,1,0.215,0.9772,1417,0
SPY190724C300,2019-07-22,2019-07-22 09:46:52,0.22,1.0,1975,0.21,0.9545,2135,0.21,0.9545,1,0.215,0.9772,1417,0
SPY190724C300,2019-07-22,2019-07-22 09:46:52,0.22,1.0,1975,0.21,0.9545,2064,0.21,0.9545,1,0.215,0.9772,1417,0
SPY190724C300,2019-07-22,2019-07-22 09:46:53,0.22,1.0,1975,0.21,0.9545,2064,0.21,0.9545,1,0.215,0.9772,1417,0
SPY190724C300,2019-07-22,2019-07-22 09:46:53,0.22,1.0,1328,0.21,0.9545,203,0.21,0.9545,1,0.215,0.9772,1417,0
SPY190724C300,2019-07-22,2019-07-22 09:46:54,0.22,1.0,3346,0.21,0.9545,541,0.21,0.9545,1,0.215,0.9772,1417,0
SPY190724C300,2019-07-22,2019-07-22 09:46:55,0.22,1.0,2687,0.21,0.9545,545,0.21,0.9545,1,0.215,0.9772,1417,0
SPY190724C300,2019-07-22,2019-07-22 09:46:55,0.22,1.0,2699,0.21,0.9545,513,0.21,0.9545,1,0.215,0.9772,1417,0
SPY190724C300,2019-07-22,2019-07-22 09:46:56,0.22,1.0,2236,0.21,0.9545,1336,0.21,0.9545,1,0.215,0.9772,1417,0
SPY190724C300,2019-07-22,2019-07-22 09:46:57,0.22,1.0,922,0.21,0.9545,2589,0.21,0.9545,1,0.215,0.9772,1417,0
SPY190724C300,2019-07-22,2019-07-22 09:46:57,0.22,1.0,2236,0.21,0.9545,1336,0.21,0.9545,1,0.215,0.9772,1417,0
SPY190724C300,2019-07-22,2019-07-22 09:46:58,0.22,1.0,425,0.21,0.9545,3094,0.21,0.9545,1,0.215,0.9772,1417,0
SPY190724C300,2019-07-22,2019-07-22 09:46:59,0.22,1.0,1415,0.21,0.9545,1622,0.21,0.9545,1,0.215,0.9772,1417,0
SPY190724C300,2019-07-22,2019-07-22 09:46:59,0.22,1.0,231,0.21,0.9545,1712,0.21,0.9545,1,0.215,0.9772,1417,0
SPY190724C300,2019-07-22,2019-07-22 09:47:00,0.22,1.0,1814,0.21,0.9545,3307,0.21,0.9545,1,0.215,0.9772,1417,0
SPY190724C300,2019-07-22,2019-07-22 09:47:00,0.22,1.0,1817,0.21,0.9545,2276,0.21,0.9545,1,0.215,0.9772,1417,0
SPY190724C300,2019-07-22,2019-07-22 09:47:01,0.22,1.0,1365,0.21,0.9545,2399,0.21,0.9545,1,0.215,0.9772,1417,0
SPY190724C300,2019-07-22,2019-07-22 09:47:01,0.22,1.0,1365,0.21,0.9545,2393,0.21,0.9545,1,0.215,0.9772,1417,0
SPY190724C300,2019-07-22,2019-07-22 09:47:02,0.22,1.0,1365,0.21,0.9545,1739,0.21,0.9545,1,0.215,0.9772,1417,0
SPY190724C300,2019-07-22,2019-07-22 09:47:03,0.22,1.0,1423,0.21,0.9545,2875,0.21,0.9545,1,0.215,0.9772,1417,0
SPY190724C300,2019-07-22,2019-07-22 09:47:03,0.22,1.0,1176,0.21,0.9545,3075,0.21,0.9545,1,0.215,0.9772,1417,0
SPY190724C300,2019-07-22,2019-07-22 09:47:04,0.22,1.0,922,0.21,0.9545,3011,0.21,0.9545,1,0.215,0.9772,1417,0
SPY190724C300,2019-07-22,2019-07-22 09:47:04,0.22,1.0,1176,0.21,0.9545,2962,0.21,0.9545,1,0.215,0.9772,1417,0
SPY190724C300,2019-07-22,2019-07-22 09:47:05,0.22,1.0,1365,0.21,0.9545,3286,0.21,0.9545,1,0.215,0.9772,1417,0
SPY190724C300,2019-07-22,2019-07-22 09:47:05,0.22,1.0,901,0.21,0.9545,2967,0.21,0.9545,1,0.215,0.9772,1417,0
SPY190724C300,2019-07-22,2019-07-22 09:47:06,0.22,1.0,110,0.21,0.9545,3589,0.21,0.9545,1,0.215,0.9772,1417,0
SPY190724C300,2019-07-22,2019-07-22 09:47:07,0.22,1.0,110,0.21,0.9545,3589,0.21,0.9545,1,0.215,0.9772,1417,0
SPY190724C300,2019-07-22,2019-07-22 09:47:08,0.22,1.0,110,0.21,0.9545,3264,0.21,0.9545,1,0.215,0.9772,1417,0
SPY190724C300,2019-07-22,2019-07-22 09:47:09,0.22,1.0,3,0.21,0.9545,3808,0.21,0.9545,1,0.215,0.9772,1417,0
SPY190724C300,2019-07-22,2019-07-22 09:47:09,0.22,1.0,3,0.21,0.9545,3931,0.21,0.9545,1,0.215,0.9772,1417,0
SPY190724C300,2019-07-22,2019-07-22 09:47:10,0.22,1.0,3,0.21,0.9545,3931,0.21,0.9545,1,0.215,0.9772,1417,0
SPY190724C300,2019-07-22,2019-07-22 09:47:11,0.22,1.0,3,0.21,0.9545,4729,0.21,0.9545,1,0.215,0.9772,1417,0
SPY190724C300,2019-07-22,2019-07-22 09:47:11,0.22,1.0,3,0.21,0.9545,4850,0.21,0.9545,1,0.215,0.9772,1417,0
SPY190724C300,2019-07-22,2019-07-22 09:47:12,0.22,1.0,3,0.21,0.9545,4439,0.21,0.9545,1,0.215,0.9772,1417,0
SPY190724C300,2019-07-22,2019-07-22 09:47:12,0.22,1.0,3,0.21,0.9545,4894,0.21,0.9545,1,0.215,0.9772,1417,0
SPY190724C300,2019-07-22,2019-07-22 09:47:13,0.22,1.0,3,0.21,0.9545,4963,0.21,0.9545,1,0.215,0.9772,1417,0
SPY190724C300,2019-07-22,2019-07-22 09:47:14,0.22,1.0,3,0.21,0.9545,5023,0.21,0.9545,1,0.215,0.9772,1417,0
SPY190724C300,2019-07-22,2019-07-22 09:47:15,0.22,1.0,3,0.21,0.9545,5071,0.21,0.9545,1,0.215,0.9772,1417,0
SPY190724C300,2019-07-22,2019-07-22 09:47:15,0.22,1.0,3,0.21,0.9545,5038,0.21,0.9545,1,0.215,0.9772,1417,0
SPY190724C300,2019-07-22,2019-07-22 09:47:16,0.22,1.0,3,0.21,0.9545,5038,0.21,0.9545,1,0.215,0.9772,1417,0
SPY190724C300,2019-07-22,2019-07-22 09:47:17,0.23,1.0454,4,0.22,1.0,389,0.22,1.0,10,0.225,1.0227,1440,23
SPY190724C300,2019-07-22,2019-07-22 09:47:17,0.22,1.0,3,0.21,0.9545,5021,0.21,0.9545,1,0.215,0.9772,1417,0
SPY190724C300,2019-07-22,2019-07-22 09:47:18,0.23,1.0454,4,0.22,1.0,400,0.22,1.0,10,0.225,1.0227,1440,0
SPY190724C300,2019-07-22,2019-07-22 09:47:19,0.23,1.0454,2639,0.22,1.0,566,0.22,1.0,10,0.225,1.0227,1440,0
SPY190724C300,2019-07-22,2019-07-22 09:47:19,0.23,1.0454,2400,0.22,1.0,437,0.22,1.0,10,0.225,1.0227,1440,0
SPY190724C300,2019-07-22,2019-07-22 09:47:20,0.23,1.0454,1476,0.22,1.0,3084,0.22,1.0,10,0.225,1.0227,1440,0
SPY190724C300,2019-07-22,2019-07-22 09:47:20,0.23,1.0454,2639,0.22,1.0,566,0.22,1.0,10,0.225,1.0227,1440,0
SPY190724C300,2019-07-22,2019-07-22 09:47:21,0.23,1.0454,191,0.22,1.0,3084,0.22,1.0,10,0.225,1.0227,1440,0
SPY190724C300,2019-07-22,2019-07-22 09:47:22,0.23,1.0454,611,0.22,1.0,3965,0.22,1.0,10,0.225,1.0227,1440,0
SPY190724C300,2019-07-22,2019-07-22 09:47:23,0.23,1.0454,140,0.22,1.0,2884,0.22,1.0,10,0.225,1.0227,1440,0
SPY190724C300,2019-07-22,2019-07-22 09:47:24,0.23,1.0454,140,0.22,1.0,3150,0.22,1.0,10,0.225,1.0227,1440,0
SPY190724C300,2019-07-22,2019-07-22 09:47:24,0.23,1.0454,140,0.22,1.0,3228,0.22,1.0,10,0.225,1.0227,1440,0
SPY190724C300,2019-07-22,2019-07-22 09:47:25,0.23,1.0454,140,0.22,1.0,3228,0.22,1.0,10,0.225,1.0227,1440,0
SPY190724C300,2019-07-22,2019-07-22 09:47:25,0.23,1.0454,80,0.22,1.0,3222,0.22,1.0,10,0.225,1.0227,1440,0
SPY190724C300,2019-07-22,2019-07-22 09:47:26,0.23,1.0454,81,0.22,1.0,3333,0.22,1.0,10,0.225,1.0227,1440,0
SPY190724C300,2019-07-22,2019-07-22 09:47:26,0.23,1.0454,114,0.22,1.0,3532,0.22,1.0,10,0.225,1.0227,1440,0
SPY190724C300,2019-07-22,2019-07-22 09:47:27,0.23,1.0454,114,0.22,1.0,3532,0.22,1.0,10,0.225,1.0227,1440,0
SPY190724C300,2019-07-22,2019-07-22 09:47:28,0.23,1.0454,114,0.22,1.0,3490,0.22,1.0,10,0.225,1.0227,1440,0
SPY190724C300,2019-07-22,2019-07-22 09:47:29,0.23,1.0454,4,0.22,1.0,3284,0.22,1.0,10,0.225,1.0227,1440,0
SPY190724C300,2019-07-22,2019-07-22 09:47:29,0.23,1.0454,124,0.22,1.0,2873,0.22,1.0,10,0.225,1.0227,1440,0
SPY190724C300,2019-07-22,2019-07-22 09:47:30,0.23,1.0454,4,0.22,1.0,3181,0.22,1.0,10,0.225,1.0227,1440,0
SPY190724C300,2019-07-22,2019-07-22 09:47:30,0.23,1.0454,4,0.22,1.0,4222,0.22,1.0,10,0.225,1.0227,1440,0
SPY190724C300,2019-07-22,2019-07-22 09:47:31,0.23,1.0454,114,0.22,1.0,3101,0.22,1.0,10,0.225,1.0227,1440,0
SPY190724C300,2019-07-22,2019-07-22 09:47:31,0.23,1.0454,114,0.22,1.0,3571,0.22,1.0,10,0.225,1.0227,1440,0
SPY190724C300,2019-07-22,2019-07-22 09:47:32,0.23,1.0454,419,0.22,1.0,2593,0.22,1.0,10,0.225,1.0227,1440,0
SPY190724C300,2019-07-22,2019-07-22 09:47:33,0.23,1.0454,419,0.22,1.0,2768,0.22,1.0,10,0.225,1.0227,1440,0
SPY190724C300,2019-07-22,2019-07-22 09:47:33,0.23,1.0454,419,0.22,1.0,2985,0.22,1.0,10,0.225,1.0227,1440,0
SPY190724C300,2019-07-22,2019-07-22 09:47:34,0.23,1.0454,114,0.22,1.0,4527,0.22,1.0,10,0.225,1.0227,1440,0
SPY190724C300,2019-07-22,2019-07-22 09:47:35,0.23,1.0454,124,0.22,1.0,3843,0.22,1.0,10,0.225,1.0227,1440,0
SPY190724C300,2019-07-22,2019-07-22 09:47:35,0.23,1.0454,124,0.22,1.0,3858,0.22,1.0,10,0.225,1.0227,1440,0
SPY190724C300,2019-07-22,2019-07-22 09:47:36,0.23,1.0454,1245,0.22,1.0,1645,0.22,1.0,10,0.225,1.0227,1440,0
SPY190724C300,2019-07-22,2019-07-22 09:47:36,0.23,1.0454,458,0.22,1.0,3165,0.22,1.0,10,0.225,1.0227,1440,0
SPY190724C300,2019-07-22,2019-07-22 09:47:37,0.23,1.0454,1746,0.22,1.0,2235,0.22,1.0,10,0.225,1.0227,1440,0
SPY190724C300,2019-07-22,2019-07-22 09:47:38,0.23,1.0454,1627,0.22,1.0,3399,0.22,1.0,10,0.225,1.0227,1440,0
SPY190724C300,2019-07-22,2019-07-22 09:47:38,0.23,1.0454,520,0.22,1.0,3445,0.22,1.0,10,0.225,1.0227,1440,0
SPY190724C300,2019-07-22,2019-07-22 09:47:39,0.23,1.0454,625,0.22,1.0,4089,0.22,1.0,10,0.225,1.0227,1440,0
SPY190724C300,2019-07-22,2019-07-22 09:47:39,0.23,1.0454,124,0.22,1.0,3182,0.22,1.0,10,0.225,1.0227,1440,0
SPY190724C300,2019-07-22,2019-07-22 09:47:40,0.23,1.0454,458,0.22,1.0,3147,0.22,1.0,10,0.225,1.0227,1440,0
SPY190724C300,2019-07-22,2019-07-22 09:47:40,0.23,1.0454,429,0.22,1.0,3147,0.22,1.0,10,0.225,1.0227,1440,0
SPY190724C300,2019-07-22,2019-07-22 09:47:41,0.23,1.0454,458,0.22,1.0,2942,0.22,1.0,10,0.225,1.0227,1440,0
SPY190724C300,2019-07-22,2019-07-22 09:47:42,0.23,1.0454,458,0.22,1.0,2942,0.22,1.0,10,0.225,1.0227,1440,0
SPY190724C300,2019-07-22,2019-07-22 09:47:43,0.23,1.0454,541,0.22,1.0,2735,0.22,1.0,10,0.225,1.0227,1440,0
SPY190724C300,2019-07-22,2019-07-22 09:47:43,0.23,1.0454,607,0.22,1.0,2735,0.22,1.0,10,0.225,1.0227,1440,0
SPY190724C300,2019-07-22,2019-07-22 09:47:44,0.23,1.0454,607,0.22,1.0,2780,0.22,1.0,10,0.225,1.0227,1440,0
SPY190724C300,2019-07-22,2019-07-22 09:47:44,0.23,1.0454,607,0.22,1.0,2958,0.22,1.0,10,0.225,1.0227,1440,0
SPY190724C300,2019-07-22,2019-07-22 09:47:45,0.23,1.0454,607,0.22,1.0,3062,0.22,1.0,10,0.225,1.0227,1440,0
SPY190724C300,2019-07-22,2019-07-22 09:47:45,0.23,1.0454,607,0.22,1.0,2958,0.22,1.0,10,0.225,1.0227,1440,0
SPY190724C300,2019-07-22,2019-07-22 09:47:46,0.23,1.0454,607,0.22,1.0,4273,0.22,1.0,10,0.225,1.0227,1440,0
SPY190724C300,2019-07-22,2019-07-22 09:47:46,0.23,1.0454,607,0.22,1.0,4325,0.22,1.0,10,0.225,1.0227,1440,0
SPY190724C300,2019-07-22,2019-07-22 09:47:47,0.23,1.0454,607,0.22,1.0,4325,0.22,1.0,10,0.225,1.0227,1440,0
SPY190724C300,2019-07-22,2019-07-22 09:47:47,0.23,1.0454,19,0.22,1.0,4325,0.22,1.0,10,0.225,1.0227,1440,0
SPY190724C300,2019-07-22,2019-07-22 09:47:48,0.23,1.0454,81,0.22,1.0,4325,0.22,1.0,10,0.225,1.0227,1440,0
SPY190724C300,2019-07-22,2019-07-22 09:47:49,0.23,1.0454,81,0.22,1.0,4325,0.22,1.0,10,0.225,1.0227,1440,0
SPY190724C300,2019-07-22,2019-07-22 09:47:50,0.23,1.0454,81,0.22,1.0,4668,0.22,1.0,10,0.225,1.0227,1440,0
SPY190724C300,2019-07-22,2019-07-22 09:47:51,0.23,1.0454,81,0.22,1.0,4668,0.22,1.0,10,0.225,1.0227,1440,0
SPY190724C300,2019-07-22,2019-07-22 09:47:52,0.23,1.0454,19,0.22,1.0,4668,0.22,1.0,10,0.225,1.0227,1440,0
SPY190724C300,2019-07-22,2019-07-22 09:47:53,0.23,1.0454,81,0.22,1.0,4668,0.22,1.0,10,0.225,1.0227,1440,0
SPY190724C300,2019-07-22,2019-07-22 09:47:53,0.23,1.0454,19,0.22,1.0,4668,0.22,1.0,10,0.225,1.0227,1440,0
SPY190724C300,2019-07-22,2019-07-22 09:47:54,0.23,1.0454,81,0.22,1.0,3389,0.24,1.0909,4,0.225,1.0227,1444,4
SPY190724C300,2019-07-22,2019-07-22 09:47:54,0.23,1.0454,81,0.22,1.0,4668,0.22,1.0,10,0.225,1.0227,1440,0
SPY190724C300,2019-07-22,2019-07-22 09:47:55,0.23,1.0454,19,0.22,1.0,4920,0.24,1.0909,4,0.225,1.0227,1444,0
SPY190724C300,2019-07-22,2019-07-22 09:47:56,0.23,1.0454,19,0.22,1.0,5070,0.24,1.0909,4,0.225,1.0227,1444,0
SPY190724C300,2019-07-22,2019-07-22 09:47:56,0.23,1.0454,19,0.22,1.0,4242,0.24,1.0909,4,0.225,1.0227,1444,0
SPY190724C300,2019-07-22,2019-07-22 09:47:57,0.23,1.0454,19,0.22,1.0,5245,0.24,1.0909,4,0.225,1.0227,1444,0
SPY190724C300,2019-07-22,2019-07-22 09:47:57,0.23,1.0454,19,0.22,1.0,3515,0.24,1.0909,4,0.225,1.0227,1444,0
SPY190724C300,2019-07-22,2019-07-22 09:47:58,0.23,1.0454,80,0.22,1.0,3278,0.24,1.0909,4,0.225,1.0227,1444,0
SPY190724C300,2019-07-22,2019-07-22 09:47:58,0.23,1.0454,19,0.22,1.0,5113,0.24,1.0909,4,0.225,1.0227,1444,0
SPY190724C300,2019-07-22,2019-07-22 09:47:59,0.23,1.0454,81,0.22,1.0,4665,0.24,1.0909,4,0.225,1.0227,1444,0
SPY190724C300,2019-07-22,2019-07-22 09:47:59,0.23,1.0454,80,0.22,1.0,4665,0.24,1.0909,4,0.225,1.0227,1444,0
SPY190724C300,2019-07-22,2019-07-22 09:48:00,0.23,1.0454,19,0.22,1.0,4951,0.24,1.0909,4,0.225,1.0227,1444,0
SPY190724C300,2019-07-22,2019-07-22 09:48:00,0.23,1.0454,81,0.22,1.0,4801,0.24,1.0909,4,0.225,1.0227,1444,0
SPY190724C300,2019-07-22,2019-07-22 09:48:01,0.23,1.0454,19,0.22,1.0,3979,0.24,1.0909,4,0.225,1.0227,1444,0
SPY190724C300,2019-07-22,2019-07-22 09:48:02,0.23,1.0454,91,0.22,1.0,4910,0.24,1.0909,4,0.225,1.0227,1444,0
SPY190724C300,2019-07-22,2019-07-22 09:48:02,0.23,1.0454,19,0.22,1.0,5026,0.24,1.0909,4,0.225,1.0227,1444,0
SPY190724C300,2019-07-22,2019-07-22 09:48:03,0.23,1.0454,81,0.22,1.0,4910,0.24,1.0909,4,0.225,1.0227,1444,0
SPY190724C300,2019-07-22,2019-07-22 09:48:03,0.23,1.0454,19,0.22,1.0,4910,0.24,1.0909,4,0.225,1.0227,1444,0
SPY190724C300,2019-07-22,2019-07-22 09:48:04,0.23,1.0454,140,0.22,1.0,4910,0.24,1.0909,4,0.225,1.0227,1444,0
SPY190724C300,2019-07-22,2019-07-22 09:48:05,0.23,1.0454,108,0.22,1.0,4910,0.22,1.0,32,0.225,1.0227,1476,32
SPY190724C300,2019-07-22,2019-07-22 09:48:05,0.23,1.0454,108,0.22,1.0,3490,0.22,1.0,27,0.225,1.0227,1503,27
SPY190724C300,2019-07-22,2019-07-22 09:48:06,0.23,1.0454,108,0.22,1.0,4924,0.23,1.0454,21,0.225,1.0227,1524,21
SPY190724C300,2019-07-22,2019-07-22 09:48:07,0.23,1.0454,48,0.22,1.0,4901,0.22,1.0,12,0.225,1.0227,1536,0
SPY190724C300,2019-07-22,2019-07-22 09:48:07,0.23,1.0454,48,0.22,1.0,4924,0.22,1.0,12,0.225,1.0227,1536,12
SPY190724C300,2019-07-22,2019-07-22 09:48:08,0.24,1.0909,1846,0.23,1.0454,477,0.23,1.0454,10,0.235,1.0681,1766,120
SPY190724C300,2019-07-22,2019-07-22 09:48:08,0.24,1.0909,2808,0.23,1.0454,477,0.23,1.0454,20,0.235,1.0681,1646,110
SPY190724C300,2019-07-22,2019-07-22 09:48:09,0.24,1.0909,2038,0.23,1.0454,538,0.23,1.0454,10,0.235,1.0681,1766,0
SPY190724C300,2019-07-22,2019-07-22 09:48:09,0.24,1.0909,2028,0.23,1.0454,563,0.23,1.0454,10,0.235,1.0681,1766,0
SPY190724C300,2019-07-22,2019-07-22 09:48:10,0.24,1.0909,2028,0.23,1.0454,563,0.23,1.0454,10,0.235,1.0681,1766,0
SPY190724C300,2019-07-22,2019-07-22 09:48:10,0.24,1.0909,1801,0.23,1.0454,817,0.23,1.0454,20,0.235,1.0681,1806,40
SPY190724C300,2019-07-22,2019-07-22 09:48:11,0.24,1.0909,1410,0.23,1.0454,817,0.23,1.0454,125,0.235,1.0681,2071,265
SPY190724C300,2019-07-22,2019-07-22 09:48:12,0.24,1.0909,1410,0.23,1.0454,872,0.23,1.0454,140,0.235,1.0681,2226,155
SPY190724C300,2019-07-22,2019-07-22 09:48:12,0.24,1.0909,1436,0.23,1.0454,1175,0.23,1.0454,15,0.235,1.0681,2366,140
SPY190724C300,2019-07-22,2019-07-22 09:48:13,0.24,1.0909,2209,0.23,1.0454,1498,0.23,1.0454,100,0.235,1.0681,2466,0
SPY190724C300,2019-07-22,2019-07-22 09:48:13,0.24,1.0909,1939,0.23,1.0454,1540,0.23,1.0454,100,0.235,1.0681,2466,100
SPY190724C300,2019-07-22,2019-07-22 09:48:14,0.24,1.0909,2318,0.23,1.0454,1918,0.23,1.0454,100,0.235,1.0681,2466,0
SPY190724C300,2019-07-22,2019-07-22 09:48:14,0.24,1.0909,2832,0.23,1.0454,1918,0.23,1.0454,100,0.235,1.0681,2466,0
SPY190724C300,2019-07-22,2019-07-22 09:48:15,0.24,1.0909,1949,0.23,1.0454,1498,0.23,1.0454,100,0.235,1.0681,2466,0
SPY190724C300,2019-07-22,2019-07-22 09:48:15,0.24,1.0909,2889,0.23,1.0454,1629,0.23,1.0454,100,0.235,1.0681,2466,0
SPY190724C300,2019-07-22,2019-07-22 09:48:16,0.24,1.0909,1299,0.23,1.0454,1018,0.23,1.0454,100,0.235,1.0681,2466,0
SPY190724C300,2019-07-22,2019-07-22 09:48:16,0.24,1.0909,836,0.23,1.0454,2872,0.23,1.0454,100,0.235,1.0681,2466,0
SPY190724C300,2019-07-22,2019-07-22 09:48:17,0.24,1.0909,836,0.23,1.0454,3126,0.23,1.0454,100,0.235,1.0681,2466,0
SPY190724C300,2019-07-22,2019-07-22 09:48:18,0.24,1.0909,705,0.23,1.0454,2094,0.23,1.0454,100,0.235,1.0681,2466,0
SPY190724C300,2019-07-22,2019-07-22 09:48:18,0.24,1.0909,836,0.23,1.0454,3126,0.23,1.0454,100,0.235,1.0681,2466,0
SPY190724C300,2019-07-22,2019-07-22 09:48:19,0.24,1.0909,1027,0.23,1.0454,1691,0.23,1.0454,100,0.235,1.0681,2466,0
SPY190724C300,2019-07-22,2019-07-22 09:48:19,0.24,1.0909,1027,0.23,1.0454,3814,0.23,1.0454,100,0.235,1.0681,2466,0
SPY190724C300,2019-07-22,2019-07-22 09:48:20,0.24,1.0909,1024,0.23,1.0454,3814,0.23,1.0454,100,0.235,1.0681,2466,0
SPY190724C300,2019-07-22,2019-07-22 09:48:20,0.24,1.0909,835,0.23,1.0454,2722,0.23,1.0454,100,0.235,1.0681,2466,0
SPY190724C300,2019-07-22,2019-07-22 09:48:21,0.24,1.0909,1066,0.23,1.0454,3850,0.23,1.0454,100,0.235,1.0681,2466,0
SPY190724C300,2019-07-22,2019-07-22 09:48:22,0.24,1.0909,893,0.23,1.0454,3102,0.23,1.0454,100,0.235,1.0681,2466,0
SPY190724C300,2019-07-22,2019-07-22 09:48:22,0.24,1.0909,564,0.23,1.0454,3102,0.23,1.0454,100,0.235,1.0681,2466,0
SPY190724C300,2019-07-22,2019-07-22 09:48:23,0.24,1.0909,425,0.23,1.0454,3102,0.23,1.0454,100,0.235,1.0681,2466,0
SPY190724C300,2019-07-22,2019-07-22 09:48:23,0.24,1.0909,405,0.23,1.0454,3069,0.23,1.0454,100,0.235,1.0681,2466,0
SPY190724C300,2019-07-22,2019-07-22 09:48:24,0.24,1.0909,405,0.23,1.0454,4257,0.23,1.0454,100,0.235,1.0681,2466,0
SPY190724C300,2019-07-22,2019-07-22 09:48:25,0.24,1.0909,1012,0.23,1.0454,4414,0.23,1.0454,100,0.235,1.0681,2466,0
SPY190724C300,2019-07-22,2019-07-22 09:48:26,0.24,1.0909,1012,0.23,1.0454,4414,0.23,1.0454,100,0.235,1.0681,2466,0
SPY190724C300,2019-07-22,2019-07-22 09:48:27,0.24,1.0909,405,0.23,1.0454,4422,0.23,1.0454,100,0.235,1.0681,2466,0
SPY190724C300,2019-07-22,2019-07-22 09:48:27,0.24,1.0909,1012,0.23,1.0454,4414,0.23,1.0454,100,0.235,1.0681,2466,0
SPY190724C300,2019-07-22,2019-07-22 09:48:28,0.24,1.0909,405,0.23,1.0454,2972,0.23,1.0454,100,0.235,1.0681,2466,0
SPY190724C300,2019-07-22,2019-07-22 09:48:28,0.24,1.0909,405,0.23,1.0454,4434,0.23,1.0454,100,0.235,1.0681,2466,0
SPY190724C300,2019-07-22,2019-07-22 09:48:29,0.24,1.0909,745,0.23,1.0454,618,0.23,1.0454,100,0.235,1.0681,2466,0
SPY190724C300,2019-07-22,2019-07-22 09:48:29,0.24,1.0909,1,0.23,1.0454,4065,0.23,1.0454,100,0.235,1.0681,2466,0
SPY190724C300,2019-07-22,2019-07-22 09:48:30,0.24,1.0909,1546,0.23,1.0454,1209,0.24,1.0909,2,0.235,1.0681,2468,2
SPY190724C300,2019-07-22,2019-07-22 09:48:30,0.24,1.0909,1549,0.23,1.0454,1200,0.23,1.0454,100,0.235,1.0681,2466,0
SPY190724C300,2019-07-22,2019-07-22 09:48:31,0.24,1.0909,1546,0.23,1.0454,1811,0.24,1.0909,2,0.235,1.0681,2468,0
SPY190724C300,2019-07-22,2019-07-22 09:48:32,0.24,1.0909,980,0.23,1.0454,868,0.24,1.0909,2,0.235,1.0681,2468,0
SPY190724C300,2019-07-22,2019-07-22 09:48:32,0.24,1.0909,684,0.23,1.0454,932,0.24,1.0909,2,0.235,1.0681,2468,0
SPY190724C300,2019-07-22,2019-07-22 09:48:33,0.24,1.0909,1398,0.23,1.0454,868,0.24,1.0909,2,0.235,1.0681,2468,0
SPY190724C300,2019-07-22,2019-07-22 09:48:34,0.24,1.0909,438,0.23,1.0454,2769,0.24,1.0909,2,0.235,1.0681,2468,0
SPY190724C300,2019-07-22,2019-07-22 09:48:34,0.24,1.0909,438,0.23,1.0454,2944,0.24,1.0909,2,0.235,1.0681,2468,0
SPY190724C300,2019-07-22,2019-07-22 09:48:35,0.24,1.0909,405,0.23,1.0454,3390,0.24,1.0909,2,0.235,1.0681,2468,0
SPY190724C300,2019-07-22,2019-07-22 09:48:35,0.24,1.0909,405,0.23,1.0454,2986,0.24,1.0909,2,0.235,1.0681,2468,0
SPY190724C300,2019-07-22,2019-07-22 09:48:36,0.24,1.0909,80,0.23,1.0454,3728,0.24,1.0909,2,0.235,1.0681,2468,0
SPY190724C300,2019-07-22,2019-07-22 09:48:36,0.24,1.0909,1,0.23,1.0454,4961,0.24,1.0909,2,0.235,1.0681,2468,0
SPY190724C300,2019-07-22,2019-07-22 09:48:37,0.24,1.0909,81,0.23,1.0454,5079,0.24,1.0909,2,0.235,1.0681,2468,0
SPY190724C300,2019-07-22,2019-07-22 09:48:37,0.24,1.0909,1,0.23,1.0454,5079,0.24,1.0909,2,0.235,1.0681,2468,0
SPY190724C300,2019-07-22,2019-07-22 09:48:38,0.24,1.0909,306,0.23,1.0454,3058,0.24,1.0909,2,0.235,1.0681,2468,0
SPY190724C300,2019-07-22,2019-07-22 09:48:39,0.24,1.0909,333,0.23,1.0454,3118,0.24,1.0909,1,0.235,1.0681,2476,8
SPY190724C300,2019-07-22,2019-07-22 09:48:39,0.24,1.0909,333,0.23,1.0454,3426,0.24,1.0909,1,0.235,1.0681,2476,0
SPY190724C300,2019-07-22,2019-07-22 09:48:40,0.24,1.0909,573,0.23,1.0454,3426,0.24,1.0909,1,0.235,1.0681,2476,0
SPY190724C300,2019-07-22,2019-07-22 09:48:40,0.24,1.0909,406,0.23,1.0454,3349,0.24,1.0909,1,0.235,1.0681,2476,0
SPY190724C300,2019-07-22,2019-07-22 09:48:41,0.24,1.0909,406,0.23,1.0454,3349,0.24,1.0909,1,0.235,1.0681,2476,0
SPY190724C300,2019-07-22,2019-07-22 09:48:41,0.24,1.0909,437,0.23,1.0454,3349,0.24,1.0909,1,0.235,1.0681,2476,0
SPY190724C300,2019-07-22,2019-07-22 09:48:42,0.24,1.0909,406,0.23,1.0454,3517,0.24,1.0909,5,0.235,1.0681,2484,8
SPY190724C300,2019-07-22,2019-07-22 09:48:42,0.24,1.0909,406,0.23,1.0454,3698,0.24,1.0909,1,0.235,1.0681,2476,0
SPY190724C300,2019-07-22,2019-07-22 09:48:43,0.24,1.0909,406,0.23,1.0454,3517,0.24,1.0909,5,0.235,1.0681,2484,0
SPY190724C300,2019-07-22,2019-07-22 09:48:44,0.24,1.0909,306,0.23,1.0454,3517,0.24,1.0909,5,0.235,1.0681,2484,0
SPY190724C300,2019-07-22,2019-07-22 09:48:45,0.24,1.0909,306,0.23,1.0454,4854,0.24,1.0909,5,0.235,1.0681,2484,0
SPY190724C300,2019-07-22,2019-07-22 09:48:45,0.24,1.0909,306,0.23,1.0454,3969,0.24,1.0909,5,0.235,1.0681,2484,0
SPY190724C300,2019-07-22,2019-07-22 09:48:46,0.25,1.1363,3563,0.23,1.0454,4648,0.24,1.0909,1,0.24,1.0909,2485,1
SPY190724C300,2019-07-22,2019-07-22 09:48:46,0.25,1.1363,3739,0.23,1.0454,4853,0.24,1.0909,1,0.24,1.0909,2485,0
SPY190724C300,2019-07-22,2019-07-22 09:48:47,0.25,1.1363,3739,0.23,1.0454,5013,0.24,1.0909,1,0.24,1.0909,2485,0
SPY190724C300,2019-07-22,2019-07-22 09:48:47,0.25,1.1363,2003,0.24,1.0909,6,0.24,1.0909,2,0.245,1.1136,2487,2
SPY190724C300,2019-07-22,2019-07-22 09:48:48,0.24,1.0909,81,0.23,1.0454,4627,0.24,1.0909,2,0.235,1.0681,2487,0
SPY190724C300,2019-07-22,2019-07-22 09:48:48,0.25,1.1363,2334,0.23,1.0454,3706,0.24,1.0909,2,0.24,1.0909,2487,0
SPY190724C300,2019-07-22,2019-07-22 09:48:49,0.24,1.0909,81,0.23,1.0454,4612,0.24,1.0909,2,0.235,1.0681,2487,0
SPY190724C300,2019-07-22,2019-07-22 09:48:50,0.24,1.0909,81,0.23,1.0454,4640,0.24,1.0909,2,0.235,1.0681,2487,0
SPY190724C300,2019-07-22,2019-07-22 09:48:50,0.25,1.1363,3940,0.23,1.0454,4612,0.24,1.0909,2,0.24,1.0909,2487,0
SPY190724C300,2019-07-22,2019-07-22 09:48:51,0.25,1.1363,4264,0.23,1.0454,5359,0.24,1.0909,2,0.24,1.0909,2487,0
SPY190724C300,2019-07-22,2019-07-22 09:48:51,0.25,1.1363,2857,0.23,1.0454,5076,0.24,1.0909,2,0.24,1.0909,2487,0
SPY190724C300,2019-07-22,2019-07-22 09:48:52,0.25,1.1363,4082,0.23,1.0454,5357,0.24,1.0909,2,0.24,1.0909,2487,0
SPY190724C300,2019-07-22,2019-07-22 09:48:53,0.25,1.1363,1863,0.24,1.0909,467,0.24,1.0909,40,0.245,1.1136,2527,0
SPY190724C300,2019-07-22,2019-07-22 09:48:53,0.25,1.1363,2565,0.23,1.0454,5357,0.24,1.0909,40,0.24,1.0909,2527,40
SPY190724C300,2019-07-22,2019-07-22 09:48:54,0.25,1.1363,1882,0.24,1.0909,782,0.24,1.0909,40,0.245,1.1136,2527,0
SPY190724C300,2019-07-22,2019-07-22 09:48:55,0.25,1.1363,2014,0.23,1.0454,3896,0.24,1.0909,40,0.24,1.0909,2527,0
SPY190724C300,2019-07-22,2019-07-22 09:48:55,0.25,1.1363,1844,0.23,1.0454,3438,0.24,1.0909,40,0.24,1.0909,2527,0
SPY190724C300,2019-07-22,2019-07-22 09:48:56,0.25,1.1363,2451,0.24,1.0909,151,0.24,1.0909,40,0.245,1.1136,2527,0
SPY190724C300,2019-07-22,2019-07-22 09:48:56,0.25,1.1363,3476,0.24,1.0909,151,0.24,1.0909,40,0.245,1.1136,2527,0
SPY190724C300,2019-07-22,2019-07-22 09:48:57,0.25,1.1363,2641,0.24,1.0909,151,0.24,1.0909,40,0.245,1.1136,2527,0
SPY190724C300,2019-07-22,2019-07-22 09:48:58,0.25,1.1363,2807,0.24,1.0909,1,0.24,1.0909,40,0.245,1.1136,2527,0
SPY190724C300,2019-07-22,2019-07-22 09:48:59,0.25,1.1363,3164,0.24,1.0909,262,0.24,1.0909,40,0.245,1.1136,2527,0
SPY190724C300,2019-07-22,2019-07-22 09:48:59,0.25,1.1363,3956,0.24,1.0909,1,0.24,1.0909,40,0.245,1.1136,2527,0
SPY190724C300,2019-07-22,2019-07-22 09:49:00,0.25,1.1363,3756,0.24,1.0909,262,0.24,1.0909,40,0.245,1.1136,2527,0
SPY190724C300,2019-07-22,2019-07-22 09:49:00,0.25,1.1363,3035,0.24,1.0909,267,0.24,1.0909,40,0.245,1.1136,2527,0
SPY190724C300,2019-07-22,2019-07-22 09:49:01,0.25,1.1363,3585,0.24,1.0909,398,0.24,1.0909,40,0.245,1.1136,2527,0
SPY190724C300,2019-07-22,2019-07-22 09:49:01,0.25,1.1363,2013,0.24,1.0909,342,0.24,1.0909,40,0.245,1.1136,2527,0
SPY190724C300,2019-07-22,2019-07-22 09:49:02,0.25,1.1363,1959,0.24,1.0909,581,0.24,1.0909,40,0.245,1.1136,2527,0
SPY190724C300,2019-07-22,2019-07-22 09:49:02,0.25,1.1363,1946,0.24,1.0909,309,0.24,1.0909,40,0.245,1.1136,2527,0
SPY190724C300,2019-07-22,2019-07-22 09:49:03,0.25,1.1363,2647,0.24,1.0909,272,0.24,1.0909,40,0.245,1.1136,2527,0
SPY190724C300,2019-07-22,2019-07-22 09:49:03,0.25,1.1363,2632,0.24,1.0909,272,0.24,1.0909,40,0.245,1.1136,2527,0
SPY190724C300,2019-07-22,2019-07-22 09:49:04,0.25,1.1363,2737,0.24,1.0909,267,0.24,1.0909,40,0.245,1.1136,2527,0
SPY190724C300,2019-07-22,2019-07-22 09:49:05,0.25,1.1363,3047,0.24,1.0909,267,0.24,1.0909,40,0.245,1.1136,2527,0
SPY190724C300,2019-07-22,2019-07-22 09:49:06,0.25,1.1363,1755,0.24,1.0909,2010,0.25,1.1363,160,0.245,1.1136,2687,160
SPY190724C300,2019-07-22,2019-07-22 09:49:06,0.25,1.1363,1857,0.24,1.0909,1445,0.24,1.0909,40,0.245,1.1136,2527,0
SPY190724C300,2019-07-22,2019-07-22 09:49:07,0.25,1.1363,1765,0.24,1.0909,1982,0.25,1.1363,160,0.245,1.1136,2687,0
SPY190724C300,2019-07-22,2019-07-22 09:49:08,0.25,1.1363,2635,0.24,1.0909,3109,0.25,1.1363,160,0.245,1.1136,2687,0
SPY190724C300,2019-07-22,2019-07-22 09:49:08,0.25,1.1363,2651,0.24,1.0909,2742,0.24,1.0909,2,0.245,1.1136,2689,2
SPY190724C300,2019-07-22,2019-07-22 09:49:09,0.25,1.1363,2660,0.24,1.0909,3267,0.24,1.0909,2,0.245,1.1136,2689,0
SPY190724C300,2019-07-22,2019-07-22 09:49:09,0.25,1.1363,2220,0.24,1.0909,3686,0.24,1.0909,2,0.245,1.1136,2689,0
SPY190724C300,2019-07-22,2019-07-22 09:49:10,0.25,1.1363,1996,0.24,1.0909,2813,0.24,1.0909,2,0.245,1.1136,2689,0
SPY190724C300,2019-07-22,2019-07-22 09:49:10,0.25,1.1363,2881,0.24,1.0909,2959,0.24,1.0909,2,0.245,1.1136,2689,0
SPY190724C300,2019-07-22,2019-07-22 09:49:11,0.25,1.1363,1755,0.24,1.0909,1955,0.24,1.0909,2,0.245,1.1136,2689,0
SPY190724C300,2019-07-22,2019-07-22 09:49:12,0.25,1.1363,489,0.24,1.0909,2118,0.24,1.0909,2,0.245,1.1136,2689,0
SPY190724C300,2019-07-22,2019-07-22 09:49:12,0.25,1.1363,1634,0.24,1.0909,2113,0.24,1.0909,2,0.245,1.1136,2689,0
SPY190724C300,2019-07-22,2019-07-22 09:49:13,0.25,1.1363,1265,0.24,1.0909,2992,0.24,1.0909,2,0.245,1.1136,2689,0
SPY190724C300,2019-07-22,2019-07-22 09:49:14,0.25,1.1363,1771,0.24,1.0909,2146,0.24,1.0909,2,0.245,1.1136,2689,0
SPY190724C300,2019-07-22,2019-07-22 09:49:14,0.25,1.1363,1824,0.24,1.0909,2146,0.24,1.0909,2,0.245,1.1136,2689,0
SPY190724C300,2019-07-22,2019-07-22 09:49:15,0.25,1.1363,1824,0.24,1.0909,2146,0.24,1.0909,2,0.245,1.1136,2689,0
SPY190724C300,2019-07-22,2019-07-22 09:49:15,0.25,1.1363,2629,0.24,1.0909,3017,0.24,1.0909,2,0.245,1.1136,2689,0
SPY190724C300,2019-07-22,2019-07-22 09:49:16,0.25,1.1363,2629,0.24,1.0909,3017,0.24,1.0909,2,0.245,1.1136,2689,0
SPY190724C300,2019-07-22,2019-07-22 09:49:17,0.25,1.1363,2629,0.24,1.0909,3096,0.24,1.0909,2,0.245,1.1136,2689,0
SPY190724C300,2019-07-22,2019-07-22 09:49:17,0.25,1.1363,2629,0.24,1.0909,3017,0.24,1.0909,2,0.245,1.1136,2689,0
SPY190724C300,2019-07-22,2019-07-22 09:49:18,0.25,1.1363,1649,0.24,1.0909,1807,0.24,1.0909,2,0.245,1.1136,2689,0
SPY190724C300,2019-07-22,2019-07-22 09:49:18,0.25,1.1363,2011,0.24,1.0909,812,0.24,1.0909,2,0.245,1.1136,2689,0
SPY190724C300,2019-07-22,2019-07-22 09:49:19,0.25,1.1363,1829,0.24,1.0909,1955,0.24,1.0909,2,0.245,1.1136,2689,0
SPY190724C300,2019-07-22,2019-07-22 09:49:19,0.25,1.1363,1916,0.24,1.0909,1960,0.24,1.0909,2,0.245,1.1136,2689,0
SPY190724C300,2019-07-22,2019-07-22 09:49:20,0.25,1.1363,2061,0.24,1.0909,754,0.24,1.0909,2,0.245,1.1136,2689,0
SPY190724C300,2019-07-22,2019-07-22 09:49:21,0.25,1.1363,1961,0.24,1.0909,514,0.24,1.0909,2,0.245,1.1136,2689,0
SPY190724C300,2019-07-22,2019-07-22 09:49:21,0.25,1.1363,1961,0.24,1.0909,519,0.24,1.0909,2,0.245,1.1136,2689,0
SPY190724C300,2019-07-22,2019-07-22 09:49:22,0.25,1.1363,3341,0.24,1.0909,298,0.24,1.0909,2,0.245,1.1136,2698,9
SPY190724C300,2019-07-22,2019-07-22 09:49:23,0.25,1.1363,4035,0.24,1.0909,296,0.24,1.0909,2,0.245,1.1136,2702,0
SPY190724C300,2019-07-22,2019-07-22 09:49:23,0.25,1.1363,4330,0.24,1.0909,296,0.24,1.0909,2,0.245,1.1136,2702,4
SPY190724C300,2019-07-22,2019-07-22 09:49:24,0.25,1.1363,4084,0.24,1.0909,296,0.24,1.0909,2,0.245,1.1136,2702,0
SPY190724C300,2019-07-22,2019-07-22 09:49:24,0.25,1.1363,4082,0.24,1.0909,294,0.24,1.0909,2,0.245,1.1136,2702,0
SPY190724C300,2019-07-22,2019-07-22 09:49:25,0.25,1.1363,4057,0.24,1.0909,453,0.24,1.0909,2,0.245,1.1136,2702,0
SPY190724C300,2019-07-22,2019-07-22 09:49:25,0.25,1.1363,2929,0.24,1.0909,453,0.24,1.0909,2,0.245,1.1136,2702,0
SPY190724C300,2019-07-22,2019-07-22 09:49:26,0.25,1.1363,1847,0.24,1.0909,1374,0.24,1.0909,2,0.245,1.1136,2702,0
SPY190724C300,2019-07-22,2019-07-22 09:49:26,0.25,1.1363,2422,0.24,1.0909,1374,0.24,1.0909,2,0.245,1.1136,2702,0
SPY190724C300,2019-07-22,2019-07-22 09:49:27,0.25,1.1363,1542,0.24,1.0909,1010,0.24,1.0909,2,0.245,1.1136,2702,0
SPY190724C300,2019-07-22,2019-07-22 09:49:28,0.25,1.1363,2218,0.24,1.0909,474,0.24,1.0909,2,0.245,1.1136,2702,0
SPY190724C300,2019-07-22,2019-07-22 09:49:29,0.25,1.1363,1721,0.24,1.0909,2176,0.24,1.0909,2,0.245,1.1136,2702,0
SPY190724C300,2019-07-22,2019-07-22 09:49:29,0.25,1.1363,2218,0.24,1.0909,1914,0.24,1.0909,2,0.245,1.1136,2702,0
SPY190724C300,2019-07-22,2019-07-22 09:49:30,0.25,1.1363,1721,0.24,1.0909,2296,0.24,1.0909,2,0.245,1.1136,2702,0
SPY190724C300,2019-07-22,2019-07-22 09:49:30,0.25,1.1363,1721,0.24,1.0909,2764,0.24,1.0909,2,0.245,1.1136,2702,0
SPY190724C300,2019-07-22,2019-07-22 09:49:31,0.25,1.1363,1793,0.24,1.0909,2387,0.25,1.1363,20,0.245,1.1136,2722,20
SPY190724C300,2019-07-22,2019-07-22 09:49:31,0.25,1.1363,1721,0.24,1.0909,2813,0.24,1.0909,2,0.245,1.1136,2702,0
SPY190724C300,2019-07-22,2019-07-22 09:49:32,0.25,1.1363,805,0.24,1.0909,1642,0.25,1.1363,20,0.245,1.1136,2722,0
SPY190724C300,2019-07-22,2019-07-22 09:49:32,0.25,1.1363,805,0.24,1.0909,3377,0.25,1.1363,20,0.245,1.1136,2722,0
SPY190724C300,2019-07-22,2019-07-22 09:49:33,0.25,1.1363,1152,0.24,1.0909,4175,0.25,1.1363,20,0.245,1.1136,2722,0
SPY190724C300,2019-07-22,2019-07-22 09:49:34,0.25,1.1363,1152,0.24,1.0909,4175,0.25,1.1363,20,0.245,1.1136,2722,0
SPY190724C300,2019-07-22,2019-07-22 09:49:34,0.25,1.1363,909,0.24,1.0909,2636,0.25,1.1363,20,0.245,1.1136,2722,0
SPY190724C300,2019-07-22,2019-07-22 09:49:35,0.25,1.1363,420,0.24,1.0909,3192,0.25,1.1363,20,0.245,1.1136,2722,0
SPY190724C300,2019-07-22,2019-07-22 09:49:35,0.25,1.1363,423,0.24,1.0909,4445,0.25,1.1363,20,0.245,1.1136,2722,0
SPY190724C300,2019-07-22,2019-07-22 09:49:36,0.25,1.1363,506,0.24,1.0909,3110,0.25,1.1363,20,0.245,1.1136,2722,0
SPY190724C300,2019-07-22,2019-07-22 09:49:36,0.25,1.1363,506,0.24,1.0909,3264,0.25,1.1363,20,0.245,1.1136,2722,0
SPY190724C300,2019-07-22,2019-07-22 09:49:37,0.25,1.1363,506,0.24,1.0909,3281,0.25,1.1363,20,0.245,1.1136,2722,0
SPY190724C300,2019-07-22,2019-07-22 09:49:38,0.25,1.1363,560,0.24,1.0909,1134,0.25,1.1363,20,0.245,1.1136,2722,0
SPY190724C300,2019-07-22,2019-07-22 09:49:39,0.25,1.1363,1585,0.24,1.0909,3250,0.25,1.1363,20,0.245,1.1136,2722,0
SPY190724C300,2019-07-22,2019-07-22 09:49:39,0.25,1.1363,1006,0.24,1.0909,3635,0.25,1.1363,20,0.245,1.1136,2722,0
SPY190724C300,2019-07-22,2019-07-22 09:49:40,0.25,1.1363,1187,0.24,1.0909,3405,0.25,1.1363,20,0.245,1.1136,2722,0
SPY190724C300,2019-07-22,2019-07-22 09:49:40,0.25,1.1363,1149,0.24,1.0909,888,0.25,1.1363,20,0.245,1.1136,2722,0
SPY190724C300,2019-07-22,2019-07-22 09:49:41,0.25,1.1363,1300,0.24,1.0909,2645,0.25,1.1363,20,0.245,1.1136,2722,0
SPY190724C300,2019-07-22,2019-07-22 09:49:42,0.25,1.1363,1995,0.24,1.0909,2952,0.25,1.1363,20,0.245,1.1136,2722,0
SPY190724C300,2019-07-22,2019-07-22 09:49:42,0.25,1.1363,2386,0.24,1.0909,2952,0.25,1.1363,20,0.245,1.1136,2722,0
SPY190724C300,2019-07-22,2019-07-22 09:49:43,0.25,1.1363,2386,0.24,1.0909,2952,0.25,1.1363,20,0.245,1.1136,2722,0
SPY190724C300,2019-07-22,2019-07-22 09:49:43,0.25,1.1363,2304,0.24,1.0909,3246,0.25,1.1363,20,0.245,1.1136,2722,0
SPY190724C300,2019-07-22,2019-07-22 09:49:44,0.25,1.1363,2304,0.24,1.0909,2920,0.25,1.1363,20,0.245,1.1136,2722,0
SPY190724C300,2019-07-22,2019-07-22 09:49:44,0.25,1.1363,2304,0.24,1.0909,3246,0.25,1.1363,20,0.245,1.1136,2722,0
SPY190724C300,2019-07-22,2019-07-22 09:49:45,0.25,1.1363,2304,0.24,1.0909,2920,0.25,1.1363,20,0.245,1.1136,2722,0
SPY190724C300,2019-07-22,2019-07-22 09:49:46,0.25,1.1363,2304,0.24,1.0909,3174,0.25,1.1363,20,0.245,1.1136,2722,0
SPY190724C300,2019-07-22,2019-07-22 09:49:46,0.25,1.1363,2304,0.24,1.0909,2920,0.25,1.1363,20,0.245,1.1136,2722,0
SPY190724C300,2019-07-22,2019-07-22 09:49:47,0.25,1.1363,2304,0.24,1.0909,3174,0.25,1.1363,20,0.245,1.1136,2722,0
SPY190724C300,2019-07-22,2019-07-22 09:49:47,0.25,1.1363,2261,0.24,1.0909,3476,0.25,1.1363,20,0.245,1.1136,2722,0
SPY190724C300,2019-07-22,2019-07-22 09:49:48,0.25,1.1363,1875,0.24,1.0909,2396,0.25,1.1363,20,0.245,1.1136,2722,0
SPY190724C300,2019-07-22,2019-07-22 09:49:48,0.25,1.1363,2261,0.24,1.0909,3476,0.25,1.1363,20,0.245,1.1136,2722,0
SPY190724C300,2019-07-22,2019-07-22 09:49:49,0.25,1.1363,1818,0.24,1.0909,2102,0.25,1.1363,20,0.245,1.1136,2722,0
SPY190724C300,2019-07-22,2019-07-22 09:49:49,0.25,1.1363,1446,0.24,1.0909,2102,0.25,1.1363,20,0.245,1.1136,2722,0
SPY190724C300,2019-07-22,2019-07-22 09:49:50,0.25,1.1363,1836,0.24,1.0909,2356,0.25,1.1363,20,0.245,1.1136,2722,0
SPY190724C300,2019-07-22,2019-07-22 09:49:51,0.25,1.1363,1836,0.24,1.0909,2356,0.25,1.1363,20,0.245,1.1136,2722,0
SPY190724C300,2019-07-22,2019-07-22 09:49:52,0.25,1.1363,1836,0.24,1.0909,2356,0.25,1.1363,20,0.245,1.1136,2722,0
SPY190724C300,2019-07-22,2019-07-22 09:49:52,0.25,1.1363,2258,0.24,1.0909,3476,0.25,1.1363,20,0.245,1.1136,2722,0
SPY190724C300,2019-07-22,2019-07-22 09:49:53,0.25,1.1363,2264,0.24,1.0909,3491,0.24,1.0909,40,0.245,1.1136,2762,40
SPY190724C300,2019-07-22,2019-07-22 09:49:53,0.25,1.1363,2264,0.24,1.0909,3491,0.24,1.0909,40,0.245,1.1136,2762,0
SPY190724C300,2019-07-22,2019-07-22 09:49:54,0.25,1.1363,2267,0.24,1.0909,3482,0.24,1.0909,40,0.245,1.1136,2762,0
SPY190724C300,2019-07-22,2019-07-22 09:49:54,0.25,1.1363,2073,0.24,1.0909,2356,0.24,1.0909,40,0.245,1.1136,2762,0
SPY190724C300,2019-07-22,2019-07-22 09:49:55,0.25,1.1363,854,0.24,1.0909,3094,0.24,1.0909,1,0.245,1.1136,2763,0
SPY190724C300,2019-07-22,2019-07-22 09:49:55,0.25,1.1363,1265,0.24,1.0909,2936,0.24,1.0909,1,0.245,1.1136,2763,1
SPY190724C300,2019-07-22,2019-07-22 09:49:56,0.25,1.1363,854,0.24,1.0909,4156,0.24,1.0909,1,0.245,1.1136,2763,0
SPY190724C300,2019-07-22,2019-07-22 09:49:57,0.25,1.1363,854,0.24,1.0909,2936,0.24,1.0909,1,0.245,1.1136,2763,0
SPY190724C300,2019-07-22,2019-07-22 09:49:57,0.25,1.1363,1035,0.24,1.0909,2936,0.24,1.0909,1,0.245,1.1136,2763,0
SPY190724C300,2019-07-22,2019-07-22 09:49:58,0.25,1.1363,1289,0.24,1.0909,2693,0.24,1.0909,1,0.245,1.1136,2763,0
SPY190724C300,2019-07-22,2019-07-22 09:49:58,0.25,1.1363,1190,0.24,1.0909,2051,0.24,1.0909,1,0.245,1.1136,2763,0
SPY190724C300,2019-07-22,2019-07-22 09:49:59,0.25,1.1363,1943,0.24,1.0909,2272,0.24,1.0909,1,0.245,1.1136,2763,0
SPY190724C300,2019-07-22,2019-07-22 09:50:00,0.25,1.1363,1943,0.24,1.0909,2272,0.24,1.0909,1,0.245,1.1136,2763,0
SPY190724C300,2019-07-22,2019-07-22 09:50:01,0.25,1.1363,2001,0.24,1.0909,2125,0.24,1.0909,1,0.245,1.1136,2763,0
SPY190724C300,2019-07-22,2019-07-22 09:50:01,0.25,1.1363,2213,0.24,1.0909,3174,0.24,1.0909,1,0.245,1.1136,2763,0
SPY190724C300,2019-07-22,2019-07-22 09:50:02,0.25,1.1363,1751,0.24,1.0909,2165,0.24,1.0909,1,0.245,1.1136,2763,0
SPY190724C300,2019-07-22,2019-07-22 09:50:02,0.25,1.1363,1765,0.24,1.0909,2165,0.24,1.0909,1,0.245,1.1136,2763,0
SPY190724C300,2019-07-22,2019-07-22 09:50:03,0.25,1.1363,1751,0.24,1.0909,2165,0.24,1.0909,1,0.245,1.1136,2763,0
SPY190724C300,2019-07-22,2019-07-22 09:50:04,0.25,1.1363,1853,0.24,1.0909,2165,0.24,1.0909,1,0.245,1.1136,2763,0
SPY190724C300,2019-07-22,2019-07-22 09:50:04,0.25,1.1363,1751,0.24,1.0909,2165,0.24,1.0909,1,0.245,1.1136,2763,0
SPY190724C300,2019-07-22,2019-07-22 09:50:05,0.25,1.1363,1864,0.24,1.0909,2165,0.24,1.0909,1,0.245,1.1136,2763,0
SPY190724C300,2019-07-22,2019-07-22 09:50:05,0.25,1.1363,1865,0.24,1.0909,2165,0.24,1.0909,1,0.245,1.1136,2763,0
SPY190724C300,2019-07-22,2019-07-22 09:50:06,0.25,1.1363,1943,0.24,1.0909,2313,0.24,1.0909,1,0.245,1.1136,2763,0
SPY190724C300,2019-07-22,2019-07-22 09:50:06,0.25,1.1363,691,0.24,1.0909,1465,0.24,1.0909,1,0.245,1.1136,2763,0
SPY190724C300,2019-07-22,2019-07-22 09:50:07,0.25,1.1363,487,0.24,1.0909,670,0.24,1.0909,1,0.245,1.1136,2763,0
SPY190724C300,2019-07-22,2019-07-22 09:50:07,0.25,1.1363,1739,0.24,1.0909,3046,0.24,1.0909,1,0.245,1.1136,2763,0
SPY190724C300,2019-07-22,2019-07-22 09:50:08,0.25,1.1363,1739,0.24,1.0909,3696,0.24,1.0909,1,0.245,1.1136,2763,0
SPY190724C300,2019-07-22,2019-07-22 09:50:09,0.25,1.1363,1943,0.24,1.0909,3884,0.24,1.0909,1,0.245,1.1136,2763,0
SPY190724C300,2019-07-22,2019-07-22 09:50:10,0.25,1.1363,1866,0.24,1.0909,3470,0.24,1.0909,1,0.245,1.1136,2763,0
SPY190724C300,2019-07-22,2019-07-22 09:50:10,0.25,1.1363,1866,0.24,1.0909,3990,0.24,1.0909,1,0.245,1.1136,2763,0
SPY190724C300,2019-07-22,2019-07-22 09:50:11,0.25,1.1363,1612,0.24,1.0909,4147,0.24,1.0909,1,0.245,1.1136,2763,0
SPY190724C300,2019-07-22,2019-07-22 09:50:12,0.25,1.1363,1866,0.24,1.0909,3487,0.24,1.0909,1,0.245,1.1136,2763,0
SPY190724C300,2019-07-22,2019-07-22 09:50:12,0.25,1.1363,1987,0.24,1.0909,4031,0.24,1.0909,1,0.245,1.1136,2763,0
SPY190724C300,2019-07-22,2019-07-22 09:50:13,0.25,1.1363,1987,0.24,1.0909,4031,0.24,1.0909,1,0.245,1.1136,2763,0
SPY190724C300,2019-07-22,2019-07-22 09:50:14,0.25,1.1363,1573,0.24,1.0909,4205,0.24,1.0909,1,0.245,1.1136,2763,0
SPY190724C300,2019-07-22,2019-07-22 09:50:14,0.25,1.1363,563,0.24,1.0909,1965,0.24,1.0909,1,0.245,1.1136,2763,0
SPY190724C300,2019-07-22,2019-07-22 09:50:15,0.25,1.1363,1974,0.24,1.0909,3454,0.24,1.0909,1,0.245,1.1136,2763,0
SPY190724C300,2019-07-22,2019-07-22 09:50:15,0.25,1.1363,1974,0.24,1.0909,4154,0.24,1.0909,1,0.245,1.1136,2763,0
SPY190724C300,2019-07-22,2019-07-22 09:50:16,0.25,1.1363,1594,0.24,1.0909,4318,0.24,1.0909,1,0.245,1.1136,2763,0
SPY190724C300,2019-07-22,2019-07-22 09:50:16,0.25,1.1363,989,0.24,1.0909,4278,0.24,1.0909,1,0.245,1.1136,2763,0
SPY190724C300,2019-07-22,2019-07-22 09:50:17,0.25,1.1363,1243,0.24,1.0909,2464,0.24,1.0909,1,0.245,1.1136,2763,0
SPY190724C300,2019-07-22,2019-07-22 09:50:17,0.25,1.1363,1749,0.24,1.0909,2332,0.24,1.0909,1,0.245,1.1136,2763,0
SPY190724C300,2019-07-22,2019-07-22 09:50:18,0.25,1.1363,2077,0.24,1.0909,3440,0.24,1.0909,2,0.245,1.1136,2765,0
SPY190724C300,2019-07-22,2019-07-22 09:50:18,0.25,1.1363,1693,0.24,1.0909,3515,0.24,1.0909,2,0.245,1.1136,2765,2
SPY190724C300,2019-07-22,2019-07-22 09:50:19,0.25,1.1363,1243,0.24,1.0909,2332,0.24,1.0909,2,0.245,1.1136,2765,0
SPY190724C300,2019-07-22,2019-07-22 09:50:20,0.25,1.1363,413,0.24,1.0909,4426,0.24,1.0909,2,0.245,1.1136,2765,0
SPY190724C300,2019-07-22,2019-07-22 09:50:21,0.25,1.1363,413,0.24,1.0909,3435,0.24,1.0909,2,0.245,1.1136,2765,0
SPY190724C300,2019-07-22,2019-07-22 09:50:21,0.25,1.1363,413,0.24,1.0909,3771,0.24,1.0909,2,0.245,1.1136,2765,0
SPY190724C300,2019-07-22,2019-07-22 09:50:22,0.25,1.1363,413,0.24,1.0909,3543,0.24,1.0909,2,0.245,1.1136,2765,0
SPY190724C300,2019-07-22,2019-07-22 09:50:23,0.25,1.1363,413,0.24,1.0909,3543,0.24,1.0909,2,0.245,1.1136,2765,0
SPY190724C300,2019-07-22,2019-07-22 09:50:24,0.25,1.1363,413,0.24,1.0909,3778,0.24,1.0909,2,0.245,1.1136,2765,0
SPY190724C300,2019-07-22,2019-07-22 09:50:24,0.25,1.1363,413,0.24,1.0909,3543,0.24,1.0909,2,0.245,1.1136,2765,0
SPY190724C300,2019-07-22,2019-07-22 09:50:25,0.25,1.1363,413,0.24,1.0909,3543,0.24,1.0909,2,0.245,1.1136,2765,0
SPY190724C300,2019-07-22,2019-07-22 09:50:26,0.25,1.1363,8,0.24,1.0909,4431,0.24,1.0909,2,0.245,1.1136,2765,0
SPY190724C300,2019-07-22,2019-07-22 09:50:26,0.25,1.1363,8,0.24,1.0909,3543,0.24,1.0909,2,0.245,1.1136,2765,0
SPY190724C300,2019-07-22,2019-07-22 09:50:27,0.25,1.1363,8,0.24,1.0909,5220,0.24,1.0909,2,0.245,1.1136,2765,0
SPY190724C300,2019-07-22,2019-07-22 09:50:28,0.25,1.1363,8,0.24,1.0909,4395,0.24,1.0909,2,0.245,1.1136,2765,0
SPY190724C300,2019-07-22,2019-07-22 09:50:29,0.25,1.1363,8,0.24,1.0909,5921,0.24,1.0909,2,0.245,1.1136,2765,0
