symbol,Date,quote_time,ask_price,norm_ask_price,ask_size,bid_price,norm_bid_price,bid_size,last_trade_price,norm_last_trade_price,last_trade_size,mark_price,norm_mark_price,volume,Volume
SPY190805P293,2019-08-02,2019-08-02 09:30:12,1.46,1.0,60,1.41,0.9657,5,1.4,0.9589,5,1.435,0.9828,17,17
SPY190805P293,2019-08-02,2019-08-02 09:30:36,1.42,0.9726,5,1.39,0.952,100,1.38,0.9452,2,1.405,0.9623,39,22
SPY190805P293,2019-08-02,2019-08-02 09:30:42,1.44,0.9863,5,1.4,0.9589,98,1.38,0.9452,2,1.42,0.9726,39,0
SPY190805P293,2019-08-02,2019-08-02 09:30:49,1.46,1.0,5,1.42,0.9726,198,1.42,0.9726,1,1.44,0.9863,41,2
SPY190805P293,2019-08-02,2019-08-02 09:30:53,1.47,1.0068,100,1.43,0.9794,5,1.47,1.0068,200,1.45,0.9931,241,200
SPY190805P293,2019-08-02,2019-08-02 09:30:55,1.46,1.0,100,1.42,0.9726,50,1.47,1.0068,200,1.44,0.9863,241,0
SPY190805P293,2019-08-02,2019-08-02 09:30:56,1.46,1.0,110,1.42,0.9726,25,1.46,1.0,20,1.44,0.9863,261,20
SPY190805P293,2019-08-02,2019-08-02 09:30:58,1.46,1.0,10,1.42,0.9726,115,1.46,1.0,20,1.44,0.9863,261,0
SPY190805P293,2019-08-02,2019-08-02 09:30:59,1.46,1.0,6,1.43,0.9794,5,1.46,1.0,20,1.445,0.9897,261,0
SPY190805P293,2019-08-02,2019-08-02 09:31:00,1.46,1.0,5,1.44,0.9863,1,1.46,1.0,20,1.45,0.9931,261,0
SPY190805P293,2019-08-02,2019-08-02 09:31:01,1.46,1.0,5,1.44,0.9863,1,1.46,1.0,20,1.45,0.9931,261,0
SPY190805P293,2019-08-02,2019-08-02 09:31:02,1.5,1.0273,101,1.47,1.0068,50,1.44,0.9863,50,1.485,1.0171,311,50
SPY190805P293,2019-08-02,2019-08-02 09:31:03,1.5,1.0273,1,1.47,1.0068,50,1.44,0.9863,50,1.485,1.0171,311,0
SPY190805P293,2019-08-02,2019-08-02 09:31:04,1.5,1.0273,1,1.47,1.0068,271,1.44,0.9863,50,1.485,1.0171,311,0
SPY190805P293,2019-08-02,2019-08-02 09:31:05,1.55,1.0616,60,1.48,1.0136,75,1.5,1.0273,1,1.515,1.0376,312,1
SPY190805P293,2019-08-02,2019-08-02 09:31:07,1.53,1.0479,112,1.49,1.0205,50,1.49,1.0205,4,1.51,1.0342,316,4
SPY190805P293,2019-08-02,2019-08-02 09:31:08,1.57,1.0753,26,1.51,1.0342,472,1.49,1.0205,4,1.54,1.0547,316,0
SPY190805P293,2019-08-02,2019-08-02 09:31:11,1.58,1.0821,38,1.53,1.0479,50,1.49,1.0205,4,1.555,1.065,316,0
SPY190805P293,2019-08-02,2019-08-02 09:31:12,1.6,1.0958,50,1.55,1.0616,360,1.49,1.0205,4,1.575,1.0787,316,0
SPY190805P293,2019-08-02,2019-08-02 09:31:13,1.61,1.1027,10,1.56,1.0684,5,1.49,1.0205,4,1.585,1.0856,316,0
SPY190805P293,2019-08-02,2019-08-02 09:31:14,1.61,1.1027,63,1.56,1.0684,50,1.49,1.0205,4,1.585,1.0856,316,0
SPY190805P293,2019-08-02,2019-08-02 09:31:15,1.61,1.1027,60,1.56,1.0684,50,1.49,1.0205,4,1.585,1.0856,316,0
SPY190805P293,2019-08-02,2019-08-02 09:31:16,1.66,1.1369,19,1.59,1.089,50,1.49,1.0205,4,1.625,1.113,316,0
SPY190805P293,2019-08-02,2019-08-02 09:31:18,1.66,1.1369,17,1.61,1.1027,259,1.6,1.0958,10,1.635,1.1198,326,10
SPY190805P293,2019-08-02,2019-08-02 09:31:19,1.67,1.1438,75,1.62,1.1095,469,1.6,1.0958,10,1.645,1.1267,326,0
SPY190805P293,2019-08-02,2019-08-02 09:31:20,1.7,1.1643,50,1.64,1.1232,461,1.67,1.1438,2,1.67,1.1438,328,2
SPY190805P293,2019-08-02,2019-08-02 09:31:21,1.7,1.1643,10,1.66,1.1369,50,1.67,1.1438,2,1.68,1.1506,328,0
SPY190805P293,2019-08-02,2019-08-02 09:31:24,1.65,1.1301,116,1.62,1.1095,5,1.65,1.1301,11,1.635,1.1198,381,53
SPY190805P293,2019-08-02,2019-08-02 09:31:25,1.64,1.1232,5,1.6,1.0958,60,1.65,1.1301,11,1.62,1.1095,381,0
SPY190805P293,2019-08-02,2019-08-02 09:31:26,1.65,1.1301,5,1.59,1.089,75,1.64,1.1232,5,1.62,1.1095,387,6
SPY190805P293,2019-08-02,2019-08-02 09:31:27,1.65,1.1301,52,1.6,1.0958,5,1.64,1.1232,5,1.625,1.113,387,0
SPY190805P293,2019-08-02,2019-08-02 09:31:29,1.6,1.0958,102,1.56,1.0684,5,1.62,1.1095,1,1.58,1.0821,388,1
SPY190805P293,2019-08-02,2019-08-02 09:31:30,1.59,1.089,3,1.55,1.0616,106,1.59,1.089,1,1.57,1.0753,389,1
SPY190805P293,2019-08-02,2019-08-02 09:31:30,1.6,1.0958,264,1.55,1.0616,109,1.59,1.089,1,1.575,1.0787,389,0
SPY190805P293,2019-08-02,2019-08-02 09:31:31,1.59,1.089,5,1.55,1.0616,5,1.59,1.089,1,1.57,1.0753,389,0
SPY190805P293,2019-08-02,2019-08-02 09:31:33,1.63,1.1164,5,1.6,1.0958,19,1.6,1.0958,1,1.615,1.1061,393,4
SPY190805P293,2019-08-02,2019-08-02 09:31:34,1.64,1.1232,49,1.6,1.0958,19,1.6,1.0958,1,1.62,1.1095,393,0
SPY190805P293,2019-08-02,2019-08-02 09:31:35,1.64,1.1232,49,1.6,1.0958,19,1.6,1.0958,1,1.62,1.1095,393,0
SPY190805P293,2019-08-02,2019-08-02 09:31:36,1.64,1.1232,5,1.6,1.0958,47,1.6,1.0958,1,1.62,1.1095,393,0
SPY190805P293,2019-08-02,2019-08-02 09:31:36,1.65,1.1301,75,1.6,1.0958,19,1.6,1.0958,1,1.625,1.113,393,0
SPY190805P293,2019-08-02,2019-08-02 09:31:38,1.63,1.1164,49,1.6,1.0958,19,1.6,1.0958,1,1.615,1.1061,393,0
SPY190805P293,2019-08-02,2019-08-02 09:31:39,1.64,1.1232,100,1.6,1.0958,19,1.62,1.1095,1,1.62,1.1095,394,1
SPY190805P293,2019-08-02,2019-08-02 09:31:40,1.63,1.1164,5,1.6,1.0958,19,1.62,1.1095,1,1.615,1.1061,394,0
SPY190805P293,2019-08-02,2019-08-02 09:31:41,1.63,1.1164,5,1.6,1.0958,19,1.62,1.1095,1,1.615,1.1061,394,0
SPY190805P293,2019-08-02,2019-08-02 09:31:42,1.61,1.1027,50,1.56,1.0684,50,1.61,1.1027,1,1.585,1.0856,414,20
SPY190805P293,2019-08-02,2019-08-02 09:31:43,1.62,1.1095,161,1.58,1.0821,1,1.58,1.0821,1,1.6,1.0958,415,1
SPY190805P293,2019-08-02,2019-08-02 09:31:43,1.61,1.1027,109,1.57,1.0753,5,1.61,1.1027,1,1.59,1.089,414,0
SPY190805P293,2019-08-02,2019-08-02 09:31:44,1.63,1.1164,5,1.59,1.089,61,1.62,1.1095,3,1.61,1.1027,418,3
SPY190805P293,2019-08-02,2019-08-02 09:31:44,1.66,1.1369,104,1.6,1.0958,50,1.58,1.0821,1,1.63,1.1164,415,0
SPY190805P293,2019-08-02,2019-08-02 09:31:45,1.65,1.1301,1,1.6,1.0958,109,1.62,1.1095,3,1.625,1.113,418,0
SPY190805P293,2019-08-02,2019-08-02 09:31:46,1.67,1.1438,150,1.6,1.0958,100,1.62,1.1095,3,1.635,1.1198,418,0
SPY190805P293,2019-08-02,2019-08-02 09:31:46,1.65,1.1301,5,1.61,1.1027,5,1.62,1.1095,3,1.63,1.1164,418,0
SPY190805P293,2019-08-02,2019-08-02 09:31:47,1.65,1.1301,5,1.61,1.1027,5,1.62,1.1095,3,1.63,1.1164,418,0
SPY190805P293,2019-08-02,2019-08-02 09:31:48,1.64,1.1232,110,1.6,1.0958,10,1.62,1.1095,3,1.62,1.1095,418,0
SPY190805P293,2019-08-02,2019-08-02 09:31:49,1.62,1.1095,100,1.58,1.0821,464,1.6,1.0958,10,1.6,1.0958,428,10
SPY190805P293,2019-08-02,2019-08-02 09:31:50,1.65,1.1301,60,1.58,1.0821,60,1.6,1.0958,10,1.615,1.1061,428,0
SPY190805P293,2019-08-02,2019-08-02 09:31:51,1.65,1.1301,5,1.57,1.0753,372,1.6,1.0958,10,1.61,1.1027,428,0
SPY190805P293,2019-08-02,2019-08-02 09:31:52,1.64,1.1232,110,1.59,1.089,100,1.6,1.0958,10,1.615,1.1061,428,0
SPY190805P293,2019-08-02,2019-08-02 09:31:54,1.6,1.0958,90,1.55,1.0616,50,1.6,1.0958,10,1.575,1.0787,428,0
SPY190805P293,2019-08-02,2019-08-02 09:31:58,1.52,1.041,50,1.47,1.0068,113,1.52,1.041,1,1.495,1.0239,544,116
SPY190805P293,2019-08-02,2019-08-02 09:32:00,1.49,1.0205,1,1.45,0.9931,10,1.52,1.041,1,1.47,1.0068,544,0
SPY190805P293,2019-08-02,2019-08-02 09:32:01,1.49,1.0205,100,1.4,0.9589,360,1.52,1.041,1,1.445,0.9897,544,0
SPY190805P293,2019-08-02,2019-08-02 09:32:03,1.47,1.0068,5,1.42,0.9726,50,1.52,1.041,1,1.445,0.9897,544,0
SPY190805P293,2019-08-02,2019-08-02 09:32:04,1.49,1.0205,272,1.43,0.9794,60,1.52,1.041,1,1.46,1.0,544,0
SPY190805P293,2019-08-02,2019-08-02 09:32:04,1.48,1.0136,50,1.42,0.9726,50,1.52,1.041,1,1.45,0.9931,544,0
SPY190805P293,2019-08-02,2019-08-02 09:32:05,1.49,1.0205,1,1.45,0.9931,60,1.52,1.041,1,1.47,1.0068,544,0
SPY190805P293,2019-08-02,2019-08-02 09:32:10,1.44,0.9863,80,1.39,0.952,50,1.47,1.0068,1,1.415,0.9691,554,10
SPY190805P293,2019-08-02,2019-08-02 09:32:11,1.43,0.9794,10,1.38,0.9452,5,1.47,1.0068,1,1.405,0.9623,554,0
SPY190805P293,2019-08-02,2019-08-02 09:32:12,1.43,0.9794,50,1.37,0.9383,50,1.39,0.952,10,1.4,0.9589,571,17
SPY190805P293,2019-08-02,2019-08-02 09:32:13,1.41,0.9657,50,1.35,0.9246,50,1.39,0.952,10,1.38,0.9452,571,0
SPY190805P293,2019-08-02,2019-08-02 09:32:14,1.4,0.9589,10,1.36,0.9315,50,1.39,0.952,10,1.38,0.9452,571,0
SPY190805P293,2019-08-02,2019-08-02 09:32:14,1.4,0.9589,117,1.34,0.9178,112,1.39,0.952,10,1.37,0.9383,571,0
SPY190805P293,2019-08-02,2019-08-02 09:32:15,1.41,0.9657,4,1.36,0.9315,60,1.39,0.952,10,1.385,0.9486,571,0
SPY190805P293,2019-08-02,2019-08-02 09:32:18,1.38,0.9452,8,1.34,0.9178,100,1.39,0.952,10,1.36,0.9315,571,0
SPY190805P293,2019-08-02,2019-08-02 09:32:19,1.39,0.952,52,1.34,0.9178,50,1.39,0.952,10,1.365,0.9349,571,0
SPY190805P293,2019-08-02,2019-08-02 09:32:20,1.41,0.9657,50,1.36,0.9315,50,1.39,0.952,10,1.385,0.9486,571,0
SPY190805P293,2019-08-02,2019-08-02 09:32:22,1.4,0.9589,50,1.36,0.9315,5,1.39,0.952,10,1.38,0.9452,571,0
SPY190805P293,2019-08-02,2019-08-02 09:32:22,1.39,0.952,50,1.34,0.9178,50,1.39,0.952,10,1.365,0.9349,571,0
SPY190805P293,2019-08-02,2019-08-02 09:32:26,1.4,0.9589,202,1.36,0.9315,5,1.39,0.952,1,1.38,0.9452,592,21
SPY190805P293,2019-08-02,2019-08-02 09:32:27,1.39,0.952,5,1.35,0.9246,117,1.39,0.952,1,1.37,0.9383,592,0
SPY190805P293,2019-08-02,2019-08-02 09:32:28,1.39,0.952,90,1.34,0.9178,37,1.39,0.952,1,1.365,0.9349,592,0
SPY190805P293,2019-08-02,2019-08-02 09:32:29,1.41,0.9657,81,1.37,0.9383,68,1.39,0.952,1,1.39,0.952,592,0
SPY190805P293,2019-08-02,2019-08-02 09:32:30,1.41,0.9657,2,1.39,0.952,52,1.39,0.952,3,1.4,0.9589,599,7
SPY190805P293,2019-08-02,2019-08-02 09:32:31,1.41,0.9657,20,1.39,0.952,5,1.39,0.952,3,1.4,0.9589,599,0
SPY190805P293,2019-08-02,2019-08-02 09:32:32,1.4,0.9589,1,1.36,0.9315,9,1.4,0.9589,1,1.38,0.9452,600,1
SPY190805P293,2019-08-02,2019-08-02 09:32:32,1.41,0.9657,20,1.39,0.952,5,1.39,0.952,3,1.4,0.9589,599,0
SPY190805P293,2019-08-02,2019-08-02 09:32:33,1.4,0.9589,60,1.37,0.9383,34,1.4,0.9589,4,1.385,0.9486,605,5
SPY190805P293,2019-08-02,2019-08-02 09:32:34,1.39,0.952,117,1.35,0.9246,5,1.4,0.9589,4,1.37,0.9383,605,0
SPY190805P293,2019-08-02,2019-08-02 09:32:34,1.39,0.952,117,1.35,0.9246,118,1.4,0.9589,4,1.37,0.9383,605,0
SPY190805P293,2019-08-02,2019-08-02 09:32:35,1.41,0.9657,2,1.39,0.952,10,1.4,0.9589,4,1.4,0.9589,605,0
SPY190805P293,2019-08-02,2019-08-02 09:32:35,1.39,0.952,101,1.37,0.9383,18,1.4,0.9589,4,1.38,0.9452,605,0
SPY190805P293,2019-08-02,2019-08-02 09:32:36,1.43,0.9794,27,1.4,0.9589,120,1.41,0.9657,2,1.415,0.9691,607,0
SPY190805P293,2019-08-02,2019-08-02 09:32:36,1.44,0.9863,77,1.4,0.9589,10,1.41,0.9657,2,1.42,0.9726,607,2
SPY190805P293,2019-08-02,2019-08-02 09:32:38,1.41,0.9657,144,1.37,0.9383,80,1.41,0.9657,2,1.39,0.952,607,0
SPY190805P293,2019-08-02,2019-08-02 09:32:38,1.42,0.9726,27,1.38,0.9452,76,1.41,0.9657,2,1.4,0.9589,607,0
SPY190805P293,2019-08-02,2019-08-02 09:32:39,1.4,0.9589,137,1.36,0.9315,194,1.41,0.9657,2,1.38,0.9452,607,0
SPY190805P293,2019-08-02,2019-08-02 09:32:40,1.4,0.9589,142,1.36,0.9315,156,1.41,0.9657,2,1.38,0.9452,607,0
SPY190805P293,2019-08-02,2019-08-02 09:32:42,1.41,0.9657,142,1.37,0.9383,126,1.39,0.952,1,1.39,0.952,608,0
SPY190805P293,2019-08-02,2019-08-02 09:32:42,1.42,0.9726,103,1.37,0.9383,70,1.39,0.952,1,1.395,0.9554,608,1
SPY190805P293,2019-08-02,2019-08-02 09:32:43,1.42,0.9726,141,1.38,0.9452,129,1.39,0.952,1,1.4,0.9589,608,0
SPY190805P293,2019-08-02,2019-08-02 09:32:44,1.42,0.9726,141,1.38,0.9452,142,1.39,0.952,1,1.4,0.9589,608,0
SPY190805P293,2019-08-02,2019-08-02 09:32:45,1.41,0.9657,142,1.37,0.9383,141,1.39,0.952,1,1.39,0.952,608,0
SPY190805P293,2019-08-02,2019-08-02 09:32:46,1.41,0.9657,100,1.38,0.9452,80,1.39,0.952,1,1.395,0.9554,608,0
SPY190805P293,2019-08-02,2019-08-02 09:32:47,1.4,0.9589,139,1.35,0.9246,33,1.39,0.952,1,1.375,0.9417,608,0
SPY190805P293,2019-08-02,2019-08-02 09:32:48,1.4,0.9589,143,1.36,0.9315,142,1.39,0.952,1,1.38,0.9452,608,0
SPY190805P293,2019-08-02,2019-08-02 09:32:49,1.4,0.9589,143,1.36,0.9315,142,1.39,0.952,1,1.38,0.9452,608,0
SPY190805P293,2019-08-02,2019-08-02 09:32:50,1.38,0.9452,1,1.36,0.9315,60,1.39,0.952,1,1.37,0.9383,608,0
SPY190805P293,2019-08-02,2019-08-02 09:32:51,1.38,0.9452,1,1.37,0.9383,90,1.39,0.952,1,1.375,0.9417,608,0
SPY190805P293,2019-08-02,2019-08-02 09:32:52,1.38,0.9452,27,1.36,0.9315,44,1.39,0.952,1,1.37,0.9383,608,0
SPY190805P293,2019-08-02,2019-08-02 09:32:52,1.38,0.9452,27,1.35,0.9246,177,1.39,0.952,1,1.365,0.9349,608,0
SPY190805P293,2019-08-02,2019-08-02 09:32:53,1.38,0.9452,129,1.34,0.9178,143,1.37,0.9383,1,1.36,0.9315,609,1
SPY190805P293,2019-08-02,2019-08-02 09:32:54,1.37,0.9383,27,1.34,0.9178,143,1.37,0.9383,1,1.355,0.928,610,1
SPY190805P293,2019-08-02,2019-08-02 09:32:55,1.38,0.9452,1,1.35,0.9246,87,1.37,0.9383,1,1.365,0.9349,610,0
SPY190805P293,2019-08-02,2019-08-02 09:32:55,1.38,0.9452,1,1.35,0.9246,5,1.37,0.9383,1,1.365,0.9349,610,0
SPY190805P293,2019-08-02,2019-08-02 09:32:57,1.39,0.952,27,1.38,0.9452,1,1.38,0.9452,1,1.385,0.9486,611,1
SPY190805P293,2019-08-02,2019-08-02 09:32:58,1.4,0.9589,5,1.37,0.9383,26,1.38,0.9452,1,1.385,0.9486,611,0
SPY190805P293,2019-08-02,2019-08-02 09:32:59,1.4,0.9589,5,1.38,0.9452,167,1.38,0.9452,1,1.39,0.952,611,0
SPY190805P293,2019-08-02,2019-08-02 09:33:00,1.4,0.9589,5,1.39,0.952,26,1.4,0.9589,5,1.395,0.9554,616,5
SPY190805P293,2019-08-02,2019-08-02 09:33:00,1.46,1.0,99,1.42,0.9726,13,1.4,0.9589,5,1.44,0.9863,616,0
SPY190805P293,2019-08-02,2019-08-02 09:33:01,1.45,0.9931,143,1.42,0.9726,26,1.4,0.9589,5,1.435,0.9828,616,0
SPY190805P293,2019-08-02,2019-08-02 09:33:03,1.45,0.9931,157,1.42,0.9726,26,1.4,0.9589,5,1.435,0.9828,616,0
SPY190805P293,2019-08-02,2019-08-02 09:33:05,1.41,0.9657,86,1.38,0.9452,114,1.39,0.952,18,1.395,0.9554,634,0
SPY190805P293,2019-08-02,2019-08-02 09:33:05,1.4,0.9589,5,1.36,0.9315,187,1.39,0.952,18,1.38,0.9452,634,18
SPY190805P293,2019-08-02,2019-08-02 09:33:06,1.41,0.9657,86,1.38,0.9452,101,1.39,0.952,18,1.395,0.9554,634,0
SPY190805P293,2019-08-02,2019-08-02 09:33:07,1.42,0.9726,143,1.38,0.9452,111,1.39,0.952,18,1.4,0.9589,634,0
SPY190805P293,2019-08-02,2019-08-02 09:33:08,1.4,0.9589,143,1.37,0.9383,52,1.39,0.952,18,1.385,0.9486,634,0
SPY190805P293,2019-08-02,2019-08-02 09:33:09,1.4,0.9589,143,1.39,0.952,280,1.39,0.952,18,1.395,0.9554,634,0
SPY190805P293,2019-08-02,2019-08-02 09:33:09,1.45,0.9931,143,1.4,0.9589,142,1.39,0.952,18,1.425,0.976,634,0
SPY190805P293,2019-08-02,2019-08-02 09:33:10,1.42,0.9726,89,1.4,0.9589,6,1.39,0.952,18,1.41,0.9657,634,0
SPY190805P293,2019-08-02,2019-08-02 09:33:11,1.39,0.952,5,1.35,0.9246,5,1.39,0.952,18,1.37,0.9383,634,0
SPY190805P293,2019-08-02,2019-08-02 09:33:12,1.39,0.952,63,1.34,0.9178,76,1.39,0.952,18,1.365,0.9349,634,0
SPY190805P293,2019-08-02,2019-08-02 09:33:13,1.38,0.9452,127,1.35,0.9246,55,1.39,0.952,18,1.365,0.9349,634,0
SPY190805P293,2019-08-02,2019-08-02 09:33:13,1.39,0.952,175,1.35,0.9246,105,1.39,0.952,18,1.37,0.9383,634,0
SPY190805P293,2019-08-02,2019-08-02 09:33:14,1.39,0.952,95,1.35,0.9246,50,1.39,0.952,18,1.37,0.9383,634,0
SPY190805P293,2019-08-02,2019-08-02 09:33:14,1.39,0.952,95,1.35,0.9246,86,1.39,0.952,18,1.37,0.9383,634,0
SPY190805P293,2019-08-02,2019-08-02 09:33:15,1.4,0.9589,72,1.36,0.9315,26,1.39,0.952,18,1.38,0.9452,634,0
SPY190805P293,2019-08-02,2019-08-02 09:33:16,1.39,0.952,122,1.36,0.9315,26,1.39,0.952,18,1.375,0.9417,634,0
SPY190805P293,2019-08-02,2019-08-02 09:33:17,1.42,0.9726,68,1.38,0.9452,121,1.39,0.952,18,1.4,0.9589,634,0
SPY190805P293,2019-08-02,2019-08-02 09:33:18,1.41,0.9657,77,1.37,0.9383,21,1.39,0.952,18,1.39,0.952,634,0
SPY190805P293,2019-08-02,2019-08-02 09:33:18,1.42,0.9726,77,1.38,0.9452,50,1.39,0.952,18,1.4,0.9589,634,0
SPY190805P293,2019-08-02,2019-08-02 09:33:19,1.42,0.9726,144,1.39,0.952,6,1.39,0.952,18,1.405,0.9623,634,0
SPY190805P293,2019-08-02,2019-08-02 09:33:20,1.41,0.9657,51,1.38,0.9452,114,1.39,0.952,18,1.395,0.9554,634,0
SPY190805P293,2019-08-02,2019-08-02 09:33:20,1.41,0.9657,53,1.38,0.9452,114,1.39,0.952,18,1.395,0.9554,634,0
SPY190805P293,2019-08-02,2019-08-02 09:33:21,1.41,0.9657,1,1.4,0.9589,6,1.41,0.9657,1,1.405,0.9623,635,1
SPY190805P293,2019-08-02,2019-08-02 09:33:22,1.43,0.9794,24,1.4,0.9589,37,1.41,0.9657,1,1.415,0.9691,635,0
SPY190805P293,2019-08-02,2019-08-02 09:33:22,1.43,0.9794,27,1.41,0.9657,6,1.41,0.9657,1,1.42,0.9726,635,0
SPY190805P293,2019-08-02,2019-08-02 09:33:23,1.43,0.9794,47,1.39,0.952,114,1.41,0.9657,1,1.41,0.9657,635,0
SPY190805P293,2019-08-02,2019-08-02 09:33:24,1.43,0.9794,26,1.38,0.9452,27,1.41,0.9657,1,1.405,0.9623,635,0
SPY190805P293,2019-08-02,2019-08-02 09:33:24,1.42,0.9726,62,1.39,0.952,114,1.41,0.9657,1,1.405,0.9623,635,0
SPY190805P293,2019-08-02,2019-08-02 09:33:25,1.41,0.9657,14,1.39,0.952,1,1.41,0.9657,1,1.4,0.9589,635,0
SPY190805P293,2019-08-02,2019-08-02 09:33:25,1.43,0.9794,56,1.4,0.9589,6,1.41,0.9657,1,1.415,0.9691,635,0
SPY190805P293,2019-08-02,2019-08-02 09:33:26,1.42,0.9726,27,1.39,0.952,1,1.41,0.9657,1,1.405,0.9623,635,0
SPY190805P293,2019-08-02,2019-08-02 09:33:27,1.41,0.9657,135,1.39,0.952,1,1.41,0.9657,1,1.4,0.9589,635,0
SPY190805P293,2019-08-02,2019-08-02 09:33:27,1.41,0.9657,104,1.39,0.952,1,1.41,0.9657,1,1.4,0.9589,635,0
SPY190805P293,2019-08-02,2019-08-02 09:33:28,1.41,0.9657,138,1.39,0.952,1,1.41,0.9657,1,1.4,0.9589,635,0
SPY190805P293,2019-08-02,2019-08-02 09:33:28,1.41,0.9657,35,1.39,0.952,1,1.41,0.9657,1,1.4,0.9589,635,0
SPY190805P293,2019-08-02,2019-08-02 09:33:29,1.39,0.952,14,1.36,0.9315,142,1.39,0.952,1,1.375,0.9417,636,1
SPY190805P293,2019-08-02,2019-08-02 09:33:30,1.39,0.952,94,1.36,0.9315,30,1.39,0.952,1,1.375,0.9417,636,0
SPY190805P293,2019-08-02,2019-08-02 09:33:30,1.39,0.952,94,1.37,0.9383,6,1.39,0.952,1,1.38,0.9452,636,0
SPY190805P293,2019-08-02,2019-08-02 09:33:31,1.39,0.952,236,1.36,0.9315,130,1.39,0.952,1,1.375,0.9417,636,0
SPY190805P293,2019-08-02,2019-08-02 09:33:32,1.42,0.9726,27,1.39,0.952,143,1.39,0.952,1,1.405,0.9623,636,0
SPY190805P293,2019-08-02,2019-08-02 09:33:32,1.39,0.952,107,1.38,0.9452,6,1.39,0.952,1,1.385,0.9486,636,0
SPY190805P293,2019-08-02,2019-08-02 09:33:33,1.41,0.9657,171,1.35,0.9246,142,1.39,0.952,1,1.38,0.9452,636,0
SPY190805P293,2019-08-02,2019-08-02 09:33:34,1.39,0.952,157,1.37,0.9383,6,1.39,0.952,1,1.38,0.9452,636,0
SPY190805P293,2019-08-02,2019-08-02 09:33:34,1.4,0.9589,184,1.37,0.9383,6,1.39,0.952,1,1.385,0.9486,636,0
SPY190805P293,2019-08-02,2019-08-02 09:33:35,1.38,0.9452,27,1.36,0.9315,26,1.39,0.952,1,1.37,0.9383,636,0
SPY190805P293,2019-08-02,2019-08-02 09:33:36,1.38,0.9452,55,1.35,0.9246,143,1.39,0.952,1,1.365,0.9349,636,0
SPY190805P293,2019-08-02,2019-08-02 09:33:37,1.38,0.9452,171,1.36,0.9315,6,1.39,0.952,1,1.37,0.9383,636,0
SPY190805P293,2019-08-02,2019-08-02 09:33:37,1.37,0.9383,162,1.35,0.9246,3,1.39,0.952,1,1.36,0.9315,636,0
SPY190805P293,2019-08-02,2019-08-02 09:33:38,1.36,0.9315,27,1.35,0.9246,3,1.39,0.952,1,1.355,0.928,636,0
SPY190805P293,2019-08-02,2019-08-02 09:33:39,1.37,0.9383,176,1.35,0.9246,3,1.39,0.952,1,1.36,0.9315,636,0
SPY190805P293,2019-08-02,2019-08-02 09:33:39,1.37,0.9383,27,1.35,0.9246,3,1.39,0.952,1,1.36,0.9315,636,0
SPY190805P293,2019-08-02,2019-08-02 09:33:40,1.38,0.9452,27,1.35,0.9246,192,1.39,0.952,1,1.365,0.9349,636,0
SPY190805P293,2019-08-02,2019-08-02 09:33:41,1.38,0.9452,14,1.36,0.9315,58,1.39,0.952,1,1.37,0.9383,636,0
SPY190805P293,2019-08-02,2019-08-02 09:33:41,1.39,0.952,189,1.35,0.9246,192,1.39,0.952,1,1.37,0.9383,636,0
SPY190805P293,2019-08-02,2019-08-02 09:33:42,1.39,0.952,127,1.36,0.9315,69,1.39,0.952,1,1.375,0.9417,636,0
SPY190805P293,2019-08-02,2019-08-02 09:33:43,1.42,0.9726,171,1.38,0.9452,30,1.39,0.952,1,1.4,0.9589,636,0
SPY190805P293,2019-08-02,2019-08-02 09:33:43,1.4,0.9589,236,1.37,0.9383,26,1.39,0.952,1,1.385,0.9486,636,0
SPY190805P293,2019-08-02,2019-08-02 09:33:44,1.39,0.952,27,1.37,0.9383,6,1.39,0.952,1,1.38,0.9452,636,0
SPY190805P293,2019-08-02,2019-08-02 09:33:44,1.39,0.952,27,1.36,0.9315,202,1.39,0.952,1,1.375,0.9417,636,0
SPY190805P293,2019-08-02,2019-08-02 09:33:45,1.39,0.952,27,1.38,0.9452,6,1.39,0.952,1,1.385,0.9486,636,0
SPY190805P293,2019-08-02,2019-08-02 09:33:46,1.41,0.9657,127,1.37,0.9383,100,1.39,0.952,3,1.39,0.952,645,9
SPY190805P293,2019-08-02,2019-08-02 09:33:48,1.44,0.9863,138,1.41,0.9657,21,1.39,0.952,3,1.425,0.976,645,0
SPY190805P293,2019-08-02,2019-08-02 09:33:48,1.46,1.0,61,1.42,0.9726,179,1.39,0.952,3,1.44,0.9863,645,0
SPY190805P293,2019-08-02,2019-08-02 09:33:50,1.45,0.9931,32,1.42,0.9726,50,1.39,0.952,3,1.435,0.9828,645,0
SPY190805P293,2019-08-02,2019-08-02 09:33:50,1.45,0.9931,13,1.42,0.9726,50,1.39,0.952,3,1.435,0.9828,645,0
SPY190805P293,2019-08-02,2019-08-02 09:33:52,1.47,1.0068,27,1.45,0.9931,6,1.45,0.9931,1,1.46,1.0,646,0
SPY190805P293,2019-08-02,2019-08-02 09:33:52,1.46,1.0,27,1.43,0.9794,129,1.45,0.9931,1,1.445,0.9897,646,1
SPY190805P293,2019-08-02,2019-08-02 09:33:54,1.46,1.0,19,1.44,0.9863,6,1.45,0.9931,1,1.45,0.9931,646,0
SPY190805P293,2019-08-02,2019-08-02 09:33:55,1.46,1.0,1,1.45,0.9931,10,1.45,0.9931,14,1.455,0.9965,660,14
SPY190805P293,2019-08-02,2019-08-02 09:33:56,1.47,1.0068,19,1.46,1.0,6,1.45,0.9931,14,1.465,1.0034,660,0
SPY190805P293,2019-08-02,2019-08-02 09:33:57,1.47,1.0068,19,1.46,1.0,6,1.45,0.9931,14,1.465,1.0034,660,0
SPY190805P293,2019-08-02,2019-08-02 09:33:57,1.47,1.0068,27,1.44,0.9863,120,1.45,0.9931,14,1.455,0.9965,660,0
SPY190805P293,2019-08-02,2019-08-02 09:34:00,1.46,1.0,65,1.44,0.9863,6,1.45,0.9931,14,1.45,0.9931,660,0
SPY190805P293,2019-08-02,2019-08-02 09:34:01,1.47,1.0068,32,1.44,0.9863,22,1.45,0.9931,14,1.455,0.9965,660,0
SPY190805P293,2019-08-02,2019-08-02 09:34:03,1.44,0.9863,126,1.41,0.9657,6,1.45,0.9931,14,1.425,0.976,660,0
SPY190805P293,2019-08-02,2019-08-02 09:34:04,1.44,0.9863,27,1.41,0.9657,134,1.43,0.9794,2,1.425,0.976,662,2
SPY190805P293,2019-08-02,2019-08-02 09:34:05,1.43,0.9794,27,1.38,0.9452,24,1.43,0.9794,2,1.405,0.9623,662,0
SPY190805P293,2019-08-02,2019-08-02 09:34:10,1.38,0.9452,104,1.34,0.9178,170,1.35,0.9246,3,1.36,0.9315,680,18
SPY190805P293,2019-08-02,2019-08-02 09:34:11,1.39,0.952,282,1.36,0.9315,13,1.35,0.9246,3,1.375,0.9417,680,0
SPY190805P293,2019-08-02,2019-08-02 09:34:12,1.38,0.9452,6,1.35,0.9246,26,1.35,0.9246,3,1.365,0.9349,680,0
SPY190805P293,2019-08-02,2019-08-02 09:34:13,1.4,0.9589,94,1.38,0.9452,6,1.36,0.9315,25,1.39,0.952,730,50
SPY190805P293,2019-08-02,2019-08-02 09:34:14,1.42,0.9726,285,1.38,0.9452,286,1.36,0.9315,25,1.4,0.9589,730,0
SPY190805P293,2019-08-02,2019-08-02 09:34:15,1.45,0.9931,143,1.4,0.9589,78,1.36,0.9315,25,1.425,0.976,730,0
SPY190805P293,2019-08-02,2019-08-02 09:34:17,1.41,0.9657,3,1.39,0.952,6,1.42,0.9726,2,1.4,0.9589,734,4
SPY190805P293,2019-08-02,2019-08-02 09:34:18,1.39,0.952,3,1.37,0.9383,6,1.42,0.9726,2,1.38,0.9452,734,0
SPY190805P293,2019-08-02,2019-08-02 09:34:19,1.4,0.9589,86,1.37,0.9383,51,1.42,0.9726,2,1.385,0.9486,734,0
SPY190805P293,2019-08-02,2019-08-02 09:34:20,1.4,0.9589,139,1.37,0.9383,6,1.42,0.9726,2,1.385,0.9486,734,0
SPY190805P293,2019-08-02,2019-08-02 09:34:21,1.42,0.9726,104,1.4,0.9589,26,1.42,0.9726,2,1.41,0.9657,734,0
SPY190805P293,2019-08-02,2019-08-02 09:34:21,1.42,0.9726,120,1.38,0.9452,126,1.42,0.9726,2,1.4,0.9589,734,0
SPY190805P293,2019-08-02,2019-08-02 09:34:22,1.44,0.9863,6,1.41,0.9657,6,1.42,0.9726,2,1.425,0.976,734,0
SPY190805P293,2019-08-02,2019-08-02 09:34:23,1.44,0.9863,20,1.41,0.9657,5,1.42,0.9726,2,1.425,0.976,734,0
SPY190805P293,2019-08-02,2019-08-02 09:34:23,1.44,0.9863,20,1.41,0.9657,84,1.42,0.9726,2,1.425,0.976,734,0
SPY190805P293,2019-08-02,2019-08-02 09:34:24,1.46,1.0,173,1.42,0.9726,83,1.42,0.9726,2,1.44,0.9863,734,0
SPY190805P293,2019-08-02,2019-08-02 09:34:25,1.43,0.9794,24,1.42,0.9726,6,1.42,0.9726,2,1.425,0.976,734,0
SPY190805P293,2019-08-02,2019-08-02 09:34:26,1.46,1.0,24,1.44,0.9863,6,1.42,0.9726,2,1.45,0.9931,734,0
SPY190805P293,2019-08-02,2019-08-02 09:34:26,1.46,1.0,116,1.42,0.9726,29,1.42,0.9726,2,1.44,0.9863,734,0
SPY190805P293,2019-08-02,2019-08-02 09:34:27,1.46,1.0,18,1.44,0.9863,6,1.42,0.9726,2,1.45,0.9931,734,0
SPY190805P293,2019-08-02,2019-08-02 09:34:27,1.47,1.0068,20,1.44,0.9863,6,1.42,0.9726,2,1.455,0.9965,734,0
SPY190805P293,2019-08-02,2019-08-02 09:34:28,1.46,1.0,20,1.43,0.9794,30,1.42,0.9726,2,1.445,0.9897,734,0
SPY190805P293,2019-08-02,2019-08-02 09:34:29,1.46,1.0,20,1.41,0.9657,25,1.42,0.9726,2,1.435,0.9828,734,0
SPY190805P293,2019-08-02,2019-08-02 09:34:29,1.43,0.9794,24,1.41,0.9657,6,1.42,0.9726,2,1.42,0.9726,734,0
SPY190805P293,2019-08-02,2019-08-02 09:34:30,1.43,0.9794,24,1.4,0.9589,10,1.42,0.9726,2,1.415,0.9691,734,0
SPY190805P293,2019-08-02,2019-08-02 09:34:31,1.43,0.9794,126,1.42,0.9726,6,1.42,0.9726,2,1.425,0.976,734,0
SPY190805P293,2019-08-02,2019-08-02 09:34:31,1.45,0.9931,50,1.42,0.9726,29,1.42,0.9726,2,1.435,0.9828,734,0
SPY190805P293,2019-08-02,2019-08-02 09:34:32,1.45,0.9931,50,1.43,0.9794,126,1.42,0.9726,2,1.44,0.9863,734,0
SPY190805P293,2019-08-02,2019-08-02 09:34:32,1.47,1.0068,134,1.44,0.9863,140,1.42,0.9726,2,1.455,0.9965,734,0
SPY190805P293,2019-08-02,2019-08-02 09:34:33,1.45,0.9931,6,1.43,0.9794,29,1.42,0.9726,2,1.44,0.9863,734,0
SPY190805P293,2019-08-02,2019-08-02 09:34:33,1.47,1.0068,20,1.44,0.9863,140,1.42,0.9726,2,1.455,0.9965,734,0
SPY190805P293,2019-08-02,2019-08-02 09:34:34,1.46,1.0,20,1.44,0.9863,112,1.42,0.9726,2,1.45,0.9931,734,0
SPY190805P293,2019-08-02,2019-08-02 09:34:35,1.47,1.0068,10,1.44,0.9863,9,1.42,0.9726,2,1.455,0.9965,734,0
SPY190805P293,2019-08-02,2019-08-02 09:34:35,1.47,1.0068,20,1.45,0.9931,6,1.42,0.9726,2,1.46,1.0,734,0
SPY190805P293,2019-08-02,2019-08-02 09:34:39,1.45,0.9931,1,1.43,0.9794,135,1.42,0.9726,2,1.44,0.9863,734,0
SPY190805P293,2019-08-02,2019-08-02 09:34:41,1.45,0.9931,6,1.42,0.9726,10,1.44,0.9863,1,1.435,0.9828,735,1
SPY190805P293,2019-08-02,2019-08-02 09:34:43,1.46,1.0,15,1.44,0.9863,6,1.44,0.9863,1,1.45,0.9931,735,0
SPY190805P293,2019-08-02,2019-08-02 09:34:43,1.45,0.9931,172,1.42,0.9726,6,1.44,0.9863,1,1.435,0.9828,735,0
SPY190805P293,2019-08-02,2019-08-02 09:34:45,1.47,1.0068,106,1.44,0.9863,140,1.44,0.9863,1,1.455,0.9965,735,0
SPY190805P293,2019-08-02,2019-08-02 09:34:46,1.47,1.0068,106,1.45,0.9931,26,1.44,0.9863,1,1.46,1.0,735,0
SPY190805P293,2019-08-02,2019-08-02 09:34:54,1.48,1.0136,75,1.43,0.9794,3,1.43,0.9794,25,1.455,0.9965,770,35
SPY190805P293,2019-08-02,2019-08-02 09:35:02,1.44,0.9863,127,1.4,0.9589,88,1.43,0.9794,25,1.42,0.9726,795,25
SPY190805P293,2019-08-02,2019-08-02 09:35:03,1.42,0.9726,5,1.4,0.9589,69,1.42,0.9726,20,1.41,0.9657,815,20
SPY190805P293,2019-08-02,2019-08-02 09:35:03,1.43,0.9794,6,1.4,0.9589,83,1.42,0.9726,20,1.415,0.9691,815,0
SPY190805P293,2019-08-02,2019-08-02 09:35:04,1.41,0.9657,100,1.39,0.952,36,1.42,0.9726,20,1.4,0.9589,815,0
SPY190805P293,2019-08-02,2019-08-02 09:35:07,1.41,0.9657,5,1.39,0.952,6,1.42,0.9726,20,1.4,0.9589,815,0
SPY190805P293,2019-08-02,2019-08-02 09:35:08,1.42,0.9726,18,1.39,0.952,5,1.42,0.9726,20,1.405,0.9623,815,0
SPY190805P293,2019-08-02,2019-08-02 09:35:09,1.44,0.9863,5,1.42,0.9726,24,1.42,0.9726,20,1.43,0.9794,815,0
SPY190805P293,2019-08-02,2019-08-02 09:35:11,1.46,1.0,72,1.42,0.9726,122,1.42,0.9726,20,1.44,0.9863,815,0
SPY190805P293,2019-08-02,2019-08-02 09:35:12,1.45,0.9931,6,1.42,0.9726,60,1.42,0.9726,20,1.435,0.9828,815,0
SPY190805P293,2019-08-02,2019-08-02 09:35:12,1.45,0.9931,6,1.42,0.9726,36,1.42,0.9726,20,1.435,0.9828,815,0
SPY190805P293,2019-08-02,2019-08-02 09:35:15,1.48,1.0136,131,1.45,0.9931,26,1.44,0.9863,1,1.465,1.0034,816,1
SPY190805P293,2019-08-02,2019-08-02 09:35:20,1.56,1.0684,14,1.51,1.0342,56,1.44,0.9863,1,1.535,1.0513,816,0
SPY190805P293,2019-08-02,2019-08-02 09:35:21,1.58,1.0821,5,1.55,1.0616,26,1.58,1.0821,10,1.565,1.0719,826,10
SPY190805P293,2019-08-02,2019-08-02 09:35:22,1.59,1.089,37,1.57,1.0753,26,1.58,1.0821,10,1.58,1.0821,826,0
SPY190805P293,2019-08-02,2019-08-02 09:35:27,1.65,1.1301,6,1.63,1.1164,6,1.6,1.0958,10,1.64,1.1232,837,11
SPY190805P293,2019-08-02,2019-08-02 09:35:31,1.62,1.1095,5,1.6,1.0958,6,1.6,1.0958,10,1.61,1.1027,837,0
SPY190805P293,2019-08-02,2019-08-02 09:35:32,1.62,1.1095,5,1.58,1.0821,1,1.6,1.0958,10,1.6,1.0958,837,0
SPY190805P293,2019-08-02,2019-08-02 09:35:37,1.67,1.1438,6,1.64,1.1232,20,1.65,1.1301,1,1.655,1.1335,839,2
SPY190805P293,2019-08-02,2019-08-02 09:35:44,1.72,1.178,5,1.69,1.1575,1,1.72,1.178,1,1.705,1.1678,846,2
SPY190805P293,2019-08-02,2019-08-02 09:35:44,1.69,1.1575,1,1.67,1.1438,24,1.68,1.1506,5,1.68,1.1506,844,5
SPY190805P293,2019-08-02,2019-08-02 09:35:46,1.73,1.1849,6,1.69,1.1575,24,1.72,1.178,1,1.71,1.1712,846,0
SPY190805P293,2019-08-02,2019-08-02 09:35:47,1.75,1.1986,6,1.71,1.1712,18,1.7,1.1643,1,1.73,1.1849,847,0
SPY190805P293,2019-08-02,2019-08-02 09:35:47,1.75,1.1986,6,1.72,1.178,6,1.7,1.1643,1,1.735,1.1883,847,1
SPY190805P293,2019-08-02,2019-08-02 09:35:48,1.78,1.2191,55,1.73,1.1849,5,1.7,1.1643,1,1.755,1.202,847,0
SPY190805P293,2019-08-02,2019-08-02 09:35:48,1.76,1.2054,360,1.72,1.178,25,1.7,1.1643,1,1.74,1.1917,847,0
SPY190805P293,2019-08-02,2019-08-02 09:35:49,1.75,1.1986,12,1.7,1.1643,60,1.7,1.1643,1,1.725,1.1815,847,0
SPY190805P293,2019-08-02,2019-08-02 09:35:50,1.78,1.2191,172,1.72,1.178,65,1.7,1.1643,1,1.75,1.1986,847,0
SPY190805P293,2019-08-02,2019-08-02 09:35:50,1.75,1.1986,5,1.73,1.1849,24,1.7,1.1643,1,1.74,1.1917,847,0
SPY190805P293,2019-08-02,2019-08-02 09:35:51,1.78,1.2191,110,1.73,1.1849,60,1.7,1.1643,1,1.755,1.202,847,0
SPY190805P293,2019-08-02,2019-08-02 09:35:52,1.75,1.1986,6,1.73,1.1849,6,1.75,1.1986,1,1.74,1.1917,848,1
SPY190805P293,2019-08-02,2019-08-02 09:35:52,1.78,1.2191,121,1.73,1.1849,10,1.7,1.1643,1,1.755,1.202,847,0
SPY190805P293,2019-08-02,2019-08-02 09:35:54,1.76,1.2054,6,1.75,1.1986,1,1.75,1.1986,1,1.755,1.202,848,0
SPY190805P293,2019-08-02,2019-08-02 09:35:56,1.77,1.2123,121,1.71,1.1712,24,1.75,1.1986,1,1.74,1.1917,849,1
SPY190805P293,2019-08-02,2019-08-02 09:35:57,1.75,1.1986,121,1.7,1.1643,16,1.75,1.1986,25,1.725,1.1815,874,0
SPY190805P293,2019-08-02,2019-08-02 09:35:57,1.76,1.2054,100,1.72,1.178,50,1.75,1.1986,25,1.74,1.1917,874,25
SPY190805P293,2019-08-02,2019-08-02 09:36:20,1.7,1.1643,50,1.66,1.1369,6,1.69,1.1575,1,1.68,1.1506,898,24
SPY190805P293,2019-08-02,2019-08-02 09:36:21,1.69,1.1575,6,1.66,1.1369,6,1.69,1.1575,1,1.675,1.1472,898,0
SPY190805P293,2019-08-02,2019-08-02 09:36:24,1.64,1.1232,6,1.58,1.0821,76,1.65,1.1301,1,1.61,1.1027,899,1
SPY190805P293,2019-08-02,2019-08-02 09:36:25,1.63,1.1164,6,1.61,1.1027,24,1.61,1.1027,23,1.62,1.1095,922,23
SPY190805P293,2019-08-02,2019-08-02 09:36:26,1.62,1.1095,6,1.59,1.089,6,1.61,1.1027,23,1.605,1.0993,922,0
SPY190805P293,2019-08-02,2019-08-02 09:36:29,1.58,1.0821,73,1.55,1.0616,6,1.61,1.1027,23,1.565,1.0719,922,0
SPY190805P293,2019-08-02,2019-08-02 09:36:31,1.55,1.0616,23,1.53,1.0479,6,1.61,1.1027,23,1.54,1.0547,922,0
SPY190805P293,2019-08-02,2019-08-02 09:36:32,1.55,1.0616,30,1.52,1.041,6,1.61,1.1027,23,1.535,1.0513,922,0
SPY190805P293,2019-08-02,2019-08-02 09:36:33,1.54,1.0547,100,1.51,1.0342,6,1.61,1.1027,23,1.525,1.0445,922,0
SPY190805P293,2019-08-02,2019-08-02 09:36:34,1.54,1.0547,24,1.51,1.0342,6,1.61,1.1027,23,1.525,1.0445,922,0
SPY190805P293,2019-08-02,2019-08-02 09:36:34,1.54,1.0547,23,1.51,1.0342,6,1.61,1.1027,23,1.525,1.0445,922,0
SPY190805P293,2019-08-02,2019-08-02 09:36:35,1.55,1.0616,80,1.52,1.041,6,1.61,1.1027,23,1.535,1.0513,922,0
SPY190805P293,2019-08-02,2019-08-02 09:36:36,1.56,1.0684,10,1.53,1.0479,24,1.61,1.1027,23,1.545,1.0582,922,0
SPY190805P293,2019-08-02,2019-08-02 09:36:37,1.57,1.0753,24,1.53,1.0479,6,1.61,1.1027,23,1.55,1.0616,922,0
SPY190805P293,2019-08-02,2019-08-02 09:36:38,1.58,1.0821,6,1.55,1.0616,6,1.61,1.1027,23,1.565,1.0719,922,0
SPY190805P293,2019-08-02,2019-08-02 09:36:39,1.62,1.1095,74,1.57,1.0753,71,1.58,1.0821,10,1.595,1.0924,932,10
SPY190805P293,2019-08-02,2019-08-02 09:36:39,1.58,1.0821,6,1.56,1.0684,6,1.61,1.1027,23,1.57,1.0753,922,0
SPY190805P293,2019-08-02,2019-08-02 09:36:40,1.65,1.1301,74,1.6,1.0958,157,1.58,1.0821,10,1.625,1.113,932,0
SPY190805P293,2019-08-02,2019-08-02 09:36:41,1.65,1.1301,60,1.6,1.0958,162,1.61,1.1027,5,1.625,1.113,937,5
SPY190805P293,2019-08-02,2019-08-02 09:36:41,1.65,1.1301,50,1.61,1.1027,10,1.61,1.1027,5,1.63,1.1164,937,0
SPY190805P293,2019-08-02,2019-08-02 09:36:42,1.65,1.1301,6,1.62,1.1095,6,1.61,1.1027,5,1.635,1.1198,937,0
SPY190805P293,2019-08-02,2019-08-02 09:36:42,1.68,1.1506,6,1.65,1.1301,6,1.61,1.1027,5,1.665,1.1404,937,0
SPY190805P293,2019-08-02,2019-08-02 09:36:43,1.69,1.1575,6,1.66,1.1369,48,1.61,1.1027,5,1.675,1.1472,937,0
SPY190805P293,2019-08-02,2019-08-02 09:36:44,1.68,1.1506,6,1.66,1.1369,6,1.61,1.1027,5,1.67,1.1438,937,0
SPY190805P293,2019-08-02,2019-08-02 09:36:45,1.7,1.1643,1,1.67,1.1438,6,1.61,1.1027,5,1.685,1.1541,937,0
SPY190805P293,2019-08-02,2019-08-02 09:36:45,1.68,1.1506,6,1.65,1.1301,9,1.61,1.1027,5,1.665,1.1404,937,0
SPY190805P293,2019-08-02,2019-08-02 09:36:46,1.7,1.1643,1,1.68,1.1506,157,1.61,1.1027,5,1.69,1.1575,937,0
SPY190805P293,2019-08-02,2019-08-02 09:36:47,1.7,1.1643,1,1.68,1.1506,30,1.61,1.1027,5,1.69,1.1575,937,0
SPY190805P293,2019-08-02,2019-08-02 09:36:48,1.7,1.1643,1,1.68,1.1506,30,1.7,1.1643,2,1.69,1.1575,937,0
SPY190805P293,2019-08-02,2019-08-02 09:36:49,1.7,1.1643,6,1.68,1.1506,1,1.68,1.1506,1,1.69,1.1575,940,3
SPY190805P293,2019-08-02,2019-08-02 09:36:49,1.69,1.1575,6,1.68,1.1506,1,1.68,1.1506,1,1.685,1.1541,940,0
SPY190805P293,2019-08-02,2019-08-02 09:36:50,1.7,1.1643,3,1.68,1.1506,1,1.68,1.1506,1,1.69,1.1575,940,0
SPY190805P293,2019-08-02,2019-08-02 09:36:50,1.7,1.1643,71,1.66,1.1369,9,1.68,1.1506,1,1.68,1.1506,941,1
SPY190805P293,2019-08-02,2019-08-02 09:36:51,1.68,1.1506,6,1.65,1.1301,6,1.67,1.1438,2,1.665,1.1404,943,2
SPY190805P293,2019-08-02,2019-08-02 09:36:52,1.66,1.1369,10,1.64,1.1232,20,1.67,1.1438,2,1.65,1.1301,943,0
SPY190805P293,2019-08-02,2019-08-02 09:36:53,1.65,1.1301,9,1.62,1.1095,6,1.67,1.1438,2,1.635,1.1198,943,0
SPY190805P293,2019-08-02,2019-08-02 09:36:54,1.61,1.1027,6,1.59,1.089,6,1.67,1.1438,2,1.6,1.0958,943,0
SPY190805P293,2019-08-02,2019-08-02 09:36:54,1.64,1.1232,6,1.6,1.0958,16,1.67,1.1438,2,1.62,1.1095,943,0
SPY190805P293,2019-08-02,2019-08-02 09:36:55,1.61,1.1027,50,1.56,1.0684,36,1.67,1.1438,2,1.585,1.0856,943,0
SPY190805P293,2019-08-02,2019-08-02 09:36:56,1.62,1.1095,50,1.59,1.089,6,1.62,1.1095,1,1.605,1.0993,944,1
SPY190805P293,2019-08-02,2019-08-02 09:36:56,1.6,1.0958,6,1.58,1.0821,6,1.67,1.1438,2,1.59,1.089,943,0
SPY190805P293,2019-08-02,2019-08-02 09:36:57,1.62,1.1095,50,1.58,1.0821,24,1.62,1.1095,1,1.6,1.0958,944,0
SPY190805P293,2019-08-02,2019-08-02 09:36:57,1.63,1.1164,6,1.6,1.0958,6,1.62,1.1095,1,1.615,1.1061,944,0
SPY190805P293,2019-08-02,2019-08-02 09:36:58,1.63,1.1164,56,1.6,1.0958,6,1.62,1.1095,1,1.615,1.1061,944,0
SPY190805P293,2019-08-02,2019-08-02 09:36:58,1.63,1.1164,6,1.6,1.0958,6,1.62,1.1095,1,1.615,1.1061,944,0
SPY190805P293,2019-08-02,2019-08-02 09:36:59,1.63,1.1164,56,1.6,1.0958,6,1.62,1.1095,1,1.615,1.1061,944,0
SPY190805P293,2019-08-02,2019-08-02 09:37:00,1.64,1.1232,50,1.6,1.0958,2,1.62,1.1095,1,1.62,1.1095,944,0
SPY190805P293,2019-08-02,2019-08-02 09:37:00,1.64,1.1232,62,1.59,1.089,21,1.62,1.1095,1,1.615,1.1061,944,0
SPY190805P293,2019-08-02,2019-08-02 09:37:01,1.66,1.1369,10,1.62,1.1095,53,1.62,1.1095,1,1.64,1.1232,944,0
SPY190805P293,2019-08-02,2019-08-02 09:37:01,1.66,1.1369,10,1.64,1.1232,12,1.62,1.1095,1,1.65,1.1301,944,0
SPY190805P293,2019-08-02,2019-08-02 09:37:02,1.66,1.1369,10,1.64,1.1232,12,1.62,1.1095,1,1.65,1.1301,944,0
SPY190805P293,2019-08-02,2019-08-02 09:37:03,1.66,1.1369,10,1.64,1.1232,12,1.62,1.1095,1,1.65,1.1301,944,0
SPY190805P293,2019-08-02,2019-08-02 09:37:04,1.65,1.1301,6,1.64,1.1232,4,1.62,1.1095,1,1.645,1.1267,944,0
SPY190805P293,2019-08-02,2019-08-02 09:37:05,1.69,1.1575,9,1.65,1.1301,132,1.66,1.1369,10,1.67,1.1438,957,10
SPY190805P293,2019-08-02,2019-08-02 09:37:05,1.66,1.1369,10,1.64,1.1232,20,1.65,1.1301,3,1.65,1.1301,947,3
SPY190805P293,2019-08-02,2019-08-02 09:37:06,1.69,1.1575,9,1.66,1.1369,28,1.66,1.1369,10,1.675,1.1472,957,0
SPY190805P293,2019-08-02,2019-08-02 09:37:07,1.69,1.1575,15,1.66,1.1369,30,1.66,1.1369,10,1.675,1.1472,957,0
SPY190805P293,2019-08-02,2019-08-02 09:37:08,1.67,1.1438,6,1.65,1.1301,1,1.66,1.1369,10,1.66,1.1369,957,0
SPY190805P293,2019-08-02,2019-08-02 09:37:09,1.66,1.1369,6,1.65,1.1301,1,1.66,1.1369,10,1.655,1.1335,957,0
SPY190805P293,2019-08-02,2019-08-02 09:37:10,1.68,1.1506,11,1.65,1.1301,1,1.66,1.1369,10,1.665,1.1404,957,0
SPY190805P293,2019-08-02,2019-08-02 09:37:11,1.66,1.1369,1,1.64,1.1232,6,1.65,1.1301,1,1.65,1.1301,961,4
SPY190805P293,2019-08-02,2019-08-02 09:37:12,1.66,1.1369,1,1.63,1.1164,24,1.65,1.1301,1,1.645,1.1267,961,0
SPY190805P293,2019-08-02,2019-08-02 09:37:13,1.66,1.1369,1,1.61,1.1027,24,1.65,1.1301,1,1.635,1.1198,961,0
SPY190805P293,2019-08-02,2019-08-02 09:37:13,1.65,1.1301,416,1.61,1.1027,1,1.65,1.1301,1,1.63,1.1164,961,0
SPY190805P293,2019-08-02,2019-08-02 09:37:14,1.64,1.1232,15,1.61,1.1027,7,1.65,1.1301,1,1.625,1.113,961,0
SPY190805P293,2019-08-02,2019-08-02 09:37:15,1.64,1.1232,56,1.62,1.1095,6,1.65,1.1301,1,1.63,1.1164,961,0
SPY190805P293,2019-08-02,2019-08-02 09:37:21,1.66,1.1369,56,1.64,1.1232,6,1.63,1.1164,6,1.65,1.1301,968,7
SPY190805P293,2019-08-02,2019-08-02 09:37:25,1.64,1.1232,20,1.61,1.1027,9,1.63,1.1164,6,1.625,1.113,968,0
SPY190805P293,2019-08-02,2019-08-02 09:37:29,1.68,1.1506,1,1.63,1.1164,13,1.63,1.1164,6,1.655,1.1335,968,0
SPY190805P293,2019-08-02,2019-08-02 09:37:30,1.66,1.1369,50,1.63,1.1164,102,1.66,1.1369,1,1.645,1.1267,969,1
SPY190805P293,2019-08-02,2019-08-02 09:37:31,1.66,1.1369,6,1.64,1.1232,6,1.66,1.1369,1,1.65,1.1301,969,0
SPY190805P293,2019-08-02,2019-08-02 09:37:32,1.67,1.1438,50,1.65,1.1301,6,1.66,1.1369,1,1.66,1.1369,969,0
SPY190805P293,2019-08-02,2019-08-02 09:37:33,1.68,1.1506,6,1.66,1.1369,51,1.66,1.1369,1,1.67,1.1438,969,0
SPY190805P293,2019-08-02,2019-08-02 09:37:34,1.69,1.1575,15,1.67,1.1438,18,1.69,1.1575,8,1.68,1.1506,977,8
SPY190805P293,2019-08-02,2019-08-02 09:37:35,1.7,1.1643,1,1.67,1.1438,124,1.69,1.1575,6,1.685,1.1541,984,7
SPY190805P293,2019-08-02,2019-08-02 09:37:35,1.73,1.1849,60,1.69,1.1575,139,1.73,1.1849,10,1.71,1.1712,995,11
SPY190805P293,2019-08-02,2019-08-02 09:37:36,1.75,1.1986,92,1.7,1.1643,126,1.73,1.1849,10,1.725,1.1815,995,0
SPY190805P293,2019-08-02,2019-08-02 09:37:37,1.74,1.1917,50,1.68,1.1506,62,1.73,1.1849,10,1.71,1.1712,995,0
SPY190805P293,2019-08-02,2019-08-02 09:37:37,1.74,1.1917,50,1.7,1.1643,126,1.73,1.1849,10,1.72,1.178,995,0
SPY190805P293,2019-08-02,2019-08-02 09:37:39,1.72,1.178,6,1.71,1.1712,53,1.73,1.1849,10,1.715,1.1746,995,0
SPY190805P293,2019-08-02,2019-08-02 09:37:39,1.73,1.1849,61,1.7,1.1643,50,1.73,1.1849,10,1.715,1.1746,995,0
SPY190805P293,2019-08-02,2019-08-02 09:37:41,1.72,1.178,50,1.68,1.1506,124,1.73,1.1849,10,1.7,1.1643,995,0
SPY190805P293,2019-08-02,2019-08-02 09:37:42,1.71,1.1712,14,1.66,1.1369,19,1.73,1.1849,10,1.685,1.1541,995,0
SPY190805P293,2019-08-02,2019-08-02 09:37:42,1.7,1.1643,50,1.66,1.1369,129,1.73,1.1849,10,1.68,1.1506,995,0
SPY190805P293,2019-08-02,2019-08-02 09:37:45,1.69,1.1575,56,1.66,1.1369,6,1.73,1.1849,10,1.675,1.1472,995,0
SPY190805P293,2019-08-02,2019-08-02 09:37:45,1.69,1.1575,56,1.66,1.1369,83,1.73,1.1849,10,1.675,1.1472,995,0
SPY190805P293,2019-08-02,2019-08-02 09:37:47,1.67,1.1438,6,1.64,1.1232,119,1.66,1.1369,10,1.655,1.1335,1006,0
SPY190805P293,2019-08-02,2019-08-02 09:37:47,1.69,1.1575,6,1.66,1.1369,24,1.66,1.1369,10,1.675,1.1472,1006,11
SPY190805P293,2019-08-02,2019-08-02 09:37:48,1.65,1.1301,6,1.61,1.1027,24,1.66,1.1369,10,1.63,1.1164,1006,0
SPY190805P293,2019-08-02,2019-08-02 09:37:49,1.64,1.1232,56,1.62,1.1095,6,1.66,1.1369,10,1.63,1.1164,1006,0
SPY190805P293,2019-08-02,2019-08-02 09:37:50,1.63,1.1164,6,1.61,1.1027,6,1.66,1.1369,10,1.62,1.1095,1006,0
SPY190805P293,2019-08-02,2019-08-02 09:37:50,1.65,1.1301,6,1.63,1.1164,6,1.65,1.1301,2,1.64,1.1232,1008,2
SPY190805P293,2019-08-02,2019-08-02 09:37:51,1.65,1.1301,466,1.63,1.1164,6,1.65,1.1301,2,1.64,1.1232,1008,0
SPY190805P293,2019-08-02,2019-08-02 09:37:51,1.65,1.1301,1,1.61,1.1027,17,1.65,1.1301,2,1.63,1.1164,1008,0
SPY190805P293,2019-08-02,2019-08-02 09:37:52,1.68,1.1506,56,1.65,1.1301,21,1.65,1.1301,1,1.665,1.1404,1009,1
SPY190805P293,2019-08-02,2019-08-02 09:37:53,1.67,1.1438,6,1.64,1.1232,28,1.65,1.1301,1,1.655,1.1335,1009,0
SPY190805P293,2019-08-02,2019-08-02 09:37:54,1.67,1.1438,6,1.64,1.1232,32,1.66,1.1369,13,1.655,1.1335,1035,26
SPY190805P293,2019-08-02,2019-08-02 09:37:54,1.67,1.1438,6,1.64,1.1232,1,1.65,1.1301,1,1.655,1.1335,1041,6
SPY190805P293,2019-08-02,2019-08-02 09:37:55,1.67,1.1438,486,1.62,1.1095,12,1.64,1.1232,1,1.645,1.1267,1042,1
SPY190805P293,2019-08-02,2019-08-02 09:37:56,1.66,1.1369,6,1.64,1.1232,6,1.65,1.1301,10,1.65,1.1301,1052,10
SPY190805P293,2019-08-02,2019-08-02 09:37:56,1.68,1.1506,460,1.63,1.1164,24,1.65,1.1301,10,1.655,1.1335,1052,0
SPY190805P293,2019-08-02,2019-08-02 09:37:57,1.69,1.1575,68,1.66,1.1369,18,1.71,1.1712,2,1.675,1.1472,1054,2
SPY190805P293,2019-08-02,2019-08-02 09:37:58,1.71,1.1712,504,1.67,1.1438,80,1.71,1.1712,2,1.69,1.1575,1054,0
SPY190805P293,2019-08-02,2019-08-02 09:37:59,1.66,1.1369,50,1.63,1.1164,124,1.71,1.1712,2,1.645,1.1267,1054,0
SPY190805P293,2019-08-02,2019-08-02 09:37:59,1.67,1.1438,6,1.64,1.1232,112,1.71,1.1712,2,1.655,1.1335,1054,0
SPY190805P293,2019-08-02,2019-08-02 09:38:01,1.64,1.1232,6,1.62,1.1095,5,1.64,1.1232,10,1.63,1.1164,1064,10
SPY190805P293,2019-08-02,2019-08-02 09:38:02,1.63,1.1164,370,1.6,1.0958,3,1.61,1.1027,6,1.615,1.1061,1070,6
SPY190805P293,2019-08-02,2019-08-02 09:38:03,1.64,1.1232,533,1.6,1.0958,24,1.61,1.1027,6,1.62,1.1095,1070,0
SPY190805P293,2019-08-02,2019-08-02 09:38:04,1.62,1.1095,56,1.6,1.0958,6,1.6,1.0958,3,1.61,1.1027,1073,0
SPY190805P293,2019-08-02,2019-08-02 09:38:04,1.63,1.1164,452,1.58,1.0821,29,1.6,1.0958,3,1.605,1.0993,1073,3
SPY190805P293,2019-08-02,2019-08-02 09:38:05,1.61,1.1027,60,1.55,1.0616,34,1.6,1.0958,3,1.58,1.0821,1073,0
SPY190805P293,2019-08-02,2019-08-02 09:38:05,1.61,1.1027,60,1.59,1.089,83,1.6,1.0958,3,1.6,1.0958,1073,0
SPY190805P293,2019-08-02,2019-08-02 09:38:06,1.6,1.0958,50,1.57,1.0753,21,1.6,1.0958,3,1.585,1.0856,1073,0
SPY190805P293,2019-08-02,2019-08-02 09:38:07,1.6,1.0958,47,1.56,1.0684,121,1.6,1.0958,3,1.58,1.0821,1073,0
SPY190805P293,2019-08-02,2019-08-02 09:38:08,1.6,1.0958,56,1.57,1.0753,6,1.6,1.0958,3,1.585,1.0856,1073,0
SPY190805P293,2019-08-02,2019-08-02 09:38:09,1.6,1.0958,70,1.57,1.0753,5,1.6,1.0958,3,1.585,1.0856,1073,0
SPY190805P293,2019-08-02,2019-08-02 09:38:10,1.62,1.1095,26,1.54,1.0547,75,1.6,1.0958,7,1.58,1.0821,1114,41
SPY190805P293,2019-08-02,2019-08-02 09:38:11,1.6,1.0958,50,1.57,1.0753,100,1.58,1.0821,1,1.585,1.0856,1125,11
SPY190805P293,2019-08-02,2019-08-02 09:38:11,1.62,1.1095,435,1.58,1.0821,5,1.6,1.0958,7,1.6,1.0958,1114,0
SPY190805P293,2019-08-02,2019-08-02 09:38:12,1.62,1.1095,8,1.56,1.0684,24,1.58,1.0821,1,1.59,1.089,1125,0
SPY190805P293,2019-08-02,2019-08-02 09:38:13,1.65,1.1301,42,1.58,1.0821,124,1.58,1.0821,1,1.615,1.1061,1125,0
SPY190805P293,2019-08-02,2019-08-02 09:38:13,1.64,1.1232,54,1.6,1.0958,124,1.58,1.0821,1,1.62,1.1095,1125,0
SPY190805P293,2019-08-02,2019-08-02 09:38:15,1.65,1.1301,74,1.62,1.1095,24,1.61,1.1027,1,1.635,1.1198,1131,6
SPY190805P293,2019-08-02,2019-08-02 09:38:16,1.66,1.1369,24,1.63,1.1164,50,1.63,1.1164,5,1.645,1.1267,1136,5
SPY190805P293,2019-08-02,2019-08-02 09:38:18,1.64,1.1232,62,1.62,1.1095,5,1.61,1.1027,8,1.63,1.1164,1149,13
SPY190805P293,2019-08-02,2019-08-02 09:38:18,1.64,1.1232,62,1.6,1.0958,24,1.61,1.1027,8,1.62,1.1095,1149,0
SPY190805P293,2019-08-02,2019-08-02 09:38:19,1.64,1.1232,76,1.6,1.0958,125,1.61,1.1027,8,1.62,1.1095,1149,0
SPY190805P293,2019-08-02,2019-08-02 09:38:20,1.63,1.1164,59,1.61,1.1027,5,1.61,1.1027,8,1.62,1.1095,1149,0
SPY190805P293,2019-08-02,2019-08-02 09:38:21,1.66,1.1369,77,1.62,1.1095,130,1.64,1.1232,4,1.64,1.1232,1153,4
SPY190805P293,2019-08-02,2019-08-02 09:38:22,1.65,1.1301,74,1.62,1.1095,103,1.64,1.1232,4,1.635,1.1198,1153,0
SPY190805P293,2019-08-02,2019-08-02 09:38:23,1.63,1.1164,6,1.61,1.1027,6,1.62,1.1095,1,1.62,1.1095,1325,172
SPY190805P293,2019-08-02,2019-08-02 09:38:23,1.65,1.1301,74,1.61,1.1027,24,1.64,1.1232,4,1.63,1.1164,1153,0
SPY190805P293,2019-08-02,2019-08-02 09:38:24,1.62,1.1095,55,1.6,1.0958,6,1.61,1.1027,2,1.61,1.1027,1332,7
SPY190805P293,2019-08-02,2019-08-02 09:38:25,1.61,1.1027,6,1.6,1.0958,6,1.61,1.1027,3,1.605,1.0993,1335,3
SPY190805P293,2019-08-02,2019-08-02 09:38:25,1.62,1.1095,6,1.6,1.0958,6,1.61,1.1027,3,1.61,1.1027,1335,0
SPY190805P293,2019-08-02,2019-08-02 09:38:29,1.63,1.1164,74,1.61,1.1027,71,1.61,1.1027,3,1.62,1.1095,1335,0
SPY190805P293,2019-08-02,2019-08-02 09:38:35,1.56,1.0684,6,1.54,1.0547,118,1.57,1.0753,2,1.55,1.0616,1350,15
SPY190805P293,2019-08-02,2019-08-02 09:38:36,1.56,1.0684,50,1.54,1.0547,118,1.57,1.0753,2,1.55,1.0616,1350,0
SPY190805P293,2019-08-02,2019-08-02 09:38:37,1.57,1.0753,384,1.52,1.041,118,1.54,1.0547,10,1.545,1.0582,1360,10
SPY190805P293,2019-08-02,2019-08-02 09:38:38,1.56,1.0684,56,1.51,1.0342,106,1.54,1.0547,10,1.535,1.0513,1360,0
SPY190805P293,2019-08-02,2019-08-02 09:38:38,1.57,1.0753,360,1.54,1.0547,6,1.54,1.0547,10,1.555,1.065,1360,0
SPY190805P293,2019-08-02,2019-08-02 09:38:39,1.57,1.0753,360,1.53,1.0479,111,1.54,1.0547,10,1.55,1.0616,1360,0
SPY190805P293,2019-08-02,2019-08-02 09:38:40,1.58,1.0821,50,1.55,1.0616,6,1.54,1.0547,10,1.565,1.0719,1360,0
SPY190805P293,2019-08-02,2019-08-02 09:38:41,1.58,1.0821,410,1.53,1.0479,100,1.54,1.0547,10,1.555,1.065,1360,0
SPY190805P293,2019-08-02,2019-08-02 09:38:41,1.57,1.0753,3,1.53,1.0479,5,1.54,1.0547,10,1.55,1.0616,1360,0
SPY190805P293,2019-08-02,2019-08-02 09:38:50,1.57,1.0753,6,1.55,1.0616,5,1.54,1.0547,10,1.56,1.0684,1360,0
SPY190805P293,2019-08-02,2019-08-02 09:38:51,1.59,1.089,55,1.56,1.0684,71,1.54,1.0547,10,1.575,1.0787,1360,0
SPY190805P293,2019-08-02,2019-08-02 09:38:53,1.59,1.089,27,1.56,1.0684,52,1.54,1.0547,10,1.575,1.0787,1360,0
SPY190805P293,2019-08-02,2019-08-02 09:38:53,1.59,1.089,11,1.57,1.0753,6,1.54,1.0547,10,1.58,1.0821,1360,0
SPY190805P293,2019-08-02,2019-08-02 09:38:56,1.58,1.0821,68,1.56,1.0684,1,1.54,1.0547,10,1.57,1.0753,1360,0
SPY190805P293,2019-08-02,2019-08-02 09:38:57,1.57,1.0753,6,1.56,1.0684,1,1.54,1.0547,10,1.565,1.0719,1360,0
SPY190805P293,2019-08-02,2019-08-02 09:38:58,1.58,1.0821,56,1.56,1.0684,1,1.54,1.0547,10,1.57,1.0753,1360,0
SPY190805P293,2019-08-02,2019-08-02 09:38:58,1.58,1.0821,6,1.56,1.0684,1,1.54,1.0547,10,1.57,1.0753,1360,0
SPY190805P293,2019-08-02,2019-08-02 09:38:59,1.56,1.0684,1,1.55,1.0616,11,1.56,1.0684,1,1.555,1.065,1361,1
SPY190805P293,2019-08-02,2019-08-02 09:39:00,1.56,1.0684,7,1.52,1.041,50,1.56,1.0684,1,1.54,1.0547,1361,0
SPY190805P293,2019-08-02,2019-08-02 09:39:01,1.54,1.0547,6,1.52,1.041,21,1.56,1.0684,1,1.53,1.0479,1361,0
SPY190805P293,2019-08-02,2019-08-02 09:39:02,1.53,1.0479,6,1.51,1.0342,24,1.56,1.0684,1,1.52,1.041,1361,0
SPY190805P293,2019-08-02,2019-08-02 09:39:03,1.52,1.041,123,1.48,1.0136,21,1.51,1.0342,12,1.5,1.0273,1454,93
SPY190805P293,2019-08-02,2019-08-02 09:39:06,1.53,1.0479,130,1.49,1.0205,24,1.51,1.0342,12,1.51,1.0342,1454,0
SPY190805P293,2019-08-02,2019-08-02 09:39:07,1.51,1.0342,77,1.48,1.0136,24,1.51,1.0342,8,1.495,1.0239,1462,8
SPY190805P293,2019-08-02,2019-08-02 09:39:08,1.47,1.0068,169,1.46,1.0,6,1.49,1.0205,8,1.465,1.0034,1470,8
SPY190805P293,2019-08-02,2019-08-02 09:39:08,1.5,1.0273,74,1.47,1.0068,6,1.51,1.0342,8,1.485,1.0171,1462,0
SPY190805P293,2019-08-02,2019-08-02 09:39:09,1.5,1.0273,20,1.47,1.0068,24,1.49,1.0205,8,1.485,1.0171,1470,0
SPY190805P293,2019-08-02,2019-08-02 09:39:10,1.5,1.0273,8,1.47,1.0068,21,1.49,1.0205,8,1.485,1.0171,1470,0
SPY190805P293,2019-08-02,2019-08-02 09:39:11,1.51,1.0342,6,1.49,1.0205,6,1.49,1.0205,8,1.5,1.0273,1470,0
SPY190805P293,2019-08-02,2019-08-02 09:39:12,1.49,1.0205,6,1.47,1.0068,6,1.49,1.0205,8,1.48,1.0136,1470,0
SPY190805P293,2019-08-02,2019-08-02 09:39:12,1.5,1.0273,26,1.47,1.0068,106,1.49,1.0205,8,1.485,1.0171,1470,0
SPY190805P293,2019-08-02,2019-08-02 09:39:13,1.51,1.0342,181,1.47,1.0068,6,1.49,1.0205,8,1.49,1.0205,1470,0
SPY190805P293,2019-08-02,2019-08-02 09:39:14,1.49,1.0205,11,1.47,1.0068,100,1.49,1.0205,8,1.48,1.0136,1470,0
SPY190805P293,2019-08-02,2019-08-02 09:39:15,1.49,1.0205,17,1.46,1.0,56,1.49,1.0205,8,1.475,1.0102,1470,0
SPY190805P293,2019-08-02,2019-08-02 09:39:16,1.48,1.0136,10,1.46,1.0,6,1.49,1.0205,8,1.47,1.0068,1470,0
SPY190805P293,2019-08-02,2019-08-02 09:39:16,1.48,1.0136,30,1.46,1.0,100,1.49,1.0205,8,1.47,1.0068,1470,0
SPY190805P293,2019-08-02,2019-08-02 09:39:17,1.48,1.0136,24,1.46,1.0,6,1.49,1.0205,8,1.47,1.0068,1470,0
SPY190805P293,2019-08-02,2019-08-02 09:39:18,1.48,1.0136,53,1.45,0.9931,6,1.49,1.0205,8,1.465,1.0034,1470,0
SPY190805P293,2019-08-02,2019-08-02 09:39:18,1.47,1.0068,178,1.44,0.9863,6,1.49,1.0205,8,1.455,0.9965,1470,0
SPY190805P293,2019-08-02,2019-08-02 09:39:19,1.48,1.0136,197,1.45,0.9931,6,1.49,1.0205,8,1.465,1.0034,1470,0
SPY190805P293,2019-08-02,2019-08-02 09:39:20,1.46,1.0,90,1.43,0.9794,136,1.49,1.0205,8,1.445,0.9897,1470,0
SPY190805P293,2019-08-02,2019-08-02 09:39:21,1.47,1.0068,179,1.44,0.9863,100,1.49,1.0205,8,1.455,0.9965,1470,0
SPY190805P293,2019-08-02,2019-08-02 09:39:22,1.46,1.0,186,1.44,0.9863,22,1.49,1.0205,8,1.45,0.9931,1470,0
SPY190805P293,2019-08-02,2019-08-02 09:39:23,1.46,1.0,169,1.44,0.9863,6,1.49,1.0205,8,1.45,0.9931,1470,0
SPY190805P293,2019-08-02,2019-08-02 09:39:23,1.46,1.0,111,1.44,0.9863,67,1.49,1.0205,8,1.45,0.9931,1470,0
SPY190805P293,2019-08-02,2019-08-02 09:39:25,1.45,0.9931,27,1.43,0.9794,25,1.49,1.0205,8,1.44,0.9863,1470,0
SPY190805P293,2019-08-02,2019-08-02 09:39:26,1.45,0.9931,27,1.44,0.9863,6,1.49,1.0205,8,1.445,0.9897,1470,0
SPY190805P293,2019-08-02,2019-08-02 09:39:26,1.45,0.9931,17,1.44,0.9863,6,1.49,1.0205,8,1.445,0.9897,1470,0
SPY190805P293,2019-08-02,2019-08-02 09:39:27,1.43,0.9794,284,1.38,0.9452,15,1.49,1.0205,8,1.405,0.9623,1470,0
SPY190805P293,2019-08-02,2019-08-02 09:39:27,1.45,0.9931,24,1.44,0.9863,6,1.49,1.0205,8,1.445,0.9897,1470,0
SPY190805P293,2019-08-02,2019-08-02 09:39:28,1.43,0.9794,284,1.39,0.952,100,1.49,1.0205,8,1.41,0.9657,1470,0
SPY190805P293,2019-08-02,2019-08-02 09:39:29,1.41,0.9657,18,1.39,0.952,100,1.49,1.0205,8,1.4,0.9589,1470,0
SPY190805P293,2019-08-02,2019-08-02 09:39:29,1.42,0.9726,185,1.39,0.952,100,1.49,1.0205,8,1.405,0.9623,1470,0
SPY190805P293,2019-08-02,2019-08-02 09:39:30,1.41,0.9657,30,1.39,0.952,6,1.49,1.0205,8,1.4,0.9589,1470,0
SPY190805P293,2019-08-02,2019-08-02 09:39:31,1.41,0.9657,130,1.39,0.952,6,1.49,1.0205,8,1.4,0.9589,1470,0
SPY190805P293,2019-08-02,2019-08-02 09:39:31,1.43,0.9794,30,1.41,0.9657,26,1.49,1.0205,8,1.42,0.9726,1470,0
SPY190805P293,2019-08-02,2019-08-02 09:39:32,1.41,0.9657,27,1.38,0.9452,26,1.49,1.0205,8,1.395,0.9554,1470,0
SPY190805P293,2019-08-02,2019-08-02 09:39:33,1.41,0.9657,27,1.37,0.9383,144,1.49,1.0205,8,1.39,0.952,1470,0
SPY190805P293,2019-08-02,2019-08-02 09:39:34,1.35,0.9246,1,1.35,0.9246,3,1.35,0.9246,2,1.35,0.9246,1472,2
SPY190805P293,2019-08-02,2019-08-02 09:39:36,1.34,0.9178,14,1.33,0.9109,6,1.35,0.9246,2,1.335,0.9143,1472,0
SPY190805P293,2019-08-02,2019-08-02 09:39:37,1.35,0.9246,36,1.32,0.9041,125,1.35,0.9246,2,1.335,0.9143,1472,0
SPY190805P293,2019-08-02,2019-08-02 09:39:39,1.35,0.9246,40,1.34,0.9178,19,1.34,0.9178,5,1.345,0.9212,1485,13
SPY190805P293,2019-08-02,2019-08-02 09:39:40,1.37,0.9383,248,1.35,0.9246,6,1.35,0.9246,40,1.36,0.9315,1525,40
SPY190805P293,2019-08-02,2019-08-02 09:39:42,1.38,0.9452,99,1.35,0.9246,26,1.35,0.9246,40,1.365,0.9349,1525,0
SPY190805P293,2019-08-02,2019-08-02 09:39:43,1.41,0.9657,172,1.39,0.952,6,1.35,0.9246,40,1.4,0.9589,1525,0
SPY190805P293,2019-08-02,2019-08-02 09:39:43,1.41,0.9657,6,1.39,0.952,6,1.35,0.9246,40,1.4,0.9589,1525,0
SPY190805P293,2019-08-02,2019-08-02 09:39:44,1.41,0.9657,20,1.39,0.952,84,1.35,0.9246,40,1.4,0.9589,1525,0
SPY190805P293,2019-08-02,2019-08-02 09:39:45,1.4,0.9589,27,1.38,0.9452,100,1.35,0.9246,40,1.39,0.952,1525,0
SPY190805P293,2019-08-02,2019-08-02 09:39:45,1.42,0.9726,98,1.39,0.952,100,1.35,0.9246,40,1.405,0.9623,1525,0
SPY190805P293,2019-08-02,2019-08-02 09:39:46,1.4,0.9589,3,1.37,0.9383,126,1.35,0.9246,40,1.385,0.9486,1525,0
SPY190805P293,2019-08-02,2019-08-02 09:39:47,1.39,0.952,34,1.37,0.9383,6,1.35,0.9246,40,1.38,0.9452,1525,0
SPY190805P293,2019-08-02,2019-08-02 09:39:48,1.38,0.9452,114,1.36,0.9315,6,1.39,0.952,10,1.37,0.9383,1535,10
SPY190805P293,2019-08-02,2019-08-02 09:39:48,1.38,0.9452,114,1.32,0.9041,26,1.39,0.952,10,1.35,0.9246,1535,0
SPY190805P293,2019-08-02,2019-08-02 09:39:49,1.36,0.9315,15,1.34,0.9178,29,1.39,0.952,10,1.35,0.9246,1535,0
SPY190805P293,2019-08-02,2019-08-02 09:39:50,1.38,0.9452,31,1.36,0.9315,6,1.39,0.952,10,1.37,0.9383,1535,0
SPY190805P293,2019-08-02,2019-08-02 09:39:51,1.39,0.952,113,1.37,0.9383,5,1.39,0.952,10,1.38,0.9452,1535,0
SPY190805P293,2019-08-02,2019-08-02 09:39:52,1.4,0.9589,120,1.37,0.9383,32,1.39,0.952,10,1.385,0.9486,1535,0
SPY190805P293,2019-08-02,2019-08-02 09:39:53,1.39,0.952,62,1.36,0.9315,77,1.39,0.952,10,1.375,0.9417,1535,0
SPY190805P293,2019-08-02,2019-08-02 09:39:55,1.39,0.952,93,1.33,0.9109,100,1.39,0.952,10,1.36,0.9315,1535,0
SPY190805P293,2019-08-02,2019-08-02 09:39:55,1.38,0.9452,14,1.35,0.9246,79,1.39,0.952,10,1.365,0.9349,1535,0
SPY190805P293,2019-08-02,2019-08-02 09:39:56,1.39,0.952,30,1.37,0.9383,6,1.39,0.952,10,1.38,0.9452,1535,0
SPY190805P293,2019-08-02,2019-08-02 09:39:57,1.39,0.952,2,1.38,0.9452,6,1.39,0.952,1,1.385,0.9486,1536,1
SPY190805P293,2019-08-02,2019-08-02 09:39:58,1.42,0.9726,7,1.4,0.9589,26,1.42,0.9726,1,1.41,0.9657,1537,1
SPY190805P293,2019-08-02,2019-08-02 09:39:58,1.42,0.9726,37,1.4,0.9589,6,1.39,0.952,1,1.41,0.9657,1536,0
SPY190805P293,2019-08-02,2019-08-02 09:39:59,1.45,0.9931,29,1.41,0.9657,126,1.42,0.9726,4,1.43,0.9794,1543,0
SPY190805P293,2019-08-02,2019-08-02 09:39:59,1.46,1.0,127,1.41,0.9657,126,1.42,0.9726,4,1.435,0.9828,1543,6
SPY190805P293,2019-08-02,2019-08-02 09:40:00,1.46,1.0,27,1.44,0.9863,6,1.42,0.9726,4,1.45,0.9931,1543,0
SPY190805P293,2019-08-02,2019-08-02 09:40:01,1.46,1.0,5,1.44,0.9863,6,1.42,0.9726,4,1.45,0.9931,1543,0
SPY190805P293,2019-08-02,2019-08-02 09:40:02,1.47,1.0068,37,1.45,0.9931,6,1.42,0.9726,4,1.46,1.0,1543,0
SPY190805P293,2019-08-02,2019-08-02 09:40:02,1.46,1.0,30,1.44,0.9863,86,1.42,0.9726,4,1.45,0.9931,1543,0
SPY190805P293,2019-08-02,2019-08-02 09:40:03,1.46,1.0,1,1.44,0.9863,18,1.42,0.9726,4,1.45,0.9931,1543,0
SPY190805P293,2019-08-02,2019-08-02 09:40:04,1.48,1.0136,10,1.46,1.0,7,1.42,0.9726,4,1.47,1.0068,1543,0
SPY190805P293,2019-08-02,2019-08-02 09:40:05,1.48,1.0136,1,1.46,1.0,80,1.42,0.9726,4,1.47,1.0068,1543,0
SPY190805P293,2019-08-02,2019-08-02 09:40:06,1.47,1.0068,6,1.44,0.9863,56,1.42,0.9726,4,1.455,0.9965,1543,0
SPY190805P293,2019-08-02,2019-08-02 09:40:06,1.48,1.0136,7,1.46,1.0,30,1.42,0.9726,4,1.47,1.0068,1543,0
SPY190805P293,2019-08-02,2019-08-02 09:40:07,1.46,1.0,6,1.44,0.9863,26,1.42,0.9726,4,1.45,0.9931,1543,0
SPY190805P293,2019-08-02,2019-08-02 09:40:08,1.47,1.0068,63,1.45,0.9931,26,1.42,0.9726,4,1.46,1.0,1543,0
SPY190805P293,2019-08-02,2019-08-02 09:40:09,1.48,1.0136,29,1.46,1.0,26,1.42,0.9726,4,1.47,1.0068,1543,0
SPY190805P293,2019-08-02,2019-08-02 09:40:10,1.48,1.0136,27,1.48,1.0136,24,1.42,0.9726,4,1.48,1.0136,1543,0
SPY190805P293,2019-08-02,2019-08-02 09:40:10,1.52,1.041,2,1.49,1.0205,139,1.5,1.0273,20,1.505,1.0308,1563,20
SPY190805P293,2019-08-02,2019-08-02 09:40:11,1.55,1.0616,6,1.49,1.0205,139,1.5,1.0273,20,1.52,1.041,1563,0
SPY190805P293,2019-08-02,2019-08-02 09:40:12,1.53,1.0479,6,1.51,1.0342,26,1.5,1.0273,20,1.52,1.041,1563,0
SPY190805P293,2019-08-02,2019-08-02 09:40:13,1.56,1.0684,24,1.53,1.0479,26,1.5,1.0273,20,1.545,1.0582,1563,0
SPY190805P293,2019-08-02,2019-08-02 09:40:13,1.55,1.0616,6,1.52,1.041,6,1.5,1.0273,20,1.535,1.0513,1563,0
SPY190805P293,2019-08-02,2019-08-02 09:40:14,1.56,1.0684,27,1.53,1.0479,26,1.5,1.0273,20,1.545,1.0582,1563,0
SPY190805P293,2019-08-02,2019-08-02 09:40:15,1.53,1.0479,25,1.5,1.0273,82,1.5,1.0273,20,1.515,1.0376,1563,0
SPY190805P293,2019-08-02,2019-08-02 09:40:15,1.53,1.0479,6,1.5,1.0273,32,1.5,1.0273,20,1.515,1.0376,1563,0
SPY190805P293,2019-08-02,2019-08-02 09:40:16,1.52,1.041,9,1.5,1.0273,10,1.5,1.0273,20,1.51,1.0342,1563,0
SPY190805P293,2019-08-02,2019-08-02 09:40:17,1.52,1.041,6,1.5,1.0273,9,1.5,1.0273,20,1.51,1.0342,1563,0
SPY190805P293,2019-08-02,2019-08-02 09:40:17,1.51,1.0342,24,1.49,1.0205,6,1.5,1.0273,20,1.5,1.0273,1563,0
SPY190805P293,2019-08-02,2019-08-02 09:40:18,1.51,1.0342,9,1.49,1.0205,15,1.5,1.0273,20,1.5,1.0273,1563,0
SPY190805P293,2019-08-02,2019-08-02 09:40:18,1.52,1.041,9,1.5,1.0273,7,1.5,1.0273,20,1.51,1.0342,1563,0
SPY190805P293,2019-08-02,2019-08-02 09:40:19,1.51,1.0342,9,1.47,1.0068,3,1.51,1.0342,1,1.49,1.0205,1574,11
SPY190805P293,2019-08-02,2019-08-02 09:40:20,1.51,1.0342,120,1.47,1.0068,5,1.51,1.0342,1,1.49,1.0205,1574,0
SPY190805P293,2019-08-02,2019-08-02 09:40:20,1.51,1.0342,20,1.48,1.0136,26,1.51,1.0342,9,1.495,1.0239,1583,9
SPY190805P293,2019-08-02,2019-08-02 09:40:21,1.53,1.0479,139,1.51,1.0342,6,1.51,1.0342,9,1.52,1.041,1583,0
SPY190805P293,2019-08-02,2019-08-02 09:40:22,1.52,1.041,18,1.49,1.0205,100,1.51,1.0342,9,1.505,1.0308,1583,0
SPY190805P293,2019-08-02,2019-08-02 09:40:22,1.53,1.0479,139,1.51,1.0342,6,1.51,1.0342,9,1.52,1.041,1583,0
SPY190805P293,2019-08-02,2019-08-02 09:40:24,1.53,1.0479,27,1.5,1.0273,54,1.51,1.0342,9,1.515,1.0376,1583,0
SPY190805P293,2019-08-02,2019-08-02 09:40:25,1.52,1.041,20,1.5,1.0273,6,1.51,1.0342,9,1.51,1.0342,1583,0
SPY190805P293,2019-08-02,2019-08-02 09:40:26,1.52,1.041,54,1.5,1.0273,37,1.51,1.0342,9,1.51,1.0342,1583,0
SPY190805P293,2019-08-02,2019-08-02 09:40:26,1.52,1.041,11,1.5,1.0273,26,1.51,1.0342,9,1.51,1.0342,1583,0
SPY190805P293,2019-08-02,2019-08-02 09:40:27,1.52,1.041,9,1.51,1.0342,6,1.51,1.0342,9,1.515,1.0376,1583,0
SPY190805P293,2019-08-02,2019-08-02 09:40:28,1.52,1.041,3,1.5,1.0273,26,1.51,1.0342,9,1.51,1.0342,1583,0
SPY190805P293,2019-08-02,2019-08-02 09:40:29,1.54,1.0547,138,1.51,1.0342,26,1.51,1.0342,9,1.525,1.0445,1583,0
SPY190805P293,2019-08-02,2019-08-02 09:40:29,1.55,1.0616,22,1.51,1.0342,26,1.51,1.0342,9,1.53,1.0479,1583,0
SPY190805P293,2019-08-02,2019-08-02 09:40:30,1.55,1.0616,6,1.52,1.041,58,1.53,1.0479,1,1.535,1.0513,1584,1
SPY190805P293,2019-08-02,2019-08-02 09:40:31,1.56,1.0684,7,1.53,1.0479,21,1.53,1.0479,1,1.545,1.0582,1584,0
SPY190805P293,2019-08-02,2019-08-02 09:40:31,1.54,1.0547,19,1.52,1.041,28,1.53,1.0479,1,1.53,1.0479,1584,0
SPY190805P293,2019-08-02,2019-08-02 09:40:32,1.57,1.0753,21,1.54,1.0547,24,1.53,1.0479,1,1.555,1.065,1584,0
SPY190805P293,2019-08-02,2019-08-02 09:40:32,1.58,1.0821,140,1.54,1.0547,56,1.53,1.0479,1,1.56,1.0684,1584,0
SPY190805P293,2019-08-02,2019-08-02 09:40:33,1.59,1.089,138,1.55,1.0616,86,1.53,1.0479,1,1.57,1.0753,1584,0
SPY190805P293,2019-08-02,2019-08-02 09:40:34,1.58,1.0821,30,1.55,1.0616,100,1.53,1.0479,1,1.565,1.0719,1584,0
SPY190805P293,2019-08-02,2019-08-02 09:40:34,1.58,1.0821,24,1.56,1.0684,13,1.53,1.0479,1,1.57,1.0753,1584,0
SPY190805P293,2019-08-02,2019-08-02 09:40:35,1.59,1.089,124,1.56,1.0684,58,1.53,1.0479,1,1.575,1.0787,1584,0
SPY190805P293,2019-08-02,2019-08-02 09:40:36,1.62,1.1095,129,1.57,1.0753,179,1.53,1.0479,1,1.595,1.0924,1584,0
SPY190805P293,2019-08-02,2019-08-02 09:40:36,1.58,1.0821,24,1.55,1.0616,32,1.53,1.0479,1,1.565,1.0719,1584,0
SPY190805P293,2019-08-02,2019-08-02 09:40:37,1.62,1.1095,12,1.59,1.089,28,1.53,1.0479,1,1.605,1.0993,1584,0
SPY190805P293,2019-08-02,2019-08-02 09:40:38,1.62,1.1095,21,1.59,1.089,58,1.53,1.0479,1,1.605,1.0993,1584,0
SPY190805P293,2019-08-02,2019-08-02 09:40:38,1.6,1.0958,19,1.57,1.0753,64,1.53,1.0479,1,1.585,1.0856,1584,0
SPY190805P293,2019-08-02,2019-08-02 09:40:39,1.6,1.0958,19,1.57,1.0753,155,1.53,1.0479,1,1.585,1.0856,1584,0
SPY190805P293,2019-08-02,2019-08-02 09:40:40,1.59,1.089,6,1.57,1.0753,100,1.53,1.0479,1,1.58,1.0821,1584,0
SPY190805P293,2019-08-02,2019-08-02 09:40:41,1.59,1.089,17,1.56,1.0684,26,1.53,1.0479,1,1.575,1.0787,1584,0
SPY190805P293,2019-08-02,2019-08-02 09:40:42,1.58,1.0821,6,1.56,1.0684,26,1.53,1.0479,1,1.57,1.0753,1584,0
SPY190805P293,2019-08-02,2019-08-02 09:40:42,1.58,1.0821,19,1.55,1.0616,36,1.53,1.0479,1,1.565,1.0719,1584,0
SPY190805P293,2019-08-02,2019-08-02 09:40:43,1.61,1.1027,6,1.59,1.089,33,1.53,1.0479,1,1.6,1.0958,1584,0
SPY190805P293,2019-08-02,2019-08-02 09:40:44,1.6,1.0958,4,1.58,1.0821,100,1.53,1.0479,1,1.59,1.089,1584,0
SPY190805P293,2019-08-02,2019-08-02 09:40:44,1.61,1.1027,6,1.59,1.089,26,1.53,1.0479,1,1.6,1.0958,1584,0
SPY190805P293,2019-08-02,2019-08-02 09:40:45,1.59,1.089,19,1.56,1.0684,76,1.53,1.0479,1,1.575,1.0787,1584,0
SPY190805P293,2019-08-02,2019-08-02 09:40:46,1.59,1.089,11,1.56,1.0684,6,1.53,1.0479,1,1.575,1.0787,1584,0
SPY190805P293,2019-08-02,2019-08-02 09:40:47,1.57,1.0753,6,1.55,1.0616,7,1.53,1.0479,1,1.56,1.0684,1584,0
SPY190805P293,2019-08-02,2019-08-02 09:40:47,1.58,1.0821,15,1.55,1.0616,1,1.53,1.0479,1,1.565,1.0719,1584,0
SPY190805P293,2019-08-02,2019-08-02 09:40:48,1.59,1.089,13,1.57,1.0753,6,1.53,1.0479,1,1.58,1.0821,1584,0
SPY190805P293,2019-08-02,2019-08-02 09:40:49,1.6,1.0958,119,1.57,1.0753,26,1.53,1.0479,1,1.585,1.0856,1584,0
SPY190805P293,2019-08-02,2019-08-02 09:40:50,1.61,1.1027,53,1.59,1.089,6,1.53,1.0479,1,1.6,1.0958,1584,0
SPY190805P293,2019-08-02,2019-08-02 09:40:51,1.59,1.089,7,1.58,1.0821,26,1.53,1.0479,1,1.585,1.0856,1584,0
SPY190805P293,2019-08-02,2019-08-02 09:40:51,1.59,1.089,6,1.57,1.0753,26,1.53,1.0479,1,1.58,1.0821,1584,0
SPY190805P293,2019-08-02,2019-08-02 09:40:52,1.63,1.1164,50,1.59,1.089,30,1.59,1.089,7,1.61,1.1027,1591,7
SPY190805P293,2019-08-02,2019-08-02 09:40:53,1.63,1.1164,6,1.6,1.0958,30,1.59,1.089,7,1.615,1.1061,1591,0
SPY190805P293,2019-08-02,2019-08-02 09:40:53,1.63,1.1164,17,1.6,1.0958,6,1.59,1.089,7,1.615,1.1061,1591,0
SPY190805P293,2019-08-02,2019-08-02 09:40:54,1.64,1.1232,6,1.62,1.1095,36,1.59,1.089,7,1.63,1.1164,1591,0
SPY190805P293,2019-08-02,2019-08-02 09:40:55,1.64,1.1232,6,1.61,1.1027,73,1.59,1.089,7,1.625,1.113,1591,0
SPY190805P293,2019-08-02,2019-08-02 09:40:56,1.66,1.1369,119,1.63,1.1164,18,1.59,1.089,7,1.645,1.1267,1591,0
SPY190805P293,2019-08-02,2019-08-02 09:40:56,1.65,1.1301,11,1.62,1.1095,51,1.59,1.089,7,1.635,1.1198,1591,0
SPY190805P293,2019-08-02,2019-08-02 09:40:57,1.64,1.1232,1,1.62,1.1095,78,1.64,1.1232,10,1.63,1.1164,1601,10
SPY190805P293,2019-08-02,2019-08-02 09:40:57,1.64,1.1232,6,1.62,1.1095,68,1.59,1.089,7,1.63,1.1164,1591,0
SPY190805P293,2019-08-02,2019-08-02 09:40:58,1.68,1.1506,14,1.63,1.1164,66,1.64,1.1232,10,1.655,1.1335,1601,0
SPY190805P293,2019-08-02,2019-08-02 09:40:59,1.63,1.1164,6,1.58,1.0821,25,1.64,1.1232,10,1.605,1.0993,1601,0
SPY190805P293,2019-08-02,2019-08-02 09:40:59,1.65,1.1301,6,1.61,1.1027,172,1.64,1.1232,10,1.63,1.1164,1601,0
SPY190805P293,2019-08-02,2019-08-02 09:41:00,1.65,1.1301,50,1.59,1.089,56,1.64,1.1232,10,1.62,1.1095,1601,0
SPY190805P293,2019-08-02,2019-08-02 09:41:01,1.62,1.1095,6,1.6,1.0958,25,1.64,1.1232,10,1.61,1.1027,1601,0
SPY190805P293,2019-08-02,2019-08-02 09:41:02,1.62,1.1095,6,1.59,1.089,86,1.64,1.1232,10,1.605,1.0993,1601,0
SPY190805P293,2019-08-02,2019-08-02 09:41:03,1.62,1.1095,8,1.59,1.089,53,1.64,1.1232,10,1.605,1.0993,1601,0
SPY190805P293,2019-08-02,2019-08-02 09:41:03,1.62,1.1095,6,1.59,1.089,65,1.64,1.1232,10,1.605,1.0993,1601,0
SPY190805P293,2019-08-02,2019-08-02 09:41:04,1.61,1.1027,7,1.58,1.0821,95,1.64,1.1232,10,1.595,1.0924,1601,0
SPY190805P293,2019-08-02,2019-08-02 09:41:05,1.61,1.1027,8,1.58,1.0821,95,1.64,1.1232,10,1.595,1.0924,1601,0
SPY190805P293,2019-08-02,2019-08-02 09:41:06,1.61,1.1027,6,1.58,1.0821,26,1.64,1.1232,10,1.595,1.0924,1601,0
SPY190805P293,2019-08-02,2019-08-02 09:41:07,1.61,1.1027,116,1.58,1.0821,29,1.64,1.1232,10,1.595,1.0924,1601,0
SPY190805P293,2019-08-02,2019-08-02 09:41:07,1.6,1.0958,6,1.58,1.0821,15,1.64,1.1232,10,1.59,1.089,1601,0
SPY190805P293,2019-08-02,2019-08-02 09:41:08,1.6,1.0958,6,1.58,1.0821,26,1.64,1.1232,10,1.59,1.089,1601,0
SPY190805P293,2019-08-02,2019-08-02 09:41:08,1.61,1.1027,108,1.58,1.0821,60,1.64,1.1232,10,1.595,1.0924,1601,0
SPY190805P293,2019-08-02,2019-08-02 09:41:09,1.62,1.1095,13,1.59,1.089,26,1.64,1.1232,10,1.605,1.0993,1601,0
SPY190805P293,2019-08-02,2019-08-02 09:41:10,1.61,1.1027,6,1.6,1.0958,1,1.64,1.1232,10,1.605,1.0993,1601,0
SPY190805P293,2019-08-02,2019-08-02 09:41:10,1.63,1.1164,56,1.6,1.0958,1,1.64,1.1232,10,1.615,1.1061,1601,0
SPY190805P293,2019-08-02,2019-08-02 09:41:11,1.63,1.1164,30,1.6,1.0958,75,1.64,1.1232,10,1.615,1.1061,1601,0
SPY190805P293,2019-08-02,2019-08-02 09:41:12,1.63,1.1164,6,1.61,1.1027,10,1.64,1.1232,10,1.62,1.1095,1601,0
SPY190805P293,2019-08-02,2019-08-02 09:41:12,1.66,1.1369,29,1.62,1.1095,26,1.64,1.1232,10,1.64,1.1232,1601,0
SPY190805P293,2019-08-02,2019-08-02 09:41:13,1.64,1.1232,8,1.61,1.1027,76,1.64,1.1232,10,1.625,1.113,1601,0
SPY190805P293,2019-08-02,2019-08-02 09:41:14,1.62,1.1095,6,1.61,1.1027,20,1.64,1.1232,10,1.615,1.1061,1601,0
SPY190805P293,2019-08-02,2019-08-02 09:41:16,1.61,1.1027,8,1.6,1.0958,1,1.61,1.1027,20,1.605,1.0993,1632,31
SPY190805P293,2019-08-02,2019-08-02 09:41:18,1.62,1.1095,5,1.58,1.0821,76,1.61,1.1027,4,1.6,1.0958,1637,5
SPY190805P293,2019-08-02,2019-08-02 09:41:19,1.63,1.1164,6,1.6,1.0958,9,1.61,1.1027,4,1.615,1.1061,1637,0
SPY190805P293,2019-08-02,2019-08-02 09:41:21,1.62,1.1095,15,1.6,1.0958,20,1.61,1.1027,4,1.61,1.1027,1637,0
SPY190805P293,2019-08-02,2019-08-02 09:41:22,1.61,1.1027,7,1.58,1.0821,21,1.61,1.1027,4,1.595,1.0924,1637,0
SPY190805P293,2019-08-02,2019-08-02 09:41:25,1.58,1.0821,1,1.56,1.0684,3,1.55,1.0616,2,1.57,1.0753,1662,25
SPY190805P293,2019-08-02,2019-08-02 09:41:27,1.58,1.0821,47,1.57,1.0753,6,1.55,1.0616,2,1.575,1.0787,1662,0
SPY190805P293,2019-08-02,2019-08-02 09:41:29,1.58,1.0821,6,1.56,1.0684,3,1.55,1.0616,2,1.57,1.0753,1662,0
SPY190805P293,2019-08-02,2019-08-02 09:41:30,1.59,1.089,12,1.57,1.0753,6,1.55,1.0616,2,1.58,1.0821,1662,0
SPY190805P293,2019-08-02,2019-08-02 09:41:30,1.59,1.089,6,1.56,1.0684,18,1.55,1.0616,2,1.575,1.0787,1662,0
SPY190805P293,2019-08-02,2019-08-02 09:41:31,1.58,1.0821,6,1.56,1.0684,80,1.55,1.0616,2,1.57,1.0753,1662,0
SPY190805P293,2019-08-02,2019-08-02 09:41:32,1.58,1.0821,16,1.56,1.0684,18,1.55,1.0616,2,1.57,1.0753,1662,0
SPY190805P293,2019-08-02,2019-08-02 09:41:33,1.58,1.0821,38,1.56,1.0684,3,1.55,1.0616,2,1.57,1.0753,1662,0
SPY190805P293,2019-08-02,2019-08-02 09:41:34,1.57,1.0753,6,1.56,1.0684,3,1.55,1.0616,2,1.565,1.0719,1662,0
SPY190805P293,2019-08-02,2019-08-02 09:41:34,1.57,1.0753,87,1.56,1.0684,1,1.56,1.0684,2,1.565,1.0719,1664,2
SPY190805P293,2019-08-02,2019-08-02 09:41:35,1.56,1.0684,116,1.52,1.041,57,1.55,1.0616,2,1.54,1.0547,1666,2
SPY190805P293,2019-08-02,2019-08-02 09:41:36,1.54,1.0547,6,1.52,1.041,16,1.53,1.0479,1,1.53,1.0479,1667,1
SPY190805P293,2019-08-02,2019-08-02 09:41:37,1.58,1.0821,37,1.54,1.0547,23,1.53,1.0479,1,1.56,1.0684,1667,0
SPY190805P293,2019-08-02,2019-08-02 09:41:38,1.56,1.0684,6,1.53,1.0479,126,1.53,1.0479,1,1.545,1.0582,1667,0
SPY190805P293,2019-08-02,2019-08-02 09:41:38,1.57,1.0753,73,1.54,1.0547,194,1.53,1.0479,1,1.555,1.065,1667,0
SPY190805P293,2019-08-02,2019-08-02 09:41:40,1.55,1.0616,6,1.54,1.0547,25,1.57,1.0753,5,1.545,1.0582,1672,0
SPY190805P293,2019-08-02,2019-08-02 09:41:40,1.57,1.0753,72,1.54,1.0547,25,1.57,1.0753,5,1.555,1.065,1672,5
SPY190805P293,2019-08-02,2019-08-02 09:41:41,1.55,1.0616,6,1.54,1.0547,54,1.57,1.0753,5,1.545,1.0582,1672,0
SPY190805P293,2019-08-02,2019-08-02 09:41:42,1.58,1.0821,6,1.56,1.0684,31,1.57,1.0753,5,1.57,1.0753,1672,0
SPY190805P293,2019-08-02,2019-08-02 09:41:43,1.58,1.0821,16,1.55,1.0616,69,1.57,1.0753,5,1.565,1.0719,1672,0
SPY190805P293,2019-08-02,2019-08-02 09:41:44,1.58,1.0821,6,1.56,1.0684,26,1.57,1.0753,5,1.57,1.0753,1672,0
SPY190805P293,2019-08-02,2019-08-02 09:41:45,1.58,1.0821,20,1.56,1.0684,26,1.57,1.0753,5,1.57,1.0753,1672,0
SPY190805P293,2019-08-02,2019-08-02 09:41:46,1.58,1.0821,8,1.56,1.0684,73,1.57,1.0753,5,1.57,1.0753,1672,0
SPY190805P293,2019-08-02,2019-08-02 09:41:47,1.58,1.0821,24,1.56,1.0684,84,1.57,1.0753,5,1.57,1.0753,1672,0
SPY190805P293,2019-08-02,2019-08-02 09:41:48,1.57,1.0753,6,1.54,1.0547,126,1.57,1.0753,5,1.555,1.065,1672,0
SPY190805P293,2019-08-02,2019-08-02 09:41:49,1.55,1.0616,50,1.52,1.041,26,1.57,1.0753,5,1.535,1.0513,1672,0
SPY190805P293,2019-08-02,2019-08-02 09:41:50,1.53,1.0479,6,1.52,1.041,16,1.57,1.0753,5,1.525,1.0445,1672,0
SPY190805P293,2019-08-02,2019-08-02 09:41:51,1.53,1.0479,6,1.51,1.0342,26,1.52,1.041,2,1.52,1.041,1691,19
SPY190805P293,2019-08-02,2019-08-02 09:41:51,1.53,1.0479,24,1.5,1.0273,55,1.52,1.041,2,1.515,1.0376,1691,0
SPY190805P293,2019-08-02,2019-08-02 09:41:52,1.53,1.0479,24,1.5,1.0273,26,1.52,1.041,2,1.515,1.0376,1691,0
SPY190805P293,2019-08-02,2019-08-02 09:41:53,1.53,1.0479,24,1.49,1.0205,282,1.52,1.041,2,1.51,1.0342,1691,0
SPY190805P293,2019-08-02,2019-08-02 09:41:54,1.52,1.041,64,1.47,1.0068,32,1.52,1.041,2,1.495,1.0239,1691,0
SPY190805P293,2019-08-02,2019-08-02 09:41:54,1.53,1.0479,24,1.5,1.0273,26,1.52,1.041,2,1.515,1.0376,1691,0
SPY190805P293,2019-08-02,2019-08-02 09:41:55,1.5,1.0273,6,1.47,1.0068,137,1.52,1.041,2,1.485,1.0171,1691,0
SPY190805P293,2019-08-02,2019-08-02 09:41:56,1.5,1.0273,24,1.48,1.0136,95,1.52,1.041,2,1.49,1.0205,1691,0
SPY190805P293,2019-08-02,2019-08-02 09:41:57,1.52,1.041,51,1.49,1.0205,110,1.52,1.041,2,1.505,1.0308,1691,0
SPY190805P293,2019-08-02,2019-08-02 09:41:58,1.53,1.0479,106,1.5,1.0273,26,1.52,1.041,2,1.515,1.0376,1691,0
SPY190805P293,2019-08-02,2019-08-02 09:41:58,1.52,1.041,64,1.48,1.0136,271,1.52,1.041,2,1.5,1.0273,1691,0
SPY190805P293,2019-08-02,2019-08-02 09:41:59,1.51,1.0342,6,1.49,1.0205,31,1.52,1.041,2,1.5,1.0273,1691,0
SPY190805P293,2019-08-02,2019-08-02 09:42:00,1.5,1.0273,24,1.45,0.9931,10,1.52,1.041,2,1.475,1.0102,1691,0
SPY190805P293,2019-08-02,2019-08-02 09:42:01,1.49,1.0205,55,1.45,0.9931,86,1.52,1.041,2,1.47,1.0068,1691,0
SPY190805P293,2019-08-02,2019-08-02 09:42:02,1.49,1.0205,6,1.48,1.0136,360,1.52,1.041,2,1.485,1.0171,1691,0
SPY190805P293,2019-08-02,2019-08-02 09:42:03,1.58,1.0821,2,1.49,1.0205,110,1.58,1.0821,2,1.535,1.0513,1694,3
SPY190805P293,2019-08-02,2019-08-02 09:42:03,1.58,1.0821,2,1.48,1.0136,360,1.52,1.041,2,1.53,1.0479,1691,0
SPY190805P293,2019-08-02,2019-08-02 09:42:05,1.58,1.0821,2,1.62,1.1095,259,1.58,1.0821,2,1.6,1.0958,1694,0
SPY190805P293,2019-08-02,2019-08-02 09:42:05,1.69,1.1575,60,1.64,1.1232,112,1.58,1.0821,2,1.665,1.1404,1694,0
SPY190805P293,2019-08-02,2019-08-02 09:42:06,1.72,1.178,60,1.64,1.1232,76,1.58,1.0821,2,1.68,1.1506,1694,0
SPY190805P293,2019-08-02,2019-08-02 09:42:06,1.74,1.1917,360,1.64,1.1232,360,1.58,1.0821,2,1.69,1.1575,1694,0
SPY190805P293,2019-08-02,2019-08-02 09:42:07,1.66,1.1369,7,1.6,1.0958,6,1.58,1.0821,2,1.63,1.1164,1694,0
SPY190805P293,2019-08-02,2019-08-02 09:42:08,1.66,1.1369,6,1.63,1.1164,6,1.58,1.0821,2,1.645,1.1267,1694,0
SPY190805P293,2019-08-02,2019-08-02 09:42:08,1.66,1.1369,6,1.64,1.1232,6,1.58,1.0821,2,1.65,1.1301,1694,0
SPY190805P293,2019-08-02,2019-08-02 09:42:09,1.66,1.1369,6,1.62,1.1095,6,1.58,1.0821,2,1.64,1.1232,1694,0
SPY190805P293,2019-08-02,2019-08-02 09:42:10,1.69,1.1575,6,1.66,1.1369,6,1.58,1.0821,2,1.675,1.1472,1694,0
SPY190805P293,2019-08-02,2019-08-02 09:42:10,1.67,1.1438,6,1.66,1.1369,6,1.58,1.0821,2,1.665,1.1404,1694,0
SPY190805P293,2019-08-02,2019-08-02 09:42:11,1.73,1.1849,56,1.68,1.1506,18,1.7,1.1643,8,1.705,1.1678,1702,8
SPY190805P293,2019-08-02,2019-08-02 09:42:11,1.73,1.1849,60,1.66,1.1369,142,1.58,1.0821,2,1.695,1.1609,1694,0
SPY190805P293,2019-08-02,2019-08-02 09:42:12,1.77,1.2123,22,1.73,1.1849,6,1.7,1.1643,8,1.75,1.1986,1702,0
SPY190805P293,2019-08-02,2019-08-02 09:42:13,1.77,1.2123,21,1.73,1.1849,161,1.7,1.1643,8,1.75,1.1986,1702,0
SPY190805P293,2019-08-02,2019-08-02 09:42:14,1.71,1.1712,20,1.68,1.1506,6,1.71,1.1712,3,1.695,1.1609,1705,0
SPY190805P293,2019-08-02,2019-08-02 09:42:14,1.74,1.1917,7,1.7,1.1643,6,1.71,1.1712,3,1.72,1.178,1705,3
SPY190805P293,2019-08-02,2019-08-02 09:42:15,1.7,1.1643,7,1.68,1.1506,6,1.71,1.1712,3,1.69,1.1575,1705,0
SPY190805P293,2019-08-02,2019-08-02 09:42:15,1.72,1.178,60,1.67,1.1438,128,1.71,1.1712,3,1.695,1.1609,1705,0
SPY190805P293,2019-08-02,2019-08-02 09:42:16,1.71,1.1712,1,1.69,1.1575,6,1.71,1.1712,3,1.7,1.1643,1705,0
SPY190805P293,2019-08-02,2019-08-02 09:42:16,1.72,1.178,60,1.67,1.1438,178,1.71,1.1712,3,1.695,1.1609,1705,0
SPY190805P293,2019-08-02,2019-08-02 09:42:17,1.71,1.1712,1,1.7,1.1643,1,1.71,1.1712,3,1.705,1.1678,1705,0
SPY190805P293,2019-08-02,2019-08-02 09:42:18,1.67,1.1438,20,1.64,1.1232,3,1.7,1.1643,1,1.655,1.1335,1706,1
SPY190805P293,2019-08-02,2019-08-02 09:42:19,1.67,1.1438,20,1.64,1.1232,6,1.7,1.1643,1,1.655,1.1335,1706,0
SPY190805P293,2019-08-02,2019-08-02 09:42:20,1.69,1.1575,21,1.65,1.1301,26,1.67,1.1438,1,1.67,1.1438,1707,1
SPY190805P293,2019-08-02,2019-08-02 09:42:20,1.68,1.1506,19,1.65,1.1301,53,1.68,1.1506,1,1.665,1.1404,1708,1
SPY190805P293,2019-08-02,2019-08-02 09:42:21,1.67,1.1438,6,1.62,1.1095,26,1.68,1.1506,1,1.645,1.1267,1708,0
SPY190805P293,2019-08-02,2019-08-02 09:42:21,1.67,1.1438,75,1.63,1.1164,71,1.68,1.1506,1,1.65,1.1301,1708,0
SPY190805P293,2019-08-02,2019-08-02 09:42:22,1.67,1.1438,55,1.63,1.1164,85,1.68,1.1506,1,1.65,1.1301,1708,0
SPY190805P293,2019-08-02,2019-08-02 09:42:23,1.67,1.1438,55,1.65,1.1301,6,1.68,1.1506,1,1.66,1.1369,1708,0
SPY190805P293,2019-08-02,2019-08-02 09:42:23,1.67,1.1438,6,1.64,1.1232,7,1.68,1.1506,1,1.655,1.1335,1708,0
SPY190805P293,2019-08-02,2019-08-02 09:42:24,1.68,1.1506,20,1.65,1.1301,6,1.68,1.1506,1,1.665,1.1404,1708,0
SPY190805P293,2019-08-02,2019-08-02 09:42:25,1.68,1.1506,20,1.65,1.1301,6,1.68,1.1506,1,1.665,1.1404,1708,0
SPY190805P293,2019-08-02,2019-08-02 09:42:25,1.68,1.1506,55,1.64,1.1232,83,1.68,1.1506,1,1.66,1.1369,1708,0
SPY190805P293,2019-08-02,2019-08-02 09:42:26,1.64,1.1232,20,1.59,1.089,26,1.63,1.1164,1,1.615,1.1061,1709,1
SPY190805P293,2019-08-02,2019-08-02 09:42:26,1.66,1.1369,20,1.63,1.1164,120,1.68,1.1506,1,1.645,1.1267,1708,0
SPY190805P293,2019-08-02,2019-08-02 09:42:27,1.62,1.1095,20,1.58,1.0821,130,1.63,1.1164,1,1.6,1.0958,1709,0
SPY190805P293,2019-08-02,2019-08-02 09:42:28,1.64,1.1232,117,1.59,1.089,36,1.63,1.1164,1,1.615,1.1061,1709,0
SPY190805P293,2019-08-02,2019-08-02 09:42:29,1.63,1.1164,55,1.6,1.0958,26,1.63,1.1164,1,1.615,1.1061,1709,0
SPY190805P293,2019-08-02,2019-08-02 09:42:29,1.63,1.1164,56,1.6,1.0958,26,1.63,1.1164,1,1.615,1.1061,1709,0
SPY190805P293,2019-08-02,2019-08-02 09:42:30,1.65,1.1301,48,1.62,1.1095,1,1.63,1.1164,1,1.635,1.1198,1709,0
SPY190805P293,2019-08-02,2019-08-02 09:42:30,1.64,1.1232,33,1.6,1.0958,50,1.63,1.1164,1,1.62,1.1095,1709,0
SPY190805P293,2019-08-02,2019-08-02 09:42:31,1.63,1.1164,6,1.62,1.1095,1,1.63,1.1164,1,1.625,1.113,1709,0
SPY190805P293,2019-08-02,2019-08-02 09:42:32,1.63,1.1164,6,1.62,1.1095,1,1.63,1.1164,2,1.625,1.113,1713,0
SPY190805P293,2019-08-02,2019-08-02 09:42:32,1.64,1.1232,55,1.62,1.1095,1,1.63,1.1164,2,1.63,1.1164,1713,4
SPY190805P293,2019-08-02,2019-08-02 09:42:33,1.65,1.1301,20,1.62,1.1095,1,1.64,1.1232,1,1.635,1.1198,1714,1
SPY190805P293,2019-08-02,2019-08-02 09:42:33,1.64,1.1232,20,1.62,1.1095,7,1.63,1.1164,2,1.63,1.1164,1713,0
SPY190805P293,2019-08-02,2019-08-02 09:42:34,1.65,1.1301,20,1.62,1.1095,13,1.64,1.1232,1,1.635,1.1198,1714,0
SPY190805P293,2019-08-02,2019-08-02 09:42:35,1.64,1.1232,22,1.62,1.1095,1,1.64,1.1232,1,1.63,1.1164,1714,0
SPY190805P293,2019-08-02,2019-08-02 09:42:35,1.64,1.1232,28,1.62,1.1095,7,1.64,1.1232,1,1.63,1.1164,1714,0
SPY190805P293,2019-08-02,2019-08-02 09:42:36,1.64,1.1232,11,1.62,1.1095,1,1.64,1.1232,1,1.63,1.1164,1714,0
SPY190805P293,2019-08-02,2019-08-02 09:42:37,1.62,1.1095,17,1.58,1.0821,6,1.62,1.1095,1,1.6,1.0958,1725,1
SPY190805P293,2019-08-02,2019-08-02 09:42:37,1.63,1.1164,16,1.62,1.1095,1,1.64,1.1232,10,1.625,1.113,1724,10
SPY190805P293,2019-08-02,2019-08-02 09:42:38,1.61,1.1027,6,1.59,1.089,6,1.62,1.1095,1,1.6,1.0958,1725,0
SPY190805P293,2019-08-02,2019-08-02 09:42:39,1.61,1.1027,17,1.59,1.089,6,1.62,1.1095,1,1.6,1.0958,1725,0
SPY190805P293,2019-08-02,2019-08-02 09:42:40,1.62,1.1095,50,1.57,1.0753,36,1.62,1.1095,1,1.595,1.0924,1725,0
SPY190805P293,2019-08-02,2019-08-02 09:42:40,1.6,1.0958,16,1.56,1.0684,90,1.62,1.1095,1,1.58,1.0821,1725,0
SPY190805P293,2019-08-02,2019-08-02 09:42:41,1.61,1.1027,71,1.59,1.089,25,1.62,1.1095,1,1.6,1.0958,1725,0
SPY190805P293,2019-08-02,2019-08-02 09:42:42,1.6,1.0958,6,1.59,1.089,25,1.62,1.1095,1,1.595,1.0924,1725,0
SPY190805P293,2019-08-02,2019-08-02 09:42:42,1.61,1.1027,17,1.59,1.089,25,1.62,1.1095,1,1.6,1.0958,1725,0
SPY190805P293,2019-08-02,2019-08-02 09:42:43,1.61,1.1027,16,1.59,1.089,25,1.62,1.1095,1,1.6,1.0958,1725,0
SPY190805P293,2019-08-02,2019-08-02 09:42:44,1.6,1.0958,116,1.53,1.0479,126,1.59,1.089,25,1.565,1.0719,1752,27
SPY190805P293,2019-08-02,2019-08-02 09:42:44,1.6,1.0958,154,1.55,1.0616,18,1.59,1.089,25,1.575,1.0787,1752,0
SPY190805P293,2019-08-02,2019-08-02 09:42:45,1.59,1.089,57,1.57,1.0753,17,1.59,1.089,25,1.58,1.0821,1752,0
SPY190805P293,2019-08-02,2019-08-02 09:42:46,1.59,1.089,6,1.56,1.0684,47,1.59,1.089,25,1.575,1.0787,1752,0
SPY190805P293,2019-08-02,2019-08-02 09:42:47,1.61,1.1027,6,1.58,1.0821,15,1.59,1.089,25,1.595,1.0924,1752,0
SPY190805P293,2019-08-02,2019-08-02 09:42:47,1.6,1.0958,6,1.58,1.0821,15,1.59,1.089,25,1.59,1.089,1752,0
SPY190805P293,2019-08-02,2019-08-02 09:42:48,1.64,1.1232,66,1.6,1.0958,134,1.59,1.089,25,1.62,1.1095,1752,0
SPY190805P293,2019-08-02,2019-08-02 09:42:48,1.63,1.1164,97,1.59,1.089,15,1.59,1.089,25,1.61,1.1027,1752,0
SPY190805P293,2019-08-02,2019-08-02 09:42:49,1.64,1.1232,6,1.6,1.0958,134,1.59,1.089,25,1.62,1.1095,1752,0
SPY190805P293,2019-08-02,2019-08-02 09:42:50,1.67,1.1438,35,1.64,1.1232,26,1.59,1.089,25,1.655,1.1335,1752,0
SPY190805P293,2019-08-02,2019-08-02 09:42:50,1.66,1.1369,6,1.64,1.1232,27,1.59,1.089,25,1.65,1.1301,1752,0
SPY190805P293,2019-08-02,2019-08-02 09:42:51,1.67,1.1438,10,1.65,1.1301,26,1.59,1.089,25,1.66,1.1369,1752,0
SPY190805P293,2019-08-02,2019-08-02 09:42:52,1.67,1.1438,16,1.64,1.1232,85,1.59,1.089,25,1.655,1.1335,1752,0
SPY190805P293,2019-08-02,2019-08-02 09:42:53,1.7,1.1643,16,1.66,1.1369,113,1.67,1.1438,10,1.68,1.1506,1762,10
SPY190805P293,2019-08-02,2019-08-02 09:42:54,1.7,1.1643,17,1.67,1.1438,26,1.67,1.1438,10,1.685,1.1541,1762,0
SPY190805P293,2019-08-02,2019-08-02 09:42:55,1.69,1.1575,38,1.64,1.1232,55,1.68,1.1506,1,1.665,1.1404,1763,1
SPY190805P293,2019-08-02,2019-08-02 09:42:55,1.69,1.1575,16,1.66,1.1369,26,1.67,1.1438,10,1.675,1.1472,1762,0
SPY190805P293,2019-08-02,2019-08-02 09:42:56,1.67,1.1438,66,1.64,1.1232,36,1.66,1.1369,3,1.655,1.1335,1766,3
SPY190805P293,2019-08-02,2019-08-02 09:42:57,1.68,1.1506,6,1.66,1.1369,74,1.66,1.1369,3,1.67,1.1438,1766,0
SPY190805P293,2019-08-02,2019-08-02 09:42:57,1.69,1.1575,6,1.66,1.1369,130,1.66,1.1369,3,1.675,1.1472,1766,0
SPY190805P293,2019-08-02,2019-08-02 09:42:58,1.67,1.1438,6,1.65,1.1301,56,1.66,1.1369,3,1.66,1.1369,1766,0
SPY190805P293,2019-08-02,2019-08-02 09:42:59,1.66,1.1369,93,1.62,1.1095,174,1.65,1.1301,1,1.64,1.1232,1767,1
SPY190805P293,2019-08-02,2019-08-02 09:43:00,1.66,1.1369,121,1.63,1.1164,1,1.63,1.1164,3,1.645,1.1267,1770,3
SPY190805P293,2019-08-02,2019-08-02 09:43:00,1.65,1.1301,16,1.63,1.1164,1,1.63,1.1164,3,1.64,1.1232,1770,0
SPY190805P293,2019-08-02,2019-08-02 09:43:01,1.66,1.1369,60,1.63,1.1164,36,1.63,1.1164,3,1.645,1.1267,1770,0
SPY190805P293,2019-08-02,2019-08-02 09:43:02,1.65,1.1301,16,1.63,1.1164,26,1.63,1.1164,3,1.64,1.1232,1770,0
SPY190805P293,2019-08-02,2019-08-02 09:43:03,1.65,1.1301,19,1.63,1.1164,6,1.63,1.1164,3,1.64,1.1232,1770,0
SPY190805P293,2019-08-02,2019-08-02 09:43:04,1.65,1.1301,6,1.61,1.1027,27,1.63,1.1164,3,1.63,1.1164,1770,0
SPY190805P293,2019-08-02,2019-08-02 09:43:04,1.63,1.1164,79,1.6,1.0958,26,1.63,1.1164,3,1.615,1.1061,1770,0
SPY190805P293,2019-08-02,2019-08-02 09:43:05,1.65,1.1301,56,1.62,1.1095,37,1.63,1.1164,3,1.635,1.1198,1770,0
SPY190805P293,2019-08-02,2019-08-02 09:43:06,1.64,1.1232,116,1.59,1.089,55,1.63,1.1164,3,1.615,1.1061,1770,0
SPY190805P293,2019-08-02,2019-08-02 09:43:06,1.65,1.1301,124,1.62,1.1095,27,1.63,1.1164,3,1.635,1.1198,1770,0
SPY190805P293,2019-08-02,2019-08-02 09:43:07,1.64,1.1232,16,1.61,1.1027,29,1.63,1.1164,3,1.625,1.113,1770,0
SPY190805P293,2019-08-02,2019-08-02 09:43:07,1.65,1.1301,8,1.62,1.1095,159,1.63,1.1164,3,1.635,1.1198,1770,0
SPY190805P293,2019-08-02,2019-08-02 09:43:09,1.62,1.1095,16,1.6,1.0958,6,1.63,1.1164,3,1.61,1.1027,1770,0
SPY190805P293,2019-08-02,2019-08-02 09:43:09,1.65,1.1301,16,1.61,1.1027,178,1.63,1.1164,3,1.63,1.1164,1770,0
SPY190805P293,2019-08-02,2019-08-02 09:43:10,1.62,1.1095,16,1.59,1.089,183,1.63,1.1164,3,1.605,1.0993,1770,0
SPY190805P293,2019-08-02,2019-08-02 09:43:11,1.62,1.1095,163,1.58,1.0821,181,1.63,1.1164,3,1.6,1.0958,1770,0
SPY190805P293,2019-08-02,2019-08-02 09:43:11,1.61,1.1027,5,1.58,1.0821,5,1.63,1.1164,3,1.595,1.0924,1770,0
SPY190805P293,2019-08-02,2019-08-02 09:43:12,1.6,1.0958,16,1.57,1.0753,51,1.63,1.1164,3,1.585,1.0856,1770,0
SPY190805P293,2019-08-02,2019-08-02 09:43:13,1.59,1.089,6,1.56,1.0684,136,1.63,1.1164,3,1.575,1.0787,1770,0
SPY190805P293,2019-08-02,2019-08-02 09:43:13,1.59,1.089,6,1.57,1.0753,6,1.63,1.1164,3,1.58,1.0821,1770,0
SPY190805P293,2019-08-02,2019-08-02 09:43:14,1.62,1.1095,7,1.59,1.089,28,1.63,1.1164,3,1.605,1.0993,1770,0
SPY190805P293,2019-08-02,2019-08-02 09:43:15,1.61,1.1027,6,1.59,1.089,66,1.63,1.1164,3,1.6,1.0958,1770,0
SPY190805P293,2019-08-02,2019-08-02 09:43:15,1.62,1.1095,6,1.59,1.089,26,1.63,1.1164,3,1.605,1.0993,1770,0
SPY190805P293,2019-08-02,2019-08-02 09:43:16,1.61,1.1027,70,1.58,1.0821,6,1.63,1.1164,3,1.595,1.0924,1770,0
SPY190805P293,2019-08-02,2019-08-02 09:43:17,1.62,1.1095,137,1.57,1.0753,219,1.63,1.1164,3,1.595,1.0924,1770,0
SPY190805P293,2019-08-02,2019-08-02 09:43:17,1.61,1.1027,43,1.58,1.0821,44,1.63,1.1164,3,1.595,1.0924,1770,0
SPY190805P293,2019-08-02,2019-08-02 09:43:18,1.63,1.1164,66,1.59,1.089,76,1.63,1.1164,3,1.61,1.1027,1770,0
SPY190805P293,2019-08-02,2019-08-02 09:43:19,1.61,1.1027,23,1.58,1.0821,57,1.6,1.0958,1,1.595,1.0924,1771,0
SPY190805P293,2019-08-02,2019-08-02 09:43:19,1.62,1.1095,173,1.58,1.0821,119,1.6,1.0958,1,1.6,1.0958,1771,1
SPY190805P293,2019-08-02,2019-08-02 09:43:20,1.6,1.0958,16,1.57,1.0753,190,1.6,1.0958,1,1.585,1.0856,1771,0
SPY190805P293,2019-08-02,2019-08-02 09:43:21,1.6,1.0958,16,1.57,1.0753,185,1.6,1.0958,1,1.585,1.0856,1771,0
SPY190805P293,2019-08-02,2019-08-02 09:43:21,1.62,1.1095,166,1.58,1.0821,91,1.6,1.0958,1,1.6,1.0958,1771,0
SPY190805P293,2019-08-02,2019-08-02 09:43:22,1.58,1.0821,6,1.56,1.0684,126,1.6,1.0958,1,1.57,1.0753,1771,0
SPY190805P293,2019-08-02,2019-08-02 09:43:22,1.6,1.0958,6,1.57,1.0753,180,1.6,1.0958,1,1.585,1.0856,1771,0
SPY190805P293,2019-08-02,2019-08-02 09:43:23,1.57,1.0753,16,1.54,1.0547,137,1.6,1.0958,1,1.555,1.065,1771,0
SPY190805P293,2019-08-02,2019-08-02 09:43:23,1.58,1.0821,64,1.54,1.0547,126,1.6,1.0958,1,1.56,1.0684,1771,0
SPY190805P293,2019-08-02,2019-08-02 09:43:24,1.57,1.0753,37,1.54,1.0547,76,1.6,1.0958,1,1.555,1.065,1771,0
SPY190805P293,2019-08-02,2019-08-02 09:43:25,1.58,1.0821,102,1.54,1.0547,28,1.6,1.0958,1,1.56,1.0684,1771,0
SPY190805P293,2019-08-02,2019-08-02 09:43:25,1.58,1.0821,16,1.55,1.0616,78,1.6,1.0958,1,1.565,1.0719,1771,0
SPY190805P293,2019-08-02,2019-08-02 09:43:26,1.59,1.089,116,1.56,1.0684,26,1.6,1.0958,1,1.575,1.0787,1771,0
SPY190805P293,2019-08-02,2019-08-02 09:43:27,1.58,1.0821,78,1.55,1.0616,26,1.6,1.0958,1,1.565,1.0719,1771,0
SPY190805P293,2019-08-02,2019-08-02 09:43:27,1.58,1.0821,91,1.55,1.0616,28,1.6,1.0958,1,1.565,1.0719,1771,0
SPY190805P293,2019-08-02,2019-08-02 09:43:28,1.58,1.0821,6,1.56,1.0684,6,1.6,1.0958,1,1.57,1.0753,1771,0
SPY190805P293,2019-08-02,2019-08-02 09:43:29,1.59,1.089,6,1.56,1.0684,6,1.6,1.0958,1,1.575,1.0787,1771,0
SPY190805P293,2019-08-02,2019-08-02 09:43:29,1.6,1.0958,6,1.57,1.0753,160,1.6,1.0958,1,1.585,1.0856,1771,0
SPY190805P293,2019-08-02,2019-08-02 09:43:30,1.61,1.1027,6,1.58,1.0821,94,1.6,1.0958,1,1.595,1.0924,1771,0
SPY190805P293,2019-08-02,2019-08-02 09:43:30,1.6,1.0958,6,1.58,1.0821,50,1.6,1.0958,1,1.59,1.089,1771,0
SPY190805P293,2019-08-02,2019-08-02 09:43:31,1.6,1.0958,6,1.57,1.0753,186,1.6,1.0958,1,1.585,1.0856,1771,0
SPY190805P293,2019-08-02,2019-08-02 09:43:32,1.6,1.0958,62,1.57,1.0753,67,1.6,1.0958,1,1.585,1.0856,1771,0
SPY190805P293,2019-08-02,2019-08-02 09:43:32,1.61,1.1027,50,1.57,1.0753,67,1.6,1.0958,1,1.59,1.089,1771,0
SPY190805P293,2019-08-02,2019-08-02 09:43:33,1.61,1.1027,6,1.59,1.089,26,1.6,1.0958,1,1.6,1.0958,1771,0
SPY190805P293,2019-08-02,2019-08-02 09:43:33,1.61,1.1027,6,1.58,1.0821,101,1.6,1.0958,1,1.595,1.0924,1771,0
SPY190805P293,2019-08-02,2019-08-02 09:43:34,1.62,1.1095,6,1.6,1.0958,26,1.6,1.0958,1,1.61,1.1027,1771,0
SPY190805P293,2019-08-02,2019-08-02 09:43:35,1.63,1.1164,6,1.6,1.0958,130,1.6,1.0958,1,1.615,1.1061,1771,0
SPY190805P293,2019-08-02,2019-08-02 09:43:35,1.62,1.1095,6,1.61,1.1027,6,1.6,1.0958,1,1.615,1.1061,1771,0
SPY190805P293,2019-08-02,2019-08-02 09:43:36,1.62,1.1095,6,1.61,1.1027,21,1.6,1.0958,1,1.615,1.1061,1771,0
SPY190805P293,2019-08-02,2019-08-02 09:43:36,1.63,1.1164,6,1.61,1.1027,46,1.6,1.0958,1,1.62,1.1095,1771,0
SPY190805P293,2019-08-02,2019-08-02 09:43:37,1.63,1.1164,16,1.6,1.0958,123,1.6,1.0958,1,1.615,1.1061,1771,0
SPY190805P293,2019-08-02,2019-08-02 09:43:37,1.62,1.1095,6,1.6,1.0958,136,1.6,1.0958,1,1.61,1.1027,1771,0
SPY190805P293,2019-08-02,2019-08-02 09:43:38,1.62,1.1095,16,1.59,1.089,50,1.6,1.0958,1,1.605,1.0993,1771,0
SPY190805P293,2019-08-02,2019-08-02 09:43:39,1.65,1.1301,122,1.6,1.0958,29,1.6,1.0958,1,1.625,1.113,1771,0
SPY190805P293,2019-08-02,2019-08-02 09:43:39,1.65,1.1301,122,1.61,1.1027,60,1.6,1.0958,1,1.63,1.1164,1771,0
SPY190805P293,2019-08-02,2019-08-02 09:43:40,1.64,1.1232,6,1.62,1.1095,26,1.6,1.0958,1,1.63,1.1164,1771,0
SPY190805P293,2019-08-02,2019-08-02 09:43:40,1.64,1.1232,6,1.61,1.1027,46,1.6,1.0958,1,1.625,1.113,1771,0
SPY190805P293,2019-08-02,2019-08-02 09:43:41,1.68,1.1506,37,1.63,1.1164,14,1.6,1.0958,1,1.655,1.1335,1771,0
SPY190805P293,2019-08-02,2019-08-02 09:43:42,1.66,1.1369,6,1.64,1.1232,56,1.6,1.0958,1,1.65,1.1301,1771,0
SPY190805P293,2019-08-02,2019-08-02 09:43:43,1.66,1.1369,16,1.62,1.1095,56,1.6,1.0958,1,1.64,1.1232,1771,0
SPY190805P293,2019-08-02,2019-08-02 09:43:44,1.64,1.1232,6,1.61,1.1027,56,1.6,1.0958,1,1.625,1.113,1771,0
SPY190805P293,2019-08-02,2019-08-02 09:43:44,1.64,1.1232,6,1.61,1.1027,66,1.6,1.0958,1,1.625,1.113,1771,0
SPY190805P293,2019-08-02,2019-08-02 09:43:45,1.63,1.1164,6,1.61,1.1027,91,1.6,1.0958,1,1.62,1.1095,1771,0
SPY190805P293,2019-08-02,2019-08-02 09:43:46,1.62,1.1095,6,1.61,1.1027,18,1.6,1.0958,1,1.615,1.1061,1771,0
SPY190805P293,2019-08-02,2019-08-02 09:43:47,1.62,1.1095,6,1.61,1.1027,2,1.6,1.0958,1,1.615,1.1061,1771,0
SPY190805P293,2019-08-02,2019-08-02 09:43:47,1.63,1.1164,6,1.61,1.1027,14,1.6,1.0958,1,1.62,1.1095,1771,0
SPY190805P293,2019-08-02,2019-08-02 09:43:48,1.63,1.1164,6,1.61,1.1027,97,1.6,1.0958,1,1.62,1.1095,1771,0
SPY190805P293,2019-08-02,2019-08-02 09:43:48,1.65,1.1301,66,1.62,1.1095,23,1.6,1.0958,1,1.635,1.1198,1771,0
SPY190805P293,2019-08-02,2019-08-02 09:43:49,1.64,1.1232,6,1.61,1.1027,174,1.6,1.0958,1,1.625,1.113,1771,0
SPY190805P293,2019-08-02,2019-08-02 09:43:50,1.63,1.1164,6,1.62,1.1095,22,1.6,1.0958,1,1.625,1.113,1771,0
SPY190805P293,2019-08-02,2019-08-02 09:43:50,1.64,1.1232,16,1.61,1.1027,120,1.6,1.0958,1,1.625,1.113,1771,0
SPY190805P293,2019-08-02,2019-08-02 09:43:51,1.64,1.1232,16,1.63,1.1164,5,1.6,1.0958,1,1.635,1.1198,1771,0
SPY190805P293,2019-08-02,2019-08-02 09:43:52,1.62,1.1095,6,1.61,1.1027,1,1.63,1.1164,2,1.615,1.1061,1776,5
SPY190805P293,2019-08-02,2019-08-02 09:43:53,1.64,1.1232,16,1.62,1.1095,22,1.63,1.1164,2,1.63,1.1164,1776,0
SPY190805P293,2019-08-02,2019-08-02 09:43:54,1.66,1.1369,100,1.62,1.1095,100,1.63,1.1164,2,1.64,1.1232,1776,0
SPY190805P293,2019-08-02,2019-08-02 09:43:54,1.66,1.1369,100,1.62,1.1095,22,1.63,1.1164,2,1.64,1.1232,1776,0
SPY190805P293,2019-08-02,2019-08-02 09:43:55,1.63,1.1164,20,1.61,1.1027,60,1.63,1.1164,2,1.62,1.1095,1776,0
SPY190805P293,2019-08-02,2019-08-02 09:43:56,1.64,1.1232,22,1.61,1.1027,60,1.63,1.1164,2,1.625,1.113,1776,0
SPY190805P293,2019-08-02,2019-08-02 09:43:57,1.65,1.1301,19,1.63,1.1164,6,1.63,1.1164,2,1.64,1.1232,1776,0
SPY190805P293,2019-08-02,2019-08-02 09:43:57,1.67,1.1438,92,1.63,1.1164,24,1.63,1.1164,2,1.65,1.1301,1776,0
SPY190805P293,2019-08-02,2019-08-02 09:43:59,1.69,1.1575,38,1.66,1.1369,24,1.63,1.1164,2,1.675,1.1472,1776,0
SPY190805P293,2019-08-02,2019-08-02 09:44:00,1.71,1.1712,17,1.68,1.1506,34,1.63,1.1164,2,1.695,1.1609,1776,0
SPY190805P293,2019-08-02,2019-08-02 09:44:00,1.68,1.1506,6,1.67,1.1438,10,1.63,1.1164,2,1.675,1.1472,1776,0
SPY190805P293,2019-08-02,2019-08-02 09:44:01,1.68,1.1506,16,1.66,1.1369,5,1.63,1.1164,2,1.67,1.1438,1776,0
SPY190805P293,2019-08-02,2019-08-02 09:44:02,1.68,1.1506,16,1.65,1.1301,175,1.63,1.1164,2,1.665,1.1404,1776,0
SPY190805P293,2019-08-02,2019-08-02 09:44:02,1.69,1.1575,110,1.65,1.1301,175,1.63,1.1164,2,1.67,1.1438,1776,0
SPY190805P293,2019-08-02,2019-08-02 09:44:03,1.68,1.1506,21,1.64,1.1232,231,1.63,1.1164,2,1.66,1.1369,1776,0
SPY190805P293,2019-08-02,2019-08-02 09:44:04,1.68,1.1506,19,1.66,1.1369,23,1.66,1.1369,50,1.67,1.1438,1826,0
SPY190805P293,2019-08-02,2019-08-02 09:44:04,1.68,1.1506,16,1.66,1.1369,23,1.66,1.1369,50,1.67,1.1438,1826,50
SPY190805P293,2019-08-02,2019-08-02 09:44:05,1.68,1.1506,192,1.64,1.1232,98,1.66,1.1369,50,1.66,1.1369,1826,0
SPY190805P293,2019-08-02,2019-08-02 09:44:06,1.64,1.1232,8,1.62,1.1095,36,1.66,1.1369,50,1.63,1.1164,1826,0
SPY190805P293,2019-08-02,2019-08-02 09:44:06,1.66,1.1369,14,1.64,1.1232,16,1.66,1.1369,50,1.65,1.1301,1826,0
SPY190805P293,2019-08-02,2019-08-02 09:44:07,1.65,1.1301,34,1.63,1.1164,6,1.66,1.1369,50,1.64,1.1232,1826,0
SPY190805P293,2019-08-02,2019-08-02 09:44:07,1.65,1.1301,15,1.63,1.1164,6,1.66,1.1369,50,1.64,1.1232,1826,0
SPY190805P293,2019-08-02,2019-08-02 09:44:08,1.66,1.1369,9,1.63,1.1164,6,1.66,1.1369,50,1.645,1.1267,1826,0
SPY190805P293,2019-08-02,2019-08-02 09:44:09,1.66,1.1369,15,1.63,1.1164,66,1.66,1.1369,50,1.645,1.1267,1826,0
SPY190805P293,2019-08-02,2019-08-02 09:44:09,1.67,1.1438,65,1.64,1.1232,16,1.66,1.1369,50,1.655,1.1335,1826,0
SPY190805P293,2019-08-02,2019-08-02 09:44:10,1.67,1.1438,192,1.63,1.1164,100,1.66,1.1369,50,1.65,1.1301,1826,0
SPY190805P293,2019-08-02,2019-08-02 09:44:11,1.67,1.1438,136,1.64,1.1232,56,1.66,1.1369,50,1.655,1.1335,1826,0
SPY190805P293,2019-08-02,2019-08-02 09:44:12,1.66,1.1369,9,1.63,1.1164,127,1.66,1.1369,50,1.645,1.1267,1826,0
SPY190805P293,2019-08-02,2019-08-02 09:44:12,1.67,1.1438,115,1.64,1.1232,32,1.66,1.1369,50,1.655,1.1335,1826,0
SPY190805P293,2019-08-02,2019-08-02 09:44:13,1.67,1.1438,6,1.65,1.1301,91,1.66,1.1369,50,1.66,1.1369,1826,0
SPY190805P293,2019-08-02,2019-08-02 09:44:13,1.67,1.1438,14,1.64,1.1232,129,1.66,1.1369,50,1.655,1.1335,1826,0
SPY190805P293,2019-08-02,2019-08-02 09:44:14,1.65,1.1301,14,1.63,1.1164,129,1.66,1.1369,50,1.64,1.1232,1826,0
SPY190805P293,2019-08-02,2019-08-02 09:44:15,1.66,1.1369,49,1.63,1.1164,5,1.66,1.1369,50,1.645,1.1267,1826,0
SPY190805P293,2019-08-02,2019-08-02 09:44:15,1.66,1.1369,78,1.63,1.1164,127,1.66,1.1369,50,1.645,1.1267,1826,0
SPY190805P293,2019-08-02,2019-08-02 09:44:16,1.65,1.1301,14,1.63,1.1164,6,1.66,1.1369,50,1.64,1.1232,1826,0
SPY190805P293,2019-08-02,2019-08-02 09:44:17,1.65,1.1301,9,1.63,1.1164,6,1.66,1.1369,50,1.64,1.1232,1826,0
SPY190805P293,2019-08-02,2019-08-02 09:44:17,1.66,1.1369,79,1.63,1.1164,119,1.66,1.1369,50,1.645,1.1267,1826,0
SPY190805P293,2019-08-02,2019-08-02 09:44:18,1.66,1.1369,15,1.64,1.1232,6,1.66,1.1369,50,1.65,1.1301,1826,0
SPY190805P293,2019-08-02,2019-08-02 09:44:18,1.65,1.1301,14,1.63,1.1164,22,1.66,1.1369,50,1.64,1.1232,1826,0
SPY190805P293,2019-08-02,2019-08-02 09:44:19,1.67,1.1438,16,1.65,1.1301,26,1.64,1.1232,1,1.66,1.1369,1827,1
SPY190805P293,2019-08-02,2019-08-02 09:44:20,1.67,1.1438,15,1.65,1.1301,26,1.64,1.1232,1,1.66,1.1369,1827,0
SPY190805P293,2019-08-02,2019-08-02 09:44:20,1.66,1.1369,15,1.64,1.1232,32,1.64,1.1232,1,1.65,1.1301,1827,0
SPY190805P293,2019-08-02,2019-08-02 09:44:21,1.66,1.1369,14,1.63,1.1164,6,1.64,1.1232,1,1.645,1.1267,1827,0
SPY190805P293,2019-08-02,2019-08-02 09:44:22,1.67,1.1438,10,1.65,1.1301,99,1.64,1.1232,1,1.66,1.1369,1827,0
SPY190805P293,2019-08-02,2019-08-02 09:44:22,1.68,1.1506,109,1.64,1.1232,26,1.64,1.1232,1,1.66,1.1369,1827,0
SPY190805P293,2019-08-02,2019-08-02 09:44:23,1.67,1.1438,9,1.65,1.1301,74,1.64,1.1232,1,1.66,1.1369,1827,0
SPY190805P293,2019-08-02,2019-08-02 09:44:23,1.68,1.1506,183,1.64,1.1232,130,1.64,1.1232,1,1.66,1.1369,1827,0
SPY190805P293,2019-08-02,2019-08-02 09:44:24,1.67,1.1438,10,1.65,1.1301,48,1.64,1.1232,1,1.66,1.1369,1827,0
SPY190805P293,2019-08-02,2019-08-02 09:44:25,1.67,1.1438,11,1.64,1.1232,126,1.64,1.1232,1,1.655,1.1335,1827,0
SPY190805P293,2019-08-02,2019-08-02 09:44:26,1.67,1.1438,10,1.65,1.1301,60,1.64,1.1232,1,1.66,1.1369,1827,0
SPY190805P293,2019-08-02,2019-08-02 09:44:26,1.67,1.1438,6,1.65,1.1301,75,1.67,1.1438,1,1.66,1.1369,1828,1
SPY190805P293,2019-08-02,2019-08-02 09:44:27,1.68,1.1506,6,1.66,1.1369,107,1.67,1.1438,1,1.67,1.1438,1828,0
SPY190805P293,2019-08-02,2019-08-02 09:44:28,1.67,1.1438,15,1.64,1.1232,26,1.67,1.1438,1,1.655,1.1335,1828,0
SPY190805P293,2019-08-02,2019-08-02 09:44:28,1.66,1.1369,10,1.64,1.1232,26,1.67,1.1438,1,1.65,1.1301,1828,0
SPY190805P293,2019-08-02,2019-08-02 09:44:29,1.66,1.1369,10,1.64,1.1232,78,1.67,1.1438,1,1.65,1.1301,1828,0
SPY190805P293,2019-08-02,2019-08-02 09:44:29,1.67,1.1438,60,1.64,1.1232,123,1.67,1.1438,1,1.655,1.1335,1828,0
SPY190805P293,2019-08-02,2019-08-02 09:44:30,1.67,1.1438,60,1.66,1.1369,17,1.67,1.1438,1,1.665,1.1404,1828,0
SPY190805P293,2019-08-02,2019-08-02 09:44:31,1.68,1.1506,5,1.66,1.1369,6,1.67,1.1438,1,1.67,1.1438,1828,0
SPY190805P293,2019-08-02,2019-08-02 09:44:31,1.71,1.1712,147,1.67,1.1438,5,1.67,1.1438,1,1.69,1.1575,1828,0
SPY190805P293,2019-08-02,2019-08-02 09:44:32,1.71,1.1712,2,1.69,1.1575,1,1.67,1.1438,1,1.7,1.1643,1828,0
SPY190805P293,2019-08-02,2019-08-02 09:44:33,1.71,1.1712,1,1.69,1.1575,101,1.71,1.1712,1,1.7,1.1643,1829,1
SPY190805P293,2019-08-02,2019-08-02 09:44:33,1.71,1.1712,2,1.69,1.1575,86,1.67,1.1438,1,1.7,1.1643,1828,0
SPY190805P293,2019-08-02,2019-08-02 09:44:34,1.72,1.178,19,1.69,1.1575,101,1.71,1.1712,1,1.705,1.1678,1830,0
SPY190805P293,2019-08-02,2019-08-02 09:44:34,1.72,1.178,6,1.69,1.1575,101,1.71,1.1712,1,1.705,1.1678,1830,1
SPY190805P293,2019-08-02,2019-08-02 09:44:35,1.71,1.1712,6,1.69,1.1575,101,1.71,1.1712,1,1.7,1.1643,1830,0
SPY190805P293,2019-08-02,2019-08-02 09:44:36,1.72,1.178,6,1.7,1.1643,6,1.71,1.1712,1,1.71,1.1712,1830,0
SPY190805P293,2019-08-02,2019-08-02 09:44:36,1.72,1.178,6,1.7,1.1643,119,1.71,1.1712,1,1.71,1.1712,1830,0
SPY190805P293,2019-08-02,2019-08-02 09:44:37,1.72,1.178,6,1.7,1.1643,119,1.71,1.1712,1,1.71,1.1712,1830,0
SPY190805P293,2019-08-02,2019-08-02 09:44:38,1.71,1.1712,6,1.7,1.1643,119,1.71,1.1712,1,1.705,1.1678,1830,0
SPY190805P293,2019-08-02,2019-08-02 09:44:39,1.72,1.178,6,1.7,1.1643,130,1.71,1.1712,6,1.71,1.1712,1836,6
SPY190805P293,2019-08-02,2019-08-02 09:44:40,1.73,1.1849,6,1.71,1.1712,1,1.71,1.1712,2,1.72,1.178,1838,2
SPY190805P293,2019-08-02,2019-08-02 09:44:40,1.73,1.1849,127,1.69,1.1575,132,1.71,1.1712,2,1.71,1.1712,1838,0
SPY190805P293,2019-08-02,2019-08-02 09:44:41,1.71,1.1712,6,1.66,1.1369,56,1.71,1.1712,2,1.685,1.1541,1838,0
SPY190805P293,2019-08-02,2019-08-02 09:44:41,1.7,1.1643,6,1.68,1.1506,6,1.71,1.1712,2,1.69,1.1575,1838,0
SPY190805P293,2019-08-02,2019-08-02 09:44:42,1.69,1.1575,66,1.67,1.1438,6,1.71,1.1712,2,1.68,1.1506,1838,0
SPY190805P293,2019-08-02,2019-08-02 09:44:43,1.69,1.1575,115,1.66,1.1369,6,1.71,1.1712,2,1.675,1.1472,1838,0
SPY190805P293,2019-08-02,2019-08-02 09:44:43,1.68,1.1506,6,1.66,1.1369,57,1.71,1.1712,2,1.67,1.1438,1838,0
SPY190805P293,2019-08-02,2019-08-02 09:44:44,1.69,1.1575,166,1.66,1.1369,6,1.68,1.1506,1,1.675,1.1472,1859,21
SPY190805P293,2019-08-02,2019-08-02 09:44:45,1.68,1.1506,6,1.66,1.1369,6,1.68,1.1506,1,1.67,1.1438,1859,0
SPY190805P293,2019-08-02,2019-08-02 09:44:45,1.68,1.1506,6,1.66,1.1369,26,1.68,1.1506,1,1.67,1.1438,1859,0
SPY190805P293,2019-08-02,2019-08-02 09:44:46,1.68,1.1506,17,1.66,1.1369,26,1.68,1.1506,1,1.67,1.1438,1859,0
SPY190805P293,2019-08-02,2019-08-02 09:44:46,1.68,1.1506,17,1.66,1.1369,6,1.68,1.1506,1,1.67,1.1438,1859,0
SPY190805P293,2019-08-02,2019-08-02 09:44:47,1.68,1.1506,103,1.65,1.1301,29,1.68,1.1506,1,1.665,1.1404,1860,1
SPY190805P293,2019-08-02,2019-08-02 09:44:48,1.68,1.1506,6,1.66,1.1369,6,1.68,1.1506,1,1.67,1.1438,1860,0
SPY190805P293,2019-08-02,2019-08-02 09:44:48,1.68,1.1506,6,1.66,1.1369,58,1.68,1.1506,3,1.67,1.1438,1863,3
SPY190805P293,2019-08-02,2019-08-02 09:44:49,1.7,1.1643,17,1.68,1.1506,19,1.68,1.1506,3,1.69,1.1575,1863,0
SPY190805P293,2019-08-02,2019-08-02 09:44:50,1.7,1.1643,17,1.68,1.1506,29,1.68,1.1506,3,1.69,1.1575,1863,0
SPY190805P293,2019-08-02,2019-08-02 09:44:50,1.72,1.178,73,1.7,1.1643,29,1.68,1.1506,3,1.71,1.1712,1863,0
SPY190805P293,2019-08-02,2019-08-02 09:44:51,1.72,1.178,6,1.69,1.1575,130,1.68,1.1506,3,1.705,1.1678,1863,0
SPY190805P293,2019-08-02,2019-08-02 09:44:52,1.71,1.1712,6,1.7,1.1643,26,1.68,1.1506,3,1.705,1.1678,1863,0
SPY190805P293,2019-08-02,2019-08-02 09:44:52,1.73,1.1849,164,1.7,1.1643,26,1.68,1.1506,3,1.715,1.1746,1863,0
SPY190805P293,2019-08-02,2019-08-02 09:44:53,1.72,1.178,106,1.67,1.1438,126,1.68,1.1506,3,1.695,1.1609,1863,0
SPY190805P293,2019-08-02,2019-08-02 09:44:54,1.68,1.1506,6,1.66,1.1369,26,1.68,1.1506,3,1.67,1.1438,1863,0
SPY190805P293,2019-08-02,2019-08-02 09:44:55,1.68,1.1506,11,1.65,1.1301,132,1.68,1.1506,3,1.665,1.1404,1863,0
SPY190805P293,2019-08-02,2019-08-02 09:44:56,1.68,1.1506,6,1.66,1.1369,30,1.68,1.1506,3,1.67,1.1438,1863,0
SPY190805P293,2019-08-02,2019-08-02 09:44:57,1.69,1.1575,6,1.68,1.1506,118,1.68,1.1506,3,1.685,1.1541,1863,0
SPY190805P293,2019-08-02,2019-08-02 09:44:57,1.72,1.178,22,1.69,1.1575,29,1.68,1.1506,3,1.705,1.1678,1863,0
SPY190805P293,2019-08-02,2019-08-02 09:44:58,1.7,1.1643,6,1.67,1.1438,6,1.68,1.1506,3,1.685,1.1541,1863,0
SPY190805P293,2019-08-02,2019-08-02 09:44:58,1.71,1.1712,6,1.69,1.1575,54,1.68,1.1506,3,1.7,1.1643,1863,0
SPY190805P293,2019-08-02,2019-08-02 09:44:59,1.67,1.1438,6,1.64,1.1232,26,1.68,1.1506,3,1.655,1.1335,1863,0
SPY190805P293,2019-08-02,2019-08-02 09:45:00,1.7,1.1643,6,1.68,1.1506,26,1.68,1.1506,3,1.69,1.1575,1863,0
SPY190805P293,2019-08-02,2019-08-02 09:45:00,1.7,1.1643,43,1.65,1.1301,6,1.68,1.1506,3,1.675,1.1472,1863,0
SPY190805P293,2019-08-02,2019-08-02 09:45:01,1.7,1.1643,6,1.67,1.1438,18,1.7,1.1643,1,1.685,1.1541,1864,1
SPY190805P293,2019-08-02,2019-08-02 09:45:02,1.7,1.1643,6,1.68,1.1506,126,1.7,1.1643,1,1.69,1.1575,1864,0
SPY190805P293,2019-08-02,2019-08-02 09:45:02,1.69,1.1575,50,1.66,1.1369,5,1.69,1.1575,1,1.675,1.1472,1878,14
SPY190805P293,2019-08-02,2019-08-02 09:45:03,1.69,1.1575,50,1.68,1.1506,26,1.69,1.1575,1,1.685,1.1541,1878,0
SPY190805P293,2019-08-02,2019-08-02 09:45:05,1.72,1.178,6,1.7,1.1643,126,1.69,1.1575,1,1.71,1.1712,1878,0
SPY190805P293,2019-08-02,2019-08-02 09:45:06,1.72,1.178,14,1.7,1.1643,5,1.69,1.1575,1,1.71,1.1712,1878,0
SPY190805P293,2019-08-02,2019-08-02 09:45:06,1.71,1.1712,6,1.69,1.1575,120,1.69,1.1575,1,1.7,1.1643,1878,0
SPY190805P293,2019-08-02,2019-08-02 09:45:07,1.73,1.1849,473,1.69,1.1575,126,1.69,1.1575,1,1.71,1.1712,1878,0
SPY190805P293,2019-08-02,2019-08-02 09:45:07,1.72,1.178,6,1.69,1.1575,132,1.69,1.1575,1,1.705,1.1678,1878,0
SPY190805P293,2019-08-02,2019-08-02 09:45:08,1.73,1.1849,107,1.7,1.1643,13,1.71,1.1712,1,1.715,1.1746,1879,1
SPY190805P293,2019-08-02,2019-08-02 09:45:09,1.73,1.1849,6,1.71,1.1712,28,1.71,1.1712,1,1.72,1.178,1880,1
