symbol,Date,quote_time,ask_price,norm_ask_price,ask_size,bid_price,norm_bid_price,bid_size,last_trade_price,norm_last_trade_price,last_trade_size,mark_price,norm_mark_price,volume,Volume
SPY190717P297,2019-07-16,2019-07-16 09:34:31,0.07,1.0,8726,0.06,0.8571,114,0.06,0.8571,14,0.065,0.9285,97,97
SPY190717P297,2019-07-16,2019-07-16 09:34:39,0.07,1.0,8793,0.06,0.8571,114,0.06,0.8571,14,0.065,0.9285,97,0
SPY190717P297,2019-07-16,2019-07-16 09:34:40,0.07,1.0,8793,0.06,0.8571,114,0.06,0.8571,14,0.065,0.9285,97,0
SPY190717P297,2019-07-16,2019-07-16 09:34:41,0.07,1.0,8793,0.06,0.8571,114,0.06,0.8571,14,0.065,0.9285,97,0
SPY190717P297,2019-07-16,2019-07-16 09:34:42,0.07,1.0,7210,0.06,0.8571,114,0.06,0.8571,14,0.065,0.9285,97,0
SPY190717P297,2019-07-16,2019-07-16 09:34:43,0.07,1.0,7041,0.06,0.8571,114,0.06,0.8571,14,0.065,0.9285,97,0
SPY190717P297,2019-07-16,2019-07-16 09:34:43,0.07,1.0,6811,0.06,0.8571,114,0.06,0.8571,14,0.065,0.9285,97,0
SPY190717P297,2019-07-16,2019-07-16 09:34:44,0.07,1.0,7077,0.06,0.8571,114,0.06,0.8571,14,0.065,0.9285,97,0
SPY190717P297,2019-07-16,2019-07-16 09:34:44,0.07,1.0,7041,0.06,0.8571,114,0.06,0.8571,14,0.065,0.9285,97,0
SPY190717P297,2019-07-16,2019-07-16 09:34:45,0.06,0.8571,4739,0.05,0.7142,3192,0.06,0.8571,47,0.055,0.7857,209,112
SPY190717P297,2019-07-16,2019-07-16 09:34:45,0.07,1.0,7261,0.06,0.8571,114,0.06,0.8571,14,0.065,0.9285,97,0
SPY190717P297,2019-07-16,2019-07-16 09:34:46,0.06,0.8571,5213,0.05,0.7142,4203,0.06,0.8571,47,0.055,0.7857,209,0
SPY190717P297,2019-07-16,2019-07-16 09:34:47,0.06,0.8571,5213,0.05,0.7142,4203,0.06,0.8571,47,0.055,0.7857,209,0
SPY190717P297,2019-07-16,2019-07-16 09:34:47,0.06,0.8571,5546,0.05,0.7142,4203,0.06,0.8571,47,0.055,0.7857,209,0
SPY190717P297,2019-07-16,2019-07-16 09:34:48,0.06,0.8571,7037,0.05,0.7142,5593,0.06,0.8571,47,0.055,0.7857,209,0
SPY190717P297,2019-07-16,2019-07-16 09:34:48,0.06,0.8571,5546,0.05,0.7142,4203,0.06,0.8571,47,0.055,0.7857,209,0
SPY190717P297,2019-07-16,2019-07-16 09:34:49,0.06,0.8571,7037,0.05,0.7142,5593,0.06,0.8571,47,0.055,0.7857,209,0
SPY190717P297,2019-07-16,2019-07-16 09:34:50,0.06,0.8571,7037,0.05,0.7142,5593,0.06,0.8571,47,0.055,0.7857,209,0
SPY190717P297,2019-07-16,2019-07-16 09:34:51,0.06,0.8571,7037,0.05,0.7142,5593,0.06,0.8571,47,0.055,0.7857,209,0
SPY190717P297,2019-07-16,2019-07-16 09:34:52,0.06,0.8571,7037,0.05,0.7142,5593,0.06,0.8571,47,0.055,0.7857,209,0
SPY190717P297,2019-07-16,2019-07-16 09:34:53,0.06,0.8571,5546,0.05,0.7142,4314,0.06,0.8571,47,0.055,0.7857,209,0
SPY190717P297,2019-07-16,2019-07-16 09:34:54,0.06,0.8571,7043,0.05,0.7142,5713,0.06,0.8571,47,0.055,0.7857,209,0
SPY190717P297,2019-07-16,2019-07-16 09:34:55,0.06,0.8571,7043,0.05,0.7142,5713,0.06,0.8571,47,0.055,0.7857,209,0
SPY190717P297,2019-07-16,2019-07-16 09:34:56,0.06,0.8571,7043,0.05,0.7142,5713,0.06,0.8571,47,0.055,0.7857,209,0
SPY190717P297,2019-07-16,2019-07-16 09:34:56,0.06,0.8571,6697,0.05,0.7142,5606,0.06,0.8571,47,0.055,0.7857,209,0
SPY190717P297,2019-07-16,2019-07-16 09:34:57,0.06,0.8571,5213,0.05,0.7142,4217,0.06,0.8571,47,0.055,0.7857,209,0
SPY190717P297,2019-07-16,2019-07-16 09:34:57,0.06,0.8571,6697,0.05,0.7142,5606,0.06,0.8571,47,0.055,0.7857,209,0
SPY190717P297,2019-07-16,2019-07-16 09:34:58,0.06,0.8571,7109,0.05,0.7142,5609,0.06,0.8571,47,0.055,0.7857,209,0
SPY190717P297,2019-07-16,2019-07-16 09:34:59,0.06,0.8571,7109,0.05,0.7142,5609,0.06,0.8571,47,0.055,0.7857,209,0
SPY190717P297,2019-07-16,2019-07-16 09:35:00,0.06,0.8571,5213,0.05,0.7142,4217,0.06,0.8571,47,0.055,0.7857,209,0
SPY190717P297,2019-07-16,2019-07-16 09:35:00,0.06,0.8571,6688,0.05,0.7142,5604,0.06,0.8571,47,0.055,0.7857,209,0
SPY190717P297,2019-07-16,2019-07-16 09:35:01,0.06,0.8571,6698,0.05,0.7142,5609,0.06,0.8571,47,0.055,0.7857,209,0
SPY190717P297,2019-07-16,2019-07-16 09:35:02,0.06,0.8571,7071,0.05,0.7142,5609,0.06,0.8571,47,0.055,0.7857,209,0
SPY190717P297,2019-07-16,2019-07-16 09:35:03,0.06,0.8571,6623,0.05,0.7142,4937,0.06,0.8571,47,0.055,0.7857,209,0
SPY190717P297,2019-07-16,2019-07-16 09:35:03,0.06,0.8571,7071,0.05,0.7142,3114,0.06,0.8571,47,0.055,0.7857,209,0
SPY190717P297,2019-07-16,2019-07-16 09:35:04,0.06,0.8571,6623,0.05,0.7142,4937,0.06,0.8571,47,0.055,0.7857,209,0
SPY190717P297,2019-07-16,2019-07-16 09:35:05,0.06,0.8571,5858,0.05,0.7142,3614,0.06,0.8571,47,0.055,0.7857,209,0
SPY190717P297,2019-07-16,2019-07-16 09:35:05,0.06,0.8571,6623,0.05,0.7142,4937,0.06,0.8571,47,0.055,0.7857,209,0
SPY190717P297,2019-07-16,2019-07-16 09:35:06,0.06,0.8571,8191,0.05,0.7142,4834,0.06,0.8571,47,0.055,0.7857,209,0
SPY190717P297,2019-07-16,2019-07-16 09:35:07,0.06,0.8571,6674,0.05,0.7142,3536,0.06,0.8571,47,0.055,0.7857,209,0
SPY190717P297,2019-07-16,2019-07-16 09:35:08,0.06,0.8571,6674,0.05,0.7142,3536,0.06,0.8571,47,0.055,0.7857,209,0
SPY190717P297,2019-07-16,2019-07-16 09:35:09,0.06,0.8571,6674,0.05,0.7142,3536,0.06,0.8571,47,0.055,0.7857,209,0
SPY190717P297,2019-07-16,2019-07-16 09:35:10,0.06,0.8571,6674,0.05,0.7142,3536,0.06,0.8571,47,0.055,0.7857,209,0
SPY190717P297,2019-07-16,2019-07-16 09:35:10,0.06,0.8571,6877,0.05,0.7142,3536,0.06,0.8571,47,0.055,0.7857,209,0
SPY190717P297,2019-07-16,2019-07-16 09:35:11,0.06,0.8571,8435,0.05,0.7142,2786,0.06,0.8571,47,0.055,0.7857,209,0
SPY190717P297,2019-07-16,2019-07-16 09:35:11,0.06,0.8571,8227,0.05,0.7142,4846,0.06,0.8571,47,0.055,0.7857,209,0
SPY190717P297,2019-07-16,2019-07-16 09:35:12,0.06,0.8571,8227,0.05,0.7142,4846,0.06,0.8571,47,0.055,0.7857,209,0
SPY190717P297,2019-07-16,2019-07-16 09:35:13,0.06,0.8571,8227,0.05,0.7142,4846,0.06,0.8571,47,0.055,0.7857,209,0
SPY190717P297,2019-07-16,2019-07-16 09:35:13,0.06,0.8571,7059,0.05,0.7142,2786,0.06,0.8571,47,0.055,0.7857,209,0
SPY190717P297,2019-07-16,2019-07-16 09:35:14,0.06,0.8571,7211,0.05,0.7142,2701,0.06,0.8571,47,0.055,0.7857,209,0
SPY190717P297,2019-07-16,2019-07-16 09:35:14,0.06,0.8571,7039,0.05,0.7142,2701,0.06,0.8571,47,0.055,0.7857,209,0
SPY190717P297,2019-07-16,2019-07-16 09:35:15,0.06,0.8571,7039,0.05,0.7142,2701,0.06,0.8571,47,0.055,0.7857,209,0
SPY190717P297,2019-07-16,2019-07-16 09:35:16,0.06,0.8571,7039,0.05,0.7142,2701,0.06,0.8571,47,0.055,0.7857,209,0
SPY190717P297,2019-07-16,2019-07-16 09:35:17,0.06,0.8571,8253,0.05,0.7142,1850,0.06,0.8571,1,0.055,0.7857,210,0
SPY190717P297,2019-07-16,2019-07-16 09:35:17,0.06,0.8571,6699,0.05,0.7142,1850,0.06,0.8571,1,0.055,0.7857,210,1
SPY190717P297,2019-07-16,2019-07-16 09:35:18,0.06,0.8571,8253,0.05,0.7142,1850,0.06,0.8571,1,0.055,0.7857,210,0
SPY190717P297,2019-07-16,2019-07-16 09:35:18,0.06,0.8571,8481,0.05,0.7142,1850,0.06,0.8571,1,0.055,0.7857,210,0
SPY190717P297,2019-07-16,2019-07-16 09:35:19,0.06,0.8571,8481,0.05,0.7142,1850,0.06,0.8571,1,0.055,0.7857,210,0
SPY190717P297,2019-07-16,2019-07-16 09:35:20,0.06,0.8571,8481,0.05,0.7142,1850,0.06,0.8571,1,0.055,0.7857,210,0
SPY190717P297,2019-07-16,2019-07-16 09:35:20,0.06,0.8571,8506,0.05,0.7142,1850,0.06,0.8571,1,0.055,0.7857,210,0
SPY190717P297,2019-07-16,2019-07-16 09:35:21,0.06,0.8571,8506,0.05,0.7142,1850,0.06,0.8571,1,0.055,0.7857,210,0
SPY190717P297,2019-07-16,2019-07-16 09:35:22,0.06,0.8571,6947,0.05,0.7142,1850,0.06,0.8571,1,0.055,0.7857,210,0
SPY190717P297,2019-07-16,2019-07-16 09:35:23,0.06,0.8571,6962,0.05,0.7142,1868,0.06,0.8571,1,0.055,0.7857,210,0
SPY190717P297,2019-07-16,2019-07-16 09:35:23,0.06,0.8571,7373,0.05,0.7142,1868,0.06,0.8571,1,0.055,0.7857,210,0
SPY190717P297,2019-07-16,2019-07-16 09:35:24,0.06,0.8571,8522,0.05,0.7142,1868,0.06,0.8571,1,0.055,0.7857,210,0
SPY190717P297,2019-07-16,2019-07-16 09:35:25,0.06,0.8571,8523,0.05,0.7142,2910,0.06,0.8571,1,0.055,0.7857,210,0
SPY190717P297,2019-07-16,2019-07-16 09:35:26,0.06,0.8571,8870,0.05,0.7142,2910,0.06,0.8571,1,0.055,0.7857,210,0
SPY190717P297,2019-07-16,2019-07-16 09:35:27,0.06,0.8571,7090,0.05,0.7142,1868,0.06,0.8571,1,0.055,0.7857,210,0
SPY190717P297,2019-07-16,2019-07-16 09:35:27,0.06,0.8571,7309,0.05,0.7142,1868,0.06,0.8571,1,0.055,0.7857,210,0
SPY190717P297,2019-07-16,2019-07-16 09:35:28,0.06,0.8571,6739,0.05,0.7142,2649,0.06,0.8571,1,0.055,0.7857,210,0
SPY190717P297,2019-07-16,2019-07-16 09:35:29,0.06,0.8571,6739,0.05,0.7142,1868,0.06,0.8571,1,0.055,0.7857,210,0
SPY190717P297,2019-07-16,2019-07-16 09:35:30,0.06,0.8571,6239,0.05,0.7142,1368,0.06,0.8571,1,0.055,0.7857,210,0
SPY190717P297,2019-07-16,2019-07-16 09:35:31,0.06,0.8571,7542,0.05,0.7142,1368,0.06,0.8571,1,0.055,0.7857,210,0
SPY190717P297,2019-07-16,2019-07-16 09:35:31,0.06,0.8571,7464,0.05,0.7142,1868,0.06,0.8571,1,0.055,0.7857,210,0
SPY190717P297,2019-07-16,2019-07-16 09:35:32,0.06,0.8571,6875,0.05,0.7142,1868,0.06,0.8571,1,0.055,0.7857,210,0
SPY190717P297,2019-07-16,2019-07-16 09:35:33,0.06,0.8571,8540,0.05,0.7142,2903,0.06,0.8571,1,0.055,0.7857,210,0
SPY190717P297,2019-07-16,2019-07-16 09:35:34,0.06,0.8571,6875,0.05,0.7142,1868,0.06,0.8571,1,0.055,0.7857,210,0
SPY190717P297,2019-07-16,2019-07-16 09:35:35,0.06,0.8571,6875,0.05,0.7142,1868,0.06,0.8571,1,0.055,0.7857,210,0
SPY190717P297,2019-07-16,2019-07-16 09:35:36,0.06,0.8571,6875,0.05,0.7142,1868,0.06,0.8571,1,0.055,0.7857,210,0
SPY190717P297,2019-07-16,2019-07-16 09:35:37,0.06,0.8571,6875,0.05,0.7142,1868,0.06,0.8571,1,0.055,0.7857,210,0
SPY190717P297,2019-07-16,2019-07-16 09:35:38,0.06,0.8571,6875,0.05,0.7142,1868,0.06,0.8571,1,0.055,0.7857,210,0
SPY190717P297,2019-07-16,2019-07-16 09:35:39,0.06,0.8571,8702,0.05,0.7142,2915,0.06,0.8571,1,0.055,0.7857,210,0
SPY190717P297,2019-07-16,2019-07-16 09:35:40,0.06,0.8571,8295,0.05,0.7142,2915,0.06,0.8571,1,0.055,0.7857,210,0
SPY190717P297,2019-07-16,2019-07-16 09:35:40,0.06,0.8571,6875,0.05,0.7142,1868,0.06,0.8571,1,0.055,0.7857,210,0
SPY190717P297,2019-07-16,2019-07-16 09:35:41,0.06,0.8571,8285,0.05,0.7142,2915,0.06,0.8571,1,0.055,0.7857,210,0
SPY190717P297,2019-07-16,2019-07-16 09:35:42,0.06,0.8571,7161,0.05,0.7142,1868,0.06,0.8571,1,0.055,0.7857,210,0
SPY190717P297,2019-07-16,2019-07-16 09:35:42,0.06,0.8571,6730,0.05,0.7142,1868,0.06,0.8571,1,0.055,0.7857,210,0
SPY190717P297,2019-07-16,2019-07-16 09:35:43,0.06,0.8571,7161,0.05,0.7142,1868,0.06,0.8571,1,0.055,0.7857,210,0
SPY190717P297,2019-07-16,2019-07-16 09:35:43,0.06,0.8571,8285,0.05,0.7142,2915,0.06,0.8571,1,0.055,0.7857,210,0
SPY190717P297,2019-07-16,2019-07-16 09:35:44,0.06,0.8571,7269,0.05,0.7142,2915,0.06,0.8571,1,0.055,0.7857,210,0
SPY190717P297,2019-07-16,2019-07-16 09:35:45,0.06,0.8571,7269,0.05,0.7142,2915,0.06,0.8571,1,0.055,0.7857,210,0
SPY190717P297,2019-07-16,2019-07-16 09:35:45,0.06,0.8571,7212,0.05,0.7142,2594,0.06,0.8571,1,0.055,0.7857,210,0
SPY190717P297,2019-07-16,2019-07-16 09:35:46,0.06,0.8571,8285,0.05,0.7142,2886,0.06,0.8571,1,0.055,0.7857,210,0
SPY190717P297,2019-07-16,2019-07-16 09:35:46,0.06,0.8571,7203,0.05,0.7142,1775,0.06,0.8571,1,0.055,0.7857,210,0
SPY190717P297,2019-07-16,2019-07-16 09:35:47,0.06,0.8571,8285,0.05,0.7142,2921,0.06,0.8571,1,0.055,0.7857,210,0
SPY190717P297,2019-07-16,2019-07-16 09:35:48,0.06,0.8571,8285,0.05,0.7142,2921,0.06,0.8571,1,0.055,0.7857,210,0
SPY190717P297,2019-07-16,2019-07-16 09:35:49,0.06,0.8571,8049,0.05,0.7142,2841,0.06,0.8571,1,0.055,0.7857,210,0
SPY190717P297,2019-07-16,2019-07-16 09:35:49,0.06,0.8571,7203,0.05,0.7142,1855,0.06,0.8571,1,0.055,0.7857,210,0
SPY190717P297,2019-07-16,2019-07-16 09:35:50,0.06,0.8571,8285,0.05,0.7142,2921,0.06,0.8571,1,0.055,0.7857,210,0
SPY190717P297,2019-07-16,2019-07-16 09:35:51,0.06,0.8571,8049,0.05,0.7142,2841,0.06,0.8571,1,0.055,0.7857,210,0
SPY190717P297,2019-07-16,2019-07-16 09:35:51,0.06,0.8571,7648,0.05,0.7142,1855,0.06,0.8571,1,0.055,0.7857,210,0
SPY190717P297,2019-07-16,2019-07-16 09:35:52,0.06,0.8571,8053,0.05,0.7142,2803,0.06,0.8571,1,0.055,0.7857,210,0
SPY190717P297,2019-07-16,2019-07-16 09:35:52,0.06,0.8571,7648,0.05,0.7142,1775,0.06,0.8571,1,0.055,0.7857,210,0
SPY190717P297,2019-07-16,2019-07-16 09:35:53,0.06,0.8571,8053,0.05,0.7142,1275,0.06,0.8571,1,0.055,0.7857,210,0
SPY190717P297,2019-07-16,2019-07-16 09:35:54,0.06,0.8571,8053,0.05,0.7142,1275,0.06,0.8571,1,0.055,0.7857,210,0
SPY190717P297,2019-07-16,2019-07-16 09:35:54,0.06,0.8571,8289,0.05,0.7142,1355,0.06,0.8571,1,0.055,0.7857,210,0
SPY190717P297,2019-07-16,2019-07-16 09:35:55,0.06,0.8571,8295,0.05,0.7142,2141,0.06,0.8571,1,0.055,0.7857,210,0
SPY190717P297,2019-07-16,2019-07-16 09:35:56,0.06,0.8571,8294,0.05,0.7142,2901,0.06,0.8571,1,0.055,0.7857,210,0
SPY190717P297,2019-07-16,2019-07-16 09:35:57,0.06,0.8571,7794,0.05,0.7142,2401,0.06,0.8571,1,0.055,0.7857,210,0
SPY190717P297,2019-07-16,2019-07-16 09:35:58,0.06,0.8571,7794,0.05,0.7142,2401,0.06,0.8571,1,0.055,0.7857,210,0
SPY190717P297,2019-07-16,2019-07-16 09:35:59,0.06,0.8571,8339,0.05,0.7142,2401,0.06,0.8571,1,0.055,0.7857,210,0
SPY190717P297,2019-07-16,2019-07-16 09:35:59,0.06,0.8571,6240,0.05,0.7142,2401,0.06,0.8571,1,0.055,0.7857,210,0
SPY190717P297,2019-07-16,2019-07-16 09:36:00,0.06,0.8571,7782,0.05,0.7142,2141,0.06,0.8571,1,0.055,0.7857,210,0
SPY190717P297,2019-07-16,2019-07-16 09:36:00,0.06,0.8571,7782,0.05,0.7142,1355,0.06,0.8571,1,0.055,0.7857,210,0
SPY190717P297,2019-07-16,2019-07-16 09:36:01,0.06,0.8571,7782,0.05,0.7142,2141,0.06,0.8571,1,0.055,0.7857,210,0
SPY190717P297,2019-07-16,2019-07-16 09:36:02,0.06,0.8571,7782,0.05,0.7142,2141,0.06,0.8571,1,0.055,0.7857,210,0
SPY190717P297,2019-07-16,2019-07-16 09:36:03,0.06,0.8571,7782,0.05,0.7142,2141,0.06,0.8571,1,0.055,0.7857,210,0
SPY190717P297,2019-07-16,2019-07-16 09:36:03,0.06,0.8571,7781,0.05,0.7142,2127,0.06,0.8571,1,0.055,0.7857,210,0
SPY190717P297,2019-07-16,2019-07-16 09:36:04,0.06,0.8571,6627,0.05,0.7142,1355,0.06,0.8571,1,0.055,0.7857,210,0
SPY190717P297,2019-07-16,2019-07-16 09:36:04,0.06,0.8571,5671,0.05,0.7142,2127,0.06,0.8571,1,0.055,0.7857,210,0
SPY190717P297,2019-07-16,2019-07-16 09:36:05,0.06,0.8571,6627,0.05,0.7142,1355,0.06,0.8571,1,0.055,0.7857,210,0
SPY190717P297,2019-07-16,2019-07-16 09:36:06,0.06,0.8571,7782,0.05,0.7142,3121,0.06,0.8571,1,0.055,0.7857,210,0
SPY190717P297,2019-07-16,2019-07-16 09:36:07,0.06,0.8571,8307,0.05,0.7142,3121,0.06,0.8571,1,0.055,0.7857,210,0
SPY190717P297,2019-07-16,2019-07-16 09:36:07,0.06,0.8571,7782,0.05,0.7142,3121,0.06,0.8571,1,0.055,0.7857,210,0
SPY190717P297,2019-07-16,2019-07-16 09:36:08,0.06,0.8571,7782,0.05,0.7142,3121,0.06,0.8571,1,0.055,0.7857,210,0
SPY190717P297,2019-07-16,2019-07-16 09:36:09,0.06,0.8571,7782,0.05,0.7142,3121,0.06,0.8571,1,0.055,0.7857,210,0
SPY190717P297,2019-07-16,2019-07-16 09:36:10,0.06,0.8571,7782,0.05,0.7142,3121,0.06,0.8571,1,0.055,0.7857,210,0
SPY190717P297,2019-07-16,2019-07-16 09:36:11,0.06,0.8571,7782,0.05,0.7142,3121,0.06,0.8571,1,0.055,0.7857,210,0
SPY190717P297,2019-07-16,2019-07-16 09:36:12,0.06,0.8571,7782,0.05,0.7142,3121,0.06,0.8571,1,0.055,0.7857,210,0
SPY190717P297,2019-07-16,2019-07-16 09:36:13,0.06,0.8571,7782,0.05,0.7142,3121,0.06,0.8571,1,0.055,0.7857,210,0
SPY190717P297,2019-07-16,2019-07-16 09:36:14,0.06,0.8571,7782,0.05,0.7142,3121,0.06,0.8571,1,0.055,0.7857,210,0
SPY190717P297,2019-07-16,2019-07-16 09:36:15,0.06,0.8571,6747,0.05,0.7142,2187,0.06,0.8571,1,0.055,0.7857,210,0
SPY190717P297,2019-07-16,2019-07-16 09:36:15,0.06,0.8571,6309,0.05,0.7142,2187,0.06,0.8571,1,0.055,0.7857,210,0
SPY190717P297,2019-07-16,2019-07-16 09:36:16,0.06,0.8571,6240,0.05,0.7142,2187,0.06,0.8571,1,0.055,0.7857,210,0
SPY190717P297,2019-07-16,2019-07-16 09:36:16,0.06,0.8571,6231,0.05,0.7142,2105,0.06,0.8571,1,0.055,0.7857,210,0
SPY190717P297,2019-07-16,2019-07-16 09:36:17,0.06,0.8571,7345,0.05,0.7142,2605,0.06,0.8571,1,0.055,0.7857,210,0
SPY190717P297,2019-07-16,2019-07-16 09:36:18,0.06,0.8571,8254,0.05,0.7142,3718,0.06,0.8571,1,0.055,0.7857,210,0
SPY190717P297,2019-07-16,2019-07-16 09:36:19,0.06,0.8571,6703,0.05,0.7142,3718,0.06,0.8571,1,0.055,0.7857,210,0
SPY190717P297,2019-07-16,2019-07-16 09:36:19,0.06,0.8571,8254,0.05,0.7142,3711,0.06,0.8571,1,0.055,0.7857,210,0
SPY190717P297,2019-07-16,2019-07-16 09:36:20,0.06,0.8571,8254,0.05,0.7142,3711,0.06,0.8571,1,0.055,0.7857,210,0
SPY190717P297,2019-07-16,2019-07-16 09:36:21,0.06,0.8571,7153,0.05,0.7142,3143,0.06,0.8571,1,0.055,0.7857,210,0
SPY190717P297,2019-07-16,2019-07-16 09:36:22,0.06,0.8571,6703,0.05,0.7142,3143,0.06,0.8571,1,0.055,0.7857,210,0
SPY190717P297,2019-07-16,2019-07-16 09:36:23,0.06,0.8571,8193,0.05,0.7142,3780,0.06,0.8571,1,0.055,0.7857,210,0
SPY190717P297,2019-07-16,2019-07-16 09:36:24,0.06,0.8571,8193,0.05,0.7142,3780,0.06,0.8571,1,0.055,0.7857,210,0
SPY190717P297,2019-07-16,2019-07-16 09:36:25,0.06,0.8571,8247,0.05,0.7142,3784,0.06,0.8571,1,0.055,0.7857,210,0
SPY190717P297,2019-07-16,2019-07-16 09:36:26,0.06,0.8571,8247,0.05,0.7142,3784,0.06,0.8571,1,0.055,0.7857,210,0
SPY190717P297,2019-07-16,2019-07-16 09:36:27,0.06,0.8571,8493,0.05,0.7142,3784,0.06,0.8571,1,0.055,0.7857,210,0
SPY190717P297,2019-07-16,2019-07-16 09:36:27,0.06,0.8571,8247,0.05,0.7142,3784,0.06,0.8571,1,0.055,0.7857,210,0
SPY190717P297,2019-07-16,2019-07-16 09:36:28,0.06,0.8571,8493,0.05,0.7142,3784,0.06,0.8571,1,0.055,0.7857,210,0
SPY190717P297,2019-07-16,2019-07-16 09:36:29,0.06,0.8571,8493,0.05,0.7142,3784,0.06,0.8571,1,0.055,0.7857,210,0
SPY190717P297,2019-07-16,2019-07-16 09:36:30,0.06,0.8571,8250,0.05,0.7142,2899,0.06,0.8571,1,0.055,0.7857,210,0
SPY190717P297,2019-07-16,2019-07-16 09:36:31,0.06,0.8571,6467,0.05,0.7142,1775,0.06,0.8571,1,0.055,0.7857,210,0
SPY190717P297,2019-07-16,2019-07-16 09:36:32,0.06,0.8571,6699,0.05,0.7142,1855,0.06,0.8571,1,0.055,0.7857,210,0
SPY190717P297,2019-07-16,2019-07-16 09:36:33,0.06,0.8571,8544,0.05,0.7142,2921,0.06,0.8571,1,0.055,0.7857,210,0
SPY190717P297,2019-07-16,2019-07-16 09:36:34,0.06,0.8571,6986,0.05,0.7142,3795,0.06,0.8571,1,0.055,0.7857,210,0
SPY190717P297,2019-07-16,2019-07-16 09:36:35,0.06,0.8571,6997,0.05,0.7142,1275,0.06,0.8571,1,0.055,0.7857,210,0
SPY190717P297,2019-07-16,2019-07-16 09:36:36,0.06,0.8571,8817,0.05,0.7142,3759,0.06,0.8571,1,0.055,0.7857,210,0
SPY190717P297,2019-07-16,2019-07-16 09:36:37,0.06,0.8571,8820,0.05,0.7142,3776,0.06,0.8571,1,0.055,0.7857,210,0
SPY190717P297,2019-07-16,2019-07-16 09:36:38,0.06,0.8571,8285,0.05,0.7142,3776,0.06,0.8571,1,0.055,0.7857,210,0
SPY190717P297,2019-07-16,2019-07-16 09:36:39,0.06,0.8571,8285,0.05,0.7142,3776,0.06,0.8571,1,0.055,0.7857,210,0
SPY190717P297,2019-07-16,2019-07-16 09:36:40,0.06,0.8571,8285,0.05,0.7142,3776,0.06,0.8571,1,0.055,0.7857,210,0
SPY190717P297,2019-07-16,2019-07-16 09:36:43,0.06,0.8571,8701,0.05,0.7142,3776,0.06,0.8571,1,0.055,0.7857,210,0
SPY190717P297,2019-07-16,2019-07-16 09:36:43,0.06,0.8571,8275,0.05,0.7142,2921,0.06,0.8571,1,0.055,0.7857,210,0
SPY190717P297,2019-07-16,2019-07-16 09:36:45,0.06,0.8571,6969,0.05,0.7142,1855,0.06,0.8571,1,0.055,0.7857,210,0
SPY190717P297,2019-07-16,2019-07-16 09:36:46,0.06,0.8571,6503,0.05,0.7142,1775,0.06,0.8571,1,0.055,0.7857,210,0
SPY190717P297,2019-07-16,2019-07-16 09:36:47,0.06,0.8571,7128,0.05,0.7142,1855,0.06,0.8571,1,0.055,0.7857,210,0
SPY190717P297,2019-07-16,2019-07-16 09:36:47,0.06,0.8571,7169,0.05,0.7142,1855,0.06,0.8571,1,0.055,0.7857,210,0
SPY190717P297,2019-07-16,2019-07-16 09:36:48,0.06,0.8571,8587,0.05,0.7142,2921,0.06,0.8571,1,0.055,0.7857,210,0
SPY190717P297,2019-07-16,2019-07-16 09:36:49,0.06,0.8571,8297,0.05,0.7142,2921,0.06,0.8571,1,0.055,0.7857,210,0
SPY190717P297,2019-07-16,2019-07-16 09:36:50,0.06,0.8571,8290,0.05,0.7142,2921,0.06,0.8571,1,0.055,0.7857,210,0
SPY190717P297,2019-07-16,2019-07-16 09:36:51,0.06,0.8571,8290,0.05,0.7142,2921,0.06,0.8571,1,0.055,0.7857,210,0
SPY190717P297,2019-07-16,2019-07-16 09:36:52,0.06,0.8571,8539,0.05,0.7142,2878,0.06,0.8571,1,0.055,0.7857,210,0
SPY190717P297,2019-07-16,2019-07-16 09:36:53,0.06,0.8571,6235,0.05,0.7142,1355,0.06,0.8571,1,0.055,0.7857,210,0
SPY190717P297,2019-07-16,2019-07-16 09:36:53,0.06,0.8571,6735,0.05,0.7142,1855,0.06,0.8571,1,0.055,0.7857,210,0
SPY190717P297,2019-07-16,2019-07-16 09:36:54,0.06,0.8571,7000,0.05,0.7142,1855,0.06,0.8571,1,0.055,0.7857,210,0
SPY190717P297,2019-07-16,2019-07-16 09:36:55,0.06,0.8571,7000,0.05,0.7142,1855,0.06,0.8571,1,0.055,0.7857,210,0
SPY190717P297,2019-07-16,2019-07-16 09:36:56,0.06,0.8571,7000,0.05,0.7142,1855,0.06,0.8571,1,0.055,0.7857,210,0
SPY190717P297,2019-07-16,2019-07-16 09:36:57,0.06,0.8571,8541,0.05,0.7142,1855,0.06,0.8571,1,0.055,0.7857,210,0
SPY190717P297,2019-07-16,2019-07-16 09:36:57,0.06,0.8571,7898,0.05,0.7142,1855,0.06,0.8571,1,0.055,0.7857,210,0
SPY190717P297,2019-07-16,2019-07-16 09:36:58,0.06,0.8571,7200,0.05,0.7142,1855,0.06,0.8571,1,0.055,0.7857,210,0
SPY190717P297,2019-07-16,2019-07-16 09:36:58,0.06,0.8571,7342,0.05,0.7142,1855,0.06,0.8571,1,0.055,0.7857,210,0
SPY190717P297,2019-07-16,2019-07-16 09:36:59,0.06,0.8571,8544,0.05,0.7142,2922,0.06,0.8571,1,0.055,0.7857,210,0
SPY190717P297,2019-07-16,2019-07-16 09:37:00,0.06,0.8571,8913,0.05,0.7142,2922,0.06,0.8571,1,0.055,0.7857,210,0
SPY190717P297,2019-07-16,2019-07-16 09:37:00,0.06,0.8571,8413,0.05,0.7142,2422,0.06,0.8571,1,0.055,0.7857,210,0
SPY190717P297,2019-07-16,2019-07-16 09:37:01,0.06,0.8571,8913,0.05,0.7142,2922,0.06,0.8571,1,0.055,0.7857,210,0
SPY190717P297,2019-07-16,2019-07-16 09:37:03,0.06,0.8571,8921,0.05,0.7142,2915,0.06,0.8571,1,0.055,0.7857,210,0
SPY190717P297,2019-07-16,2019-07-16 09:37:04,0.06,0.8571,8324,0.05,0.7142,2915,0.06,0.8571,1,0.055,0.7857,210,0
SPY190717P297,2019-07-16,2019-07-16 09:37:05,0.06,0.8571,8324,0.05,0.7142,2915,0.06,0.8571,1,0.055,0.7857,210,0
SPY190717P297,2019-07-16,2019-07-16 09:37:06,0.06,0.8571,8604,0.05,0.7142,2915,0.06,0.8571,1,0.055,0.7857,210,0
SPY190717P297,2019-07-16,2019-07-16 09:37:07,0.06,0.8571,6755,0.05,0.7142,1855,0.06,0.8571,1,0.055,0.7857,210,0
SPY190717P297,2019-07-16,2019-07-16 09:37:07,0.06,0.8571,7035,0.05,0.7142,1903,0.06,0.8571,1,0.055,0.7857,210,0
SPY190717P297,2019-07-16,2019-07-16 09:37:08,0.06,0.8571,8310,0.05,0.7142,2915,0.06,0.8571,1,0.055,0.7857,210,0
SPY190717P297,2019-07-16,2019-07-16 09:37:09,0.06,0.8571,8310,0.05,0.7142,2915,0.06,0.8571,1,0.055,0.7857,210,0
SPY190717P297,2019-07-16,2019-07-16 09:37:10,0.06,0.8571,8715,0.05,0.7142,2915,0.06,0.8571,1,0.055,0.7857,210,0
SPY190717P297,2019-07-16,2019-07-16 09:37:11,0.06,0.8571,8715,0.05,0.7142,2915,0.06,0.8571,1,0.055,0.7857,210,0
SPY190717P297,2019-07-16,2019-07-16 09:37:12,0.06,0.8571,8715,0.05,0.7142,3665,0.06,0.8571,1,0.055,0.7857,210,0
SPY190717P297,2019-07-16,2019-07-16 09:37:13,0.06,0.8571,8686,0.05,0.7142,3779,0.06,0.8571,1,0.055,0.7857,210,0
SPY190717P297,2019-07-16,2019-07-16 09:37:14,0.06,0.8571,6720,0.05,0.7142,2615,0.06,0.8571,1,0.055,0.7857,210,0
SPY190717P297,2019-07-16,2019-07-16 09:37:14,0.06,0.8571,6709,0.05,0.7142,2615,0.06,0.8571,1,0.055,0.7857,210,0
SPY190717P297,2019-07-16,2019-07-16 09:37:15,0.06,0.8571,7061,0.05,0.7142,2615,0.06,0.8571,1,0.055,0.7857,210,0
SPY190717P297,2019-07-16,2019-07-16 09:37:16,0.06,0.8571,7061,0.05,0.7142,2525,0.06,0.8571,1,0.055,0.7857,210,0
SPY190717P297,2019-07-16,2019-07-16 09:37:16,0.06,0.8571,6829,0.05,0.7142,2615,0.06,0.8571,1,0.055,0.7857,210,0
SPY190717P297,2019-07-16,2019-07-16 09:37:17,0.06,0.8571,7061,0.05,0.7142,2943,0.06,0.8571,1,0.055,0.7857,210,0
SPY190717P297,2019-07-16,2019-07-16 09:37:18,0.06,0.8571,8624,0.05,0.7142,3795,0.06,0.8571,1,0.055,0.7857,210,0
SPY190717P297,2019-07-16,2019-07-16 09:37:18,0.06,0.8571,7389,0.05,0.7142,3795,0.06,0.8571,1,0.055,0.7857,210,0
SPY190717P297,2019-07-16,2019-07-16 09:37:19,0.06,0.8571,8623,0.05,0.7142,3793,0.06,0.8571,1,0.055,0.7857,210,0
SPY190717P297,2019-07-16,2019-07-16 09:37:20,0.06,0.8571,7061,0.05,0.7142,2938,0.06,0.8571,1,0.055,0.7857,210,0
SPY190717P297,2019-07-16,2019-07-16 09:37:21,0.06,0.8571,7239,0.05,0.7142,2938,0.06,0.8571,1,0.055,0.7857,210,0
SPY190717P297,2019-07-16,2019-07-16 09:37:22,0.06,0.8571,7239,0.05,0.7142,2858,0.06,0.8571,1,0.055,0.7857,210,0
SPY190717P297,2019-07-16,2019-07-16 09:37:23,0.06,0.8571,8806,0.05,0.7142,3795,0.06,0.8571,1,0.055,0.7857,210,0
SPY190717P297,2019-07-16,2019-07-16 09:37:24,0.06,0.8571,8806,0.05,0.7142,3795,0.06,0.8571,1,0.055,0.7857,210,0
SPY190717P297,2019-07-16,2019-07-16 09:37:26,0.06,0.8571,6709,0.05,0.7142,2844,0.06,0.8571,1,0.055,0.7857,210,0
SPY190717P297,2019-07-16,2019-07-16 09:37:28,0.06,0.8571,7366,0.05,0.7142,3795,0.06,0.8571,1,0.055,0.7857,210,0
SPY190717P297,2019-07-16,2019-07-16 09:37:29,0.06,0.8571,8263,0.05,0.7142,3790,0.06,0.8571,1,0.055,0.7857,210,0
SPY190717P297,2019-07-16,2019-07-16 09:37:30,0.06,0.8571,8263,0.05,0.7142,3790,0.06,0.8571,1,0.055,0.7857,210,0
SPY190717P297,2019-07-16,2019-07-16 09:37:31,0.06,0.8571,8263,0.05,0.7142,3795,0.06,0.8571,1,0.055,0.7857,210,0
SPY190717P297,2019-07-16,2019-07-16 09:37:32,0.06,0.8571,8263,0.05,0.7142,3795,0.06,0.8571,1,0.055,0.7857,210,0
SPY190717P297,2019-07-16,2019-07-16 09:37:33,0.06,0.8571,8775,0.05,0.7142,3795,0.06,0.8571,1,0.055,0.7857,210,0
SPY190717P297,2019-07-16,2019-07-16 09:37:34,0.06,0.8571,8775,0.05,0.7142,3795,0.06,0.8571,1,0.055,0.7857,210,0
SPY190717P297,2019-07-16,2019-07-16 09:37:35,0.06,0.8571,8775,0.05,0.7142,3795,0.06,0.8571,1,0.055,0.7857,210,0
SPY190717P297,2019-07-16,2019-07-16 09:37:36,0.06,0.8571,8775,0.05,0.7142,3795,0.06,0.8571,1,0.055,0.7857,210,0
SPY190717P297,2019-07-16,2019-07-16 09:37:36,0.06,0.8571,8787,0.05,0.7142,3795,0.06,0.8571,1,0.055,0.7857,210,0
SPY190717P297,2019-07-16,2019-07-16 09:37:37,0.06,0.8571,8787,0.05,0.7142,3795,0.06,0.8571,1,0.055,0.7857,210,0
SPY190717P297,2019-07-16,2019-07-16 09:37:47,0.06,0.8571,8195,0.05,0.7142,3839,0.06,0.8571,1,0.055,0.7857,210,0
SPY190717P297,2019-07-16,2019-07-16 09:37:47,0.06,0.8571,8710,0.05,0.7142,3795,0.06,0.8571,1,0.055,0.7857,210,0
SPY190717P297,2019-07-16,2019-07-16 09:37:48,0.06,0.8571,8729,0.05,0.7142,4339,0.06,0.8571,1,0.055,0.7857,210,0
SPY190717P297,2019-07-16,2019-07-16 09:37:49,0.06,0.8571,8729,0.05,0.7142,4339,0.06,0.8571,1,0.055,0.7857,210,0
SPY190717P297,2019-07-16,2019-07-16 09:37:50,0.06,0.8571,8729,0.05,0.7142,4339,0.06,0.8571,1,0.055,0.7857,210,0
SPY190717P297,2019-07-16,2019-07-16 09:37:51,0.06,0.8571,6452,0.05,0.7142,2563,0.06,0.8571,1,0.055,0.7857,210,0
SPY190717P297,2019-07-16,2019-07-16 09:37:52,0.06,0.8571,7186,0.05,0.7142,3117,0.06,0.8571,1,0.055,0.7857,210,0
SPY190717P297,2019-07-16,2019-07-16 09:37:52,0.06,0.8571,6452,0.05,0.7142,3117,0.06,0.8571,1,0.055,0.7857,210,0
SPY190717P297,2019-07-16,2019-07-16 09:37:53,0.06,0.8571,7186,0.05,0.7142,2828,0.06,0.8571,1,0.055,0.7857,210,0
SPY190717P297,2019-07-16,2019-07-16 09:37:54,0.06,0.8571,7186,0.05,0.7142,2931,0.06,0.8571,1,0.055,0.7857,210,0
SPY190717P297,2019-07-16,2019-07-16 09:37:55,0.06,0.8571,7186,0.05,0.7142,2942,0.06,0.8571,1,0.055,0.7857,210,0
SPY190717P297,2019-07-16,2019-07-16 09:37:56,0.06,0.8571,7127,0.05,0.7142,3162,0.06,0.8571,1,0.055,0.7857,210,0
SPY190717P297,2019-07-16,2019-07-16 09:37:56,0.06,0.8571,8686,0.05,0.7142,4422,0.06,0.8571,1,0.055,0.7857,210,0
SPY190717P297,2019-07-16,2019-07-16 09:37:57,0.06,0.8571,8676,0.05,0.7142,3814,0.06,0.8571,1,0.055,0.7857,210,0
SPY190717P297,2019-07-16,2019-07-16 09:37:57,0.06,0.8571,8684,0.05,0.7142,3814,0.06,0.8571,1,0.055,0.7857,210,0
SPY190717P297,2019-07-16,2019-07-16 09:37:58,0.06,0.8571,8676,0.05,0.7142,3814,0.06,0.8571,1,0.055,0.7857,210,0
SPY190717P297,2019-07-16,2019-07-16 09:37:59,0.06,0.8571,8676,0.05,0.7142,3814,0.06,0.8571,1,0.055,0.7857,210,0
SPY190717P297,2019-07-16,2019-07-16 09:38:00,0.06,0.8571,8676,0.05,0.7142,3814,0.06,0.8571,1,0.055,0.7857,210,0
SPY190717P297,2019-07-16,2019-07-16 09:38:01,0.06,0.8571,8676,0.05,0.7142,3814,0.06,0.8571,1,0.055,0.7857,210,0
SPY190717P297,2019-07-16,2019-07-16 09:38:02,0.06,0.8571,8676,0.05,0.7142,3814,0.06,0.8571,1,0.055,0.7857,210,0
SPY190717P297,2019-07-16,2019-07-16 09:38:03,0.06,0.8571,8201,0.05,0.7142,3814,0.06,0.8571,1,0.055,0.7857,210,0
SPY190717P297,2019-07-16,2019-07-16 09:38:04,0.06,0.8571,8204,0.05,0.7142,3814,0.06,0.8571,1,0.055,0.7857,210,0
SPY190717P297,2019-07-16,2019-07-16 09:38:05,0.06,0.8571,8204,0.05,0.7142,3814,0.06,0.8571,1,0.055,0.7857,210,0
SPY190717P297,2019-07-16,2019-07-16 09:38:06,0.06,0.8571,8204,0.05,0.7142,3814,0.06,0.8571,1,0.055,0.7857,210,0
SPY190717P297,2019-07-16,2019-07-16 09:38:06,0.06,0.8571,8571,0.05,0.7142,3814,0.06,0.8571,1,0.055,0.7857,210,0
SPY190717P297,2019-07-16,2019-07-16 09:38:07,0.06,0.8571,8571,0.05,0.7142,3814,0.06,0.8571,1,0.055,0.7857,210,0
SPY190717P297,2019-07-16,2019-07-16 09:38:08,0.06,0.8571,8568,0.05,0.7142,3817,0.06,0.8571,1,0.055,0.7857,210,0
SPY190717P297,2019-07-16,2019-07-16 09:38:08,0.06,0.8571,8571,0.05,0.7142,3814,0.06,0.8571,1,0.055,0.7857,210,0
SPY190717P297,2019-07-16,2019-07-16 09:38:09,0.06,0.8571,8568,0.05,0.7142,3817,0.06,0.8571,1,0.055,0.7857,210,0
SPY190717P297,2019-07-16,2019-07-16 09:38:10,0.06,0.8571,8192,0.05,0.7142,3812,0.06,0.8571,1,0.055,0.7857,210,0
SPY190717P297,2019-07-16,2019-07-16 09:38:11,0.06,0.8571,8676,0.05,0.7142,3812,0.06,0.8571,1,0.055,0.7857,210,0
SPY190717P297,2019-07-16,2019-07-16 09:38:11,0.06,0.8571,8192,0.05,0.7142,3812,0.06,0.8571,1,0.055,0.7857,210,0
SPY190717P297,2019-07-16,2019-07-16 09:38:12,0.06,0.8571,8191,0.05,0.7142,3817,0.06,0.8571,1,0.055,0.7857,210,0
SPY190717P297,2019-07-16,2019-07-16 09:38:13,0.06,0.8571,8191,0.05,0.7142,3817,0.06,0.8571,1,0.055,0.7857,210,0
SPY190717P297,2019-07-16,2019-07-16 09:38:14,0.06,0.8571,8191,0.05,0.7142,3817,0.06,0.8571,1,0.055,0.7857,210,0
SPY190717P297,2019-07-16,2019-07-16 09:38:16,0.06,0.8571,5653,0.05,0.7142,2525,0.06,0.8571,1,0.055,0.7857,210,0
SPY190717P297,2019-07-16,2019-07-16 09:38:16,0.06,0.8571,8012,0.05,0.7142,3706,0.06,0.8571,1,0.055,0.7857,210,0
SPY190717P297,2019-07-16,2019-07-16 09:38:17,0.06,0.8571,8245,0.05,0.7142,3804,0.06,0.8571,1,0.055,0.7857,210,0
SPY190717P297,2019-07-16,2019-07-16 09:38:18,0.06,0.8571,7048,0.05,0.7142,2956,0.06,0.8571,1,0.055,0.7857,210,0
SPY190717P297,2019-07-16,2019-07-16 09:38:19,0.06,0.8571,8603,0.05,0.7142,3817,0.06,0.8571,1,0.055,0.7857,210,0
SPY190717P297,2019-07-16,2019-07-16 09:38:20,0.06,0.8571,8603,0.05,0.7142,3817,0.06,0.8571,1,0.055,0.7857,210,0
SPY190717P297,2019-07-16,2019-07-16 09:38:21,0.06,0.8571,8603,0.05,0.7142,3817,0.06,0.8571,1,0.055,0.7857,210,0
SPY190717P297,2019-07-16,2019-07-16 09:38:22,0.06,0.8571,8601,0.05,0.7142,3817,0.06,0.8571,1,0.055,0.7857,210,0
SPY190717P297,2019-07-16,2019-07-16 09:38:23,0.06,0.8571,7046,0.05,0.7142,2956,0.06,0.8571,1,0.055,0.7857,210,0
SPY190717P297,2019-07-16,2019-07-16 09:38:24,0.06,0.8571,7046,0.05,0.7142,2956,0.06,0.8571,1,0.055,0.7857,210,0
SPY190717P297,2019-07-16,2019-07-16 09:38:25,0.06,0.8571,7046,0.05,0.7142,2956,0.06,0.8571,1,0.055,0.7857,210,0
SPY190717P297,2019-07-16,2019-07-16 09:38:26,0.06,0.8571,7046,0.05,0.7142,2123,0.06,0.8571,1,0.055,0.7857,210,0
SPY190717P297,2019-07-16,2019-07-16 09:38:26,0.06,0.8571,8598,0.05,0.7142,3800,0.06,0.8571,1,0.055,0.7857,210,0
SPY190717P297,2019-07-16,2019-07-16 09:38:27,0.06,0.8571,8598,0.05,0.7142,3800,0.06,0.8571,1,0.055,0.7857,210,0
SPY190717P297,2019-07-16,2019-07-16 09:38:28,0.06,0.8571,8235,0.05,0.7142,4365,0.06,0.8571,1,0.055,0.7857,210,0
SPY190717P297,2019-07-16,2019-07-16 09:38:28,0.06,0.8571,8243,0.05,0.7142,3798,0.06,0.8571,1,0.055,0.7857,210,0
SPY190717P297,2019-07-16,2019-07-16 09:38:29,0.06,0.8571,6908,0.05,0.7142,4365,0.06,0.8571,1,0.055,0.7857,210,0
SPY190717P297,2019-07-16,2019-07-16 09:38:29,0.06,0.8571,6052,0.05,0.7142,2665,0.06,0.8571,1,0.055,0.7857,210,0
SPY190717P297,2019-07-16,2019-07-16 09:38:30,0.06,0.8571,6052,0.05,0.7142,2955,0.06,0.8571,1,0.055,0.7857,210,0
SPY190717P297,2019-07-16,2019-07-16 09:38:31,0.06,0.8571,6703,0.05,0.7142,2955,0.06,0.8571,1,0.055,0.7857,210,0
SPY190717P297,2019-07-16,2019-07-16 09:38:31,0.06,0.8571,6203,0.05,0.7142,2954,0.06,0.8571,1,0.055,0.7857,210,0
SPY190717P297,2019-07-16,2019-07-16 09:38:32,0.06,0.8571,6203,0.05,0.7142,2954,0.06,0.8571,1,0.055,0.7857,210,0
SPY190717P297,2019-07-16,2019-07-16 09:38:33,0.06,0.8571,8250,0.05,0.7142,3827,0.06,0.8571,1,0.055,0.7857,210,0
SPY190717P297,2019-07-16,2019-07-16 09:38:33,0.06,0.8571,8250,0.05,0.7142,3822,0.06,0.8571,1,0.055,0.7857,210,0
SPY190717P297,2019-07-16,2019-07-16 09:38:34,0.06,0.8571,6703,0.05,0.7142,2956,0.06,0.8571,1,0.055,0.7857,210,0
SPY190717P297,2019-07-16,2019-07-16 09:38:36,0.06,0.8571,8235,0.05,0.7142,3822,0.06,0.8571,1,0.055,0.7857,210,0
SPY190717P297,2019-07-16,2019-07-16 09:38:37,0.06,0.8571,8709,0.05,0.7142,3822,0.06,0.8571,1,0.055,0.7857,210,0
SPY190717P297,2019-07-16,2019-07-16 09:38:38,0.06,0.8571,7162,0.05,0.7142,2955,0.06,0.8571,1,0.055,0.7857,210,0
SPY190717P297,2019-07-16,2019-07-16 09:38:39,0.06,0.8571,7162,0.05,0.7142,2759,0.06,0.8571,1,0.055,0.7857,210,0
SPY190717P297,2019-07-16,2019-07-16 09:38:40,0.06,0.8571,6913,0.05,0.7142,2942,0.06,0.8571,1,0.055,0.7857,210,0
SPY190717P297,2019-07-16,2019-07-16 09:38:41,0.06,0.8571,6913,0.05,0.7142,2942,0.06,0.8571,1,0.055,0.7857,210,0
SPY190717P297,2019-07-16,2019-07-16 09:38:41,0.06,0.8571,6871,0.05,0.7142,3218,0.06,0.8571,1,0.055,0.7857,210,0
SPY190717P297,2019-07-16,2019-07-16 09:38:42,0.06,0.8571,8688,0.05,0.7142,3718,0.06,0.8571,1,0.055,0.7857,210,0
SPY190717P297,2019-07-16,2019-07-16 09:38:42,0.06,0.8571,7135,0.05,0.7142,3718,0.06,0.8571,1,0.055,0.7857,210,0
SPY190717P297,2019-07-16,2019-07-16 09:38:43,0.06,0.8571,8688,0.05,0.7142,3718,0.06,0.8571,1,0.055,0.7857,210,0
SPY190717P297,2019-07-16,2019-07-16 09:38:44,0.06,0.8571,8745,0.05,0.7142,4371,0.06,0.8571,1,0.055,0.7857,210,0
SPY190717P297,2019-07-16,2019-07-16 09:38:44,0.06,0.8571,8688,0.05,0.7142,3718,0.06,0.8571,1,0.055,0.7857,210,0
SPY190717P297,2019-07-16,2019-07-16 09:38:45,0.06,0.8571,9234,0.05,0.7142,4371,0.06,0.8571,1,0.055,0.7857,210,0
SPY190717P297,2019-07-16,2019-07-16 09:38:46,0.06,0.8571,8749,0.05,0.7142,4327,0.06,0.8571,1,0.055,0.7857,210,0
SPY190717P297,2019-07-16,2019-07-16 09:38:47,0.06,0.8571,8767,0.05,0.7142,4182,0.06,0.8571,1,0.055,0.7857,210,0
SPY190717P297,2019-07-16,2019-07-16 09:38:48,0.06,0.8571,9182,0.05,0.7142,3795,0.06,0.8571,1,0.055,0.7857,210,0
SPY190717P297,2019-07-16,2019-07-16 09:38:49,0.06,0.8571,7613,0.05,0.7142,3173,0.06,0.8571,1,0.055,0.7857,210,0
SPY190717P297,2019-07-16,2019-07-16 09:38:50,0.06,0.8571,9182,0.05,0.7142,4392,0.06,0.8571,1,0.055,0.7857,210,0
SPY190717P297,2019-07-16,2019-07-16 09:38:51,0.06,0.8571,9176,0.05,0.7142,4392,0.06,0.8571,1,0.055,0.7857,210,0
SPY190717P297,2019-07-16,2019-07-16 09:38:52,0.06,0.8571,9176,0.05,0.7142,4392,0.06,0.8571,1,0.055,0.7857,210,0
SPY190717P297,2019-07-16,2019-07-16 09:38:53,0.06,0.8571,9175,0.05,0.7142,4392,0.06,0.8571,1,0.055,0.7857,210,0
SPY190717P297,2019-07-16,2019-07-16 09:38:54,0.06,0.8571,7607,0.05,0.7142,3130,0.06,0.8571,1,0.055,0.7857,210,0
SPY190717P297,2019-07-16,2019-07-16 09:38:55,0.06,0.8571,7603,0.05,0.7142,4412,0.06,0.8571,1,0.055,0.7857,210,0
SPY190717P297,2019-07-16,2019-07-16 09:38:56,0.06,0.8571,7603,0.05,0.7142,4412,0.06,0.8571,1,0.055,0.7857,210,0
SPY190717P297,2019-07-16,2019-07-16 09:38:57,0.06,0.8571,7603,0.05,0.7142,4412,0.06,0.8571,1,0.055,0.7857,210,0
SPY190717P297,2019-07-16,2019-07-16 09:39:01,0.06,0.8571,6619,0.05,0.7142,4517,0.06,0.8571,1,0.055,0.7857,210,0
SPY190717P297,2019-07-16,2019-07-16 09:39:06,0.06,0.8571,7162,0.05,0.7142,4545,0.06,0.8571,1,0.055,0.7857,210,0
SPY190717P297,2019-07-16,2019-07-16 09:39:08,0.06,0.8571,7160,0.05,0.7142,4545,0.06,0.8571,1,0.055,0.7857,210,0
SPY190717P297,2019-07-16,2019-07-16 09:39:09,0.06,0.8571,7160,0.05,0.7142,4545,0.06,0.8571,1,0.055,0.7857,210,0
SPY190717P297,2019-07-16,2019-07-16 09:39:10,0.06,0.8571,7162,0.05,0.7142,4545,0.06,0.8571,1,0.055,0.7857,210,0
SPY190717P297,2019-07-16,2019-07-16 09:39:11,0.06,0.8571,6035,0.05,0.7142,3242,0.06,0.8571,1,0.055,0.7857,210,0
SPY190717P297,2019-07-16,2019-07-16 09:39:12,0.06,0.8571,5976,0.05,0.7142,3242,0.06,0.8571,1,0.055,0.7857,210,0
SPY190717P297,2019-07-16,2019-07-16 09:39:14,0.06,0.8571,5756,0.05,0.7142,4547,0.06,0.8571,1,0.055,0.7857,210,0
SPY190717P297,2019-07-16,2019-07-16 09:39:15,0.06,0.8571,7062,0.05,0.7142,4547,0.06,0.8571,1,0.055,0.7857,210,0
SPY190717P297,2019-07-16,2019-07-16 09:39:19,0.06,0.8571,7019,0.05,0.7142,3242,0.06,0.8571,1,0.055,0.7857,210,0
SPY190717P297,2019-07-16,2019-07-16 09:39:22,0.06,0.8571,8585,0.05,0.7142,4461,0.06,0.8571,1,0.055,0.7857,210,0
SPY190717P297,2019-07-16,2019-07-16 09:39:23,0.06,0.8571,8159,0.05,0.7142,4517,0.06,0.8571,1,0.055,0.7857,210,0
SPY190717P297,2019-07-16,2019-07-16 09:39:24,0.06,0.8571,8595,0.05,0.7142,4326,0.06,0.8571,1,0.055,0.7857,210,0
SPY190717P297,2019-07-16,2019-07-16 09:39:27,0.06,0.8571,6984,0.05,0.7142,3122,0.06,0.8571,1,0.055,0.7857,210,0
SPY190717P297,2019-07-16,2019-07-16 09:39:30,0.06,0.8571,8540,0.05,0.7142,4390,0.06,0.8571,1,0.055,0.7857,210,0
SPY190717P297,2019-07-16,2019-07-16 09:39:36,0.06,0.8571,8504,0.05,0.7142,4292,0.06,0.8571,1,0.055,0.7857,210,0
SPY190717P297,2019-07-16,2019-07-16 09:39:40,0.06,0.8571,7028,0.05,0.7142,4379,0.06,0.8571,1,0.055,0.7857,210,0
SPY190717P297,2019-07-16,2019-07-16 09:39:47,0.06,0.8571,6974,0.05,0.7142,3147,0.06,0.8571,1,0.055,0.7857,210,0
SPY190717P297,2019-07-16,2019-07-16 09:39:49,0.06,0.8571,6996,0.05,0.7142,3147,0.06,0.8571,1,0.055,0.7857,210,0
SPY190717P297,2019-07-16,2019-07-16 09:39:50,0.06,0.8571,8530,0.05,0.7142,4406,0.06,0.8571,1,0.055,0.7857,210,0
SPY190717P297,2019-07-16,2019-07-16 09:39:51,0.06,0.8571,8530,0.05,0.7142,4406,0.06,0.8571,1,0.055,0.7857,210,0
SPY190717P297,2019-07-16,2019-07-16 09:39:52,0.06,0.8571,8164,0.05,0.7142,4406,0.06,0.8571,1,0.055,0.7857,210,0
SPY190717P297,2019-07-16,2019-07-16 09:39:54,0.06,0.8571,6814,0.05,0.7142,4406,0.06,0.8571,1,0.055,0.7857,210,0
SPY190717P297,2019-07-16,2019-07-16 09:42:10,0.05,0.7142,4782,0.04,0.5714,4881,0.06,0.8571,1,0.045,0.6428,210,0
SPY190717P297,2019-07-16,2019-07-16 09:42:11,0.05,0.7142,4716,0.04,0.5714,5112,0.06,0.8571,1,0.045,0.6428,210,0
SPY190717P297,2019-07-16,2019-07-16 09:42:12,0.05,0.7142,4763,0.04,0.5714,5091,0.06,0.8571,1,0.045,0.6428,210,0
SPY190717P297,2019-07-16,2019-07-16 09:42:12,0.05,0.7142,5570,0.04,0.5714,6381,0.06,0.8571,1,0.045,0.6428,210,0
SPY190717P297,2019-07-16,2019-07-16 09:42:13,0.05,0.7142,4763,0.04,0.5714,5091,0.06,0.8571,1,0.045,0.6428,210,0
SPY190717P297,2019-07-16,2019-07-16 09:42:13,0.05,0.7142,4763,0.04,0.5714,5895,0.06,0.8571,1,0.045,0.6428,210,0
SPY190717P297,2019-07-16,2019-07-16 09:42:14,0.05,0.7142,5062,0.04,0.5714,4381,0.06,0.8571,1,0.045,0.6428,210,0
SPY190717P297,2019-07-16,2019-07-16 09:42:14,0.05,0.7142,5062,0.04,0.5714,4026,0.06,0.8571,1,0.045,0.6428,210,0
SPY190717P297,2019-07-16,2019-07-16 09:42:15,0.05,0.7142,4741,0.04,0.5714,5056,0.06,0.8571,1,0.045,0.6428,210,0
SPY190717P297,2019-07-16,2019-07-16 09:42:16,0.05,0.7142,5275,0.04,0.5714,6568,0.06,0.8571,1,0.045,0.6428,210,0
SPY190717P297,2019-07-16,2019-07-16 09:42:17,0.05,0.7142,5275,0.04,0.5714,6568,0.06,0.8571,1,0.045,0.6428,210,0
SPY190717P297,2019-07-16,2019-07-16 09:42:18,0.05,0.7142,4381,0.04,0.5714,4439,0.06,0.8571,1,0.045,0.6428,210,0
SPY190717P297,2019-07-16,2019-07-16 09:42:18,0.05,0.7142,5275,0.04,0.5714,6568,0.06,0.8571,1,0.045,0.6428,210,0
SPY190717P297,2019-07-16,2019-07-16 09:42:19,0.05,0.7142,3073,0.04,0.5714,3147,0.06,0.8571,1,0.045,0.6428,210,0
SPY190717P297,2019-07-16,2019-07-16 09:42:20,0.05,0.7142,4977,0.04,0.5714,6818,0.06,0.8571,1,0.045,0.6428,210,0
SPY190717P297,2019-07-16,2019-07-16 09:42:21,0.05,0.7142,4217,0.04,0.5714,5325,0.06,0.8571,1,0.045,0.6428,210,0
SPY190717P297,2019-07-16,2019-07-16 09:42:21,0.05,0.7142,4990,0.04,0.5714,6846,0.06,0.8571,1,0.045,0.6428,210,0
SPY190717P297,2019-07-16,2019-07-16 09:42:22,0.05,0.7142,4217,0.04,0.5714,5642,0.06,0.8571,1,0.045,0.6428,210,0
SPY190717P297,2019-07-16,2019-07-16 09:42:23,0.05,0.7142,5172,0.04,0.5714,6846,0.06,0.8571,1,0.045,0.6428,210,0
SPY190717P297,2019-07-16,2019-07-16 09:42:24,0.05,0.7142,5127,0.04,0.5714,6846,0.05,0.7142,4,0.045,0.6428,214,4
SPY190717P297,2019-07-16,2019-07-16 09:42:25,0.05,0.7142,5127,0.04,0.5714,6846,0.05,0.7142,4,0.045,0.6428,214,0
SPY190717P297,2019-07-16,2019-07-16 09:42:26,0.05,0.7142,4490,0.04,0.5714,4979,0.05,0.7142,4,0.045,0.6428,214,0
SPY190717P297,2019-07-16,2019-07-16 09:42:27,0.05,0.7142,5264,0.04,0.5714,6846,0.05,0.7142,4,0.045,0.6428,214,0
SPY190717P297,2019-07-16,2019-07-16 09:42:28,0.05,0.7142,4734,0.04,0.5714,6490,0.05,0.7142,4,0.045,0.6428,214,0
SPY190717P297,2019-07-16,2019-07-16 09:42:29,0.05,0.7142,5220,0.04,0.5714,6836,0.05,0.7142,4,0.045,0.6428,214,0
SPY190717P297,2019-07-16,2019-07-16 09:42:30,0.05,0.7142,5220,0.04,0.5714,6836,0.05,0.7142,4,0.045,0.6428,214,0
SPY190717P297,2019-07-16,2019-07-16 09:42:31,0.05,0.7142,5220,0.04,0.5714,6836,0.05,0.7142,4,0.045,0.6428,214,0
SPY190717P297,2019-07-16,2019-07-16 09:42:32,0.05,0.7142,5220,0.04,0.5714,6836,0.05,0.7142,4,0.045,0.6428,214,0
SPY190717P297,2019-07-16,2019-07-16 09:42:33,0.05,0.7142,4418,0.04,0.5714,7044,0.05,0.7142,4,0.045,0.6428,214,0
SPY190717P297,2019-07-16,2019-07-16 09:42:34,0.05,0.7142,4418,0.04,0.5714,7044,0.05,0.7142,4,0.045,0.6428,214,0
SPY190717P297,2019-07-16,2019-07-16 09:42:35,0.05,0.7142,4352,0.04,0.5714,7050,0.05,0.7142,4,0.045,0.6428,214,0
SPY190717P297,2019-07-16,2019-07-16 09:42:36,0.05,0.7142,4162,0.04,0.5714,7046,0.05,0.7142,4,0.045,0.6428,214,0
SPY190717P297,2019-07-16,2019-07-16 09:42:36,0.05,0.7142,2930,0.04,0.5714,7104,0.05,0.7142,4,0.045,0.6428,214,0
SPY190717P297,2019-07-16,2019-07-16 09:42:37,0.05,0.7142,4175,0.04,0.5714,8672,0.05,0.7142,4,0.045,0.6428,214,0
SPY190717P297,2019-07-16,2019-07-16 09:42:38,0.05,0.7142,4175,0.04,0.5714,7142,0.05,0.7142,4,0.045,0.6428,214,0
SPY190717P297,2019-07-16,2019-07-16 09:42:38,0.05,0.7142,3452,0.04,0.5714,8607,0.05,0.7142,4,0.045,0.6428,214,0
SPY190717P297,2019-07-16,2019-07-16 09:42:39,0.05,0.7142,3452,0.04,0.5714,8607,0.05,0.7142,4,0.045,0.6428,214,0
SPY190717P297,2019-07-16,2019-07-16 09:42:40,0.05,0.7142,4591,0.04,0.5714,8606,0.05,0.7142,4,0.045,0.6428,214,0
SPY190717P297,2019-07-16,2019-07-16 09:42:41,0.05,0.7142,4591,0.04,0.5714,8794,0.05,0.7142,4,0.045,0.6428,214,0
SPY190717P297,2019-07-16,2019-07-16 09:42:42,0.05,0.7142,4591,0.04,0.5714,7141,0.05,0.7142,4,0.045,0.6428,214,0
SPY190717P297,2019-07-16,2019-07-16 09:42:42,0.05,0.7142,4900,0.04,0.5714,7141,0.05,0.7142,4,0.045,0.6428,214,0
SPY190717P297,2019-07-16,2019-07-16 09:42:44,0.05,0.7142,4900,0.04,0.5714,7119,0.05,0.7142,4,0.045,0.6428,214,0
SPY190717P297,2019-07-16,2019-07-16 09:42:44,0.05,0.7142,4930,0.04,0.5714,8638,0.05,0.7142,4,0.045,0.6428,214,0
SPY190717P297,2019-07-16,2019-07-16 09:42:45,0.05,0.7142,4930,0.04,0.5714,8638,0.05,0.7142,4,0.045,0.6428,214,0
SPY190717P297,2019-07-16,2019-07-16 09:42:46,0.05,0.7142,4930,0.04,0.5714,8638,0.05,0.7142,4,0.045,0.6428,214,0
SPY190717P297,2019-07-16,2019-07-16 09:42:47,0.05,0.7142,3689,0.04,0.5714,5552,0.05,0.7142,4,0.045,0.6428,214,0
SPY190717P297,2019-07-16,2019-07-16 09:42:47,0.05,0.7142,4930,0.04,0.5714,8638,0.05,0.7142,4,0.045,0.6428,214,0
SPY190717P297,2019-07-16,2019-07-16 09:42:48,0.05,0.7142,4591,0.04,0.5714,7081,0.05,0.7142,4,0.045,0.6428,214,0
SPY190717P297,2019-07-16,2019-07-16 09:42:49,0.05,0.7142,4591,0.04,0.5714,8557,0.05,0.7142,4,0.045,0.6428,214,0
SPY190717P297,2019-07-16,2019-07-16 09:42:50,0.05,0.7142,4591,0.04,0.5714,8557,0.05,0.7142,4,0.045,0.6428,214,0
SPY190717P297,2019-07-16,2019-07-16 09:42:51,0.05,0.7142,4591,0.04,0.5714,8557,0.05,0.7142,4,0.045,0.6428,214,0
SPY190717P297,2019-07-16,2019-07-16 09:42:52,0.05,0.7142,4591,0.04,0.5714,7081,0.05,0.7142,4,0.045,0.6428,214,0
SPY190717P297,2019-07-16,2019-07-16 09:42:52,0.05,0.7142,4591,0.04,0.5714,7080,0.05,0.7142,4,0.045,0.6428,214,0
SPY190717P297,2019-07-16,2019-07-16 09:42:53,0.05,0.7142,4591,0.04,0.5714,7359,0.05,0.7142,4,0.045,0.6428,214,0
SPY190717P297,2019-07-16,2019-07-16 09:42:53,0.05,0.7142,4591,0.04,0.5714,6627,0.05,0.7142,4,0.045,0.6428,214,0
SPY190717P297,2019-07-16,2019-07-16 09:42:54,0.05,0.7142,4591,0.04,0.5714,6627,0.05,0.7142,4,0.045,0.6428,214,0
SPY190717P297,2019-07-16,2019-07-16 09:42:55,0.05,0.7142,4591,0.04,0.5714,6627,0.05,0.7142,4,0.045,0.6428,214,0
SPY190717P297,2019-07-16,2019-07-16 09:42:56,0.05,0.7142,4591,0.04,0.5714,6627,0.05,0.7142,4,0.045,0.6428,214,0
SPY190717P297,2019-07-16,2019-07-16 09:42:57,0.05,0.7142,4915,0.04,0.5714,6211,0.05,0.7142,4,0.045,0.6428,214,0
SPY190717P297,2019-07-16,2019-07-16 09:42:57,0.05,0.7142,4915,0.04,0.5714,5615,0.05,0.7142,4,0.045,0.6428,214,0
SPY190717P297,2019-07-16,2019-07-16 09:42:58,0.05,0.7142,5166,0.04,0.5714,6211,0.05,0.7142,4,0.045,0.6428,214,0
SPY190717P297,2019-07-16,2019-07-16 09:42:58,0.05,0.7142,4915,0.04,0.5714,6211,0.05,0.7142,4,0.045,0.6428,214,0
SPY190717P297,2019-07-16,2019-07-16 09:42:59,0.05,0.7142,3297,0.04,0.5714,4746,0.05,0.7142,4,0.045,0.6428,214,0
SPY190717P297,2019-07-16,2019-07-16 09:43:00,0.05,0.7142,4584,0.04,0.5714,6248,0.05,0.7142,4,0.045,0.6428,214,0
SPY190717P297,2019-07-16,2019-07-16 09:43:01,0.05,0.7142,4913,0.04,0.5714,6247,0.05,0.7142,4,0.045,0.6428,214,0
SPY190717P297,2019-07-16,2019-07-16 09:43:02,0.05,0.7142,3597,0.04,0.5714,6247,0.05,0.7142,4,0.045,0.6428,214,0
SPY190717P297,2019-07-16,2019-07-16 09:43:02,0.05,0.7142,4913,0.04,0.5714,6247,0.05,0.7142,4,0.045,0.6428,214,0
SPY190717P297,2019-07-16,2019-07-16 09:43:03,0.05,0.7142,4124,0.04,0.5714,4246,0.05,0.7142,4,0.045,0.6428,214,0
SPY190717P297,2019-07-16,2019-07-16 09:43:03,0.05,0.7142,4124,0.04,0.5714,6248,0.05,0.7142,4,0.045,0.6428,214,0
SPY190717P297,2019-07-16,2019-07-16 09:43:04,0.05,0.7142,4171,0.04,0.5714,6248,0.05,0.7142,4,0.045,0.6428,214,0
SPY190717P297,2019-07-16,2019-07-16 09:43:04,0.05,0.7142,4124,0.04,0.5714,6248,0.05,0.7142,4,0.045,0.6428,214,0
SPY190717P297,2019-07-16,2019-07-16 09:43:05,0.05,0.7142,3727,0.04,0.5714,6248,0.05,0.7142,4,0.045,0.6428,214,0
SPY190717P297,2019-07-16,2019-07-16 09:43:06,0.05,0.7142,3909,0.04,0.5714,6222,0.05,0.7142,4,0.045,0.6428,214,0
SPY190717P297,2019-07-16,2019-07-16 09:43:06,0.05,0.7142,3909,0.04,0.5714,6286,0.05,0.7142,4,0.045,0.6428,214,0
SPY190717P297,2019-07-16,2019-07-16 09:43:07,0.05,0.7142,3909,0.04,0.5714,6286,0.05,0.7142,4,0.045,0.6428,214,0
SPY190717P297,2019-07-16,2019-07-16 09:43:07,0.05,0.7142,4108,0.04,0.5714,6569,0.05,0.7142,4,0.045,0.6428,214,0
SPY190717P297,2019-07-16,2019-07-16 09:43:08,0.05,0.7142,4016,0.04,0.5714,4702,0.05,0.7142,4,0.045,0.6428,214,0
SPY190717P297,2019-07-16,2019-07-16 09:43:09,0.05,0.7142,4016,0.04,0.5714,6249,0.05,0.7142,4,0.045,0.6428,214,0
SPY190717P297,2019-07-16,2019-07-16 09:43:09,0.05,0.7142,3116,0.04,0.5714,5329,0.05,0.7142,4,0.045,0.6428,214,0
SPY190717P297,2019-07-16,2019-07-16 09:43:10,0.05,0.7142,3116,0.04,0.5714,5329,0.05,0.7142,4,0.045,0.6428,214,0
SPY190717P297,2019-07-16,2019-07-16 09:43:11,0.05,0.7142,4113,0.04,0.5714,6851,0.05,0.7142,4,0.045,0.6428,214,0
SPY190717P297,2019-07-16,2019-07-16 09:43:12,0.05,0.7142,4113,0.04,0.5714,6851,0.05,0.7142,4,0.045,0.6428,214,0
SPY190717P297,2019-07-16,2019-07-16 09:43:13,0.05,0.7142,3727,0.04,0.5714,5329,0.05,0.7142,4,0.045,0.6428,214,0
SPY190717P297,2019-07-16,2019-07-16 09:43:14,0.05,0.7142,3727,0.04,0.5714,5329,0.05,0.7142,4,0.045,0.6428,214,0
SPY190717P297,2019-07-16,2019-07-16 09:43:14,0.05,0.7142,3881,0.04,0.5714,5329,0.05,0.7142,4,0.045,0.6428,214,0
SPY190717P297,2019-07-16,2019-07-16 09:43:15,0.05,0.7142,4005,0.04,0.5714,4812,0.05,0.7142,4,0.045,0.6428,214,0
SPY190717P297,2019-07-16,2019-07-16 09:43:16,0.05,0.7142,3884,0.04,0.5714,5519,0.05,0.7142,4,0.045,0.6428,214,0
SPY190717P297,2019-07-16,2019-07-16 09:43:16,0.05,0.7142,4113,0.04,0.5714,7047,0.05,0.7142,4,0.045,0.6428,214,0
SPY190717P297,2019-07-16,2019-07-16 09:43:17,0.05,0.7142,4113,0.04,0.5714,6685,0.05,0.7142,4,0.045,0.6428,214,0
SPY190717P297,2019-07-16,2019-07-16 09:43:18,0.05,0.7142,4113,0.04,0.5714,6685,0.05,0.7142,4,0.045,0.6428,214,0
SPY190717P297,2019-07-16,2019-07-16 09:43:19,0.05,0.7142,3758,0.04,0.5714,6685,0.05,0.7142,4,0.045,0.6428,214,0
SPY190717P297,2019-07-16,2019-07-16 09:43:19,0.05,0.7142,4174,0.04,0.5714,7072,0.05,0.7142,4,0.045,0.6428,214,0
SPY190717P297,2019-07-16,2019-07-16 09:43:20,0.05,0.7142,4189,0.04,0.5714,7082,0.05,0.7142,4,0.045,0.6428,214,0
SPY190717P297,2019-07-16,2019-07-16 09:43:21,0.05,0.7142,4189,0.04,0.5714,7082,0.05,0.7142,4,0.045,0.6428,214,0
SPY190717P297,2019-07-16,2019-07-16 09:43:22,0.05,0.7142,4193,0.04,0.5714,7083,0.05,0.7142,4,0.045,0.6428,214,0
SPY190717P297,2019-07-16,2019-07-16 09:43:23,0.05,0.7142,4193,0.04,0.5714,7083,0.05,0.7142,4,0.045,0.6428,214,0
SPY190717P297,2019-07-16,2019-07-16 09:43:24,0.05,0.7142,3966,0.04,0.5714,6342,0.05,0.7142,4,0.045,0.6428,214,0
SPY190717P297,2019-07-16,2019-07-16 09:43:24,0.05,0.7142,3954,0.04,0.5714,6981,0.05,0.7142,4,0.045,0.6428,214,0
SPY190717P297,2019-07-16,2019-07-16 09:43:25,0.05,0.7142,3966,0.04,0.5714,6342,0.05,0.7142,4,0.045,0.6428,214,0
SPY190717P297,2019-07-16,2019-07-16 09:43:26,0.05,0.7142,3966,0.04,0.5714,6342,0.05,0.7142,4,0.045,0.6428,214,0
SPY190717P297,2019-07-16,2019-07-16 09:43:27,0.05,0.7142,3966,0.04,0.5714,6342,0.05,0.7142,4,0.045,0.6428,214,0
SPY190717P297,2019-07-16,2019-07-16 09:43:28,0.05,0.7142,4167,0.04,0.5714,6342,0.05,0.7142,4,0.045,0.6428,214,0
SPY190717P297,2019-07-16,2019-07-16 09:43:28,0.05,0.7142,3966,0.04,0.5714,6342,0.05,0.7142,4,0.045,0.6428,214,0
SPY190717P297,2019-07-16,2019-07-16 09:43:29,0.05,0.7142,4202,0.04,0.5714,6658,0.05,0.7142,4,0.045,0.6428,214,0
SPY190717P297,2019-07-16,2019-07-16 09:43:29,0.05,0.7142,4167,0.04,0.5714,6342,0.05,0.7142,4,0.045,0.6428,214,0
SPY190717P297,2019-07-16,2019-07-16 09:43:30,0.05,0.7142,4202,0.04,0.5714,6658,0.05,0.7142,4,0.045,0.6428,214,0
SPY190717P297,2019-07-16,2019-07-16 09:43:31,0.05,0.7142,4202,0.04,0.5714,6658,0.05,0.7142,4,0.045,0.6428,214,0
SPY190717P297,2019-07-16,2019-07-16 09:43:31,0.05,0.7142,4011,0.04,0.5714,6343,0.05,0.7142,4,0.045,0.6428,214,0
SPY190717P297,2019-07-16,2019-07-16 09:43:32,0.05,0.7142,4011,0.04,0.5714,6343,0.05,0.7142,4,0.045,0.6428,214,0
SPY190717P297,2019-07-16,2019-07-16 09:43:33,0.05,0.7142,2747,0.04,0.5714,6343,0.05,0.7142,4,0.045,0.6428,214,0
SPY190717P297,2019-07-16,2019-07-16 09:43:33,0.05,0.7142,4159,0.04,0.5714,6851,0.05,0.7142,4,0.045,0.6428,214,0
SPY190717P297,2019-07-16,2019-07-16 09:43:34,0.05,0.7142,2946,0.04,0.5714,6863,0.05,0.7142,4,0.045,0.6428,214,0
SPY190717P297,2019-07-16,2019-07-16 09:43:34,0.05,0.7142,4159,0.04,0.5714,6851,0.05,0.7142,4,0.045,0.6428,214,0
SPY190717P297,2019-07-16,2019-07-16 09:43:35,0.05,0.7142,2989,0.04,0.5714,6863,0.05,0.7142,4,0.045,0.6428,214,0
SPY190717P297,2019-07-16,2019-07-16 09:43:36,0.05,0.7142,4046,0.04,0.5714,4837,0.05,0.7142,4,0.045,0.6428,214,0
SPY190717P297,2019-07-16,2019-07-16 09:43:36,0.05,0.7142,2989,0.04,0.5714,6863,0.05,0.7142,4,0.045,0.6428,214,0
SPY190717P297,2019-07-16,2019-07-16 09:43:37,0.05,0.7142,4046,0.04,0.5714,4837,0.05,0.7142,4,0.045,0.6428,214,0
SPY190717P297,2019-07-16,2019-07-16 09:43:38,0.05,0.7142,4141,0.04,0.5714,3643,0.05,0.7142,4,0.045,0.6428,214,0
SPY190717P297,2019-07-16,2019-07-16 09:43:38,0.05,0.7142,2740,0.04,0.5714,3643,0.05,0.7142,4,0.045,0.6428,214,0
SPY190717P297,2019-07-16,2019-07-16 09:43:39,0.05,0.7142,4141,0.04,0.5714,5613,0.05,0.7142,4,0.045,0.6428,214,0
SPY190717P297,2019-07-16,2019-07-16 09:43:39,0.05,0.7142,4160,0.04,0.5714,6208,0.05,0.7142,4,0.045,0.6428,214,0
SPY190717P297,2019-07-16,2019-07-16 09:43:40,0.05,0.7142,4236,0.04,0.5714,6246,0.05,0.7142,4,0.045,0.6428,214,0
SPY190717P297,2019-07-16,2019-07-16 09:43:41,0.05,0.7142,4236,0.04,0.5714,6246,0.05,0.7142,4,0.045,0.6428,214,0
SPY190717P297,2019-07-16,2019-07-16 09:43:42,0.05,0.7142,4236,0.04,0.5714,6246,0.05,0.7142,4,0.045,0.6428,214,0
SPY190717P297,2019-07-16,2019-07-16 09:43:43,0.05,0.7142,3174,0.04,0.5714,4744,0.05,0.7142,4,0.045,0.6428,214,0
SPY190717P297,2019-07-16,2019-07-16 09:43:43,0.05,0.7142,4236,0.04,0.5714,6246,0.05,0.7142,4,0.045,0.6428,214,0
SPY190717P297,2019-07-16,2019-07-16 09:43:44,0.05,0.7142,4236,0.04,0.5714,6246,0.05,0.7142,4,0.045,0.6428,214,0
SPY190717P297,2019-07-16,2019-07-16 09:43:45,0.05,0.7142,4278,0.04,0.5714,6246,0.05,0.7142,4,0.045,0.6428,214,0
SPY190717P297,2019-07-16,2019-07-16 09:43:46,0.05,0.7142,4278,0.04,0.5714,6246,0.05,0.7142,4,0.045,0.6428,214,0
SPY190717P297,2019-07-16,2019-07-16 09:43:47,0.05,0.7142,4278,0.04,0.5714,4982,0.05,0.7142,4,0.045,0.6428,214,0
SPY190717P297,2019-07-16,2019-07-16 09:43:47,0.05,0.7142,4278,0.04,0.5714,6246,0.05,0.7142,4,0.045,0.6428,214,0
SPY190717P297,2019-07-16,2019-07-16 09:43:48,0.05,0.7142,4278,0.04,0.5714,4982,0.05,0.7142,4,0.045,0.6428,214,0
SPY190717P297,2019-07-16,2019-07-16 09:43:49,0.05,0.7142,5314,0.04,0.5714,7243,0.05,0.7142,4,0.045,0.6428,214,0
SPY190717P297,2019-07-16,2019-07-16 09:43:50,0.05,0.7142,5314,0.04,0.5714,7243,0.05,0.7142,4,0.045,0.6428,214,0
SPY190717P297,2019-07-16,2019-07-16 09:43:51,0.05,0.7142,5421,0.04,0.5714,7027,0.05,0.7142,4,0.045,0.6428,214,0
SPY190717P297,2019-07-16,2019-07-16 09:43:52,0.05,0.7142,5404,0.04,0.5714,7020,0.05,0.7142,4,0.045,0.6428,214,0
SPY190717P297,2019-07-16,2019-07-16 09:43:53,0.05,0.7142,5659,0.04,0.5714,7020,0.05,0.7142,4,0.045,0.6428,214,0
SPY190717P297,2019-07-16,2019-07-16 09:43:54,0.05,0.7142,4221,0.04,0.5714,5494,0.05,0.7142,4,0.045,0.6428,214,0
SPY190717P297,2019-07-16,2019-07-16 09:43:55,0.05,0.7142,4221,0.04,0.5714,5494,0.05,0.7142,4,0.045,0.6428,214,0
SPY190717P297,2019-07-16,2019-07-16 09:43:56,0.05,0.7142,4366,0.04,0.5714,5494,0.05,0.7142,4,0.045,0.6428,214,0
SPY190717P297,2019-07-16,2019-07-16 09:43:56,0.05,0.7142,3781,0.04,0.5714,5494,0.05,0.7142,4,0.045,0.6428,214,0
SPY190717P297,2019-07-16,2019-07-16 09:43:57,0.05,0.7142,4519,0.04,0.5714,5732,0.05,0.7142,4,0.045,0.6428,214,0
SPY190717P297,2019-07-16,2019-07-16 09:43:58,0.05,0.7142,4519,0.04,0.5714,5732,0.05,0.7142,4,0.045,0.6428,214,0
SPY190717P297,2019-07-16,2019-07-16 09:43:59,0.05,0.7142,4519,0.04,0.5714,5732,0.05,0.7142,4,0.045,0.6428,214,0
SPY190717P297,2019-07-16,2019-07-16 09:44:00,0.05,0.7142,4519,0.04,0.5714,5732,0.05,0.7142,4,0.045,0.6428,214,0
SPY190717P297,2019-07-16,2019-07-16 09:44:01,0.05,0.7142,5917,0.04,0.5714,7265,0.05,0.7142,4,0.045,0.6428,214,0
SPY190717P297,2019-07-16,2019-07-16 09:44:02,0.05,0.7142,4519,0.04,0.5714,5732,0.05,0.7142,4,0.045,0.6428,214,0
SPY190717P297,2019-07-16,2019-07-16 09:44:03,0.05,0.7142,4442,0.04,0.5714,5732,0.05,0.7142,4,0.045,0.6428,214,0
SPY190717P297,2019-07-16,2019-07-16 09:44:04,0.05,0.7142,3942,0.04,0.5714,5232,0.05,0.7142,4,0.045,0.6428,214,0
SPY190717P297,2019-07-16,2019-07-16 09:44:04,0.05,0.7142,4685,0.04,0.5714,5732,0.05,0.7142,4,0.045,0.6428,214,0
SPY190717P297,2019-07-16,2019-07-16 09:44:05,0.05,0.7142,4447,0.04,0.5714,5494,0.05,0.7142,4,0.045,0.6428,214,0
SPY190717P297,2019-07-16,2019-07-16 09:44:05,0.05,0.7142,4685,0.04,0.5714,5732,0.05,0.7142,4,0.045,0.6428,214,0
SPY190717P297,2019-07-16,2019-07-16 09:44:06,0.05,0.7142,4447,0.04,0.5714,5494,0.05,0.7142,4,0.045,0.6428,214,0
SPY190717P297,2019-07-16,2019-07-16 09:44:07,0.05,0.7142,4447,0.04,0.5714,5494,0.05,0.7142,4,0.045,0.6428,214,0
SPY190717P297,2019-07-16,2019-07-16 09:44:08,0.05,0.7142,4447,0.04,0.5714,5494,0.05,0.7142,4,0.045,0.6428,214,0
SPY190717P297,2019-07-16,2019-07-16 09:44:09,0.05,0.7142,5848,0.04,0.5714,7020,0.05,0.7142,4,0.045,0.6428,214,0
SPY190717P297,2019-07-16,2019-07-16 09:44:10,0.05,0.7142,4447,0.04,0.5714,5494,0.05,0.7142,4,0.045,0.6428,214,0
SPY190717P297,2019-07-16,2019-07-16 09:44:10,0.05,0.7142,5848,0.04,0.5714,7020,0.05,0.7142,4,0.045,0.6428,214,0
SPY190717P297,2019-07-16,2019-07-16 09:44:11,0.05,0.7142,5848,0.04,0.5714,7020,0.05,0.7142,4,0.045,0.6428,214,0
SPY190717P297,2019-07-16,2019-07-16 09:44:12,0.05,0.7142,5848,0.04,0.5714,7020,0.05,0.7142,4,0.045,0.6428,214,0
SPY190717P297,2019-07-16,2019-07-16 09:44:13,0.05,0.7142,5848,0.04,0.5714,7020,0.05,0.7142,4,0.045,0.6428,214,0
SPY190717P297,2019-07-16,2019-07-16 09:44:13,0.05,0.7142,4417,0.04,0.5714,5494,0.05,0.7142,4,0.045,0.6428,214,0
SPY190717P297,2019-07-16,2019-07-16 09:44:14,0.05,0.7142,4417,0.04,0.5714,5494,0.05,0.7142,4,0.045,0.6428,214,0
SPY190717P297,2019-07-16,2019-07-16 09:44:15,0.05,0.7142,4417,0.04,0.5714,5494,0.05,0.7142,4,0.045,0.6428,214,0
SPY190717P297,2019-07-16,2019-07-16 09:44:15,0.05,0.7142,5812,0.04,0.5714,7020,0.05,0.7142,4,0.045,0.6428,214,0
SPY190717P297,2019-07-16,2019-07-16 09:44:16,0.05,0.7142,5812,0.04,0.5714,7020,0.05,0.7142,4,0.045,0.6428,214,0
SPY190717P297,2019-07-16,2019-07-16 09:44:17,0.05,0.7142,4417,0.04,0.5714,6260,0.05,0.7142,4,0.045,0.6428,214,0
SPY190717P297,2019-07-16,2019-07-16 09:44:17,0.05,0.7142,4417,0.04,0.5714,5494,0.05,0.7142,4,0.045,0.6428,214,0
SPY190717P297,2019-07-16,2019-07-16 09:44:18,0.05,0.7142,4417,0.04,0.5714,5494,0.05,0.7142,4,0.045,0.6428,214,0
SPY190717P297,2019-07-16,2019-07-16 09:44:19,0.05,0.7142,4417,0.04,0.5714,5494,0.05,0.7142,4,0.045,0.6428,214,0
SPY190717P297,2019-07-16,2019-07-16 09:44:20,0.05,0.7142,4417,0.04,0.5714,5494,0.05,0.7142,4,0.045,0.6428,214,0
SPY190717P297,2019-07-16,2019-07-16 09:44:21,0.05,0.7142,4417,0.04,0.5714,5494,0.05,0.7142,4,0.045,0.6428,214,0
SPY190717P297,2019-07-16,2019-07-16 09:44:22,0.05,0.7142,5810,0.04,0.5714,5513,0.05,0.7142,4,0.045,0.6428,214,0
SPY190717P297,2019-07-16,2019-07-16 09:44:22,0.05,0.7142,4417,0.04,0.5714,5494,0.05,0.7142,4,0.045,0.6428,214,0
SPY190717P297,2019-07-16,2019-07-16 09:44:23,0.05,0.7142,5810,0.04,0.5714,5513,0.05,0.7142,4,0.045,0.6428,214,0
SPY190717P297,2019-07-16,2019-07-16 09:44:24,0.05,0.7142,5810,0.04,0.5714,6951,0.05,0.7142,4,0.045,0.6428,214,0
SPY190717P297,2019-07-16,2019-07-16 09:44:25,0.05,0.7142,5536,0.04,0.5714,7001,0.05,0.7142,4,0.045,0.6428,214,0
SPY190717P297,2019-07-16,2019-07-16 09:44:25,0.05,0.7142,3935,0.04,0.5714,5376,0.05,0.7142,4,0.045,0.6428,214,0
SPY190717P297,2019-07-16,2019-07-16 09:44:26,0.05,0.7142,4174,0.04,0.5714,5478,0.05,0.7142,4,0.045,0.6428,214,0
SPY190717P297,2019-07-16,2019-07-16 09:44:27,0.05,0.7142,5779,0.04,0.5714,7004,0.05,0.7142,4,0.045,0.6428,214,0
SPY190717P297,2019-07-16,2019-07-16 09:44:28,0.05,0.7142,5794,0.04,0.5714,7004,0.05,0.7142,4,0.045,0.6428,214,0
SPY190717P297,2019-07-16,2019-07-16 09:44:29,0.05,0.7142,5794,0.04,0.5714,7004,0.05,0.7142,4,0.045,0.6428,214,0
SPY190717P297,2019-07-16,2019-07-16 09:44:30,0.05,0.7142,5794,0.04,0.5714,7004,0.05,0.7142,4,0.045,0.6428,214,0
SPY190717P297,2019-07-16,2019-07-16 09:44:31,0.05,0.7142,5794,0.04,0.5714,7004,0.05,0.7142,4,0.045,0.6428,214,0
SPY190717P297,2019-07-16,2019-07-16 09:44:32,0.05,0.7142,5794,0.04,0.5714,7004,0.05,0.7142,4,0.045,0.6428,214,0
SPY190717P297,2019-07-16,2019-07-16 09:44:33,0.05,0.7142,4400,0.04,0.5714,5478,0.05,0.7142,4,0.045,0.6428,214,0
SPY190717P297,2019-07-16,2019-07-16 09:44:34,0.05,0.7142,4400,0.04,0.5714,5478,0.05,0.7142,4,0.045,0.6428,214,0
SPY190717P297,2019-07-16,2019-07-16 09:44:35,0.05,0.7142,4400,0.04,0.5714,5478,0.05,0.7142,4,0.045,0.6428,214,0
SPY190717P297,2019-07-16,2019-07-16 09:44:36,0.05,0.7142,4400,0.04,0.5714,5478,0.05,0.7142,4,0.045,0.6428,214,0
SPY190717P297,2019-07-16,2019-07-16 09:44:37,0.05,0.7142,4400,0.04,0.5714,5478,0.05,0.7142,4,0.045,0.6428,214,0
SPY190717P297,2019-07-16,2019-07-16 09:44:38,0.05,0.7142,4400,0.04,0.5714,5478,0.05,0.7142,4,0.045,0.6428,214,0
SPY190717P297,2019-07-16,2019-07-16 09:44:39,0.05,0.7142,4400,0.04,0.5714,5478,0.05,0.7142,4,0.045,0.6428,214,0
SPY190717P297,2019-07-16,2019-07-16 09:44:40,0.05,0.7142,4400,0.04,0.5714,5478,0.05,0.7142,4,0.045,0.6428,214,0
SPY190717P297,2019-07-16,2019-07-16 09:44:41,0.05,0.7142,4400,0.04,0.5714,5478,0.05,0.7142,4,0.045,0.6428,214,0
SPY190717P297,2019-07-16,2019-07-16 09:44:42,0.05,0.7142,4400,0.04,0.5714,5478,0.05,0.7142,4,0.045,0.6428,214,0
SPY190717P297,2019-07-16,2019-07-16 09:44:43,0.05,0.7142,5796,0.04,0.5714,7005,0.05,0.7142,4,0.045,0.6428,214,0
SPY190717P297,2019-07-16,2019-07-16 09:44:43,0.05,0.7142,4400,0.04,0.5714,5478,0.05,0.7142,4,0.045,0.6428,214,0
SPY190717P297,2019-07-16,2019-07-16 09:44:44,0.05,0.7142,4400,0.04,0.5714,5478,0.05,0.7142,4,0.045,0.6428,214,0
SPY190717P297,2019-07-16,2019-07-16 09:44:44,0.05,0.7142,5796,0.04,0.5714,7005,0.05,0.7142,4,0.045,0.6428,214,0
SPY190717P297,2019-07-16,2019-07-16 09:44:45,0.05,0.7142,4400,0.04,0.5714,5478,0.05,0.7142,4,0.045,0.6428,214,0
SPY190717P297,2019-07-16,2019-07-16 09:44:46,0.05,0.7142,4400,0.04,0.5714,5478,0.05,0.7142,4,0.045,0.6428,214,0
SPY190717P297,2019-07-16,2019-07-16 09:44:47,0.05,0.7142,4400,0.04,0.5714,5478,0.05,0.7142,4,0.045,0.6428,214,0
SPY190717P297,2019-07-16,2019-07-16 09:44:48,0.05,0.7142,4400,0.04,0.5714,5478,0.05,0.7142,4,0.045,0.6428,214,0
SPY190717P297,2019-07-16,2019-07-16 09:44:49,0.05,0.7142,4400,0.04,0.5714,5478,0.05,0.7142,4,0.045,0.6428,214,0
SPY190717P297,2019-07-16,2019-07-16 09:44:50,0.05,0.7142,4400,0.04,0.5714,5478,0.05,0.7142,4,0.045,0.6428,214,0
SPY190717P297,2019-07-16,2019-07-16 09:44:51,0.05,0.7142,4400,0.04,0.5714,5478,0.05,0.7142,4,0.045,0.6428,214,0
SPY190717P297,2019-07-16,2019-07-16 09:44:52,0.05,0.7142,4400,0.04,0.5714,5478,0.05,0.7142,4,0.045,0.6428,214,0
SPY190717P297,2019-07-16,2019-07-16 09:44:53,0.05,0.7142,5798,0.04,0.5714,7005,0.05,0.7142,4,0.045,0.6428,214,0
SPY190717P297,2019-07-16,2019-07-16 09:44:54,0.05,0.7142,5798,0.04,0.5714,7005,0.05,0.7142,4,0.045,0.6428,214,0
SPY190717P297,2019-07-16,2019-07-16 09:44:55,0.05,0.7142,5798,0.04,0.5714,7005,0.05,0.7142,4,0.045,0.6428,214,0
SPY190717P297,2019-07-16,2019-07-16 09:44:55,0.05,0.7142,4400,0.04,0.5714,5478,0.05,0.7142,4,0.045,0.6428,214,0
SPY190717P297,2019-07-16,2019-07-16 09:44:56,0.05,0.7142,5547,0.04,0.5714,7000,0.05,0.7142,4,0.045,0.6428,214,0
SPY190717P297,2019-07-16,2019-07-16 09:44:57,0.05,0.7142,5832,0.04,0.5714,7000,0.05,0.7142,4,0.045,0.6428,214,0
SPY190717P297,2019-07-16,2019-07-16 09:44:57,0.05,0.7142,5547,0.04,0.5714,7000,0.05,0.7142,4,0.045,0.6428,214,0
SPY190717P297,2019-07-16,2019-07-16 09:44:58,0.05,0.7142,5832,0.04,0.5714,7000,0.05,0.7142,4,0.045,0.6428,214,0
SPY190717P297,2019-07-16,2019-07-16 09:44:59,0.05,0.7142,5560,0.04,0.5714,7009,0.05,0.7142,4,0.045,0.6428,214,0
SPY190717P297,2019-07-16,2019-07-16 09:45:00,0.05,0.7142,5562,0.04,0.5714,7010,0.05,0.7142,4,0.045,0.6428,214,0
SPY190717P297,2019-07-16,2019-07-16 09:45:00,0.05,0.7142,5560,0.04,0.5714,7009,0.05,0.7142,4,0.045,0.6428,214,0
SPY190717P297,2019-07-16,2019-07-16 09:45:01,0.05,0.7142,4452,0.04,0.5714,5483,0.05,0.7142,4,0.045,0.6428,214,0
SPY190717P297,2019-07-16,2019-07-16 09:45:01,0.05,0.7142,5828,0.04,0.5714,7010,0.05,0.7142,4,0.045,0.6428,214,0
SPY190717P297,2019-07-16,2019-07-16 09:45:02,0.05,0.7142,4452,0.04,0.5714,5483,0.05,0.7142,4,0.045,0.6428,214,0
SPY190717P297,2019-07-16,2019-07-16 09:45:03,0.05,0.7142,4676,0.04,0.5714,5483,0.05,0.7142,4,0.045,0.6428,214,0
SPY190717P297,2019-07-16,2019-07-16 09:45:03,0.05,0.7142,5545,0.04,0.5714,7006,0.05,0.7142,4,0.045,0.6428,214,0
SPY190717P297,2019-07-16,2019-07-16 09:45:04,0.05,0.7142,4504,0.04,0.5714,5178,0.05,0.7142,4,0.045,0.6428,214,0
SPY190717P297,2019-07-16,2019-07-16 09:45:05,0.05,0.7142,4681,0.04,0.5714,5178,0.05,0.7142,4,0.045,0.6428,214,0
SPY190717P297,2019-07-16,2019-07-16 09:45:05,0.05,0.7142,4827,0.04,0.5714,4563,0.05,0.7142,4,0.045,0.6428,214,0
SPY190717P297,2019-07-16,2019-07-16 09:45:06,0.05,0.7142,4456,0.04,0.5714,5091,0.05,0.7142,4,0.045,0.6428,214,0
SPY190717P297,2019-07-16,2019-07-16 09:45:07,0.05,0.7142,4338,0.04,0.5714,5091,0.05,0.7142,4,0.045,0.6428,214,0
SPY190717P297,2019-07-16,2019-07-16 09:45:07,0.05,0.7142,4591,0.04,0.5714,5330,0.04,0.5714,150,0.045,0.6428,364,150
SPY190717P297,2019-07-16,2019-07-16 09:45:08,0.05,0.7142,4825,0.04,0.5714,5330,0.04,0.5714,150,0.045,0.6428,364,0
SPY190717P297,2019-07-16,2019-07-16 09:45:08,0.05,0.7142,4591,0.04,0.5714,5330,0.04,0.5714,150,0.045,0.6428,364,0
SPY190717P297,2019-07-16,2019-07-16 09:45:09,0.05,0.7142,4825,0.04,0.5714,5330,0.04,0.5714,150,0.045,0.6428,364,0
SPY190717P297,2019-07-16,2019-07-16 09:45:09,0.05,0.7142,5929,0.04,0.5714,4830,0.04,0.5714,150,0.045,0.6428,364,0
SPY190717P297,2019-07-16,2019-07-16 09:45:10,0.05,0.7142,6429,0.04,0.5714,5330,0.04,0.5714,150,0.045,0.6428,364,0
SPY190717P297,2019-07-16,2019-07-16 09:45:11,0.05,0.7142,6181,0.04,0.5714,5330,0.04,0.5714,150,0.045,0.6428,364,0
SPY190717P297,2019-07-16,2019-07-16 09:45:12,0.05,0.7142,6181,0.04,0.5714,5330,0.04,0.5714,150,0.045,0.6428,364,0
SPY190717P297,2019-07-16,2019-07-16 09:45:13,0.05,0.7142,6181,0.04,0.5714,5330,0.04,0.5714,150,0.045,0.6428,364,0
SPY190717P297,2019-07-16,2019-07-16 09:45:14,0.05,0.7142,6181,0.04,0.5714,5330,0.04,0.5714,150,0.045,0.6428,364,0
SPY190717P297,2019-07-16,2019-07-16 09:45:15,0.05,0.7142,6496,0.04,0.5714,5330,0.04,0.5714,150,0.045,0.6428,364,0
SPY190717P297,2019-07-16,2019-07-16 09:45:16,0.05,0.7142,5557,0.04,0.5714,5330,0.04,0.5714,150,0.045,0.6428,364,0
SPY190717P297,2019-07-16,2019-07-16 09:45:16,0.05,0.7142,6496,0.04,0.5714,5330,0.04,0.5714,150,0.045,0.6428,364,0
SPY190717P297,2019-07-16,2019-07-16 09:45:17,0.05,0.7142,5557,0.04,0.5714,5330,0.04,0.5714,150,0.045,0.6428,364,0
SPY190717P297,2019-07-16,2019-07-16 09:45:18,0.05,0.7142,5792,0.04,0.5714,6849,0.04,0.5714,150,0.045,0.6428,364,0
SPY190717P297,2019-07-16,2019-07-16 09:45:18,0.05,0.7142,5557,0.04,0.5714,5330,0.04,0.5714,150,0.045,0.6428,364,0
SPY190717P297,2019-07-16,2019-07-16 09:45:19,0.05,0.7142,5792,0.04,0.5714,6849,0.04,0.5714,150,0.045,0.6428,364,0
SPY190717P297,2019-07-16,2019-07-16 09:45:20,0.05,0.7142,5792,0.04,0.5714,6849,0.04,0.5714,150,0.045,0.6428,364,0
SPY190717P297,2019-07-16,2019-07-16 09:45:21,0.05,0.7142,5792,0.04,0.5714,6849,0.04,0.5714,150,0.045,0.6428,364,0
SPY190717P297,2019-07-16,2019-07-16 09:45:21,0.05,0.7142,4835,0.04,0.5714,4830,0.04,0.5714,150,0.045,0.6428,364,0
SPY190717P297,2019-07-16,2019-07-16 09:45:22,0.05,0.7142,4826,0.04,0.5714,6846,0.04,0.5714,150,0.045,0.6428,364,0
SPY190717P297,2019-07-16,2019-07-16 09:45:23,0.05,0.7142,5782,0.04,0.5714,6845,0.04,0.5714,150,0.045,0.6428,364,0
SPY190717P297,2019-07-16,2019-07-16 09:45:23,0.05,0.7142,7512,0.04,0.5714,6846,0.04,0.5714,150,0.045,0.6428,364,0
SPY190717P297,2019-07-16,2019-07-16 09:45:24,0.05,0.7142,7886,0.04,0.5714,6962,0.04,0.5714,150,0.045,0.6428,364,0
SPY190717P297,2019-07-16,2019-07-16 09:45:24,0.05,0.7142,7512,0.04,0.5714,6962,0.04,0.5714,150,0.045,0.6428,364,0
SPY190717P297,2019-07-16,2019-07-16 09:45:25,0.05,0.7142,6463,0.04,0.5714,5096,0.04,0.5714,150,0.045,0.6428,364,0
SPY190717P297,2019-07-16,2019-07-16 09:45:25,0.05,0.7142,7886,0.04,0.5714,6944,0.04,0.5714,150,0.045,0.6428,364,0
SPY190717P297,2019-07-16,2019-07-16 09:45:26,0.05,0.7142,6963,0.04,0.5714,5392,0.04,0.5714,150,0.045,0.6428,364,0
SPY190717P297,2019-07-16,2019-07-16 09:45:27,0.05,0.7142,6963,0.04,0.5714,5392,0.04,0.5714,150,0.045,0.6428,364,0
SPY190717P297,2019-07-16,2019-07-16 09:45:27,0.05,0.7142,6009,0.04,0.5714,5428,0.04,0.5714,150,0.045,0.6428,364,0
SPY190717P297,2019-07-16,2019-07-16 09:45:28,0.05,0.7142,6009,0.04,0.5714,5428,0.04,0.5714,150,0.045,0.6428,364,0
SPY190717P297,2019-07-16,2019-07-16 09:45:29,0.05,0.7142,7545,0.04,0.5714,6978,0.04,0.5714,150,0.045,0.6428,364,0
SPY190717P297,2019-07-16,2019-07-16 09:45:30,0.05,0.7142,7545,0.04,0.5714,6978,0.04,0.5714,150,0.045,0.6428,364,0
SPY190717P297,2019-07-16,2019-07-16 09:45:31,0.05,0.7142,7878,0.04,0.5714,6978,0.04,0.5714,150,0.045,0.6428,364,0
SPY190717P297,2019-07-16,2019-07-16 09:45:32,0.05,0.7142,8782,0.04,0.5714,6965,0.04,0.5714,150,0.045,0.6428,364,0
SPY190717P297,2019-07-16,2019-07-16 09:45:32,0.05,0.7142,7878,0.04,0.5714,6937,0.04,0.5714,150,0.045,0.6428,364,0
SPY190717P297,2019-07-16,2019-07-16 09:45:35,0.05,0.7142,7161,0.04,0.5714,5351,0.04,0.5714,150,0.045,0.6428,364,0
SPY190717P297,2019-07-16,2019-07-16 09:45:35,0.05,0.7142,8702,0.04,0.5714,6867,0.04,0.5714,150,0.045,0.6428,364,0
SPY190717P297,2019-07-16,2019-07-16 09:45:36,0.05,0.7142,9012,0.04,0.5714,6871,0.04,0.5714,150,0.045,0.6428,364,0
SPY190717P297,2019-07-16,2019-07-16 09:45:36,0.05,0.7142,7161,0.04,0.5714,5351,0.04,0.5714,150,0.045,0.6428,364,0
SPY190717P297,2019-07-16,2019-07-16 09:45:37,0.05,0.7142,9012,0.04,0.5714,6871,0.04,0.5714,150,0.045,0.6428,364,0
SPY190717P297,2019-07-16,2019-07-16 09:45:38,0.05,0.7142,9012,0.04,0.5714,6871,0.04,0.5714,150,0.045,0.6428,364,0
SPY190717P297,2019-07-16,2019-07-16 09:45:39,0.05,0.7142,9036,0.04,0.5714,6867,0.04,0.5714,150,0.045,0.6428,364,0
SPY190717P297,2019-07-16,2019-07-16 09:45:39,0.05,0.7142,9012,0.04,0.5714,6871,0.04,0.5714,150,0.045,0.6428,364,0
SPY190717P297,2019-07-16,2019-07-16 09:45:40,0.05,0.7142,9036,0.04,0.5714,6867,0.04,0.5714,150,0.045,0.6428,364,0
SPY190717P297,2019-07-16,2019-07-16 09:45:40,0.05,0.7142,9039,0.04,0.5714,6871,0.04,0.5714,150,0.045,0.6428,364,0
SPY190717P297,2019-07-16,2019-07-16 09:45:41,0.05,0.7142,6518,0.04,0.5714,5451,0.04,0.5714,150,0.045,0.6428,364,0
SPY190717P297,2019-07-16,2019-07-16 09:45:42,0.05,0.7142,6518,0.04,0.5714,5451,0.04,0.5714,150,0.045,0.6428,364,0
SPY190717P297,2019-07-16,2019-07-16 09:45:43,0.05,0.7142,6518,0.04,0.5714,5451,0.04,0.5714,150,0.045,0.6428,364,0
SPY190717P297,2019-07-16,2019-07-16 09:45:44,0.05,0.7142,6518,0.04,0.5714,5451,0.04,0.5714,150,0.045,0.6428,364,0
SPY190717P297,2019-07-16,2019-07-16 09:45:45,0.05,0.7142,7468,0.04,0.5714,5396,0.04,0.5714,150,0.045,0.6428,364,0
SPY190717P297,2019-07-16,2019-07-16 09:45:46,0.05,0.7142,7468,0.04,0.5714,5396,0.04,0.5714,150,0.045,0.6428,364,0
SPY190717P297,2019-07-16,2019-07-16 09:45:46,0.05,0.7142,8970,0.04,0.5714,6932,0.04,0.5714,150,0.045,0.6428,364,0
SPY190717P297,2019-07-16,2019-07-16 09:45:47,0.05,0.7142,8946,0.04,0.5714,6910,0.04,0.5714,150,0.045,0.6428,364,0
SPY190717P297,2019-07-16,2019-07-16 09:45:47,0.05,0.7142,8446,0.04,0.5714,6410,0.04,0.5714,150,0.045,0.6428,364,0
SPY190717P297,2019-07-16,2019-07-16 09:45:48,0.05,0.7142,8946,0.04,0.5714,6910,0.04,0.5714,150,0.045,0.6428,364,0
SPY190717P297,2019-07-16,2019-07-16 09:45:48,0.05,0.7142,8964,0.04,0.5714,6933,0.04,0.5714,150,0.045,0.6428,364,0
SPY190717P297,2019-07-16,2019-07-16 09:45:49,0.05,0.7142,7412,0.04,0.5714,5414,0.04,0.5714,150,0.045,0.6428,364,0
SPY190717P297,2019-07-16,2019-07-16 09:45:49,0.05,0.7142,8964,0.04,0.5714,6933,0.04,0.5714,150,0.045,0.6428,364,0
SPY190717P297,2019-07-16,2019-07-16 09:45:50,0.05,0.7142,8964,0.04,0.5714,6933,0.04,0.5714,150,0.045,0.6428,364,0
SPY190717P297,2019-07-16,2019-07-16 09:45:51,0.05,0.7142,8964,0.04,0.5714,6933,0.04,0.5714,150,0.045,0.6428,364,0
SPY190717P297,2019-07-16,2019-07-16 09:45:52,0.05,0.7142,7412,0.04,0.5714,5414,0.04,0.5714,150,0.045,0.6428,364,0
SPY190717P297,2019-07-16,2019-07-16 09:45:53,0.05,0.7142,8964,0.04,0.5714,6933,0.04,0.5714,150,0.045,0.6428,364,0
SPY190717P297,2019-07-16,2019-07-16 09:45:54,0.05,0.7142,8964,0.04,0.5714,6933,0.04,0.5714,150,0.045,0.6428,364,0
SPY190717P297,2019-07-16,2019-07-16 09:45:55,0.05,0.7142,8953,0.04,0.5714,6920,0.04,0.5714,150,0.045,0.6428,364,0
SPY190717P297,2019-07-16,2019-07-16 09:45:55,0.05,0.7142,8973,0.04,0.5714,6920,0.04,0.5714,150,0.045,0.6428,364,0
SPY190717P297,2019-07-16,2019-07-16 09:45:56,0.05,0.7142,8973,0.04,0.5714,6920,0.04,0.5714,150,0.045,0.6428,364,0
SPY190717P297,2019-07-16,2019-07-16 09:45:57,0.05,0.7142,8973,0.04,0.5714,6920,0.04,0.5714,150,0.045,0.6428,364,0
SPY190717P297,2019-07-16,2019-07-16 09:45:58,0.05,0.7142,8973,0.04,0.5714,6920,0.04,0.5714,150,0.045,0.6428,364,0
SPY190717P297,2019-07-16,2019-07-16 09:45:59,0.05,0.7142,8973,0.04,0.5714,6920,0.04,0.5714,150,0.045,0.6428,364,0
SPY190717P297,2019-07-16,2019-07-16 09:46:00,0.05,0.7142,8985,0.04,0.5714,6927,0.04,0.5714,150,0.045,0.6428,364,0
SPY190717P297,2019-07-16,2019-07-16 09:46:00,0.05,0.7142,7432,0.04,0.5714,5414,0.04,0.5714,150,0.045,0.6428,364,0
SPY190717P297,2019-07-16,2019-07-16 09:46:01,0.05,0.7142,5359,0.04,0.5714,4846,0.04,0.5714,150,0.045,0.6428,364,0
SPY190717P297,2019-07-16,2019-07-16 09:46:02,0.05,0.7142,8741,0.04,0.5714,6859,0.04,0.5714,150,0.045,0.6428,364,0
SPY190717P297,2019-07-16,2019-07-16 09:46:03,0.05,0.7142,9077,0.04,0.5714,6859,0.04,0.5714,150,0.045,0.6428,364,0
SPY190717P297,2019-07-16,2019-07-16 09:46:03,0.05,0.7142,8741,0.04,0.5714,6859,0.04,0.5714,150,0.045,0.6428,364,0
SPY190717P297,2019-07-16,2019-07-16 09:46:04,0.05,0.7142,9077,0.04,0.5714,6859,0.04,0.5714,150,0.045,0.6428,364,0
SPY190717P297,2019-07-16,2019-07-16 09:46:05,0.05,0.7142,8741,0.04,0.5714,6859,0.04,0.5714,150,0.045,0.6428,364,0
SPY190717P297,2019-07-16,2019-07-16 09:46:05,0.05,0.7142,9077,0.04,0.5714,6859,0.04,0.5714,150,0.045,0.6428,364,0
SPY190717P297,2019-07-16,2019-07-16 09:46:06,0.05,0.7142,8951,0.04,0.5714,6724,0.04,0.5714,150,0.045,0.6428,364,0
SPY190717P297,2019-07-16,2019-07-16 09:46:06,0.05,0.7142,8974,0.04,0.5714,5743,0.04,0.5714,150,0.045,0.6428,364,0
SPY190717P297,2019-07-16,2019-07-16 09:46:07,0.05,0.7142,7414,0.04,0.5714,5277,0.04,0.5714,150,0.045,0.6428,364,0
SPY190717P297,2019-07-16,2019-07-16 09:46:08,0.05,0.7142,8965,0.04,0.5714,6786,0.04,0.5714,150,0.045,0.6428,364,0
SPY190717P297,2019-07-16,2019-07-16 09:46:09,0.05,0.7142,8965,0.04,0.5714,6786,0.04,0.5714,150,0.045,0.6428,364,0
SPY190717P297,2019-07-16,2019-07-16 09:46:10,0.05,0.7142,8965,0.04,0.5714,6786,0.04,0.5714,150,0.045,0.6428,364,0
SPY190717P297,2019-07-16,2019-07-16 09:46:11,0.05,0.7142,8965,0.04,0.5714,6786,0.04,0.5714,150,0.045,0.6428,364,0
SPY190717P297,2019-07-16,2019-07-16 09:46:12,0.05,0.7142,8965,0.04,0.5714,6786,0.04,0.5714,150,0.045,0.6428,364,0
SPY190717P297,2019-07-16,2019-07-16 09:46:13,0.05,0.7142,8943,0.04,0.5714,6766,0.04,0.5714,150,0.045,0.6428,364,0
SPY190717P297,2019-07-16,2019-07-16 09:46:13,0.05,0.7142,8965,0.04,0.5714,6786,0.04,0.5714,150,0.045,0.6428,364,0
SPY190717P297,2019-07-16,2019-07-16 09:46:14,0.05,0.7142,8452,0.04,0.5714,6268,0.04,0.5714,150,0.045,0.6428,364,0
SPY190717P297,2019-07-16,2019-07-16 09:46:15,0.05,0.7142,8953,0.04,0.5714,6792,0.04,0.5714,150,0.045,0.6428,364,0
SPY190717P297,2019-07-16,2019-07-16 09:46:16,0.05,0.7142,8953,0.04,0.5714,6792,0.04,0.5714,150,0.045,0.6428,364,0
SPY190717P297,2019-07-16,2019-07-16 09:46:17,0.05,0.7142,8967,0.04,0.5714,6792,0.04,0.5714,150,0.045,0.6428,364,0
SPY190717P297,2019-07-16,2019-07-16 09:46:17,0.05,0.7142,9377,0.04,0.5714,6792,0.04,0.5714,150,0.045,0.6428,364,0
SPY190717P297,2019-07-16,2019-07-16 09:46:19,0.05,0.7142,6224,0.04,0.5714,5568,0.04,0.5714,150,0.045,0.6428,364,0
SPY190717P297,2019-07-16,2019-07-16 09:46:20,0.05,0.7142,6224,0.04,0.5714,5540,0.04,0.5714,150,0.045,0.6428,364,0
SPY190717P297,2019-07-16,2019-07-16 09:46:21,0.05,0.7142,7167,0.04,0.5714,5521,0.04,0.5714,150,0.045,0.6428,364,0
SPY190717P297,2019-07-16,2019-07-16 09:46:22,0.05,0.7142,6217,0.04,0.5714,5521,0.04,0.5714,150,0.045,0.6428,364,0
SPY190717P297,2019-07-16,2019-07-16 09:46:22,0.05,0.7142,7160,0.04,0.5714,5521,0.04,0.5714,150,0.045,0.6428,364,0
SPY190717P297,2019-07-16,2019-07-16 09:46:23,0.05,0.7142,8688,0.04,0.5714,7036,0.04,0.5714,150,0.045,0.6428,364,0
SPY190717P297,2019-07-16,2019-07-16 09:46:24,0.05,0.7142,7765,0.04,0.5714,7021,0.04,0.5714,150,0.045,0.6428,364,0
SPY190717P297,2019-07-16,2019-07-16 09:46:25,0.05,0.7142,7253,0.04,0.5714,5369,0.04,0.5714,150,0.045,0.6428,364,0
SPY190717P297,2019-07-16,2019-07-16 09:46:25,0.05,0.7142,8801,0.04,0.5714,6893,0.04,0.5714,150,0.045,0.6428,364,0
SPY190717P297,2019-07-16,2019-07-16 09:46:26,0.05,0.7142,7253,0.04,0.5714,5369,0.04,0.5714,150,0.045,0.6428,364,0
SPY190717P297,2019-07-16,2019-07-16 09:46:27,0.05,0.7142,7253,0.04,0.5714,5369,0.04,0.5714,150,0.045,0.6428,364,0
SPY190717P297,2019-07-16,2019-07-16 09:46:28,0.05,0.7142,7253,0.04,0.5714,5369,0.04,0.5714,150,0.045,0.6428,364,0
SPY190717P297,2019-07-16,2019-07-16 09:46:29,0.05,0.7142,7253,0.04,0.5714,5369,0.04,0.5714,150,0.045,0.6428,364,0
SPY190717P297,2019-07-16,2019-07-16 09:46:30,0.05,0.7142,7253,0.04,0.5714,5369,0.04,0.5714,150,0.045,0.6428,364,0
SPY190717P297,2019-07-16,2019-07-16 09:46:31,0.05,0.7142,7253,0.04,0.5714,5369,0.04,0.5714,150,0.045,0.6428,364,0
SPY190717P297,2019-07-16,2019-07-16 09:46:32,0.05,0.7142,7253,0.04,0.5714,5369,0.04,0.5714,150,0.045,0.6428,364,0
SPY190717P297,2019-07-16,2019-07-16 09:46:33,0.05,0.7142,6642,0.04,0.5714,5135,0.04,0.5714,150,0.045,0.6428,364,0
SPY190717P297,2019-07-16,2019-07-16 09:46:33,0.05,0.7142,7253,0.04,0.5714,5369,0.04,0.5714,150,0.045,0.6428,364,0
SPY190717P297,2019-07-16,2019-07-16 09:46:34,0.05,0.7142,6388,0.04,0.5714,3653,0.04,0.5714,150,0.045,0.6428,364,0
SPY190717P297,2019-07-16,2019-07-16 09:46:34,0.05,0.7142,4349,0.04,0.5714,4621,0.04,0.5714,150,0.045,0.6428,364,0
SPY190717P297,2019-07-16,2019-07-16 09:46:35,0.05,0.7142,6388,0.04,0.5714,3653,0.04,0.5714,150,0.045,0.6428,364,0
SPY190717P297,2019-07-16,2019-07-16 09:46:36,0.05,0.7142,6388,0.04,0.5714,4989,0.04,0.5714,150,0.045,0.6428,364,0
SPY190717P297,2019-07-16,2019-07-16 09:46:37,0.05,0.7142,6388,0.04,0.5714,4989,0.04,0.5714,150,0.045,0.6428,364,0
SPY190717P297,2019-07-16,2019-07-16 09:46:38,0.05,0.7142,5333,0.04,0.5714,4965,0.04,0.5714,150,0.045,0.6428,364,0
SPY190717P297,2019-07-16,2019-07-16 09:46:40,0.05,0.7142,8538,0.04,0.5714,6886,0.04,0.5714,150,0.045,0.6428,364,0
SPY190717P297,2019-07-16,2019-07-16 09:46:42,0.05,0.7142,7005,0.04,0.5714,5407,0.04,0.5714,150,0.045,0.6428,364,0
SPY190717P297,2019-07-16,2019-07-16 09:46:43,0.05,0.7142,7005,0.04,0.5714,5407,0.04,0.5714,150,0.045,0.6428,364,0
SPY190717P297,2019-07-16,2019-07-16 09:46:44,0.05,0.7142,8774,0.04,0.5714,6929,0.04,0.5714,150,0.045,0.6428,364,0
SPY190717P297,2019-07-16,2019-07-16 09:46:48,0.05,0.7142,7226,0.04,0.5714,5407,0.04,0.5714,150,0.045,0.6428,364,0
SPY190717P297,2019-07-16,2019-07-16 09:46:50,0.05,0.7142,8770,0.04,0.5714,6924,0.04,0.5714,150,0.045,0.6428,364,0
SPY190717P297,2019-07-16,2019-07-16 09:46:51,0.05,0.7142,8777,0.04,0.5714,6924,0.04,0.5714,150,0.045,0.6428,364,0
SPY190717P297,2019-07-16,2019-07-16 09:46:54,0.05,0.7142,9170,0.04,0.5714,6924,0.04,0.5714,150,0.045,0.6428,364,0
SPY190717P297,2019-07-16,2019-07-16 09:46:55,0.05,0.7142,9184,0.04,0.5714,6929,0.04,0.5714,150,0.045,0.6428,364,0
SPY190717P297,2019-07-16,2019-07-16 09:46:57,0.05,0.7142,9184,0.04,0.5714,6929,0.04,0.5714,150,0.045,0.6428,364,0
SPY190717P297,2019-07-16,2019-07-16 09:46:59,0.05,0.7142,7951,0.04,0.5714,7025,0.04,0.5714,150,0.045,0.6428,364,0
SPY190717P297,2019-07-16,2019-07-16 09:47:00,0.05,0.7142,7951,0.04,0.5714,7025,0.04,0.5714,150,0.045,0.6428,364,0
SPY190717P297,2019-07-16,2019-07-16 09:47:01,0.05,0.7142,7951,0.04,0.5714,7025,0.04,0.5714,150,0.045,0.6428,364,0
SPY190717P297,2019-07-16,2019-07-16 09:47:02,0.05,0.7142,6438,0.04,0.5714,5500,0.04,0.5714,150,0.045,0.6428,364,0
SPY190717P297,2019-07-16,2019-07-16 09:47:03,0.05,0.7142,7963,0.04,0.5714,7025,0.04,0.5714,150,0.045,0.6428,364,0
SPY190717P297,2019-07-16,2019-07-16 09:47:04,0.05,0.7142,7963,0.04,0.5714,7025,0.04,0.5714,150,0.045,0.6428,364,0
SPY190717P297,2019-07-16,2019-07-16 09:47:05,0.05,0.7142,7963,0.04,0.5714,7025,0.04,0.5714,150,0.045,0.6428,364,0
SPY190717P297,2019-07-16,2019-07-16 09:47:06,0.05,0.7142,7963,0.04,0.5714,7025,0.04,0.5714,150,0.045,0.6428,364,0
SPY190717P297,2019-07-16,2019-07-16 09:47:07,0.05,0.7142,4840,0.04,0.5714,5403,0.04,0.5714,150,0.045,0.6428,364,0
SPY190717P297,2019-07-16,2019-07-16 09:47:07,0.05,0.7142,7963,0.04,0.5714,7025,0.04,0.5714,150,0.045,0.6428,364,0
SPY190717P297,2019-07-16,2019-07-16 09:47:08,0.05,0.7142,5755,0.04,0.5714,7009,0.04,0.5714,150,0.045,0.6428,364,0
SPY190717P297,2019-07-16,2019-07-16 09:47:08,0.05,0.7142,7390,0.04,0.5714,7009,0.04,0.5714,150,0.045,0.6428,364,0
SPY190717P297,2019-07-16,2019-07-16 09:47:09,0.05,0.7142,5984,0.04,0.5714,7009,0.04,0.5714,150,0.045,0.6428,364,0
SPY190717P297,2019-07-16,2019-07-16 09:47:10,0.05,0.7142,5984,0.04,0.5714,7009,0.04,0.5714,150,0.045,0.6428,364,0
SPY190717P297,2019-07-16,2019-07-16 09:47:11,0.05,0.7142,5984,0.04,0.5714,7009,0.04,0.5714,150,0.045,0.6428,364,0
SPY190717P297,2019-07-16,2019-07-16 09:47:11,0.05,0.7142,5883,0.04,0.5714,7020,0.04,0.5714,150,0.045,0.6428,364,0
SPY190717P297,2019-07-16,2019-07-16 09:47:12,0.05,0.7142,5883,0.04,0.5714,7020,0.04,0.5714,150,0.045,0.6428,364,0
SPY190717P297,2019-07-16,2019-07-16 09:47:13,0.05,0.7142,5883,0.04,0.5714,7020,0.04,0.5714,150,0.045,0.6428,364,0
SPY190717P297,2019-07-16,2019-07-16 09:47:14,0.05,0.7142,5883,0.04,0.5714,7020,0.04,0.5714,150,0.045,0.6428,364,0
SPY190717P297,2019-07-16,2019-07-16 09:47:15,0.05,0.7142,5883,0.04,0.5714,7020,0.04,0.5714,150,0.045,0.6428,364,0
SPY190717P297,2019-07-16,2019-07-16 09:47:16,0.05,0.7142,5893,0.04,0.5714,7025,0.04,0.5714,150,0.045,0.6428,364,0
SPY190717P297,2019-07-16,2019-07-16 09:47:17,0.05,0.7142,5893,0.04,0.5714,7025,0.04,0.5714,150,0.045,0.6428,364,0
SPY190717P297,2019-07-16,2019-07-16 09:47:18,0.05,0.7142,5893,0.04,0.5714,7025,0.04,0.5714,150,0.045,0.6428,364,0
SPY190717P297,2019-07-16,2019-07-16 09:47:19,0.05,0.7142,5893,0.04,0.5714,7025,0.04,0.5714,150,0.045,0.6428,364,0
SPY190717P297,2019-07-16,2019-07-16 09:47:20,0.05,0.7142,5893,0.04,0.5714,7025,0.04,0.5714,150,0.045,0.6428,364,0
SPY190717P297,2019-07-16,2019-07-16 09:47:21,0.05,0.7142,5893,0.04,0.5714,7025,0.04,0.5714,150,0.045,0.6428,364,0
SPY190717P297,2019-07-16,2019-07-16 09:47:22,0.05,0.7142,5893,0.04,0.5714,7025,0.04,0.5714,150,0.045,0.6428,364,0
SPY190717P297,2019-07-16,2019-07-16 09:47:22,0.05,0.7142,5288,0.04,0.5714,5128,0.04,0.5714,150,0.045,0.6428,364,0
SPY190717P297,2019-07-16,2019-07-16 09:47:23,0.05,0.7142,5288,0.04,0.5714,7009,0.04,0.5714,150,0.045,0.6428,364,0
SPY190717P297,2019-07-16,2019-07-16 09:47:25,0.05,0.7142,5288,0.04,0.5714,7009,0.04,0.5714,150,0.045,0.6428,364,0
SPY190717P297,2019-07-16,2019-07-16 09:47:26,0.05,0.7142,5288,0.04,0.5714,6604,0.04,0.5714,150,0.045,0.6428,364,0
SPY190717P297,2019-07-16,2019-07-16 09:47:27,0.05,0.7142,4697,0.04,0.5714,5230,0.04,0.5714,150,0.045,0.6428,364,0
SPY190717P297,2019-07-16,2019-07-16 09:47:28,0.05,0.7142,4810,0.04,0.5714,6822,0.04,0.5714,150,0.045,0.6428,364,0
SPY190717P297,2019-07-16,2019-07-16 09:47:28,0.05,0.7142,4905,0.04,0.5714,7602,0.04,0.5714,150,0.045,0.6428,364,0
SPY190717P297,2019-07-16,2019-07-16 09:47:29,0.05,0.7142,2980,0.04,0.5714,4730,0.04,0.5714,150,0.045,0.6428,364,0
SPY190717P297,2019-07-16,2019-07-16 09:47:29,0.05,0.7142,3814,0.04,0.5714,5230,0.04,0.5714,150,0.045,0.6428,364,0
SPY190717P297,2019-07-16,2019-07-16 09:47:30,0.05,0.7142,3814,0.04,0.5714,6068,0.04,0.5714,150,0.045,0.6428,364,0
SPY190717P297,2019-07-16,2019-07-16 09:47:31,0.05,0.7142,4946,0.04,0.5714,6068,0.04,0.5714,150,0.045,0.6428,364,0
SPY190717P297,2019-07-16,2019-07-16 09:47:32,0.05,0.7142,3665,0.04,0.5714,6232,0.04,0.5714,150,0.045,0.6428,364,0
SPY190717P297,2019-07-16,2019-07-16 09:47:33,0.05,0.7142,3731,0.04,0.5714,5917,0.04,0.5714,150,0.045,0.6428,364,0
SPY190717P297,2019-07-16,2019-07-16 09:47:34,0.05,0.7142,3731,0.04,0.5714,5917,0.04,0.5714,150,0.045,0.6428,364,0
SPY190717P297,2019-07-16,2019-07-16 09:47:35,0.05,0.7142,4902,0.04,0.5714,6745,0.04,0.5714,150,0.045,0.6428,364,0
SPY190717P297,2019-07-16,2019-07-16 09:47:36,0.05,0.7142,4972,0.04,0.5714,6745,0.04,0.5714,150,0.045,0.6428,364,0
SPY190717P297,2019-07-16,2019-07-16 09:47:38,0.05,0.7142,4972,0.04,0.5714,6746,0.04,0.5714,150,0.045,0.6428,364,0
SPY190717P297,2019-07-16,2019-07-16 09:47:38,0.05,0.7142,4972,0.04,0.5714,6342,0.04,0.5714,150,0.045,0.6428,364,0
SPY190717P297,2019-07-16,2019-07-16 09:47:39,0.05,0.7142,4972,0.04,0.5714,6746,0.04,0.5714,150,0.045,0.6428,364,0
SPY190717P297,2019-07-16,2019-07-16 09:47:40,0.05,0.7142,4972,0.04,0.5714,6342,0.04,0.5714,150,0.045,0.6428,364,0
SPY190717P297,2019-07-16,2019-07-16 09:47:40,0.05,0.7142,4972,0.04,0.5714,6746,0.04,0.5714,150,0.045,0.6428,364,0
SPY190717P297,2019-07-16,2019-07-16 09:47:42,0.05,0.7142,4972,0.04,0.5714,6746,0.04,0.5714,150,0.045,0.6428,364,0
SPY190717P297,2019-07-16,2019-07-16 09:47:43,0.05,0.7142,4720,0.04,0.5714,6623,0.04,0.5714,150,0.045,0.6428,364,0
SPY190717P297,2019-07-16,2019-07-16 09:47:43,0.05,0.7142,5122,0.04,0.5714,6623,0.04,0.5714,150,0.045,0.6428,364,0
SPY190717P297,2019-07-16,2019-07-16 09:47:44,0.05,0.7142,5094,0.04,0.5714,6405,0.04,0.5714,150,0.045,0.6428,364,0
SPY190717P297,2019-07-16,2019-07-16 09:47:45,0.05,0.7142,5104,0.04,0.5714,6746,0.04,0.5714,150,0.045,0.6428,364,0
SPY190717P297,2019-07-16,2019-07-16 09:47:45,0.05,0.7142,4720,0.04,0.5714,6746,0.04,0.5714,150,0.045,0.6428,364,0
SPY190717P297,2019-07-16,2019-07-16 09:47:46,0.05,0.7142,5104,0.04,0.5714,6746,0.04,0.5714,150,0.045,0.6428,364,0
SPY190717P297,2019-07-16,2019-07-16 09:47:47,0.05,0.7142,5094,0.04,0.5714,6746,0.04,0.5714,150,0.045,0.6428,364,0
SPY190717P297,2019-07-16,2019-07-16 09:47:47,0.05,0.7142,3402,0.04,0.5714,6447,0.04,0.5714,150,0.045,0.6428,364,0
SPY190717P297,2019-07-16,2019-07-16 09:47:48,0.05,0.7142,4682,0.04,0.5714,6919,0.04,0.5714,150,0.045,0.6428,364,0
SPY190717P297,2019-07-16,2019-07-16 09:47:49,0.05,0.7142,4682,0.04,0.5714,6528,0.04,0.5714,150,0.045,0.6428,364,0
SPY190717P297,2019-07-16,2019-07-16 09:47:50,0.05,0.7142,4682,0.04,0.5714,6745,0.04,0.5714,150,0.045,0.6428,364,0
SPY190717P297,2019-07-16,2019-07-16 09:47:51,0.05,0.7142,5026,0.04,0.5714,6735,0.04,0.5714,150,0.045,0.6428,364,0
SPY190717P297,2019-07-16,2019-07-16 09:47:51,0.05,0.7142,5026,0.04,0.5714,6833,0.04,0.5714,150,0.045,0.6428,364,0
SPY190717P297,2019-07-16,2019-07-16 09:47:52,0.05,0.7142,4910,0.04,0.5714,6746,0.04,0.5714,150,0.045,0.6428,364,0
SPY190717P297,2019-07-16,2019-07-16 09:47:53,0.05,0.7142,4910,0.04,0.5714,6746,0.04,0.5714,150,0.045,0.6428,364,0
SPY190717P297,2019-07-16,2019-07-16 09:47:53,0.05,0.7142,5068,0.04,0.5714,7571,0.04,0.5714,150,0.045,0.6428,364,0
SPY190717P297,2019-07-16,2019-07-16 09:47:54,0.05,0.7142,5068,0.04,0.5714,7571,0.04,0.5714,150,0.045,0.6428,364,0
SPY190717P297,2019-07-16,2019-07-16 09:47:55,0.05,0.7142,5068,0.04,0.5714,7571,0.04,0.5714,150,0.045,0.6428,364,0
SPY190717P297,2019-07-16,2019-07-16 09:47:56,0.05,0.7142,5068,0.04,0.5714,7512,0.04,0.5714,150,0.045,0.6428,364,0
SPY190717P297,2019-07-16,2019-07-16 09:47:56,0.05,0.7142,5068,0.04,0.5714,6797,0.04,0.5714,150,0.045,0.6428,364,0
SPY190717P297,2019-07-16,2019-07-16 09:47:57,0.05,0.7142,5068,0.04,0.5714,6797,0.04,0.5714,150,0.045,0.6428,364,0
SPY190717P297,2019-07-16,2019-07-16 09:47:58,0.05,0.7142,5068,0.04,0.5714,6797,0.04,0.5714,150,0.045,0.6428,364,0
SPY190717P297,2019-07-16,2019-07-16 09:47:59,0.05,0.7142,4703,0.04,0.5714,5057,0.04,0.5714,150,0.045,0.6428,364,0
SPY190717P297,2019-07-16,2019-07-16 09:48:00,0.05,0.7142,4929,0.04,0.5714,6751,0.04,0.5714,150,0.045,0.6428,364,0
SPY190717P297,2019-07-16,2019-07-16 09:48:00,0.05,0.7142,5152,0.04,0.5714,6773,0.04,0.5714,150,0.045,0.6428,364,0
SPY190717P297,2019-07-16,2019-07-16 09:48:01,0.05,0.7142,5152,0.04,0.5714,6773,0.04,0.5714,150,0.045,0.6428,364,0
SPY190717P297,2019-07-16,2019-07-16 09:48:02,0.05,0.7142,5152,0.04,0.5714,6773,0.04,0.5714,150,0.045,0.6428,364,0
SPY190717P297,2019-07-16,2019-07-16 09:48:03,0.05,0.7142,4713,0.04,0.5714,6862,0.04,0.5714,150,0.045,0.6428,364,0
SPY190717P297,2019-07-16,2019-07-16 09:48:03,0.05,0.7142,5081,0.04,0.5714,6862,0.04,0.5714,150,0.045,0.6428,364,0
SPY190717P297,2019-07-16,2019-07-16 09:48:04,0.05,0.7142,5081,0.04,0.5714,7474,0.04,0.5714,150,0.045,0.6428,364,0
SPY190717P297,2019-07-16,2019-07-16 09:48:05,0.05,0.7142,4802,0.04,0.5714,5597,0.04,0.5714,150,0.045,0.6428,364,0
SPY190717P297,2019-07-16,2019-07-16 09:48:05,0.05,0.7142,5081,0.04,0.5714,7474,0.04,0.5714,150,0.045,0.6428,364,0
SPY190717P297,2019-07-16,2019-07-16 09:48:06,0.05,0.7142,5352,0.04,0.5714,6789,0.04,0.5714,150,0.045,0.6428,364,0
SPY190717P297,2019-07-16,2019-07-16 09:48:07,0.05,0.7142,5352,0.04,0.5714,6789,0.04,0.5714,150,0.045,0.6428,364,0
SPY190717P297,2019-07-16,2019-07-16 09:48:08,0.05,0.7142,5352,0.04,0.5714,6789,0.04,0.5714,150,0.045,0.6428,364,0
SPY190717P297,2019-07-16,2019-07-16 09:48:09,0.05,0.7142,5646,0.04,0.5714,6789,0.04,0.5714,150,0.045,0.6428,364,0
SPY190717P297,2019-07-16,2019-07-16 09:48:10,0.05,0.7142,5352,0.04,0.5714,6789,0.04,0.5714,150,0.045,0.6428,364,0
SPY190717P297,2019-07-16,2019-07-16 09:48:11,0.05,0.7142,5379,0.04,0.5714,6789,0.04,0.5714,150,0.045,0.6428,364,0
SPY190717P297,2019-07-16,2019-07-16 09:48:12,0.05,0.7142,5379,0.04,0.5714,6789,0.04,0.5714,150,0.045,0.6428,364,0
SPY190717P297,2019-07-16,2019-07-16 09:48:12,0.05,0.7142,5649,0.04,0.5714,6789,0.04,0.5714,150,0.045,0.6428,364,0
SPY190717P297,2019-07-16,2019-07-16 09:48:13,0.05,0.7142,5649,0.04,0.5714,6789,0.04,0.5714,150,0.045,0.6428,364,0
SPY190717P297,2019-07-16,2019-07-16 09:48:14,0.05,0.7142,5649,0.04,0.5714,6789,0.04,0.5714,150,0.045,0.6428,364,0
SPY190717P297,2019-07-16,2019-07-16 09:48:15,0.05,0.7142,5649,0.04,0.5714,6789,0.04,0.5714,150,0.045,0.6428,364,0
SPY190717P297,2019-07-16,2019-07-16 09:48:16,0.05,0.7142,5649,0.04,0.5714,6789,0.04,0.5714,150,0.045,0.6428,364,0
SPY190717P297,2019-07-16,2019-07-16 09:48:17,0.05,0.7142,5365,0.04,0.5714,6853,0.04,0.5714,150,0.045,0.6428,364,0
SPY190717P297,2019-07-16,2019-07-16 09:48:17,0.05,0.7142,5649,0.04,0.5714,6789,0.04,0.5714,150,0.045,0.6428,364,0
SPY190717P297,2019-07-16,2019-07-16 09:48:18,0.05,0.7142,5365,0.04,0.5714,6853,0.04,0.5714,150,0.045,0.6428,364,0
SPY190717P297,2019-07-16,2019-07-16 09:48:19,0.05,0.7142,5621,0.04,0.5714,6853,0.04,0.5714,150,0.045,0.6428,364,0
SPY190717P297,2019-07-16,2019-07-16 09:48:20,0.05,0.7142,5621,0.04,0.5714,6853,0.04,0.5714,150,0.045,0.6428,364,0
SPY190717P297,2019-07-16,2019-07-16 09:48:21,0.05,0.7142,5121,0.04,0.5714,6353,0.04,0.5714,150,0.045,0.6428,364,0
SPY190717P297,2019-07-16,2019-07-16 09:48:21,0.05,0.7142,7191,0.04,0.5714,6837,0.04,0.5714,150,0.045,0.6428,364,0
SPY190717P297,2019-07-16,2019-07-16 09:48:22,0.05,0.7142,7191,0.04,0.5714,6837,0.04,0.5714,150,0.045,0.6428,364,0
SPY190717P297,2019-07-16,2019-07-16 09:48:23,0.05,0.7142,7488,0.04,0.5714,6837,0.04,0.5714,150,0.045,0.6428,364,0
SPY190717P297,2019-07-16,2019-07-16 09:48:24,0.05,0.7142,7729,0.04,0.5714,7083,0.04,0.5714,150,0.045,0.6428,364,0
SPY190717P297,2019-07-16,2019-07-16 09:48:25,0.05,0.7142,7729,0.04,0.5714,7083,0.04,0.5714,150,0.045,0.6428,364,0
SPY190717P297,2019-07-16,2019-07-16 09:48:26,0.05,0.7142,7729,0.04,0.5714,7083,0.04,0.5714,150,0.045,0.6428,364,0
SPY190717P297,2019-07-16,2019-07-16 09:48:27,0.05,0.7142,7729,0.04,0.5714,7083,0.04,0.5714,150,0.045,0.6428,364,0
SPY190717P297,2019-07-16,2019-07-16 09:48:27,0.05,0.7142,6302,0.04,0.5714,6155,0.04,0.5714,150,0.045,0.6428,364,0
SPY190717P297,2019-07-16,2019-07-16 09:48:28,0.05,0.7142,7819,0.04,0.5714,7107,0.04,0.5714,150,0.045,0.6428,364,0
SPY190717P297,2019-07-16,2019-07-16 09:48:29,0.05,0.7142,6199,0.04,0.5714,7021,0.04,0.5714,150,0.045,0.6428,364,0
SPY190717P297,2019-07-16,2019-07-16 09:48:29,0.05,0.7142,7819,0.04,0.5714,7107,0.04,0.5714,150,0.045,0.6428,364,0
SPY190717P297,2019-07-16,2019-07-16 09:48:30,0.05,0.7142,7516,0.04,0.5714,7021,0.04,0.5714,150,0.045,0.6428,364,0
SPY190717P297,2019-07-16,2019-07-16 09:48:31,0.05,0.7142,7285,0.04,0.5714,6863,0.04,0.5714,150,0.045,0.6428,364,0
SPY190717P297,2019-07-16,2019-07-16 09:48:31,0.05,0.7142,7516,0.04,0.5714,7021,0.04,0.5714,150,0.045,0.6428,364,0
SPY190717P297,2019-07-16,2019-07-16 09:48:32,0.05,0.7142,8168,0.04,0.5714,6656,0.04,0.5714,150,0.045,0.6428,364,0
SPY190717P297,2019-07-16,2019-07-16 09:48:32,0.05,0.7142,7285,0.04,0.5714,4967,0.04,0.5714,150,0.045,0.6428,364,0
SPY190717P297,2019-07-16,2019-07-16 09:48:33,0.05,0.7142,7857,0.04,0.5714,6932,0.04,0.5714,150,0.045,0.6428,364,0
SPY190717P297,2019-07-16,2019-07-16 09:48:34,0.05,0.7142,7857,0.04,0.5714,6932,0.04,0.5714,150,0.045,0.6428,364,0
SPY190717P297,2019-07-16,2019-07-16 09:48:35,0.05,0.7142,7882,0.04,0.5714,6941,0.04,0.5714,150,0.045,0.6428,364,0
SPY190717P297,2019-07-16,2019-07-16 09:48:36,0.05,0.7142,7882,0.04,0.5714,6941,0.04,0.5714,150,0.045,0.6428,364,0
SPY190717P297,2019-07-16,2019-07-16 09:48:37,0.05,0.7142,7882,0.04,0.5714,6941,0.04,0.5714,150,0.045,0.6428,364,0
SPY190717P297,2019-07-16,2019-07-16 09:48:38,0.05,0.7142,7883,0.04,0.5714,6941,0.04,0.5714,150,0.045,0.6428,364,0
SPY190717P297,2019-07-16,2019-07-16 09:48:39,0.05,0.7142,7883,0.04,0.5714,6941,0.04,0.5714,150,0.045,0.6428,364,0
SPY190717P297,2019-07-16,2019-07-16 09:48:40,0.05,0.7142,7883,0.04,0.5714,6941,0.04,0.5714,150,0.045,0.6428,364,0
SPY190717P297,2019-07-16,2019-07-16 09:48:40,0.05,0.7142,7883,0.04,0.5714,7048,0.04,0.5714,150,0.045,0.6428,364,0
SPY190717P297,2019-07-16,2019-07-16 09:48:41,0.05,0.7142,6365,0.04,0.5714,5526,0.04,0.5714,150,0.045,0.6428,364,0
SPY190717P297,2019-07-16,2019-07-16 09:48:41,0.05,0.7142,7865,0.04,0.5714,5742,0.04,0.5714,150,0.045,0.6428,364,0
SPY190717P297,2019-07-16,2019-07-16 09:48:42,0.05,0.7142,8631,0.04,0.5714,6982,0.04,0.5714,150,0.045,0.6428,364,0
SPY190717P297,2019-07-16,2019-07-16 09:48:43,0.05,0.7142,8631,0.04,0.5714,6982,0.04,0.5714,150,0.045,0.6428,364,0
SPY190717P297,2019-07-16,2019-07-16 09:48:44,0.05,0.7142,8631,0.04,0.5714,6982,0.04,0.5714,150,0.045,0.6428,364,0
SPY190717P297,2019-07-16,2019-07-16 09:48:45,0.05,0.7142,8659,0.04,0.5714,7041,0.04,0.5714,150,0.045,0.6428,364,0
SPY190717P297,2019-07-16,2019-07-16 09:48:46,0.05,0.7142,8659,0.04,0.5714,7041,0.04,0.5714,150,0.045,0.6428,364,0
SPY190717P297,2019-07-16,2019-07-16 09:48:48,0.05,0.7142,7040,0.04,0.5714,7041,0.04,0.5714,150,0.045,0.6428,364,0
SPY190717P297,2019-07-16,2019-07-16 09:48:49,0.05,0.7142,7040,0.04,0.5714,7041,0.04,0.5714,150,0.045,0.6428,364,0
SPY190717P297,2019-07-16,2019-07-16 09:48:50,0.05,0.7142,7040,0.04,0.5714,7041,0.04,0.5714,150,0.045,0.6428,364,0
SPY190717P297,2019-07-16,2019-07-16 09:48:51,0.05,0.7142,7040,0.04,0.5714,7041,0.04,0.5714,150,0.045,0.6428,364,0
SPY190717P297,2019-07-16,2019-07-16 09:48:52,0.05,0.7142,8658,0.04,0.5714,7041,0.04,0.5714,150,0.045,0.6428,364,0
SPY190717P297,2019-07-16,2019-07-16 09:48:53,0.05,0.7142,8658,0.04,0.5714,7041,0.04,0.5714,150,0.045,0.6428,364,0
SPY190717P297,2019-07-16,2019-07-16 09:48:54,0.05,0.7142,8654,0.04,0.5714,7036,0.04,0.5714,150,0.045,0.6428,364,0
SPY190717P297,2019-07-16,2019-07-16 09:48:55,0.05,0.7142,8694,0.04,0.5714,7013,0.04,0.5714,150,0.045,0.6428,364,0
SPY190717P297,2019-07-16,2019-07-16 09:48:56,0.05,0.7142,8694,0.04,0.5714,7013,0.04,0.5714,150,0.045,0.6428,364,0
SPY190717P297,2019-07-16,2019-07-16 09:48:57,0.05,0.7142,8694,0.04,0.5714,7013,0.04,0.5714,150,0.045,0.6428,364,0
SPY190717P297,2019-07-16,2019-07-16 09:48:58,0.05,0.7142,8694,0.04,0.5714,7013,0.04,0.5714,150,0.045,0.6428,364,0
SPY190717P297,2019-07-16,2019-07-16 09:48:58,0.05,0.7142,7892,0.04,0.5714,7087,0.04,0.5714,150,0.045,0.6428,364,0
SPY190717P297,2019-07-16,2019-07-16 09:48:59,0.05,0.7142,7892,0.04,0.5714,7087,0.04,0.5714,150,0.045,0.6428,364,0
SPY190717P297,2019-07-16,2019-07-16 09:49:00,0.05,0.7142,8639,0.04,0.5714,7040,0.04,0.5714,150,0.045,0.6428,364,0
SPY190717P297,2019-07-16,2019-07-16 09:49:01,0.05,0.7142,7098,0.04,0.5714,5516,0.04,0.5714,150,0.045,0.6428,364,0
SPY190717P297,2019-07-16,2019-07-16 09:49:02,0.05,0.7142,5640,0.04,0.5714,5516,0.04,0.5714,150,0.045,0.6428,364,0
SPY190717P297,2019-07-16,2019-07-16 09:49:03,0.05,0.7142,5640,0.04,0.5714,5516,0.04,0.5714,150,0.045,0.6428,364,0
SPY190717P297,2019-07-16,2019-07-16 09:49:04,0.05,0.7142,5640,0.04,0.5714,5516,0.04,0.5714,150,0.045,0.6428,364,0
SPY190717P297,2019-07-16,2019-07-16 09:49:05,0.05,0.7142,5640,0.04,0.5714,5516,0.04,0.5714,150,0.045,0.6428,364,0
SPY190717P297,2019-07-16,2019-07-16 09:49:06,0.05,0.7142,5640,0.04,0.5714,5516,0.04,0.5714,150,0.045,0.6428,364,0
SPY190717P297,2019-07-16,2019-07-16 09:49:06,0.05,0.7142,6978,0.04,0.5714,7060,0.04,0.5714,150,0.045,0.6428,364,0
SPY190717P297,2019-07-16,2019-07-16 09:49:07,0.05,0.7142,6978,0.04,0.5714,7060,0.04,0.5714,150,0.045,0.6428,364,0
SPY190717P297,2019-07-16,2019-07-16 09:49:08,0.05,0.7142,6978,0.04,0.5714,7060,0.04,0.5714,150,0.045,0.6428,364,0
SPY190717P297,2019-07-16,2019-07-16 09:49:09,0.05,0.7142,6978,0.04,0.5714,7060,0.04,0.5714,150,0.045,0.6428,364,0
SPY190717P297,2019-07-16,2019-07-16 09:49:10,0.05,0.7142,6978,0.04,0.5714,7060,0.04,0.5714,150,0.045,0.6428,364,0
SPY190717P297,2019-07-16,2019-07-16 09:49:11,0.05,0.7142,6978,0.04,0.5714,7060,0.04,0.5714,150,0.045,0.6428,364,0
SPY190717P297,2019-07-16,2019-07-16 09:49:12,0.05,0.7142,6978,0.04,0.5714,7060,0.04,0.5714,150,0.045,0.6428,364,0
SPY190717P297,2019-07-16,2019-07-16 09:49:13,0.05,0.7142,6478,0.04,0.5714,4788,0.04,0.5714,150,0.045,0.6428,364,0
SPY190717P297,2019-07-16,2019-07-16 09:49:13,0.05,0.7142,6978,0.04,0.5714,7060,0.04,0.5714,150,0.045,0.6428,364,0
SPY190717P297,2019-07-16,2019-07-16 09:49:14,0.05,0.7142,7680,0.04,0.5714,5719,0.04,0.5714,150,0.045,0.6428,364,0
SPY190717P297,2019-07-16,2019-07-16 09:49:15,0.05,0.7142,6195,0.04,0.5714,4798,0.04,0.5714,150,0.045,0.6428,364,0
SPY190717P297,2019-07-16,2019-07-16 09:49:16,0.05,0.7142,6195,0.04,0.5714,4870,0.04,0.5714,150,0.045,0.6428,364,0
SPY190717P297,2019-07-16,2019-07-16 09:49:17,0.05,0.7142,7708,0.04,0.5714,5756,0.04,0.5714,150,0.045,0.6428,364,0
SPY190717P297,2019-07-16,2019-07-16 09:49:18,0.05,0.7142,7704,0.04,0.5714,5751,0.04,0.5714,150,0.045,0.6428,364,0
SPY190717P297,2019-07-16,2019-07-16 09:49:19,0.05,0.7142,7704,0.04,0.5714,5751,0.04,0.5714,150,0.045,0.6428,364,0
SPY190717P297,2019-07-16,2019-07-16 09:49:20,0.05,0.7142,7704,0.04,0.5714,5751,0.04,0.5714,150,0.045,0.6428,364,0
SPY190717P297,2019-07-16,2019-07-16 09:49:21,0.05,0.7142,8044,0.04,0.5714,5751,0.04,0.5714,150,0.045,0.6428,364,0
SPY190717P297,2019-07-16,2019-07-16 09:49:21,0.05,0.7142,7704,0.04,0.5714,5751,0.04,0.5714,150,0.045,0.6428,364,0
SPY190717P297,2019-07-16,2019-07-16 09:49:22,0.05,0.7142,8054,0.04,0.5714,7223,0.04,0.5714,150,0.045,0.6428,364,0
SPY190717P297,2019-07-16,2019-07-16 09:49:23,0.05,0.7142,8054,0.04,0.5714,7223,0.04,0.5714,150,0.045,0.6428,364,0
SPY190717P297,2019-07-16,2019-07-16 09:49:24,0.05,0.7142,8054,0.04,0.5714,7223,0.04,0.5714,150,0.045,0.6428,364,0
SPY190717P297,2019-07-16,2019-07-16 09:49:25,0.05,0.7142,8054,0.04,0.5714,7223,0.04,0.5714,150,0.045,0.6428,364,0
SPY190717P297,2019-07-16,2019-07-16 09:49:26,0.05,0.7142,8054,0.04,0.5714,7223,0.04,0.5714,150,0.045,0.6428,364,0
SPY190717P297,2019-07-16,2019-07-16 09:49:27,0.05,0.7142,6439,0.04,0.5714,7223,0.04,0.5714,150,0.045,0.6428,364,0
SPY190717P297,2019-07-16,2019-07-16 09:49:27,0.05,0.7142,8054,0.04,0.5714,7223,0.04,0.5714,150,0.045,0.6428,364,0
SPY190717P297,2019-07-16,2019-07-16 09:49:28,0.05,0.7142,6439,0.04,0.5714,7223,0.04,0.5714,150,0.045,0.6428,364,0
SPY190717P297,2019-07-16,2019-07-16 09:49:28,0.05,0.7142,7213,0.04,0.5714,6884,0.04,0.5714,150,0.045,0.6428,364,0
SPY190717P297,2019-07-16,2019-07-16 09:49:29,0.05,0.7142,7698,0.04,0.5714,7236,0.04,0.5714,150,0.045,0.6428,364,0
SPY190717P297,2019-07-16,2019-07-16 09:49:30,0.05,0.7142,7698,0.04,0.5714,7236,0.04,0.5714,150,0.045,0.6428,364,0
SPY190717P297,2019-07-16,2019-07-16 09:49:31,0.05,0.7142,8033,0.04,0.5714,7236,0.04,0.5714,150,0.045,0.6428,364,0
SPY190717P297,2019-07-16,2019-07-16 09:49:32,0.05,0.7142,8033,0.04,0.5714,7236,0.04,0.5714,150,0.045,0.6428,364,0
SPY190717P297,2019-07-16,2019-07-16 09:49:33,0.05,0.7142,8033,0.04,0.5714,7236,0.04,0.5714,150,0.045,0.6428,364,0
SPY190717P297,2019-07-16,2019-07-16 09:49:33,0.05,0.7142,5066,0.04,0.5714,6736,0.04,0.5714,150,0.045,0.6428,364,0
SPY190717P297,2019-07-16,2019-07-16 09:49:34,0.05,0.7142,8550,0.04,0.5714,6997,0.04,0.5714,150,0.045,0.6428,364,0
SPY190717P297,2019-07-16,2019-07-16 09:49:35,0.05,0.7142,7030,0.04,0.5714,5496,0.04,0.5714,150,0.045,0.6428,364,0
SPY190717P297,2019-07-16,2019-07-16 09:49:36,0.05,0.7142,6202,0.04,0.5714,4795,0.04,0.5714,150,0.045,0.6428,364,0
SPY190717P297,2019-07-16,2019-07-16 09:49:37,0.05,0.7142,7030,0.04,0.5714,5469,0.04,0.5714,150,0.045,0.6428,364,0
SPY190717P297,2019-07-16,2019-07-16 09:49:37,0.05,0.7142,7327,0.04,0.5714,5469,0.04,0.5714,150,0.045,0.6428,364,0
SPY190717P297,2019-07-16,2019-07-16 09:49:38,0.05,0.7142,8593,0.04,0.5714,6988,0.04,0.5714,150,0.045,0.6428,364,0
