symbol,Date,quote_time,ask_price,norm_ask_price,ask_size,bid_price,norm_bid_price,bid_size,last_trade_price,norm_last_trade_price,last_trade_size,mark_price,norm_mark_price,volume,Volume
IWM190913P156,2019-09-12,2019-09-12 09:46:48,0.78,1.0,26,0.77,0.9871,3,0.75,0.9615,1,0.775,0.9935,1678,1678
IWM190913P156,2019-09-12,2019-09-12 09:46:49,0.8,1.0256,13,0.77,0.9871,151,0.77,0.9871,1,0.785,1.0064,1683,5
IWM190913P156,2019-09-12,2019-09-12 09:46:50,0.82,1.0512,107,0.79,1.0128,76,0.77,0.9871,1,0.805,1.032,1683,0
IWM190913P156,2019-09-12,2019-09-12 09:46:50,0.81,1.0384,60,0.79,1.0128,106,0.77,0.9871,1,0.8,1.0256,1683,0
IWM190913P156,2019-09-12,2019-09-12 09:46:51,0.83,1.0641,13,0.79,1.0128,75,0.8,1.0256,10,0.81,1.0384,1693,0
IWM190913P156,2019-09-12,2019-09-12 09:46:51,0.8,1.0256,16,0.79,1.0128,76,0.8,1.0256,10,0.795,1.0192,1693,10
IWM190913P156,2019-09-12,2019-09-12 09:46:52,0.83,1.0641,3,0.81,1.0384,109,0.8,1.0256,10,0.82,1.0512,1693,0
IWM190913P156,2019-09-12,2019-09-12 09:46:52,0.83,1.0641,3,0.82,1.0512,60,0.8,1.0256,10,0.825,1.0576,1693,0
IWM190913P156,2019-09-12,2019-09-12 09:46:53,0.83,1.0641,16,0.82,1.0512,27,0.8,1.0256,10,0.825,1.0576,1693,0
IWM190913P156,2019-09-12,2019-09-12 09:46:53,0.84,1.0769,24,0.82,1.0512,100,0.8,1.0256,10,0.83,1.0641,1693,0
IWM190913P156,2019-09-12,2019-09-12 09:46:54,0.82,1.0512,24,0.8,1.0256,144,0.8,1.0256,10,0.81,1.0384,1693,0
IWM190913P156,2019-09-12,2019-09-12 09:46:54,0.81,1.0384,3,0.82,1.0512,27,0.8,1.0256,10,0.815,1.0448,1693,0
IWM190913P156,2019-09-12,2019-09-12 09:46:55,0.82,1.0512,24,0.8,1.0256,181,0.8,1.0256,10,0.81,1.0384,1693,0
IWM190913P156,2019-09-12,2019-09-12 09:46:56,0.82,1.0512,20,0.81,1.0384,20,0.81,1.0384,10,0.815,1.0448,1718,25
IWM190913P156,2019-09-12,2019-09-12 09:46:56,0.82,1.0512,20,0.8,1.0256,115,0.81,1.0384,10,0.81,1.0384,1718,0
IWM190913P156,2019-09-12,2019-09-12 09:46:57,0.82,1.0512,11,0.8,1.0256,150,0.82,1.0512,8,0.81,1.0384,1738,20
IWM190913P156,2019-09-12,2019-09-12 09:46:57,0.87,1.1153,29,0.83,1.0641,56,0.84,1.0769,20,0.85,1.0897,1758,20
IWM190913P156,2019-09-12,2019-09-12 09:46:58,0.87,1.1153,29,0.84,1.0769,64,0.84,1.0769,20,0.855,1.0961,1758,0
IWM190913P156,2019-09-12,2019-09-12 09:46:58,0.87,1.1153,25,0.85,1.0897,75,0.84,1.0769,20,0.86,1.1025,1758,0
IWM190913P156,2019-09-12,2019-09-12 09:46:59,0.88,1.1282,13,0.86,1.1025,62,0.84,1.0769,20,0.87,1.1153,1758,0
IWM190913P156,2019-09-12,2019-09-12 09:46:59,0.88,1.1282,13,0.86,1.1025,75,0.84,1.0769,20,0.87,1.1153,1758,0
IWM190913P156,2019-09-12,2019-09-12 09:47:00,0.88,1.1282,13,0.85,1.0897,15,0.84,1.0769,20,0.865,1.1089,1758,0
IWM190913P156,2019-09-12,2019-09-12 09:47:00,0.88,1.1282,38,0.86,1.1025,75,0.84,1.0769,20,0.87,1.1153,1758,0
IWM190913P156,2019-09-12,2019-09-12 09:47:01,0.9,1.1538,18,0.85,1.0897,75,0.85,1.0897,11,0.875,1.1217,1771,0
IWM190913P156,2019-09-12,2019-09-12 09:47:01,0.86,1.1025,13,0.84,1.0769,48,0.85,1.0897,11,0.85,1.0897,1771,13
IWM190913P156,2019-09-12,2019-09-12 09:47:02,0.9,1.1538,130,0.86,1.1025,47,0.85,1.0897,11,0.88,1.1282,1771,0
IWM190913P156,2019-09-12,2019-09-12 09:47:02,0.88,1.1282,13,0.86,1.1025,47,0.85,1.0897,11,0.87,1.1153,1771,0
IWM190913P156,2019-09-12,2019-09-12 09:47:03,0.88,1.1282,25,0.85,1.0897,91,0.85,1.0897,11,0.865,1.1089,1771,0
IWM190913P156,2019-09-12,2019-09-12 09:47:04,0.88,1.1282,25,0.85,1.0897,91,0.85,1.0897,11,0.865,1.1089,1771,0
IWM190913P156,2019-09-12,2019-09-12 09:47:04,0.87,1.1153,12,0.85,1.0897,91,0.85,1.0897,11,0.86,1.1025,1771,0
IWM190913P156,2019-09-12,2019-09-12 09:47:05,0.88,1.1282,73,0.85,1.0897,74,0.85,1.0897,11,0.865,1.1089,1771,0
IWM190913P156,2019-09-12,2019-09-12 09:47:05,0.87,1.1153,12,0.85,1.0897,75,0.85,1.0897,11,0.86,1.1025,1771,0
IWM190913P156,2019-09-12,2019-09-12 09:47:06,0.88,1.1282,20,0.86,1.1025,52,0.85,1.0897,11,0.87,1.1153,1771,0
IWM190913P156,2019-09-12,2019-09-12 09:47:07,0.88,1.1282,20,0.86,1.1025,49,0.85,1.0897,11,0.87,1.1153,1771,0
IWM190913P156,2019-09-12,2019-09-12 09:47:07,0.88,1.1282,30,0.86,1.1025,18,0.85,1.0897,11,0.87,1.1153,1771,0
IWM190913P156,2019-09-12,2019-09-12 09:47:08,0.87,1.1153,2,0.85,1.0897,74,0.88,1.1282,1,0.86,1.1025,1772,0
IWM190913P156,2019-09-12,2019-09-12 09:47:08,0.88,1.1282,30,0.86,1.1025,18,0.88,1.1282,1,0.87,1.1153,1772,1
IWM190913P156,2019-09-12,2019-09-12 09:47:09,0.87,1.1153,2,0.85,1.0897,28,0.88,1.1282,1,0.86,1.1025,1772,0
IWM190913P156,2019-09-12,2019-09-12 09:47:09,0.87,1.1153,2,0.85,1.0897,19,0.88,1.1282,1,0.86,1.1025,1772,0
IWM190913P156,2019-09-12,2019-09-12 09:47:10,0.88,1.1282,42,0.85,1.0897,66,0.88,1.1282,1,0.865,1.1089,1772,0
IWM190913P156,2019-09-12,2019-09-12 09:47:10,0.87,1.1153,62,0.85,1.0897,19,0.88,1.1282,1,0.86,1.1025,1772,0
IWM190913P156,2019-09-12,2019-09-12 09:47:11,0.88,1.1282,20,0.85,1.0897,71,0.88,1.1282,1,0.865,1.1089,1772,0
IWM190913P156,2019-09-12,2019-09-12 09:47:11,0.88,1.1282,38,0.85,1.0897,73,0.88,1.1282,1,0.865,1.1089,1772,0
IWM190913P156,2019-09-12,2019-09-12 09:47:12,0.88,1.1282,38,0.85,1.0897,250,0.88,1.1282,1,0.865,1.1089,1772,0
IWM190913P156,2019-09-12,2019-09-12 09:47:12,0.88,1.1282,38,0.85,1.0897,298,0.88,1.1282,1,0.865,1.1089,1772,0
IWM190913P156,2019-09-12,2019-09-12 09:47:13,0.88,1.1282,254,0.85,1.0897,298,0.88,1.1282,1,0.865,1.1089,1772,0
IWM190913P156,2019-09-12,2019-09-12 09:47:13,0.87,1.1153,27,0.86,1.1025,1,0.86,1.1025,10,0.865,1.1089,1782,10
IWM190913P156,2019-09-12,2019-09-12 09:47:14,0.87,1.1153,88,0.85,1.0897,73,0.86,1.1025,10,0.86,1.1025,1782,0
IWM190913P156,2019-09-12,2019-09-12 09:47:15,0.87,1.1153,161,0.85,1.0897,73,0.86,1.1025,10,0.86,1.1025,1782,0
IWM190913P156,2019-09-12,2019-09-12 09:47:15,0.87,1.1153,102,0.85,1.0897,73,0.86,1.1025,10,0.86,1.1025,1782,0
IWM190913P156,2019-09-12,2019-09-12 09:47:16,0.87,1.1153,75,0.85,1.0897,73,0.86,1.1025,10,0.86,1.1025,1782,0
IWM190913P156,2019-09-12,2019-09-12 09:47:16,0.87,1.1153,22,0.86,1.1025,6,0.86,1.1025,10,0.865,1.1089,1782,0
IWM190913P156,2019-09-12,2019-09-12 09:47:17,0.87,1.1153,51,0.85,1.0897,73,0.86,1.1025,10,0.86,1.1025,1782,0
IWM190913P156,2019-09-12,2019-09-12 09:47:17,0.87,1.1153,7,0.86,1.1025,6,0.86,1.1025,10,0.865,1.1089,1782,0
IWM190913P156,2019-09-12,2019-09-12 09:47:18,0.85,1.0897,7,0.84,1.0769,3,0.86,1.1025,10,0.845,1.0833,1782,0
IWM190913P156,2019-09-12,2019-09-12 09:47:18,0.87,1.1153,36,0.85,1.0897,54,0.86,1.1025,10,0.86,1.1025,1782,0
IWM190913P156,2019-09-12,2019-09-12 09:47:19,0.86,1.1025,122,0.83,1.0641,109,0.86,1.1025,10,0.845,1.0833,1782,0
IWM190913P156,2019-09-12,2019-09-12 09:47:19,0.85,1.0897,12,0.83,1.0641,88,0.86,1.1025,10,0.84,1.0769,1782,0
IWM190913P156,2019-09-12,2019-09-12 09:47:20,0.85,1.0897,38,0.83,1.0641,26,0.86,1.1025,10,0.84,1.0769,1782,0
IWM190913P156,2019-09-12,2019-09-12 09:47:20,0.85,1.0897,38,0.83,1.0641,73,0.86,1.1025,10,0.84,1.0769,1782,0
IWM190913P156,2019-09-12,2019-09-12 09:47:21,0.85,1.0897,87,0.82,1.0512,112,0.86,1.1025,10,0.835,1.0705,1782,0
IWM190913P156,2019-09-12,2019-09-12 09:47:21,0.85,1.0897,83,0.83,1.0641,1,0.86,1.1025,10,0.84,1.0769,1782,0
IWM190913P156,2019-09-12,2019-09-12 09:47:22,0.85,1.0897,87,0.82,1.0512,47,0.86,1.1025,10,0.835,1.0705,1782,0
IWM190913P156,2019-09-12,2019-09-12 09:47:22,0.88,1.1282,42,0.82,1.0512,47,0.86,1.1025,10,0.85,1.0897,1782,0
IWM190913P156,2019-09-12,2019-09-12 09:47:23,0.86,1.1025,10,0.85,1.0897,73,0.86,1.1025,10,0.855,1.0961,1782,0
IWM190913P156,2019-09-12,2019-09-12 09:47:23,0.86,1.1025,10,0.82,1.0512,47,0.86,1.1025,10,0.84,1.0769,1782,0
IWM190913P156,2019-09-12,2019-09-12 09:47:24,0.88,1.1282,35,0.87,1.1153,21,0.86,1.1025,4,0.875,1.1217,1792,10
IWM190913P156,2019-09-12,2019-09-12 09:47:25,0.88,1.1282,20,0.87,1.1153,4,0.86,1.1025,4,0.875,1.1217,1792,0
IWM190913P156,2019-09-12,2019-09-12 09:47:25,0.88,1.1282,20,0.87,1.1153,23,0.86,1.1025,4,0.875,1.1217,1792,0
IWM190913P156,2019-09-12,2019-09-12 09:47:26,0.88,1.1282,51,0.85,1.0897,106,0.86,1.1025,4,0.865,1.1089,1792,0
IWM190913P156,2019-09-12,2019-09-12 09:47:26,0.87,1.1153,32,0.85,1.0897,72,0.86,1.1025,4,0.86,1.1025,1792,0
IWM190913P156,2019-09-12,2019-09-12 09:47:27,0.87,1.1153,6,0.85,1.0897,72,0.86,1.1025,4,0.86,1.1025,1792,0
IWM190913P156,2019-09-12,2019-09-12 09:47:27,0.87,1.1153,6,0.86,1.1025,63,0.86,1.1025,4,0.865,1.1089,1792,0
IWM190913P156,2019-09-12,2019-09-12 09:47:28,0.87,1.1153,17,0.85,1.0897,49,0.86,1.1025,4,0.86,1.1025,1792,0
IWM190913P156,2019-09-12,2019-09-12 09:47:28,0.87,1.1153,43,0.85,1.0897,49,0.86,1.1025,4,0.86,1.1025,1792,0
IWM190913P156,2019-09-12,2019-09-12 09:47:29,0.87,1.1153,17,0.85,1.0897,49,0.86,1.1025,4,0.86,1.1025,1792,0
IWM190913P156,2019-09-12,2019-09-12 09:47:30,0.88,1.1282,47,0.86,1.1025,72,0.86,1.1025,4,0.87,1.1153,1792,0
IWM190913P156,2019-09-12,2019-09-12 09:47:31,0.88,1.1282,107,0.86,1.1025,13,0.86,1.1025,4,0.87,1.1153,1792,0
IWM190913P156,2019-09-12,2019-09-12 09:47:31,0.88,1.1282,107,0.86,1.1025,64,0.86,1.1025,4,0.87,1.1153,1792,0
IWM190913P156,2019-09-12,2019-09-12 09:47:32,0.88,1.1282,47,0.86,1.1025,13,0.86,1.1025,4,0.87,1.1153,1792,0
IWM190913P156,2019-09-12,2019-09-12 09:47:32,0.88,1.1282,50,0.86,1.1025,13,0.86,1.1025,4,0.87,1.1153,1792,0
IWM190913P156,2019-09-12,2019-09-12 09:47:33,0.88,1.1282,63,0.86,1.1025,27,0.86,1.1025,4,0.87,1.1153,1792,0
IWM190913P156,2019-09-12,2019-09-12 09:47:34,0.88,1.1282,63,0.86,1.1025,51,0.86,1.1025,4,0.87,1.1153,1792,0
IWM190913P156,2019-09-12,2019-09-12 09:47:34,0.88,1.1282,31,0.86,1.1025,27,0.86,1.1025,4,0.87,1.1153,1792,0
IWM190913P156,2019-09-12,2019-09-12 09:47:35,0.88,1.1282,20,0.86,1.1025,60,0.86,1.1025,4,0.87,1.1153,1792,0
IWM190913P156,2019-09-12,2019-09-12 09:47:35,0.88,1.1282,34,0.86,1.1025,60,0.86,1.1025,4,0.87,1.1153,1792,0
IWM190913P156,2019-09-12,2019-09-12 09:47:36,0.89,1.141,12,0.89,1.141,36,0.9,1.1538,18,0.89,1.141,1850,58
IWM190913P156,2019-09-12,2019-09-12 09:47:36,0.92,1.1794,31,0.89,1.141,36,0.9,1.1538,18,0.905,1.1602,1850,0
IWM190913P156,2019-09-12,2019-09-12 09:47:37,0.92,1.1794,12,0.9,1.1538,61,0.9,1.1538,18,0.91,1.1666,1850,0
IWM190913P156,2019-09-12,2019-09-12 09:47:37,0.93,1.1923,31,0.89,1.141,90,0.9,1.1538,18,0.91,1.1666,1850,0
IWM190913P156,2019-09-12,2019-09-12 09:47:38,0.92,1.1794,11,0.9,1.1538,48,0.92,1.1794,1,0.91,1.1666,1851,1
IWM190913P156,2019-09-12,2019-09-12 09:47:38,0.92,1.1794,11,0.9,1.1538,48,0.92,1.1794,1,0.91,1.1666,1851,0
IWM190913P156,2019-09-12,2019-09-12 09:47:39,0.92,1.1794,11,0.9,1.1538,48,0.92,1.1794,1,0.91,1.1666,1851,0
IWM190913P156,2019-09-12,2019-09-12 09:47:39,0.92,1.1794,67,0.89,1.141,69,0.92,1.1794,1,0.905,1.1602,1851,0
IWM190913P156,2019-09-12,2019-09-12 09:47:40,0.92,1.1794,31,0.9,1.1538,13,0.92,1.1794,1,0.91,1.1666,1851,0
IWM190913P156,2019-09-12,2019-09-12 09:47:40,0.92,1.1794,51,0.89,1.141,70,0.92,1.1794,1,0.905,1.1602,1851,0
IWM190913P156,2019-09-12,2019-09-12 09:47:41,0.92,1.1794,38,0.9,1.1538,48,0.9,1.1538,10,0.91,1.1666,1861,0
IWM190913P156,2019-09-12,2019-09-12 09:47:41,0.92,1.1794,38,0.9,1.1538,48,0.9,1.1538,10,0.91,1.1666,1861,10
IWM190913P156,2019-09-12,2019-09-12 09:47:42,0.92,1.1794,38,0.9,1.1538,48,0.9,1.1538,10,0.91,1.1666,1861,0
IWM190913P156,2019-09-12,2019-09-12 09:47:42,0.93,1.1923,81,0.9,1.1538,82,0.9,1.1538,10,0.915,1.173,1861,0
IWM190913P156,2019-09-12,2019-09-12 09:47:43,0.93,1.1923,81,0.9,1.1538,58,0.9,1.1538,10,0.915,1.173,1861,0
IWM190913P156,2019-09-12,2019-09-12 09:47:43,0.93,1.1923,12,0.91,1.1666,16,0.9,1.1538,10,0.92,1.1794,1861,0
IWM190913P156,2019-09-12,2019-09-12 09:47:44,1.0,1.282,49,0.93,1.1923,19,0.9,1.1538,10,0.965,1.2371,1861,0
IWM190913P156,2019-09-12,2019-09-12 09:47:45,0.98,1.2564,21,0.95,1.2179,31,0.9,1.1538,10,0.965,1.2371,1861,0
IWM190913P156,2019-09-12,2019-09-12 09:47:45,0.99,1.2692,88,0.94,1.2051,100,0.9,1.1538,10,0.965,1.2371,1861,0
IWM190913P156,2019-09-12,2019-09-12 09:47:46,0.97,1.2435,28,0.95,1.2179,11,0.9,1.1538,10,0.96,1.2307,1861,0
IWM190913P156,2019-09-12,2019-09-12 09:47:46,0.95,1.2179,23,0.93,1.1923,62,0.96,1.2307,7,0.94,1.2051,1876,15
IWM190913P156,2019-09-12,2019-09-12 09:47:47,0.97,1.2435,8,0.95,1.2179,56,0.96,1.2307,7,0.96,1.2307,1876,0
IWM190913P156,2019-09-12,2019-09-12 09:47:47,0.98,1.2564,13,0.95,1.2179,69,0.96,1.2307,7,0.965,1.2371,1876,0
IWM190913P156,2019-09-12,2019-09-12 09:47:48,0.98,1.2564,15,0.95,1.2179,69,0.96,1.2307,7,0.965,1.2371,1876,0
IWM190913P156,2019-09-12,2019-09-12 09:47:49,0.97,1.2435,15,0.95,1.2179,69,0.96,1.2307,7,0.96,1.2307,1876,0
IWM190913P156,2019-09-12,2019-09-12 09:47:50,0.95,1.2179,15,0.94,1.2051,9,0.96,1.2307,7,0.945,1.2115,1876,0
IWM190913P156,2019-09-12,2019-09-12 09:47:50,0.97,1.2435,15,0.95,1.2179,85,0.96,1.2307,7,0.96,1.2307,1876,0
IWM190913P156,2019-09-12,2019-09-12 09:47:51,0.95,1.2179,13,0.93,1.1923,45,0.96,1.2307,7,0.94,1.2051,1876,0
IWM190913P156,2019-09-12,2019-09-12 09:47:51,0.95,1.2179,15,0.93,1.1923,45,0.96,1.2307,7,0.94,1.2051,1876,0
IWM190913P156,2019-09-12,2019-09-12 09:47:52,0.95,1.2179,15,0.93,1.1923,45,0.96,1.2307,7,0.94,1.2051,1876,0
IWM190913P156,2019-09-12,2019-09-12 09:47:52,0.94,1.2051,15,0.92,1.1794,39,0.96,1.2307,7,0.93,1.1923,1876,0
IWM190913P156,2019-09-12,2019-09-12 09:47:53,0.95,1.2179,150,0.92,1.1794,47,0.95,1.2179,1,0.935,1.1987,1877,1
IWM190913P156,2019-09-12,2019-09-12 09:47:53,0.94,1.2051,15,0.92,1.1794,55,0.96,1.2307,7,0.93,1.1923,1876,0
IWM190913P156,2019-09-12,2019-09-12 09:47:54,0.94,1.2051,15,0.91,1.1666,53,0.95,1.2179,1,0.925,1.1858,1877,0
IWM190913P156,2019-09-12,2019-09-12 09:47:54,0.94,1.2051,63,0.92,1.1794,25,0.95,1.2179,1,0.93,1.1923,1877,0
IWM190913P156,2019-09-12,2019-09-12 09:47:55,0.95,1.2179,3,0.93,1.1923,84,0.95,1.2179,1,0.94,1.2051,1877,0
IWM190913P156,2019-09-12,2019-09-12 09:47:55,0.95,1.2179,2,0.93,1.1923,62,0.95,1.2179,1,0.94,1.2051,1877,0
IWM190913P156,2019-09-12,2019-09-12 09:47:56,0.97,1.2435,97,0.96,1.2307,13,0.95,1.2179,1,0.965,1.2371,1877,0
IWM190913P156,2019-09-12,2019-09-12 09:47:56,0.97,1.2435,97,0.94,1.2051,12,0.95,1.2179,1,0.955,1.2243,1877,0
IWM190913P156,2019-09-12,2019-09-12 09:47:57,0.99,1.2692,78,0.95,1.2179,84,0.95,1.2179,1,0.97,1.2435,1877,0
IWM190913P156,2019-09-12,2019-09-12 09:47:57,0.99,1.2692,78,0.96,1.2307,13,0.95,1.2179,1,0.975,1.25,1877,0
IWM190913P156,2019-09-12,2019-09-12 09:47:58,0.98,1.2564,136,0.95,1.2179,68,0.95,1.2179,1,0.965,1.2371,1877,0
IWM190913P156,2019-09-12,2019-09-12 09:47:58,0.99,1.2692,78,0.95,1.2179,54,0.95,1.2179,1,0.97,1.2435,1877,0
IWM190913P156,2019-09-12,2019-09-12 09:47:59,0.96,1.2307,13,0.94,1.2051,58,0.95,1.2179,1,0.95,1.2179,1877,0
IWM190913P156,2019-09-12,2019-09-12 09:47:59,0.96,1.2307,28,0.94,1.2051,55,0.95,1.2179,1,0.95,1.2179,1877,0
IWM190913P156,2019-09-12,2019-09-12 09:48:00,0.96,1.2307,28,0.94,1.2051,45,0.95,1.2179,1,0.95,1.2179,1877,0
IWM190913P156,2019-09-12,2019-09-12 09:48:00,0.96,1.2307,33,0.94,1.2051,45,0.95,1.2179,1,0.95,1.2179,1877,0
IWM190913P156,2019-09-12,2019-09-12 09:48:01,0.96,1.2307,74,0.93,1.1923,73,0.95,1.2179,1,0.945,1.2115,1877,0
IWM190913P156,2019-09-12,2019-09-12 09:48:01,0.96,1.2307,74,0.94,1.2051,45,0.95,1.2179,1,0.95,1.2179,1877,0
IWM190913P156,2019-09-12,2019-09-12 09:48:02,0.95,1.2179,57,0.92,1.1794,231,0.93,1.1923,1,0.935,1.1987,1968,91
IWM190913P156,2019-09-12,2019-09-12 09:48:02,0.95,1.2179,27,0.93,1.1923,27,0.95,1.2179,1,0.94,1.2051,1877,0
IWM190913P156,2019-09-12,2019-09-12 09:48:03,0.94,1.2051,19,0.92,1.1794,225,0.93,1.1923,1,0.93,1.1923,1968,0
IWM190913P156,2019-09-12,2019-09-12 09:48:04,0.94,1.2051,42,0.92,1.1794,146,0.93,1.1923,1,0.93,1.1923,1968,0
IWM190913P156,2019-09-12,2019-09-12 09:48:04,0.94,1.2051,19,0.92,1.1794,159,0.93,1.1923,1,0.93,1.1923,1968,0
IWM190913P156,2019-09-12,2019-09-12 09:48:05,0.92,1.1794,92,0.91,1.1666,10,0.92,1.1794,130,0.915,1.173,2098,0
IWM190913P156,2019-09-12,2019-09-12 09:48:05,0.93,1.1923,60,0.91,1.1666,17,0.92,1.1794,130,0.92,1.1794,2098,130
IWM190913P156,2019-09-12,2019-09-12 09:48:06,0.91,1.1666,11,0.9,1.1538,19,0.91,1.1666,10,0.905,1.1602,2108,10
IWM190913P156,2019-09-12,2019-09-12 09:48:06,0.92,1.1794,34,0.9,1.1538,16,0.91,1.1666,10,0.91,1.1666,2108,0
IWM190913P156,2019-09-12,2019-09-12 09:48:07,0.91,1.1666,29,0.89,1.141,35,0.91,1.1666,10,0.9,1.1538,2108,0
IWM190913P156,2019-09-12,2019-09-12 09:48:07,0.91,1.1666,93,0.89,1.141,16,0.91,1.1666,10,0.9,1.1538,2108,0
IWM190913P156,2019-09-12,2019-09-12 09:48:08,0.9,1.1538,41,0.88,1.1282,58,0.91,1.1666,10,0.89,1.141,2108,0
IWM190913P156,2019-09-12,2019-09-12 09:48:08,0.89,1.141,13,0.88,1.1282,21,0.91,1.1666,10,0.885,1.1346,2108,0
IWM190913P156,2019-09-12,2019-09-12 09:48:09,0.89,1.141,112,0.88,1.1282,2,0.91,1.1666,10,0.885,1.1346,2108,0
IWM190913P156,2019-09-12,2019-09-12 09:48:09,0.89,1.141,13,0.88,1.1282,2,0.91,1.1666,10,0.885,1.1346,2108,0
IWM190913P156,2019-09-12,2019-09-12 09:48:10,0.89,1.141,108,0.88,1.1282,2,0.91,1.1666,10,0.885,1.1346,2108,0
IWM190913P156,2019-09-12,2019-09-12 09:48:11,0.89,1.141,48,0.88,1.1282,2,0.91,1.1666,10,0.885,1.1346,2108,0
IWM190913P156,2019-09-12,2019-09-12 09:48:11,0.89,1.141,138,0.88,1.1282,2,0.91,1.1666,10,0.885,1.1346,2108,0
IWM190913P156,2019-09-12,2019-09-12 09:48:12,0.89,1.141,158,0.88,1.1282,2,0.89,1.141,25,0.885,1.1346,2133,25
IWM190913P156,2019-09-12,2019-09-12 09:48:12,0.89,1.141,204,0.88,1.1282,2,0.88,1.1282,2,0.885,1.1346,2135,2
IWM190913P156,2019-09-12,2019-09-12 09:48:13,0.86,1.1025,8,0.84,1.0769,34,0.85,1.0897,17,0.85,1.0897,2152,17
IWM190913P156,2019-09-12,2019-09-12 09:48:13,0.87,1.1153,13,0.85,1.0897,16,0.88,1.1282,2,0.86,1.1025,2135,0
IWM190913P156,2019-09-12,2019-09-12 09:48:14,0.86,1.1025,8,0.84,1.0769,56,0.85,1.0897,17,0.85,1.0897,2152,0
IWM190913P156,2019-09-12,2019-09-12 09:48:14,0.86,1.1025,8,0.84,1.0769,45,0.85,1.0897,17,0.85,1.0897,2152,0
IWM190913P156,2019-09-12,2019-09-12 09:48:15,0.87,1.1153,26,0.85,1.0897,34,0.85,1.0897,17,0.86,1.1025,2152,0
IWM190913P156,2019-09-12,2019-09-12 09:48:15,0.86,1.1025,8,0.85,1.0897,13,0.85,1.0897,17,0.855,1.0961,2152,0
IWM190913P156,2019-09-12,2019-09-12 09:48:16,0.85,1.0897,38,0.83,1.0641,29,0.85,1.0897,17,0.84,1.0769,2152,0
IWM190913P156,2019-09-12,2019-09-12 09:48:16,0.85,1.0897,65,0.83,1.0641,13,0.85,1.0897,17,0.84,1.0769,2152,0
IWM190913P156,2019-09-12,2019-09-12 09:48:17,0.86,1.1025,30,0.84,1.0769,67,0.85,1.0897,3,0.85,1.0897,2162,0
IWM190913P156,2019-09-12,2019-09-12 09:48:17,0.87,1.1153,13,0.85,1.0897,77,0.85,1.0897,3,0.86,1.1025,2162,10
IWM190913P156,2019-09-12,2019-09-12 09:48:18,0.87,1.1153,39,0.84,1.0769,119,0.85,1.0897,3,0.855,1.0961,2162,0
IWM190913P156,2019-09-12,2019-09-12 09:48:18,0.86,1.1025,24,0.84,1.0769,67,0.85,1.0897,3,0.85,1.0897,2162,0
IWM190913P156,2019-09-12,2019-09-12 09:48:19,0.88,1.1282,42,0.85,1.0897,67,0.85,1.0897,3,0.865,1.1089,2162,0
IWM190913P156,2019-09-12,2019-09-12 09:48:19,0.88,1.1282,59,0.85,1.0897,67,0.85,1.0897,3,0.865,1.1089,2162,0
IWM190913P156,2019-09-12,2019-09-12 09:48:20,0.88,1.1282,14,0.86,1.1025,34,0.85,1.0897,3,0.87,1.1153,2162,0
IWM190913P156,2019-09-12,2019-09-12 09:48:20,0.88,1.1282,68,0.85,1.0897,96,0.85,1.0897,3,0.865,1.1089,2162,0
IWM190913P156,2019-09-12,2019-09-12 09:48:21,0.88,1.1282,27,0.86,1.1025,34,0.85,1.0897,3,0.87,1.1153,2162,0
IWM190913P156,2019-09-12,2019-09-12 09:48:21,0.88,1.1282,68,0.86,1.1025,21,0.85,1.0897,3,0.87,1.1153,2162,0
IWM190913P156,2019-09-12,2019-09-12 09:48:22,0.89,1.141,14,0.87,1.1153,82,0.85,1.0897,3,0.88,1.1282,2162,0
IWM190913P156,2019-09-12,2019-09-12 09:48:22,0.89,1.141,14,0.87,1.1153,92,0.85,1.0897,3,0.88,1.1282,2162,0
IWM190913P156,2019-09-12,2019-09-12 09:48:23,0.9,1.1538,14,0.88,1.1282,79,0.85,1.0897,3,0.89,1.141,2162,0
IWM190913P156,2019-09-12,2019-09-12 09:48:24,0.91,1.1666,44,0.89,1.141,34,0.85,1.0897,3,0.9,1.1538,2162,0
IWM190913P156,2019-09-12,2019-09-12 09:48:25,0.91,1.1666,32,0.89,1.141,13,0.85,1.0897,3,0.9,1.1538,2162,0
IWM190913P156,2019-09-12,2019-09-12 09:48:25,0.9,1.1538,22,0.88,1.1282,34,0.85,1.0897,3,0.89,1.141,2162,0
IWM190913P156,2019-09-12,2019-09-12 09:48:26,0.9,1.1538,22,0.88,1.1282,34,0.85,1.0897,3,0.89,1.141,2162,0
IWM190913P156,2019-09-12,2019-09-12 09:48:27,0.88,1.1282,11,0.87,1.1153,16,0.85,1.0897,3,0.875,1.1217,2162,0
IWM190913P156,2019-09-12,2019-09-12 09:48:27,0.9,1.1538,9,0.88,1.1282,84,0.85,1.0897,3,0.89,1.141,2162,0
IWM190913P156,2019-09-12,2019-09-12 09:48:28,0.89,1.141,24,0.86,1.1025,63,0.85,1.0897,3,0.875,1.1217,2162,0
IWM190913P156,2019-09-12,2019-09-12 09:48:28,0.89,1.141,11,0.87,1.1153,18,0.85,1.0897,3,0.88,1.1282,2162,0
IWM190913P156,2019-09-12,2019-09-12 09:48:29,0.89,1.141,24,0.85,1.0897,23,0.85,1.0897,3,0.87,1.1153,2162,0
IWM190913P156,2019-09-12,2019-09-12 09:48:29,0.89,1.141,24,0.86,1.1025,80,0.85,1.0897,3,0.875,1.1217,2162,0
IWM190913P156,2019-09-12,2019-09-12 09:48:30,0.88,1.1282,8,0.86,1.1025,66,0.85,1.0897,3,0.87,1.1153,2162,0
IWM190913P156,2019-09-12,2019-09-12 09:48:30,0.89,1.141,192,0.85,1.0897,95,0.85,1.0897,3,0.87,1.1153,2162,0
IWM190913P156,2019-09-12,2019-09-12 09:48:31,0.88,1.1282,8,0.86,1.1025,66,0.85,1.0897,3,0.87,1.1153,2162,0
IWM190913P156,2019-09-12,2019-09-12 09:48:31,0.89,1.141,14,0.88,1.1282,18,0.85,1.0897,3,0.885,1.1346,2162,0
IWM190913P156,2019-09-12,2019-09-12 09:48:32,0.9,1.1538,36,0.88,1.1282,29,0.85,1.0897,3,0.89,1.141,2162,0
IWM190913P156,2019-09-12,2019-09-12 09:48:32,0.92,1.1794,35,0.88,1.1282,82,0.85,1.0897,3,0.9,1.1538,2162,0
IWM190913P156,2019-09-12,2019-09-12 09:48:33,0.92,1.1794,35,0.9,1.1538,18,0.85,1.0897,3,0.91,1.1666,2162,0
IWM190913P156,2019-09-12,2019-09-12 09:48:33,0.92,1.1794,3,0.9,1.1538,34,0.85,1.0897,3,0.91,1.1666,2162,0
IWM190913P156,2019-09-12,2019-09-12 09:48:34,0.92,1.1794,20,0.9,1.1538,34,0.85,1.0897,3,0.91,1.1666,2162,0
IWM190913P156,2019-09-12,2019-09-12 09:48:34,0.92,1.1794,20,0.9,1.1538,13,0.91,1.1666,10,0.91,1.1666,2172,10
IWM190913P156,2019-09-12,2019-09-12 09:48:35,0.92,1.1794,11,0.91,1.1666,55,0.92,1.1794,15,0.915,1.173,2188,16
IWM190913P156,2019-09-12,2019-09-12 09:48:35,0.93,1.1923,19,0.91,1.1666,34,0.92,1.1794,15,0.92,1.1794,2188,0
IWM190913P156,2019-09-12,2019-09-12 09:48:36,0.93,1.1923,14,0.91,1.1666,34,0.92,1.1794,15,0.92,1.1794,2188,0
IWM190913P156,2019-09-12,2019-09-12 09:48:36,0.93,1.1923,14,0.91,1.1666,76,0.92,1.1794,15,0.92,1.1794,2188,0
IWM190913P156,2019-09-12,2019-09-12 09:48:37,0.93,1.1923,11,0.92,1.1794,34,0.92,1.1794,15,0.925,1.1858,2188,0
IWM190913P156,2019-09-12,2019-09-12 09:48:37,0.94,1.2051,47,0.92,1.1794,34,0.92,1.1794,15,0.93,1.1923,2188,0
IWM190913P156,2019-09-12,2019-09-12 09:48:38,0.93,1.1923,19,0.91,1.1666,40,0.92,1.1794,15,0.92,1.1794,2188,0
IWM190913P156,2019-09-12,2019-09-12 09:48:38,0.93,1.1923,11,0.92,1.1794,34,0.92,1.1794,15,0.925,1.1858,2188,0
IWM190913P156,2019-09-12,2019-09-12 09:48:39,0.93,1.1923,6,0.91,1.1666,53,0.92,1.1794,15,0.92,1.1794,2188,0
IWM190913P156,2019-09-12,2019-09-12 09:48:39,0.93,1.1923,6,0.91,1.1666,63,0.92,1.1794,15,0.92,1.1794,2188,0
IWM190913P156,2019-09-12,2019-09-12 09:48:40,0.93,1.1923,6,0.91,1.1666,53,0.92,1.1794,15,0.92,1.1794,2188,0
IWM190913P156,2019-09-12,2019-09-12 09:48:40,0.93,1.1923,6,0.92,1.1794,18,0.92,1.1794,15,0.925,1.1858,2188,0
IWM190913P156,2019-09-12,2019-09-12 09:48:41,0.93,1.1923,18,0.91,1.1666,64,0.92,1.1794,15,0.92,1.1794,2188,0
IWM190913P156,2019-09-12,2019-09-12 09:48:41,0.94,1.2051,13,0.92,1.1794,13,0.92,1.1794,15,0.93,1.1923,2188,0
IWM190913P156,2019-09-12,2019-09-12 09:48:42,0.93,1.1923,5,0.91,1.1666,61,0.92,1.1794,15,0.92,1.1794,2188,0
IWM190913P156,2019-09-12,2019-09-12 09:48:42,0.93,1.1923,18,0.91,1.1666,50,0.92,1.1794,15,0.92,1.1794,2188,0
IWM190913P156,2019-09-12,2019-09-12 09:48:43,0.94,1.2051,49,0.91,1.1666,50,0.92,1.1794,15,0.925,1.1858,2188,0
IWM190913P156,2019-09-12,2019-09-12 09:48:44,0.93,1.1923,6,0.91,1.1666,60,0.92,1.1794,15,0.92,1.1794,2188,0
IWM190913P156,2019-09-12,2019-09-12 09:48:44,0.95,1.2179,6,0.92,1.1794,80,0.92,1.1794,15,0.935,1.1987,2188,0
IWM190913P156,2019-09-12,2019-09-12 09:48:45,0.95,1.2179,6,0.93,1.1923,48,0.92,1.1794,15,0.94,1.2051,2188,0
IWM190913P156,2019-09-12,2019-09-12 09:48:46,0.93,1.1923,26,0.91,1.1666,16,0.92,1.1794,15,0.92,1.1794,2188,0
IWM190913P156,2019-09-12,2019-09-12 09:48:46,0.94,1.2051,31,0.91,1.1666,64,0.92,1.1794,15,0.925,1.1858,2188,0
IWM190913P156,2019-09-12,2019-09-12 09:48:47,0.93,1.1923,34,0.91,1.1666,5,0.91,1.1666,10,0.92,1.1794,2198,10
IWM190913P156,2019-09-12,2019-09-12 09:48:47,0.93,1.1923,6,0.91,1.1666,35,0.92,1.1794,15,0.92,1.1794,2188,0
IWM190913P156,2019-09-12,2019-09-12 09:48:48,0.93,1.1923,19,0.91,1.1666,63,0.91,1.1666,10,0.92,1.1794,2198,0
IWM190913P156,2019-09-12,2019-09-12 09:48:48,0.93,1.1923,21,0.91,1.1666,34,0.91,1.1666,10,0.92,1.1794,2198,0
IWM190913P156,2019-09-12,2019-09-12 09:48:49,0.92,1.1794,71,0.9,1.1538,41,0.91,1.1666,10,0.91,1.1666,2198,0
IWM190913P156,2019-09-12,2019-09-12 09:48:49,0.93,1.1923,49,0.91,1.1666,50,0.91,1.1666,10,0.92,1.1794,2198,0
IWM190913P156,2019-09-12,2019-09-12 09:48:50,0.92,1.1794,14,0.9,1.1538,41,0.91,1.1666,10,0.91,1.1666,2198,0
IWM190913P156,2019-09-12,2019-09-12 09:48:51,0.92,1.1794,13,0.9,1.1538,54,0.91,1.1666,10,0.91,1.1666,2198,0
IWM190913P156,2019-09-12,2019-09-12 09:48:52,0.9,1.1538,14,0.88,1.1282,39,0.9,1.1538,13,0.89,1.141,2218,20
IWM190913P156,2019-09-12,2019-09-12 09:48:52,0.92,1.1794,14,0.9,1.1538,41,0.91,1.1666,10,0.91,1.1666,2198,0
IWM190913P156,2019-09-12,2019-09-12 09:48:53,0.92,1.1794,108,0.89,1.141,34,0.9,1.1538,13,0.905,1.1602,2218,0
IWM190913P156,2019-09-12,2019-09-12 09:48:53,0.92,1.1794,109,0.89,1.141,68,0.9,1.1538,13,0.905,1.1602,2218,0
IWM190913P156,2019-09-12,2019-09-12 09:48:54,0.92,1.1794,109,0.89,1.141,68,0.9,1.1538,13,0.905,1.1602,2218,0
IWM190913P156,2019-09-12,2019-09-12 09:48:54,0.92,1.1794,32,0.89,1.141,63,0.9,1.1538,13,0.905,1.1602,2218,0
IWM190913P156,2019-09-12,2019-09-12 09:48:55,0.91,1.1666,15,0.89,1.141,63,0.9,1.1538,13,0.9,1.1538,2218,0
IWM190913P156,2019-09-12,2019-09-12 09:48:55,0.92,1.1794,93,0.89,1.141,42,0.9,1.1538,13,0.905,1.1602,2218,0
IWM190913P156,2019-09-12,2019-09-12 09:48:56,0.92,1.1794,50,0.89,1.141,42,0.9,1.1538,13,0.905,1.1602,2218,0
IWM190913P156,2019-09-12,2019-09-12 09:48:56,0.92,1.1794,60,0.89,1.141,63,0.9,1.1538,13,0.905,1.1602,2218,0
IWM190913P156,2019-09-12,2019-09-12 09:48:57,0.92,1.1794,47,0.9,1.1538,59,0.9,1.1538,13,0.91,1.1666,2218,0
IWM190913P156,2019-09-12,2019-09-12 09:48:57,0.92,1.1794,47,0.9,1.1538,5,0.9,1.1538,13,0.91,1.1666,2218,0
IWM190913P156,2019-09-12,2019-09-12 09:48:58,0.92,1.1794,15,0.9,1.1538,63,0.9,1.1538,13,0.91,1.1666,2218,0
IWM190913P156,2019-09-12,2019-09-12 09:48:58,0.91,1.1666,14,0.89,1.141,50,0.9,1.1538,13,0.9,1.1538,2218,0
IWM190913P156,2019-09-12,2019-09-12 09:48:59,0.94,1.2051,20,0.91,1.1666,36,0.92,1.1794,1,0.925,1.1858,2234,15
IWM190913P156,2019-09-12,2019-09-12 09:48:59,0.92,1.1794,15,0.91,1.1666,5,0.92,1.1794,1,0.915,1.173,2219,1
IWM190913P156,2019-09-12,2019-09-12 09:49:01,0.95,1.2179,56,0.92,1.1794,46,0.92,1.1794,1,0.935,1.1987,2234,0
IWM190913P156,2019-09-12,2019-09-12 09:49:01,0.95,1.2179,18,0.92,1.1794,109,0.92,1.1794,1,0.935,1.1987,2234,0
IWM190913P156,2019-09-12,2019-09-12 09:49:02,0.95,1.2179,23,0.93,1.1923,5,0.92,1.1794,1,0.94,1.2051,2234,0
IWM190913P156,2019-09-12,2019-09-12 09:49:03,0.95,1.2179,14,0.93,1.1923,16,0.92,1.1794,1,0.94,1.2051,2234,0
IWM190913P156,2019-09-12,2019-09-12 09:49:03,0.95,1.2179,14,0.93,1.1923,34,0.92,1.1794,1,0.94,1.2051,2234,0
IWM190913P156,2019-09-12,2019-09-12 09:49:04,0.95,1.2179,31,0.92,1.1794,34,0.92,1.1794,1,0.935,1.1987,2234,0
IWM190913P156,2019-09-12,2019-09-12 09:49:04,0.95,1.2179,14,0.93,1.1923,18,0.92,1.1794,1,0.94,1.2051,2234,0
IWM190913P156,2019-09-12,2019-09-12 09:49:05,0.95,1.2179,14,0.93,1.1923,62,0.92,1.1794,1,0.94,1.2051,2234,0
IWM190913P156,2019-09-12,2019-09-12 09:49:06,0.95,1.2179,14,0.92,1.1794,34,0.94,1.2051,3,0.935,1.1987,2239,5
IWM190913P156,2019-09-12,2019-09-12 09:49:06,0.95,1.2179,18,0.93,1.1923,33,0.92,1.1794,1,0.94,1.2051,2234,0
IWM190913P156,2019-09-12,2019-09-12 09:49:07,0.96,1.2307,12,0.93,1.1923,46,0.94,1.2051,3,0.945,1.2115,2239,0
IWM190913P156,2019-09-12,2019-09-12 09:49:08,0.95,1.2179,20,0.92,1.1794,172,0.94,1.2051,3,0.935,1.1987,2239,0
IWM190913P156,2019-09-12,2019-09-12 09:49:08,0.95,1.2179,20,0.93,1.1923,5,0.94,1.2051,3,0.94,1.2051,2239,0
IWM190913P156,2019-09-12,2019-09-12 09:49:09,0.94,1.2051,13,0.93,1.1923,5,0.94,1.2051,3,0.935,1.1987,2239,0
IWM190913P156,2019-09-12,2019-09-12 09:49:09,0.94,1.2051,13,0.93,1.1923,16,0.94,1.2051,3,0.935,1.1987,2239,0
IWM190913P156,2019-09-12,2019-09-12 09:49:10,0.95,1.2179,14,0.93,1.1923,32,0.94,1.2051,3,0.94,1.2051,2239,0
IWM190913P156,2019-09-12,2019-09-12 09:49:11,0.95,1.2179,14,0.93,1.1923,32,0.94,1.2051,3,0.94,1.2051,2239,0
IWM190913P156,2019-09-12,2019-09-12 09:49:11,0.95,1.2179,14,0.93,1.1923,48,0.94,1.2051,3,0.94,1.2051,2239,0
IWM190913P156,2019-09-12,2019-09-12 09:49:12,0.95,1.2179,14,0.93,1.1923,52,0.94,1.2051,3,0.94,1.2051,2239,0
IWM190913P156,2019-09-12,2019-09-12 09:49:13,0.96,1.2307,185,0.93,1.1923,5,0.94,1.2051,3,0.945,1.2115,2239,0
IWM190913P156,2019-09-12,2019-09-12 09:49:13,0.94,1.2051,14,0.92,1.1794,21,0.94,1.2051,3,0.93,1.1923,2239,0
IWM190913P156,2019-09-12,2019-09-12 09:49:14,0.94,1.2051,14,0.92,1.1794,21,0.94,1.2051,3,0.93,1.1923,2239,0
IWM190913P156,2019-09-12,2019-09-12 09:49:14,0.94,1.2051,19,0.92,1.1794,21,0.94,1.2051,3,0.93,1.1923,2239,0
IWM190913P156,2019-09-12,2019-09-12 09:49:15,0.94,1.2051,90,0.91,1.1666,61,0.94,1.2051,3,0.925,1.1858,2239,0
IWM190913P156,2019-09-12,2019-09-12 09:49:15,0.93,1.1923,13,0.91,1.1666,23,0.94,1.2051,3,0.92,1.1794,2239,0
IWM190913P156,2019-09-12,2019-09-12 09:49:16,0.92,1.1794,19,0.9,1.1538,5,0.94,1.2051,3,0.91,1.1666,2239,0
IWM190913P156,2019-09-12,2019-09-12 09:49:16,0.93,1.1923,13,0.91,1.1666,20,0.94,1.2051,3,0.92,1.1794,2239,0
IWM190913P156,2019-09-12,2019-09-12 09:49:17,0.91,1.1666,14,0.89,1.141,18,0.94,1.2051,3,0.9,1.1538,2239,0
IWM190913P156,2019-09-12,2019-09-12 09:49:17,0.91,1.1666,19,0.89,1.141,13,0.94,1.2051,3,0.9,1.1538,2239,0
IWM190913P156,2019-09-12,2019-09-12 09:49:18,0.89,1.141,13,0.88,1.1282,5,0.94,1.2051,3,0.885,1.1346,2239,0
IWM190913P156,2019-09-12,2019-09-12 09:49:19,0.88,1.1282,13,0.87,1.1153,5,0.94,1.2051,3,0.875,1.1217,2239,0
IWM190913P156,2019-09-12,2019-09-12 09:49:19,0.89,1.141,21,0.87,1.1153,24,0.94,1.2051,3,0.88,1.1282,2239,0
IWM190913P156,2019-09-12,2019-09-12 09:49:20,0.89,1.141,47,0.87,1.1153,17,0.94,1.2051,3,0.88,1.1282,2239,0
IWM190913P156,2019-09-12,2019-09-12 09:49:20,0.89,1.141,31,0.87,1.1153,21,0.94,1.2051,3,0.88,1.1282,2239,0
IWM190913P156,2019-09-12,2019-09-12 09:49:21,0.89,1.141,27,0.87,1.1153,9,0.94,1.2051,3,0.88,1.1282,2239,0
IWM190913P156,2019-09-12,2019-09-12 09:49:21,0.89,1.141,35,0.87,1.1153,6,0.94,1.2051,3,0.88,1.1282,2239,0
IWM190913P156,2019-09-12,2019-09-12 09:49:22,0.91,1.1666,37,0.88,1.1282,46,0.94,1.2051,3,0.895,1.1474,2239,0
IWM190913P156,2019-09-12,2019-09-12 09:49:22,0.91,1.1666,21,0.89,1.141,30,0.94,1.2051,3,0.9,1.1538,2239,0
IWM190913P156,2019-09-12,2019-09-12 09:49:23,0.92,1.1794,56,0.89,1.141,59,0.94,1.2051,3,0.905,1.1602,2239,0
IWM190913P156,2019-09-12,2019-09-12 09:49:23,0.92,1.1794,34,0.89,1.141,30,0.94,1.2051,3,0.905,1.1602,2239,0
IWM190913P156,2019-09-12,2019-09-12 09:49:24,0.94,1.2051,47,0.91,1.1666,76,0.92,1.1794,1,0.925,1.1858,2242,3
IWM190913P156,2019-09-12,2019-09-12 09:49:24,0.92,1.1794,63,0.89,1.141,89,0.94,1.2051,3,0.905,1.1602,2239,0
IWM190913P156,2019-09-12,2019-09-12 09:49:25,0.94,1.2051,16,0.92,1.1794,54,0.92,1.1794,1,0.93,1.1923,2242,0
IWM190913P156,2019-09-12,2019-09-12 09:49:25,0.95,1.2179,111,0.92,1.1794,64,0.92,1.1794,1,0.935,1.1987,2242,0
IWM190913P156,2019-09-12,2019-09-12 09:49:26,0.95,1.2179,31,0.93,1.1923,59,0.92,1.1794,1,0.94,1.2051,2242,0
IWM190913P156,2019-09-12,2019-09-12 09:49:26,0.95,1.2179,95,0.93,1.1923,42,0.92,1.1794,1,0.94,1.2051,2242,0
IWM190913P156,2019-09-12,2019-09-12 09:49:27,0.95,1.2179,95,0.93,1.1923,42,0.92,1.1794,1,0.94,1.2051,2242,0
IWM190913P156,2019-09-12,2019-09-12 09:49:28,0.95,1.2179,59,0.92,1.1794,59,0.92,1.1794,1,0.935,1.1987,2242,0
IWM190913P156,2019-09-12,2019-09-12 09:49:28,0.95,1.2179,78,0.93,1.1923,5,0.92,1.1794,1,0.94,1.2051,2242,0
IWM190913P156,2019-09-12,2019-09-12 09:49:29,0.95,1.2179,59,0.93,1.1923,44,0.92,1.1794,1,0.94,1.2051,2242,0
IWM190913P156,2019-09-12,2019-09-12 09:49:29,0.95,1.2179,35,0.93,1.1923,44,0.92,1.1794,1,0.94,1.2051,2242,0
IWM190913P156,2019-09-12,2019-09-12 09:49:30,0.95,1.2179,35,0.93,1.1923,44,0.92,1.1794,1,0.94,1.2051,2242,0
IWM190913P156,2019-09-12,2019-09-12 09:49:30,0.95,1.2179,82,0.92,1.1794,75,0.92,1.1794,1,0.935,1.1987,2242,0
IWM190913P156,2019-09-12,2019-09-12 09:49:31,0.94,1.2051,7,0.93,1.1923,13,0.92,1.1794,1,0.935,1.1987,2242,0
IWM190913P156,2019-09-12,2019-09-12 09:49:31,0.95,1.2179,82,0.92,1.1794,75,0.92,1.1794,1,0.935,1.1987,2242,0
IWM190913P156,2019-09-12,2019-09-12 09:49:32,0.95,1.2179,33,0.92,1.1794,50,0.92,1.1794,1,0.935,1.1987,2242,0
IWM190913P156,2019-09-12,2019-09-12 09:49:32,0.94,1.2051,7,0.93,1.1923,59,0.92,1.1794,1,0.935,1.1987,2242,0
IWM190913P156,2019-09-12,2019-09-12 09:49:33,0.95,1.2179,74,0.92,1.1794,35,0.92,1.1794,1,0.935,1.1987,2242,0
IWM190913P156,2019-09-12,2019-09-12 09:49:33,0.95,1.2179,65,0.93,1.1923,18,0.92,1.1794,1,0.94,1.2051,2242,0
IWM190913P156,2019-09-12,2019-09-12 09:49:34,0.95,1.2179,2,0.93,1.1923,59,0.92,1.1794,1,0.94,1.2051,2242,0
IWM190913P156,2019-09-12,2019-09-12 09:49:34,0.95,1.2179,2,0.93,1.1923,34,0.92,1.1794,1,0.94,1.2051,2242,0
IWM190913P156,2019-09-12,2019-09-12 09:49:35,0.95,1.2179,2,0.93,1.1923,58,0.92,1.1794,1,0.94,1.2051,2242,0
IWM190913P156,2019-09-12,2019-09-12 09:49:36,0.95,1.2179,89,0.92,1.1794,58,0.92,1.1794,1,0.935,1.1987,2242,0
IWM190913P156,2019-09-12,2019-09-12 09:49:36,0.94,1.2051,17,0.92,1.1794,18,0.92,1.1794,1,0.93,1.1923,2242,0
IWM190913P156,2019-09-12,2019-09-12 09:49:37,0.95,1.2179,23,0.93,1.1923,5,0.92,1.1794,1,0.94,1.2051,2242,0
IWM190913P156,2019-09-12,2019-09-12 09:49:37,0.95,1.2179,69,0.93,1.1923,5,0.92,1.1794,1,0.94,1.2051,2242,0
IWM190913P156,2019-09-12,2019-09-12 09:49:38,0.95,1.2179,23,0.93,1.1923,5,0.92,1.1794,1,0.94,1.2051,2242,0
IWM190913P156,2019-09-12,2019-09-12 09:49:39,0.95,1.2179,60,0.92,1.1794,58,0.92,1.1794,1,0.935,1.1987,2242,0
IWM190913P156,2019-09-12,2019-09-12 09:49:39,0.93,1.1923,32,0.91,1.1666,5,0.92,1.1794,1,0.92,1.1794,2242,0
IWM190913P156,2019-09-12,2019-09-12 09:49:40,0.93,1.1923,48,0.9,1.1538,34,0.92,1.1794,1,0.915,1.173,2242,0
IWM190913P156,2019-09-12,2019-09-12 09:49:40,0.93,1.1923,6,0.92,1.1794,94,0.92,1.1794,1,0.925,1.1858,2242,0
IWM190913P156,2019-09-12,2019-09-12 09:49:41,0.95,1.2179,53,0.92,1.1794,120,0.92,1.1794,1,0.935,1.1987,2242,0
IWM190913P156,2019-09-12,2019-09-12 09:49:41,0.95,1.2179,66,0.92,1.1794,120,0.92,1.1794,1,0.935,1.1987,2242,0
IWM190913P156,2019-09-12,2019-09-12 09:49:42,0.95,1.2179,23,0.93,1.1923,113,0.93,1.1923,1,0.94,1.2051,2244,0
IWM190913P156,2019-09-12,2019-09-12 09:49:42,0.95,1.2179,23,0.93,1.1923,113,0.93,1.1923,1,0.94,1.2051,2244,2
IWM190913P156,2019-09-12,2019-09-12 09:49:43,0.95,1.2179,54,0.92,1.1794,102,0.93,1.1923,1,0.935,1.1987,2244,0
IWM190913P156,2019-09-12,2019-09-12 09:49:43,0.95,1.2179,23,0.93,1.1923,113,0.93,1.1923,1,0.94,1.2051,2244,0
IWM190913P156,2019-09-12,2019-09-12 09:49:44,0.94,1.2051,26,0.92,1.1794,102,0.93,1.1923,1,0.93,1.1923,2244,0
IWM190913P156,2019-09-12,2019-09-12 09:49:44,0.94,1.2051,26,0.92,1.1794,27,0.93,1.1923,1,0.93,1.1923,2244,0
IWM190913P156,2019-09-12,2019-09-12 09:49:45,0.93,1.1923,20,0.91,1.1666,28,0.93,1.1923,1,0.92,1.1794,2244,0
IWM190913P156,2019-09-12,2019-09-12 09:49:45,0.94,1.2051,26,0.92,1.1794,102,0.93,1.1923,1,0.93,1.1923,2244,0
IWM190913P156,2019-09-12,2019-09-12 09:49:46,0.93,1.1923,30,0.91,1.1666,6,0.93,1.1923,1,0.92,1.1794,2244,0
IWM190913P156,2019-09-12,2019-09-12 09:49:47,0.94,1.2051,5,0.91,1.1666,6,0.95,1.2179,2,0.925,1.1858,2246,2
IWM190913P156,2019-09-12,2019-09-12 09:49:47,0.94,1.2051,5,0.92,1.1794,15,0.95,1.2179,2,0.93,1.1923,2246,0
IWM190913P156,2019-09-12,2019-09-12 09:49:48,0.97,1.2435,26,0.95,1.2179,75,0.95,1.2179,2,0.96,1.2307,2246,0
IWM190913P156,2019-09-12,2019-09-12 09:49:48,0.97,1.2435,10,0.94,1.2051,35,0.95,1.2179,2,0.955,1.2243,2246,0
IWM190913P156,2019-09-12,2019-09-12 09:49:49,0.98,1.2564,32,0.96,1.2307,66,0.97,1.2435,6,0.97,1.2435,2256,0
IWM190913P156,2019-09-12,2019-09-12 09:49:49,0.99,1.2692,74,0.97,1.2435,21,0.97,1.2435,6,0.98,1.2564,2256,10
IWM190913P156,2019-09-12,2019-09-12 09:49:50,0.97,1.2435,10,0.95,1.2179,13,0.97,1.2435,6,0.96,1.2307,2256,0
IWM190913P156,2019-09-12,2019-09-12 09:49:50,0.98,1.2564,106,0.95,1.2179,13,0.97,1.2435,6,0.965,1.2371,2256,0
IWM190913P156,2019-09-12,2019-09-12 09:49:51,0.96,1.2307,7,0.94,1.2051,38,0.95,1.2179,1,0.95,1.2179,2257,1
IWM190913P156,2019-09-12,2019-09-12 09:49:51,0.97,1.2435,82,0.95,1.2179,1,0.97,1.2435,6,0.96,1.2307,2256,0
IWM190913P156,2019-09-12,2019-09-12 09:49:52,0.96,1.2307,4,0.94,1.2051,20,0.95,1.2179,1,0.95,1.2179,2257,0
IWM190913P156,2019-09-12,2019-09-12 09:49:52,0.96,1.2307,89,0.93,1.1923,51,0.95,1.2179,1,0.945,1.2115,2257,0
IWM190913P156,2019-09-12,2019-09-12 09:49:53,0.97,1.2435,85,0.94,1.2051,20,0.95,1.2179,1,0.955,1.2243,2257,0
IWM190913P156,2019-09-12,2019-09-12 09:49:54,0.97,1.2435,101,0.94,1.2051,20,0.95,1.2179,1,0.955,1.2243,2257,0
IWM190913P156,2019-09-12,2019-09-12 09:49:54,0.97,1.2435,93,0.94,1.2051,20,0.95,1.2179,1,0.955,1.2243,2257,0
IWM190913P156,2019-09-12,2019-09-12 09:49:55,0.97,1.2435,74,0.94,1.2051,23,0.95,1.2179,1,0.955,1.2243,2257,0
IWM190913P156,2019-09-12,2019-09-12 09:49:56,0.98,1.2564,95,0.94,1.2051,23,0.95,1.2179,1,0.96,1.2307,2257,0
IWM190913P156,2019-09-12,2019-09-12 09:49:56,0.96,1.2307,13,0.94,1.2051,13,0.95,1.2179,1,0.95,1.2179,2257,0
IWM190913P156,2019-09-12,2019-09-12 09:49:57,0.96,1.2307,87,0.94,1.2051,18,0.95,1.2179,1,0.95,1.2179,2257,0
IWM190913P156,2019-09-12,2019-09-12 09:49:57,0.96,1.2307,44,0.94,1.2051,18,0.95,1.2179,1,0.95,1.2179,2257,0
IWM190913P156,2019-09-12,2019-09-12 09:49:58,0.96,1.2307,21,0.94,1.2051,13,0.95,1.2179,1,0.95,1.2179,2257,0
IWM190913P156,2019-09-12,2019-09-12 09:49:58,0.96,1.2307,92,0.93,1.1923,21,0.95,1.2179,1,0.945,1.2115,2257,0
IWM190913P156,2019-09-12,2019-09-12 09:49:59,0.95,1.2179,13,0.93,1.1923,13,0.95,1.2179,1,0.94,1.2051,2257,0
IWM190913P156,2019-09-12,2019-09-12 09:49:59,0.95,1.2179,14,0.93,1.1923,20,0.95,1.2179,1,0.94,1.2051,2257,0
IWM190913P156,2019-09-12,2019-09-12 09:50:00,0.95,1.2179,20,0.93,1.1923,45,0.95,1.2179,1,0.94,1.2051,2257,0
IWM190913P156,2019-09-12,2019-09-12 09:50:00,0.95,1.2179,20,0.93,1.1923,42,0.95,1.2179,1,0.94,1.2051,2257,0
IWM190913P156,2019-09-12,2019-09-12 09:50:01,0.95,1.2179,20,0.93,1.1923,45,0.95,1.2179,1,0.94,1.2051,2257,0
IWM190913P156,2019-09-12,2019-09-12 09:50:01,0.96,1.2307,14,0.94,1.2051,20,0.95,1.2179,1,0.95,1.2179,2257,0
IWM190913P156,2019-09-12,2019-09-12 09:50:02,0.97,1.2435,36,0.94,1.2051,20,0.95,1.2179,1,0.955,1.2243,2257,0
IWM190913P156,2019-09-12,2019-09-12 09:50:02,0.97,1.2435,13,0.96,1.2307,13,0.95,1.2179,1,0.965,1.2371,2257,0
IWM190913P156,2019-09-12,2019-09-12 09:50:03,0.97,1.2435,13,0.95,1.2179,59,0.95,1.2179,1,0.96,1.2307,2257,0
IWM190913P156,2019-09-12,2019-09-12 09:50:04,0.97,1.2435,26,0.94,1.2051,23,0.95,1.2179,1,0.955,1.2243,2257,0
IWM190913P156,2019-09-12,2019-09-12 09:50:04,0.95,1.2179,10,0.93,1.1923,56,0.95,1.2179,1,0.94,1.2051,2257,0
IWM190913P156,2019-09-12,2019-09-12 09:50:05,0.95,1.2179,58,0.92,1.1794,53,0.95,1.2179,1,0.935,1.1987,2257,0
IWM190913P156,2019-09-12,2019-09-12 09:50:05,0.95,1.2179,15,0.93,1.1923,13,0.95,1.2179,1,0.94,1.2051,2257,0
IWM190913P156,2019-09-12,2019-09-12 09:50:06,0.95,1.2179,10,0.93,1.1923,55,0.95,1.2179,1,0.94,1.2051,2257,0
IWM190913P156,2019-09-12,2019-09-12 09:50:06,0.96,1.2307,8,0.93,1.1923,60,0.95,1.2179,1,0.945,1.2115,2257,0
IWM190913P156,2019-09-12,2019-09-12 09:50:07,0.97,1.2435,95,0.94,1.2051,32,0.95,1.2179,1,0.955,1.2243,2257,0
IWM190913P156,2019-09-12,2019-09-12 09:50:07,0.97,1.2435,35,0.93,1.1923,60,0.95,1.2179,1,0.95,1.2179,2257,0
IWM190913P156,2019-09-12,2019-09-12 09:50:08,0.97,1.2435,102,0.94,1.2051,37,0.95,1.2179,1,0.955,1.2243,2257,0
IWM190913P156,2019-09-12,2019-09-12 09:50:09,0.98,1.2564,14,0.97,1.2435,14,0.97,1.2435,2,0.975,1.25,2259,2
IWM190913P156,2019-09-12,2019-09-12 09:50:09,0.98,1.2564,14,0.96,1.2307,19,0.95,1.2179,1,0.97,1.2435,2257,0
IWM190913P156,2019-09-12,2019-09-12 09:50:10,0.99,1.2692,111,0.96,1.2307,18,0.97,1.2435,2,0.975,1.25,2259,0
IWM190913P156,2019-09-12,2019-09-12 09:50:10,0.98,1.2564,14,0.96,1.2307,18,0.97,1.2435,2,0.97,1.2435,2259,0
IWM190913P156,2019-09-12,2019-09-12 09:50:11,0.98,1.2564,40,0.96,1.2307,18,0.97,1.2435,2,0.97,1.2435,2259,0
IWM190913P156,2019-09-12,2019-09-12 09:50:12,0.97,1.2435,14,0.95,1.2179,63,0.97,1.2435,2,0.96,1.2307,2259,0
IWM190913P156,2019-09-12,2019-09-12 09:50:12,0.99,1.2692,35,0.96,1.2307,29,0.97,1.2435,2,0.975,1.25,2259,0
IWM190913P156,2019-09-12,2019-09-12 09:50:13,0.98,1.2564,38,0.95,1.2179,55,0.97,1.2435,2,0.965,1.2371,2259,0
IWM190913P156,2019-09-12,2019-09-12 09:50:13,0.97,1.2435,13,0.95,1.2179,43,0.97,1.2435,2,0.96,1.2307,2259,0
IWM190913P156,2019-09-12,2019-09-12 09:50:14,0.95,1.2179,9,0.94,1.2051,20,0.97,1.2435,2,0.945,1.2115,2259,0
IWM190913P156,2019-09-12,2019-09-12 09:50:14,0.95,1.2179,9,0.94,1.2051,13,0.97,1.2435,2,0.945,1.2115,2259,0
IWM190913P156,2019-09-12,2019-09-12 09:50:15,0.96,1.2307,63,0.94,1.2051,21,0.97,1.2435,2,0.95,1.2179,2259,0
IWM190913P156,2019-09-12,2019-09-12 09:50:15,0.96,1.2307,36,0.94,1.2051,84,0.97,1.2435,2,0.95,1.2179,2259,0
IWM190913P156,2019-09-12,2019-09-12 09:50:16,0.96,1.2307,21,0.94,1.2051,42,0.97,1.2435,2,0.95,1.2179,2259,0
IWM190913P156,2019-09-12,2019-09-12 09:50:16,0.96,1.2307,14,0.95,1.2179,13,0.97,1.2435,2,0.955,1.2243,2259,0
IWM190913P156,2019-09-12,2019-09-12 09:50:17,0.96,1.2307,14,0.95,1.2179,13,0.97,1.2435,2,0.955,1.2243,2259,0
IWM190913P156,2019-09-12,2019-09-12 09:50:17,0.97,1.2435,57,0.95,1.2179,4,0.97,1.2435,2,0.96,1.2307,2259,0
IWM190913P156,2019-09-12,2019-09-12 09:50:18,0.97,1.2435,88,0.95,1.2179,4,0.97,1.2435,2,0.96,1.2307,2259,0
IWM190913P156,2019-09-12,2019-09-12 09:50:18,0.97,1.2435,28,0.95,1.2179,38,0.97,1.2435,2,0.96,1.2307,2259,0
IWM190913P156,2019-09-12,2019-09-12 09:50:19,0.97,1.2435,28,0.95,1.2179,20,0.97,1.2435,2,0.96,1.2307,2259,0
IWM190913P156,2019-09-12,2019-09-12 09:50:19,0.97,1.2435,83,0.95,1.2179,20,0.97,1.2435,2,0.96,1.2307,2259,0
IWM190913P156,2019-09-12,2019-09-12 09:50:20,0.98,1.2564,14,0.96,1.2307,39,0.97,1.2435,2,0.97,1.2435,2259,0
IWM190913P156,2019-09-12,2019-09-12 09:50:20,0.98,1.2564,70,0.95,1.2179,57,0.97,1.2435,2,0.965,1.2371,2259,0
IWM190913P156,2019-09-12,2019-09-12 09:50:21,0.98,1.2564,70,0.95,1.2179,42,0.97,1.2435,2,0.965,1.2371,2259,0
IWM190913P156,2019-09-12,2019-09-12 09:50:21,0.96,1.2307,14,0.95,1.2179,37,0.97,1.2435,2,0.955,1.2243,2259,0
IWM190913P156,2019-09-12,2019-09-12 09:50:22,0.96,1.2307,14,0.95,1.2179,29,0.97,1.2435,2,0.955,1.2243,2259,0
IWM190913P156,2019-09-12,2019-09-12 09:50:22,0.98,1.2564,24,0.95,1.2179,34,0.97,1.2435,2,0.965,1.2371,2259,0
IWM190913P156,2019-09-12,2019-09-12 09:50:23,0.98,1.2564,50,0.96,1.2307,37,0.97,1.2435,2,0.97,1.2435,2259,0
IWM190913P156,2019-09-12,2019-09-12 09:50:23,0.98,1.2564,50,0.96,1.2307,42,0.97,1.2435,2,0.97,1.2435,2259,0
IWM190913P156,2019-09-12,2019-09-12 09:50:24,0.97,1.2435,26,0.95,1.2179,37,0.97,1.2435,2,0.96,1.2307,2259,0
IWM190913P156,2019-09-12,2019-09-12 09:50:24,0.96,1.2307,13,0.95,1.2179,29,0.97,1.2435,2,0.955,1.2243,2259,0
IWM190913P156,2019-09-12,2019-09-12 09:50:25,0.98,1.2564,26,0.96,1.2307,34,0.97,1.2435,2,0.97,1.2435,2259,0
IWM190913P156,2019-09-12,2019-09-12 09:50:25,0.98,1.2564,14,0.96,1.2307,54,0.97,1.2435,2,0.97,1.2435,2259,0
IWM190913P156,2019-09-12,2019-09-12 09:50:26,0.99,1.2692,14,0.97,1.2435,54,0.97,1.2435,2,0.98,1.2564,2259,0
IWM190913P156,2019-09-12,2019-09-12 09:50:27,0.99,1.2692,14,0.97,1.2435,34,0.97,1.2435,2,0.98,1.2564,2259,0
IWM190913P156,2019-09-12,2019-09-12 09:50:27,0.99,1.2692,28,0.97,1.2435,52,0.97,1.2435,2,0.98,1.2564,2259,0
IWM190913P156,2019-09-12,2019-09-12 09:50:28,0.98,1.2564,14,0.96,1.2307,56,0.97,1.2435,2,0.97,1.2435,2259,0
IWM190913P156,2019-09-12,2019-09-12 09:50:29,0.98,1.2564,14,0.96,1.2307,67,0.97,1.2435,2,0.97,1.2435,2259,0
IWM190913P156,2019-09-12,2019-09-12 09:50:29,0.98,1.2564,24,0.96,1.2307,67,0.97,1.2435,2,0.97,1.2435,2259,0
IWM190913P156,2019-09-12,2019-09-12 09:50:30,0.98,1.2564,24,0.96,1.2307,67,0.97,1.2435,2,0.97,1.2435,2259,0
IWM190913P156,2019-09-12,2019-09-12 09:50:31,0.98,1.2564,24,0.96,1.2307,67,0.97,1.2435,2,0.97,1.2435,2259,0
IWM190913P156,2019-09-12,2019-09-12 09:50:31,0.98,1.2564,24,0.97,1.2435,1,0.97,1.2435,10,0.975,1.25,2269,10
IWM190913P156,2019-09-12,2019-09-12 09:50:32,0.98,1.2564,14,0.96,1.2307,66,0.97,1.2435,10,0.97,1.2435,2269,0
IWM190913P156,2019-09-12,2019-09-12 09:50:32,1.0,1.282,32,0.98,1.2564,18,0.97,1.2435,10,0.99,1.2692,2269,0
IWM190913P156,2019-09-12,2019-09-12 09:50:33,1.0,1.282,32,0.98,1.2564,74,0.97,1.2435,10,0.99,1.2692,2269,0
IWM190913P156,2019-09-12,2019-09-12 09:50:33,1.0,1.282,20,0.98,1.2564,57,0.98,1.2564,1,0.99,1.2692,2270,1
IWM190913P156,2019-09-12,2019-09-12 09:50:34,0.99,1.2692,14,0.98,1.2564,53,0.98,1.2564,1,0.985,1.2628,2270,0
IWM190913P156,2019-09-12,2019-09-12 09:50:34,1.0,1.282,20,0.98,1.2564,53,0.98,1.2564,1,0.99,1.2692,2270,0
IWM190913P156,2019-09-12,2019-09-12 09:50:35,1.0,1.282,20,0.98,1.2564,53,0.98,1.2564,1,0.99,1.2692,2270,0
IWM190913P156,2019-09-12,2019-09-12 09:50:35,1.0,1.282,20,0.99,1.2692,18,0.98,1.2564,1,0.995,1.2756,2270,0
IWM190913P156,2019-09-12,2019-09-12 09:50:36,1.01,1.2948,14,1.0,1.282,13,1.0,1.282,1,1.005,1.2884,2291,21
IWM190913P156,2019-09-12,2019-09-12 09:50:36,1.0,1.282,20,0.99,1.2692,18,0.98,1.2564,1,0.995,1.2756,2270,0
IWM190913P156,2019-09-12,2019-09-12 09:50:37,1.0,1.282,29,0.98,1.2564,29,1.0,1.282,1,0.99,1.2692,2292,0
IWM190913P156,2019-09-12,2019-09-12 09:50:37,1.0,1.282,29,0.98,1.2564,29,1.0,1.282,1,0.99,1.2692,2292,1
IWM190913P156,2019-09-12,2019-09-12 09:50:38,0.98,1.2564,11,0.96,1.2307,16,1.0,1.282,1,0.97,1.2435,2292,0
IWM190913P156,2019-09-12,2019-09-12 09:50:38,1.0,1.282,29,0.98,1.2564,29,1.0,1.282,1,0.99,1.2692,2292,0
IWM190913P156,2019-09-12,2019-09-12 09:50:39,0.98,1.2564,23,0.96,1.2307,16,0.96,1.2307,1,0.97,1.2435,2309,17
IWM190913P156,2019-09-12,2019-09-12 09:50:39,0.96,1.2307,1,0.95,1.2179,34,0.96,1.2307,1,0.955,1.2243,2309,0
IWM190913P156,2019-09-12,2019-09-12 09:50:40,0.97,1.2435,25,0.95,1.2179,53,0.96,1.2307,1,0.96,1.2307,2309,0
IWM190913P156,2019-09-12,2019-09-12 09:50:40,0.97,1.2435,3,0.95,1.2179,34,0.96,1.2307,1,0.96,1.2307,2309,0
IWM190913P156,2019-09-12,2019-09-12 09:50:41,0.97,1.2435,42,0.95,1.2179,34,0.96,1.2307,1,0.96,1.2307,2309,0
IWM190913P156,2019-09-12,2019-09-12 09:50:41,0.97,1.2435,3,0.95,1.2179,44,0.96,1.2307,1,0.96,1.2307,2309,0
IWM190913P156,2019-09-12,2019-09-12 09:50:42,1.0,1.282,24,0.98,1.2564,18,0.96,1.2307,1,0.99,1.2692,2310,0
IWM190913P156,2019-09-12,2019-09-12 09:50:42,0.99,1.2692,27,0.97,1.2435,34,0.96,1.2307,1,0.98,1.2564,2310,1
IWM190913P156,2019-09-12,2019-09-12 09:50:43,1.0,1.282,44,0.98,1.2564,25,0.96,1.2307,1,0.99,1.2692,2310,0
IWM190913P156,2019-09-12,2019-09-12 09:50:43,1.0,1.282,44,0.98,1.2564,21,0.96,1.2307,1,0.99,1.2692,2310,0
IWM190913P156,2019-09-12,2019-09-12 09:50:44,1.0,1.282,47,0.98,1.2564,21,0.96,1.2307,1,0.99,1.2692,2310,0
IWM190913P156,2019-09-12,2019-09-12 09:50:44,1.0,1.282,36,0.98,1.2564,34,0.96,1.2307,1,0.99,1.2692,2310,0
IWM190913P156,2019-09-12,2019-09-12 09:50:45,1.0,1.282,73,0.98,1.2564,34,0.96,1.2307,1,0.99,1.2692,2310,0
IWM190913P156,2019-09-12,2019-09-12 09:50:45,1.0,1.282,73,0.98,1.2564,21,0.96,1.2307,1,0.99,1.2692,2310,0
IWM190913P156,2019-09-12,2019-09-12 09:50:46,1.0,1.282,60,0.98,1.2564,34,0.96,1.2307,1,0.99,1.2692,2310,0
IWM190913P156,2019-09-12,2019-09-12 09:50:46,1.0,1.282,73,0.98,1.2564,34,0.96,1.2307,1,0.99,1.2692,2310,0
IWM190913P156,2019-09-12,2019-09-12 09:50:47,1.0,1.282,73,0.98,1.2564,16,0.96,1.2307,1,0.99,1.2692,2310,0
IWM190913P156,2019-09-12,2019-09-12 09:50:47,1.0,1.282,36,0.98,1.2564,57,0.96,1.2307,1,0.99,1.2692,2310,0
IWM190913P156,2019-09-12,2019-09-12 09:50:48,1.01,1.2948,39,0.99,1.2692,16,0.96,1.2307,1,1.0,1.282,2310,0
IWM190913P156,2019-09-12,2019-09-12 09:50:48,1.01,1.2948,14,0.99,1.2692,52,0.96,1.2307,1,1.0,1.282,2310,0
IWM190913P156,2019-09-12,2019-09-12 09:50:49,1.01,1.2948,76,0.98,1.2564,76,0.96,1.2307,1,0.995,1.2756,2310,0
IWM190913P156,2019-09-12,2019-09-12 09:50:49,1.0,1.282,11,0.98,1.2564,40,0.96,1.2307,1,0.99,1.2692,2310,0
IWM190913P156,2019-09-12,2019-09-12 09:50:50,1.0,1.282,11,0.98,1.2564,45,0.96,1.2307,1,0.99,1.2692,2310,0
IWM190913P156,2019-09-12,2019-09-12 09:50:50,0.99,1.2692,8,0.98,1.2564,29,0.96,1.2307,1,0.985,1.2628,2310,0
IWM190913P156,2019-09-12,2019-09-12 09:50:51,0.99,1.2692,8,0.97,1.2435,35,0.96,1.2307,1,0.98,1.2564,2310,0
IWM190913P156,2019-09-12,2019-09-12 09:50:52,0.99,1.2692,25,0.96,1.2307,30,0.96,1.2307,1,0.975,1.25,2310,0
IWM190913P156,2019-09-12,2019-09-12 09:50:52,0.99,1.2692,25,0.97,1.2435,30,0.96,1.2307,1,0.98,1.2564,2310,0
IWM190913P156,2019-09-12,2019-09-12 09:50:53,1.0,1.282,48,0.97,1.2435,79,0.96,1.2307,1,0.985,1.2628,2310,0
IWM190913P156,2019-09-12,2019-09-12 09:50:53,1.0,1.282,48,0.97,1.2435,44,0.96,1.2307,1,0.985,1.2628,2310,0
IWM190913P156,2019-09-12,2019-09-12 09:50:54,1.0,1.282,11,0.98,1.2564,42,0.96,1.2307,1,0.99,1.2692,2310,0
IWM190913P156,2019-09-12,2019-09-12 09:50:54,1.0,1.282,72,0.97,1.2435,110,0.96,1.2307,1,0.985,1.2628,2310,0
IWM190913P156,2019-09-12,2019-09-12 09:50:55,1.0,1.282,11,0.98,1.2564,42,0.96,1.2307,1,0.99,1.2692,2310,0
IWM190913P156,2019-09-12,2019-09-12 09:50:55,1.0,1.282,43,0.97,1.2435,52,0.96,1.2307,1,0.985,1.2628,2310,0
IWM190913P156,2019-09-12,2019-09-12 09:50:56,0.98,1.2564,11,0.96,1.2307,47,0.96,1.2307,1,0.97,1.2435,2310,0
IWM190913P156,2019-09-12,2019-09-12 09:50:56,0.98,1.2564,11,0.96,1.2307,86,0.96,1.2307,1,0.97,1.2435,2310,0
IWM190913P156,2019-09-12,2019-09-12 09:50:57,1.01,1.2948,13,0.99,1.2692,47,0.99,1.2692,1,1.0,1.282,2311,1
IWM190913P156,2019-09-12,2019-09-12 09:50:57,1.01,1.2948,4,0.99,1.2692,63,0.99,1.2692,1,1.0,1.282,2311,0
IWM190913P156,2019-09-12,2019-09-12 09:50:58,1.01,1.2948,14,0.99,1.2692,46,0.99,1.2692,1,1.0,1.282,2311,0
IWM190913P156,2019-09-12,2019-09-12 09:50:58,1.01,1.2948,41,0.99,1.2692,46,0.99,1.2692,1,1.0,1.282,2311,0
IWM190913P156,2019-09-12,2019-09-12 09:50:59,1.01,1.2948,14,0.99,1.2692,46,0.99,1.2692,1,1.0,1.282,2311,0
IWM190913P156,2019-09-12,2019-09-12 09:50:59,1.01,1.2948,14,1.0,1.282,13,0.99,1.2692,1,1.005,1.2884,2311,0
IWM190913P156,2019-09-12,2019-09-12 09:51:00,1.01,1.2948,11,1.0,1.282,29,0.99,1.2692,1,1.005,1.2884,2311,0
IWM190913P156,2019-09-12,2019-09-12 09:51:00,1.03,1.3205,69,1.0,1.282,86,0.99,1.2692,1,1.015,1.3012,2311,0
IWM190913P156,2019-09-12,2019-09-12 09:51:01,1.02,1.3076,54,0.99,1.2692,34,0.99,1.2692,1,1.005,1.2884,2311,0
IWM190913P156,2019-09-12,2019-09-12 09:51:01,1.01,1.2948,11,0.99,1.2692,34,0.99,1.2692,1,1.0,1.282,2311,0
IWM190913P156,2019-09-12,2019-09-12 09:51:02,1.01,1.2948,11,0.99,1.2692,52,0.99,1.2692,1,1.0,1.282,2311,0
IWM190913P156,2019-09-12,2019-09-12 09:51:03,1.0,1.282,11,0.98,1.2564,34,0.99,1.2692,1,0.99,1.2692,2311,0
IWM190913P156,2019-09-12,2019-09-12 09:51:03,1.01,1.2948,50,0.98,1.2564,34,0.99,1.2692,1,0.995,1.2756,2311,0
IWM190913P156,2019-09-12,2019-09-12 09:51:04,0.99,1.2692,29,0.96,1.2307,52,0.99,1.2692,1,0.975,1.25,2311,0
IWM190913P156,2019-09-12,2019-09-12 09:51:04,0.97,1.2435,6,0.95,1.2179,37,0.96,1.2307,10,0.96,1.2307,2321,10
IWM190913P156,2019-09-12,2019-09-12 09:51:05,0.96,1.2307,45,0.94,1.2051,37,0.96,1.2307,10,0.95,1.2179,2321,0
IWM190913P156,2019-09-12,2019-09-12 09:51:05,0.96,1.2307,24,0.94,1.2051,34,0.96,1.2307,10,0.95,1.2179,2321,0
IWM190913P156,2019-09-12,2019-09-12 09:51:06,0.95,1.2179,11,0.94,1.2051,21,0.96,1.2307,10,0.945,1.2115,2321,0
IWM190913P156,2019-09-12,2019-09-12 09:51:06,0.96,1.2307,42,0.93,1.1923,71,0.96,1.2307,10,0.945,1.2115,2321,0
IWM190913P156,2019-09-12,2019-09-12 09:51:07,0.96,1.2307,50,0.93,1.1923,71,0.96,1.2307,10,0.945,1.2115,2321,0
IWM190913P156,2019-09-12,2019-09-12 09:51:07,0.96,1.2307,27,0.94,1.2051,68,0.96,1.2307,10,0.95,1.2179,2321,0
IWM190913P156,2019-09-12,2019-09-12 09:51:08,0.97,1.2435,40,0.95,1.2179,50,0.96,1.2307,10,0.96,1.2307,2321,0
IWM190913P156,2019-09-12,2019-09-12 09:51:08,0.97,1.2435,27,0.95,1.2179,16,0.96,1.2307,10,0.96,1.2307,2321,0
IWM190913P156,2019-09-12,2019-09-12 09:51:09,0.99,1.2692,22,0.96,1.2307,52,0.96,1.2307,10,0.975,1.25,2321,0
IWM190913P156,2019-09-12,2019-09-12 09:51:09,0.96,1.2307,12,0.94,1.2051,65,0.96,1.2307,10,0.95,1.2179,2321,0
IWM190913P156,2019-09-12,2019-09-12 09:51:10,1.01,1.2948,36,0.98,1.2564,52,0.96,1.2307,10,0.995,1.2756,2321,0
IWM190913P156,2019-09-12,2019-09-12 09:51:10,1.0,1.282,34,0.98,1.2564,52,0.96,1.2307,10,0.99,1.2692,2321,0
IWM190913P156,2019-09-12,2019-09-12 09:51:11,1.0,1.282,34,0.98,1.2564,47,0.96,1.2307,10,0.99,1.2692,2321,0
IWM190913P156,2019-09-12,2019-09-12 09:51:12,1.0,1.282,37,0.98,1.2564,56,0.96,1.2307,10,0.99,1.2692,2321,0
IWM190913P156,2019-09-12,2019-09-12 09:51:12,1.0,1.282,56,0.98,1.2564,52,0.96,1.2307,10,0.99,1.2692,2321,0
IWM190913P156,2019-09-12,2019-09-12 09:51:13,0.99,1.2692,36,0.97,1.2435,58,0.96,1.2307,10,0.98,1.2564,2321,0
IWM190913P156,2019-09-12,2019-09-12 09:51:13,0.99,1.2692,22,0.97,1.2435,58,0.96,1.2307,10,0.98,1.2564,2321,0
IWM190913P156,2019-09-12,2019-09-12 09:51:14,0.99,1.2692,36,0.96,1.2307,52,0.96,1.2307,10,0.975,1.25,2321,0
IWM190913P156,2019-09-12,2019-09-12 09:51:14,0.99,1.2692,54,0.96,1.2307,52,0.96,1.2307,10,0.975,1.25,2321,0
IWM190913P156,2019-09-12,2019-09-12 09:51:15,0.99,1.2692,54,0.96,1.2307,107,0.96,1.2307,10,0.975,1.25,2321,0
IWM190913P156,2019-09-12,2019-09-12 09:51:15,0.98,1.2564,38,0.96,1.2307,30,0.96,1.2307,10,0.97,1.2435,2321,0
IWM190913P156,2019-09-12,2019-09-12 09:51:16,0.95,1.2179,1,0.94,1.2051,16,0.95,1.2179,1,0.945,1.2115,2332,11
IWM190913P156,2019-09-12,2019-09-12 09:51:16,0.96,1.2307,13,0.95,1.2179,31,0.96,1.2307,10,0.955,1.2243,2321,0
IWM190913P156,2019-09-12,2019-09-12 09:51:17,0.98,1.2564,38,0.95,1.2179,63,0.95,1.2179,1,0.965,1.2371,2332,0
IWM190913P156,2019-09-12,2019-09-12 09:51:17,0.98,1.2564,38,0.95,1.2179,38,0.95,1.2179,1,0.965,1.2371,2332,0
IWM190913P156,2019-09-12,2019-09-12 09:51:18,0.98,1.2564,57,0.95,1.2179,63,0.95,1.2179,1,0.965,1.2371,2332,0
IWM190913P156,2019-09-12,2019-09-12 09:51:19,0.98,1.2564,57,0.95,1.2179,63,0.95,1.2179,1,0.965,1.2371,2332,0
IWM190913P156,2019-09-12,2019-09-12 09:51:19,0.98,1.2564,57,0.95,1.2179,76,0.95,1.2179,1,0.965,1.2371,2332,0
IWM190913P156,2019-09-12,2019-09-12 09:51:20,0.98,1.2564,45,0.96,1.2307,68,0.95,1.2179,1,0.97,1.2435,2332,0
IWM190913P156,2019-09-12,2019-09-12 09:51:20,1.01,1.2948,14,0.99,1.2692,57,0.95,1.2179,1,1.0,1.282,2332,0
IWM190913P156,2019-09-12,2019-09-12 09:51:21,1.01,1.2948,39,0.99,1.2692,57,0.95,1.2179,1,1.0,1.282,2332,0
IWM190913P156,2019-09-12,2019-09-12 09:51:21,1.01,1.2948,59,0.99,1.2692,52,0.95,1.2179,1,1.0,1.282,2332,0
IWM190913P156,2019-09-12,2019-09-12 09:51:22,1.01,1.2948,21,0.99,1.2692,73,0.95,1.2179,1,1.0,1.282,2332,0
IWM190913P156,2019-09-12,2019-09-12 09:51:22,1.01,1.2948,21,0.99,1.2692,37,0.95,1.2179,1,1.0,1.282,2332,0
IWM190913P156,2019-09-12,2019-09-12 09:51:23,1.01,1.2948,49,0.99,1.2692,34,0.95,1.2179,1,1.0,1.282,2332,0
IWM190913P156,2019-09-12,2019-09-12 09:51:23,1.01,1.2948,14,0.99,1.2692,47,0.95,1.2179,1,1.0,1.282,2332,0
IWM190913P156,2019-09-12,2019-09-12 09:51:24,1.01,1.2948,1,1.0,1.282,10,0.99,1.2692,1,1.005,1.2884,2333,0
IWM190913P156,2019-09-12,2019-09-12 09:51:24,1.01,1.2948,1,1.0,1.282,23,0.99,1.2692,1,1.005,1.2884,2333,1
IWM190913P156,2019-09-12,2019-09-12 09:51:25,1.01,1.2948,1,1.0,1.282,30,0.99,1.2692,1,1.005,1.2884,2333,0
IWM190913P156,2019-09-12,2019-09-12 09:51:25,1.01,1.2948,1,1.0,1.282,5,0.99,1.2692,1,1.005,1.2884,2333,0
IWM190913P156,2019-09-12,2019-09-12 09:51:26,1.01,1.2948,1,0.99,1.2692,79,0.99,1.2692,1,1.0,1.282,2333,0
IWM190913P156,2019-09-12,2019-09-12 09:51:26,1.01,1.2948,1,0.99,1.2692,52,0.99,1.2692,1,1.0,1.282,2333,0
IWM190913P156,2019-09-12,2019-09-12 09:51:27,1.01,1.2948,1,0.99,1.2692,57,0.99,1.2692,1,1.0,1.282,2333,0
IWM190913P156,2019-09-12,2019-09-12 09:51:27,1.01,1.2948,1,0.99,1.2692,77,0.99,1.2692,1,1.0,1.282,2333,0
IWM190913P156,2019-09-12,2019-09-12 09:51:28,1.01,1.2948,1,1.0,1.282,30,0.99,1.2692,1,1.005,1.2884,2333,0
IWM190913P156,2019-09-12,2019-09-12 09:51:29,1.01,1.2948,1,0.99,1.2692,52,0.99,1.2692,1,1.0,1.282,2333,0
IWM190913P156,2019-09-12,2019-09-12 09:51:29,1.0,1.282,14,0.98,1.2564,30,0.99,1.2692,1,0.99,1.2692,2333,0
IWM190913P156,2019-09-12,2019-09-12 09:51:30,1.0,1.282,3,0.98,1.2564,52,0.99,1.2692,1,0.99,1.2692,2333,0
IWM190913P156,2019-09-12,2019-09-12 09:51:30,1.0,1.282,1,0.98,1.2564,73,0.99,1.2692,1,0.99,1.2692,2333,0
IWM190913P156,2019-09-12,2019-09-12 09:51:31,1.0,1.282,3,0.97,1.2435,75,0.99,1.2692,1,0.985,1.2628,2333,0
IWM190913P156,2019-09-12,2019-09-12 09:51:32,0.99,1.2692,14,0.97,1.2435,51,0.99,1.2692,1,0.98,1.2564,2333,0
IWM190913P156,2019-09-12,2019-09-12 09:51:32,0.99,1.2692,1,0.97,1.2435,17,0.99,1.2692,1,0.98,1.2564,2333,0
IWM190913P156,2019-09-12,2019-09-12 09:51:33,0.99,1.2692,45,0.97,1.2435,41,0.99,1.2692,1,0.98,1.2564,2333,0
IWM190913P156,2019-09-12,2019-09-12 09:51:33,0.99,1.2692,14,0.97,1.2435,47,0.99,1.2692,1,0.98,1.2564,2333,0
IWM190913P156,2019-09-12,2019-09-12 09:51:34,1.01,1.2948,1,1.0,1.282,30,0.99,1.2692,1,1.005,1.2884,2333,0
IWM190913P156,2019-09-12,2019-09-12 09:51:34,1.02,1.3076,13,1.01,1.2948,1,1.01,1.2948,1,1.015,1.3012,2334,1
IWM190913P156,2019-09-12,2019-09-12 09:51:35,1.02,1.3076,13,1.0,1.282,74,1.01,1.2948,1,1.01,1.2948,2334,0
IWM190913P156,2019-09-12,2019-09-12 09:51:35,1.03,1.3205,14,1.02,1.3076,10,1.01,1.2948,1,1.025,1.3141,2334,0
IWM190913P156,2019-09-12,2019-09-12 09:51:36,1.02,1.3076,21,1.0,1.282,38,1.01,1.2948,1,1.01,1.2948,2334,0
IWM190913P156,2019-09-12,2019-09-12 09:51:36,1.04,1.3333,42,1.02,1.3076,54,1.01,1.2948,1,1.03,1.3205,2334,0
IWM190913P156,2019-09-12,2019-09-12 09:51:37,1.03,1.3205,13,1.01,1.2948,59,1.01,1.2948,1,1.02,1.3076,2334,0
IWM190913P156,2019-09-12,2019-09-12 09:51:37,1.03,1.3205,13,1.01,1.2948,72,1.03,1.3205,1,1.02,1.3076,2335,1
IWM190913P156,2019-09-12,2019-09-12 09:51:38,1.03,1.3205,26,1.02,1.3076,9,1.03,1.3205,1,1.025,1.3141,2335,0
IWM190913P156,2019-09-12,2019-09-12 09:51:38,1.04,1.3333,35,1.01,1.2948,51,1.03,1.3205,1,1.025,1.3141,2335,0
IWM190913P156,2019-09-12,2019-09-12 09:51:39,1.04,1.3333,13,1.02,1.3076,86,1.03,1.3205,1,1.03,1.3205,2335,0
IWM190913P156,2019-09-12,2019-09-12 09:51:39,1.05,1.3461,35,1.02,1.3076,86,1.03,1.3205,1,1.035,1.3269,2335,0
IWM190913P156,2019-09-12,2019-09-12 09:51:40,1.05,1.3461,26,1.03,1.3205,54,1.03,1.3205,1,1.04,1.3333,2335,0
IWM190913P156,2019-09-12,2019-09-12 09:51:40,1.05,1.3461,26,1.03,1.3205,59,1.03,1.3205,1,1.04,1.3333,2335,0
IWM190913P156,2019-09-12,2019-09-12 09:51:41,1.03,1.3205,56,1.01,1.2948,29,1.03,1.3205,1,1.02,1.3076,2335,0
IWM190913P156,2019-09-12,2019-09-12 09:51:41,1.04,1.3333,26,1.02,1.3076,38,1.03,1.3205,1,1.03,1.3205,2335,0
IWM190913P156,2019-09-12,2019-09-12 09:51:42,1.02,1.3076,13,1.0,1.282,24,1.0,1.282,3,1.01,1.2948,2383,48
IWM190913P156,2019-09-12,2019-09-12 09:51:42,1.02,1.3076,26,1.0,1.282,37,1.03,1.3205,1,1.01,1.2948,2335,0
IWM190913P156,2019-09-12,2019-09-12 09:51:43,1.01,1.2948,13,1.0,1.282,3,1.0,1.282,1,1.005,1.2884,2384,1
IWM190913P156,2019-09-12,2019-09-12 09:51:43,0.99,1.2692,22,0.97,1.2435,21,1.0,1.282,96,0.98,1.2564,2484,100
IWM190913P156,2019-09-12,2019-09-12 09:51:44,0.99,1.2692,22,0.97,1.2435,34,1.0,1.282,96,0.98,1.2564,2484,0
IWM190913P156,2019-09-12,2019-09-12 09:51:44,0.99,1.2692,22,0.97,1.2435,33,1.0,1.282,96,0.98,1.2564,2484,0
IWM190913P156,2019-09-12,2019-09-12 09:51:45,0.99,1.2692,22,0.97,1.2435,34,1.0,1.282,96,0.98,1.2564,2484,0
IWM190913P156,2019-09-12,2019-09-12 09:51:45,0.99,1.2692,27,0.97,1.2435,16,1.0,1.282,96,0.98,1.2564,2484,0
IWM190913P156,2019-09-12,2019-09-12 09:51:46,0.99,1.2692,27,0.97,1.2435,16,1.0,1.282,96,0.98,1.2564,2484,0
IWM190913P156,2019-09-12,2019-09-12 09:51:46,0.98,1.2564,9,0.96,1.2307,195,0.98,1.2564,10,0.97,1.2435,2494,10
IWM190913P156,2019-09-12,2019-09-12 09:51:47,0.99,1.2692,27,0.97,1.2435,52,0.98,1.2564,10,0.98,1.2564,2494,0
IWM190913P156,2019-09-12,2019-09-12 09:51:47,0.99,1.2692,21,0.97,1.2435,52,0.98,1.2564,10,0.98,1.2564,2494,0
IWM190913P156,2019-09-12,2019-09-12 09:51:48,0.98,1.2564,21,0.96,1.2307,68,0.98,1.2564,10,0.97,1.2435,2494,0
IWM190913P156,2019-09-12,2019-09-12 09:51:48,0.98,1.2564,13,0.97,1.2435,34,0.98,1.2564,10,0.975,1.25,2494,0
IWM190913P156,2019-09-12,2019-09-12 09:51:49,0.95,1.2179,13,0.93,1.1923,51,0.98,1.2564,10,0.94,1.2051,2494,0
IWM190913P156,2019-09-12,2019-09-12 09:51:49,0.97,1.2435,25,0.94,1.2051,29,0.98,1.2564,10,0.955,1.2243,2494,0
IWM190913P156,2019-09-12,2019-09-12 09:51:50,0.95,1.2179,13,0.93,1.1923,51,0.98,1.2564,10,0.94,1.2051,2494,0
IWM190913P156,2019-09-12,2019-09-12 09:51:50,0.95,1.2179,25,0.93,1.1923,51,0.98,1.2564,10,0.94,1.2051,2494,0
IWM190913P156,2019-09-12,2019-09-12 09:51:51,0.95,1.2179,27,0.93,1.1923,51,0.98,1.2564,10,0.94,1.2051,2494,0
IWM190913P156,2019-09-12,2019-09-12 09:51:52,0.94,1.2051,17,0.93,1.1923,45,0.98,1.2564,10,0.935,1.1987,2494,0
IWM190913P156,2019-09-12,2019-09-12 09:51:52,0.95,1.2179,27,0.93,1.1923,51,0.98,1.2564,10,0.94,1.2051,2494,0
IWM190913P156,2019-09-12,2019-09-12 09:51:53,0.93,1.1923,35,0.91,1.1666,13,0.93,1.1923,1,0.92,1.1794,2540,46
IWM190913P156,2019-09-12,2019-09-12 09:51:53,0.95,1.2179,13,0.93,1.1923,45,0.98,1.2564,10,0.94,1.2051,2494,0
IWM190913P156,2019-09-12,2019-09-12 09:51:54,0.92,1.1794,4,0.9,1.1538,18,0.93,1.1923,1,0.91,1.1666,2540,0
IWM190913P156,2019-09-12,2019-09-12 09:51:54,0.93,1.1923,8,0.91,1.1666,19,0.93,1.1923,1,0.92,1.1794,2540,0
IWM190913P156,2019-09-12,2019-09-12 09:51:55,0.92,1.1794,4,0.9,1.1538,18,0.93,1.1923,1,0.91,1.1666,2540,0
IWM190913P156,2019-09-12,2019-09-12 09:51:55,0.92,1.1794,4,0.9,1.1538,16,0.9,1.1538,1,0.91,1.1666,2541,1
IWM190913P156,2019-09-12,2019-09-12 09:51:56,0.92,1.1794,12,0.9,1.1538,50,0.9,1.1538,1,0.91,1.1666,2541,0
IWM190913P156,2019-09-12,2019-09-12 09:51:56,0.92,1.1794,12,0.9,1.1538,63,0.9,1.1538,1,0.91,1.1666,2541,0
IWM190913P156,2019-09-12,2019-09-12 09:51:57,0.92,1.1794,3,0.9,1.1538,36,0.9,1.1538,1,0.91,1.1666,2541,0
IWM190913P156,2019-09-12,2019-09-12 09:51:57,0.92,1.1794,38,0.9,1.1538,63,0.9,1.1538,1,0.91,1.1666,2541,0
IWM190913P156,2019-09-12,2019-09-12 09:51:58,0.92,1.1794,3,0.9,1.1538,41,0.9,1.1538,1,0.91,1.1666,2541,0
IWM190913P156,2019-09-12,2019-09-12 09:51:58,0.93,1.1923,28,0.9,1.1538,50,0.9,1.1538,1,0.915,1.173,2541,0
IWM190913P156,2019-09-12,2019-09-12 09:51:59,0.93,1.1923,20,0.91,1.1666,16,0.9,1.1538,1,0.92,1.1794,2541,0
IWM190913P156,2019-09-12,2019-09-12 09:51:59,0.92,1.1794,16,0.89,1.141,50,0.9,1.1538,1,0.905,1.1602,2541,0
IWM190913P156,2019-09-12,2019-09-12 09:52:00,0.92,1.1794,24,0.9,1.1538,13,0.9,1.1538,1,0.91,1.1666,2541,0
IWM190913P156,2019-09-12,2019-09-12 09:52:00,0.92,1.1794,5,0.9,1.1538,13,0.9,1.1538,1,0.91,1.1666,2541,0
IWM190913P156,2019-09-12,2019-09-12 09:52:01,0.92,1.1794,5,0.9,1.1538,18,0.9,1.1538,1,0.91,1.1666,2541,0
IWM190913P156,2019-09-12,2019-09-12 09:52:01,0.92,1.1794,5,0.9,1.1538,51,0.9,1.1538,1,0.91,1.1666,2541,0
IWM190913P156,2019-09-12,2019-09-12 09:52:02,0.93,1.1923,4,0.92,1.1794,13,0.9,1.1538,1,0.925,1.1858,2541,0
IWM190913P156,2019-09-12,2019-09-12 09:52:03,0.93,1.1923,4,0.92,1.1794,13,0.9,1.1538,1,0.925,1.1858,2541,0
IWM190913P156,2019-09-12,2019-09-12 09:52:04,0.93,1.1923,8,0.91,1.1666,49,0.9,1.1538,1,0.92,1.1794,2541,0
IWM190913P156,2019-09-12,2019-09-12 09:52:04,0.92,1.1794,35,0.9,1.1538,13,0.9,1.1538,1,0.91,1.1666,2541,0
IWM190913P156,2019-09-12,2019-09-12 09:52:05,0.92,1.1794,73,0.89,1.141,13,0.9,1.1538,1,0.905,1.1602,2541,0
IWM190913P156,2019-09-12,2019-09-12 09:52:05,0.91,1.1666,42,0.89,1.141,5,0.9,1.1538,1,0.9,1.1538,2541,0
IWM190913P156,2019-09-12,2019-09-12 09:52:06,0.91,1.1666,40,0.88,1.1282,5,0.9,1.1538,1,0.895,1.1474,2541,0
IWM190913P156,2019-09-12,2019-09-12 09:52:06,0.9,1.1538,24,0.88,1.1282,18,0.9,1.1538,1,0.89,1.141,2541,0
IWM190913P156,2019-09-12,2019-09-12 09:52:07,0.91,1.1666,45,0.89,1.141,4,0.89,1.141,9,0.9,1.1538,2592,51
IWM190913P156,2019-09-12,2019-09-12 09:52:07,0.91,1.1666,40,0.89,1.141,34,0.9,1.1538,1,0.9,1.1538,2541,0
IWM190913P156,2019-09-12,2019-09-12 09:52:08,0.9,1.1538,12,0.88,1.1282,33,0.89,1.141,9,0.89,1.141,2592,0
IWM190913P156,2019-09-12,2019-09-12 09:52:08,0.9,1.1538,12,0.88,1.1282,45,0.89,1.141,9,0.89,1.141,2592,0
IWM190913P156,2019-09-12,2019-09-12 09:52:09,0.91,1.1666,12,0.89,1.141,16,0.89,1.141,9,0.9,1.1538,2592,0
IWM190913P156,2019-09-12,2019-09-12 09:52:09,0.9,1.1538,12,0.88,1.1282,37,0.89,1.141,4,0.89,1.141,2596,4
IWM190913P156,2019-09-12,2019-09-12 09:52:10,0.89,1.141,9,0.87,1.1153,34,0.89,1.141,4,0.88,1.1282,2596,0
IWM190913P156,2019-09-12,2019-09-12 09:52:10,0.89,1.141,9,0.87,1.1153,45,0.89,1.141,4,0.88,1.1282,2596,0
IWM190913P156,2019-09-12,2019-09-12 09:52:11,0.9,1.1538,80,0.87,1.1153,54,0.89,1.141,4,0.885,1.1346,2596,0
IWM190913P156,2019-09-12,2019-09-12 09:52:11,0.9,1.1538,140,0.87,1.1153,42,0.89,1.141,4,0.885,1.1346,2596,0
IWM190913P156,2019-09-12,2019-09-12 09:52:12,0.88,1.1282,25,0.86,1.1025,29,0.89,1.141,4,0.87,1.1153,2596,0
IWM190913P156,2019-09-12,2019-09-12 09:52:13,0.86,1.1025,38,0.83,1.0641,30,0.89,1.141,4,0.845,1.0833,2596,0
IWM190913P156,2019-09-12,2019-09-12 09:52:13,0.88,1.1282,51,0.86,1.1025,13,0.89,1.141,4,0.87,1.1153,2596,0
IWM190913P156,2019-09-12,2019-09-12 09:52:14,0.86,1.1025,88,0.84,1.0769,16,0.89,1.141,4,0.85,1.0897,2596,0
IWM190913P156,2019-09-12,2019-09-12 09:52:14,0.86,1.1025,105,0.83,1.0641,29,0.89,1.141,4,0.845,1.0833,2596,0
IWM190913P156,2019-09-12,2019-09-12 09:52:15,0.86,1.1025,63,0.83,1.0641,29,0.89,1.141,4,0.845,1.0833,2596,0
IWM190913P156,2019-09-12,2019-09-12 09:52:15,0.86,1.1025,165,0.83,1.0641,29,0.89,1.141,4,0.845,1.0833,2596,0
IWM190913P156,2019-09-12,2019-09-12 09:52:16,0.86,1.1025,96,0.84,1.0769,13,0.89,1.141,4,0.85,1.0897,2596,0
IWM190913P156,2019-09-12,2019-09-12 09:52:16,0.86,1.1025,126,0.83,1.0641,48,0.89,1.141,4,0.845,1.0833,2596,0
IWM190913P156,2019-09-12,2019-09-12 09:52:17,0.85,1.0897,50,0.83,1.0641,29,0.89,1.141,4,0.84,1.0769,2596,0
IWM190913P156,2019-09-12,2019-09-12 09:52:17,0.85,1.0897,50,0.83,1.0641,29,0.83,1.0641,1,0.84,1.0769,2597,1
IWM190913P156,2019-09-12,2019-09-12 09:52:18,0.86,1.1025,150,0.83,1.0641,32,0.83,1.0641,1,0.845,1.0833,2597,0
IWM190913P156,2019-09-12,2019-09-12 09:52:18,0.85,1.0897,37,0.83,1.0641,38,0.83,1.0641,1,0.84,1.0769,2597,0
IWM190913P156,2019-09-12,2019-09-12 09:52:19,0.86,1.1025,80,0.84,1.0769,16,0.83,1.0641,1,0.85,1.0897,2597,0
IWM190913P156,2019-09-12,2019-09-12 09:52:19,0.86,1.1025,150,0.83,1.0641,32,0.83,1.0641,1,0.845,1.0833,2597,0
IWM190913P156,2019-09-12,2019-09-12 09:52:20,0.86,1.1025,20,0.84,1.0769,45,0.83,1.0641,1,0.85,1.0897,2597,0
IWM190913P156,2019-09-12,2019-09-12 09:52:20,0.86,1.1025,115,0.83,1.0641,38,0.83,1.0641,1,0.845,1.0833,2597,0
IWM190913P156,2019-09-12,2019-09-12 09:52:21,0.86,1.1025,115,0.83,1.0641,38,0.83,1.0641,1,0.845,1.0833,2597,0
IWM190913P156,2019-09-12,2019-09-12 09:52:21,0.87,1.1153,18,0.85,1.0897,45,0.83,1.0641,1,0.86,1.1025,2597,0
IWM190913P156,2019-09-12,2019-09-12 09:52:22,0.87,1.1153,18,0.85,1.0897,45,0.83,1.0641,1,0.86,1.1025,2597,0
IWM190913P156,2019-09-12,2019-09-12 09:52:22,0.87,1.1153,83,0.84,1.0769,57,0.83,1.0641,1,0.855,1.0961,2597,0
IWM190913P156,2019-09-12,2019-09-12 09:52:23,0.87,1.1153,83,0.85,1.0897,13,0.83,1.0641,1,0.86,1.1025,2597,0
IWM190913P156,2019-09-12,2019-09-12 09:52:23,0.87,1.1153,143,0.84,1.0769,29,0.83,1.0641,1,0.855,1.0961,2597,0
IWM190913P156,2019-09-12,2019-09-12 09:52:24,0.87,1.1153,143,0.84,1.0769,29,0.83,1.0641,1,0.855,1.0961,2597,0
IWM190913P156,2019-09-12,2019-09-12 09:52:24,0.87,1.1153,143,0.84,1.0769,45,0.83,1.0641,1,0.855,1.0961,2597,0
IWM190913P156,2019-09-12,2019-09-12 09:52:25,0.87,1.1153,13,0.85,1.0897,29,0.83,1.0641,1,0.86,1.1025,2597,0
IWM190913P156,2019-09-12,2019-09-12 09:52:25,0.87,1.1153,143,0.84,1.0769,45,0.83,1.0641,1,0.855,1.0961,2597,0
IWM190913P156,2019-09-12,2019-09-12 09:52:26,0.87,1.1153,13,0.85,1.0897,13,0.85,1.0897,10,0.86,1.1025,2657,60
IWM190913P156,2019-09-12,2019-09-12 09:52:26,0.87,1.1153,13,0.85,1.0897,45,0.83,1.0641,1,0.86,1.1025,2597,0
IWM190913P156,2019-09-12,2019-09-12 09:52:27,0.87,1.1153,13,0.85,1.0897,13,0.85,1.0897,10,0.86,1.1025,2657,0
IWM190913P156,2019-09-12,2019-09-12 09:52:28,0.87,1.1153,57,0.85,1.0897,13,0.85,1.0897,10,0.86,1.1025,2657,0
IWM190913P156,2019-09-12,2019-09-12 09:52:29,0.86,1.1025,13,0.84,1.0769,14,0.85,1.0897,10,0.85,1.0897,2657,0
IWM190913P156,2019-09-12,2019-09-12 09:52:30,0.87,1.1153,117,0.85,1.0897,13,0.85,1.0897,10,0.86,1.1025,2657,0
IWM190913P156,2019-09-12,2019-09-12 09:52:30,0.87,1.1153,153,0.85,1.0897,13,0.85,1.0897,10,0.86,1.1025,2657,0
IWM190913P156,2019-09-12,2019-09-12 09:52:31,0.87,1.1153,100,0.83,1.0641,18,0.85,1.0897,10,0.85,1.0897,2657,0
IWM190913P156,2019-09-12,2019-09-12 09:52:31,0.85,1.0897,13,0.83,1.0641,18,0.85,1.0897,10,0.84,1.0769,2657,0
IWM190913P156,2019-09-12,2019-09-12 09:52:32,0.87,1.1153,110,0.84,1.0769,13,0.85,1.0897,10,0.855,1.0961,2657,0
IWM190913P156,2019-09-12,2019-09-12 09:52:32,0.87,1.1153,100,0.84,1.0769,13,0.85,1.0897,10,0.855,1.0961,2657,0
IWM190913P156,2019-09-12,2019-09-12 09:52:33,0.87,1.1153,110,0.84,1.0769,13,0.85,1.0897,10,0.855,1.0961,2657,0
IWM190913P156,2019-09-12,2019-09-12 09:52:34,0.87,1.1153,110,0.84,1.0769,16,0.85,1.0897,10,0.855,1.0961,2657,0
IWM190913P156,2019-09-12,2019-09-12 09:52:34,0.87,1.1153,60,0.84,1.0769,16,0.85,1.0897,10,0.855,1.0961,2657,0
IWM190913P156,2019-09-12,2019-09-12 09:52:35,0.87,1.1153,136,0.84,1.0769,14,0.85,1.0897,10,0.855,1.0961,2657,0
IWM190913P156,2019-09-12,2019-09-12 09:52:36,0.86,1.1025,82,0.83,1.0641,14,0.85,1.0897,10,0.845,1.0833,2657,0
IWM190913P156,2019-09-12,2019-09-12 09:52:36,0.87,1.1153,136,0.84,1.0769,14,0.85,1.0897,10,0.855,1.0961,2657,0
IWM190913P156,2019-09-12,2019-09-12 09:52:37,0.85,1.0897,39,0.83,1.0641,14,0.85,1.0897,10,0.84,1.0769,2657,0
IWM190913P156,2019-09-12,2019-09-12 09:52:37,0.86,1.1025,79,0.83,1.0641,14,0.85,1.0897,10,0.845,1.0833,2657,0
IWM190913P156,2019-09-12,2019-09-12 09:52:38,0.86,1.1025,79,0.83,1.0641,1,0.85,1.0897,10,0.845,1.0833,2657,0
IWM190913P156,2019-09-12,2019-09-12 09:52:38,0.84,1.0769,13,0.82,1.0512,16,0.85,1.0897,10,0.83,1.0641,2657,0
IWM190913P156,2019-09-12,2019-09-12 09:52:39,0.85,1.0897,56,0.83,1.0641,13,0.85,1.0897,10,0.84,1.0769,2657,0
IWM190913P156,2019-09-12,2019-09-12 09:52:39,0.85,1.0897,32,0.83,1.0641,13,0.85,1.0897,10,0.84,1.0769,2657,0
IWM190913P156,2019-09-12,2019-09-12 09:52:40,0.85,1.0897,48,0.82,1.0512,94,0.85,1.0897,10,0.835,1.0705,2657,0
IWM190913P156,2019-09-12,2019-09-12 09:52:40,0.85,1.0897,48,0.83,1.0641,13,0.85,1.0897,10,0.84,1.0769,2657,0
IWM190913P156,2019-09-12,2019-09-12 09:52:41,0.85,1.0897,33,0.83,1.0641,21,0.85,1.0897,10,0.84,1.0769,2657,0
IWM190913P156,2019-09-12,2019-09-12 09:52:41,0.85,1.0897,39,0.82,1.0512,58,0.85,1.0897,10,0.835,1.0705,2657,0
IWM190913P156,2019-09-12,2019-09-12 09:52:42,0.85,1.0897,119,0.82,1.0512,51,0.85,1.0897,10,0.835,1.0705,2657,0
IWM190913P156,2019-09-12,2019-09-12 09:52:42,0.85,1.0897,63,0.82,1.0512,51,0.85,1.0897,10,0.835,1.0705,2657,0
IWM190913P156,2019-09-12,2019-09-12 09:52:43,0.85,1.0897,87,0.82,1.0512,19,0.85,1.0897,10,0.835,1.0705,2657,0
IWM190913P156,2019-09-12,2019-09-12 09:52:44,0.85,1.0897,87,0.82,1.0512,43,0.85,1.0897,10,0.835,1.0705,2657,0
IWM190913P156,2019-09-12,2019-09-12 09:52:44,0.84,1.0769,70,0.82,1.0512,43,0.85,1.0897,10,0.83,1.0641,2657,0
IWM190913P156,2019-09-12,2019-09-12 09:52:45,0.83,1.0641,89,0.81,1.0384,4,0.85,1.0897,10,0.82,1.0512,2657,0
IWM190913P156,2019-09-12,2019-09-12 09:52:45,0.83,1.0641,45,0.81,1.0384,24,0.85,1.0897,10,0.82,1.0512,2657,0
IWM190913P156,2019-09-12,2019-09-12 09:52:46,0.83,1.0641,89,0.81,1.0384,36,0.85,1.0897,10,0.82,1.0512,2657,0
IWM190913P156,2019-09-12,2019-09-12 09:52:46,0.83,1.0641,8,0.81,1.0384,17,0.85,1.0897,10,0.82,1.0512,2657,0
IWM190913P156,2019-09-12,2019-09-12 09:52:47,0.83,1.0641,8,0.81,1.0384,17,0.85,1.0897,10,0.82,1.0512,2657,0
IWM190913P156,2019-09-12,2019-09-12 09:52:47,0.83,1.0641,62,0.81,1.0384,4,0.85,1.0897,10,0.82,1.0512,2657,0
IWM190913P156,2019-09-12,2019-09-12 09:52:48,0.82,1.0512,32,0.81,1.0384,4,0.85,1.0897,10,0.815,1.0448,2657,0
IWM190913P156,2019-09-12,2019-09-12 09:52:48,0.83,1.0641,80,0.81,1.0384,16,0.85,1.0897,10,0.82,1.0512,2657,0
IWM190913P156,2019-09-12,2019-09-12 09:52:49,0.82,1.0512,38,0.81,1.0384,4,0.85,1.0897,10,0.815,1.0448,2657,0
IWM190913P156,2019-09-12,2019-09-12 09:52:50,0.82,1.0512,63,0.81,1.0384,4,0.85,1.0897,10,0.815,1.0448,2657,0
IWM190913P156,2019-09-12,2019-09-12 09:52:50,0.82,1.0512,90,0.81,1.0384,4,0.85,1.0897,10,0.815,1.0448,2657,0
IWM190913P156,2019-09-12,2019-09-12 09:52:51,0.8,1.0256,34,0.78,1.0,14,0.81,1.0384,4,0.79,1.0128,2661,0
IWM190913P156,2019-09-12,2019-09-12 09:52:51,0.8,1.0256,13,0.79,1.0128,2,0.81,1.0384,4,0.795,1.0192,2661,4
IWM190913P156,2019-09-12,2019-09-12 09:52:52,0.8,1.0256,8,0.78,1.0,28,0.81,1.0384,4,0.79,1.0128,2661,0
IWM190913P156,2019-09-12,2019-09-12 09:52:52,0.81,1.0384,56,0.78,1.0,63,0.81,1.0384,4,0.795,1.0192,2661,0
IWM190913P156,2019-09-12,2019-09-12 09:52:53,0.8,1.0256,8,0.78,1.0,35,0.81,1.0384,4,0.79,1.0128,2661,0
IWM190913P156,2019-09-12,2019-09-12 09:52:53,0.8,1.0256,8,0.79,1.0128,13,0.81,1.0384,4,0.795,1.0192,2661,0
IWM190913P156,2019-09-12,2019-09-12 09:52:54,0.8,1.0256,19,0.78,1.0,40,0.81,1.0384,4,0.79,1.0128,2661,0
IWM190913P156,2019-09-12,2019-09-12 09:52:55,0.8,1.0256,8,0.79,1.0128,13,0.81,1.0384,4,0.795,1.0192,2661,0
IWM190913P156,2019-09-12,2019-09-12 09:52:56,0.8,1.0256,8,0.78,1.0,46,0.81,1.0384,4,0.79,1.0128,2661,0
IWM190913P156,2019-09-12,2019-09-12 09:52:56,0.8,1.0256,113,0.77,0.9871,46,0.81,1.0384,4,0.785,1.0064,2661,0
IWM190913P156,2019-09-12,2019-09-12 09:52:57,0.78,1.0,13,0.76,0.9743,59,0.81,1.0384,4,0.77,0.9871,2661,0
IWM190913P156,2019-09-12,2019-09-12 09:52:57,0.78,1.0,13,0.76,0.9743,14,0.81,1.0384,4,0.77,0.9871,2661,0
IWM190913P156,2019-09-12,2019-09-12 09:52:58,0.78,1.0,41,0.76,0.9743,14,0.81,1.0384,4,0.77,0.9871,2661,0
IWM190913P156,2019-09-12,2019-09-12 09:52:58,0.78,1.0,43,0.76,0.9743,14,0.81,1.0384,4,0.77,0.9871,2661,0
IWM190913P156,2019-09-12,2019-09-12 09:52:59,0.77,0.9871,13,0.75,0.9615,44,0.81,1.0384,4,0.76,0.9743,2661,0
IWM190913P156,2019-09-12,2019-09-12 09:52:59,0.78,1.0,63,0.76,0.9743,1,0.81,1.0384,4,0.77,0.9871,2661,0
IWM190913P156,2019-09-12,2019-09-12 09:53:00,0.77,0.9871,25,0.75,0.9615,44,0.81,1.0384,4,0.76,0.9743,2661,0
IWM190913P156,2019-09-12,2019-09-12 09:53:00,0.77,0.9871,57,0.75,0.9615,13,0.81,1.0384,4,0.76,0.9743,2661,0
IWM190913P156,2019-09-12,2019-09-12 09:53:01,0.77,0.9871,57,0.75,0.9615,14,0.81,1.0384,4,0.76,0.9743,2661,0
IWM190913P156,2019-09-12,2019-09-12 09:53:01,0.77,0.9871,57,0.75,0.9615,17,0.81,1.0384,4,0.76,0.9743,2661,0
IWM190913P156,2019-09-12,2019-09-12 09:53:02,0.77,0.9871,32,0.75,0.9615,33,0.81,1.0384,4,0.76,0.9743,2661,0
IWM190913P156,2019-09-12,2019-09-12 09:53:02,0.77,0.9871,73,0.75,0.9615,20,0.81,1.0384,4,0.76,0.9743,2661,0
IWM190913P156,2019-09-12,2019-09-12 09:53:03,0.78,1.0,37,0.76,0.9743,14,0.81,1.0384,4,0.77,0.9871,2661,0
IWM190913P156,2019-09-12,2019-09-12 09:53:03,0.78,1.0,17,0.76,0.9743,13,0.81,1.0384,4,0.77,0.9871,2661,0
IWM190913P156,2019-09-12,2019-09-12 09:53:04,0.78,1.0,38,0.76,0.9743,77,0.81,1.0384,4,0.77,0.9871,2661,0
IWM190913P156,2019-09-12,2019-09-12 09:53:04,0.78,1.0,17,0.76,0.9743,13,0.81,1.0384,4,0.77,0.9871,2661,0
IWM190913P156,2019-09-12,2019-09-12 09:53:05,0.78,1.0,23,0.77,0.9871,1,0.77,0.9871,1,0.775,0.9935,2662,0
IWM190913P156,2019-09-12,2019-09-12 09:53:05,0.78,1.0,17,0.77,0.9871,1,0.77,0.9871,1,0.775,0.9935,2662,1
IWM190913P156,2019-09-12,2019-09-12 09:53:06,0.77,0.9871,3,0.76,0.9743,13,0.77,0.9871,1,0.765,0.9807,2662,0
IWM190913P156,2019-09-12,2019-09-12 09:53:07,0.77,0.9871,3,0.76,0.9743,13,0.77,0.9871,1,0.765,0.9807,2662,0
IWM190913P156,2019-09-12,2019-09-12 09:53:07,0.77,0.9871,3,0.76,0.9743,60,0.77,0.9871,1,0.765,0.9807,2662,0
IWM190913P156,2019-09-12,2019-09-12 09:53:08,0.77,0.9871,10,0.75,0.9615,34,0.77,0.9871,1,0.76,0.9743,2662,0
IWM190913P156,2019-09-12,2019-09-12 09:53:08,0.78,1.0,17,0.76,0.9743,13,0.77,0.9871,1,0.77,0.9871,2662,0
IWM190913P156,2019-09-12,2019-09-12 09:53:09,0.76,0.9743,26,0.74,0.9487,14,0.77,0.9871,1,0.75,0.9615,2662,0
IWM190913P156,2019-09-12,2019-09-12 09:53:09,0.77,0.9871,10,0.75,0.9615,1,0.77,0.9871,1,0.76,0.9743,2662,0
IWM190913P156,2019-09-12,2019-09-12 09:53:10,0.75,0.9615,16,0.74,0.9487,14,0.77,0.9871,1,0.745,0.9551,2662,0
IWM190913P156,2019-09-12,2019-09-12 09:53:10,0.76,0.9743,38,0.74,0.9487,13,0.77,0.9871,1,0.75,0.9615,2662,0
IWM190913P156,2019-09-12,2019-09-12 09:53:11,0.75,0.9615,10,0.73,0.9358,81,0.77,0.9871,1,0.74,0.9487,2662,0
IWM190913P156,2019-09-12,2019-09-12 09:53:11,0.75,0.9615,23,0.73,0.9358,25,0.77,0.9871,1,0.74,0.9487,2662,0
IWM190913P156,2019-09-12,2019-09-12 09:53:12,0.75,0.9615,28,0.73,0.9358,12,0.77,0.9871,1,0.74,0.9487,2662,0
IWM190913P156,2019-09-12,2019-09-12 09:53:12,0.75,0.9615,15,0.73,0.9358,125,0.77,0.9871,1,0.74,0.9487,2662,0
IWM190913P156,2019-09-12,2019-09-12 09:53:13,0.75,0.9615,10,0.73,0.9358,60,0.77,0.9871,1,0.74,0.9487,2662,0
IWM190913P156,2019-09-12,2019-09-12 09:53:13,0.75,0.9615,10,0.73,0.9358,63,0.77,0.9871,1,0.74,0.9487,2662,0
IWM190913P156,2019-09-12,2019-09-12 09:53:14,0.75,0.9615,15,0.73,0.9358,63,0.77,0.9871,1,0.74,0.9487,2662,0
IWM190913P156,2019-09-12,2019-09-12 09:53:14,0.75,0.9615,15,0.73,0.9358,106,0.77,0.9871,1,0.74,0.9487,2662,0
IWM190913P156,2019-09-12,2019-09-12 09:53:15,0.75,0.9615,15,0.73,0.9358,67,0.77,0.9871,1,0.74,0.9487,2662,0
IWM190913P156,2019-09-12,2019-09-12 09:53:15,0.75,0.9615,10,0.73,0.9358,67,0.77,0.9871,1,0.74,0.9487,2662,0
IWM190913P156,2019-09-12,2019-09-12 09:53:16,0.75,0.9615,15,0.73,0.9358,95,0.77,0.9871,1,0.74,0.9487,2662,0
IWM190913P156,2019-09-12,2019-09-12 09:53:17,0.75,0.9615,15,0.73,0.9358,93,0.77,0.9871,1,0.74,0.9487,2662,0
IWM190913P156,2019-09-12,2019-09-12 09:53:17,0.75,0.9615,15,0.73,0.9358,80,0.77,0.9871,1,0.74,0.9487,2662,0
IWM190913P156,2019-09-12,2019-09-12 09:53:18,0.75,0.9615,15,0.73,0.9358,39,0.77,0.9871,1,0.74,0.9487,2662,0
IWM190913P156,2019-09-12,2019-09-12 09:53:19,0.75,0.9615,15,0.73,0.9358,69,0.77,0.9871,1,0.74,0.9487,2662,0
IWM190913P156,2019-09-12,2019-09-12 09:53:20,0.75,0.9615,35,0.73,0.9358,39,0.77,0.9871,1,0.74,0.9487,2662,0
IWM190913P156,2019-09-12,2019-09-12 09:53:20,0.75,0.9615,35,0.73,0.9358,26,0.77,0.9871,1,0.74,0.9487,2662,0
IWM190913P156,2019-09-12,2019-09-12 09:53:21,0.75,0.9615,35,0.73,0.9358,39,0.77,0.9871,1,0.74,0.9487,2662,0
IWM190913P156,2019-09-12,2019-09-12 09:53:21,0.75,0.9615,35,0.73,0.9358,26,0.77,0.9871,1,0.74,0.9487,2662,0
IWM190913P156,2019-09-12,2019-09-12 09:53:22,0.74,0.9487,20,0.72,0.923,78,0.77,0.9871,1,0.73,0.9358,2662,0
IWM190913P156,2019-09-12,2019-09-12 09:53:22,0.75,0.9615,41,0.73,0.9358,39,0.77,0.9871,1,0.74,0.9487,2662,0
IWM190913P156,2019-09-12,2019-09-12 09:53:23,0.74,0.9487,20,0.72,0.923,33,0.77,0.9871,1,0.73,0.9358,2662,0
IWM190913P156,2019-09-12,2019-09-12 09:53:23,0.74,0.9487,20,0.72,0.923,78,0.77,0.9871,1,0.73,0.9358,2662,0
IWM190913P156,2019-09-12,2019-09-12 09:53:24,0.73,0.9358,9,0.72,0.923,14,0.77,0.9871,1,0.725,0.9294,2662,0
IWM190913P156,2019-09-12,2019-09-12 09:53:24,0.73,0.9358,14,0.72,0.923,60,0.77,0.9871,1,0.725,0.9294,2662,0
IWM190913P156,2019-09-12,2019-09-12 09:53:25,0.73,0.9358,14,0.72,0.923,60,0.77,0.9871,1,0.725,0.9294,2662,0
IWM190913P156,2019-09-12,2019-09-12 09:53:26,0.73,0.9358,14,0.72,0.923,92,0.77,0.9871,1,0.725,0.9294,2662,0
IWM190913P156,2019-09-12,2019-09-12 09:53:26,0.73,0.9358,14,0.72,0.923,60,0.77,0.9871,1,0.725,0.9294,2662,0
IWM190913P156,2019-09-12,2019-09-12 09:53:27,0.75,0.9615,17,0.74,0.9487,60,0.77,0.9871,1,0.745,0.9551,2662,0
IWM190913P156,2019-09-12,2019-09-12 09:53:27,0.75,0.9615,24,0.74,0.9487,13,0.77,0.9871,1,0.745,0.9551,2662,0
IWM190913P156,2019-09-12,2019-09-12 09:53:28,0.76,0.9743,17,0.74,0.9487,60,0.77,0.9871,1,0.75,0.9615,2662,0
IWM190913P156,2019-09-12,2019-09-12 09:53:28,0.76,0.9743,17,0.75,0.9615,13,0.77,0.9871,1,0.755,0.9679,2662,0
IWM190913P156,2019-09-12,2019-09-12 09:53:29,0.76,0.9743,26,0.74,0.9487,60,0.74,0.9487,20,0.75,0.9615,2682,0
IWM190913P156,2019-09-12,2019-09-12 09:53:29,0.76,0.9743,26,0.74,0.9487,24,0.74,0.9487,20,0.75,0.9615,2682,20
IWM190913P156,2019-09-12,2019-09-12 09:53:30,0.75,0.9615,5,0.73,0.9358,57,0.74,0.9487,20,0.74,0.9487,2682,0
IWM190913P156,2019-09-12,2019-09-12 09:53:30,0.75,0.9615,5,0.73,0.9358,19,0.74,0.9487,20,0.74,0.9487,2682,0
IWM190913P156,2019-09-12,2019-09-12 09:53:31,0.75,0.9615,5,0.74,0.9487,13,0.74,0.9487,20,0.745,0.9551,2682,0
IWM190913P156,2019-09-12,2019-09-12 09:53:32,0.75,0.9615,5,0.74,0.9487,60,0.74,0.9487,20,0.745,0.9551,2682,0
IWM190913P156,2019-09-12,2019-09-12 09:53:32,0.75,0.9615,10,0.73,0.9358,83,0.74,0.9487,20,0.74,0.9487,2682,0
IWM190913P156,2019-09-12,2019-09-12 09:53:33,0.75,0.9615,10,0.74,0.9487,43,0.74,0.9487,20,0.745,0.9551,2682,0
IWM190913P156,2019-09-12,2019-09-12 09:53:33,0.75,0.9615,10,0.74,0.9487,13,0.74,0.9487,20,0.745,0.9551,2682,0
IWM190913P156,2019-09-12,2019-09-12 09:53:34,0.75,0.9615,20,0.74,0.9487,13,0.74,0.9487,20,0.745,0.9551,2682,0
IWM190913P156,2019-09-12,2019-09-12 09:53:34,0.75,0.9615,10,0.74,0.9487,13,0.74,0.9487,20,0.745,0.9551,2682,0
IWM190913P156,2019-09-12,2019-09-12 09:53:35,0.75,0.9615,20,0.74,0.9487,60,0.74,0.9487,20,0.745,0.9551,2682,0
IWM190913P156,2019-09-12,2019-09-12 09:53:36,0.76,0.9743,17,0.75,0.9615,60,0.75,0.9615,20,0.755,0.9679,2702,20
IWM190913P156,2019-09-12,2019-09-12 09:53:36,0.76,0.9743,17,0.75,0.9615,49,0.75,0.9615,20,0.755,0.9679,2702,0
IWM190913P156,2019-09-12,2019-09-12 09:53:37,0.76,0.9743,17,0.75,0.9615,49,0.75,0.9615,20,0.755,0.9679,2702,0
IWM190913P156,2019-09-12,2019-09-12 09:53:38,0.76,0.9743,17,0.75,0.9615,36,0.75,0.9615,20,0.755,0.9679,2702,0
IWM190913P156,2019-09-12,2019-09-12 09:53:38,0.76,0.9743,17,0.75,0.9615,49,0.75,0.9615,20,0.755,0.9679,2702,0
IWM190913P156,2019-09-12,2019-09-12 09:53:39,0.76,0.9743,17,0.75,0.9615,36,0.75,0.9615,20,0.755,0.9679,2702,0
IWM190913P156,2019-09-12,2019-09-12 09:53:40,0.76,0.9743,61,0.74,0.9487,39,0.75,0.9615,20,0.75,0.9615,2702,0
IWM190913P156,2019-09-12,2019-09-12 09:53:40,0.74,0.9487,33,0.73,0.9358,10,0.75,0.9615,20,0.735,0.9423,2702,0
IWM190913P156,2019-09-12,2019-09-12 09:53:41,0.74,0.9487,33,0.73,0.9358,10,0.75,0.9615,20,0.735,0.9423,2702,0
IWM190913P156,2019-09-12,2019-09-12 09:53:41,0.74,0.9487,41,0.72,0.923,60,0.75,0.9615,20,0.73,0.9358,2702,0
IWM190913P156,2019-09-12,2019-09-12 09:53:42,0.74,0.9487,38,0.72,0.923,60,0.75,0.9615,20,0.73,0.9358,2702,0
IWM190913P156,2019-09-12,2019-09-12 09:53:43,0.74,0.9487,93,0.72,0.923,60,0.74,0.9487,2,0.73,0.9358,2722,20
IWM190913P156,2019-09-12,2019-09-12 09:53:43,0.74,0.9487,55,0.72,0.923,60,0.75,0.9615,20,0.73,0.9358,2702,0
IWM190913P156,2019-09-12,2019-09-12 09:53:44,0.74,0.9487,62,0.73,0.9358,22,0.72,0.923,20,0.735,0.9423,2772,0
IWM190913P156,2019-09-12,2019-09-12 09:53:44,0.74,0.9487,91,0.72,0.923,134,0.72,0.923,20,0.73,0.9358,2772,50
IWM190913P156,2019-09-12,2019-09-12 09:53:45,0.74,0.9487,113,0.71,0.9102,33,0.72,0.923,20,0.725,0.9294,2772,0
IWM190913P156,2019-09-12,2019-09-12 09:53:45,0.74,0.9487,42,0.71,0.9102,61,0.72,0.923,20,0.725,0.9294,2772,0
IWM190913P156,2019-09-12,2019-09-12 09:53:46,0.72,0.923,57,0.7,0.8974,79,0.72,0.923,20,0.71,0.9102,2772,0
IWM190913P156,2019-09-12,2019-09-12 09:53:46,0.72,0.923,57,0.7,0.8974,83,0.72,0.923,20,0.71,0.9102,2772,0
IWM190913P156,2019-09-12,2019-09-12 09:53:47,0.72,0.923,77,0.71,0.9102,13,0.72,0.923,20,0.715,0.9166,2772,0
IWM190913P156,2019-09-12,2019-09-12 09:53:47,0.72,0.923,77,0.7,0.8974,63,0.72,0.923,20,0.71,0.9102,2772,0
IWM190913P156,2019-09-12,2019-09-12 09:53:48,0.71,0.9102,13,0.7,0.8974,40,0.72,0.923,20,0.705,0.9038,2772,0
IWM190913P156,2019-09-12,2019-09-12 09:53:48,0.72,0.923,48,0.7,0.8974,63,0.72,0.923,20,0.71,0.9102,2772,0
IWM190913P156,2019-09-12,2019-09-12 09:53:49,0.71,0.9102,41,0.7,0.8974,16,0.72,0.923,20,0.705,0.9038,2772,0
IWM190913P156,2019-09-12,2019-09-12 09:53:49,0.71,0.9102,20,0.7,0.8974,29,0.72,0.923,20,0.705,0.9038,2772,0
IWM190913P156,2019-09-12,2019-09-12 09:53:50,0.71,0.9102,27,0.7,0.8974,16,0.72,0.923,20,0.705,0.9038,2772,0
IWM190913P156,2019-09-12,2019-09-12 09:53:50,0.71,0.9102,42,0.7,0.8974,29,0.72,0.923,20,0.705,0.9038,2772,0
IWM190913P156,2019-09-12,2019-09-12 09:53:51,0.72,0.923,17,0.71,0.9102,13,0.72,0.923,20,0.715,0.9166,2772,0
IWM190913P156,2019-09-12,2019-09-12 09:53:51,0.73,0.9358,58,0.71,0.9102,49,0.72,0.923,20,0.72,0.923,2772,0
IWM190913P156,2019-09-12,2019-09-12 09:53:52,0.73,0.9358,58,0.71,0.9102,49,0.72,0.923,20,0.72,0.923,2772,0
IWM190913P156,2019-09-12,2019-09-12 09:53:52,0.73,0.9358,68,0.71,0.9102,49,0.72,0.923,20,0.72,0.923,2772,0
IWM190913P156,2019-09-12,2019-09-12 09:53:53,0.73,0.9358,41,0.71,0.9102,78,0.72,0.923,20,0.72,0.923,2772,0
IWM190913P156,2019-09-12,2019-09-12 09:53:53,0.73,0.9358,33,0.71,0.9102,78,0.72,0.923,20,0.72,0.923,2772,0
IWM190913P156,2019-09-12,2019-09-12 09:53:54,0.73,0.9358,41,0.71,0.9102,78,0.72,0.923,20,0.72,0.923,2772,0
IWM190913P156,2019-09-12,2019-09-12 09:53:55,0.73,0.9358,54,0.71,0.9102,48,0.72,0.923,20,0.72,0.923,2772,0
IWM190913P156,2019-09-12,2019-09-12 09:53:55,0.73,0.9358,72,0.71,0.9102,81,0.72,0.923,20,0.72,0.923,2772,0
IWM190913P156,2019-09-12,2019-09-12 09:53:56,0.71,0.9102,11,0.7,0.8974,33,0.72,0.923,20,0.705,0.9038,2772,0
IWM190913P156,2019-09-12,2019-09-12 09:53:56,0.71,0.9102,11,0.7,0.8974,66,0.72,0.923,20,0.705,0.9038,2772,0
IWM190913P156,2019-09-12,2019-09-12 09:53:57,0.71,0.9102,11,0.7,0.8974,45,0.72,0.923,20,0.705,0.9038,2772,0
IWM190913P156,2019-09-12,2019-09-12 09:53:57,0.71,0.9102,11,0.7,0.8974,20,0.72,0.923,20,0.705,0.9038,2772,0
IWM190913P156,2019-09-12,2019-09-12 09:53:58,0.71,0.9102,11,0.7,0.8974,20,0.72,0.923,20,0.705,0.9038,2772,0
IWM190913P156,2019-09-12,2019-09-12 09:53:59,0.71,0.9102,11,0.71,0.9102,13,0.72,0.923,20,0.71,0.9102,2772,0
IWM190913P156,2019-09-12,2019-09-12 09:54:00,0.73,0.9358,80,0.71,0.9102,49,0.72,0.923,20,0.72,0.923,2772,0
IWM190913P156,2019-09-12,2019-09-12 09:54:00,0.73,0.9358,29,0.71,0.9102,16,0.72,0.923,20,0.72,0.923,2772,0
IWM190913P156,2019-09-12,2019-09-12 09:54:01,0.74,0.9487,18,0.73,0.9358,49,0.72,0.923,20,0.735,0.9423,2772,0
IWM190913P156,2019-09-12,2019-09-12 09:54:01,0.73,0.9358,45,0.72,0.923,32,0.72,0.923,20,0.725,0.9294,2772,0
IWM190913P156,2019-09-12,2019-09-12 09:54:02,0.74,0.9487,17,0.73,0.9358,49,0.72,0.923,20,0.735,0.9423,2772,0
IWM190913P156,2019-09-12,2019-09-12 09:54:02,0.75,0.9615,40,0.74,0.9487,1,0.74,0.9487,1,0.745,0.9551,2773,1
IWM190913P156,2019-09-12,2019-09-12 09:54:03,0.75,0.9615,73,0.74,0.9487,1,0.74,0.9487,1,0.745,0.9551,2773,0
IWM190913P156,2019-09-12,2019-09-12 09:54:03,0.75,0.9615,150,0.73,0.9358,10,0.74,0.9487,1,0.74,0.9487,2773,0
IWM190913P156,2019-09-12,2019-09-12 09:54:04,0.73,0.9358,25,0.72,0.923,9,0.74,0.9487,1,0.725,0.9294,2773,0
IWM190913P156,2019-09-12,2019-09-12 09:54:04,0.74,0.9487,35,0.72,0.923,17,0.74,0.9487,1,0.73,0.9358,2773,0
IWM190913P156,2019-09-12,2019-09-12 09:54:05,0.74,0.9487,13,0.73,0.9358,79,0.74,0.9487,1,0.735,0.9423,2773,0
IWM190913P156,2019-09-12,2019-09-12 09:54:06,0.76,0.9743,33,0.75,0.9615,49,0.74,0.9487,1,0.755,0.9679,2773,0
IWM190913P156,2019-09-12,2019-09-12 09:54:06,0.75,0.9615,32,0.74,0.9487,13,0.74,0.9487,1,0.745,0.9551,2773,0
IWM190913P156,2019-09-12,2019-09-12 09:54:07,0.76,0.9743,33,0.75,0.9615,49,0.74,0.9487,1,0.755,0.9679,2773,0
IWM190913P156,2019-09-12,2019-09-12 09:54:07,0.75,0.9615,7,0.75,0.9615,36,0.74,0.9487,1,0.75,0.9615,2773,0
IWM190913P156,2019-09-12,2019-09-12 09:54:08,0.76,0.9743,33,0.75,0.9615,20,0.74,0.9487,1,0.755,0.9679,2773,0
IWM190913P156,2019-09-12,2019-09-12 09:54:08,0.76,0.9743,7,0.75,0.9615,50,0.74,0.9487,1,0.755,0.9679,2773,0
IWM190913P156,2019-09-12,2019-09-12 09:54:09,0.77,0.9871,54,0.75,0.9615,60,0.74,0.9487,1,0.76,0.9743,2773,0
IWM190913P156,2019-09-12,2019-09-12 09:54:09,0.77,0.9871,54,0.75,0.9615,20,0.74,0.9487,1,0.76,0.9743,2773,0
IWM190913P156,2019-09-12,2019-09-12 09:54:10,0.77,0.9871,29,0.76,0.9743,26,0.74,0.9487,1,0.765,0.9807,2773,0
IWM190913P156,2019-09-12,2019-09-12 09:54:10,0.77,0.9871,45,0.75,0.9615,140,0.74,0.9487,1,0.76,0.9743,2773,0
IWM190913P156,2019-09-12,2019-09-12 09:54:11,0.77,0.9871,10,0.76,0.9743,103,0.74,0.9487,1,0.765,0.9807,2773,0
IWM190913P156,2019-09-12,2019-09-12 09:54:11,0.78,1.0,41,0.76,0.9743,56,0.74,0.9487,1,0.77,0.9871,2773,0
IWM190913P156,2019-09-12,2019-09-12 09:54:12,0.77,0.9871,13,0.76,0.9743,96,0.74,0.9487,1,0.765,0.9807,2773,0
IWM190913P156,2019-09-12,2019-09-12 09:54:12,0.77,0.9871,13,0.76,0.9743,119,0.74,0.9487,1,0.765,0.9807,2773,0
IWM190913P156,2019-09-12,2019-09-12 09:54:13,0.76,0.9743,4,0.75,0.9615,68,0.74,0.9487,1,0.755,0.9679,2773,0
IWM190913P156,2019-09-12,2019-09-12 09:54:13,0.77,0.9871,15,0.75,0.9615,66,0.74,0.9487,1,0.76,0.9743,2773,0
IWM190913P156,2019-09-12,2019-09-12 09:54:14,0.76,0.9743,27,0.75,0.9615,13,0.74,0.9487,1,0.755,0.9679,2773,0
IWM190913P156,2019-09-12,2019-09-12 09:54:14,0.76,0.9743,51,0.74,0.9487,83,0.74,0.9487,1,0.75,0.9615,2773,0
IWM190913P156,2019-09-12,2019-09-12 09:54:15,0.76,0.9743,41,0.74,0.9487,58,0.74,0.9487,1,0.75,0.9615,2773,0
IWM190913P156,2019-09-12,2019-09-12 09:54:15,0.76,0.9743,71,0.74,0.9487,83,0.74,0.9487,1,0.75,0.9615,2773,0
IWM190913P156,2019-09-12,2019-09-12 09:54:16,0.76,0.9743,78,0.74,0.9487,27,0.74,0.9487,1,0.75,0.9615,2773,0
IWM190913P156,2019-09-12,2019-09-12 09:54:16,0.76,0.9743,4,0.74,0.9487,58,0.74,0.9487,1,0.75,0.9615,2773,0
IWM190913P156,2019-09-12,2019-09-12 09:54:17,0.76,0.9743,198,0.73,0.9358,14,0.76,0.9743,10,0.745,0.9551,2783,0
IWM190913P156,2019-09-12,2019-09-12 09:54:17,0.76,0.9743,126,0.74,0.9487,16,0.76,0.9743,10,0.75,0.9615,2783,10
IWM190913P156,2019-09-12,2019-09-12 09:54:18,0.74,0.9487,11,0.73,0.9358,13,0.76,0.9743,10,0.735,0.9423,2783,0
IWM190913P156,2019-09-12,2019-09-12 09:54:18,0.74,0.9487,1,0.73,0.9358,60,0.76,0.9743,10,0.735,0.9423,2783,0
IWM190913P156,2019-09-12,2019-09-12 09:54:19,0.74,0.9487,20,0.72,0.923,60,0.76,0.9743,10,0.73,0.9358,2783,0
IWM190913P156,2019-09-12,2019-09-12 09:54:20,0.75,0.9615,22,0.73,0.9358,60,0.76,0.9743,10,0.74,0.9487,2783,0
IWM190913P156,2019-09-12,2019-09-12 09:54:20,0.75,0.9615,33,0.73,0.9358,60,0.76,0.9743,10,0.74,0.9487,2783,0
IWM190913P156,2019-09-12,2019-09-12 09:54:21,0.78,1.0,40,0.76,0.9743,49,0.77,0.9871,5,0.77,0.9871,2788,5
IWM190913P156,2019-09-12,2019-09-12 09:54:21,0.76,0.9743,16,0.75,0.9615,13,0.76,0.9743,10,0.755,0.9679,2783,0
IWM190913P156,2019-09-12,2019-09-12 09:54:22,0.78,1.0,40,0.76,0.9743,49,0.77,0.9871,5,0.77,0.9871,2788,0
IWM190913P156,2019-09-12,2019-09-12 09:54:22,0.78,1.0,56,0.76,0.9743,52,0.77,0.9871,5,0.77,0.9871,2788,0
IWM190913P156,2019-09-12,2019-09-12 09:54:23,0.78,1.0,32,0.76,0.9743,49,0.77,0.9871,5,0.77,0.9871,2788,0
IWM190913P156,2019-09-12,2019-09-12 09:54:23,0.76,0.9743,7,0.75,0.9615,13,0.77,0.9871,5,0.755,0.9679,2788,0
IWM190913P156,2019-09-12,2019-09-12 09:54:24,0.76,0.9743,7,0.75,0.9615,4,0.77,0.9871,5,0.755,0.9679,2788,0
IWM190913P156,2019-09-12,2019-09-12 09:54:24,0.76,0.9743,18,0.74,0.9487,60,0.77,0.9871,5,0.75,0.9615,2788,0
IWM190913P156,2019-09-12,2019-09-12 09:54:25,0.76,0.9743,51,0.74,0.9487,22,0.77,0.9871,5,0.75,0.9615,2788,0
IWM190913P156,2019-09-12,2019-09-12 09:54:25,0.76,0.9743,7,0.75,0.9615,4,0.77,0.9871,5,0.755,0.9679,2788,0
IWM190913P156,2019-09-12,2019-09-12 09:54:26,0.75,0.9615,67,0.73,0.9358,60,0.77,0.9871,5,0.74,0.9487,2788,0
IWM190913P156,2019-09-12,2019-09-12 09:54:26,0.74,0.9487,13,0.73,0.9358,60,0.77,0.9871,5,0.735,0.9423,2788,0
IWM190913P156,2019-09-12,2019-09-12 09:54:27,0.75,0.9615,27,0.73,0.9358,60,0.77,0.9871,5,0.74,0.9487,2788,0
IWM190913P156,2019-09-12,2019-09-12 09:54:27,0.75,0.9615,27,0.73,0.9358,88,0.77,0.9871,5,0.74,0.9487,2788,0
IWM190913P156,2019-09-12,2019-09-12 09:54:28,0.75,0.9615,27,0.73,0.9358,66,0.77,0.9871,5,0.74,0.9487,2788,0
IWM190913P156,2019-09-12,2019-09-12 09:54:28,0.73,0.9358,13,0.72,0.923,66,0.77,0.9871,5,0.725,0.9294,2788,0
IWM190913P156,2019-09-12,2019-09-12 09:54:29,0.74,0.9487,79,0.72,0.923,87,0.77,0.9871,5,0.73,0.9358,2788,0
IWM190913P156,2019-09-12,2019-09-12 09:54:29,0.74,0.9487,51,0.72,0.923,87,0.77,0.9871,5,0.73,0.9358,2788,0
IWM190913P156,2019-09-12,2019-09-12 09:54:30,0.74,0.9487,83,0.72,0.923,73,0.77,0.9871,5,0.73,0.9358,2788,0
IWM190913P156,2019-09-12,2019-09-12 09:54:30,0.74,0.9487,96,0.72,0.923,32,0.77,0.9871,5,0.73,0.9358,2788,0
IWM190913P156,2019-09-12,2019-09-12 09:54:31,0.74,0.9487,95,0.72,0.923,30,0.77,0.9871,5,0.73,0.9358,2788,0
IWM190913P156,2019-09-12,2019-09-12 09:54:31,0.74,0.9487,83,0.72,0.923,34,0.77,0.9871,5,0.73,0.9358,2788,0
IWM190913P156,2019-09-12,2019-09-12 09:54:32,0.74,0.9487,83,0.72,0.923,47,0.77,0.9871,5,0.73,0.9358,2788,0
IWM190913P156,2019-09-12,2019-09-12 09:54:32,0.74,0.9487,83,0.72,0.923,3,0.77,0.9871,5,0.73,0.9358,2788,0
IWM190913P156,2019-09-12,2019-09-12 09:54:33,0.74,0.9487,44,0.73,0.9358,5,0.77,0.9871,5,0.735,0.9423,2788,0
IWM190913P156,2019-09-12,2019-09-12 09:54:33,0.74,0.9487,92,0.72,0.923,16,0.77,0.9871,5,0.73,0.9358,2788,0
IWM190913P156,2019-09-12,2019-09-12 09:54:34,0.74,0.9487,50,0.73,0.9358,5,0.77,0.9871,5,0.735,0.9423,2788,0
IWM190913P156,2019-09-12,2019-09-12 09:54:34,0.74,0.9487,73,0.73,0.9358,5,0.77,0.9871,5,0.735,0.9423,2788,0
IWM190913P156,2019-09-12,2019-09-12 09:54:35,0.74,0.9487,17,0.73,0.9358,60,0.77,0.9871,5,0.735,0.9423,2788,0
IWM190913P156,2019-09-12,2019-09-12 09:54:35,0.74,0.9487,17,0.73,0.9358,35,0.77,0.9871,5,0.735,0.9423,2788,0
IWM190913P156,2019-09-12,2019-09-12 09:54:36,0.74,0.9487,78,0.73,0.9358,5,0.77,0.9871,5,0.735,0.9423,2788,0
IWM190913P156,2019-09-12,2019-09-12 09:54:36,0.73,0.9358,1,0.73,0.9358,5,0.73,0.9358,2,0.73,0.9358,2793,5
IWM190913P156,2019-09-12,2019-09-12 09:54:37,0.73,0.9358,1,0.71,0.9102,67,0.73,0.9358,2,0.72,0.923,2793,0
IWM190913P156,2019-09-12,2019-09-12 09:54:37,0.73,0.9358,1,0.71,0.9102,131,0.73,0.9358,2,0.72,0.923,2793,0
IWM190913P156,2019-09-12,2019-09-12 09:54:38,0.73,0.9358,16,0.71,0.9102,63,0.73,0.9358,2,0.72,0.923,2793,0
IWM190913P156,2019-09-12,2019-09-12 09:54:38,0.73,0.9358,1,0.71,0.9102,66,0.73,0.9358,2,0.72,0.923,2793,0
IWM190913P156,2019-09-12,2019-09-12 09:54:39,0.73,0.9358,1,0.71,0.9102,66,0.73,0.9358,2,0.72,0.923,2793,0
IWM190913P156,2019-09-12,2019-09-12 09:54:39,0.74,0.9487,51,0.71,0.9102,66,0.73,0.9358,2,0.725,0.9294,2793,0
IWM190913P156,2019-09-12,2019-09-12 09:54:40,0.74,0.9487,24,0.71,0.9102,66,0.73,0.9358,2,0.725,0.9294,2793,0
IWM190913P156,2019-09-12,2019-09-12 09:54:41,0.74,0.9487,58,0.72,0.923,8,0.73,0.9358,2,0.73,0.9358,2793,0
IWM190913P156,2019-09-12,2019-09-12 09:54:41,0.74,0.9487,58,0.72,0.923,60,0.73,0.9358,2,0.73,0.9358,2793,0
IWM190913P156,2019-09-12,2019-09-12 09:54:42,0.73,0.9358,29,0.71,0.9102,66,0.73,0.9358,2,0.72,0.923,2793,0
IWM190913P156,2019-09-12,2019-09-12 09:54:42,0.74,0.9487,113,0.72,0.923,25,0.73,0.9358,2,0.73,0.9358,2793,0
IWM190913P156,2019-09-12,2019-09-12 09:54:43,0.73,0.9358,36,0.71,0.9102,123,0.73,0.9358,2,0.72,0.923,2793,0
IWM190913P156,2019-09-12,2019-09-12 09:54:43,0.73,0.9358,16,0.71,0.9102,81,0.73,0.9358,2,0.72,0.923,2793,0
IWM190913P156,2019-09-12,2019-09-12 09:54:44,0.73,0.9358,56,0.71,0.9102,66,0.73,0.9358,2,0.72,0.923,2793,0
IWM190913P156,2019-09-12,2019-09-12 09:54:44,0.73,0.9358,38,0.71,0.9102,81,0.73,0.9358,2,0.72,0.923,2793,0
IWM190913P156,2019-09-12,2019-09-12 09:54:45,0.72,0.923,41,0.7,0.8974,20,0.73,0.9358,2,0.71,0.9102,2793,0
IWM190913P156,2019-09-12,2019-09-12 09:54:46,0.72,0.923,40,0.7,0.8974,66,0.73,0.9358,2,0.71,0.9102,2793,0
IWM190913P156,2019-09-12,2019-09-12 09:54:46,0.72,0.923,59,0.7,0.8974,60,0.73,0.9358,2,0.71,0.9102,2793,0
IWM190913P156,2019-09-12,2019-09-12 09:54:47,0.72,0.923,40,0.7,0.8974,74,0.73,0.9358,2,0.71,0.9102,2793,0
IWM190913P156,2019-09-12,2019-09-12 09:54:47,0.72,0.923,66,0.7,0.8974,64,0.73,0.9358,2,0.71,0.9102,2793,0
IWM190913P156,2019-09-12,2019-09-12 09:54:48,0.72,0.923,76,0.69,0.8846,58,0.73,0.9358,2,0.705,0.9038,2793,0
IWM190913P156,2019-09-12,2019-09-12 09:54:48,0.72,0.923,76,0.7,0.8974,61,0.73,0.9358,2,0.71,0.9102,2793,0
IWM190913P156,2019-09-12,2019-09-12 09:54:49,0.7,0.8974,13,0.69,0.8846,58,0.73,0.9358,2,0.695,0.891,2793,0
IWM190913P156,2019-09-12,2019-09-12 09:54:50,0.7,0.8974,13,0.69,0.8846,51,0.68,0.8717,37,0.695,0.891,2843,50
IWM190913P156,2019-09-12,2019-09-12 09:54:50,0.7,0.8974,60,0.68,0.8717,66,0.73,0.9358,2,0.69,0.8846,2793,0
IWM190913P156,2019-09-12,2019-09-12 09:54:51,0.7,0.8974,13,0.69,0.8846,51,0.68,0.8717,37,0.695,0.891,2843,0
IWM190913P156,2019-09-12,2019-09-12 09:54:51,0.7,0.8974,13,0.69,0.8846,8,0.68,0.8717,37,0.695,0.891,2843,0
IWM190913P156,2019-09-12,2019-09-12 09:54:52,0.7,0.8974,13,0.69,0.8846,51,0.68,0.8717,37,0.695,0.891,2843,0
IWM190913P156,2019-09-12,2019-09-12 09:54:53,0.7,0.8974,20,0.69,0.8846,60,0.68,0.8717,37,0.695,0.891,2843,0
IWM190913P156,2019-09-12,2019-09-12 09:54:54,0.7,0.8974,20,0.69,0.8846,8,0.68,0.8717,37,0.695,0.891,2843,0
IWM190913P156,2019-09-12,2019-09-12 09:54:55,0.7,0.8974,35,0.69,0.8846,8,0.68,0.8717,37,0.695,0.891,2843,0
IWM190913P156,2019-09-12,2019-09-12 09:54:55,0.69,0.8846,41,0.68,0.8717,2,0.68,0.8717,37,0.685,0.8782,2843,0
IWM190913P156,2019-09-12,2019-09-12 09:54:56,0.69,0.8846,13,0.67,0.8589,112,0.68,0.8717,37,0.68,0.8717,2843,0
IWM190913P156,2019-09-12,2019-09-12 09:54:56,0.69,0.8846,50,0.67,0.8589,176,0.68,0.8717,37,0.68,0.8717,2843,0
IWM190913P156,2019-09-12,2019-09-12 09:54:57,0.68,0.8717,14,0.67,0.8589,66,0.68,0.8717,37,0.675,0.8653,2843,0
IWM190913P156,2019-09-12,2019-09-12 09:54:57,0.69,0.8846,29,0.67,0.8589,155,0.68,0.8717,37,0.68,0.8717,2843,0
IWM190913P156,2019-09-12,2019-09-12 09:54:58,0.69,0.8846,29,0.68,0.8717,52,0.68,0.8717,37,0.685,0.8782,2843,0
IWM190913P156,2019-09-12,2019-09-12 09:54:58,0.69,0.8846,15,0.67,0.8589,57,0.68,0.8717,37,0.68,0.8717,2843,0
IWM190913P156,2019-09-12,2019-09-12 09:54:59,0.68,0.8717,14,0.67,0.8589,83,0.68,0.8717,37,0.675,0.8653,2843,0
IWM190913P156,2019-09-12,2019-09-12 09:54:59,0.69,0.8846,15,0.67,0.8589,93,0.68,0.8717,37,0.68,0.8717,2843,0
IWM190913P156,2019-09-12,2019-09-12 09:55:00,0.68,0.8717,43,0.66,0.8461,67,0.68,0.8717,37,0.67,0.8589,2843,0
IWM190913P156,2019-09-12,2019-09-12 09:55:00,0.68,0.8717,43,0.67,0.8589,40,0.68,0.8717,37,0.675,0.8653,2843,0
IWM190913P156,2019-09-12,2019-09-12 09:55:01,0.68,0.8717,81,0.66,0.8461,93,0.68,0.8717,37,0.67,0.8589,2843,0
IWM190913P156,2019-09-12,2019-09-12 09:55:01,0.69,0.8846,64,0.67,0.8589,83,0.68,0.8717,37,0.68,0.8717,2843,0
IWM190913P156,2019-09-12,2019-09-12 09:55:02,0.68,0.8717,17,0.67,0.8589,147,0.68,0.8717,37,0.675,0.8653,2843,0
IWM190913P156,2019-09-12,2019-09-12 09:55:03,0.68,0.8717,17,0.67,0.8589,96,0.68,0.8717,37,0.675,0.8653,2843,0
IWM190913P156,2019-09-12,2019-09-12 09:55:04,0.68,0.8717,17,0.67,0.8589,96,0.68,0.8717,37,0.675,0.8653,2843,0
IWM190913P156,2019-09-12,2019-09-12 09:55:05,0.68,0.8717,64,0.67,0.8589,10,0.68,0.8717,37,0.675,0.8653,2843,0
IWM190913P156,2019-09-12,2019-09-12 09:55:05,0.68,0.8717,17,0.67,0.8589,96,0.68,0.8717,37,0.675,0.8653,2843,0
IWM190913P156,2019-09-12,2019-09-12 09:55:06,0.68,0.8717,32,0.66,0.8461,113,0.68,0.8717,37,0.67,0.8589,2843,0
IWM190913P156,2019-09-12,2019-09-12 09:55:06,0.68,0.8717,50,0.66,0.8461,113,0.68,0.8717,37,0.67,0.8589,2843,0
IWM190913P156,2019-09-12,2019-09-12 09:55:07,0.68,0.8717,41,0.67,0.8589,83,0.68,0.8717,37,0.675,0.8653,2843,0
IWM190913P156,2019-09-12,2019-09-12 09:55:07,0.68,0.8717,41,0.67,0.8589,66,0.68,0.8717,37,0.675,0.8653,2843,0
IWM190913P156,2019-09-12,2019-09-12 09:55:08,0.68,0.8717,41,0.66,0.8461,67,0.67,0.8589,1,0.67,0.8589,2844,1
IWM190913P156,2019-09-12,2019-09-12 09:55:08,0.67,0.8589,1,0.66,0.8461,67,0.67,0.8589,1,0.665,0.8525,2844,0
IWM190913P156,2019-09-12,2019-09-12 09:55:09,0.68,0.8717,39,0.66,0.8461,60,0.67,0.8589,1,0.67,0.8589,2844,0
IWM190913P156,2019-09-12,2019-09-12 09:55:09,0.69,0.8846,39,0.67,0.8589,99,0.67,0.8589,1,0.68,0.8717,2844,0
IWM190913P156,2019-09-12,2019-09-12 09:55:10,0.69,0.8846,26,0.67,0.8589,110,0.67,0.8589,1,0.68,0.8717,2844,0
IWM190913P156,2019-09-12,2019-09-12 09:55:11,0.69,0.8846,26,0.68,0.8717,41,0.67,0.8589,1,0.685,0.8782,2844,0
IWM190913P156,2019-09-12,2019-09-12 09:55:11,0.69,0.8846,17,0.68,0.8717,71,0.69,0.8846,10,0.685,0.8782,2854,10
IWM190913P156,2019-09-12,2019-09-12 09:55:12,0.69,0.8846,17,0.68,0.8717,71,0.69,0.8846,10,0.685,0.8782,2854,0
IWM190913P156,2019-09-12,2019-09-12 09:55:13,0.71,0.9102,58,0.69,0.8846,64,0.69,0.8846,17,0.7,0.8974,2871,17
