symbol,Date,quote_time,ask_price,norm_ask_price,ask_size,bid_price,norm_bid_price,bid_size,last_trade_price,norm_last_trade_price,last_trade_size,mark_price,norm_mark_price,volume,Volume
IWM191018P145,2019-10-11,2019-10-11 09:30:00,0.54,1.0,30,0.5,0.9259,1,0.52,0.9629,1,0.52,0.9629,1,0
IWM191018P145,2019-10-11,2019-10-11 09:30:00,0.54,1.0,30,0.5,0.9259,1,0.52,0.9629,1,0.52,0.9629,1,1
IWM191018P145,2019-10-11,2019-10-11 09:30:01,0.54,1.0,30,0.5,0.9259,1,0.52,0.9629,1,0.52,0.9629,1,0
IWM191018P145,2019-10-11,2019-10-11 09:30:01,0.54,1.0,58,0.5,0.9259,1,0.52,0.9629,1,0.52,0.9629,1,0
IWM191018P145,2019-10-11,2019-10-11 09:30:02,0.54,1.0,58,0.5,0.9259,1,0.48,0.8888,1,0.52,0.9629,2,1
IWM191018P145,2019-10-11,2019-10-11 09:30:02,0.54,1.0,58,0.5,0.9259,1,0.52,0.9629,1,0.52,0.9629,1,0
IWM191018P145,2019-10-11,2019-10-11 09:30:03,0.54,1.0,58,0.5,0.9259,1,0.48,0.8888,1,0.52,0.9629,2,0
IWM191018P145,2019-10-11,2019-10-11 09:30:04,0.54,1.0,58,0.5,0.9259,1,0.48,0.8888,1,0.52,0.9629,2,0
IWM191018P145,2019-10-11,2019-10-11 09:30:05,0.54,1.0,58,0.5,0.9259,1,0.48,0.8888,1,0.52,0.9629,2,0
IWM191018P145,2019-10-11,2019-10-11 09:30:06,0.53,0.9814,242,0.5,0.9259,1,0.48,0.8888,1,0.515,0.9537,2,0
IWM191018P145,2019-10-11,2019-10-11 09:30:06,0.54,1.0,58,0.5,0.9259,1,0.48,0.8888,1,0.52,0.9629,2,0
IWM191018P145,2019-10-11,2019-10-11 09:30:07,0.53,0.9814,30,0.5,0.9259,1,0.48,0.8888,1,0.515,0.9537,2,0
IWM191018P145,2019-10-11,2019-10-11 09:30:08,0.53,0.9814,326,0.5,0.9259,1,0.48,0.8888,1,0.515,0.9537,2,0
IWM191018P145,2019-10-11,2019-10-11 09:30:09,0.53,0.9814,326,0.5,0.9259,1,0.48,0.8888,1,0.515,0.9537,2,0
IWM191018P145,2019-10-11,2019-10-11 09:30:10,0.52,0.9629,19,0.5,0.9259,1,0.5,0.9259,1,0.51,0.9444,3,0
IWM191018P145,2019-10-11,2019-10-11 09:30:10,0.53,0.9814,326,0.5,0.9259,1,0.5,0.9259,1,0.515,0.9537,3,1
IWM191018P145,2019-10-11,2019-10-11 09:30:11,0.52,0.9629,230,0.5,0.9259,1,0.5,0.9259,1,0.51,0.9444,3,0
IWM191018P145,2019-10-11,2019-10-11 09:30:12,0.52,0.9629,230,0.5,0.9259,1,0.5,0.9259,1,0.51,0.9444,3,0
IWM191018P145,2019-10-11,2019-10-11 09:30:13,0.52,0.9629,285,0.5,0.9259,1,0.42,0.7777,1,0.51,0.9444,4,0
IWM191018P145,2019-10-11,2019-10-11 09:30:13,0.52,0.9629,230,0.5,0.9259,1,0.42,0.7777,1,0.51,0.9444,4,1
IWM191018P145,2019-10-11,2019-10-11 09:30:14,0.52,0.9629,285,0.5,0.9259,1,0.42,0.7777,1,0.51,0.9444,4,0
IWM191018P145,2019-10-11,2019-10-11 09:30:15,0.52,0.9629,285,0.5,0.9259,1,0.5,0.9259,1,0.51,0.9444,5,1
IWM191018P145,2019-10-11,2019-10-11 09:30:15,0.52,0.9629,285,0.5,0.9259,1,0.5,0.9259,1,0.51,0.9444,5,0
IWM191018P145,2019-10-11,2019-10-11 09:30:16,0.52,0.9629,325,0.5,0.9259,1,0.5,0.9259,1,0.51,0.9444,5,0
IWM191018P145,2019-10-11,2019-10-11 09:30:17,0.51,0.9444,303,0.5,0.9259,1,0.5,0.9259,1,0.505,0.9351,5,0
IWM191018P145,2019-10-11,2019-10-11 09:30:17,0.52,0.9629,325,0.5,0.9259,1,0.5,0.9259,1,0.51,0.9444,5,0
IWM191018P145,2019-10-11,2019-10-11 09:30:18,0.51,0.9444,356,0.5,0.9259,1,0.49,0.9074,1,0.505,0.9351,7,2
IWM191018P145,2019-10-11,2019-10-11 09:30:18,0.5,0.9259,352,0.47,0.8703,272,0.49,0.9074,1,0.485,0.8981,7,0
IWM191018P145,2019-10-11,2019-10-11 09:30:19,0.5,0.9259,352,0.47,0.8703,272,0.49,0.9074,1,0.485,0.8981,7,0
IWM191018P145,2019-10-11,2019-10-11 09:30:19,0.5,0.9259,368,0.46,0.8518,248,0.49,0.9074,1,0.48,0.8888,7,0
IWM191018P145,2019-10-11,2019-10-11 09:30:20,0.5,0.9259,395,0.46,0.8518,327,0.49,0.9074,1,0.48,0.8888,7,0
IWM191018P145,2019-10-11,2019-10-11 09:30:21,0.5,0.9259,395,0.46,0.8518,327,0.49,0.9074,1,0.48,0.8888,7,0
IWM191018P145,2019-10-11,2019-10-11 09:30:22,0.5,0.9259,395,0.46,0.8518,272,0.49,0.9074,1,0.48,0.8888,7,0
IWM191018P145,2019-10-11,2019-10-11 09:30:23,0.5,0.9259,395,0.46,0.8518,248,0.49,0.9074,1,0.48,0.8888,7,0
IWM191018P145,2019-10-11,2019-10-11 09:30:23,0.49,0.9074,248,0.46,0.8518,272,0.49,0.9074,1,0.475,0.8796,7,0
IWM191018P145,2019-10-11,2019-10-11 09:30:24,0.49,0.9074,248,0.46,0.8518,272,0.49,0.9074,1,0.475,0.8796,7,0
IWM191018P145,2019-10-11,2019-10-11 09:30:24,0.49,0.9074,303,0.46,0.8518,272,0.49,0.9074,1,0.475,0.8796,7,0
IWM191018P145,2019-10-11,2019-10-11 09:30:25,0.49,0.9074,303,0.46,0.8518,272,0.49,0.9074,1,0.475,0.8796,7,0
IWM191018P145,2019-10-11,2019-10-11 09:30:26,0.49,0.9074,303,0.46,0.8518,272,0.49,0.9074,1,0.475,0.8796,7,0
IWM191018P145,2019-10-11,2019-10-11 09:30:27,0.49,0.9074,303,0.46,0.8518,272,0.49,0.9074,1,0.475,0.8796,7,0
IWM191018P145,2019-10-11,2019-10-11 09:30:27,0.49,0.9074,248,0.46,0.8518,272,0.49,0.9074,1,0.475,0.8796,7,0
IWM191018P145,2019-10-11,2019-10-11 09:30:28,0.49,0.9074,303,0.46,0.8518,272,0.49,0.9074,1,0.475,0.8796,7,0
IWM191018P145,2019-10-11,2019-10-11 09:30:29,0.49,0.9074,462,0.45,0.8333,468,0.49,0.9074,1,0.47,0.8703,7,0
IWM191018P145,2019-10-11,2019-10-11 09:30:29,0.49,0.9074,440,0.46,0.8518,272,0.49,0.9074,1,0.475,0.8796,7,0
IWM191018P145,2019-10-11,2019-10-11 09:30:30,0.49,0.9074,553,0.45,0.8333,435,0.49,0.9074,1,0.47,0.8703,7,0
IWM191018P145,2019-10-11,2019-10-11 09:30:31,0.49,0.9074,553,0.45,0.8333,435,0.49,0.9074,1,0.47,0.8703,7,0
IWM191018P145,2019-10-11,2019-10-11 09:30:32,0.49,0.9074,572,0.45,0.8333,435,0.49,0.9074,1,0.47,0.8703,7,0
IWM191018P145,2019-10-11,2019-10-11 09:30:32,0.49,0.9074,553,0.45,0.8333,435,0.49,0.9074,1,0.47,0.8703,7,0
IWM191018P145,2019-10-11,2019-10-11 09:30:33,0.49,0.9074,703,0.45,0.8333,445,0.49,0.9074,1,0.47,0.8703,7,0
IWM191018P145,2019-10-11,2019-10-11 09:30:33,0.49,0.9074,572,0.45,0.8333,445,0.49,0.9074,1,0.47,0.8703,7,0
IWM191018P145,2019-10-11,2019-10-11 09:30:34,0.49,0.9074,703,0.45,0.8333,435,0.49,0.9074,1,0.47,0.8703,7,0
IWM191018P145,2019-10-11,2019-10-11 09:30:34,0.48,0.8888,336,0.45,0.8333,425,0.49,0.9074,1,0.465,0.8611,7,0
IWM191018P145,2019-10-11,2019-10-11 09:30:35,0.48,0.8888,336,0.45,0.8333,425,0.49,0.9074,1,0.465,0.8611,7,0
IWM191018P145,2019-10-11,2019-10-11 09:30:36,0.48,0.8888,284,0.45,0.8333,432,0.49,0.9074,1,0.465,0.8611,7,0
IWM191018P145,2019-10-11,2019-10-11 09:30:36,0.48,0.8888,37,0.45,0.8333,432,0.49,0.9074,1,0.465,0.8611,7,0
IWM191018P145,2019-10-11,2019-10-11 09:30:37,0.48,0.8888,311,0.45,0.8333,304,0.49,0.9074,1,0.465,0.8611,7,0
IWM191018P145,2019-10-11,2019-10-11 09:30:37,0.48,0.8888,311,0.45,0.8333,422,0.49,0.9074,1,0.465,0.8611,7,0
IWM191018P145,2019-10-11,2019-10-11 09:30:38,0.48,0.8888,311,0.45,0.8333,304,0.49,0.9074,1,0.465,0.8611,7,0
IWM191018P145,2019-10-11,2019-10-11 09:30:38,0.48,0.8888,366,0.45,0.8333,304,0.49,0.9074,1,0.465,0.8611,7,0
IWM191018P145,2019-10-11,2019-10-11 09:30:39,0.48,0.8888,366,0.45,0.8333,20,0.49,0.9074,1,0.465,0.8611,7,0
IWM191018P145,2019-10-11,2019-10-11 09:30:39,0.48,0.8888,366,0.45,0.8333,294,0.49,0.9074,1,0.465,0.8611,7,0
IWM191018P145,2019-10-11,2019-10-11 09:30:40,0.48,0.8888,334,0.45,0.8333,304,0.49,0.9074,1,0.465,0.8611,7,0
IWM191018P145,2019-10-11,2019-10-11 09:30:40,0.48,0.8888,366,0.45,0.8333,20,0.49,0.9074,1,0.465,0.8611,7,0
IWM191018P145,2019-10-11,2019-10-11 09:30:41,0.48,0.8888,347,0.45,0.8333,281,0.45,0.8333,1,0.465,0.8611,8,1
IWM191018P145,2019-10-11,2019-10-11 09:30:41,0.48,0.8888,347,0.45,0.8333,281,0.45,0.8333,1,0.465,0.8611,8,0
IWM191018P145,2019-10-11,2019-10-11 09:30:42,0.48,0.8888,362,0.45,0.8333,267,0.45,0.8333,1,0.465,0.8611,8,0
IWM191018P145,2019-10-11,2019-10-11 09:30:42,0.48,0.8888,362,0.45,0.8333,281,0.45,0.8333,1,0.465,0.8611,8,0
IWM191018P145,2019-10-11,2019-10-11 09:30:43,0.48,0.8888,362,0.45,0.8333,267,0.45,0.8333,1,0.465,0.8611,8,0
IWM191018P145,2019-10-11,2019-10-11 09:30:43,0.48,0.8888,362,0.45,0.8333,20,0.45,0.8333,1,0.465,0.8611,8,0
IWM191018P145,2019-10-11,2019-10-11 09:30:44,0.48,0.8888,362,0.45,0.8333,20,0.45,0.8333,1,0.465,0.8611,8,0
IWM191018P145,2019-10-11,2019-10-11 09:30:44,0.47,0.8703,280,0.45,0.8333,20,0.45,0.8333,1,0.46,0.8518,8,0
IWM191018P145,2019-10-11,2019-10-11 09:30:45,0.47,0.8703,280,0.45,0.8333,20,0.45,0.8333,1,0.46,0.8518,8,0
IWM191018P145,2019-10-11,2019-10-11 09:30:46,0.47,0.8703,341,0.45,0.8333,20,0.45,0.8333,1,0.46,0.8518,8,0
IWM191018P145,2019-10-11,2019-10-11 09:30:47,0.47,0.8703,289,0.45,0.8333,20,0.45,0.8333,1,0.46,0.8518,8,0
IWM191018P145,2019-10-11,2019-10-11 09:30:48,0.47,0.8703,289,0.45,0.8333,20,0.45,0.8333,1,0.46,0.8518,8,0
IWM191018P145,2019-10-11,2019-10-11 09:30:49,0.47,0.8703,289,0.45,0.8333,22,0.45,0.8333,1,0.46,0.8518,8,0
IWM191018P145,2019-10-11,2019-10-11 09:30:49,0.47,0.8703,289,0.45,0.8333,20,0.45,0.8333,1,0.46,0.8518,8,0
IWM191018P145,2019-10-11,2019-10-11 09:30:50,0.47,0.8703,280,0.44,0.8148,357,0.45,0.8333,1,0.455,0.8425,8,0
IWM191018P145,2019-10-11,2019-10-11 09:30:51,0.47,0.8703,280,0.45,0.8333,22,0.45,0.8333,1,0.46,0.8518,8,0
IWM191018P145,2019-10-11,2019-10-11 09:30:52,0.47,0.8703,11,0.44,0.8148,248,0.45,0.8333,1,0.455,0.8425,8,0
IWM191018P145,2019-10-11,2019-10-11 09:30:52,0.47,0.8703,280,0.45,0.8333,22,0.45,0.8333,1,0.46,0.8518,8,0
IWM191018P145,2019-10-11,2019-10-11 09:30:53,0.47,0.8703,41,0.46,0.8518,20,0.45,0.8333,1,0.465,0.8611,8,0
IWM191018P145,2019-10-11,2019-10-11 09:30:53,0.47,0.8703,11,0.45,0.8333,76,0.45,0.8333,1,0.46,0.8518,8,0
IWM191018P145,2019-10-11,2019-10-11 09:30:54,0.47,0.8703,55,0.46,0.8518,20,0.45,0.8333,1,0.465,0.8611,8,0
IWM191018P145,2019-10-11,2019-10-11 09:30:54,0.47,0.8703,83,0.46,0.8518,20,0.45,0.8333,1,0.465,0.8611,8,0
IWM191018P145,2019-10-11,2019-10-11 09:30:55,0.47,0.8703,41,0.46,0.8518,20,0.45,0.8333,1,0.465,0.8611,8,0
IWM191018P145,2019-10-11,2019-10-11 09:30:56,0.48,0.8888,509,0.46,0.8518,20,0.45,0.8333,1,0.47,0.8703,8,0
IWM191018P145,2019-10-11,2019-10-11 09:30:56,0.47,0.8703,306,0.45,0.8333,20,0.45,0.8333,1,0.46,0.8518,8,0
IWM191018P145,2019-10-11,2019-10-11 09:30:57,0.47,0.8703,317,0.45,0.8333,22,0.45,0.8333,1,0.46,0.8518,8,0
IWM191018P145,2019-10-11,2019-10-11 09:30:57,0.47,0.8703,294,0.45,0.8333,22,0.45,0.8333,1,0.46,0.8518,8,0
IWM191018P145,2019-10-11,2019-10-11 09:30:58,0.47,0.8703,308,0.45,0.8333,22,0.45,0.8333,1,0.46,0.8518,8,0
IWM191018P145,2019-10-11,2019-10-11 09:30:58,0.47,0.8703,294,0.46,0.8518,20,0.45,0.8333,1,0.465,0.8611,8,0
IWM191018P145,2019-10-11,2019-10-11 09:30:59,0.47,0.8703,293,0.45,0.8333,22,0.45,0.8333,1,0.46,0.8518,8,0
IWM191018P145,2019-10-11,2019-10-11 09:31:00,0.47,0.8703,471,0.45,0.8333,22,0.45,0.8333,1,0.46,0.8518,8,0
IWM191018P145,2019-10-11,2019-10-11 09:31:00,0.47,0.8703,293,0.45,0.8333,22,0.45,0.8333,1,0.46,0.8518,8,0
IWM191018P145,2019-10-11,2019-10-11 09:31:01,0.47,0.8703,471,0.45,0.8333,20,0.45,0.8333,1,0.46,0.8518,8,0
IWM191018P145,2019-10-11,2019-10-11 09:31:02,0.46,0.8518,31,0.45,0.8333,22,0.45,0.8333,1,0.455,0.8425,8,0
IWM191018P145,2019-10-11,2019-10-11 09:31:02,0.46,0.8518,227,0.45,0.8333,22,0.45,0.8333,1,0.455,0.8425,8,0
IWM191018P145,2019-10-11,2019-10-11 09:31:03,0.47,0.8703,465,0.45,0.8333,22,0.45,0.8333,1,0.46,0.8518,8,0
IWM191018P145,2019-10-11,2019-10-11 09:31:03,0.47,0.8703,465,0.45,0.8333,20,0.45,0.8333,1,0.46,0.8518,8,0
IWM191018P145,2019-10-11,2019-10-11 09:31:04,0.46,0.8518,41,0.45,0.8333,22,0.45,0.8333,1,0.455,0.8425,8,0
IWM191018P145,2019-10-11,2019-10-11 09:31:05,0.46,0.8518,217,0.44,0.8148,22,0.45,0.8333,1,0.45,0.8333,8,0
IWM191018P145,2019-10-11,2019-10-11 09:31:06,0.46,0.8518,256,0.45,0.8333,20,0.45,0.8333,1,0.455,0.8425,8,0
IWM191018P145,2019-10-11,2019-10-11 09:31:06,0.46,0.8518,217,0.45,0.8333,20,0.45,0.8333,1,0.455,0.8425,8,0
IWM191018P145,2019-10-11,2019-10-11 09:31:07,0.46,0.8518,290,0.44,0.8148,20,0.45,0.8333,1,0.45,0.8333,8,0
IWM191018P145,2019-10-11,2019-10-11 09:31:07,0.46,0.8518,217,0.44,0.8148,1,0.44,0.8148,1,0.45,0.8333,9,1
IWM191018P145,2019-10-11,2019-10-11 09:31:08,0.46,0.8518,320,0.44,0.8148,22,0.44,0.8148,1,0.45,0.8333,9,0
IWM191018P145,2019-10-11,2019-10-11 09:31:08,0.46,0.8518,217,0.44,0.8148,22,0.44,0.8148,1,0.45,0.8333,9,0
IWM191018P145,2019-10-11,2019-10-11 09:31:09,0.46,0.8518,320,0.44,0.8148,22,0.44,0.8148,1,0.45,0.8333,9,0
IWM191018P145,2019-10-11,2019-10-11 09:31:10,0.46,0.8518,303,0.45,0.8333,20,0.44,0.8148,1,0.455,0.8425,9,0
IWM191018P145,2019-10-11,2019-10-11 09:31:10,0.46,0.8518,303,0.44,0.8148,22,0.44,0.8148,1,0.45,0.8333,9,0
IWM191018P145,2019-10-11,2019-10-11 09:31:11,0.46,0.8518,303,0.45,0.8333,20,0.44,0.8148,1,0.455,0.8425,9,0
IWM191018P145,2019-10-11,2019-10-11 09:31:12,0.46,0.8518,303,0.45,0.8333,20,0.44,0.8148,1,0.455,0.8425,9,0
IWM191018P145,2019-10-11,2019-10-11 09:31:13,0.46,0.8518,303,0.45,0.8333,20,0.44,0.8148,1,0.455,0.8425,9,0
IWM191018P145,2019-10-11,2019-10-11 09:31:14,0.46,0.8518,303,0.44,0.8148,22,0.44,0.8148,1,0.45,0.8333,9,0
IWM191018P145,2019-10-11,2019-10-11 09:31:14,0.46,0.8518,314,0.44,0.8148,22,0.44,0.8148,1,0.45,0.8333,9,0
IWM191018P145,2019-10-11,2019-10-11 09:31:15,0.46,0.8518,492,0.44,0.8148,22,0.44,0.8148,1,0.45,0.8333,9,0
IWM191018P145,2019-10-11,2019-10-11 09:31:15,0.46,0.8518,464,0.44,0.8148,22,0.44,0.8148,1,0.45,0.8333,9,0
IWM191018P145,2019-10-11,2019-10-11 09:31:16,0.46,0.8518,492,0.45,0.8333,20,0.44,0.8148,1,0.455,0.8425,9,0
IWM191018P145,2019-10-11,2019-10-11 09:31:16,0.46,0.8518,362,0.45,0.8333,20,0.44,0.8148,1,0.455,0.8425,9,0
IWM191018P145,2019-10-11,2019-10-11 09:31:17,0.46,0.8518,358,0.44,0.8148,20,0.44,0.8148,1,0.45,0.8333,9,0
IWM191018P145,2019-10-11,2019-10-11 09:31:17,0.46,0.8518,362,0.44,0.8148,22,0.44,0.8148,1,0.45,0.8333,9,0
IWM191018P145,2019-10-11,2019-10-11 09:31:18,0.46,0.8518,358,0.44,0.8148,20,0.44,0.8148,1,0.45,0.8333,9,0
IWM191018P145,2019-10-11,2019-10-11 09:31:18,0.46,0.8518,358,0.45,0.8333,20,0.44,0.8148,1,0.455,0.8425,9,0
IWM191018P145,2019-10-11,2019-10-11 09:31:19,0.46,0.8518,358,0.45,0.8333,20,0.44,0.8148,1,0.455,0.8425,9,0
IWM191018P145,2019-10-11,2019-10-11 09:31:20,0.46,0.8518,358,0.44,0.8148,3,0.44,0.8148,1,0.45,0.8333,9,0
IWM191018P145,2019-10-11,2019-10-11 09:31:21,0.46,0.8518,358,0.44,0.8148,3,0.44,0.8148,1,0.45,0.8333,9,0
IWM191018P145,2019-10-11,2019-10-11 09:31:22,0.46,0.8518,358,0.44,0.8148,20,0.44,0.8148,1,0.45,0.8333,9,0
IWM191018P145,2019-10-11,2019-10-11 09:31:22,0.46,0.8518,362,0.44,0.8148,22,0.44,0.8148,1,0.45,0.8333,9,0
IWM191018P145,2019-10-11,2019-10-11 09:31:23,0.45,0.8333,110,0.44,0.8148,27,0.44,0.8148,1,0.445,0.824,9,0
IWM191018P145,2019-10-11,2019-10-11 09:31:23,0.46,0.8518,362,0.44,0.8148,22,0.44,0.8148,1,0.45,0.8333,9,0
IWM191018P145,2019-10-11,2019-10-11 09:31:24,0.45,0.8333,62,0.44,0.8148,27,0.44,0.8148,1,0.445,0.824,9,0
IWM191018P145,2019-10-11,2019-10-11 09:31:24,0.45,0.8333,438,0.43,0.7962,20,0.44,0.8148,1,0.44,0.8148,9,0
IWM191018P145,2019-10-11,2019-10-11 09:31:25,0.45,0.8333,438,0.43,0.7962,20,0.44,0.8148,1,0.44,0.8148,9,0
IWM191018P145,2019-10-11,2019-10-11 09:31:25,0.45,0.8333,458,0.44,0.8148,20,0.44,0.8148,1,0.445,0.824,9,0
IWM191018P145,2019-10-11,2019-10-11 09:31:26,0.45,0.8333,458,0.44,0.8148,20,0.44,0.8148,1,0.445,0.824,9,0
IWM191018P145,2019-10-11,2019-10-11 09:31:26,0.45,0.8333,458,0.43,0.7962,27,0.44,0.8148,1,0.44,0.8148,9,0
IWM191018P145,2019-10-11,2019-10-11 09:31:27,0.45,0.8333,438,0.43,0.7962,20,0.44,0.8148,1,0.44,0.8148,9,0
IWM191018P145,2019-10-11,2019-10-11 09:31:27,0.45,0.8333,438,0.44,0.8148,20,0.44,0.8148,1,0.445,0.824,9,0
IWM191018P145,2019-10-11,2019-10-11 09:31:28,0.45,0.8333,397,0.43,0.7962,22,0.44,0.8148,1,0.44,0.8148,9,0
IWM191018P145,2019-10-11,2019-10-11 09:31:28,0.45,0.8333,438,0.44,0.8148,20,0.44,0.8148,1,0.445,0.824,9,0
IWM191018P145,2019-10-11,2019-10-11 09:31:29,0.44,0.8148,41,0.43,0.7962,25,0.44,0.8148,1,0.435,0.8055,9,0
IWM191018P145,2019-10-11,2019-10-11 09:31:29,0.44,0.8148,85,0.43,0.7962,25,0.44,0.8148,1,0.435,0.8055,9,0
IWM191018P145,2019-10-11,2019-10-11 09:31:30,0.44,0.8148,89,0.43,0.7962,6,0.44,0.8148,1,0.435,0.8055,9,0
IWM191018P145,2019-10-11,2019-10-11 09:31:30,0.44,0.8148,94,0.43,0.7962,26,0.44,0.8148,1,0.435,0.8055,9,0
IWM191018P145,2019-10-11,2019-10-11 09:31:31,0.44,0.8148,57,0.43,0.7962,28,0.44,0.8148,1,0.435,0.8055,9,0
IWM191018P145,2019-10-11,2019-10-11 09:31:32,0.44,0.8148,55,0.43,0.7962,8,0.44,0.8148,1,0.435,0.8055,9,0
IWM191018P145,2019-10-11,2019-10-11 09:31:32,0.44,0.8148,57,0.43,0.7962,28,0.44,0.8148,1,0.435,0.8055,9,0
IWM191018P145,2019-10-11,2019-10-11 09:31:33,0.44,0.8148,107,0.43,0.7962,10,0.44,0.8148,1,0.435,0.8055,9,0
IWM191018P145,2019-10-11,2019-10-11 09:31:33,0.44,0.8148,48,0.42,0.7777,348,0.44,0.8148,1,0.43,0.7962,9,0
IWM191018P145,2019-10-11,2019-10-11 09:31:34,0.44,0.8148,215,0.43,0.7962,10,0.44,0.8148,1,0.435,0.8055,9,0
IWM191018P145,2019-10-11,2019-10-11 09:31:34,0.44,0.8148,215,0.42,0.7777,268,0.44,0.8148,1,0.43,0.7962,9,0
IWM191018P145,2019-10-11,2019-10-11 09:31:35,0.44,0.8148,215,0.42,0.7777,406,0.44,0.8148,1,0.43,0.7962,9,0
IWM191018P145,2019-10-11,2019-10-11 09:31:35,0.44,0.8148,215,0.42,0.7777,268,0.44,0.8148,1,0.43,0.7962,9,0
IWM191018P145,2019-10-11,2019-10-11 09:31:36,0.44,0.8148,99,0.42,0.7777,364,0.44,0.8148,1,0.43,0.7962,9,0
IWM191018P145,2019-10-11,2019-10-11 09:31:36,0.44,0.8148,99,0.43,0.7962,15,0.44,0.8148,1,0.435,0.8055,9,0
IWM191018P145,2019-10-11,2019-10-11 09:31:37,0.44,0.8148,77,0.43,0.7962,20,0.44,0.8148,1,0.435,0.8055,9,0
IWM191018P145,2019-10-11,2019-10-11 09:31:37,0.44,0.8148,34,0.43,0.7962,10,0.44,0.8148,1,0.435,0.8055,9,0
IWM191018P145,2019-10-11,2019-10-11 09:31:38,0.44,0.8148,42,0.43,0.7962,30,0.44,0.8148,1,0.435,0.8055,9,0
IWM191018P145,2019-10-11,2019-10-11 09:31:38,0.44,0.8148,16,0.43,0.7962,46,0.44,0.8148,1,0.435,0.8055,9,0
IWM191018P145,2019-10-11,2019-10-11 09:31:39,0.44,0.8148,42,0.43,0.7962,46,0.44,0.8148,1,0.435,0.8055,9,0
IWM191018P145,2019-10-11,2019-10-11 09:31:40,0.44,0.8148,42,0.43,0.7962,30,0.44,0.8148,1,0.435,0.8055,9,0
IWM191018P145,2019-10-11,2019-10-11 09:31:40,0.44,0.8148,42,0.43,0.7962,20,0.44,0.8148,1,0.435,0.8055,9,0
IWM191018P145,2019-10-11,2019-10-11 09:31:41,0.44,0.8148,35,0.43,0.7962,46,0.44,0.8148,1,0.435,0.8055,9,0
IWM191018P145,2019-10-11,2019-10-11 09:31:41,0.44,0.8148,35,0.43,0.7962,36,0.44,0.8148,1,0.435,0.8055,9,0
IWM191018P145,2019-10-11,2019-10-11 09:31:42,0.44,0.8148,42,0.43,0.7962,46,0.44,0.8148,1,0.435,0.8055,9,0
IWM191018P145,2019-10-11,2019-10-11 09:31:43,0.44,0.8148,42,0.43,0.7962,30,0.44,0.8148,1,0.435,0.8055,9,0
IWM191018P145,2019-10-11,2019-10-11 09:31:43,0.44,0.8148,91,0.43,0.7962,44,0.44,0.8148,1,0.435,0.8055,9,0
IWM191018P145,2019-10-11,2019-10-11 09:31:44,0.44,0.8148,64,0.43,0.7962,46,0.44,0.8148,1,0.435,0.8055,9,0
IWM191018P145,2019-10-11,2019-10-11 09:31:44,0.44,0.8148,73,0.43,0.7962,46,0.44,0.8148,1,0.435,0.8055,9,0
IWM191018P145,2019-10-11,2019-10-11 09:31:45,0.44,0.8148,58,0.43,0.7962,36,0.44,0.8148,1,0.435,0.8055,9,0
IWM191018P145,2019-10-11,2019-10-11 09:31:45,0.44,0.8148,46,0.43,0.7962,46,0.44,0.8148,1,0.435,0.8055,9,0
IWM191018P145,2019-10-11,2019-10-11 09:31:46,0.44,0.8148,58,0.43,0.7962,36,0.44,0.8148,1,0.435,0.8055,9,0
IWM191018P145,2019-10-11,2019-10-11 09:31:46,0.44,0.8148,46,0.43,0.7962,26,0.44,0.8148,1,0.435,0.8055,9,0
IWM191018P145,2019-10-11,2019-10-11 09:31:47,0.44,0.8148,62,0.43,0.7962,26,0.44,0.8148,1,0.435,0.8055,9,0
IWM191018P145,2019-10-11,2019-10-11 09:31:48,0.44,0.8148,62,0.43,0.7962,26,0.44,0.8148,1,0.435,0.8055,9,0
IWM191018P145,2019-10-11,2019-10-11 09:31:48,0.44,0.8148,196,0.43,0.7962,63,0.44,0.8148,1,0.435,0.8055,9,0
IWM191018P145,2019-10-11,2019-10-11 09:31:49,0.44,0.8148,46,0.43,0.7962,57,0.44,0.8148,1,0.435,0.8055,9,0
IWM191018P145,2019-10-11,2019-10-11 09:31:50,0.44,0.8148,46,0.43,0.7962,57,0.44,0.8148,1,0.435,0.8055,9,0
IWM191018P145,2019-10-11,2019-10-11 09:31:50,0.45,0.8333,624,0.43,0.7962,47,0.44,0.8148,1,0.44,0.8148,9,0
IWM191018P145,2019-10-11,2019-10-11 09:31:51,0.45,0.8333,1194,0.43,0.7962,47,0.44,0.8148,1,0.44,0.8148,9,0
IWM191018P145,2019-10-11,2019-10-11 09:31:51,0.45,0.8333,1024,0.43,0.7962,47,0.44,0.8148,1,0.44,0.8148,9,0
IWM191018P145,2019-10-11,2019-10-11 09:31:52,0.45,0.8333,1069,0.43,0.7962,37,0.44,0.8148,1,0.44,0.8148,9,0
IWM191018P145,2019-10-11,2019-10-11 09:31:53,0.44,0.8148,158,0.43,0.7962,37,0.44,0.8148,1,0.435,0.8055,9,0
IWM191018P145,2019-10-11,2019-10-11 09:31:54,0.44,0.8148,158,0.43,0.7962,37,0.44,0.8148,1,0.435,0.8055,9,0
IWM191018P145,2019-10-11,2019-10-11 09:31:54,0.44,0.8148,223,0.43,0.7962,37,0.44,0.8148,1,0.435,0.8055,9,0
IWM191018P145,2019-10-11,2019-10-11 09:31:55,0.44,0.8148,375,0.43,0.7962,44,0.44,0.8148,1,0.435,0.8055,9,0
IWM191018P145,2019-10-11,2019-10-11 09:31:55,0.44,0.8148,250,0.43,0.7962,37,0.44,0.8148,1,0.435,0.8055,9,0
IWM191018P145,2019-10-11,2019-10-11 09:31:56,0.44,0.8148,465,0.43,0.7962,44,0.44,0.8148,1,0.435,0.8055,9,0
IWM191018P145,2019-10-11,2019-10-11 09:31:57,0.44,0.8148,465,0.43,0.7962,44,0.44,0.8148,1,0.435,0.8055,9,0
IWM191018P145,2019-10-11,2019-10-11 09:31:57,0.44,0.8148,363,0.43,0.7962,44,0.44,0.8148,1,0.435,0.8055,9,0
IWM191018P145,2019-10-11,2019-10-11 09:31:58,0.44,0.8148,553,0.43,0.7962,44,0.44,0.8148,1,0.435,0.8055,9,0
IWM191018P145,2019-10-11,2019-10-11 09:31:58,0.44,0.8148,90,0.42,0.7777,119,0.44,0.8148,1,0.43,0.7962,9,0
IWM191018P145,2019-10-11,2019-10-11 09:31:59,0.44,0.8148,957,0.43,0.7962,22,0.44,0.8148,1,0.435,0.8055,9,0
IWM191018P145,2019-10-11,2019-10-11 09:31:59,0.44,0.8148,493,0.43,0.7962,29,0.44,0.8148,1,0.435,0.8055,9,0
IWM191018P145,2019-10-11,2019-10-11 09:32:00,0.44,0.8148,466,0.42,0.7777,356,0.44,0.8148,1,0.43,0.7962,9,0
IWM191018P145,2019-10-11,2019-10-11 09:32:00,0.44,0.8148,651,0.43,0.7962,48,0.44,0.8148,1,0.435,0.8055,9,0
IWM191018P145,2019-10-11,2019-10-11 09:32:01,0.44,0.8148,776,0.43,0.7962,48,0.44,0.8148,1,0.435,0.8055,9,0
IWM191018P145,2019-10-11,2019-10-11 09:32:01,0.44,0.8148,621,0.43,0.7962,48,0.44,0.8148,1,0.435,0.8055,9,0
IWM191018P145,2019-10-11,2019-10-11 09:32:02,0.44,0.8148,552,0.43,0.7962,26,0.44,0.8148,1,0.435,0.8055,9,0
IWM191018P145,2019-10-11,2019-10-11 09:32:02,0.44,0.8148,340,0.42,0.7777,22,0.44,0.8148,1,0.43,0.7962,9,0
IWM191018P145,2019-10-11,2019-10-11 09:32:03,0.44,0.8148,874,0.43,0.7962,32,0.44,0.8148,1,0.435,0.8055,9,0
IWM191018P145,2019-10-11,2019-10-11 09:32:03,0.44,0.8148,351,0.43,0.7962,20,0.44,0.8148,1,0.435,0.8055,9,0
IWM191018P145,2019-10-11,2019-10-11 09:32:04,0.44,0.8148,367,0.43,0.7962,37,0.44,0.8148,1,0.435,0.8055,9,0
IWM191018P145,2019-10-11,2019-10-11 09:32:04,0.44,0.8148,484,0.43,0.7962,26,0.44,0.8148,1,0.435,0.8055,9,0
IWM191018P145,2019-10-11,2019-10-11 09:32:05,0.44,0.8148,711,0.43,0.7962,39,0.44,0.8148,1,0.435,0.8055,9,0
IWM191018P145,2019-10-11,2019-10-11 09:32:05,0.44,0.8148,526,0.43,0.7962,39,0.44,0.8148,1,0.435,0.8055,9,0
IWM191018P145,2019-10-11,2019-10-11 09:32:06,0.44,0.8148,761,0.43,0.7962,38,0.44,0.8148,1,0.435,0.8055,9,0
IWM191018P145,2019-10-11,2019-10-11 09:32:06,0.44,0.8148,726,0.43,0.7962,20,0.44,0.8148,1,0.435,0.8055,9,0
IWM191018P145,2019-10-11,2019-10-11 09:32:07,0.44,0.8148,935,0.43,0.7962,22,0.44,0.8148,1,0.435,0.8055,9,0
IWM191018P145,2019-10-11,2019-10-11 09:32:07,0.44,0.8148,811,0.43,0.7962,22,0.44,0.8148,1,0.435,0.8055,9,0
IWM191018P145,2019-10-11,2019-10-11 09:32:08,0.44,0.8148,985,0.43,0.7962,41,0.44,0.8148,1,0.435,0.8055,9,0
IWM191018P145,2019-10-11,2019-10-11 09:32:09,0.44,0.8148,1023,0.42,0.7777,33,0.44,0.8148,1,0.43,0.7962,9,0
IWM191018P145,2019-10-11,2019-10-11 09:32:09,0.44,0.8148,788,0.43,0.7962,2,0.44,0.8148,1,0.435,0.8055,9,0
IWM191018P145,2019-10-11,2019-10-11 09:32:10,0.43,0.7962,307,0.42,0.7777,20,0.44,0.8148,1,0.425,0.787,9,0
IWM191018P145,2019-10-11,2019-10-11 09:32:10,0.43,0.7962,562,0.42,0.7777,20,0.44,0.8148,1,0.425,0.787,9,0
IWM191018P145,2019-10-11,2019-10-11 09:32:11,0.43,0.7962,886,0.42,0.7777,20,0.44,0.8148,1,0.425,0.787,9,0
IWM191018P145,2019-10-11,2019-10-11 09:32:11,0.43,0.7962,836,0.42,0.7777,21,0.44,0.8148,1,0.425,0.787,9,0
IWM191018P145,2019-10-11,2019-10-11 09:32:12,0.43,0.7962,916,0.42,0.7777,25,0.44,0.8148,1,0.425,0.787,9,0
IWM191018P145,2019-10-11,2019-10-11 09:32:13,0.43,0.7962,916,0.42,0.7777,28,0.44,0.8148,1,0.425,0.787,9,0
IWM191018P145,2019-10-11,2019-10-11 09:32:13,0.43,0.7962,1101,0.42,0.7777,28,0.44,0.8148,1,0.425,0.787,9,0
IWM191018P145,2019-10-11,2019-10-11 09:32:14,0.42,0.7777,304,0.41,0.7592,48,0.44,0.8148,1,0.415,0.7685,9,0
IWM191018P145,2019-10-11,2019-10-11 09:32:14,0.43,0.7962,1101,0.41,0.7592,33,0.44,0.8148,1,0.42,0.7777,9,0
IWM191018P145,2019-10-11,2019-10-11 09:32:15,0.42,0.7777,294,0.41,0.7592,47,0.44,0.8148,1,0.415,0.7685,9,0
IWM191018P145,2019-10-11,2019-10-11 09:32:15,0.42,0.7777,350,0.41,0.7592,48,0.44,0.8148,1,0.415,0.7685,9,0
IWM191018P145,2019-10-11,2019-10-11 09:32:16,0.42,0.7777,316,0.41,0.7592,47,0.44,0.8148,1,0.415,0.7685,9,0
IWM191018P145,2019-10-11,2019-10-11 09:32:17,0.42,0.7777,244,0.42,0.7777,26,0.44,0.8148,1,0.42,0.7777,9,0
IWM191018P145,2019-10-11,2019-10-11 09:32:17,0.43,0.7962,1006,0.42,0.7777,26,0.44,0.8148,1,0.425,0.787,9,0
IWM191018P145,2019-10-11,2019-10-11 09:32:18,0.43,0.7962,1161,0.42,0.7777,26,0.44,0.8148,1,0.425,0.787,9,0
IWM191018P145,2019-10-11,2019-10-11 09:32:18,0.43,0.7962,1161,0.42,0.7777,25,0.44,0.8148,1,0.425,0.787,9,0
IWM191018P145,2019-10-11,2019-10-11 09:32:19,0.43,0.7962,1211,0.42,0.7777,41,0.44,0.8148,1,0.425,0.787,9,0
IWM191018P145,2019-10-11,2019-10-11 09:32:19,0.43,0.7962,1211,0.42,0.7777,33,0.44,0.8148,1,0.425,0.787,9,0
IWM191018P145,2019-10-11,2019-10-11 09:32:20,0.43,0.7962,1211,0.42,0.7777,27,0.44,0.8148,1,0.425,0.787,9,0
IWM191018P145,2019-10-11,2019-10-11 09:32:21,0.43,0.7962,1211,0.42,0.7777,22,0.44,0.8148,1,0.425,0.787,9,0
IWM191018P145,2019-10-11,2019-10-11 09:32:22,0.43,0.7962,1211,0.42,0.7777,24,0.44,0.8148,1,0.425,0.787,9,0
IWM191018P145,2019-10-11,2019-10-11 09:32:22,0.43,0.7962,1211,0.42,0.7777,37,0.44,0.8148,1,0.425,0.787,9,0
IWM191018P145,2019-10-11,2019-10-11 09:32:23,0.43,0.7962,1211,0.42,0.7777,36,0.44,0.8148,1,0.425,0.787,9,0
IWM191018P145,2019-10-11,2019-10-11 09:32:23,0.43,0.7962,1211,0.42,0.7777,24,0.44,0.8148,1,0.425,0.787,9,0
IWM191018P145,2019-10-11,2019-10-11 09:32:24,0.43,0.7962,1211,0.42,0.7777,36,0.44,0.8148,1,0.425,0.787,9,0
IWM191018P145,2019-10-11,2019-10-11 09:32:24,0.43,0.7962,958,0.42,0.7777,39,0.44,0.8148,1,0.425,0.787,9,0
IWM191018P145,2019-10-11,2019-10-11 09:32:25,0.43,0.7962,698,0.42,0.7777,35,0.44,0.8148,1,0.425,0.787,9,0
IWM191018P145,2019-10-11,2019-10-11 09:32:25,0.43,0.7962,310,0.42,0.7777,35,0.44,0.8148,1,0.425,0.787,9,0
IWM191018P145,2019-10-11,2019-10-11 09:32:26,0.43,0.7962,324,0.42,0.7777,43,0.44,0.8148,1,0.425,0.787,9,0
IWM191018P145,2019-10-11,2019-10-11 09:32:27,0.43,0.7962,44,0.42,0.7777,49,0.44,0.8148,1,0.425,0.787,9,0
IWM191018P145,2019-10-11,2019-10-11 09:32:27,0.43,0.7962,44,0.42,0.7777,242,0.44,0.8148,1,0.425,0.787,9,0
IWM191018P145,2019-10-11,2019-10-11 09:32:28,0.43,0.7962,285,0.42,0.7777,200,0.44,0.8148,1,0.425,0.787,9,0
IWM191018P145,2019-10-11,2019-10-11 09:32:28,0.43,0.7962,418,0.42,0.7777,20,0.44,0.8148,1,0.425,0.787,9,0
IWM191018P145,2019-10-11,2019-10-11 09:32:29,0.43,0.7962,418,0.42,0.7777,32,0.44,0.8148,1,0.425,0.787,9,0
IWM191018P145,2019-10-11,2019-10-11 09:32:30,0.43,0.7962,250,0.42,0.7777,37,0.44,0.8148,1,0.425,0.787,9,0
IWM191018P145,2019-10-11,2019-10-11 09:32:31,0.43,0.7962,61,0.42,0.7777,226,0.44,0.8148,1,0.425,0.787,9,0
IWM191018P145,2019-10-11,2019-10-11 09:32:31,0.43,0.7962,316,0.42,0.7777,151,0.44,0.8148,1,0.425,0.787,9,0
IWM191018P145,2019-10-11,2019-10-11 09:32:32,0.44,0.8148,865,0.43,0.7962,10,0.44,0.8148,1,0.435,0.8055,9,0
IWM191018P145,2019-10-11,2019-10-11 09:32:32,0.43,0.7962,273,0.42,0.7777,363,0.44,0.8148,1,0.425,0.787,9,0
IWM191018P145,2019-10-11,2019-10-11 09:32:33,0.43,0.7962,259,0.42,0.7777,363,0.44,0.8148,1,0.425,0.787,9,0
IWM191018P145,2019-10-11,2019-10-11 09:32:33,0.43,0.7962,282,0.42,0.7777,126,0.44,0.8148,1,0.425,0.787,9,0
IWM191018P145,2019-10-11,2019-10-11 09:32:34,0.43,0.7962,235,0.42,0.7777,582,0.44,0.8148,1,0.425,0.787,9,0
IWM191018P145,2019-10-11,2019-10-11 09:32:34,0.43,0.7962,282,0.42,0.7777,530,0.44,0.8148,1,0.425,0.787,9,0
IWM191018P145,2019-10-11,2019-10-11 09:32:35,0.43,0.7962,26,0.42,0.7777,262,0.44,0.8148,1,0.425,0.787,9,0
IWM191018P145,2019-10-11,2019-10-11 09:32:35,0.43,0.7962,273,0.42,0.7777,273,0.44,0.8148,1,0.425,0.787,9,0
IWM191018P145,2019-10-11,2019-10-11 09:32:36,0.44,0.8148,444,0.43,0.7962,138,0.44,0.8148,1,0.435,0.8055,9,0
IWM191018P145,2019-10-11,2019-10-11 09:32:36,0.44,0.8148,532,0.43,0.7962,206,0.44,0.8148,1,0.435,0.8055,9,0
IWM191018P145,2019-10-11,2019-10-11 09:32:37,0.44,0.8148,532,0.43,0.7962,145,0.44,0.8148,1,0.435,0.8055,9,0
IWM191018P145,2019-10-11,2019-10-11 09:32:37,0.44,0.8148,532,0.43,0.7962,225,0.44,0.8148,1,0.435,0.8055,9,0
IWM191018P145,2019-10-11,2019-10-11 09:32:38,0.44,0.8148,27,0.43,0.7962,172,0.44,0.8148,1,0.435,0.8055,9,0
IWM191018P145,2019-10-11,2019-10-11 09:32:38,0.44,0.8148,532,0.43,0.7962,44,0.44,0.8148,1,0.435,0.8055,9,0
IWM191018P145,2019-10-11,2019-10-11 09:32:39,0.44,0.8148,222,0.43,0.7962,10,0.44,0.8148,1,0.435,0.8055,9,0
IWM191018P145,2019-10-11,2019-10-11 09:32:39,0.44,0.8148,205,0.43,0.7962,20,0.44,0.8148,1,0.435,0.8055,9,0
IWM191018P145,2019-10-11,2019-10-11 09:32:40,0.44,0.8148,185,0.43,0.7962,31,0.44,0.8148,1,0.435,0.8055,9,0
IWM191018P145,2019-10-11,2019-10-11 09:32:40,0.44,0.8148,378,0.43,0.7962,37,0.44,0.8148,1,0.435,0.8055,9,0
IWM191018P145,2019-10-11,2019-10-11 09:32:41,0.44,0.8148,428,0.43,0.7962,37,0.44,0.8148,1,0.435,0.8055,9,0
IWM191018P145,2019-10-11,2019-10-11 09:32:42,0.44,0.8148,496,0.43,0.7962,43,0.44,0.8148,1,0.435,0.8055,9,0
IWM191018P145,2019-10-11,2019-10-11 09:32:42,0.44,0.8148,560,0.43,0.7962,43,0.44,0.8148,1,0.435,0.8055,9,0
IWM191018P145,2019-10-11,2019-10-11 09:32:43,0.44,0.8148,496,0.43,0.7962,43,0.44,0.8148,1,0.435,0.8055,9,0
IWM191018P145,2019-10-11,2019-10-11 09:32:43,0.44,0.8148,422,0.43,0.7962,48,0.44,0.8148,1,0.435,0.8055,9,0
IWM191018P145,2019-10-11,2019-10-11 09:32:44,0.44,0.8148,422,0.43,0.7962,48,0.44,0.8148,1,0.435,0.8055,9,0
IWM191018P145,2019-10-11,2019-10-11 09:32:45,0.44,0.8148,453,0.43,0.7962,40,0.44,0.8148,1,0.435,0.8055,9,0
IWM191018P145,2019-10-11,2019-10-11 09:32:45,0.44,0.8148,422,0.43,0.7962,36,0.44,0.8148,1,0.435,0.8055,9,0
IWM191018P145,2019-10-11,2019-10-11 09:32:46,0.44,0.8148,422,0.43,0.7962,50,0.44,0.8148,1,0.435,0.8055,9,0
IWM191018P145,2019-10-11,2019-10-11 09:32:46,0.44,0.8148,175,0.43,0.7962,20,0.44,0.8148,1,0.435,0.8055,9,0
IWM191018P145,2019-10-11,2019-10-11 09:32:47,0.44,0.8148,404,0.43,0.7962,47,0.44,0.8148,1,0.435,0.8055,9,0
IWM191018P145,2019-10-11,2019-10-11 09:32:47,0.44,0.8148,421,0.43,0.7962,241,0.44,0.8148,1,0.435,0.8055,9,0
IWM191018P145,2019-10-11,2019-10-11 09:32:48,0.44,0.8148,822,0.43,0.7962,136,0.44,0.8148,1,0.435,0.8055,9,0
IWM191018P145,2019-10-11,2019-10-11 09:32:48,0.44,0.8148,561,0.43,0.7962,241,0.44,0.8148,1,0.435,0.8055,9,0
IWM191018P145,2019-10-11,2019-10-11 09:32:49,0.44,0.8148,855,0.43,0.7962,20,0.44,0.8148,1,0.435,0.8055,9,0
IWM191018P145,2019-10-11,2019-10-11 09:32:50,0.43,0.7962,240,0.41,0.7592,907,0.44,0.8148,1,0.42,0.7777,9,0
IWM191018P145,2019-10-11,2019-10-11 09:32:50,0.44,0.8148,799,0.43,0.7962,22,0.44,0.8148,1,0.435,0.8055,9,0
IWM191018P145,2019-10-11,2019-10-11 09:32:51,0.43,0.7962,275,0.41,0.7592,1247,0.43,0.7962,1,0.42,0.7777,10,1
IWM191018P145,2019-10-11,2019-10-11 09:32:51,0.43,0.7962,283,0.42,0.7777,30,0.43,0.7962,1,0.425,0.787,10,0
IWM191018P145,2019-10-11,2019-10-11 09:32:52,0.43,0.7962,283,0.42,0.7777,269,0.43,0.7962,1,0.425,0.787,10,0
IWM191018P145,2019-10-11,2019-10-11 09:32:52,0.43,0.7962,283,0.42,0.7777,259,0.43,0.7962,1,0.425,0.787,10,0
IWM191018P145,2019-10-11,2019-10-11 09:32:53,0.43,0.7962,353,0.42,0.7777,210,0.43,0.7962,1,0.425,0.787,10,0
IWM191018P145,2019-10-11,2019-10-11 09:32:53,0.43,0.7962,307,0.42,0.7777,259,0.43,0.7962,1,0.425,0.787,10,0
IWM191018P145,2019-10-11,2019-10-11 09:32:54,0.43,0.7962,353,0.42,0.7777,56,0.43,0.7962,1,0.425,0.787,10,0
IWM191018P145,2019-10-11,2019-10-11 09:32:54,0.43,0.7962,277,0.42,0.7777,56,0.43,0.7962,1,0.425,0.787,10,0
IWM191018P145,2019-10-11,2019-10-11 09:32:55,0.43,0.7962,236,0.42,0.7777,306,0.43,0.7962,1,0.425,0.787,10,0
IWM191018P145,2019-10-11,2019-10-11 09:32:55,0.43,0.7962,277,0.42,0.7777,228,0.43,0.7962,1,0.425,0.787,10,0
IWM191018P145,2019-10-11,2019-10-11 09:32:56,0.43,0.7962,258,0.42,0.7777,306,0.43,0.7962,1,0.425,0.787,10,0
IWM191018P145,2019-10-11,2019-10-11 09:32:56,0.43,0.7962,236,0.42,0.7777,306,0.43,0.7962,1,0.425,0.787,10,0
IWM191018P145,2019-10-11,2019-10-11 09:32:57,0.44,0.8148,435,0.42,0.7777,355,0.43,0.7962,1,0.43,0.7962,10,0
IWM191018P145,2019-10-11,2019-10-11 09:32:57,0.44,0.8148,438,0.43,0.7962,30,0.43,0.7962,1,0.435,0.8055,10,0
IWM191018P145,2019-10-11,2019-10-11 09:32:58,0.44,0.8148,658,0.42,0.7777,341,0.43,0.7962,1,0.43,0.7962,10,0
IWM191018P145,2019-10-11,2019-10-11 09:32:58,0.43,0.7962,42,0.42,0.7777,341,0.43,0.7962,1,0.425,0.787,10,0
IWM191018P145,2019-10-11,2019-10-11 09:32:59,0.44,0.8148,1144,0.42,0.7777,404,0.43,0.7962,1,0.43,0.7962,10,0
IWM191018P145,2019-10-11,2019-10-11 09:32:59,0.44,0.8148,968,0.42,0.7777,351,0.43,0.7962,1,0.43,0.7962,10,0
IWM191018P145,2019-10-11,2019-10-11 09:33:00,0.44,0.8148,27,0.43,0.7962,46,0.43,0.7962,1,0.435,0.8055,10,0
IWM191018P145,2019-10-11,2019-10-11 09:33:00,0.45,0.8333,722,0.43,0.7962,203,0.45,0.8333,3,0.44,0.8148,15,5
IWM191018P145,2019-10-11,2019-10-11 09:33:01,0.45,0.8333,243,0.43,0.7962,677,0.45,0.8333,3,0.44,0.8148,15,0
IWM191018P145,2019-10-11,2019-10-11 09:33:01,0.45,0.8333,518,0.43,0.7962,389,0.45,0.8333,3,0.44,0.8148,15,0
IWM191018P145,2019-10-11,2019-10-11 09:33:02,0.45,0.8333,344,0.43,0.7962,431,0.45,0.8333,3,0.44,0.8148,15,0
IWM191018P145,2019-10-11,2019-10-11 09:33:02,0.45,0.8333,372,0.43,0.7962,753,0.45,0.8333,3,0.44,0.8148,15,0
IWM191018P145,2019-10-11,2019-10-11 09:33:03,0.45,0.8333,770,0.43,0.7962,431,0.45,0.8333,3,0.44,0.8148,15,0
IWM191018P145,2019-10-11,2019-10-11 09:33:03,0.45,0.8333,960,0.43,0.7962,498,0.45,0.8333,3,0.44,0.8148,15,0
IWM191018P145,2019-10-11,2019-10-11 09:33:04,0.45,0.8333,960,0.43,0.7962,522,0.45,0.8333,3,0.44,0.8148,15,0
IWM191018P145,2019-10-11,2019-10-11 09:33:04,0.45,0.8333,207,0.43,0.7962,543,0.45,0.8333,3,0.44,0.8148,15,0
IWM191018P145,2019-10-11,2019-10-11 09:33:05,0.45,0.8333,298,0.43,0.7962,581,0.45,0.8333,3,0.44,0.8148,15,0
IWM191018P145,2019-10-11,2019-10-11 09:33:05,0.45,0.8333,207,0.43,0.7962,573,0.45,0.8333,3,0.44,0.8148,15,0
IWM191018P145,2019-10-11,2019-10-11 09:33:06,0.45,0.8333,150,0.44,0.8148,1,0.45,0.8333,3,0.445,0.824,15,0
IWM191018P145,2019-10-11,2019-10-11 09:33:06,0.45,0.8333,170,0.43,0.7962,651,0.45,0.8333,3,0.44,0.8148,15,0
IWM191018P145,2019-10-11,2019-10-11 09:33:07,0.45,0.8333,207,0.43,0.7962,765,0.45,0.8333,3,0.44,0.8148,15,0
IWM191018P145,2019-10-11,2019-10-11 09:33:08,0.45,0.8333,308,0.43,0.7962,776,0.45,0.8333,3,0.44,0.8148,15,0
IWM191018P145,2019-10-11,2019-10-11 09:33:08,0.45,0.8333,208,0.44,0.8148,150,0.45,0.8333,3,0.445,0.824,15,0
IWM191018P145,2019-10-11,2019-10-11 09:33:09,0.45,0.8333,419,0.43,0.7962,1143,0.45,0.8333,3,0.44,0.8148,15,0
IWM191018P145,2019-10-11,2019-10-11 09:33:09,0.45,0.8333,419,0.44,0.8148,32,0.45,0.8333,3,0.445,0.824,15,0
IWM191018P145,2019-10-11,2019-10-11 09:33:10,0.44,0.8148,150,0.43,0.7962,215,0.45,0.8333,3,0.435,0.8055,15,0
IWM191018P145,2019-10-11,2019-10-11 09:33:10,0.45,0.8333,339,0.43,0.7962,476,0.45,0.8333,3,0.44,0.8148,15,0
IWM191018P145,2019-10-11,2019-10-11 09:33:11,0.45,0.8333,423,0.43,0.7962,272,0.45,0.8333,3,0.44,0.8148,15,0
IWM191018P145,2019-10-11,2019-10-11 09:33:11,0.45,0.8333,423,0.43,0.7962,225,0.45,0.8333,3,0.44,0.8148,15,0
IWM191018P145,2019-10-11,2019-10-11 09:33:12,0.45,0.8333,907,0.43,0.7962,361,0.45,0.8333,3,0.44,0.8148,15,0
IWM191018P145,2019-10-11,2019-10-11 09:33:12,0.45,0.8333,423,0.43,0.7962,343,0.45,0.8333,3,0.44,0.8148,15,0
IWM191018P145,2019-10-11,2019-10-11 09:33:13,0.44,0.8148,302,0.43,0.7962,75,0.45,0.8333,3,0.435,0.8055,15,0
IWM191018P145,2019-10-11,2019-10-11 09:33:13,0.44,0.8148,192,0.43,0.7962,273,0.45,0.8333,3,0.435,0.8055,15,0
IWM191018P145,2019-10-11,2019-10-11 09:33:14,0.44,0.8148,302,0.43,0.7962,22,0.45,0.8333,3,0.435,0.8055,15,0
IWM191018P145,2019-10-11,2019-10-11 09:33:15,0.44,0.8148,465,0.43,0.7962,30,0.45,0.8333,3,0.435,0.8055,15,0
IWM191018P145,2019-10-11,2019-10-11 09:33:15,0.44,0.8148,758,0.43,0.7962,22,0.45,0.8333,3,0.435,0.8055,15,0
IWM191018P145,2019-10-11,2019-10-11 09:33:16,0.44,0.8148,808,0.43,0.7962,39,0.45,0.8333,3,0.435,0.8055,15,0
IWM191018P145,2019-10-11,2019-10-11 09:33:16,0.44,0.8148,653,0.43,0.7962,39,0.45,0.8333,3,0.435,0.8055,15,0
IWM191018P145,2019-10-11,2019-10-11 09:33:17,0.44,0.8148,365,0.43,0.7962,168,0.45,0.8333,3,0.435,0.8055,15,0
IWM191018P145,2019-10-11,2019-10-11 09:33:17,0.44,0.8148,415,0.43,0.7962,39,0.45,0.8333,3,0.435,0.8055,15,0
IWM191018P145,2019-10-11,2019-10-11 09:33:18,0.44,0.8148,365,0.43,0.7962,268,0.45,0.8333,3,0.435,0.8055,15,0
IWM191018P145,2019-10-11,2019-10-11 09:33:18,0.44,0.8148,365,0.43,0.7962,55,0.45,0.8333,3,0.435,0.8055,15,0
IWM191018P145,2019-10-11,2019-10-11 09:33:19,0.44,0.8148,365,0.43,0.7962,328,0.45,0.8333,3,0.435,0.8055,15,0
IWM191018P145,2019-10-11,2019-10-11 09:33:19,0.44,0.8148,415,0.43,0.7962,157,0.45,0.8333,3,0.435,0.8055,15,0
IWM191018P145,2019-10-11,2019-10-11 09:33:20,0.44,0.8148,465,0.43,0.7962,30,0.45,0.8333,3,0.435,0.8055,15,0
IWM191018P145,2019-10-11,2019-10-11 09:33:20,0.44,0.8148,160,0.43,0.7962,294,0.45,0.8333,3,0.435,0.8055,15,0
IWM191018P145,2019-10-11,2019-10-11 09:33:21,0.44,0.8148,335,0.43,0.7962,284,0.45,0.8333,3,0.435,0.8055,15,0
IWM191018P145,2019-10-11,2019-10-11 09:33:21,0.44,0.8148,564,0.43,0.7962,36,0.45,0.8333,3,0.435,0.8055,15,0
IWM191018P145,2019-10-11,2019-10-11 09:33:22,0.44,0.8148,653,0.43,0.7962,36,0.45,0.8333,3,0.435,0.8055,15,0
IWM191018P145,2019-10-11,2019-10-11 09:33:22,0.44,0.8148,700,0.43,0.7962,20,0.45,0.8333,3,0.435,0.8055,15,0
IWM191018P145,2019-10-11,2019-10-11 09:33:23,0.44,0.8148,600,0.43,0.7962,28,0.45,0.8333,3,0.435,0.8055,15,0
IWM191018P145,2019-10-11,2019-10-11 09:33:24,0.44,0.8148,486,0.43,0.7962,149,0.45,0.8333,3,0.435,0.8055,15,0
IWM191018P145,2019-10-11,2019-10-11 09:33:25,0.44,0.8148,285,0.43,0.7962,76,0.45,0.8333,3,0.435,0.8055,15,0
IWM191018P145,2019-10-11,2019-10-11 09:33:25,0.44,0.8148,35,0.43,0.7962,364,0.45,0.8333,3,0.435,0.8055,15,0
IWM191018P145,2019-10-11,2019-10-11 09:33:26,0.45,0.8333,825,0.43,0.7962,428,0.45,0.8333,3,0.44,0.8148,15,0
IWM191018P145,2019-10-11,2019-10-11 09:33:27,0.45,0.8333,891,0.43,0.7962,330,0.45,0.8333,3,0.44,0.8148,15,0
IWM191018P145,2019-10-11,2019-10-11 09:33:27,0.45,0.8333,891,0.43,0.7962,483,0.45,0.8333,3,0.44,0.8148,15,0
IWM191018P145,2019-10-11,2019-10-11 09:33:28,0.44,0.8148,263,0.43,0.7962,140,0.45,0.8333,3,0.435,0.8055,15,0
IWM191018P145,2019-10-11,2019-10-11 09:33:28,0.45,0.8333,890,0.43,0.7962,354,0.45,0.8333,3,0.44,0.8148,15,0
IWM191018P145,2019-10-11,2019-10-11 09:33:29,0.44,0.8148,635,0.43,0.7962,221,0.45,0.8333,3,0.435,0.8055,15,0
IWM191018P145,2019-10-11,2019-10-11 09:33:29,0.44,0.8148,680,0.43,0.7962,58,0.45,0.8333,3,0.435,0.8055,15,0
IWM191018P145,2019-10-11,2019-10-11 09:33:30,0.44,0.8148,714,0.43,0.7962,20,0.45,0.8333,3,0.435,0.8055,15,0
IWM191018P145,2019-10-11,2019-10-11 09:33:30,0.44,0.8148,710,0.43,0.7962,117,0.45,0.8333,3,0.435,0.8055,15,0
IWM191018P145,2019-10-11,2019-10-11 09:33:31,0.44,0.8148,391,0.43,0.7962,20,0.45,0.8333,3,0.435,0.8055,15,0
IWM191018P145,2019-10-11,2019-10-11 09:33:31,0.44,0.8148,658,0.42,0.7777,224,0.45,0.8333,3,0.43,0.7962,15,0
IWM191018P145,2019-10-11,2019-10-11 09:33:32,0.44,0.8148,340,0.43,0.7962,34,0.45,0.8333,3,0.435,0.8055,15,0
IWM191018P145,2019-10-11,2019-10-11 09:33:32,0.44,0.8148,328,0.43,0.7962,12,0.45,0.8333,3,0.435,0.8055,15,0
IWM191018P145,2019-10-11,2019-10-11 09:33:33,0.44,0.8148,772,0.42,0.7777,231,0.45,0.8333,3,0.43,0.7962,15,0
IWM191018P145,2019-10-11,2019-10-11 09:33:33,0.44,0.8148,772,0.43,0.7962,12,0.45,0.8333,3,0.435,0.8055,15,0
IWM191018P145,2019-10-11,2019-10-11 09:33:34,0.43,0.7962,150,0.42,0.7777,319,0.45,0.8333,3,0.425,0.787,15,0
IWM191018P145,2019-10-11,2019-10-11 09:33:34,0.43,0.7962,252,0.42,0.7777,319,0.45,0.8333,3,0.425,0.787,15,0
IWM191018P145,2019-10-11,2019-10-11 09:33:35,0.43,0.7962,260,0.42,0.7777,319,0.45,0.8333,3,0.425,0.787,15,0
IWM191018P145,2019-10-11,2019-10-11 09:33:36,0.43,0.7962,474,0.42,0.7777,132,0.45,0.8333,3,0.425,0.787,15,0
IWM191018P145,2019-10-11,2019-10-11 09:33:36,0.43,0.7962,260,0.42,0.7777,385,0.45,0.8333,3,0.425,0.787,15,0
IWM191018P145,2019-10-11,2019-10-11 09:33:37,0.43,0.7962,160,0.42,0.7777,309,0.45,0.8333,3,0.425,0.787,15,0
IWM191018P145,2019-10-11,2019-10-11 09:33:37,0.43,0.7962,277,0.42,0.7777,337,0.45,0.8333,3,0.425,0.787,15,0
IWM191018P145,2019-10-11,2019-10-11 09:33:38,0.43,0.7962,260,0.42,0.7777,337,0.45,0.8333,3,0.425,0.787,15,0
IWM191018P145,2019-10-11,2019-10-11 09:33:38,0.43,0.7962,252,0.42,0.7777,299,0.45,0.8333,3,0.425,0.787,15,0
IWM191018P145,2019-10-11,2019-10-11 09:33:39,0.43,0.7962,390,0.42,0.7777,299,0.45,0.8333,3,0.425,0.787,15,0
IWM191018P145,2019-10-11,2019-10-11 09:33:40,0.43,0.7962,261,0.42,0.7777,357,0.45,0.8333,3,0.425,0.787,15,0
IWM191018P145,2019-10-11,2019-10-11 09:33:41,0.43,0.7962,257,0.42,0.7777,312,0.45,0.8333,3,0.425,0.787,15,0
IWM191018P145,2019-10-11,2019-10-11 09:33:41,0.43,0.7962,257,0.42,0.7777,357,0.45,0.8333,3,0.425,0.787,15,0
IWM191018P145,2019-10-11,2019-10-11 09:33:42,0.43,0.7962,508,0.42,0.7777,107,0.45,0.8333,3,0.425,0.787,15,0
IWM191018P145,2019-10-11,2019-10-11 09:33:42,0.43,0.7962,508,0.42,0.7777,251,0.45,0.8333,3,0.425,0.787,15,0
IWM191018P145,2019-10-11,2019-10-11 09:33:43,0.43,0.7962,703,0.42,0.7777,251,0.45,0.8333,3,0.425,0.787,15,0
IWM191018P145,2019-10-11,2019-10-11 09:33:44,0.43,0.7962,231,0.42,0.7777,370,0.45,0.8333,3,0.425,0.787,15,0
IWM191018P145,2019-10-11,2019-10-11 09:33:44,0.43,0.7962,703,0.42,0.7777,330,0.45,0.8333,3,0.425,0.787,15,0
IWM191018P145,2019-10-11,2019-10-11 09:33:45,0.43,0.7962,359,0.42,0.7777,115,0.45,0.8333,3,0.425,0.787,15,0
IWM191018P145,2019-10-11,2019-10-11 09:33:45,0.43,0.7962,231,0.42,0.7777,486,0.45,0.8333,3,0.425,0.787,15,0
IWM191018P145,2019-10-11,2019-10-11 09:33:46,0.43,0.7962,441,0.42,0.7777,287,0.45,0.8333,3,0.425,0.787,15,0
IWM191018P145,2019-10-11,2019-10-11 09:33:46,0.43,0.7962,441,0.42,0.7777,115,0.45,0.8333,3,0.425,0.787,15,0
IWM191018P145,2019-10-11,2019-10-11 09:33:47,0.43,0.7962,441,0.42,0.7777,287,0.45,0.8333,3,0.425,0.787,15,0
IWM191018P145,2019-10-11,2019-10-11 09:33:48,0.43,0.7962,344,0.42,0.7777,72,0.45,0.8333,3,0.425,0.787,15,0
IWM191018P145,2019-10-11,2019-10-11 09:33:48,0.43,0.7962,329,0.42,0.7777,287,0.45,0.8333,3,0.425,0.787,15,0
IWM191018P145,2019-10-11,2019-10-11 09:33:49,0.43,0.7962,427,0.42,0.7777,260,0.45,0.8333,3,0.425,0.787,15,0
IWM191018P145,2019-10-11,2019-10-11 09:33:49,0.43,0.7962,534,0.42,0.7777,260,0.45,0.8333,3,0.425,0.787,15,0
IWM191018P145,2019-10-11,2019-10-11 09:33:50,0.43,0.7962,491,0.42,0.7777,260,0.45,0.8333,3,0.425,0.787,15,0
IWM191018P145,2019-10-11,2019-10-11 09:33:50,0.43,0.7962,599,0.42,0.7777,260,0.45,0.8333,3,0.425,0.787,15,0
IWM191018P145,2019-10-11,2019-10-11 09:33:51,0.43,0.7962,599,0.42,0.7777,260,0.45,0.8333,3,0.425,0.787,15,0
IWM191018P145,2019-10-11,2019-10-11 09:33:52,0.43,0.7962,649,0.42,0.7777,260,0.45,0.8333,3,0.425,0.787,15,0
IWM191018P145,2019-10-11,2019-10-11 09:33:52,0.43,0.7962,252,0.42,0.7777,250,0.45,0.8333,3,0.425,0.787,15,0
IWM191018P145,2019-10-11,2019-10-11 09:33:53,0.43,0.7962,257,0.42,0.7777,308,0.45,0.8333,3,0.425,0.787,15,0
IWM191018P145,2019-10-11,2019-10-11 09:33:53,0.43,0.7962,257,0.42,0.7777,334,0.45,0.8333,3,0.425,0.787,15,0
IWM191018P145,2019-10-11,2019-10-11 09:33:54,0.43,0.7962,302,0.42,0.7777,308,0.45,0.8333,3,0.425,0.787,15,0
IWM191018P145,2019-10-11,2019-10-11 09:33:55,0.43,0.7962,302,0.42,0.7777,308,0.45,0.8333,3,0.425,0.787,15,0
IWM191018P145,2019-10-11,2019-10-11 09:33:56,0.43,0.7962,391,0.42,0.7777,338,0.45,0.8333,3,0.425,0.787,15,0
IWM191018P145,2019-10-11,2019-10-11 09:33:56,0.43,0.7962,277,0.42,0.7777,66,0.45,0.8333,3,0.425,0.787,15,0
IWM191018P145,2019-10-11,2019-10-11 09:33:57,0.43,0.7962,391,0.42,0.7777,371,0.45,0.8333,3,0.425,0.787,15,0
IWM191018P145,2019-10-11,2019-10-11 09:33:57,0.44,0.8148,618,0.42,0.7777,825,0.45,0.8333,3,0.43,0.7962,15,0
IWM191018P145,2019-10-11,2019-10-11 09:33:58,0.43,0.7962,64,0.42,0.7777,552,0.45,0.8333,3,0.425,0.787,15,0
IWM191018P145,2019-10-11,2019-10-11 09:33:58,0.43,0.7962,188,0.42,0.7777,66,0.45,0.8333,3,0.425,0.787,15,0
IWM191018P145,2019-10-11,2019-10-11 09:33:59,0.43,0.7962,447,0.42,0.7777,166,0.45,0.8333,3,0.425,0.787,15,0
IWM191018P145,2019-10-11,2019-10-11 09:34:00,0.43,0.7962,448,0.41,0.7592,318,0.45,0.8333,3,0.42,0.7777,15,0
IWM191018P145,2019-10-11,2019-10-11 09:34:00,0.43,0.7962,448,0.41,0.7592,186,0.45,0.8333,3,0.42,0.7777,15,0
IWM191018P145,2019-10-11,2019-10-11 09:34:01,0.42,0.7777,315,0.41,0.7592,205,0.45,0.8333,3,0.415,0.7685,15,0
IWM191018P145,2019-10-11,2019-10-11 09:34:01,0.42,0.7777,315,0.41,0.7592,316,0.45,0.8333,3,0.415,0.7685,15,0
IWM191018P145,2019-10-11,2019-10-11 09:34:02,0.42,0.7777,396,0.41,0.7592,296,0.45,0.8333,3,0.415,0.7685,15,0
IWM191018P145,2019-10-11,2019-10-11 09:34:02,0.42,0.7777,594,0.41,0.7592,385,0.45,0.8333,3,0.415,0.7685,15,0
IWM191018P145,2019-10-11,2019-10-11 09:34:03,0.42,0.7777,313,0.41,0.7592,234,0.45,0.8333,3,0.415,0.7685,15,0
IWM191018P145,2019-10-11,2019-10-11 09:34:03,0.42,0.7777,313,0.41,0.7592,325,0.45,0.8333,3,0.415,0.7685,15,0
IWM191018P145,2019-10-11,2019-10-11 09:34:04,0.42,0.7777,520,0.41,0.7592,114,0.45,0.8333,3,0.415,0.7685,15,0
IWM191018P145,2019-10-11,2019-10-11 09:34:04,0.42,0.7777,313,0.41,0.7592,315,0.45,0.8333,3,0.415,0.7685,15,0
IWM191018P145,2019-10-11,2019-10-11 09:34:05,0.42,0.7777,633,0.41,0.7592,114,0.45,0.8333,3,0.415,0.7685,15,0
IWM191018P145,2019-10-11,2019-10-11 09:34:06,0.42,0.7777,914,0.41,0.7592,229,0.45,0.8333,3,0.415,0.7685,15,0
IWM191018P145,2019-10-11,2019-10-11 09:34:06,0.42,0.7777,904,0.41,0.7592,215,0.45,0.8333,3,0.415,0.7685,15,0
IWM191018P145,2019-10-11,2019-10-11 09:34:07,0.42,0.7777,750,0.41,0.7592,269,0.45,0.8333,3,0.415,0.7685,15,0
IWM191018P145,2019-10-11,2019-10-11 09:34:07,0.42,0.7777,750,0.41,0.7592,284,0.45,0.8333,3,0.415,0.7685,15,0
IWM191018P145,2019-10-11,2019-10-11 09:34:08,0.42,0.7777,480,0.41,0.7592,308,0.45,0.8333,3,0.415,0.7685,15,0
IWM191018P145,2019-10-11,2019-10-11 09:34:08,0.42,0.7777,334,0.41,0.7592,298,0.45,0.8333,3,0.415,0.7685,15,0
IWM191018P145,2019-10-11,2019-10-11 09:34:09,0.42,0.7777,480,0.41,0.7592,321,0.45,0.8333,3,0.415,0.7685,15,0
IWM191018P145,2019-10-11,2019-10-11 09:34:09,0.42,0.7777,184,0.41,0.7592,351,0.45,0.8333,3,0.415,0.7685,15,0
IWM191018P145,2019-10-11,2019-10-11 09:34:10,0.43,0.7962,695,0.41,0.7592,384,0.45,0.8333,3,0.42,0.7777,15,0
IWM191018P145,2019-10-11,2019-10-11 09:34:10,0.43,0.7962,575,0.41,0.7592,413,0.45,0.8333,3,0.42,0.7777,15,0
IWM191018P145,2019-10-11,2019-10-11 09:34:11,0.43,0.7962,575,0.41,0.7592,413,0.45,0.8333,3,0.42,0.7777,15,0
IWM191018P145,2019-10-11,2019-10-11 09:34:11,0.42,0.7777,343,0.41,0.7592,314,0.45,0.8333,3,0.415,0.7685,15,0
IWM191018P145,2019-10-11,2019-10-11 09:34:12,0.43,0.7962,976,0.41,0.7592,408,0.45,0.8333,3,0.42,0.7777,15,0
IWM191018P145,2019-10-11,2019-10-11 09:34:12,0.42,0.7777,41,0.41,0.7592,384,0.45,0.8333,3,0.415,0.7685,15,0
IWM191018P145,2019-10-11,2019-10-11 09:34:13,0.43,0.7962,855,0.41,0.7592,423,0.45,0.8333,3,0.42,0.7777,15,0
IWM191018P145,2019-10-11,2019-10-11 09:34:14,0.43,0.7962,805,0.42,0.7777,20,0.45,0.8333,3,0.425,0.787,15,0
IWM191018P145,2019-10-11,2019-10-11 09:34:15,0.43,0.7962,630,0.42,0.7777,210,0.45,0.8333,3,0.425,0.787,15,0
IWM191018P145,2019-10-11,2019-10-11 09:34:15,0.43,0.7962,630,0.42,0.7777,155,0.45,0.8333,3,0.425,0.787,15,0
IWM191018P145,2019-10-11,2019-10-11 09:34:16,0.42,0.7777,8,0.41,0.7592,425,0.45,0.8333,3,0.415,0.7685,15,0
IWM191018P145,2019-10-11,2019-10-11 09:34:16,0.43,0.7962,855,0.42,0.7777,4,0.45,0.8333,3,0.425,0.787,15,0
IWM191018P145,2019-10-11,2019-10-11 09:34:17,0.42,0.7777,35,0.41,0.7592,639,0.45,0.8333,3,0.415,0.7685,15,0
IWM191018P145,2019-10-11,2019-10-11 09:34:18,0.42,0.7777,298,0.41,0.7592,425,0.45,0.8333,3,0.415,0.7685,15,0
IWM191018P145,2019-10-11,2019-10-11 09:34:18,0.42,0.7777,35,0.41,0.7592,575,0.45,0.8333,3,0.415,0.7685,15,0
IWM191018P145,2019-10-11,2019-10-11 09:34:19,0.42,0.7777,666,0.41,0.7592,44,0.45,0.8333,3,0.415,0.7685,15,0
IWM191018P145,2019-10-11,2019-10-11 09:34:19,0.42,0.7777,791,0.41,0.7592,53,0.45,0.8333,3,0.415,0.7685,15,0
IWM191018P145,2019-10-11,2019-10-11 09:34:20,0.42,0.7777,124,0.41,0.7592,333,0.41,0.7592,25,0.415,0.7685,40,25
IWM191018P145,2019-10-11,2019-10-11 09:34:20,0.42,0.7777,174,0.41,0.7592,312,0.45,0.8333,3,0.415,0.7685,15,0
IWM191018P145,2019-10-11,2019-10-11 09:34:21,0.42,0.7777,124,0.41,0.7592,333,0.41,0.7592,25,0.415,0.7685,40,0
IWM191018P145,2019-10-11,2019-10-11 09:34:21,0.42,0.7777,236,0.41,0.7592,558,0.41,0.7592,25,0.415,0.7685,40,0
IWM191018P145,2019-10-11,2019-10-11 09:34:22,0.42,0.7777,236,0.41,0.7592,101,0.41,0.7592,25,0.415,0.7685,40,0
IWM191018P145,2019-10-11,2019-10-11 09:34:22,0.42,0.7777,236,0.41,0.7592,558,0.41,0.7592,25,0.415,0.7685,40,0
IWM191018P145,2019-10-11,2019-10-11 09:34:23,0.43,0.7962,471,0.41,0.7592,356,0.41,0.7592,25,0.42,0.7777,40,0
IWM191018P145,2019-10-11,2019-10-11 09:34:23,0.43,0.7962,642,0.41,0.7592,570,0.41,0.7592,25,0.42,0.7777,40,0
IWM191018P145,2019-10-11,2019-10-11 09:34:24,0.43,0.7962,480,0.41,0.7592,290,0.41,0.7592,25,0.42,0.7777,40,0
IWM191018P145,2019-10-11,2019-10-11 09:34:24,0.43,0.7962,778,0.42,0.7777,20,0.41,0.7592,25,0.425,0.787,40,0
IWM191018P145,2019-10-11,2019-10-11 09:34:25,0.42,0.7777,409,0.4,0.7407,431,0.41,0.7592,25,0.41,0.7592,40,0
IWM191018P145,2019-10-11,2019-10-11 09:34:25,0.43,0.7962,763,0.42,0.7777,20,0.41,0.7592,25,0.425,0.787,40,0
IWM191018P145,2019-10-11,2019-10-11 09:34:26,0.42,0.7777,536,0.41,0.7592,32,0.41,0.7592,25,0.415,0.7685,40,0
IWM191018P145,2019-10-11,2019-10-11 09:34:26,0.42,0.7777,393,0.4,0.7407,424,0.41,0.7592,25,0.41,0.7592,40,0
IWM191018P145,2019-10-11,2019-10-11 09:34:27,0.42,0.7777,536,0.41,0.7592,32,0.41,0.7592,25,0.415,0.7685,40,0
IWM191018P145,2019-10-11,2019-10-11 09:34:28,0.42,0.7777,528,0.41,0.7592,44,0.41,0.7592,25,0.415,0.7685,40,0
IWM191018P145,2019-10-11,2019-10-11 09:34:28,0.42,0.7777,624,0.4,0.7407,275,0.41,0.7592,25,0.41,0.7592,40,0
IWM191018P145,2019-10-11,2019-10-11 09:34:29,0.42,0.7777,595,0.41,0.7592,44,0.41,0.7592,25,0.415,0.7685,40,0
IWM191018P145,2019-10-11,2019-10-11 09:34:29,0.42,0.7777,456,0.41,0.7592,44,0.41,0.7592,25,0.415,0.7685,40,0
IWM191018P145,2019-10-11,2019-10-11 09:34:30,0.42,0.7777,351,0.41,0.7592,74,0.41,0.7592,25,0.415,0.7685,40,0
IWM191018P145,2019-10-11,2019-10-11 09:34:30,0.42,0.7777,351,0.41,0.7592,78,0.41,0.7592,25,0.415,0.7685,40,0
IWM191018P145,2019-10-11,2019-10-11 09:34:31,0.43,0.7962,583,0.41,0.7592,415,0.41,0.7592,25,0.42,0.7777,40,0
IWM191018P145,2019-10-11,2019-10-11 09:34:31,0.43,0.7962,524,0.41,0.7592,354,0.41,0.7592,25,0.42,0.7777,40,0
IWM191018P145,2019-10-11,2019-10-11 09:34:32,0.43,0.7962,743,0.41,0.7592,384,0.41,0.7592,25,0.42,0.7777,40,0
IWM191018P145,2019-10-11,2019-10-11 09:34:33,0.42,0.7777,88,0.41,0.7592,324,0.41,0.7592,25,0.415,0.7685,40,0
IWM191018P145,2019-10-11,2019-10-11 09:34:33,0.42,0.7777,83,0.41,0.7592,630,0.41,0.7592,25,0.415,0.7685,40,0
IWM191018P145,2019-10-11,2019-10-11 09:34:34,0.42,0.7777,265,0.41,0.7592,429,0.41,0.7592,25,0.415,0.7685,40,0
IWM191018P145,2019-10-11,2019-10-11 09:34:34,0.42,0.7777,88,0.41,0.7592,351,0.41,0.7592,25,0.415,0.7685,40,0
IWM191018P145,2019-10-11,2019-10-11 09:34:35,0.42,0.7777,225,0.41,0.7592,429,0.41,0.7592,25,0.415,0.7685,40,0
IWM191018P145,2019-10-11,2019-10-11 09:34:35,0.42,0.7777,129,0.41,0.7592,632,0.41,0.7592,25,0.415,0.7685,40,0
IWM191018P145,2019-10-11,2019-10-11 09:34:36,0.42,0.7777,88,0.41,0.7592,544,0.41,0.7592,25,0.415,0.7685,40,0
IWM191018P145,2019-10-11,2019-10-11 09:34:37,0.42,0.7777,257,0.41,0.7592,312,0.41,0.7592,25,0.415,0.7685,40,0
IWM191018P145,2019-10-11,2019-10-11 09:34:37,0.43,0.7962,310,0.41,0.7592,603,0.41,0.7592,25,0.42,0.7777,40,0
IWM191018P145,2019-10-11,2019-10-11 09:34:38,0.43,0.7962,457,0.41,0.7592,606,0.41,0.7592,25,0.42,0.7777,40,0
IWM191018P145,2019-10-11,2019-10-11 09:34:38,0.43,0.7962,363,0.41,0.7592,332,0.41,0.7592,25,0.42,0.7777,40,0
IWM191018P145,2019-10-11,2019-10-11 09:34:39,0.43,0.7962,537,0.42,0.7777,66,0.41,0.7592,25,0.425,0.787,40,0
IWM191018P145,2019-10-11,2019-10-11 09:34:39,0.43,0.7962,537,0.41,0.7592,718,0.41,0.7592,25,0.42,0.7777,40,0
IWM191018P145,2019-10-11,2019-10-11 09:34:40,0.43,0.7962,389,0.42,0.7777,45,0.41,0.7592,25,0.425,0.787,40,0
IWM191018P145,2019-10-11,2019-10-11 09:34:40,0.43,0.7962,768,0.42,0.7777,66,0.41,0.7592,25,0.425,0.787,40,0
IWM191018P145,2019-10-11,2019-10-11 09:34:41,0.43,0.7962,389,0.42,0.7777,45,0.41,0.7592,25,0.425,0.787,40,0
IWM191018P145,2019-10-11,2019-10-11 09:34:41,0.43,0.7962,393,0.42,0.7777,41,0.41,0.7592,25,0.425,0.787,40,0
IWM191018P145,2019-10-11,2019-10-11 09:34:42,0.43,0.7962,434,0.42,0.7777,38,0.41,0.7592,25,0.425,0.787,40,0
IWM191018P145,2019-10-11,2019-10-11 09:34:42,0.43,0.7962,410,0.42,0.7777,49,0.41,0.7592,25,0.425,0.787,40,0
IWM191018P145,2019-10-11,2019-10-11 09:34:43,0.43,0.7962,410,0.42,0.7777,79,0.41,0.7592,25,0.425,0.787,40,0
IWM191018P145,2019-10-11,2019-10-11 09:34:43,0.43,0.7962,560,0.42,0.7777,38,0.41,0.7592,25,0.425,0.787,40,0
IWM191018P145,2019-10-11,2019-10-11 09:34:44,0.44,0.8148,710,0.42,0.7777,490,0.41,0.7592,25,0.43,0.7962,40,0
IWM191018P145,2019-10-11,2019-10-11 09:34:44,0.43,0.7962,28,0.42,0.7777,789,0.41,0.7592,25,0.425,0.787,40,0
IWM191018P145,2019-10-11,2019-10-11 09:34:45,0.43,0.7962,43,0.42,0.7777,338,0.41,0.7592,25,0.425,0.787,40,0
IWM191018P145,2019-10-11,2019-10-11 09:34:45,0.43,0.7962,48,0.42,0.7777,287,0.41,0.7592,25,0.425,0.787,40,0
IWM191018P145,2019-10-11,2019-10-11 09:34:46,0.44,0.8148,315,0.43,0.7962,66,0.41,0.7592,25,0.435,0.8055,40,0
IWM191018P145,2019-10-11,2019-10-11 09:34:46,0.44,0.8148,321,0.43,0.7962,44,0.41,0.7592,25,0.435,0.8055,40,0
IWM191018P145,2019-10-11,2019-10-11 09:34:47,0.44,0.8148,327,0.43,0.7962,73,0.41,0.7592,25,0.435,0.8055,40,0
IWM191018P145,2019-10-11,2019-10-11 09:34:47,0.44,0.8148,327,0.43,0.7962,108,0.41,0.7592,25,0.435,0.8055,40,0
IWM191018P145,2019-10-11,2019-10-11 09:34:48,0.44,0.8148,39,0.43,0.7962,539,0.41,0.7592,25,0.435,0.8055,40,0
IWM191018P145,2019-10-11,2019-10-11 09:34:48,0.44,0.8148,39,0.43,0.7962,272,0.41,0.7592,25,0.435,0.8055,40,0
IWM191018P145,2019-10-11,2019-10-11 09:34:49,0.44,0.8148,46,0.43,0.7962,663,0.41,0.7592,25,0.435,0.8055,40,0
IWM191018P145,2019-10-11,2019-10-11 09:34:50,0.44,0.8148,46,0.43,0.7962,663,0.41,0.7592,25,0.435,0.8055,40,0
IWM191018P145,2019-10-11,2019-10-11 09:34:50,0.44,0.8148,46,0.43,0.7962,501,0.41,0.7592,25,0.435,0.8055,40,0
IWM191018P145,2019-10-11,2019-10-11 09:34:51,0.44,0.8148,11,0.43,0.7962,401,0.41,0.7592,25,0.435,0.8055,40,0
IWM191018P145,2019-10-11,2019-10-11 09:34:51,0.45,0.8333,598,0.43,0.7962,726,0.41,0.7592,25,0.44,0.8148,40,0
IWM191018P145,2019-10-11,2019-10-11 09:34:52,0.44,0.8148,10,0.43,0.7962,701,0.41,0.7592,25,0.435,0.8055,40,0
IWM191018P145,2019-10-11,2019-10-11 09:34:52,0.45,0.8333,605,0.43,0.7962,750,0.41,0.7592,25,0.44,0.8148,40,0
IWM191018P145,2019-10-11,2019-10-11 09:34:53,0.45,0.8333,603,0.43,0.7962,676,0.41,0.7592,25,0.44,0.8148,40,0
IWM191018P145,2019-10-11,2019-10-11 09:34:53,0.45,0.8333,603,0.43,0.7962,466,0.41,0.7592,25,0.44,0.8148,40,0
IWM191018P145,2019-10-11,2019-10-11 09:34:54,0.44,0.8148,20,0.43,0.7962,676,0.41,0.7592,25,0.435,0.8055,40,0
IWM191018P145,2019-10-11,2019-10-11 09:34:54,0.44,0.8148,14,0.43,0.7962,726,0.41,0.7592,25,0.435,0.8055,40,0
IWM191018P145,2019-10-11,2019-10-11 09:34:55,0.44,0.8148,15,0.43,0.7962,676,0.41,0.7592,25,0.435,0.8055,40,0
IWM191018P145,2019-10-11,2019-10-11 09:34:55,0.44,0.8148,15,0.43,0.7962,658,0.41,0.7592,25,0.435,0.8055,40,0
IWM191018P145,2019-10-11,2019-10-11 09:34:56,0.44,0.8148,21,0.43,0.7962,658,0.41,0.7592,25,0.435,0.8055,40,0
IWM191018P145,2019-10-11,2019-10-11 09:34:57,0.44,0.8148,42,0.43,0.7962,682,0.41,0.7592,25,0.435,0.8055,40,0
IWM191018P145,2019-10-11,2019-10-11 09:34:57,0.44,0.8148,17,0.43,0.7962,682,0.41,0.7592,25,0.435,0.8055,40,0
IWM191018P145,2019-10-11,2019-10-11 09:34:58,0.44,0.8148,133,0.43,0.7962,252,0.41,0.7592,25,0.435,0.8055,40,0
IWM191018P145,2019-10-11,2019-10-11 09:34:58,0.44,0.8148,216,0.43,0.7962,10,0.41,0.7592,25,0.435,0.8055,40,0
IWM191018P145,2019-10-11,2019-10-11 09:34:59,0.44,0.8148,418,0.42,0.7777,538,0.41,0.7592,25,0.43,0.7962,40,0
IWM191018P145,2019-10-11,2019-10-11 09:34:59,0.44,0.8148,786,0.42,0.7777,772,0.41,0.7592,25,0.43,0.7962,40,0
IWM191018P145,2019-10-11,2019-10-11 09:35:00,0.44,0.8148,652,0.43,0.7962,1,0.41,0.7592,25,0.435,0.8055,40,0
IWM191018P145,2019-10-11,2019-10-11 09:35:00,0.44,0.8148,250,0.43,0.7962,169,0.41,0.7592,25,0.435,0.8055,40,0
IWM191018P145,2019-10-11,2019-10-11 09:35:01,0.44,0.8148,232,0.43,0.7962,19,0.41,0.7592,25,0.435,0.8055,40,0
IWM191018P145,2019-10-11,2019-10-11 09:35:01,0.44,0.8148,260,0.43,0.7962,96,0.41,0.7592,25,0.435,0.8055,40,0
IWM191018P145,2019-10-11,2019-10-11 09:35:02,0.45,0.8333,614,0.43,0.7962,609,0.41,0.7592,25,0.44,0.8148,40,0
IWM191018P145,2019-10-11,2019-10-11 09:35:02,0.44,0.8148,102,0.43,0.7962,504,0.41,0.7592,25,0.435,0.8055,40,0
IWM191018P145,2019-10-11,2019-10-11 09:35:03,0.45,0.8333,407,0.43,0.7962,454,0.41,0.7592,25,0.44,0.8148,40,0
IWM191018P145,2019-10-11,2019-10-11 09:35:03,0.45,0.8333,658,0.43,0.7962,832,0.41,0.7592,25,0.44,0.8148,40,0
IWM191018P145,2019-10-11,2019-10-11 09:35:04,0.45,0.8333,360,0.44,0.8148,88,0.41,0.7592,25,0.445,0.824,40,0
IWM191018P145,2019-10-11,2019-10-11 09:35:04,0.45,0.8333,218,0.44,0.8148,284,0.41,0.7592,25,0.445,0.824,40,0
IWM191018P145,2019-10-11,2019-10-11 09:35:05,0.45,0.8333,279,0.44,0.8148,345,0.41,0.7592,25,0.445,0.824,40,0
IWM191018P145,2019-10-11,2019-10-11 09:35:05,0.45,0.8333,156,0.44,0.8148,284,0.41,0.7592,25,0.445,0.824,40,0
IWM191018P145,2019-10-11,2019-10-11 09:35:06,0.45,0.8333,240,0.44,0.8148,345,0.41,0.7592,25,0.445,0.824,40,0
IWM191018P145,2019-10-11,2019-10-11 09:35:06,0.45,0.8333,169,0.44,0.8148,345,0.41,0.7592,25,0.445,0.824,40,0
IWM191018P145,2019-10-11,2019-10-11 09:35:07,0.45,0.8333,375,0.44,0.8148,335,0.41,0.7592,25,0.445,0.824,40,0
IWM191018P145,2019-10-11,2019-10-11 09:35:08,0.45,0.8333,374,0.44,0.8148,145,0.41,0.7592,25,0.445,0.824,40,0
IWM191018P145,2019-10-11,2019-10-11 09:35:08,0.45,0.8333,365,0.44,0.8148,145,0.41,0.7592,25,0.445,0.824,40,0
IWM191018P145,2019-10-11,2019-10-11 09:35:09,0.45,0.8333,227,0.44,0.8148,334,0.41,0.7592,25,0.445,0.824,40,0
IWM191018P145,2019-10-11,2019-10-11 09:35:09,0.45,0.8333,384,0.44,0.8148,334,0.41,0.7592,25,0.445,0.824,40,0
IWM191018P145,2019-10-11,2019-10-11 09:35:10,0.45,0.8333,207,0.44,0.8148,352,0.41,0.7592,25,0.445,0.824,40,0
IWM191018P145,2019-10-11,2019-10-11 09:35:10,0.45,0.8333,384,0.44,0.8148,334,0.41,0.7592,25,0.445,0.824,40,0
IWM191018P145,2019-10-11,2019-10-11 09:35:11,0.45,0.8333,348,0.44,0.8148,64,0.41,0.7592,25,0.445,0.824,40,0
IWM191018P145,2019-10-11,2019-10-11 09:35:11,0.45,0.8333,368,0.44,0.8148,147,0.41,0.7592,25,0.445,0.824,40,0
IWM191018P145,2019-10-11,2019-10-11 09:35:12,0.45,0.8333,520,0.44,0.8148,91,0.41,0.7592,25,0.445,0.824,40,0
IWM191018P145,2019-10-11,2019-10-11 09:35:12,0.45,0.8333,381,0.43,0.7962,302,0.41,0.7592,25,0.44,0.8148,40,0
IWM191018P145,2019-10-11,2019-10-11 09:35:13,0.45,0.8333,682,0.43,0.7962,443,0.41,0.7592,25,0.44,0.8148,40,0
IWM191018P145,2019-10-11,2019-10-11 09:35:13,0.45,0.8333,622,0.43,0.7962,443,0.41,0.7592,25,0.44,0.8148,40,0
IWM191018P145,2019-10-11,2019-10-11 09:35:14,0.44,0.8148,553,0.43,0.7962,259,0.41,0.7592,25,0.435,0.8055,40,0
IWM191018P145,2019-10-11,2019-10-11 09:35:14,0.44,0.8148,620,0.43,0.7962,111,0.41,0.7592,25,0.435,0.8055,40,0
IWM191018P145,2019-10-11,2019-10-11 09:35:15,0.44,0.8148,620,0.43,0.7962,287,0.41,0.7592,25,0.435,0.8055,40,0
IWM191018P145,2019-10-11,2019-10-11 09:35:15,0.44,0.8148,620,0.43,0.7962,212,0.41,0.7592,25,0.435,0.8055,40,0
IWM191018P145,2019-10-11,2019-10-11 09:35:16,0.44,0.8148,469,0.43,0.7962,287,0.41,0.7592,25,0.435,0.8055,40,0
IWM191018P145,2019-10-11,2019-10-11 09:35:16,0.44,0.8148,620,0.43,0.7962,67,0.41,0.7592,25,0.435,0.8055,40,0
IWM191018P145,2019-10-11,2019-10-11 09:35:17,0.44,0.8148,624,0.43,0.7962,259,0.41,0.7592,25,0.435,0.8055,40,0
IWM191018P145,2019-10-11,2019-10-11 09:35:17,0.44,0.8148,627,0.43,0.7962,259,0.41,0.7592,25,0.435,0.8055,40,0
IWM191018P145,2019-10-11,2019-10-11 09:35:18,0.44,0.8148,627,0.43,0.7962,259,0.41,0.7592,25,0.435,0.8055,40,0
IWM191018P145,2019-10-11,2019-10-11 09:35:19,0.44,0.8148,577,0.43,0.7962,259,0.41,0.7592,25,0.435,0.8055,40,0
IWM191018P145,2019-10-11,2019-10-11 09:35:19,0.44,0.8148,785,0.43,0.7962,259,0.41,0.7592,25,0.435,0.8055,40,0
IWM191018P145,2019-10-11,2019-10-11 09:35:20,0.44,0.8148,574,0.43,0.7962,206,0.41,0.7592,25,0.435,0.8055,40,0
IWM191018P145,2019-10-11,2019-10-11 09:35:20,0.44,0.8148,801,0.43,0.7962,132,0.41,0.7592,25,0.435,0.8055,40,0
IWM191018P145,2019-10-11,2019-10-11 09:35:21,0.44,0.8148,734,0.43,0.7962,206,0.41,0.7592,25,0.435,0.8055,40,0
IWM191018P145,2019-10-11,2019-10-11 09:35:21,0.44,0.8148,349,0.43,0.7962,36,0.41,0.7592,25,0.435,0.8055,40,0
IWM191018P145,2019-10-11,2019-10-11 09:35:22,0.44,0.8148,622,0.43,0.7962,217,0.41,0.7592,25,0.435,0.8055,40,0
IWM191018P145,2019-10-11,2019-10-11 09:35:22,0.44,0.8148,622,0.43,0.7962,40,0.41,0.7592,25,0.435,0.8055,40,0
IWM191018P145,2019-10-11,2019-10-11 09:35:23,0.44,0.8148,521,0.43,0.7962,217,0.41,0.7592,25,0.435,0.8055,40,0
IWM191018P145,2019-10-11,2019-10-11 09:35:23,0.44,0.8148,622,0.43,0.7962,217,0.41,0.7592,25,0.435,0.8055,40,0
IWM191018P145,2019-10-11,2019-10-11 09:35:24,0.44,0.8148,622,0.43,0.7962,217,0.41,0.7592,25,0.435,0.8055,40,0
IWM191018P145,2019-10-11,2019-10-11 09:35:24,0.44,0.8148,471,0.43,0.7962,84,0.41,0.7592,25,0.435,0.8055,40,0
IWM191018P145,2019-10-11,2019-10-11 09:35:25,0.44,0.8148,322,0.43,0.7962,20,0.41,0.7592,25,0.435,0.8055,40,0
IWM191018P145,2019-10-11,2019-10-11 09:35:25,0.44,0.8148,551,0.43,0.7962,27,0.41,0.7592,25,0.435,0.8055,40,0
IWM191018P145,2019-10-11,2019-10-11 09:35:26,0.44,0.8148,479,0.43,0.7962,27,0.41,0.7592,25,0.435,0.8055,40,0
IWM191018P145,2019-10-11,2019-10-11 09:35:26,0.44,0.8148,479,0.43,0.7962,224,0.41,0.7592,25,0.435,0.8055,40,0
IWM191018P145,2019-10-11,2019-10-11 09:35:27,0.44,0.8148,630,0.43,0.7962,263,0.41,0.7592,25,0.435,0.8055,40,0
IWM191018P145,2019-10-11,2019-10-11 09:35:27,0.44,0.8148,630,0.43,0.7962,224,0.41,0.7592,25,0.435,0.8055,40,0
IWM191018P145,2019-10-11,2019-10-11 09:35:28,0.44,0.8148,641,0.43,0.7962,263,0.41,0.7592,25,0.435,0.8055,40,0
IWM191018P145,2019-10-11,2019-10-11 09:35:29,0.44,0.8148,478,0.43,0.7962,69,0.41,0.7592,25,0.435,0.8055,40,0
IWM191018P145,2019-10-11,2019-10-11 09:35:29,0.44,0.8148,641,0.43,0.7962,73,0.41,0.7592,25,0.435,0.8055,40,0
IWM191018P145,2019-10-11,2019-10-11 09:35:30,0.44,0.8148,556,0.43,0.7962,58,0.41,0.7592,25,0.435,0.8055,40,0
IWM191018P145,2019-10-11,2019-10-11 09:35:30,0.44,0.8148,629,0.43,0.7962,64,0.41,0.7592,25,0.435,0.8055,40,0
IWM191018P145,2019-10-11,2019-10-11 09:35:31,0.44,0.8148,717,0.43,0.7962,60,0.41,0.7592,25,0.435,0.8055,40,0
IWM191018P145,2019-10-11,2019-10-11 09:35:32,0.44,0.8148,717,0.43,0.7962,60,0.41,0.7592,25,0.435,0.8055,40,0
IWM191018P145,2019-10-11,2019-10-11 09:35:33,0.44,0.8148,772,0.43,0.7962,58,0.41,0.7592,25,0.435,0.8055,40,0
IWM191018P145,2019-10-11,2019-10-11 09:35:34,0.44,0.8148,772,0.43,0.7962,81,0.41,0.7592,25,0.435,0.8055,40,0
IWM191018P145,2019-10-11,2019-10-11 09:35:35,0.44,0.8148,772,0.43,0.7962,58,0.41,0.7592,25,0.435,0.8055,40,0
IWM191018P145,2019-10-11,2019-10-11 09:35:36,0.44,0.8148,772,0.43,0.7962,58,0.41,0.7592,25,0.435,0.8055,40,0
IWM191018P145,2019-10-11,2019-10-11 09:35:37,0.44,0.8148,772,0.43,0.7962,56,0.41,0.7592,25,0.435,0.8055,40,0
IWM191018P145,2019-10-11,2019-10-11 09:35:38,0.44,0.8148,772,0.43,0.7962,81,0.41,0.7592,25,0.435,0.8055,40,0
IWM191018P145,2019-10-11,2019-10-11 09:35:39,0.44,0.8148,722,0.43,0.7962,58,0.41,0.7592,25,0.435,0.8055,40,0
IWM191018P145,2019-10-11,2019-10-11 09:35:39,0.44,0.8148,636,0.43,0.7962,60,0.41,0.7592,25,0.435,0.8055,40,0
IWM191018P145,2019-10-11,2019-10-11 09:35:40,0.44,0.8148,787,0.43,0.7962,60,0.41,0.7592,25,0.435,0.8055,40,0
IWM191018P145,2019-10-11,2019-10-11 09:35:40,0.44,0.8148,835,0.43,0.7962,60,0.41,0.7592,25,0.435,0.8055,40,0
IWM191018P145,2019-10-11,2019-10-11 09:35:41,0.44,0.8148,837,0.43,0.7962,40,0.41,0.7592,25,0.435,0.8055,40,0
IWM191018P145,2019-10-11,2019-10-11 09:35:41,0.44,0.8148,787,0.43,0.7962,40,0.41,0.7592,25,0.435,0.8055,40,0
IWM191018P145,2019-10-11,2019-10-11 09:35:42,0.44,0.8148,761,0.42,0.7777,289,0.41,0.7592,25,0.43,0.7962,40,0
IWM191018P145,2019-10-11,2019-10-11 09:35:42,0.44,0.8148,761,0.42,0.7777,374,0.43,0.7962,5,0.43,0.7962,45,5
IWM191018P145,2019-10-11,2019-10-11 09:35:43,0.44,0.8148,569,0.43,0.7962,20,0.43,0.7962,1,0.435,0.8055,46,1
IWM191018P145,2019-10-11,2019-10-11 09:35:43,0.44,0.8148,761,0.42,0.7777,289,0.43,0.7962,5,0.43,0.7962,45,0
IWM191018P145,2019-10-11,2019-10-11 09:35:44,0.44,0.8148,795,0.43,0.7962,43,0.43,0.7962,1,0.435,0.8055,46,0
IWM191018P145,2019-10-11,2019-10-11 09:35:44,0.43,0.7962,88,0.42,0.7777,250,0.43,0.7962,1,0.425,0.787,46,0
IWM191018P145,2019-10-11,2019-10-11 09:35:45,0.43,0.7962,140,0.42,0.7777,250,0.43,0.7962,1,0.425,0.787,46,0
IWM191018P145,2019-10-11,2019-10-11 09:35:45,0.43,0.7962,140,0.42,0.7777,294,0.43,0.7962,1,0.425,0.787,46,0
IWM191018P145,2019-10-11,2019-10-11 09:35:46,0.43,0.7962,443,0.42,0.7777,383,0.43,0.7962,1,0.425,0.787,46,0
IWM191018P145,2019-10-11,2019-10-11 09:35:46,0.43,0.7962,198,0.42,0.7777,441,0.43,0.7962,1,0.425,0.787,46,0
IWM191018P145,2019-10-11,2019-10-11 09:35:47,0.43,0.7962,238,0.42,0.7777,404,0.43,0.7962,1,0.425,0.787,46,0
IWM191018P145,2019-10-11,2019-10-11 09:35:47,0.43,0.7962,440,0.42,0.7777,428,0.43,0.7962,1,0.425,0.787,46,0
IWM191018P145,2019-10-11,2019-10-11 09:35:48,0.43,0.7962,48,0.42,0.7777,475,0.43,0.7962,1,0.425,0.787,46,0
IWM191018P145,2019-10-11,2019-10-11 09:35:48,0.43,0.7962,54,0.42,0.7777,415,0.43,0.7962,1,0.425,0.787,46,0
IWM191018P145,2019-10-11,2019-10-11 09:35:49,0.43,0.7962,99,0.42,0.7777,403,0.43,0.7962,1,0.425,0.787,46,0
IWM191018P145,2019-10-11,2019-10-11 09:35:49,0.43,0.7962,40,0.42,0.7777,383,0.43,0.7962,1,0.425,0.787,46,0
IWM191018P145,2019-10-11,2019-10-11 09:35:50,0.43,0.7962,40,0.42,0.7777,317,0.43,0.7962,1,0.425,0.787,46,0
IWM191018P145,2019-10-11,2019-10-11 09:35:50,0.43,0.7962,287,0.42,0.7777,432,0.43,0.7962,1,0.425,0.787,46,0
IWM191018P145,2019-10-11,2019-10-11 09:35:51,0.44,0.8148,700,0.42,0.7777,402,0.43,0.7962,1,0.43,0.7962,46,0
IWM191018P145,2019-10-11,2019-10-11 09:35:51,0.43,0.7962,7,0.42,0.7777,432,0.43,0.7962,1,0.425,0.787,46,0
IWM191018P145,2019-10-11,2019-10-11 09:35:52,0.44,0.8148,599,0.43,0.7962,68,0.43,0.7962,1,0.435,0.8055,46,0
IWM191018P145,2019-10-11,2019-10-11 09:35:52,0.44,0.8148,750,0.43,0.7962,70,0.43,0.7962,1,0.435,0.8055,46,0
IWM191018P145,2019-10-11,2019-10-11 09:35:53,0.44,0.8148,823,0.43,0.7962,32,0.43,0.7962,1,0.435,0.8055,46,0
IWM191018P145,2019-10-11,2019-10-11 09:35:53,0.44,0.8148,773,0.43,0.7962,22,0.43,0.7962,1,0.435,0.8055,46,0
IWM191018P145,2019-10-11,2019-10-11 09:35:54,0.44,0.8148,823,0.43,0.7962,32,0.43,0.7962,1,0.435,0.8055,46,0
IWM191018P145,2019-10-11,2019-10-11 09:35:54,0.44,0.8148,823,0.43,0.7962,48,0.43,0.7962,1,0.435,0.8055,46,0
IWM191018P145,2019-10-11,2019-10-11 09:35:55,0.44,0.8148,574,0.43,0.7962,21,0.43,0.7962,1,0.435,0.8055,46,0
IWM191018P145,2019-10-11,2019-10-11 09:35:55,0.44,0.8148,823,0.43,0.7962,23,0.43,0.7962,1,0.435,0.8055,46,0
IWM191018P145,2019-10-11,2019-10-11 09:35:56,0.44,0.8148,892,0.42,0.7777,245,0.43,0.7962,1,0.43,0.7962,46,0
IWM191018P145,2019-10-11,2019-10-11 09:35:56,0.43,0.7962,298,0.42,0.7777,28,0.43,0.7962,1,0.425,0.787,46,0
IWM191018P145,2019-10-11,2019-10-11 09:35:57,0.43,0.7962,178,0.42,0.7777,105,0.43,0.7962,1,0.425,0.787,46,0
IWM191018P145,2019-10-11,2019-10-11 09:35:58,0.43,0.7962,259,0.42,0.7777,206,0.43,0.7962,1,0.425,0.787,46,0
IWM191018P145,2019-10-11,2019-10-11 09:35:58,0.43,0.7962,288,0.42,0.7777,316,0.43,0.7962,1,0.425,0.787,46,0
IWM191018P145,2019-10-11,2019-10-11 09:35:59,0.43,0.7962,288,0.42,0.7777,757,0.43,0.7962,1,0.425,0.787,46,0
IWM191018P145,2019-10-11,2019-10-11 09:35:59,0.43,0.7962,288,0.42,0.7777,723,0.43,0.7962,1,0.425,0.787,46,0
IWM191018P145,2019-10-11,2019-10-11 09:36:00,0.43,0.7962,158,0.42,0.7777,583,0.43,0.7962,1,0.425,0.787,46,0
IWM191018P145,2019-10-11,2019-10-11 09:36:00,0.44,0.8148,381,0.42,0.7777,727,0.43,0.7962,1,0.43,0.7962,46,0
IWM191018P145,2019-10-11,2019-10-11 09:36:01,0.44,0.8148,582,0.42,0.7777,785,0.43,0.7962,1,0.43,0.7962,46,0
IWM191018P145,2019-10-11,2019-10-11 09:36:01,0.44,0.8148,532,0.43,0.7962,126,0.43,0.7962,1,0.435,0.8055,46,0
IWM191018P145,2019-10-11,2019-10-11 09:36:02,0.44,0.8148,570,0.42,0.7777,785,0.43,0.7962,1,0.43,0.7962,46,0
IWM191018P145,2019-10-11,2019-10-11 09:36:03,0.44,0.8148,584,0.42,0.7777,785,0.43,0.7962,1,0.43,0.7962,46,0
IWM191018P145,2019-10-11,2019-10-11 09:36:04,0.44,0.8148,634,0.42,0.7777,785,0.43,0.7962,1,0.43,0.7962,46,0
IWM191018P145,2019-10-11,2019-10-11 09:36:04,0.44,0.8148,584,0.42,0.7777,785,0.43,0.7962,1,0.43,0.7962,46,0
IWM191018P145,2019-10-11,2019-10-11 09:36:05,0.44,0.8148,675,0.42,0.7777,352,0.43,0.7962,1,0.43,0.7962,46,0
IWM191018P145,2019-10-11,2019-10-11 09:36:05,0.44,0.8148,803,0.42,0.7777,352,0.43,0.7962,1,0.43,0.7962,46,0
IWM191018P145,2019-10-11,2019-10-11 09:36:06,0.44,0.8148,665,0.42,0.7777,395,0.43,0.7962,1,0.43,0.7962,46,0
IWM191018P145,2019-10-11,2019-10-11 09:36:06,0.44,0.8148,665,0.42,0.7777,390,0.43,0.7962,1,0.43,0.7962,46,0
IWM191018P145,2019-10-11,2019-10-11 09:36:07,0.44,0.8148,665,0.42,0.7777,419,0.43,0.7962,1,0.43,0.7962,46,0
IWM191018P145,2019-10-11,2019-10-11 09:36:08,0.44,0.8148,615,0.43,0.7962,129,0.43,0.7962,1,0.435,0.8055,46,0
IWM191018P145,2019-10-11,2019-10-11 09:36:08,0.44,0.8148,665,0.42,0.7777,456,0.43,0.7962,1,0.43,0.7962,46,0
IWM191018P145,2019-10-11,2019-10-11 09:36:09,0.44,0.8148,272,0.43,0.7962,20,0.43,0.7962,1,0.435,0.8055,46,0
IWM191018P145,2019-10-11,2019-10-11 09:36:09,0.43,0.7962,258,0.42,0.7777,375,0.43,0.7962,1,0.425,0.787,46,0
IWM191018P145,2019-10-11,2019-10-11 09:36:10,0.43,0.7962,258,0.42,0.7777,357,0.43,0.7962,1,0.425,0.787,46,0
IWM191018P145,2019-10-11,2019-10-11 09:36:10,0.43,0.7962,288,0.42,0.7777,314,0.43,0.7962,1,0.425,0.787,46,0
IWM191018P145,2019-10-11,2019-10-11 09:36:11,0.44,0.8148,322,0.42,0.7777,312,0.43,0.7962,1,0.43,0.7962,46,0
IWM191018P145,2019-10-11,2019-10-11 09:36:11,0.44,0.8148,401,0.42,0.7777,312,0.43,0.7962,1,0.43,0.7962,46,0
IWM191018P145,2019-10-11,2019-10-11 09:36:12,0.44,0.8148,661,0.42,0.7777,699,0.43,0.7962,1,0.43,0.7962,46,0
IWM191018P145,2019-10-11,2019-10-11 09:36:12,0.44,0.8148,748,0.42,0.7777,621,0.43,0.7962,1,0.43,0.7962,46,0
IWM191018P145,2019-10-11,2019-10-11 09:36:13,0.44,0.8148,661,0.42,0.7777,749,0.43,0.7962,1,0.43,0.7962,46,0
IWM191018P145,2019-10-11,2019-10-11 09:36:13,0.44,0.8148,289,0.42,0.7777,603,0.43,0.7962,1,0.43,0.7962,46,0
IWM191018P145,2019-10-11,2019-10-11 09:36:14,0.44,0.8148,1090,0.42,0.7777,329,0.43,0.7962,1,0.43,0.7962,46,0
IWM191018P145,2019-10-11,2019-10-11 09:36:14,0.44,0.8148,443,0.42,0.7777,307,0.43,0.7962,1,0.43,0.7962,46,0
IWM191018P145,2019-10-11,2019-10-11 09:36:15,0.44,0.8148,780,0.42,0.7777,460,0.43,0.7962,1,0.43,0.7962,46,0
IWM191018P145,2019-10-11,2019-10-11 09:36:15,0.44,0.8148,780,0.42,0.7777,329,0.43,0.7962,1,0.43,0.7962,46,0
IWM191018P145,2019-10-11,2019-10-11 09:36:16,0.44,0.8148,256,0.43,0.7962,13,0.43,0.7962,1,0.435,0.8055,46,0
IWM191018P145,2019-10-11,2019-10-11 09:36:16,0.44,0.8148,1022,0.42,0.7777,623,0.43,0.7962,1,0.43,0.7962,46,0
IWM191018P145,2019-10-11,2019-10-11 09:36:17,0.44,0.8148,542,0.43,0.7962,65,0.43,0.7962,1,0.435,0.8055,46,0
IWM191018P145,2019-10-11,2019-10-11 09:36:17,0.44,0.8148,768,0.43,0.7962,32,0.43,0.7962,1,0.435,0.8055,46,0
IWM191018P145,2019-10-11,2019-10-11 09:36:18,0.44,0.8148,467,0.43,0.7962,86,0.43,0.7962,1,0.435,0.8055,46,0
IWM191018P145,2019-10-11,2019-10-11 09:36:18,0.44,0.8148,467,0.43,0.7962,135,0.43,0.7962,1,0.435,0.8055,46,0
IWM191018P145,2019-10-11,2019-10-11 09:36:19,0.44,0.8148,44,0.43,0.7962,10,0.43,0.7962,1,0.435,0.8055,46,0
IWM191018P145,2019-10-11,2019-10-11 09:36:19,0.44,0.8148,136,0.43,0.7962,207,0.43,0.7962,1,0.435,0.8055,46,0
IWM191018P145,2019-10-11,2019-10-11 09:36:20,0.44,0.8148,240,0.43,0.7962,151,0.43,0.7962,1,0.435,0.8055,46,0
IWM191018P145,2019-10-11,2019-10-11 09:36:20,0.44,0.8148,201,0.43,0.7962,44,0.43,0.7962,1,0.435,0.8055,46,0
IWM191018P145,2019-10-11,2019-10-11 09:36:21,0.44,0.8148,344,0.43,0.7962,349,0.43,0.7962,1,0.435,0.8055,46,0
IWM191018P145,2019-10-11,2019-10-11 09:36:21,0.44,0.8148,240,0.43,0.7962,349,0.43,0.7962,1,0.435,0.8055,46,0
IWM191018P145,2019-10-11,2019-10-11 09:36:22,0.44,0.8148,344,0.43,0.7962,204,0.43,0.7962,1,0.435,0.8055,46,0
IWM191018P145,2019-10-11,2019-10-11 09:36:22,0.44,0.8148,429,0.43,0.7962,20,0.43,0.7962,1,0.435,0.8055,46,0
IWM191018P145,2019-10-11,2019-10-11 09:36:23,0.44,0.8148,405,0.43,0.7962,20,0.43,0.7962,1,0.435,0.8055,46,0
IWM191018P145,2019-10-11,2019-10-11 09:36:24,0.44,0.8148,579,0.43,0.7962,20,0.43,0.7962,1,0.435,0.8055,46,0
IWM191018P145,2019-10-11,2019-10-11 09:36:24,0.44,0.8148,590,0.43,0.7962,20,0.43,0.7962,1,0.435,0.8055,46,0
IWM191018P145,2019-10-11,2019-10-11 09:36:25,0.44,0.8148,845,0.43,0.7962,20,0.43,0.7962,1,0.435,0.8055,46,0
IWM191018P145,2019-10-11,2019-10-11 09:36:25,0.44,0.8148,590,0.43,0.7962,20,0.43,0.7962,1,0.435,0.8055,46,0
IWM191018P145,2019-10-11,2019-10-11 09:36:26,0.44,0.8148,845,0.43,0.7962,20,0.43,0.7962,1,0.435,0.8055,46,0
IWM191018P145,2019-10-11,2019-10-11 09:36:26,0.44,0.8148,795,0.43,0.7962,20,0.43,0.7962,1,0.435,0.8055,46,0
IWM191018P145,2019-10-11,2019-10-11 09:36:27,0.44,0.8148,833,0.43,0.7962,30,0.43,0.7962,1,0.435,0.8055,46,0
IWM191018P145,2019-10-11,2019-10-11 09:36:27,0.44,0.8148,880,0.43,0.7962,20,0.43,0.7962,1,0.435,0.8055,46,0
IWM191018P145,2019-10-11,2019-10-11 09:36:28,0.44,0.8148,805,0.43,0.7962,32,0.43,0.7962,1,0.435,0.8055,46,0
IWM191018P145,2019-10-11,2019-10-11 09:36:28,0.44,0.8148,805,0.43,0.7962,20,0.43,0.7962,1,0.435,0.8055,46,0
IWM191018P145,2019-10-11,2019-10-11 09:36:29,0.44,0.8148,1053,0.43,0.7962,44,0.43,0.7962,1,0.435,0.8055,46,0
IWM191018P145,2019-10-11,2019-10-11 09:36:30,0.44,0.8148,889,0.43,0.7962,44,0.43,0.7962,1,0.435,0.8055,46,0
IWM191018P145,2019-10-11,2019-10-11 09:36:30,0.44,0.8148,1053,0.43,0.7962,44,0.43,0.7962,1,0.435,0.8055,46,0
IWM191018P145,2019-10-11,2019-10-11 09:36:31,0.44,0.8148,1107,0.43,0.7962,8,0.43,0.7962,1,0.435,0.8055,46,0
IWM191018P145,2019-10-11,2019-10-11 09:36:32,0.44,0.8148,1107,0.43,0.7962,8,0.43,0.7962,1,0.435,0.8055,46,0
IWM191018P145,2019-10-11,2019-10-11 09:36:32,0.44,0.8148,787,0.42,0.7777,251,0.43,0.7962,1,0.43,0.7962,46,0
IWM191018P145,2019-10-11,2019-10-11 09:36:33,0.44,0.8148,461,0.43,0.7962,44,0.43,0.7962,1,0.435,0.8055,46,0
IWM191018P145,2019-10-11,2019-10-11 09:36:33,0.44,0.8148,775,0.42,0.7777,286,0.43,0.7962,1,0.43,0.7962,46,0
IWM191018P145,2019-10-11,2019-10-11 09:36:34,0.44,0.8148,538,0.43,0.7962,30,0.43,0.7962,1,0.435,0.8055,46,0
IWM191018P145,2019-10-11,2019-10-11 09:36:34,0.44,0.8148,566,0.43,0.7962,30,0.43,0.7962,1,0.435,0.8055,46,0
IWM191018P145,2019-10-11,2019-10-11 09:36:35,0.44,0.8148,566,0.43,0.7962,20,0.43,0.7962,1,0.435,0.8055,46,0
IWM191018P145,2019-10-11,2019-10-11 09:36:35,0.44,0.8148,516,0.43,0.7962,44,0.43,0.7962,1,0.435,0.8055,46,0
IWM191018P145,2019-10-11,2019-10-11 09:36:36,0.44,0.8148,566,0.43,0.7962,66,0.43,0.7962,1,0.435,0.8055,46,0
IWM191018P145,2019-10-11,2019-10-11 09:36:36,0.44,0.8148,516,0.43,0.7962,66,0.43,0.7962,1,0.435,0.8055,46,0
IWM191018P145,2019-10-11,2019-10-11 09:36:37,0.44,0.8148,566,0.43,0.7962,191,0.43,0.7962,1,0.435,0.8055,46,0
IWM191018P145,2019-10-11,2019-10-11 09:36:37,0.44,0.8148,552,0.43,0.7962,191,0.43,0.7962,1,0.435,0.8055,46,0
IWM191018P145,2019-10-11,2019-10-11 09:36:38,0.44,0.8148,581,0.43,0.7962,66,0.43,0.7962,1,0.435,0.8055,46,0
IWM191018P145,2019-10-11,2019-10-11 09:36:39,0.44,0.8148,581,0.43,0.7962,66,0.43,0.7962,1,0.435,0.8055,46,0
IWM191018P145,2019-10-11,2019-10-11 09:36:39,0.44,0.8148,716,0.43,0.7962,44,0.43,0.7962,1,0.435,0.8055,46,0
IWM191018P145,2019-10-11,2019-10-11 09:36:40,0.44,0.8148,716,0.43,0.7962,44,0.43,0.7962,1,0.435,0.8055,46,0
IWM191018P145,2019-10-11,2019-10-11 09:36:41,0.44,0.8148,716,0.43,0.7962,66,0.43,0.7962,1,0.435,0.8055,46,0
IWM191018P145,2019-10-11,2019-10-11 09:36:41,0.44,0.8148,808,0.43,0.7962,66,0.43,0.7962,1,0.435,0.8055,46,0
IWM191018P145,2019-10-11,2019-10-11 09:36:42,0.44,0.8148,808,0.43,0.7962,53,0.43,0.7962,1,0.435,0.8055,46,0
IWM191018P145,2019-10-11,2019-10-11 09:36:43,0.44,0.8148,644,0.43,0.7962,65,0.43,0.7962,1,0.435,0.8055,46,0
IWM191018P145,2019-10-11,2019-10-11 09:36:43,0.44,0.8148,862,0.43,0.7962,65,0.43,0.7962,1,0.435,0.8055,46,0
IWM191018P145,2019-10-11,2019-10-11 09:36:44,0.44,0.8148,862,0.43,0.7962,65,0.43,0.7962,1,0.435,0.8055,46,0
IWM191018P145,2019-10-11,2019-10-11 09:36:45,0.44,0.8148,862,0.43,0.7962,65,0.43,0.7962,1,0.435,0.8055,46,0
IWM191018P145,2019-10-11,2019-10-11 09:36:46,0.44,0.8148,862,0.43,0.7962,65,0.43,0.7962,1,0.435,0.8055,46,0
IWM191018P145,2019-10-11,2019-10-11 09:36:46,0.44,0.8148,694,0.43,0.7962,65,0.43,0.7962,1,0.435,0.8055,46,0
IWM191018P145,2019-10-11,2019-10-11 09:36:47,0.44,0.8148,862,0.43,0.7962,65,0.43,0.7962,1,0.435,0.8055,46,0
IWM191018P145,2019-10-11,2019-10-11 09:36:47,0.44,0.8148,694,0.43,0.7962,65,0.43,0.7962,1,0.435,0.8055,46,0
IWM191018P145,2019-10-11,2019-10-11 09:36:48,0.44,0.8148,836,0.43,0.7962,20,0.43,0.7962,1,0.435,0.8055,46,0
IWM191018P145,2019-10-11,2019-10-11 09:36:48,0.44,0.8148,836,0.43,0.7962,65,0.43,0.7962,1,0.435,0.8055,46,0
IWM191018P145,2019-10-11,2019-10-11 09:36:49,0.44,0.8148,897,0.43,0.7962,44,0.43,0.7962,1,0.435,0.8055,46,0
IWM191018P145,2019-10-11,2019-10-11 09:36:49,0.44,0.8148,1065,0.43,0.7962,44,0.43,0.7962,1,0.435,0.8055,46,0
IWM191018P145,2019-10-11,2019-10-11 09:36:50,0.44,0.8148,1065,0.43,0.7962,44,0.43,0.7962,1,0.435,0.8055,46,0
IWM191018P145,2019-10-11,2019-10-11 09:36:50,0.44,0.8148,1115,0.43,0.7962,44,0.43,0.7962,1,0.435,0.8055,46,0
IWM191018P145,2019-10-11,2019-10-11 09:36:51,0.44,0.8148,1065,0.43,0.7962,44,0.43,0.7962,1,0.435,0.8055,46,0
IWM191018P145,2019-10-11,2019-10-11 09:36:52,0.44,0.8148,1115,0.43,0.7962,44,0.43,0.7962,1,0.435,0.8055,46,0
IWM191018P145,2019-10-11,2019-10-11 09:36:52,0.44,0.8148,1065,0.43,0.7962,44,0.43,0.7962,1,0.435,0.8055,46,0
IWM191018P145,2019-10-11,2019-10-11 09:36:53,0.44,0.8148,1115,0.43,0.7962,44,0.43,0.7962,1,0.435,0.8055,46,0
IWM191018P145,2019-10-11,2019-10-11 09:36:54,0.44,0.8148,1235,0.43,0.7962,44,0.43,0.7962,1,0.435,0.8055,46,0
IWM191018P145,2019-10-11,2019-10-11 09:36:54,0.44,0.8148,1117,0.43,0.7962,44,0.43,0.7962,1,0.435,0.8055,46,0
IWM191018P145,2019-10-11,2019-10-11 09:36:55,0.44,0.8148,1285,0.43,0.7962,44,0.43,0.7962,1,0.435,0.8055,46,0
IWM191018P145,2019-10-11,2019-10-11 09:36:55,0.44,0.8148,1143,0.43,0.7962,44,0.43,0.7962,1,0.435,0.8055,46,0
IWM191018P145,2019-10-11,2019-10-11 09:36:56,0.44,0.8148,972,0.43,0.7962,32,0.43,0.7962,1,0.435,0.8055,46,0
IWM191018P145,2019-10-11,2019-10-11 09:36:56,0.44,0.8148,1143,0.43,0.7962,32,0.43,0.7962,1,0.435,0.8055,46,0
IWM191018P145,2019-10-11,2019-10-11 09:36:57,0.43,0.7962,156,0.42,0.7777,111,0.43,0.7962,1,0.425,0.787,46,0
IWM191018P145,2019-10-11,2019-10-11 09:36:57,0.44,0.8148,1156,0.43,0.7962,20,0.43,0.7962,1,0.435,0.8055,46,0
IWM191018P145,2019-10-11,2019-10-11 09:36:58,0.43,0.7962,413,0.42,0.7777,361,0.43,0.7962,1,0.425,0.787,46,0
IWM191018P145,2019-10-11,2019-10-11 09:36:58,0.43,0.7962,413,0.42,0.7777,475,0.43,0.7962,1,0.425,0.787,46,0
IWM191018P145,2019-10-11,2019-10-11 09:36:59,0.43,0.7962,73,0.42,0.7777,449,0.43,0.7962,1,0.425,0.787,46,0
IWM191018P145,2019-10-11,2019-10-11 09:36:59,0.43,0.7962,218,0.42,0.7777,423,0.43,0.7962,1,0.425,0.787,46,0
IWM191018P145,2019-10-11,2019-10-11 09:37:00,0.43,0.7962,367,0.42,0.7777,646,0.43,0.7962,1,0.425,0.787,46,0
IWM191018P145,2019-10-11,2019-10-11 09:37:00,0.43,0.7962,377,0.42,0.7777,533,0.43,0.7962,1,0.425,0.787,46,0
IWM191018P145,2019-10-11,2019-10-11 09:37:01,0.43,0.7962,293,0.42,0.7777,646,0.43,0.7962,1,0.425,0.787,46,0
IWM191018P145,2019-10-11,2019-10-11 09:37:02,0.43,0.7962,293,0.42,0.7777,442,0.43,0.7962,1,0.425,0.787,46,0
IWM191018P145,2019-10-11,2019-10-11 09:37:02,0.43,0.7962,285,0.42,0.7777,359,0.43,0.7962,1,0.425,0.787,46,0
IWM191018P145,2019-10-11,2019-10-11 09:37:03,0.43,0.7962,285,0.42,0.7777,359,0.43,0.7962,1,0.425,0.787,46,0
IWM191018P145,2019-10-11,2019-10-11 09:37:03,0.43,0.7962,151,0.42,0.7777,359,0.43,0.7962,1,0.425,0.787,46,0
IWM191018P145,2019-10-11,2019-10-11 09:37:04,0.44,0.8148,562,0.43,0.7962,90,0.43,0.7962,1,0.435,0.8055,46,0
IWM191018P145,2019-10-11,2019-10-11 09:37:04,0.44,0.8148,476,0.43,0.7962,90,0.43,0.7962,1,0.435,0.8055,46,0
IWM191018P145,2019-10-11,2019-10-11 09:37:05,0.44,0.8148,409,0.43,0.7962,319,0.43,0.7962,1,0.435,0.8055,46,0
IWM191018P145,2019-10-11,2019-10-11 09:37:05,0.44,0.8148,409,0.43,0.7962,90,0.43,0.7962,1,0.435,0.8055,46,0
IWM191018P145,2019-10-11,2019-10-11 09:37:06,0.44,0.8148,684,0.42,0.7777,511,0.43,0.7962,1,0.43,0.7962,46,0
IWM191018P145,2019-10-11,2019-10-11 09:37:06,0.44,0.8148,713,0.43,0.7962,33,0.43,0.7962,1,0.435,0.8055,46,0
IWM191018P145,2019-10-11,2019-10-11 09:37:07,0.44,0.8148,731,0.43,0.7962,49,0.43,0.7962,1,0.435,0.8055,46,0
IWM191018P145,2019-10-11,2019-10-11 09:37:07,0.44,0.8148,731,0.43,0.7962,33,0.43,0.7962,1,0.435,0.8055,46,0
IWM191018P145,2019-10-11,2019-10-11 09:37:08,0.44,0.8148,1034,0.43,0.7962,49,0.43,0.7962,1,0.435,0.8055,46,0
IWM191018P145,2019-10-11,2019-10-11 09:37:08,0.44,0.8148,731,0.43,0.7962,49,0.43,0.7962,1,0.435,0.8055,46,0
IWM191018P145,2019-10-11,2019-10-11 09:37:09,0.43,0.7962,292,0.42,0.7777,327,0.43,0.7962,1,0.425,0.787,46,0
IWM191018P145,2019-10-11,2019-10-11 09:37:09,0.43,0.7962,491,0.42,0.7777,178,0.43,0.7962,1,0.425,0.787,46,0
IWM191018P145,2019-10-11,2019-10-11 09:37:10,0.43,0.7962,622,0.42,0.7777,219,0.43,0.7962,1,0.425,0.787,46,0
IWM191018P145,2019-10-11,2019-10-11 09:37:10,0.43,0.7962,504,0.42,0.7777,328,0.43,0.7962,1,0.425,0.787,46,0
IWM191018P145,2019-10-11,2019-10-11 09:37:11,0.43,0.7962,622,0.42,0.7777,219,0.43,0.7962,1,0.425,0.787,46,0
IWM191018P145,2019-10-11,2019-10-11 09:37:11,0.43,0.7962,683,0.42,0.7777,178,0.43,0.7962,1,0.425,0.787,46,0
IWM191018P145,2019-10-11,2019-10-11 09:37:12,0.43,0.7962,561,0.42,0.7777,267,0.43,0.7962,1,0.425,0.787,46,0
IWM191018P145,2019-10-11,2019-10-11 09:37:12,0.43,0.7962,561,0.42,0.7777,343,0.43,0.7962,1,0.425,0.787,46,0
IWM191018P145,2019-10-11,2019-10-11 09:37:13,0.43,0.7962,504,0.42,0.7777,404,0.43,0.7962,1,0.425,0.787,46,0
IWM191018P145,2019-10-11,2019-10-11 09:37:14,0.43,0.7962,169,0.42,0.7777,911,0.43,0.7962,1,0.425,0.787,46,0
IWM191018P145,2019-10-11,2019-10-11 09:37:14,0.43,0.7962,169,0.42,0.7777,404,0.43,0.7962,1,0.425,0.787,46,0
IWM191018P145,2019-10-11,2019-10-11 09:37:15,0.43,0.7962,169,0.42,0.7777,532,0.43,0.7962,1,0.425,0.787,46,0
IWM191018P145,2019-10-11,2019-10-11 09:37:15,0.43,0.7962,95,0.42,0.7777,582,0.43,0.7962,1,0.425,0.787,46,0
IWM191018P145,2019-10-11,2019-10-11 09:37:16,0.43,0.7962,129,0.42,0.7777,848,0.43,0.7962,1,0.425,0.787,46,0
IWM191018P145,2019-10-11,2019-10-11 09:37:17,0.44,0.8148,464,0.42,0.7777,278,0.43,0.7962,1,0.43,0.7962,46,0
IWM191018P145,2019-10-11,2019-10-11 09:37:17,0.44,0.8148,413,0.42,0.7777,769,0.43,0.7962,1,0.43,0.7962,46,0
IWM191018P145,2019-10-11,2019-10-11 09:37:18,0.44,0.8148,566,0.42,0.7777,708,0.43,0.7962,1,0.43,0.7962,46,0
IWM191018P145,2019-10-11,2019-10-11 09:37:18,0.44,0.8148,633,0.42,0.7777,708,0.43,0.7962,1,0.43,0.7962,46,0
IWM191018P145,2019-10-11,2019-10-11 09:37:19,0.44,0.8148,633,0.42,0.7777,804,0.43,0.7962,1,0.43,0.7962,46,0
IWM191018P145,2019-10-11,2019-10-11 09:37:20,0.44,0.8148,726,0.42,0.7777,804,0.43,0.7962,1,0.43,0.7962,46,0
IWM191018P145,2019-10-11,2019-10-11 09:37:21,0.44,0.8148,773,0.42,0.7777,498,0.43,0.7962,1,0.43,0.7962,46,0
IWM191018P145,2019-10-11,2019-10-11 09:37:21,0.44,0.8148,726,0.42,0.7777,448,0.43,0.7962,1,0.43,0.7962,46,0
IWM191018P145,2019-10-11,2019-10-11 09:37:22,0.44,0.8148,773,0.42,0.7777,718,0.43,0.7962,1,0.43,0.7962,46,0
IWM191018P145,2019-10-11,2019-10-11 09:37:22,0.44,0.8148,773,0.42,0.7777,722,0.43,0.7962,1,0.43,0.7962,46,0
IWM191018P145,2019-10-11,2019-10-11 09:37:23,0.43,0.7962,159,0.42,0.7777,470,0.43,0.7962,1,0.425,0.787,46,0
IWM191018P145,2019-10-11,2019-10-11 09:37:23,0.44,0.8148,633,0.42,0.7777,276,0.43,0.7962,1,0.43,0.7962,46,0
IWM191018P145,2019-10-11,2019-10-11 09:37:24,0.43,0.7962,370,0.42,0.7777,260,0.43,0.7962,1,0.425,0.787,46,0
IWM191018P145,2019-10-11,2019-10-11 09:37:25,0.43,0.7962,370,0.42,0.7777,425,0.43,0.7962,1,0.425,0.787,46,0
IWM191018P145,2019-10-11,2019-10-11 09:37:25,0.43,0.7962,370,0.42,0.7777,273,0.43,0.7962,1,0.425,0.787,46,0
IWM191018P145,2019-10-11,2019-10-11 09:37:26,0.43,0.7962,96,0.42,0.7777,336,0.43,0.7962,1,0.425,0.787,46,0
IWM191018P145,2019-10-11,2019-10-11 09:37:26,0.43,0.7962,310,0.42,0.7777,336,0.43,0.7962,1,0.425,0.787,46,0
IWM191018P145,2019-10-11,2019-10-11 09:37:27,0.44,0.8148,300,0.43,0.7962,408,0.43,0.7962,1,0.435,0.8055,46,0
IWM191018P145,2019-10-11,2019-10-11 09:37:27,0.44,0.8148,502,0.42,0.7777,718,0.43,0.7962,1,0.43,0.7962,46,0
IWM191018P145,2019-10-11,2019-10-11 09:37:28,0.44,0.8148,380,0.43,0.7962,587,0.43,0.7962,1,0.435,0.8055,46,0
IWM191018P145,2019-10-11,2019-10-11 09:37:28,0.44,0.8148,380,0.43,0.7962,537,0.43,0.7962,1,0.435,0.8055,46,0
IWM191018P145,2019-10-11,2019-10-11 09:37:29,0.44,0.8148,270,0.43,0.7962,554,0.43,0.7962,1,0.435,0.8055,46,0
IWM191018P145,2019-10-11,2019-10-11 09:37:29,0.44,0.8148,262,0.43,0.7962,554,0.43,0.7962,1,0.435,0.8055,46,0
IWM191018P145,2019-10-11,2019-10-11 09:37:30,0.44,0.8148,270,0.43,0.7962,908,0.43,0.7962,1,0.435,0.8055,46,0
IWM191018P145,2019-10-11,2019-10-11 09:37:30,0.44,0.8148,125,0.43,0.7962,763,0.43,0.7962,1,0.435,0.8055,46,0
IWM191018P145,2019-10-11,2019-10-11 09:37:31,0.45,0.8333,551,0.43,0.7962,626,0.43,0.7962,1,0.44,0.8148,46,0
IWM191018P145,2019-10-11,2019-10-11 09:37:31,0.45,0.8333,590,0.43,0.7962,626,0.43,0.7962,1,0.44,0.8148,46,0
IWM191018P145,2019-10-11,2019-10-11 09:37:32,0.45,0.8333,822,0.44,0.8148,150,0.43,0.7962,1,0.445,0.824,46,0
IWM191018P145,2019-10-11,2019-10-11 09:37:33,0.45,0.8333,822,0.44,0.8148,150,0.43,0.7962,1,0.445,0.824,46,0
IWM191018P145,2019-10-11,2019-10-11 09:37:33,0.45,0.8333,911,0.43,0.7962,959,0.43,0.7962,1,0.44,0.8148,46,0
IWM191018P145,2019-10-11,2019-10-11 09:37:34,0.45,0.8333,911,0.43,0.7962,893,0.43,0.7962,1,0.44,0.8148,46,0
IWM191018P145,2019-10-11,2019-10-11 09:37:34,0.45,0.8333,911,0.43,0.7962,1041,0.43,0.7962,1,0.44,0.8148,46,0
IWM191018P145,2019-10-11,2019-10-11 09:37:35,0.45,0.8333,911,0.43,0.7962,874,0.43,0.7962,1,0.44,0.8148,46,0
IWM191018P145,2019-10-11,2019-10-11 09:37:35,0.45,0.8333,911,0.43,0.7962,693,0.43,0.7962,1,0.44,0.8148,46,0
IWM191018P145,2019-10-11,2019-10-11 09:37:36,0.45,0.8333,911,0.43,0.7962,693,0.43,0.7962,1,0.44,0.8148,46,0
IWM191018P145,2019-10-11,2019-10-11 09:37:37,0.45,0.8333,911,0.43,0.7962,693,0.43,0.7962,1,0.44,0.8148,46,0
IWM191018P145,2019-10-11,2019-10-11 09:37:38,0.44,0.8148,192,0.43,0.7962,459,0.43,0.7962,1,0.435,0.8055,46,0
IWM191018P145,2019-10-11,2019-10-11 09:37:38,0.45,0.8333,900,0.43,0.7962,614,0.43,0.7962,1,0.44,0.8148,46,0
IWM191018P145,2019-10-11,2019-10-11 09:37:39,0.44,0.8148,147,0.43,0.7962,601,0.43,0.7962,1,0.435,0.8055,46,0
IWM191018P145,2019-10-11,2019-10-11 09:37:40,0.44,0.8148,109,0.43,0.7962,902,0.43,0.7962,1,0.435,0.8055,46,0
IWM191018P145,2019-10-11,2019-10-11 09:37:40,0.44,0.8148,109,0.43,0.7962,601,0.43,0.7962,1,0.435,0.8055,46,0
IWM191018P145,2019-10-11,2019-10-11 09:37:41,0.44,0.8148,109,0.43,0.7962,615,0.43,0.7962,1,0.435,0.8055,46,0
IWM191018P145,2019-10-11,2019-10-11 09:37:42,0.44,0.8148,109,0.43,0.7962,841,0.43,0.7962,1,0.435,0.8055,46,0
IWM191018P145,2019-10-11,2019-10-11 09:37:42,0.44,0.8148,143,0.43,0.7962,410,0.43,0.7962,1,0.435,0.8055,46,0
IWM191018P145,2019-10-11,2019-10-11 09:37:43,0.44,0.8148,156,0.43,0.7962,397,0.43,0.7962,1,0.435,0.8055,46,0
IWM191018P145,2019-10-11,2019-10-11 09:37:43,0.44,0.8148,392,0.43,0.7962,397,0.43,0.7962,1,0.435,0.8055,46,0
IWM191018P145,2019-10-11,2019-10-11 09:37:44,0.44,0.8148,392,0.43,0.7962,447,0.43,0.7962,1,0.435,0.8055,46,0
IWM191018P145,2019-10-11,2019-10-11 09:37:44,0.44,0.8148,392,0.43,0.7962,397,0.43,0.7962,1,0.435,0.8055,46,0
IWM191018P145,2019-10-11,2019-10-11 09:37:45,0.44,0.8148,322,0.43,0.7962,461,0.43,0.7962,1,0.435,0.8055,46,0
IWM191018P145,2019-10-11,2019-10-11 09:37:45,0.44,0.8148,291,0.43,0.7962,461,0.43,0.7962,1,0.435,0.8055,46,0
IWM191018P145,2019-10-11,2019-10-11 09:37:46,0.44,0.8148,198,0.43,0.7962,347,0.43,0.7962,1,0.435,0.8055,46,0
IWM191018P145,2019-10-11,2019-10-11 09:37:46,0.44,0.8148,273,0.43,0.7962,459,0.43,0.7962,1,0.435,0.8055,46,0
IWM191018P145,2019-10-11,2019-10-11 09:37:47,0.44,0.8148,274,0.43,0.7962,522,0.43,0.7962,1,0.435,0.8055,46,0
IWM191018P145,2019-10-11,2019-10-11 09:37:47,0.44,0.8148,382,0.43,0.7962,347,0.43,0.7962,1,0.435,0.8055,46,0
IWM191018P145,2019-10-11,2019-10-11 09:37:48,0.44,0.8148,314,0.43,0.7962,440,0.43,0.7962,1,0.435,0.8055,46,0
IWM191018P145,2019-10-11,2019-10-11 09:37:48,0.44,0.8148,274,0.43,0.7962,524,0.43,0.7962,1,0.435,0.8055,46,0
IWM191018P145,2019-10-11,2019-10-11 09:37:49,0.44,0.8148,314,0.43,0.7962,530,0.43,0.7962,1,0.435,0.8055,46,0
IWM191018P145,2019-10-11,2019-10-11 09:37:49,0.44,0.8148,137,0.43,0.7962,799,0.43,0.7962,1,0.435,0.8055,46,0
IWM191018P145,2019-10-11,2019-10-11 09:37:50,0.44,0.8148,137,0.43,0.7962,799,0.43,0.7962,1,0.435,0.8055,46,0
IWM191018P145,2019-10-11,2019-10-11 09:37:51,0.44,0.8148,137,0.43,0.7962,449,0.43,0.7962,1,0.435,0.8055,46,0
IWM191018P145,2019-10-11,2019-10-11 09:37:52,0.44,0.8148,301,0.43,0.7962,449,0.43,0.7962,1,0.435,0.8055,46,0
IWM191018P145,2019-10-11,2019-10-11 09:37:52,0.44,0.8148,301,0.43,0.7962,668,0.43,0.7962,1,0.435,0.8055,46,0
IWM191018P145,2019-10-11,2019-10-11 09:37:53,0.44,0.8148,291,0.43,0.7962,333,0.43,0.7962,1,0.435,0.8055,46,0
IWM191018P145,2019-10-11,2019-10-11 09:37:53,0.44,0.8148,338,0.43,0.7962,224,0.43,0.7962,1,0.435,0.8055,46,0
IWM191018P145,2019-10-11,2019-10-11 09:37:54,0.44,0.8148,443,0.43,0.7962,322,0.43,0.7962,1,0.435,0.8055,46,0
IWM191018P145,2019-10-11,2019-10-11 09:37:55,0.44,0.8148,747,0.43,0.7962,36,0.43,0.7962,1,0.435,0.8055,46,0
IWM191018P145,2019-10-11,2019-10-11 09:37:55,0.44,0.8148,716,0.43,0.7962,36,0.43,0.7962,1,0.435,0.8055,46,0
IWM191018P145,2019-10-11,2019-10-11 09:37:56,0.44,0.8148,165,0.43,0.7962,228,0.43,0.7962,1,0.435,0.8055,46,0
IWM191018P145,2019-10-11,2019-10-11 09:37:56,0.44,0.8148,512,0.43,0.7962,36,0.43,0.7962,1,0.435,0.8055,46,0
IWM191018P145,2019-10-11,2019-10-11 09:37:57,0.44,0.8148,228,0.43,0.7962,396,0.43,0.7962,1,0.435,0.8055,46,0
IWM191018P145,2019-10-11,2019-10-11 09:37:57,0.44,0.8148,200,0.43,0.7962,396,0.43,0.7962,1,0.435,0.8055,46,0
IWM191018P145,2019-10-11,2019-10-11 09:37:58,0.44,0.8148,200,0.43,0.7962,386,0.43,0.7962,1,0.435,0.8055,46,0
IWM191018P145,2019-10-11,2019-10-11 09:37:59,0.44,0.8148,330,0.43,0.7962,178,0.43,0.7962,1,0.435,0.8055,46,0
IWM191018P145,2019-10-11,2019-10-11 09:37:59,0.44,0.8148,344,0.43,0.7962,386,0.43,0.7962,1,0.435,0.8055,46,0
IWM191018P145,2019-10-11,2019-10-11 09:38:00,0.44,0.8148,213,0.43,0.7962,324,0.43,0.7962,1,0.435,0.8055,46,0
IWM191018P145,2019-10-11,2019-10-11 09:38:00,0.44,0.8148,330,0.43,0.7962,178,0.43,0.7962,1,0.435,0.8055,46,0
IWM191018P145,2019-10-11,2019-10-11 09:38:01,0.44,0.8148,213,0.43,0.7962,324,0.43,0.7962,1,0.435,0.8055,46,0
IWM191018P145,2019-10-11,2019-10-11 09:38:01,0.44,0.8148,213,0.43,0.7962,374,0.43,0.7962,1,0.435,0.8055,46,0
IWM191018P145,2019-10-11,2019-10-11 09:38:02,0.44,0.8148,213,0.43,0.7962,394,0.43,0.7962,1,0.435,0.8055,46,0
IWM191018P145,2019-10-11,2019-10-11 09:38:03,0.44,0.8148,324,0.43,0.7962,591,0.43,0.7962,1,0.435,0.8055,46,0
IWM191018P145,2019-10-11,2019-10-11 09:38:03,0.44,0.8148,250,0.43,0.7962,394,0.43,0.7962,1,0.435,0.8055,46,0
IWM191018P145,2019-10-11,2019-10-11 09:38:04,0.44,0.8148,243,0.43,0.7962,591,0.43,0.7962,1,0.435,0.8055,46,0
IWM191018P145,2019-10-11,2019-10-11 09:38:05,0.44,0.8148,323,0.43,0.7962,591,0.43,0.7962,1,0.435,0.8055,46,0
IWM191018P145,2019-10-11,2019-10-11 09:38:05,0.44,0.8148,323,0.43,0.7962,444,0.43,0.7962,1,0.435,0.8055,46,0
IWM191018P145,2019-10-11,2019-10-11 09:38:06,0.44,0.8148,188,0.43,0.7962,531,0.43,0.7962,1,0.435,0.8055,46,0
IWM191018P145,2019-10-11,2019-10-11 09:38:06,0.44,0.8148,188,0.43,0.7962,753,0.43,0.7962,1,0.435,0.8055,46,0
IWM191018P145,2019-10-11,2019-10-11 09:38:07,0.44,0.8148,217,0.43,0.7962,394,0.43,0.7962,1,0.435,0.8055,46,0
IWM191018P145,2019-10-11,2019-10-11 09:38:07,0.44,0.8148,183,0.43,0.7962,753,0.43,0.7962,1,0.435,0.8055,46,0
IWM191018P145,2019-10-11,2019-10-11 09:38:08,0.44,0.8148,186,0.43,0.7962,382,0.43,0.7962,1,0.435,0.8055,46,0
IWM191018P145,2019-10-11,2019-10-11 09:38:08,0.44,0.8148,259,0.43,0.7962,528,0.43,0.7962,1,0.435,0.8055,46,0
IWM191018P145,2019-10-11,2019-10-11 09:38:09,0.44,0.8148,106,0.43,0.7962,555,0.43,0.7962,1,0.435,0.8055,46,0
IWM191018P145,2019-10-11,2019-10-11 09:38:09,0.44,0.8148,259,0.43,0.7962,528,0.43,0.7962,1,0.435,0.8055,46,0
IWM191018P145,2019-10-11,2019-10-11 09:38:10,0.44,0.8148,188,0.43,0.7962,555,0.43,0.7962,1,0.435,0.8055,46,0
IWM191018P145,2019-10-11,2019-10-11 09:38:10,0.44,0.8148,398,0.43,0.7962,554,0.43,0.7962,1,0.435,0.8055,46,0
IWM191018P145,2019-10-11,2019-10-11 09:38:11,0.44,0.8148,145,0.43,0.7962,554,0.43,0.7962,1,0.435,0.8055,46,0
IWM191018P145,2019-10-11,2019-10-11 09:38:11,0.44,0.8148,398,0.43,0.7962,554,0.43,0.7962,1,0.435,0.8055,46,0
IWM191018P145,2019-10-11,2019-10-11 09:38:12,0.44,0.8148,83,0.43,0.7962,604,0.43,0.7962,1,0.435,0.8055,46,0
IWM191018P145,2019-10-11,2019-10-11 09:38:12,0.44,0.8148,88,0.43,0.7962,604,0.43,0.7962,1,0.435,0.8055,46,0
IWM191018P145,2019-10-11,2019-10-11 09:38:13,0.44,0.8148,112,0.43,0.7962,604,0.43,0.7962,1,0.435,0.8055,46,0
IWM191018P145,2019-10-11,2019-10-11 09:38:14,0.44,0.8148,110,0.43,0.7962,604,0.43,0.7962,1,0.435,0.8055,46,0
IWM191018P145,2019-10-11,2019-10-11 09:38:15,0.44,0.8148,178,0.43,0.7962,604,0.43,0.7962,1,0.435,0.8055,46,0
IWM191018P145,2019-10-11,2019-10-11 09:38:15,0.44,0.8148,110,0.43,0.7962,554,0.43,0.7962,1,0.435,0.8055,46,0
IWM191018P145,2019-10-11,2019-10-11 09:38:16,0.44,0.8148,110,0.43,0.7962,554,0.43,0.7962,1,0.435,0.8055,46,0
IWM191018P145,2019-10-11,2019-10-11 09:38:16,0.44,0.8148,190,0.43,0.7962,458,0.43,0.7962,1,0.435,0.8055,46,0
IWM191018P145,2019-10-11,2019-10-11 09:38:17,0.44,0.8148,190,0.43,0.7962,458,0.43,0.7962,1,0.435,0.8055,46,0
IWM191018P145,2019-10-11,2019-10-11 09:38:17,0.44,0.8148,307,0.43,0.7962,408,0.43,0.7962,1,0.435,0.8055,46,0
IWM191018P145,2019-10-11,2019-10-11 09:38:18,0.44,0.8148,307,0.43,0.7962,408,0.43,0.7962,1,0.435,0.8055,46,0
IWM191018P145,2019-10-11,2019-10-11 09:38:19,0.44,0.8148,306,0.43,0.7962,385,0.43,0.7962,1,0.435,0.8055,46,0
IWM191018P145,2019-10-11,2019-10-11 09:38:19,0.44,0.8148,234,0.43,0.7962,385,0.43,0.7962,1,0.435,0.8055,46,0
IWM191018P145,2019-10-11,2019-10-11 09:38:20,0.44,0.8148,221,0.43,0.7962,593,0.43,0.7962,1,0.435,0.8055,46,0
IWM191018P145,2019-10-11,2019-10-11 09:38:20,0.44,0.8148,213,0.43,0.7962,395,0.43,0.7962,1,0.435,0.8055,46,0
IWM191018P145,2019-10-11,2019-10-11 09:38:21,0.44,0.8148,221,0.43,0.7962,445,0.43,0.7962,1,0.435,0.8055,46,0
IWM191018P145,2019-10-11,2019-10-11 09:38:21,0.44,0.8148,94,0.43,0.7962,445,0.43,0.7962,1,0.435,0.8055,46,0
IWM191018P145,2019-10-11,2019-10-11 09:38:22,0.44,0.8148,148,0.43,0.7962,413,0.43,0.7962,1,0.435,0.8055,46,0
IWM191018P145,2019-10-11,2019-10-11 09:38:22,0.44,0.8148,148,0.43,0.7962,288,0.43,0.7962,1,0.435,0.8055,46,0
IWM191018P145,2019-10-11,2019-10-11 09:38:23,0.44,0.8148,295,0.43,0.7962,158,0.43,0.7962,1,0.435,0.8055,46,0
IWM191018P145,2019-10-11,2019-10-11 09:38:23,0.44,0.8148,297,0.43,0.7962,237,0.43,0.7962,1,0.435,0.8055,46,0
IWM191018P145,2019-10-11,2019-10-11 09:38:24,0.44,0.8148,354,0.43,0.7962,166,0.43,0.7962,1,0.435,0.8055,46,0
IWM191018P145,2019-10-11,2019-10-11 09:38:24,0.44,0.8148,361,0.43,0.7962,174,0.43,0.7962,1,0.435,0.8055,46,0
IWM191018P145,2019-10-11,2019-10-11 09:38:25,0.44,0.8148,447,0.43,0.7962,322,0.43,0.7962,1,0.435,0.8055,46,0
IWM191018P145,2019-10-11,2019-10-11 09:38:26,0.44,0.8148,447,0.43,0.7962,203,0.43,0.7962,1,0.435,0.8055,46,0
IWM191018P145,2019-10-11,2019-10-11 09:38:26,0.44,0.8148,265,0.43,0.7962,333,0.43,0.7962,1,0.435,0.8055,46,0
IWM191018P145,2019-10-11,2019-10-11 09:38:27,0.44,0.8148,265,0.43,0.7962,333,0.43,0.7962,1,0.435,0.8055,46,0
IWM191018P145,2019-10-11,2019-10-11 09:38:27,0.44,0.8148,265,0.43,0.7962,383,0.43,0.7962,1,0.435,0.8055,46,0
IWM191018P145,2019-10-11,2019-10-11 09:38:28,0.44,0.8148,261,0.43,0.7962,333,0.43,0.7962,1,0.435,0.8055,46,0
IWM191018P145,2019-10-11,2019-10-11 09:38:28,0.44,0.8148,261,0.43,0.7962,383,0.43,0.7962,1,0.435,0.8055,46,0
IWM191018P145,2019-10-11,2019-10-11 09:38:29,0.44,0.8148,177,0.43,0.7962,230,0.43,0.7962,1,0.435,0.8055,46,0
IWM191018P145,2019-10-11,2019-10-11 09:38:29,0.44,0.8148,261,0.43,0.7962,383,0.43,0.7962,1,0.435,0.8055,46,0
IWM191018P145,2019-10-11,2019-10-11 09:38:30,0.44,0.8148,279,0.43,0.7962,192,0.43,0.7962,1,0.435,0.8055,46,0
IWM191018P145,2019-10-11,2019-10-11 09:38:30,0.44,0.8148,177,0.43,0.7962,230,0.43,0.7962,1,0.435,0.8055,46,0
IWM191018P145,2019-10-11,2019-10-11 09:38:31,0.44,0.8148,170,0.43,0.7962,230,0.43,0.7962,1,0.435,0.8055,46,0
IWM191018P145,2019-10-11,2019-10-11 09:38:31,0.44,0.8148,172,0.43,0.7962,230,0.43,0.7962,1,0.435,0.8055,46,0
IWM191018P145,2019-10-11,2019-10-11 09:38:32,0.44,0.8148,271,0.43,0.7962,45,0.43,0.7962,1,0.435,0.8055,46,0
IWM191018P145,2019-10-11,2019-10-11 09:38:32,0.44,0.8148,275,0.43,0.7962,230,0.43,0.7962,1,0.435,0.8055,46,0
IWM191018P145,2019-10-11,2019-10-11 09:38:33,0.44,0.8148,271,0.43,0.7962,130,0.43,0.7962,1,0.435,0.8055,46,0
IWM191018P145,2019-10-11,2019-10-11 09:38:33,0.44,0.8148,271,0.43,0.7962,58,0.43,0.7962,1,0.435,0.8055,46,0
IWM191018P145,2019-10-11,2019-10-11 09:38:34,0.44,0.8148,269,0.43,0.7962,196,0.43,0.7962,1,0.435,0.8055,46,0
IWM191018P145,2019-10-11,2019-10-11 09:38:34,0.44,0.8148,269,0.43,0.7962,150,0.43,0.7962,1,0.435,0.8055,46,0
IWM191018P145,2019-10-11,2019-10-11 09:38:35,0.44,0.8148,269,0.43,0.7962,167,0.43,0.7962,1,0.435,0.8055,46,0
IWM191018P145,2019-10-11,2019-10-11 09:38:36,0.44,0.8148,269,0.43,0.7962,150,0.43,0.7962,1,0.435,0.8055,46,0
IWM191018P145,2019-10-11,2019-10-11 09:38:37,0.44,0.8148,284,0.43,0.7962,402,0.43,0.7962,1,0.435,0.8055,46,0
IWM191018P145,2019-10-11,2019-10-11 09:38:37,0.44,0.8148,236,0.43,0.7962,629,0.43,0.7962,1,0.435,0.8055,46,0
IWM191018P145,2019-10-11,2019-10-11 09:38:38,0.44,0.8148,221,0.43,0.7962,579,0.43,0.7962,1,0.435,0.8055,46,0
IWM191018P145,2019-10-11,2019-10-11 09:38:39,0.44,0.8148,341,0.43,0.7962,24,0.43,0.7962,1,0.435,0.8055,46,0
IWM191018P145,2019-10-11,2019-10-11 09:38:39,0.44,0.8148,353,0.43,0.7962,374,0.43,0.7962,1,0.435,0.8055,46,0
IWM191018P145,2019-10-11,2019-10-11 09:38:40,0.44,0.8148,631,0.43,0.7962,24,0.43,0.7962,1,0.435,0.8055,46,0
IWM191018P145,2019-10-11,2019-10-11 09:38:40,0.44,0.8148,820,0.43,0.7962,47,0.43,0.7962,1,0.435,0.8055,46,0
IWM191018P145,2019-10-11,2019-10-11 09:38:41,0.44,0.8148,820,0.43,0.7962,46,0.43,0.7962,1,0.435,0.8055,46,0
IWM191018P145,2019-10-11,2019-10-11 09:38:42,0.44,0.8148,870,0.43,0.7962,46,0.43,0.7962,1,0.435,0.8055,46,0
IWM191018P145,2019-10-11,2019-10-11 09:38:43,0.44,0.8148,820,0.43,0.7962,46,0.43,0.7962,1,0.435,0.8055,46,0
IWM191018P145,2019-10-11,2019-10-11 09:38:44,0.44,0.8148,820,0.43,0.7962,46,0.43,0.7962,1,0.435,0.8055,46,0
IWM191018P145,2019-10-11,2019-10-11 09:38:45,0.44,0.8148,820,0.43,0.7962,46,0.43,0.7962,1,0.435,0.8055,46,0
IWM191018P145,2019-10-11,2019-10-11 09:38:45,0.44,0.8148,484,0.43,0.7962,46,0.43,0.7962,1,0.435,0.8055,46,0
IWM191018P145,2019-10-11,2019-10-11 09:38:46,0.44,0.8148,806,0.43,0.7962,64,0.43,0.7962,1,0.435,0.8055,46,0
IWM191018P145,2019-10-11,2019-10-11 09:38:46,0.44,0.8148,559,0.43,0.7962,64,0.43,0.7962,1,0.435,0.8055,46,0
IWM191018P145,2019-10-11,2019-10-11 09:38:47,0.44,0.8148,856,0.43,0.7962,64,0.43,0.7962,1,0.435,0.8055,46,0
IWM191018P145,2019-10-11,2019-10-11 09:38:48,0.44,0.8148,816,0.43,0.7962,46,0.43,0.7962,1,0.435,0.8055,46,0
IWM191018P145,2019-10-11,2019-10-11 09:38:48,0.44,0.8148,975,0.43,0.7962,16,0.43,0.7962,1,0.435,0.8055,46,0
IWM191018P145,2019-10-11,2019-10-11 09:38:49,0.44,0.8148,975,0.43,0.7962,16,0.43,0.7962,1,0.435,0.8055,46,0
