symbol,Date,quote_time,ask_price,norm_ask_price,ask_size,bid_price,norm_bid_price,bid_size,last_trade_price,norm_last_trade_price,last_trade_size,mark_price,norm_mark_price,volume,Volume
SPY190821C294,2019-08-20,2019-08-20 09:30:00,0.33,1.0,440,0.29,0.8787,170,0.29,0.8787,1,0.31,0.9393,2,2
SPY190821C294,2019-08-20,2019-08-20 09:30:00,0.33,1.0,170,0.29,0.8787,360,0.29,0.8787,1,0.31,0.9393,2,0
SPY190821C294,2019-08-20,2019-08-20 09:30:01,0.33,1.0,542,0.29,0.8787,110,0.29,0.8787,1,0.31,0.9393,2,0
SPY190821C294,2019-08-20,2019-08-20 09:30:01,0.32,0.9696,295,0.29,0.8787,5,0.29,0.8787,1,0.305,0.9242,2,0
SPY190821C294,2019-08-20,2019-08-20 09:30:02,0.32,0.9696,837,0.29,0.8787,120,0.29,0.8787,5,0.305,0.9242,7,5
SPY190821C294,2019-08-20,2019-08-20 09:30:02,0.32,0.9696,289,0.29,0.8787,5,0.29,0.8787,1,0.305,0.9242,2,0
SPY190821C294,2019-08-20,2019-08-20 09:30:03,0.32,0.9696,837,0.29,0.8787,120,0.29,0.8787,5,0.305,0.9242,7,0
SPY190821C294,2019-08-20,2019-08-20 09:30:03,0.31,0.9393,180,0.29,0.8787,180,0.31,0.9393,1,0.3,0.909,8,1
SPY190821C294,2019-08-20,2019-08-20 09:30:04,0.31,0.9393,180,0.29,0.8787,180,0.31,0.9393,1,0.3,0.909,8,0
SPY190821C294,2019-08-20,2019-08-20 09:30:04,0.31,0.9393,477,0.29,0.8787,370,0.31,0.9393,1,0.3,0.909,8,0
SPY190821C294,2019-08-20,2019-08-20 09:30:05,0.31,0.9393,477,0.29,0.8787,370,0.31,0.9393,1,0.3,0.909,8,0
SPY190821C294,2019-08-20,2019-08-20 09:30:06,0.31,0.9393,477,0.29,0.8787,370,0.31,0.9393,1,0.3,0.909,8,0
SPY190821C294,2019-08-20,2019-08-20 09:30:07,0.31,0.9393,477,0.29,0.8787,370,0.31,0.9393,1,0.3,0.909,8,0
SPY190821C294,2019-08-20,2019-08-20 09:30:08,0.31,0.9393,477,0.29,0.8787,310,0.31,0.9393,1,0.3,0.909,10,0
SPY190821C294,2019-08-20,2019-08-20 09:30:08,0.31,0.9393,477,0.29,0.8787,310,0.31,0.9393,1,0.3,0.909,10,2
SPY190821C294,2019-08-20,2019-08-20 09:30:09,0.31,0.9393,477,0.29,0.8787,105,0.32,0.9696,1,0.3,0.909,15,5
SPY190821C294,2019-08-20,2019-08-20 09:30:09,0.31,0.9393,477,0.29,0.8787,105,0.31,0.9393,1,0.3,0.909,10,0
SPY190821C294,2019-08-20,2019-08-20 09:30:10,0.31,0.9393,459,0.29,0.8787,5,0.32,0.9696,1,0.3,0.909,16,0
SPY190821C294,2019-08-20,2019-08-20 09:30:10,0.31,0.9393,459,0.29,0.8787,5,0.32,0.9696,1,0.3,0.909,16,1
SPY190821C294,2019-08-20,2019-08-20 09:30:11,0.31,0.9393,459,0.29,0.8787,5,0.32,0.9696,1,0.3,0.909,16,0
SPY190821C294,2019-08-20,2019-08-20 09:30:11,0.31,0.9393,376,0.29,0.8787,180,0.33,1.0,29,0.3,0.909,45,29
SPY190821C294,2019-08-20,2019-08-20 09:30:12,0.32,0.9696,1363,0.29,0.8787,986,0.33,1.0,29,0.305,0.9242,45,0
SPY190821C294,2019-08-20,2019-08-20 09:30:12,0.32,0.9696,1164,0.3,0.909,5,0.33,1.0,29,0.31,0.9393,45,0
SPY190821C294,2019-08-20,2019-08-20 09:30:13,0.32,0.9696,216,0.31,0.9393,66,0.33,1.0,1,0.315,0.9545,46,1
SPY190821C294,2019-08-20,2019-08-20 09:30:13,0.33,1.0,678,0.29,0.8787,508,0.33,1.0,29,0.31,0.9393,45,0
SPY190821C294,2019-08-20,2019-08-20 09:30:14,0.33,1.0,5,0.32,0.9696,90,0.34,1.0303,5,0.325,0.9848,51,0
SPY190821C294,2019-08-20,2019-08-20 09:30:14,0.33,1.0,156,0.32,0.9696,16,0.34,1.0303,5,0.325,0.9848,51,5
SPY190821C294,2019-08-20,2019-08-20 09:30:15,0.33,1.0,5,0.32,0.9696,1,0.34,1.0303,5,0.325,0.9848,51,0
SPY190821C294,2019-08-20,2019-08-20 09:30:15,0.33,1.0,5,0.32,0.9696,90,0.34,1.0303,5,0.325,0.9848,51,0
SPY190821C294,2019-08-20,2019-08-20 09:30:16,0.33,1.0,817,0.32,0.9696,5,0.32,0.9696,2,0.325,0.9848,53,0
SPY190821C294,2019-08-20,2019-08-20 09:30:16,0.33,1.0,817,0.32,0.9696,5,0.32,0.9696,2,0.325,0.9848,53,2
SPY190821C294,2019-08-20,2019-08-20 09:30:17,0.33,1.0,1248,0.32,0.9696,154,0.32,0.9696,2,0.325,0.9848,53,0
SPY190821C294,2019-08-20,2019-08-20 09:30:17,0.33,1.0,1752,0.32,0.9696,154,0.32,0.9696,2,0.325,0.9848,53,0
SPY190821C294,2019-08-20,2019-08-20 09:30:18,0.33,1.0,1982,0.31,0.9393,1021,0.32,0.9696,2,0.32,0.9696,53,0
SPY190821C294,2019-08-20,2019-08-20 09:30:18,0.33,1.0,1752,0.32,0.9696,100,0.32,0.9696,2,0.325,0.9848,53,0
SPY190821C294,2019-08-20,2019-08-20 09:30:19,0.33,1.0,1982,0.32,0.9696,164,0.32,0.9696,2,0.325,0.9848,53,0
SPY190821C294,2019-08-20,2019-08-20 09:30:19,0.33,1.0,1982,0.31,0.9393,1021,0.32,0.9696,2,0.32,0.9696,53,0
SPY190821C294,2019-08-20,2019-08-20 09:30:20,0.33,1.0,16,0.33,1.0,16,0.32,0.9696,2,0.33,1.0,53,0
SPY190821C294,2019-08-20,2019-08-20 09:30:21,0.34,1.0303,1393,0.33,1.0,164,0.32,0.9696,2,0.335,1.0151,53,0
SPY190821C294,2019-08-20,2019-08-20 09:30:21,0.33,1.0,16,0.33,1.0,16,0.32,0.9696,2,0.33,1.0,53,0
SPY190821C294,2019-08-20,2019-08-20 09:30:22,0.34,1.0303,1463,0.33,1.0,114,0.32,0.9696,2,0.335,1.0151,53,0
SPY190821C294,2019-08-20,2019-08-20 09:30:22,0.34,1.0303,1463,0.33,1.0,164,0.32,0.9696,2,0.335,1.0151,53,0
SPY190821C294,2019-08-20,2019-08-20 09:30:23,0.34,1.0303,1463,0.33,1.0,88,0.32,0.9696,2,0.335,1.0151,53,0
SPY190821C294,2019-08-20,2019-08-20 09:30:24,0.34,1.0303,1883,0.33,1.0,48,0.32,0.9696,2,0.335,1.0151,53,0
SPY190821C294,2019-08-20,2019-08-20 09:30:24,0.34,1.0303,381,0.33,1.0,66,0.32,0.9696,2,0.335,1.0151,53,0
SPY190821C294,2019-08-20,2019-08-20 09:30:25,0.33,1.0,117,0.3,0.909,265,0.32,0.9696,2,0.315,0.9545,53,0
SPY190821C294,2019-08-20,2019-08-20 09:30:25,0.34,1.0303,1253,0.33,1.0,66,0.32,0.9696,2,0.335,1.0151,53,0
SPY190821C294,2019-08-20,2019-08-20 09:30:26,0.33,1.0,522,0.32,0.9696,48,0.32,0.9696,2,0.325,0.9848,53,0
SPY190821C294,2019-08-20,2019-08-20 09:30:26,0.33,1.0,576,0.32,0.9696,99,0.32,0.9696,2,0.325,0.9848,53,0
SPY190821C294,2019-08-20,2019-08-20 09:30:27,0.33,1.0,576,0.32,0.9696,147,0.32,0.9696,2,0.325,0.9848,53,0
SPY190821C294,2019-08-20,2019-08-20 09:30:27,0.33,1.0,721,0.32,0.9696,147,0.32,0.9696,2,0.325,0.9848,53,0
SPY190821C294,2019-08-20,2019-08-20 09:30:28,0.33,1.0,565,0.32,0.9696,164,0.32,0.9696,1,0.325,0.9848,54,1
SPY190821C294,2019-08-20,2019-08-20 09:30:28,0.33,1.0,1142,0.32,0.9696,164,0.32,0.9696,2,0.325,0.9848,53,0
SPY190821C294,2019-08-20,2019-08-20 09:30:29,0.33,1.0,565,0.32,0.9696,164,0.32,0.9696,1,0.325,0.9848,54,0
SPY190821C294,2019-08-20,2019-08-20 09:30:29,0.34,1.0303,831,0.32,0.9696,48,0.32,0.9696,1,0.33,1.0,54,0
SPY190821C294,2019-08-20,2019-08-20 09:30:30,0.34,1.0303,2113,0.32,0.9696,370,0.32,0.9696,1,0.33,1.0,54,0
SPY190821C294,2019-08-20,2019-08-20 09:30:30,0.33,1.0,292,0.32,0.9696,242,0.32,0.9696,1,0.325,0.9848,54,0
SPY190821C294,2019-08-20,2019-08-20 09:30:31,0.33,1.0,133,0.32,0.9696,269,0.32,0.9696,1,0.325,0.9848,54,0
SPY190821C294,2019-08-20,2019-08-20 09:30:31,0.34,1.0303,2279,0.33,1.0,16,0.32,0.9696,1,0.335,1.0151,54,0
SPY190821C294,2019-08-20,2019-08-20 09:30:32,0.34,1.0303,2129,0.33,1.0,16,0.32,0.9696,1,0.335,1.0151,54,0
SPY190821C294,2019-08-20,2019-08-20 09:30:32,0.34,1.0303,273,0.33,1.0,91,0.32,0.9696,1,0.335,1.0151,54,0
SPY190821C294,2019-08-20,2019-08-20 09:30:33,0.34,1.0303,556,0.33,1.0,91,0.34,1.0303,5,0.335,1.0151,79,25
SPY190821C294,2019-08-20,2019-08-20 09:30:33,0.34,1.0303,556,0.33,1.0,114,0.34,1.0303,5,0.335,1.0151,79,0
SPY190821C294,2019-08-20,2019-08-20 09:30:34,0.34,1.0303,856,0.33,1.0,164,0.34,1.0303,5,0.335,1.0151,79,0
SPY190821C294,2019-08-20,2019-08-20 09:30:35,0.34,1.0303,278,0.33,1.0,370,0.34,1.0303,5,0.335,1.0151,79,0
SPY190821C294,2019-08-20,2019-08-20 09:30:35,0.34,1.0303,856,0.33,1.0,174,0.34,1.0303,5,0.335,1.0151,79,0
SPY190821C294,2019-08-20,2019-08-20 09:30:36,0.34,1.0303,278,0.33,1.0,370,0.34,1.0303,5,0.335,1.0151,79,0
SPY190821C294,2019-08-20,2019-08-20 09:30:37,0.34,1.0303,278,0.33,1.0,216,0.34,1.0303,5,0.335,1.0151,79,0
SPY190821C294,2019-08-20,2019-08-20 09:30:37,0.34,1.0303,117,0.33,1.0,216,0.34,1.0303,5,0.335,1.0151,79,0
SPY190821C294,2019-08-20,2019-08-20 09:30:38,0.33,1.0,673,0.32,0.9696,37,0.34,1.0303,5,0.325,0.9848,79,0
SPY190821C294,2019-08-20,2019-08-20 09:30:38,0.33,1.0,362,0.32,0.9696,5,0.34,1.0303,5,0.325,0.9848,79,0
SPY190821C294,2019-08-20,2019-08-20 09:30:39,0.33,1.0,735,0.32,0.9696,50,0.34,1.0303,5,0.325,0.9848,79,0
SPY190821C294,2019-08-20,2019-08-20 09:30:39,0.33,1.0,543,0.32,0.9696,37,0.34,1.0303,5,0.325,0.9848,79,0
SPY190821C294,2019-08-20,2019-08-20 09:30:40,0.34,1.0303,900,0.32,0.9696,156,0.34,1.0303,5,0.33,1.0,79,0
SPY190821C294,2019-08-20,2019-08-20 09:30:40,0.33,1.0,121,0.32,0.9696,100,0.34,1.0303,5,0.325,0.9848,79,0
SPY190821C294,2019-08-20,2019-08-20 09:30:41,0.34,1.0303,1636,0.32,0.9696,370,0.34,1.0303,5,0.33,1.0,79,0
SPY190821C294,2019-08-20,2019-08-20 09:30:41,0.34,1.0303,1636,0.32,0.9696,110,0.34,1.0303,5,0.33,1.0,79,0
SPY190821C294,2019-08-20,2019-08-20 09:30:42,0.33,1.0,302,0.32,0.9696,5,0.34,1.0303,5,0.325,0.9848,79,0
SPY190821C294,2019-08-20,2019-08-20 09:30:43,0.33,1.0,704,0.32,0.9696,100,0.34,1.0303,5,0.325,0.9848,79,0
SPY190821C294,2019-08-20,2019-08-20 09:30:43,0.33,1.0,704,0.32,0.9696,66,0.34,1.0303,5,0.325,0.9848,79,0
SPY190821C294,2019-08-20,2019-08-20 09:30:44,0.33,1.0,1261,0.32,0.9696,100,0.32,0.9696,5,0.325,0.9848,84,5
SPY190821C294,2019-08-20,2019-08-20 09:30:44,0.33,1.0,1117,0.31,0.9393,514,0.32,0.9696,5,0.32,0.9696,84,0
SPY190821C294,2019-08-20,2019-08-20 09:30:45,0.32,0.9696,117,0.31,0.9393,370,0.32,0.9696,5,0.315,0.9545,84,0
SPY190821C294,2019-08-20,2019-08-20 09:30:46,0.33,1.0,1476,0.31,0.9393,627,0.32,0.9696,5,0.32,0.9696,84,0
SPY190821C294,2019-08-20,2019-08-20 09:30:46,0.33,1.0,1875,0.31,0.9393,627,0.32,0.9696,5,0.32,0.9696,84,0
SPY190821C294,2019-08-20,2019-08-20 09:30:47,0.33,1.0,736,0.31,0.9393,621,0.32,0.9696,5,0.32,0.9696,84,0
SPY190821C294,2019-08-20,2019-08-20 09:30:47,0.33,1.0,356,0.31,0.9393,125,0.32,0.9696,5,0.32,0.9696,84,0
SPY190821C294,2019-08-20,2019-08-20 09:30:48,0.32,0.9696,1,0.31,0.9393,621,0.32,0.9696,5,0.315,0.9545,84,0
SPY190821C294,2019-08-20,2019-08-20 09:30:48,0.33,1.0,1237,0.31,0.9393,621,0.32,0.9696,5,0.32,0.9696,84,0
SPY190821C294,2019-08-20,2019-08-20 09:30:49,0.32,0.9696,1,0.31,0.9393,387,0.32,0.9696,5,0.315,0.9545,84,0
SPY190821C294,2019-08-20,2019-08-20 09:30:49,0.32,0.9696,1,0.31,0.9393,583,0.32,0.9696,5,0.315,0.9545,84,0
SPY190821C294,2019-08-20,2019-08-20 09:30:50,0.32,0.9696,5,0.31,0.9393,294,0.32,0.9696,5,0.315,0.9545,84,0
SPY190821C294,2019-08-20,2019-08-20 09:30:50,0.32,0.9696,17,0.31,0.9393,294,0.32,0.9696,5,0.315,0.9545,84,0
SPY190821C294,2019-08-20,2019-08-20 09:30:51,0.32,0.9696,1,0.31,0.9393,10,0.32,0.9696,5,0.315,0.9545,84,0
SPY190821C294,2019-08-20,2019-08-20 09:30:51,0.34,1.0303,744,0.32,0.9696,1,0.32,0.9696,1,0.33,1.0,85,1
SPY190821C294,2019-08-20,2019-08-20 09:30:52,0.33,1.0,542,0.32,0.9696,66,0.32,0.9696,1,0.325,0.9848,85,0
SPY190821C294,2019-08-20,2019-08-20 09:30:52,0.33,1.0,390,0.32,0.9696,397,0.32,0.9696,1,0.325,0.9848,85,0
SPY190821C294,2019-08-20,2019-08-20 09:30:53,0.33,1.0,997,0.32,0.9696,5,0.32,0.9696,1,0.325,0.9848,85,0
SPY190821C294,2019-08-20,2019-08-20 09:30:53,0.33,1.0,356,0.32,0.9696,5,0.32,0.9696,1,0.325,0.9848,85,0
SPY190821C294,2019-08-20,2019-08-20 09:30:54,0.33,1.0,2371,0.32,0.9696,3,0.32,0.9696,1,0.325,0.9848,85,0
SPY190821C294,2019-08-20,2019-08-20 09:30:54,0.33,1.0,1649,0.32,0.9696,3,0.32,0.9696,1,0.325,0.9848,85,0
SPY190821C294,2019-08-20,2019-08-20 09:30:55,0.33,1.0,2371,0.32,0.9696,3,0.33,1.0,30,0.325,0.9848,185,100
SPY190821C294,2019-08-20,2019-08-20 09:30:55,0.33,1.0,2219,0.32,0.9696,3,0.33,1.0,2,0.325,0.9848,187,2
SPY190821C294,2019-08-20,2019-08-20 09:30:56,0.33,1.0,2421,0.32,0.9696,3,0.33,1.0,2,0.325,0.9848,187,0
SPY190821C294,2019-08-20,2019-08-20 09:30:57,0.33,1.0,2432,0.32,0.9696,3,0.33,1.0,2,0.325,0.9848,187,0
SPY190821C294,2019-08-20,2019-08-20 09:30:58,0.33,1.0,2432,0.32,0.9696,3,0.33,1.0,2,0.325,0.9848,187,0
SPY190821C294,2019-08-20,2019-08-20 09:30:58,0.33,1.0,2432,0.3,0.909,368,0.32,0.9696,3,0.315,0.9545,190,3
SPY190821C294,2019-08-20,2019-08-20 09:30:59,0.32,0.9696,522,0.31,0.9393,5,0.32,0.9696,3,0.315,0.9545,190,0
SPY190821C294,2019-08-20,2019-08-20 09:30:59,0.32,0.9696,537,0.3,0.909,393,0.32,0.9696,3,0.31,0.9393,190,0
SPY190821C294,2019-08-20,2019-08-20 09:31:00,0.32,0.9696,2829,0.31,0.9393,66,0.32,0.9696,3,0.315,0.9545,190,0
SPY190821C294,2019-08-20,2019-08-20 09:31:01,0.32,0.9696,2829,0.31,0.9393,16,0.32,0.9696,3,0.315,0.9545,190,0
SPY190821C294,2019-08-20,2019-08-20 09:31:02,0.31,0.9393,2,0.3,0.909,298,0.32,0.9696,3,0.305,0.9242,190,0
SPY190821C294,2019-08-20,2019-08-20 09:31:02,0.32,0.9696,2807,0.31,0.9393,16,0.32,0.9696,3,0.315,0.9545,190,0
SPY190821C294,2019-08-20,2019-08-20 09:31:03,0.32,0.9696,2807,0.31,0.9393,16,0.32,0.9696,3,0.315,0.9545,190,0
SPY190821C294,2019-08-20,2019-08-20 09:31:03,0.32,0.9696,2820,0.31,0.9393,16,0.32,0.9696,3,0.315,0.9545,190,0
SPY190821C294,2019-08-20,2019-08-20 09:31:04,0.31,0.9393,1,0.3,0.909,2,0.31,0.9393,16,0.305,0.9242,206,16
SPY190821C294,2019-08-20,2019-08-20 09:31:04,0.32,0.9696,2820,0.31,0.9393,16,0.32,0.9696,3,0.315,0.9545,190,0
SPY190821C294,2019-08-20,2019-08-20 09:31:05,0.31,0.9393,1,0.31,0.9393,5,0.31,0.9393,16,0.31,0.9393,206,0
SPY190821C294,2019-08-20,2019-08-20 09:31:05,0.32,0.9696,1398,0.31,0.9393,5,0.31,0.9393,16,0.315,0.9545,206,0
SPY190821C294,2019-08-20,2019-08-20 09:31:06,0.31,0.9393,1,0.31,0.9393,2,0.31,0.9393,5,0.31,0.9393,211,5
SPY190821C294,2019-08-20,2019-08-20 09:31:06,0.32,0.9696,866,0.31,0.9393,5,0.31,0.9393,5,0.315,0.9545,211,0
SPY190821C294,2019-08-20,2019-08-20 09:31:07,0.32,0.9696,866,0.31,0.9393,107,0.31,0.9393,197,0.315,0.9545,408,197
SPY190821C294,2019-08-20,2019-08-20 09:31:07,0.32,0.9696,866,0.31,0.9393,5,0.31,0.9393,5,0.315,0.9545,211,0
SPY190821C294,2019-08-20,2019-08-20 09:31:08,0.32,0.9696,647,0.31,0.9393,68,0.31,0.9393,197,0.315,0.9545,408,0
SPY190821C294,2019-08-20,2019-08-20 09:31:08,0.32,0.9696,864,0.31,0.9393,178,0.31,0.9393,197,0.315,0.9545,408,0
SPY190821C294,2019-08-20,2019-08-20 09:31:09,0.32,0.9696,1144,0.31,0.9393,178,0.31,0.9393,197,0.315,0.9545,408,0
SPY190821C294,2019-08-20,2019-08-20 09:31:10,0.32,0.9696,240,0.31,0.9393,100,0.31,0.9393,197,0.315,0.9545,408,0
SPY190821C294,2019-08-20,2019-08-20 09:31:10,0.32,0.9696,976,0.31,0.9393,5,0.31,0.9393,197,0.315,0.9545,408,0
SPY190821C294,2019-08-20,2019-08-20 09:31:11,0.32,0.9696,976,0.31,0.9393,5,0.31,0.9393,197,0.315,0.9545,408,0
SPY190821C294,2019-08-20,2019-08-20 09:31:12,0.32,0.9696,1238,0.3,0.909,596,0.31,0.9393,197,0.31,0.9393,408,0
SPY190821C294,2019-08-20,2019-08-20 09:31:12,0.32,0.9696,1712,0.31,0.9393,52,0.31,0.9393,197,0.315,0.9545,408,0
SPY190821C294,2019-08-20,2019-08-20 09:31:13,0.32,0.9696,2153,0.31,0.9393,5,0.31,0.9393,49,0.315,0.9545,457,49
SPY190821C294,2019-08-20,2019-08-20 09:31:13,0.32,0.9696,2225,0.31,0.9393,5,0.31,0.9393,49,0.315,0.9545,457,0
SPY190821C294,2019-08-20,2019-08-20 09:31:14,0.32,0.9696,2225,0.31,0.9393,5,0.32,0.9696,10,0.315,0.9545,467,10
SPY190821C294,2019-08-20,2019-08-20 09:31:14,0.32,0.9696,2225,0.31,0.9393,5,0.31,0.9393,5,0.315,0.9545,473,6
SPY190821C294,2019-08-20,2019-08-20 09:31:15,0.31,0.9393,120,0.3,0.909,110,0.31,0.9393,5,0.305,0.9242,473,0
SPY190821C294,2019-08-20,2019-08-20 09:31:15,0.31,0.9393,231,0.3,0.909,299,0.31,0.9393,5,0.305,0.9242,473,0
SPY190821C294,2019-08-20,2019-08-20 09:31:16,0.31,0.9393,944,0.3,0.909,118,0.31,0.9393,5,0.305,0.9242,473,0
SPY190821C294,2019-08-20,2019-08-20 09:31:16,0.31,0.9393,523,0.3,0.909,100,0.31,0.9393,5,0.305,0.9242,473,0
SPY190821C294,2019-08-20,2019-08-20 09:31:17,0.31,0.9393,944,0.3,0.909,298,0.31,0.9393,5,0.305,0.9242,473,0
SPY190821C294,2019-08-20,2019-08-20 09:31:18,0.31,0.9393,944,0.3,0.909,298,0.31,0.9393,5,0.305,0.9242,473,0
SPY190821C294,2019-08-20,2019-08-20 09:31:19,0.31,0.9393,944,0.3,0.909,6,0.31,0.9393,5,0.305,0.9242,473,0
SPY190821C294,2019-08-20,2019-08-20 09:31:19,0.31,0.9393,944,0.3,0.909,298,0.31,0.9393,5,0.305,0.9242,473,0
SPY190821C294,2019-08-20,2019-08-20 09:31:20,0.31,0.9393,2096,0.3,0.909,5,0.3,0.909,1,0.305,0.9242,474,1
SPY190821C294,2019-08-20,2019-08-20 09:31:20,0.31,0.9393,1241,0.3,0.909,6,0.31,0.9393,5,0.305,0.9242,473,0
SPY190821C294,2019-08-20,2019-08-20 09:31:21,0.3,0.909,185,0.3,0.909,5,0.3,0.909,1,0.3,0.909,474,0
SPY190821C294,2019-08-20,2019-08-20 09:31:21,0.3,0.909,231,0.29,0.8787,498,0.3,0.909,1,0.295,0.8939,474,0
SPY190821C294,2019-08-20,2019-08-20 09:31:22,0.3,0.909,231,0.29,0.8787,498,0.3,0.909,1,0.295,0.8939,474,0
SPY190821C294,2019-08-20,2019-08-20 09:31:22,0.3,0.909,1153,0.29,0.8787,5,0.3,0.909,5,0.295,0.8939,697,223
SPY190821C294,2019-08-20,2019-08-20 09:31:23,0.3,0.909,1595,0.27,0.8181,854,0.29,0.8787,5,0.285,0.8636,707,10
SPY190821C294,2019-08-20,2019-08-20 09:31:23,0.29,0.8787,120,0.28,0.8484,100,0.29,0.8787,5,0.285,0.8636,707,0
SPY190821C294,2019-08-20,2019-08-20 09:31:24,0.29,0.8787,508,0.28,0.8484,100,0.29,0.8787,5,0.285,0.8636,707,0
SPY190821C294,2019-08-20,2019-08-20 09:31:24,0.29,0.8787,120,0.28,0.8484,110,0.29,0.8787,5,0.285,0.8636,707,0
SPY190821C294,2019-08-20,2019-08-20 09:31:25,0.29,0.8787,878,0.28,0.8484,297,0.28,0.8484,1,0.285,0.8636,708,1
SPY190821C294,2019-08-20,2019-08-20 09:31:25,0.29,0.8787,307,0.28,0.8484,297,0.29,0.8787,5,0.285,0.8636,707,0
SPY190821C294,2019-08-20,2019-08-20 09:31:26,0.29,0.8787,878,0.28,0.8484,100,0.28,0.8484,1,0.285,0.8636,708,0
SPY190821C294,2019-08-20,2019-08-20 09:31:26,0.29,0.8787,878,0.28,0.8484,297,0.28,0.8484,1,0.285,0.8636,708,0
SPY190821C294,2019-08-20,2019-08-20 09:31:27,0.29,0.8787,1105,0.28,0.8484,297,0.28,0.8484,1,0.285,0.8636,708,0
SPY190821C294,2019-08-20,2019-08-20 09:31:27,0.29,0.8787,571,0.28,0.8484,441,0.28,0.8484,1,0.285,0.8636,708,0
SPY190821C294,2019-08-20,2019-08-20 09:31:28,0.29,0.8787,1557,0.27,0.8181,1283,0.28,0.8484,1,0.28,0.8484,708,0
SPY190821C294,2019-08-20,2019-08-20 09:31:28,0.29,0.8787,688,0.28,0.8484,6,0.28,0.8484,1,0.285,0.8636,708,0
SPY190821C294,2019-08-20,2019-08-20 09:31:29,0.29,0.8787,5,0.28,0.8484,5,0.28,0.8484,1,0.285,0.8636,708,0
SPY190821C294,2019-08-20,2019-08-20 09:31:29,0.29,0.8787,172,0.28,0.8484,103,0.28,0.8484,1,0.285,0.8636,708,0
SPY190821C294,2019-08-20,2019-08-20 09:31:30,0.29,0.8787,450,0.28,0.8484,297,0.29,0.8787,3,0.285,0.8636,711,3
SPY190821C294,2019-08-20,2019-08-20 09:31:31,0.29,0.8787,390,0.28,0.8484,862,0.29,0.8787,3,0.285,0.8636,711,0
SPY190821C294,2019-08-20,2019-08-20 09:31:31,0.29,0.8787,390,0.28,0.8484,298,0.29,0.8787,3,0.285,0.8636,711,0
SPY190821C294,2019-08-20,2019-08-20 09:31:32,0.29,0.8787,390,0.28,0.8484,862,0.29,0.8787,3,0.285,0.8636,711,0
SPY190821C294,2019-08-20,2019-08-20 09:31:32,0.3,0.909,2,0.29,0.8787,5,0.29,0.8787,3,0.295,0.8939,711,0
SPY190821C294,2019-08-20,2019-08-20 09:31:33,0.3,0.909,180,0.29,0.8787,100,0.29,0.8787,3,0.295,0.8939,711,0
SPY190821C294,2019-08-20,2019-08-20 09:31:33,0.3,0.909,2,0.29,0.8787,100,0.29,0.8787,3,0.295,0.8939,711,0
SPY190821C294,2019-08-20,2019-08-20 09:31:34,0.3,0.909,180,0.29,0.8787,63,0.29,0.8787,3,0.295,0.8939,711,0
SPY190821C294,2019-08-20,2019-08-20 09:31:34,0.3,0.909,850,0.28,0.8484,654,0.29,0.8787,3,0.29,0.8787,711,0
SPY190821C294,2019-08-20,2019-08-20 09:31:35,0.3,0.909,1399,0.29,0.8787,195,0.29,0.8787,3,0.295,0.8939,711,0
SPY190821C294,2019-08-20,2019-08-20 09:31:35,0.3,0.909,1399,0.28,0.8484,654,0.29,0.8787,3,0.29,0.8787,711,0
SPY190821C294,2019-08-20,2019-08-20 09:31:36,0.3,0.909,2193,0.29,0.8787,2,0.29,0.8787,3,0.295,0.8939,711,0
SPY190821C294,2019-08-20,2019-08-20 09:31:36,0.29,0.8787,5,0.29,0.8787,52,0.29,0.8787,3,0.29,0.8787,711,0
SPY190821C294,2019-08-20,2019-08-20 09:31:37,0.29,0.8787,2,0.29,0.8787,67,0.29,0.8787,3,0.29,0.8787,711,0
SPY190821C294,2019-08-20,2019-08-20 09:31:37,0.3,0.909,1945,0.29,0.8787,67,0.29,0.8787,3,0.295,0.8939,711,0
SPY190821C294,2019-08-20,2019-08-20 09:31:38,0.3,0.909,1921,0.29,0.8787,16,0.29,0.8787,3,0.295,0.8939,711,0
SPY190821C294,2019-08-20,2019-08-20 09:31:38,0.3,0.909,1945,0.29,0.8787,89,0.29,0.8787,3,0.295,0.8939,711,0
SPY190821C294,2019-08-20,2019-08-20 09:31:39,0.3,0.909,1381,0.28,0.8484,1064,0.29,0.8787,3,0.29,0.8787,711,0
SPY190821C294,2019-08-20,2019-08-20 09:31:39,0.3,0.909,1921,0.29,0.8787,16,0.29,0.8787,3,0.295,0.8939,711,0
SPY190821C294,2019-08-20,2019-08-20 09:31:40,0.3,0.909,2655,0.29,0.8787,5,0.29,0.8787,3,0.295,0.8939,711,0
SPY190821C294,2019-08-20,2019-08-20 09:31:40,0.3,0.909,2407,0.29,0.8787,5,0.29,0.8787,3,0.295,0.8939,711,0
SPY190821C294,2019-08-20,2019-08-20 09:31:41,0.3,0.909,2655,0.29,0.8787,103,0.29,0.8787,3,0.295,0.8939,711,0
SPY190821C294,2019-08-20,2019-08-20 09:31:41,0.3,0.909,2655,0.29,0.8787,16,0.29,0.8787,3,0.295,0.8939,711,0
SPY190821C294,2019-08-20,2019-08-20 09:31:42,0.3,0.909,1638,0.29,0.8787,78,0.29,0.8787,3,0.295,0.8939,711,0
SPY190821C294,2019-08-20,2019-08-20 09:31:42,0.3,0.909,1678,0.29,0.8787,109,0.29,0.8787,3,0.295,0.8939,711,0
SPY190821C294,2019-08-20,2019-08-20 09:31:43,0.3,0.909,1638,0.29,0.8787,86,0.29,0.8787,3,0.295,0.8939,711,0
SPY190821C294,2019-08-20,2019-08-20 09:31:43,0.29,0.8787,1,0.28,0.8484,1085,0.29,0.8787,10,0.285,0.8636,721,10
SPY190821C294,2019-08-20,2019-08-20 09:31:44,0.29,0.8787,196,0.28,0.8484,311,0.29,0.8787,10,0.285,0.8636,721,0
SPY190821C294,2019-08-20,2019-08-20 09:31:44,0.29,0.8787,216,0.28,0.8484,311,0.29,0.8787,10,0.285,0.8636,721,0
SPY190821C294,2019-08-20,2019-08-20 09:31:45,0.29,0.8787,352,0.28,0.8484,311,0.29,0.8787,10,0.285,0.8636,721,0
SPY190821C294,2019-08-20,2019-08-20 09:31:46,0.29,0.8787,138,0.28,0.8484,318,0.29,0.8787,10,0.285,0.8636,721,0
SPY190821C294,2019-08-20,2019-08-20 09:31:46,0.29,0.8787,323,0.28,0.8484,324,0.29,0.8787,10,0.285,0.8636,721,0
SPY190821C294,2019-08-20,2019-08-20 09:31:47,0.29,0.8787,1246,0.28,0.8484,324,0.29,0.8787,10,0.285,0.8636,721,0
SPY190821C294,2019-08-20,2019-08-20 09:31:47,0.29,0.8787,540,0.28,0.8484,324,0.29,0.8787,10,0.285,0.8636,721,0
SPY190821C294,2019-08-20,2019-08-20 09:31:48,0.29,0.8787,2836,0.28,0.8484,113,0.29,0.8787,10,0.285,0.8636,721,0
SPY190821C294,2019-08-20,2019-08-20 09:31:48,0.29,0.8787,2530,0.28,0.8484,324,0.29,0.8787,10,0.285,0.8636,721,0
SPY190821C294,2019-08-20,2019-08-20 09:31:49,0.29,0.8787,1593,0.28,0.8484,162,0.29,0.8787,10,0.285,0.8636,721,0
SPY190821C294,2019-08-20,2019-08-20 09:31:49,0.29,0.8787,2192,0.28,0.8484,162,0.29,0.8787,10,0.285,0.8636,721,0
SPY190821C294,2019-08-20,2019-08-20 09:31:50,0.29,0.8787,800,0.28,0.8484,189,0.29,0.8787,1,0.285,0.8636,742,1
SPY190821C294,2019-08-20,2019-08-20 09:31:50,0.29,0.8787,800,0.28,0.8484,189,0.29,0.8787,20,0.285,0.8636,741,20
SPY190821C294,2019-08-20,2019-08-20 09:31:51,0.29,0.8787,352,0.28,0.8484,184,0.29,0.8787,1,0.285,0.8636,742,0
SPY190821C294,2019-08-20,2019-08-20 09:31:52,0.29,0.8787,1817,0.28,0.8484,50,0.29,0.8787,1,0.285,0.8636,742,0
SPY190821C294,2019-08-20,2019-08-20 09:31:53,0.29,0.8787,2009,0.28,0.8484,115,0.29,0.8787,1,0.285,0.8636,742,0
SPY190821C294,2019-08-20,2019-08-20 09:31:53,0.29,0.8787,1114,0.28,0.8484,88,0.29,0.8787,1,0.285,0.8636,742,0
SPY190821C294,2019-08-20,2019-08-20 09:31:54,0.29,0.8787,2162,0.28,0.8484,115,0.29,0.8787,1,0.285,0.8636,742,0
SPY190821C294,2019-08-20,2019-08-20 09:31:54,0.29,0.8787,2107,0.28,0.8484,115,0.29,0.8787,1,0.285,0.8636,742,0
SPY190821C294,2019-08-20,2019-08-20 09:31:55,0.29,0.8787,510,0.28,0.8484,319,0.29,0.8787,1,0.285,0.8636,742,0
SPY190821C294,2019-08-20,2019-08-20 09:31:55,0.29,0.8787,472,0.28,0.8484,319,0.29,0.8787,1,0.285,0.8636,742,0
SPY190821C294,2019-08-20,2019-08-20 09:31:56,0.29,0.8787,472,0.28,0.8484,319,0.29,0.8787,1,0.285,0.8636,742,0
SPY190821C294,2019-08-20,2019-08-20 09:31:57,0.29,0.8787,472,0.28,0.8484,319,0.29,0.8787,1,0.285,0.8636,742,0
SPY190821C294,2019-08-20,2019-08-20 09:31:57,0.29,0.8787,293,0.28,0.8484,50,0.29,0.8787,1,0.285,0.8636,742,0
SPY190821C294,2019-08-20,2019-08-20 09:31:58,0.29,0.8787,374,0.28,0.8484,448,0.29,0.8787,1,0.285,0.8636,742,0
SPY190821C294,2019-08-20,2019-08-20 09:31:58,0.29,0.8787,293,0.28,0.8484,335,0.29,0.8787,1,0.285,0.8636,742,0
SPY190821C294,2019-08-20,2019-08-20 09:31:59,0.29,0.8787,412,0.28,0.8484,319,0.29,0.8787,1,0.285,0.8636,742,0
SPY190821C294,2019-08-20,2019-08-20 09:31:59,0.29,0.8787,283,0.28,0.8484,319,0.29,0.8787,1,0.285,0.8636,742,0
SPY190821C294,2019-08-20,2019-08-20 09:32:00,0.29,0.8787,343,0.28,0.8484,319,0.29,0.8787,1,0.285,0.8636,742,0
SPY190821C294,2019-08-20,2019-08-20 09:32:00,0.29,0.8787,344,0.28,0.8484,319,0.29,0.8787,1,0.285,0.8636,742,0
SPY190821C294,2019-08-20,2019-08-20 09:32:01,0.29,0.8787,1955,0.28,0.8484,168,0.29,0.8787,1,0.285,0.8636,742,0
SPY190821C294,2019-08-20,2019-08-20 09:32:02,0.29,0.8787,2587,0.28,0.8484,165,0.29,0.8787,1,0.285,0.8636,742,0
SPY190821C294,2019-08-20,2019-08-20 09:32:02,0.29,0.8787,2587,0.28,0.8484,145,0.29,0.8787,1,0.285,0.8636,742,0
SPY190821C294,2019-08-20,2019-08-20 09:32:03,0.29,0.8787,2384,0.28,0.8484,145,0.29,0.8787,1,0.285,0.8636,742,0
SPY190821C294,2019-08-20,2019-08-20 09:32:03,0.29,0.8787,1964,0.28,0.8484,145,0.29,0.8787,1,0.285,0.8636,742,0
SPY190821C294,2019-08-20,2019-08-20 09:32:04,0.29,0.8787,402,0.28,0.8484,330,0.29,0.8787,1,0.285,0.8636,742,0
SPY190821C294,2019-08-20,2019-08-20 09:32:04,0.29,0.8787,2384,0.28,0.8484,330,0.29,0.8787,1,0.285,0.8636,742,0
SPY190821C294,2019-08-20,2019-08-20 09:32:05,0.29,0.8787,735,0.28,0.8484,330,0.29,0.8787,1,0.285,0.8636,742,0
SPY190821C294,2019-08-20,2019-08-20 09:32:06,0.29,0.8787,291,0.28,0.8484,392,0.28,0.8484,1,0.285,0.8636,743,1
SPY190821C294,2019-08-20,2019-08-20 09:32:06,0.29,0.8787,735,0.28,0.8484,330,0.29,0.8787,1,0.285,0.8636,742,0
SPY190821C294,2019-08-20,2019-08-20 09:32:07,0.29,0.8787,1697,0.28,0.8484,115,0.28,0.8484,1,0.285,0.8636,743,0
SPY190821C294,2019-08-20,2019-08-20 09:32:07,0.29,0.8787,327,0.28,0.8484,392,0.28,0.8484,1,0.285,0.8636,743,0
SPY190821C294,2019-08-20,2019-08-20 09:32:08,0.29,0.8787,1284,0.28,0.8484,15,0.28,0.8484,1,0.285,0.8636,744,0
SPY190821C294,2019-08-20,2019-08-20 09:32:08,0.29,0.8787,2558,0.28,0.8484,115,0.28,0.8484,1,0.285,0.8636,744,1
SPY190821C294,2019-08-20,2019-08-20 09:32:09,0.29,0.8787,1593,0.28,0.8484,185,0.29,0.8787,10,0.285,0.8636,754,10
SPY190821C294,2019-08-20,2019-08-20 09:32:09,0.29,0.8787,1390,0.28,0.8484,125,0.28,0.8484,1,0.285,0.8636,744,0
SPY190821C294,2019-08-20,2019-08-20 09:32:10,0.29,0.8787,153,0.28,0.8484,330,0.29,0.8787,10,0.285,0.8636,754,0
SPY190821C294,2019-08-20,2019-08-20 09:32:10,0.29,0.8787,137,0.28,0.8484,297,0.29,0.8787,10,0.285,0.8636,754,0
SPY190821C294,2019-08-20,2019-08-20 09:32:11,0.29,0.8787,140,0.28,0.8484,484,0.29,0.8787,13,0.285,0.8636,767,13
SPY190821C294,2019-08-20,2019-08-20 09:32:11,0.29,0.8787,119,0.28,0.8484,335,0.29,0.8787,10,0.285,0.8636,754,0
SPY190821C294,2019-08-20,2019-08-20 09:32:12,0.29,0.8787,50,0.28,0.8484,484,0.29,0.8787,13,0.285,0.8636,767,0
SPY190821C294,2019-08-20,2019-08-20 09:32:13,0.29,0.8787,270,0.28,0.8484,697,0.29,0.8787,1,0.285,0.8636,808,41
SPY190821C294,2019-08-20,2019-08-20 09:32:14,0.29,0.8787,365,0.28,0.8484,768,0.29,0.8787,1,0.285,0.8636,808,0
SPY190821C294,2019-08-20,2019-08-20 09:32:14,0.29,0.8787,1066,0.28,0.8484,610,0.29,0.8787,1,0.285,0.8636,808,0
SPY190821C294,2019-08-20,2019-08-20 09:32:15,0.29,0.8787,144,0.28,0.8484,373,0.29,0.8787,1,0.285,0.8636,808,0
SPY190821C294,2019-08-20,2019-08-20 09:32:15,0.29,0.8787,1005,0.28,0.8484,373,0.29,0.8787,1,0.285,0.8636,808,0
SPY190821C294,2019-08-20,2019-08-20 09:32:16,0.29,0.8787,20,0.28,0.8484,333,0.29,0.8787,1,0.285,0.8636,808,0
SPY190821C294,2019-08-20,2019-08-20 09:32:17,0.29,0.8787,20,0.28,0.8484,1717,0.28,0.8484,15,0.285,0.8636,823,15
SPY190821C294,2019-08-20,2019-08-20 09:32:17,0.29,0.8787,2,0.28,0.8484,1548,0.29,0.8787,18,0.285,0.8636,841,18
SPY190821C294,2019-08-20,2019-08-20 09:32:18,0.3,0.909,16,0.29,0.8787,422,0.29,0.8787,2,0.295,0.8939,843,0
SPY190821C294,2019-08-20,2019-08-20 09:32:18,0.3,0.909,16,0.29,0.8787,66,0.29,0.8787,2,0.295,0.8939,843,2
SPY190821C294,2019-08-20,2019-08-20 09:32:19,0.3,0.909,309,0.29,0.8787,488,0.29,0.8787,2,0.295,0.8939,843,0
SPY190821C294,2019-08-20,2019-08-20 09:32:19,0.3,0.909,2,0.29,0.8787,297,0.29,0.8787,2,0.295,0.8939,843,0
SPY190821C294,2019-08-20,2019-08-20 09:32:20,0.3,0.909,824,0.29,0.8787,601,0.3,0.909,7,0.295,0.8939,850,7
SPY190821C294,2019-08-20,2019-08-20 09:32:20,0.3,0.909,257,0.29,0.8787,601,0.29,0.8787,2,0.295,0.8939,843,0
SPY190821C294,2019-08-20,2019-08-20 09:32:21,0.3,0.909,2678,0.29,0.8787,5,0.3,0.909,2,0.295,0.8939,852,0
SPY190821C294,2019-08-20,2019-08-20 09:32:21,0.3,0.909,2304,0.29,0.8787,222,0.3,0.909,2,0.295,0.8939,852,2
SPY190821C294,2019-08-20,2019-08-20 09:32:22,0.29,0.8787,5,0.28,0.8484,802,0.3,0.909,2,0.285,0.8636,852,0
SPY190821C294,2019-08-20,2019-08-20 09:32:23,0.29,0.8787,5,0.28,0.8484,802,0.3,0.909,2,0.285,0.8636,852,0
SPY190821C294,2019-08-20,2019-08-20 09:32:23,0.29,0.8787,147,0.28,0.8484,975,0.3,0.909,2,0.285,0.8636,852,0
SPY190821C294,2019-08-20,2019-08-20 09:32:24,0.29,0.8787,819,0.28,0.8484,455,0.3,0.909,2,0.285,0.8636,852,0
SPY190821C294,2019-08-20,2019-08-20 09:32:24,0.29,0.8787,819,0.28,0.8484,356,0.3,0.909,2,0.285,0.8636,852,0
SPY190821C294,2019-08-20,2019-08-20 09:32:25,0.29,0.8787,733,0.28,0.8484,159,0.3,0.909,2,0.285,0.8636,852,0
SPY190821C294,2019-08-20,2019-08-20 09:32:25,0.29,0.8787,1070,0.28,0.8484,481,0.3,0.909,2,0.285,0.8636,852,0
SPY190821C294,2019-08-20,2019-08-20 09:32:26,0.3,0.909,1978,0.28,0.8484,1035,0.3,0.909,2,0.29,0.8787,852,0
SPY190821C294,2019-08-20,2019-08-20 09:32:26,0.29,0.8787,5,0.29,0.8787,5,0.3,0.909,2,0.29,0.8787,852,0
SPY190821C294,2019-08-20,2019-08-20 09:32:27,0.29,0.8787,628,0.28,0.8484,506,0.3,0.909,2,0.285,0.8636,852,0
SPY190821C294,2019-08-20,2019-08-20 09:32:27,0.29,0.8787,1291,0.28,0.8484,506,0.3,0.909,2,0.285,0.8636,852,0
SPY190821C294,2019-08-20,2019-08-20 09:32:28,0.29,0.8787,1291,0.28,0.8484,383,0.28,0.8484,2,0.285,0.8636,854,2
SPY190821C294,2019-08-20,2019-08-20 09:32:29,0.29,0.8787,1329,0.28,0.8484,10,0.28,0.8484,2,0.285,0.8636,854,0
SPY190821C294,2019-08-20,2019-08-20 09:32:29,0.29,0.8787,1291,0.28,0.8484,449,0.28,0.8484,2,0.285,0.8636,854,0
SPY190821C294,2019-08-20,2019-08-20 09:32:30,0.29,0.8787,144,0.28,0.8484,110,0.28,0.8484,5,0.285,0.8636,865,11
SPY190821C294,2019-08-20,2019-08-20 09:32:30,0.28,0.8484,5,0.27,0.8181,758,0.28,0.8484,2,0.275,0.8333,854,0
SPY190821C294,2019-08-20,2019-08-20 09:32:31,0.29,0.8787,2540,0.28,0.8484,116,0.28,0.8484,5,0.285,0.8636,865,0
SPY190821C294,2019-08-20,2019-08-20 09:32:31,0.29,0.8787,2429,0.28,0.8484,110,0.28,0.8484,5,0.285,0.8636,865,0
SPY190821C294,2019-08-20,2019-08-20 09:32:32,0.29,0.8787,2540,0.28,0.8484,116,0.28,0.8484,5,0.285,0.8636,865,0
SPY190821C294,2019-08-20,2019-08-20 09:32:32,0.29,0.8787,2828,0.27,0.8181,371,0.28,0.8484,46,0.28,0.8484,947,82
SPY190821C294,2019-08-20,2019-08-20 09:32:33,0.28,0.8484,873,0.27,0.8181,371,0.28,0.8484,46,0.275,0.8333,947,0
SPY190821C294,2019-08-20,2019-08-20 09:32:33,0.28,0.8484,837,0.27,0.8181,371,0.28,0.8484,46,0.275,0.8333,947,0
SPY190821C294,2019-08-20,2019-08-20 09:32:34,0.28,0.8484,873,0.27,0.8181,100,0.28,0.8484,46,0.275,0.8333,947,0
SPY190821C294,2019-08-20,2019-08-20 09:32:34,0.28,0.8484,901,0.27,0.8181,100,0.28,0.8484,46,0.275,0.8333,947,0
SPY190821C294,2019-08-20,2019-08-20 09:32:35,0.28,0.8484,901,0.27,0.8181,100,0.28,0.8484,46,0.275,0.8333,947,0
SPY190821C294,2019-08-20,2019-08-20 09:32:35,0.28,0.8484,901,0.27,0.8181,126,0.28,0.8484,46,0.275,0.8333,947,0
SPY190821C294,2019-08-20,2019-08-20 09:32:36,0.28,0.8484,1040,0.27,0.8181,297,0.28,0.8484,1,0.275,0.8333,948,1
SPY190821C294,2019-08-20,2019-08-20 09:32:36,0.28,0.8484,1040,0.27,0.8181,297,0.28,0.8484,1,0.275,0.8333,948,0
SPY190821C294,2019-08-20,2019-08-20 09:32:37,0.28,0.8484,1040,0.27,0.8181,100,0.28,0.8484,1,0.275,0.8333,948,0
SPY190821C294,2019-08-20,2019-08-20 09:32:37,0.28,0.8484,1040,0.27,0.8181,116,0.27,0.8181,3,0.275,0.8333,951,3
SPY190821C294,2019-08-20,2019-08-20 09:32:38,0.28,0.8484,873,0.27,0.8181,297,0.27,0.8181,3,0.275,0.8333,951,0
SPY190821C294,2019-08-20,2019-08-20 09:32:38,0.28,0.8484,1416,0.27,0.8181,297,0.28,0.8484,50,0.275,0.8333,1001,50
SPY190821C294,2019-08-20,2019-08-20 09:32:39,0.28,0.8484,797,0.27,0.8181,116,0.28,0.8484,50,0.275,0.8333,1001,0
SPY190821C294,2019-08-20,2019-08-20 09:32:39,0.28,0.8484,1416,0.27,0.8181,297,0.28,0.8484,50,0.275,0.8333,1001,0
SPY190821C294,2019-08-20,2019-08-20 09:32:40,0.28,0.8484,310,0.27,0.8181,109,0.28,0.8484,50,0.275,0.8333,1001,0
SPY190821C294,2019-08-20,2019-08-20 09:32:40,0.28,0.8484,258,0.27,0.8181,106,0.28,0.8484,50,0.275,0.8333,1001,0
SPY190821C294,2019-08-20,2019-08-20 09:32:41,0.28,0.8484,116,0.27,0.8181,315,0.27,0.8181,2,0.275,0.8333,1003,0
SPY190821C294,2019-08-20,2019-08-20 09:32:41,0.28,0.8484,310,0.27,0.8181,315,0.27,0.8181,2,0.275,0.8333,1003,2
SPY190821C294,2019-08-20,2019-08-20 09:32:42,0.28,0.8484,100,0.27,0.8181,315,0.27,0.8181,2,0.275,0.8333,1003,0
SPY190821C294,2019-08-20,2019-08-20 09:32:43,0.28,0.8484,103,0.27,0.8181,315,0.28,0.8484,2,0.275,0.8333,1005,2
SPY190821C294,2019-08-20,2019-08-20 09:32:43,0.28,0.8484,103,0.27,0.8181,315,0.27,0.8181,2,0.275,0.8333,1003,0
SPY190821C294,2019-08-20,2019-08-20 09:32:44,0.28,0.8484,255,0.27,0.8181,315,0.28,0.8484,2,0.275,0.8333,1005,0
SPY190821C294,2019-08-20,2019-08-20 09:32:45,0.28,0.8484,754,0.27,0.8181,297,0.28,0.8484,2,0.275,0.8333,1005,0
SPY190821C294,2019-08-20,2019-08-20 09:32:45,0.28,0.8484,219,0.27,0.8181,110,0.28,0.8484,2,0.275,0.8333,1005,0
SPY190821C294,2019-08-20,2019-08-20 09:32:46,0.28,0.8484,216,0.27,0.8181,297,0.28,0.8484,2,0.275,0.8333,1005,0
SPY190821C294,2019-08-20,2019-08-20 09:32:46,0.28,0.8484,254,0.27,0.8181,297,0.28,0.8484,2,0.275,0.8333,1005,0
SPY190821C294,2019-08-20,2019-08-20 09:32:47,0.28,0.8484,212,0.27,0.8181,297,0.28,0.8484,2,0.275,0.8333,1005,0
SPY190821C294,2019-08-20,2019-08-20 09:32:47,0.28,0.8484,290,0.27,0.8181,297,0.28,0.8484,2,0.275,0.8333,1005,0
SPY190821C294,2019-08-20,2019-08-20 09:32:48,0.28,0.8484,248,0.27,0.8181,297,0.28,0.8484,2,0.275,0.8333,1005,0
SPY190821C294,2019-08-20,2019-08-20 09:32:49,0.28,0.8484,1619,0.27,0.8181,282,0.28,0.8484,2,0.275,0.8333,1005,0
SPY190821C294,2019-08-20,2019-08-20 09:32:49,0.28,0.8484,1160,0.27,0.8181,116,0.28,0.8484,2,0.275,0.8333,1005,0
SPY190821C294,2019-08-20,2019-08-20 09:32:50,0.28,0.8484,1986,0.27,0.8181,282,0.28,0.8484,2,0.275,0.8333,1005,0
SPY190821C294,2019-08-20,2019-08-20 09:32:50,0.28,0.8484,1629,0.27,0.8181,282,0.28,0.8484,2,0.275,0.8333,1005,0
SPY190821C294,2019-08-20,2019-08-20 09:32:51,0.28,0.8484,1629,0.27,0.8181,282,0.28,0.8484,2,0.275,0.8333,1005,0
SPY190821C294,2019-08-20,2019-08-20 09:32:52,0.28,0.8484,1679,0.27,0.8181,282,0.28,0.8484,2,0.275,0.8333,1005,0
SPY190821C294,2019-08-20,2019-08-20 09:32:52,0.28,0.8484,1472,0.27,0.8181,282,0.28,0.8484,2,0.275,0.8333,1005,0
SPY190821C294,2019-08-20,2019-08-20 09:32:53,0.28,0.8484,1696,0.27,0.8181,282,0.28,0.8484,2,0.275,0.8333,1005,0
SPY190821C294,2019-08-20,2019-08-20 09:32:53,0.28,0.8484,1552,0.27,0.8181,204,0.28,0.8484,2,0.275,0.8333,1005,0
SPY190821C294,2019-08-20,2019-08-20 09:32:54,0.28,0.8484,2341,0.27,0.8181,204,0.27,0.8181,1,0.275,0.8333,1006,1
SPY190821C294,2019-08-20,2019-08-20 09:32:54,0.28,0.8484,2341,0.27,0.8181,203,0.27,0.8181,1,0.275,0.8333,1006,0
SPY190821C294,2019-08-20,2019-08-20 09:32:55,0.28,0.8484,2629,0.27,0.8181,100,0.27,0.8181,1,0.275,0.8333,1006,0
SPY190821C294,2019-08-20,2019-08-20 09:32:56,0.27,0.8181,3,0.26,0.7878,518,0.27,0.8181,1,0.265,0.803,1006,0
SPY190821C294,2019-08-20,2019-08-20 09:32:56,0.27,0.8181,327,0.26,0.7878,315,0.27,0.8181,1,0.265,0.803,1006,0
SPY190821C294,2019-08-20,2019-08-20 09:32:57,0.27,0.8181,1478,0.26,0.7878,296,0.27,0.8181,1,0.265,0.803,1006,0
SPY190821C294,2019-08-20,2019-08-20 09:32:58,0.27,0.8181,2417,0.26,0.7878,73,0.27,0.8181,1,0.265,0.803,1006,0
SPY190821C294,2019-08-20,2019-08-20 09:32:58,0.27,0.8181,1290,0.26,0.7878,296,0.27,0.8181,1,0.265,0.803,1006,0
SPY190821C294,2019-08-20,2019-08-20 09:32:59,0.26,0.7878,26,0.25,0.7575,524,0.27,0.8181,1,0.255,0.7727,1006,0
SPY190821C294,2019-08-20,2019-08-20 09:32:59,0.27,0.8181,2417,0.26,0.7878,73,0.27,0.8181,1,0.265,0.803,1006,0
SPY190821C294,2019-08-20,2019-08-20 09:33:00,0.26,0.7878,166,0.25,0.7575,297,0.27,0.8181,1,0.255,0.7727,1006,0
SPY190821C294,2019-08-20,2019-08-20 09:33:00,0.26,0.7878,838,0.25,0.7575,200,0.27,0.8181,1,0.255,0.7727,1006,0
SPY190821C294,2019-08-20,2019-08-20 09:33:01,0.26,0.7878,2208,0.24,0.7272,446,0.25,0.7575,2,0.25,0.7575,1009,3
SPY190821C294,2019-08-20,2019-08-20 09:33:01,0.26,0.7878,1456,0.25,0.7575,116,0.27,0.8181,1,0.255,0.7727,1006,0
SPY190821C294,2019-08-20,2019-08-20 09:33:02,0.26,0.7878,2614,0.24,0.7272,1129,0.25,0.7575,2,0.25,0.7575,1009,0
SPY190821C294,2019-08-20,2019-08-20 09:33:02,0.26,0.7878,2628,0.24,0.7272,446,0.25,0.7575,2,0.25,0.7575,1009,0
SPY190821C294,2019-08-20,2019-08-20 09:33:03,0.25,0.7575,5,0.24,0.7272,738,0.25,0.7575,2,0.245,0.7424,1009,0
SPY190821C294,2019-08-20,2019-08-20 09:33:03,0.25,0.7575,215,0.24,0.7272,240,0.25,0.7575,2,0.245,0.7424,1009,0
SPY190821C294,2019-08-20,2019-08-20 09:33:04,0.25,0.7575,1022,0.24,0.7272,240,0.24,0.7272,1,0.245,0.7424,1018,9
SPY190821C294,2019-08-20,2019-08-20 09:33:04,0.25,0.7575,1325,0.23,0.6969,1828,0.24,0.7272,1,0.24,0.7272,1018,0
SPY190821C294,2019-08-20,2019-08-20 09:33:05,0.24,0.7272,89,0.23,0.6969,60,0.24,0.7272,1,0.235,0.7121,1018,0
SPY190821C294,2019-08-20,2019-08-20 09:33:05,0.24,0.7272,155,0.23,0.6969,297,0.24,0.7272,1,0.235,0.7121,1018,0
SPY190821C294,2019-08-20,2019-08-20 09:33:06,0.24,0.7272,423,0.23,0.6969,1000,0.24,0.7272,1,0.235,0.7121,1018,0
SPY190821C294,2019-08-20,2019-08-20 09:33:06,0.24,0.7272,1004,0.23,0.6969,297,0.24,0.7272,1,0.235,0.7121,1018,0
SPY190821C294,2019-08-20,2019-08-20 09:33:07,0.24,0.7272,954,0.22,0.6666,1486,0.24,0.7272,1,0.23,0.6969,1018,0
SPY190821C294,2019-08-20,2019-08-20 09:33:07,0.24,0.7272,1340,0.22,0.6666,1486,0.24,0.7272,1,0.23,0.6969,1018,0
SPY190821C294,2019-08-20,2019-08-20 09:33:08,0.24,0.7272,1303,0.23,0.6969,50,0.23,0.6969,50,0.235,0.7121,1068,50
SPY190821C294,2019-08-20,2019-08-20 09:33:08,0.24,0.7272,667,0.22,0.6666,1317,0.23,0.6969,50,0.23,0.6969,1068,0
SPY190821C294,2019-08-20,2019-08-20 09:33:09,0.24,0.7272,2159,0.22,0.6666,1317,0.23,0.6969,50,0.23,0.6969,1068,0
SPY190821C294,2019-08-20,2019-08-20 09:33:09,0.24,0.7272,1100,0.23,0.6969,1129,0.23,0.6969,50,0.235,0.7121,1068,0
SPY190821C294,2019-08-20,2019-08-20 09:33:10,0.24,0.7272,122,0.23,0.6969,978,0.23,0.6969,50,0.235,0.7121,1068,0
SPY190821C294,2019-08-20,2019-08-20 09:33:10,0.24,0.7272,338,0.23,0.6969,1349,0.23,0.6969,50,0.235,0.7121,1068,0
SPY190821C294,2019-08-20,2019-08-20 09:33:11,0.24,0.7272,536,0.23,0.6969,284,0.23,0.6969,3,0.235,0.7121,1073,3
SPY190821C294,2019-08-20,2019-08-20 09:33:11,0.24,0.7272,761,0.23,0.6969,284,0.24,0.7272,2,0.235,0.7121,1070,2
SPY190821C294,2019-08-20,2019-08-20 09:33:12,0.24,0.7272,1748,0.23,0.6969,284,0.23,0.6969,3,0.235,0.7121,1073,0
SPY190821C294,2019-08-20,2019-08-20 09:33:12,0.24,0.7272,2312,0.23,0.6969,302,0.23,0.6969,3,0.235,0.7121,1073,0
SPY190821C294,2019-08-20,2019-08-20 09:33:13,0.24,0.7272,1798,0.23,0.6969,115,0.23,0.6969,3,0.235,0.7121,1073,0
SPY190821C294,2019-08-20,2019-08-20 09:33:13,0.24,0.7272,1798,0.23,0.6969,226,0.23,0.6969,3,0.235,0.7121,1073,0
SPY190821C294,2019-08-20,2019-08-20 09:33:14,0.23,0.6969,5,0.22,0.6666,1730,0.23,0.6969,1,0.225,0.6818,1077,4
SPY190821C294,2019-08-20,2019-08-20 09:33:14,0.24,0.7272,2764,0.22,0.6666,2013,0.23,0.6969,1,0.23,0.6969,1077,0
SPY190821C294,2019-08-20,2019-08-20 09:33:15,0.23,0.6969,116,0.22,0.6666,2013,0.22,0.6666,1,0.225,0.6818,1084,7
SPY190821C294,2019-08-20,2019-08-20 09:33:15,0.24,0.7272,2193,0.22,0.6666,2013,0.23,0.6969,1,0.23,0.6969,1077,0
SPY190821C294,2019-08-20,2019-08-20 09:33:16,0.23,0.6969,116,0.22,0.6666,2068,0.23,0.6969,5,0.225,0.6818,1089,5
SPY190821C294,2019-08-20,2019-08-20 09:33:17,0.23,0.6969,1,0.22,0.6666,1555,0.23,0.6969,5,0.225,0.6818,1089,0
SPY190821C294,2019-08-20,2019-08-20 09:33:17,0.23,0.6969,50,0.22,0.6666,1862,0.23,0.6969,5,0.225,0.6818,1089,0
SPY190821C294,2019-08-20,2019-08-20 09:33:18,0.23,0.6969,33,0.22,0.6666,1205,0.23,0.6969,5,0.225,0.6818,1089,0
SPY190821C294,2019-08-20,2019-08-20 09:33:18,0.23,0.6969,66,0.22,0.6666,1205,0.23,0.6969,5,0.225,0.6818,1089,0
SPY190821C294,2019-08-20,2019-08-20 09:33:19,0.23,0.6969,66,0.22,0.6666,1838,0.23,0.6969,5,0.225,0.6818,1089,0
SPY190821C294,2019-08-20,2019-08-20 09:33:19,0.24,0.7272,2375,0.22,0.6666,2068,0.23,0.6969,5,0.23,0.6969,1089,0
SPY190821C294,2019-08-20,2019-08-20 09:33:20,0.24,0.7272,2136,0.23,0.6969,5,0.23,0.6969,5,0.235,0.7121,1089,0
SPY190821C294,2019-08-20,2019-08-20 09:33:20,0.23,0.6969,66,0.22,0.6666,1785,0.23,0.6969,5,0.225,0.6818,1089,0
SPY190821C294,2019-08-20,2019-08-20 09:33:21,0.23,0.6969,944,0.22,0.6666,1735,0.23,0.6969,5,0.225,0.6818,1089,0
SPY190821C294,2019-08-20,2019-08-20 09:33:21,0.23,0.6969,1098,0.22,0.6666,2068,0.23,0.6969,5,0.225,0.6818,1089,0
SPY190821C294,2019-08-20,2019-08-20 09:33:22,0.23,0.6969,1098,0.22,0.6666,2068,0.23,0.6969,5,0.225,0.6818,1089,0
SPY190821C294,2019-08-20,2019-08-20 09:33:22,0.23,0.6969,1641,0.22,0.6666,847,0.23,0.6969,5,0.225,0.6818,1089,0
SPY190821C294,2019-08-20,2019-08-20 09:33:23,0.23,0.6969,1641,0.22,0.6666,1359,0.23,0.6969,5,0.225,0.6818,1089,0
SPY190821C294,2019-08-20,2019-08-20 09:33:23,0.23,0.6969,1641,0.22,0.6666,991,0.23,0.6969,5,0.225,0.6818,1089,0
SPY190821C294,2019-08-20,2019-08-20 09:33:24,0.23,0.6969,985,0.22,0.6666,1359,0.23,0.6969,5,0.225,0.6818,1089,0
SPY190821C294,2019-08-20,2019-08-20 09:33:24,0.23,0.6969,1667,0.22,0.6666,60,0.23,0.6969,5,0.225,0.6818,1089,0
SPY190821C294,2019-08-20,2019-08-20 09:33:25,0.23,0.6969,1667,0.22,0.6666,24,0.23,0.6969,5,0.225,0.6818,1089,0
SPY190821C294,2019-08-20,2019-08-20 09:33:25,0.23,0.6969,2470,0.22,0.6666,66,0.23,0.6969,5,0.225,0.6818,1089,0
SPY190821C294,2019-08-20,2019-08-20 09:33:26,0.23,0.6969,2470,0.21,0.6363,2307,0.23,0.6969,5,0.22,0.6666,1089,0
SPY190821C294,2019-08-20,2019-08-20 09:33:26,0.23,0.6969,2470,0.21,0.6363,2590,0.23,0.6969,5,0.22,0.6666,1089,0
SPY190821C294,2019-08-20,2019-08-20 09:33:27,0.23,0.6969,1550,0.21,0.6363,2077,0.23,0.6969,5,0.22,0.6666,1089,0
SPY190821C294,2019-08-20,2019-08-20 09:33:27,0.22,0.6666,1,0.21,0.6363,2360,0.23,0.6969,5,0.215,0.6515,1089,0
SPY190821C294,2019-08-20,2019-08-20 09:33:28,0.23,0.6969,1446,0.22,0.6666,50,0.22,0.6666,1,0.225,0.6818,1090,0
SPY190821C294,2019-08-20,2019-08-20 09:33:28,0.23,0.6969,2121,0.22,0.6666,76,0.22,0.6666,1,0.225,0.6818,1090,1
SPY190821C294,2019-08-20,2019-08-20 09:33:29,0.23,0.6969,1446,0.22,0.6666,60,0.22,0.6666,1,0.225,0.6818,1090,0
SPY190821C294,2019-08-20,2019-08-20 09:33:29,0.23,0.6969,2121,0.21,0.6363,2537,0.22,0.6666,1,0.22,0.6666,1090,0
SPY190821C294,2019-08-20,2019-08-20 09:33:30,0.22,0.6666,120,0.21,0.6363,2068,0.22,0.6666,1,0.215,0.6515,1090,0
SPY190821C294,2019-08-20,2019-08-20 09:33:31,0.22,0.6666,33,0.21,0.6363,1453,0.22,0.6666,1,0.215,0.6515,1090,0
SPY190821C294,2019-08-20,2019-08-20 09:33:31,0.22,0.6666,136,0.21,0.6363,1453,0.22,0.6666,1,0.215,0.6515,1090,0
SPY190821C294,2019-08-20,2019-08-20 09:33:32,0.22,0.6666,120,0.21,0.6363,1492,0.22,0.6666,1,0.215,0.6515,1090,0
SPY190821C294,2019-08-20,2019-08-20 09:33:32,0.23,0.6969,2108,0.21,0.6363,2182,0.22,0.6666,1,0.22,0.6666,1090,0
SPY190821C294,2019-08-20,2019-08-20 09:33:33,0.22,0.6666,66,0.21,0.6363,1715,0.22,0.6666,1,0.215,0.6515,1090,0
SPY190821C294,2019-08-20,2019-08-20 09:33:34,0.22,0.6666,66,0.21,0.6363,1333,0.22,0.6666,1,0.215,0.6515,1090,0
SPY190821C294,2019-08-20,2019-08-20 09:33:34,0.23,0.6969,366,0.22,0.6666,33,0.22,0.6666,1,0.225,0.6818,1090,0
SPY190821C294,2019-08-20,2019-08-20 09:33:35,0.23,0.6969,379,0.22,0.6666,811,0.22,0.6666,1,0.225,0.6818,1090,0
SPY190821C294,2019-08-20,2019-08-20 09:33:35,0.23,0.6969,704,0.22,0.6666,811,0.22,0.6666,1,0.225,0.6818,1090,0
SPY190821C294,2019-08-20,2019-08-20 09:33:36,0.23,0.6969,168,0.22,0.6666,1207,0.22,0.6666,1,0.225,0.6818,1090,0
SPY190821C294,2019-08-20,2019-08-20 09:33:36,0.23,0.6969,50,0.22,0.6666,999,0.22,0.6666,1,0.225,0.6818,1090,0
SPY190821C294,2019-08-20,2019-08-20 09:33:37,0.23,0.6969,168,0.22,0.6666,2007,0.22,0.6666,1,0.225,0.6818,1090,0
SPY190821C294,2019-08-20,2019-08-20 09:33:37,0.23,0.6969,5,0.22,0.6666,2068,0.22,0.6666,1,0.225,0.6818,1090,0
SPY190821C294,2019-08-20,2019-08-20 09:33:38,0.23,0.6969,33,0.22,0.6666,2068,0.22,0.6666,1,0.225,0.6818,1090,0
SPY190821C294,2019-08-20,2019-08-20 09:33:38,0.23,0.6969,33,0.22,0.6666,1555,0.22,0.6666,1,0.225,0.6818,1090,0
SPY190821C294,2019-08-20,2019-08-20 09:33:39,0.23,0.6969,66,0.22,0.6666,1785,0.22,0.6666,1,0.225,0.6818,1090,0
SPY190821C294,2019-08-20,2019-08-20 09:33:39,0.23,0.6969,66,0.22,0.6666,1070,0.22,0.6666,1,0.225,0.6818,1090,0
SPY190821C294,2019-08-20,2019-08-20 09:33:40,0.23,0.6969,66,0.22,0.6666,1785,0.23,0.6969,2,0.225,0.6818,1092,2
SPY190821C294,2019-08-20,2019-08-20 09:33:41,0.23,0.6969,181,0.22,0.6666,1785,0.23,0.6969,2,0.225,0.6818,1092,0
SPY190821C294,2019-08-20,2019-08-20 09:33:41,0.23,0.6969,231,0.22,0.6666,1785,0.23,0.6969,2,0.225,0.6818,1092,0
SPY190821C294,2019-08-20,2019-08-20 09:33:42,0.23,0.6969,231,0.22,0.6666,1785,0.23,0.6969,2,0.225,0.6818,1092,0
SPY190821C294,2019-08-20,2019-08-20 09:33:42,0.23,0.6969,215,0.22,0.6666,120,0.23,0.6969,10,0.225,0.6818,1105,13
SPY190821C294,2019-08-20,2019-08-20 09:33:43,0.23,0.6969,1081,0.21,0.6363,2270,0.23,0.6969,10,0.22,0.6666,1105,0
SPY190821C294,2019-08-20,2019-08-20 09:33:43,0.23,0.6969,961,0.22,0.6666,120,0.23,0.6969,10,0.225,0.6818,1105,0
SPY190821C294,2019-08-20,2019-08-20 09:33:44,0.23,0.6969,1081,0.21,0.6363,2270,0.23,0.6969,10,0.22,0.6666,1105,0
SPY190821C294,2019-08-20,2019-08-20 09:33:44,0.22,0.6666,413,0.21,0.6363,2232,0.21,0.6363,2,0.215,0.6515,1107,2
SPY190821C294,2019-08-20,2019-08-20 09:33:45,0.22,0.6666,413,0.21,0.6363,2726,0.21,0.6363,2,0.215,0.6515,1107,0
SPY190821C294,2019-08-20,2019-08-20 09:33:46,0.22,0.6666,917,0.21,0.6363,2232,0.21,0.6363,2,0.215,0.6515,1107,0
SPY190821C294,2019-08-20,2019-08-20 09:33:46,0.22,0.6666,231,0.21,0.6363,2232,0.22,0.6666,1,0.215,0.6515,1108,1
SPY190821C294,2019-08-20,2019-08-20 09:33:47,0.22,0.6666,940,0.21,0.6363,2363,0.22,0.6666,1,0.215,0.6515,1108,0
SPY190821C294,2019-08-20,2019-08-20 09:33:47,0.22,0.6666,423,0.21,0.6363,1558,0.22,0.6666,1,0.215,0.6515,1108,0
SPY190821C294,2019-08-20,2019-08-20 09:33:48,0.22,0.6666,940,0.21,0.6363,2363,0.22,0.6666,1,0.215,0.6515,1108,0
SPY190821C294,2019-08-20,2019-08-20 09:33:48,0.22,0.6666,940,0.21,0.6363,2047,0.22,0.6666,1,0.215,0.6515,1108,0
SPY190821C294,2019-08-20,2019-08-20 09:33:49,0.22,0.6666,51,0.21,0.6363,1473,0.21,0.6363,1,0.215,0.6515,1110,1
SPY190821C294,2019-08-20,2019-08-20 09:33:49,0.22,0.6666,51,0.21,0.6363,1685,0.22,0.6666,1,0.215,0.6515,1109,1
SPY190821C294,2019-08-20,2019-08-20 09:33:50,0.22,0.6666,36,0.21,0.6363,2635,0.22,0.6666,1,0.215,0.6515,1117,0
SPY190821C294,2019-08-20,2019-08-20 09:33:50,0.22,0.6666,36,0.21,0.6363,349,0.22,0.6666,1,0.215,0.6515,1117,7
SPY190821C294,2019-08-20,2019-08-20 09:33:51,0.22,0.6666,256,0.21,0.6363,909,0.21,0.6363,2,0.215,0.6515,1119,2
SPY190821C294,2019-08-20,2019-08-20 09:33:51,0.22,0.6666,50,0.21,0.6363,2170,0.22,0.6666,1,0.215,0.6515,1117,0
SPY190821C294,2019-08-20,2019-08-20 09:33:52,0.22,0.6666,201,0.21,0.6363,1028,0.21,0.6363,2,0.215,0.6515,1119,0
SPY190821C294,2019-08-20,2019-08-20 09:33:52,0.22,0.6666,946,0.21,0.6363,514,0.21,0.6363,2,0.215,0.6515,1119,0
SPY190821C294,2019-08-20,2019-08-20 09:33:53,0.22,0.6666,564,0.21,0.6363,801,0.22,0.6666,14,0.215,0.6515,1139,20
SPY190821C294,2019-08-20,2019-08-20 09:33:53,0.22,0.6666,1016,0.21,0.6363,1148,0.22,0.6666,14,0.215,0.6515,1139,0
SPY190821C294,2019-08-20,2019-08-20 09:33:54,0.22,0.6666,948,0.21,0.6363,1148,0.21,0.6363,8,0.215,0.6515,1147,8
SPY190821C294,2019-08-20,2019-08-20 09:33:54,0.22,0.6666,831,0.21,0.6363,1226,0.22,0.6666,14,0.215,0.6515,1139,0
SPY190821C294,2019-08-20,2019-08-20 09:33:55,0.22,0.6666,1669,0.21,0.6363,1028,0.22,0.6666,5,0.215,0.6515,1152,0
SPY190821C294,2019-08-20,2019-08-20 09:33:55,0.22,0.6666,1580,0.21,0.6363,1148,0.22,0.6666,5,0.215,0.6515,1152,5
SPY190821C294,2019-08-20,2019-08-20 09:33:56,0.22,0.6666,1669,0.21,0.6363,1028,0.22,0.6666,5,0.215,0.6515,1152,0
SPY190821C294,2019-08-20,2019-08-20 09:33:56,0.22,0.6666,2429,0.21,0.6363,1028,0.22,0.6666,5,0.215,0.6515,1152,0
SPY190821C294,2019-08-20,2019-08-20 09:33:57,0.22,0.6666,2953,0.21,0.6363,514,0.2,0.606,10,0.215,0.6515,1247,95
SPY190821C294,2019-08-20,2019-08-20 09:33:57,0.22,0.6666,1864,0.21,0.6363,75,0.22,0.6666,5,0.215,0.6515,1152,0
SPY190821C294,2019-08-20,2019-08-20 09:33:58,0.22,0.6666,394,0.21,0.6363,1129,0.21,0.6363,1,0.215,0.6515,1248,0
SPY190821C294,2019-08-20,2019-08-20 09:33:58,0.22,0.6666,1675,0.21,0.6363,1068,0.21,0.6363,1,0.215,0.6515,1248,1
SPY190821C294,2019-08-20,2019-08-20 09:33:59,0.22,0.6666,35,0.21,0.6363,1614,0.21,0.6363,405,0.215,0.6515,1653,0
SPY190821C294,2019-08-20,2019-08-20 09:33:59,0.22,0.6666,520,0.21,0.6363,1028,0.21,0.6363,405,0.215,0.6515,1653,405
SPY190821C294,2019-08-20,2019-08-20 09:34:00,0.22,0.6666,1,0.21,0.6363,3302,0.22,0.6666,2,0.215,0.6515,1656,2
SPY190821C294,2019-08-20,2019-08-20 09:34:00,0.22,0.6666,50,0.21,0.6363,3436,0.22,0.6666,1,0.215,0.6515,1654,1
SPY190821C294,2019-08-20,2019-08-20 09:34:01,0.23,0.6969,683,0.22,0.6666,514,0.22,0.6666,1,0.225,0.6818,1657,0
SPY190821C294,2019-08-20,2019-08-20 09:34:01,0.23,0.6969,683,0.22,0.6666,514,0.22,0.6666,1,0.225,0.6818,1657,1
SPY190821C294,2019-08-20,2019-08-20 09:34:02,0.23,0.6969,297,0.22,0.6666,1857,0.22,0.6666,1,0.225,0.6818,1657,0
SPY190821C294,2019-08-20,2019-08-20 09:34:02,0.23,0.6969,683,0.22,0.6666,1437,0.22,0.6666,1,0.225,0.6818,1657,0
SPY190821C294,2019-08-20,2019-08-20 09:34:03,0.23,0.6969,46,0.22,0.6666,2146,0.22,0.6666,4,0.225,0.6818,1661,4
SPY190821C294,2019-08-20,2019-08-20 09:34:03,0.23,0.6969,46,0.22,0.6666,2489,0.22,0.6666,4,0.225,0.6818,1661,0
SPY190821C294,2019-08-20,2019-08-20 09:34:04,0.23,0.6969,46,0.22,0.6666,2489,0.22,0.6666,20,0.225,0.6818,1681,20
SPY190821C294,2019-08-20,2019-08-20 09:34:04,0.23,0.6969,66,0.22,0.6666,514,0.23,0.6969,13,0.225,0.6818,1694,13
SPY190821C294,2019-08-20,2019-08-20 09:34:05,0.23,0.6969,50,0.22,0.6666,2304,0.23,0.6969,13,0.225,0.6818,1694,0
SPY190821C294,2019-08-20,2019-08-20 09:34:06,0.23,0.6969,50,0.22,0.6666,2599,0.23,0.6969,13,0.225,0.6818,1694,0
SPY190821C294,2019-08-20,2019-08-20 09:34:07,0.23,0.6969,50,0.22,0.6666,2179,0.23,0.6969,1,0.225,0.6818,1695,0
SPY190821C294,2019-08-20,2019-08-20 09:34:07,0.23,0.6969,50,0.22,0.6666,2599,0.23,0.6969,1,0.225,0.6818,1695,1
SPY190821C294,2019-08-20,2019-08-20 09:34:08,0.23,0.6969,50,0.22,0.6666,754,0.23,0.6969,1,0.225,0.6818,1695,0
SPY190821C294,2019-08-20,2019-08-20 09:34:08,0.23,0.6969,50,0.22,0.6666,1437,0.23,0.6969,1,0.225,0.6818,1695,0
SPY190821C294,2019-08-20,2019-08-20 09:34:09,0.23,0.6969,50,0.22,0.6666,754,0.23,0.6969,1,0.225,0.6818,1695,0
SPY190821C294,2019-08-20,2019-08-20 09:34:10,0.24,0.7272,730,0.22,0.6666,2126,0.23,0.6969,1,0.23,0.6969,1695,0
SPY190821C294,2019-08-20,2019-08-20 09:34:10,0.23,0.6969,50,0.22,0.6666,754,0.23,0.6969,1,0.225,0.6818,1695,0
SPY190821C294,2019-08-20,2019-08-20 09:34:11,0.23,0.6969,50,0.22,0.6666,2126,0.23,0.6969,1,0.225,0.6818,1695,0
SPY190821C294,2019-08-20,2019-08-20 09:34:11,0.23,0.6969,66,0.23,0.6969,6,0.23,0.6969,1,0.23,0.6969,1695,0
SPY190821C294,2019-08-20,2019-08-20 09:34:12,0.23,0.6969,50,0.22,0.6666,1235,0.23,0.6969,1,0.225,0.6818,1695,0
SPY190821C294,2019-08-20,2019-08-20 09:34:12,0.23,0.6969,50,0.22,0.6666,2371,0.23,0.6969,1,0.225,0.6818,1695,0
SPY190821C294,2019-08-20,2019-08-20 09:34:13,0.23,0.6969,50,0.22,0.6666,1878,0.23,0.6969,1,0.225,0.6818,1695,0
SPY190821C294,2019-08-20,2019-08-20 09:34:13,0.23,0.6969,50,0.22,0.6666,2776,0.23,0.6969,1,0.225,0.6818,1695,0
SPY190821C294,2019-08-20,2019-08-20 09:34:14,0.23,0.6969,66,0.22,0.6666,2699,0.23,0.6969,1,0.225,0.6818,1695,0
SPY190821C294,2019-08-20,2019-08-20 09:34:14,0.23,0.6969,16,0.22,0.6666,2676,0.23,0.6969,1,0.225,0.6818,1695,0
SPY190821C294,2019-08-20,2019-08-20 09:34:15,0.24,0.7272,1539,0.23,0.6969,144,0.23,0.6969,1,0.235,0.7121,1695,0
SPY190821C294,2019-08-20,2019-08-20 09:34:15,0.24,0.7272,1539,0.23,0.6969,240,0.23,0.6969,1,0.235,0.7121,1695,0
SPY190821C294,2019-08-20,2019-08-20 09:34:16,0.24,0.7272,550,0.23,0.6969,256,0.23,0.6969,1,0.235,0.7121,1695,0
SPY190821C294,2019-08-20,2019-08-20 09:34:16,0.24,0.7272,514,0.23,0.6969,241,0.23,0.6969,1,0.235,0.7121,1695,0
SPY190821C294,2019-08-20,2019-08-20 09:34:17,0.24,0.7272,514,0.23,0.6969,603,0.23,0.6969,1,0.235,0.7121,1695,0
SPY190821C294,2019-08-20,2019-08-20 09:34:18,0.24,0.7272,1400,0.23,0.6969,110,0.23,0.6969,1,0.235,0.7121,1695,0
SPY190821C294,2019-08-20,2019-08-20 09:34:18,0.24,0.7272,1124,0.23,0.6969,190,0.23,0.6969,1,0.235,0.7121,1695,0
SPY190821C294,2019-08-20,2019-08-20 09:34:19,0.24,0.7272,624,0.23,0.6969,120,0.23,0.6969,1,0.235,0.7121,1695,0
SPY190821C294,2019-08-20,2019-08-20 09:34:19,0.24,0.7272,1764,0.23,0.6969,120,0.23,0.6969,1,0.235,0.7121,1695,0
SPY190821C294,2019-08-20,2019-08-20 09:34:20,0.24,0.7272,83,0.23,0.6969,170,0.24,0.7272,44,0.235,0.7121,1796,101
SPY190821C294,2019-08-20,2019-08-20 09:34:20,0.24,0.7272,83,0.23,0.6969,1231,0.24,0.7272,44,0.235,0.7121,1796,0
SPY190821C294,2019-08-20,2019-08-20 09:34:21,0.24,0.7272,66,0.23,0.6969,1583,0.24,0.7272,44,0.235,0.7121,1796,0
SPY190821C294,2019-08-20,2019-08-20 09:34:21,0.24,0.7272,66,0.23,0.6969,1004,0.24,0.7272,44,0.235,0.7121,1796,0
SPY190821C294,2019-08-20,2019-08-20 09:34:22,0.24,0.7272,66,0.23,0.6969,2448,0.24,0.7272,44,0.235,0.7121,1796,0
SPY190821C294,2019-08-20,2019-08-20 09:34:22,0.24,0.7272,66,0.23,0.6969,1987,0.24,0.7272,44,0.235,0.7121,1796,0
SPY190821C294,2019-08-20,2019-08-20 09:34:23,0.24,0.7272,50,0.23,0.6969,1987,0.24,0.7272,44,0.235,0.7121,1796,0
SPY190821C294,2019-08-20,2019-08-20 09:34:23,0.24,0.7272,66,0.23,0.6969,2734,0.24,0.7272,44,0.235,0.7121,1796,0
SPY190821C294,2019-08-20,2019-08-20 09:34:24,0.25,0.7575,1539,0.23,0.6969,2126,0.25,0.7575,6,0.24,0.7272,1802,6
SPY190821C294,2019-08-20,2019-08-20 09:34:24,0.25,0.7575,2089,0.23,0.6969,2351,0.25,0.7575,6,0.24,0.7272,1802,0
SPY190821C294,2019-08-20,2019-08-20 09:34:25,0.25,0.7575,2403,0.24,0.7272,50,0.25,0.7575,6,0.245,0.7424,1802,0
SPY190821C294,2019-08-20,2019-08-20 09:34:25,0.25,0.7575,2563,0.24,0.7272,60,0.25,0.7575,6,0.245,0.7424,1802,0
SPY190821C294,2019-08-20,2019-08-20 09:34:26,0.24,0.7272,50,0.23,0.6969,2377,0.25,0.7575,6,0.235,0.7121,1802,0
SPY190821C294,2019-08-20,2019-08-20 09:34:26,0.25,0.7575,2563,0.24,0.7272,60,0.25,0.7575,6,0.245,0.7424,1802,0
SPY190821C294,2019-08-20,2019-08-20 09:34:27,0.24,0.7272,45,0.23,0.6969,2377,0.24,0.7272,5,0.235,0.7121,1807,5
SPY190821C294,2019-08-20,2019-08-20 09:34:27,0.25,0.7575,1761,0.23,0.6969,2371,0.24,0.7272,5,0.24,0.7272,1807,0
SPY190821C294,2019-08-20,2019-08-20 09:34:28,0.25,0.7575,798,0.23,0.6969,1746,0.24,0.7272,5,0.24,0.7272,1807,0
SPY190821C294,2019-08-20,2019-08-20 09:34:28,0.25,0.7575,932,0.24,0.7272,56,0.24,0.7272,5,0.245,0.7424,1807,0
SPY190821C294,2019-08-20,2019-08-20 09:34:29,0.25,0.7575,274,0.24,0.7272,186,0.24,0.7272,5,0.245,0.7424,1807,0
SPY190821C294,2019-08-20,2019-08-20 09:34:29,0.25,0.7575,264,0.24,0.7272,16,0.24,0.7272,5,0.245,0.7424,1807,0
SPY190821C294,2019-08-20,2019-08-20 09:34:30,0.25,0.7575,309,0.24,0.7272,180,0.24,0.7272,4,0.245,0.7424,1812,5
SPY190821C294,2019-08-20,2019-08-20 09:34:30,0.25,0.7575,110,0.24,0.7272,170,0.24,0.7272,4,0.245,0.7424,1812,0
SPY190821C294,2019-08-20,2019-08-20 09:34:31,0.25,0.7575,110,0.24,0.7272,180,0.24,0.7272,4,0.245,0.7424,1812,0
SPY190821C294,2019-08-20,2019-08-20 09:34:31,0.25,0.7575,110,0.24,0.7272,170,0.24,0.7272,4,0.245,0.7424,1812,0
SPY190821C294,2019-08-20,2019-08-20 09:34:32,0.25,0.7575,139,0.24,0.7272,180,0.24,0.7272,4,0.245,0.7424,1812,0
SPY190821C294,2019-08-20,2019-08-20 09:34:33,0.25,0.7575,359,0.23,0.6969,2639,0.24,0.7272,4,0.24,0.7272,1812,0
SPY190821C294,2019-08-20,2019-08-20 09:34:33,0.25,0.7575,139,0.24,0.7272,180,0.24,0.7272,4,0.245,0.7424,1812,0
SPY190821C294,2019-08-20,2019-08-20 09:34:34,0.25,0.7575,643,0.23,0.6969,2639,0.24,0.7272,4,0.24,0.7272,1812,0
SPY190821C294,2019-08-20,2019-08-20 09:34:34,0.24,0.7272,77,0.24,0.7272,76,0.24,0.7272,4,0.24,0.7272,1812,0
SPY190821C294,2019-08-20,2019-08-20 09:34:35,0.24,0.7272,77,0.24,0.7272,76,0.24,0.7272,4,0.24,0.7272,1812,0
SPY190821C294,2019-08-20,2019-08-20 09:34:35,0.24,0.7272,48,0.23,0.6969,768,0.23,0.6969,4,0.235,0.7121,1816,4
SPY190821C294,2019-08-20,2019-08-20 09:34:36,0.24,0.7272,58,0.23,0.6969,795,0.23,0.6969,4,0.235,0.7121,1816,0
SPY190821C294,2019-08-20,2019-08-20 09:34:36,0.24,0.7272,50,0.23,0.6969,1060,0.23,0.6969,4,0.235,0.7121,1816,0
SPY190821C294,2019-08-20,2019-08-20 09:34:37,0.24,0.7272,110,0.23,0.6969,1887,0.23,0.6969,4,0.235,0.7121,1816,0
SPY190821C294,2019-08-20,2019-08-20 09:34:37,0.24,0.7272,50,0.23,0.6969,1060,0.23,0.6969,4,0.235,0.7121,1816,0
SPY190821C294,2019-08-20,2019-08-20 09:34:38,0.24,0.7272,110,0.23,0.6969,768,0.23,0.6969,4,0.235,0.7121,1816,0
SPY190821C294,2019-08-20,2019-08-20 09:34:38,0.24,0.7272,110,0.23,0.6969,1887,0.23,0.6969,4,0.235,0.7121,1816,0
SPY190821C294,2019-08-20,2019-08-20 09:34:39,0.24,0.7272,50,0.23,0.6969,700,0.24,0.7272,5,0.235,0.7121,1838,0
SPY190821C294,2019-08-20,2019-08-20 09:34:39,0.24,0.7272,50,0.23,0.6969,768,0.24,0.7272,5,0.235,0.7121,1838,22
SPY190821C294,2019-08-20,2019-08-20 09:34:40,0.24,0.7272,51,0.23,0.6969,66,0.24,0.7272,5,0.235,0.7121,1838,0
SPY190821C294,2019-08-20,2019-08-20 09:34:40,0.24,0.7272,238,0.23,0.6969,130,0.24,0.7272,5,0.235,0.7121,1838,0
SPY190821C294,2019-08-20,2019-08-20 09:34:41,0.24,0.7272,675,0.23,0.6969,160,0.23,0.6969,1,0.235,0.7121,1839,1
SPY190821C294,2019-08-20,2019-08-20 09:34:41,0.24,0.7272,675,0.23,0.6969,170,0.24,0.7272,5,0.235,0.7121,1838,0
SPY190821C294,2019-08-20,2019-08-20 09:34:42,0.24,0.7272,374,0.23,0.6969,186,0.23,0.6969,1,0.235,0.7121,1839,0
SPY190821C294,2019-08-20,2019-08-20 09:34:42,0.24,0.7272,685,0.23,0.6969,160,0.23,0.6969,1,0.235,0.7121,1839,0
SPY190821C294,2019-08-20,2019-08-20 09:34:43,0.24,0.7272,2021,0.23,0.6969,16,0.23,0.6969,1,0.235,0.7121,1839,0
SPY190821C294,2019-08-20,2019-08-20 09:34:43,0.23,0.6969,50,0.22,0.6666,1043,0.23,0.6969,1,0.225,0.6818,1840,1
SPY190821C294,2019-08-20,2019-08-20 09:34:44,0.23,0.6969,66,0.22,0.6666,811,0.23,0.6969,1,0.225,0.6818,1840,0
SPY190821C294,2019-08-20,2019-08-20 09:34:44,0.23,0.6969,50,0.22,0.6666,811,0.23,0.6969,1,0.225,0.6818,1840,0
SPY190821C294,2019-08-20,2019-08-20 09:34:45,0.24,0.7272,975,0.22,0.6666,2156,0.23,0.6969,1,0.23,0.6969,1840,0
SPY190821C294,2019-08-20,2019-08-20 09:34:45,0.24,0.7272,1340,0.22,0.6666,2106,0.23,0.6969,1,0.23,0.6969,1840,0
SPY190821C294,2019-08-20,2019-08-20 09:34:46,0.24,0.7272,865,0.23,0.6969,60,0.23,0.6969,1,0.235,0.7121,1840,0
SPY190821C294,2019-08-20,2019-08-20 09:34:46,0.24,0.7272,865,0.23,0.6969,5,0.23,0.6969,1,0.235,0.7121,1840,0
SPY190821C294,2019-08-20,2019-08-20 09:34:47,0.23,0.6969,1,0.22,0.6666,2388,0.23,0.6969,1,0.225,0.6818,1840,0
SPY190821C294,2019-08-20,2019-08-20 09:34:47,0.23,0.6969,1,0.23,0.6969,60,0.23,0.6969,1,0.23,0.6969,1840,0
SPY190821C294,2019-08-20,2019-08-20 09:34:48,0.23,0.6969,1,0.22,0.6666,1434,0.23,0.6969,1,0.225,0.6818,1840,0
SPY190821C294,2019-08-20,2019-08-20 09:34:49,0.23,0.6969,1,0.22,0.6666,1921,0.23,0.6969,1,0.225,0.6818,1840,0
SPY190821C294,2019-08-20,2019-08-20 09:34:49,0.23,0.6969,1,0.22,0.6666,2422,0.23,0.6969,1,0.225,0.6818,1840,0
SPY190821C294,2019-08-20,2019-08-20 09:34:50,0.23,0.6969,1,0.22,0.6666,1882,0.23,0.6969,1,0.225,0.6818,1841,1
SPY190821C294,2019-08-20,2019-08-20 09:34:50,0.23,0.6969,1,0.22,0.6666,2820,0.23,0.6969,1,0.225,0.6818,1840,0
SPY190821C294,2019-08-20,2019-08-20 09:34:51,0.24,0.7272,185,0.23,0.6969,531,0.23,0.6969,1,0.235,0.7121,1841,0
SPY190821C294,2019-08-20,2019-08-20 09:34:51,0.24,0.7272,2,0.23,0.6969,563,0.23,0.6969,1,0.235,0.7121,1841,0
SPY190821C294,2019-08-20,2019-08-20 09:34:52,0.24,0.7272,5,0.23,0.6969,1060,0.23,0.6969,1,0.235,0.7121,1841,0
SPY190821C294,2019-08-20,2019-08-20 09:34:52,0.24,0.7272,2,0.23,0.6969,1655,0.24,0.7272,3,0.235,0.7121,1844,3
SPY190821C294,2019-08-20,2019-08-20 09:34:53,0.24,0.7272,2,0.23,0.6969,2226,0.24,0.7272,2,0.235,0.7121,1846,0
SPY190821C294,2019-08-20,2019-08-20 09:34:53,0.24,0.7272,2,0.23,0.6969,1887,0.24,0.7272,2,0.235,0.7121,1846,2
SPY190821C294,2019-08-20,2019-08-20 09:34:54,0.24,0.7272,2,0.23,0.6969,2684,0.24,0.7272,2,0.235,0.7121,1846,0
SPY190821C294,2019-08-20,2019-08-20 09:34:54,0.24,0.7272,116,0.23,0.6969,2684,0.24,0.7272,2,0.235,0.7121,1846,0
SPY190821C294,2019-08-20,2019-08-20 09:34:55,0.24,0.7272,292,0.23,0.6969,2684,0.24,0.7272,2,0.235,0.7121,1846,0
SPY190821C294,2019-08-20,2019-08-20 09:34:55,0.24,0.7272,225,0.23,0.6969,1202,0.24,0.7272,2,0.235,0.7121,1846,0
SPY190821C294,2019-08-20,2019-08-20 09:34:56,0.24,0.7272,2,0.23,0.6969,2226,0.24,0.7272,2,0.235,0.7121,1846,0
SPY190821C294,2019-08-20,2019-08-20 09:34:56,0.24,0.7272,2,0.23,0.6969,2105,0.24,0.7272,2,0.235,0.7121,1846,0
SPY190821C294,2019-08-20,2019-08-20 09:34:57,0.24,0.7272,2,0.23,0.6969,1431,0.24,0.7272,2,0.235,0.7121,1846,0
SPY190821C294,2019-08-20,2019-08-20 09:34:57,0.24,0.7272,50,0.23,0.6969,1431,0.24,0.7272,2,0.235,0.7121,1846,0
SPY190821C294,2019-08-20,2019-08-20 09:34:58,0.24,0.7272,66,0.23,0.6969,1431,0.24,0.7272,2,0.235,0.7121,1846,0
SPY190821C294,2019-08-20,2019-08-20 09:34:58,0.24,0.7272,50,0.23,0.6969,1713,0.24,0.7272,2,0.235,0.7121,1846,0
SPY190821C294,2019-08-20,2019-08-20 09:34:59,0.24,0.7272,50,0.23,0.6969,2986,0.24,0.7272,2,0.235,0.7121,1846,0
SPY190821C294,2019-08-20,2019-08-20 09:34:59,0.24,0.7272,50,0.23,0.6969,1431,0.24,0.7272,2,0.235,0.7121,1846,0
SPY190821C294,2019-08-20,2019-08-20 09:35:00,0.24,0.7272,50,0.23,0.6969,3209,0.24,0.7272,2,0.235,0.7121,1846,0
SPY190821C294,2019-08-20,2019-08-20 09:35:00,0.24,0.7272,50,0.23,0.6969,2753,0.24,0.7272,2,0.235,0.7121,1846,0
SPY190821C294,2019-08-20,2019-08-20 09:35:01,0.24,0.7272,66,0.23,0.6969,1994,0.24,0.7272,2,0.235,0.7121,1846,0
SPY190821C294,2019-08-20,2019-08-20 09:35:01,0.24,0.7272,50,0.23,0.6969,1655,0.24,0.7272,2,0.235,0.7121,1846,0
SPY190821C294,2019-08-20,2019-08-20 09:35:02,0.24,0.7272,66,0.23,0.6969,1481,0.24,0.7272,2,0.235,0.7121,1846,0
SPY190821C294,2019-08-20,2019-08-20 09:35:02,0.24,0.7272,2,0.23,0.6969,2445,0.24,0.7272,2,0.235,0.7121,1846,0
SPY190821C294,2019-08-20,2019-08-20 09:35:03,0.24,0.7272,2,0.23,0.6969,2690,0.24,0.7272,1,0.235,0.7121,1847,1
SPY190821C294,2019-08-20,2019-08-20 09:35:03,0.24,0.7272,2,0.23,0.6969,2690,0.24,0.7272,2,0.235,0.7121,1846,0
SPY190821C294,2019-08-20,2019-08-20 09:35:04,0.24,0.7272,2,0.23,0.6969,2690,0.24,0.7272,1,0.235,0.7121,1847,0
SPY190821C294,2019-08-20,2019-08-20 09:35:05,0.24,0.7272,2,0.23,0.6969,3199,0.24,0.7272,1,0.235,0.7121,1847,0
SPY190821C294,2019-08-20,2019-08-20 09:35:05,0.24,0.7272,50,0.23,0.6969,1481,0.24,0.7272,1,0.235,0.7121,1847,0
SPY190821C294,2019-08-20,2019-08-20 09:35:06,0.24,0.7272,50,0.23,0.6969,1348,0.24,0.7272,50,0.235,0.7121,1897,50
SPY190821C294,2019-08-20,2019-08-20 09:35:07,0.24,0.7272,60,0.23,0.6969,1348,0.24,0.7272,50,0.235,0.7121,1897,0
SPY190821C294,2019-08-20,2019-08-20 09:35:08,0.24,0.7272,2,0.23,0.6969,1994,0.24,0.7272,50,0.235,0.7121,1897,0
SPY190821C294,2019-08-20,2019-08-20 09:35:08,0.24,0.7272,50,0.23,0.6969,1673,0.24,0.7272,50,0.235,0.7121,1897,0
SPY190821C294,2019-08-20,2019-08-20 09:35:09,0.24,0.7272,50,0.23,0.6969,1612,0.24,0.7272,50,0.235,0.7121,1897,0
SPY190821C294,2019-08-20,2019-08-20 09:35:09,0.24,0.7272,60,0.23,0.6969,1612,0.24,0.7272,50,0.235,0.7121,1897,0
SPY190821C294,2019-08-20,2019-08-20 09:35:10,0.24,0.7272,3,0.23,0.6969,1662,0.24,0.7272,50,0.235,0.7121,1897,0
SPY190821C294,2019-08-20,2019-08-20 09:35:10,0.24,0.7272,50,0.23,0.6969,1662,0.24,0.7272,50,0.235,0.7121,1897,0
SPY190821C294,2019-08-20,2019-08-20 09:35:11,0.24,0.7272,855,0.23,0.6969,50,0.24,0.7272,50,0.235,0.7121,1897,0
SPY190821C294,2019-08-20,2019-08-20 09:35:11,0.24,0.7272,855,0.23,0.6969,1431,0.24,0.7272,50,0.235,0.7121,1897,0
SPY190821C294,2019-08-20,2019-08-20 09:35:12,0.24,0.7272,427,0.23,0.6969,160,0.24,0.7272,50,0.235,0.7121,1897,0
SPY190821C294,2019-08-20,2019-08-20 09:35:12,0.24,0.7272,192,0.23,0.6969,125,0.24,0.7272,50,0.235,0.7121,1897,0
SPY190821C294,2019-08-20,2019-08-20 09:35:13,0.24,0.7272,453,0.23,0.6969,170,0.24,0.7272,50,0.235,0.7121,1897,0
SPY190821C294,2019-08-20,2019-08-20 09:35:13,0.24,0.7272,2175,0.23,0.6969,170,0.24,0.7272,50,0.235,0.7121,1897,0
SPY190821C294,2019-08-20,2019-08-20 09:35:14,0.24,0.7272,2175,0.23,0.6969,176,0.24,0.7272,50,0.235,0.7121,1897,0
SPY190821C294,2019-08-20,2019-08-20 09:35:14,0.24,0.7272,2303,0.23,0.6969,12,0.24,0.7272,50,0.235,0.7121,1897,0
SPY190821C294,2019-08-20,2019-08-20 09:35:15,0.24,0.7272,2303,0.23,0.6969,50,0.24,0.7272,50,0.235,0.7121,1897,0
SPY190821C294,2019-08-20,2019-08-20 09:35:15,0.24,0.7272,3166,0.23,0.6969,50,0.24,0.7272,5,0.235,0.7121,1903,6
SPY190821C294,2019-08-20,2019-08-20 09:35:16,0.24,0.7272,3166,0.23,0.6969,66,0.24,0.7272,5,0.235,0.7121,1903,0
SPY190821C294,2019-08-20,2019-08-20 09:35:16,0.24,0.7272,3414,0.23,0.6969,50,0.24,0.7272,5,0.235,0.7121,1903,0
SPY190821C294,2019-08-20,2019-08-20 09:35:17,0.24,0.7272,3753,0.23,0.6969,50,0.24,0.7272,5,0.235,0.7121,1903,0
SPY190821C294,2019-08-20,2019-08-20 09:35:18,0.24,0.7272,3753,0.23,0.6969,50,0.24,0.7272,5,0.235,0.7121,1903,0
SPY190821C294,2019-08-20,2019-08-20 09:35:19,0.24,0.7272,3182,0.23,0.6969,11,0.24,0.7272,5,0.235,0.7121,1903,0
SPY190821C294,2019-08-20,2019-08-20 09:35:19,0.24,0.7272,3753,0.23,0.6969,50,0.24,0.7272,5,0.235,0.7121,1903,0
SPY190821C294,2019-08-20,2019-08-20 09:35:20,0.24,0.7272,3081,0.23,0.6969,10,0.23,0.6969,1,0.235,0.7121,1904,1
SPY190821C294,2019-08-20,2019-08-20 09:35:20,0.24,0.7272,1853,0.23,0.6969,10,0.23,0.6969,1,0.235,0.7121,1904,0
SPY190821C294,2019-08-20,2019-08-20 09:35:21,0.23,0.6969,2018,0.22,0.6666,297,0.22,0.6666,5,0.225,0.6818,1919,15
SPY190821C294,2019-08-20,2019-08-20 09:35:21,0.24,0.7272,2192,0.23,0.6969,10,0.23,0.6969,1,0.235,0.7121,1904,0
SPY190821C294,2019-08-20,2019-08-20 09:35:22,0.23,0.6969,2018,0.22,0.6666,292,0.22,0.6666,5,0.225,0.6818,1919,0
SPY190821C294,2019-08-20,2019-08-20 09:35:22,0.23,0.6969,2018,0.22,0.6666,50,0.22,0.6666,5,0.225,0.6818,1919,0
SPY190821C294,2019-08-20,2019-08-20 09:35:23,0.23,0.6969,2616,0.22,0.6666,66,0.23,0.6969,10,0.225,0.6818,1929,10
SPY190821C294,2019-08-20,2019-08-20 09:35:23,0.23,0.6969,2616,0.22,0.6666,16,0.23,0.6969,10,0.225,0.6818,1929,0
SPY190821C294,2019-08-20,2019-08-20 09:35:24,0.23,0.6969,3806,0.22,0.6666,16,0.23,0.6969,10,0.225,0.6818,1929,0
SPY190821C294,2019-08-20,2019-08-20 09:35:24,0.23,0.6969,3646,0.22,0.6666,16,0.23,0.6969,10,0.225,0.6818,1929,0
SPY190821C294,2019-08-20,2019-08-20 09:35:25,0.22,0.6666,519,0.21,0.6363,479,0.23,0.6969,10,0.215,0.6515,1929,0
SPY190821C294,2019-08-20,2019-08-20 09:35:25,0.22,0.6666,1778,0.21,0.6363,297,0.21,0.6363,2,0.215,0.6515,1937,8
SPY190821C294,2019-08-20,2019-08-20 09:35:26,0.22,0.6666,3320,0.21,0.6363,16,0.21,0.6363,2,0.215,0.6515,1939,0
SPY190821C294,2019-08-20,2019-08-20 09:35:26,0.22,0.6666,2582,0.21,0.6363,297,0.21,0.6363,2,0.215,0.6515,1939,2
SPY190821C294,2019-08-20,2019-08-20 09:35:27,0.22,0.6666,3686,0.21,0.6363,66,0.21,0.6363,2,0.215,0.6515,1939,0
SPY190821C294,2019-08-20,2019-08-20 09:35:27,0.22,0.6666,3320,0.21,0.6363,66,0.21,0.6363,2,0.215,0.6515,1939,0
SPY190821C294,2019-08-20,2019-08-20 09:35:28,0.22,0.6666,2709,0.21,0.6363,60,0.21,0.6363,2,0.215,0.6515,1939,0
SPY190821C294,2019-08-20,2019-08-20 09:35:28,0.22,0.6666,3436,0.21,0.6363,50,0.21,0.6363,2,0.215,0.6515,1939,0
SPY190821C294,2019-08-20,2019-08-20 09:35:29,0.22,0.6666,3436,0.21,0.6363,50,0.22,0.6666,1,0.215,0.6515,1940,1
SPY190821C294,2019-08-20,2019-08-20 09:35:30,0.22,0.6666,2884,0.2,0.606,666,0.22,0.6666,1,0.21,0.6363,1940,0
SPY190821C294,2019-08-20,2019-08-20 09:35:30,0.21,0.6363,5,0.2,0.606,1300,0.22,0.6666,1,0.205,0.6212,1940,0
SPY190821C294,2019-08-20,2019-08-20 09:35:31,0.21,0.6363,5,0.2,0.606,1505,0.22,0.6666,1,0.205,0.6212,1940,0
SPY190821C294,2019-08-20,2019-08-20 09:35:31,0.21,0.6363,188,0.2,0.606,959,0.22,0.6666,1,0.205,0.6212,1940,0
SPY190821C294,2019-08-20,2019-08-20 09:35:32,0.21,0.6363,246,0.2,0.606,447,0.22,0.6666,1,0.205,0.6212,1940,0
SPY190821C294,2019-08-20,2019-08-20 09:35:32,0.21,0.6363,760,0.2,0.606,506,0.22,0.6666,1,0.205,0.6212,1940,0
SPY190821C294,2019-08-20,2019-08-20 09:35:33,0.21,0.6363,760,0.2,0.606,452,0.22,0.6666,1,0.205,0.6212,1940,0
SPY190821C294,2019-08-20,2019-08-20 09:35:33,0.21,0.6363,796,0.2,0.606,452,0.22,0.6666,1,0.205,0.6212,1940,0
SPY190821C294,2019-08-20,2019-08-20 09:35:34,0.21,0.6363,796,0.2,0.606,574,0.19,0.5757,1,0.205,0.6212,1941,1
SPY190821C294,2019-08-20,2019-08-20 09:35:34,0.21,0.6363,760,0.2,0.606,574,0.19,0.5757,1,0.205,0.6212,1941,0
SPY190821C294,2019-08-20,2019-08-20 09:35:35,0.21,0.6363,760,0.2,0.606,574,0.19,0.5757,1,0.205,0.6212,1941,0
SPY190821C294,2019-08-20,2019-08-20 09:35:36,0.21,0.6363,1274,0.2,0.606,574,0.21,0.6363,5,0.205,0.6212,1946,0
SPY190821C294,2019-08-20,2019-08-20 09:35:36,0.21,0.6363,760,0.2,0.606,753,0.21,0.6363,5,0.205,0.6212,1946,5
SPY190821C294,2019-08-20,2019-08-20 09:35:37,0.21,0.6363,1274,0.2,0.606,574,0.2,0.606,1,0.205,0.6212,1947,1
SPY190821C294,2019-08-20,2019-08-20 09:35:37,0.21,0.6363,254,0.2,0.606,124,0.2,0.606,1,0.205,0.6212,1947,0
SPY190821C294,2019-08-20,2019-08-20 09:35:38,0.21,0.6363,197,0.2,0.606,415,0.2,0.606,1,0.205,0.6212,1947,0
SPY190821C294,2019-08-20,2019-08-20 09:35:38,0.21,0.6363,50,0.2,0.606,1953,0.2,0.606,1,0.205,0.6212,1947,0
SPY190821C294,2019-08-20,2019-08-20 09:35:39,0.21,0.6363,9,0.2,0.606,1429,0.2,0.606,1,0.205,0.6212,1947,0
SPY190821C294,2019-08-20,2019-08-20 09:35:39,0.21,0.6363,9,0.2,0.606,1974,0.2,0.606,1,0.205,0.6212,1947,0
SPY190821C294,2019-08-20,2019-08-20 09:35:40,0.21,0.6363,9,0.2,0.606,2481,0.2,0.606,1,0.205,0.6212,1947,0
SPY190821C294,2019-08-20,2019-08-20 09:35:40,0.21,0.6363,75,0.2,0.606,1551,0.2,0.606,1,0.205,0.6212,1947,0
SPY190821C294,2019-08-20,2019-08-20 09:35:41,0.21,0.6363,523,0.2,0.606,1717,0.2,0.606,1,0.205,0.6212,1947,0
SPY190821C294,2019-08-20,2019-08-20 09:35:41,0.21,0.6363,1329,0.2,0.606,381,0.2,0.606,1,0.205,0.6212,1947,0
SPY190821C294,2019-08-20,2019-08-20 09:35:42,0.21,0.6363,9,0.2,0.606,894,0.2,0.606,1,0.205,0.6212,1948,1
SPY190821C294,2019-08-20,2019-08-20 09:35:42,0.21,0.6363,4,0.2,0.606,816,0.2,0.606,1,0.205,0.6212,1947,0
SPY190821C294,2019-08-20,2019-08-20 09:35:43,0.21,0.6363,4,0.2,0.606,1575,0.2,0.606,1,0.205,0.6212,1948,0
SPY190821C294,2019-08-20,2019-08-20 09:35:43,0.21,0.6363,4,0.2,0.606,2337,0.2,0.606,1,0.205,0.6212,1948,0
SPY190821C294,2019-08-20,2019-08-20 09:35:44,0.21,0.6363,4,0.2,0.606,2091,0.21,0.6363,2,0.205,0.6212,1952,4
SPY190821C294,2019-08-20,2019-08-20 09:35:44,0.22,0.6666,336,0.2,0.606,2091,0.2,0.606,3,0.21,0.6363,1955,3
SPY190821C294,2019-08-20,2019-08-20 09:35:45,0.22,0.6666,1361,0.21,0.6363,98,0.2,0.606,3,0.215,0.6515,1955,0
SPY190821C294,2019-08-20,2019-08-20 09:35:45,0.22,0.6666,1064,0.21,0.6363,876,0.2,0.606,3,0.215,0.6515,1955,0
SPY190821C294,2019-08-20,2019-08-20 09:35:46,0.22,0.6666,514,0.21,0.6363,98,0.2,0.606,3,0.215,0.6515,1955,0
SPY190821C294,2019-08-20,2019-08-20 09:35:46,0.22,0.6666,1244,0.21,0.6363,98,0.2,0.606,3,0.215,0.6515,1955,0
SPY190821C294,2019-08-20,2019-08-20 09:35:47,0.22,0.6666,1244,0.21,0.6363,220,0.2,0.606,3,0.215,0.6515,1955,0
SPY190821C294,2019-08-20,2019-08-20 09:35:47,0.22,0.6666,1541,0.21,0.6363,146,0.2,0.606,3,0.215,0.6515,1955,0
SPY190821C294,2019-08-20,2019-08-20 09:35:48,0.22,0.6666,1445,0.21,0.6363,314,0.2,0.606,3,0.215,0.6515,1955,0
SPY190821C294,2019-08-20,2019-08-20 09:35:48,0.22,0.6666,1258,0.21,0.6363,314,0.2,0.606,3,0.215,0.6515,1955,0
SPY190821C294,2019-08-20,2019-08-20 09:35:49,0.22,0.6666,1493,0.21,0.6363,286,0.2,0.606,3,0.215,0.6515,1955,0
SPY190821C294,2019-08-20,2019-08-20 09:35:49,0.22,0.6666,2095,0.21,0.6363,286,0.2,0.606,3,0.215,0.6515,1955,0
SPY190821C294,2019-08-20,2019-08-20 09:35:50,0.22,0.6666,2095,0.21,0.6363,38,0.2,0.606,3,0.215,0.6515,1955,0
SPY190821C294,2019-08-20,2019-08-20 09:35:50,0.22,0.6666,2095,0.21,0.6363,266,0.2,0.606,3,0.215,0.6515,1955,0
SPY190821C294,2019-08-20,2019-08-20 09:35:51,0.22,0.6666,1565,0.21,0.6363,239,0.22,0.6666,5,0.215,0.6515,1955,0
SPY190821C294,2019-08-20,2019-08-20 09:35:51,0.22,0.6666,2957,0.2,0.606,2819,0.2,0.606,3,0.21,0.6363,1955,0
SPY190821C294,2019-08-20,2019-08-20 09:35:52,0.22,0.6666,1490,0.21,0.6363,418,0.22,0.6666,1,0.215,0.6515,1962,7
SPY190821C294,2019-08-20,2019-08-20 09:35:53,0.22,0.6666,1444,0.21,0.6363,498,0.22,0.6666,1,0.215,0.6515,1963,0
SPY190821C294,2019-08-20,2019-08-20 09:35:53,0.22,0.6666,1499,0.21,0.6363,498,0.22,0.6666,1,0.215,0.6515,1963,1
SPY190821C294,2019-08-20,2019-08-20 09:35:54,0.22,0.6666,297,0.21,0.6363,569,0.22,0.6666,1,0.215,0.6515,1963,0
SPY190821C294,2019-08-20,2019-08-20 09:35:54,0.22,0.6666,50,0.21,0.6363,1898,0.22,0.6666,1,0.215,0.6515,1963,0
SPY190821C294,2019-08-20,2019-08-20 09:35:55,0.22,0.6666,33,0.21,0.6363,1898,0.22,0.6666,1,0.215,0.6515,1963,0
SPY190821C294,2019-08-20,2019-08-20 09:35:55,0.22,0.6666,33,0.21,0.6363,1518,0.22,0.6666,1,0.215,0.6515,1963,0
SPY190821C294,2019-08-20,2019-08-20 09:35:56,0.22,0.6666,202,0.21,0.6363,1848,0.22,0.6666,95,0.215,0.6515,2063,100
SPY190821C294,2019-08-20,2019-08-20 09:35:56,0.22,0.6666,333,0.21,0.6363,1848,0.22,0.6666,95,0.215,0.6515,2063,0
SPY190821C294,2019-08-20,2019-08-20 09:35:57,0.22,0.6666,847,0.21,0.6363,1182,0.22,0.6666,95,0.215,0.6515,2063,0
SPY190821C294,2019-08-20,2019-08-20 09:35:58,0.22,0.6666,847,0.21,0.6363,1576,0.22,0.6666,95,0.215,0.6515,2063,0
SPY190821C294,2019-08-20,2019-08-20 09:35:58,0.22,0.6666,847,0.21,0.6363,1088,0.22,0.6666,95,0.215,0.6515,2063,0
SPY190821C294,2019-08-20,2019-08-20 09:35:59,0.22,0.6666,1480,0.21,0.6363,125,0.22,0.6666,1,0.215,0.6515,2064,1
SPY190821C294,2019-08-20,2019-08-20 09:35:59,0.22,0.6666,1480,0.21,0.6363,231,0.22,0.6666,95,0.215,0.6515,2063,0
SPY190821C294,2019-08-20,2019-08-20 09:36:00,0.22,0.6666,1475,0.21,0.6363,205,0.22,0.6666,1,0.215,0.6515,2064,0
SPY190821C294,2019-08-20,2019-08-20 09:36:00,0.22,0.6666,1480,0.21,0.6363,204,0.22,0.6666,1,0.215,0.6515,2064,0
SPY190821C294,2019-08-20,2019-08-20 09:36:01,0.22,0.6666,2958,0.21,0.6363,205,0.21,0.6363,10,0.215,0.6515,2074,0
SPY190821C294,2019-08-20,2019-08-20 09:36:01,0.22,0.6666,2023,0.21,0.6363,205,0.21,0.6363,10,0.215,0.6515,2074,10
SPY190821C294,2019-08-20,2019-08-20 09:36:02,0.21,0.6363,66,0.2,0.606,3172,0.21,0.6363,10,0.205,0.6212,2074,0
SPY190821C294,2019-08-20,2019-08-20 09:36:03,0.22,0.6666,2826,0.21,0.6363,339,0.21,0.6363,10,0.215,0.6515,2074,0
SPY190821C294,2019-08-20,2019-08-20 09:36:03,0.22,0.6666,2417,0.2,0.606,2227,0.21,0.6363,10,0.21,0.6363,2074,0
SPY190821C294,2019-08-20,2019-08-20 09:36:04,0.22,0.6666,2420,0.21,0.6363,100,0.21,0.6363,10,0.215,0.6515,2074,0
SPY190821C294,2019-08-20,2019-08-20 09:36:05,0.22,0.6666,2039,0.21,0.6363,346,0.21,0.6363,10,0.215,0.6515,2074,0
SPY190821C294,2019-08-20,2019-08-20 09:36:05,0.22,0.6666,2594,0.21,0.6363,346,0.21,0.6363,10,0.215,0.6515,2074,0
SPY190821C294,2019-08-20,2019-08-20 09:36:06,0.22,0.6666,2039,0.21,0.6363,246,0.21,0.6363,10,0.215,0.6515,2074,0
SPY190821C294,2019-08-20,2019-08-20 09:36:06,0.22,0.6666,2297,0.21,0.6363,261,0.21,0.6363,10,0.215,0.6515,2074,0
SPY190821C294,2019-08-20,2019-08-20 09:36:07,0.22,0.6666,1867,0.21,0.6363,180,0.21,0.6363,10,0.215,0.6515,2074,0
SPY190821C294,2019-08-20,2019-08-20 09:36:07,0.22,0.6666,2264,0.21,0.6363,176,0.21,0.6363,10,0.215,0.6515,2074,0
SPY190821C294,2019-08-20,2019-08-20 09:36:08,0.22,0.6666,2264,0.21,0.6363,248,0.21,0.6363,10,0.215,0.6515,2074,0
SPY190821C294,2019-08-20,2019-08-20 09:36:09,0.22,0.6666,2264,0.21,0.6363,248,0.21,0.6363,10,0.215,0.6515,2074,0
SPY190821C294,2019-08-20,2019-08-20 09:36:09,0.22,0.6666,2039,0.21,0.6363,248,0.21,0.6363,10,0.215,0.6515,2074,0
SPY190821C294,2019-08-20,2019-08-20 09:36:10,0.22,0.6666,2039,0.21,0.6363,238,0.22,0.6666,10,0.215,0.6515,2084,10
SPY190821C294,2019-08-20,2019-08-20 09:36:10,0.22,0.6666,2039,0.21,0.6363,176,0.22,0.6666,10,0.215,0.6515,2084,0
SPY190821C294,2019-08-20,2019-08-20 09:36:11,0.21,0.6363,50,0.2,0.606,3296,0.22,0.6666,10,0.205,0.6212,2084,0
SPY190821C294,2019-08-20,2019-08-20 09:36:11,0.21,0.6363,50,0.2,0.606,3195,0.22,0.6666,10,0.205,0.6212,2084,0
SPY190821C294,2019-08-20,2019-08-20 09:36:12,0.22,0.6666,2617,0.21,0.6363,66,0.22,0.6666,10,0.215,0.6515,2084,0
SPY190821C294,2019-08-20,2019-08-20 09:36:12,0.21,0.6363,50,0.2,0.606,3296,0.22,0.6666,10,0.205,0.6212,2084,0
SPY190821C294,2019-08-20,2019-08-20 09:36:13,0.22,0.6666,2576,0.21,0.6363,76,0.22,0.6666,10,0.215,0.6515,2084,0
SPY190821C294,2019-08-20,2019-08-20 09:36:14,0.22,0.6666,3479,0.21,0.6363,76,0.22,0.6666,10,0.215,0.6515,2084,0
SPY190821C294,2019-08-20,2019-08-20 09:36:14,0.22,0.6666,2576,0.21,0.6363,76,0.22,0.6666,10,0.215,0.6515,2084,0
SPY190821C294,2019-08-20,2019-08-20 09:36:15,0.21,0.6363,5,0.2,0.606,2359,0.22,0.6666,10,0.205,0.6212,2084,0
SPY190821C294,2019-08-20,2019-08-20 09:36:15,0.21,0.6363,5,0.2,0.606,2058,0.22,0.6666,10,0.205,0.6212,2084,0
SPY190821C294,2019-08-20,2019-08-20 09:36:16,0.21,0.6363,5,0.21,0.6363,66,0.22,0.6666,10,0.21,0.6363,2084,0
SPY190821C294,2019-08-20,2019-08-20 09:36:16,0.22,0.6666,4083,0.21,0.6363,60,0.22,0.6666,10,0.215,0.6515,2084,0
SPY190821C294,2019-08-20,2019-08-20 09:36:17,0.22,0.6666,4083,0.21,0.6363,60,0.22,0.6666,10,0.215,0.6515,2084,0
SPY190821C294,2019-08-20,2019-08-20 09:36:17,0.22,0.6666,4083,0.21,0.6363,50,0.22,0.6666,10,0.215,0.6515,2084,0
SPY190821C294,2019-08-20,2019-08-20 09:36:18,0.21,0.6363,5,0.2,0.606,1595,0.22,0.6666,10,0.205,0.6212,2084,0
SPY190821C294,2019-08-20,2019-08-20 09:36:18,0.22,0.6666,4638,0.21,0.6363,66,0.22,0.6666,10,0.215,0.6515,2084,0
SPY190821C294,2019-08-20,2019-08-20 09:36:19,0.21,0.6363,537,0.2,0.606,1535,0.22,0.6666,10,0.205,0.6212,2084,0
SPY190821C294,2019-08-20,2019-08-20 09:36:20,0.21,0.6363,537,0.2,0.606,1535,0.22,0.6666,10,0.205,0.6212,2084,0
SPY190821C294,2019-08-20,2019-08-20 09:36:20,0.21,0.6363,417,0.2,0.606,2883,0.22,0.6666,10,0.205,0.6212,2084,0
SPY190821C294,2019-08-20,2019-08-20 09:36:21,0.21,0.6363,417,0.2,0.606,2433,0.22,0.6666,10,0.205,0.6212,2084,0
SPY190821C294,2019-08-20,2019-08-20 09:36:22,0.21,0.6363,417,0.2,0.606,2192,0.22,0.6666,10,0.205,0.6212,2084,0
SPY190821C294,2019-08-20,2019-08-20 09:36:23,0.21,0.6363,417,0.2,0.606,2883,0.22,0.6666,10,0.205,0.6212,2084,0
SPY190821C294,2019-08-20,2019-08-20 09:36:24,0.22,0.6666,4046,0.21,0.6363,5,0.22,0.6666,10,0.215,0.6515,2084,0
SPY190821C294,2019-08-20,2019-08-20 09:36:24,0.21,0.6363,292,0.2,0.606,2883,0.22,0.6666,10,0.205,0.6212,2084,0
SPY190821C294,2019-08-20,2019-08-20 09:36:25,0.22,0.6666,2456,0.21,0.6363,100,0.22,0.6666,10,0.215,0.6515,2084,0
SPY190821C294,2019-08-20,2019-08-20 09:36:25,0.22,0.6666,2456,0.21,0.6363,50,0.22,0.6666,10,0.215,0.6515,2084,0
SPY190821C294,2019-08-20,2019-08-20 09:36:26,0.22,0.6666,2382,0.21,0.6363,110,0.22,0.6666,10,0.215,0.6515,2084,0
SPY190821C294,2019-08-20,2019-08-20 09:36:26,0.22,0.6666,2157,0.21,0.6363,126,0.21,0.6363,5,0.215,0.6515,2094,10
SPY190821C294,2019-08-20,2019-08-20 09:36:27,0.22,0.6666,417,0.21,0.6363,2045,0.22,0.6666,4,0.215,0.6515,2098,0
SPY190821C294,2019-08-20,2019-08-20 09:36:27,0.22,0.6666,120,0.21,0.6363,1460,0.22,0.6666,4,0.215,0.6515,2098,4
SPY190821C294,2019-08-20,2019-08-20 09:36:28,0.22,0.6666,417,0.21,0.6363,2045,0.22,0.6666,4,0.215,0.6515,2098,0
SPY190821C294,2019-08-20,2019-08-20 09:36:28,0.23,0.6969,984,0.21,0.6363,1208,0.22,0.6666,3,0.22,0.6666,2101,3
SPY190821C294,2019-08-20,2019-08-20 09:36:29,0.23,0.6969,2382,0.22,0.6666,114,0.22,0.6666,3,0.225,0.6818,2101,0
SPY190821C294,2019-08-20,2019-08-20 09:36:29,0.23,0.6969,984,0.22,0.6666,26,0.22,0.6666,3,0.225,0.6818,2101,0
SPY190821C294,2019-08-20,2019-08-20 09:36:30,0.23,0.6969,2788,0.22,0.6666,101,0.22,0.6666,3,0.225,0.6818,2101,0
SPY190821C294,2019-08-20,2019-08-20 09:36:30,0.23,0.6969,2233,0.22,0.6666,101,0.22,0.6666,3,0.225,0.6818,2101,0
SPY190821C294,2019-08-20,2019-08-20 09:36:31,0.23,0.6969,2788,0.22,0.6666,126,0.22,0.6666,3,0.225,0.6818,2101,0
SPY190821C294,2019-08-20,2019-08-20 09:36:31,0.23,0.6969,2574,0.22,0.6666,76,0.22,0.6666,3,0.225,0.6818,2101,0
SPY190821C294,2019-08-20,2019-08-20 09:36:32,0.23,0.6969,1455,0.22,0.6666,151,0.22,0.6666,3,0.225,0.6818,2101,0
SPY190821C294,2019-08-20,2019-08-20 09:36:32,0.23,0.6969,1455,0.22,0.6666,76,0.22,0.6666,3,0.225,0.6818,2101,0
SPY190821C294,2019-08-20,2019-08-20 09:36:33,0.23,0.6969,1505,0.22,0.6666,160,0.22,0.6666,3,0.225,0.6818,2101,0
SPY190821C294,2019-08-20,2019-08-20 09:36:34,0.23,0.6969,1402,0.22,0.6666,417,0.23,0.6969,7,0.225,0.6818,2110,9
SPY190821C294,2019-08-20,2019-08-20 09:36:34,0.23,0.6969,1505,0.22,0.6666,105,0.22,0.6666,3,0.225,0.6818,2101,0
SPY190821C294,2019-08-20,2019-08-20 09:36:35,0.23,0.6969,492,0.22,0.6666,649,0.23,0.6969,7,0.225,0.6818,2110,0
SPY190821C294,2019-08-20,2019-08-20 09:36:35,0.23,0.6969,492,0.22,0.6666,967,0.23,0.6969,7,0.225,0.6818,2110,0
SPY190821C294,2019-08-20,2019-08-20 09:36:36,0.23,0.6969,492,0.22,0.6666,1530,0.23,0.6969,7,0.225,0.6818,2110,0
SPY190821C294,2019-08-20,2019-08-20 09:36:36,0.23,0.6969,492,0.22,0.6666,846,0.23,0.6969,7,0.225,0.6818,2110,0
SPY190821C294,2019-08-20,2019-08-20 09:36:37,0.23,0.6969,410,0.22,0.6666,967,0.23,0.6969,7,0.225,0.6818,2110,0
SPY190821C294,2019-08-20,2019-08-20 09:36:37,0.23,0.6969,410,0.22,0.6666,1727,0.23,0.6969,7,0.225,0.6818,2110,0
SPY190821C294,2019-08-20,2019-08-20 09:36:38,0.23,0.6969,333,0.22,0.6666,1860,0.23,0.6969,7,0.225,0.6818,2110,0
SPY190821C294,2019-08-20,2019-08-20 09:36:38,0.23,0.6969,100,0.22,0.6666,1860,0.23,0.6969,7,0.225,0.6818,2110,0
SPY190821C294,2019-08-20,2019-08-20 09:36:39,0.23,0.6969,333,0.22,0.6666,1639,0.23,0.6969,7,0.225,0.6818,2110,0
SPY190821C294,2019-08-20,2019-08-20 09:36:39,0.23,0.6969,333,0.22,0.6666,1434,0.23,0.6969,7,0.225,0.6818,2110,0
SPY190821C294,2019-08-20,2019-08-20 09:36:40,0.23,0.6969,333,0.22,0.6666,1689,0.23,0.6969,7,0.225,0.6818,2110,0
SPY190821C294,2019-08-20,2019-08-20 09:36:40,0.23,0.6969,333,0.22,0.6666,1484,0.23,0.6969,7,0.225,0.6818,2110,0
SPY190821C294,2019-08-20,2019-08-20 09:36:41,0.23,0.6969,333,0.22,0.6666,1368,0.23,0.6969,7,0.225,0.6818,2110,0
SPY190821C294,2019-08-20,2019-08-20 09:36:41,0.23,0.6969,307,0.22,0.6666,1368,0.23,0.6969,7,0.225,0.6818,2110,0
SPY190821C294,2019-08-20,2019-08-20 09:36:42,0.23,0.6969,307,0.22,0.6666,1639,0.23,0.6969,7,0.225,0.6818,2110,0
SPY190821C294,2019-08-20,2019-08-20 09:36:42,0.23,0.6969,456,0.22,0.6666,1434,0.23,0.6969,7,0.225,0.6818,2110,0
SPY190821C294,2019-08-20,2019-08-20 09:36:43,0.23,0.6969,2244,0.22,0.6666,672,0.23,0.6969,7,0.225,0.6818,2110,0
SPY190821C294,2019-08-20,2019-08-20 09:36:43,0.23,0.6969,2545,0.22,0.6666,672,0.23,0.6969,7,0.225,0.6818,2110,0
SPY190821C294,2019-08-20,2019-08-20 09:36:44,0.23,0.6969,2757,0.22,0.6666,672,0.23,0.6969,7,0.225,0.6818,2110,0
SPY190821C294,2019-08-20,2019-08-20 09:36:45,0.23,0.6969,1434,0.22,0.6666,672,0.23,0.6969,7,0.225,0.6818,2110,0
SPY190821C294,2019-08-20,2019-08-20 09:36:45,0.23,0.6969,3170,0.22,0.6666,672,0.23,0.6969,7,0.225,0.6818,2110,0
SPY190821C294,2019-08-20,2019-08-20 09:36:46,0.23,0.6969,1647,0.22,0.6666,672,0.23,0.6969,7,0.225,0.6818,2110,0
SPY190821C294,2019-08-20,2019-08-20 09:36:46,0.23,0.6969,520,0.22,0.6666,750,0.23,0.6969,7,0.225,0.6818,2110,0
SPY190821C294,2019-08-20,2019-08-20 09:36:47,0.23,0.6969,424,0.22,0.6666,417,0.23,0.6969,7,0.225,0.6818,2110,0
SPY190821C294,2019-08-20,2019-08-20 09:36:48,0.23,0.6969,487,0.22,0.6666,417,0.23,0.6969,7,0.225,0.6818,2110,0
SPY190821C294,2019-08-20,2019-08-20 09:36:49,0.23,0.6969,487,0.22,0.6666,417,0.23,0.6969,7,0.225,0.6818,2110,0
SPY190821C294,2019-08-20,2019-08-20 09:36:50,0.23,0.6969,424,0.22,0.6666,453,0.23,0.6969,7,0.225,0.6818,2110,0
SPY190821C294,2019-08-20,2019-08-20 09:36:51,0.23,0.6969,420,0.22,0.6666,612,0.22,0.6666,1,0.225,0.6818,2111,1
SPY190821C294,2019-08-20,2019-08-20 09:36:51,0.23,0.6969,466,0.22,0.6666,612,0.22,0.6666,1,0.225,0.6818,2111,0
SPY190821C294,2019-08-20,2019-08-20 09:36:52,0.23,0.6969,466,0.22,0.6666,612,0.22,0.6666,1,0.225,0.6818,2111,0
SPY190821C294,2019-08-20,2019-08-20 09:36:53,0.23,0.6969,456,0.22,0.6666,1395,0.22,0.6666,1,0.225,0.6818,2111,0
SPY190821C294,2019-08-20,2019-08-20 09:36:53,0.23,0.6969,456,0.22,0.6666,612,0.22,0.6666,1,0.225,0.6818,2111,0
SPY190821C294,2019-08-20,2019-08-20 09:36:54,0.23,0.6969,420,0.22,0.6666,2635,0.22,0.6666,1,0.225,0.6818,2111,0
SPY190821C294,2019-08-20,2019-08-20 09:36:54,0.23,0.6969,420,0.22,0.6666,2202,0.22,0.6666,1,0.225,0.6818,2111,0
SPY190821C294,2019-08-20,2019-08-20 09:36:55,0.23,0.6969,51,0.22,0.6666,2635,0.22,0.6666,1,0.225,0.6818,2111,0
SPY190821C294,2019-08-20,2019-08-20 09:36:55,0.23,0.6969,3,0.22,0.6666,2562,0.22,0.6666,1,0.225,0.6818,2111,0
SPY190821C294,2019-08-20,2019-08-20 09:36:56,0.23,0.6969,3,0.22,0.6666,3299,0.22,0.6666,1,0.225,0.6818,2111,0
SPY190821C294,2019-08-20,2019-08-20 09:36:56,0.23,0.6969,3,0.22,0.6666,2644,0.22,0.6666,1,0.225,0.6818,2111,0
SPY190821C294,2019-08-20,2019-08-20 09:36:57,0.23,0.6969,55,0.22,0.6666,3299,0.22,0.6666,1,0.225,0.6818,2111,0
SPY190821C294,2019-08-20,2019-08-20 09:36:57,0.23,0.6969,3,0.22,0.6666,3299,0.22,0.6666,1,0.225,0.6818,2111,0
SPY190821C294,2019-08-20,2019-08-20 09:36:58,0.23,0.6969,71,0.22,0.6666,2202,0.22,0.6666,1,0.225,0.6818,2111,0
SPY190821C294,2019-08-20,2019-08-20 09:36:58,0.23,0.6969,71,0.22,0.6666,3299,0.22,0.6666,1,0.225,0.6818,2111,0
SPY190821C294,2019-08-20,2019-08-20 09:36:59,0.23,0.6969,300,0.22,0.6666,1997,0.22,0.6666,1,0.225,0.6818,2111,0
SPY190821C294,2019-08-20,2019-08-20 09:36:59,0.23,0.6969,456,0.22,0.6666,1997,0.22,0.6666,1,0.225,0.6818,2111,0
SPY190821C294,2019-08-20,2019-08-20 09:37:00,0.23,0.6969,456,0.22,0.6666,1997,0.22,0.6666,1,0.225,0.6818,2111,0
SPY190821C294,2019-08-20,2019-08-20 09:37:00,0.23,0.6969,456,0.22,0.6666,1484,0.22,0.6666,1,0.225,0.6818,2111,0
SPY190821C294,2019-08-20,2019-08-20 09:37:01,0.23,0.6969,466,0.22,0.6666,1689,0.22,0.6666,1,0.225,0.6818,2111,0
SPY190821C294,2019-08-20,2019-08-20 09:37:01,0.23,0.6969,430,0.22,0.6666,1689,0.22,0.6666,1,0.225,0.6818,2111,0
SPY190821C294,2019-08-20,2019-08-20 09:37:02,0.23,0.6969,430,0.22,0.6666,1689,0.22,0.6666,1,0.225,0.6818,2111,0
SPY190821C294,2019-08-20,2019-08-20 09:37:02,0.23,0.6969,466,0.22,0.6666,1689,0.22,0.6666,1,0.225,0.6818,2111,0
SPY190821C294,2019-08-20,2019-08-20 09:37:03,0.23,0.6969,466,0.22,0.6666,33,0.22,0.6666,1,0.225,0.6818,2111,0
SPY190821C294,2019-08-20,2019-08-20 09:37:03,0.23,0.6969,8,0.22,0.6666,1051,0.22,0.6666,1,0.225,0.6818,2111,0
SPY190821C294,2019-08-20,2019-08-20 09:37:04,0.23,0.6969,55,0.22,0.6666,3021,0.22,0.6666,1,0.225,0.6818,2111,0
SPY190821C294,2019-08-20,2019-08-20 09:37:05,0.23,0.6969,71,0.22,0.6666,3152,0.22,0.6666,1,0.225,0.6818,2111,0
SPY190821C294,2019-08-20,2019-08-20 09:37:06,0.23,0.6969,466,0.22,0.6666,1661,0.22,0.6666,1,0.225,0.6818,2111,0
SPY190821C294,2019-08-20,2019-08-20 09:37:06,0.23,0.6969,466,0.22,0.6666,1051,0.22,0.6666,1,0.225,0.6818,2111,0
SPY190821C294,2019-08-20,2019-08-20 09:37:07,0.23,0.6969,71,0.22,0.6666,2747,0.22,0.6666,1,0.225,0.6818,2111,0
SPY190821C294,2019-08-20,2019-08-20 09:37:08,0.24,0.7272,2566,0.22,0.6666,1787,0.23,0.6969,4,0.23,0.6969,2119,8
SPY190821C294,2019-08-20,2019-08-20 09:37:08,0.23,0.6969,71,0.22,0.6666,1389,0.22,0.6666,1,0.225,0.6818,2111,0
SPY190821C294,2019-08-20,2019-08-20 09:37:09,0.24,0.7272,2150,0.23,0.6969,2,0.23,0.6969,4,0.235,0.7121,2119,0
SPY190821C294,2019-08-20,2019-08-20 09:37:10,0.24,0.7272,3457,0.23,0.6969,2,0.23,0.6969,4,0.235,0.7121,2119,0
SPY190821C294,2019-08-20,2019-08-20 09:37:10,0.24,0.7272,3921,0.23,0.6969,2,0.23,0.6969,4,0.235,0.7121,2119,0
SPY190821C294,2019-08-20,2019-08-20 09:37:11,0.24,0.7272,3497,0.23,0.6969,2,0.23,0.6969,4,0.235,0.7121,2119,0
SPY190821C294,2019-08-20,2019-08-20 09:37:12,0.24,0.7272,3497,0.23,0.6969,2,0.23,0.6969,4,0.235,0.7121,2119,0
SPY190821C294,2019-08-20,2019-08-20 09:37:13,0.24,0.7272,1877,0.23,0.6969,50,0.23,0.6969,4,0.235,0.7121,2119,0
SPY190821C294,2019-08-20,2019-08-20 09:37:13,0.24,0.7272,2195,0.23,0.6969,110,0.24,0.7272,25,0.235,0.7121,2169,50
SPY190821C294,2019-08-20,2019-08-20 09:37:14,0.24,0.7272,1631,0.23,0.6969,118,0.24,0.7272,25,0.235,0.7121,2169,0
SPY190821C294,2019-08-20,2019-08-20 09:37:14,0.24,0.7272,1631,0.23,0.6969,130,0.24,0.7272,25,0.235,0.7121,2169,0
SPY190821C294,2019-08-20,2019-08-20 09:37:15,0.24,0.7272,1434,0.23,0.6969,128,0.24,0.7272,25,0.235,0.7121,2169,0
SPY190821C294,2019-08-20,2019-08-20 09:37:15,0.24,0.7272,1715,0.23,0.6969,156,0.24,0.7272,25,0.235,0.7121,2169,0
SPY190821C294,2019-08-20,2019-08-20 09:37:16,0.24,0.7272,417,0.23,0.6969,158,0.23,0.6969,1,0.235,0.7121,2170,1
SPY190821C294,2019-08-20,2019-08-20 09:37:16,0.24,0.7272,967,0.23,0.6969,218,0.23,0.6969,1,0.235,0.7121,2170,0
SPY190821C294,2019-08-20,2019-08-20 09:37:17,0.24,0.7272,514,0.23,0.6969,218,0.23,0.6969,1,0.235,0.7121,2170,0
SPY190821C294,2019-08-20,2019-08-20 09:37:17,0.24,0.7272,1157,0.23,0.6969,100,0.23,0.6969,1,0.235,0.7121,2170,0
SPY190821C294,2019-08-20,2019-08-20 09:37:18,0.24,0.7272,1678,0.23,0.6969,126,0.24,0.7272,100,0.235,0.7121,2270,100
SPY190821C294,2019-08-20,2019-08-20 09:37:18,0.24,0.7272,1833,0.23,0.6969,154,0.24,0.7272,100,0.235,0.7121,2270,0
SPY190821C294,2019-08-20,2019-08-20 09:37:19,0.24,0.7272,604,0.23,0.6969,252,0.24,0.7272,100,0.235,0.7121,2270,0
SPY190821C294,2019-08-20,2019-08-20 09:37:19,0.24,0.7272,604,0.23,0.6969,334,0.24,0.7272,100,0.235,0.7121,2270,0
SPY190821C294,2019-08-20,2019-08-20 09:37:20,0.24,0.7272,604,0.23,0.6969,671,0.24,0.7272,100,0.235,0.7121,2270,0
SPY190821C294,2019-08-20,2019-08-20 09:37:20,0.24,0.7272,523,0.23,0.6969,661,0.24,0.7272,100,0.235,0.7121,2270,0
SPY190821C294,2019-08-20,2019-08-20 09:37:21,0.24,0.7272,343,0.23,0.6969,196,0.24,0.7272,100,0.235,0.7121,2270,0
SPY190821C294,2019-08-20,2019-08-20 09:37:21,0.24,0.7272,3,0.23,0.6969,1183,0.24,0.7272,100,0.235,0.7121,2270,0
SPY190821C294,2019-08-20,2019-08-20 09:37:22,0.24,0.7272,3,0.24,0.7272,5,0.24,0.7272,3,0.24,0.7272,2300,5
SPY190821C294,2019-08-20,2019-08-20 09:37:22,0.24,0.7272,3,0.23,0.6969,2887,0.23,0.6969,1,0.235,0.7121,2295,25
SPY190821C294,2019-08-20,2019-08-20 09:37:23,0.25,0.7575,2624,0.24,0.7272,16,0.24,0.7272,5,0.245,0.7424,2305,0
SPY190821C294,2019-08-20,2019-08-20 09:37:23,0.25,0.7575,2624,0.24,0.7272,5,0.24,0.7272,5,0.245,0.7424,2305,5
SPY190821C294,2019-08-20,2019-08-20 09:37:24,0.25,0.7575,2176,0.24,0.7272,16,0.24,0.7272,5,0.245,0.7424,2305,0
SPY190821C294,2019-08-20,2019-08-20 09:37:25,0.25,0.7575,616,0.24,0.7272,185,0.24,0.7272,5,0.245,0.7424,2305,0
SPY190821C294,2019-08-20,2019-08-20 09:37:25,0.25,0.7575,1946,0.24,0.7272,100,0.24,0.7272,5,0.245,0.7424,2305,0
SPY190821C294,2019-08-20,2019-08-20 09:37:26,0.25,0.7575,1275,0.24,0.7272,477,0.24,0.7272,5,0.245,0.7424,2305,0
SPY190821C294,2019-08-20,2019-08-20 09:37:26,0.25,0.7575,931,0.24,0.7272,477,0.24,0.7272,5,0.245,0.7424,2305,0
SPY190821C294,2019-08-20,2019-08-20 09:37:27,0.25,0.7575,1926,0.24,0.7272,417,0.24,0.7272,5,0.245,0.7424,2305,0
SPY190821C294,2019-08-20,2019-08-20 09:37:27,0.25,0.7575,1362,0.24,0.7272,417,0.24,0.7272,5,0.245,0.7424,2305,0
SPY190821C294,2019-08-20,2019-08-20 09:37:28,0.25,0.7575,1538,0.24,0.7272,417,0.24,0.7272,5,0.245,0.7424,2305,0
SPY190821C294,2019-08-20,2019-08-20 09:37:28,0.25,0.7575,1025,0.24,0.7272,407,0.24,0.7272,5,0.245,0.7424,2305,0
SPY190821C294,2019-08-20,2019-08-20 09:37:29,0.25,0.7575,333,0.24,0.7272,536,0.24,0.7272,1,0.245,0.7424,2306,1
SPY190821C294,2019-08-20,2019-08-20 09:37:29,0.25,0.7575,333,0.24,0.7272,484,0.24,0.7272,1,0.245,0.7424,2306,0
SPY190821C294,2019-08-20,2019-08-20 09:37:30,0.25,0.7575,333,0.24,0.7272,1027,0.24,0.7272,1,0.245,0.7424,2306,0
SPY190821C294,2019-08-20,2019-08-20 09:37:30,0.25,0.7575,139,0.24,0.7272,668,0.24,0.7272,1,0.245,0.7424,2306,0
SPY190821C294,2019-08-20,2019-08-20 09:37:31,0.25,0.7575,2027,0.24,0.7272,566,0.24,0.7272,1,0.245,0.7424,2306,0
SPY190821C294,2019-08-20,2019-08-20 09:37:32,0.25,0.7575,1204,0.24,0.7272,417,0.24,0.7272,1,0.245,0.7424,2306,0
SPY190821C294,2019-08-20,2019-08-20 09:37:32,0.25,0.7575,1204,0.24,0.7272,979,0.24,0.7272,1,0.245,0.7424,2306,0
SPY190821C294,2019-08-20,2019-08-20 09:37:33,0.25,0.7575,1323,0.24,0.7272,417,0.24,0.7272,1,0.245,0.7424,2306,0
SPY190821C294,2019-08-20,2019-08-20 09:37:33,0.25,0.7575,1359,0.24,0.7272,417,0.24,0.7272,1,0.245,0.7424,2306,0
SPY190821C294,2019-08-20,2019-08-20 09:37:34,0.25,0.7575,1450,0.24,0.7272,417,0.24,0.7272,1,0.245,0.7424,2306,0
SPY190821C294,2019-08-20,2019-08-20 09:37:34,0.25,0.7575,967,0.24,0.7272,417,0.24,0.7272,1,0.245,0.7424,2306,0
SPY190821C294,2019-08-20,2019-08-20 09:37:35,0.25,0.7575,1403,0.24,0.7272,417,0.24,0.7272,1,0.245,0.7424,2306,0
SPY190821C294,2019-08-20,2019-08-20 09:37:35,0.25,0.7575,2075,0.24,0.7272,417,0.24,0.7272,1,0.245,0.7424,2306,0
SPY190821C294,2019-08-20,2019-08-20 09:37:36,0.25,0.7575,454,0.24,0.7272,407,0.24,0.7272,1,0.245,0.7424,2306,0
SPY190821C294,2019-08-20,2019-08-20 09:37:36,0.25,0.7575,407,0.24,0.7272,407,0.25,0.7575,10,0.245,0.7424,2316,10
SPY190821C294,2019-08-20,2019-08-20 09:37:37,0.25,0.7575,407,0.24,0.7272,407,0.25,0.7575,10,0.245,0.7424,2316,0
SPY190821C294,2019-08-20,2019-08-20 09:37:38,0.25,0.7575,965,0.24,0.7272,407,0.25,0.7575,10,0.245,0.7424,2316,0
SPY190821C294,2019-08-20,2019-08-20 09:37:38,0.25,0.7575,2078,0.24,0.7272,407,0.25,0.7575,10,0.245,0.7424,2316,0
SPY190821C294,2019-08-20,2019-08-20 09:37:39,0.25,0.7575,2078,0.24,0.7272,407,0.25,0.7575,10,0.245,0.7424,2316,0
SPY190821C294,2019-08-20,2019-08-20 09:37:39,0.25,0.7575,2128,0.24,0.7272,407,0.25,0.7575,10,0.245,0.7424,2316,0
SPY190821C294,2019-08-20,2019-08-20 09:37:40,0.25,0.7575,2128,0.24,0.7272,333,0.25,0.7575,10,0.245,0.7424,2316,0
SPY190821C294,2019-08-20,2019-08-20 09:37:40,0.25,0.7575,2128,0.24,0.7272,297,0.25,0.7575,10,0.245,0.7424,2316,0
SPY190821C294,2019-08-20,2019-08-20 09:37:41,0.25,0.7575,2146,0.24,0.7272,297,0.25,0.7575,10,0.245,0.7424,2316,0
SPY190821C294,2019-08-20,2019-08-20 09:37:41,0.25,0.7575,2250,0.24,0.7272,297,0.25,0.7575,10,0.245,0.7424,2316,0
SPY190821C294,2019-08-20,2019-08-20 09:37:42,0.25,0.7575,2300,0.24,0.7272,297,0.25,0.7575,10,0.245,0.7424,2316,0
SPY190821C294,2019-08-20,2019-08-20 09:37:42,0.25,0.7575,2250,0.24,0.7272,297,0.25,0.7575,10,0.245,0.7424,2316,0
SPY190821C294,2019-08-20,2019-08-20 09:37:43,0.25,0.7575,2133,0.24,0.7272,333,0.24,0.7272,20,0.245,0.7424,2336,20
SPY190821C294,2019-08-20,2019-08-20 09:37:43,0.25,0.7575,1950,0.24,0.7272,333,0.24,0.7272,20,0.245,0.7424,2336,0
SPY190821C294,2019-08-20,2019-08-20 09:37:44,0.25,0.7575,1950,0.24,0.7272,333,0.24,0.7272,20,0.245,0.7424,2336,0
SPY190821C294,2019-08-20,2019-08-20 09:37:44,0.25,0.7575,2136,0.24,0.7272,333,0.24,0.7272,20,0.245,0.7424,2336,0
SPY190821C294,2019-08-20,2019-08-20 09:37:45,0.25,0.7575,2132,0.24,0.7272,333,0.24,0.7272,20,0.245,0.7424,2336,0
SPY190821C294,2019-08-20,2019-08-20 09:37:45,0.25,0.7575,1950,0.24,0.7272,333,0.24,0.7272,20,0.245,0.7424,2336,0
SPY190821C294,2019-08-20,2019-08-20 09:37:46,0.25,0.7575,1950,0.24,0.7272,333,0.24,0.7272,20,0.245,0.7424,2336,0
SPY190821C294,2019-08-20,2019-08-20 09:37:46,0.25,0.7575,2181,0.24,0.7272,333,0.24,0.7272,20,0.245,0.7424,2336,0
SPY190821C294,2019-08-20,2019-08-20 09:37:47,0.25,0.7575,2123,0.24,0.7272,333,0.24,0.7272,20,0.245,0.7424,2336,0
SPY190821C294,2019-08-20,2019-08-20 09:37:48,0.25,0.7575,2123,0.24,0.7272,333,0.24,0.7272,20,0.245,0.7424,2336,0
SPY190821C294,2019-08-20,2019-08-20 09:37:49,0.25,0.7575,2123,0.24,0.7272,333,0.24,0.7272,20,0.245,0.7424,2336,0
SPY190821C294,2019-08-20,2019-08-20 09:37:49,0.25,0.7575,1950,0.24,0.7272,333,0.24,0.7272,20,0.245,0.7424,2336,0
SPY190821C294,2019-08-20,2019-08-20 09:37:50,0.25,0.7575,2130,0.24,0.7272,333,0.24,0.7272,20,0.245,0.7424,2336,0
SPY190821C294,2019-08-20,2019-08-20 09:37:50,0.25,0.7575,2469,0.24,0.7272,297,0.24,0.7272,20,0.245,0.7424,2336,0
SPY190821C294,2019-08-20,2019-08-20 09:37:51,0.25,0.7575,2669,0.24,0.7272,254,0.24,0.7272,20,0.245,0.7424,2336,0
SPY190821C294,2019-08-20,2019-08-20 09:37:51,0.25,0.7575,3161,0.24,0.7272,254,0.24,0.7272,20,0.245,0.7424,2336,0
SPY190821C294,2019-08-20,2019-08-20 09:37:52,0.25,0.7575,2627,0.24,0.7272,333,0.24,0.7272,20,0.245,0.7424,2336,0
SPY190821C294,2019-08-20,2019-08-20 09:37:52,0.25,0.7575,2669,0.24,0.7272,333,0.24,0.7272,20,0.245,0.7424,2336,0
SPY190821C294,2019-08-20,2019-08-20 09:37:53,0.25,0.7575,2627,0.24,0.7272,333,0.24,0.7272,20,0.245,0.7424,2336,0
SPY190821C294,2019-08-20,2019-08-20 09:37:53,0.25,0.7575,2733,0.24,0.7272,333,0.24,0.7272,20,0.245,0.7424,2336,0
SPY190821C294,2019-08-20,2019-08-20 09:37:54,0.25,0.7575,2733,0.24,0.7272,333,0.24,0.7272,20,0.245,0.7424,2336,0
SPY190821C294,2019-08-20,2019-08-20 09:37:54,0.25,0.7575,2934,0.24,0.7272,297,0.24,0.7272,20,0.245,0.7424,2336,0
SPY190821C294,2019-08-20,2019-08-20 09:37:55,0.24,0.7272,220,0.23,0.6969,1652,0.24,0.7272,20,0.235,0.7121,2336,0
SPY190821C294,2019-08-20,2019-08-20 09:37:55,0.25,0.7575,3166,0.24,0.7272,297,0.24,0.7272,20,0.245,0.7424,2336,0
SPY190821C294,2019-08-20,2019-08-20 09:37:56,0.24,0.7272,186,0.23,0.6969,1652,0.24,0.7272,20,0.235,0.7121,2336,0
SPY190821C294,2019-08-20,2019-08-20 09:37:56,0.24,0.7272,236,0.23,0.6969,2149,0.24,0.7272,20,0.235,0.7121,2336,0
SPY190821C294,2019-08-20,2019-08-20 09:37:57,0.24,0.7272,236,0.23,0.6969,2149,0.24,0.7272,20,0.235,0.7121,2336,0
SPY190821C294,2019-08-20,2019-08-20 09:37:57,0.24,0.7272,226,0.23,0.6969,2149,0.24,0.7272,20,0.235,0.7121,2336,0
SPY190821C294,2019-08-20,2019-08-20 09:37:58,0.25,0.7575,3775,0.24,0.7272,5,0.24,0.7272,20,0.245,0.7424,2336,0
SPY190821C294,2019-08-20,2019-08-20 09:37:58,0.24,0.7272,116,0.23,0.6969,2077,0.24,0.7272,20,0.235,0.7121,2336,0
SPY190821C294,2019-08-20,2019-08-20 09:37:59,0.25,0.7575,3775,0.24,0.7272,297,0.24,0.7272,20,0.245,0.7424,2336,0
SPY190821C294,2019-08-20,2019-08-20 09:37:59,0.25,0.7575,3775,0.24,0.7272,100,0.24,0.7272,20,0.245,0.7424,2336,0
SPY190821C294,2019-08-20,2019-08-20 09:38:00,0.25,0.7575,3452,0.24,0.7272,100,0.24,0.7272,20,0.245,0.7424,2336,0
SPY190821C294,2019-08-20,2019-08-20 09:38:01,0.25,0.7575,3395,0.24,0.7272,16,0.24,0.7272,20,0.245,0.7424,2336,0
SPY190821C294,2019-08-20,2019-08-20 09:38:01,0.25,0.7575,3949,0.23,0.6969,3403,0.24,0.7272,20,0.24,0.7272,2336,0
SPY190821C294,2019-08-20,2019-08-20 09:38:02,0.24,0.7272,5,0.24,0.7272,100,0.24,0.7272,20,0.24,0.7272,2336,0
SPY190821C294,2019-08-20,2019-08-20 09:38:02,0.24,0.7272,5,0.23,0.6969,3403,0.24,0.7272,20,0.235,0.7121,2336,0
SPY190821C294,2019-08-20,2019-08-20 09:38:03,0.24,0.7272,5,0.23,0.6969,3403,0.24,0.7272,20,0.235,0.7121,2336,0
SPY190821C294,2019-08-20,2019-08-20 09:38:04,0.25,0.7575,2951,0.24,0.7272,66,0.25,0.7575,1,0.245,0.7424,2337,1
SPY190821C294,2019-08-20,2019-08-20 09:38:04,0.24,0.7272,5,0.23,0.6969,3403,0.24,0.7272,20,0.235,0.7121,2336,0
SPY190821C294,2019-08-20,2019-08-20 09:38:05,0.25,0.7575,934,0.24,0.7272,297,0.25,0.7575,1,0.245,0.7424,2337,0
SPY190821C294,2019-08-20,2019-08-20 09:38:05,0.25,0.7575,1150,0.24,0.7272,125,0.25,0.7575,1,0.245,0.7424,2337,0
SPY190821C294,2019-08-20,2019-08-20 09:38:06,0.25,0.7575,2767,0.24,0.7272,297,0.25,0.7575,1,0.245,0.7424,2337,0
SPY190821C294,2019-08-20,2019-08-20 09:38:06,0.25,0.7575,991,0.24,0.7272,407,0.25,0.7575,1,0.245,0.7424,2337,0
SPY190821C294,2019-08-20,2019-08-20 09:38:07,0.25,0.7575,2767,0.24,0.7272,297,0.25,0.7575,1,0.245,0.7424,2337,0
SPY190821C294,2019-08-20,2019-08-20 09:38:08,0.25,0.7575,2767,0.24,0.7272,297,0.25,0.7575,1,0.245,0.7424,2337,0
SPY190821C294,2019-08-20,2019-08-20 09:38:09,0.25,0.7575,2639,0.24,0.7272,297,0.25,0.7575,1,0.245,0.7424,2337,0
SPY190821C294,2019-08-20,2019-08-20 09:38:09,0.25,0.7575,2694,0.24,0.7272,297,0.25,0.7575,1,0.245,0.7424,2337,0
SPY190821C294,2019-08-20,2019-08-20 09:38:10,0.25,0.7575,2639,0.24,0.7272,297,0.25,0.7575,1,0.245,0.7424,2337,0
SPY190821C294,2019-08-20,2019-08-20 09:38:11,0.25,0.7575,2639,0.24,0.7272,297,0.25,0.7575,1,0.245,0.7424,2337,0
