symbol,Date,quote_time,ask_price,norm_ask_price,ask_size,bid_price,norm_bid_price,bid_size,last_trade_price,norm_last_trade_price,last_trade_size,mark_price,norm_mark_price,volume,Volume
IWM190920P155,2019-09-18,2019-09-18 09:30:01,0.49,1.0,15,0.42,0.8571,15,0.46,0.9387,15,0.455,0.9285,0,0
IWM190920P155,2019-09-18,2019-09-18 09:30:02,0.5,1.0204,22,0.42,0.8571,15,0.46,0.9387,15,0.46,0.9387,0,0
IWM190920P155,2019-09-18,2019-09-18 09:30:03,0.48,0.9795,207,0.42,0.8571,22,0.46,0.9387,15,0.45,0.9183,0,0
IWM190920P155,2019-09-18,2019-09-18 09:30:03,0.49,1.0,22,0.42,0.8571,22,0.46,0.9387,15,0.455,0.9285,0,0
IWM190920P155,2019-09-18,2019-09-18 09:30:04,0.48,0.9795,207,0.42,0.8571,22,0.46,0.9387,15,0.45,0.9183,0,0
IWM190920P155,2019-09-18,2019-09-18 09:30:05,0.48,0.9795,207,0.42,0.8571,22,0.45,0.9183,1,0.45,0.9183,1,1
IWM190920P155,2019-09-18,2019-09-18 09:30:05,0.48,0.9795,207,0.42,0.8571,22,0.46,0.9387,15,0.45,0.9183,0,0
IWM190920P155,2019-09-18,2019-09-18 09:30:06,0.48,0.9795,207,0.42,0.8571,22,0.45,0.9183,1,0.45,0.9183,1,0
IWM190920P155,2019-09-18,2019-09-18 09:30:07,0.47,0.9591,457,0.42,0.8571,22,0.45,0.9183,1,0.445,0.9081,1,0
IWM190920P155,2019-09-18,2019-09-18 09:30:08,0.47,0.9591,236,0.42,0.8571,22,0.45,0.9183,1,0.445,0.9081,1,0
IWM190920P155,2019-09-18,2019-09-18 09:30:09,0.47,0.9591,236,0.42,0.8571,22,0.45,0.9183,1,0.445,0.9081,1,0
IWM190920P155,2019-09-18,2019-09-18 09:30:10,0.47,0.9591,236,0.42,0.8571,22,0.45,0.9183,1,0.445,0.9081,1,0
IWM190920P155,2019-09-18,2019-09-18 09:30:11,0.47,0.9591,236,0.43,0.8775,23,0.45,0.9183,1,0.45,0.9183,1,0
IWM190920P155,2019-09-18,2019-09-18 09:30:11,0.47,0.9591,252,0.43,0.8775,23,0.45,0.9183,1,0.45,0.9183,1,0
IWM190920P155,2019-09-18,2019-09-18 09:30:12,0.46,0.9387,143,0.43,0.8775,23,0.45,0.9183,1,0.445,0.9081,1,0
IWM190920P155,2019-09-18,2019-09-18 09:30:12,0.47,0.9591,252,0.43,0.8775,23,0.45,0.9183,1,0.45,0.9183,1,0
IWM190920P155,2019-09-18,2019-09-18 09:30:13,0.47,0.9591,199,0.44,0.8979,60,0.45,0.9183,1,0.455,0.9285,1,0
IWM190920P155,2019-09-18,2019-09-18 09:30:13,0.47,0.9591,190,0.44,0.8979,60,0.45,0.9183,1,0.455,0.9285,1,0
IWM190920P155,2019-09-18,2019-09-18 09:30:14,0.47,0.9591,363,0.44,0.8979,187,0.45,0.9183,1,0.455,0.9285,1,0
IWM190920P155,2019-09-18,2019-09-18 09:30:14,0.47,0.9591,190,0.44,0.8979,78,0.45,0.9183,1,0.455,0.9285,1,0
IWM190920P155,2019-09-18,2019-09-18 09:30:15,0.47,0.9591,379,0.44,0.8979,63,0.45,0.9183,1,0.455,0.9285,1,0
IWM190920P155,2019-09-18,2019-09-18 09:30:15,0.47,0.9591,460,0.43,0.8775,222,0.45,0.9183,1,0.45,0.9183,1,0
IWM190920P155,2019-09-18,2019-09-18 09:30:16,0.47,0.9591,444,0.43,0.8775,222,0.45,0.9183,1,0.45,0.9183,1,0
IWM190920P155,2019-09-18,2019-09-18 09:30:16,0.47,0.9591,460,0.43,0.8775,222,0.45,0.9183,1,0.45,0.9183,1,0
IWM190920P155,2019-09-18,2019-09-18 09:30:17,0.47,0.9591,32,0.43,0.8775,222,0.45,0.9183,1,0.45,0.9183,1,0
IWM190920P155,2019-09-18,2019-09-18 09:30:17,0.47,0.9591,460,0.43,0.8775,237,0.45,0.9183,1,0.45,0.9183,1,0
IWM190920P155,2019-09-18,2019-09-18 09:30:18,0.48,0.9795,551,0.44,0.8979,80,0.45,0.9183,1,0.46,0.9387,1,0
IWM190920P155,2019-09-18,2019-09-18 09:30:18,0.48,0.9795,507,0.44,0.8979,30,0.45,0.9183,1,0.46,0.9387,1,0
IWM190920P155,2019-09-18,2019-09-18 09:30:19,0.48,0.9795,551,0.44,0.8979,80,0.45,0.9183,1,0.46,0.9387,1,0
IWM190920P155,2019-09-18,2019-09-18 09:30:20,0.48,0.9795,535,0.44,0.8979,80,0.45,0.9183,1,0.46,0.9387,1,0
IWM190920P155,2019-09-18,2019-09-18 09:30:20,0.48,0.9795,551,0.44,0.8979,80,0.45,0.9183,1,0.46,0.9387,1,0
IWM190920P155,2019-09-18,2019-09-18 09:30:21,0.48,0.9795,20,0.44,0.8979,80,0.45,0.9183,1,0.46,0.9387,1,0
IWM190920P155,2019-09-18,2019-09-18 09:30:21,0.48,0.9795,29,0.44,0.8979,80,0.45,0.9183,1,0.46,0.9387,1,0
IWM190920P155,2019-09-18,2019-09-18 09:30:22,0.48,0.9795,8,0.44,0.8979,80,0.45,0.9183,1,0.46,0.9387,1,0
IWM190920P155,2019-09-18,2019-09-18 09:30:22,0.48,0.9795,3,0.44,0.8979,80,0.45,0.9183,1,0.46,0.9387,1,0
IWM190920P155,2019-09-18,2019-09-18 09:30:23,0.48,0.9795,1,0.45,0.9183,60,0.45,0.9183,1,0.465,0.9489,1,0
IWM190920P155,2019-09-18,2019-09-18 09:30:23,0.48,0.9795,1,0.44,0.8979,80,0.45,0.9183,1,0.46,0.9387,1,0
IWM190920P155,2019-09-18,2019-09-18 09:30:24,0.49,1.0,19,0.47,0.9591,19,0.45,0.9183,1,0.48,0.9795,1,0
IWM190920P155,2019-09-18,2019-09-18 09:30:24,0.49,1.0,22,0.47,0.9591,19,0.45,0.9183,1,0.48,0.9795,1,0
IWM190920P155,2019-09-18,2019-09-18 09:30:25,0.49,1.0,19,0.47,0.9591,19,0.45,0.9183,1,0.48,0.9795,1,0
IWM190920P155,2019-09-18,2019-09-18 09:30:25,0.5,1.0204,19,0.47,0.9591,19,0.45,0.9183,1,0.485,0.9897,1,0
IWM190920P155,2019-09-18,2019-09-18 09:30:26,0.5,1.0204,22,0.47,0.9591,31,0.45,0.9183,1,0.485,0.9897,1,0
IWM190920P155,2019-09-18,2019-09-18 09:30:27,0.5,1.0204,22,0.47,0.9591,31,0.45,0.9183,1,0.485,0.9897,1,0
IWM190920P155,2019-09-18,2019-09-18 09:30:27,0.49,1.0,19,0.46,0.9387,19,0.45,0.9183,1,0.475,0.9693,1,0
IWM190920P155,2019-09-18,2019-09-18 09:30:28,0.49,1.0,23,0.46,0.9387,19,0.45,0.9183,1,0.475,0.9693,1,0
IWM190920P155,2019-09-18,2019-09-18 09:30:29,0.49,1.0,23,0.46,0.9387,19,0.45,0.9183,1,0.475,0.9693,1,0
IWM190920P155,2019-09-18,2019-09-18 09:30:30,0.48,0.9795,19,0.46,0.9387,19,0.45,0.9183,1,0.47,0.9591,1,0
IWM190920P155,2019-09-18,2019-09-18 09:30:30,0.49,1.0,43,0.46,0.9387,19,0.45,0.9183,1,0.475,0.9693,1,0
IWM190920P155,2019-09-18,2019-09-18 09:30:31,0.48,0.9795,19,0.46,0.9387,19,0.45,0.9183,1,0.47,0.9591,1,0
IWM190920P155,2019-09-18,2019-09-18 09:30:32,0.48,0.9795,25,0.46,0.9387,19,0.45,0.9183,1,0.47,0.9591,1,0
IWM190920P155,2019-09-18,2019-09-18 09:30:33,0.48,0.9795,44,0.46,0.9387,19,0.45,0.9183,1,0.47,0.9591,1,0
IWM190920P155,2019-09-18,2019-09-18 09:30:33,0.48,0.9795,35,0.46,0.9387,19,0.45,0.9183,1,0.47,0.9591,1,0
IWM190920P155,2019-09-18,2019-09-18 09:30:34,0.48,0.9795,43,0.46,0.9387,19,0.45,0.9183,1,0.47,0.9591,1,0
IWM190920P155,2019-09-18,2019-09-18 09:30:35,0.48,0.9795,34,0.46,0.9387,19,0.45,0.9183,1,0.47,0.9591,1,0
IWM190920P155,2019-09-18,2019-09-18 09:30:35,0.48,0.9795,43,0.46,0.9387,19,0.45,0.9183,1,0.47,0.9591,1,0
IWM190920P155,2019-09-18,2019-09-18 09:30:36,0.48,0.9795,34,0.46,0.9387,19,0.45,0.9183,1,0.47,0.9591,1,0
IWM190920P155,2019-09-18,2019-09-18 09:30:37,0.48,0.9795,34,0.46,0.9387,19,0.45,0.9183,1,0.47,0.9591,1,0
IWM190920P155,2019-09-18,2019-09-18 09:30:37,0.48,0.9795,32,0.46,0.9387,19,0.45,0.9183,1,0.47,0.9591,1,0
IWM190920P155,2019-09-18,2019-09-18 09:30:38,0.48,0.9795,32,0.46,0.9387,19,0.45,0.9183,1,0.47,0.9591,1,0
IWM190920P155,2019-09-18,2019-09-18 09:30:39,0.48,0.9795,32,0.46,0.9387,19,0.45,0.9183,1,0.47,0.9591,1,0
IWM190920P155,2019-09-18,2019-09-18 09:30:40,0.48,0.9795,32,0.46,0.9387,19,0.45,0.9183,1,0.47,0.9591,1,0
IWM190920P155,2019-09-18,2019-09-18 09:30:40,0.48,0.9795,42,0.46,0.9387,19,0.45,0.9183,1,0.47,0.9591,1,0
IWM190920P155,2019-09-18,2019-09-18 09:30:41,0.48,0.9795,42,0.46,0.9387,19,0.45,0.9183,1,0.47,0.9591,1,0
IWM190920P155,2019-09-18,2019-09-18 09:30:42,0.48,0.9795,42,0.46,0.9387,19,0.45,0.9183,1,0.47,0.9591,1,0
IWM190920P155,2019-09-18,2019-09-18 09:30:43,0.48,0.9795,288,0.46,0.9387,19,0.45,0.9183,1,0.47,0.9591,1,0
IWM190920P155,2019-09-18,2019-09-18 09:30:43,0.48,0.9795,42,0.46,0.9387,19,0.45,0.9183,1,0.47,0.9591,1,0
IWM190920P155,2019-09-18,2019-09-18 09:30:44,0.48,0.9795,288,0.47,0.9591,5,0.45,0.9183,1,0.475,0.9693,1,0
IWM190920P155,2019-09-18,2019-09-18 09:30:44,0.48,0.9795,308,0.47,0.9591,5,0.45,0.9183,1,0.475,0.9693,1,0
IWM190920P155,2019-09-18,2019-09-18 09:30:45,0.48,0.9795,288,0.47,0.9591,5,0.45,0.9183,1,0.475,0.9693,1,0
IWM190920P155,2019-09-18,2019-09-18 09:30:45,0.48,0.9795,278,0.47,0.9591,5,0.45,0.9183,1,0.475,0.9693,1,0
IWM190920P155,2019-09-18,2019-09-18 09:30:46,0.48,0.9795,130,0.47,0.9591,5,0.45,0.9183,1,0.475,0.9693,1,0
IWM190920P155,2019-09-18,2019-09-18 09:30:46,0.48,0.9795,323,0.47,0.9591,5,0.45,0.9183,1,0.475,0.9693,1,0
IWM190920P155,2019-09-18,2019-09-18 09:30:47,0.48,0.9795,41,0.47,0.9591,5,0.45,0.9183,1,0.475,0.9693,1,0
IWM190920P155,2019-09-18,2019-09-18 09:30:48,0.48,0.9795,41,0.47,0.9591,5,0.45,0.9183,1,0.475,0.9693,1,0
IWM190920P155,2019-09-18,2019-09-18 09:30:49,0.48,0.9795,41,0.47,0.9591,5,0.45,0.9183,1,0.475,0.9693,1,0
IWM190920P155,2019-09-18,2019-09-18 09:30:50,0.48,0.9795,41,0.47,0.9591,5,0.45,0.9183,1,0.475,0.9693,1,0
IWM190920P155,2019-09-18,2019-09-18 09:30:51,0.48,0.9795,41,0.47,0.9591,5,0.45,0.9183,1,0.475,0.9693,1,0
IWM190920P155,2019-09-18,2019-09-18 09:30:52,0.48,0.9795,41,0.47,0.9591,5,0.45,0.9183,1,0.475,0.9693,1,0
IWM190920P155,2019-09-18,2019-09-18 09:30:53,0.48,0.9795,41,0.47,0.9591,20,0.45,0.9183,1,0.475,0.9693,1,0
IWM190920P155,2019-09-18,2019-09-18 09:30:53,0.48,0.9795,20,0.47,0.9591,5,0.45,0.9183,1,0.475,0.9693,1,0
IWM190920P155,2019-09-18,2019-09-18 09:30:54,0.49,1.0,33,0.47,0.9591,5,0.45,0.9183,1,0.48,0.9795,1,0
IWM190920P155,2019-09-18,2019-09-18 09:30:54,0.49,1.0,42,0.47,0.9591,5,0.45,0.9183,1,0.48,0.9795,1,0
IWM190920P155,2019-09-18,2019-09-18 09:30:55,0.48,0.9795,41,0.47,0.9591,5,0.45,0.9183,1,0.475,0.9693,1,0
IWM190920P155,2019-09-18,2019-09-18 09:30:56,0.49,1.0,21,0.47,0.9591,5,0.45,0.9183,1,0.48,0.9795,1,0
IWM190920P155,2019-09-18,2019-09-18 09:30:56,0.48,0.9795,41,0.47,0.9591,5,0.45,0.9183,1,0.475,0.9693,1,0
IWM190920P155,2019-09-18,2019-09-18 09:30:57,0.49,1.0,42,0.47,0.9591,5,0.45,0.9183,1,0.48,0.9795,1,0
IWM190920P155,2019-09-18,2019-09-18 09:30:57,0.49,1.0,52,0.47,0.9591,36,0.45,0.9183,1,0.48,0.9795,1,0
IWM190920P155,2019-09-18,2019-09-18 09:30:58,0.49,1.0,44,0.47,0.9591,56,0.45,0.9183,1,0.48,0.9795,1,0
IWM190920P155,2019-09-18,2019-09-18 09:30:58,0.49,1.0,41,0.47,0.9591,37,0.45,0.9183,1,0.48,0.9795,1,0
IWM190920P155,2019-09-18,2019-09-18 09:30:59,0.49,1.0,44,0.47,0.9591,76,0.45,0.9183,1,0.48,0.9795,1,0
IWM190920P155,2019-09-18,2019-09-18 09:30:59,0.49,1.0,3,0.48,0.9795,19,0.45,0.9183,1,0.485,0.9897,1,0
IWM190920P155,2019-09-18,2019-09-18 09:31:00,0.5,1.0204,6,0.49,1.0,19,0.45,0.9183,1,0.495,1.0102,1,0
IWM190920P155,2019-09-18,2019-09-18 09:31:00,0.5,1.0204,23,0.48,0.9795,19,0.45,0.9183,1,0.49,1.0,1,0
IWM190920P155,2019-09-18,2019-09-18 09:31:01,0.5,1.0204,19,0.48,0.9795,60,0.45,0.9183,1,0.49,1.0,1,0
IWM190920P155,2019-09-18,2019-09-18 09:31:02,0.51,1.0408,28,0.49,1.0,29,0.45,0.9183,1,0.5,1.0204,1,0
IWM190920P155,2019-09-18,2019-09-18 09:31:02,0.51,1.0408,28,0.49,1.0,19,0.45,0.9183,1,0.5,1.0204,1,0
IWM190920P155,2019-09-18,2019-09-18 09:31:03,0.51,1.0408,28,0.49,1.0,29,0.45,0.9183,1,0.5,1.0204,1,0
IWM190920P155,2019-09-18,2019-09-18 09:31:03,0.51,1.0408,24,0.49,1.0,29,0.45,0.9183,1,0.5,1.0204,1,0
IWM190920P155,2019-09-18,2019-09-18 09:31:04,0.51,1.0408,19,0.49,1.0,29,0.45,0.9183,1,0.5,1.0204,1,0
IWM190920P155,2019-09-18,2019-09-18 09:31:04,0.51,1.0408,28,0.49,1.0,29,0.45,0.9183,1,0.5,1.0204,1,0
IWM190920P155,2019-09-18,2019-09-18 09:31:05,0.51,1.0408,30,0.5,1.0204,29,0.45,0.9183,1,0.505,1.0306,1,0
IWM190920P155,2019-09-18,2019-09-18 09:31:05,0.52,1.0612,271,0.5,1.0204,29,0.45,0.9183,1,0.51,1.0408,1,0
IWM190920P155,2019-09-18,2019-09-18 09:31:06,0.52,1.0612,23,0.5,1.0204,19,0.45,0.9183,1,0.51,1.0408,1,0
IWM190920P155,2019-09-18,2019-09-18 09:31:07,0.52,1.0612,25,0.5,1.0204,29,0.45,0.9183,1,0.51,1.0408,1,0
IWM190920P155,2019-09-18,2019-09-18 09:31:07,0.52,1.0612,44,0.5,1.0204,29,0.45,0.9183,1,0.51,1.0408,1,0
IWM190920P155,2019-09-18,2019-09-18 09:31:08,0.52,1.0612,20,0.51,1.0408,31,0.45,0.9183,1,0.515,1.051,1,0
IWM190920P155,2019-09-18,2019-09-18 09:31:08,0.52,1.0612,19,0.51,1.0408,29,0.45,0.9183,1,0.515,1.051,1,0
IWM190920P155,2019-09-18,2019-09-18 09:31:09,0.52,1.0612,20,0.51,1.0408,29,0.45,0.9183,1,0.515,1.051,1,0
IWM190920P155,2019-09-18,2019-09-18 09:31:09,0.52,1.0612,30,0.51,1.0408,31,0.45,0.9183,1,0.515,1.051,1,0
IWM190920P155,2019-09-18,2019-09-18 09:31:10,0.53,1.0816,41,0.51,1.0408,29,0.45,0.9183,1,0.52,1.0612,1,0
IWM190920P155,2019-09-18,2019-09-18 09:31:10,0.52,1.0612,43,0.5,1.0204,19,0.45,0.9183,1,0.51,1.0408,1,0
IWM190920P155,2019-09-18,2019-09-18 09:31:11,0.52,1.0612,43,0.5,1.0204,68,0.45,0.9183,1,0.51,1.0408,1,0
IWM190920P155,2019-09-18,2019-09-18 09:31:11,0.52,1.0612,19,0.5,1.0204,19,0.45,0.9183,1,0.51,1.0408,1,0
IWM190920P155,2019-09-18,2019-09-18 09:31:12,0.52,1.0612,20,0.5,1.0204,68,0.45,0.9183,1,0.51,1.0408,1,0
IWM190920P155,2019-09-18,2019-09-18 09:31:12,0.52,1.0612,30,0.5,1.0204,68,0.45,0.9183,1,0.51,1.0408,1,0
IWM190920P155,2019-09-18,2019-09-18 09:31:13,0.53,1.0816,43,0.5,1.0204,60,0.45,0.9183,1,0.515,1.051,1,0
IWM190920P155,2019-09-18,2019-09-18 09:31:13,0.52,1.0612,43,0.5,1.0204,60,0.45,0.9183,1,0.51,1.0408,1,0
IWM190920P155,2019-09-18,2019-09-18 09:31:14,0.52,1.0612,42,0.5,1.0204,23,0.45,0.9183,1,0.51,1.0408,1,0
IWM190920P155,2019-09-18,2019-09-18 09:31:14,0.53,1.0816,43,0.51,1.0408,29,0.45,0.9183,1,0.52,1.0612,1,0
IWM190920P155,2019-09-18,2019-09-18 09:31:15,0.52,1.0612,42,0.5,1.0204,29,0.45,0.9183,1,0.51,1.0408,1,0
IWM190920P155,2019-09-18,2019-09-18 09:31:16,0.52,1.0612,42,0.5,1.0204,19,0.45,0.9183,1,0.51,1.0408,1,0
IWM190920P155,2019-09-18,2019-09-18 09:31:16,0.52,1.0612,42,0.5,1.0204,29,0.45,0.9183,1,0.51,1.0408,1,0
IWM190920P155,2019-09-18,2019-09-18 09:31:17,0.53,1.0816,31,0.51,1.0408,31,0.45,0.9183,1,0.52,1.0612,1,0
IWM190920P155,2019-09-18,2019-09-18 09:31:17,0.53,1.0816,39,0.51,1.0408,29,0.45,0.9183,1,0.52,1.0612,1,0
IWM190920P155,2019-09-18,2019-09-18 09:31:18,0.53,1.0816,44,0.51,1.0408,29,0.45,0.9183,1,0.52,1.0612,1,0
IWM190920P155,2019-09-18,2019-09-18 09:31:19,0.53,1.0816,44,0.51,1.0408,29,0.45,0.9183,1,0.52,1.0612,1,0
IWM190920P155,2019-09-18,2019-09-18 09:31:20,0.53,1.0816,44,0.51,1.0408,29,0.45,0.9183,1,0.52,1.0612,1,0
IWM190920P155,2019-09-18,2019-09-18 09:31:20,0.52,1.0612,41,0.5,1.0204,19,0.45,0.9183,1,0.51,1.0408,1,0
IWM190920P155,2019-09-18,2019-09-18 09:31:21,0.52,1.0612,44,0.5,1.0204,29,0.45,0.9183,1,0.51,1.0408,1,0
IWM190920P155,2019-09-18,2019-09-18 09:31:22,0.52,1.0612,44,0.5,1.0204,29,0.45,0.9183,1,0.51,1.0408,1,0
IWM190920P155,2019-09-18,2019-09-18 09:31:23,0.52,1.0612,44,0.5,1.0204,29,0.45,0.9183,1,0.51,1.0408,1,0
IWM190920P155,2019-09-18,2019-09-18 09:31:23,0.51,1.0408,19,0.49,1.0,50,0.45,0.9183,1,0.5,1.0204,1,0
IWM190920P155,2019-09-18,2019-09-18 09:31:24,0.51,1.0408,133,0.49,1.0,44,0.45,0.9183,1,0.5,1.0204,1,0
IWM190920P155,2019-09-18,2019-09-18 09:31:25,0.51,1.0408,368,0.49,1.0,44,0.45,0.9183,1,0.5,1.0204,1,0
IWM190920P155,2019-09-18,2019-09-18 09:31:25,0.51,1.0408,338,0.49,1.0,44,0.45,0.9183,1,0.5,1.0204,1,0
IWM190920P155,2019-09-18,2019-09-18 09:31:26,0.51,1.0408,46,0.49,1.0,44,0.45,0.9183,1,0.5,1.0204,1,0
IWM190920P155,2019-09-18,2019-09-18 09:31:28,0.51,1.0408,246,0.49,1.0,33,0.45,0.9183,1,0.5,1.0204,1,0
IWM190920P155,2019-09-18,2019-09-18 09:31:29,0.51,1.0408,236,0.49,1.0,42,0.45,0.9183,1,0.5,1.0204,1,0
IWM190920P155,2019-09-18,2019-09-18 09:31:29,0.51,1.0408,246,0.49,1.0,32,0.45,0.9183,1,0.5,1.0204,1,0
IWM190920P155,2019-09-18,2019-09-18 09:31:30,0.51,1.0408,236,0.49,1.0,42,0.45,0.9183,1,0.5,1.0204,1,0
IWM190920P155,2019-09-18,2019-09-18 09:31:30,0.51,1.0408,84,0.49,1.0,19,0.45,0.9183,1,0.5,1.0204,1,0
IWM190920P155,2019-09-18,2019-09-18 09:31:31,0.51,1.0408,84,0.49,1.0,19,0.45,0.9183,1,0.5,1.0204,1,0
IWM190920P155,2019-09-18,2019-09-18 09:31:31,0.5,1.0204,21,0.49,1.0,19,0.45,0.9183,1,0.495,1.0102,1,0
IWM190920P155,2019-09-18,2019-09-18 09:31:32,0.5,1.0204,21,0.49,1.0,29,0.45,0.9183,1,0.495,1.0102,1,0
IWM190920P155,2019-09-18,2019-09-18 09:31:32,0.5,1.0204,11,0.49,1.0,29,0.45,0.9183,1,0.495,1.0102,1,0
IWM190920P155,2019-09-18,2019-09-18 09:31:33,0.51,1.0408,42,0.49,1.0,29,0.45,0.9183,1,0.5,1.0204,1,0
IWM190920P155,2019-09-18,2019-09-18 09:31:34,0.51,1.0408,43,0.49,1.0,29,0.45,0.9183,1,0.5,1.0204,1,0
IWM190920P155,2019-09-18,2019-09-18 09:31:34,0.51,1.0408,30,0.49,1.0,29,0.45,0.9183,1,0.5,1.0204,1,0
IWM190920P155,2019-09-18,2019-09-18 09:31:35,0.51,1.0408,34,0.49,1.0,29,0.45,0.9183,1,0.5,1.0204,1,0
IWM190920P155,2019-09-18,2019-09-18 09:31:35,0.51,1.0408,47,0.49,1.0,29,0.45,0.9183,1,0.5,1.0204,1,0
IWM190920P155,2019-09-18,2019-09-18 09:31:36,0.51,1.0408,34,0.49,1.0,29,0.45,0.9183,1,0.5,1.0204,1,0
IWM190920P155,2019-09-18,2019-09-18 09:31:37,0.51,1.0408,34,0.49,1.0,29,0.45,0.9183,1,0.5,1.0204,1,0
IWM190920P155,2019-09-18,2019-09-18 09:31:37,0.51,1.0408,172,0.49,1.0,29,0.45,0.9183,1,0.5,1.0204,1,0
IWM190920P155,2019-09-18,2019-09-18 09:31:38,0.51,1.0408,333,0.49,1.0,29,0.45,0.9183,1,0.5,1.0204,1,0
IWM190920P155,2019-09-18,2019-09-18 09:31:38,0.51,1.0408,337,0.49,1.0,29,0.45,0.9183,1,0.5,1.0204,1,0
IWM190920P155,2019-09-18,2019-09-18 09:31:39,0.51,1.0408,339,0.49,1.0,29,0.45,0.9183,1,0.5,1.0204,1,0
IWM190920P155,2019-09-18,2019-09-18 09:31:40,0.51,1.0408,339,0.49,1.0,29,0.45,0.9183,1,0.5,1.0204,1,0
IWM190920P155,2019-09-18,2019-09-18 09:31:41,0.51,1.0408,319,0.49,1.0,29,0.45,0.9183,1,0.5,1.0204,1,0
IWM190920P155,2019-09-18,2019-09-18 09:31:42,0.51,1.0408,319,0.49,1.0,19,0.45,0.9183,1,0.5,1.0204,1,0
IWM190920P155,2019-09-18,2019-09-18 09:31:42,0.51,1.0408,303,0.49,1.0,29,0.45,0.9183,1,0.5,1.0204,1,0
IWM190920P155,2019-09-18,2019-09-18 09:31:43,0.51,1.0408,319,0.49,1.0,22,0.45,0.9183,1,0.5,1.0204,1,0
IWM190920P155,2019-09-18,2019-09-18 09:31:43,0.5,1.0204,10,0.49,1.0,21,0.45,0.9183,1,0.495,1.0102,1,0
IWM190920P155,2019-09-18,2019-09-18 09:31:44,0.51,1.0408,320,0.49,1.0,26,0.45,0.9183,1,0.5,1.0204,1,0
IWM190920P155,2019-09-18,2019-09-18 09:31:44,0.51,1.0408,206,0.49,1.0,26,0.45,0.9183,1,0.5,1.0204,1,0
IWM190920P155,2019-09-18,2019-09-18 09:31:45,0.5,1.0204,1,0.49,1.0,31,0.45,0.9183,1,0.495,1.0102,1,0
IWM190920P155,2019-09-18,2019-09-18 09:31:46,0.5,1.0204,1,0.49,1.0,31,0.45,0.9183,1,0.495,1.0102,1,0
IWM190920P155,2019-09-18,2019-09-18 09:31:47,0.51,1.0408,24,0.5,1.0204,29,0.45,0.9183,1,0.505,1.0306,1,0
IWM190920P155,2019-09-18,2019-09-18 09:31:47,0.51,1.0408,20,0.5,1.0204,29,0.45,0.9183,1,0.505,1.0306,1,0
IWM190920P155,2019-09-18,2019-09-18 09:31:48,0.51,1.0408,21,0.5,1.0204,21,0.45,0.9183,1,0.505,1.0306,1,0
IWM190920P155,2019-09-18,2019-09-18 09:31:48,0.51,1.0408,21,0.5,1.0204,19,0.45,0.9183,1,0.505,1.0306,1,0
IWM190920P155,2019-09-18,2019-09-18 09:31:49,0.51,1.0408,21,0.5,1.0204,19,0.45,0.9183,1,0.505,1.0306,1,0
IWM190920P155,2019-09-18,2019-09-18 09:31:50,0.51,1.0408,376,0.49,1.0,22,0.45,0.9183,1,0.5,1.0204,1,0
IWM190920P155,2019-09-18,2019-09-18 09:31:50,0.51,1.0408,356,0.49,1.0,22,0.45,0.9183,1,0.5,1.0204,1,0
IWM190920P155,2019-09-18,2019-09-18 09:31:51,0.51,1.0408,366,0.49,1.0,48,0.45,0.9183,1,0.5,1.0204,1,0
IWM190920P155,2019-09-18,2019-09-18 09:31:51,0.51,1.0408,382,0.49,1.0,48,0.45,0.9183,1,0.5,1.0204,1,0
IWM190920P155,2019-09-18,2019-09-18 09:31:52,0.51,1.0408,382,0.49,1.0,48,0.45,0.9183,1,0.5,1.0204,1,0
IWM190920P155,2019-09-18,2019-09-18 09:31:53,0.51,1.0408,382,0.49,1.0,38,0.45,0.9183,1,0.5,1.0204,1,0
IWM190920P155,2019-09-18,2019-09-18 09:31:53,0.51,1.0408,392,0.49,1.0,38,0.45,0.9183,1,0.5,1.0204,1,0
IWM190920P155,2019-09-18,2019-09-18 09:31:54,0.51,1.0408,392,0.49,1.0,38,0.45,0.9183,1,0.5,1.0204,1,0
IWM190920P155,2019-09-18,2019-09-18 09:31:54,0.51,1.0408,413,0.49,1.0,38,0.45,0.9183,1,0.5,1.0204,1,0
IWM190920P155,2019-09-18,2019-09-18 09:31:55,0.51,1.0408,413,0.5,1.0204,5,0.45,0.9183,1,0.505,1.0306,1,0
IWM190920P155,2019-09-18,2019-09-18 09:31:56,0.51,1.0408,413,0.5,1.0204,5,0.45,0.9183,1,0.505,1.0306,1,0
IWM190920P155,2019-09-18,2019-09-18 09:31:57,0.51,1.0408,515,0.5,1.0204,5,0.45,0.9183,1,0.505,1.0306,1,0
IWM190920P155,2019-09-18,2019-09-18 09:31:57,0.51,1.0408,338,0.5,1.0204,5,0.45,0.9183,1,0.505,1.0306,1,0
IWM190920P155,2019-09-18,2019-09-18 09:31:58,0.51,1.0408,540,0.5,1.0204,5,0.45,0.9183,1,0.505,1.0306,1,0
IWM190920P155,2019-09-18,2019-09-18 09:31:58,0.51,1.0408,556,0.5,1.0204,5,0.45,0.9183,1,0.505,1.0306,1,0
IWM190920P155,2019-09-18,2019-09-18 09:31:59,0.51,1.0408,540,0.5,1.0204,5,0.45,0.9183,1,0.505,1.0306,1,0
IWM190920P155,2019-09-18,2019-09-18 09:32:00,0.51,1.0408,556,0.5,1.0204,5,0.45,0.9183,1,0.505,1.0306,1,0
IWM190920P155,2019-09-18,2019-09-18 09:32:01,0.51,1.0408,29,0.5,1.0204,21,0.45,0.9183,1,0.505,1.0306,1,0
IWM190920P155,2019-09-18,2019-09-18 09:32:01,0.51,1.0408,10,0.5,1.0204,29,0.45,0.9183,1,0.505,1.0306,1,0
IWM190920P155,2019-09-18,2019-09-18 09:32:02,0.51,1.0408,10,0.5,1.0204,29,0.45,0.9183,1,0.505,1.0306,1,0
IWM190920P155,2019-09-18,2019-09-18 09:32:03,0.51,1.0408,20,0.5,1.0204,29,0.45,0.9183,1,0.505,1.0306,1,0
IWM190920P155,2019-09-18,2019-09-18 09:32:03,0.51,1.0408,20,0.5,1.0204,31,0.45,0.9183,1,0.505,1.0306,1,0
IWM190920P155,2019-09-18,2019-09-18 09:32:04,0.51,1.0408,232,0.5,1.0204,19,0.45,0.9183,1,0.505,1.0306,1,0
IWM190920P155,2019-09-18,2019-09-18 09:32:05,0.51,1.0408,438,0.5,1.0204,19,0.45,0.9183,1,0.505,1.0306,1,0
IWM190920P155,2019-09-18,2019-09-18 09:32:05,0.51,1.0408,212,0.5,1.0204,19,0.45,0.9183,1,0.505,1.0306,1,0
IWM190920P155,2019-09-18,2019-09-18 09:32:06,0.51,1.0408,505,0.5,1.0204,19,0.5,1.0204,5,0.505,1.0306,6,0
IWM190920P155,2019-09-18,2019-09-18 09:32:06,0.51,1.0408,505,0.5,1.0204,19,0.5,1.0204,5,0.505,1.0306,6,5
IWM190920P155,2019-09-18,2019-09-18 09:32:07,0.51,1.0408,505,0.5,1.0204,41,0.5,1.0204,5,0.505,1.0306,6,0
IWM190920P155,2019-09-18,2019-09-18 09:32:08,0.51,1.0408,505,0.49,1.0,64,0.5,1.0204,5,0.5,1.0204,6,0
IWM190920P155,2019-09-18,2019-09-18 09:32:08,0.51,1.0408,382,0.49,1.0,64,0.5,1.0204,5,0.5,1.0204,6,0
IWM190920P155,2019-09-18,2019-09-18 09:32:09,0.51,1.0408,649,0.49,1.0,64,0.5,1.0204,5,0.5,1.0204,6,0
IWM190920P155,2019-09-18,2019-09-18 09:32:10,0.51,1.0408,649,0.49,1.0,48,0.5,1.0204,5,0.5,1.0204,6,0
IWM190920P155,2019-09-18,2019-09-18 09:32:10,0.5,1.0204,9,0.48,0.9795,30,0.5,1.0204,5,0.49,1.0,6,0
IWM190920P155,2019-09-18,2019-09-18 09:32:11,0.5,1.0204,517,0.48,0.9795,45,0.5,1.0204,5,0.49,1.0,6,0
IWM190920P155,2019-09-18,2019-09-18 09:32:12,0.5,1.0204,561,0.48,0.9795,45,0.48,0.9795,1,0.49,1.0,16,2
IWM190920P155,2019-09-18,2019-09-18 09:32:12,0.5,1.0204,541,0.48,0.9795,45,0.47,0.9591,2,0.49,1.0,14,8
IWM190920P155,2019-09-18,2019-09-18 09:32:13,0.5,1.0204,540,0.48,0.9795,45,0.48,0.9795,1,0.49,1.0,16,0
IWM190920P155,2019-09-18,2019-09-18 09:32:13,0.5,1.0204,554,0.48,0.9795,45,0.48,0.9795,1,0.49,1.0,16,0
IWM190920P155,2019-09-18,2019-09-18 09:32:14,0.5,1.0204,310,0.48,0.9795,45,0.48,0.9795,1,0.49,1.0,16,0
IWM190920P155,2019-09-18,2019-09-18 09:32:14,0.5,1.0204,540,0.48,0.9795,45,0.48,0.9795,1,0.49,1.0,16,0
IWM190920P155,2019-09-18,2019-09-18 09:32:15,0.5,1.0204,545,0.48,0.9795,45,0.48,0.9795,1,0.49,1.0,16,0
IWM190920P155,2019-09-18,2019-09-18 09:32:15,0.5,1.0204,540,0.48,0.9795,45,0.48,0.9795,1,0.49,1.0,16,0
IWM190920P155,2019-09-18,2019-09-18 09:32:16,0.5,1.0204,495,0.48,0.9795,45,0.48,0.9795,1,0.49,1.0,16,0
IWM190920P155,2019-09-18,2019-09-18 09:32:17,0.5,1.0204,505,0.49,1.0,19,0.48,0.9795,1,0.495,1.0102,16,0
IWM190920P155,2019-09-18,2019-09-18 09:32:18,0.5,1.0204,204,0.49,1.0,31,0.48,0.9795,1,0.495,1.0102,16,0
IWM190920P155,2019-09-18,2019-09-18 09:32:18,0.5,1.0204,204,0.49,1.0,19,0.48,0.9795,1,0.495,1.0102,16,0
IWM190920P155,2019-09-18,2019-09-18 09:32:19,0.5,1.0204,259,0.49,1.0,31,0.48,0.9795,1,0.495,1.0102,16,0
IWM190920P155,2019-09-18,2019-09-18 09:32:19,0.5,1.0204,154,0.49,1.0,31,0.48,0.9795,1,0.495,1.0102,16,0
IWM190920P155,2019-09-18,2019-09-18 09:32:20,0.5,1.0204,227,0.49,1.0,31,0.48,0.9795,1,0.495,1.0102,16,0
IWM190920P155,2019-09-18,2019-09-18 09:32:20,0.5,1.0204,253,0.49,1.0,31,0.48,0.9795,1,0.495,1.0102,16,0
IWM190920P155,2019-09-18,2019-09-18 09:32:21,0.5,1.0204,253,0.49,1.0,31,0.48,0.9795,1,0.495,1.0102,16,0
IWM190920P155,2019-09-18,2019-09-18 09:32:22,0.5,1.0204,228,0.49,1.0,31,0.48,0.9795,1,0.495,1.0102,16,0
IWM190920P155,2019-09-18,2019-09-18 09:32:23,0.51,1.0408,407,0.5,1.0204,19,0.48,0.9795,1,0.505,1.0306,16,0
IWM190920P155,2019-09-18,2019-09-18 09:32:23,0.5,1.0204,11,0.49,1.0,21,0.48,0.9795,1,0.495,1.0102,16,0
IWM190920P155,2019-09-18,2019-09-18 09:32:24,0.5,1.0204,11,0.49,1.0,21,0.48,0.9795,1,0.495,1.0102,16,0
IWM190920P155,2019-09-18,2019-09-18 09:32:25,0.5,1.0204,11,0.49,1.0,21,0.48,0.9795,1,0.495,1.0102,16,0
IWM190920P155,2019-09-18,2019-09-18 09:32:26,0.5,1.0204,11,0.49,1.0,21,0.48,0.9795,1,0.495,1.0102,16,0
IWM190920P155,2019-09-18,2019-09-18 09:32:27,0.5,1.0204,11,0.49,1.0,21,0.48,0.9795,1,0.495,1.0102,16,0
IWM190920P155,2019-09-18,2019-09-18 09:32:28,0.5,1.0204,10,0.49,1.0,21,0.48,0.9795,1,0.495,1.0102,16,0
IWM190920P155,2019-09-18,2019-09-18 09:32:28,0.5,1.0204,11,0.49,1.0,21,0.48,0.9795,1,0.495,1.0102,16,0
IWM190920P155,2019-09-18,2019-09-18 09:32:29,0.5,1.0204,10,0.49,1.0,40,0.48,0.9795,1,0.495,1.0102,16,0
IWM190920P155,2019-09-18,2019-09-18 09:32:30,0.5,1.0204,10,0.49,1.0,40,0.48,0.9795,1,0.495,1.0102,16,0
IWM190920P155,2019-09-18,2019-09-18 09:32:30,0.5,1.0204,296,0.49,1.0,19,0.48,0.9795,1,0.495,1.0102,16,0
IWM190920P155,2019-09-18,2019-09-18 09:32:31,0.5,1.0204,417,0.48,0.9795,30,0.48,0.9795,1,0.49,1.0,16,0
IWM190920P155,2019-09-18,2019-09-18 09:32:31,0.5,1.0204,437,0.48,0.9795,30,0.48,0.9795,1,0.49,1.0,16,0
IWM190920P155,2019-09-18,2019-09-18 09:32:32,0.5,1.0204,437,0.48,0.9795,30,0.48,0.9795,1,0.49,1.0,16,0
IWM190920P155,2019-09-18,2019-09-18 09:32:32,0.5,1.0204,249,0.49,1.0,20,0.48,0.9795,1,0.495,1.0102,16,0
IWM190920P155,2019-09-18,2019-09-18 09:32:33,0.5,1.0204,417,0.49,1.0,20,0.48,0.9795,1,0.495,1.0102,16,0
IWM190920P155,2019-09-18,2019-09-18 09:32:34,0.5,1.0204,417,0.49,1.0,20,0.48,0.9795,1,0.495,1.0102,16,0
IWM190920P155,2019-09-18,2019-09-18 09:32:35,0.5,1.0204,417,0.49,1.0,20,0.48,0.9795,1,0.495,1.0102,16,0
IWM190920P155,2019-09-18,2019-09-18 09:32:36,0.5,1.0204,117,0.49,1.0,20,0.48,0.9795,1,0.495,1.0102,16,0
IWM190920P155,2019-09-18,2019-09-18 09:32:37,0.5,1.0204,157,0.49,1.0,20,0.48,0.9795,1,0.495,1.0102,16,0
IWM190920P155,2019-09-18,2019-09-18 09:32:37,0.5,1.0204,341,0.49,1.0,20,0.48,0.9795,1,0.495,1.0102,16,0
IWM190920P155,2019-09-18,2019-09-18 09:32:38,0.5,1.0204,342,0.49,1.0,20,0.48,0.9795,1,0.495,1.0102,16,0
IWM190920P155,2019-09-18,2019-09-18 09:32:39,0.5,1.0204,421,0.49,1.0,20,0.48,0.9795,1,0.495,1.0102,16,0
IWM190920P155,2019-09-18,2019-09-18 09:32:40,0.5,1.0204,405,0.49,1.0,20,0.48,0.9795,1,0.495,1.0102,16,0
IWM190920P155,2019-09-18,2019-09-18 09:32:40,0.5,1.0204,421,0.49,1.0,20,0.48,0.9795,1,0.495,1.0102,16,0
IWM190920P155,2019-09-18,2019-09-18 09:32:41,0.5,1.0204,421,0.48,0.9795,62,0.48,0.9795,1,0.49,1.0,16,0
IWM190920P155,2019-09-18,2019-09-18 09:32:42,0.5,1.0204,307,0.48,0.9795,31,0.48,0.9795,1,0.49,1.0,16,0
IWM190920P155,2019-09-18,2019-09-18 09:32:43,0.5,1.0204,307,0.48,0.9795,31,0.48,0.9795,1,0.49,1.0,16,0
IWM190920P155,2019-09-18,2019-09-18 09:32:44,0.5,1.0204,347,0.48,0.9795,31,0.48,0.9795,1,0.49,1.0,16,0
IWM190920P155,2019-09-18,2019-09-18 09:32:44,0.5,1.0204,409,0.48,0.9795,31,0.48,0.9795,1,0.49,1.0,16,0
IWM190920P155,2019-09-18,2019-09-18 09:32:45,0.5,1.0204,415,0.48,0.9795,31,0.48,0.9795,1,0.49,1.0,16,0
IWM190920P155,2019-09-18,2019-09-18 09:32:45,0.5,1.0204,415,0.49,1.0,20,0.48,0.9795,1,0.495,1.0102,16,0
IWM190920P155,2019-09-18,2019-09-18 09:32:46,0.51,1.0408,435,0.49,1.0,20,0.48,0.9795,1,0.5,1.0204,16,0
IWM190920P155,2019-09-18,2019-09-18 09:32:46,0.51,1.0408,88,0.49,1.0,173,0.48,0.9795,1,0.5,1.0204,16,0
IWM190920P155,2019-09-18,2019-09-18 09:32:47,0.51,1.0408,398,0.49,1.0,20,0.48,0.9795,1,0.5,1.0204,16,0
IWM190920P155,2019-09-18,2019-09-18 09:32:47,0.51,1.0408,404,0.49,1.0,19,0.48,0.9795,1,0.5,1.0204,16,0
IWM190920P155,2019-09-18,2019-09-18 09:32:48,0.51,1.0408,433,0.49,1.0,25,0.48,0.9795,1,0.5,1.0204,16,0
IWM190920P155,2019-09-18,2019-09-18 09:32:48,0.51,1.0408,422,0.49,1.0,25,0.48,0.9795,1,0.5,1.0204,16,0
IWM190920P155,2019-09-18,2019-09-18 09:32:49,0.51,1.0408,380,0.49,1.0,26,0.48,0.9795,1,0.5,1.0204,16,0
IWM190920P155,2019-09-18,2019-09-18 09:32:49,0.51,1.0408,433,0.49,1.0,25,0.48,0.9795,1,0.5,1.0204,16,0
IWM190920P155,2019-09-18,2019-09-18 09:32:50,0.51,1.0408,402,0.49,1.0,20,0.48,0.9795,1,0.5,1.0204,16,0
IWM190920P155,2019-09-18,2019-09-18 09:32:50,0.51,1.0408,396,0.49,1.0,20,0.48,0.9795,1,0.5,1.0204,16,0
IWM190920P155,2019-09-18,2019-09-18 09:32:51,0.51,1.0408,375,0.49,1.0,20,0.48,0.9795,1,0.5,1.0204,16,0
IWM190920P155,2019-09-18,2019-09-18 09:32:51,0.51,1.0408,254,0.49,1.0,20,0.48,0.9795,1,0.5,1.0204,16,0
IWM190920P155,2019-09-18,2019-09-18 09:32:52,0.51,1.0408,375,0.5,1.0204,19,0.48,0.9795,1,0.505,1.0306,16,0
IWM190920P155,2019-09-18,2019-09-18 09:32:53,0.51,1.0408,415,0.49,1.0,26,0.48,0.9795,1,0.5,1.0204,16,0
IWM190920P155,2019-09-18,2019-09-18 09:32:53,0.51,1.0408,425,0.49,1.0,26,0.48,0.9795,1,0.5,1.0204,16,0
IWM190920P155,2019-09-18,2019-09-18 09:32:54,0.51,1.0408,426,0.49,1.0,20,0.48,0.9795,1,0.5,1.0204,16,0
IWM190920P155,2019-09-18,2019-09-18 09:32:55,0.51,1.0408,391,0.49,1.0,20,0.48,0.9795,1,0.5,1.0204,16,0
IWM190920P155,2019-09-18,2019-09-18 09:32:55,0.51,1.0408,415,0.49,1.0,20,0.48,0.9795,1,0.5,1.0204,16,0
IWM190920P155,2019-09-18,2019-09-18 09:32:56,0.51,1.0408,407,0.5,1.0204,19,0.48,0.9795,1,0.505,1.0306,16,0
IWM190920P155,2019-09-18,2019-09-18 09:32:56,0.51,1.0408,470,0.5,1.0204,19,0.48,0.9795,1,0.505,1.0306,16,0
IWM190920P155,2019-09-18,2019-09-18 09:32:57,0.51,1.0408,470,0.5,1.0204,19,0.48,0.9795,1,0.505,1.0306,16,0
IWM190920P155,2019-09-18,2019-09-18 09:32:58,0.51,1.0408,401,0.5,1.0204,19,0.48,0.9795,1,0.505,1.0306,16,0
IWM190920P155,2019-09-18,2019-09-18 09:32:58,0.51,1.0408,401,0.5,1.0204,10,0.48,0.9795,1,0.505,1.0306,16,0
IWM190920P155,2019-09-18,2019-09-18 09:32:59,0.51,1.0408,79,0.5,1.0204,24,0.48,0.9795,1,0.505,1.0306,16,0
IWM190920P155,2019-09-18,2019-09-18 09:33:00,0.51,1.0408,22,0.5,1.0204,26,0.48,0.9795,1,0.505,1.0306,16,0
IWM190920P155,2019-09-18,2019-09-18 09:33:01,0.52,1.0612,59,0.5,1.0204,26,0.48,0.9795,1,0.51,1.0408,16,0
IWM190920P155,2019-09-18,2019-09-18 09:33:01,0.52,1.0612,10,0.5,1.0204,26,0.48,0.9795,1,0.51,1.0408,16,0
IWM190920P155,2019-09-18,2019-09-18 09:33:02,0.51,1.0408,1,0.5,1.0204,20,0.48,0.9795,1,0.505,1.0306,16,0
IWM190920P155,2019-09-18,2019-09-18 09:33:02,0.52,1.0612,10,0.5,1.0204,23,0.48,0.9795,1,0.51,1.0408,16,0
IWM190920P155,2019-09-18,2019-09-18 09:33:03,0.51,1.0408,10,0.5,1.0204,26,0.48,0.9795,1,0.505,1.0306,16,0
IWM190920P155,2019-09-18,2019-09-18 09:33:03,0.52,1.0612,381,0.51,1.0408,19,0.48,0.9795,1,0.515,1.051,16,0
IWM190920P155,2019-09-18,2019-09-18 09:33:04,0.5,1.0204,20,0.49,1.0,323,0.48,0.9795,1,0.495,1.0102,16,0
IWM190920P155,2019-09-18,2019-09-18 09:33:04,0.51,1.0408,42,0.5,1.0204,19,0.48,0.9795,1,0.505,1.0306,16,0
IWM190920P155,2019-09-18,2019-09-18 09:33:05,0.51,1.0408,308,0.49,1.0,323,0.48,0.9795,1,0.5,1.0204,16,0
IWM190920P155,2019-09-18,2019-09-18 09:33:05,0.51,1.0408,308,0.5,1.0204,21,0.48,0.9795,1,0.505,1.0306,16,0
IWM190920P155,2019-09-18,2019-09-18 09:33:06,0.51,1.0408,318,0.5,1.0204,21,0.48,0.9795,1,0.505,1.0306,16,0
IWM190920P155,2019-09-18,2019-09-18 09:33:06,0.51,1.0408,308,0.5,1.0204,21,0.48,0.9795,1,0.505,1.0306,16,0
IWM190920P155,2019-09-18,2019-09-18 09:33:07,0.51,1.0408,308,0.5,1.0204,21,0.48,0.9795,1,0.505,1.0306,16,0
IWM190920P155,2019-09-18,2019-09-18 09:33:08,0.51,1.0408,258,0.5,1.0204,21,0.48,0.9795,1,0.505,1.0306,16,0
IWM190920P155,2019-09-18,2019-09-18 09:33:08,0.51,1.0408,124,0.5,1.0204,21,0.48,0.9795,1,0.505,1.0306,16,0
IWM190920P155,2019-09-18,2019-09-18 09:33:09,0.5,1.0204,17,0.49,1.0,61,0.48,0.9795,1,0.495,1.0102,16,0
IWM190920P155,2019-09-18,2019-09-18 09:33:09,0.51,1.0408,89,0.5,1.0204,19,0.48,0.9795,1,0.505,1.0306,16,0
IWM190920P155,2019-09-18,2019-09-18 09:33:10,0.5,1.0204,17,0.49,1.0,147,0.48,0.9795,1,0.495,1.0102,16,0
IWM190920P155,2019-09-18,2019-09-18 09:33:11,0.5,1.0204,17,0.49,1.0,147,0.48,0.9795,1,0.495,1.0102,16,0
IWM190920P155,2019-09-18,2019-09-18 09:33:12,0.5,1.0204,17,0.49,1.0,147,0.48,0.9795,1,0.495,1.0102,16,0
IWM190920P155,2019-09-18,2019-09-18 09:33:13,0.51,1.0408,153,0.49,1.0,62,0.48,0.9795,1,0.5,1.0204,16,0
IWM190920P155,2019-09-18,2019-09-18 09:33:13,0.51,1.0408,153,0.49,1.0,117,0.48,0.9795,1,0.5,1.0204,16,0
IWM190920P155,2019-09-18,2019-09-18 09:33:14,0.51,1.0408,80,0.5,1.0204,21,0.48,0.9795,1,0.505,1.0306,16,0
IWM190920P155,2019-09-18,2019-09-18 09:33:14,0.51,1.0408,206,0.5,1.0204,28,0.48,0.9795,1,0.505,1.0306,16,0
IWM190920P155,2019-09-18,2019-09-18 09:33:15,0.51,1.0408,141,0.49,1.0,61,0.48,0.9795,1,0.5,1.0204,16,0
IWM190920P155,2019-09-18,2019-09-18 09:33:15,0.51,1.0408,56,0.5,1.0204,21,0.48,0.9795,1,0.505,1.0306,16,0
IWM190920P155,2019-09-18,2019-09-18 09:33:16,0.5,1.0204,15,0.49,1.0,74,0.48,0.9795,1,0.495,1.0102,16,0
IWM190920P155,2019-09-18,2019-09-18 09:33:16,0.51,1.0408,58,0.5,1.0204,21,0.48,0.9795,1,0.505,1.0306,16,0
IWM190920P155,2019-09-18,2019-09-18 09:33:17,0.5,1.0204,15,0.49,1.0,213,0.48,0.9795,1,0.495,1.0102,16,0
IWM190920P155,2019-09-18,2019-09-18 09:33:17,0.5,1.0204,15,0.49,1.0,235,0.48,0.9795,1,0.495,1.0102,16,0
IWM190920P155,2019-09-18,2019-09-18 09:33:18,0.5,1.0204,15,0.49,1.0,179,0.48,0.9795,1,0.495,1.0102,16,0
IWM190920P155,2019-09-18,2019-09-18 09:33:18,0.5,1.0204,15,0.49,1.0,287,0.48,0.9795,1,0.495,1.0102,16,0
IWM190920P155,2019-09-18,2019-09-18 09:33:19,0.5,1.0204,15,0.49,1.0,264,0.48,0.9795,1,0.495,1.0102,16,0
IWM190920P155,2019-09-18,2019-09-18 09:33:19,0.5,1.0204,15,0.49,1.0,209,0.48,0.9795,1,0.495,1.0102,16,0
IWM190920P155,2019-09-18,2019-09-18 09:33:20,0.5,1.0204,28,0.49,1.0,158,0.48,0.9795,1,0.495,1.0102,16,0
IWM190920P155,2019-09-18,2019-09-18 09:33:20,0.5,1.0204,15,0.49,1.0,158,0.48,0.9795,1,0.495,1.0102,16,0
IWM190920P155,2019-09-18,2019-09-18 09:33:21,0.5,1.0204,19,0.49,1.0,29,0.48,0.9795,1,0.495,1.0102,16,0
IWM190920P155,2019-09-18,2019-09-18 09:33:21,0.5,1.0204,28,0.49,1.0,158,0.48,0.9795,1,0.495,1.0102,16,0
IWM190920P155,2019-09-18,2019-09-18 09:33:22,0.5,1.0204,3,0.49,1.0,108,0.48,0.9795,1,0.495,1.0102,16,0
IWM190920P155,2019-09-18,2019-09-18 09:33:22,0.51,1.0408,133,0.49,1.0,209,0.48,0.9795,1,0.5,1.0204,16,0
IWM190920P155,2019-09-18,2019-09-18 09:33:23,0.51,1.0408,165,0.49,1.0,209,0.48,0.9795,1,0.5,1.0204,16,0
IWM190920P155,2019-09-18,2019-09-18 09:33:23,0.5,1.0204,10,0.49,1.0,22,0.48,0.9795,1,0.495,1.0102,16,0
IWM190920P155,2019-09-18,2019-09-18 09:33:24,0.5,1.0204,10,0.49,1.0,29,0.48,0.9795,1,0.495,1.0102,16,0
IWM190920P155,2019-09-18,2019-09-18 09:33:25,0.5,1.0204,10,0.49,1.0,179,0.48,0.9795,1,0.495,1.0102,16,0
IWM190920P155,2019-09-18,2019-09-18 09:33:25,0.5,1.0204,10,0.49,1.0,194,0.48,0.9795,1,0.495,1.0102,16,0
IWM190920P155,2019-09-18,2019-09-18 09:33:26,0.5,1.0204,10,0.49,1.0,249,0.48,0.9795,1,0.495,1.0102,16,0
IWM190920P155,2019-09-18,2019-09-18 09:33:26,0.5,1.0204,10,0.49,1.0,283,0.48,0.9795,1,0.495,1.0102,16,0
IWM190920P155,2019-09-18,2019-09-18 09:33:27,0.51,1.0408,134,0.5,1.0204,28,0.48,0.9795,1,0.505,1.0306,16,0
IWM190920P155,2019-09-18,2019-09-18 09:33:27,0.5,1.0204,1,0.49,1.0,66,0.48,0.9795,1,0.495,1.0102,16,0
IWM190920P155,2019-09-18,2019-09-18 09:33:28,0.51,1.0408,253,0.5,1.0204,19,0.48,0.9795,1,0.505,1.0306,16,0
IWM190920P155,2019-09-18,2019-09-18 09:33:28,0.51,1.0408,253,0.49,1.0,44,0.48,0.9795,1,0.5,1.0204,16,0
IWM190920P155,2019-09-18,2019-09-18 09:33:29,0.51,1.0408,253,0.49,1.0,26,0.48,0.9795,1,0.5,1.0204,16,0
IWM190920P155,2019-09-18,2019-09-18 09:33:29,0.51,1.0408,253,0.49,1.0,29,0.48,0.9795,1,0.5,1.0204,16,0
IWM190920P155,2019-09-18,2019-09-18 09:33:30,0.5,1.0204,98,0.49,1.0,28,0.48,0.9795,1,0.495,1.0102,16,0
IWM190920P155,2019-09-18,2019-09-18 09:33:30,0.5,1.0204,73,0.49,1.0,26,0.48,0.9795,1,0.495,1.0102,16,0
IWM190920P155,2019-09-18,2019-09-18 09:33:31,0.5,1.0204,157,0.49,1.0,21,0.48,0.9795,1,0.495,1.0102,16,0
IWM190920P155,2019-09-18,2019-09-18 09:33:31,0.5,1.0204,205,0.49,1.0,28,0.48,0.9795,1,0.495,1.0102,16,0
IWM190920P155,2019-09-18,2019-09-18 09:33:32,0.5,1.0204,157,0.49,1.0,7,0.48,0.9795,1,0.495,1.0102,16,0
IWM190920P155,2019-09-18,2019-09-18 09:33:33,0.5,1.0204,157,0.49,1.0,24,0.48,0.9795,1,0.495,1.0102,16,0
IWM190920P155,2019-09-18,2019-09-18 09:33:34,0.5,1.0204,157,0.49,1.0,25,0.48,0.9795,1,0.495,1.0102,16,0
IWM190920P155,2019-09-18,2019-09-18 09:33:34,0.5,1.0204,157,0.49,1.0,43,0.48,0.9795,1,0.495,1.0102,16,0
IWM190920P155,2019-09-18,2019-09-18 09:33:35,0.5,1.0204,152,0.48,0.9795,42,0.48,0.9795,1,0.49,1.0,16,0
IWM190920P155,2019-09-18,2019-09-18 09:33:35,0.5,1.0204,152,0.49,1.0,25,0.48,0.9795,1,0.495,1.0102,16,0
IWM190920P155,2019-09-18,2019-09-18 09:33:36,0.5,1.0204,246,0.48,0.9795,261,0.48,0.9795,1,0.49,1.0,16,0
IWM190920P155,2019-09-18,2019-09-18 09:33:36,0.5,1.0204,246,0.48,0.9795,172,0.48,0.9795,1,0.49,1.0,16,0
IWM190920P155,2019-09-18,2019-09-18 09:33:37,0.5,1.0204,13,0.49,1.0,173,0.48,0.9795,1,0.495,1.0102,16,0
IWM190920P155,2019-09-18,2019-09-18 09:33:37,0.5,1.0204,25,0.49,1.0,127,0.48,0.9795,1,0.495,1.0102,16,0
IWM190920P155,2019-09-18,2019-09-18 09:33:38,0.5,1.0204,13,0.49,1.0,138,0.48,0.9795,1,0.495,1.0102,16,0
IWM190920P155,2019-09-18,2019-09-18 09:33:39,0.5,1.0204,13,0.49,1.0,28,0.48,0.9795,1,0.495,1.0102,16,0
IWM190920P155,2019-09-18,2019-09-18 09:33:39,0.5,1.0204,13,0.49,1.0,138,0.48,0.9795,1,0.495,1.0102,16,0
IWM190920P155,2019-09-18,2019-09-18 09:33:40,0.5,1.0204,93,0.49,1.0,28,0.48,0.9795,1,0.495,1.0102,16,0
IWM190920P155,2019-09-18,2019-09-18 09:33:40,0.5,1.0204,54,0.49,1.0,28,0.48,0.9795,1,0.495,1.0102,16,0
IWM190920P155,2019-09-18,2019-09-18 09:33:41,0.5,1.0204,146,0.49,1.0,28,0.48,0.9795,1,0.495,1.0102,16,0
IWM190920P155,2019-09-18,2019-09-18 09:33:41,0.5,1.0204,194,0.49,1.0,28,0.48,0.9795,1,0.495,1.0102,16,0
IWM190920P155,2019-09-18,2019-09-18 09:33:42,0.5,1.0204,165,0.49,1.0,22,0.48,0.9795,1,0.495,1.0102,16,0
IWM190920P155,2019-09-18,2019-09-18 09:33:42,0.5,1.0204,165,0.49,1.0,28,0.48,0.9795,1,0.495,1.0102,16,0
IWM190920P155,2019-09-18,2019-09-18 09:33:43,0.5,1.0204,81,0.49,1.0,22,0.48,0.9795,1,0.495,1.0102,16,0
IWM190920P155,2019-09-18,2019-09-18 09:33:44,0.5,1.0204,81,0.49,1.0,36,0.48,0.9795,1,0.495,1.0102,16,0
IWM190920P155,2019-09-18,2019-09-18 09:33:44,0.5,1.0204,81,0.49,1.0,22,0.48,0.9795,1,0.495,1.0102,16,0
IWM190920P155,2019-09-18,2019-09-18 09:33:45,0.5,1.0204,81,0.49,1.0,36,0.48,0.9795,1,0.495,1.0102,16,0
IWM190920P155,2019-09-18,2019-09-18 09:33:45,0.5,1.0204,81,0.49,1.0,46,0.48,0.9795,1,0.495,1.0102,16,0
IWM190920P155,2019-09-18,2019-09-18 09:33:46,0.5,1.0204,81,0.49,1.0,46,0.48,0.9795,1,0.495,1.0102,16,0
IWM190920P155,2019-09-18,2019-09-18 09:33:46,0.5,1.0204,12,0.49,1.0,144,0.48,0.9795,1,0.495,1.0102,16,0
IWM190920P155,2019-09-18,2019-09-18 09:33:47,0.51,1.0408,176,0.49,1.0,315,0.48,0.9795,1,0.5,1.0204,16,0
IWM190920P155,2019-09-18,2019-09-18 09:33:47,0.51,1.0408,176,0.49,1.0,253,0.48,0.9795,1,0.5,1.0204,16,0
IWM190920P155,2019-09-18,2019-09-18 09:33:48,0.51,1.0408,176,0.49,1.0,205,0.48,0.9795,1,0.5,1.0204,16,0
IWM190920P155,2019-09-18,2019-09-18 09:33:48,0.51,1.0408,176,0.49,1.0,107,0.48,0.9795,1,0.5,1.0204,16,0
IWM190920P155,2019-09-18,2019-09-18 09:33:49,0.51,1.0408,176,0.49,1.0,239,0.48,0.9795,1,0.5,1.0204,16,0
IWM190920P155,2019-09-18,2019-09-18 09:33:49,0.51,1.0408,176,0.49,1.0,189,0.48,0.9795,1,0.5,1.0204,16,0
IWM190920P155,2019-09-18,2019-09-18 09:33:50,0.5,1.0204,10,0.49,1.0,272,0.48,0.9795,1,0.495,1.0102,16,0
IWM190920P155,2019-09-18,2019-09-18 09:33:51,0.5,1.0204,1,0.49,1.0,289,0.48,0.9795,1,0.495,1.0102,16,0
IWM190920P155,2019-09-18,2019-09-18 09:33:51,0.5,1.0204,1,0.49,1.0,220,0.48,0.9795,1,0.495,1.0102,16,0
IWM190920P155,2019-09-18,2019-09-18 09:33:52,0.5,1.0204,1,0.49,1.0,28,0.48,0.9795,1,0.495,1.0102,16,0
IWM190920P155,2019-09-18,2019-09-18 09:33:52,0.5,1.0204,14,0.49,1.0,25,0.48,0.9795,1,0.495,1.0102,16,0
IWM190920P155,2019-09-18,2019-09-18 09:33:53,0.5,1.0204,1,0.49,1.0,117,0.48,0.9795,1,0.495,1.0102,16,0
IWM190920P155,2019-09-18,2019-09-18 09:33:53,0.5,1.0204,1,0.49,1.0,149,0.48,0.9795,1,0.495,1.0102,16,0
IWM190920P155,2019-09-18,2019-09-18 09:33:54,0.5,1.0204,27,0.49,1.0,178,0.48,0.9795,1,0.495,1.0102,16,0
IWM190920P155,2019-09-18,2019-09-18 09:33:55,0.5,1.0204,27,0.49,1.0,178,0.48,0.9795,1,0.495,1.0102,16,0
IWM190920P155,2019-09-18,2019-09-18 09:33:55,0.5,1.0204,27,0.49,1.0,216,0.48,0.9795,1,0.495,1.0102,16,0
IWM190920P155,2019-09-18,2019-09-18 09:33:56,0.5,1.0204,27,0.49,1.0,29,0.48,0.9795,1,0.495,1.0102,16,0
IWM190920P155,2019-09-18,2019-09-18 09:33:56,0.5,1.0204,27,0.49,1.0,46,0.48,0.9795,1,0.495,1.0102,16,0
IWM190920P155,2019-09-18,2019-09-18 09:33:57,0.5,1.0204,27,0.49,1.0,306,0.48,0.9795,1,0.495,1.0102,16,0
IWM190920P155,2019-09-18,2019-09-18 09:33:57,0.5,1.0204,27,0.49,1.0,276,0.48,0.9795,1,0.495,1.0102,16,0
IWM190920P155,2019-09-18,2019-09-18 09:33:58,0.51,1.0408,38,0.5,1.0204,148,0.48,0.9795,1,0.505,1.0306,16,0
IWM190920P155,2019-09-18,2019-09-18 09:33:58,0.5,1.0204,27,0.49,1.0,114,0.48,0.9795,1,0.495,1.0102,16,0
IWM190920P155,2019-09-18,2019-09-18 09:33:59,0.51,1.0408,38,0.5,1.0204,126,0.48,0.9795,1,0.505,1.0306,16,0
IWM190920P155,2019-09-18,2019-09-18 09:33:59,0.51,1.0408,45,0.5,1.0204,126,0.48,0.9795,1,0.505,1.0306,16,0
IWM190920P155,2019-09-18,2019-09-18 09:34:00,0.51,1.0408,45,0.5,1.0204,126,0.48,0.9795,1,0.505,1.0306,16,0
IWM190920P155,2019-09-18,2019-09-18 09:34:00,0.51,1.0408,34,0.5,1.0204,126,0.48,0.9795,1,0.505,1.0306,16,0
IWM190920P155,2019-09-18,2019-09-18 09:34:01,0.51,1.0408,8,0.5,1.0204,21,0.48,0.9795,1,0.505,1.0306,16,0
IWM190920P155,2019-09-18,2019-09-18 09:34:01,0.51,1.0408,8,0.5,1.0204,48,0.48,0.9795,1,0.505,1.0306,16,0
IWM190920P155,2019-09-18,2019-09-18 09:34:02,0.51,1.0408,8,0.5,1.0204,36,0.48,0.9795,1,0.505,1.0306,16,0
IWM190920P155,2019-09-18,2019-09-18 09:34:02,0.51,1.0408,8,0.5,1.0204,21,0.48,0.9795,1,0.505,1.0306,16,0
IWM190920P155,2019-09-18,2019-09-18 09:34:03,0.53,1.0816,161,0.51,1.0408,19,0.48,0.9795,1,0.52,1.0612,16,0
IWM190920P155,2019-09-18,2019-09-18 09:34:03,0.51,1.0408,8,0.51,1.0408,19,0.48,0.9795,1,0.51,1.0408,16,0
IWM190920P155,2019-09-18,2019-09-18 09:34:04,0.53,1.0816,71,0.52,1.0612,19,0.48,0.9795,1,0.525,1.0714,16,0
IWM190920P155,2019-09-18,2019-09-18 09:34:04,0.53,1.0816,96,0.51,1.0408,21,0.48,0.9795,1,0.52,1.0612,16,0
IWM190920P155,2019-09-18,2019-09-18 09:34:05,0.53,1.0816,3,0.52,1.0612,19,0.48,0.9795,1,0.525,1.0714,16,0
IWM190920P155,2019-09-18,2019-09-18 09:34:05,0.53,1.0816,3,0.52,1.0612,21,0.48,0.9795,1,0.525,1.0714,16,0
IWM190920P155,2019-09-18,2019-09-18 09:34:06,0.53,1.0816,3,0.52,1.0612,21,0.48,0.9795,1,0.525,1.0714,16,0
IWM190920P155,2019-09-18,2019-09-18 09:34:07,0.53,1.0816,3,0.52,1.0612,21,0.48,0.9795,1,0.525,1.0714,16,0
IWM190920P155,2019-09-18,2019-09-18 09:34:08,0.53,1.0816,32,0.52,1.0612,21,0.48,0.9795,1,0.525,1.0714,16,0
IWM190920P155,2019-09-18,2019-09-18 09:34:08,0.53,1.0816,23,0.52,1.0612,19,0.48,0.9795,1,0.525,1.0714,16,0
IWM190920P155,2019-09-18,2019-09-18 09:34:09,0.53,1.0816,23,0.52,1.0612,64,0.48,0.9795,1,0.525,1.0714,16,0
IWM190920P155,2019-09-18,2019-09-18 09:34:10,0.53,1.0816,43,0.52,1.0612,64,0.48,0.9795,1,0.525,1.0714,16,0
IWM190920P155,2019-09-18,2019-09-18 09:34:10,0.53,1.0816,74,0.51,1.0408,555,0.48,0.9795,1,0.52,1.0612,16,0
IWM190920P155,2019-09-18,2019-09-18 09:34:11,0.53,1.0816,156,0.51,1.0408,404,0.48,0.9795,1,0.52,1.0612,16,0
IWM190920P155,2019-09-18,2019-09-18 09:34:11,0.53,1.0816,109,0.51,1.0408,418,0.48,0.9795,1,0.52,1.0612,16,0
IWM190920P155,2019-09-18,2019-09-18 09:34:12,0.53,1.0816,109,0.51,1.0408,418,0.48,0.9795,1,0.52,1.0612,16,0
IWM190920P155,2019-09-18,2019-09-18 09:34:12,0.53,1.0816,102,0.51,1.0408,21,0.48,0.9795,1,0.52,1.0612,16,0
IWM190920P155,2019-09-18,2019-09-18 09:34:13,0.52,1.0612,1,0.51,1.0408,21,0.48,0.9795,1,0.515,1.051,16,0
IWM190920P155,2019-09-18,2019-09-18 09:34:13,0.53,1.0816,203,0.52,1.0612,19,0.48,0.9795,1,0.525,1.0714,16,0
IWM190920P155,2019-09-18,2019-09-18 09:34:14,0.53,1.0816,170,0.51,1.0408,30,0.48,0.9795,1,0.52,1.0612,16,0
IWM190920P155,2019-09-18,2019-09-18 09:34:14,0.53,1.0816,153,0.51,1.0408,22,0.48,0.9795,1,0.52,1.0612,16,0
IWM190920P155,2019-09-18,2019-09-18 09:34:15,0.53,1.0816,177,0.51,1.0408,30,0.48,0.9795,1,0.52,1.0612,16,0
IWM190920P155,2019-09-18,2019-09-18 09:34:15,0.53,1.0816,96,0.52,1.0612,21,0.48,0.9795,1,0.525,1.0714,16,0
IWM190920P155,2019-09-18,2019-09-18 09:34:16,0.53,1.0816,239,0.52,1.0612,19,0.48,0.9795,1,0.525,1.0714,16,0
IWM190920P155,2019-09-18,2019-09-18 09:34:16,0.53,1.0816,96,0.52,1.0612,19,0.48,0.9795,1,0.525,1.0714,16,0
IWM190920P155,2019-09-18,2019-09-18 09:34:17,0.53,1.0816,117,0.51,1.0408,516,0.48,0.9795,1,0.52,1.0612,16,0
IWM190920P155,2019-09-18,2019-09-18 09:34:17,0.53,1.0816,239,0.51,1.0408,516,0.48,0.9795,1,0.52,1.0612,16,0
IWM190920P155,2019-09-18,2019-09-18 09:34:18,0.53,1.0816,28,0.52,1.0612,21,0.48,0.9795,1,0.525,1.0714,16,0
IWM190920P155,2019-09-18,2019-09-18 09:34:19,0.53,1.0816,28,0.52,1.0612,48,0.48,0.9795,1,0.525,1.0714,16,0
IWM190920P155,2019-09-18,2019-09-18 09:34:19,0.53,1.0816,28,0.52,1.0612,24,0.48,0.9795,1,0.525,1.0714,16,0
IWM190920P155,2019-09-18,2019-09-18 09:34:20,0.53,1.0816,28,0.52,1.0612,24,0.48,0.9795,1,0.525,1.0714,16,0
IWM190920P155,2019-09-18,2019-09-18 09:34:20,0.53,1.0816,28,0.52,1.0612,98,0.48,0.9795,1,0.525,1.0714,16,0
IWM190920P155,2019-09-18,2019-09-18 09:34:21,0.53,1.0816,28,0.52,1.0612,21,0.48,0.9795,1,0.525,1.0714,16,0
IWM190920P155,2019-09-18,2019-09-18 09:34:21,0.53,1.0816,28,0.52,1.0612,113,0.48,0.9795,1,0.525,1.0714,16,0
IWM190920P155,2019-09-18,2019-09-18 09:34:22,0.53,1.0816,147,0.51,1.0408,60,0.48,0.9795,1,0.52,1.0612,16,0
IWM190920P155,2019-09-18,2019-09-18 09:34:22,0.53,1.0816,147,0.51,1.0408,61,0.48,0.9795,1,0.52,1.0612,16,0
IWM190920P155,2019-09-18,2019-09-18 09:34:23,0.53,1.0816,147,0.51,1.0408,60,0.48,0.9795,1,0.52,1.0612,16,0
IWM190920P155,2019-09-18,2019-09-18 09:34:23,0.53,1.0816,173,0.51,1.0408,60,0.48,0.9795,1,0.52,1.0612,16,0
IWM190920P155,2019-09-18,2019-09-18 09:34:24,0.53,1.0816,146,0.51,1.0408,60,0.48,0.9795,1,0.52,1.0612,16,0
IWM190920P155,2019-09-18,2019-09-18 09:34:25,0.53,1.0816,147,0.51,1.0408,216,0.48,0.9795,1,0.52,1.0612,16,0
IWM190920P155,2019-09-18,2019-09-18 09:34:25,0.53,1.0816,132,0.51,1.0408,60,0.48,0.9795,1,0.52,1.0612,16,0
IWM190920P155,2019-09-18,2019-09-18 09:34:26,0.53,1.0816,225,0.51,1.0408,207,0.48,0.9795,1,0.52,1.0612,16,0
IWM190920P155,2019-09-18,2019-09-18 09:34:26,0.53,1.0816,228,0.51,1.0408,205,0.48,0.9795,1,0.52,1.0612,16,0
IWM190920P155,2019-09-18,2019-09-18 09:34:27,0.53,1.0816,115,0.51,1.0408,205,0.48,0.9795,1,0.52,1.0612,16,0
IWM190920P155,2019-09-18,2019-09-18 09:34:27,0.53,1.0816,107,0.52,1.0612,21,0.48,0.9795,1,0.525,1.0714,16,0
IWM190920P155,2019-09-18,2019-09-18 09:34:28,0.53,1.0816,107,0.52,1.0612,21,0.48,0.9795,1,0.525,1.0714,16,0
IWM190920P155,2019-09-18,2019-09-18 09:34:29,0.53,1.0816,107,0.52,1.0612,21,0.48,0.9795,1,0.525,1.0714,16,0
IWM190920P155,2019-09-18,2019-09-18 09:34:30,0.53,1.0816,10,0.52,1.0612,21,0.48,0.9795,1,0.525,1.0714,16,0
IWM190920P155,2019-09-18,2019-09-18 09:34:31,0.53,1.0816,42,0.52,1.0612,21,0.48,0.9795,1,0.525,1.0714,16,0
IWM190920P155,2019-09-18,2019-09-18 09:34:31,0.53,1.0816,92,0.51,1.0408,410,0.48,0.9795,1,0.52,1.0612,16,0
IWM190920P155,2019-09-18,2019-09-18 09:34:32,0.53,1.0816,6,0.52,1.0612,21,0.48,0.9795,1,0.525,1.0714,16,0
IWM190920P155,2019-09-18,2019-09-18 09:34:32,0.53,1.0816,45,0.52,1.0612,21,0.48,0.9795,1,0.525,1.0714,16,0
IWM190920P155,2019-09-18,2019-09-18 09:34:33,0.54,1.102,248,0.52,1.0612,26,0.48,0.9795,1,0.53,1.0816,16,0
IWM190920P155,2019-09-18,2019-09-18 09:34:33,0.53,1.0816,6,0.52,1.0612,26,0.48,0.9795,1,0.525,1.0714,16,0
IWM190920P155,2019-09-18,2019-09-18 09:34:34,0.54,1.102,324,0.52,1.0612,26,0.48,0.9795,1,0.53,1.0816,16,0
IWM190920P155,2019-09-18,2019-09-18 09:34:34,0.54,1.102,395,0.52,1.0612,19,0.48,0.9795,1,0.53,1.0816,16,0
IWM190920P155,2019-09-18,2019-09-18 09:34:35,0.53,1.0816,4,0.52,1.0612,21,0.48,0.9795,1,0.525,1.0714,16,0
IWM190920P155,2019-09-18,2019-09-18 09:34:35,0.53,1.0816,23,0.52,1.0612,21,0.48,0.9795,1,0.525,1.0714,16,0
IWM190920P155,2019-09-18,2019-09-18 09:34:36,0.53,1.0816,4,0.52,1.0612,21,0.48,0.9795,1,0.525,1.0714,16,0
IWM190920P155,2019-09-18,2019-09-18 09:34:37,0.54,1.102,183,0.53,1.0816,19,0.48,0.9795,1,0.535,1.0918,16,0
IWM190920P155,2019-09-18,2019-09-18 09:34:38,0.54,1.102,116,0.53,1.0816,19,0.48,0.9795,1,0.535,1.0918,16,0
IWM190920P155,2019-09-18,2019-09-18 09:34:39,0.54,1.102,116,0.53,1.0816,19,0.48,0.9795,1,0.535,1.0918,16,0
IWM190920P155,2019-09-18,2019-09-18 09:34:39,0.54,1.102,116,0.53,1.0816,21,0.48,0.9795,1,0.535,1.0918,16,0
IWM190920P155,2019-09-18,2019-09-18 09:34:40,0.54,1.102,116,0.53,1.0816,21,0.48,0.9795,1,0.535,1.0918,16,0
IWM190920P155,2019-09-18,2019-09-18 09:34:40,0.54,1.102,55,0.53,1.0816,21,0.48,0.9795,1,0.535,1.0918,16,0
IWM190920P155,2019-09-18,2019-09-18 09:34:41,0.54,1.102,55,0.51,1.0408,210,0.48,0.9795,1,0.525,1.0714,16,0
IWM190920P155,2019-09-18,2019-09-18 09:34:41,0.54,1.102,55,0.53,1.0816,21,0.48,0.9795,1,0.535,1.0918,16,0
IWM190920P155,2019-09-18,2019-09-18 09:34:42,0.53,1.0816,10,0.51,1.0408,366,0.48,0.9795,1,0.52,1.0612,16,0
IWM190920P155,2019-09-18,2019-09-18 09:34:42,0.53,1.0816,52,0.52,1.0612,19,0.48,0.9795,1,0.525,1.0714,16,0
IWM190920P155,2019-09-18,2019-09-18 09:34:43,0.53,1.0816,52,0.52,1.0612,10,0.48,0.9795,1,0.525,1.0714,16,0
IWM190920P155,2019-09-18,2019-09-18 09:34:43,0.53,1.0816,52,0.52,1.0612,23,0.48,0.9795,1,0.525,1.0714,16,0
IWM190920P155,2019-09-18,2019-09-18 09:34:44,0.53,1.0816,16,0.52,1.0612,64,0.48,0.9795,1,0.525,1.0714,16,0
IWM190920P155,2019-09-18,2019-09-18 09:34:45,0.53,1.0816,10,0.52,1.0612,23,0.48,0.9795,1,0.525,1.0714,16,0
IWM190920P155,2019-09-18,2019-09-18 09:34:46,0.53,1.0816,10,0.52,1.0612,23,0.48,0.9795,1,0.525,1.0714,16,0
IWM190920P155,2019-09-18,2019-09-18 09:34:47,0.53,1.0816,10,0.52,1.0612,23,0.48,0.9795,1,0.525,1.0714,16,0
IWM190920P155,2019-09-18,2019-09-18 09:34:48,0.53,1.0816,10,0.52,1.0612,58,0.48,0.9795,1,0.525,1.0714,16,0
IWM190920P155,2019-09-18,2019-09-18 09:34:49,0.53,1.0816,1,0.52,1.0612,23,0.48,0.9795,1,0.525,1.0714,16,0
IWM190920P155,2019-09-18,2019-09-18 09:34:50,0.53,1.0816,1,0.52,1.0612,23,0.48,0.9795,1,0.525,1.0714,16,0
IWM190920P155,2019-09-18,2019-09-18 09:34:51,0.53,1.0816,1,0.52,1.0612,23,0.48,0.9795,1,0.525,1.0714,16,0
IWM190920P155,2019-09-18,2019-09-18 09:34:51,0.53,1.0816,13,0.52,1.0612,23,0.48,0.9795,1,0.525,1.0714,16,0
IWM190920P155,2019-09-18,2019-09-18 09:34:52,0.53,1.0816,14,0.52,1.0612,58,0.48,0.9795,1,0.525,1.0714,16,0
IWM190920P155,2019-09-18,2019-09-18 09:34:52,0.53,1.0816,10,0.52,1.0612,23,0.48,0.9795,1,0.525,1.0714,16,0
IWM190920P155,2019-09-18,2019-09-18 09:34:53,0.53,1.0816,14,0.52,1.0612,23,0.48,0.9795,1,0.525,1.0714,16,0
IWM190920P155,2019-09-18,2019-09-18 09:34:53,0.54,1.102,160,0.52,1.0612,29,0.48,0.9795,1,0.53,1.0816,16,0
IWM190920P155,2019-09-18,2019-09-18 09:34:54,0.54,1.102,132,0.52,1.0612,119,0.48,0.9795,1,0.53,1.0816,16,0
IWM190920P155,2019-09-18,2019-09-18 09:34:54,0.54,1.102,132,0.53,1.0816,22,0.48,0.9795,1,0.535,1.0918,16,0
IWM190920P155,2019-09-18,2019-09-18 09:34:55,0.54,1.102,10,0.52,1.0612,1386,0.48,0.9795,1,0.53,1.0816,16,0
IWM190920P155,2019-09-18,2019-09-18 09:34:55,0.54,1.102,71,0.53,1.0816,22,0.48,0.9795,1,0.535,1.0918,16,0
IWM190920P155,2019-09-18,2019-09-18 09:34:56,0.54,1.102,10,0.53,1.0816,22,0.48,0.9795,1,0.535,1.0918,16,0
IWM190920P155,2019-09-18,2019-09-18 09:34:56,0.54,1.102,10,0.53,1.0816,201,0.48,0.9795,1,0.535,1.0918,16,0
IWM190920P155,2019-09-18,2019-09-18 09:34:57,0.54,1.102,10,0.53,1.0816,201,0.48,0.9795,1,0.535,1.0918,16,0
IWM190920P155,2019-09-18,2019-09-18 09:34:58,0.54,1.102,10,0.54,1.102,19,0.48,0.9795,1,0.54,1.102,16,0
IWM190920P155,2019-09-18,2019-09-18 09:34:58,0.55,1.1224,113,0.54,1.102,10,0.48,0.9795,1,0.545,1.1122,16,0
IWM190920P155,2019-09-18,2019-09-18 09:34:59,0.55,1.1224,168,0.53,1.0816,422,0.48,0.9795,1,0.54,1.102,16,0
IWM190920P155,2019-09-18,2019-09-18 09:34:59,0.55,1.1224,161,0.53,1.0816,402,0.48,0.9795,1,0.54,1.102,16,0
IWM190920P155,2019-09-18,2019-09-18 09:35:00,0.55,1.1224,198,0.53,1.0816,422,0.48,0.9795,1,0.54,1.102,16,0
IWM190920P155,2019-09-18,2019-09-18 09:35:00,0.55,1.1224,212,0.53,1.0816,323,0.48,0.9795,1,0.54,1.102,16,0
IWM190920P155,2019-09-18,2019-09-18 09:35:01,0.55,1.1224,3,0.54,1.102,158,0.48,0.9795,1,0.545,1.1122,16,0
IWM190920P155,2019-09-18,2019-09-18 09:35:01,0.55,1.1224,76,0.54,1.102,113,0.48,0.9795,1,0.545,1.1122,16,0
IWM190920P155,2019-09-18,2019-09-18 09:35:02,0.55,1.1224,23,0.54,1.102,75,0.48,0.9795,1,0.545,1.1122,16,0
IWM190920P155,2019-09-18,2019-09-18 09:35:02,0.55,1.1224,23,0.54,1.102,23,0.48,0.9795,1,0.545,1.1122,16,0
IWM190920P155,2019-09-18,2019-09-18 09:35:03,0.55,1.1224,79,0.54,1.102,19,0.48,0.9795,1,0.545,1.1122,16,0
IWM190920P155,2019-09-18,2019-09-18 09:35:03,0.55,1.1224,63,0.54,1.102,23,0.48,0.9795,1,0.545,1.1122,16,0
IWM190920P155,2019-09-18,2019-09-18 09:35:04,0.55,1.1224,38,0.54,1.102,23,0.48,0.9795,1,0.545,1.1122,16,0
IWM190920P155,2019-09-18,2019-09-18 09:35:04,0.55,1.1224,3,0.54,1.102,23,0.48,0.9795,1,0.545,1.1122,16,0
IWM190920P155,2019-09-18,2019-09-18 09:35:05,0.55,1.1224,3,0.54,1.102,300,0.48,0.9795,1,0.545,1.1122,16,0
IWM190920P155,2019-09-18,2019-09-18 09:35:05,0.55,1.1224,10,0.54,1.102,23,0.48,0.9795,1,0.545,1.1122,16,0
IWM190920P155,2019-09-18,2019-09-18 09:35:06,0.55,1.1224,3,0.54,1.102,439,0.48,0.9795,1,0.545,1.1122,16,0
IWM190920P155,2019-09-18,2019-09-18 09:35:06,0.55,1.1224,3,0.54,1.102,574,0.48,0.9795,1,0.545,1.1122,16,0
IWM190920P155,2019-09-18,2019-09-18 09:35:07,0.55,1.1224,33,0.54,1.102,19,0.48,0.9795,1,0.545,1.1122,16,0
IWM190920P155,2019-09-18,2019-09-18 09:35:08,0.55,1.1224,46,0.53,1.0816,406,0.48,0.9795,1,0.54,1.102,16,0
IWM190920P155,2019-09-18,2019-09-18 09:35:08,0.55,1.1224,22,0.54,1.102,19,0.48,0.9795,1,0.545,1.1122,16,0
IWM190920P155,2019-09-18,2019-09-18 09:35:09,0.55,1.1224,224,0.53,1.0816,70,0.48,0.9795,1,0.54,1.102,16,0
IWM190920P155,2019-09-18,2019-09-18 09:35:09,0.55,1.1224,165,0.53,1.0816,25,0.48,0.9795,1,0.54,1.102,16,0
IWM190920P155,2019-09-18,2019-09-18 09:35:10,0.54,1.102,12,0.53,1.0816,19,0.48,0.9795,1,0.535,1.0918,16,0
IWM190920P155,2019-09-18,2019-09-18 09:35:10,0.53,1.0816,4,0.52,1.0612,23,0.48,0.9795,1,0.525,1.0714,16,0
IWM190920P155,2019-09-18,2019-09-18 09:35:11,0.54,1.102,12,0.53,1.0816,23,0.48,0.9795,1,0.535,1.0918,16,0
IWM190920P155,2019-09-18,2019-09-18 09:35:12,0.54,1.102,12,0.53,1.0816,23,0.48,0.9795,1,0.535,1.0918,16,0
IWM190920P155,2019-09-18,2019-09-18 09:35:12,0.54,1.102,12,0.52,1.0612,227,0.48,0.9795,1,0.53,1.0816,16,0
IWM190920P155,2019-09-18,2019-09-18 09:35:13,0.54,1.102,90,0.52,1.0612,47,0.48,0.9795,1,0.53,1.0816,16,0
IWM190920P155,2019-09-18,2019-09-18 09:35:14,0.54,1.102,12,0.52,1.0612,47,0.48,0.9795,1,0.53,1.0816,16,0
IWM190920P155,2019-09-18,2019-09-18 09:35:14,0.54,1.102,12,0.53,1.0816,86,0.48,0.9795,1,0.535,1.0918,16,0
IWM190920P155,2019-09-18,2019-09-18 09:35:15,0.54,1.102,12,0.53,1.0816,22,0.48,0.9795,1,0.535,1.0918,16,0
IWM190920P155,2019-09-18,2019-09-18 09:35:15,0.54,1.102,12,0.52,1.0612,247,0.48,0.9795,1,0.53,1.0816,16,0
IWM190920P155,2019-09-18,2019-09-18 09:35:16,0.54,1.102,31,0.52,1.0612,571,0.48,0.9795,1,0.53,1.0816,16,0
IWM190920P155,2019-09-18,2019-09-18 09:35:16,0.54,1.102,31,0.52,1.0612,53,0.48,0.9795,1,0.53,1.0816,16,0
IWM190920P155,2019-09-18,2019-09-18 09:35:17,0.54,1.102,31,0.52,1.0612,261,0.48,0.9795,1,0.53,1.0816,16,0
IWM190920P155,2019-09-18,2019-09-18 09:35:17,0.54,1.102,31,0.52,1.0612,241,0.48,0.9795,1,0.53,1.0816,16,0
IWM190920P155,2019-09-18,2019-09-18 09:35:18,0.54,1.102,31,0.52,1.0612,337,0.48,0.9795,1,0.53,1.0816,16,0
IWM190920P155,2019-09-18,2019-09-18 09:35:19,0.54,1.102,31,0.52,1.0612,363,0.48,0.9795,1,0.53,1.0816,16,0
IWM190920P155,2019-09-18,2019-09-18 09:35:20,0.54,1.102,31,0.52,1.0612,387,0.48,0.9795,1,0.53,1.0816,16,0
IWM190920P155,2019-09-18,2019-09-18 09:35:20,0.54,1.102,31,0.52,1.0612,363,0.48,0.9795,1,0.53,1.0816,16,0
IWM190920P155,2019-09-18,2019-09-18 09:35:21,0.54,1.102,12,0.53,1.0816,23,0.48,0.9795,1,0.535,1.0918,16,0
IWM190920P155,2019-09-18,2019-09-18 09:35:21,0.54,1.102,16,0.52,1.0612,387,0.48,0.9795,1,0.53,1.0816,16,0
IWM190920P155,2019-09-18,2019-09-18 09:35:22,0.55,1.1224,43,0.53,1.0816,32,0.48,0.9795,1,0.54,1.102,16,0
IWM190920P155,2019-09-18,2019-09-18 09:35:23,0.55,1.1224,43,0.53,1.0816,32,0.48,0.9795,1,0.54,1.102,16,0
IWM190920P155,2019-09-18,2019-09-18 09:35:24,0.55,1.1224,43,0.53,1.0816,32,0.48,0.9795,1,0.54,1.102,16,0
IWM190920P155,2019-09-18,2019-09-18 09:35:24,0.56,1.1428,10,0.54,1.102,184,0.48,0.9795,1,0.55,1.1224,16,0
IWM190920P155,2019-09-18,2019-09-18 09:35:25,0.56,1.1428,10,0.54,1.102,190,0.48,0.9795,1,0.55,1.1224,16,0
IWM190920P155,2019-09-18,2019-09-18 09:35:25,0.56,1.1428,10,0.54,1.102,288,0.48,0.9795,1,0.55,1.1224,16,0
IWM190920P155,2019-09-18,2019-09-18 09:35:26,0.56,1.1428,10,0.55,1.1224,19,0.48,0.9795,1,0.555,1.1326,16,0
IWM190920P155,2019-09-18,2019-09-18 09:35:26,0.56,1.1428,194,0.54,1.102,153,0.48,0.9795,1,0.55,1.1224,16,0
IWM190920P155,2019-09-18,2019-09-18 09:35:27,0.56,1.1428,398,0.54,1.102,19,0.48,0.9795,1,0.55,1.1224,16,0
IWM190920P155,2019-09-18,2019-09-18 09:35:27,0.56,1.1428,251,0.54,1.102,19,0.48,0.9795,1,0.55,1.1224,16,0
IWM190920P155,2019-09-18,2019-09-18 09:35:28,0.55,1.1224,100,0.53,1.0816,204,0.48,0.9795,1,0.54,1.102,16,0
IWM190920P155,2019-09-18,2019-09-18 09:35:28,0.54,1.102,10,0.53,1.0816,204,0.48,0.9795,1,0.535,1.0918,16,0
IWM190920P155,2019-09-18,2019-09-18 09:35:29,0.55,1.1224,166,0.53,1.0816,204,0.48,0.9795,1,0.54,1.102,16,0
IWM190920P155,2019-09-18,2019-09-18 09:35:29,0.55,1.1224,69,0.54,1.102,75,0.48,0.9795,1,0.545,1.1122,16,0
IWM190920P155,2019-09-18,2019-09-18 09:35:30,0.55,1.1224,33,0.54,1.102,184,0.48,0.9795,1,0.545,1.1122,16,0
IWM190920P155,2019-09-18,2019-09-18 09:35:30,0.55,1.1224,47,0.54,1.102,143,0.48,0.9795,1,0.545,1.1122,16,0
IWM190920P155,2019-09-18,2019-09-18 09:35:31,0.55,1.1224,201,0.53,1.0816,34,0.48,0.9795,1,0.54,1.102,16,0
IWM190920P155,2019-09-18,2019-09-18 09:35:32,0.55,1.1224,206,0.53,1.0816,49,0.48,0.9795,1,0.54,1.102,16,0
IWM190920P155,2019-09-18,2019-09-18 09:35:32,0.55,1.1224,75,0.53,1.0816,49,0.48,0.9795,1,0.54,1.102,16,0
IWM190920P155,2019-09-18,2019-09-18 09:35:33,0.55,1.1224,75,0.54,1.102,22,0.48,0.9795,1,0.545,1.1122,16,0
IWM190920P155,2019-09-18,2019-09-18 09:35:33,0.55,1.1224,35,0.54,1.102,22,0.48,0.9795,1,0.545,1.1122,16,0
IWM190920P155,2019-09-18,2019-09-18 09:35:34,0.55,1.1224,35,0.54,1.102,22,0.48,0.9795,1,0.545,1.1122,16,0
IWM190920P155,2019-09-18,2019-09-18 09:35:35,0.55,1.1224,35,0.54,1.102,22,0.48,0.9795,1,0.545,1.1122,16,0
IWM190920P155,2019-09-18,2019-09-18 09:35:35,0.55,1.1224,77,0.54,1.102,22,0.48,0.9795,1,0.545,1.1122,16,0
IWM190920P155,2019-09-18,2019-09-18 09:35:36,0.55,1.1224,37,0.54,1.102,22,0.48,0.9795,1,0.545,1.1122,16,0
IWM190920P155,2019-09-18,2019-09-18 09:35:37,0.55,1.1224,37,0.54,1.102,19,0.48,0.9795,1,0.545,1.1122,16,0
IWM190920P155,2019-09-18,2019-09-18 09:35:37,0.55,1.1224,37,0.54,1.102,22,0.48,0.9795,1,0.545,1.1122,16,0
IWM190920P155,2019-09-18,2019-09-18 09:35:38,0.55,1.1224,48,0.54,1.102,22,0.48,0.9795,1,0.545,1.1122,16,0
IWM190920P155,2019-09-18,2019-09-18 09:35:38,0.55,1.1224,79,0.54,1.102,10,0.48,0.9795,1,0.545,1.1122,16,0
IWM190920P155,2019-09-18,2019-09-18 09:35:39,0.55,1.1224,267,0.53,1.0816,94,0.48,0.9795,1,0.54,1.102,16,0
IWM190920P155,2019-09-18,2019-09-18 09:35:39,0.55,1.1224,103,0.54,1.102,22,0.48,0.9795,1,0.545,1.1122,16,0
IWM190920P155,2019-09-18,2019-09-18 09:35:40,0.55,1.1224,310,0.53,1.0816,104,0.48,0.9795,1,0.54,1.102,16,0
IWM190920P155,2019-09-18,2019-09-18 09:35:40,0.55,1.1224,267,0.53,1.0816,94,0.48,0.9795,1,0.54,1.102,16,0
IWM190920P155,2019-09-18,2019-09-18 09:35:41,0.55,1.1224,285,0.53,1.0816,117,0.48,0.9795,1,0.54,1.102,16,0
IWM190920P155,2019-09-18,2019-09-18 09:35:42,0.55,1.1224,285,0.53,1.0816,135,0.48,0.9795,1,0.54,1.102,16,0
IWM190920P155,2019-09-18,2019-09-18 09:35:42,0.55,1.1224,187,0.53,1.0816,59,0.48,0.9795,1,0.54,1.102,16,0
IWM190920P155,2019-09-18,2019-09-18 09:35:43,0.53,1.0816,11,0.52,1.0612,36,0.48,0.9795,1,0.525,1.0714,16,0
IWM190920P155,2019-09-18,2019-09-18 09:35:44,0.53,1.0816,11,0.52,1.0612,190,0.48,0.9795,1,0.525,1.0714,16,0
IWM190920P155,2019-09-18,2019-09-18 09:35:45,0.53,1.0816,3,0.52,1.0612,47,0.48,0.9795,1,0.525,1.0714,16,0
IWM190920P155,2019-09-18,2019-09-18 09:35:45,0.53,1.0816,11,0.52,1.0612,190,0.48,0.9795,1,0.525,1.0714,16,0
IWM190920P155,2019-09-18,2019-09-18 09:35:46,0.53,1.0816,3,0.52,1.0612,155,0.48,0.9795,1,0.525,1.0714,16,0
IWM190920P155,2019-09-18,2019-09-18 09:35:46,0.53,1.0816,3,0.52,1.0612,144,0.48,0.9795,1,0.525,1.0714,16,0
IWM190920P155,2019-09-18,2019-09-18 09:35:47,0.53,1.0816,3,0.52,1.0612,162,0.48,0.9795,1,0.525,1.0714,16,0
IWM190920P155,2019-09-18,2019-09-18 09:35:47,0.54,1.102,56,0.53,1.0816,111,0.48,0.9795,1,0.535,1.0918,16,0
IWM190920P155,2019-09-18,2019-09-18 09:35:48,0.54,1.102,101,0.53,1.0816,22,0.48,0.9795,1,0.535,1.0918,16,0
IWM190920P155,2019-09-18,2019-09-18 09:35:48,0.54,1.102,76,0.53,1.0816,22,0.48,0.9795,1,0.535,1.0918,16,0
IWM190920P155,2019-09-18,2019-09-18 09:35:49,0.54,1.102,101,0.53,1.0816,22,0.48,0.9795,1,0.535,1.0918,16,0
IWM190920P155,2019-09-18,2019-09-18 09:35:49,0.55,1.1224,52,0.53,1.0816,22,0.48,0.9795,1,0.54,1.102,16,0
IWM190920P155,2019-09-18,2019-09-18 09:35:50,0.54,1.102,94,0.53,1.0816,22,0.48,0.9795,1,0.535,1.0918,16,0
IWM190920P155,2019-09-18,2019-09-18 09:35:50,0.54,1.102,84,0.53,1.0816,26,0.48,0.9795,1,0.535,1.0918,16,0
IWM190920P155,2019-09-18,2019-09-18 09:35:51,0.55,1.1224,66,0.53,1.0816,72,0.48,0.9795,1,0.54,1.102,16,0
IWM190920P155,2019-09-18,2019-09-18 09:35:52,0.55,1.1224,66,0.53,1.0816,75,0.48,0.9795,1,0.54,1.102,16,0
IWM190920P155,2019-09-18,2019-09-18 09:35:52,0.55,1.1224,66,0.53,1.0816,31,0.48,0.9795,1,0.54,1.102,16,0
IWM190920P155,2019-09-18,2019-09-18 09:35:53,0.54,1.102,170,0.53,1.0816,75,0.48,0.9795,1,0.535,1.0918,16,0
IWM190920P155,2019-09-18,2019-09-18 09:35:53,0.54,1.102,104,0.53,1.0816,75,0.48,0.9795,1,0.535,1.0918,16,0
IWM190920P155,2019-09-18,2019-09-18 09:35:54,0.54,1.102,170,0.53,1.0816,23,0.48,0.9795,1,0.535,1.0918,16,0
IWM190920P155,2019-09-18,2019-09-18 09:35:54,0.54,1.102,170,0.53,1.0816,19,0.48,0.9795,1,0.535,1.0918,16,0
IWM190920P155,2019-09-18,2019-09-18 09:35:55,0.54,1.102,170,0.52,1.0612,197,0.48,0.9795,1,0.53,1.0816,16,0
IWM190920P155,2019-09-18,2019-09-18 09:35:55,0.53,1.0816,11,0.52,1.0612,382,0.48,0.9795,1,0.525,1.0714,16,0
IWM190920P155,2019-09-18,2019-09-18 09:35:56,0.54,1.102,100,0.52,1.0612,382,0.48,0.9795,1,0.53,1.0816,16,0
IWM190920P155,2019-09-18,2019-09-18 09:35:56,0.54,1.102,91,0.52,1.0612,382,0.48,0.9795,1,0.53,1.0816,16,0
IWM190920P155,2019-09-18,2019-09-18 09:35:57,0.54,1.102,3,0.53,1.0816,275,0.48,0.9795,1,0.535,1.0918,16,0
IWM190920P155,2019-09-18,2019-09-18 09:35:57,0.54,1.102,77,0.52,1.0612,382,0.48,0.9795,1,0.53,1.0816,16,0
IWM190920P155,2019-09-18,2019-09-18 09:35:58,0.54,1.102,3,0.53,1.0816,274,0.48,0.9795,1,0.535,1.0918,16,0
IWM190920P155,2019-09-18,2019-09-18 09:35:58,0.54,1.102,3,0.53,1.0816,23,0.48,0.9795,1,0.535,1.0918,16,0
IWM190920P155,2019-09-18,2019-09-18 09:35:59,0.54,1.102,3,0.53,1.0816,23,0.48,0.9795,1,0.535,1.0918,16,0
IWM190920P155,2019-09-18,2019-09-18 09:36:00,0.54,1.102,2,0.53,1.0816,211,0.48,0.9795,1,0.535,1.0918,16,0
IWM190920P155,2019-09-18,2019-09-18 09:36:00,0.54,1.102,3,0.53,1.0816,23,0.48,0.9795,1,0.535,1.0918,16,0
IWM190920P155,2019-09-18,2019-09-18 09:36:01,0.54,1.102,3,0.53,1.0816,21,0.48,0.9795,1,0.535,1.0918,16,0
IWM190920P155,2019-09-18,2019-09-18 09:36:01,0.54,1.102,28,0.53,1.0816,190,0.48,0.9795,1,0.535,1.0918,16,0
IWM190920P155,2019-09-18,2019-09-18 09:36:02,0.54,1.102,3,0.53,1.0816,422,0.48,0.9795,1,0.535,1.0918,16,0
IWM190920P155,2019-09-18,2019-09-18 09:36:02,0.54,1.102,3,0.53,1.0816,744,0.48,0.9795,1,0.535,1.0918,16,0
IWM190920P155,2019-09-18,2019-09-18 09:36:03,0.54,1.102,3,0.53,1.0816,870,0.48,0.9795,1,0.535,1.0918,16,0
IWM190920P155,2019-09-18,2019-09-18 09:36:03,0.55,1.1224,25,0.54,1.102,127,0.54,1.102,1,0.545,1.1122,18,2
IWM190920P155,2019-09-18,2019-09-18 09:36:04,0.55,1.1224,115,0.53,1.0816,561,0.54,1.102,1,0.54,1.102,18,0
IWM190920P155,2019-09-18,2019-09-18 09:36:05,0.55,1.1224,115,0.53,1.0816,322,0.54,1.102,1,0.54,1.102,18,0
IWM190920P155,2019-09-18,2019-09-18 09:36:05,0.55,1.1224,88,0.54,1.102,80,0.54,1.102,1,0.545,1.1122,18,0
IWM190920P155,2019-09-18,2019-09-18 09:36:06,0.55,1.1224,35,0.54,1.102,72,0.54,1.102,1,0.545,1.1122,18,0
IWM190920P155,2019-09-18,2019-09-18 09:36:06,0.55,1.1224,49,0.54,1.102,27,0.54,1.102,1,0.545,1.1122,18,0
IWM190920P155,2019-09-18,2019-09-18 09:36:07,0.55,1.1224,78,0.54,1.102,24,0.54,1.102,1,0.545,1.1122,18,0
IWM190920P155,2019-09-18,2019-09-18 09:36:07,0.55,1.1224,60,0.54,1.102,24,0.54,1.102,1,0.545,1.1122,18,0
IWM190920P155,2019-09-18,2019-09-18 09:36:08,0.55,1.1224,88,0.54,1.102,24,0.54,1.102,1,0.545,1.1122,18,0
IWM190920P155,2019-09-18,2019-09-18 09:36:08,0.55,1.1224,76,0.54,1.102,20,0.54,1.102,1,0.545,1.1122,18,0
IWM190920P155,2019-09-18,2019-09-18 09:36:09,0.55,1.1224,76,0.54,1.102,20,0.54,1.102,1,0.545,1.1122,18,0
IWM190920P155,2019-09-18,2019-09-18 09:36:10,0.55,1.1224,60,0.54,1.102,27,0.54,1.102,1,0.545,1.1122,18,0
IWM190920P155,2019-09-18,2019-09-18 09:36:10,0.55,1.1224,60,0.54,1.102,158,0.54,1.102,1,0.545,1.1122,18,0
IWM190920P155,2019-09-18,2019-09-18 09:36:11,0.55,1.1224,60,0.54,1.102,158,0.54,1.102,1,0.545,1.1122,18,0
IWM190920P155,2019-09-18,2019-09-18 09:36:12,0.55,1.1224,5,0.54,1.102,252,0.54,1.102,1,0.545,1.1122,18,0
IWM190920P155,2019-09-18,2019-09-18 09:36:13,0.55,1.1224,5,0.54,1.102,166,0.54,1.102,1,0.545,1.1122,18,0
IWM190920P155,2019-09-18,2019-09-18 09:36:14,0.55,1.1224,5,0.54,1.102,166,0.54,1.102,1,0.545,1.1122,18,0
IWM190920P155,2019-09-18,2019-09-18 09:36:14,0.55,1.1224,10,0.54,1.102,23,0.54,1.102,1,0.545,1.1122,18,0
IWM190920P155,2019-09-18,2019-09-18 09:36:15,0.54,1.102,1,0.53,1.0816,245,0.54,1.102,1,0.535,1.0918,18,0
IWM190920P155,2019-09-18,2019-09-18 09:36:15,0.55,1.1224,10,0.54,1.102,27,0.54,1.102,1,0.545,1.1122,18,0
IWM190920P155,2019-09-18,2019-09-18 09:36:16,0.54,1.102,10,0.53,1.0816,429,0.54,1.102,1,0.535,1.0918,18,0
IWM190920P155,2019-09-18,2019-09-18 09:36:16,0.54,1.102,10,0.53,1.0816,39,0.54,1.102,1,0.535,1.0918,18,0
IWM190920P155,2019-09-18,2019-09-18 09:36:17,0.54,1.102,89,0.53,1.0816,20,0.54,1.102,1,0.535,1.0918,18,0
IWM190920P155,2019-09-18,2019-09-18 09:36:17,0.54,1.102,120,0.52,1.0612,397,0.54,1.102,1,0.53,1.0816,18,0
IWM190920P155,2019-09-18,2019-09-18 09:36:18,0.54,1.102,120,0.52,1.0612,385,0.54,1.102,1,0.53,1.0816,18,0
IWM190920P155,2019-09-18,2019-09-18 09:36:19,0.54,1.102,335,0.52,1.0612,202,0.54,1.102,1,0.53,1.0816,18,0
IWM190920P155,2019-09-18,2019-09-18 09:36:19,0.54,1.102,314,0.52,1.0612,116,0.54,1.102,1,0.53,1.0816,18,0
IWM190920P155,2019-09-18,2019-09-18 09:36:20,0.54,1.102,241,0.52,1.0612,267,0.54,1.102,1,0.53,1.0816,18,0
IWM190920P155,2019-09-18,2019-09-18 09:36:21,0.54,1.102,241,0.52,1.0612,267,0.54,1.102,1,0.53,1.0816,18,0
IWM190920P155,2019-09-18,2019-09-18 09:36:21,0.54,1.102,196,0.52,1.0612,267,0.54,1.102,1,0.53,1.0816,18,0
IWM190920P155,2019-09-18,2019-09-18 09:36:22,0.54,1.102,247,0.52,1.0612,187,0.54,1.102,1,0.53,1.0816,18,0
IWM190920P155,2019-09-18,2019-09-18 09:36:22,0.54,1.102,337,0.52,1.0612,113,0.54,1.102,1,0.53,1.0816,18,0
IWM190920P155,2019-09-18,2019-09-18 09:36:23,0.53,1.0816,39,0.52,1.0612,14,0.54,1.102,1,0.525,1.0714,18,0
IWM190920P155,2019-09-18,2019-09-18 09:36:23,0.54,1.102,375,0.52,1.0612,198,0.54,1.102,1,0.53,1.0816,18,0
IWM190920P155,2019-09-18,2019-09-18 09:36:24,0.53,1.0816,39,0.51,1.0408,64,0.54,1.102,1,0.52,1.0612,18,0
IWM190920P155,2019-09-18,2019-09-18 09:36:24,0.53,1.0816,39,0.51,1.0408,222,0.54,1.102,1,0.52,1.0612,18,0
IWM190920P155,2019-09-18,2019-09-18 09:36:25,0.52,1.0612,36,0.51,1.0408,6,0.54,1.102,1,0.515,1.051,18,0
IWM190920P155,2019-09-18,2019-09-18 09:36:25,0.52,1.0612,80,0.5,1.0204,63,0.54,1.102,1,0.51,1.0408,18,0
IWM190920P155,2019-09-18,2019-09-18 09:36:26,0.52,1.0612,95,0.51,1.0408,78,0.54,1.102,1,0.515,1.051,18,0
IWM190920P155,2019-09-18,2019-09-18 09:36:26,0.52,1.0612,84,0.51,1.0408,23,0.54,1.102,1,0.515,1.051,18,0
IWM190920P155,2019-09-18,2019-09-18 09:36:27,0.52,1.0612,135,0.5,1.0204,310,0.54,1.102,1,0.51,1.0408,18,0
IWM190920P155,2019-09-18,2019-09-18 09:36:27,0.52,1.0612,103,0.51,1.0408,19,0.54,1.102,1,0.515,1.051,18,0
IWM190920P155,2019-09-18,2019-09-18 09:36:28,0.52,1.0612,100,0.51,1.0408,19,0.54,1.102,1,0.515,1.051,18,0
IWM190920P155,2019-09-18,2019-09-18 09:36:28,0.52,1.0612,130,0.51,1.0408,16,0.54,1.102,1,0.515,1.051,18,0
IWM190920P155,2019-09-18,2019-09-18 09:36:29,0.52,1.0612,130,0.51,1.0408,16,0.54,1.102,1,0.515,1.051,18,0
IWM190920P155,2019-09-18,2019-09-18 09:36:30,0.52,1.0612,130,0.51,1.0408,72,0.54,1.102,1,0.515,1.051,18,0
IWM190920P155,2019-09-18,2019-09-18 09:36:31,0.52,1.0612,7,0.51,1.0408,26,0.54,1.102,1,0.515,1.051,18,0
IWM190920P155,2019-09-18,2019-09-18 09:36:32,0.52,1.0612,7,0.51,1.0408,165,0.54,1.102,1,0.515,1.051,18,0
IWM190920P155,2019-09-18,2019-09-18 09:36:32,0.52,1.0612,7,0.51,1.0408,19,0.54,1.102,1,0.515,1.051,18,0
IWM190920P155,2019-09-18,2019-09-18 09:36:33,0.52,1.0612,110,0.5,1.0204,702,0.54,1.102,1,0.51,1.0408,18,0
IWM190920P155,2019-09-18,2019-09-18 09:36:33,0.52,1.0612,10,0.51,1.0408,229,0.54,1.102,1,0.515,1.051,18,0
IWM190920P155,2019-09-18,2019-09-18 09:36:34,0.52,1.0612,1,0.51,1.0408,527,0.54,1.102,1,0.515,1.051,18,0
IWM190920P155,2019-09-18,2019-09-18 09:36:34,0.52,1.0612,14,0.51,1.0408,229,0.54,1.102,1,0.515,1.051,18,0
IWM190920P155,2019-09-18,2019-09-18 09:36:35,0.52,1.0612,10,0.51,1.0408,53,0.54,1.102,1,0.515,1.051,18,0
IWM190920P155,2019-09-18,2019-09-18 09:36:35,0.52,1.0612,10,0.51,1.0408,220,0.54,1.102,1,0.515,1.051,18,0
IWM190920P155,2019-09-18,2019-09-18 09:36:36,0.52,1.0612,10,0.51,1.0408,220,0.54,1.102,1,0.515,1.051,18,0
IWM190920P155,2019-09-18,2019-09-18 09:36:37,0.52,1.0612,10,0.51,1.0408,187,0.54,1.102,1,0.515,1.051,18,0
IWM190920P155,2019-09-18,2019-09-18 09:36:37,0.52,1.0612,10,0.51,1.0408,351,0.54,1.102,1,0.515,1.051,18,0
IWM190920P155,2019-09-18,2019-09-18 09:36:38,0.52,1.0612,100,0.51,1.0408,187,0.54,1.102,1,0.515,1.051,18,0
IWM190920P155,2019-09-18,2019-09-18 09:36:39,0.52,1.0612,100,0.51,1.0408,187,0.54,1.102,1,0.515,1.051,18,0
IWM190920P155,2019-09-18,2019-09-18 09:36:39,0.52,1.0612,48,0.51,1.0408,219,0.54,1.102,1,0.515,1.051,18,0
IWM190920P155,2019-09-18,2019-09-18 09:36:40,0.52,1.0612,16,0.51,1.0408,669,0.52,1.0612,2,0.515,1.051,20,0
IWM190920P155,2019-09-18,2019-09-18 09:36:40,0.52,1.0612,16,0.51,1.0408,847,0.52,1.0612,2,0.515,1.051,20,2
IWM190920P155,2019-09-18,2019-09-18 09:36:41,0.52,1.0612,33,0.51,1.0408,519,0.52,1.0612,2,0.515,1.051,20,0
IWM190920P155,2019-09-18,2019-09-18 09:36:41,0.52,1.0612,33,0.51,1.0408,519,0.52,1.0612,1,0.515,1.051,23,3
IWM190920P155,2019-09-18,2019-09-18 09:36:42,0.53,1.0816,100,0.52,1.0612,304,0.52,1.0612,3,0.525,1.0714,38,0
IWM190920P155,2019-09-18,2019-09-18 09:36:42,0.53,1.0816,168,0.52,1.0612,233,0.52,1.0612,3,0.525,1.0714,38,15
IWM190920P155,2019-09-18,2019-09-18 09:36:43,0.53,1.0816,211,0.51,1.0408,265,0.52,1.0612,3,0.52,1.0612,38,0
IWM190920P155,2019-09-18,2019-09-18 09:36:43,0.53,1.0816,163,0.52,1.0612,187,0.52,1.0612,3,0.525,1.0714,38,0
IWM190920P155,2019-09-18,2019-09-18 09:36:44,0.52,1.0612,45,0.51,1.0408,386,0.52,1.0612,3,0.515,1.051,38,0
IWM190920P155,2019-09-18,2019-09-18 09:36:44,0.52,1.0612,45,0.51,1.0408,282,0.52,1.0612,3,0.515,1.051,38,0
IWM190920P155,2019-09-18,2019-09-18 09:36:45,0.52,1.0612,77,0.51,1.0408,386,0.52,1.0612,3,0.515,1.051,38,0
IWM190920P155,2019-09-18,2019-09-18 09:36:45,0.52,1.0612,29,0.51,1.0408,764,0.52,1.0612,3,0.515,1.051,38,0
IWM190920P155,2019-09-18,2019-09-18 09:36:46,0.52,1.0612,15,0.51,1.0408,942,0.52,1.0612,3,0.515,1.051,38,0
IWM190920P155,2019-09-18,2019-09-18 09:36:46,0.52,1.0612,29,0.51,1.0408,749,0.52,1.0612,3,0.515,1.051,38,0
IWM190920P155,2019-09-18,2019-09-18 09:36:47,0.53,1.0816,80,0.52,1.0612,499,0.52,1.0612,1,0.525,1.0714,40,0
IWM190920P155,2019-09-18,2019-09-18 09:36:47,0.52,1.0612,11,0.52,1.0612,310,0.52,1.0612,1,0.52,1.0612,40,2
IWM190920P155,2019-09-18,2019-09-18 09:36:48,0.53,1.0816,144,0.52,1.0612,23,0.52,1.0612,1,0.525,1.0714,40,0
IWM190920P155,2019-09-18,2019-09-18 09:36:48,0.53,1.0816,155,0.52,1.0612,106,0.52,1.0612,1,0.525,1.0714,40,0
IWM190920P155,2019-09-18,2019-09-18 09:36:49,0.53,1.0816,182,0.52,1.0612,20,0.52,1.0612,1,0.525,1.0714,40,0
IWM190920P155,2019-09-18,2019-09-18 09:36:49,0.53,1.0816,145,0.52,1.0612,23,0.52,1.0612,1,0.525,1.0714,40,0
IWM190920P155,2019-09-18,2019-09-18 09:36:50,0.53,1.0816,182,0.52,1.0612,19,0.52,1.0612,1,0.525,1.0714,40,0
IWM190920P155,2019-09-18,2019-09-18 09:36:51,0.53,1.0816,11,0.52,1.0612,586,0.52,1.0612,1,0.525,1.0714,40,0
IWM190920P155,2019-09-18,2019-09-18 09:36:52,0.54,1.102,73,0.53,1.0816,44,0.52,1.0612,1,0.535,1.0918,40,0
IWM190920P155,2019-09-18,2019-09-18 09:36:52,0.53,1.0816,10,0.52,1.0612,448,0.52,1.0612,1,0.525,1.0714,40,0
IWM190920P155,2019-09-18,2019-09-18 09:36:53,0.54,1.102,145,0.53,1.0816,262,0.52,1.0612,1,0.535,1.0918,40,0
IWM190920P155,2019-09-18,2019-09-18 09:36:53,0.54,1.102,145,0.53,1.0816,167,0.52,1.0612,1,0.535,1.0918,40,0
IWM190920P155,2019-09-18,2019-09-18 09:36:54,0.54,1.102,145,0.53,1.0816,262,0.52,1.0612,1,0.535,1.0918,40,0
IWM190920P155,2019-09-18,2019-09-18 09:36:54,0.54,1.102,204,0.53,1.0816,31,0.52,1.0612,1,0.535,1.0918,40,0
IWM190920P155,2019-09-18,2019-09-18 09:36:55,0.54,1.102,3,0.53,1.0816,304,0.52,1.0612,1,0.535,1.0918,40,0
IWM190920P155,2019-09-18,2019-09-18 09:36:55,0.54,1.102,3,0.53,1.0816,198,0.52,1.0612,1,0.535,1.0918,40,0
IWM190920P155,2019-09-18,2019-09-18 09:36:56,0.54,1.102,3,0.53,1.0816,391,0.52,1.0612,1,0.535,1.0918,40,0
IWM190920P155,2019-09-18,2019-09-18 09:36:57,0.54,1.102,3,0.53,1.0816,198,0.52,1.0612,1,0.535,1.0918,40,0
IWM190920P155,2019-09-18,2019-09-18 09:36:57,0.54,1.102,3,0.53,1.0816,391,0.52,1.0612,1,0.535,1.0918,40,0
IWM190920P155,2019-09-18,2019-09-18 09:36:58,0.54,1.102,3,0.53,1.0816,579,0.52,1.0612,1,0.535,1.0918,40,0
IWM190920P155,2019-09-18,2019-09-18 09:36:58,0.54,1.102,3,0.53,1.0816,453,0.52,1.0612,1,0.535,1.0918,40,0
IWM190920P155,2019-09-18,2019-09-18 09:36:59,0.54,1.102,71,0.52,1.0612,254,0.52,1.0612,1,0.53,1.0816,40,0
IWM190920P155,2019-09-18,2019-09-18 09:36:59,0.54,1.102,3,0.53,1.0816,453,0.52,1.0612,1,0.535,1.0918,40,0
IWM190920P155,2019-09-18,2019-09-18 09:37:00,0.54,1.102,23,0.53,1.0816,305,0.52,1.0612,1,0.535,1.0918,40,0
IWM190920P155,2019-09-18,2019-09-18 09:37:00,0.54,1.102,105,0.53,1.0816,80,0.52,1.0612,1,0.535,1.0918,40,0
IWM190920P155,2019-09-18,2019-09-18 09:37:01,0.55,1.1224,191,0.54,1.102,34,0.52,1.0612,1,0.545,1.1122,40,0
IWM190920P155,2019-09-18,2019-09-18 09:37:01,0.55,1.1224,181,0.54,1.102,34,0.52,1.0612,1,0.545,1.1122,40,0
IWM190920P155,2019-09-18,2019-09-18 09:37:02,0.55,1.1224,65,0.54,1.102,15,0.52,1.0612,1,0.545,1.1122,40,0
IWM190920P155,2019-09-18,2019-09-18 09:37:02,0.55,1.1224,181,0.54,1.102,15,0.52,1.0612,1,0.545,1.1122,40,0
IWM190920P155,2019-09-18,2019-09-18 09:37:03,0.55,1.1224,97,0.54,1.102,15,0.52,1.0612,1,0.545,1.1122,40,0
IWM190920P155,2019-09-18,2019-09-18 09:37:03,0.55,1.1224,129,0.54,1.102,15,0.52,1.0612,1,0.545,1.1122,40,0
IWM190920P155,2019-09-18,2019-09-18 09:37:04,0.56,1.1428,197,0.54,1.102,403,0.52,1.0612,1,0.55,1.1224,40,0
IWM190920P155,2019-09-18,2019-09-18 09:37:04,0.56,1.1428,197,0.54,1.102,328,0.52,1.0612,1,0.55,1.1224,40,0
IWM190920P155,2019-09-18,2019-09-18 09:37:05,0.55,1.1224,172,0.53,1.0816,448,0.52,1.0612,1,0.54,1.102,40,0
IWM190920P155,2019-09-18,2019-09-18 09:37:05,0.56,1.1428,147,0.54,1.102,19,0.52,1.0612,1,0.55,1.1224,40,0
IWM190920P155,2019-09-18,2019-09-18 09:37:06,0.55,1.1224,57,0.54,1.102,40,0.52,1.0612,1,0.545,1.1122,40,0
IWM190920P155,2019-09-18,2019-09-18 09:37:06,0.55,1.1224,109,0.54,1.102,40,0.52,1.0612,1,0.545,1.1122,40,0
IWM190920P155,2019-09-18,2019-09-18 09:37:07,0.55,1.1224,145,0.53,1.0816,223,0.52,1.0612,1,0.54,1.102,40,0
IWM190920P155,2019-09-18,2019-09-18 09:37:07,0.55,1.1224,109,0.54,1.102,24,0.52,1.0612,1,0.545,1.1122,40,0
IWM190920P155,2019-09-18,2019-09-18 09:37:08,0.55,1.1224,292,0.53,1.0816,124,0.52,1.0612,1,0.54,1.102,40,0
IWM190920P155,2019-09-18,2019-09-18 09:37:09,0.55,1.1224,292,0.53,1.0816,72,0.52,1.0612,1,0.54,1.102,40,0
IWM190920P155,2019-09-18,2019-09-18 09:37:09,0.54,1.102,76,0.52,1.0612,375,0.52,1.0612,1,0.53,1.0816,40,0
IWM190920P155,2019-09-18,2019-09-18 09:37:10,0.54,1.102,76,0.53,1.0816,187,0.52,1.0612,1,0.535,1.0918,40,0
IWM190920P155,2019-09-18,2019-09-18 09:37:11,0.54,1.102,76,0.53,1.0816,187,0.52,1.0612,1,0.535,1.0918,40,0
IWM190920P155,2019-09-18,2019-09-18 09:37:12,0.55,1.1224,138,0.53,1.0816,192,0.52,1.0612,1,0.54,1.102,40,0
IWM190920P155,2019-09-18,2019-09-18 09:37:13,0.55,1.1224,138,0.53,1.0816,192,0.52,1.0612,1,0.54,1.102,40,0
IWM190920P155,2019-09-18,2019-09-18 09:37:14,0.55,1.1224,146,0.53,1.0816,192,0.52,1.0612,1,0.54,1.102,40,0
IWM190920P155,2019-09-18,2019-09-18 09:37:14,0.55,1.1224,138,0.53,1.0816,192,0.52,1.0612,1,0.54,1.102,40,0
IWM190920P155,2019-09-18,2019-09-18 09:37:15,0.55,1.1224,146,0.53,1.0816,192,0.52,1.0612,1,0.54,1.102,40,0
IWM190920P155,2019-09-18,2019-09-18 09:37:15,0.55,1.1224,146,0.53,1.0816,168,0.52,1.0612,1,0.54,1.102,40,0
IWM190920P155,2019-09-18,2019-09-18 09:37:16,0.54,1.102,58,0.53,1.0816,122,0.52,1.0612,1,0.535,1.0918,40,0
IWM190920P155,2019-09-18,2019-09-18 09:37:16,0.55,1.1224,269,0.53,1.0816,122,0.52,1.0612,1,0.54,1.102,40,0
IWM190920P155,2019-09-18,2019-09-18 09:37:17,0.54,1.102,58,0.53,1.0816,208,0.52,1.0612,1,0.535,1.0918,40,0
IWM190920P155,2019-09-18,2019-09-18 09:37:18,0.55,1.1224,122,0.53,1.0816,237,0.52,1.0612,1,0.54,1.102,40,0
IWM190920P155,2019-09-18,2019-09-18 09:37:18,0.54,1.102,58,0.53,1.0816,208,0.52,1.0612,1,0.535,1.0918,40,0
IWM190920P155,2019-09-18,2019-09-18 09:37:19,0.55,1.1224,122,0.53,1.0816,308,0.52,1.0612,1,0.54,1.102,40,0
IWM190920P155,2019-09-18,2019-09-18 09:37:19,0.55,1.1224,138,0.53,1.0816,270,0.52,1.0612,1,0.54,1.102,40,0
IWM190920P155,2019-09-18,2019-09-18 09:37:20,0.55,1.1224,284,0.53,1.0816,122,0.52,1.0612,1,0.54,1.102,40,0
IWM190920P155,2019-09-18,2019-09-18 09:37:20,0.55,1.1224,306,0.53,1.0816,122,0.52,1.0612,1,0.54,1.102,40,0
IWM190920P155,2019-09-18,2019-09-18 09:37:21,0.54,1.102,10,0.53,1.0816,64,0.52,1.0612,1,0.535,1.0918,40,0
IWM190920P155,2019-09-18,2019-09-18 09:37:21,0.55,1.1224,126,0.53,1.0816,122,0.52,1.0612,1,0.54,1.102,40,0
IWM190920P155,2019-09-18,2019-09-18 09:37:22,0.55,1.1224,56,0.53,1.0816,232,0.52,1.0612,1,0.54,1.102,40,0
IWM190920P155,2019-09-18,2019-09-18 09:37:23,0.55,1.1224,56,0.53,1.0816,232,0.52,1.0612,1,0.54,1.102,40,0
IWM190920P155,2019-09-18,2019-09-18 09:37:24,0.55,1.1224,56,0.53,1.0816,232,0.52,1.0612,1,0.54,1.102,40,0
IWM190920P155,2019-09-18,2019-09-18 09:37:25,0.55,1.1224,56,0.53,1.0816,232,0.52,1.0612,1,0.54,1.102,40,0
IWM190920P155,2019-09-18,2019-09-18 09:37:25,0.54,1.102,15,0.53,1.0816,232,0.52,1.0612,1,0.535,1.0918,40,0
IWM190920P155,2019-09-18,2019-09-18 09:37:26,0.54,1.102,15,0.53,1.0816,232,0.52,1.0612,1,0.535,1.0918,40,0
IWM190920P155,2019-09-18,2019-09-18 09:37:27,0.55,1.1224,150,0.53,1.0816,127,0.52,1.0612,1,0.54,1.102,40,0
IWM190920P155,2019-09-18,2019-09-18 09:37:28,0.55,1.1224,116,0.53,1.0816,120,0.52,1.0612,1,0.54,1.102,40,0
IWM190920P155,2019-09-18,2019-09-18 09:37:28,0.55,1.1224,161,0.53,1.0816,120,0.52,1.0612,1,0.54,1.102,40,0
IWM190920P155,2019-09-18,2019-09-18 09:37:29,0.54,1.102,15,0.53,1.0816,51,0.52,1.0612,1,0.535,1.0918,40,0
IWM190920P155,2019-09-18,2019-09-18 09:37:29,0.54,1.102,252,0.52,1.0612,102,0.52,1.0612,1,0.53,1.0816,40,0
IWM190920P155,2019-09-18,2019-09-18 09:37:30,0.54,1.102,299,0.52,1.0612,54,0.52,1.0612,1,0.53,1.0816,40,0
IWM190920P155,2019-09-18,2019-09-18 09:37:31,0.54,1.102,236,0.52,1.0612,107,0.52,1.0612,1,0.53,1.0816,40,0
IWM190920P155,2019-09-18,2019-09-18 09:37:32,0.54,1.102,236,0.52,1.0612,48,0.52,1.0612,1,0.53,1.0816,40,0
IWM190920P155,2019-09-18,2019-09-18 09:37:33,0.53,1.0816,89,0.51,1.0408,83,0.52,1.0612,1,0.52,1.0612,40,0
IWM190920P155,2019-09-18,2019-09-18 09:37:33,0.53,1.0816,89,0.52,1.0612,6,0.52,1.0612,1,0.525,1.0714,40,0
IWM190920P155,2019-09-18,2019-09-18 09:37:34,0.53,1.0816,89,0.51,1.0408,114,0.52,1.0612,1,0.52,1.0612,40,0
IWM190920P155,2019-09-18,2019-09-18 09:37:34,0.52,1.0612,17,0.51,1.0408,86,0.52,1.0612,1,0.515,1.051,40,0
IWM190920P155,2019-09-18,2019-09-18 09:37:35,0.52,1.0612,17,0.51,1.0408,86,0.52,1.0612,1,0.515,1.051,40,0
IWM190920P155,2019-09-18,2019-09-18 09:37:36,0.52,1.0612,33,0.51,1.0408,32,0.52,1.0612,1,0.515,1.051,40,0
IWM190920P155,2019-09-18,2019-09-18 09:37:36,0.52,1.0612,17,0.51,1.0408,86,0.52,1.0612,1,0.515,1.051,40,0
IWM190920P155,2019-09-18,2019-09-18 09:37:37,0.52,1.0612,33,0.51,1.0408,76,0.52,1.0612,1,0.515,1.051,40,0
IWM190920P155,2019-09-18,2019-09-18 09:37:37,0.52,1.0612,33,0.51,1.0408,47,0.52,1.0612,1,0.515,1.051,40,0
IWM190920P155,2019-09-18,2019-09-18 09:37:38,0.52,1.0612,33,0.51,1.0408,47,0.52,1.0612,1,0.515,1.051,40,0
IWM190920P155,2019-09-18,2019-09-18 09:37:38,0.52,1.0612,33,0.51,1.0408,32,0.52,1.0612,1,0.515,1.051,40,0
IWM190920P155,2019-09-18,2019-09-18 09:37:39,0.52,1.0612,33,0.51,1.0408,47,0.52,1.0612,1,0.515,1.051,40,0
IWM190920P155,2019-09-18,2019-09-18 09:37:39,0.52,1.0612,21,0.51,1.0408,47,0.52,1.0612,1,0.515,1.051,40,0
IWM190920P155,2019-09-18,2019-09-18 09:37:40,0.52,1.0612,37,0.51,1.0408,47,0.52,1.0612,1,0.515,1.051,40,0
IWM190920P155,2019-09-18,2019-09-18 09:37:40,0.52,1.0612,33,0.51,1.0408,76,0.52,1.0612,1,0.515,1.051,40,0
IWM190920P155,2019-09-18,2019-09-18 09:37:41,0.52,1.0612,37,0.51,1.0408,79,0.52,1.0612,1,0.515,1.051,40,0
IWM190920P155,2019-09-18,2019-09-18 09:37:42,0.52,1.0612,37,0.51,1.0408,47,0.52,1.0612,1,0.515,1.051,40,0
IWM190920P155,2019-09-18,2019-09-18 09:37:42,0.52,1.0612,37,0.51,1.0408,89,0.52,1.0612,1,0.515,1.051,40,0
IWM190920P155,2019-09-18,2019-09-18 09:37:43,0.52,1.0612,28,0.51,1.0408,82,0.52,1.0612,1,0.515,1.051,40,0
IWM190920P155,2019-09-18,2019-09-18 09:37:43,0.52,1.0612,36,0.51,1.0408,89,0.52,1.0612,1,0.515,1.051,40,0
IWM190920P155,2019-09-18,2019-09-18 09:37:44,0.52,1.0612,28,0.51,1.0408,71,0.52,1.0612,1,0.515,1.051,40,0
IWM190920P155,2019-09-18,2019-09-18 09:37:44,0.52,1.0612,28,0.51,1.0408,92,0.52,1.0612,1,0.515,1.051,40,0
IWM190920P155,2019-09-18,2019-09-18 09:37:45,0.52,1.0612,28,0.51,1.0408,92,0.52,1.0612,1,0.515,1.051,40,0
IWM190920P155,2019-09-18,2019-09-18 09:37:46,0.53,1.0816,71,0.51,1.0408,162,0.52,1.0612,1,0.52,1.0612,40,0
IWM190920P155,2019-09-18,2019-09-18 09:37:46,0.53,1.0816,71,0.51,1.0408,96,0.52,1.0612,1,0.52,1.0612,40,0
IWM190920P155,2019-09-18,2019-09-18 09:37:47,0.53,1.0816,84,0.52,1.0612,72,0.52,1.0612,1,0.525,1.0714,40,0
IWM190920P155,2019-09-18,2019-09-18 09:37:47,0.53,1.0816,83,0.52,1.0612,11,0.52,1.0612,1,0.525,1.0714,40,0
IWM190920P155,2019-09-18,2019-09-18 09:37:48,0.53,1.0816,84,0.52,1.0612,54,0.52,1.0612,1,0.525,1.0714,40,0
IWM190920P155,2019-09-18,2019-09-18 09:37:49,0.53,1.0816,84,0.52,1.0612,78,0.52,1.0612,1,0.525,1.0714,40,0
IWM190920P155,2019-09-18,2019-09-18 09:37:50,0.53,1.0816,84,0.51,1.0408,284,0.52,1.0612,1,0.52,1.0612,40,0
IWM190920P155,2019-09-18,2019-09-18 09:37:50,0.53,1.0816,84,0.51,1.0408,106,0.52,1.0612,1,0.52,1.0612,40,0
IWM190920P155,2019-09-18,2019-09-18 09:37:51,0.53,1.0816,73,0.52,1.0612,19,0.52,1.0612,1,0.525,1.0714,40,0
IWM190920P155,2019-09-18,2019-09-18 09:37:52,0.53,1.0816,73,0.52,1.0612,19,0.52,1.0612,1,0.525,1.0714,40,0
IWM190920P155,2019-09-18,2019-09-18 09:37:53,0.53,1.0816,73,0.52,1.0612,19,0.52,1.0612,1,0.525,1.0714,40,0
IWM190920P155,2019-09-18,2019-09-18 09:37:54,0.53,1.0816,297,0.51,1.0408,105,0.52,1.0612,1,0.52,1.0612,40,0
IWM190920P155,2019-09-18,2019-09-18 09:37:54,0.53,1.0816,432,0.52,1.0612,30,0.52,1.0612,1,0.525,1.0714,40,0
IWM190920P155,2019-09-18,2019-09-18 09:37:55,0.53,1.0816,263,0.52,1.0612,22,0.52,1.0612,1,0.525,1.0714,40,0
IWM190920P155,2019-09-18,2019-09-18 09:37:55,0.53,1.0816,297,0.51,1.0408,82,0.52,1.0612,1,0.52,1.0612,40,0
IWM190920P155,2019-09-18,2019-09-18 09:37:56,0.53,1.0816,60,0.52,1.0612,50,0.52,1.0612,1,0.525,1.0714,40,0
IWM190920P155,2019-09-18,2019-09-18 09:37:57,0.53,1.0816,60,0.52,1.0612,74,0.52,1.0612,1,0.525,1.0714,40,0
IWM190920P155,2019-09-18,2019-09-18 09:37:58,0.53,1.0816,54,0.52,1.0612,74,0.52,1.0612,1,0.525,1.0714,40,0
IWM190920P155,2019-09-18,2019-09-18 09:37:58,0.53,1.0816,25,0.52,1.0612,74,0.52,1.0612,1,0.525,1.0714,40,0
IWM190920P155,2019-09-18,2019-09-18 09:37:59,0.53,1.0816,25,0.52,1.0612,74,0.52,1.0612,1,0.525,1.0714,40,0
IWM190920P155,2019-09-18,2019-09-18 09:38:00,0.53,1.0816,56,0.52,1.0612,74,0.52,1.0612,1,0.525,1.0714,40,0
IWM190920P155,2019-09-18,2019-09-18 09:38:00,0.53,1.0816,25,0.52,1.0612,74,0.52,1.0612,1,0.525,1.0714,40,0
IWM190920P155,2019-09-18,2019-09-18 09:38:01,0.53,1.0816,137,0.52,1.0612,22,0.52,1.0612,1,0.525,1.0714,40,0
IWM190920P155,2019-09-18,2019-09-18 09:38:01,0.53,1.0816,117,0.52,1.0612,22,0.52,1.0612,1,0.525,1.0714,40,0
IWM190920P155,2019-09-18,2019-09-18 09:38:02,0.53,1.0816,56,0.52,1.0612,42,0.52,1.0612,1,0.525,1.0714,40,0
IWM190920P155,2019-09-18,2019-09-18 09:38:02,0.53,1.0816,66,0.52,1.0612,42,0.52,1.0612,1,0.525,1.0714,40,0
IWM190920P155,2019-09-18,2019-09-18 09:38:03,0.53,1.0816,66,0.52,1.0612,42,0.52,1.0612,1,0.525,1.0714,40,0
IWM190920P155,2019-09-18,2019-09-18 09:38:03,0.53,1.0816,124,0.52,1.0612,42,0.52,1.0612,1,0.525,1.0714,40,0
IWM190920P155,2019-09-18,2019-09-18 09:38:04,0.53,1.0816,295,0.52,1.0612,42,0.52,1.0612,1,0.525,1.0714,40,0
IWM190920P155,2019-09-18,2019-09-18 09:38:05,0.52,1.0612,48,0.51,1.0408,38,0.52,1.0612,1,0.515,1.051,40,0
IWM190920P155,2019-09-18,2019-09-18 09:38:05,0.52,1.0612,48,0.51,1.0408,10,0.52,1.0612,1,0.515,1.051,40,0
IWM190920P155,2019-09-18,2019-09-18 09:38:06,0.52,1.0612,56,0.51,1.0408,38,0.52,1.0612,1,0.515,1.051,40,0
IWM190920P155,2019-09-18,2019-09-18 09:38:07,0.52,1.0612,123,0.51,1.0408,54,0.52,1.0612,1,0.515,1.051,40,0
IWM190920P155,2019-09-18,2019-09-18 09:38:07,0.52,1.0612,123,0.51,1.0408,38,0.52,1.0612,1,0.515,1.051,40,0
IWM190920P155,2019-09-18,2019-09-18 09:38:08,0.52,1.0612,58,0.51,1.0408,54,0.52,1.0612,1,0.515,1.051,40,0
IWM190920P155,2019-09-18,2019-09-18 09:38:09,0.52,1.0612,58,0.51,1.0408,54,0.52,1.0612,1,0.515,1.051,40,0
IWM190920P155,2019-09-18,2019-09-18 09:38:10,0.52,1.0612,58,0.51,1.0408,54,0.52,1.0612,1,0.515,1.051,40,0
IWM190920P155,2019-09-18,2019-09-18 09:38:11,0.53,1.0816,89,0.51,1.0408,54,0.52,1.0612,1,0.52,1.0612,40,0
IWM190920P155,2019-09-18,2019-09-18 09:38:11,0.53,1.0816,139,0.51,1.0408,54,0.52,1.0612,1,0.52,1.0612,40,0
IWM190920P155,2019-09-18,2019-09-18 09:38:12,0.53,1.0816,80,0.52,1.0612,54,0.52,1.0612,1,0.525,1.0714,40,0
IWM190920P155,2019-09-18,2019-09-18 09:38:12,0.53,1.0816,89,0.52,1.0612,54,0.52,1.0612,1,0.525,1.0714,40,0
IWM190920P155,2019-09-18,2019-09-18 09:38:13,0.53,1.0816,57,0.52,1.0612,54,0.52,1.0612,1,0.525,1.0714,40,0
IWM190920P155,2019-09-18,2019-09-18 09:38:14,0.53,1.0816,57,0.52,1.0612,13,0.52,1.0612,1,0.525,1.0714,40,0
IWM190920P155,2019-09-18,2019-09-18 09:38:15,0.53,1.0816,57,0.52,1.0612,13,0.52,1.0612,1,0.525,1.0714,40,0
IWM190920P155,2019-09-18,2019-09-18 09:38:15,0.53,1.0816,57,0.52,1.0612,21,0.52,1.0612,1,0.525,1.0714,40,0
IWM190920P155,2019-09-18,2019-09-18 09:38:16,0.53,1.0816,57,0.52,1.0612,45,0.52,1.0612,1,0.525,1.0714,40,0
IWM190920P155,2019-09-18,2019-09-18 09:38:16,0.53,1.0816,57,0.52,1.0612,21,0.52,1.0612,1,0.525,1.0714,40,0
IWM190920P155,2019-09-18,2019-09-18 09:38:17,0.53,1.0816,34,0.52,1.0612,77,0.52,1.0612,1,0.525,1.0714,40,0
IWM190920P155,2019-09-18,2019-09-18 09:38:17,0.53,1.0816,57,0.52,1.0612,45,0.52,1.0612,1,0.525,1.0714,40,0
IWM190920P155,2019-09-18,2019-09-18 09:38:18,0.53,1.0816,39,0.52,1.0612,45,0.52,1.0612,1,0.525,1.0714,40,0
IWM190920P155,2019-09-18,2019-09-18 09:38:18,0.53,1.0816,28,0.52,1.0612,77,0.52,1.0612,1,0.525,1.0714,40,0
IWM190920P155,2019-09-18,2019-09-18 09:38:19,0.53,1.0816,39,0.52,1.0612,17,0.52,1.0612,1,0.525,1.0714,40,0
IWM190920P155,2019-09-18,2019-09-18 09:38:20,0.53,1.0816,39,0.52,1.0612,26,0.52,1.0612,1,0.525,1.0714,40,0
IWM190920P155,2019-09-18,2019-09-18 09:38:20,0.53,1.0816,39,0.52,1.0612,18,0.52,1.0612,1,0.525,1.0714,40,0
IWM190920P155,2019-09-18,2019-09-18 09:38:21,0.53,1.0816,39,0.52,1.0612,17,0.52,1.0612,1,0.525,1.0714,40,0
IWM190920P155,2019-09-18,2019-09-18 09:38:21,0.53,1.0816,39,0.52,1.0612,6,0.52,1.0612,1,0.525,1.0714,40,0
IWM190920P155,2019-09-18,2019-09-18 09:38:22,0.53,1.0816,93,0.51,1.0408,78,0.52,1.0612,1,0.52,1.0612,40,0
IWM190920P155,2019-09-18,2019-09-18 09:38:22,0.53,1.0816,39,0.51,1.0408,78,0.52,1.0612,1,0.52,1.0612,40,0
IWM190920P155,2019-09-18,2019-09-18 09:38:23,0.52,1.0612,45,0.51,1.0408,21,0.52,1.0612,1,0.515,1.051,40,0
IWM190920P155,2019-09-18,2019-09-18 09:38:23,0.52,1.0612,78,0.51,1.0408,59,0.52,1.0612,1,0.515,1.051,40,0
IWM190920P155,2019-09-18,2019-09-18 09:38:24,0.52,1.0612,59,0.51,1.0408,59,0.52,1.0612,1,0.515,1.051,40,0
IWM190920P155,2019-09-18,2019-09-18 09:38:25,0.52,1.0612,59,0.51,1.0408,56,0.52,1.0612,1,0.515,1.051,40,0
IWM190920P155,2019-09-18,2019-09-18 09:38:25,0.52,1.0612,59,0.51,1.0408,59,0.52,1.0612,1,0.515,1.051,40,0
IWM190920P155,2019-09-18,2019-09-18 09:38:26,0.53,1.0816,34,0.51,1.0408,272,0.52,1.0612,1,0.52,1.0612,40,0
IWM190920P155,2019-09-18,2019-09-18 09:38:26,0.53,1.0816,96,0.52,1.0612,27,0.52,1.0612,1,0.525,1.0714,40,0
IWM190920P155,2019-09-18,2019-09-18 09:38:27,0.53,1.0816,90,0.52,1.0612,65,0.52,1.0612,1,0.525,1.0714,40,0
IWM190920P155,2019-09-18,2019-09-18 09:38:27,0.53,1.0816,97,0.52,1.0612,27,0.52,1.0612,1,0.525,1.0714,40,0
IWM190920P155,2019-09-18,2019-09-18 09:38:28,0.53,1.0816,90,0.52,1.0612,65,0.52,1.0612,1,0.525,1.0714,40,0
IWM190920P155,2019-09-18,2019-09-18 09:38:28,0.53,1.0816,90,0.52,1.0612,26,0.52,1.0612,1,0.525,1.0714,40,0
IWM190920P155,2019-09-18,2019-09-18 09:38:29,0.53,1.0816,157,0.52,1.0612,27,0.52,1.0612,1,0.525,1.0714,40,0
IWM190920P155,2019-09-18,2019-09-18 09:38:29,0.53,1.0816,90,0.52,1.0612,27,0.52,1.0612,1,0.525,1.0714,40,0
IWM190920P155,2019-09-18,2019-09-18 09:38:30,0.53,1.0816,135,0.52,1.0612,27,0.52,1.0612,1,0.525,1.0714,40,0
IWM190920P155,2019-09-18,2019-09-18 09:38:31,0.52,1.0612,50,0.51,1.0408,84,0.52,1.0612,1,0.515,1.051,40,0
IWM190920P155,2019-09-18,2019-09-18 09:38:31,0.52,1.0612,50,0.51,1.0408,49,0.52,1.0612,1,0.515,1.051,40,0
IWM190920P155,2019-09-18,2019-09-18 09:38:32,0.52,1.0612,33,0.51,1.0408,69,0.52,1.0612,1,0.515,1.051,40,0
IWM190920P155,2019-09-18,2019-09-18 09:38:32,0.52,1.0612,57,0.51,1.0408,50,0.52,1.0612,1,0.515,1.051,40,0
IWM190920P155,2019-09-18,2019-09-18 09:38:33,0.52,1.0612,57,0.51,1.0408,69,0.52,1.0612,1,0.515,1.051,40,0
IWM190920P155,2019-09-18,2019-09-18 09:38:34,0.52,1.0612,57,0.51,1.0408,69,0.52,1.0612,1,0.515,1.051,40,0
IWM190920P155,2019-09-18,2019-09-18 09:38:35,0.52,1.0612,57,0.51,1.0408,69,0.52,1.0612,1,0.515,1.051,40,0
IWM190920P155,2019-09-18,2019-09-18 09:38:35,0.52,1.0612,41,0.51,1.0408,69,0.52,1.0612,1,0.515,1.051,40,0
IWM190920P155,2019-09-18,2019-09-18 09:38:36,0.52,1.0612,41,0.51,1.0408,43,0.52,1.0612,1,0.515,1.051,40,0
IWM190920P155,2019-09-18,2019-09-18 09:38:36,0.52,1.0612,41,0.51,1.0408,52,0.52,1.0612,1,0.515,1.051,40,0
IWM190920P155,2019-09-18,2019-09-18 09:38:37,0.52,1.0612,57,0.51,1.0408,57,0.52,1.0612,1,0.515,1.051,40,0
IWM190920P155,2019-09-18,2019-09-18 09:38:38,0.52,1.0612,57,0.51,1.0408,57,0.52,1.0612,1,0.515,1.051,40,0
IWM190920P155,2019-09-18,2019-09-18 09:38:38,0.52,1.0612,57,0.5,1.0204,195,0.52,1.0612,1,0.51,1.0408,40,0
IWM190920P155,2019-09-18,2019-09-18 09:38:39,0.52,1.0612,88,0.5,1.0204,107,0.52,1.0612,1,0.51,1.0408,40,0
IWM190920P155,2019-09-18,2019-09-18 09:38:40,0.52,1.0612,88,0.51,1.0408,17,0.52,1.0612,1,0.515,1.051,40,0
IWM190920P155,2019-09-18,2019-09-18 09:38:41,0.52,1.0612,88,0.51,1.0408,17,0.52,1.0612,1,0.515,1.051,40,0
IWM190920P155,2019-09-18,2019-09-18 09:38:42,0.52,1.0612,88,0.51,1.0408,17,0.52,1.0612,1,0.515,1.051,40,0
IWM190920P155,2019-09-18,2019-09-18 09:38:42,0.52,1.0612,101,0.5,1.0204,135,0.52,1.0612,1,0.51,1.0408,40,0
IWM190920P155,2019-09-18,2019-09-18 09:38:43,0.52,1.0612,101,0.5,1.0204,135,0.52,1.0612,1,0.51,1.0408,40,0
IWM190920P155,2019-09-18,2019-09-18 09:38:44,0.52,1.0612,13,0.51,1.0408,108,0.52,1.0612,1,0.515,1.051,40,0
IWM190920P155,2019-09-18,2019-09-18 09:38:44,0.52,1.0612,21,0.51,1.0408,75,0.52,1.0612,1,0.515,1.051,40,0
IWM190920P155,2019-09-18,2019-09-18 09:38:45,0.52,1.0612,13,0.51,1.0408,98,0.52,1.0612,1,0.515,1.051,40,0
IWM190920P155,2019-09-18,2019-09-18 09:38:45,0.52,1.0612,5,0.51,1.0408,98,0.52,1.0612,1,0.515,1.051,40,0
IWM190920P155,2019-09-18,2019-09-18 09:38:46,0.52,1.0612,7,0.51,1.0408,84,0.52,1.0612,1,0.515,1.051,40,0
IWM190920P155,2019-09-18,2019-09-18 09:38:46,0.52,1.0612,12,0.51,1.0408,98,0.52,1.0612,1,0.515,1.051,40,0
IWM190920P155,2019-09-18,2019-09-18 09:38:47,0.52,1.0612,38,0.51,1.0408,33,0.52,1.0612,1,0.515,1.051,40,0
IWM190920P155,2019-09-18,2019-09-18 09:38:47,0.52,1.0612,149,0.51,1.0408,33,0.52,1.0612,1,0.515,1.051,40,0
IWM190920P155,2019-09-18,2019-09-18 09:38:48,0.52,1.0612,171,0.51,1.0408,50,0.52,1.0612,1,0.515,1.051,40,0
IWM190920P155,2019-09-18,2019-09-18 09:38:49,0.52,1.0612,171,0.51,1.0408,20,0.52,1.0612,1,0.515,1.051,40,0
IWM190920P155,2019-09-18,2019-09-18 09:38:49,0.52,1.0612,171,0.51,1.0408,50,0.52,1.0612,1,0.515,1.051,40,0
IWM190920P155,2019-09-18,2019-09-18 09:38:50,0.52,1.0612,171,0.51,1.0408,13,0.52,1.0612,1,0.515,1.051,40,0
IWM190920P155,2019-09-18,2019-09-18 09:38:50,0.52,1.0612,171,0.51,1.0408,9,0.52,1.0612,1,0.515,1.051,40,0
IWM190920P155,2019-09-18,2019-09-18 09:38:51,0.52,1.0612,171,0.51,1.0408,9,0.52,1.0612,1,0.515,1.051,40,0
IWM190920P155,2019-09-18,2019-09-18 09:38:52,0.52,1.0612,171,0.51,1.0408,9,0.52,1.0612,1,0.515,1.051,40,0
IWM190920P155,2019-09-18,2019-09-18 09:38:53,0.52,1.0612,171,0.51,1.0408,14,0.52,1.0612,1,0.515,1.051,40,0
IWM190920P155,2019-09-18,2019-09-18 09:38:53,0.52,1.0612,145,0.51,1.0408,14,0.51,1.0408,3,0.515,1.051,43,3
IWM190920P155,2019-09-18,2019-09-18 09:38:54,0.51,1.0408,41,0.5,1.0204,88,0.51,1.0408,3,0.505,1.0306,43,0
IWM190920P155,2019-09-18,2019-09-18 09:38:55,0.51,1.0408,41,0.5,1.0204,88,0.51,1.0408,3,0.505,1.0306,43,0
IWM190920P155,2019-09-18,2019-09-18 09:38:56,0.51,1.0408,41,0.5,1.0204,25,0.51,1.0408,3,0.505,1.0306,43,0
IWM190920P155,2019-09-18,2019-09-18 09:38:57,0.51,1.0408,56,0.5,1.0204,25,0.51,1.0408,3,0.505,1.0306,43,0
IWM190920P155,2019-09-18,2019-09-18 09:38:57,0.51,1.0408,41,0.5,1.0204,50,0.51,1.0408,3,0.505,1.0306,43,0
IWM190920P155,2019-09-18,2019-09-18 09:38:58,0.51,1.0408,41,0.5,1.0204,67,0.51,1.0408,3,0.505,1.0306,43,0
IWM190920P155,2019-09-18,2019-09-18 09:38:58,0.51,1.0408,41,0.5,1.0204,91,0.51,1.0408,3,0.505,1.0306,43,0
IWM190920P155,2019-09-18,2019-09-18 09:38:59,0.51,1.0408,41,0.5,1.0204,91,0.51,1.0408,3,0.505,1.0306,43,0
IWM190920P155,2019-09-18,2019-09-18 09:39:00,0.51,1.0408,41,0.5,1.0204,91,0.51,1.0408,3,0.505,1.0306,43,0
IWM190920P155,2019-09-18,2019-09-18 09:39:00,0.51,1.0408,41,0.5,1.0204,40,0.51,1.0408,3,0.505,1.0306,43,0
IWM190920P155,2019-09-18,2019-09-18 09:39:01,0.51,1.0408,302,0.5,1.0204,1,0.51,1.0408,3,0.505,1.0306,43,0
IWM190920P155,2019-09-18,2019-09-18 09:39:01,0.51,1.0408,68,0.5,1.0204,2,0.51,1.0408,3,0.505,1.0306,43,0
IWM190920P155,2019-09-18,2019-09-18 09:39:02,0.51,1.0408,338,0.49,1.0,134,0.51,1.0408,3,0.5,1.0204,43,0
IWM190920P155,2019-09-18,2019-09-18 09:39:02,0.51,1.0408,405,0.49,1.0,144,0.51,1.0408,3,0.5,1.0204,43,0
IWM190920P155,2019-09-18,2019-09-18 09:39:03,0.51,1.0408,270,0.49,1.0,119,0.51,1.0408,3,0.5,1.0204,43,0
IWM190920P155,2019-09-18,2019-09-18 09:39:03,0.51,1.0408,405,0.49,1.0,100,0.51,1.0408,3,0.5,1.0204,43,0
IWM190920P155,2019-09-18,2019-09-18 09:39:04,0.51,1.0408,270,0.5,1.0204,19,0.51,1.0408,3,0.505,1.0306,43,0
IWM190920P155,2019-09-18,2019-09-18 09:39:04,0.51,1.0408,117,0.5,1.0204,37,0.51,1.0408,3,0.505,1.0306,43,0
IWM190920P155,2019-09-18,2019-09-18 09:39:05,0.51,1.0408,117,0.5,1.0204,60,0.51,1.0408,3,0.505,1.0306,43,0
IWM190920P155,2019-09-18,2019-09-18 09:39:06,0.51,1.0408,117,0.5,1.0204,43,0.51,1.0408,3,0.505,1.0306,43,0
IWM190920P155,2019-09-18,2019-09-18 09:39:06,0.51,1.0408,176,0.5,1.0204,43,0.51,1.0408,3,0.505,1.0306,43,0
IWM190920P155,2019-09-18,2019-09-18 09:39:07,0.51,1.0408,54,0.5,1.0204,54,0.51,1.0408,3,0.505,1.0306,43,0
IWM190920P155,2019-09-18,2019-09-18 09:39:07,0.51,1.0408,7,0.5,1.0204,80,0.51,1.0408,3,0.505,1.0306,43,0
IWM190920P155,2019-09-18,2019-09-18 09:39:08,0.51,1.0408,54,0.5,1.0204,75,0.51,1.0408,3,0.505,1.0306,43,0
IWM190920P155,2019-09-18,2019-09-18 09:39:08,0.51,1.0408,54,0.5,1.0204,76,0.51,1.0408,3,0.505,1.0306,43,0
IWM190920P155,2019-09-18,2019-09-18 09:39:09,0.51,1.0408,54,0.5,1.0204,73,0.51,1.0408,3,0.505,1.0306,43,0
IWM190920P155,2019-09-18,2019-09-18 09:39:09,0.51,1.0408,189,0.5,1.0204,22,0.51,1.0408,3,0.505,1.0306,43,0
IWM190920P155,2019-09-18,2019-09-18 09:39:10,0.51,1.0408,189,0.5,1.0204,22,0.51,1.0408,3,0.505,1.0306,43,0
IWM190920P155,2019-09-18,2019-09-18 09:39:10,0.51,1.0408,151,0.5,1.0204,71,0.51,1.0408,3,0.505,1.0306,43,0
IWM190920P155,2019-09-18,2019-09-18 09:39:11,0.51,1.0408,177,0.5,1.0204,69,0.51,1.0408,3,0.505,1.0306,43,0
IWM190920P155,2019-09-18,2019-09-18 09:39:11,0.51,1.0408,177,0.5,1.0204,71,0.51,1.0408,3,0.505,1.0306,43,0
IWM190920P155,2019-09-18,2019-09-18 09:39:12,0.51,1.0408,177,0.5,1.0204,69,0.51,1.0408,3,0.505,1.0306,43,0
IWM190920P155,2019-09-18,2019-09-18 09:39:13,0.51,1.0408,177,0.5,1.0204,143,0.51,1.0408,3,0.505,1.0306,43,0
IWM190920P155,2019-09-18,2019-09-18 09:39:14,0.51,1.0408,160,0.5,1.0204,69,0.51,1.0408,3,0.505,1.0306,43,0
IWM190920P155,2019-09-18,2019-09-18 09:39:14,0.51,1.0408,114,0.5,1.0204,69,0.51,1.0408,3,0.505,1.0306,43,0
IWM190920P155,2019-09-18,2019-09-18 09:39:15,0.51,1.0408,190,0.5,1.0204,28,0.51,1.0408,3,0.505,1.0306,43,0
IWM190920P155,2019-09-18,2019-09-18 09:39:15,0.51,1.0408,610,0.49,1.0,215,0.51,1.0408,3,0.5,1.0204,43,0
IWM190920P155,2019-09-18,2019-09-18 09:39:16,0.51,1.0408,500,0.49,1.0,110,0.51,1.0408,3,0.5,1.0204,43,0
IWM190920P155,2019-09-18,2019-09-18 09:39:16,0.51,1.0408,397,0.49,1.0,429,0.51,1.0408,3,0.5,1.0204,43,0
IWM190920P155,2019-09-18,2019-09-18 09:39:17,0.5,1.0204,94,0.49,1.0,51,0.51,1.0408,3,0.495,1.0102,43,0
IWM190920P155,2019-09-18,2019-09-18 09:39:17,0.51,1.0408,480,0.49,1.0,53,0.51,1.0408,3,0.5,1.0204,43,0
IWM190920P155,2019-09-18,2019-09-18 09:39:18,0.5,1.0204,201,0.49,1.0,18,0.51,1.0408,3,0.495,1.0102,43,0
IWM190920P155,2019-09-18,2019-09-18 09:39:18,0.5,1.0204,201,0.49,1.0,46,0.51,1.0408,3,0.495,1.0102,43,0
IWM190920P155,2019-09-18,2019-09-18 09:39:19,0.5,1.0204,201,0.49,1.0,18,0.51,1.0408,3,0.495,1.0102,43,0
IWM190920P155,2019-09-18,2019-09-18 09:39:20,0.5,1.0204,201,0.49,1.0,18,0.51,1.0408,3,0.495,1.0102,43,0
IWM190920P155,2019-09-18,2019-09-18 09:39:21,0.5,1.0204,325,0.49,1.0,18,0.51,1.0408,3,0.495,1.0102,43,0
IWM190920P155,2019-09-18,2019-09-18 09:39:21,0.5,1.0204,201,0.49,1.0,18,0.51,1.0408,3,0.495,1.0102,43,0
IWM190920P155,2019-09-18,2019-09-18 09:39:22,0.5,1.0204,192,0.49,1.0,27,0.51,1.0408,3,0.495,1.0102,43,0
IWM190920P155,2019-09-18,2019-09-18 09:39:22,0.5,1.0204,278,0.49,1.0,27,0.51,1.0408,3,0.495,1.0102,43,0
IWM190920P155,2019-09-18,2019-09-18 09:39:23,0.49,1.0,26,0.48,0.9795,146,0.51,1.0408,3,0.485,0.9897,43,0
IWM190920P155,2019-09-18,2019-09-18 09:39:23,0.49,1.0,39,0.48,0.9795,80,0.51,1.0408,3,0.485,0.9897,43,0
IWM190920P155,2019-09-18,2019-09-18 09:39:24,0.49,1.0,38,0.48,0.9795,65,0.51,1.0408,3,0.485,0.9897,43,0
IWM190920P155,2019-09-18,2019-09-18 09:39:24,0.49,1.0,38,0.48,0.9795,80,0.51,1.0408,3,0.485,0.9897,43,0
IWM190920P155,2019-09-18,2019-09-18 09:39:25,0.49,1.0,81,0.48,0.9795,130,0.51,1.0408,3,0.485,0.9897,43,0
IWM190920P155,2019-09-18,2019-09-18 09:39:25,0.49,1.0,94,0.48,0.9795,64,0.51,1.0408,3,0.485,0.9897,43,0
IWM190920P155,2019-09-18,2019-09-18 09:39:26,0.49,1.0,158,0.48,0.9795,83,0.51,1.0408,3,0.485,0.9897,43,0
IWM190920P155,2019-09-18,2019-09-18 09:39:26,0.49,1.0,81,0.48,0.9795,83,0.51,1.0408,3,0.485,0.9897,43,0
IWM190920P155,2019-09-18,2019-09-18 09:39:27,0.49,1.0,111,0.48,0.9795,141,0.51,1.0408,3,0.485,0.9897,43,0
IWM190920P155,2019-09-18,2019-09-18 09:39:28,0.49,1.0,169,0.48,0.9795,90,0.51,1.0408,3,0.485,0.9897,43,0
IWM190920P155,2019-09-18,2019-09-18 09:39:28,0.49,1.0,163,0.48,0.9795,138,0.51,1.0408,3,0.485,0.9897,43,0
IWM190920P155,2019-09-18,2019-09-18 09:39:29,0.49,1.0,92,0.48,0.9795,90,0.51,1.0408,3,0.485,0.9897,43,0
IWM190920P155,2019-09-18,2019-09-18 09:39:30,0.49,1.0,314,0.47,0.9591,86,0.51,1.0408,3,0.48,0.9795,43,0
IWM190920P155,2019-09-18,2019-09-18 09:39:31,0.49,1.0,376,0.47,0.9591,240,0.51,1.0408,3,0.48,0.9795,43,0
IWM190920P155,2019-09-18,2019-09-18 09:39:31,0.49,1.0,484,0.47,0.9591,249,0.51,1.0408,3,0.48,0.9795,43,0
IWM190920P155,2019-09-18,2019-09-18 09:39:32,0.49,1.0,394,0.47,0.9591,63,0.51,1.0408,3,0.48,0.9795,43,0
IWM190920P155,2019-09-18,2019-09-18 09:39:32,0.49,1.0,397,0.47,0.9591,240,0.51,1.0408,3,0.48,0.9795,43,0
