symbol,Date,quote_time,ask_price,norm_ask_price,ask_size,bid_price,norm_bid_price,bid_size,last_trade_price,norm_last_trade_price,last_trade_size,mark_price,norm_mark_price,volume,Volume
SPY190830C295,2019-08-29,2019-08-29 09:30:00,0.22,1.0,798,0.18,0.8181,132,0.18,0.8181,1,0.2,0.909,1,1
SPY190830C295,2019-08-29,2019-08-29 09:30:00,0.22,1.0,241,0.19,0.8636,300,0.18,0.8181,1,0.205,0.9318,1,0
SPY190830C295,2019-08-29,2019-08-29 09:30:01,0.22,1.0,516,0.19,0.8636,180,0.2,0.909,6,0.205,0.9318,11,0
SPY190830C295,2019-08-29,2019-08-29 09:30:01,0.22,1.0,516,0.19,0.8636,300,0.2,0.909,6,0.205,0.9318,11,10
SPY190830C295,2019-08-29,2019-08-29 09:30:02,0.22,1.0,516,0.19,0.8636,120,0.2,0.909,6,0.205,0.9318,11,0
SPY190830C295,2019-08-29,2019-08-29 09:30:02,0.21,0.9545,746,0.18,0.8181,204,0.2,0.909,6,0.195,0.8863,11,0
SPY190830C295,2019-08-29,2019-08-29 09:30:03,0.21,0.9545,686,0.19,0.8636,300,0.2,0.909,6,0.2,0.909,11,0
SPY190830C295,2019-08-29,2019-08-29 09:30:03,0.21,0.9545,631,0.19,0.8636,300,0.2,0.909,6,0.2,0.909,11,0
SPY190830C295,2019-08-29,2019-08-29 09:30:04,0.21,0.9545,571,0.19,0.8636,300,0.2,0.909,25,0.2,0.909,97,86
SPY190830C295,2019-08-29,2019-08-29 09:30:05,0.2,0.909,245,0.19,0.8636,300,0.2,0.909,25,0.195,0.8863,97,0
SPY190830C295,2019-08-29,2019-08-29 09:30:05,0.2,0.909,251,0.19,0.8636,300,0.2,0.909,25,0.195,0.8863,97,0
SPY190830C295,2019-08-29,2019-08-29 09:30:06,0.21,0.9545,866,0.19,0.8636,300,0.2,0.909,25,0.2,0.909,97,0
SPY190830C295,2019-08-29,2019-08-29 09:30:07,0.21,0.9545,866,0.19,0.8636,300,0.2,0.909,25,0.2,0.909,97,0
SPY190830C295,2019-08-29,2019-08-29 09:30:08,0.21,0.9545,866,0.19,0.8636,300,0.2,0.909,25,0.2,0.909,97,0
SPY190830C295,2019-08-29,2019-08-29 09:30:09,0.21,0.9545,866,0.19,0.8636,300,0.19,0.8636,6,0.2,0.909,107,0
SPY190830C295,2019-08-29,2019-08-29 09:30:09,0.21,0.9545,866,0.19,0.8636,300,0.19,0.8636,6,0.2,0.909,107,10
SPY190830C295,2019-08-29,2019-08-29 09:30:10,0.21,0.9545,866,0.19,0.8636,300,0.19,0.8636,6,0.2,0.909,107,0
SPY190830C295,2019-08-29,2019-08-29 09:30:11,0.21,0.9545,866,0.19,0.8636,300,0.19,0.8636,6,0.2,0.909,107,0
SPY190830C295,2019-08-29,2019-08-29 09:30:11,0.21,0.9545,566,0.19,0.8636,300,0.19,0.8636,6,0.2,0.909,107,0
SPY190830C295,2019-08-29,2019-08-29 09:30:12,0.21,0.9545,566,0.19,0.8636,300,0.19,0.8636,6,0.2,0.909,107,0
SPY190830C295,2019-08-29,2019-08-29 09:30:13,0.21,0.9545,566,0.19,0.8636,300,0.19,0.8636,6,0.2,0.909,107,0
SPY190830C295,2019-08-29,2019-08-29 09:30:14,0.21,0.9545,566,0.19,0.8636,300,0.19,0.8636,6,0.2,0.909,107,0
SPY190830C295,2019-08-29,2019-08-29 09:30:15,0.21,0.9545,612,0.19,0.8636,300,0.19,0.8636,6,0.2,0.909,107,0
SPY190830C295,2019-08-29,2019-08-29 09:30:16,0.21,0.9545,612,0.19,0.8636,300,0.19,0.8636,6,0.2,0.909,107,0
SPY190830C295,2019-08-29,2019-08-29 09:30:17,0.21,0.9545,913,0.19,0.8636,300,0.19,0.8636,5,0.2,0.909,112,0
SPY190830C295,2019-08-29,2019-08-29 09:30:17,0.21,0.9545,612,0.19,0.8636,300,0.19,0.8636,5,0.2,0.909,112,5
SPY190830C295,2019-08-29,2019-08-29 09:30:18,0.21,0.9545,913,0.19,0.8636,300,0.2,0.909,300,0.2,0.909,412,300
SPY190830C295,2019-08-29,2019-08-29 09:30:18,0.21,0.9545,913,0.19,0.8636,300,0.19,0.8636,5,0.2,0.909,112,0
SPY190830C295,2019-08-29,2019-08-29 09:30:19,0.21,0.9545,913,0.19,0.8636,300,0.2,0.909,300,0.2,0.909,412,0
SPY190830C295,2019-08-29,2019-08-29 09:30:20,0.21,0.9545,1724,0.19,0.8636,300,0.2,0.909,300,0.2,0.909,412,0
SPY190830C295,2019-08-29,2019-08-29 09:30:20,0.21,0.9545,913,0.19,0.8636,300,0.2,0.909,300,0.2,0.909,412,0
SPY190830C295,2019-08-29,2019-08-29 09:30:21,0.21,0.9545,2084,0.19,0.8636,300,0.2,0.909,300,0.2,0.909,412,0
SPY190830C295,2019-08-29,2019-08-29 09:30:22,0.21,0.9545,1208,0.19,0.8636,300,0.2,0.909,300,0.2,0.909,412,0
SPY190830C295,2019-08-29,2019-08-29 09:30:22,0.21,0.9545,1486,0.19,0.8636,300,0.2,0.909,300,0.2,0.909,412,0
SPY190830C295,2019-08-29,2019-08-29 09:30:23,0.21,0.9545,1208,0.19,0.8636,300,0.2,0.909,300,0.2,0.909,412,0
SPY190830C295,2019-08-29,2019-08-29 09:30:24,0.21,0.9545,1208,0.19,0.8636,300,0.2,0.909,300,0.2,0.909,412,0
SPY190830C295,2019-08-29,2019-08-29 09:30:25,0.21,0.9545,1208,0.19,0.8636,300,0.2,0.909,300,0.2,0.909,412,0
SPY190830C295,2019-08-29,2019-08-29 09:30:26,0.21,0.9545,1208,0.19,0.8636,300,0.2,0.909,300,0.2,0.909,412,0
SPY190830C295,2019-08-29,2019-08-29 09:30:27,0.21,0.9545,1208,0.19,0.8636,360,0.2,0.909,300,0.2,0.909,412,0
SPY190830C295,2019-08-29,2019-08-29 09:30:28,0.21,0.9545,1208,0.19,0.8636,360,0.2,0.909,50,0.2,0.909,462,0
SPY190830C295,2019-08-29,2019-08-29 09:30:28,0.21,0.9545,1208,0.19,0.8636,360,0.2,0.909,50,0.2,0.909,462,50
SPY190830C295,2019-08-29,2019-08-29 09:30:29,0.2,0.909,27,0.19,0.8636,507,0.2,0.909,50,0.195,0.8863,462,0
SPY190830C295,2019-08-29,2019-08-29 09:30:29,0.21,0.9545,1208,0.19,0.8636,300,0.2,0.909,50,0.2,0.909,462,0
SPY190830C295,2019-08-29,2019-08-29 09:30:30,0.2,0.909,16,0.19,0.8636,1408,0.2,0.909,50,0.195,0.8863,462,0
SPY190830C295,2019-08-29,2019-08-29 09:30:30,0.2,0.909,16,0.19,0.8636,952,0.2,0.909,50,0.195,0.8863,462,0
SPY190830C295,2019-08-29,2019-08-29 09:30:31,0.2,0.909,379,0.19,0.8636,305,0.2,0.909,50,0.195,0.8863,462,0
SPY190830C295,2019-08-29,2019-08-29 09:30:31,0.2,0.909,308,0.19,0.8636,1408,0.2,0.909,50,0.195,0.8863,462,0
SPY190830C295,2019-08-29,2019-08-29 09:30:32,0.2,0.909,5,0.19,0.8636,1408,0.2,0.909,50,0.195,0.8863,462,0
SPY190830C295,2019-08-29,2019-08-29 09:30:32,0.2,0.909,6,0.19,0.8636,2246,0.19,0.8636,100,0.195,0.8863,1462,1000
SPY190830C295,2019-08-29,2019-08-29 09:30:33,0.2,0.909,6,0.19,0.8636,2246,0.19,0.8636,100,0.195,0.8863,1462,0
SPY190830C295,2019-08-29,2019-08-29 09:30:34,0.2,0.909,6,0.19,0.8636,2246,0.19,0.8636,100,0.195,0.8863,1462,0
SPY190830C295,2019-08-29,2019-08-29 09:30:35,0.2,0.909,6,0.19,0.8636,2246,0.19,0.8636,100,0.195,0.8863,1462,0
SPY190830C295,2019-08-29,2019-08-29 09:30:36,0.2,0.909,6,0.19,0.8636,2024,0.19,0.8636,100,0.195,0.8863,1462,0
SPY190830C295,2019-08-29,2019-08-29 09:30:36,0.2,0.909,6,0.19,0.8636,2246,0.19,0.8636,100,0.195,0.8863,1462,0
SPY190830C295,2019-08-29,2019-08-29 09:30:37,0.2,0.909,6,0.19,0.8636,2246,0.19,0.8636,100,0.195,0.8863,1462,0
SPY190830C295,2019-08-29,2019-08-29 09:30:38,0.2,0.909,6,0.19,0.8636,2246,0.19,0.8636,100,0.195,0.8863,1462,0
SPY190830C295,2019-08-29,2019-08-29 09:30:39,0.2,0.909,10,0.19,0.8636,1484,0.19,0.8636,100,0.195,0.8863,1462,0
SPY190830C295,2019-08-29,2019-08-29 09:30:39,0.2,0.909,10,0.19,0.8636,1933,0.19,0.8636,100,0.195,0.8863,1462,0
SPY190830C295,2019-08-29,2019-08-29 09:30:40,0.2,0.909,67,0.19,0.8636,425,0.19,0.8636,100,0.195,0.8863,1462,0
SPY190830C295,2019-08-29,2019-08-29 09:30:40,0.2,0.909,85,0.19,0.8636,1484,0.19,0.8636,100,0.195,0.8863,1462,0
SPY190830C295,2019-08-29,2019-08-29 09:30:41,0.2,0.909,10,0.19,0.8636,1674,0.2,0.909,1,0.195,0.8863,1465,3
SPY190830C295,2019-08-29,2019-08-29 09:30:41,0.2,0.909,312,0.19,0.8636,425,0.19,0.8636,100,0.195,0.8863,1462,0
SPY190830C295,2019-08-29,2019-08-29 09:30:42,0.2,0.909,308,0.19,0.8636,2478,0.2,0.909,1,0.195,0.8863,1465,0
SPY190830C295,2019-08-29,2019-08-29 09:30:42,0.2,0.909,308,0.19,0.8636,3028,0.19,0.8636,1,0.195,0.8863,1475,10
SPY190830C295,2019-08-29,2019-08-29 09:30:43,0.2,0.909,12,0.19,0.8636,3028,0.19,0.8636,1,0.195,0.8863,1475,0
SPY190830C295,2019-08-29,2019-08-29 09:30:44,0.2,0.909,16,0.19,0.8636,2668,0.19,0.8636,1,0.195,0.8863,1475,0
SPY190830C295,2019-08-29,2019-08-29 09:30:44,0.2,0.909,12,0.19,0.8636,3028,0.19,0.8636,1,0.195,0.8863,1475,0
SPY190830C295,2019-08-29,2019-08-29 09:30:45,0.2,0.909,16,0.19,0.8636,2668,0.19,0.8636,1,0.195,0.8863,1475,0
SPY190830C295,2019-08-29,2019-08-29 09:30:45,0.2,0.909,24,0.19,0.8636,2728,0.19,0.8636,1,0.195,0.8863,1475,0
SPY190830C295,2019-08-29,2019-08-29 09:30:46,0.2,0.909,24,0.19,0.8636,2728,0.19,0.8636,1,0.195,0.8863,1475,0
SPY190830C295,2019-08-29,2019-08-29 09:30:47,0.2,0.909,24,0.19,0.8636,2728,0.19,0.8636,1,0.195,0.8863,1475,0
SPY190830C295,2019-08-29,2019-08-29 09:30:48,0.2,0.909,142,0.19,0.8636,2450,0.19,0.8636,1,0.195,0.8863,1475,0
SPY190830C295,2019-08-29,2019-08-29 09:30:48,0.2,0.909,24,0.19,0.8636,2728,0.19,0.8636,1,0.195,0.8863,1475,0
SPY190830C295,2019-08-29,2019-08-29 09:30:49,0.2,0.909,61,0.19,0.8636,2172,0.19,0.8636,1,0.195,0.8863,1475,0
SPY190830C295,2019-08-29,2019-08-29 09:30:50,0.2,0.909,12,0.19,0.8636,2678,0.19,0.8636,1,0.195,0.8863,1475,0
SPY190830C295,2019-08-29,2019-08-29 09:30:50,0.2,0.909,12,0.19,0.8636,2506,0.19,0.8636,1,0.195,0.8863,1475,0
SPY190830C295,2019-08-29,2019-08-29 09:30:51,0.2,0.909,12,0.19,0.8636,2678,0.19,0.8636,1,0.195,0.8863,1475,0
SPY190830C295,2019-08-29,2019-08-29 09:30:52,0.2,0.909,10,0.19,0.8636,2678,0.19,0.8636,1,0.195,0.8863,1475,0
SPY190830C295,2019-08-29,2019-08-29 09:30:53,0.2,0.909,10,0.19,0.8636,2678,0.19,0.8636,1,0.195,0.8863,1475,0
SPY190830C295,2019-08-29,2019-08-29 09:30:53,0.2,0.909,24,0.19,0.8636,2678,0.19,0.8636,1,0.195,0.8863,1475,0
SPY190830C295,2019-08-29,2019-08-29 09:30:54,0.2,0.909,16,0.19,0.8636,2678,0.19,0.8636,1,0.195,0.8863,1475,0
SPY190830C295,2019-08-29,2019-08-29 09:30:54,0.2,0.909,24,0.19,0.8636,2678,0.19,0.8636,1,0.195,0.8863,1475,0
SPY190830C295,2019-08-29,2019-08-29 09:30:55,0.2,0.909,10,0.19,0.8636,2678,0.19,0.8636,1,0.195,0.8863,1475,0
SPY190830C295,2019-08-29,2019-08-29 09:30:55,0.2,0.909,10,0.19,0.8636,2678,0.19,0.8636,2,0.195,0.8863,1477,2
SPY190830C295,2019-08-29,2019-08-29 09:30:56,0.2,0.909,12,0.19,0.8636,2678,0.19,0.8636,2,0.195,0.8863,1477,0
SPY190830C295,2019-08-29,2019-08-29 09:30:56,0.2,0.909,24,0.19,0.8636,2678,0.19,0.8636,2,0.195,0.8863,1477,0
SPY190830C295,2019-08-29,2019-08-29 09:30:57,0.2,0.909,94,0.19,0.8636,2678,0.19,0.8636,2,0.195,0.8863,1477,0
SPY190830C295,2019-08-29,2019-08-29 09:30:58,0.2,0.909,122,0.19,0.8636,2678,0.19,0.8636,2,0.195,0.8863,1477,0
SPY190830C295,2019-08-29,2019-08-29 09:30:58,0.2,0.909,67,0.19,0.8636,2678,0.19,0.8636,2,0.195,0.8863,1477,0
SPY190830C295,2019-08-29,2019-08-29 09:30:59,0.2,0.909,90,0.19,0.8636,2678,0.19,0.8636,2,0.195,0.8863,1477,0
SPY190830C295,2019-08-29,2019-08-29 09:30:59,0.2,0.909,67,0.19,0.8636,2678,0.19,0.8636,2,0.195,0.8863,1477,0
SPY190830C295,2019-08-29,2019-08-29 09:31:00,0.2,0.909,51,0.19,0.8636,2678,0.19,0.8636,2,0.195,0.8863,1477,0
SPY190830C295,2019-08-29,2019-08-29 09:31:00,0.2,0.909,90,0.19,0.8636,2628,0.19,0.8636,2,0.195,0.8863,1477,0
SPY190830C295,2019-08-29,2019-08-29 09:31:01,0.2,0.909,51,0.19,0.8636,2288,0.19,0.8636,2,0.195,0.8863,1477,0
SPY190830C295,2019-08-29,2019-08-29 09:31:01,0.21,0.9545,69,0.19,0.8636,2667,0.2,0.909,10,0.2,0.909,1503,26
SPY190830C295,2019-08-29,2019-08-29 09:31:02,0.21,0.9545,125,0.2,0.909,2409,0.2,0.909,10,0.205,0.9318,1503,0
SPY190830C295,2019-08-29,2019-08-29 09:31:02,0.21,0.9545,69,0.19,0.8636,2667,0.2,0.909,10,0.2,0.909,1503,0
SPY190830C295,2019-08-29,2019-08-29 09:31:03,0.21,0.9545,51,0.2,0.909,1981,0.2,0.909,10,0.205,0.9318,1503,0
SPY190830C295,2019-08-29,2019-08-29 09:31:03,0.21,0.9545,51,0.2,0.909,2244,0.2,0.909,10,0.205,0.9318,1503,0
SPY190830C295,2019-08-29,2019-08-29 09:31:04,0.21,0.9545,149,0.2,0.909,2244,0.2,0.909,10,0.205,0.9318,1503,0
SPY190830C295,2019-08-29,2019-08-29 09:31:04,0.21,0.9545,99,0.2,0.909,2247,0.21,0.9545,10,0.205,0.9318,1513,10
SPY190830C295,2019-08-29,2019-08-29 09:31:05,0.21,0.9545,16,0.2,0.909,2497,0.21,0.9545,10,0.205,0.9318,1513,0
SPY190830C295,2019-08-29,2019-08-29 09:31:05,0.21,0.9545,85,0.2,0.909,2497,0.2,0.909,4,0.205,0.9318,1526,13
SPY190830C295,2019-08-29,2019-08-29 09:31:06,0.21,0.9545,51,0.2,0.909,2497,0.2,0.909,4,0.205,0.9318,1526,0
SPY190830C295,2019-08-29,2019-08-29 09:31:06,0.21,0.9545,75,0.2,0.909,2497,0.2,0.909,4,0.205,0.9318,1526,0
SPY190830C295,2019-08-29,2019-08-29 09:31:07,0.21,0.9545,4,0.2,0.909,2597,0.2,0.909,4,0.205,0.9318,1526,0
SPY190830C295,2019-08-29,2019-08-29 09:31:07,0.21,0.9545,24,0.2,0.909,2597,0.2,0.909,4,0.205,0.9318,1526,0
SPY190830C295,2019-08-29,2019-08-29 09:31:08,0.21,0.9545,4,0.2,0.909,1812,0.2,0.909,4,0.205,0.9318,1526,0
SPY190830C295,2019-08-29,2019-08-29 09:31:08,0.21,0.9545,4,0.2,0.909,2237,0.2,0.909,4,0.205,0.9318,1526,0
SPY190830C295,2019-08-29,2019-08-29 09:31:09,0.21,0.9545,4,0.2,0.909,2237,0.21,0.9545,4,0.205,0.9318,1686,4
SPY190830C295,2019-08-29,2019-08-29 09:31:09,0.21,0.9545,4,0.2,0.909,2597,0.21,0.9545,65,0.205,0.9318,1682,156
SPY190830C295,2019-08-29,2019-08-29 09:31:10,0.21,0.9545,4,0.2,0.909,3263,0.21,0.9545,4,0.205,0.9318,1686,0
SPY190830C295,2019-08-29,2019-08-29 09:31:11,0.21,0.9545,4,0.2,0.909,2714,0.21,0.9545,4,0.205,0.9318,1686,0
SPY190830C295,2019-08-29,2019-08-29 09:31:12,0.21,0.9545,2,0.2,0.909,2714,0.21,0.9545,4,0.205,0.9318,1686,0
SPY190830C295,2019-08-29,2019-08-29 09:31:12,0.22,1.0,303,0.2,0.909,1762,0.21,0.9545,2,0.21,0.9545,1690,4
SPY190830C295,2019-08-29,2019-08-29 09:31:13,0.22,1.0,260,0.21,0.9545,665,0.22,1.0,21,0.215,0.9772,1711,21
SPY190830C295,2019-08-29,2019-08-29 09:31:13,0.22,1.0,264,0.21,0.9545,291,0.21,0.9545,2,0.215,0.9772,1690,0
SPY190830C295,2019-08-29,2019-08-29 09:31:14,0.22,1.0,260,0.21,0.9545,1185,0.22,1.0,21,0.215,0.9772,1711,0
SPY190830C295,2019-08-29,2019-08-29 09:31:14,0.22,1.0,260,0.21,0.9545,1580,0.22,1.0,21,0.215,0.9772,1711,0
SPY190830C295,2019-08-29,2019-08-29 09:31:15,0.22,1.0,260,0.21,0.9545,1442,0.22,1.0,21,0.215,0.9772,1711,0
SPY190830C295,2019-08-29,2019-08-29 09:31:16,0.22,1.0,260,0.21,0.9545,1442,0.22,1.0,21,0.215,0.9772,1711,0
SPY190830C295,2019-08-29,2019-08-29 09:31:16,0.22,1.0,69,0.21,0.9545,1442,0.22,1.0,21,0.215,0.9772,1711,0
SPY190830C295,2019-08-29,2019-08-29 09:31:17,0.22,1.0,69,0.21,0.9545,1245,0.22,1.0,21,0.215,0.9772,1711,0
SPY190830C295,2019-08-29,2019-08-29 09:31:17,0.22,1.0,296,0.21,0.9545,1166,0.22,1.0,21,0.215,0.9772,1711,0
SPY190830C295,2019-08-29,2019-08-29 09:31:18,0.22,1.0,219,0.2,0.909,775,0.22,1.0,21,0.21,0.9545,1711,0
SPY190830C295,2019-08-29,2019-08-29 09:31:18,0.22,1.0,219,0.21,0.9545,1245,0.22,1.0,21,0.215,0.9772,1711,0
SPY190830C295,2019-08-29,2019-08-29 09:31:19,0.22,1.0,427,0.2,0.909,2706,0.22,1.0,21,0.21,0.9545,1711,0
SPY190830C295,2019-08-29,2019-08-29 09:31:19,0.22,1.0,189,0.21,0.9545,51,0.22,1.0,21,0.215,0.9772,1711,0
SPY190830C295,2019-08-29,2019-08-29 09:31:20,0.22,1.0,313,0.21,0.9545,299,0.22,1.0,21,0.215,0.9772,1711,0
SPY190830C295,2019-08-29,2019-08-29 09:31:20,0.22,1.0,433,0.21,0.9545,155,0.22,1.0,21,0.215,0.9772,1711,0
SPY190830C295,2019-08-29,2019-08-29 09:31:21,0.22,1.0,313,0.21,0.9545,299,0.22,1.0,21,0.215,0.9772,1711,0
SPY190830C295,2019-08-29,2019-08-29 09:31:22,0.22,1.0,313,0.21,0.9545,1358,0.22,1.0,21,0.215,0.9772,1711,0
SPY190830C295,2019-08-29,2019-08-29 09:31:23,0.22,1.0,313,0.21,0.9545,928,0.22,1.0,21,0.215,0.9772,1711,0
SPY190830C295,2019-08-29,2019-08-29 09:31:23,0.22,1.0,313,0.21,0.9545,1358,0.22,1.0,21,0.215,0.9772,1711,0
SPY190830C295,2019-08-29,2019-08-29 09:31:24,0.22,1.0,85,0.2,0.909,2368,0.2,0.909,5,0.21,0.9545,1716,5
SPY190830C295,2019-08-29,2019-08-29 09:31:24,0.21,0.9545,10,0.2,0.909,2368,0.2,0.909,5,0.205,0.9318,1716,0
SPY190830C295,2019-08-29,2019-08-29 09:31:25,0.21,0.9545,10,0.2,0.909,2413,0.2,0.909,5,0.205,0.9318,1716,0
SPY190830C295,2019-08-29,2019-08-29 09:31:25,0.21,0.9545,10,0.2,0.909,2691,0.2,0.909,5,0.205,0.9318,1716,0
SPY190830C295,2019-08-29,2019-08-29 09:31:26,0.21,0.9545,10,0.2,0.909,2668,0.2,0.909,5,0.205,0.9318,1716,0
SPY190830C295,2019-08-29,2019-08-29 09:31:27,0.21,0.9545,10,0.2,0.909,2668,0.2,0.909,5,0.205,0.9318,1716,0
SPY190830C295,2019-08-29,2019-08-29 09:31:28,0.21,0.9545,10,0.2,0.909,2295,0.2,0.909,5,0.205,0.9318,1716,0
SPY190830C295,2019-08-29,2019-08-29 09:31:28,0.21,0.9545,22,0.2,0.909,2794,0.2,0.909,5,0.205,0.9318,1716,0
SPY190830C295,2019-08-29,2019-08-29 09:31:29,0.22,1.0,50,0.21,0.9545,485,0.21,0.9545,12,0.215,0.9772,1738,0
SPY190830C295,2019-08-29,2019-08-29 09:31:29,0.22,1.0,16,0.2,0.909,1993,0.21,0.9545,12,0.21,0.9545,1738,22
SPY190830C295,2019-08-29,2019-08-29 09:31:30,0.22,1.0,137,0.21,0.9545,1358,0.21,0.9545,12,0.215,0.9772,1738,0
SPY190830C295,2019-08-29,2019-08-29 09:31:30,0.22,1.0,51,0.21,0.9545,485,0.21,0.9545,12,0.215,0.9772,1738,0
SPY190830C295,2019-08-29,2019-08-29 09:31:31,0.22,1.0,41,0.21,0.9545,1069,0.21,0.9545,6,0.215,0.9772,1748,10
SPY190830C295,2019-08-29,2019-08-29 09:31:31,0.22,1.0,41,0.21,0.9545,1069,0.21,0.9545,6,0.215,0.9772,1748,0
SPY190830C295,2019-08-29,2019-08-29 09:31:32,0.22,1.0,78,0.21,0.9545,733,0.21,0.9545,6,0.215,0.9772,1748,0
SPY190830C295,2019-08-29,2019-08-29 09:31:33,0.22,1.0,158,0.21,0.9545,1164,0.21,0.9545,6,0.215,0.9772,1748,0
SPY190830C295,2019-08-29,2019-08-29 09:31:34,0.22,1.0,252,0.21,0.9545,873,0.21,0.9545,1,0.215,0.9772,1749,0
SPY190830C295,2019-08-29,2019-08-29 09:31:34,0.22,1.0,252,0.21,0.9545,1164,0.21,0.9545,1,0.215,0.9772,1749,1
SPY190830C295,2019-08-29,2019-08-29 09:31:35,0.22,1.0,277,0.21,0.9545,1997,0.21,0.9545,1,0.215,0.9772,1749,0
SPY190830C295,2019-08-29,2019-08-29 09:31:36,0.22,1.0,277,0.21,0.9545,1997,0.21,0.9545,1,0.215,0.9772,1749,0
SPY190830C295,2019-08-29,2019-08-29 09:31:36,0.22,1.0,252,0.21,0.9545,1674,0.21,0.9545,1,0.215,0.9772,1749,0
SPY190830C295,2019-08-29,2019-08-29 09:31:37,0.22,1.0,252,0.21,0.9545,1963,0.21,0.9545,1,0.215,0.9772,1749,0
SPY190830C295,2019-08-29,2019-08-29 09:31:38,0.22,1.0,855,0.21,0.9545,1097,0.21,0.9545,1,0.215,0.9772,1749,0
SPY190830C295,2019-08-29,2019-08-29 09:31:38,0.22,1.0,840,0.21,0.9545,1913,0.21,0.9545,1,0.215,0.9772,1749,0
SPY190830C295,2019-08-29,2019-08-29 09:31:39,0.22,1.0,855,0.21,0.9545,1097,0.21,0.9545,1,0.215,0.9772,1749,0
SPY190830C295,2019-08-29,2019-08-29 09:31:39,0.22,1.0,260,0.21,0.9545,788,0.21,0.9545,1,0.215,0.9772,1749,0
SPY190830C295,2019-08-29,2019-08-29 09:31:40,0.22,1.0,262,0.21,0.9545,1661,0.21,0.9545,1,0.215,0.9772,1749,0
SPY190830C295,2019-08-29,2019-08-29 09:31:40,0.22,1.0,180,0.21,0.9545,1661,0.21,0.9545,1,0.215,0.9772,1749,0
SPY190830C295,2019-08-29,2019-08-29 09:31:41,0.22,1.0,288,0.21,0.9545,1984,0.21,0.9545,1,0.215,0.9772,1749,0
SPY190830C295,2019-08-29,2019-08-29 09:31:42,0.22,1.0,298,0.21,0.9545,1997,0.21,0.9545,1,0.215,0.9772,1749,0
SPY190830C295,2019-08-29,2019-08-29 09:31:43,0.22,1.0,298,0.21,0.9545,1997,0.21,0.9545,1,0.215,0.9772,1749,0
SPY190830C295,2019-08-29,2019-08-29 09:31:43,0.22,1.0,224,0.21,0.9545,1569,0.21,0.9545,1,0.215,0.9772,1749,0
SPY190830C295,2019-08-29,2019-08-29 09:31:44,0.22,1.0,298,0.21,0.9545,1997,0.21,0.9545,1,0.215,0.9772,1749,0
SPY190830C295,2019-08-29,2019-08-29 09:31:45,0.22,1.0,224,0.21,0.9545,1569,0.21,0.9545,1,0.215,0.9772,1749,0
SPY190830C295,2019-08-29,2019-08-29 09:31:46,0.22,1.0,14,0.21,0.9545,1997,0.21,0.9545,1,0.215,0.9772,1749,0
SPY190830C295,2019-08-29,2019-08-29 09:31:47,0.22,1.0,10,0.21,0.9545,2229,0.21,0.9545,1,0.215,0.9772,1749,0
SPY190830C295,2019-08-29,2019-08-29 09:31:47,0.22,1.0,10,0.21,0.9545,2615,0.21,0.9545,1,0.215,0.9772,1749,0
SPY190830C295,2019-08-29,2019-08-29 09:31:48,0.22,1.0,10,0.21,0.9545,2531,0.21,0.9545,1,0.215,0.9772,1749,0
SPY190830C295,2019-08-29,2019-08-29 09:31:48,0.22,1.0,10,0.21,0.9545,2615,0.21,0.9545,1,0.215,0.9772,1749,0
SPY190830C295,2019-08-29,2019-08-29 09:31:49,0.22,1.0,10,0.21,0.9545,3140,0.21,0.9545,1,0.215,0.9772,1749,0
SPY190830C295,2019-08-29,2019-08-29 09:31:49,0.22,1.0,10,0.22,1.0,804,0.22,1.0,4,0.22,1.0,1771,22
SPY190830C295,2019-08-29,2019-08-29 09:31:50,0.23,1.0454,182,0.22,1.0,1164,0.22,1.0,4,0.225,1.0227,1771,0
SPY190830C295,2019-08-29,2019-08-29 09:31:50,0.23,1.0454,242,0.22,1.0,1164,0.22,1.0,4,0.225,1.0227,1771,0
SPY190830C295,2019-08-29,2019-08-29 09:31:51,0.23,1.0454,185,0.22,1.0,1164,0.22,1.0,4,0.225,1.0227,1771,0
SPY190830C295,2019-08-29,2019-08-29 09:31:51,0.23,1.0454,11,0.22,1.0,1997,0.22,1.0,75,0.225,1.0227,1846,75
SPY190830C295,2019-08-29,2019-08-29 09:31:52,0.23,1.0454,88,0.22,1.0,1997,0.22,1.0,75,0.225,1.0227,1846,0
SPY190830C295,2019-08-29,2019-08-29 09:31:52,0.23,1.0454,86,0.22,1.0,1997,0.22,1.0,75,0.225,1.0227,1846,0
SPY190830C295,2019-08-29,2019-08-29 09:31:53,0.23,1.0454,142,0.22,1.0,1644,0.22,1.0,75,0.225,1.0227,1846,0
SPY190830C295,2019-08-29,2019-08-29 09:31:53,0.23,1.0454,96,0.22,1.0,1997,0.22,1.0,75,0.225,1.0227,1846,0
SPY190830C295,2019-08-29,2019-08-29 09:31:54,0.23,1.0454,10,0.22,1.0,1967,0.22,1.0,30,0.225,1.0227,1876,0
SPY190830C295,2019-08-29,2019-08-29 09:31:54,0.23,1.0454,10,0.22,1.0,1594,0.22,1.0,30,0.225,1.0227,1876,30
SPY190830C295,2019-08-29,2019-08-29 09:31:55,0.23,1.0454,10,0.22,1.0,1967,0.22,1.0,30,0.225,1.0227,1876,0
SPY190830C295,2019-08-29,2019-08-29 09:31:56,0.23,1.0454,15,0.22,1.0,1967,0.22,1.0,1,0.225,1.0227,1877,1
SPY190830C295,2019-08-29,2019-08-29 09:31:56,0.23,1.0454,10,0.22,1.0,1967,0.22,1.0,30,0.225,1.0227,1876,0
SPY190830C295,2019-08-29,2019-08-29 09:31:57,0.23,1.0454,15,0.22,1.0,1967,0.22,1.0,1,0.225,1.0227,1877,0
SPY190830C295,2019-08-29,2019-08-29 09:31:57,0.23,1.0454,10,0.22,1.0,1967,0.22,1.0,1,0.225,1.0227,1877,0
SPY190830C295,2019-08-29,2019-08-29 09:31:58,0.23,1.0454,10,0.22,1.0,1967,0.22,1.0,1,0.225,1.0227,1877,0
SPY190830C295,2019-08-29,2019-08-29 09:31:58,0.23,1.0454,10,0.22,1.0,1644,0.22,1.0,1,0.225,1.0227,1877,0
SPY190830C295,2019-08-29,2019-08-29 09:31:59,0.23,1.0454,15,0.22,1.0,1967,0.22,1.0,1,0.225,1.0227,1877,0
SPY190830C295,2019-08-29,2019-08-29 09:31:59,0.23,1.0454,10,0.22,1.0,1967,0.22,1.0,1,0.225,1.0227,1877,0
SPY190830C295,2019-08-29,2019-08-29 09:32:00,0.24,1.0909,4,0.23,1.0454,500,0.24,1.0909,4,0.235,1.0681,1947,4
SPY190830C295,2019-08-29,2019-08-29 09:32:00,0.24,1.0909,51,0.22,1.0,1917,0.24,1.0909,4,0.23,1.0454,1943,66
SPY190830C295,2019-08-29,2019-08-29 09:32:01,0.25,1.1363,81,0.24,1.0909,345,0.24,1.0909,4,0.245,1.1136,1947,0
SPY190830C295,2019-08-29,2019-08-29 09:32:01,0.25,1.1363,75,0.24,1.0909,300,0.24,1.0909,4,0.245,1.1136,1947,0
SPY190830C295,2019-08-29,2019-08-29 09:32:02,0.25,1.1363,70,0.24,1.0909,1300,0.24,1.0909,4,0.245,1.1136,1947,0
SPY190830C295,2019-08-29,2019-08-29 09:32:02,0.25,1.1363,100,0.24,1.0909,301,0.24,1.0909,4,0.245,1.1136,1947,0
SPY190830C295,2019-08-29,2019-08-29 09:32:03,0.25,1.1363,70,0.24,1.0909,886,0.25,1.1363,60,0.245,1.1136,2017,70
SPY190830C295,2019-08-29,2019-08-29 09:32:03,0.25,1.1363,70,0.24,1.0909,1661,0.24,1.0909,4,0.245,1.1136,1947,0
SPY190830C295,2019-08-29,2019-08-29 09:32:04,0.26,1.1818,10,0.25,1.1363,1812,0.25,1.1363,10,0.255,1.159,2027,0
SPY190830C295,2019-08-29,2019-08-29 09:32:04,0.25,1.1363,10,0.25,1.1363,842,0.25,1.1363,10,0.25,1.1363,2027,10
SPY190830C295,2019-08-29,2019-08-29 09:32:05,0.26,1.1818,10,0.25,1.1363,1674,0.25,1.1363,10,0.255,1.159,2027,0
SPY190830C295,2019-08-29,2019-08-29 09:32:06,0.26,1.1818,176,0.25,1.1363,928,0.25,1.1363,10,0.255,1.159,2027,0
SPY190830C295,2019-08-29,2019-08-29 09:32:06,0.26,1.1818,241,0.25,1.1363,1661,0.25,1.1363,10,0.255,1.159,2027,0
SPY190830C295,2019-08-29,2019-08-29 09:32:07,0.26,1.1818,16,0.25,1.1363,1661,0.25,1.1363,10,0.255,1.159,2027,0
SPY190830C295,2019-08-29,2019-08-29 09:32:07,0.26,1.1818,56,0.25,1.1363,1661,0.25,1.1363,10,0.255,1.159,2027,0
SPY190830C295,2019-08-29,2019-08-29 09:32:08,0.26,1.1818,10,0.25,1.1363,1661,0.25,1.1363,10,0.255,1.159,2027,0
SPY190830C295,2019-08-29,2019-08-29 09:32:08,0.26,1.1818,16,0.25,1.1363,1661,0.25,1.1363,1,0.255,1.159,2028,1
SPY190830C295,2019-08-29,2019-08-29 09:32:09,0.26,1.1818,79,0.25,1.1363,567,0.25,1.1363,10,0.255,1.159,2038,10
SPY190830C295,2019-08-29,2019-08-29 09:32:09,0.26,1.1818,51,0.25,1.1363,1661,0.25,1.1363,1,0.255,1.159,2028,0
SPY190830C295,2019-08-29,2019-08-29 09:32:10,0.26,1.1818,97,0.25,1.1363,733,0.25,1.1363,10,0.255,1.159,2038,0
SPY190830C295,2019-08-29,2019-08-29 09:32:10,0.26,1.1818,63,0.25,1.1363,683,0.25,1.1363,10,0.255,1.159,2038,0
SPY190830C295,2019-08-29,2019-08-29 09:32:11,0.26,1.1818,317,0.24,1.0909,1812,0.25,1.1363,10,0.25,1.1363,2038,0
SPY190830C295,2019-08-29,2019-08-29 09:32:11,0.26,1.1818,294,0.25,1.1363,530,0.26,1.1818,1,0.255,1.159,2039,1
SPY190830C295,2019-08-29,2019-08-29 09:32:12,0.26,1.1818,1058,0.25,1.1363,51,0.26,1.1818,1,0.255,1.159,2039,0
SPY190830C295,2019-08-29,2019-08-29 09:32:12,0.26,1.1818,1751,0.24,1.0909,1661,0.26,1.1818,1,0.25,1.1363,2039,0
SPY190830C295,2019-08-29,2019-08-29 09:32:13,0.26,1.1818,1751,0.24,1.0909,1923,0.26,1.1818,1,0.25,1.1363,2039,0
SPY190830C295,2019-08-29,2019-08-29 09:32:13,0.26,1.1818,1285,0.24,1.0909,1923,0.26,1.1818,1,0.25,1.1363,2039,0
SPY190830C295,2019-08-29,2019-08-29 09:32:14,0.25,1.1363,126,0.24,1.0909,1066,0.26,1.1818,1,0.245,1.1136,2039,0
SPY190830C295,2019-08-29,2019-08-29 09:32:14,0.26,1.1818,1285,0.24,1.0909,1066,0.26,1.1818,1,0.25,1.1363,2039,0
SPY190830C295,2019-08-29,2019-08-29 09:32:15,0.25,1.1363,126,0.24,1.0909,1066,0.26,1.1818,1,0.245,1.1136,2039,0
SPY190830C295,2019-08-29,2019-08-29 09:32:16,0.25,1.1363,1285,0.24,1.0909,683,0.26,1.1818,1,0.245,1.1136,2039,0
SPY190830C295,2019-08-29,2019-08-29 09:32:16,0.25,1.1363,136,0.24,1.0909,733,0.26,1.1818,1,0.245,1.1136,2039,0
SPY190830C295,2019-08-29,2019-08-29 09:32:17,0.25,1.1363,2183,0.24,1.0909,683,0.26,1.1818,1,0.245,1.1136,2039,0
SPY190830C295,2019-08-29,2019-08-29 09:32:18,0.25,1.1363,1085,0.24,1.0909,60,0.26,1.1818,1,0.245,1.1136,2039,0
SPY190830C295,2019-08-29,2019-08-29 09:32:18,0.25,1.1363,2017,0.23,1.0454,1530,0.26,1.1818,1,0.24,1.0909,2039,0
SPY190830C295,2019-08-29,2019-08-29 09:32:19,0.25,1.1363,265,0.23,1.0454,738,0.26,1.1818,1,0.24,1.0909,2039,0
SPY190830C295,2019-08-29,2019-08-29 09:32:19,0.25,1.1363,3177,0.23,1.0454,716,0.26,1.1818,1,0.24,1.0909,2039,0
SPY190830C295,2019-08-29,2019-08-29 09:32:20,0.24,1.0909,110,0.23,1.0454,1112,0.26,1.1818,1,0.235,1.0681,2039,0
SPY190830C295,2019-08-29,2019-08-29 09:32:20,0.24,1.0909,120,0.23,1.0454,1112,0.26,1.1818,1,0.235,1.0681,2039,0
SPY190830C295,2019-08-29,2019-08-29 09:32:21,0.24,1.0909,129,0.23,1.0454,915,0.24,1.0909,10,0.235,1.0681,2057,18
SPY190830C295,2019-08-29,2019-08-29 09:32:22,0.24,1.0909,125,0.23,1.0454,1112,0.24,1.0909,10,0.235,1.0681,2057,0
SPY190830C295,2019-08-29,2019-08-29 09:32:23,0.24,1.0909,10,0.23,1.0454,1112,0.24,1.0909,2,0.235,1.0681,2059,0
SPY190830C295,2019-08-29,2019-08-29 09:32:23,0.24,1.0909,18,0.23,1.0454,925,0.24,1.0909,2,0.235,1.0681,2059,2
SPY190830C295,2019-08-29,2019-08-29 09:32:24,0.24,1.0909,10,0.23,1.0454,1112,0.24,1.0909,2,0.235,1.0681,2059,0
SPY190830C295,2019-08-29,2019-08-29 09:32:24,0.24,1.0909,120,0.23,1.0454,1112,0.24,1.0909,2,0.235,1.0681,2059,0
SPY190830C295,2019-08-29,2019-08-29 09:32:25,0.25,1.1363,2018,0.24,1.0909,716,0.24,1.0909,1,0.245,1.1136,2060,0
SPY190830C295,2019-08-29,2019-08-29 09:32:25,0.25,1.1363,1537,0.23,1.0454,800,0.24,1.0909,1,0.24,1.0909,2060,1
SPY190830C295,2019-08-29,2019-08-29 09:32:26,0.25,1.1363,1590,0.24,1.0909,733,0.24,1.0909,1,0.245,1.1136,2060,0
SPY190830C295,2019-08-29,2019-08-29 09:32:26,0.25,1.1363,2256,0.24,1.0909,716,0.24,1.0909,1,0.245,1.1136,2060,0
SPY190830C295,2019-08-29,2019-08-29 09:32:27,0.25,1.1363,478,0.24,1.0909,733,0.24,1.0909,1,0.245,1.1136,2060,0
SPY190830C295,2019-08-29,2019-08-29 09:32:27,0.25,1.1363,390,0.24,1.0909,733,0.24,1.0909,1,0.245,1.1136,2060,0
SPY190830C295,2019-08-29,2019-08-29 09:32:28,0.25,1.1363,982,0.24,1.0909,805,0.25,1.1363,1,0.245,1.1136,2061,1
SPY190830C295,2019-08-29,2019-08-29 09:32:28,0.25,1.1363,942,0.24,1.0909,1112,0.25,1.1363,5,0.245,1.1136,2071,10
SPY190830C295,2019-08-29,2019-08-29 09:32:29,0.26,1.1818,2814,0.24,1.0909,1112,0.25,1.1363,3,0.25,1.1363,2074,0
SPY190830C295,2019-08-29,2019-08-29 09:32:29,0.26,1.1818,2370,0.24,1.0909,671,0.25,1.1363,3,0.25,1.1363,2074,3
SPY190830C295,2019-08-29,2019-08-29 09:32:30,0.26,1.1818,2814,0.25,1.1363,563,0.25,1.1363,3,0.255,1.159,2074,0
SPY190830C295,2019-08-29,2019-08-29 09:32:31,0.26,1.1818,407,0.25,1.1363,550,0.25,1.1363,1,0.255,1.159,2075,1
SPY190830C295,2019-08-29,2019-08-29 09:32:31,0.26,1.1818,2676,0.25,1.1363,733,0.25,1.1363,3,0.255,1.159,2074,0
SPY190830C295,2019-08-29,2019-08-29 09:32:32,0.26,1.1818,1362,0.25,1.1363,624,0.25,1.1363,1,0.255,1.159,2075,0
SPY190830C295,2019-08-29,2019-08-29 09:32:32,0.26,1.1818,1676,0.25,1.1363,733,0.25,1.1363,1,0.255,1.159,2075,0
SPY190830C295,2019-08-29,2019-08-29 09:32:33,0.26,1.1818,123,0.25,1.1363,953,0.25,1.1363,1,0.255,1.159,2075,0
SPY190830C295,2019-08-29,2019-08-29 09:32:34,0.27,1.2272,2363,0.26,1.1818,733,0.27,1.2272,9,0.265,1.2045,2105,19
SPY190830C295,2019-08-29,2019-08-29 09:32:34,0.26,1.1818,4,0.25,1.1363,733,0.26,1.1818,2,0.255,1.159,2086,11
SPY190830C295,2019-08-29,2019-08-29 09:32:35,0.27,1.2272,2363,0.26,1.1818,733,0.28,1.2727,35,0.265,1.2045,2162,57
SPY190830C295,2019-08-29,2019-08-29 09:32:35,0.27,1.2272,2323,0.26,1.1818,733,0.28,1.2727,35,0.265,1.2045,2162,0
SPY190830C295,2019-08-29,2019-08-29 09:32:36,0.27,1.2272,2996,0.26,1.1818,733,0.28,1.2727,35,0.265,1.2045,2162,0
SPY190830C295,2019-08-29,2019-08-29 09:32:36,0.27,1.2272,2712,0.26,1.1818,733,0.28,1.2727,35,0.265,1.2045,2162,0
SPY190830C295,2019-08-29,2019-08-29 09:32:37,0.27,1.2272,2094,0.25,1.1363,1246,0.28,1.2727,35,0.26,1.1818,2162,0
SPY190830C295,2019-08-29,2019-08-29 09:32:37,0.27,1.2272,2996,0.26,1.1818,733,0.28,1.2727,35,0.265,1.2045,2162,0
SPY190830C295,2019-08-29,2019-08-29 09:32:38,0.27,1.2272,2173,0.26,1.1818,142,0.28,1.2727,35,0.265,1.2045,2162,0
SPY190830C295,2019-08-29,2019-08-29 09:32:38,0.27,1.2272,2133,0.26,1.1818,67,0.28,1.2727,35,0.265,1.2045,2162,0
SPY190830C295,2019-08-29,2019-08-29 09:32:39,0.27,1.2272,2512,0.26,1.1818,67,0.28,1.2727,35,0.265,1.2045,2162,0
SPY190830C295,2019-08-29,2019-08-29 09:32:39,0.27,1.2272,2796,0.25,1.1363,1945,0.28,1.2727,35,0.26,1.1818,2162,0
SPY190830C295,2019-08-29,2019-08-29 09:32:40,0.27,1.2272,2691,0.26,1.1818,716,0.28,1.2727,35,0.265,1.2045,2162,0
SPY190830C295,2019-08-29,2019-08-29 09:32:41,0.27,1.2272,2691,0.26,1.1818,716,0.28,1.2727,35,0.265,1.2045,2162,0
SPY190830C295,2019-08-29,2019-08-29 09:32:42,0.27,1.2272,2692,0.26,1.1818,551,0.28,1.2727,35,0.265,1.2045,2162,0
SPY190830C295,2019-08-29,2019-08-29 09:32:43,0.27,1.2272,1029,0.26,1.1818,733,0.28,1.2727,35,0.265,1.2045,2162,0
SPY190830C295,2019-08-29,2019-08-29 09:32:43,0.27,1.2272,164,0.26,1.1818,925,0.28,1.2727,35,0.265,1.2045,2162,0
SPY190830C295,2019-08-29,2019-08-29 09:32:44,0.27,1.2272,180,0.26,1.1818,925,0.27,1.2272,10,0.265,1.2045,2172,0
SPY190830C295,2019-08-29,2019-08-29 09:32:44,0.27,1.2272,164,0.26,1.1818,925,0.27,1.2272,10,0.265,1.2045,2172,10
SPY190830C295,2019-08-29,2019-08-29 09:32:45,0.27,1.2272,198,0.26,1.1818,925,0.27,1.2272,10,0.265,1.2045,2172,0
SPY190830C295,2019-08-29,2019-08-29 09:32:45,0.27,1.2272,180,0.26,1.1818,925,0.27,1.2272,10,0.265,1.2045,2172,0
SPY190830C295,2019-08-29,2019-08-29 09:32:46,0.27,1.2272,382,0.26,1.1818,925,0.26,1.1818,10,0.265,1.2045,2182,0
SPY190830C295,2019-08-29,2019-08-29 09:32:46,0.27,1.2272,136,0.26,1.1818,925,0.26,1.1818,10,0.265,1.2045,2182,10
SPY190830C295,2019-08-29,2019-08-29 09:32:47,0.27,1.2272,736,0.26,1.1818,1045,0.26,1.1818,10,0.265,1.2045,2182,0
SPY190830C295,2019-08-29,2019-08-29 09:32:47,0.27,1.2272,882,0.26,1.1818,733,0.26,1.1818,10,0.265,1.2045,2182,0
SPY190830C295,2019-08-29,2019-08-29 09:32:48,0.27,1.2272,464,0.26,1.1818,996,0.26,1.1818,10,0.265,1.2045,2182,0
SPY190830C295,2019-08-29,2019-08-29 09:32:48,0.27,1.2272,175,0.26,1.1818,996,0.26,1.1818,10,0.265,1.2045,2182,0
SPY190830C295,2019-08-29,2019-08-29 09:32:49,0.28,1.2727,826,0.26,1.1818,2074,0.27,1.2272,6,0.27,1.2272,2198,0
SPY190830C295,2019-08-29,2019-08-29 09:32:49,0.27,1.2272,18,0.26,1.1818,2024,0.27,1.2272,6,0.265,1.2045,2198,16
SPY190830C295,2019-08-29,2019-08-29 09:32:50,0.28,1.2727,1513,0.27,1.2272,666,0.27,1.2272,6,0.275,1.25,2198,0
SPY190830C295,2019-08-29,2019-08-29 09:32:50,0.28,1.2727,1473,0.27,1.2272,716,0.27,1.2272,6,0.275,1.25,2198,0
SPY190830C295,2019-08-29,2019-08-29 09:32:51,0.28,1.2727,10,0.27,1.2272,1661,0.27,1.2272,6,0.275,1.25,2198,0
SPY190830C295,2019-08-29,2019-08-29 09:32:51,0.28,1.2727,10,0.27,1.2272,733,0.27,1.2272,6,0.275,1.25,2198,0
SPY190830C295,2019-08-29,2019-08-29 09:32:52,0.28,1.2727,11,0.27,1.2272,1923,0.28,1.2727,5,0.275,1.25,2213,5
SPY190830C295,2019-08-29,2019-08-29 09:32:52,0.28,1.2727,11,0.27,1.2272,1661,0.27,1.2272,10,0.275,1.25,2208,10
SPY190830C295,2019-08-29,2019-08-29 09:32:53,0.28,1.2727,10,0.27,1.2272,1066,0.28,1.2727,5,0.275,1.25,2213,0
SPY190830C295,2019-08-29,2019-08-29 09:32:53,0.28,1.2727,11,0.27,1.2272,1923,0.28,1.2727,5,0.275,1.25,2213,0
SPY190830C295,2019-08-29,2019-08-29 09:32:54,0.28,1.2727,10,0.27,1.2272,2074,0.28,1.2727,5,0.275,1.25,2213,0
SPY190830C295,2019-08-29,2019-08-29 09:32:55,0.28,1.2727,10,0.27,1.2272,1918,0.28,1.2727,5,0.275,1.25,2213,0
SPY190830C295,2019-08-29,2019-08-29 09:32:56,0.28,1.2727,15,0.27,1.2272,1918,0.28,1.2727,5,0.275,1.25,2213,0
SPY190830C295,2019-08-29,2019-08-29 09:32:56,0.28,1.2727,24,0.27,1.2272,1918,0.28,1.2727,10,0.275,1.25,2223,10
SPY190830C295,2019-08-29,2019-08-29 09:32:57,0.29,1.3181,1645,0.27,1.2272,1918,0.28,1.2727,10,0.28,1.2727,2223,0
SPY190830C295,2019-08-29,2019-08-29 09:32:57,0.29,1.3181,3004,0.27,1.2272,1918,0.28,1.2727,10,0.28,1.2727,2223,0
SPY190830C295,2019-08-29,2019-08-29 09:32:58,0.28,1.2727,16,0.27,1.2272,1918,0.28,1.2727,10,0.275,1.25,2223,0
SPY190830C295,2019-08-29,2019-08-29 09:32:58,0.29,1.3181,2716,0.27,1.2272,1918,0.28,1.2727,10,0.28,1.2727,2223,0
SPY190830C295,2019-08-29,2019-08-29 09:32:59,0.29,1.3181,310,0.27,1.2272,1737,0.28,1.2727,10,0.28,1.2727,2223,0
SPY190830C295,2019-08-29,2019-08-29 09:32:59,0.29,1.3181,1920,0.27,1.2272,1058,0.28,1.2727,10,0.28,1.2727,2223,0
SPY190830C295,2019-08-29,2019-08-29 09:33:00,0.29,1.3181,673,0.28,1.2727,716,0.29,1.3181,10,0.285,1.2954,2233,0
SPY190830C295,2019-08-29,2019-08-29 09:33:00,0.29,1.3181,830,0.28,1.2727,495,0.29,1.3181,10,0.285,1.2954,2233,10
SPY190830C295,2019-08-29,2019-08-29 09:33:01,0.29,1.3181,132,0.28,1.2727,716,0.29,1.3181,10,0.285,1.2954,2233,0
SPY190830C295,2019-08-29,2019-08-29 09:33:01,0.29,1.3181,922,0.27,1.2272,1762,0.29,1.3181,10,0.28,1.2727,2233,0
SPY190830C295,2019-08-29,2019-08-29 09:33:02,0.29,1.3181,422,0.28,1.2727,716,0.29,1.3181,10,0.285,1.2954,2233,0
SPY190830C295,2019-08-29,2019-08-29 09:33:02,0.29,1.3181,221,0.28,1.2727,716,0.29,1.3181,10,0.285,1.2954,2233,0
SPY190830C295,2019-08-29,2019-08-29 09:33:03,0.29,1.3181,362,0.28,1.2727,763,0.29,1.3181,10,0.285,1.2954,2233,0
SPY190830C295,2019-08-29,2019-08-29 09:33:03,0.29,1.3181,362,0.28,1.2727,973,0.29,1.3181,10,0.285,1.2954,2233,0
SPY190830C295,2019-08-29,2019-08-29 09:33:04,0.29,1.3181,362,0.28,1.2727,763,0.29,1.3181,10,0.285,1.2954,2233,0
SPY190830C295,2019-08-29,2019-08-29 09:33:05,0.29,1.3181,66,0.28,1.2727,1905,0.28,1.2727,2,0.285,1.2954,2235,2
SPY190830C295,2019-08-29,2019-08-29 09:33:05,0.29,1.3181,66,0.28,1.2727,1429,0.29,1.3181,10,0.285,1.2954,2233,0
SPY190830C295,2019-08-29,2019-08-29 09:33:06,0.29,1.3181,66,0.28,1.2727,1905,0.28,1.2727,2,0.285,1.2954,2235,0
SPY190830C295,2019-08-29,2019-08-29 09:33:07,0.29,1.3181,4,0.28,1.2727,1905,0.28,1.2727,2,0.285,1.2954,2235,0
SPY190830C295,2019-08-29,2019-08-29 09:33:08,0.29,1.3181,4,0.28,1.2727,1905,0.28,1.2727,2,0.285,1.2954,2235,0
SPY190830C295,2019-08-29,2019-08-29 09:33:08,0.29,1.3181,125,0.28,1.2727,1855,0.28,1.2727,2,0.285,1.2954,2235,0
SPY190830C295,2019-08-29,2019-08-29 09:33:09,0.29,1.3181,189,0.28,1.2727,1918,0.28,1.2727,2,0.285,1.2954,2235,0
SPY190830C295,2019-08-29,2019-08-29 09:33:10,0.29,1.3181,279,0.28,1.2727,1918,0.28,1.2727,2,0.285,1.2954,2235,0
SPY190830C295,2019-08-29,2019-08-29 09:33:11,0.29,1.3181,517,0.28,1.2727,500,0.29,1.3181,2,0.285,1.2954,2237,2
SPY190830C295,2019-08-29,2019-08-29 09:33:11,0.29,1.3181,966,0.28,1.2727,500,0.29,1.3181,2,0.285,1.2954,2237,0
SPY190830C295,2019-08-29,2019-08-29 09:33:12,0.29,1.3181,1983,0.28,1.2727,500,0.29,1.3181,2,0.285,1.2954,2237,0
SPY190830C295,2019-08-29,2019-08-29 09:33:12,0.29,1.3181,1598,0.28,1.2727,550,0.29,1.3181,2,0.285,1.2954,2237,0
SPY190830C295,2019-08-29,2019-08-29 09:33:13,0.29,1.3181,747,0.28,1.2727,550,0.29,1.3181,2,0.285,1.2954,2237,0
SPY190830C295,2019-08-29,2019-08-29 09:33:13,0.29,1.3181,2219,0.28,1.2727,550,0.29,1.3181,2,0.285,1.2954,2237,0
SPY190830C295,2019-08-29,2019-08-29 09:33:14,0.29,1.3181,2586,0.28,1.2727,733,0.29,1.3181,2,0.285,1.2954,2237,0
SPY190830C295,2019-08-29,2019-08-29 09:33:14,0.29,1.3181,2546,0.28,1.2727,550,0.29,1.3181,2,0.285,1.2954,2237,0
SPY190830C295,2019-08-29,2019-08-29 09:33:15,0.29,1.3181,2546,0.28,1.2727,1121,0.29,1.3181,2,0.285,1.2954,2237,0
SPY190830C295,2019-08-29,2019-08-29 09:33:15,0.29,1.3181,2499,0.28,1.2727,1121,0.29,1.3181,2,0.285,1.2954,2237,0
SPY190830C295,2019-08-29,2019-08-29 09:33:16,0.29,1.3181,2499,0.28,1.2727,1121,0.29,1.3181,10,0.285,1.2954,2247,10
SPY190830C295,2019-08-29,2019-08-29 09:33:16,0.29,1.3181,2499,0.28,1.2727,1121,0.29,1.3181,2,0.285,1.2954,2237,0
SPY190830C295,2019-08-29,2019-08-29 09:33:17,0.29,1.3181,2499,0.28,1.2727,733,0.29,1.3181,10,0.285,1.2954,2247,0
SPY190830C295,2019-08-29,2019-08-29 09:33:17,0.29,1.3181,2459,0.28,1.2727,567,0.29,1.3181,1,0.285,1.2954,2251,4
SPY190830C295,2019-08-29,2019-08-29 09:33:18,0.29,1.3181,2499,0.28,1.2727,567,0.29,1.3181,1,0.285,1.2954,2251,0
SPY190830C295,2019-08-29,2019-08-29 09:33:18,0.29,1.3181,2499,0.28,1.2727,1119,0.28,1.2727,1,0.285,1.2954,2253,2
SPY190830C295,2019-08-29,2019-08-29 09:33:19,0.29,1.3181,2459,0.28,1.2727,1117,0.28,1.2727,1,0.285,1.2954,2254,0
SPY190830C295,2019-08-29,2019-08-29 09:33:19,0.29,1.3181,2255,0.28,1.2727,730,0.28,1.2727,1,0.285,1.2954,2254,1
SPY190830C295,2019-08-29,2019-08-29 09:33:20,0.29,1.3181,2238,0.28,1.2727,1117,0.29,1.3181,5,0.285,1.2954,2259,5
SPY190830C295,2019-08-29,2019-08-29 09:33:20,0.29,1.3181,870,0.28,1.2727,1468,0.29,1.3181,5,0.285,1.2954,2259,0
SPY190830C295,2019-08-29,2019-08-29 09:33:21,0.29,1.3181,167,0.28,1.2727,839,0.29,1.3181,1,0.285,1.2954,2260,0
SPY190830C295,2019-08-29,2019-08-29 09:33:21,0.29,1.3181,870,0.28,1.2727,1224,0.29,1.3181,1,0.285,1.2954,2260,1
SPY190830C295,2019-08-29,2019-08-29 09:33:22,0.29,1.3181,217,0.28,1.2727,1526,0.29,1.3181,1,0.285,1.2954,2260,0
SPY190830C295,2019-08-29,2019-08-29 09:33:22,0.29,1.3181,286,0.28,1.2727,1145,0.29,1.3181,1,0.285,1.2954,2260,0
SPY190830C295,2019-08-29,2019-08-29 09:33:23,0.29,1.3181,111,0.28,1.2727,1526,0.29,1.3181,1,0.285,1.2954,2260,0
SPY190830C295,2019-08-29,2019-08-29 09:33:23,0.29,1.3181,20,0.28,1.2727,1526,0.29,1.3181,1,0.285,1.2954,2260,0
SPY190830C295,2019-08-29,2019-08-29 09:33:24,0.29,1.3181,20,0.28,1.2727,2519,0.29,1.3181,2,0.285,1.2954,2262,2
SPY190830C295,2019-08-29,2019-08-29 09:33:24,0.29,1.3181,20,0.28,1.2727,2519,0.29,1.3181,2,0.285,1.2954,2262,0
SPY190830C295,2019-08-29,2019-08-29 09:33:25,0.29,1.3181,20,0.28,1.2727,2519,0.29,1.3181,2,0.285,1.2954,2262,0
SPY190830C295,2019-08-29,2019-08-29 09:33:25,0.29,1.3181,2,0.28,1.2727,1028,0.29,1.3181,2,0.285,1.2954,2262,0
SPY190830C295,2019-08-29,2019-08-29 09:33:26,0.29,1.3181,3,0.28,1.2727,1028,0.29,1.3181,2,0.285,1.2954,2262,0
SPY190830C295,2019-08-29,2019-08-29 09:33:26,0.29,1.3181,106,0.28,1.2727,1028,0.29,1.3181,2,0.285,1.2954,2262,0
SPY190830C295,2019-08-29,2019-08-29 09:33:27,0.29,1.3181,112,0.28,1.2727,1028,0.29,1.3181,2,0.285,1.2954,2262,0
SPY190830C295,2019-08-29,2019-08-29 09:33:27,0.29,1.3181,112,0.28,1.2727,1156,0.29,1.3181,2,0.285,1.2954,2262,0
SPY190830C295,2019-08-29,2019-08-29 09:33:28,0.29,1.3181,1,0.28,1.2727,1028,0.28,1.2727,1,0.285,1.2954,2285,23
SPY190830C295,2019-08-29,2019-08-29 09:33:28,0.29,1.3181,1,0.28,1.2727,1028,0.28,1.2727,1,0.285,1.2954,2285,0
SPY190830C295,2019-08-29,2019-08-29 09:33:29,0.29,1.3181,1,0.28,1.2727,800,0.31,1.409,36,0.285,1.2954,2321,0
SPY190830C295,2019-08-29,2019-08-29 09:33:29,0.29,1.3181,150,0.28,1.2727,1030,0.28,1.2727,1,0.285,1.2954,2321,36
SPY190830C295,2019-08-29,2019-08-29 09:33:30,0.29,1.3181,1,0.28,1.2727,1011,0.31,1.409,36,0.285,1.2954,2321,0
SPY190830C295,2019-08-29,2019-08-29 09:33:30,0.29,1.3181,1,0.28,1.2727,2513,0.31,1.409,36,0.285,1.2954,2321,0
SPY190830C295,2019-08-29,2019-08-29 09:33:31,0.29,1.3181,1,0.28,1.2727,2375,0.28,1.2727,200,0.285,1.2954,2521,200
SPY190830C295,2019-08-29,2019-08-29 09:33:31,0.29,1.3181,1,0.28,1.2727,2513,0.31,1.409,36,0.285,1.2954,2321,0
SPY190830C295,2019-08-29,2019-08-29 09:33:32,0.29,1.3181,1,0.28,1.2727,2375,0.28,1.2727,200,0.285,1.2954,2521,0
SPY190830C295,2019-08-29,2019-08-29 09:33:33,0.29,1.3181,1,0.28,1.2727,2375,0.28,1.2727,200,0.285,1.2954,2521,0
SPY190830C295,2019-08-29,2019-08-29 09:33:34,0.29,1.3181,1,0.28,1.2727,2209,0.28,1.2727,200,0.285,1.2954,2521,0
SPY190830C295,2019-08-29,2019-08-29 09:33:35,0.29,1.3181,2,0.28,1.2727,1981,0.28,1.2727,200,0.285,1.2954,2521,0
SPY190830C295,2019-08-29,2019-08-29 09:33:35,0.29,1.3181,2,0.28,1.2727,2302,0.28,1.2727,200,0.285,1.2954,2521,0
SPY190830C295,2019-08-29,2019-08-29 09:33:36,0.29,1.3181,1,0.28,1.2727,2216,0.28,1.2727,200,0.285,1.2954,2521,0
SPY190830C295,2019-08-29,2019-08-29 09:33:36,0.29,1.3181,1,0.29,1.3181,5,0.29,1.3181,1,0.29,1.3181,2522,1
SPY190830C295,2019-08-29,2019-08-29 09:33:37,0.3,1.3636,2428,0.29,1.3181,5,0.29,1.3181,1,0.295,1.3409,2522,0
SPY190830C295,2019-08-29,2019-08-29 09:33:37,0.3,1.3636,2200,0.28,1.2727,1888,0.29,1.3181,1,0.29,1.3181,2522,0
SPY190830C295,2019-08-29,2019-08-29 09:33:38,0.3,1.3636,2200,0.28,1.2727,1537,0.29,1.3181,1,0.29,1.3181,2522,0
SPY190830C295,2019-08-29,2019-08-29 09:33:38,0.3,1.3636,2428,0.28,1.2727,2116,0.29,1.3181,1,0.29,1.3181,2522,0
SPY190830C295,2019-08-29,2019-08-29 09:33:39,0.3,1.3636,2455,0.28,1.2727,912,0.29,1.3181,1,0.29,1.3181,2522,0
SPY190830C295,2019-08-29,2019-08-29 09:33:40,0.3,1.3636,2492,0.28,1.2727,1388,0.29,1.3181,1,0.29,1.3181,2522,0
SPY190830C295,2019-08-29,2019-08-29 09:33:40,0.3,1.3636,2806,0.29,1.3181,16,0.29,1.3181,1,0.295,1.3409,2522,0
SPY190830C295,2019-08-29,2019-08-29 09:33:41,0.3,1.3636,2205,0.28,1.2727,1420,0.29,1.3181,1,0.29,1.3181,2522,0
SPY190830C295,2019-08-29,2019-08-29 09:33:41,0.3,1.3636,2568,0.28,1.2727,716,0.31,1.409,30,0.29,1.3181,2552,30
SPY190830C295,2019-08-29,2019-08-29 09:33:42,0.29,1.3181,237,0.28,1.2727,721,0.31,1.409,30,0.285,1.2954,2552,0
SPY190830C295,2019-08-29,2019-08-29 09:33:42,0.3,1.3636,2518,0.28,1.2727,716,0.31,1.409,30,0.29,1.3181,2552,0
SPY190830C295,2019-08-29,2019-08-29 09:33:43,0.3,1.3636,2180,0.29,1.3181,1,0.31,1.409,30,0.295,1.3409,2552,0
SPY190830C295,2019-08-29,2019-08-29 09:33:43,0.3,1.3636,2522,0.29,1.3181,1,0.31,1.409,30,0.295,1.3409,2552,0
SPY190830C295,2019-08-29,2019-08-29 09:33:44,0.3,1.3636,2180,0.29,1.3181,1,0.31,1.409,30,0.295,1.3409,2552,0
SPY190830C295,2019-08-29,2019-08-29 09:33:44,0.3,1.3636,2412,0.29,1.3181,1,0.31,1.409,30,0.295,1.3409,2552,0
SPY190830C295,2019-08-29,2019-08-29 09:33:45,0.3,1.3636,2730,0.29,1.3181,1,0.31,1.409,30,0.295,1.3409,2552,0
SPY190830C295,2019-08-29,2019-08-29 09:33:45,0.3,1.3636,2520,0.29,1.3181,1,0.31,1.409,30,0.295,1.3409,2552,0
SPY190830C295,2019-08-29,2019-08-29 09:33:46,0.3,1.3636,2788,0.29,1.3181,1,0.31,1.409,30,0.295,1.3409,2552,0
SPY190830C295,2019-08-29,2019-08-29 09:33:46,0.3,1.3636,2738,0.29,1.3181,1,0.31,1.409,30,0.295,1.3409,2552,0
SPY190830C295,2019-08-29,2019-08-29 09:33:47,0.3,1.3636,2697,0.29,1.3181,1,0.31,1.409,30,0.295,1.3409,2552,0
SPY190830C295,2019-08-29,2019-08-29 09:33:47,0.3,1.3636,2647,0.29,1.3181,1,0.31,1.409,30,0.295,1.3409,2552,0
SPY190830C295,2019-08-29,2019-08-29 09:33:48,0.3,1.3636,3910,0.29,1.3181,1,0.31,1.409,30,0.295,1.3409,2552,0
SPY190830C295,2019-08-29,2019-08-29 09:33:48,0.3,1.3636,2697,0.29,1.3181,1,0.31,1.409,30,0.295,1.3409,2552,0
SPY190830C295,2019-08-29,2019-08-29 09:33:49,0.3,1.3636,362,0.29,1.3181,1,0.31,1.409,30,0.295,1.3409,2552,0
SPY190830C295,2019-08-29,2019-08-29 09:33:49,0.3,1.3636,3860,0.29,1.3181,1,0.31,1.409,30,0.295,1.3409,2552,0
SPY190830C295,2019-08-29,2019-08-29 09:33:50,0.3,1.3636,191,0.29,1.3181,574,0.29,1.3181,4,0.295,1.3409,2557,0
SPY190830C295,2019-08-29,2019-08-29 09:33:50,0.29,1.3181,4,0.29,1.3181,500,0.29,1.3181,4,0.29,1.3181,2557,5
SPY190830C295,2019-08-29,2019-08-29 09:33:51,0.3,1.3636,191,0.29,1.3181,100,0.3,1.3636,1,0.295,1.3409,2558,1
SPY190830C295,2019-08-29,2019-08-29 09:33:52,0.3,1.3636,191,0.29,1.3181,112,0.3,1.3636,1,0.295,1.3409,2558,0
SPY190830C295,2019-08-29,2019-08-29 09:33:52,0.3,1.3636,235,0.29,1.3181,117,0.3,1.3636,20,0.295,1.3409,2578,20
SPY190830C295,2019-08-29,2019-08-29 09:33:53,0.3,1.3636,285,0.29,1.3181,89,0.3,1.3636,20,0.295,1.3409,2578,0
SPY190830C295,2019-08-29,2019-08-29 09:33:53,0.3,1.3636,285,0.29,1.3181,500,0.3,1.3636,20,0.295,1.3409,2578,0
SPY190830C295,2019-08-29,2019-08-29 09:33:54,0.3,1.3636,168,0.29,1.3181,256,0.3,1.3636,20,0.295,1.3409,2578,0
SPY190830C295,2019-08-29,2019-08-29 09:33:54,0.3,1.3636,342,0.29,1.3181,256,0.3,1.3636,4,0.295,1.3409,2582,4
SPY190830C295,2019-08-29,2019-08-29 09:33:55,0.3,1.3636,342,0.29,1.3181,191,0.29,1.3181,5,0.295,1.3409,2587,5
SPY190830C295,2019-08-29,2019-08-29 09:33:55,0.3,1.3636,342,0.29,1.3181,191,0.3,1.3636,98,0.295,1.3409,2687,100
SPY190830C295,2019-08-29,2019-08-29 09:33:56,0.3,1.3636,229,0.29,1.3181,191,0.3,1.3636,18,0.295,1.3409,2732,45
SPY190830C295,2019-08-29,2019-08-29 09:33:56,0.3,1.3636,342,0.29,1.3181,191,0.3,1.3636,98,0.295,1.3409,2687,0
SPY190830C295,2019-08-29,2019-08-29 09:33:57,0.3,1.3636,426,0.29,1.3181,191,0.3,1.3636,18,0.295,1.3409,2732,0
SPY190830C295,2019-08-29,2019-08-29 09:33:57,0.3,1.3636,682,0.29,1.3181,191,0.3,1.3636,18,0.295,1.3409,2732,0
SPY190830C295,2019-08-29,2019-08-29 09:33:58,0.3,1.3636,2545,0.28,1.2727,1815,0.3,1.3636,18,0.29,1.3181,2732,0
SPY190830C295,2019-08-29,2019-08-29 09:33:58,0.3,1.3636,2876,0.28,1.2727,1815,0.3,1.3636,18,0.29,1.3181,2732,0
SPY190830C295,2019-08-29,2019-08-29 09:33:59,0.3,1.3636,3989,0.28,1.2727,1037,0.3,1.3636,18,0.29,1.3181,2732,0
SPY190830C295,2019-08-29,2019-08-29 09:33:59,0.3,1.3636,1929,0.28,1.2727,1520,0.3,1.3636,18,0.29,1.3181,2732,0
SPY190830C295,2019-08-29,2019-08-29 09:34:00,0.3,1.3636,2012,0.29,1.3181,12,0.3,1.3636,18,0.295,1.3409,2732,0
SPY190830C295,2019-08-29,2019-08-29 09:34:00,0.3,1.3636,607,0.29,1.3181,100,0.3,1.3636,18,0.295,1.3409,2732,0
SPY190830C295,2019-08-29,2019-08-29 09:34:01,0.3,1.3636,3338,0.28,1.2727,997,0.3,1.3636,18,0.29,1.3181,2732,0
SPY190830C295,2019-08-29,2019-08-29 09:34:01,0.3,1.3636,3606,0.28,1.2727,1037,0.3,1.3636,18,0.29,1.3181,2732,0
SPY190830C295,2019-08-29,2019-08-29 09:34:02,0.3,1.3636,3523,0.29,1.3181,67,0.3,1.3636,18,0.295,1.3409,2732,0
SPY190830C295,2019-08-29,2019-08-29 09:34:02,0.3,1.3636,3606,0.29,1.3181,67,0.3,1.3636,18,0.295,1.3409,2732,0
SPY190830C295,2019-08-29,2019-08-29 09:34:03,0.3,1.3636,2792,0.29,1.3181,22,0.3,1.3636,1,0.295,1.3409,2733,0
SPY190830C295,2019-08-29,2019-08-29 09:34:03,0.3,1.3636,3344,0.29,1.3181,67,0.3,1.3636,1,0.295,1.3409,2733,1
SPY190830C295,2019-08-29,2019-08-29 09:34:04,0.3,1.3636,3384,0.29,1.3181,22,0.3,1.3636,1,0.295,1.3409,2733,0
SPY190830C295,2019-08-29,2019-08-29 09:34:05,0.3,1.3636,2913,0.29,1.3181,22,0.3,1.3636,1,0.295,1.3409,2733,0
SPY190830C295,2019-08-29,2019-08-29 09:34:06,0.3,1.3636,2831,0.29,1.3181,22,0.3,1.3636,1,0.295,1.3409,2733,0
SPY190830C295,2019-08-29,2019-08-29 09:34:06,0.3,1.3636,2831,0.29,1.3181,22,0.3,1.3636,1,0.295,1.3409,2734,1
SPY190830C295,2019-08-29,2019-08-29 09:34:07,0.3,1.3636,2831,0.29,1.3181,89,0.3,1.3636,1,0.295,1.3409,2734,0
SPY190830C295,2019-08-29,2019-08-29 09:34:07,0.3,1.3636,2831,0.29,1.3181,22,0.3,1.3636,1,0.295,1.3409,2734,0
SPY190830C295,2019-08-29,2019-08-29 09:34:08,0.3,1.3636,2518,0.29,1.3181,89,0.3,1.3636,1,0.295,1.3409,2734,0
SPY190830C295,2019-08-29,2019-08-29 09:34:09,0.3,1.3636,2432,0.29,1.3181,666,0.3,1.3636,1,0.295,1.3409,2734,0
SPY190830C295,2019-08-29,2019-08-29 09:34:09,0.3,1.3636,2949,0.29,1.3181,666,0.3,1.3636,1,0.295,1.3409,2734,0
SPY190830C295,2019-08-29,2019-08-29 09:34:10,0.3,1.3636,2552,0.29,1.3181,638,0.3,1.3636,1,0.295,1.3409,2734,0
SPY190830C295,2019-08-29,2019-08-29 09:34:10,0.3,1.3636,1480,0.29,1.3181,666,0.3,1.3636,1,0.295,1.3409,2734,0
SPY190830C295,2019-08-29,2019-08-29 09:34:11,0.3,1.3636,2839,0.29,1.3181,67,0.3,1.3636,1,0.295,1.3409,2734,0
SPY190830C295,2019-08-29,2019-08-29 09:34:11,0.3,1.3636,3387,0.28,1.2727,1901,0.3,1.3636,1,0.29,1.3181,2734,0
SPY190830C295,2019-08-29,2019-08-29 09:34:12,0.3,1.3636,1697,0.29,1.3181,716,0.3,1.3636,1,0.295,1.3409,2734,0
SPY190830C295,2019-08-29,2019-08-29 09:34:12,0.3,1.3636,3387,0.28,1.2727,1815,0.3,1.3636,1,0.29,1.3181,2734,0
SPY190830C295,2019-08-29,2019-08-29 09:34:13,0.3,1.3636,2771,0.28,1.2727,1460,0.3,1.3636,13,0.29,1.3181,2747,13
SPY190830C295,2019-08-29,2019-08-29 09:34:13,0.3,1.3636,742,0.29,1.3181,716,0.3,1.3636,1,0.295,1.3409,2734,0
SPY190830C295,2019-08-29,2019-08-29 09:34:14,0.3,1.3636,3517,0.28,1.2727,1888,0.3,1.3636,13,0.29,1.3181,2747,0
SPY190830C295,2019-08-29,2019-08-29 09:34:15,0.3,1.3636,3517,0.29,1.3181,16,0.3,1.3636,13,0.295,1.3409,2747,0
SPY190830C295,2019-08-29,2019-08-29 09:34:15,0.3,1.3636,3434,0.28,1.2727,1802,0.3,1.3636,13,0.29,1.3181,2747,0
SPY190830C295,2019-08-29,2019-08-29 09:34:16,0.3,1.3636,3434,0.28,1.2727,1802,0.3,1.3636,13,0.29,1.3181,2747,0
SPY190830C295,2019-08-29,2019-08-29 09:34:17,0.3,1.3636,3434,0.28,1.2727,1802,0.3,1.3636,13,0.29,1.3181,2747,0
SPY190830C295,2019-08-29,2019-08-29 09:34:17,0.3,1.3636,3434,0.29,1.3181,16,0.3,1.3636,13,0.295,1.3409,2747,0
SPY190830C295,2019-08-29,2019-08-29 09:34:18,0.3,1.3636,3434,0.29,1.3181,16,0.3,1.3636,13,0.295,1.3409,2747,0
SPY190830C295,2019-08-29,2019-08-29 09:34:18,0.3,1.3636,3538,0.28,1.2727,1001,0.3,1.3636,13,0.29,1.3181,2747,0
SPY190830C295,2019-08-29,2019-08-29 09:34:19,0.29,1.3181,411,0.28,1.2727,901,0.3,1.3636,13,0.285,1.2954,2747,0
SPY190830C295,2019-08-29,2019-08-29 09:34:19,0.3,1.3636,3538,0.28,1.2727,1001,0.3,1.3636,13,0.29,1.3181,2747,0
SPY190830C295,2019-08-29,2019-08-29 09:34:20,0.29,1.3181,359,0.28,1.2727,733,0.3,1.3636,13,0.285,1.2954,2747,0
SPY190830C295,2019-08-29,2019-08-29 09:34:21,0.29,1.3181,1000,0.28,1.2727,683,0.3,1.3636,13,0.285,1.2954,2747,0
SPY190830C295,2019-08-29,2019-08-29 09:34:22,0.29,1.3181,2240,0.28,1.2727,666,0.3,1.3636,13,0.285,1.2954,2747,0
SPY190830C295,2019-08-29,2019-08-29 09:34:22,0.29,1.3181,2280,0.28,1.2727,666,0.3,1.3636,13,0.285,1.2954,2747,0
SPY190830C295,2019-08-29,2019-08-29 09:34:23,0.29,1.3181,2280,0.28,1.2727,67,0.3,1.3636,13,0.285,1.2954,2747,0
SPY190830C295,2019-08-29,2019-08-29 09:34:23,0.29,1.3181,2280,0.28,1.2727,32,0.3,1.3636,13,0.285,1.2954,2747,0
SPY190830C295,2019-08-29,2019-08-29 09:34:24,0.29,1.3181,3048,0.28,1.2727,32,0.3,1.3636,13,0.285,1.2954,2747,0
SPY190830C295,2019-08-29,2019-08-29 09:34:24,0.29,1.3181,1006,0.28,1.2727,32,0.3,1.3636,13,0.285,1.2954,2747,0
SPY190830C295,2019-08-29,2019-08-29 09:34:25,0.29,1.3181,2626,0.28,1.2727,32,0.29,1.3181,2,0.285,1.2954,2749,0
SPY190830C295,2019-08-29,2019-08-29 09:34:25,0.29,1.3181,3595,0.28,1.2727,32,0.29,1.3181,2,0.285,1.2954,2749,2
SPY190830C295,2019-08-29,2019-08-29 09:34:26,0.29,1.3181,2626,0.28,1.2727,32,0.29,1.3181,2,0.285,1.2954,2749,0
SPY190830C295,2019-08-29,2019-08-29 09:34:26,0.29,1.3181,3846,0.28,1.2727,32,0.29,1.3181,2,0.285,1.2954,2749,0
SPY190830C295,2019-08-29,2019-08-29 09:34:27,0.29,1.3181,3439,0.27,1.2272,449,0.28,1.2727,1,0.28,1.2727,2755,6
SPY190830C295,2019-08-29,2019-08-29 09:34:27,0.29,1.3181,2278,0.27,1.2272,305,0.27,1.2272,10,0.28,1.2727,2765,10
SPY190830C295,2019-08-29,2019-08-29 09:34:28,0.28,1.2727,414,0.27,1.2272,5,0.27,1.2272,134,0.275,1.25,2899,0
SPY190830C295,2019-08-29,2019-08-29 09:34:28,0.28,1.2727,414,0.27,1.2272,5,0.27,1.2272,134,0.275,1.25,2899,134
SPY190830C295,2019-08-29,2019-08-29 09:34:29,0.28,1.2727,414,0.27,1.2272,5,0.27,1.2272,134,0.275,1.25,2899,0
SPY190830C295,2019-08-29,2019-08-29 09:34:30,0.28,1.2727,115,0.27,1.2272,415,0.27,1.2272,134,0.275,1.25,2899,0
SPY190830C295,2019-08-29,2019-08-29 09:34:30,0.28,1.2727,197,0.27,1.2272,410,0.27,1.2272,134,0.275,1.25,2899,0
SPY190830C295,2019-08-29,2019-08-29 09:34:31,0.28,1.2727,115,0.27,1.2272,415,0.27,1.2272,134,0.275,1.25,2899,0
SPY190830C295,2019-08-29,2019-08-29 09:34:31,0.28,1.2727,108,0.27,1.2272,415,0.28,1.2727,2,0.275,1.25,2901,2
SPY190830C295,2019-08-29,2019-08-29 09:34:32,0.29,1.3181,3031,0.27,1.2272,1919,0.28,1.2727,2,0.28,1.2727,2901,0
SPY190830C295,2019-08-29,2019-08-29 09:34:32,0.29,1.3181,1000,0.28,1.2727,91,0.28,1.2727,2,0.285,1.2954,2901,0
SPY190830C295,2019-08-29,2019-08-29 09:34:33,0.29,1.3181,1000,0.28,1.2727,168,0.28,1.2727,2,0.285,1.2954,2901,0
SPY190830C295,2019-08-29,2019-08-29 09:34:34,0.29,1.3181,1000,0.28,1.2727,100,0.28,1.2727,2,0.285,1.2954,2901,0
SPY190830C295,2019-08-29,2019-08-29 09:34:34,0.29,1.3181,1000,0.28,1.2727,72,0.28,1.2727,2,0.285,1.2954,2901,0
SPY190830C295,2019-08-29,2019-08-29 09:34:35,0.29,1.3181,1000,0.28,1.2727,100,0.28,1.2727,2,0.285,1.2954,2901,0
SPY190830C295,2019-08-29,2019-08-29 09:34:35,0.29,1.3181,1000,0.28,1.2727,350,0.28,1.2727,2,0.285,1.2954,2901,0
SPY190830C295,2019-08-29,2019-08-29 09:34:36,0.29,1.3181,1000,0.28,1.2727,363,0.28,1.2727,2,0.285,1.2954,2901,0
SPY190830C295,2019-08-29,2019-08-29 09:34:36,0.29,1.3181,1000,0.28,1.2727,350,0.28,1.2727,2,0.285,1.2954,2901,0
SPY190830C295,2019-08-29,2019-08-29 09:34:37,0.29,1.3181,1000,0.28,1.2727,363,0.28,1.2727,2,0.285,1.2954,2901,0
SPY190830C295,2019-08-29,2019-08-29 09:34:38,0.29,1.3181,1000,0.28,1.2727,24,0.28,1.2727,2,0.285,1.2954,2901,0
SPY190830C295,2019-08-29,2019-08-29 09:34:38,0.29,1.3181,1000,0.28,1.2727,100,0.28,1.2727,2,0.285,1.2954,2901,0
SPY190830C295,2019-08-29,2019-08-29 09:34:39,0.28,1.2727,546,0.27,1.2272,2523,0.28,1.2727,2,0.275,1.25,3381,480
SPY190830C295,2019-08-29,2019-08-29 09:34:39,0.28,1.2727,520,0.27,1.2272,2523,0.28,1.2727,8,0.275,1.25,3397,16
SPY190830C295,2019-08-29,2019-08-29 09:34:40,0.28,1.2727,504,0.27,1.2272,1061,0.28,1.2727,8,0.275,1.25,3397,0
SPY190830C295,2019-08-29,2019-08-29 09:34:40,0.28,1.2727,520,0.27,1.2272,1762,0.28,1.2727,8,0.275,1.25,3397,0
SPY190830C295,2019-08-29,2019-08-29 09:34:41,0.28,1.2727,504,0.27,1.2272,1061,0.28,1.2727,8,0.275,1.25,3397,0
SPY190830C295,2019-08-29,2019-08-29 09:34:42,0.28,1.2727,504,0.27,1.2272,1145,0.28,1.2727,8,0.275,1.25,3397,0
SPY190830C295,2019-08-29,2019-08-29 09:34:42,0.28,1.2727,504,0.27,1.2272,1061,0.28,1.2727,8,0.275,1.25,3397,0
SPY190830C295,2019-08-29,2019-08-29 09:34:43,0.28,1.2727,504,0.27,1.2272,2228,0.28,1.2727,8,0.275,1.25,3397,0
SPY190830C295,2019-08-29,2019-08-29 09:34:43,0.28,1.2727,504,0.27,1.2272,1537,0.28,1.2727,8,0.275,1.25,3397,0
SPY190830C295,2019-08-29,2019-08-29 09:34:44,0.28,1.2727,504,0.27,1.2272,2164,0.28,1.2727,8,0.275,1.25,3397,0
SPY190830C295,2019-08-29,2019-08-29 09:34:44,0.28,1.2727,504,0.27,1.2272,2164,0.28,1.2727,1,0.275,1.25,3398,1
SPY190830C295,2019-08-29,2019-08-29 09:34:45,0.28,1.2727,504,0.27,1.2272,2122,0.28,1.2727,1,0.275,1.25,3398,0
SPY190830C295,2019-08-29,2019-08-29 09:34:45,0.28,1.2727,504,0.27,1.2272,1833,0.28,1.2727,1,0.275,1.25,3398,0
SPY190830C295,2019-08-29,2019-08-29 09:34:46,0.28,1.2727,504,0.27,1.2272,2122,0.28,1.2727,1,0.275,1.25,3398,0
SPY190830C295,2019-08-29,2019-08-29 09:34:47,0.28,1.2727,496,0.27,1.2272,1999,0.28,1.2727,54,0.275,1.25,3624,219
SPY190830C295,2019-08-29,2019-08-29 09:34:47,0.28,1.2727,496,0.27,1.2272,2195,0.28,1.2727,6,0.275,1.25,3405,7
SPY190830C295,2019-08-29,2019-08-29 09:34:48,0.28,1.2727,496,0.27,1.2272,2049,0.28,1.2727,54,0.275,1.25,3624,0
SPY190830C295,2019-08-29,2019-08-29 09:34:49,0.28,1.2727,496,0.27,1.2272,1783,0.28,1.2727,54,0.275,1.25,3624,0
SPY190830C295,2019-08-29,2019-08-29 09:34:49,0.29,1.3181,445,0.27,1.2272,2196,0.28,1.2727,54,0.28,1.2727,3624,0
SPY190830C295,2019-08-29,2019-08-29 09:34:50,0.29,1.3181,702,0.27,1.2272,2196,0.28,1.2727,54,0.28,1.2727,3624,0
SPY190830C295,2019-08-29,2019-08-29 09:34:50,0.29,1.3181,357,0.27,1.2272,2196,0.28,1.2727,54,0.28,1.2727,3624,0
SPY190830C295,2019-08-29,2019-08-29 09:34:51,0.29,1.3181,784,0.27,1.2272,3417,0.28,1.2727,54,0.28,1.2727,3624,0
SPY190830C295,2019-08-29,2019-08-29 09:34:51,0.29,1.3181,2150,0.28,1.2727,67,0.28,1.2727,54,0.285,1.2954,3624,0
SPY190830C295,2019-08-29,2019-08-29 09:34:52,0.29,1.3181,1343,0.28,1.2727,62,0.28,1.2727,5,0.285,1.2954,3629,5
SPY190830C295,2019-08-29,2019-08-29 09:34:52,0.29,1.3181,2265,0.28,1.2727,62,0.28,1.2727,5,0.285,1.2954,3629,0
SPY190830C295,2019-08-29,2019-08-29 09:34:53,0.29,1.3181,2265,0.27,1.2272,2172,0.28,1.2727,5,0.28,1.2727,3629,0
SPY190830C295,2019-08-29,2019-08-29 09:34:54,0.29,1.3181,2265,0.27,1.2272,2172,0.28,1.2727,5,0.28,1.2727,3629,0
SPY190830C295,2019-08-29,2019-08-29 09:34:55,0.29,1.3181,2265,0.27,1.2272,2172,0.28,1.2727,5,0.28,1.2727,3629,0
SPY190830C295,2019-08-29,2019-08-29 09:34:56,0.29,1.3181,2225,0.28,1.2727,67,0.28,1.2727,5,0.285,1.2954,3629,0
SPY190830C295,2019-08-29,2019-08-29 09:34:56,0.29,1.3181,2265,0.28,1.2727,67,0.28,1.2727,5,0.285,1.2954,3629,0
SPY190830C295,2019-08-29,2019-08-29 09:34:57,0.29,1.3181,676,0.28,1.2727,1085,0.28,1.2727,5,0.285,1.2954,3629,0
SPY190830C295,2019-08-29,2019-08-29 09:34:57,0.29,1.3181,2198,0.28,1.2727,89,0.28,1.2727,5,0.285,1.2954,3629,0
SPY190830C295,2019-08-29,2019-08-29 09:34:58,0.29,1.3181,292,0.28,1.2727,1085,0.28,1.2727,5,0.285,1.2954,3629,0
SPY190830C295,2019-08-29,2019-08-29 09:34:58,0.29,1.3181,298,0.28,1.2727,1446,0.28,1.2727,5,0.285,1.2954,3629,0
SPY190830C295,2019-08-29,2019-08-29 09:34:59,0.29,1.3181,288,0.28,1.2727,666,0.28,1.2727,5,0.285,1.2954,3629,0
SPY190830C295,2019-08-29,2019-08-29 09:34:59,0.29,1.3181,282,0.28,1.2727,1446,0.28,1.2727,5,0.285,1.2954,3629,0
SPY190830C295,2019-08-29,2019-08-29 09:35:00,0.3,1.3636,812,0.28,1.2727,1976,0.29,1.3181,30,0.29,1.3181,3659,0
SPY190830C295,2019-08-29,2019-08-29 09:35:00,0.29,1.3181,282,0.28,1.2727,1127,0.29,1.3181,30,0.285,1.2954,3659,30
SPY190830C295,2019-08-29,2019-08-29 09:35:01,0.3,1.3636,166,0.29,1.3181,556,0.29,1.3181,30,0.295,1.3409,3659,0
SPY190830C295,2019-08-29,2019-08-29 09:35:01,0.3,1.3636,812,0.28,1.2727,1976,0.29,1.3181,30,0.29,1.3181,3659,0
SPY190830C295,2019-08-29,2019-08-29 09:35:02,0.3,1.3636,110,0.29,1.3181,1110,0.29,1.3181,30,0.295,1.3409,3659,0
SPY190830C295,2019-08-29,2019-08-29 09:35:02,0.3,1.3636,110,0.29,1.3181,997,0.29,1.3181,30,0.295,1.3409,3659,0
SPY190830C295,2019-08-29,2019-08-29 09:35:03,0.3,1.3636,102,0.29,1.3181,1011,0.29,1.3181,30,0.295,1.3409,3659,0
SPY190830C295,2019-08-29,2019-08-29 09:35:03,0.3,1.3636,196,0.29,1.3181,1110,0.29,1.3181,30,0.295,1.3409,3659,0
SPY190830C295,2019-08-29,2019-08-29 09:35:04,0.3,1.3636,102,0.29,1.3181,1345,0.29,1.3181,30,0.295,1.3409,3659,0
SPY190830C295,2019-08-29,2019-08-29 09:35:04,0.3,1.3636,102,0.29,1.3181,1428,0.29,1.3181,30,0.295,1.3409,3659,0
SPY190830C295,2019-08-29,2019-08-29 09:35:05,0.3,1.3636,102,0.29,1.3181,1295,0.29,1.3181,30,0.295,1.3409,3659,0
SPY190830C295,2019-08-29,2019-08-29 09:35:05,0.3,1.3636,102,0.29,1.3181,1344,0.29,1.3181,30,0.295,1.3409,3659,0
SPY190830C295,2019-08-29,2019-08-29 09:35:06,0.3,1.3636,1160,0.29,1.3181,336,0.29,1.3181,30,0.295,1.3409,3659,0
SPY190830C295,2019-08-29,2019-08-29 09:35:06,0.3,1.3636,105,0.29,1.3181,1344,0.29,1.3181,30,0.295,1.3409,3659,0
SPY190830C295,2019-08-29,2019-08-29 09:35:07,0.3,1.3636,191,0.29,1.3181,16,0.29,1.3181,30,0.295,1.3409,3659,0
SPY190830C295,2019-08-29,2019-08-29 09:35:07,0.3,1.3636,924,0.29,1.3181,67,0.29,1.3181,30,0.295,1.3409,3659,0
SPY190830C295,2019-08-29,2019-08-29 09:35:08,0.3,1.3636,311,0.29,1.3181,16,0.29,1.3181,30,0.295,1.3409,3659,0
SPY190830C295,2019-08-29,2019-08-29 09:35:08,0.3,1.3636,695,0.29,1.3181,16,0.29,1.3181,30,0.295,1.3409,3659,0
SPY190830C295,2019-08-29,2019-08-29 09:35:09,0.3,1.3636,1505,0.29,1.3181,67,0.3,1.3636,10,0.295,1.3409,3671,10
SPY190830C295,2019-08-29,2019-08-29 09:35:09,0.3,1.3636,330,0.29,1.3181,57,0.29,1.3181,2,0.295,1.3409,3661,2
SPY190830C295,2019-08-29,2019-08-29 09:35:10,0.3,1.3636,1325,0.28,1.2727,1816,0.3,1.3636,10,0.29,1.3181,3671,0
SPY190830C295,2019-08-29,2019-08-29 09:35:10,0.3,1.3636,1505,0.28,1.2727,1816,0.3,1.3636,10,0.29,1.3181,3671,0
SPY190830C295,2019-08-29,2019-08-29 09:35:11,0.3,1.3636,1325,0.29,1.3181,67,0.3,1.3636,1,0.295,1.3409,3672,1
SPY190830C295,2019-08-29,2019-08-29 09:35:11,0.3,1.3636,1476,0.28,1.2727,2178,0.3,1.3636,103,0.29,1.3181,3872,200
SPY190830C295,2019-08-29,2019-08-29 09:35:12,0.3,1.3636,1516,0.28,1.2727,2178,0.3,1.3636,103,0.29,1.3181,3872,0
SPY190830C295,2019-08-29,2019-08-29 09:35:12,0.3,1.3636,695,0.28,1.2727,2178,0.3,1.3636,12,0.29,1.3181,3892,20
SPY190830C295,2019-08-29,2019-08-29 09:35:13,0.3,1.3636,1711,0.29,1.3181,3,0.3,1.3636,12,0.295,1.3409,3892,0
SPY190830C295,2019-08-29,2019-08-29 09:35:14,0.3,1.3636,1956,0.29,1.3181,3,0.3,1.3636,12,0.295,1.3409,3892,0
SPY190830C295,2019-08-29,2019-08-29 09:35:14,0.3,1.3636,2967,0.29,1.3181,3,0.3,1.3636,12,0.295,1.3409,3892,0
SPY190830C295,2019-08-29,2019-08-29 09:35:15,0.3,1.3636,2977,0.29,1.3181,3,0.3,1.3636,12,0.295,1.3409,3892,0
SPY190830C295,2019-08-29,2019-08-29 09:35:15,0.3,1.3636,3164,0.29,1.3181,3,0.3,1.3636,12,0.295,1.3409,3892,0
SPY190830C295,2019-08-29,2019-08-29 09:35:16,0.3,1.3636,3164,0.29,1.3181,3,0.3,1.3636,12,0.295,1.3409,3892,0
SPY190830C295,2019-08-29,2019-08-29 09:35:17,0.3,1.3636,3164,0.29,1.3181,3,0.3,1.3636,5,0.295,1.3409,3897,5
SPY190830C295,2019-08-29,2019-08-29 09:35:17,0.3,1.3636,3164,0.29,1.3181,3,0.3,1.3636,12,0.295,1.3409,3892,0
SPY190830C295,2019-08-29,2019-08-29 09:35:18,0.3,1.3636,3164,0.28,1.2727,47,0.29,1.3181,3,0.29,1.3181,3900,3
SPY190830C295,2019-08-29,2019-08-29 09:35:18,0.29,1.3181,180,0.27,1.2272,1294,0.29,1.3181,3,0.28,1.2727,3900,0
SPY190830C295,2019-08-29,2019-08-29 09:35:19,0.29,1.3181,780,0.27,1.2272,2041,0.29,1.3181,3,0.28,1.2727,3900,0
SPY190830C295,2019-08-29,2019-08-29 09:35:19,0.29,1.3181,239,0.28,1.2727,67,0.29,1.3181,3,0.285,1.2954,3900,0
SPY190830C295,2019-08-29,2019-08-29 09:35:20,0.29,1.3181,485,0.28,1.2727,512,0.29,1.3181,3,0.285,1.2954,3900,0
SPY190830C295,2019-08-29,2019-08-29 09:35:20,0.29,1.3181,417,0.28,1.2727,500,0.29,1.3181,3,0.285,1.2954,3900,0
SPY190830C295,2019-08-29,2019-08-29 09:35:21,0.29,1.3181,320,0.28,1.2727,22,0.29,1.3181,3,0.285,1.2954,3900,0
SPY190830C295,2019-08-29,2019-08-29 09:35:21,0.29,1.3181,320,0.28,1.2727,16,0.29,1.3181,3,0.285,1.2954,3900,0
SPY190830C295,2019-08-29,2019-08-29 09:35:22,0.29,1.3181,435,0.27,1.2272,2041,0.29,1.3181,3,0.28,1.2727,3900,0
SPY190830C295,2019-08-29,2019-08-29 09:35:23,0.28,1.2727,1,0.27,1.2272,803,0.29,1.3181,3,0.275,1.25,3900,0
SPY190830C295,2019-08-29,2019-08-29 09:35:23,0.29,1.3181,435,0.27,1.2272,1812,0.29,1.3181,3,0.28,1.2727,3900,0
SPY190830C295,2019-08-29,2019-08-29 09:35:24,0.28,1.2727,5,0.27,1.2272,840,0.29,1.3181,3,0.275,1.25,3900,0
SPY190830C295,2019-08-29,2019-08-29 09:35:24,0.28,1.2727,5,0.27,1.2272,790,0.29,1.3181,3,0.275,1.25,3900,0
SPY190830C295,2019-08-29,2019-08-29 09:35:25,0.28,1.2727,1,0.27,1.2272,591,0.29,1.3181,3,0.275,1.25,3900,0
SPY190830C295,2019-08-29,2019-08-29 09:35:25,0.28,1.2727,230,0.27,1.2272,1545,0.29,1.3181,3,0.275,1.25,3900,0
SPY190830C295,2019-08-29,2019-08-29 09:35:26,0.28,1.2727,300,0.27,1.2272,512,0.29,1.3181,3,0.275,1.25,3900,0
SPY190830C295,2019-08-29,2019-08-29 09:35:26,0.28,1.2727,180,0.27,1.2272,53,0.29,1.3181,3,0.275,1.25,3900,0
SPY190830C295,2019-08-29,2019-08-29 09:35:27,0.28,1.2727,448,0.27,1.2272,62,0.29,1.3181,3,0.275,1.25,3900,0
SPY190830C295,2019-08-29,2019-08-29 09:35:27,0.28,1.2727,448,0.27,1.2272,103,0.29,1.3181,3,0.275,1.25,3900,0
SPY190830C295,2019-08-29,2019-08-29 09:35:28,0.28,1.2727,1390,0.26,1.1818,2420,0.28,1.2727,5,0.27,1.2272,3910,0
SPY190830C295,2019-08-29,2019-08-29 09:35:28,0.28,1.2727,1145,0.27,1.2272,62,0.28,1.2727,5,0.275,1.25,3910,10
SPY190830C295,2019-08-29,2019-08-29 09:35:29,0.27,1.2272,5,0.26,1.1818,501,0.28,1.2727,5,0.265,1.2045,3910,0
SPY190830C295,2019-08-29,2019-08-29 09:35:29,0.27,1.2272,5,0.26,1.1818,6,0.26,1.1818,4,0.265,1.2045,3915,5
SPY190830C295,2019-08-29,2019-08-29 09:35:30,0.27,1.2272,51,0.26,1.1818,643,0.26,1.1818,4,0.265,1.2045,3915,0
SPY190830C295,2019-08-29,2019-08-29 09:35:30,0.27,1.2272,288,0.26,1.1818,733,0.26,1.1818,4,0.265,1.2045,3915,0
SPY190830C295,2019-08-29,2019-08-29 09:35:31,0.27,1.2272,351,0.26,1.1818,848,0.27,1.2272,4,0.265,1.2045,3919,4
SPY190830C295,2019-08-29,2019-08-29 09:35:31,0.27,1.2272,211,0.26,1.1818,733,0.26,1.1818,4,0.265,1.2045,3915,0
SPY190830C295,2019-08-29,2019-08-29 09:35:32,0.27,1.2272,351,0.26,1.1818,848,0.27,1.2272,4,0.265,1.2045,3919,0
SPY190830C295,2019-08-29,2019-08-29 09:35:32,0.27,1.2272,351,0.26,1.1818,874,0.27,1.2272,4,0.265,1.2045,3919,0
SPY190830C295,2019-08-29,2019-08-29 09:35:33,0.27,1.2272,118,0.26,1.1818,733,0.27,1.2272,4,0.265,1.2045,3919,0
SPY190830C295,2019-08-29,2019-08-29 09:35:33,0.27,1.2272,623,0.26,1.1818,6,0.27,1.2272,4,0.265,1.2045,3919,0
SPY190830C295,2019-08-29,2019-08-29 09:35:34,0.27,1.2272,69,0.26,1.1818,6,0.27,1.2272,4,0.265,1.2045,3919,0
SPY190830C295,2019-08-29,2019-08-29 09:35:34,0.27,1.2272,973,0.26,1.1818,6,0.27,1.2272,4,0.265,1.2045,3919,0
SPY190830C295,2019-08-29,2019-08-29 09:35:35,0.27,1.2272,72,0.26,1.1818,716,0.27,1.2272,4,0.265,1.2045,3919,0
SPY190830C295,2019-08-29,2019-08-29 09:35:35,0.27,1.2272,5,0.26,1.1818,716,0.27,1.2272,4,0.265,1.2045,3919,0
SPY190830C295,2019-08-29,2019-08-29 09:35:36,0.27,1.2272,182,0.26,1.1818,824,0.27,1.2272,4,0.265,1.2045,3919,0
SPY190830C295,2019-08-29,2019-08-29 09:35:36,0.27,1.2272,177,0.26,1.1818,814,0.27,1.2272,4,0.265,1.2045,3919,0
SPY190830C295,2019-08-29,2019-08-29 09:35:37,0.27,1.2272,182,0.26,1.1818,881,0.26,1.1818,1,0.265,1.2045,3920,1
SPY190830C295,2019-08-29,2019-08-29 09:35:37,0.27,1.2272,288,0.26,1.1818,881,0.26,1.1818,1,0.265,1.2045,3920,0
SPY190830C295,2019-08-29,2019-08-29 09:35:38,0.27,1.2272,704,0.26,1.1818,116,0.26,1.1818,1,0.265,1.2045,3921,1
SPY190830C295,2019-08-29,2019-08-29 09:35:38,0.27,1.2272,376,0.26,1.1818,662,0.26,1.1818,1,0.265,1.2045,3920,0
SPY190830C295,2019-08-29,2019-08-29 09:35:39,0.27,1.2272,1145,0.26,1.1818,183,0.26,1.1818,1,0.265,1.2045,3921,0
SPY190830C295,2019-08-29,2019-08-29 09:35:39,0.27,1.2272,1145,0.26,1.1818,116,0.26,1.1818,1,0.265,1.2045,3921,0
SPY190830C295,2019-08-29,2019-08-29 09:35:40,0.27,1.2272,1062,0.26,1.1818,733,0.26,1.1818,1,0.265,1.2045,3921,0
SPY190830C295,2019-08-29,2019-08-29 09:35:40,0.27,1.2272,1062,0.26,1.1818,767,0.26,1.1818,1,0.265,1.2045,3921,0
SPY190830C295,2019-08-29,2019-08-29 09:35:41,0.27,1.2272,1062,0.26,1.1818,183,0.26,1.1818,1,0.265,1.2045,3921,0
SPY190830C295,2019-08-29,2019-08-29 09:35:41,0.27,1.2272,1062,0.26,1.1818,767,0.26,1.1818,1,0.265,1.2045,3921,0
SPY190830C295,2019-08-29,2019-08-29 09:35:42,0.27,1.2272,1062,0.26,1.1818,65,0.26,1.1818,1,0.265,1.2045,3921,0
SPY190830C295,2019-08-29,2019-08-29 09:35:43,0.27,1.2272,1268,0.26,1.1818,6,0.26,1.1818,1,0.265,1.2045,3921,0
SPY190830C295,2019-08-29,2019-08-29 09:35:43,0.27,1.2272,1268,0.26,1.1818,65,0.26,1.1818,1,0.265,1.2045,3921,0
SPY190830C295,2019-08-29,2019-08-29 09:35:44,0.27,1.2272,1223,0.26,1.1818,635,0.26,1.1818,1,0.265,1.2045,3921,0
SPY190830C295,2019-08-29,2019-08-29 09:35:44,0.27,1.2272,1263,0.26,1.1818,6,0.26,1.1818,1,0.265,1.2045,3921,0
SPY190830C295,2019-08-29,2019-08-29 09:35:45,0.27,1.2272,1137,0.26,1.1818,753,0.26,1.1818,1,0.265,1.2045,3921,0
SPY190830C295,2019-08-29,2019-08-29 09:35:45,0.27,1.2272,1137,0.26,1.1818,68,0.26,1.1818,1,0.265,1.2045,3921,0
SPY190830C295,2019-08-29,2019-08-29 09:35:46,0.27,1.2272,550,0.26,1.1818,753,0.26,1.1818,1,0.265,1.2045,3921,0
SPY190830C295,2019-08-29,2019-08-29 09:35:46,0.27,1.2272,430,0.26,1.1818,753,0.26,1.1818,1,0.265,1.2045,3921,0
SPY190830C295,2019-08-29,2019-08-29 09:35:47,0.27,1.2272,610,0.26,1.1818,769,0.26,1.1818,1,0.265,1.2045,3922,1
SPY190830C295,2019-08-29,2019-08-29 09:35:47,0.27,1.2272,550,0.26,1.1818,683,0.26,1.1818,1,0.265,1.2045,3922,0
SPY190830C295,2019-08-29,2019-08-29 09:35:48,0.27,1.2272,550,0.26,1.1818,708,0.26,1.1818,1,0.265,1.2045,3922,0
SPY190830C295,2019-08-29,2019-08-29 09:35:48,0.27,1.2272,550,0.26,1.1818,693,0.26,1.1818,1,0.265,1.2045,3922,0
SPY190830C295,2019-08-29,2019-08-29 09:35:49,0.27,1.2272,1145,0.26,1.1818,666,0.26,1.1818,1,0.265,1.2045,3922,0
SPY190830C295,2019-08-29,2019-08-29 09:35:50,0.27,1.2272,1145,0.26,1.1818,95,0.26,1.1818,1,0.265,1.2045,3922,0
SPY190830C295,2019-08-29,2019-08-29 09:35:50,0.27,1.2272,1145,0.26,1.1818,666,0.26,1.1818,1,0.265,1.2045,3922,0
SPY190830C295,2019-08-29,2019-08-29 09:35:51,0.27,1.2272,1062,0.26,1.1818,181,0.26,1.1818,1,0.265,1.2045,3922,0
SPY190830C295,2019-08-29,2019-08-29 09:35:51,0.27,1.2272,1145,0.26,1.1818,95,0.26,1.1818,1,0.265,1.2045,3922,0
SPY190830C295,2019-08-29,2019-08-29 09:35:52,0.27,1.2272,1062,0.26,1.1818,197,0.26,1.1818,1,0.265,1.2045,3922,0
SPY190830C295,2019-08-29,2019-08-29 09:35:52,0.27,1.2272,1062,0.26,1.1818,181,0.26,1.1818,1,0.265,1.2045,3922,0
SPY190830C295,2019-08-29,2019-08-29 09:35:53,0.27,1.2272,1062,0.26,1.1818,197,0.26,1.1818,1,0.265,1.2045,3922,0
SPY190830C295,2019-08-29,2019-08-29 09:35:53,0.27,1.2272,1062,0.26,1.1818,197,0.27,1.2272,5,0.265,1.2045,3927,5
SPY190830C295,2019-08-29,2019-08-29 09:35:54,0.27,1.2272,1062,0.26,1.1818,111,0.27,1.2272,5,0.265,1.2045,3927,0
SPY190830C295,2019-08-29,2019-08-29 09:35:54,0.27,1.2272,2838,0.26,1.1818,162,0.26,1.1818,6,0.265,1.2045,3933,6
SPY190830C295,2019-08-29,2019-08-29 09:35:55,0.27,1.2272,2770,0.26,1.1818,1,0.26,1.1818,6,0.265,1.2045,3933,0
SPY190830C295,2019-08-29,2019-08-29 09:35:56,0.26,1.1818,187,0.25,1.1363,768,0.26,1.1818,1,0.255,1.159,3934,1
SPY190830C295,2019-08-29,2019-08-29 09:35:56,0.26,1.1818,1260,0.25,1.1363,666,0.26,1.1818,1,0.255,1.159,3934,0
SPY190830C295,2019-08-29,2019-08-29 09:35:57,0.26,1.1818,1260,0.25,1.1363,666,0.26,1.1818,1,0.255,1.159,3934,0
SPY190830C295,2019-08-29,2019-08-29 09:35:58,0.26,1.1818,1260,0.25,1.1363,666,0.26,1.1818,1,0.255,1.159,3934,0
SPY190830C295,2019-08-29,2019-08-29 09:36:00,0.26,1.1818,1158,0.25,1.1363,666,0.26,1.1818,1,0.255,1.159,3934,0
SPY190830C295,2019-08-29,2019-08-29 09:36:00,0.26,1.1818,1176,0.25,1.1363,1120,0.26,1.1818,1,0.255,1.159,3934,0
SPY190830C295,2019-08-29,2019-08-29 09:36:01,0.26,1.1818,926,0.25,1.1363,1114,0.26,1.1818,1,0.255,1.159,3934,0
SPY190830C295,2019-08-29,2019-08-29 09:36:02,0.26,1.1818,1176,0.25,1.1363,1114,0.26,1.1818,1,0.255,1.159,3934,0
SPY190830C295,2019-08-29,2019-08-29 09:36:03,0.26,1.1818,132,0.25,1.1363,1529,0.25,1.1363,1,0.255,1.159,3935,0
SPY190830C295,2019-08-29,2019-08-29 09:36:03,0.26,1.1818,1176,0.25,1.1363,1064,0.25,1.1363,1,0.255,1.159,3935,1
SPY190830C295,2019-08-29,2019-08-29 09:36:04,0.26,1.1818,132,0.25,1.1363,1529,0.25,1.1363,1,0.255,1.159,3935,0
SPY190830C295,2019-08-29,2019-08-29 09:36:05,0.26,1.1818,163,0.25,1.1363,1529,0.25,1.1363,10,0.255,1.159,3945,0
SPY190830C295,2019-08-29,2019-08-29 09:36:05,0.26,1.1818,163,0.25,1.1363,1529,0.25,1.1363,10,0.255,1.159,3945,10
SPY190830C295,2019-08-29,2019-08-29 09:36:06,0.27,1.2272,1174,0.26,1.1818,500,0.26,1.1818,9,0.265,1.2045,3959,14
SPY190830C295,2019-08-29,2019-08-29 09:36:06,0.26,1.1818,163,0.25,1.1363,2525,0.25,1.1363,10,0.255,1.159,3945,0
SPY190830C295,2019-08-29,2019-08-29 09:36:07,0.27,1.2272,1174,0.26,1.1818,1104,0.26,1.1818,9,0.265,1.2045,3959,0
SPY190830C295,2019-08-29,2019-08-29 09:36:07,0.27,1.2272,1174,0.26,1.1818,1054,0.26,1.1818,9,0.265,1.2045,3959,0
SPY190830C295,2019-08-29,2019-08-29 09:36:08,0.27,1.2272,252,0.26,1.1818,1527,0.26,1.1818,5,0.265,1.2045,3964,0
SPY190830C295,2019-08-29,2019-08-29 09:36:08,0.27,1.2272,230,0.26,1.1818,872,0.26,1.1818,5,0.265,1.2045,3964,5
SPY190830C295,2019-08-29,2019-08-29 09:36:09,0.27,1.2272,252,0.26,1.1818,1527,0.26,1.1818,5,0.265,1.2045,3964,0
SPY190830C295,2019-08-29,2019-08-29 09:36:09,0.27,1.2272,252,0.26,1.1818,2081,0.26,1.1818,5,0.265,1.2045,3964,0
SPY190830C295,2019-08-29,2019-08-29 09:36:10,0.27,1.2272,125,0.26,1.1818,286,0.26,1.1818,10,0.265,1.2045,3974,10
SPY190830C295,2019-08-29,2019-08-29 09:36:10,0.27,1.2272,463,0.26,1.1818,1472,0.26,1.1818,5,0.265,1.2045,3964,0
SPY190830C295,2019-08-29,2019-08-29 09:36:11,0.27,1.2272,2330,0.25,1.1363,1063,0.26,1.1818,10,0.26,1.1818,3974,0
SPY190830C295,2019-08-29,2019-08-29 09:36:11,0.27,1.2272,1624,0.25,1.1363,1063,0.26,1.1818,10,0.26,1.1818,3974,0
SPY190830C295,2019-08-29,2019-08-29 09:36:12,0.27,1.2272,2517,0.25,1.1363,1063,0.26,1.1818,10,0.26,1.1818,3974,0
SPY190830C295,2019-08-29,2019-08-29 09:36:12,0.27,1.2272,2477,0.25,1.1363,1063,0.26,1.1818,10,0.26,1.1818,3974,0
SPY190830C295,2019-08-29,2019-08-29 09:36:13,0.27,1.2272,2681,0.25,1.1363,1063,0.26,1.1818,10,0.26,1.1818,3974,0
SPY190830C295,2019-08-29,2019-08-29 09:36:14,0.27,1.2272,2348,0.25,1.1363,1063,0.26,1.1818,10,0.26,1.1818,3974,0
SPY190830C295,2019-08-29,2019-08-29 09:36:14,0.27,1.2272,2388,0.25,1.1363,1063,0.26,1.1818,10,0.26,1.1818,3974,0
SPY190830C295,2019-08-29,2019-08-29 09:36:15,0.27,1.2272,2134,0.26,1.1818,1,0.26,1.1818,3,0.265,1.2045,3977,0
SPY190830C295,2019-08-29,2019-08-29 09:36:15,0.27,1.2272,1651,0.26,1.1818,1,0.26,1.1818,3,0.265,1.2045,3977,3
SPY190830C295,2019-08-29,2019-08-29 09:36:16,0.27,1.2272,2424,0.26,1.1818,1,0.26,1.1818,3,0.265,1.2045,3977,0
SPY190830C295,2019-08-29,2019-08-29 09:36:17,0.26,1.1818,376,0.25,1.1363,1182,0.25,1.1363,4,0.255,1.159,3982,5
SPY190830C295,2019-08-29,2019-08-29 09:36:17,0.26,1.1818,231,0.25,1.1363,837,0.25,1.1363,4,0.255,1.159,3982,0
SPY190830C295,2019-08-29,2019-08-29 09:36:18,0.26,1.1818,420,0.25,1.1363,653,0.25,1.1363,4,0.255,1.159,3982,0
SPY190830C295,2019-08-29,2019-08-29 09:36:18,0.26,1.1818,412,0.25,1.1363,837,0.25,1.1363,4,0.255,1.159,3982,0
SPY190830C295,2019-08-29,2019-08-29 09:36:19,0.26,1.1818,420,0.25,1.1363,449,0.25,1.1363,1,0.255,1.159,3983,1
SPY190830C295,2019-08-29,2019-08-29 09:36:19,0.26,1.1818,1145,0.25,1.1363,449,0.25,1.1363,1,0.255,1.159,3983,0
SPY190830C295,2019-08-29,2019-08-29 09:36:20,0.26,1.1818,1145,0.25,1.1363,449,0.25,1.1363,1,0.255,1.159,3983,0
SPY190830C295,2019-08-29,2019-08-29 09:36:20,0.26,1.1818,1383,0.25,1.1363,449,0.25,1.1363,1,0.255,1.159,3983,0
SPY190830C295,2019-08-29,2019-08-29 09:36:21,0.26,1.1818,945,0.25,1.1363,51,0.25,1.1363,1,0.255,1.159,3983,0
SPY190830C295,2019-08-29,2019-08-29 09:36:21,0.25,1.1363,46,0.25,1.1363,51,0.25,1.1363,1,0.25,1.1363,3983,0
SPY190830C295,2019-08-29,2019-08-29 09:36:22,0.26,1.1818,359,0.24,1.0909,1979,0.25,1.1363,1,0.25,1.1363,3983,0
SPY190830C295,2019-08-29,2019-08-29 09:36:22,0.25,1.1363,46,0.24,1.0909,2090,0.25,1.1363,1,0.245,1.1136,3983,0
SPY190830C295,2019-08-29,2019-08-29 09:36:23,0.25,1.1363,301,0.24,1.0909,378,0.25,1.1363,1,0.245,1.1136,3983,0
SPY190830C295,2019-08-29,2019-08-29 09:36:23,0.26,1.1818,1925,0.24,1.0909,928,0.25,1.1363,1,0.25,1.1363,3983,0
SPY190830C295,2019-08-29,2019-08-29 09:36:24,0.25,1.1363,297,0.24,1.0909,556,0.25,1.1363,1,0.245,1.1136,3983,0
SPY190830C295,2019-08-29,2019-08-29 09:36:24,0.25,1.1363,313,0.24,1.0909,556,0.25,1.1363,1,0.245,1.1136,3983,0
SPY190830C295,2019-08-29,2019-08-29 09:36:25,0.25,1.1363,262,0.24,1.0909,1057,0.25,1.1363,1,0.245,1.1136,3983,0
SPY190830C295,2019-08-29,2019-08-29 09:36:25,0.25,1.1363,326,0.24,1.0909,1057,0.25,1.1363,1,0.245,1.1136,3983,0
SPY190830C295,2019-08-29,2019-08-29 09:36:26,0.25,1.1363,110,0.24,1.0909,1057,0.25,1.1363,1,0.245,1.1136,3983,0
SPY190830C295,2019-08-29,2019-08-29 09:36:26,0.25,1.1363,110,0.24,1.0909,1226,0.25,1.1363,1,0.245,1.1136,3983,0
SPY190830C295,2019-08-29,2019-08-29 09:36:27,0.25,1.1363,533,0.24,1.0909,912,0.25,1.1363,1,0.245,1.1136,3983,0
SPY190830C295,2019-08-29,2019-08-29 09:36:27,0.26,1.1818,850,0.24,1.0909,643,0.25,1.1363,1,0.25,1.1363,3983,0
SPY190830C295,2019-08-29,2019-08-29 09:36:28,0.25,1.1363,939,0.24,1.0909,862,0.25,1.1363,1,0.245,1.1136,3983,0
SPY190830C295,2019-08-29,2019-08-29 09:36:29,0.25,1.1363,253,0.24,1.0909,1085,0.25,1.1363,1,0.245,1.1136,3983,0
SPY190830C295,2019-08-29,2019-08-29 09:36:29,0.25,1.1363,253,0.24,1.0909,912,0.25,1.1363,1,0.245,1.1136,3983,0
SPY190830C295,2019-08-29,2019-08-29 09:36:30,0.25,1.1363,414,0.24,1.0909,1080,0.25,1.1363,1,0.245,1.1136,3983,0
SPY190830C295,2019-08-29,2019-08-29 09:36:30,0.25,1.1363,187,0.24,1.0909,899,0.25,1.1363,1,0.245,1.1136,3983,0
SPY190830C295,2019-08-29,2019-08-29 09:36:31,0.25,1.1363,859,0.24,1.0909,70,0.25,1.1363,1,0.245,1.1136,3983,0
SPY190830C295,2019-08-29,2019-08-29 09:36:31,0.25,1.1363,413,0.24,1.0909,51,0.25,1.1363,1,0.245,1.1136,3983,0
SPY190830C295,2019-08-29,2019-08-29 09:36:32,0.25,1.1363,1289,0.24,1.0909,1,0.25,1.1363,1,0.245,1.1136,3983,0
SPY190830C295,2019-08-29,2019-08-29 09:36:32,0.25,1.1363,551,0.24,1.0909,1,0.25,1.1363,1,0.245,1.1136,3983,0
SPY190830C295,2019-08-29,2019-08-29 09:36:33,0.25,1.1363,1466,0.24,1.0909,1,0.25,1.1363,1,0.245,1.1136,3983,0
SPY190830C295,2019-08-29,2019-08-29 09:36:33,0.25,1.1363,1466,0.24,1.0909,16,0.25,1.1363,1,0.245,1.1136,3983,0
SPY190830C295,2019-08-29,2019-08-29 09:36:34,0.25,1.1363,1466,0.24,1.0909,16,0.25,1.1363,1,0.245,1.1136,3983,0
SPY190830C295,2019-08-29,2019-08-29 09:36:35,0.25,1.1363,1128,0.24,1.0909,1,0.25,1.1363,1,0.245,1.1136,3983,0
SPY190830C295,2019-08-29,2019-08-29 09:36:36,0.25,1.1363,1494,0.24,1.0909,1,0.24,1.0909,1,0.245,1.1136,3984,1
SPY190830C295,2019-08-29,2019-08-29 09:36:36,0.25,1.1363,1188,0.24,1.0909,6,0.25,1.1363,1,0.245,1.1136,3983,0
SPY190830C295,2019-08-29,2019-08-29 09:36:37,0.24,1.0909,805,0.22,1.0,1081,0.24,1.0909,1,0.23,1.0454,3984,0
SPY190830C295,2019-08-29,2019-08-29 09:36:38,0.24,1.0909,695,0.22,1.0,1245,0.22,1.0,25,0.23,1.0454,4034,50
SPY190830C295,2019-08-29,2019-08-29 09:36:38,0.23,1.0454,281,0.22,1.0,625,0.24,1.0909,1,0.225,1.0227,3984,0
SPY190830C295,2019-08-29,2019-08-29 09:36:39,0.24,1.0909,695,0.23,1.0454,12,0.22,1.0,25,0.235,1.0681,4034,0
SPY190830C295,2019-08-29,2019-08-29 09:36:39,0.24,1.0909,547,0.23,1.0454,24,0.22,1.0,25,0.235,1.0681,4034,0
SPY190830C295,2019-08-29,2019-08-29 09:36:40,0.24,1.0909,221,0.23,1.0454,91,0.22,1.0,25,0.235,1.0681,4034,0
SPY190830C295,2019-08-29,2019-08-29 09:36:40,0.24,1.0909,617,0.23,1.0454,12,0.22,1.0,25,0.235,1.0681,4034,0
SPY190830C295,2019-08-29,2019-08-29 09:36:41,0.24,1.0909,617,0.23,1.0454,73,0.22,1.0,25,0.235,1.0681,4034,0
SPY190830C295,2019-08-29,2019-08-29 09:36:41,0.24,1.0909,320,0.23,1.0454,73,0.22,1.0,25,0.235,1.0681,4034,0
SPY190830C295,2019-08-29,2019-08-29 09:36:42,0.24,1.0909,1144,0.23,1.0454,22,0.22,1.0,25,0.235,1.0681,4034,0
SPY190830C295,2019-08-29,2019-08-29 09:36:42,0.24,1.0909,1104,0.23,1.0454,89,0.22,1.0,25,0.235,1.0681,4034,0
SPY190830C295,2019-08-29,2019-08-29 09:36:43,0.24,1.0909,1144,0.22,1.0,1654,0.22,1.0,25,0.23,1.0454,4034,0
SPY190830C295,2019-08-29,2019-08-29 09:36:43,0.24,1.0909,1395,0.22,1.0,2096,0.22,1.0,25,0.23,1.0454,4034,0
SPY190830C295,2019-08-29,2019-08-29 09:36:44,0.24,1.0909,1395,0.23,1.0454,16,0.22,1.0,25,0.235,1.0681,4034,0
SPY190830C295,2019-08-29,2019-08-29 09:36:44,0.24,1.0909,924,0.23,1.0454,16,0.22,1.0,25,0.235,1.0681,4034,0
SPY190830C295,2019-08-29,2019-08-29 09:36:45,0.24,1.0909,879,0.23,1.0454,167,0.22,1.0,25,0.235,1.0681,4034,0
SPY190830C295,2019-08-29,2019-08-29 09:36:45,0.24,1.0909,965,0.23,1.0454,51,0.22,1.0,25,0.235,1.0681,4034,0
SPY190830C295,2019-08-29,2019-08-29 09:36:46,0.24,1.0909,1743,0.22,1.0,1851,0.22,1.0,25,0.23,1.0454,4034,0
SPY190830C295,2019-08-29,2019-08-29 09:36:46,0.24,1.0909,1790,0.22,1.0,1896,0.23,1.0454,45,0.23,1.0454,4079,45
SPY190830C295,2019-08-29,2019-08-29 09:36:47,0.23,1.0454,16,0.22,1.0,1462,0.22,1.0,2,0.225,1.0227,4081,2
SPY190830C295,2019-08-29,2019-08-29 09:36:47,0.24,1.0909,1790,0.22,1.0,1732,0.23,1.0454,45,0.23,1.0454,4079,0
SPY190830C295,2019-08-29,2019-08-29 09:36:48,0.24,1.0909,1604,0.22,1.0,1825,0.22,1.0,2,0.23,1.0454,4081,0
SPY190830C295,2019-08-29,2019-08-29 09:36:48,0.23,1.0454,50,0.22,1.0,1555,0.22,1.0,2,0.225,1.0227,4081,0
SPY190830C295,2019-08-29,2019-08-29 09:36:49,0.24,1.0909,879,0.23,1.0454,120,0.23,1.0454,24,0.235,1.0681,4105,0
SPY190830C295,2019-08-29,2019-08-29 09:36:49,0.24,1.0909,265,0.23,1.0454,500,0.23,1.0454,24,0.235,1.0681,4105,24
SPY190830C295,2019-08-29,2019-08-29 09:36:50,0.24,1.0909,16,0.23,1.0454,1820,0.23,1.0454,1,0.235,1.0681,4106,1
SPY190830C295,2019-08-29,2019-08-29 09:36:50,0.24,1.0909,100,0.23,1.0454,1734,0.23,1.0454,38,0.235,1.0681,4182,76
SPY190830C295,2019-08-29,2019-08-29 09:36:51,0.24,1.0909,1,0.23,1.0454,1734,0.23,1.0454,38,0.235,1.0681,4182,0
SPY190830C295,2019-08-29,2019-08-29 09:36:51,0.24,1.0909,100,0.23,1.0454,1734,0.23,1.0454,38,0.235,1.0681,4182,0
SPY190830C295,2019-08-29,2019-08-29 09:36:52,0.24,1.0909,1,0.23,1.0454,1789,0.23,1.0454,38,0.235,1.0681,4182,0
SPY190830C295,2019-08-29,2019-08-29 09:36:52,0.24,1.0909,1,0.23,1.0454,2059,0.23,1.0454,38,0.235,1.0681,4182,0
SPY190830C295,2019-08-29,2019-08-29 09:36:53,0.24,1.0909,1,0.23,1.0454,2059,0.23,1.0454,38,0.235,1.0681,4182,0
SPY190830C295,2019-08-29,2019-08-29 09:36:54,0.24,1.0909,1,0.23,1.0454,2337,0.23,1.0454,38,0.235,1.0681,4182,0
SPY190830C295,2019-08-29,2019-08-29 09:36:54,0.24,1.0909,1,0.23,1.0454,2059,0.23,1.0454,38,0.235,1.0681,4182,0
SPY190830C295,2019-08-29,2019-08-29 09:36:55,0.24,1.0909,6,0.23,1.0454,639,0.23,1.0454,38,0.235,1.0681,4182,0
SPY190830C295,2019-08-29,2019-08-29 09:36:56,0.24,1.0909,51,0.23,1.0454,793,0.23,1.0454,38,0.235,1.0681,4182,0
SPY190830C295,2019-08-29,2019-08-29 09:36:56,0.24,1.0909,269,0.23,1.0454,1159,0.23,1.0454,38,0.235,1.0681,4182,0
SPY190830C295,2019-08-29,2019-08-29 09:36:57,0.24,1.0909,426,0.23,1.0454,259,0.23,1.0454,38,0.235,1.0681,4182,0
SPY190830C295,2019-08-29,2019-08-29 09:36:57,0.24,1.0909,100,0.23,1.0454,259,0.23,1.0454,38,0.235,1.0681,4182,0
SPY190830C295,2019-08-29,2019-08-29 09:36:58,0.24,1.0909,374,0.23,1.0454,1370,0.23,1.0454,38,0.235,1.0681,4182,0
SPY190830C295,2019-08-29,2019-08-29 09:36:58,0.24,1.0909,379,0.23,1.0454,1368,0.23,1.0454,38,0.235,1.0681,4182,0
SPY190830C295,2019-08-29,2019-08-29 09:36:59,0.24,1.0909,259,0.23,1.0454,1373,0.23,1.0454,38,0.235,1.0681,4182,0
SPY190830C295,2019-08-29,2019-08-29 09:36:59,0.24,1.0909,379,0.23,1.0454,1368,0.23,1.0454,38,0.235,1.0681,4182,0
SPY190830C295,2019-08-29,2019-08-29 09:37:00,0.24,1.0909,6,0.23,1.0454,2221,0.23,1.0454,38,0.235,1.0681,4182,0
SPY190830C295,2019-08-29,2019-08-29 09:37:00,0.24,1.0909,6,0.23,1.0454,1464,0.23,1.0454,38,0.235,1.0681,4182,0
SPY190830C295,2019-08-29,2019-08-29 09:37:01,0.24,1.0909,1,0.23,1.0454,2688,0.23,1.0454,38,0.235,1.0681,4182,0
SPY190830C295,2019-08-29,2019-08-29 09:37:01,0.24,1.0909,6,0.23,1.0454,2221,0.23,1.0454,38,0.235,1.0681,4182,0
SPY190830C295,2019-08-29,2019-08-29 09:37:02,0.24,1.0909,1,0.23,1.0454,2688,0.23,1.0454,38,0.235,1.0681,4182,0
SPY190830C295,2019-08-29,2019-08-29 09:37:03,0.25,1.1363,707,0.24,1.0909,282,0.24,1.0909,1,0.245,1.1136,4183,1
SPY190830C295,2019-08-29,2019-08-29 09:37:03,0.25,1.1363,500,0.24,1.0909,222,0.24,1.0909,1,0.245,1.1136,4183,0
SPY190830C295,2019-08-29,2019-08-29 09:37:04,0.25,1.1363,1515,0.24,1.0909,12,0.24,1.0909,1,0.245,1.1136,4183,0
SPY190830C295,2019-08-29,2019-08-29 09:37:05,0.25,1.1363,2612,0.24,1.0909,51,0.25,1.1363,1,0.245,1.1136,4184,0
SPY190830C295,2019-08-29,2019-08-29 09:37:05,0.25,1.1363,2388,0.24,1.0909,63,0.25,1.1363,1,0.245,1.1136,4184,1
SPY190830C295,2019-08-29,2019-08-29 09:37:06,0.25,1.1363,2338,0.24,1.0909,200,0.25,1.1363,1,0.245,1.1136,4184,0
SPY190830C295,2019-08-29,2019-08-29 09:37:06,0.25,1.1363,2338,0.24,1.0909,144,0.25,1.1363,1,0.245,1.1136,4184,0
SPY190830C295,2019-08-29,2019-08-29 09:37:07,0.25,1.1363,469,0.24,1.0909,336,0.25,1.1363,1,0.245,1.1136,4184,0
SPY190830C295,2019-08-29,2019-08-29 09:37:07,0.25,1.1363,469,0.24,1.0909,407,0.25,1.1363,1,0.245,1.1136,4184,0
SPY190830C295,2019-08-29,2019-08-29 09:37:08,0.25,1.1363,469,0.24,1.0909,1173,0.25,1.1363,1,0.245,1.1136,4184,0
SPY190830C295,2019-08-29,2019-08-29 09:37:08,0.25,1.1363,469,0.24,1.0909,407,0.25,1.1363,1,0.245,1.1136,4184,0
SPY190830C295,2019-08-29,2019-08-29 09:37:09,0.25,1.1363,469,0.24,1.0909,1173,0.25,1.1363,1,0.245,1.1136,4184,0
SPY190830C295,2019-08-29,2019-08-29 09:37:09,0.25,1.1363,275,0.24,1.0909,1588,0.25,1.1363,1,0.245,1.1136,4184,0
SPY190830C295,2019-08-29,2019-08-29 09:37:10,0.25,1.1363,275,0.24,1.0909,885,0.25,1.1363,1,0.245,1.1136,4184,0
SPY190830C295,2019-08-29,2019-08-29 09:37:10,0.25,1.1363,275,0.24,1.0909,609,0.25,1.1363,1,0.245,1.1136,4184,0
SPY190830C295,2019-08-29,2019-08-29 09:37:11,0.25,1.1363,275,0.24,1.0909,900,0.25,1.1363,4,0.245,1.1136,4188,4
SPY190830C295,2019-08-29,2019-08-29 09:37:11,0.25,1.1363,275,0.24,1.0909,551,0.25,1.1363,4,0.245,1.1136,4188,0
SPY190830C295,2019-08-29,2019-08-29 09:37:12,0.25,1.1363,275,0.24,1.0909,551,0.25,1.1363,4,0.245,1.1136,4188,0
SPY190830C295,2019-08-29,2019-08-29 09:37:12,0.25,1.1363,330,0.24,1.0909,1242,0.25,1.1363,4,0.245,1.1136,4188,0
SPY190830C295,2019-08-29,2019-08-29 09:37:13,0.25,1.1363,330,0.24,1.0909,1380,0.25,1.1363,4,0.245,1.1136,4188,0
SPY190830C295,2019-08-29,2019-08-29 09:37:13,0.25,1.1363,241,0.24,1.0909,1595,0.25,1.1363,4,0.245,1.1136,4188,0
SPY190830C295,2019-08-29,2019-08-29 09:37:14,0.25,1.1363,25,0.24,1.0909,2792,0.25,1.1363,4,0.245,1.1136,4188,0
SPY190830C295,2019-08-29,2019-08-29 09:37:15,0.25,1.1363,25,0.24,1.0909,2792,0.25,1.1363,4,0.245,1.1136,4188,0
SPY190830C295,2019-08-29,2019-08-29 09:37:16,0.25,1.1363,25,0.24,1.0909,2792,0.25,1.1363,4,0.245,1.1136,4188,0
SPY190830C295,2019-08-29,2019-08-29 09:37:16,0.25,1.1363,25,0.24,1.0909,3402,0.25,1.1363,4,0.245,1.1136,4188,0
SPY190830C295,2019-08-29,2019-08-29 09:37:17,0.25,1.1363,25,0.24,1.0909,2043,0.25,1.1363,4,0.245,1.1136,4188,0
SPY190830C295,2019-08-29,2019-08-29 09:37:17,0.25,1.1363,25,0.24,1.0909,2055,0.25,1.1363,4,0.245,1.1136,4188,0
SPY190830C295,2019-08-29,2019-08-29 09:37:18,0.25,1.1363,25,0.24,1.0909,2105,0.25,1.1363,4,0.245,1.1136,4188,0
SPY190830C295,2019-08-29,2019-08-29 09:37:18,0.25,1.1363,25,0.24,1.0909,2055,0.25,1.1363,4,0.245,1.1136,4188,0
SPY190830C295,2019-08-29,2019-08-29 09:37:19,0.25,1.1363,25,0.24,1.0909,2640,0.25,1.1363,4,0.245,1.1136,4188,0
SPY190830C295,2019-08-29,2019-08-29 09:37:19,0.25,1.1363,25,0.24,1.0909,2105,0.25,1.1363,4,0.245,1.1136,4188,0
SPY190830C295,2019-08-29,2019-08-29 09:37:20,0.25,1.1363,100,0.24,1.0909,2687,0.25,1.1363,4,0.245,1.1136,4188,0
SPY190830C295,2019-08-29,2019-08-29 09:37:21,0.25,1.1363,25,0.24,1.0909,2759,0.25,1.1363,4,0.245,1.1136,4188,0
SPY190830C295,2019-08-29,2019-08-29 09:37:22,0.25,1.1363,194,0.24,1.0909,2808,0.24,1.0909,7,0.245,1.1136,4195,0
SPY190830C295,2019-08-29,2019-08-29 09:37:22,0.25,1.1363,50,0.24,1.0909,2808,0.24,1.0909,7,0.245,1.1136,4195,7
SPY190830C295,2019-08-29,2019-08-29 09:37:23,0.25,1.1363,67,0.24,1.0909,821,0.24,1.0909,7,0.245,1.1136,4195,0
SPY190830C295,2019-08-29,2019-08-29 09:37:23,0.25,1.1363,111,0.24,1.0909,2808,0.24,1.0909,7,0.245,1.1136,4195,0
SPY190830C295,2019-08-29,2019-08-29 09:37:24,0.25,1.1363,126,0.24,1.0909,516,0.24,1.0909,7,0.245,1.1136,4195,0
SPY190830C295,2019-08-29,2019-08-29 09:37:24,0.25,1.1363,552,0.24,1.0909,4,0.24,1.0909,7,0.245,1.1136,4195,0
SPY190830C295,2019-08-29,2019-08-29 09:37:25,0.25,1.1363,1363,0.24,1.0909,4,0.24,1.0909,7,0.245,1.1136,4195,0
SPY190830C295,2019-08-29,2019-08-29 09:37:25,0.25,1.1363,3276,0.24,1.0909,4,0.24,1.0909,7,0.245,1.1136,4195,0
SPY190830C295,2019-08-29,2019-08-29 09:37:26,0.25,1.1363,3276,0.24,1.0909,4,0.24,1.0909,7,0.245,1.1136,4195,0
SPY190830C295,2019-08-29,2019-08-29 09:37:26,0.25,1.1363,1291,0.24,1.0909,4,0.24,1.0909,7,0.245,1.1136,4195,0
SPY190830C295,2019-08-29,2019-08-29 09:37:27,0.25,1.1363,1104,0.24,1.0909,4,0.25,1.1363,1,0.245,1.1136,4196,1
SPY190830C295,2019-08-29,2019-08-29 09:37:27,0.25,1.1363,1104,0.24,1.0909,51,0.24,1.0909,7,0.245,1.1136,4195,0
SPY190830C295,2019-08-29,2019-08-29 09:37:28,0.25,1.1363,2006,0.24,1.0909,4,0.24,1.0909,4,0.245,1.1136,4200,4
SPY190830C295,2019-08-29,2019-08-29 09:37:28,0.25,1.1363,2136,0.24,1.0909,16,0.25,1.1363,1,0.245,1.1136,4196,0
SPY190830C295,2019-08-29,2019-08-29 09:37:29,0.24,1.0909,1623,0.23,1.0454,16,0.24,1.0909,4,0.235,1.0681,4200,0
SPY190830C295,2019-08-29,2019-08-29 09:37:29,0.25,1.1363,1896,0.23,1.0454,550,0.24,1.0909,4,0.24,1.0909,4200,0
SPY190830C295,2019-08-29,2019-08-29 09:37:30,0.24,1.0909,1940,0.23,1.0454,2,0.24,1.0909,4,0.235,1.0681,4200,0
SPY190830C295,2019-08-29,2019-08-29 09:37:30,0.24,1.0909,1462,0.23,1.0454,500,0.24,1.0909,4,0.235,1.0681,4200,0
SPY190830C295,2019-08-29,2019-08-29 09:37:31,0.24,1.0909,240,0.23,1.0454,550,0.24,1.0909,4,0.235,1.0681,4200,0
SPY190830C295,2019-08-29,2019-08-29 09:37:31,0.24,1.0909,1271,0.23,1.0454,601,0.24,1.0909,4,0.235,1.0681,4200,0
SPY190830C295,2019-08-29,2019-08-29 09:37:32,0.24,1.0909,220,0.23,1.0454,1799,0.24,1.0909,4,0.235,1.0681,4200,0
SPY190830C295,2019-08-29,2019-08-29 09:37:32,0.24,1.0909,290,0.23,1.0454,592,0.24,1.0909,4,0.235,1.0681,4200,0
SPY190830C295,2019-08-29,2019-08-29 09:37:33,0.25,1.1363,2905,0.23,1.0454,1811,0.24,1.0909,4,0.24,1.0909,4200,0
SPY190830C295,2019-08-29,2019-08-29 09:37:33,0.25,1.1363,2635,0.23,1.0454,1850,0.24,1.0909,4,0.24,1.0909,4200,0
SPY190830C295,2019-08-29,2019-08-29 09:37:34,0.25,1.1363,1055,0.24,1.0909,551,0.24,1.0909,4,0.245,1.1136,4200,0
SPY190830C295,2019-08-29,2019-08-29 09:37:34,0.25,1.1363,2830,0.23,1.0454,2471,0.24,1.0909,4,0.24,1.0909,4200,0
SPY190830C295,2019-08-29,2019-08-29 09:37:35,0.25,1.1363,1496,0.24,1.0909,1,0.24,1.0909,4,0.245,1.1136,4200,0
SPY190830C295,2019-08-29,2019-08-29 09:37:36,0.25,1.1363,1722,0.24,1.0909,51,0.24,1.0909,4,0.245,1.1136,4200,0
SPY190830C295,2019-08-29,2019-08-29 09:37:36,0.25,1.1363,1722,0.24,1.0909,67,0.24,1.0909,4,0.245,1.1136,4200,0
SPY190830C295,2019-08-29,2019-08-29 09:37:37,0.25,1.1363,1496,0.24,1.0909,67,0.24,1.0909,4,0.245,1.1136,4200,0
SPY190830C295,2019-08-29,2019-08-29 09:37:37,0.25,1.1363,150,0.24,1.0909,1114,0.24,1.0909,4,0.245,1.1136,4200,0
SPY190830C295,2019-08-29,2019-08-29 09:37:38,0.25,1.1363,25,0.24,1.0909,3003,0.25,1.1363,2,0.245,1.1136,4202,2
SPY190830C295,2019-08-29,2019-08-29 09:37:38,0.25,1.1363,219,0.24,1.0909,2930,0.24,1.0909,4,0.245,1.1136,4200,0
SPY190830C295,2019-08-29,2019-08-29 09:37:39,0.25,1.1363,22,0.24,1.0909,3003,0.24,1.0909,5,0.245,1.1136,4950,748
SPY190830C295,2019-08-29,2019-08-29 09:37:39,0.25,1.1363,22,0.24,1.0909,1992,0.24,1.0909,5,0.245,1.1136,4950,0
SPY190830C295,2019-08-29,2019-08-29 09:37:40,0.25,1.1363,12,0.24,1.0909,3832,0.25,1.1363,1,0.245,1.1136,5229,0
SPY190830C295,2019-08-29,2019-08-29 09:37:40,0.25,1.1363,12,0.24,1.0909,3141,0.25,1.1363,1,0.245,1.1136,5229,279
SPY190830C295,2019-08-29,2019-08-29 09:37:41,0.26,1.1818,74,0.25,1.1363,1,0.25,1.1363,12,0.255,1.159,5246,14
SPY190830C295,2019-08-29,2019-08-29 09:37:41,0.25,1.1363,12,0.24,1.0909,3832,0.24,1.0909,1,0.245,1.1136,5232,3
SPY190830C295,2019-08-29,2019-08-29 09:37:42,0.26,1.1818,194,0.25,1.1363,1,0.25,1.1363,12,0.255,1.159,5246,0
SPY190830C295,2019-08-29,2019-08-29 09:37:43,0.26,1.1818,74,0.25,1.1363,841,0.25,1.1363,12,0.255,1.159,5246,0
SPY190830C295,2019-08-29,2019-08-29 09:37:43,0.26,1.1818,194,0.25,1.1363,111,0.25,1.1363,12,0.255,1.159,5246,0
SPY190830C295,2019-08-29,2019-08-29 09:37:44,0.26,1.1818,140,0.25,1.1363,611,0.25,1.1363,12,0.255,1.159,5246,0
SPY190830C295,2019-08-29,2019-08-29 09:37:44,0.26,1.1818,184,0.25,1.1363,623,0.25,1.1363,12,0.255,1.159,5246,0
SPY190830C295,2019-08-29,2019-08-29 09:37:45,0.26,1.1818,130,0.25,1.1363,623,0.25,1.1363,12,0.255,1.159,5246,0
SPY190830C295,2019-08-29,2019-08-29 09:37:46,0.26,1.1818,202,0.25,1.1363,111,0.25,1.1363,12,0.255,1.159,5246,0
SPY190830C295,2019-08-29,2019-08-29 09:37:46,0.26,1.1818,184,0.25,1.1363,628,0.25,1.1363,12,0.255,1.159,5246,0
SPY190830C295,2019-08-29,2019-08-29 09:37:47,0.26,1.1818,1660,0.25,1.1363,111,0.25,1.1363,12,0.255,1.159,5246,0
SPY190830C295,2019-08-29,2019-08-29 09:37:47,0.26,1.1818,2009,0.25,1.1363,111,0.25,1.1363,12,0.255,1.159,5246,0
SPY190830C295,2019-08-29,2019-08-29 09:37:48,0.26,1.1818,135,0.25,1.1363,686,0.25,1.1363,12,0.255,1.159,5246,0
SPY190830C295,2019-08-29,2019-08-29 09:37:48,0.26,1.1818,135,0.25,1.1363,1,0.25,1.1363,12,0.255,1.159,5246,0
SPY190830C295,2019-08-29,2019-08-29 09:37:49,0.26,1.1818,135,0.25,1.1363,186,0.25,1.1363,12,0.255,1.159,5246,0
SPY190830C295,2019-08-29,2019-08-29 09:37:49,0.26,1.1818,135,0.25,1.1363,198,0.25,1.1363,12,0.255,1.159,5246,0
SPY190830C295,2019-08-29,2019-08-29 09:37:50,0.26,1.1818,249,0.25,1.1363,24,0.25,1.1363,12,0.255,1.159,5246,0
SPY190830C295,2019-08-29,2019-08-29 09:37:50,0.26,1.1818,1779,0.25,1.1363,24,0.25,1.1363,12,0.255,1.159,5246,0
SPY190830C295,2019-08-29,2019-08-29 09:37:51,0.26,1.1818,1779,0.25,1.1363,40,0.25,1.1363,12,0.255,1.159,5246,0
SPY190830C295,2019-08-29,2019-08-29 09:37:51,0.26,1.1818,247,0.25,1.1363,136,0.25,1.1363,12,0.255,1.159,5246,0
SPY190830C295,2019-08-29,2019-08-29 09:37:52,0.26,1.1818,212,0.25,1.1363,155,0.25,1.1363,12,0.255,1.159,5246,0
SPY190830C295,2019-08-29,2019-08-29 09:37:52,0.26,1.1818,212,0.25,1.1363,196,0.25,1.1363,12,0.255,1.159,5246,0
SPY190830C295,2019-08-29,2019-08-29 09:37:53,0.26,1.1818,212,0.25,1.1363,196,0.25,1.1363,12,0.255,1.159,5246,0
SPY190830C295,2019-08-29,2019-08-29 09:37:54,0.26,1.1818,2112,0.25,1.1363,19,0.25,1.1363,12,0.255,1.159,5246,0
SPY190830C295,2019-08-29,2019-08-29 09:37:54,0.26,1.1818,212,0.25,1.1363,180,0.25,1.1363,12,0.255,1.159,5246,0
SPY190830C295,2019-08-29,2019-08-29 09:37:55,0.26,1.1818,2403,0.25,1.1363,16,0.25,1.1363,12,0.255,1.159,5246,0
SPY190830C295,2019-08-29,2019-08-29 09:37:55,0.26,1.1818,2491,0.25,1.1363,24,0.25,1.1363,12,0.255,1.159,5246,0
SPY190830C295,2019-08-29,2019-08-29 09:37:56,0.26,1.1818,2403,0.25,1.1363,1,0.25,1.1363,12,0.255,1.159,5246,0
SPY190830C295,2019-08-29,2019-08-29 09:37:57,0.26,1.1818,2074,0.25,1.1363,1,0.25,1.1363,12,0.255,1.159,5246,0
SPY190830C295,2019-08-29,2019-08-29 09:37:58,0.26,1.1818,2074,0.25,1.1363,1,0.25,1.1363,12,0.255,1.159,5246,0
SPY190830C295,2019-08-29,2019-08-29 09:37:59,0.26,1.1818,3034,0.25,1.1363,1,0.25,1.1363,12,0.255,1.159,5246,0
SPY190830C295,2019-08-29,2019-08-29 09:37:59,0.26,1.1818,2074,0.25,1.1363,1,0.25,1.1363,12,0.255,1.159,5246,0
SPY190830C295,2019-08-29,2019-08-29 09:38:00,0.26,1.1818,2354,0.25,1.1363,1,0.25,1.1363,12,0.255,1.159,5246,0
SPY190830C295,2019-08-29,2019-08-29 09:38:00,0.26,1.1818,555,0.25,1.1363,16,0.25,1.1363,12,0.255,1.159,5246,0
SPY190830C295,2019-08-29,2019-08-29 09:38:01,0.26,1.1818,3649,0.25,1.1363,1,0.25,1.1363,12,0.255,1.159,5246,0
SPY190830C295,2019-08-29,2019-08-29 09:38:01,0.26,1.1818,3657,0.25,1.1363,16,0.25,1.1363,12,0.255,1.159,5246,0
SPY190830C295,2019-08-29,2019-08-29 09:38:02,0.26,1.1818,3448,0.25,1.1363,16,0.25,1.1363,12,0.255,1.159,5246,0
SPY190830C295,2019-08-29,2019-08-29 09:38:02,0.26,1.1818,3128,0.25,1.1363,1,0.25,1.1363,12,0.255,1.159,5246,0
SPY190830C295,2019-08-29,2019-08-29 09:38:03,0.26,1.1818,3448,0.25,1.1363,1,0.25,1.1363,12,0.255,1.159,5246,0
SPY190830C295,2019-08-29,2019-08-29 09:38:04,0.26,1.1818,3488,0.25,1.1363,1,0.25,1.1363,12,0.255,1.159,5246,0
SPY190830C295,2019-08-29,2019-08-29 09:38:04,0.26,1.1818,4220,0.25,1.1363,1,0.25,1.1363,12,0.255,1.159,5246,0
SPY190830C295,2019-08-29,2019-08-29 09:38:05,0.26,1.1818,2802,0.25,1.1363,1,0.25,1.1363,12,0.255,1.159,5246,0
SPY190830C295,2019-08-29,2019-08-29 09:38:05,0.26,1.1818,4081,0.25,1.1363,1,0.25,1.1363,12,0.255,1.159,5246,0
SPY190830C295,2019-08-29,2019-08-29 09:38:06,0.26,1.1818,2802,0.25,1.1363,1,0.25,1.1363,12,0.255,1.159,5246,0
SPY190830C295,2019-08-29,2019-08-29 09:38:07,0.26,1.1818,4062,0.25,1.1363,1,0.25,1.1363,12,0.255,1.159,5246,0
SPY190830C295,2019-08-29,2019-08-29 09:38:08,0.26,1.1818,3764,0.25,1.1363,1,0.25,1.1363,12,0.255,1.159,5246,0
SPY190830C295,2019-08-29,2019-08-29 09:38:09,0.26,1.1818,2346,0.25,1.1363,1,0.25,1.1363,12,0.255,1.159,5246,0
SPY190830C295,2019-08-29,2019-08-29 09:38:09,0.26,1.1818,3764,0.25,1.1363,16,0.25,1.1363,12,0.255,1.159,5246,0
SPY190830C295,2019-08-29,2019-08-29 09:38:10,0.26,1.1818,2346,0.24,1.0909,2256,0.25,1.1363,1,0.25,1.1363,5247,1
SPY190830C295,2019-08-29,2019-08-29 09:38:10,0.26,1.1818,3517,0.24,1.0909,2256,0.25,1.1363,1,0.25,1.1363,5247,0
SPY190830C295,2019-08-29,2019-08-29 09:38:11,0.26,1.1818,3517,0.24,1.0909,3232,0.25,1.1363,24,0.25,1.1363,5271,24
SPY190830C295,2019-08-29,2019-08-29 09:38:11,0.26,1.1818,3557,0.24,1.0909,3232,0.25,1.1363,24,0.25,1.1363,5271,0
SPY190830C295,2019-08-29,2019-08-29 09:38:12,0.25,1.1363,149,0.24,1.0909,3232,0.24,1.0909,48,0.245,1.1136,5415,144
SPY190830C295,2019-08-29,2019-08-29 09:38:12,0.25,1.1363,224,0.24,1.0909,3232,0.24,1.0909,48,0.245,1.1136,5415,0
SPY190830C295,2019-08-29,2019-08-29 09:38:13,0.25,1.1363,291,0.24,1.0909,2711,0.24,1.0909,48,0.245,1.1136,5415,0
SPY190830C295,2019-08-29,2019-08-29 09:38:13,0.25,1.1363,247,0.24,1.0909,2509,0.24,1.0909,48,0.245,1.1136,5415,0
SPY190830C295,2019-08-29,2019-08-29 09:38:14,0.25,1.1363,653,0.24,1.0909,2711,0.24,1.0909,48,0.245,1.1136,5415,0
SPY190830C295,2019-08-29,2019-08-29 09:38:14,0.25,1.1363,291,0.24,1.0909,2711,0.24,1.0909,48,0.245,1.1136,5415,0
SPY190830C295,2019-08-29,2019-08-29 09:38:15,0.25,1.1363,448,0.24,1.0909,2711,0.24,1.0909,48,0.245,1.1136,5415,0
SPY190830C295,2019-08-29,2019-08-29 09:38:16,0.25,1.1363,192,0.24,1.0909,2940,0.24,1.0909,48,0.245,1.1136,5415,0
SPY190830C295,2019-08-29,2019-08-29 09:38:16,0.25,1.1363,448,0.24,1.0909,2161,0.24,1.0909,48,0.245,1.1136,5415,0
SPY190830C295,2019-08-29,2019-08-29 09:38:17,0.25,1.1363,192,0.24,1.0909,1959,0.24,1.0909,48,0.245,1.1136,5415,0
SPY190830C295,2019-08-29,2019-08-29 09:38:17,0.25,1.1363,288,0.24,1.0909,1959,0.24,1.0909,48,0.245,1.1136,5415,0
SPY190830C295,2019-08-29,2019-08-29 09:38:18,0.25,1.1363,306,0.24,1.0909,2607,0.24,1.0909,48,0.245,1.1136,5415,0
SPY190830C295,2019-08-29,2019-08-29 09:38:18,0.25,1.1363,181,0.24,1.0909,1959,0.24,1.0909,48,0.245,1.1136,5415,0
SPY190830C295,2019-08-29,2019-08-29 09:38:19,0.25,1.1363,306,0.24,1.0909,2607,0.24,1.0909,48,0.245,1.1136,5415,0
SPY190830C295,2019-08-29,2019-08-29 09:38:20,0.25,1.1363,504,0.24,1.0909,1882,0.24,1.0909,48,0.245,1.1136,5415,0
SPY190830C295,2019-08-29,2019-08-29 09:38:20,0.25,1.1363,1107,0.24,1.0909,500,0.24,1.0909,48,0.245,1.1136,5415,0
SPY190830C295,2019-08-29,2019-08-29 09:38:21,0.25,1.1363,2445,0.24,1.0909,500,0.24,1.0909,48,0.245,1.1136,5415,0
SPY190830C295,2019-08-29,2019-08-29 09:38:21,0.25,1.1363,430,0.24,1.0909,746,0.24,1.0909,48,0.245,1.1136,5415,0
SPY190830C295,2019-08-29,2019-08-29 09:38:22,0.25,1.1363,1473,0.24,1.0909,746,0.24,1.0909,48,0.245,1.1136,5415,0
SPY190830C295,2019-08-29,2019-08-29 09:38:22,0.25,1.1363,1473,0.24,1.0909,733,0.24,1.0909,48,0.245,1.1136,5415,0
SPY190830C295,2019-08-29,2019-08-29 09:38:23,0.25,1.1363,2218,0.24,1.0909,901,0.24,1.0909,48,0.245,1.1136,5415,0
SPY190830C295,2019-08-29,2019-08-29 09:38:23,0.25,1.1363,2218,0.24,1.0909,917,0.24,1.0909,48,0.245,1.1136,5415,0
SPY190830C295,2019-08-29,2019-08-29 09:38:24,0.25,1.1363,1086,0.24,1.0909,683,0.24,1.0909,48,0.245,1.1136,5415,0
SPY190830C295,2019-08-29,2019-08-29 09:38:24,0.25,1.1363,1513,0.24,1.0909,683,0.24,1.0909,48,0.245,1.1136,5415,0
SPY190830C295,2019-08-29,2019-08-29 09:38:25,0.25,1.1363,634,0.24,1.0909,666,0.24,1.0909,48,0.245,1.1136,5415,0
SPY190830C295,2019-08-29,2019-08-29 09:38:25,0.25,1.1363,416,0.24,1.0909,16,0.24,1.0909,48,0.245,1.1136,5415,0
SPY190830C295,2019-08-29,2019-08-29 09:38:26,0.25,1.1363,1412,0.24,1.0909,666,0.24,1.0909,48,0.245,1.1136,5415,0
SPY190830C295,2019-08-29,2019-08-29 09:38:26,0.25,1.1363,600,0.24,1.0909,716,0.24,1.0909,48,0.245,1.1136,5415,0
SPY190830C295,2019-08-29,2019-08-29 09:38:27,0.25,1.1363,1172,0.24,1.0909,711,0.24,1.0909,48,0.245,1.1136,5415,0
SPY190830C295,2019-08-29,2019-08-29 09:38:27,0.25,1.1363,1961,0.24,1.0909,711,0.24,1.0909,48,0.245,1.1136,5415,0
SPY190830C295,2019-08-29,2019-08-29 09:38:28,0.25,1.1363,2011,0.24,1.0909,666,0.24,1.0909,48,0.245,1.1136,5415,0
SPY190830C295,2019-08-29,2019-08-29 09:38:28,0.25,1.1363,1944,0.24,1.0909,666,0.24,1.0909,48,0.245,1.1136,5415,0
SPY190830C295,2019-08-29,2019-08-29 09:38:29,0.25,1.1363,1402,0.24,1.0909,1545,0.24,1.0909,48,0.245,1.1136,5415,0
SPY190830C295,2019-08-29,2019-08-29 09:38:29,0.25,1.1363,150,0.24,1.0909,1523,0.24,1.0909,48,0.245,1.1136,5415,0
SPY190830C295,2019-08-29,2019-08-29 09:38:30,0.25,1.1363,205,0.24,1.0909,1697,0.24,1.0909,48,0.245,1.1136,5415,0
