symbol,Date,quote_time,ask_price,norm_ask_price,ask_size,bid_price,norm_bid_price,bid_size,last_trade_price,norm_last_trade_price,last_trade_size,mark_price,norm_mark_price,volume,Volume
SPY190726P300,2019-07-24,2019-07-24 09:30:00,1.48,1.0,5,1.44,0.9729,100,1.47,0.9932,1,1.46,0.9864,57,57
SPY190726P300,2019-07-24,2019-07-24 09:30:12,1.5,1.0135,1,1.34,0.9054,10,1.47,0.9932,1,1.42,0.9594,57,0
SPY190726P300,2019-07-24,2019-07-24 09:30:13,1.5,1.0135,1,1.3,0.8783,36,1.47,0.9932,1,1.4,0.9459,57,0
SPY190726P300,2019-07-24,2019-07-24 09:30:13,1.5,1.0135,400,1.3,0.8783,400,1.47,0.9932,1,1.4,0.9459,57,0
SPY190726P300,2019-07-24,2019-07-24 09:30:14,1.5,1.0135,400,1.3,0.8783,400,1.47,0.9932,1,1.4,0.9459,57,0
SPY190726P300,2019-07-24,2019-07-24 09:30:15,1.48,1.0,48,1.39,0.9391,47,1.47,0.9932,1,1.435,0.9695,57,0
SPY190726P300,2019-07-24,2019-07-24 09:30:16,1.45,0.9797,130,1.39,0.9391,130,1.47,0.9932,1,1.42,0.9594,57,0
SPY190726P300,2019-07-24,2019-07-24 09:30:17,1.45,0.9797,130,1.39,0.9391,130,1.47,0.9932,1,1.42,0.9594,57,0
SPY190726P300,2019-07-24,2019-07-24 09:30:18,1.44,0.9729,30,1.4,0.9459,30,1.47,0.9932,1,1.42,0.9594,57,0
SPY190726P300,2019-07-24,2019-07-24 09:30:19,1.45,0.9797,45,1.41,0.9527,50,1.47,0.9932,1,1.43,0.9662,57,0
SPY190726P300,2019-07-24,2019-07-24 09:30:19,1.44,0.9729,55,1.41,0.9527,50,1.47,0.9932,1,1.425,0.9628,57,0
SPY190726P300,2019-07-24,2019-07-24 09:30:20,1.41,0.9527,115,1.38,0.9324,50,1.36,0.9189,30,1.395,0.9425,87,30
SPY190726P300,2019-07-24,2019-07-24 09:30:21,1.44,0.9729,41,1.4,0.9459,48,1.36,0.9189,30,1.42,0.9594,87,0
SPY190726P300,2019-07-24,2019-07-24 09:30:21,1.44,0.9729,41,1.41,0.9527,30,1.36,0.9189,30,1.425,0.9628,87,0
SPY190726P300,2019-07-24,2019-07-24 09:30:22,1.41,0.9527,84,1.38,0.9324,41,1.36,0.9189,30,1.395,0.9425,87,0
SPY190726P300,2019-07-24,2019-07-24 09:30:23,1.41,0.9527,45,1.37,0.9256,72,1.36,0.9189,30,1.39,0.9391,87,0
SPY190726P300,2019-07-24,2019-07-24 09:30:23,1.4,0.9459,45,1.37,0.9256,30,1.36,0.9189,30,1.385,0.9358,87,0
SPY190726P300,2019-07-24,2019-07-24 09:30:24,1.4,0.9459,8,1.37,0.9256,113,1.36,0.9189,30,1.385,0.9358,87,0
SPY190726P300,2019-07-24,2019-07-24 09:30:24,1.39,0.9391,114,1.36,0.9189,183,1.36,0.9189,30,1.375,0.929,87,0
SPY190726P300,2019-07-24,2019-07-24 09:30:25,1.4,0.9459,3,1.39,0.9391,69,1.36,0.9189,30,1.395,0.9425,87,0
SPY190726P300,2019-07-24,2019-07-24 09:30:26,1.42,0.9594,44,1.4,0.9459,5,1.4,0.9459,3,1.41,0.9527,90,3
SPY190726P300,2019-07-24,2019-07-24 09:30:26,1.42,0.9594,9,1.4,0.9459,126,1.4,0.9459,3,1.41,0.9527,90,0
SPY190726P300,2019-07-24,2019-07-24 09:30:27,1.41,0.9527,6,1.39,0.9391,114,1.4,0.9459,3,1.4,0.9459,90,0
SPY190726P300,2019-07-24,2019-07-24 09:30:27,1.42,0.9594,9,1.39,0.9391,114,1.4,0.9459,3,1.405,0.9493,90,0
SPY190726P300,2019-07-24,2019-07-24 09:30:28,1.41,0.9527,20,1.39,0.9391,114,1.4,0.9459,3,1.4,0.9459,90,0
SPY190726P300,2019-07-24,2019-07-24 09:30:29,1.41,0.9527,19,1.39,0.9391,114,1.4,0.9459,3,1.4,0.9459,90,0
SPY190726P300,2019-07-24,2019-07-24 09:30:31,1.41,0.9527,19,1.39,0.9391,126,1.4,0.9459,3,1.4,0.9459,90,0
SPY190726P300,2019-07-24,2019-07-24 09:30:31,1.42,0.9594,1,1.41,0.9527,30,1.4,0.9459,3,1.415,0.956,90,0
SPY190726P300,2019-07-24,2019-07-24 09:30:32,1.42,0.9594,1,1.41,0.9527,30,1.4,0.9459,3,1.415,0.956,90,0
SPY190726P300,2019-07-24,2019-07-24 09:30:33,1.42,0.9594,1,1.41,0.9527,30,1.4,0.9459,3,1.415,0.956,90,0
SPY190726P300,2019-07-24,2019-07-24 09:30:34,1.42,0.9594,1,1.41,0.9527,30,1.4,0.9459,3,1.415,0.956,90,0
SPY190726P300,2019-07-24,2019-07-24 09:30:35,1.42,0.9594,1,1.4,0.9459,100,1.4,0.9459,3,1.41,0.9527,90,0
SPY190726P300,2019-07-24,2019-07-24 09:30:36,1.42,0.9594,1,1.39,0.9391,142,1.4,0.9459,3,1.405,0.9493,90,0
SPY190726P300,2019-07-24,2019-07-24 09:30:36,1.42,0.9594,62,1.39,0.9391,188,1.4,0.9459,3,1.405,0.9493,90,0
SPY190726P300,2019-07-24,2019-07-24 09:30:37,1.42,0.9594,1,1.41,0.9527,30,1.4,0.9459,3,1.415,0.956,90,0
SPY190726P300,2019-07-24,2019-07-24 09:30:38,1.43,0.9662,10,1.42,0.9594,74,1.42,0.9594,1,1.425,0.9628,91,1
SPY190726P300,2019-07-24,2019-07-24 09:30:38,1.42,0.9594,1,1.41,0.9527,30,1.4,0.9459,3,1.415,0.956,90,0
SPY190726P300,2019-07-24,2019-07-24 09:30:39,1.43,0.9662,10,1.42,0.9594,69,1.42,0.9594,1,1.425,0.9628,91,0
SPY190726P300,2019-07-24,2019-07-24 09:30:39,1.43,0.9662,10,1.42,0.9594,111,1.42,0.9594,1,1.425,0.9628,91,0
SPY190726P300,2019-07-24,2019-07-24 09:30:40,1.43,0.9662,10,1.42,0.9594,101,1.42,0.9594,1,1.425,0.9628,91,0
SPY190726P300,2019-07-24,2019-07-24 09:30:40,1.43,0.9662,10,1.42,0.9594,75,1.42,0.9594,1,1.425,0.9628,91,0
SPY190726P300,2019-07-24,2019-07-24 09:30:41,1.43,0.9662,10,1.42,0.9594,88,1.42,0.9594,1,1.425,0.9628,91,0
SPY190726P300,2019-07-24,2019-07-24 09:30:41,1.46,0.9864,158,1.43,0.9662,1,1.43,0.9662,10,1.445,0.9763,101,10
SPY190726P300,2019-07-24,2019-07-24 09:30:42,1.46,0.9864,31,1.44,0.9729,30,1.43,0.9662,10,1.45,0.9797,101,0
SPY190726P300,2019-07-24,2019-07-24 09:30:43,1.46,0.9864,1,1.44,0.9729,140,1.43,0.9662,10,1.45,0.9797,101,0
SPY190726P300,2019-07-24,2019-07-24 09:30:43,1.46,0.9864,1,1.44,0.9729,171,1.43,0.9662,10,1.45,0.9797,101,0
SPY190726P300,2019-07-24,2019-07-24 09:30:44,1.46,0.9864,1,1.45,0.9797,105,1.45,0.9797,1,1.455,0.9831,102,1
SPY190726P300,2019-07-24,2019-07-24 09:30:44,1.46,0.9864,2,1.44,0.9729,188,1.45,0.9797,1,1.45,0.9797,102,0
SPY190726P300,2019-07-24,2019-07-24 09:30:45,1.46,0.9864,2,1.45,0.9797,1,1.45,0.9797,1,1.455,0.9831,103,1
SPY190726P300,2019-07-24,2019-07-24 09:30:46,1.46,0.9864,31,1.44,0.9729,30,1.45,0.9797,1,1.45,0.9797,103,0
SPY190726P300,2019-07-24,2019-07-24 09:30:47,1.46,0.9864,1,1.44,0.9729,30,1.45,0.9797,1,1.45,0.9797,103,0
SPY190726P300,2019-07-24,2019-07-24 09:30:48,1.46,0.9864,1,1.44,0.9729,16,1.45,0.9797,1,1.45,0.9797,103,0
SPY190726P300,2019-07-24,2019-07-24 09:30:49,1.46,0.9864,83,1.42,0.9594,345,1.45,0.9797,1,1.44,0.9729,103,0
SPY190726P300,2019-07-24,2019-07-24 09:30:49,1.46,0.9864,9,1.42,0.9594,205,1.45,0.9797,1,1.44,0.9729,103,0
SPY190726P300,2019-07-24,2019-07-24 09:30:50,1.45,0.9797,64,1.42,0.9594,345,1.45,0.9797,1,1.435,0.9695,103,0
SPY190726P300,2019-07-24,2019-07-24 09:30:50,1.45,0.9797,104,1.41,0.9527,94,1.45,0.9797,1,1.43,0.9662,103,0
SPY190726P300,2019-07-24,2019-07-24 09:30:51,1.45,0.9797,114,1.42,0.9594,76,1.45,0.9797,1,1.435,0.9695,103,0
SPY190726P300,2019-07-24,2019-07-24 09:30:52,1.45,0.9797,114,1.42,0.9594,68,1.45,0.9797,1,1.435,0.9695,103,0
SPY190726P300,2019-07-24,2019-07-24 09:30:53,1.45,0.9797,109,1.42,0.9594,173,1.45,0.9797,1,1.435,0.9695,103,0
SPY190726P300,2019-07-24,2019-07-24 09:30:53,1.45,0.9797,114,1.42,0.9594,120,1.45,0.9797,1,1.435,0.9695,103,0
SPY190726P300,2019-07-24,2019-07-24 09:30:54,1.45,0.9797,86,1.42,0.9594,120,1.45,0.9797,1,1.435,0.9695,103,0
SPY190726P300,2019-07-24,2019-07-24 09:30:54,1.45,0.9797,86,1.42,0.9594,176,1.45,0.9797,1,1.435,0.9695,103,0
SPY190726P300,2019-07-24,2019-07-24 09:30:55,1.45,0.9797,112,1.42,0.9594,197,1.45,0.9797,1,1.435,0.9695,103,0
SPY190726P300,2019-07-24,2019-07-24 09:30:56,1.46,0.9864,108,1.43,0.9662,130,1.45,0.9797,1,1.445,0.9763,103,0
SPY190726P300,2019-07-24,2019-07-24 09:30:56,1.45,0.9797,105,1.42,0.9594,67,1.45,0.9797,1,1.435,0.9695,103,0
SPY190726P300,2019-07-24,2019-07-24 09:30:57,1.45,0.9797,72,1.43,0.9662,30,1.45,0.9797,1,1.44,0.9729,103,0
SPY190726P300,2019-07-24,2019-07-24 09:30:57,1.46,0.9864,1,1.43,0.9662,114,1.45,0.9797,1,1.445,0.9763,103,0
SPY190726P300,2019-07-24,2019-07-24 09:30:58,1.46,0.9864,1,1.44,0.9729,80,1.45,0.9797,1,1.45,0.9797,103,0
SPY190726P300,2019-07-24,2019-07-24 09:30:59,1.46,0.9864,1,1.44,0.9729,214,1.45,0.9797,1,1.45,0.9797,103,0
SPY190726P300,2019-07-24,2019-07-24 09:30:59,1.46,0.9864,1,1.43,0.9662,214,1.45,0.9797,1,1.445,0.9763,103,0
SPY190726P300,2019-07-24,2019-07-24 09:31:00,1.45,0.9797,1,1.44,0.9729,78,1.45,0.9797,1,1.445,0.9763,103,0
SPY190726P300,2019-07-24,2019-07-24 09:31:00,1.46,0.9864,179,1.43,0.9662,125,1.45,0.9797,1,1.445,0.9763,103,0
SPY190726P300,2019-07-24,2019-07-24 09:31:01,1.45,0.9797,1,1.44,0.9729,30,1.45,0.9797,1,1.445,0.9763,103,0
SPY190726P300,2019-07-24,2019-07-24 09:31:01,1.45,0.9797,1,1.44,0.9729,78,1.45,0.9797,1,1.445,0.9763,103,0
SPY190726P300,2019-07-24,2019-07-24 09:31:02,1.45,0.9797,2,1.44,0.9729,171,1.45,0.9797,1,1.445,0.9763,103,0
SPY190726P300,2019-07-24,2019-07-24 09:31:02,1.45,0.9797,2,1.44,0.9729,40,1.45,0.9797,20,1.445,0.9763,123,20
SPY190726P300,2019-07-24,2019-07-24 09:31:03,1.45,0.9797,2,1.44,0.9729,71,1.45,0.9797,20,1.445,0.9763,123,0
SPY190726P300,2019-07-24,2019-07-24 09:31:04,1.45,0.9797,12,1.42,0.9594,135,1.45,0.9797,20,1.435,0.9695,123,0
SPY190726P300,2019-07-24,2019-07-24 09:31:04,1.45,0.9797,233,1.42,0.9594,84,1.45,0.9797,1,1.435,0.9695,125,2
SPY190726P300,2019-07-24,2019-07-24 09:31:05,1.45,0.9797,134,1.42,0.9594,87,1.45,0.9797,1,1.435,0.9695,125,0
SPY190726P300,2019-07-24,2019-07-24 09:31:05,1.45,0.9797,233,1.42,0.9594,84,1.45,0.9797,1,1.435,0.9695,125,0
SPY190726P300,2019-07-24,2019-07-24 09:31:06,1.44,0.9729,208,1.41,0.9527,109,1.45,0.9797,1,1.425,0.9628,125,0
SPY190726P300,2019-07-24,2019-07-24 09:31:06,1.44,0.9729,288,1.41,0.9527,51,1.45,0.9797,1,1.425,0.9628,125,0
SPY190726P300,2019-07-24,2019-07-24 09:31:07,1.44,0.9729,504,1.4,0.9459,214,1.45,0.9797,1,1.42,0.9594,125,0
SPY190726P300,2019-07-24,2019-07-24 09:31:07,1.43,0.9662,30,1.41,0.9527,30,1.45,0.9797,1,1.42,0.9594,125,0
SPY190726P300,2019-07-24,2019-07-24 09:31:08,1.44,0.9729,151,1.41,0.9527,69,1.45,0.9797,1,1.425,0.9628,125,0
SPY190726P300,2019-07-24,2019-07-24 09:31:09,1.44,0.9729,151,1.41,0.9527,94,1.45,0.9797,1,1.425,0.9628,125,0
SPY190726P300,2019-07-24,2019-07-24 09:31:09,1.44,0.9729,151,1.41,0.9527,65,1.45,0.9797,1,1.425,0.9628,125,0
SPY190726P300,2019-07-24,2019-07-24 09:31:10,1.43,0.9662,5,1.41,0.9527,43,1.45,0.9797,1,1.42,0.9594,125,0
SPY190726P300,2019-07-24,2019-07-24 09:31:10,1.44,0.9729,218,1.41,0.9527,93,1.45,0.9797,1,1.425,0.9628,125,0
SPY190726P300,2019-07-24,2019-07-24 09:31:11,1.44,0.9729,218,1.42,0.9594,30,1.45,0.9797,1,1.43,0.9662,125,0
SPY190726P300,2019-07-24,2019-07-24 09:31:11,1.45,0.9797,214,1.42,0.9594,97,1.45,0.9797,1,1.435,0.9695,125,0
SPY190726P300,2019-07-24,2019-07-24 09:31:12,1.45,0.9797,2,1.42,0.9594,166,1.43,0.9662,5,1.435,0.9695,130,0
SPY190726P300,2019-07-24,2019-07-24 09:31:12,1.45,0.9797,62,1.43,0.9662,30,1.43,0.9662,5,1.44,0.9729,130,5
SPY190726P300,2019-07-24,2019-07-24 09:31:13,1.45,0.9797,2,1.44,0.9729,36,1.43,0.9662,5,1.445,0.9763,130,0
SPY190726P300,2019-07-24,2019-07-24 09:31:13,1.45,0.9797,2,1.44,0.9729,68,1.43,0.9662,5,1.445,0.9763,130,0
SPY190726P300,2019-07-24,2019-07-24 09:31:14,1.45,0.9797,2,1.42,0.9594,30,1.43,0.9662,5,1.435,0.9695,130,0
SPY190726P300,2019-07-24,2019-07-24 09:31:15,1.45,0.9797,245,1.41,0.9527,114,1.43,0.9662,5,1.43,0.9662,130,0
SPY190726P300,2019-07-24,2019-07-24 09:31:15,1.44,0.9729,9,1.41,0.9527,109,1.43,0.9662,5,1.425,0.9628,130,0
SPY190726P300,2019-07-24,2019-07-24 09:31:16,1.45,0.9797,227,1.41,0.9527,149,1.43,0.9662,5,1.43,0.9662,130,0
SPY190726P300,2019-07-24,2019-07-24 09:31:16,1.44,0.9729,127,1.41,0.9527,109,1.43,0.9662,5,1.425,0.9628,130,0
SPY190726P300,2019-07-24,2019-07-24 09:31:17,1.43,0.9662,5,1.4,0.9459,214,1.43,0.9662,5,1.415,0.956,130,0
SPY190726P300,2019-07-24,2019-07-24 09:31:17,1.44,0.9729,5,1.41,0.9527,149,1.43,0.9662,5,1.425,0.9628,130,0
SPY190726P300,2019-07-24,2019-07-24 09:31:18,1.43,0.9662,114,1.4,0.9459,214,1.43,0.9662,5,1.415,0.956,130,0
SPY190726P300,2019-07-24,2019-07-24 09:31:18,1.43,0.9662,109,1.4,0.9459,214,1.43,0.9662,5,1.415,0.956,130,0
SPY190726P300,2019-07-24,2019-07-24 09:31:19,1.43,0.9662,214,1.4,0.9459,57,1.4,0.9459,2,1.415,0.956,132,2
SPY190726P300,2019-07-24,2019-07-24 09:31:19,1.43,0.9662,129,1.4,0.9459,310,1.43,0.9662,5,1.415,0.956,130,0
SPY190726P300,2019-07-24,2019-07-24 09:31:20,1.43,0.9662,234,1.4,0.9459,54,1.4,0.9459,2,1.415,0.956,132,0
SPY190726P300,2019-07-24,2019-07-24 09:31:21,1.43,0.9662,234,1.4,0.9459,130,1.4,0.9459,2,1.415,0.956,132,0
SPY190726P300,2019-07-24,2019-07-24 09:31:21,1.43,0.9662,234,1.4,0.9459,133,1.4,0.9459,2,1.415,0.956,132,0
SPY190726P300,2019-07-24,2019-07-24 09:31:22,1.43,0.9662,147,1.39,0.9391,277,1.4,0.9459,2,1.41,0.9527,132,0
SPY190726P300,2019-07-24,2019-07-24 09:31:22,1.43,0.9662,351,1.39,0.9391,277,1.4,0.9459,2,1.41,0.9527,132,0
SPY190726P300,2019-07-24,2019-07-24 09:31:23,1.43,0.9662,129,1.4,0.9459,167,1.4,0.9459,2,1.415,0.956,132,0
SPY190726P300,2019-07-24,2019-07-24 09:31:23,1.43,0.9662,134,1.4,0.9459,270,1.4,0.9459,2,1.415,0.956,132,0
SPY190726P300,2019-07-24,2019-07-24 09:31:24,1.43,0.9662,175,1.4,0.9459,336,1.4,0.9459,2,1.415,0.956,132,0
SPY190726P300,2019-07-24,2019-07-24 09:31:25,1.43,0.9662,216,1.4,0.9459,397,1.4,0.9459,2,1.415,0.956,132,0
SPY190726P300,2019-07-24,2019-07-24 09:31:25,1.43,0.9662,360,1.4,0.9459,397,1.4,0.9459,2,1.415,0.956,132,0
SPY190726P300,2019-07-24,2019-07-24 09:31:26,1.43,0.9662,360,1.4,0.9459,397,1.4,0.9459,2,1.415,0.956,132,0
SPY190726P300,2019-07-24,2019-07-24 09:31:27,1.42,0.9594,5,1.39,0.9391,214,1.4,0.9459,2,1.405,0.9493,132,0
SPY190726P300,2019-07-24,2019-07-24 09:31:28,1.42,0.9594,120,1.4,0.9459,30,1.4,0.9459,2,1.41,0.9527,132,0
SPY190726P300,2019-07-24,2019-07-24 09:31:28,1.43,0.9662,190,1.39,0.9391,145,1.4,0.9459,2,1.41,0.9527,132,0
SPY190726P300,2019-07-24,2019-07-24 09:31:29,1.42,0.9594,181,1.4,0.9459,30,1.4,0.9459,2,1.41,0.9527,132,0
SPY190726P300,2019-07-24,2019-07-24 09:31:29,1.42,0.9594,120,1.39,0.9391,165,1.4,0.9459,2,1.405,0.9493,132,0
SPY190726P300,2019-07-24,2019-07-24 09:31:30,1.42,0.9594,120,1.39,0.9391,120,1.4,0.9459,2,1.405,0.9493,132,0
SPY190726P300,2019-07-24,2019-07-24 09:31:31,1.42,0.9594,120,1.39,0.9391,120,1.4,0.9459,2,1.405,0.9493,132,0
SPY190726P300,2019-07-24,2019-07-24 09:31:31,1.4,0.9459,1,1.39,0.9391,132,1.4,0.9459,2,1.395,0.9425,132,0
SPY190726P300,2019-07-24,2019-07-24 09:31:32,1.4,0.9459,1,1.39,0.9391,120,1.4,0.9459,2,1.395,0.9425,132,0
SPY190726P300,2019-07-24,2019-07-24 09:31:33,1.4,0.9459,1,1.39,0.9391,113,1.39,0.9391,5,1.395,0.9425,137,5
SPY190726P300,2019-07-24,2019-07-24 09:31:33,1.4,0.9459,1,1.39,0.9391,113,1.39,0.9391,5,1.395,0.9425,137,0
SPY190726P300,2019-07-24,2019-07-24 09:31:34,1.4,0.9459,1,1.39,0.9391,117,1.39,0.9391,5,1.395,0.9425,137,0
SPY190726P300,2019-07-24,2019-07-24 09:31:34,1.4,0.9459,1,1.39,0.9391,169,1.39,0.9391,5,1.395,0.9425,137,0
SPY190726P300,2019-07-24,2019-07-24 09:31:35,1.4,0.9459,1,1.39,0.9391,36,1.39,0.9391,5,1.395,0.9425,137,0
SPY190726P300,2019-07-24,2019-07-24 09:31:36,1.4,0.9459,1,1.39,0.9391,50,1.39,0.9391,5,1.395,0.9425,137,0
SPY190726P300,2019-07-24,2019-07-24 09:31:37,1.4,0.9459,1,1.39,0.9391,50,1.39,0.9391,5,1.395,0.9425,137,0
SPY190726P300,2019-07-24,2019-07-24 09:31:37,1.4,0.9459,115,1.37,0.9256,55,1.39,0.9391,4,1.385,0.9358,141,4
SPY190726P300,2019-07-24,2019-07-24 09:31:38,1.4,0.9459,125,1.37,0.9256,84,1.39,0.9391,4,1.385,0.9358,141,0
SPY190726P300,2019-07-24,2019-07-24 09:31:39,1.4,0.9459,125,1.38,0.9324,118,1.39,0.9391,4,1.39,0.9391,141,0
SPY190726P300,2019-07-24,2019-07-24 09:31:39,1.4,0.9459,125,1.37,0.9256,172,1.39,0.9391,4,1.385,0.9358,141,0
SPY190726P300,2019-07-24,2019-07-24 09:31:40,1.4,0.9459,125,1.38,0.9324,143,1.39,0.9391,4,1.39,0.9391,141,0
SPY190726P300,2019-07-24,2019-07-24 09:31:40,1.4,0.9459,125,1.38,0.9324,227,1.39,0.9391,4,1.39,0.9391,141,0
SPY190726P300,2019-07-24,2019-07-24 09:31:41,1.42,0.9594,42,1.4,0.9459,134,1.4,0.9459,1,1.41,0.9527,212,71
SPY190726P300,2019-07-24,2019-07-24 09:31:42,1.43,0.9662,58,1.4,0.9459,119,1.4,0.9459,7,1.415,0.956,219,7
SPY190726P300,2019-07-24,2019-07-24 09:31:43,1.42,0.9594,25,1.4,0.9459,233,1.4,0.9459,7,1.41,0.9527,219,0
SPY190726P300,2019-07-24,2019-07-24 09:31:43,1.42,0.9594,25,1.41,0.9527,1,1.41,0.9527,1,1.415,0.956,220,1
SPY190726P300,2019-07-24,2019-07-24 09:31:44,1.45,0.9797,256,1.42,0.9594,80,1.41,0.9527,1,1.435,0.9695,220,0
SPY190726P300,2019-07-24,2019-07-24 09:31:45,1.44,0.9729,25,1.42,0.9594,80,1.41,0.9527,1,1.43,0.9662,220,0
SPY190726P300,2019-07-24,2019-07-24 09:31:45,1.44,0.9729,45,1.42,0.9594,80,1.41,0.9527,1,1.43,0.9662,220,0
SPY190726P300,2019-07-24,2019-07-24 09:31:46,1.44,0.9729,49,1.42,0.9594,91,1.41,0.9527,1,1.43,0.9662,220,0
SPY190726P300,2019-07-24,2019-07-24 09:31:46,1.44,0.9729,45,1.42,0.9594,51,1.41,0.9527,1,1.43,0.9662,220,0
SPY190726P300,2019-07-24,2019-07-24 09:31:47,1.44,0.9729,29,1.42,0.9594,91,1.41,0.9527,1,1.43,0.9662,220,0
SPY190726P300,2019-07-24,2019-07-24 09:31:47,1.44,0.9729,27,1.42,0.9594,51,1.41,0.9527,1,1.43,0.9662,220,0
SPY190726P300,2019-07-24,2019-07-24 09:31:48,1.44,0.9729,45,1.42,0.9594,91,1.41,0.9527,1,1.43,0.9662,220,0
SPY190726P300,2019-07-24,2019-07-24 09:31:49,1.44,0.9729,45,1.42,0.9594,80,1.41,0.9527,1,1.43,0.9662,220,0
SPY190726P300,2019-07-24,2019-07-24 09:31:49,1.44,0.9729,50,1.42,0.9594,80,1.41,0.9527,1,1.43,0.9662,220,0
SPY190726P300,2019-07-24,2019-07-24 09:31:50,1.45,0.9797,115,1.42,0.9594,80,1.41,0.9527,1,1.435,0.9695,220,0
SPY190726P300,2019-07-24,2019-07-24 09:31:50,1.44,0.9729,25,1.42,0.9594,96,1.41,0.9527,1,1.43,0.9662,220,0
SPY190726P300,2019-07-24,2019-07-24 09:31:51,1.44,0.9729,25,1.42,0.9594,96,1.41,0.9527,1,1.43,0.9662,220,0
SPY190726P300,2019-07-24,2019-07-24 09:31:51,1.44,0.9729,39,1.42,0.9594,96,1.41,0.9527,1,1.43,0.9662,220,0
SPY190726P300,2019-07-24,2019-07-24 09:31:52,1.43,0.9662,19,1.42,0.9594,91,1.41,0.9527,1,1.425,0.9628,220,0
SPY190726P300,2019-07-24,2019-07-24 09:31:53,1.43,0.9662,1,1.42,0.9594,96,1.41,0.9527,1,1.425,0.9628,220,0
SPY190726P300,2019-07-24,2019-07-24 09:31:53,1.43,0.9662,1,1.42,0.9594,121,1.41,0.9527,1,1.425,0.9628,220,0
SPY190726P300,2019-07-24,2019-07-24 09:31:54,1.43,0.9662,1,1.42,0.9594,88,1.41,0.9527,1,1.425,0.9628,220,0
SPY190726P300,2019-07-24,2019-07-24 09:31:55,1.43,0.9662,1,1.42,0.9594,88,1.41,0.9527,1,1.425,0.9628,220,0
SPY190726P300,2019-07-24,2019-07-24 09:31:56,1.43,0.9662,1,1.42,0.9594,88,1.41,0.9527,1,1.425,0.9628,220,0
SPY190726P300,2019-07-24,2019-07-24 09:31:57,1.43,0.9662,1,1.42,0.9594,88,1.43,0.9662,1,1.425,0.9628,221,1
SPY190726P300,2019-07-24,2019-07-24 09:31:57,1.43,0.9662,1,1.42,0.9594,88,1.43,0.9662,1,1.425,0.9628,221,0
SPY190726P300,2019-07-24,2019-07-24 09:31:58,1.45,0.9797,125,1.43,0.9662,69,1.43,0.9662,1,1.44,0.9729,221,0
SPY190726P300,2019-07-24,2019-07-24 09:31:59,1.45,0.9797,28,1.43,0.9662,125,1.43,0.9662,1,1.44,0.9729,221,0
SPY190726P300,2019-07-24,2019-07-24 09:31:59,1.45,0.9797,25,1.43,0.9662,68,1.43,0.9662,1,1.44,0.9729,221,0
SPY190726P300,2019-07-24,2019-07-24 09:32:00,1.47,0.9932,25,1.45,0.9797,65,1.45,0.9797,2,1.46,0.9864,223,2
SPY190726P300,2019-07-24,2019-07-24 09:32:00,1.45,0.9797,2,1.44,0.9729,49,1.43,0.9662,1,1.445,0.9763,221,0
SPY190726P300,2019-07-24,2019-07-24 09:32:01,1.47,0.9932,25,1.45,0.9797,154,1.45,0.9797,2,1.46,0.9864,223,0
SPY190726P300,2019-07-24,2019-07-24 09:32:02,1.47,0.9932,33,1.45,0.9797,154,1.45,0.9797,2,1.46,0.9864,223,0
SPY190726P300,2019-07-24,2019-07-24 09:32:02,1.47,0.9932,33,1.45,0.9797,14,1.45,0.9797,2,1.46,0.9864,223,0
SPY190726P300,2019-07-24,2019-07-24 09:32:03,1.46,0.9864,127,1.44,0.9729,25,1.45,0.9797,2,1.45,0.9797,223,0
SPY190726P300,2019-07-24,2019-07-24 09:32:03,1.46,0.9864,127,1.42,0.9594,55,1.45,0.9797,2,1.44,0.9729,223,0
SPY190726P300,2019-07-24,2019-07-24 09:32:04,1.44,0.9729,1,1.43,0.9662,30,1.45,0.9797,2,1.435,0.9695,223,0
SPY190726P300,2019-07-24,2019-07-24 09:32:04,1.44,0.9729,1,1.42,0.9594,155,1.45,0.9797,2,1.43,0.9662,223,0
SPY190726P300,2019-07-24,2019-07-24 09:32:05,1.44,0.9729,1,1.42,0.9594,55,1.45,0.9797,2,1.43,0.9662,223,0
SPY190726P300,2019-07-24,2019-07-24 09:32:06,1.43,0.9662,2,1.41,0.9527,125,1.45,0.9797,2,1.42,0.9594,223,0
SPY190726P300,2019-07-24,2019-07-24 09:32:06,1.44,0.9729,2,1.42,0.9594,65,1.45,0.9797,2,1.43,0.9662,223,0
SPY190726P300,2019-07-24,2019-07-24 09:32:07,1.43,0.9662,2,1.41,0.9527,172,1.45,0.9797,2,1.42,0.9594,223,0
SPY190726P300,2019-07-24,2019-07-24 09:32:07,1.43,0.9662,8,1.41,0.9527,155,1.45,0.9797,2,1.42,0.9594,223,0
SPY190726P300,2019-07-24,2019-07-24 09:32:08,1.43,0.9662,2,1.42,0.9594,75,1.44,0.9729,2,1.425,0.9628,225,2
SPY190726P300,2019-07-24,2019-07-24 09:32:08,1.43,0.9662,2,1.42,0.9594,75,1.44,0.9729,2,1.425,0.9628,225,0
SPY190726P300,2019-07-24,2019-07-24 09:32:09,1.44,0.9729,10,1.43,0.9662,1,1.43,0.9662,2,1.435,0.9695,227,2
SPY190726P300,2019-07-24,2019-07-24 09:32:10,1.44,0.9729,1,1.42,0.9594,53,1.43,0.9662,2,1.43,0.9662,227,0
SPY190726P300,2019-07-24,2019-07-24 09:32:11,1.44,0.9729,46,1.42,0.9594,73,1.43,0.9662,2,1.43,0.9662,227,0
SPY190726P300,2019-07-24,2019-07-24 09:32:11,1.44,0.9729,25,1.42,0.9594,87,1.43,0.9662,2,1.43,0.9662,227,0
SPY190726P300,2019-07-24,2019-07-24 09:32:12,1.44,0.9729,46,1.42,0.9594,55,1.43,0.9662,2,1.43,0.9662,227,0
SPY190726P300,2019-07-24,2019-07-24 09:32:13,1.44,0.9729,46,1.42,0.9594,55,1.43,0.9662,2,1.43,0.9662,227,0
SPY190726P300,2019-07-24,2019-07-24 09:32:13,1.44,0.9729,1,1.43,0.9662,48,1.43,0.9662,2,1.435,0.9695,227,0
SPY190726P300,2019-07-24,2019-07-24 09:32:14,1.44,0.9729,1,1.43,0.9662,64,1.43,0.9662,2,1.435,0.9695,227,0
SPY190726P300,2019-07-24,2019-07-24 09:32:15,1.44,0.9729,1,1.43,0.9662,64,1.43,0.9662,2,1.435,0.9695,227,0
SPY190726P300,2019-07-24,2019-07-24 09:32:15,1.44,0.9729,1,1.43,0.9662,75,1.43,0.9662,2,1.435,0.9695,227,0
SPY190726P300,2019-07-24,2019-07-24 09:32:16,1.44,0.9729,1,1.43,0.9662,175,1.43,0.9662,2,1.435,0.9695,227,0
SPY190726P300,2019-07-24,2019-07-24 09:32:17,1.44,0.9729,1,1.43,0.9662,175,1.43,0.9662,2,1.435,0.9695,227,0
SPY190726P300,2019-07-24,2019-07-24 09:32:17,1.46,0.9864,25,1.45,0.9797,60,1.44,0.9729,1,1.455,0.9831,228,1
SPY190726P300,2019-07-24,2019-07-24 09:32:18,1.47,0.9932,25,1.45,0.9797,60,1.44,0.9729,1,1.46,0.9864,228,0
SPY190726P300,2019-07-24,2019-07-24 09:32:18,1.47,0.9932,45,1.46,0.9864,13,1.44,0.9729,1,1.465,0.9898,228,0
SPY190726P300,2019-07-24,2019-07-24 09:32:19,1.47,0.9932,46,1.46,0.9864,13,1.44,0.9729,1,1.465,0.9898,228,0
SPY190726P300,2019-07-24,2019-07-24 09:32:20,1.47,0.9932,120,1.45,0.9797,25,1.45,0.9797,5,1.46,0.9864,233,0
SPY190726P300,2019-07-24,2019-07-24 09:32:20,1.47,0.9932,82,1.45,0.9797,25,1.45,0.9797,5,1.46,0.9864,233,5
SPY190726P300,2019-07-24,2019-07-24 09:32:21,1.46,0.9864,74,1.44,0.9729,55,1.45,0.9797,2,1.45,0.9797,235,2
SPY190726P300,2019-07-24,2019-07-24 09:32:21,1.46,0.9864,62,1.44,0.9729,54,1.45,0.9797,5,1.45,0.9797,233,0
SPY190726P300,2019-07-24,2019-07-24 09:32:22,1.46,0.9864,70,1.44,0.9729,55,1.45,0.9797,2,1.45,0.9797,235,0
SPY190726P300,2019-07-24,2019-07-24 09:32:22,1.46,0.9864,74,1.44,0.9729,55,1.45,0.9797,2,1.45,0.9797,235,0
SPY190726P300,2019-07-24,2019-07-24 09:32:23,1.46,0.9864,86,1.44,0.9729,54,1.45,0.9797,2,1.45,0.9797,235,0
SPY190726P300,2019-07-24,2019-07-24 09:32:24,1.46,0.9864,53,1.45,0.9797,19,1.45,0.9797,2,1.455,0.9831,235,0
SPY190726P300,2019-07-24,2019-07-24 09:32:24,1.46,0.9864,54,1.45,0.9797,19,1.45,0.9797,2,1.455,0.9831,235,0
SPY190726P300,2019-07-24,2019-07-24 09:32:25,1.46,0.9864,91,1.44,0.9729,55,1.45,0.9797,2,1.45,0.9797,235,0
SPY190726P300,2019-07-24,2019-07-24 09:32:25,1.46,0.9864,129,1.45,0.9797,25,1.45,0.9797,2,1.455,0.9831,235,0
SPY190726P300,2019-07-24,2019-07-24 09:32:26,1.46,0.9864,125,1.44,0.9729,31,1.45,0.9797,2,1.45,0.9797,235,0
SPY190726P300,2019-07-24,2019-07-24 09:32:26,1.46,0.9864,120,1.44,0.9729,25,1.45,0.9797,2,1.45,0.9797,235,0
SPY190726P300,2019-07-24,2019-07-24 09:32:27,1.46,0.9864,208,1.44,0.9729,51,1.45,0.9797,2,1.45,0.9797,235,0
SPY190726P300,2019-07-24,2019-07-24 09:32:27,1.46,0.9864,145,1.44,0.9729,31,1.45,0.9797,2,1.45,0.9797,235,0
SPY190726P300,2019-07-24,2019-07-24 09:32:28,1.46,0.9864,201,1.44,0.9729,32,1.45,0.9797,2,1.45,0.9797,235,0
SPY190726P300,2019-07-24,2019-07-24 09:32:29,1.46,0.9864,315,1.44,0.9729,32,1.45,0.9797,2,1.45,0.9797,235,0
SPY190726P300,2019-07-24,2019-07-24 09:32:29,1.46,0.9864,145,1.44,0.9729,51,1.45,0.9797,2,1.45,0.9797,235,0
SPY190726P300,2019-07-24,2019-07-24 09:32:30,1.46,0.9864,145,1.44,0.9729,51,1.45,0.9797,2,1.45,0.9797,235,0
SPY190726P300,2019-07-24,2019-07-24 09:32:30,1.46,0.9864,167,1.44,0.9729,32,1.45,0.9797,2,1.45,0.9797,235,0
SPY190726P300,2019-07-24,2019-07-24 09:32:31,1.46,0.9864,125,1.44,0.9729,32,1.45,0.9797,2,1.45,0.9797,235,0
SPY190726P300,2019-07-24,2019-07-24 09:32:31,1.46,0.9864,145,1.44,0.9729,32,1.45,0.9797,2,1.45,0.9797,235,0
SPY190726P300,2019-07-24,2019-07-24 09:32:32,1.45,0.9797,97,1.44,0.9729,10,1.45,0.9797,2,1.445,0.9763,235,0
SPY190726P300,2019-07-24,2019-07-24 09:32:33,1.46,0.9864,141,1.44,0.9729,10,1.45,0.9797,2,1.45,0.9797,235,0
SPY190726P300,2019-07-24,2019-07-24 09:32:33,1.46,0.9864,167,1.44,0.9729,32,1.45,0.9797,2,1.45,0.9797,235,0
SPY190726P300,2019-07-24,2019-07-24 09:32:34,1.46,0.9864,155,1.44,0.9729,32,1.45,0.9797,2,1.45,0.9797,235,0
SPY190726P300,2019-07-24,2019-07-24 09:32:34,1.46,0.9864,176,1.44,0.9729,32,1.45,0.9797,2,1.45,0.9797,235,0
SPY190726P300,2019-07-24,2019-07-24 09:32:35,1.46,0.9864,245,1.44,0.9729,52,1.45,0.9797,2,1.45,0.9797,235,0
SPY190726P300,2019-07-24,2019-07-24 09:32:35,1.46,0.9864,265,1.44,0.9729,32,1.45,0.9797,2,1.45,0.9797,235,0
SPY190726P300,2019-07-24,2019-07-24 09:32:36,1.46,0.9864,299,1.44,0.9729,32,1.45,0.9797,2,1.45,0.9797,235,0
SPY190726P300,2019-07-24,2019-07-24 09:32:36,1.46,0.9864,265,1.44,0.9729,10,1.45,0.9797,2,1.45,0.9797,235,0
SPY190726P300,2019-07-24,2019-07-24 09:32:37,1.46,0.9864,265,1.44,0.9729,52,1.45,0.9797,2,1.45,0.9797,235,0
SPY190726P300,2019-07-24,2019-07-24 09:32:37,1.46,0.9864,145,1.44,0.9729,52,1.45,0.9797,2,1.45,0.9797,235,0
SPY190726P300,2019-07-24,2019-07-24 09:32:38,1.46,0.9864,23,1.44,0.9729,55,1.45,0.9797,2,1.45,0.9797,235,0
SPY190726P300,2019-07-24,2019-07-24 09:32:39,1.45,0.9797,25,1.44,0.9729,32,1.44,0.9729,10,1.445,0.9763,246,10
SPY190726P300,2019-07-24,2019-07-24 09:32:39,1.46,0.9864,90,1.44,0.9729,52,1.46,0.9864,1,1.45,0.9797,236,1
SPY190726P300,2019-07-24,2019-07-24 09:32:40,1.44,0.9729,80,1.42,0.9594,45,1.44,0.9729,10,1.43,0.9662,246,0
SPY190726P300,2019-07-24,2019-07-24 09:32:40,1.44,0.9729,7,1.42,0.9594,45,1.44,0.9729,10,1.43,0.9662,246,0
SPY190726P300,2019-07-24,2019-07-24 09:32:41,1.46,0.9864,157,1.43,0.9662,92,1.44,0.9729,10,1.445,0.9763,246,0
SPY190726P300,2019-07-24,2019-07-24 09:32:41,1.45,0.9797,167,1.42,0.9594,45,1.44,0.9729,10,1.435,0.9695,246,0
SPY190726P300,2019-07-24,2019-07-24 09:32:42,1.46,0.9864,234,1.43,0.9662,122,1.44,0.9729,10,1.445,0.9763,246,0
SPY190726P300,2019-07-24,2019-07-24 09:32:43,1.46,0.9864,170,1.43,0.9662,101,1.44,0.9729,10,1.445,0.9763,246,0
SPY190726P300,2019-07-24,2019-07-24 09:32:43,1.46,0.9864,145,1.43,0.9662,223,1.44,0.9729,10,1.445,0.9763,246,0
SPY190726P300,2019-07-24,2019-07-24 09:32:44,1.46,0.9864,270,1.43,0.9662,61,1.44,0.9729,10,1.445,0.9763,246,0
SPY190726P300,2019-07-24,2019-07-24 09:32:45,1.45,0.9797,31,1.43,0.9662,61,1.44,0.9729,10,1.44,0.9729,246,0
SPY190726P300,2019-07-24,2019-07-24 09:32:45,1.45,0.9797,45,1.43,0.9662,61,1.44,0.9729,10,1.44,0.9729,246,0
SPY190726P300,2019-07-24,2019-07-24 09:32:46,1.46,0.9864,253,1.43,0.9662,99,1.44,0.9729,10,1.445,0.9763,246,0
SPY190726P300,2019-07-24,2019-07-24 09:32:47,1.46,0.9864,145,1.43,0.9662,204,1.44,0.9729,10,1.445,0.9763,246,0
SPY190726P300,2019-07-24,2019-07-24 09:32:48,1.46,0.9864,128,1.44,0.9729,25,1.44,0.9729,10,1.45,0.9797,246,0
SPY190726P300,2019-07-24,2019-07-24 09:32:48,1.46,0.9864,62,1.44,0.9729,59,1.44,0.9729,10,1.45,0.9797,246,0
SPY190726P300,2019-07-24,2019-07-24 09:32:49,1.46,0.9864,91,1.44,0.9729,59,1.44,0.9729,10,1.45,0.9797,246,0
SPY190726P300,2019-07-24,2019-07-24 09:32:50,1.46,0.9864,91,1.44,0.9729,59,1.44,0.9729,10,1.45,0.9797,246,0
SPY190726P300,2019-07-24,2019-07-24 09:32:50,1.46,0.9864,43,1.44,0.9729,137,1.44,0.9729,10,1.45,0.9797,246,0
SPY190726P300,2019-07-24,2019-07-24 09:32:51,1.47,0.9932,152,1.44,0.9729,140,1.44,0.9729,10,1.455,0.9831,246,0
SPY190726P300,2019-07-24,2019-07-24 09:32:52,1.47,0.9932,60,1.45,0.9797,61,1.44,0.9729,10,1.46,0.9864,246,0
SPY190726P300,2019-07-24,2019-07-24 09:32:52,1.47,0.9932,68,1.45,0.9797,61,1.44,0.9729,10,1.46,0.9864,246,0
SPY190726P300,2019-07-24,2019-07-24 09:32:53,1.47,0.9932,30,1.45,0.9797,81,1.44,0.9729,10,1.46,0.9864,246,0
SPY190726P300,2019-07-24,2019-07-24 09:32:54,1.47,0.9932,7,1.46,0.9864,25,1.44,0.9729,10,1.465,0.9898,246,0
SPY190726P300,2019-07-24,2019-07-24 09:32:54,1.47,0.9932,1,1.46,0.9864,65,1.44,0.9729,10,1.465,0.9898,246,0
SPY190726P300,2019-07-24,2019-07-24 09:32:55,1.47,0.9932,26,1.45,0.9797,55,1.44,0.9729,10,1.46,0.9864,246,0
SPY190726P300,2019-07-24,2019-07-24 09:32:55,1.47,0.9932,103,1.45,0.9797,45,1.44,0.9729,10,1.46,0.9864,246,0
SPY190726P300,2019-07-24,2019-07-24 09:32:56,1.47,0.9932,44,1.45,0.9797,55,1.44,0.9729,10,1.46,0.9864,246,0
SPY190726P300,2019-07-24,2019-07-24 09:32:56,1.47,0.9932,96,1.45,0.9797,25,1.44,0.9729,10,1.46,0.9864,246,0
SPY190726P300,2019-07-24,2019-07-24 09:32:57,1.47,0.9932,266,1.44,0.9729,25,1.44,0.9729,10,1.455,0.9831,246,0
SPY190726P300,2019-07-24,2019-07-24 09:32:58,1.46,0.9864,163,1.44,0.9729,25,1.44,0.9729,10,1.45,0.9797,246,0
SPY190726P300,2019-07-24,2019-07-24 09:32:58,1.47,0.9932,266,1.43,0.9662,61,1.44,0.9729,10,1.45,0.9797,246,0
SPY190726P300,2019-07-24,2019-07-24 09:32:59,1.46,0.9864,197,1.44,0.9729,25,1.44,0.9729,10,1.45,0.9797,246,0
SPY190726P300,2019-07-24,2019-07-24 09:32:59,1.47,0.9932,245,1.44,0.9729,96,1.44,0.9729,10,1.455,0.9831,246,0
SPY190726P300,2019-07-24,2019-07-24 09:33:00,1.47,0.9932,270,1.44,0.9729,45,1.44,0.9729,10,1.455,0.9831,246,0
SPY190726P300,2019-07-24,2019-07-24 09:33:00,1.46,0.9864,164,1.44,0.9729,31,1.44,0.9729,10,1.45,0.9797,246,0
SPY190726P300,2019-07-24,2019-07-24 09:33:01,1.46,0.9864,164,1.44,0.9729,31,1.44,0.9729,10,1.45,0.9797,246,0
SPY190726P300,2019-07-24,2019-07-24 09:33:02,1.46,0.9864,256,1.44,0.9729,25,1.44,0.9729,10,1.45,0.9797,246,0
SPY190726P300,2019-07-24,2019-07-24 09:33:02,1.46,0.9864,173,1.44,0.9729,25,1.44,0.9729,10,1.45,0.9797,246,0
SPY190726P300,2019-07-24,2019-07-24 09:33:03,1.46,0.9864,289,1.43,0.9662,25,1.44,0.9729,10,1.445,0.9763,246,0
SPY190726P300,2019-07-24,2019-07-24 09:33:03,1.46,0.9864,282,1.43,0.9662,55,1.44,0.9729,10,1.445,0.9763,246,0
SPY190726P300,2019-07-24,2019-07-24 09:33:04,1.45,0.9797,39,1.43,0.9662,45,1.44,0.9729,10,1.44,0.9729,246,0
SPY190726P300,2019-07-24,2019-07-24 09:33:04,1.45,0.9797,43,1.43,0.9662,70,1.44,0.9729,10,1.44,0.9729,246,0
SPY190726P300,2019-07-24,2019-07-24 09:33:05,1.45,0.9797,43,1.43,0.9662,70,1.45,0.9797,1,1.44,0.9729,251,5
SPY190726P300,2019-07-24,2019-07-24 09:33:06,1.45,0.9797,43,1.43,0.9662,70,1.45,0.9797,1,1.44,0.9729,251,0
SPY190726P300,2019-07-24,2019-07-24 09:33:06,1.45,0.9797,84,1.43,0.9662,45,1.45,0.9797,1,1.44,0.9729,251,0
SPY190726P300,2019-07-24,2019-07-24 09:33:07,1.45,0.9797,90,1.43,0.9662,50,1.45,0.9797,1,1.44,0.9729,251,0
SPY190726P300,2019-07-24,2019-07-24 09:33:08,1.45,0.9797,90,1.43,0.9662,50,1.45,0.9797,1,1.44,0.9729,251,0
SPY190726P300,2019-07-24,2019-07-24 09:33:08,1.45,0.9797,90,1.43,0.9662,45,1.45,0.9797,1,1.44,0.9729,251,0
SPY190726P300,2019-07-24,2019-07-24 09:33:09,1.45,0.9797,70,1.43,0.9662,44,1.45,0.9797,1,1.44,0.9729,251,0
SPY190726P300,2019-07-24,2019-07-24 09:33:09,1.45,0.9797,45,1.43,0.9662,44,1.45,0.9797,1,1.44,0.9729,251,0
SPY190726P300,2019-07-24,2019-07-24 09:33:10,1.45,0.9797,31,1.43,0.9662,70,1.45,0.9797,1,1.44,0.9729,251,0
SPY190726P300,2019-07-24,2019-07-24 09:33:11,1.45,0.9797,31,1.43,0.9662,70,1.45,0.9797,1,1.44,0.9729,251,0
SPY190726P300,2019-07-24,2019-07-24 09:33:11,1.45,0.9797,51,1.43,0.9662,70,1.45,0.9797,1,1.44,0.9729,251,0
SPY190726P300,2019-07-24,2019-07-24 09:33:12,1.45,0.9797,51,1.43,0.9662,70,1.45,0.9797,1,1.44,0.9729,251,0
SPY190726P300,2019-07-24,2019-07-24 09:33:12,1.45,0.9797,31,1.43,0.9662,70,1.45,0.9797,1,1.44,0.9729,251,0
SPY190726P300,2019-07-24,2019-07-24 09:33:13,1.45,0.9797,31,1.43,0.9662,50,1.45,0.9797,1,1.44,0.9729,251,0
SPY190726P300,2019-07-24,2019-07-24 09:33:14,1.45,0.9797,24,1.43,0.9662,70,1.45,0.9797,1,1.44,0.9729,251,0
SPY190726P300,2019-07-24,2019-07-24 09:33:15,1.45,0.9797,32,1.43,0.9662,86,1.45,0.9797,1,1.44,0.9729,251,0
SPY190726P300,2019-07-24,2019-07-24 09:33:15,1.45,0.9797,26,1.43,0.9662,45,1.45,0.9797,1,1.44,0.9729,251,0
SPY190726P300,2019-07-24,2019-07-24 09:33:16,1.45,0.9797,46,1.43,0.9662,55,1.45,0.9797,1,1.44,0.9729,251,0
SPY190726P300,2019-07-24,2019-07-24 09:33:17,1.45,0.9797,52,1.43,0.9662,106,1.45,0.9797,1,1.44,0.9729,251,0
SPY190726P300,2019-07-24,2019-07-24 09:33:17,1.45,0.9797,151,1.42,0.9594,49,1.45,0.9797,1,1.435,0.9695,251,0
SPY190726P300,2019-07-24,2019-07-24 09:33:18,1.45,0.9797,114,1.43,0.9662,55,1.45,0.9797,1,1.44,0.9729,251,0
SPY190726P300,2019-07-24,2019-07-24 09:33:18,1.45,0.9797,151,1.42,0.9594,87,1.45,0.9797,1,1.435,0.9695,251,0
SPY190726P300,2019-07-24,2019-07-24 09:33:19,1.45,0.9797,114,1.43,0.9662,55,1.45,0.9797,1,1.44,0.9729,251,0
SPY190726P300,2019-07-24,2019-07-24 09:33:20,1.44,0.9729,75,1.42,0.9594,55,1.45,0.9797,1,1.43,0.9662,251,0
SPY190726P300,2019-07-24,2019-07-24 09:33:20,1.45,0.9797,177,1.42,0.9594,69,1.45,0.9797,1,1.435,0.9695,251,0
SPY190726P300,2019-07-24,2019-07-24 09:33:21,1.44,0.9729,132,1.41,0.9527,61,1.43,0.9662,50,1.425,0.9628,301,50
SPY190726P300,2019-07-24,2019-07-24 09:33:21,1.42,0.9594,29,1.4,0.9459,137,1.43,0.9662,50,1.41,0.9527,301,0
SPY190726P300,2019-07-24,2019-07-24 09:33:22,1.42,0.9594,29,1.4,0.9459,132,1.43,0.9662,50,1.41,0.9527,301,0
SPY190726P300,2019-07-24,2019-07-24 09:33:23,1.43,0.9662,51,1.41,0.9527,81,1.43,0.9662,50,1.42,0.9594,301,0
SPY190726P300,2019-07-24,2019-07-24 09:33:23,1.43,0.9662,31,1.41,0.9527,184,1.43,0.9662,50,1.42,0.9594,301,0
SPY190726P300,2019-07-24,2019-07-24 09:33:24,1.43,0.9662,34,1.41,0.9527,61,1.43,0.9662,50,1.42,0.9594,301,0
SPY190726P300,2019-07-24,2019-07-24 09:33:24,1.43,0.9662,31,1.41,0.9527,209,1.43,0.9662,50,1.42,0.9594,301,0
SPY190726P300,2019-07-24,2019-07-24 09:33:25,1.43,0.9662,151,1.4,0.9459,48,1.43,0.9662,50,1.415,0.956,301,0
SPY190726P300,2019-07-24,2019-07-24 09:33:25,1.43,0.9662,119,1.4,0.9459,137,1.43,0.9662,50,1.415,0.956,301,0
SPY190726P300,2019-07-24,2019-07-24 09:33:26,1.42,0.9594,73,1.4,0.9459,36,1.43,0.9662,50,1.41,0.9527,301,0
SPY190726P300,2019-07-24,2019-07-24 09:33:27,1.42,0.9594,50,1.4,0.9459,36,1.43,0.9662,50,1.41,0.9527,301,0
SPY190726P300,2019-07-24,2019-07-24 09:33:27,1.42,0.9594,76,1.4,0.9459,48,1.43,0.9662,50,1.41,0.9527,301,0
SPY190726P300,2019-07-24,2019-07-24 09:33:28,1.42,0.9594,166,1.39,0.9391,31,1.43,0.9662,50,1.405,0.9493,301,0
SPY190726P300,2019-07-24,2019-07-24 09:33:29,1.41,0.9527,159,1.38,0.9324,144,1.43,0.9662,50,1.395,0.9425,301,0
SPY190726P300,2019-07-24,2019-07-24 09:33:29,1.4,0.9459,52,1.38,0.9324,144,1.43,0.9662,50,1.39,0.9391,301,0
SPY190726P300,2019-07-24,2019-07-24 09:33:30,1.4,0.9459,23,1.39,0.9391,30,1.4,0.9459,3,1.395,0.9425,304,3
SPY190726P300,2019-07-24,2019-07-24 09:33:31,1.38,0.9324,31,1.36,0.9189,139,1.4,0.9459,3,1.37,0.9256,304,0
SPY190726P300,2019-07-24,2019-07-24 09:33:31,1.39,0.9391,96,1.37,0.9256,25,1.4,0.9459,3,1.38,0.9324,304,0
SPY190726P300,2019-07-24,2019-07-24 09:33:32,1.39,0.9391,125,1.37,0.9256,61,1.4,0.9459,3,1.38,0.9324,304,0
SPY190726P300,2019-07-24,2019-07-24 09:33:32,1.38,0.9324,25,1.37,0.9256,61,1.4,0.9459,3,1.375,0.929,304,0
SPY190726P300,2019-07-24,2019-07-24 09:33:33,1.39,0.9391,131,1.37,0.9256,30,1.4,0.9459,3,1.38,0.9324,304,0
SPY190726P300,2019-07-24,2019-07-24 09:33:34,1.39,0.9391,134,1.36,0.9189,143,1.4,0.9459,3,1.375,0.929,304,0
SPY190726P300,2019-07-24,2019-07-24 09:33:34,1.39,0.9391,204,1.36,0.9189,75,1.4,0.9459,3,1.375,0.929,304,0
SPY190726P300,2019-07-24,2019-07-24 09:33:35,1.37,0.9256,9,1.35,0.9121,61,1.4,0.9459,3,1.36,0.9189,304,0
SPY190726P300,2019-07-24,2019-07-24 09:33:35,1.37,0.9256,48,1.35,0.9121,122,1.4,0.9459,3,1.36,0.9189,304,0
SPY190726P300,2019-07-24,2019-07-24 09:33:36,1.38,0.9324,199,1.35,0.9121,106,1.4,0.9459,3,1.365,0.9222,304,0
SPY190726P300,2019-07-24,2019-07-24 09:33:37,1.38,0.9324,256,1.35,0.9121,136,1.4,0.9459,3,1.365,0.9222,304,0
SPY190726P300,2019-07-24,2019-07-24 09:33:37,1.38,0.9324,199,1.35,0.9121,106,1.4,0.9459,3,1.365,0.9222,304,0
SPY190726P300,2019-07-24,2019-07-24 09:33:38,1.37,0.9256,149,1.34,0.9054,30,1.4,0.9459,3,1.355,0.9155,304,0
SPY190726P300,2019-07-24,2019-07-24 09:33:38,1.37,0.9256,45,1.35,0.9121,59,1.4,0.9459,3,1.36,0.9189,304,0
SPY190726P300,2019-07-24,2019-07-24 09:33:39,1.36,0.9189,75,1.34,0.9054,49,1.4,0.9459,3,1.35,0.9121,304,0
SPY190726P300,2019-07-24,2019-07-24 09:33:39,1.36,0.9189,13,1.35,0.9121,55,1.4,0.9459,3,1.355,0.9155,304,0
SPY190726P300,2019-07-24,2019-07-24 09:33:40,1.36,0.9189,75,1.34,0.9054,61,1.4,0.9459,3,1.35,0.9121,304,0
SPY190726P300,2019-07-24,2019-07-24 09:33:41,1.36,0.9189,83,1.34,0.9054,71,1.4,0.9459,3,1.35,0.9121,304,0
SPY190726P300,2019-07-24,2019-07-24 09:33:41,1.35,0.9121,23,1.34,0.9054,61,1.4,0.9459,3,1.345,0.9087,304,0
SPY190726P300,2019-07-24,2019-07-24 09:33:42,1.36,0.9189,86,1.34,0.9054,31,1.4,0.9459,3,1.35,0.9121,304,0
SPY190726P300,2019-07-24,2019-07-24 09:33:42,1.35,0.9121,22,1.34,0.9054,31,1.4,0.9459,3,1.345,0.9087,304,0
SPY190726P300,2019-07-24,2019-07-24 09:33:43,1.36,0.9189,178,1.34,0.9054,31,1.4,0.9459,3,1.35,0.9121,304,0
SPY190726P300,2019-07-24,2019-07-24 09:33:43,1.36,0.9189,80,1.34,0.9054,31,1.4,0.9459,3,1.35,0.9121,304,0
SPY190726P300,2019-07-24,2019-07-24 09:33:44,1.35,0.9121,43,1.34,0.9054,31,1.4,0.9459,3,1.345,0.9087,304,0
SPY190726P300,2019-07-24,2019-07-24 09:33:45,1.35,0.9121,25,1.33,0.8986,363,1.4,0.9459,3,1.34,0.9054,304,0
SPY190726P300,2019-07-24,2019-07-24 09:33:45,1.35,0.9121,50,1.33,0.8986,247,1.4,0.9459,3,1.34,0.9054,304,0
SPY190726P300,2019-07-24,2019-07-24 09:33:46,1.35,0.9121,32,1.33,0.8986,363,1.4,0.9459,3,1.34,0.9054,304,0
SPY190726P300,2019-07-24,2019-07-24 09:33:46,1.35,0.9121,10,1.34,0.9054,91,1.34,0.9054,3,1.345,0.9087,308,4
SPY190726P300,2019-07-24,2019-07-24 09:33:47,1.35,0.9121,47,1.34,0.9054,1,1.34,0.9054,3,1.345,0.9087,308,0
SPY190726P300,2019-07-24,2019-07-24 09:33:47,1.35,0.9121,50,1.33,0.8986,203,1.34,0.9054,3,1.34,0.9054,308,0
SPY190726P300,2019-07-24,2019-07-24 09:33:48,1.35,0.9121,225,1.32,0.8918,40,1.34,0.9054,3,1.335,0.902,308,0
SPY190726P300,2019-07-24,2019-07-24 09:33:48,1.35,0.9121,89,1.33,0.8986,195,1.34,0.9054,3,1.34,0.9054,308,0
SPY190726P300,2019-07-24,2019-07-24 09:33:49,1.35,0.9121,219,1.32,0.8918,59,1.34,0.9054,3,1.335,0.902,308,0
SPY190726P300,2019-07-24,2019-07-24 09:33:50,1.32,0.8918,29,1.31,0.8851,25,1.34,0.9054,3,1.315,0.8885,308,0
SPY190726P300,2019-07-24,2019-07-24 09:33:50,1.32,0.8918,25,1.3,0.8783,163,1.34,0.9054,3,1.31,0.8851,308,0
SPY190726P300,2019-07-24,2019-07-24 09:33:51,1.32,0.8918,25,1.3,0.8783,146,1.34,0.9054,3,1.31,0.8851,308,0
SPY190726P300,2019-07-24,2019-07-24 09:33:51,1.32,0.8918,45,1.3,0.8783,146,1.34,0.9054,3,1.31,0.8851,308,0
SPY190726P300,2019-07-24,2019-07-24 09:33:52,1.32,0.8918,32,1.3,0.8783,146,1.34,0.9054,3,1.31,0.8851,308,0
SPY190726P300,2019-07-24,2019-07-24 09:33:52,1.33,0.8986,139,1.3,0.8783,146,1.34,0.9054,3,1.315,0.8885,308,0
SPY190726P300,2019-07-24,2019-07-24 09:33:53,1.32,0.8918,25,1.3,0.8783,146,1.34,0.9054,3,1.31,0.8851,308,0
SPY190726P300,2019-07-24,2019-07-24 09:33:53,1.32,0.8918,25,1.31,0.8851,38,1.34,0.9054,3,1.315,0.8885,308,0
SPY190726P300,2019-07-24,2019-07-24 09:33:54,1.33,0.8986,78,1.31,0.8851,65,1.34,0.9054,3,1.32,0.8918,308,0
SPY190726P300,2019-07-24,2019-07-24 09:33:55,1.32,0.8918,25,1.3,0.8783,157,1.34,0.9054,3,1.31,0.8851,308,0
SPY190726P300,2019-07-24,2019-07-24 09:33:55,1.32,0.8918,48,1.3,0.8783,157,1.34,0.9054,3,1.31,0.8851,308,0
SPY190726P300,2019-07-24,2019-07-24 09:33:56,1.32,0.8918,33,1.3,0.8783,105,1.34,0.9054,3,1.31,0.8851,308,0
SPY190726P300,2019-07-24,2019-07-24 09:33:56,1.32,0.8918,34,1.3,0.8783,157,1.34,0.9054,3,1.31,0.8851,308,0
SPY190726P300,2019-07-24,2019-07-24 09:33:57,1.32,0.8918,47,1.3,0.8783,125,1.34,0.9054,3,1.31,0.8851,308,0
SPY190726P300,2019-07-24,2019-07-24 09:33:57,1.32,0.8918,25,1.3,0.8783,107,1.34,0.9054,3,1.31,0.8851,308,0
SPY190726P300,2019-07-24,2019-07-24 09:33:58,1.32,0.8918,77,1.3,0.8783,163,1.34,0.9054,3,1.31,0.8851,308,0
SPY190726P300,2019-07-24,2019-07-24 09:33:59,1.32,0.8918,27,1.3,0.8783,71,1.34,0.9054,3,1.31,0.8851,308,0
SPY190726P300,2019-07-24,2019-07-24 09:33:59,1.32,0.8918,90,1.29,0.8716,141,1.34,0.9054,3,1.305,0.8817,308,0
SPY190726P300,2019-07-24,2019-07-24 09:34:00,1.32,0.8918,1,1.3,0.8783,61,1.34,0.9054,3,1.31,0.8851,308,0
SPY190726P300,2019-07-24,2019-07-24 09:34:00,1.32,0.8918,26,1.29,0.8716,90,1.34,0.9054,3,1.305,0.8817,308,0
SPY190726P300,2019-07-24,2019-07-24 09:34:01,1.31,0.8851,15,1.3,0.8783,81,1.31,0.8851,10,1.305,0.8817,318,10
SPY190726P300,2019-07-24,2019-07-24 09:34:02,1.31,0.8851,36,1.29,0.8716,138,1.31,0.8851,10,1.3,0.8783,318,0
SPY190726P300,2019-07-24,2019-07-24 09:34:02,1.3,0.8783,15,1.29,0.8716,65,1.31,0.8851,10,1.295,0.875,318,0
SPY190726P300,2019-07-24,2019-07-24 09:34:03,1.3,0.8783,16,1.29,0.8716,60,1.31,0.8851,10,1.295,0.875,318,0
SPY190726P300,2019-07-24,2019-07-24 09:34:03,1.3,0.8783,24,1.29,0.8716,53,1.31,0.8851,10,1.295,0.875,318,0
SPY190726P300,2019-07-24,2019-07-24 09:34:04,1.3,0.8783,146,1.27,0.8581,40,1.31,0.8851,10,1.285,0.8682,318,0
SPY190726P300,2019-07-24,2019-07-24 09:34:04,1.3,0.8783,24,1.29,0.8716,46,1.31,0.8851,10,1.295,0.875,318,0
SPY190726P300,2019-07-24,2019-07-24 09:34:05,1.29,0.8716,9,1.27,0.8581,80,1.31,0.8851,10,1.28,0.8648,318,0
SPY190726P300,2019-07-24,2019-07-24 09:34:06,1.3,0.8783,31,1.28,0.8648,91,1.31,0.8851,10,1.29,0.8716,318,0
SPY190726P300,2019-07-24,2019-07-24 09:34:06,1.3,0.8783,2,1.28,0.8648,61,1.31,0.8851,10,1.29,0.8716,318,0
SPY190726P300,2019-07-24,2019-07-24 09:34:07,1.3,0.8783,49,1.27,0.8581,59,1.31,0.8851,10,1.285,0.8682,318,0
SPY190726P300,2019-07-24,2019-07-24 09:34:07,1.3,0.8783,92,1.28,0.8648,59,1.31,0.8851,10,1.29,0.8716,318,0
SPY190726P300,2019-07-24,2019-07-24 09:34:08,1.29,0.8716,23,1.27,0.8581,90,1.31,0.8851,10,1.28,0.8648,318,0
SPY190726P300,2019-07-24,2019-07-24 09:34:08,1.3,0.8783,92,1.28,0.8648,59,1.31,0.8851,10,1.29,0.8716,318,0
SPY190726P300,2019-07-24,2019-07-24 09:34:09,1.29,0.8716,122,1.26,0.8513,65,1.31,0.8851,10,1.275,0.8614,318,0
SPY190726P300,2019-07-24,2019-07-24 09:34:09,1.27,0.8581,25,1.26,0.8513,46,1.31,0.8851,10,1.265,0.8547,318,0
SPY190726P300,2019-07-24,2019-07-24 09:34:10,1.28,0.8648,25,1.27,0.8581,48,1.31,0.8851,10,1.275,0.8614,318,0
SPY190726P300,2019-07-24,2019-07-24 09:34:11,1.29,0.8716,25,1.27,0.8581,75,1.31,0.8851,10,1.28,0.8648,318,0
SPY190726P300,2019-07-24,2019-07-24 09:34:11,1.28,0.8648,25,1.27,0.8581,75,1.31,0.8851,10,1.275,0.8614,318,0
SPY190726P300,2019-07-24,2019-07-24 09:34:12,1.29,0.8716,45,1.27,0.8581,75,1.31,0.8851,10,1.28,0.8648,318,0
SPY190726P300,2019-07-24,2019-07-24 09:34:12,1.29,0.8716,29,1.27,0.8581,73,1.31,0.8851,10,1.28,0.8648,318,0
SPY190726P300,2019-07-24,2019-07-24 09:34:13,1.29,0.8716,102,1.26,0.8513,55,1.31,0.8851,10,1.275,0.8614,318,0
SPY190726P300,2019-07-24,2019-07-24 09:34:13,1.28,0.8648,25,1.27,0.8581,40,1.31,0.8851,10,1.275,0.8614,318,0
SPY190726P300,2019-07-24,2019-07-24 09:34:14,1.28,0.8648,3,1.27,0.8581,73,1.31,0.8851,10,1.275,0.8614,318,0
SPY190726P300,2019-07-24,2019-07-24 09:34:14,1.28,0.8648,25,1.27,0.8581,55,1.31,0.8851,10,1.275,0.8614,318,0
SPY190726P300,2019-07-24,2019-07-24 09:34:15,1.29,0.8716,45,1.27,0.8581,65,1.31,0.8851,10,1.28,0.8648,318,0
SPY190726P300,2019-07-24,2019-07-24 09:34:16,1.29,0.8716,19,1.27,0.8581,73,1.31,0.8851,10,1.28,0.8648,318,0
SPY190726P300,2019-07-24,2019-07-24 09:34:16,1.29,0.8716,26,1.27,0.8581,91,1.31,0.8851,10,1.28,0.8648,318,0
SPY190726P300,2019-07-24,2019-07-24 09:34:17,1.3,0.8783,63,1.28,0.8648,25,1.31,0.8851,10,1.29,0.8716,318,0
SPY190726P300,2019-07-24,2019-07-24 09:34:18,1.3,0.8783,77,1.27,0.8581,71,1.31,0.8851,10,1.285,0.8682,318,0
SPY190726P300,2019-07-24,2019-07-24 09:34:19,1.29,0.8716,29,1.27,0.8581,91,1.31,0.8851,10,1.28,0.8648,318,0
SPY190726P300,2019-07-24,2019-07-24 09:34:19,1.29,0.8716,27,1.27,0.8581,91,1.31,0.8851,10,1.28,0.8648,318,0
SPY190726P300,2019-07-24,2019-07-24 09:34:20,1.29,0.8716,30,1.27,0.8581,153,1.31,0.8851,10,1.28,0.8648,318,0
SPY190726P300,2019-07-24,2019-07-24 09:34:20,1.3,0.8783,152,1.28,0.8648,59,1.31,0.8851,10,1.29,0.8716,318,0
SPY190726P300,2019-07-24,2019-07-24 09:34:21,1.3,0.8783,10,1.28,0.8648,165,1.31,0.8851,10,1.29,0.8716,318,0
SPY190726P300,2019-07-24,2019-07-24 09:34:22,1.3,0.8783,113,1.28,0.8648,79,1.31,0.8851,10,1.29,0.8716,318,0
SPY190726P300,2019-07-24,2019-07-24 09:34:23,1.3,0.8783,113,1.28,0.8648,66,1.31,0.8851,10,1.29,0.8716,318,0
SPY190726P300,2019-07-24,2019-07-24 09:34:23,1.31,0.8851,56,1.29,0.8716,125,1.3,0.8783,2,1.3,0.8783,320,2
SPY190726P300,2019-07-24,2019-07-24 09:34:24,1.31,0.8851,56,1.29,0.8716,131,1.3,0.8783,2,1.3,0.8783,320,0
SPY190726P300,2019-07-24,2019-07-24 09:34:24,1.31,0.8851,16,1.3,0.8783,29,1.3,0.8783,2,1.305,0.8817,320,0
SPY190726P300,2019-07-24,2019-07-24 09:34:25,1.31,0.8851,1,1.3,0.8783,74,1.3,0.8783,2,1.305,0.8817,320,0
SPY190726P300,2019-07-24,2019-07-24 09:34:25,1.31,0.8851,1,1.3,0.8783,40,1.3,0.8783,2,1.305,0.8817,320,0
SPY190726P300,2019-07-24,2019-07-24 09:34:26,1.31,0.8851,24,1.29,0.8716,109,1.3,0.8783,2,1.3,0.8783,320,0
SPY190726P300,2019-07-24,2019-07-24 09:34:27,1.31,0.8851,69,1.29,0.8716,63,1.3,0.8783,2,1.3,0.8783,320,0
SPY190726P300,2019-07-24,2019-07-24 09:34:27,1.31,0.8851,28,1.3,0.8783,25,1.3,0.8783,2,1.305,0.8817,320,0
SPY190726P300,2019-07-24,2019-07-24 09:34:28,1.31,0.8851,105,1.29,0.8716,141,1.3,0.8783,2,1.3,0.8783,320,0
SPY190726P300,2019-07-24,2019-07-24 09:34:28,1.31,0.8851,51,1.3,0.8783,25,1.3,0.8783,2,1.305,0.8817,320,0
SPY190726P300,2019-07-24,2019-07-24 09:34:29,1.31,0.8851,63,1.29,0.8716,141,1.3,0.8783,2,1.3,0.8783,320,0
SPY190726P300,2019-07-24,2019-07-24 09:34:29,1.3,0.8783,20,1.29,0.8716,91,1.3,0.8783,2,1.295,0.875,320,0
SPY190726P300,2019-07-24,2019-07-24 09:34:30,1.31,0.8851,111,1.29,0.8716,91,1.3,0.8783,2,1.3,0.8783,320,0
SPY190726P300,2019-07-24,2019-07-24 09:34:31,1.29,0.8716,19,1.27,0.8581,153,1.3,0.8783,2,1.28,0.8648,320,0
SPY190726P300,2019-07-24,2019-07-24 09:34:31,1.31,0.8851,111,1.29,0.8716,65,1.3,0.8783,2,1.3,0.8783,320,0
SPY190726P300,2019-07-24,2019-07-24 09:34:32,1.29,0.8716,25,1.27,0.8581,153,1.3,0.8783,2,1.28,0.8648,320,0
SPY190726P300,2019-07-24,2019-07-24 09:34:33,1.29,0.8716,25,1.27,0.8581,153,1.3,0.8783,2,1.28,0.8648,320,0
SPY190726P300,2019-07-24,2019-07-24 09:34:33,1.29,0.8716,48,1.27,0.8581,257,1.3,0.8783,2,1.28,0.8648,320,0
SPY190726P300,2019-07-24,2019-07-24 09:34:35,1.3,0.8783,408,1.27,0.8581,165,1.3,0.8783,2,1.285,0.8682,320,0
SPY190726P300,2019-07-24,2019-07-24 09:34:35,1.3,0.8783,141,1.27,0.8581,246,1.3,0.8783,2,1.285,0.8682,320,0
SPY190726P300,2019-07-24,2019-07-24 09:34:36,1.3,0.8783,367,1.27,0.8581,212,1.3,0.8783,2,1.285,0.8682,320,0
SPY190726P300,2019-07-24,2019-07-24 09:34:36,1.3,0.8783,371,1.27,0.8581,212,1.3,0.8783,2,1.285,0.8682,320,0
SPY190726P300,2019-07-24,2019-07-24 09:34:37,1.3,0.8783,88,1.28,0.8648,25,1.3,0.8783,2,1.29,0.8716,320,0
SPY190726P300,2019-07-24,2019-07-24 09:34:38,1.3,0.8783,170,1.27,0.8581,164,1.3,0.8783,2,1.285,0.8682,320,0
SPY190726P300,2019-07-24,2019-07-24 09:34:38,1.3,0.8783,165,1.28,0.8648,71,1.3,0.8783,2,1.29,0.8716,320,0
SPY190726P300,2019-07-24,2019-07-24 09:34:39,1.3,0.8783,153,1.28,0.8648,31,1.3,0.8783,2,1.29,0.8716,320,0
SPY190726P300,2019-07-24,2019-07-24 09:34:39,1.3,0.8783,6,1.28,0.8648,45,1.3,0.8783,2,1.29,0.8716,320,0
SPY190726P300,2019-07-24,2019-07-24 09:34:40,1.3,0.8783,185,1.28,0.8648,45,1.3,0.8783,2,1.29,0.8716,320,0
SPY190726P300,2019-07-24,2019-07-24 09:34:40,1.3,0.8783,25,1.28,0.8648,149,1.3,0.8783,2,1.29,0.8716,320,0
SPY190726P300,2019-07-24,2019-07-24 09:34:41,1.3,0.8783,13,1.28,0.8648,169,1.3,0.8783,2,1.29,0.8716,320,0
SPY190726P300,2019-07-24,2019-07-24 09:34:42,1.31,0.8851,124,1.29,0.8716,25,1.3,0.8783,2,1.3,0.8783,320,0
SPY190726P300,2019-07-24,2019-07-24 09:34:42,1.3,0.8783,60,1.28,0.8648,88,1.3,0.8783,2,1.29,0.8716,320,0
SPY190726P300,2019-07-24,2019-07-24 09:34:43,1.3,0.8783,123,1.28,0.8648,45,1.3,0.8783,2,1.29,0.8716,320,0
SPY190726P300,2019-07-24,2019-07-24 09:34:43,1.3,0.8783,133,1.28,0.8648,25,1.3,0.8783,2,1.29,0.8716,320,0
SPY190726P300,2019-07-24,2019-07-24 09:34:44,1.3,0.8783,98,1.28,0.8648,20,1.3,0.8783,2,1.29,0.8716,320,0
SPY190726P300,2019-07-24,2019-07-24 09:34:44,1.3,0.8783,25,1.28,0.8648,153,1.3,0.8783,2,1.29,0.8716,320,0
SPY190726P300,2019-07-24,2019-07-24 09:34:45,1.31,0.8851,160,1.28,0.8648,25,1.31,0.8851,5,1.295,0.875,325,5
SPY190726P300,2019-07-24,2019-07-24 09:34:45,1.31,0.8851,160,1.29,0.8716,14,1.31,0.8851,5,1.3,0.8783,320,0
SPY190726P300,2019-07-24,2019-07-24 09:34:46,1.29,0.8716,25,1.28,0.8648,45,1.31,0.8851,5,1.285,0.8682,325,0
SPY190726P300,2019-07-24,2019-07-24 09:34:47,1.3,0.8783,81,1.28,0.8648,97,1.31,0.8851,5,1.29,0.8716,325,0
SPY190726P300,2019-07-24,2019-07-24 09:34:47,1.31,0.8851,165,1.29,0.8716,7,1.31,0.8851,5,1.3,0.8783,325,0
SPY190726P300,2019-07-24,2019-07-24 09:34:48,1.3,0.8783,25,1.28,0.8648,163,1.3,0.8783,20,1.29,0.8716,345,0
SPY190726P300,2019-07-24,2019-07-24 09:34:48,1.3,0.8783,73,1.29,0.8716,19,1.3,0.8783,20,1.295,0.875,345,20
SPY190726P300,2019-07-24,2019-07-24 09:34:49,1.3,0.8783,25,1.28,0.8648,163,1.3,0.8783,20,1.29,0.8716,345,0
SPY190726P300,2019-07-24,2019-07-24 09:34:50,1.31,0.8851,91,1.29,0.8716,91,1.3,0.8783,20,1.3,0.8783,345,0
SPY190726P300,2019-07-24,2019-07-24 09:34:50,1.31,0.8851,92,1.29,0.8716,91,1.3,0.8783,20,1.3,0.8783,345,0
SPY190726P300,2019-07-24,2019-07-24 09:34:51,1.31,0.8851,53,1.29,0.8716,118,1.3,0.8783,20,1.3,0.8783,345,0
SPY190726P300,2019-07-24,2019-07-24 09:34:52,1.31,0.8851,107,1.29,0.8716,118,1.3,0.8783,20,1.3,0.8783,345,0
SPY190726P300,2019-07-24,2019-07-24 09:34:52,1.31,0.8851,126,1.29,0.8716,71,1.3,0.8783,20,1.3,0.8783,345,0
SPY190726P300,2019-07-24,2019-07-24 09:34:53,1.31,0.8851,183,1.29,0.8716,71,1.3,0.8783,20,1.3,0.8783,345,0
SPY190726P300,2019-07-24,2019-07-24 09:34:53,1.31,0.8851,178,1.29,0.8716,56,1.3,0.8783,20,1.3,0.8783,345,0
SPY190726P300,2019-07-24,2019-07-24 09:34:54,1.31,0.8851,77,1.29,0.8716,75,1.3,0.8783,20,1.3,0.8783,345,0
SPY190726P300,2019-07-24,2019-07-24 09:34:54,1.31,0.8851,29,1.29,0.8716,104,1.3,0.8783,20,1.3,0.8783,345,0
SPY190726P300,2019-07-24,2019-07-24 09:34:55,1.3,0.8783,1,1.29,0.8716,25,1.3,0.8783,20,1.295,0.875,345,0
SPY190726P300,2019-07-24,2019-07-24 09:34:56,1.3,0.8783,1,1.29,0.8716,92,1.3,0.8783,20,1.295,0.875,345,0
SPY190726P300,2019-07-24,2019-07-24 09:34:56,1.3,0.8783,1,1.29,0.8716,79,1.3,0.8783,20,1.295,0.875,345,0
SPY190726P300,2019-07-24,2019-07-24 09:34:57,1.3,0.8783,1,1.29,0.8716,95,1.3,0.8783,20,1.295,0.875,345,0
SPY190726P300,2019-07-24,2019-07-24 09:34:57,1.3,0.8783,1,1.29,0.8716,79,1.3,0.8783,20,1.295,0.875,345,0
SPY190726P300,2019-07-24,2019-07-24 09:34:58,1.3,0.8783,1,1.29,0.8716,95,1.29,0.8716,10,1.295,0.875,355,10
SPY190726P300,2019-07-24,2019-07-24 09:34:58,1.29,0.8716,25,1.28,0.8648,1,1.28,0.8648,1,1.285,0.8682,357,2
SPY190726P300,2019-07-24,2019-07-24 09:34:59,1.28,0.8648,60,1.26,0.8513,53,1.28,0.8648,1,1.27,0.8581,357,0
SPY190726P300,2019-07-24,2019-07-24 09:34:59,1.29,0.8716,128,1.26,0.8513,91,1.28,0.8648,1,1.275,0.8614,357,0
SPY190726P300,2019-07-24,2019-07-24 09:35:00,1.28,0.8648,80,1.26,0.8513,59,1.28,0.8648,1,1.27,0.8581,357,0
SPY190726P300,2019-07-24,2019-07-24 09:35:01,1.27,0.8581,152,1.24,0.8378,153,1.28,0.8648,1,1.255,0.8479,357,0
SPY190726P300,2019-07-24,2019-07-24 09:35:01,1.26,0.8513,24,1.24,0.8378,153,1.28,0.8648,1,1.25,0.8445,357,0
SPY190726P300,2019-07-24,2019-07-24 09:35:02,1.26,0.8513,24,1.24,0.8378,153,1.28,0.8648,1,1.25,0.8445,357,0
SPY190726P300,2019-07-24,2019-07-24 09:35:03,1.26,0.8513,24,1.24,0.8378,153,1.28,0.8648,1,1.25,0.8445,357,0
SPY190726P300,2019-07-24,2019-07-24 09:35:03,1.26,0.8513,29,1.24,0.8378,153,1.28,0.8648,1,1.25,0.8445,357,0
SPY190726P300,2019-07-24,2019-07-24 09:35:04,1.26,0.8513,25,1.25,0.8445,29,1.28,0.8648,1,1.255,0.8479,357,0
SPY190726P300,2019-07-24,2019-07-24 09:35:04,1.28,0.8648,92,1.25,0.8445,45,1.28,0.8648,1,1.265,0.8547,357,0
SPY190726P300,2019-07-24,2019-07-24 09:35:05,1.26,0.8513,29,1.25,0.8445,23,1.28,0.8648,1,1.255,0.8479,357,0
SPY190726P300,2019-07-24,2019-07-24 09:35:06,1.26,0.8513,32,1.24,0.8378,153,1.28,0.8648,1,1.25,0.8445,357,0
SPY190726P300,2019-07-24,2019-07-24 09:35:06,1.26,0.8513,29,1.24,0.8378,153,1.28,0.8648,1,1.25,0.8445,357,0
SPY190726P300,2019-07-24,2019-07-24 09:35:07,1.26,0.8513,29,1.24,0.8378,145,1.28,0.8648,1,1.25,0.8445,357,0
SPY190726P300,2019-07-24,2019-07-24 09:35:07,1.25,0.8445,2,1.24,0.8378,184,1.28,0.8648,1,1.245,0.8412,357,0
SPY190726P300,2019-07-24,2019-07-24 09:35:08,1.25,0.8445,2,1.24,0.8378,141,1.23,0.831,1,1.245,0.8412,358,1
SPY190726P300,2019-07-24,2019-07-24 09:35:08,1.25,0.8445,2,1.24,0.8378,141,1.28,0.8648,1,1.245,0.8412,357,0
SPY190726P300,2019-07-24,2019-07-24 09:35:09,1.25,0.8445,2,1.24,0.8378,141,1.23,0.831,1,1.245,0.8412,358,0
SPY190726P300,2019-07-24,2019-07-24 09:35:10,1.24,0.8378,12,1.23,0.831,56,1.23,0.831,1,1.235,0.8344,358,0
SPY190726P300,2019-07-24,2019-07-24 09:35:10,1.25,0.8445,202,1.23,0.831,59,1.23,0.831,1,1.24,0.8378,358,0
SPY190726P300,2019-07-24,2019-07-24 09:35:11,1.25,0.8445,394,1.22,0.8243,185,1.23,0.831,1,1.235,0.8344,358,0
SPY190726P300,2019-07-24,2019-07-24 09:35:12,1.24,0.8378,45,1.22,0.8243,165,1.23,0.831,1,1.23,0.831,358,0
SPY190726P300,2019-07-24,2019-07-24 09:35:12,1.24,0.8378,54,1.22,0.8243,165,1.23,0.831,1,1.23,0.831,358,0
SPY190726P300,2019-07-24,2019-07-24 09:35:13,1.23,0.831,16,1.22,0.8243,71,1.23,0.831,1,1.225,0.8277,358,0
SPY190726P300,2019-07-24,2019-07-24 09:35:14,1.24,0.8378,223,1.21,0.8175,155,1.23,0.831,1,1.225,0.8277,358,0
SPY190726P300,2019-07-24,2019-07-24 09:35:14,1.23,0.831,122,1.21,0.8175,150,1.23,0.831,1,1.22,0.8243,358,0
SPY190726P300,2019-07-24,2019-07-24 09:35:15,1.23,0.831,122,1.21,0.8175,155,1.23,0.831,1,1.22,0.8243,358,0
SPY190726P300,2019-07-24,2019-07-24 09:35:15,1.22,0.8243,25,1.21,0.8175,102,1.23,0.831,1,1.215,0.8209,358,0
SPY190726P300,2019-07-24,2019-07-24 09:35:16,1.22,0.8243,21,1.21,0.8175,102,1.22,0.8243,2,1.215,0.8209,360,2
SPY190726P300,2019-07-24,2019-07-24 09:35:16,1.23,0.831,42,1.22,0.8243,31,1.22,0.8243,2,1.225,0.8277,360,0
SPY190726P300,2019-07-24,2019-07-24 09:35:17,1.23,0.831,42,1.22,0.8243,31,1.22,0.8243,2,1.225,0.8277,360,0
SPY190726P300,2019-07-24,2019-07-24 09:35:17,1.23,0.831,73,1.21,0.8175,109,1.22,0.8243,2,1.22,0.8243,360,0
SPY190726P300,2019-07-24,2019-07-24 09:35:18,1.23,0.831,126,1.21,0.8175,109,1.22,0.8243,2,1.22,0.8243,360,0
SPY190726P300,2019-07-24,2019-07-24 09:35:18,1.23,0.831,104,1.21,0.8175,109,1.22,0.8243,2,1.22,0.8243,360,0
SPY190726P300,2019-07-24,2019-07-24 09:35:19,1.23,0.831,93,1.21,0.8175,109,1.21,0.8175,5,1.22,0.8243,365,5
SPY190726P300,2019-07-24,2019-07-24 09:35:20,1.23,0.831,120,1.21,0.8175,109,1.21,0.8175,5,1.22,0.8243,365,0
SPY190726P300,2019-07-24,2019-07-24 09:35:20,1.23,0.831,93,1.21,0.8175,109,1.21,0.8175,5,1.22,0.8243,365,0
SPY190726P300,2019-07-24,2019-07-24 09:35:21,1.23,0.831,81,1.21,0.8175,110,1.21,0.8175,5,1.22,0.8243,365,0
SPY190726P300,2019-07-24,2019-07-24 09:35:21,1.23,0.831,48,1.22,0.8243,29,1.21,0.8175,5,1.225,0.8277,365,0
SPY190726P300,2019-07-24,2019-07-24 09:35:22,1.23,0.831,44,1.22,0.8243,65,1.21,0.8175,5,1.225,0.8277,365,0
SPY190726P300,2019-07-24,2019-07-24 09:35:23,1.23,0.831,41,1.22,0.8243,65,1.21,0.8175,5,1.225,0.8277,365,0
SPY190726P300,2019-07-24,2019-07-24 09:35:23,1.23,0.831,25,1.22,0.8243,71,1.21,0.8175,5,1.225,0.8277,365,0
SPY190726P300,2019-07-24,2019-07-24 09:35:24,1.24,0.8378,124,1.22,0.8243,115,1.21,0.8175,5,1.23,0.831,365,0
SPY190726P300,2019-07-24,2019-07-24 09:35:24,1.23,0.831,41,1.22,0.8243,65,1.21,0.8175,5,1.225,0.8277,365,0
SPY190726P300,2019-07-24,2019-07-24 09:35:25,1.25,0.8445,78,1.23,0.831,96,1.21,0.8175,5,1.24,0.8378,365,0
SPY190726P300,2019-07-24,2019-07-24 09:35:25,1.25,0.8445,2,1.24,0.8378,150,1.21,0.8175,5,1.245,0.8412,365,0
SPY190726P300,2019-07-24,2019-07-24 09:35:26,1.25,0.8445,23,1.24,0.8378,125,1.21,0.8175,5,1.245,0.8412,365,0
SPY190726P300,2019-07-24,2019-07-24 09:35:27,1.26,0.8513,88,1.24,0.8378,157,1.25,0.8445,2,1.25,0.8445,367,0
SPY190726P300,2019-07-24,2019-07-24 09:35:27,1.25,0.8445,2,1.25,0.8445,25,1.25,0.8445,2,1.25,0.8445,367,2
SPY190726P300,2019-07-24,2019-07-24 09:35:28,1.26,0.8513,56,1.24,0.8378,214,1.25,0.8445,2,1.25,0.8445,367,0
SPY190726P300,2019-07-24,2019-07-24 09:35:28,1.26,0.8513,66,1.24,0.8378,254,1.25,0.8445,2,1.25,0.8445,367,0
SPY190726P300,2019-07-24,2019-07-24 09:35:29,1.26,0.8513,53,1.24,0.8378,345,1.25,0.8445,2,1.25,0.8445,367,0
SPY190726P300,2019-07-24,2019-07-24 09:35:29,1.26,0.8513,98,1.24,0.8378,345,1.25,0.8445,2,1.25,0.8445,367,0
SPY190726P300,2019-07-24,2019-07-24 09:35:30,1.25,0.8445,58,1.23,0.831,223,1.25,0.8445,2,1.24,0.8378,367,0
SPY190726P300,2019-07-24,2019-07-24 09:35:31,1.25,0.8445,109,1.23,0.831,242,1.25,0.8445,2,1.24,0.8378,367,0
SPY190726P300,2019-07-24,2019-07-24 09:35:31,1.25,0.8445,109,1.23,0.831,136,1.25,0.8445,2,1.24,0.8378,367,0
SPY190726P300,2019-07-24,2019-07-24 09:35:32,1.25,0.8445,58,1.24,0.8378,13,1.25,0.8445,2,1.245,0.8412,367,0
SPY190726P300,2019-07-24,2019-07-24 09:35:32,1.25,0.8445,133,1.23,0.831,129,1.25,0.8445,2,1.24,0.8378,367,0
SPY190726P300,2019-07-24,2019-07-24 09:35:33,1.25,0.8445,89,1.23,0.831,155,1.25,0.8445,2,1.24,0.8378,367,0
SPY190726P300,2019-07-24,2019-07-24 09:35:34,1.24,0.8378,58,1.23,0.831,31,1.25,0.8445,2,1.235,0.8344,367,0
SPY190726P300,2019-07-24,2019-07-24 09:35:35,1.23,0.831,54,1.21,0.8175,175,1.25,0.8445,2,1.22,0.8243,367,0
SPY190726P300,2019-07-24,2019-07-24 09:35:35,1.23,0.831,21,1.22,0.8243,45,1.25,0.8445,2,1.225,0.8277,367,0
SPY190726P300,2019-07-24,2019-07-24 09:35:36,1.23,0.831,89,1.21,0.8175,124,1.25,0.8445,2,1.22,0.8243,367,0
SPY190726P300,2019-07-24,2019-07-24 09:35:37,1.22,0.8243,51,1.21,0.8175,25,1.25,0.8445,2,1.215,0.8209,367,0
SPY190726P300,2019-07-24,2019-07-24 09:35:37,1.22,0.8243,32,1.21,0.8175,30,1.25,0.8445,2,1.215,0.8209,367,0
SPY190726P300,2019-07-24,2019-07-24 09:35:38,1.22,0.8243,51,1.21,0.8175,30,1.25,0.8445,2,1.215,0.8209,367,0
SPY190726P300,2019-07-24,2019-07-24 09:35:38,1.23,0.831,51,1.21,0.8175,122,1.25,0.8445,2,1.22,0.8243,367,0
SPY190726P300,2019-07-24,2019-07-24 09:35:39,1.23,0.831,71,1.21,0.8175,166,1.25,0.8445,2,1.22,0.8243,367,0
SPY190726P300,2019-07-24,2019-07-24 09:35:40,1.23,0.831,61,1.21,0.8175,157,1.25,0.8445,2,1.22,0.8243,367,0
SPY190726P300,2019-07-24,2019-07-24 09:35:40,1.23,0.831,40,1.22,0.8243,140,1.25,0.8445,2,1.225,0.8277,367,0
SPY190726P300,2019-07-24,2019-07-24 09:35:41,1.23,0.831,25,1.22,0.8243,140,1.25,0.8445,2,1.225,0.8277,367,0
SPY190726P300,2019-07-24,2019-07-24 09:35:42,1.24,0.8378,78,1.23,0.831,71,1.25,0.8445,2,1.235,0.8344,367,0
SPY190726P300,2019-07-24,2019-07-24 09:35:42,1.24,0.8378,51,1.23,0.831,71,1.25,0.8445,2,1.235,0.8344,367,0
SPY190726P300,2019-07-24,2019-07-24 09:35:43,1.24,0.8378,51,1.23,0.831,91,1.25,0.8445,2,1.235,0.8344,367,0
SPY190726P300,2019-07-24,2019-07-24 09:35:43,1.24,0.8378,43,1.23,0.831,57,1.25,0.8445,2,1.235,0.8344,367,0
SPY190726P300,2019-07-24,2019-07-24 09:35:44,1.24,0.8378,47,1.23,0.831,90,1.25,0.8445,2,1.235,0.8344,367,0
SPY190726P300,2019-07-24,2019-07-24 09:35:44,1.24,0.8378,47,1.23,0.831,110,1.25,0.8445,2,1.235,0.8344,367,0
SPY190726P300,2019-07-24,2019-07-24 09:35:45,1.24,0.8378,47,1.23,0.831,50,1.25,0.8445,2,1.235,0.8344,367,0
SPY190726P300,2019-07-24,2019-07-24 09:35:45,1.24,0.8378,25,1.22,0.8243,46,1.25,0.8445,2,1.23,0.831,367,0
SPY190726P300,2019-07-24,2019-07-24 09:35:46,1.24,0.8378,41,1.23,0.831,117,1.25,0.8445,2,1.235,0.8344,367,0
SPY190726P300,2019-07-24,2019-07-24 09:35:47,1.24,0.8378,41,1.23,0.831,107,1.25,0.8445,2,1.235,0.8344,367,0
SPY190726P300,2019-07-24,2019-07-24 09:35:47,1.24,0.8378,74,1.22,0.8243,110,1.25,0.8445,2,1.23,0.831,367,0
SPY190726P300,2019-07-24,2019-07-24 09:35:48,1.23,0.831,57,1.22,0.8243,110,1.25,0.8445,2,1.225,0.8277,367,0
SPY190726P300,2019-07-24,2019-07-24 09:35:49,1.23,0.831,57,1.22,0.8243,45,1.25,0.8445,2,1.225,0.8277,367,0
SPY190726P300,2019-07-24,2019-07-24 09:35:49,1.23,0.831,51,1.22,0.8243,75,1.25,0.8445,2,1.225,0.8277,367,0
SPY190726P300,2019-07-24,2019-07-24 09:35:50,1.23,0.831,57,1.22,0.8243,20,1.25,0.8445,2,1.225,0.8277,367,0
SPY190726P300,2019-07-24,2019-07-24 09:35:51,1.22,0.8243,60,1.2,0.8108,165,1.22,0.8243,20,1.21,0.8175,387,0
SPY190726P300,2019-07-24,2019-07-24 09:35:51,1.23,0.831,107,1.22,0.8243,20,1.22,0.8243,20,1.225,0.8277,387,20
SPY190726P300,2019-07-24,2019-07-24 09:35:52,1.23,0.831,54,1.21,0.8175,165,1.22,0.8243,20,1.22,0.8243,387,0
SPY190726P300,2019-07-24,2019-07-24 09:35:52,1.23,0.831,54,1.22,0.8243,65,1.22,0.8243,20,1.225,0.8277,387,0
SPY190726P300,2019-07-24,2019-07-24 09:35:53,1.23,0.831,58,1.22,0.8243,108,1.22,0.8243,20,1.225,0.8277,387,0
SPY190726P300,2019-07-24,2019-07-24 09:35:53,1.23,0.831,58,1.22,0.8243,65,1.22,0.8243,20,1.225,0.8277,387,0
SPY190726P300,2019-07-24,2019-07-24 09:35:54,1.23,0.831,58,1.22,0.8243,119,1.22,0.8243,20,1.225,0.8277,387,0
SPY190726P300,2019-07-24,2019-07-24 09:35:55,1.23,0.831,58,1.22,0.8243,119,1.22,0.8243,20,1.225,0.8277,387,0
SPY190726P300,2019-07-24,2019-07-24 09:35:55,1.23,0.831,58,1.22,0.8243,133,1.22,0.8243,20,1.225,0.8277,387,0
SPY190726P300,2019-07-24,2019-07-24 09:35:56,1.23,0.831,55,1.22,0.8243,150,1.23,0.831,22,1.225,0.8277,447,60
SPY190726P300,2019-07-24,2019-07-24 09:35:56,1.23,0.831,58,1.22,0.8243,133,1.22,0.8243,20,1.225,0.8277,387,0
SPY190726P300,2019-07-24,2019-07-24 09:35:57,1.23,0.831,18,1.22,0.8243,85,1.23,0.831,22,1.225,0.8277,447,0
SPY190726P300,2019-07-24,2019-07-24 09:35:57,1.24,0.8378,53,1.22,0.8243,164,1.23,0.831,22,1.23,0.831,447,0
SPY190726P300,2019-07-24,2019-07-24 09:35:58,1.23,0.831,65,1.22,0.8243,74,1.23,0.831,22,1.225,0.8277,447,0
SPY190726P300,2019-07-24,2019-07-24 09:35:59,1.23,0.831,65,1.21,0.8175,156,1.23,0.831,22,1.22,0.8243,447,0
SPY190726P300,2019-07-24,2019-07-24 09:35:59,1.23,0.831,55,1.22,0.8243,48,1.23,0.831,22,1.225,0.8277,447,0
SPY190726P300,2019-07-24,2019-07-24 09:36:00,1.23,0.831,55,1.22,0.8243,48,1.23,0.831,22,1.225,0.8277,447,0
SPY190726P300,2019-07-24,2019-07-24 09:36:01,1.23,0.831,75,1.21,0.8175,77,1.23,0.831,22,1.22,0.8243,447,0
SPY190726P300,2019-07-24,2019-07-24 09:36:01,1.23,0.831,55,1.21,0.8175,156,1.23,0.831,22,1.22,0.8243,447,0
SPY190726P300,2019-07-24,2019-07-24 09:36:02,1.24,0.8378,65,1.22,0.8243,54,1.23,0.831,22,1.23,0.831,447,0
SPY190726P300,2019-07-24,2019-07-24 09:36:02,1.23,0.831,75,1.22,0.8243,45,1.23,0.831,22,1.225,0.8277,447,0
SPY190726P300,2019-07-24,2019-07-24 09:36:03,1.24,0.8378,65,1.23,0.831,48,1.23,0.831,22,1.235,0.8344,447,0
SPY190726P300,2019-07-24,2019-07-24 09:36:04,1.24,0.8378,60,1.23,0.831,70,1.23,0.831,22,1.235,0.8344,447,0
SPY190726P300,2019-07-24,2019-07-24 09:36:05,1.24,0.8378,77,1.23,0.831,44,1.23,0.831,22,1.235,0.8344,447,0
SPY190726P300,2019-07-24,2019-07-24 09:36:05,1.24,0.8378,60,1.23,0.831,50,1.23,0.831,22,1.235,0.8344,447,0
SPY190726P300,2019-07-24,2019-07-24 09:36:06,1.24,0.8378,60,1.23,0.831,52,1.23,0.831,22,1.235,0.8344,447,0
SPY190726P300,2019-07-24,2019-07-24 09:36:06,1.24,0.8378,60,1.23,0.831,65,1.23,0.831,22,1.235,0.8344,447,0
SPY190726P300,2019-07-24,2019-07-24 09:36:07,1.24,0.8378,42,1.22,0.8243,72,1.23,0.831,22,1.23,0.831,447,0
SPY190726P300,2019-07-24,2019-07-24 09:36:07,1.24,0.8378,93,1.22,0.8243,51,1.23,0.831,22,1.23,0.831,447,0
SPY190726P300,2019-07-24,2019-07-24 09:36:08,1.25,0.8445,65,1.23,0.831,51,1.23,0.831,22,1.24,0.8378,447,0
SPY190726P300,2019-07-24,2019-07-24 09:36:09,1.24,0.8378,25,1.23,0.831,71,1.23,0.831,22,1.235,0.8344,447,0
SPY190726P300,2019-07-24,2019-07-24 09:36:09,1.24,0.8378,25,1.23,0.831,63,1.23,0.831,22,1.235,0.8344,447,0
SPY190726P300,2019-07-24,2019-07-24 09:36:10,1.24,0.8378,44,1.23,0.831,71,1.23,0.831,22,1.235,0.8344,447,0
SPY190726P300,2019-07-24,2019-07-24 09:36:10,1.25,0.8445,150,1.23,0.831,71,1.23,0.831,22,1.24,0.8378,447,0
SPY190726P300,2019-07-24,2019-07-24 09:36:11,1.25,0.8445,255,1.23,0.831,71,1.23,0.831,22,1.24,0.8378,447,0
SPY190726P300,2019-07-24,2019-07-24 09:36:12,1.25,0.8445,255,1.23,0.831,71,1.23,0.831,22,1.24,0.8378,447,0
SPY190726P300,2019-07-24,2019-07-24 09:36:12,1.25,0.8445,65,1.23,0.831,73,1.23,0.831,22,1.24,0.8378,447,0
SPY190726P300,2019-07-24,2019-07-24 09:36:13,1.25,0.8445,65,1.23,0.831,69,1.23,0.831,22,1.24,0.8378,447,0
SPY190726P300,2019-07-24,2019-07-24 09:36:14,1.24,0.8378,67,1.23,0.831,69,1.23,0.831,22,1.235,0.8344,447,0
SPY190726P300,2019-07-24,2019-07-24 09:36:14,1.24,0.8378,114,1.22,0.8243,45,1.23,0.831,22,1.23,0.831,447,0
SPY190726P300,2019-07-24,2019-07-24 09:36:15,1.23,0.831,69,1.22,0.8243,45,1.23,0.831,22,1.225,0.8277,447,0
SPY190726P300,2019-07-24,2019-07-24 09:36:16,1.23,0.831,74,1.22,0.8243,45,1.23,0.831,22,1.225,0.8277,447,0
SPY190726P300,2019-07-24,2019-07-24 09:36:16,1.23,0.831,87,1.22,0.8243,45,1.23,0.831,22,1.225,0.8277,447,0
SPY190726P300,2019-07-24,2019-07-24 09:36:17,1.23,0.831,107,1.22,0.8243,45,1.23,0.831,22,1.225,0.8277,447,0
SPY190726P300,2019-07-24,2019-07-24 09:36:17,1.23,0.831,117,1.22,0.8243,30,1.23,0.831,22,1.225,0.8277,447,0
SPY190726P300,2019-07-24,2019-07-24 09:36:18,1.23,0.831,83,1.22,0.8243,30,1.23,0.831,22,1.225,0.8277,447,0
SPY190726P300,2019-07-24,2019-07-24 09:36:18,1.23,0.831,117,1.22,0.8243,30,1.23,0.831,22,1.225,0.8277,447,0
SPY190726P300,2019-07-24,2019-07-24 09:36:19,1.23,0.831,123,1.22,0.8243,30,1.23,0.831,22,1.225,0.8277,447,0
SPY190726P300,2019-07-24,2019-07-24 09:36:20,1.22,0.8243,157,1.2,0.8108,71,1.22,0.8243,30,1.21,0.8175,477,30
SPY190726P300,2019-07-24,2019-07-24 09:36:20,1.22,0.8243,177,1.2,0.8108,51,1.22,0.8243,30,1.21,0.8175,477,0
SPY190726P300,2019-07-24,2019-07-24 09:36:21,1.22,0.8243,128,1.2,0.8108,51,1.22,0.8243,30,1.21,0.8175,477,0
SPY190726P300,2019-07-24,2019-07-24 09:36:21,1.22,0.8243,159,1.2,0.8108,51,1.22,0.8243,30,1.21,0.8175,477,0
SPY190726P300,2019-07-24,2019-07-24 09:36:22,1.22,0.8243,268,1.2,0.8108,71,1.22,0.8243,30,1.21,0.8175,477,0
SPY190726P300,2019-07-24,2019-07-24 09:36:22,1.22,0.8243,159,1.2,0.8108,71,1.22,0.8243,30,1.21,0.8175,477,0
SPY190726P300,2019-07-24,2019-07-24 09:36:23,1.22,0.8243,63,1.2,0.8108,71,1.22,0.8243,30,1.21,0.8175,477,0
SPY190726P300,2019-07-24,2019-07-24 09:36:24,1.22,0.8243,109,1.2,0.8108,90,1.22,0.8243,30,1.21,0.8175,477,0
SPY190726P300,2019-07-24,2019-07-24 09:36:25,1.23,0.831,97,1.2,0.8108,163,1.22,0.8243,30,1.215,0.8209,477,0
SPY190726P300,2019-07-24,2019-07-24 09:36:25,1.22,0.8243,73,1.2,0.8108,119,1.22,0.8243,30,1.21,0.8175,477,0
SPY190726P300,2019-07-24,2019-07-24 09:36:26,1.22,0.8243,85,1.2,0.8108,63,1.22,0.8243,30,1.21,0.8175,477,0
SPY190726P300,2019-07-24,2019-07-24 09:36:26,1.23,0.831,101,1.21,0.8175,52,1.22,0.8243,30,1.22,0.8243,477,0
SPY190726P300,2019-07-24,2019-07-24 09:36:27,1.21,0.8175,61,1.19,0.804,64,1.22,0.8243,30,1.2,0.8108,477,0
SPY190726P300,2019-07-24,2019-07-24 09:36:27,1.22,0.8243,85,1.2,0.8108,73,1.22,0.8243,30,1.21,0.8175,477,0
SPY190726P300,2019-07-24,2019-07-24 09:36:28,1.21,0.8175,74,1.19,0.804,72,1.22,0.8243,30,1.2,0.8108,477,0
SPY190726P300,2019-07-24,2019-07-24 09:36:29,1.21,0.8175,41,1.2,0.8108,46,1.2,0.8108,1,1.205,0.8141,478,0
SPY190726P300,2019-07-24,2019-07-24 09:36:29,1.21,0.8175,85,1.2,0.8108,1,1.2,0.8108,1,1.205,0.8141,478,1
SPY190726P300,2019-07-24,2019-07-24 09:36:30,1.21,0.8175,65,1.2,0.8108,49,1.2,0.8108,1,1.205,0.8141,478,0
SPY190726P300,2019-07-24,2019-07-24 09:36:30,1.21,0.8175,65,1.2,0.8108,46,1.2,0.8108,1,1.205,0.8141,478,0
SPY190726P300,2019-07-24,2019-07-24 09:36:31,1.21,0.8175,31,1.2,0.8108,69,1.2,0.8108,1,1.205,0.8141,478,0
SPY190726P300,2019-07-24,2019-07-24 09:36:32,1.22,0.8243,86,1.2,0.8108,69,1.2,0.8108,1,1.21,0.8175,478,0
SPY190726P300,2019-07-24,2019-07-24 09:36:32,1.21,0.8175,25,1.2,0.8108,69,1.2,0.8108,1,1.205,0.8141,478,0
SPY190726P300,2019-07-24,2019-07-24 09:36:33,1.21,0.8175,25,1.2,0.8108,69,1.2,0.8108,1,1.205,0.8141,478,0
SPY190726P300,2019-07-24,2019-07-24 09:36:33,1.22,0.8243,88,1.2,0.8108,69,1.2,0.8108,1,1.21,0.8175,478,0
SPY190726P300,2019-07-24,2019-07-24 09:36:34,1.22,0.8243,96,1.2,0.8108,90,1.2,0.8108,1,1.21,0.8175,478,0
SPY190726P300,2019-07-24,2019-07-24 09:36:34,1.22,0.8243,13,1.2,0.8108,122,1.2,0.8108,1,1.21,0.8175,478,0
SPY190726P300,2019-07-24,2019-07-24 09:36:35,1.22,0.8243,76,1.2,0.8108,110,1.2,0.8108,1,1.21,0.8175,478,0
SPY190726P300,2019-07-24,2019-07-24 09:36:36,1.21,0.8175,18,1.2,0.8108,43,1.2,0.8108,1,1.205,0.8141,478,0
SPY190726P300,2019-07-24,2019-07-24 09:36:37,1.2,0.8108,66,1.18,0.7972,143,1.2,0.8108,1,1.19,0.804,478,0
SPY190726P300,2019-07-24,2019-07-24 09:36:37,1.2,0.8108,29,1.18,0.7972,143,1.2,0.8108,1,1.19,0.804,478,0
SPY190726P300,2019-07-24,2019-07-24 09:36:38,1.2,0.8108,102,1.18,0.7972,161,1.2,0.8108,1,1.19,0.804,478,0
SPY190726P300,2019-07-24,2019-07-24 09:36:38,1.2,0.8108,25,1.18,0.7972,163,1.2,0.8108,1,1.19,0.804,478,0
SPY190726P300,2019-07-24,2019-07-24 09:36:39,1.2,0.8108,81,1.19,0.804,26,1.2,0.8108,1,1.195,0.8074,478,0
SPY190726P300,2019-07-24,2019-07-24 09:36:39,1.21,0.8175,49,1.19,0.804,49,1.2,0.8108,1,1.2,0.8108,478,0
SPY190726P300,2019-07-24,2019-07-24 09:36:40,1.2,0.8108,82,1.19,0.804,26,1.2,0.8108,1,1.195,0.8074,478,0
SPY190726P300,2019-07-24,2019-07-24 09:36:41,1.2,0.8108,68,1.18,0.7972,156,1.2,0.8108,1,1.19,0.804,478,0
SPY190726P300,2019-07-24,2019-07-24 09:36:41,1.2,0.8108,82,1.18,0.7972,156,1.2,0.8108,1,1.19,0.804,478,0
SPY190726P300,2019-07-24,2019-07-24 09:36:42,1.2,0.8108,88,1.18,0.7972,229,1.18,0.7972,1,1.19,0.804,479,0
SPY190726P300,2019-07-24,2019-07-24 09:36:42,1.19,0.804,25,1.18,0.7972,229,1.18,0.7972,1,1.185,0.8006,479,1
SPY190726P300,2019-07-24,2019-07-24 09:36:43,1.2,0.8108,85,1.18,0.7972,259,1.18,0.7972,1,1.19,0.804,479,0
SPY190726P300,2019-07-24,2019-07-24 09:36:43,1.2,0.8108,88,1.18,0.7972,259,1.18,0.7972,1,1.19,0.804,479,0
SPY190726P300,2019-07-24,2019-07-24 09:36:44,1.19,0.804,38,1.18,0.7972,259,1.18,0.7972,1,1.185,0.8006,479,0
SPY190726P300,2019-07-24,2019-07-24 09:36:45,1.18,0.7972,24,1.17,0.7905,85,1.18,0.7972,1,1.175,0.7939,479,0
SPY190726P300,2019-07-24,2019-07-24 09:36:46,1.18,0.7972,25,1.17,0.7905,82,1.18,0.7972,1,1.175,0.7939,479,0
SPY190726P300,2019-07-24,2019-07-24 09:36:46,1.18,0.7972,24,1.17,0.7905,102,1.18,0.7972,1,1.175,0.7939,479,0
SPY190726P300,2019-07-24,2019-07-24 09:36:47,1.19,0.804,132,1.17,0.7905,84,1.18,0.7972,1,1.18,0.7972,479,0
SPY190726P300,2019-07-24,2019-07-24 09:36:47,1.18,0.7972,25,1.17,0.7905,82,1.18,0.7972,1,1.175,0.7939,479,0
SPY190726P300,2019-07-24,2019-07-24 09:36:48,1.18,0.7972,24,1.17,0.7905,40,1.18,0.7972,1,1.175,0.7939,479,0
SPY190726P300,2019-07-24,2019-07-24 09:36:49,1.18,0.7972,25,1.17,0.7905,83,1.18,0.7972,1,1.175,0.7939,479,0
SPY190726P300,2019-07-24,2019-07-24 09:36:49,1.18,0.7972,54,1.16,0.7837,136,1.18,0.7972,1,1.17,0.7905,479,0
SPY190726P300,2019-07-24,2019-07-24 09:36:50,1.18,0.7972,73,1.17,0.7905,40,1.18,0.7972,1,1.175,0.7939,479,0
SPY190726P300,2019-07-24,2019-07-24 09:36:50,1.18,0.7972,73,1.17,0.7905,48,1.18,0.7972,1,1.175,0.7939,479,0
SPY190726P300,2019-07-24,2019-07-24 09:36:51,1.18,0.7972,73,1.17,0.7905,48,1.18,0.7972,1,1.175,0.7939,479,0
SPY190726P300,2019-07-24,2019-07-24 09:36:52,1.18,0.7972,73,1.16,0.7837,236,1.18,0.7972,1,1.17,0.7905,479,0
SPY190726P300,2019-07-24,2019-07-24 09:36:53,1.18,0.7972,24,1.17,0.7905,79,1.18,0.7972,1,1.175,0.7939,479,0
SPY190726P300,2019-07-24,2019-07-24 09:36:53,1.19,0.804,213,1.17,0.7905,99,1.18,0.7972,1,1.18,0.7972,479,0
SPY190726P300,2019-07-24,2019-07-24 09:36:54,1.19,0.804,233,1.17,0.7905,73,1.18,0.7972,1,1.18,0.7972,479,0
SPY190726P300,2019-07-24,2019-07-24 09:36:54,1.2,0.8108,73,1.18,0.7972,130,1.18,0.7972,1,1.19,0.804,479,0
SPY190726P300,2019-07-24,2019-07-24 09:36:55,1.19,0.804,73,1.18,0.7972,44,1.18,0.7972,1,1.185,0.8006,479,0
SPY190726P300,2019-07-24,2019-07-24 09:36:55,1.19,0.804,48,1.17,0.7905,234,1.18,0.7972,1,1.18,0.7972,479,0
SPY190726P300,2019-07-24,2019-07-24 09:36:56,1.19,0.804,25,1.18,0.7972,73,1.18,0.7972,1,1.185,0.8006,479,0
SPY190726P300,2019-07-24,2019-07-24 09:36:57,1.19,0.804,48,1.18,0.7972,73,1.18,0.7972,1,1.185,0.8006,480,1
SPY190726P300,2019-07-24,2019-07-24 09:36:57,1.2,0.8108,211,1.18,0.7972,98,1.18,0.7972,1,1.19,0.804,480,0
SPY190726P300,2019-07-24,2019-07-24 09:36:58,1.2,0.8108,73,1.18,0.7972,68,1.18,0.7972,1,1.19,0.804,480,0
SPY190726P300,2019-07-24,2019-07-24 09:36:58,1.19,0.804,78,1.17,0.7905,309,1.18,0.7972,1,1.18,0.7972,480,0
SPY190726P300,2019-07-24,2019-07-24 09:36:59,1.21,0.8175,92,1.19,0.804,6,1.18,0.7972,1,1.2,0.8108,480,0
SPY190726P300,2019-07-24,2019-07-24 09:36:59,1.2,0.8108,61,1.18,0.7972,92,1.18,0.7972,1,1.19,0.804,480,0
SPY190726P300,2019-07-24,2019-07-24 09:37:00,1.21,0.8175,149,1.19,0.804,47,1.18,0.7972,1,1.2,0.8108,480,0
SPY190726P300,2019-07-24,2019-07-24 09:37:01,1.21,0.8175,149,1.19,0.804,47,1.18,0.7972,1,1.2,0.8108,480,0
SPY190726P300,2019-07-24,2019-07-24 09:37:02,1.2,0.8108,93,1.19,0.804,1,1.18,0.7972,1,1.195,0.8074,480,0
SPY190726P300,2019-07-24,2019-07-24 09:37:02,1.19,0.804,73,1.17,0.7905,148,1.18,0.7972,1,1.18,0.7972,480,0
SPY190726P300,2019-07-24,2019-07-24 09:37:03,1.19,0.804,93,1.17,0.7905,97,1.18,0.7972,1,1.18,0.7972,480,0
SPY190726P300,2019-07-24,2019-07-24 09:37:03,1.21,0.8175,200,1.18,0.7972,6,1.18,0.7972,1,1.195,0.8074,480,0
SPY190726P300,2019-07-24,2019-07-24 09:37:04,1.2,0.8108,48,1.19,0.804,10,1.18,0.7972,1,1.195,0.8074,480,0
SPY190726P300,2019-07-24,2019-07-24 09:37:04,1.2,0.8108,44,1.18,0.7972,121,1.18,0.7972,1,1.19,0.804,480,0
SPY190726P300,2019-07-24,2019-07-24 09:37:05,1.21,0.8175,6,1.19,0.804,10,1.18,0.7972,1,1.2,0.8108,480,0
SPY190726P300,2019-07-24,2019-07-24 09:37:06,1.21,0.8175,122,1.19,0.804,47,1.18,0.7972,1,1.2,0.8108,480,0
SPY190726P300,2019-07-24,2019-07-24 09:37:06,1.21,0.8175,233,1.19,0.804,67,1.18,0.7972,1,1.2,0.8108,480,0
SPY190726P300,2019-07-24,2019-07-24 09:37:07,1.2,0.8108,6,1.19,0.804,67,1.18,0.7972,1,1.195,0.8074,480,0
SPY190726P300,2019-07-24,2019-07-24 09:37:07,1.2,0.8108,93,1.19,0.804,10,1.18,0.7972,1,1.195,0.8074,480,0
SPY190726P300,2019-07-24,2019-07-24 09:37:08,1.2,0.8108,93,1.19,0.804,10,1.18,0.7972,1,1.195,0.8074,480,0
SPY190726P300,2019-07-24,2019-07-24 09:37:08,1.21,0.8175,133,1.19,0.804,47,1.18,0.7972,1,1.2,0.8108,480,0
SPY190726P300,2019-07-24,2019-07-24 09:37:09,1.2,0.8108,25,1.19,0.804,10,1.18,0.7972,1,1.195,0.8074,480,0
SPY190726P300,2019-07-24,2019-07-24 09:37:09,1.21,0.8175,133,1.19,0.804,67,1.18,0.7972,1,1.2,0.8108,480,0
SPY190726P300,2019-07-24,2019-07-24 09:37:10,1.2,0.8108,25,1.19,0.804,10,1.18,0.7972,1,1.195,0.8074,480,0
SPY190726P300,2019-07-24,2019-07-24 09:37:11,1.2,0.8108,48,1.19,0.804,10,1.18,0.7972,1,1.195,0.8074,480,0
SPY190726P300,2019-07-24,2019-07-24 09:37:11,1.2,0.8108,63,1.19,0.804,10,1.18,0.7972,1,1.195,0.8074,480,0
SPY190726P300,2019-07-24,2019-07-24 09:37:12,1.2,0.8108,103,1.19,0.804,10,1.18,0.7972,1,1.195,0.8074,480,0
SPY190726P300,2019-07-24,2019-07-24 09:37:12,1.2,0.8108,164,1.19,0.804,10,1.18,0.7972,1,1.195,0.8074,480,0
SPY190726P300,2019-07-24,2019-07-24 09:37:13,1.2,0.8108,121,1.19,0.804,10,1.18,0.7972,1,1.195,0.8074,480,0
SPY190726P300,2019-07-24,2019-07-24 09:37:13,1.2,0.8108,188,1.19,0.804,10,1.18,0.7972,1,1.195,0.8074,480,0
SPY190726P300,2019-07-24,2019-07-24 09:37:14,1.2,0.8108,181,1.19,0.804,10,1.18,0.7972,1,1.195,0.8074,480,0
SPY190726P300,2019-07-24,2019-07-24 09:37:14,1.2,0.8108,239,1.19,0.804,10,1.18,0.7972,1,1.195,0.8074,480,0
SPY190726P300,2019-07-24,2019-07-24 09:37:15,1.2,0.8108,422,1.19,0.804,5,1.19,0.804,5,1.195,0.8074,490,10
SPY190726P300,2019-07-24,2019-07-24 09:37:16,1.19,0.804,73,1.17,0.7905,46,1.19,0.804,5,1.18,0.7972,490,0
SPY190726P300,2019-07-24,2019-07-24 09:37:16,1.19,0.804,93,1.17,0.7905,126,1.19,0.804,5,1.18,0.7972,490,0
SPY190726P300,2019-07-24,2019-07-24 09:37:17,1.2,0.8108,81,1.18,0.7972,133,1.19,0.804,5,1.19,0.804,490,0
SPY190726P300,2019-07-24,2019-07-24 09:37:17,1.2,0.8108,339,1.17,0.7905,126,1.19,0.804,5,1.185,0.8006,490,0
SPY190726P300,2019-07-24,2019-07-24 09:37:18,1.2,0.8108,81,1.18,0.7972,230,1.19,0.804,5,1.19,0.804,490,0
SPY190726P300,2019-07-24,2019-07-24 09:37:18,1.2,0.8108,67,1.18,0.7972,230,1.19,0.804,5,1.19,0.804,490,0
SPY190726P300,2019-07-24,2019-07-24 09:37:19,1.2,0.8108,93,1.18,0.7972,133,1.19,0.804,5,1.19,0.804,490,0
SPY190726P300,2019-07-24,2019-07-24 09:37:20,1.2,0.8108,33,1.18,0.7972,233,1.19,0.804,5,1.19,0.804,490,0
SPY190726P300,2019-07-24,2019-07-24 09:37:20,1.2,0.8108,50,1.18,0.7972,48,1.19,0.804,5,1.19,0.804,490,0
SPY190726P300,2019-07-24,2019-07-24 09:37:21,1.21,0.8175,135,1.18,0.7972,233,1.19,0.804,5,1.195,0.8074,490,0
SPY190726P300,2019-07-24,2019-07-24 09:37:21,1.22,0.8243,87,1.2,0.8108,47,1.19,0.804,5,1.21,0.8175,490,0
SPY190726P300,2019-07-24,2019-07-24 09:37:22,1.22,0.8243,82,1.2,0.8108,201,1.19,0.804,5,1.21,0.8175,490,0
SPY190726P300,2019-07-24,2019-07-24 09:37:22,1.22,0.8243,157,1.2,0.8108,161,1.19,0.804,5,1.21,0.8175,490,0
SPY190726P300,2019-07-24,2019-07-24 09:37:23,1.22,0.8243,73,1.2,0.8108,198,1.19,0.804,5,1.21,0.8175,490,0
SPY190726P300,2019-07-24,2019-07-24 09:37:24,1.21,0.8175,25,1.2,0.8108,46,1.19,0.804,5,1.205,0.8141,490,0
SPY190726P300,2019-07-24,2019-07-24 09:37:24,1.22,0.8243,105,1.2,0.8108,160,1.19,0.804,5,1.21,0.8175,490,0
SPY190726P300,2019-07-24,2019-07-24 09:37:25,1.22,0.8243,364,1.2,0.8108,46,1.19,0.804,5,1.21,0.8175,490,0
SPY190726P300,2019-07-24,2019-07-24 09:37:25,1.22,0.8243,225,1.19,0.804,116,1.19,0.804,5,1.205,0.8141,490,0
SPY190726P300,2019-07-24,2019-07-24 09:37:26,1.21,0.8175,83,1.19,0.804,136,1.19,0.804,5,1.2,0.8108,490,0
SPY190726P300,2019-07-24,2019-07-24 09:37:26,1.21,0.8175,25,1.19,0.804,203,1.19,0.804,5,1.2,0.8108,490,0
SPY190726P300,2019-07-24,2019-07-24 09:37:27,1.21,0.8175,155,1.19,0.804,120,1.19,0.804,5,1.2,0.8108,490,0
SPY190726P300,2019-07-24,2019-07-24 09:37:27,1.2,0.8108,25,1.19,0.804,73,1.19,0.804,5,1.195,0.8074,490,0
SPY190726P300,2019-07-24,2019-07-24 09:37:28,1.21,0.8175,212,1.19,0.804,73,1.19,0.804,5,1.2,0.8108,490,0
SPY190726P300,2019-07-24,2019-07-24 09:37:29,1.2,0.8108,79,1.18,0.7972,153,1.19,0.804,5,1.19,0.804,490,0
SPY190726P300,2019-07-24,2019-07-24 09:37:29,1.2,0.8108,72,1.18,0.7972,141,1.19,0.804,5,1.19,0.804,490,0
SPY190726P300,2019-07-24,2019-07-24 09:37:30,1.2,0.8108,190,1.18,0.7972,67,1.19,0.804,5,1.19,0.804,490,0
SPY190726P300,2019-07-24,2019-07-24 09:37:30,1.2,0.8108,79,1.18,0.7972,167,1.19,0.804,5,1.19,0.804,490,0
SPY190726P300,2019-07-24,2019-07-24 09:37:31,1.2,0.8108,193,1.18,0.7972,210,1.19,0.804,5,1.19,0.804,490,0
SPY190726P300,2019-07-24,2019-07-24 09:37:32,1.2,0.8108,33,1.18,0.7972,153,1.19,0.804,5,1.19,0.804,490,0
SPY190726P300,2019-07-24,2019-07-24 09:37:33,1.2,0.8108,69,1.18,0.7972,212,1.19,0.804,5,1.19,0.804,490,0
SPY190726P300,2019-07-24,2019-07-24 09:37:33,1.2,0.8108,26,1.18,0.7972,177,1.19,0.804,5,1.19,0.804,490,0
SPY190726P300,2019-07-24,2019-07-24 09:37:34,1.2,0.8108,51,1.18,0.7972,197,1.19,0.804,5,1.19,0.804,490,0
SPY190726P300,2019-07-24,2019-07-24 09:37:34,1.2,0.8108,130,1.18,0.7972,67,1.19,0.804,5,1.19,0.804,490,0
SPY190726P300,2019-07-24,2019-07-24 09:37:35,1.2,0.8108,1,1.18,0.7972,197,1.19,0.804,5,1.19,0.804,490,0
SPY190726P300,2019-07-24,2019-07-24 09:37:36,1.2,0.8108,1,1.19,0.804,174,1.19,0.804,5,1.195,0.8074,490,0
SPY190726P300,2019-07-24,2019-07-24 09:37:36,1.22,0.8243,167,1.2,0.8108,49,1.2,0.8108,1,1.21,0.8175,491,1
SPY190726P300,2019-07-24,2019-07-24 09:37:37,1.22,0.8243,80,1.2,0.8108,69,1.2,0.8108,1,1.21,0.8175,491,0
SPY190726P300,2019-07-24,2019-07-24 09:37:37,1.22,0.8243,140,1.2,0.8108,69,1.2,0.8108,1,1.21,0.8175,491,0
SPY190726P300,2019-07-24,2019-07-24 09:37:38,1.22,0.8243,149,1.2,0.8108,69,1.2,0.8108,1,1.21,0.8175,491,0
SPY190726P300,2019-07-24,2019-07-24 09:37:39,1.22,0.8243,171,1.2,0.8108,10,1.2,0.8108,1,1.21,0.8175,491,0
SPY190726P300,2019-07-24,2019-07-24 09:37:39,1.21,0.8175,96,1.2,0.8108,40,1.2,0.8108,1,1.205,0.8141,491,0
SPY190726P300,2019-07-24,2019-07-24 09:37:40,1.21,0.8175,96,1.19,0.804,161,1.2,0.8108,1,1.2,0.8108,491,0
SPY190726P300,2019-07-24,2019-07-24 09:37:40,1.21,0.8175,89,1.19,0.804,161,1.2,0.8108,1,1.2,0.8108,491,0
SPY190726P300,2019-07-24,2019-07-24 09:37:41,1.21,0.8175,109,1.19,0.804,161,1.2,0.8108,1,1.2,0.8108,491,0
SPY190726P300,2019-07-24,2019-07-24 09:37:41,1.22,0.8243,53,1.2,0.8108,198,1.2,0.8108,1,1.21,0.8175,491,0
SPY190726P300,2019-07-24,2019-07-24 09:37:42,1.22,0.8243,53,1.2,0.8108,193,1.2,0.8108,1,1.21,0.8175,491,0
SPY190726P300,2019-07-24,2019-07-24 09:37:43,1.22,0.8243,73,1.2,0.8108,193,1.2,0.8108,1,1.21,0.8175,491,0
SPY190726P300,2019-07-24,2019-07-24 09:37:43,1.22,0.8243,78,1.2,0.8108,193,1.2,0.8108,1,1.21,0.8175,491,0
SPY190726P300,2019-07-24,2019-07-24 09:37:44,1.22,0.8243,53,1.2,0.8108,68,1.2,0.8108,1,1.21,0.8175,491,0
SPY190726P300,2019-07-24,2019-07-24 09:37:44,1.22,0.8243,53,1.2,0.8108,161,1.2,0.8108,1,1.21,0.8175,491,0
SPY190726P300,2019-07-24,2019-07-24 09:37:45,1.22,0.8243,148,1.2,0.8108,68,1.2,0.8108,1,1.21,0.8175,491,0
SPY190726P300,2019-07-24,2019-07-24 09:37:45,1.22,0.8243,310,1.2,0.8108,68,1.2,0.8108,1,1.21,0.8175,491,0
SPY190726P300,2019-07-24,2019-07-24 09:37:46,1.21,0.8175,32,1.2,0.8108,68,1.2,0.8108,1,1.205,0.8141,491,0
SPY190726P300,2019-07-24,2019-07-24 09:37:47,1.21,0.8175,32,1.19,0.804,6,1.2,0.8108,1,1.2,0.8108,491,0
SPY190726P300,2019-07-24,2019-07-24 09:37:47,1.21,0.8175,73,1.19,0.804,123,1.2,0.8108,1,1.2,0.8108,491,0
SPY190726P300,2019-07-24,2019-07-24 09:37:48,1.2,0.8108,13,1.18,0.7972,143,1.2,0.8108,1,1.19,0.804,491,0
SPY190726P300,2019-07-24,2019-07-24 09:37:48,1.2,0.8108,50,1.18,0.7972,143,1.2,0.8108,1,1.19,0.804,491,0
SPY190726P300,2019-07-24,2019-07-24 09:37:49,1.21,0.8175,129,1.19,0.804,48,1.2,0.8108,1,1.2,0.8108,491,0
SPY190726P300,2019-07-24,2019-07-24 09:37:49,1.21,0.8175,148,1.18,0.7972,143,1.2,0.8108,1,1.195,0.8074,491,0
SPY190726P300,2019-07-24,2019-07-24 09:37:50,1.19,0.804,25,1.18,0.7972,6,1.2,0.8108,1,1.185,0.8006,491,0
SPY190726P300,2019-07-24,2019-07-24 09:37:50,1.2,0.8108,79,1.18,0.7972,96,1.2,0.8108,1,1.19,0.804,491,0
SPY190726P300,2019-07-24,2019-07-24 09:37:51,1.2,0.8108,171,1.18,0.7972,42,1.2,0.8108,1,1.19,0.804,491,0
SPY190726P300,2019-07-24,2019-07-24 09:37:52,1.2,0.8108,129,1.18,0.7972,48,1.2,0.8108,1,1.19,0.804,491,0
SPY190726P300,2019-07-24,2019-07-24 09:37:52,1.2,0.8108,116,1.18,0.7972,48,1.2,0.8108,1,1.19,0.804,491,0
SPY190726P300,2019-07-24,2019-07-24 09:37:53,1.2,0.8108,165,1.18,0.7972,6,1.2,0.8108,1,1.19,0.804,491,0
SPY190726P300,2019-07-24,2019-07-24 09:37:53,1.2,0.8108,73,1.19,0.804,40,1.2,0.8108,1,1.195,0.8074,491,0
SPY190726P300,2019-07-24,2019-07-24 09:37:54,1.2,0.8108,208,1.18,0.7972,8,1.2,0.8108,1,1.19,0.804,491,0
SPY190726P300,2019-07-24,2019-07-24 09:37:54,1.2,0.8108,101,1.18,0.7972,48,1.2,0.8108,1,1.19,0.804,491,0
SPY190726P300,2019-07-24,2019-07-24 09:37:55,1.2,0.8108,179,1.18,0.7972,15,1.2,0.8108,1,1.19,0.804,491,0
SPY190726P300,2019-07-24,2019-07-24 09:37:55,1.2,0.8108,348,1.17,0.7905,230,1.2,0.8108,1,1.185,0.8006,491,0
SPY190726P300,2019-07-24,2019-07-24 09:37:56,1.19,0.804,73,1.17,0.7905,230,1.2,0.8108,1,1.18,0.7972,491,0
SPY190726P300,2019-07-24,2019-07-24 09:37:57,1.18,0.7972,17,1.17,0.7905,69,1.2,0.8108,1,1.175,0.7939,491,0
SPY190726P300,2019-07-24,2019-07-24 09:37:57,1.2,0.8108,133,1.18,0.7972,40,1.2,0.8108,1,1.19,0.804,491,0
SPY190726P300,2019-07-24,2019-07-24 09:37:58,1.18,0.7972,88,1.16,0.7837,48,1.2,0.8108,1,1.17,0.7905,491,0
SPY190726P300,2019-07-24,2019-07-24 09:37:58,1.19,0.804,130,1.17,0.7905,69,1.2,0.8108,1,1.18,0.7972,491,0
SPY190726P300,2019-07-24,2019-07-24 09:37:59,1.17,0.7905,32,1.16,0.7837,46,1.2,0.8108,1,1.165,0.7871,491,0
SPY190726P300,2019-07-24,2019-07-24 09:37:59,1.17,0.7905,201,1.14,0.7702,64,1.17,0.7905,1,1.155,0.7804,492,1
SPY190726P300,2019-07-24,2019-07-24 09:38:00,1.16,0.7837,38,1.14,0.7702,64,1.17,0.7905,1,1.15,0.777,492,0
SPY190726P300,2019-07-24,2019-07-24 09:38:01,1.17,0.7905,84,1.16,0.7837,50,1.17,0.7905,1,1.165,0.7871,492,0
SPY190726P300,2019-07-24,2019-07-24 09:38:01,1.17,0.7905,25,1.14,0.7702,98,1.17,0.7905,1,1.155,0.7804,492,0
SPY190726P300,2019-07-24,2019-07-24 09:38:02,1.18,0.7972,220,1.16,0.7837,43,1.17,0.7905,1,1.17,0.7905,492,0
SPY190726P300,2019-07-24,2019-07-24 09:38:02,1.17,0.7905,68,1.16,0.7837,43,1.17,0.7905,1,1.165,0.7871,492,0
SPY190726P300,2019-07-24,2019-07-24 09:38:03,1.18,0.7972,220,1.16,0.7837,50,1.17,0.7905,1,1.17,0.7905,492,0
SPY190726P300,2019-07-24,2019-07-24 09:38:04,1.18,0.7972,212,1.16,0.7837,43,1.17,0.7905,1,1.17,0.7905,492,0
SPY190726P300,2019-07-24,2019-07-24 09:38:04,1.18,0.7972,153,1.16,0.7837,49,1.17,0.7905,1,1.17,0.7905,492,0
SPY190726P300,2019-07-24,2019-07-24 09:38:05,1.18,0.7972,220,1.16,0.7837,49,1.17,0.7905,1,1.17,0.7905,492,0
SPY190726P300,2019-07-24,2019-07-24 09:38:05,1.18,0.7972,124,1.16,0.7837,49,1.17,0.7905,1,1.17,0.7905,492,0
SPY190726P300,2019-07-24,2019-07-24 09:38:06,1.18,0.7972,220,1.16,0.7837,60,1.17,0.7905,1,1.17,0.7905,492,0
SPY190726P300,2019-07-24,2019-07-24 09:38:06,1.18,0.7972,220,1.16,0.7837,49,1.17,0.7905,1,1.17,0.7905,492,0
SPY190726P300,2019-07-24,2019-07-24 09:38:07,1.18,0.7972,220,1.16,0.7837,49,1.17,0.7905,1,1.17,0.7905,492,0
SPY190726P300,2019-07-24,2019-07-24 09:38:07,1.19,0.804,86,1.17,0.7905,6,1.17,0.7905,1,1.18,0.7972,492,0
SPY190726P300,2019-07-24,2019-07-24 09:38:08,1.18,0.7972,82,1.16,0.7837,69,1.17,0.7905,1,1.17,0.7905,492,0
SPY190726P300,2019-07-24,2019-07-24 09:38:09,1.18,0.7972,82,1.16,0.7837,109,1.17,0.7905,1,1.17,0.7905,492,0
SPY190726P300,2019-07-24,2019-07-24 09:38:09,1.18,0.7972,52,1.16,0.7837,46,1.17,0.7905,1,1.17,0.7905,492,0
SPY190726P300,2019-07-24,2019-07-24 09:38:10,1.18,0.7972,130,1.16,0.7837,62,1.17,0.7905,1,1.17,0.7905,492,0
SPY190726P300,2019-07-24,2019-07-24 09:38:10,1.18,0.7972,48,1.16,0.7837,6,1.17,0.7905,1,1.17,0.7905,492,0
SPY190726P300,2019-07-24,2019-07-24 09:38:11,1.18,0.7972,59,1.16,0.7837,48,1.17,0.7905,1,1.17,0.7905,492,0
SPY190726P300,2019-07-24,2019-07-24 09:38:11,1.19,0.804,75,1.16,0.7837,46,1.17,0.7905,1,1.175,0.7939,492,0
SPY190726P300,2019-07-24,2019-07-24 09:38:12,1.18,0.7972,74,1.16,0.7837,48,1.17,0.7905,1,1.17,0.7905,492,0
SPY190726P300,2019-07-24,2019-07-24 09:38:13,1.18,0.7972,32,1.17,0.7905,46,1.17,0.7905,1,1.175,0.7939,492,0
SPY190726P300,2019-07-24,2019-07-24 09:38:13,1.18,0.7972,74,1.16,0.7837,48,1.17,0.7905,1,1.17,0.7905,492,0
SPY190726P300,2019-07-24,2019-07-24 09:38:14,1.19,0.804,112,1.17,0.7905,63,1.17,0.7905,1,1.18,0.7972,492,0
SPY190726P300,2019-07-24,2019-07-24 09:38:14,1.19,0.804,74,1.17,0.7905,63,1.17,0.7905,1,1.18,0.7972,492,0
SPY190726P300,2019-07-24,2019-07-24 09:38:15,1.18,0.7972,14,1.17,0.7905,66,1.17,0.7905,1,1.175,0.7939,492,0
SPY190726P300,2019-07-24,2019-07-24 09:38:16,1.19,0.804,66,1.17,0.7905,95,1.17,0.7905,1,1.18,0.7972,492,0
SPY190726P300,2019-07-24,2019-07-24 09:38:16,1.19,0.804,94,1.17,0.7905,68,1.17,0.7905,1,1.18,0.7972,492,0
SPY190726P300,2019-07-24,2019-07-24 09:38:17,1.19,0.804,84,1.17,0.7905,68,1.17,0.7905,1,1.18,0.7972,492,0
SPY190726P300,2019-07-24,2019-07-24 09:38:18,1.19,0.804,110,1.17,0.7905,48,1.17,0.7905,1,1.18,0.7972,492,0
SPY190726P300,2019-07-24,2019-07-24 09:38:18,1.19,0.804,67,1.17,0.7905,68,1.17,0.7905,1,1.18,0.7972,492,0
SPY190726P300,2019-07-24,2019-07-24 09:38:19,1.19,0.804,79,1.17,0.7905,68,1.17,0.7905,1,1.18,0.7972,492,0
SPY190726P300,2019-07-24,2019-07-24 09:38:20,1.19,0.804,121,1.17,0.7905,68,1.17,0.7905,1,1.18,0.7972,492,0
SPY190726P300,2019-07-24,2019-07-24 09:38:21,1.19,0.804,111,1.17,0.7905,68,1.17,0.7905,1,1.18,0.7972,492,0
SPY190726P300,2019-07-24,2019-07-24 09:38:21,1.19,0.804,121,1.17,0.7905,152,1.17,0.7905,1,1.18,0.7972,492,0
SPY190726P300,2019-07-24,2019-07-24 09:38:22,1.19,0.804,111,1.17,0.7905,68,1.17,0.7905,1,1.18,0.7972,492,0
SPY190726P300,2019-07-24,2019-07-24 09:38:22,1.2,0.8108,227,1.18,0.7972,15,1.17,0.7905,1,1.19,0.804,492,0
SPY190726P300,2019-07-24,2019-07-24 09:38:23,1.19,0.804,67,1.17,0.7905,192,1.17,0.7905,1,1.18,0.7972,492,0
SPY190726P300,2019-07-24,2019-07-24 09:38:24,1.19,0.804,67,1.17,0.7905,155,1.19,0.804,3,1.18,0.7972,495,3
SPY190726P300,2019-07-24,2019-07-24 09:38:25,1.19,0.804,40,1.17,0.7905,155,1.19,0.804,3,1.18,0.7972,495,0
SPY190726P300,2019-07-24,2019-07-24 09:38:25,1.19,0.804,40,1.18,0.7972,9,1.19,0.804,3,1.185,0.8006,495,0
SPY190726P300,2019-07-24,2019-07-24 09:38:26,1.19,0.804,240,1.17,0.7905,69,1.19,0.804,3,1.18,0.7972,495,0
SPY190726P300,2019-07-24,2019-07-24 09:38:26,1.19,0.804,75,1.17,0.7905,69,1.19,0.804,3,1.18,0.7972,495,0
SPY190726P300,2019-07-24,2019-07-24 09:38:27,1.19,0.804,207,1.17,0.7905,72,1.17,0.7905,10,1.18,0.7972,505,10
SPY190726P300,2019-07-24,2019-07-24 09:38:27,1.19,0.804,82,1.17,0.7905,73,1.17,0.7905,10,1.18,0.7972,505,0
SPY190726P300,2019-07-24,2019-07-24 09:38:28,1.19,0.804,62,1.17,0.7905,155,1.17,0.7905,10,1.18,0.7972,505,0
SPY190726P300,2019-07-24,2019-07-24 09:38:29,1.19,0.804,14,1.17,0.7905,155,1.17,0.7905,1,1.18,0.7972,515,10
SPY190726P300,2019-07-24,2019-07-24 09:38:29,1.19,0.804,87,1.17,0.7905,128,1.17,0.7905,1,1.18,0.7972,515,0
SPY190726P300,2019-07-24,2019-07-24 09:38:30,1.18,0.7972,27,1.17,0.7905,125,1.17,0.7905,1,1.175,0.7939,515,0
SPY190726P300,2019-07-24,2019-07-24 09:38:30,1.18,0.7972,1,1.17,0.7905,125,1.17,0.7905,1,1.175,0.7939,515,0
SPY190726P300,2019-07-24,2019-07-24 09:38:31,1.18,0.7972,1,1.17,0.7905,139,1.17,0.7905,1,1.175,0.7939,515,0
SPY190726P300,2019-07-24,2019-07-24 09:38:32,1.18,0.7972,1,1.17,0.7905,139,1.17,0.7905,1,1.175,0.7939,515,0
SPY190726P300,2019-07-24,2019-07-24 09:38:33,1.18,0.7972,27,1.17,0.7905,63,1.17,0.7905,1,1.175,0.7939,515,0
SPY190726P300,2019-07-24,2019-07-24 09:38:33,1.18,0.7972,1,1.17,0.7905,94,1.17,0.7905,1,1.175,0.7939,515,0
SPY190726P300,2019-07-24,2019-07-24 09:38:34,1.18,0.7972,166,1.16,0.7837,78,1.17,0.7905,1,1.17,0.7905,515,0
SPY190726P300,2019-07-24,2019-07-24 09:38:34,1.18,0.7972,27,1.17,0.7905,188,1.17,0.7905,1,1.175,0.7939,515,0
SPY190726P300,2019-07-24,2019-07-24 09:38:35,1.18,0.7972,179,1.16,0.7837,94,1.17,0.7905,1,1.17,0.7905,515,0
SPY190726P300,2019-07-24,2019-07-24 09:38:35,1.18,0.7972,166,1.16,0.7837,94,1.17,0.7905,1,1.17,0.7905,515,0
SPY190726P300,2019-07-24,2019-07-24 09:38:36,1.17,0.7905,48,1.16,0.7837,69,1.17,0.7905,1,1.165,0.7871,515,0
SPY190726P300,2019-07-24,2019-07-24 09:38:36,1.17,0.7905,48,1.16,0.7837,49,1.17,0.7905,1,1.165,0.7871,515,0
SPY190726P300,2019-07-24,2019-07-24 09:38:37,1.17,0.7905,27,1.16,0.7837,107,1.17,0.7905,1,1.165,0.7871,515,0
SPY190726P300,2019-07-24,2019-07-24 09:38:38,1.17,0.7905,64,1.15,0.777,266,1.17,0.7905,1,1.16,0.7837,515,0
SPY190726P300,2019-07-24,2019-07-24 09:38:38,1.17,0.7905,64,1.16,0.7837,69,1.17,0.7905,1,1.165,0.7871,515,0
SPY190726P300,2019-07-24,2019-07-24 09:38:39,1.17,0.7905,91,1.15,0.777,266,1.17,0.7905,1,1.16,0.7837,515,0
SPY190726P300,2019-07-24,2019-07-24 09:38:39,1.17,0.7905,67,1.15,0.777,266,1.17,0.7905,1,1.16,0.7837,515,0
SPY190726P300,2019-07-24,2019-07-24 09:38:40,1.17,0.7905,91,1.16,0.7837,43,1.17,0.7905,1,1.165,0.7871,515,0
SPY190726P300,2019-07-24,2019-07-24 09:38:41,1.17,0.7905,87,1.15,0.777,266,1.17,0.7905,1,1.16,0.7837,515,0
SPY190726P300,2019-07-24,2019-07-24 09:38:41,1.16,0.7837,59,1.15,0.777,91,1.17,0.7905,1,1.155,0.7804,515,0
SPY190726P300,2019-07-24,2019-07-24 09:38:42,1.16,0.7837,59,1.15,0.777,91,1.17,0.7905,1,1.155,0.7804,515,0
SPY190726P300,2019-07-24,2019-07-24 09:38:43,1.16,0.7837,63,1.15,0.777,91,1.17,0.7905,1,1.155,0.7804,515,0
SPY190726P300,2019-07-24,2019-07-24 09:38:43,1.16,0.7837,63,1.14,0.7702,144,1.17,0.7905,1,1.15,0.777,515,0
SPY190726P300,2019-07-24,2019-07-24 09:38:44,1.16,0.7837,94,1.14,0.7702,156,1.17,0.7905,1,1.15,0.777,515,0
SPY190726P300,2019-07-24,2019-07-24 09:38:44,1.16,0.7837,114,1.15,0.777,46,1.17,0.7905,1,1.155,0.7804,515,0
SPY190726P300,2019-07-24,2019-07-24 09:38:45,1.16,0.7837,114,1.15,0.777,46,1.17,0.7905,1,1.155,0.7804,515,0
SPY190726P300,2019-07-24,2019-07-24 09:38:46,1.15,0.777,21,1.14,0.7702,144,1.16,0.7837,2,1.145,0.7736,517,0
SPY190726P300,2019-07-24,2019-07-24 09:38:46,1.16,0.7837,101,1.14,0.7702,144,1.16,0.7837,2,1.15,0.777,517,2
SPY190726P300,2019-07-24,2019-07-24 09:38:47,1.15,0.777,21,1.14,0.7702,138,1.16,0.7837,2,1.145,0.7736,517,0
SPY190726P300,2019-07-24,2019-07-24 09:38:47,1.15,0.777,59,1.14,0.7702,6,1.16,0.7837,2,1.145,0.7736,517,0
SPY190726P300,2019-07-24,2019-07-24 09:38:48,1.16,0.7837,67,1.14,0.7702,154,1.16,0.7837,2,1.15,0.777,517,0
SPY190726P300,2019-07-24,2019-07-24 09:38:48,1.16,0.7837,87,1.14,0.7702,120,1.16,0.7837,2,1.15,0.777,517,0
SPY190726P300,2019-07-24,2019-07-24 09:38:49,1.16,0.7837,81,1.14,0.7702,154,1.16,0.7837,2,1.15,0.777,517,0
SPY190726P300,2019-07-24,2019-07-24 09:38:50,1.17,0.7905,151,1.15,0.777,110,1.16,0.7837,2,1.16,0.7837,517,0
SPY190726P300,2019-07-24,2019-07-24 09:38:50,1.17,0.7905,127,1.15,0.777,197,1.16,0.7837,2,1.16,0.7837,517,0
SPY190726P300,2019-07-24,2019-07-24 09:38:51,1.16,0.7837,27,1.15,0.777,108,1.16,0.7837,2,1.155,0.7804,517,0
SPY190726P300,2019-07-24,2019-07-24 09:38:51,1.18,0.7972,128,1.16,0.7837,93,1.16,0.7837,2,1.17,0.7905,517,0
SPY190726P300,2019-07-24,2019-07-24 09:38:52,1.18,0.7972,128,1.16,0.7837,123,1.16,0.7837,2,1.17,0.7905,517,0
SPY190726P300,2019-07-24,2019-07-24 09:38:53,1.18,0.7972,108,1.16,0.7837,50,1.16,0.7837,2,1.17,0.7905,517,0
SPY190726P300,2019-07-24,2019-07-24 09:38:53,1.18,0.7972,128,1.16,0.7837,210,1.16,0.7837,2,1.17,0.7905,517,0
SPY190726P300,2019-07-24,2019-07-24 09:38:54,1.17,0.7905,14,1.16,0.7837,70,1.16,0.7837,2,1.165,0.7871,517,0
SPY190726P300,2019-07-24,2019-07-24 09:38:54,1.17,0.7905,48,1.15,0.777,159,1.16,0.7837,2,1.16,0.7837,517,0
SPY190726P300,2019-07-24,2019-07-24 09:38:55,1.16,0.7837,27,1.15,0.777,68,1.16,0.7837,2,1.155,0.7804,517,0
SPY190726P300,2019-07-24,2019-07-24 09:38:55,1.16,0.7837,7,1.15,0.777,150,1.16,0.7837,2,1.155,0.7804,517,0
SPY190726P300,2019-07-24,2019-07-24 09:38:56,1.17,0.7905,283,1.15,0.777,66,1.16,0.7837,2,1.16,0.7837,517,0
SPY190726P300,2019-07-24,2019-07-24 09:38:57,1.17,0.7905,65,1.16,0.7837,46,1.16,0.7837,2,1.165,0.7871,517,0
SPY190726P300,2019-07-24,2019-07-24 09:38:57,1.17,0.7905,78,1.15,0.777,167,1.16,0.7837,2,1.16,0.7837,517,0
SPY190726P300,2019-07-24,2019-07-24 09:38:58,1.17,0.7905,274,1.15,0.777,66,1.16,0.7837,2,1.16,0.7837,517,0
SPY190726P300,2019-07-24,2019-07-24 09:38:58,1.16,0.7837,27,1.15,0.777,46,1.16,0.7837,2,1.155,0.7804,517,0
SPY190726P300,2019-07-24,2019-07-24 09:38:59,1.15,0.777,87,1.13,0.7635,147,1.15,0.777,1,1.14,0.7702,518,1
SPY190726P300,2019-07-24,2019-07-24 09:38:59,1.16,0.7837,316,1.15,0.777,1,1.16,0.7837,2,1.155,0.7804,517,0
SPY190726P300,2019-07-24,2019-07-24 09:39:00,1.16,0.7837,195,1.14,0.7702,63,1.15,0.777,1,1.15,0.777,518,0
SPY190726P300,2019-07-24,2019-07-24 09:39:01,1.15,0.777,32,1.13,0.7635,152,1.15,0.777,1,1.14,0.7702,518,0
SPY190726P300,2019-07-24,2019-07-24 09:39:01,1.16,0.7837,289,1.14,0.7702,83,1.15,0.777,1,1.15,0.777,518,0
SPY190726P300,2019-07-24,2019-07-24 09:39:02,1.15,0.777,77,1.14,0.7702,24,1.14,0.7702,5,1.145,0.7736,523,5
SPY190726P300,2019-07-24,2019-07-24 09:39:02,1.16,0.7837,248,1.14,0.7702,24,1.14,0.7702,5,1.15,0.777,523,0
SPY190726P300,2019-07-24,2019-07-24 09:39:03,1.16,0.7837,168,1.14,0.7702,24,1.14,0.7702,5,1.15,0.777,523,0
SPY190726P300,2019-07-24,2019-07-24 09:39:03,1.16,0.7837,108,1.14,0.7702,134,1.14,0.7702,5,1.15,0.777,523,0
SPY190726P300,2019-07-24,2019-07-24 09:39:04,1.17,0.7905,611,1.15,0.777,23,1.14,0.7702,5,1.16,0.7837,523,0
SPY190726P300,2019-07-24,2019-07-24 09:39:04,1.16,0.7837,54,1.14,0.7702,151,1.14,0.7702,5,1.15,0.777,523,0
SPY190726P300,2019-07-24,2019-07-24 09:39:05,1.16,0.7837,75,1.14,0.7702,133,1.14,0.7702,5,1.15,0.777,523,0
SPY190726P300,2019-07-24,2019-07-24 09:39:06,1.16,0.7837,84,1.14,0.7702,133,1.14,0.7702,5,1.15,0.777,523,0
SPY190726P300,2019-07-24,2019-07-24 09:39:06,1.16,0.7837,75,1.14,0.7702,143,1.14,0.7702,5,1.15,0.777,523,0
SPY190726P300,2019-07-24,2019-07-24 09:39:07,1.16,0.7837,85,1.15,0.777,24,1.14,0.7702,5,1.155,0.7804,523,0
SPY190726P300,2019-07-24,2019-07-24 09:39:07,1.16,0.7837,135,1.14,0.7702,158,1.14,0.7702,5,1.15,0.777,523,0
SPY190726P300,2019-07-24,2019-07-24 09:39:08,1.16,0.7837,66,1.14,0.7702,24,1.14,0.7702,5,1.15,0.777,523,0
SPY190726P300,2019-07-24,2019-07-24 09:39:08,1.16,0.7837,228,1.14,0.7702,24,1.14,0.7702,5,1.15,0.777,523,0
SPY190726P300,2019-07-24,2019-07-24 09:39:09,1.16,0.7837,269,1.14,0.7702,152,1.14,0.7702,5,1.15,0.777,523,0
SPY190726P300,2019-07-24,2019-07-24 09:39:10,1.15,0.777,66,1.14,0.7702,58,1.14,0.7702,5,1.145,0.7736,523,0
SPY190726P300,2019-07-24,2019-07-24 09:39:10,1.15,0.777,27,1.13,0.7635,185,1.14,0.7702,5,1.14,0.7702,523,0
SPY190726P300,2019-07-24,2019-07-24 09:39:11,1.15,0.777,41,1.13,0.7635,185,1.14,0.7702,5,1.14,0.7702,523,0
SPY190726P300,2019-07-24,2019-07-24 09:39:11,1.16,0.7837,83,1.14,0.7702,132,1.14,0.7702,5,1.15,0.777,523,0
SPY190726P300,2019-07-24,2019-07-24 09:39:12,1.16,0.7837,83,1.14,0.7702,132,1.14,0.7702,5,1.15,0.777,523,0
SPY190726P300,2019-07-24,2019-07-24 09:39:12,1.16,0.7837,97,1.14,0.7702,137,1.14,0.7702,5,1.15,0.777,523,0
SPY190726P300,2019-07-24,2019-07-24 09:39:13,1.16,0.7837,108,1.14,0.7702,128,1.14,0.7702,5,1.15,0.777,523,0
SPY190726P300,2019-07-24,2019-07-24 09:39:13,1.16,0.7837,160,1.14,0.7702,128,1.14,0.7702,5,1.15,0.777,523,0
SPY190726P300,2019-07-24,2019-07-24 09:39:14,1.15,0.777,48,1.14,0.7702,58,1.14,0.7702,5,1.145,0.7736,523,0
SPY190726P300,2019-07-24,2019-07-24 09:39:15,1.16,0.7837,68,1.14,0.7702,126,1.14,0.7702,5,1.15,0.777,523,0
SPY190726P300,2019-07-24,2019-07-24 09:39:15,1.16,0.7837,193,1.14,0.7702,215,1.14,0.7702,5,1.15,0.777,523,0
SPY190726P300,2019-07-24,2019-07-24 09:39:16,1.16,0.7837,27,1.15,0.777,55,1.14,0.7702,5,1.155,0.7804,523,0
SPY190726P300,2019-07-24,2019-07-24 09:39:16,1.16,0.7837,110,1.15,0.777,18,1.14,0.7702,5,1.155,0.7804,523,0
SPY190726P300,2019-07-24,2019-07-24 09:39:17,1.17,0.7905,329,1.15,0.777,63,1.14,0.7702,5,1.16,0.7837,523,0
SPY190726P300,2019-07-24,2019-07-24 09:39:18,1.17,0.7905,362,1.15,0.777,75,1.14,0.7702,5,1.16,0.7837,523,0
SPY190726P300,2019-07-24,2019-07-24 09:39:18,1.17,0.7905,704,1.15,0.777,75,1.14,0.7702,5,1.16,0.7837,523,0
SPY190726P300,2019-07-24,2019-07-24 09:39:19,1.17,0.7905,224,1.15,0.777,75,1.14,0.7702,5,1.16,0.7837,523,0
SPY190726P300,2019-07-24,2019-07-24 09:39:19,1.17,0.7905,370,1.15,0.777,75,1.14,0.7702,5,1.16,0.7837,523,0
SPY190726P300,2019-07-24,2019-07-24 09:39:21,1.17,0.7905,453,1.15,0.777,113,1.14,0.7702,5,1.16,0.7837,523,0
SPY190726P300,2019-07-24,2019-07-24 09:39:21,1.17,0.7905,411,1.15,0.777,113,1.14,0.7702,5,1.16,0.7837,523,0
SPY190726P300,2019-07-24,2019-07-24 09:39:22,1.17,0.7905,560,1.15,0.777,112,1.14,0.7702,5,1.16,0.7837,523,0
SPY190726P300,2019-07-24,2019-07-24 09:39:22,1.17,0.7905,604,1.15,0.777,112,1.14,0.7702,5,1.16,0.7837,523,0
SPY190726P300,2019-07-24,2019-07-24 09:39:23,1.17,0.7905,600,1.15,0.777,62,1.14,0.7702,5,1.16,0.7837,523,0
SPY190726P300,2019-07-24,2019-07-24 09:39:24,1.17,0.7905,624,1.15,0.777,82,1.14,0.7702,5,1.16,0.7837,523,0
SPY190726P300,2019-07-24,2019-07-24 09:39:24,1.17,0.7905,675,1.15,0.777,62,1.14,0.7702,5,1.16,0.7837,523,0
SPY190726P300,2019-07-24,2019-07-24 09:39:25,1.17,0.7905,230,1.15,0.777,82,1.14,0.7702,5,1.16,0.7837,523,0
SPY190726P300,2019-07-24,2019-07-24 09:39:25,1.18,0.7972,296,1.16,0.7837,58,1.14,0.7702,5,1.17,0.7905,523,0
SPY190726P300,2019-07-24,2019-07-24 09:39:26,1.18,0.7972,447,1.16,0.7837,78,1.14,0.7702,5,1.17,0.7905,523,0
SPY190726P300,2019-07-24,2019-07-24 09:39:26,1.18,0.7972,292,1.17,0.7905,16,1.14,0.7702,5,1.175,0.7939,523,0
SPY190726P300,2019-07-24,2019-07-24 09:39:27,1.18,0.7972,367,1.16,0.7837,82,1.14,0.7702,5,1.17,0.7905,523,0
SPY190726P300,2019-07-24,2019-07-24 09:39:28,1.17,0.7905,158,1.15,0.777,62,1.14,0.7702,5,1.16,0.7837,523,0
