symbol,Date,quote_time,ask_price,norm_ask_price,ask_size,bid_price,norm_bid_price,bid_size,last_trade_price,norm_last_trade_price,last_trade_size,mark_price,norm_mark_price,volume,Volume
SPY190807C287,2019-08-05,2019-08-05 09:34:59,3.1,1.0,73,3.06,0.987,116,3.18,1.0258,4,3.08,0.9935,148,148
SPY190807C287,2019-08-05,2019-08-05 09:35:00,3.08,0.9935,564,3.04,0.9806,6,3.18,1.0258,4,3.06,0.987,148,0
SPY190807C287,2019-08-05,2019-08-05 09:35:01,3.07,0.9903,77,3.04,0.9806,6,3.18,1.0258,4,3.055,0.9854,148,0
SPY190807C287,2019-08-05,2019-08-05 09:35:01,3.09,0.9967,5,3.05,0.9838,123,3.18,1.0258,4,3.07,0.9903,148,0
SPY190807C287,2019-08-05,2019-08-05 09:35:02,3.1,1.0,44,3.05,0.9838,121,3.18,1.0258,4,3.075,0.9919,148,0
SPY190807C287,2019-08-05,2019-08-05 09:35:02,3.09,0.9967,55,3.04,0.9806,6,3.18,1.0258,4,3.065,0.9887,148,0
SPY190807C287,2019-08-05,2019-08-05 09:35:03,3.11,1.0032,58,3.05,0.9838,8,3.18,1.0258,4,3.08,0.9935,148,0
SPY190807C287,2019-08-05,2019-08-05 09:35:03,3.1,1.0,44,3.05,0.9838,121,3.18,1.0258,4,3.075,0.9919,148,0
SPY190807C287,2019-08-05,2019-08-05 09:35:04,3.11,1.0032,58,3.04,0.9806,44,3.18,1.0258,4,3.075,0.9919,148,0
SPY190807C287,2019-08-05,2019-08-05 09:35:05,3.13,1.0096,382,3.05,0.9838,44,3.18,1.0258,4,3.09,0.9967,148,0
SPY190807C287,2019-08-05,2019-08-05 09:35:05,3.12,1.0064,44,3.06,0.987,5,3.18,1.0258,4,3.09,0.9967,148,0
SPY190807C287,2019-08-05,2019-08-05 09:35:06,3.11,1.0032,5,3.06,0.987,5,3.18,1.0258,4,3.085,0.9951,148,0
SPY190807C287,2019-08-05,2019-08-05 09:35:06,3.11,1.0032,44,3.04,0.9806,44,3.18,1.0258,4,3.075,0.9919,148,0
SPY190807C287,2019-08-05,2019-08-05 09:35:07,3.12,1.0064,5,3.05,0.9838,5,3.18,1.0258,4,3.085,0.9951,148,0
SPY190807C287,2019-08-05,2019-08-05 09:35:07,3.12,1.0064,380,3.05,0.9838,44,3.18,1.0258,4,3.085,0.9951,148,0
SPY190807C287,2019-08-05,2019-08-05 09:35:08,3.12,1.0064,5,3.06,0.987,56,3.18,1.0258,4,3.09,0.9967,148,0
SPY190807C287,2019-08-05,2019-08-05 09:35:08,3.12,1.0064,5,3.06,0.987,44,3.18,1.0258,4,3.09,0.9967,148,0
SPY190807C287,2019-08-05,2019-08-05 09:35:09,3.15,1.0161,379,3.06,0.987,12,3.18,1.0258,4,3.105,1.0016,148,0
SPY190807C287,2019-08-05,2019-08-05 09:35:09,3.16,1.0193,292,3.06,0.987,12,3.18,1.0258,4,3.11,1.0032,148,0
SPY190807C287,2019-08-05,2019-08-05 09:35:10,3.17,1.0225,44,3.12,1.0064,21,3.18,1.0258,4,3.145,1.0145,148,0
SPY190807C287,2019-08-05,2019-08-05 09:35:10,3.16,1.0193,27,3.12,1.0064,38,3.18,1.0258,4,3.14,1.0129,148,0
SPY190807C287,2019-08-05,2019-08-05 09:35:11,3.16,1.0193,27,3.12,1.0064,100,3.18,1.0258,4,3.14,1.0129,148,0
SPY190807C287,2019-08-05,2019-08-05 09:35:12,3.15,1.0161,24,3.09,0.9967,44,3.18,1.0258,4,3.12,1.0064,148,0
SPY190807C287,2019-08-05,2019-08-05 09:35:12,3.15,1.0161,24,3.08,0.9935,5,3.18,1.0258,4,3.115,1.0048,148,0
SPY190807C287,2019-08-05,2019-08-05 09:35:13,3.15,1.0161,24,3.09,0.9967,44,3.18,1.0258,4,3.12,1.0064,148,0
SPY190807C287,2019-08-05,2019-08-05 09:35:13,3.15,1.0161,27,3.1,1.0,100,3.18,1.0258,4,3.125,1.008,148,0
SPY190807C287,2019-08-05,2019-08-05 09:35:14,3.14,1.0129,8,3.11,1.0032,5,3.18,1.0258,4,3.125,1.008,148,0
SPY190807C287,2019-08-05,2019-08-05 09:35:15,3.14,1.0129,8,3.1,1.0,5,3.18,1.0258,4,3.12,1.0064,148,0
SPY190807C287,2019-08-05,2019-08-05 09:35:15,3.13,1.0096,44,3.07,0.9903,44,3.18,1.0258,4,3.1,1.0,148,0
SPY190807C287,2019-08-05,2019-08-05 09:35:16,3.13,1.0096,44,3.08,0.9935,100,3.18,1.0258,4,3.105,1.0016,148,0
SPY190807C287,2019-08-05,2019-08-05 09:35:16,3.13,1.0096,44,3.08,0.9935,5,3.18,1.0258,4,3.105,1.0016,148,0
SPY190807C287,2019-08-05,2019-08-05 09:35:17,3.11,1.0032,44,3.04,0.9806,100,3.18,1.0258,4,3.075,0.9919,148,0
SPY190807C287,2019-08-05,2019-08-05 09:35:17,3.11,1.0032,44,3.05,0.9838,35,3.18,1.0258,4,3.08,0.9935,148,0
SPY190807C287,2019-08-05,2019-08-05 09:35:18,3.12,1.0064,44,3.06,0.987,5,3.18,1.0258,4,3.09,0.9967,148,0
SPY190807C287,2019-08-05,2019-08-05 09:35:18,3.12,1.0064,44,3.06,0.987,44,3.18,1.0258,4,3.09,0.9967,148,0
SPY190807C287,2019-08-05,2019-08-05 09:35:19,3.1,1.0,44,3.06,0.987,5,3.18,1.0258,4,3.08,0.9935,148,0
SPY190807C287,2019-08-05,2019-08-05 09:35:20,3.1,1.0,44,3.06,0.987,10,3.18,1.0258,4,3.08,0.9935,148,0
SPY190807C287,2019-08-05,2019-08-05 09:35:20,3.1,1.0,44,3.06,0.987,100,3.18,1.0258,4,3.08,0.9935,148,0
SPY190807C287,2019-08-05,2019-08-05 09:35:21,3.1,1.0,44,3.04,0.9806,44,3.18,1.0258,4,3.07,0.9903,148,0
SPY190807C287,2019-08-05,2019-08-05 09:35:21,3.08,0.9935,44,3.04,0.9806,100,3.18,1.0258,4,3.06,0.987,148,0
SPY190807C287,2019-08-05,2019-08-05 09:35:22,3.08,0.9935,44,3.04,0.9806,57,3.18,1.0258,4,3.06,0.987,148,0
SPY190807C287,2019-08-05,2019-08-05 09:35:23,3.08,0.9935,44,3.04,0.9806,11,3.18,1.0258,4,3.06,0.987,148,0
SPY190807C287,2019-08-05,2019-08-05 09:35:23,3.08,0.9935,44,3.04,0.9806,6,3.18,1.0258,4,3.06,0.987,148,0
SPY190807C287,2019-08-05,2019-08-05 09:35:24,3.09,0.9967,3,3.04,0.9806,6,3.18,1.0258,4,3.065,0.9887,148,0
SPY190807C287,2019-08-05,2019-08-05 09:35:24,3.08,0.9935,5,3.04,0.9806,6,3.18,1.0258,4,3.06,0.987,148,0
SPY190807C287,2019-08-05,2019-08-05 09:35:25,3.09,0.9967,44,3.04,0.9806,6,3.18,1.0258,4,3.065,0.9887,148,0
SPY190807C287,2019-08-05,2019-08-05 09:35:25,3.09,0.9967,44,3.04,0.9806,16,3.18,1.0258,4,3.065,0.9887,148,0
SPY190807C287,2019-08-05,2019-08-05 09:35:26,3.08,0.9935,44,3.04,0.9806,100,3.18,1.0258,4,3.06,0.987,148,0
SPY190807C287,2019-08-05,2019-08-05 09:35:26,3.08,0.9935,44,3.04,0.9806,6,3.05,0.9838,1,3.06,0.987,149,1
SPY190807C287,2019-08-05,2019-08-05 09:35:27,3.11,1.0032,22,3.05,0.9838,16,3.05,0.9838,1,3.08,0.9935,149,0
SPY190807C287,2019-08-05,2019-08-05 09:35:27,3.1,1.0,118,3.05,0.9838,16,3.05,0.9838,1,3.075,0.9919,149,0
SPY190807C287,2019-08-05,2019-08-05 09:35:28,3.12,1.0064,118,3.07,0.9903,113,3.05,0.9838,1,3.095,0.9983,149,0
SPY190807C287,2019-08-05,2019-08-05 09:35:28,3.1,1.0,44,3.06,0.987,18,3.05,0.9838,1,3.08,0.9935,149,0
SPY190807C287,2019-08-05,2019-08-05 09:35:29,3.11,1.0032,19,3.07,0.9903,81,3.05,0.9838,1,3.09,0.9967,149,0
SPY190807C287,2019-08-05,2019-08-05 09:35:29,3.12,1.0064,118,3.08,0.9935,102,3.05,0.9838,1,3.1,1.0,149,0
SPY190807C287,2019-08-05,2019-08-05 09:35:30,3.12,1.0064,44,3.07,0.9903,5,3.05,0.9838,1,3.095,0.9983,149,0
SPY190807C287,2019-08-05,2019-08-05 09:35:30,3.11,1.0032,109,3.07,0.9903,100,3.05,0.9838,1,3.09,0.9967,149,0
SPY190807C287,2019-08-05,2019-08-05 09:35:31,3.09,0.9967,15,3.06,0.987,63,3.05,0.9838,1,3.075,0.9919,149,0
SPY190807C287,2019-08-05,2019-08-05 09:35:32,3.09,0.9967,44,3.05,0.9838,71,3.05,0.9838,1,3.07,0.9903,149,0
SPY190807C287,2019-08-05,2019-08-05 09:35:32,3.09,0.9967,44,3.06,0.987,16,3.05,0.9838,1,3.075,0.9919,149,0
SPY190807C287,2019-08-05,2019-08-05 09:35:33,3.08,0.9935,20,3.05,0.9838,71,3.05,0.9838,1,3.065,0.9887,149,0
SPY190807C287,2019-08-05,2019-08-05 09:35:33,3.08,0.9935,44,3.04,0.9806,118,3.05,0.9838,1,3.06,0.987,149,0
SPY190807C287,2019-08-05,2019-08-05 09:35:34,3.07,0.9903,21,3.04,0.9806,109,3.05,0.9838,1,3.055,0.9854,149,0
SPY190807C287,2019-08-05,2019-08-05 09:35:34,3.06,0.987,4,3.04,0.9806,93,3.05,0.9838,1,3.05,0.9838,149,0
SPY190807C287,2019-08-05,2019-08-05 09:35:35,3.07,0.9903,9,3.04,0.9806,120,3.05,0.9838,1,3.055,0.9854,149,0
SPY190807C287,2019-08-05,2019-08-05 09:35:35,3.07,0.9903,21,3.05,0.9838,65,3.05,0.9838,1,3.06,0.987,149,0
SPY190807C287,2019-08-05,2019-08-05 09:35:36,3.07,0.9903,9,3.04,0.9806,135,3.05,0.9838,1,3.055,0.9854,149,0
SPY190807C287,2019-08-05,2019-08-05 09:35:36,3.07,0.9903,9,3.04,0.9806,120,3.05,0.9838,1,3.055,0.9854,149,0
SPY190807C287,2019-08-05,2019-08-05 09:35:37,3.07,0.9903,9,3.04,0.9806,135,3.05,0.9838,1,3.055,0.9854,149,0
SPY190807C287,2019-08-05,2019-08-05 09:35:38,3.09,0.9967,44,3.06,0.987,68,3.05,0.9838,1,3.075,0.9919,149,0
SPY190807C287,2019-08-05,2019-08-05 09:35:38,3.08,0.9935,72,3.04,0.9806,120,3.05,0.9838,1,3.06,0.987,149,0
SPY190807C287,2019-08-05,2019-08-05 09:35:39,3.09,0.9967,44,3.06,0.987,68,3.05,0.9838,1,3.075,0.9919,149,0
SPY190807C287,2019-08-05,2019-08-05 09:35:39,3.1,1.0,369,3.06,0.987,108,3.05,0.9838,1,3.08,0.9935,149,0
SPY190807C287,2019-08-05,2019-08-05 09:35:40,3.09,0.9967,50,3.06,0.987,3,3.05,0.9838,1,3.075,0.9919,149,0
SPY190807C287,2019-08-05,2019-08-05 09:35:40,3.1,1.0,50,3.06,0.987,3,3.05,0.9838,1,3.08,0.9935,149,0
SPY190807C287,2019-08-05,2019-08-05 09:35:41,3.1,1.0,444,3.06,0.987,116,3.05,0.9838,1,3.08,0.9935,149,0
SPY190807C287,2019-08-05,2019-08-05 09:35:41,3.1,1.0,44,3.06,0.987,102,3.05,0.9838,1,3.08,0.9935,149,0
SPY190807C287,2019-08-05,2019-08-05 09:35:42,3.09,0.9967,18,3.06,0.987,115,3.05,0.9838,1,3.075,0.9919,149,0
SPY190807C287,2019-08-05,2019-08-05 09:35:42,3.09,0.9967,44,3.06,0.987,115,3.05,0.9838,1,3.075,0.9919,149,0
SPY190807C287,2019-08-05,2019-08-05 09:35:43,3.09,0.9967,403,3.06,0.987,3,3.05,0.9838,1,3.075,0.9919,149,0
SPY190807C287,2019-08-05,2019-08-05 09:35:43,3.09,0.9967,369,3.06,0.987,92,3.05,0.9838,1,3.075,0.9919,149,0
SPY190807C287,2019-08-05,2019-08-05 09:35:44,3.09,0.9967,369,3.06,0.987,72,3.05,0.9838,1,3.075,0.9919,149,0
SPY190807C287,2019-08-05,2019-08-05 09:35:44,3.09,0.9967,44,3.07,0.9903,83,3.05,0.9838,1,3.08,0.9935,149,0
SPY190807C287,2019-08-05,2019-08-05 09:35:45,3.11,1.0032,50,3.07,0.9903,1,3.05,0.9838,1,3.09,0.9967,149,0
SPY190807C287,2019-08-05,2019-08-05 09:35:45,3.11,1.0032,50,3.07,0.9903,120,3.05,0.9838,1,3.09,0.9967,149,0
SPY190807C287,2019-08-05,2019-08-05 09:35:46,3.1,1.0,482,3.06,0.987,41,3.05,0.9838,1,3.08,0.9935,149,0
SPY190807C287,2019-08-05,2019-08-05 09:35:46,3.1,1.0,408,3.06,0.987,111,3.05,0.9838,1,3.08,0.9935,149,0
SPY190807C287,2019-08-05,2019-08-05 09:35:47,3.09,0.9967,21,3.06,0.987,53,3.05,0.9838,1,3.075,0.9919,149,0
SPY190807C287,2019-08-05,2019-08-05 09:35:47,3.11,1.0032,418,3.07,0.9903,120,3.05,0.9838,1,3.09,0.9967,149,0
SPY190807C287,2019-08-05,2019-08-05 09:35:48,3.1,1.0,371,3.07,0.9903,94,3.05,0.9838,1,3.085,0.9951,149,0
SPY190807C287,2019-08-05,2019-08-05 09:35:48,3.11,1.0032,418,3.07,0.9903,94,3.05,0.9838,1,3.09,0.9967,149,0
SPY190807C287,2019-08-05,2019-08-05 09:35:49,3.07,0.9903,26,3.06,0.987,3,3.05,0.9838,1,3.065,0.9887,149,0
SPY190807C287,2019-08-05,2019-08-05 09:35:49,3.1,1.0,22,3.07,0.9903,94,3.05,0.9838,1,3.085,0.9951,149,0
SPY190807C287,2019-08-05,2019-08-05 09:35:50,3.06,0.987,1,3.04,0.9806,6,3.06,0.987,3,3.05,0.9838,152,3
SPY190807C287,2019-08-05,2019-08-05 09:35:51,3.07,0.9903,371,3.04,0.9806,6,3.06,0.987,3,3.055,0.9854,152,0
SPY190807C287,2019-08-05,2019-08-05 09:35:51,3.07,0.9903,400,3.04,0.9806,16,3.06,0.987,3,3.055,0.9854,152,0
SPY190807C287,2019-08-05,2019-08-05 09:35:52,3.07,0.9903,382,3.04,0.9806,6,3.06,0.987,3,3.055,0.9854,152,0
SPY190807C287,2019-08-05,2019-08-05 09:35:52,3.06,0.987,26,3.04,0.9806,6,3.06,0.987,3,3.05,0.9838,152,0
SPY190807C287,2019-08-05,2019-08-05 09:35:53,3.07,0.9903,11,3.04,0.9806,64,3.06,0.987,3,3.055,0.9854,152,0
SPY190807C287,2019-08-05,2019-08-05 09:35:53,3.08,0.9935,86,3.04,0.9806,121,3.06,0.987,3,3.06,0.987,152,0
SPY190807C287,2019-08-05,2019-08-05 09:35:54,3.07,0.9903,81,3.04,0.9806,6,3.06,0.987,3,3.055,0.9854,152,0
SPY190807C287,2019-08-05,2019-08-05 09:35:55,3.07,0.9903,44,3.04,0.9806,121,3.06,0.987,3,3.055,0.9854,152,0
SPY190807C287,2019-08-05,2019-08-05 09:35:55,3.07,0.9903,371,3.04,0.9806,22,3.06,0.987,3,3.055,0.9854,152,0
SPY190807C287,2019-08-05,2019-08-05 09:35:56,3.07,0.9903,64,3.04,0.9806,6,3.06,0.987,3,3.055,0.9854,152,0
SPY190807C287,2019-08-05,2019-08-05 09:35:57,3.05,0.9838,22,3.04,0.9806,6,3.06,0.987,3,3.045,0.9822,152,0
SPY190807C287,2019-08-05,2019-08-05 09:35:57,3.07,0.9903,64,3.04,0.9806,6,3.06,0.987,3,3.055,0.9854,152,0
SPY190807C287,2019-08-05,2019-08-05 09:35:58,3.05,0.9838,86,3.02,0.9741,5,3.04,0.9806,6,3.035,0.979,158,0
SPY190807C287,2019-08-05,2019-08-05 09:35:58,3.04,0.9806,22,3.02,0.9741,76,3.04,0.9806,6,3.03,0.9774,158,6
SPY190807C287,2019-08-05,2019-08-05 09:35:59,3.04,0.9806,11,3.01,0.9709,122,3.04,0.9806,6,3.025,0.9758,158,0
SPY190807C287,2019-08-05,2019-08-05 09:35:59,3.04,0.9806,11,3.01,0.9709,21,3.04,0.9806,6,3.025,0.9758,158,0
SPY190807C287,2019-08-05,2019-08-05 09:36:00,3.04,0.9806,5,3.02,0.9741,21,3.04,0.9806,6,3.03,0.9774,158,0
SPY190807C287,2019-08-05,2019-08-05 09:36:00,3.03,0.9774,22,3.01,0.9709,111,3.04,0.9806,6,3.02,0.9741,158,0
SPY190807C287,2019-08-05,2019-08-05 09:36:01,3.03,0.9774,22,3.01,0.9709,86,3.04,0.9806,6,3.02,0.9741,158,0
SPY190807C287,2019-08-05,2019-08-05 09:36:01,3.04,0.9806,22,3.01,0.9709,122,3.04,0.9806,6,3.025,0.9758,158,0
SPY190807C287,2019-08-05,2019-08-05 09:36:02,3.03,0.9774,22,3.01,0.9709,86,3.04,0.9806,6,3.02,0.9741,158,0
SPY190807C287,2019-08-05,2019-08-05 09:36:02,3.02,0.9741,22,2.98,0.9612,136,3.04,0.9806,6,3.0,0.9677,158,0
SPY190807C287,2019-08-05,2019-08-05 09:36:03,3.02,0.9741,22,2.99,0.9645,118,3.04,0.9806,6,3.005,0.9693,158,0
SPY190807C287,2019-08-05,2019-08-05 09:36:04,3.0,0.9677,22,2.98,0.9612,100,3.04,0.9806,6,2.99,0.9645,158,0
SPY190807C287,2019-08-05,2019-08-05 09:36:04,3.02,0.9741,44,2.98,0.9612,50,3.04,0.9806,6,3.0,0.9677,158,0
SPY190807C287,2019-08-05,2019-08-05 09:36:05,2.99,0.9645,50,2.96,0.9548,56,3.04,0.9806,6,2.975,0.9596,158,0
SPY190807C287,2019-08-05,2019-08-05 09:36:06,2.99,0.9645,50,2.95,0.9516,101,3.04,0.9806,6,2.97,0.958,158,0
SPY190807C287,2019-08-05,2019-08-05 09:36:06,2.97,0.958,27,2.95,0.9516,5,3.04,0.9806,6,2.96,0.9548,158,0
SPY190807C287,2019-08-05,2019-08-05 09:36:07,2.97,0.958,360,2.94,0.9483,5,3.04,0.9806,6,2.955,0.9532,158,0
SPY190807C287,2019-08-05,2019-08-05 09:36:07,2.98,0.9612,292,2.94,0.9483,100,3.04,0.9806,6,2.96,0.9548,158,0
SPY190807C287,2019-08-05,2019-08-05 09:36:08,2.97,0.958,371,2.94,0.9483,21,3.04,0.9806,6,2.955,0.9532,158,0
SPY190807C287,2019-08-05,2019-08-05 09:36:08,2.97,0.958,371,2.94,0.9483,100,3.04,0.9806,6,2.955,0.9532,158,0
SPY190807C287,2019-08-05,2019-08-05 09:36:09,2.97,0.958,22,2.95,0.9516,104,2.95,0.9516,2,2.96,0.9548,160,2
SPY190807C287,2019-08-05,2019-08-05 09:36:09,2.98,0.9612,22,2.95,0.9516,21,3.04,0.9806,6,2.965,0.9564,158,0
SPY190807C287,2019-08-05,2019-08-05 09:36:10,2.97,0.958,11,2.95,0.9516,5,2.95,0.9516,2,2.96,0.9548,160,0
SPY190807C287,2019-08-05,2019-08-05 09:36:10,2.96,0.9548,22,2.95,0.9516,5,2.95,0.9516,1,2.955,0.9532,161,1
SPY190807C287,2019-08-05,2019-08-05 09:36:11,2.98,0.9612,360,2.95,0.9516,5,2.95,0.9516,1,2.965,0.9564,161,0
SPY190807C287,2019-08-05,2019-08-05 09:36:11,2.98,0.9612,44,2.95,0.9516,5,2.95,0.9516,1,2.965,0.9564,161,0
SPY190807C287,2019-08-05,2019-08-05 09:36:12,2.98,0.9612,360,2.95,0.9516,5,2.95,0.9516,1,2.965,0.9564,161,0
SPY190807C287,2019-08-05,2019-08-05 09:36:12,2.96,0.9548,22,2.94,0.9483,104,2.95,0.9516,1,2.95,0.9516,161,0
SPY190807C287,2019-08-05,2019-08-05 09:36:13,2.97,0.958,11,2.94,0.9483,111,2.95,0.9516,1,2.955,0.9532,161,0
SPY190807C287,2019-08-05,2019-08-05 09:36:13,2.96,0.9548,22,2.95,0.9516,50,2.95,0.9516,4,2.955,0.9532,167,6
SPY190807C287,2019-08-05,2019-08-05 09:36:14,2.96,0.9548,22,2.94,0.9483,104,2.95,0.9516,3,2.95,0.9516,170,3
SPY190807C287,2019-08-05,2019-08-05 09:36:14,2.96,0.9548,44,2.91,0.9387,5,2.95,0.9516,3,2.935,0.9467,170,0
SPY190807C287,2019-08-05,2019-08-05 09:36:15,2.96,0.9548,44,2.93,0.9451,5,2.95,0.9516,3,2.945,0.95,170,0
SPY190807C287,2019-08-05,2019-08-05 09:36:15,2.96,0.9548,44,2.91,0.9387,5,2.95,0.9516,3,2.935,0.9467,170,0
SPY190807C287,2019-08-05,2019-08-05 09:36:16,2.96,0.9548,22,2.93,0.9451,100,2.95,0.9516,3,2.945,0.95,170,0
SPY190807C287,2019-08-05,2019-08-05 09:36:16,2.98,0.9612,376,2.93,0.9451,121,2.95,0.9516,3,2.955,0.9532,170,0
SPY190807C287,2019-08-05,2019-08-05 09:36:17,2.97,0.958,22,2.94,0.9483,5,2.95,0.9516,3,2.955,0.9532,170,0
SPY190807C287,2019-08-05,2019-08-05 09:36:18,2.98,0.9612,66,2.94,0.9483,132,2.95,0.9516,3,2.96,0.9548,170,0
SPY190807C287,2019-08-05,2019-08-05 09:36:19,2.97,0.958,10,2.94,0.9483,132,2.95,0.9516,3,2.955,0.9532,170,0
SPY190807C287,2019-08-05,2019-08-05 09:36:20,2.98,0.9612,470,2.94,0.9483,132,2.95,0.9516,3,2.96,0.9548,170,0
SPY190807C287,2019-08-05,2019-08-05 09:36:20,2.96,0.9548,20,2.94,0.9483,50,2.95,0.9516,3,2.95,0.9516,170,0
SPY190807C287,2019-08-05,2019-08-05 09:36:21,2.96,0.9548,13,2.93,0.9451,125,2.95,0.9516,3,2.945,0.95,170,0
SPY190807C287,2019-08-05,2019-08-05 09:36:21,2.96,0.9548,20,2.93,0.9451,111,2.95,0.9516,3,2.945,0.95,170,0
SPY190807C287,2019-08-05,2019-08-05 09:36:22,2.96,0.9548,1,2.94,0.9483,91,2.95,0.9516,3,2.95,0.9516,170,0
SPY190807C287,2019-08-05,2019-08-05 09:36:22,2.96,0.9548,23,2.94,0.9483,5,2.95,0.9516,3,2.95,0.9516,170,0
SPY190807C287,2019-08-05,2019-08-05 09:36:23,2.96,0.9548,23,2.94,0.9483,5,2.95,0.9516,3,2.95,0.9516,170,0
SPY190807C287,2019-08-05,2019-08-05 09:36:23,2.96,0.9548,361,2.91,0.9387,121,2.95,0.9516,3,2.935,0.9467,170,0
SPY190807C287,2019-08-05,2019-08-05 09:36:24,2.96,0.9548,44,2.92,0.9419,130,2.95,0.9516,3,2.94,0.9483,170,0
SPY190807C287,2019-08-05,2019-08-05 09:36:24,2.96,0.9548,44,2.94,0.9483,110,2.95,0.9516,3,2.95,0.9516,170,0
SPY190807C287,2019-08-05,2019-08-05 09:36:25,2.96,0.9548,44,2.94,0.9483,110,2.95,0.9516,3,2.95,0.9516,170,0
SPY190807C287,2019-08-05,2019-08-05 09:36:26,2.96,0.9548,361,2.95,0.9516,124,2.95,0.9516,3,2.955,0.9532,170,0
SPY190807C287,2019-08-05,2019-08-05 09:36:26,2.96,0.9548,1,2.94,0.9483,21,2.95,0.9516,3,2.95,0.9516,170,0
SPY190807C287,2019-08-05,2019-08-05 09:36:27,2.96,0.9548,1,2.95,0.9516,5,2.95,0.9516,3,2.955,0.9532,170,0
SPY190807C287,2019-08-05,2019-08-05 09:36:27,2.96,0.9548,372,2.95,0.9516,100,2.95,0.9516,3,2.955,0.9532,170,0
SPY190807C287,2019-08-05,2019-08-05 09:36:28,2.96,0.9548,1,2.95,0.9516,5,2.95,0.9516,3,2.955,0.9532,170,0
SPY190807C287,2019-08-05,2019-08-05 09:36:28,2.96,0.9548,364,2.94,0.9483,100,2.95,0.9516,3,2.95,0.9516,170,0
SPY190807C287,2019-08-05,2019-08-05 09:36:29,2.95,0.9516,363,2.93,0.9451,116,2.95,0.9516,3,2.94,0.9483,170,0
SPY190807C287,2019-08-05,2019-08-05 09:36:29,2.95,0.9516,360,2.94,0.9483,4,2.95,0.9516,3,2.945,0.95,170,0
SPY190807C287,2019-08-05,2019-08-05 09:36:30,2.96,0.9548,361,2.93,0.9451,80,2.95,0.9516,3,2.945,0.95,170,0
SPY190807C287,2019-08-05,2019-08-05 09:36:30,2.95,0.9516,363,2.93,0.9451,80,2.95,0.9516,3,2.94,0.9483,170,0
SPY190807C287,2019-08-05,2019-08-05 09:36:31,2.96,0.9548,361,2.94,0.9483,100,2.95,0.9516,3,2.95,0.9516,170,0
SPY190807C287,2019-08-05,2019-08-05 09:36:31,2.96,0.9548,1,2.95,0.9516,53,2.95,0.9516,3,2.955,0.9532,170,0
SPY190807C287,2019-08-05,2019-08-05 09:36:32,2.96,0.9548,361,2.95,0.9516,11,2.95,0.9516,3,2.955,0.9532,170,0
SPY190807C287,2019-08-05,2019-08-05 09:36:32,2.96,0.9548,361,2.94,0.9483,5,2.95,0.9516,3,2.95,0.9516,170,0
SPY190807C287,2019-08-05,2019-08-05 09:36:33,2.96,0.9548,372,2.93,0.9451,124,2.95,0.9516,3,2.945,0.95,170,0
SPY190807C287,2019-08-05,2019-08-05 09:36:33,2.95,0.9516,360,2.93,0.9451,124,2.95,0.9516,3,2.94,0.9483,170,0
SPY190807C287,2019-08-05,2019-08-05 09:36:34,2.96,0.9548,372,2.93,0.9451,124,2.95,0.9516,3,2.945,0.95,170,0
SPY190807C287,2019-08-05,2019-08-05 09:36:34,2.96,0.9548,22,2.93,0.9451,124,2.95,0.9516,3,2.945,0.95,170,0
SPY190807C287,2019-08-05,2019-08-05 09:36:35,2.96,0.9548,361,2.93,0.9451,124,2.95,0.9516,3,2.945,0.95,170,0
SPY190807C287,2019-08-05,2019-08-05 09:36:36,2.96,0.9548,372,2.93,0.9451,4,2.95,0.9516,3,2.945,0.95,170,0
SPY190807C287,2019-08-05,2019-08-05 09:36:36,2.96,0.9548,372,2.93,0.9451,125,2.95,0.9516,3,2.945,0.95,170,0
SPY190807C287,2019-08-05,2019-08-05 09:36:37,2.96,0.9548,23,2.93,0.9451,125,2.95,0.9516,3,2.945,0.95,170,0
SPY190807C287,2019-08-05,2019-08-05 09:36:38,2.96,0.9548,22,2.94,0.9483,5,2.95,0.9516,3,2.95,0.9516,170,0
SPY190807C287,2019-08-05,2019-08-05 09:36:38,2.96,0.9548,23,2.93,0.9451,115,2.95,0.9516,3,2.945,0.95,170,0
SPY190807C287,2019-08-05,2019-08-05 09:36:39,2.95,0.9516,11,2.92,0.9419,121,2.95,0.9516,3,2.935,0.9467,170,0
SPY190807C287,2019-08-05,2019-08-05 09:36:39,2.96,0.9548,408,2.93,0.9451,100,2.95,0.9516,3,2.945,0.95,170,0
SPY190807C287,2019-08-05,2019-08-05 09:36:40,2.96,0.9548,118,2.92,0.9419,121,2.95,0.9516,3,2.94,0.9483,170,0
SPY190807C287,2019-08-05,2019-08-05 09:36:40,2.96,0.9548,402,2.92,0.9419,121,2.95,0.9516,3,2.94,0.9483,170,0
SPY190807C287,2019-08-05,2019-08-05 09:36:41,2.95,0.9516,371,2.92,0.9419,111,2.95,0.9516,3,2.935,0.9467,170,0
SPY190807C287,2019-08-05,2019-08-05 09:36:42,2.96,0.9548,186,2.92,0.9419,111,2.95,0.9516,3,2.94,0.9483,170,0
SPY190807C287,2019-08-05,2019-08-05 09:36:42,2.95,0.9516,360,2.92,0.9419,100,2.95,0.9516,3,2.935,0.9467,170,0
SPY190807C287,2019-08-05,2019-08-05 09:36:43,2.95,0.9516,11,2.93,0.9451,60,2.95,0.9516,3,2.94,0.9483,170,0
SPY190807C287,2019-08-05,2019-08-05 09:36:43,2.95,0.9516,11,2.92,0.9419,125,2.95,0.9516,3,2.935,0.9467,170,0
SPY190807C287,2019-08-05,2019-08-05 09:36:44,2.95,0.9516,11,2.93,0.9451,49,2.95,0.9516,3,2.94,0.9483,170,0
SPY190807C287,2019-08-05,2019-08-05 09:36:44,2.96,0.9548,360,2.93,0.9451,121,2.95,0.9516,3,2.945,0.95,170,0
SPY190807C287,2019-08-05,2019-08-05 09:36:45,2.97,0.958,414,2.93,0.9451,121,2.95,0.9516,3,2.95,0.9516,170,0
SPY190807C287,2019-08-05,2019-08-05 09:36:45,2.97,0.958,419,2.93,0.9451,121,2.95,0.9516,3,2.95,0.9516,170,0
SPY190807C287,2019-08-05,2019-08-05 09:36:46,2.97,0.958,371,2.94,0.9483,5,2.95,0.9516,3,2.955,0.9532,170,0
SPY190807C287,2019-08-05,2019-08-05 09:36:46,2.97,0.958,425,2.94,0.9483,86,2.95,0.9516,3,2.955,0.9532,170,0
SPY190807C287,2019-08-05,2019-08-05 09:36:47,2.97,0.958,411,2.94,0.9483,53,2.94,0.9483,1,2.955,0.9532,171,1
SPY190807C287,2019-08-05,2019-08-05 09:36:47,2.95,0.9516,22,2.94,0.9483,53,2.94,0.9483,1,2.945,0.95,172,1
SPY190807C287,2019-08-05,2019-08-05 09:36:48,2.95,0.9516,22,2.93,0.9451,82,2.94,0.9483,1,2.94,0.9483,172,0
SPY190807C287,2019-08-05,2019-08-05 09:36:48,2.96,0.9548,382,2.94,0.9483,53,2.94,0.9483,1,2.95,0.9516,172,0
SPY190807C287,2019-08-05,2019-08-05 09:36:49,2.94,0.9483,1,2.93,0.9451,82,2.94,0.9483,1,2.935,0.9467,172,0
SPY190807C287,2019-08-05,2019-08-05 09:36:50,2.97,0.958,360,2.94,0.9483,5,2.94,0.9483,1,2.955,0.9532,172,0
SPY190807C287,2019-08-05,2019-08-05 09:36:51,2.97,0.958,371,2.94,0.9483,49,2.94,0.9483,1,2.955,0.9532,172,0
SPY190807C287,2019-08-05,2019-08-05 09:36:51,2.96,0.9548,22,2.94,0.9483,49,2.94,0.9483,1,2.95,0.9516,172,0
SPY190807C287,2019-08-05,2019-08-05 09:36:52,2.95,0.9516,22,2.94,0.9483,19,2.94,0.9483,1,2.945,0.95,172,0
SPY190807C287,2019-08-05,2019-08-05 09:36:52,2.96,0.9548,22,2.94,0.9483,19,2.94,0.9483,1,2.95,0.9516,172,0
SPY190807C287,2019-08-05,2019-08-05 09:36:53,2.95,0.9516,22,2.93,0.9451,111,2.94,0.9483,1,2.94,0.9483,172,0
SPY190807C287,2019-08-05,2019-08-05 09:36:54,2.95,0.9516,22,2.93,0.9451,124,2.94,0.9483,1,2.94,0.9483,172,0
SPY190807C287,2019-08-05,2019-08-05 09:36:54,2.95,0.9516,360,2.93,0.9451,5,2.94,0.9483,1,2.94,0.9483,172,0
SPY190807C287,2019-08-05,2019-08-05 09:36:55,2.95,0.9516,25,2.92,0.9419,124,2.94,0.9483,1,2.935,0.9467,172,0
SPY190807C287,2019-08-05,2019-08-05 09:36:55,2.95,0.9516,71,2.92,0.9419,71,2.94,0.9483,1,2.935,0.9467,172,0
SPY190807C287,2019-08-05,2019-08-05 09:36:56,2.95,0.9516,25,2.93,0.9451,100,2.94,0.9483,1,2.94,0.9483,172,0
SPY190807C287,2019-08-05,2019-08-05 09:36:56,2.95,0.9516,25,2.92,0.9419,124,2.94,0.9483,1,2.935,0.9467,172,0
SPY190807C287,2019-08-05,2019-08-05 09:36:57,2.97,0.958,360,2.93,0.9451,100,2.94,0.9483,1,2.95,0.9516,172,0
SPY190807C287,2019-08-05,2019-08-05 09:36:57,2.95,0.9516,25,2.93,0.9451,100,2.94,0.9483,1,2.94,0.9483,172,0
SPY190807C287,2019-08-05,2019-08-05 09:36:58,2.95,0.9516,27,2.92,0.9419,111,2.94,0.9483,1,2.935,0.9467,172,0
SPY190807C287,2019-08-05,2019-08-05 09:36:58,2.96,0.9548,360,2.93,0.9451,124,2.94,0.9483,1,2.945,0.95,172,0
SPY190807C287,2019-08-05,2019-08-05 09:36:59,2.95,0.9516,382,2.92,0.9419,111,2.94,0.9483,1,2.935,0.9467,172,0
SPY190807C287,2019-08-05,2019-08-05 09:37:00,2.95,0.9516,382,2.92,0.9419,111,2.94,0.9483,1,2.935,0.9467,172,0
SPY190807C287,2019-08-05,2019-08-05 09:37:00,2.94,0.9483,423,2.91,0.9387,62,2.94,0.9483,1,2.925,0.9435,172,0
SPY190807C287,2019-08-05,2019-08-05 09:37:01,2.93,0.9451,27,2.9,0.9354,115,2.94,0.9483,1,2.915,0.9403,172,0
SPY190807C287,2019-08-05,2019-08-05 09:37:01,2.94,0.9483,423,2.91,0.9387,41,2.94,0.9483,1,2.925,0.9435,172,0
SPY190807C287,2019-08-05,2019-08-05 09:37:02,2.94,0.9483,475,2.9,0.9354,110,2.94,0.9483,1,2.92,0.9419,172,0
SPY190807C287,2019-08-05,2019-08-05 09:37:02,2.94,0.9483,475,2.89,0.9322,126,2.94,0.9483,1,2.915,0.9403,172,0
SPY190807C287,2019-08-05,2019-08-05 09:37:03,2.93,0.9451,360,2.9,0.9354,5,2.94,0.9483,1,2.915,0.9403,172,0
SPY190807C287,2019-08-05,2019-08-05 09:37:03,2.93,0.9451,360,2.9,0.9354,100,2.94,0.9483,1,2.915,0.9403,172,0
SPY190807C287,2019-08-05,2019-08-05 09:37:04,2.93,0.9451,25,2.9,0.9354,113,2.94,0.9483,1,2.915,0.9403,172,0
SPY190807C287,2019-08-05,2019-08-05 09:37:04,2.93,0.9451,25,2.9,0.9354,123,2.94,0.9483,1,2.915,0.9403,172,0
SPY190807C287,2019-08-05,2019-08-05 09:37:05,2.93,0.9451,25,2.9,0.9354,123,2.94,0.9483,1,2.915,0.9403,172,0
SPY190807C287,2019-08-05,2019-08-05 09:37:06,2.96,0.9548,22,2.91,0.9387,16,2.94,0.9483,1,2.935,0.9467,172,0
SPY190807C287,2019-08-05,2019-08-05 09:37:06,2.95,0.9516,464,2.9,0.9354,36,2.94,0.9483,1,2.925,0.9435,172,0
SPY190807C287,2019-08-05,2019-08-05 09:37:07,2.94,0.9483,409,2.91,0.9387,5,2.94,0.9483,1,2.925,0.9435,172,0
SPY190807C287,2019-08-05,2019-08-05 09:37:07,2.97,0.958,486,2.92,0.9419,5,2.94,0.9483,1,2.945,0.95,172,0
SPY190807C287,2019-08-05,2019-08-05 09:37:08,2.94,0.9483,461,2.91,0.9387,5,2.94,0.9483,1,2.925,0.9435,172,0
SPY190807C287,2019-08-05,2019-08-05 09:37:08,2.94,0.9483,373,2.89,0.9322,100,2.94,0.9483,1,2.915,0.9403,172,0
SPY190807C287,2019-08-05,2019-08-05 09:37:09,2.93,0.9451,5,2.9,0.9354,5,2.94,0.9483,1,2.915,0.9403,172,0
SPY190807C287,2019-08-05,2019-08-05 09:37:09,2.94,0.9483,475,2.9,0.9354,5,2.94,0.9483,1,2.92,0.9419,172,0
SPY190807C287,2019-08-05,2019-08-05 09:37:10,2.93,0.9451,24,2.9,0.9354,5,2.94,0.9483,1,2.915,0.9403,172,0
SPY190807C287,2019-08-05,2019-08-05 09:37:10,2.93,0.9451,22,2.9,0.9354,121,2.94,0.9483,1,2.915,0.9403,172,0
SPY190807C287,2019-08-05,2019-08-05 09:37:11,2.93,0.9451,26,2.9,0.9354,136,2.94,0.9483,1,2.915,0.9403,172,0
SPY190807C287,2019-08-05,2019-08-05 09:37:11,2.95,0.9516,360,2.91,0.9387,111,2.94,0.9483,1,2.93,0.9451,172,0
SPY190807C287,2019-08-05,2019-08-05 09:37:12,2.95,0.9516,467,2.91,0.9387,134,2.94,0.9483,1,2.93,0.9451,172,0
SPY190807C287,2019-08-05,2019-08-05 09:37:12,2.94,0.9483,22,2.91,0.9387,134,2.94,0.9483,1,2.925,0.9435,172,0
SPY190807C287,2019-08-05,2019-08-05 09:37:13,2.94,0.9483,22,2.92,0.9419,5,2.94,0.9483,1,2.93,0.9451,172,0
SPY190807C287,2019-08-05,2019-08-05 09:37:13,2.95,0.9516,1,2.92,0.9419,123,2.94,0.9483,1,2.935,0.9467,172,0
SPY190807C287,2019-08-05,2019-08-05 09:37:14,2.96,0.9548,412,2.92,0.9419,124,2.94,0.9483,1,2.94,0.9483,172,0
SPY190807C287,2019-08-05,2019-08-05 09:37:14,2.96,0.9548,371,2.93,0.9451,5,2.94,0.9483,1,2.945,0.95,172,0
SPY190807C287,2019-08-05,2019-08-05 09:37:15,2.95,0.9516,22,2.92,0.9419,124,2.94,0.9483,1,2.935,0.9467,172,0
SPY190807C287,2019-08-05,2019-08-05 09:37:15,2.96,0.9548,48,2.93,0.9451,5,2.94,0.9483,1,2.945,0.95,172,0
SPY190807C287,2019-08-05,2019-08-05 09:37:16,2.95,0.9516,22,2.92,0.9419,104,2.94,0.9483,1,2.935,0.9467,172,0
SPY190807C287,2019-08-05,2019-08-05 09:37:16,2.94,0.9483,27,2.91,0.9387,139,2.94,0.9483,1,2.925,0.9435,172,0
SPY190807C287,2019-08-05,2019-08-05 09:37:17,2.94,0.9483,444,2.9,0.9354,124,2.94,0.9483,1,2.92,0.9419,172,0
SPY190807C287,2019-08-05,2019-08-05 09:37:17,2.94,0.9483,360,2.89,0.9322,124,2.94,0.9483,1,2.915,0.9403,172,0
SPY190807C287,2019-08-05,2019-08-05 09:37:18,2.93,0.9451,22,2.9,0.9354,111,2.94,0.9483,1,2.915,0.9403,172,0
SPY190807C287,2019-08-05,2019-08-05 09:37:18,2.93,0.9451,27,2.9,0.9354,124,2.94,0.9483,1,2.915,0.9403,172,0
SPY190807C287,2019-08-05,2019-08-05 09:37:19,2.93,0.9451,27,2.9,0.9354,111,2.94,0.9483,1,2.915,0.9403,172,0
SPY190807C287,2019-08-05,2019-08-05 09:37:20,2.93,0.9451,25,2.9,0.9354,116,2.94,0.9483,1,2.915,0.9403,172,0
SPY190807C287,2019-08-05,2019-08-05 09:37:20,2.92,0.9419,11,2.9,0.9354,111,2.94,0.9483,1,2.91,0.9387,172,0
SPY190807C287,2019-08-05,2019-08-05 09:37:21,2.93,0.9451,25,2.9,0.9354,121,2.94,0.9483,1,2.915,0.9403,172,0
SPY190807C287,2019-08-05,2019-08-05 09:37:21,2.93,0.9451,25,2.91,0.9387,124,2.94,0.9483,1,2.92,0.9419,172,0
SPY190807C287,2019-08-05,2019-08-05 09:37:22,2.93,0.9451,25,2.9,0.9354,5,2.94,0.9483,1,2.915,0.9403,172,0
SPY190807C287,2019-08-05,2019-08-05 09:37:22,2.95,0.9516,433,2.91,0.9387,139,2.94,0.9483,1,2.93,0.9451,172,0
SPY190807C287,2019-08-05,2019-08-05 09:37:23,2.97,0.958,486,2.92,0.9419,21,2.94,0.9483,1,2.945,0.95,172,0
SPY190807C287,2019-08-05,2019-08-05 09:37:23,2.95,0.9516,433,2.91,0.9387,139,2.94,0.9483,1,2.93,0.9451,172,0
SPY190807C287,2019-08-05,2019-08-05 09:37:24,2.96,0.9548,1,2.94,0.9483,83,2.94,0.9483,1,2.95,0.9516,172,0
SPY190807C287,2019-08-05,2019-08-05 09:37:24,2.97,0.958,26,2.94,0.9483,5,2.94,0.9483,1,2.955,0.9532,172,0
SPY190807C287,2019-08-05,2019-08-05 09:37:25,2.97,0.958,26,2.94,0.9483,111,2.94,0.9483,1,2.955,0.9532,172,0
SPY190807C287,2019-08-05,2019-08-05 09:37:26,2.98,0.9612,440,2.94,0.9483,107,2.94,0.9483,1,2.96,0.9548,172,0
SPY190807C287,2019-08-05,2019-08-05 09:37:26,2.97,0.958,360,2.94,0.9483,111,2.94,0.9483,1,2.955,0.9532,172,0
SPY190807C287,2019-08-05,2019-08-05 09:37:27,2.97,0.958,22,2.94,0.9483,21,2.94,0.9483,1,2.955,0.9532,172,0
SPY190807C287,2019-08-05,2019-08-05 09:37:28,2.97,0.958,22,2.94,0.9483,125,2.94,0.9483,1,2.955,0.9532,172,0
SPY190807C287,2019-08-05,2019-08-05 09:37:28,2.97,0.958,382,2.94,0.9483,104,2.94,0.9483,1,2.955,0.9532,172,0
SPY190807C287,2019-08-05,2019-08-05 09:37:29,2.96,0.9548,360,2.93,0.9451,131,2.94,0.9483,1,2.945,0.95,172,0
SPY190807C287,2019-08-05,2019-08-05 09:37:29,2.96,0.9548,11,2.93,0.9451,125,2.94,0.9483,1,2.945,0.95,172,0
SPY190807C287,2019-08-05,2019-08-05 09:37:30,2.96,0.9548,11,2.93,0.9451,125,2.94,0.9483,1,2.945,0.95,172,0
SPY190807C287,2019-08-05,2019-08-05 09:37:31,2.96,0.9548,11,2.93,0.9451,140,2.94,0.9483,1,2.945,0.95,172,0
SPY190807C287,2019-08-05,2019-08-05 09:37:32,2.96,0.9548,371,2.93,0.9451,119,2.94,0.9483,1,2.945,0.95,172,0
SPY190807C287,2019-08-05,2019-08-05 09:37:32,2.97,0.958,371,2.94,0.9483,118,2.94,0.9483,1,2.955,0.9532,172,0
SPY190807C287,2019-08-05,2019-08-05 09:37:33,2.96,0.9548,371,2.93,0.9451,119,2.94,0.9483,1,2.945,0.95,172,0
SPY190807C287,2019-08-05,2019-08-05 09:37:34,2.95,0.9516,371,2.93,0.9451,91,2.94,0.9483,1,2.94,0.9483,172,0
SPY190807C287,2019-08-05,2019-08-05 09:37:35,2.94,0.9483,22,2.92,0.9419,50,2.94,0.9483,1,2.93,0.9451,172,0
SPY190807C287,2019-08-05,2019-08-05 09:37:36,2.94,0.9483,22,2.92,0.9419,33,2.94,0.9483,1,2.93,0.9451,172,0
SPY190807C287,2019-08-05,2019-08-05 09:37:36,2.94,0.9483,22,2.92,0.9419,75,2.94,0.9483,1,2.93,0.9451,172,0
SPY190807C287,2019-08-05,2019-08-05 09:37:37,2.95,0.9516,371,2.92,0.9419,95,2.94,0.9483,1,2.935,0.9467,172,0
SPY190807C287,2019-08-05,2019-08-05 09:37:37,2.95,0.9516,419,2.92,0.9419,95,2.94,0.9483,1,2.935,0.9467,172,0
SPY190807C287,2019-08-05,2019-08-05 09:37:38,2.94,0.9483,360,2.92,0.9419,82,2.94,0.9483,1,2.93,0.9451,172,0
SPY190807C287,2019-08-05,2019-08-05 09:37:38,2.94,0.9483,11,2.92,0.9419,88,2.94,0.9483,1,2.93,0.9451,172,0
SPY190807C287,2019-08-05,2019-08-05 09:37:39,2.95,0.9516,404,2.92,0.9419,82,2.94,0.9483,1,2.935,0.9467,172,0
SPY190807C287,2019-08-05,2019-08-05 09:37:39,2.94,0.9483,22,2.92,0.9419,43,2.94,0.9483,1,2.93,0.9451,172,0
SPY190807C287,2019-08-05,2019-08-05 09:37:40,2.95,0.9516,382,2.92,0.9419,67,2.94,0.9483,1,2.935,0.9467,172,0
SPY190807C287,2019-08-05,2019-08-05 09:37:40,2.95,0.9516,382,2.92,0.9419,43,2.94,0.9483,1,2.935,0.9467,172,0
SPY190807C287,2019-08-05,2019-08-05 09:37:41,2.96,0.9548,382,2.92,0.9419,121,2.94,0.9483,1,2.94,0.9483,172,0
SPY190807C287,2019-08-05,2019-08-05 09:37:41,2.96,0.9548,382,2.93,0.9451,75,2.94,0.9483,1,2.945,0.95,172,0
SPY190807C287,2019-08-05,2019-08-05 09:37:42,2.95,0.9516,22,2.93,0.9451,26,2.94,0.9483,1,2.94,0.9483,172,0
SPY190807C287,2019-08-05,2019-08-05 09:37:42,2.96,0.9548,371,2.93,0.9451,114,2.94,0.9483,1,2.945,0.95,172,0
SPY190807C287,2019-08-05,2019-08-05 09:37:43,2.95,0.9516,27,2.92,0.9419,125,2.94,0.9483,1,2.935,0.9467,172,0
SPY190807C287,2019-08-05,2019-08-05 09:37:43,2.96,0.9548,27,2.91,0.9387,125,2.94,0.9483,1,2.935,0.9467,172,0
SPY190807C287,2019-08-05,2019-08-05 09:37:44,2.94,0.9483,22,2.93,0.9451,21,2.94,0.9483,1,2.935,0.9467,172,0
SPY190807C287,2019-08-05,2019-08-05 09:37:44,2.95,0.9516,24,2.92,0.9419,124,2.94,0.9483,1,2.935,0.9467,172,0
SPY190807C287,2019-08-05,2019-08-05 09:37:45,2.95,0.9516,24,2.92,0.9419,60,2.94,0.9483,1,2.935,0.9467,172,0
SPY190807C287,2019-08-05,2019-08-05 09:37:46,2.96,0.9548,22,2.93,0.9451,15,2.94,0.9483,1,2.945,0.95,172,0
SPY190807C287,2019-08-05,2019-08-05 09:37:46,2.96,0.9548,22,2.93,0.9451,100,2.94,0.9483,1,2.945,0.95,172,0
SPY190807C287,2019-08-05,2019-08-05 09:37:47,2.95,0.9516,22,2.93,0.9451,86,2.94,0.9483,1,2.94,0.9483,172,0
SPY190807C287,2019-08-05,2019-08-05 09:37:47,2.96,0.9548,22,2.94,0.9483,48,2.94,0.9483,1,2.95,0.9516,172,0
SPY190807C287,2019-08-05,2019-08-05 09:37:48,2.96,0.9548,371,2.93,0.9451,63,2.94,0.9483,1,2.945,0.95,172,0
SPY190807C287,2019-08-05,2019-08-05 09:37:49,2.97,0.958,44,2.95,0.9516,21,2.94,0.9483,1,2.96,0.9548,172,0
SPY190807C287,2019-08-05,2019-08-05 09:37:49,2.96,0.9548,22,2.93,0.9451,100,2.94,0.9483,1,2.945,0.95,172,0
SPY190807C287,2019-08-05,2019-08-05 09:37:50,2.97,0.958,3,2.94,0.9483,94,2.94,0.9483,1,2.955,0.9532,172,0
SPY190807C287,2019-08-05,2019-08-05 09:37:50,2.97,0.958,424,2.94,0.9483,94,2.94,0.9483,1,2.955,0.9532,172,0
SPY190807C287,2019-08-05,2019-08-05 09:37:51,2.96,0.9548,416,2.94,0.9483,94,2.94,0.9483,1,2.95,0.9516,172,0
SPY190807C287,2019-08-05,2019-08-05 09:37:51,2.96,0.9548,360,2.94,0.9483,94,2.94,0.9483,1,2.95,0.9516,172,0
SPY190807C287,2019-08-05,2019-08-05 09:37:52,2.94,0.9483,1,2.94,0.9483,2,2.94,0.9483,2,2.94,0.9483,174,2
SPY190807C287,2019-08-05,2019-08-05 09:37:52,2.95,0.9516,15,2.92,0.9419,121,2.94,0.9483,2,2.935,0.9467,174,0
SPY190807C287,2019-08-05,2019-08-05 09:37:53,2.95,0.9516,15,2.92,0.9419,121,2.94,0.9483,2,2.935,0.9467,174,0
SPY190807C287,2019-08-05,2019-08-05 09:37:54,2.94,0.9483,18,2.91,0.9387,74,2.94,0.9483,2,2.925,0.9435,174,0
SPY190807C287,2019-08-05,2019-08-05 09:37:54,2.93,0.9451,15,2.91,0.9387,121,2.94,0.9483,2,2.92,0.9419,174,0
SPY190807C287,2019-08-05,2019-08-05 09:37:55,2.95,0.9516,15,2.92,0.9419,119,2.94,0.9483,2,2.935,0.9467,174,0
SPY190807C287,2019-08-05,2019-08-05 09:37:55,2.95,0.9516,15,2.92,0.9419,109,2.94,0.9483,2,2.935,0.9467,174,0
SPY190807C287,2019-08-05,2019-08-05 09:37:56,2.96,0.9548,464,2.92,0.9419,119,2.94,0.9483,2,2.94,0.9483,174,0
SPY190807C287,2019-08-05,2019-08-05 09:37:56,2.96,0.9548,115,2.93,0.9451,80,2.94,0.9483,2,2.945,0.95,174,0
SPY190807C287,2019-08-05,2019-08-05 09:37:57,2.96,0.9548,47,2.93,0.9451,57,2.94,0.9483,2,2.945,0.95,174,0
SPY190807C287,2019-08-05,2019-08-05 09:37:57,2.96,0.9548,43,2.93,0.9451,90,2.94,0.9483,2,2.945,0.95,174,0
SPY190807C287,2019-08-05,2019-08-05 09:37:58,2.96,0.9548,151,2.93,0.9451,80,2.96,0.9548,25,2.945,0.95,224,50
SPY190807C287,2019-08-05,2019-08-05 09:37:58,2.96,0.9548,396,2.93,0.9451,80,2.96,0.9548,25,2.945,0.95,224,0
SPY190807C287,2019-08-05,2019-08-05 09:37:59,2.96,0.9548,396,2.92,0.9419,121,2.96,0.9548,25,2.94,0.9483,224,0
SPY190807C287,2019-08-05,2019-08-05 09:37:59,2.95,0.9516,15,2.92,0.9419,89,2.96,0.9548,25,2.935,0.9467,224,0
SPY190807C287,2019-08-05,2019-08-05 09:38:00,2.96,0.9548,19,2.94,0.9483,21,2.96,0.9548,25,2.95,0.9516,224,0
SPY190807C287,2019-08-05,2019-08-05 09:38:00,2.96,0.9548,8,2.93,0.9451,94,2.96,0.9548,25,2.945,0.95,224,0
SPY190807C287,2019-08-05,2019-08-05 09:38:01,2.98,0.9612,419,2.94,0.9483,125,2.96,0.9548,25,2.96,0.9548,224,0
SPY190807C287,2019-08-05,2019-08-05 09:38:01,2.98,0.9612,472,2.94,0.9483,104,2.96,0.9548,25,2.96,0.9548,224,0
SPY190807C287,2019-08-05,2019-08-05 09:38:02,2.97,0.958,20,2.94,0.9483,125,2.96,0.9548,25,2.955,0.9532,224,0
SPY190807C287,2019-08-05,2019-08-05 09:38:02,2.98,0.9612,453,2.95,0.9516,59,2.96,0.9548,25,2.965,0.9564,224,0
SPY190807C287,2019-08-05,2019-08-05 09:38:03,2.97,0.958,15,2.94,0.9483,25,2.96,0.9548,25,2.955,0.9532,224,0
SPY190807C287,2019-08-05,2019-08-05 09:38:03,2.96,0.9548,20,2.93,0.9451,116,2.96,0.9548,25,2.945,0.95,224,0
SPY190807C287,2019-08-05,2019-08-05 09:38:04,2.96,0.9548,375,2.93,0.9451,109,2.96,0.9548,25,2.945,0.95,224,0
SPY190807C287,2019-08-05,2019-08-05 09:38:04,2.97,0.958,368,2.93,0.9451,140,2.96,0.9548,25,2.95,0.9516,224,0
SPY190807C287,2019-08-05,2019-08-05 09:38:05,2.97,0.958,395,2.93,0.9451,125,2.96,0.9548,25,2.95,0.9516,224,0
SPY190807C287,2019-08-05,2019-08-05 09:38:05,2.97,0.958,400,2.93,0.9451,125,2.96,0.9548,25,2.95,0.9516,224,0
SPY190807C287,2019-08-05,2019-08-05 09:38:06,3.0,0.9677,360,2.95,0.9516,136,2.96,0.9548,25,2.975,0.9596,224,0
SPY190807C287,2019-08-05,2019-08-05 09:38:06,2.98,0.9612,231,2.93,0.9451,20,2.96,0.9548,25,2.955,0.9532,224,0
SPY190807C287,2019-08-05,2019-08-05 09:38:07,3.03,0.9774,456,2.98,0.9612,71,2.96,0.9548,25,3.005,0.9693,224,0
SPY190807C287,2019-08-05,2019-08-05 09:38:07,3.02,0.9741,464,2.95,0.9516,5,2.96,0.9548,25,2.985,0.9629,224,0
SPY190807C287,2019-08-05,2019-08-05 09:38:08,3.03,0.9774,456,3.0,0.9677,14,2.96,0.9548,25,3.015,0.9725,224,0
SPY190807C287,2019-08-05,2019-08-05 09:38:08,3.04,0.9806,464,3.01,0.9709,61,2.96,0.9548,25,3.025,0.9758,224,0
SPY190807C287,2019-08-05,2019-08-05 09:38:09,3.04,0.9806,360,3.01,0.9709,5,2.96,0.9548,25,3.025,0.9758,224,0
SPY190807C287,2019-08-05,2019-08-05 09:38:09,3.04,0.9806,412,3.01,0.9709,86,2.96,0.9548,25,3.025,0.9758,224,0
SPY190807C287,2019-08-05,2019-08-05 09:38:10,3.04,0.9806,52,2.99,0.9645,80,2.96,0.9548,25,3.015,0.9725,224,0
SPY190807C287,2019-08-05,2019-08-05 09:38:10,3.07,0.9903,115,3.02,0.9741,118,2.96,0.9548,25,3.045,0.9822,224,0
SPY190807C287,2019-08-05,2019-08-05 09:38:11,3.08,0.9935,230,3.03,0.9774,121,2.96,0.9548,25,3.055,0.9854,224,0
SPY190807C287,2019-08-05,2019-08-05 09:38:11,3.08,0.9935,230,3.04,0.9806,18,2.96,0.9548,25,3.06,0.987,224,0
SPY190807C287,2019-08-05,2019-08-05 09:38:12,3.05,0.9838,451,3.0,0.9677,97,2.96,0.9548,25,3.025,0.9758,224,0
SPY190807C287,2019-08-05,2019-08-05 09:38:12,3.08,0.9935,230,3.04,0.9806,26,2.96,0.9548,25,3.06,0.987,224,0
SPY190807C287,2019-08-05,2019-08-05 09:38:13,3.07,0.9903,88,3.04,0.9806,21,2.96,0.9548,25,3.055,0.9854,224,0
SPY190807C287,2019-08-05,2019-08-05 09:38:13,3.05,0.9838,451,3.01,0.9709,44,2.96,0.9548,25,3.03,0.9774,224,0
SPY190807C287,2019-08-05,2019-08-05 09:38:14,3.07,0.9903,88,3.04,0.9806,55,2.96,0.9548,25,3.055,0.9854,224,0
SPY190807C287,2019-08-05,2019-08-05 09:38:14,3.08,0.9935,360,3.05,0.9838,59,2.96,0.9548,25,3.065,0.9887,224,0
SPY190807C287,2019-08-05,2019-08-05 09:38:15,3.08,0.9935,360,3.05,0.9838,123,2.96,0.9548,25,3.065,0.9887,224,0
SPY190807C287,2019-08-05,2019-08-05 09:38:15,3.09,0.9967,465,3.05,0.9838,123,2.96,0.9548,25,3.07,0.9903,224,0
SPY190807C287,2019-08-05,2019-08-05 09:38:16,3.07,0.9903,360,3.01,0.9709,15,2.96,0.9548,25,3.04,0.9806,224,0
SPY190807C287,2019-08-05,2019-08-05 09:38:16,3.08,0.9935,375,3.05,0.9838,123,2.96,0.9548,25,3.065,0.9887,224,0
SPY190807C287,2019-08-05,2019-08-05 09:38:17,3.07,0.9903,100,3.03,0.9774,131,2.96,0.9548,25,3.05,0.9838,224,0
SPY190807C287,2019-08-05,2019-08-05 09:38:17,3.07,0.9903,386,3.04,0.9806,69,2.96,0.9548,25,3.055,0.9854,224,0
SPY190807C287,2019-08-05,2019-08-05 09:38:18,3.06,0.987,45,3.03,0.9774,57,2.96,0.9548,25,3.045,0.9822,224,0
SPY190807C287,2019-08-05,2019-08-05 09:38:18,3.07,0.9903,360,3.04,0.9806,5,2.96,0.9548,25,3.055,0.9854,224,0
SPY190807C287,2019-08-05,2019-08-05 09:38:19,3.06,0.987,15,3.04,0.9806,93,2.96,0.9548,25,3.05,0.9838,224,0
SPY190807C287,2019-08-05,2019-08-05 09:38:20,3.08,0.9935,99,3.04,0.9806,96,2.96,0.9548,25,3.06,0.987,224,0
SPY190807C287,2019-08-05,2019-08-05 09:38:20,3.07,0.9903,368,3.04,0.9806,96,2.96,0.9548,25,3.055,0.9854,224,0
SPY190807C287,2019-08-05,2019-08-05 09:38:21,3.08,0.9935,368,3.06,0.987,1,3.06,0.987,10,3.07,0.9903,234,10
SPY190807C287,2019-08-05,2019-08-05 09:38:21,3.08,0.9935,368,3.06,0.987,1,3.06,0.987,10,3.07,0.9903,234,0
SPY190807C287,2019-08-05,2019-08-05 09:38:22,3.08,0.9935,401,3.04,0.9806,139,3.06,0.987,10,3.06,0.987,234,0
SPY190807C287,2019-08-05,2019-08-05 09:38:22,3.07,0.9903,8,3.05,0.9838,42,3.06,0.987,10,3.06,0.987,234,0
SPY190807C287,2019-08-05,2019-08-05 09:38:23,3.09,0.9967,167,3.05,0.9838,97,3.06,0.987,10,3.07,0.9903,234,0
SPY190807C287,2019-08-05,2019-08-05 09:38:23,3.08,0.9935,408,3.05,0.9838,97,3.06,0.987,10,3.065,0.9887,234,0
SPY190807C287,2019-08-05,2019-08-05 09:38:24,3.09,0.9967,167,3.06,0.987,91,3.06,0.987,10,3.075,0.9919,234,0
SPY190807C287,2019-08-05,2019-08-05 09:38:24,3.09,0.9967,167,3.06,0.987,133,3.06,0.987,10,3.075,0.9919,234,0
SPY190807C287,2019-08-05,2019-08-05 09:38:25,3.1,1.0,477,3.06,0.987,118,3.06,0.987,10,3.08,0.9935,234,0
SPY190807C287,2019-08-05,2019-08-05 09:38:25,3.1,1.0,117,3.06,0.987,133,3.06,0.987,10,3.08,0.9935,234,0
SPY190807C287,2019-08-05,2019-08-05 09:38:26,3.1,1.0,360,3.07,0.9903,104,3.06,0.987,10,3.085,0.9951,234,0
SPY190807C287,2019-08-05,2019-08-05 09:38:26,3.1,1.0,472,3.06,0.987,142,3.06,0.987,10,3.08,0.9935,234,0
SPY190807C287,2019-08-05,2019-08-05 09:38:27,3.11,1.0032,462,3.08,0.9935,117,3.06,0.987,10,3.095,0.9983,234,0
SPY190807C287,2019-08-05,2019-08-05 09:38:27,3.1,1.0,15,3.07,0.9903,104,3.06,0.987,10,3.085,0.9951,234,0
SPY190807C287,2019-08-05,2019-08-05 09:38:28,3.12,1.0064,467,3.09,0.9967,21,3.06,0.987,10,3.105,1.0016,234,0
SPY190807C287,2019-08-05,2019-08-05 09:38:28,3.12,1.0064,110,3.09,0.9967,23,3.06,0.987,10,3.105,1.0016,234,0
SPY190807C287,2019-08-05,2019-08-05 09:38:29,3.13,1.0096,445,3.09,0.9967,123,3.06,0.987,10,3.11,1.0032,234,0
SPY190807C287,2019-08-05,2019-08-05 09:38:29,3.11,1.0032,15,3.09,0.9967,22,3.06,0.987,10,3.1,1.0,234,0
SPY190807C287,2019-08-05,2019-08-05 09:38:30,3.11,1.0032,462,3.07,0.9903,110,3.06,0.987,10,3.09,0.9967,234,0
SPY190807C287,2019-08-05,2019-08-05 09:38:30,3.11,1.0032,360,3.1,1.0,52,3.06,0.987,10,3.105,1.0016,234,0
SPY190807C287,2019-08-05,2019-08-05 09:38:31,3.1,1.0,69,3.07,0.9903,5,3.06,0.987,10,3.085,0.9951,234,0
SPY190807C287,2019-08-05,2019-08-05 09:38:31,3.11,1.0032,113,3.07,0.9903,110,3.06,0.987,10,3.09,0.9967,234,0
SPY190807C287,2019-08-05,2019-08-05 09:38:32,3.1,1.0,429,3.07,0.9903,5,3.06,0.987,10,3.085,0.9951,234,0
SPY190807C287,2019-08-05,2019-08-05 09:38:32,3.1,1.0,440,3.06,0.987,123,3.06,0.987,10,3.08,0.9935,234,0
SPY190807C287,2019-08-05,2019-08-05 09:38:33,3.1,1.0,466,3.06,0.987,116,3.06,0.987,10,3.08,0.9935,234,0
SPY190807C287,2019-08-05,2019-08-05 09:38:33,3.1,1.0,154,3.06,0.987,96,3.06,0.987,10,3.08,0.9935,234,0
SPY190807C287,2019-08-05,2019-08-05 09:38:34,3.09,0.9967,371,3.06,0.987,114,3.06,0.987,10,3.075,0.9919,234,0
SPY190807C287,2019-08-05,2019-08-05 09:38:34,3.1,1.0,154,3.06,0.987,50,3.06,0.987,10,3.08,0.9935,234,0
SPY190807C287,2019-08-05,2019-08-05 09:38:35,3.09,0.9967,21,3.06,0.987,123,3.06,0.987,10,3.075,0.9919,234,0
SPY190807C287,2019-08-05,2019-08-05 09:38:35,3.09,0.9967,381,3.06,0.987,116,3.06,0.987,10,3.075,0.9919,234,0
SPY190807C287,2019-08-05,2019-08-05 09:38:36,3.08,0.9935,11,3.06,0.987,102,3.06,0.987,10,3.07,0.9903,234,0
SPY190807C287,2019-08-05,2019-08-05 09:38:36,3.09,0.9967,381,3.06,0.987,116,3.06,0.987,10,3.075,0.9919,234,0
SPY190807C287,2019-08-05,2019-08-05 09:38:37,3.07,0.9903,371,3.04,0.9806,26,3.06,0.987,10,3.055,0.9854,234,0
SPY190807C287,2019-08-05,2019-08-05 09:38:37,3.08,0.9935,11,3.05,0.9838,123,3.06,0.987,10,3.065,0.9887,234,0
SPY190807C287,2019-08-05,2019-08-05 09:38:38,3.08,0.9935,472,3.04,0.9806,121,3.06,0.987,10,3.06,0.987,234,0
SPY190807C287,2019-08-05,2019-08-05 09:38:38,3.08,0.9935,472,3.04,0.9806,123,3.06,0.987,10,3.06,0.987,234,0
SPY190807C287,2019-08-05,2019-08-05 09:38:39,3.07,0.9903,45,3.04,0.9806,121,3.06,0.987,10,3.055,0.9854,234,0
SPY190807C287,2019-08-05,2019-08-05 09:38:39,3.08,0.9935,451,3.04,0.9806,121,3.06,0.987,10,3.06,0.987,234,0
SPY190807C287,2019-08-05,2019-08-05 09:38:40,3.08,0.9935,472,3.04,0.9806,121,3.06,0.987,10,3.06,0.987,234,0
SPY190807C287,2019-08-05,2019-08-05 09:38:41,3.09,0.9967,483,3.05,0.9838,99,3.06,0.987,10,3.07,0.9903,234,0
SPY190807C287,2019-08-05,2019-08-05 09:38:41,3.1,1.0,171,3.06,0.987,136,3.06,0.987,10,3.08,0.9935,234,0
SPY190807C287,2019-08-05,2019-08-05 09:38:42,3.1,1.0,120,3.06,0.987,136,3.06,0.987,10,3.08,0.9935,234,0
SPY190807C287,2019-08-05,2019-08-05 09:38:42,3.09,0.9967,165,3.05,0.9838,26,3.06,0.987,10,3.07,0.9903,234,0
SPY190807C287,2019-08-05,2019-08-05 09:38:43,3.09,0.9967,121,3.05,0.9838,100,3.06,0.987,10,3.07,0.9903,234,0
SPY190807C287,2019-08-05,2019-08-05 09:38:43,3.09,0.9967,165,3.06,0.987,20,3.06,0.987,10,3.075,0.9919,234,0
SPY190807C287,2019-08-05,2019-08-05 09:38:44,3.09,0.9967,147,3.05,0.9838,102,3.06,0.987,10,3.07,0.9903,234,0
SPY190807C287,2019-08-05,2019-08-05 09:38:44,3.09,0.9967,163,3.05,0.9838,108,3.06,0.987,10,3.07,0.9903,234,0
SPY190807C287,2019-08-05,2019-08-05 09:38:45,3.09,0.9967,147,3.05,0.9838,102,3.06,0.987,10,3.07,0.9903,234,0
SPY190807C287,2019-08-05,2019-08-05 09:38:46,3.09,0.9967,471,3.05,0.9838,100,3.06,0.987,10,3.07,0.9903,234,0
SPY190807C287,2019-08-05,2019-08-05 09:38:46,3.09,0.9967,471,3.05,0.9838,102,3.06,0.987,10,3.07,0.9903,234,0
SPY190807C287,2019-08-05,2019-08-05 09:38:47,3.08,0.9935,44,3.04,0.9806,99,3.06,0.987,10,3.06,0.987,234,0
SPY190807C287,2019-08-05,2019-08-05 09:38:47,3.08,0.9935,11,3.05,0.9838,68,3.06,0.987,10,3.065,0.9887,234,0
SPY190807C287,2019-08-05,2019-08-05 09:38:48,3.08,0.9935,462,3.04,0.9806,103,3.06,0.987,10,3.06,0.987,234,0
SPY190807C287,2019-08-05,2019-08-05 09:38:48,3.07,0.9903,21,3.04,0.9806,100,3.06,0.987,10,3.055,0.9854,234,0
SPY190807C287,2019-08-05,2019-08-05 09:38:49,3.07,0.9903,71,3.03,0.9774,55,3.06,0.987,10,3.05,0.9838,234,0
SPY190807C287,2019-08-05,2019-08-05 09:38:49,3.07,0.9903,11,3.05,0.9838,9,3.06,0.987,10,3.06,0.987,234,0
SPY190807C287,2019-08-05,2019-08-05 09:38:50,3.07,0.9903,70,3.04,0.9806,60,3.06,0.987,10,3.055,0.9854,234,0
SPY190807C287,2019-08-05,2019-08-05 09:38:50,3.08,0.9935,478,3.04,0.9806,78,3.06,0.987,10,3.06,0.987,234,0
SPY190807C287,2019-08-05,2019-08-05 09:38:51,3.07,0.9903,70,3.03,0.9774,123,3.06,0.987,10,3.05,0.9838,234,0
SPY190807C287,2019-08-05,2019-08-05 09:38:51,3.06,0.987,43,3.04,0.9806,21,3.06,0.987,10,3.05,0.9838,234,0
SPY190807C287,2019-08-05,2019-08-05 09:38:52,3.06,0.987,61,3.03,0.9774,81,3.06,0.987,10,3.045,0.9822,234,0
SPY190807C287,2019-08-05,2019-08-05 09:38:52,3.06,0.987,61,3.04,0.9806,21,3.06,0.987,10,3.05,0.9838,234,0
SPY190807C287,2019-08-05,2019-08-05 09:38:53,3.07,0.9903,50,3.04,0.9806,71,3.06,0.987,10,3.055,0.9854,234,0
SPY190807C287,2019-08-05,2019-08-05 09:38:53,3.06,0.987,21,3.03,0.9774,81,3.06,0.987,10,3.045,0.9822,234,0
SPY190807C287,2019-08-05,2019-08-05 09:38:54,3.07,0.9903,50,3.04,0.9806,69,3.06,0.987,10,3.055,0.9854,234,0
SPY190807C287,2019-08-05,2019-08-05 09:38:55,3.07,0.9903,414,3.03,0.9774,21,3.06,0.987,10,3.05,0.9838,234,0
SPY190807C287,2019-08-05,2019-08-05 09:38:55,3.07,0.9903,407,3.04,0.9806,63,3.06,0.987,10,3.055,0.9854,234,0
SPY190807C287,2019-08-05,2019-08-05 09:38:56,3.05,0.9838,44,3.02,0.9741,5,3.06,0.987,10,3.035,0.979,234,0
SPY190807C287,2019-08-05,2019-08-05 09:38:56,3.05,0.9838,71,3.0,0.9677,136,3.06,0.987,10,3.025,0.9758,234,0
SPY190807C287,2019-08-05,2019-08-05 09:38:57,3.07,0.9903,80,3.03,0.9774,123,3.06,0.987,10,3.05,0.9838,234,0
SPY190807C287,2019-08-05,2019-08-05 09:38:57,3.07,0.9903,371,3.02,0.9741,108,3.06,0.987,10,3.045,0.9822,234,0
SPY190807C287,2019-08-05,2019-08-05 09:38:58,3.06,0.987,97,3.02,0.9741,123,3.06,0.987,10,3.04,0.9806,234,0
SPY190807C287,2019-08-05,2019-08-05 09:38:58,3.06,0.987,458,3.02,0.9741,123,3.06,0.987,10,3.04,0.9806,234,0
SPY190807C287,2019-08-05,2019-08-05 09:38:59,3.06,0.987,130,3.02,0.9741,102,3.06,0.987,10,3.04,0.9806,234,0
SPY190807C287,2019-08-05,2019-08-05 09:38:59,3.04,0.9806,371,3.02,0.9741,31,3.06,0.987,10,3.03,0.9774,234,0
SPY190807C287,2019-08-05,2019-08-05 09:39:00,3.04,0.9806,360,2.99,0.9645,121,3.06,0.987,10,3.015,0.9725,234,0
SPY190807C287,2019-08-05,2019-08-05 09:39:00,3.01,0.9709,400,2.98,0.9612,5,3.06,0.987,10,2.995,0.9661,234,0
SPY190807C287,2019-08-05,2019-08-05 09:39:01,3.0,0.9677,21,2.97,0.958,24,3.06,0.987,10,2.985,0.9629,234,0
SPY190807C287,2019-08-05,2019-08-05 09:39:02,3.01,0.9709,360,2.98,0.9612,5,3.06,0.987,10,2.995,0.9661,234,0
SPY190807C287,2019-08-05,2019-08-05 09:39:02,3.01,0.9709,11,2.97,0.958,121,3.06,0.987,10,2.99,0.9645,234,0
SPY190807C287,2019-08-05,2019-08-05 09:39:03,3.01,0.9709,360,2.97,0.958,5,3.06,0.987,10,2.99,0.9645,234,0
SPY190807C287,2019-08-05,2019-08-05 09:39:03,3.01,0.9709,360,2.98,0.9612,21,3.06,0.987,10,2.995,0.9661,234,0
SPY190807C287,2019-08-05,2019-08-05 09:39:04,3.02,0.9741,58,2.99,0.9645,5,3.06,0.987,10,3.005,0.9693,234,0
SPY190807C287,2019-08-05,2019-08-05 09:39:04,3.02,0.9741,21,2.98,0.9612,125,3.06,0.987,10,3.0,0.9677,234,0
SPY190807C287,2019-08-05,2019-08-05 09:39:05,3.03,0.9774,464,2.99,0.9645,121,3.06,0.987,10,3.01,0.9709,234,0
SPY190807C287,2019-08-05,2019-08-05 09:39:05,3.03,0.9774,485,2.99,0.9645,5,3.06,0.987,10,3.01,0.9709,234,0
SPY190807C287,2019-08-05,2019-08-05 09:39:06,3.05,0.9838,360,3.0,0.9677,21,3.06,0.987,10,3.025,0.9758,234,0
SPY190807C287,2019-08-05,2019-08-05 09:39:07,3.03,0.9774,61,3.0,0.9677,5,3.06,0.987,10,3.015,0.9725,234,0
SPY190807C287,2019-08-05,2019-08-05 09:39:07,3.04,0.9806,59,3.0,0.9677,16,3.06,0.987,10,3.02,0.9741,234,0
SPY190807C287,2019-08-05,2019-08-05 09:39:08,3.03,0.9774,56,3.0,0.9677,110,3.06,0.987,10,3.015,0.9725,234,0
SPY190807C287,2019-08-05,2019-08-05 09:39:08,3.03,0.9774,21,3.0,0.9677,81,3.06,0.987,10,3.015,0.9725,234,0
SPY190807C287,2019-08-05,2019-08-05 09:39:09,3.04,0.9806,21,3.01,0.9709,104,3.06,0.987,10,3.025,0.9758,234,0
SPY190807C287,2019-08-05,2019-08-05 09:39:09,3.04,0.9806,21,3.02,0.9741,1,3.06,0.987,10,3.03,0.9774,234,0
SPY190807C287,2019-08-05,2019-08-05 09:39:10,3.06,0.987,1,3.02,0.9741,1,3.06,0.987,10,3.04,0.9806,234,0
SPY190807C287,2019-08-05,2019-08-05 09:39:10,3.04,0.9806,44,3.02,0.9741,1,3.06,0.987,10,3.03,0.9774,234,0
SPY190807C287,2019-08-05,2019-08-05 09:39:11,3.06,0.987,130,3.02,0.9741,100,3.06,0.987,10,3.04,0.9806,234,0
SPY190807C287,2019-08-05,2019-08-05 09:39:11,3.06,0.987,102,3.02,0.9741,116,3.06,0.987,10,3.04,0.9806,234,0
SPY190807C287,2019-08-05,2019-08-05 09:39:12,3.06,0.987,102,3.02,0.9741,125,3.06,0.987,10,3.04,0.9806,234,0
SPY190807C287,2019-08-05,2019-08-05 09:39:12,3.06,0.987,410,3.02,0.9741,125,3.06,0.987,10,3.04,0.9806,234,0
SPY190807C287,2019-08-05,2019-08-05 09:39:13,3.04,0.9806,371,3.02,0.9741,1,3.06,0.987,10,3.03,0.9774,234,0
SPY190807C287,2019-08-05,2019-08-05 09:39:13,3.06,0.987,410,3.02,0.9741,125,3.06,0.987,10,3.04,0.9806,234,0
SPY190807C287,2019-08-05,2019-08-05 09:39:14,3.04,0.9806,371,3.0,0.9677,1,3.02,0.9741,1,3.02,0.9741,235,0
SPY190807C287,2019-08-05,2019-08-05 09:39:14,3.04,0.9806,44,3.01,0.9709,104,3.02,0.9741,1,3.025,0.9758,235,1
SPY190807C287,2019-08-05,2019-08-05 09:39:15,3.03,0.9774,5,3.0,0.9677,5,3.02,0.9741,1,3.015,0.9725,235,0
SPY190807C287,2019-08-05,2019-08-05 09:39:15,3.03,0.9774,21,3.01,0.9709,5,3.02,0.9741,1,3.02,0.9741,235,0
SPY190807C287,2019-08-05,2019-08-05 09:39:16,3.01,0.9709,21,2.99,0.9645,1,3.02,0.9741,1,3.0,0.9677,235,0
SPY190807C287,2019-08-05,2019-08-05 09:39:16,3.01,0.9709,21,2.99,0.9645,105,3.02,0.9741,1,3.0,0.9677,235,0
SPY190807C287,2019-08-05,2019-08-05 09:39:17,3.04,0.9806,5,3.0,0.9677,140,3.02,0.9741,1,3.02,0.9741,235,0
SPY190807C287,2019-08-05,2019-08-05 09:39:17,3.02,0.9741,21,2.99,0.9645,133,3.02,0.9741,1,3.005,0.9693,235,0
SPY190807C287,2019-08-05,2019-08-05 09:39:18,3.04,0.9806,48,3.01,0.9709,5,3.02,0.9741,1,3.025,0.9758,235,0
SPY190807C287,2019-08-05,2019-08-05 09:39:18,3.04,0.9806,485,3.0,0.9677,100,3.02,0.9741,1,3.02,0.9741,235,0
SPY190807C287,2019-08-05,2019-08-05 09:39:19,3.03,0.9774,4,3.0,0.9677,100,3.02,0.9741,1,3.015,0.9725,235,0
SPY190807C287,2019-08-05,2019-08-05 09:39:19,3.03,0.9774,74,3.0,0.9677,113,3.02,0.9741,1,3.015,0.9725,235,0
SPY190807C287,2019-08-05,2019-08-05 09:39:20,3.03,0.9774,122,3.0,0.9677,5,3.02,0.9741,1,3.015,0.9725,235,0
SPY190807C287,2019-08-05,2019-08-05 09:39:20,3.03,0.9774,97,3.0,0.9677,5,3.02,0.9741,1,3.015,0.9725,235,0
SPY190807C287,2019-08-05,2019-08-05 09:39:21,3.02,0.9741,21,3.0,0.9677,5,3.02,0.9741,1,3.01,0.9709,235,0
SPY190807C287,2019-08-05,2019-08-05 09:39:21,3.02,0.9741,21,3.0,0.9677,109,3.02,0.9741,1,3.01,0.9709,235,0
SPY190807C287,2019-08-05,2019-08-05 09:39:22,3.03,0.9774,112,2.99,0.9645,134,3.02,0.9741,1,3.01,0.9709,235,0
SPY190807C287,2019-08-05,2019-08-05 09:39:22,3.02,0.9741,21,2.99,0.9645,134,3.02,0.9741,1,3.005,0.9693,235,0
SPY190807C287,2019-08-05,2019-08-05 09:39:23,3.02,0.9741,95,2.98,0.9612,121,3.01,0.9709,2,3.0,0.9677,238,2
SPY190807C287,2019-08-05,2019-08-05 09:39:23,3.03,0.9774,135,2.98,0.9612,31,3.01,0.9709,1,3.005,0.9693,236,1
SPY190807C287,2019-08-05,2019-08-05 09:39:24,3.02,0.9741,95,2.98,0.9612,121,3.01,0.9709,2,3.0,0.9677,238,0
SPY190807C287,2019-08-05,2019-08-05 09:39:25,3.01,0.9709,1,2.98,0.9612,15,3.01,0.9709,2,2.995,0.9661,238,0
SPY190807C287,2019-08-05,2019-08-05 09:39:25,3.02,0.9741,155,2.98,0.9612,110,3.01,0.9709,2,3.0,0.9677,238,0
SPY190807C287,2019-08-05,2019-08-05 09:39:26,3.02,0.9741,119,2.98,0.9612,125,3.01,0.9709,2,3.0,0.9677,238,0
SPY190807C287,2019-08-05,2019-08-05 09:39:26,3.02,0.9741,430,2.98,0.9612,100,3.01,0.9709,2,3.0,0.9677,238,0
SPY190807C287,2019-08-05,2019-08-05 09:39:27,3.02,0.9741,119,2.98,0.9612,140,3.02,0.9741,1,3.0,0.9677,239,1
SPY190807C287,2019-08-05,2019-08-05 09:39:27,3.02,0.9741,435,2.98,0.9612,96,3.01,0.9709,2,3.0,0.9677,238,0
SPY190807C287,2019-08-05,2019-08-05 09:39:28,3.01,0.9709,74,2.98,0.9612,65,2.99,0.9645,1,2.995,0.9661,240,0
SPY190807C287,2019-08-05,2019-08-05 09:39:28,3.01,0.9709,71,2.98,0.9612,136,2.99,0.9645,1,2.995,0.9661,240,1
SPY190807C287,2019-08-05,2019-08-05 09:39:29,3.01,0.9709,74,2.98,0.9612,5,2.99,0.9645,1,2.995,0.9661,240,0
SPY190807C287,2019-08-05,2019-08-05 09:39:30,3.01,0.9709,413,2.97,0.958,122,2.99,0.9645,1,2.99,0.9645,240,0
SPY190807C287,2019-08-05,2019-08-05 09:39:31,3.0,0.9677,61,2.96,0.9548,116,2.99,0.9645,1,2.98,0.9612,240,0
SPY190807C287,2019-08-05,2019-08-05 09:39:31,3.0,0.9677,86,2.96,0.9548,121,2.99,0.9645,1,2.98,0.9612,240,0
SPY190807C287,2019-08-05,2019-08-05 09:39:32,3.0,0.9677,446,2.96,0.9548,121,2.99,0.9645,1,2.98,0.9612,240,0
SPY190807C287,2019-08-05,2019-08-05 09:39:32,2.99,0.9645,59,2.96,0.9548,121,2.99,0.9645,1,2.975,0.9596,240,0
SPY190807C287,2019-08-05,2019-08-05 09:39:33,2.99,0.9645,21,2.97,0.958,5,2.99,0.9645,1,2.98,0.9612,240,0
SPY190807C287,2019-08-05,2019-08-05 09:39:33,3.0,0.9677,44,2.96,0.9548,100,2.99,0.9645,1,2.98,0.9612,240,0
SPY190807C287,2019-08-05,2019-08-05 09:39:34,2.99,0.9645,21,2.96,0.9548,125,2.99,0.9645,1,2.975,0.9596,241,1
SPY190807C287,2019-08-05,2019-08-05 09:39:34,3.0,0.9677,454,2.96,0.9548,125,2.99,0.9645,1,2.98,0.9612,240,0
SPY190807C287,2019-08-05,2019-08-05 09:39:35,3.0,0.9677,475,2.96,0.9548,125,2.99,0.9645,1,2.98,0.9612,241,0
SPY190807C287,2019-08-05,2019-08-05 09:39:35,2.99,0.9645,67,2.96,0.9548,115,2.99,0.9645,1,2.975,0.9596,241,0
SPY190807C287,2019-08-05,2019-08-05 09:39:36,2.98,0.9612,59,2.95,0.9516,121,2.99,0.9645,1,2.965,0.9564,241,0
SPY190807C287,2019-08-05,2019-08-05 09:39:36,2.99,0.9645,427,2.96,0.9548,115,2.99,0.9645,1,2.975,0.9596,241,0
SPY190807C287,2019-08-05,2019-08-05 09:39:37,2.98,0.9612,59,2.95,0.9516,121,2.99,0.9645,1,2.965,0.9564,241,0
SPY190807C287,2019-08-05,2019-08-05 09:39:37,2.98,0.9612,58,2.95,0.9516,121,2.99,0.9645,1,2.965,0.9564,241,0
SPY190807C287,2019-08-05,2019-08-05 09:39:38,3.0,0.9677,11,2.96,0.9548,107,2.99,0.9645,1,2.98,0.9612,241,0
SPY190807C287,2019-08-05,2019-08-05 09:39:38,3.0,0.9677,11,2.96,0.9548,122,2.99,0.9645,1,2.98,0.9612,241,0
SPY190807C287,2019-08-05,2019-08-05 09:39:39,2.99,0.9645,75,2.94,0.9483,125,2.99,0.9645,1,2.965,0.9564,241,0
SPY190807C287,2019-08-05,2019-08-05 09:39:39,2.99,0.9645,173,2.95,0.9516,111,2.99,0.9645,1,2.97,0.958,241,0
SPY190807C287,2019-08-05,2019-08-05 09:39:40,2.99,0.9645,173,2.95,0.9516,113,2.99,0.9645,1,2.97,0.958,241,0
SPY190807C287,2019-08-05,2019-08-05 09:39:40,2.99,0.9645,173,2.95,0.9516,138,2.99,0.9645,1,2.97,0.958,241,0
SPY190807C287,2019-08-05,2019-08-05 09:39:41,2.99,0.9645,44,2.96,0.9548,89,2.99,0.9645,1,2.975,0.9596,241,0
SPY190807C287,2019-08-05,2019-08-05 09:39:41,3.0,0.9677,135,2.97,0.958,48,2.99,0.9645,1,2.985,0.9629,241,0
SPY190807C287,2019-08-05,2019-08-05 09:39:42,3.02,0.9741,89,2.98,0.9612,140,2.99,0.9645,1,3.0,0.9677,241,0
SPY190807C287,2019-08-05,2019-08-05 09:39:42,3.02,0.9741,44,2.97,0.958,74,2.99,0.9645,1,2.995,0.9661,241,0
SPY190807C287,2019-08-05,2019-08-05 09:39:43,3.02,0.9741,55,2.99,0.9645,95,2.99,0.9645,1,3.005,0.9693,241,0
SPY190807C287,2019-08-05,2019-08-05 09:39:43,3.02,0.9741,71,2.98,0.9612,117,2.99,0.9645,1,3.0,0.9677,241,0
SPY190807C287,2019-08-05,2019-08-05 09:39:44,3.02,0.9741,55,2.99,0.9645,95,2.99,0.9645,1,3.005,0.9693,241,0
SPY190807C287,2019-08-05,2019-08-05 09:39:44,3.02,0.9741,83,2.99,0.9645,95,2.99,0.9645,1,3.005,0.9693,241,0
SPY190807C287,2019-08-05,2019-08-05 09:39:45,3.01,0.9709,10,2.99,0.9645,71,2.99,0.9645,1,3.0,0.9677,241,0
SPY190807C287,2019-08-05,2019-08-05 09:39:46,3.05,0.9838,182,3.01,0.9709,74,2.99,0.9645,1,3.03,0.9774,241,0
SPY190807C287,2019-08-05,2019-08-05 09:39:46,3.03,0.9774,44,2.98,0.9612,4,2.99,0.9645,1,3.005,0.9693,241,0
SPY190807C287,2019-08-05,2019-08-05 09:39:47,3.05,0.9838,485,3.01,0.9709,115,2.99,0.9645,1,3.03,0.9774,241,0
SPY190807C287,2019-08-05,2019-08-05 09:39:47,3.04,0.9806,10,3.01,0.9709,115,2.99,0.9645,1,3.025,0.9758,241,0
SPY190807C287,2019-08-05,2019-08-05 09:39:48,3.07,0.9903,371,3.02,0.9741,5,2.99,0.9645,1,3.045,0.9822,241,0
SPY190807C287,2019-08-05,2019-08-05 09:39:49,3.07,0.9903,75,3.02,0.9741,44,2.99,0.9645,1,3.045,0.9822,241,0
SPY190807C287,2019-08-05,2019-08-05 09:39:49,3.08,0.9935,485,3.03,0.9774,121,2.99,0.9645,1,3.055,0.9854,241,0
SPY190807C287,2019-08-05,2019-08-05 09:39:50,3.07,0.9903,44,3.04,0.9806,124,2.99,0.9645,1,3.055,0.9854,241,0
SPY190807C287,2019-08-05,2019-08-05 09:39:50,3.08,0.9935,464,3.03,0.9774,137,2.99,0.9645,1,3.055,0.9854,241,0
SPY190807C287,2019-08-05,2019-08-05 09:39:51,3.09,0.9967,11,3.03,0.9774,10,2.99,0.9645,1,3.06,0.987,241,0
SPY190807C287,2019-08-05,2019-08-05 09:39:51,3.07,0.9903,11,3.04,0.9806,121,2.99,0.9645,1,3.055,0.9854,241,0
SPY190807C287,2019-08-05,2019-08-05 09:39:52,3.1,1.0,439,3.07,0.9903,21,2.99,0.9645,1,3.085,0.9951,241,0
SPY190807C287,2019-08-05,2019-08-05 09:39:52,3.09,0.9967,455,3.05,0.9838,5,2.99,0.9645,1,3.07,0.9903,241,0
SPY190807C287,2019-08-05,2019-08-05 09:39:53,3.09,0.9967,463,3.06,0.987,21,2.99,0.9645,1,3.075,0.9919,241,0
SPY190807C287,2019-08-05,2019-08-05 09:39:53,3.1,1.0,360,3.06,0.987,5,2.99,0.9645,1,3.08,0.9935,241,0
SPY190807C287,2019-08-05,2019-08-05 09:39:54,3.1,1.0,483,3.06,0.987,94,2.99,0.9645,1,3.08,0.9935,241,0
SPY190807C287,2019-08-05,2019-08-05 09:39:55,3.11,1.0032,111,3.06,0.987,94,2.99,0.9645,1,3.085,0.9951,241,0
SPY190807C287,2019-08-05,2019-08-05 09:39:55,3.11,1.0032,99,3.08,0.9935,68,2.99,0.9645,1,3.095,0.9983,241,0
SPY190807C287,2019-08-05,2019-08-05 09:39:56,3.13,1.0096,32,3.08,0.9935,21,2.99,0.9645,1,3.105,1.0016,241,0
SPY190807C287,2019-08-05,2019-08-05 09:39:56,3.12,1.0064,21,3.07,0.9903,7,3.12,1.0064,1,3.095,0.9983,242,1
SPY190807C287,2019-08-05,2019-08-05 09:39:57,3.12,1.0064,44,3.08,0.9935,12,3.12,1.0064,1,3.1,1.0,242,0
SPY190807C287,2019-08-05,2019-08-05 09:39:57,3.12,1.0064,44,3.08,0.9935,100,3.12,1.0064,1,3.1,1.0,242,0
SPY190807C287,2019-08-05,2019-08-05 09:39:58,3.13,1.0096,44,3.1,1.0,12,3.12,1.0064,1,3.115,1.0048,242,0
SPY190807C287,2019-08-05,2019-08-05 09:39:58,3.14,1.0129,360,3.09,0.9967,62,3.12,1.0064,1,3.115,1.0048,242,0
SPY190807C287,2019-08-05,2019-08-05 09:39:59,3.15,1.0161,365,3.1,1.0,100,3.12,1.0064,1,3.125,1.008,242,0
SPY190807C287,2019-08-05,2019-08-05 09:39:59,3.13,1.0096,44,3.1,1.0,100,3.12,1.0064,1,3.115,1.0048,242,0
SPY190807C287,2019-08-05,2019-08-05 09:40:00,3.14,1.0129,44,3.11,1.0032,12,3.12,1.0064,1,3.125,1.008,242,0
SPY190807C287,2019-08-05,2019-08-05 09:40:00,3.14,1.0129,11,3.11,1.0032,100,3.12,1.0064,1,3.125,1.008,242,0
SPY190807C287,2019-08-05,2019-08-05 09:40:01,3.14,1.0129,381,3.11,1.0032,104,3.12,1.0064,1,3.125,1.008,242,0
SPY190807C287,2019-08-05,2019-08-05 09:40:01,3.14,1.0129,44,3.11,1.0032,104,3.12,1.0064,1,3.125,1.008,242,0
SPY190807C287,2019-08-05,2019-08-05 09:40:02,3.14,1.0129,381,3.1,1.0,100,3.12,1.0064,1,3.12,1.0064,242,0
SPY190807C287,2019-08-05,2019-08-05 09:40:02,3.14,1.0129,381,3.07,0.9903,27,3.12,1.0064,1,3.105,1.0016,242,0
SPY190807C287,2019-08-05,2019-08-05 09:40:03,3.12,1.0064,44,3.08,0.9935,12,3.12,1.0064,1,3.1,1.0,242,0
SPY190807C287,2019-08-05,2019-08-05 09:40:03,3.12,1.0064,44,3.09,0.9967,12,3.12,1.0064,1,3.105,1.0016,242,0
SPY190807C287,2019-08-05,2019-08-05 09:40:04,3.11,1.0032,44,3.09,0.9967,5,3.12,1.0064,1,3.1,1.0,242,0
SPY190807C287,2019-08-05,2019-08-05 09:40:04,3.12,1.0064,44,3.09,0.9967,5,3.12,1.0064,1,3.105,1.0016,242,0
SPY190807C287,2019-08-05,2019-08-05 09:40:05,3.11,1.0032,77,3.07,0.9903,142,3.12,1.0064,1,3.09,0.9967,242,0
SPY190807C287,2019-08-05,2019-08-05 09:40:06,3.11,1.0032,77,3.07,0.9903,142,3.12,1.0064,1,3.09,0.9967,242,0
SPY190807C287,2019-08-05,2019-08-05 09:40:07,3.11,1.0032,72,3.08,0.9935,12,3.12,1.0064,1,3.095,0.9983,242,0
SPY190807C287,2019-08-05,2019-08-05 09:40:07,3.11,1.0032,77,3.07,0.9903,100,3.12,1.0064,1,3.09,0.9967,242,0
SPY190807C287,2019-08-05,2019-08-05 09:40:08,3.09,0.9967,109,3.05,0.9838,100,3.12,1.0064,1,3.07,0.9903,242,0
SPY190807C287,2019-08-05,2019-08-05 09:40:08,3.09,0.9967,21,3.06,0.987,12,3.12,1.0064,1,3.075,0.9919,242,0
SPY190807C287,2019-08-05,2019-08-05 09:40:09,3.1,1.0,123,3.05,0.9838,124,3.12,1.0064,1,3.075,0.9919,242,0
SPY190807C287,2019-08-05,2019-08-05 09:40:09,3.09,0.9967,44,3.05,0.9838,5,3.12,1.0064,1,3.07,0.9903,242,0
SPY190807C287,2019-08-05,2019-08-05 09:40:10,3.09,0.9967,44,3.05,0.9838,5,3.12,1.0064,1,3.07,0.9903,242,0
SPY190807C287,2019-08-05,2019-08-05 09:40:11,3.09,0.9967,44,3.06,0.987,5,3.12,1.0064,1,3.075,0.9919,242,0
SPY190807C287,2019-08-05,2019-08-05 09:40:11,3.1,1.0,103,3.05,0.9838,76,3.12,1.0064,1,3.075,0.9919,242,0
SPY190807C287,2019-08-05,2019-08-05 09:40:12,3.1,1.0,360,3.06,0.987,5,3.12,1.0064,1,3.08,0.9935,242,0
SPY190807C287,2019-08-05,2019-08-05 09:40:12,3.09,0.9967,71,3.04,0.9806,5,3.12,1.0064,1,3.065,0.9887,242,0
SPY190807C287,2019-08-05,2019-08-05 09:40:13,3.07,0.9903,58,3.03,0.9774,5,3.12,1.0064,1,3.05,0.9838,242,0
SPY190807C287,2019-08-05,2019-08-05 09:40:13,3.08,0.9935,44,3.04,0.9806,5,3.12,1.0064,1,3.06,0.987,242,0
SPY190807C287,2019-08-05,2019-08-05 09:40:14,3.06,0.987,21,3.03,0.9774,113,3.12,1.0064,1,3.045,0.9822,242,0
SPY190807C287,2019-08-05,2019-08-05 09:40:14,3.07,0.9903,44,3.03,0.9774,100,3.12,1.0064,1,3.05,0.9838,242,0
SPY190807C287,2019-08-05,2019-08-05 09:40:15,3.06,0.987,107,3.02,0.9741,5,3.12,1.0064,1,3.04,0.9806,242,0
SPY190807C287,2019-08-05,2019-08-05 09:40:15,3.05,0.9838,123,2.99,0.9645,360,3.02,0.9741,1,3.02,0.9741,243,1
SPY190807C287,2019-08-05,2019-08-05 09:40:16,3.03,0.9774,5,2.99,0.9645,5,3.02,0.9741,1,3.01,0.9709,243,0
SPY190807C287,2019-08-05,2019-08-05 09:40:16,3.03,0.9774,45,2.99,0.9645,5,3.02,0.9741,1,3.01,0.9709,243,0
SPY190807C287,2019-08-05,2019-08-05 09:40:17,3.01,0.9709,44,2.97,0.958,100,3.02,0.9741,1,2.99,0.9645,243,0
SPY190807C287,2019-08-05,2019-08-05 09:40:17,3.02,0.9741,44,2.99,0.9645,5,3.02,0.9741,1,3.005,0.9693,243,0
SPY190807C287,2019-08-05,2019-08-05 09:40:18,2.99,0.9645,44,2.95,0.9516,471,3.02,0.9741,1,2.97,0.958,243,0
SPY190807C287,2019-08-05,2019-08-05 09:40:18,3.01,0.9709,60,2.96,0.9548,198,3.02,0.9741,1,2.985,0.9629,243,0
SPY190807C287,2019-08-05,2019-08-05 09:40:19,2.99,0.9645,44,2.95,0.9516,372,3.02,0.9741,1,2.97,0.958,243,0
SPY190807C287,2019-08-05,2019-08-05 09:40:19,2.99,0.9645,44,2.96,0.9548,5,3.02,0.9741,1,2.975,0.9596,243,0
SPY190807C287,2019-08-05,2019-08-05 09:40:20,2.99,0.9645,44,2.95,0.9516,100,3.02,0.9741,1,2.97,0.958,243,0
SPY190807C287,2019-08-05,2019-08-05 09:40:20,2.99,0.9645,58,2.96,0.9548,5,3.02,0.9741,1,2.975,0.9596,243,0
SPY190807C287,2019-08-05,2019-08-05 09:40:21,2.98,0.9612,44,2.95,0.9516,5,3.02,0.9741,1,2.965,0.9564,243,0
SPY190807C287,2019-08-05,2019-08-05 09:40:22,2.98,0.9612,62,2.95,0.9516,5,3.02,0.9741,1,2.965,0.9564,243,0
SPY190807C287,2019-08-05,2019-08-05 09:40:22,2.97,0.958,16,2.93,0.9451,5,3.02,0.9741,1,2.95,0.9516,243,0
SPY190807C287,2019-08-05,2019-08-05 09:40:23,2.98,0.9612,5,2.93,0.9451,5,3.02,0.9741,1,2.955,0.9532,243,0
SPY190807C287,2019-08-05,2019-08-05 09:40:24,2.98,0.9612,62,2.94,0.9483,100,3.02,0.9741,1,2.96,0.9548,243,0
SPY190807C287,2019-08-05,2019-08-05 09:40:24,2.98,0.9612,62,2.94,0.9483,5,3.02,0.9741,1,2.96,0.9548,243,0
SPY190807C287,2019-08-05,2019-08-05 09:40:25,2.96,0.9548,21,2.93,0.9451,5,3.02,0.9741,1,2.945,0.95,243,0
SPY190807C287,2019-08-05,2019-08-05 09:40:26,2.96,0.9548,76,2.92,0.9419,104,2.94,0.9483,10,2.94,0.9483,253,10
SPY190807C287,2019-08-05,2019-08-05 09:40:26,2.96,0.9548,76,2.93,0.9451,5,3.02,0.9741,1,2.945,0.95,243,0
SPY190807C287,2019-08-05,2019-08-05 09:40:27,2.94,0.9483,22,2.91,0.9387,104,2.94,0.9483,10,2.925,0.9435,253,0
SPY190807C287,2019-08-05,2019-08-05 09:40:27,2.94,0.9483,21,2.9,0.9354,44,2.94,0.9483,10,2.92,0.9419,253,0
SPY190807C287,2019-08-05,2019-08-05 09:40:28,2.93,0.9451,21,2.9,0.9354,104,2.94,0.9483,10,2.915,0.9403,253,0
SPY190807C287,2019-08-05,2019-08-05 09:40:28,2.94,0.9483,50,2.9,0.9354,100,2.94,0.9483,10,2.92,0.9419,253,0
SPY190807C287,2019-08-05,2019-08-05 09:40:29,2.93,0.9451,21,2.89,0.9322,366,2.94,0.9483,10,2.91,0.9387,253,0
SPY190807C287,2019-08-05,2019-08-05 09:40:29,2.95,0.9516,5,2.9,0.9354,5,2.94,0.9483,10,2.925,0.9435,253,0
SPY190807C287,2019-08-05,2019-08-05 09:40:30,2.93,0.9451,21,2.9,0.9354,5,2.94,0.9483,10,2.915,0.9403,253,0
SPY190807C287,2019-08-05,2019-08-05 09:40:31,2.93,0.9451,10,2.9,0.9354,5,2.94,0.9483,10,2.915,0.9403,253,0
SPY190807C287,2019-08-05,2019-08-05 09:40:31,2.93,0.9451,71,2.89,0.9322,5,2.94,0.9483,10,2.91,0.9387,253,0
SPY190807C287,2019-08-05,2019-08-05 09:40:32,2.92,0.9419,21,2.89,0.9322,5,2.94,0.9483,10,2.905,0.937,253,0
SPY190807C287,2019-08-05,2019-08-05 09:40:32,2.93,0.9451,71,2.88,0.929,115,2.94,0.9483,10,2.905,0.937,253,0
SPY190807C287,2019-08-05,2019-08-05 09:40:33,2.91,0.9387,5,2.88,0.929,5,2.94,0.9483,10,2.895,0.9338,253,0
SPY190807C287,2019-08-05,2019-08-05 09:40:33,2.92,0.9419,108,2.88,0.929,104,2.94,0.9483,10,2.9,0.9354,253,0
SPY190807C287,2019-08-05,2019-08-05 09:40:34,2.91,0.9387,5,2.86,0.9225,100,2.94,0.9483,10,2.885,0.9306,253,0
SPY190807C287,2019-08-05,2019-08-05 09:40:34,2.9,0.9354,61,2.86,0.9225,104,2.94,0.9483,10,2.88,0.929,253,0
SPY190807C287,2019-08-05,2019-08-05 09:40:35,2.9,0.9354,61,2.86,0.9225,5,2.94,0.9483,10,2.88,0.929,253,0
SPY190807C287,2019-08-05,2019-08-05 09:40:35,2.9,0.9354,44,2.86,0.9225,5,2.94,0.9483,10,2.88,0.929,253,0
SPY190807C287,2019-08-05,2019-08-05 09:40:36,2.9,0.9354,44,2.86,0.9225,5,2.94,0.9483,10,2.88,0.929,253,0
SPY190807C287,2019-08-05,2019-08-05 09:40:36,2.9,0.9354,97,2.86,0.9225,5,2.94,0.9483,10,2.88,0.929,253,0
SPY190807C287,2019-08-05,2019-08-05 09:40:37,2.91,0.9387,11,2.87,0.9258,486,2.94,0.9483,10,2.89,0.9322,253,0
SPY190807C287,2019-08-05,2019-08-05 09:40:37,2.93,0.9451,27,2.87,0.9258,100,2.94,0.9483,10,2.9,0.9354,253,0
SPY190807C287,2019-08-05,2019-08-05 09:40:38,2.92,0.9419,110,2.88,0.929,100,2.94,0.9483,10,2.9,0.9354,253,0
SPY190807C287,2019-08-05,2019-08-05 09:40:38,2.95,0.9516,26,2.89,0.9322,13,2.94,0.9483,10,2.92,0.9419,253,0
SPY190807C287,2019-08-05,2019-08-05 09:40:39,2.96,0.9548,29,2.91,0.9387,360,2.94,0.9483,10,2.935,0.9467,253,0
SPY190807C287,2019-08-05,2019-08-05 09:40:39,2.93,0.9451,59,2.89,0.9322,5,2.94,0.9483,10,2.91,0.9387,253,0
SPY190807C287,2019-08-05,2019-08-05 09:40:40,2.96,0.9548,29,2.91,0.9387,360,2.94,0.9483,10,2.935,0.9467,253,0
SPY190807C287,2019-08-05,2019-08-05 09:40:40,2.95,0.9516,21,2.92,0.9419,100,2.94,0.9483,10,2.935,0.9467,253,0
SPY190807C287,2019-08-05,2019-08-05 09:40:41,2.95,0.9516,21,2.92,0.9419,364,2.94,0.9483,10,2.935,0.9467,253,0
SPY190807C287,2019-08-05,2019-08-05 09:40:41,2.96,0.9548,119,2.92,0.9419,5,2.94,0.9483,10,2.94,0.9483,253,0
SPY190807C287,2019-08-05,2019-08-05 09:40:42,2.94,0.9483,21,2.92,0.9419,469,2.94,0.9483,10,2.93,0.9451,253,0
SPY190807C287,2019-08-05,2019-08-05 09:40:42,2.94,0.9483,21,2.92,0.9419,5,2.94,0.9483,10,2.93,0.9451,253,0
SPY190807C287,2019-08-05,2019-08-05 09:40:43,2.94,0.9483,21,2.92,0.9419,5,2.94,0.9483,10,2.93,0.9451,253,0
SPY190807C287,2019-08-05,2019-08-05 09:40:43,2.94,0.9483,21,2.93,0.9451,100,2.94,0.9483,10,2.935,0.9467,253,0
SPY190807C287,2019-08-05,2019-08-05 09:40:44,2.94,0.9483,21,2.92,0.9419,5,2.94,0.9483,10,2.93,0.9451,253,0
SPY190807C287,2019-08-05,2019-08-05 09:40:45,2.94,0.9483,21,2.92,0.9419,5,2.94,0.9483,10,2.93,0.9451,253,0
SPY190807C287,2019-08-05,2019-08-05 09:40:45,2.94,0.9483,21,2.92,0.9419,70,2.94,0.9483,10,2.93,0.9451,253,0
SPY190807C287,2019-08-05,2019-08-05 09:40:46,2.94,0.9483,21,2.92,0.9419,5,2.94,0.9483,10,2.93,0.9451,253,0
SPY190807C287,2019-08-05,2019-08-05 09:40:47,2.94,0.9483,1,2.92,0.9419,5,2.94,0.9483,10,2.93,0.9451,253,0
SPY190807C287,2019-08-05,2019-08-05 09:40:47,2.94,0.9483,21,2.91,0.9387,360,2.94,0.9483,10,2.925,0.9435,253,0
SPY190807C287,2019-08-05,2019-08-05 09:40:48,2.96,0.9548,21,2.93,0.9451,5,2.94,0.9483,1,2.945,0.95,254,0
SPY190807C287,2019-08-05,2019-08-05 09:40:48,2.97,0.958,121,2.92,0.9419,115,2.94,0.9483,1,2.945,0.95,254,1
SPY190807C287,2019-08-05,2019-08-05 09:40:49,2.98,0.9612,66,2.93,0.9451,467,2.94,0.9483,1,2.955,0.9532,254,0
SPY190807C287,2019-08-05,2019-08-05 09:40:49,2.99,0.9645,44,2.94,0.9483,29,2.94,0.9483,1,2.965,0.9564,254,0
SPY190807C287,2019-08-05,2019-08-05 09:40:50,2.99,0.9645,21,2.95,0.9516,455,2.94,0.9483,1,2.97,0.958,254,0
SPY190807C287,2019-08-05,2019-08-05 09:40:50,2.99,0.9645,133,2.95,0.9516,79,2.94,0.9483,1,2.97,0.958,254,0
SPY190807C287,2019-08-05,2019-08-05 09:40:51,2.98,0.9612,118,2.94,0.9483,90,2.94,0.9483,1,2.96,0.9548,254,0
SPY190807C287,2019-08-05,2019-08-05 09:40:51,2.98,0.9612,118,2.94,0.9483,5,2.94,0.9483,1,2.96,0.9548,254,0
SPY190807C287,2019-08-05,2019-08-05 09:40:52,2.98,0.9612,21,2.95,0.9516,5,2.94,0.9483,1,2.965,0.9564,254,0
SPY190807C287,2019-08-05,2019-08-05 09:40:52,2.98,0.9612,125,2.95,0.9516,5,2.94,0.9483,1,2.965,0.9564,254,0
SPY190807C287,2019-08-05,2019-08-05 09:40:53,3.0,0.9677,28,2.94,0.9483,100,2.94,0.9483,1,2.97,0.958,254,0
SPY190807C287,2019-08-05,2019-08-05 09:40:53,2.98,0.9612,59,2.95,0.9516,360,2.94,0.9483,1,2.965,0.9564,254,0
SPY190807C287,2019-08-05,2019-08-05 09:40:54,2.99,0.9645,18,2.95,0.9516,464,2.94,0.9483,1,2.97,0.958,254,0
SPY190807C287,2019-08-05,2019-08-05 09:40:54,3.0,0.9677,21,2.95,0.9516,464,2.94,0.9483,1,2.975,0.9596,254,0
SPY190807C287,2019-08-05,2019-08-05 09:40:55,3.01,0.9709,44,2.94,0.9483,44,2.94,0.9483,1,2.975,0.9596,254,0
SPY190807C287,2019-08-05,2019-08-05 09:40:55,2.98,0.9612,124,2.93,0.9451,104,2.94,0.9483,1,2.955,0.9532,254,0
SPY190807C287,2019-08-05,2019-08-05 09:40:56,2.96,0.9548,78,2.93,0.9451,43,2.94,0.9483,1,2.945,0.95,254,0
SPY190807C287,2019-08-05,2019-08-05 09:40:57,2.95,0.9516,11,2.92,0.9419,146,2.94,0.9483,1,2.935,0.9467,254,0
SPY190807C287,2019-08-05,2019-08-05 09:40:57,2.95,0.9516,21,2.92,0.9419,104,2.94,0.9483,1,2.935,0.9467,254,0
SPY190807C287,2019-08-05,2019-08-05 09:40:58,2.97,0.958,208,2.92,0.9419,146,2.94,0.9483,1,2.945,0.95,254,0
SPY190807C287,2019-08-05,2019-08-05 09:40:59,2.98,0.9612,44,2.93,0.9451,365,2.94,0.9483,1,2.955,0.9532,254,0
SPY190807C287,2019-08-05,2019-08-05 09:40:59,2.98,0.9612,85,2.94,0.9483,100,2.94,0.9483,1,2.96,0.9548,254,0
SPY190807C287,2019-08-05,2019-08-05 09:41:00,2.99,0.9645,41,2.95,0.9516,5,2.95,0.9516,10,2.97,0.958,264,0
SPY190807C287,2019-08-05,2019-08-05 09:41:00,2.99,0.9645,44,2.95,0.9516,1,2.95,0.9516,10,2.97,0.958,264,10
SPY190807C287,2019-08-05,2019-08-05 09:41:01,2.98,0.9612,20,2.95,0.9516,5,2.95,0.9516,10,2.965,0.9564,264,0
SPY190807C287,2019-08-05,2019-08-05 09:41:01,2.97,0.958,21,2.95,0.9516,5,2.95,0.9516,10,2.96,0.9548,264,0
SPY190807C287,2019-08-05,2019-08-05 09:41:02,2.97,0.958,21,2.94,0.9483,459,2.95,0.9516,10,2.955,0.9532,264,0
SPY190807C287,2019-08-05,2019-08-05 09:41:03,2.96,0.9548,104,2.93,0.9451,5,2.95,0.9516,10,2.945,0.95,264,0
SPY190807C287,2019-08-05,2019-08-05 09:41:03,2.97,0.958,21,2.94,0.9483,135,2.95,0.9516,10,2.955,0.9532,264,0
SPY190807C287,2019-08-05,2019-08-05 09:41:04,2.97,0.958,5,2.93,0.9451,459,2.95,0.9516,10,2.95,0.9516,264,0
SPY190807C287,2019-08-05,2019-08-05 09:41:04,2.98,0.9612,75,2.94,0.9483,360,2.95,0.9516,10,2.96,0.9548,264,0
SPY190807C287,2019-08-05,2019-08-05 09:41:05,2.98,0.9612,75,2.94,0.9483,238,2.95,0.9516,10,2.96,0.9548,264,0
SPY190807C287,2019-08-05,2019-08-05 09:41:05,2.97,0.958,62,2.94,0.9483,34,2.95,0.9516,10,2.955,0.9532,264,0
SPY190807C287,2019-08-05,2019-08-05 09:41:06,2.97,0.958,83,2.94,0.9483,34,2.95,0.9516,10,2.955,0.9532,264,0
SPY190807C287,2019-08-05,2019-08-05 09:41:06,2.98,0.9612,121,2.94,0.9483,34,2.95,0.9516,10,2.96,0.9548,264,0
SPY190807C287,2019-08-05,2019-08-05 09:41:07,2.98,0.9612,121,2.94,0.9483,100,2.95,0.9516,10,2.96,0.9548,264,0
SPY190807C287,2019-08-05,2019-08-05 09:41:07,2.98,0.9612,44,2.94,0.9483,5,2.95,0.9516,10,2.96,0.9548,264,0
SPY190807C287,2019-08-05,2019-08-05 09:41:08,2.97,0.958,102,2.94,0.9483,5,2.95,0.9516,10,2.955,0.9532,264,0
SPY190807C287,2019-08-05,2019-08-05 09:41:08,2.97,0.958,97,2.94,0.9483,5,2.95,0.9516,10,2.955,0.9532,264,0
SPY190807C287,2019-08-05,2019-08-05 09:41:09,3.0,0.9677,116,2.96,0.9548,5,2.95,0.9516,10,2.98,0.9612,264,0
SPY190807C287,2019-08-05,2019-08-05 09:41:09,3.01,0.9709,79,2.95,0.9516,464,2.95,0.9516,10,2.98,0.9612,264,0
SPY190807C287,2019-08-05,2019-08-05 09:41:10,2.99,0.9645,20,2.94,0.9483,5,2.96,0.9548,28,2.965,0.9564,292,28
SPY190807C287,2019-08-05,2019-08-05 09:41:11,2.98,0.9612,78,2.94,0.9483,90,2.96,0.9548,28,2.96,0.9548,292,0
SPY190807C287,2019-08-05,2019-08-05 09:41:11,2.98,0.9612,78,2.94,0.9483,5,2.96,0.9548,28,2.96,0.9548,292,0
SPY190807C287,2019-08-05,2019-08-05 09:41:12,3.0,0.9677,173,2.95,0.9516,305,2.96,0.9548,28,2.975,0.9596,292,0
SPY190807C287,2019-08-05,2019-08-05 09:41:12,2.98,0.9612,20,2.94,0.9483,5,2.96,0.9548,28,2.96,0.9548,292,0
SPY190807C287,2019-08-05,2019-08-05 09:41:13,3.0,0.9677,44,2.94,0.9483,44,2.96,0.9548,28,2.97,0.958,292,0
SPY190807C287,2019-08-05,2019-08-05 09:41:14,2.98,0.9612,124,2.94,0.9483,5,2.96,0.9548,28,2.96,0.9548,292,0
SPY190807C287,2019-08-05,2019-08-05 09:41:14,2.98,0.9612,103,2.93,0.9451,148,2.96,0.9548,28,2.955,0.9532,292,0
SPY190807C287,2019-08-05,2019-08-05 09:41:15,2.98,0.9612,115,2.94,0.9483,100,2.96,0.9548,28,2.96,0.9548,292,0
SPY190807C287,2019-08-05,2019-08-05 09:41:15,2.98,0.9612,115,2.94,0.9483,276,2.96,0.9548,28,2.96,0.9548,292,0
SPY190807C287,2019-08-05,2019-08-05 09:41:16,2.98,0.9612,115,2.94,0.9483,71,2.96,0.9548,28,2.96,0.9548,292,0
SPY190807C287,2019-08-05,2019-08-05 09:41:16,2.98,0.9612,50,2.95,0.9516,5,2.96,0.9548,28,2.965,0.9564,292,0
SPY190807C287,2019-08-05,2019-08-05 09:41:17,2.98,0.9612,51,2.94,0.9483,109,2.96,0.9548,28,2.96,0.9548,292,0
SPY190807C287,2019-08-05,2019-08-05 09:41:17,2.98,0.9612,50,2.95,0.9516,5,2.96,0.9548,28,2.965,0.9564,292,0
SPY190807C287,2019-08-05,2019-08-05 09:41:18,2.98,0.9612,61,2.95,0.9516,5,2.95,0.9516,1,2.965,0.9564,298,6
SPY190807C287,2019-08-05,2019-08-05 09:41:19,2.95,0.9516,21,2.91,0.9387,5,2.95,0.9516,1,2.93,0.9451,298,0
SPY190807C287,2019-08-05,2019-08-05 09:41:19,2.96,0.9548,124,2.91,0.9387,119,2.95,0.9516,1,2.935,0.9467,298,0
SPY190807C287,2019-08-05,2019-08-05 09:41:20,2.95,0.9516,21,2.91,0.9387,5,2.95,0.9516,1,2.93,0.9451,298,0
SPY190807C287,2019-08-05,2019-08-05 09:41:20,2.95,0.9516,61,2.91,0.9387,203,2.95,0.9516,1,2.93,0.9451,298,0
SPY190807C287,2019-08-05,2019-08-05 09:41:21,2.95,0.9516,61,2.92,0.9419,5,2.95,0.9516,1,2.935,0.9467,298,0
SPY190807C287,2019-08-05,2019-08-05 09:41:22,2.97,0.958,44,2.92,0.9419,32,2.95,0.9516,1,2.945,0.95,298,0
SPY190807C287,2019-08-05,2019-08-05 09:41:22,2.97,0.958,44,2.93,0.9451,10,2.95,0.9516,1,2.95,0.9516,298,0
SPY190807C287,2019-08-05,2019-08-05 09:41:23,2.96,0.9548,21,2.93,0.9451,25,2.95,0.9516,1,2.945,0.95,298,0
SPY190807C287,2019-08-05,2019-08-05 09:41:23,2.97,0.958,121,2.93,0.9451,5,2.95,0.9516,1,2.95,0.9516,298,0
SPY190807C287,2019-08-05,2019-08-05 09:41:24,2.96,0.9548,21,2.93,0.9451,92,2.95,0.9516,1,2.945,0.95,298,0
SPY190807C287,2019-08-05,2019-08-05 09:41:24,2.97,0.958,42,2.93,0.9451,92,2.95,0.9516,1,2.95,0.9516,298,0
SPY190807C287,2019-08-05,2019-08-05 09:41:25,2.97,0.958,55,2.93,0.9451,152,2.95,0.9516,1,2.95,0.9516,298,0
SPY190807C287,2019-08-05,2019-08-05 09:41:26,2.98,0.9612,125,2.94,0.9483,114,2.95,0.9516,1,2.96,0.9548,298,0
SPY190807C287,2019-08-05,2019-08-05 09:41:26,2.97,0.958,43,2.93,0.9451,288,2.95,0.9516,1,2.95,0.9516,298,0
SPY190807C287,2019-08-05,2019-08-05 09:41:27,2.98,0.9612,155,2.94,0.9483,360,2.95,0.9516,1,2.96,0.9548,298,0
SPY190807C287,2019-08-05,2019-08-05 09:41:27,2.99,0.9645,78,2.95,0.9516,180,2.95,0.9516,1,2.97,0.958,298,0
SPY190807C287,2019-08-05,2019-08-05 09:41:28,2.99,0.9645,78,2.95,0.9516,225,2.95,0.9516,1,2.97,0.958,298,0
SPY190807C287,2019-08-05,2019-08-05 09:41:28,2.98,0.9612,21,2.95,0.9516,225,2.95,0.9516,1,2.965,0.9564,298,0
SPY190807C287,2019-08-05,2019-08-05 09:41:29,2.98,0.9612,11,2.95,0.9516,160,2.95,0.9516,1,2.965,0.9564,298,0
SPY190807C287,2019-08-05,2019-08-05 09:41:29,3.02,0.9741,44,2.96,0.9548,204,2.95,0.9516,1,2.99,0.9645,298,0
SPY190807C287,2019-08-05,2019-08-05 09:41:30,2.99,0.9645,21,2.97,0.958,1,2.97,0.958,1,2.98,0.9612,300,2
SPY190807C287,2019-08-05,2019-08-05 09:41:30,3.02,0.9741,44,2.97,0.958,399,2.97,0.958,1,2.995,0.9661,301,1
SPY190807C287,2019-08-05,2019-08-05 09:41:31,3.01,0.9709,44,2.96,0.9548,25,2.97,0.958,1,2.985,0.9629,301,0
SPY190807C287,2019-08-05,2019-08-05 09:41:31,3.01,0.9709,69,2.97,0.958,324,2.97,0.958,1,2.99,0.9645,301,0
SPY190807C287,2019-08-05,2019-08-05 09:41:32,3.0,0.9677,69,2.96,0.9548,255,2.97,0.958,1,2.98,0.9612,301,0
SPY190807C287,2019-08-05,2019-08-05 09:41:32,3.0,0.9677,69,2.96,0.9548,203,2.97,0.958,1,2.98,0.9612,301,0
SPY190807C287,2019-08-05,2019-08-05 09:41:33,3.0,0.9677,69,2.97,0.958,307,2.97,0.958,1,2.985,0.9629,301,0
SPY190807C287,2019-08-05,2019-08-05 09:41:33,3.0,0.9677,69,2.98,0.9612,75,2.97,0.958,1,2.99,0.9645,301,0
SPY190807C287,2019-08-05,2019-08-05 09:41:34,3.02,0.9741,21,2.98,0.9612,75,2.97,0.958,1,3.0,0.9677,301,0
SPY190807C287,2019-08-05,2019-08-05 09:41:34,3.01,0.9709,108,2.97,0.958,100,2.97,0.958,1,2.99,0.9645,301,0
SPY190807C287,2019-08-05,2019-08-05 09:41:35,3.01,0.9709,55,2.98,0.9612,5,2.97,0.958,1,2.995,0.9661,301,0
SPY190807C287,2019-08-05,2019-08-05 09:41:35,3.02,0.9741,50,2.96,0.9548,44,2.97,0.958,1,2.99,0.9645,301,0
SPY190807C287,2019-08-05,2019-08-05 09:41:36,3.0,0.9677,21,2.96,0.9548,104,2.97,0.958,1,2.98,0.9612,301,0
SPY190807C287,2019-08-05,2019-08-05 09:41:36,2.98,0.9612,90,2.95,0.9516,44,2.97,0.958,1,2.965,0.9564,301,0
SPY190807C287,2019-08-05,2019-08-05 09:41:37,2.99,0.9645,59,2.95,0.9516,254,2.97,0.958,1,2.97,0.958,301,0
SPY190807C287,2019-08-05,2019-08-05 09:41:37,2.99,0.9645,59,2.95,0.9516,196,2.97,0.958,1,2.97,0.958,301,0
SPY190807C287,2019-08-05,2019-08-05 09:41:38,2.98,0.9612,84,2.95,0.9516,31,2.97,0.958,1,2.965,0.9564,301,0
SPY190807C287,2019-08-05,2019-08-05 09:41:39,2.97,0.958,19,2.94,0.9483,5,2.97,0.958,1,2.955,0.9532,301,0
SPY190807C287,2019-08-05,2019-08-05 09:41:39,3.0,0.9677,117,2.94,0.9483,126,2.96,0.9548,1,2.97,0.958,302,1
SPY190807C287,2019-08-05,2019-08-05 09:41:40,2.98,0.9612,19,2.94,0.9483,10,2.96,0.9548,1,2.96,0.9548,302,0
SPY190807C287,2019-08-05,2019-08-05 09:41:41,2.98,0.9612,21,2.94,0.9483,187,2.96,0.9548,1,2.96,0.9548,302,0
SPY190807C287,2019-08-05,2019-08-05 09:41:41,2.99,0.9645,121,2.95,0.9516,5,2.96,0.9548,1,2.97,0.958,302,0
SPY190807C287,2019-08-05,2019-08-05 09:41:42,2.99,0.9645,139,2.95,0.9516,5,2.96,0.9548,1,2.97,0.958,302,0
SPY190807C287,2019-08-05,2019-08-05 09:41:42,2.98,0.9612,21,2.94,0.9483,159,2.96,0.9548,1,2.96,0.9548,302,0
SPY190807C287,2019-08-05,2019-08-05 09:41:43,2.97,0.958,41,2.94,0.9483,100,2.96,0.9548,1,2.955,0.9532,302,0
SPY190807C287,2019-08-05,2019-08-05 09:41:43,2.98,0.9612,210,2.94,0.9483,81,2.96,0.9548,1,2.96,0.9548,302,0
SPY190807C287,2019-08-05,2019-08-05 09:41:44,2.98,0.9612,178,2.94,0.9483,84,2.96,0.9548,1,2.96,0.9548,302,0
SPY190807C287,2019-08-05,2019-08-05 09:41:44,2.98,0.9612,178,2.94,0.9483,81,2.96,0.9548,1,2.96,0.9548,302,0
SPY190807C287,2019-08-05,2019-08-05 09:41:45,2.96,0.9548,65,2.93,0.9451,49,2.96,0.9548,1,2.945,0.95,302,0
SPY190807C287,2019-08-05,2019-08-05 09:41:45,2.98,0.9612,178,2.94,0.9483,84,2.96,0.9548,1,2.96,0.9548,302,0
SPY190807C287,2019-08-05,2019-08-05 09:41:46,2.96,0.9548,65,2.93,0.9451,5,2.96,0.9548,1,2.945,0.95,302,0
SPY190807C287,2019-08-05,2019-08-05 09:41:46,2.97,0.958,44,2.91,0.9387,7,2.96,0.9548,1,2.94,0.9483,302,0
SPY190807C287,2019-08-05,2019-08-05 09:41:47,2.95,0.9516,44,2.92,0.9419,5,2.96,0.9548,1,2.935,0.9467,302,0
SPY190807C287,2019-08-05,2019-08-05 09:41:48,2.95,0.9516,36,2.91,0.9387,5,2.96,0.9548,1,2.93,0.9451,302,0
SPY190807C287,2019-08-05,2019-08-05 09:41:49,2.95,0.9516,84,2.91,0.9387,5,2.96,0.9548,1,2.93,0.9451,302,0
SPY190807C287,2019-08-05,2019-08-05 09:41:49,2.93,0.9451,21,2.91,0.9387,5,2.96,0.9548,1,2.92,0.9419,302,0
SPY190807C287,2019-08-05,2019-08-05 09:41:50,2.91,0.9387,21,2.88,0.929,5,2.96,0.9548,1,2.895,0.9338,302,0
SPY190807C287,2019-08-05,2019-08-05 09:41:50,2.92,0.9419,21,2.9,0.9354,100,2.96,0.9548,1,2.91,0.9387,302,0
SPY190807C287,2019-08-05,2019-08-05 09:41:51,2.9,0.9354,21,2.88,0.929,157,2.96,0.9548,1,2.89,0.9322,302,0
SPY190807C287,2019-08-05,2019-08-05 09:41:51,2.92,0.9419,102,2.88,0.929,87,2.96,0.9548,1,2.9,0.9354,302,0
SPY190807C287,2019-08-05,2019-08-05 09:41:52,2.9,0.9354,21,2.87,0.9258,35,2.96,0.9548,1,2.885,0.9306,302,0
SPY190807C287,2019-08-05,2019-08-05 09:41:52,2.9,0.9354,21,2.84,0.9161,434,2.96,0.9548,1,2.87,0.9258,302,0
SPY190807C287,2019-08-05,2019-08-05 09:41:53,2.88,0.929,5,2.84,0.9161,463,2.96,0.9548,1,2.86,0.9225,302,0
SPY190807C287,2019-08-05,2019-08-05 09:41:53,2.87,0.9258,21,2.84,0.9161,103,2.96,0.9548,1,2.855,0.9209,302,0
SPY190807C287,2019-08-05,2019-08-05 09:41:54,2.87,0.9258,21,2.84,0.9161,467,2.96,0.9548,1,2.855,0.9209,302,0
SPY190807C287,2019-08-05,2019-08-05 09:41:54,2.87,0.9258,21,2.84,0.9161,107,2.96,0.9548,1,2.855,0.9209,302,0
SPY190807C287,2019-08-05,2019-08-05 09:41:55,2.87,0.9258,21,2.84,0.9161,467,2.96,0.9548,1,2.855,0.9209,302,0
SPY190807C287,2019-08-05,2019-08-05 09:41:55,2.9,0.9354,44,2.85,0.9193,44,2.96,0.9548,1,2.875,0.9274,302,0
SPY190807C287,2019-08-05,2019-08-05 09:41:56,2.88,0.929,91,2.84,0.9161,467,2.87,0.9258,1,2.86,0.9225,303,1
SPY190807C287,2019-08-05,2019-08-05 09:41:56,2.88,0.929,91,2.85,0.9193,1,2.87,0.9258,1,2.865,0.9241,303,0
SPY190807C287,2019-08-05,2019-08-05 09:41:57,2.89,0.9322,42,2.86,0.9225,5,2.87,0.9258,1,2.875,0.9274,303,0
SPY190807C287,2019-08-05,2019-08-05 09:41:57,2.89,0.9322,21,2.84,0.9161,480,2.87,0.9258,1,2.865,0.9241,303,0
SPY190807C287,2019-08-05,2019-08-05 09:41:58,2.89,0.9322,75,2.86,0.9225,5,2.87,0.9258,1,2.875,0.9274,303,0
SPY190807C287,2019-08-05,2019-08-05 09:41:58,2.89,0.9322,75,2.86,0.9225,100,2.87,0.9258,1,2.875,0.9274,303,0
SPY190807C287,2019-08-05,2019-08-05 09:41:59,2.89,0.9322,75,2.86,0.9225,13,2.87,0.9258,1,2.875,0.9274,303,0
SPY190807C287,2019-08-05,2019-08-05 09:41:59,2.89,0.9322,75,2.85,0.9193,480,2.87,0.9258,1,2.87,0.9258,303,0
SPY190807C287,2019-08-05,2019-08-05 09:42:00,2.89,0.9322,75,2.85,0.9193,480,2.87,0.9258,1,2.87,0.9258,303,0
SPY190807C287,2019-08-05,2019-08-05 09:42:00,2.89,0.9322,75,2.85,0.9193,107,2.87,0.9258,1,2.87,0.9258,303,0
SPY190807C287,2019-08-05,2019-08-05 09:42:01,2.89,0.9322,75,2.85,0.9193,107,2.87,0.9258,1,2.87,0.9258,303,0
SPY190807C287,2019-08-05,2019-08-05 09:42:01,2.88,0.929,38,2.85,0.9193,120,2.87,0.9258,1,2.865,0.9241,303,0
SPY190807C287,2019-08-05,2019-08-05 09:42:02,2.87,0.9258,21,2.85,0.9193,100,2.87,0.9258,1,2.86,0.9225,303,0
SPY190807C287,2019-08-05,2019-08-05 09:42:02,2.87,0.9258,21,2.85,0.9193,56,2.87,0.9258,1,2.86,0.9225,303,0
SPY190807C287,2019-08-05,2019-08-05 09:42:03,2.87,0.9258,21,2.85,0.9193,56,2.87,0.9258,1,2.86,0.9225,303,0
SPY190807C287,2019-08-05,2019-08-05 09:42:03,2.87,0.9258,21,2.85,0.9193,55,2.87,0.9258,1,2.86,0.9225,303,0
SPY190807C287,2019-08-05,2019-08-05 09:42:04,2.89,0.9322,210,2.84,0.9161,467,2.87,0.9258,1,2.865,0.9241,303,0
SPY190807C287,2019-08-05,2019-08-05 09:42:04,2.9,0.9354,5,2.85,0.9193,5,2.87,0.9258,1,2.875,0.9274,303,0
SPY190807C287,2019-08-05,2019-08-05 09:42:05,2.89,0.9322,71,2.84,0.9161,8,2.87,0.9258,1,2.865,0.9241,303,0
SPY190807C287,2019-08-05,2019-08-05 09:42:06,2.88,0.929,308,2.83,0.9129,198,2.87,0.9258,1,2.855,0.9209,303,0
SPY190807C287,2019-08-05,2019-08-05 09:42:06,2.86,0.9225,21,2.83,0.9129,107,2.87,0.9258,1,2.845,0.9177,303,0
SPY190807C287,2019-08-05,2019-08-05 09:42:07,2.86,0.9225,21,2.83,0.9129,142,2.87,0.9258,1,2.845,0.9177,303,0
SPY190807C287,2019-08-05,2019-08-05 09:42:07,2.86,0.9225,21,2.83,0.9129,44,2.87,0.9258,1,2.845,0.9177,303,0
SPY190807C287,2019-08-05,2019-08-05 09:42:08,2.86,0.9225,21,2.83,0.9129,142,2.87,0.9258,1,2.845,0.9177,303,0
SPY190807C287,2019-08-05,2019-08-05 09:42:08,2.86,0.9225,21,2.84,0.9161,5,2.87,0.9258,1,2.85,0.9193,303,0
SPY190807C287,2019-08-05,2019-08-05 09:42:09,2.86,0.9225,21,2.84,0.9161,5,2.87,0.9258,1,2.85,0.9193,303,0
SPY190807C287,2019-08-05,2019-08-05 09:42:09,2.87,0.9258,21,2.85,0.9193,51,2.87,0.9258,1,2.86,0.9225,303,0
SPY190807C287,2019-08-05,2019-08-05 09:42:10,2.87,0.9258,105,2.83,0.9129,172,2.87,0.9258,1,2.85,0.9193,303,0
SPY190807C287,2019-08-05,2019-08-05 09:42:10,2.87,0.9258,21,2.85,0.9193,5,2.87,0.9258,1,2.86,0.9225,303,0
SPY190807C287,2019-08-05,2019-08-05 09:42:11,2.87,0.9258,106,2.83,0.9129,107,2.87,0.9258,1,2.85,0.9193,303,0
SPY190807C287,2019-08-05,2019-08-05 09:42:11,2.87,0.9258,105,2.83,0.9129,162,2.87,0.9258,1,2.85,0.9193,303,0
SPY190807C287,2019-08-05,2019-08-05 09:42:12,2.84,0.9161,71,2.81,0.9064,77,2.87,0.9258,1,2.825,0.9112,303,0
SPY190807C287,2019-08-05,2019-08-05 09:42:12,2.86,0.9225,5,2.81,0.9064,50,2.87,0.9258,1,2.835,0.9145,303,0
SPY190807C287,2019-08-05,2019-08-05 09:42:13,2.84,0.9161,71,2.81,0.9064,370,2.87,0.9258,1,2.825,0.9112,303,0
SPY190807C287,2019-08-05,2019-08-05 09:42:13,2.85,0.9193,117,2.81,0.9064,116,2.87,0.9258,1,2.83,0.9129,303,0
SPY190807C287,2019-08-05,2019-08-05 09:42:14,2.85,0.9193,127,2.81,0.9064,108,2.87,0.9258,1,2.83,0.9129,303,0
SPY190807C287,2019-08-05,2019-08-05 09:42:14,2.84,0.9161,5,2.81,0.9064,111,2.87,0.9258,1,2.825,0.9112,303,0
SPY190807C287,2019-08-05,2019-08-05 09:42:15,2.84,0.9161,5,2.81,0.9064,108,2.87,0.9258,1,2.825,0.9112,303,0
SPY190807C287,2019-08-05,2019-08-05 09:42:16,2.84,0.9161,120,2.8,0.9032,119,2.87,0.9258,1,2.82,0.9096,303,0
SPY190807C287,2019-08-05,2019-08-05 09:42:16,2.83,0.9129,21,2.8,0.9032,119,2.87,0.9258,1,2.815,0.908,303,0
SPY190807C287,2019-08-05,2019-08-05 09:42:17,2.84,0.9161,120,2.81,0.9064,68,2.87,0.9258,1,2.825,0.9112,303,0
SPY190807C287,2019-08-05,2019-08-05 09:42:18,2.84,0.9161,76,2.81,0.9064,123,2.87,0.9258,1,2.825,0.9112,303,0
SPY190807C287,2019-08-05,2019-08-05 09:42:18,2.84,0.9161,48,2.81,0.9064,123,2.87,0.9258,1,2.825,0.9112,303,0
SPY190807C287,2019-08-05,2019-08-05 09:42:19,2.84,0.9161,63,2.81,0.9064,123,2.87,0.9258,1,2.825,0.9112,303,0
SPY190807C287,2019-08-05,2019-08-05 09:42:19,2.84,0.9161,80,2.81,0.9064,42,2.87,0.9258,1,2.825,0.9112,303,0
SPY190807C287,2019-08-05,2019-08-05 09:42:20,2.88,0.929,5,2.83,0.9129,5,2.87,0.9258,1,2.855,0.9209,303,0
SPY190807C287,2019-08-05,2019-08-05 09:42:20,2.84,0.9161,59,2.81,0.9064,42,2.87,0.9258,1,2.825,0.9112,303,0
SPY190807C287,2019-08-05,2019-08-05 09:42:21,2.86,0.9225,5,2.82,0.9096,110,2.87,0.9258,1,2.84,0.9161,303,0
SPY190807C287,2019-08-05,2019-08-05 09:42:21,2.89,0.9322,5,2.84,0.9161,35,2.87,0.9258,1,2.865,0.9241,303,0
SPY190807C287,2019-08-05,2019-08-05 09:42:22,2.88,0.929,121,2.84,0.9161,23,2.87,0.9258,1,2.86,0.9225,303,0
SPY190807C287,2019-08-05,2019-08-05 09:42:22,2.88,0.929,121,2.83,0.9129,71,2.87,0.9258,1,2.855,0.9209,303,0
SPY190807C287,2019-08-05,2019-08-05 09:42:23,2.9,0.9354,147,2.84,0.9161,44,2.87,0.9258,1,2.87,0.9258,303,0
SPY190807C287,2019-08-05,2019-08-05 09:42:23,2.87,0.9258,5,2.83,0.9129,26,2.87,0.9258,1,2.85,0.9193,303,0
SPY190807C287,2019-08-05,2019-08-05 09:42:24,2.9,0.9354,124,2.85,0.9193,23,2.87,0.9258,1,2.875,0.9274,303,0
SPY190807C287,2019-08-05,2019-08-05 09:42:24,2.89,0.9322,118,2.85,0.9193,116,2.87,0.9258,1,2.87,0.9258,303,0
SPY190807C287,2019-08-05,2019-08-05 09:42:25,2.89,0.9322,107,2.85,0.9193,150,2.87,0.9258,1,2.87,0.9258,303,0
SPY190807C287,2019-08-05,2019-08-05 09:42:25,2.89,0.9322,120,2.85,0.9193,92,2.87,0.9258,1,2.87,0.9258,303,0
SPY190807C287,2019-08-05,2019-08-05 09:42:26,2.88,0.929,10,2.86,0.9225,36,2.87,0.9258,1,2.87,0.9258,303,0
SPY190807C287,2019-08-05,2019-08-05 09:42:26,2.88,0.929,10,2.85,0.9193,150,2.87,0.9258,1,2.865,0.9241,303,0
SPY190807C287,2019-08-05,2019-08-05 09:42:27,2.91,0.9387,127,2.86,0.9225,44,2.87,0.9258,1,2.885,0.9306,303,0
SPY190807C287,2019-08-05,2019-08-05 09:42:27,2.9,0.9354,26,2.87,0.9258,83,2.87,0.9258,1,2.885,0.9306,303,0
SPY190807C287,2019-08-05,2019-08-05 09:42:28,2.88,0.929,21,2.85,0.9193,44,2.87,0.9258,1,2.865,0.9241,303,0
SPY190807C287,2019-08-05,2019-08-05 09:42:28,2.9,0.9354,44,2.85,0.9193,44,2.87,0.9258,1,2.875,0.9274,303,0
SPY190807C287,2019-08-05,2019-08-05 09:42:29,2.87,0.9258,11,2.84,0.9161,186,2.87,0.9258,1,2.855,0.9209,303,0
SPY190807C287,2019-08-05,2019-08-05 09:42:29,2.89,0.9322,44,2.85,0.9193,44,2.87,0.9258,1,2.87,0.9258,303,0
SPY190807C287,2019-08-05,2019-08-05 09:42:30,2.87,0.9258,21,2.84,0.9161,199,2.87,0.9258,1,2.855,0.9209,303,0
SPY190807C287,2019-08-05,2019-08-05 09:42:31,2.91,0.9387,123,2.86,0.9225,123,2.87,0.9258,1,2.885,0.9306,303,0
SPY190807C287,2019-08-05,2019-08-05 09:42:31,2.88,0.929,55,2.85,0.9193,164,2.87,0.9258,1,2.865,0.9241,303,0
SPY190807C287,2019-08-05,2019-08-05 09:42:32,2.9,0.9354,71,2.86,0.9225,75,2.87,0.9258,1,2.88,0.929,303,0
SPY190807C287,2019-08-05,2019-08-05 09:42:32,2.89,0.9322,121,2.84,0.9161,44,2.87,0.9258,1,2.865,0.9241,303,0
SPY190807C287,2019-08-05,2019-08-05 09:42:33,2.89,0.9322,127,2.85,0.9193,134,2.87,0.9258,1,2.87,0.9258,303,0
SPY190807C287,2019-08-05,2019-08-05 09:42:33,2.89,0.9322,100,2.85,0.9193,55,2.87,0.9258,1,2.87,0.9258,303,0
SPY190807C287,2019-08-05,2019-08-05 09:42:34,2.89,0.9322,127,2.86,0.9225,5,2.87,0.9258,1,2.875,0.9274,303,0
SPY190807C287,2019-08-05,2019-08-05 09:42:34,2.89,0.9322,127,2.85,0.9193,201,2.87,0.9258,1,2.87,0.9258,303,0
SPY190807C287,2019-08-05,2019-08-05 09:42:35,2.89,0.9322,127,2.86,0.9225,5,2.87,0.9258,1,2.875,0.9274,303,0
SPY190807C287,2019-08-05,2019-08-05 09:42:35,2.88,0.929,83,2.85,0.9193,61,2.87,0.9258,1,2.865,0.9241,303,0
SPY190807C287,2019-08-05,2019-08-05 09:42:36,2.88,0.929,60,2.85,0.9193,61,2.87,0.9258,1,2.865,0.9241,303,0
SPY190807C287,2019-08-05,2019-08-05 09:42:36,2.86,0.9225,21,2.84,0.9161,10,2.87,0.9258,1,2.85,0.9193,303,0
SPY190807C287,2019-08-05,2019-08-05 09:42:37,2.88,0.929,44,2.82,0.9096,44,2.87,0.9258,1,2.85,0.9193,303,0
SPY190807C287,2019-08-05,2019-08-05 09:42:37,2.85,0.9193,65,2.82,0.9096,5,2.87,0.9258,1,2.835,0.9145,303,0
SPY190807C287,2019-08-05,2019-08-05 09:42:38,2.85,0.9193,65,2.82,0.9096,8,2.87,0.9258,1,2.835,0.9145,303,0
SPY190807C287,2019-08-05,2019-08-05 09:42:38,2.85,0.9193,65,2.82,0.9096,5,2.87,0.9258,1,2.835,0.9145,303,0
SPY190807C287,2019-08-05,2019-08-05 09:42:39,2.84,0.9161,70,2.81,0.9064,107,2.87,0.9258,1,2.825,0.9112,303,0
SPY190807C287,2019-08-05,2019-08-05 09:42:39,2.85,0.9193,226,2.81,0.9064,119,2.87,0.9258,1,2.83,0.9129,303,0
SPY190807C287,2019-08-05,2019-08-05 09:42:40,2.85,0.9193,91,2.82,0.9096,104,2.87,0.9258,1,2.835,0.9145,303,0
SPY190807C287,2019-08-05,2019-08-05 09:42:41,2.85,0.9193,91,2.82,0.9096,101,2.87,0.9258,1,2.835,0.9145,303,0
SPY190807C287,2019-08-05,2019-08-05 09:42:41,2.85,0.9193,91,2.82,0.9096,67,2.87,0.9258,1,2.835,0.9145,303,0
SPY190807C287,2019-08-05,2019-08-05 09:42:42,2.85,0.9193,86,2.82,0.9096,72,2.87,0.9258,1,2.835,0.9145,303,0
SPY190807C287,2019-08-05,2019-08-05 09:42:42,2.85,0.9193,91,2.82,0.9096,67,2.87,0.9258,1,2.835,0.9145,303,0
SPY190807C287,2019-08-05,2019-08-05 09:42:43,2.88,0.929,44,2.83,0.9129,44,2.87,0.9258,1,2.855,0.9209,303,0
SPY190807C287,2019-08-05,2019-08-05 09:42:43,2.86,0.9225,5,2.83,0.9129,82,2.87,0.9258,1,2.845,0.9177,303,0
SPY190807C287,2019-08-05,2019-08-05 09:42:44,2.87,0.9258,207,2.83,0.9129,85,2.87,0.9258,1,2.85,0.9193,303,0
SPY190807C287,2019-08-05,2019-08-05 09:42:44,2.86,0.9225,87,2.83,0.9129,71,2.87,0.9258,1,2.845,0.9177,303,0
SPY190807C287,2019-08-05,2019-08-05 09:42:45,2.87,0.9258,104,2.84,0.9161,70,2.87,0.9258,1,2.855,0.9209,303,0
SPY190807C287,2019-08-05,2019-08-05 09:42:45,2.87,0.9258,104,2.83,0.9129,150,2.87,0.9258,1,2.85,0.9193,303,0
SPY190807C287,2019-08-05,2019-08-05 09:42:46,2.86,0.9225,73,2.83,0.9129,137,2.87,0.9258,1,2.845,0.9177,303,0
SPY190807C287,2019-08-05,2019-08-05 09:42:46,2.87,0.9258,45,2.85,0.9193,23,2.87,0.9258,1,2.86,0.9225,303,0
SPY190807C287,2019-08-05,2019-08-05 09:42:47,2.87,0.9258,56,2.83,0.9129,5,2.87,0.9258,1,2.85,0.9193,303,0
SPY190807C287,2019-08-05,2019-08-05 09:42:47,2.87,0.9258,56,2.85,0.9193,31,2.87,0.9258,1,2.86,0.9225,303,0
SPY190807C287,2019-08-05,2019-08-05 09:42:48,2.9,0.9354,380,2.83,0.9129,5,2.87,0.9258,1,2.865,0.9241,303,0
SPY190807C287,2019-08-05,2019-08-05 09:42:48,2.86,0.9225,127,2.83,0.9129,23,2.87,0.9258,1,2.845,0.9177,303,0
SPY190807C287,2019-08-05,2019-08-05 09:42:49,2.86,0.9225,127,2.82,0.9096,130,2.85,0.9193,10,2.84,0.9161,313,10
SPY190807C287,2019-08-05,2019-08-05 09:42:49,2.86,0.9225,127,2.82,0.9096,130,2.85,0.9193,10,2.84,0.9161,313,0
SPY190807C287,2019-08-05,2019-08-05 09:42:50,2.86,0.9225,127,2.82,0.9096,123,2.85,0.9193,10,2.84,0.9161,313,0
SPY190807C287,2019-08-05,2019-08-05 09:42:50,2.84,0.9161,21,2.81,0.9064,123,2.85,0.9193,10,2.825,0.9112,313,0
SPY190807C287,2019-08-05,2019-08-05 09:42:51,2.83,0.9129,21,2.8,0.9032,123,2.85,0.9193,10,2.815,0.908,313,0
SPY190807C287,2019-08-05,2019-08-05 09:42:51,2.83,0.9129,62,2.8,0.9032,123,2.85,0.9193,10,2.815,0.908,313,0
SPY190807C287,2019-08-05,2019-08-05 09:42:52,2.82,0.9096,20,2.8,0.9032,123,2.85,0.9193,10,2.81,0.9064,313,0
SPY190807C287,2019-08-05,2019-08-05 09:42:52,2.83,0.9129,62,2.8,0.9032,123,2.85,0.9193,10,2.815,0.908,313,0
SPY190807C287,2019-08-05,2019-08-05 09:42:53,2.82,0.9096,126,2.78,0.8967,136,2.85,0.9193,10,2.8,0.9032,313,0
SPY190807C287,2019-08-05,2019-08-05 09:42:54,2.81,0.9064,57,2.78,0.8967,130,2.85,0.9193,10,2.795,0.9016,313,0
SPY190807C287,2019-08-05,2019-08-05 09:42:55,2.81,0.9064,5,2.78,0.8967,99,2.85,0.9193,10,2.795,0.9016,313,0
SPY190807C287,2019-08-05,2019-08-05 09:42:55,2.82,0.9096,123,2.78,0.8967,65,2.85,0.9193,10,2.8,0.9032,313,0
SPY190807C287,2019-08-05,2019-08-05 09:42:56,2.81,0.9064,105,2.78,0.8967,72,2.85,0.9193,10,2.795,0.9016,313,0
SPY190807C287,2019-08-05,2019-08-05 09:42:56,2.84,0.9161,267,2.79,0.9,107,2.85,0.9193,10,2.815,0.908,313,0
SPY190807C287,2019-08-05,2019-08-05 09:42:57,2.81,0.9064,267,2.76,0.8903,129,2.85,0.9193,10,2.785,0.8983,313,0
SPY190807C287,2019-08-05,2019-08-05 09:42:57,2.81,0.9064,23,2.76,0.8903,25,2.85,0.9193,10,2.785,0.8983,313,0
SPY190807C287,2019-08-05,2019-08-05 09:42:58,2.79,0.9,76,2.76,0.8903,129,2.85,0.9193,10,2.775,0.8951,313,0
SPY190807C287,2019-08-05,2019-08-05 09:42:59,2.79,0.9,76,2.76,0.8903,129,2.85,0.9193,10,2.775,0.8951,313,0
SPY190807C287,2019-08-05,2019-08-05 09:43:00,2.79,0.9,5,2.76,0.8903,130,2.85,0.9193,10,2.775,0.8951,313,0
SPY190807C287,2019-08-05,2019-08-05 09:43:00,2.79,0.9,76,2.76,0.8903,130,2.85,0.9193,10,2.775,0.8951,313,0
SPY190807C287,2019-08-05,2019-08-05 09:43:01,2.8,0.9032,23,2.78,0.8967,65,2.78,0.8967,2,2.79,0.9,398,85
SPY190807C287,2019-08-05,2019-08-05 09:43:01,2.82,0.9096,129,2.78,0.8967,65,2.78,0.8967,2,2.8,0.9032,398,0
SPY190807C287,2019-08-05,2019-08-05 09:43:02,2.82,0.9096,265,2.77,0.8935,190,2.8,0.9032,65,2.795,0.9016,463,65
SPY190807C287,2019-08-05,2019-08-05 09:43:02,2.82,0.9096,129,2.77,0.8935,59,2.78,0.8967,2,2.795,0.9016,398,0
SPY190807C287,2019-08-05,2019-08-05 09:43:03,2.81,0.9064,129,2.78,0.8967,48,2.8,0.9032,65,2.795,0.9016,463,0
SPY190807C287,2019-08-05,2019-08-05 09:43:03,2.82,0.9096,360,2.76,0.8903,22,2.8,0.9032,65,2.79,0.9,463,0
SPY190807C287,2019-08-05,2019-08-05 09:43:04,2.79,0.9,63,2.76,0.8903,150,2.8,0.9032,65,2.775,0.8951,463,0
SPY190807C287,2019-08-05,2019-08-05 09:43:04,2.79,0.9,64,2.76,0.8903,150,2.8,0.9032,65,2.775,0.8951,463,0
SPY190807C287,2019-08-05,2019-08-05 09:43:05,2.79,0.9,75,2.77,0.8935,72,2.8,0.9032,65,2.78,0.8967,463,0
SPY190807C287,2019-08-05,2019-08-05 09:43:05,2.79,0.9,28,2.77,0.8935,72,2.8,0.9032,65,2.78,0.8967,463,0
SPY190807C287,2019-08-05,2019-08-05 09:43:06,2.79,0.9,75,2.76,0.8903,150,2.8,0.9032,65,2.775,0.8951,463,0
SPY190807C287,2019-08-05,2019-08-05 09:43:07,2.79,0.9,75,2.76,0.8903,150,2.8,0.9032,65,2.775,0.8951,463,0
SPY190807C287,2019-08-05,2019-08-05 09:43:08,2.79,0.9,66,2.77,0.8935,5,2.8,0.9032,65,2.78,0.8967,463,0
SPY190807C287,2019-08-05,2019-08-05 09:43:08,2.82,0.9096,100,2.77,0.8935,107,2.8,0.9032,65,2.795,0.9016,463,0
SPY190807C287,2019-08-05,2019-08-05 09:43:09,2.83,0.9129,360,2.77,0.8935,121,2.8,0.9032,65,2.8,0.9032,463,0
SPY190807C287,2019-08-05,2019-08-05 09:43:09,2.8,0.9032,123,2.77,0.8935,116,2.8,0.9032,65,2.785,0.8983,463,0
SPY190807C287,2019-08-05,2019-08-05 09:43:10,2.79,0.9,5,2.77,0.8935,105,2.8,0.9032,65,2.78,0.8967,463,0
SPY190807C287,2019-08-05,2019-08-05 09:43:10,2.8,0.9032,123,2.77,0.8935,116,2.8,0.9032,65,2.785,0.8983,463,0
SPY190807C287,2019-08-05,2019-08-05 09:43:11,2.81,0.9064,129,2.78,0.8967,92,2.79,0.9,1,2.795,0.9016,464,0
SPY190807C287,2019-08-05,2019-08-05 09:43:11,2.82,0.9096,129,2.78,0.8967,5,2.79,0.9,1,2.8,0.9032,464,1
SPY190807C287,2019-08-05,2019-08-05 09:43:12,2.81,0.9064,123,2.78,0.8967,92,2.79,0.9,1,2.795,0.9016,464,0
SPY190807C287,2019-08-05,2019-08-05 09:43:13,2.84,0.9161,360,2.78,0.8967,82,2.79,0.9,1,2.81,0.9064,464,0
SPY190807C287,2019-08-05,2019-08-05 09:43:13,2.82,0.9096,44,2.78,0.8967,5,2.79,0.9,1,2.8,0.9032,464,0
SPY190807C287,2019-08-05,2019-08-05 09:43:14,2.81,0.9064,104,2.78,0.8967,129,2.79,0.9,1,2.795,0.9016,464,0
SPY190807C287,2019-08-05,2019-08-05 09:43:14,2.83,0.9129,125,2.8,0.9032,82,2.79,0.9,1,2.815,0.908,464,0
SPY190807C287,2019-08-05,2019-08-05 09:43:15,2.83,0.9129,133,2.8,0.9032,82,2.79,0.9,1,2.815,0.908,464,0
SPY190807C287,2019-08-05,2019-08-05 09:43:16,2.82,0.9096,12,2.8,0.9032,95,2.79,0.9,1,2.81,0.9064,464,0
SPY190807C287,2019-08-05,2019-08-05 09:43:17,2.82,0.9096,12,2.8,0.9032,95,2.79,0.9,1,2.81,0.9064,464,0
SPY190807C287,2019-08-05,2019-08-05 09:43:17,2.8,0.9032,360,2.78,0.8967,50,2.79,0.9,1,2.79,0.9,464,0
SPY190807C287,2019-08-05,2019-08-05 09:43:18,2.8,0.9032,5,2.75,0.887,29,2.79,0.9,1,2.775,0.8951,464,0
SPY190807C287,2019-08-05,2019-08-05 09:43:19,2.81,0.9064,112,2.76,0.8903,123,2.79,0.9,1,2.785,0.8983,464,0
SPY190807C287,2019-08-05,2019-08-05 09:43:19,2.81,0.9064,112,2.77,0.8935,123,2.79,0.9,1,2.79,0.9,464,0
SPY190807C287,2019-08-05,2019-08-05 09:43:20,2.8,0.9032,2,2.77,0.8935,73,2.79,0.9,1,2.785,0.8983,464,0
SPY190807C287,2019-08-05,2019-08-05 09:43:20,2.8,0.9032,119,2.76,0.8903,29,2.79,0.9,1,2.78,0.8967,464,0
SPY190807C287,2019-08-05,2019-08-05 09:43:21,2.78,0.8967,110,2.75,0.887,84,2.79,0.9,1,2.765,0.8919,464,0
SPY190807C287,2019-08-05,2019-08-05 09:43:21,2.78,0.8967,100,2.75,0.887,73,2.79,0.9,1,2.765,0.8919,464,0
