symbol,Date,quote_time,ask_price,norm_ask_price,ask_size,bid_price,norm_bid_price,bid_size,last_trade_price,norm_last_trade_price,last_trade_size,mark_price,norm_mark_price,volume,Volume
IWM190920C160,2019-09-17,2019-09-17 09:30:00,0.42,1.0,2,0.36,0.8571,26,0.39,0.9285,3,0.39,0.9285,3,3
IWM190920C160,2019-09-17,2019-09-17 09:30:01,0.42,1.0,2,0.36,0.8571,26,0.39,0.9285,3,0.39,0.9285,3,0
IWM190920C160,2019-09-17,2019-09-17 09:30:02,0.42,1.0,2,0.36,0.8571,26,0.39,0.9285,3,0.39,0.9285,3,0
IWM190920C160,2019-09-17,2019-09-17 09:30:03,0.42,1.0,60,0.36,0.8571,60,0.39,0.9285,3,0.39,0.9285,3,0
IWM190920C160,2019-09-17,2019-09-17 09:30:03,0.42,1.0,15,0.36,0.8571,26,0.39,0.9285,3,0.39,0.9285,3,0
IWM190920C160,2019-09-17,2019-09-17 09:30:04,0.42,1.0,60,0.36,0.8571,60,0.39,0.9285,3,0.39,0.9285,3,0
IWM190920C160,2019-09-17,2019-09-17 09:30:05,0.42,1.0,60,0.36,0.8571,60,0.39,0.9285,3,0.39,0.9285,3,0
IWM190920C160,2019-09-17,2019-09-17 09:30:06,0.42,1.0,60,0.36,0.8571,206,0.39,0.9285,3,0.39,0.9285,3,0
IWM190920C160,2019-09-17,2019-09-17 09:30:07,0.42,1.0,2,0.36,0.8571,578,0.39,0.9285,3,0.39,0.9285,3,0
IWM190920C160,2019-09-17,2019-09-17 09:30:08,0.41,0.9761,166,0.36,0.8571,578,0.39,0.9285,3,0.385,0.9166,3,0
IWM190920C160,2019-09-17,2019-09-17 09:30:09,0.41,0.9761,148,0.36,0.8571,578,0.39,0.9285,3,0.385,0.9166,3,0
IWM190920C160,2019-09-17,2019-09-17 09:30:09,0.41,0.9761,214,0.36,0.8571,578,0.39,0.9285,3,0.385,0.9166,3,0
IWM190920C160,2019-09-17,2019-09-17 09:30:10,0.41,0.9761,214,0.36,0.8571,578,0.39,0.9285,3,0.385,0.9166,3,0
IWM190920C160,2019-09-17,2019-09-17 09:30:11,0.4,0.9523,145,0.38,0.9047,26,0.39,0.9285,3,0.39,0.9285,3,0
IWM190920C160,2019-09-17,2019-09-17 09:30:13,0.38,0.9047,145,0.37,0.8809,31,0.39,0.9285,3,0.375,0.8928,3,0
IWM190920C160,2019-09-17,2019-09-17 09:30:13,0.39,0.9285,22,0.37,0.8809,26,0.39,0.9285,3,0.38,0.9047,3,0
IWM190920C160,2019-09-17,2019-09-17 09:30:14,0.38,0.9047,279,0.36,0.8571,31,0.39,0.9285,3,0.37,0.8809,3,0
IWM190920C160,2019-09-17,2019-09-17 09:30:14,0.37,0.8809,40,0.36,0.8571,31,0.39,0.9285,3,0.365,0.869,3,0
IWM190920C160,2019-09-17,2019-09-17 09:30:15,0.37,0.8809,160,0.33,0.7857,31,0.39,0.9285,3,0.35,0.8333,3,0
IWM190920C160,2019-09-17,2019-09-17 09:30:16,0.36,0.8571,15,0.33,0.7857,31,0.39,0.9285,3,0.345,0.8214,3,0
IWM190920C160,2019-09-17,2019-09-17 09:30:16,0.35,0.8333,25,0.33,0.7857,177,0.39,0.9285,3,0.34,0.8095,3,0
IWM190920C160,2019-09-17,2019-09-17 09:30:17,0.35,0.8333,23,0.33,0.7857,177,0.39,0.9285,3,0.34,0.8095,3,0
IWM190920C160,2019-09-17,2019-09-17 09:30:17,0.35,0.8333,25,0.33,0.7857,177,0.39,0.9285,3,0.34,0.8095,3,0
IWM190920C160,2019-09-17,2019-09-17 09:30:18,0.35,0.8333,47,0.33,0.7857,135,0.39,0.9285,3,0.34,0.8095,3,0
IWM190920C160,2019-09-17,2019-09-17 09:30:18,0.35,0.8333,94,0.33,0.7857,292,0.39,0.9285,3,0.34,0.8095,3,0
IWM190920C160,2019-09-17,2019-09-17 09:30:19,0.35,0.8333,48,0.33,0.7857,26,0.39,0.9285,3,0.34,0.8095,3,0
IWM190920C160,2019-09-17,2019-09-17 09:30:20,0.35,0.8333,47,0.33,0.7857,26,0.39,0.9285,3,0.34,0.8095,3,0
IWM190920C160,2019-09-17,2019-09-17 09:30:21,0.35,0.8333,23,0.33,0.7857,26,0.39,0.9285,3,0.34,0.8095,3,0
IWM190920C160,2019-09-17,2019-09-17 09:30:21,0.34,0.8095,23,0.31,0.738,140,0.39,0.9285,3,0.325,0.7738,3,0
IWM190920C160,2019-09-17,2019-09-17 09:30:22,0.34,0.8095,47,0.3,0.7142,154,0.39,0.9285,3,0.32,0.7619,3,0
IWM190920C160,2019-09-17,2019-09-17 09:30:22,0.33,0.7857,295,0.29,0.6904,144,0.39,0.9285,3,0.31,0.738,3,0
IWM190920C160,2019-09-17,2019-09-17 09:30:23,0.34,0.8095,692,0.28,0.6666,269,0.39,0.9285,3,0.31,0.738,3,0
IWM190920C160,2019-09-17,2019-09-17 09:30:23,0.31,0.738,30,0.27,0.6428,165,0.39,0.9285,3,0.29,0.6904,3,0
IWM190920C160,2019-09-17,2019-09-17 09:30:24,0.32,0.7619,30,0.27,0.6428,345,0.39,0.9285,3,0.295,0.7023,3,0
IWM190920C160,2019-09-17,2019-09-17 09:30:24,0.33,0.7857,911,0.28,0.6666,169,0.39,0.9285,3,0.305,0.7261,3,0
IWM190920C160,2019-09-17,2019-09-17 09:30:25,0.31,0.738,46,0.27,0.6428,343,0.39,0.9285,3,0.29,0.6904,3,0
IWM190920C160,2019-09-17,2019-09-17 09:30:25,0.31,0.738,219,0.27,0.6428,288,0.39,0.9285,3,0.29,0.6904,3,0
IWM190920C160,2019-09-17,2019-09-17 09:30:26,0.31,0.738,214,0.27,0.6428,304,0.39,0.9285,3,0.29,0.6904,3,0
IWM190920C160,2019-09-17,2019-09-17 09:30:27,0.31,0.738,108,0.28,0.6666,341,0.39,0.9285,3,0.295,0.7023,3,0
IWM190920C160,2019-09-17,2019-09-17 09:30:27,0.31,0.738,74,0.28,0.6666,371,0.39,0.9285,3,0.295,0.7023,3,0
IWM190920C160,2019-09-17,2019-09-17 09:30:28,0.31,0.738,74,0.28,0.6666,371,0.39,0.9285,3,0.295,0.7023,3,0
IWM190920C160,2019-09-17,2019-09-17 09:30:29,0.31,0.738,225,0.27,0.6428,278,0.39,0.9285,3,0.29,0.6904,3,0
IWM190920C160,2019-09-17,2019-09-17 09:30:29,0.31,0.738,150,0.28,0.6666,150,0.39,0.9285,3,0.295,0.7023,3,0
IWM190920C160,2019-09-17,2019-09-17 09:30:30,0.31,0.738,498,0.28,0.6666,166,0.39,0.9285,3,0.295,0.7023,3,0
IWM190920C160,2019-09-17,2019-09-17 09:30:30,0.31,0.738,199,0.28,0.6666,166,0.39,0.9285,3,0.295,0.7023,3,0
IWM190920C160,2019-09-17,2019-09-17 09:30:31,0.31,0.738,68,0.28,0.6666,166,0.39,0.9285,3,0.295,0.7023,3,0
IWM190920C160,2019-09-17,2019-09-17 09:30:31,0.31,0.738,91,0.28,0.6666,166,0.39,0.9285,3,0.295,0.7023,3,0
IWM190920C160,2019-09-17,2019-09-17 09:30:32,0.31,0.738,45,0.28,0.6666,262,0.39,0.9285,3,0.295,0.7023,3,0
IWM190920C160,2019-09-17,2019-09-17 09:30:32,0.31,0.738,68,0.28,0.6666,166,0.39,0.9285,3,0.295,0.7023,3,0
IWM190920C160,2019-09-17,2019-09-17 09:30:33,0.31,0.738,45,0.28,0.6666,339,0.39,0.9285,3,0.295,0.7023,3,0
IWM190920C160,2019-09-17,2019-09-17 09:30:33,0.31,0.738,45,0.28,0.6666,482,0.39,0.9285,3,0.295,0.7023,3,0
IWM190920C160,2019-09-17,2019-09-17 09:30:34,0.32,0.7619,47,0.29,0.6904,184,0.39,0.9285,3,0.305,0.7261,3,0
IWM190920C160,2019-09-17,2019-09-17 09:30:34,0.32,0.7619,50,0.28,0.6666,452,0.39,0.9285,3,0.3,0.7142,3,0
IWM190920C160,2019-09-17,2019-09-17 09:30:35,0.33,0.7857,15,0.3,0.7142,36,0.39,0.9285,3,0.315,0.75,3,0
IWM190920C160,2019-09-17,2019-09-17 09:30:35,0.33,0.7857,15,0.3,0.7142,20,0.39,0.9285,3,0.315,0.75,3,0
IWM190920C160,2019-09-17,2019-09-17 09:30:36,0.33,0.7857,92,0.3,0.7142,150,0.39,0.9285,3,0.315,0.75,3,0
IWM190920C160,2019-09-17,2019-09-17 09:30:37,0.34,0.8095,150,0.31,0.738,150,0.39,0.9285,3,0.325,0.7738,3,0
IWM190920C160,2019-09-17,2019-09-17 09:30:37,0.34,0.8095,150,0.3,0.7142,117,0.39,0.9285,3,0.32,0.7619,3,0
IWM190920C160,2019-09-17,2019-09-17 09:30:38,0.34,0.8095,306,0.31,0.738,150,0.39,0.9285,3,0.325,0.7738,3,0
IWM190920C160,2019-09-17,2019-09-17 09:30:38,0.34,0.8095,189,0.31,0.738,150,0.39,0.9285,3,0.325,0.7738,3,0
IWM190920C160,2019-09-17,2019-09-17 09:30:39,0.33,0.7857,150,0.31,0.738,150,0.39,0.9285,3,0.32,0.7619,3,0
IWM190920C160,2019-09-17,2019-09-17 09:30:39,0.34,0.8095,306,0.31,0.738,150,0.39,0.9285,3,0.325,0.7738,3,0
IWM190920C160,2019-09-17,2019-09-17 09:30:40,0.33,0.7857,73,0.31,0.738,150,0.39,0.9285,3,0.32,0.7619,3,0
IWM190920C160,2019-09-17,2019-09-17 09:30:40,0.33,0.7857,23,0.3,0.7142,38,0.39,0.9285,3,0.315,0.75,3,0
IWM190920C160,2019-09-17,2019-09-17 09:30:41,0.33,0.7857,150,0.3,0.7142,150,0.39,0.9285,3,0.315,0.75,3,0
IWM190920C160,2019-09-17,2019-09-17 09:30:42,0.33,0.7857,150,0.3,0.7142,150,0.39,0.9285,3,0.315,0.75,3,0
IWM190920C160,2019-09-17,2019-09-17 09:30:43,0.32,0.7619,47,0.3,0.7142,32,0.39,0.9285,3,0.31,0.738,3,0
IWM190920C160,2019-09-17,2019-09-17 09:30:43,0.32,0.7619,23,0.29,0.6904,201,0.39,0.9285,3,0.305,0.7261,3,0
IWM190920C160,2019-09-17,2019-09-17 09:30:44,0.33,0.7857,150,0.3,0.7142,167,0.39,0.9285,3,0.315,0.75,3,0
IWM190920C160,2019-09-17,2019-09-17 09:30:44,0.33,0.7857,23,0.3,0.7142,239,0.39,0.9285,3,0.315,0.75,3,0
IWM190920C160,2019-09-17,2019-09-17 09:30:45,0.33,0.7857,150,0.3,0.7142,165,0.39,0.9285,3,0.315,0.75,3,0
IWM190920C160,2019-09-17,2019-09-17 09:30:45,0.33,0.7857,355,0.3,0.7142,165,0.39,0.9285,3,0.315,0.75,3,0
IWM190920C160,2019-09-17,2019-09-17 09:30:46,0.33,0.7857,259,0.3,0.7142,165,0.39,0.9285,3,0.315,0.75,3,0
IWM190920C160,2019-09-17,2019-09-17 09:30:46,0.33,0.7857,370,0.3,0.7142,165,0.39,0.9285,3,0.315,0.75,3,0
IWM190920C160,2019-09-17,2019-09-17 09:30:47,0.33,0.7857,370,0.3,0.7142,167,0.39,0.9285,3,0.315,0.75,3,0
IWM190920C160,2019-09-17,2019-09-17 09:30:48,0.33,0.7857,370,0.3,0.7142,165,0.39,0.9285,3,0.315,0.75,3,0
IWM190920C160,2019-09-17,2019-09-17 09:30:49,0.33,0.7857,370,0.3,0.7142,165,0.39,0.9285,3,0.315,0.75,3,0
IWM190920C160,2019-09-17,2019-09-17 09:30:50,0.33,0.7857,370,0.3,0.7142,165,0.39,0.9285,3,0.315,0.75,3,0
IWM190920C160,2019-09-17,2019-09-17 09:30:51,0.33,0.7857,370,0.3,0.7142,165,0.39,0.9285,3,0.315,0.75,3,0
IWM190920C160,2019-09-17,2019-09-17 09:30:52,0.32,0.7619,150,0.29,0.6904,185,0.39,0.9285,3,0.305,0.7261,3,0
IWM190920C160,2019-09-17,2019-09-17 09:30:52,0.32,0.7619,150,0.29,0.6904,151,0.39,0.9285,3,0.305,0.7261,3,0
IWM190920C160,2019-09-17,2019-09-17 09:30:53,0.32,0.7619,207,0.29,0.6904,311,0.39,0.9285,3,0.305,0.7261,3,0
IWM190920C160,2019-09-17,2019-09-17 09:30:53,0.32,0.7619,181,0.29,0.6904,192,0.39,0.9285,3,0.305,0.7261,3,0
IWM190920C160,2019-09-17,2019-09-17 09:30:54,0.32,0.7619,207,0.29,0.6904,521,0.39,0.9285,3,0.305,0.7261,3,0
IWM190920C160,2019-09-17,2019-09-17 09:30:54,0.32,0.7619,207,0.29,0.6904,311,0.39,0.9285,3,0.305,0.7261,3,0
IWM190920C160,2019-09-17,2019-09-17 09:30:55,0.32,0.7619,207,0.29,0.6904,521,0.39,0.9285,3,0.305,0.7261,3,0
IWM190920C160,2019-09-17,2019-09-17 09:30:56,0.32,0.7619,207,0.29,0.6904,755,0.39,0.9285,3,0.305,0.7261,3,0
IWM190920C160,2019-09-17,2019-09-17 09:30:57,0.33,0.7857,355,0.3,0.7142,226,0.39,0.9285,3,0.315,0.75,3,0
IWM190920C160,2019-09-17,2019-09-17 09:30:57,0.33,0.7857,110,0.3,0.7142,146,0.39,0.9285,3,0.315,0.75,3,0
IWM190920C160,2019-09-17,2019-09-17 09:30:58,0.33,0.7857,422,0.3,0.7142,183,0.39,0.9285,3,0.315,0.75,3,0
IWM190920C160,2019-09-17,2019-09-17 09:30:58,0.33,0.7857,151,0.3,0.7142,183,0.39,0.9285,3,0.315,0.75,3,0
IWM190920C160,2019-09-17,2019-09-17 09:30:59,0.35,0.8333,23,0.3,0.7142,16,0.32,0.7619,1,0.325,0.7738,24,1
IWM190920C160,2019-09-17,2019-09-17 09:30:59,0.32,0.7619,1,0.3,0.7142,199,0.32,0.7619,20,0.31,0.738,23,20
IWM190920C160,2019-09-17,2019-09-17 09:31:00,0.33,0.7857,151,0.3,0.7142,60,0.32,0.7619,1,0.315,0.75,24,0
IWM190920C160,2019-09-17,2019-09-17 09:31:00,0.33,0.7857,257,0.3,0.7142,255,0.32,0.7619,1,0.315,0.75,24,0
IWM190920C160,2019-09-17,2019-09-17 09:31:01,0.33,0.7857,110,0.3,0.7142,125,0.32,0.7619,1,0.315,0.75,24,0
IWM190920C160,2019-09-17,2019-09-17 09:31:02,0.33,0.7857,150,0.3,0.7142,440,0.32,0.7619,1,0.315,0.75,24,0
IWM190920C160,2019-09-17,2019-09-17 09:31:02,0.36,0.8571,30,0.3,0.7142,294,0.32,0.7619,1,0.33,0.7857,24,0
IWM190920C160,2019-09-17,2019-09-17 09:31:03,0.36,0.8571,165,0.31,0.738,389,0.32,0.7619,1,0.335,0.7976,24,0
IWM190920C160,2019-09-17,2019-09-17 09:31:03,0.36,0.8571,454,0.32,0.7619,46,0.32,0.7619,1,0.34,0.8095,24,0
IWM190920C160,2019-09-17,2019-09-17 09:31:04,0.36,0.8571,590,0.32,0.7619,122,0.32,0.7619,1,0.34,0.8095,24,0
IWM190920C160,2019-09-17,2019-09-17 09:31:04,0.36,0.8571,619,0.32,0.7619,446,0.32,0.7619,1,0.34,0.8095,24,0
IWM190920C160,2019-09-17,2019-09-17 09:31:05,0.35,0.8333,150,0.32,0.7619,408,0.32,0.7619,1,0.335,0.7976,24,0
IWM190920C160,2019-09-17,2019-09-17 09:31:05,0.36,0.8571,677,0.32,0.7619,546,0.32,0.7619,1,0.34,0.8095,24,0
IWM190920C160,2019-09-17,2019-09-17 09:31:06,0.35,0.8333,168,0.32,0.7619,668,0.32,0.7619,1,0.335,0.7976,24,0
IWM190920C160,2019-09-17,2019-09-17 09:31:06,0.35,0.8333,296,0.32,0.7619,131,0.32,0.7619,1,0.335,0.7976,24,0
IWM190920C160,2019-09-17,2019-09-17 09:31:07,0.35,0.8333,171,0.32,0.7619,414,0.32,0.7619,1,0.335,0.7976,24,0
IWM190920C160,2019-09-17,2019-09-17 09:31:07,0.35,0.8333,47,0.32,0.7619,414,0.32,0.7619,1,0.335,0.7976,24,0
IWM190920C160,2019-09-17,2019-09-17 09:31:08,0.35,0.8333,306,0.32,0.7619,414,0.32,0.7619,1,0.335,0.7976,24,0
IWM190920C160,2019-09-17,2019-09-17 09:31:08,0.35,0.8333,406,0.32,0.7619,414,0.32,0.7619,1,0.335,0.7976,24,0
IWM190920C160,2019-09-17,2019-09-17 09:31:09,0.35,0.8333,455,0.31,0.738,415,0.32,0.7619,1,0.33,0.7857,24,0
IWM190920C160,2019-09-17,2019-09-17 09:31:09,0.35,0.8333,188,0.32,0.7619,189,0.32,0.7619,1,0.335,0.7976,24,0
IWM190920C160,2019-09-17,2019-09-17 09:31:10,0.35,0.8333,175,0.32,0.7619,109,0.32,0.7619,1,0.335,0.7976,24,0
IWM190920C160,2019-09-17,2019-09-17 09:31:10,0.35,0.8333,407,0.32,0.7619,189,0.32,0.7619,1,0.335,0.7976,24,0
IWM190920C160,2019-09-17,2019-09-17 09:31:11,0.35,0.8333,328,0.32,0.7619,229,0.32,0.7619,1,0.335,0.7976,24,0
IWM190920C160,2019-09-17,2019-09-17 09:31:12,0.35,0.8333,56,0.32,0.7619,30,0.32,0.7619,1,0.335,0.7976,24,0
IWM190920C160,2019-09-17,2019-09-17 09:31:12,0.35,0.8333,150,0.32,0.7619,114,0.32,0.7619,1,0.335,0.7976,24,0
IWM190920C160,2019-09-17,2019-09-17 09:31:13,0.35,0.8333,161,0.32,0.7619,334,0.32,0.7619,1,0.335,0.7976,24,0
IWM190920C160,2019-09-17,2019-09-17 09:31:13,0.36,0.8571,391,0.33,0.7857,30,0.32,0.7619,1,0.345,0.8214,24,0
IWM190920C160,2019-09-17,2019-09-17 09:31:14,0.36,0.8571,468,0.33,0.7857,41,0.32,0.7619,1,0.345,0.8214,24,0
IWM190920C160,2019-09-17,2019-09-17 09:31:14,0.36,0.8571,458,0.33,0.7857,47,0.32,0.7619,1,0.345,0.8214,24,0
IWM190920C160,2019-09-17,2019-09-17 09:31:15,0.36,0.8571,498,0.33,0.7857,1,0.32,0.7619,1,0.345,0.8214,24,0
IWM190920C160,2019-09-17,2019-09-17 09:31:16,0.36,0.8571,480,0.32,0.7619,150,0.32,0.7619,1,0.34,0.8095,24,0
IWM190920C160,2019-09-17,2019-09-17 09:31:17,0.36,0.8571,480,0.33,0.7857,30,0.32,0.7619,1,0.345,0.8214,24,0
IWM190920C160,2019-09-17,2019-09-17 09:31:17,0.36,0.8571,480,0.33,0.7857,41,0.32,0.7619,1,0.345,0.8214,24,0
IWM190920C160,2019-09-17,2019-09-17 09:31:18,0.36,0.8571,470,0.33,0.7857,41,0.32,0.7619,1,0.345,0.8214,24,0
IWM190920C160,2019-09-17,2019-09-17 09:31:18,0.36,0.8571,480,0.33,0.7857,41,0.32,0.7619,1,0.345,0.8214,24,0
IWM190920C160,2019-09-17,2019-09-17 09:31:19,0.36,0.8571,480,0.33,0.7857,41,0.32,0.7619,1,0.345,0.8214,24,0
IWM190920C160,2019-09-17,2019-09-17 09:31:19,0.36,0.8571,431,0.33,0.7857,311,0.32,0.7619,1,0.345,0.8214,24,0
IWM190920C160,2019-09-17,2019-09-17 09:31:20,0.36,0.8571,171,0.33,0.7857,403,0.32,0.7619,1,0.345,0.8214,24,0
IWM190920C160,2019-09-17,2019-09-17 09:31:20,0.36,0.8571,205,0.33,0.7857,403,0.32,0.7619,1,0.345,0.8214,24,0
IWM190920C160,2019-09-17,2019-09-17 09:31:21,0.36,0.8571,150,0.33,0.7857,270,0.32,0.7619,1,0.345,0.8214,24,0
IWM190920C160,2019-09-17,2019-09-17 09:31:21,0.36,0.8571,150,0.33,0.7857,522,0.32,0.7619,1,0.345,0.8214,24,0
IWM190920C160,2019-09-17,2019-09-17 09:31:22,0.36,0.8571,150,0.33,0.7857,418,0.32,0.7619,1,0.345,0.8214,24,0
IWM190920C160,2019-09-17,2019-09-17 09:31:23,0.36,0.8571,150,0.34,0.8095,10,0.32,0.7619,1,0.35,0.8333,24,0
IWM190920C160,2019-09-17,2019-09-17 09:31:24,0.36,0.8571,458,0.33,0.7857,9,0.32,0.7619,1,0.345,0.8214,24,0
IWM190920C160,2019-09-17,2019-09-17 09:31:24,0.36,0.8571,294,0.32,0.7619,68,0.32,0.7619,1,0.34,0.8095,24,0
IWM190920C160,2019-09-17,2019-09-17 09:31:25,0.36,0.8571,368,0.32,0.7619,464,0.32,0.7619,1,0.34,0.8095,24,0
IWM190920C160,2019-09-17,2019-09-17 09:31:26,0.36,0.8571,41,0.34,0.8095,59,0.32,0.7619,1,0.35,0.8333,24,0
IWM190920C160,2019-09-17,2019-09-17 09:31:26,0.36,0.8571,121,0.34,0.8095,162,0.32,0.7619,1,0.35,0.8333,24,0
IWM190920C160,2019-09-17,2019-09-17 09:31:27,0.37,0.8809,34,0.34,0.8095,562,0.32,0.7619,1,0.355,0.8452,24,0
IWM190920C160,2019-09-17,2019-09-17 09:31:27,0.36,0.8571,121,0.34,0.8095,448,0.32,0.7619,1,0.35,0.8333,24,0
IWM190920C160,2019-09-17,2019-09-17 09:31:28,0.36,0.8571,150,0.34,0.8095,256,0.32,0.7619,1,0.35,0.8333,24,0
IWM190920C160,2019-09-17,2019-09-17 09:31:28,0.36,0.8571,5,0.34,0.8095,77,0.32,0.7619,1,0.35,0.8333,24,0
IWM190920C160,2019-09-17,2019-09-17 09:31:29,0.36,0.8571,393,0.34,0.8095,77,0.32,0.7619,1,0.35,0.8333,24,0
IWM190920C160,2019-09-17,2019-09-17 09:31:29,0.36,0.8571,153,0.34,0.8095,77,0.32,0.7619,1,0.35,0.8333,24,0
IWM190920C160,2019-09-17,2019-09-17 09:31:30,0.36,0.8571,17,0.34,0.8095,67,0.32,0.7619,1,0.35,0.8333,24,0
IWM190920C160,2019-09-17,2019-09-17 09:31:30,0.36,0.8571,35,0.34,0.8095,67,0.32,0.7619,1,0.35,0.8333,24,0
IWM190920C160,2019-09-17,2019-09-17 09:31:31,0.36,0.8571,161,0.34,0.8095,21,0.32,0.7619,1,0.35,0.8333,24,0
IWM190920C160,2019-09-17,2019-09-17 09:31:31,0.36,0.8571,166,0.34,0.8095,21,0.32,0.7619,1,0.35,0.8333,24,0
IWM190920C160,2019-09-17,2019-09-17 09:31:32,0.36,0.8571,156,0.34,0.8095,21,0.32,0.7619,1,0.35,0.8333,24,0
IWM190920C160,2019-09-17,2019-09-17 09:31:33,0.36,0.8571,156,0.34,0.8095,21,0.32,0.7619,1,0.35,0.8333,24,0
IWM190920C160,2019-09-17,2019-09-17 09:31:33,0.36,0.8571,166,0.33,0.7857,188,0.32,0.7619,1,0.345,0.8214,24,0
IWM190920C160,2019-09-17,2019-09-17 09:31:34,0.36,0.8571,122,0.33,0.7857,23,0.32,0.7619,1,0.345,0.8214,24,0
IWM190920C160,2019-09-17,2019-09-17 09:31:34,0.36,0.8571,107,0.33,0.7857,23,0.32,0.7619,1,0.345,0.8214,24,0
IWM190920C160,2019-09-17,2019-09-17 09:31:35,0.36,0.8571,42,0.33,0.7857,37,0.32,0.7619,1,0.345,0.8214,24,0
IWM190920C160,2019-09-17,2019-09-17 09:31:35,0.36,0.8571,42,0.33,0.7857,67,0.32,0.7619,1,0.345,0.8214,24,0
IWM190920C160,2019-09-17,2019-09-17 09:31:36,0.36,0.8571,384,0.33,0.7857,67,0.32,0.7619,1,0.345,0.8214,24,0
IWM190920C160,2019-09-17,2019-09-17 09:31:36,0.35,0.8333,31,0.33,0.7857,35,0.32,0.7619,1,0.34,0.8095,24,0
IWM190920C160,2019-09-17,2019-09-17 09:31:37,0.35,0.8333,164,0.33,0.7857,87,0.32,0.7619,1,0.34,0.8095,24,0
IWM190920C160,2019-09-17,2019-09-17 09:31:38,0.35,0.8333,260,0.33,0.7857,87,0.35,0.8333,2,0.34,0.8095,26,0
IWM190920C160,2019-09-17,2019-09-17 09:31:38,0.35,0.8333,260,0.33,0.7857,87,0.35,0.8333,2,0.34,0.8095,26,2
IWM190920C160,2019-09-17,2019-09-17 09:31:39,0.35,0.8333,266,0.33,0.7857,87,0.35,0.8333,2,0.34,0.8095,26,0
IWM190920C160,2019-09-17,2019-09-17 09:31:40,0.35,0.8333,193,0.33,0.7857,87,0.35,0.8333,2,0.34,0.8095,26,0
IWM190920C160,2019-09-17,2019-09-17 09:31:41,0.35,0.8333,154,0.33,0.7857,532,0.35,0.8333,2,0.34,0.8095,26,0
IWM190920C160,2019-09-17,2019-09-17 09:31:41,0.35,0.8333,154,0.33,0.7857,306,0.35,0.8333,2,0.34,0.8095,26,0
IWM190920C160,2019-09-17,2019-09-17 09:31:42,0.35,0.8333,82,0.33,0.7857,421,0.35,0.8333,2,0.34,0.8095,26,0
IWM190920C160,2019-09-17,2019-09-17 09:31:42,0.35,0.8333,54,0.33,0.7857,366,0.35,0.8333,2,0.34,0.8095,26,0
IWM190920C160,2019-09-17,2019-09-17 09:31:43,0.35,0.8333,152,0.34,0.8095,5,0.35,0.8333,2,0.345,0.8214,26,0
IWM190920C160,2019-09-17,2019-09-17 09:31:44,0.35,0.8333,105,0.34,0.8095,5,0.35,0.8333,2,0.345,0.8214,26,0
IWM190920C160,2019-09-17,2019-09-17 09:31:44,0.35,0.8333,105,0.34,0.8095,26,0.35,0.8333,2,0.345,0.8214,26,0
IWM190920C160,2019-09-17,2019-09-17 09:31:45,0.35,0.8333,105,0.34,0.8095,23,0.35,0.8333,2,0.345,0.8214,26,0
IWM190920C160,2019-09-17,2019-09-17 09:31:45,0.35,0.8333,69,0.34,0.8095,23,0.35,0.8333,2,0.345,0.8214,26,0
IWM190920C160,2019-09-17,2019-09-17 09:31:46,0.36,0.8571,162,0.34,0.8095,31,0.35,0.8333,2,0.35,0.8333,26,0
IWM190920C160,2019-09-17,2019-09-17 09:31:46,0.36,0.8571,249,0.34,0.8095,31,0.35,0.8333,2,0.35,0.8333,26,0
IWM190920C160,2019-09-17,2019-09-17 09:31:47,0.36,0.8571,301,0.34,0.8095,5,0.35,0.8333,2,0.35,0.8333,26,0
IWM190920C160,2019-09-17,2019-09-17 09:31:47,0.36,0.8571,280,0.34,0.8095,11,0.35,0.8333,2,0.35,0.8333,26,0
IWM190920C160,2019-09-17,2019-09-17 09:31:48,0.36,0.8571,344,0.34,0.8095,11,0.35,0.8333,2,0.35,0.8333,26,0
IWM190920C160,2019-09-17,2019-09-17 09:31:48,0.36,0.8571,201,0.34,0.8095,11,0.35,0.8333,2,0.35,0.8333,26,0
IWM190920C160,2019-09-17,2019-09-17 09:31:49,0.35,0.8333,162,0.35,0.8333,10,0.35,0.8333,10,0.35,0.8333,36,10
IWM190920C160,2019-09-17,2019-09-17 09:31:49,0.36,0.8571,807,0.34,0.8095,6,0.35,0.8333,2,0.35,0.8333,26,0
IWM190920C160,2019-09-17,2019-09-17 09:31:50,0.35,0.8333,175,0.35,0.8333,10,0.35,0.8333,10,0.35,0.8333,36,0
IWM190920C160,2019-09-17,2019-09-17 09:31:51,0.35,0.8333,162,0.35,0.8333,10,0.35,0.8333,10,0.35,0.8333,36,0
IWM190920C160,2019-09-17,2019-09-17 09:31:52,0.35,0.8333,176,0.35,0.8333,10,0.35,0.8333,10,0.35,0.8333,36,0
IWM190920C160,2019-09-17,2019-09-17 09:31:52,0.35,0.8333,152,0.35,0.8333,10,0.35,0.8333,10,0.35,0.8333,36,0
IWM190920C160,2019-09-17,2019-09-17 09:31:53,0.35,0.8333,152,0.35,0.8333,10,0.35,0.8333,10,0.35,0.8333,36,0
IWM190920C160,2019-09-17,2019-09-17 09:31:54,0.35,0.8333,152,0.35,0.8333,10,0.35,0.8333,10,0.35,0.8333,36,0
IWM190920C160,2019-09-17,2019-09-17 09:31:55,0.35,0.8333,152,0.35,0.8333,10,0.35,0.8333,10,0.35,0.8333,36,0
IWM190920C160,2019-09-17,2019-09-17 09:31:55,0.35,0.8333,162,0.35,0.8333,10,0.35,0.8333,10,0.35,0.8333,36,0
IWM190920C160,2019-09-17,2019-09-17 09:31:56,0.34,0.8095,2,0.33,0.7857,78,0.34,0.8095,4,0.335,0.7976,41,5
IWM190920C160,2019-09-17,2019-09-17 09:31:56,0.34,0.8095,16,0.33,0.7857,78,0.34,0.8095,4,0.335,0.7976,41,0
IWM190920C160,2019-09-17,2019-09-17 09:31:57,0.35,0.8333,169,0.33,0.7857,356,0.34,0.8095,4,0.34,0.8095,41,0
IWM190920C160,2019-09-17,2019-09-17 09:31:58,0.35,0.8333,166,0.33,0.7857,590,0.34,0.8095,4,0.34,0.8095,41,0
IWM190920C160,2019-09-17,2019-09-17 09:31:58,0.35,0.8333,169,0.33,0.7857,529,0.34,0.8095,4,0.34,0.8095,41,0
IWM190920C160,2019-09-17,2019-09-17 09:31:59,0.35,0.8333,156,0.33,0.7857,590,0.34,0.8095,4,0.34,0.8095,41,0
IWM190920C160,2019-09-17,2019-09-17 09:31:59,0.35,0.8333,156,0.33,0.7857,646,0.34,0.8095,4,0.34,0.8095,41,0
IWM190920C160,2019-09-17,2019-09-17 09:32:00,0.35,0.8333,103,0.34,0.8095,20,0.34,0.8095,4,0.345,0.8214,41,0
IWM190920C160,2019-09-17,2019-09-17 09:32:00,0.35,0.8333,150,0.33,0.7857,78,0.34,0.8095,4,0.34,0.8095,41,0
IWM190920C160,2019-09-17,2019-09-17 09:32:01,0.36,0.8571,201,0.32,0.7619,30,0.34,0.8095,4,0.34,0.8095,41,0
IWM190920C160,2019-09-17,2019-09-17 09:32:01,0.36,0.8571,211,0.32,0.7619,30,0.34,0.8095,4,0.34,0.8095,41,0
IWM190920C160,2019-09-17,2019-09-17 09:32:02,0.35,0.8333,200,0.33,0.7857,62,0.34,0.8095,4,0.34,0.8095,41,0
IWM190920C160,2019-09-17,2019-09-17 09:32:02,0.35,0.8333,185,0.32,0.7619,448,0.34,0.8095,4,0.335,0.7976,41,0
IWM190920C160,2019-09-17,2019-09-17 09:32:03,0.35,0.8333,223,0.33,0.7857,134,0.34,0.8095,4,0.34,0.8095,41,0
IWM190920C160,2019-09-17,2019-09-17 09:32:03,0.35,0.8333,157,0.33,0.7857,331,0.34,0.8095,4,0.34,0.8095,41,0
IWM190920C160,2019-09-17,2019-09-17 09:32:04,0.35,0.8333,174,0.33,0.7857,435,0.34,0.8095,4,0.34,0.8095,41,0
IWM190920C160,2019-09-17,2019-09-17 09:32:04,0.35,0.8333,174,0.33,0.7857,341,0.34,0.8095,4,0.34,0.8095,41,0
IWM190920C160,2019-09-17,2019-09-17 09:32:05,0.35,0.8333,150,0.34,0.8095,78,0.34,0.8095,4,0.345,0.8214,41,0
IWM190920C160,2019-09-17,2019-09-17 09:32:06,0.36,0.8571,150,0.34,0.8095,117,0.34,0.8095,4,0.35,0.8333,41,0
IWM190920C160,2019-09-17,2019-09-17 09:32:06,0.36,0.8571,189,0.34,0.8095,414,0.34,0.8095,4,0.35,0.8333,41,0
IWM190920C160,2019-09-17,2019-09-17 09:32:07,0.36,0.8571,110,0.34,0.8095,24,0.34,0.8095,4,0.35,0.8333,41,0
IWM190920C160,2019-09-17,2019-09-17 09:32:07,0.36,0.8571,9,0.34,0.8095,545,0.34,0.8095,4,0.35,0.8333,41,0
IWM190920C160,2019-09-17,2019-09-17 09:32:08,0.36,0.8571,150,0.34,0.8095,21,0.34,0.8095,4,0.35,0.8333,41,0
IWM190920C160,2019-09-17,2019-09-17 09:32:08,0.36,0.8571,155,0.34,0.8095,24,0.34,0.8095,4,0.35,0.8333,41,0
IWM190920C160,2019-09-17,2019-09-17 09:32:09,0.36,0.8571,150,0.34,0.8095,109,0.34,0.8095,4,0.35,0.8333,41,0
IWM190920C160,2019-09-17,2019-09-17 09:32:09,0.36,0.8571,164,0.34,0.8095,81,0.34,0.8095,4,0.35,0.8333,41,0
IWM190920C160,2019-09-17,2019-09-17 09:32:10,0.36,0.8571,150,0.34,0.8095,113,0.34,0.8095,4,0.35,0.8333,41,0
IWM190920C160,2019-09-17,2019-09-17 09:32:10,0.36,0.8571,151,0.34,0.8095,24,0.34,0.8095,4,0.35,0.8333,41,0
IWM190920C160,2019-09-17,2019-09-17 09:32:11,0.36,0.8571,183,0.34,0.8095,51,0.34,0.8095,4,0.35,0.8333,41,0
IWM190920C160,2019-09-17,2019-09-17 09:32:11,0.36,0.8571,181,0.34,0.8095,51,0.34,0.8095,4,0.35,0.8333,41,0
IWM190920C160,2019-09-17,2019-09-17 09:32:12,0.36,0.8571,183,0.34,0.8095,87,0.34,0.8095,4,0.35,0.8333,41,0
IWM190920C160,2019-09-17,2019-09-17 09:32:12,0.36,0.8571,150,0.34,0.8095,192,0.34,0.8095,4,0.35,0.8333,41,0
IWM190920C160,2019-09-17,2019-09-17 09:32:13,0.38,0.9047,466,0.34,0.8095,588,0.34,0.8095,4,0.36,0.8571,41,0
IWM190920C160,2019-09-17,2019-09-17 09:32:13,0.38,0.9047,303,0.35,0.8333,32,0.34,0.8095,4,0.365,0.869,41,0
IWM190920C160,2019-09-17,2019-09-17 09:32:14,0.38,0.9047,674,0.34,0.8095,638,0.34,0.8095,4,0.36,0.8571,41,0
IWM190920C160,2019-09-17,2019-09-17 09:32:15,0.38,0.9047,701,0.34,0.8095,535,0.34,0.8095,4,0.36,0.8571,41,0
IWM190920C160,2019-09-17,2019-09-17 09:32:16,0.36,0.8571,192,0.34,0.8095,392,0.34,0.8095,4,0.35,0.8333,41,0
IWM190920C160,2019-09-17,2019-09-17 09:32:16,0.38,0.9047,701,0.34,0.8095,392,0.34,0.8095,4,0.36,0.8571,41,0
IWM190920C160,2019-09-17,2019-09-17 09:32:17,0.35,0.8333,134,0.34,0.8095,35,0.34,0.8095,4,0.345,0.8214,41,0
IWM190920C160,2019-09-17,2019-09-17 09:32:17,0.36,0.8571,192,0.34,0.8095,254,0.34,0.8095,4,0.35,0.8333,41,0
IWM190920C160,2019-09-17,2019-09-17 09:32:18,0.35,0.8333,192,0.34,0.8095,35,0.34,0.8095,4,0.345,0.8214,41,0
IWM190920C160,2019-09-17,2019-09-17 09:32:19,0.34,0.8095,25,0.33,0.7857,482,0.34,0.8095,4,0.335,0.7976,41,0
IWM190920C160,2019-09-17,2019-09-17 09:32:19,0.34,0.8095,25,0.33,0.7857,547,0.34,0.8095,4,0.335,0.7976,41,0
IWM190920C160,2019-09-17,2019-09-17 09:32:20,0.34,0.8095,115,0.33,0.7857,593,0.34,0.8095,4,0.335,0.7976,41,0
IWM190920C160,2019-09-17,2019-09-17 09:32:20,0.35,0.8333,235,0.33,0.7857,563,0.34,0.8095,4,0.34,0.8095,41,0
IWM190920C160,2019-09-17,2019-09-17 09:32:21,0.34,0.8095,42,0.33,0.7857,600,0.34,0.8095,4,0.335,0.7976,41,0
IWM190920C160,2019-09-17,2019-09-17 09:32:22,0.35,0.8333,157,0.33,0.7857,600,0.34,0.8095,4,0.34,0.8095,41,0
IWM190920C160,2019-09-17,2019-09-17 09:32:23,0.34,0.8095,136,0.33,0.7857,439,0.34,0.8095,4,0.335,0.7976,41,0
IWM190920C160,2019-09-17,2019-09-17 09:32:23,0.34,0.8095,150,0.33,0.7857,455,0.34,0.8095,4,0.335,0.7976,41,0
IWM190920C160,2019-09-17,2019-09-17 09:32:24,0.34,0.8095,160,0.33,0.7857,455,0.34,0.8095,4,0.335,0.7976,41,0
IWM190920C160,2019-09-17,2019-09-17 09:32:25,0.34,0.8095,160,0.33,0.7857,455,0.34,0.8095,4,0.335,0.7976,41,0
IWM190920C160,2019-09-17,2019-09-17 09:32:26,0.34,0.8095,258,0.32,0.7619,330,0.34,0.8095,4,0.33,0.7857,41,0
IWM190920C160,2019-09-17,2019-09-17 09:32:26,0.34,0.8095,160,0.33,0.7857,455,0.34,0.8095,4,0.335,0.7976,41,0
IWM190920C160,2019-09-17,2019-09-17 09:32:27,0.34,0.8095,258,0.32,0.7619,582,0.34,0.8095,4,0.33,0.7857,41,0
IWM190920C160,2019-09-17,2019-09-17 09:32:27,0.34,0.8095,100,0.32,0.7619,116,0.34,0.8095,4,0.33,0.7857,41,0
IWM190920C160,2019-09-17,2019-09-17 09:32:28,0.35,0.8333,195,0.32,0.7619,300,0.34,0.8095,4,0.335,0.7976,41,0
IWM190920C160,2019-09-17,2019-09-17 09:32:28,0.35,0.8333,210,0.32,0.7619,383,0.34,0.8095,4,0.335,0.7976,41,0
IWM190920C160,2019-09-17,2019-09-17 09:32:29,0.35,0.8333,252,0.32,0.7619,216,0.34,0.8095,4,0.335,0.7976,41,0
IWM190920C160,2019-09-17,2019-09-17 09:32:29,0.35,0.8333,388,0.32,0.7619,511,0.34,0.8095,4,0.335,0.7976,41,0
IWM190920C160,2019-09-17,2019-09-17 09:32:30,0.35,0.8333,456,0.32,0.7619,384,0.34,0.8095,4,0.335,0.7976,41,0
IWM190920C160,2019-09-17,2019-09-17 09:32:30,0.35,0.8333,475,0.32,0.7619,88,0.34,0.8095,4,0.335,0.7976,41,0
IWM190920C160,2019-09-17,2019-09-17 09:32:31,0.35,0.8333,475,0.32,0.7619,59,0.34,0.8095,4,0.335,0.7976,41,0
IWM190920C160,2019-09-17,2019-09-17 09:32:32,0.35,0.8333,465,0.32,0.7619,27,0.34,0.8095,4,0.335,0.7976,41,0
IWM190920C160,2019-09-17,2019-09-17 09:32:32,0.35,0.8333,511,0.32,0.7619,27,0.34,0.8095,4,0.335,0.7976,41,0
IWM190920C160,2019-09-17,2019-09-17 09:32:33,0.35,0.8333,511,0.32,0.7619,27,0.34,0.8095,4,0.335,0.7976,41,0
IWM190920C160,2019-09-17,2019-09-17 09:32:33,0.35,0.8333,742,0.31,0.738,286,0.34,0.8095,4,0.33,0.7857,41,0
IWM190920C160,2019-09-17,2019-09-17 09:32:34,0.34,0.8095,92,0.31,0.738,440,0.34,0.8095,4,0.325,0.7738,41,0
IWM190920C160,2019-09-17,2019-09-17 09:32:34,0.34,0.8095,182,0.31,0.738,565,0.34,0.8095,4,0.325,0.7738,41,0
IWM190920C160,2019-09-17,2019-09-17 09:32:35,0.34,0.8095,182,0.31,0.738,565,0.34,0.8095,4,0.325,0.7738,41,0
IWM190920C160,2019-09-17,2019-09-17 09:32:35,0.34,0.8095,249,0.31,0.738,565,0.34,0.8095,4,0.325,0.7738,41,0
IWM190920C160,2019-09-17,2019-09-17 09:32:36,0.34,0.8095,247,0.31,0.738,391,0.34,0.8095,4,0.325,0.7738,41,0
IWM190920C160,2019-09-17,2019-09-17 09:32:36,0.34,0.8095,249,0.31,0.738,565,0.34,0.8095,4,0.325,0.7738,41,0
IWM190920C160,2019-09-17,2019-09-17 09:32:37,0.34,0.8095,552,0.31,0.738,682,0.34,0.8095,4,0.325,0.7738,41,0
IWM190920C160,2019-09-17,2019-09-17 09:32:37,0.34,0.8095,326,0.31,0.738,560,0.34,0.8095,4,0.325,0.7738,41,0
IWM190920C160,2019-09-17,2019-09-17 09:32:38,0.34,0.8095,552,0.31,0.738,724,0.34,0.8095,4,0.325,0.7738,41,0
IWM190920C160,2019-09-17,2019-09-17 09:32:38,0.34,0.8095,552,0.31,0.738,667,0.34,0.8095,4,0.325,0.7738,41,0
IWM190920C160,2019-09-17,2019-09-17 09:32:39,0.34,0.8095,590,0.31,0.738,608,0.34,0.8095,4,0.325,0.7738,41,0
IWM190920C160,2019-09-17,2019-09-17 09:32:39,0.34,0.8095,124,0.31,0.738,494,0.34,0.8095,4,0.325,0.7738,41,0
IWM190920C160,2019-09-17,2019-09-17 09:32:40,0.34,0.8095,151,0.31,0.738,413,0.34,0.8095,4,0.325,0.7738,41,0
IWM190920C160,2019-09-17,2019-09-17 09:32:41,0.34,0.8095,288,0.31,0.738,653,0.34,0.8095,4,0.325,0.7738,41,0
IWM190920C160,2019-09-17,2019-09-17 09:32:41,0.34,0.8095,423,0.31,0.738,778,0.34,0.8095,4,0.325,0.7738,41,0
IWM190920C160,2019-09-17,2019-09-17 09:32:42,0.34,0.8095,194,0.31,0.738,748,0.34,0.8095,4,0.325,0.7738,41,0
IWM190920C160,2019-09-17,2019-09-17 09:32:42,0.34,0.8095,150,0.31,0.738,413,0.34,0.8095,4,0.325,0.7738,41,0
IWM190920C160,2019-09-17,2019-09-17 09:32:43,0.34,0.8095,150,0.31,0.738,647,0.34,0.8095,4,0.325,0.7738,41,0
IWM190920C160,2019-09-17,2019-09-17 09:32:43,0.34,0.8095,327,0.31,0.738,713,0.34,0.8095,4,0.325,0.7738,41,0
IWM190920C160,2019-09-17,2019-09-17 09:32:44,0.34,0.8095,341,0.31,0.738,730,0.34,0.8095,4,0.325,0.7738,41,0
IWM190920C160,2019-09-17,2019-09-17 09:32:44,0.34,0.8095,327,0.31,0.738,663,0.34,0.8095,4,0.325,0.7738,41,0
IWM190920C160,2019-09-17,2019-09-17 09:32:45,0.34,0.8095,405,0.31,0.738,879,0.34,0.8095,4,0.325,0.7738,41,0
IWM190920C160,2019-09-17,2019-09-17 09:32:45,0.34,0.8095,405,0.31,0.738,867,0.34,0.8095,4,0.325,0.7738,41,0
IWM190920C160,2019-09-17,2019-09-17 09:32:46,0.34,0.8095,405,0.31,0.738,879,0.34,0.8095,4,0.325,0.7738,41,0
IWM190920C160,2019-09-17,2019-09-17 09:32:46,0.34,0.8095,405,0.31,0.738,885,0.34,0.8095,4,0.325,0.7738,41,0
IWM190920C160,2019-09-17,2019-09-17 09:32:47,0.34,0.8095,405,0.31,0.738,885,0.34,0.8095,4,0.325,0.7738,41,0
IWM190920C160,2019-09-17,2019-09-17 09:32:47,0.34,0.8095,405,0.31,0.738,1033,0.34,0.8095,4,0.325,0.7738,41,0
IWM190920C160,2019-09-17,2019-09-17 09:32:48,0.34,0.8095,463,0.31,0.738,22,0.34,0.8095,4,0.325,0.7738,41,0
IWM190920C160,2019-09-17,2019-09-17 09:32:48,0.34,0.8095,1325,0.31,0.738,22,0.34,0.8095,4,0.325,0.7738,41,0
IWM190920C160,2019-09-17,2019-09-17 09:32:49,0.33,0.7857,150,0.31,0.738,43,0.33,0.7857,4,0.32,0.7619,45,4
IWM190920C160,2019-09-17,2019-09-17 09:32:49,0.33,0.7857,163,0.31,0.738,85,0.33,0.7857,4,0.32,0.7619,45,0
IWM190920C160,2019-09-17,2019-09-17 09:32:50,0.33,0.7857,271,0.31,0.738,235,0.33,0.7857,4,0.32,0.7619,45,0
IWM190920C160,2019-09-17,2019-09-17 09:32:50,0.33,0.7857,271,0.31,0.738,297,0.33,0.7857,4,0.32,0.7619,45,0
IWM190920C160,2019-09-17,2019-09-17 09:32:51,0.33,0.7857,143,0.31,0.738,254,0.33,0.7857,4,0.32,0.7619,45,0
IWM190920C160,2019-09-17,2019-09-17 09:32:51,0.33,0.7857,150,0.31,0.738,470,0.33,0.7857,4,0.32,0.7619,45,0
IWM190920C160,2019-09-17,2019-09-17 09:32:52,0.33,0.7857,437,0.3,0.7142,99,0.33,0.7857,4,0.315,0.75,45,0
IWM190920C160,2019-09-17,2019-09-17 09:32:52,0.32,0.7619,50,0.3,0.7142,206,0.33,0.7857,10,0.31,0.738,55,10
IWM190920C160,2019-09-17,2019-09-17 09:32:53,0.33,0.7857,379,0.3,0.7142,237,0.33,0.7857,10,0.315,0.75,55,0
IWM190920C160,2019-09-17,2019-09-17 09:32:53,0.33,0.7857,626,0.3,0.7142,172,0.33,0.7857,10,0.315,0.75,55,0
IWM190920C160,2019-09-17,2019-09-17 09:32:54,0.32,0.7619,232,0.3,0.7142,578,0.33,0.7857,10,0.31,0.738,55,0
IWM190920C160,2019-09-17,2019-09-17 09:32:54,0.32,0.7619,50,0.3,0.7142,534,0.33,0.7857,10,0.31,0.738,55,0
IWM190920C160,2019-09-17,2019-09-17 09:32:55,0.32,0.7619,150,0.3,0.7142,538,0.33,0.7857,10,0.31,0.738,55,0
IWM190920C160,2019-09-17,2019-09-17 09:32:55,0.32,0.7619,188,0.3,0.7142,369,0.33,0.7857,10,0.31,0.738,55,0
IWM190920C160,2019-09-17,2019-09-17 09:32:56,0.33,0.7857,277,0.3,0.7142,38,0.33,0.7857,10,0.315,0.75,55,0
IWM190920C160,2019-09-17,2019-09-17 09:32:57,0.32,0.7619,22,0.3,0.7142,45,0.33,0.7857,10,0.31,0.738,55,0
IWM190920C160,2019-09-17,2019-09-17 09:32:57,0.32,0.7619,187,0.3,0.7142,45,0.33,0.7857,10,0.31,0.738,55,0
IWM190920C160,2019-09-17,2019-09-17 09:32:58,0.32,0.7619,316,0.3,0.7142,45,0.33,0.7857,10,0.31,0.738,55,0
IWM190920C160,2019-09-17,2019-09-17 09:32:59,0.32,0.7619,316,0.3,0.7142,45,0.33,0.7857,10,0.31,0.738,55,0
IWM190920C160,2019-09-17,2019-09-17 09:33:00,0.32,0.7619,316,0.3,0.7142,178,0.33,0.7857,10,0.31,0.738,55,0
IWM190920C160,2019-09-17,2019-09-17 09:33:00,0.32,0.7619,296,0.3,0.7142,406,0.33,0.7857,10,0.31,0.738,55,0
IWM190920C160,2019-09-17,2019-09-17 09:33:01,0.32,0.7619,296,0.3,0.7142,236,0.33,0.7857,10,0.31,0.738,55,0
IWM190920C160,2019-09-17,2019-09-17 09:33:01,0.32,0.7619,321,0.3,0.7142,54,0.33,0.7857,10,0.31,0.738,55,0
IWM190920C160,2019-09-17,2019-09-17 09:33:02,0.32,0.7619,346,0.29,0.6904,318,0.33,0.7857,10,0.305,0.7261,55,0
IWM190920C160,2019-09-17,2019-09-17 09:33:02,0.32,0.7619,370,0.29,0.6904,237,0.33,0.7857,10,0.305,0.7261,55,0
IWM190920C160,2019-09-17,2019-09-17 09:33:03,0.32,0.7619,401,0.29,0.6904,350,0.33,0.7857,10,0.305,0.7261,55,0
IWM190920C160,2019-09-17,2019-09-17 09:33:03,0.32,0.7619,365,0.29,0.6904,512,0.33,0.7857,10,0.305,0.7261,55,0
IWM190920C160,2019-09-17,2019-09-17 09:33:04,0.32,0.7619,477,0.29,0.6904,110,0.33,0.7857,10,0.305,0.7261,55,0
IWM190920C160,2019-09-17,2019-09-17 09:33:04,0.32,0.7619,817,0.29,0.6904,110,0.33,0.7857,10,0.305,0.7261,55,0
IWM190920C160,2019-09-17,2019-09-17 09:33:05,0.32,0.7619,521,0.29,0.6904,164,0.33,0.7857,10,0.305,0.7261,55,0
IWM190920C160,2019-09-17,2019-09-17 09:33:05,0.32,0.7619,625,0.29,0.6904,164,0.33,0.7857,10,0.305,0.7261,55,0
IWM190920C160,2019-09-17,2019-09-17 09:33:06,0.32,0.7619,1032,0.29,0.6904,22,0.33,0.7857,10,0.305,0.7261,55,0
IWM190920C160,2019-09-17,2019-09-17 09:33:06,0.32,0.7619,625,0.29,0.6904,164,0.33,0.7857,10,0.305,0.7261,55,0
IWM190920C160,2019-09-17,2019-09-17 09:33:07,0.31,0.738,470,0.28,0.6666,1063,0.33,0.7857,10,0.295,0.7023,55,0
IWM190920C160,2019-09-17,2019-09-17 09:33:07,0.32,0.7619,1032,0.28,0.6666,1063,0.33,0.7857,10,0.3,0.7142,55,0
IWM190920C160,2019-09-17,2019-09-17 09:33:08,0.31,0.738,528,0.28,0.6666,905,0.33,0.7857,10,0.295,0.7023,55,0
IWM190920C160,2019-09-17,2019-09-17 09:33:09,0.31,0.738,472,0.29,0.6904,579,0.33,0.7857,10,0.3,0.7142,55,0
IWM190920C160,2019-09-17,2019-09-17 09:33:09,0.31,0.738,480,0.28,0.6666,879,0.33,0.7857,10,0.295,0.7023,55,0
IWM190920C160,2019-09-17,2019-09-17 09:33:10,0.31,0.738,395,0.29,0.6904,820,0.33,0.7857,10,0.3,0.7142,55,0
IWM190920C160,2019-09-17,2019-09-17 09:33:10,0.31,0.738,386,0.29,0.6904,620,0.33,0.7857,10,0.3,0.7142,55,0
IWM190920C160,2019-09-17,2019-09-17 09:33:11,0.31,0.738,395,0.29,0.6904,860,0.33,0.7857,10,0.3,0.7142,55,0
IWM190920C160,2019-09-17,2019-09-17 09:33:12,0.31,0.738,395,0.29,0.6904,860,0.33,0.7857,10,0.3,0.7142,55,0
IWM190920C160,2019-09-17,2019-09-17 09:33:12,0.31,0.738,429,0.29,0.6904,860,0.33,0.7857,10,0.3,0.7142,55,0
IWM190920C160,2019-09-17,2019-09-17 09:33:13,0.31,0.738,429,0.29,0.6904,860,0.33,0.7857,10,0.3,0.7142,55,0
IWM190920C160,2019-09-17,2019-09-17 09:33:13,0.31,0.738,181,0.3,0.7142,50,0.33,0.7857,10,0.305,0.7261,55,0
IWM190920C160,2019-09-17,2019-09-17 09:33:14,0.32,0.7619,361,0.3,0.7142,182,0.33,0.7857,10,0.31,0.738,55,0
IWM190920C160,2019-09-17,2019-09-17 09:33:14,0.32,0.7619,188,0.3,0.7142,121,0.33,0.7857,10,0.31,0.738,55,0
IWM190920C160,2019-09-17,2019-09-17 09:33:15,0.32,0.7619,307,0.3,0.7142,167,0.33,0.7857,10,0.31,0.738,55,0
IWM190920C160,2019-09-17,2019-09-17 09:33:15,0.32,0.7619,353,0.3,0.7142,395,0.33,0.7857,10,0.31,0.738,55,0
IWM190920C160,2019-09-17,2019-09-17 09:33:16,0.32,0.7619,244,0.3,0.7142,65,0.33,0.7857,10,0.31,0.738,55,0
IWM190920C160,2019-09-17,2019-09-17 09:33:16,0.32,0.7619,348,0.3,0.7142,222,0.33,0.7857,10,0.31,0.738,55,0
IWM190920C160,2019-09-17,2019-09-17 09:33:17,0.31,0.738,110,0.3,0.7142,65,0.33,0.7857,10,0.305,0.7261,55,0
IWM190920C160,2019-09-17,2019-09-17 09:33:17,0.32,0.7619,315,0.3,0.7142,65,0.33,0.7857,10,0.31,0.738,55,0
IWM190920C160,2019-09-17,2019-09-17 09:33:18,0.32,0.7619,64,0.3,0.7142,110,0.33,0.7857,10,0.31,0.738,55,0
IWM190920C160,2019-09-17,2019-09-17 09:33:18,0.32,0.7619,229,0.3,0.7142,304,0.33,0.7857,10,0.31,0.738,55,0
IWM190920C160,2019-09-17,2019-09-17 09:33:19,0.32,0.7619,408,0.3,0.7142,595,0.33,0.7857,10,0.31,0.738,55,0
IWM190920C160,2019-09-17,2019-09-17 09:33:19,0.32,0.7619,449,0.3,0.7142,592,0.33,0.7857,10,0.31,0.738,55,0
IWM190920C160,2019-09-17,2019-09-17 09:33:20,0.32,0.7619,265,0.3,0.7142,824,0.33,0.7857,10,0.31,0.738,55,0
IWM190920C160,2019-09-17,2019-09-17 09:33:20,0.32,0.7619,265,0.3,0.7142,648,0.33,0.7857,10,0.31,0.738,55,0
IWM190920C160,2019-09-17,2019-09-17 09:33:21,0.32,0.7619,331,0.3,0.7142,860,0.33,0.7857,10,0.31,0.738,55,0
IWM190920C160,2019-09-17,2019-09-17 09:33:21,0.32,0.7619,265,0.3,0.7142,824,0.33,0.7857,10,0.31,0.738,55,0
IWM190920C160,2019-09-17,2019-09-17 09:33:22,0.32,0.7619,186,0.3,0.7142,876,0.33,0.7857,10,0.31,0.738,55,0
IWM190920C160,2019-09-17,2019-09-17 09:33:23,0.32,0.7619,172,0.3,0.7142,441,0.33,0.7857,10,0.31,0.738,55,0
IWM190920C160,2019-09-17,2019-09-17 09:33:23,0.32,0.7619,172,0.3,0.7142,859,0.33,0.7857,10,0.31,0.738,55,0
IWM190920C160,2019-09-17,2019-09-17 09:33:24,0.32,0.7619,172,0.3,0.7142,875,0.33,0.7857,10,0.31,0.738,55,0
IWM190920C160,2019-09-17,2019-09-17 09:33:25,0.32,0.7619,172,0.3,0.7142,651,0.33,0.7857,10,0.31,0.738,55,0
IWM190920C160,2019-09-17,2019-09-17 09:33:25,0.32,0.7619,100,0.3,0.7142,878,0.33,0.7857,10,0.31,0.738,55,0
IWM190920C160,2019-09-17,2019-09-17 09:33:26,0.32,0.7619,100,0.3,0.7142,878,0.33,0.7857,10,0.31,0.738,55,0
IWM190920C160,2019-09-17,2019-09-17 09:33:27,0.32,0.7619,150,0.31,0.738,51,0.33,0.7857,10,0.315,0.75,55,0
IWM190920C160,2019-09-17,2019-09-17 09:33:27,0.32,0.7619,189,0.3,0.7142,437,0.33,0.7857,10,0.31,0.738,55,0
IWM190920C160,2019-09-17,2019-09-17 09:33:28,0.32,0.7619,268,0.3,0.7142,505,0.33,0.7857,10,0.31,0.738,55,0
IWM190920C160,2019-09-17,2019-09-17 09:33:28,0.32,0.7619,278,0.3,0.7142,171,0.33,0.7857,10,0.31,0.738,55,0
IWM190920C160,2019-09-17,2019-09-17 09:33:29,0.31,0.738,57,0.3,0.7142,28,0.33,0.7857,10,0.305,0.7261,55,0
IWM190920C160,2019-09-17,2019-09-17 09:33:29,0.31,0.738,100,0.29,0.6904,883,0.33,0.7857,10,0.3,0.7142,55,0
IWM190920C160,2019-09-17,2019-09-17 09:33:30,0.31,0.738,100,0.29,0.6904,781,0.33,0.7857,10,0.3,0.7142,55,0
IWM190920C160,2019-09-17,2019-09-17 09:33:30,0.31,0.738,110,0.29,0.6904,202,0.33,0.7857,10,0.3,0.7142,55,0
IWM190920C160,2019-09-17,2019-09-17 09:33:31,0.31,0.738,314,0.29,0.6904,30,0.33,0.7857,10,0.3,0.7142,55,0
IWM190920C160,2019-09-17,2019-09-17 09:33:32,0.31,0.738,349,0.28,0.6666,889,0.33,0.7857,10,0.295,0.7023,55,0
IWM190920C160,2019-09-17,2019-09-17 09:33:32,0.31,0.738,349,0.29,0.6904,10,0.33,0.7857,10,0.3,0.7142,55,0
IWM190920C160,2019-09-17,2019-09-17 09:33:33,0.31,0.738,479,0.28,0.6666,669,0.33,0.7857,10,0.295,0.7023,55,0
IWM190920C160,2019-09-17,2019-09-17 09:33:33,0.31,0.738,601,0.28,0.6666,288,0.33,0.7857,10,0.295,0.7023,55,0
IWM190920C160,2019-09-17,2019-09-17 09:33:34,0.31,0.738,601,0.28,0.6666,394,0.33,0.7857,10,0.295,0.7023,55,0
IWM190920C160,2019-09-17,2019-09-17 09:33:34,0.31,0.738,611,0.28,0.6666,598,0.33,0.7857,10,0.295,0.7023,55,0
IWM190920C160,2019-09-17,2019-09-17 09:33:35,0.31,0.738,300,0.28,0.6666,313,0.33,0.7857,10,0.295,0.7023,55,0
IWM190920C160,2019-09-17,2019-09-17 09:33:35,0.31,0.738,961,0.28,0.6666,655,0.33,0.7857,10,0.295,0.7023,55,0
IWM190920C160,2019-09-17,2019-09-17 09:33:36,0.31,0.738,611,0.28,0.6666,290,0.33,0.7857,10,0.295,0.7023,55,0
IWM190920C160,2019-09-17,2019-09-17 09:33:36,0.3,0.7142,150,0.28,0.6666,324,0.33,0.7857,10,0.29,0.6904,55,0
IWM190920C160,2019-09-17,2019-09-17 09:33:37,0.3,0.7142,150,0.28,0.6666,340,0.33,0.7857,10,0.29,0.6904,55,0
IWM190920C160,2019-09-17,2019-09-17 09:33:37,0.31,0.738,112,0.29,0.6904,67,0.33,0.7857,10,0.3,0.7142,55,0
IWM190920C160,2019-09-17,2019-09-17 09:33:38,0.3,0.7142,150,0.29,0.6904,32,0.33,0.7857,10,0.295,0.7023,55,0
IWM190920C160,2019-09-17,2019-09-17 09:33:39,0.3,0.7142,150,0.29,0.6904,32,0.33,0.7857,10,0.295,0.7023,55,0
IWM190920C160,2019-09-17,2019-09-17 09:33:40,0.3,0.7142,150,0.29,0.6904,32,0.33,0.7857,10,0.295,0.7023,55,0
IWM190920C160,2019-09-17,2019-09-17 09:33:40,0.3,0.7142,198,0.28,0.6666,352,0.33,0.7857,10,0.29,0.6904,55,0
IWM190920C160,2019-09-17,2019-09-17 09:33:41,0.3,0.7142,198,0.28,0.6666,647,0.28,0.6666,1,0.29,0.6904,56,0
IWM190920C160,2019-09-17,2019-09-17 09:33:41,0.3,0.7142,198,0.28,0.6666,647,0.28,0.6666,1,0.29,0.6904,56,1
IWM190920C160,2019-09-17,2019-09-17 09:33:42,0.3,0.7142,446,0.28,0.6666,631,0.28,0.6666,1,0.29,0.6904,56,0
IWM190920C160,2019-09-17,2019-09-17 09:33:42,0.3,0.7142,437,0.28,0.6666,631,0.28,0.6666,1,0.29,0.6904,56,0
IWM190920C160,2019-09-17,2019-09-17 09:33:43,0.3,0.7142,216,0.28,0.6666,631,0.28,0.6666,1,0.29,0.6904,56,0
IWM190920C160,2019-09-17,2019-09-17 09:33:43,0.3,0.7142,446,0.28,0.6666,631,0.28,0.6666,1,0.29,0.6904,56,0
IWM190920C160,2019-09-17,2019-09-17 09:33:44,0.29,0.6904,124,0.28,0.6666,16,0.28,0.6666,1,0.285,0.6785,56,0
IWM190920C160,2019-09-17,2019-09-17 09:33:44,0.3,0.7142,409,0.28,0.6666,274,0.28,0.6666,1,0.29,0.6904,56,0
IWM190920C160,2019-09-17,2019-09-17 09:33:45,0.29,0.6904,127,0.27,0.6428,248,0.28,0.6666,1,0.28,0.6666,56,0
IWM190920C160,2019-09-17,2019-09-17 09:33:45,0.29,0.6904,195,0.27,0.6428,393,0.28,0.6666,1,0.28,0.6666,56,0
IWM190920C160,2019-09-17,2019-09-17 09:33:46,0.29,0.6904,155,0.27,0.6428,443,0.28,0.6666,1,0.28,0.6666,56,0
IWM190920C160,2019-09-17,2019-09-17 09:33:46,0.29,0.6904,100,0.27,0.6428,501,0.28,0.6666,1,0.28,0.6666,56,0
IWM190920C160,2019-09-17,2019-09-17 09:33:47,0.29,0.6904,155,0.28,0.6666,56,0.28,0.6666,1,0.285,0.6785,56,0
IWM190920C160,2019-09-17,2019-09-17 09:33:47,0.29,0.6904,155,0.28,0.6666,87,0.28,0.6666,1,0.285,0.6785,56,0
IWM190920C160,2019-09-17,2019-09-17 09:33:48,0.3,0.7142,341,0.28,0.6666,87,0.28,0.6666,1,0.29,0.6904,56,0
IWM190920C160,2019-09-17,2019-09-17 09:33:49,0.3,0.7142,310,0.28,0.6666,87,0.28,0.6666,1,0.29,0.6904,56,0
IWM190920C160,2019-09-17,2019-09-17 09:33:49,0.3,0.7142,335,0.28,0.6666,87,0.28,0.6666,1,0.29,0.6904,56,0
IWM190920C160,2019-09-17,2019-09-17 09:33:50,0.3,0.7142,290,0.28,0.6666,225,0.28,0.6666,1,0.29,0.6904,56,0
IWM190920C160,2019-09-17,2019-09-17 09:33:50,0.3,0.7142,371,0.28,0.6666,225,0.28,0.6666,1,0.29,0.6904,56,0
IWM190920C160,2019-09-17,2019-09-17 09:33:51,0.3,0.7142,290,0.28,0.6666,360,0.28,0.6666,1,0.29,0.6904,56,0
IWM190920C160,2019-09-17,2019-09-17 09:33:51,0.29,0.6904,13,0.28,0.6666,147,0.28,0.6666,1,0.285,0.6785,56,0
IWM190920C160,2019-09-17,2019-09-17 09:33:52,0.29,0.6904,139,0.28,0.6666,147,0.28,0.6666,1,0.285,0.6785,56,0
IWM190920C160,2019-09-17,2019-09-17 09:33:53,0.3,0.7142,264,0.28,0.6666,331,0.28,0.6666,1,0.29,0.6904,56,0
IWM190920C160,2019-09-17,2019-09-17 09:33:53,0.3,0.7142,341,0.28,0.6666,303,0.28,0.6666,1,0.29,0.6904,56,0
IWM190920C160,2019-09-17,2019-09-17 09:33:54,0.3,0.7142,256,0.29,0.6904,1,0.28,0.6666,1,0.295,0.7023,56,0
IWM190920C160,2019-09-17,2019-09-17 09:33:54,0.3,0.7142,256,0.28,0.6666,303,0.28,0.6666,1,0.29,0.6904,56,0
IWM190920C160,2019-09-17,2019-09-17 09:33:55,0.3,0.7142,257,0.29,0.6904,1,0.28,0.6666,1,0.295,0.7023,56,0
IWM190920C160,2019-09-17,2019-09-17 09:33:55,0.3,0.7142,339,0.29,0.6904,1,0.28,0.6666,1,0.295,0.7023,56,0
IWM190920C160,2019-09-17,2019-09-17 09:33:56,0.3,0.7142,100,0.29,0.6904,20,0.28,0.6666,1,0.295,0.7023,56,0
IWM190920C160,2019-09-17,2019-09-17 09:33:56,0.3,0.7142,111,0.29,0.6904,20,0.28,0.6666,1,0.295,0.7023,56,0
IWM190920C160,2019-09-17,2019-09-17 09:33:57,0.3,0.7142,100,0.29,0.6904,1,0.28,0.6666,1,0.295,0.7023,56,0
IWM190920C160,2019-09-17,2019-09-17 09:33:58,0.3,0.7142,100,0.29,0.6904,62,0.28,0.6666,1,0.295,0.7023,56,0
IWM190920C160,2019-09-17,2019-09-17 09:33:58,0.3,0.7142,100,0.29,0.6904,26,0.28,0.6666,1,0.295,0.7023,56,0
IWM190920C160,2019-09-17,2019-09-17 09:33:59,0.3,0.7142,100,0.29,0.6904,32,0.28,0.6666,1,0.295,0.7023,56,0
IWM190920C160,2019-09-17,2019-09-17 09:33:59,0.3,0.7142,164,0.29,0.6904,26,0.28,0.6666,1,0.295,0.7023,56,0
IWM190920C160,2019-09-17,2019-09-17 09:34:00,0.3,0.7142,220,0.29,0.6904,1,0.28,0.6666,1,0.295,0.7023,56,0
IWM190920C160,2019-09-17,2019-09-17 09:34:00,0.3,0.7142,100,0.29,0.6904,1,0.28,0.6666,1,0.295,0.7023,56,0
IWM190920C160,2019-09-17,2019-09-17 09:34:01,0.3,0.7142,100,0.29,0.6904,1,0.28,0.6666,1,0.295,0.7023,56,0
IWM190920C160,2019-09-17,2019-09-17 09:34:01,0.3,0.7142,42,0.29,0.6904,1,0.28,0.6666,1,0.295,0.7023,56,0
IWM190920C160,2019-09-17,2019-09-17 09:34:02,0.3,0.7142,100,0.29,0.6904,32,0.28,0.6666,1,0.295,0.7023,56,0
IWM190920C160,2019-09-17,2019-09-17 09:34:02,0.3,0.7142,100,0.29,0.6904,83,0.28,0.6666,1,0.295,0.7023,56,0
IWM190920C160,2019-09-17,2019-09-17 09:34:03,0.3,0.7142,51,0.29,0.6904,83,0.28,0.6666,1,0.295,0.7023,56,0
IWM190920C160,2019-09-17,2019-09-17 09:34:04,0.3,0.7142,17,0.29,0.6904,552,0.28,0.6666,1,0.295,0.7023,56,0
IWM190920C160,2019-09-17,2019-09-17 09:34:04,0.3,0.7142,17,0.29,0.6904,494,0.28,0.6666,1,0.295,0.7023,56,0
IWM190920C160,2019-09-17,2019-09-17 09:34:05,0.31,0.738,184,0.29,0.6904,552,0.28,0.6666,1,0.3,0.7142,56,0
IWM190920C160,2019-09-17,2019-09-17 09:34:05,0.31,0.738,125,0.29,0.6904,647,0.28,0.6666,1,0.3,0.7142,56,0
IWM190920C160,2019-09-17,2019-09-17 09:34:06,0.31,0.738,17,0.3,0.7142,36,0.28,0.6666,1,0.305,0.7261,56,0
IWM190920C160,2019-09-17,2019-09-17 09:34:06,0.31,0.738,125,0.29,0.6904,600,0.28,0.6666,1,0.3,0.7142,56,0
IWM190920C160,2019-09-17,2019-09-17 09:34:07,0.31,0.738,17,0.3,0.7142,36,0.28,0.6666,1,0.305,0.7261,56,0
IWM190920C160,2019-09-17,2019-09-17 09:34:07,0.31,0.738,17,0.3,0.7142,49,0.3,0.7142,10,0.305,0.7261,66,10
IWM190920C160,2019-09-17,2019-09-17 09:34:08,0.32,0.7619,198,0.3,0.7142,65,0.3,0.7142,10,0.31,0.738,66,0
IWM190920C160,2019-09-17,2019-09-17 09:34:08,0.32,0.7619,188,0.3,0.7142,137,0.3,0.7142,10,0.31,0.738,66,0
IWM190920C160,2019-09-17,2019-09-17 09:34:09,0.32,0.7619,198,0.3,0.7142,137,0.3,0.7142,10,0.31,0.738,66,0
IWM190920C160,2019-09-17,2019-09-17 09:34:09,0.32,0.7619,218,0.3,0.7142,102,0.3,0.7142,10,0.31,0.738,66,0
IWM190920C160,2019-09-17,2019-09-17 09:34:10,0.32,0.7619,208,0.3,0.7142,102,0.3,0.7142,10,0.31,0.738,66,0
IWM190920C160,2019-09-17,2019-09-17 09:34:11,0.32,0.7619,167,0.3,0.7142,185,0.3,0.7142,10,0.31,0.738,66,0
IWM190920C160,2019-09-17,2019-09-17 09:34:11,0.32,0.7619,187,0.3,0.7142,61,0.3,0.7142,10,0.31,0.738,66,0
IWM190920C160,2019-09-17,2019-09-17 09:34:12,0.32,0.7619,11,0.3,0.7142,243,0.3,0.7142,10,0.31,0.738,66,0
IWM190920C160,2019-09-17,2019-09-17 09:34:12,0.32,0.7619,11,0.31,0.738,6,0.3,0.7142,10,0.315,0.75,66,0
IWM190920C160,2019-09-17,2019-09-17 09:34:13,0.33,0.7857,78,0.31,0.738,32,0.3,0.7142,10,0.32,0.7619,66,0
IWM190920C160,2019-09-17,2019-09-17 09:34:13,0.33,0.7857,28,0.31,0.738,126,0.3,0.7142,10,0.32,0.7619,66,0
IWM190920C160,2019-09-17,2019-09-17 09:34:14,0.34,0.8095,81,0.32,0.7619,32,0.3,0.7142,10,0.33,0.7857,66,0
IWM190920C160,2019-09-17,2019-09-17 09:34:14,0.34,0.8095,167,0.32,0.7619,32,0.3,0.7142,10,0.33,0.7857,66,0
IWM190920C160,2019-09-17,2019-09-17 09:34:15,0.34,0.8095,174,0.32,0.7619,60,0.3,0.7142,10,0.33,0.7857,66,0
IWM190920C160,2019-09-17,2019-09-17 09:34:15,0.34,0.8095,81,0.32,0.7619,32,0.3,0.7142,10,0.33,0.7857,66,0
IWM190920C160,2019-09-17,2019-09-17 09:34:16,0.34,0.8095,136,0.32,0.7619,60,0.3,0.7142,10,0.33,0.7857,66,0
IWM190920C160,2019-09-17,2019-09-17 09:34:16,0.34,0.8095,337,0.32,0.7619,120,0.3,0.7142,10,0.33,0.7857,66,0
IWM190920C160,2019-09-17,2019-09-17 09:34:17,0.34,0.8095,100,0.32,0.7619,222,0.3,0.7142,10,0.33,0.7857,66,0
IWM190920C160,2019-09-17,2019-09-17 09:34:17,0.34,0.8095,286,0.32,0.7619,77,0.3,0.7142,10,0.33,0.7857,66,0
IWM190920C160,2019-09-17,2019-09-17 09:34:18,0.34,0.8095,116,0.32,0.7619,182,0.3,0.7142,10,0.33,0.7857,66,0
IWM190920C160,2019-09-17,2019-09-17 09:34:18,0.34,0.8095,185,0.32,0.7619,173,0.3,0.7142,10,0.33,0.7857,66,0
IWM190920C160,2019-09-17,2019-09-17 09:34:19,0.34,0.8095,185,0.32,0.7619,173,0.3,0.7142,10,0.33,0.7857,66,0
IWM190920C160,2019-09-17,2019-09-17 09:34:20,0.34,0.8095,185,0.32,0.7619,214,0.3,0.7142,10,0.33,0.7857,66,0
IWM190920C160,2019-09-17,2019-09-17 09:34:20,0.34,0.8095,185,0.32,0.7619,183,0.3,0.7142,10,0.33,0.7857,66,0
IWM190920C160,2019-09-17,2019-09-17 09:34:21,0.34,0.8095,256,0.32,0.7619,183,0.3,0.7142,10,0.33,0.7857,66,0
IWM190920C160,2019-09-17,2019-09-17 09:34:21,0.34,0.8095,16,0.32,0.7619,126,0.3,0.7142,10,0.33,0.7857,66,0
IWM190920C160,2019-09-17,2019-09-17 09:34:22,0.34,0.8095,259,0.32,0.7619,81,0.3,0.7142,10,0.33,0.7857,66,0
IWM190920C160,2019-09-17,2019-09-17 09:34:22,0.34,0.8095,243,0.32,0.7619,176,0.3,0.7142,10,0.33,0.7857,66,0
IWM190920C160,2019-09-17,2019-09-17 09:34:23,0.34,0.8095,35,0.32,0.7619,194,0.3,0.7142,10,0.33,0.7857,66,0
IWM190920C160,2019-09-17,2019-09-17 09:34:23,0.34,0.8095,100,0.32,0.7619,194,0.3,0.7142,10,0.33,0.7857,66,0
IWM190920C160,2019-09-17,2019-09-17 09:34:24,0.34,0.8095,17,0.32,0.7619,505,0.3,0.7142,10,0.33,0.7857,66,0
IWM190920C160,2019-09-17,2019-09-17 09:34:25,0.34,0.8095,17,0.32,0.7619,470,0.3,0.7142,10,0.33,0.7857,66,0
IWM190920C160,2019-09-17,2019-09-17 09:34:26,0.34,0.8095,17,0.32,0.7619,636,0.3,0.7142,10,0.33,0.7857,66,0
IWM190920C160,2019-09-17,2019-09-17 09:34:26,0.34,0.8095,100,0.32,0.7619,510,0.3,0.7142,10,0.33,0.7857,66,0
IWM190920C160,2019-09-17,2019-09-17 09:34:27,0.34,0.8095,17,0.32,0.7619,693,0.3,0.7142,10,0.33,0.7857,66,0
IWM190920C160,2019-09-17,2019-09-17 09:34:27,0.35,0.8333,307,0.32,0.7619,693,0.3,0.7142,10,0.335,0.7976,66,0
IWM190920C160,2019-09-17,2019-09-17 09:34:28,0.34,0.8095,17,0.33,0.7857,32,0.3,0.7142,10,0.335,0.7976,66,0
IWM190920C160,2019-09-17,2019-09-17 09:34:28,0.34,0.8095,150,0.33,0.7857,59,0.3,0.7142,10,0.335,0.7976,66,0
IWM190920C160,2019-09-17,2019-09-17 09:34:29,0.34,0.8095,110,0.32,0.7619,545,0.3,0.7142,10,0.33,0.7857,66,0
IWM190920C160,2019-09-17,2019-09-17 09:34:29,0.34,0.8095,110,0.32,0.7619,561,0.3,0.7142,10,0.33,0.7857,66,0
IWM190920C160,2019-09-17,2019-09-17 09:34:30,0.34,0.8095,97,0.32,0.7619,446,0.3,0.7142,10,0.33,0.7857,66,0
IWM190920C160,2019-09-17,2019-09-17 09:34:30,0.34,0.8095,68,0.32,0.7619,561,0.3,0.7142,10,0.33,0.7857,66,0
IWM190920C160,2019-09-17,2019-09-17 09:34:31,0.34,0.8095,100,0.32,0.7619,573,0.3,0.7142,10,0.33,0.7857,66,0
IWM190920C160,2019-09-17,2019-09-17 09:34:31,0.34,0.8095,100,0.32,0.7619,641,0.3,0.7142,10,0.33,0.7857,66,0
IWM190920C160,2019-09-17,2019-09-17 09:34:32,0.34,0.8095,100,0.32,0.7619,641,0.3,0.7142,10,0.33,0.7857,66,0
IWM190920C160,2019-09-17,2019-09-17 09:34:32,0.34,0.8095,322,0.32,0.7619,107,0.3,0.7142,10,0.33,0.7857,66,0
IWM190920C160,2019-09-17,2019-09-17 09:34:33,0.34,0.8095,284,0.32,0.7619,61,0.3,0.7142,10,0.33,0.7857,66,0
IWM190920C160,2019-09-17,2019-09-17 09:34:33,0.34,0.8095,385,0.31,0.738,399,0.3,0.7142,10,0.325,0.7738,66,0
IWM190920C160,2019-09-17,2019-09-17 09:34:34,0.33,0.7857,270,0.31,0.738,113,0.34,0.8095,1,0.32,0.7619,67,1
IWM190920C160,2019-09-17,2019-09-17 09:34:34,0.33,0.7857,246,0.31,0.738,113,0.34,0.8095,1,0.32,0.7619,68,1
IWM190920C160,2019-09-17,2019-09-17 09:34:35,0.33,0.7857,265,0.31,0.738,113,0.34,0.8095,4,0.32,0.7619,72,0
IWM190920C160,2019-09-17,2019-09-17 09:34:35,0.33,0.7857,222,0.31,0.738,113,0.34,0.8095,4,0.32,0.7619,72,4
IWM190920C160,2019-09-17,2019-09-17 09:34:36,0.33,0.7857,255,0.31,0.738,113,0.34,0.8095,4,0.32,0.7619,72,0
IWM190920C160,2019-09-17,2019-09-17 09:34:36,0.33,0.7857,384,0.31,0.738,113,0.33,0.7857,2,0.32,0.7619,75,3
IWM190920C160,2019-09-17,2019-09-17 09:34:37,0.33,0.7857,408,0.31,0.738,113,0.33,0.7857,2,0.32,0.7619,75,0
IWM190920C160,2019-09-17,2019-09-17 09:34:37,0.33,0.7857,370,0.31,0.738,113,0.33,0.7857,2,0.32,0.7619,75,0
IWM190920C160,2019-09-17,2019-09-17 09:34:38,0.33,0.7857,100,0.31,0.738,209,0.34,0.8095,1,0.32,0.7619,76,1
IWM190920C160,2019-09-17,2019-09-17 09:34:38,0.33,0.7857,100,0.31,0.738,23,0.33,0.7857,2,0.32,0.7619,75,0
IWM190920C160,2019-09-17,2019-09-17 09:34:39,0.33,0.7857,223,0.31,0.738,225,0.34,0.8095,1,0.32,0.7619,76,0
IWM190920C160,2019-09-17,2019-09-17 09:34:39,0.33,0.7857,226,0.31,0.738,225,0.34,0.8095,1,0.32,0.7619,76,0
IWM190920C160,2019-09-17,2019-09-17 09:34:40,0.33,0.7857,239,0.31,0.738,190,0.34,0.8095,1,0.32,0.7619,76,0
IWM190920C160,2019-09-17,2019-09-17 09:34:40,0.33,0.7857,151,0.32,0.7619,24,0.34,0.8095,1,0.325,0.7738,76,0
IWM190920C160,2019-09-17,2019-09-17 09:34:41,0.34,0.8095,117,0.32,0.7619,292,0.34,0.8095,1,0.33,0.7857,76,0
IWM190920C160,2019-09-17,2019-09-17 09:34:41,0.34,0.8095,112,0.32,0.7619,54,0.34,0.8095,1,0.33,0.7857,76,0
IWM190920C160,2019-09-17,2019-09-17 09:34:42,0.34,0.8095,100,0.32,0.7619,161,0.34,0.8095,1,0.33,0.7857,76,0
IWM190920C160,2019-09-17,2019-09-17 09:34:42,0.34,0.8095,100,0.32,0.7619,327,0.34,0.8095,1,0.33,0.7857,76,0
IWM190920C160,2019-09-17,2019-09-17 09:34:43,0.34,0.8095,100,0.32,0.7619,161,0.34,0.8095,1,0.33,0.7857,76,0
IWM190920C160,2019-09-17,2019-09-17 09:34:44,0.34,0.8095,100,0.33,0.7857,59,0.34,0.8095,1,0.335,0.7976,76,0
IWM190920C160,2019-09-17,2019-09-17 09:34:45,0.34,0.8095,100,0.33,0.7857,59,0.34,0.8095,1,0.335,0.7976,76,0
IWM190920C160,2019-09-17,2019-09-17 09:34:46,0.34,0.8095,66,0.33,0.7857,34,0.34,0.8095,1,0.335,0.7976,76,0
IWM190920C160,2019-09-17,2019-09-17 09:34:47,0.34,0.8095,17,0.33,0.7857,34,0.34,0.8095,1,0.335,0.7976,76,0
IWM190920C160,2019-09-17,2019-09-17 09:34:47,0.34,0.8095,17,0.33,0.7857,31,0.34,0.8095,1,0.335,0.7976,76,0
IWM190920C160,2019-09-17,2019-09-17 09:34:48,0.34,0.8095,17,0.33,0.7857,31,0.34,0.8095,1,0.335,0.7976,76,0
IWM190920C160,2019-09-17,2019-09-17 09:34:49,0.35,0.8333,177,0.33,0.7857,20,0.34,0.8095,1,0.34,0.8095,76,0
IWM190920C160,2019-09-17,2019-09-17 09:34:49,0.34,0.8095,17,0.33,0.7857,25,0.34,0.8095,1,0.335,0.7976,76,0
IWM190920C160,2019-09-17,2019-09-17 09:34:50,0.35,0.8333,120,0.33,0.7857,20,0.34,0.8095,1,0.34,0.8095,76,0
IWM190920C160,2019-09-17,2019-09-17 09:34:50,0.35,0.8333,120,0.33,0.7857,32,0.34,0.8095,1,0.34,0.8095,76,0
IWM190920C160,2019-09-17,2019-09-17 09:34:51,0.35,0.8333,120,0.33,0.7857,37,0.34,0.8095,1,0.34,0.8095,76,0
IWM190920C160,2019-09-17,2019-09-17 09:34:52,0.35,0.8333,120,0.33,0.7857,37,0.34,0.8095,1,0.34,0.8095,76,0
IWM190920C160,2019-09-17,2019-09-17 09:34:52,0.35,0.8333,142,0.33,0.7857,37,0.34,0.8095,1,0.34,0.8095,77,1
IWM190920C160,2019-09-17,2019-09-17 09:34:53,0.35,0.8333,40,0.33,0.7857,37,0.34,0.8095,1,0.34,0.8095,77,0
IWM190920C160,2019-09-17,2019-09-17 09:34:53,0.37,0.8809,52,0.33,0.7857,31,0.34,0.8095,1,0.35,0.8333,77,0
IWM190920C160,2019-09-17,2019-09-17 09:34:54,0.36,0.8571,30,0.33,0.7857,134,0.34,0.8095,1,0.345,0.8214,77,0
IWM190920C160,2019-09-17,2019-09-17 09:34:54,0.35,0.8333,7,0.33,0.7857,55,0.34,0.8095,1,0.34,0.8095,77,0
IWM190920C160,2019-09-17,2019-09-17 09:34:55,0.35,0.8333,170,0.33,0.7857,136,0.34,0.8095,1,0.34,0.8095,77,0
IWM190920C160,2019-09-17,2019-09-17 09:34:55,0.35,0.8333,170,0.33,0.7857,135,0.34,0.8095,1,0.34,0.8095,77,0
IWM190920C160,2019-09-17,2019-09-17 09:34:56,0.35,0.8333,170,0.33,0.7857,136,0.34,0.8095,1,0.34,0.8095,77,0
IWM190920C160,2019-09-17,2019-09-17 09:34:56,0.34,0.8095,23,0.33,0.7857,85,0.34,0.8095,1,0.335,0.7976,77,0
IWM190920C160,2019-09-17,2019-09-17 09:34:57,0.34,0.8095,23,0.33,0.7857,85,0.34,0.8095,1,0.335,0.7976,77,0
IWM190920C160,2019-09-17,2019-09-17 09:34:57,0.34,0.8095,50,0.33,0.7857,85,0.34,0.8095,1,0.335,0.7976,77,0
IWM190920C160,2019-09-17,2019-09-17 09:34:58,0.34,0.8095,150,0.33,0.7857,27,0.34,0.8095,1,0.335,0.7976,77,0
IWM190920C160,2019-09-17,2019-09-17 09:34:59,0.34,0.8095,7,0.32,0.7619,425,0.34,0.8095,1,0.33,0.7857,77,0
IWM190920C160,2019-09-17,2019-09-17 09:34:59,0.34,0.8095,100,0.32,0.7619,425,0.34,0.8095,1,0.33,0.7857,77,0
IWM190920C160,2019-09-17,2019-09-17 09:35:00,0.34,0.8095,100,0.32,0.7619,377,0.34,0.8095,1,0.33,0.7857,77,0
IWM190920C160,2019-09-17,2019-09-17 09:35:01,0.34,0.8095,57,0.32,0.7619,163,0.34,0.8095,1,0.33,0.7857,77,0
IWM190920C160,2019-09-17,2019-09-17 09:35:01,0.34,0.8095,100,0.32,0.7619,255,0.34,0.8095,1,0.33,0.7857,77,0
IWM190920C160,2019-09-17,2019-09-17 09:35:02,0.34,0.8095,32,0.32,0.7619,173,0.34,0.8095,1,0.33,0.7857,77,0
IWM190920C160,2019-09-17,2019-09-17 09:35:02,0.34,0.8095,26,0.33,0.7857,24,0.34,0.8095,1,0.335,0.7976,77,0
IWM190920C160,2019-09-17,2019-09-17 09:35:03,0.35,0.8333,27,0.33,0.7857,470,0.34,0.8095,1,0.34,0.8095,77,0
IWM190920C160,2019-09-17,2019-09-17 09:35:04,0.36,0.8571,305,0.34,0.8095,85,0.34,0.8095,1,0.35,0.8333,77,0
IWM190920C160,2019-09-17,2019-09-17 09:35:04,0.36,0.8571,262,0.34,0.8095,154,0.34,0.8095,1,0.35,0.8333,77,0
IWM190920C160,2019-09-17,2019-09-17 09:35:05,0.36,0.8571,100,0.34,0.8095,414,0.34,0.8095,1,0.35,0.8333,77,0
IWM190920C160,2019-09-17,2019-09-17 09:35:05,0.36,0.8571,150,0.35,0.8333,19,0.34,0.8095,1,0.355,0.8452,77,0
IWM190920C160,2019-09-17,2019-09-17 09:35:06,0.36,0.8571,16,0.35,0.8333,72,0.34,0.8095,1,0.355,0.8452,77,0
IWM190920C160,2019-09-17,2019-09-17 09:35:06,0.36,0.8571,16,0.34,0.8095,308,0.34,0.8095,1,0.35,0.8333,77,0
IWM190920C160,2019-09-17,2019-09-17 09:35:07,0.35,0.8333,100,0.34,0.8095,13,0.34,0.8095,1,0.345,0.8214,77,0
IWM190920C160,2019-09-17,2019-09-17 09:35:07,0.36,0.8571,126,0.33,0.7857,226,0.34,0.8095,1,0.345,0.8214,77,0
IWM190920C160,2019-09-17,2019-09-17 09:35:08,0.35,0.8333,100,0.34,0.8095,22,0.34,0.8095,1,0.345,0.8214,77,0
IWM190920C160,2019-09-17,2019-09-17 09:35:08,0.35,0.8333,28,0.34,0.8095,13,0.34,0.8095,1,0.345,0.8214,77,0
IWM190920C160,2019-09-17,2019-09-17 09:35:09,0.35,0.8333,170,0.33,0.7857,133,0.34,0.8095,1,0.34,0.8095,77,0
IWM190920C160,2019-09-17,2019-09-17 09:35:09,0.35,0.8333,100,0.34,0.8095,24,0.34,0.8095,1,0.345,0.8214,77,0
IWM190920C160,2019-09-17,2019-09-17 09:35:10,0.35,0.8333,100,0.33,0.7857,222,0.34,0.8095,1,0.34,0.8095,77,0
IWM190920C160,2019-09-17,2019-09-17 09:35:10,0.35,0.8333,100,0.33,0.7857,229,0.34,0.8095,1,0.34,0.8095,77,0
IWM190920C160,2019-09-17,2019-09-17 09:35:11,0.35,0.8333,255,0.33,0.7857,229,0.34,0.8095,1,0.34,0.8095,77,0
IWM190920C160,2019-09-17,2019-09-17 09:35:11,0.35,0.8333,187,0.33,0.7857,229,0.34,0.8095,1,0.34,0.8095,77,0
IWM190920C160,2019-09-17,2019-09-17 09:35:12,0.35,0.8333,255,0.33,0.7857,133,0.34,0.8095,1,0.34,0.8095,77,0
IWM190920C160,2019-09-17,2019-09-17 09:35:12,0.34,0.8095,7,0.33,0.7857,13,0.34,0.8095,1,0.335,0.7976,77,0
IWM190920C160,2019-09-17,2019-09-17 09:35:13,0.34,0.8095,87,0.32,0.7619,567,0.34,0.8095,1,0.33,0.7857,77,0
IWM190920C160,2019-09-17,2019-09-17 09:35:13,0.34,0.8095,87,0.32,0.7619,433,0.34,0.8095,1,0.33,0.7857,77,0
IWM190920C160,2019-09-17,2019-09-17 09:35:14,0.34,0.8095,58,0.33,0.7857,34,0.34,0.8095,1,0.335,0.7976,77,0
IWM190920C160,2019-09-17,2019-09-17 09:35:15,0.34,0.8095,51,0.33,0.7857,227,0.34,0.8095,1,0.335,0.7976,77,0
IWM190920C160,2019-09-17,2019-09-17 09:35:15,0.35,0.8333,156,0.33,0.7857,34,0.34,0.8095,1,0.34,0.8095,77,0
IWM190920C160,2019-09-17,2019-09-17 09:35:16,0.34,0.8095,100,0.33,0.7857,227,0.34,0.8095,1,0.335,0.7976,77,0
IWM190920C160,2019-09-17,2019-09-17 09:35:16,0.34,0.8095,277,0.32,0.7619,175,0.34,0.8095,1,0.33,0.7857,77,0
IWM190920C160,2019-09-17,2019-09-17 09:35:17,0.34,0.8095,277,0.32,0.7619,244,0.34,0.8095,1,0.33,0.7857,77,0
IWM190920C160,2019-09-17,2019-09-17 09:35:17,0.33,0.7857,40,0.31,0.738,68,0.34,0.8095,1,0.32,0.7619,77,0
IWM190920C160,2019-09-17,2019-09-17 09:35:18,0.33,0.7857,40,0.31,0.738,246,0.34,0.8095,1,0.32,0.7619,77,0
IWM190920C160,2019-09-17,2019-09-17 09:35:18,0.33,0.7857,40,0.31,0.738,46,0.34,0.8095,1,0.32,0.7619,77,0
IWM190920C160,2019-09-17,2019-09-17 09:35:19,0.33,0.7857,177,0.31,0.738,246,0.34,0.8095,1,0.32,0.7619,77,0
IWM190920C160,2019-09-17,2019-09-17 09:35:19,0.33,0.7857,177,0.31,0.738,46,0.34,0.8095,1,0.32,0.7619,77,0
IWM190920C160,2019-09-17,2019-09-17 09:35:20,0.33,0.7857,34,0.32,0.7619,7,0.34,0.8095,1,0.325,0.7738,77,0
IWM190920C160,2019-09-17,2019-09-17 09:35:20,0.33,0.7857,189,0.31,0.738,46,0.34,0.8095,1,0.32,0.7619,77,0
IWM190920C160,2019-09-17,2019-09-17 09:35:21,0.33,0.7857,55,0.31,0.738,424,0.34,0.8095,1,0.32,0.7619,77,0
IWM190920C160,2019-09-17,2019-09-17 09:35:21,0.33,0.7857,73,0.31,0.738,124,0.34,0.8095,1,0.32,0.7619,77,0
IWM190920C160,2019-09-17,2019-09-17 09:35:22,0.33,0.7857,55,0.32,0.7619,34,0.34,0.8095,1,0.325,0.7738,77,0
IWM190920C160,2019-09-17,2019-09-17 09:35:22,0.34,0.8095,492,0.31,0.738,243,0.34,0.8095,1,0.325,0.7738,77,0
IWM190920C160,2019-09-17,2019-09-17 09:35:23,0.33,0.7857,304,0.31,0.738,68,0.34,0.8095,1,0.32,0.7619,77,0
IWM190920C160,2019-09-17,2019-09-17 09:35:23,0.33,0.7857,220,0.31,0.738,243,0.34,0.8095,1,0.32,0.7619,77,0
IWM190920C160,2019-09-17,2019-09-17 09:35:24,0.33,0.7857,116,0.31,0.738,53,0.34,0.8095,1,0.32,0.7619,77,0
IWM190920C160,2019-09-17,2019-09-17 09:35:24,0.33,0.7857,304,0.31,0.738,54,0.34,0.8095,1,0.32,0.7619,77,0
IWM190920C160,2019-09-17,2019-09-17 09:35:25,0.33,0.7857,228,0.31,0.738,37,0.34,0.8095,1,0.32,0.7619,77,0
IWM190920C160,2019-09-17,2019-09-17 09:35:26,0.32,0.7619,39,0.3,0.7142,505,0.34,0.8095,1,0.31,0.738,77,0
IWM190920C160,2019-09-17,2019-09-17 09:35:26,0.32,0.7619,39,0.3,0.7142,379,0.34,0.8095,1,0.31,0.738,77,0
IWM190920C160,2019-09-17,2019-09-17 09:35:27,0.32,0.7619,65,0.3,0.7142,677,0.34,0.8095,1,0.31,0.738,77,0
IWM190920C160,2019-09-17,2019-09-17 09:35:27,0.32,0.7619,28,0.3,0.7142,689,0.34,0.8095,1,0.31,0.738,77,0
IWM190920C160,2019-09-17,2019-09-17 09:35:28,0.32,0.7619,65,0.3,0.7142,639,0.34,0.8095,1,0.31,0.738,77,0
IWM190920C160,2019-09-17,2019-09-17 09:35:28,0.32,0.7619,100,0.31,0.738,58,0.34,0.8095,1,0.315,0.75,77,0
IWM190920C160,2019-09-17,2019-09-17 09:35:29,0.32,0.7619,100,0.31,0.738,82,0.34,0.8095,1,0.315,0.75,77,0
IWM190920C160,2019-09-17,2019-09-17 09:35:29,0.32,0.7619,100,0.31,0.738,19,0.34,0.8095,1,0.315,0.75,77,0
IWM190920C160,2019-09-17,2019-09-17 09:35:30,0.32,0.7619,100,0.3,0.7142,494,0.34,0.8095,1,0.31,0.738,77,0
IWM190920C160,2019-09-17,2019-09-17 09:35:30,0.32,0.7619,100,0.3,0.7142,510,0.34,0.8095,1,0.31,0.738,77,0
IWM190920C160,2019-09-17,2019-09-17 09:35:31,0.32,0.7619,113,0.3,0.7142,498,0.32,0.7619,1,0.31,0.738,78,1
IWM190920C160,2019-09-17,2019-09-17 09:35:31,0.32,0.7619,157,0.3,0.7142,459,0.34,0.8095,1,0.31,0.738,77,0
IWM190920C160,2019-09-17,2019-09-17 09:35:32,0.32,0.7619,113,0.3,0.7142,577,0.32,0.7619,1,0.31,0.738,78,0
IWM190920C160,2019-09-17,2019-09-17 09:35:33,0.32,0.7619,113,0.3,0.7142,622,0.32,0.7619,1,0.31,0.738,78,0
IWM190920C160,2019-09-17,2019-09-17 09:35:33,0.32,0.7619,113,0.3,0.7142,498,0.32,0.7619,1,0.31,0.738,78,0
IWM190920C160,2019-09-17,2019-09-17 09:35:34,0.32,0.7619,113,0.3,0.7142,498,0.32,0.7619,1,0.31,0.738,78,0
IWM190920C160,2019-09-17,2019-09-17 09:35:34,0.32,0.7619,170,0.3,0.7142,624,0.32,0.7619,1,0.31,0.738,78,0
IWM190920C160,2019-09-17,2019-09-17 09:35:35,0.32,0.7619,100,0.3,0.7142,453,0.32,0.7619,1,0.31,0.738,78,0
IWM190920C160,2019-09-17,2019-09-17 09:35:35,0.32,0.7619,70,0.3,0.7142,479,0.32,0.7619,1,0.31,0.738,78,0
IWM190920C160,2019-09-17,2019-09-17 09:35:36,0.32,0.7619,63,0.31,0.738,55,0.32,0.7619,1,0.315,0.75,78,0
IWM190920C160,2019-09-17,2019-09-17 09:35:36,0.32,0.7619,100,0.31,0.738,50,0.32,0.7619,1,0.315,0.75,78,0
IWM190920C160,2019-09-17,2019-09-17 09:35:37,0.32,0.7619,31,0.31,0.738,236,0.32,0.7619,1,0.315,0.75,78,0
IWM190920C160,2019-09-17,2019-09-17 09:35:37,0.32,0.7619,31,0.31,0.738,55,0.32,0.7619,1,0.315,0.75,78,0
IWM190920C160,2019-09-17,2019-09-17 09:35:38,0.32,0.7619,65,0.31,0.738,236,0.32,0.7619,1,0.315,0.75,78,0
IWM190920C160,2019-09-17,2019-09-17 09:35:38,0.32,0.7619,31,0.31,0.738,236,0.32,0.7619,1,0.315,0.75,78,0
IWM190920C160,2019-09-17,2019-09-17 09:35:39,0.32,0.7619,126,0.31,0.738,236,0.32,0.7619,1,0.315,0.75,78,0
IWM190920C160,2019-09-17,2019-09-17 09:35:40,0.32,0.7619,204,0.31,0.738,1,0.32,0.7619,1,0.315,0.75,78,0
IWM190920C160,2019-09-17,2019-09-17 09:35:41,0.32,0.7619,203,0.31,0.738,1,0.3,0.7142,1,0.315,0.75,83,5
IWM190920C160,2019-09-17,2019-09-17 09:35:41,0.32,0.7619,174,0.31,0.738,1,0.32,0.7619,1,0.315,0.75,78,0
IWM190920C160,2019-09-17,2019-09-17 09:35:42,0.32,0.7619,331,0.29,0.6904,202,0.3,0.7142,1,0.305,0.7261,83,0
IWM190920C160,2019-09-17,2019-09-17 09:35:42,0.31,0.738,37,0.3,0.7142,262,0.3,0.7142,1,0.305,0.7261,83,0
IWM190920C160,2019-09-17,2019-09-17 09:35:43,0.31,0.738,7,0.3,0.7142,196,0.3,0.7142,1,0.305,0.7261,83,0
IWM190920C160,2019-09-17,2019-09-17 09:35:43,0.32,0.7619,417,0.29,0.6904,411,0.3,0.7142,1,0.305,0.7261,83,0
IWM190920C160,2019-09-17,2019-09-17 09:35:44,0.32,0.7619,94,0.3,0.7142,529,0.3,0.7142,1,0.31,0.738,83,0
IWM190920C160,2019-09-17,2019-09-17 09:35:44,0.33,0.7857,100,0.31,0.738,50,0.3,0.7142,1,0.32,0.7619,83,0
IWM190920C160,2019-09-17,2019-09-17 09:35:45,0.33,0.7857,248,0.31,0.738,64,0.3,0.7142,1,0.32,0.7619,83,0
IWM190920C160,2019-09-17,2019-09-17 09:35:45,0.33,0.7857,248,0.31,0.738,77,0.3,0.7142,1,0.32,0.7619,83,0
IWM190920C160,2019-09-17,2019-09-17 09:35:46,0.33,0.7857,226,0.31,0.738,77,0.3,0.7142,1,0.32,0.7619,83,0
IWM190920C160,2019-09-17,2019-09-17 09:35:46,0.33,0.7857,309,0.31,0.738,217,0.3,0.7142,1,0.32,0.7619,83,0
IWM190920C160,2019-09-17,2019-09-17 09:35:47,0.33,0.7857,100,0.31,0.738,217,0.3,0.7142,1,0.32,0.7619,83,0
IWM190920C160,2019-09-17,2019-09-17 09:35:48,0.33,0.7857,122,0.31,0.738,227,0.3,0.7142,1,0.32,0.7619,83,0
IWM190920C160,2019-09-17,2019-09-17 09:35:49,0.33,0.7857,195,0.31,0.738,249,0.3,0.7142,1,0.32,0.7619,83,0
IWM190920C160,2019-09-17,2019-09-17 09:35:49,0.33,0.7857,195,0.31,0.738,227,0.3,0.7142,1,0.32,0.7619,83,0
IWM190920C160,2019-09-17,2019-09-17 09:35:50,0.33,0.7857,195,0.31,0.738,249,0.3,0.7142,1,0.32,0.7619,83,0
IWM190920C160,2019-09-17,2019-09-17 09:35:50,0.33,0.7857,100,0.31,0.738,249,0.3,0.7142,1,0.32,0.7619,83,0
IWM190920C160,2019-09-17,2019-09-17 09:35:51,0.33,0.7857,298,0.31,0.738,360,0.3,0.7142,1,0.32,0.7619,83,0
IWM190920C160,2019-09-17,2019-09-17 09:35:51,0.33,0.7857,100,0.31,0.738,411,0.3,0.7142,1,0.32,0.7619,83,0
IWM190920C160,2019-09-17,2019-09-17 09:35:52,0.33,0.7857,298,0.31,0.738,236,0.3,0.7142,1,0.32,0.7619,83,0
IWM190920C160,2019-09-17,2019-09-17 09:35:52,0.33,0.7857,313,0.31,0.738,360,0.3,0.7142,1,0.32,0.7619,83,0
IWM190920C160,2019-09-17,2019-09-17 09:35:53,0.33,0.7857,364,0.31,0.738,236,0.3,0.7142,1,0.32,0.7619,83,0
IWM190920C160,2019-09-17,2019-09-17 09:35:54,0.33,0.7857,317,0.31,0.738,40,0.3,0.7142,1,0.32,0.7619,83,0
IWM190920C160,2019-09-17,2019-09-17 09:35:54,0.33,0.7857,364,0.31,0.738,236,0.3,0.7142,1,0.32,0.7619,83,0
IWM190920C160,2019-09-17,2019-09-17 09:35:55,0.33,0.7857,394,0.31,0.738,40,0.3,0.7142,1,0.32,0.7619,83,0
IWM190920C160,2019-09-17,2019-09-17 09:35:55,0.33,0.7857,420,0.31,0.738,40,0.3,0.7142,1,0.32,0.7619,83,0
IWM190920C160,2019-09-17,2019-09-17 09:35:56,0.33,0.7857,394,0.31,0.738,40,0.3,0.7142,1,0.32,0.7619,83,0
IWM190920C160,2019-09-17,2019-09-17 09:35:56,0.33,0.7857,329,0.31,0.738,40,0.3,0.7142,1,0.32,0.7619,83,0
IWM190920C160,2019-09-17,2019-09-17 09:35:57,0.33,0.7857,333,0.31,0.738,234,0.3,0.7142,1,0.32,0.7619,83,0
IWM190920C160,2019-09-17,2019-09-17 09:35:57,0.33,0.7857,333,0.31,0.738,176,0.3,0.7142,1,0.32,0.7619,83,0
IWM190920C160,2019-09-17,2019-09-17 09:35:58,0.33,0.7857,325,0.31,0.738,234,0.3,0.7142,1,0.32,0.7619,83,0
IWM190920C160,2019-09-17,2019-09-17 09:35:59,0.33,0.7857,279,0.31,0.738,67,0.3,0.7142,1,0.32,0.7619,83,0
IWM190920C160,2019-09-17,2019-09-17 09:35:59,0.33,0.7857,279,0.31,0.738,46,0.3,0.7142,1,0.32,0.7619,83,0
IWM190920C160,2019-09-17,2019-09-17 09:36:00,0.33,0.7857,188,0.3,0.7142,839,0.3,0.7142,1,0.315,0.75,83,0
IWM190920C160,2019-09-17,2019-09-17 09:36:00,0.33,0.7857,310,0.3,0.7142,673,0.3,0.7142,1,0.315,0.75,83,0
IWM190920C160,2019-09-17,2019-09-17 09:36:01,0.33,0.7857,100,0.31,0.738,243,0.3,0.7142,1,0.32,0.7619,83,0
IWM190920C160,2019-09-17,2019-09-17 09:36:01,0.33,0.7857,100,0.31,0.738,263,0.3,0.7142,1,0.32,0.7619,83,0
IWM190920C160,2019-09-17,2019-09-17 09:36:02,0.33,0.7857,173,0.31,0.738,147,0.3,0.7142,1,0.32,0.7619,83,0
IWM190920C160,2019-09-17,2019-09-17 09:36:02,0.33,0.7857,167,0.31,0.738,185,0.3,0.7142,1,0.32,0.7619,83,0
IWM190920C160,2019-09-17,2019-09-17 09:36:03,0.33,0.7857,170,0.31,0.738,147,0.3,0.7142,1,0.32,0.7619,83,0
IWM190920C160,2019-09-17,2019-09-17 09:36:03,0.33,0.7857,100,0.31,0.738,147,0.3,0.7142,1,0.32,0.7619,83,0
IWM190920C160,2019-09-17,2019-09-17 09:36:04,0.33,0.7857,51,0.31,0.738,646,0.3,0.7142,1,0.32,0.7619,83,0
IWM190920C160,2019-09-17,2019-09-17 09:36:04,0.33,0.7857,81,0.31,0.738,646,0.3,0.7142,1,0.32,0.7619,83,0
IWM190920C160,2019-09-17,2019-09-17 09:36:05,0.33,0.7857,51,0.32,0.7619,194,0.3,0.7142,1,0.325,0.7738,83,0
IWM190920C160,2019-09-17,2019-09-17 09:36:05,0.33,0.7857,81,0.31,0.738,646,0.3,0.7142,1,0.32,0.7619,83,0
IWM190920C160,2019-09-17,2019-09-17 09:36:06,0.34,0.8095,100,0.32,0.7619,224,0.3,0.7142,1,0.33,0.7857,83,0
IWM190920C160,2019-09-17,2019-09-17 09:36:06,0.34,0.8095,100,0.32,0.7619,167,0.3,0.7142,1,0.33,0.7857,83,0
IWM190920C160,2019-09-17,2019-09-17 09:36:07,0.33,0.7857,134,0.32,0.7619,104,0.3,0.7142,1,0.325,0.7738,83,0
IWM190920C160,2019-09-17,2019-09-17 09:36:07,0.34,0.8095,202,0.32,0.7619,101,0.3,0.7142,1,0.33,0.7857,83,0
IWM190920C160,2019-09-17,2019-09-17 09:36:08,0.34,0.8095,133,0.32,0.7619,47,0.3,0.7142,1,0.33,0.7857,83,0
IWM190920C160,2019-09-17,2019-09-17 09:36:09,0.33,0.7857,74,0.32,0.7619,47,0.3,0.7142,1,0.325,0.7738,83,0
IWM190920C160,2019-09-17,2019-09-17 09:36:09,0.33,0.7857,36,0.32,0.7619,107,0.3,0.7142,1,0.325,0.7738,83,0
IWM190920C160,2019-09-17,2019-09-17 09:36:10,0.33,0.7857,100,0.31,0.738,752,0.3,0.7142,1,0.32,0.7619,83,0
IWM190920C160,2019-09-17,2019-09-17 09:36:10,0.33,0.7857,100,0.31,0.738,864,0.3,0.7142,1,0.32,0.7619,83,0
IWM190920C160,2019-09-17,2019-09-17 09:36:11,0.33,0.7857,171,0.31,0.738,886,0.3,0.7142,1,0.32,0.7619,83,0
IWM190920C160,2019-09-17,2019-09-17 09:36:11,0.33,0.7857,100,0.31,0.738,802,0.3,0.7142,1,0.32,0.7619,83,0
IWM190920C160,2019-09-17,2019-09-17 09:36:12,0.33,0.7857,100,0.31,0.738,696,0.3,0.7142,1,0.32,0.7619,83,0
IWM190920C160,2019-09-17,2019-09-17 09:36:12,0.33,0.7857,124,0.31,0.738,696,0.3,0.7142,1,0.32,0.7619,83,0
IWM190920C160,2019-09-17,2019-09-17 09:36:13,0.33,0.7857,143,0.31,0.738,696,0.3,0.7142,1,0.32,0.7619,83,0
IWM190920C160,2019-09-17,2019-09-17 09:36:13,0.33,0.7857,94,0.31,0.738,145,0.3,0.7142,1,0.32,0.7619,83,0
IWM190920C160,2019-09-17,2019-09-17 09:36:14,0.33,0.7857,122,0.31,0.738,145,0.3,0.7142,1,0.32,0.7619,83,0
IWM190920C160,2019-09-17,2019-09-17 09:36:14,0.33,0.7857,235,0.31,0.738,199,0.3,0.7142,1,0.32,0.7619,83,0
IWM190920C160,2019-09-17,2019-09-17 09:36:15,0.33,0.7857,269,0.31,0.738,199,0.3,0.7142,1,0.32,0.7619,83,0
IWM190920C160,2019-09-17,2019-09-17 09:36:15,0.33,0.7857,246,0.31,0.738,199,0.3,0.7142,1,0.32,0.7619,83,0
IWM190920C160,2019-09-17,2019-09-17 09:36:16,0.33,0.7857,259,0.31,0.738,244,0.3,0.7142,1,0.32,0.7619,83,0
IWM190920C160,2019-09-17,2019-09-17 09:36:16,0.33,0.7857,203,0.32,0.7619,30,0.3,0.7142,1,0.325,0.7738,83,0
IWM190920C160,2019-09-17,2019-09-17 09:36:17,0.33,0.7857,155,0.32,0.7619,56,0.3,0.7142,1,0.325,0.7738,83,0
IWM190920C160,2019-09-17,2019-09-17 09:36:18,0.33,0.7857,35,0.32,0.7619,16,0.3,0.7142,1,0.325,0.7738,83,0
IWM190920C160,2019-09-17,2019-09-17 09:36:18,0.33,0.7857,100,0.32,0.7619,39,0.3,0.7142,1,0.325,0.7738,83,0
IWM190920C160,2019-09-17,2019-09-17 09:36:19,0.33,0.7857,100,0.32,0.7619,38,0.3,0.7142,1,0.325,0.7738,83,0
IWM190920C160,2019-09-17,2019-09-17 09:36:20,0.33,0.7857,100,0.32,0.7619,38,0.3,0.7142,1,0.325,0.7738,83,0
IWM190920C160,2019-09-17,2019-09-17 09:36:20,0.33,0.7857,167,0.32,0.7619,20,0.3,0.7142,1,0.325,0.7738,83,0
IWM190920C160,2019-09-17,2019-09-17 09:36:21,0.33,0.7857,167,0.32,0.7619,20,0.3,0.7142,1,0.325,0.7738,83,0
IWM190920C160,2019-09-17,2019-09-17 09:36:22,0.33,0.7857,100,0.32,0.7619,38,0.3,0.7142,1,0.325,0.7738,83,0
IWM190920C160,2019-09-17,2019-09-17 09:36:22,0.33,0.7857,167,0.32,0.7619,20,0.3,0.7142,1,0.325,0.7738,83,0
IWM190920C160,2019-09-17,2019-09-17 09:36:23,0.33,0.7857,140,0.32,0.7619,38,0.3,0.7142,1,0.325,0.7738,83,0
IWM190920C160,2019-09-17,2019-09-17 09:36:23,0.33,0.7857,100,0.32,0.7619,30,0.3,0.7142,1,0.325,0.7738,83,0
IWM190920C160,2019-09-17,2019-09-17 09:36:24,0.33,0.7857,100,0.32,0.7619,38,0.3,0.7142,1,0.325,0.7738,83,0
IWM190920C160,2019-09-17,2019-09-17 09:36:24,0.33,0.7857,140,0.32,0.7619,38,0.3,0.7142,1,0.325,0.7738,83,0
IWM190920C160,2019-09-17,2019-09-17 09:36:25,0.33,0.7857,100,0.32,0.7619,38,0.3,0.7142,1,0.325,0.7738,83,0
IWM190920C160,2019-09-17,2019-09-17 09:36:26,0.33,0.7857,40,0.32,0.7619,56,0.3,0.7142,1,0.325,0.7738,83,0
IWM190920C160,2019-09-17,2019-09-17 09:36:26,0.33,0.7857,96,0.32,0.7619,34,0.3,0.7142,1,0.325,0.7738,83,0
IWM190920C160,2019-09-17,2019-09-17 09:36:27,0.33,0.7857,100,0.32,0.7619,34,0.3,0.7142,1,0.325,0.7738,83,0
IWM190920C160,2019-09-17,2019-09-17 09:36:27,0.33,0.7857,96,0.32,0.7619,34,0.3,0.7142,1,0.325,0.7738,83,0
IWM190920C160,2019-09-17,2019-09-17 09:36:28,0.33,0.7857,100,0.32,0.7619,38,0.3,0.7142,1,0.325,0.7738,83,0
IWM190920C160,2019-09-17,2019-09-17 09:36:29,0.33,0.7857,137,0.32,0.7619,38,0.3,0.7142,1,0.325,0.7738,83,0
IWM190920C160,2019-09-17,2019-09-17 09:36:29,0.33,0.7857,220,0.31,0.738,62,0.3,0.7142,1,0.32,0.7619,83,0
IWM190920C160,2019-09-17,2019-09-17 09:36:30,0.32,0.7619,35,0.31,0.738,62,0.3,0.7142,1,0.315,0.75,83,0
IWM190920C160,2019-09-17,2019-09-17 09:36:31,0.32,0.7619,41,0.3,0.7142,623,0.3,0.7142,1,0.31,0.738,83,0
IWM190920C160,2019-09-17,2019-09-17 09:36:32,0.32,0.7619,41,0.3,0.7142,751,0.3,0.7142,1,0.31,0.738,83,0
IWM190920C160,2019-09-17,2019-09-17 09:36:33,0.32,0.7619,101,0.3,0.7142,556,0.3,0.7142,1,0.31,0.738,83,0
IWM190920C160,2019-09-17,2019-09-17 09:36:33,0.32,0.7619,41,0.3,0.7142,751,0.3,0.7142,1,0.31,0.738,83,0
IWM190920C160,2019-09-17,2019-09-17 09:36:34,0.32,0.7619,272,0.3,0.7142,355,0.3,0.7142,1,0.31,0.738,83,0
IWM190920C160,2019-09-17,2019-09-17 09:36:34,0.32,0.7619,280,0.3,0.7142,355,0.3,0.7142,1,0.31,0.738,83,0
IWM190920C160,2019-09-17,2019-09-17 09:36:35,0.32,0.7619,286,0.3,0.7142,406,0.3,0.7142,1,0.31,0.738,83,0
IWM190920C160,2019-09-17,2019-09-17 09:36:35,0.32,0.7619,272,0.3,0.7142,406,0.3,0.7142,1,0.31,0.738,83,0
IWM190920C160,2019-09-17,2019-09-17 09:36:36,0.32,0.7619,276,0.3,0.7142,742,0.3,0.7142,1,0.31,0.738,83,0
IWM190920C160,2019-09-17,2019-09-17 09:36:36,0.32,0.7619,286,0.3,0.7142,742,0.3,0.7142,1,0.31,0.738,83,0
IWM190920C160,2019-09-17,2019-09-17 09:36:37,0.32,0.7619,74,0.3,0.7142,613,0.3,0.7142,1,0.31,0.738,83,0
IWM190920C160,2019-09-17,2019-09-17 09:36:37,0.32,0.7619,106,0.3,0.7142,609,0.3,0.7142,1,0.31,0.738,83,0
IWM190920C160,2019-09-17,2019-09-17 09:36:38,0.32,0.7619,193,0.3,0.7142,609,0.3,0.7142,1,0.31,0.738,83,0
IWM190920C160,2019-09-17,2019-09-17 09:36:38,0.32,0.7619,327,0.3,0.7142,451,0.3,0.7142,1,0.31,0.738,83,0
IWM190920C160,2019-09-17,2019-09-17 09:36:39,0.32,0.7619,327,0.3,0.7142,451,0.3,0.7142,1,0.31,0.738,83,0
IWM190920C160,2019-09-17,2019-09-17 09:36:40,0.32,0.7619,350,0.3,0.7142,451,0.3,0.7142,1,0.31,0.738,83,0
IWM190920C160,2019-09-17,2019-09-17 09:36:41,0.32,0.7619,350,0.3,0.7142,60,0.3,0.7142,1,0.31,0.738,83,0
IWM190920C160,2019-09-17,2019-09-17 09:36:41,0.32,0.7619,499,0.3,0.7142,40,0.3,0.7142,1,0.31,0.738,83,0
IWM190920C160,2019-09-17,2019-09-17 09:36:42,0.32,0.7619,565,0.3,0.7142,57,0.3,0.7142,1,0.31,0.738,83,0
IWM190920C160,2019-09-17,2019-09-17 09:36:42,0.32,0.7619,504,0.3,0.7142,57,0.3,0.7142,1,0.31,0.738,83,0
IWM190920C160,2019-09-17,2019-09-17 09:36:43,0.32,0.7619,504,0.3,0.7142,57,0.3,0.7142,1,0.31,0.738,83,0
IWM190920C160,2019-09-17,2019-09-17 09:36:43,0.31,0.738,1,0.29,0.6904,72,0.3,0.7142,1,0.3,0.7142,83,0
IWM190920C160,2019-09-17,2019-09-17 09:36:44,0.31,0.738,35,0.29,0.6904,229,0.3,0.7142,1,0.3,0.7142,83,0
IWM190920C160,2019-09-17,2019-09-17 09:36:44,0.31,0.738,35,0.29,0.6904,237,0.3,0.7142,1,0.3,0.7142,83,0
IWM190920C160,2019-09-17,2019-09-17 09:36:45,0.31,0.738,63,0.29,0.6904,356,0.3,0.7142,1,0.3,0.7142,83,0
IWM190920C160,2019-09-17,2019-09-17 09:36:45,0.31,0.738,277,0.29,0.6904,116,0.3,0.7142,1,0.3,0.7142,83,0
IWM190920C160,2019-09-17,2019-09-17 09:36:46,0.31,0.738,226,0.29,0.6904,247,0.3,0.7142,1,0.3,0.7142,83,0
IWM190920C160,2019-09-17,2019-09-17 09:36:46,0.31,0.738,275,0.29,0.6904,228,0.3,0.7142,1,0.3,0.7142,83,0
IWM190920C160,2019-09-17,2019-09-17 09:36:47,0.31,0.738,311,0.29,0.6904,116,0.3,0.7142,1,0.3,0.7142,83,0
IWM190920C160,2019-09-17,2019-09-17 09:36:47,0.31,0.738,338,0.29,0.6904,119,0.3,0.7142,1,0.3,0.7142,83,0
IWM190920C160,2019-09-17,2019-09-17 09:36:48,0.31,0.738,184,0.29,0.6904,245,0.3,0.7142,1,0.3,0.7142,83,0
IWM190920C160,2019-09-17,2019-09-17 09:36:48,0.31,0.738,338,0.29,0.6904,119,0.3,0.7142,1,0.3,0.7142,83,0
IWM190920C160,2019-09-17,2019-09-17 09:36:49,0.31,0.738,184,0.29,0.6904,426,0.3,0.7142,1,0.3,0.7142,83,0
IWM190920C160,2019-09-17,2019-09-17 09:36:49,0.31,0.738,184,0.29,0.6904,395,0.3,0.7142,1,0.3,0.7142,83,0
IWM190920C160,2019-09-17,2019-09-17 09:36:50,0.31,0.738,263,0.3,0.7142,40,0.3,0.7142,1,0.305,0.7261,83,0
IWM190920C160,2019-09-17,2019-09-17 09:36:50,0.31,0.738,223,0.3,0.7142,40,0.3,0.7142,1,0.305,0.7261,83,0
IWM190920C160,2019-09-17,2019-09-17 09:36:51,0.31,0.738,235,0.3,0.7142,40,0.3,0.7142,1,0.305,0.7261,83,0
IWM190920C160,2019-09-17,2019-09-17 09:36:51,0.31,0.738,235,0.3,0.7142,30,0.3,0.7142,1,0.305,0.7261,83,0
IWM190920C160,2019-09-17,2019-09-17 09:36:52,0.31,0.738,325,0.29,0.6904,397,0.3,0.7142,1,0.3,0.7142,83,0
IWM190920C160,2019-09-17,2019-09-17 09:36:52,0.31,0.738,238,0.29,0.6904,397,0.3,0.7142,1,0.3,0.7142,83,0
IWM190920C160,2019-09-17,2019-09-17 09:36:53,0.31,0.738,238,0.29,0.6904,397,0.3,0.7142,1,0.3,0.7142,83,0
IWM190920C160,2019-09-17,2019-09-17 09:36:54,0.31,0.738,346,0.29,0.6904,397,0.3,0.7142,1,0.3,0.7142,83,0
IWM190920C160,2019-09-17,2019-09-17 09:36:54,0.31,0.738,371,0.3,0.7142,39,0.3,0.7142,1,0.305,0.7261,83,0
IWM190920C160,2019-09-17,2019-09-17 09:36:55,0.31,0.738,167,0.3,0.7142,119,0.3,0.7142,1,0.305,0.7261,83,0
IWM190920C160,2019-09-17,2019-09-17 09:36:55,0.31,0.738,167,0.3,0.7142,62,0.3,0.7142,1,0.305,0.7261,83,0
IWM190920C160,2019-09-17,2019-09-17 09:36:56,0.31,0.738,167,0.3,0.7142,210,0.3,0.7142,1,0.305,0.7261,83,0
IWM190920C160,2019-09-17,2019-09-17 09:36:56,0.31,0.738,167,0.3,0.7142,239,0.3,0.7142,1,0.305,0.7261,83,0
IWM190920C160,2019-09-17,2019-09-17 09:36:57,0.31,0.738,285,0.29,0.6904,650,0.3,0.7142,1,0.3,0.7142,83,0
IWM190920C160,2019-09-17,2019-09-17 09:36:57,0.31,0.738,208,0.3,0.7142,40,0.3,0.7142,1,0.305,0.7261,83,0
IWM190920C160,2019-09-17,2019-09-17 09:36:58,0.31,0.738,348,0.29,0.6904,650,0.3,0.7142,1,0.3,0.7142,83,0
IWM190920C160,2019-09-17,2019-09-17 09:36:58,0.31,0.738,285,0.29,0.6904,650,0.3,0.7142,1,0.3,0.7142,83,0
IWM190920C160,2019-09-17,2019-09-17 09:36:59,0.31,0.738,348,0.29,0.6904,515,0.3,0.7142,1,0.3,0.7142,83,0
IWM190920C160,2019-09-17,2019-09-17 09:36:59,0.31,0.738,371,0.29,0.6904,468,0.3,0.7142,1,0.3,0.7142,83,0
IWM190920C160,2019-09-17,2019-09-17 09:37:00,0.31,0.738,410,0.29,0.6904,477,0.3,0.7142,1,0.3,0.7142,83,0
IWM190920C160,2019-09-17,2019-09-17 09:37:00,0.31,0.738,400,0.29,0.6904,316,0.3,0.7142,1,0.3,0.7142,83,0
IWM190920C160,2019-09-17,2019-09-17 09:37:01,0.31,0.738,433,0.29,0.6904,477,0.3,0.7142,1,0.3,0.7142,83,0
IWM190920C160,2019-09-17,2019-09-17 09:37:01,0.31,0.738,495,0.29,0.6904,244,0.3,0.7142,1,0.3,0.7142,83,0
IWM190920C160,2019-09-17,2019-09-17 09:37:02,0.3,0.7142,120,0.29,0.6904,285,0.3,0.7142,1,0.295,0.7023,83,0
IWM190920C160,2019-09-17,2019-09-17 09:37:02,0.3,0.7142,120,0.29,0.6904,36,0.3,0.7142,1,0.295,0.7023,83,0
IWM190920C160,2019-09-17,2019-09-17 09:37:03,0.31,0.738,423,0.29,0.6904,407,0.3,0.7142,1,0.3,0.7142,83,0
IWM190920C160,2019-09-17,2019-09-17 09:37:03,0.31,0.738,470,0.29,0.6904,309,0.3,0.7142,1,0.3,0.7142,83,0
IWM190920C160,2019-09-17,2019-09-17 09:37:04,0.31,0.738,379,0.29,0.6904,411,0.3,0.7142,1,0.3,0.7142,83,0
IWM190920C160,2019-09-17,2019-09-17 09:37:04,0.31,0.738,379,0.29,0.6904,309,0.3,0.7142,1,0.3,0.7142,83,0
IWM190920C160,2019-09-17,2019-09-17 09:37:05,0.3,0.7142,41,0.29,0.6904,31,0.3,0.7142,1,0.295,0.7023,83,0
IWM190920C160,2019-09-17,2019-09-17 09:37:05,0.31,0.738,386,0.29,0.6904,411,0.3,0.7142,1,0.3,0.7142,83,0
IWM190920C160,2019-09-17,2019-09-17 09:37:06,0.3,0.7142,68,0.29,0.6904,127,0.3,0.7142,1,0.295,0.7023,83,0
IWM190920C160,2019-09-17,2019-09-17 09:37:06,0.3,0.7142,41,0.29,0.6904,36,0.3,0.7142,1,0.295,0.7023,83,0
IWM190920C160,2019-09-17,2019-09-17 09:37:07,0.3,0.7142,24,0.29,0.6904,265,0.3,0.7142,1,0.295,0.7023,83,0
IWM190920C160,2019-09-17,2019-09-17 09:37:07,0.3,0.7142,24,0.29,0.6904,135,0.3,0.7142,1,0.295,0.7023,83,0
IWM190920C160,2019-09-17,2019-09-17 09:37:08,0.3,0.7142,64,0.29,0.6904,325,0.3,0.7142,1,0.295,0.7023,83,0
IWM190920C160,2019-09-17,2019-09-17 09:37:09,0.3,0.7142,20,0.29,0.6904,429,0.3,0.7142,1,0.295,0.7023,83,0
IWM190920C160,2019-09-17,2019-09-17 09:37:09,0.3,0.7142,20,0.29,0.6904,325,0.3,0.7142,1,0.295,0.7023,83,0
IWM190920C160,2019-09-17,2019-09-17 09:37:10,0.31,0.738,421,0.29,0.6904,429,0.3,0.7142,1,0.3,0.7142,83,0
IWM190920C160,2019-09-17,2019-09-17 09:37:10,0.31,0.738,150,0.3,0.7142,89,0.3,0.7142,1,0.305,0.7261,83,0
IWM190920C160,2019-09-17,2019-09-17 09:37:11,0.32,0.7619,553,0.3,0.7142,242,0.3,0.7142,1,0.31,0.738,83,0
IWM190920C160,2019-09-17,2019-09-17 09:37:11,0.32,0.7619,516,0.3,0.7142,242,0.3,0.7142,1,0.31,0.738,83,0
IWM190920C160,2019-09-17,2019-09-17 09:37:12,0.32,0.7619,414,0.3,0.7142,242,0.3,0.7142,1,0.31,0.738,83,0
IWM190920C160,2019-09-17,2019-09-17 09:37:12,0.32,0.7619,281,0.3,0.7142,402,0.3,0.7142,1,0.31,0.738,83,0
IWM190920C160,2019-09-17,2019-09-17 09:37:13,0.32,0.7619,281,0.3,0.7142,471,0.3,0.7142,1,0.31,0.738,83,0
IWM190920C160,2019-09-17,2019-09-17 09:37:14,0.32,0.7619,491,0.3,0.7142,413,0.3,0.7142,1,0.31,0.738,83,0
IWM190920C160,2019-09-17,2019-09-17 09:37:14,0.32,0.7619,373,0.3,0.7142,413,0.3,0.7142,1,0.31,0.738,83,0
IWM190920C160,2019-09-17,2019-09-17 09:37:15,0.31,0.738,411,0.29,0.6904,210,0.3,0.7142,1,0.3,0.7142,83,0
IWM190920C160,2019-09-17,2019-09-17 09:37:15,0.31,0.738,411,0.29,0.6904,628,0.3,0.7142,1,0.3,0.7142,83,0
IWM190920C160,2019-09-17,2019-09-17 09:37:16,0.31,0.738,411,0.29,0.6904,571,0.3,0.7142,1,0.3,0.7142,83,0
IWM190920C160,2019-09-17,2019-09-17 09:37:16,0.31,0.738,265,0.29,0.6904,571,0.3,0.7142,1,0.3,0.7142,83,0
IWM190920C160,2019-09-17,2019-09-17 09:37:17,0.31,0.738,265,0.3,0.7142,31,0.3,0.7142,1,0.305,0.7261,83,0
IWM190920C160,2019-09-17,2019-09-17 09:37:17,0.31,0.738,224,0.3,0.7142,63,0.3,0.7142,1,0.305,0.7261,83,0
IWM190920C160,2019-09-17,2019-09-17 09:37:18,0.31,0.738,224,0.3,0.7142,63,0.3,0.7142,1,0.305,0.7261,83,0
IWM190920C160,2019-09-17,2019-09-17 09:37:19,0.31,0.738,224,0.3,0.7142,65,0.3,0.7142,1,0.305,0.7261,83,0
IWM190920C160,2019-09-17,2019-09-17 09:37:19,0.31,0.738,224,0.3,0.7142,40,0.3,0.7142,1,0.305,0.7261,83,0
IWM190920C160,2019-09-17,2019-09-17 09:37:20,0.31,0.738,220,0.3,0.7142,40,0.3,0.7142,1,0.305,0.7261,83,0
IWM190920C160,2019-09-17,2019-09-17 09:37:20,0.31,0.738,224,0.3,0.7142,40,0.3,0.7142,1,0.305,0.7261,83,0
IWM190920C160,2019-09-17,2019-09-17 09:37:21,0.31,0.738,267,0.3,0.7142,31,0.3,0.7142,1,0.305,0.7261,83,0
IWM190920C160,2019-09-17,2019-09-17 09:37:21,0.31,0.738,220,0.3,0.7142,31,0.3,0.7142,1,0.305,0.7261,83,0
IWM190920C160,2019-09-17,2019-09-17 09:37:22,0.31,0.738,145,0.29,0.6904,1,0.3,0.7142,1,0.3,0.7142,83,0
IWM190920C160,2019-09-17,2019-09-17 09:37:22,0.31,0.738,560,0.29,0.6904,52,0.3,0.7142,1,0.3,0.7142,83,0
IWM190920C160,2019-09-17,2019-09-17 09:37:23,0.3,0.7142,373,0.29,0.6904,22,0.3,0.7142,1,0.295,0.7023,83,0
IWM190920C160,2019-09-17,2019-09-17 09:37:23,0.3,0.7142,441,0.29,0.6904,22,0.3,0.7142,1,0.295,0.7023,83,0
IWM190920C160,2019-09-17,2019-09-17 09:37:24,0.3,0.7142,457,0.29,0.6904,22,0.3,0.7142,1,0.295,0.7023,83,0
IWM190920C160,2019-09-17,2019-09-17 09:37:25,0.3,0.7142,441,0.29,0.6904,22,0.3,0.7142,1,0.295,0.7023,83,0
IWM190920C160,2019-09-17,2019-09-17 09:37:25,0.3,0.7142,441,0.29,0.6904,1,0.3,0.7142,1,0.295,0.7023,83,0
IWM190920C160,2019-09-17,2019-09-17 09:37:26,0.3,0.7142,698,0.29,0.6904,1,0.3,0.7142,1,0.295,0.7023,83,0
IWM190920C160,2019-09-17,2019-09-17 09:37:26,0.3,0.7142,520,0.29,0.6904,1,0.3,0.7142,1,0.295,0.7023,83,0
IWM190920C160,2019-09-17,2019-09-17 09:37:27,0.3,0.7142,510,0.29,0.6904,1,0.3,0.7142,1,0.295,0.7023,83,0
IWM190920C160,2019-09-17,2019-09-17 09:37:27,0.3,0.7142,576,0.29,0.6904,1,0.3,0.7142,1,0.295,0.7023,83,0
IWM190920C160,2019-09-17,2019-09-17 09:37:28,0.3,0.7142,399,0.29,0.6904,1,0.3,0.7142,1,0.295,0.7023,83,0
IWM190920C160,2019-09-17,2019-09-17 09:37:28,0.3,0.7142,555,0.29,0.6904,1,0.3,0.7142,1,0.295,0.7023,83,0
IWM190920C160,2019-09-17,2019-09-17 09:37:29,0.3,0.7142,550,0.29,0.6904,1,0.3,0.7142,1,0.295,0.7023,83,0
IWM190920C160,2019-09-17,2019-09-17 09:37:29,0.3,0.7142,601,0.29,0.6904,1,0.3,0.7142,1,0.295,0.7023,83,0
IWM190920C160,2019-09-17,2019-09-17 09:37:30,0.3,0.7142,520,0.29,0.6904,1,0.3,0.7142,1,0.295,0.7023,83,0
IWM190920C160,2019-09-17,2019-09-17 09:37:30,0.3,0.7142,554,0.29,0.6904,1,0.3,0.7142,1,0.295,0.7023,83,0
IWM190920C160,2019-09-17,2019-09-17 09:37:31,0.3,0.7142,517,0.29,0.6904,1,0.3,0.7142,1,0.295,0.7023,83,0
IWM190920C160,2019-09-17,2019-09-17 09:37:31,0.3,0.7142,527,0.29,0.6904,1,0.3,0.7142,1,0.295,0.7023,83,0
IWM190920C160,2019-09-17,2019-09-17 09:37:32,0.3,0.7142,511,0.29,0.6904,1,0.3,0.7142,1,0.295,0.7023,83,0
IWM190920C160,2019-09-17,2019-09-17 09:37:32,0.3,0.7142,501,0.29,0.6904,1,0.3,0.7142,1,0.295,0.7023,83,0
IWM190920C160,2019-09-17,2019-09-17 09:37:33,0.3,0.7142,141,0.29,0.6904,1,0.3,0.7142,1,0.295,0.7023,83,0
IWM190920C160,2019-09-17,2019-09-17 09:37:33,0.3,0.7142,501,0.29,0.6904,1,0.3,0.7142,1,0.295,0.7023,83,0
IWM190920C160,2019-09-17,2019-09-17 09:37:34,0.3,0.7142,347,0.29,0.6904,31,0.3,0.7142,1,0.295,0.7023,83,0
IWM190920C160,2019-09-17,2019-09-17 09:37:34,0.3,0.7142,59,0.29,0.6904,31,0.3,0.7142,1,0.295,0.7023,83,0
IWM190920C160,2019-09-17,2019-09-17 09:37:35,0.3,0.7142,441,0.29,0.6904,1,0.3,0.7142,1,0.295,0.7023,83,0
IWM190920C160,2019-09-17,2019-09-17 09:37:35,0.3,0.7142,402,0.29,0.6904,31,0.3,0.7142,1,0.295,0.7023,83,0
IWM190920C160,2019-09-17,2019-09-17 09:37:36,0.3,0.7142,492,0.29,0.6904,1,0.3,0.7142,1,0.295,0.7023,83,0
IWM190920C160,2019-09-17,2019-09-17 09:37:36,0.3,0.7142,669,0.29,0.6904,1,0.3,0.7142,1,0.295,0.7023,83,0
IWM190920C160,2019-09-17,2019-09-17 09:37:37,0.29,0.6904,305,0.27,0.6428,432,0.29,0.6904,1,0.28,0.6666,84,0
IWM190920C160,2019-09-17,2019-09-17 09:37:37,0.3,0.7142,628,0.29,0.6904,1,0.29,0.6904,1,0.295,0.7023,84,1
IWM190920C160,2019-09-17,2019-09-17 09:37:38,0.29,0.6904,305,0.27,0.6428,462,0.29,0.6904,1,0.28,0.6666,84,0
IWM190920C160,2019-09-17,2019-09-17 09:37:38,0.29,0.6904,305,0.27,0.6428,680,0.29,0.6904,1,0.28,0.6666,84,0
IWM190920C160,2019-09-17,2019-09-17 09:37:39,0.29,0.6904,278,0.27,0.6428,630,0.29,0.6904,1,0.28,0.6666,84,0
IWM190920C160,2019-09-17,2019-09-17 09:37:40,0.29,0.6904,278,0.27,0.6428,630,0.29,0.6904,1,0.28,0.6666,84,0
IWM190920C160,2019-09-17,2019-09-17 09:37:40,0.29,0.6904,288,0.27,0.6428,572,0.29,0.6904,1,0.28,0.6666,84,0
IWM190920C160,2019-09-17,2019-09-17 09:37:41,0.29,0.6904,39,0.27,0.6428,572,0.29,0.6904,1,0.28,0.6666,84,0
IWM190920C160,2019-09-17,2019-09-17 09:37:42,0.28,0.6666,411,0.26,0.619,245,0.29,0.6904,1,0.27,0.6428,84,0
IWM190920C160,2019-09-17,2019-09-17 09:37:42,0.28,0.6666,503,0.26,0.619,245,0.29,0.6904,1,0.27,0.6428,84,0
IWM190920C160,2019-09-17,2019-09-17 09:37:43,0.28,0.6666,533,0.26,0.619,384,0.29,0.6904,1,0.27,0.6428,84,0
IWM190920C160,2019-09-17,2019-09-17 09:37:44,0.28,0.6666,533,0.26,0.619,384,0.29,0.6904,1,0.27,0.6428,84,0
IWM190920C160,2019-09-17,2019-09-17 09:37:44,0.28,0.6666,337,0.26,0.619,384,0.29,0.6904,1,0.27,0.6428,84,0
IWM190920C160,2019-09-17,2019-09-17 09:37:45,0.28,0.6666,425,0.26,0.619,279,0.26,0.619,1,0.27,0.6428,85,1
IWM190920C160,2019-09-17,2019-09-17 09:37:45,0.28,0.6666,425,0.26,0.619,279,0.26,0.619,1,0.27,0.6428,85,0
IWM190920C160,2019-09-17,2019-09-17 09:37:46,0.28,0.6666,521,0.26,0.619,39,0.26,0.619,1,0.27,0.6428,85,0
IWM190920C160,2019-09-17,2019-09-17 09:37:46,0.28,0.6666,521,0.26,0.619,367,0.26,0.619,1,0.27,0.6428,85,0
IWM190920C160,2019-09-17,2019-09-17 09:37:47,0.28,0.6666,587,0.26,0.619,39,0.26,0.619,1,0.27,0.6428,85,0
IWM190920C160,2019-09-17,2019-09-17 09:37:47,0.28,0.6666,594,0.26,0.619,39,0.26,0.619,1,0.27,0.6428,85,0
IWM190920C160,2019-09-17,2019-09-17 09:37:48,0.28,0.6666,648,0.26,0.619,39,0.28,0.6666,15,0.27,0.6428,100,15
IWM190920C160,2019-09-17,2019-09-17 09:37:48,0.28,0.6666,794,0.26,0.619,38,0.28,0.6666,15,0.27,0.6428,100,0
IWM190920C160,2019-09-17,2019-09-17 09:37:49,0.27,0.6428,302,0.25,0.5952,697,0.25,0.5952,1,0.26,0.619,101,1
IWM190920C160,2019-09-17,2019-09-17 09:37:49,0.28,0.6666,794,0.26,0.619,38,0.28,0.6666,15,0.27,0.6428,100,0
IWM190920C160,2019-09-17,2019-09-17 09:37:50,0.27,0.6428,302,0.26,0.619,39,0.25,0.5952,1,0.265,0.6309,101,0
IWM190920C160,2019-09-17,2019-09-17 09:37:50,0.27,0.6428,302,0.26,0.619,35,0.25,0.5952,1,0.265,0.6309,101,0
IWM190920C160,2019-09-17,2019-09-17 09:37:51,0.27,0.6428,302,0.26,0.619,45,0.25,0.5952,1,0.265,0.6309,101,0
IWM190920C160,2019-09-17,2019-09-17 09:37:51,0.27,0.6428,150,0.26,0.619,450,0.25,0.5952,1,0.265,0.6309,101,0
IWM190920C160,2019-09-17,2019-09-17 09:37:52,0.28,0.6666,41,0.26,0.619,392,0.25,0.5952,1,0.27,0.6428,101,0
IWM190920C160,2019-09-17,2019-09-17 09:37:52,0.28,0.6666,100,0.26,0.619,527,0.25,0.5952,1,0.27,0.6428,101,0
IWM190920C160,2019-09-17,2019-09-17 09:37:53,0.28,0.6666,100,0.26,0.619,705,0.25,0.5952,1,0.27,0.6428,101,0
IWM190920C160,2019-09-17,2019-09-17 09:37:53,0.27,0.6428,27,0.26,0.619,755,0.25,0.5952,1,0.265,0.6309,101,0
IWM190920C160,2019-09-17,2019-09-17 09:37:54,0.28,0.6666,305,0.26,0.619,755,0.25,0.5952,1,0.27,0.6428,101,0
IWM190920C160,2019-09-17,2019-09-17 09:37:55,0.27,0.6428,8,0.26,0.619,296,0.25,0.5952,1,0.265,0.6309,101,0
IWM190920C160,2019-09-17,2019-09-17 09:37:55,0.28,0.6666,305,0.26,0.619,755,0.25,0.5952,1,0.27,0.6428,101,0
IWM190920C160,2019-09-17,2019-09-17 09:37:56,0.27,0.6428,100,0.25,0.5952,535,0.25,0.5952,1,0.26,0.619,101,0
IWM190920C160,2019-09-17,2019-09-17 09:37:56,0.27,0.6428,332,0.25,0.5952,749,0.25,0.5952,1,0.26,0.619,101,0
IWM190920C160,2019-09-17,2019-09-17 09:37:57,0.27,0.6428,344,0.25,0.5952,785,0.25,0.5952,1,0.26,0.619,101,0
IWM190920C160,2019-09-17,2019-09-17 09:37:57,0.27,0.6428,253,0.25,0.5952,785,0.25,0.5952,1,0.26,0.619,101,0
IWM190920C160,2019-09-17,2019-09-17 09:37:58,0.27,0.6428,45,0.26,0.619,288,0.25,0.5952,1,0.265,0.6309,101,0
IWM190920C160,2019-09-17,2019-09-17 09:37:58,0.27,0.6428,27,0.26,0.619,82,0.25,0.5952,1,0.265,0.6309,101,0
IWM190920C160,2019-09-17,2019-09-17 09:37:59,0.27,0.6428,63,0.26,0.619,288,0.25,0.5952,1,0.265,0.6309,101,0
IWM190920C160,2019-09-17,2019-09-17 09:37:59,0.27,0.6428,27,0.26,0.619,288,0.25,0.5952,1,0.265,0.6309,101,0
IWM190920C160,2019-09-17,2019-09-17 09:38:00,0.27,0.6428,43,0.26,0.619,445,0.25,0.5952,1,0.265,0.6309,101,0
IWM190920C160,2019-09-17,2019-09-17 09:38:01,0.27,0.6428,95,0.26,0.619,131,0.25,0.5952,1,0.265,0.6309,101,0
IWM190920C160,2019-09-17,2019-09-17 09:38:01,0.27,0.6428,61,0.26,0.619,131,0.25,0.5952,1,0.265,0.6309,101,0
IWM190920C160,2019-09-17,2019-09-17 09:38:02,0.27,0.6428,232,0.25,0.5952,565,0.25,0.5952,1,0.26,0.619,101,0
IWM190920C160,2019-09-17,2019-09-17 09:38:02,0.27,0.6428,222,0.26,0.619,71,0.25,0.5952,1,0.265,0.6309,101,0
IWM190920C160,2019-09-17,2019-09-17 09:38:03,0.27,0.6428,228,0.26,0.619,30,0.25,0.5952,1,0.265,0.6309,101,0
IWM190920C160,2019-09-17,2019-09-17 09:38:03,0.27,0.6428,262,0.25,0.5952,565,0.25,0.5952,1,0.26,0.619,101,0
IWM190920C160,2019-09-17,2019-09-17 09:38:04,0.27,0.6428,247,0.25,0.5952,849,0.25,0.5952,1,0.26,0.619,101,0
IWM190920C160,2019-09-17,2019-09-17 09:38:05,0.27,0.6428,30,0.26,0.619,140,0.26,0.619,2,0.265,0.6309,103,2
IWM190920C160,2019-09-17,2019-09-17 09:38:05,0.27,0.6428,247,0.25,0.5952,849,0.25,0.5952,1,0.26,0.619,101,0
IWM190920C160,2019-09-17,2019-09-17 09:38:06,0.28,0.6666,100,0.26,0.619,277,0.26,0.619,2,0.27,0.6428,103,0
IWM190920C160,2019-09-17,2019-09-17 09:38:06,0.28,0.6666,241,0.26,0.619,668,0.26,0.619,2,0.27,0.6428,103,0
IWM190920C160,2019-09-17,2019-09-17 09:38:07,0.28,0.6666,155,0.27,0.6428,35,0.26,0.619,2,0.275,0.6547,103,0
IWM190920C160,2019-09-17,2019-09-17 09:38:07,0.28,0.6666,272,0.27,0.6428,35,0.26,0.619,2,0.275,0.6547,103,0
IWM190920C160,2019-09-17,2019-09-17 09:38:08,0.28,0.6666,155,0.27,0.6428,35,0.26,0.619,2,0.275,0.6547,103,0
IWM190920C160,2019-09-17,2019-09-17 09:38:08,0.28,0.6666,235,0.27,0.6428,58,0.26,0.619,2,0.275,0.6547,103,0
IWM190920C160,2019-09-17,2019-09-17 09:38:09,0.28,0.6666,235,0.27,0.6428,58,0.26,0.619,2,0.275,0.6547,103,0
IWM190920C160,2019-09-17,2019-09-17 09:38:09,0.28,0.6666,121,0.27,0.6428,97,0.26,0.619,2,0.275,0.6547,103,0
IWM190920C160,2019-09-17,2019-09-17 09:38:10,0.28,0.6666,153,0.27,0.6428,109,0.26,0.619,2,0.275,0.6547,103,0
IWM190920C160,2019-09-17,2019-09-17 09:38:10,0.28,0.6666,94,0.27,0.6428,193,0.26,0.619,2,0.275,0.6547,103,0
IWM190920C160,2019-09-17,2019-09-17 09:38:11,0.28,0.6666,22,0.27,0.6428,419,0.26,0.619,2,0.275,0.6547,103,0
IWM190920C160,2019-09-17,2019-09-17 09:38:12,0.28,0.6666,232,0.27,0.6428,419,0.26,0.619,2,0.275,0.6547,103,0
IWM190920C160,2019-09-17,2019-09-17 09:38:12,0.28,0.6666,150,0.27,0.6428,419,0.26,0.619,2,0.275,0.6547,103,0
IWM190920C160,2019-09-17,2019-09-17 09:38:13,0.28,0.6666,232,0.26,0.619,636,0.26,0.619,2,0.27,0.6428,103,0
IWM190920C160,2019-09-17,2019-09-17 09:38:13,0.28,0.6666,264,0.26,0.619,636,0.26,0.619,2,0.27,0.6428,103,0
IWM190920C160,2019-09-17,2019-09-17 09:38:14,0.28,0.6666,340,0.26,0.619,636,0.26,0.619,2,0.27,0.6428,103,0
IWM190920C160,2019-09-17,2019-09-17 09:38:14,0.28,0.6666,140,0.26,0.619,134,0.26,0.619,2,0.27,0.6428,103,0
IWM190920C160,2019-09-17,2019-09-17 09:38:15,0.28,0.6666,261,0.26,0.619,302,0.26,0.619,2,0.27,0.6428,103,0
IWM190920C160,2019-09-17,2019-09-17 09:38:15,0.28,0.6666,197,0.26,0.619,302,0.26,0.619,2,0.27,0.6428,103,0
IWM190920C160,2019-09-17,2019-09-17 09:38:16,0.28,0.6666,124,0.26,0.619,239,0.26,0.619,2,0.27,0.6428,103,0
IWM190920C160,2019-09-17,2019-09-17 09:38:16,0.28,0.6666,193,0.26,0.619,57,0.26,0.619,2,0.27,0.6428,103,0
IWM190920C160,2019-09-17,2019-09-17 09:38:17,0.28,0.6666,225,0.26,0.619,57,0.26,0.619,2,0.27,0.6428,103,0
IWM190920C160,2019-09-17,2019-09-17 09:38:18,0.28,0.6666,696,0.25,0.5952,860,0.26,0.619,2,0.265,0.6309,103,0
IWM190920C160,2019-09-17,2019-09-17 09:38:18,0.27,0.6428,465,0.25,0.5952,468,0.26,0.619,2,0.26,0.619,103,0
IWM190920C160,2019-09-17,2019-09-17 09:38:19,0.27,0.6428,287,0.25,0.5952,468,0.26,0.619,2,0.26,0.619,103,0
IWM190920C160,2019-09-17,2019-09-17 09:38:19,0.27,0.6428,362,0.25,0.5952,468,0.26,0.619,2,0.26,0.619,103,0
IWM190920C160,2019-09-17,2019-09-17 09:38:20,0.27,0.6428,321,0.25,0.5952,486,0.26,0.619,2,0.26,0.619,103,0
IWM190920C160,2019-09-17,2019-09-17 09:38:20,0.27,0.6428,287,0.25,0.5952,553,0.26,0.619,2,0.26,0.619,103,0
IWM190920C160,2019-09-17,2019-09-17 09:38:21,0.27,0.6428,298,0.25,0.5952,468,0.26,0.619,2,0.26,0.619,103,0
IWM190920C160,2019-09-17,2019-09-17 09:38:21,0.27,0.6428,486,0.25,0.5952,468,0.26,0.619,2,0.26,0.619,103,0
IWM190920C160,2019-09-17,2019-09-17 09:38:22,0.27,0.6428,457,0.25,0.5952,386,0.26,0.619,2,0.26,0.619,103,0
IWM190920C160,2019-09-17,2019-09-17 09:38:22,0.27,0.6428,466,0.25,0.5952,386,0.26,0.619,2,0.26,0.619,103,0
IWM190920C160,2019-09-17,2019-09-17 09:38:23,0.27,0.6428,436,0.25,0.5952,386,0.26,0.619,2,0.26,0.619,103,0
IWM190920C160,2019-09-17,2019-09-17 09:38:23,0.27,0.6428,558,0.25,0.5952,386,0.26,0.619,2,0.26,0.619,103,0
IWM190920C160,2019-09-17,2019-09-17 09:38:24,0.27,0.6428,562,0.25,0.5952,386,0.26,0.619,2,0.26,0.619,103,0
IWM190920C160,2019-09-17,2019-09-17 09:38:24,0.27,0.6428,568,0.25,0.5952,386,0.26,0.619,2,0.26,0.619,103,0
IWM190920C160,2019-09-17,2019-09-17 09:38:25,0.27,0.6428,281,0.25,0.5952,386,0.26,0.619,2,0.26,0.619,103,0
IWM190920C160,2019-09-17,2019-09-17 09:38:25,0.27,0.6428,562,0.25,0.5952,386,0.26,0.619,2,0.26,0.619,103,0
IWM190920C160,2019-09-17,2019-09-17 09:38:26,0.27,0.6428,210,0.25,0.5952,457,0.26,0.619,2,0.26,0.619,103,0
IWM190920C160,2019-09-17,2019-09-17 09:38:26,0.27,0.6428,316,0.25,0.5952,386,0.26,0.619,2,0.26,0.619,103,0
IWM190920C160,2019-09-17,2019-09-17 09:38:27,0.27,0.6428,135,0.25,0.5952,500,0.26,0.619,2,0.26,0.619,103,0
IWM190920C160,2019-09-17,2019-09-17 09:38:27,0.27,0.6428,41,0.25,0.5952,683,0.26,0.619,2,0.26,0.619,103,0
IWM190920C160,2019-09-17,2019-09-17 09:38:28,0.27,0.6428,22,0.26,0.619,258,0.26,0.619,2,0.265,0.6309,103,0
IWM190920C160,2019-09-17,2019-09-17 09:38:28,0.28,0.6666,308,0.26,0.619,258,0.26,0.619,2,0.27,0.6428,103,0
IWM190920C160,2019-09-17,2019-09-17 09:38:29,0.28,0.6666,583,0.26,0.619,580,0.26,0.619,2,0.27,0.6428,103,0
IWM190920C160,2019-09-17,2019-09-17 09:38:29,0.28,0.6666,583,0.26,0.619,142,0.26,0.619,2,0.27,0.6428,103,0
IWM190920C160,2019-09-17,2019-09-17 09:38:30,0.28,0.6666,496,0.26,0.619,241,0.26,0.619,2,0.27,0.6428,103,0
IWM190920C160,2019-09-17,2019-09-17 09:38:30,0.28,0.6666,583,0.26,0.619,142,0.26,0.619,2,0.27,0.6428,103,0
IWM190920C160,2019-09-17,2019-09-17 09:38:31,0.28,0.6666,496,0.26,0.619,241,0.26,0.619,2,0.27,0.6428,103,0
IWM190920C160,2019-09-17,2019-09-17 09:38:31,0.28,0.6666,528,0.26,0.619,241,0.26,0.619,2,0.27,0.6428,103,0
IWM190920C160,2019-09-17,2019-09-17 09:38:32,0.28,0.6666,380,0.26,0.619,540,0.26,0.619,2,0.27,0.6428,103,0
IWM190920C160,2019-09-17,2019-09-17 09:38:33,0.28,0.6666,376,0.26,0.619,540,0.26,0.619,2,0.27,0.6428,103,0
IWM190920C160,2019-09-17,2019-09-17 09:38:33,0.28,0.6666,286,0.26,0.619,540,0.26,0.619,2,0.27,0.6428,103,0
IWM190920C160,2019-09-17,2019-09-17 09:38:34,0.28,0.6666,355,0.26,0.619,540,0.26,0.619,2,0.27,0.6428,103,0
IWM190920C160,2019-09-17,2019-09-17 09:38:35,0.28,0.6666,97,0.27,0.6428,34,0.26,0.619,2,0.275,0.6547,103,0
IWM190920C160,2019-09-17,2019-09-17 09:38:35,0.28,0.6666,355,0.26,0.619,540,0.26,0.619,2,0.27,0.6428,103,0
IWM190920C160,2019-09-17,2019-09-17 09:38:36,0.28,0.6666,169,0.27,0.6428,113,0.26,0.619,2,0.275,0.6547,103,0
IWM190920C160,2019-09-17,2019-09-17 09:38:36,0.28,0.6666,96,0.27,0.6428,113,0.26,0.619,2,0.275,0.6547,103,0
IWM190920C160,2019-09-17,2019-09-17 09:38:37,0.28,0.6666,169,0.27,0.6428,106,0.26,0.619,2,0.275,0.6547,103,0
IWM190920C160,2019-09-17,2019-09-17 09:38:37,0.28,0.6666,85,0.27,0.6428,106,0.26,0.619,2,0.275,0.6547,103,0
IWM190920C160,2019-09-17,2019-09-17 09:38:38,0.28,0.6666,52,0.27,0.6428,72,0.28,0.6666,2,0.275,0.6547,105,2
IWM190920C160,2019-09-17,2019-09-17 09:38:38,0.28,0.6666,54,0.27,0.6428,106,0.26,0.619,2,0.275,0.6547,103,0
IWM190920C160,2019-09-17,2019-09-17 09:38:39,0.28,0.6666,90,0.27,0.6428,72,0.28,0.6666,2,0.275,0.6547,105,0
IWM190920C160,2019-09-17,2019-09-17 09:38:39,0.28,0.6666,90,0.27,0.6428,140,0.28,0.6666,1,0.275,0.6547,106,1
IWM190920C160,2019-09-17,2019-09-17 09:38:40,0.28,0.6666,136,0.27,0.6428,140,0.28,0.6666,1,0.275,0.6547,106,0
IWM190920C160,2019-09-17,2019-09-17 09:38:40,0.28,0.6666,118,0.27,0.6428,140,0.28,0.6666,1,0.275,0.6547,106,0
IWM190920C160,2019-09-17,2019-09-17 09:38:41,0.28,0.6666,194,0.26,0.619,535,0.28,0.6666,1,0.27,0.6428,106,0
IWM190920C160,2019-09-17,2019-09-17 09:38:41,0.28,0.6666,118,0.27,0.6428,10,0.28,0.6666,1,0.275,0.6547,106,0
IWM190920C160,2019-09-17,2019-09-17 09:38:42,0.28,0.6666,118,0.26,0.619,969,0.28,0.6666,1,0.27,0.6428,106,0
IWM190920C160,2019-09-17,2019-09-17 09:38:42,0.28,0.6666,133,0.26,0.619,797,0.28,0.6666,1,0.27,0.6428,106,0
IWM190920C160,2019-09-17,2019-09-17 09:38:43,0.28,0.6666,47,0.27,0.6428,123,0.28,0.6666,1,0.275,0.6547,106,0
IWM190920C160,2019-09-17,2019-09-17 09:38:43,0.29,0.6904,100,0.27,0.6428,443,0.28,0.6666,1,0.28,0.6666,106,0
IWM190920C160,2019-09-17,2019-09-17 09:38:44,0.29,0.6904,217,0.27,0.6428,400,0.28,0.6666,1,0.28,0.6666,106,0
IWM190920C160,2019-09-17,2019-09-17 09:38:44,0.29,0.6904,100,0.27,0.6428,426,0.28,0.6666,1,0.28,0.6666,106,0
IWM190920C160,2019-09-17,2019-09-17 09:38:45,0.29,0.6904,205,0.27,0.6428,595,0.28,0.6666,1,0.28,0.6666,106,0
IWM190920C160,2019-09-17,2019-09-17 09:38:45,0.29,0.6904,100,0.27,0.6428,468,0.28,0.6666,1,0.28,0.6666,106,0
