symbol,Date,quote_time,ask_price,norm_ask_price,ask_size,bid_price,norm_bid_price,bid_size,last_trade_price,norm_last_trade_price,last_trade_size,mark_price,norm_mark_price,volume,Volume
SPY190802C304,2019-07-31,2019-07-31 09:30:00,0.56,1.0,1,0.55,0.9821,108,0.53,0.9464,1,0.555,0.991,6,6
SPY190802C304,2019-07-31,2019-07-31 09:30:06,0.56,1.0,1,0.55,0.9821,18,0.55,0.9821,1,0.555,0.991,7,1
SPY190802C304,2019-07-31,2019-07-31 09:30:08,0.56,1.0,1,0.55,0.9821,100,0.55,0.9821,1,0.555,0.991,7,0
SPY190802C304,2019-07-31,2019-07-31 09:30:09,0.56,1.0,1,0.55,0.9821,100,0.55,0.9821,1,0.555,0.991,7,0
SPY190802C304,2019-07-31,2019-07-31 09:30:10,0.56,1.0,1,0.55,0.9821,100,0.55,0.9821,1,0.555,0.991,7,0
SPY190802C304,2019-07-31,2019-07-31 09:30:11,0.56,1.0,1,0.55,0.9821,100,0.55,0.9821,1,0.555,0.991,7,0
SPY190802C304,2019-07-31,2019-07-31 09:30:12,0.56,1.0,1,0.55,0.9821,100,0.55,0.9821,1,0.555,0.991,7,0
SPY190802C304,2019-07-31,2019-07-31 09:30:13,0.56,1.0,1,0.55,0.9821,100,0.55,0.9821,1,0.555,0.991,7,0
SPY190802C304,2019-07-31,2019-07-31 09:30:14,0.56,1.0,1,0.55,0.9821,100,0.55,0.9821,1,0.555,0.991,7,0
SPY190802C304,2019-07-31,2019-07-31 09:30:15,0.56,1.0,1,0.55,0.9821,100,0.55,0.9821,1,0.555,0.991,7,0
SPY190802C304,2019-07-31,2019-07-31 09:30:15,0.56,1.0,1,0.55,0.9821,120,0.55,0.9821,1,0.555,0.991,7,0
SPY190802C304,2019-07-31,2019-07-31 09:30:16,0.56,1.0,1,0.55,0.9821,120,0.55,0.9821,1,0.555,0.991,7,0
SPY190802C304,2019-07-31,2019-07-31 09:30:17,0.56,1.0,1,0.55,0.9821,120,0.55,0.9821,1,0.555,0.991,7,0
SPY190802C304,2019-07-31,2019-07-31 09:30:18,0.56,1.0,1,0.55,0.9821,120,0.55,0.9821,1,0.555,0.991,7,0
SPY190802C304,2019-07-31,2019-07-31 09:30:19,0.56,1.0,1,0.55,0.9821,194,0.55,0.9821,1,0.555,0.991,7,0
SPY190802C304,2019-07-31,2019-07-31 09:30:20,0.56,1.0,1,0.55,0.9821,212,0.55,0.9821,1,0.555,0.991,7,0
SPY190802C304,2019-07-31,2019-07-31 09:30:21,0.56,1.0,1,0.55,0.9821,1648,0.55,0.9821,1,0.555,0.991,7,0
SPY190802C304,2019-07-31,2019-07-31 09:30:21,0.56,1.0,1,0.55,0.9821,589,0.55,0.9821,1,0.555,0.991,7,0
SPY190802C304,2019-07-31,2019-07-31 09:30:22,0.56,1.0,5,0.55,0.9821,1142,0.55,0.9821,1,0.555,0.991,7,0
SPY190802C304,2019-07-31,2019-07-31 09:30:23,0.56,1.0,74,0.55,0.9821,164,0.55,0.9821,1,0.555,0.991,7,0
SPY190802C304,2019-07-31,2019-07-31 09:30:23,0.55,0.9821,105,0.54,0.9642,19,0.55,0.9821,1,0.545,0.9732,7,0
SPY190802C304,2019-07-31,2019-07-31 09:30:24,0.55,0.9821,1088,0.54,0.9642,136,0.55,0.9821,1,0.545,0.9732,7,0
SPY190802C304,2019-07-31,2019-07-31 09:30:25,0.55,0.9821,1806,0.53,0.9464,156,0.54,0.9642,1,0.54,0.9642,8,0
SPY190802C304,2019-07-31,2019-07-31 09:30:25,0.55,0.9821,1806,0.53,0.9464,100,0.54,0.9642,1,0.54,0.9642,8,1
SPY190802C304,2019-07-31,2019-07-31 09:30:26,0.55,0.9821,1806,0.53,0.9464,156,0.54,0.9642,1,0.54,0.9642,8,0
SPY190802C304,2019-07-31,2019-07-31 09:30:26,0.54,0.9642,314,0.53,0.9464,156,0.54,0.9642,1,0.535,0.9553,8,0
SPY190802C304,2019-07-31,2019-07-31 09:30:27,0.54,0.9642,314,0.53,0.9464,156,0.54,0.9642,1,0.535,0.9553,8,0
SPY190802C304,2019-07-31,2019-07-31 09:30:28,0.54,0.9642,314,0.53,0.9464,156,0.54,0.9642,1,0.535,0.9553,8,0
SPY190802C304,2019-07-31,2019-07-31 09:30:29,0.54,0.9642,314,0.53,0.9464,20,0.54,0.9642,1,0.535,0.9553,8,0
SPY190802C304,2019-07-31,2019-07-31 09:30:29,0.55,0.9821,265,0.53,0.9464,606,0.54,0.9642,1,0.54,0.9642,8,0
SPY190802C304,2019-07-31,2019-07-31 09:30:30,0.55,0.9821,265,0.53,0.9464,1923,0.54,0.9642,1,0.54,0.9642,8,0
SPY190802C304,2019-07-31,2019-07-31 09:30:31,0.54,0.9642,5,0.53,0.9464,2400,0.54,0.9642,1,0.535,0.9553,8,0
SPY190802C304,2019-07-31,2019-07-31 09:30:31,0.54,0.9642,5,0.53,0.9464,1946,0.54,0.9642,1,0.535,0.9553,8,0
SPY190802C304,2019-07-31,2019-07-31 09:30:32,0.54,0.9642,5,0.53,0.9464,2305,0.54,0.9642,1,0.535,0.9553,8,0
SPY190802C304,2019-07-31,2019-07-31 09:30:32,0.54,0.9642,5,0.53,0.9464,2400,0.54,0.9642,1,0.535,0.9553,8,0
SPY190802C304,2019-07-31,2019-07-31 09:30:33,0.54,0.9642,5,0.53,0.9464,2458,0.54,0.9642,1,0.535,0.9553,8,0
SPY190802C304,2019-07-31,2019-07-31 09:30:34,0.55,0.9821,448,0.54,0.9642,5,0.54,0.9642,1,0.545,0.9732,8,0
SPY190802C304,2019-07-31,2019-07-31 09:30:35,0.55,0.9821,683,0.54,0.9642,5,0.54,0.9642,1,0.545,0.9732,8,0
SPY190802C304,2019-07-31,2019-07-31 09:30:35,0.55,0.9821,608,0.54,0.9642,5,0.54,0.9642,1,0.545,0.9732,8,0
SPY190802C304,2019-07-31,2019-07-31 09:30:36,0.55,0.9821,349,0.54,0.9642,144,0.54,0.9642,1,0.545,0.9732,8,0
SPY190802C304,2019-07-31,2019-07-31 09:30:36,0.55,0.9821,616,0.54,0.9642,344,0.54,0.9642,1,0.545,0.9732,8,0
SPY190802C304,2019-07-31,2019-07-31 09:30:37,0.55,0.9821,495,0.54,0.9642,521,0.54,0.9642,1,0.545,0.9732,8,0
SPY190802C304,2019-07-31,2019-07-31 09:30:38,0.55,0.9821,224,0.54,0.9642,1134,0.54,0.9642,1,0.545,0.9732,8,0
SPY190802C304,2019-07-31,2019-07-31 09:30:38,0.55,0.9821,303,0.54,0.9642,427,0.54,0.9642,1,0.545,0.9732,8,0
SPY190802C304,2019-07-31,2019-07-31 09:30:39,0.55,0.9821,5,0.54,0.9642,1134,0.54,0.9642,1,0.545,0.9732,8,0
SPY190802C304,2019-07-31,2019-07-31 09:30:40,0.55,0.9821,5,0.54,0.9642,388,0.54,0.9642,1,0.545,0.9732,8,0
SPY190802C304,2019-07-31,2019-07-31 09:30:41,0.55,0.9821,5,0.54,0.9642,775,0.54,0.9642,1,0.545,0.9732,8,0
SPY190802C304,2019-07-31,2019-07-31 09:30:41,0.55,0.9821,5,0.54,0.9642,1816,0.54,0.9642,1,0.545,0.9732,8,0
SPY190802C304,2019-07-31,2019-07-31 09:30:42,0.55,0.9821,5,0.54,0.9642,1054,0.54,0.9642,1,0.545,0.9732,8,0
SPY190802C304,2019-07-31,2019-07-31 09:30:42,0.55,0.9821,5,0.54,0.9642,1266,0.54,0.9642,1,0.545,0.9732,8,0
SPY190802C304,2019-07-31,2019-07-31 09:30:43,0.55,0.9821,404,0.53,0.9464,1324,0.54,0.9642,10,0.54,0.9642,18,10
SPY190802C304,2019-07-31,2019-07-31 09:30:44,0.54,0.9642,5,0.53,0.9464,2114,0.54,0.9642,10,0.535,0.9553,18,0
SPY190802C304,2019-07-31,2019-07-31 09:30:45,0.54,0.9642,5,0.53,0.9464,2114,0.54,0.9642,10,0.535,0.9553,18,0
SPY190802C304,2019-07-31,2019-07-31 09:30:45,0.55,0.9821,668,0.54,0.9642,6,0.54,0.9642,10,0.545,0.9732,18,0
SPY190802C304,2019-07-31,2019-07-31 09:30:46,0.55,0.9821,279,0.54,0.9642,579,0.54,0.9642,10,0.545,0.9732,18,0
SPY190802C304,2019-07-31,2019-07-31 09:30:47,0.55,0.9821,428,0.54,0.9642,856,0.54,0.9642,10,0.545,0.9732,18,0
SPY190802C304,2019-07-31,2019-07-31 09:30:47,0.55,0.9821,428,0.54,0.9642,1097,0.54,0.9642,10,0.545,0.9732,18,0
SPY190802C304,2019-07-31,2019-07-31 09:30:48,0.56,1.0,1318,0.54,0.9642,1748,0.54,0.9642,10,0.55,0.9821,18,0
SPY190802C304,2019-07-31,2019-07-31 09:30:49,0.56,1.0,1318,0.54,0.9642,1748,0.54,0.9642,10,0.55,0.9821,18,0
SPY190802C304,2019-07-31,2019-07-31 09:30:50,0.55,0.9821,6,0.54,0.9642,950,0.54,0.9642,10,0.545,0.9732,18,0
SPY190802C304,2019-07-31,2019-07-31 09:30:50,0.56,1.0,1318,0.54,0.9642,1745,0.54,0.9642,10,0.55,0.9821,18,0
SPY190802C304,2019-07-31,2019-07-31 09:30:51,0.55,0.9821,5,0.54,0.9642,950,0.54,0.9642,10,0.545,0.9732,18,0
SPY190802C304,2019-07-31,2019-07-31 09:30:51,0.55,0.9821,5,0.54,0.9642,1556,0.54,0.9642,10,0.545,0.9732,18,0
SPY190802C304,2019-07-31,2019-07-31 09:30:52,0.56,1.0,50,0.55,0.9821,400,0.54,0.9642,10,0.555,0.991,18,0
SPY190802C304,2019-07-31,2019-07-31 09:30:53,0.56,1.0,1112,0.55,0.9821,400,0.54,0.9642,10,0.555,0.991,18,0
SPY190802C304,2019-07-31,2019-07-31 09:31:06,0.56,1.0,1228,0.55,0.9821,64,0.54,0.9642,10,0.555,0.991,18,0
SPY190802C304,2019-07-31,2019-07-31 09:31:06,0.56,1.0,207,0.55,0.9821,556,0.54,0.9642,10,0.555,0.991,18,0
SPY190802C304,2019-07-31,2019-07-31 09:31:07,0.56,1.0,1420,0.55,0.9821,5,0.54,0.9642,10,0.555,0.991,18,0
SPY190802C304,2019-07-31,2019-07-31 09:31:08,0.55,0.9821,259,0.54,0.9642,400,0.54,0.9642,10,0.545,0.9732,18,0
SPY190802C304,2019-07-31,2019-07-31 09:31:08,0.55,0.9821,5,0.55,0.9821,5,0.54,0.9642,10,0.55,0.9821,18,0
SPY190802C304,2019-07-31,2019-07-31 09:31:09,0.55,0.9821,5,0.54,0.9642,1273,0.54,0.9642,10,0.545,0.9732,18,0
SPY190802C304,2019-07-31,2019-07-31 09:31:10,0.55,0.9821,462,0.54,0.9642,558,0.54,0.9642,10,0.545,0.9732,18,0
SPY190802C304,2019-07-31,2019-07-31 09:31:10,0.55,0.9821,146,0.54,0.9642,824,0.54,0.9642,10,0.545,0.9732,18,0
SPY190802C304,2019-07-31,2019-07-31 09:31:11,0.55,0.9821,393,0.54,0.9642,558,0.54,0.9642,10,0.545,0.9732,18,0
SPY190802C304,2019-07-31,2019-07-31 09:31:12,0.55,0.9821,996,0.54,0.9642,558,0.54,0.9642,10,0.545,0.9732,18,0
SPY190802C304,2019-07-31,2019-07-31 09:31:12,0.55,0.9821,1220,0.54,0.9642,514,0.54,0.9642,10,0.545,0.9732,18,0
SPY190802C304,2019-07-31,2019-07-31 09:31:13,0.55,0.9821,1123,0.54,0.9642,514,0.54,0.9642,10,0.545,0.9732,18,0
SPY190802C304,2019-07-31,2019-07-31 09:31:14,0.55,0.9821,479,0.54,0.9642,514,0.54,0.9642,10,0.545,0.9732,18,0
SPY190802C304,2019-07-31,2019-07-31 09:31:14,0.55,0.9821,769,0.54,0.9642,514,0.54,0.9642,10,0.545,0.9732,18,0
SPY190802C304,2019-07-31,2019-07-31 09:31:15,0.55,0.9821,638,0.54,0.9642,514,0.54,0.9642,10,0.545,0.9732,18,0
SPY190802C304,2019-07-31,2019-07-31 09:31:16,0.55,0.9821,236,0.54,0.9642,1679,0.54,0.9642,10,0.545,0.9732,18,0
SPY190802C304,2019-07-31,2019-07-31 09:31:17,0.55,0.9821,224,0.54,0.9642,2241,0.54,0.9642,10,0.545,0.9732,18,0
SPY190802C304,2019-07-31,2019-07-31 09:31:18,0.55,0.9821,224,0.54,0.9642,1711,0.54,0.9642,10,0.545,0.9732,18,0
SPY190802C304,2019-07-31,2019-07-31 09:31:18,0.55,0.9821,224,0.54,0.9642,1418,0.54,0.9642,10,0.545,0.9732,18,0
SPY190802C304,2019-07-31,2019-07-31 09:31:19,0.55,0.9821,210,0.54,0.9642,1063,0.54,0.9642,10,0.545,0.9732,18,0
SPY190802C304,2019-07-31,2019-07-31 09:31:20,0.55,0.9821,393,0.54,0.9642,851,0.54,0.9642,10,0.545,0.9732,18,0
SPY190802C304,2019-07-31,2019-07-31 09:31:20,0.55,0.9821,244,0.54,0.9642,561,0.54,0.9642,10,0.545,0.9732,18,0
SPY190802C304,2019-07-31,2019-07-31 09:31:21,0.55,0.9821,432,0.54,0.9642,1074,0.54,0.9642,10,0.545,0.9732,18,0
SPY190802C304,2019-07-31,2019-07-31 09:31:22,0.55,0.9821,11,0.54,0.9642,1074,0.54,0.9642,10,0.545,0.9732,18,0
SPY190802C304,2019-07-31,2019-07-31 09:31:22,0.55,0.9821,11,0.54,0.9642,1176,0.54,0.9642,10,0.545,0.9732,18,0
SPY190802C304,2019-07-31,2019-07-31 09:31:23,0.55,0.9821,201,0.54,0.9642,1708,0.54,0.9642,10,0.545,0.9732,18,0
SPY190802C304,2019-07-31,2019-07-31 09:31:24,0.55,0.9821,291,0.54,0.9642,561,0.54,0.9642,10,0.545,0.9732,18,0
SPY190802C304,2019-07-31,2019-07-31 09:31:24,0.55,0.9821,580,0.54,0.9642,1040,0.54,0.9642,10,0.545,0.9732,18,0
SPY190802C304,2019-07-31,2019-07-31 09:31:25,0.55,0.9821,586,0.54,0.9642,400,0.54,0.9642,10,0.545,0.9732,18,0
SPY190802C304,2019-07-31,2019-07-31 09:31:26,0.55,0.9821,728,0.54,0.9642,400,0.54,0.9642,10,0.545,0.9732,18,0
SPY190802C304,2019-07-31,2019-07-31 09:31:27,0.55,0.9821,728,0.54,0.9642,400,0.54,0.9642,10,0.545,0.9732,18,0
SPY190802C304,2019-07-31,2019-07-31 09:31:27,0.55,0.9821,728,0.54,0.9642,522,0.54,0.9642,10,0.545,0.9732,18,0
SPY190802C304,2019-07-31,2019-07-31 09:31:28,0.55,0.9821,384,0.54,0.9642,793,0.54,0.9642,10,0.545,0.9732,18,0
SPY190802C304,2019-07-31,2019-07-31 09:31:28,0.55,0.9821,614,0.54,0.9642,522,0.54,0.9642,10,0.545,0.9732,18,0
SPY190802C304,2019-07-31,2019-07-31 09:31:29,0.55,0.9821,403,0.54,0.9642,522,0.54,0.9642,10,0.545,0.9732,18,0
SPY190802C304,2019-07-31,2019-07-31 09:31:30,0.55,0.9821,213,0.54,0.9642,788,0.54,0.9642,10,0.545,0.9732,18,0
SPY190802C304,2019-07-31,2019-07-31 09:31:30,0.55,0.9821,5,0.54,0.9642,2146,0.54,0.9642,10,0.545,0.9732,18,0
SPY190802C304,2019-07-31,2019-07-31 09:31:33,0.55,0.9821,256,0.54,0.9642,1871,0.54,0.9642,10,0.545,0.9732,18,0
SPY190802C304,2019-07-31,2019-07-31 09:31:33,0.55,0.9821,256,0.54,0.9642,1170,0.54,0.9642,10,0.545,0.9732,18,0
SPY190802C304,2019-07-31,2019-07-31 09:31:34,0.55,0.9821,161,0.54,0.9642,1871,0.54,0.9642,10,0.545,0.9732,18,0
SPY190802C304,2019-07-31,2019-07-31 09:31:35,0.56,1.0,224,0.55,0.9821,748,0.54,0.9642,10,0.555,0.991,18,0
SPY190802C304,2019-07-31,2019-07-31 09:31:35,0.55,0.9821,35,0.54,0.9642,1787,0.54,0.9642,10,0.545,0.9732,18,0
SPY190802C304,2019-07-31,2019-07-31 09:31:36,0.56,1.0,603,0.55,0.9821,789,0.54,0.9642,10,0.555,0.991,18,0
SPY190802C304,2019-07-31,2019-07-31 09:31:36,0.56,1.0,305,0.55,0.9821,789,0.54,0.9642,10,0.555,0.991,18,0
SPY190802C304,2019-07-31,2019-07-31 09:31:37,0.56,1.0,603,0.55,0.9821,1451,0.54,0.9642,10,0.555,0.991,18,0
SPY190802C304,2019-07-31,2019-07-31 09:31:38,0.56,1.0,603,0.55,0.9821,1513,0.54,0.9642,10,0.555,0.991,18,0
SPY190802C304,2019-07-31,2019-07-31 09:31:39,0.56,1.0,603,0.55,0.9821,1536,0.54,0.9642,10,0.555,0.991,18,0
SPY190802C304,2019-07-31,2019-07-31 09:31:39,0.56,1.0,603,0.55,0.9821,1477,0.54,0.9642,10,0.555,0.991,18,0
SPY190802C304,2019-07-31,2019-07-31 09:31:40,0.56,1.0,603,0.55,0.9821,1631,0.54,0.9642,10,0.555,0.991,18,0
SPY190802C304,2019-07-31,2019-07-31 09:31:41,0.56,1.0,603,0.55,0.9821,985,0.54,0.9642,10,0.555,0.991,18,0
SPY190802C304,2019-07-31,2019-07-31 09:31:41,0.56,1.0,603,0.55,0.9821,1148,0.54,0.9642,10,0.555,0.991,18,0
SPY190802C304,2019-07-31,2019-07-31 09:31:42,0.56,1.0,254,0.55,0.9821,2249,0.54,0.9642,10,0.555,0.991,18,0
SPY190802C304,2019-07-31,2019-07-31 09:31:43,0.56,1.0,254,0.55,0.9821,1793,0.54,0.9642,10,0.555,0.991,18,0
SPY190802C304,2019-07-31,2019-07-31 09:31:43,0.56,1.0,254,0.55,0.9821,1728,0.54,0.9642,10,0.555,0.991,18,0
SPY190802C304,2019-07-31,2019-07-31 09:31:44,0.56,1.0,254,0.55,0.9821,1728,0.54,0.9642,10,0.555,0.991,18,0
SPY190802C304,2019-07-31,2019-07-31 09:31:45,0.56,1.0,259,0.55,0.9821,1728,0.54,0.9642,10,0.555,0.991,18,0
SPY190802C304,2019-07-31,2019-07-31 09:31:46,0.56,1.0,344,0.55,0.9821,480,0.54,0.9642,10,0.555,0.991,18,0
SPY190802C304,2019-07-31,2019-07-31 09:31:46,0.56,1.0,259,0.55,0.9821,2594,0.54,0.9642,10,0.555,0.991,18,0
SPY190802C304,2019-07-31,2019-07-31 09:31:47,0.56,1.0,567,0.55,0.9821,480,0.54,0.9642,10,0.555,0.991,18,0
SPY190802C304,2019-07-31,2019-07-31 09:31:48,0.55,0.9821,10,0.54,0.9642,2892,0.54,0.9642,10,0.545,0.9732,18,0
SPY190802C304,2019-07-31,2019-07-31 09:31:48,0.56,1.0,656,0.54,0.9642,2892,0.54,0.9642,10,0.55,0.9821,18,0
SPY190802C304,2019-07-31,2019-07-31 09:31:49,0.56,1.0,656,0.55,0.9821,100,0.54,0.9642,10,0.555,0.991,18,0
SPY190802C304,2019-07-31,2019-07-31 09:31:49,0.56,1.0,920,0.55,0.9821,100,0.54,0.9642,10,0.555,0.991,18,0
SPY190802C304,2019-07-31,2019-07-31 09:31:50,0.56,1.0,920,0.55,0.9821,100,0.54,0.9642,10,0.555,0.991,18,0
SPY190802C304,2019-07-31,2019-07-31 09:31:51,0.56,1.0,495,0.55,0.9821,100,0.54,0.9642,10,0.555,0.991,18,0
SPY190802C304,2019-07-31,2019-07-31 09:31:52,0.56,1.0,495,0.55,0.9821,611,0.54,0.9642,10,0.555,0.991,18,0
SPY190802C304,2019-07-31,2019-07-31 09:31:53,0.56,1.0,495,0.55,0.9821,611,0.54,0.9642,10,0.555,0.991,18,0
SPY190802C304,2019-07-31,2019-07-31 09:31:54,0.56,1.0,485,0.55,0.9821,611,0.54,0.9642,10,0.555,0.991,18,0
SPY190802C304,2019-07-31,2019-07-31 09:31:54,0.56,1.0,495,0.55,0.9821,611,0.54,0.9642,10,0.555,0.991,18,0
SPY190802C304,2019-07-31,2019-07-31 09:31:55,0.56,1.0,495,0.55,0.9821,611,0.54,0.9642,10,0.555,0.991,18,0
SPY190802C304,2019-07-31,2019-07-31 09:31:55,0.56,1.0,1112,0.55,0.9821,611,0.54,0.9642,10,0.555,0.991,18,0
SPY190802C304,2019-07-31,2019-07-31 09:31:56,0.56,1.0,1102,0.55,0.9821,660,0.54,0.9642,10,0.555,0.991,18,0
SPY190802C304,2019-07-31,2019-07-31 09:31:56,0.56,1.0,10,0.55,0.9821,780,0.54,0.9642,10,0.555,0.991,18,0
SPY190802C304,2019-07-31,2019-07-31 09:31:57,0.56,1.0,259,0.55,0.9821,780,0.54,0.9642,10,0.555,0.991,18,0
SPY190802C304,2019-07-31,2019-07-31 09:31:57,0.56,1.0,224,0.55,0.9821,1038,0.54,0.9642,10,0.555,0.991,18,0
SPY190802C304,2019-07-31,2019-07-31 09:31:59,0.56,1.0,314,0.55,0.9821,690,0.54,0.9642,10,0.555,0.991,18,0
SPY190802C304,2019-07-31,2019-07-31 09:32:00,0.55,0.9821,5,0.54,0.9642,1258,0.54,0.9642,10,0.545,0.9732,18,0
SPY190802C304,2019-07-31,2019-07-31 09:32:00,0.56,1.0,481,0.54,0.9642,1258,0.54,0.9642,10,0.55,0.9821,18,0
SPY190802C304,2019-07-31,2019-07-31 09:32:01,0.55,0.9821,100,0.54,0.9642,794,0.54,0.9642,10,0.545,0.9732,18,0
SPY190802C304,2019-07-31,2019-07-31 09:32:02,0.55,0.9821,224,0.54,0.9642,592,0.54,0.9642,10,0.545,0.9732,18,0
SPY190802C304,2019-07-31,2019-07-31 09:32:02,0.55,0.9821,344,0.54,0.9642,592,0.54,0.9642,10,0.545,0.9732,18,0
SPY190802C304,2019-07-31,2019-07-31 09:32:03,0.55,0.9821,566,0.54,0.9642,592,0.54,0.9642,10,0.545,0.9732,18,0
SPY190802C304,2019-07-31,2019-07-31 09:32:03,0.55,0.9821,320,0.54,0.9642,592,0.54,0.9642,10,0.545,0.9732,18,0
SPY190802C304,2019-07-31,2019-07-31 09:32:04,0.55,0.9821,836,0.54,0.9642,592,0.54,0.9642,10,0.545,0.9732,18,0
SPY190802C304,2019-07-31,2019-07-31 09:32:05,0.55,0.9821,836,0.54,0.9642,592,0.54,0.9642,10,0.545,0.9732,18,0
SPY190802C304,2019-07-31,2019-07-31 09:32:06,0.54,0.9642,5,0.53,0.9464,2144,0.54,0.9642,10,0.535,0.9553,18,0
SPY190802C304,2019-07-31,2019-07-31 09:32:06,0.55,0.9821,536,0.54,0.9642,47,0.54,0.9642,10,0.545,0.9732,18,0
SPY190802C304,2019-07-31,2019-07-31 09:32:07,0.55,0.9821,1254,0.53,0.9464,2189,0.54,0.9642,10,0.54,0.9642,18,0
SPY190802C304,2019-07-31,2019-07-31 09:32:07,0.54,0.9642,6,0.53,0.9464,2189,0.54,0.9642,10,0.535,0.9553,18,0
SPY190802C304,2019-07-31,2019-07-31 09:32:08,0.54,0.9642,6,0.53,0.9464,1746,0.54,0.9642,10,0.535,0.9553,18,0
SPY190802C304,2019-07-31,2019-07-31 09:32:08,0.54,0.9642,6,0.53,0.9464,2197,0.54,0.9642,10,0.535,0.9553,18,0
SPY190802C304,2019-07-31,2019-07-31 09:32:09,0.54,0.9642,100,0.53,0.9464,619,0.54,0.9642,10,0.535,0.9553,18,0
SPY190802C304,2019-07-31,2019-07-31 09:32:10,0.54,0.9642,344,0.53,0.9464,100,0.54,0.9642,10,0.535,0.9553,18,0
SPY190802C304,2019-07-31,2019-07-31 09:32:10,0.54,0.9642,376,0.53,0.9464,5,0.54,0.9642,10,0.535,0.9553,18,0
SPY190802C304,2019-07-31,2019-07-31 09:32:11,0.53,0.9464,5,0.52,0.9285,2333,0.54,0.9642,10,0.525,0.9375,18,0
SPY190802C304,2019-07-31,2019-07-31 09:32:12,0.53,0.9464,5,0.52,0.9285,2333,0.54,0.9642,10,0.525,0.9375,18,0
SPY190802C304,2019-07-31,2019-07-31 09:32:13,0.53,0.9464,69,0.52,0.9285,2920,0.54,0.9642,10,0.525,0.9375,18,0
SPY190802C304,2019-07-31,2019-07-31 09:32:13,0.53,0.9464,5,0.52,0.9285,2781,0.54,0.9642,10,0.525,0.9375,18,0
SPY190802C304,2019-07-31,2019-07-31 09:32:14,0.53,0.9464,5,0.53,0.9464,1453,0.53,0.9464,5,0.53,0.9464,23,0
SPY190802C304,2019-07-31,2019-07-31 09:32:14,0.53,0.9464,5,0.53,0.9464,984,0.53,0.9464,5,0.53,0.9464,23,5
SPY190802C304,2019-07-31,2019-07-31 09:32:15,0.53,0.9464,5,0.53,0.9464,1453,0.53,0.9464,5,0.53,0.9464,23,0
SPY190802C304,2019-07-31,2019-07-31 09:32:16,0.54,0.9642,100,0.53,0.9464,1453,0.53,0.9464,5,0.535,0.9553,23,0
SPY190802C304,2019-07-31,2019-07-31 09:32:18,0.54,0.9642,224,0.53,0.9464,739,0.53,0.9464,5,0.535,0.9553,23,0
SPY190802C304,2019-07-31,2019-07-31 09:32:19,0.54,0.9642,224,0.53,0.9464,237,0.53,0.9464,5,0.535,0.9553,23,0
SPY190802C304,2019-07-31,2019-07-31 09:32:20,0.54,0.9642,224,0.53,0.9464,237,0.53,0.9464,5,0.535,0.9553,23,0
SPY190802C304,2019-07-31,2019-07-31 09:32:20,0.54,0.9642,224,0.53,0.9464,216,0.53,0.9464,5,0.535,0.9553,23,0
SPY190802C304,2019-07-31,2019-07-31 09:32:21,0.54,0.9642,224,0.53,0.9464,216,0.53,0.9464,5,0.535,0.9553,23,0
SPY190802C304,2019-07-31,2019-07-31 09:32:22,0.54,0.9642,224,0.53,0.9464,216,0.53,0.9464,5,0.535,0.9553,23,0
SPY190802C304,2019-07-31,2019-07-31 09:32:23,0.54,0.9642,224,0.53,0.9464,216,0.53,0.9464,5,0.535,0.9553,23,0
SPY190802C304,2019-07-31,2019-07-31 09:32:24,0.54,0.9642,224,0.53,0.9464,216,0.53,0.9464,5,0.535,0.9553,23,0
SPY190802C304,2019-07-31,2019-07-31 09:32:25,0.54,0.9642,177,0.53,0.9464,6,0.53,0.9464,5,0.535,0.9553,23,0
SPY190802C304,2019-07-31,2019-07-31 09:32:26,0.53,0.9464,5,0.52,0.9285,1627,0.53,0.9464,5,0.525,0.9375,23,0
SPY190802C304,2019-07-31,2019-07-31 09:32:27,0.53,0.9464,5,0.52,0.9285,1627,0.52,0.9285,1,0.525,0.9375,24,1
SPY190802C304,2019-07-31,2019-07-31 09:32:27,0.54,0.9642,1604,0.52,0.9285,1627,0.52,0.9285,1,0.53,0.9464,24,0
SPY190802C304,2019-07-31,2019-07-31 09:32:28,0.54,0.9642,715,0.53,0.9464,616,0.52,0.9285,1,0.535,0.9553,24,0
SPY190802C304,2019-07-31,2019-07-31 09:32:29,0.54,0.9642,1055,0.53,0.9464,24,0.52,0.9285,1,0.535,0.9553,24,0
SPY190802C304,2019-07-31,2019-07-31 09:32:29,0.54,0.9642,545,0.53,0.9464,113,0.52,0.9285,1,0.535,0.9553,24,0
SPY190802C304,2019-07-31,2019-07-31 09:32:30,0.54,0.9642,761,0.52,0.9285,2333,0.52,0.9285,1,0.53,0.9464,24,0
SPY190802C304,2019-07-31,2019-07-31 09:32:30,0.53,0.9464,10,0.52,0.9285,1627,0.52,0.9285,1,0.525,0.9375,24,0
SPY190802C304,2019-07-31,2019-07-31 09:32:31,0.54,0.9642,30,0.53,0.9464,59,0.52,0.9285,1,0.535,0.9553,24,0
SPY190802C304,2019-07-31,2019-07-31 09:32:32,0.53,0.9464,5,0.52,0.9285,1900,0.52,0.9285,1,0.525,0.9375,24,0
SPY190802C304,2019-07-31,2019-07-31 09:32:32,0.54,0.9642,870,0.52,0.9285,2128,0.52,0.9285,1,0.53,0.9464,24,0
SPY190802C304,2019-07-31,2019-07-31 09:32:33,0.53,0.9464,75,0.52,0.9285,1037,0.52,0.9285,1,0.525,0.9375,24,0
SPY190802C304,2019-07-31,2019-07-31 09:32:34,0.53,0.9464,343,0.52,0.9285,226,0.52,0.9285,1,0.525,0.9375,24,0
SPY190802C304,2019-07-31,2019-07-31 09:32:34,0.53,0.9464,343,0.52,0.9285,826,0.52,0.9285,1,0.525,0.9375,24,0
SPY190802C304,2019-07-31,2019-07-31 09:32:35,0.53,0.9464,343,0.52,0.9285,206,0.52,0.9285,1,0.525,0.9375,24,0
SPY190802C304,2019-07-31,2019-07-31 09:32:36,0.53,0.9464,43,0.52,0.9285,824,0.52,0.9285,1,0.525,0.9375,24,0
SPY190802C304,2019-07-31,2019-07-31 09:32:36,0.53,0.9464,5,0.52,0.9285,741,0.52,0.9285,1,0.525,0.9375,24,0
SPY190802C304,2019-07-31,2019-07-31 09:32:37,0.53,0.9464,100,0.52,0.9285,1416,0.52,0.9285,1,0.525,0.9375,24,0
SPY190802C304,2019-07-31,2019-07-31 09:32:37,0.53,0.9464,6,0.52,0.9285,1416,0.52,0.9285,1,0.525,0.9375,24,0
SPY190802C304,2019-07-31,2019-07-31 09:32:38,0.53,0.9464,224,0.52,0.9285,1826,0.52,0.9285,1,0.525,0.9375,24,0
SPY190802C304,2019-07-31,2019-07-31 09:32:39,0.53,0.9464,224,0.52,0.9285,823,0.52,0.9285,1,0.525,0.9375,24,0
SPY190802C304,2019-07-31,2019-07-31 09:32:39,0.53,0.9464,266,0.52,0.9285,823,0.52,0.9285,1,0.525,0.9375,24,0
SPY190802C304,2019-07-31,2019-07-31 09:32:40,0.53,0.9464,289,0.52,0.9285,1270,0.52,0.9285,1,0.525,0.9375,24,0
SPY190802C304,2019-07-31,2019-07-31 09:32:41,0.54,0.9642,428,0.53,0.9464,480,0.52,0.9285,1,0.535,0.9553,24,0
SPY190802C304,2019-07-31,2019-07-31 09:32:41,0.54,0.9642,428,0.53,0.9464,536,0.52,0.9285,1,0.535,0.9553,24,0
SPY190802C304,2019-07-31,2019-07-31 09:32:42,0.53,0.9464,6,0.52,0.9285,1938,0.52,0.9285,1,0.525,0.9375,24,0
SPY190802C304,2019-07-31,2019-07-31 09:32:42,0.54,0.9642,428,0.53,0.9464,480,0.52,0.9285,1,0.535,0.9553,24,0
SPY190802C304,2019-07-31,2019-07-31 09:32:43,0.53,0.9464,6,0.52,0.9285,1658,0.52,0.9285,1,0.525,0.9375,24,0
SPY190802C304,2019-07-31,2019-07-31 09:32:45,0.53,0.9464,10,0.52,0.9285,1595,0.52,0.9285,1,0.525,0.9375,24,0
SPY190802C304,2019-07-31,2019-07-31 09:32:47,0.53,0.9464,224,0.52,0.9285,1668,0.52,0.9285,1,0.525,0.9375,24,0
SPY190802C304,2019-07-31,2019-07-31 09:32:48,0.53,0.9464,6,0.52,0.9285,1760,0.52,0.9285,1,0.525,0.9375,24,0
SPY190802C304,2019-07-31,2019-07-31 09:32:48,0.53,0.9464,100,0.52,0.9285,1760,0.52,0.9285,1,0.525,0.9375,24,0
SPY190802C304,2019-07-31,2019-07-31 09:32:49,0.54,0.9642,353,0.53,0.9464,679,0.52,0.9285,1,0.535,0.9553,24,0
SPY190802C304,2019-07-31,2019-07-31 09:32:49,0.53,0.9464,84,0.52,0.9285,2458,0.52,0.9285,1,0.525,0.9375,24,0
SPY190802C304,2019-07-31,2019-07-31 09:32:50,0.54,0.9642,224,0.53,0.9464,686,0.52,0.9285,1,0.535,0.9553,24,0
SPY190802C304,2019-07-31,2019-07-31 09:32:51,0.54,0.9642,224,0.53,0.9464,686,0.52,0.9285,1,0.535,0.9553,24,0
SPY190802C304,2019-07-31,2019-07-31 09:32:51,0.54,0.9642,224,0.53,0.9464,679,0.52,0.9285,1,0.535,0.9553,24,0
SPY190802C304,2019-07-31,2019-07-31 09:32:52,0.54,0.9642,224,0.53,0.9464,723,0.52,0.9285,1,0.535,0.9553,24,0
SPY190802C304,2019-07-31,2019-07-31 09:32:53,0.54,0.9642,224,0.53,0.9464,1706,0.52,0.9285,1,0.535,0.9553,24,0
SPY190802C304,2019-07-31,2019-07-31 09:32:53,0.54,0.9642,56,0.53,0.9464,1596,0.52,0.9285,1,0.535,0.9553,24,0
SPY190802C304,2019-07-31,2019-07-31 09:32:54,0.55,0.9821,263,0.54,0.9642,732,0.52,0.9285,1,0.545,0.9732,24,0
SPY190802C304,2019-07-31,2019-07-31 09:32:54,0.55,0.9821,382,0.54,0.9642,732,0.52,0.9285,1,0.545,0.9732,24,0
SPY190802C304,2019-07-31,2019-07-31 09:32:55,0.55,0.9821,801,0.54,0.9642,902,0.52,0.9285,1,0.545,0.9732,24,0
SPY190802C304,2019-07-31,2019-07-31 09:32:56,0.55,0.9821,248,0.54,0.9642,1811,0.52,0.9285,1,0.545,0.9732,24,0
SPY190802C304,2019-07-31,2019-07-31 09:32:56,0.55,0.9821,248,0.54,0.9642,1911,0.52,0.9285,1,0.545,0.9732,24,0
SPY190802C304,2019-07-31,2019-07-31 09:32:57,0.55,0.9821,248,0.54,0.9642,1811,0.52,0.9285,1,0.545,0.9732,24,0
SPY190802C304,2019-07-31,2019-07-31 09:32:58,0.55,0.9821,134,0.54,0.9642,1139,0.52,0.9285,1,0.545,0.9732,24,0
SPY190802C304,2019-07-31,2019-07-31 09:32:58,0.55,0.9821,224,0.54,0.9642,852,0.52,0.9285,1,0.545,0.9732,24,0
SPY190802C304,2019-07-31,2019-07-31 09:32:59,0.56,1.0,263,0.55,0.9821,577,0.52,0.9285,1,0.555,0.991,24,0
SPY190802C304,2019-07-31,2019-07-31 09:32:59,0.55,0.9821,134,0.54,0.9642,1659,0.52,0.9285,1,0.545,0.9732,24,0
SPY190802C304,2019-07-31,2019-07-31 09:33:00,0.56,1.0,263,0.55,0.9821,577,0.52,0.9285,1,0.555,0.991,24,0
SPY190802C304,2019-07-31,2019-07-31 09:33:01,0.56,1.0,263,0.55,0.9821,488,0.52,0.9285,1,0.555,0.991,24,0
SPY190802C304,2019-07-31,2019-07-31 09:33:02,0.56,1.0,263,0.55,0.9821,1001,0.52,0.9285,1,0.555,0.991,24,0
SPY190802C304,2019-07-31,2019-07-31 09:33:03,0.56,1.0,263,0.55,0.9821,1074,0.52,0.9285,1,0.555,0.991,24,0
SPY190802C304,2019-07-31,2019-07-31 09:33:04,0.56,1.0,300,0.55,0.9821,702,0.52,0.9285,1,0.555,0.991,24,0
SPY190802C304,2019-07-31,2019-07-31 09:33:04,0.56,1.0,416,0.55,0.9821,749,0.52,0.9285,1,0.555,0.991,24,0
SPY190802C304,2019-07-31,2019-07-31 09:33:05,0.56,1.0,460,0.55,0.9821,596,0.52,0.9285,1,0.555,0.991,24,0
SPY190802C304,2019-07-31,2019-07-31 09:33:05,0.56,1.0,460,0.55,0.9821,1057,0.52,0.9285,1,0.555,0.991,24,0
SPY190802C304,2019-07-31,2019-07-31 09:33:06,0.56,1.0,460,0.55,0.9821,1057,0.52,0.9285,1,0.555,0.991,24,0
SPY190802C304,2019-07-31,2019-07-31 09:33:07,0.56,1.0,460,0.55,0.9821,1350,0.52,0.9285,1,0.555,0.991,24,0
SPY190802C304,2019-07-31,2019-07-31 09:33:07,0.56,1.0,460,0.55,0.9821,1057,0.52,0.9285,1,0.555,0.991,24,0
SPY190802C304,2019-07-31,2019-07-31 09:33:08,0.56,1.0,187,0.54,0.9642,3397,0.52,0.9285,1,0.55,0.9821,24,0
SPY190802C304,2019-07-31,2019-07-31 09:33:08,0.55,0.9821,100,0.54,0.9642,3821,0.52,0.9285,1,0.545,0.9732,24,0
SPY190802C304,2019-07-31,2019-07-31 09:33:09,0.55,0.9821,100,0.54,0.9642,3592,0.52,0.9285,1,0.545,0.9732,24,0
SPY190802C304,2019-07-31,2019-07-31 09:33:10,0.55,0.9821,224,0.54,0.9642,2900,0.52,0.9285,1,0.545,0.9732,24,0
SPY190802C304,2019-07-31,2019-07-31 09:33:10,0.55,0.9821,224,0.54,0.9642,3592,0.52,0.9285,1,0.545,0.9732,24,0
SPY190802C304,2019-07-31,2019-07-31 09:33:11,0.55,0.9821,294,0.54,0.9642,2379,0.52,0.9285,1,0.545,0.9732,24,0
SPY190802C304,2019-07-31,2019-07-31 09:33:11,0.55,0.9821,224,0.54,0.9642,2900,0.52,0.9285,1,0.545,0.9732,24,0
SPY190802C304,2019-07-31,2019-07-31 09:33:12,0.55,0.9821,400,0.54,0.9642,2379,0.52,0.9285,1,0.545,0.9732,24,0
SPY190802C304,2019-07-31,2019-07-31 09:33:13,0.55,0.9821,557,0.54,0.9642,143,0.52,0.9285,1,0.545,0.9732,24,0
SPY190802C304,2019-07-31,2019-07-31 09:33:13,0.55,0.9821,557,0.54,0.9642,138,0.52,0.9285,1,0.545,0.9732,24,0
SPY190802C304,2019-07-31,2019-07-31 09:33:14,0.55,0.9821,557,0.54,0.9642,75,0.52,0.9285,1,0.545,0.9732,24,0
SPY190802C304,2019-07-31,2019-07-31 09:33:15,0.55,0.9821,480,0.54,0.9642,1038,0.52,0.9285,1,0.545,0.9732,24,0
SPY190802C304,2019-07-31,2019-07-31 09:33:15,0.55,0.9821,557,0.54,0.9642,802,0.52,0.9285,1,0.545,0.9732,24,0
SPY190802C304,2019-07-31,2019-07-31 09:33:16,0.55,0.9821,557,0.54,0.9642,802,0.52,0.9285,1,0.545,0.9732,24,0
SPY190802C304,2019-07-31,2019-07-31 09:33:17,0.55,0.9821,314,0.54,0.9642,1068,0.52,0.9285,1,0.545,0.9732,24,0
SPY190802C304,2019-07-31,2019-07-31 09:33:17,0.55,0.9821,321,0.54,0.9642,1068,0.52,0.9285,1,0.545,0.9732,24,0
SPY190802C304,2019-07-31,2019-07-31 09:33:18,0.55,0.9821,239,0.54,0.9642,3595,0.52,0.9285,1,0.545,0.9732,24,0
SPY190802C304,2019-07-31,2019-07-31 09:33:19,0.55,0.9821,5,0.54,0.9642,3280,0.52,0.9285,1,0.545,0.9732,24,0
SPY190802C304,2019-07-31,2019-07-31 09:33:19,0.55,0.9821,224,0.54,0.9642,2739,0.52,0.9285,1,0.545,0.9732,24,0
SPY190802C304,2019-07-31,2019-07-31 09:33:20,0.55,0.9821,5,0.54,0.9642,3642,0.52,0.9285,1,0.545,0.9732,24,0
SPY190802C304,2019-07-31,2019-07-31 09:33:21,0.55,0.9821,6,0.54,0.9642,3520,0.52,0.9285,1,0.545,0.9732,24,0
SPY190802C304,2019-07-31,2019-07-31 09:33:21,0.55,0.9821,6,0.54,0.9642,659,0.52,0.9285,1,0.545,0.9732,24,0
SPY190802C304,2019-07-31,2019-07-31 09:33:22,0.57,1.0178,385,0.56,1.0,400,0.56,1.0,1,0.565,1.0089,25,1
SPY190802C304,2019-07-31,2019-07-31 09:33:22,0.56,1.0,1,0.55,0.9821,2267,0.52,0.9285,1,0.555,0.991,24,0
SPY190802C304,2019-07-31,2019-07-31 09:33:23,0.57,1.0178,586,0.56,1.0,400,0.56,1.0,1,0.565,1.0089,25,0
SPY190802C304,2019-07-31,2019-07-31 09:33:23,0.57,1.0178,596,0.56,1.0,400,0.56,1.0,1,0.565,1.0089,25,0
SPY190802C304,2019-07-31,2019-07-31 09:33:24,0.57,1.0178,722,0.56,1.0,400,0.56,1.0,1,0.565,1.0089,25,0
SPY190802C304,2019-07-31,2019-07-31 09:33:25,0.57,1.0178,728,0.56,1.0,611,0.56,1.0,1,0.565,1.0089,25,0
SPY190802C304,2019-07-31,2019-07-31 09:33:25,0.57,1.0178,722,0.56,1.0,400,0.56,1.0,1,0.565,1.0089,25,0
SPY190802C304,2019-07-31,2019-07-31 09:33:26,0.57,1.0178,728,0.56,1.0,587,0.56,1.0,1,0.565,1.0089,25,0
SPY190802C304,2019-07-31,2019-07-31 09:33:26,0.57,1.0178,586,0.56,1.0,587,0.56,1.0,1,0.565,1.0089,25,0
SPY190802C304,2019-07-31,2019-07-31 09:33:27,0.57,1.0178,224,0.56,1.0,886,0.56,1.0,1,0.565,1.0089,25,0
SPY190802C304,2019-07-31,2019-07-31 09:33:28,0.57,1.0178,224,0.56,1.0,2517,0.56,1.0,1,0.565,1.0089,25,0
SPY190802C304,2019-07-31,2019-07-31 09:33:28,0.57,1.0178,224,0.56,1.0,2856,0.56,1.0,1,0.565,1.0089,25,0
SPY190802C304,2019-07-31,2019-07-31 09:33:29,0.57,1.0178,224,0.56,1.0,4710,0.56,1.0,1,0.565,1.0089,25,0
SPY190802C304,2019-07-31,2019-07-31 09:33:29,0.57,1.0178,224,0.56,1.0,3002,0.56,1.0,1,0.565,1.0089,25,0
SPY190802C304,2019-07-31,2019-07-31 09:33:30,0.57,1.0178,3,0.56,1.0,3243,0.56,1.0,1,0.565,1.0089,25,0
SPY190802C304,2019-07-31,2019-07-31 09:33:31,0.57,1.0178,3,0.56,1.0,4487,0.56,1.0,1,0.565,1.0089,25,0
SPY190802C304,2019-07-31,2019-07-31 09:33:31,0.57,1.0178,3,0.56,1.0,3275,0.56,1.0,1,0.565,1.0089,25,0
SPY190802C304,2019-07-31,2019-07-31 09:33:32,0.57,1.0178,3,0.56,1.0,3511,0.56,1.0,1,0.565,1.0089,25,0
SPY190802C304,2019-07-31,2019-07-31 09:33:33,0.57,1.0178,3,0.56,1.0,3033,0.56,1.0,1,0.565,1.0089,25,0
SPY190802C304,2019-07-31,2019-07-31 09:33:33,0.57,1.0178,3,0.56,1.0,3511,0.56,1.0,1,0.565,1.0089,25,0
SPY190802C304,2019-07-31,2019-07-31 09:33:34,0.58,1.0357,190,0.57,1.0178,1916,0.57,1.0178,3,0.575,1.0267,28,0
SPY190802C304,2019-07-31,2019-07-31 09:33:34,0.58,1.0357,224,0.57,1.0178,1416,0.57,1.0178,3,0.575,1.0267,28,3
SPY190802C304,2019-07-31,2019-07-31 09:33:35,0.58,1.0357,100,0.57,1.0178,1864,0.57,1.0178,3,0.575,1.0267,28,0
SPY190802C304,2019-07-31,2019-07-31 09:33:36,0.58,1.0357,100,0.57,1.0178,2007,0.57,1.0178,3,0.575,1.0267,28,0
SPY190802C304,2019-07-31,2019-07-31 09:33:36,0.58,1.0357,6,0.57,1.0178,2229,0.57,1.0178,3,0.575,1.0267,28,0
SPY190802C304,2019-07-31,2019-07-31 09:33:37,0.58,1.0357,6,0.57,1.0178,2397,0.57,1.0178,3,0.575,1.0267,28,0
SPY190802C304,2019-07-31,2019-07-31 09:33:37,0.58,1.0357,6,0.57,1.0178,2209,0.57,1.0178,3,0.575,1.0267,28,0
SPY190802C304,2019-07-31,2019-07-31 09:33:38,0.58,1.0357,6,0.57,1.0178,1735,0.57,1.0178,3,0.575,1.0267,28,0
SPY190802C304,2019-07-31,2019-07-31 09:33:39,0.58,1.0357,100,0.57,1.0178,1981,0.57,1.0178,3,0.575,1.0267,28,0
SPY190802C304,2019-07-31,2019-07-31 09:33:39,0.58,1.0357,10,0.57,1.0178,1913,0.57,1.0178,3,0.575,1.0267,28,0
SPY190802C304,2019-07-31,2019-07-31 09:33:40,0.58,1.0357,100,0.57,1.0178,2011,0.57,1.0178,3,0.575,1.0267,28,0
SPY190802C304,2019-07-31,2019-07-31 09:33:40,0.58,1.0357,210,0.57,1.0178,1966,0.57,1.0178,3,0.575,1.0267,28,0
SPY190802C304,2019-07-31,2019-07-31 09:33:41,0.58,1.0357,30,0.57,1.0178,1552,0.58,1.0357,10,0.575,1.0267,38,0
SPY190802C304,2019-07-31,2019-07-31 09:33:41,0.58,1.0357,100,0.57,1.0178,1584,0.58,1.0357,10,0.575,1.0267,38,10
SPY190802C304,2019-07-31,2019-07-31 09:33:42,0.58,1.0357,30,0.57,1.0178,1164,0.58,1.0357,10,0.575,1.0267,38,0
SPY190802C304,2019-07-31,2019-07-31 09:33:43,0.58,1.0357,30,0.57,1.0178,1602,0.58,1.0357,1,0.575,1.0267,39,1
SPY190802C304,2019-07-31,2019-07-31 09:33:43,0.58,1.0357,145,0.57,1.0178,504,0.58,1.0357,1,0.575,1.0267,39,0
SPY190802C304,2019-07-31,2019-07-31 09:33:44,0.58,1.0357,334,0.57,1.0178,226,0.58,1.0357,1,0.575,1.0267,39,0
SPY190802C304,2019-07-31,2019-07-31 09:33:44,0.58,1.0357,269,0.57,1.0178,209,0.58,1.0357,1,0.575,1.0267,39,0
SPY190802C304,2019-07-31,2019-07-31 09:33:45,0.58,1.0357,334,0.57,1.0178,186,0.58,1.0357,1,0.575,1.0267,39,0
SPY190802C304,2019-07-31,2019-07-31 09:33:46,0.57,1.0178,5,0.56,1.0,2263,0.58,1.0357,1,0.565,1.0089,39,0
SPY190802C304,2019-07-31,2019-07-31 09:33:46,0.58,1.0357,572,0.57,1.0178,186,0.58,1.0357,1,0.575,1.0267,39,0
SPY190802C304,2019-07-31,2019-07-31 09:33:47,0.57,1.0178,5,0.56,1.0,1957,0.58,1.0357,1,0.565,1.0089,39,0
SPY190802C304,2019-07-31,2019-07-31 09:33:47,0.57,1.0178,5,0.56,1.0,2495,0.58,1.0357,1,0.565,1.0089,39,0
SPY190802C304,2019-07-31,2019-07-31 09:33:48,0.57,1.0178,5,0.56,1.0,2495,0.58,1.0357,1,0.565,1.0089,39,0
SPY190802C304,2019-07-31,2019-07-31 09:33:49,0.57,1.0178,5,0.56,1.0,1926,0.58,1.0357,1,0.565,1.0089,39,0
SPY190802C304,2019-07-31,2019-07-31 09:33:49,0.57,1.0178,175,0.56,1.0,3102,0.58,1.0357,1,0.565,1.0089,39,0
SPY190802C304,2019-07-31,2019-07-31 09:33:50,0.57,1.0178,212,0.56,1.0,2937,0.58,1.0357,1,0.565,1.0089,39,0
SPY190802C304,2019-07-31,2019-07-31 09:33:50,0.57,1.0178,175,0.56,1.0,3102,0.58,1.0357,1,0.565,1.0089,39,0
SPY190802C304,2019-07-31,2019-07-31 09:33:51,0.57,1.0178,10,0.56,1.0,2830,0.58,1.0357,1,0.565,1.0089,39,0
SPY190802C304,2019-07-31,2019-07-31 09:33:52,0.58,1.0357,224,0.57,1.0178,423,0.58,1.0357,1,0.575,1.0267,39,0
SPY190802C304,2019-07-31,2019-07-31 09:33:52,0.57,1.0178,10,0.56,1.0,2809,0.58,1.0357,1,0.565,1.0089,39,0
SPY190802C304,2019-07-31,2019-07-31 09:33:53,0.58,1.0357,258,0.57,1.0178,400,0.58,1.0357,1,0.575,1.0267,39,0
SPY190802C304,2019-07-31,2019-07-31 09:33:54,0.58,1.0357,338,0.57,1.0178,241,0.58,1.0357,1,0.575,1.0267,39,0
SPY190802C304,2019-07-31,2019-07-31 09:33:54,0.58,1.0357,328,0.57,1.0178,725,0.58,1.0357,1,0.575,1.0267,39,0
SPY190802C304,2019-07-31,2019-07-31 09:33:55,0.58,1.0357,304,0.57,1.0178,721,0.58,1.0357,1,0.575,1.0267,39,0
SPY190802C304,2019-07-31,2019-07-31 09:33:55,0.58,1.0357,345,0.57,1.0178,725,0.58,1.0357,1,0.575,1.0267,39,0
SPY190802C304,2019-07-31,2019-07-31 09:33:56,0.58,1.0357,1063,0.56,1.0,2165,0.58,1.0357,1,0.57,1.0178,39,0
SPY190802C304,2019-07-31,2019-07-31 09:33:57,0.58,1.0357,1211,0.56,1.0,2886,0.58,1.0357,1,0.57,1.0178,39,0
SPY190802C304,2019-07-31,2019-07-31 09:33:57,0.58,1.0357,1173,0.56,1.0,1874,0.58,1.0357,1,0.57,1.0178,39,0
SPY190802C304,2019-07-31,2019-07-31 09:33:58,0.57,1.0178,25,0.56,1.0,1849,0.58,1.0357,1,0.565,1.0089,39,0
SPY190802C304,2019-07-31,2019-07-31 09:33:58,0.57,1.0178,32,0.56,1.0,1881,0.58,1.0357,1,0.565,1.0089,39,0
SPY190802C304,2019-07-31,2019-07-31 09:33:59,0.57,1.0178,154,0.56,1.0,1881,0.58,1.0357,1,0.565,1.0089,39,0
SPY190802C304,2019-07-31,2019-07-31 09:33:59,0.57,1.0178,63,0.55,0.9821,480,0.58,1.0357,1,0.56,1.0,39,0
SPY190802C304,2019-07-31,2019-07-31 09:34:00,0.56,1.0,13,0.55,0.9821,1026,0.58,1.0357,1,0.555,0.991,39,0
SPY190802C304,2019-07-31,2019-07-31 09:34:01,0.56,1.0,13,0.55,0.9821,1028,0.58,1.0357,1,0.555,0.991,39,0
SPY190802C304,2019-07-31,2019-07-31 09:34:01,0.56,1.0,404,0.55,0.9821,107,0.58,1.0357,1,0.555,0.991,39,0
SPY190802C304,2019-07-31,2019-07-31 09:34:02,0.55,0.9821,31,0.54,0.9642,1881,0.58,1.0357,1,0.545,0.9732,39,0
SPY190802C304,2019-07-31,2019-07-31 09:34:02,0.56,1.0,404,0.55,0.9821,100,0.58,1.0357,1,0.555,0.991,39,0
SPY190802C304,2019-07-31,2019-07-31 09:34:03,0.56,1.0,154,0.54,0.9642,2029,0.58,1.0357,1,0.55,0.9821,39,0
SPY190802C304,2019-07-31,2019-07-31 09:34:04,0.56,1.0,311,0.54,0.9642,1941,0.56,1.0,8,0.55,0.9821,47,8
SPY190802C304,2019-07-31,2019-07-31 09:34:04,0.56,1.0,701,0.55,0.9821,6,0.56,1.0,8,0.555,0.991,47,0
SPY190802C304,2019-07-31,2019-07-31 09:34:05,0.56,1.0,679,0.55,0.9821,6,0.56,1.0,8,0.555,0.991,47,0
SPY190802C304,2019-07-31,2019-07-31 09:34:05,0.55,0.9821,10,0.54,0.9642,1145,0.56,1.0,8,0.545,0.9732,47,0
SPY190802C304,2019-07-31,2019-07-31 09:34:06,0.55,0.9821,5,0.54,0.9642,1458,0.56,1.0,8,0.545,0.9732,47,0
SPY190802C304,2019-07-31,2019-07-31 09:34:06,0.55,0.9821,10,0.54,0.9642,1435,0.56,1.0,8,0.545,0.9732,47,0
SPY190802C304,2019-07-31,2019-07-31 09:34:07,0.55,0.9821,2,0.54,0.9642,1985,0.56,1.0,8,0.545,0.9732,47,0
SPY190802C304,2019-07-31,2019-07-31 09:34:07,0.55,0.9821,46,0.54,0.9642,2037,0.56,1.0,8,0.545,0.9732,47,0
SPY190802C304,2019-07-31,2019-07-31 09:34:08,0.55,0.9821,1,0.54,0.9642,2170,0.56,1.0,8,0.545,0.9732,47,0
SPY190802C304,2019-07-31,2019-07-31 09:34:09,0.55,0.9821,1,0.54,0.9642,2170,0.56,1.0,8,0.545,0.9732,47,0
SPY190802C304,2019-07-31,2019-07-31 09:34:10,0.55,0.9821,1,0.54,0.9642,1648,0.56,1.0,8,0.545,0.9732,47,0
SPY190802C304,2019-07-31,2019-07-31 09:34:10,0.55,0.9821,1,0.54,0.9642,249,0.56,1.0,8,0.545,0.9732,47,0
SPY190802C304,2019-07-31,2019-07-31 09:34:11,0.56,1.0,224,0.55,0.9821,498,0.56,1.0,8,0.555,0.991,47,0
SPY190802C304,2019-07-31,2019-07-31 09:34:11,0.56,1.0,302,0.55,0.9821,498,0.55,0.9821,1,0.555,0.991,48,1
SPY190802C304,2019-07-31,2019-07-31 09:34:12,0.56,1.0,405,0.55,0.9821,185,0.55,0.9821,1,0.555,0.991,48,0
SPY190802C304,2019-07-31,2019-07-31 09:34:12,0.56,1.0,340,0.55,0.9821,650,0.55,0.9821,1,0.555,0.991,48,0
SPY190802C304,2019-07-31,2019-07-31 09:34:13,0.56,1.0,405,0.55,0.9821,26,0.55,0.9821,1,0.555,0.991,48,0
SPY190802C304,2019-07-31,2019-07-31 09:34:13,0.56,1.0,1526,0.54,0.9642,2908,0.55,0.9821,1,0.55,0.9821,48,0
SPY190802C304,2019-07-31,2019-07-31 09:34:14,0.56,1.0,1526,0.54,0.9642,2908,0.55,0.9821,1,0.55,0.9821,48,0
SPY190802C304,2019-07-31,2019-07-31 09:34:15,0.56,1.0,281,0.55,0.9821,631,0.55,0.9821,1,0.555,0.991,48,0
SPY190802C304,2019-07-31,2019-07-31 09:34:15,0.56,1.0,356,0.54,0.9642,2908,0.55,0.9821,1,0.55,0.9821,48,0
SPY190802C304,2019-07-31,2019-07-31 09:34:16,0.56,1.0,372,0.55,0.9821,812,0.55,0.9821,1,0.555,0.991,48,0
SPY190802C304,2019-07-31,2019-07-31 09:34:17,0.56,1.0,222,0.55,0.9821,973,0.55,0.9821,1,0.555,0.991,48,0
SPY190802C304,2019-07-31,2019-07-31 09:34:17,0.56,1.0,752,0.55,0.9821,973,0.55,0.9821,1,0.555,0.991,48,0
SPY190802C304,2019-07-31,2019-07-31 09:34:18,0.56,1.0,736,0.55,0.9821,1005,0.55,0.9821,1,0.555,0.991,48,0
SPY190802C304,2019-07-31,2019-07-31 09:34:19,0.56,1.0,736,0.55,0.9821,695,0.55,0.9821,1,0.555,0.991,48,0
SPY190802C304,2019-07-31,2019-07-31 09:34:19,0.56,1.0,132,0.55,0.9821,725,0.55,0.9821,1,0.555,0.991,48,0
SPY190802C304,2019-07-31,2019-07-31 09:34:20,0.56,1.0,324,0.55,0.9821,631,0.55,0.9821,1,0.555,0.991,48,0
SPY190802C304,2019-07-31,2019-07-31 09:34:21,0.56,1.0,324,0.55,0.9821,725,0.55,0.9821,1,0.555,0.991,48,0
SPY190802C304,2019-07-31,2019-07-31 09:34:21,0.56,1.0,324,0.55,0.9821,631,0.55,0.9821,1,0.555,0.991,48,0
SPY190802C304,2019-07-31,2019-07-31 09:34:22,0.56,1.0,324,0.55,0.9821,631,0.55,0.9821,1,0.555,0.991,48,0
SPY190802C304,2019-07-31,2019-07-31 09:34:22,0.56,1.0,449,0.55,0.9821,658,0.55,0.9821,1,0.555,0.991,48,0
SPY190802C304,2019-07-31,2019-07-31 09:34:23,0.56,1.0,990,0.54,0.9642,1864,0.55,0.9821,1,0.55,0.9821,48,0
SPY190802C304,2019-07-31,2019-07-31 09:34:23,0.56,1.0,990,0.54,0.9642,1068,0.55,0.9821,1,0.55,0.9821,48,0
SPY190802C304,2019-07-31,2019-07-31 09:34:24,0.56,1.0,990,0.54,0.9642,2147,0.55,0.9821,1,0.55,0.9821,48,0
SPY190802C304,2019-07-31,2019-07-31 09:34:25,0.56,1.0,1083,0.55,0.9821,6,0.55,0.9821,1,0.555,0.991,48,0
SPY190802C304,2019-07-31,2019-07-31 09:34:26,0.56,1.0,965,0.54,0.9642,2174,0.55,0.9821,1,0.55,0.9821,48,0
SPY190802C304,2019-07-31,2019-07-31 09:34:26,0.56,1.0,1096,0.54,0.9642,2174,0.55,0.9821,1,0.55,0.9821,48,0
SPY190802C304,2019-07-31,2019-07-31 09:34:27,0.56,1.0,798,0.54,0.9642,2174,0.55,0.9821,1,0.55,0.9821,48,0
SPY190802C304,2019-07-31,2019-07-31 09:34:28,0.56,1.0,671,0.55,0.9821,623,0.55,0.9821,1,0.555,0.991,48,0
SPY190802C304,2019-07-31,2019-07-31 09:34:28,0.56,1.0,798,0.54,0.9642,2174,0.55,0.9821,1,0.55,0.9821,48,0
SPY190802C304,2019-07-31,2019-07-31 09:34:29,0.56,1.0,1382,0.54,0.9642,2117,0.55,0.9821,1,0.55,0.9821,48,0
SPY190802C304,2019-07-31,2019-07-31 09:34:29,0.56,1.0,1008,0.54,0.9642,1066,0.55,0.9821,1,0.55,0.9821,48,0
SPY190802C304,2019-07-31,2019-07-31 09:34:30,0.56,1.0,1382,0.54,0.9642,2241,0.55,0.9821,1,0.55,0.9821,48,0
SPY190802C304,2019-07-31,2019-07-31 09:34:30,0.55,0.9821,10,0.54,0.9642,2321,0.55,0.9821,1,0.545,0.9732,48,0
SPY190802C304,2019-07-31,2019-07-31 09:34:31,0.55,0.9821,6,0.55,0.9821,5,0.55,0.9821,1,0.55,0.9821,48,0
SPY190802C304,2019-07-31,2019-07-31 09:34:32,0.55,0.9821,3,0.54,0.9642,2842,0.55,0.9821,1,0.545,0.9732,48,0
SPY190802C304,2019-07-31,2019-07-31 09:34:32,0.55,0.9821,30,0.54,0.9642,2116,0.55,0.9821,1,0.545,0.9732,48,0
SPY190802C304,2019-07-31,2019-07-31 09:34:33,0.55,0.9821,30,0.54,0.9642,1853,0.55,0.9821,1,0.545,0.9732,48,0
SPY190802C304,2019-07-31,2019-07-31 09:34:33,0.56,1.0,905,0.55,0.9821,117,0.55,0.9821,1,0.555,0.991,48,0
SPY190802C304,2019-07-31,2019-07-31 09:34:34,0.56,1.0,827,0.55,0.9821,6,0.55,0.9821,1,0.555,0.991,48,0
SPY190802C304,2019-07-31,2019-07-31 09:34:35,0.56,1.0,927,0.55,0.9821,480,0.55,0.9821,1,0.555,0.991,48,0
SPY190802C304,2019-07-31,2019-07-31 09:34:35,0.56,1.0,927,0.54,0.9642,2612,0.55,0.9821,1,0.55,0.9821,48,0
SPY190802C304,2019-07-31,2019-07-31 09:34:36,0.56,1.0,1066,0.55,0.9821,18,0.55,0.9821,1,0.555,0.991,48,0
SPY190802C304,2019-07-31,2019-07-31 09:34:36,0.56,1.0,861,0.55,0.9821,6,0.55,0.9821,1,0.555,0.991,48,0
SPY190802C304,2019-07-31,2019-07-31 09:34:37,0.56,1.0,1066,0.55,0.9821,18,0.55,0.9821,1,0.555,0.991,48,0
SPY190802C304,2019-07-31,2019-07-31 09:34:38,0.56,1.0,1007,0.55,0.9821,400,0.55,0.9821,1,0.555,0.991,48,0
SPY190802C304,2019-07-31,2019-07-31 09:34:39,0.56,1.0,1007,0.55,0.9821,400,0.55,0.9821,1,0.555,0.991,48,0
SPY190802C304,2019-07-31,2019-07-31 09:34:40,0.56,1.0,1170,0.54,0.9642,2255,0.55,0.9821,1,0.55,0.9821,48,0
SPY190802C304,2019-07-31,2019-07-31 09:34:40,0.56,1.0,900,0.55,0.9821,6,0.55,0.9821,1,0.555,0.991,48,0
SPY190802C304,2019-07-31,2019-07-31 09:34:41,0.56,1.0,1760,0.54,0.9642,3030,0.55,0.9821,1,0.55,0.9821,48,0
SPY190802C304,2019-07-31,2019-07-31 09:34:41,0.56,1.0,1148,0.54,0.9642,2257,0.55,0.9821,1,0.55,0.9821,48,0
SPY190802C304,2019-07-31,2019-07-31 09:34:42,0.56,1.0,1760,0.55,0.9821,24,0.55,0.9821,1,0.555,0.991,48,0
SPY190802C304,2019-07-31,2019-07-31 09:34:42,0.56,1.0,1760,0.54,0.9642,2838,0.55,0.9821,1,0.55,0.9821,48,0
SPY190802C304,2019-07-31,2019-07-31 09:34:43,0.55,0.9821,24,0.54,0.9642,1912,0.56,1.0,1,0.545,0.9732,50,2
SPY190802C304,2019-07-31,2019-07-31 09:34:44,0.55,0.9821,24,0.54,0.9642,2821,0.56,1.0,1,0.545,0.9732,50,0
SPY190802C304,2019-07-31,2019-07-31 09:34:44,0.55,0.9821,30,0.54,0.9642,2821,0.56,1.0,1,0.545,0.9732,50,0
SPY190802C304,2019-07-31,2019-07-31 09:34:45,0.55,0.9821,6,0.54,0.9642,2815,0.56,1.0,1,0.545,0.9732,50,0
SPY190802C304,2019-07-31,2019-07-31 09:34:45,0.55,0.9821,63,0.54,0.9642,2815,0.56,1.0,1,0.545,0.9732,50,0
SPY190802C304,2019-07-31,2019-07-31 09:34:46,0.55,0.9821,150,0.54,0.9642,887,0.56,1.0,1,0.545,0.9732,50,0
SPY190802C304,2019-07-31,2019-07-31 09:34:46,0.55,0.9821,240,0.54,0.9642,1141,0.56,1.0,1,0.545,0.9732,50,0
SPY190802C304,2019-07-31,2019-07-31 09:34:47,0.55,0.9821,137,0.54,0.9642,875,0.56,1.0,1,0.545,0.9732,50,0
SPY190802C304,2019-07-31,2019-07-31 09:34:47,0.55,0.9821,117,0.54,0.9642,680,0.56,1.0,1,0.545,0.9732,50,0
SPY190802C304,2019-07-31,2019-07-31 09:34:48,0.55,0.9821,117,0.54,0.9642,908,0.56,1.0,1,0.545,0.9732,50,0
SPY190802C304,2019-07-31,2019-07-31 09:34:49,0.55,0.9821,78,0.54,0.9642,1881,0.56,1.0,1,0.545,0.9732,50,0
SPY190802C304,2019-07-31,2019-07-31 09:34:49,0.55,0.9821,26,0.54,0.9642,1881,0.56,1.0,1,0.545,0.9732,50,0
SPY190802C304,2019-07-31,2019-07-31 09:34:50,0.55,0.9821,63,0.54,0.9642,1406,0.56,1.0,1,0.545,0.9732,50,0
SPY190802C304,2019-07-31,2019-07-31 09:34:50,0.55,0.9821,43,0.54,0.9642,2796,0.56,1.0,1,0.545,0.9732,50,0
SPY190802C304,2019-07-31,2019-07-31 09:34:51,0.55,0.9821,39,0.54,0.9642,1406,0.55,0.9821,5,0.545,0.9732,55,5
SPY190802C304,2019-07-31,2019-07-31 09:34:51,0.55,0.9821,39,0.54,0.9642,1374,0.55,0.9821,5,0.545,0.9732,55,0
SPY190802C304,2019-07-31,2019-07-31 09:34:52,0.55,0.9821,428,0.54,0.9642,668,0.55,0.9821,5,0.545,0.9732,55,0
SPY190802C304,2019-07-31,2019-07-31 09:34:53,0.55,0.9821,404,0.54,0.9642,668,0.55,0.9821,5,0.545,0.9732,55,0
SPY190802C304,2019-07-31,2019-07-31 09:34:54,0.55,0.9821,365,0.54,0.9642,611,0.55,0.9821,5,0.545,0.9732,55,0
SPY190802C304,2019-07-31,2019-07-31 09:34:55,0.55,0.9821,654,0.54,0.9642,859,0.55,0.9821,5,0.545,0.9732,55,0
SPY190802C304,2019-07-31,2019-07-31 09:34:56,0.55,0.9821,80,0.54,0.9642,1391,0.55,0.9821,5,0.545,0.9732,55,0
SPY190802C304,2019-07-31,2019-07-31 09:34:56,0.55,0.9821,251,0.54,0.9642,826,0.55,0.9821,5,0.545,0.9732,55,0
SPY190802C304,2019-07-31,2019-07-31 09:34:57,0.55,0.9821,427,0.54,0.9642,127,0.55,0.9821,5,0.545,0.9732,55,0
SPY190802C304,2019-07-31,2019-07-31 09:34:57,0.55,0.9821,308,0.54,0.9642,712,0.55,0.9821,5,0.545,0.9732,55,0
SPY190802C304,2019-07-31,2019-07-31 09:34:58,0.55,0.9821,1164,0.54,0.9642,24,0.55,0.9821,5,0.545,0.9732,55,0
SPY190802C304,2019-07-31,2019-07-31 09:34:59,0.55,0.9821,125,0.54,0.9642,75,0.55,0.9821,5,0.545,0.9732,55,0
SPY190802C304,2019-07-31,2019-07-31 09:34:59,0.55,0.9821,11,0.54,0.9642,1306,0.55,0.9821,5,0.545,0.9732,55,0
SPY190802C304,2019-07-31,2019-07-31 09:35:00,0.56,1.0,273,0.55,0.9821,177,0.55,0.9821,5,0.555,0.991,55,0
SPY190802C304,2019-07-31,2019-07-31 09:35:00,0.56,1.0,318,0.54,0.9642,1687,0.55,0.9821,5,0.55,0.9821,55,0
SPY190802C304,2019-07-31,2019-07-31 09:35:01,0.56,1.0,273,0.55,0.9821,147,0.55,0.9821,5,0.555,0.991,55,0
SPY190802C304,2019-07-31,2019-07-31 09:35:02,0.56,1.0,159,0.55,0.9821,742,0.55,0.9821,5,0.555,0.991,55,0
SPY190802C304,2019-07-31,2019-07-31 09:35:02,0.56,1.0,456,0.55,0.9821,171,0.55,0.9821,5,0.555,0.991,55,0
SPY190802C304,2019-07-31,2019-07-31 09:35:03,0.56,1.0,100,0.55,0.9821,1435,0.55,0.9821,5,0.555,0.991,55,0
SPY190802C304,2019-07-31,2019-07-31 09:35:04,0.57,1.0178,477,0.55,0.9821,1711,0.55,0.9821,5,0.56,1.0,55,0
SPY190802C304,2019-07-31,2019-07-31 09:35:04,0.56,1.0,50,0.55,0.9821,1435,0.55,0.9821,5,0.555,0.991,55,0
SPY190802C304,2019-07-31,2019-07-31 09:35:05,0.57,1.0178,477,0.56,1.0,530,0.55,0.9821,5,0.565,1.0089,55,0
SPY190802C304,2019-07-31,2019-07-31 09:35:06,0.57,1.0178,449,0.56,1.0,530,0.55,0.9821,5,0.565,1.0089,55,0
SPY190802C304,2019-07-31,2019-07-31 09:35:07,0.57,1.0178,524,0.56,1.0,530,0.55,0.9821,5,0.565,1.0089,55,0
SPY190802C304,2019-07-31,2019-07-31 09:35:08,0.57,1.0178,676,0.56,1.0,530,0.55,0.9821,5,0.565,1.0089,55,0
SPY190802C304,2019-07-31,2019-07-31 09:35:08,0.57,1.0178,524,0.56,1.0,530,0.55,0.9821,5,0.565,1.0089,55,0
SPY190802C304,2019-07-31,2019-07-31 09:35:09,0.57,1.0178,676,0.56,1.0,530,0.55,0.9821,5,0.565,1.0089,55,0
SPY190802C304,2019-07-31,2019-07-31 09:35:09,0.57,1.0178,1111,0.55,0.9821,1749,0.55,0.9821,5,0.56,1.0,55,0
SPY190802C304,2019-07-31,2019-07-31 09:35:10,0.57,1.0178,1943,0.55,0.9821,2276,0.55,0.9821,5,0.56,1.0,55,0
SPY190802C304,2019-07-31,2019-07-31 09:35:10,0.57,1.0178,1746,0.55,0.9821,2276,0.55,0.9821,5,0.56,1.0,55,0
SPY190802C304,2019-07-31,2019-07-31 09:35:11,0.57,1.0178,1839,0.56,1.0,480,0.55,0.9821,5,0.565,1.0089,55,0
SPY190802C304,2019-07-31,2019-07-31 09:35:12,0.57,1.0178,1908,0.56,1.0,6,0.55,0.9821,5,0.565,1.0089,55,0
SPY190802C304,2019-07-31,2019-07-31 09:35:12,0.57,1.0178,861,0.55,0.9821,2135,0.55,0.9821,5,0.56,1.0,55,0
SPY190802C304,2019-07-31,2019-07-31 09:35:13,0.57,1.0178,1233,0.55,0.9821,1450,0.55,0.9821,5,0.56,1.0,55,0
SPY190802C304,2019-07-31,2019-07-31 09:35:13,0.57,1.0178,1885,0.55,0.9821,2542,0.55,0.9821,5,0.56,1.0,55,0
SPY190802C304,2019-07-31,2019-07-31 09:35:14,0.56,1.0,6,0.55,0.9821,673,0.55,0.9821,5,0.555,0.991,55,0
SPY190802C304,2019-07-31,2019-07-31 09:35:15,0.56,1.0,892,0.55,0.9821,200,0.55,0.9821,5,0.555,0.991,55,0
SPY190802C304,2019-07-31,2019-07-31 09:35:15,0.56,1.0,292,0.55,0.9821,680,0.55,0.9821,5,0.555,0.991,55,0
SPY190802C304,2019-07-31,2019-07-31 09:35:16,0.56,1.0,550,0.54,0.9642,874,0.55,0.9821,5,0.55,0.9821,55,0
SPY190802C304,2019-07-31,2019-07-31 09:35:16,0.56,1.0,753,0.55,0.9821,28,0.55,0.9821,5,0.555,0.991,55,0
SPY190802C304,2019-07-31,2019-07-31 09:35:17,0.55,0.9821,24,0.54,0.9642,764,0.55,0.9821,5,0.545,0.9732,55,0
SPY190802C304,2019-07-31,2019-07-31 09:35:18,0.56,1.0,450,0.55,0.9821,24,0.55,0.9821,5,0.555,0.991,55,0
SPY190802C304,2019-07-31,2019-07-31 09:35:18,0.56,1.0,1175,0.55,0.9821,24,0.55,0.9821,5,0.555,0.991,55,0
SPY190802C304,2019-07-31,2019-07-31 09:35:19,0.56,1.0,944,0.54,0.9642,1182,0.55,0.9821,5,0.55,0.9821,55,0
SPY190802C304,2019-07-31,2019-07-31 09:35:19,0.56,1.0,219,0.54,0.9642,1429,0.55,0.9821,5,0.55,0.9821,55,0
SPY190802C304,2019-07-31,2019-07-31 09:35:20,0.56,1.0,1508,0.54,0.9642,1458,0.55,0.9821,5,0.55,0.9821,55,0
SPY190802C304,2019-07-31,2019-07-31 09:35:21,0.55,0.9821,6,0.54,0.9642,1552,0.55,0.9821,5,0.545,0.9732,55,0
SPY190802C304,2019-07-31,2019-07-31 09:35:22,0.55,0.9821,6,0.54,0.9642,1552,0.55,0.9821,5,0.545,0.9732,55,0
SPY190802C304,2019-07-31,2019-07-31 09:35:22,0.55,0.9821,10,0.54,0.9642,1552,0.55,0.9821,1,0.545,0.9732,56,1
SPY190802C304,2019-07-31,2019-07-31 09:35:23,0.56,1.0,2081,0.54,0.9642,2388,0.55,0.9821,1,0.55,0.9821,56,0
SPY190802C304,2019-07-31,2019-07-31 09:35:24,0.56,1.0,2218,0.54,0.9642,2386,0.55,0.9821,1,0.55,0.9821,56,0
SPY190802C304,2019-07-31,2019-07-31 09:35:24,0.56,1.0,2154,0.55,0.9821,30,0.55,0.9821,1,0.555,0.991,56,0
SPY190802C304,2019-07-31,2019-07-31 09:35:25,0.56,1.0,2154,0.55,0.9821,30,0.55,0.9821,1,0.555,0.991,56,0
SPY190802C304,2019-07-31,2019-07-31 09:35:26,0.55,0.9821,1443,0.54,0.9642,569,0.55,0.9821,1,0.545,0.9732,56,0
SPY190802C304,2019-07-31,2019-07-31 09:35:27,0.55,0.9821,10,0.54,0.9642,1008,0.55,0.9821,1,0.545,0.9732,56,0
SPY190802C304,2019-07-31,2019-07-31 09:35:27,0.55,0.9821,836,0.54,0.9642,569,0.55,0.9821,1,0.545,0.9732,56,0
SPY190802C304,2019-07-31,2019-07-31 09:35:28,0.56,1.0,1200,0.54,0.9642,1883,0.55,0.9821,1,0.55,0.9821,56,0
SPY190802C304,2019-07-31,2019-07-31 09:35:29,0.56,1.0,1324,0.54,0.9642,1993,0.55,0.9821,1,0.55,0.9821,56,0
SPY190802C304,2019-07-31,2019-07-31 09:35:29,0.56,1.0,1142,0.55,0.9821,629,0.55,0.9821,1,0.555,0.991,56,0
SPY190802C304,2019-07-31,2019-07-31 09:35:30,0.56,1.0,383,0.55,0.9821,400,0.55,0.9821,1,0.555,0.991,56,0
SPY190802C304,2019-07-31,2019-07-31 09:35:30,0.56,1.0,60,0.55,0.9821,1111,0.55,0.9821,1,0.555,0.991,56,0
SPY190802C304,2019-07-31,2019-07-31 09:35:31,0.56,1.0,100,0.55,0.9821,1377,0.55,0.9821,1,0.555,0.991,56,0
SPY190802C304,2019-07-31,2019-07-31 09:35:32,0.57,1.0178,1103,0.55,0.9821,2737,0.55,0.9821,1,0.56,1.0,56,0
SPY190802C304,2019-07-31,2019-07-31 09:35:32,0.56,1.0,46,0.55,0.9821,1528,0.55,0.9821,1,0.555,0.991,56,0
SPY190802C304,2019-07-31,2019-07-31 09:35:33,0.57,1.0178,2041,0.55,0.9821,2737,0.55,0.9821,1,0.56,1.0,56,0
SPY190802C304,2019-07-31,2019-07-31 09:35:33,0.56,1.0,7,0.55,0.9821,1528,0.55,0.9821,1,0.555,0.991,56,0
SPY190802C304,2019-07-31,2019-07-31 09:35:34,0.56,1.0,7,0.55,0.9821,1528,0.55,0.9821,1,0.555,0.991,56,0
SPY190802C304,2019-07-31,2019-07-31 09:35:34,0.56,1.0,7,0.55,0.9821,844,0.55,0.9821,1,0.555,0.991,56,0
SPY190802C304,2019-07-31,2019-07-31 09:35:35,0.56,1.0,7,0.55,0.9821,844,0.55,0.9821,1,0.555,0.991,56,0
SPY190802C304,2019-07-31,2019-07-31 09:35:36,0.56,1.0,10,0.55,0.9821,844,0.55,0.9821,1,0.555,0.991,56,0
SPY190802C304,2019-07-31,2019-07-31 09:35:37,0.56,1.0,31,0.55,0.9821,1114,0.55,0.9821,1,0.555,0.991,56,0
SPY190802C304,2019-07-31,2019-07-31 09:35:37,0.56,1.0,31,0.55,0.9821,844,0.55,0.9821,1,0.555,0.991,56,0
SPY190802C304,2019-07-31,2019-07-31 09:35:38,0.56,1.0,31,0.55,0.9821,844,0.55,0.9821,1,0.555,0.991,56,0
SPY190802C304,2019-07-31,2019-07-31 09:35:39,0.56,1.0,1747,0.55,0.9821,146,0.55,0.9821,1,0.555,0.991,56,0
SPY190802C304,2019-07-31,2019-07-31 09:35:39,0.56,1.0,1068,0.55,0.9821,200,0.55,0.9821,1,0.555,0.991,56,0
SPY190802C304,2019-07-31,2019-07-31 09:35:41,0.55,0.9821,10,0.54,0.9642,2917,0.55,0.9821,2,0.545,0.9732,58,2
SPY190802C304,2019-07-31,2019-07-31 09:35:42,0.56,1.0,1936,0.54,0.9642,2352,0.55,0.9821,2,0.55,0.9821,58,0
SPY190802C304,2019-07-31,2019-07-31 09:35:43,0.56,1.0,2015,0.54,0.9642,1724,0.55,0.9821,2,0.55,0.9821,58,0
SPY190802C304,2019-07-31,2019-07-31 09:35:43,0.56,1.0,1982,0.54,0.9642,1936,0.55,0.9821,2,0.55,0.9821,58,0
SPY190802C304,2019-07-31,2019-07-31 09:35:44,0.56,1.0,2015,0.55,0.9821,5,0.55,0.9821,2,0.555,0.991,58,0
SPY190802C304,2019-07-31,2019-07-31 09:35:44,0.56,1.0,2015,0.55,0.9821,28,0.55,0.9821,2,0.555,0.991,58,0
SPY190802C304,2019-07-31,2019-07-31 09:35:45,0.56,1.0,2015,0.55,0.9821,121,0.55,0.9821,2,0.555,0.991,58,0
SPY190802C304,2019-07-31,2019-07-31 09:35:46,0.56,1.0,1272,0.55,0.9821,101,0.55,0.9821,2,0.555,0.991,58,0
SPY190802C304,2019-07-31,2019-07-31 09:35:46,0.56,1.0,1136,0.55,0.9821,575,0.55,0.9821,2,0.555,0.991,58,0
SPY190802C304,2019-07-31,2019-07-31 09:35:47,0.56,1.0,25,0.55,0.9821,575,0.55,0.9821,2,0.555,0.991,58,0
SPY190802C304,2019-07-31,2019-07-31 09:35:48,0.56,1.0,369,0.55,0.9821,607,0.55,0.9821,2,0.555,0.991,58,0
SPY190802C304,2019-07-31,2019-07-31 09:35:48,0.56,1.0,598,0.55,0.9821,586,0.55,0.9821,2,0.555,0.991,58,0
SPY190802C304,2019-07-31,2019-07-31 09:35:49,0.56,1.0,636,0.55,0.9821,586,0.55,0.9821,2,0.555,0.991,58,0
SPY190802C304,2019-07-31,2019-07-31 09:35:50,0.56,1.0,649,0.55,0.9821,586,0.55,0.9821,2,0.555,0.991,58,0
SPY190802C304,2019-07-31,2019-07-31 09:35:51,0.56,1.0,649,0.55,0.9821,586,0.55,0.9821,2,0.555,0.991,58,0
SPY190802C304,2019-07-31,2019-07-31 09:35:52,0.56,1.0,649,0.55,0.9821,586,0.55,0.9821,2,0.555,0.991,58,0
SPY190802C304,2019-07-31,2019-07-31 09:35:53,0.56,1.0,649,0.55,0.9821,586,0.55,0.9821,5,0.555,0.991,68,10
SPY190802C304,2019-07-31,2019-07-31 09:35:54,0.56,1.0,386,0.55,0.9821,585,0.55,0.9821,5,0.555,0.991,68,0
SPY190802C304,2019-07-31,2019-07-31 09:35:55,0.56,1.0,6,0.55,0.9821,994,0.55,0.9821,5,0.555,0.991,68,0
SPY190802C304,2019-07-31,2019-07-31 09:35:55,0.56,1.0,91,0.55,0.9821,400,0.55,0.9821,5,0.555,0.991,68,0
SPY190802C304,2019-07-31,2019-07-31 09:35:56,0.57,1.0178,1906,0.55,0.9821,994,0.55,0.9821,5,0.56,1.0,68,0
SPY190802C304,2019-07-31,2019-07-31 09:35:57,0.57,1.0178,1906,0.55,0.9821,994,0.55,0.9821,5,0.56,1.0,68,0
SPY190802C304,2019-07-31,2019-07-31 09:35:57,0.57,1.0178,1957,0.55,0.9821,1545,0.55,0.9821,5,0.56,1.0,68,0
SPY190802C304,2019-07-31,2019-07-31 09:35:58,0.56,1.0,1362,0.54,0.9642,978,0.55,0.9821,5,0.55,0.9821,68,0
SPY190802C304,2019-07-31,2019-07-31 09:35:58,0.56,1.0,1173,0.54,0.9642,1463,0.55,0.9821,5,0.55,0.9821,68,0
SPY190802C304,2019-07-31,2019-07-31 09:35:59,0.56,1.0,1534,0.55,0.9821,6,0.55,0.9821,5,0.555,0.991,68,0
SPY190802C304,2019-07-31,2019-07-31 09:36:00,0.55,0.9821,176,0.54,0.9642,796,0.55,0.9821,5,0.545,0.9732,68,0
SPY190802C304,2019-07-31,2019-07-31 09:36:00,0.55,0.9821,59,0.55,0.9821,6,0.55,0.9821,5,0.55,0.9821,68,0
SPY190802C304,2019-07-31,2019-07-31 09:36:01,0.55,0.9821,172,0.54,0.9642,796,0.55,0.9821,5,0.545,0.9732,68,0
SPY190802C304,2019-07-31,2019-07-31 09:36:02,0.56,1.0,1376,0.54,0.9642,1699,0.55,0.9821,5,0.55,0.9821,68,0
SPY190802C304,2019-07-31,2019-07-31 09:36:02,0.56,1.0,1376,0.55,0.9821,24,0.55,0.9821,5,0.555,0.991,68,0
SPY190802C304,2019-07-31,2019-07-31 09:36:03,0.56,1.0,1476,0.54,0.9642,1994,0.55,0.9821,5,0.55,0.9821,68,0
SPY190802C304,2019-07-31,2019-07-31 09:36:04,0.56,1.0,1376,0.54,0.9642,1994,0.55,0.9821,5,0.55,0.9821,68,0
SPY190802C304,2019-07-31,2019-07-31 09:36:04,0.56,1.0,1376,0.55,0.9821,38,0.55,0.9821,5,0.555,0.991,68,0
SPY190802C304,2019-07-31,2019-07-31 09:36:05,0.56,1.0,435,0.55,0.9821,20,0.55,0.9821,5,0.555,0.991,68,0
SPY190802C304,2019-07-31,2019-07-31 09:36:06,0.56,1.0,1414,0.54,0.9642,1959,0.55,0.9821,5,0.55,0.9821,68,0
SPY190802C304,2019-07-31,2019-07-31 09:36:06,0.56,1.0,1330,0.55,0.9821,5,0.55,0.9821,5,0.555,0.991,68,0
SPY190802C304,2019-07-31,2019-07-31 09:36:07,0.56,1.0,616,0.54,0.9642,1293,0.55,0.9821,5,0.55,0.9821,68,0
SPY190802C304,2019-07-31,2019-07-31 09:36:08,0.56,1.0,1799,0.54,0.9642,1342,0.55,0.9821,5,0.55,0.9821,68,0
SPY190802C304,2019-07-31,2019-07-31 09:36:08,0.55,0.9821,151,0.54,0.9642,1252,0.55,0.9821,5,0.545,0.9732,68,0
SPY190802C304,2019-07-31,2019-07-31 09:36:09,0.55,0.9821,145,0.54,0.9642,1252,0.55,0.9821,5,0.545,0.9732,68,0
SPY190802C304,2019-07-31,2019-07-31 09:36:10,0.55,0.9821,608,0.54,0.9642,1012,0.55,0.9821,5,0.545,0.9732,68,0
SPY190802C304,2019-07-31,2019-07-31 09:36:10,0.55,0.9821,166,0.54,0.9642,1012,0.55,0.9821,5,0.545,0.9732,68,0
SPY190802C304,2019-07-31,2019-07-31 09:36:11,0.55,0.9821,1130,0.54,0.9642,532,0.55,0.9821,5,0.545,0.9732,68,0
SPY190802C304,2019-07-31,2019-07-31 09:36:12,0.55,0.9821,437,0.54,0.9642,694,0.55,0.9821,5,0.545,0.9732,68,0
SPY190802C304,2019-07-31,2019-07-31 09:36:12,0.55,0.9821,437,0.54,0.9642,1293,0.55,0.9821,5,0.545,0.9732,68,0
SPY190802C304,2019-07-31,2019-07-31 09:36:13,0.55,0.9821,10,0.54,0.9642,1933,0.55,0.9821,5,0.545,0.9732,68,0
SPY190802C304,2019-07-31,2019-07-31 09:36:13,0.55,0.9821,517,0.54,0.9642,1636,0.55,0.9821,5,0.545,0.9732,68,0
SPY190802C304,2019-07-31,2019-07-31 09:36:14,0.55,0.9821,1,0.54,0.9642,1933,0.55,0.9821,5,0.545,0.9732,68,0
SPY190802C304,2019-07-31,2019-07-31 09:36:15,0.56,1.0,2444,0.54,0.9642,2682,0.55,0.9821,5,0.55,0.9821,68,0
SPY190802C304,2019-07-31,2019-07-31 09:36:15,0.56,1.0,2444,0.54,0.9642,1850,0.55,0.9821,5,0.55,0.9821,68,0
SPY190802C304,2019-07-31,2019-07-31 09:36:16,0.55,0.9821,30,0.54,0.9642,1850,0.55,0.9821,5,0.545,0.9732,68,0
SPY190802C304,2019-07-31,2019-07-31 09:36:16,0.56,1.0,1440,0.54,0.9642,2268,0.55,0.9821,5,0.55,0.9821,68,0
SPY190802C304,2019-07-31,2019-07-31 09:36:17,0.56,1.0,1054,0.54,0.9642,1903,0.55,0.9821,5,0.55,0.9821,68,0
SPY190802C304,2019-07-31,2019-07-31 09:36:17,0.56,1.0,1054,0.54,0.9642,2317,0.55,0.9821,5,0.55,0.9821,68,0
SPY190802C304,2019-07-31,2019-07-31 09:36:18,0.56,1.0,1286,0.55,0.9821,64,0.55,0.9821,5,0.555,0.991,68,0
SPY190802C304,2019-07-31,2019-07-31 09:36:19,0.56,1.0,1286,0.55,0.9821,24,0.55,0.9821,5,0.555,0.991,68,0
SPY190802C304,2019-07-31,2019-07-31 09:36:19,0.56,1.0,1286,0.55,0.9821,181,0.55,0.9821,5,0.555,0.991,68,0
SPY190802C304,2019-07-31,2019-07-31 09:36:20,0.56,1.0,1286,0.55,0.9821,672,0.56,1.0,1,0.555,0.991,69,1
SPY190802C304,2019-07-31,2019-07-31 09:36:21,0.57,1.0178,2204,0.55,0.9821,1624,0.56,1.0,1,0.56,1.0,69,0
SPY190802C304,2019-07-31,2019-07-31 09:36:21,0.57,1.0178,2448,0.55,0.9821,2122,0.56,1.0,1,0.56,1.0,69,0
SPY190802C304,2019-07-31,2019-07-31 09:36:22,0.57,1.0178,2448,0.55,0.9821,2122,0.56,1.0,1,0.56,1.0,69,0
SPY190802C304,2019-07-31,2019-07-31 09:36:22,0.56,1.0,6,0.56,1.0,6,0.56,1.0,1,0.56,1.0,69,0
SPY190802C304,2019-07-31,2019-07-31 09:36:23,0.57,1.0178,2442,0.55,0.9821,2823,0.56,1.0,1,0.56,1.0,69,0
SPY190802C304,2019-07-31,2019-07-31 09:36:23,0.56,1.0,10,0.55,0.9821,2823,0.56,1.0,1,0.555,0.991,69,0
SPY190802C304,2019-07-31,2019-07-31 09:36:24,0.56,1.0,10,0.55,0.9821,2823,0.56,1.0,1,0.555,0.991,69,0
SPY190802C304,2019-07-31,2019-07-31 09:36:25,0.56,1.0,47,0.55,0.9821,2823,0.56,1.0,1,0.555,0.991,69,0
SPY190802C304,2019-07-31,2019-07-31 09:36:25,0.56,1.0,25,0.55,0.9821,2823,0.56,1.0,1,0.555,0.991,69,0
SPY190802C304,2019-07-31,2019-07-31 09:36:26,0.57,1.0178,2107,0.55,0.9821,2823,0.56,1.0,1,0.56,1.0,69,0
SPY190802C304,2019-07-31,2019-07-31 09:36:27,0.56,1.0,6,0.55,0.9821,1994,0.56,1.0,1,0.555,0.991,69,0
SPY190802C304,2019-07-31,2019-07-31 09:36:27,0.57,1.0178,2028,0.55,0.9821,1994,0.56,1.0,1,0.56,1.0,69,0
SPY190802C304,2019-07-31,2019-07-31 09:36:28,0.57,1.0178,2648,0.55,0.9821,1994,0.56,1.0,1,0.56,1.0,69,0
SPY190802C304,2019-07-31,2019-07-31 09:36:28,0.57,1.0178,2716,0.55,0.9821,1994,0.56,1.0,1,0.56,1.0,69,0
SPY190802C304,2019-07-31,2019-07-31 09:36:29,0.56,1.0,6,0.55,0.9821,1913,0.56,1.0,1,0.555,0.991,69,0
SPY190802C304,2019-07-31,2019-07-31 09:36:30,0.57,1.0178,2035,0.55,0.9821,2399,0.56,1.0,1,0.56,1.0,69,0
SPY190802C304,2019-07-31,2019-07-31 09:36:30,0.56,1.0,6,0.55,0.9821,1231,0.56,1.0,1,0.555,0.991,69,0
SPY190802C304,2019-07-31,2019-07-31 09:36:31,0.56,1.0,6,0.55,0.9821,1711,0.56,1.0,1,0.555,0.991,69,0
SPY190802C304,2019-07-31,2019-07-31 09:36:31,0.57,1.0178,2665,0.55,0.9821,1994,0.56,1.0,1,0.56,1.0,69,0
SPY190802C304,2019-07-31,2019-07-31 09:36:32,0.56,1.0,6,0.55,0.9821,2947,0.56,1.0,1,0.555,0.991,69,0
SPY190802C304,2019-07-31,2019-07-31 09:36:33,0.56,1.0,6,0.56,1.0,24,0.56,1.0,1,0.56,1.0,69,0
SPY190802C304,2019-07-31,2019-07-31 09:36:33,0.57,1.0178,2665,0.56,1.0,24,0.56,1.0,1,0.565,1.0089,69,0
SPY190802C304,2019-07-31,2019-07-31 09:36:34,0.57,1.0178,2615,0.56,1.0,24,0.56,1.0,1,0.565,1.0089,69,0
SPY190802C304,2019-07-31,2019-07-31 09:36:34,0.57,1.0178,2615,0.55,0.9821,1994,0.56,1.0,1,0.56,1.0,69,0
SPY190802C304,2019-07-31,2019-07-31 09:36:35,0.56,1.0,13,0.55,0.9821,2947,0.56,1.0,1,0.555,0.991,69,0
SPY190802C304,2019-07-31,2019-07-31 09:36:36,0.56,1.0,10,0.55,0.9821,2947,0.56,1.0,1,0.555,0.991,69,0
SPY190802C304,2019-07-31,2019-07-31 09:36:37,0.56,1.0,176,0.55,0.9821,1578,0.56,1.0,1,0.555,0.991,69,0
SPY190802C304,2019-07-31,2019-07-31 09:36:37,0.56,1.0,271,0.55,0.9821,1285,0.56,1.0,1,0.555,0.991,69,0
SPY190802C304,2019-07-31,2019-07-31 09:36:38,0.56,1.0,132,0.55,0.9821,2379,0.56,1.0,1,0.555,0.991,69,0
SPY190802C304,2019-07-31,2019-07-31 09:36:39,0.56,1.0,71,0.55,0.9821,2377,0.56,1.0,1,0.555,0.991,69,0
SPY190802C304,2019-07-31,2019-07-31 09:36:39,0.56,1.0,71,0.55,0.9821,876,0.56,1.0,1,0.555,0.991,69,0
SPY190802C304,2019-07-31,2019-07-31 09:36:40,0.56,1.0,1384,0.55,0.9821,826,0.56,1.0,1,0.555,0.991,69,0
SPY190802C304,2019-07-31,2019-07-31 09:36:41,0.56,1.0,1384,0.55,0.9821,826,0.56,1.0,1,0.555,0.991,69,0
SPY190802C304,2019-07-31,2019-07-31 09:36:42,0.56,1.0,185,0.55,0.9821,561,0.56,1.0,1,0.555,0.991,69,0
SPY190802C304,2019-07-31,2019-07-31 09:36:42,0.56,1.0,1120,0.55,0.9821,826,0.56,1.0,1,0.555,0.991,69,0
SPY190802C304,2019-07-31,2019-07-31 09:36:43,0.56,1.0,244,0.55,0.9821,827,0.56,1.0,1,0.555,0.991,69,0
SPY190802C304,2019-07-31,2019-07-31 09:36:44,0.56,1.0,289,0.55,0.9821,827,0.56,1.0,1,0.555,0.991,69,0
SPY190802C304,2019-07-31,2019-07-31 09:36:44,0.56,1.0,31,0.55,0.9821,488,0.56,1.0,1,0.555,0.991,69,0
SPY190802C304,2019-07-31,2019-07-31 09:36:45,0.56,1.0,12,0.55,0.9821,971,0.56,1.0,1,0.555,0.991,69,0
SPY190802C304,2019-07-31,2019-07-31 09:36:46,0.56,1.0,12,0.55,0.9821,1197,0.56,1.0,1,0.555,0.991,69,0
SPY190802C304,2019-07-31,2019-07-31 09:36:47,0.56,1.0,16,0.55,0.9821,1197,0.56,1.0,1,0.555,0.991,69,0
SPY190802C304,2019-07-31,2019-07-31 09:36:48,0.57,1.0178,2326,0.56,1.0,60,0.56,1.0,1,0.565,1.0089,69,0
SPY190802C304,2019-07-31,2019-07-31 09:36:49,0.57,1.0178,1638,0.55,0.9821,2821,0.56,1.0,1,0.56,1.0,69,0
SPY190802C304,2019-07-31,2019-07-31 09:36:49,0.57,1.0178,1831,0.55,0.9821,2821,0.56,1.0,1,0.56,1.0,69,0
SPY190802C304,2019-07-31,2019-07-31 09:36:50,0.56,1.0,3,0.55,0.9821,2932,0.56,1.0,1,0.555,0.991,69,0
SPY190802C304,2019-07-31,2019-07-31 09:36:50,0.56,1.0,6,0.55,0.9821,2872,0.56,1.0,1,0.555,0.991,69,0
SPY190802C304,2019-07-31,2019-07-31 09:36:51,0.57,1.0178,1389,0.55,0.9821,1994,0.56,1.0,1,0.56,1.0,69,0
SPY190802C304,2019-07-31,2019-07-31 09:36:52,0.57,1.0178,1475,0.55,0.9821,1994,0.56,1.0,1,0.56,1.0,69,0
SPY190802C304,2019-07-31,2019-07-31 09:36:53,0.56,1.0,6,0.55,0.9821,1994,0.56,1.0,1,0.555,0.991,69,0
SPY190802C304,2019-07-31,2019-07-31 09:36:54,0.56,1.0,239,0.55,0.9821,1578,0.56,1.0,1,0.555,0.991,70,0
SPY190802C304,2019-07-31,2019-07-31 09:36:54,0.56,1.0,100,0.55,0.9821,1578,0.56,1.0,1,0.555,0.991,70,1
SPY190802C304,2019-07-31,2019-07-31 09:36:55,0.56,1.0,239,0.55,0.9821,1528,0.56,1.0,1,0.555,0.991,70,0
SPY190802C304,2019-07-31,2019-07-31 09:36:56,0.56,1.0,340,0.55,0.9821,1528,0.56,1.0,1,0.555,0.991,70,0
SPY190802C304,2019-07-31,2019-07-31 09:36:56,0.56,1.0,340,0.55,0.9821,440,0.56,1.0,1,0.555,0.991,70,0
SPY190802C304,2019-07-31,2019-07-31 09:36:57,0.56,1.0,259,0.55,0.9821,512,0.56,1.0,1,0.555,0.991,70,0
SPY190802C304,2019-07-31,2019-07-31 09:36:57,0.56,1.0,314,0.55,0.9821,512,0.56,1.0,1,0.555,0.991,70,0
SPY190802C304,2019-07-31,2019-07-31 09:36:58,0.56,1.0,453,0.55,0.9821,248,0.56,1.0,1,0.555,0.991,70,0
SPY190802C304,2019-07-31,2019-07-31 09:36:59,0.56,1.0,396,0.55,0.9821,263,0.56,1.0,1,0.555,0.991,70,0
SPY190802C304,2019-07-31,2019-07-31 09:37:00,0.56,1.0,837,0.55,0.9821,2178,0.56,1.0,1,0.555,0.991,70,0
SPY190802C304,2019-07-31,2019-07-31 09:37:00,0.56,1.0,246,0.55,0.9821,2178,0.56,1.0,1,0.555,0.991,70,0
SPY190802C304,2019-07-31,2019-07-31 09:37:01,0.56,1.0,123,0.55,0.9821,2693,0.56,1.0,1,0.555,0.991,70,0
SPY190802C304,2019-07-31,2019-07-31 09:37:02,0.56,1.0,123,0.55,0.9821,1493,0.56,1.0,1,0.555,0.991,70,0
SPY190802C304,2019-07-31,2019-07-31 09:37:03,0.57,1.0178,1457,0.55,0.9821,1892,0.56,1.0,1,0.56,1.0,70,0
SPY190802C304,2019-07-31,2019-07-31 09:37:04,0.57,1.0178,1353,0.56,1.0,77,0.56,1.0,1,0.565,1.0089,70,0
SPY190802C304,2019-07-31,2019-07-31 09:37:04,0.57,1.0178,1353,0.55,0.9821,1892,0.56,1.0,1,0.56,1.0,70,0
SPY190802C304,2019-07-31,2019-07-31 09:37:05,0.57,1.0178,1304,0.56,1.0,77,0.56,1.0,1,0.565,1.0089,70,0
SPY190802C304,2019-07-31,2019-07-31 09:37:06,0.57,1.0178,959,0.56,1.0,71,0.56,1.0,1,0.565,1.0089,70,0
SPY190802C304,2019-07-31,2019-07-31 09:37:06,0.56,1.0,6,0.55,0.9821,2364,0.56,1.0,1,0.555,0.991,70,0
SPY190802C304,2019-07-31,2019-07-31 09:37:07,0.57,1.0178,1585,0.56,1.0,5,0.56,1.0,1,0.565,1.0089,70,0
SPY190802C304,2019-07-31,2019-07-31 09:37:08,0.56,1.0,319,0.55,0.9821,2371,0.56,1.0,1,0.555,0.991,70,0
SPY190802C304,2019-07-31,2019-07-31 09:37:08,0.56,1.0,6,0.55,0.9821,2355,0.56,1.0,1,0.555,0.991,70,0
SPY190802C304,2019-07-31,2019-07-31 09:37:09,0.56,1.0,176,0.55,0.9821,1477,0.56,1.0,1,0.555,0.991,70,0
SPY190802C304,2019-07-31,2019-07-31 09:37:10,0.56,1.0,3,0.56,1.0,5,0.56,1.0,1,0.56,1.0,70,0
SPY190802C304,2019-07-31,2019-07-31 09:37:10,0.56,1.0,319,0.55,0.9821,2286,0.56,1.0,1,0.555,0.991,70,0
SPY190802C304,2019-07-31,2019-07-31 09:37:11,0.57,1.0178,922,0.56,1.0,5,0.56,1.0,1,0.565,1.0089,70,0
SPY190802C304,2019-07-31,2019-07-31 09:37:12,0.57,1.0178,1711,0.56,1.0,123,0.56,1.0,1,0.565,1.0089,70,0
SPY190802C304,2019-07-31,2019-07-31 09:37:12,0.57,1.0178,1289,0.56,1.0,24,0.56,1.0,1,0.565,1.0089,70,0
SPY190802C304,2019-07-31,2019-07-31 09:37:13,0.57,1.0178,1711,0.56,1.0,249,0.56,1.0,1,0.565,1.0089,70,0
SPY190802C304,2019-07-31,2019-07-31 09:37:14,0.57,1.0178,1711,0.56,1.0,249,0.56,1.0,1,0.565,1.0089,70,0
SPY190802C304,2019-07-31,2019-07-31 09:37:15,0.57,1.0178,963,0.56,1.0,249,0.56,1.0,1,0.565,1.0089,70,0
SPY190802C304,2019-07-31,2019-07-31 09:37:16,0.57,1.0178,963,0.56,1.0,249,0.56,1.0,1,0.565,1.0089,70,0
SPY190802C304,2019-07-31,2019-07-31 09:37:17,0.57,1.0178,792,0.56,1.0,147,0.56,1.0,1,0.565,1.0089,70,0
SPY190802C304,2019-07-31,2019-07-31 09:37:17,0.57,1.0178,1598,0.55,0.9821,2912,0.56,1.0,1,0.56,1.0,70,0
SPY190802C304,2019-07-31,2019-07-31 09:37:18,0.57,1.0178,1650,0.55,0.9821,2912,0.56,1.0,1,0.56,1.0,70,0
SPY190802C304,2019-07-31,2019-07-31 09:37:19,0.56,1.0,176,0.55,0.9821,2043,0.56,1.0,1,0.555,0.991,70,0
SPY190802C304,2019-07-31,2019-07-31 09:37:20,0.56,1.0,176,0.55,0.9821,2043,0.56,1.0,1,0.555,0.991,70,0
SPY190802C304,2019-07-31,2019-07-31 09:37:21,0.56,1.0,133,0.55,0.9821,2043,0.56,1.0,1,0.555,0.991,70,0
SPY190802C304,2019-07-31,2019-07-31 09:37:22,0.56,1.0,141,0.55,0.9821,3036,0.56,1.0,1,0.555,0.991,70,0
SPY190802C304,2019-07-31,2019-07-31 09:37:22,0.56,1.0,141,0.55,0.9821,3041,0.56,1.0,1,0.555,0.991,70,0
SPY190802C304,2019-07-31,2019-07-31 09:37:23,0.56,1.0,304,0.55,0.9821,3007,0.56,1.0,1,0.555,0.991,70,0
SPY190802C304,2019-07-31,2019-07-31 09:37:24,0.56,1.0,80,0.55,0.9821,484,0.56,1.0,1,0.555,0.991,70,0
SPY190802C304,2019-07-31,2019-07-31 09:37:24,0.56,1.0,304,0.55,0.9821,3007,0.56,1.0,1,0.555,0.991,70,0
SPY190802C304,2019-07-31,2019-07-31 09:37:25,0.57,1.0178,1028,0.56,1.0,5,0.56,1.0,1,0.565,1.0089,70,0
SPY190802C304,2019-07-31,2019-07-31 09:37:25,0.57,1.0178,1540,0.56,1.0,5,0.56,1.0,1,0.565,1.0089,70,0
SPY190802C304,2019-07-31,2019-07-31 09:37:26,0.57,1.0178,1721,0.56,1.0,61,0.56,1.0,1,0.565,1.0089,70,0
SPY190802C304,2019-07-31,2019-07-31 09:37:27,0.57,1.0178,2297,0.56,1.0,24,0.56,1.0,1,0.565,1.0089,70,0
SPY190802C304,2019-07-31,2019-07-31 09:37:27,0.57,1.0178,2460,0.56,1.0,6,0.56,1.0,1,0.565,1.0089,70,0
SPY190802C304,2019-07-31,2019-07-31 09:37:28,0.57,1.0178,2297,0.55,0.9821,1626,0.56,1.0,1,0.56,1.0,70,0
SPY190802C304,2019-07-31,2019-07-31 09:37:29,0.56,1.0,100,0.55,0.9821,2042,0.56,1.0,1,0.555,0.991,70,0
SPY190802C304,2019-07-31,2019-07-31 09:37:29,0.57,1.0178,2297,0.55,0.9821,2042,0.56,1.0,1,0.56,1.0,70,0
SPY190802C304,2019-07-31,2019-07-31 09:37:30,0.56,1.0,100,0.55,0.9821,2042,0.56,1.0,1,0.555,0.991,70,0
SPY190802C304,2019-07-31,2019-07-31 09:37:31,0.56,1.0,329,0.55,0.9821,1492,0.56,1.0,1,0.555,0.991,70,0
SPY190802C304,2019-07-31,2019-07-31 09:37:31,0.56,1.0,410,0.55,0.9821,440,0.56,1.0,1,0.555,0.991,70,0
SPY190802C304,2019-07-31,2019-07-31 09:37:32,0.56,1.0,791,0.55,0.9821,716,0.56,1.0,1,0.555,0.991,70,0
SPY190802C304,2019-07-31,2019-07-31 09:37:32,0.56,1.0,791,0.55,0.9821,562,0.56,1.0,1,0.555,0.991,70,0
SPY190802C304,2019-07-31,2019-07-31 09:37:33,0.56,1.0,311,0.55,0.9821,2732,0.56,1.0,1,0.555,0.991,70,0
SPY190802C304,2019-07-31,2019-07-31 09:37:34,0.56,1.0,310,0.55,0.9821,2922,0.56,1.0,1,0.555,0.991,70,0
SPY190802C304,2019-07-31,2019-07-31 09:37:35,0.57,1.0178,1605,0.56,1.0,5,0.56,1.0,1,0.565,1.0089,70,0
SPY190802C304,2019-07-31,2019-07-31 09:37:36,0.57,1.0178,1141,0.56,1.0,231,0.56,1.0,1,0.565,1.0089,70,0
SPY190802C304,2019-07-31,2019-07-31 09:37:36,0.57,1.0178,481,0.56,1.0,325,0.56,1.0,1,0.565,1.0089,70,0
SPY190802C304,2019-07-31,2019-07-31 09:37:37,0.57,1.0178,1162,0.56,1.0,202,0.56,1.0,1,0.565,1.0089,70,0
SPY190802C304,2019-07-31,2019-07-31 09:37:38,0.57,1.0178,1162,0.55,0.9821,2936,0.56,1.0,1,0.56,1.0,70,0
SPY190802C304,2019-07-31,2019-07-31 09:37:38,0.57,1.0178,1248,0.56,1.0,74,0.56,1.0,1,0.565,1.0089,70,0
SPY190802C304,2019-07-31,2019-07-31 09:37:39,0.57,1.0178,1712,0.55,0.9821,2043,0.56,1.0,1,0.56,1.0,70,0
SPY190802C304,2019-07-31,2019-07-31 09:37:40,0.57,1.0178,1712,0.56,1.0,146,0.56,1.0,1,0.565,1.0089,70,0
SPY190802C304,2019-07-31,2019-07-31 09:37:40,0.57,1.0178,1712,0.56,1.0,24,0.56,1.0,1,0.565,1.0089,70,0
SPY190802C304,2019-07-31,2019-07-31 09:37:41,0.57,1.0178,1088,0.56,1.0,146,0.56,1.0,1,0.565,1.0089,70,0
SPY190802C304,2019-07-31,2019-07-31 09:37:42,0.57,1.0178,1088,0.56,1.0,236,0.56,1.0,1,0.565,1.0089,70,0
SPY190802C304,2019-07-31,2019-07-31 09:37:42,0.57,1.0178,1088,0.56,1.0,176,0.56,1.0,51,0.565,1.0089,130,60
SPY190802C304,2019-07-31,2019-07-31 09:37:43,0.57,1.0178,133,0.56,1.0,1068,0.56,1.0,51,0.565,1.0089,130,0
SPY190802C304,2019-07-31,2019-07-31 09:37:44,0.57,1.0178,133,0.56,1.0,1755,0.56,1.0,51,0.565,1.0089,130,0
SPY190802C304,2019-07-31,2019-07-31 09:37:44,0.57,1.0178,133,0.56,1.0,2259,0.56,1.0,51,0.565,1.0089,130,0
SPY190802C304,2019-07-31,2019-07-31 09:37:45,0.57,1.0178,100,0.56,1.0,2259,0.56,1.0,51,0.565,1.0089,130,0
SPY190802C304,2019-07-31,2019-07-31 09:37:46,0.57,1.0178,100,0.56,1.0,2259,0.56,1.0,51,0.565,1.0089,130,0
SPY190802C304,2019-07-31,2019-07-31 09:37:46,0.57,1.0178,100,0.56,1.0,1843,0.56,1.0,51,0.565,1.0089,130,0
SPY190802C304,2019-07-31,2019-07-31 09:37:47,0.57,1.0178,100,0.56,1.0,1843,0.56,1.0,51,0.565,1.0089,130,0
SPY190802C304,2019-07-31,2019-07-31 09:37:48,0.57,1.0178,100,0.56,1.0,1411,0.56,1.0,51,0.565,1.0089,130,0
SPY190802C304,2019-07-31,2019-07-31 09:37:49,0.57,1.0178,151,0.56,1.0,1547,0.56,1.0,51,0.565,1.0089,130,0
SPY190802C304,2019-07-31,2019-07-31 09:37:49,0.57,1.0178,151,0.56,1.0,1849,0.56,1.0,51,0.565,1.0089,130,0
SPY190802C304,2019-07-31,2019-07-31 09:37:50,0.57,1.0178,111,0.56,1.0,1849,0.56,1.0,51,0.565,1.0089,130,0
SPY190802C304,2019-07-31,2019-07-31 09:37:50,0.57,1.0178,111,0.56,1.0,2260,0.56,1.0,51,0.565,1.0089,130,0
SPY190802C304,2019-07-31,2019-07-31 09:37:51,0.57,1.0178,5,0.56,1.0,1847,0.56,1.0,51,0.565,1.0089,130,0
SPY190802C304,2019-07-31,2019-07-31 09:37:52,0.58,1.0357,1712,0.57,1.0178,5,0.56,1.0,51,0.575,1.0267,130,0
SPY190802C304,2019-07-31,2019-07-31 09:37:53,0.58,1.0357,1766,0.57,1.0178,179,0.56,1.0,51,0.575,1.0267,130,0
SPY190802C304,2019-07-31,2019-07-31 09:37:54,0.57,1.0178,7,0.56,1.0,1730,0.56,1.0,51,0.565,1.0089,130,0
SPY190802C304,2019-07-31,2019-07-31 09:37:55,0.58,1.0357,1654,0.56,1.0,1930,0.56,1.0,51,0.57,1.0178,130,0
SPY190802C304,2019-07-31,2019-07-31 09:37:55,0.57,1.0178,5,0.57,1.0178,5,0.56,1.0,51,0.57,1.0178,130,0
SPY190802C304,2019-07-31,2019-07-31 09:37:56,0.58,1.0357,1687,0.56,1.0,1767,0.56,1.0,51,0.57,1.0178,130,0
SPY190802C304,2019-07-31,2019-07-31 09:37:57,0.58,1.0357,1667,0.56,1.0,1767,0.56,1.0,51,0.57,1.0178,130,0
SPY190802C304,2019-07-31,2019-07-31 09:37:58,0.57,1.0178,7,0.56,1.0,1484,0.56,1.0,51,0.565,1.0089,130,0
SPY190802C304,2019-07-31,2019-07-31 09:37:59,0.58,1.0357,1339,0.57,1.0178,5,0.56,1.0,51,0.575,1.0267,130,0
SPY190802C304,2019-07-31,2019-07-31 09:38:00,0.58,1.0357,1590,0.57,1.0178,106,0.56,1.0,51,0.575,1.0267,130,0
SPY190802C304,2019-07-31,2019-07-31 09:38:01,0.58,1.0357,1412,0.56,1.0,1064,0.56,1.0,51,0.57,1.0178,130,0
SPY190802C304,2019-07-31,2019-07-31 09:38:02,0.57,1.0178,303,0.56,1.0,1570,0.56,1.0,51,0.565,1.0089,130,0
SPY190802C304,2019-07-31,2019-07-31 09:38:03,0.57,1.0178,93,0.56,1.0,1338,0.56,1.0,51,0.565,1.0089,130,0
SPY190802C304,2019-07-31,2019-07-31 09:38:04,0.58,1.0357,1765,0.57,1.0178,249,0.56,1.0,51,0.575,1.0267,130,0
SPY190802C304,2019-07-31,2019-07-31 09:38:04,0.58,1.0357,1680,0.57,1.0178,74,0.56,1.0,51,0.575,1.0267,130,0
SPY190802C304,2019-07-31,2019-07-31 09:38:05,0.58,1.0357,566,0.57,1.0178,699,0.56,1.0,51,0.575,1.0267,130,0
SPY190802C304,2019-07-31,2019-07-31 09:38:06,0.58,1.0357,584,0.57,1.0178,699,0.56,1.0,51,0.575,1.0267,130,0
SPY190802C304,2019-07-31,2019-07-31 09:38:07,0.58,1.0357,615,0.57,1.0178,699,0.56,1.0,51,0.575,1.0267,130,0
SPY190802C304,2019-07-31,2019-07-31 09:38:08,0.58,1.0357,962,0.57,1.0178,699,0.56,1.0,51,0.575,1.0267,130,0
SPY190802C304,2019-07-31,2019-07-31 09:38:09,0.58,1.0357,1220,0.57,1.0178,604,0.56,1.0,51,0.575,1.0267,130,0
SPY190802C304,2019-07-31,2019-07-31 09:38:09,0.58,1.0357,1280,0.57,1.0178,604,0.56,1.0,51,0.575,1.0267,130,0
SPY190802C304,2019-07-31,2019-07-31 09:38:10,0.58,1.0357,1220,0.57,1.0178,784,0.56,1.0,51,0.575,1.0267,130,0
SPY190802C304,2019-07-31,2019-07-31 09:38:11,0.58,1.0357,912,0.57,1.0178,694,0.56,1.0,51,0.575,1.0267,130,0
SPY190802C304,2019-07-31,2019-07-31 09:38:12,0.58,1.0357,912,0.57,1.0178,694,0.56,1.0,51,0.575,1.0267,130,0
SPY190802C304,2019-07-31,2019-07-31 09:38:13,0.58,1.0357,566,0.57,1.0178,829,0.56,1.0,51,0.575,1.0267,130,0
SPY190802C304,2019-07-31,2019-07-31 09:38:13,0.58,1.0357,912,0.57,1.0178,684,0.56,1.0,51,0.575,1.0267,130,0
SPY190802C304,2019-07-31,2019-07-31 09:38:14,0.58,1.0357,858,0.57,1.0178,709,0.56,1.0,51,0.575,1.0267,130,0
SPY190802C304,2019-07-31,2019-07-31 09:38:14,0.58,1.0357,858,0.57,1.0178,829,0.56,1.0,51,0.575,1.0267,130,0
SPY190802C304,2019-07-31,2019-07-31 09:38:15,0.58,1.0357,863,0.57,1.0178,744,0.56,1.0,51,0.575,1.0267,130,0
SPY190802C304,2019-07-31,2019-07-31 09:38:16,0.58,1.0357,914,0.57,1.0178,744,0.56,1.0,51,0.575,1.0267,130,0
SPY190802C304,2019-07-31,2019-07-31 09:38:16,0.58,1.0357,858,0.57,1.0178,744,0.56,1.0,51,0.575,1.0267,130,0
SPY190802C304,2019-07-31,2019-07-31 09:38:17,0.58,1.0357,921,0.57,1.0178,744,0.56,1.0,51,0.575,1.0267,130,0
SPY190802C304,2019-07-31,2019-07-31 09:38:18,0.58,1.0357,866,0.57,1.0178,744,0.56,1.0,51,0.575,1.0267,130,0
SPY190802C304,2019-07-31,2019-07-31 09:38:18,0.58,1.0357,858,0.57,1.0178,744,0.56,1.0,51,0.575,1.0267,130,0
SPY190802C304,2019-07-31,2019-07-31 09:38:19,0.58,1.0357,858,0.57,1.0178,744,0.56,1.0,51,0.575,1.0267,130,0
SPY190802C304,2019-07-31,2019-07-31 09:38:19,0.58,1.0357,858,0.57,1.0178,785,0.56,1.0,51,0.575,1.0267,130,0
SPY190802C304,2019-07-31,2019-07-31 09:38:20,0.58,1.0357,858,0.57,1.0178,704,0.56,1.0,51,0.575,1.0267,130,0
SPY190802C304,2019-07-31,2019-07-31 09:38:21,0.58,1.0357,858,0.57,1.0178,1172,0.56,1.0,51,0.575,1.0267,130,0
SPY190802C304,2019-07-31,2019-07-31 09:38:22,0.58,1.0357,858,0.57,1.0178,1286,0.56,1.0,51,0.575,1.0267,130,0
SPY190802C304,2019-07-31,2019-07-31 09:38:22,0.58,1.0357,428,0.57,1.0178,1794,0.56,1.0,51,0.575,1.0267,130,0
SPY190802C304,2019-07-31,2019-07-31 09:38:23,0.58,1.0357,428,0.57,1.0178,1998,0.56,1.0,51,0.575,1.0267,130,0
SPY190802C304,2019-07-31,2019-07-31 09:38:23,0.58,1.0357,428,0.57,1.0178,1894,0.56,1.0,51,0.575,1.0267,130,0
SPY190802C304,2019-07-31,2019-07-31 09:38:24,0.58,1.0357,428,0.57,1.0178,1948,0.56,1.0,51,0.575,1.0267,130,0
SPY190802C304,2019-07-31,2019-07-31 09:38:25,0.58,1.0357,428,0.57,1.0178,1863,0.56,1.0,51,0.575,1.0267,130,0
SPY190802C304,2019-07-31,2019-07-31 09:38:26,0.58,1.0357,428,0.57,1.0178,1875,0.56,1.0,51,0.575,1.0267,130,0
SPY190802C304,2019-07-31,2019-07-31 09:38:27,0.58,1.0357,119,0.57,1.0178,2454,0.58,1.0357,1,0.575,1.0267,131,1
SPY190802C304,2019-07-31,2019-07-31 09:38:27,0.58,1.0357,119,0.57,1.0178,2038,0.56,1.0,51,0.575,1.0267,130,0
SPY190802C304,2019-07-31,2019-07-31 09:38:28,0.58,1.0357,119,0.57,1.0178,2454,0.58,1.0357,1,0.575,1.0267,131,0
SPY190802C304,2019-07-31,2019-07-31 09:38:29,0.58,1.0357,119,0.57,1.0178,2606,0.57,1.0178,1,0.575,1.0267,132,1
SPY190802C304,2019-07-31,2019-07-31 09:38:30,0.58,1.0357,119,0.57,1.0178,1688,0.57,1.0178,1,0.575,1.0267,132,0
SPY190802C304,2019-07-31,2019-07-31 09:38:31,0.58,1.0357,27,0.57,1.0178,2606,0.57,1.0178,1,0.575,1.0267,132,0
SPY190802C304,2019-07-31,2019-07-31 09:38:31,0.58,1.0357,77,0.57,1.0178,1688,0.57,1.0178,1,0.575,1.0267,132,0
SPY190802C304,2019-07-31,2019-07-31 09:38:32,0.58,1.0357,77,0.57,1.0178,1688,0.57,1.0178,1,0.575,1.0267,132,0
SPY190802C304,2019-07-31,2019-07-31 09:38:33,0.58,1.0357,116,0.57,1.0178,2612,0.57,1.0178,1,0.575,1.0267,132,0
SPY190802C304,2019-07-31,2019-07-31 09:38:33,0.58,1.0357,116,0.57,1.0178,2606,0.57,1.0178,1,0.575,1.0267,132,0
SPY190802C304,2019-07-31,2019-07-31 09:38:34,0.58,1.0357,77,0.57,1.0178,1692,0.57,1.0178,1,0.575,1.0267,132,0
SPY190802C304,2019-07-31,2019-07-31 09:38:34,0.58,1.0357,77,0.57,1.0178,2013,0.57,1.0178,1,0.575,1.0267,132,0
SPY190802C304,2019-07-31,2019-07-31 09:38:35,0.59,1.0535,668,0.58,1.0357,239,0.57,1.0178,1,0.585,1.0446,132,0
SPY190802C304,2019-07-31,2019-07-31 09:38:36,0.59,1.0535,562,0.58,1.0357,239,0.57,1.0178,1,0.585,1.0446,132,0
SPY190802C304,2019-07-31,2019-07-31 09:38:36,0.59,1.0535,605,0.58,1.0357,239,0.57,1.0178,1,0.585,1.0446,132,0
SPY190802C304,2019-07-31,2019-07-31 09:38:37,0.59,1.0535,489,0.58,1.0357,239,0.57,1.0178,1,0.585,1.0446,132,0
SPY190802C304,2019-07-31,2019-07-31 09:38:38,0.58,1.0357,10,0.57,1.0178,1844,0.57,1.0178,1,0.575,1.0267,132,0
SPY190802C304,2019-07-31,2019-07-31 09:38:39,0.58,1.0357,82,0.57,1.0178,2029,0.57,1.0178,1,0.575,1.0267,132,0
SPY190802C304,2019-07-31,2019-07-31 09:38:39,0.58,1.0357,89,0.57,1.0178,2241,0.57,1.0178,1,0.575,1.0267,132,0
SPY190802C304,2019-07-31,2019-07-31 09:38:40,0.58,1.0357,82,0.57,1.0178,2208,0.58,1.0357,2,0.575,1.0267,134,2
SPY190802C304,2019-07-31,2019-07-31 09:38:41,0.58,1.0357,82,0.57,1.0178,2060,0.58,1.0357,2,0.575,1.0267,134,0
SPY190802C304,2019-07-31,2019-07-31 09:38:42,0.58,1.0357,82,0.57,1.0178,1940,0.58,1.0357,3,0.575,1.0267,137,3
SPY190802C304,2019-07-31,2019-07-31 09:38:43,0.58,1.0357,10,0.57,1.0178,1806,0.58,1.0357,3,0.575,1.0267,137,0
SPY190802C304,2019-07-31,2019-07-31 09:38:43,0.58,1.0357,10,0.57,1.0178,1371,0.58,1.0357,3,0.575,1.0267,137,0
SPY190802C304,2019-07-31,2019-07-31 09:38:44,0.58,1.0357,100,0.57,1.0178,1853,0.58,1.0357,3,0.575,1.0267,137,0
SPY190802C304,2019-07-31,2019-07-31 09:38:45,0.58,1.0357,100,0.57,1.0178,1739,0.58,1.0357,3,0.575,1.0267,137,0
SPY190802C304,2019-07-31,2019-07-31 09:38:45,0.58,1.0357,100,0.57,1.0178,1281,0.58,1.0357,3,0.575,1.0267,137,0
SPY190802C304,2019-07-31,2019-07-31 09:38:46,0.58,1.0357,304,0.57,1.0178,893,0.58,1.0357,3,0.575,1.0267,137,0
SPY190802C304,2019-07-31,2019-07-31 09:38:47,0.58,1.0357,497,0.57,1.0178,893,0.58,1.0357,3,0.575,1.0267,137,0
SPY190802C304,2019-07-31,2019-07-31 09:38:48,0.58,1.0357,568,0.57,1.0178,2135,0.58,1.0357,3,0.575,1.0267,137,0
SPY190802C304,2019-07-31,2019-07-31 09:38:49,0.58,1.0357,743,0.57,1.0178,1334,0.58,1.0357,3,0.575,1.0267,137,0
SPY190802C304,2019-07-31,2019-07-31 09:38:49,0.58,1.0357,840,0.57,1.0178,1366,0.58,1.0357,3,0.575,1.0267,137,0
SPY190802C304,2019-07-31,2019-07-31 09:38:50,0.58,1.0357,224,0.57,1.0178,2203,0.58,1.0357,3,0.575,1.0267,137,0
SPY190802C304,2019-07-31,2019-07-31 09:38:51,0.58,1.0357,583,0.57,1.0178,1421,0.58,1.0357,3,0.575,1.0267,137,0
SPY190802C304,2019-07-31,2019-07-31 09:38:52,0.58,1.0357,644,0.57,1.0178,1500,0.58,1.0357,3,0.575,1.0267,137,0
SPY190802C304,2019-07-31,2019-07-31 09:38:52,0.58,1.0357,357,0.57,1.0178,398,0.58,1.0357,3,0.575,1.0267,137,0
SPY190802C304,2019-07-31,2019-07-31 09:38:53,0.57,1.0178,5,0.56,1.0,1695,0.58,1.0357,3,0.565,1.0089,137,0
SPY190802C304,2019-07-31,2019-07-31 09:38:54,0.58,1.0357,1524,0.56,1.0,2044,0.57,1.0178,5,0.57,1.0178,147,10
SPY190802C304,2019-07-31,2019-07-31 09:38:55,0.58,1.0357,1322,0.57,1.0178,24,0.57,1.0178,5,0.575,1.0267,147,0
SPY190802C304,2019-07-31,2019-07-31 09:38:55,0.58,1.0357,1322,0.56,1.0,1818,0.57,1.0178,5,0.57,1.0178,147,0
SPY190802C304,2019-07-31,2019-07-31 09:38:56,0.58,1.0357,1322,0.56,1.0,1778,0.57,1.0178,5,0.57,1.0178,147,0
SPY190802C304,2019-07-31,2019-07-31 09:38:57,0.58,1.0357,1322,0.56,1.0,1778,0.57,1.0178,5,0.57,1.0178,147,0
SPY190802C304,2019-07-31,2019-07-31 09:38:58,0.57,1.0178,144,0.56,1.0,355,0.57,1.0178,5,0.565,1.0089,147,0
SPY190802C304,2019-07-31,2019-07-31 09:38:59,0.57,1.0178,629,0.56,1.0,306,0.57,1.0178,5,0.565,1.0089,147,0
SPY190802C304,2019-07-31,2019-07-31 09:39:00,0.57,1.0178,1130,0.56,1.0,283,0.57,1.0178,5,0.565,1.0089,147,0
SPY190802C304,2019-07-31,2019-07-31 09:39:00,0.57,1.0178,629,0.56,1.0,283,0.57,1.0178,5,0.565,1.0089,147,0
SPY190802C304,2019-07-31,2019-07-31 09:39:01,0.57,1.0178,1446,0.56,1.0,203,0.57,1.0178,5,0.565,1.0089,147,0
SPY190802C304,2019-07-31,2019-07-31 09:39:02,0.57,1.0178,1160,0.56,1.0,203,0.57,1.0178,5,0.565,1.0089,147,0
SPY190802C304,2019-07-31,2019-07-31 09:39:03,0.57,1.0178,1160,0.56,1.0,203,0.57,1.0178,5,0.565,1.0089,147,0
SPY190802C304,2019-07-31,2019-07-31 09:39:04,0.57,1.0178,2065,0.56,1.0,203,0.57,1.0178,5,0.565,1.0089,147,0
SPY190802C304,2019-07-31,2019-07-31 09:39:05,0.57,1.0178,2065,0.56,1.0,130,0.57,1.0178,5,0.565,1.0089,147,0
SPY190802C304,2019-07-31,2019-07-31 09:39:06,0.57,1.0178,1441,0.56,1.0,203,0.57,1.0178,5,0.565,1.0089,147,0
SPY190802C304,2019-07-31,2019-07-31 09:39:06,0.57,1.0178,2168,0.56,1.0,203,0.57,1.0178,5,0.565,1.0089,147,0
SPY190802C304,2019-07-31,2019-07-31 09:39:07,0.57,1.0178,2229,0.56,1.0,203,0.57,1.0178,5,0.565,1.0089,147,0
SPY190802C304,2019-07-31,2019-07-31 09:39:08,0.57,1.0178,1441,0.56,1.0,203,0.57,1.0178,5,0.565,1.0089,147,0
SPY190802C304,2019-07-31,2019-07-31 09:39:09,0.57,1.0178,2237,0.56,1.0,113,0.57,1.0178,5,0.565,1.0089,147,0
SPY190802C304,2019-07-31,2019-07-31 09:39:09,0.57,1.0178,2229,0.56,1.0,113,0.57,1.0178,5,0.565,1.0089,147,0
SPY190802C304,2019-07-31,2019-07-31 09:39:10,0.57,1.0178,1441,0.56,1.0,113,0.57,1.0178,5,0.565,1.0089,147,0
SPY190802C304,2019-07-31,2019-07-31 09:39:11,0.57,1.0178,2254,0.56,1.0,203,0.57,1.0178,5,0.565,1.0089,147,0
SPY190802C304,2019-07-31,2019-07-31 09:39:12,0.57,1.0178,2254,0.56,1.0,203,0.57,1.0178,5,0.565,1.0089,147,0
SPY190802C304,2019-07-31,2019-07-31 09:39:13,0.57,1.0178,2254,0.56,1.0,113,0.57,1.0178,5,0.565,1.0089,147,0
SPY190802C304,2019-07-31,2019-07-31 09:39:14,0.57,1.0178,2254,0.56,1.0,113,0.57,1.0178,5,0.565,1.0089,147,0
SPY190802C304,2019-07-31,2019-07-31 09:39:15,0.57,1.0178,224,0.56,1.0,889,0.57,1.0178,5,0.565,1.0089,147,0
SPY190802C304,2019-07-31,2019-07-31 09:39:16,0.57,1.0178,5,0.56,1.0,1237,0.57,1.0178,5,0.565,1.0089,147,0
SPY190802C304,2019-07-31,2019-07-31 09:39:17,0.57,1.0178,91,0.56,1.0,1669,0.57,1.0178,5,0.565,1.0089,147,0
SPY190802C304,2019-07-31,2019-07-31 09:39:17,0.57,1.0178,12,0.56,1.0,1669,0.57,1.0178,5,0.565,1.0089,147,0
SPY190802C304,2019-07-31,2019-07-31 09:39:18,0.58,1.0357,1591,0.57,1.0178,5,0.57,1.0178,5,0.575,1.0267,147,0
SPY190802C304,2019-07-31,2019-07-31 09:39:18,0.58,1.0357,1191,0.57,1.0178,5,0.57,1.0178,5,0.575,1.0267,147,0
SPY190802C304,2019-07-31,2019-07-31 09:39:19,0.58,1.0357,591,0.57,1.0178,129,0.57,1.0178,5,0.575,1.0267,147,0
SPY190802C304,2019-07-31,2019-07-31 09:39:20,0.58,1.0357,1118,0.57,1.0178,184,0.57,1.0178,5,0.575,1.0267,147,0
SPY190802C304,2019-07-31,2019-07-31 09:39:21,0.58,1.0357,1087,0.57,1.0178,184,0.57,1.0178,5,0.575,1.0267,147,0
SPY190802C304,2019-07-31,2019-07-31 09:39:21,0.58,1.0357,1204,0.57,1.0178,184,0.57,1.0178,5,0.575,1.0267,147,0
SPY190802C304,2019-07-31,2019-07-31 09:39:22,0.57,1.0178,142,0.56,1.0,1569,0.57,1.0178,5,0.565,1.0089,147,0
SPY190802C304,2019-07-31,2019-07-31 09:39:22,0.57,1.0178,6,0.56,1.0,1704,0.57,1.0178,5,0.565,1.0089,147,0
SPY190802C304,2019-07-31,2019-07-31 09:39:23,0.57,1.0178,362,0.56,1.0,1569,0.57,1.0178,5,0.565,1.0089,147,0
SPY190802C304,2019-07-31,2019-07-31 09:39:24,0.57,1.0178,498,0.56,1.0,794,0.57,1.0178,5,0.565,1.0089,147,0
SPY190802C304,2019-07-31,2019-07-31 09:39:24,0.57,1.0178,551,0.56,1.0,314,0.57,1.0178,5,0.565,1.0089,147,0
SPY190802C304,2019-07-31,2019-07-31 09:39:25,0.57,1.0178,736,0.56,1.0,314,0.57,1.0178,5,0.565,1.0089,147,0
SPY190802C304,2019-07-31,2019-07-31 09:39:26,0.57,1.0178,1833,0.56,1.0,230,0.57,1.0178,5,0.565,1.0089,147,0
SPY190802C304,2019-07-31,2019-07-31 09:39:27,0.57,1.0178,1032,0.56,1.0,230,0.57,1.0178,5,0.565,1.0089,147,0
SPY190802C304,2019-07-31,2019-07-31 09:39:27,0.57,1.0178,1637,0.56,1.0,230,0.57,1.0178,5,0.565,1.0089,147,0
SPY190802C304,2019-07-31,2019-07-31 09:39:28,0.57,1.0178,1074,0.56,1.0,106,0.57,1.0178,5,0.565,1.0089,147,0
SPY190802C304,2019-07-31,2019-07-31 09:39:29,0.57,1.0178,1074,0.56,1.0,165,0.57,1.0178,5,0.565,1.0089,147,0
SPY190802C304,2019-07-31,2019-07-31 09:39:30,0.57,1.0178,961,0.56,1.0,165,0.57,1.0178,5,0.565,1.0089,147,0
SPY190802C304,2019-07-31,2019-07-31 09:39:31,0.57,1.0178,2103,0.56,1.0,213,0.57,1.0178,5,0.565,1.0089,147,0
SPY190802C304,2019-07-31,2019-07-31 09:39:31,0.57,1.0178,1464,0.56,1.0,213,0.57,1.0178,5,0.565,1.0089,147,0
SPY190802C304,2019-07-31,2019-07-31 09:39:32,0.57,1.0178,357,0.56,1.0,303,0.57,1.0178,5,0.565,1.0089,147,0
SPY190802C304,2019-07-31,2019-07-31 09:39:33,0.57,1.0178,583,0.56,1.0,1751,0.57,1.0178,5,0.565,1.0089,147,0
SPY190802C304,2019-07-31,2019-07-31 09:39:34,0.57,1.0178,583,0.56,1.0,1751,0.57,1.0178,5,0.565,1.0089,147,0
SPY190802C304,2019-07-31,2019-07-31 09:39:35,0.57,1.0178,836,0.56,1.0,1751,0.57,1.0178,5,0.565,1.0089,147,0
SPY190802C304,2019-07-31,2019-07-31 09:39:35,0.57,1.0178,1006,0.56,1.0,1751,0.57,1.0178,5,0.565,1.0089,147,0
SPY190802C304,2019-07-31,2019-07-31 09:39:36,0.57,1.0178,1370,0.56,1.0,384,0.57,1.0178,5,0.565,1.0089,147,0
SPY190802C304,2019-07-31,2019-07-31 09:39:36,0.57,1.0178,1154,0.56,1.0,213,0.57,1.0178,5,0.565,1.0089,147,0
SPY190802C304,2019-07-31,2019-07-31 09:39:37,0.57,1.0178,2166,0.56,1.0,486,0.57,1.0178,5,0.565,1.0089,147,0
SPY190802C304,2019-07-31,2019-07-31 09:39:38,0.57,1.0178,2087,0.56,1.0,219,0.57,1.0178,5,0.565,1.0089,147,0
SPY190802C304,2019-07-31,2019-07-31 09:39:38,0.57,1.0178,2430,0.56,1.0,309,0.57,1.0178,5,0.565,1.0089,147,0
SPY190802C304,2019-07-31,2019-07-31 09:39:39,0.57,1.0178,2423,0.56,1.0,309,0.57,1.0178,5,0.565,1.0089,147,0
SPY190802C304,2019-07-31,2019-07-31 09:39:40,0.57,1.0178,2423,0.56,1.0,309,0.57,1.0178,5,0.565,1.0089,147,0
SPY190802C304,2019-07-31,2019-07-31 09:39:41,0.57,1.0178,2423,0.56,1.0,219,0.57,1.0178,5,0.565,1.0089,147,0
SPY190802C304,2019-07-31,2019-07-31 09:39:41,0.57,1.0178,1546,0.56,1.0,138,0.57,1.0178,5,0.565,1.0089,147,0
SPY190802C304,2019-07-31,2019-07-31 09:39:42,0.57,1.0178,1546,0.56,1.0,138,0.57,1.0178,5,0.565,1.0089,147,0
SPY190802C304,2019-07-31,2019-07-31 09:39:43,0.57,1.0178,2423,0.56,1.0,128,0.57,1.0178,5,0.565,1.0089,147,0
SPY190802C304,2019-07-31,2019-07-31 09:39:44,0.57,1.0178,2423,0.56,1.0,227,0.57,1.0178,5,0.565,1.0089,147,0
SPY190802C304,2019-07-31,2019-07-31 09:39:44,0.57,1.0178,2423,0.56,1.0,282,0.57,1.0178,5,0.565,1.0089,147,0
SPY190802C304,2019-07-31,2019-07-31 09:39:45,0.57,1.0178,1546,0.56,1.0,227,0.57,1.0178,5,0.565,1.0089,147,0
SPY190802C304,2019-07-31,2019-07-31 09:39:46,0.57,1.0178,1546,0.56,1.0,227,0.57,1.0178,5,0.565,1.0089,147,0
SPY190802C304,2019-07-31,2019-07-31 09:39:47,0.57,1.0178,1840,0.56,1.0,244,0.57,1.0178,5,0.565,1.0089,147,0
SPY190802C304,2019-07-31,2019-07-31 09:39:47,0.57,1.0178,2413,0.56,1.0,538,0.57,1.0178,5,0.565,1.0089,147,0
SPY190802C304,2019-07-31,2019-07-31 09:39:48,0.57,1.0178,1964,0.56,1.0,412,0.57,1.0178,5,0.565,1.0089,147,0
SPY190802C304,2019-07-31,2019-07-31 09:39:49,0.57,1.0178,239,0.56,1.0,412,0.57,1.0178,5,0.565,1.0089,147,0
SPY190802C304,2019-07-31,2019-07-31 09:39:49,0.57,1.0178,1964,0.56,1.0,412,0.57,1.0178,5,0.565,1.0089,147,0
SPY190802C304,2019-07-31,2019-07-31 09:39:50,0.57,1.0178,511,0.56,1.0,314,0.57,1.0178,5,0.565,1.0089,147,0
SPY190802C304,2019-07-31,2019-07-31 09:39:51,0.57,1.0178,489,0.56,1.0,485,0.57,1.0178,5,0.565,1.0089,147,0
SPY190802C304,2019-07-31,2019-07-31 09:39:52,0.57,1.0178,315,0.56,1.0,671,0.57,1.0178,5,0.565,1.0089,147,0
SPY190802C304,2019-07-31,2019-07-31 09:39:53,0.57,1.0178,315,0.56,1.0,671,0.57,1.0178,5,0.565,1.0089,147,0
SPY190802C304,2019-07-31,2019-07-31 09:39:54,0.57,1.0178,315,0.56,1.0,1011,0.57,1.0178,5,0.565,1.0089,147,0
SPY190802C304,2019-07-31,2019-07-31 09:39:55,0.57,1.0178,315,0.56,1.0,903,0.57,1.0178,5,0.565,1.0089,147,0
SPY190802C304,2019-07-31,2019-07-31 09:39:55,0.57,1.0178,315,0.56,1.0,1011,0.57,1.0178,5,0.565,1.0089,147,0
SPY190802C304,2019-07-31,2019-07-31 09:39:56,0.57,1.0178,343,0.56,1.0,314,0.57,1.0178,5,0.565,1.0089,147,0
SPY190802C304,2019-07-31,2019-07-31 09:39:56,0.57,1.0178,377,0.56,1.0,314,0.57,1.0178,5,0.565,1.0089,147,0
SPY190802C304,2019-07-31,2019-07-31 09:39:57,0.57,1.0178,222,0.56,1.0,973,0.57,1.0178,5,0.565,1.0089,147,0
SPY190802C304,2019-07-31,2019-07-31 09:39:58,0.57,1.0178,277,0.56,1.0,704,0.57,1.0178,5,0.565,1.0089,147,0
SPY190802C304,2019-07-31,2019-07-31 09:39:59,0.57,1.0178,277,0.56,1.0,288,0.57,1.0178,5,0.565,1.0089,147,0
SPY190802C304,2019-07-31,2019-07-31 09:39:59,0.57,1.0178,401,0.56,1.0,749,0.57,1.0178,5,0.565,1.0089,147,0
SPY190802C304,2019-07-31,2019-07-31 09:40:00,0.57,1.0178,401,0.56,1.0,1096,0.57,1.0178,5,0.565,1.0089,147,0
SPY190802C304,2019-07-31,2019-07-31 09:40:00,0.57,1.0178,401,0.56,1.0,1464,0.57,1.0178,5,0.565,1.0089,147,0
SPY190802C304,2019-07-31,2019-07-31 09:40:01,0.57,1.0178,277,0.56,1.0,1096,0.57,1.0178,5,0.565,1.0089,147,0
SPY190802C304,2019-07-31,2019-07-31 09:40:02,0.57,1.0178,397,0.56,1.0,999,0.57,1.0178,5,0.565,1.0089,147,0
SPY190802C304,2019-07-31,2019-07-31 09:40:03,0.57,1.0178,397,0.56,1.0,1559,0.57,1.0178,5,0.565,1.0089,147,0
SPY190802C304,2019-07-31,2019-07-31 09:40:04,0.57,1.0178,63,0.56,1.0,1507,0.57,1.0178,5,0.565,1.0089,147,0
SPY190802C304,2019-07-31,2019-07-31 09:40:05,0.57,1.0178,105,0.56,1.0,1579,0.57,1.0178,5,0.565,1.0089,147,0
SPY190802C304,2019-07-31,2019-07-31 09:40:06,0.57,1.0178,143,0.56,1.0,1260,0.57,1.0178,5,0.565,1.0089,147,0
SPY190802C304,2019-07-31,2019-07-31 09:40:06,0.57,1.0178,116,0.56,1.0,1676,0.57,1.0178,5,0.565,1.0089,147,0
SPY190802C304,2019-07-31,2019-07-31 09:40:07,0.57,1.0178,145,0.56,1.0,1504,0.57,1.0178,5,0.565,1.0089,147,0
SPY190802C304,2019-07-31,2019-07-31 09:40:08,0.57,1.0178,213,0.56,1.0,2392,0.57,1.0178,5,0.565,1.0089,147,0
SPY190802C304,2019-07-31,2019-07-31 09:40:09,0.57,1.0178,110,0.56,1.0,2846,0.57,1.0178,5,0.565,1.0089,147,0
SPY190802C304,2019-07-31,2019-07-31 09:40:10,0.57,1.0178,60,0.56,1.0,3504,0.57,1.0178,5,0.565,1.0089,147,0
SPY190802C304,2019-07-31,2019-07-31 09:40:10,0.57,1.0178,24,0.56,1.0,3410,0.57,1.0178,5,0.565,1.0089,147,0
SPY190802C304,2019-07-31,2019-07-31 09:40:11,0.57,1.0178,24,0.56,1.0,3632,0.57,1.0178,5,0.565,1.0089,147,0
SPY190802C304,2019-07-31,2019-07-31 09:40:12,0.57,1.0178,134,0.56,1.0,1342,0.57,1.0178,5,0.565,1.0089,147,0
SPY190802C304,2019-07-31,2019-07-31 09:40:12,0.58,1.0357,872,0.56,1.0,3410,0.57,1.0178,5,0.57,1.0178,147,0
SPY190802C304,2019-07-31,2019-07-31 09:40:13,0.57,1.0178,134,0.56,1.0,1684,0.57,1.0178,5,0.565,1.0089,147,0
SPY190802C304,2019-07-31,2019-07-31 09:40:14,0.57,1.0178,10,0.56,1.0,989,0.57,1.0178,5,0.565,1.0089,147,0
SPY190802C304,2019-07-31,2019-07-31 09:40:15,0.57,1.0178,102,0.56,1.0,2306,0.57,1.0178,5,0.565,1.0089,147,0
SPY190802C304,2019-07-31,2019-07-31 09:40:15,0.57,1.0178,102,0.56,1.0,2855,0.57,1.0178,5,0.565,1.0089,147,0
SPY190802C304,2019-07-31,2019-07-31 09:40:16,0.57,1.0178,12,0.56,1.0,3076,0.57,1.0178,5,0.565,1.0089,147,0
SPY190802C304,2019-07-31,2019-07-31 09:40:17,0.57,1.0178,30,0.56,1.0,3137,0.57,1.0178,5,0.565,1.0089,147,0
SPY190802C304,2019-07-31,2019-07-31 09:40:18,0.57,1.0178,6,0.56,1.0,3137,0.57,1.0178,5,0.565,1.0089,147,0
SPY190802C304,2019-07-31,2019-07-31 09:40:18,0.57,1.0178,6,0.56,1.0,1010,0.57,1.0178,5,0.565,1.0089,147,0
SPY190802C304,2019-07-31,2019-07-31 09:40:19,0.57,1.0178,100,0.56,1.0,1318,0.57,1.0178,5,0.565,1.0089,147,0
SPY190802C304,2019-07-31,2019-07-31 09:40:19,0.57,1.0178,6,0.56,1.0,1148,0.57,1.0178,5,0.565,1.0089,147,0
SPY190802C304,2019-07-31,2019-07-31 09:40:20,0.57,1.0178,100,0.56,1.0,1318,0.57,1.0178,5,0.565,1.0089,147,0
SPY190802C304,2019-07-31,2019-07-31 09:40:20,0.57,1.0178,126,0.56,1.0,1914,0.57,1.0178,5,0.565,1.0089,147,0
SPY190802C304,2019-07-31,2019-07-31 09:40:21,0.57,1.0178,126,0.56,1.0,1914,0.57,1.0178,5,0.565,1.0089,147,0
SPY190802C304,2019-07-31,2019-07-31 09:40:22,0.57,1.0178,126,0.56,1.0,1148,0.57,1.0178,5,0.565,1.0089,147,0
SPY190802C304,2019-07-31,2019-07-31 09:40:23,0.57,1.0178,750,0.56,1.0,767,0.57,1.0178,5,0.565,1.0089,147,0
SPY190802C304,2019-07-31,2019-07-31 09:40:23,0.57,1.0178,514,0.56,1.0,963,0.57,1.0178,5,0.565,1.0089,147,0
SPY190802C304,2019-07-31,2019-07-31 09:40:24,0.57,1.0178,314,0.56,1.0,963,0.57,1.0178,5,0.565,1.0089,147,0
SPY190802C304,2019-07-31,2019-07-31 09:40:25,0.57,1.0178,255,0.56,1.0,1039,0.57,1.0178,5,0.565,1.0089,147,0
SPY190802C304,2019-07-31,2019-07-31 09:40:26,0.57,1.0178,255,0.56,1.0,1039,0.57,1.0178,5,0.565,1.0089,147,0
SPY190802C304,2019-07-31,2019-07-31 09:40:26,0.57,1.0178,422,0.56,1.0,1237,0.57,1.0178,5,0.565,1.0089,147,0
SPY190802C304,2019-07-31,2019-07-31 09:40:27,0.57,1.0178,224,0.56,1.0,1270,0.57,1.0178,5,0.565,1.0089,147,0
SPY190802C304,2019-07-31,2019-07-31 09:40:28,0.57,1.0178,224,0.56,1.0,1270,0.57,1.0178,5,0.565,1.0089,147,0
SPY190802C304,2019-07-31,2019-07-31 09:40:29,0.57,1.0178,121,0.56,1.0,1774,0.57,1.0178,5,0.565,1.0089,147,0
SPY190802C304,2019-07-31,2019-07-31 09:40:29,0.57,1.0178,224,0.56,1.0,1270,0.57,1.0178,5,0.565,1.0089,147,0
SPY190802C304,2019-07-31,2019-07-31 09:40:30,0.57,1.0178,121,0.56,1.0,1988,0.57,1.0178,5,0.565,1.0089,147,0
SPY190802C304,2019-07-31,2019-07-31 09:40:31,0.57,1.0178,8,0.56,1.0,2026,0.57,1.0178,5,0.565,1.0089,147,0
SPY190802C304,2019-07-31,2019-07-31 09:40:31,0.57,1.0178,121,0.56,1.0,1713,0.57,1.0178,5,0.565,1.0089,147,0
SPY190802C304,2019-07-31,2019-07-31 09:40:32,0.57,1.0178,8,0.56,1.0,2026,0.57,1.0178,5,0.565,1.0089,147,0
SPY190802C304,2019-07-31,2019-07-31 09:40:32,0.57,1.0178,12,0.56,1.0,2335,0.57,1.0178,5,0.565,1.0089,147,0
SPY190802C304,2019-07-31,2019-07-31 09:40:33,0.57,1.0178,12,0.56,1.0,2844,0.57,1.0178,5,0.565,1.0089,147,0
SPY190802C304,2019-07-31,2019-07-31 09:40:34,0.57,1.0178,12,0.56,1.0,2844,0.57,1.0178,5,0.565,1.0089,147,0
SPY190802C304,2019-07-31,2019-07-31 09:40:35,0.57,1.0178,12,0.56,1.0,3294,0.57,1.0178,5,0.565,1.0089,147,0
SPY190802C304,2019-07-31,2019-07-31 09:40:35,0.57,1.0178,12,0.56,1.0,2363,0.57,1.0178,5,0.565,1.0089,147,0
SPY190802C304,2019-07-31,2019-07-31 09:40:36,0.57,1.0178,12,0.56,1.0,2363,0.57,1.0178,5,0.565,1.0089,147,0
SPY190802C304,2019-07-31,2019-07-31 09:40:36,0.57,1.0178,12,0.56,1.0,3446,0.57,1.0178,5,0.565,1.0089,147,0
SPY190802C304,2019-07-31,2019-07-31 09:40:38,0.57,1.0178,18,0.56,1.0,3441,0.57,1.0178,5,0.565,1.0089,147,0
SPY190802C304,2019-07-31,2019-07-31 09:40:39,0.58,1.0357,1469,0.57,1.0178,733,0.57,1.0178,5,0.575,1.0267,147,0
SPY190802C304,2019-07-31,2019-07-31 09:40:40,0.58,1.0357,1399,0.57,1.0178,223,0.57,1.0178,5,0.575,1.0267,147,0
SPY190802C304,2019-07-31,2019-07-31 09:40:41,0.58,1.0357,1779,0.57,1.0178,703,0.57,1.0178,5,0.575,1.0267,147,0
SPY190802C304,2019-07-31,2019-07-31 09:40:41,0.58,1.0357,1779,0.57,1.0178,223,0.57,1.0178,5,0.575,1.0267,147,0
SPY190802C304,2019-07-31,2019-07-31 09:40:42,0.58,1.0357,1387,0.57,1.0178,217,0.57,1.0178,5,0.575,1.0267,147,0
SPY190802C304,2019-07-31,2019-07-31 09:40:42,0.58,1.0357,1177,0.57,1.0178,217,0.57,1.0178,5,0.575,1.0267,147,0
SPY190802C304,2019-07-31,2019-07-31 09:40:43,0.58,1.0357,1165,0.57,1.0178,135,0.57,1.0178,5,0.575,1.0267,147,0
SPY190802C304,2019-07-31,2019-07-31 09:40:44,0.58,1.0357,1165,0.57,1.0178,135,0.57,1.0178,5,0.575,1.0267,147,0
SPY190802C304,2019-07-31,2019-07-31 09:40:44,0.57,1.0178,6,0.57,1.0178,47,0.57,1.0178,3,0.57,1.0178,155,8
SPY190802C304,2019-07-31,2019-07-31 09:40:45,0.57,1.0178,152,0.56,1.0,1827,0.57,1.0178,3,0.565,1.0089,155,0
SPY190802C304,2019-07-31,2019-07-31 09:40:46,0.57,1.0178,100,0.56,1.0,1610,0.57,1.0178,3,0.565,1.0089,155,0
SPY190802C304,2019-07-31,2019-07-31 09:40:46,0.57,1.0178,10,0.56,1.0,1791,0.57,1.0178,3,0.565,1.0089,155,0
SPY190802C304,2019-07-31,2019-07-31 09:40:47,0.57,1.0178,149,0.56,1.0,2026,0.57,1.0178,3,0.565,1.0089,155,0
SPY190802C304,2019-07-31,2019-07-31 09:40:47,0.57,1.0178,100,0.56,1.0,1684,0.57,1.0178,3,0.565,1.0089,155,0
SPY190802C304,2019-07-31,2019-07-31 09:40:48,0.57,1.0178,151,0.56,1.0,1707,0.57,1.0178,3,0.565,1.0089,155,0
SPY190802C304,2019-07-31,2019-07-31 09:40:49,0.57,1.0178,100,0.56,1.0,2291,0.57,1.0178,3,0.565,1.0089,155,0
SPY190802C304,2019-07-31,2019-07-31 09:40:50,0.57,1.0178,100,0.56,1.0,2291,0.57,1.0178,3,0.565,1.0089,155,0
SPY190802C304,2019-07-31,2019-07-31 09:40:50,0.57,1.0178,142,0.56,1.0,2291,0.57,1.0178,3,0.565,1.0089,155,0
SPY190802C304,2019-07-31,2019-07-31 09:40:51,0.57,1.0178,142,0.56,1.0,1903,0.57,1.0178,3,0.565,1.0089,155,0
SPY190802C304,2019-07-31,2019-07-31 09:40:52,0.57,1.0178,100,0.56,1.0,2843,0.57,1.0178,3,0.565,1.0089,155,0
SPY190802C304,2019-07-31,2019-07-31 09:40:53,0.57,1.0178,56,0.56,1.0,2621,0.57,1.0178,3,0.565,1.0089,155,0
SPY190802C304,2019-07-31,2019-07-31 09:40:54,0.57,1.0178,6,0.56,1.0,2913,0.57,1.0178,3,0.565,1.0089,155,0
SPY190802C304,2019-07-31,2019-07-31 09:40:54,0.57,1.0178,6,0.56,1.0,3411,0.57,1.0178,3,0.565,1.0089,155,0
SPY190802C304,2019-07-31,2019-07-31 09:40:55,0.58,1.0357,662,0.57,1.0178,5,0.57,1.0178,3,0.575,1.0267,155,0
SPY190802C304,2019-07-31,2019-07-31 09:40:56,0.58,1.0357,928,0.57,1.0178,5,0.57,1.0178,3,0.575,1.0267,155,0
SPY190802C304,2019-07-31,2019-07-31 09:40:56,0.58,1.0357,1241,0.57,1.0178,5,0.57,1.0178,3,0.575,1.0267,155,0
SPY190802C304,2019-07-31,2019-07-31 09:40:57,0.58,1.0357,1241,0.57,1.0178,5,0.57,1.0178,3,0.575,1.0267,155,0
SPY190802C304,2019-07-31,2019-07-31 09:40:58,0.58,1.0357,1064,0.56,1.0,919,0.57,1.0178,3,0.57,1.0178,155,0
SPY190802C304,2019-07-31,2019-07-31 09:40:58,0.58,1.0357,1241,0.57,1.0178,100,0.57,1.0178,3,0.575,1.0267,155,0
SPY190802C304,2019-07-31,2019-07-31 09:40:59,0.58,1.0357,1451,0.56,1.0,2623,0.57,1.0178,3,0.57,1.0178,155,0
SPY190802C304,2019-07-31,2019-07-31 09:41:00,0.57,1.0178,10,0.56,1.0,2203,0.57,1.0178,3,0.565,1.0089,155,0
