symbol,Date,quote_time,ask_price,norm_ask_price,ask_size,bid_price,norm_bid_price,bid_size,last_trade_price,norm_last_trade_price,last_trade_size,mark_price,norm_mark_price,volume,Volume
IWM191129C161,2019-11-25,2019-11-25 09:30:00,0.15,1.0,195,0.07,0.4666,500,0.15,1.0,3,0.11,0.7333,3,3
IWM191129C161,2019-11-25,2019-11-25 09:30:01,0.15,1.0,3,0.11,0.7333,75,0.15,1.0,3,0.13,0.8666,3,0
IWM191129C161,2019-11-25,2019-11-25 09:30:02,0.15,1.0,3,0.11,0.7333,85,0.12,0.8,1,0.13,0.8666,4,1
IWM191129C161,2019-11-25,2019-11-25 09:30:03,0.15,1.0,3,0.11,0.7333,260,0.12,0.8,1,0.13,0.8666,4,0
IWM191129C161,2019-11-25,2019-11-25 09:30:04,0.15,1.0,3,0.12,0.8,1,0.12,0.8,1,0.135,0.9,4,0
IWM191129C161,2019-11-25,2019-11-25 09:30:04,0.15,1.0,3,0.11,0.7333,90,0.12,0.8,1,0.13,0.8666,4,0
IWM191129C161,2019-11-25,2019-11-25 09:30:05,0.15,1.0,3,0.11,0.7333,122,0.12,0.8,1,0.13,0.8666,4,0
IWM191129C161,2019-11-25,2019-11-25 09:30:06,0.15,1.0,75,0.12,0.8,122,0.12,0.8,1,0.135,0.9,4,0
IWM191129C161,2019-11-25,2019-11-25 09:30:06,0.15,1.0,75,0.11,0.7333,717,0.12,0.8,1,0.13,0.8666,4,0
IWM191129C161,2019-11-25,2019-11-25 09:30:07,0.15,1.0,311,0.12,0.8,122,0.12,0.8,1,0.135,0.9,4,0
IWM191129C161,2019-11-25,2019-11-25 09:30:07,0.15,1.0,75,0.12,0.8,122,0.12,0.8,1,0.135,0.9,4,0
IWM191129C161,2019-11-25,2019-11-25 09:30:08,0.15,1.0,543,0.11,0.7333,723,0.12,0.8,1,0.13,0.8666,4,0
IWM191129C161,2019-11-25,2019-11-25 09:30:09,0.15,1.0,608,0.12,0.8,93,0.12,0.8,1,0.135,0.9,4,0
IWM191129C161,2019-11-25,2019-11-25 09:30:09,0.15,1.0,608,0.11,0.7333,723,0.12,0.8,1,0.13,0.8666,4,0
IWM191129C161,2019-11-25,2019-11-25 09:30:10,0.15,1.0,608,0.12,0.8,93,0.12,0.8,1,0.135,0.9,4,0
IWM191129C161,2019-11-25,2019-11-25 09:30:10,0.15,1.0,404,0.12,0.8,127,0.12,0.8,1,0.135,0.9,4,0
IWM191129C161,2019-11-25,2019-11-25 09:30:11,0.15,1.0,308,0.12,0.8,127,0.12,0.8,1,0.135,0.9,4,0
IWM191129C161,2019-11-25,2019-11-25 09:30:12,0.15,1.0,436,0.12,0.8,127,0.12,0.8,1,0.135,0.9,4,0
IWM191129C161,2019-11-25,2019-11-25 09:30:12,0.15,1.0,461,0.12,0.8,127,0.12,0.8,1,0.135,0.9,4,0
IWM191129C161,2019-11-25,2019-11-25 09:30:13,0.15,1.0,308,0.12,0.8,127,0.12,0.8,1,0.135,0.9,4,0
IWM191129C161,2019-11-25,2019-11-25 09:30:13,0.14,0.9333,311,0.11,0.7333,152,0.12,0.8,1,0.125,0.8333,4,0
IWM191129C161,2019-11-25,2019-11-25 09:30:14,0.13,0.8666,21,0.11,0.7333,480,0.12,0.8,1,0.12,0.8,4,0
IWM191129C161,2019-11-25,2019-11-25 09:30:14,0.13,0.8666,21,0.11,0.7333,945,0.12,0.8,1,0.12,0.8,4,0
IWM191129C161,2019-11-25,2019-11-25 09:30:15,0.14,0.9333,373,0.11,0.7333,945,0.12,0.8,1,0.125,0.8333,4,0
IWM191129C161,2019-11-25,2019-11-25 09:30:16,0.14,0.9333,371,0.11,0.7333,511,0.12,0.8,1,0.125,0.8333,4,0
IWM191129C161,2019-11-25,2019-11-25 09:30:16,0.14,0.9333,371,0.11,0.7333,488,0.12,0.8,1,0.125,0.8333,4,0
IWM191129C161,2019-11-25,2019-11-25 09:30:17,0.14,0.9333,371,0.11,0.7333,553,0.12,0.8,1,0.125,0.8333,4,0
IWM191129C161,2019-11-25,2019-11-25 09:30:17,0.14,0.9333,464,0.11,0.7333,488,0.12,0.8,1,0.125,0.8333,4,0
IWM191129C161,2019-11-25,2019-11-25 09:30:18,0.14,0.9333,549,0.11,0.7333,892,0.12,0.8,1,0.125,0.8333,4,0
IWM191129C161,2019-11-25,2019-11-25 09:30:19,0.14,0.9333,549,0.11,0.7333,892,0.12,0.8,1,0.125,0.8333,4,0
IWM191129C161,2019-11-25,2019-11-25 09:30:19,0.14,0.9333,549,0.11,0.7333,978,0.12,0.8,1,0.125,0.8333,4,0
IWM191129C161,2019-11-25,2019-11-25 09:30:20,0.14,0.9333,371,0.11,0.7333,703,0.12,0.8,1,0.125,0.8333,4,0
IWM191129C161,2019-11-25,2019-11-25 09:30:20,0.14,0.9333,549,0.11,0.7333,978,0.12,0.8,1,0.125,0.8333,4,0
IWM191129C161,2019-11-25,2019-11-25 09:30:21,0.14,0.9333,120,0.12,0.8,756,0.12,0.8,1,0.13,0.8666,4,0
IWM191129C161,2019-11-25,2019-11-25 09:30:21,0.14,0.9333,120,0.12,0.8,225,0.12,0.8,1,0.13,0.8666,4,0
IWM191129C161,2019-11-25,2019-11-25 09:30:22,0.14,0.9333,117,0.12,0.8,67,0.12,0.8,1,0.13,0.8666,4,0
IWM191129C161,2019-11-25,2019-11-25 09:30:22,0.14,0.9333,120,0.12,0.8,68,0.12,0.8,1,0.13,0.8666,4,0
IWM191129C161,2019-11-25,2019-11-25 09:30:23,0.14,0.9333,117,0.11,0.7333,781,0.12,0.8,1,0.125,0.8333,4,0
IWM191129C161,2019-11-25,2019-11-25 09:30:24,0.14,0.9333,437,0.11,0.7333,1041,0.12,0.8,1,0.125,0.8333,4,0
IWM191129C161,2019-11-25,2019-11-25 09:30:25,0.14,0.9333,794,0.11,0.7333,1504,0.12,0.8,1,0.125,0.8333,4,0
IWM191129C161,2019-11-25,2019-11-25 09:30:26,0.14,0.9333,851,0.11,0.7333,1641,0.12,0.8,1,0.125,0.8333,4,0
IWM191129C161,2019-11-25,2019-11-25 09:30:26,0.14,0.9333,794,0.11,0.7333,1504,0.12,0.8,1,0.125,0.8333,4,0
IWM191129C161,2019-11-25,2019-11-25 09:30:27,0.14,0.9333,852,0.11,0.7333,1641,0.12,0.8,1,0.125,0.8333,4,0
IWM191129C161,2019-11-25,2019-11-25 09:30:28,0.14,0.9333,852,0.11,0.7333,1641,0.12,0.8,1,0.125,0.8333,4,0
IWM191129C161,2019-11-25,2019-11-25 09:30:29,0.14,0.9333,852,0.11,0.7333,1641,0.12,0.8,1,0.125,0.8333,4,0
IWM191129C161,2019-11-25,2019-11-25 09:30:30,0.14,0.9333,852,0.11,0.7333,1641,0.12,0.8,1,0.125,0.8333,4,0
IWM191129C161,2019-11-25,2019-11-25 09:30:30,0.13,0.8666,143,0.11,0.7333,1641,0.12,0.8,1,0.12,0.8,4,0
IWM191129C161,2019-11-25,2019-11-25 09:30:31,0.13,0.8666,85,0.11,0.7333,1641,0.12,0.8,1,0.12,0.8,4,0
IWM191129C161,2019-11-25,2019-11-25 09:30:31,0.13,0.8666,132,0.11,0.7333,1604,0.12,0.8,1,0.12,0.8,4,0
IWM191129C161,2019-11-25,2019-11-25 09:30:32,0.13,0.8666,132,0.11,0.7333,1604,0.12,0.8,1,0.12,0.8,4,0
IWM191129C161,2019-11-25,2019-11-25 09:30:33,0.13,0.8666,132,0.11,0.7333,1702,0.12,0.8,1,0.12,0.8,4,0
IWM191129C161,2019-11-25,2019-11-25 09:30:33,0.13,0.8666,70,0.11,0.7333,1702,0.12,0.8,1,0.12,0.8,4,0
IWM191129C161,2019-11-25,2019-11-25 09:30:34,0.13,0.8666,70,0.11,0.7333,1702,0.12,0.8,1,0.12,0.8,4,0
IWM191129C161,2019-11-25,2019-11-25 09:30:34,0.13,0.8666,47,0.11,0.7333,1702,0.12,0.8,1,0.12,0.8,4,0
IWM191129C161,2019-11-25,2019-11-25 09:30:35,0.13,0.8666,47,0.11,0.7333,1702,0.12,0.8,1,0.12,0.8,4,0
IWM191129C161,2019-11-25,2019-11-25 09:30:36,0.13,0.8666,47,0.11,0.7333,1702,0.12,0.8,1,0.12,0.8,4,0
IWM191129C161,2019-11-25,2019-11-25 09:30:37,0.13,0.8666,47,0.11,0.7333,1710,0.12,0.8,1,0.12,0.8,4,0
IWM191129C161,2019-11-25,2019-11-25 09:30:37,0.13,0.8666,47,0.11,0.7333,1768,0.12,0.8,1,0.12,0.8,4,0
IWM191129C161,2019-11-25,2019-11-25 09:30:38,0.13,0.8666,20,0.11,0.7333,1063,0.12,0.8,1,0.12,0.8,4,0
IWM191129C161,2019-11-25,2019-11-25 09:30:38,0.13,0.8666,11,0.11,0.7333,1277,0.12,0.8,1,0.12,0.8,4,0
IWM191129C161,2019-11-25,2019-11-25 09:30:39,0.13,0.8666,11,0.11,0.7333,1277,0.12,0.8,1,0.12,0.8,4,0
IWM191129C161,2019-11-25,2019-11-25 09:30:40,0.13,0.8666,11,0.11,0.7333,1178,0.12,0.8,1,0.12,0.8,4,0
IWM191129C161,2019-11-25,2019-11-25 09:30:41,0.13,0.8666,11,0.11,0.7333,1178,0.12,0.8,1,0.12,0.8,4,0
IWM191129C161,2019-11-25,2019-11-25 09:30:42,0.13,0.8666,11,0.11,0.7333,1186,0.12,0.8,1,0.12,0.8,4,0
IWM191129C161,2019-11-25,2019-11-25 09:30:43,0.13,0.8666,20,0.11,0.7333,1995,0.12,0.8,1,0.12,0.8,4,0
IWM191129C161,2019-11-25,2019-11-25 09:30:43,0.13,0.8666,11,0.11,0.7333,1815,0.12,0.8,1,0.12,0.8,4,0
IWM191129C161,2019-11-25,2019-11-25 09:30:44,0.13,0.8666,20,0.11,0.7333,2355,0.12,0.8,1,0.12,0.8,4,0
IWM191129C161,2019-11-25,2019-11-25 09:30:45,0.14,0.9333,983,0.11,0.7333,529,0.12,0.8,1,0.125,0.8333,4,0
IWM191129C161,2019-11-25,2019-11-25 09:30:45,0.14,0.9333,1080,0.11,0.7333,2247,0.12,0.8,1,0.125,0.8333,4,0
IWM191129C161,2019-11-25,2019-11-25 09:30:46,0.14,0.9333,1080,0.11,0.7333,2091,0.12,0.8,1,0.125,0.8333,4,0
IWM191129C161,2019-11-25,2019-11-25 09:30:47,0.14,0.9333,1080,0.11,0.7333,2091,0.12,0.8,1,0.125,0.8333,4,0
IWM191129C161,2019-11-25,2019-11-25 09:30:48,0.14,0.9333,1080,0.11,0.7333,2092,0.12,0.8,1,0.125,0.8333,4,0
IWM191129C161,2019-11-25,2019-11-25 09:30:49,0.14,0.9333,601,0.11,0.7333,1411,0.12,0.8,1,0.125,0.8333,4,0
IWM191129C161,2019-11-25,2019-11-25 09:30:49,0.14,0.9333,601,0.11,0.7333,1591,0.12,0.8,1,0.125,0.8333,4,0
IWM191129C161,2019-11-25,2019-11-25 09:30:50,0.14,0.9333,601,0.11,0.7333,1591,0.12,0.8,1,0.125,0.8333,4,0
IWM191129C161,2019-11-25,2019-11-25 09:30:51,0.14,0.9333,601,0.11,0.7333,1411,0.12,0.8,1,0.125,0.8333,4,0
IWM191129C161,2019-11-25,2019-11-25 09:30:52,0.14,0.9333,941,0.11,0.7333,1411,0.12,0.8,1,0.125,0.8333,4,0
IWM191129C161,2019-11-25,2019-11-25 09:30:52,0.14,0.9333,601,0.11,0.7333,1410,0.12,0.8,1,0.125,0.8333,4,0
IWM191129C161,2019-11-25,2019-11-25 09:30:53,0.14,0.9333,949,0.11,0.7333,1411,0.12,0.8,1,0.125,0.8333,4,0
IWM191129C161,2019-11-25,2019-11-25 09:30:54,0.14,0.9333,949,0.11,0.7333,1411,0.12,0.8,1,0.125,0.8333,4,0
IWM191129C161,2019-11-25,2019-11-25 09:30:54,0.14,0.9333,1175,0.11,0.7333,1410,0.12,0.8,1,0.125,0.8333,4,0
IWM191129C161,2019-11-25,2019-11-25 09:30:55,0.14,0.9333,1175,0.11,0.7333,1333,0.12,0.8,1,0.125,0.8333,4,0
IWM191129C161,2019-11-25,2019-11-25 09:30:55,0.14,0.9333,518,0.11,0.7333,585,0.12,0.8,1,0.125,0.8333,4,0
IWM191129C161,2019-11-25,2019-11-25 09:30:56,0.14,0.9333,858,0.11,0.7333,632,0.12,0.8,1,0.125,0.8333,4,0
IWM191129C161,2019-11-25,2019-11-25 09:30:56,0.14,0.9333,584,0.12,0.8,1,0.12,0.8,1,0.13,0.8666,4,0
IWM191129C161,2019-11-25,2019-11-25 09:30:57,0.14,0.9333,847,0.12,0.8,1,0.12,0.8,1,0.13,0.8666,4,0
IWM191129C161,2019-11-25,2019-11-25 09:30:58,0.14,0.9333,997,0.12,0.8,10,0.12,0.8,1,0.13,0.8666,4,0
IWM191129C161,2019-11-25,2019-11-25 09:30:58,0.14,0.9333,988,0.12,0.8,10,0.12,0.8,1,0.13,0.8666,4,0
IWM191129C161,2019-11-25,2019-11-25 09:30:59,0.14,0.9333,940,0.11,0.7333,1069,0.12,0.8,1,0.125,0.8333,4,0
IWM191129C161,2019-11-25,2019-11-25 09:30:59,0.14,0.9333,998,0.11,0.7333,1049,0.12,0.8,1,0.125,0.8333,4,0
IWM191129C161,2019-11-25,2019-11-25 09:31:00,0.14,0.9333,940,0.11,0.7333,1018,0.12,0.8,1,0.125,0.8333,4,0
IWM191129C161,2019-11-25,2019-11-25 09:31:00,0.14,0.9333,940,0.11,0.7333,1003,0.12,0.8,1,0.125,0.8333,4,0
IWM191129C161,2019-11-25,2019-11-25 09:31:01,0.14,0.9333,550,0.11,0.7333,1018,0.12,0.8,1,0.125,0.8333,4,0
IWM191129C161,2019-11-25,2019-11-25 09:31:01,0.13,0.8666,186,0.11,0.7333,1018,0.12,0.8,1,0.12,0.8,4,0
IWM191129C161,2019-11-25,2019-11-25 09:31:02,0.13,0.8666,378,0.11,0.7333,1018,0.12,0.8,1,0.12,0.8,4,0
IWM191129C161,2019-11-25,2019-11-25 09:31:03,0.13,0.8666,379,0.11,0.7333,1018,0.12,0.8,1,0.12,0.8,4,0
IWM191129C161,2019-11-25,2019-11-25 09:31:03,0.13,0.8666,544,0.11,0.7333,1017,0.12,0.8,1,0.12,0.8,4,0
IWM191129C161,2019-11-25,2019-11-25 09:31:04,0.13,0.8666,544,0.11,0.7333,1017,0.12,0.8,1,0.12,0.8,4,0
IWM191129C161,2019-11-25,2019-11-25 09:31:05,0.13,0.8666,544,0.11,0.7333,1017,0.12,0.8,1,0.12,0.8,4,0
IWM191129C161,2019-11-25,2019-11-25 09:31:06,0.13,0.8666,544,0.11,0.7333,1017,0.12,0.8,1,0.12,0.8,4,0
IWM191129C161,2019-11-25,2019-11-25 09:31:07,0.13,0.8666,232,0.12,0.8,23,0.12,0.8,1,0.125,0.8333,4,0
IWM191129C161,2019-11-25,2019-11-25 09:31:07,0.13,0.8666,321,0.12,0.8,23,0.12,0.8,1,0.125,0.8333,4,0
IWM191129C161,2019-11-25,2019-11-25 09:31:08,0.13,0.8666,339,0.12,0.8,23,0.12,0.8,1,0.125,0.8333,4,0
IWM191129C161,2019-11-25,2019-11-25 09:31:09,0.13,0.8666,339,0.12,0.8,23,0.12,0.8,1,0.125,0.8333,4,0
IWM191129C161,2019-11-25,2019-11-25 09:31:09,0.13,0.8666,696,0.12,0.8,23,0.12,0.8,1,0.125,0.8333,4,0
IWM191129C161,2019-11-25,2019-11-25 09:31:10,0.13,0.8666,1110,0.12,0.8,23,0.12,0.8,1,0.125,0.8333,4,0
IWM191129C161,2019-11-25,2019-11-25 09:31:10,0.13,0.8666,928,0.12,0.8,23,0.12,0.8,1,0.125,0.8333,4,0
IWM191129C161,2019-11-25,2019-11-25 09:31:11,0.13,0.8666,1270,0.12,0.8,23,0.12,0.8,1,0.125,0.8333,4,0
IWM191129C161,2019-11-25,2019-11-25 09:31:12,0.13,0.8666,874,0.11,0.7333,416,0.12,0.8,1,0.12,0.8,4,0
IWM191129C161,2019-11-25,2019-11-25 09:31:12,0.13,0.8666,1015,0.11,0.7333,416,0.12,0.8,1,0.12,0.8,4,0
IWM191129C161,2019-11-25,2019-11-25 09:31:13,0.13,0.8666,1199,0.11,0.7333,416,0.12,0.8,1,0.12,0.8,4,0
IWM191129C161,2019-11-25,2019-11-25 09:31:13,0.13,0.8666,658,0.11,0.7333,416,0.12,0.8,1,0.12,0.8,4,0
IWM191129C161,2019-11-25,2019-11-25 09:31:14,0.13,0.8666,1251,0.12,0.8,23,0.12,0.8,1,0.125,0.8333,4,0
IWM191129C161,2019-11-25,2019-11-25 09:31:15,0.13,0.8666,1304,0.11,0.7333,211,0.12,0.8,1,0.12,0.8,4,0
IWM191129C161,2019-11-25,2019-11-25 09:31:15,0.13,0.8666,1304,0.11,0.7333,138,0.12,0.8,1,0.12,0.8,4,0
IWM191129C161,2019-11-25,2019-11-25 09:31:16,0.13,0.8666,1304,0.11,0.7333,552,0.12,0.8,1,0.12,0.8,4,0
IWM191129C161,2019-11-25,2019-11-25 09:31:17,0.13,0.8666,1304,0.11,0.7333,409,0.12,0.8,1,0.12,0.8,4,0
IWM191129C161,2019-11-25,2019-11-25 09:31:17,0.13,0.8666,1304,0.11,0.7333,466,0.12,0.8,1,0.12,0.8,4,0
IWM191129C161,2019-11-25,2019-11-25 09:31:18,0.13,0.8666,616,0.11,0.7333,466,0.12,0.8,1,0.12,0.8,4,0
IWM191129C161,2019-11-25,2019-11-25 09:31:18,0.13,0.8666,594,0.11,0.7333,126,0.12,0.8,1,0.12,0.8,4,0
IWM191129C161,2019-11-25,2019-11-25 09:31:19,0.12,0.8,9,0.11,0.7333,10,0.12,0.8,1,0.115,0.7666,4,0
IWM191129C161,2019-11-25,2019-11-25 09:31:19,0.12,0.8,23,0.1,0.6666,507,0.12,0.8,1,0.11,0.7333,4,0
IWM191129C161,2019-11-25,2019-11-25 09:31:20,0.12,0.8,234,0.11,0.7333,11,0.12,0.8,1,0.115,0.7666,4,0
IWM191129C161,2019-11-25,2019-11-25 09:31:20,0.12,0.8,159,0.11,0.7333,11,0.12,0.8,1,0.115,0.7666,4,0
IWM191129C161,2019-11-25,2019-11-25 09:31:21,0.12,0.8,242,0.11,0.7333,11,0.12,0.8,1,0.115,0.7666,4,0
IWM191129C161,2019-11-25,2019-11-25 09:31:21,0.12,0.8,391,0.1,0.6666,1123,0.12,0.8,1,0.11,0.7333,4,0
IWM191129C161,2019-11-25,2019-11-25 09:31:22,0.12,0.8,391,0.11,0.7333,15,0.12,0.8,1,0.115,0.7666,4,0
IWM191129C161,2019-11-25,2019-11-25 09:31:22,0.12,0.8,383,0.11,0.7333,11,0.12,0.8,1,0.115,0.7666,4,0
IWM191129C161,2019-11-25,2019-11-25 09:31:23,0.12,0.8,383,0.11,0.7333,11,0.12,0.8,1,0.115,0.7666,4,0
IWM191129C161,2019-11-25,2019-11-25 09:31:24,0.12,0.8,383,0.1,0.6666,919,0.12,0.8,1,0.11,0.7333,4,0
IWM191129C161,2019-11-25,2019-11-25 09:31:24,0.12,0.8,383,0.11,0.7333,11,0.12,0.8,1,0.115,0.7666,4,0
IWM191129C161,2019-11-25,2019-11-25 09:31:25,0.13,0.8666,445,0.11,0.7333,98,0.12,0.8,1,0.12,0.8,4,0
IWM191129C161,2019-11-25,2019-11-25 09:31:25,0.12,0.8,34,0.11,0.7333,15,0.12,0.8,1,0.115,0.7666,4,0
IWM191129C161,2019-11-25,2019-11-25 09:31:26,0.13,0.8666,445,0.11,0.7333,171,0.12,0.8,1,0.12,0.8,4,0
IWM191129C161,2019-11-25,2019-11-25 09:31:26,0.12,0.8,14,0.11,0.7333,171,0.12,0.8,1,0.115,0.7666,4,0
IWM191129C161,2019-11-25,2019-11-25 09:31:27,0.12,0.8,14,0.11,0.7333,113,0.12,0.8,1,0.115,0.7666,4,0
IWM191129C161,2019-11-25,2019-11-25 09:31:28,0.13,0.8666,350,0.11,0.7333,113,0.12,0.8,1,0.12,0.8,4,0
IWM191129C161,2019-11-25,2019-11-25 09:31:28,0.12,0.8,14,0.11,0.7333,113,0.12,0.8,1,0.115,0.7666,4,0
IWM191129C161,2019-11-25,2019-11-25 09:31:29,0.13,0.8666,350,0.11,0.7333,130,0.12,0.8,1,0.12,0.8,4,0
IWM191129C161,2019-11-25,2019-11-25 09:31:30,0.13,0.8666,575,0.11,0.7333,356,0.12,0.8,1,0.12,0.8,4,0
IWM191129C161,2019-11-25,2019-11-25 09:31:30,0.13,0.8666,471,0.11,0.7333,308,0.12,0.8,1,0.12,0.8,4,0
IWM191129C161,2019-11-25,2019-11-25 09:31:31,0.13,0.8666,565,0.11,0.7333,356,0.12,0.8,1,0.12,0.8,4,0
IWM191129C161,2019-11-25,2019-11-25 09:31:31,0.13,0.8666,471,0.11,0.7333,537,0.12,0.8,1,0.12,0.8,4,0
IWM191129C161,2019-11-25,2019-11-25 09:31:32,0.13,0.8666,548,0.11,0.7333,705,0.12,0.8,1,0.12,0.8,4,0
IWM191129C161,2019-11-25,2019-11-25 09:31:32,0.12,0.8,18,0.11,0.7333,705,0.12,0.8,1,0.115,0.7666,4,0
IWM191129C161,2019-11-25,2019-11-25 09:31:33,0.12,0.8,18,0.11,0.7333,705,0.12,0.8,1,0.115,0.7666,4,0
IWM191129C161,2019-11-25,2019-11-25 09:31:34,0.12,0.8,18,0.11,0.7333,654,0.12,0.8,1,0.115,0.7666,4,0
IWM191129C161,2019-11-25,2019-11-25 09:31:35,0.12,0.8,18,0.11,0.7333,654,0.12,0.8,1,0.115,0.7666,4,0
IWM191129C161,2019-11-25,2019-11-25 09:31:36,0.13,0.8666,470,0.11,0.7333,782,0.12,0.8,1,0.12,0.8,4,0
IWM191129C161,2019-11-25,2019-11-25 09:31:36,0.13,0.8666,409,0.11,0.7333,783,0.12,0.8,1,0.12,0.8,4,0
IWM191129C161,2019-11-25,2019-11-25 09:31:37,0.13,0.8666,409,0.11,0.7333,782,0.12,0.8,1,0.12,0.8,4,0
IWM191129C161,2019-11-25,2019-11-25 09:31:38,0.13,0.8666,235,0.11,0.7333,782,0.12,0.8,1,0.12,0.8,4,0
IWM191129C161,2019-11-25,2019-11-25 09:31:38,0.13,0.8666,160,0.11,0.7333,870,0.12,0.8,1,0.12,0.8,4,0
IWM191129C161,2019-11-25,2019-11-25 09:31:39,0.13,0.8666,123,0.12,0.8,7,0.12,0.8,1,0.125,0.8333,4,0
IWM191129C161,2019-11-25,2019-11-25 09:31:39,0.13,0.8666,381,0.11,0.7333,782,0.12,0.8,1,0.12,0.8,4,0
IWM191129C161,2019-11-25,2019-11-25 09:31:40,0.13,0.8666,123,0.12,0.8,18,0.12,0.8,1,0.125,0.8333,4,0
IWM191129C161,2019-11-25,2019-11-25 09:31:40,0.13,0.8666,198,0.12,0.8,30,0.12,0.8,1,0.125,0.8333,4,0
IWM191129C161,2019-11-25,2019-11-25 09:31:41,0.13,0.8666,90,0.12,0.8,17,0.12,0.8,1,0.125,0.8333,4,0
IWM191129C161,2019-11-25,2019-11-25 09:31:41,0.13,0.8666,198,0.12,0.8,7,0.12,0.8,1,0.125,0.8333,4,0
IWM191129C161,2019-11-25,2019-11-25 09:31:42,0.13,0.8666,132,0.12,0.8,3,0.12,0.8,1,0.125,0.8333,4,0
IWM191129C161,2019-11-25,2019-11-25 09:31:42,0.13,0.8666,380,0.12,0.8,19,0.12,0.8,1,0.125,0.8333,4,0
IWM191129C161,2019-11-25,2019-11-25 09:31:43,0.13,0.8666,90,0.12,0.8,46,0.12,0.8,1,0.125,0.8333,4,0
IWM191129C161,2019-11-25,2019-11-25 09:31:43,0.13,0.8666,89,0.12,0.8,30,0.12,0.8,1,0.125,0.8333,4,0
IWM191129C161,2019-11-25,2019-11-25 09:31:44,0.13,0.8666,89,0.12,0.8,30,0.12,0.8,1,0.125,0.8333,4,0
IWM191129C161,2019-11-25,2019-11-25 09:31:44,0.13,0.8666,89,0.12,0.8,45,0.12,0.8,1,0.125,0.8333,4,0
IWM191129C161,2019-11-25,2019-11-25 09:31:45,0.13,0.8666,90,0.12,0.8,53,0.12,0.8,1,0.125,0.8333,4,0
IWM191129C161,2019-11-25,2019-11-25 09:31:46,0.14,0.9333,723,0.12,0.8,88,0.12,0.8,1,0.13,0.8666,4,0
IWM191129C161,2019-11-25,2019-11-25 09:31:46,0.13,0.8666,90,0.12,0.8,26,0.12,0.8,1,0.125,0.8333,4,0
IWM191129C161,2019-11-25,2019-11-25 09:31:47,0.14,0.9333,630,0.12,0.8,160,0.12,0.8,1,0.13,0.8666,4,0
IWM191129C161,2019-11-25,2019-11-25 09:31:47,0.14,0.9333,630,0.12,0.8,72,0.12,0.8,1,0.13,0.8666,4,0
IWM191129C161,2019-11-25,2019-11-25 09:31:48,0.13,0.8666,26,0.12,0.8,180,0.12,0.8,1,0.125,0.8333,4,0
IWM191129C161,2019-11-25,2019-11-25 09:31:48,0.13,0.8666,150,0.11,0.7333,1463,0.12,0.8,1,0.12,0.8,4,0
IWM191129C161,2019-11-25,2019-11-25 09:31:49,0.13,0.8666,1,0.12,0.8,95,0.12,0.8,1,0.125,0.8333,4,0
IWM191129C161,2019-11-25,2019-11-25 09:31:49,0.14,0.9333,525,0.12,0.8,103,0.12,0.8,1,0.13,0.8666,4,0
IWM191129C161,2019-11-25,2019-11-25 09:31:50,0.14,0.9333,685,0.12,0.8,103,0.12,0.8,1,0.13,0.8666,4,0
IWM191129C161,2019-11-25,2019-11-25 09:31:51,0.14,0.9333,681,0.12,0.8,273,0.12,0.8,1,0.13,0.8666,4,0
IWM191129C161,2019-11-25,2019-11-25 09:31:51,0.13,0.8666,9,0.12,0.8,92,0.12,0.8,1,0.125,0.8333,4,0
IWM191129C161,2019-11-25,2019-11-25 09:31:52,0.13,0.8666,23,0.12,0.8,92,0.12,0.8,1,0.125,0.8333,4,0
IWM191129C161,2019-11-25,2019-11-25 09:31:53,0.13,0.8666,23,0.12,0.8,159,0.12,0.8,1,0.125,0.8333,4,0
IWM191129C161,2019-11-25,2019-11-25 09:31:53,0.13,0.8666,23,0.12,0.8,92,0.12,0.8,1,0.125,0.8333,4,0
IWM191129C161,2019-11-25,2019-11-25 09:31:54,0.13,0.8666,23,0.12,0.8,159,0.12,0.8,1,0.125,0.8333,4,0
IWM191129C161,2019-11-25,2019-11-25 09:31:55,0.13,0.8666,23,0.12,0.8,167,0.12,0.8,1,0.125,0.8333,4,0
IWM191129C161,2019-11-25,2019-11-25 09:31:56,0.14,0.9333,494,0.12,0.8,419,0.12,0.8,1,0.13,0.8666,4,0
IWM191129C161,2019-11-25,2019-11-25 09:31:56,0.14,0.9333,495,0.12,0.8,241,0.12,0.8,1,0.13,0.8666,4,0
IWM191129C161,2019-11-25,2019-11-25 09:31:57,0.14,0.9333,497,0.12,0.8,419,0.12,0.8,1,0.13,0.8666,4,0
IWM191129C161,2019-11-25,2019-11-25 09:31:57,0.14,0.9333,557,0.12,0.8,731,0.12,0.8,1,0.13,0.8666,4,0
IWM191129C161,2019-11-25,2019-11-25 09:31:58,0.14,0.9333,557,0.12,0.8,731,0.12,0.8,1,0.13,0.8666,4,0
IWM191129C161,2019-11-25,2019-11-25 09:31:59,0.14,0.9333,557,0.12,0.8,731,0.12,0.8,1,0.13,0.8666,4,0
IWM191129C161,2019-11-25,2019-11-25 09:32:00,0.14,0.9333,557,0.12,0.8,1338,0.12,0.8,1,0.13,0.8666,4,0
IWM191129C161,2019-11-25,2019-11-25 09:32:00,0.14,0.9333,477,0.12,0.8,104,0.12,0.8,1,0.13,0.8666,4,0
IWM191129C161,2019-11-25,2019-11-25 09:32:01,0.14,0.9333,354,0.12,0.8,402,0.12,0.8,1,0.13,0.8666,4,0
IWM191129C161,2019-11-25,2019-11-25 09:32:01,0.14,0.9333,526,0.12,0.8,1166,0.12,0.8,1,0.13,0.8666,4,0
IWM191129C161,2019-11-25,2019-11-25 09:32:02,0.13,0.8666,18,0.12,0.8,1378,0.12,0.8,1,0.125,0.8333,4,0
IWM191129C161,2019-11-25,2019-11-25 09:32:02,0.14,0.9333,468,0.12,0.8,1378,0.12,0.8,1,0.13,0.8666,4,0
IWM191129C161,2019-11-25,2019-11-25 09:32:03,0.13,0.8666,18,0.12,0.8,1378,0.12,0.8,1,0.125,0.8333,4,0
IWM191129C161,2019-11-25,2019-11-25 09:32:04,0.13,0.8666,18,0.12,0.8,1378,0.12,0.8,1,0.125,0.8333,4,0
IWM191129C161,2019-11-25,2019-11-25 09:32:05,0.13,0.8666,18,0.12,0.8,1378,0.12,0.8,1,0.125,0.8333,4,0
IWM191129C161,2019-11-25,2019-11-25 09:32:05,0.13,0.8666,18,0.12,0.8,1377,0.12,0.8,1,0.125,0.8333,4,0
IWM191129C161,2019-11-25,2019-11-25 09:32:06,0.13,0.8666,18,0.12,0.8,1377,0.12,0.8,1,0.125,0.8333,4,0
IWM191129C161,2019-11-25,2019-11-25 09:32:06,0.13,0.8666,14,0.12,0.8,261,0.12,0.8,1,0.125,0.8333,4,0
IWM191129C161,2019-11-25,2019-11-25 09:32:07,0.14,0.9333,381,0.12,0.8,740,0.12,0.8,1,0.13,0.8666,4,0
IWM191129C161,2019-11-25,2019-11-25 09:32:08,0.14,0.9333,193,0.12,0.8,500,0.12,0.8,1,0.13,0.8666,4,0
IWM191129C161,2019-11-25,2019-11-25 09:32:08,0.14,0.9333,138,0.12,0.8,500,0.12,0.8,1,0.13,0.8666,4,0
IWM191129C161,2019-11-25,2019-11-25 09:32:09,0.14,0.9333,149,0.12,0.8,1468,0.12,0.8,1,0.13,0.8666,4,0
IWM191129C161,2019-11-25,2019-11-25 09:32:10,0.14,0.9333,148,0.13,0.8666,62,0.12,0.8,1,0.135,0.9,4,0
IWM191129C161,2019-11-25,2019-11-25 09:32:11,0.14,0.9333,145,0.13,0.8666,62,0.12,0.8,1,0.135,0.9,4,0
IWM191129C161,2019-11-25,2019-11-25 09:32:11,0.14,0.9333,145,0.12,0.8,1202,0.12,0.8,1,0.13,0.8666,4,0
IWM191129C161,2019-11-25,2019-11-25 09:32:12,0.14,0.9333,142,0.12,0.8,1289,0.12,0.8,1,0.13,0.8666,4,0
IWM191129C161,2019-11-25,2019-11-25 09:32:12,0.14,0.9333,405,0.12,0.8,1589,0.12,0.8,1,0.13,0.8666,4,0
IWM191129C161,2019-11-25,2019-11-25 09:32:13,0.14,0.9333,405,0.12,0.8,1495,0.12,0.8,1,0.13,0.8666,4,0
IWM191129C161,2019-11-25,2019-11-25 09:32:13,0.14,0.9333,405,0.12,0.8,1589,0.12,0.8,1,0.13,0.8666,4,0
IWM191129C161,2019-11-25,2019-11-25 09:32:14,0.14,0.9333,405,0.12,0.8,1495,0.12,0.8,1,0.13,0.8666,4,0
IWM191129C161,2019-11-25,2019-11-25 09:32:14,0.14,0.9333,462,0.12,0.8,1495,0.12,0.8,1,0.13,0.8666,4,0
IWM191129C161,2019-11-25,2019-11-25 09:32:15,0.13,0.8666,12,0.12,0.8,1559,0.12,0.8,1,0.125,0.8333,4,0
IWM191129C161,2019-11-25,2019-11-25 09:32:16,0.13,0.8666,12,0.12,0.8,1559,0.12,0.8,1,0.125,0.8333,4,0
IWM191129C161,2019-11-25,2019-11-25 09:32:17,0.14,0.9333,211,0.12,0.8,1559,0.12,0.8,1,0.13,0.8666,4,0
IWM191129C161,2019-11-25,2019-11-25 09:32:17,0.14,0.9333,462,0.12,0.8,1559,0.12,0.8,1,0.13,0.8666,4,0
IWM191129C161,2019-11-25,2019-11-25 09:32:18,0.14,0.9333,100,0.13,0.8666,202,0.12,0.8,1,0.135,0.9,4,0
IWM191129C161,2019-11-25,2019-11-25 09:32:18,0.14,0.9333,100,0.13,0.8666,196,0.12,0.8,1,0.135,0.9,4,0
IWM191129C161,2019-11-25,2019-11-25 09:32:19,0.14,0.9333,100,0.12,0.8,1299,0.12,0.8,1,0.13,0.8666,4,0
IWM191129C161,2019-11-25,2019-11-25 09:32:19,0.14,0.9333,158,0.13,0.8666,54,0.12,0.8,1,0.135,0.9,4,0
IWM191129C161,2019-11-25,2019-11-25 09:32:20,0.14,0.9333,158,0.13,0.8666,20,0.12,0.8,1,0.135,0.9,4,0
IWM191129C161,2019-11-25,2019-11-25 09:32:21,0.14,0.9333,157,0.13,0.8666,196,0.12,0.8,1,0.135,0.9,4,0
IWM191129C161,2019-11-25,2019-11-25 09:32:21,0.14,0.9333,157,0.13,0.8666,61,0.12,0.8,1,0.135,0.9,4,0
IWM191129C161,2019-11-25,2019-11-25 09:32:22,0.14,0.9333,157,0.13,0.8666,47,0.12,0.8,1,0.135,0.9,4,0
IWM191129C161,2019-11-25,2019-11-25 09:32:23,0.14,0.9333,158,0.13,0.8666,196,0.12,0.8,1,0.135,0.9,4,0
IWM191129C161,2019-11-25,2019-11-25 09:32:23,0.14,0.9333,158,0.13,0.8666,199,0.12,0.8,1,0.135,0.9,4,0
IWM191129C161,2019-11-25,2019-11-25 09:32:24,0.14,0.9333,110,0.12,0.8,758,0.12,0.8,1,0.13,0.8666,4,0
IWM191129C161,2019-11-25,2019-11-25 09:32:24,0.14,0.9333,158,0.13,0.8666,48,0.12,0.8,1,0.135,0.9,4,0
IWM191129C161,2019-11-25,2019-11-25 09:32:25,0.14,0.9333,131,0.12,0.8,1330,0.12,0.8,1,0.13,0.8666,4,0
IWM191129C161,2019-11-25,2019-11-25 09:32:25,0.14,0.9333,132,0.12,0.8,1016,0.12,0.8,1,0.13,0.8666,4,0
IWM191129C161,2019-11-25,2019-11-25 09:32:26,0.14,0.9333,131,0.12,0.8,1330,0.12,0.8,1,0.13,0.8666,4,0
IWM191129C161,2019-11-25,2019-11-25 09:32:27,0.14,0.9333,108,0.13,0.8666,44,0.12,0.8,1,0.135,0.9,4,0
IWM191129C161,2019-11-25,2019-11-25 09:32:27,0.14,0.9333,114,0.12,0.8,1330,0.12,0.8,1,0.13,0.8666,4,0
IWM191129C161,2019-11-25,2019-11-25 09:32:28,0.14,0.9333,110,0.13,0.8666,57,0.12,0.8,1,0.135,0.9,4,0
IWM191129C161,2019-11-25,2019-11-25 09:32:28,0.14,0.9333,100,0.13,0.8666,57,0.12,0.8,1,0.135,0.9,4,0
IWM191129C161,2019-11-25,2019-11-25 09:32:29,0.14,0.9333,100,0.13,0.8666,57,0.12,0.8,1,0.135,0.9,4,0
IWM191129C161,2019-11-25,2019-11-25 09:32:29,0.14,0.9333,100,0.13,0.8666,192,0.12,0.8,1,0.135,0.9,4,0
IWM191129C161,2019-11-25,2019-11-25 09:32:30,0.14,0.9333,100,0.13,0.8666,57,0.12,0.8,1,0.135,0.9,4,0
IWM191129C161,2019-11-25,2019-11-25 09:32:31,0.14,0.9333,96,0.13,0.8666,44,0.12,0.8,1,0.135,0.9,4,0
IWM191129C161,2019-11-25,2019-11-25 09:32:32,0.14,0.9333,96,0.13,0.8666,21,0.12,0.8,1,0.135,0.9,4,0
IWM191129C161,2019-11-25,2019-11-25 09:32:33,0.14,0.9333,50,0.13,0.8666,29,0.12,0.8,1,0.135,0.9,4,0
IWM191129C161,2019-11-25,2019-11-25 09:32:33,0.14,0.9333,50,0.13,0.8666,45,0.12,0.8,1,0.135,0.9,4,0
IWM191129C161,2019-11-25,2019-11-25 09:32:34,0.14,0.9333,50,0.13,0.8666,29,0.12,0.8,1,0.135,0.9,4,0
IWM191129C161,2019-11-25,2019-11-25 09:32:34,0.14,0.9333,50,0.13,0.8666,20,0.12,0.8,1,0.135,0.9,4,0
IWM191129C161,2019-11-25,2019-11-25 09:32:35,0.14,0.9333,93,0.13,0.8666,20,0.12,0.8,1,0.135,0.9,4,0
IWM191129C161,2019-11-25,2019-11-25 09:32:36,0.14,0.9333,93,0.13,0.8666,20,0.12,0.8,1,0.135,0.9,4,0
IWM191129C161,2019-11-25,2019-11-25 09:32:37,0.14,0.9333,93,0.13,0.8666,78,0.12,0.8,1,0.135,0.9,4,0
IWM191129C161,2019-11-25,2019-11-25 09:32:38,0.14,0.9333,93,0.13,0.8666,114,0.12,0.8,1,0.135,0.9,4,0
IWM191129C161,2019-11-25,2019-11-25 09:32:38,0.15,1.0,725,0.13,0.8666,230,0.12,0.8,1,0.14,0.9333,4,0
IWM191129C161,2019-11-25,2019-11-25 09:32:39,0.14,0.9333,32,0.13,0.8666,192,0.12,0.8,1,0.135,0.9,4,0
IWM191129C161,2019-11-25,2019-11-25 09:32:39,0.15,1.0,567,0.13,0.8666,122,0.12,0.8,1,0.14,0.9333,4,0
IWM191129C161,2019-11-25,2019-11-25 09:32:40,0.14,0.9333,41,0.13,0.8666,60,0.12,0.8,1,0.135,0.9,4,0
IWM191129C161,2019-11-25,2019-11-25 09:32:40,0.14,0.9333,3,0.13,0.8666,65,0.12,0.8,1,0.135,0.9,4,0
IWM191129C161,2019-11-25,2019-11-25 09:32:41,0.14,0.9333,44,0.13,0.8666,68,0.12,0.8,1,0.135,0.9,4,0
IWM191129C161,2019-11-25,2019-11-25 09:32:41,0.14,0.9333,26,0.13,0.8666,68,0.12,0.8,1,0.135,0.9,4,0
IWM191129C161,2019-11-25,2019-11-25 09:32:42,0.15,1.0,713,0.13,0.8666,192,0.12,0.8,1,0.14,0.9333,4,0
IWM191129C161,2019-11-25,2019-11-25 09:32:42,0.15,1.0,720,0.13,0.8666,69,0.12,0.8,1,0.14,0.9333,4,0
IWM191129C161,2019-11-25,2019-11-25 09:32:43,0.15,1.0,751,0.13,0.8666,68,0.12,0.8,1,0.14,0.9333,4,0
IWM191129C161,2019-11-25,2019-11-25 09:32:43,0.15,1.0,720,0.13,0.8666,76,0.12,0.8,1,0.14,0.9333,4,0
IWM191129C161,2019-11-25,2019-11-25 09:32:44,0.15,1.0,720,0.13,0.8666,195,0.12,0.8,1,0.14,0.9333,4,0
IWM191129C161,2019-11-25,2019-11-25 09:32:44,0.15,1.0,720,0.13,0.8666,192,0.12,0.8,1,0.14,0.9333,4,0
IWM191129C161,2019-11-25,2019-11-25 09:32:45,0.14,0.9333,2,0.13,0.8666,221,0.12,0.8,1,0.135,0.9,4,0
IWM191129C161,2019-11-25,2019-11-25 09:32:45,0.15,1.0,566,0.13,0.8666,76,0.12,0.8,1,0.14,0.9333,4,0
IWM191129C161,2019-11-25,2019-11-25 09:32:46,0.15,1.0,666,0.13,0.8666,384,0.12,0.8,1,0.14,0.9333,4,0
IWM191129C161,2019-11-25,2019-11-25 09:32:47,0.14,0.9333,3,0.13,0.8666,384,0.12,0.8,1,0.135,0.9,4,0
IWM191129C161,2019-11-25,2019-11-25 09:32:48,0.14,0.9333,150,0.13,0.8666,626,0.12,0.8,1,0.135,0.9,4,0
IWM191129C161,2019-11-25,2019-11-25 09:32:48,0.14,0.9333,150,0.13,0.8666,405,0.12,0.8,1,0.135,0.9,4,0
IWM191129C161,2019-11-25,2019-11-25 09:32:49,0.14,0.9333,150,0.13,0.8666,405,0.12,0.8,1,0.135,0.9,4,0
IWM191129C161,2019-11-25,2019-11-25 09:32:50,0.14,0.9333,150,0.13,0.8666,405,0.12,0.8,1,0.135,0.9,4,0
IWM191129C161,2019-11-25,2019-11-25 09:32:51,0.14,0.9333,150,0.13,0.8666,405,0.12,0.8,1,0.135,0.9,4,0
IWM191129C161,2019-11-25,2019-11-25 09:32:51,0.14,0.9333,160,0.13,0.8666,525,0.12,0.8,1,0.135,0.9,4,0
IWM191129C161,2019-11-25,2019-11-25 09:32:52,0.14,0.9333,160,0.13,0.8666,567,0.12,0.8,1,0.135,0.9,4,0
IWM191129C161,2019-11-25,2019-11-25 09:32:52,0.14,0.9333,160,0.13,0.8666,598,0.12,0.8,1,0.135,0.9,4,0
IWM191129C161,2019-11-25,2019-11-25 09:32:53,0.14,0.9333,111,0.13,0.8666,641,0.12,0.8,1,0.135,0.9,4,0
IWM191129C161,2019-11-25,2019-11-25 09:32:54,0.14,0.9333,111,0.13,0.8666,641,0.12,0.8,1,0.135,0.9,4,0
IWM191129C161,2019-11-25,2019-11-25 09:32:55,0.14,0.9333,111,0.13,0.8666,533,0.12,0.8,1,0.135,0.9,4,0
IWM191129C161,2019-11-25,2019-11-25 09:32:55,0.14,0.9333,111,0.13,0.8666,472,0.12,0.8,1,0.135,0.9,4,0
IWM191129C161,2019-11-25,2019-11-25 09:32:56,0.14,0.9333,111,0.13,0.8666,533,0.12,0.8,1,0.135,0.9,4,0
IWM191129C161,2019-11-25,2019-11-25 09:32:57,0.14,0.9333,111,0.13,0.8666,562,0.12,0.8,1,0.135,0.9,4,0
IWM191129C161,2019-11-25,2019-11-25 09:32:57,0.14,0.9333,112,0.13,0.8666,83,0.12,0.8,1,0.135,0.9,4,0
IWM191129C161,2019-11-25,2019-11-25 09:32:58,0.14,0.9333,148,0.13,0.8666,83,0.12,0.8,1,0.135,0.9,4,0
IWM191129C161,2019-11-25,2019-11-25 09:32:58,0.14,0.9333,158,0.13,0.8666,79,0.12,0.8,1,0.135,0.9,4,0
IWM191129C161,2019-11-25,2019-11-25 09:32:59,0.14,0.9333,190,0.13,0.8666,70,0.12,0.8,1,0.135,0.9,4,0
IWM191129C161,2019-11-25,2019-11-25 09:32:59,0.14,0.9333,170,0.13,0.8666,70,0.12,0.8,1,0.135,0.9,4,0
IWM191129C161,2019-11-25,2019-11-25 09:33:00,0.14,0.9333,112,0.13,0.8666,70,0.12,0.8,1,0.135,0.9,4,0
IWM191129C161,2019-11-25,2019-11-25 09:33:00,0.14,0.9333,170,0.13,0.8666,70,0.12,0.8,1,0.135,0.9,4,0
IWM191129C161,2019-11-25,2019-11-25 09:33:01,0.14,0.9333,92,0.13,0.8666,425,0.12,0.8,1,0.135,0.9,4,0
IWM191129C161,2019-11-25,2019-11-25 09:33:01,0.14,0.9333,92,0.13,0.8666,730,0.12,0.8,1,0.135,0.9,4,0
IWM191129C161,2019-11-25,2019-11-25 09:33:02,0.14,0.9333,92,0.13,0.8666,730,0.12,0.8,1,0.135,0.9,4,0
IWM191129C161,2019-11-25,2019-11-25 09:33:03,0.15,1.0,784,0.13,0.8666,850,0.12,0.8,1,0.14,0.9333,4,0
IWM191129C161,2019-11-25,2019-11-25 09:33:03,0.15,1.0,784,0.13,0.8666,778,0.12,0.8,1,0.14,0.9333,4,0
IWM191129C161,2019-11-25,2019-11-25 09:33:04,0.15,1.0,794,0.13,0.8666,850,0.12,0.8,1,0.14,0.9333,4,0
IWM191129C161,2019-11-25,2019-11-25 09:33:05,0.15,1.0,794,0.13,0.8666,850,0.12,0.8,1,0.14,0.9333,4,0
IWM191129C161,2019-11-25,2019-11-25 09:33:05,0.15,1.0,842,0.13,0.8666,850,0.12,0.8,1,0.14,0.9333,4,0
IWM191129C161,2019-11-25,2019-11-25 09:33:06,0.14,0.9333,78,0.13,0.8666,774,0.12,0.8,1,0.135,0.9,4,0
IWM191129C161,2019-11-25,2019-11-25 09:33:06,0.15,1.0,832,0.13,0.8666,850,0.12,0.8,1,0.14,0.9333,4,0
IWM191129C161,2019-11-25,2019-11-25 09:33:07,0.15,1.0,663,0.13,0.8666,831,0.12,0.8,1,0.14,0.9333,4,0
IWM191129C161,2019-11-25,2019-11-25 09:33:07,0.15,1.0,499,0.13,0.8666,1675,0.12,0.8,1,0.14,0.9333,4,0
IWM191129C161,2019-11-25,2019-11-25 09:33:08,0.15,1.0,499,0.13,0.8666,1675,0.12,0.8,1,0.14,0.9333,4,0
IWM191129C161,2019-11-25,2019-11-25 09:33:09,0.15,1.0,657,0.13,0.8666,1424,0.12,0.8,1,0.14,0.9333,4,0
IWM191129C161,2019-11-25,2019-11-25 09:33:09,0.15,1.0,573,0.13,0.8666,1675,0.12,0.8,1,0.14,0.9333,4,0
IWM191129C161,2019-11-25,2019-11-25 09:33:10,0.15,1.0,657,0.13,0.8666,1425,0.12,0.8,1,0.14,0.9333,4,0
IWM191129C161,2019-11-25,2019-11-25 09:33:11,0.15,1.0,573,0.13,0.8666,1675,0.12,0.8,1,0.14,0.9333,4,0
IWM191129C161,2019-11-25,2019-11-25 09:33:12,0.15,1.0,573,0.13,0.8666,1675,0.12,0.8,1,0.14,0.9333,4,0
IWM191129C161,2019-11-25,2019-11-25 09:33:12,0.15,1.0,180,0.14,0.9333,87,0.12,0.8,1,0.145,0.9666,4,0
IWM191129C161,2019-11-25,2019-11-25 09:33:13,0.15,1.0,187,0.14,0.9333,87,0.12,0.8,1,0.145,0.9666,4,0
IWM191129C161,2019-11-25,2019-11-25 09:33:14,0.15,1.0,529,0.14,0.9333,58,0.12,0.8,1,0.145,0.9666,4,0
IWM191129C161,2019-11-25,2019-11-25 09:33:14,0.15,1.0,529,0.14,0.9333,18,0.12,0.8,1,0.145,0.9666,4,0
IWM191129C161,2019-11-25,2019-11-25 09:33:15,0.15,1.0,529,0.14,0.9333,41,0.12,0.8,1,0.145,0.9666,4,0
IWM191129C161,2019-11-25,2019-11-25 09:33:15,0.15,1.0,634,0.13,0.8666,1393,0.12,0.8,1,0.14,0.9333,4,0
IWM191129C161,2019-11-25,2019-11-25 09:33:16,0.15,1.0,677,0.13,0.8666,1393,0.12,0.8,1,0.14,0.9333,4,0
IWM191129C161,2019-11-25,2019-11-25 09:33:17,0.15,1.0,532,0.14,0.9333,116,0.12,0.8,1,0.145,0.9666,4,0
IWM191129C161,2019-11-25,2019-11-25 09:33:17,0.15,1.0,359,0.13,0.8666,1342,0.12,0.8,1,0.14,0.9333,4,0
IWM191129C161,2019-11-25,2019-11-25 09:33:18,0.15,1.0,530,0.14,0.9333,89,0.12,0.8,1,0.145,0.9666,4,0
IWM191129C161,2019-11-25,2019-11-25 09:33:19,0.15,1.0,530,0.14,0.9333,89,0.12,0.8,1,0.145,0.9666,4,0
IWM191129C161,2019-11-25,2019-11-25 09:33:20,0.15,1.0,530,0.14,0.9333,89,0.12,0.8,1,0.145,0.9666,4,0
IWM191129C161,2019-11-25,2019-11-25 09:33:21,0.15,1.0,280,0.14,0.9333,89,0.12,0.8,1,0.145,0.9666,4,0
IWM191129C161,2019-11-25,2019-11-25 09:33:22,0.15,1.0,519,0.14,0.9333,1,0.12,0.8,1,0.145,0.9666,4,0
IWM191129C161,2019-11-25,2019-11-25 09:33:22,0.15,1.0,519,0.14,0.9333,89,0.12,0.8,1,0.145,0.9666,4,0
IWM191129C161,2019-11-25,2019-11-25 09:33:23,0.15,1.0,519,0.14,0.9333,1,0.12,0.8,1,0.145,0.9666,4,0
IWM191129C161,2019-11-25,2019-11-25 09:33:23,0.15,1.0,603,0.14,0.9333,41,0.12,0.8,1,0.145,0.9666,4,0
IWM191129C161,2019-11-25,2019-11-25 09:33:24,0.15,1.0,519,0.14,0.9333,41,0.12,0.8,1,0.145,0.9666,4,0
IWM191129C161,2019-11-25,2019-11-25 09:33:25,0.15,1.0,519,0.14,0.9333,64,0.12,0.8,1,0.145,0.9666,4,0
IWM191129C161,2019-11-25,2019-11-25 09:33:26,0.15,1.0,258,0.14,0.9333,160,0.12,0.8,1,0.145,0.9666,4,0
IWM191129C161,2019-11-25,2019-11-25 09:33:26,0.15,1.0,270,0.14,0.9333,64,0.12,0.8,1,0.145,0.9666,4,0
IWM191129C161,2019-11-25,2019-11-25 09:33:27,0.15,1.0,258,0.14,0.9333,160,0.12,0.8,1,0.145,0.9666,4,0
IWM191129C161,2019-11-25,2019-11-25 09:33:27,0.15,1.0,243,0.14,0.9333,160,0.12,0.8,1,0.145,0.9666,4,0
IWM191129C161,2019-11-25,2019-11-25 09:33:28,0.15,1.0,243,0.14,0.9333,140,0.12,0.8,1,0.145,0.9666,4,0
IWM191129C161,2019-11-25,2019-11-25 09:33:29,0.15,1.0,243,0.14,0.9333,140,0.12,0.8,1,0.145,0.9666,4,0
IWM191129C161,2019-11-25,2019-11-25 09:33:30,0.15,1.0,242,0.14,0.9333,140,0.12,0.8,1,0.145,0.9666,4,0
IWM191129C161,2019-11-25,2019-11-25 09:33:31,0.15,1.0,242,0.14,0.9333,127,0.12,0.8,1,0.145,0.9666,4,0
IWM191129C161,2019-11-25,2019-11-25 09:33:31,0.15,1.0,242,0.14,0.9333,140,0.12,0.8,1,0.145,0.9666,4,0
IWM191129C161,2019-11-25,2019-11-25 09:33:32,0.15,1.0,236,0.14,0.9333,127,0.12,0.8,1,0.145,0.9666,4,0
IWM191129C161,2019-11-25,2019-11-25 09:33:32,0.15,1.0,242,0.14,0.9333,127,0.12,0.8,1,0.145,0.9666,4,0
IWM191129C161,2019-11-25,2019-11-25 09:33:33,0.15,1.0,236,0.14,0.9333,127,0.12,0.8,1,0.145,0.9666,4,0
IWM191129C161,2019-11-25,2019-11-25 09:33:33,0.15,1.0,517,0.14,0.9333,127,0.12,0.8,1,0.145,0.9666,4,0
IWM191129C161,2019-11-25,2019-11-25 09:33:34,0.15,1.0,235,0.14,0.9333,97,0.12,0.8,1,0.145,0.9666,4,0
IWM191129C161,2019-11-25,2019-11-25 09:33:34,0.15,1.0,235,0.14,0.9333,133,0.12,0.8,1,0.145,0.9666,4,0
IWM191129C161,2019-11-25,2019-11-25 09:33:35,0.15,1.0,150,0.14,0.9333,171,0.12,0.8,1,0.145,0.9666,4,0
IWM191129C161,2019-11-25,2019-11-25 09:33:35,0.16,1.0666,582,0.14,0.9333,342,0.12,0.8,1,0.15,1.0,4,0
IWM191129C161,2019-11-25,2019-11-25 09:33:36,0.16,1.0666,788,0.14,0.9333,418,0.12,0.8,1,0.15,1.0,4,0
IWM191129C161,2019-11-25,2019-11-25 09:33:36,0.16,1.0666,755,0.14,0.9333,418,0.12,0.8,1,0.15,1.0,4,0
IWM191129C161,2019-11-25,2019-11-25 09:33:37,0.16,1.0666,755,0.14,0.9333,473,0.12,0.8,1,0.15,1.0,4,0
IWM191129C161,2019-11-25,2019-11-25 09:33:38,0.16,1.0666,755,0.14,0.9333,774,0.12,0.8,1,0.15,1.0,4,0
IWM191129C161,2019-11-25,2019-11-25 09:33:38,0.16,1.0666,762,0.14,0.9333,734,0.12,0.8,1,0.15,1.0,4,0
IWM191129C161,2019-11-25,2019-11-25 09:33:39,0.16,1.0666,753,0.14,0.9333,427,0.12,0.8,1,0.15,1.0,4,0
IWM191129C161,2019-11-25,2019-11-25 09:33:39,0.16,1.0666,762,0.14,0.9333,734,0.12,0.8,1,0.15,1.0,4,0
IWM191129C161,2019-11-25,2019-11-25 09:33:40,0.16,1.0666,753,0.14,0.9333,427,0.12,0.8,1,0.15,1.0,4,0
IWM191129C161,2019-11-25,2019-11-25 09:33:41,0.16,1.0666,752,0.14,0.9333,538,0.12,0.8,1,0.15,1.0,4,0
IWM191129C161,2019-11-25,2019-11-25 09:33:41,0.16,1.0666,753,0.14,0.9333,538,0.12,0.8,1,0.15,1.0,4,0
IWM191129C161,2019-11-25,2019-11-25 09:33:42,0.16,1.0666,753,0.14,0.9333,629,0.12,0.8,1,0.15,1.0,4,0
IWM191129C161,2019-11-25,2019-11-25 09:33:43,0.16,1.0666,747,0.14,0.9333,718,0.12,0.8,1,0.15,1.0,4,0
IWM191129C161,2019-11-25,2019-11-25 09:33:43,0.16,1.0666,715,0.14,0.9333,718,0.12,0.8,1,0.15,1.0,4,0
IWM191129C161,2019-11-25,2019-11-25 09:33:44,0.16,1.0666,639,0.14,0.9333,810,0.12,0.8,1,0.15,1.0,4,0
IWM191129C161,2019-11-25,2019-11-25 09:33:45,0.16,1.0666,639,0.14,0.9333,810,0.12,0.8,1,0.15,1.0,4,0
IWM191129C161,2019-11-25,2019-11-25 09:33:46,0.16,1.0666,729,0.14,0.9333,810,0.12,0.8,1,0.15,1.0,4,0
IWM191129C161,2019-11-25,2019-11-25 09:33:47,0.16,1.0666,729,0.14,0.9333,810,0.12,0.8,1,0.15,1.0,4,0
IWM191129C161,2019-11-25,2019-11-25 09:33:47,0.16,1.0666,719,0.14,0.9333,810,0.12,0.8,1,0.15,1.0,4,0
IWM191129C161,2019-11-25,2019-11-25 09:33:48,0.16,1.0666,719,0.14,0.9333,810,0.12,0.8,1,0.15,1.0,4,0
IWM191129C161,2019-11-25,2019-11-25 09:33:48,0.16,1.0666,328,0.14,0.9333,810,0.12,0.8,1,0.15,1.0,4,0
IWM191129C161,2019-11-25,2019-11-25 09:33:49,0.16,1.0666,447,0.15,1.0,155,0.12,0.8,1,0.155,1.0333,4,0
IWM191129C161,2019-11-25,2019-11-25 09:33:49,0.16,1.0666,250,0.15,1.0,155,0.12,0.8,1,0.155,1.0333,4,0
IWM191129C161,2019-11-25,2019-11-25 09:33:50,0.16,1.0666,447,0.15,1.0,145,0.12,0.8,1,0.155,1.0333,4,0
IWM191129C161,2019-11-25,2019-11-25 09:33:51,0.16,1.0666,97,0.15,1.0,160,0.12,0.8,1,0.155,1.0333,4,0
IWM191129C161,2019-11-25,2019-11-25 09:33:51,0.17,1.1333,381,0.15,1.0,384,0.12,0.8,1,0.16,1.0666,4,0
IWM191129C161,2019-11-25,2019-11-25 09:33:52,0.17,1.1333,800,0.15,1.0,373,0.12,0.8,1,0.16,1.0666,4,0
IWM191129C161,2019-11-25,2019-11-25 09:33:52,0.17,1.1333,920,0.15,1.0,373,0.12,0.8,1,0.16,1.0666,4,0
IWM191129C161,2019-11-25,2019-11-25 09:33:53,0.17,1.1333,800,0.15,1.0,373,0.12,0.8,1,0.16,1.0666,4,0
IWM191129C161,2019-11-25,2019-11-25 09:33:53,0.17,1.1333,790,0.15,1.0,373,0.12,0.8,1,0.16,1.0666,4,0
IWM191129C161,2019-11-25,2019-11-25 09:33:54,0.17,1.1333,790,0.15,1.0,373,0.12,0.8,1,0.16,1.0666,4,0
IWM191129C161,2019-11-25,2019-11-25 09:33:55,0.17,1.1333,790,0.15,1.0,373,0.12,0.8,1,0.16,1.0666,4,0
IWM191129C161,2019-11-25,2019-11-25 09:33:56,0.17,1.1333,908,0.15,1.0,373,0.12,0.8,1,0.16,1.0666,4,0
IWM191129C161,2019-11-25,2019-11-25 09:33:56,0.17,1.1333,780,0.15,1.0,373,0.12,0.8,1,0.16,1.0666,4,0
IWM191129C161,2019-11-25,2019-11-25 09:33:57,0.17,1.1333,767,0.16,1.0666,93,0.16,1.0666,20,0.165,1.1,24,0
IWM191129C161,2019-11-25,2019-11-25 09:33:57,0.17,1.1333,767,0.15,1.0,373,0.16,1.0666,20,0.16,1.0666,24,20
IWM191129C161,2019-11-25,2019-11-25 09:33:58,0.17,1.1333,767,0.16,1.0666,93,0.16,1.0666,20,0.165,1.1,24,0
IWM191129C161,2019-11-25,2019-11-25 09:33:59,0.17,1.1333,887,0.15,1.0,317,0.16,1.0666,20,0.16,1.0666,24,0
IWM191129C161,2019-11-25,2019-11-25 09:34:00,0.17,1.1333,887,0.15,1.0,317,0.16,1.0666,20,0.16,1.0666,24,0
IWM191129C161,2019-11-25,2019-11-25 09:34:00,0.17,1.1333,648,0.15,1.0,317,0.16,1.0666,20,0.16,1.0666,24,0
IWM191129C161,2019-11-25,2019-11-25 09:34:01,0.17,1.1333,662,0.15,1.0,317,0.16,1.0666,20,0.16,1.0666,24,0
IWM191129C161,2019-11-25,2019-11-25 09:34:02,0.17,1.1333,661,0.15,1.0,704,0.16,1.0666,20,0.16,1.0666,24,0
IWM191129C161,2019-11-25,2019-11-25 09:34:02,0.17,1.1333,662,0.15,1.0,317,0.16,1.0666,20,0.16,1.0666,24,0
IWM191129C161,2019-11-25,2019-11-25 09:34:03,0.17,1.1333,661,0.15,1.0,513,0.16,1.0666,20,0.16,1.0666,24,0
IWM191129C161,2019-11-25,2019-11-25 09:34:03,0.17,1.1333,661,0.16,1.0666,90,0.16,1.0666,20,0.165,1.1,24,0
IWM191129C161,2019-11-25,2019-11-25 09:34:04,0.17,1.1333,661,0.16,1.0666,111,0.16,1.0666,20,0.165,1.1,24,0
IWM191129C161,2019-11-25,2019-11-25 09:34:04,0.17,1.1333,419,0.16,1.0666,111,0.16,1.0666,20,0.165,1.1,24,0
IWM191129C161,2019-11-25,2019-11-25 09:34:05,0.17,1.1333,419,0.16,1.0666,111,0.16,1.0666,20,0.165,1.1,24,0
IWM191129C161,2019-11-25,2019-11-25 09:34:06,0.17,1.1333,345,0.16,1.0666,111,0.16,1.0666,20,0.165,1.1,24,0
IWM191129C161,2019-11-25,2019-11-25 09:34:06,0.17,1.1333,308,0.16,1.0666,111,0.16,1.0666,20,0.165,1.1,24,0
IWM191129C161,2019-11-25,2019-11-25 09:34:07,0.17,1.1333,308,0.16,1.0666,111,0.16,1.0666,20,0.165,1.1,24,0
IWM191129C161,2019-11-25,2019-11-25 09:34:07,0.17,1.1333,345,0.16,1.0666,111,0.16,1.0666,20,0.165,1.1,24,0
IWM191129C161,2019-11-25,2019-11-25 09:34:08,0.17,1.1333,384,0.16,1.0666,111,0.16,1.0666,20,0.165,1.1,24,0
IWM191129C161,2019-11-25,2019-11-25 09:34:08,0.17,1.1333,384,0.16,1.0666,97,0.16,1.0666,20,0.165,1.1,24,0
IWM191129C161,2019-11-25,2019-11-25 09:34:09,0.17,1.1333,429,0.16,1.0666,97,0.16,1.0666,20,0.165,1.1,24,0
IWM191129C161,2019-11-25,2019-11-25 09:34:09,0.17,1.1333,547,0.16,1.0666,97,0.16,1.0666,20,0.165,1.1,24,0
IWM191129C161,2019-11-25,2019-11-25 09:34:10,0.17,1.1333,543,0.16,1.0666,95,0.16,1.0666,20,0.165,1.1,24,0
IWM191129C161,2019-11-25,2019-11-25 09:34:10,0.17,1.1333,502,0.16,1.0666,32,0.16,1.0666,20,0.165,1.1,24,0
IWM191129C161,2019-11-25,2019-11-25 09:34:11,0.17,1.1333,502,0.16,1.0666,89,0.16,1.0666,20,0.165,1.1,24,0
IWM191129C161,2019-11-25,2019-11-25 09:34:11,0.17,1.1333,452,0.16,1.0666,105,0.16,1.0666,20,0.165,1.1,24,0
IWM191129C161,2019-11-25,2019-11-25 09:34:12,0.17,1.1333,452,0.16,1.0666,95,0.16,1.0666,20,0.165,1.1,24,0
IWM191129C161,2019-11-25,2019-11-25 09:34:12,0.17,1.1333,452,0.16,1.0666,98,0.16,1.0666,20,0.165,1.1,24,0
IWM191129C161,2019-11-25,2019-11-25 09:34:13,0.17,1.1333,398,0.16,1.0666,66,0.16,1.0666,20,0.165,1.1,24,0
IWM191129C161,2019-11-25,2019-11-25 09:34:13,0.17,1.1333,646,0.16,1.0666,66,0.16,1.0666,20,0.165,1.1,24,0
IWM191129C161,2019-11-25,2019-11-25 09:34:14,0.17,1.1333,454,0.16,1.0666,66,0.16,1.0666,20,0.165,1.1,24,0
IWM191129C161,2019-11-25,2019-11-25 09:34:14,0.17,1.1333,92,0.16,1.0666,107,0.16,1.0666,20,0.165,1.1,24,0
IWM191129C161,2019-11-25,2019-11-25 09:34:15,0.17,1.1333,92,0.16,1.0666,107,0.16,1.0666,20,0.165,1.1,24,0
IWM191129C161,2019-11-25,2019-11-25 09:34:15,0.17,1.1333,92,0.16,1.0666,117,0.16,1.0666,20,0.165,1.1,24,0
IWM191129C161,2019-11-25,2019-11-25 09:34:16,0.17,1.1333,92,0.16,1.0666,117,0.16,1.0666,20,0.165,1.1,24,0
IWM191129C161,2019-11-25,2019-11-25 09:34:17,0.17,1.1333,92,0.16,1.0666,139,0.16,1.0666,20,0.165,1.1,24,0
IWM191129C161,2019-11-25,2019-11-25 09:34:17,0.17,1.1333,92,0.16,1.0666,117,0.16,1.0666,20,0.165,1.1,24,0
IWM191129C161,2019-11-25,2019-11-25 09:34:18,0.17,1.1333,92,0.16,1.0666,139,0.16,1.0666,20,0.165,1.1,24,0
IWM191129C161,2019-11-25,2019-11-25 09:34:18,0.17,1.1333,92,0.16,1.0666,138,0.16,1.0666,20,0.165,1.1,24,0
IWM191129C161,2019-11-25,2019-11-25 09:34:19,0.17,1.1333,92,0.16,1.0666,237,0.16,1.0666,20,0.165,1.1,24,0
IWM191129C161,2019-11-25,2019-11-25 09:34:20,0.17,1.1333,38,0.16,1.0666,77,0.16,1.0666,20,0.165,1.1,24,0
IWM191129C161,2019-11-25,2019-11-25 09:34:20,0.17,1.1333,92,0.16,1.0666,138,0.16,1.0666,20,0.165,1.1,24,0
IWM191129C161,2019-11-25,2019-11-25 09:34:21,0.17,1.1333,48,0.16,1.0666,119,0.16,1.0666,20,0.165,1.1,24,0
IWM191129C161,2019-11-25,2019-11-25 09:34:22,0.17,1.1333,63,0.16,1.0666,120,0.16,1.0666,20,0.165,1.1,24,0
IWM191129C161,2019-11-25,2019-11-25 09:34:22,0.17,1.1333,63,0.16,1.0666,111,0.16,1.0666,20,0.165,1.1,24,0
IWM191129C161,2019-11-25,2019-11-25 09:34:23,0.17,1.1333,63,0.16,1.0666,120,0.16,1.0666,20,0.165,1.1,24,0
IWM191129C161,2019-11-25,2019-11-25 09:34:24,0.17,1.1333,63,0.16,1.0666,120,0.16,1.0666,20,0.165,1.1,24,0
IWM191129C161,2019-11-25,2019-11-25 09:34:24,0.17,1.1333,63,0.16,1.0666,184,0.16,1.0666,20,0.165,1.1,24,0
IWM191129C161,2019-11-25,2019-11-25 09:34:25,0.17,1.1333,111,0.16,1.0666,174,0.16,1.0666,20,0.165,1.1,24,0
IWM191129C161,2019-11-25,2019-11-25 09:34:26,0.17,1.1333,111,0.16,1.0666,107,0.16,1.0666,20,0.165,1.1,24,0
IWM191129C161,2019-11-25,2019-11-25 09:34:26,0.17,1.1333,259,0.16,1.0666,84,0.16,1.0666,20,0.165,1.1,24,0
IWM191129C161,2019-11-25,2019-11-25 09:34:27,0.17,1.1333,111,0.16,1.0666,122,0.16,1.0666,20,0.165,1.1,24,0
IWM191129C161,2019-11-25,2019-11-25 09:34:28,0.17,1.1333,111,0.16,1.0666,122,0.16,1.0666,20,0.165,1.1,24,0
IWM191129C161,2019-11-25,2019-11-25 09:34:28,0.17,1.1333,111,0.16,1.0666,83,0.16,1.0666,20,0.165,1.1,24,0
IWM191129C161,2019-11-25,2019-11-25 09:34:29,0.17,1.1333,280,0.16,1.0666,83,0.16,1.0666,20,0.165,1.1,24,0
IWM191129C161,2019-11-25,2019-11-25 09:34:29,0.17,1.1333,111,0.16,1.0666,109,0.16,1.0666,20,0.165,1.1,24,0
IWM191129C161,2019-11-25,2019-11-25 09:34:30,0.17,1.1333,111,0.16,1.0666,109,0.16,1.0666,20,0.165,1.1,24,0
IWM191129C161,2019-11-25,2019-11-25 09:34:31,0.17,1.1333,209,0.16,1.0666,109,0.16,1.0666,20,0.165,1.1,24,0
IWM191129C161,2019-11-25,2019-11-25 09:34:31,0.17,1.1333,111,0.16,1.0666,109,0.16,1.0666,20,0.165,1.1,24,0
IWM191129C161,2019-11-25,2019-11-25 09:34:32,0.17,1.1333,557,0.15,1.0,595,0.16,1.0666,20,0.16,1.0666,24,0
IWM191129C161,2019-11-25,2019-11-25 09:34:32,0.17,1.1333,269,0.16,1.0666,82,0.16,1.0666,20,0.165,1.1,24,0
IWM191129C161,2019-11-25,2019-11-25 09:34:33,0.17,1.1333,557,0.15,1.0,945,0.16,1.0666,20,0.16,1.0666,24,0
IWM191129C161,2019-11-25,2019-11-25 09:34:34,0.17,1.1333,557,0.15,1.0,1368,0.16,1.0666,20,0.16,1.0666,24,0
IWM191129C161,2019-11-25,2019-11-25 09:34:34,0.17,1.1333,558,0.15,1.0,1530,0.16,1.0666,20,0.16,1.0666,24,0
IWM191129C161,2019-11-25,2019-11-25 09:34:35,0.17,1.1333,558,0.15,1.0,1520,0.16,1.0666,20,0.16,1.0666,24,0
IWM191129C161,2019-11-25,2019-11-25 09:34:35,0.17,1.1333,558,0.15,1.0,1466,0.16,1.0666,20,0.16,1.0666,24,0
IWM191129C161,2019-11-25,2019-11-25 09:34:36,0.17,1.1333,558,0.15,1.0,1466,0.16,1.0666,20,0.16,1.0666,24,0
IWM191129C161,2019-11-25,2019-11-25 09:34:36,0.17,1.1333,558,0.15,1.0,1046,0.16,1.0666,20,0.16,1.0666,24,0
IWM191129C161,2019-11-25,2019-11-25 09:34:37,0.17,1.1333,816,0.15,1.0,505,0.16,1.0666,20,0.16,1.0666,24,0
IWM191129C161,2019-11-25,2019-11-25 09:34:37,0.16,1.0666,73,0.15,1.0,505,0.16,1.0666,20,0.155,1.0333,24,0
IWM191129C161,2019-11-25,2019-11-25 09:34:38,0.16,1.0666,283,0.15,1.0,451,0.16,1.0666,1,0.155,1.0333,25,1
IWM191129C161,2019-11-25,2019-11-25 09:34:38,0.16,1.0666,283,0.15,1.0,451,0.16,1.0666,1,0.155,1.0333,25,0
IWM191129C161,2019-11-25,2019-11-25 09:34:39,0.16,1.0666,283,0.15,1.0,246,0.16,1.0666,1,0.155,1.0333,25,0
IWM191129C161,2019-11-25,2019-11-25 09:34:39,0.16,1.0666,283,0.15,1.0,310,0.16,1.0666,1,0.155,1.0333,25,0
IWM191129C161,2019-11-25,2019-11-25 09:34:40,0.17,1.1333,689,0.15,1.0,621,0.16,1.0666,1,0.16,1.0666,25,0
IWM191129C161,2019-11-25,2019-11-25 09:34:40,0.17,1.1333,657,0.15,1.0,434,0.16,1.0666,1,0.16,1.0666,25,0
IWM191129C161,2019-11-25,2019-11-25 09:34:41,0.17,1.1333,792,0.15,1.0,995,0.16,1.0666,1,0.16,1.0666,25,0
IWM191129C161,2019-11-25,2019-11-25 09:34:41,0.17,1.1333,810,0.15,1.0,712,0.16,1.0666,1,0.16,1.0666,25,0
IWM191129C161,2019-11-25,2019-11-25 09:34:42,0.17,1.1333,747,0.15,1.0,911,0.16,1.0666,1,0.16,1.0666,25,0
IWM191129C161,2019-11-25,2019-11-25 09:34:42,0.17,1.1333,737,0.15,1.0,1232,0.16,1.0666,1,0.16,1.0666,25,0
IWM191129C161,2019-11-25,2019-11-25 09:34:43,0.16,1.0666,161,0.15,1.0,248,0.16,1.0666,1,0.155,1.0333,25,0
IWM191129C161,2019-11-25,2019-11-25 09:34:43,0.16,1.0666,92,0.15,1.0,248,0.16,1.0666,1,0.155,1.0333,25,0
IWM191129C161,2019-11-25,2019-11-25 09:34:44,0.16,1.0666,92,0.15,1.0,248,0.16,1.0666,1,0.155,1.0333,25,0
IWM191129C161,2019-11-25,2019-11-25 09:34:44,0.16,1.0666,128,0.15,1.0,248,0.16,1.0666,1,0.155,1.0333,25,0
IWM191129C161,2019-11-25,2019-11-25 09:34:45,0.16,1.0666,92,0.15,1.0,248,0.16,1.0666,1,0.155,1.0333,25,0
IWM191129C161,2019-11-25,2019-11-25 09:34:46,0.16,1.0666,57,0.15,1.0,248,0.16,1.0666,1,0.155,1.0333,25,0
IWM191129C161,2019-11-25,2019-11-25 09:34:47,0.16,1.0666,57,0.15,1.0,248,0.16,1.0666,1,0.155,1.0333,25,0
IWM191129C161,2019-11-25,2019-11-25 09:34:47,0.16,1.0666,200,0.15,1.0,196,0.16,1.0666,1,0.155,1.0333,25,0
IWM191129C161,2019-11-25,2019-11-25 09:34:48,0.16,1.0666,267,0.15,1.0,167,0.16,1.0666,1,0.155,1.0333,25,0
IWM191129C161,2019-11-25,2019-11-25 09:34:49,0.16,1.0666,267,0.15,1.0,167,0.16,1.0666,1,0.155,1.0333,25,0
IWM191129C161,2019-11-25,2019-11-25 09:34:49,0.16,1.0666,48,0.15,1.0,167,0.16,1.0666,1,0.155,1.0333,25,0
IWM191129C161,2019-11-25,2019-11-25 09:34:50,0.16,1.0666,48,0.15,1.0,167,0.16,1.0666,1,0.155,1.0333,25,0
IWM191129C161,2019-11-25,2019-11-25 09:34:50,0.16,1.0666,107,0.15,1.0,167,0.16,1.0666,1,0.155,1.0333,25,0
IWM191129C161,2019-11-25,2019-11-25 09:34:51,0.16,1.0666,89,0.15,1.0,195,0.16,1.0666,1,0.155,1.0333,25,0
IWM191129C161,2019-11-25,2019-11-25 09:34:51,0.16,1.0666,10,0.15,1.0,195,0.16,1.0666,1,0.155,1.0333,25,0
IWM191129C161,2019-11-25,2019-11-25 09:34:52,0.16,1.0666,90,0.15,1.0,195,0.16,1.0666,1,0.155,1.0333,25,0
IWM191129C161,2019-11-25,2019-11-25 09:34:53,0.16,1.0666,138,0.15,1.0,195,0.16,1.0666,1,0.155,1.0333,25,0
IWM191129C161,2019-11-25,2019-11-25 09:34:54,0.16,1.0666,92,0.15,1.0,195,0.16,1.0666,1,0.155,1.0333,25,0
IWM191129C161,2019-11-25,2019-11-25 09:34:54,0.16,1.0666,92,0.15,1.0,192,0.16,1.0666,1,0.155,1.0333,25,0
IWM191129C161,2019-11-25,2019-11-25 09:34:55,0.17,1.1333,764,0.15,1.0,197,0.16,1.0666,1,0.16,1.0666,25,0
IWM191129C161,2019-11-25,2019-11-25 09:34:55,0.17,1.1333,823,0.15,1.0,1441,0.16,1.0666,1,0.16,1.0666,25,0
IWM191129C161,2019-11-25,2019-11-25 09:34:56,0.16,1.0666,73,0.15,1.0,1441,0.16,1.0666,1,0.155,1.0333,25,0
IWM191129C161,2019-11-25,2019-11-25 09:34:56,0.16,1.0666,92,0.15,1.0,1033,0.16,1.0666,1,0.155,1.0333,25,0
IWM191129C161,2019-11-25,2019-11-25 09:34:57,0.16,1.0666,92,0.15,1.0,1033,0.16,1.0666,1,0.155,1.0333,25,0
IWM191129C161,2019-11-25,2019-11-25 09:34:58,0.16,1.0666,94,0.15,1.0,1033,0.16,1.0666,1,0.155,1.0333,25,0
IWM191129C161,2019-11-25,2019-11-25 09:34:59,0.16,1.0666,94,0.15,1.0,1034,0.16,1.0666,1,0.155,1.0333,25,0
IWM191129C161,2019-11-25,2019-11-25 09:35:00,0.16,1.0666,95,0.15,1.0,1097,0.16,1.0666,1,0.155,1.0333,26,0
IWM191129C161,2019-11-25,2019-11-25 09:35:00,0.16,1.0666,95,0.15,1.0,1087,0.16,1.0666,1,0.155,1.0333,26,1
IWM191129C161,2019-11-25,2019-11-25 09:35:01,0.16,1.0666,10,0.15,1.0,1158,0.16,1.0666,1,0.155,1.0333,26,0
IWM191129C161,2019-11-25,2019-11-25 09:35:01,0.16,1.0666,95,0.15,1.0,1097,0.16,1.0666,1,0.155,1.0333,26,0
IWM191129C161,2019-11-25,2019-11-25 09:35:02,0.16,1.0666,95,0.15,1.0,1023,0.16,1.0666,1,0.155,1.0333,26,0
IWM191129C161,2019-11-25,2019-11-25 09:35:03,0.16,1.0666,95,0.15,1.0,1029,0.16,1.0666,1,0.155,1.0333,26,0
IWM191129C161,2019-11-25,2019-11-25 09:35:04,0.16,1.0666,84,0.15,1.0,1089,0.16,1.0666,1,0.155,1.0333,26,0
IWM191129C161,2019-11-25,2019-11-25 09:35:05,0.17,1.1333,155,0.15,1.0,1222,0.16,1.0666,1,0.16,1.0666,26,0
IWM191129C161,2019-11-25,2019-11-25 09:35:05,0.17,1.1333,393,0.15,1.0,1222,0.16,1.0666,1,0.16,1.0666,26,0
IWM191129C161,2019-11-25,2019-11-25 09:35:06,0.17,1.1333,330,0.15,1.0,1222,0.16,1.0666,1,0.16,1.0666,26,0
IWM191129C161,2019-11-25,2019-11-25 09:35:06,0.16,1.0666,91,0.15,1.0,881,0.16,1.0666,1,0.155,1.0333,26,0
IWM191129C161,2019-11-25,2019-11-25 09:35:07,0.16,1.0666,91,0.15,1.0,881,0.16,1.0666,1,0.155,1.0333,26,0
IWM191129C161,2019-11-25,2019-11-25 09:35:08,0.16,1.0666,91,0.15,1.0,934,0.16,1.0666,1,0.155,1.0333,26,0
IWM191129C161,2019-11-25,2019-11-25 09:35:08,0.16,1.0666,10,0.15,1.0,933,0.16,1.0666,1,0.155,1.0333,26,0
IWM191129C161,2019-11-25,2019-11-25 09:35:09,0.16,1.0666,86,0.15,1.0,933,0.16,1.0666,1,0.155,1.0333,26,0
IWM191129C161,2019-11-25,2019-11-25 09:35:09,0.17,1.1333,241,0.15,1.0,944,0.16,1.0666,1,0.16,1.0666,26,0
IWM191129C161,2019-11-25,2019-11-25 09:35:10,0.17,1.1333,414,0.15,1.0,935,0.16,1.0666,1,0.16,1.0666,26,0
IWM191129C161,2019-11-25,2019-11-25 09:35:10,0.17,1.1333,504,0.15,1.0,901,0.16,1.0666,1,0.16,1.0666,26,0
IWM191129C161,2019-11-25,2019-11-25 09:35:11,0.16,1.0666,10,0.15,1.0,863,0.16,1.0666,1,0.155,1.0333,26,0
IWM191129C161,2019-11-25,2019-11-25 09:35:11,0.17,1.1333,504,0.15,1.0,863,0.16,1.0666,1,0.16,1.0666,26,0
IWM191129C161,2019-11-25,2019-11-25 09:35:12,0.16,1.0666,93,0.15,1.0,321,0.16,1.0666,1,0.155,1.0333,26,0
IWM191129C161,2019-11-25,2019-11-25 09:35:12,0.16,1.0666,194,0.15,1.0,147,0.16,1.0666,1,0.155,1.0333,26,0
IWM191129C161,2019-11-25,2019-11-25 09:35:13,0.16,1.0666,94,0.15,1.0,147,0.16,1.0666,1,0.155,1.0333,26,0
IWM191129C161,2019-11-25,2019-11-25 09:35:13,0.16,1.0666,262,0.15,1.0,147,0.16,1.0666,1,0.155,1.0333,26,0
IWM191129C161,2019-11-25,2019-11-25 09:35:14,0.16,1.0666,275,0.15,1.0,131,0.16,1.0666,1,0.155,1.0333,26,0
IWM191129C161,2019-11-25,2019-11-25 09:35:14,0.16,1.0666,146,0.15,1.0,113,0.16,1.0666,1,0.155,1.0333,26,0
IWM191129C161,2019-11-25,2019-11-25 09:35:15,0.16,1.0666,131,0.15,1.0,113,0.16,1.0666,1,0.155,1.0333,26,0
IWM191129C161,2019-11-25,2019-11-25 09:35:16,0.16,1.0666,309,0.15,1.0,68,0.16,1.0666,1,0.155,1.0333,26,0
IWM191129C161,2019-11-25,2019-11-25 09:35:17,0.16,1.0666,397,0.15,1.0,92,0.16,1.0666,1,0.155,1.0333,26,0
IWM191129C161,2019-11-25,2019-11-25 09:35:17,0.16,1.0666,397,0.15,1.0,22,0.16,1.0666,1,0.155,1.0333,26,0
IWM191129C161,2019-11-25,2019-11-25 09:35:18,0.16,1.0666,397,0.15,1.0,92,0.16,1.0666,1,0.155,1.0333,26,0
IWM191129C161,2019-11-25,2019-11-25 09:35:19,0.16,1.0666,397,0.15,1.0,132,0.16,1.0666,1,0.155,1.0333,26,0
IWM191129C161,2019-11-25,2019-11-25 09:35:19,0.16,1.0666,397,0.15,1.0,143,0.16,1.0666,1,0.155,1.0333,26,0
IWM191129C161,2019-11-25,2019-11-25 09:35:20,0.16,1.0666,397,0.15,1.0,132,0.16,1.0666,1,0.155,1.0333,26,0
IWM191129C161,2019-11-25,2019-11-25 09:35:20,0.16,1.0666,178,0.15,1.0,196,0.16,1.0666,1,0.155,1.0333,26,0
IWM191129C161,2019-11-25,2019-11-25 09:35:21,0.17,1.1333,300,0.15,1.0,897,0.16,1.0666,1,0.16,1.0666,26,0
IWM191129C161,2019-11-25,2019-11-25 09:35:21,0.16,1.0666,150,0.15,1.0,205,0.16,1.0666,1,0.155,1.0333,26,0
IWM191129C161,2019-11-25,2019-11-25 09:35:22,0.17,1.1333,796,0.15,1.0,1218,0.16,1.0666,1,0.16,1.0666,26,0
IWM191129C161,2019-11-25,2019-11-25 09:35:23,0.17,1.1333,796,0.15,1.0,1209,0.16,1.0666,1,0.16,1.0666,26,0
IWM191129C161,2019-11-25,2019-11-25 09:35:24,0.17,1.1333,796,0.15,1.0,1209,0.16,1.0666,1,0.16,1.0666,26,0
IWM191129C161,2019-11-25,2019-11-25 09:35:25,0.17,1.1333,694,0.15,1.0,1218,0.16,1.0666,1,0.16,1.0666,26,0
IWM191129C161,2019-11-25,2019-11-25 09:35:25,0.17,1.1333,684,0.15,1.0,1218,0.16,1.0666,1,0.16,1.0666,26,0
IWM191129C161,2019-11-25,2019-11-25 09:35:26,0.16,1.0666,28,0.15,1.0,1218,0.16,1.0666,1,0.155,1.0333,26,0
IWM191129C161,2019-11-25,2019-11-25 09:35:26,0.17,1.1333,694,0.15,1.0,1218,0.16,1.0666,1,0.16,1.0666,26,0
IWM191129C161,2019-11-25,2019-11-25 09:35:27,0.17,1.1333,300,0.15,1.0,1218,0.16,1.0666,1,0.16,1.0666,26,0
IWM191129C161,2019-11-25,2019-11-25 09:35:27,0.17,1.1333,576,0.15,1.0,1218,0.16,1.0666,1,0.16,1.0666,26,0
IWM191129C161,2019-11-25,2019-11-25 09:35:28,0.16,1.0666,10,0.15,1.0,1218,0.16,1.0666,1,0.155,1.0333,26,0
IWM191129C161,2019-11-25,2019-11-25 09:35:28,0.17,1.1333,576,0.15,1.0,1218,0.16,1.0666,1,0.16,1.0666,26,0
IWM191129C161,2019-11-25,2019-11-25 09:35:29,0.16,1.0666,46,0.15,1.0,1126,0.16,1.0666,1,0.155,1.0333,26,0
IWM191129C161,2019-11-25,2019-11-25 09:35:29,0.17,1.1333,309,0.15,1.0,1117,0.16,1.0666,1,0.16,1.0666,26,0
IWM191129C161,2019-11-25,2019-11-25 09:35:30,0.17,1.1333,603,0.15,1.0,851,0.16,1.0666,1,0.16,1.0666,26,0
IWM191129C161,2019-11-25,2019-11-25 09:35:30,0.17,1.1333,300,0.15,1.0,1126,0.16,1.0666,1,0.16,1.0666,26,0
IWM191129C161,2019-11-25,2019-11-25 09:35:31,0.16,1.0666,4,0.15,1.0,1401,0.16,1.0666,1,0.155,1.0333,26,0
IWM191129C161,2019-11-25,2019-11-25 09:35:31,0.17,1.1333,580,0.15,1.0,851,0.16,1.0666,1,0.16,1.0666,26,0
IWM191129C161,2019-11-25,2019-11-25 09:35:32,0.16,1.0666,4,0.15,1.0,1376,0.16,1.0666,1,0.155,1.0333,26,0
IWM191129C161,2019-11-25,2019-11-25 09:35:32,0.16,1.0666,128,0.15,1.0,843,0.16,1.0666,1,0.155,1.0333,26,0
IWM191129C161,2019-11-25,2019-11-25 09:35:33,0.17,1.1333,767,0.16,1.0666,82,0.16,1.0666,1,0.165,1.1,26,0
IWM191129C161,2019-11-25,2019-11-25 09:35:33,0.17,1.1333,666,0.15,1.0,1668,0.16,1.0666,1,0.16,1.0666,26,0
IWM191129C161,2019-11-25,2019-11-25 09:35:34,0.17,1.1333,676,0.16,1.0666,100,0.16,1.0666,1,0.165,1.1,26,0
IWM191129C161,2019-11-25,2019-11-25 09:35:34,0.17,1.1333,676,0.16,1.0666,82,0.16,1.0666,1,0.165,1.1,26,0
IWM191129C161,2019-11-25,2019-11-25 09:35:35,0.17,1.1333,676,0.16,1.0666,98,0.16,1.0666,1,0.165,1.1,26,0
IWM191129C161,2019-11-25,2019-11-25 09:35:35,0.17,1.1333,676,0.16,1.0666,113,0.16,1.0666,1,0.165,1.1,26,0
IWM191129C161,2019-11-25,2019-11-25 09:35:36,0.17,1.1333,676,0.16,1.0666,123,0.16,1.0666,1,0.165,1.1,26,0
IWM191129C161,2019-11-25,2019-11-25 09:35:37,0.17,1.1333,476,0.16,1.0666,157,0.16,1.0666,1,0.165,1.1,26,0
IWM191129C161,2019-11-25,2019-11-25 09:35:37,0.17,1.1333,676,0.16,1.0666,139,0.16,1.0666,1,0.165,1.1,26,0
IWM191129C161,2019-11-25,2019-11-25 09:35:38,0.17,1.1333,476,0.16,1.0666,157,0.16,1.0666,1,0.165,1.1,26,0
IWM191129C161,2019-11-25,2019-11-25 09:35:38,0.17,1.1333,478,0.16,1.0666,137,0.16,1.0666,1,0.165,1.1,26,0
IWM191129C161,2019-11-25,2019-11-25 09:35:39,0.17,1.1333,607,0.16,1.0666,137,0.16,1.0666,1,0.165,1.1,26,0
IWM191129C161,2019-11-25,2019-11-25 09:35:39,0.17,1.1333,600,0.16,1.0666,137,0.16,1.0666,1,0.165,1.1,26,0
IWM191129C161,2019-11-25,2019-11-25 09:35:40,0.17,1.1333,476,0.16,1.0666,133,0.16,1.0666,1,0.165,1.1,26,0
IWM191129C161,2019-11-25,2019-11-25 09:35:41,0.17,1.1333,476,0.16,1.0666,123,0.16,1.0666,1,0.165,1.1,26,0
IWM191129C161,2019-11-25,2019-11-25 09:35:41,0.17,1.1333,476,0.16,1.0666,128,0.16,1.0666,1,0.165,1.1,26,0
IWM191129C161,2019-11-25,2019-11-25 09:35:42,0.17,1.1333,478,0.16,1.0666,128,0.16,1.0666,1,0.165,1.1,26,0
IWM191129C161,2019-11-25,2019-11-25 09:35:42,0.17,1.1333,478,0.16,1.0666,138,0.16,1.0666,1,0.165,1.1,26,0
IWM191129C161,2019-11-25,2019-11-25 09:35:43,0.17,1.1333,477,0.16,1.0666,138,0.16,1.0666,1,0.165,1.1,26,0
IWM191129C161,2019-11-25,2019-11-25 09:35:43,0.17,1.1333,475,0.16,1.0666,138,0.16,1.0666,1,0.165,1.1,26,0
IWM191129C161,2019-11-25,2019-11-25 09:35:44,0.17,1.1333,477,0.16,1.0666,148,0.16,1.0666,1,0.165,1.1,26,0
IWM191129C161,2019-11-25,2019-11-25 09:35:44,0.17,1.1333,477,0.16,1.0666,146,0.16,1.0666,1,0.165,1.1,26,0
IWM191129C161,2019-11-25,2019-11-25 09:35:45,0.17,1.1333,475,0.16,1.0666,145,0.16,1.0666,1,0.165,1.1,26,0
IWM191129C161,2019-11-25,2019-11-25 09:35:45,0.17,1.1333,477,0.16,1.0666,146,0.16,1.0666,1,0.165,1.1,26,0
IWM191129C161,2019-11-25,2019-11-25 09:35:46,0.17,1.1333,475,0.16,1.0666,145,0.16,1.0666,1,0.165,1.1,26,0
IWM191129C161,2019-11-25,2019-11-25 09:35:47,0.17,1.1333,496,0.16,1.0666,135,0.16,1.0666,1,0.165,1.1,26,0
IWM191129C161,2019-11-25,2019-11-25 09:35:48,0.17,1.1333,496,0.16,1.0666,145,0.16,1.0666,1,0.165,1.1,26,0
IWM191129C161,2019-11-25,2019-11-25 09:35:49,0.17,1.1333,375,0.16,1.0666,1056,0.16,1.0666,1,0.165,1.1,26,0
IWM191129C161,2019-11-25,2019-11-25 09:35:49,0.17,1.1333,475,0.16,1.0666,398,0.16,1.0666,1,0.165,1.1,26,0
IWM191129C161,2019-11-25,2019-11-25 09:35:50,0.17,1.1333,166,0.16,1.0666,1330,0.16,1.0666,1,0.165,1.1,26,0
IWM191129C161,2019-11-25,2019-11-25 09:35:51,0.17,1.1333,377,0.16,1.0666,1516,0.16,1.0666,1,0.165,1.1,26,0
IWM191129C161,2019-11-25,2019-11-25 09:35:52,0.17,1.1333,91,0.16,1.0666,1578,0.16,1.0666,1,0.165,1.1,26,0
IWM191129C161,2019-11-25,2019-11-25 09:35:52,0.17,1.1333,94,0.16,1.0666,1517,0.16,1.0666,1,0.165,1.1,26,0
IWM191129C161,2019-11-25,2019-11-25 09:35:53,0.17,1.1333,91,0.16,1.0666,1470,0.16,1.0666,1,0.165,1.1,26,0
IWM191129C161,2019-11-25,2019-11-25 09:35:54,0.17,1.1333,91,0.16,1.0666,1510,0.16,1.0666,1,0.165,1.1,26,0
IWM191129C161,2019-11-25,2019-11-25 09:35:55,0.18,1.2,708,0.16,1.0666,1510,0.16,1.0666,1,0.17,1.1333,26,0
IWM191129C161,2019-11-25,2019-11-25 09:35:55,0.18,1.2,715,0.16,1.0666,1574,0.16,1.0666,1,0.17,1.1333,26,0
IWM191129C161,2019-11-25,2019-11-25 09:35:56,0.18,1.2,715,0.16,1.0666,1509,0.16,1.0666,1,0.17,1.1333,26,0
IWM191129C161,2019-11-25,2019-11-25 09:35:57,0.18,1.2,715,0.16,1.0666,1490,0.16,1.0666,1,0.17,1.1333,26,0
IWM191129C161,2019-11-25,2019-11-25 09:35:57,0.18,1.2,715,0.16,1.0666,1509,0.16,1.0666,1,0.17,1.1333,26,0
IWM191129C161,2019-11-25,2019-11-25 09:35:58,0.18,1.2,715,0.16,1.0666,1490,0.16,1.0666,1,0.17,1.1333,26,0
IWM191129C161,2019-11-25,2019-11-25 09:35:58,0.18,1.2,715,0.16,1.0666,1543,0.16,1.0666,1,0.17,1.1333,26,0
IWM191129C161,2019-11-25,2019-11-25 09:35:59,0.18,1.2,705,0.16,1.0666,1543,0.16,1.0666,1,0.17,1.1333,26,0
IWM191129C161,2019-11-25,2019-11-25 09:35:59,0.18,1.2,698,0.16,1.0666,1543,0.16,1.0666,1,0.17,1.1333,26,0
IWM191129C161,2019-11-25,2019-11-25 09:36:00,0.18,1.2,680,0.17,1.1333,92,0.16,1.0666,1,0.175,1.1666,26,0
IWM191129C161,2019-11-25,2019-11-25 09:36:00,0.18,1.2,669,0.17,1.1333,130,0.16,1.0666,1,0.175,1.1666,26,0
IWM191129C161,2019-11-25,2019-11-25 09:36:01,0.18,1.2,669,0.16,1.0666,1424,0.16,1.0666,1,0.17,1.1333,26,0
IWM191129C161,2019-11-25,2019-11-25 09:36:01,0.18,1.2,702,0.16,1.0666,1424,0.16,1.0666,1,0.17,1.1333,26,0
IWM191129C161,2019-11-25,2019-11-25 09:36:02,0.18,1.2,612,0.16,1.0666,1318,0.16,1.0666,1,0.17,1.1333,26,0
IWM191129C161,2019-11-25,2019-11-25 09:36:03,0.18,1.2,821,0.16,1.0666,1472,0.16,1.0666,1,0.17,1.1333,26,0
IWM191129C161,2019-11-25,2019-11-25 09:36:04,0.17,1.1333,364,0.16,1.0666,299,0.16,1.0666,1,0.165,1.1,26,0
IWM191129C161,2019-11-25,2019-11-25 09:36:04,0.18,1.2,821,0.16,1.0666,617,0.16,1.0666,1,0.17,1.1333,26,0
IWM191129C161,2019-11-25,2019-11-25 09:36:05,0.17,1.1333,658,0.15,1.0,418,0.16,1.0666,1,0.16,1.0666,26,0
IWM191129C161,2019-11-25,2019-11-25 09:36:05,0.17,1.1333,658,0.15,1.0,725,0.16,1.0666,1,0.16,1.0666,26,0
IWM191129C161,2019-11-25,2019-11-25 09:36:06,0.17,1.1333,665,0.15,1.0,800,0.16,1.0666,1,0.16,1.0666,26,0
IWM191129C161,2019-11-25,2019-11-25 09:36:06,0.17,1.1333,665,0.15,1.0,1026,0.16,1.0666,1,0.16,1.0666,26,0
IWM191129C161,2019-11-25,2019-11-25 09:36:07,0.17,1.1333,665,0.15,1.0,1539,0.16,1.0666,1,0.16,1.0666,26,0
IWM191129C161,2019-11-25,2019-11-25 09:36:07,0.16,1.0666,8,0.15,1.0,1539,0.16,1.0666,1,0.155,1.0333,26,0
IWM191129C161,2019-11-25,2019-11-25 09:36:08,0.16,1.0666,8,0.15,1.0,1539,0.16,1.0666,1,0.155,1.0333,26,0
IWM191129C161,2019-11-25,2019-11-25 09:36:08,0.16,1.0666,8,0.15,1.0,1538,0.16,1.0666,1,0.155,1.0333,26,0
IWM191129C161,2019-11-25,2019-11-25 09:36:09,0.16,1.0666,16,0.15,1.0,1477,0.16,1.0666,1,0.155,1.0333,26,0
IWM191129C161,2019-11-25,2019-11-25 09:36:10,0.16,1.0666,49,0.15,1.0,1438,0.16,1.0666,1,0.155,1.0333,26,0
IWM191129C161,2019-11-25,2019-11-25 09:36:11,0.17,1.1333,593,0.15,1.0,1489,0.16,1.0666,1,0.16,1.0666,26,0
IWM191129C161,2019-11-25,2019-11-25 09:36:11,0.17,1.1333,76,0.15,1.0,1143,0.16,1.0666,1,0.16,1.0666,26,0
IWM191129C161,2019-11-25,2019-11-25 09:36:12,0.17,1.1333,76,0.15,1.0,1143,0.16,1.0666,1,0.16,1.0666,26,0
IWM191129C161,2019-11-25,2019-11-25 09:36:12,0.16,1.0666,12,0.15,1.0,1478,0.16,1.0666,1,0.155,1.0333,26,0
IWM191129C161,2019-11-25,2019-11-25 09:36:13,0.16,1.0666,12,0.15,1.0,1478,0.16,1.0666,1,0.155,1.0333,26,0
IWM191129C161,2019-11-25,2019-11-25 09:36:13,0.16,1.0666,12,0.15,1.0,1721,0.16,1.0666,1,0.155,1.0333,26,0
IWM191129C161,2019-11-25,2019-11-25 09:36:14,0.16,1.0666,79,0.15,1.0,1682,0.16,1.0666,1,0.155,1.0333,26,0
IWM191129C161,2019-11-25,2019-11-25 09:36:15,0.16,1.0666,79,0.15,1.0,1620,0.16,1.0666,1,0.155,1.0333,26,0
IWM191129C161,2019-11-25,2019-11-25 09:36:15,0.16,1.0666,33,0.15,1.0,1675,0.16,1.0666,1,0.155,1.0333,26,0
IWM191129C161,2019-11-25,2019-11-25 09:36:16,0.16,1.0666,16,0.15,1.0,1415,0.16,1.0666,1,0.155,1.0333,26,0
IWM191129C161,2019-11-25,2019-11-25 09:36:16,0.16,1.0666,16,0.15,1.0,1761,0.16,1.0666,1,0.155,1.0333,26,0
IWM191129C161,2019-11-25,2019-11-25 09:36:17,0.16,1.0666,73,0.15,1.0,1314,0.16,1.0666,1,0.155,1.0333,26,0
IWM191129C161,2019-11-25,2019-11-25 09:36:17,0.17,1.1333,691,0.15,1.0,1259,0.16,1.0666,1,0.16,1.0666,26,0
IWM191129C161,2019-11-25,2019-11-25 09:36:18,0.17,1.1333,691,0.15,1.0,1333,0.16,1.0666,1,0.16,1.0666,26,0
IWM191129C161,2019-11-25,2019-11-25 09:36:19,0.17,1.1333,681,0.15,1.0,1784,0.16,1.0666,1,0.16,1.0666,26,0
IWM191129C161,2019-11-25,2019-11-25 09:36:19,0.17,1.1333,681,0.16,1.0666,52,0.16,1.0666,1,0.165,1.1,26,0
IWM191129C161,2019-11-25,2019-11-25 09:36:20,0.16,1.0666,18,0.15,1.0,1856,0.16,1.0666,1,0.155,1.0333,26,0
IWM191129C161,2019-11-25,2019-11-25 09:36:20,0.16,1.0666,18,0.15,1.0,1625,0.16,1.0666,1,0.155,1.0333,26,0
IWM191129C161,2019-11-25,2019-11-25 09:36:21,0.16,1.0666,18,0.15,1.0,1542,0.16,1.0666,1,0.155,1.0333,26,0
IWM191129C161,2019-11-25,2019-11-25 09:36:21,0.16,1.0666,18,0.15,1.0,1541,0.16,1.0666,1,0.155,1.0333,26,0
IWM191129C161,2019-11-25,2019-11-25 09:36:22,0.17,1.1333,624,0.15,1.0,1774,0.16,1.0666,1,0.16,1.0666,26,0
IWM191129C161,2019-11-25,2019-11-25 09:36:22,0.16,1.0666,1,0.15,1.0,1693,0.16,1.0666,1,0.155,1.0333,26,0
IWM191129C161,2019-11-25,2019-11-25 09:36:23,0.17,1.1333,634,0.15,1.0,1693,0.16,1.0666,1,0.16,1.0666,26,0
IWM191129C161,2019-11-25,2019-11-25 09:36:23,0.16,1.0666,35,0.15,1.0,1619,0.16,1.0666,1,0.155,1.0333,26,0
IWM191129C161,2019-11-25,2019-11-25 09:36:24,0.16,1.0666,233,0.15,1.0,462,0.16,1.0666,1,0.155,1.0333,26,0
IWM191129C161,2019-11-25,2019-11-25 09:36:24,0.16,1.0666,103,0.15,1.0,609,0.16,1.0666,1,0.155,1.0333,26,0
IWM191129C161,2019-11-25,2019-11-25 09:36:25,0.16,1.0666,510,0.15,1.0,175,0.16,1.0666,1,0.155,1.0333,26,0
IWM191129C161,2019-11-25,2019-11-25 09:36:25,0.16,1.0666,511,0.15,1.0,245,0.16,1.0666,1,0.155,1.0333,26,0
IWM191129C161,2019-11-25,2019-11-25 09:36:26,0.16,1.0666,511,0.15,1.0,126,0.16,1.0666,1,0.155,1.0333,26,0
IWM191129C161,2019-11-25,2019-11-25 09:36:26,0.16,1.0666,511,0.15,1.0,168,0.16,1.0666,1,0.155,1.0333,26,0
IWM191129C161,2019-11-25,2019-11-25 09:36:27,0.16,1.0666,623,0.15,1.0,142,0.16,1.0666,1,0.155,1.0333,26,0
IWM191129C161,2019-11-25,2019-11-25 09:36:27,0.16,1.0666,580,0.15,1.0,126,0.16,1.0666,1,0.155,1.0333,26,0
IWM191129C161,2019-11-25,2019-11-25 09:36:28,0.16,1.0666,669,0.15,1.0,142,0.16,1.0666,1,0.155,1.0333,26,0
IWM191129C161,2019-11-25,2019-11-25 09:36:28,0.16,1.0666,623,0.15,1.0,142,0.16,1.0666,1,0.155,1.0333,26,0
IWM191129C161,2019-11-25,2019-11-25 09:36:29,0.16,1.0666,669,0.15,1.0,137,0.15,1.0,1,0.155,1.0333,27,1
IWM191129C161,2019-11-25,2019-11-25 09:36:29,0.16,1.0666,1255,0.15,1.0,137,0.15,1.0,1,0.155,1.0333,27,0
IWM191129C161,2019-11-25,2019-11-25 09:36:30,0.16,1.0666,1255,0.15,1.0,221,0.15,1.0,1,0.155,1.0333,27,0
IWM191129C161,2019-11-25,2019-11-25 09:36:31,0.16,1.0666,1254,0.15,1.0,207,0.15,1.0,1,0.155,1.0333,27,0
IWM191129C161,2019-11-25,2019-11-25 09:36:31,0.16,1.0666,1254,0.15,1.0,239,0.15,1.0,1,0.155,1.0333,27,0
IWM191129C161,2019-11-25,2019-11-25 09:36:32,0.16,1.0666,1045,0.15,1.0,302,0.15,1.0,1,0.155,1.0333,27,0
IWM191129C161,2019-11-25,2019-11-25 09:36:32,0.16,1.0666,1201,0.15,1.0,302,0.15,1.0,1,0.155,1.0333,27,0
IWM191129C161,2019-11-25,2019-11-25 09:36:33,0.16,1.0666,1202,0.15,1.0,302,0.15,1.0,1,0.155,1.0333,27,0
IWM191129C161,2019-11-25,2019-11-25 09:36:34,0.16,1.0666,1215,0.15,1.0,318,0.15,1.0,1,0.155,1.0333,27,0
IWM191129C161,2019-11-25,2019-11-25 09:36:34,0.16,1.0666,1060,0.15,1.0,298,0.15,1.0,1,0.155,1.0333,27,0
IWM191129C161,2019-11-25,2019-11-25 09:36:35,0.16,1.0666,1060,0.15,1.0,308,0.15,1.0,1,0.155,1.0333,27,0
IWM191129C161,2019-11-25,2019-11-25 09:36:35,0.16,1.0666,231,0.15,1.0,349,0.15,1.0,1,0.155,1.0333,27,0
IWM191129C161,2019-11-25,2019-11-25 09:36:36,0.16,1.0666,294,0.15,1.0,576,0.15,1.0,1,0.155,1.0333,27,0
IWM191129C161,2019-11-25,2019-11-25 09:36:36,0.16,1.0666,177,0.15,1.0,395,0.15,1.0,1,0.155,1.0333,27,0
IWM191129C161,2019-11-25,2019-11-25 09:36:37,0.16,1.0666,294,0.15,1.0,576,0.15,1.0,1,0.155,1.0333,27,0
IWM191129C161,2019-11-25,2019-11-25 09:36:38,0.16,1.0666,344,0.15,1.0,947,0.15,1.0,1,0.155,1.0333,27,0
IWM191129C161,2019-11-25,2019-11-25 09:36:38,0.16,1.0666,246,0.15,1.0,946,0.15,1.0,1,0.155,1.0333,27,0
IWM191129C161,2019-11-25,2019-11-25 09:36:39,0.16,1.0666,292,0.15,1.0,999,0.15,1.0,1,0.155,1.0333,27,0
IWM191129C161,2019-11-25,2019-11-25 09:36:39,0.16,1.0666,344,0.15,1.0,946,0.15,1.0,1,0.155,1.0333,27,0
IWM191129C161,2019-11-25,2019-11-25 09:36:40,0.16,1.0666,60,0.15,1.0,590,0.15,1.0,1,0.155,1.0333,27,0
IWM191129C161,2019-11-25,2019-11-25 09:36:40,0.16,1.0666,72,0.15,1.0,786,0.15,1.0,1,0.155,1.0333,27,0
IWM191129C161,2019-11-25,2019-11-25 09:36:41,0.16,1.0666,273,0.15,1.0,701,0.15,1.0,1,0.155,1.0333,27,0
IWM191129C161,2019-11-25,2019-11-25 09:36:41,0.16,1.0666,80,0.15,1.0,415,0.15,1.0,1,0.155,1.0333,27,0
IWM191129C161,2019-11-25,2019-11-25 09:36:42,0.16,1.0666,382,0.15,1.0,701,0.15,1.0,1,0.155,1.0333,27,0
IWM191129C161,2019-11-25,2019-11-25 09:36:42,0.16,1.0666,382,0.15,1.0,824,0.15,1.0,1,0.155,1.0333,27,0
IWM191129C161,2019-11-25,2019-11-25 09:36:43,0.16,1.0666,382,0.15,1.0,824,0.15,1.0,1,0.155,1.0333,27,0
IWM191129C161,2019-11-25,2019-11-25 09:36:43,0.16,1.0666,343,0.15,1.0,761,0.15,1.0,1,0.155,1.0333,27,0
IWM191129C161,2019-11-25,2019-11-25 09:36:44,0.16,1.0666,330,0.15,1.0,341,0.15,1.0,1,0.155,1.0333,27,0
IWM191129C161,2019-11-25,2019-11-25 09:36:44,0.16,1.0666,330,0.15,1.0,942,0.15,1.0,1,0.155,1.0333,27,0
IWM191129C161,2019-11-25,2019-11-25 09:36:45,0.16,1.0666,330,0.15,1.0,637,0.15,1.0,1,0.155,1.0333,27,0
IWM191129C161,2019-11-25,2019-11-25 09:36:45,0.16,1.0666,125,0.15,1.0,637,0.15,1.0,1,0.155,1.0333,27,0
IWM191129C161,2019-11-25,2019-11-25 09:36:46,0.16,1.0666,125,0.15,1.0,637,0.15,1.0,1,0.155,1.0333,27,0
IWM191129C161,2019-11-25,2019-11-25 09:36:46,0.16,1.0666,88,0.15,1.0,1178,0.15,1.0,1,0.155,1.0333,27,0
IWM191129C161,2019-11-25,2019-11-25 09:36:47,0.16,1.0666,59,0.15,1.0,964,0.15,1.0,1,0.155,1.0333,27,0
IWM191129C161,2019-11-25,2019-11-25 09:36:48,0.16,1.0666,59,0.15,1.0,1152,0.15,1.0,1,0.155,1.0333,27,0
IWM191129C161,2019-11-25,2019-11-25 09:36:48,0.16,1.0666,59,0.15,1.0,964,0.15,1.0,1,0.155,1.0333,27,0
IWM191129C161,2019-11-25,2019-11-25 09:36:49,0.17,1.1333,886,0.15,1.0,1161,0.15,1.0,1,0.16,1.0666,27,0
IWM191129C161,2019-11-25,2019-11-25 09:36:49,0.16,1.0666,59,0.15,1.0,1161,0.15,1.0,1,0.155,1.0333,27,0
IWM191129C161,2019-11-25,2019-11-25 09:36:50,0.17,1.1333,1303,0.15,1.0,1421,0.15,1.0,1,0.16,1.0666,27,0
IWM191129C161,2019-11-25,2019-11-25 09:36:50,0.17,1.1333,1314,0.15,1.0,1152,0.15,1.0,1,0.16,1.0666,27,0
IWM191129C161,2019-11-25,2019-11-25 09:36:51,0.17,1.1333,1263,0.15,1.0,1421,0.15,1.0,1,0.16,1.0666,27,0
IWM191129C161,2019-11-25,2019-11-25 09:36:52,0.17,1.1333,1263,0.15,1.0,1421,0.15,1.0,1,0.16,1.0666,27,0
IWM191129C161,2019-11-25,2019-11-25 09:36:52,0.17,1.1333,1262,0.15,1.0,1488,0.15,1.0,1,0.16,1.0666,27,0
IWM191129C161,2019-11-25,2019-11-25 09:36:53,0.17,1.1333,1262,0.15,1.0,1488,0.15,1.0,1,0.16,1.0666,27,0
IWM191129C161,2019-11-25,2019-11-25 09:36:54,0.17,1.1333,1262,0.15,1.0,1488,0.15,1.0,1,0.16,1.0666,27,0
IWM191129C161,2019-11-25,2019-11-25 09:36:54,0.17,1.1333,1262,0.16,1.0666,188,0.15,1.0,1,0.165,1.1,27,0
IWM191129C161,2019-11-25,2019-11-25 09:36:55,0.17,1.1333,1263,0.16,1.0666,93,0.15,1.0,1,0.165,1.1,27,0
IWM191129C161,2019-11-25,2019-11-25 09:36:55,0.17,1.1333,1261,0.16,1.0666,93,0.15,1.0,1,0.165,1.1,27,0
IWM191129C161,2019-11-25,2019-11-25 09:36:56,0.17,1.1333,1014,0.16,1.0666,261,0.15,1.0,1,0.165,1.1,27,0
IWM191129C161,2019-11-25,2019-11-25 09:36:57,0.17,1.1333,1056,0.16,1.0666,267,0.15,1.0,1,0.165,1.1,27,0
IWM191129C161,2019-11-25,2019-11-25 09:36:57,0.17,1.1333,1013,0.16,1.0666,230,0.15,1.0,1,0.165,1.1,27,0
IWM191129C161,2019-11-25,2019-11-25 09:36:58,0.17,1.1333,1106,0.16,1.0666,247,0.15,1.0,1,0.165,1.1,27,0
IWM191129C161,2019-11-25,2019-11-25 09:36:59,0.17,1.1333,1106,0.16,1.0666,247,0.15,1.0,1,0.165,1.1,27,0
IWM191129C161,2019-11-25,2019-11-25 09:36:59,0.17,1.1333,585,0.16,1.0666,252,0.15,1.0,1,0.165,1.1,27,0
IWM191129C161,2019-11-25,2019-11-25 09:37:00,0.17,1.1333,1103,0.16,1.0666,246,0.15,1.0,1,0.165,1.1,27,0
IWM191129C161,2019-11-25,2019-11-25 09:37:00,0.17,1.1333,679,0.16,1.0666,12,0.15,1.0,1,0.165,1.1,27,0
IWM191129C161,2019-11-25,2019-11-25 09:37:01,0.17,1.1333,679,0.16,1.0666,23,0.15,1.0,1,0.165,1.1,27,0
IWM191129C161,2019-11-25,2019-11-25 09:37:02,0.17,1.1333,1047,0.15,1.0,793,0.15,1.0,1,0.16,1.0666,27,0
IWM191129C161,2019-11-25,2019-11-25 09:37:02,0.17,1.1333,591,0.16,1.0666,42,0.15,1.0,1,0.165,1.1,27,0
IWM191129C161,2019-11-25,2019-11-25 09:37:03,0.17,1.1333,1047,0.15,1.0,803,0.15,1.0,1,0.16,1.0666,27,0
IWM191129C161,2019-11-25,2019-11-25 09:37:03,0.17,1.1333,1171,0.15,1.0,831,0.15,1.0,1,0.16,1.0666,27,0
IWM191129C161,2019-11-25,2019-11-25 09:37:04,0.16,1.0666,37,0.15,1.0,656,0.15,1.0,1,0.155,1.0333,27,0
IWM191129C161,2019-11-25,2019-11-25 09:37:04,0.16,1.0666,96,0.15,1.0,774,0.15,1.0,1,0.155,1.0333,27,0
IWM191129C161,2019-11-25,2019-11-25 09:37:05,0.16,1.0666,180,0.15,1.0,350,0.15,1.0,1,0.155,1.0333,27,0
IWM191129C161,2019-11-25,2019-11-25 09:37:05,0.16,1.0666,402,0.15,1.0,488,0.15,1.0,1,0.155,1.0333,27,0
IWM191129C161,2019-11-25,2019-11-25 09:37:06,0.16,1.0666,640,0.15,1.0,833,0.15,1.0,1,0.155,1.0333,27,0
IWM191129C161,2019-11-25,2019-11-25 09:37:06,0.16,1.0666,639,0.15,1.0,604,0.15,1.0,1,0.155,1.0333,27,0
IWM191129C161,2019-11-25,2019-11-25 09:37:07,0.16,1.0666,568,0.15,1.0,938,0.15,1.0,1,0.155,1.0333,27,0
IWM191129C161,2019-11-25,2019-11-25 09:37:08,0.16,1.0666,568,0.15,1.0,938,0.15,1.0,1,0.155,1.0333,27,0
IWM191129C161,2019-11-25,2019-11-25 09:37:08,0.16,1.0666,818,0.15,1.0,938,0.15,1.0,1,0.155,1.0333,27,0
IWM191129C161,2019-11-25,2019-11-25 09:37:09,0.16,1.0666,568,0.15,1.0,1012,0.15,1.0,1,0.155,1.0333,27,0
IWM191129C161,2019-11-25,2019-11-25 09:37:09,0.16,1.0666,523,0.15,1.0,1012,0.15,1.0,1,0.155,1.0333,27,0
IWM191129C161,2019-11-25,2019-11-25 09:37:10,0.16,1.0666,243,0.15,1.0,1067,0.15,1.0,1,0.155,1.0333,27,0
IWM191129C161,2019-11-25,2019-11-25 09:37:10,0.16,1.0666,137,0.15,1.0,518,0.15,1.0,1,0.155,1.0333,27,0
IWM191129C161,2019-11-25,2019-11-25 09:37:11,0.16,1.0666,80,0.15,1.0,1463,0.15,1.0,1,0.155,1.0333,27,0
IWM191129C161,2019-11-25,2019-11-25 09:37:11,0.16,1.0666,12,0.15,1.0,1525,0.15,1.0,1,0.155,1.0333,27,0
IWM191129C161,2019-11-25,2019-11-25 09:37:12,0.17,1.1333,1326,0.15,1.0,1385,0.15,1.0,1,0.16,1.0666,27,0
IWM191129C161,2019-11-25,2019-11-25 09:37:13,0.17,1.1333,1326,0.15,1.0,1385,0.15,1.0,1,0.16,1.0666,27,0
IWM191129C161,2019-11-25,2019-11-25 09:37:14,0.17,1.1333,1326,0.15,1.0,1385,0.15,1.0,1,0.16,1.0666,27,0
IWM191129C161,2019-11-25,2019-11-25 09:37:15,0.16,1.0666,424,0.15,1.0,660,0.15,1.0,1,0.155,1.0333,27,0
IWM191129C161,2019-11-25,2019-11-25 09:37:16,0.16,1.0666,405,0.15,1.0,939,0.15,1.0,1,0.155,1.0333,27,0
IWM191129C161,2019-11-25,2019-11-25 09:37:16,0.16,1.0666,726,0.15,1.0,939,0.15,1.0,1,0.155,1.0333,27,0
IWM191129C161,2019-11-25,2019-11-25 09:37:17,0.16,1.0666,1039,0.15,1.0,1042,0.15,1.0,1,0.155,1.0333,27,0
IWM191129C161,2019-11-25,2019-11-25 09:37:17,0.16,1.0666,801,0.15,1.0,1062,0.15,1.0,1,0.155,1.0333,27,0
IWM191129C161,2019-11-25,2019-11-25 09:37:18,0.16,1.0666,97,0.15,1.0,745,0.15,1.0,1,0.155,1.0333,27,0
IWM191129C161,2019-11-25,2019-11-25 09:37:18,0.16,1.0666,309,0.15,1.0,943,0.15,1.0,1,0.155,1.0333,27,0
IWM191129C161,2019-11-25,2019-11-25 09:37:19,0.16,1.0666,437,0.15,1.0,934,0.15,1.0,1,0.155,1.0333,27,0
IWM191129C161,2019-11-25,2019-11-25 09:37:19,0.16,1.0666,256,0.15,1.0,934,0.15,1.0,1,0.155,1.0333,27,0
IWM191129C161,2019-11-25,2019-11-25 09:37:20,0.16,1.0666,328,0.15,1.0,963,0.15,1.0,1,0.155,1.0333,27,0
IWM191129C161,2019-11-25,2019-11-25 09:37:20,0.16,1.0666,985,0.15,1.0,963,0.15,1.0,1,0.155,1.0333,27,0
IWM191129C161,2019-11-25,2019-11-25 09:37:21,0.16,1.0666,692,0.15,1.0,959,0.15,1.0,1,0.155,1.0333,27,0
IWM191129C161,2019-11-25,2019-11-25 09:37:21,0.16,1.0666,328,0.15,1.0,959,0.15,1.0,1,0.155,1.0333,27,0
IWM191129C161,2019-11-25,2019-11-25 09:37:22,0.16,1.0666,1064,0.15,1.0,757,0.15,1.0,1,0.155,1.0333,27,0
IWM191129C161,2019-11-25,2019-11-25 09:37:22,0.16,1.0666,1065,0.15,1.0,771,0.15,1.0,1,0.155,1.0333,27,0
IWM191129C161,2019-11-25,2019-11-25 09:37:23,0.16,1.0666,1065,0.15,1.0,296,0.15,1.0,1,0.155,1.0333,27,0
IWM191129C161,2019-11-25,2019-11-25 09:37:24,0.16,1.0666,1065,0.15,1.0,308,0.15,1.0,1,0.155,1.0333,27,0
IWM191129C161,2019-11-25,2019-11-25 09:37:24,0.16,1.0666,1115,0.15,1.0,315,0.15,1.0,1,0.155,1.0333,27,0
IWM191129C161,2019-11-25,2019-11-25 09:37:25,0.16,1.0666,1152,0.15,1.0,215,0.15,1.0,1,0.155,1.0333,27,0
IWM191129C161,2019-11-25,2019-11-25 09:37:25,0.16,1.0666,1108,0.15,1.0,71,0.15,1.0,1,0.155,1.0333,27,0
IWM191129C161,2019-11-25,2019-11-25 09:37:26,0.16,1.0666,1108,0.15,1.0,123,0.15,1.0,1,0.155,1.0333,27,0
IWM191129C161,2019-11-25,2019-11-25 09:37:26,0.16,1.0666,1108,0.15,1.0,224,0.15,1.0,1,0.155,1.0333,27,0
IWM191129C161,2019-11-25,2019-11-25 09:37:27,0.16,1.0666,1108,0.15,1.0,224,0.15,1.0,1,0.155,1.0333,27,0
IWM191129C161,2019-11-25,2019-11-25 09:37:28,0.16,1.0666,1004,0.15,1.0,410,0.15,1.0,1,0.155,1.0333,27,0
IWM191129C161,2019-11-25,2019-11-25 09:37:28,0.16,1.0666,1108,0.15,1.0,264,0.15,1.0,1,0.155,1.0333,27,0
IWM191129C161,2019-11-25,2019-11-25 09:37:29,0.16,1.0666,225,0.15,1.0,884,0.15,1.0,1,0.155,1.0333,27,0
IWM191129C161,2019-11-25,2019-11-25 09:37:29,0.16,1.0666,96,0.15,1.0,522,0.15,1.0,1,0.155,1.0333,27,0
IWM191129C161,2019-11-25,2019-11-25 09:37:30,0.16,1.0666,96,0.15,1.0,889,0.15,1.0,1,0.155,1.0333,27,0
IWM191129C161,2019-11-25,2019-11-25 09:37:30,0.16,1.0666,96,0.15,1.0,1161,0.15,1.0,1,0.155,1.0333,27,0
IWM191129C161,2019-11-25,2019-11-25 09:37:31,0.16,1.0666,96,0.15,1.0,1168,0.15,1.0,1,0.155,1.0333,27,0
IWM191129C161,2019-11-25,2019-11-25 09:37:32,0.17,1.1333,941,0.15,1.0,1168,0.15,1.0,1,0.16,1.0666,27,0
IWM191129C161,2019-11-25,2019-11-25 09:37:33,0.17,1.1333,1088,0.15,1.0,1168,0.15,1.0,1,0.16,1.0666,27,0
IWM191129C161,2019-11-25,2019-11-25 09:37:33,0.17,1.1333,1251,0.16,1.0666,215,0.15,1.0,1,0.165,1.1,27,0
IWM191129C161,2019-11-25,2019-11-25 09:37:34,0.17,1.1333,1251,0.16,1.0666,228,0.15,1.0,1,0.165,1.1,27,0
IWM191129C161,2019-11-25,2019-11-25 09:37:34,0.17,1.1333,1251,0.16,1.0666,209,0.15,1.0,1,0.165,1.1,27,0
IWM191129C161,2019-11-25,2019-11-25 09:37:35,0.17,1.1333,1251,0.16,1.0666,209,0.15,1.0,1,0.165,1.1,27,0
IWM191129C161,2019-11-25,2019-11-25 09:37:35,0.17,1.1333,1321,0.16,1.0666,88,0.15,1.0,1,0.165,1.1,27,0
IWM191129C161,2019-11-25,2019-11-25 09:37:36,0.17,1.1333,1321,0.16,1.0666,94,0.15,1.0,1,0.165,1.1,27,0
IWM191129C161,2019-11-25,2019-11-25 09:37:36,0.17,1.1333,1321,0.16,1.0666,181,0.15,1.0,1,0.165,1.1,27,0
IWM191129C161,2019-11-25,2019-11-25 09:37:37,0.17,1.1333,1337,0.15,1.0,1054,0.15,1.0,1,0.16,1.0666,27,0
IWM191129C161,2019-11-25,2019-11-25 09:37:37,0.17,1.1333,1321,0.15,1.0,363,0.15,1.0,1,0.16,1.0666,27,0
IWM191129C161,2019-11-25,2019-11-25 09:37:38,0.17,1.1333,1337,0.15,1.0,2192,0.15,1.0,1,0.16,1.0666,27,0
IWM191129C161,2019-11-25,2019-11-25 09:37:38,0.17,1.1333,1337,0.15,1.0,2351,0.15,1.0,1,0.16,1.0666,27,0
IWM191129C161,2019-11-25,2019-11-25 09:37:39,0.17,1.1333,1337,0.15,1.0,2185,0.15,1.0,1,0.16,1.0666,27,0
IWM191129C161,2019-11-25,2019-11-25 09:37:39,0.17,1.1333,1337,0.15,1.0,2233,0.15,1.0,1,0.16,1.0666,27,0
IWM191129C161,2019-11-25,2019-11-25 09:37:40,0.17,1.1333,1337,0.15,1.0,2475,0.15,1.0,1,0.16,1.0666,27,0
IWM191129C161,2019-11-25,2019-11-25 09:37:41,0.17,1.1333,1336,0.16,1.0666,197,0.15,1.0,1,0.165,1.1,27,0
IWM191129C161,2019-11-25,2019-11-25 09:37:41,0.17,1.1333,1337,0.16,1.0666,97,0.15,1.0,1,0.165,1.1,27,0
IWM191129C161,2019-11-25,2019-11-25 09:37:42,0.17,1.1333,1337,0.16,1.0666,154,0.15,1.0,1,0.165,1.1,27,0
IWM191129C161,2019-11-25,2019-11-25 09:37:42,0.17,1.1333,1324,0.16,1.0666,216,0.15,1.0,1,0.165,1.1,27,0
IWM191129C161,2019-11-25,2019-11-25 09:37:43,0.17,1.1333,1337,0.16,1.0666,154,0.15,1.0,1,0.165,1.1,27,0
IWM191129C161,2019-11-25,2019-11-25 09:37:43,0.17,1.1333,1337,0.16,1.0666,227,0.15,1.0,1,0.165,1.1,27,0
IWM191129C161,2019-11-25,2019-11-25 09:37:44,0.17,1.1333,1337,0.16,1.0666,227,0.15,1.0,1,0.165,1.1,27,0
IWM191129C161,2019-11-25,2019-11-25 09:37:45,0.17,1.1333,1337,0.16,1.0666,223,0.15,1.0,1,0.165,1.1,27,0
IWM191129C161,2019-11-25,2019-11-25 09:37:46,0.17,1.1333,1337,0.16,1.0666,10,0.15,1.0,1,0.165,1.1,27,0
IWM191129C161,2019-11-25,2019-11-25 09:37:46,0.17,1.1333,1337,0.16,1.0666,88,0.15,1.0,1,0.165,1.1,27,0
IWM191129C161,2019-11-25,2019-11-25 09:37:47,0.17,1.1333,1337,0.16,1.0666,88,0.15,1.0,1,0.165,1.1,27,0
IWM191129C161,2019-11-25,2019-11-25 09:37:47,0.17,1.1333,1340,0.15,1.0,819,0.15,1.0,1,0.16,1.0666,27,0
IWM191129C161,2019-11-25,2019-11-25 09:37:48,0.17,1.1333,1336,0.15,1.0,1462,0.15,1.0,1,0.16,1.0666,27,0
IWM191129C161,2019-11-25,2019-11-25 09:37:49,0.17,1.1333,1336,0.15,1.0,2085,0.15,1.0,1,0.16,1.0666,27,0
IWM191129C161,2019-11-25,2019-11-25 09:37:50,0.17,1.1333,1336,0.15,1.0,1714,0.15,1.0,1,0.16,1.0666,27,0
IWM191129C161,2019-11-25,2019-11-25 09:37:50,0.17,1.1333,1336,0.15,1.0,2085,0.15,1.0,1,0.16,1.0666,27,0
IWM191129C161,2019-11-25,2019-11-25 09:37:51,0.17,1.1333,1336,0.15,1.0,2029,0.15,1.0,1,0.16,1.0666,27,0
IWM191129C161,2019-11-25,2019-11-25 09:37:51,0.17,1.1333,1336,0.15,1.0,2401,0.15,1.0,1,0.16,1.0666,27,0
IWM191129C161,2019-11-25,2019-11-25 09:37:52,0.17,1.1333,1336,0.15,1.0,2201,0.15,1.0,1,0.16,1.0666,27,0
IWM191129C161,2019-11-25,2019-11-25 09:37:53,0.17,1.1333,1336,0.15,1.0,2201,0.15,1.0,1,0.16,1.0666,27,0
IWM191129C161,2019-11-25,2019-11-25 09:37:54,0.17,1.1333,1334,0.15,1.0,2437,0.15,1.0,1,0.16,1.0666,27,0
IWM191129C161,2019-11-25,2019-11-25 09:37:54,0.17,1.1333,1334,0.15,1.0,2319,0.15,1.0,1,0.16,1.0666,27,0
IWM191129C161,2019-11-25,2019-11-25 09:37:55,0.17,1.1333,1334,0.15,1.0,1785,0.15,1.0,1,0.16,1.0666,27,0
IWM191129C161,2019-11-25,2019-11-25 09:37:55,0.17,1.1333,1334,0.15,1.0,2052,0.15,1.0,1,0.16,1.0666,27,0
IWM191129C161,2019-11-25,2019-11-25 09:37:56,0.17,1.1333,1334,0.15,1.0,2485,0.15,1.0,1,0.16,1.0666,27,0
IWM191129C161,2019-11-25,2019-11-25 09:37:57,0.16,1.0666,155,0.15,1.0,1647,0.15,1.0,1,0.155,1.0333,27,0
IWM191129C161,2019-11-25,2019-11-25 09:37:57,0.17,1.1333,1334,0.15,1.0,1546,0.15,1.0,1,0.16,1.0666,27,0
IWM191129C161,2019-11-25,2019-11-25 09:37:58,0.16,1.0666,155,0.15,1.0,2398,0.15,1.0,1,0.155,1.0333,27,0
IWM191129C161,2019-11-25,2019-11-25 09:37:58,0.17,1.1333,1018,0.15,1.0,2398,0.15,1.0,1,0.16,1.0666,27,0
IWM191129C161,2019-11-25,2019-11-25 09:37:59,0.17,1.1333,1156,0.15,1.0,2443,0.15,1.0,1,0.16,1.0666,27,0
IWM191129C161,2019-11-25,2019-11-25 09:37:59,0.17,1.1333,1305,0.15,1.0,2622,0.15,1.0,1,0.16,1.0666,27,0
IWM191129C161,2019-11-25,2019-11-25 09:38:00,0.16,1.0666,40,0.15,1.0,2622,0.15,1.0,1,0.155,1.0333,27,0
IWM191129C161,2019-11-25,2019-11-25 09:38:00,0.16,1.0666,40,0.15,1.0,2674,0.15,1.0,1,0.155,1.0333,27,0
IWM191129C161,2019-11-25,2019-11-25 09:38:01,0.17,1.1333,1154,0.15,1.0,2785,0.15,1.0,1,0.16,1.0666,27,0
IWM191129C161,2019-11-25,2019-11-25 09:38:01,0.17,1.1333,820,0.15,1.0,2013,0.15,1.0,1,0.16,1.0666,27,0
IWM191129C161,2019-11-25,2019-11-25 09:38:02,0.17,1.1333,1289,0.16,1.0666,222,0.15,1.0,1,0.165,1.1,27,0
IWM191129C161,2019-11-25,2019-11-25 09:38:03,0.17,1.1333,1147,0.16,1.0666,149,0.16,1.0666,3,0.165,1.1,30,3
IWM191129C161,2019-11-25,2019-11-25 09:38:03,0.17,1.1333,1147,0.16,1.0666,149,0.16,1.0666,3,0.165,1.1,30,0
IWM191129C161,2019-11-25,2019-11-25 09:38:04,0.17,1.1333,1147,0.16,1.0666,345,0.16,1.0666,3,0.165,1.1,30,0
IWM191129C161,2019-11-25,2019-11-25 09:38:05,0.17,1.1333,1147,0.16,1.0666,345,0.16,1.0666,3,0.165,1.1,30,0
IWM191129C161,2019-11-25,2019-11-25 09:38:05,0.17,1.1333,1319,0.16,1.0666,230,0.16,1.0666,3,0.165,1.1,30,0
IWM191129C161,2019-11-25,2019-11-25 09:38:06,0.17,1.1333,1319,0.16,1.0666,270,0.16,1.0666,3,0.165,1.1,30,0
IWM191129C161,2019-11-25,2019-11-25 09:38:07,0.17,1.1333,850,0.16,1.0666,270,0.16,1.0666,3,0.165,1.1,30,0
IWM191129C161,2019-11-25,2019-11-25 09:38:07,0.17,1.1333,1319,0.16,1.0666,270,0.16,1.0666,3,0.165,1.1,30,0
IWM191129C161,2019-11-25,2019-11-25 09:38:08,0.17,1.1333,1072,0.16,1.0666,244,0.16,1.0666,3,0.165,1.1,30,0
IWM191129C161,2019-11-25,2019-11-25 09:38:08,0.17,1.1333,1072,0.16,1.0666,130,0.16,1.0666,3,0.165,1.1,30,0
IWM191129C161,2019-11-25,2019-11-25 09:38:09,0.17,1.1333,1069,0.16,1.0666,244,0.16,1.0666,3,0.165,1.1,30,0
IWM191129C161,2019-11-25,2019-11-25 09:38:10,0.17,1.1333,1069,0.16,1.0666,244,0.16,1.0666,3,0.165,1.1,30,0
IWM191129C161,2019-11-25,2019-11-25 09:38:11,0.17,1.1333,382,0.16,1.0666,797,0.16,1.0666,3,0.165,1.1,30,0
IWM191129C161,2019-11-25,2019-11-25 09:38:11,0.17,1.1333,272,0.16,1.0666,683,0.16,1.0666,3,0.165,1.1,30,0
IWM191129C161,2019-11-25,2019-11-25 09:38:12,0.17,1.1333,223,0.16,1.0666,834,0.16,1.0666,3,0.165,1.1,30,0
IWM191129C161,2019-11-25,2019-11-25 09:38:12,0.17,1.1333,223,0.16,1.0666,878,0.16,1.0666,3,0.165,1.1,30,0
IWM191129C161,2019-11-25,2019-11-25 09:38:13,0.17,1.1333,223,0.16,1.0666,877,0.16,1.0666,3,0.165,1.1,30,0
IWM191129C161,2019-11-25,2019-11-25 09:38:14,0.17,1.1333,223,0.16,1.0666,916,0.16,1.0666,3,0.165,1.1,30,0
IWM191129C161,2019-11-25,2019-11-25 09:38:14,0.17,1.1333,312,0.16,1.0666,965,0.16,1.0666,3,0.165,1.1,30,0
IWM191129C161,2019-11-25,2019-11-25 09:38:15,0.17,1.1333,312,0.16,1.0666,965,0.16,1.0666,3,0.165,1.1,30,0
IWM191129C161,2019-11-25,2019-11-25 09:38:15,0.17,1.1333,223,0.16,1.0666,1011,0.16,1.0666,3,0.165,1.1,30,0
IWM191129C161,2019-11-25,2019-11-25 09:38:16,0.17,1.1333,223,0.16,1.0666,967,0.16,1.0666,3,0.165,1.1,30,0
IWM191129C161,2019-11-25,2019-11-25 09:38:16,0.17,1.1333,193,0.16,1.0666,1388,0.16,1.0666,3,0.165,1.1,30,0
IWM191129C161,2019-11-25,2019-11-25 09:38:17,0.17,1.1333,99,0.16,1.0666,696,0.16,1.0666,3,0.165,1.1,30,0
IWM191129C161,2019-11-25,2019-11-25 09:38:17,0.17,1.1333,99,0.16,1.0666,1076,0.16,1.0666,3,0.165,1.1,30,0
IWM191129C161,2019-11-25,2019-11-25 09:38:18,0.18,1.2,1061,0.16,1.0666,1655,0.16,1.0666,3,0.17,1.1333,30,0
IWM191129C161,2019-11-25,2019-11-25 09:38:18,0.18,1.2,1061,0.16,1.0666,2482,0.16,1.0666,3,0.17,1.1333,30,0
IWM191129C161,2019-11-25,2019-11-25 09:38:19,0.18,1.2,1061,0.16,1.0666,2482,0.16,1.0666,3,0.17,1.1333,30,0
IWM191129C161,2019-11-25,2019-11-25 09:38:20,0.18,1.2,1061,0.16,1.0666,2317,0.16,1.0666,3,0.17,1.1333,30,0
IWM191129C161,2019-11-25,2019-11-25 09:38:20,0.18,1.2,1061,0.16,1.0666,2316,0.16,1.0666,3,0.17,1.1333,30,0
IWM191129C161,2019-11-25,2019-11-25 09:38:21,0.18,1.2,1061,0.16,1.0666,2376,0.16,1.0666,3,0.17,1.1333,30,0
IWM191129C161,2019-11-25,2019-11-25 09:38:21,0.18,1.2,1062,0.16,1.0666,2376,0.16,1.0666,3,0.17,1.1333,30,0
IWM191129C161,2019-11-25,2019-11-25 09:38:22,0.18,1.2,1260,0.16,1.0666,2376,0.16,1.0666,3,0.17,1.1333,30,0
IWM191129C161,2019-11-25,2019-11-25 09:38:23,0.18,1.2,1260,0.16,1.0666,2376,0.16,1.0666,3,0.17,1.1333,30,0
IWM191129C161,2019-11-25,2019-11-25 09:38:24,0.18,1.2,1270,0.16,1.0666,2329,0.16,1.0666,3,0.17,1.1333,30,0
IWM191129C161,2019-11-25,2019-11-25 09:38:25,0.17,1.1333,564,0.16,1.0666,646,0.16,1.0666,3,0.165,1.1,30,0
IWM191129C161,2019-11-25,2019-11-25 09:38:25,0.18,1.2,1270,0.16,1.0666,480,0.16,1.0666,3,0.17,1.1333,30,0
IWM191129C161,2019-11-25,2019-11-25 09:38:26,0.17,1.1333,477,0.16,1.0666,137,0.16,1.0666,3,0.165,1.1,30,0
IWM191129C161,2019-11-25,2019-11-25 09:38:26,0.17,1.1333,565,0.16,1.0666,137,0.16,1.0666,3,0.165,1.1,30,0
IWM191129C161,2019-11-25,2019-11-25 09:38:27,0.17,1.1333,493,0.16,1.0666,663,0.16,1.0666,3,0.165,1.1,30,0
IWM191129C161,2019-11-25,2019-11-25 09:38:27,0.17,1.1333,422,0.16,1.0666,137,0.16,1.0666,3,0.165,1.1,30,0
IWM191129C161,2019-11-25,2019-11-25 09:38:28,0.17,1.1333,389,0.16,1.0666,1148,0.16,1.0666,3,0.165,1.1,30,0
IWM191129C161,2019-11-25,2019-11-25 09:38:28,0.17,1.1333,493,0.16,1.0666,963,0.16,1.0666,3,0.165,1.1,30,0
IWM191129C161,2019-11-25,2019-11-25 09:38:29,0.17,1.1333,389,0.16,1.0666,1067,0.16,1.0666,3,0.165,1.1,30,0
IWM191129C161,2019-11-25,2019-11-25 09:38:29,0.17,1.1333,556,0.16,1.0666,580,0.16,1.0666,3,0.165,1.1,30,0
IWM191129C161,2019-11-25,2019-11-25 09:38:30,0.17,1.1333,1030,0.16,1.0666,214,0.16,1.0666,3,0.165,1.1,30,0
IWM191129C161,2019-11-25,2019-11-25 09:38:30,0.17,1.1333,967,0.16,1.0666,510,0.16,1.0666,3,0.165,1.1,30,0
IWM191129C161,2019-11-25,2019-11-25 09:38:31,0.17,1.1333,1002,0.16,1.0666,321,0.16,1.0666,3,0.165,1.1,30,0
IWM191129C161,2019-11-25,2019-11-25 09:38:32,0.17,1.1333,1036,0.16,1.0666,321,0.16,1.0666,3,0.165,1.1,30,0
IWM191129C161,2019-11-25,2019-11-25 09:38:33,0.17,1.1333,1111,0.16,1.0666,321,0.16,1.0666,3,0.165,1.1,30,0
IWM191129C161,2019-11-25,2019-11-25 09:38:33,0.17,1.1333,1036,0.16,1.0666,321,0.16,1.0666,3,0.165,1.1,30,0
IWM191129C161,2019-11-25,2019-11-25 09:38:34,0.17,1.1333,1111,0.16,1.0666,321,0.16,1.0666,3,0.165,1.1,30,0
IWM191129C161,2019-11-25,2019-11-25 09:38:34,0.17,1.1333,1099,0.16,1.0666,321,0.16,1.0666,3,0.165,1.1,30,0
IWM191129C161,2019-11-25,2019-11-25 09:38:35,0.17,1.1333,493,0.16,1.0666,216,0.16,1.0666,3,0.165,1.1,30,0
IWM191129C161,2019-11-25,2019-11-25 09:38:35,0.17,1.1333,1115,0.16,1.0666,78,0.16,1.0666,3,0.165,1.1,30,0
IWM191129C161,2019-11-25,2019-11-25 09:38:36,0.17,1.1333,493,0.16,1.0666,226,0.16,1.0666,3,0.165,1.1,30,0
IWM191129C161,2019-11-25,2019-11-25 09:38:36,0.17,1.1333,466,0.16,1.0666,500,0.16,1.0666,3,0.165,1.1,30,0
IWM191129C161,2019-11-25,2019-11-25 09:38:37,0.17,1.1333,466,0.16,1.0666,649,0.16,1.0666,3,0.165,1.1,30,0
IWM191129C161,2019-11-25,2019-11-25 09:38:38,0.17,1.1333,466,0.16,1.0666,905,0.16,1.0666,3,0.165,1.1,30,0
IWM191129C161,2019-11-25,2019-11-25 09:38:39,0.17,1.1333,466,0.16,1.0666,905,0.16,1.0666,3,0.165,1.1,30,0
IWM191129C161,2019-11-25,2019-11-25 09:38:40,0.17,1.1333,466,0.16,1.0666,905,0.16,1.0666,3,0.165,1.1,30,0
IWM191129C161,2019-11-25,2019-11-25 09:38:40,0.17,1.1333,285,0.16,1.0666,628,0.16,1.0666,3,0.165,1.1,30,0
IWM191129C161,2019-11-25,2019-11-25 09:38:41,0.17,1.1333,107,0.16,1.0666,1027,0.16,1.0666,3,0.165,1.1,30,0
IWM191129C161,2019-11-25,2019-11-25 09:38:41,0.17,1.1333,106,0.16,1.0666,1027,0.16,1.0666,3,0.165,1.1,30,0
IWM191129C161,2019-11-25,2019-11-25 09:38:42,0.17,1.1333,106,0.16,1.0666,731,0.16,1.0666,3,0.165,1.1,30,0
IWM191129C161,2019-11-25,2019-11-25 09:38:42,0.17,1.1333,106,0.16,1.0666,689,0.16,1.0666,3,0.165,1.1,30,0
IWM191129C161,2019-11-25,2019-11-25 09:38:43,0.17,1.1333,106,0.16,1.0666,731,0.16,1.0666,3,0.165,1.1,30,0
IWM191129C161,2019-11-25,2019-11-25 09:38:44,0.17,1.1333,106,0.16,1.0666,731,0.16,1.0666,3,0.165,1.1,30,0
IWM191129C161,2019-11-25,2019-11-25 09:38:44,0.17,1.1333,149,0.16,1.0666,1097,0.16,1.0666,3,0.165,1.1,30,0
IWM191129C161,2019-11-25,2019-11-25 09:38:45,0.17,1.1333,107,0.16,1.0666,1097,0.16,1.0666,3,0.165,1.1,30,0
IWM191129C161,2019-11-25,2019-11-25 09:38:45,0.17,1.1333,107,0.16,1.0666,1143,0.16,1.0666,3,0.165,1.1,30,0
IWM191129C161,2019-11-25,2019-11-25 09:38:46,0.17,1.1333,201,0.16,1.0666,1321,0.16,1.0666,3,0.165,1.1,30,0
IWM191129C161,2019-11-25,2019-11-25 09:38:47,0.17,1.1333,201,0.16,1.0666,1275,0.16,1.0666,3,0.165,1.1,30,0
IWM191129C161,2019-11-25,2019-11-25 09:38:47,0.17,1.1333,66,0.16,1.0666,1507,0.16,1.0666,3,0.165,1.1,30,0
IWM191129C161,2019-11-25,2019-11-25 09:38:48,0.17,1.1333,66,0.16,1.0666,1361,0.16,1.0666,3,0.165,1.1,30,0
IWM191129C161,2019-11-25,2019-11-25 09:38:49,0.17,1.1333,66,0.16,1.0666,1361,0.16,1.0666,3,0.165,1.1,30,0
IWM191129C161,2019-11-25,2019-11-25 09:38:50,0.17,1.1333,66,0.16,1.0666,1312,0.16,1.0666,3,0.165,1.1,30,0
IWM191129C161,2019-11-25,2019-11-25 09:38:50,0.17,1.1333,66,0.16,1.0666,1361,0.16,1.0666,3,0.165,1.1,30,0
IWM191129C161,2019-11-25,2019-11-25 09:38:51,0.17,1.1333,66,0.16,1.0666,1359,0.16,1.0666,3,0.165,1.1,30,0
IWM191129C161,2019-11-25,2019-11-25 09:38:51,0.17,1.1333,66,0.16,1.0666,1312,0.16,1.0666,3,0.165,1.1,30,0
IWM191129C161,2019-11-25,2019-11-25 09:38:52,0.17,1.1333,66,0.16,1.0666,1359,0.16,1.0666,3,0.165,1.1,30,0
IWM191129C161,2019-11-25,2019-11-25 09:38:53,0.17,1.1333,66,0.16,1.0666,1359,0.16,1.0666,3,0.165,1.1,30,0
IWM191129C161,2019-11-25,2019-11-25 09:38:54,0.17,1.1333,66,0.16,1.0666,1359,0.16,1.0666,3,0.165,1.1,30,0
IWM191129C161,2019-11-25,2019-11-25 09:38:54,0.18,1.2,1088,0.16,1.0666,1436,0.16,1.0666,3,0.17,1.1333,30,0
IWM191129C161,2019-11-25,2019-11-25 09:38:55,0.18,1.2,1235,0.16,1.0666,1398,0.16,1.0666,3,0.17,1.1333,30,0
IWM191129C161,2019-11-25,2019-11-25 09:38:56,0.18,1.2,1235,0.16,1.0666,1398,0.16,1.0666,3,0.17,1.1333,30,0
IWM191129C161,2019-11-25,2019-11-25 09:38:57,0.18,1.2,1235,0.16,1.0666,1398,0.16,1.0666,3,0.17,1.1333,30,0
IWM191129C161,2019-11-25,2019-11-25 09:38:58,0.18,1.2,1349,0.16,1.0666,1263,0.16,1.0666,3,0.17,1.1333,30,0
IWM191129C161,2019-11-25,2019-11-25 09:38:58,0.18,1.2,792,0.16,1.0666,967,0.16,1.0666,3,0.17,1.1333,30,0
IWM191129C161,2019-11-25,2019-11-25 09:38:59,0.18,1.2,1349,0.16,1.0666,1706,0.16,1.0666,3,0.17,1.1333,30,0
IWM191129C161,2019-11-25,2019-11-25 09:38:59,0.18,1.2,1349,0.16,1.0666,1263,0.16,1.0666,3,0.17,1.1333,30,0
IWM191129C161,2019-11-25,2019-11-25 09:39:00,0.18,1.2,856,0.16,1.0666,1763,0.16,1.0666,3,0.17,1.1333,30,0
IWM191129C161,2019-11-25,2019-11-25 09:39:00,0.18,1.2,523,0.16,1.0666,1763,0.16,1.0666,3,0.17,1.1333,30,0
IWM191129C161,2019-11-25,2019-11-25 09:39:01,0.18,1.2,617,0.17,1.1333,131,0.16,1.0666,3,0.175,1.1666,30,0
IWM191129C161,2019-11-25,2019-11-25 09:39:01,0.18,1.2,617,0.17,1.1333,98,0.16,1.0666,3,0.175,1.1666,30,0
IWM191129C161,2019-11-25,2019-11-25 09:39:02,0.18,1.2,617,0.17,1.1333,88,0.16,1.0666,3,0.175,1.1666,30,0
IWM191129C161,2019-11-25,2019-11-25 09:39:03,0.18,1.2,1017,0.17,1.1333,88,0.16,1.0666,3,0.175,1.1666,30,0
IWM191129C161,2019-11-25,2019-11-25 09:39:03,0.18,1.2,1017,0.17,1.1333,184,0.16,1.0666,3,0.175,1.1666,30,0
IWM191129C161,2019-11-25,2019-11-25 09:39:04,0.18,1.2,417,0.17,1.1333,763,0.16,1.0666,3,0.175,1.1666,30,0
IWM191129C161,2019-11-25,2019-11-25 09:39:04,0.18,1.2,1017,0.17,1.1333,184,0.16,1.0666,3,0.175,1.1666,30,0
IWM191129C161,2019-11-25,2019-11-25 09:39:05,0.18,1.2,317,0.17,1.1333,969,0.16,1.0666,3,0.175,1.1666,30,0
IWM191129C161,2019-11-25,2019-11-25 09:39:06,0.18,1.2,317,0.17,1.1333,1104,0.16,1.0666,3,0.175,1.1666,30,0
IWM191129C161,2019-11-25,2019-11-25 09:39:06,0.18,1.2,358,0.17,1.1333,711,0.16,1.0666,3,0.175,1.1666,30,0
IWM191129C161,2019-11-25,2019-11-25 09:39:07,0.18,1.2,552,0.17,1.1333,921,0.16,1.0666,3,0.175,1.1666,30,0
IWM191129C161,2019-11-25,2019-11-25 09:39:07,0.18,1.2,814,0.17,1.1333,671,0.16,1.0666,3,0.175,1.1666,30,0
IWM191129C161,2019-11-25,2019-11-25 09:39:08,0.18,1.2,500,0.17,1.1333,78,0.16,1.0666,3,0.175,1.1666,30,0
IWM191129C161,2019-11-25,2019-11-25 09:39:09,0.18,1.2,1109,0.17,1.1333,113,0.16,1.0666,3,0.175,1.1666,30,0
IWM191129C161,2019-11-25,2019-11-25 09:39:09,0.18,1.2,1109,0.17,1.1333,138,0.16,1.0666,3,0.175,1.1666,30,0
IWM191129C161,2019-11-25,2019-11-25 09:39:10,0.18,1.2,511,0.17,1.1333,473,0.16,1.0666,3,0.175,1.1666,30,0
IWM191129C161,2019-11-25,2019-11-25 09:39:10,0.18,1.2,530,0.17,1.1333,233,0.16,1.0666,3,0.175,1.1666,30,0
IWM191129C161,2019-11-25,2019-11-25 09:39:11,0.18,1.2,511,0.17,1.1333,473,0.16,1.0666,3,0.175,1.1666,30,0
IWM191129C161,2019-11-25,2019-11-25 09:39:12,0.18,1.2,474,0.17,1.1333,473,0.16,1.0666,3,0.175,1.1666,30,0
IWM191129C161,2019-11-25,2019-11-25 09:39:12,0.18,1.2,473,0.17,1.1333,473,0.16,1.0666,3,0.175,1.1666,30,0
IWM191129C161,2019-11-25,2019-11-25 09:39:13,0.18,1.2,835,0.17,1.1333,473,0.16,1.0666,3,0.175,1.1666,30,0
IWM191129C161,2019-11-25,2019-11-25 09:39:14,0.18,1.2,835,0.17,1.1333,273,0.16,1.0666,3,0.175,1.1666,30,0
IWM191129C161,2019-11-25,2019-11-25 09:39:14,0.18,1.2,835,0.17,1.1333,473,0.16,1.0666,3,0.175,1.1666,30,0
IWM191129C161,2019-11-25,2019-11-25 09:39:15,0.18,1.2,456,0.17,1.1333,840,0.16,1.0666,3,0.175,1.1666,30,0
IWM191129C161,2019-11-25,2019-11-25 09:39:15,0.18,1.2,241,0.17,1.1333,729,0.16,1.0666,3,0.175,1.1666,30,0
IWM191129C161,2019-11-25,2019-11-25 09:39:16,0.18,1.2,456,0.17,1.1333,840,0.16,1.0666,3,0.175,1.1666,30,0
IWM191129C161,2019-11-25,2019-11-25 09:39:16,0.18,1.2,41,0.17,1.1333,264,0.16,1.0666,3,0.175,1.1666,30,0
IWM191129C161,2019-11-25,2019-11-25 09:39:17,0.18,1.2,50,0.17,1.1333,790,0.16,1.0666,3,0.175,1.1666,30,0
IWM191129C161,2019-11-25,2019-11-25 09:39:17,0.19,1.2666,857,0.17,1.1333,790,0.16,1.0666,3,0.18,1.2,30,0
IWM191129C161,2019-11-25,2019-11-25 09:39:18,0.19,1.2666,857,0.17,1.1333,933,0.16,1.0666,3,0.18,1.2,30,0
IWM191129C161,2019-11-25,2019-11-25 09:39:18,0.19,1.2666,1044,0.17,1.1333,929,0.16,1.0666,3,0.18,1.2,30,0
IWM191129C161,2019-11-25,2019-11-25 09:39:19,0.19,1.2666,1043,0.17,1.1333,944,0.16,1.0666,3,0.18,1.2,30,0
IWM191129C161,2019-11-25,2019-11-25 09:39:19,0.19,1.2666,1043,0.17,1.1333,1064,0.16,1.0666,3,0.18,1.2,30,0
IWM191129C161,2019-11-25,2019-11-25 09:39:20,0.19,1.2666,588,0.17,1.1333,758,0.16,1.0666,3,0.18,1.2,30,0
IWM191129C161,2019-11-25,2019-11-25 09:39:20,0.19,1.2666,1043,0.17,1.1333,1064,0.16,1.0666,3,0.18,1.2,30,0
IWM191129C161,2019-11-25,2019-11-25 09:39:21,0.19,1.2666,843,0.17,1.1333,993,0.16,1.0666,3,0.18,1.2,30,0
IWM191129C161,2019-11-25,2019-11-25 09:39:22,0.19,1.2666,843,0.17,1.1333,810,0.16,1.0666,3,0.18,1.2,30,0
IWM191129C161,2019-11-25,2019-11-25 09:39:22,0.18,1.2,96,0.17,1.1333,800,0.16,1.0666,3,0.175,1.1666,30,0
IWM191129C161,2019-11-25,2019-11-25 09:39:23,0.18,1.2,96,0.17,1.1333,731,0.16,1.0666,3,0.175,1.1666,30,0
IWM191129C161,2019-11-25,2019-11-25 09:39:23,0.18,1.2,96,0.17,1.1333,762,0.16,1.0666,3,0.175,1.1666,30,0
IWM191129C161,2019-11-25,2019-11-25 09:39:24,0.18,1.2,96,0.17,1.1333,715,0.16,1.0666,3,0.175,1.1666,30,0
IWM191129C161,2019-11-25,2019-11-25 09:39:25,0.18,1.2,96,0.17,1.1333,781,0.16,1.0666,3,0.175,1.1666,30,0
IWM191129C161,2019-11-25,2019-11-25 09:39:26,0.18,1.2,492,0.17,1.1333,1120,0.16,1.0666,3,0.175,1.1666,30,0
IWM191129C161,2019-11-25,2019-11-25 09:39:26,0.18,1.2,456,0.17,1.1333,1143,0.16,1.0666,3,0.175,1.1666,30,0
IWM191129C161,2019-11-25,2019-11-25 09:39:27,0.18,1.2,492,0.17,1.1333,1120,0.16,1.0666,3,0.175,1.1666,30,0
IWM191129C161,2019-11-25,2019-11-25 09:39:28,0.18,1.2,403,0.17,1.1333,892,0.16,1.0666,3,0.175,1.1666,30,0
IWM191129C161,2019-11-25,2019-11-25 09:39:28,0.18,1.2,369,0.17,1.1333,1227,0.16,1.0666,3,0.175,1.1666,30,0
IWM191129C161,2019-11-25,2019-11-25 09:39:29,0.18,1.2,252,0.17,1.1333,1227,0.16,1.0666,3,0.175,1.1666,30,0
IWM191129C161,2019-11-25,2019-11-25 09:39:30,0.18,1.2,208,0.17,1.1333,1227,0.16,1.0666,3,0.175,1.1666,30,0
IWM191129C161,2019-11-25,2019-11-25 09:39:31,0.18,1.2,77,0.17,1.1333,1689,0.16,1.0666,3,0.175,1.1666,30,0
IWM191129C161,2019-11-25,2019-11-25 09:39:31,0.18,1.2,77,0.17,1.1333,933,0.16,1.0666,3,0.175,1.1666,30,0
IWM191129C161,2019-11-25,2019-11-25 09:39:32,0.18,1.2,2,0.17,1.1333,1689,0.16,1.0666,3,0.175,1.1666,30,0
IWM191129C161,2019-11-25,2019-11-25 09:39:33,0.18,1.2,30,0.17,1.1333,1689,0.16,1.0666,3,0.175,1.1666,30,0
IWM191129C161,2019-11-25,2019-11-25 09:39:33,0.18,1.2,2,0.17,1.1333,1689,0.16,1.0666,3,0.175,1.1666,30,0
IWM191129C161,2019-11-25,2019-11-25 09:39:34,0.19,1.2666,686,0.17,1.1333,1740,0.16,1.0666,3,0.18,1.2,30,0
IWM191129C161,2019-11-25,2019-11-25 09:39:35,0.19,1.2666,1184,0.17,1.1333,1740,0.16,1.0666,3,0.18,1.2,30,0
IWM191129C161,2019-11-25,2019-11-25 09:39:36,0.19,1.2666,1183,0.17,1.1333,1740,0.16,1.0666,3,0.18,1.2,30,0
IWM191129C161,2019-11-25,2019-11-25 09:39:37,0.19,1.2666,1183,0.17,1.1333,1740,0.16,1.0666,3,0.18,1.2,30,0
IWM191129C161,2019-11-25,2019-11-25 09:39:38,0.19,1.2666,1183,0.17,1.1333,1740,0.16,1.0666,3,0.18,1.2,30,0
IWM191129C161,2019-11-25,2019-11-25 09:39:39,0.19,1.2666,1183,0.17,1.1333,1740,0.16,1.0666,3,0.18,1.2,30,0
IWM191129C161,2019-11-25,2019-11-25 09:39:40,0.19,1.2666,1183,0.17,1.1333,1740,0.16,1.0666,3,0.18,1.2,30,0
IWM191129C161,2019-11-25,2019-11-25 09:39:41,0.19,1.2666,819,0.18,1.2,194,0.16,1.0666,3,0.185,1.2333,30,0
IWM191129C161,2019-11-25,2019-11-25 09:39:42,0.19,1.2666,204,0.18,1.2,342,0.16,1.0666,3,0.185,1.2333,30,0
IWM191129C161,2019-11-25,2019-11-25 09:39:42,0.19,1.2666,643,0.18,1.2,210,0.16,1.0666,3,0.185,1.2333,30,0
IWM191129C161,2019-11-25,2019-11-25 09:39:43,0.19,1.2666,219,0.18,1.2,369,0.16,1.0666,3,0.185,1.2333,30,0
IWM191129C161,2019-11-25,2019-11-25 09:39:44,0.19,1.2666,219,0.18,1.2,369,0.16,1.0666,3,0.185,1.2333,30,0
IWM191129C161,2019-11-25,2019-11-25 09:39:44,0.19,1.2666,148,0.18,1.2,258,0.16,1.0666,3,0.185,1.2333,30,0
IWM191129C161,2019-11-25,2019-11-25 09:39:45,0.19,1.2666,469,0.18,1.2,20,0.16,1.0666,3,0.185,1.2333,30,0
IWM191129C161,2019-11-25,2019-11-25 09:39:45,0.19,1.2666,252,0.18,1.2,20,0.16,1.0666,3,0.185,1.2333,30,0
IWM191129C161,2019-11-25,2019-11-25 09:39:46,0.19,1.2666,469,0.18,1.2,94,0.16,1.0666,3,0.185,1.2333,30,0
IWM191129C161,2019-11-25,2019-11-25 09:39:46,0.19,1.2666,223,0.18,1.2,52,0.16,1.0666,3,0.185,1.2333,30,0
IWM191129C161,2019-11-25,2019-11-25 09:39:47,0.19,1.2666,418,0.18,1.2,42,0.16,1.0666,3,0.185,1.2333,30,0
IWM191129C161,2019-11-25,2019-11-25 09:39:47,0.19,1.2666,374,0.18,1.2,42,0.16,1.0666,3,0.185,1.2333,30,0
IWM191129C161,2019-11-25,2019-11-25 09:39:48,0.19,1.2666,418,0.18,1.2,53,0.16,1.0666,3,0.185,1.2333,30,0
IWM191129C161,2019-11-25,2019-11-25 09:39:48,0.19,1.2666,418,0.18,1.2,42,0.16,1.0666,3,0.185,1.2333,30,0
