symbol,Date,quote_time,ask_price,norm_ask_price,ask_size,bid_price,norm_bid_price,bid_size,last_trade_price,norm_last_trade_price,last_trade_size,mark_price,norm_mark_price,volume,Volume
SPY190729C300,2019-07-26,2019-07-26 09:30:15,1.36,1.0,100,1.33,0.9779,36,1.37,1.0073,1,1.345,0.9889,183,183
SPY190729C300,2019-07-26,2019-07-26 09:30:20,1.36,1.0,100,1.33,0.9779,130,1.35,0.9926,1,1.345,0.9889,217,34
SPY190729C300,2019-07-26,2019-07-26 09:30:21,1.36,1.0,100,1.33,0.9779,130,1.35,0.9926,1,1.345,0.9889,217,0
SPY190729C300,2019-07-26,2019-07-26 09:30:22,1.36,1.0,100,1.33,0.9779,130,1.35,0.9926,1,1.345,0.9889,217,0
SPY190729C300,2019-07-26,2019-07-26 09:30:22,1.37,1.0073,189,1.33,0.9779,130,1.35,0.9926,1,1.35,0.9926,217,0
SPY190729C300,2019-07-26,2019-07-26 09:30:23,1.37,1.0073,100,1.33,0.9779,30,1.35,0.9926,1,1.35,0.9926,217,0
SPY190729C300,2019-07-26,2019-07-26 09:30:23,1.39,1.022,155,1.35,0.9926,30,1.35,0.9926,1,1.37,1.0073,217,0
SPY190729C300,2019-07-26,2019-07-26 09:30:24,1.4,1.0294,100,1.36,1.0,100,1.35,0.9926,1,1.38,1.0147,217,0
SPY190729C300,2019-07-26,2019-07-26 09:30:25,1.39,1.022,100,1.35,0.9926,152,1.35,0.9926,2,1.37,1.0073,219,2
SPY190729C300,2019-07-26,2019-07-26 09:30:25,1.4,1.0294,1,1.36,1.0,79,1.35,0.9926,2,1.38,1.0147,219,0
SPY190729C300,2019-07-26,2019-07-26 09:32:04,1.3,0.9558,33,1.26,0.9264,114,1.29,0.9485,10,1.28,0.9411,678,459
SPY190729C300,2019-07-26,2019-07-26 09:32:06,1.3,0.9558,86,1.26,0.9264,301,1.29,0.9485,10,1.28,0.9411,678,0
SPY190729C300,2019-07-26,2019-07-26 09:32:06,1.3,0.9558,86,1.26,0.9264,286,1.29,0.9485,10,1.28,0.9411,678,0
SPY190729C300,2019-07-26,2019-07-26 09:32:07,1.29,0.9485,114,1.25,0.9191,114,1.29,0.9485,10,1.27,0.9338,678,0
SPY190729C300,2019-07-26,2019-07-26 09:32:08,1.28,0.9411,109,1.25,0.9191,130,1.29,0.9485,10,1.265,0.9301,678,0
SPY190729C300,2019-07-26,2019-07-26 09:32:08,1.28,0.9411,50,1.26,0.9264,5,1.29,0.9485,10,1.27,0.9338,678,0
SPY190729C300,2019-07-26,2019-07-26 09:32:09,1.3,0.9558,286,1.26,0.9264,106,1.29,0.9485,10,1.28,0.9411,678,0
SPY190729C300,2019-07-26,2019-07-26 09:32:09,1.3,0.9558,208,1.26,0.9264,227,1.29,0.9485,10,1.28,0.9411,678,0
SPY190729C300,2019-07-26,2019-07-26 09:32:10,1.3,0.9558,33,1.26,0.9264,227,1.29,0.9485,10,1.28,0.9411,678,0
SPY190729C300,2019-07-26,2019-07-26 09:32:10,1.3,0.9558,33,1.27,0.9338,307,1.29,0.9485,10,1.285,0.9448,678,0
SPY190729C300,2019-07-26,2019-07-26 09:32:11,1.3,0.9558,33,1.27,0.9338,307,1.29,0.9485,10,1.285,0.9448,678,0
SPY190729C300,2019-07-26,2019-07-26 09:32:12,1.3,0.9558,33,1.27,0.9338,307,1.29,0.9485,10,1.285,0.9448,678,0
SPY190729C300,2019-07-26,2019-07-26 09:32:13,1.3,0.9558,33,1.27,0.9338,307,1.29,0.9485,10,1.285,0.9448,678,0
SPY190729C300,2019-07-26,2019-07-26 09:33:40,1.38,1.0147,24,1.35,0.9926,180,1.38,1.0147,10,1.365,1.0036,864,186
SPY190729C300,2019-07-26,2019-07-26 09:33:41,1.38,1.0147,87,1.35,0.9926,65,1.38,1.0147,10,1.365,1.0036,864,0
SPY190729C300,2019-07-26,2019-07-26 09:33:42,1.38,1.0147,123,1.34,0.9852,276,1.38,1.0147,10,1.36,1.0,864,0
SPY190729C300,2019-07-26,2019-07-26 09:33:43,1.37,1.0073,20,1.34,0.9852,200,1.38,1.0147,10,1.355,0.9963,864,0
SPY190729C300,2019-07-26,2019-07-26 09:33:43,1.38,1.0147,192,1.34,0.9852,276,1.38,1.0147,10,1.36,1.0,864,0
SPY190729C300,2019-07-26,2019-07-26 09:33:44,1.37,1.0073,48,1.34,0.9852,180,1.38,1.0147,10,1.355,0.9963,864,0
SPY190729C300,2019-07-26,2019-07-26 09:33:45,1.37,1.0073,61,1.34,0.9852,180,1.38,1.0147,10,1.355,0.9963,864,0
SPY190729C300,2019-07-26,2019-07-26 09:33:46,1.37,1.0073,54,1.34,0.9852,200,1.37,1.0073,1,1.355,0.9963,865,1
SPY190729C300,2019-07-26,2019-07-26 09:33:47,1.37,1.0073,20,1.34,0.9852,219,1.37,1.0073,2,1.355,0.9963,867,2
SPY190729C300,2019-07-26,2019-07-26 09:33:47,1.37,1.0073,20,1.34,0.9852,219,1.37,1.0073,1,1.355,0.9963,865,0
SPY190729C300,2019-07-26,2019-07-26 09:33:48,1.36,1.0,15,1.35,0.9926,100,1.37,1.0073,2,1.355,0.9963,867,0
SPY190729C300,2019-07-26,2019-07-26 09:33:48,1.36,1.0,15,1.34,0.9852,209,1.37,1.0073,2,1.35,0.9926,867,0
SPY190729C300,2019-07-26,2019-07-26 09:33:49,1.36,1.0,5,1.36,1.0,1,1.36,1.0,5,1.36,1.0,882,15
SPY190729C300,2019-07-26,2019-07-26 09:33:49,1.36,1.0,5,1.35,0.9926,180,1.36,1.0,5,1.355,0.9963,882,0
SPY190729C300,2019-07-26,2019-07-26 09:33:50,1.38,1.0147,100,1.35,0.9926,180,1.36,1.0,5,1.365,1.0036,882,0
SPY190729C300,2019-07-26,2019-07-26 09:33:50,1.36,1.0,5,1.35,0.9926,180,1.36,1.0,5,1.355,0.9963,882,0
SPY190729C300,2019-07-26,2019-07-26 09:33:51,1.38,1.0147,95,1.35,0.9926,180,1.36,1.0,5,1.365,1.0036,882,0
SPY190729C300,2019-07-26,2019-07-26 09:33:52,1.4,1.0294,185,1.38,1.0147,24,1.36,1.0,5,1.39,1.022,882,0
SPY190729C300,2019-07-26,2019-07-26 09:33:52,1.38,1.0147,33,1.35,0.9926,56,1.36,1.0,5,1.365,1.0036,882,0
SPY190729C300,2019-07-26,2019-07-26 09:33:53,1.4,1.0294,185,1.38,1.0147,251,1.36,1.0,5,1.39,1.022,882,0
SPY190729C300,2019-07-26,2019-07-26 09:33:53,1.4,1.0294,185,1.38,1.0147,180,1.36,1.0,5,1.39,1.022,882,0
SPY190729C300,2019-07-26,2019-07-26 09:33:54,1.4,1.0294,185,1.38,1.0147,251,1.36,1.0,5,1.39,1.022,882,0
SPY190729C300,2019-07-26,2019-07-26 09:33:55,1.4,1.0294,185,1.38,1.0147,283,1.4,1.0294,2,1.39,1.022,884,2
SPY190729C300,2019-07-26,2019-07-26 09:33:56,1.4,1.0294,185,1.38,1.0147,260,1.4,1.0294,2,1.39,1.022,884,0
SPY190729C300,2019-07-26,2019-07-26 09:33:56,1.4,1.0294,185,1.38,1.0147,245,1.4,1.0294,2,1.39,1.022,884,0
SPY190729C300,2019-07-26,2019-07-26 09:33:57,1.4,1.0294,185,1.38,1.0147,260,1.4,1.0294,2,1.39,1.022,884,0
SPY190729C300,2019-07-26,2019-07-26 09:33:58,1.4,1.0294,185,1.38,1.0147,282,1.4,1.0294,2,1.39,1.022,884,0
SPY190729C300,2019-07-26,2019-07-26 09:34:37,1.45,1.0661,99,1.42,1.0441,68,1.42,1.0441,2,1.435,1.0551,1093,209
SPY190729C300,2019-07-26,2019-07-26 09:35:02,1.47,1.0808,110,1.44,1.0588,74,1.45,1.0661,5,1.455,1.0698,1177,84
SPY190729C300,2019-07-26,2019-07-26 09:35:03,1.47,1.0808,36,1.44,1.0588,59,1.45,1.0661,5,1.455,1.0698,1177,0
SPY190729C300,2019-07-26,2019-07-26 09:35:04,1.47,1.0808,36,1.44,1.0588,59,1.45,1.0661,5,1.455,1.0698,1177,0
SPY190729C300,2019-07-26,2019-07-26 09:35:05,1.49,1.0955,44,1.45,1.0661,188,1.45,1.0661,5,1.47,1.0808,1177,0
SPY190729C300,2019-07-26,2019-07-26 09:35:05,1.47,1.0808,16,1.44,1.0588,164,1.45,1.0661,5,1.455,1.0698,1177,0
SPY190729C300,2019-07-26,2019-07-26 09:35:06,1.5,1.1029,35,1.47,1.0808,173,1.45,1.0661,5,1.485,1.0919,1177,0
SPY190729C300,2019-07-26,2019-07-26 09:35:06,1.5,1.1029,35,1.47,1.0808,188,1.45,1.0661,5,1.485,1.0919,1177,0
SPY190729C300,2019-07-26,2019-07-26 09:35:07,1.5,1.1029,35,1.47,1.0808,198,1.45,1.0661,5,1.485,1.0919,1177,0
SPY190729C300,2019-07-26,2019-07-26 09:35:07,1.5,1.1029,35,1.47,1.0808,145,1.45,1.0661,5,1.485,1.0919,1177,0
SPY190729C300,2019-07-26,2019-07-26 09:35:08,1.5,1.1029,36,1.47,1.0808,188,1.45,1.0661,5,1.485,1.0919,1177,0
SPY190729C300,2019-07-26,2019-07-26 09:35:09,1.5,1.1029,25,1.47,1.0808,188,1.45,1.0661,5,1.485,1.0919,1177,0
SPY190729C300,2019-07-26,2019-07-26 09:35:09,1.54,1.1323,49,1.5,1.1029,173,1.49,1.0955,1,1.52,1.1176,1223,46
SPY190729C300,2019-07-26,2019-07-26 09:35:10,1.55,1.1397,100,1.51,1.1102,15,1.49,1.0955,1,1.53,1.125,1223,0
SPY190729C300,2019-07-26,2019-07-26 09:35:10,1.54,1.1323,36,1.51,1.1102,86,1.49,1.0955,1,1.525,1.1213,1223,0
SPY190729C300,2019-07-26,2019-07-26 09:35:11,1.54,1.1323,16,1.51,1.1102,100,1.49,1.0955,1,1.525,1.1213,1223,0
SPY190729C300,2019-07-26,2019-07-26 09:35:11,1.54,1.1323,36,1.51,1.1102,86,1.49,1.0955,1,1.525,1.1213,1223,0
SPY190729C300,2019-07-26,2019-07-26 09:35:12,1.54,1.1323,16,1.51,1.1102,156,1.49,1.0955,1,1.525,1.1213,1223,0
SPY190729C300,2019-07-26,2019-07-26 09:35:13,1.55,1.1397,20,1.51,1.1102,196,1.49,1.0955,1,1.53,1.125,1223,0
SPY190729C300,2019-07-26,2019-07-26 09:35:13,1.55,1.1397,16,1.52,1.1176,186,1.49,1.0955,1,1.535,1.1286,1223,0
SPY190729C300,2019-07-26,2019-07-26 09:35:14,1.56,1.147,53,1.52,1.1176,212,1.49,1.0955,1,1.54,1.1323,1223,0
SPY190729C300,2019-07-26,2019-07-26 09:35:14,1.56,1.147,21,1.53,1.125,10,1.49,1.0955,1,1.545,1.136,1223,0
SPY190729C300,2019-07-26,2019-07-26 09:35:15,1.58,1.1617,10,1.53,1.125,1,1.49,1.0955,1,1.555,1.1433,1223,0
SPY190729C300,2019-07-26,2019-07-26 09:35:15,1.58,1.1617,33,1.54,1.1323,177,1.49,1.0955,1,1.56,1.147,1223,0
SPY190729C300,2019-07-26,2019-07-26 09:35:16,1.59,1.1691,177,1.55,1.1397,5,1.49,1.0955,1,1.57,1.1544,1223,0
SPY190729C300,2019-07-26,2019-07-26 09:35:17,1.58,1.1617,10,1.55,1.1397,75,1.49,1.0955,1,1.565,1.1507,1223,0
SPY190729C300,2019-07-26,2019-07-26 09:35:18,1.58,1.1617,114,1.54,1.1323,238,1.49,1.0955,1,1.56,1.147,1223,0
SPY190729C300,2019-07-26,2019-07-26 09:35:19,1.57,1.1544,1,1.54,1.1323,176,1.49,1.0955,1,1.555,1.1433,1223,0
SPY190729C300,2019-07-26,2019-07-26 09:35:19,1.57,1.1544,10,1.54,1.1323,186,1.49,1.0955,1,1.555,1.1433,1223,0
SPY190729C300,2019-07-26,2019-07-26 09:35:20,1.57,1.1544,7,1.54,1.1323,176,1.49,1.0955,1,1.555,1.1433,1223,0
SPY190729C300,2019-07-26,2019-07-26 09:35:21,1.57,1.1544,10,1.54,1.1323,176,1.49,1.0955,1,1.555,1.1433,1223,0
SPY190729C300,2019-07-26,2019-07-26 09:35:22,1.57,1.1544,6,1.54,1.1323,176,1.54,1.1323,1,1.555,1.1433,1224,1
SPY190729C300,2019-07-26,2019-07-26 09:35:22,1.58,1.1617,93,1.54,1.1323,176,1.54,1.1323,1,1.56,1.147,1224,0
SPY190729C300,2019-07-26,2019-07-26 09:35:23,1.58,1.1617,79,1.54,1.1323,186,1.54,1.1323,1,1.56,1.147,1224,0
SPY190729C300,2019-07-26,2019-07-26 09:35:24,1.58,1.1617,59,1.54,1.1323,176,1.54,1.1323,1,1.56,1.147,1224,0
SPY190729C300,2019-07-26,2019-07-26 09:35:25,1.58,1.1617,11,1.54,1.1323,176,1.54,1.1323,1,1.56,1.147,1224,0
SPY190729C300,2019-07-26,2019-07-26 09:35:25,1.58,1.1617,48,1.54,1.1323,156,1.54,1.1323,1,1.56,1.147,1224,0
SPY190729C300,2019-07-26,2019-07-26 09:35:26,1.58,1.1617,89,1.54,1.1323,176,1.54,1.1323,1,1.56,1.147,1224,0
SPY190729C300,2019-07-26,2019-07-26 09:35:27,1.57,1.1544,1,1.54,1.1323,186,1.54,1.1323,1,1.555,1.1433,1224,0
SPY190729C300,2019-07-26,2019-07-26 09:35:27,1.58,1.1617,121,1.54,1.1323,176,1.54,1.1323,1,1.56,1.147,1224,0
SPY190729C300,2019-07-26,2019-07-26 09:35:28,1.57,1.1544,10,1.54,1.1323,10,1.54,1.1323,1,1.555,1.1433,1224,0
SPY190729C300,2019-07-26,2019-07-26 09:35:28,1.57,1.1544,1,1.54,1.1323,1,1.54,1.1323,1,1.555,1.1433,1224,0
SPY190729C300,2019-07-26,2019-07-26 09:35:29,1.56,1.147,24,1.54,1.1323,1,1.54,1.1323,1,1.55,1.1397,1224,0
SPY190729C300,2019-07-26,2019-07-26 09:35:29,1.56,1.147,25,1.53,1.125,142,1.56,1.147,1,1.545,1.136,1225,1
SPY190729C300,2019-07-26,2019-07-26 09:35:30,1.56,1.147,20,1.53,1.125,169,1.56,1.147,1,1.545,1.136,1225,0
SPY190729C300,2019-07-26,2019-07-26 09:35:30,1.56,1.147,27,1.53,1.125,169,1.56,1.147,1,1.545,1.136,1225,0
SPY190729C300,2019-07-26,2019-07-26 09:35:31,1.56,1.147,20,1.53,1.125,74,1.56,1.147,1,1.545,1.136,1225,0
SPY190729C300,2019-07-26,2019-07-26 09:35:32,1.56,1.147,38,1.52,1.1176,176,1.56,1.147,1,1.54,1.1323,1225,0
SPY190729C300,2019-07-26,2019-07-26 09:35:32,1.56,1.147,27,1.52,1.1176,176,1.56,1.147,1,1.54,1.1323,1225,0
SPY190729C300,2019-07-26,2019-07-26 09:35:33,1.56,1.147,10,1.53,1.125,90,1.53,1.125,2,1.545,1.136,1227,2
SPY190729C300,2019-07-26,2019-07-26 09:35:33,1.56,1.147,20,1.53,1.125,80,1.53,1.125,2,1.545,1.136,1227,0
SPY190729C300,2019-07-26,2019-07-26 09:35:34,1.54,1.1323,20,1.51,1.1102,75,1.53,1.125,2,1.525,1.1213,1227,0
SPY190729C300,2019-07-26,2019-07-26 09:35:35,1.54,1.1323,30,1.51,1.1102,5,1.53,1.125,2,1.525,1.1213,1227,0
SPY190729C300,2019-07-26,2019-07-26 09:35:36,1.54,1.1323,20,1.5,1.1029,176,1.53,1.125,2,1.52,1.1176,1227,0
SPY190729C300,2019-07-26,2019-07-26 09:35:36,1.54,1.1323,23,1.51,1.1102,99,1.53,1.125,2,1.525,1.1213,1227,0
SPY190729C300,2019-07-26,2019-07-26 09:35:37,1.53,1.125,12,1.51,1.1102,99,1.53,1.125,2,1.52,1.1176,1227,0
SPY190729C300,2019-07-26,2019-07-26 09:35:38,1.53,1.125,12,1.51,1.1102,99,1.53,1.125,2,1.52,1.1176,1227,0
SPY190729C300,2019-07-26,2019-07-26 09:35:39,1.52,1.1176,12,1.5,1.1029,186,1.53,1.125,2,1.51,1.1102,1227,0
SPY190729C300,2019-07-26,2019-07-26 09:35:40,1.52,1.1176,12,1.5,1.1029,16,1.53,1.125,2,1.51,1.1102,1227,0
SPY190729C300,2019-07-26,2019-07-26 09:35:40,1.52,1.1176,12,1.5,1.1029,196,1.53,1.125,2,1.51,1.1102,1227,0
SPY190729C300,2019-07-26,2019-07-26 09:35:41,1.52,1.1176,22,1.49,1.0955,176,1.53,1.125,2,1.505,1.1066,1227,0
SPY190729C300,2019-07-26,2019-07-26 09:35:42,1.52,1.1176,12,1.49,1.0955,176,1.53,1.125,2,1.505,1.1066,1227,0
SPY190729C300,2019-07-26,2019-07-26 09:35:42,1.52,1.1176,12,1.5,1.1029,176,1.52,1.1176,2,1.51,1.1102,1229,2
SPY190729C300,2019-07-26,2019-07-26 09:35:43,1.52,1.1176,12,1.5,1.1029,186,1.52,1.1176,2,1.51,1.1102,1229,0
SPY190729C300,2019-07-26,2019-07-26 09:35:44,1.52,1.1176,12,1.5,1.1029,186,1.52,1.1176,12,1.51,1.1102,1256,27
SPY190729C300,2019-07-26,2019-07-26 09:35:44,1.55,1.1397,16,1.52,1.1176,173,1.53,1.125,6,1.535,1.1286,1262,6
SPY190729C300,2019-07-26,2019-07-26 09:35:45,1.55,1.1397,16,1.52,1.1176,173,1.53,1.125,6,1.535,1.1286,1262,0
SPY190729C300,2019-07-26,2019-07-26 09:35:45,1.56,1.147,82,1.52,1.1176,187,1.53,1.125,6,1.54,1.1323,1262,0
SPY190729C300,2019-07-26,2019-07-26 09:35:46,1.56,1.147,72,1.52,1.1176,187,1.52,1.1176,4,1.54,1.1323,1267,4
SPY190729C300,2019-07-26,2019-07-26 09:35:46,1.56,1.147,82,1.52,1.1176,187,1.54,1.1323,1,1.54,1.1323,1263,1
SPY190729C300,2019-07-26,2019-07-26 09:35:47,1.57,1.1544,10,1.54,1.1323,176,1.52,1.1176,4,1.555,1.1433,1267,0
SPY190729C300,2019-07-26,2019-07-26 09:35:47,1.56,1.147,24,1.52,1.1176,205,1.52,1.1176,4,1.54,1.1323,1267,0
SPY190729C300,2019-07-26,2019-07-26 09:35:48,1.58,1.1617,72,1.55,1.1397,110,1.52,1.1176,4,1.565,1.1507,1267,0
SPY190729C300,2019-07-26,2019-07-26 09:35:49,1.58,1.1617,145,1.55,1.1397,100,1.55,1.1397,4,1.565,1.1507,1271,0
SPY190729C300,2019-07-26,2019-07-26 09:35:49,1.58,1.1617,73,1.55,1.1397,154,1.55,1.1397,4,1.565,1.1507,1271,4
SPY190729C300,2019-07-26,2019-07-26 09:35:50,1.58,1.1617,72,1.54,1.1323,176,1.55,1.1397,4,1.56,1.147,1271,0
SPY190729C300,2019-07-26,2019-07-26 09:35:51,1.58,1.1617,72,1.54,1.1323,176,1.55,1.1397,4,1.56,1.147,1271,0
SPY190729C300,2019-07-26,2019-07-26 09:35:51,1.58,1.1617,72,1.55,1.1397,134,1.55,1.1397,4,1.565,1.1507,1271,0
SPY190729C300,2019-07-26,2019-07-26 09:35:52,1.58,1.1617,72,1.55,1.1397,134,1.55,1.1397,4,1.565,1.1507,1271,0
SPY190729C300,2019-07-26,2019-07-26 09:35:53,1.57,1.1544,47,1.53,1.125,170,1.55,1.1397,4,1.55,1.1397,1271,0
SPY190729C300,2019-07-26,2019-07-26 09:35:53,1.57,1.1544,7,1.55,1.1397,100,1.55,1.1397,4,1.56,1.147,1271,0
SPY190729C300,2019-07-26,2019-07-26 09:35:54,1.56,1.147,10,1.53,1.125,170,1.55,1.1397,4,1.545,1.136,1271,0
SPY190729C300,2019-07-26,2019-07-26 09:35:55,1.56,1.147,10,1.53,1.125,81,1.55,1.1397,4,1.545,1.136,1271,0
SPY190729C300,2019-07-26,2019-07-26 09:35:55,1.56,1.147,44,1.53,1.125,71,1.55,1.1397,4,1.545,1.136,1271,0
SPY190729C300,2019-07-26,2019-07-26 09:35:56,1.56,1.147,107,1.52,1.1176,182,1.55,1.1397,4,1.54,1.1323,1271,0
SPY190729C300,2019-07-26,2019-07-26 09:35:56,1.56,1.147,44,1.53,1.125,71,1.55,1.1397,4,1.545,1.136,1271,0
SPY190729C300,2019-07-26,2019-07-26 09:35:57,1.56,1.147,96,1.52,1.1176,182,1.55,1.1397,4,1.54,1.1323,1271,0
SPY190729C300,2019-07-26,2019-07-26 09:35:58,1.55,1.1397,23,1.52,1.1176,56,1.55,1.1397,4,1.535,1.1286,1271,0
SPY190729C300,2019-07-26,2019-07-26 09:35:58,1.56,1.147,37,1.54,1.1323,6,1.55,1.1397,4,1.55,1.1397,1271,0
SPY190729C300,2019-07-26,2019-07-26 09:35:59,1.57,1.1544,1,1.55,1.1397,152,1.55,1.1397,4,1.56,1.147,1271,0
SPY190729C300,2019-07-26,2019-07-26 09:35:59,1.57,1.1544,1,1.55,1.1397,100,1.55,1.1397,4,1.56,1.147,1271,0
SPY190729C300,2019-07-26,2019-07-26 09:36:00,1.57,1.1544,1,1.55,1.1397,176,1.55,1.1397,4,1.56,1.147,1271,0
SPY190729C300,2019-07-26,2019-07-26 09:36:00,1.57,1.1544,1,1.56,1.147,6,1.55,1.1397,4,1.565,1.1507,1271,0
SPY190729C300,2019-07-26,2019-07-26 09:36:01,1.57,1.1544,1,1.55,1.1397,176,1.55,1.1397,4,1.56,1.147,1271,0
SPY190729C300,2019-07-26,2019-07-26 09:36:02,1.57,1.1544,1,1.55,1.1397,176,1.55,1.1397,4,1.56,1.147,1271,0
SPY190729C300,2019-07-26,2019-07-26 09:36:02,1.58,1.1617,10,1.55,1.1397,176,1.57,1.1544,1,1.565,1.1507,1272,1
SPY190729C300,2019-07-26,2019-07-26 09:36:03,1.58,1.1617,10,1.56,1.147,169,1.57,1.1544,1,1.57,1.1544,1272,0
SPY190729C300,2019-07-26,2019-07-26 09:36:04,1.58,1.1617,10,1.57,1.1544,100,1.57,1.1544,1,1.575,1.158,1272,0
SPY190729C300,2019-07-26,2019-07-26 09:36:05,1.58,1.1617,10,1.55,1.1397,175,1.57,1.1544,1,1.565,1.1507,1272,0
SPY190729C300,2019-07-26,2019-07-26 09:36:06,1.58,1.1617,10,1.57,1.1544,100,1.57,1.1544,1,1.575,1.158,1272,0
SPY190729C300,2019-07-26,2019-07-26 09:36:07,1.58,1.1617,10,1.56,1.147,170,1.57,1.1544,1,1.57,1.1544,1272,0
SPY190729C300,2019-07-26,2019-07-26 09:36:08,1.58,1.1617,10,1.57,1.1544,1,1.57,1.1544,3,1.575,1.158,1275,3
SPY190729C300,2019-07-26,2019-07-26 09:36:08,1.58,1.1617,10,1.56,1.147,170,1.57,1.1544,1,1.57,1.1544,1272,0
SPY190729C300,2019-07-26,2019-07-26 09:36:09,1.58,1.1617,10,1.56,1.147,94,1.58,1.1617,10,1.57,1.1544,1285,10
SPY190729C300,2019-07-26,2019-07-26 09:36:09,1.6,1.1764,1,1.58,1.1617,1,1.58,1.1617,3,1.59,1.1691,1288,3
SPY190729C300,2019-07-26,2019-07-26 09:36:10,1.6,1.1764,1,1.59,1.1691,110,1.58,1.1617,3,1.595,1.1727,1288,0
SPY190729C300,2019-07-26,2019-07-26 09:36:10,1.6,1.1764,1,1.58,1.1617,165,1.58,1.1617,3,1.59,1.1691,1288,0
SPY190729C300,2019-07-26,2019-07-26 09:36:11,1.61,1.1838,6,1.59,1.1691,6,1.6,1.1764,1,1.6,1.1764,1289,1
SPY190729C300,2019-07-26,2019-07-26 09:36:12,1.61,1.1838,7,1.58,1.1617,170,1.6,1.1764,1,1.595,1.1727,1289,0
SPY190729C300,2019-07-26,2019-07-26 09:36:12,1.61,1.1838,6,1.58,1.1617,170,1.6,1.1764,1,1.595,1.1727,1289,0
SPY190729C300,2019-07-26,2019-07-26 09:36:13,1.61,1.1838,7,1.59,1.1691,6,1.6,1.1764,1,1.6,1.1764,1289,0
SPY190729C300,2019-07-26,2019-07-26 09:36:13,1.61,1.1838,7,1.58,1.1617,170,1.6,1.1764,1,1.595,1.1727,1289,0
SPY190729C300,2019-07-26,2019-07-26 09:36:14,1.61,1.1838,7,1.58,1.1617,97,1.6,1.1764,1,1.595,1.1727,1289,0
SPY190729C300,2019-07-26,2019-07-26 09:36:14,1.61,1.1838,7,1.58,1.1617,174,1.6,1.1764,1,1.595,1.1727,1289,0
SPY190729C300,2019-07-26,2019-07-26 09:36:15,1.61,1.1838,26,1.58,1.1617,169,1.6,1.1764,1,1.595,1.1727,1289,0
SPY190729C300,2019-07-26,2019-07-26 09:36:15,1.61,1.1838,20,1.58,1.1617,169,1.6,1.1764,1,1.595,1.1727,1289,0
SPY190729C300,2019-07-26,2019-07-26 09:36:16,1.61,1.1838,10,1.58,1.1617,175,1.6,1.1764,1,1.595,1.1727,1289,0
SPY190729C300,2019-07-26,2019-07-26 09:36:17,1.61,1.1838,10,1.58,1.1617,153,1.6,1.1764,1,1.595,1.1727,1289,0
SPY190729C300,2019-07-26,2019-07-26 09:36:17,1.61,1.1838,10,1.59,1.1691,100,1.6,1.1764,1,1.6,1.1764,1289,0
SPY190729C300,2019-07-26,2019-07-26 09:36:18,1.6,1.1764,20,1.58,1.1617,10,1.6,1.1764,1,1.59,1.1691,1289,0
SPY190729C300,2019-07-26,2019-07-26 09:36:18,1.61,1.1838,69,1.58,1.1617,10,1.6,1.1764,1,1.595,1.1727,1289,0
SPY190729C300,2019-07-26,2019-07-26 09:36:19,1.59,1.1691,10,1.58,1.1617,10,1.6,1.1764,1,1.585,1.1654,1289,0
SPY190729C300,2019-07-26,2019-07-26 09:36:20,1.59,1.1691,16,1.56,1.147,6,1.58,1.1617,10,1.575,1.158,1299,10
SPY190729C300,2019-07-26,2019-07-26 09:36:21,1.59,1.1691,37,1.56,1.147,100,1.58,1.1617,10,1.575,1.158,1299,0
SPY190729C300,2019-07-26,2019-07-26 09:36:21,1.58,1.1617,1,1.56,1.147,100,1.58,1.1617,10,1.57,1.1544,1299,0
SPY190729C300,2019-07-26,2019-07-26 09:36:22,1.59,1.1691,25,1.56,1.147,151,1.58,1.1617,10,1.575,1.158,1299,0
SPY190729C300,2019-07-26,2019-07-26 09:36:23,1.59,1.1691,25,1.56,1.147,6,1.58,1.1617,10,1.575,1.158,1299,0
SPY190729C300,2019-07-26,2019-07-26 09:36:23,1.59,1.1691,13,1.56,1.147,140,1.58,1.1617,10,1.575,1.158,1299,0
SPY190729C300,2019-07-26,2019-07-26 09:36:24,1.59,1.1691,13,1.56,1.147,150,1.58,1.1617,10,1.575,1.158,1299,0
SPY190729C300,2019-07-26,2019-07-26 09:36:25,1.59,1.1691,6,1.56,1.147,150,1.56,1.147,1,1.575,1.158,1300,1
SPY190729C300,2019-07-26,2019-07-26 09:36:25,1.6,1.1764,27,1.57,1.1544,100,1.56,1.147,1,1.585,1.1654,1300,0
SPY190729C300,2019-07-26,2019-07-26 09:36:26,1.6,1.1764,1,1.57,1.1544,100,1.56,1.147,1,1.585,1.1654,1300,0
SPY190729C300,2019-07-26,2019-07-26 09:36:26,1.6,1.1764,10,1.57,1.1544,157,1.58,1.1617,1,1.585,1.1654,1301,1
SPY190729C300,2019-07-26,2019-07-26 09:36:27,1.6,1.1764,10,1.57,1.1544,157,1.58,1.1617,1,1.585,1.1654,1301,0
SPY190729C300,2019-07-26,2019-07-26 09:36:27,1.6,1.1764,106,1.57,1.1544,184,1.58,1.1617,30,1.585,1.1654,1331,30
SPY190729C300,2019-07-26,2019-07-26 09:36:28,1.6,1.1764,6,1.57,1.1544,100,1.58,1.1617,30,1.585,1.1654,1331,0
SPY190729C300,2019-07-26,2019-07-26 09:36:28,1.6,1.1764,10,1.56,1.147,174,1.58,1.1617,30,1.58,1.1617,1331,0
SPY190729C300,2019-07-26,2019-07-26 09:36:29,1.6,1.1764,6,1.57,1.1544,6,1.58,1.1617,30,1.585,1.1654,1331,0
SPY190729C300,2019-07-26,2019-07-26 09:36:30,1.6,1.1764,41,1.56,1.147,69,1.58,1.1617,30,1.58,1.1617,1331,0
SPY190729C300,2019-07-26,2019-07-26 09:36:30,1.59,1.1691,10,1.56,1.147,144,1.58,1.1617,30,1.575,1.158,1331,0
SPY190729C300,2019-07-26,2019-07-26 09:36:31,1.58,1.1617,5,1.56,1.147,1,1.58,1.1617,30,1.57,1.1544,1331,0
SPY190729C300,2019-07-26,2019-07-26 09:36:31,1.59,1.1691,73,1.56,1.147,1,1.58,1.1617,30,1.575,1.158,1331,0
SPY190729C300,2019-07-26,2019-07-26 09:36:32,1.58,1.1617,97,1.56,1.147,1,1.58,1.1617,30,1.57,1.1544,1331,0
SPY190729C300,2019-07-26,2019-07-26 09:36:32,1.58,1.1617,20,1.56,1.147,1,1.58,1.1617,30,1.57,1.1544,1331,0
SPY190729C300,2019-07-26,2019-07-26 09:36:33,1.56,1.147,6,1.54,1.1323,75,1.56,1.147,1,1.55,1.1397,1332,1
SPY190729C300,2019-07-26,2019-07-26 09:36:34,1.58,1.1617,20,1.55,1.1397,100,1.56,1.147,1,1.565,1.1507,1332,0
SPY190729C300,2019-07-26,2019-07-26 09:36:34,1.58,1.1617,26,1.56,1.147,6,1.56,1.147,1,1.57,1.1544,1332,0
SPY190729C300,2019-07-26,2019-07-26 09:36:35,1.59,1.1691,56,1.56,1.147,100,1.56,1.147,1,1.575,1.158,1332,0
SPY190729C300,2019-07-26,2019-07-26 09:36:36,1.59,1.1691,54,1.55,1.1397,208,1.56,1.147,1,1.57,1.1544,1332,0
SPY190729C300,2019-07-26,2019-07-26 09:36:36,1.59,1.1691,56,1.56,1.147,100,1.56,1.147,1,1.575,1.158,1332,0
SPY190729C300,2019-07-26,2019-07-26 09:36:37,1.59,1.1691,153,1.55,1.1397,186,1.56,1.147,1,1.57,1.1544,1332,0
SPY190729C300,2019-07-26,2019-07-26 09:36:37,1.59,1.1691,76,1.56,1.147,100,1.56,1.147,1,1.575,1.158,1332,0
SPY190729C300,2019-07-26,2019-07-26 09:36:38,1.59,1.1691,53,1.55,1.1397,186,1.56,1.147,1,1.57,1.1544,1332,0
SPY190729C300,2019-07-26,2019-07-26 09:36:39,1.58,1.1617,2,1.57,1.1544,100,1.56,1.147,30,1.575,1.158,1362,30
SPY190729C300,2019-07-26,2019-07-26 09:36:39,1.6,1.1764,6,1.57,1.1544,175,1.6,1.1764,3,1.585,1.1654,1369,7
SPY190729C300,2019-07-26,2019-07-26 09:36:40,1.6,1.1764,6,1.58,1.1617,1,1.6,1.1764,3,1.59,1.1691,1369,0
SPY190729C300,2019-07-26,2019-07-26 09:36:41,1.6,1.1764,6,1.57,1.1544,185,1.6,1.1764,3,1.585,1.1654,1369,0
SPY190729C300,2019-07-26,2019-07-26 09:36:41,1.6,1.1764,10,1.57,1.1544,185,1.6,1.1764,3,1.585,1.1654,1369,0
SPY190729C300,2019-07-26,2019-07-26 09:36:42,1.6,1.1764,12,1.56,1.147,105,1.6,1.1764,3,1.58,1.1617,1369,0
SPY190729C300,2019-07-26,2019-07-26 09:36:42,1.6,1.1764,10,1.56,1.147,174,1.6,1.1764,3,1.58,1.1617,1369,0
SPY190729C300,2019-07-26,2019-07-26 09:36:43,1.59,1.1691,7,1.57,1.1544,100,1.6,1.1764,3,1.58,1.1617,1369,0
SPY190729C300,2019-07-26,2019-07-26 09:36:44,1.59,1.1691,10,1.56,1.147,179,1.6,1.1764,3,1.575,1.158,1369,0
SPY190729C300,2019-07-26,2019-07-26 09:36:44,1.59,1.1691,7,1.57,1.1544,100,1.6,1.1764,3,1.58,1.1617,1369,0
SPY190729C300,2019-07-26,2019-07-26 09:36:45,1.59,1.1691,88,1.55,1.1397,175,1.55,1.1397,7,1.57,1.1544,1376,7
SPY190729C300,2019-07-26,2019-07-26 09:36:45,1.59,1.1691,10,1.56,1.147,180,1.6,1.1764,3,1.575,1.158,1369,0
SPY190729C300,2019-07-26,2019-07-26 09:36:46,1.59,1.1691,88,1.56,1.147,100,1.55,1.1397,7,1.575,1.158,1376,0
SPY190729C300,2019-07-26,2019-07-26 09:36:46,1.59,1.1691,97,1.56,1.147,100,1.55,1.1397,7,1.575,1.158,1376,0
SPY190729C300,2019-07-26,2019-07-26 09:36:47,1.59,1.1691,97,1.55,1.1397,175,1.55,1.1397,7,1.57,1.1544,1376,0
SPY190729C300,2019-07-26,2019-07-26 09:36:48,1.59,1.1691,97,1.55,1.1397,185,1.55,1.1397,8,1.57,1.1544,1384,8
SPY190729C300,2019-07-26,2019-07-26 09:36:48,1.59,1.1691,97,1.55,1.1397,175,1.55,1.1397,7,1.57,1.1544,1376,0
SPY190729C300,2019-07-26,2019-07-26 09:36:49,1.59,1.1691,54,1.55,1.1397,110,1.55,1.1397,8,1.57,1.1544,1384,0
SPY190729C300,2019-07-26,2019-07-26 09:36:49,1.59,1.1691,7,1.56,1.147,136,1.55,1.1397,8,1.575,1.158,1384,0
SPY190729C300,2019-07-26,2019-07-26 09:36:50,1.6,1.1764,133,1.56,1.147,100,1.55,1.1397,8,1.58,1.1617,1384,0
SPY190729C300,2019-07-26,2019-07-26 09:36:50,1.59,1.1691,61,1.55,1.1397,110,1.55,1.1397,8,1.57,1.1544,1384,0
SPY190729C300,2019-07-26,2019-07-26 09:36:51,1.6,1.1764,133,1.56,1.147,179,1.55,1.1397,8,1.58,1.1617,1384,0
SPY190729C300,2019-07-26,2019-07-26 09:36:52,1.58,1.1617,20,1.56,1.147,25,1.55,1.1397,8,1.57,1.1544,1384,0
SPY190729C300,2019-07-26,2019-07-26 09:36:52,1.59,1.1691,35,1.56,1.147,169,1.55,1.1397,8,1.575,1.158,1384,0
SPY190729C300,2019-07-26,2019-07-26 09:36:53,1.59,1.1691,10,1.56,1.147,69,1.55,1.1397,8,1.575,1.158,1384,0
SPY190729C300,2019-07-26,2019-07-26 09:36:53,1.59,1.1691,10,1.56,1.147,185,1.55,1.1397,8,1.575,1.158,1384,0
SPY190729C300,2019-07-26,2019-07-26 09:36:54,1.6,1.1764,10,1.57,1.1544,102,1.55,1.1397,8,1.585,1.1654,1384,0
SPY190729C300,2019-07-26,2019-07-26 09:36:54,1.6,1.1764,10,1.57,1.1544,100,1.55,1.1397,8,1.585,1.1654,1384,0
SPY190729C300,2019-07-26,2019-07-26 09:36:55,1.59,1.1691,7,1.56,1.147,175,1.55,1.1397,8,1.575,1.158,1384,0
SPY190729C300,2019-07-26,2019-07-26 09:36:55,1.59,1.1691,52,1.56,1.147,175,1.55,1.1397,8,1.575,1.158,1384,0
SPY190729C300,2019-07-26,2019-07-26 09:36:56,1.59,1.1691,52,1.55,1.1397,217,1.55,1.1397,8,1.57,1.1544,1384,0
SPY190729C300,2019-07-26,2019-07-26 09:36:57,1.59,1.1691,30,1.56,1.147,45,1.55,1.1397,8,1.575,1.158,1384,0
SPY190729C300,2019-07-26,2019-07-26 09:36:57,1.59,1.1691,30,1.56,1.147,55,1.55,1.1397,8,1.575,1.158,1384,0
SPY190729C300,2019-07-26,2019-07-26 09:36:58,1.59,1.1691,29,1.56,1.147,110,1.55,1.1397,8,1.575,1.158,1384,0
SPY190729C300,2019-07-26,2019-07-26 09:36:59,1.6,1.1764,6,1.57,1.1544,185,1.55,1.1397,8,1.585,1.1654,1384,0
SPY190729C300,2019-07-26,2019-07-26 09:36:59,1.6,1.1764,10,1.57,1.1544,115,1.55,1.1397,8,1.585,1.1654,1384,0
SPY190729C300,2019-07-26,2019-07-26 09:37:00,1.6,1.1764,6,1.57,1.1544,185,1.55,1.1397,8,1.585,1.1654,1384,0
SPY190729C300,2019-07-26,2019-07-26 09:37:00,1.6,1.1764,6,1.57,1.1544,27,1.55,1.1397,8,1.585,1.1654,1384,0
SPY190729C300,2019-07-26,2019-07-26 09:37:01,1.6,1.1764,6,1.57,1.1544,94,1.55,1.1397,8,1.585,1.1654,1384,0
SPY190729C300,2019-07-26,2019-07-26 09:37:02,1.6,1.1764,6,1.57,1.1544,104,1.55,1.1397,8,1.585,1.1654,1384,0
SPY190729C300,2019-07-26,2019-07-26 09:37:02,1.6,1.1764,10,1.57,1.1544,119,1.55,1.1397,8,1.585,1.1654,1384,0
SPY190729C300,2019-07-26,2019-07-26 09:37:03,1.6,1.1764,10,1.59,1.1691,5,1.55,1.1397,8,1.595,1.1727,1384,0
SPY190729C300,2019-07-26,2019-07-26 09:37:04,1.6,1.1764,1,1.59,1.1691,5,1.55,1.1397,8,1.595,1.1727,1384,0
SPY190729C300,2019-07-26,2019-07-26 09:37:04,1.6,1.1764,6,1.59,1.1691,5,1.55,1.1397,8,1.595,1.1727,1384,0
SPY190729C300,2019-07-26,2019-07-26 09:37:05,1.6,1.1764,1,1.59,1.1691,5,1.55,1.1397,8,1.595,1.1727,1384,0
SPY190729C300,2019-07-26,2019-07-26 09:37:06,1.6,1.1764,10,1.59,1.1691,5,1.55,1.1397,8,1.595,1.1727,1384,0
SPY190729C300,2019-07-26,2019-07-26 09:37:07,1.59,1.1691,1,1.59,1.1691,5,1.59,1.1691,5,1.59,1.1691,1389,5
SPY190729C300,2019-07-26,2019-07-26 09:37:07,1.6,1.1764,20,1.59,1.1691,5,1.55,1.1397,8,1.595,1.1727,1384,0
SPY190729C300,2019-07-26,2019-07-26 09:37:08,1.6,1.1764,1,1.57,1.1544,169,1.59,1.1691,5,1.585,1.1654,1389,0
SPY190729C300,2019-07-26,2019-07-26 09:37:08,1.6,1.1764,70,1.57,1.1544,10,1.59,1.1691,5,1.585,1.1654,1389,0
SPY190729C300,2019-07-26,2019-07-26 09:37:09,1.6,1.1764,10,1.57,1.1544,169,1.59,1.1691,5,1.585,1.1654,1389,0
SPY190729C300,2019-07-26,2019-07-26 09:37:10,1.6,1.1764,10,1.57,1.1544,179,1.59,1.1691,5,1.585,1.1654,1389,0
SPY190729C300,2019-07-26,2019-07-26 09:37:11,1.6,1.1764,10,1.57,1.1544,179,1.59,1.1691,5,1.585,1.1654,1389,0
SPY190729C300,2019-07-26,2019-07-26 09:37:11,1.6,1.1764,6,1.57,1.1544,85,1.59,1.1691,5,1.585,1.1654,1389,0
SPY190729C300,2019-07-26,2019-07-26 09:37:12,1.6,1.1764,1,1.57,1.1544,185,1.59,1.1691,5,1.585,1.1654,1389,0
SPY190729C300,2019-07-26,2019-07-26 09:37:13,1.6,1.1764,1,1.57,1.1544,185,1.59,1.1691,5,1.585,1.1654,1389,0
SPY190729C300,2019-07-26,2019-07-26 09:37:14,1.6,1.1764,1,1.57,1.1544,185,1.59,1.1691,5,1.585,1.1654,1389,0
SPY190729C300,2019-07-26,2019-07-26 09:37:14,1.6,1.1764,1,1.58,1.1617,100,1.59,1.1691,5,1.59,1.1691,1389,0
SPY190729C300,2019-07-26,2019-07-26 09:37:15,1.6,1.1764,7,1.57,1.1544,168,1.59,1.1691,5,1.585,1.1654,1389,0
SPY190729C300,2019-07-26,2019-07-26 09:37:15,1.6,1.1764,2,1.58,1.1617,110,1.59,1.1691,5,1.59,1.1691,1389,0
SPY190729C300,2019-07-26,2019-07-26 09:37:16,1.59,1.1691,70,1.56,1.147,110,1.59,1.1691,5,1.575,1.158,1389,0
SPY190729C300,2019-07-26,2019-07-26 09:37:16,1.59,1.1691,1,1.56,1.147,110,1.59,1.1691,5,1.575,1.158,1389,0
SPY190729C300,2019-07-26,2019-07-26 09:37:17,1.59,1.1691,70,1.56,1.147,110,1.59,1.1691,5,1.575,1.158,1389,0
SPY190729C300,2019-07-26,2019-07-26 09:37:17,1.59,1.1691,98,1.55,1.1397,169,1.59,1.1691,5,1.57,1.1544,1389,0
SPY190729C300,2019-07-26,2019-07-26 09:37:18,1.59,1.1691,98,1.55,1.1397,174,1.59,1.1691,5,1.57,1.1544,1389,0
SPY190729C300,2019-07-26,2019-07-26 09:37:19,1.59,1.1691,40,1.55,1.1397,184,1.59,1.1691,5,1.57,1.1544,1389,0
SPY190729C300,2019-07-26,2019-07-26 09:37:19,1.59,1.1691,75,1.55,1.1397,184,1.59,1.1691,5,1.57,1.1544,1389,0
SPY190729C300,2019-07-26,2019-07-26 09:37:20,1.59,1.1691,10,1.56,1.147,49,1.59,1.1691,5,1.575,1.158,1389,0
SPY190729C300,2019-07-26,2019-07-26 09:38:10,1.56,1.147,98,1.52,1.1176,111,1.55,1.1397,1,1.54,1.1323,1415,26
SPY190729C300,2019-07-26,2019-07-26 09:38:11,1.56,1.147,116,1.52,1.1176,111,1.55,1.1397,1,1.54,1.1323,1415,0
SPY190729C300,2019-07-26,2019-07-26 09:38:11,1.56,1.147,177,1.51,1.1102,7,1.55,1.1397,1,1.535,1.1286,1415,0
SPY190729C300,2019-07-26,2019-07-26 09:38:12,1.54,1.1323,1,1.51,1.1102,1,1.55,1.1397,1,1.525,1.1213,1415,0
SPY190729C300,2019-07-26,2019-07-26 09:38:12,1.54,1.1323,6,1.51,1.1102,7,1.55,1.1397,1,1.525,1.1213,1415,0
SPY190729C300,2019-07-26,2019-07-26 09:38:13,1.53,1.125,3,1.51,1.1102,110,1.55,1.1397,1,1.52,1.1176,1415,0
SPY190729C300,2019-07-26,2019-07-26 09:38:13,1.54,1.1323,36,1.51,1.1102,110,1.55,1.1397,1,1.525,1.1213,1415,0
SPY190729C300,2019-07-26,2019-07-26 09:38:14,1.53,1.125,3,1.52,1.1176,1,1.52,1.1176,1,1.525,1.1213,1416,1
SPY190729C300,2019-07-26,2019-07-26 09:38:15,1.53,1.125,3,1.51,1.1102,100,1.52,1.1176,15,1.52,1.1176,1431,15
SPY190729C300,2019-07-26,2019-07-26 09:38:15,1.53,1.125,3,1.51,1.1102,110,1.52,1.1176,1,1.52,1.1176,1416,0
SPY190729C300,2019-07-26,2019-07-26 09:38:16,1.53,1.125,3,1.51,1.1102,10,1.52,1.1176,15,1.52,1.1176,1431,0
SPY190729C300,2019-07-26,2019-07-26 09:38:16,1.53,1.125,3,1.5,1.1029,185,1.52,1.1176,15,1.515,1.1139,1431,0
SPY190729C300,2019-07-26,2019-07-26 09:38:17,1.53,1.125,3,1.5,1.1029,189,1.52,1.1176,15,1.515,1.1139,1431,0
SPY190729C300,2019-07-26,2019-07-26 09:38:17,1.53,1.125,3,1.51,1.1102,10,1.52,1.1176,15,1.52,1.1176,1431,0
SPY190729C300,2019-07-26,2019-07-26 09:38:18,1.53,1.125,3,1.5,1.1029,125,1.52,1.1176,15,1.515,1.1139,1431,0
SPY190729C300,2019-07-26,2019-07-26 09:38:19,1.52,1.1176,10,1.49,1.0955,100,1.49,1.0955,25,1.505,1.1066,1456,25
SPY190729C300,2019-07-26,2019-07-26 09:38:19,1.53,1.125,3,1.5,1.1029,110,1.52,1.1176,15,1.515,1.1139,1431,0
SPY190729C300,2019-07-26,2019-07-26 09:38:20,1.52,1.1176,58,1.49,1.0955,100,1.49,1.0955,25,1.505,1.1066,1456,0
SPY190729C300,2019-07-26,2019-07-26 09:38:20,1.52,1.1176,6,1.49,1.0955,100,1.49,1.0955,25,1.505,1.1066,1456,0
SPY190729C300,2019-07-26,2019-07-26 09:38:21,1.5,1.1029,21,1.49,1.0955,1,1.49,1.0955,25,1.495,1.0992,1456,0
SPY190729C300,2019-07-26,2019-07-26 09:38:21,1.5,1.1029,16,1.47,1.0808,110,1.49,1.0955,25,1.485,1.0919,1456,0
SPY190729C300,2019-07-26,2019-07-26 09:38:22,1.5,1.1029,16,1.47,1.0808,19,1.49,1.0955,25,1.485,1.0919,1456,0
SPY190729C300,2019-07-26,2019-07-26 09:38:22,1.5,1.1029,132,1.46,1.0735,100,1.49,1.0955,25,1.48,1.0882,1456,0
SPY190729C300,2019-07-26,2019-07-26 09:38:23,1.49,1.0955,36,1.46,1.0735,100,1.49,1.0955,25,1.475,1.0845,1456,0
SPY190729C300,2019-07-26,2019-07-26 09:38:24,1.49,1.0955,10,1.46,1.0735,100,1.49,1.0955,25,1.475,1.0845,1456,0
SPY190729C300,2019-07-26,2019-07-26 09:38:24,1.49,1.0955,16,1.46,1.0735,100,1.49,1.0955,25,1.475,1.0845,1456,0
SPY190729C300,2019-07-26,2019-07-26 09:38:25,1.48,1.0882,16,1.45,1.0661,187,1.49,1.0955,25,1.465,1.0772,1456,0
SPY190729C300,2019-07-26,2019-07-26 09:38:25,1.48,1.0882,16,1.45,1.0661,143,1.49,1.0955,25,1.465,1.0772,1456,0
SPY190729C300,2019-07-26,2019-07-26 09:38:26,1.48,1.0882,16,1.45,1.0661,116,1.49,1.0955,25,1.465,1.0772,1456,0
SPY190729C300,2019-07-26,2019-07-26 09:38:27,1.47,1.0808,10,1.44,1.0588,100,1.46,1.0735,9,1.455,1.0698,1465,9
SPY190729C300,2019-07-26,2019-07-26 09:38:28,1.47,1.0808,16,1.44,1.0588,100,1.46,1.0735,9,1.455,1.0698,1465,0
SPY190729C300,2019-07-26,2019-07-26 09:38:29,1.45,1.0661,12,1.43,1.0514,100,1.46,1.0735,9,1.44,1.0588,1465,0
SPY190729C300,2019-07-26,2019-07-26 09:38:29,1.47,1.0808,26,1.43,1.0514,177,1.46,1.0735,9,1.45,1.0661,1465,0
SPY190729C300,2019-07-26,2019-07-26 09:38:30,1.45,1.0661,36,1.42,1.0441,24,1.46,1.0735,9,1.435,1.0551,1465,0
SPY190729C300,2019-07-26,2019-07-26 09:38:30,1.45,1.0661,22,1.42,1.0441,120,1.46,1.0735,9,1.435,1.0551,1465,0
SPY190729C300,2019-07-26,2019-07-26 09:38:31,1.44,1.0588,60,1.41,1.0367,100,1.46,1.0735,9,1.425,1.0477,1465,0
SPY190729C300,2019-07-26,2019-07-26 09:38:31,1.44,1.0588,16,1.41,1.0367,100,1.46,1.0735,9,1.425,1.0477,1465,0
SPY190729C300,2019-07-26,2019-07-26 09:38:32,1.43,1.0514,10,1.4,1.0294,116,1.46,1.0735,9,1.415,1.0404,1465,0
SPY190729C300,2019-07-26,2019-07-26 09:38:33,1.43,1.0514,22,1.4,1.0294,159,1.46,1.0735,9,1.415,1.0404,1465,0
SPY190729C300,2019-07-26,2019-07-26 09:38:33,1.43,1.0514,10,1.4,1.0294,159,1.46,1.0735,9,1.415,1.0404,1465,0
SPY190729C300,2019-07-26,2019-07-26 09:38:34,1.44,1.0588,10,1.4,1.0294,144,1.42,1.0441,3,1.42,1.0441,1468,3
SPY190729C300,2019-07-26,2019-07-26 09:38:34,1.44,1.0588,29,1.41,1.0367,100,1.42,1.0441,3,1.425,1.0477,1468,0
SPY190729C300,2019-07-26,2019-07-26 09:38:35,1.41,1.0367,171,1.34,0.9852,1,1.42,1.0441,3,1.375,1.011,1468,0
SPY190729C300,2019-07-26,2019-07-26 09:38:35,1.44,1.0588,29,1.4,1.0294,70,1.42,1.0441,3,1.42,1.0441,1468,0
SPY190729C300,2019-07-26,2019-07-26 09:38:36,1.4,1.0294,171,1.35,0.9926,110,1.42,1.0441,3,1.375,1.011,1468,0
SPY190729C300,2019-07-26,2019-07-26 09:38:37,1.39,1.022,73,1.35,0.9926,125,1.42,1.0441,3,1.37,1.0073,1468,0
SPY190729C300,2019-07-26,2019-07-26 09:38:37,1.39,1.022,69,1.35,0.9926,125,1.42,1.0441,3,1.37,1.0073,1468,0
SPY190729C300,2019-07-26,2019-07-26 09:38:38,1.38,1.0147,20,1.36,1.0,20,1.42,1.0441,3,1.37,1.0073,1468,0
SPY190729C300,2019-07-26,2019-07-26 09:38:38,1.38,1.0147,20,1.35,0.9926,125,1.42,1.0441,3,1.365,1.0036,1468,0
SPY190729C300,2019-07-26,2019-07-26 09:38:39,1.39,1.022,37,1.36,1.0,46,1.42,1.0441,3,1.375,1.011,1468,0
SPY190729C300,2019-07-26,2019-07-26 09:38:39,1.39,1.022,6,1.36,1.0,30,1.42,1.0441,3,1.375,1.011,1468,0
SPY190729C300,2019-07-26,2019-07-26 09:38:40,1.39,1.022,26,1.36,1.0,46,1.42,1.0441,3,1.375,1.011,1468,0
SPY190729C300,2019-07-26,2019-07-26 09:38:41,1.39,1.022,20,1.36,1.0,46,1.42,1.0441,3,1.375,1.011,1468,0
SPY190729C300,2019-07-26,2019-07-26 09:38:41,1.39,1.022,46,1.36,1.0,33,1.42,1.0441,3,1.375,1.011,1468,0
SPY190729C300,2019-07-26,2019-07-26 09:38:42,1.39,1.022,46,1.36,1.0,76,1.42,1.0441,3,1.375,1.011,1468,0
SPY190729C300,2019-07-26,2019-07-26 09:38:42,1.39,1.022,35,1.35,0.9926,195,1.42,1.0441,3,1.37,1.0073,1468,0
SPY190729C300,2019-07-26,2019-07-26 09:38:43,1.39,1.022,20,1.36,1.0,110,1.42,1.0441,3,1.375,1.011,1468,0
SPY190729C300,2019-07-26,2019-07-26 09:38:44,1.39,1.022,34,1.36,1.0,110,1.42,1.0441,3,1.375,1.011,1468,0
SPY190729C300,2019-07-26,2019-07-26 09:38:45,1.4,1.0294,60,1.36,1.0,110,1.42,1.0441,3,1.38,1.0147,1468,0
SPY190729C300,2019-07-26,2019-07-26 09:38:45,1.39,1.022,20,1.36,1.0,110,1.42,1.0441,3,1.375,1.011,1468,0
SPY190729C300,2019-07-26,2019-07-26 09:38:46,1.39,1.022,26,1.36,1.0,209,1.42,1.0441,3,1.375,1.011,1468,0
SPY190729C300,2019-07-26,2019-07-26 09:38:46,1.4,1.0294,26,1.36,1.0,209,1.42,1.0441,3,1.38,1.0147,1468,0
SPY190729C300,2019-07-26,2019-07-26 09:38:47,1.4,1.0294,1,1.38,1.0147,53,1.42,1.0441,3,1.39,1.022,1468,0
SPY190729C300,2019-07-26,2019-07-26 09:38:47,1.4,1.0294,1,1.37,1.0073,185,1.42,1.0441,3,1.385,1.0183,1468,0
SPY190729C300,2019-07-26,2019-07-26 09:38:48,1.42,1.0441,24,1.39,1.022,130,1.4,1.0294,1,1.405,1.033,1470,2
SPY190729C300,2019-07-26,2019-07-26 09:38:49,1.41,1.0367,125,1.38,1.0147,85,1.38,1.0147,1,1.395,1.0257,1471,0
SPY190729C300,2019-07-26,2019-07-26 09:38:49,1.41,1.0367,24,1.38,1.0147,100,1.38,1.0147,1,1.395,1.0257,1471,1
SPY190729C300,2019-07-26,2019-07-26 09:38:50,1.41,1.0367,125,1.38,1.0147,46,1.38,1.0147,1,1.395,1.0257,1471,0
SPY190729C300,2019-07-26,2019-07-26 09:38:50,1.41,1.0367,125,1.38,1.0147,28,1.38,1.0147,1,1.395,1.0257,1471,0
SPY190729C300,2019-07-26,2019-07-26 09:38:51,1.41,1.0367,24,1.38,1.0147,75,1.38,1.0147,1,1.395,1.0257,1471,0
SPY190729C300,2019-07-26,2019-07-26 09:38:51,1.42,1.0441,26,1.39,1.022,66,1.38,1.0147,1,1.405,1.033,1471,0
SPY190729C300,2019-07-26,2019-07-26 09:38:52,1.43,1.0514,131,1.39,1.022,171,1.38,1.0147,1,1.41,1.0367,1471,0
SPY190729C300,2019-07-26,2019-07-26 09:38:53,1.43,1.0514,131,1.39,1.022,171,1.38,1.0147,1,1.41,1.0367,1471,0
SPY190729C300,2019-07-26,2019-07-26 09:38:54,1.44,1.0588,26,1.41,1.0367,194,1.42,1.0441,3,1.425,1.0477,1478,7
SPY190729C300,2019-07-26,2019-07-26 09:38:54,1.44,1.0588,26,1.41,1.0367,96,1.42,1.0441,3,1.425,1.0477,1478,0
SPY190729C300,2019-07-26,2019-07-26 09:38:55,1.45,1.0661,10,1.43,1.0514,46,1.42,1.0441,3,1.44,1.0588,1478,0
SPY190729C300,2019-07-26,2019-07-26 09:38:55,1.45,1.0661,16,1.43,1.0514,26,1.42,1.0441,3,1.44,1.0588,1478,0
SPY190729C300,2019-07-26,2019-07-26 09:38:56,1.46,1.0735,20,1.43,1.0514,171,1.45,1.0661,10,1.445,1.0625,1503,25
SPY190729C300,2019-07-26,2019-07-26 09:38:57,1.45,1.0661,125,1.42,1.0441,107,1.42,1.0441,2,1.435,1.0551,1505,2
SPY190729C300,2019-07-26,2019-07-26 09:38:58,1.43,1.0514,26,1.39,1.022,97,1.42,1.0441,24,1.41,1.0367,1529,24
SPY190729C300,2019-07-26,2019-07-26 09:38:58,1.44,1.0588,26,1.41,1.0367,161,1.42,1.0441,24,1.425,1.0477,1529,0
SPY190729C300,2019-07-26,2019-07-26 09:38:59,1.45,1.0661,125,1.41,1.0367,161,1.41,1.0367,3,1.43,1.0514,1532,3
SPY190729C300,2019-07-26,2019-07-26 09:38:59,1.44,1.0588,125,1.41,1.0367,1,1.41,1.0367,3,1.425,1.0477,1532,0
SPY190729C300,2019-07-26,2019-07-26 09:39:00,1.44,1.0588,46,1.41,1.0367,46,1.41,1.0367,3,1.425,1.0477,1532,0
SPY190729C300,2019-07-26,2019-07-26 09:39:01,1.44,1.0588,46,1.4,1.0294,197,1.41,1.0367,3,1.42,1.0441,1532,0
SPY190729C300,2019-07-26,2019-07-26 09:39:01,1.44,1.0588,46,1.41,1.0367,88,1.41,1.0367,3,1.425,1.0477,1532,0
SPY190729C300,2019-07-26,2019-07-26 09:39:02,1.44,1.0588,46,1.41,1.0367,92,1.41,1.0367,3,1.425,1.0477,1532,0
SPY190729C300,2019-07-26,2019-07-26 09:39:02,1.44,1.0588,46,1.41,1.0367,102,1.41,1.0367,3,1.425,1.0477,1532,0
SPY190729C300,2019-07-26,2019-07-26 09:39:03,1.44,1.0588,46,1.41,1.0367,102,1.41,1.0367,3,1.425,1.0477,1532,0
SPY190729C300,2019-07-26,2019-07-26 09:39:03,1.46,1.0735,125,1.42,1.0441,189,1.42,1.0441,2,1.44,1.0588,1534,2
SPY190729C300,2019-07-26,2019-07-26 09:39:04,1.46,1.0735,42,1.42,1.0441,199,1.42,1.0441,2,1.44,1.0588,1534,0
SPY190729C300,2019-07-26,2019-07-26 09:39:05,1.44,1.0588,26,1.42,1.0441,24,1.42,1.0441,2,1.43,1.0514,1534,0
SPY190729C300,2019-07-26,2019-07-26 09:39:05,1.46,1.0735,131,1.42,1.0441,86,1.42,1.0441,2,1.44,1.0588,1534,0
SPY190729C300,2019-07-26,2019-07-26 09:39:06,1.44,1.0588,26,1.41,1.0367,118,1.42,1.0441,2,1.425,1.0477,1534,0
SPY190729C300,2019-07-26,2019-07-26 09:39:06,1.45,1.0661,125,1.42,1.0441,26,1.42,1.0441,2,1.435,1.0551,1534,0
SPY190729C300,2019-07-26,2019-07-26 09:39:07,1.44,1.0588,26,1.41,1.0367,26,1.42,1.0441,2,1.425,1.0477,1534,0
SPY190729C300,2019-07-26,2019-07-26 09:39:07,1.44,1.0588,26,1.41,1.0367,192,1.42,1.0441,2,1.425,1.0477,1534,0
SPY190729C300,2019-07-26,2019-07-26 09:39:08,1.44,1.0588,125,1.4,1.0294,197,1.42,1.0441,2,1.42,1.0441,1534,0
SPY190729C300,2019-07-26,2019-07-26 09:39:09,1.44,1.0588,100,1.41,1.0367,46,1.42,1.0441,2,1.425,1.0477,1534,0
SPY190729C300,2019-07-26,2019-07-26 09:39:09,1.44,1.0588,100,1.41,1.0367,46,1.43,1.0514,1,1.425,1.0477,1535,1
SPY190729C300,2019-07-26,2019-07-26 09:39:10,1.43,1.0514,5,1.41,1.0367,26,1.43,1.0514,1,1.42,1.0441,1535,0
SPY190729C300,2019-07-26,2019-07-26 09:39:10,1.43,1.0514,5,1.41,1.0367,66,1.43,1.0514,1,1.42,1.0441,1535,0
SPY190729C300,2019-07-26,2019-07-26 09:39:11,1.43,1.0514,5,1.41,1.0367,66,1.43,1.0514,1,1.42,1.0441,1535,0
SPY190729C300,2019-07-26,2019-07-26 09:39:12,1.43,1.0514,76,1.4,1.0294,26,1.43,1.0514,1,1.415,1.0404,1535,0
SPY190729C300,2019-07-26,2019-07-26 09:39:12,1.43,1.0514,68,1.4,1.0294,192,1.43,1.0514,1,1.415,1.0404,1535,0
SPY190729C300,2019-07-26,2019-07-26 09:39:13,1.43,1.0514,92,1.39,1.022,207,1.43,1.0514,1,1.41,1.0367,1535,0
SPY190729C300,2019-07-26,2019-07-26 09:39:14,1.43,1.0514,5,1.41,1.0367,178,1.43,1.0514,1,1.42,1.0441,1538,3
SPY190729C300,2019-07-26,2019-07-26 09:39:14,1.43,1.0514,102,1.39,1.022,207,1.43,1.0514,1,1.41,1.0367,1535,0
SPY190729C300,2019-07-26,2019-07-26 09:39:15,1.43,1.0514,5,1.42,1.0441,177,1.43,1.0514,5,1.425,1.0477,1543,5
SPY190729C300,2019-07-26,2019-07-26 09:39:15,1.45,1.0661,23,1.42,1.0441,207,1.43,1.0514,5,1.435,1.0551,1543,0
SPY190729C300,2019-07-26,2019-07-26 09:39:16,1.45,1.0661,13,1.43,1.0514,10,1.43,1.0514,5,1.44,1.0588,1543,0
SPY190729C300,2019-07-26,2019-07-26 09:39:16,1.45,1.0661,23,1.43,1.0514,45,1.43,1.0514,5,1.44,1.0588,1543,0
SPY190729C300,2019-07-26,2019-07-26 09:39:17,1.45,1.0661,13,1.43,1.0514,10,1.43,1.0514,5,1.44,1.0588,1543,0
SPY190729C300,2019-07-26,2019-07-26 09:39:18,1.45,1.0661,3,1.43,1.0514,110,1.43,1.0514,5,1.44,1.0588,1543,0
SPY190729C300,2019-07-26,2019-07-26 09:39:18,1.45,1.0661,3,1.43,1.0514,63,1.43,1.0514,5,1.44,1.0588,1543,0
SPY190729C300,2019-07-26,2019-07-26 09:39:19,1.45,1.0661,3,1.42,1.0441,187,1.43,1.0514,5,1.435,1.0551,1543,0
SPY190729C300,2019-07-26,2019-07-26 09:39:19,1.45,1.0661,3,1.43,1.0514,110,1.43,1.0514,5,1.44,1.0588,1543,0
SPY190729C300,2019-07-26,2019-07-26 09:39:20,1.45,1.0661,3,1.43,1.0514,91,1.43,1.0514,5,1.44,1.0588,1543,0
SPY190729C300,2019-07-26,2019-07-26 09:39:20,1.47,1.0808,56,1.44,1.0588,10,1.45,1.0661,3,1.455,1.0698,1549,6
SPY190729C300,2019-07-26,2019-07-26 09:39:21,1.46,1.0735,16,1.43,1.0514,100,1.45,1.0661,3,1.445,1.0625,1549,0
SPY190729C300,2019-07-26,2019-07-26 09:39:21,1.46,1.0735,97,1.44,1.0588,1,1.44,1.0588,5,1.45,1.0661,1554,5
SPY190729C300,2019-07-26,2019-07-26 09:39:22,1.46,1.0735,110,1.42,1.0441,187,1.44,1.0588,5,1.44,1.0588,1554,0
SPY190729C300,2019-07-26,2019-07-26 09:39:23,1.46,1.0735,10,1.42,1.0441,187,1.44,1.0588,5,1.44,1.0588,1554,0
SPY190729C300,2019-07-26,2019-07-26 09:39:23,1.46,1.0735,10,1.43,1.0514,197,1.44,1.0588,5,1.445,1.0625,1554,0
SPY190729C300,2019-07-26,2019-07-26 09:39:24,1.46,1.0735,16,1.43,1.0514,10,1.44,1.0588,5,1.445,1.0625,1554,0
SPY190729C300,2019-07-26,2019-07-26 09:39:25,1.46,1.0735,12,1.43,1.0514,53,1.44,1.0588,5,1.445,1.0625,1554,0
SPY190729C300,2019-07-26,2019-07-26 09:39:25,1.46,1.0735,32,1.43,1.0514,92,1.44,1.0588,5,1.445,1.0625,1554,0
SPY190729C300,2019-07-26,2019-07-26 09:39:26,1.46,1.0735,48,1.43,1.0514,98,1.44,1.0588,5,1.445,1.0625,1554,0
SPY190729C300,2019-07-26,2019-07-26 09:39:26,1.46,1.0735,50,1.43,1.0514,98,1.44,1.0588,5,1.445,1.0625,1554,0
SPY190729C300,2019-07-26,2019-07-26 09:39:27,1.46,1.0735,50,1.42,1.0441,182,1.44,1.0588,5,1.44,1.0588,1554,0
SPY190729C300,2019-07-26,2019-07-26 09:39:28,1.45,1.0661,43,1.42,1.0441,192,1.44,1.0588,5,1.435,1.0551,1554,0
SPY190729C300,2019-07-26,2019-07-26 09:39:28,1.45,1.0661,36,1.42,1.0441,192,1.44,1.0588,5,1.435,1.0551,1554,0
SPY190729C300,2019-07-26,2019-07-26 09:39:29,1.45,1.0661,54,1.42,1.0441,192,1.44,1.0588,5,1.435,1.0551,1554,0
SPY190729C300,2019-07-26,2019-07-26 09:39:29,1.45,1.0661,23,1.42,1.0441,192,1.44,1.0588,5,1.435,1.0551,1554,0
SPY190729C300,2019-07-26,2019-07-26 09:39:30,1.45,1.0661,30,1.42,1.0441,197,1.44,1.0588,5,1.435,1.0551,1554,0
SPY190729C300,2019-07-26,2019-07-26 09:39:30,1.46,1.0735,66,1.42,1.0441,197,1.44,1.0588,5,1.44,1.0588,1554,0
SPY190729C300,2019-07-26,2019-07-26 09:39:31,1.46,1.0735,105,1.43,1.0514,6,1.44,1.0588,5,1.445,1.0625,1554,0
SPY190729C300,2019-07-26,2019-07-26 09:39:31,1.46,1.0735,95,1.43,1.0514,27,1.44,1.0588,5,1.445,1.0625,1554,0
SPY190729C300,2019-07-26,2019-07-26 09:39:32,1.46,1.0735,105,1.43,1.0514,18,1.44,1.0588,5,1.445,1.0625,1554,0
SPY190729C300,2019-07-26,2019-07-26 09:39:33,1.46,1.0735,105,1.44,1.0588,100,1.44,1.0588,5,1.45,1.0661,1554,0
SPY190729C300,2019-07-26,2019-07-26 09:39:34,1.44,1.0588,2,1.42,1.0441,182,1.44,1.0588,5,1.43,1.0514,1554,0
SPY190729C300,2019-07-26,2019-07-26 09:39:34,1.45,1.0661,16,1.42,1.0441,187,1.44,1.0588,5,1.435,1.0551,1554,0
SPY190729C300,2019-07-26,2019-07-26 09:39:35,1.44,1.0588,16,1.42,1.0441,100,1.44,1.0588,5,1.43,1.0514,1554,0
SPY190729C300,2019-07-26,2019-07-26 09:39:35,1.44,1.0588,2,1.42,1.0441,192,1.44,1.0588,5,1.43,1.0514,1554,0
SPY190729C300,2019-07-26,2019-07-26 09:39:36,1.44,1.0588,26,1.42,1.0441,100,1.44,1.0588,2,1.43,1.0514,1556,2
SPY190729C300,2019-07-26,2019-07-26 09:39:37,1.44,1.0588,26,1.42,1.0441,100,1.44,1.0588,2,1.43,1.0514,1556,0
SPY190729C300,2019-07-26,2019-07-26 09:39:37,1.44,1.0588,10,1.42,1.0441,158,1.44,1.0588,2,1.43,1.0514,1556,0
SPY190729C300,2019-07-26,2019-07-26 09:39:38,1.46,1.0735,161,1.42,1.0441,187,1.44,1.0588,2,1.44,1.0588,1558,0
SPY190729C300,2019-07-26,2019-07-26 09:39:38,1.46,1.0735,10,1.42,1.0441,168,1.44,1.0588,2,1.44,1.0588,1558,2
SPY190729C300,2019-07-26,2019-07-26 09:39:39,1.46,1.0735,161,1.42,1.0441,187,1.44,1.0588,2,1.44,1.0588,1558,0
SPY190729C300,2019-07-26,2019-07-26 09:39:39,1.45,1.0661,16,1.42,1.0441,187,1.44,1.0588,2,1.435,1.0551,1558,0
SPY190729C300,2019-07-26,2019-07-26 09:39:40,1.45,1.0661,16,1.42,1.0441,187,1.44,1.0588,2,1.435,1.0551,1558,0
SPY190729C300,2019-07-26,2019-07-26 09:39:41,1.46,1.0735,6,1.43,1.0514,144,1.44,1.0588,2,1.445,1.0625,1558,0
SPY190729C300,2019-07-26,2019-07-26 09:39:41,1.46,1.0735,75,1.43,1.0514,100,1.44,1.0588,2,1.445,1.0625,1558,0
SPY190729C300,2019-07-26,2019-07-26 09:39:42,1.47,1.0808,56,1.44,1.0588,182,1.44,1.0588,2,1.455,1.0698,1558,0
SPY190729C300,2019-07-26,2019-07-26 09:39:42,1.46,1.0735,16,1.43,1.0514,144,1.44,1.0588,2,1.445,1.0625,1558,0
SPY190729C300,2019-07-26,2019-07-26 09:39:43,1.47,1.0808,67,1.44,1.0588,120,1.44,1.0588,2,1.455,1.0698,1558,0
SPY190729C300,2019-07-26,2019-07-26 09:39:43,1.47,1.0808,16,1.44,1.0588,182,1.44,1.0588,2,1.455,1.0698,1558,0
SPY190729C300,2019-07-26,2019-07-26 09:39:44,1.46,1.0735,16,1.43,1.0514,110,1.44,1.0588,2,1.445,1.0625,1558,0
SPY190729C300,2019-07-26,2019-07-26 09:39:44,1.46,1.0735,10,1.43,1.0514,172,1.44,1.0588,2,1.445,1.0625,1558,0
SPY190729C300,2019-07-26,2019-07-26 09:39:45,1.46,1.0735,74,1.44,1.0588,6,1.44,1.0588,2,1.45,1.0661,1558,0
SPY190729C300,2019-07-26,2019-07-26 09:39:45,1.47,1.0808,100,1.44,1.0588,16,1.44,1.0588,2,1.455,1.0698,1558,0
SPY190729C300,2019-07-26,2019-07-26 09:39:46,1.46,1.0735,197,1.42,1.0441,187,1.44,1.0588,2,1.44,1.0588,1558,0
SPY190729C300,2019-07-26,2019-07-26 09:39:47,1.46,1.0735,100,1.43,1.0514,10,1.44,1.0588,2,1.445,1.0625,1558,0
SPY190729C300,2019-07-26,2019-07-26 09:39:47,1.48,1.0882,197,1.44,1.0588,187,1.44,1.0588,2,1.46,1.0735,1558,0
SPY190729C300,2019-07-26,2019-07-26 09:39:48,1.48,1.0882,36,1.45,1.0661,10,1.44,1.0588,2,1.465,1.0772,1558,0
SPY190729C300,2019-07-26,2019-07-26 09:39:49,1.48,1.0882,110,1.45,1.0661,28,1.44,1.0588,2,1.465,1.0772,1558,0
SPY190729C300,2019-07-26,2019-07-26 09:39:49,1.48,1.0882,36,1.45,1.0661,20,1.44,1.0588,2,1.465,1.0772,1558,0
SPY190729C300,2019-07-26,2019-07-26 09:39:50,1.48,1.0882,110,1.45,1.0661,16,1.44,1.0588,2,1.465,1.0772,1558,0
SPY190729C300,2019-07-26,2019-07-26 09:39:51,1.48,1.0882,110,1.45,1.0661,23,1.44,1.0588,2,1.465,1.0772,1558,0
SPY190729C300,2019-07-26,2019-07-26 09:39:52,1.48,1.0882,110,1.45,1.0661,23,1.44,1.0588,2,1.465,1.0772,1558,0
SPY190729C300,2019-07-26,2019-07-26 09:39:53,1.47,1.0808,7,1.45,1.0661,10,1.44,1.0588,2,1.46,1.0735,1558,0
SPY190729C300,2019-07-26,2019-07-26 09:39:53,1.48,1.0882,110,1.44,1.0588,187,1.44,1.0588,2,1.46,1.0735,1558,0
SPY190729C300,2019-07-26,2019-07-26 09:39:54,1.47,1.0808,10,1.44,1.0588,197,1.44,1.0588,2,1.455,1.0698,1558,0
SPY190729C300,2019-07-26,2019-07-26 09:39:54,1.48,1.0882,187,1.44,1.0588,197,1.44,1.0588,2,1.46,1.0735,1558,0
SPY190729C300,2019-07-26,2019-07-26 09:39:55,1.48,1.0882,187,1.44,1.0588,197,1.44,1.0588,2,1.46,1.0735,1558,0
SPY190729C300,2019-07-26,2019-07-26 09:39:55,1.48,1.0882,197,1.45,1.0661,16,1.44,1.0588,2,1.465,1.0772,1558,0
SPY190729C300,2019-07-26,2019-07-26 09:39:56,1.48,1.0882,56,1.45,1.0661,60,1.44,1.0588,2,1.465,1.0772,1558,0
SPY190729C300,2019-07-26,2019-07-26 09:39:56,1.48,1.0882,6,1.45,1.0661,60,1.44,1.0588,2,1.465,1.0772,1558,0
SPY190729C300,2019-07-26,2019-07-26 09:39:57,1.48,1.0882,51,1.45,1.0661,36,1.44,1.0588,2,1.465,1.0772,1558,0
SPY190729C300,2019-07-26,2019-07-26 09:39:58,1.48,1.0882,16,1.45,1.0661,182,1.44,1.0588,2,1.465,1.0772,1558,0
SPY190729C300,2019-07-26,2019-07-26 09:39:58,1.48,1.0882,51,1.45,1.0661,182,1.44,1.0588,2,1.465,1.0772,1558,0
SPY190729C300,2019-07-26,2019-07-26 09:39:59,1.49,1.0955,110,1.45,1.0661,187,1.44,1.0588,2,1.47,1.0808,1558,0
SPY190729C300,2019-07-26,2019-07-26 09:40:00,1.49,1.0955,100,1.46,1.0735,24,1.44,1.0588,2,1.475,1.0845,1558,0
SPY190729C300,2019-07-26,2019-07-26 09:40:00,1.49,1.0955,100,1.46,1.0735,47,1.44,1.0588,2,1.475,1.0845,1558,0
SPY190729C300,2019-07-26,2019-07-26 09:40:01,1.49,1.0955,36,1.46,1.0735,86,1.44,1.0588,2,1.475,1.0845,1558,0
SPY190729C300,2019-07-26,2019-07-26 09:40:01,1.49,1.0955,192,1.46,1.0735,86,1.44,1.0588,2,1.475,1.0845,1558,0
SPY190729C300,2019-07-26,2019-07-26 09:40:02,1.49,1.0955,25,1.46,1.0735,86,1.44,1.0588,2,1.475,1.0845,1558,0
SPY190729C300,2019-07-26,2019-07-26 09:40:02,1.49,1.0955,54,1.46,1.0735,86,1.44,1.0588,2,1.475,1.0845,1558,0
SPY190729C300,2019-07-26,2019-07-26 09:40:03,1.49,1.0955,34,1.46,1.0735,86,1.44,1.0588,2,1.475,1.0845,1558,0
SPY190729C300,2019-07-26,2019-07-26 09:40:04,1.49,1.0955,34,1.46,1.0735,86,1.44,1.0588,2,1.475,1.0845,1558,0
SPY190729C300,2019-07-26,2019-07-26 09:40:05,1.49,1.0955,34,1.46,1.0735,86,1.44,1.0588,2,1.475,1.0845,1558,0
SPY190729C300,2019-07-26,2019-07-26 09:40:05,1.51,1.1102,12,1.48,1.0882,97,1.44,1.0588,2,1.495,1.0992,1558,0
SPY190729C300,2019-07-26,2019-07-26 09:40:06,1.52,1.1176,82,1.48,1.0882,97,1.5,1.1029,15,1.5,1.1029,1573,15
SPY190729C300,2019-07-26,2019-07-26 09:40:06,1.52,1.1176,182,1.48,1.0882,197,1.5,1.1029,15,1.5,1.1029,1573,0
SPY190729C300,2019-07-26,2019-07-26 09:40:07,1.52,1.1176,182,1.48,1.0882,141,1.5,1.1029,15,1.5,1.1029,1573,0
SPY190729C300,2019-07-26,2019-07-26 09:40:07,1.52,1.1176,16,1.49,1.0955,62,1.5,1.1029,15,1.505,1.1066,1573,0
SPY190729C300,2019-07-26,2019-07-26 09:40:08,1.52,1.1176,16,1.49,1.0955,62,1.5,1.1029,15,1.505,1.1066,1573,0
SPY190729C300,2019-07-26,2019-07-26 09:40:09,1.52,1.1176,10,1.49,1.0955,62,1.5,1.1029,15,1.505,1.1066,1573,0
SPY190729C300,2019-07-26,2019-07-26 09:40:09,1.52,1.1176,16,1.49,1.0955,62,1.5,1.1029,15,1.505,1.1066,1573,0
SPY190729C300,2019-07-26,2019-07-26 09:40:10,1.53,1.125,16,1.49,1.0955,195,1.5,1.1029,15,1.51,1.1102,1573,0
SPY190729C300,2019-07-26,2019-07-26 09:40:10,1.53,1.125,90,1.49,1.0955,195,1.5,1.1029,15,1.51,1.1102,1573,0
SPY190729C300,2019-07-26,2019-07-26 09:40:11,1.54,1.1323,180,1.5,1.1029,65,1.51,1.1102,1,1.52,1.1176,1574,0
SPY190729C300,2019-07-26,2019-07-26 09:40:11,1.53,1.125,46,1.49,1.0955,195,1.51,1.1102,1,1.51,1.1102,1574,1
SPY190729C300,2019-07-26,2019-07-26 09:40:12,1.54,1.1323,180,1.5,1.1029,159,1.51,1.1102,1,1.52,1.1176,1574,0
SPY190729C300,2019-07-26,2019-07-26 09:40:12,1.55,1.1397,141,1.5,1.1029,75,1.51,1.1102,1,1.525,1.1213,1574,0
SPY190729C300,2019-07-26,2019-07-26 09:40:13,1.55,1.1397,6,1.52,1.1176,73,1.51,1.1102,1,1.535,1.1286,1574,0
SPY190729C300,2019-07-26,2019-07-26 09:40:14,1.56,1.147,100,1.53,1.125,100,1.51,1.1102,1,1.545,1.136,1574,0
SPY190729C300,2019-07-26,2019-07-26 09:40:14,1.57,1.1544,20,1.54,1.1323,107,1.51,1.1102,1,1.555,1.1433,1574,0
SPY190729C300,2019-07-26,2019-07-26 09:40:15,1.58,1.1617,101,1.54,1.1323,107,1.51,1.1102,1,1.56,1.147,1574,0
SPY190729C300,2019-07-26,2019-07-26 09:40:15,1.58,1.1617,7,1.55,1.1397,110,1.51,1.1102,1,1.565,1.1507,1574,0
SPY190729C300,2019-07-26,2019-07-26 09:40:16,1.59,1.1691,101,1.55,1.1397,110,1.51,1.1102,1,1.57,1.1544,1574,0
SPY190729C300,2019-07-26,2019-07-26 09:40:16,1.59,1.1691,164,1.55,1.1397,185,1.51,1.1102,1,1.57,1.1544,1574,0
SPY190729C300,2019-07-26,2019-07-26 09:40:17,1.59,1.1691,164,1.55,1.1397,185,1.51,1.1102,1,1.57,1.1544,1574,0
SPY190729C300,2019-07-26,2019-07-26 09:40:18,1.58,1.1617,100,1.53,1.125,100,1.51,1.1102,1,1.555,1.1433,1574,0
SPY190729C300,2019-07-26,2019-07-26 09:40:18,1.58,1.1617,7,1.55,1.1397,110,1.51,1.1102,1,1.565,1.1507,1574,0
SPY190729C300,2019-07-26,2019-07-26 09:40:19,1.58,1.1617,20,1.55,1.1397,78,1.51,1.1102,1,1.565,1.1507,1574,0
SPY190729C300,2019-07-26,2019-07-26 09:40:19,1.58,1.1617,10,1.55,1.1397,154,1.51,1.1102,1,1.565,1.1507,1574,0
SPY190729C300,2019-07-26,2019-07-26 09:40:20,1.58,1.1617,10,1.55,1.1397,80,1.51,1.1102,1,1.565,1.1507,1574,0
SPY190729C300,2019-07-26,2019-07-26 09:40:21,1.58,1.1617,1,1.55,1.1397,6,1.51,1.1102,1,1.565,1.1507,1574,0
SPY190729C300,2019-07-26,2019-07-26 09:40:22,1.58,1.1617,101,1.55,1.1397,36,1.56,1.147,1,1.565,1.1507,1575,1
SPY190729C300,2019-07-26,2019-07-26 09:40:22,1.58,1.1617,101,1.55,1.1397,38,1.56,1.147,1,1.565,1.1507,1575,0
SPY190729C300,2019-07-26,2019-07-26 09:40:23,1.58,1.1617,10,1.55,1.1397,66,1.56,1.147,1,1.565,1.1507,1575,0
SPY190729C300,2019-07-26,2019-07-26 09:40:23,1.58,1.1617,101,1.55,1.1397,80,1.56,1.147,1,1.565,1.1507,1575,0
SPY190729C300,2019-07-26,2019-07-26 09:40:24,1.58,1.1617,11,1.55,1.1397,66,1.56,1.147,1,1.565,1.1507,1575,0
SPY190729C300,2019-07-26,2019-07-26 09:40:24,1.58,1.1617,10,1.55,1.1397,66,1.56,1.147,1,1.565,1.1507,1575,0
SPY190729C300,2019-07-26,2019-07-26 09:40:25,1.58,1.1617,10,1.55,1.1397,66,1.56,1.147,1,1.565,1.1507,1575,0
SPY190729C300,2019-07-26,2019-07-26 09:40:25,1.58,1.1617,20,1.55,1.1397,66,1.56,1.147,1,1.565,1.1507,1575,0
SPY190729C300,2019-07-26,2019-07-26 09:40:26,1.57,1.1544,1,1.55,1.1397,100,1.56,1.147,1,1.56,1.147,1575,0
SPY190729C300,2019-07-26,2019-07-26 09:40:27,1.57,1.1544,1,1.55,1.1397,20,1.56,1.147,1,1.56,1.147,1575,0
SPY190729C300,2019-07-26,2019-07-26 09:40:27,1.57,1.1544,54,1.54,1.1323,74,1.56,1.147,1,1.555,1.1433,1575,0
SPY190729C300,2019-07-26,2019-07-26 09:40:28,1.57,1.1544,1,1.54,1.1323,175,1.56,1.147,1,1.555,1.1433,1575,0
SPY190729C300,2019-07-26,2019-07-26 09:40:28,1.56,1.147,10,1.53,1.125,175,1.56,1.147,1,1.545,1.136,1575,0
SPY190729C300,2019-07-26,2019-07-26 09:40:29,1.57,1.1544,1,1.55,1.1397,7,1.56,1.147,1,1.56,1.147,1575,0
SPY190729C300,2019-07-26,2019-07-26 09:40:29,1.57,1.1544,1,1.55,1.1397,89,1.56,1.147,1,1.56,1.147,1575,0
SPY190729C300,2019-07-26,2019-07-26 09:40:30,1.57,1.1544,1,1.55,1.1397,89,1.56,1.147,1,1.56,1.147,1575,0
SPY190729C300,2019-07-26,2019-07-26 09:40:31,1.57,1.1544,1,1.55,1.1397,89,1.56,1.147,1,1.56,1.147,1575,0
SPY190729C300,2019-07-26,2019-07-26 09:40:32,1.57,1.1544,1,1.55,1.1397,180,1.56,1.147,1,1.56,1.147,1575,0
SPY190729C300,2019-07-26,2019-07-26 09:40:32,1.57,1.1544,1,1.56,1.147,1,1.56,1.147,3,1.565,1.1507,1578,3
SPY190729C300,2019-07-26,2019-07-26 09:40:33,1.57,1.1544,1,1.55,1.1397,170,1.57,1.1544,1,1.56,1.147,1580,2
SPY190729C300,2019-07-26,2019-07-26 09:40:33,1.57,1.1544,1,1.55,1.1397,170,1.57,1.1544,1,1.56,1.147,1580,0
SPY190729C300,2019-07-26,2019-07-26 09:40:34,1.56,1.147,7,1.53,1.125,181,1.57,1.1544,1,1.545,1.136,1580,0
SPY190729C300,2019-07-26,2019-07-26 09:40:34,1.57,1.1544,1,1.55,1.1397,74,1.57,1.1544,1,1.56,1.147,1580,0
SPY190729C300,2019-07-26,2019-07-26 09:40:35,1.56,1.147,7,1.53,1.125,181,1.57,1.1544,1,1.545,1.136,1580,0
SPY190729C300,2019-07-26,2019-07-26 09:40:36,1.56,1.147,10,1.53,1.125,181,1.57,1.1544,1,1.545,1.136,1580,0
SPY190729C300,2019-07-26,2019-07-26 09:40:36,1.56,1.147,7,1.53,1.125,181,1.57,1.1544,1,1.545,1.136,1580,0
SPY190729C300,2019-07-26,2019-07-26 09:40:37,1.56,1.147,10,1.53,1.125,181,1.57,1.1544,1,1.545,1.136,1580,0
SPY190729C300,2019-07-26,2019-07-26 09:40:37,1.56,1.147,7,1.53,1.125,181,1.57,1.1544,1,1.545,1.136,1580,0
SPY190729C300,2019-07-26,2019-07-26 09:40:38,1.57,1.1544,20,1.53,1.125,175,1.57,1.1544,1,1.55,1.1397,1580,0
SPY190729C300,2019-07-26,2019-07-26 09:40:38,1.56,1.147,10,1.53,1.125,181,1.57,1.1544,1,1.545,1.136,1580,0
SPY190729C300,2019-07-26,2019-07-26 09:40:39,1.56,1.147,20,1.53,1.125,175,1.57,1.1544,1,1.545,1.136,1580,0
SPY190729C300,2019-07-26,2019-07-26 09:40:40,1.56,1.147,10,1.52,1.1176,174,1.57,1.1544,1,1.54,1.1323,1580,0
SPY190729C300,2019-07-26,2019-07-26 09:40:40,1.56,1.147,20,1.53,1.125,156,1.57,1.1544,1,1.545,1.136,1580,0
SPY190729C300,2019-07-26,2019-07-26 09:40:41,1.56,1.147,20,1.53,1.125,156,1.57,1.1544,1,1.545,1.136,1580,0
SPY190729C300,2019-07-26,2019-07-26 09:40:41,1.56,1.147,20,1.53,1.125,7,1.57,1.1544,1,1.545,1.136,1580,0
SPY190729C300,2019-07-26,2019-07-26 09:40:42,1.56,1.147,20,1.53,1.125,170,1.57,1.1544,1,1.545,1.136,1580,0
SPY190729C300,2019-07-26,2019-07-26 09:40:43,1.54,1.1323,7,1.52,1.1176,179,1.57,1.1544,1,1.53,1.125,1580,0
SPY190729C300,2019-07-26,2019-07-26 09:40:43,1.55,1.1397,10,1.52,1.1176,179,1.57,1.1544,1,1.535,1.1286,1580,0
SPY190729C300,2019-07-26,2019-07-26 09:40:44,1.54,1.1323,7,1.52,1.1176,26,1.57,1.1544,1,1.53,1.125,1580,0
SPY190729C300,2019-07-26,2019-07-26 09:40:44,1.54,1.1323,7,1.51,1.1102,208,1.57,1.1544,1,1.525,1.1213,1580,0
SPY190729C300,2019-07-26,2019-07-26 09:40:45,1.54,1.1323,10,1.51,1.1102,208,1.57,1.1544,1,1.525,1.1213,1580,0
SPY190729C300,2019-07-26,2019-07-26 09:40:45,1.54,1.1323,21,1.51,1.1102,223,1.57,1.1544,1,1.525,1.1213,1580,0
SPY190729C300,2019-07-26,2019-07-26 09:40:46,1.54,1.1323,10,1.51,1.1102,195,1.57,1.1544,1,1.525,1.1213,1580,0
SPY190729C300,2019-07-26,2019-07-26 09:40:46,1.55,1.1397,110,1.51,1.1102,195,1.57,1.1544,1,1.53,1.125,1580,0
SPY190729C300,2019-07-26,2019-07-26 09:40:47,1.55,1.1397,110,1.51,1.1102,149,1.57,1.1544,1,1.53,1.125,1580,0
SPY190729C300,2019-07-26,2019-07-26 09:40:48,1.55,1.1397,2,1.52,1.1176,227,1.57,1.1544,1,1.535,1.1286,1580,0
SPY190729C300,2019-07-26,2019-07-26 09:40:48,1.55,1.1397,10,1.52,1.1176,180,1.57,1.1544,1,1.535,1.1286,1580,0
SPY190729C300,2019-07-26,2019-07-26 09:40:49,1.55,1.1397,2,1.52,1.1176,227,1.57,1.1544,1,1.535,1.1286,1580,0
SPY190729C300,2019-07-26,2019-07-26 09:40:49,1.55,1.1397,10,1.51,1.1102,176,1.57,1.1544,1,1.53,1.125,1580,0
SPY190729C300,2019-07-26,2019-07-26 09:40:50,1.55,1.1397,42,1.52,1.1176,75,1.57,1.1544,1,1.535,1.1286,1580,0
SPY190729C300,2019-07-26,2019-07-26 09:40:50,1.54,1.1323,1,1.52,1.1176,75,1.57,1.1544,1,1.53,1.125,1580,0
SPY190729C300,2019-07-26,2019-07-26 09:40:51,1.56,1.147,10,1.53,1.125,5,1.57,1.1544,1,1.545,1.136,1580,0
SPY190729C300,2019-07-26,2019-07-26 09:40:52,1.56,1.147,10,1.53,1.125,221,1.57,1.1544,1,1.545,1.136,1580,0
SPY190729C300,2019-07-26,2019-07-26 09:40:53,1.56,1.147,1,1.53,1.125,176,1.57,1.1544,1,1.545,1.136,1580,0
SPY190729C300,2019-07-26,2019-07-26 09:40:54,1.56,1.147,1,1.53,1.125,176,1.57,1.1544,1,1.545,1.136,1580,0
SPY190729C300,2019-07-26,2019-07-26 09:40:55,1.56,1.147,10,1.53,1.125,176,1.57,1.1544,1,1.545,1.136,1580,0
SPY190729C300,2019-07-26,2019-07-26 09:40:55,1.56,1.147,10,1.53,1.125,186,1.57,1.1544,1,1.545,1.136,1580,0
SPY190729C300,2019-07-26,2019-07-26 09:40:56,1.56,1.147,10,1.53,1.125,186,1.57,1.1544,1,1.545,1.136,1580,0
SPY190729C300,2019-07-26,2019-07-26 09:40:57,1.56,1.147,10,1.54,1.1323,1,1.54,1.1323,2,1.55,1.1397,1582,2
SPY190729C300,2019-07-26,2019-07-26 09:40:58,1.56,1.147,3,1.53,1.125,107,1.54,1.1323,2,1.545,1.136,1582,0
SPY190729C300,2019-07-26,2019-07-26 09:40:58,1.58,1.1617,1,1.55,1.1397,174,1.57,1.1544,1,1.565,1.1507,1583,1
SPY190729C300,2019-07-26,2019-07-26 09:40:59,1.6,1.1764,185,1.57,1.1544,1,1.57,1.1544,3,1.585,1.1654,1586,3
SPY190729C300,2019-07-26,2019-07-26 09:40:59,1.6,1.1764,111,1.55,1.1397,174,1.57,1.1544,1,1.575,1.158,1583,0
SPY190729C300,2019-07-26,2019-07-26 09:41:00,1.58,1.1617,7,1.55,1.1397,100,1.57,1.1544,21,1.565,1.1507,1610,21
SPY190729C300,2019-07-26,2019-07-26 09:41:00,1.59,1.1691,5,1.57,1.1544,84,1.57,1.1544,1,1.58,1.1617,1589,3
SPY190729C300,2019-07-26,2019-07-26 09:41:01,1.58,1.1617,7,1.55,1.1397,150,1.57,1.1544,21,1.565,1.1507,1610,0
SPY190729C300,2019-07-26,2019-07-26 09:41:02,1.58,1.1617,27,1.55,1.1397,110,1.57,1.1544,21,1.565,1.1507,1610,0
SPY190729C300,2019-07-26,2019-07-26 09:41:02,1.58,1.1617,20,1.55,1.1397,110,1.57,1.1544,21,1.565,1.1507,1610,0
SPY190729C300,2019-07-26,2019-07-26 09:41:03,1.57,1.1544,1,1.54,1.1323,169,1.57,1.1544,21,1.555,1.1433,1610,0
SPY190729C300,2019-07-26,2019-07-26 09:41:03,1.57,1.1544,101,1.53,1.125,211,1.57,1.1544,21,1.55,1.1397,1610,0
SPY190729C300,2019-07-26,2019-07-26 09:41:04,1.58,1.1617,20,1.55,1.1397,137,1.57,1.1544,21,1.565,1.1507,1610,0
SPY190729C300,2019-07-26,2019-07-26 09:41:04,1.57,1.1544,6,1.54,1.1323,6,1.57,1.1544,21,1.555,1.1433,1610,0
SPY190729C300,2019-07-26,2019-07-26 09:41:05,1.59,1.1691,1,1.56,1.147,182,1.57,1.1544,21,1.575,1.158,1610,0
SPY190729C300,2019-07-26,2019-07-26 09:41:05,1.59,1.1691,6,1.55,1.1397,137,1.57,1.1544,21,1.57,1.1544,1610,0
SPY190729C300,2019-07-26,2019-07-26 09:41:06,1.59,1.1691,16,1.56,1.147,182,1.57,1.1544,21,1.575,1.158,1610,0
SPY190729C300,2019-07-26,2019-07-26 09:41:07,1.59,1.1691,7,1.56,1.147,182,1.57,1.1544,21,1.575,1.158,1610,0
SPY190729C300,2019-07-26,2019-07-26 09:41:07,1.59,1.1691,87,1.55,1.1397,175,1.57,1.1544,21,1.57,1.1544,1610,0
SPY190729C300,2019-07-26,2019-07-26 09:41:08,1.58,1.1617,20,1.55,1.1397,75,1.57,1.1544,21,1.565,1.1507,1610,0
SPY190729C300,2019-07-26,2019-07-26 09:41:08,1.59,1.1691,87,1.55,1.1397,175,1.57,1.1544,21,1.57,1.1544,1610,0
SPY190729C300,2019-07-26,2019-07-26 09:41:09,1.58,1.1617,20,1.55,1.1397,75,1.57,1.1544,21,1.565,1.1507,1610,0
SPY190729C300,2019-07-26,2019-07-26 09:41:09,1.58,1.1617,10,1.55,1.1397,75,1.57,1.1544,21,1.565,1.1507,1610,0
SPY190729C300,2019-07-26,2019-07-26 09:41:10,1.57,1.1544,175,1.53,1.125,175,1.57,1.1544,21,1.55,1.1397,1610,0
SPY190729C300,2019-07-26,2019-07-26 09:41:11,1.57,1.1544,143,1.53,1.125,214,1.57,1.1544,21,1.55,1.1397,1610,0
SPY190729C300,2019-07-26,2019-07-26 09:41:11,1.56,1.147,7,1.53,1.125,70,1.57,1.1544,21,1.545,1.136,1610,0
SPY190729C300,2019-07-26,2019-07-26 09:41:12,1.56,1.147,101,1.53,1.125,43,1.57,1.1544,21,1.545,1.136,1610,0
SPY190729C300,2019-07-26,2019-07-26 09:41:12,1.56,1.147,7,1.53,1.125,221,1.57,1.1544,21,1.545,1.136,1610,0
SPY190729C300,2019-07-26,2019-07-26 09:41:13,1.56,1.147,20,1.53,1.125,75,1.57,1.1544,21,1.545,1.136,1610,0
SPY190729C300,2019-07-26,2019-07-26 09:41:13,1.56,1.147,101,1.53,1.125,123,1.57,1.1544,21,1.545,1.136,1610,0
SPY190729C300,2019-07-26,2019-07-26 09:41:14,1.55,1.1397,1,1.52,1.1176,135,1.57,1.1544,21,1.535,1.1286,1610,0
SPY190729C300,2019-07-26,2019-07-26 09:41:14,1.55,1.1397,6,1.52,1.1176,181,1.57,1.1544,21,1.535,1.1286,1610,0
SPY190729C300,2019-07-26,2019-07-26 09:41:15,1.55,1.1397,1,1.52,1.1176,196,1.57,1.1544,21,1.535,1.1286,1610,0
SPY190729C300,2019-07-26,2019-07-26 09:41:15,1.55,1.1397,6,1.52,1.1176,196,1.57,1.1544,21,1.535,1.1286,1610,0
SPY190729C300,2019-07-26,2019-07-26 09:41:16,1.55,1.1397,7,1.52,1.1176,155,1.57,1.1544,21,1.535,1.1286,1610,0
SPY190729C300,2019-07-26,2019-07-26 09:41:17,1.55,1.1397,147,1.52,1.1176,79,1.57,1.1544,21,1.535,1.1286,1610,0
SPY190729C300,2019-07-26,2019-07-26 09:41:17,1.55,1.1397,101,1.51,1.1102,234,1.57,1.1544,21,1.53,1.125,1610,0
SPY190729C300,2019-07-26,2019-07-26 09:41:18,1.55,1.1397,35,1.52,1.1176,101,1.57,1.1544,21,1.535,1.1286,1610,0
SPY190729C300,2019-07-26,2019-07-26 09:41:19,1.55,1.1397,7,1.52,1.1176,91,1.57,1.1544,21,1.535,1.1286,1610,0
SPY190729C300,2019-07-26,2019-07-26 09:41:19,1.55,1.1397,20,1.52,1.1176,136,1.57,1.1544,21,1.535,1.1286,1610,0
SPY190729C300,2019-07-26,2019-07-26 09:41:20,1.55,1.1397,16,1.52,1.1176,101,1.57,1.1544,21,1.535,1.1286,1610,0
SPY190729C300,2019-07-26,2019-07-26 09:41:20,1.55,1.1397,16,1.52,1.1176,110,1.57,1.1544,21,1.535,1.1286,1610,0
SPY190729C300,2019-07-26,2019-07-26 09:41:21,1.53,1.125,15,1.52,1.1176,36,1.57,1.1544,21,1.525,1.1213,1610,0
SPY190729C300,2019-07-26,2019-07-26 09:41:22,1.53,1.125,1,1.51,1.1102,157,1.57,1.1544,21,1.52,1.1176,1610,0
SPY190729C300,2019-07-26,2019-07-26 09:41:22,1.53,1.125,22,1.5,1.1029,16,1.57,1.1544,21,1.515,1.1139,1610,0
SPY190729C300,2019-07-26,2019-07-26 09:41:23,1.53,1.125,1,1.51,1.1102,84,1.57,1.1544,21,1.52,1.1176,1610,0
SPY190729C300,2019-07-26,2019-07-26 09:41:23,1.53,1.125,1,1.51,1.1102,157,1.57,1.1544,21,1.52,1.1176,1610,0
SPY190729C300,2019-07-26,2019-07-26 09:41:24,1.53,1.125,70,1.5,1.1029,8,1.5,1.1029,45,1.515,1.1139,1700,90
SPY190729C300,2019-07-26,2019-07-26 09:41:24,1.53,1.125,17,1.5,1.1029,61,1.57,1.1544,21,1.515,1.1139,1610,0
SPY190729C300,2019-07-26,2019-07-26 09:41:25,1.53,1.125,96,1.5,1.1029,1,1.5,1.1029,1,1.515,1.1139,1701,0
SPY190729C300,2019-07-26,2019-07-26 09:41:25,1.53,1.125,70,1.5,1.1029,8,1.5,1.1029,1,1.515,1.1139,1701,1
SPY190729C300,2019-07-26,2019-07-26 09:41:26,1.52,1.1176,52,1.49,1.0955,71,1.5,1.1029,1,1.505,1.1066,1701,0
SPY190729C300,2019-07-26,2019-07-26 09:41:26,1.52,1.1176,10,1.49,1.0955,195,1.5,1.1029,1,1.505,1.1066,1701,0
SPY190729C300,2019-07-26,2019-07-26 09:41:27,1.52,1.1176,16,1.49,1.0955,196,1.5,1.1029,1,1.505,1.1066,1701,0
SPY190729C300,2019-07-26,2019-07-26 09:41:28,1.52,1.1176,10,1.49,1.0955,81,1.5,1.1029,1,1.505,1.1066,1701,0
SPY190729C300,2019-07-26,2019-07-26 09:41:28,1.52,1.1176,10,1.49,1.0955,163,1.5,1.1029,1,1.505,1.1066,1701,0
SPY190729C300,2019-07-26,2019-07-26 09:41:29,1.52,1.1176,51,1.48,1.0882,185,1.5,1.1029,1,1.5,1.1029,1702,1
SPY190729C300,2019-07-26,2019-07-26 09:41:29,1.52,1.1176,51,1.48,1.0882,185,1.5,1.1029,1,1.5,1.1029,1702,0
SPY190729C300,2019-07-26,2019-07-26 09:41:30,1.52,1.1176,34,1.49,1.0955,86,1.5,1.1029,1,1.505,1.1066,1702,0
SPY190729C300,2019-07-26,2019-07-26 09:41:30,1.52,1.1176,16,1.48,1.0882,185,1.5,1.1029,1,1.5,1.1029,1702,0
SPY190729C300,2019-07-26,2019-07-26 09:41:31,1.52,1.1176,1,1.49,1.0955,142,1.5,1.1029,1,1.505,1.1066,1702,0
SPY190729C300,2019-07-26,2019-07-26 09:41:31,1.52,1.1176,6,1.49,1.0955,142,1.5,1.1029,1,1.505,1.1066,1702,0
SPY190729C300,2019-07-26,2019-07-26 09:41:32,1.55,1.1397,177,1.51,1.1102,100,1.52,1.1176,1,1.53,1.125,1705,3
SPY190729C300,2019-07-26,2019-07-26 09:41:33,1.54,1.1323,139,1.51,1.1102,36,1.52,1.1176,1,1.525,1.1213,1705,0
SPY190729C300,2019-07-26,2019-07-26 09:41:33,1.54,1.1323,100,1.51,1.1102,59,1.52,1.1176,1,1.525,1.1213,1705,0
SPY190729C300,2019-07-26,2019-07-26 09:41:34,1.54,1.1323,101,1.5,1.1029,182,1.52,1.1176,1,1.52,1.1176,1705,0
SPY190729C300,2019-07-26,2019-07-26 09:41:34,1.54,1.1323,139,1.5,1.1029,182,1.52,1.1176,1,1.52,1.1176,1705,0
SPY190729C300,2019-07-26,2019-07-26 09:41:35,1.54,1.1323,36,1.51,1.1102,100,1.52,1.1176,1,1.525,1.1213,1705,0
SPY190729C300,2019-07-26,2019-07-26 09:41:35,1.54,1.1323,16,1.51,1.1102,113,1.51,1.1102,1,1.525,1.1213,1706,1
SPY190729C300,2019-07-26,2019-07-26 09:41:36,1.54,1.1323,36,1.51,1.1102,107,1.51,1.1102,1,1.525,1.1213,1706,0
SPY190729C300,2019-07-26,2019-07-26 09:41:37,1.54,1.1323,36,1.51,1.1102,17,1.51,1.1102,1,1.525,1.1213,1706,0
SPY190729C300,2019-07-26,2019-07-26 09:41:37,1.54,1.1323,70,1.5,1.1029,185,1.51,1.1102,1,1.52,1.1176,1706,0
SPY190729C300,2019-07-26,2019-07-26 09:41:38,1.53,1.125,12,1.51,1.1102,7,1.51,1.1102,1,1.52,1.1176,1706,0
SPY190729C300,2019-07-26,2019-07-26 09:41:38,1.53,1.125,12,1.5,1.1029,180,1.51,1.1102,1,1.515,1.1139,1706,0
SPY190729C300,2019-07-26,2019-07-26 09:41:39,1.54,1.1323,6,1.51,1.1102,62,1.51,1.1102,1,1.525,1.1213,1706,0
SPY190729C300,2019-07-26,2019-07-26 09:41:39,1.54,1.1323,16,1.51,1.1102,100,1.51,1.1102,1,1.525,1.1213,1706,0
SPY190729C300,2019-07-26,2019-07-26 09:41:40,1.54,1.1323,36,1.51,1.1102,116,1.51,1.1102,1,1.525,1.1213,1706,0
SPY190729C300,2019-07-26,2019-07-26 09:41:40,1.54,1.1323,21,1.51,1.1102,110,1.51,1.1102,1,1.525,1.1213,1706,0
SPY190729C300,2019-07-26,2019-07-26 09:41:41,1.54,1.1323,21,1.51,1.1102,110,1.51,1.1102,1,1.525,1.1213,1706,0
SPY190729C300,2019-07-26,2019-07-26 09:41:42,1.54,1.1323,21,1.51,1.1102,142,1.51,1.1102,1,1.525,1.1213,1706,0
SPY190729C300,2019-07-26,2019-07-26 09:41:42,1.55,1.1397,177,1.52,1.1176,100,1.51,1.1102,1,1.535,1.1286,1706,0
SPY190729C300,2019-07-26,2019-07-26 09:41:43,1.55,1.1397,1,1.52,1.1176,165,1.51,1.1102,1,1.535,1.1286,1706,0
SPY190729C300,2019-07-26,2019-07-26 09:41:43,1.55,1.1397,1,1.52,1.1176,195,1.51,1.1102,1,1.535,1.1286,1706,0
SPY190729C300,2019-07-26,2019-07-26 09:41:44,1.55,1.1397,1,1.53,1.125,75,1.51,1.1102,1,1.54,1.1323,1706,0
SPY190729C300,2019-07-26,2019-07-26 09:41:45,1.55,1.1397,1,1.53,1.125,76,1.51,1.1102,1,1.54,1.1323,1706,0
SPY190729C300,2019-07-26,2019-07-26 09:41:45,1.55,1.1397,1,1.53,1.125,75,1.51,1.1102,1,1.54,1.1323,1706,0
SPY190729C300,2019-07-26,2019-07-26 09:41:46,1.55,1.1397,1,1.53,1.125,76,1.51,1.1102,1,1.54,1.1323,1706,0
SPY190729C300,2019-07-26,2019-07-26 09:41:47,1.55,1.1397,1,1.53,1.125,76,1.51,1.1102,1,1.54,1.1323,1706,0
SPY190729C300,2019-07-26,2019-07-26 09:41:48,1.55,1.1397,1,1.53,1.125,170,1.51,1.1102,1,1.54,1.1323,1706,0
SPY190729C300,2019-07-26,2019-07-26 09:41:48,1.55,1.1397,1,1.53,1.125,165,1.51,1.1102,1,1.54,1.1323,1706,0
SPY190729C300,2019-07-26,2019-07-26 09:41:49,1.55,1.1397,1,1.53,1.125,165,1.51,1.1102,1,1.54,1.1323,1706,0
SPY190729C300,2019-07-26,2019-07-26 09:41:50,1.55,1.1397,145,1.52,1.1176,59,1.51,1.1102,1,1.535,1.1286,1706,0
SPY190729C300,2019-07-26,2019-07-26 09:41:50,1.55,1.1397,1,1.53,1.125,76,1.51,1.1102,1,1.54,1.1323,1706,0
SPY190729C300,2019-07-26,2019-07-26 09:41:51,1.54,1.1323,7,1.51,1.1102,170,1.51,1.1102,1,1.525,1.1213,1706,0
SPY190729C300,2019-07-26,2019-07-26 09:41:52,1.53,1.125,63,1.5,1.1029,188,1.51,1.1102,1,1.515,1.1139,1706,0
SPY190729C300,2019-07-26,2019-07-26 09:41:52,1.53,1.125,63,1.5,1.1029,178,1.51,1.1102,1,1.515,1.1139,1706,0
SPY190729C300,2019-07-26,2019-07-26 09:41:53,1.53,1.125,63,1.5,1.1029,10,1.51,1.1102,1,1.515,1.1139,1706,0
SPY190729C300,2019-07-26,2019-07-26 09:41:53,1.53,1.125,56,1.5,1.1029,10,1.51,1.1102,1,1.515,1.1139,1706,0
SPY190729C300,2019-07-26,2019-07-26 09:41:54,1.52,1.1176,10,1.5,1.1029,51,1.51,1.1102,1,1.51,1.1102,1706,0
SPY190729C300,2019-07-26,2019-07-26 09:41:54,1.52,1.1176,10,1.5,1.1029,20,1.51,1.1102,1,1.51,1.1102,1706,0
SPY190729C300,2019-07-26,2019-07-26 09:41:55,1.52,1.1176,10,1.49,1.0955,218,1.51,1.1102,1,1.505,1.1066,1706,0
SPY190729C300,2019-07-26,2019-07-26 09:41:56,1.52,1.1176,6,1.5,1.1029,82,1.51,1.1102,1,1.51,1.1102,1706,0
SPY190729C300,2019-07-26,2019-07-26 09:41:57,1.52,1.1176,10,1.5,1.1029,10,1.51,1.1102,1,1.51,1.1102,1706,0
SPY190729C300,2019-07-26,2019-07-26 09:41:58,1.52,1.1176,10,1.5,1.1029,10,1.51,1.1102,1,1.51,1.1102,1706,0
SPY190729C300,2019-07-26,2019-07-26 09:41:58,1.53,1.125,16,1.5,1.1029,10,1.51,1.1102,1,1.515,1.1139,1706,0
SPY190729C300,2019-07-26,2019-07-26 09:41:59,1.52,1.1176,6,1.5,1.1029,13,1.51,1.1102,1,1.51,1.1102,1706,0
SPY190729C300,2019-07-26,2019-07-26 09:41:59,1.53,1.125,149,1.5,1.1029,13,1.51,1.1102,1,1.515,1.1139,1706,0
SPY190729C300,2019-07-26,2019-07-26 09:42:00,1.53,1.125,36,1.5,1.1029,65,1.51,1.1102,1,1.515,1.1139,1706,0
SPY190729C300,2019-07-26,2019-07-26 09:42:01,1.54,1.1323,16,1.5,1.1029,147,1.51,1.1102,1,1.52,1.1176,1706,0
SPY190729C300,2019-07-26,2019-07-26 09:42:01,1.54,1.1323,119,1.51,1.1102,61,1.51,1.1102,1,1.525,1.1213,1706,0
SPY190729C300,2019-07-26,2019-07-26 09:42:02,1.53,1.125,146,1.5,1.1029,180,1.51,1.1102,1,1.515,1.1139,1706,0
SPY190729C300,2019-07-26,2019-07-26 09:42:02,1.54,1.1323,119,1.51,1.1102,61,1.51,1.1102,1,1.525,1.1213,1706,0
SPY190729C300,2019-07-26,2019-07-26 09:42:03,1.53,1.125,22,1.5,1.1029,84,1.51,1.1102,1,1.515,1.1139,1706,0
SPY190729C300,2019-07-26,2019-07-26 09:42:03,1.53,1.125,36,1.5,1.1029,84,1.51,1.1102,1,1.515,1.1139,1706,0
SPY190729C300,2019-07-26,2019-07-26 09:42:04,1.53,1.125,16,1.5,1.1029,72,1.51,1.1102,1,1.515,1.1139,1706,0
SPY190729C300,2019-07-26,2019-07-26 09:42:04,1.54,1.1323,16,1.51,1.1102,83,1.51,1.1102,1,1.525,1.1213,1706,0
SPY190729C300,2019-07-26,2019-07-26 09:42:05,1.54,1.1323,93,1.5,1.1029,180,1.51,1.1102,1,1.52,1.1176,1706,0
SPY190729C300,2019-07-26,2019-07-26 09:42:06,1.54,1.1323,93,1.5,1.1029,180,1.51,1.1102,1,1.52,1.1176,1706,0
SPY190729C300,2019-07-26,2019-07-26 09:42:06,1.53,1.125,16,1.5,1.1029,180,1.51,1.1102,1,1.515,1.1139,1706,0
SPY190729C300,2019-07-26,2019-07-26 09:42:07,1.54,1.1323,38,1.51,1.1102,157,1.51,1.1102,1,1.525,1.1213,1706,0
SPY190729C300,2019-07-26,2019-07-26 09:42:07,1.54,1.1323,38,1.51,1.1102,147,1.51,1.1102,1,1.525,1.1213,1706,0
SPY190729C300,2019-07-26,2019-07-26 09:42:08,1.54,1.1323,10,1.51,1.1102,157,1.51,1.1102,1,1.525,1.1213,1706,0
SPY190729C300,2019-07-26,2019-07-26 09:42:09,1.54,1.1323,10,1.51,1.1102,157,1.51,1.1102,1,1.525,1.1213,1706,0
SPY190729C300,2019-07-26,2019-07-26 09:42:10,1.55,1.1397,59,1.51,1.1102,162,1.51,1.1102,1,1.53,1.125,1706,0
SPY190729C300,2019-07-26,2019-07-26 09:42:10,1.55,1.1397,78,1.51,1.1102,197,1.51,1.1102,1,1.53,1.125,1706,0
SPY190729C300,2019-07-26,2019-07-26 09:42:11,1.54,1.1323,1,1.54,1.1323,1,1.54,1.1323,1,1.54,1.1323,1707,1
SPY190729C300,2019-07-26,2019-07-26 09:42:11,1.54,1.1323,1,1.54,1.1323,1,1.54,1.1323,1,1.54,1.1323,1707,0
SPY190729C300,2019-07-26,2019-07-26 09:42:12,1.54,1.1323,1,1.52,1.1176,16,1.54,1.1323,1,1.53,1.125,1707,0
SPY190729C300,2019-07-26,2019-07-26 09:42:12,1.55,1.1397,126,1.52,1.1176,55,1.54,1.1323,1,1.535,1.1286,1707,0
SPY190729C300,2019-07-26,2019-07-26 09:42:13,1.55,1.1397,109,1.52,1.1176,16,1.54,1.1323,1,1.535,1.1286,1707,0
SPY190729C300,2019-07-26,2019-07-26 09:42:14,1.55,1.1397,109,1.52,1.1176,16,1.54,1.1323,1,1.535,1.1286,1707,0
SPY190729C300,2019-07-26,2019-07-26 09:42:14,1.55,1.1397,112,1.52,1.1176,10,1.54,1.1323,1,1.535,1.1286,1707,0
SPY190729C300,2019-07-26,2019-07-26 09:42:15,1.55,1.1397,112,1.52,1.1176,16,1.54,1.1323,1,1.535,1.1286,1707,0
SPY190729C300,2019-07-26,2019-07-26 09:42:16,1.54,1.1323,185,1.5,1.1029,174,1.54,1.1323,1,1.52,1.1176,1707,0
SPY190729C300,2019-07-26,2019-07-26 09:42:16,1.54,1.1323,7,1.52,1.1176,16,1.54,1.1323,1,1.53,1.125,1707,0
SPY190729C300,2019-07-26,2019-07-26 09:42:17,1.53,1.125,15,1.5,1.1029,30,1.54,1.1323,1,1.515,1.1139,1707,0
SPY190729C300,2019-07-26,2019-07-26 09:42:17,1.53,1.125,154,1.5,1.1029,21,1.54,1.1323,1,1.515,1.1139,1707,0
SPY190729C300,2019-07-26,2019-07-26 09:42:18,1.53,1.125,154,1.5,1.1029,44,1.54,1.1323,1,1.515,1.1139,1707,0
SPY190729C300,2019-07-26,2019-07-26 09:42:18,1.53,1.125,141,1.5,1.1029,20,1.54,1.1323,1,1.515,1.1139,1707,0
SPY190729C300,2019-07-26,2019-07-26 09:42:19,1.53,1.125,141,1.5,1.1029,20,1.54,1.1323,1,1.515,1.1139,1707,0
SPY190729C300,2019-07-26,2019-07-26 09:42:19,1.53,1.125,46,1.5,1.1029,43,1.54,1.1323,1,1.515,1.1139,1707,0
SPY190729C300,2019-07-26,2019-07-26 09:42:20,1.53,1.125,46,1.5,1.1029,43,1.54,1.1323,1,1.515,1.1139,1707,0
SPY190729C300,2019-07-26,2019-07-26 09:42:21,1.53,1.125,36,1.5,1.1029,43,1.54,1.1323,1,1.515,1.1139,1707,0
SPY190729C300,2019-07-26,2019-07-26 09:42:21,1.53,1.125,36,1.5,1.1029,144,1.54,1.1323,1,1.515,1.1139,1707,0
SPY190729C300,2019-07-26,2019-07-26 09:42:22,1.54,1.1323,36,1.51,1.1102,25,1.54,1.1323,1,1.525,1.1213,1707,0
SPY190729C300,2019-07-26,2019-07-26 09:42:22,1.54,1.1323,85,1.51,1.1102,25,1.54,1.1323,1,1.525,1.1213,1707,0
SPY190729C300,2019-07-26,2019-07-26 09:42:23,1.54,1.1323,36,1.51,1.1102,82,1.54,1.1323,1,1.525,1.1213,1707,0
SPY190729C300,2019-07-26,2019-07-26 09:42:24,1.54,1.1323,36,1.51,1.1102,82,1.54,1.1323,1,1.525,1.1213,1707,0
SPY190729C300,2019-07-26,2019-07-26 09:42:25,1.53,1.125,5,1.5,1.1029,21,1.54,1.1323,1,1.515,1.1139,1707,0
SPY190729C300,2019-07-26,2019-07-26 09:42:25,1.53,1.125,5,1.51,1.1102,82,1.54,1.1323,1,1.52,1.1176,1707,0
SPY190729C300,2019-07-26,2019-07-26 09:42:26,1.53,1.125,5,1.51,1.1102,146,1.54,1.1323,1,1.52,1.1176,1707,0
SPY190729C300,2019-07-26,2019-07-26 09:42:26,1.53,1.125,5,1.5,1.1029,175,1.54,1.1323,1,1.515,1.1139,1707,0
SPY190729C300,2019-07-26,2019-07-26 09:42:27,1.55,1.1397,10,1.52,1.1176,100,1.53,1.125,5,1.535,1.1286,1712,5
SPY190729C300,2019-07-26,2019-07-26 09:42:27,1.53,1.125,5,1.51,1.1102,146,1.54,1.1323,1,1.52,1.1176,1707,0
SPY190729C300,2019-07-26,2019-07-26 09:42:28,1.55,1.1397,10,1.52,1.1176,195,1.53,1.125,5,1.535,1.1286,1712,0
SPY190729C300,2019-07-26,2019-07-26 09:42:29,1.55,1.1397,6,1.52,1.1176,205,1.53,1.125,5,1.535,1.1286,1712,0
SPY190729C300,2019-07-26,2019-07-26 09:42:30,1.55,1.1397,10,1.52,1.1176,175,1.53,1.125,5,1.535,1.1286,1712,0
SPY190729C300,2019-07-26,2019-07-26 09:42:30,1.55,1.1397,39,1.52,1.1176,74,1.53,1.125,5,1.535,1.1286,1712,0
SPY190729C300,2019-07-26,2019-07-26 09:42:31,1.55,1.1397,39,1.52,1.1176,74,1.53,1.125,5,1.535,1.1286,1712,0
SPY190729C300,2019-07-26,2019-07-26 09:42:31,1.55,1.1397,39,1.52,1.1176,87,1.53,1.125,5,1.535,1.1286,1712,0
SPY190729C300,2019-07-26,2019-07-26 09:42:32,1.55,1.1397,75,1.52,1.1176,10,1.53,1.125,5,1.535,1.1286,1712,0
SPY190729C300,2019-07-26,2019-07-26 09:42:32,1.55,1.1397,69,1.52,1.1176,29,1.53,1.125,5,1.535,1.1286,1712,0
SPY190729C300,2019-07-26,2019-07-26 09:42:33,1.55,1.1397,69,1.52,1.1176,161,1.53,1.125,5,1.535,1.1286,1712,0
SPY190729C300,2019-07-26,2019-07-26 09:42:34,1.55,1.1397,1,1.53,1.125,16,1.53,1.125,5,1.54,1.1323,1712,0
SPY190729C300,2019-07-26,2019-07-26 09:42:34,1.55,1.1397,1,1.53,1.125,31,1.53,1.125,5,1.54,1.1323,1712,0
SPY190729C300,2019-07-26,2019-07-26 09:42:35,1.55,1.1397,1,1.53,1.125,139,1.53,1.125,5,1.54,1.1323,1712,0
SPY190729C300,2019-07-26,2019-07-26 09:42:36,1.55,1.1397,1,1.53,1.125,139,1.53,1.125,5,1.54,1.1323,1712,0
SPY190729C300,2019-07-26,2019-07-26 09:42:37,1.55,1.1397,1,1.54,1.1323,7,1.53,1.125,5,1.545,1.136,1712,0
SPY190729C300,2019-07-26,2019-07-26 09:42:37,1.55,1.1397,1,1.54,1.1323,10,1.53,1.125,5,1.545,1.136,1712,0
SPY190729C300,2019-07-26,2019-07-26 09:42:38,1.55,1.1397,1,1.54,1.1323,7,1.53,1.125,5,1.545,1.136,1712,0
SPY190729C300,2019-07-26,2019-07-26 09:42:39,1.57,1.1544,42,1.55,1.1397,1,1.55,1.1397,1,1.56,1.147,1713,1
SPY190729C300,2019-07-26,2019-07-26 09:42:39,1.57,1.1544,10,1.55,1.1397,10,1.55,1.1397,1,1.56,1.147,1713,0
SPY190729C300,2019-07-26,2019-07-26 09:42:40,1.57,1.1544,10,1.55,1.1397,10,1.55,1.1397,1,1.56,1.147,1713,0
SPY190729C300,2019-07-26,2019-07-26 09:42:40,1.57,1.1544,10,1.55,1.1397,21,1.55,1.1397,1,1.56,1.147,1713,0
SPY190729C300,2019-07-26,2019-07-26 09:42:41,1.57,1.1544,10,1.55,1.1397,48,1.55,1.1397,1,1.56,1.147,1713,0
SPY190729C300,2019-07-26,2019-07-26 09:42:41,1.57,1.1544,10,1.55,1.1397,145,1.55,1.1397,1,1.56,1.147,1713,0
SPY190729C300,2019-07-26,2019-07-26 09:42:42,1.57,1.1544,10,1.55,1.1397,51,1.55,1.1397,1,1.56,1.147,1713,0
SPY190729C300,2019-07-26,2019-07-26 09:42:42,1.57,1.1544,10,1.55,1.1397,145,1.55,1.1397,1,1.56,1.147,1713,0
SPY190729C300,2019-07-26,2019-07-26 09:42:43,1.57,1.1544,10,1.55,1.1397,145,1.55,1.1397,1,1.56,1.147,1713,0
SPY190729C300,2019-07-26,2019-07-26 09:42:43,1.57,1.1544,10,1.55,1.1397,51,1.55,1.1397,1,1.56,1.147,1713,0
SPY190729C300,2019-07-26,2019-07-26 09:42:44,1.57,1.1544,10,1.55,1.1397,51,1.55,1.1397,1,1.56,1.147,1713,0
SPY190729C300,2019-07-26,2019-07-26 09:42:45,1.58,1.1617,1,1.56,1.147,131,1.56,1.147,3,1.57,1.1544,1726,13
SPY190729C300,2019-07-26,2019-07-26 09:42:45,1.57,1.1544,10,1.55,1.1397,51,1.55,1.1397,1,1.56,1.147,1713,0
SPY190729C300,2019-07-26,2019-07-26 09:42:46,1.58,1.1617,1,1.57,1.1544,11,1.56,1.147,3,1.575,1.158,1726,0
SPY190729C300,2019-07-26,2019-07-26 09:42:47,1.58,1.1617,1,1.57,1.1544,10,1.56,1.147,3,1.575,1.158,1726,0
SPY190729C300,2019-07-26,2019-07-26 09:42:47,1.6,1.1764,27,1.57,1.1544,20,1.58,1.1617,1,1.585,1.1654,1727,1
SPY190729C300,2019-07-26,2019-07-26 09:42:48,1.6,1.1764,27,1.57,1.1544,64,1.58,1.1617,1,1.585,1.1654,1727,0
SPY190729C300,2019-07-26,2019-07-26 09:42:49,1.6,1.1764,11,1.58,1.1617,130,1.6,1.1764,1,1.59,1.1691,1728,1
SPY190729C300,2019-07-26,2019-07-26 09:42:49,1.6,1.1764,11,1.59,1.1691,7,1.6,1.1764,1,1.595,1.1727,1728,0
SPY190729C300,2019-07-26,2019-07-26 09:42:50,1.6,1.1764,11,1.59,1.1691,7,1.6,1.1764,1,1.595,1.1727,1728,0
SPY190729C300,2019-07-26,2019-07-26 09:42:51,1.6,1.1764,11,1.59,1.1691,20,1.6,1.1764,1,1.595,1.1727,1728,0
SPY190729C300,2019-07-26,2019-07-26 09:42:52,1.6,1.1764,11,1.58,1.1617,137,1.6,1.1764,1,1.59,1.1691,1728,0
SPY190729C300,2019-07-26,2019-07-26 09:42:52,1.6,1.1764,11,1.59,1.1691,20,1.6,1.1764,1,1.595,1.1727,1728,0
SPY190729C300,2019-07-26,2019-07-26 09:42:53,1.6,1.1764,11,1.58,1.1617,137,1.6,1.1764,1,1.59,1.1691,1728,0
SPY190729C300,2019-07-26,2019-07-26 09:42:54,1.6,1.1764,11,1.58,1.1617,137,1.6,1.1764,1,1.59,1.1691,1728,0
SPY190729C300,2019-07-26,2019-07-26 09:42:55,1.6,1.1764,11,1.58,1.1617,137,1.6,1.1764,1,1.59,1.1691,1728,0
SPY190729C300,2019-07-26,2019-07-26 09:42:56,1.6,1.1764,11,1.58,1.1617,158,1.6,1.1764,1,1.59,1.1691,1728,0
SPY190729C300,2019-07-26,2019-07-26 09:42:57,1.6,1.1764,11,1.58,1.1617,158,1.6,1.1764,1,1.59,1.1691,1728,0
SPY190729C300,2019-07-26,2019-07-26 09:42:58,1.6,1.1764,11,1.58,1.1617,158,1.6,1.1764,1,1.59,1.1691,1728,0
SPY190729C300,2019-07-26,2019-07-26 09:42:59,1.6,1.1764,10,1.58,1.1617,163,1.6,1.1764,1,1.59,1.1691,1729,1
SPY190729C300,2019-07-26,2019-07-26 09:42:59,1.6,1.1764,10,1.58,1.1617,163,1.6,1.1764,1,1.59,1.1691,1729,0
SPY190729C300,2019-07-26,2019-07-26 09:43:00,1.6,1.1764,10,1.58,1.1617,158,1.6,1.1764,1,1.59,1.1691,1729,0
SPY190729C300,2019-07-26,2019-07-26 09:43:00,1.6,1.1764,60,1.57,1.1544,7,1.6,1.1764,1,1.585,1.1654,1729,0
SPY190729C300,2019-07-26,2019-07-26 09:43:01,1.59,1.1691,1,1.57,1.1544,10,1.59,1.1691,5,1.58,1.1617,1734,5
SPY190729C300,2019-07-26,2019-07-26 09:43:01,1.6,1.1764,111,1.57,1.1544,10,1.59,1.1691,5,1.585,1.1654,1734,0
SPY190729C300,2019-07-26,2019-07-26 09:43:02,1.6,1.1764,103,1.57,1.1544,101,1.59,1.1691,5,1.585,1.1654,1734,0
SPY190729C300,2019-07-26,2019-07-26 09:43:02,1.6,1.1764,111,1.57,1.1544,9,1.59,1.1691,5,1.585,1.1654,1734,0
SPY190729C300,2019-07-26,2019-07-26 09:43:03,1.6,1.1764,129,1.57,1.1544,7,1.59,1.1691,1,1.585,1.1654,1735,1
SPY190729C300,2019-07-26,2019-07-26 09:43:04,1.6,1.1764,213,1.57,1.1544,20,1.59,1.1691,1,1.585,1.1654,1735,0
SPY190729C300,2019-07-26,2019-07-26 09:43:04,1.6,1.1764,129,1.57,1.1544,10,1.59,1.1691,1,1.585,1.1654,1735,0
SPY190729C300,2019-07-26,2019-07-26 09:43:05,1.6,1.1764,129,1.57,1.1544,8,1.59,1.1691,1,1.585,1.1654,1735,0
SPY190729C300,2019-07-26,2019-07-26 09:43:06,1.6,1.1764,60,1.57,1.1544,7,1.59,1.1691,1,1.585,1.1654,1735,0
SPY190729C300,2019-07-26,2019-07-26 09:43:07,1.6,1.1764,82,1.57,1.1544,7,1.59,1.1691,1,1.585,1.1654,1735,0
SPY190729C300,2019-07-26,2019-07-26 09:43:07,1.6,1.1764,82,1.57,1.1544,20,1.59,1.1691,1,1.585,1.1654,1735,0
SPY190729C300,2019-07-26,2019-07-26 09:43:08,1.6,1.1764,81,1.57,1.1544,10,1.59,1.1691,1,1.585,1.1654,1735,0
SPY190729C300,2019-07-26,2019-07-26 09:43:09,1.59,1.1691,1,1.56,1.147,91,1.59,1.1691,1,1.575,1.158,1735,0
SPY190729C300,2019-07-26,2019-07-26 09:43:09,1.59,1.1691,20,1.56,1.147,91,1.59,1.1691,1,1.575,1.158,1735,0
SPY190729C300,2019-07-26,2019-07-26 09:43:10,1.59,1.1691,7,1.56,1.147,8,1.59,1.1691,1,1.575,1.158,1735,0
SPY190729C300,2019-07-26,2019-07-26 09:43:10,1.59,1.1691,7,1.56,1.147,56,1.59,1.1691,1,1.575,1.158,1735,0
SPY190729C300,2019-07-26,2019-07-26 09:43:11,1.58,1.1617,7,1.54,1.1323,6,1.59,1.1691,1,1.56,1.147,1735,0
SPY190729C300,2019-07-26,2019-07-26 09:43:11,1.58,1.1617,7,1.55,1.1397,100,1.59,1.1691,1,1.565,1.1507,1735,0
SPY190729C300,2019-07-26,2019-07-26 09:43:12,1.57,1.1544,169,1.53,1.125,174,1.59,1.1691,1,1.55,1.1397,1735,0
SPY190729C300,2019-07-26,2019-07-26 09:43:13,1.57,1.1544,20,1.53,1.125,234,1.59,1.1691,1,1.55,1.1397,1735,0
SPY190729C300,2019-07-26,2019-07-26 09:43:13,1.57,1.1544,169,1.53,1.125,224,1.59,1.1691,1,1.55,1.1397,1735,0
SPY190729C300,2019-07-26,2019-07-26 09:43:14,1.57,1.1544,7,1.53,1.125,234,1.59,1.1691,1,1.55,1.1397,1735,0
SPY190729C300,2019-07-26,2019-07-26 09:43:14,1.57,1.1544,10,1.53,1.125,234,1.59,1.1691,1,1.55,1.1397,1735,0
SPY190729C300,2019-07-26,2019-07-26 09:43:15,1.57,1.1544,1,1.53,1.125,234,1.59,1.1691,1,1.55,1.1397,1735,0
SPY190729C300,2019-07-26,2019-07-26 09:43:15,1.59,1.1691,75,1.56,1.147,7,1.59,1.1691,1,1.575,1.158,1735,0
SPY190729C300,2019-07-26,2019-07-26 09:43:16,1.59,1.1691,10,1.56,1.147,22,1.59,1.1691,1,1.575,1.158,1735,0
SPY190729C300,2019-07-26,2019-07-26 09:43:16,1.59,1.1691,20,1.56,1.147,42,1.59,1.1691,1,1.575,1.158,1735,0
SPY190729C300,2019-07-26,2019-07-26 09:43:17,1.59,1.1691,20,1.56,1.147,20,1.59,1.1691,1,1.575,1.158,1735,0
SPY190729C300,2019-07-26,2019-07-26 09:43:18,1.59,1.1691,10,1.56,1.147,84,1.59,1.1691,1,1.575,1.158,1735,0
SPY190729C300,2019-07-26,2019-07-26 09:43:18,1.59,1.1691,20,1.56,1.147,65,1.59,1.1691,1,1.575,1.158,1735,0
SPY190729C300,2019-07-26,2019-07-26 09:43:19,1.59,1.1691,7,1.56,1.147,145,1.59,1.1691,1,1.575,1.158,1735,0
SPY190729C300,2019-07-26,2019-07-26 09:43:19,1.59,1.1691,10,1.56,1.147,99,1.59,1.1691,1,1.575,1.158,1735,0
SPY190729C300,2019-07-26,2019-07-26 09:43:20,1.59,1.1691,7,1.56,1.147,145,1.59,1.1691,1,1.575,1.158,1735,0
SPY190729C300,2019-07-26,2019-07-26 09:43:21,1.59,1.1691,1,1.57,1.1544,7,1.59,1.1691,1,1.58,1.1617,1735,0
SPY190729C300,2019-07-26,2019-07-26 09:43:22,1.59,1.1691,7,1.56,1.147,140,1.59,1.1691,1,1.575,1.158,1735,0
SPY190729C300,2019-07-26,2019-07-26 09:43:22,1.6,1.1764,102,1.57,1.1544,20,1.59,1.1691,1,1.585,1.1654,1735,0
SPY190729C300,2019-07-26,2019-07-26 09:43:23,1.6,1.1764,111,1.57,1.1544,20,1.57,1.1544,1,1.585,1.1654,1736,1
SPY190729C300,2019-07-26,2019-07-26 09:43:23,1.6,1.1764,111,1.57,1.1544,20,1.57,1.1544,1,1.585,1.1654,1736,0
SPY190729C300,2019-07-26,2019-07-26 09:43:24,1.6,1.1764,111,1.57,1.1544,20,1.57,1.1544,1,1.585,1.1654,1736,0
SPY190729C300,2019-07-26,2019-07-26 09:43:25,1.6,1.1764,111,1.57,1.1544,7,1.57,1.1544,1,1.585,1.1654,1736,0
SPY190729C300,2019-07-26,2019-07-26 09:43:25,1.6,1.1764,111,1.57,1.1544,20,1.57,1.1544,1,1.585,1.1654,1736,0
SPY190729C300,2019-07-26,2019-07-26 09:43:26,1.6,1.1764,111,1.57,1.1544,5,1.57,1.1544,1,1.585,1.1654,1736,0
SPY190729C300,2019-07-26,2019-07-26 09:43:27,1.6,1.1764,117,1.57,1.1544,16,1.57,1.1544,1,1.585,1.1654,1736,0
SPY190729C300,2019-07-26,2019-07-26 09:43:27,1.59,1.1691,7,1.56,1.147,140,1.57,1.1544,1,1.575,1.158,1736,0
SPY190729C300,2019-07-26,2019-07-26 09:43:28,1.58,1.1617,100,1.55,1.1397,100,1.57,1.1544,1,1.565,1.1507,1736,0
SPY190729C300,2019-07-26,2019-07-26 09:43:28,1.58,1.1617,1,1.55,1.1397,142,1.57,1.1544,1,1.565,1.1507,1736,0
SPY190729C300,2019-07-26,2019-07-26 09:43:29,1.59,1.1691,224,1.55,1.1397,100,1.57,1.1544,1,1.57,1.1544,1736,0
SPY190729C300,2019-07-26,2019-07-26 09:43:29,1.58,1.1617,10,1.55,1.1397,142,1.57,1.1544,1,1.565,1.1507,1736,0
SPY190729C300,2019-07-26,2019-07-26 09:43:30,1.58,1.1617,7,1.55,1.1397,79,1.57,1.1544,1,1.565,1.1507,1736,0
SPY190729C300,2019-07-26,2019-07-26 09:43:30,1.58,1.1617,7,1.55,1.1397,75,1.57,1.1544,1,1.565,1.1507,1736,0
SPY190729C300,2019-07-26,2019-07-26 09:43:31,1.58,1.1617,7,1.56,1.147,10,1.57,1.1544,1,1.57,1.1544,1736,0
SPY190729C300,2019-07-26,2019-07-26 09:43:32,1.58,1.1617,6,1.56,1.147,7,1.57,1.1544,1,1.57,1.1544,1736,0
SPY190729C300,2019-07-26,2019-07-26 09:43:32,1.59,1.1691,65,1.56,1.147,10,1.57,1.1544,1,1.575,1.158,1736,0
SPY190729C300,2019-07-26,2019-07-26 09:43:33,1.59,1.1691,150,1.56,1.147,7,1.57,1.1544,1,1.575,1.158,1736,0
SPY190729C300,2019-07-26,2019-07-26 09:43:33,1.59,1.1691,10,1.56,1.147,136,1.57,1.1544,1,1.575,1.158,1736,0
SPY190729C300,2019-07-26,2019-07-26 09:43:34,1.6,1.1764,161,1.57,1.1544,7,1.57,1.1544,1,1.585,1.1654,1736,0
SPY190729C300,2019-07-26,2019-07-26 09:43:34,1.59,1.1691,7,1.57,1.1544,7,1.57,1.1544,1,1.58,1.1617,1736,0
SPY190729C300,2019-07-26,2019-07-26 09:43:35,1.59,1.1691,7,1.57,1.1544,8,1.57,1.1544,1,1.58,1.1617,1736,0
SPY190729C300,2019-07-26,2019-07-26 09:43:35,1.6,1.1764,110,1.57,1.1544,10,1.57,1.1544,1,1.585,1.1654,1736,0
SPY190729C300,2019-07-26,2019-07-26 09:43:36,1.6,1.1764,108,1.57,1.1544,10,1.57,1.1544,1,1.585,1.1654,1736,0
SPY190729C300,2019-07-26,2019-07-26 09:43:37,1.59,1.1691,10,1.56,1.147,141,1.57,1.1544,1,1.575,1.158,1736,0
SPY190729C300,2019-07-26,2019-07-26 09:43:37,1.59,1.1691,7,1.57,1.1544,7,1.57,1.1544,1,1.58,1.1617,1736,0
SPY190729C300,2019-07-26,2019-07-26 09:43:38,1.59,1.1691,10,1.56,1.147,132,1.57,1.1544,1,1.575,1.158,1736,0
SPY190729C300,2019-07-26,2019-07-26 09:43:38,1.59,1.1691,10,1.56,1.147,102,1.57,1.1544,1,1.575,1.158,1736,0
SPY190729C300,2019-07-26,2019-07-26 09:43:39,1.6,1.1764,101,1.56,1.147,102,1.57,1.1544,1,1.58,1.1617,1736,0
SPY190729C300,2019-07-26,2019-07-26 09:43:39,1.6,1.1764,101,1.56,1.147,71,1.57,1.1544,1,1.58,1.1617,1736,0
SPY190729C300,2019-07-26,2019-07-26 09:43:40,1.59,1.1691,14,1.56,1.147,66,1.57,1.1544,1,1.575,1.158,1736,0
SPY190729C300,2019-07-26,2019-07-26 09:43:40,1.6,1.1764,101,1.56,1.147,66,1.57,1.1544,1,1.58,1.1617,1736,0
SPY190729C300,2019-07-26,2019-07-26 09:43:41,1.59,1.1691,10,1.58,1.1617,1,1.57,1.1544,1,1.585,1.1654,1736,0
SPY190729C300,2019-07-26,2019-07-26 09:43:42,1.6,1.1764,185,1.58,1.1617,1,1.57,1.1544,1,1.59,1.1691,1736,0
SPY190729C300,2019-07-26,2019-07-26 09:43:43,1.6,1.1764,101,1.58,1.1617,1,1.57,1.1544,1,1.59,1.1691,1736,0
SPY190729C300,2019-07-26,2019-07-26 09:43:43,1.6,1.1764,185,1.58,1.1617,1,1.57,1.1544,1,1.59,1.1691,1736,0
SPY190729C300,2019-07-26,2019-07-26 09:43:44,1.59,1.1691,7,1.57,1.1544,7,1.57,1.1544,1,1.58,1.1617,1736,0
SPY190729C300,2019-07-26,2019-07-26 09:43:45,1.59,1.1691,7,1.57,1.1544,7,1.57,1.1544,1,1.58,1.1617,1736,0
SPY190729C300,2019-07-26,2019-07-26 09:43:46,1.59,1.1691,7,1.57,1.1544,7,1.57,1.1544,1,1.58,1.1617,1736,0
SPY190729C300,2019-07-26,2019-07-26 09:43:46,1.59,1.1691,10,1.57,1.1544,7,1.57,1.1544,1,1.58,1.1617,1736,0
SPY190729C300,2019-07-26,2019-07-26 09:43:47,1.59,1.1691,10,1.57,1.1544,1,1.57,1.1544,1,1.58,1.1617,1736,0
SPY190729C300,2019-07-26,2019-07-26 09:43:47,1.59,1.1691,10,1.57,1.1544,7,1.57,1.1544,1,1.58,1.1617,1736,0
SPY190729C300,2019-07-26,2019-07-26 09:43:48,1.58,1.1617,101,1.55,1.1397,10,1.57,1.1544,1,1.565,1.1507,1736,0
SPY190729C300,2019-07-26,2019-07-26 09:43:48,1.59,1.1691,13,1.56,1.147,75,1.57,1.1544,1,1.575,1.158,1736,0
SPY190729C300,2019-07-26,2019-07-26 09:43:49,1.59,1.1691,10,1.56,1.147,129,1.56,1.147,10,1.575,1.158,1746,10
SPY190729C300,2019-07-26,2019-07-26 09:43:50,1.59,1.1691,10,1.56,1.147,100,1.56,1.147,10,1.575,1.158,1746,0
SPY190729C300,2019-07-26,2019-07-26 09:43:50,1.59,1.1691,10,1.56,1.147,129,1.56,1.147,10,1.575,1.158,1746,0
SPY190729C300,2019-07-26,2019-07-26 09:43:51,1.59,1.1691,7,1.56,1.147,100,1.56,1.147,10,1.575,1.158,1746,0
SPY190729C300,2019-07-26,2019-07-26 09:43:52,1.58,1.1617,101,1.55,1.1397,100,1.56,1.147,10,1.565,1.1507,1746,0
SPY190729C300,2019-07-26,2019-07-26 09:43:52,1.58,1.1617,6,1.56,1.147,6,1.56,1.147,10,1.57,1.1544,1746,0
SPY190729C300,2019-07-26,2019-07-26 09:43:53,1.57,1.1544,1,1.55,1.1397,100,1.57,1.1544,1,1.56,1.147,1747,1
SPY190729C300,2019-07-26,2019-07-26 09:43:53,1.58,1.1617,101,1.55,1.1397,100,1.56,1.147,10,1.565,1.1507,1746,0
SPY190729C300,2019-07-26,2019-07-26 09:43:54,1.58,1.1617,129,1.55,1.1397,40,1.57,1.1544,1,1.565,1.1507,1747,0
SPY190729C300,2019-07-26,2019-07-26 09:43:55,1.58,1.1617,128,1.53,1.125,216,1.57,1.1544,1,1.555,1.1433,1747,0
SPY190729C300,2019-07-26,2019-07-26 09:43:55,1.56,1.147,101,1.53,1.125,75,1.57,1.1544,1,1.545,1.136,1747,0
SPY190729C300,2019-07-26,2019-07-26 09:43:56,1.57,1.1544,170,1.54,1.1323,7,1.57,1.1544,1,1.555,1.1433,1747,0
SPY190729C300,2019-07-26,2019-07-26 09:43:56,1.56,1.147,100,1.53,1.125,78,1.57,1.1544,1,1.545,1.136,1747,0
SPY190729C300,2019-07-26,2019-07-26 09:43:57,1.58,1.1617,151,1.55,1.1397,11,1.57,1.1544,1,1.565,1.1507,1747,0
SPY190729C300,2019-07-26,2019-07-26 09:43:58,1.58,1.1617,101,1.55,1.1397,7,1.57,1.1544,1,1.565,1.1507,1747,0
SPY190729C300,2019-07-26,2019-07-26 09:43:58,1.58,1.1617,101,1.55,1.1397,20,1.57,1.1544,1,1.565,1.1507,1747,0
SPY190729C300,2019-07-26,2019-07-26 09:43:59,1.58,1.1617,7,1.55,1.1397,170,1.57,1.1544,1,1.565,1.1507,1747,0
SPY190729C300,2019-07-26,2019-07-26 09:44:00,1.58,1.1617,1,1.55,1.1397,175,1.57,1.1544,1,1.565,1.1507,1747,0
SPY190729C300,2019-07-26,2019-07-26 09:44:00,1.59,1.1691,70,1.56,1.147,6,1.57,1.1544,1,1.575,1.158,1747,0
SPY190729C300,2019-07-26,2019-07-26 09:44:01,1.6,1.1764,190,1.56,1.147,170,1.57,1.1544,1,1.58,1.1617,1747,0
SPY190729C300,2019-07-26,2019-07-26 09:44:01,1.59,1.1691,28,1.56,1.147,6,1.57,1.1544,1,1.575,1.158,1747,0
SPY190729C300,2019-07-26,2019-07-26 09:44:02,1.59,1.1691,7,1.56,1.147,175,1.57,1.1544,1,1.575,1.158,1747,0
SPY190729C300,2019-07-26,2019-07-26 09:44:02,1.59,1.1691,7,1.56,1.147,170,1.57,1.1544,1,1.575,1.158,1747,0
SPY190729C300,2019-07-26,2019-07-26 09:44:03,1.59,1.1691,7,1.57,1.1544,100,1.57,1.1544,1,1.58,1.1617,1747,0
SPY190729C300,2019-07-26,2019-07-26 09:44:03,1.59,1.1691,7,1.56,1.147,145,1.57,1.1544,1,1.575,1.158,1747,0
SPY190729C300,2019-07-26,2019-07-26 09:44:04,1.59,1.1691,10,1.56,1.147,145,1.57,1.1544,1,1.575,1.158,1747,0
SPY190729C300,2019-07-26,2019-07-26 09:44:05,1.59,1.1691,10,1.56,1.147,170,1.57,1.1544,1,1.575,1.158,1747,0
SPY190729C300,2019-07-26,2019-07-26 09:44:05,1.59,1.1691,10,1.56,1.147,175,1.57,1.1544,1,1.575,1.158,1747,0
SPY190729C300,2019-07-26,2019-07-26 09:44:06,1.59,1.1691,20,1.56,1.147,66,1.57,1.1544,1,1.575,1.158,1747,0
SPY190729C300,2019-07-26,2019-07-26 09:44:06,1.59,1.1691,20,1.56,1.147,162,1.57,1.1544,1,1.575,1.158,1747,0
SPY190729C300,2019-07-26,2019-07-26 09:44:07,1.6,1.1764,107,1.56,1.147,162,1.57,1.1544,1,1.58,1.1617,1747,0
SPY190729C300,2019-07-26,2019-07-26 09:44:07,1.59,1.1691,10,1.56,1.147,162,1.57,1.1544,1,1.575,1.158,1747,0
SPY190729C300,2019-07-26,2019-07-26 09:44:08,1.59,1.1691,6,1.56,1.147,182,1.57,1.1544,1,1.575,1.158,1747,0
SPY190729C300,2019-07-26,2019-07-26 09:44:09,1.59,1.1691,13,1.56,1.147,75,1.57,1.1544,1,1.575,1.158,1747,0
SPY190729C300,2019-07-26,2019-07-26 09:44:09,1.59,1.1691,13,1.56,1.147,182,1.57,1.1544,1,1.575,1.158,1747,0
SPY190729C300,2019-07-26,2019-07-26 09:44:10,1.59,1.1691,10,1.56,1.147,98,1.57,1.1544,1,1.575,1.158,1747,0
SPY190729C300,2019-07-26,2019-07-26 09:44:10,1.59,1.1691,20,1.56,1.147,75,1.57,1.1544,1,1.575,1.158,1747,0
SPY190729C300,2019-07-26,2019-07-26 09:44:11,1.59,1.1691,10,1.56,1.147,26,1.57,1.1544,1,1.575,1.158,1747,0
SPY190729C300,2019-07-26,2019-07-26 09:44:11,1.59,1.1691,10,1.56,1.147,98,1.57,1.1544,1,1.575,1.158,1747,0
SPY190729C300,2019-07-26,2019-07-26 09:44:12,1.58,1.1617,21,1.55,1.1397,110,1.57,1.1544,1,1.565,1.1507,1747,0
SPY190729C300,2019-07-26,2019-07-26 09:44:12,1.58,1.1617,7,1.55,1.1397,100,1.57,1.1544,1,1.565,1.1507,1747,0
SPY190729C300,2019-07-26,2019-07-26 09:44:13,1.58,1.1617,21,1.55,1.1397,110,1.57,1.1544,1,1.565,1.1507,1747,0
SPY190729C300,2019-07-26,2019-07-26 09:44:14,1.58,1.1617,24,1.55,1.1397,110,1.57,1.1544,1,1.565,1.1507,1747,0
SPY190729C300,2019-07-26,2019-07-26 09:44:14,1.58,1.1617,20,1.55,1.1397,177,1.57,1.1544,1,1.565,1.1507,1747,0
SPY190729C300,2019-07-26,2019-07-26 09:44:15,1.58,1.1617,20,1.55,1.1397,110,1.57,1.1544,1,1.565,1.1507,1747,0
SPY190729C300,2019-07-26,2019-07-26 09:44:16,1.58,1.1617,43,1.55,1.1397,20,1.57,1.1544,1,1.565,1.1507,1747,0
SPY190729C300,2019-07-26,2019-07-26 09:44:16,1.58,1.1617,53,1.55,1.1397,55,1.57,1.1544,1,1.565,1.1507,1747,0
SPY190729C300,2019-07-26,2019-07-26 09:44:17,1.58,1.1617,27,1.55,1.1397,55,1.57,1.1544,1,1.565,1.1507,1747,0
SPY190729C300,2019-07-26,2019-07-26 09:44:18,1.58,1.1617,27,1.55,1.1397,73,1.57,1.1544,1,1.565,1.1507,1747,0
SPY190729C300,2019-07-26,2019-07-26 09:44:18,1.58,1.1617,27,1.55,1.1397,68,1.57,1.1544,1,1.565,1.1507,1747,0
SPY190729C300,2019-07-26,2019-07-26 09:44:19,1.58,1.1617,27,1.55,1.1397,152,1.57,1.1544,1,1.565,1.1507,1747,0
SPY190729C300,2019-07-26,2019-07-26 09:44:19,1.58,1.1617,10,1.55,1.1397,189,1.57,1.1544,1,1.565,1.1507,1747,0
SPY190729C300,2019-07-26,2019-07-26 09:44:20,1.58,1.1617,10,1.55,1.1397,189,1.57,1.1544,1,1.565,1.1507,1747,0
SPY190729C300,2019-07-26,2019-07-26 09:44:20,1.58,1.1617,10,1.55,1.1397,248,1.57,1.1544,1,1.565,1.1507,1747,0
SPY190729C300,2019-07-26,2019-07-26 09:44:21,1.58,1.1617,12,1.55,1.1397,247,1.57,1.1544,1,1.565,1.1507,1747,0
SPY190729C300,2019-07-26,2019-07-26 09:44:22,1.58,1.1617,101,1.54,1.1323,224,1.57,1.1544,1,1.56,1.147,1747,0
SPY190729C300,2019-07-26,2019-07-26 09:44:22,1.58,1.1617,101,1.55,1.1397,7,1.57,1.1544,1,1.565,1.1507,1747,0
SPY190729C300,2019-07-26,2019-07-26 09:44:23,1.56,1.147,22,1.53,1.125,100,1.57,1.1544,1,1.545,1.136,1747,0
SPY190729C300,2019-07-26,2019-07-26 09:44:23,1.58,1.1617,138,1.54,1.1323,224,1.57,1.1544,1,1.56,1.147,1747,0
SPY190729C300,2019-07-26,2019-07-26 09:44:24,1.56,1.147,20,1.53,1.125,100,1.57,1.1544,1,1.545,1.136,1747,0
SPY190729C300,2019-07-26,2019-07-26 09:44:24,1.56,1.147,10,1.53,1.125,111,1.57,1.1544,1,1.545,1.136,1747,0
SPY190729C300,2019-07-26,2019-07-26 09:44:25,1.56,1.147,10,1.53,1.125,164,1.57,1.1544,1,1.545,1.136,1747,0
SPY190729C300,2019-07-26,2019-07-26 09:44:26,1.56,1.147,7,1.53,1.125,175,1.57,1.1544,1,1.545,1.136,1747,0
SPY190729C300,2019-07-26,2019-07-26 09:44:26,1.56,1.147,7,1.54,1.1323,143,1.57,1.1544,1,1.55,1.1397,1747,0
SPY190729C300,2019-07-26,2019-07-26 09:44:27,1.56,1.147,7,1.53,1.125,175,1.57,1.1544,1,1.545,1.136,1747,0
SPY190729C300,2019-07-26,2019-07-26 09:44:27,1.56,1.147,10,1.53,1.125,175,1.57,1.1544,1,1.545,1.136,1747,0
SPY190729C300,2019-07-26,2019-07-26 09:44:28,1.56,1.147,7,1.53,1.125,175,1.57,1.1544,1,1.545,1.136,1747,0
SPY190729C300,2019-07-26,2019-07-26 09:44:28,1.56,1.147,16,1.53,1.125,175,1.57,1.1544,1,1.545,1.136,1747,0
SPY190729C300,2019-07-26,2019-07-26 09:44:29,1.56,1.147,20,1.53,1.125,175,1.57,1.1544,1,1.545,1.136,1747,0
SPY190729C300,2019-07-26,2019-07-26 09:44:30,1.56,1.147,10,1.53,1.125,175,1.57,1.1544,1,1.545,1.136,1747,0
SPY190729C300,2019-07-26,2019-07-26 09:44:30,1.56,1.147,11,1.53,1.125,175,1.57,1.1544,1,1.545,1.136,1747,0
SPY190729C300,2019-07-26,2019-07-26 09:44:31,1.57,1.1544,20,1.54,1.1323,11,1.57,1.1544,1,1.555,1.1433,1747,0
SPY190729C300,2019-07-26,2019-07-26 09:44:31,1.56,1.147,10,1.53,1.125,175,1.57,1.1544,1,1.545,1.136,1747,0
SPY190729C300,2019-07-26,2019-07-26 09:44:32,1.57,1.1544,20,1.54,1.1323,57,1.57,1.1544,1,1.555,1.1433,1747,0
SPY190729C300,2019-07-26,2019-07-26 09:44:32,1.57,1.1544,10,1.54,1.1323,57,1.57,1.1544,1,1.555,1.1433,1747,0
SPY190729C300,2019-07-26,2019-07-26 09:44:33,1.58,1.1617,101,1.55,1.1397,65,1.57,1.1544,1,1.565,1.1507,1747,0
SPY190729C300,2019-07-26,2019-07-26 09:44:33,1.58,1.1617,101,1.55,1.1397,7,1.57,1.1544,1,1.565,1.1507,1747,0
SPY190729C300,2019-07-26,2019-07-26 09:44:34,1.58,1.1617,126,1.55,1.1397,65,1.57,1.1544,1,1.565,1.1507,1747,0
SPY190729C300,2019-07-26,2019-07-26 09:44:35,1.58,1.1617,10,1.55,1.1397,75,1.57,1.1544,1,1.565,1.1507,1747,0
SPY190729C300,2019-07-26,2019-07-26 09:44:35,1.58,1.1617,10,1.55,1.1397,66,1.57,1.1544,1,1.565,1.1507,1747,0
SPY190729C300,2019-07-26,2019-07-26 09:44:36,1.58,1.1617,10,1.55,1.1397,74,1.57,1.1544,1,1.565,1.1507,1747,0
SPY190729C300,2019-07-26,2019-07-26 09:44:36,1.58,1.1617,16,1.55,1.1397,74,1.57,1.1544,1,1.565,1.1507,1747,0
SPY190729C300,2019-07-26,2019-07-26 09:44:37,1.58,1.1617,31,1.55,1.1397,76,1.57,1.1544,1,1.565,1.1507,1747,0
