symbol,Date,quote_time,ask_price,norm_ask_price,ask_size,bid_price,norm_bid_price,bid_size,last_trade_price,norm_last_trade_price,last_trade_size,mark_price,norm_mark_price,volume,Volume
SPY190726P298,2019-07-24,2019-07-24 09:30:00,0.62,1.0,75,0.6,0.9677,72,0.55,0.887,10,0.61,0.9838,20,20
SPY190726P298,2019-07-24,2019-07-24 09:30:12,0.66,1.0645,84,0.56,0.9032,426,0.6,0.9677,1,0.61,0.9838,21,1
SPY190726P298,2019-07-24,2019-07-24 09:30:13,0.66,1.0645,243,0.53,0.8548,20,0.6,0.9677,1,0.595,0.9596,21,0
SPY190726P298,2019-07-24,2019-07-24 09:30:13,0.66,1.0645,84,0.56,0.9032,426,0.6,0.9677,1,0.61,0.9838,21,0
SPY190726P298,2019-07-24,2019-07-24 09:30:14,0.63,1.0161,96,0.57,0.9193,94,0.6,0.9677,1,0.6,0.9677,21,0
SPY190726P298,2019-07-24,2019-07-24 09:30:14,0.66,1.0645,243,0.53,0.8548,20,0.6,0.9677,1,0.595,0.9596,21,0
SPY190726P298,2019-07-24,2019-07-24 09:30:15,0.63,1.0161,96,0.57,0.9193,94,0.6,0.9677,1,0.6,0.9677,21,0
SPY190726P298,2019-07-24,2019-07-24 09:30:16,0.61,0.9838,200,0.58,0.9354,206,0.6,0.9677,1,0.595,0.9596,21,0
SPY190726P298,2019-07-24,2019-07-24 09:30:16,0.61,0.9838,30,0.57,0.9193,200,0.6,0.9677,1,0.59,0.9516,21,0
SPY190726P298,2019-07-24,2019-07-24 09:30:17,0.61,0.9838,200,0.58,0.9354,155,0.6,0.9677,1,0.595,0.9596,21,0
SPY190726P298,2019-07-24,2019-07-24 09:30:17,0.6,0.9677,100,0.58,0.9354,155,0.6,0.9677,1,0.59,0.9516,21,0
SPY190726P298,2019-07-24,2019-07-24 09:30:18,0.6,0.9677,100,0.58,0.9354,105,0.6,0.9677,1,0.59,0.9516,21,0
SPY190726P298,2019-07-24,2019-07-24 09:30:19,0.6,0.9677,5,0.59,0.9516,5,0.6,0.9677,1,0.595,0.9596,21,0
SPY190726P298,2019-07-24,2019-07-24 09:30:19,0.61,0.9838,200,0.58,0.9354,100,0.6,0.9677,1,0.595,0.9596,21,0
SPY190726P298,2019-07-24,2019-07-24 09:30:20,0.6,0.9677,5,0.57,0.9193,958,0.6,0.9677,1,0.585,0.9435,21,0
SPY190726P298,2019-07-24,2019-07-24 09:30:20,0.58,0.9354,5,0.57,0.9193,191,0.6,0.9677,1,0.575,0.9274,21,0
SPY190726P298,2019-07-24,2019-07-24 09:30:21,0.6,0.9677,101,0.58,0.9354,41,0.6,0.9677,1,0.59,0.9516,21,0
SPY190726P298,2019-07-24,2019-07-24 09:30:21,0.6,0.9677,360,0.59,0.9516,205,0.6,0.9677,1,0.595,0.9596,21,0
SPY190726P298,2019-07-24,2019-07-24 09:30:22,0.59,0.9516,91,0.58,0.9354,64,0.6,0.9677,1,0.585,0.9435,21,0
SPY190726P298,2019-07-24,2019-07-24 09:30:22,0.59,0.9516,612,0.58,0.9354,41,0.6,0.9677,1,0.585,0.9435,21,0
SPY190726P298,2019-07-24,2019-07-24 09:30:23,0.58,0.9354,91,0.57,0.9193,110,0.6,0.9677,1,0.575,0.9274,21,0
SPY190726P298,2019-07-24,2019-07-24 09:30:24,0.58,0.9354,117,0.57,0.9193,75,0.6,0.9677,1,0.575,0.9274,21,0
SPY190726P298,2019-07-24,2019-07-24 09:30:24,0.58,0.9354,51,0.57,0.9193,166,0.6,0.9677,1,0.575,0.9274,21,0
SPY190726P298,2019-07-24,2019-07-24 09:30:25,0.59,0.9516,1068,0.58,0.9354,159,0.6,0.9677,1,0.585,0.9435,21,0
SPY190726P298,2019-07-24,2019-07-24 09:30:26,0.6,0.9677,657,0.59,0.9516,5,0.6,0.9677,1,0.595,0.9596,21,0
SPY190726P298,2019-07-24,2019-07-24 09:30:26,0.59,0.9516,9,0.58,0.9354,226,0.6,0.9677,1,0.585,0.9435,21,0
SPY190726P298,2019-07-24,2019-07-24 09:30:27,0.59,0.9516,96,0.58,0.9354,226,0.6,0.9677,1,0.585,0.9435,21,0
SPY190726P298,2019-07-24,2019-07-24 09:30:27,0.6,0.9677,657,0.58,0.9354,226,0.6,0.9677,1,0.59,0.9516,21,0
SPY190726P298,2019-07-24,2019-07-24 09:30:28,0.6,0.9677,902,0.58,0.9354,226,0.6,0.9677,1,0.59,0.9516,21,0
SPY190726P298,2019-07-24,2019-07-24 09:30:29,0.59,0.9516,49,0.58,0.9354,226,0.6,0.9677,1,0.585,0.9435,21,0
SPY190726P298,2019-07-24,2019-07-24 09:30:29,0.59,0.9516,41,0.58,0.9354,226,0.6,0.9677,1,0.585,0.9435,21,0
SPY190726P298,2019-07-24,2019-07-24 09:30:30,0.59,0.9516,115,0.58,0.9354,5,0.6,0.9677,1,0.585,0.9435,21,0
SPY190726P298,2019-07-24,2019-07-24 09:30:31,0.6,0.9677,275,0.59,0.9516,41,0.6,0.9677,1,0.595,0.9596,21,0
SPY190726P298,2019-07-24,2019-07-24 09:30:32,0.6,0.9677,186,0.59,0.9516,41,0.6,0.9677,1,0.595,0.9596,21,0
SPY190726P298,2019-07-24,2019-07-24 09:30:33,0.6,0.9677,364,0.59,0.9516,41,0.6,0.9677,1,0.595,0.9596,21,0
SPY190726P298,2019-07-24,2019-07-24 09:30:34,0.6,0.9677,302,0.59,0.9516,41,0.6,0.9677,1,0.595,0.9596,21,0
SPY190726P298,2019-07-24,2019-07-24 09:30:34,0.6,0.9677,376,0.59,0.9516,41,0.6,0.9677,1,0.595,0.9596,21,0
SPY190726P298,2019-07-24,2019-07-24 09:30:35,0.6,0.9677,1014,0.58,0.9354,688,0.6,0.9677,1,0.59,0.9516,21,0
SPY190726P298,2019-07-24,2019-07-24 09:30:36,0.59,0.9516,5,0.58,0.9354,576,0.6,0.9677,1,0.585,0.9435,21,0
SPY190726P298,2019-07-24,2019-07-24 09:30:36,0.6,0.9677,1173,0.58,0.9354,576,0.6,0.9677,1,0.59,0.9516,21,0
SPY190726P298,2019-07-24,2019-07-24 09:30:37,0.6,0.9677,280,0.59,0.9516,91,0.6,0.9677,1,0.595,0.9596,21,0
SPY190726P298,2019-07-24,2019-07-24 09:30:37,0.6,0.9677,408,0.59,0.9516,91,0.6,0.9677,1,0.595,0.9596,21,0
SPY190726P298,2019-07-24,2019-07-24 09:30:38,0.6,0.9677,10,0.59,0.9516,951,0.6,0.9677,1,0.595,0.9596,21,0
SPY190726P298,2019-07-24,2019-07-24 09:30:38,0.6,0.9677,10,0.59,0.9516,91,0.6,0.9677,1,0.595,0.9596,21,0
SPY190726P298,2019-07-24,2019-07-24 09:30:39,0.6,0.9677,10,0.59,0.9516,951,0.6,0.9677,1,0.595,0.9596,21,0
SPY190726P298,2019-07-24,2019-07-24 09:30:39,0.6,0.9677,10,0.59,0.9516,989,0.6,0.9677,1,0.595,0.9596,21,0
SPY190726P298,2019-07-24,2019-07-24 09:30:40,0.6,0.9677,10,0.59,0.9516,989,0.6,0.9677,1,0.595,0.9596,21,0
SPY190726P298,2019-07-24,2019-07-24 09:30:41,0.6,0.9677,10,0.59,0.9516,509,0.6,0.9677,1,0.595,0.9596,21,0
SPY190726P298,2019-07-24,2019-07-24 09:30:41,0.6,0.9677,10,0.59,0.9516,709,0.6,0.9677,1,0.595,0.9596,21,0
SPY190726P298,2019-07-24,2019-07-24 09:30:42,0.61,0.9838,1,0.6,0.9677,266,0.6,0.9677,1,0.605,0.9758,32,11
SPY190726P298,2019-07-24,2019-07-24 09:30:42,0.6,0.9677,10,0.59,0.9516,1539,0.6,0.9677,1,0.595,0.9596,21,0
SPY190726P298,2019-07-24,2019-07-24 09:30:43,0.62,1.0,461,0.6,0.9677,266,0.6,0.9677,1,0.61,0.9838,33,1
SPY190726P298,2019-07-24,2019-07-24 09:30:43,0.62,1.0,65,0.61,0.9838,100,0.6,0.9677,1,0.615,0.9919,33,0
SPY190726P298,2019-07-24,2019-07-24 09:30:44,0.62,1.0,146,0.6,0.9677,706,0.6,0.9677,1,0.61,0.9838,33,0
SPY190726P298,2019-07-24,2019-07-24 09:30:44,0.62,1.0,220,0.6,0.9677,359,0.6,0.9677,1,0.61,0.9838,33,0
SPY190726P298,2019-07-24,2019-07-24 09:30:45,0.62,1.0,985,0.6,0.9677,534,0.6,0.9677,1,0.61,0.9838,33,0
SPY190726P298,2019-07-24,2019-07-24 09:30:46,0.62,1.0,985,0.6,0.9677,332,0.6,0.9677,1,0.61,0.9838,33,0
SPY190726P298,2019-07-24,2019-07-24 09:30:46,0.62,1.0,985,0.6,0.9677,534,0.6,0.9677,1,0.61,0.9838,33,0
SPY190726P298,2019-07-24,2019-07-24 09:30:47,0.62,1.0,743,0.6,0.9677,266,0.6,0.9677,1,0.61,0.9838,33,0
SPY190726P298,2019-07-24,2019-07-24 09:30:47,0.62,1.0,1527,0.6,0.9677,675,0.6,0.9677,1,0.61,0.9838,33,0
SPY190726P298,2019-07-24,2019-07-24 09:30:48,0.61,0.9838,97,0.6,0.9677,100,0.6,0.9677,1,0.605,0.9758,33,0
SPY190726P298,2019-07-24,2019-07-24 09:30:48,0.62,1.0,1483,0.6,0.9677,675,0.6,0.9677,1,0.61,0.9838,33,0
SPY190726P298,2019-07-24,2019-07-24 09:30:49,0.61,0.9838,248,0.59,0.9516,1676,0.6,0.9677,1,0.6,0.9677,33,0
SPY190726P298,2019-07-24,2019-07-24 09:30:50,0.61,0.9838,1138,0.59,0.9516,1739,0.6,0.9677,1,0.6,0.9677,33,0
SPY190726P298,2019-07-24,2019-07-24 09:30:50,0.61,0.9838,1138,0.59,0.9516,1687,0.6,0.9677,1,0.6,0.9677,33,0
SPY190726P298,2019-07-24,2019-07-24 09:30:52,0.61,0.9838,666,0.59,0.9516,862,0.6,0.9677,1,0.6,0.9677,33,0
SPY190726P298,2019-07-24,2019-07-24 09:30:52,0.61,0.9838,637,0.59,0.9516,509,0.6,0.9677,1,0.6,0.9677,33,0
SPY190726P298,2019-07-24,2019-07-24 09:30:53,0.6,0.9677,2,0.59,0.9516,1198,0.6,0.9677,1,0.595,0.9596,33,0
SPY190726P298,2019-07-24,2019-07-24 09:30:53,0.61,0.9838,714,0.59,0.9516,1250,0.6,0.9677,1,0.6,0.9677,33,0
SPY190726P298,2019-07-24,2019-07-24 09:30:54,0.6,0.9677,2,0.59,0.9516,1198,0.6,0.9677,1,0.595,0.9596,33,0
SPY190726P298,2019-07-24,2019-07-24 09:30:54,0.6,0.9677,2,0.59,0.9516,1284,0.6,0.9677,1,0.595,0.9596,33,0
SPY190726P298,2019-07-24,2019-07-24 09:30:55,0.6,0.9677,2,0.59,0.9516,972,0.6,0.9677,1,0.595,0.9596,33,0
SPY190726P298,2019-07-24,2019-07-24 09:30:56,0.6,0.9677,2,0.59,0.9516,901,0.6,0.9677,1,0.595,0.9596,33,0
SPY190726P298,2019-07-24,2019-07-24 09:30:56,0.6,0.9677,2,0.59,0.9516,825,0.6,0.9677,1,0.595,0.9596,33,0
SPY190726P298,2019-07-24,2019-07-24 09:30:57,0.61,0.9838,30,0.6,0.9677,226,0.6,0.9677,2,0.605,0.9758,36,2
SPY190726P298,2019-07-24,2019-07-24 09:30:57,0.6,0.9677,2,0.59,0.9516,1427,0.6,0.9677,1,0.595,0.9596,34,1
SPY190726P298,2019-07-24,2019-07-24 09:30:58,0.61,0.9838,30,0.6,0.9677,629,0.6,0.9677,2,0.605,0.9758,36,0
SPY190726P298,2019-07-24,2019-07-24 09:30:59,0.61,0.9838,101,0.6,0.9677,297,0.6,0.9677,2,0.605,0.9758,36,0
SPY190726P298,2019-07-24,2019-07-24 09:30:59,0.61,0.9838,30,0.6,0.9677,701,0.6,0.9677,2,0.605,0.9758,36,0
SPY190726P298,2019-07-24,2019-07-24 09:31:00,0.61,0.9838,30,0.6,0.9677,100,0.6,0.9677,2,0.605,0.9758,36,0
SPY190726P298,2019-07-24,2019-07-24 09:31:00,0.61,0.9838,222,0.6,0.9677,115,0.6,0.9677,2,0.605,0.9758,36,0
SPY190726P298,2019-07-24,2019-07-24 09:31:01,0.61,0.9838,41,0.6,0.9677,555,0.6,0.9677,2,0.605,0.9758,36,0
SPY190726P298,2019-07-24,2019-07-24 09:31:01,0.61,0.9838,30,0.6,0.9677,100,0.6,0.9677,2,0.605,0.9758,36,0
SPY190726P298,2019-07-24,2019-07-24 09:31:02,0.61,0.9838,78,0.6,0.9677,644,0.6,0.9677,2,0.605,0.9758,36,0
SPY190726P298,2019-07-24,2019-07-24 09:31:02,0.61,0.9838,95,0.6,0.9677,644,0.6,0.9677,2,0.605,0.9758,36,0
SPY190726P298,2019-07-24,2019-07-24 09:31:03,0.61,0.9838,30,0.6,0.9677,644,0.6,0.9677,2,0.605,0.9758,36,0
SPY190726P298,2019-07-24,2019-07-24 09:31:04,0.61,0.9838,1685,0.59,0.9516,412,0.61,0.9838,1,0.6,0.9677,37,0
SPY190726P298,2019-07-24,2019-07-24 09:31:04,0.61,0.9838,1109,0.59,0.9516,838,0.61,0.9838,1,0.6,0.9677,37,1
SPY190726P298,2019-07-24,2019-07-24 09:31:05,0.6,0.9677,111,0.59,0.9516,908,0.61,0.9838,1,0.595,0.9596,37,0
SPY190726P298,2019-07-24,2019-07-24 09:31:05,0.61,0.9838,1408,0.59,0.9516,908,0.61,0.9838,1,0.6,0.9677,37,0
SPY190726P298,2019-07-24,2019-07-24 09:31:06,0.6,0.9677,120,0.59,0.9516,226,0.61,0.9838,1,0.595,0.9596,37,0
SPY190726P298,2019-07-24,2019-07-24 09:31:06,0.6,0.9677,520,0.59,0.9516,100,0.61,0.9838,1,0.595,0.9596,37,0
SPY190726P298,2019-07-24,2019-07-24 09:31:07,0.6,0.9677,520,0.59,0.9516,5,0.61,0.9838,1,0.595,0.9596,37,0
SPY190726P298,2019-07-24,2019-07-24 09:31:08,0.6,0.9677,470,0.59,0.9516,226,0.61,0.9838,1,0.595,0.9596,37,0
SPY190726P298,2019-07-24,2019-07-24 09:31:08,0.6,0.9677,207,0.59,0.9516,226,0.61,0.9838,1,0.595,0.9596,37,0
SPY190726P298,2019-07-24,2019-07-24 09:31:09,0.6,0.9677,669,0.59,0.9516,226,0.61,0.9838,1,0.595,0.9596,37,0
SPY190726P298,2019-07-24,2019-07-24 09:31:09,0.6,0.9677,354,0.59,0.9516,226,0.61,0.9838,1,0.595,0.9596,37,0
SPY190726P298,2019-07-24,2019-07-24 09:31:10,0.6,0.9677,526,0.59,0.9516,221,0.61,0.9838,1,0.595,0.9596,37,0
SPY190726P298,2019-07-24,2019-07-24 09:31:10,0.6,0.9677,526,0.58,0.9354,1156,0.61,0.9838,1,0.59,0.9516,37,0
SPY190726P298,2019-07-24,2019-07-24 09:31:11,0.61,0.9838,988,0.59,0.9516,386,0.61,0.9838,1,0.6,0.9677,37,0
SPY190726P298,2019-07-24,2019-07-24 09:31:11,0.6,0.9677,362,0.59,0.9516,221,0.61,0.9838,1,0.595,0.9596,37,0
SPY190726P298,2019-07-24,2019-07-24 09:31:12,0.61,0.9838,368,0.6,0.9677,5,0.61,0.9838,1,0.605,0.9758,37,0
SPY190726P298,2019-07-24,2019-07-24 09:31:13,0.61,0.9838,41,0.6,0.9677,1,0.6,0.9677,5,0.605,0.9758,47,10
SPY190726P298,2019-07-24,2019-07-24 09:31:13,0.61,0.9838,62,0.6,0.9677,491,0.6,0.9677,5,0.605,0.9758,47,0
SPY190726P298,2019-07-24,2019-07-24 09:31:14,0.61,0.9838,103,0.6,0.9677,441,0.6,0.9677,5,0.605,0.9758,47,0
SPY190726P298,2019-07-24,2019-07-24 09:31:14,0.6,0.9677,41,0.59,0.9516,226,0.6,0.9677,5,0.595,0.9596,47,0
SPY190726P298,2019-07-24,2019-07-24 09:31:15,0.6,0.9677,81,0.59,0.9516,226,0.6,0.9677,5,0.595,0.9596,47,0
SPY190726P298,2019-07-24,2019-07-24 09:31:16,0.6,0.9677,104,0.59,0.9516,191,0.6,0.9677,5,0.595,0.9596,47,0
SPY190726P298,2019-07-24,2019-07-24 09:31:17,0.6,0.9677,104,0.58,0.9354,1289,0.6,0.9677,5,0.59,0.9516,47,0
SPY190726P298,2019-07-24,2019-07-24 09:31:18,0.6,0.9677,722,0.58,0.9354,1787,0.6,0.9677,5,0.59,0.9516,47,0
SPY190726P298,2019-07-24,2019-07-24 09:31:18,0.6,0.9677,1180,0.58,0.9354,1787,0.6,0.9677,5,0.59,0.9516,47,0
SPY190726P298,2019-07-24,2019-07-24 09:31:19,0.6,0.9677,1510,0.58,0.9354,1787,0.6,0.9677,5,0.59,0.9516,47,0
SPY190726P298,2019-07-24,2019-07-24 09:31:19,0.6,0.9677,1127,0.58,0.9354,601,0.6,0.9677,5,0.59,0.9516,47,0
SPY190726P298,2019-07-24,2019-07-24 09:31:20,0.6,0.9677,1312,0.58,0.9354,933,0.6,0.9677,5,0.59,0.9516,47,0
SPY190726P298,2019-07-24,2019-07-24 09:31:20,0.59,0.9516,41,0.58,0.9354,367,0.6,0.9677,5,0.585,0.9435,47,0
SPY190726P298,2019-07-24,2019-07-24 09:31:21,0.6,0.9677,866,0.58,0.9354,988,0.6,0.9677,5,0.59,0.9516,47,0
SPY190726P298,2019-07-24,2019-07-24 09:31:21,0.59,0.9516,154,0.58,0.9354,1032,0.6,0.9677,5,0.585,0.9435,47,0
SPY190726P298,2019-07-24,2019-07-24 09:31:22,0.59,0.9516,95,0.58,0.9354,774,0.6,0.9677,5,0.585,0.9435,47,0
SPY190726P298,2019-07-24,2019-07-24 09:31:23,0.6,0.9677,1614,0.58,0.9354,1158,0.6,0.9677,5,0.59,0.9516,47,0
SPY190726P298,2019-07-24,2019-07-24 09:31:23,0.6,0.9677,1438,0.58,0.9354,1158,0.6,0.9677,5,0.59,0.9516,47,0
SPY190726P298,2019-07-24,2019-07-24 09:31:24,0.59,0.9516,20,0.58,0.9354,1455,0.6,0.9677,5,0.585,0.9435,47,0
SPY190726P298,2019-07-24,2019-07-24 09:31:24,0.6,0.9677,1842,0.58,0.9354,1455,0.6,0.9677,5,0.59,0.9516,47,0
SPY190726P298,2019-07-24,2019-07-24 09:31:25,0.59,0.9516,20,0.58,0.9354,1511,0.6,0.9677,5,0.585,0.9435,47,0
SPY190726P298,2019-07-24,2019-07-24 09:31:26,0.59,0.9516,95,0.58,0.9354,1511,0.6,0.9677,5,0.585,0.9435,47,0
SPY190726P298,2019-07-24,2019-07-24 09:31:26,0.59,0.9516,20,0.58,0.9354,1511,0.6,0.9677,5,0.585,0.9435,47,0
SPY190726P298,2019-07-24,2019-07-24 09:31:27,0.59,0.9516,86,0.58,0.9354,226,0.6,0.9677,5,0.585,0.9435,47,0
SPY190726P298,2019-07-24,2019-07-24 09:31:28,0.59,0.9516,115,0.58,0.9354,166,0.6,0.9677,5,0.585,0.9435,47,0
SPY190726P298,2019-07-24,2019-07-24 09:31:28,0.59,0.9516,109,0.58,0.9354,166,0.6,0.9677,5,0.585,0.9435,47,0
SPY190726P298,2019-07-24,2019-07-24 09:31:29,0.59,0.9516,135,0.58,0.9354,5,0.6,0.9677,5,0.585,0.9435,47,0
SPY190726P298,2019-07-24,2019-07-24 09:31:29,0.59,0.9516,135,0.58,0.9354,168,0.6,0.9677,5,0.585,0.9435,47,0
SPY190726P298,2019-07-24,2019-07-24 09:31:30,0.59,0.9516,135,0.58,0.9354,151,0.6,0.9677,5,0.585,0.9435,47,0
SPY190726P298,2019-07-24,2019-07-24 09:31:30,0.59,0.9516,135,0.58,0.9354,5,0.6,0.9677,5,0.585,0.9435,47,0
SPY190726P298,2019-07-24,2019-07-24 09:31:31,0.59,0.9516,168,0.58,0.9354,5,0.6,0.9677,5,0.585,0.9435,47,0
SPY190726P298,2019-07-24,2019-07-24 09:31:32,0.59,0.9516,205,0.58,0.9354,5,0.6,0.9677,5,0.585,0.9435,47,0
SPY190726P298,2019-07-24,2019-07-24 09:31:33,0.59,0.9516,185,0.58,0.9354,5,0.6,0.9677,5,0.585,0.9435,47,0
SPY190726P298,2019-07-24,2019-07-24 09:31:34,0.59,0.9516,205,0.58,0.9354,5,0.6,0.9677,5,0.585,0.9435,47,0
SPY190726P298,2019-07-24,2019-07-24 09:31:34,0.59,0.9516,117,0.58,0.9354,5,0.6,0.9677,5,0.585,0.9435,47,0
SPY190726P298,2019-07-24,2019-07-24 09:31:35,0.59,0.9516,146,0.58,0.9354,5,0.6,0.9677,5,0.585,0.9435,47,0
SPY190726P298,2019-07-24,2019-07-24 09:31:36,0.59,0.9516,1206,0.58,0.9354,5,0.6,0.9677,5,0.585,0.9435,47,0
SPY190726P298,2019-07-24,2019-07-24 09:31:36,0.59,0.9516,420,0.58,0.9354,5,0.6,0.9677,5,0.585,0.9435,47,0
SPY190726P298,2019-07-24,2019-07-24 09:31:37,0.59,0.9516,1206,0.58,0.9354,5,0.59,0.9516,2,0.585,0.9435,49,2
SPY190726P298,2019-07-24,2019-07-24 09:31:37,0.59,0.9516,929,0.57,0.9193,364,0.59,0.9516,2,0.58,0.9354,49,0
SPY190726P298,2019-07-24,2019-07-24 09:31:38,0.58,0.9354,70,0.57,0.9193,226,0.59,0.9516,2,0.575,0.9274,49,0
SPY190726P298,2019-07-24,2019-07-24 09:31:38,0.58,0.9354,89,0.57,0.9193,226,0.59,0.9516,2,0.575,0.9274,49,0
SPY190726P298,2019-07-24,2019-07-24 09:31:39,0.58,0.9354,200,0.57,0.9193,242,0.59,0.9516,2,0.575,0.9274,49,0
SPY190726P298,2019-07-24,2019-07-24 09:31:40,0.59,0.9516,627,0.58,0.9354,258,0.59,0.9516,2,0.585,0.9435,49,0
SPY190726P298,2019-07-24,2019-07-24 09:31:40,0.59,0.9516,644,0.58,0.9354,5,0.59,0.9516,2,0.585,0.9435,49,0
SPY190726P298,2019-07-24,2019-07-24 09:31:41,0.59,0.9516,67,0.58,0.9354,258,0.59,0.9516,2,0.585,0.9435,49,0
SPY190726P298,2019-07-24,2019-07-24 09:31:42,0.59,0.9516,20,0.58,0.9354,618,0.59,0.9516,2,0.585,0.9435,49,0
SPY190726P298,2019-07-24,2019-07-24 09:31:42,0.59,0.9516,149,0.58,0.9354,394,0.59,0.9516,2,0.585,0.9435,49,0
SPY190726P298,2019-07-24,2019-07-24 09:31:43,0.59,0.9516,20,0.58,0.9354,811,0.59,0.9516,2,0.585,0.9435,49,0
SPY190726P298,2019-07-24,2019-07-24 09:31:44,0.59,0.9516,20,0.58,0.9354,1085,0.59,0.9516,2,0.585,0.9435,49,0
SPY190726P298,2019-07-24,2019-07-24 09:31:44,0.59,0.9516,20,0.58,0.9354,1316,0.59,0.9516,2,0.585,0.9435,49,0
SPY190726P298,2019-07-24,2019-07-24 09:31:45,0.59,0.9516,20,0.58,0.9354,1446,0.59,0.9516,2,0.585,0.9435,49,0
SPY190726P298,2019-07-24,2019-07-24 09:31:46,0.59,0.9516,20,0.58,0.9354,1819,0.59,0.9516,2,0.585,0.9435,49,0
SPY190726P298,2019-07-24,2019-07-24 09:31:46,0.59,0.9516,20,0.58,0.9354,1550,0.59,0.9516,2,0.585,0.9435,49,0
SPY190726P298,2019-07-24,2019-07-24 09:31:47,0.59,0.9516,20,0.58,0.9354,1917,0.59,0.9516,2,0.585,0.9435,49,0
SPY190726P298,2019-07-24,2019-07-24 09:31:48,0.59,0.9516,20,0.58,0.9354,1917,0.59,0.9516,2,0.585,0.9435,49,0
SPY190726P298,2019-07-24,2019-07-24 09:31:49,0.59,0.9516,20,0.58,0.9354,1917,0.59,0.9516,2,0.585,0.9435,49,0
SPY190726P298,2019-07-24,2019-07-24 09:31:50,0.6,0.9677,41,0.59,0.9516,1090,0.59,0.9516,20,0.595,0.9596,69,0
SPY190726P298,2019-07-24,2019-07-24 09:31:50,0.61,0.9838,821,0.59,0.9516,642,0.59,0.9516,20,0.6,0.9677,69,20
SPY190726P298,2019-07-24,2019-07-24 09:31:51,0.6,0.9677,63,0.59,0.9516,703,0.59,0.9516,20,0.595,0.9596,69,0
SPY190726P298,2019-07-24,2019-07-24 09:31:52,0.6,0.9677,108,0.59,0.9516,703,0.59,0.9516,20,0.595,0.9596,69,0
SPY190726P298,2019-07-24,2019-07-24 09:31:53,0.6,0.9677,108,0.59,0.9516,401,0.59,0.9516,20,0.595,0.9596,69,0
SPY190726P298,2019-07-24,2019-07-24 09:31:54,0.6,0.9677,108,0.59,0.9516,401,0.59,0.9516,20,0.595,0.9596,69,0
SPY190726P298,2019-07-24,2019-07-24 09:31:55,0.6,0.9677,108,0.59,0.9516,401,0.59,0.9516,20,0.595,0.9596,69,0
SPY190726P298,2019-07-24,2019-07-24 09:31:55,0.61,0.9838,683,0.59,0.9516,416,0.59,0.9516,20,0.6,0.9677,69,0
SPY190726P298,2019-07-24,2019-07-24 09:31:56,0.61,0.9838,683,0.59,0.9516,275,0.59,0.9516,20,0.6,0.9677,69,0
SPY190726P298,2019-07-24,2019-07-24 09:31:56,0.6,0.9677,445,0.59,0.9516,275,0.59,0.9516,20,0.595,0.9596,69,0
SPY190726P298,2019-07-24,2019-07-24 09:31:57,0.61,0.9838,172,0.59,0.9516,207,0.61,0.9838,50,0.6,0.9677,119,50
SPY190726P298,2019-07-24,2019-07-24 09:31:57,0.6,0.9677,91,0.59,0.9516,332,0.59,0.9516,20,0.595,0.9596,69,0
SPY190726P298,2019-07-24,2019-07-24 09:31:58,0.61,0.9838,286,0.59,0.9516,613,0.61,0.9838,50,0.6,0.9677,119,0
SPY190726P298,2019-07-24,2019-07-24 09:31:58,0.61,0.9838,283,0.6,0.9677,5,0.61,0.9838,50,0.605,0.9758,119,0
SPY190726P298,2019-07-24,2019-07-24 09:31:59,0.61,0.9838,236,0.59,0.9516,542,0.61,0.9838,50,0.6,0.9677,119,0
SPY190726P298,2019-07-24,2019-07-24 09:32:00,0.61,0.9838,41,0.6,0.9677,157,0.61,0.9838,50,0.605,0.9758,119,0
SPY190726P298,2019-07-24,2019-07-24 09:32:00,0.61,0.9838,171,0.59,0.9516,1010,0.61,0.9838,50,0.6,0.9677,119,0
SPY190726P298,2019-07-24,2019-07-24 09:32:01,0.61,0.9838,30,0.6,0.9677,1753,0.61,0.9838,50,0.605,0.9758,119,0
SPY190726P298,2019-07-24,2019-07-24 09:32:01,0.61,0.9838,30,0.6,0.9677,1704,0.61,0.9838,50,0.605,0.9758,119,0
SPY190726P298,2019-07-24,2019-07-24 09:32:02,0.61,0.9838,41,0.6,0.9677,1740,0.61,0.9838,50,0.605,0.9758,119,0
SPY190726P298,2019-07-24,2019-07-24 09:32:02,0.61,0.9838,30,0.6,0.9677,1740,0.61,0.9838,50,0.605,0.9758,119,0
SPY190726P298,2019-07-24,2019-07-24 09:32:03,0.61,0.9838,96,0.59,0.9516,592,0.61,0.9838,50,0.6,0.9677,119,0
SPY190726P298,2019-07-24,2019-07-24 09:32:03,0.6,0.9677,40,0.59,0.9516,157,0.61,0.9838,50,0.595,0.9596,119,0
SPY190726P298,2019-07-24,2019-07-24 09:32:04,0.6,0.9677,82,0.59,0.9516,592,0.61,0.9838,50,0.595,0.9596,119,0
SPY190726P298,2019-07-24,2019-07-24 09:32:05,0.6,0.9677,82,0.59,0.9516,173,0.61,0.9838,50,0.595,0.9596,119,0
SPY190726P298,2019-07-24,2019-07-24 09:32:05,0.6,0.9677,41,0.59,0.9516,107,0.6,0.9677,40,0.595,0.9596,159,40
SPY190726P298,2019-07-24,2019-07-24 09:32:06,0.6,0.9677,41,0.59,0.9516,107,0.6,0.9677,40,0.595,0.9596,159,0
SPY190726P298,2019-07-24,2019-07-24 09:32:06,0.6,0.9677,45,0.59,0.9516,107,0.6,0.9677,40,0.595,0.9596,159,0
SPY190726P298,2019-07-24,2019-07-24 09:32:07,0.6,0.9677,207,0.59,0.9516,60,0.6,0.9677,40,0.595,0.9596,159,0
SPY190726P298,2019-07-24,2019-07-24 09:32:07,0.6,0.9677,97,0.58,0.9354,1390,0.6,0.9677,40,0.59,0.9516,159,0
SPY190726P298,2019-07-24,2019-07-24 09:32:08,0.6,0.9677,134,0.59,0.9516,160,0.6,0.9677,40,0.595,0.9596,159,0
SPY190726P298,2019-07-24,2019-07-24 09:32:09,0.6,0.9677,104,0.59,0.9516,41,0.6,0.9677,40,0.595,0.9596,159,0
SPY190726P298,2019-07-24,2019-07-24 09:32:09,0.6,0.9677,134,0.59,0.9516,127,0.6,0.9677,40,0.595,0.9596,159,0
SPY190726P298,2019-07-24,2019-07-24 09:32:10,0.6,0.9677,82,0.59,0.9516,179,0.6,0.9677,40,0.595,0.9596,159,0
SPY190726P298,2019-07-24,2019-07-24 09:32:10,0.6,0.9677,104,0.59,0.9516,60,0.6,0.9677,40,0.595,0.9596,159,0
SPY190726P298,2019-07-24,2019-07-24 09:32:11,0.6,0.9677,101,0.59,0.9516,201,0.6,0.9677,40,0.595,0.9596,159,0
SPY190726P298,2019-07-24,2019-07-24 09:32:11,0.6,0.9677,63,0.59,0.9516,72,0.6,0.9677,40,0.595,0.9596,159,0
SPY190726P298,2019-07-24,2019-07-24 09:32:12,0.6,0.9677,183,0.59,0.9516,60,0.6,0.9677,40,0.595,0.9596,159,0
SPY190726P298,2019-07-24,2019-07-24 09:32:13,0.61,0.9838,95,0.6,0.9677,79,0.6,0.9677,40,0.605,0.9758,159,0
SPY190726P298,2019-07-24,2019-07-24 09:32:13,0.6,0.9677,45,0.59,0.9516,179,0.6,0.9677,40,0.595,0.9596,159,0
SPY190726P298,2019-07-24,2019-07-24 09:32:14,0.61,0.9838,116,0.6,0.9677,41,0.6,0.9677,40,0.605,0.9758,159,0
SPY190726P298,2019-07-24,2019-07-24 09:32:14,0.61,0.9838,166,0.6,0.9677,1,0.6,0.9677,40,0.605,0.9758,159,0
SPY190726P298,2019-07-24,2019-07-24 09:32:15,0.61,0.9838,117,0.6,0.9677,103,0.6,0.9677,40,0.605,0.9758,159,0
SPY190726P298,2019-07-24,2019-07-24 09:32:15,0.61,0.9838,117,0.6,0.9677,1,0.6,0.9677,40,0.605,0.9758,159,0
SPY190726P298,2019-07-24,2019-07-24 09:32:16,0.61,0.9838,195,0.6,0.9677,264,0.6,0.9677,40,0.605,0.9758,159,0
SPY190726P298,2019-07-24,2019-07-24 09:32:17,0.61,0.9838,30,0.6,0.9677,525,0.6,0.9677,40,0.605,0.9758,159,0
SPY190726P298,2019-07-24,2019-07-24 09:32:17,0.61,0.9838,195,0.6,0.9677,264,0.6,0.9677,40,0.605,0.9758,159,0
SPY190726P298,2019-07-24,2019-07-24 09:32:18,0.61,0.9838,45,0.6,0.9677,1194,0.6,0.9677,40,0.605,0.9758,159,0
SPY190726P298,2019-07-24,2019-07-24 09:32:18,0.61,0.9838,45,0.6,0.9677,1004,0.6,0.9677,40,0.605,0.9758,159,0
SPY190726P298,2019-07-24,2019-07-24 09:32:19,0.61,0.9838,95,0.6,0.9677,369,0.6,0.9677,40,0.605,0.9758,159,0
SPY190726P298,2019-07-24,2019-07-24 09:32:19,0.61,0.9838,114,0.6,0.9677,845,0.6,0.9677,40,0.605,0.9758,159,0
SPY190726P298,2019-07-24,2019-07-24 09:32:20,0.61,0.9838,109,0.6,0.9677,427,0.6,0.9677,40,0.605,0.9758,159,0
SPY190726P298,2019-07-24,2019-07-24 09:32:21,0.61,0.9838,181,0.6,0.9677,264,0.6,0.9677,40,0.605,0.9758,159,0
SPY190726P298,2019-07-24,2019-07-24 09:32:21,0.61,0.9838,181,0.6,0.9677,270,0.6,0.9677,40,0.605,0.9758,159,0
SPY190726P298,2019-07-24,2019-07-24 09:32:22,0.61,0.9838,220,0.6,0.9677,270,0.6,0.9677,40,0.605,0.9758,159,0
SPY190726P298,2019-07-24,2019-07-24 09:32:22,0.61,0.9838,190,0.6,0.9677,270,0.6,0.9677,40,0.605,0.9758,159,0
SPY190726P298,2019-07-24,2019-07-24 09:32:23,0.61,0.9838,1015,0.6,0.9677,330,0.6,0.9677,40,0.605,0.9758,159,0
SPY190726P298,2019-07-24,2019-07-24 09:32:24,0.61,0.9838,1773,0.6,0.9677,268,0.6,0.9677,40,0.605,0.9758,159,0
SPY190726P298,2019-07-24,2019-07-24 09:32:24,0.61,0.9838,1602,0.6,0.9677,268,0.6,0.9677,40,0.605,0.9758,159,0
SPY190726P298,2019-07-24,2019-07-24 09:32:25,0.61,0.9838,888,0.6,0.9677,295,0.6,0.9677,40,0.605,0.9758,159,0
SPY190726P298,2019-07-24,2019-07-24 09:32:26,0.61,0.9838,1155,0.6,0.9677,1,0.6,0.9677,29,0.605,0.9758,188,29
SPY190726P298,2019-07-24,2019-07-24 09:32:26,0.61,0.9838,1073,0.6,0.9677,225,0.6,0.9677,40,0.605,0.9758,159,0
SPY190726P298,2019-07-24,2019-07-24 09:32:27,0.61,0.9838,1844,0.6,0.9677,1,0.6,0.9677,29,0.605,0.9758,188,0
SPY190726P298,2019-07-24,2019-07-24 09:32:27,0.61,0.9838,1264,0.6,0.9677,1,0.6,0.9677,29,0.605,0.9758,188,0
SPY190726P298,2019-07-24,2019-07-24 09:32:28,0.61,0.9838,1796,0.6,0.9677,1,0.6,0.9677,29,0.605,0.9758,188,0
SPY190726P298,2019-07-24,2019-07-24 09:32:28,0.61,0.9838,1884,0.6,0.9677,1,0.6,0.9677,29,0.605,0.9758,188,0
SPY190726P298,2019-07-24,2019-07-24 09:32:29,0.61,0.9838,1468,0.6,0.9677,1,0.6,0.9677,29,0.605,0.9758,188,0
SPY190726P298,2019-07-24,2019-07-24 09:32:30,0.61,0.9838,1516,0.6,0.9677,1,0.6,0.9677,29,0.605,0.9758,188,0
SPY190726P298,2019-07-24,2019-07-24 09:32:30,0.61,0.9838,1837,0.6,0.9677,1,0.6,0.9677,29,0.605,0.9758,188,0
SPY190726P298,2019-07-24,2019-07-24 09:32:31,0.61,0.9838,1885,0.6,0.9677,1,0.6,0.9677,29,0.605,0.9758,188,0
SPY190726P298,2019-07-24,2019-07-24 09:32:32,0.61,0.9838,1014,0.6,0.9677,1,0.6,0.9677,29,0.605,0.9758,188,0
SPY190726P298,2019-07-24,2019-07-24 09:32:33,0.61,0.9838,1352,0.6,0.9677,1,0.6,0.9677,29,0.605,0.9758,188,0
SPY190726P298,2019-07-24,2019-07-24 09:32:34,0.61,0.9838,1393,0.6,0.9677,1,0.6,0.9677,29,0.605,0.9758,188,0
SPY190726P298,2019-07-24,2019-07-24 09:32:34,0.61,0.9838,1441,0.6,0.9677,1,0.6,0.9677,29,0.605,0.9758,188,0
SPY190726P298,2019-07-24,2019-07-24 09:32:35,0.61,0.9838,1393,0.6,0.9677,1,0.6,0.9677,29,0.605,0.9758,188,0
SPY190726P298,2019-07-24,2019-07-24 09:32:36,0.61,0.9838,1441,0.6,0.9677,1,0.61,0.9838,1,0.605,0.9758,189,1
SPY190726P298,2019-07-24,2019-07-24 09:32:36,0.61,0.9838,1441,0.6,0.9677,1,0.6,0.9677,29,0.605,0.9758,188,0
SPY190726P298,2019-07-24,2019-07-24 09:32:37,0.61,0.9838,808,0.6,0.9677,1,0.61,0.9838,1,0.605,0.9758,189,0
SPY190726P298,2019-07-24,2019-07-24 09:32:37,0.61,0.9838,1441,0.6,0.9677,1,0.61,0.9838,1,0.605,0.9758,189,0
SPY190726P298,2019-07-24,2019-07-24 09:32:38,0.61,0.9838,808,0.6,0.9677,1,0.61,0.9838,1,0.605,0.9758,189,0
SPY190726P298,2019-07-24,2019-07-24 09:32:39,0.6,0.9677,347,0.59,0.9516,6,0.6,0.9677,1,0.595,0.9596,190,1
SPY190726P298,2019-07-24,2019-07-24 09:32:39,0.61,0.9838,958,0.6,0.9677,1,0.61,0.9838,1,0.605,0.9758,189,0
SPY190726P298,2019-07-24,2019-07-24 09:32:40,0.6,0.9677,524,0.58,0.9354,1442,0.6,0.9677,1,0.59,0.9516,190,0
SPY190726P298,2019-07-24,2019-07-24 09:32:40,0.6,0.9677,667,0.58,0.9354,1442,0.6,0.9677,1,0.59,0.9516,190,0
SPY190726P298,2019-07-24,2019-07-24 09:32:41,0.6,0.9677,124,0.59,0.9516,272,0.6,0.9677,1,0.595,0.9596,190,0
SPY190726P298,2019-07-24,2019-07-24 09:32:41,0.6,0.9677,124,0.59,0.9516,147,0.6,0.9677,1,0.595,0.9596,190,0
SPY190726P298,2019-07-24,2019-07-24 09:32:42,0.61,0.9838,1333,0.59,0.9516,1064,0.6,0.9677,1,0.6,0.9677,190,0
SPY190726P298,2019-07-24,2019-07-24 09:32:43,0.61,0.9838,1895,0.59,0.9516,1246,0.6,0.9677,1,0.6,0.9677,190,0
SPY190726P298,2019-07-24,2019-07-24 09:32:43,0.61,0.9838,1895,0.59,0.9516,1557,0.6,0.9677,1,0.6,0.9677,190,0
SPY190726P298,2019-07-24,2019-07-24 09:32:44,0.6,0.9677,5,0.59,0.9516,272,0.6,0.9677,1,0.595,0.9596,190,0
SPY190726P298,2019-07-24,2019-07-24 09:32:44,0.6,0.9677,396,0.59,0.9516,736,0.6,0.9677,1,0.595,0.9596,190,0
SPY190726P298,2019-07-24,2019-07-24 09:32:45,0.6,0.9677,145,0.59,0.9516,418,0.6,0.9677,1,0.595,0.9596,190,0
SPY190726P298,2019-07-24,2019-07-24 09:32:45,0.6,0.9677,206,0.59,0.9516,418,0.6,0.9677,1,0.595,0.9596,190,0
SPY190726P298,2019-07-24,2019-07-24 09:32:46,0.61,0.9838,781,0.59,0.9516,565,0.6,0.9677,1,0.6,0.9677,190,0
SPY190726P298,2019-07-24,2019-07-24 09:32:47,0.61,0.9838,901,0.59,0.9516,1291,0.6,0.9677,1,0.6,0.9677,190,0
SPY190726P298,2019-07-24,2019-07-24 09:32:47,0.61,0.9838,901,0.59,0.9516,1056,0.6,0.9677,1,0.6,0.9677,190,0
SPY190726P298,2019-07-24,2019-07-24 09:32:48,0.61,0.9838,704,0.59,0.9516,1142,0.6,0.9677,1,0.6,0.9677,190,0
SPY190726P298,2019-07-24,2019-07-24 09:32:48,0.61,0.9838,616,0.59,0.9516,1291,0.6,0.9677,1,0.6,0.9677,190,0
SPY190726P298,2019-07-24,2019-07-24 09:32:49,0.61,0.9838,704,0.59,0.9516,1142,0.6,0.9677,1,0.6,0.9677,190,0
SPY190726P298,2019-07-24,2019-07-24 09:32:49,0.61,0.9838,862,0.59,0.9516,1625,0.6,0.9677,1,0.6,0.9677,190,0
SPY190726P298,2019-07-24,2019-07-24 09:32:50,0.61,0.9838,555,0.59,0.9516,1513,0.6,0.9677,1,0.6,0.9677,190,0
SPY190726P298,2019-07-24,2019-07-24 09:32:51,0.61,0.9838,344,0.6,0.9677,109,0.6,0.9677,1,0.605,0.9758,190,0
SPY190726P298,2019-07-24,2019-07-24 09:32:52,0.61,0.9838,304,0.6,0.9677,133,0.6,0.9677,1,0.605,0.9758,190,0
SPY190726P298,2019-07-24,2019-07-24 09:32:52,0.61,0.9838,609,0.6,0.9677,193,0.6,0.9677,1,0.605,0.9758,190,0
SPY190726P298,2019-07-24,2019-07-24 09:32:53,0.61,0.9838,609,0.6,0.9677,193,0.6,0.9677,1,0.605,0.9758,190,0
SPY190726P298,2019-07-24,2019-07-24 09:32:53,0.61,0.9838,37,0.6,0.9677,692,0.6,0.9677,1,0.605,0.9758,190,0
SPY190726P298,2019-07-24,2019-07-24 09:32:54,0.61,0.9838,126,0.6,0.9677,198,0.6,0.9677,1,0.605,0.9758,190,0
SPY190726P298,2019-07-24,2019-07-24 09:32:55,0.61,0.9838,116,0.6,0.9677,226,0.61,0.9838,10,0.605,0.9758,390,200
SPY190726P298,2019-07-24,2019-07-24 09:32:55,0.61,0.9838,157,0.6,0.9677,198,0.6,0.9677,1,0.605,0.9758,190,0
SPY190726P298,2019-07-24,2019-07-24 09:32:56,0.61,0.9838,385,0.6,0.9677,316,0.61,0.9838,1,0.605,0.9758,391,1
SPY190726P298,2019-07-24,2019-07-24 09:32:56,0.61,0.9838,111,0.6,0.9677,236,0.61,0.9838,10,0.605,0.9758,390,0
SPY190726P298,2019-07-24,2019-07-24 09:32:57,0.61,0.9838,628,0.59,0.9516,960,0.61,0.9838,1,0.6,0.9677,391,0
SPY190726P298,2019-07-24,2019-07-24 09:32:58,0.6,0.9677,6,0.59,0.9516,1060,0.61,0.9838,1,0.595,0.9596,391,0
SPY190726P298,2019-07-24,2019-07-24 09:32:58,0.6,0.9677,6,0.59,0.9516,963,0.61,0.9838,1,0.595,0.9596,391,0
SPY190726P298,2019-07-24,2019-07-24 09:32:59,0.61,0.9838,1856,0.59,0.9516,963,0.61,0.9838,1,0.6,0.9677,391,0
SPY190726P298,2019-07-24,2019-07-24 09:32:59,0.61,0.9838,666,0.6,0.9677,97,0.61,0.9838,1,0.605,0.9758,391,0
SPY190726P298,2019-07-24,2019-07-24 09:33:00,0.61,0.9838,666,0.59,0.9516,859,0.61,0.9838,1,0.6,0.9677,391,0
SPY190726P298,2019-07-24,2019-07-24 09:33:00,0.6,0.9677,5,0.59,0.9516,1070,0.61,0.9838,1,0.595,0.9596,391,0
SPY190726P298,2019-07-24,2019-07-24 09:33:01,0.6,0.9677,5,0.59,0.9516,1070,0.61,0.9838,1,0.595,0.9596,391,0
SPY190726P298,2019-07-24,2019-07-24 09:33:02,0.6,0.9677,130,0.59,0.9516,712,0.61,0.9838,1,0.595,0.9596,391,0
SPY190726P298,2019-07-24,2019-07-24 09:33:02,0.6,0.9677,5,0.59,0.9516,1070,0.61,0.9838,1,0.595,0.9596,391,0
SPY190726P298,2019-07-24,2019-07-24 09:33:03,0.6,0.9677,201,0.59,0.9516,724,0.61,0.9838,1,0.595,0.9596,391,0
SPY190726P298,2019-07-24,2019-07-24 09:33:04,0.6,0.9677,304,0.59,0.9516,293,0.61,0.9838,1,0.595,0.9596,391,0
SPY190726P298,2019-07-24,2019-07-24 09:33:04,0.6,0.9677,196,0.59,0.9516,204,0.61,0.9838,1,0.595,0.9596,391,0
SPY190726P298,2019-07-24,2019-07-24 09:33:05,0.6,0.9677,389,0.59,0.9516,293,0.61,0.9838,1,0.595,0.9596,391,0
SPY190726P298,2019-07-24,2019-07-24 09:33:06,0.6,0.9677,518,0.59,0.9516,202,0.61,0.9838,1,0.595,0.9596,391,0
SPY190726P298,2019-07-24,2019-07-24 09:33:06,0.6,0.9677,532,0.59,0.9516,293,0.61,0.9838,1,0.595,0.9596,391,0
SPY190726P298,2019-07-24,2019-07-24 09:33:07,0.6,0.9677,532,0.59,0.9516,378,0.61,0.9838,1,0.595,0.9596,391,0
SPY190726P298,2019-07-24,2019-07-24 09:33:07,0.6,0.9677,484,0.59,0.9516,378,0.61,0.9838,1,0.595,0.9596,391,0
SPY190726P298,2019-07-24,2019-07-24 09:33:08,0.6,0.9677,537,0.59,0.9516,378,0.61,0.9838,1,0.595,0.9596,391,0
SPY190726P298,2019-07-24,2019-07-24 09:33:08,0.6,0.9677,578,0.59,0.9516,202,0.61,0.9838,1,0.595,0.9596,391,0
SPY190726P298,2019-07-24,2019-07-24 09:33:09,0.6,0.9677,321,0.59,0.9516,212,0.61,0.9838,1,0.595,0.9596,391,0
SPY190726P298,2019-07-24,2019-07-24 09:33:10,0.6,0.9677,386,0.59,0.9516,595,0.61,0.9838,1,0.595,0.9596,391,0
SPY190726P298,2019-07-24,2019-07-24 09:33:10,0.6,0.9677,266,0.59,0.9516,202,0.61,0.9838,1,0.595,0.9596,391,0
SPY190726P298,2019-07-24,2019-07-24 09:33:11,0.6,0.9677,386,0.59,0.9516,761,0.61,0.9838,1,0.595,0.9596,391,0
SPY190726P298,2019-07-24,2019-07-24 09:33:12,0.6,0.9677,620,0.59,0.9516,761,0.61,0.9838,1,0.595,0.9596,391,0
SPY190726P298,2019-07-24,2019-07-24 09:33:12,0.6,0.9677,386,0.59,0.9516,761,0.61,0.9838,1,0.595,0.9596,391,0
SPY190726P298,2019-07-24,2019-07-24 09:33:13,0.6,0.9677,706,0.59,0.9516,761,0.61,0.9838,1,0.595,0.9596,391,0
SPY190726P298,2019-07-24,2019-07-24 09:33:13,0.6,0.9677,531,0.59,0.9516,761,0.61,0.9838,1,0.595,0.9596,391,0
SPY190726P298,2019-07-24,2019-07-24 09:33:14,0.6,0.9677,531,0.59,0.9516,761,0.61,0.9838,1,0.595,0.9596,391,0
SPY190726P298,2019-07-24,2019-07-24 09:33:15,0.6,0.9677,216,0.59,0.9516,317,0.61,0.9838,1,0.595,0.9596,391,0
SPY190726P298,2019-07-24,2019-07-24 09:33:15,0.6,0.9677,216,0.59,0.9516,612,0.61,0.9838,1,0.595,0.9596,391,0
SPY190726P298,2019-07-24,2019-07-24 09:33:16,0.6,0.9677,216,0.59,0.9516,377,0.59,0.9516,15,0.595,0.9596,411,20
SPY190726P298,2019-07-24,2019-07-24 09:33:16,0.6,0.9677,589,0.59,0.9516,377,0.59,0.9516,15,0.595,0.9596,411,0
SPY190726P298,2019-07-24,2019-07-24 09:33:17,0.6,0.9677,196,0.59,0.9516,377,0.59,0.9516,15,0.595,0.9596,411,0
SPY190726P298,2019-07-24,2019-07-24 09:33:17,0.6,0.9677,746,0.58,0.9354,1331,0.59,0.9516,15,0.59,0.9516,411,0
SPY190726P298,2019-07-24,2019-07-24 09:33:18,0.6,0.9677,216,0.59,0.9516,179,0.59,0.9516,2,0.595,0.9596,413,0
SPY190726P298,2019-07-24,2019-07-24 09:33:18,0.6,0.9677,276,0.59,0.9516,179,0.59,0.9516,2,0.595,0.9596,413,2
SPY190726P298,2019-07-24,2019-07-24 09:33:19,0.6,0.9677,296,0.59,0.9516,100,0.59,0.9516,2,0.595,0.9596,413,0
SPY190726P298,2019-07-24,2019-07-24 09:33:20,0.6,0.9677,325,0.58,0.9354,1016,0.59,0.9516,2,0.59,0.9516,413,0
SPY190726P298,2019-07-24,2019-07-24 09:33:20,0.6,0.9677,387,0.58,0.9354,1016,0.59,0.9516,2,0.59,0.9516,413,0
SPY190726P298,2019-07-24,2019-07-24 09:33:21,0.59,0.9516,97,0.58,0.9354,1065,0.59,0.9516,2,0.585,0.9435,413,0
SPY190726P298,2019-07-24,2019-07-24 09:33:21,0.59,0.9516,516,0.58,0.9354,198,0.59,0.9516,2,0.585,0.9435,413,0
SPY190726P298,2019-07-24,2019-07-24 09:33:22,0.59,0.9516,602,0.58,0.9354,124,0.59,0.9516,2,0.585,0.9435,413,0
SPY190726P298,2019-07-24,2019-07-24 09:33:23,0.59,0.9516,134,0.58,0.9354,309,0.59,0.9516,2,0.585,0.9435,413,0
SPY190726P298,2019-07-24,2019-07-24 09:33:23,0.59,0.9516,154,0.58,0.9354,309,0.59,0.9516,2,0.585,0.9435,413,0
SPY190726P298,2019-07-24,2019-07-24 09:33:24,0.59,0.9516,77,0.58,0.9354,767,0.59,0.9516,2,0.585,0.9435,413,0
SPY190726P298,2019-07-24,2019-07-24 09:33:24,0.59,0.9516,77,0.58,0.9354,293,0.59,0.9516,2,0.585,0.9435,413,0
SPY190726P298,2019-07-24,2019-07-24 09:33:25,0.59,0.9516,526,0.58,0.9354,135,0.59,0.9516,2,0.585,0.9435,413,0
SPY190726P298,2019-07-24,2019-07-24 09:33:25,0.59,0.9516,1320,0.58,0.9354,135,0.59,0.9516,2,0.585,0.9435,413,0
SPY190726P298,2019-07-24,2019-07-24 09:33:26,0.59,0.9516,861,0.57,0.9193,1045,0.59,0.9516,2,0.58,0.9354,413,0
SPY190726P298,2019-07-24,2019-07-24 09:33:27,0.59,0.9516,909,0.57,0.9193,1045,0.59,0.9516,2,0.58,0.9354,413,0
SPY190726P298,2019-07-24,2019-07-24 09:33:27,0.58,0.9354,91,0.57,0.9193,168,0.59,0.9516,2,0.575,0.9274,413,0
SPY190726P298,2019-07-24,2019-07-24 09:33:28,0.58,0.9354,270,0.57,0.9193,270,0.59,0.9516,2,0.575,0.9274,413,0
SPY190726P298,2019-07-24,2019-07-24 09:33:28,0.58,0.9354,102,0.57,0.9193,168,0.59,0.9516,2,0.575,0.9274,413,0
SPY190726P298,2019-07-24,2019-07-24 09:33:29,0.58,0.9354,650,0.57,0.9193,90,0.59,0.9516,2,0.575,0.9274,413,0
SPY190726P298,2019-07-24,2019-07-24 09:33:29,0.58,0.9354,270,0.57,0.9193,270,0.59,0.9516,2,0.575,0.9274,413,0
SPY190726P298,2019-07-24,2019-07-24 09:33:30,0.58,0.9354,1368,0.57,0.9193,125,0.59,0.9516,2,0.575,0.9274,413,0
SPY190726P298,2019-07-24,2019-07-24 09:33:31,0.57,0.9193,688,0.56,0.9032,210,0.59,0.9516,2,0.565,0.9112,413,0
SPY190726P298,2019-07-24,2019-07-24 09:33:31,0.58,0.9354,1082,0.56,0.9032,210,0.59,0.9516,2,0.57,0.9193,413,0
SPY190726P298,2019-07-24,2019-07-24 09:33:32,0.57,0.9193,648,0.56,0.9032,79,0.59,0.9516,2,0.565,0.9112,413,0
SPY190726P298,2019-07-24,2019-07-24 09:33:32,0.57,0.9193,648,0.56,0.9032,142,0.59,0.9516,2,0.565,0.9112,413,0
SPY190726P298,2019-07-24,2019-07-24 09:33:33,0.57,0.9193,729,0.56,0.9032,142,0.59,0.9516,2,0.565,0.9112,413,0
SPY190726P298,2019-07-24,2019-07-24 09:33:34,0.57,0.9193,1787,0.55,0.887,938,0.59,0.9516,2,0.56,0.9032,413,0
SPY190726P298,2019-07-24,2019-07-24 09:33:34,0.57,0.9193,681,0.56,0.9032,142,0.59,0.9516,2,0.565,0.9112,413,0
SPY190726P298,2019-07-24,2019-07-24 09:33:35,0.56,0.9032,165,0.55,0.887,276,0.59,0.9516,2,0.555,0.8951,413,0
SPY190726P298,2019-07-24,2019-07-24 09:33:35,0.56,0.9032,192,0.55,0.887,216,0.59,0.9516,2,0.555,0.8951,413,0
SPY190726P298,2019-07-24,2019-07-24 09:33:36,0.56,0.9032,165,0.55,0.887,276,0.59,0.9516,2,0.555,0.8951,413,0
SPY190726P298,2019-07-24,2019-07-24 09:33:36,0.56,0.9032,196,0.55,0.887,276,0.59,0.9516,2,0.555,0.8951,413,0
SPY190726P298,2019-07-24,2019-07-24 09:33:37,0.56,0.9032,196,0.55,0.887,276,0.59,0.9516,2,0.555,0.8951,413,0
SPY190726P298,2019-07-24,2019-07-24 09:33:38,0.56,0.9032,796,0.55,0.887,115,0.59,0.9516,2,0.555,0.8951,413,0
SPY190726P298,2019-07-24,2019-07-24 09:33:38,0.56,0.9032,450,0.55,0.887,154,0.59,0.9516,2,0.555,0.8951,413,0
SPY190726P298,2019-07-24,2019-07-24 09:33:39,0.56,0.9032,709,0.55,0.887,134,0.59,0.9516,2,0.555,0.8951,413,0
SPY190726P298,2019-07-24,2019-07-24 09:33:39,0.56,0.9032,760,0.54,0.8709,628,0.59,0.9516,2,0.55,0.887,413,0
SPY190726P298,2019-07-24,2019-07-24 09:33:40,0.56,0.9032,1250,0.54,0.8709,732,0.59,0.9516,2,0.55,0.887,413,0
SPY190726P298,2019-07-24,2019-07-24 09:33:41,0.56,0.9032,1250,0.54,0.8709,732,0.59,0.9516,2,0.55,0.887,413,0
SPY190726P298,2019-07-24,2019-07-24 09:33:41,0.56,0.9032,1423,0.54,0.8709,732,0.59,0.9516,2,0.55,0.887,413,0
SPY190726P298,2019-07-24,2019-07-24 09:33:42,0.56,0.9032,916,0.54,0.8709,429,0.59,0.9516,2,0.55,0.887,413,0
SPY190726P298,2019-07-24,2019-07-24 09:33:42,0.56,0.9032,916,0.54,0.8709,401,0.59,0.9516,2,0.55,0.887,413,0
SPY190726P298,2019-07-24,2019-07-24 09:33:43,0.55,0.887,6,0.54,0.8709,506,0.59,0.9516,2,0.545,0.879,413,0
SPY190726P298,2019-07-24,2019-07-24 09:33:43,0.56,0.9032,916,0.54,0.8709,506,0.59,0.9516,2,0.55,0.887,413,0
SPY190726P298,2019-07-24,2019-07-24 09:33:44,0.55,0.887,6,0.54,0.8709,655,0.59,0.9516,2,0.545,0.879,413,0
SPY190726P298,2019-07-24,2019-07-24 09:33:44,0.55,0.887,207,0.54,0.8709,655,0.59,0.9516,2,0.545,0.879,413,0
SPY190726P298,2019-07-24,2019-07-24 09:33:45,0.55,0.887,227,0.54,0.8709,740,0.55,0.887,1,0.545,0.879,614,201
SPY190726P298,2019-07-24,2019-07-24 09:33:46,0.55,0.887,75,0.54,0.8709,1173,0.55,0.887,1,0.545,0.879,614,0
SPY190726P298,2019-07-24,2019-07-24 09:33:46,0.55,0.887,227,0.54,0.8709,970,0.55,0.887,1,0.545,0.879,614,0
SPY190726P298,2019-07-24,2019-07-24 09:33:47,0.55,0.887,210,0.54,0.8709,601,0.55,0.887,1,0.545,0.879,614,0
SPY190726P298,2019-07-24,2019-07-24 09:33:48,0.55,0.887,846,0.54,0.8709,714,0.55,0.887,1,0.545,0.879,614,0
SPY190726P298,2019-07-24,2019-07-24 09:33:48,0.55,0.887,374,0.53,0.8548,1180,0.55,0.887,1,0.54,0.8709,614,0
SPY190726P298,2019-07-24,2019-07-24 09:33:49,0.54,0.8709,154,0.53,0.8548,983,0.55,0.887,1,0.535,0.8629,614,0
SPY190726P298,2019-07-24,2019-07-24 09:33:50,0.54,0.8709,26,0.53,0.8548,120,0.55,0.887,1,0.535,0.8629,614,0
SPY190726P298,2019-07-24,2019-07-24 09:33:50,0.54,0.8709,361,0.53,0.8548,134,0.55,0.887,1,0.535,0.8629,614,0
SPY190726P298,2019-07-24,2019-07-24 09:33:51,0.54,0.8709,458,0.53,0.8548,80,0.55,0.887,1,0.535,0.8629,614,0
SPY190726P298,2019-07-24,2019-07-24 09:33:51,0.54,0.8709,330,0.53,0.8548,91,0.55,0.887,1,0.535,0.8629,614,0
SPY190726P298,2019-07-24,2019-07-24 09:33:52,0.54,0.8709,772,0.52,0.8387,2864,0.55,0.887,1,0.53,0.8548,614,0
SPY190726P298,2019-07-24,2019-07-24 09:33:52,0.54,0.8709,942,0.53,0.8548,125,0.55,0.887,1,0.535,0.8629,614,0
SPY190726P298,2019-07-24,2019-07-24 09:33:53,0.54,0.8709,1418,0.53,0.8548,120,0.55,0.887,1,0.535,0.8629,614,0
SPY190726P298,2019-07-24,2019-07-24 09:33:53,0.54,0.8709,990,0.53,0.8548,120,0.55,0.887,1,0.535,0.8629,614,0
SPY190726P298,2019-07-24,2019-07-24 09:33:54,0.54,0.8709,100,0.53,0.8548,92,0.55,0.887,1,0.535,0.8629,614,0
SPY190726P298,2019-07-24,2019-07-24 09:33:55,0.54,0.8709,799,0.53,0.8548,35,0.55,0.887,1,0.535,0.8629,614,0
SPY190726P298,2019-07-24,2019-07-24 09:33:55,0.54,0.8709,336,0.52,0.8387,1116,0.55,0.887,1,0.53,0.8548,614,0
SPY190726P298,2019-07-24,2019-07-24 09:33:56,0.54,0.8709,785,0.52,0.8387,2106,0.55,0.887,1,0.53,0.8548,614,0
SPY190726P298,2019-07-24,2019-07-24 09:33:56,0.54,0.8709,785,0.52,0.8387,2513,0.55,0.887,1,0.53,0.8548,614,0
SPY190726P298,2019-07-24,2019-07-24 09:33:57,0.53,0.8548,1,0.53,0.8548,6,0.53,0.8548,1,0.53,0.8548,615,0
SPY190726P298,2019-07-24,2019-07-24 09:33:57,0.54,0.8709,785,0.52,0.8387,2551,0.53,0.8548,1,0.53,0.8548,615,1
SPY190726P298,2019-07-24,2019-07-24 09:33:58,0.54,0.8709,795,0.52,0.8387,2508,0.53,0.8548,1,0.53,0.8548,615,0
SPY190726P298,2019-07-24,2019-07-24 09:33:59,0.54,0.8709,818,0.52,0.8387,375,0.52,0.8387,1,0.53,0.8548,616,1
SPY190726P298,2019-07-24,2019-07-24 09:33:59,0.54,0.8709,1198,0.53,0.8548,6,0.52,0.8387,1,0.535,0.8629,616,0
SPY190726P298,2019-07-24,2019-07-24 09:34:00,0.54,0.8709,730,0.52,0.8387,371,0.52,0.8387,1,0.53,0.8548,616,0
SPY190726P298,2019-07-24,2019-07-24 09:34:00,0.54,0.8709,1234,0.52,0.8387,286,0.52,0.8387,1,0.53,0.8548,616,0
SPY190726P298,2019-07-24,2019-07-24 09:34:01,0.54,0.8709,1569,0.52,0.8387,2342,0.52,0.8387,1,0.53,0.8548,616,0
SPY190726P298,2019-07-24,2019-07-24 09:34:01,0.53,0.8548,180,0.52,0.8387,177,0.52,0.8387,1,0.525,0.8467,616,0
SPY190726P298,2019-07-24,2019-07-24 09:34:02,0.53,0.8548,244,0.52,0.8387,128,0.52,0.8387,1,0.525,0.8467,616,0
SPY190726P298,2019-07-24,2019-07-24 09:34:03,0.53,0.8548,306,0.52,0.8387,96,0.52,0.8387,1,0.525,0.8467,616,0
SPY190726P298,2019-07-24,2019-07-24 09:34:03,0.53,0.8548,249,0.52,0.8387,96,0.52,0.8387,1,0.525,0.8467,616,0
SPY190726P298,2019-07-24,2019-07-24 09:34:04,0.52,0.8387,90,0.51,0.8225,124,0.52,0.8387,1,0.515,0.8306,616,0
SPY190726P298,2019-07-24,2019-07-24 09:34:04,0.53,0.8548,249,0.52,0.8387,145,0.52,0.8387,1,0.525,0.8467,616,0
SPY190726P298,2019-07-24,2019-07-24 09:34:05,0.52,0.8387,90,0.51,0.8225,326,0.52,0.8387,1,0.515,0.8306,616,0
SPY190726P298,2019-07-24,2019-07-24 09:34:05,0.53,0.8548,6,0.52,0.8387,55,0.52,0.8387,1,0.525,0.8467,616,0
SPY190726P298,2019-07-24,2019-07-24 09:34:06,0.53,0.8548,154,0.52,0.8387,113,0.52,0.8387,1,0.525,0.8467,616,0
SPY190726P298,2019-07-24,2019-07-24 09:34:07,0.53,0.8548,183,0.52,0.8387,6,0.52,0.8387,1,0.525,0.8467,616,0
SPY190726P298,2019-07-24,2019-07-24 09:34:07,0.53,0.8548,183,0.51,0.8225,1631,0.52,0.8387,1,0.52,0.8387,616,0
SPY190726P298,2019-07-24,2019-07-24 09:34:08,0.52,0.8387,92,0.51,0.8225,354,0.52,0.8387,1,0.515,0.8306,616,0
SPY190726P298,2019-07-24,2019-07-24 09:34:08,0.52,0.8387,75,0.51,0.8225,354,0.52,0.8387,1,0.515,0.8306,616,0
SPY190726P298,2019-07-24,2019-07-24 09:34:09,0.52,0.8387,1008,0.5,0.8064,2178,0.52,0.8387,1,0.51,0.8225,616,0
SPY190726P298,2019-07-24,2019-07-24 09:34:09,0.52,0.8387,458,0.5,0.8064,1835,0.52,0.8387,1,0.51,0.8225,616,0
SPY190726P298,2019-07-24,2019-07-24 09:34:10,0.52,0.8387,284,0.51,0.8225,180,0.52,0.8387,1,0.515,0.8306,616,0
SPY190726P298,2019-07-24,2019-07-24 09:34:11,0.52,0.8387,92,0.51,0.8225,288,0.52,0.8387,1,0.515,0.8306,616,0
SPY190726P298,2019-07-24,2019-07-24 09:34:11,0.52,0.8387,95,0.51,0.8225,151,0.52,0.8387,1,0.515,0.8306,616,0
SPY190726P298,2019-07-24,2019-07-24 09:34:12,0.52,0.8387,141,0.51,0.8225,200,0.52,0.8387,1,0.515,0.8306,616,0
SPY190726P298,2019-07-24,2019-07-24 09:34:12,0.52,0.8387,176,0.51,0.8225,200,0.52,0.8387,1,0.515,0.8306,616,0
SPY190726P298,2019-07-24,2019-07-24 09:34:13,0.52,0.8387,273,0.5,0.8064,1301,0.52,0.8387,1,0.51,0.8225,616,0
SPY190726P298,2019-07-24,2019-07-24 09:34:13,0.52,0.8387,179,0.5,0.8064,1301,0.52,0.8387,1,0.51,0.8225,616,0
SPY190726P298,2019-07-24,2019-07-24 09:34:14,0.52,0.8387,166,0.51,0.8225,5,0.52,0.8387,1,0.515,0.8306,616,0
SPY190726P298,2019-07-24,2019-07-24 09:34:15,0.52,0.8387,169,0.51,0.8225,175,0.52,0.8387,1,0.515,0.8306,616,0
SPY190726P298,2019-07-24,2019-07-24 09:34:16,0.52,0.8387,169,0.51,0.8225,126,0.52,0.8387,1,0.515,0.8306,616,0
SPY190726P298,2019-07-24,2019-07-24 09:34:16,0.52,0.8387,105,0.51,0.8225,126,0.52,0.8387,1,0.515,0.8306,616,0
SPY190726P298,2019-07-24,2019-07-24 09:34:17,0.52,0.8387,84,0.51,0.8225,345,0.52,0.8387,1,0.515,0.8306,616,0
SPY190726P298,2019-07-24,2019-07-24 09:34:17,0.52,0.8387,6,0.51,0.8225,1307,0.52,0.8387,1,0.515,0.8306,616,0
SPY190726P298,2019-07-24,2019-07-24 09:34:18,0.52,0.8387,94,0.51,0.8225,175,0.52,0.8387,1,0.515,0.8306,616,0
SPY190726P298,2019-07-24,2019-07-24 09:34:19,0.52,0.8387,115,0.51,0.8225,175,0.52,0.8387,1,0.515,0.8306,616,0
SPY190726P298,2019-07-24,2019-07-24 09:34:19,0.52,0.8387,94,0.51,0.8225,175,0.52,0.8387,1,0.515,0.8306,616,0
SPY190726P298,2019-07-24,2019-07-24 09:34:20,0.52,0.8387,175,0.51,0.8225,480,0.52,0.8387,1,0.515,0.8306,616,0
SPY190726P298,2019-07-24,2019-07-24 09:34:20,0.52,0.8387,175,0.51,0.8225,389,0.52,0.8387,1,0.515,0.8306,616,0
SPY190726P298,2019-07-24,2019-07-24 09:34:21,0.53,0.8548,621,0.52,0.8387,5,0.52,0.8387,1,0.525,0.8467,616,0
SPY190726P298,2019-07-24,2019-07-24 09:34:21,0.53,0.8548,590,0.52,0.8387,5,0.52,0.8387,1,0.525,0.8467,616,0
SPY190726P298,2019-07-24,2019-07-24 09:34:22,0.52,0.8387,6,0.52,0.8387,6,0.52,0.8387,1,0.52,0.8387,616,0
SPY190726P298,2019-07-24,2019-07-24 09:34:22,0.53,0.8548,1080,0.51,0.8225,2049,0.52,0.8387,1,0.52,0.8387,616,0
SPY190726P298,2019-07-24,2019-07-24 09:34:23,0.53,0.8548,1224,0.52,0.8387,216,0.52,0.8387,1,0.525,0.8467,616,0
SPY190726P298,2019-07-24,2019-07-24 09:34:23,0.53,0.8548,435,0.52,0.8387,290,0.52,0.8387,1,0.525,0.8467,616,0
SPY190726P298,2019-07-24,2019-07-24 09:34:24,0.53,0.8548,310,0.52,0.8387,506,0.52,0.8387,1,0.525,0.8467,616,0
SPY190726P298,2019-07-24,2019-07-24 09:34:25,0.54,0.8709,871,0.52,0.8387,1845,0.52,0.8387,1,0.53,0.8548,616,0
SPY190726P298,2019-07-24,2019-07-24 09:34:25,0.53,0.8548,8,0.52,0.8387,333,0.52,0.8387,1,0.525,0.8467,616,0
SPY190726P298,2019-07-24,2019-07-24 09:34:26,0.54,0.8709,1209,0.52,0.8387,265,0.52,0.8387,1,0.53,0.8548,616,0
SPY190726P298,2019-07-24,2019-07-24 09:34:27,0.53,0.8548,212,0.52,0.8387,233,0.52,0.8387,1,0.525,0.8467,616,0
SPY190726P298,2019-07-24,2019-07-24 09:34:27,0.53,0.8548,232,0.52,0.8387,583,0.52,0.8387,1,0.525,0.8467,616,0
SPY190726P298,2019-07-24,2019-07-24 09:34:28,0.53,0.8548,238,0.52,0.8387,372,0.52,0.8387,1,0.525,0.8467,616,0
SPY190726P298,2019-07-24,2019-07-24 09:34:28,0.53,0.8548,218,0.52,0.8387,372,0.52,0.8387,1,0.525,0.8467,616,0
SPY190726P298,2019-07-24,2019-07-24 09:34:29,0.53,0.8548,252,0.52,0.8387,303,0.52,0.8387,1,0.525,0.8467,616,0
SPY190726P298,2019-07-24,2019-07-24 09:34:29,0.53,0.8548,218,0.52,0.8387,413,0.52,0.8387,1,0.525,0.8467,616,0
SPY190726P298,2019-07-24,2019-07-24 09:34:30,0.53,0.8548,252,0.52,0.8387,310,0.52,0.8387,1,0.525,0.8467,616,0
SPY190726P298,2019-07-24,2019-07-24 09:34:31,0.53,0.8548,230,0.52,0.8387,125,0.52,0.8387,1,0.525,0.8467,616,0
SPY190726P298,2019-07-24,2019-07-24 09:34:31,0.53,0.8548,411,0.52,0.8387,310,0.52,0.8387,1,0.525,0.8467,616,0
SPY190726P298,2019-07-24,2019-07-24 09:34:32,0.52,0.8387,126,0.51,0.8225,334,0.52,0.8387,1,0.515,0.8306,616,0
SPY190726P298,2019-07-24,2019-07-24 09:34:32,0.52,0.8387,196,0.51,0.8225,365,0.52,0.8387,1,0.515,0.8306,616,0
SPY190726P298,2019-07-24,2019-07-24 09:34:33,0.52,0.8387,39,0.51,0.8225,407,0.52,0.8387,1,0.515,0.8306,616,0
SPY190726P298,2019-07-24,2019-07-24 09:34:33,0.52,0.8387,80,0.51,0.8225,634,0.52,0.8387,1,0.515,0.8306,616,0
SPY190726P298,2019-07-24,2019-07-24 09:34:34,0.52,0.8387,131,0.51,0.8225,789,0.52,0.8387,1,0.515,0.8306,616,0
SPY190726P298,2019-07-24,2019-07-24 09:34:35,0.52,0.8387,387,0.51,0.8225,789,0.52,0.8387,1,0.515,0.8306,616,0
SPY190726P298,2019-07-24,2019-07-24 09:34:35,0.52,0.8387,387,0.51,0.8225,1109,0.52,0.8387,1,0.515,0.8306,616,0
SPY190726P298,2019-07-24,2019-07-24 09:34:36,0.52,0.8387,345,0.51,0.8225,625,0.52,0.8387,1,0.515,0.8306,616,0
SPY190726P298,2019-07-24,2019-07-24 09:34:36,0.52,0.8387,131,0.51,0.8225,304,0.52,0.8387,1,0.515,0.8306,616,0
SPY190726P298,2019-07-24,2019-07-24 09:34:37,0.52,0.8387,493,0.51,0.8225,311,0.52,0.8387,15,0.515,0.8306,631,0
SPY190726P298,2019-07-24,2019-07-24 09:34:37,0.52,0.8387,131,0.51,0.8225,397,0.52,0.8387,15,0.515,0.8306,631,15
SPY190726P298,2019-07-24,2019-07-24 09:34:38,0.52,0.8387,479,0.51,0.8225,697,0.52,0.8387,15,0.515,0.8306,631,0
SPY190726P298,2019-07-24,2019-07-24 09:34:39,0.52,0.8387,120,0.51,0.8225,304,0.52,0.8387,15,0.515,0.8306,631,0
SPY190726P298,2019-07-24,2019-07-24 09:34:39,0.52,0.8387,261,0.51,0.8225,304,0.52,0.8387,15,0.515,0.8306,631,0
SPY190726P298,2019-07-24,2019-07-24 09:34:40,0.53,0.8548,904,0.51,0.8225,1109,0.52,0.8387,15,0.52,0.8387,631,0
SPY190726P298,2019-07-24,2019-07-24 09:34:40,0.52,0.8387,120,0.51,0.8225,670,0.52,0.8387,15,0.515,0.8306,631,0
SPY190726P298,2019-07-24,2019-07-24 09:34:41,0.53,0.8548,1222,0.51,0.8225,291,0.52,0.8387,15,0.52,0.8387,631,0
SPY190726P298,2019-07-24,2019-07-24 09:34:41,0.53,0.8548,582,0.52,0.8387,55,0.52,0.8387,15,0.525,0.8467,631,0
SPY190726P298,2019-07-24,2019-07-24 09:34:42,0.52,0.8387,99,0.51,0.8225,416,0.52,0.8387,15,0.515,0.8306,631,0
SPY190726P298,2019-07-24,2019-07-24 09:34:42,0.52,0.8387,5,0.51,0.8225,220,0.52,0.8387,15,0.515,0.8306,631,0
SPY190726P298,2019-07-24,2019-07-24 09:34:43,0.52,0.8387,122,0.51,0.8225,233,0.52,0.8387,15,0.515,0.8306,631,0
SPY190726P298,2019-07-24,2019-07-24 09:34:44,0.52,0.8387,136,0.51,0.8225,233,0.52,0.8387,15,0.515,0.8306,631,0
SPY190726P298,2019-07-24,2019-07-24 09:34:44,0.53,0.8548,508,0.52,0.8387,12,0.52,0.8387,15,0.525,0.8467,631,0
SPY190726P298,2019-07-24,2019-07-24 09:34:45,0.53,0.8548,1248,0.51,0.8225,593,0.52,0.8387,15,0.52,0.8387,631,0
SPY190726P298,2019-07-24,2019-07-24 09:34:45,0.52,0.8387,5,0.51,0.8225,457,0.52,0.8387,15,0.515,0.8306,631,0
SPY190726P298,2019-07-24,2019-07-24 09:34:46,0.52,0.8387,6,0.51,0.8225,752,0.52,0.8387,15,0.515,0.8306,631,0
SPY190726P298,2019-07-24,2019-07-24 09:34:46,0.53,0.8548,1472,0.51,0.8225,752,0.52,0.8387,15,0.52,0.8387,631,0
SPY190726P298,2019-07-24,2019-07-24 09:34:47,0.52,0.8387,5,0.51,0.8225,1354,0.51,0.8225,6,0.515,0.8306,637,0
SPY190726P298,2019-07-24,2019-07-24 09:34:47,0.53,0.8548,1367,0.51,0.8225,752,0.51,0.8225,6,0.52,0.8387,637,6
SPY190726P298,2019-07-24,2019-07-24 09:34:48,0.53,0.8548,893,0.52,0.8387,105,0.51,0.8225,6,0.525,0.8467,637,0
SPY190726P298,2019-07-24,2019-07-24 09:34:48,0.53,0.8548,1732,0.52,0.8387,105,0.51,0.8225,6,0.525,0.8467,637,0
SPY190726P298,2019-07-24,2019-07-24 09:34:49,0.53,0.8548,309,0.52,0.8387,105,0.51,0.8225,6,0.525,0.8467,637,0
SPY190726P298,2019-07-24,2019-07-24 09:34:50,0.53,0.8548,586,0.52,0.8387,269,0.51,0.8225,6,0.525,0.8467,637,0
SPY190726P298,2019-07-24,2019-07-24 09:34:50,0.53,0.8548,309,0.52,0.8387,105,0.51,0.8225,6,0.525,0.8467,637,0
SPY190726P298,2019-07-24,2019-07-24 09:34:51,0.53,0.8548,613,0.52,0.8387,687,0.51,0.8225,6,0.525,0.8467,637,0
SPY190726P298,2019-07-24,2019-07-24 09:34:51,0.53,0.8548,931,0.52,0.8387,506,0.51,0.8225,6,0.525,0.8467,637,0
SPY190726P298,2019-07-24,2019-07-24 09:34:52,0.53,0.8548,1525,0.52,0.8387,187,0.51,0.8225,6,0.525,0.8467,637,0
SPY190726P298,2019-07-24,2019-07-24 09:34:53,0.53,0.8548,1773,0.52,0.8387,98,0.51,0.8225,6,0.525,0.8467,637,0
SPY190726P298,2019-07-24,2019-07-24 09:34:53,0.53,0.8548,1808,0.52,0.8387,173,0.52,0.8387,2,0.525,0.8467,639,2
SPY190726P298,2019-07-24,2019-07-24 09:34:54,0.53,0.8548,1808,0.52,0.8387,173,0.52,0.8387,2,0.525,0.8467,639,0
SPY190726P298,2019-07-24,2019-07-24 09:34:54,0.53,0.8548,939,0.52,0.8387,173,0.52,0.8387,2,0.525,0.8467,639,0
SPY190726P298,2019-07-24,2019-07-24 09:34:55,0.53,0.8548,507,0.52,0.8387,171,0.52,0.8387,2,0.525,0.8467,639,0
SPY190726P298,2019-07-24,2019-07-24 09:34:55,0.53,0.8548,583,0.52,0.8387,171,0.52,0.8387,2,0.525,0.8467,639,0
SPY190726P298,2019-07-24,2019-07-24 09:34:56,0.53,0.8548,535,0.52,0.8387,100,0.52,0.8387,3,0.525,0.8467,642,3
SPY190726P298,2019-07-24,2019-07-24 09:34:57,0.53,0.8548,678,0.52,0.8387,100,0.52,0.8387,3,0.525,0.8467,642,0
SPY190726P298,2019-07-24,2019-07-24 09:34:58,0.53,0.8548,678,0.52,0.8387,100,0.52,0.8387,3,0.525,0.8467,642,0
SPY190726P298,2019-07-24,2019-07-24 09:34:58,0.52,0.8387,70,0.51,0.8225,279,0.52,0.8387,3,0.515,0.8306,642,0
SPY190726P298,2019-07-24,2019-07-24 09:34:59,0.52,0.8387,916,0.5,0.8064,943,0.52,0.8387,3,0.51,0.8225,642,0
SPY190726P298,2019-07-24,2019-07-24 09:34:59,0.51,0.8225,5,0.5,0.8064,943,0.52,0.8387,3,0.505,0.8145,642,0
SPY190726P298,2019-07-24,2019-07-24 09:35:00,0.51,0.8225,386,0.5,0.8064,116,0.52,0.8387,3,0.505,0.8145,642,0
SPY190726P298,2019-07-24,2019-07-24 09:35:00,0.51,0.8225,5,0.5,0.8064,1301,0.52,0.8387,3,0.505,0.8145,642,0
SPY190726P298,2019-07-24,2019-07-24 09:35:01,0.51,0.8225,716,0.5,0.8064,116,0.52,0.8387,3,0.505,0.8145,642,0
SPY190726P298,2019-07-24,2019-07-24 09:35:02,0.51,0.8225,1361,0.5,0.8064,96,0.52,0.8387,3,0.505,0.8145,642,0
SPY190726P298,2019-07-24,2019-07-24 09:35:02,0.51,0.8225,866,0.5,0.8064,96,0.52,0.8387,3,0.505,0.8145,642,0
SPY190726P298,2019-07-24,2019-07-24 09:35:03,0.51,0.8225,1361,0.49,0.7903,2360,0.52,0.8387,3,0.5,0.8064,642,0
SPY190726P298,2019-07-24,2019-07-24 09:35:03,0.51,0.8225,1361,0.5,0.8064,60,0.52,0.8387,3,0.505,0.8145,642,0
SPY190726P298,2019-07-24,2019-07-24 09:35:04,0.51,0.8225,784,0.5,0.8064,137,0.52,0.8387,3,0.505,0.8145,642,0
SPY190726P298,2019-07-24,2019-07-24 09:35:04,0.51,0.8225,1169,0.5,0.8064,60,0.52,0.8387,3,0.505,0.8145,642,0
SPY190726P298,2019-07-24,2019-07-24 09:35:05,0.51,0.8225,351,0.5,0.8064,137,0.52,0.8387,3,0.505,0.8145,642,0
SPY190726P298,2019-07-24,2019-07-24 09:35:06,0.51,0.8225,1440,0.5,0.8064,137,0.52,0.8387,3,0.505,0.8145,642,0
SPY190726P298,2019-07-24,2019-07-24 09:35:06,0.51,0.8225,1759,0.5,0.8064,137,0.52,0.8387,3,0.505,0.8145,642,0
SPY190726P298,2019-07-24,2019-07-24 09:35:07,0.51,0.8225,1390,0.5,0.8064,53,0.52,0.8387,3,0.505,0.8145,642,0
SPY190726P298,2019-07-24,2019-07-24 09:35:07,0.51,0.8225,1342,0.5,0.8064,137,0.52,0.8387,3,0.505,0.8145,642,0
SPY190726P298,2019-07-24,2019-07-24 09:35:08,0.51,0.8225,1808,0.5,0.8064,53,0.52,0.8387,3,0.505,0.8145,642,0
SPY190726P298,2019-07-24,2019-07-24 09:35:09,0.51,0.8225,941,0.5,0.8064,10,0.52,0.8387,3,0.505,0.8145,642,0
SPY190726P298,2019-07-24,2019-07-24 09:35:10,0.5,0.8064,281,0.49,0.7903,182,0.5,0.8064,10,0.495,0.7983,652,0
SPY190726P298,2019-07-24,2019-07-24 09:35:10,0.5,0.8064,284,0.49,0.7903,182,0.5,0.8064,10,0.495,0.7983,652,10
SPY190726P298,2019-07-24,2019-07-24 09:35:11,0.5,0.8064,324,0.49,0.7903,148,0.5,0.8064,10,0.495,0.7983,652,0
SPY190726P298,2019-07-24,2019-07-24 09:35:11,0.5,0.8064,324,0.49,0.7903,170,0.5,0.8064,10,0.495,0.7983,652,0
SPY190726P298,2019-07-24,2019-07-24 09:35:12,0.5,0.8064,394,0.49,0.7903,170,0.5,0.8064,10,0.495,0.7983,652,0
SPY190726P298,2019-07-24,2019-07-24 09:35:12,0.5,0.8064,324,0.49,0.7903,148,0.5,0.8064,10,0.495,0.7983,652,0
SPY190726P298,2019-07-24,2019-07-24 09:35:13,0.5,0.8064,562,0.48,0.7741,1550,0.5,0.8064,10,0.49,0.7903,652,0
SPY190726P298,2019-07-24,2019-07-24 09:35:13,0.49,0.7903,223,0.48,0.7741,2347,0.5,0.8064,10,0.485,0.7822,652,0
SPY190726P298,2019-07-24,2019-07-24 09:35:14,0.49,0.7903,402,0.48,0.7741,2347,0.5,0.8064,10,0.485,0.7822,652,0
SPY190726P298,2019-07-24,2019-07-24 09:35:15,0.49,0.7903,528,0.48,0.7741,872,0.5,0.8064,10,0.485,0.7822,652,0
SPY190726P298,2019-07-24,2019-07-24 09:35:15,0.49,0.7903,661,0.48,0.7741,2347,0.5,0.8064,10,0.485,0.7822,652,0
SPY190726P298,2019-07-24,2019-07-24 09:35:16,0.49,0.7903,528,0.48,0.7741,471,0.5,0.8064,10,0.485,0.7822,652,0
SPY190726P298,2019-07-24,2019-07-24 09:35:16,0.49,0.7903,528,0.48,0.7741,686,0.5,0.8064,10,0.485,0.7822,652,0
SPY190726P298,2019-07-24,2019-07-24 09:35:17,0.49,0.7903,308,0.48,0.7741,289,0.5,0.8064,10,0.485,0.7822,652,0
SPY190726P298,2019-07-24,2019-07-24 09:35:17,0.49,0.7903,258,0.48,0.7741,483,0.5,0.8064,10,0.485,0.7822,652,0
SPY190726P298,2019-07-24,2019-07-24 09:35:18,0.49,0.7903,372,0.48,0.7741,289,0.5,0.8064,10,0.485,0.7822,652,0
SPY190726P298,2019-07-24,2019-07-24 09:35:19,0.49,0.7903,308,0.48,0.7741,329,0.48,0.7741,5,0.485,0.7822,657,5
SPY190726P298,2019-07-24,2019-07-24 09:35:20,0.49,0.7903,706,0.48,0.7741,289,0.48,0.7741,2,0.485,0.7822,659,2
SPY190726P298,2019-07-24,2019-07-24 09:35:20,0.49,0.7903,706,0.48,0.7741,289,0.48,0.7741,2,0.485,0.7822,659,0
SPY190726P298,2019-07-24,2019-07-24 09:35:21,0.49,0.7903,178,0.48,0.7741,804,0.48,0.7741,2,0.485,0.7822,659,0
SPY190726P298,2019-07-24,2019-07-24 09:35:21,0.49,0.7903,327,0.48,0.7741,643,0.48,0.7741,2,0.485,0.7822,659,0
SPY190726P298,2019-07-24,2019-07-24 09:35:22,0.49,0.7903,178,0.48,0.7741,1980,0.48,0.7741,2,0.485,0.7822,659,0
SPY190726P298,2019-07-24,2019-07-24 09:35:22,0.49,0.7903,178,0.48,0.7741,1758,0.48,0.7741,2,0.485,0.7822,659,0
SPY190726P298,2019-07-24,2019-07-24 09:35:23,0.49,0.7903,178,0.48,0.7741,1980,0.49,0.7903,7,0.485,0.7822,666,7
SPY190726P298,2019-07-24,2019-07-24 09:35:24,0.5,0.8064,708,0.49,0.7903,5,0.49,0.7903,7,0.495,0.7983,666,0
SPY190726P298,2019-07-24,2019-07-24 09:35:24,0.49,0.7903,156,0.48,0.7741,2253,0.49,0.7903,7,0.485,0.7822,666,0
SPY190726P298,2019-07-24,2019-07-24 09:35:25,0.5,0.8064,5,0.49,0.7903,1218,0.49,0.7903,7,0.495,0.7983,666,0
SPY190726P298,2019-07-24,2019-07-24 09:35:25,0.5,0.8064,429,0.49,0.7903,231,0.49,0.7903,7,0.495,0.7983,666,0
SPY190726P298,2019-07-24,2019-07-24 09:35:26,0.5,0.8064,122,0.49,0.7903,1409,0.49,0.7903,7,0.495,0.7983,666,0
SPY190726P298,2019-07-24,2019-07-24 09:35:27,0.51,0.8225,1194,0.49,0.7903,2492,0.49,0.7903,7,0.5,0.8064,666,0
SPY190726P298,2019-07-24,2019-07-24 09:35:27,0.51,0.8225,1195,0.49,0.7903,2699,0.49,0.7903,7,0.5,0.8064,666,0
SPY190726P298,2019-07-24,2019-07-24 09:35:28,0.51,0.8225,765,0.5,0.8064,6,0.49,0.7903,7,0.505,0.8145,666,0
SPY190726P298,2019-07-24,2019-07-24 09:35:28,0.51,0.8225,765,0.49,0.7903,2619,0.49,0.7903,7,0.5,0.8064,666,0
SPY190726P298,2019-07-24,2019-07-24 09:35:29,0.51,0.8225,1274,0.5,0.8064,95,0.49,0.7903,7,0.505,0.8145,666,0
SPY190726P298,2019-07-24,2019-07-24 09:35:29,0.51,0.8225,1767,0.49,0.7903,2775,0.49,0.7903,7,0.5,0.8064,666,0
SPY190726P298,2019-07-24,2019-07-24 09:35:30,0.5,0.8064,93,0.49,0.7903,2735,0.49,0.7903,7,0.495,0.7983,666,0
SPY190726P298,2019-07-24,2019-07-24 09:35:31,0.5,0.8064,433,0.49,0.7903,1459,0.49,0.7903,7,0.495,0.7983,666,0
SPY190726P298,2019-07-24,2019-07-24 09:35:31,0.5,0.8064,325,0.49,0.7903,1419,0.49,0.7903,7,0.495,0.7983,666,0
SPY190726P298,2019-07-24,2019-07-24 09:35:32,0.5,0.8064,268,0.49,0.7903,1476,0.49,0.7903,7,0.495,0.7983,666,0
SPY190726P298,2019-07-24,2019-07-24 09:35:32,0.5,0.8064,481,0.49,0.7903,1110,0.49,0.7903,7,0.495,0.7983,666,0
SPY190726P298,2019-07-24,2019-07-24 09:35:33,0.5,0.8064,219,0.49,0.7903,855,0.49,0.7903,7,0.495,0.7983,666,0
SPY190726P298,2019-07-24,2019-07-24 09:35:34,0.5,0.8064,325,0.49,0.7903,222,0.49,0.7903,7,0.495,0.7983,666,0
SPY190726P298,2019-07-24,2019-07-24 09:35:35,0.5,0.8064,953,0.49,0.7903,49,0.49,0.7903,7,0.495,0.7983,666,0
SPY190726P298,2019-07-24,2019-07-24 09:35:36,0.49,0.7903,166,0.48,0.7741,205,0.49,0.7903,1,0.485,0.7822,682,16
SPY190726P298,2019-07-24,2019-07-24 09:35:37,0.49,0.7903,1423,0.48,0.7741,138,0.49,0.7903,6,0.485,0.7822,692,0
SPY190726P298,2019-07-24,2019-07-24 09:35:37,0.49,0.7903,1084,0.48,0.7741,239,0.49,0.7903,6,0.485,0.7822,692,10
SPY190726P298,2019-07-24,2019-07-24 09:35:38,0.49,0.7903,160,0.48,0.7741,395,0.49,0.7903,6,0.485,0.7822,692,0
SPY190726P298,2019-07-24,2019-07-24 09:35:39,0.49,0.7903,229,0.48,0.7741,376,0.49,0.7903,6,0.485,0.7822,692,0
SPY190726P298,2019-07-24,2019-07-24 09:35:39,0.49,0.7903,190,0.48,0.7741,833,0.49,0.7903,6,0.485,0.7822,692,0
SPY190726P298,2019-07-24,2019-07-24 09:35:40,0.49,0.7903,90,0.48,0.7741,1282,0.49,0.7903,6,0.485,0.7822,692,0
SPY190726P298,2019-07-24,2019-07-24 09:35:41,0.5,0.8064,1461,0.49,0.7903,5,0.49,0.7903,6,0.495,0.7983,692,0
SPY190726P298,2019-07-24,2019-07-24 09:35:41,0.5,0.8064,1253,0.49,0.7903,5,0.49,0.7903,6,0.495,0.7983,692,0
SPY190726P298,2019-07-24,2019-07-24 09:35:42,0.5,0.8064,1229,0.49,0.7903,233,0.49,0.7903,6,0.495,0.7983,692,0
SPY190726P298,2019-07-24,2019-07-24 09:35:43,0.5,0.8064,474,0.49,0.7903,233,0.49,0.7903,6,0.495,0.7983,692,0
SPY190726P298,2019-07-24,2019-07-24 09:35:43,0.5,0.8064,1229,0.49,0.7903,233,0.49,0.7903,6,0.495,0.7983,692,0
SPY190726P298,2019-07-24,2019-07-24 09:35:44,0.5,0.8064,244,0.49,0.7903,303,0.49,0.7903,6,0.495,0.7983,692,0
SPY190726P298,2019-07-24,2019-07-24 09:35:44,0.5,0.8064,337,0.49,0.7903,303,0.49,0.7903,6,0.495,0.7983,692,0
SPY190726P298,2019-07-24,2019-07-24 09:35:45,0.5,0.8064,337,0.49,0.7903,303,0.49,0.7903,6,0.495,0.7983,692,0
SPY190726P298,2019-07-24,2019-07-24 09:35:46,0.5,0.8064,1143,0.49,0.7903,26,0.49,0.7903,6,0.495,0.7983,692,0
SPY190726P298,2019-07-24,2019-07-24 09:35:46,0.5,0.8064,1143,0.49,0.7903,273,0.49,0.7903,6,0.495,0.7983,692,0
SPY190726P298,2019-07-24,2019-07-24 09:35:47,0.5,0.8064,438,0.49,0.7903,183,0.49,0.7903,6,0.495,0.7983,692,0
SPY190726P298,2019-07-24,2019-07-24 09:35:47,0.5,0.8064,1143,0.49,0.7903,203,0.49,0.7903,6,0.495,0.7983,692,0
SPY190726P298,2019-07-24,2019-07-24 09:35:48,0.49,0.7903,40,0.48,0.7741,1240,0.49,0.7903,6,0.485,0.7822,692,0
SPY190726P298,2019-07-24,2019-07-24 09:35:48,0.5,0.8064,1176,0.48,0.7741,1218,0.49,0.7903,6,0.49,0.7903,692,0
SPY190726P298,2019-07-24,2019-07-24 09:35:49,0.5,0.8064,1564,0.49,0.7903,140,0.49,0.7903,6,0.495,0.7983,692,0
SPY190726P298,2019-07-24,2019-07-24 09:35:50,0.5,0.8064,1564,0.48,0.7741,1218,0.49,0.7903,6,0.49,0.7903,692,0
SPY190726P298,2019-07-24,2019-07-24 09:35:50,0.49,0.7903,70,0.49,0.7903,29,0.49,0.7903,6,0.49,0.7903,692,0
SPY190726P298,2019-07-24,2019-07-24 09:35:51,0.49,0.7903,234,0.48,0.7741,311,0.49,0.7903,6,0.485,0.7822,692,0
SPY190726P298,2019-07-24,2019-07-24 09:35:51,0.49,0.7903,100,0.49,0.7903,29,0.49,0.7903,6,0.49,0.7903,692,0
SPY190726P298,2019-07-24,2019-07-24 09:35:52,0.5,0.8064,1576,0.48,0.7741,871,0.49,0.7903,6,0.49,0.7903,692,0
SPY190726P298,2019-07-24,2019-07-24 09:35:52,0.5,0.8064,1802,0.48,0.7741,1371,0.49,0.7903,6,0.49,0.7903,692,0
SPY190726P298,2019-07-24,2019-07-24 09:35:53,0.5,0.8064,1901,0.48,0.7741,2137,0.49,0.7903,6,0.49,0.7903,692,0
SPY190726P298,2019-07-24,2019-07-24 09:35:53,0.5,0.8064,1901,0.49,0.7903,134,0.49,0.7903,6,0.495,0.7983,692,0
SPY190726P298,2019-07-24,2019-07-24 09:35:54,0.5,0.8064,1771,0.49,0.7903,134,0.49,0.7903,6,0.495,0.7983,692,0
SPY190726P298,2019-07-24,2019-07-24 09:35:55,0.5,0.8064,1771,0.49,0.7903,154,0.49,0.7903,6,0.495,0.7983,692,0
SPY190726P298,2019-07-24,2019-07-24 09:35:56,0.5,0.8064,204,0.49,0.7903,261,0.49,0.7903,6,0.495,0.7983,692,0
SPY190726P298,2019-07-24,2019-07-24 09:35:56,0.5,0.8064,1382,0.49,0.7903,154,0.49,0.7903,6,0.495,0.7983,692,0
SPY190726P298,2019-07-24,2019-07-24 09:35:57,0.5,0.8064,1722,0.49,0.7903,5,0.49,0.7903,6,0.495,0.7983,692,0
SPY190726P298,2019-07-24,2019-07-24 09:35:57,0.5,0.8064,453,0.48,0.7741,1752,0.49,0.7903,6,0.49,0.7903,692,0
SPY190726P298,2019-07-24,2019-07-24 09:35:58,0.5,0.8064,1769,0.49,0.7903,108,0.49,0.7903,6,0.495,0.7983,692,0
SPY190726P298,2019-07-24,2019-07-24 09:35:59,0.5,0.8064,1898,0.49,0.7903,49,0.49,0.7903,6,0.495,0.7983,692,0
SPY190726P298,2019-07-24,2019-07-24 09:35:59,0.5,0.8064,2091,0.49,0.7903,49,0.49,0.7903,6,0.495,0.7983,692,0
SPY190726P298,2019-07-24,2019-07-24 09:36:00,0.5,0.8064,1853,0.49,0.7903,75,0.49,0.7903,6,0.495,0.7983,692,0
SPY190726P298,2019-07-24,2019-07-24 09:36:01,0.5,0.8064,1809,0.48,0.7741,2050,0.49,0.7903,6,0.49,0.7903,692,0
SPY190726P298,2019-07-24,2019-07-24 09:36:01,0.5,0.8064,2189,0.48,0.7741,2671,0.49,0.7903,6,0.49,0.7903,692,0
SPY190726P298,2019-07-24,2019-07-24 09:36:02,0.5,0.8064,538,0.48,0.7741,1631,0.49,0.7903,6,0.49,0.7903,692,0
SPY190726P298,2019-07-24,2019-07-24 09:36:02,0.5,0.8064,185,0.49,0.7903,100,0.49,0.7903,6,0.495,0.7983,692,0
SPY190726P298,2019-07-24,2019-07-24 09:36:03,0.5,0.8064,113,0.49,0.7903,14,0.49,0.7903,6,0.495,0.7983,692,0
SPY190726P298,2019-07-24,2019-07-24 09:36:03,0.5,0.8064,173,0.49,0.7903,181,0.49,0.7903,6,0.495,0.7983,692,0
SPY190726P298,2019-07-24,2019-07-24 09:36:04,0.5,0.8064,179,0.49,0.7903,181,0.49,0.7903,6,0.495,0.7983,692,0
SPY190726P298,2019-07-24,2019-07-24 09:36:05,0.5,0.8064,173,0.49,0.7903,151,0.49,0.7903,6,0.495,0.7983,692,0
SPY190726P298,2019-07-24,2019-07-24 09:36:05,0.5,0.8064,200,0.49,0.7903,55,0.49,0.7903,6,0.495,0.7983,692,0
SPY190726P298,2019-07-24,2019-07-24 09:36:06,0.5,0.8064,736,0.49,0.7903,134,0.49,0.7903,6,0.495,0.7983,692,0
SPY190726P298,2019-07-24,2019-07-24 09:36:07,0.5,0.8064,640,0.49,0.7903,75,0.49,0.7903,6,0.495,0.7983,692,0
SPY190726P298,2019-07-24,2019-07-24 09:36:07,0.5,0.8064,1064,0.49,0.7903,75,0.49,0.7903,6,0.495,0.7983,692,0
SPY190726P298,2019-07-24,2019-07-24 09:36:08,0.5,0.8064,534,0.49,0.7903,79,0.49,0.7903,6,0.495,0.7983,692,0
SPY190726P298,2019-07-24,2019-07-24 09:36:09,0.5,0.8064,251,0.49,0.7903,149,0.49,0.7903,6,0.495,0.7983,692,0
SPY190726P298,2019-07-24,2019-07-24 09:36:09,0.5,0.8064,251,0.49,0.7903,129,0.49,0.7903,6,0.495,0.7983,692,0
SPY190726P298,2019-07-24,2019-07-24 09:36:10,0.5,0.8064,251,0.49,0.7903,149,0.49,0.7903,6,0.495,0.7983,692,0
SPY190726P298,2019-07-24,2019-07-24 09:36:11,0.5,0.8064,251,0.49,0.7903,149,0.49,0.7903,6,0.495,0.7983,692,0
SPY190726P298,2019-07-24,2019-07-24 09:36:12,0.5,0.8064,251,0.49,0.7903,149,0.49,0.7903,6,0.495,0.7983,692,0
SPY190726P298,2019-07-24,2019-07-24 09:36:12,0.5,0.8064,50,0.49,0.7903,570,0.49,0.7903,6,0.495,0.7983,692,0
SPY190726P298,2019-07-24,2019-07-24 09:36:13,0.5,0.8064,114,0.49,0.7903,271,0.49,0.7903,6,0.495,0.7983,692,0
SPY190726P298,2019-07-24,2019-07-24 09:36:13,0.5,0.8064,267,0.49,0.7903,169,0.49,0.7903,6,0.495,0.7983,692,0
SPY190726P298,2019-07-24,2019-07-24 09:36:14,0.5,0.8064,568,0.49,0.7903,55,0.49,0.7903,6,0.495,0.7983,692,0
SPY190726P298,2019-07-24,2019-07-24 09:36:14,0.5,0.8064,276,0.49,0.7903,148,0.49,0.7903,6,0.495,0.7983,692,0
SPY190726P298,2019-07-24,2019-07-24 09:36:15,0.5,0.8064,1624,0.48,0.7741,304,0.49,0.7903,6,0.49,0.7903,692,0
SPY190726P298,2019-07-24,2019-07-24 09:36:16,0.5,0.8064,1776,0.48,0.7741,777,0.49,0.7903,6,0.49,0.7903,692,0
SPY190726P298,2019-07-24,2019-07-24 09:36:16,0.5,0.8064,2049,0.48,0.7741,182,0.49,0.7903,6,0.49,0.7903,692,0
SPY190726P298,2019-07-24,2019-07-24 09:36:17,0.5,0.8064,1713,0.48,0.7741,777,0.49,0.7903,6,0.49,0.7903,692,0
SPY190726P298,2019-07-24,2019-07-24 09:36:17,0.5,0.8064,1776,0.48,0.7741,777,0.49,0.7903,6,0.49,0.7903,692,0
SPY190726P298,2019-07-24,2019-07-24 09:36:18,0.5,0.8064,1713,0.48,0.7741,777,0.49,0.7903,6,0.49,0.7903,692,0
SPY190726P298,2019-07-24,2019-07-24 09:36:19,0.49,0.7903,1078,0.48,0.7741,12,0.49,0.7903,6,0.485,0.7822,692,0
SPY190726P298,2019-07-24,2019-07-24 09:36:19,0.49,0.7903,144,0.48,0.7741,581,0.49,0.7903,6,0.485,0.7822,692,0
SPY190726P298,2019-07-24,2019-07-24 09:36:20,0.49,0.7903,1337,0.48,0.7741,1,0.48,0.7741,38,0.485,0.7822,742,50
SPY190726P298,2019-07-24,2019-07-24 09:36:20,0.49,0.7903,1078,0.48,0.7741,12,0.49,0.7903,6,0.485,0.7822,692,0
SPY190726P298,2019-07-24,2019-07-24 09:36:21,0.49,0.7903,1337,0.48,0.7741,55,0.48,0.7741,38,0.485,0.7822,742,0
SPY190726P298,2019-07-24,2019-07-24 09:36:22,0.49,0.7903,1894,0.48,0.7741,75,0.48,0.7741,38,0.485,0.7822,742,0
SPY190726P298,2019-07-24,2019-07-24 09:36:23,0.49,0.7903,1942,0.48,0.7741,75,0.48,0.7741,38,0.485,0.7822,742,0
SPY190726P298,2019-07-24,2019-07-24 09:36:23,0.49,0.7903,1894,0.48,0.7741,75,0.48,0.7741,38,0.485,0.7822,742,0
SPY190726P298,2019-07-24,2019-07-24 09:36:24,0.49,0.7903,1564,0.47,0.758,2307,0.48,0.7741,38,0.48,0.7741,742,0
SPY190726P298,2019-07-24,2019-07-24 09:36:24,0.49,0.7903,1564,0.47,0.758,2598,0.48,0.7741,38,0.48,0.7741,742,0
SPY190726P298,2019-07-24,2019-07-24 09:36:25,0.49,0.7903,205,0.48,0.7741,444,0.48,0.7741,38,0.485,0.7822,742,0
SPY190726P298,2019-07-24,2019-07-24 09:36:25,0.49,0.7903,1098,0.48,0.7741,66,0.48,0.7741,38,0.485,0.7822,742,0
SPY190726P298,2019-07-24,2019-07-24 09:36:26,0.49,0.7903,262,0.48,0.7741,234,0.48,0.7741,38,0.485,0.7822,742,0
SPY190726P298,2019-07-24,2019-07-24 09:36:26,0.49,0.7903,954,0.48,0.7741,70,0.48,0.7741,38,0.485,0.7822,742,0
SPY190726P298,2019-07-24,2019-07-24 09:36:27,0.49,0.7903,661,0.47,0.758,1494,0.48,0.7741,38,0.48,0.7741,742,0
SPY190726P298,2019-07-24,2019-07-24 09:36:28,0.49,0.7903,1933,0.47,0.758,2653,0.48,0.7741,38,0.48,0.7741,742,0
SPY190726P298,2019-07-24,2019-07-24 09:36:28,0.49,0.7903,1933,0.47,0.758,2237,0.48,0.7741,38,0.48,0.7741,742,0
SPY190726P298,2019-07-24,2019-07-24 09:36:29,0.49,0.7903,1430,0.47,0.758,956,0.48,0.7741,38,0.48,0.7741,742,0
SPY190726P298,2019-07-24,2019-07-24 09:36:30,0.49,0.7903,1529,0.47,0.758,1558,0.48,0.7741,38,0.48,0.7741,742,0
SPY190726P298,2019-07-24,2019-07-24 09:36:30,0.49,0.7903,1529,0.47,0.758,2254,0.48,0.7741,38,0.48,0.7741,742,0
SPY190726P298,2019-07-24,2019-07-24 09:36:31,0.49,0.7903,1889,0.47,0.758,2646,0.48,0.7741,38,0.48,0.7741,742,0
SPY190726P298,2019-07-24,2019-07-24 09:36:32,0.49,0.7903,1521,0.47,0.758,2357,0.48,0.7741,38,0.48,0.7741,742,0
SPY190726P298,2019-07-24,2019-07-24 09:36:32,0.49,0.7903,1889,0.47,0.758,2254,0.48,0.7741,38,0.48,0.7741,742,0
SPY190726P298,2019-07-24,2019-07-24 09:36:33,0.49,0.7903,1521,0.47,0.758,2357,0.48,0.7741,38,0.48,0.7741,742,0
SPY190726P298,2019-07-24,2019-07-24 09:36:33,0.49,0.7903,1521,0.48,0.7741,75,0.48,0.7741,38,0.485,0.7822,742,0
SPY190726P298,2019-07-24,2019-07-24 09:36:34,0.49,0.7903,334,0.48,0.7741,189,0.48,0.7741,38,0.485,0.7822,742,0
SPY190726P298,2019-07-24,2019-07-24 09:36:35,0.49,0.7903,594,0.48,0.7741,75,0.48,0.7741,38,0.485,0.7822,742,0
SPY190726P298,2019-07-24,2019-07-24 09:36:35,0.49,0.7903,854,0.48,0.7741,6,0.48,0.7741,38,0.485,0.7822,742,0
SPY190726P298,2019-07-24,2019-07-24 09:36:36,0.49,0.7903,1284,0.47,0.758,2383,0.48,0.7741,38,0.48,0.7741,742,0
SPY190726P298,2019-07-24,2019-07-24 09:36:36,0.49,0.7903,1463,0.47,0.758,2434,0.48,0.7741,38,0.48,0.7741,742,0
SPY190726P298,2019-07-24,2019-07-24 09:36:37,0.48,0.7741,850,0.47,0.758,188,0.48,0.7741,38,0.475,0.7661,742,0
SPY190726P298,2019-07-24,2019-07-24 09:36:38,0.48,0.7741,850,0.47,0.758,188,0.48,0.7741,38,0.475,0.7661,742,0
SPY190726P298,2019-07-24,2019-07-24 09:36:39,0.49,0.7903,1744,0.47,0.758,530,0.47,0.758,6,0.48,0.7741,748,0
SPY190726P298,2019-07-24,2019-07-24 09:36:39,0.48,0.7741,729,0.47,0.758,208,0.47,0.758,6,0.475,0.7661,748,6
SPY190726P298,2019-07-24,2019-07-24 09:36:40,0.48,0.7741,291,0.47,0.758,685,0.47,0.758,6,0.475,0.7661,748,0
SPY190726P298,2019-07-24,2019-07-24 09:36:40,0.48,0.7741,291,0.47,0.758,705,0.47,0.758,6,0.475,0.7661,748,0
SPY190726P298,2019-07-24,2019-07-24 09:36:41,0.48,0.7741,728,0.47,0.758,705,0.47,0.758,6,0.475,0.7661,748,0
SPY190726P298,2019-07-24,2019-07-24 09:36:42,0.48,0.7741,698,0.47,0.758,264,0.47,0.758,6,0.475,0.7661,748,0
SPY190726P298,2019-07-24,2019-07-24 09:36:43,0.48,0.7741,408,0.47,0.758,264,0.47,0.758,6,0.475,0.7661,748,0
SPY190726P298,2019-07-24,2019-07-24 09:36:43,0.48,0.7741,698,0.47,0.758,264,0.47,0.758,6,0.475,0.7661,748,0
SPY190726P298,2019-07-24,2019-07-24 09:36:44,0.47,0.758,5,0.46,0.7419,1984,0.47,0.758,6,0.465,0.75,748,0
SPY190726P298,2019-07-24,2019-07-24 09:36:44,0.48,0.7741,778,0.47,0.758,264,0.47,0.758,6,0.475,0.7661,748,0
SPY190726P298,2019-07-24,2019-07-24 09:36:45,0.47,0.758,5,0.46,0.7419,1101,0.47,0.758,6,0.465,0.75,748,0
SPY190726P298,2019-07-24,2019-07-24 09:36:45,0.47,0.758,10,0.46,0.7419,1724,0.47,0.758,6,0.465,0.75,748,0
SPY190726P298,2019-07-24,2019-07-24 09:36:46,0.47,0.758,5,0.46,0.7419,1219,0.47,0.758,6,0.465,0.75,748,0
SPY190726P298,2019-07-24,2019-07-24 09:36:46,0.47,0.758,5,0.46,0.7419,1972,0.47,0.758,6,0.465,0.75,748,0
SPY190726P298,2019-07-24,2019-07-24 09:36:47,0.47,0.758,175,0.46,0.7419,1219,0.47,0.758,6,0.465,0.75,748,0
SPY190726P298,2019-07-24,2019-07-24 09:36:48,0.47,0.758,159,0.46,0.7419,562,0.47,0.758,6,0.465,0.75,748,0
SPY190726P298,2019-07-24,2019-07-24 09:36:48,0.47,0.758,175,0.46,0.7419,992,0.47,0.758,6,0.465,0.75,748,0
SPY190726P298,2019-07-24,2019-07-24 09:36:49,0.47,0.758,646,0.46,0.7419,264,0.47,0.758,6,0.465,0.75,748,0
SPY190726P298,2019-07-24,2019-07-24 09:36:49,0.48,0.7741,1412,0.46,0.7419,918,0.47,0.758,6,0.47,0.758,748,0
SPY190726P298,2019-07-24,2019-07-24 09:36:50,0.48,0.7741,1630,0.46,0.7419,680,0.47,0.758,6,0.47,0.758,748,0
SPY190726P298,2019-07-24,2019-07-24 09:36:50,0.48,0.7741,2631,0.46,0.7419,742,0.47,0.758,6,0.47,0.758,748,0
SPY190726P298,2019-07-24,2019-07-24 09:36:51,0.48,0.7741,2439,0.46,0.7419,742,0.47,0.758,6,0.47,0.758,748,0
SPY190726P298,2019-07-24,2019-07-24 09:36:51,0.48,0.7741,1990,0.46,0.7419,742,0.47,0.758,6,0.47,0.758,748,0
SPY190726P298,2019-07-24,2019-07-24 09:36:52,0.47,0.758,10,0.46,0.7419,680,0.47,0.758,6,0.465,0.75,748,0
SPY190726P298,2019-07-24,2019-07-24 09:36:53,0.47,0.758,123,0.46,0.7419,810,0.47,0.758,6,0.465,0.75,748,0
SPY190726P298,2019-07-24,2019-07-24 09:36:53,0.47,0.758,123,0.46,0.7419,728,0.47,0.758,6,0.465,0.75,748,0
SPY190726P298,2019-07-24,2019-07-24 09:36:54,0.47,0.758,133,0.46,0.7419,1287,0.46,0.7419,11,0.465,0.75,798,50
SPY190726P298,2019-07-24,2019-07-24 09:36:54,0.48,0.7741,836,0.47,0.758,5,0.46,0.7419,11,0.475,0.7661,798,0
SPY190726P298,2019-07-24,2019-07-24 09:36:55,0.48,0.7741,1244,0.46,0.7419,1656,0.46,0.7419,11,0.47,0.758,798,0
SPY190726P298,2019-07-24,2019-07-24 09:36:56,0.48,0.7741,933,0.47,0.758,97,0.46,0.7419,11,0.475,0.7661,798,0
SPY190726P298,2019-07-24,2019-07-24 09:36:56,0.48,0.7741,1244,0.47,0.758,97,0.46,0.7419,11,0.475,0.7661,798,0
SPY190726P298,2019-07-24,2019-07-24 09:36:57,0.48,0.7741,983,0.47,0.758,189,0.46,0.7419,11,0.475,0.7661,798,0
SPY190726P298,2019-07-24,2019-07-24 09:36:57,0.48,0.7741,933,0.47,0.758,99,0.46,0.7419,11,0.475,0.7661,798,0
SPY190726P298,2019-07-24,2019-07-24 09:36:58,0.48,0.7741,954,0.46,0.7419,1656,0.46,0.7419,11,0.47,0.758,798,0
SPY190726P298,2019-07-24,2019-07-24 09:36:58,0.48,0.7741,954,0.46,0.7419,1356,0.46,0.7419,11,0.47,0.758,798,0
SPY190726P298,2019-07-24,2019-07-24 09:36:59,0.48,0.7741,432,0.47,0.758,176,0.46,0.7419,11,0.475,0.7661,798,0
SPY190726P298,2019-07-24,2019-07-24 09:37:00,0.48,0.7741,198,0.47,0.758,176,0.46,0.7419,11,0.475,0.7661,798,0
SPY190726P298,2019-07-24,2019-07-24 09:37:00,0.48,0.7741,221,0.47,0.758,270,0.46,0.7419,11,0.475,0.7661,798,0
SPY190726P298,2019-07-24,2019-07-24 09:37:01,0.48,0.7741,221,0.47,0.758,271,0.46,0.7419,11,0.475,0.7661,798,0
SPY190726P298,2019-07-24,2019-07-24 09:37:01,0.48,0.7741,280,0.47,0.758,270,0.46,0.7419,11,0.475,0.7661,798,0
SPY190726P298,2019-07-24,2019-07-24 09:37:02,0.48,0.7741,566,0.46,0.7419,988,0.46,0.7419,11,0.47,0.758,798,0
SPY190726P298,2019-07-24,2019-07-24 09:37:03,0.48,0.7741,642,0.47,0.758,5,0.48,0.7741,1,0.475,0.7661,804,1
SPY190726P298,2019-07-24,2019-07-24 09:37:03,0.48,0.7741,1322,0.46,0.7419,1239,0.48,0.7741,5,0.47,0.758,803,5
SPY190726P298,2019-07-24,2019-07-24 09:37:04,0.48,0.7741,842,0.47,0.758,8,0.48,0.7741,1,0.475,0.7661,804,0
SPY190726P298,2019-07-24,2019-07-24 09:37:04,0.48,0.7741,282,0.47,0.758,200,0.48,0.7741,1,0.475,0.7661,804,0
SPY190726P298,2019-07-24,2019-07-24 09:37:05,0.48,0.7741,20,0.47,0.758,75,0.48,0.7741,1,0.475,0.7661,804,0
SPY190726P298,2019-07-24,2019-07-24 09:37:05,0.48,0.7741,210,0.47,0.758,320,0.48,0.7741,1,0.475,0.7661,804,0
SPY190726P298,2019-07-24,2019-07-24 09:37:06,0.48,0.7741,199,0.47,0.758,270,0.48,0.7741,1,0.475,0.7661,804,0
SPY190726P298,2019-07-24,2019-07-24 09:37:07,0.48,0.7741,472,0.47,0.758,126,0.48,0.7741,1,0.475,0.7661,804,0
SPY190726P298,2019-07-24,2019-07-24 09:37:07,0.48,0.7741,479,0.47,0.758,126,0.48,0.7741,1,0.475,0.7661,804,0
SPY190726P298,2019-07-24,2019-07-24 09:37:08,0.48,0.7741,181,0.47,0.758,264,0.48,0.7741,1,0.475,0.7661,804,0
SPY190726P298,2019-07-24,2019-07-24 09:37:08,0.48,0.7741,251,0.47,0.758,226,0.48,0.7741,1,0.475,0.7661,804,0
SPY190726P298,2019-07-24,2019-07-24 09:37:09,0.48,0.7741,139,0.47,0.758,264,0.48,0.7741,1,0.475,0.7661,804,0
SPY190726P298,2019-07-24,2019-07-24 09:37:09,0.48,0.7741,176,0.47,0.758,264,0.48,0.7741,1,0.475,0.7661,804,0
SPY190726P298,2019-07-24,2019-07-24 09:37:10,0.48,0.7741,182,0.47,0.758,121,0.48,0.7741,1,0.475,0.7661,804,0
SPY190726P298,2019-07-24,2019-07-24 09:37:11,0.48,0.7741,182,0.47,0.758,121,0.48,0.7741,1,0.475,0.7661,804,0
SPY190726P298,2019-07-24,2019-07-24 09:37:11,0.48,0.7741,416,0.47,0.758,76,0.48,0.7741,1,0.475,0.7661,804,0
SPY190726P298,2019-07-24,2019-07-24 09:37:12,0.48,0.7741,1632,0.46,0.7419,2249,0.48,0.7741,1,0.47,0.758,804,0
SPY190726P298,2019-07-24,2019-07-24 09:37:12,0.48,0.7741,552,0.47,0.758,76,0.48,0.7741,1,0.475,0.7661,804,0
SPY190726P298,2019-07-24,2019-07-24 09:37:13,0.48,0.7741,1547,0.47,0.758,7,0.48,0.7741,1,0.475,0.7661,804,0
SPY190726P298,2019-07-24,2019-07-24 09:37:13,0.48,0.7741,1547,0.46,0.7419,2169,0.48,0.7741,1,0.47,0.758,804,0
SPY190726P298,2019-07-24,2019-07-24 09:37:14,0.48,0.7741,1520,0.46,0.7419,1764,0.48,0.7741,1,0.47,0.758,804,0
SPY190726P298,2019-07-24,2019-07-24 09:37:14,0.48,0.7741,1442,0.46,0.7419,2205,0.48,0.7741,1,0.47,0.758,804,0
SPY190726P298,2019-07-24,2019-07-24 09:37:15,0.48,0.7741,2809,0.46,0.7419,1910,0.48,0.7741,1,0.47,0.758,804,0
SPY190726P298,2019-07-24,2019-07-24 09:37:16,0.48,0.7741,1895,0.46,0.7419,944,0.48,0.7741,1,0.47,0.758,804,0
SPY190726P298,2019-07-24,2019-07-24 09:37:16,0.48,0.7741,2809,0.46,0.7419,405,0.48,0.7741,1,0.47,0.758,804,0
SPY190726P298,2019-07-24,2019-07-24 09:37:17,0.48,0.7741,1922,0.47,0.758,204,0.48,0.7741,1,0.475,0.7661,804,0
SPY190726P298,2019-07-24,2019-07-24 09:37:17,0.48,0.7741,1866,0.46,0.7419,2577,0.48,0.7741,1,0.47,0.758,804,0
SPY190726P298,2019-07-24,2019-07-24 09:37:18,0.48,0.7741,1192,0.47,0.758,206,0.48,0.7741,1,0.475,0.7661,804,0
SPY190726P298,2019-07-24,2019-07-24 09:37:18,0.48,0.7741,1240,0.47,0.758,686,0.48,0.7741,1,0.475,0.7661,804,0
SPY190726P298,2019-07-24,2019-07-24 09:37:19,0.48,0.7741,1289,0.47,0.758,205,0.48,0.7741,1,0.475,0.7661,804,0
SPY190726P298,2019-07-24,2019-07-24 09:37:20,0.48,0.7741,167,0.47,0.758,270,0.48,0.7741,1,0.475,0.7661,804,0
SPY190726P298,2019-07-24,2019-07-24 09:37:20,0.48,0.7741,173,0.47,0.758,146,0.48,0.7741,1,0.475,0.7661,804,0
SPY190726P298,2019-07-24,2019-07-24 09:37:21,0.48,0.7741,1,0.47,0.758,970,0.48,0.7741,1,0.475,0.7661,804,0
SPY190726P298,2019-07-24,2019-07-24 09:37:21,0.48,0.7741,1,0.47,0.758,1893,0.48,0.7741,1,0.475,0.7661,804,0
SPY190726P298,2019-07-24,2019-07-24 09:37:22,0.49,0.7903,636,0.47,0.758,2864,0.48,0.7741,1,0.48,0.7741,805,1
SPY190726P298,2019-07-24,2019-07-24 09:37:22,0.48,0.7741,1,0.47,0.758,2864,0.48,0.7741,1,0.475,0.7661,804,0
SPY190726P298,2019-07-24,2019-07-24 09:37:23,0.49,0.7903,687,0.47,0.758,2864,0.49,0.7903,1,0.48,0.7741,826,21
SPY190726P298,2019-07-24,2019-07-24 09:37:24,0.49,0.7903,892,0.47,0.758,2864,0.49,0.7903,1,0.48,0.7741,826,0
SPY190726P298,2019-07-24,2019-07-24 09:37:24,0.49,0.7903,892,0.48,0.7741,120,0.49,0.7903,1,0.485,0.7822,826,0
SPY190726P298,2019-07-24,2019-07-24 09:37:25,0.49,0.7903,1714,0.48,0.7741,120,0.49,0.7903,1,0.485,0.7822,826,0
SPY190726P298,2019-07-24,2019-07-24 09:37:25,0.49,0.7903,3076,0.48,0.7741,21,0.49,0.7903,1,0.485,0.7822,826,0
SPY190726P298,2019-07-24,2019-07-24 09:37:26,0.49,0.7903,3076,0.48,0.7741,68,0.49,0.7903,1,0.485,0.7822,826,0
SPY190726P298,2019-07-24,2019-07-24 09:37:26,0.49,0.7903,2965,0.48,0.7741,68,0.49,0.7903,1,0.485,0.7822,826,0
SPY190726P298,2019-07-24,2019-07-24 09:37:27,0.49,0.7903,2626,0.48,0.7741,68,0.49,0.7903,1,0.485,0.7822,826,0
SPY190726P298,2019-07-24,2019-07-24 09:37:27,0.49,0.7903,3015,0.48,0.7741,68,0.49,0.7903,1,0.485,0.7822,826,0
SPY190726P298,2019-07-24,2019-07-24 09:37:28,0.49,0.7903,2126,0.48,0.7741,68,0.49,0.7903,1,0.485,0.7822,826,0
SPY190726P298,2019-07-24,2019-07-24 09:37:29,0.49,0.7903,2552,0.48,0.7741,68,0.49,0.7903,1,0.485,0.7822,826,0
SPY190726P298,2019-07-24,2019-07-24 09:37:29,0.49,0.7903,2934,0.48,0.7741,68,0.49,0.7903,1,0.485,0.7822,826,0
SPY190726P298,2019-07-24,2019-07-24 09:37:30,0.49,0.7903,2779,0.48,0.7741,20,0.49,0.7903,1,0.485,0.7822,826,0
SPY190726P298,2019-07-24,2019-07-24 09:37:30,0.49,0.7903,3067,0.48,0.7741,20,0.49,0.7903,1,0.485,0.7822,826,0
SPY190726P298,2019-07-24,2019-07-24 09:37:31,0.49,0.7903,3413,0.48,0.7741,20,0.49,0.7903,1,0.485,0.7822,826,0
SPY190726P298,2019-07-24,2019-07-24 09:37:31,0.49,0.7903,3206,0.48,0.7741,20,0.49,0.7903,1,0.485,0.7822,826,0
SPY190726P298,2019-07-24,2019-07-24 09:37:32,0.49,0.7903,2376,0.48,0.7741,20,0.48,0.7741,12,0.485,0.7822,838,12
SPY190726P298,2019-07-24,2019-07-24 09:37:33,0.48,0.7741,423,0.47,0.758,104,0.48,0.7741,8,0.475,0.7661,846,8
SPY190726P298,2019-07-24,2019-07-24 09:37:33,0.49,0.7903,1699,0.48,0.7741,20,0.48,0.7741,12,0.485,0.7822,838,0
SPY190726P298,2019-07-24,2019-07-24 09:37:34,0.48,0.7741,235,0.47,0.758,654,0.48,0.7741,8,0.475,0.7661,846,0
SPY190726P298,2019-07-24,2019-07-24 09:37:34,0.48,0.7741,741,0.47,0.758,174,0.48,0.7741,8,0.475,0.7661,846,0
SPY190726P298,2019-07-24,2019-07-24 09:37:35,0.48,0.7741,119,0.47,0.758,1104,0.48,0.7741,8,0.475,0.7661,846,0
SPY190726P298,2019-07-24,2019-07-24 09:37:36,0.49,0.7903,1824,0.47,0.758,1444,0.48,0.7741,8,0.48,0.7741,846,0
SPY190726P298,2019-07-24,2019-07-24 09:37:36,0.49,0.7903,1824,0.48,0.7741,7,0.48,0.7741,8,0.485,0.7822,846,0
SPY190726P298,2019-07-24,2019-07-24 09:37:37,0.49,0.7903,1391,0.48,0.7741,101,0.48,0.7741,8,0.485,0.7822,846,0
SPY190726P298,2019-07-24,2019-07-24 09:37:37,0.49,0.7903,567,0.48,0.7741,101,0.48,0.7741,8,0.485,0.7822,846,0
SPY190726P298,2019-07-24,2019-07-24 09:37:38,0.49,0.7903,1191,0.48,0.7741,6,0.48,0.7741,8,0.485,0.7822,846,0
SPY190726P298,2019-07-24,2019-07-24 09:37:38,0.49,0.7903,389,0.48,0.7741,188,0.48,0.7741,8,0.485,0.7822,846,0
SPY190726P298,2019-07-24,2019-07-24 09:37:39,0.49,0.7903,1782,0.48,0.7741,1,0.48,0.7741,8,0.485,0.7822,846,0
SPY190726P298,2019-07-24,2019-07-24 09:37:40,0.49,0.7903,3219,0.48,0.7741,1,0.48,0.7741,8,0.485,0.7822,846,0
SPY190726P298,2019-07-24,2019-07-24 09:37:40,0.49,0.7903,2713,0.48,0.7741,1,0.48,0.7741,8,0.485,0.7822,846,0
SPY190726P298,2019-07-24,2019-07-24 09:37:41,0.49,0.7903,289,0.48,0.7741,299,0.48,0.7741,8,0.485,0.7822,846,0
SPY190726P298,2019-07-24,2019-07-24 09:37:41,0.49,0.7903,3219,0.48,0.7741,1,0.48,0.7741,8,0.485,0.7822,846,0
SPY190726P298,2019-07-24,2019-07-24 09:37:42,0.49,0.7903,329,0.48,0.7741,273,0.48,0.7741,8,0.485,0.7822,846,0
SPY190726P298,2019-07-24,2019-07-24 09:37:42,0.49,0.7903,289,0.48,0.7741,299,0.48,0.7741,8,0.485,0.7822,846,0
SPY190726P298,2019-07-24,2019-07-24 09:37:43,0.49,0.7903,329,0.48,0.7741,273,0.48,0.7741,8,0.485,0.7822,846,0
SPY190726P298,2019-07-24,2019-07-24 09:37:44,0.49,0.7903,935,0.48,0.7741,273,0.48,0.7741,8,0.485,0.7822,846,0
SPY190726P298,2019-07-24,2019-07-24 09:37:45,0.49,0.7903,1198,0.48,0.7741,273,0.48,0.7741,8,0.485,0.7822,846,0
SPY190726P298,2019-07-24,2019-07-24 09:37:45,0.49,0.7903,1210,0.48,0.7741,273,0.48,0.7741,8,0.485,0.7822,846,0
SPY190726P298,2019-07-24,2019-07-24 09:37:46,0.49,0.7903,1809,0.48,0.7741,273,0.48,0.7741,8,0.485,0.7822,846,0
SPY190726P298,2019-07-24,2019-07-24 09:37:46,0.49,0.7903,1302,0.48,0.7741,273,0.48,0.7741,8,0.485,0.7822,846,0
SPY190726P298,2019-07-24,2019-07-24 09:37:47,0.49,0.7903,1813,0.48,0.7741,1,0.49,0.7903,1,0.485,0.7822,847,1
SPY190726P298,2019-07-24,2019-07-24 09:37:47,0.49,0.7903,2164,0.48,0.7741,273,0.48,0.7741,8,0.485,0.7822,846,0
SPY190726P298,2019-07-24,2019-07-24 09:37:48,0.49,0.7903,2367,0.48,0.7741,1,0.49,0.7903,1,0.485,0.7822,847,0
SPY190726P298,2019-07-24,2019-07-24 09:37:48,0.49,0.7903,2915,0.48,0.7741,1,0.49,0.7903,1,0.485,0.7822,847,0
SPY190726P298,2019-07-24,2019-07-24 09:37:49,0.49,0.7903,2783,0.48,0.7741,1,0.49,0.7903,1,0.485,0.7822,847,0
SPY190726P298,2019-07-24,2019-07-24 09:37:49,0.48,0.7741,116,0.47,0.758,756,0.48,0.7741,1,0.475,0.7661,848,1
SPY190726P298,2019-07-24,2019-07-24 09:37:50,0.48,0.7741,116,0.47,0.758,726,0.48,0.7741,1,0.475,0.7661,848,0
SPY190726P298,2019-07-24,2019-07-24 09:37:51,0.48,0.7741,1369,0.47,0.758,140,0.48,0.7741,1,0.475,0.7661,848,0
SPY190726P298,2019-07-24,2019-07-24 09:37:51,0.48,0.7741,1369,0.47,0.758,128,0.48,0.7741,1,0.475,0.7661,848,0
SPY190726P298,2019-07-24,2019-07-24 09:37:52,0.48,0.7741,323,0.47,0.758,210,0.48,0.7741,1,0.475,0.7661,848,0
SPY190726P298,2019-07-24,2019-07-24 09:37:52,0.48,0.7741,577,0.47,0.758,128,0.48,0.7741,1,0.475,0.7661,848,0
SPY190726P298,2019-07-24,2019-07-24 09:37:53,0.48,0.7741,164,0.47,0.758,228,0.48,0.7741,1,0.475,0.7661,848,0
SPY190726P298,2019-07-24,2019-07-24 09:37:54,0.48,0.7741,496,0.47,0.758,138,0.48,0.7741,1,0.475,0.7661,848,0
SPY190726P298,2019-07-24,2019-07-24 09:37:55,0.48,0.7741,1505,0.47,0.758,138,0.48,0.7741,1,0.475,0.7661,848,0
SPY190726P298,2019-07-24,2019-07-24 09:37:55,0.48,0.7741,1743,0.47,0.758,95,0.48,0.7741,1,0.475,0.7661,848,0
SPY190726P298,2019-07-24,2019-07-24 09:37:56,0.48,0.7741,1824,0.46,0.7419,1667,0.48,0.7741,1,0.47,0.758,848,0
SPY190726P298,2019-07-24,2019-07-24 09:37:57,0.48,0.7741,2348,0.46,0.7419,1233,0.48,0.7741,1,0.47,0.758,848,0
SPY190726P298,2019-07-24,2019-07-24 09:37:57,0.48,0.7741,1766,0.46,0.7419,1036,0.48,0.7741,1,0.47,0.758,848,0
SPY190726P298,2019-07-24,2019-07-24 09:37:58,0.48,0.7741,1990,0.46,0.7419,656,0.48,0.7741,1,0.47,0.758,848,0
SPY190726P298,2019-07-24,2019-07-24 09:37:58,0.47,0.758,110,0.46,0.7419,145,0.48,0.7741,1,0.465,0.75,848,0
SPY190726P298,2019-07-24,2019-07-24 09:37:59,0.46,0.7419,49,0.45,0.7258,653,0.48,0.7741,1,0.455,0.7338,848,0
SPY190726P298,2019-07-24,2019-07-24 09:37:59,0.47,0.758,317,0.46,0.7419,84,0.48,0.7741,1,0.465,0.75,848,0
SPY190726P298,2019-07-24,2019-07-24 09:38:00,0.46,0.7419,105,0.45,0.7258,653,0.48,0.7741,1,0.455,0.7338,848,0
SPY190726P298,2019-07-24,2019-07-24 09:38:01,0.47,0.758,1369,0.46,0.7419,126,0.48,0.7741,1,0.465,0.75,848,0
SPY190726P298,2019-07-24,2019-07-24 09:38:01,0.47,0.758,747,0.45,0.7258,1253,0.48,0.7741,1,0.46,0.7419,848,0
SPY190726P298,2019-07-24,2019-07-24 09:38:02,0.47,0.758,1261,0.45,0.7258,2311,0.48,0.7741,1,0.46,0.7419,848,0
SPY190726P298,2019-07-24,2019-07-24 09:38:02,0.47,0.758,1261,0.46,0.7419,110,0.48,0.7741,1,0.465,0.75,848,0
SPY190726P298,2019-07-24,2019-07-24 09:38:03,0.47,0.758,488,0.46,0.7419,179,0.48,0.7741,1,0.465,0.75,848,0
SPY190726P298,2019-07-24,2019-07-24 09:38:03,0.47,0.758,488,0.46,0.7419,135,0.48,0.7741,1,0.465,0.75,848,0
SPY190726P298,2019-07-24,2019-07-24 09:38:04,0.47,0.758,488,0.46,0.7419,155,0.48,0.7741,1,0.465,0.75,848,0
SPY190726P298,2019-07-24,2019-07-24 09:38:05,0.47,0.758,674,0.46,0.7419,138,0.48,0.7741,1,0.465,0.75,848,0
SPY190726P298,2019-07-24,2019-07-24 09:38:05,0.47,0.758,674,0.46,0.7419,128,0.48,0.7741,1,0.465,0.75,848,0
SPY190726P298,2019-07-24,2019-07-24 09:38:06,0.47,0.758,674,0.46,0.7419,148,0.48,0.7741,1,0.465,0.75,848,0
SPY190726P298,2019-07-24,2019-07-24 09:38:07,0.48,0.7741,841,0.46,0.7419,554,0.48,0.7741,1,0.47,0.758,848,0
SPY190726P298,2019-07-24,2019-07-24 09:38:07,0.47,0.758,168,0.46,0.7419,148,0.48,0.7741,1,0.465,0.75,848,0
SPY190726P298,2019-07-24,2019-07-24 09:38:08,0.47,0.758,549,0.46,0.7419,145,0.48,0.7741,1,0.465,0.75,848,0
SPY190726P298,2019-07-24,2019-07-24 09:38:09,0.48,0.7741,840,0.46,0.7419,376,0.48,0.7741,1,0.47,0.758,848,0
SPY190726P298,2019-07-24,2019-07-24 09:38:09,0.48,0.7741,1245,0.46,0.7419,440,0.48,0.7741,1,0.47,0.758,848,0
SPY190726P298,2019-07-24,2019-07-24 09:38:10,0.47,0.758,139,0.46,0.7419,440,0.48,0.7741,1,0.465,0.75,848,0
SPY190726P298,2019-07-24,2019-07-24 09:38:10,0.47,0.758,203,0.46,0.7419,78,0.48,0.7741,1,0.465,0.75,848,0
SPY190726P298,2019-07-24,2019-07-24 09:38:11,0.47,0.758,103,0.46,0.7419,178,0.48,0.7741,1,0.465,0.75,848,0
SPY190726P298,2019-07-24,2019-07-24 09:38:11,0.48,0.7741,615,0.46,0.7419,178,0.48,0.7741,1,0.47,0.758,848,0
SPY190726P298,2019-07-24,2019-07-24 09:38:12,0.47,0.758,145,0.46,0.7419,175,0.48,0.7741,1,0.465,0.75,848,0
SPY190726P298,2019-07-24,2019-07-24 09:38:13,0.47,0.758,5,0.46,0.7419,528,0.48,0.7741,1,0.465,0.75,848,0
SPY190726P298,2019-07-24,2019-07-24 09:38:13,0.47,0.758,5,0.46,0.7419,164,0.48,0.7741,1,0.465,0.75,848,0
SPY190726P298,2019-07-24,2019-07-24 09:38:14,0.48,0.7741,1871,0.46,0.7419,1349,0.48,0.7741,1,0.47,0.758,848,0
SPY190726P298,2019-07-24,2019-07-24 09:38:14,0.48,0.7741,2063,0.46,0.7419,1791,0.48,0.7741,1,0.47,0.758,848,0
SPY190726P298,2019-07-24,2019-07-24 09:38:15,0.48,0.7741,2540,0.46,0.7419,1981,0.48,0.7741,1,0.47,0.758,848,0
SPY190726P298,2019-07-24,2019-07-24 09:38:16,0.48,0.7741,2170,0.46,0.7419,1981,0.48,0.7741,1,0.47,0.758,848,0
SPY190726P298,2019-07-24,2019-07-24 09:38:17,0.48,0.7741,2170,0.46,0.7419,1993,0.48,0.7741,1,0.47,0.758,848,0
SPY190726P298,2019-07-24,2019-07-24 09:38:17,0.48,0.7741,2152,0.46,0.7419,1993,0.46,0.7419,1,0.47,0.758,849,1
SPY190726P298,2019-07-24,2019-07-24 09:38:18,0.48,0.7741,1874,0.46,0.7419,2007,0.46,0.7419,1,0.47,0.758,849,0
SPY190726P298,2019-07-24,2019-07-24 09:38:18,0.48,0.7741,992,0.46,0.7419,1695,0.46,0.7419,1,0.47,0.758,849,0
SPY190726P298,2019-07-24,2019-07-24 09:38:19,0.47,0.758,15,0.46,0.7419,1413,0.46,0.7419,1,0.465,0.75,849,0
SPY190726P298,2019-07-24,2019-07-24 09:38:20,0.47,0.758,10,0.46,0.7419,1413,0.46,0.7419,1,0.465,0.75,849,0
SPY190726P298,2019-07-24,2019-07-24 09:38:20,0.47,0.758,15,0.46,0.7419,1413,0.46,0.7419,1,0.465,0.75,849,0
SPY190726P298,2019-07-24,2019-07-24 09:38:21,0.47,0.758,15,0.46,0.7419,1413,0.46,0.7419,1,0.465,0.75,849,0
SPY190726P298,2019-07-24,2019-07-24 09:38:22,0.47,0.758,20,0.46,0.7419,2675,0.46,0.7419,1,0.465,0.75,849,0
SPY190726P298,2019-07-24,2019-07-24 09:38:22,0.47,0.758,20,0.46,0.7419,1413,0.46,0.7419,1,0.465,0.75,849,0
SPY190726P298,2019-07-24,2019-07-24 09:38:23,0.47,0.758,20,0.46,0.7419,2675,0.46,0.7419,1,0.465,0.75,849,0
SPY190726P298,2019-07-24,2019-07-24 09:38:24,0.47,0.758,20,0.46,0.7419,2675,0.46,0.7419,1,0.465,0.75,849,0
SPY190726P298,2019-07-24,2019-07-24 09:38:25,0.47,0.758,20,0.46,0.7419,2675,0.46,0.7419,1,0.465,0.75,849,0
SPY190726P298,2019-07-24,2019-07-24 09:38:26,0.47,0.758,54,0.46,0.7419,2011,0.46,0.7419,1,0.465,0.75,849,0
SPY190726P298,2019-07-24,2019-07-24 09:38:26,0.47,0.758,20,0.46,0.7419,2149,0.46,0.7419,1,0.465,0.75,849,0
SPY190726P298,2019-07-24,2019-07-24 09:38:27,0.47,0.758,67,0.46,0.7419,2060,0.46,0.7419,1,0.465,0.75,849,0
SPY190726P298,2019-07-24,2019-07-24 09:38:27,0.47,0.758,20,0.46,0.7419,2093,0.46,0.7419,1,0.465,0.75,849,0
SPY190726P298,2019-07-24,2019-07-24 09:38:28,0.47,0.758,20,0.46,0.7419,2039,0.46,0.7419,1,0.465,0.75,849,0
SPY190726P298,2019-07-24,2019-07-24 09:38:29,0.47,0.758,20,0.46,0.7419,2454,0.46,0.7419,1,0.465,0.75,849,0
SPY190726P298,2019-07-24,2019-07-24 09:38:30,0.47,0.758,20,0.46,0.7419,2069,0.46,0.7419,1,0.465,0.75,849,0
SPY190726P298,2019-07-24,2019-07-24 09:38:30,0.47,0.758,20,0.46,0.7419,2050,0.46,0.7419,1,0.465,0.75,849,0
SPY190726P298,2019-07-24,2019-07-24 09:38:31,0.47,0.758,20,0.46,0.7419,2107,0.46,0.7419,1,0.465,0.75,849,0
SPY190726P298,2019-07-24,2019-07-24 09:38:31,0.47,0.758,20,0.46,0.7419,1911,0.46,0.7419,1,0.465,0.75,849,0
SPY190726P298,2019-07-24,2019-07-24 09:38:32,0.47,0.758,20,0.46,0.7419,2116,0.46,0.7419,1,0.465,0.75,849,0
SPY190726P298,2019-07-24,2019-07-24 09:38:33,0.47,0.758,20,0.46,0.7419,2067,0.46,0.7419,1,0.465,0.75,849,0
SPY190726P298,2019-07-24,2019-07-24 09:38:33,0.47,0.758,90,0.46,0.7419,2068,0.46,0.7419,1,0.465,0.75,849,0
SPY190726P298,2019-07-24,2019-07-24 09:38:34,0.47,0.758,407,0.46,0.7419,269,0.46,0.7419,1,0.465,0.75,849,0
SPY190726P298,2019-07-24,2019-07-24 09:38:34,0.47,0.758,90,0.46,0.7419,2068,0.46,0.7419,1,0.465,0.75,849,0
SPY190726P298,2019-07-24,2019-07-24 09:38:35,0.47,0.758,530,0.46,0.7419,269,0.46,0.7419,1,0.465,0.75,849,0
SPY190726P298,2019-07-24,2019-07-24 09:38:35,0.47,0.758,907,0.46,0.7419,269,0.46,0.7419,1,0.465,0.75,849,0
SPY190726P298,2019-07-24,2019-07-24 09:38:36,0.47,0.758,907,0.46,0.7419,269,0.46,0.7419,1,0.465,0.75,849,0
SPY190726P298,2019-07-24,2019-07-24 09:38:37,0.47,0.758,1398,0.46,0.7419,269,0.46,0.7419,1,0.465,0.75,849,0
SPY190726P298,2019-07-24,2019-07-24 09:38:38,0.47,0.758,1398,0.46,0.7419,269,0.46,0.7419,1,0.465,0.75,849,0
SPY190726P298,2019-07-24,2019-07-24 09:38:38,0.47,0.758,1398,0.46,0.7419,199,0.46,0.7419,1,0.465,0.75,849,0
SPY190726P298,2019-07-24,2019-07-24 09:38:39,0.47,0.758,969,0.46,0.7419,199,0.46,0.7419,1,0.465,0.75,849,0
SPY190726P298,2019-07-24,2019-07-24 09:38:40,0.47,0.758,1420,0.46,0.7419,199,0.46,0.7419,1,0.465,0.75,849,0
SPY190726P298,2019-07-24,2019-07-24 09:38:41,0.47,0.758,969,0.46,0.7419,199,0.46,0.7419,1,0.465,0.75,849,0
SPY190726P298,2019-07-24,2019-07-24 09:38:41,0.47,0.758,1027,0.46,0.7419,199,0.46,0.7419,1,0.465,0.75,849,0
SPY190726P298,2019-07-24,2019-07-24 09:38:42,0.47,0.758,2361,0.45,0.7258,2207,0.46,0.7419,1,0.46,0.7419,849,0
SPY190726P298,2019-07-24,2019-07-24 09:38:42,0.47,0.758,2002,0.45,0.7258,2132,0.46,0.7419,1,0.46,0.7419,849,0
SPY190726P298,2019-07-24,2019-07-24 09:38:43,0.46,0.7419,5,0.45,0.7258,2208,0.46,0.7419,1,0.455,0.7338,849,0
SPY190726P298,2019-07-24,2019-07-24 09:38:43,0.46,0.7419,5,0.45,0.7258,1218,0.46,0.7419,1,0.455,0.7338,849,0
SPY190726P298,2019-07-24,2019-07-24 09:38:44,0.46,0.7419,212,0.45,0.7258,1349,0.46,0.7419,1,0.455,0.7338,849,0
SPY190726P298,2019-07-24,2019-07-24 09:38:45,0.47,0.758,1135,0.45,0.7258,1754,0.46,0.7419,1,0.46,0.7419,849,0
SPY190726P298,2019-07-24,2019-07-24 09:38:45,0.46,0.7419,229,0.45,0.7258,1349,0.46,0.7419,1,0.455,0.7338,849,0
SPY190726P298,2019-07-24,2019-07-24 09:38:46,0.47,0.758,1759,0.45,0.7258,730,0.46,0.7419,1,0.46,0.7419,849,0
SPY190726P298,2019-07-24,2019-07-24 09:38:46,0.46,0.7419,200,0.45,0.7258,758,0.46,0.7419,1,0.455,0.7338,849,0
SPY190726P298,2019-07-24,2019-07-24 09:38:47,0.46,0.7419,341,0.45,0.7258,3,0.46,0.7419,1,0.455,0.7338,849,0
SPY190726P298,2019-07-24,2019-07-24 09:38:47,0.46,0.7419,221,0.45,0.7258,758,0.46,0.7419,1,0.455,0.7338,849,0
SPY190726P298,2019-07-24,2019-07-24 09:38:48,0.46,0.7419,241,0.45,0.7258,802,0.46,0.7419,1,0.455,0.7338,849,0
SPY190726P298,2019-07-24,2019-07-24 09:38:49,0.46,0.7419,305,0.45,0.7258,1151,0.46,0.7419,1,0.455,0.7338,849,0
SPY190726P298,2019-07-24,2019-07-24 09:38:49,0.46,0.7419,164,0.45,0.7258,1725,0.46,0.7419,1,0.455,0.7338,849,0
SPY190726P298,2019-07-24,2019-07-24 09:38:50,0.46,0.7419,1,0.45,0.7258,1048,0.46,0.7419,1,0.455,0.7338,849,0
SPY190726P298,2019-07-24,2019-07-24 09:38:50,0.46,0.7419,6,0.45,0.7258,1678,0.46,0.7419,1,0.455,0.7338,849,0
SPY190726P298,2019-07-24,2019-07-24 09:38:51,0.46,0.7419,6,0.45,0.7258,1141,0.46,0.7419,1,0.455,0.7338,849,0
SPY190726P298,2019-07-24,2019-07-24 09:38:51,0.46,0.7419,1,0.46,0.7419,349,0.46,0.7419,1,0.46,0.7419,850,1
SPY190726P298,2019-07-24,2019-07-24 09:38:52,0.46,0.7419,1,0.46,0.7419,349,0.46,0.7419,1,0.46,0.7419,850,0
SPY190726P298,2019-07-24,2019-07-24 09:38:53,0.47,0.758,324,0.46,0.7419,302,0.46,0.7419,1,0.465,0.75,850,0
SPY190726P298,2019-07-24,2019-07-24 09:38:53,0.47,0.758,493,0.46,0.7419,770,0.46,0.7419,1,0.465,0.75,850,0
SPY190726P298,2019-07-24,2019-07-24 09:38:54,0.47,0.758,844,0.46,0.7419,272,0.46,0.7419,1,0.465,0.75,850,0
SPY190726P298,2019-07-24,2019-07-24 09:38:54,0.47,0.758,834,0.46,0.7419,272,0.46,0.7419,1,0.465,0.75,850,0
SPY190726P298,2019-07-24,2019-07-24 09:38:55,0.47,0.758,1771,0.46,0.7419,199,0.46,0.7419,1,0.465,0.75,850,0
SPY190726P298,2019-07-24,2019-07-24 09:38:55,0.47,0.758,2649,0.45,0.7258,1431,0.46,0.7419,1,0.46,0.7419,850,0
SPY190726P298,2019-07-24,2019-07-24 09:38:56,0.47,0.758,1914,0.45,0.7258,1051,0.46,0.7419,1,0.46,0.7419,850,0
SPY190726P298,2019-07-24,2019-07-24 09:38:57,0.47,0.758,1591,0.45,0.7258,1883,0.46,0.7419,1,0.46,0.7419,850,0
SPY190726P298,2019-07-24,2019-07-24 09:38:57,0.47,0.758,1591,0.46,0.7419,203,0.46,0.7419,1,0.465,0.75,850,0
SPY190726P298,2019-07-24,2019-07-24 09:38:58,0.47,0.758,1523,0.45,0.7258,2141,0.46,0.7419,3,0.46,0.7419,858,8
SPY190726P298,2019-07-24,2019-07-24 09:38:58,0.47,0.758,1523,0.45,0.7258,2141,0.46,0.7419,3,0.46,0.7419,858,0
SPY190726P298,2019-07-24,2019-07-24 09:38:59,0.46,0.7419,100,0.45,0.7258,1180,0.46,0.7419,27,0.455,0.7338,890,32
SPY190726P298,2019-07-24,2019-07-24 09:38:59,0.46,0.7419,1111,0.45,0.7258,98,0.46,0.7419,27,0.455,0.7338,890,0
SPY190726P298,2019-07-24,2019-07-24 09:39:00,0.46,0.7419,460,0.45,0.7258,224,0.46,0.7419,27,0.455,0.7338,890,0
SPY190726P298,2019-07-24,2019-07-24 09:39:01,0.46,0.7419,483,0.45,0.7258,187,0.46,0.7419,27,0.455,0.7338,890,0
SPY190726P298,2019-07-24,2019-07-24 09:39:01,0.46,0.7419,483,0.45,0.7258,240,0.46,0.7419,27,0.455,0.7338,890,0
SPY190726P298,2019-07-24,2019-07-24 09:39:02,0.46,0.7419,987,0.45,0.7258,184,0.46,0.7419,27,0.455,0.7338,890,0
SPY190726P298,2019-07-24,2019-07-24 09:39:03,0.46,0.7419,550,0.45,0.7258,246,0.46,0.7419,27,0.455,0.7338,890,0
SPY190726P298,2019-07-24,2019-07-24 09:39:03,0.46,0.7419,461,0.45,0.7258,348,0.46,0.7419,27,0.455,0.7338,890,0
SPY190726P298,2019-07-24,2019-07-24 09:39:04,0.46,0.7419,291,0.45,0.7258,836,0.46,0.7419,27,0.455,0.7338,890,0
SPY190726P298,2019-07-24,2019-07-24 09:39:05,0.46,0.7419,291,0.45,0.7258,762,0.46,0.7419,27,0.455,0.7338,890,0
SPY190726P298,2019-07-24,2019-07-24 09:39:05,0.46,0.7419,320,0.45,0.7258,283,0.46,0.7419,27,0.455,0.7338,890,0
SPY190726P298,2019-07-24,2019-07-24 09:39:06,0.46,0.7419,227,0.45,0.7258,852,0.46,0.7419,27,0.455,0.7338,890,0
SPY190726P298,2019-07-24,2019-07-24 09:39:06,0.46,0.7419,275,0.45,0.7258,364,0.46,0.7419,27,0.455,0.7338,890,0
SPY190726P298,2019-07-24,2019-07-24 09:39:07,0.46,0.7419,238,0.45,0.7258,819,0.46,0.7419,27,0.455,0.7338,890,0
SPY190726P298,2019-07-24,2019-07-24 09:39:07,0.46,0.7419,227,0.45,0.7258,816,0.46,0.7419,27,0.455,0.7338,890,0
SPY190726P298,2019-07-24,2019-07-24 09:39:08,0.46,0.7419,409,0.45,0.7258,136,0.46,0.7419,50,0.455,0.7338,940,50
SPY190726P298,2019-07-24,2019-07-24 09:39:09,0.46,0.7419,409,0.45,0.7258,136,0.46,0.7419,50,0.455,0.7338,940,0
SPY190726P298,2019-07-24,2019-07-24 09:39:09,0.46,0.7419,294,0.45,0.7258,894,0.46,0.7419,50,0.455,0.7338,940,0
SPY190726P298,2019-07-24,2019-07-24 09:39:10,0.46,0.7419,938,0.45,0.7258,291,0.46,0.7419,50,0.455,0.7338,940,0
SPY190726P298,2019-07-24,2019-07-24 09:39:11,0.46,0.7419,906,0.45,0.7258,211,0.46,0.7419,50,0.455,0.7338,940,0
SPY190726P298,2019-07-24,2019-07-24 09:39:11,0.46,0.7419,906,0.45,0.7258,294,0.46,0.7419,50,0.455,0.7338,940,0
SPY190726P298,2019-07-24,2019-07-24 09:39:12,0.46,0.7419,906,0.45,0.7258,294,0.46,0.7419,50,0.455,0.7338,940,0
SPY190726P298,2019-07-24,2019-07-24 09:39:12,0.46,0.7419,463,0.45,0.7258,321,0.46,0.7419,50,0.455,0.7338,940,0
SPY190726P298,2019-07-24,2019-07-24 09:39:13,0.46,0.7419,463,0.45,0.7258,321,0.46,0.7419,50,0.455,0.7338,940,0
SPY190726P298,2019-07-24,2019-07-24 09:39:14,0.46,0.7419,417,0.45,0.7258,214,0.46,0.7419,50,0.455,0.7338,940,0
SPY190726P298,2019-07-24,2019-07-24 09:39:14,0.46,0.7419,1160,0.45,0.7258,214,0.46,0.7419,50,0.455,0.7338,940,0
SPY190726P298,2019-07-24,2019-07-24 09:39:15,0.46,0.7419,417,0.45,0.7258,295,0.46,0.7419,50,0.455,0.7338,940,0
SPY190726P298,2019-07-24,2019-07-24 09:39:15,0.46,0.7419,839,0.45,0.7258,434,0.46,0.7419,50,0.455,0.7338,940,0
SPY190726P298,2019-07-24,2019-07-24 09:39:16,0.46,0.7419,315,0.45,0.7258,1141,0.46,0.7419,50,0.455,0.7338,940,0
SPY190726P298,2019-07-24,2019-07-24 09:39:16,0.46,0.7419,417,0.45,0.7258,466,0.46,0.7419,50,0.455,0.7338,940,0
SPY190726P298,2019-07-24,2019-07-24 09:39:17,0.46,0.7419,140,0.45,0.7258,1729,0.46,0.7419,50,0.455,0.7338,940,0
SPY190726P298,2019-07-24,2019-07-24 09:39:17,0.46,0.7419,140,0.45,0.7258,1149,0.46,0.7419,50,0.455,0.7338,940,0
SPY190726P298,2019-07-24,2019-07-24 09:39:18,0.46,0.7419,129,0.45,0.7258,1732,0.46,0.7419,50,0.455,0.7338,940,0
SPY190726P298,2019-07-24,2019-07-24 09:39:19,0.47,0.758,1314,0.46,0.7419,6,0.46,0.7419,50,0.465,0.75,940,0
