symbol,Date,quote_time,ask_price,norm_ask_price,ask_size,bid_price,norm_bid_price,bid_size,last_trade_price,norm_last_trade_price,last_trade_size,mark_price,norm_mark_price,volume,Volume
SPY190712P295,2019-07-10,2019-07-10 00:45:15,0.51,1.0,2,0.49,0.9607,559,0.53,1.0392,25,0.5,0.9803,0,0
SPY190712P295,2019-07-10,2019-07-10 00:45:21,0.51,1.0,2,0.49,0.9607,559,0.53,1.0392,25,0.5,0.9803,0,0
SPY190712P295,2019-07-10,2019-07-10 00:45:22,0.51,1.0,2,0.49,0.9607,559,0.53,1.0392,25,0.5,0.9803,0,0
SPY190712P295,2019-07-10,2019-07-10 00:45:23,0.51,1.0,2,0.49,0.9607,559,0.53,1.0392,25,0.5,0.9803,0,0
SPY190712P295,2019-07-10,2019-07-10 00:45:25,0.51,1.0,2,0.49,0.9607,559,0.53,1.0392,25,0.5,0.9803,0,0
SPY190712P295,2019-07-10,2019-07-10 00:45:27,0.51,1.0,2,0.49,0.9607,559,0.53,1.0392,25,0.5,0.9803,0,0
SPY190712P295,2019-07-10,2019-07-10 00:45:28,0.51,1.0,2,0.49,0.9607,559,0.53,1.0392,25,0.5,0.9803,0,0
SPY190712P295,2019-07-10,2019-07-10 00:45:30,0.51,1.0,2,0.49,0.9607,559,0.53,1.0392,25,0.5,0.9803,0,0
SPY190712P295,2019-07-10,2019-07-10 00:45:31,0.51,1.0,2,0.49,0.9607,559,0.53,1.0392,25,0.5,0.9803,0,0
SPY190712P295,2019-07-10,2019-07-10 00:45:33,0.51,1.0,2,0.49,0.9607,559,0.53,1.0392,25,0.5,0.9803,0,0
SPY190712P295,2019-07-10,2019-07-10 00:45:35,0.51,1.0,2,0.49,0.9607,559,0.53,1.0392,25,0.5,0.9803,0,0
SPY190712P295,2019-07-10,2019-07-10 00:45:38,0.51,1.0,2,0.49,0.9607,559,0.53,1.0392,25,0.5,0.9803,0,0
SPY190712P295,2019-07-10,2019-07-10 00:45:40,0.51,1.0,2,0.49,0.9607,559,0.53,1.0392,25,0.5,0.9803,0,0
SPY190712P295,2019-07-10,2019-07-10 00:45:43,0.51,1.0,2,0.49,0.9607,559,0.53,1.0392,25,0.5,0.9803,0,0
SPY190712P295,2019-07-10,2019-07-10 00:45:46,0.51,1.0,2,0.49,0.9607,559,0.53,1.0392,25,0.5,0.9803,0,0
SPY190712P295,2019-07-10,2019-07-10 00:45:48,0.51,1.0,2,0.49,0.9607,559,0.53,1.0392,25,0.5,0.9803,0,0
SPY190712P295,2019-07-10,2019-07-10 00:45:50,0.51,1.0,2,0.49,0.9607,559,0.53,1.0392,25,0.5,0.9803,0,0
SPY190712P295,2019-07-10,2019-07-10 00:45:54,0.51,1.0,2,0.49,0.9607,559,0.53,1.0392,25,0.5,0.9803,0,0
SPY190712P295,2019-07-10,2019-07-10 00:45:57,0.51,1.0,2,0.49,0.9607,559,0.53,1.0392,25,0.5,0.9803,0,0
SPY190712P295,2019-07-10,2019-07-10 00:46:00,0.51,1.0,2,0.49,0.9607,559,0.53,1.0392,25,0.5,0.9803,0,0
SPY190712P295,2019-07-10,2019-07-10 00:46:02,0.51,1.0,2,0.49,0.9607,559,0.53,1.0392,25,0.5,0.9803,0,0
SPY190712P295,2019-07-10,2019-07-10 00:46:04,0.51,1.0,2,0.49,0.9607,559,0.53,1.0392,25,0.5,0.9803,0,0
SPY190712P295,2019-07-10,2019-07-10 00:46:06,0.51,1.0,2,0.49,0.9607,559,0.53,1.0392,25,0.5,0.9803,0,0
SPY190712P295,2019-07-10,2019-07-10 00:46:10,0.51,1.0,2,0.49,0.9607,559,0.53,1.0392,25,0.5,0.9803,0,0
SPY190712P295,2019-07-10,2019-07-10 00:46:13,0.51,1.0,2,0.49,0.9607,559,0.53,1.0392,25,0.5,0.9803,0,0
SPY190712P295,2019-07-10,2019-07-10 00:46:16,0.51,1.0,2,0.49,0.9607,559,0.53,1.0392,25,0.5,0.9803,0,0
SPY190712P295,2019-07-10,2019-07-10 00:46:20,0.51,1.0,2,0.49,0.9607,559,0.53,1.0392,25,0.5,0.9803,0,0
SPY190712P295,2019-07-10,2019-07-10 00:46:22,0.51,1.0,2,0.49,0.9607,559,0.53,1.0392,25,0.5,0.9803,0,0
SPY190712P295,2019-07-10,2019-07-10 00:46:25,0.51,1.0,2,0.49,0.9607,559,0.53,1.0392,25,0.5,0.9803,0,0
SPY190712P295,2019-07-10,2019-07-10 00:46:28,0.51,1.0,2,0.49,0.9607,559,0.53,1.0392,25,0.5,0.9803,0,0
SPY190712P295,2019-07-10,2019-07-10 00:46:32,0.51,1.0,2,0.49,0.9607,559,0.53,1.0392,25,0.5,0.9803,0,0
SPY190712P295,2019-07-10,2019-07-10 00:46:35,0.51,1.0,2,0.49,0.9607,559,0.53,1.0392,25,0.5,0.9803,0,0
SPY190712P295,2019-07-10,2019-07-10 00:46:39,0.51,1.0,2,0.49,0.9607,559,0.53,1.0392,25,0.5,0.9803,0,0
SPY190712P295,2019-07-10,2019-07-10 00:46:42,0.51,1.0,2,0.49,0.9607,559,0.53,1.0392,25,0.5,0.9803,0,0
SPY190712P295,2019-07-10,2019-07-10 00:46:44,0.51,1.0,2,0.49,0.9607,559,0.53,1.0392,25,0.5,0.9803,0,0
SPY190712P295,2019-07-10,2019-07-10 00:46:47,0.51,1.0,2,0.49,0.9607,559,0.53,1.0392,25,0.5,0.9803,0,0
SPY190712P295,2019-07-10,2019-07-10 00:46:50,0.51,1.0,2,0.49,0.9607,559,0.53,1.0392,25,0.5,0.9803,0,0
SPY190712P295,2019-07-10,2019-07-10 00:46:53,0.51,1.0,2,0.49,0.9607,559,0.53,1.0392,25,0.5,0.9803,0,0
SPY190712P295,2019-07-10,2019-07-10 00:46:56,0.51,1.0,2,0.49,0.9607,559,0.53,1.0392,25,0.5,0.9803,0,0
SPY190712P295,2019-07-10,2019-07-10 00:46:59,0.51,1.0,2,0.49,0.9607,559,0.53,1.0392,25,0.5,0.9803,0,0
SPY190712P295,2019-07-10,2019-07-10 00:47:01,0.51,1.0,2,0.49,0.9607,559,0.53,1.0392,25,0.5,0.9803,0,0
SPY190712P295,2019-07-10,2019-07-10 00:47:05,0.51,1.0,2,0.49,0.9607,559,0.53,1.0392,25,0.5,0.9803,0,0
SPY190712P295,2019-07-10,2019-07-10 00:47:08,0.51,1.0,2,0.49,0.9607,559,0.53,1.0392,25,0.5,0.9803,0,0
SPY190712P295,2019-07-10,2019-07-10 00:47:11,0.51,1.0,2,0.49,0.9607,559,0.53,1.0392,25,0.5,0.9803,0,0
SPY190712P295,2019-07-10,2019-07-10 00:47:14,0.51,1.0,2,0.49,0.9607,559,0.53,1.0392,25,0.5,0.9803,0,0
SPY190712P295,2019-07-10,2019-07-10 00:47:17,0.51,1.0,2,0.49,0.9607,559,0.53,1.0392,25,0.5,0.9803,0,0
SPY190712P295,2019-07-10,2019-07-10 00:47:19,0.51,1.0,2,0.49,0.9607,559,0.53,1.0392,25,0.5,0.9803,0,0
SPY190712P295,2019-07-10,2019-07-10 00:47:22,0.51,1.0,2,0.49,0.9607,559,0.53,1.0392,25,0.5,0.9803,0,0
SPY190712P295,2019-07-10,2019-07-10 00:47:25,0.51,1.0,2,0.49,0.9607,559,0.53,1.0392,25,0.5,0.9803,0,0
SPY190712P295,2019-07-10,2019-07-10 00:47:29,0.51,1.0,2,0.49,0.9607,559,0.53,1.0392,25,0.5,0.9803,0,0
SPY190712P295,2019-07-10,2019-07-10 00:47:32,0.51,1.0,2,0.49,0.9607,559,0.53,1.0392,25,0.5,0.9803,0,0
SPY190712P295,2019-07-10,2019-07-10 00:47:35,0.51,1.0,2,0.49,0.9607,559,0.53,1.0392,25,0.5,0.9803,0,0
SPY190712P295,2019-07-10,2019-07-10 00:47:39,0.51,1.0,2,0.49,0.9607,559,0.53,1.0392,25,0.5,0.9803,0,0
SPY190712P295,2019-07-10,2019-07-10 00:47:41,0.51,1.0,2,0.49,0.9607,559,0.53,1.0392,25,0.5,0.9803,0,0
SPY190712P295,2019-07-10,2019-07-10 00:47:44,0.51,1.0,2,0.49,0.9607,559,0.53,1.0392,25,0.5,0.9803,0,0
SPY190712P295,2019-07-10,2019-07-10 00:47:47,0.51,1.0,2,0.49,0.9607,559,0.53,1.0392,25,0.5,0.9803,0,0
SPY190712P295,2019-07-10,2019-07-10 00:47:50,0.51,1.0,2,0.49,0.9607,559,0.53,1.0392,25,0.5,0.9803,0,0
SPY190712P295,2019-07-10,2019-07-10 00:47:53,0.51,1.0,2,0.49,0.9607,559,0.53,1.0392,25,0.5,0.9803,0,0
SPY190712P295,2019-07-10,2019-07-10 00:47:57,0.51,1.0,2,0.49,0.9607,559,0.53,1.0392,25,0.5,0.9803,0,0
SPY190712P295,2019-07-10,2019-07-10 00:47:59,0.51,1.0,2,0.49,0.9607,559,0.53,1.0392,25,0.5,0.9803,0,0
SPY190712P295,2019-07-10,2019-07-10 00:48:02,0.51,1.0,2,0.49,0.9607,559,0.53,1.0392,25,0.5,0.9803,0,0
SPY190712P295,2019-07-10,2019-07-10 00:48:05,0.51,1.0,2,0.49,0.9607,559,0.53,1.0392,25,0.5,0.9803,0,0
SPY190712P295,2019-07-10,2019-07-10 00:48:09,0.51,1.0,2,0.49,0.9607,559,0.53,1.0392,25,0.5,0.9803,0,0
SPY190712P295,2019-07-10,2019-07-10 00:48:12,0.51,1.0,2,0.49,0.9607,559,0.53,1.0392,25,0.5,0.9803,0,0
SPY190712P295,2019-07-10,2019-07-10 00:48:14,0.51,1.0,2,0.49,0.9607,559,0.53,1.0392,25,0.5,0.9803,0,0
SPY190712P295,2019-07-10,2019-07-10 00:48:17,0.51,1.0,2,0.49,0.9607,559,0.53,1.0392,25,0.5,0.9803,0,0
SPY190712P295,2019-07-10,2019-07-10 00:48:20,0.51,1.0,2,0.49,0.9607,559,0.53,1.0392,25,0.5,0.9803,0,0
SPY190712P295,2019-07-10,2019-07-10 00:48:24,0.51,1.0,2,0.49,0.9607,559,0.53,1.0392,25,0.5,0.9803,0,0
SPY190712P295,2019-07-10,2019-07-10 00:48:28,0.51,1.0,2,0.49,0.9607,559,0.53,1.0392,25,0.5,0.9803,0,0
SPY190712P295,2019-07-10,2019-07-10 00:48:29,0.51,1.0,2,0.49,0.9607,559,0.53,1.0392,25,0.5,0.9803,0,0
SPY190712P295,2019-07-10,2019-07-10 00:48:34,0.51,1.0,2,0.49,0.9607,559,0.53,1.0392,25,0.5,0.9803,0,0
SPY190712P295,2019-07-10,2019-07-10 00:48:39,0.51,1.0,2,0.49,0.9607,559,0.53,1.0392,25,0.5,0.9803,0,0
SPY190712P295,2019-07-10,2019-07-10 00:48:43,0.51,1.0,2,0.49,0.9607,559,0.53,1.0392,25,0.5,0.9803,0,0
SPY190712P295,2019-07-10,2019-07-10 00:48:48,0.51,1.0,2,0.49,0.9607,559,0.53,1.0392,25,0.5,0.9803,0,0
SPY190712P295,2019-07-10,2019-07-10 00:48:53,0.51,1.0,2,0.49,0.9607,559,0.53,1.0392,25,0.5,0.9803,0,0
SPY190712P295,2019-07-10,2019-07-10 00:48:58,0.51,1.0,2,0.49,0.9607,559,0.53,1.0392,25,0.5,0.9803,0,0
SPY190712P295,2019-07-10,2019-07-10 00:49:01,0.51,1.0,2,0.49,0.9607,559,0.53,1.0392,25,0.5,0.9803,0,0
SPY190712P295,2019-07-10,2019-07-10 00:49:02,0.51,1.0,2,0.49,0.9607,559,0.53,1.0392,25,0.5,0.9803,0,0
SPY190712P295,2019-07-10,2019-07-10 00:49:08,0.51,1.0,2,0.49,0.9607,559,0.53,1.0392,25,0.5,0.9803,0,0
SPY190712P295,2019-07-10,2019-07-10 00:49:13,0.51,1.0,2,0.49,0.9607,559,0.53,1.0392,25,0.5,0.9803,0,0
SPY190712P295,2019-07-10,2019-07-10 00:49:18,0.51,1.0,2,0.49,0.9607,559,0.53,1.0392,25,0.5,0.9803,0,0
SPY190712P295,2019-07-10,2019-07-10 00:49:23,0.51,1.0,2,0.49,0.9607,559,0.53,1.0392,25,0.5,0.9803,0,0
SPY190712P295,2019-07-10,2019-07-10 00:49:29,0.51,1.0,2,0.49,0.9607,559,0.53,1.0392,25,0.5,0.9803,0,0
SPY190712P295,2019-07-10,2019-07-10 00:49:36,0.51,1.0,2,0.49,0.9607,559,0.53,1.0392,25,0.5,0.9803,0,0
SPY190712P295,2019-07-10,2019-07-10 00:49:37,0.51,1.0,2,0.49,0.9607,559,0.53,1.0392,25,0.5,0.9803,0,0
SPY190712P295,2019-07-10,2019-07-10 00:49:43,0.51,1.0,2,0.49,0.9607,559,0.53,1.0392,25,0.5,0.9803,0,0
SPY190712P295,2019-07-10,2019-07-10 00:49:49,0.51,1.0,2,0.49,0.9607,559,0.53,1.0392,25,0.5,0.9803,0,0
SPY190712P295,2019-07-10,2019-07-10 00:49:56,0.51,1.0,2,0.49,0.9607,559,0.53,1.0392,25,0.5,0.9803,0,0
SPY190712P295,2019-07-10,2019-07-10 00:50:03,0.51,1.0,2,0.49,0.9607,559,0.53,1.0392,25,0.5,0.9803,0,0
SPY190712P295,2019-07-10,2019-07-10 00:50:09,0.51,1.0,2,0.49,0.9607,559,0.53,1.0392,25,0.5,0.9803,0,0
SPY190712P295,2019-07-10,2019-07-10 00:50:13,0.51,1.0,2,0.49,0.9607,559,0.53,1.0392,25,0.5,0.9803,0,0
SPY190712P295,2019-07-10,2019-07-10 00:50:20,0.51,1.0,2,0.49,0.9607,559,0.53,1.0392,25,0.5,0.9803,0,0
SPY190712P295,2019-07-10,2019-07-10 00:50:26,0.51,1.0,2,0.49,0.9607,559,0.53,1.0392,25,0.5,0.9803,0,0
SPY190712P295,2019-07-10,2019-07-10 00:50:32,0.51,1.0,2,0.49,0.9607,559,0.53,1.0392,25,0.5,0.9803,0,0
SPY190712P295,2019-07-10,2019-07-10 00:50:43,0.51,1.0,2,0.49,0.9607,559,0.53,1.0392,25,0.5,0.9803,0,0
SPY190712P295,2019-07-10,2019-07-10 00:50:49,0.51,1.0,2,0.49,0.9607,559,0.53,1.0392,25,0.5,0.9803,0,0
SPY190712P295,2019-07-10,2019-07-10 00:50:50,0.51,1.0,2,0.49,0.9607,559,0.53,1.0392,25,0.5,0.9803,0,0
SPY190712P295,2019-07-10,2019-07-10 00:51:02,0.51,1.0,2,0.49,0.9607,559,0.53,1.0392,25,0.5,0.9803,0,0
SPY190712P295,2019-07-10,2019-07-10 00:51:06,0.51,1.0,2,0.49,0.9607,559,0.53,1.0392,25,0.5,0.9803,0,0
SPY190712P295,2019-07-10,2019-07-10 00:51:10,0.51,1.0,2,0.49,0.9607,559,0.53,1.0392,25,0.5,0.9803,0,0
SPY190712P295,2019-07-10,2019-07-10 00:51:13,0.51,1.0,2,0.49,0.9607,559,0.53,1.0392,25,0.5,0.9803,0,0
SPY190712P295,2019-07-10,2019-07-10 00:51:16,0.51,1.0,2,0.49,0.9607,559,0.53,1.0392,25,0.5,0.9803,0,0
SPY190712P295,2019-07-10,2019-07-10 00:51:17,0.51,1.0,2,0.49,0.9607,559,0.53,1.0392,25,0.5,0.9803,0,0
SPY190712P295,2019-07-10,2019-07-10 00:51:19,0.51,1.0,2,0.49,0.9607,559,0.53,1.0392,25,0.5,0.9803,0,0
SPY190712P295,2019-07-10,2019-07-10 00:51:22,0.51,1.0,2,0.49,0.9607,559,0.53,1.0392,25,0.5,0.9803,0,0
SPY190712P295,2019-07-10,2019-07-10 00:51:25,0.51,1.0,2,0.49,0.9607,559,0.53,1.0392,25,0.5,0.9803,0,0
SPY190712P295,2019-07-10,2019-07-10 00:51:28,0.51,1.0,2,0.49,0.9607,559,0.53,1.0392,25,0.5,0.9803,0,0
SPY190712P295,2019-07-10,2019-07-10 00:51:31,0.51,1.0,2,0.49,0.9607,559,0.53,1.0392,25,0.5,0.9803,0,0
SPY190712P295,2019-07-10,2019-07-10 00:51:34,0.51,1.0,2,0.49,0.9607,559,0.53,1.0392,25,0.5,0.9803,0,0
SPY190712P295,2019-07-10,2019-07-10 00:51:36,0.51,1.0,2,0.49,0.9607,559,0.53,1.0392,25,0.5,0.9803,0,0
SPY190712P295,2019-07-10,2019-07-10 00:51:40,0.51,1.0,2,0.49,0.9607,559,0.53,1.0392,25,0.5,0.9803,0,0
SPY190712P295,2019-07-10,2019-07-10 00:51:43,0.51,1.0,2,0.49,0.9607,559,0.53,1.0392,25,0.5,0.9803,0,0
SPY190712P295,2019-07-10,2019-07-10 00:51:47,0.51,1.0,2,0.49,0.9607,559,0.53,1.0392,25,0.5,0.9803,0,0
SPY190712P295,2019-07-10,2019-07-10 00:51:51,0.51,1.0,2,0.49,0.9607,559,0.53,1.0392,25,0.5,0.9803,0,0
SPY190712P295,2019-07-10,2019-07-10 00:51:52,0.51,1.0,2,0.49,0.9607,559,0.53,1.0392,25,0.5,0.9803,0,0
SPY190712P295,2019-07-10,2019-07-10 00:51:57,0.51,1.0,2,0.49,0.9607,559,0.53,1.0392,25,0.5,0.9803,0,0
SPY190712P295,2019-07-10,2019-07-10 00:52:03,0.51,1.0,2,0.49,0.9607,559,0.53,1.0392,25,0.5,0.9803,0,0
SPY190712P295,2019-07-10,2019-07-10 00:52:06,0.51,1.0,2,0.49,0.9607,559,0.53,1.0392,25,0.5,0.9803,0,0
SPY190712P295,2019-07-10,2019-07-10 00:52:10,0.51,1.0,2,0.49,0.9607,559,0.53,1.0392,25,0.5,0.9803,0,0
SPY190712P295,2019-07-10,2019-07-10 00:52:15,0.51,1.0,2,0.49,0.9607,559,0.53,1.0392,25,0.5,0.9803,0,0
SPY190712P295,2019-07-10,2019-07-10 00:52:19,0.51,1.0,2,0.49,0.9607,559,0.53,1.0392,25,0.5,0.9803,0,0
SPY190712P295,2019-07-10,2019-07-10 00:52:22,0.51,1.0,2,0.49,0.9607,559,0.53,1.0392,25,0.5,0.9803,0,0
SPY190712P295,2019-07-10,2019-07-10 00:52:26,0.51,1.0,2,0.49,0.9607,559,0.53,1.0392,25,0.5,0.9803,0,0
SPY190712P295,2019-07-10,2019-07-10 00:52:32,0.51,1.0,2,0.49,0.9607,559,0.53,1.0392,25,0.5,0.9803,0,0
SPY190712P295,2019-07-10,2019-07-10 00:52:35,0.51,1.0,2,0.49,0.9607,559,0.53,1.0392,25,0.5,0.9803,0,0
SPY190712P295,2019-07-10,2019-07-10 00:52:38,0.51,1.0,2,0.49,0.9607,559,0.53,1.0392,25,0.5,0.9803,0,0
SPY190712P295,2019-07-10,2019-07-10 00:52:42,0.51,1.0,2,0.49,0.9607,559,0.53,1.0392,25,0.5,0.9803,0,0
SPY190712P295,2019-07-10,2019-07-10 00:52:45,0.51,1.0,2,0.49,0.9607,559,0.53,1.0392,25,0.5,0.9803,0,0
SPY190712P295,2019-07-10,2019-07-10 00:52:49,0.51,1.0,2,0.49,0.9607,559,0.53,1.0392,25,0.5,0.9803,0,0
SPY190712P295,2019-07-10,2019-07-10 00:52:51,0.51,1.0,2,0.49,0.9607,559,0.53,1.0392,25,0.5,0.9803,0,0
SPY190712P295,2019-07-10,2019-07-10 00:53:00,0.51,1.0,2,0.49,0.9607,559,0.53,1.0392,25,0.5,0.9803,0,0
SPY190712P295,2019-07-10,2019-07-10 00:53:06,0.51,1.0,2,0.49,0.9607,559,0.53,1.0392,25,0.5,0.9803,0,0
SPY190712P295,2019-07-10,2019-07-10 00:53:11,0.51,1.0,2,0.49,0.9607,559,0.53,1.0392,25,0.5,0.9803,0,0
SPY190712P295,2019-07-10,2019-07-10 00:53:15,0.51,1.0,2,0.49,0.9607,559,0.53,1.0392,25,0.5,0.9803,0,0
SPY190712P295,2019-07-10,2019-07-10 00:53:21,0.51,1.0,2,0.49,0.9607,559,0.53,1.0392,25,0.5,0.9803,0,0
SPY190712P295,2019-07-10,2019-07-10 00:53:27,0.51,1.0,2,0.49,0.9607,559,0.53,1.0392,25,0.5,0.9803,0,0
SPY190712P295,2019-07-10,2019-07-10 00:53:33,0.51,1.0,2,0.49,0.9607,559,0.53,1.0392,25,0.5,0.9803,0,0
SPY190712P295,2019-07-10,2019-07-10 00:53:39,0.51,1.0,2,0.49,0.9607,559,0.53,1.0392,25,0.5,0.9803,0,0
SPY190712P295,2019-07-10,2019-07-10 00:53:40,0.51,1.0,2,0.49,0.9607,559,0.53,1.0392,25,0.5,0.9803,0,0
SPY190712P295,2019-07-10,2019-07-10 00:53:41,0.51,1.0,2,0.49,0.9607,559,0.53,1.0392,25,0.5,0.9803,0,0
SPY190712P295,2019-07-10,2019-07-10 00:53:42,0.51,1.0,2,0.49,0.9607,559,0.53,1.0392,25,0.5,0.9803,0,0
SPY190712P295,2019-07-10,2019-07-10 00:53:43,0.51,1.0,2,0.49,0.9607,559,0.53,1.0392,25,0.5,0.9803,0,0
SPY190712P295,2019-07-10,2019-07-10 00:53:49,0.51,1.0,2,0.49,0.9607,559,0.53,1.0392,25,0.5,0.9803,0,0
SPY190712P295,2019-07-10,2019-07-10 00:53:57,0.51,1.0,2,0.49,0.9607,559,0.53,1.0392,25,0.5,0.9803,0,0
SPY190712P295,2019-07-10,2019-07-10 00:54:05,0.51,1.0,2,0.49,0.9607,559,0.53,1.0392,25,0.5,0.9803,0,0
SPY190712P295,2019-07-10,2019-07-10 00:54:10,0.51,1.0,2,0.49,0.9607,559,0.53,1.0392,25,0.5,0.9803,0,0
SPY190712P295,2019-07-10,2019-07-10 00:54:15,0.51,1.0,2,0.49,0.9607,559,0.53,1.0392,25,0.5,0.9803,0,0
SPY190712P295,2019-07-10,2019-07-10 00:54:24,0.51,1.0,2,0.49,0.9607,559,0.53,1.0392,25,0.5,0.9803,0,0
SPY190712P295,2019-07-10,2019-07-10 00:54:29,0.51,1.0,2,0.49,0.9607,559,0.53,1.0392,25,0.5,0.9803,0,0
SPY190712P295,2019-07-10,2019-07-10 00:54:34,0.51,1.0,2,0.49,0.9607,559,0.53,1.0392,25,0.5,0.9803,0,0
SPY190712P295,2019-07-10,2019-07-10 00:54:37,0.51,1.0,2,0.49,0.9607,559,0.53,1.0392,25,0.5,0.9803,0,0
SPY190712P295,2019-07-10,2019-07-10 00:54:43,0.51,1.0,2,0.49,0.9607,559,0.53,1.0392,25,0.5,0.9803,0,0
SPY190712P295,2019-07-10,2019-07-10 00:54:50,0.51,1.0,2,0.49,0.9607,559,0.53,1.0392,25,0.5,0.9803,0,0
SPY190712P295,2019-07-10,2019-07-10 00:55:06,0.51,1.0,2,0.49,0.9607,559,0.53,1.0392,25,0.5,0.9803,0,0
SPY190712P295,2019-07-10,2019-07-10 00:55:07,0.51,1.0,2,0.49,0.9607,559,0.53,1.0392,25,0.5,0.9803,0,0
SPY190712P295,2019-07-10,2019-07-10 00:55:27,0.51,1.0,2,0.49,0.9607,559,0.53,1.0392,25,0.5,0.9803,0,0
SPY190712P295,2019-07-10,2019-07-10 00:55:40,0.51,1.0,2,0.49,0.9607,559,0.53,1.0392,25,0.5,0.9803,0,0
SPY190712P295,2019-07-10,2019-07-10 00:55:41,0.51,1.0,2,0.49,0.9607,559,0.53,1.0392,25,0.5,0.9803,0,0
SPY190712P295,2019-07-10,2019-07-10 00:55:50,0.51,1.0,2,0.49,0.9607,559,0.53,1.0392,25,0.5,0.9803,0,0
SPY190712P295,2019-07-10,2019-07-10 00:55:58,0.51,1.0,2,0.49,0.9607,559,0.53,1.0392,25,0.5,0.9803,0,0
SPY190712P295,2019-07-10,2019-07-10 00:56:03,0.51,1.0,2,0.49,0.9607,559,0.53,1.0392,25,0.5,0.9803,0,0
SPY190712P295,2019-07-10,2019-07-10 00:56:07,0.51,1.0,2,0.49,0.9607,559,0.53,1.0392,25,0.5,0.9803,0,0
SPY190712P295,2019-07-10,2019-07-10 00:56:10,0.51,1.0,2,0.49,0.9607,559,0.53,1.0392,25,0.5,0.9803,0,0
SPY190712P295,2019-07-10,2019-07-10 00:56:13,0.51,1.0,2,0.49,0.9607,559,0.53,1.0392,25,0.5,0.9803,0,0
SPY190712P295,2019-07-10,2019-07-10 00:56:16,0.51,1.0,2,0.49,0.9607,559,0.53,1.0392,25,0.5,0.9803,0,0
SPY190712P295,2019-07-10,2019-07-10 00:56:23,0.51,1.0,2,0.49,0.9607,559,0.53,1.0392,25,0.5,0.9803,0,0
SPY190712P295,2019-07-10,2019-07-10 00:56:26,0.51,1.0,2,0.49,0.9607,559,0.53,1.0392,25,0.5,0.9803,0,0
SPY190712P295,2019-07-10,2019-07-10 00:56:32,0.51,1.0,2,0.49,0.9607,559,0.53,1.0392,25,0.5,0.9803,0,0
SPY190712P295,2019-07-10,2019-07-10 00:56:34,0.51,1.0,2,0.49,0.9607,559,0.53,1.0392,25,0.5,0.9803,0,0
SPY190712P295,2019-07-10,2019-07-10 00:56:37,0.51,1.0,2,0.49,0.9607,559,0.53,1.0392,25,0.5,0.9803,0,0
SPY190712P295,2019-07-10,2019-07-10 00:56:41,0.51,1.0,2,0.49,0.9607,559,0.53,1.0392,25,0.5,0.9803,0,0
SPY190712P295,2019-07-10,2019-07-10 00:56:44,0.51,1.0,2,0.49,0.9607,559,0.53,1.0392,25,0.5,0.9803,0,0
SPY190712P295,2019-07-10,2019-07-10 00:56:47,0.51,1.0,2,0.49,0.9607,559,0.53,1.0392,25,0.5,0.9803,0,0
SPY190712P295,2019-07-10,2019-07-10 00:56:50,0.51,1.0,2,0.49,0.9607,559,0.53,1.0392,25,0.5,0.9803,0,0
SPY190712P295,2019-07-10,2019-07-10 00:56:54,0.51,1.0,2,0.49,0.9607,559,0.53,1.0392,25,0.5,0.9803,0,0
SPY190712P295,2019-07-10,2019-07-10 00:56:55,0.51,1.0,2,0.49,0.9607,559,0.53,1.0392,25,0.5,0.9803,0,0
SPY190712P295,2019-07-10,2019-07-10 00:56:59,0.51,1.0,2,0.49,0.9607,559,0.53,1.0392,25,0.5,0.9803,0,0
SPY190712P295,2019-07-10,2019-07-10 00:57:03,0.51,1.0,2,0.49,0.9607,559,0.53,1.0392,25,0.5,0.9803,0,0
SPY190712P295,2019-07-10,2019-07-10 00:57:06,0.51,1.0,2,0.49,0.9607,559,0.53,1.0392,25,0.5,0.9803,0,0
SPY190712P295,2019-07-10,2019-07-10 00:57:12,0.51,1.0,2,0.49,0.9607,559,0.53,1.0392,25,0.5,0.9803,0,0
SPY190712P295,2019-07-10,2019-07-10 00:57:15,0.51,1.0,2,0.49,0.9607,559,0.53,1.0392,25,0.5,0.9803,0,0
SPY190712P295,2019-07-10,2019-07-10 00:57:18,0.51,1.0,2,0.49,0.9607,559,0.53,1.0392,25,0.5,0.9803,0,0
SPY190712P295,2019-07-10,2019-07-10 00:57:21,0.51,1.0,2,0.49,0.9607,559,0.53,1.0392,25,0.5,0.9803,0,0
SPY190712P295,2019-07-10,2019-07-10 00:57:27,0.51,1.0,2,0.49,0.9607,559,0.53,1.0392,25,0.5,0.9803,0,0
SPY190712P295,2019-07-10,2019-07-10 00:57:37,0.51,1.0,2,0.49,0.9607,559,0.53,1.0392,25,0.5,0.9803,0,0
SPY190712P295,2019-07-10,2019-07-10 00:57:44,0.51,1.0,2,0.49,0.9607,559,0.53,1.0392,25,0.5,0.9803,0,0
SPY190712P295,2019-07-10,2019-07-10 00:57:53,0.51,1.0,2,0.49,0.9607,559,0.53,1.0392,25,0.5,0.9803,0,0
SPY190712P295,2019-07-10,2019-07-10 00:57:58,0.51,1.0,2,0.49,0.9607,559,0.53,1.0392,25,0.5,0.9803,0,0
SPY190712P295,2019-07-10,2019-07-10 00:58:03,0.51,1.0,2,0.49,0.9607,559,0.53,1.0392,25,0.5,0.9803,0,0
SPY190712P295,2019-07-10,2019-07-10 00:58:08,0.51,1.0,2,0.49,0.9607,559,0.53,1.0392,25,0.5,0.9803,0,0
SPY190712P295,2019-07-10,2019-07-10 00:58:17,0.51,1.0,2,0.49,0.9607,559,0.53,1.0392,25,0.5,0.9803,0,0
SPY190712P295,2019-07-10,2019-07-10 00:58:23,0.51,1.0,2,0.49,0.9607,559,0.53,1.0392,25,0.5,0.9803,0,0
SPY190712P295,2019-07-10,2019-07-10 00:58:25,0.51,1.0,2,0.49,0.9607,559,0.53,1.0392,25,0.5,0.9803,0,0
SPY190712P295,2019-07-10,2019-07-10 00:58:27,0.51,1.0,2,0.49,0.9607,559,0.53,1.0392,25,0.5,0.9803,0,0
SPY190712P295,2019-07-10,2019-07-10 00:58:29,0.51,1.0,2,0.49,0.9607,559,0.53,1.0392,25,0.5,0.9803,0,0
SPY190712P295,2019-07-10,2019-07-10 00:58:51,0.51,1.0,2,0.49,0.9607,559,0.53,1.0392,25,0.5,0.9803,0,0
SPY190712P295,2019-07-10,2019-07-10 00:59:02,0.51,1.0,2,0.49,0.9607,559,0.53,1.0392,25,0.5,0.9803,0,0
SPY190712P295,2019-07-10,2019-07-10 00:59:10,0.51,1.0,2,0.49,0.9607,559,0.53,1.0392,25,0.5,0.9803,0,0
SPY190712P295,2019-07-10,2019-07-10 00:59:24,0.51,1.0,2,0.49,0.9607,559,0.53,1.0392,25,0.5,0.9803,0,0
SPY190712P295,2019-07-10,2019-07-10 00:59:25,0.51,1.0,2,0.49,0.9607,559,0.53,1.0392,25,0.5,0.9803,0,0
SPY190712P295,2019-07-10,2019-07-10 00:59:30,0.51,1.0,2,0.49,0.9607,559,0.53,1.0392,25,0.5,0.9803,0,0
SPY190712P295,2019-07-10,2019-07-10 00:59:40,0.51,1.0,2,0.49,0.9607,559,0.53,1.0392,25,0.5,0.9803,0,0
SPY190712P295,2019-07-10,2019-07-10 00:59:41,0.51,1.0,2,0.49,0.9607,559,0.53,1.0392,25,0.5,0.9803,0,0
SPY190712P295,2019-07-10,2019-07-10 00:59:46,0.51,1.0,2,0.49,0.9607,559,0.53,1.0392,25,0.5,0.9803,0,0
SPY190712P295,2019-07-10,2019-07-10 00:59:54,0.51,1.0,2,0.49,0.9607,559,0.53,1.0392,25,0.5,0.9803,0,0
SPY190712P295,2019-07-10,2019-07-10 00:59:55,0.51,1.0,2,0.49,0.9607,559,0.53,1.0392,25,0.5,0.9803,0,0
SPY190712P295,2019-07-10,2019-07-10 00:59:59,0.51,1.0,2,0.49,0.9607,559,0.53,1.0392,25,0.5,0.9803,0,0
SPY190712P295,2019-07-10,2019-07-10 01:00:01,0.51,1.0,2,0.49,0.9607,559,0.53,1.0392,25,0.5,0.9803,0,0
SPY190712P295,2019-07-10,2019-07-10 01:00:04,0.51,1.0,2,0.49,0.9607,559,0.53,1.0392,25,0.5,0.9803,0,0
SPY190712P295,2019-07-10,2019-07-10 01:00:09,0.51,1.0,2,0.49,0.9607,559,0.53,1.0392,25,0.5,0.9803,0,0
SPY190712P295,2019-07-10,2019-07-10 01:00:14,0.51,1.0,2,0.49,0.9607,559,0.53,1.0392,25,0.5,0.9803,0,0
SPY190712P295,2019-07-10,2019-07-10 01:00:17,0.51,1.0,2,0.49,0.9607,559,0.53,1.0392,25,0.5,0.9803,0,0
SPY190712P295,2019-07-10,2019-07-10 01:00:18,0.51,1.0,2,0.49,0.9607,559,0.53,1.0392,25,0.5,0.9803,0,0
SPY190712P295,2019-07-10,2019-07-10 01:00:19,0.51,1.0,2,0.49,0.9607,559,0.53,1.0392,25,0.5,0.9803,0,0
SPY190712P295,2019-07-10,2019-07-10 01:00:25,0.51,1.0,2,0.49,0.9607,559,0.53,1.0392,25,0.5,0.9803,0,0
SPY190712P295,2019-07-10,2019-07-10 01:00:27,0.51,1.0,2,0.49,0.9607,559,0.53,1.0392,25,0.5,0.9803,0,0
SPY190712P295,2019-07-10,2019-07-10 01:00:28,0.51,1.0,2,0.49,0.9607,559,0.53,1.0392,25,0.5,0.9803,0,0
SPY190712P295,2019-07-10,2019-07-10 01:00:29,0.51,1.0,2,0.49,0.9607,559,0.53,1.0392,25,0.5,0.9803,0,0
SPY190712P295,2019-07-10,2019-07-10 01:00:34,0.51,1.0,2,0.49,0.9607,559,0.53,1.0392,25,0.5,0.9803,0,0
SPY190712P295,2019-07-10,2019-07-10 01:00:37,0.51,1.0,2,0.49,0.9607,559,0.53,1.0392,25,0.5,0.9803,0,0
SPY190712P295,2019-07-10,2019-07-10 01:00:45,0.51,1.0,2,0.49,0.9607,559,0.53,1.0392,25,0.5,0.9803,0,0
SPY190712P295,2019-07-10,2019-07-10 01:00:49,0.51,1.0,2,0.49,0.9607,559,0.53,1.0392,25,0.5,0.9803,0,0
SPY190712P295,2019-07-10,2019-07-10 01:00:52,0.51,1.0,2,0.49,0.9607,559,0.53,1.0392,25,0.5,0.9803,0,0
SPY190712P295,2019-07-10,2019-07-10 01:00:53,0.51,1.0,2,0.49,0.9607,559,0.53,1.0392,25,0.5,0.9803,0,0
SPY190712P295,2019-07-10,2019-07-10 01:00:56,0.51,1.0,2,0.49,0.9607,559,0.53,1.0392,25,0.5,0.9803,0,0
SPY190712P295,2019-07-10,2019-07-10 01:01:12,0.51,1.0,2,0.49,0.9607,559,0.53,1.0392,25,0.5,0.9803,0,0
SPY190712P295,2019-07-10,2019-07-10 01:01:15,0.51,1.0,2,0.49,0.9607,559,0.53,1.0392,25,0.5,0.9803,0,0
SPY190712P295,2019-07-10,2019-07-10 01:01:18,0.51,1.0,2,0.49,0.9607,559,0.53,1.0392,25,0.5,0.9803,0,0
SPY190712P295,2019-07-10,2019-07-10 01:01:22,0.51,1.0,2,0.49,0.9607,559,0.53,1.0392,25,0.5,0.9803,0,0
SPY190712P295,2019-07-10,2019-07-10 01:01:24,0.51,1.0,2,0.49,0.9607,559,0.53,1.0392,25,0.5,0.9803,0,0
SPY190712P295,2019-07-10,2019-07-10 01:01:27,0.51,1.0,2,0.49,0.9607,559,0.53,1.0392,25,0.5,0.9803,0,0
SPY190712P295,2019-07-10,2019-07-10 01:01:29,0.51,1.0,2,0.49,0.9607,559,0.53,1.0392,25,0.5,0.9803,0,0
SPY190712P295,2019-07-10,2019-07-10 01:01:32,0.51,1.0,2,0.49,0.9607,559,0.53,1.0392,25,0.5,0.9803,0,0
SPY190712P295,2019-07-10,2019-07-10 01:01:39,0.51,1.0,2,0.49,0.9607,559,0.53,1.0392,25,0.5,0.9803,0,0
SPY190712P295,2019-07-10,2019-07-10 01:01:42,0.51,1.0,2,0.49,0.9607,559,0.53,1.0392,25,0.5,0.9803,0,0
SPY190712P295,2019-07-10,2019-07-10 01:01:46,0.51,1.0,2,0.49,0.9607,559,0.53,1.0392,25,0.5,0.9803,0,0
SPY190712P295,2019-07-10,2019-07-10 01:01:47,0.51,1.0,2,0.49,0.9607,559,0.53,1.0392,25,0.5,0.9803,0,0
SPY190712P295,2019-07-10,2019-07-10 01:01:51,0.51,1.0,2,0.49,0.9607,559,0.53,1.0392,25,0.5,0.9803,0,0
SPY190712P295,2019-07-10,2019-07-10 01:01:54,0.51,1.0,2,0.49,0.9607,559,0.53,1.0392,25,0.5,0.9803,0,0
SPY190712P295,2019-07-10,2019-07-10 01:01:58,0.51,1.0,2,0.49,0.9607,559,0.53,1.0392,25,0.5,0.9803,0,0
SPY190712P295,2019-07-10,2019-07-10 01:02:02,0.51,1.0,2,0.49,0.9607,559,0.53,1.0392,25,0.5,0.9803,0,0
SPY190712P295,2019-07-10,2019-07-10 01:02:05,0.51,1.0,2,0.49,0.9607,559,0.53,1.0392,25,0.5,0.9803,0,0
SPY190712P295,2019-07-10,2019-07-10 01:02:09,0.51,1.0,2,0.49,0.9607,559,0.53,1.0392,25,0.5,0.9803,0,0
SPY190712P295,2019-07-10,2019-07-10 01:02:12,0.51,1.0,2,0.49,0.9607,559,0.53,1.0392,25,0.5,0.9803,0,0
SPY190712P295,2019-07-10,2019-07-10 01:02:16,0.51,1.0,2,0.49,0.9607,559,0.53,1.0392,25,0.5,0.9803,0,0
SPY190712P295,2019-07-10,2019-07-10 01:02:19,0.51,1.0,2,0.49,0.9607,559,0.53,1.0392,25,0.5,0.9803,0,0
SPY190712P295,2019-07-10,2019-07-10 01:02:23,0.51,1.0,2,0.49,0.9607,559,0.53,1.0392,25,0.5,0.9803,0,0
SPY190712P295,2019-07-10,2019-07-10 01:02:26,0.51,1.0,2,0.49,0.9607,559,0.53,1.0392,25,0.5,0.9803,0,0
SPY190712P295,2019-07-10,2019-07-10 01:02:29,0.51,1.0,2,0.49,0.9607,559,0.53,1.0392,25,0.5,0.9803,0,0
SPY190712P295,2019-07-10,2019-07-10 01:02:32,0.51,1.0,2,0.49,0.9607,559,0.53,1.0392,25,0.5,0.9803,0,0
SPY190712P295,2019-07-10,2019-07-10 01:02:36,0.51,1.0,2,0.49,0.9607,559,0.53,1.0392,25,0.5,0.9803,0,0
SPY190712P295,2019-07-10,2019-07-10 01:02:40,0.51,1.0,2,0.49,0.9607,559,0.53,1.0392,25,0.5,0.9803,0,0
SPY190712P295,2019-07-10,2019-07-10 01:02:43,0.51,1.0,2,0.49,0.9607,559,0.53,1.0392,25,0.5,0.9803,0,0
SPY190712P295,2019-07-10,2019-07-10 01:02:46,0.51,1.0,2,0.49,0.9607,559,0.53,1.0392,25,0.5,0.9803,0,0
SPY190712P295,2019-07-10,2019-07-10 01:02:49,0.51,1.0,2,0.49,0.9607,559,0.53,1.0392,25,0.5,0.9803,0,0
SPY190712P295,2019-07-10,2019-07-10 01:02:53,0.51,1.0,2,0.49,0.9607,559,0.53,1.0392,25,0.5,0.9803,0,0
SPY190712P295,2019-07-10,2019-07-10 01:03:01,0.51,1.0,2,0.49,0.9607,559,0.53,1.0392,25,0.5,0.9803,0,0
SPY190712P295,2019-07-10,2019-07-10 01:03:07,0.51,1.0,2,0.49,0.9607,559,0.53,1.0392,25,0.5,0.9803,0,0
SPY190712P295,2019-07-10,2019-07-10 01:03:13,0.51,1.0,2,0.49,0.9607,559,0.53,1.0392,25,0.5,0.9803,0,0
SPY190712P295,2019-07-10,2019-07-10 01:03:19,0.51,1.0,2,0.49,0.9607,559,0.53,1.0392,25,0.5,0.9803,0,0
SPY190712P295,2019-07-10,2019-07-10 01:03:24,0.51,1.0,2,0.49,0.9607,559,0.53,1.0392,25,0.5,0.9803,0,0
SPY190712P295,2019-07-10,2019-07-10 01:03:28,0.51,1.0,2,0.49,0.9607,559,0.53,1.0392,25,0.5,0.9803,0,0
SPY190712P295,2019-07-10,2019-07-10 01:03:37,0.51,1.0,2,0.49,0.9607,559,0.53,1.0392,25,0.5,0.9803,0,0
SPY190712P295,2019-07-10,2019-07-10 01:03:43,0.51,1.0,2,0.49,0.9607,559,0.53,1.0392,25,0.5,0.9803,0,0
SPY190712P295,2019-07-10,2019-07-10 01:03:50,0.51,1.0,2,0.49,0.9607,559,0.53,1.0392,25,0.5,0.9803,0,0
SPY190712P295,2019-07-10,2019-07-10 01:03:56,0.51,1.0,2,0.49,0.9607,559,0.53,1.0392,25,0.5,0.9803,0,0
SPY190712P295,2019-07-10,2019-07-10 01:04:02,0.51,1.0,2,0.49,0.9607,559,0.53,1.0392,25,0.5,0.9803,0,0
SPY190712P295,2019-07-10,2019-07-10 01:04:10,0.51,1.0,2,0.49,0.9607,559,0.53,1.0392,25,0.5,0.9803,0,0
SPY190712P295,2019-07-10,2019-07-10 01:04:16,0.51,1.0,2,0.49,0.9607,559,0.53,1.0392,25,0.5,0.9803,0,0
SPY190712P295,2019-07-10,2019-07-10 01:04:23,0.51,1.0,2,0.49,0.9607,559,0.53,1.0392,25,0.5,0.9803,0,0
SPY190712P295,2019-07-10,2019-07-10 01:04:53,0.51,1.0,2,0.49,0.9607,559,0.53,1.0392,25,0.5,0.9803,0,0
SPY190712P295,2019-07-10,2019-07-10 01:05:10,0.51,1.0,2,0.49,0.9607,559,0.53,1.0392,25,0.5,0.9803,0,0
SPY190712P295,2019-07-10,2019-07-10 01:05:11,0.51,1.0,2,0.49,0.9607,559,0.53,1.0392,25,0.5,0.9803,0,0
SPY190712P295,2019-07-10,2019-07-10 01:05:27,0.51,1.0,2,0.49,0.9607,559,0.53,1.0392,25,0.5,0.9803,0,0
SPY190712P295,2019-07-10,2019-07-10 01:05:35,0.51,1.0,2,0.49,0.9607,559,0.53,1.0392,25,0.5,0.9803,0,0
SPY190712P295,2019-07-10,2019-07-10 01:05:42,0.51,1.0,2,0.49,0.9607,559,0.53,1.0392,25,0.5,0.9803,0,0
SPY190712P295,2019-07-10,2019-07-10 01:05:50,0.51,1.0,2,0.49,0.9607,559,0.53,1.0392,25,0.5,0.9803,0,0
SPY190712P295,2019-07-10,2019-07-10 01:05:57,0.51,1.0,2,0.49,0.9607,559,0.53,1.0392,25,0.5,0.9803,0,0
SPY190712P295,2019-07-10,2019-07-10 01:06:04,0.51,1.0,2,0.49,0.9607,559,0.53,1.0392,25,0.5,0.9803,0,0
SPY190712P295,2019-07-10,2019-07-10 01:06:10,0.51,1.0,2,0.49,0.9607,559,0.53,1.0392,25,0.5,0.9803,0,0
SPY190712P295,2019-07-10,2019-07-10 01:06:17,0.51,1.0,2,0.49,0.9607,559,0.53,1.0392,25,0.5,0.9803,0,0
SPY190712P295,2019-07-10,2019-07-10 01:06:22,0.51,1.0,2,0.49,0.9607,559,0.53,1.0392,25,0.5,0.9803,0,0
SPY190712P295,2019-07-10,2019-07-10 01:06:26,0.51,1.0,2,0.49,0.9607,559,0.53,1.0392,25,0.5,0.9803,0,0
SPY190712P295,2019-07-10,2019-07-10 01:06:30,0.51,1.0,2,0.49,0.9607,559,0.53,1.0392,25,0.5,0.9803,0,0
SPY190712P295,2019-07-10,2019-07-10 01:06:35,0.51,1.0,2,0.49,0.9607,559,0.53,1.0392,25,0.5,0.9803,0,0
SPY190712P295,2019-07-10,2019-07-10 01:06:40,0.51,1.0,2,0.49,0.9607,559,0.53,1.0392,25,0.5,0.9803,0,0
SPY190712P295,2019-07-10,2019-07-10 01:06:44,0.51,1.0,2,0.49,0.9607,559,0.53,1.0392,25,0.5,0.9803,0,0
SPY190712P295,2019-07-10,2019-07-10 01:06:49,0.51,1.0,2,0.49,0.9607,559,0.53,1.0392,25,0.5,0.9803,0,0
SPY190712P295,2019-07-10,2019-07-10 01:06:53,0.51,1.0,2,0.49,0.9607,559,0.53,1.0392,25,0.5,0.9803,0,0
SPY190712P295,2019-07-10,2019-07-10 01:06:57,0.51,1.0,2,0.49,0.9607,559,0.53,1.0392,25,0.5,0.9803,0,0
SPY190712P295,2019-07-10,2019-07-10 01:07:00,0.51,1.0,2,0.49,0.9607,559,0.53,1.0392,25,0.5,0.9803,0,0
SPY190712P295,2019-07-10,2019-07-10 01:07:04,0.51,1.0,2,0.49,0.9607,559,0.53,1.0392,25,0.5,0.9803,0,0
SPY190712P295,2019-07-10,2019-07-10 01:07:08,0.51,1.0,2,0.49,0.9607,559,0.53,1.0392,25,0.5,0.9803,0,0
SPY190712P295,2019-07-10,2019-07-10 01:07:12,0.51,1.0,2,0.49,0.9607,559,0.53,1.0392,25,0.5,0.9803,0,0
SPY190712P295,2019-07-10,2019-07-10 01:07:16,0.51,1.0,2,0.49,0.9607,559,0.53,1.0392,25,0.5,0.9803,0,0
SPY190712P295,2019-07-10,2019-07-10 01:07:20,0.51,1.0,2,0.49,0.9607,559,0.53,1.0392,25,0.5,0.9803,0,0
SPY190712P295,2019-07-10,2019-07-10 01:07:24,0.51,1.0,2,0.49,0.9607,559,0.53,1.0392,25,0.5,0.9803,0,0
SPY190712P295,2019-07-10,2019-07-10 01:07:28,0.51,1.0,2,0.49,0.9607,559,0.53,1.0392,25,0.5,0.9803,0,0
SPY190712P295,2019-07-10,2019-07-10 01:07:31,0.51,1.0,2,0.49,0.9607,559,0.53,1.0392,25,0.5,0.9803,0,0
SPY190712P295,2019-07-10,2019-07-10 01:07:36,0.51,1.0,2,0.49,0.9607,559,0.53,1.0392,25,0.5,0.9803,0,0
SPY190712P295,2019-07-10,2019-07-10 01:07:40,0.51,1.0,2,0.49,0.9607,559,0.53,1.0392,25,0.5,0.9803,0,0
SPY190712P295,2019-07-10,2019-07-10 01:07:43,0.51,1.0,2,0.49,0.9607,559,0.53,1.0392,25,0.5,0.9803,0,0
SPY190712P295,2019-07-10,2019-07-10 01:07:46,0.51,1.0,2,0.49,0.9607,559,0.53,1.0392,25,0.5,0.9803,0,0
SPY190712P295,2019-07-10,2019-07-10 01:07:50,0.51,1.0,2,0.49,0.9607,559,0.53,1.0392,25,0.5,0.9803,0,0
SPY190712P295,2019-07-10,2019-07-10 01:07:53,0.51,1.0,2,0.49,0.9607,559,0.53,1.0392,25,0.5,0.9803,0,0
SPY190712P295,2019-07-10,2019-07-10 01:07:56,0.51,1.0,2,0.49,0.9607,559,0.53,1.0392,25,0.5,0.9803,0,0
SPY190712P295,2019-07-10,2019-07-10 01:08:00,0.51,1.0,2,0.49,0.9607,559,0.53,1.0392,25,0.5,0.9803,0,0
SPY190712P295,2019-07-10,2019-07-10 03:04:28,0.51,1.0,2,0.49,0.9607,559,0.53,1.0392,25,0.5,0.9803,0,0
SPY190712P295,2019-07-10,2019-07-10 03:04:29,0.51,1.0,2,0.49,0.9607,559,0.53,1.0392,25,0.5,0.9803,0,0
SPY190712P295,2019-07-10,2019-07-10 03:04:30,0.51,1.0,2,0.49,0.9607,559,0.53,1.0392,25,0.5,0.9803,0,0
SPY190712P295,2019-07-10,2019-07-10 03:04:31,0.51,1.0,2,0.49,0.9607,559,0.53,1.0392,25,0.5,0.9803,0,0
SPY190712P295,2019-07-10,2019-07-10 09:29:32,0.3,0.5882,61,0.29,0.5686,918,0.3,0.5882,4,0.295,0.5784,0,0
SPY190712P295,2019-07-10,2019-07-10 09:29:33,0.3,0.5882,472,0.29,0.5686,641,0.3,0.5882,4,0.295,0.5784,0,0
SPY190712P295,2019-07-10,2019-07-10 09:29:34,0.3,0.5882,1266,0.29,0.5686,369,0.3,0.5882,10,0.295,0.5784,0,0
SPY190712P295,2019-07-10,2019-07-10 09:29:35,0.3,0.5882,1963,0.29,0.5686,369,0.3,0.5882,10,0.295,0.5784,0,0
SPY190712P295,2019-07-10,2019-07-10 09:29:35,0.3,0.5882,1852,0.29,0.5686,369,0.3,0.5882,10,0.295,0.5784,0,0
SPY190712P295,2019-07-10,2019-07-10 09:29:36,0.3,0.5882,900,0.29,0.5686,411,0.3,0.5882,10,0.295,0.5784,0,0
SPY190712P295,2019-07-10,2019-07-10 09:29:37,0.3,0.5882,900,0.29,0.5686,411,0.3,0.5882,5,0.295,0.5784,0,0
SPY190712P295,2019-07-10,2019-07-10 09:29:37,0.3,0.5882,1200,0.29,0.5686,411,0.3,0.5882,5,0.295,0.5784,0,0
SPY190712P295,2019-07-10,2019-07-10 09:29:38,0.3,0.5882,362,0.29,0.5686,1067,0.3,0.5882,5,0.295,0.5784,0,0
SPY190712P295,2019-07-10,2019-07-10 09:29:39,0.3,0.5882,362,0.29,0.5686,805,0.3,0.5882,5,0.295,0.5784,0,0
SPY190712P295,2019-07-10,2019-07-10 09:29:39,0.3,0.5882,362,0.29,0.5686,954,0.3,0.5882,5,0.295,0.5784,0,0
SPY190712P295,2019-07-10,2019-07-10 09:29:40,0.3,0.5882,362,0.29,0.5686,1044,0.3,0.5882,5,0.295,0.5784,0,0
SPY190712P295,2019-07-10,2019-07-10 09:29:41,0.3,0.5882,362,0.29,0.5686,1044,0.3,0.5882,5,0.295,0.5784,0,0
SPY190712P295,2019-07-10,2019-07-10 09:29:41,0.3,0.5882,472,0.29,0.5686,1044,0.3,0.5882,5,0.295,0.5784,0,0
SPY190712P295,2019-07-10,2019-07-10 09:29:42,0.3,0.5882,306,0.29,0.5686,185,0.29,0.5686,1,0.295,0.5784,0,0
SPY190712P295,2019-07-10,2019-07-10 09:29:43,0.3,0.5882,2364,0.29,0.5686,15,0.29,0.5686,1,0.295,0.5784,0,0
SPY190712P295,2019-07-10,2019-07-10 09:29:43,0.3,0.5882,2117,0.29,0.5686,185,0.29,0.5686,1,0.295,0.5784,0,0
SPY190712P295,2019-07-10,2019-07-10 09:29:44,0.3,0.5882,482,0.29,0.5686,467,0.29,0.5686,1,0.295,0.5784,0,0
SPY190712P295,2019-07-10,2019-07-10 09:29:45,0.3,0.5882,181,0.29,0.5686,120,0.29,0.5686,1,0.295,0.5784,0,0
SPY190712P295,2019-07-10,2019-07-10 09:29:45,0.3,0.5882,734,0.29,0.5686,120,0.29,0.5686,1,0.295,0.5784,0,0
SPY190712P295,2019-07-10,2019-07-10 09:29:46,0.3,0.5882,1081,0.29,0.5686,15,0.29,0.5686,1,0.295,0.5784,0,0
SPY190712P295,2019-07-10,2019-07-10 09:29:47,0.3,0.5882,649,0.29,0.5686,15,0.29,0.5686,1,0.295,0.5784,0,0
SPY190712P295,2019-07-10,2019-07-10 09:29:47,0.3,0.5882,1763,0.29,0.5686,15,0.29,0.5686,1,0.295,0.5784,0,0
SPY190712P295,2019-07-10,2019-07-10 09:29:48,0.29,0.5686,321,0.28,0.549,871,0.28,0.549,2,0.285,0.5588,0,0
SPY190712P295,2019-07-10,2019-07-10 09:29:49,0.29,0.5686,501,0.28,0.549,871,0.28,0.549,2,0.285,0.5588,0,0
SPY190712P295,2019-07-10,2019-07-10 09:29:49,0.29,0.5686,1404,0.28,0.549,871,0.28,0.549,2,0.285,0.5588,0,0
SPY190712P295,2019-07-10,2019-07-10 09:29:50,0.29,0.5686,1389,0.28,0.549,1020,0.28,0.549,2,0.285,0.5588,0,0
SPY190712P295,2019-07-10,2019-07-10 09:29:51,0.28,0.549,146,0.27,0.5294,624,0.28,0.549,2,0.275,0.5392,0,0
SPY190712P295,2019-07-10,2019-07-10 09:29:51,0.29,0.5686,1857,0.27,0.5294,842,0.28,0.549,2,0.28,0.549,0,0
SPY190712P295,2019-07-10,2019-07-10 09:29:52,0.28,0.549,425,0.27,0.5294,943,0.27,0.5294,5,0.275,0.5392,0,0
SPY190712P295,2019-07-10,2019-07-10 09:29:53,0.28,0.549,668,0.27,0.5294,1543,0.27,0.5294,5,0.275,0.5392,0,0
SPY190712P295,2019-07-10,2019-07-10 09:29:53,0.28,0.549,425,0.27,0.5294,1214,0.27,0.5294,5,0.275,0.5392,0,0
SPY190712P295,2019-07-10,2019-07-10 09:29:54,0.28,0.549,269,0.27,0.5294,1112,0.27,0.5294,5,0.275,0.5392,0,0
SPY190712P295,2019-07-10,2019-07-10 09:29:55,0.28,0.549,9,0.27,0.5294,1276,0.28,0.549,6,0.275,0.5392,0,0
SPY190712P295,2019-07-10,2019-07-10 09:29:55,0.28,0.549,5,0.27,0.5294,1401,0.28,0.549,6,0.275,0.5392,0,0
SPY190712P295,2019-07-10,2019-07-10 09:29:56,0.28,0.549,9,0.27,0.5294,1651,0.28,0.549,6,0.275,0.5392,0,0
SPY190712P295,2019-07-10,2019-07-10 09:29:56,0.28,0.549,9,0.27,0.5294,1984,0.28,0.549,6,0.275,0.5392,0,0
SPY190712P295,2019-07-10,2019-07-10 09:29:57,0.29,0.5686,2248,0.27,0.5294,2116,0.28,0.549,6,0.28,0.549,0,0
SPY190712P295,2019-07-10,2019-07-10 09:29:57,0.29,0.5686,2348,0.27,0.5294,2182,0.27,0.5294,1,0.28,0.549,0,0
SPY190712P295,2019-07-10,2019-07-10 09:29:58,0.29,0.5686,2575,0.27,0.5294,2350,0.27,0.5294,1,0.28,0.549,0,0
SPY190712P295,2019-07-10,2019-07-10 09:29:59,0.29,0.5686,2003,0.27,0.5294,1582,0.27,0.5294,1,0.28,0.549,0,0
SPY190712P295,2019-07-10,2019-07-10 09:29:59,0.29,0.5686,1138,0.27,0.5294,1582,0.27,0.5294,1,0.28,0.549,0,0
SPY190712P295,2019-07-10,2019-07-10 09:30:00,0.29,0.5686,1896,0.28,0.549,96,0.27,0.5294,1,0.285,0.5588,0,0
SPY190712P295,2019-07-10,2019-07-10 09:30:01,0.29,0.5686,421,0.28,0.549,1534,0.28,0.549,1,0.285,0.5588,0,0
SPY190712P295,2019-07-10,2019-07-10 09:30:02,0.29,0.5686,50,0.28,0.549,1465,0.28,0.549,1,0.285,0.5588,0,0
SPY190712P295,2019-07-10,2019-07-10 09:30:05,0.28,0.549,186,0.27,0.5294,1937,0.28,0.549,1,0.275,0.5392,0,0
SPY190712P295,2019-07-10,2019-07-10 09:30:06,0.28,0.549,1778,0.27,0.5294,146,0.28,0.549,1,0.275,0.5392,0,0
SPY190712P295,2019-07-10,2019-07-10 09:30:06,0.28,0.549,365,0.27,0.5294,5,0.28,0.549,1,0.275,0.5392,0,0
SPY190712P295,2019-07-10,2019-07-10 09:30:07,0.28,0.549,1089,0.27,0.5294,199,0.28,0.549,1,0.275,0.5392,0,0
SPY190712P295,2019-07-10,2019-07-10 09:30:07,0.28,0.549,1778,0.27,0.5294,146,0.28,0.549,1,0.275,0.5392,0,0
SPY190712P295,2019-07-10,2019-07-10 09:30:08,0.28,0.549,1500,0.27,0.5294,233,0.28,0.549,1,0.275,0.5392,0,0
SPY190712P295,2019-07-10,2019-07-10 09:30:08,0.28,0.549,2325,0.26,0.5098,2484,0.28,0.549,1,0.27,0.5294,0,0
SPY190712P295,2019-07-10,2019-07-10 09:30:09,0.28,0.549,2325,0.26,0.5098,2471,0.28,0.549,1,0.27,0.5294,0,0
SPY190712P295,2019-07-10,2019-07-10 09:30:10,0.27,0.5294,96,0.26,0.5098,1273,0.28,0.549,1,0.265,0.5196,0,0
SPY190712P295,2019-07-10,2019-07-10 09:30:10,0.27,0.5294,68,0.26,0.5098,2355,0.28,0.549,1,0.265,0.5196,0,0
SPY190712P295,2019-07-10,2019-07-10 09:30:11,0.27,0.5294,298,0.26,0.5098,1993,0.28,0.549,1,0.265,0.5196,0,0
SPY190712P295,2019-07-10,2019-07-10 09:30:11,0.27,0.5294,413,0.26,0.5098,1305,0.28,0.549,1,0.265,0.5196,0,0
SPY190712P295,2019-07-10,2019-07-10 09:30:12,0.27,0.5294,279,0.26,0.5098,2084,0.28,0.549,1,0.265,0.5196,0,0
SPY190712P295,2019-07-10,2019-07-10 09:30:12,0.27,0.5294,421,0.26,0.5098,1311,0.28,0.549,1,0.265,0.5196,0,0
SPY190712P295,2019-07-10,2019-07-10 09:30:13,0.27,0.5294,180,0.26,0.5098,1311,0.28,0.549,1,0.265,0.5196,0,0
SPY190712P295,2019-07-10,2019-07-10 09:30:14,0.27,0.5294,5,0.26,0.5098,1311,0.27,0.5294,10,0.265,0.5196,0,0
SPY190712P295,2019-07-10,2019-07-10 09:30:14,0.27,0.5294,158,0.26,0.5098,1800,0.26,0.5098,2,0.265,0.5196,0,0
SPY190712P295,2019-07-10,2019-07-10 09:30:15,0.27,0.5294,7,0.26,0.5098,2327,0.26,0.5098,1,0.265,0.5196,0,0
SPY190712P295,2019-07-10,2019-07-10 09:30:15,0.27,0.5294,3,0.26,0.5098,1710,0.26,0.5098,1,0.265,0.5196,0,0
SPY190712P295,2019-07-10,2019-07-10 09:30:16,0.27,0.5294,60,0.26,0.5098,1952,0.26,0.5098,1,0.265,0.5196,0,0
SPY190712P295,2019-07-10,2019-07-10 09:30:16,0.27,0.5294,60,0.26,0.5098,2269,0.26,0.5098,5,0.265,0.5196,0,0
SPY190712P295,2019-07-10,2019-07-10 09:30:17,0.27,0.5294,184,0.26,0.5098,1275,0.26,0.5098,5,0.265,0.5196,0,0
SPY190712P295,2019-07-10,2019-07-10 09:30:17,0.27,0.5294,184,0.26,0.5098,1275,0.26,0.5098,1,0.265,0.5196,0,0
SPY190712P295,2019-07-10,2019-07-10 09:30:18,0.27,0.5294,304,0.26,0.5098,1275,0.26,0.5098,1,0.265,0.5196,0,0
SPY190712P295,2019-07-10,2019-07-10 09:30:19,0.27,0.5294,304,0.26,0.5098,1275,0.26,0.5098,1,0.265,0.5196,0,0
SPY190712P295,2019-07-10,2019-07-10 09:30:19,0.27,0.5294,304,0.26,0.5098,2021,0.26,0.5098,1,0.265,0.5196,0,0
SPY190712P295,2019-07-10,2019-07-10 09:30:20,0.27,0.5294,304,0.26,0.5098,2021,0.26,0.5098,1,0.265,0.5196,0,0
SPY190712P295,2019-07-10,2019-07-10 09:30:21,0.27,0.5294,184,0.26,0.5098,2014,0.26,0.5098,1,0.265,0.5196,0,0
SPY190712P295,2019-07-10,2019-07-10 09:30:21,0.27,0.5294,304,0.26,0.5098,2011,0.26,0.5098,1,0.265,0.5196,0,0
SPY190712P295,2019-07-10,2019-07-10 09:30:22,0.27,0.5294,482,0.26,0.5098,2043,0.26,0.5098,1,0.265,0.5196,0,0
SPY190712P295,2019-07-10,2019-07-10 09:30:22,0.27,0.5294,407,0.26,0.5098,2011,0.26,0.5098,1,0.265,0.5196,0,0
SPY190712P295,2019-07-10,2019-07-10 09:30:23,0.27,0.5294,482,0.26,0.5098,2011,0.26,0.5098,1,0.265,0.5196,0,0
SPY190712P295,2019-07-10,2019-07-10 09:30:24,0.27,0.5294,1893,0.26,0.5098,199,0.26,0.5098,1,0.265,0.5196,0,0
SPY190712P295,2019-07-10,2019-07-10 09:30:24,0.27,0.5294,1924,0.26,0.5098,106,0.26,0.5098,1,0.265,0.5196,0,0
SPY190712P295,2019-07-10,2019-07-10 09:30:25,0.26,0.5098,144,0.25,0.4901,2117,0.26,0.5098,1,0.255,0.5,0,0
SPY190712P295,2019-07-10,2019-07-10 09:30:25,0.27,0.5294,2403,0.25,0.4901,1914,0.26,0.5098,1,0.26,0.5098,0,0
SPY190712P295,2019-07-10,2019-07-10 09:30:26,0.27,0.5294,2266,0.25,0.4901,2171,0.26,0.5098,1,0.26,0.5098,0,0
SPY190712P295,2019-07-10,2019-07-10 09:30:26,0.26,0.5098,68,0.25,0.4901,1325,0.26,0.5098,1,0.255,0.5,0,0
SPY190712P295,2019-07-10,2019-07-10 09:30:27,0.27,0.5294,1321,0.26,0.5098,213,0.26,0.5098,1,0.265,0.5196,0,0
SPY190712P295,2019-07-10,2019-07-10 09:30:28,0.27,0.5294,2464,0.26,0.5098,45,0.27,0.5294,2,0.265,0.5196,0,0
SPY190712P295,2019-07-10,2019-07-10 09:30:29,0.27,0.5294,2979,0.26,0.5098,96,0.27,0.5294,2,0.265,0.5196,0,0
SPY190712P295,2019-07-10,2019-07-10 09:30:29,0.27,0.5294,2824,0.26,0.5098,45,0.27,0.5294,2,0.265,0.5196,0,0
SPY190712P295,2019-07-10,2019-07-10 09:30:30,0.27,0.5294,2619,0.26,0.5098,96,0.27,0.5294,2,0.265,0.5196,0,0
SPY190712P295,2019-07-10,2019-07-10 09:30:30,0.27,0.5294,1793,0.26,0.5098,120,0.27,0.5294,2,0.265,0.5196,0,0
SPY190712P295,2019-07-10,2019-07-10 09:30:31,0.27,0.5294,1928,0.26,0.5098,120,0.27,0.5294,2,0.265,0.5196,0,0
SPY190712P295,2019-07-10,2019-07-10 09:30:32,0.27,0.5294,1300,0.26,0.5098,120,0.27,0.5294,2,0.265,0.5196,0,0
SPY190712P295,2019-07-10,2019-07-10 09:30:32,0.27,0.5294,1955,0.26,0.5098,120,0.27,0.5294,2,0.265,0.5196,0,0
SPY190712P295,2019-07-10,2019-07-10 09:30:33,0.27,0.5294,2797,0.25,0.4901,2358,0.26,0.5098,1,0.26,0.5098,0,0
SPY190712P295,2019-07-10,2019-07-10 09:30:33,0.27,0.5294,3237,0.25,0.4901,1282,0.26,0.5098,1,0.26,0.5098,0,0
SPY190712P295,2019-07-10,2019-07-10 09:30:34,0.27,0.5294,2580,0.26,0.5098,96,0.26,0.5098,1,0.265,0.5196,0,0
SPY190712P295,2019-07-10,2019-07-10 09:30:34,0.27,0.5294,3499,0.26,0.5098,106,0.26,0.5098,1,0.265,0.5196,0,0
SPY190712P295,2019-07-10,2019-07-10 09:30:35,0.26,0.5098,294,0.25,0.4901,1200,0.26,0.5098,1,0.255,0.5,0,0
SPY190712P295,2019-07-10,2019-07-10 09:30:35,0.27,0.5294,4334,0.26,0.5098,106,0.26,0.5098,1,0.265,0.5196,0,0
SPY190712P295,2019-07-10,2019-07-10 09:30:36,0.26,0.5098,294,0.25,0.4901,2263,0.26,0.5098,1,0.255,0.5,0,0
SPY190712P295,2019-07-10,2019-07-10 09:30:37,0.26,0.5098,294,0.25,0.4901,2263,0.26,0.5098,1,0.255,0.5,0,0
SPY190712P295,2019-07-10,2019-07-10 09:30:37,0.26,0.5098,320,0.25,0.4901,2253,0.26,0.5098,1,0.255,0.5,0,0
SPY190712P295,2019-07-10,2019-07-10 09:30:38,0.26,0.5098,322,0.25,0.4901,2039,0.26,0.5098,1,0.255,0.5,0,0
SPY190712P295,2019-07-10,2019-07-10 09:30:38,0.26,0.5098,322,0.25,0.4901,2382,0.26,0.5098,1,0.255,0.5,0,0
SPY190712P295,2019-07-10,2019-07-10 09:30:39,0.26,0.5098,322,0.25,0.4901,2382,0.26,0.5098,1,0.255,0.5,0,0
SPY190712P295,2019-07-10,2019-07-10 09:30:40,0.26,0.5098,322,0.25,0.4901,2382,0.26,0.5098,1,0.255,0.5,0,0
SPY190712P295,2019-07-10,2019-07-10 09:30:41,0.26,0.5098,322,0.25,0.4901,2382,0.26,0.5098,1,0.255,0.5,0,0
SPY190712P295,2019-07-10,2019-07-10 09:30:42,0.26,0.5098,361,0.25,0.4901,1835,0.26,0.5098,1,0.255,0.5,0,0
SPY190712P295,2019-07-10,2019-07-10 09:30:42,0.26,0.5098,65,0.25,0.4901,2394,0.26,0.5098,1,0.255,0.5,0,0
SPY190712P295,2019-07-10,2019-07-10 09:30:43,0.26,0.5098,361,0.25,0.4901,2105,0.26,0.5098,1,0.255,0.5,0,0
SPY190712P295,2019-07-10,2019-07-10 09:30:43,0.26,0.5098,590,0.25,0.4901,2145,0.26,0.5098,10,0.255,0.5,0,0
SPY190712P295,2019-07-10,2019-07-10 09:30:44,0.26,0.5098,545,0.25,0.4901,2145,0.26,0.5098,10,0.255,0.5,0,0
SPY190712P295,2019-07-10,2019-07-10 09:30:45,0.26,0.5098,645,0.25,0.4901,575,0.26,0.5098,10,0.255,0.5,0,0
SPY190712P295,2019-07-10,2019-07-10 09:30:45,0.26,0.5098,545,0.25,0.4901,2145,0.26,0.5098,10,0.255,0.5,0,0
SPY190712P295,2019-07-10,2019-07-10 09:30:46,0.26,0.5098,361,0.25,0.4901,336,0.26,0.5098,10,0.255,0.5,0,0
SPY190712P295,2019-07-10,2019-07-10 09:30:46,0.26,0.5098,59,0.25,0.4901,466,0.26,0.5098,10,0.255,0.5,0,0
SPY190712P295,2019-07-10,2019-07-10 09:30:47,0.26,0.5098,59,0.25,0.4901,304,0.26,0.5098,10,0.255,0.5,0,0
SPY190712P295,2019-07-10,2019-07-10 09:30:47,0.26,0.5098,113,0.25,0.4901,1318,0.26,0.5098,10,0.255,0.5,0,0
SPY190712P295,2019-07-10,2019-07-10 09:30:48,0.26,0.5098,91,0.25,0.4901,2476,0.26,0.5098,10,0.255,0.5,0,0
SPY190712P295,2019-07-10,2019-07-10 09:30:48,0.26,0.5098,113,0.25,0.4901,1942,0.26,0.5098,10,0.255,0.5,0,0
SPY190712P295,2019-07-10,2019-07-10 09:30:49,0.26,0.5098,167,0.25,0.4901,2476,0.26,0.5098,10,0.255,0.5,0,0
SPY190712P295,2019-07-10,2019-07-10 09:30:49,0.26,0.5098,50,0.25,0.4901,2476,0.26,0.5098,10,0.255,0.5,0,0
SPY190712P295,2019-07-10,2019-07-10 09:30:50,0.26,0.5098,167,0.25,0.4901,2476,0.25,0.4901,56,0.255,0.5,0,0
SPY190712P295,2019-07-10,2019-07-10 09:30:51,0.26,0.5098,50,0.25,0.4901,2589,0.25,0.4901,3,0.255,0.5,0,0
SPY190712P295,2019-07-10,2019-07-10 09:30:51,0.26,0.5098,167,0.25,0.4901,2476,0.25,0.4901,3,0.255,0.5,0,0
SPY190712P295,2019-07-10,2019-07-10 09:30:52,0.26,0.5098,110,0.25,0.4901,2621,0.25,0.4901,1,0.255,0.5,0,0
SPY190712P295,2019-07-10,2019-07-10 09:30:52,0.26,0.5098,194,0.25,0.4901,2621,0.25,0.4901,3,0.255,0.5,0,0
SPY190712P295,2019-07-10,2019-07-10 09:30:53,0.26,0.5098,110,0.25,0.4901,2535,0.25,0.4901,1,0.255,0.5,0,0
SPY190712P295,2019-07-10,2019-07-10 09:30:54,0.26,0.5098,110,0.25,0.4901,2262,0.25,0.4901,1,0.255,0.5,0,0
SPY190712P295,2019-07-10,2019-07-10 09:30:54,0.26,0.5098,110,0.25,0.4901,2535,0.25,0.4901,1,0.255,0.5,0,0
SPY190712P295,2019-07-10,2019-07-10 09:30:55,0.26,0.5098,110,0.25,0.4901,1642,0.25,0.4901,1,0.255,0.5,0,0
SPY190712P295,2019-07-10,2019-07-10 09:30:55,0.26,0.5098,110,0.25,0.4901,2241,0.25,0.4901,1,0.255,0.5,0,0
SPY190712P295,2019-07-10,2019-07-10 09:30:56,0.26,0.5098,110,0.25,0.4901,2508,0.25,0.4901,1,0.255,0.5,0,0
SPY190712P295,2019-07-10,2019-07-10 09:30:56,0.26,0.5098,110,0.25,0.4901,2476,0.25,0.4901,1,0.255,0.5,0,0
SPY190712P295,2019-07-10,2019-07-10 09:30:57,0.26,0.5098,130,0.25,0.4901,2293,0.25,0.4901,1,0.255,0.5,0,0
SPY190712P295,2019-07-10,2019-07-10 09:30:57,0.26,0.5098,110,0.25,0.4901,2293,0.25,0.4901,1,0.255,0.5,0,0
SPY190712P295,2019-07-10,2019-07-10 09:30:58,0.26,0.5098,130,0.25,0.4901,2293,0.25,0.4901,50,0.255,0.5,0,0
SPY190712P295,2019-07-10,2019-07-10 09:30:59,0.26,0.5098,130,0.25,0.4901,2293,0.25,0.4901,50,0.255,0.5,0,0
SPY190712P295,2019-07-10,2019-07-10 09:31:00,0.26,0.5098,130,0.25,0.4901,2293,0.25,0.4901,60,0.255,0.5,0,0
SPY190712P295,2019-07-10,2019-07-10 09:31:01,0.26,0.5098,130,0.25,0.4901,2293,0.25,0.4901,60,0.255,0.5,0,0
SPY190712P295,2019-07-10,2019-07-10 09:31:02,0.26,0.5098,130,0.25,0.4901,2293,0.25,0.4901,60,0.255,0.5,0,0
SPY190712P295,2019-07-10,2019-07-10 09:31:03,0.26,0.5098,130,0.25,0.4901,2293,0.25,0.4901,60,0.255,0.5,0,0
SPY190712P295,2019-07-10,2019-07-10 09:31:04,0.26,0.5098,130,0.25,0.4901,2293,0.25,0.4901,60,0.255,0.5,0,0
SPY190712P295,2019-07-10,2019-07-10 09:31:05,0.26,0.5098,109,0.25,0.4901,2293,0.25,0.4901,60,0.255,0.5,0,0
SPY190712P295,2019-07-10,2019-07-10 09:31:05,0.26,0.5098,130,0.25,0.4901,1524,0.25,0.4901,60,0.255,0.5,0,0
SPY190712P295,2019-07-10,2019-07-10 09:31:06,0.26,0.5098,130,0.25,0.4901,1537,0.25,0.4901,60,0.255,0.5,0,0
SPY190712P295,2019-07-10,2019-07-10 09:31:06,0.26,0.5098,130,0.25,0.4901,1547,0.25,0.4901,60,0.255,0.5,0,0
SPY190712P295,2019-07-10,2019-07-10 09:31:07,0.26,0.5098,130,0.25,0.4901,1537,0.25,0.4901,60,0.255,0.5,0,0
SPY190712P295,2019-07-10,2019-07-10 09:31:08,0.26,0.5098,130,0.25,0.4901,1201,0.25,0.4901,60,0.255,0.5,0,0
SPY190712P295,2019-07-10,2019-07-10 09:31:08,0.26,0.5098,130,0.25,0.4901,1345,0.25,0.4901,60,0.255,0.5,0,0
SPY190712P295,2019-07-10,2019-07-10 09:31:09,0.26,0.5098,130,0.25,0.4901,1201,0.25,0.4901,60,0.255,0.5,0,0
SPY190712P295,2019-07-10,2019-07-10 09:31:09,0.26,0.5098,184,0.25,0.4901,1201,0.25,0.4901,60,0.255,0.5,0,0
SPY190712P295,2019-07-10,2019-07-10 09:31:10,0.26,0.5098,507,0.25,0.4901,445,0.25,0.4901,60,0.255,0.5,0,0
SPY190712P295,2019-07-10,2019-07-10 09:31:10,0.26,0.5098,322,0.25,0.4901,672,0.25,0.4901,60,0.255,0.5,0,0
SPY190712P295,2019-07-10,2019-07-10 09:31:11,0.26,0.5098,507,0.25,0.4901,445,0.25,0.4901,60,0.255,0.5,0,0
SPY190712P295,2019-07-10,2019-07-10 09:31:12,0.26,0.5098,507,0.25,0.4901,445,0.25,0.4901,60,0.255,0.5,0,0
SPY190712P295,2019-07-10,2019-07-10 09:31:12,0.26,0.5098,517,0.25,0.4901,830,0.25,0.4901,60,0.255,0.5,0,0
SPY190712P295,2019-07-10,2019-07-10 09:31:13,0.26,0.5098,517,0.25,0.4901,830,0.25,0.4901,60,0.255,0.5,0,0
SPY190712P295,2019-07-10,2019-07-10 09:31:13,0.26,0.5098,517,0.25,0.4901,809,0.25,0.4901,60,0.255,0.5,0,0
SPY190712P295,2019-07-10,2019-07-10 09:31:14,0.26,0.5098,544,0.25,0.4901,809,0.25,0.4901,60,0.255,0.5,0,0
SPY190712P295,2019-07-10,2019-07-10 09:31:15,0.26,0.5098,622,0.25,0.4901,1055,0.25,0.4901,60,0.255,0.5,0,0
SPY190712P295,2019-07-10,2019-07-10 09:31:16,0.25,0.4901,5,0.24,0.4705,1522,0.25,0.4901,60,0.245,0.4803,0,0
SPY190712P295,2019-07-10,2019-07-10 09:31:16,0.26,0.5098,375,0.25,0.4901,112,0.25,0.4901,60,0.255,0.5,0,0
SPY190712P295,2019-07-10,2019-07-10 09:31:17,0.25,0.4901,122,0.24,0.4705,1753,0.25,0.4901,60,0.245,0.4803,0,0
SPY190712P295,2019-07-10,2019-07-10 09:31:17,0.25,0.4901,301,0.24,0.4705,2503,0.25,0.4901,60,0.245,0.4803,0,0
SPY190712P295,2019-07-10,2019-07-10 09:31:18,0.25,0.4901,301,0.24,0.4705,2478,0.25,0.4901,60,0.245,0.4803,0,0
SPY190712P295,2019-07-10,2019-07-10 09:31:19,0.25,0.4901,301,0.24,0.4705,789,0.25,0.4901,60,0.245,0.4803,0,0
SPY190712P295,2019-07-10,2019-07-10 09:31:20,0.25,0.4901,267,0.24,0.4705,1634,0.25,0.4901,60,0.245,0.4803,0,0
SPY190712P295,2019-07-10,2019-07-10 09:31:20,0.25,0.4901,301,0.24,0.4705,1432,0.25,0.4901,60,0.245,0.4803,0,0
SPY190712P295,2019-07-10,2019-07-10 09:31:21,0.25,0.4901,296,0.24,0.4705,1634,0.25,0.4901,60,0.245,0.4803,0,0
SPY190712P295,2019-07-10,2019-07-10 09:31:21,0.25,0.4901,274,0.24,0.4705,2847,0.25,0.4901,60,0.245,0.4803,0,0
SPY190712P295,2019-07-10,2019-07-10 09:31:22,0.25,0.4901,274,0.24,0.4705,2847,0.25,0.4901,60,0.245,0.4803,0,0
SPY190712P295,2019-07-10,2019-07-10 09:31:23,0.25,0.4901,274,0.24,0.4705,2486,0.25,0.4901,60,0.245,0.4803,0,0
SPY190712P295,2019-07-10,2019-07-10 09:31:23,0.25,0.4901,274,0.24,0.4705,2829,0.25,0.4901,10,0.245,0.4803,0,0
SPY190712P295,2019-07-10,2019-07-10 09:31:24,0.25,0.4901,274,0.24,0.4705,1725,0.25,0.4901,10,0.245,0.4803,0,0
SPY190712P295,2019-07-10,2019-07-10 09:31:24,0.25,0.4901,274,0.24,0.4705,2797,0.25,0.4901,10,0.245,0.4803,0,0
SPY190712P295,2019-07-10,2019-07-10 09:31:25,0.25,0.4901,291,0.24,0.4705,1693,0.25,0.4901,10,0.245,0.4803,0,0
SPY190712P295,2019-07-10,2019-07-10 09:31:25,0.25,0.4901,274,0.24,0.4705,1725,0.25,0.4901,10,0.245,0.4803,0,0
SPY190712P295,2019-07-10,2019-07-10 09:31:26,0.25,0.4901,291,0.24,0.4705,1693,0.25,0.4901,10,0.245,0.4803,0,0
SPY190712P295,2019-07-10,2019-07-10 09:31:27,0.25,0.4901,274,0.24,0.4705,1725,0.25,0.4901,10,0.245,0.4803,0,0
SPY190712P295,2019-07-10,2019-07-10 09:31:27,0.25,0.4901,291,0.24,0.4705,1725,0.25,0.4901,10,0.245,0.4803,0,0
SPY190712P295,2019-07-10,2019-07-10 09:31:28,0.25,0.4901,291,0.24,0.4705,1842,0.25,0.4901,10,0.245,0.4803,0,0
SPY190712P295,2019-07-10,2019-07-10 09:31:28,0.25,0.4901,291,0.24,0.4705,1725,0.25,0.4901,10,0.245,0.4803,0,0
SPY190712P295,2019-07-10,2019-07-10 09:31:29,0.25,0.4901,291,0.24,0.4705,1725,0.25,0.4901,10,0.245,0.4803,0,0
SPY190712P295,2019-07-10,2019-07-10 09:31:29,0.25,0.4901,291,0.24,0.4705,1693,0.25,0.4901,10,0.245,0.4803,0,0
SPY190712P295,2019-07-10,2019-07-10 09:31:30,0.25,0.4901,291,0.24,0.4705,2439,0.25,0.4901,10,0.245,0.4803,0,0
SPY190712P295,2019-07-10,2019-07-10 09:31:31,0.26,0.5098,1036,0.25,0.4901,301,0.25,0.4901,20,0.255,0.5,0,0
SPY190712P295,2019-07-10,2019-07-10 09:31:31,0.25,0.4901,96,0.24,0.4705,2439,0.25,0.4901,10,0.245,0.4803,0,0
SPY190712P295,2019-07-10,2019-07-10 09:31:32,0.26,0.5098,247,0.25,0.4901,192,0.25,0.4901,20,0.255,0.5,0,0
SPY190712P295,2019-07-10,2019-07-10 09:31:33,0.26,0.5098,438,0.25,0.4901,222,0.25,0.4901,20,0.255,0.5,0,0
SPY190712P295,2019-07-10,2019-07-10 09:31:33,0.26,0.5098,438,0.25,0.4901,336,0.25,0.4901,20,0.255,0.5,0,0
SPY190712P295,2019-07-10,2019-07-10 09:31:34,0.26,0.5098,557,0.25,0.4901,336,0.25,0.4901,20,0.255,0.5,0,0
SPY190712P295,2019-07-10,2019-07-10 09:31:34,0.26,0.5098,262,0.25,0.4901,870,0.25,0.4901,20,0.255,0.5,0,0
SPY190712P295,2019-07-10,2019-07-10 09:31:35,0.26,0.5098,525,0.25,0.4901,386,0.25,0.4901,20,0.255,0.5,0,0
SPY190712P295,2019-07-10,2019-07-10 09:31:36,0.26,0.5098,548,0.25,0.4901,258,0.25,0.4901,20,0.255,0.5,0,0
SPY190712P295,2019-07-10,2019-07-10 09:31:36,0.26,0.5098,512,0.25,0.4901,192,0.25,0.4901,20,0.255,0.5,0,0
SPY190712P295,2019-07-10,2019-07-10 09:31:37,0.26,0.5098,524,0.25,0.4901,355,0.25,0.4901,20,0.255,0.5,0,0
SPY190712P295,2019-07-10,2019-07-10 09:31:37,0.26,0.5098,258,0.25,0.4901,356,0.25,0.4901,20,0.255,0.5,0,0
SPY190712P295,2019-07-10,2019-07-10 09:31:38,0.26,0.5098,614,0.25,0.4901,355,0.25,0.4901,20,0.255,0.5,0,0
SPY190712P295,2019-07-10,2019-07-10 09:31:39,0.26,0.5098,308,0.25,0.4901,694,0.25,0.4901,20,0.255,0.5,0,0
SPY190712P295,2019-07-10,2019-07-10 09:31:39,0.26,0.5098,308,0.25,0.4901,1349,0.25,0.4901,20,0.255,0.5,0,0
SPY190712P295,2019-07-10,2019-07-10 09:31:40,0.26,0.5098,197,0.25,0.4901,1173,0.25,0.4901,20,0.255,0.5,0,0
SPY190712P295,2019-07-10,2019-07-10 09:31:41,0.26,0.5098,233,0.25,0.4901,2094,0.25,0.4901,26,0.255,0.5,0,0
SPY190712P295,2019-07-10,2019-07-10 09:31:41,0.26,0.5098,201,0.25,0.4901,2214,0.25,0.4901,26,0.255,0.5,0,0
SPY190712P295,2019-07-10,2019-07-10 09:31:42,0.26,0.5098,201,0.25,0.4901,1870,0.25,0.4901,26,0.255,0.5,0,0
SPY190712P295,2019-07-10,2019-07-10 09:31:43,0.26,0.5098,266,0.25,0.4901,997,0.25,0.4901,26,0.255,0.5,0,0
SPY190712P295,2019-07-10,2019-07-10 09:31:44,0.26,0.5098,266,0.25,0.4901,697,0.25,0.4901,26,0.255,0.5,0,0
SPY190712P295,2019-07-10,2019-07-10 09:31:44,0.26,0.5098,266,0.25,0.4901,997,0.25,0.4901,26,0.255,0.5,0,0
SPY190712P295,2019-07-10,2019-07-10 09:31:45,0.25,0.4901,5,0.24,0.4705,2458,0.25,0.4901,26,0.245,0.4803,0,0
SPY190712P295,2019-07-10,2019-07-10 09:31:46,0.25,0.4901,100,0.24,0.4705,2458,0.25,0.4901,26,0.245,0.4803,0,0
SPY190712P295,2019-07-10,2019-07-10 09:31:46,0.25,0.4901,5,0.24,0.4705,2458,0.25,0.4901,26,0.245,0.4803,0,0
SPY190712P295,2019-07-10,2019-07-10 09:31:47,0.25,0.4901,96,0.24,0.4705,2249,0.25,0.4901,26,0.245,0.4803,0,0
SPY190712P295,2019-07-10,2019-07-10 09:31:47,0.25,0.4901,96,0.24,0.4705,2546,0.25,0.4901,26,0.245,0.4803,0,0
SPY190712P295,2019-07-10,2019-07-10 09:31:48,0.25,0.4901,96,0.24,0.4705,2546,0.25,0.4901,26,0.245,0.4803,0,0
SPY190712P295,2019-07-10,2019-07-10 09:31:48,0.25,0.4901,96,0.24,0.4705,2546,0.24,0.4705,100,0.245,0.4803,0,0
SPY190712P295,2019-07-10,2019-07-10 09:31:49,0.25,0.4901,96,0.24,0.4705,2382,0.24,0.4705,100,0.245,0.4803,0,0
SPY190712P295,2019-07-10,2019-07-10 09:31:50,0.25,0.4901,161,0.24,0.4705,1598,0.24,0.4705,100,0.245,0.4803,0,0
SPY190712P295,2019-07-10,2019-07-10 09:31:50,0.25,0.4901,161,0.24,0.4705,1502,0.24,0.4705,100,0.245,0.4803,0,0
SPY190712P295,2019-07-10,2019-07-10 09:31:51,0.25,0.4901,161,0.24,0.4705,1502,0.24,0.4705,100,0.245,0.4803,0,0
SPY190712P295,2019-07-10,2019-07-10 09:31:51,0.25,0.4901,161,0.24,0.4705,2115,0.24,0.4705,100,0.245,0.4803,0,0
SPY190712P295,2019-07-10,2019-07-10 09:31:52,0.25,0.4901,144,0.24,0.4705,2115,0.24,0.4705,100,0.245,0.4803,0,0
SPY190712P295,2019-07-10,2019-07-10 09:31:52,0.25,0.4901,161,0.24,0.4705,2115,0.24,0.4705,100,0.245,0.4803,0,0
SPY190712P295,2019-07-10,2019-07-10 09:31:53,0.25,0.4901,292,0.24,0.4705,1174,0.24,0.4705,100,0.245,0.4803,0,0
SPY190712P295,2019-07-10,2019-07-10 09:31:54,0.25,0.4901,1027,0.24,0.4705,1174,0.24,0.4705,100,0.245,0.4803,0,0
SPY190712P295,2019-07-10,2019-07-10 09:31:55,0.25,0.4901,1017,0.24,0.4705,1174,0.24,0.4705,2,0.245,0.4803,0,0
SPY190712P295,2019-07-10,2019-07-10 09:31:55,0.25,0.4901,1027,0.24,0.4705,1174,0.24,0.4705,100,0.245,0.4803,0,0
SPY190712P295,2019-07-10,2019-07-10 09:31:56,0.25,0.4901,466,0.24,0.4705,1174,0.24,0.4705,2,0.245,0.4803,0,0
SPY190712P295,2019-07-10,2019-07-10 09:31:56,0.25,0.4901,1017,0.24,0.4705,1174,0.24,0.4705,2,0.245,0.4803,0,0
SPY190712P295,2019-07-10,2019-07-10 09:31:57,0.25,0.4901,748,0.24,0.4705,1174,0.24,0.4705,2,0.245,0.4803,0,0
SPY190712P295,2019-07-10,2019-07-10 09:31:57,0.25,0.4901,916,0.24,0.4705,1174,0.24,0.4705,2,0.245,0.4803,0,0
SPY190712P295,2019-07-10,2019-07-10 09:31:58,0.25,0.4901,964,0.24,0.4705,1066,0.24,0.4705,2,0.245,0.4803,0,0
SPY190712P295,2019-07-10,2019-07-10 09:31:59,0.25,0.4901,964,0.24,0.4705,1066,0.24,0.4705,2,0.245,0.4803,0,0
SPY190712P295,2019-07-10,2019-07-10 09:32:00,0.25,0.4901,964,0.24,0.4705,1066,0.24,0.4705,2,0.245,0.4803,0,0
SPY190712P295,2019-07-10,2019-07-10 09:32:01,0.25,0.4901,768,0.24,0.4705,482,0.24,0.4705,2,0.245,0.4803,0,0
SPY190712P295,2019-07-10,2019-07-10 09:32:01,0.25,0.4901,768,0.24,0.4705,448,0.24,0.4705,2,0.245,0.4803,0,0
SPY190712P295,2019-07-10,2019-07-10 09:32:02,0.25,0.4901,768,0.24,0.4705,553,0.24,0.4705,2,0.245,0.4803,0,0
SPY190712P295,2019-07-10,2019-07-10 09:32:02,0.25,0.4901,1210,0.24,0.4705,677,0.24,0.4705,2,0.245,0.4803,0,0
SPY190712P295,2019-07-10,2019-07-10 09:32:03,0.25,0.4901,1210,0.24,0.4705,677,0.24,0.4705,2,0.245,0.4803,0,0
SPY190712P295,2019-07-10,2019-07-10 09:32:04,0.25,0.4901,482,0.24,0.4705,599,0.24,0.4705,2,0.245,0.4803,0,0
SPY190712P295,2019-07-10,2019-07-10 09:32:04,0.25,0.4901,302,0.24,0.4705,465,0.24,0.4705,2,0.245,0.4803,0,0
SPY190712P295,2019-07-10,2019-07-10 09:32:05,0.25,0.4901,484,0.24,0.4705,1772,0.24,0.4705,2,0.245,0.4803,0,0
SPY190712P295,2019-07-10,2019-07-10 09:32:05,0.25,0.4901,514,0.24,0.4705,1275,0.24,0.4705,3,0.245,0.4803,0,0
SPY190712P295,2019-07-10,2019-07-10 09:32:06,0.25,0.4901,514,0.24,0.4705,1275,0.24,0.4705,3,0.245,0.4803,0,0
SPY190712P295,2019-07-10,2019-07-10 09:32:06,0.25,0.4901,539,0.24,0.4705,1275,0.24,0.4705,3,0.245,0.4803,0,0
SPY190712P295,2019-07-10,2019-07-10 09:32:07,0.25,0.4901,402,0.24,0.4705,1352,0.24,0.4705,3,0.245,0.4803,0,0
SPY190712P295,2019-07-10,2019-07-10 09:32:08,0.25,0.4901,402,0.24,0.4705,1352,0.24,0.4705,3,0.245,0.4803,0,0
SPY190712P295,2019-07-10,2019-07-10 09:32:09,0.25,0.4901,787,0.24,0.4705,1352,0.24,0.4705,3,0.245,0.4803,0,0
SPY190712P295,2019-07-10,2019-07-10 09:32:09,0.25,0.4901,515,0.24,0.4705,1074,0.24,0.4705,3,0.245,0.4803,0,0
SPY190712P295,2019-07-10,2019-07-10 09:32:10,0.25,0.4901,1212,0.24,0.4705,1352,0.24,0.4705,3,0.245,0.4803,0,0
SPY190712P295,2019-07-10,2019-07-10 09:32:10,0.25,0.4901,802,0.24,0.4705,1352,0.24,0.4705,3,0.245,0.4803,0,0
SPY190712P295,2019-07-10,2019-07-10 09:32:11,0.25,0.4901,1696,0.24,0.4705,2124,0.24,0.4705,3,0.245,0.4803,0,0
SPY190712P295,2019-07-10,2019-07-10 09:32:11,0.25,0.4901,1275,0.24,0.4705,655,0.24,0.4705,3,0.245,0.4803,0,0
SPY190712P295,2019-07-10,2019-07-10 09:32:12,0.25,0.4901,1307,0.24,0.4705,541,0.24,0.4705,3,0.245,0.4803,0,0
SPY190712P295,2019-07-10,2019-07-10 09:32:12,0.25,0.4901,2002,0.24,0.4705,448,0.24,0.4705,3,0.245,0.4803,0,0
SPY190712P295,2019-07-10,2019-07-10 09:32:13,0.25,0.4901,1964,0.24,0.4705,449,0.24,0.4705,3,0.245,0.4803,0,0
SPY190712P295,2019-07-10,2019-07-10 09:32:14,0.25,0.4901,1873,0.24,0.4705,569,0.24,0.4705,3,0.245,0.4803,0,0
SPY190712P295,2019-07-10,2019-07-10 09:32:15,0.25,0.4901,1828,0.24,0.4705,148,0.24,0.4705,3,0.245,0.4803,0,0
SPY190712P295,2019-07-10,2019-07-10 09:32:15,0.25,0.4901,1828,0.24,0.4705,509,0.24,0.4705,3,0.245,0.4803,0,0
SPY190712P295,2019-07-10,2019-07-10 09:32:16,0.25,0.4901,1828,0.24,0.4705,203,0.24,0.4705,3,0.245,0.4803,0,0
SPY190712P295,2019-07-10,2019-07-10 09:32:17,0.25,0.4901,2805,0.24,0.4705,475,0.24,0.4705,3,0.245,0.4803,0,0
SPY190712P295,2019-07-10,2019-07-10 09:32:17,0.25,0.4901,1828,0.24,0.4705,475,0.24,0.4705,3,0.245,0.4803,0,0
SPY190712P295,2019-07-10,2019-07-10 09:32:18,0.25,0.4901,2805,0.24,0.4705,193,0.24,0.4705,3,0.245,0.4803,0,0
SPY190712P295,2019-07-10,2019-07-10 09:32:18,0.25,0.4901,2898,0.24,0.4705,193,0.24,0.4705,3,0.245,0.4803,0,0
SPY190712P295,2019-07-10,2019-07-10 09:32:19,0.25,0.4901,1268,0.24,0.4705,193,0.24,0.4705,3,0.245,0.4803,0,0
SPY190712P295,2019-07-10,2019-07-10 09:32:19,0.25,0.4901,2762,0.23,0.4509,3711,0.24,0.4705,3,0.24,0.4705,0,0
SPY190712P295,2019-07-10,2019-07-10 09:32:20,0.25,0.4901,3323,0.23,0.4509,3983,0.24,0.4705,3,0.24,0.4705,0,0
SPY190712P295,2019-07-10,2019-07-10 09:32:20,0.25,0.4901,3323,0.23,0.4509,2946,0.24,0.4705,3,0.24,0.4705,0,0
SPY190712P295,2019-07-10,2019-07-10 09:32:21,0.24,0.4705,357,0.23,0.4509,2610,0.24,0.4705,3,0.235,0.4607,0,0
SPY190712P295,2019-07-10,2019-07-10 09:32:21,0.24,0.4705,357,0.23,0.4509,2888,0.24,0.4705,3,0.235,0.4607,0,0
SPY190712P295,2019-07-10,2019-07-10 09:32:22,0.24,0.4705,311,0.23,0.4509,2676,0.24,0.4705,3,0.235,0.4607,0,0
SPY190712P295,2019-07-10,2019-07-10 09:32:23,0.24,0.4705,1086,0.23,0.4509,2676,0.23,0.4509,1,0.235,0.4607,0,0
SPY190712P295,2019-07-10,2019-07-10 09:32:23,0.24,0.4705,670,0.23,0.4509,2676,0.23,0.4509,1,0.235,0.4607,0,0
SPY190712P295,2019-07-10,2019-07-10 09:32:24,0.24,0.4705,1511,0.23,0.4509,2676,0.23,0.4509,1,0.235,0.4607,0,0
SPY190712P295,2019-07-10,2019-07-10 09:32:24,0.24,0.4705,1643,0.23,0.4509,2676,0.23,0.4509,1,0.235,0.4607,0,0
SPY190712P295,2019-07-10,2019-07-10 09:32:25,0.24,0.4705,1643,0.23,0.4509,2780,0.23,0.4509,1,0.235,0.4607,0,0
SPY190712P295,2019-07-10,2019-07-10 09:32:25,0.24,0.4705,1643,0.23,0.4509,2676,0.23,0.4509,1,0.235,0.4607,0,0
SPY190712P295,2019-07-10,2019-07-10 09:32:26,0.24,0.4705,1543,0.23,0.4509,3197,0.23,0.4509,1,0.235,0.4607,0,0
SPY190712P295,2019-07-10,2019-07-10 09:32:27,0.24,0.4705,1643,0.23,0.4509,3197,0.23,0.4509,1,0.235,0.4607,0,0
SPY190712P295,2019-07-10,2019-07-10 09:32:28,0.24,0.4705,1643,0.23,0.4509,3197,0.23,0.4509,1,0.235,0.4607,0,0
SPY190712P295,2019-07-10,2019-07-10 09:32:28,0.24,0.4705,1052,0.23,0.4509,2347,0.23,0.4509,1,0.235,0.4607,0,0
SPY190712P295,2019-07-10,2019-07-10 09:32:29,0.24,0.4705,1725,0.23,0.4509,3441,0.23,0.4509,1,0.235,0.4607,0,0
SPY190712P295,2019-07-10,2019-07-10 09:32:29,0.24,0.4705,1665,0.23,0.4509,3304,0.23,0.4509,1,0.235,0.4607,0,0
SPY190712P295,2019-07-10,2019-07-10 09:32:30,0.24,0.4705,1665,0.23,0.4509,3304,0.23,0.4509,1,0.235,0.4607,0,0
SPY190712P295,2019-07-10,2019-07-10 09:32:30,0.24,0.4705,1565,0.23,0.4509,3304,0.23,0.4509,1,0.235,0.4607,0,0
SPY190712P295,2019-07-10,2019-07-10 09:32:31,0.24,0.4705,1565,0.23,0.4509,3304,0.23,0.4509,1,0.235,0.4607,0,0
SPY190712P295,2019-07-10,2019-07-10 09:32:32,0.24,0.4705,1547,0.23,0.4509,3304,0.23,0.4509,1,0.235,0.4607,0,0
SPY190712P295,2019-07-10,2019-07-10 09:32:32,0.24,0.4705,1547,0.23,0.4509,3304,0.24,0.4705,5,0.235,0.4607,0,0
SPY190712P295,2019-07-10,2019-07-10 09:32:33,0.24,0.4705,1579,0.23,0.4509,3304,0.23,0.4509,4,0.235,0.4607,0,0
SPY190712P295,2019-07-10,2019-07-10 09:32:34,0.24,0.4705,1579,0.23,0.4509,3304,0.23,0.4509,4,0.235,0.4607,0,0
SPY190712P295,2019-07-10,2019-07-10 09:32:35,0.24,0.4705,1579,0.23,0.4509,3304,0.23,0.4509,4,0.235,0.4607,0,0
SPY190712P295,2019-07-10,2019-07-10 09:32:35,0.24,0.4705,1579,0.23,0.4509,3304,0.23,0.4509,1,0.235,0.4607,0,0
SPY190712P295,2019-07-10,2019-07-10 09:32:36,0.24,0.4705,1579,0.23,0.4509,3304,0.23,0.4509,1,0.235,0.4607,0,0
SPY190712P295,2019-07-10,2019-07-10 09:32:37,0.24,0.4705,2605,0.23,0.4509,3235,0.23,0.4509,1,0.235,0.4607,0,0
SPY190712P295,2019-07-10,2019-07-10 09:32:38,0.24,0.4705,1718,0.23,0.4509,2227,0.23,0.4509,1,0.235,0.4607,0,0
SPY190712P295,2019-07-10,2019-07-10 09:32:39,0.24,0.4705,3815,0.23,0.4509,2096,0.23,0.4509,1,0.235,0.4607,0,0
SPY190712P295,2019-07-10,2019-07-10 09:32:39,0.24,0.4705,1718,0.23,0.4509,2227,0.23,0.4509,1,0.235,0.4607,0,0
SPY190712P295,2019-07-10,2019-07-10 09:32:40,0.24,0.4705,2918,0.23,0.4509,1379,0.23,0.4509,1,0.235,0.4607,0,0
SPY190712P295,2019-07-10,2019-07-10 09:32:40,0.24,0.4705,4104,0.23,0.4509,2120,0.23,0.4509,1,0.235,0.4607,0,0
SPY190712P295,2019-07-10,2019-07-10 09:32:41,0.24,0.4705,4104,0.23,0.4509,2120,0.23,0.4509,1,0.235,0.4607,0,0
SPY190712P295,2019-07-10,2019-07-10 09:32:41,0.24,0.4705,4181,0.23,0.4509,2186,0.23,0.4509,1,0.235,0.4607,0,0
SPY190712P295,2019-07-10,2019-07-10 09:32:42,0.24,0.4705,4213,0.23,0.4509,2016,0.23,0.4509,1,0.235,0.4607,0,0
SPY190712P295,2019-07-10,2019-07-10 09:32:43,0.24,0.4705,4213,0.23,0.4509,2016,0.23,0.4509,1,0.235,0.4607,0,0
SPY190712P295,2019-07-10,2019-07-10 09:32:43,0.24,0.4705,4181,0.23,0.4509,2016,0.23,0.4509,1,0.235,0.4607,0,0
SPY190712P295,2019-07-10,2019-07-10 09:32:45,0.24,0.4705,4016,0.23,0.4509,953,0.23,0.4509,1,0.235,0.4607,0,0
SPY190712P295,2019-07-10,2019-07-10 09:32:45,0.24,0.4705,4016,0.23,0.4509,762,0.23,0.4509,1,0.235,0.4607,0,0
SPY190712P295,2019-07-10,2019-07-10 09:32:46,0.24,0.4705,2832,0.23,0.4509,432,0.23,0.4509,1,0.235,0.4607,0,0
SPY190712P295,2019-07-10,2019-07-10 09:32:47,0.24,0.4705,2832,0.23,0.4509,1226,0.23,0.4509,1,0.235,0.4607,0,0
SPY190712P295,2019-07-10,2019-07-10 09:32:47,0.24,0.4705,2832,0.23,0.4509,1121,0.23,0.4509,1,0.235,0.4607,0,0
SPY190712P295,2019-07-10,2019-07-10 09:32:48,0.24,0.4705,2832,0.23,0.4509,1226,0.23,0.4509,1,0.235,0.4607,0,0
SPY190712P295,2019-07-10,2019-07-10 09:32:49,0.24,0.4705,2832,0.23,0.4509,1226,0.23,0.4509,1,0.235,0.4607,0,0
SPY190712P295,2019-07-10,2019-07-10 09:32:50,0.24,0.4705,3055,0.23,0.4509,475,0.23,0.4509,1,0.235,0.4607,0,0
SPY190712P295,2019-07-10,2019-07-10 09:32:50,0.24,0.4705,2832,0.23,0.4509,465,0.23,0.4509,1,0.235,0.4607,0,0
SPY190712P295,2019-07-10,2019-07-10 09:32:51,0.24,0.4705,2421,0.23,0.4509,255,0.23,0.4509,1,0.235,0.4607,0,0
SPY190712P295,2019-07-10,2019-07-10 09:32:51,0.24,0.4705,2553,0.23,0.4509,80,0.23,0.4509,1,0.235,0.4607,0,0
SPY190712P295,2019-07-10,2019-07-10 09:32:52,0.24,0.4705,2993,0.23,0.4509,50,0.23,0.4509,1,0.235,0.4607,0,0
SPY190712P295,2019-07-10,2019-07-10 09:32:52,0.24,0.4705,3025,0.23,0.4509,80,0.23,0.4509,1,0.235,0.4607,0,0
SPY190712P295,2019-07-10,2019-07-10 09:32:53,0.24,0.4705,3145,0.23,0.4509,50,0.23,0.4509,1,0.235,0.4607,0,0
SPY190712P295,2019-07-10,2019-07-10 09:32:54,0.24,0.4705,3145,0.23,0.4509,176,0.23,0.4509,1,0.235,0.4607,0,0
SPY190712P295,2019-07-10,2019-07-10 09:32:55,0.24,0.4705,3145,0.23,0.4509,126,0.23,0.4509,1,0.235,0.4607,0,0
SPY190712P295,2019-07-10,2019-07-10 09:32:56,0.24,0.4705,3145,0.22,0.4313,3191,0.23,0.4509,1,0.23,0.4509,0,0
SPY190712P295,2019-07-10,2019-07-10 09:32:57,0.23,0.4509,5,0.22,0.4313,2339,0.23,0.4509,1,0.225,0.4411,0,0
SPY190712P295,2019-07-10,2019-07-10 09:32:57,0.24,0.4705,3145,0.23,0.4509,96,0.23,0.4509,1,0.235,0.4607,0,0
SPY190712P295,2019-07-10,2019-07-10 09:32:58,0.24,0.4705,3025,0.22,0.4313,4259,0.23,0.4509,1,0.23,0.4509,0,0
SPY190712P295,2019-07-10,2019-07-10 09:32:58,0.24,0.4705,3080,0.23,0.4509,96,0.23,0.4509,1,0.235,0.4607,0,0
SPY190712P295,2019-07-10,2019-07-10 09:32:59,0.24,0.4705,3080,0.23,0.4509,96,0.23,0.4509,1,0.235,0.4607,0,0
SPY190712P295,2019-07-10,2019-07-10 09:33:00,0.24,0.4705,3170,0.23,0.4509,96,0.23,0.4509,1,0.235,0.4607,0,0
SPY190712P295,2019-07-10,2019-07-10 09:33:01,0.24,0.4705,4306,0.23,0.4509,96,0.23,0.4509,1,0.235,0.4607,0,0
SPY190712P295,2019-07-10,2019-07-10 09:33:02,0.24,0.4705,4306,0.23,0.4509,96,0.23,0.4509,1,0.235,0.4607,0,0
SPY190712P295,2019-07-10,2019-07-10 09:33:03,0.24,0.4705,3618,0.23,0.4509,586,0.23,0.4509,1,0.235,0.4607,0,0
SPY190712P295,2019-07-10,2019-07-10 09:33:04,0.24,0.4705,2771,0.23,0.4509,586,0.24,0.4705,10,0.235,0.4607,0,0
SPY190712P295,2019-07-10,2019-07-10 09:33:04,0.24,0.4705,2717,0.23,0.4509,586,0.23,0.4509,1,0.235,0.4607,0,0
SPY190712P295,2019-07-10,2019-07-10 09:33:06,0.24,0.4705,1912,0.23,0.4509,145,0.23,0.4509,4,0.235,0.4607,0,0
SPY190712P295,2019-07-10,2019-07-10 09:33:06,0.24,0.4705,2468,0.23,0.4509,178,0.23,0.4509,4,0.235,0.4607,0,0
SPY190712P295,2019-07-10,2019-07-10 09:33:07,0.24,0.4705,2982,0.23,0.4509,146,0.23,0.4509,4,0.235,0.4607,0,0
SPY190712P295,2019-07-10,2019-07-10 09:33:07,0.24,0.4705,2611,0.23,0.4509,145,0.23,0.4509,4,0.235,0.4607,0,0
SPY190712P295,2019-07-10,2019-07-10 09:33:08,0.24,0.4705,3014,0.23,0.4509,146,0.23,0.4509,4,0.235,0.4607,0,0
SPY190712P295,2019-07-10,2019-07-10 09:33:08,0.24,0.4705,3123,0.23,0.4509,130,0.23,0.4509,4,0.235,0.4607,0,0
SPY190712P295,2019-07-10,2019-07-10 09:33:09,0.24,0.4705,4242,0.23,0.4509,130,0.23,0.4509,4,0.235,0.4607,0,0
SPY190712P295,2019-07-10,2019-07-10 09:33:09,0.24,0.4705,4413,0.23,0.4509,130,0.23,0.4509,4,0.235,0.4607,0,0
SPY190712P295,2019-07-10,2019-07-10 09:33:10,0.24,0.4705,2914,0.23,0.4509,96,0.23,0.4509,4,0.235,0.4607,0,0
SPY190712P295,2019-07-10,2019-07-10 09:33:11,0.24,0.4705,3105,0.23,0.4509,137,0.23,0.4509,4,0.235,0.4607,0,0
SPY190712P295,2019-07-10,2019-07-10 09:33:11,0.24,0.4705,3014,0.23,0.4509,121,0.23,0.4509,4,0.235,0.4607,0,0
SPY190712P295,2019-07-10,2019-07-10 09:33:12,0.23,0.4509,156,0.22,0.4313,1436,0.23,0.4509,4,0.225,0.4411,0,0
SPY190712P295,2019-07-10,2019-07-10 09:33:12,0.24,0.4705,3105,0.23,0.4509,96,0.23,0.4509,4,0.235,0.4607,0,0
SPY190712P295,2019-07-10,2019-07-10 09:33:13,0.23,0.4509,931,0.22,0.4313,2203,0.23,0.4509,4,0.225,0.4411,0,0
SPY190712P295,2019-07-10,2019-07-10 09:33:13,0.23,0.4509,1251,0.22,0.4313,2339,0.23,0.4509,4,0.225,0.4411,0,0
SPY190712P295,2019-07-10,2019-07-10 09:33:14,0.23,0.4509,940,0.22,0.4313,2204,0.23,0.4509,4,0.225,0.4411,0,0
SPY190712P295,2019-07-10,2019-07-10 09:33:14,0.23,0.4509,1941,0.22,0.4313,2339,0.23,0.4509,4,0.225,0.4411,0,0
SPY190712P295,2019-07-10,2019-07-10 09:33:15,0.23,0.4509,966,0.22,0.4313,2172,0.23,0.4509,4,0.225,0.4411,0,0
SPY190712P295,2019-07-10,2019-07-10 09:33:15,0.23,0.4509,208,0.22,0.4313,1822,0.23,0.4509,4,0.225,0.4411,0,0
SPY190712P295,2019-07-10,2019-07-10 09:33:16,0.23,0.4509,862,0.22,0.4313,1463,0.23,0.4509,4,0.225,0.4411,0,0
SPY190712P295,2019-07-10,2019-07-10 09:33:17,0.23,0.4509,1030,0.22,0.4313,2190,0.23,0.4509,4,0.225,0.4411,0,0
SPY190712P295,2019-07-10,2019-07-10 09:33:17,0.23,0.4509,1027,0.22,0.4313,1160,0.23,0.4509,4,0.225,0.4411,0,0
SPY190712P295,2019-07-10,2019-07-10 09:33:18,0.23,0.4509,727,0.22,0.4313,2260,0.23,0.4509,4,0.225,0.4411,0,0
SPY190712P295,2019-07-10,2019-07-10 09:33:19,0.23,0.4509,208,0.22,0.4313,2758,0.23,0.4509,4,0.225,0.4411,0,0
SPY190712P295,2019-07-10,2019-07-10 09:33:20,0.23,0.4509,360,0.22,0.4313,2573,0.23,0.4509,4,0.225,0.4411,0,0
SPY190712P295,2019-07-10,2019-07-10 09:33:20,0.23,0.4509,240,0.22,0.4313,2302,0.23,0.4509,4,0.225,0.4411,0,0
SPY190712P295,2019-07-10,2019-07-10 09:33:21,0.23,0.4509,639,0.22,0.4313,2573,0.23,0.4509,4,0.225,0.4411,0,0
SPY190712P295,2019-07-10,2019-07-10 09:33:22,0.23,0.4509,560,0.22,0.4313,3658,0.23,0.4509,4,0.225,0.4411,0,0
SPY190712P295,2019-07-10,2019-07-10 09:33:22,0.23,0.4509,681,0.22,0.4313,3710,0.23,0.4509,4,0.225,0.4411,0,0
SPY190712P295,2019-07-10,2019-07-10 09:33:23,0.24,0.4705,987,0.22,0.4313,2903,0.23,0.4509,4,0.23,0.4509,0,0
SPY190712P295,2019-07-10,2019-07-10 09:33:24,0.23,0.4509,240,0.22,0.4313,2273,0.23,0.4509,10,0.225,0.4411,0,0
SPY190712P295,2019-07-10,2019-07-10 09:33:24,0.23,0.4509,156,0.22,0.4313,2971,0.23,0.4509,10,0.225,0.4411,0,0
SPY190712P295,2019-07-10,2019-07-10 09:33:25,0.24,0.4705,2257,0.23,0.4509,211,0.23,0.4509,10,0.235,0.4607,0,0
SPY190712P295,2019-07-10,2019-07-10 09:33:25,0.23,0.4509,300,0.22,0.4313,3274,0.23,0.4509,10,0.225,0.4411,0,0
SPY190712P295,2019-07-10,2019-07-10 09:33:26,0.24,0.4705,2257,0.23,0.4509,176,0.23,0.4509,10,0.235,0.4607,0,0
SPY190712P295,2019-07-10,2019-07-10 09:33:26,0.24,0.4705,2831,0.22,0.4313,4081,0.23,0.4509,10,0.23,0.4509,0,0
SPY190712P295,2019-07-10,2019-07-10 09:33:27,0.23,0.4509,601,0.22,0.4313,3858,0.23,0.4509,10,0.225,0.4411,0,0
SPY190712P295,2019-07-10,2019-07-10 09:33:27,0.24,0.4705,2569,0.23,0.4509,22,0.23,0.4509,10,0.235,0.4607,0,0
SPY190712P295,2019-07-10,2019-07-10 09:33:28,0.23,0.4509,601,0.22,0.4313,2981,0.23,0.4509,10,0.225,0.4411,0,0
SPY190712P295,2019-07-10,2019-07-10 09:33:29,0.23,0.4509,1241,0.22,0.4313,3640,0.23,0.4509,10,0.225,0.4411,0,0
SPY190712P295,2019-07-10,2019-07-10 09:33:29,0.23,0.4509,601,0.22,0.4313,3640,0.23,0.4509,10,0.225,0.4411,0,0
SPY190712P295,2019-07-10,2019-07-10 09:33:30,0.23,0.4509,427,0.22,0.4313,1775,0.23,0.4509,10,0.225,0.4411,0,0
SPY190712P295,2019-07-10,2019-07-10 09:33:30,0.23,0.4509,130,0.22,0.4313,5527,0.23,0.4509,10,0.225,0.4411,0,0
SPY190712P295,2019-07-10,2019-07-10 09:33:31,0.23,0.4509,130,0.22,0.4313,6125,0.23,0.4509,10,0.225,0.4411,0,0
SPY190712P295,2019-07-10,2019-07-10 09:33:32,0.24,0.4705,2170,0.23,0.4509,5,0.23,0.4509,10,0.235,0.4607,0,0
SPY190712P295,2019-07-10,2019-07-10 09:33:32,0.23,0.4509,130,0.22,0.4313,6125,0.23,0.4509,10,0.225,0.4411,0,0
SPY190712P295,2019-07-10,2019-07-10 09:33:33,0.24,0.4705,1513,0.23,0.4509,6,0.23,0.4509,10,0.235,0.4607,0,0
SPY190712P295,2019-07-10,2019-07-10 09:33:33,0.24,0.4705,1816,0.23,0.4509,6,0.23,0.4509,10,0.235,0.4607,0,0
SPY190712P295,2019-07-10,2019-07-10 09:33:34,0.24,0.4705,1816,0.23,0.4509,6,0.23,0.4509,10,0.235,0.4607,0,0
SPY190712P295,2019-07-10,2019-07-10 09:33:35,0.24,0.4705,1727,0.23,0.4509,2135,0.23,0.4509,10,0.235,0.4607,0,0
SPY190712P295,2019-07-10,2019-07-10 09:33:35,0.24,0.4705,1424,0.23,0.4509,2404,0.23,0.4509,4,0.235,0.4607,0,0
SPY190712P295,2019-07-10,2019-07-10 09:33:36,0.24,0.4705,1324,0.23,0.4509,3458,0.23,0.4509,4,0.235,0.4607,0,0
SPY190712P295,2019-07-10,2019-07-10 09:33:36,0.24,0.4705,466,0.23,0.4509,2073,0.23,0.4509,4,0.235,0.4607,0,0
SPY190712P295,2019-07-10,2019-07-10 09:33:37,0.24,0.4705,133,0.23,0.4509,1937,0.23,0.4509,4,0.235,0.4607,0,0
SPY190712P295,2019-07-10,2019-07-10 09:33:37,0.24,0.4705,226,0.23,0.4509,2240,0.23,0.4509,4,0.235,0.4607,0,0
SPY190712P295,2019-07-10,2019-07-10 09:33:38,0.24,0.4705,466,0.23,0.4509,2272,0.23,0.4509,4,0.235,0.4607,0,0
SPY190712P295,2019-07-10,2019-07-10 09:33:39,0.24,0.4705,396,0.23,0.4509,2692,0.23,0.4509,4,0.235,0.4607,0,0
SPY190712P295,2019-07-10,2019-07-10 09:33:40,0.24,0.4705,386,0.23,0.4509,2692,0.23,0.4509,4,0.235,0.4607,0,0
SPY190712P295,2019-07-10,2019-07-10 09:33:40,0.24,0.4705,396,0.23,0.4509,2692,0.23,0.4509,4,0.235,0.4607,0,0
SPY190712P295,2019-07-10,2019-07-10 09:33:41,0.24,0.4705,356,0.23,0.4509,3608,0.23,0.4509,4,0.235,0.4607,0,0
SPY190712P295,2019-07-10,2019-07-10 09:33:41,0.24,0.4705,368,0.23,0.4509,2847,0.23,0.4509,4,0.235,0.4607,0,0
SPY190712P295,2019-07-10,2019-07-10 09:33:42,0.24,0.4705,181,0.23,0.4509,3608,0.23,0.4509,4,0.235,0.4607,0,0
SPY190712P295,2019-07-10,2019-07-10 09:33:42,0.24,0.4705,191,0.23,0.4509,3608,0.23,0.4509,4,0.235,0.4607,0,0
SPY190712P295,2019-07-10,2019-07-10 09:33:43,0.24,0.4705,191,0.23,0.4509,3936,0.23,0.4509,4,0.235,0.4607,0,0
SPY190712P295,2019-07-10,2019-07-10 09:33:44,0.24,0.4705,191,0.23,0.4509,3936,0.24,0.4705,125,0.235,0.4607,0,0
SPY190712P295,2019-07-10,2019-07-10 09:33:44,0.24,0.4705,191,0.23,0.4509,3989,0.24,0.4705,125,0.235,0.4607,0,0
SPY190712P295,2019-07-10,2019-07-10 09:33:45,0.24,0.4705,191,0.23,0.4509,3989,0.24,0.4705,125,0.235,0.4607,0,0
SPY190712P295,2019-07-10,2019-07-10 09:33:46,0.24,0.4705,191,0.23,0.4509,3989,0.24,0.4705,125,0.235,0.4607,0,0
SPY190712P295,2019-07-10,2019-07-10 09:33:46,0.24,0.4705,191,0.23,0.4509,4106,0.24,0.4705,125,0.235,0.4607,0,0
SPY190712P295,2019-07-10,2019-07-10 09:33:47,0.24,0.4705,29,0.23,0.4509,2119,0.24,0.4705,125,0.235,0.4607,0,0
SPY190712P295,2019-07-10,2019-07-10 09:33:48,0.24,0.4705,7,0.23,0.4509,4215,0.24,0.4705,125,0.235,0.4607,0,0
SPY190712P295,2019-07-10,2019-07-10 09:33:48,0.24,0.4705,7,0.23,0.4509,4545,0.24,0.4705,125,0.235,0.4607,0,0
SPY190712P295,2019-07-10,2019-07-10 09:33:49,0.24,0.4705,3,0.23,0.4509,4595,0.24,0.4705,7,0.235,0.4607,0,0
SPY190712P295,2019-07-10,2019-07-10 09:33:49,0.24,0.4705,7,0.23,0.4509,4783,0.24,0.4705,125,0.235,0.4607,0,0
SPY190712P295,2019-07-10,2019-07-10 09:33:50,0.24,0.4705,3,0.23,0.4509,5624,0.24,0.4705,7,0.235,0.4607,0,0
SPY190712P295,2019-07-10,2019-07-10 09:33:50,0.24,0.4705,3,0.23,0.4509,4444,0.24,0.4705,7,0.235,0.4607,0,0
SPY190712P295,2019-07-10,2019-07-10 09:33:51,0.24,0.4705,3,0.23,0.4509,5162,0.24,0.4705,7,0.235,0.4607,0,0
SPY190712P295,2019-07-10,2019-07-10 09:33:52,0.24,0.4705,3,0.23,0.4509,5503,0.24,0.4705,7,0.235,0.4607,0,0
SPY190712P295,2019-07-10,2019-07-10 09:33:53,0.24,0.4705,3,0.23,0.4509,5610,0.24,0.4705,7,0.235,0.4607,0,0
SPY190712P295,2019-07-10,2019-07-10 09:33:54,0.24,0.4705,3,0.23,0.4509,5966,0.24,0.4705,7,0.235,0.4607,0,0
SPY190712P295,2019-07-10,2019-07-10 09:33:54,0.24,0.4705,3,0.23,0.4509,5968,0.24,0.4705,7,0.235,0.4607,0,0
SPY190712P295,2019-07-10,2019-07-10 09:33:55,0.24,0.4705,3,0.23,0.4509,5934,0.24,0.4705,7,0.235,0.4607,0,0
SPY190712P295,2019-07-10,2019-07-10 09:33:56,0.24,0.4705,3,0.23,0.4509,5966,0.24,0.4705,7,0.235,0.4607,0,0
SPY190712P295,2019-07-10,2019-07-10 09:33:57,0.24,0.4705,3,0.23,0.4509,6087,0.24,0.4705,7,0.235,0.4607,0,0
SPY190712P295,2019-07-10,2019-07-10 09:33:57,0.24,0.4705,3,0.23,0.4509,5965,0.24,0.4705,7,0.235,0.4607,0,0
SPY190712P295,2019-07-10,2019-07-10 09:33:58,0.24,0.4705,3,0.23,0.4509,1078,0.24,0.4705,7,0.235,0.4607,0,0
SPY190712P295,2019-07-10,2019-07-10 09:33:59,0.24,0.4705,3,0.23,0.4509,2397,0.24,0.4705,7,0.235,0.4607,0,0
SPY190712P295,2019-07-10,2019-07-10 09:33:59,0.24,0.4705,5,0.23,0.4509,3863,0.24,0.4705,7,0.235,0.4607,0,0
SPY190712P295,2019-07-10,2019-07-10 09:34:00,0.24,0.4705,96,0.23,0.4509,4988,0.24,0.4705,7,0.235,0.4607,0,0
SPY190712P295,2019-07-10,2019-07-10 09:34:01,0.24,0.4705,106,0.23,0.4509,3931,0.24,0.4705,7,0.235,0.4607,0,0
SPY190712P295,2019-07-10,2019-07-10 09:34:01,0.24,0.4705,340,0.23,0.4509,3931,0.24,0.4705,7,0.235,0.4607,0,0
SPY190712P295,2019-07-10,2019-07-10 09:34:02,0.24,0.4705,210,0.23,0.4509,5673,0.24,0.4705,7,0.235,0.4607,0,0
SPY190712P295,2019-07-10,2019-07-10 09:34:02,0.24,0.4705,106,0.23,0.4509,3931,0.24,0.4705,7,0.235,0.4607,0,0
SPY190712P295,2019-07-10,2019-07-10 09:34:03,0.24,0.4705,391,0.23,0.4509,4308,0.24,0.4705,7,0.235,0.4607,0,0
SPY190712P295,2019-07-10,2019-07-10 09:34:03,0.24,0.4705,472,0.23,0.4509,5153,0.24,0.4705,1,0.235,0.4607,0,0
SPY190712P295,2019-07-10,2019-07-10 09:34:04,0.24,0.4705,732,0.23,0.4509,5185,0.24,0.4705,1,0.235,0.4607,0,0
SPY190712P295,2019-07-10,2019-07-10 09:34:05,0.24,0.4705,2458,0.23,0.4509,2226,0.24,0.4705,1,0.235,0.4607,0,0
SPY190712P295,2019-07-10,2019-07-10 09:34:05,0.24,0.4705,732,0.23,0.4509,1949,0.24,0.4705,1,0.235,0.4607,0,0
SPY190712P295,2019-07-10,2019-07-10 09:34:06,0.24,0.4705,2321,0.23,0.4509,431,0.24,0.4705,1,0.235,0.4607,0,0
SPY190712P295,2019-07-10,2019-07-10 09:34:06,0.24,0.4705,2768,0.23,0.4509,2226,0.24,0.4705,1,0.235,0.4607,0,0
SPY190712P295,2019-07-10,2019-07-10 09:34:07,0.24,0.4705,2089,0.23,0.4509,999,0.24,0.4705,1,0.235,0.4607,0,0
SPY190712P295,2019-07-10,2019-07-10 09:34:07,0.24,0.4705,2758,0.23,0.4509,5,0.24,0.4705,1,0.235,0.4607,0,0
SPY190712P295,2019-07-10,2019-07-10 09:34:08,0.24,0.4705,618,0.23,0.4509,1282,0.24,0.4705,1,0.235,0.4607,0,0
SPY190712P295,2019-07-10,2019-07-10 09:34:08,0.23,0.4509,354,0.22,0.4313,2250,0.24,0.4705,1,0.225,0.4411,0,0
SPY190712P295,2019-07-10,2019-07-10 09:34:09,0.23,0.4509,239,0.22,0.4313,1977,0.24,0.4705,1,0.225,0.4411,0,0
SPY190712P295,2019-07-10,2019-07-10 09:34:09,0.23,0.4509,239,0.22,0.4313,2286,0.24,0.4705,1,0.225,0.4411,0,0
SPY190712P295,2019-07-10,2019-07-10 09:34:10,0.23,0.4509,354,0.22,0.4313,3383,0.24,0.4705,1,0.225,0.4411,0,0
SPY190712P295,2019-07-10,2019-07-10 09:34:11,0.24,0.4705,2610,0.23,0.4509,5,0.24,0.4705,1,0.235,0.4607,0,0
SPY190712P295,2019-07-10,2019-07-10 09:34:11,0.23,0.4509,352,0.22,0.4313,3918,0.22,0.4313,1,0.225,0.4411,0,0
SPY190712P295,2019-07-10,2019-07-10 09:34:12,0.24,0.4705,2975,0.23,0.4509,50,0.23,0.4509,4,0.235,0.4607,0,0
SPY190712P295,2019-07-10,2019-07-10 09:34:12,0.24,0.4705,2660,0.22,0.4313,4126,0.23,0.4509,4,0.23,0.4509,0,0
SPY190712P295,2019-07-10,2019-07-10 09:34:13,0.24,0.4705,2713,0.23,0.4509,54,0.23,0.4509,4,0.235,0.4607,0,0
SPY190712P295,2019-07-10,2019-07-10 09:34:13,0.24,0.4705,2975,0.23,0.4509,50,0.23,0.4509,4,0.235,0.4607,0,0
SPY190712P295,2019-07-10,2019-07-10 09:34:14,0.24,0.4705,2283,0.23,0.4509,135,0.23,0.4509,4,0.235,0.4607,0,0
SPY190712P295,2019-07-10,2019-07-10 09:34:14,0.24,0.4705,2528,0.23,0.4509,135,0.23,0.4509,4,0.235,0.4607,0,0
SPY190712P295,2019-07-10,2019-07-10 09:34:15,0.24,0.4705,2520,0.23,0.4509,135,0.23,0.4509,4,0.235,0.4607,0,0
SPY190712P295,2019-07-10,2019-07-10 09:34:16,0.24,0.4705,2355,0.23,0.4509,1199,0.23,0.4509,4,0.235,0.4607,0,0
SPY190712P295,2019-07-10,2019-07-10 09:34:16,0.24,0.4705,1433,0.23,0.4509,2166,0.23,0.4509,4,0.235,0.4607,0,0
SPY190712P295,2019-07-10,2019-07-10 09:34:17,0.24,0.4705,1733,0.23,0.4509,3281,0.23,0.4509,4,0.235,0.4607,0,0
SPY190712P295,2019-07-10,2019-07-10 09:34:18,0.24,0.4705,1701,0.23,0.4509,3218,0.23,0.4509,4,0.235,0.4607,0,0
SPY190712P295,2019-07-10,2019-07-10 09:34:18,0.24,0.4705,1701,0.23,0.4509,3629,0.23,0.4509,4,0.235,0.4607,0,0
SPY190712P295,2019-07-10,2019-07-10 09:34:19,0.24,0.4705,2060,0.22,0.4313,1580,0.23,0.4509,4,0.23,0.4509,0,0
SPY190712P295,2019-07-10,2019-07-10 09:34:19,0.24,0.4705,1612,0.23,0.4509,727,0.23,0.4509,4,0.235,0.4607,0,0
SPY190712P295,2019-07-10,2019-07-10 09:34:20,0.23,0.4509,5,0.22,0.4313,5873,0.23,0.4509,4,0.225,0.4411,0,0
SPY190712P295,2019-07-10,2019-07-10 09:34:20,0.23,0.4509,185,0.22,0.4313,6150,0.23,0.4509,4,0.225,0.4411,0,0
SPY190712P295,2019-07-10,2019-07-10 09:34:21,0.23,0.4509,195,0.22,0.4313,6037,0.23,0.4509,4,0.225,0.4411,0,0
SPY190712P295,2019-07-10,2019-07-10 09:34:21,0.23,0.4509,185,0.22,0.4313,6073,0.23,0.4509,4,0.225,0.4411,0,0
SPY190712P295,2019-07-10,2019-07-10 09:34:22,0.23,0.4509,694,0.22,0.4313,4417,0.23,0.4509,4,0.225,0.4411,0,0
SPY190712P295,2019-07-10,2019-07-10 09:34:22,0.23,0.4509,938,0.22,0.4313,3220,0.23,0.4509,4,0.225,0.4411,0,0
SPY190712P295,2019-07-10,2019-07-10 09:34:23,0.23,0.4509,698,0.22,0.4313,3220,0.23,0.4509,4,0.225,0.4411,0,0
SPY190712P295,2019-07-10,2019-07-10 09:34:23,0.23,0.4509,866,0.22,0.4313,2025,0.23,0.4509,4,0.225,0.4411,0,0
SPY190712P295,2019-07-10,2019-07-10 09:34:24,0.23,0.4509,838,0.22,0.4313,2803,0.23,0.4509,4,0.225,0.4411,0,0
SPY190712P295,2019-07-10,2019-07-10 09:34:25,0.23,0.4509,813,0.22,0.4313,2437,0.23,0.4509,4,0.225,0.4411,0,0
SPY190712P295,2019-07-10,2019-07-10 09:34:25,0.23,0.4509,813,0.22,0.4313,2436,0.23,0.4509,4,0.225,0.4411,0,0
SPY190712P295,2019-07-10,2019-07-10 09:34:26,0.23,0.4509,146,0.22,0.4313,3401,0.23,0.4509,4,0.225,0.4411,0,0
SPY190712P295,2019-07-10,2019-07-10 09:34:26,0.23,0.4509,50,0.22,0.4313,3761,0.23,0.4509,4,0.225,0.4411,0,0
SPY190712P295,2019-07-10,2019-07-10 09:34:27,0.23,0.4509,211,0.22,0.4313,3761,0.23,0.4509,4,0.225,0.4411,0,0
SPY190712P295,2019-07-10,2019-07-10 09:34:27,0.23,0.4509,828,0.22,0.4313,4366,0.23,0.4509,4,0.225,0.4411,0,0
SPY190712P295,2019-07-10,2019-07-10 09:34:28,0.23,0.4509,82,0.22,0.4313,4968,0.23,0.4509,4,0.225,0.4411,0,0
SPY190712P295,2019-07-10,2019-07-10 09:34:28,0.23,0.4509,455,0.22,0.4313,4968,0.23,0.4509,4,0.225,0.4411,0,0
SPY190712P295,2019-07-10,2019-07-10 09:34:29,0.23,0.4509,788,0.22,0.4313,4552,0.23,0.4509,4,0.225,0.4411,0,0
SPY190712P295,2019-07-10,2019-07-10 09:34:30,0.23,0.4509,802,0.22,0.4313,4393,0.23,0.4509,4,0.225,0.4411,0,0
SPY190712P295,2019-07-10,2019-07-10 09:34:30,0.23,0.4509,815,0.22,0.4313,4091,0.23,0.4509,4,0.225,0.4411,0,0
SPY190712P295,2019-07-10,2019-07-10 09:34:31,0.23,0.4509,840,0.22,0.4313,4393,0.23,0.4509,4,0.225,0.4411,0,0
SPY190712P295,2019-07-10,2019-07-10 09:34:31,0.23,0.4509,1303,0.22,0.4313,3282,0.22,0.4313,1,0.225,0.4411,0,0
SPY190712P295,2019-07-10,2019-07-10 09:34:32,0.23,0.4509,2511,0.22,0.4313,431,0.22,0.4313,1,0.225,0.4411,0,0
SPY190712P295,2019-07-10,2019-07-10 09:34:32,0.23,0.4509,1364,0.22,0.4313,3282,0.22,0.4313,1,0.225,0.4411,0,0
SPY190712P295,2019-07-10,2019-07-10 09:34:33,0.23,0.4509,2312,0.22,0.4313,242,0.22,0.4313,1,0.225,0.4411,0,0
SPY190712P295,2019-07-10,2019-07-10 09:34:34,0.23,0.4509,2856,0.21,0.4117,4071,0.22,0.4313,1,0.22,0.4313,0,0
SPY190712P295,2019-07-10,2019-07-10 09:34:34,0.22,0.4313,176,0.21,0.4117,4407,0.22,0.4313,1,0.215,0.4215,0,0
SPY190712P295,2019-07-10,2019-07-10 09:34:35,0.23,0.4509,2650,0.21,0.4117,4071,0.22,0.4313,1,0.22,0.4313,0,0
SPY190712P295,2019-07-10,2019-07-10 09:34:35,0.22,0.4313,689,0.21,0.4117,5203,0.22,0.4313,1,0.215,0.4215,0,0
SPY190712P295,2019-07-10,2019-07-10 09:34:36,0.23,0.4509,3105,0.22,0.4313,235,0.22,0.4313,1,0.225,0.4411,0,0
SPY190712P295,2019-07-10,2019-07-10 09:34:36,0.22,0.4313,689,0.22,0.4313,19,0.22,0.4313,1,0.22,0.4313,0,0
SPY190712P295,2019-07-10,2019-07-10 09:34:37,0.23,0.4509,2871,0.22,0.4313,301,0.22,0.4313,1,0.225,0.4411,0,0
SPY190712P295,2019-07-10,2019-07-10 09:34:37,0.23,0.4509,3105,0.22,0.4313,19,0.22,0.4313,1,0.225,0.4411,0,0
SPY190712P295,2019-07-10,2019-07-10 09:34:38,0.23,0.4509,2554,0.22,0.4313,95,0.22,0.4313,1,0.225,0.4411,0,0
SPY190712P295,2019-07-10,2019-07-10 09:34:39,0.23,0.4509,3415,0.22,0.4313,264,0.22,0.4313,1,0.225,0.4411,0,0
SPY190712P295,2019-07-10,2019-07-10 09:34:39,0.23,0.4509,2604,0.22,0.4313,483,0.22,0.4313,1,0.225,0.4411,0,0
SPY190712P295,2019-07-10,2019-07-10 09:34:40,0.23,0.4509,2694,0.22,0.4313,477,0.22,0.4313,1,0.225,0.4411,0,0
SPY190712P295,2019-07-10,2019-07-10 09:34:40,0.23,0.4509,3415,0.22,0.4313,264,0.22,0.4313,1,0.225,0.4411,0,0
SPY190712P295,2019-07-10,2019-07-10 09:34:41,0.23,0.4509,1829,0.22,0.4313,794,0.22,0.4313,1,0.225,0.4411,0,0
SPY190712P295,2019-07-10,2019-07-10 09:34:41,0.23,0.4509,3069,0.22,0.4313,313,0.22,0.4313,1,0.225,0.4411,0,0
SPY190712P295,2019-07-10,2019-07-10 09:34:42,0.23,0.4509,2063,0.22,0.4313,1291,0.22,0.4313,1,0.225,0.4411,0,0
SPY190712P295,2019-07-10,2019-07-10 09:34:42,0.23,0.4509,2491,0.22,0.4313,2532,0.22,0.4313,1,0.225,0.4411,0,0
SPY190712P295,2019-07-10,2019-07-10 09:34:43,0.23,0.4509,1860,0.22,0.4313,1872,0.22,0.4313,1,0.225,0.4411,0,0
SPY190712P295,2019-07-10,2019-07-10 09:34:44,0.23,0.4509,2230,0.22,0.4313,876,0.22,0.4313,1,0.225,0.4411,0,0
SPY190712P295,2019-07-10,2019-07-10 09:34:44,0.23,0.4509,2488,0.22,0.4313,501,0.22,0.4313,1,0.225,0.4411,0,0
SPY190712P295,2019-07-10,2019-07-10 09:34:45,0.23,0.4509,2837,0.22,0.4313,501,0.22,0.4313,1,0.225,0.4411,0,0
SPY190712P295,2019-07-10,2019-07-10 09:34:45,0.23,0.4509,2837,0.22,0.4313,87,0.22,0.4313,1,0.225,0.4411,0,0
SPY190712P295,2019-07-10,2019-07-10 09:34:46,0.23,0.4509,2572,0.22,0.4313,37,0.22,0.4313,1,0.225,0.4411,0,0
SPY190712P295,2019-07-10,2019-07-10 09:34:46,0.23,0.4509,2807,0.22,0.4313,234,0.22,0.4313,1,0.225,0.4411,0,0
SPY190712P295,2019-07-10,2019-07-10 09:34:47,0.23,0.4509,3185,0.22,0.4313,50,0.22,0.4313,1,0.225,0.4411,0,0
SPY190712P295,2019-07-10,2019-07-10 09:34:48,0.23,0.4509,2590,0.22,0.4313,318,0.23,0.4509,2,0.225,0.4411,0,0
SPY190712P295,2019-07-10,2019-07-10 09:34:49,0.23,0.4509,3022,0.22,0.4313,1740,0.23,0.4509,2,0.225,0.4411,0,0
SPY190712P295,2019-07-10,2019-07-10 09:34:49,0.23,0.4509,1700,0.22,0.4313,739,0.23,0.4509,2,0.225,0.4411,0,0
SPY190712P295,2019-07-10,2019-07-10 09:34:50,0.23,0.4509,2596,0.22,0.4313,998,0.22,0.4313,5,0.225,0.4411,0,0
SPY190712P295,2019-07-10,2019-07-10 09:34:50,0.23,0.4509,2841,0.22,0.4313,302,0.22,0.4313,5,0.225,0.4411,0,0
SPY190712P295,2019-07-10,2019-07-10 09:34:51,0.23,0.4509,2841,0.22,0.4313,335,0.22,0.4313,5,0.225,0.4411,0,0
SPY190712P295,2019-07-10,2019-07-10 09:34:52,0.22,0.4313,48,0.21,0.4117,2236,0.22,0.4313,5,0.215,0.4215,0,0
SPY190712P295,2019-07-10,2019-07-10 09:34:52,0.22,0.4313,593,0.21,0.4117,4369,0.22,0.4313,5,0.215,0.4215,0,0
SPY190712P295,2019-07-10,2019-07-10 09:34:53,0.22,0.4313,898,0.21,0.4117,4419,0.22,0.4313,5,0.215,0.4215,0,0
SPY190712P295,2019-07-10,2019-07-10 09:34:53,0.22,0.4313,644,0.21,0.4117,4582,0.22,0.4313,10,0.215,0.4215,0,0
SPY190712P295,2019-07-10,2019-07-10 09:34:54,0.22,0.4313,887,0.21,0.4117,4582,0.22,0.4313,10,0.215,0.4215,0,0
SPY190712P295,2019-07-10,2019-07-10 09:34:55,0.22,0.4313,964,0.21,0.4117,4582,0.22,0.4313,10,0.215,0.4215,0,0
SPY190712P295,2019-07-10,2019-07-10 09:34:55,0.22,0.4313,966,0.21,0.4117,2588,0.22,0.4313,10,0.215,0.4215,0,0
SPY190712P295,2019-07-10,2019-07-10 09:34:56,0.22,0.4313,933,0.21,0.4117,3800,0.22,0.4313,10,0.215,0.4215,0,0
SPY190712P295,2019-07-10,2019-07-10 09:34:56,0.22,0.4313,689,0.21,0.4117,4411,0.22,0.4313,10,0.215,0.4215,0,0
SPY190712P295,2019-07-10,2019-07-10 09:34:57,0.22,0.4313,639,0.21,0.4117,6520,0.22,0.4313,10,0.215,0.4215,0,0
SPY190712P295,2019-07-10,2019-07-10 09:34:58,0.22,0.4313,809,0.21,0.4117,6508,0.22,0.4313,10,0.215,0.4215,0,0
SPY190712P295,2019-07-10,2019-07-10 09:34:58,0.22,0.4313,1487,0.21,0.4117,6508,0.22,0.4313,10,0.215,0.4215,0,0
SPY190712P295,2019-07-10,2019-07-10 09:34:59,0.22,0.4313,1894,0.21,0.4117,2898,0.22,0.4313,10,0.215,0.4215,0,0
SPY190712P295,2019-07-10,2019-07-10 09:35:01,0.22,0.4313,2919,0.21,0.4117,1958,0.22,0.4313,10,0.215,0.4215,0,0
SPY190712P295,2019-07-10,2019-07-10 09:35:02,0.22,0.4313,2851,0.21,0.4117,2327,0.22,0.4313,10,0.215,0.4215,0,0
SPY190712P295,2019-07-10,2019-07-10 09:35:02,0.22,0.4313,2185,0.21,0.4117,1805,0.22,0.4313,10,0.215,0.4215,0,0
SPY190712P295,2019-07-10,2019-07-10 09:35:03,0.22,0.4313,2851,0.21,0.4117,2327,0.22,0.4313,10,0.215,0.4215,0,0
SPY190712P295,2019-07-10,2019-07-10 09:35:04,0.22,0.4313,2694,0.21,0.4117,1965,0.22,0.4313,10,0.215,0.4215,0,0
SPY190712P295,2019-07-10,2019-07-10 09:35:06,0.22,0.4313,3508,0.21,0.4117,130,0.22,0.4313,10,0.215,0.4215,0,0
SPY190712P295,2019-07-10,2019-07-10 09:35:07,0.22,0.4313,2435,0.21,0.4117,243,0.21,0.4117,40,0.215,0.4215,0,0
SPY190712P295,2019-07-10,2019-07-10 09:35:07,0.22,0.4313,2435,0.21,0.4117,393,0.22,0.4313,10,0.215,0.4215,0,0
SPY190712P295,2019-07-10,2019-07-10 09:35:08,0.22,0.4313,2133,0.21,0.4117,185,0.21,0.4117,40,0.215,0.4215,0,0
SPY190712P295,2019-07-10,2019-07-10 09:35:09,0.22,0.4313,2502,0.21,0.4117,305,0.21,0.4117,40,0.215,0.4215,0,0
SPY190712P295,2019-07-10,2019-07-10 09:35:09,0.22,0.4313,2133,0.21,0.4117,180,0.21,0.4117,40,0.215,0.4215,0,0
SPY190712P295,2019-07-10,2019-07-10 09:35:10,0.22,0.4313,1845,0.21,0.4117,1965,0.21,0.4117,40,0.215,0.4215,0,0
SPY190712P295,2019-07-10,2019-07-10 09:35:10,0.22,0.4313,2942,0.21,0.4117,608,0.21,0.4117,40,0.215,0.4215,0,0
SPY190712P295,2019-07-10,2019-07-10 09:35:11,0.22,0.4313,1845,0.21,0.4117,1109,0.21,0.4117,40,0.215,0.4215,0,0
SPY190712P295,2019-07-10,2019-07-10 09:35:12,0.22,0.4313,2399,0.21,0.4117,899,0.21,0.4117,40,0.215,0.4215,0,0
SPY190712P295,2019-07-10,2019-07-10 09:35:12,0.22,0.4313,2781,0.21,0.4117,2845,0.21,0.4117,40,0.215,0.4215,0,0
SPY190712P295,2019-07-10,2019-07-10 09:35:13,0.22,0.4313,2774,0.21,0.4117,4368,0.21,0.4117,40,0.215,0.4215,0,0
SPY190712P295,2019-07-10,2019-07-10 09:35:14,0.22,0.4313,2774,0.21,0.4117,4368,0.21,0.4117,40,0.215,0.4215,0,0
SPY190712P295,2019-07-10,2019-07-10 09:35:14,0.22,0.4313,2774,0.21,0.4117,4822,0.21,0.4117,40,0.215,0.4215,0,0
SPY190712P295,2019-07-10,2019-07-10 09:35:15,0.22,0.4313,2380,0.21,0.4117,3877,0.21,0.4117,40,0.215,0.4215,0,0
SPY190712P295,2019-07-10,2019-07-10 09:35:16,0.22,0.4313,2714,0.21,0.4117,4752,0.21,0.4117,40,0.215,0.4215,0,0
SPY190712P295,2019-07-10,2019-07-10 09:35:17,0.22,0.4313,2714,0.21,0.4117,4752,0.21,0.4117,40,0.215,0.4215,0,0
SPY190712P295,2019-07-10,2019-07-10 09:35:17,0.22,0.4313,1962,0.21,0.4117,3601,0.21,0.4117,40,0.215,0.4215,0,0
SPY190712P295,2019-07-10,2019-07-10 09:35:18,0.22,0.4313,2868,0.21,0.4117,4908,0.21,0.4117,40,0.215,0.4215,0,0
SPY190712P295,2019-07-10,2019-07-10 09:35:19,0.22,0.4313,1443,0.21,0.4117,5108,0.21,0.4117,40,0.215,0.4215,0,0
SPY190712P295,2019-07-10,2019-07-10 09:35:20,0.22,0.4313,1877,0.21,0.4117,3683,0.21,0.4117,40,0.215,0.4215,0,0
SPY190712P295,2019-07-10,2019-07-10 09:35:20,0.22,0.4313,2168,0.21,0.4117,1715,0.21,0.4117,40,0.215,0.4215,0,0
SPY190712P295,2019-07-10,2019-07-10 09:35:21,0.22,0.4313,2781,0.21,0.4117,1211,0.21,0.4117,40,0.215,0.4215,0,0
SPY190712P295,2019-07-10,2019-07-10 09:35:26,0.21,0.4117,1455,0.2,0.3921,6183,0.21,0.4117,10,0.205,0.4019,0,0
SPY190712P295,2019-07-10,2019-07-10 09:35:26,0.21,0.4117,727,0.2,0.3921,5429,0.21,0.4117,10,0.205,0.4019,0,0
SPY190712P295,2019-07-10,2019-07-10 09:35:27,0.21,0.4117,1884,0.2,0.3921,4930,0.21,0.4117,10,0.205,0.4019,0,0
SPY190712P295,2019-07-10,2019-07-10 09:35:27,0.21,0.4117,1757,0.2,0.3921,5277,0.21,0.4117,10,0.205,0.4019,0,0
SPY190712P295,2019-07-10,2019-07-10 09:35:28,0.21,0.4117,1468,0.2,0.3921,4930,0.21,0.4117,10,0.205,0.4019,0,0
SPY190712P295,2019-07-10,2019-07-10 09:35:29,0.21,0.4117,38,0.2,0.3921,5216,0.21,0.4117,10,0.205,0.4019,0,0
SPY190712P295,2019-07-10,2019-07-10 09:35:30,0.21,0.4117,2,0.2,0.3921,5216,0.21,0.4117,10,0.205,0.4019,0,0
SPY190712P295,2019-07-10,2019-07-10 09:35:30,0.21,0.4117,2,0.2,0.3921,5387,0.21,0.4117,10,0.205,0.4019,0,0
SPY190712P295,2019-07-10,2019-07-10 09:35:31,0.21,0.4117,259,0.2,0.3921,6591,0.21,0.4117,10,0.205,0.4019,0,0
SPY190712P295,2019-07-10,2019-07-10 09:35:31,0.21,0.4117,464,0.2,0.3921,6144,0.21,0.4117,10,0.205,0.4019,0,0
SPY190712P295,2019-07-10,2019-07-10 09:35:32,0.21,0.4117,20,0.2,0.3921,5966,0.21,0.4117,10,0.205,0.4019,0,0
SPY190712P295,2019-07-10,2019-07-10 09:35:33,0.21,0.4117,45,0.2,0.3921,6662,0.21,0.4117,10,0.205,0.4019,0,0
SPY190712P295,2019-07-10,2019-07-10 09:35:34,0.21,0.4117,327,0.2,0.3921,4792,0.2,0.3921,9,0.205,0.4019,0,0
SPY190712P295,2019-07-10,2019-07-10 09:35:34,0.21,0.4117,226,0.2,0.3921,6612,0.21,0.4117,10,0.205,0.4019,0,0
SPY190712P295,2019-07-10,2019-07-10 09:35:35,0.21,0.4117,341,0.2,0.3921,2595,0.2,0.3921,9,0.205,0.4019,0,0
SPY190712P295,2019-07-10,2019-07-10 09:35:36,0.21,0.4117,1329,0.2,0.3921,4330,0.2,0.3921,9,0.205,0.4019,0,0
SPY190712P295,2019-07-10,2019-07-10 09:35:36,0.21,0.4117,1329,0.2,0.3921,3530,0.2,0.3921,9,0.205,0.4019,0,0
SPY190712P295,2019-07-10,2019-07-10 09:35:37,0.21,0.4117,1429,0.2,0.3921,4330,0.2,0.3921,9,0.205,0.4019,0,0
SPY190712P295,2019-07-10,2019-07-10 09:35:37,0.21,0.4117,1329,0.2,0.3921,5740,0.2,0.3921,9,0.205,0.4019,0,0
SPY190712P295,2019-07-10,2019-07-10 09:35:38,0.21,0.4117,402,0.2,0.3921,6941,0.2,0.3921,9,0.205,0.4019,0,0
SPY190712P295,2019-07-10,2019-07-10 09:35:39,0.21,0.4117,384,0.2,0.3921,6956,0.2,0.3921,9,0.205,0.4019,0,0
SPY190712P295,2019-07-10,2019-07-10 09:35:39,0.21,0.4117,402,0.2,0.3921,6941,0.2,0.3921,9,0.205,0.4019,0,0
SPY190712P295,2019-07-10,2019-07-10 09:35:40,0.21,0.4117,346,0.2,0.3921,6895,0.2,0.3921,9,0.205,0.4019,0,0
SPY190712P295,2019-07-10,2019-07-10 09:35:40,0.21,0.4117,384,0.2,0.3921,7022,0.2,0.3921,9,0.205,0.4019,0,0
SPY190712P295,2019-07-10,2019-07-10 09:35:41,0.21,0.4117,7,0.2,0.3921,5016,0.2,0.3921,9,0.205,0.4019,0,0
SPY190712P295,2019-07-10,2019-07-10 09:35:41,0.21,0.4117,7,0.2,0.3921,5473,0.2,0.3921,9,0.205,0.4019,0,0
SPY190712P295,2019-07-10,2019-07-10 09:35:42,0.21,0.4117,342,0.2,0.3921,4903,0.2,0.3921,9,0.205,0.4019,0,0
SPY190712P295,2019-07-10,2019-07-10 09:35:43,0.21,0.4117,348,0.2,0.3921,7251,0.2,0.3921,9,0.205,0.4019,0,0
SPY190712P295,2019-07-10,2019-07-10 09:35:43,0.21,0.4117,342,0.2,0.3921,7082,0.2,0.3921,9,0.205,0.4019,0,0
SPY190712P295,2019-07-10,2019-07-10 09:35:44,0.21,0.4117,2,0.2,0.3921,6847,0.2,0.3921,5,0.205,0.4019,0,0
SPY190712P295,2019-07-10,2019-07-10 09:35:44,0.21,0.4117,2,0.2,0.3921,6979,0.2,0.3921,5,0.205,0.4019,0,0
SPY190712P295,2019-07-10,2019-07-10 09:35:45,0.21,0.4117,2,0.2,0.3921,6894,0.2,0.3921,5,0.205,0.4019,0,0
SPY190712P295,2019-07-10,2019-07-10 09:35:46,0.21,0.4117,2,0.2,0.3921,6717,0.2,0.3921,5,0.205,0.4019,0,0
SPY190712P295,2019-07-10,2019-07-10 09:35:47,0.21,0.4117,2,0.2,0.3921,6669,0.21,0.4117,1,0.205,0.4019,0,0
SPY190712P295,2019-07-10,2019-07-10 09:35:47,0.21,0.4117,2,0.2,0.3921,6694,0.2,0.3921,5,0.205,0.4019,0,0
SPY190712P295,2019-07-10,2019-07-10 09:35:48,0.21,0.4117,1,0.2,0.3921,5139,0.2,0.3921,10,0.205,0.4019,0,0
SPY190712P295,2019-07-10,2019-07-10 09:35:48,0.21,0.4117,6,0.2,0.3921,6969,0.2,0.3921,10,0.205,0.4019,0,0
SPY190712P295,2019-07-10,2019-07-10 09:35:49,0.21,0.4117,17,0.2,0.3921,6763,0.2,0.3921,10,0.205,0.4019,0,0
SPY190712P295,2019-07-10,2019-07-10 09:35:50,0.21,0.4117,313,0.2,0.3921,6130,0.2,0.3921,10,0.205,0.4019,0,0
SPY190712P295,2019-07-10,2019-07-10 09:35:50,0.21,0.4117,188,0.2,0.3921,6130,0.2,0.3921,10,0.205,0.4019,0,0
SPY190712P295,2019-07-10,2019-07-10 09:35:51,0.21,0.4117,278,0.2,0.3921,4505,0.2,0.3921,10,0.205,0.4019,0,0
SPY190712P295,2019-07-10,2019-07-10 09:35:51,0.21,0.4117,350,0.2,0.3921,4577,0.2,0.3921,10,0.205,0.4019,0,0
SPY190712P295,2019-07-10,2019-07-10 09:35:52,0.21,0.4117,4,0.2,0.3921,5017,0.2,0.3921,10,0.205,0.4019,0,0
SPY190712P295,2019-07-10,2019-07-10 09:35:53,0.21,0.4117,4,0.2,0.3921,4890,0.2,0.3921,10,0.205,0.4019,0,0
SPY190712P295,2019-07-10,2019-07-10 09:35:54,0.21,0.4117,4,0.2,0.3921,4176,0.2,0.3921,10,0.205,0.4019,0,0
SPY190712P295,2019-07-10,2019-07-10 09:35:54,0.21,0.4117,9,0.2,0.3921,4927,0.2,0.3921,10,0.205,0.4019,0,0
SPY190712P295,2019-07-10,2019-07-10 09:35:55,0.21,0.4117,4,0.2,0.3921,4927,0.2,0.3921,10,0.205,0.4019,0,0
SPY190712P295,2019-07-10,2019-07-10 09:35:55,0.21,0.4117,4,0.2,0.3921,7343,0.2,0.3921,10,0.205,0.4019,0,0
SPY190712P295,2019-07-10,2019-07-10 09:35:56,0.21,0.4117,4,0.2,0.3921,7343,0.2,0.3921,10,0.205,0.4019,0,0
SPY190712P295,2019-07-10,2019-07-10 09:35:57,0.21,0.4117,4,0.2,0.3921,7408,0.2,0.3921,10,0.205,0.4019,0,0
SPY190712P295,2019-07-10,2019-07-10 09:35:58,0.21,0.4117,4,0.2,0.3921,5959,0.2,0.3921,10,0.205,0.4019,0,0
SPY190712P295,2019-07-10,2019-07-10 09:35:58,0.21,0.4117,4,0.2,0.3921,7408,0.2,0.3921,10,0.205,0.4019,0,0
SPY190712P295,2019-07-10,2019-07-10 09:35:59,0.21,0.4117,4,0.2,0.3921,6061,0.2,0.3921,10,0.205,0.4019,0,0
SPY190712P295,2019-07-10,2019-07-10 09:35:59,0.21,0.4117,4,0.2,0.3921,5959,0.2,0.3921,10,0.205,0.4019,0,0
SPY190712P295,2019-07-10,2019-07-10 09:36:00,0.21,0.4117,4,0.2,0.3921,4831,0.2,0.3921,10,0.205,0.4019,0,0
SPY190712P295,2019-07-10,2019-07-10 09:36:00,0.21,0.4117,4,0.2,0.3921,5127,0.2,0.3921,10,0.205,0.4019,0,0
SPY190712P295,2019-07-10,2019-07-10 09:36:01,0.21,0.4117,4,0.2,0.3921,6884,0.2,0.3921,10,0.205,0.4019,0,0
SPY190712P295,2019-07-10,2019-07-10 09:36:01,0.21,0.4117,4,0.2,0.3921,5462,0.2,0.3921,10,0.205,0.4019,0,0
SPY190712P295,2019-07-10,2019-07-10 09:36:02,0.21,0.4117,4,0.2,0.3921,6884,0.2,0.3921,10,0.205,0.4019,0,0
SPY190712P295,2019-07-10,2019-07-10 09:36:03,0.21,0.4117,4,0.2,0.3921,7901,0.2,0.3921,10,0.205,0.4019,0,0
SPY190712P295,2019-07-10,2019-07-10 09:36:03,0.21,0.4117,4,0.2,0.3921,7900,0.2,0.3921,10,0.205,0.4019,0,0
SPY190712P295,2019-07-10,2019-07-10 09:36:04,0.21,0.4117,4,0.2,0.3921,6428,0.2,0.3921,10,0.205,0.4019,0,0
SPY190712P295,2019-07-10,2019-07-10 09:36:05,0.21,0.4117,4,0.2,0.3921,6428,0.2,0.3921,10,0.205,0.4019,0,0
SPY190712P295,2019-07-10,2019-07-10 09:36:06,0.21,0.4117,4,0.2,0.3921,6325,0.2,0.3921,10,0.205,0.4019,0,0
SPY190712P295,2019-07-10,2019-07-10 09:36:06,0.21,0.4117,4,0.2,0.3921,7150,0.2,0.3921,10,0.205,0.4019,0,0
SPY190712P295,2019-07-10,2019-07-10 09:36:07,0.21,0.4117,4,0.2,0.3921,7150,0.2,0.3921,10,0.205,0.4019,0,0
SPY190712P295,2019-07-10,2019-07-10 09:36:08,0.21,0.4117,4,0.2,0.3921,7142,0.2,0.3921,10,0.205,0.4019,0,0
SPY190712P295,2019-07-10,2019-07-10 09:36:08,0.21,0.4117,4,0.2,0.3921,3743,0.2,0.3921,10,0.205,0.4019,0,0
SPY190712P295,2019-07-10,2019-07-10 09:36:09,0.21,0.4117,5,0.2,0.3921,6467,0.2,0.3921,10,0.205,0.4019,0,0
