symbol,Date,quote_time,ask_price,norm_ask_price,ask_size,bid_price,norm_bid_price,bid_size,last_trade_price,norm_last_trade_price,last_trade_size,mark_price,norm_mark_price,volume,Volume
SPY190719P297,2019-07-18,2019-07-18 09:39:56,0.56,1.0,110,0.55,0.9821,50,0.56,1.0,25,0.555,0.991,3639,3639
SPY190719P297,2019-07-18,2019-07-18 09:40:05,0.58,1.0357,420,0.57,1.0178,91,0.58,1.0357,5,0.575,1.0267,3645,6
SPY190719P297,2019-07-18,2019-07-18 09:40:06,0.58,1.0357,670,0.57,1.0178,91,0.58,1.0357,5,0.575,1.0267,3645,0
SPY190719P297,2019-07-18,2019-07-18 09:40:09,0.59,1.0535,906,0.58,1.0357,46,0.58,1.0357,10,0.585,1.0446,3655,10
SPY190719P297,2019-07-18,2019-07-18 09:40:12,0.6,1.0714,101,0.59,1.0535,41,0.58,1.0357,10,0.595,1.0625,3655,0
SPY190719P297,2019-07-18,2019-07-18 09:40:13,0.62,1.1071,725,0.6,1.0714,322,0.6,1.0714,1,0.61,1.0892,3668,13
SPY190719P297,2019-07-18,2019-07-18 09:40:14,0.62,1.1071,850,0.6,1.0714,942,0.62,1.1071,1,0.61,1.0892,3672,4
SPY190719P297,2019-07-18,2019-07-18 09:40:16,0.63,1.125,524,0.62,1.1071,41,0.63,1.125,4,0.625,1.116,3682,10
SPY190719P297,2019-07-18,2019-07-18 09:40:18,0.63,1.125,4,0.62,1.1071,211,0.63,1.125,5,0.625,1.116,3688,6
SPY190719P297,2019-07-18,2019-07-18 09:40:21,0.63,1.125,89,0.62,1.1071,70,0.63,1.125,5,0.625,1.116,3688,0
SPY190719P297,2019-07-18,2019-07-18 09:40:24,0.63,1.125,83,0.62,1.1071,87,0.63,1.125,1,0.625,1.116,3740,52
SPY190719P297,2019-07-18,2019-07-18 09:40:26,0.63,1.125,196,0.62,1.1071,50,0.63,1.125,1,0.625,1.116,3740,0
SPY190719P297,2019-07-18,2019-07-18 09:40:27,0.63,1.125,177,0.62,1.1071,70,0.63,1.125,1,0.625,1.116,3740,0
SPY190719P297,2019-07-18,2019-07-18 09:40:30,0.64,1.1428,189,0.63,1.125,42,0.63,1.125,15,0.635,1.1339,3759,19
SPY190719P297,2019-07-18,2019-07-18 09:40:32,0.64,1.1428,401,0.63,1.125,87,0.63,1.125,15,0.635,1.1339,3759,0
SPY190719P297,2019-07-18,2019-07-18 09:40:34,0.65,1.1607,283,0.63,1.125,115,0.63,1.125,15,0.64,1.1428,3759,0
SPY190719P297,2019-07-18,2019-07-18 09:40:35,0.64,1.1428,5,0.63,1.125,100,0.65,1.1607,2,0.635,1.1339,3764,0
SPY190719P297,2019-07-18,2019-07-18 09:40:35,0.64,1.1428,5,0.63,1.125,40,0.65,1.1607,2,0.635,1.1339,3764,5
SPY190719P297,2019-07-18,2019-07-18 09:40:37,0.65,1.1607,208,0.64,1.1428,9,0.65,1.1607,15,0.645,1.1517,3779,15
SPY190719P297,2019-07-18,2019-07-18 09:40:39,0.65,1.1607,212,0.63,1.125,219,0.64,1.1428,3,0.64,1.1428,3782,3
SPY190719P297,2019-07-18,2019-07-18 09:40:41,0.65,1.1607,207,0.64,1.1428,1,0.64,1.1428,6,0.645,1.1517,3788,6
SPY190719P297,2019-07-18,2019-07-18 09:40:43,0.65,1.1607,318,0.63,1.125,756,0.64,1.1428,6,0.64,1.1428,3788,0
SPY190719P297,2019-07-18,2019-07-18 09:40:44,0.64,1.1428,139,0.63,1.125,1,0.64,1.1428,10,0.635,1.1339,3798,10
SPY190719P297,2019-07-18,2019-07-18 09:40:45,0.64,1.1428,1,0.63,1.125,536,0.64,1.1428,1,0.635,1.1339,3800,2
SPY190719P297,2019-07-18,2019-07-18 09:40:48,0.65,1.1607,157,0.64,1.1428,60,0.64,1.1428,1,0.645,1.1517,3800,0
SPY190719P297,2019-07-18,2019-07-18 09:40:50,0.65,1.1607,120,0.64,1.1428,115,0.64,1.1428,1,0.645,1.1517,3800,0
SPY190719P297,2019-07-18,2019-07-18 09:40:54,0.66,1.1785,139,0.65,1.1607,42,0.65,1.1607,4,0.655,1.1696,3804,4
SPY190719P297,2019-07-18,2019-07-18 09:40:57,0.66,1.1785,549,0.65,1.1607,77,0.65,1.1607,1,0.655,1.1696,3805,1
SPY190719P297,2019-07-18,2019-07-18 09:41:00,0.66,1.1785,5,0.65,1.1607,77,0.65,1.1607,1,0.655,1.1696,3808,3
SPY190719P297,2019-07-18,2019-07-18 09:41:04,0.66,1.1785,220,0.65,1.1607,43,0.66,1.1785,2,0.655,1.1696,3812,4
SPY190719P297,2019-07-18,2019-07-18 09:41:07,0.67,1.1964,692,0.66,1.1785,43,0.65,1.1607,100,0.665,1.1875,3936,124
SPY190719P297,2019-07-18,2019-07-18 09:41:10,0.65,1.1607,9,0.64,1.1428,54,0.66,1.1785,1,0.645,1.1517,3944,8
SPY190719P297,2019-07-18,2019-07-18 09:41:13,0.65,1.1607,484,0.64,1.1428,38,0.64,1.1428,8,0.645,1.1517,3953,9
SPY190719P297,2019-07-18,2019-07-18 09:41:15,0.65,1.1607,433,0.64,1.1428,50,0.64,1.1428,1,0.645,1.1517,3954,1
SPY190719P297,2019-07-18,2019-07-18 09:41:18,0.65,1.1607,3,0.64,1.1428,510,0.64,1.1428,1,0.645,1.1517,3954,0
SPY190719P297,2019-07-18,2019-07-18 09:41:21,0.65,1.1607,211,0.64,1.1428,8,0.64,1.1428,3,0.645,1.1517,3957,3
SPY190719P297,2019-07-18,2019-07-18 09:41:23,0.64,1.1428,635,0.63,1.125,38,0.63,1.125,3,0.635,1.1339,3977,20
SPY190719P297,2019-07-18,2019-07-18 09:41:24,0.64,1.1428,635,0.63,1.125,38,0.63,1.125,3,0.635,1.1339,3977,0
SPY190719P297,2019-07-18,2019-07-18 09:41:25,0.64,1.1428,635,0.63,1.125,19,0.63,1.125,3,0.635,1.1339,3977,0
SPY190719P297,2019-07-18,2019-07-18 09:41:26,0.64,1.1428,120,0.62,1.1071,75,0.63,1.125,3,0.63,1.125,3977,0
SPY190719P297,2019-07-18,2019-07-18 09:41:26,0.64,1.1428,115,0.63,1.125,60,0.63,1.125,3,0.635,1.1339,3977,0
SPY190719P297,2019-07-18,2019-07-18 09:41:27,0.65,1.1607,346,0.64,1.1428,38,0.63,1.125,3,0.645,1.1517,3977,0
SPY190719P297,2019-07-18,2019-07-18 09:41:27,0.65,1.1607,222,0.63,1.125,275,0.63,1.125,3,0.64,1.1428,3977,0
SPY190719P297,2019-07-18,2019-07-18 09:41:28,0.65,1.1607,678,0.63,1.125,534,0.65,1.1607,10,0.64,1.1428,3987,10
SPY190719P297,2019-07-18,2019-07-18 09:41:28,0.65,1.1607,346,0.64,1.1428,38,0.63,1.125,3,0.645,1.1517,3977,0
SPY190719P297,2019-07-18,2019-07-18 09:41:29,0.65,1.1607,223,0.63,1.125,746,0.65,1.1607,10,0.64,1.1428,3987,0
SPY190719P297,2019-07-18,2019-07-18 09:41:29,0.65,1.1607,123,0.64,1.1428,150,0.65,1.1607,10,0.645,1.1517,3987,0
SPY190719P297,2019-07-18,2019-07-18 09:41:30,0.65,1.1607,210,0.64,1.1428,38,0.65,1.1607,10,0.645,1.1517,3987,0
SPY190719P297,2019-07-18,2019-07-18 09:41:31,0.65,1.1607,452,0.64,1.1428,38,0.65,1.1607,10,0.645,1.1517,3987,0
SPY190719P297,2019-07-18,2019-07-18 09:41:31,0.65,1.1607,641,0.64,1.1428,38,0.65,1.1607,10,0.645,1.1517,3987,0
SPY190719P297,2019-07-18,2019-07-18 09:41:32,0.65,1.1607,452,0.64,1.1428,38,0.65,1.1607,10,0.645,1.1517,3987,0
SPY190719P297,2019-07-18,2019-07-18 09:41:33,0.65,1.1607,641,0.64,1.1428,38,0.65,1.1607,10,0.645,1.1517,3987,0
SPY190719P297,2019-07-18,2019-07-18 09:41:34,0.65,1.1607,575,0.64,1.1428,38,0.65,1.1607,10,0.645,1.1517,3987,0
SPY190719P297,2019-07-18,2019-07-18 09:41:34,0.65,1.1607,641,0.64,1.1428,38,0.65,1.1607,10,0.645,1.1517,3987,0
SPY190719P297,2019-07-18,2019-07-18 09:41:35,0.65,1.1607,452,0.64,1.1428,38,0.65,1.1607,1,0.645,1.1517,3988,0
SPY190719P297,2019-07-18,2019-07-18 09:41:35,0.65,1.1607,452,0.64,1.1428,38,0.65,1.1607,1,0.645,1.1517,3988,1
SPY190719P297,2019-07-18,2019-07-18 09:41:36,0.65,1.1607,214,0.63,1.125,700,0.65,1.1607,1,0.64,1.1428,3988,0
SPY190719P297,2019-07-18,2019-07-18 09:41:37,0.65,1.1607,212,0.64,1.1428,3,0.65,1.1607,1,0.645,1.1517,3988,0
SPY190719P297,2019-07-18,2019-07-18 09:41:37,0.65,1.1607,212,0.64,1.1428,60,0.65,1.1607,1,0.645,1.1517,3988,0
SPY190719P297,2019-07-18,2019-07-18 09:41:38,0.64,1.1428,6,0.64,1.1428,18,0.64,1.1428,16,0.64,1.1428,4081,85
SPY190719P297,2019-07-18,2019-07-18 09:41:38,0.65,1.1607,212,0.64,1.1428,60,0.64,1.1428,8,0.645,1.1517,3996,8
SPY190719P297,2019-07-18,2019-07-18 09:41:39,0.64,1.1428,161,0.63,1.125,37,0.64,1.1428,16,0.635,1.1339,4081,0
SPY190719P297,2019-07-18,2019-07-18 09:41:40,0.64,1.1428,526,0.63,1.125,18,0.64,1.1428,16,0.635,1.1339,4081,0
SPY190719P297,2019-07-18,2019-07-18 09:41:40,0.64,1.1428,526,0.63,1.125,37,0.64,1.1428,16,0.635,1.1339,4081,0
SPY190719P297,2019-07-18,2019-07-18 09:41:41,0.64,1.1428,576,0.62,1.1071,517,0.64,1.1428,16,0.63,1.125,4081,0
SPY190719P297,2019-07-18,2019-07-18 09:41:41,0.64,1.1428,576,0.63,1.125,18,0.64,1.1428,16,0.635,1.1339,4081,0
SPY190719P297,2019-07-18,2019-07-18 09:41:42,0.63,1.125,6,0.62,1.1071,92,0.64,1.1428,16,0.625,1.116,4081,0
SPY190719P297,2019-07-18,2019-07-18 09:41:42,0.64,1.1428,660,0.62,1.1071,925,0.64,1.1428,16,0.63,1.125,4081,0
SPY190719P297,2019-07-18,2019-07-18 09:41:43,0.63,1.125,165,0.61,1.0892,463,0.64,1.1428,16,0.62,1.1071,4081,0
SPY190719P297,2019-07-18,2019-07-18 09:41:43,0.63,1.125,138,0.61,1.0892,188,0.64,1.1428,16,0.62,1.1071,4081,0
SPY190719P297,2019-07-18,2019-07-18 09:41:44,0.63,1.125,165,0.61,1.0892,536,0.64,1.1428,16,0.62,1.1071,4081,0
SPY190719P297,2019-07-18,2019-07-18 09:41:45,0.63,1.125,215,0.61,1.0892,536,0.62,1.1071,1,0.62,1.1071,4082,1
SPY190719P297,2019-07-18,2019-07-18 09:41:45,0.63,1.125,215,0.61,1.0892,636,0.62,1.1071,1,0.62,1.1071,4082,0
SPY190719P297,2019-07-18,2019-07-18 09:41:46,0.63,1.125,108,0.62,1.1071,136,0.62,1.1071,1,0.625,1.116,4082,0
SPY190719P297,2019-07-18,2019-07-18 09:41:46,0.63,1.125,215,0.61,1.0892,636,0.62,1.1071,1,0.62,1.1071,4082,0
SPY190719P297,2019-07-18,2019-07-18 09:41:47,0.63,1.125,108,0.62,1.1071,368,0.63,1.125,7,0.625,1.116,4089,7
SPY190719P297,2019-07-18,2019-07-18 09:41:47,0.63,1.125,108,0.61,1.0892,286,0.63,1.125,7,0.62,1.1071,4089,0
SPY190719P297,2019-07-18,2019-07-18 09:41:48,0.63,1.125,123,0.62,1.1071,173,0.63,1.125,7,0.625,1.116,4089,0
SPY190719P297,2019-07-18,2019-07-18 09:41:49,0.63,1.125,123,0.62,1.1071,173,0.63,1.125,7,0.625,1.116,4089,0
SPY190719P297,2019-07-18,2019-07-18 09:41:50,0.63,1.125,123,0.62,1.1071,173,0.63,1.125,50,0.625,1.116,4139,50
SPY190719P297,2019-07-18,2019-07-18 09:41:50,0.63,1.125,123,0.62,1.1071,173,0.63,1.125,50,0.625,1.116,4139,0
SPY190719P297,2019-07-18,2019-07-18 09:41:51,0.63,1.125,123,0.62,1.1071,173,0.63,1.125,50,0.625,1.116,4139,0
SPY190719P297,2019-07-18,2019-07-18 09:41:51,0.63,1.125,108,0.62,1.1071,141,0.63,1.125,50,0.625,1.116,4139,0
SPY190719P297,2019-07-18,2019-07-18 09:41:52,0.63,1.125,161,0.62,1.1071,75,0.63,1.125,50,0.625,1.116,4139,0
SPY190719P297,2019-07-18,2019-07-18 09:41:52,0.63,1.125,102,0.62,1.1071,141,0.63,1.125,50,0.625,1.116,4139,0
SPY190719P297,2019-07-18,2019-07-18 09:41:53,0.63,1.125,161,0.62,1.1071,75,0.63,1.125,50,0.625,1.116,4139,0
SPY190719P297,2019-07-18,2019-07-18 09:41:53,0.63,1.125,93,0.62,1.1071,75,0.63,1.125,50,0.625,1.116,4139,0
SPY190719P297,2019-07-18,2019-07-18 09:41:54,0.63,1.125,111,0.62,1.1071,75,0.63,1.125,50,0.625,1.116,4139,0
SPY190719P297,2019-07-18,2019-07-18 09:41:55,0.63,1.125,86,0.62,1.1071,75,0.63,1.125,50,0.625,1.116,4139,0
SPY190719P297,2019-07-18,2019-07-18 09:41:55,0.63,1.125,93,0.62,1.1071,56,0.63,1.125,50,0.625,1.116,4139,0
SPY190719P297,2019-07-18,2019-07-18 09:41:56,0.63,1.125,284,0.62,1.1071,85,0.63,1.125,50,0.625,1.116,4139,0
SPY190719P297,2019-07-18,2019-07-18 09:41:57,0.63,1.125,17,0.62,1.1071,553,0.63,1.125,50,0.625,1.116,4139,0
SPY190719P297,2019-07-18,2019-07-18 09:41:57,0.63,1.125,352,0.62,1.1071,442,0.63,1.125,50,0.625,1.116,4139,0
SPY190719P297,2019-07-18,2019-07-18 09:41:58,0.64,1.1428,225,0.62,1.1071,511,0.63,1.125,50,0.63,1.125,4139,0
SPY190719P297,2019-07-18,2019-07-18 09:41:58,0.64,1.1428,580,0.62,1.1071,449,0.63,1.125,50,0.63,1.125,4139,0
SPY190719P297,2019-07-18,2019-07-18 09:41:59,0.65,1.1607,606,0.63,1.125,314,0.63,1.125,50,0.64,1.1428,4139,0
SPY190719P297,2019-07-18,2019-07-18 09:42:00,0.64,1.1428,6,0.63,1.125,180,0.63,1.125,6,0.635,1.1339,4145,6
SPY190719P297,2019-07-18,2019-07-18 09:42:00,0.64,1.1428,568,0.62,1.1071,661,0.64,1.1428,2,0.63,1.125,4147,2
SPY190719P297,2019-07-18,2019-07-18 09:42:01,0.63,1.125,3,0.62,1.1071,661,0.64,1.1428,2,0.625,1.116,4147,0
SPY190719P297,2019-07-18,2019-07-18 09:42:01,0.63,1.125,3,0.62,1.1071,704,0.64,1.1428,2,0.625,1.116,4147,0
SPY190719P297,2019-07-18,2019-07-18 09:42:02,0.63,1.125,3,0.62,1.1071,600,0.64,1.1428,2,0.625,1.116,4147,0
SPY190719P297,2019-07-18,2019-07-18 09:42:02,0.63,1.125,35,0.62,1.1071,600,0.64,1.1428,2,0.625,1.116,4147,0
SPY190719P297,2019-07-18,2019-07-18 09:42:03,0.63,1.125,907,0.61,1.0892,536,0.64,1.1428,2,0.62,1.1071,4147,0
SPY190719P297,2019-07-18,2019-07-18 09:42:03,0.63,1.125,241,0.61,1.0892,242,0.64,1.1428,2,0.62,1.1071,4147,0
SPY190719P297,2019-07-18,2019-07-18 09:42:04,0.62,1.1071,10,0.61,1.0892,536,0.64,1.1428,2,0.615,1.0982,4147,0
SPY190719P297,2019-07-18,2019-07-18 09:42:05,0.62,1.1071,3,0.61,1.0892,402,0.62,1.1071,5,0.615,1.0982,4152,5
SPY190719P297,2019-07-18,2019-07-18 09:42:05,0.62,1.1071,5,0.61,1.0892,402,0.62,1.1071,5,0.615,1.0982,4152,0
SPY190719P297,2019-07-18,2019-07-18 09:42:06,0.62,1.1071,42,0.61,1.0892,678,0.62,1.1071,5,0.615,1.0982,4152,0
SPY190719P297,2019-07-18,2019-07-18 09:42:07,0.62,1.1071,57,0.61,1.0892,402,0.62,1.1071,14,0.615,1.0982,4252,100
SPY190719P297,2019-07-18,2019-07-18 09:42:07,0.62,1.1071,72,0.61,1.0892,678,0.62,1.1071,5,0.615,1.0982,4152,0
SPY190719P297,2019-07-18,2019-07-18 09:42:08,0.62,1.1071,15,0.61,1.0892,402,0.62,1.1071,14,0.615,1.0982,4252,0
SPY190719P297,2019-07-18,2019-07-18 09:42:09,0.63,1.125,579,0.61,1.0892,404,0.62,1.1071,14,0.62,1.1071,4252,0
SPY190719P297,2019-07-18,2019-07-18 09:42:09,0.62,1.1071,10,0.61,1.0892,402,0.62,1.1071,14,0.615,1.0982,4252,0
SPY190719P297,2019-07-18,2019-07-18 09:42:10,0.63,1.125,1034,0.61,1.0892,6,0.62,1.1071,14,0.62,1.1071,4252,0
SPY190719P297,2019-07-18,2019-07-18 09:42:10,0.62,1.1071,188,0.61,1.0892,50,0.62,1.1071,14,0.615,1.0982,4252,0
SPY190719P297,2019-07-18,2019-07-18 09:42:11,0.62,1.1071,182,0.61,1.0892,50,0.62,1.1071,14,0.615,1.0982,4252,0
SPY190719P297,2019-07-18,2019-07-18 09:42:11,0.62,1.1071,132,0.61,1.0892,80,0.62,1.1071,14,0.615,1.0982,4252,0
SPY190719P297,2019-07-18,2019-07-18 09:42:12,0.62,1.1071,132,0.61,1.0892,59,0.62,1.1071,14,0.615,1.0982,4252,0
SPY190719P297,2019-07-18,2019-07-18 09:42:13,0.64,1.1428,492,0.62,1.1071,34,0.62,1.1071,14,0.63,1.125,4252,0
SPY190719P297,2019-07-18,2019-07-18 09:42:13,0.63,1.125,622,0.61,1.0892,600,0.62,1.1071,14,0.62,1.1071,4252,0
SPY190719P297,2019-07-18,2019-07-18 09:42:14,0.64,1.1428,303,0.62,1.1071,690,0.62,1.1071,14,0.63,1.125,4252,0
SPY190719P297,2019-07-18,2019-07-18 09:42:15,0.64,1.1428,18,0.63,1.125,43,0.63,1.125,5,0.635,1.1339,4257,5
SPY190719P297,2019-07-18,2019-07-18 09:42:15,0.64,1.1428,201,0.63,1.125,38,0.62,1.1071,14,0.635,1.1339,4252,0
SPY190719P297,2019-07-18,2019-07-18 09:42:16,0.65,1.1607,193,0.64,1.1428,25,0.63,1.125,5,0.645,1.1517,4257,0
SPY190719P297,2019-07-18,2019-07-18 09:42:16,0.65,1.1607,3,0.64,1.1428,75,0.63,1.125,5,0.645,1.1517,4257,0
SPY190719P297,2019-07-18,2019-07-18 09:42:17,0.65,1.1607,3,0.64,1.1428,352,0.63,1.125,5,0.645,1.1517,4257,0
SPY190719P297,2019-07-18,2019-07-18 09:42:17,0.65,1.1607,3,0.64,1.1428,997,0.63,1.125,5,0.645,1.1517,4257,0
SPY190719P297,2019-07-18,2019-07-18 09:42:18,0.67,1.1964,30,0.65,1.1607,43,0.65,1.1607,3,0.66,1.1785,4260,3
SPY190719P297,2019-07-18,2019-07-18 09:42:18,0.67,1.1964,30,0.66,1.1785,60,0.65,1.1607,3,0.665,1.1875,4260,0
SPY190719P297,2019-07-18,2019-07-18 09:42:19,0.66,1.1785,3,0.65,1.1607,321,0.65,1.1607,3,0.655,1.1696,4260,0
SPY190719P297,2019-07-18,2019-07-18 09:42:20,0.66,1.1785,10,0.65,1.1607,289,0.65,1.1607,3,0.655,1.1696,4260,0
SPY190719P297,2019-07-18,2019-07-18 09:42:20,0.67,1.1964,150,0.66,1.1785,137,0.65,1.1607,3,0.665,1.1875,4260,0
SPY190719P297,2019-07-18,2019-07-18 09:42:21,0.67,1.1964,50,0.66,1.1785,165,0.65,1.1607,3,0.665,1.1875,4260,0
SPY190719P297,2019-07-18,2019-07-18 09:42:21,0.68,1.2142,30,0.67,1.1964,484,0.68,1.2142,5,0.675,1.2053,4306,46
SPY190719P297,2019-07-18,2019-07-18 09:42:22,0.68,1.2142,365,0.67,1.1964,156,0.68,1.2142,5,0.675,1.2053,4306,0
SPY190719P297,2019-07-18,2019-07-18 09:42:22,0.68,1.2142,390,0.67,1.1964,156,0.68,1.2142,5,0.675,1.2053,4306,0
SPY190719P297,2019-07-18,2019-07-18 09:42:23,0.67,1.1964,5,0.66,1.1785,238,0.67,1.1964,75,0.665,1.1875,4480,174
SPY190719P297,2019-07-18,2019-07-18 09:42:23,0.68,1.2142,367,0.67,1.1964,175,0.68,1.2142,5,0.675,1.2053,4306,0
SPY190719P297,2019-07-18,2019-07-18 09:42:24,0.68,1.2142,784,0.67,1.1964,36,0.67,1.1964,75,0.675,1.2053,4480,0
SPY190719P297,2019-07-18,2019-07-18 09:42:25,0.67,1.1964,10,0.66,1.1785,312,0.67,1.1964,75,0.665,1.1875,4480,0
SPY190719P297,2019-07-18,2019-07-18 09:42:25,0.67,1.1964,3,0.66,1.1785,675,0.67,1.1964,75,0.665,1.1875,4480,0
SPY190719P297,2019-07-18,2019-07-18 09:42:26,0.68,1.2142,674,0.65,1.1607,623,0.67,1.1964,75,0.665,1.1875,4480,0
SPY190719P297,2019-07-18,2019-07-18 09:42:26,0.68,1.2142,899,0.66,1.1785,106,0.67,1.1964,75,0.67,1.1964,4480,0
SPY190719P297,2019-07-18,2019-07-18 09:42:27,0.67,1.1964,190,0.65,1.1607,419,0.67,1.1964,75,0.66,1.1785,4480,0
SPY190719P297,2019-07-18,2019-07-18 09:42:27,0.67,1.1964,533,0.65,1.1607,419,0.67,1.1964,75,0.66,1.1785,4480,0
SPY190719P297,2019-07-18,2019-07-18 09:42:28,0.66,1.1785,3,0.65,1.1607,419,0.67,1.1964,1,0.655,1.1696,4481,1
SPY190719P297,2019-07-18,2019-07-18 09:42:29,0.67,1.1964,713,0.65,1.1607,6,0.65,1.1607,45,0.66,1.1785,4815,334
SPY190719P297,2019-07-18,2019-07-18 09:42:29,0.66,1.1785,42,0.65,1.1607,37,0.65,1.1607,6,0.655,1.1696,4821,6
SPY190719P297,2019-07-18,2019-07-18 09:42:30,0.66,1.1785,197,0.64,1.1428,485,0.65,1.1607,6,0.65,1.1607,4821,0
SPY190719P297,2019-07-18,2019-07-18 09:42:30,0.67,1.1964,170,0.64,1.1428,287,0.65,1.1607,6,0.655,1.1696,4821,0
SPY190719P297,2019-07-18,2019-07-18 09:42:31,0.67,1.1964,528,0.64,1.1428,287,0.65,1.1607,6,0.655,1.1696,4821,0
SPY190719P297,2019-07-18,2019-07-18 09:42:32,0.66,1.1785,110,0.65,1.1607,175,0.65,1.1607,6,0.655,1.1696,4821,0
SPY190719P297,2019-07-18,2019-07-18 09:42:32,0.67,1.1964,945,0.65,1.1607,175,0.65,1.1607,6,0.66,1.1785,4821,0
SPY190719P297,2019-07-18,2019-07-18 09:42:33,0.66,1.1785,110,0.65,1.1607,68,0.65,1.1607,6,0.655,1.1696,4821,0
SPY190719P297,2019-07-18,2019-07-18 09:42:34,0.67,1.1964,590,0.65,1.1607,148,0.65,1.1607,6,0.66,1.1785,4821,0
SPY190719P297,2019-07-18,2019-07-18 09:42:34,0.66,1.1785,1,0.65,1.1607,158,0.66,1.1785,10,0.655,1.1696,4831,10
SPY190719P297,2019-07-18,2019-07-18 09:42:35,0.67,1.1964,699,0.65,1.1607,206,0.66,1.1785,10,0.66,1.1785,4831,0
SPY190719P297,2019-07-18,2019-07-18 09:42:36,0.67,1.1964,1040,0.65,1.1607,206,0.66,1.1785,1,0.66,1.1785,4832,0
SPY190719P297,2019-07-18,2019-07-18 09:42:36,0.66,1.1785,1,0.65,1.1607,206,0.66,1.1785,1,0.655,1.1696,4832,1
SPY190719P297,2019-07-18,2019-07-18 09:42:37,0.67,1.1964,218,0.66,1.1785,80,0.66,1.1785,1,0.665,1.1875,4832,0
SPY190719P297,2019-07-18,2019-07-18 09:42:37,0.67,1.1964,324,0.65,1.1607,188,0.66,1.1785,1,0.66,1.1785,4832,0
SPY190719P297,2019-07-18,2019-07-18 09:42:38,0.67,1.1964,268,0.66,1.1785,93,0.66,1.1785,1,0.665,1.1875,4832,0
SPY190719P297,2019-07-18,2019-07-18 09:42:38,0.67,1.1964,112,0.66,1.1785,93,0.66,1.1785,1,0.665,1.1875,4832,0
SPY190719P297,2019-07-18,2019-07-18 09:42:39,0.67,1.1964,224,0.66,1.1785,128,0.66,1.1785,1,0.665,1.1875,4832,0
SPY190719P297,2019-07-18,2019-07-18 09:42:40,0.67,1.1964,810,0.66,1.1785,38,0.66,1.1785,1,0.665,1.1875,4856,2
SPY190719P297,2019-07-18,2019-07-18 09:42:40,0.67,1.1964,523,0.66,1.1785,38,0.66,1.1785,12,0.665,1.1875,4854,22
SPY190719P297,2019-07-18,2019-07-18 09:42:41,0.66,1.1785,448,0.65,1.1607,139,0.66,1.1785,1,0.655,1.1696,4856,0
SPY190719P297,2019-07-18,2019-07-18 09:42:41,0.66,1.1785,88,0.65,1.1607,136,0.66,1.1785,1,0.655,1.1696,4856,0
SPY190719P297,2019-07-18,2019-07-18 09:42:42,0.66,1.1785,694,0.65,1.1607,36,0.66,1.1785,1,0.655,1.1696,4856,0
SPY190719P297,2019-07-18,2019-07-18 09:42:43,0.66,1.1785,50,0.65,1.1607,187,0.65,1.1607,10,0.655,1.1696,4866,0
SPY190719P297,2019-07-18,2019-07-18 09:42:43,0.66,1.1785,694,0.65,1.1607,66,0.65,1.1607,10,0.655,1.1696,4866,10
SPY190719P297,2019-07-18,2019-07-18 09:42:44,0.66,1.1785,50,0.65,1.1607,202,0.65,1.1607,10,0.655,1.1696,4866,0
SPY190719P297,2019-07-18,2019-07-18 09:42:45,0.67,1.1964,632,0.66,1.1785,68,0.65,1.1607,10,0.665,1.1875,4866,0
SPY190719P297,2019-07-18,2019-07-18 09:42:46,0.67,1.1964,580,0.66,1.1785,71,0.65,1.1607,10,0.665,1.1875,4866,0
SPY190719P297,2019-07-18,2019-07-18 09:42:46,0.67,1.1964,646,0.66,1.1785,37,0.65,1.1607,10,0.665,1.1875,4866,0
SPY190719P297,2019-07-18,2019-07-18 09:42:47,0.67,1.1964,430,0.66,1.1785,37,0.65,1.1607,10,0.665,1.1875,4866,0
SPY190719P297,2019-07-18,2019-07-18 09:42:47,0.67,1.1964,646,0.66,1.1785,37,0.65,1.1607,10,0.665,1.1875,4866,0
SPY190719P297,2019-07-18,2019-07-18 09:42:48,0.67,1.1964,599,0.66,1.1785,38,0.65,1.1607,10,0.665,1.1875,4866,0
SPY190719P297,2019-07-18,2019-07-18 09:42:49,0.66,1.1785,195,0.65,1.1607,76,0.66,1.1785,5,0.655,1.1696,4871,0
SPY190719P297,2019-07-18,2019-07-18 09:42:49,0.66,1.1785,172,0.65,1.1607,73,0.66,1.1785,5,0.655,1.1696,4871,5
SPY190719P297,2019-07-18,2019-07-18 09:42:50,0.66,1.1785,303,0.65,1.1607,76,0.66,1.1785,5,0.655,1.1696,4871,0
SPY190719P297,2019-07-18,2019-07-18 09:42:50,0.66,1.1785,438,0.65,1.1607,76,0.66,1.1785,5,0.655,1.1696,4871,0
SPY190719P297,2019-07-18,2019-07-18 09:42:51,0.66,1.1785,438,0.65,1.1607,76,0.66,1.1785,7,0.655,1.1696,4878,7
SPY190719P297,2019-07-18,2019-07-18 09:42:52,0.66,1.1785,1279,0.64,1.1428,75,0.65,1.1607,30,0.65,1.1607,4908,30
SPY190719P297,2019-07-18,2019-07-18 09:42:53,0.66,1.1785,77,0.64,1.1428,509,0.65,1.1607,30,0.65,1.1607,4908,0
SPY190719P297,2019-07-18,2019-07-18 09:42:53,0.66,1.1785,1177,0.64,1.1428,162,0.65,1.1607,30,0.65,1.1607,4908,0
SPY190719P297,2019-07-18,2019-07-18 09:42:54,0.66,1.1785,31,0.65,1.1607,102,0.65,1.1607,30,0.655,1.1696,4908,0
SPY190719P297,2019-07-18,2019-07-18 09:42:55,0.66,1.1785,95,0.64,1.1428,703,0.65,1.1607,30,0.65,1.1607,4908,0
SPY190719P297,2019-07-18,2019-07-18 09:42:56,0.66,1.1785,105,0.64,1.1428,703,0.65,1.1607,30,0.65,1.1607,4908,0
SPY190719P297,2019-07-18,2019-07-18 09:42:56,0.66,1.1785,108,0.65,1.1607,41,0.65,1.1607,30,0.655,1.1696,4908,0
SPY190719P297,2019-07-18,2019-07-18 09:42:57,0.66,1.1785,105,0.65,1.1607,41,0.65,1.1607,30,0.655,1.1696,4908,0
SPY190719P297,2019-07-18,2019-07-18 09:42:58,0.66,1.1785,105,0.64,1.1428,827,0.65,1.1607,30,0.65,1.1607,4908,0
SPY190719P297,2019-07-18,2019-07-18 09:42:58,0.66,1.1785,50,0.65,1.1607,6,0.65,1.1607,30,0.655,1.1696,4908,0
SPY190719P297,2019-07-18,2019-07-18 09:42:59,0.66,1.1785,78,0.65,1.1607,6,0.65,1.1607,30,0.655,1.1696,4908,0
SPY190719P297,2019-07-18,2019-07-18 09:42:59,0.66,1.1785,97,0.65,1.1607,119,0.65,1.1607,30,0.655,1.1696,4908,0
SPY190719P297,2019-07-18,2019-07-18 09:43:00,0.66,1.1785,36,0.65,1.1607,85,0.66,1.1785,2,0.655,1.1696,4910,2
SPY190719P297,2019-07-18,2019-07-18 09:43:00,0.66,1.1785,45,0.65,1.1607,128,0.66,1.1785,2,0.655,1.1696,4910,0
SPY190719P297,2019-07-18,2019-07-18 09:43:01,0.66,1.1785,141,0.65,1.1607,78,0.66,1.1785,2,0.655,1.1696,4910,0
SPY190719P297,2019-07-18,2019-07-18 09:43:02,0.65,1.1607,3,0.64,1.1428,141,0.66,1.1785,2,0.645,1.1517,4910,0
SPY190719P297,2019-07-18,2019-07-18 09:43:03,0.65,1.1607,10,0.64,1.1428,222,0.66,1.1785,2,0.645,1.1517,4910,0
SPY190719P297,2019-07-18,2019-07-18 09:43:04,0.65,1.1607,52,0.64,1.1428,222,0.66,1.1785,2,0.645,1.1517,4910,0
SPY190719P297,2019-07-18,2019-07-18 09:43:04,0.66,1.1785,808,0.64,1.1428,626,0.66,1.1785,2,0.65,1.1607,4910,0
SPY190719P297,2019-07-18,2019-07-18 09:43:05,0.65,1.1607,360,0.64,1.1428,200,0.66,1.1785,2,0.645,1.1517,4910,0
SPY190719P297,2019-07-18,2019-07-18 09:43:06,0.66,1.1785,347,0.64,1.1428,257,0.66,1.1785,2,0.65,1.1607,4910,0
SPY190719P297,2019-07-18,2019-07-18 09:43:06,0.66,1.1785,811,0.64,1.1428,550,0.66,1.1785,2,0.65,1.1607,4910,0
SPY190719P297,2019-07-18,2019-07-18 09:43:07,0.66,1.1785,1062,0.64,1.1428,207,0.66,1.1785,2,0.65,1.1607,4910,0
SPY190719P297,2019-07-18,2019-07-18 09:43:08,0.66,1.1785,696,0.64,1.1428,350,0.66,1.1785,2,0.65,1.1607,4910,0
SPY190719P297,2019-07-18,2019-07-18 09:43:08,0.66,1.1785,1180,0.64,1.1428,214,0.66,1.1785,2,0.65,1.1607,4910,0
SPY190719P297,2019-07-18,2019-07-18 09:43:09,0.66,1.1785,877,0.64,1.1428,364,0.66,1.1785,2,0.65,1.1607,4910,0
SPY190719P297,2019-07-18,2019-07-18 09:43:10,0.66,1.1785,1149,0.64,1.1428,364,0.66,1.1785,2,0.65,1.1607,4910,0
SPY190719P297,2019-07-18,2019-07-18 09:43:11,0.66,1.1785,955,0.64,1.1428,364,0.66,1.1785,2,0.65,1.1607,4910,0
SPY190719P297,2019-07-18,2019-07-18 09:43:11,0.66,1.1785,389,0.65,1.1607,38,0.66,1.1785,2,0.655,1.1696,4910,0
SPY190719P297,2019-07-18,2019-07-18 09:43:12,0.66,1.1785,410,0.65,1.1607,38,0.66,1.1785,2,0.655,1.1696,4910,0
SPY190719P297,2019-07-18,2019-07-18 09:43:12,0.66,1.1785,410,0.65,1.1607,89,0.66,1.1785,2,0.655,1.1696,4910,0
SPY190719P297,2019-07-18,2019-07-18 09:43:13,0.66,1.1785,450,0.64,1.1428,490,0.66,1.1785,2,0.65,1.1607,4910,0
SPY190719P297,2019-07-18,2019-07-18 09:43:14,0.66,1.1785,470,0.64,1.1428,477,0.66,1.1785,2,0.65,1.1607,4910,0
SPY190719P297,2019-07-18,2019-07-18 09:43:14,0.66,1.1785,674,0.64,1.1428,565,0.66,1.1785,2,0.65,1.1607,4910,0
SPY190719P297,2019-07-18,2019-07-18 09:43:15,0.66,1.1785,1066,0.64,1.1428,207,0.66,1.1785,2,0.65,1.1607,4910,0
SPY190719P297,2019-07-18,2019-07-18 09:43:15,0.65,1.1607,489,0.64,1.1428,138,0.66,1.1785,2,0.645,1.1517,4910,0
SPY190719P297,2019-07-18,2019-07-18 09:43:16,0.65,1.1607,429,0.64,1.1428,195,0.66,1.1785,2,0.645,1.1517,4910,0
SPY190719P297,2019-07-18,2019-07-18 09:43:17,0.65,1.1607,429,0.64,1.1428,185,0.66,1.1785,2,0.645,1.1517,4910,0
SPY190719P297,2019-07-18,2019-07-18 09:43:17,0.65,1.1607,429,0.64,1.1428,210,0.66,1.1785,2,0.645,1.1517,4910,0
SPY190719P297,2019-07-18,2019-07-18 09:43:18,0.65,1.1607,410,0.64,1.1428,210,0.66,1.1785,2,0.645,1.1517,4910,0
SPY190719P297,2019-07-18,2019-07-18 09:43:19,0.65,1.1607,360,0.64,1.1428,210,0.66,1.1785,2,0.645,1.1517,4910,0
SPY190719P297,2019-07-18,2019-07-18 09:43:20,0.65,1.1607,894,0.63,1.125,412,0.64,1.1428,6,0.64,1.1428,4916,0
SPY190719P297,2019-07-18,2019-07-18 09:43:20,0.65,1.1607,784,0.63,1.125,214,0.64,1.1428,6,0.64,1.1428,4916,6
SPY190719P297,2019-07-18,2019-07-18 09:43:21,0.65,1.1607,1085,0.63,1.125,371,0.64,1.1428,6,0.64,1.1428,4916,0
SPY190719P297,2019-07-18,2019-07-18 09:43:22,0.64,1.1428,360,0.63,1.125,206,0.64,1.1428,6,0.635,1.1339,4916,0
SPY190719P297,2019-07-18,2019-07-18 09:43:22,0.65,1.1607,717,0.63,1.125,477,0.64,1.1428,6,0.64,1.1428,4916,0
SPY190719P297,2019-07-18,2019-07-18 09:43:23,0.64,1.1428,360,0.63,1.125,206,0.64,1.1428,6,0.635,1.1339,4916,0
SPY190719P297,2019-07-18,2019-07-18 09:43:24,0.65,1.1607,416,0.64,1.1428,192,0.64,1.1428,6,0.645,1.1517,4916,0
SPY190719P297,2019-07-18,2019-07-18 09:43:24,0.64,1.1428,360,0.63,1.125,577,0.64,1.1428,6,0.635,1.1339,4916,0
SPY190719P297,2019-07-18,2019-07-18 09:43:25,0.65,1.1607,435,0.64,1.1428,142,0.64,1.1428,6,0.645,1.1517,4916,0
SPY190719P297,2019-07-18,2019-07-18 09:43:26,0.65,1.1607,435,0.64,1.1428,137,0.64,1.1428,6,0.645,1.1517,4916,0
SPY190719P297,2019-07-18,2019-07-18 09:43:27,0.65,1.1607,429,0.64,1.1428,147,0.64,1.1428,6,0.645,1.1517,4916,0
SPY190719P297,2019-07-18,2019-07-18 09:43:27,0.65,1.1607,435,0.64,1.1428,187,0.64,1.1428,6,0.645,1.1517,4916,0
SPY190719P297,2019-07-18,2019-07-18 09:43:28,0.65,1.1607,429,0.64,1.1428,142,0.64,1.1428,6,0.645,1.1517,4916,0
SPY190719P297,2019-07-18,2019-07-18 09:43:28,0.65,1.1607,156,0.64,1.1428,119,0.64,1.1428,6,0.645,1.1517,4916,0
SPY190719P297,2019-07-18,2019-07-18 09:43:29,0.65,1.1607,384,0.63,1.125,207,0.64,1.1428,6,0.64,1.1428,4916,0
SPY190719P297,2019-07-18,2019-07-18 09:43:30,0.65,1.1607,1278,0.63,1.125,207,0.64,1.1428,6,0.64,1.1428,4916,0
SPY190719P297,2019-07-18,2019-07-18 09:43:31,0.64,1.1428,109,0.63,1.125,157,0.64,1.1428,6,0.635,1.1339,4916,0
SPY190719P297,2019-07-18,2019-07-18 09:43:31,0.64,1.1428,3,0.63,1.125,207,0.64,1.1428,6,0.635,1.1339,4916,0
SPY190719P297,2019-07-18,2019-07-18 09:43:32,0.64,1.1428,91,0.63,1.125,207,0.64,1.1428,6,0.635,1.1339,4916,0
SPY190719P297,2019-07-18,2019-07-18 09:43:33,0.64,1.1428,91,0.63,1.125,207,0.64,1.1428,6,0.635,1.1339,4916,0
SPY190719P297,2019-07-18,2019-07-18 09:43:34,0.64,1.1428,188,0.63,1.125,157,0.64,1.1428,6,0.635,1.1339,4916,0
SPY190719P297,2019-07-18,2019-07-18 09:43:35,0.64,1.1428,451,0.63,1.125,5,0.64,1.1428,6,0.635,1.1339,4916,0
SPY190719P297,2019-07-18,2019-07-18 09:43:36,0.64,1.1428,442,0.63,1.125,63,0.64,1.1428,6,0.635,1.1339,4916,0
SPY190719P297,2019-07-18,2019-07-18 09:43:37,0.64,1.1428,451,0.62,1.1071,590,0.64,1.1428,6,0.63,1.125,4916,0
SPY190719P297,2019-07-18,2019-07-18 09:43:39,0.64,1.1428,760,0.62,1.1071,976,0.64,1.1428,6,0.63,1.125,4916,0
SPY190719P297,2019-07-18,2019-07-18 09:43:40,0.63,1.125,1,0.62,1.1071,584,0.63,1.125,2,0.625,1.116,4925,9
SPY190719P297,2019-07-18,2019-07-18 09:43:41,0.64,1.1428,789,0.63,1.125,25,0.63,1.125,1,0.635,1.1339,4926,1
SPY190719P297,2019-07-18,2019-07-18 09:43:42,0.64,1.1428,680,0.62,1.1071,202,0.63,1.125,1,0.63,1.125,4926,0
SPY190719P297,2019-07-18,2019-07-18 09:43:43,0.63,1.125,3,0.62,1.1071,178,0.63,1.125,1,0.625,1.116,4926,0
SPY190719P297,2019-07-18,2019-07-18 09:43:46,0.63,1.125,50,0.62,1.1071,126,0.63,1.125,1,0.625,1.116,4926,0
SPY190719P297,2019-07-18,2019-07-18 09:43:48,0.63,1.125,10,0.62,1.1071,1111,0.63,1.125,1,0.625,1.116,4926,0
SPY190719P297,2019-07-18,2019-07-18 09:43:49,0.63,1.125,10,0.62,1.1071,56,0.62,1.1071,10,0.625,1.116,4936,10
SPY190719P297,2019-07-18,2019-07-18 09:43:52,0.63,1.125,145,0.62,1.1071,40,0.62,1.1071,10,0.625,1.116,4936,0
SPY190719P297,2019-07-18,2019-07-18 09:43:53,0.63,1.125,580,0.62,1.1071,9,0.61,1.0892,1,0.625,1.116,4937,1
SPY190719P297,2019-07-18,2019-07-18 09:43:55,0.63,1.125,502,0.61,1.0892,640,0.61,1.0892,1,0.62,1.1071,4937,0
SPY190719P297,2019-07-18,2019-07-18 09:43:56,0.63,1.125,502,0.61,1.0892,626,0.61,1.0892,1,0.62,1.1071,4937,0
SPY190719P297,2019-07-18,2019-07-18 09:43:59,0.62,1.1071,50,0.6,1.0714,820,0.6,1.0714,1,0.61,1.0892,4949,12
SPY190719P297,2019-07-18,2019-07-18 09:44:00,0.63,1.125,3,0.62,1.1071,202,0.63,1.125,1,0.625,1.116,4950,1
SPY190719P297,2019-07-18,2019-07-18 09:44:02,0.64,1.1428,463,0.62,1.1071,572,0.63,1.125,1,0.63,1.125,4950,0
SPY190719P297,2019-07-18,2019-07-18 09:44:04,0.63,1.125,37,0.62,1.1071,506,0.63,1.125,1,0.625,1.116,4950,0
SPY190719P297,2019-07-18,2019-07-18 09:44:05,0.64,1.1428,218,0.62,1.1071,706,0.63,1.125,1,0.63,1.125,4950,0
SPY190719P297,2019-07-18,2019-07-18 09:44:06,0.63,1.125,3,0.62,1.1071,616,0.63,1.125,1,0.625,1.116,4950,0
SPY190719P297,2019-07-18,2019-07-18 09:44:07,0.63,1.125,71,0.62,1.1071,576,0.63,1.125,1,0.625,1.116,4950,0
SPY190719P297,2019-07-18,2019-07-18 09:44:07,0.64,1.1428,520,0.62,1.1071,719,0.63,1.125,1,0.63,1.125,4950,0
SPY190719P297,2019-07-18,2019-07-18 09:44:08,0.64,1.1428,520,0.62,1.1071,904,0.63,1.125,1,0.63,1.125,4950,0
SPY190719P297,2019-07-18,2019-07-18 09:44:09,0.63,1.125,37,0.62,1.1071,207,0.62,1.1071,1,0.625,1.116,4951,1
SPY190719P297,2019-07-18,2019-07-18 09:44:10,0.63,1.125,50,0.62,1.1071,87,0.62,1.1071,3,0.625,1.116,4954,3
SPY190719P297,2019-07-18,2019-07-18 09:44:10,0.63,1.125,47,0.62,1.1071,509,0.62,1.1071,1,0.625,1.116,4951,0
SPY190719P297,2019-07-18,2019-07-18 09:44:11,0.63,1.125,81,0.61,1.0892,763,0.62,1.1071,3,0.62,1.1071,4954,0
SPY190719P297,2019-07-18,2019-07-18 09:44:12,0.62,1.1071,126,0.6,1.0714,815,0.62,1.1071,3,0.61,1.0892,4954,0
SPY190719P297,2019-07-18,2019-07-18 09:44:12,0.63,1.125,365,0.6,1.0714,379,0.62,1.1071,3,0.615,1.0982,4954,0
SPY190719P297,2019-07-18,2019-07-18 09:44:13,0.62,1.1071,126,0.6,1.0714,815,0.62,1.1071,3,0.61,1.0892,4954,0
SPY190719P297,2019-07-18,2019-07-18 09:44:14,0.62,1.1071,37,0.61,1.0892,87,0.62,1.1071,3,0.615,1.0982,4954,0
SPY190719P297,2019-07-18,2019-07-18 09:44:14,0.62,1.1071,47,0.61,1.0892,87,0.62,1.1071,3,0.615,1.0982,4954,0
SPY190719P297,2019-07-18,2019-07-18 09:44:15,0.62,1.1071,37,0.61,1.0892,360,0.62,1.1071,3,0.615,1.0982,4954,0
SPY190719P297,2019-07-18,2019-07-18 09:44:16,0.63,1.125,726,0.61,1.0892,629,0.62,1.1071,3,0.62,1.1071,4954,0
SPY190719P297,2019-07-18,2019-07-18 09:44:16,0.63,1.125,684,0.61,1.0892,541,0.62,1.1071,3,0.62,1.1071,4954,0
SPY190719P297,2019-07-18,2019-07-18 09:44:17,0.63,1.125,1097,0.61,1.0892,541,0.62,1.1071,3,0.62,1.1071,4954,0
SPY190719P297,2019-07-18,2019-07-18 09:44:18,0.63,1.125,626,0.61,1.0892,1078,0.62,1.1071,3,0.62,1.1071,4954,0
SPY190719P297,2019-07-18,2019-07-18 09:44:19,0.63,1.125,47,0.62,1.1071,206,0.62,1.1071,3,0.625,1.116,4954,0
SPY190719P297,2019-07-18,2019-07-18 09:44:19,0.63,1.125,626,0.61,1.0892,1078,0.62,1.1071,3,0.62,1.1071,4954,0
SPY190719P297,2019-07-18,2019-07-18 09:44:20,0.64,1.1428,505,0.62,1.1071,206,0.62,1.1071,3,0.63,1.125,4954,0
SPY190719P297,2019-07-18,2019-07-18 09:44:20,0.64,1.1428,502,0.62,1.1071,718,0.62,1.1071,3,0.63,1.125,4954,0
SPY190719P297,2019-07-18,2019-07-18 09:44:21,0.64,1.1428,562,0.63,1.125,6,0.62,1.1071,3,0.635,1.1339,4954,0
SPY190719P297,2019-07-18,2019-07-18 09:44:22,0.63,1.125,234,0.61,1.0892,827,0.62,1.1071,3,0.62,1.1071,4954,0
SPY190719P297,2019-07-18,2019-07-18 09:44:22,0.63,1.125,497,0.61,1.0892,155,0.62,1.1071,3,0.62,1.1071,4954,0
SPY190719P297,2019-07-18,2019-07-18 09:44:23,0.63,1.125,234,0.62,1.1071,85,0.62,1.1071,3,0.625,1.116,4954,0
SPY190719P297,2019-07-18,2019-07-18 09:44:24,0.63,1.125,234,0.62,1.1071,107,0.62,1.1071,3,0.625,1.116,4954,0
SPY190719P297,2019-07-18,2019-07-18 09:44:25,0.63,1.125,82,0.62,1.1071,113,0.62,1.1071,3,0.625,1.116,4954,0
SPY190719P297,2019-07-18,2019-07-18 09:44:25,0.63,1.125,80,0.62,1.1071,572,0.62,1.1071,3,0.625,1.116,4954,0
SPY190719P297,2019-07-18,2019-07-18 09:44:26,0.63,1.125,50,0.62,1.1071,88,0.62,1.1071,3,0.625,1.116,4954,0
SPY190719P297,2019-07-18,2019-07-18 09:44:27,0.63,1.125,544,0.62,1.1071,5,0.62,1.1071,3,0.625,1.116,4954,0
SPY190719P297,2019-07-18,2019-07-18 09:44:28,0.63,1.125,544,0.62,1.1071,5,0.62,1.1071,3,0.625,1.116,4954,0
SPY190719P297,2019-07-18,2019-07-18 09:44:29,0.63,1.125,766,0.61,1.0892,283,0.62,1.1071,5,0.62,1.1071,4959,5
SPY190719P297,2019-07-18,2019-07-18 09:44:29,0.63,1.125,668,0.62,1.1071,5,0.62,1.1071,3,0.625,1.116,4954,0
SPY190719P297,2019-07-18,2019-07-18 09:44:30,0.62,1.1071,210,0.61,1.0892,56,0.62,1.1071,5,0.615,1.0982,4959,0
SPY190719P297,2019-07-18,2019-07-18 09:44:30,0.62,1.1071,155,0.61,1.0892,279,0.62,1.1071,5,0.615,1.0982,4959,0
SPY190719P297,2019-07-18,2019-07-18 09:44:32,0.62,1.1071,220,0.61,1.0892,60,0.62,1.1071,1,0.615,1.0982,4960,1
SPY190719P297,2019-07-18,2019-07-18 09:44:32,0.62,1.1071,122,0.61,1.0892,87,0.62,1.1071,5,0.615,1.0982,4959,0
SPY190719P297,2019-07-18,2019-07-18 09:44:33,0.62,1.1071,220,0.61,1.0892,60,0.62,1.1071,1,0.615,1.0982,4960,0
SPY190719P297,2019-07-18,2019-07-18 09:44:33,0.62,1.1071,170,0.61,1.0892,60,0.62,1.1071,1,0.615,1.0982,4960,0
SPY190719P297,2019-07-18,2019-07-18 09:44:34,0.62,1.1071,170,0.61,1.0892,60,0.62,1.1071,1,0.615,1.0982,4960,0
SPY190719P297,2019-07-18,2019-07-18 09:44:35,0.62,1.1071,220,0.61,1.0892,82,0.62,1.1071,1,0.615,1.0982,4960,0
SPY190719P297,2019-07-18,2019-07-18 09:44:35,0.62,1.1071,170,0.61,1.0892,82,0.62,1.1071,1,0.615,1.0982,4960,0
SPY190719P297,2019-07-18,2019-07-18 09:44:36,0.62,1.1071,220,0.61,1.0892,60,0.62,1.1071,1,0.615,1.0982,4960,0
SPY190719P297,2019-07-18,2019-07-18 09:44:36,0.62,1.1071,167,0.61,1.0892,116,0.62,1.1071,1,0.615,1.0982,4960,0
SPY190719P297,2019-07-18,2019-07-18 09:44:37,0.62,1.1071,167,0.61,1.0892,83,0.62,1.1071,1,0.615,1.0982,4960,0
SPY190719P297,2019-07-18,2019-07-18 09:44:38,0.62,1.1071,167,0.61,1.0892,87,0.62,1.1071,1,0.615,1.0982,4960,0
SPY190719P297,2019-07-18,2019-07-18 09:44:38,0.63,1.125,576,0.61,1.0892,404,0.62,1.1071,1,0.62,1.1071,4960,0
SPY190719P297,2019-07-18,2019-07-18 09:44:39,0.63,1.125,576,0.61,1.0892,602,0.62,1.1071,1,0.62,1.1071,4960,0
SPY190719P297,2019-07-18,2019-07-18 09:44:40,0.63,1.125,218,0.62,1.1071,125,0.62,1.1071,1,0.625,1.116,4960,0
SPY190719P297,2019-07-18,2019-07-18 09:44:40,0.63,1.125,576,0.62,1.1071,50,0.62,1.1071,1,0.625,1.116,4960,0
SPY190719P297,2019-07-18,2019-07-18 09:44:41,0.63,1.125,218,0.62,1.1071,81,0.62,1.1071,1,0.625,1.116,4960,0
SPY190719P297,2019-07-18,2019-07-18 09:44:42,0.63,1.125,218,0.62,1.1071,81,0.62,1.1071,1,0.625,1.116,4960,0
SPY190719P297,2019-07-18,2019-07-18 09:44:43,0.63,1.125,576,0.62,1.1071,56,0.62,1.1071,1,0.625,1.116,4960,0
SPY190719P297,2019-07-18,2019-07-18 09:44:44,0.63,1.125,576,0.62,1.1071,56,0.62,1.1071,1,0.625,1.116,4960,0
SPY190719P297,2019-07-18,2019-07-18 09:44:44,0.63,1.125,576,0.62,1.1071,59,0.62,1.1071,1,0.625,1.116,4960,0
SPY190719P297,2019-07-18,2019-07-18 09:44:45,0.63,1.125,569,0.61,1.0892,602,0.62,1.1071,1,0.62,1.1071,4960,0
SPY190719P297,2019-07-18,2019-07-18 09:44:46,0.64,1.1428,570,0.62,1.1071,238,0.62,1.1071,1,0.63,1.125,4961,1
SPY190719P297,2019-07-18,2019-07-18 09:44:46,0.63,1.125,569,0.62,1.1071,50,0.62,1.1071,1,0.625,1.116,4960,0
SPY190719P297,2019-07-18,2019-07-18 09:44:47,0.64,1.1428,570,0.62,1.1071,627,0.62,1.1071,1,0.63,1.125,4961,0
SPY190719P297,2019-07-18,2019-07-18 09:44:48,0.64,1.1428,570,0.62,1.1071,627,0.62,1.1071,1,0.63,1.125,4961,0
SPY190719P297,2019-07-18,2019-07-18 09:44:48,0.64,1.1428,228,0.63,1.125,60,0.62,1.1071,1,0.635,1.1339,4961,0
SPY190719P297,2019-07-18,2019-07-18 09:44:49,0.64,1.1428,160,0.63,1.125,60,0.62,1.1071,1,0.635,1.1339,4961,0
SPY190719P297,2019-07-18,2019-07-18 09:44:50,0.64,1.1428,210,0.62,1.1071,482,0.63,1.125,6,0.63,1.125,5067,106
SPY190719P297,2019-07-18,2019-07-18 09:44:51,0.63,1.125,85,0.62,1.1071,9,0.63,1.125,6,0.625,1.116,5067,0
SPY190719P297,2019-07-18,2019-07-18 09:44:51,0.64,1.1428,911,0.62,1.1071,105,0.63,1.125,6,0.63,1.125,5067,0
SPY190719P297,2019-07-18,2019-07-18 09:44:52,0.64,1.1428,160,0.62,1.1071,159,0.63,1.125,6,0.63,1.125,5067,0
SPY190719P297,2019-07-18,2019-07-18 09:44:53,0.64,1.1428,210,0.63,1.125,77,0.63,1.125,6,0.635,1.1339,5067,0
SPY190719P297,2019-07-18,2019-07-18 09:44:53,0.64,1.1428,210,0.63,1.125,69,0.63,1.125,6,0.635,1.1339,5067,0
SPY190719P297,2019-07-18,2019-07-18 09:44:54,0.65,1.1607,740,0.64,1.1428,38,0.63,1.125,6,0.645,1.1517,5067,0
SPY190719P297,2019-07-18,2019-07-18 09:44:54,0.65,1.1607,405,0.63,1.125,93,0.63,1.125,6,0.64,1.1428,5067,0
SPY190719P297,2019-07-18,2019-07-18 09:44:55,0.65,1.1607,712,0.63,1.125,60,0.63,1.125,6,0.64,1.1428,5067,0
SPY190719P297,2019-07-18,2019-07-18 09:44:56,0.64,1.1428,3,0.63,1.125,78,0.63,1.125,6,0.635,1.1339,5067,0
SPY190719P297,2019-07-18,2019-07-18 09:44:57,0.64,1.1428,315,0.62,1.1071,53,0.63,1.125,6,0.63,1.125,5067,0
SPY190719P297,2019-07-18,2019-07-18 09:44:57,0.63,1.125,5,0.62,1.1071,53,0.63,1.125,6,0.625,1.116,5067,0
SPY190719P297,2019-07-18,2019-07-18 09:44:58,0.63,1.125,100,0.62,1.1071,370,0.63,1.125,6,0.625,1.116,5067,0
SPY190719P297,2019-07-18,2019-07-18 09:44:58,0.63,1.125,20,0.62,1.1071,43,0.63,1.125,6,0.625,1.116,5067,0
SPY190719P297,2019-07-18,2019-07-18 09:44:59,0.62,1.1071,8,0.61,1.0892,43,0.63,1.125,6,0.615,1.0982,5067,0
SPY190719P297,2019-07-18,2019-07-18 09:44:59,0.63,1.125,365,0.61,1.0892,43,0.63,1.125,6,0.62,1.1071,5067,0
SPY190719P297,2019-07-18,2019-07-18 09:45:00,0.62,1.1071,629,0.6,1.0714,42,0.63,1.125,6,0.61,1.0892,5067,0
SPY190719P297,2019-07-18,2019-07-18 09:45:01,0.61,1.0892,192,0.6,1.0714,87,0.6,1.0714,5,0.605,1.0803,5072,5
SPY190719P297,2019-07-18,2019-07-18 09:45:01,0.62,1.1071,629,0.6,1.0714,42,0.63,1.125,6,0.61,1.0892,5067,0
SPY190719P297,2019-07-18,2019-07-18 09:45:02,0.61,1.0892,192,0.6,1.0714,87,0.6,1.0714,5,0.605,1.0803,5072,0
SPY190719P297,2019-07-18,2019-07-18 09:45:02,0.61,1.0892,192,0.6,1.0714,87,0.61,1.0892,2,0.605,1.0803,5074,2
SPY190719P297,2019-07-18,2019-07-18 09:45:03,0.61,1.0892,308,0.6,1.0714,66,0.59,1.0535,11,0.605,1.0803,5085,11
SPY190719P297,2019-07-18,2019-07-18 09:45:03,0.61,1.0892,222,0.6,1.0714,87,0.61,1.0892,2,0.605,1.0803,5074,0
SPY190719P297,2019-07-18,2019-07-18 09:45:04,0.61,1.0892,308,0.6,1.0714,66,0.59,1.0535,11,0.605,1.0803,5085,0
SPY190719P297,2019-07-18,2019-07-18 09:45:05,0.61,1.0892,308,0.6,1.0714,66,0.59,1.0535,11,0.605,1.0803,5085,0
SPY190719P297,2019-07-18,2019-07-18 09:45:05,0.61,1.0892,459,0.6,1.0714,25,0.59,1.0535,11,0.605,1.0803,5085,0
SPY190719P297,2019-07-18,2019-07-18 09:45:06,0.61,1.0892,726,0.6,1.0714,9,0.59,1.0535,11,0.605,1.0803,5085,0
SPY190719P297,2019-07-18,2019-07-18 09:45:07,0.61,1.0892,1262,0.6,1.0714,9,0.59,1.0535,11,0.605,1.0803,5085,0
SPY190719P297,2019-07-18,2019-07-18 09:45:07,0.61,1.0892,959,0.6,1.0714,38,0.59,1.0535,11,0.605,1.0803,5085,0
SPY190719P297,2019-07-18,2019-07-18 09:45:08,0.61,1.0892,288,0.6,1.0714,59,0.59,1.0535,11,0.605,1.0803,5085,0
SPY190719P297,2019-07-18,2019-07-18 09:45:08,0.61,1.0892,288,0.6,1.0714,58,0.59,1.0535,11,0.605,1.0803,5085,0
SPY190719P297,2019-07-18,2019-07-18 09:45:09,0.61,1.0892,555,0.6,1.0714,58,0.59,1.0535,11,0.605,1.0803,5085,0
SPY190719P297,2019-07-18,2019-07-18 09:45:10,0.61,1.0892,50,0.6,1.0714,55,0.59,1.0535,11,0.605,1.0803,5085,0
SPY190719P297,2019-07-18,2019-07-18 09:45:10,0.61,1.0892,555,0.6,1.0714,58,0.59,1.0535,11,0.605,1.0803,5085,0
SPY190719P297,2019-07-18,2019-07-18 09:45:11,0.62,1.1071,573,0.6,1.0714,872,0.59,1.0535,11,0.61,1.0892,5085,0
SPY190719P297,2019-07-18,2019-07-18 09:45:11,0.62,1.1071,573,0.61,1.0892,9,0.59,1.0535,11,0.615,1.0982,5085,0
SPY190719P297,2019-07-18,2019-07-18 09:45:12,0.63,1.125,623,0.61,1.0892,187,0.59,1.0535,11,0.62,1.1071,5085,0
SPY190719P297,2019-07-18,2019-07-18 09:45:13,0.63,1.125,200,0.61,1.0892,187,0.59,1.0535,11,0.62,1.1071,5085,0
SPY190719P297,2019-07-18,2019-07-18 09:45:14,0.64,1.1428,214,0.63,1.125,87,0.59,1.0535,11,0.635,1.1339,5085,0
SPY190719P297,2019-07-18,2019-07-18 09:45:14,0.64,1.1428,214,0.63,1.125,27,0.59,1.0535,11,0.635,1.1339,5085,0
SPY190719P297,2019-07-18,2019-07-18 09:45:15,0.64,1.1428,214,0.63,1.125,102,0.59,1.0535,11,0.635,1.1339,5085,0
SPY190719P297,2019-07-18,2019-07-18 09:45:16,0.64,1.1428,214,0.63,1.125,92,0.59,1.0535,11,0.635,1.1339,5085,0
SPY190719P297,2019-07-18,2019-07-18 09:45:16,0.64,1.1428,214,0.63,1.125,116,0.63,1.125,1,0.635,1.1339,5086,1
SPY190719P297,2019-07-18,2019-07-18 09:45:17,0.64,1.1428,214,0.63,1.125,116,0.63,1.125,1,0.635,1.1339,5086,0
SPY190719P297,2019-07-18,2019-07-18 09:45:18,0.64,1.1428,214,0.63,1.125,126,0.63,1.125,1,0.635,1.1339,5086,0
SPY190719P297,2019-07-18,2019-07-18 09:45:19,0.64,1.1428,214,0.63,1.125,82,0.63,1.125,1,0.635,1.1339,5086,0
SPY190719P297,2019-07-18,2019-07-18 09:45:19,0.64,1.1428,214,0.63,1.125,91,0.63,1.125,1,0.635,1.1339,5086,0
SPY190719P297,2019-07-18,2019-07-18 09:45:20,0.64,1.1428,99,0.63,1.125,581,0.63,1.125,1,0.635,1.1339,5086,0
SPY190719P297,2019-07-18,2019-07-18 09:45:20,0.64,1.1428,100,0.63,1.125,126,0.63,1.125,1,0.635,1.1339,5086,0
SPY190719P297,2019-07-18,2019-07-18 09:45:21,0.64,1.1428,1,0.63,1.125,581,0.63,1.125,1,0.635,1.1339,5086,0
SPY190719P297,2019-07-18,2019-07-18 09:45:22,0.64,1.1428,1,0.63,1.125,581,0.63,1.125,1,0.635,1.1339,5086,0
SPY190719P297,2019-07-18,2019-07-18 09:45:22,0.66,1.1785,159,0.64,1.1428,264,0.66,1.1785,1,0.65,1.1607,5088,2
SPY190719P297,2019-07-18,2019-07-18 09:45:23,0.66,1.1785,181,0.65,1.1607,59,0.66,1.1785,1,0.655,1.1696,5088,0
SPY190719P297,2019-07-18,2019-07-18 09:45:24,0.66,1.1785,147,0.65,1.1607,83,0.66,1.1785,1,0.655,1.1696,5088,0
SPY190719P297,2019-07-18,2019-07-18 09:45:25,0.66,1.1785,134,0.64,1.1428,368,0.66,1.1785,1,0.65,1.1607,5088,0
SPY190719P297,2019-07-18,2019-07-18 09:45:25,0.66,1.1785,201,0.64,1.1428,560,0.66,1.1785,1,0.65,1.1607,5088,0
SPY190719P297,2019-07-18,2019-07-18 09:45:26,0.66,1.1785,292,0.64,1.1428,429,0.66,1.1785,1,0.65,1.1607,5088,0
SPY190719P297,2019-07-18,2019-07-18 09:45:27,0.66,1.1785,212,0.65,1.1607,106,0.65,1.1607,1,0.655,1.1696,5090,2
SPY190719P297,2019-07-18,2019-07-18 09:45:28,0.66,1.1785,212,0.65,1.1607,59,0.65,1.1607,1,0.655,1.1696,5090,0
SPY190719P297,2019-07-18,2019-07-18 09:45:28,0.66,1.1785,141,0.65,1.1607,56,0.65,1.1607,8,0.655,1.1696,5098,8
SPY190719P297,2019-07-18,2019-07-18 09:45:29,0.66,1.1785,141,0.65,1.1607,56,0.65,1.1607,8,0.655,1.1696,5098,0
SPY190719P297,2019-07-18,2019-07-18 09:45:30,0.66,1.1785,212,0.65,1.1607,59,0.65,1.1607,8,0.655,1.1696,5098,0
SPY190719P297,2019-07-18,2019-07-18 09:45:31,0.66,1.1785,212,0.65,1.1607,59,0.65,1.1607,8,0.655,1.1696,5098,0
SPY190719P297,2019-07-18,2019-07-18 09:45:31,0.66,1.1785,212,0.65,1.1607,60,0.65,1.1607,8,0.655,1.1696,5098,0
SPY190719P297,2019-07-18,2019-07-18 09:45:32,0.66,1.1785,238,0.64,1.1428,455,0.65,1.1607,1,0.65,1.1607,5099,1
SPY190719P297,2019-07-18,2019-07-18 09:45:32,0.66,1.1785,212,0.65,1.1607,60,0.65,1.1607,8,0.655,1.1696,5098,0
SPY190719P297,2019-07-18,2019-07-18 09:45:33,0.66,1.1785,449,0.64,1.1428,600,0.65,1.1607,1,0.65,1.1607,5099,0
SPY190719P297,2019-07-18,2019-07-18 09:45:34,0.66,1.1785,449,0.65,1.1607,42,0.65,1.1607,1,0.655,1.1696,5099,0
SPY190719P297,2019-07-18,2019-07-18 09:45:34,0.66,1.1785,85,0.65,1.1607,141,0.65,1.1607,1,0.655,1.1696,5099,0
SPY190719P297,2019-07-18,2019-07-18 09:45:35,0.66,1.1785,83,0.65,1.1607,125,0.65,1.1607,1,0.655,1.1696,5099,0
SPY190719P297,2019-07-18,2019-07-18 09:45:35,0.66,1.1785,85,0.65,1.1607,125,0.65,1.1607,1,0.655,1.1696,5099,0
SPY190719P297,2019-07-18,2019-07-18 09:45:36,0.66,1.1785,110,0.65,1.1607,75,0.65,1.1607,1,0.655,1.1696,5099,0
SPY190719P297,2019-07-18,2019-07-18 09:45:36,0.66,1.1785,228,0.65,1.1607,75,0.65,1.1607,1,0.655,1.1696,5099,0
SPY190719P297,2019-07-18,2019-07-18 09:45:37,0.66,1.1785,161,0.65,1.1607,75,0.65,1.1607,1,0.655,1.1696,5099,0
SPY190719P297,2019-07-18,2019-07-18 09:45:38,0.66,1.1785,35,0.65,1.1607,141,0.65,1.1607,1,0.655,1.1696,5099,0
SPY190719P297,2019-07-18,2019-07-18 09:45:39,0.66,1.1785,210,0.65,1.1607,59,0.65,1.1607,1,0.655,1.1696,5099,0
SPY190719P297,2019-07-18,2019-07-18 09:45:40,0.66,1.1785,612,0.64,1.1428,60,0.65,1.1607,1,0.65,1.1607,5099,0
SPY190719P297,2019-07-18,2019-07-18 09:45:40,0.66,1.1785,812,0.64,1.1428,75,0.66,1.1785,5,0.65,1.1607,5104,5
SPY190719P297,2019-07-18,2019-07-18 09:45:41,0.66,1.1785,874,0.64,1.1428,136,0.66,1.1785,5,0.65,1.1607,5104,0
SPY190719P297,2019-07-18,2019-07-18 09:45:41,0.66,1.1785,909,0.64,1.1428,988,0.66,1.1785,5,0.65,1.1607,5104,0
SPY190719P297,2019-07-18,2019-07-18 09:45:42,0.66,1.1785,590,0.64,1.1428,230,0.66,1.1785,5,0.65,1.1607,5104,0
SPY190719P297,2019-07-18,2019-07-18 09:45:43,0.66,1.1785,701,0.64,1.1428,459,0.66,1.1785,5,0.65,1.1607,5104,0
SPY190719P297,2019-07-18,2019-07-18 09:45:44,0.66,1.1785,588,0.64,1.1428,136,0.66,1.1785,5,0.65,1.1607,5104,0
SPY190719P297,2019-07-18,2019-07-18 09:45:44,0.66,1.1785,588,0.64,1.1428,370,0.66,1.1785,5,0.65,1.1607,5104,0
SPY190719P297,2019-07-18,2019-07-18 09:45:45,0.66,1.1785,334,0.64,1.1428,489,0.66,1.1785,5,0.65,1.1607,5104,0
SPY190719P297,2019-07-18,2019-07-18 09:45:46,0.66,1.1785,334,0.64,1.1428,489,0.66,1.1785,5,0.65,1.1607,5104,0
SPY190719P297,2019-07-18,2019-07-18 09:45:47,0.66,1.1785,288,0.64,1.1428,124,0.65,1.1607,2,0.65,1.1607,5106,2
SPY190719P297,2019-07-18,2019-07-18 09:45:47,0.66,1.1785,632,0.64,1.1428,817,0.66,1.1785,5,0.65,1.1607,5104,0
SPY190719P297,2019-07-18,2019-07-18 09:45:48,0.66,1.1785,164,0.64,1.1428,322,0.64,1.1428,5,0.65,1.1607,5111,5
SPY190719P297,2019-07-18,2019-07-18 09:45:48,0.66,1.1785,156,0.64,1.1428,157,0.64,1.1428,5,0.65,1.1607,5111,0
SPY190719P297,2019-07-18,2019-07-18 09:45:49,0.67,1.1964,119,0.65,1.1607,650,0.64,1.1428,5,0.66,1.1785,5111,0
SPY190719P297,2019-07-18,2019-07-18 09:45:49,0.67,1.1964,43,0.65,1.1607,197,0.64,1.1428,5,0.66,1.1785,5111,0
SPY190719P297,2019-07-18,2019-07-18 09:45:50,0.67,1.1964,119,0.66,1.1785,56,0.64,1.1428,5,0.665,1.1875,5111,0
SPY190719P297,2019-07-18,2019-07-18 09:45:51,0.68,1.2142,156,0.67,1.1964,60,0.64,1.1428,5,0.675,1.2053,5111,0
SPY190719P297,2019-07-18,2019-07-18 09:45:51,0.68,1.2142,552,0.66,1.1785,193,0.64,1.1428,5,0.67,1.1964,5111,0
SPY190719P297,2019-07-18,2019-07-18 09:45:52,0.68,1.2142,137,0.66,1.1785,370,0.64,1.1428,5,0.67,1.1964,5111,0
SPY190719P297,2019-07-18,2019-07-18 09:45:52,0.68,1.2142,696,0.66,1.1785,457,0.64,1.1428,5,0.67,1.1964,5111,0
SPY190719P297,2019-07-18,2019-07-18 09:45:53,0.67,1.1964,489,0.66,1.1785,80,0.64,1.1428,5,0.665,1.1875,5111,0
SPY190719P297,2019-07-18,2019-07-18 09:45:53,0.68,1.2142,598,0.66,1.1785,278,0.64,1.1428,5,0.67,1.1964,5111,0
SPY190719P297,2019-07-18,2019-07-18 09:45:54,0.67,1.1964,489,0.65,1.1607,93,0.64,1.1428,5,0.66,1.1785,5111,0
SPY190719P297,2019-07-18,2019-07-18 09:45:55,0.66,1.1785,47,0.65,1.1607,92,0.66,1.1785,10,0.655,1.1696,5121,10
SPY190719P297,2019-07-18,2019-07-18 09:45:55,0.66,1.1785,47,0.65,1.1607,93,0.64,1.1428,5,0.655,1.1696,5111,0
SPY190719P297,2019-07-18,2019-07-18 09:45:56,0.65,1.1607,85,0.64,1.1428,106,0.65,1.1607,13,0.645,1.1517,5134,13
SPY190719P297,2019-07-18,2019-07-18 09:45:56,0.66,1.1785,155,0.65,1.1607,74,0.65,1.1607,13,0.655,1.1696,5134,0
SPY190719P297,2019-07-18,2019-07-18 09:45:57,0.66,1.1785,155,0.65,1.1607,135,0.65,1.1607,13,0.655,1.1696,5134,0
SPY190719P297,2019-07-18,2019-07-18 09:45:58,0.66,1.1785,160,0.65,1.1607,169,0.65,1.1607,13,0.655,1.1696,5134,0
SPY190719P297,2019-07-18,2019-07-18 09:45:58,0.66,1.1785,155,0.65,1.1607,120,0.65,1.1607,13,0.655,1.1696,5134,0
SPY190719P297,2019-07-18,2019-07-18 09:45:59,0.66,1.1785,277,0.65,1.1607,84,0.65,1.1607,13,0.655,1.1696,5134,0
SPY190719P297,2019-07-18,2019-07-18 09:45:59,0.66,1.1785,160,0.65,1.1607,137,0.65,1.1607,13,0.655,1.1696,5134,0
SPY190719P297,2019-07-18,2019-07-18 09:46:00,0.66,1.1785,228,0.65,1.1607,84,0.65,1.1607,13,0.655,1.1696,5134,0
SPY190719P297,2019-07-18,2019-07-18 09:46:01,0.66,1.1785,432,0.65,1.1607,119,0.65,1.1607,13,0.655,1.1696,5134,0
SPY190719P297,2019-07-18,2019-07-18 09:46:01,0.66,1.1785,432,0.65,1.1607,87,0.65,1.1607,13,0.655,1.1696,5134,0
SPY190719P297,2019-07-18,2019-07-18 09:46:02,0.66,1.1785,432,0.65,1.1607,119,0.65,1.1607,13,0.655,1.1696,5134,0
SPY190719P297,2019-07-18,2019-07-18 09:46:03,0.64,1.1428,5,0.63,1.125,85,0.65,1.1607,60,0.635,1.1339,5194,0
SPY190719P297,2019-07-18,2019-07-18 09:46:03,0.65,1.1607,10,0.63,1.125,85,0.65,1.1607,60,0.64,1.1428,5194,60
SPY190719P297,2019-07-18,2019-07-18 09:46:04,0.64,1.1428,5,0.63,1.125,391,0.65,1.1607,60,0.635,1.1339,5194,0
SPY190719P297,2019-07-18,2019-07-18 09:46:04,0.64,1.1428,133,0.63,1.125,93,0.65,1.1607,60,0.635,1.1339,5194,0
SPY190719P297,2019-07-18,2019-07-18 09:46:05,0.64,1.1428,193,0.63,1.125,59,0.65,1.1607,60,0.635,1.1339,5194,0
SPY190719P297,2019-07-18,2019-07-18 09:46:05,0.64,1.1428,193,0.63,1.125,56,0.65,1.1607,60,0.635,1.1339,5194,0
SPY190719P297,2019-07-18,2019-07-18 09:46:06,0.64,1.1428,469,0.63,1.125,91,0.65,1.1607,60,0.635,1.1339,5194,0
SPY190719P297,2019-07-18,2019-07-18 09:46:07,0.64,1.1428,692,0.62,1.1071,404,0.65,1.1607,60,0.63,1.125,5194,0
SPY190719P297,2019-07-18,2019-07-18 09:46:07,0.64,1.1428,922,0.62,1.1071,480,0.65,1.1607,60,0.63,1.125,5194,0
SPY190719P297,2019-07-18,2019-07-18 09:46:08,0.63,1.125,267,0.61,1.0892,9,0.65,1.1607,60,0.62,1.1071,5194,0
SPY190719P297,2019-07-18,2019-07-18 09:46:08,0.62,1.1071,100,0.61,1.0892,79,0.65,1.1607,60,0.615,1.0982,5194,0
SPY190719P297,2019-07-18,2019-07-18 09:46:09,0.62,1.1071,201,0.61,1.0892,87,0.65,1.1607,60,0.615,1.0982,5194,0
SPY190719P297,2019-07-18,2019-07-18 09:46:09,0.62,1.1071,172,0.61,1.0892,87,0.65,1.1607,60,0.615,1.0982,5194,0
SPY190719P297,2019-07-18,2019-07-18 09:46:10,0.62,1.1071,225,0.61,1.0892,92,0.65,1.1607,60,0.615,1.0982,5194,0
SPY190719P297,2019-07-18,2019-07-18 09:46:11,0.62,1.1071,5,0.61,1.0892,220,0.61,1.0892,1,0.615,1.0982,5195,1
SPY190719P297,2019-07-18,2019-07-18 09:46:11,0.62,1.1071,84,0.61,1.0892,79,0.65,1.1607,60,0.615,1.0982,5194,0
SPY190719P297,2019-07-18,2019-07-18 09:46:12,0.63,1.125,618,0.61,1.0892,482,0.61,1.0892,1,0.62,1.1071,5195,0
SPY190719P297,2019-07-18,2019-07-18 09:46:12,0.63,1.125,513,0.61,1.0892,507,0.61,1.0892,1,0.62,1.1071,5195,0
SPY190719P297,2019-07-18,2019-07-18 09:46:13,0.63,1.125,284,0.62,1.1071,56,0.61,1.0892,1,0.625,1.116,5195,0
SPY190719P297,2019-07-18,2019-07-18 09:46:13,0.63,1.125,41,0.62,1.1071,56,0.62,1.1071,6,0.625,1.116,5201,6
SPY190719P297,2019-07-18,2019-07-18 09:46:14,0.63,1.125,144,0.62,1.1071,56,0.62,1.1071,6,0.625,1.116,5201,0
SPY190719P297,2019-07-18,2019-07-18 09:46:15,0.63,1.125,355,0.61,1.0892,731,0.62,1.1071,6,0.62,1.1071,5201,0
SPY190719P297,2019-07-18,2019-07-18 09:46:16,0.63,1.125,355,0.61,1.0892,731,0.62,1.1071,6,0.62,1.1071,5201,0
SPY190719P297,2019-07-18,2019-07-18 09:46:16,0.62,1.1071,5,0.61,1.0892,181,0.62,1.1071,6,0.615,1.0982,5201,0
SPY190719P297,2019-07-18,2019-07-18 09:46:17,0.62,1.1071,5,0.61,1.0892,138,0.62,1.1071,6,0.615,1.0982,5201,0
SPY190719P297,2019-07-18,2019-07-18 09:46:17,0.62,1.1071,5,0.61,1.0892,181,0.62,1.1071,6,0.615,1.0982,5201,0
SPY190719P297,2019-07-18,2019-07-18 09:46:18,0.62,1.1071,5,0.61,1.0892,101,0.62,1.1071,6,0.615,1.0982,5201,0
SPY190719P297,2019-07-18,2019-07-18 09:46:18,0.62,1.1071,5,0.61,1.0892,131,0.62,1.1071,6,0.615,1.0982,5201,0
SPY190719P297,2019-07-18,2019-07-18 09:46:19,0.62,1.1071,171,0.61,1.0892,120,0.62,1.1071,6,0.615,1.0982,5201,0
SPY190719P297,2019-07-18,2019-07-18 09:46:20,0.62,1.1071,191,0.61,1.0892,113,0.61,1.0892,6,0.615,1.0982,5207,0
SPY190719P297,2019-07-18,2019-07-18 09:46:20,0.62,1.1071,171,0.61,1.0892,120,0.61,1.0892,6,0.615,1.0982,5207,6
SPY190719P297,2019-07-18,2019-07-18 09:46:21,0.62,1.1071,221,0.61,1.0892,125,0.61,1.0892,6,0.615,1.0982,5207,0
SPY190719P297,2019-07-18,2019-07-18 09:46:21,0.62,1.1071,191,0.61,1.0892,9,0.61,1.0892,6,0.615,1.0982,5207,0
SPY190719P297,2019-07-18,2019-07-18 09:46:22,0.62,1.1071,375,0.61,1.0892,9,0.61,1.0892,1,0.615,1.0982,5208,1
SPY190719P297,2019-07-18,2019-07-18 09:46:22,0.63,1.125,319,0.61,1.0892,125,0.61,1.0892,6,0.62,1.1071,5207,0
SPY190719P297,2019-07-18,2019-07-18 09:46:23,0.62,1.1071,1174,0.61,1.0892,9,0.61,1.0892,1,0.615,1.0982,5208,0
SPY190719P297,2019-07-18,2019-07-18 09:46:24,0.62,1.1071,614,0.6,1.0714,616,0.61,1.0892,1,0.61,1.0892,5208,0
SPY190719P297,2019-07-18,2019-07-18 09:46:24,0.62,1.1071,439,0.61,1.0892,8,0.61,1.0892,1,0.615,1.0982,5208,0
SPY190719P297,2019-07-18,2019-07-18 09:46:25,0.62,1.1071,293,0.61,1.0892,209,0.61,1.0892,4,0.615,1.0982,5212,0
SPY190719P297,2019-07-18,2019-07-18 09:46:25,0.62,1.1071,601,0.61,1.0892,62,0.61,1.0892,4,0.615,1.0982,5212,4
SPY190719P297,2019-07-18,2019-07-18 09:46:26,0.62,1.1071,293,0.61,1.0892,137,0.61,1.0892,4,0.615,1.0982,5212,0
SPY190719P297,2019-07-18,2019-07-18 09:46:27,0.62,1.1071,293,0.61,1.0892,237,0.61,1.0892,4,0.615,1.0982,5212,0
SPY190719P297,2019-07-18,2019-07-18 09:46:27,0.62,1.1071,137,0.61,1.0892,112,0.61,1.0892,4,0.615,1.0982,5212,0
SPY190719P297,2019-07-18,2019-07-18 09:46:28,0.62,1.1071,247,0.61,1.0892,124,0.61,1.0892,1,0.615,1.0982,5213,0
SPY190719P297,2019-07-18,2019-07-18 09:46:28,0.62,1.1071,137,0.61,1.0892,209,0.61,1.0892,1,0.615,1.0982,5213,1
SPY190719P297,2019-07-18,2019-07-18 09:46:29,0.62,1.1071,653,0.61,1.0892,123,0.61,1.0892,1,0.615,1.0982,5213,0
SPY190719P297,2019-07-18,2019-07-18 09:46:29,0.62,1.1071,653,0.61,1.0892,124,0.61,1.0892,1,0.615,1.0982,5213,0
SPY190719P297,2019-07-18,2019-07-18 09:46:30,0.62,1.1071,354,0.61,1.0892,50,0.61,1.0892,1,0.615,1.0982,5213,0
SPY190719P297,2019-07-18,2019-07-18 09:46:31,0.61,1.0892,37,0.6,1.0714,1,0.61,1.0892,6,0.605,1.0803,5327,0
SPY190719P297,2019-07-18,2019-07-18 09:46:31,0.61,1.0892,5,0.6,1.0714,1,0.61,1.0892,6,0.605,1.0803,5327,114
SPY190719P297,2019-07-18,2019-07-18 09:46:32,0.61,1.0892,971,0.6,1.0714,1,0.6,1.0714,1,0.605,1.0803,5328,1
SPY190719P297,2019-07-18,2019-07-18 09:46:32,0.61,1.0892,347,0.6,1.0714,1,0.61,1.0892,6,0.605,1.0803,5327,0
SPY190719P297,2019-07-18,2019-07-18 09:46:33,0.6,1.0714,175,0.59,1.0535,370,0.6,1.0714,1,0.595,1.0625,5328,0
SPY190719P297,2019-07-18,2019-07-18 09:46:33,0.6,1.0714,175,0.6,1.0714,1,0.6,1.0714,1,0.6,1.0714,5328,0
SPY190719P297,2019-07-18,2019-07-18 09:46:34,0.6,1.0714,187,0.59,1.0535,60,0.6,1.0714,1,0.595,1.0625,5328,0
SPY190719P297,2019-07-18,2019-07-18 09:46:35,0.61,1.0892,1022,0.59,1.0535,866,0.6,1.0714,1,0.6,1.0714,5328,0
SPY190719P297,2019-07-18,2019-07-18 09:46:35,0.6,1.0714,187,0.59,1.0535,101,0.6,1.0714,1,0.595,1.0625,5328,0
SPY190719P297,2019-07-18,2019-07-18 09:46:36,0.61,1.0892,1022,0.59,1.0535,902,0.6,1.0714,1,0.6,1.0714,5328,0
SPY190719P297,2019-07-18,2019-07-18 09:46:36,0.61,1.0892,231,0.6,1.0714,119,0.6,1.0714,1,0.605,1.0803,5328,0
SPY190719P297,2019-07-18,2019-07-18 09:46:37,0.61,1.0892,231,0.6,1.0714,147,0.6,1.0714,1,0.605,1.0803,5328,0
SPY190719P297,2019-07-18,2019-07-18 09:46:38,0.61,1.0892,212,0.6,1.0714,225,0.6,1.0714,1,0.605,1.0803,5328,0
SPY190719P297,2019-07-18,2019-07-18 09:46:38,0.61,1.0892,212,0.6,1.0714,147,0.6,1.0714,1,0.605,1.0803,5328,0
SPY190719P297,2019-07-18,2019-07-18 09:46:39,0.61,1.0892,287,0.6,1.0714,15,0.6,1.0714,1,0.605,1.0803,5328,0
SPY190719P297,2019-07-18,2019-07-18 09:46:39,0.61,1.0892,212,0.6,1.0714,15,0.6,1.0714,1,0.605,1.0803,5328,0
SPY190719P297,2019-07-18,2019-07-18 09:46:40,0.62,1.1071,450,0.6,1.0714,15,0.6,1.0714,1,0.61,1.0892,5328,0
SPY190719P297,2019-07-18,2019-07-18 09:46:40,0.62,1.1071,197,0.6,1.0714,1181,0.6,1.0714,1,0.61,1.0892,5328,0
SPY190719P297,2019-07-18,2019-07-18 09:46:41,0.62,1.1071,200,0.6,1.0714,1293,0.6,1.0714,1,0.61,1.0892,5328,0
SPY190719P297,2019-07-18,2019-07-18 09:46:42,0.62,1.1071,91,0.6,1.0714,911,0.6,1.0714,1,0.61,1.0892,5328,0
SPY190719P297,2019-07-18,2019-07-18 09:46:42,0.62,1.1071,85,0.6,1.0714,911,0.6,1.0714,1,0.61,1.0892,5328,0
SPY190719P297,2019-07-18,2019-07-18 09:46:43,0.62,1.1071,232,0.6,1.0714,823,0.6,1.0714,1,0.61,1.0892,5328,0
SPY190719P297,2019-07-18,2019-07-18 09:46:43,0.62,1.1071,232,0.6,1.0714,786,0.6,1.0714,1,0.61,1.0892,5328,0
SPY190719P297,2019-07-18,2019-07-18 09:46:44,0.62,1.1071,202,0.6,1.0714,924,0.6,1.0714,1,0.61,1.0892,5328,0
SPY190719P297,2019-07-18,2019-07-18 09:46:45,0.63,1.125,628,0.61,1.0892,225,0.6,1.0714,1,0.62,1.1071,5328,0
SPY190719P297,2019-07-18,2019-07-18 09:46:45,0.62,1.1071,202,0.6,1.0714,924,0.6,1.0714,1,0.61,1.0892,5328,0
SPY190719P297,2019-07-18,2019-07-18 09:46:46,0.63,1.125,628,0.61,1.0892,562,0.6,1.0714,1,0.62,1.1071,5328,0
SPY190719P297,2019-07-18,2019-07-18 09:46:47,0.63,1.125,581,0.61,1.0892,602,0.6,1.0714,1,0.62,1.1071,5328,0
SPY190719P297,2019-07-18,2019-07-18 09:46:47,0.63,1.125,627,0.61,1.0892,482,0.6,1.0714,1,0.62,1.1071,5328,0
SPY190719P297,2019-07-18,2019-07-18 09:46:48,0.62,1.1071,124,0.61,1.0892,60,0.6,1.0714,1,0.615,1.0982,5328,0
SPY190719P297,2019-07-18,2019-07-18 09:46:49,0.62,1.1071,124,0.61,1.0892,60,0.6,1.0714,1,0.615,1.0982,5328,0
SPY190719P297,2019-07-18,2019-07-18 09:46:50,0.62,1.1071,86,0.61,1.0892,56,0.6,1.0714,1,0.615,1.0982,5328,0
SPY190719P297,2019-07-18,2019-07-18 09:46:51,0.62,1.1071,131,0.61,1.0892,60,0.6,1.0714,1,0.615,1.0982,5328,0
SPY190719P297,2019-07-18,2019-07-18 09:46:52,0.63,1.125,572,0.61,1.0892,220,0.6,1.0714,1,0.62,1.1071,5328,0
SPY190719P297,2019-07-18,2019-07-18 09:46:53,0.63,1.125,87,0.62,1.1071,194,0.6,1.0714,1,0.625,1.116,5328,0
SPY190719P297,2019-07-18,2019-07-18 09:46:54,0.63,1.125,87,0.62,1.1071,194,0.6,1.0714,1,0.625,1.116,5328,0
SPY190719P297,2019-07-18,2019-07-18 09:46:55,0.63,1.125,87,0.62,1.1071,189,0.62,1.1071,2,0.625,1.116,5330,0
SPY190719P297,2019-07-18,2019-07-18 09:46:55,0.63,1.125,87,0.62,1.1071,189,0.62,1.1071,2,0.625,1.116,5330,2
SPY190719P297,2019-07-18,2019-07-18 09:46:56,0.64,1.1428,646,0.62,1.1071,1044,0.62,1.1071,2,0.63,1.125,5330,0
SPY190719P297,2019-07-18,2019-07-18 09:46:56,0.63,1.125,50,0.62,1.1071,238,0.62,1.1071,2,0.625,1.116,5330,0
SPY190719P297,2019-07-18,2019-07-18 09:46:57,0.64,1.1428,513,0.63,1.125,50,0.63,1.125,6,0.635,1.1339,5336,6
SPY190719P297,2019-07-18,2019-07-18 09:46:58,0.64,1.1428,807,0.63,1.125,50,0.63,1.125,6,0.635,1.1339,5336,0
SPY190719P297,2019-07-18,2019-07-18 09:46:59,0.63,1.125,45,0.62,1.1071,124,0.63,1.125,6,0.625,1.116,5336,0
SPY190719P297,2019-07-18,2019-07-18 09:46:59,0.63,1.125,207,0.62,1.1071,60,0.63,1.125,6,0.625,1.116,5336,0
SPY190719P297,2019-07-18,2019-07-18 09:47:00,0.63,1.125,228,0.62,1.1071,60,0.63,1.125,6,0.625,1.116,5336,0
SPY190719P297,2019-07-18,2019-07-18 09:47:01,0.63,1.125,228,0.62,1.1071,60,0.63,1.125,6,0.625,1.116,5336,0
SPY190719P297,2019-07-18,2019-07-18 09:47:01,0.63,1.125,441,0.61,1.0892,398,0.63,1.125,6,0.62,1.1071,5336,0
SPY190719P297,2019-07-18,2019-07-18 09:47:02,0.62,1.1071,75,0.61,1.0892,50,0.63,1.125,6,0.615,1.0982,5336,0
SPY190719P297,2019-07-18,2019-07-18 09:47:03,0.62,1.1071,143,0.6,1.0714,807,0.63,1.125,6,0.61,1.0892,5336,0
SPY190719P297,2019-07-18,2019-07-18 09:47:03,0.62,1.1071,456,0.6,1.0714,796,0.63,1.125,6,0.61,1.0892,5336,0
SPY190719P297,2019-07-18,2019-07-18 09:47:04,0.62,1.1071,404,0.6,1.0714,248,0.63,1.125,6,0.61,1.0892,5336,0
SPY190719P297,2019-07-18,2019-07-18 09:47:04,0.62,1.1071,456,0.6,1.0714,38,0.63,1.125,6,0.61,1.0892,5336,0
SPY190719P297,2019-07-18,2019-07-18 09:47:05,0.62,1.1071,404,0.6,1.0714,830,0.63,1.125,6,0.61,1.0892,5336,0
SPY190719P297,2019-07-18,2019-07-18 09:47:06,0.62,1.1071,480,0.6,1.0714,866,0.63,1.125,6,0.61,1.0892,5336,0
SPY190719P297,2019-07-18,2019-07-18 09:47:06,0.62,1.1071,508,0.6,1.0714,994,0.63,1.125,6,0.61,1.0892,5336,0
SPY190719P297,2019-07-18,2019-07-18 09:47:07,0.62,1.1071,447,0.61,1.0892,81,0.63,1.125,6,0.615,1.0982,5336,0
SPY190719P297,2019-07-18,2019-07-18 09:47:08,0.62,1.1071,447,0.61,1.0892,81,0.63,1.125,6,0.615,1.0982,5336,0
SPY190719P297,2019-07-18,2019-07-18 09:47:08,0.62,1.1071,131,0.61,1.0892,96,0.63,1.125,6,0.615,1.0982,5336,0
SPY190719P297,2019-07-18,2019-07-18 09:47:09,0.62,1.1071,96,0.61,1.0892,143,0.63,1.125,6,0.615,1.0982,5336,0
SPY190719P297,2019-07-18,2019-07-18 09:47:09,0.62,1.1071,96,0.61,1.0892,96,0.63,1.125,6,0.615,1.0982,5336,0
SPY190719P297,2019-07-18,2019-07-18 09:47:10,0.62,1.1071,141,0.61,1.0892,101,0.63,1.125,6,0.615,1.0982,5336,0
SPY190719P297,2019-07-18,2019-07-18 09:47:11,0.62,1.1071,161,0.61,1.0892,101,0.63,1.125,6,0.615,1.0982,5336,0
SPY190719P297,2019-07-18,2019-07-18 09:47:11,0.62,1.1071,226,0.61,1.0892,56,0.63,1.125,6,0.615,1.0982,5336,0
SPY190719P297,2019-07-18,2019-07-18 09:47:12,0.62,1.1071,292,0.6,1.0714,857,0.63,1.125,6,0.61,1.0892,5336,0
SPY190719P297,2019-07-18,2019-07-18 09:47:12,0.62,1.1071,123,0.6,1.0714,945,0.63,1.125,6,0.61,1.0892,5336,0
SPY190719P297,2019-07-18,2019-07-18 09:47:13,0.62,1.1071,50,0.61,1.0892,216,0.63,1.125,6,0.615,1.0982,5336,0
SPY190719P297,2019-07-18,2019-07-18 09:47:13,0.63,1.125,622,0.61,1.0892,216,0.63,1.125,6,0.62,1.1071,5336,0
SPY190719P297,2019-07-18,2019-07-18 09:47:14,0.62,1.1071,448,0.61,1.0892,183,0.63,1.125,6,0.615,1.0982,5336,0
SPY190719P297,2019-07-18,2019-07-18 09:47:15,0.62,1.1071,475,0.6,1.0714,257,0.6,1.0714,6,0.61,1.0892,5342,6
SPY190719P297,2019-07-18,2019-07-18 09:47:15,0.62,1.1071,627,0.6,1.0714,482,0.6,1.0714,6,0.61,1.0892,5342,0
SPY190719P297,2019-07-18,2019-07-18 09:47:16,0.62,1.1071,590,0.6,1.0714,482,0.6,1.0714,6,0.61,1.0892,5342,0
SPY190719P297,2019-07-18,2019-07-18 09:47:17,0.62,1.1071,786,0.6,1.0714,212,0.6,1.0714,6,0.61,1.0892,5342,0
SPY190719P297,2019-07-18,2019-07-18 09:47:17,0.62,1.1071,678,0.6,1.0714,1012,0.6,1.0714,6,0.61,1.0892,5342,0
SPY190719P297,2019-07-18,2019-07-18 09:47:18,0.62,1.1071,740,0.6,1.0714,207,0.6,1.0714,6,0.61,1.0892,5342,0
SPY190719P297,2019-07-18,2019-07-18 09:47:18,0.62,1.1071,503,0.6,1.0714,541,0.6,1.0714,6,0.61,1.0892,5342,0
SPY190719P297,2019-07-18,2019-07-18 09:47:19,0.62,1.1071,503,0.61,1.0892,50,0.6,1.0714,6,0.615,1.0982,5342,0
SPY190719P297,2019-07-18,2019-07-18 09:47:19,0.62,1.1071,503,0.6,1.0714,592,0.6,1.0714,6,0.61,1.0892,5342,0
SPY190719P297,2019-07-18,2019-07-18 09:47:20,0.62,1.1071,911,0.6,1.0714,207,0.6,1.0714,6,0.61,1.0892,5342,0
SPY190719P297,2019-07-18,2019-07-18 09:47:21,0.61,1.0892,4,0.6,1.0714,101,0.6,1.0714,6,0.605,1.0803,5342,0
SPY190719P297,2019-07-18,2019-07-18 09:47:21,0.61,1.0892,11,0.6,1.0714,101,0.6,1.0714,6,0.605,1.0803,5342,0
SPY190719P297,2019-07-18,2019-07-18 09:47:22,0.61,1.0892,206,0.6,1.0714,1,0.6,1.0714,6,0.605,1.0803,5348,0
SPY190719P297,2019-07-18,2019-07-18 09:47:22,0.61,1.0892,211,0.6,1.0714,6,0.6,1.0714,6,0.605,1.0803,5348,6
SPY190719P297,2019-07-18,2019-07-18 09:47:23,0.61,1.0892,119,0.59,1.0535,766,0.6,1.0714,6,0.6,1.0714,5348,0
SPY190719P297,2019-07-18,2019-07-18 09:47:24,0.61,1.0892,188,0.59,1.0535,1129,0.61,1.0892,15,0.6,1.0714,5363,0
SPY190719P297,2019-07-18,2019-07-18 09:47:24,0.61,1.0892,188,0.6,1.0714,1,0.61,1.0892,15,0.605,1.0803,5363,15
SPY190719P297,2019-07-18,2019-07-18 09:47:25,0.61,1.0892,156,0.6,1.0714,1,0.61,1.0892,15,0.605,1.0803,5363,0
SPY190719P297,2019-07-18,2019-07-18 09:47:25,0.61,1.0892,188,0.6,1.0714,1,0.61,1.0892,15,0.605,1.0803,5363,0
SPY190719P297,2019-07-18,2019-07-18 09:47:26,0.61,1.0892,156,0.6,1.0714,1,0.61,1.0892,15,0.605,1.0803,5363,0
SPY190719P297,2019-07-18,2019-07-18 09:47:26,0.61,1.0892,188,0.6,1.0714,41,0.61,1.0892,15,0.605,1.0803,5363,0
SPY190719P297,2019-07-18,2019-07-18 09:47:27,0.61,1.0892,935,0.6,1.0714,41,0.61,1.0892,4,0.605,1.0803,5367,4
SPY190719P297,2019-07-18,2019-07-18 09:47:28,0.61,1.0892,891,0.6,1.0714,1,0.61,1.0892,4,0.605,1.0803,5367,0
SPY190719P297,2019-07-18,2019-07-18 09:47:28,0.61,1.0892,935,0.6,1.0714,1,0.61,1.0892,4,0.605,1.0803,5367,0
SPY190719P297,2019-07-18,2019-07-18 09:47:29,0.61,1.0892,891,0.6,1.0714,10,0.61,1.0892,4,0.605,1.0803,5367,0
SPY190719P297,2019-07-18,2019-07-18 09:47:29,0.61,1.0892,475,0.6,1.0714,10,0.61,1.0892,4,0.605,1.0803,5367,0
SPY190719P297,2019-07-18,2019-07-18 09:47:30,0.61,1.0892,894,0.6,1.0714,1,0.61,1.0892,4,0.605,1.0803,5367,0
SPY190719P297,2019-07-18,2019-07-18 09:47:30,0.61,1.0892,475,0.6,1.0714,10,0.61,1.0892,4,0.605,1.0803,5367,0
SPY190719P297,2019-07-18,2019-07-18 09:47:31,0.61,1.0892,922,0.6,1.0714,1,0.61,1.0892,4,0.605,1.0803,5367,0
SPY190719P297,2019-07-18,2019-07-18 09:47:32,0.61,1.0892,278,0.6,1.0714,1,0.6,1.0714,10,0.605,1.0803,5377,10
SPY190719P297,2019-07-18,2019-07-18 09:47:32,0.61,1.0892,30,0.6,1.0714,264,0.6,1.0714,10,0.605,1.0803,5377,0
SPY190719P297,2019-07-18,2019-07-18 09:47:33,0.61,1.0892,25,0.6,1.0714,516,0.61,1.0892,8,0.605,1.0803,5393,0
SPY190719P297,2019-07-18,2019-07-18 09:47:33,0.61,1.0892,25,0.6,1.0714,871,0.61,1.0892,8,0.605,1.0803,5393,16
SPY190719P297,2019-07-18,2019-07-18 09:47:34,0.61,1.0892,37,0.6,1.0714,674,0.61,1.0892,8,0.605,1.0803,5393,0
SPY190719P297,2019-07-18,2019-07-18 09:47:35,0.61,1.0892,17,0.6,1.0714,674,0.61,1.0892,8,0.605,1.0803,5393,0
SPY190719P297,2019-07-18,2019-07-18 09:47:35,0.61,1.0892,31,0.6,1.0714,674,0.61,1.0892,8,0.605,1.0803,5393,0
SPY190719P297,2019-07-18,2019-07-18 09:47:36,0.61,1.0892,37,0.6,1.0714,691,0.61,1.0892,8,0.605,1.0803,5393,0
SPY190719P297,2019-07-18,2019-07-18 09:47:36,0.61,1.0892,132,0.6,1.0714,123,0.61,1.0892,8,0.605,1.0803,5393,0
SPY190719P297,2019-07-18,2019-07-18 09:47:37,0.61,1.0892,446,0.59,1.0535,849,0.61,1.0892,8,0.6,1.0714,5393,0
SPY190719P297,2019-07-18,2019-07-18 09:47:37,0.61,1.0892,817,0.59,1.0535,849,0.61,1.0892,1,0.6,1.0714,5394,1
SPY190719P297,2019-07-18,2019-07-18 09:47:38,0.61,1.0892,17,0.6,1.0714,1,0.61,1.0892,1,0.605,1.0803,5394,0
SPY190719P297,2019-07-18,2019-07-18 09:47:39,0.61,1.0892,17,0.6,1.0714,198,0.61,1.0892,1,0.605,1.0803,5394,0
SPY190719P297,2019-07-18,2019-07-18 09:47:40,0.61,1.0892,17,0.6,1.0714,357,0.61,1.0892,1,0.605,1.0803,5394,0
SPY190719P297,2019-07-18,2019-07-18 09:47:41,0.61,1.0892,17,0.6,1.0714,193,0.61,1.0892,1,0.605,1.0803,5394,0
SPY190719P297,2019-07-18,2019-07-18 09:47:41,0.61,1.0892,88,0.6,1.0714,108,0.61,1.0892,1,0.605,1.0803,5394,0
SPY190719P297,2019-07-18,2019-07-18 09:47:42,0.61,1.0892,17,0.6,1.0714,738,0.61,1.0892,1,0.605,1.0803,5394,0
SPY190719P297,2019-07-18,2019-07-18 09:47:43,0.61,1.0892,17,0.6,1.0714,880,0.61,1.0892,1,0.605,1.0803,5394,0
SPY190719P297,2019-07-18,2019-07-18 09:47:44,0.61,1.0892,11,0.6,1.0714,1252,0.61,1.0892,3,0.605,1.0803,5400,3
SPY190719P297,2019-07-18,2019-07-18 09:47:44,0.61,1.0892,17,0.6,1.0714,968,0.61,1.0892,3,0.605,1.0803,5397,3
SPY190719P297,2019-07-18,2019-07-18 09:47:45,0.61,1.0892,11,0.6,1.0714,1252,0.61,1.0892,3,0.605,1.0803,5400,0
SPY190719P297,2019-07-18,2019-07-18 09:47:46,0.63,1.125,517,0.61,1.0892,6,0.61,1.0892,4,0.62,1.1071,5411,11
SPY190719P297,2019-07-18,2019-07-18 09:47:46,0.61,1.0892,11,0.6,1.0714,1133,0.61,1.0892,3,0.605,1.0803,5400,0
SPY190719P297,2019-07-18,2019-07-18 09:47:47,0.62,1.1071,37,0.61,1.0892,336,0.61,1.0892,4,0.615,1.0982,5411,0
SPY190719P297,2019-07-18,2019-07-18 09:47:48,0.62,1.1071,37,0.61,1.0892,807,0.61,1.0892,4,0.615,1.0982,5411,0
SPY190719P297,2019-07-18,2019-07-18 09:47:48,0.63,1.125,1080,0.61,1.0892,154,0.61,1.0892,4,0.62,1.1071,5411,0
SPY190719P297,2019-07-18,2019-07-18 09:47:49,0.62,1.1071,37,0.61,1.0892,170,0.61,1.0892,4,0.615,1.0982,5411,0
SPY190719P297,2019-07-18,2019-07-18 09:47:49,0.62,1.1071,37,0.61,1.0892,398,0.61,1.0892,4,0.615,1.0982,5411,0
SPY190719P297,2019-07-18,2019-07-18 09:47:50,0.63,1.125,309,0.61,1.0892,370,0.61,1.0892,4,0.62,1.1071,5411,0
SPY190719P297,2019-07-18,2019-07-18 09:47:51,0.63,1.125,319,0.61,1.0892,370,0.61,1.0892,4,0.62,1.1071,5411,0
SPY190719P297,2019-07-18,2019-07-18 09:47:51,0.63,1.125,319,0.61,1.0892,635,0.61,1.0892,4,0.62,1.1071,5411,0
SPY190719P297,2019-07-18,2019-07-18 09:47:52,0.64,1.1428,701,0.62,1.1071,125,0.61,1.0892,4,0.63,1.125,5411,0
SPY190719P297,2019-07-18,2019-07-18 09:47:52,0.63,1.125,319,0.62,1.1071,50,0.61,1.0892,4,0.625,1.116,5411,0
SPY190719P297,2019-07-18,2019-07-18 09:47:53,0.64,1.1428,315,0.62,1.1071,635,0.61,1.0892,4,0.63,1.125,5411,0
SPY190719P297,2019-07-18,2019-07-18 09:47:54,0.65,1.1607,719,0.63,1.125,446,0.61,1.0892,4,0.64,1.1428,5411,0
SPY190719P297,2019-07-18,2019-07-18 09:47:54,0.65,1.1607,262,0.63,1.125,635,0.61,1.0892,4,0.64,1.1428,5411,0
SPY190719P297,2019-07-18,2019-07-18 09:47:55,0.64,1.1428,279,0.62,1.1071,948,0.63,1.125,1,0.63,1.125,5412,0
SPY190719P297,2019-07-18,2019-07-18 09:47:55,0.64,1.1428,196,0.62,1.1071,682,0.63,1.125,1,0.63,1.125,5412,1
SPY190719P297,2019-07-18,2019-07-18 09:47:56,0.64,1.1428,194,0.63,1.125,9,0.63,1.125,1,0.635,1.1339,5412,0
SPY190719P297,2019-07-18,2019-07-18 09:47:57,0.64,1.1428,571,0.62,1.1071,582,0.63,1.125,1,0.63,1.125,5412,0
SPY190719P297,2019-07-18,2019-07-18 09:47:57,0.64,1.1428,541,0.62,1.1071,719,0.63,1.125,1,0.63,1.125,5412,0
SPY190719P297,2019-07-18,2019-07-18 09:47:58,0.64,1.1428,645,0.62,1.1071,167,0.63,1.125,1,0.63,1.125,5412,0
SPY190719P297,2019-07-18,2019-07-18 09:47:58,0.63,1.125,1,0.62,1.1071,82,0.63,1.125,1,0.625,1.116,5413,1
SPY190719P297,2019-07-18,2019-07-18 09:47:59,0.64,1.1428,213,0.62,1.1071,209,0.63,1.125,1,0.63,1.125,5413,0
SPY190719P297,2019-07-18,2019-07-18 09:48:00,0.64,1.1428,173,0.62,1.1071,21,0.63,1.125,6,0.63,1.125,5419,6
SPY190719P297,2019-07-18,2019-07-18 09:48:00,0.64,1.1428,173,0.63,1.125,47,0.63,1.125,1,0.635,1.1339,5413,0
SPY190719P297,2019-07-18,2019-07-18 09:48:01,0.63,1.125,165,0.62,1.1071,61,0.63,1.125,6,0.625,1.116,5419,0
SPY190719P297,2019-07-18,2019-07-18 09:48:01,0.63,1.125,49,0.62,1.1071,61,0.63,1.125,6,0.625,1.116,5419,0
SPY190719P297,2019-07-18,2019-07-18 09:48:02,0.63,1.125,165,0.62,1.1071,20,0.63,1.125,6,0.625,1.116,5419,0
SPY190719P297,2019-07-18,2019-07-18 09:48:03,0.62,1.1071,288,0.61,1.0892,61,0.63,1.125,6,0.615,1.0982,5419,0
SPY190719P297,2019-07-18,2019-07-18 09:48:03,0.62,1.1071,240,0.61,1.0892,61,0.63,1.125,6,0.615,1.0982,5419,0
SPY190719P297,2019-07-18,2019-07-18 09:48:04,0.62,1.1071,621,0.61,1.0892,21,0.63,1.125,6,0.615,1.0982,5419,0
SPY190719P297,2019-07-18,2019-07-18 09:48:05,0.62,1.1071,786,0.6,1.0714,370,0.63,1.125,6,0.61,1.0892,5419,0
SPY190719P297,2019-07-18,2019-07-18 09:48:06,0.62,1.1071,1073,0.6,1.0714,370,0.63,1.125,6,0.61,1.0892,5419,0
SPY190719P297,2019-07-18,2019-07-18 09:48:06,0.62,1.1071,706,0.6,1.0714,556,0.63,1.125,6,0.61,1.0892,5419,0
SPY190719P297,2019-07-18,2019-07-18 09:48:07,0.61,1.0892,37,0.6,1.0714,127,0.63,1.125,6,0.605,1.0803,5419,0
SPY190719P297,2019-07-18,2019-07-18 09:48:07,0.61,1.0892,26,0.6,1.0714,370,0.63,1.125,6,0.605,1.0803,5419,0
SPY190719P297,2019-07-18,2019-07-18 09:48:08,0.62,1.1071,623,0.6,1.0714,480,0.63,1.125,6,0.61,1.0892,5419,0
SPY190719P297,2019-07-18,2019-07-18 09:48:08,0.62,1.1071,606,0.6,1.0714,581,0.63,1.125,6,0.61,1.0892,5419,0
SPY190719P297,2019-07-18,2019-07-18 09:48:09,0.62,1.1071,682,0.6,1.0714,546,0.63,1.125,6,0.61,1.0892,5419,0
SPY190719P297,2019-07-18,2019-07-18 09:48:10,0.62,1.1071,663,0.6,1.0714,546,0.63,1.125,6,0.61,1.0892,5419,0
SPY190719P297,2019-07-18,2019-07-18 09:48:10,0.62,1.1071,613,0.6,1.0714,322,0.63,1.125,6,0.61,1.0892,5419,0
SPY190719P297,2019-07-18,2019-07-18 09:48:11,0.62,1.1071,633,0.6,1.0714,322,0.63,1.125,6,0.61,1.0892,5419,0
SPY190719P297,2019-07-18,2019-07-18 09:48:12,0.62,1.1071,751,0.6,1.0714,749,0.63,1.125,6,0.61,1.0892,5419,0
SPY190719P297,2019-07-18,2019-07-18 09:48:12,0.62,1.1071,473,0.6,1.0714,749,0.63,1.125,6,0.61,1.0892,5419,0
SPY190719P297,2019-07-18,2019-07-18 09:48:13,0.62,1.1071,37,0.61,1.0892,20,0.63,1.125,6,0.615,1.0982,5419,0
SPY190719P297,2019-07-18,2019-07-18 09:48:13,0.62,1.1071,818,0.61,1.0892,20,0.63,1.125,6,0.615,1.0982,5419,0
SPY190719P297,2019-07-18,2019-07-18 09:48:14,0.63,1.125,37,0.62,1.1071,116,0.62,1.1071,1,0.625,1.116,5420,1
SPY190719P297,2019-07-18,2019-07-18 09:48:14,0.63,1.125,212,0.61,1.0892,245,0.63,1.125,6,0.62,1.1071,5419,0
SPY190719P297,2019-07-18,2019-07-18 09:48:15,0.64,1.1428,572,0.62,1.1071,581,0.62,1.1071,1,0.63,1.125,5420,0
SPY190719P297,2019-07-18,2019-07-18 09:48:16,0.64,1.1428,319,0.62,1.1071,652,0.62,1.1071,1,0.63,1.125,5420,0
SPY190719P297,2019-07-18,2019-07-18 09:48:16,0.64,1.1428,572,0.62,1.1071,719,0.62,1.1071,1,0.63,1.125,5420,0
SPY190719P297,2019-07-18,2019-07-18 09:48:17,0.64,1.1428,319,0.62,1.1071,1000,0.62,1.1071,1,0.63,1.125,5420,0
SPY190719P297,2019-07-18,2019-07-18 09:48:17,0.64,1.1428,282,0.62,1.1071,1000,0.62,1.1071,1,0.63,1.125,5420,0
SPY190719P297,2019-07-18,2019-07-18 09:48:18,0.64,1.1428,207,0.62,1.1071,1105,0.62,1.1071,1,0.63,1.125,5420,0
SPY190719P297,2019-07-18,2019-07-18 09:48:19,0.65,1.1607,212,0.63,1.125,286,0.62,1.1071,1,0.64,1.1428,5420,0
SPY190719P297,2019-07-18,2019-07-18 09:48:19,0.65,1.1607,480,0.63,1.125,722,0.62,1.1071,1,0.64,1.1428,5420,0
SPY190719P297,2019-07-18,2019-07-18 09:48:20,0.65,1.1607,390,0.63,1.125,765,0.62,1.1071,1,0.64,1.1428,5420,0
SPY190719P297,2019-07-18,2019-07-18 09:48:20,0.65,1.1607,480,0.63,1.125,722,0.62,1.1071,1,0.64,1.1428,5420,0
SPY190719P297,2019-07-18,2019-07-18 09:48:21,0.65,1.1607,390,0.63,1.125,765,0.62,1.1071,1,0.64,1.1428,5420,0
SPY190719P297,2019-07-18,2019-07-18 09:48:22,0.64,1.1428,37,0.63,1.125,480,0.62,1.1071,1,0.635,1.1339,5420,0
SPY190719P297,2019-07-18,2019-07-18 09:48:22,0.65,1.1607,382,0.63,1.125,480,0.62,1.1071,1,0.64,1.1428,5420,0
SPY190719P297,2019-07-18,2019-07-18 09:48:23,0.65,1.1607,282,0.63,1.125,664,0.62,1.1071,1,0.64,1.1428,5420,0
SPY190719P297,2019-07-18,2019-07-18 09:48:23,0.65,1.1607,15,0.64,1.1428,329,0.62,1.1071,1,0.645,1.1517,5420,0
SPY190719P297,2019-07-18,2019-07-18 09:48:24,0.65,1.1607,15,0.64,1.1428,15,0.62,1.1071,1,0.645,1.1517,5420,0
SPY190719P297,2019-07-18,2019-07-18 09:48:25,0.65,1.1607,143,0.64,1.1428,19,0.62,1.1071,1,0.645,1.1517,5420,0
SPY190719P297,2019-07-18,2019-07-18 09:48:25,0.65,1.1607,80,0.64,1.1428,65,0.62,1.1071,1,0.645,1.1517,5420,0
SPY190719P297,2019-07-18,2019-07-18 09:48:26,0.65,1.1607,458,0.63,1.125,480,0.64,1.1428,19,0.64,1.1428,5439,0
SPY190719P297,2019-07-18,2019-07-18 09:48:26,0.65,1.1607,178,0.64,1.1428,19,0.64,1.1428,19,0.645,1.1517,5439,19
SPY190719P297,2019-07-18,2019-07-18 09:48:27,0.65,1.1607,458,0.63,1.125,480,0.64,1.1428,19,0.64,1.1428,5439,0
SPY190719P297,2019-07-18,2019-07-18 09:48:27,0.65,1.1607,380,0.63,1.125,927,0.64,1.1428,1,0.64,1.1428,5440,1
SPY190719P297,2019-07-18,2019-07-18 09:48:28,0.65,1.1607,362,0.63,1.125,1066,0.64,1.1428,1,0.64,1.1428,5440,0
SPY190719P297,2019-07-18,2019-07-18 09:48:29,0.65,1.1607,156,0.64,1.1428,68,0.64,1.1428,1,0.645,1.1517,5440,0
SPY190719P297,2019-07-18,2019-07-18 09:48:29,0.65,1.1607,362,0.63,1.125,1066,0.64,1.1428,1,0.64,1.1428,5440,0
SPY190719P297,2019-07-18,2019-07-18 09:48:30,0.65,1.1607,156,0.64,1.1428,68,0.64,1.1428,1,0.645,1.1517,5440,0
SPY190719P297,2019-07-18,2019-07-18 09:48:30,0.65,1.1607,15,0.64,1.1428,49,0.64,1.1428,1,0.645,1.1517,5440,0
SPY190719P297,2019-07-18,2019-07-18 09:48:31,0.65,1.1607,15,0.64,1.1428,547,0.64,1.1428,1,0.645,1.1517,5440,0
SPY190719P297,2019-07-18,2019-07-18 09:48:31,0.65,1.1607,15,0.64,1.1428,194,0.64,1.1428,1,0.645,1.1517,5440,0
SPY190719P297,2019-07-18,2019-07-18 09:48:32,0.65,1.1607,120,0.64,1.1428,24,0.64,1.1428,1,0.645,1.1517,5440,0
SPY190719P297,2019-07-18,2019-07-18 09:48:33,0.65,1.1607,218,0.64,1.1428,50,0.64,1.1428,1,0.645,1.1517,5440,0
SPY190719P297,2019-07-18,2019-07-18 09:48:33,0.65,1.1607,87,0.64,1.1428,24,0.64,1.1428,1,0.645,1.1517,5440,0
SPY190719P297,2019-07-18,2019-07-18 09:48:34,0.65,1.1607,172,0.64,1.1428,50,0.64,1.1428,1,0.645,1.1517,5440,0
SPY190719P297,2019-07-18,2019-07-18 09:48:34,0.65,1.1607,29,0.64,1.1428,50,0.64,1.1428,1,0.645,1.1517,5440,0
SPY190719P297,2019-07-18,2019-07-18 09:48:35,0.65,1.1607,90,0.64,1.1428,165,0.65,1.1607,10,0.645,1.1517,5450,10
SPY190719P297,2019-07-18,2019-07-18 09:48:36,0.65,1.1607,15,0.64,1.1428,621,0.65,1.1607,18,0.645,1.1517,5468,18
SPY190719P297,2019-07-18,2019-07-18 09:48:36,0.65,1.1607,15,0.64,1.1428,267,0.65,1.1607,18,0.645,1.1517,5468,0
SPY190719P297,2019-07-18,2019-07-18 09:48:37,0.65,1.1607,37,0.64,1.1428,251,0.65,1.1607,18,0.645,1.1517,5468,0
SPY190719P297,2019-07-18,2019-07-18 09:48:37,0.65,1.1607,15,0.64,1.1428,747,0.65,1.1607,18,0.645,1.1517,5468,0
SPY190719P297,2019-07-18,2019-07-18 09:48:38,0.65,1.1607,15,0.64,1.1428,502,0.65,1.1607,18,0.645,1.1517,5468,0
SPY190719P297,2019-07-18,2019-07-18 09:48:39,0.65,1.1607,15,0.64,1.1428,513,0.65,1.1607,18,0.645,1.1517,5468,0
SPY190719P297,2019-07-18,2019-07-18 09:48:39,0.65,1.1607,72,0.64,1.1428,150,0.65,1.1607,18,0.645,1.1517,5468,0
SPY190719P297,2019-07-18,2019-07-18 09:48:40,0.65,1.1607,172,0.64,1.1428,137,0.65,1.1607,18,0.645,1.1517,5468,0
SPY190719P297,2019-07-18,2019-07-18 09:48:41,0.65,1.1607,122,0.64,1.1428,144,0.65,1.1607,7,0.645,1.1517,5475,7
SPY190719P297,2019-07-18,2019-07-18 09:48:41,0.65,1.1607,122,0.64,1.1428,134,0.65,1.1607,7,0.645,1.1517,5475,0
SPY190719P297,2019-07-18,2019-07-18 09:48:42,0.66,1.1785,569,0.64,1.1428,633,0.65,1.1607,6,0.65,1.1607,5491,16
SPY190719P297,2019-07-18,2019-07-18 09:48:43,0.66,1.1785,822,0.64,1.1428,648,0.65,1.1607,6,0.65,1.1607,5491,0
SPY190719P297,2019-07-18,2019-07-18 09:48:43,0.66,1.1785,569,0.64,1.1428,648,0.65,1.1607,6,0.65,1.1607,5491,0
SPY190719P297,2019-07-18,2019-07-18 09:48:44,0.66,1.1785,822,0.65,1.1607,22,0.65,1.1607,4,0.655,1.1696,5495,0
SPY190719P297,2019-07-18,2019-07-18 09:48:44,0.66,1.1785,822,0.65,1.1607,22,0.65,1.1607,4,0.655,1.1696,5495,4
SPY190719P297,2019-07-18,2019-07-18 09:48:45,0.66,1.1785,822,0.65,1.1607,22,0.65,1.1607,4,0.655,1.1696,5495,0
SPY190719P297,2019-07-18,2019-07-18 09:48:46,0.66,1.1785,477,0.65,1.1607,34,0.65,1.1607,4,0.655,1.1696,5495,0
SPY190719P297,2019-07-18,2019-07-18 09:48:46,0.66,1.1785,822,0.65,1.1607,22,0.65,1.1607,4,0.655,1.1696,5495,0
SPY190719P297,2019-07-18,2019-07-18 09:48:47,0.66,1.1785,805,0.65,1.1607,34,0.65,1.1607,4,0.655,1.1696,5495,0
SPY190719P297,2019-07-18,2019-07-18 09:48:48,0.66,1.1785,777,0.65,1.1607,22,0.65,1.1607,4,0.655,1.1696,5495,0
SPY190719P297,2019-07-18,2019-07-18 09:48:48,0.66,1.1785,358,0.65,1.1607,69,0.65,1.1607,4,0.655,1.1696,5495,0
SPY190719P297,2019-07-18,2019-07-18 09:48:49,0.66,1.1785,501,0.64,1.1428,24,0.65,1.1607,1,0.65,1.1607,5496,1
SPY190719P297,2019-07-18,2019-07-18 09:48:50,0.66,1.1785,852,0.64,1.1428,29,0.65,1.1607,1,0.65,1.1607,5496,0
SPY190719P297,2019-07-18,2019-07-18 09:48:50,0.65,1.1607,71,0.64,1.1428,24,0.65,1.1607,1,0.645,1.1517,5496,0
SPY190719P297,2019-07-18,2019-07-18 09:48:51,0.65,1.1607,3,0.64,1.1428,69,0.65,1.1607,1,0.645,1.1517,5496,0
SPY190719P297,2019-07-18,2019-07-18 09:48:52,0.65,1.1607,87,0.64,1.1428,119,0.65,1.1607,1,0.645,1.1517,5496,0
SPY190719P297,2019-07-18,2019-07-18 09:48:53,0.65,1.1607,37,0.64,1.1428,68,0.65,1.1607,1,0.645,1.1517,5496,0
SPY190719P297,2019-07-18,2019-07-18 09:48:53,0.66,1.1785,747,0.64,1.1428,79,0.65,1.1607,1,0.65,1.1607,5496,0
SPY190719P297,2019-07-18,2019-07-18 09:48:54,0.66,1.1785,158,0.65,1.1607,40,0.65,1.1607,1,0.655,1.1696,5496,0
SPY190719P297,2019-07-18,2019-07-18 09:48:54,0.65,1.1607,40,0.64,1.1428,114,0.65,1.1607,1,0.645,1.1517,5496,0
SPY190719P297,2019-07-18,2019-07-18 09:48:55,0.66,1.1785,518,0.65,1.1607,1,0.65,1.1607,1,0.655,1.1696,5496,0
SPY190719P297,2019-07-18,2019-07-18 09:48:56,0.66,1.1785,1080,0.65,1.1607,1,0.65,1.1607,1,0.655,1.1696,5496,0
SPY190719P297,2019-07-18,2019-07-18 09:48:56,0.66,1.1785,718,0.65,1.1607,1,0.65,1.1607,1,0.655,1.1696,5496,0
SPY190719P297,2019-07-18,2019-07-18 09:48:57,0.66,1.1785,1143,0.65,1.1607,1,0.65,1.1607,1,0.655,1.1696,5497,1
SPY190719P297,2019-07-18,2019-07-18 09:48:58,0.65,1.1607,72,0.64,1.1428,43,0.65,1.1607,1,0.645,1.1517,5498,1
SPY190719P297,2019-07-18,2019-07-18 09:48:58,0.65,1.1607,137,0.64,1.1428,43,0.65,1.1607,1,0.645,1.1517,5498,0
SPY190719P297,2019-07-18,2019-07-18 09:48:59,0.65,1.1607,1115,0.63,1.125,87,0.64,1.1428,10,0.64,1.1428,5511,12
SPY190719P297,2019-07-18,2019-07-18 09:48:59,0.65,1.1607,213,0.64,1.1428,37,0.65,1.1607,1,0.645,1.1517,5499,1
SPY190719P297,2019-07-18,2019-07-18 09:49:00,0.65,1.1607,1041,0.63,1.125,158,0.64,1.1428,10,0.64,1.1428,5511,0
SPY190719P297,2019-07-18,2019-07-18 09:49:01,0.65,1.1607,3,0.65,1.1607,37,0.64,1.1428,10,0.65,1.1607,5511,0
SPY190719P297,2019-07-18,2019-07-18 09:49:01,0.65,1.1607,32,0.63,1.125,163,0.64,1.1428,10,0.64,1.1428,5511,0
SPY190719P297,2019-07-18,2019-07-18 09:49:02,0.66,1.1785,568,0.65,1.1607,87,0.64,1.1428,10,0.655,1.1696,5511,0
SPY190719P297,2019-07-18,2019-07-18 09:49:03,0.66,1.1785,50,0.65,1.1607,97,0.64,1.1428,10,0.655,1.1696,5511,0
SPY190719P297,2019-07-18,2019-07-18 09:49:03,0.66,1.1785,50,0.65,1.1607,87,0.64,1.1428,10,0.655,1.1696,5511,0
SPY190719P297,2019-07-18,2019-07-18 09:49:04,0.66,1.1785,106,0.65,1.1607,88,0.64,1.1428,10,0.655,1.1696,5511,0
SPY190719P297,2019-07-18,2019-07-18 09:49:04,0.67,1.1964,799,0.65,1.1607,153,0.64,1.1428,10,0.66,1.1785,5511,0
SPY190719P297,2019-07-18,2019-07-18 09:49:05,0.67,1.1964,799,0.65,1.1607,136,0.66,1.1785,1,0.66,1.1785,5512,1
SPY190719P297,2019-07-18,2019-07-18 09:49:06,0.66,1.1785,87,0.65,1.1607,136,0.66,1.1785,5,0.655,1.1696,5517,5
SPY190719P297,2019-07-18,2019-07-18 09:49:06,0.66,1.1785,3,0.65,1.1607,138,0.66,1.1785,5,0.655,1.1696,5517,0
SPY190719P297,2019-07-18,2019-07-18 09:49:07,0.66,1.1785,3,0.65,1.1607,138,0.66,1.1785,5,0.655,1.1696,5517,0
SPY190719P297,2019-07-18,2019-07-18 09:49:07,0.66,1.1785,37,0.65,1.1607,103,0.66,1.1785,5,0.655,1.1696,5517,0
SPY190719P297,2019-07-18,2019-07-18 09:49:08,0.66,1.1785,137,0.65,1.1607,103,0.66,1.1785,4,0.655,1.1696,5521,4
SPY190719P297,2019-07-18,2019-07-18 09:49:09,0.66,1.1785,148,0.65,1.1607,106,0.66,1.1785,4,0.655,1.1696,5521,0
SPY190719P297,2019-07-18,2019-07-18 09:49:09,0.66,1.1785,157,0.65,1.1607,53,0.66,1.1785,4,0.655,1.1696,5521,0
SPY190719P297,2019-07-18,2019-07-18 09:49:10,0.66,1.1785,710,0.65,1.1607,1,0.66,1.1785,4,0.655,1.1696,5521,0
SPY190719P297,2019-07-18,2019-07-18 09:49:10,0.66,1.1785,513,0.65,1.1607,1,0.66,1.1785,4,0.655,1.1696,5521,0
SPY190719P297,2019-07-18,2019-07-18 09:49:11,0.66,1.1785,920,0.65,1.1607,37,0.66,1.1785,4,0.655,1.1696,5521,0
SPY190719P297,2019-07-18,2019-07-18 09:49:11,0.66,1.1785,710,0.65,1.1607,37,0.66,1.1785,4,0.655,1.1696,5521,0
SPY190719P297,2019-07-18,2019-07-18 09:49:12,0.66,1.1785,710,0.65,1.1607,37,0.66,1.1785,4,0.655,1.1696,5521,0
SPY190719P297,2019-07-18,2019-07-18 09:49:13,0.66,1.1785,710,0.65,1.1607,1,0.66,1.1785,4,0.655,1.1696,5521,0
SPY190719P297,2019-07-18,2019-07-18 09:49:13,0.66,1.1785,938,0.65,1.1607,1,0.66,1.1785,4,0.655,1.1696,5521,0
SPY190719P297,2019-07-18,2019-07-18 09:49:14,0.66,1.1785,710,0.65,1.1607,76,0.66,1.1785,4,0.655,1.1696,5521,0
SPY190719P297,2019-07-18,2019-07-18 09:49:14,0.66,1.1785,197,0.65,1.1607,50,0.66,1.1785,4,0.655,1.1696,5521,0
SPY190719P297,2019-07-18,2019-07-18 09:49:15,0.66,1.1785,657,0.65,1.1607,6,0.66,1.1785,4,0.655,1.1696,5521,0
SPY190719P297,2019-07-18,2019-07-18 09:49:15,0.66,1.1785,743,0.65,1.1607,6,0.66,1.1785,4,0.655,1.1696,5521,0
SPY190719P297,2019-07-18,2019-07-18 09:49:16,0.66,1.1785,437,0.65,1.1607,1,0.66,1.1785,4,0.655,1.1696,5521,0
SPY190719P297,2019-07-18,2019-07-18 09:49:17,0.66,1.1785,1036,0.65,1.1607,9,0.65,1.1607,4,0.655,1.1696,5525,0
SPY190719P297,2019-07-18,2019-07-18 09:49:17,0.66,1.1785,437,0.65,1.1607,1,0.65,1.1607,4,0.655,1.1696,5525,4
SPY190719P297,2019-07-18,2019-07-18 09:49:18,0.66,1.1785,822,0.65,1.1607,1,0.65,1.1607,4,0.655,1.1696,5525,0
SPY190719P297,2019-07-18,2019-07-18 09:49:18,0.66,1.1785,1032,0.65,1.1607,1,0.65,1.1607,4,0.655,1.1696,5525,0
SPY190719P297,2019-07-18,2019-07-18 09:49:19,0.66,1.1785,1098,0.65,1.1607,1,0.65,1.1607,4,0.655,1.1696,5525,0
SPY190719P297,2019-07-18,2019-07-18 09:49:19,0.66,1.1785,1901,0.65,1.1607,1,0.65,1.1607,4,0.655,1.1696,5525,0
SPY190719P297,2019-07-18,2019-07-18 09:49:20,0.65,1.1607,701,0.63,1.125,120,0.65,1.1607,4,0.64,1.1428,5542,17
SPY190719P297,2019-07-18,2019-07-18 09:49:21,0.64,1.1428,5,0.63,1.125,92,0.65,1.1607,4,0.635,1.1339,5542,0
SPY190719P297,2019-07-18,2019-07-18 09:49:22,0.64,1.1428,5,0.63,1.125,98,0.65,1.1607,4,0.635,1.1339,5542,0
SPY190719P297,2019-07-18,2019-07-18 09:49:23,0.64,1.1428,145,0.63,1.125,92,0.64,1.1428,1,0.635,1.1339,5548,0
SPY190719P297,2019-07-18,2019-07-18 09:49:23,0.64,1.1428,122,0.63,1.125,124,0.64,1.1428,1,0.635,1.1339,5548,6
SPY190719P297,2019-07-18,2019-07-18 09:49:24,0.64,1.1428,122,0.63,1.125,177,0.64,1.1428,1,0.635,1.1339,5548,0
SPY190719P297,2019-07-18,2019-07-18 09:49:24,0.64,1.1428,122,0.63,1.125,137,0.64,1.1428,1,0.635,1.1339,5548,0
SPY190719P297,2019-07-18,2019-07-18 09:49:25,0.65,1.1607,942,0.63,1.125,480,0.64,1.1428,1,0.64,1.1428,5548,0
SPY190719P297,2019-07-18,2019-07-18 09:49:26,0.65,1.1607,980,0.63,1.125,618,0.64,1.1428,1,0.64,1.1428,5548,0
SPY190719P297,2019-07-18,2019-07-18 09:49:26,0.65,1.1607,908,0.63,1.125,618,0.64,1.1428,1,0.64,1.1428,5548,0
SPY190719P297,2019-07-18,2019-07-18 09:49:27,0.64,1.1428,5,0.63,1.125,56,0.64,1.1428,1,0.635,1.1339,5548,0
SPY190719P297,2019-07-18,2019-07-18 09:49:27,0.65,1.1607,690,0.63,1.125,498,0.64,1.1428,1,0.64,1.1428,5548,0
SPY190719P297,2019-07-18,2019-07-18 09:49:28,0.64,1.1428,172,0.63,1.125,129,0.64,1.1428,5,0.635,1.1339,5553,5
SPY190719P297,2019-07-18,2019-07-18 09:49:29,0.64,1.1428,122,0.63,1.125,133,0.64,1.1428,5,0.635,1.1339,5553,0
SPY190719P297,2019-07-18,2019-07-18 09:49:29,0.64,1.1428,122,0.63,1.125,625,0.64,1.1428,5,0.635,1.1339,5553,0
SPY190719P297,2019-07-18,2019-07-18 09:49:30,0.65,1.1607,426,0.63,1.125,387,0.64,1.1428,5,0.64,1.1428,5553,0
SPY190719P297,2019-07-18,2019-07-18 09:49:30,0.64,1.1428,117,0.63,1.125,254,0.64,1.1428,5,0.635,1.1339,5553,0
SPY190719P297,2019-07-18,2019-07-18 09:49:31,0.66,1.1785,395,0.64,1.1428,10,0.64,1.1428,5,0.65,1.1607,5553,0
SPY190719P297,2019-07-18,2019-07-18 09:49:32,0.66,1.1785,395,0.64,1.1428,101,0.64,1.1428,5,0.65,1.1607,5553,0
SPY190719P297,2019-07-18,2019-07-18 09:49:32,0.66,1.1785,395,0.63,1.125,546,0.64,1.1428,5,0.645,1.1517,5553,0
SPY190719P297,2019-07-18,2019-07-18 09:49:33,0.66,1.1785,209,0.65,1.1607,101,0.64,1.1428,5,0.655,1.1696,5553,0
SPY190719P297,2019-07-18,2019-07-18 09:49:33,0.65,1.1607,57,0.64,1.1428,250,0.64,1.1428,5,0.645,1.1517,5553,0
SPY190719P297,2019-07-18,2019-07-18 09:49:34,0.66,1.1785,209,0.65,1.1607,41,0.64,1.1428,5,0.655,1.1696,5553,0
SPY190719P297,2019-07-18,2019-07-18 09:49:35,0.66,1.1785,209,0.65,1.1607,122,0.64,1.1428,5,0.655,1.1696,5553,0
SPY190719P297,2019-07-18,2019-07-18 09:49:35,0.66,1.1785,209,0.65,1.1607,154,0.64,1.1428,5,0.655,1.1696,5553,0
SPY190719P297,2019-07-18,2019-07-18 09:49:36,0.66,1.1785,100,0.65,1.1607,167,0.64,1.1428,5,0.655,1.1696,5553,0
SPY190719P297,2019-07-18,2019-07-18 09:49:36,0.66,1.1785,119,0.65,1.1607,305,0.64,1.1428,5,0.655,1.1696,5553,0
SPY190719P297,2019-07-18,2019-07-18 09:49:37,0.66,1.1785,35,0.65,1.1607,170,0.64,1.1428,5,0.655,1.1696,5553,0
SPY190719P297,2019-07-18,2019-07-18 09:49:38,0.66,1.1785,158,0.65,1.1607,170,0.64,1.1428,5,0.655,1.1696,5553,0
SPY190719P297,2019-07-18,2019-07-18 09:49:38,0.66,1.1785,158,0.64,1.1428,680,0.64,1.1428,5,0.65,1.1607,5553,0
SPY190719P297,2019-07-18,2019-07-18 09:49:39,0.66,1.1785,167,0.64,1.1428,714,0.64,1.1428,5,0.65,1.1607,5553,0
SPY190719P297,2019-07-18,2019-07-18 09:49:39,0.66,1.1785,155,0.65,1.1607,3,0.64,1.1428,5,0.655,1.1696,5553,0
SPY190719P297,2019-07-18,2019-07-18 09:49:40,0.66,1.1785,203,0.65,1.1607,91,0.64,1.1428,5,0.655,1.1696,5553,0
SPY190719P297,2019-07-18,2019-07-18 09:49:40,0.66,1.1785,153,0.65,1.1607,9,0.64,1.1428,5,0.655,1.1696,5553,0
SPY190719P297,2019-07-18,2019-07-18 09:49:41,0.66,1.1785,203,0.65,1.1607,146,0.64,1.1428,5,0.655,1.1696,5553,0
SPY190719P297,2019-07-18,2019-07-18 09:49:42,0.66,1.1785,203,0.65,1.1607,146,0.64,1.1428,5,0.655,1.1696,5553,0
SPY190719P297,2019-07-18,2019-07-18 09:49:43,0.67,1.1964,623,0.65,1.1607,206,0.64,1.1428,5,0.66,1.1785,5553,0
SPY190719P297,2019-07-18,2019-07-18 09:49:43,0.66,1.1785,148,0.65,1.1607,152,0.64,1.1428,5,0.655,1.1696,5553,0
SPY190719P297,2019-07-18,2019-07-18 09:49:44,0.67,1.1964,623,0.65,1.1607,156,0.64,1.1428,5,0.66,1.1785,5553,0
SPY190719P297,2019-07-18,2019-07-18 09:49:45,0.67,1.1964,336,0.66,1.1785,9,0.64,1.1428,5,0.665,1.1875,5553,0
SPY190719P297,2019-07-18,2019-07-18 09:49:45,0.67,1.1964,523,0.66,1.1785,9,0.64,1.1428,5,0.665,1.1875,5553,0
SPY190719P297,2019-07-18,2019-07-18 09:49:46,0.67,1.1964,387,0.65,1.1607,1373,0.64,1.1428,5,0.66,1.1785,5553,0
SPY190719P297,2019-07-18,2019-07-18 09:49:46,0.67,1.1964,263,0.65,1.1607,1237,0.64,1.1428,5,0.66,1.1785,5553,0
SPY190719P297,2019-07-18,2019-07-18 09:49:47,0.67,1.1964,263,0.66,1.1785,131,0.64,1.1428,5,0.665,1.1875,5553,0
SPY190719P297,2019-07-18,2019-07-18 09:49:48,0.67,1.1964,154,0.66,1.1785,121,0.67,1.1964,4,0.665,1.1875,5557,0
SPY190719P297,2019-07-18,2019-07-18 09:49:48,0.67,1.1964,154,0.66,1.1785,157,0.67,1.1964,4,0.665,1.1875,5557,4
SPY190719P297,2019-07-18,2019-07-18 09:49:49,0.67,1.1964,212,0.66,1.1785,10,0.67,1.1964,4,0.665,1.1875,5557,0
SPY190719P297,2019-07-18,2019-07-18 09:49:50,0.67,1.1964,655,0.66,1.1785,10,0.67,1.1964,4,0.665,1.1875,5557,0
SPY190719P297,2019-07-18,2019-07-18 09:49:50,0.67,1.1964,569,0.66,1.1785,10,0.67,1.1964,4,0.665,1.1875,5557,0
SPY190719P297,2019-07-18,2019-07-18 09:49:51,0.66,1.1785,219,0.64,1.1428,760,0.66,1.1785,10,0.65,1.1607,5567,0
SPY190719P297,2019-07-18,2019-07-18 09:49:51,0.67,1.1964,655,0.66,1.1785,10,0.66,1.1785,10,0.665,1.1875,5567,10
SPY190719P297,2019-07-18,2019-07-18 09:49:52,0.65,1.1607,5,0.64,1.1428,100,0.66,1.1785,10,0.645,1.1517,5567,0
SPY190719P297,2019-07-18,2019-07-18 09:49:53,0.66,1.1785,344,0.64,1.1428,120,0.66,1.1785,10,0.65,1.1607,5567,0
SPY190719P297,2019-07-18,2019-07-18 09:49:53,0.65,1.1607,5,0.64,1.1428,100,0.66,1.1785,10,0.645,1.1517,5567,0
SPY190719P297,2019-07-18,2019-07-18 09:49:54,0.66,1.1785,645,0.65,1.1607,41,0.66,1.1785,15,0.655,1.1696,5582,15
SPY190719P297,2019-07-18,2019-07-18 09:49:55,0.66,1.1785,212,0.65,1.1607,86,0.66,1.1785,15,0.655,1.1696,5582,0
SPY190719P297,2019-07-18,2019-07-18 09:49:55,0.66,1.1785,212,0.65,1.1607,101,0.66,1.1785,15,0.655,1.1696,5582,0
SPY190719P297,2019-07-18,2019-07-18 09:49:56,0.66,1.1785,212,0.65,1.1607,86,0.66,1.1785,15,0.655,1.1696,5582,0
SPY190719P297,2019-07-18,2019-07-18 09:49:56,0.66,1.1785,468,0.65,1.1607,14,0.66,1.1785,15,0.655,1.1696,5582,0
SPY190719P297,2019-07-18,2019-07-18 09:49:57,0.66,1.1785,263,0.65,1.1607,56,0.66,1.1785,15,0.655,1.1696,5582,0
SPY190719P297,2019-07-18,2019-07-18 09:49:58,0.66,1.1785,263,0.64,1.1428,658,0.66,1.1785,15,0.65,1.1607,5582,0
SPY190719P297,2019-07-18,2019-07-18 09:49:58,0.66,1.1785,140,0.64,1.1428,448,0.66,1.1785,15,0.65,1.1607,5582,0
SPY190719P297,2019-07-18,2019-07-18 09:49:59,0.66,1.1785,140,0.65,1.1607,101,0.66,1.1785,15,0.655,1.1696,5582,0
SPY190719P297,2019-07-18,2019-07-18 09:50:00,0.66,1.1785,140,0.65,1.1607,154,0.66,1.1785,15,0.655,1.1696,5582,0
SPY190719P297,2019-07-18,2019-07-18 09:50:01,0.66,1.1785,140,0.65,1.1607,117,0.66,1.1785,15,0.655,1.1696,5582,0
SPY190719P297,2019-07-18,2019-07-18 09:50:01,0.66,1.1785,140,0.65,1.1607,66,0.66,1.1785,15,0.655,1.1696,5582,0
SPY190719P297,2019-07-18,2019-07-18 09:50:02,0.66,1.1785,135,0.65,1.1607,137,0.66,1.1785,15,0.655,1.1696,5582,0
SPY190719P297,2019-07-18,2019-07-18 09:50:02,0.66,1.1785,140,0.65,1.1607,101,0.66,1.1785,15,0.655,1.1696,5582,0
SPY190719P297,2019-07-18,2019-07-18 09:50:03,0.66,1.1785,135,0.65,1.1607,137,0.66,1.1785,15,0.655,1.1696,5582,0
SPY190719P297,2019-07-18,2019-07-18 09:50:04,0.66,1.1785,140,0.65,1.1607,137,0.66,1.1785,15,0.655,1.1696,5582,0
SPY190719P297,2019-07-18,2019-07-18 09:50:04,0.66,1.1785,135,0.65,1.1607,137,0.66,1.1785,15,0.655,1.1696,5582,0
SPY190719P297,2019-07-18,2019-07-18 09:50:05,0.66,1.1785,57,0.65,1.1607,137,0.66,1.1785,15,0.655,1.1696,5582,0
SPY190719P297,2019-07-18,2019-07-18 09:50:05,0.66,1.1785,112,0.65,1.1607,145,0.66,1.1785,15,0.655,1.1696,5582,0
SPY190719P297,2019-07-18,2019-07-18 09:50:06,0.67,1.1964,511,0.65,1.1607,506,0.66,1.1785,1,0.66,1.1785,5589,7
SPY190719P297,2019-07-18,2019-07-18 09:50:06,0.67,1.1964,516,0.66,1.1785,102,0.66,1.1785,1,0.665,1.1875,5589,0
SPY190719P297,2019-07-18,2019-07-18 09:50:07,0.67,1.1964,516,0.66,1.1785,568,0.66,1.1785,1,0.665,1.1875,5589,0
SPY190719P297,2019-07-18,2019-07-18 09:50:08,0.67,1.1964,516,0.66,1.1785,358,0.66,1.1785,1,0.665,1.1875,5589,0
SPY190719P297,2019-07-18,2019-07-18 09:50:08,0.67,1.1964,516,0.66,1.1785,500,0.66,1.1785,1,0.665,1.1875,5589,0
SPY190719P297,2019-07-18,2019-07-18 09:50:09,0.67,1.1964,60,0.66,1.1785,1,0.66,1.1785,1,0.665,1.1875,5589,0
SPY190719P297,2019-07-18,2019-07-18 09:50:10,0.67,1.1964,899,0.65,1.1607,317,0.66,1.1785,1,0.66,1.1785,5589,0
SPY190719P297,2019-07-18,2019-07-18 09:50:10,0.67,1.1964,858,0.65,1.1607,436,0.66,1.1785,1,0.66,1.1785,5589,0
SPY190719P297,2019-07-18,2019-07-18 09:50:11,0.66,1.1785,3,0.65,1.1607,599,0.66,1.1785,1,0.655,1.1696,5589,0
SPY190719P297,2019-07-18,2019-07-18 09:50:11,0.67,1.1964,899,0.65,1.1607,477,0.66,1.1785,1,0.66,1.1785,5589,0
SPY190719P297,2019-07-18,2019-07-18 09:50:12,0.66,1.1785,155,0.65,1.1607,531,0.66,1.1785,1,0.655,1.1696,5590,0
SPY190719P297,2019-07-18,2019-07-18 09:50:12,0.66,1.1785,5,0.65,1.1607,531,0.66,1.1785,1,0.655,1.1696,5590,1
SPY190719P297,2019-07-18,2019-07-18 09:50:13,0.66,1.1785,155,0.65,1.1607,531,0.66,1.1785,1,0.655,1.1696,5590,0
SPY190719P297,2019-07-18,2019-07-18 09:50:14,0.66,1.1785,155,0.65,1.1607,549,0.66,1.1785,1,0.655,1.1696,5590,0
SPY190719P297,2019-07-18,2019-07-18 09:50:14,0.66,1.1785,155,0.65,1.1607,370,0.66,1.1785,1,0.655,1.1696,5590,0
SPY190719P297,2019-07-18,2019-07-18 09:50:15,0.66,1.1785,10,0.65,1.1607,629,0.66,1.1785,1,0.655,1.1696,5590,0
SPY190719P297,2019-07-18,2019-07-18 09:50:15,0.66,1.1785,114,0.65,1.1607,629,0.66,1.1785,1,0.655,1.1696,5590,0
SPY190719P297,2019-07-18,2019-07-18 09:50:16,0.66,1.1785,30,0.65,1.1607,495,0.66,1.1785,1,0.655,1.1696,5590,0
SPY190719P297,2019-07-18,2019-07-18 09:50:17,0.66,1.1785,155,0.65,1.1607,549,0.66,1.1785,1,0.655,1.1696,5590,0
SPY190719P297,2019-07-18,2019-07-18 09:50:17,0.66,1.1785,155,0.65,1.1607,370,0.66,1.1785,1,0.655,1.1696,5590,0
SPY190719P297,2019-07-18,2019-07-18 09:50:18,0.67,1.1964,1020,0.65,1.1607,629,0.66,1.1785,1,0.66,1.1785,5590,0
SPY190719P297,2019-07-18,2019-07-18 09:50:18,0.67,1.1964,1846,0.65,1.1607,656,0.66,1.1785,1,0.66,1.1785,5590,0
SPY190719P297,2019-07-18,2019-07-18 09:50:19,0.66,1.1785,3,0.65,1.1607,656,0.66,1.1785,1,0.655,1.1696,5590,0
SPY190719P297,2019-07-18,2019-07-18 09:50:20,0.66,1.1785,155,0.65,1.1607,553,0.66,1.1785,1,0.655,1.1696,5590,0
SPY190719P297,2019-07-18,2019-07-18 09:50:20,0.66,1.1785,205,0.65,1.1607,370,0.66,1.1785,1,0.655,1.1696,5590,0
SPY190719P297,2019-07-18,2019-07-18 09:50:21,0.66,1.1785,155,0.65,1.1607,370,0.65,1.1607,10,0.655,1.1696,5600,0
SPY190719P297,2019-07-18,2019-07-18 09:50:21,0.66,1.1785,155,0.65,1.1607,370,0.65,1.1607,10,0.655,1.1696,5600,10
SPY190719P297,2019-07-18,2019-07-18 09:50:22,0.66,1.1785,155,0.65,1.1607,629,0.65,1.1607,10,0.655,1.1696,5600,0
SPY190719P297,2019-07-18,2019-07-18 09:50:24,0.67,1.1964,1062,0.65,1.1607,235,0.65,1.1607,10,0.66,1.1785,5600,0
SPY190719P297,2019-07-18,2019-07-18 09:50:24,0.67,1.1964,200,0.65,1.1607,641,0.65,1.1607,10,0.66,1.1785,5600,0
SPY190719P297,2019-07-18,2019-07-18 09:50:25,0.67,1.1964,645,0.66,1.1785,41,0.66,1.1785,1,0.665,1.1875,5601,1
SPY190719P297,2019-07-18,2019-07-18 09:50:25,0.67,1.1964,350,0.66,1.1785,1,0.65,1.1607,10,0.665,1.1875,5600,0
SPY190719P297,2019-07-18,2019-07-18 09:50:26,0.67,1.1964,169,0.66,1.1785,126,0.66,1.1785,1,0.665,1.1875,5601,0
SPY190719P297,2019-07-18,2019-07-18 09:50:27,0.67,1.1964,188,0.66,1.1785,41,0.66,1.1785,1,0.665,1.1875,5601,0
SPY190719P297,2019-07-18,2019-07-18 09:50:28,0.67,1.1964,188,0.66,1.1785,51,0.66,1.1785,1,0.665,1.1875,5601,0
SPY190719P297,2019-07-18,2019-07-18 09:50:29,0.67,1.1964,399,0.66,1.1785,31,0.66,1.1785,1,0.665,1.1875,5601,0
SPY190719P297,2019-07-18,2019-07-18 09:50:30,0.67,1.1964,468,0.66,1.1785,41,0.66,1.1785,1,0.665,1.1875,5601,0
SPY190719P297,2019-07-18,2019-07-18 09:50:30,0.67,1.1964,349,0.66,1.1785,20,0.66,1.1785,1,0.665,1.1875,5601,0
SPY190719P297,2019-07-18,2019-07-18 09:50:31,0.67,1.1964,233,0.66,1.1785,58,0.66,1.1785,1,0.665,1.1875,5601,0
SPY190719P297,2019-07-18,2019-07-18 09:50:31,0.67,1.1964,193,0.66,1.1785,88,0.66,1.1785,1,0.665,1.1875,5601,0
SPY190719P297,2019-07-18,2019-07-18 09:50:32,0.68,1.2142,207,0.66,1.1785,717,0.67,1.1964,2,0.67,1.1964,5605,4
SPY190719P297,2019-07-18,2019-07-18 09:50:33,0.68,1.2142,207,0.67,1.1964,41,0.67,1.1964,2,0.675,1.2053,5605,0
SPY190719P297,2019-07-18,2019-07-18 09:50:34,0.68,1.2142,201,0.67,1.1964,41,0.68,1.2142,5,0.675,1.2053,5611,6
SPY190719P297,2019-07-18,2019-07-18 09:50:35,0.69,1.2321,653,0.68,1.2142,41,0.68,1.2142,1,0.685,1.2232,5612,0
SPY190719P297,2019-07-18,2019-07-18 09:50:35,0.68,1.2142,201,0.67,1.1964,60,0.68,1.2142,1,0.675,1.2053,5612,1
SPY190719P297,2019-07-18,2019-07-18 09:50:36,0.69,1.2321,577,0.67,1.1964,1093,0.69,1.2321,25,0.68,1.2142,5637,25
SPY190719P297,2019-07-18,2019-07-18 09:50:37,0.69,1.2321,350,0.68,1.2142,147,0.69,1.2321,15,0.685,1.2232,5652,15
SPY190719P297,2019-07-18,2019-07-18 09:50:37,0.69,1.2321,575,0.68,1.2142,60,0.69,1.2321,25,0.685,1.2232,5637,0
SPY190719P297,2019-07-18,2019-07-18 09:50:38,0.69,1.2321,547,0.68,1.2142,96,0.69,1.2321,15,0.685,1.2232,5652,0
SPY190719P297,2019-07-18,2019-07-18 09:50:38,0.69,1.2321,350,0.68,1.2142,147,0.69,1.2321,15,0.685,1.2232,5652,0
SPY190719P297,2019-07-18,2019-07-18 09:50:39,0.69,1.2321,350,0.68,1.2142,112,0.69,1.2321,1,0.685,1.2232,5653,1
SPY190719P297,2019-07-18,2019-07-18 09:50:39,0.69,1.2321,350,0.68,1.2142,82,0.69,1.2321,1,0.685,1.2232,5653,0
SPY190719P297,2019-07-18,2019-07-18 09:50:40,0.69,1.2321,350,0.68,1.2142,92,0.69,1.2321,1,0.685,1.2232,5653,0
SPY190719P297,2019-07-18,2019-07-18 09:50:41,0.69,1.2321,545,0.68,1.2142,54,0.69,1.2321,190,0.685,1.2232,5843,190
SPY190719P297,2019-07-18,2019-07-18 09:50:41,0.69,1.2321,350,0.68,1.2142,156,0.69,1.2321,1,0.685,1.2232,5653,0
SPY190719P297,2019-07-18,2019-07-18 09:50:42,0.69,1.2321,349,0.68,1.2142,960,0.69,1.2321,1,0.685,1.2232,5844,1
SPY190719P297,2019-07-18,2019-07-18 09:50:42,0.69,1.2321,349,0.68,1.2142,1413,0.69,1.2321,1,0.685,1.2232,5844,0
SPY190719P297,2019-07-18,2019-07-18 09:50:43,0.69,1.2321,349,0.68,1.2142,1608,0.69,1.2321,1,0.685,1.2232,5844,0
SPY190719P297,2019-07-18,2019-07-18 09:50:44,0.7,1.25,2,0.69,1.2321,137,0.69,1.2321,267,0.695,1.241,6195,351
SPY190719P297,2019-07-18,2019-07-18 09:50:44,0.7,1.25,5,0.69,1.2321,85,0.69,1.2321,267,0.695,1.241,6195,0
SPY190719P297,2019-07-18,2019-07-18 09:50:45,0.7,1.25,2,0.69,1.2321,207,0.69,1.2321,267,0.695,1.241,6195,0
SPY190719P297,2019-07-18,2019-07-18 09:50:45,0.7,1.25,5,0.69,1.2321,107,0.69,1.2321,267,0.695,1.241,6195,0
SPY190719P297,2019-07-18,2019-07-18 09:50:46,0.7,1.25,2,0.69,1.2321,157,0.69,1.2321,1,0.695,1.241,6196,1
SPY190719P297,2019-07-18,2019-07-18 09:50:47,0.7,1.25,2,0.69,1.2321,392,0.69,1.2321,1,0.695,1.241,6196,0
SPY190719P297,2019-07-18,2019-07-18 09:50:47,0.71,1.2678,33,0.69,1.2321,926,0.7,1.25,2,0.7,1.25,6198,2
SPY190719P297,2019-07-18,2019-07-18 09:50:48,0.71,1.2678,3,0.7,1.25,228,0.7,1.25,1,0.705,1.2589,6209,1
SPY190719P297,2019-07-18,2019-07-18 09:50:48,0.72,1.2857,650,0.7,1.25,371,0.72,1.2857,10,0.71,1.2678,6208,10
SPY190719P297,2019-07-18,2019-07-18 09:50:49,0.72,1.2857,181,0.7,1.25,398,0.71,1.2678,8,0.71,1.2678,6217,8
