symbol,Date,quote_time,ask_price,norm_ask_price,ask_size,bid_price,norm_bid_price,bid_size,last_trade_price,norm_last_trade_price,last_trade_size,mark_price,norm_mark_price,volume,Volume
SPY190712P296,2019-07-11,2019-07-11 09:30:00,0.2,1.0,144,0.19,0.95,1637,0.17,0.85,10,0.195,0.975,21426,21426
SPY190712P296,2019-07-11,2019-07-11 09:30:05,0.11,0.55,1059,0.1,0.5,240,0.11,0.55,6,0.105,0.525,72,-21354
SPY190712P296,2019-07-11,2019-07-11 09:30:06,0.11,0.55,1059,0.09,0.45,1852,0.09,0.45,94,0.1,0.5,172,100
SPY190712P296,2019-07-11,2019-07-11 09:30:07,0.11,0.55,1059,0.09,0.45,1852,0.09,0.45,94,0.1,0.5,172,0
SPY190712P296,2019-07-11,2019-07-11 09:30:08,0.11,0.55,1059,0.1,0.5,6,0.09,0.45,94,0.105,0.525,172,0
SPY190712P296,2019-07-11,2019-07-11 09:30:09,0.11,0.55,1059,0.1,0.5,6,0.09,0.45,94,0.105,0.525,172,0
SPY190712P296,2019-07-11,2019-07-11 09:30:10,0.11,0.55,1059,0.1,0.5,6,0.09,0.45,94,0.105,0.525,172,0
SPY190712P296,2019-07-11,2019-07-11 09:30:10,0.11,0.55,1059,0.1,0.5,6,0.1,0.5,2,0.105,0.525,174,2
SPY190712P296,2019-07-11,2019-07-11 09:30:11,0.11,0.55,1059,0.1,0.5,6,0.1,0.5,2,0.105,0.525,174,0
SPY190712P296,2019-07-11,2019-07-11 09:30:12,0.11,0.55,1059,0.1,0.5,6,0.1,0.5,2,0.105,0.525,174,0
SPY190712P296,2019-07-11,2019-07-11 09:30:13,0.11,0.55,1059,0.1,0.5,6,0.1,0.5,2,0.105,0.525,174,0
SPY190712P296,2019-07-11,2019-07-11 09:30:14,0.11,0.55,1059,0.1,0.5,6,0.1,0.5,2,0.105,0.525,174,0
SPY190712P296,2019-07-11,2019-07-11 09:30:15,0.11,0.55,1180,0.1,0.5,6,0.1,0.5,2,0.105,0.525,174,0
SPY190712P296,2019-07-11,2019-07-11 09:30:15,0.11,0.55,1064,0.1,0.5,6,0.1,0.5,2,0.105,0.525,174,0
SPY190712P296,2019-07-11,2019-07-11 09:30:16,0.11,0.55,1180,0.1,0.5,6,0.1,0.5,2,0.105,0.525,174,0
SPY190712P296,2019-07-11,2019-07-11 09:30:17,0.11,0.55,1180,0.1,0.5,6,0.1,0.5,1,0.105,0.525,175,1
SPY190712P296,2019-07-11,2019-07-11 09:30:17,0.11,0.55,1180,0.1,0.5,6,0.1,0.5,2,0.105,0.525,174,0
SPY190712P296,2019-07-11,2019-07-11 09:30:18,0.11,0.55,1180,0.1,0.5,6,0.1,0.5,1,0.105,0.525,175,0
SPY190712P296,2019-07-11,2019-07-11 09:30:19,0.11,0.55,1180,0.1,0.5,6,0.1,0.5,1,0.105,0.525,175,0
SPY190712P296,2019-07-11,2019-07-11 09:30:20,0.1,0.5,5,0.1,0.5,6,0.1,0.5,1,0.1,0.5,175,0
SPY190712P296,2019-07-11,2019-07-11 09:30:21,0.1,0.5,5,0.1,0.5,6,0.1,0.5,1,0.1,0.5,175,0
SPY190712P296,2019-07-11,2019-07-11 09:30:21,0.11,0.55,2180,0.1,0.5,6,0.11,0.55,6,0.105,0.525,185,10
SPY190712P296,2019-07-11,2019-07-11 09:30:22,0.11,0.55,2180,0.1,0.5,6,0.11,0.55,6,0.105,0.525,185,0
SPY190712P296,2019-07-11,2019-07-11 09:30:23,0.11,0.55,1197,0.1,0.5,6,0.11,0.55,6,0.105,0.525,185,0
SPY190712P296,2019-07-11,2019-07-11 09:30:23,0.11,0.55,2180,0.1,0.5,6,0.11,0.55,6,0.105,0.525,185,0
SPY190712P296,2019-07-11,2019-07-11 09:30:24,0.11,0.55,1197,0.1,0.5,6,0.11,0.55,6,0.105,0.525,185,0
SPY190712P296,2019-07-11,2019-07-11 09:30:25,0.11,0.55,2232,0.1,0.5,6,0.1,0.5,3,0.105,0.525,188,3
SPY190712P296,2019-07-11,2019-07-11 09:30:25,0.11,0.55,1197,0.1,0.5,6,0.11,0.55,6,0.105,0.525,185,0
SPY190712P296,2019-07-11,2019-07-11 09:30:26,0.11,0.55,2144,0.1,0.5,6,0.1,0.5,3,0.105,0.525,188,0
SPY190712P296,2019-07-11,2019-07-11 09:30:27,0.11,0.55,2144,0.1,0.5,6,0.1,0.5,3,0.105,0.525,188,0
SPY190712P296,2019-07-11,2019-07-11 09:30:28,0.1,0.5,733,0.09,0.45,2176,0.1,0.5,3,0.095,0.475,188,0
SPY190712P296,2019-07-11,2019-07-11 09:30:28,0.11,0.55,2144,0.1,0.5,6,0.1,0.5,3,0.105,0.525,188,0
SPY190712P296,2019-07-11,2019-07-11 09:30:29,0.1,0.5,456,0.09,0.45,2089,0.1,0.5,3,0.095,0.475,188,0
SPY190712P296,2019-07-11,2019-07-11 09:30:30,0.11,0.55,2379,0.1,0.5,700,0.1,0.5,3,0.105,0.525,188,0
SPY190712P296,2019-07-11,2019-07-11 09:30:30,0.1,0.5,577,0.09,0.45,2176,0.1,0.5,3,0.095,0.475,188,0
SPY190712P296,2019-07-11,2019-07-11 09:30:31,0.11,0.55,1102,0.1,0.5,1036,0.1,0.5,3,0.105,0.525,188,0
SPY190712P296,2019-07-11,2019-07-11 09:30:31,0.11,0.55,1843,0.1,0.5,1036,0.1,0.5,3,0.105,0.525,188,0
SPY190712P296,2019-07-11,2019-07-11 09:30:32,0.11,0.55,1102,0.1,0.5,936,0.1,0.5,3,0.105,0.525,188,0
SPY190712P296,2019-07-11,2019-07-11 09:30:33,0.11,0.55,1207,0.1,0.5,2948,0.1,0.5,3,0.105,0.525,188,0
SPY190712P296,2019-07-11,2019-07-11 09:30:34,0.11,0.55,830,0.1,0.5,2948,0.1,0.5,3,0.105,0.525,188,0
SPY190712P296,2019-07-11,2019-07-11 09:30:34,0.11,0.55,830,0.1,0.5,505,0.1,0.5,3,0.105,0.525,188,0
SPY190712P296,2019-07-11,2019-07-11 09:30:35,0.11,0.55,2318,0.1,0.5,2551,0.1,0.5,3,0.105,0.525,188,0
SPY190712P296,2019-07-11,2019-07-11 09:30:36,0.1,0.5,5,0.09,0.45,2949,0.1,0.5,3,0.095,0.475,188,0
SPY190712P296,2019-07-11,2019-07-11 09:30:37,0.1,0.5,577,0.09,0.45,2536,0.1,0.5,3,0.095,0.475,188,0
SPY190712P296,2019-07-11,2019-07-11 09:30:38,0.1,0.5,305,0.09,0.45,2109,0.1,0.5,378,0.095,0.475,688,0
SPY190712P296,2019-07-11,2019-07-11 09:30:38,0.1,0.5,305,0.09,0.45,3304,0.1,0.5,378,0.095,0.475,688,500
SPY190712P296,2019-07-11,2019-07-11 09:30:39,0.1,0.5,577,0.09,0.45,2805,0.1,0.5,378,0.095,0.475,688,0
SPY190712P296,2019-07-11,2019-07-11 09:30:40,0.1,0.5,577,0.09,0.45,2805,0.1,0.5,378,0.095,0.475,688,0
SPY190712P296,2019-07-11,2019-07-11 09:30:41,0.1,0.5,577,0.09,0.45,2805,0.1,0.5,378,0.095,0.475,688,0
SPY190712P296,2019-07-11,2019-07-11 09:30:42,0.1,0.5,577,0.09,0.45,2805,0.1,0.5,378,0.095,0.475,688,0
SPY190712P296,2019-07-11,2019-07-11 09:30:42,0.1,0.5,577,0.09,0.45,3831,0.1,0.5,378,0.095,0.475,688,0
SPY190712P296,2019-07-11,2019-07-11 09:30:43,0.1,0.5,577,0.09,0.45,3831,0.1,0.5,378,0.095,0.475,688,0
SPY190712P296,2019-07-11,2019-07-11 09:30:44,0.1,0.5,456,0.09,0.45,1936,0.1,0.5,378,0.095,0.475,688,0
SPY190712P296,2019-07-11,2019-07-11 09:30:44,0.1,0.5,1057,0.09,0.45,3831,0.1,0.5,378,0.095,0.475,688,0
SPY190712P296,2019-07-11,2019-07-11 09:30:45,0.1,0.5,1,0.09,0.45,3736,0.1,0.5,378,0.095,0.475,688,0
SPY190712P296,2019-07-11,2019-07-11 09:30:46,0.1,0.5,1,0.09,0.45,3867,0.1,0.5,378,0.095,0.475,688,0
SPY190712P296,2019-07-11,2019-07-11 09:30:47,0.1,0.5,1,0.09,0.45,4562,0.1,0.5,378,0.095,0.475,688,0
SPY190712P296,2019-07-11,2019-07-11 09:30:49,0.1,0.5,1,0.09,0.45,3431,0.1,0.5,378,0.095,0.475,688,0
SPY190712P296,2019-07-11,2019-07-11 09:30:50,0.1,0.5,1,0.09,0.45,3169,0.1,0.5,378,0.095,0.475,688,0
SPY190712P296,2019-07-11,2019-07-11 09:30:51,0.1,0.5,180,0.09,0.45,2777,0.1,0.5,378,0.095,0.475,688,0
SPY190712P296,2019-07-11,2019-07-11 09:30:51,0.1,0.5,180,0.09,0.45,2949,0.1,0.5,378,0.095,0.475,688,0
SPY190712P296,2019-07-11,2019-07-11 09:30:52,0.1,0.5,180,0.09,0.45,2949,0.1,0.5,378,0.095,0.475,688,0
SPY190712P296,2019-07-11,2019-07-11 09:30:53,0.1,0.5,1,0.09,0.45,2889,0.1,0.5,378,0.095,0.475,688,0
SPY190712P296,2019-07-11,2019-07-11 09:30:53,0.1,0.5,180,0.09,0.45,2949,0.1,0.5,378,0.095,0.475,688,0
SPY190712P296,2019-07-11,2019-07-11 09:30:54,0.1,0.5,1,0.09,0.45,2889,0.1,0.5,378,0.095,0.475,688,0
SPY190712P296,2019-07-11,2019-07-11 09:30:55,0.1,0.5,374,0.09,0.45,2949,0.1,0.5,378,0.095,0.475,688,0
SPY190712P296,2019-07-11,2019-07-11 09:30:56,0.1,0.5,354,0.09,0.45,2949,0.1,0.5,378,0.095,0.475,688,0
SPY190712P296,2019-07-11,2019-07-11 09:30:57,0.1,0.5,1,0.09,0.45,4394,0.1,0.5,378,0.095,0.475,688,0
SPY190712P296,2019-07-11,2019-07-11 09:30:58,0.1,0.5,1,0.09,0.45,4601,0.1,0.5,378,0.095,0.475,688,0
SPY190712P296,2019-07-11,2019-07-11 09:30:58,0.1,0.5,1,0.09,0.45,3382,0.1,0.5,378,0.095,0.475,688,0
SPY190712P296,2019-07-11,2019-07-11 09:30:59,0.1,0.5,1,0.09,0.45,5533,0.1,0.5,378,0.095,0.475,688,0
SPY190712P296,2019-07-11,2019-07-11 09:31:00,0.1,0.5,1,0.09,0.45,5533,0.1,0.5,378,0.095,0.475,688,0
SPY190712P296,2019-07-11,2019-07-11 09:31:01,0.1,0.5,1,0.09,0.45,5533,0.1,0.5,1,0.095,0.475,689,1
SPY190712P296,2019-07-11,2019-07-11 09:31:01,0.11,0.55,2025,0.1,0.5,577,0.1,0.5,1,0.105,0.525,689,0
SPY190712P296,2019-07-11,2019-07-11 09:31:02,0.11,0.55,3080,0.1,0.5,1390,0.1,0.5,1,0.105,0.525,689,0
SPY190712P296,2019-07-11,2019-07-11 09:31:03,0.11,0.55,3080,0.1,0.5,1390,0.1,0.5,1,0.105,0.525,689,0
SPY190712P296,2019-07-11,2019-07-11 09:31:04,0.11,0.55,2938,0.1,0.5,989,0.1,0.5,1,0.105,0.525,689,0
SPY190712P296,2019-07-11,2019-07-11 09:31:05,0.11,0.55,1471,0.1,0.5,1568,0.1,0.5,1,0.105,0.525,689,0
SPY190712P296,2019-07-11,2019-07-11 09:31:05,0.11,0.55,1440,0.1,0.5,1568,0.1,0.5,1,0.105,0.525,689,0
SPY190712P296,2019-07-11,2019-07-11 09:31:06,0.11,0.55,2949,0.1,0.5,1661,0.1,0.5,1,0.105,0.525,689,0
SPY190712P296,2019-07-11,2019-07-11 09:31:07,0.11,0.55,1949,0.1,0.5,1661,0.1,0.5,1,0.105,0.525,689,0
SPY190712P296,2019-07-11,2019-07-11 09:31:07,0.11,0.55,2812,0.1,0.5,2078,0.1,0.5,1,0.105,0.525,689,0
SPY190712P296,2019-07-11,2019-07-11 09:31:08,0.11,0.55,2176,0.1,0.5,2745,0.1,0.5,4,0.105,0.525,693,4
SPY190712P296,2019-07-11,2019-07-11 09:31:09,0.11,0.55,2176,0.1,0.5,2289,0.1,0.5,4,0.105,0.525,693,0
SPY190712P296,2019-07-11,2019-07-11 09:31:09,0.11,0.55,1440,0.1,0.5,2510,0.1,0.5,4,0.105,0.525,693,0
SPY190712P296,2019-07-11,2019-07-11 09:31:10,0.11,0.55,1896,0.1,0.5,2745,0.1,0.5,4,0.105,0.525,693,0
SPY190712P296,2019-07-11,2019-07-11 09:31:11,0.11,0.55,1896,0.1,0.5,2745,0.1,0.5,4,0.105,0.525,693,0
SPY190712P296,2019-07-11,2019-07-11 09:31:11,0.11,0.55,2938,0.1,0.5,2745,0.1,0.5,4,0.105,0.525,693,0
SPY190712P296,2019-07-11,2019-07-11 09:31:12,0.11,0.55,2176,0.1,0.5,2745,0.1,0.5,4,0.105,0.525,693,0
SPY190712P296,2019-07-11,2019-07-11 09:31:12,0.11,0.55,2949,0.1,0.5,2428,0.1,0.5,4,0.105,0.525,693,0
SPY190712P296,2019-07-11,2019-07-11 09:31:13,0.11,0.55,2939,0.1,0.5,2428,0.1,0.5,4,0.105,0.525,693,0
SPY190712P296,2019-07-11,2019-07-11 09:31:14,0.11,0.55,2959,0.1,0.5,3569,0.1,0.5,4,0.105,0.525,693,0
SPY190712P296,2019-07-11,2019-07-11 09:31:14,0.11,0.55,2939,0.1,0.5,2428,0.1,0.5,4,0.105,0.525,693,0
SPY190712P296,2019-07-11,2019-07-11 09:31:15,0.11,0.55,2959,0.1,0.5,3567,0.1,0.5,4,0.105,0.525,693,0
SPY190712P296,2019-07-11,2019-07-11 09:31:16,0.11,0.55,2938,0.1,0.5,3537,0.1,0.5,4,0.105,0.525,693,0
SPY190712P296,2019-07-11,2019-07-11 09:31:17,0.11,0.55,2959,0.1,0.5,3399,0.1,0.5,4,0.105,0.525,693,0
SPY190712P296,2019-07-11,2019-07-11 09:31:18,0.11,0.55,2319,0.1,0.5,2943,0.1,0.5,4,0.105,0.525,693,0
SPY190712P296,2019-07-11,2019-07-11 09:31:19,0.11,0.55,1774,0.1,0.5,2672,0.1,0.5,4,0.105,0.525,693,0
SPY190712P296,2019-07-11,2019-07-11 09:31:19,0.11,0.55,1318,0.1,0.5,2216,0.1,0.5,4,0.105,0.525,693,0
SPY190712P296,2019-07-11,2019-07-11 09:31:20,0.11,0.55,1552,0.1,0.5,2079,0.1,0.5,4,0.105,0.525,693,0
SPY190712P296,2019-07-11,2019-07-11 09:31:21,0.11,0.55,2881,0.1,0.5,2327,0.1,0.5,4,0.105,0.525,693,0
SPY190712P296,2019-07-11,2019-07-11 09:31:21,0.11,0.55,2350,0.1,0.5,1913,0.1,0.5,4,0.105,0.525,693,0
SPY190712P296,2019-07-11,2019-07-11 09:31:22,0.11,0.55,2881,0.1,0.5,2260,0.1,0.5,4,0.105,0.525,693,0
SPY190712P296,2019-07-11,2019-07-11 09:31:23,0.11,0.55,2881,0.1,0.5,2260,0.11,0.55,5,0.105,0.525,703,0
SPY190712P296,2019-07-11,2019-07-11 09:31:23,0.11,0.55,2881,0.1,0.5,2260,0.11,0.55,5,0.105,0.525,703,10
SPY190712P296,2019-07-11,2019-07-11 09:31:24,0.11,0.55,2949,0.1,0.5,2153,0.11,0.55,5,0.105,0.525,703,0
SPY190712P296,2019-07-11,2019-07-11 09:31:25,0.11,0.55,1134,0.1,0.5,1930,0.11,0.55,10,0.105,0.525,713,10
SPY190712P296,2019-07-11,2019-07-11 09:31:25,0.11,0.55,1357,0.1,0.5,2948,0.11,0.55,10,0.105,0.525,713,0
SPY190712P296,2019-07-11,2019-07-11 09:31:26,0.11,0.55,1708,0.1,0.5,2948,0.11,0.55,10,0.105,0.525,713,0
SPY190712P296,2019-07-11,2019-07-11 09:31:27,0.11,0.55,1775,0.1,0.5,3022,0.11,0.55,10,0.105,0.525,713,0
SPY190712P296,2019-07-11,2019-07-11 09:31:27,0.11,0.55,2671,0.1,0.5,4120,0.11,0.55,10,0.105,0.525,713,0
SPY190712P296,2019-07-11,2019-07-11 09:31:28,0.11,0.55,1272,0.1,0.5,2519,0.11,0.55,10,0.105,0.525,713,0
SPY190712P296,2019-07-11,2019-07-11 09:31:28,0.11,0.55,968,0.1,0.5,2718,0.11,0.55,10,0.105,0.525,713,0
SPY190712P296,2019-07-11,2019-07-11 09:31:29,0.11,0.55,1272,0.1,0.5,2975,0.11,0.55,10,0.105,0.525,713,0
SPY190712P296,2019-07-11,2019-07-11 09:31:30,0.11,0.55,1424,0.1,0.5,3025,0.11,0.55,10,0.105,0.525,713,0
SPY190712P296,2019-07-11,2019-07-11 09:31:30,0.11,0.55,968,0.1,0.5,3023,0.11,0.55,10,0.105,0.525,713,0
SPY190712P296,2019-07-11,2019-07-11 09:31:31,0.11,0.55,968,0.1,0.5,4211,0.11,0.55,10,0.105,0.525,713,0
SPY190712P296,2019-07-11,2019-07-11 09:31:32,0.11,0.55,968,0.1,0.5,4211,0.11,0.55,10,0.105,0.525,713,0
SPY190712P296,2019-07-11,2019-07-11 09:31:33,0.11,0.55,773,0.1,0.5,4225,0.11,0.55,62,0.105,0.525,775,62
SPY190712P296,2019-07-11,2019-07-11 09:31:33,0.11,0.55,968,0.1,0.5,3023,0.11,0.55,10,0.105,0.525,713,0
SPY190712P296,2019-07-11,2019-07-11 09:31:34,0.11,0.55,772,0.1,0.5,4187,0.1,0.5,5,0.105,0.525,918,0
SPY190712P296,2019-07-11,2019-07-11 09:31:34,0.11,0.55,597,0.1,0.5,4187,0.1,0.5,5,0.105,0.525,918,143
SPY190712P296,2019-07-11,2019-07-11 09:31:35,0.11,0.55,812,0.1,0.5,4187,0.1,0.5,100,0.105,0.525,2919,2001
SPY190712P296,2019-07-11,2019-07-11 09:31:36,0.11,0.55,2751,0.1,0.5,4223,0.1,0.5,100,0.105,0.525,2919,0
SPY190712P296,2019-07-11,2019-07-11 09:31:36,0.11,0.55,2473,0.1,0.5,4223,0.1,0.5,100,0.105,0.525,2919,0
SPY190712P296,2019-07-11,2019-07-11 09:31:37,0.11,0.55,2882,0.1,0.5,2953,0.1,0.5,100,0.105,0.525,2919,0
SPY190712P296,2019-07-11,2019-07-11 09:31:37,0.11,0.55,2751,0.1,0.5,2953,0.1,0.5,100,0.105,0.525,2919,0
SPY190712P296,2019-07-11,2019-07-11 09:31:38,0.11,0.55,1296,0.1,0.5,1854,0.1,0.5,100,0.105,0.525,2919,0
SPY190712P296,2019-07-11,2019-07-11 09:31:39,0.11,0.55,1804,0.1,0.5,1590,0.1,0.5,100,0.105,0.525,2919,0
SPY190712P296,2019-07-11,2019-07-11 09:31:39,0.11,0.55,1804,0.1,0.5,1502,0.1,0.5,100,0.105,0.525,2919,0
SPY190712P296,2019-07-11,2019-07-11 09:31:40,0.11,0.55,2641,0.1,0.5,1220,0.1,0.5,100,0.105,0.525,2919,0
SPY190712P296,2019-07-11,2019-07-11 09:31:40,0.11,0.55,2516,0.1,0.5,608,0.1,0.5,100,0.105,0.525,2919,0
SPY190712P296,2019-07-11,2019-07-11 09:31:41,0.11,0.55,2961,0.1,0.5,969,0.1,0.5,100,0.105,0.525,2919,0
SPY190712P296,2019-07-11,2019-07-11 09:31:42,0.11,0.55,1904,0.1,0.5,1666,0.1,0.5,100,0.105,0.525,2919,0
SPY190712P296,2019-07-11,2019-07-11 09:31:42,0.11,0.55,2961,0.1,0.5,969,0.1,0.5,100,0.105,0.525,2919,0
SPY190712P296,2019-07-11,2019-07-11 09:31:43,0.11,0.55,2498,0.1,0.5,1960,0.1,0.5,100,0.105,0.525,2919,0
SPY190712P296,2019-07-11,2019-07-11 09:31:43,0.11,0.55,1296,0.1,0.5,1955,0.1,0.5,100,0.105,0.525,2919,0
SPY190712P296,2019-07-11,2019-07-11 09:31:44,0.11,0.55,1752,0.1,0.5,1650,0.1,0.5,100,0.105,0.525,2919,0
SPY190712P296,2019-07-11,2019-07-11 09:31:44,0.11,0.55,2961,0.1,0.5,1986,0.1,0.5,100,0.105,0.525,2919,0
SPY190712P296,2019-07-11,2019-07-11 09:31:45,0.11,0.55,2280,0.1,0.5,2372,0.1,0.5,100,0.105,0.525,2919,0
SPY190712P296,2019-07-11,2019-07-11 09:31:46,0.11,0.55,2196,0.1,0.5,1650,0.1,0.5,100,0.105,0.525,2919,0
SPY190712P296,2019-07-11,2019-07-11 09:31:46,0.11,0.55,2961,0.1,0.5,1650,0.1,0.5,100,0.105,0.525,2919,0
SPY190712P296,2019-07-11,2019-07-11 09:31:47,0.11,0.55,2951,0.1,0.5,1650,0.1,0.5,100,0.105,0.525,2919,0
SPY190712P296,2019-07-11,2019-07-11 09:31:47,0.11,0.55,2176,0.1,0.5,25,0.1,0.5,100,0.105,0.525,2919,0
SPY190712P296,2019-07-11,2019-07-11 09:31:48,0.11,0.55,2948,0.1,0.5,1650,0.1,0.5,100,0.105,0.525,2919,0
SPY190712P296,2019-07-11,2019-07-11 09:31:49,0.11,0.55,3020,0.1,0.5,25,0.1,0.5,100,0.105,0.525,2919,0
SPY190712P296,2019-07-11,2019-07-11 09:31:49,0.11,0.55,3631,0.1,0.5,25,0.1,0.5,100,0.105,0.525,2919,0
SPY190712P296,2019-07-11,2019-07-11 09:31:50,0.11,0.55,3020,0.1,0.5,25,0.1,0.5,100,0.105,0.525,2919,0
SPY190712P296,2019-07-11,2019-07-11 09:31:51,0.11,0.55,5279,0.1,0.5,25,0.11,0.55,1,0.105,0.525,2920,1
SPY190712P296,2019-07-11,2019-07-11 09:31:51,0.11,0.55,4088,0.1,0.5,25,0.1,0.5,100,0.105,0.525,2919,0
SPY190712P296,2019-07-11,2019-07-11 09:31:52,0.11,0.55,4246,0.1,0.5,25,0.11,0.55,1,0.105,0.525,2920,0
SPY190712P296,2019-07-11,2019-07-11 09:31:53,0.11,0.55,4246,0.1,0.5,25,0.11,0.55,1,0.105,0.525,2921,1
SPY190712P296,2019-07-11,2019-07-11 09:31:53,0.11,0.55,4246,0.1,0.5,25,0.11,0.55,1,0.105,0.525,2921,0
SPY190712P296,2019-07-11,2019-07-11 09:31:54,0.11,0.55,4246,0.1,0.5,25,0.11,0.55,1,0.105,0.525,2921,0
SPY190712P296,2019-07-11,2019-07-11 09:31:55,0.11,0.55,4327,0.1,0.5,25,0.11,0.55,1,0.105,0.525,2921,0
SPY190712P296,2019-07-11,2019-07-11 09:31:55,0.11,0.55,3307,0.1,0.5,25,0.11,0.55,1,0.105,0.525,2921,0
SPY190712P296,2019-07-11,2019-07-11 09:31:56,0.11,0.55,2961,0.1,0.5,121,0.11,0.55,1,0.105,0.525,2921,0
SPY190712P296,2019-07-11,2019-07-11 09:31:57,0.11,0.55,2961,0.1,0.5,121,0.11,0.55,1,0.105,0.525,2921,0
SPY190712P296,2019-07-11,2019-07-11 09:31:57,0.11,0.55,4187,0.1,0.5,25,0.11,0.55,1,0.105,0.525,2921,0
SPY190712P296,2019-07-11,2019-07-11 09:31:58,0.11,0.55,4187,0.1,0.5,25,0.11,0.55,1,0.105,0.525,2921,0
SPY190712P296,2019-07-11,2019-07-11 09:31:59,0.11,0.55,5375,0.1,0.5,25,0.11,0.55,1,0.105,0.525,2921,0
SPY190712P296,2019-07-11,2019-07-11 09:31:59,0.11,0.55,4187,0.1,0.5,25,0.11,0.55,1,0.105,0.525,2921,0
SPY190712P296,2019-07-11,2019-07-11 09:32:00,0.11,0.55,5585,0.1,0.5,25,0.11,0.55,1,0.105,0.525,2921,0
SPY190712P296,2019-07-11,2019-07-11 09:32:00,0.11,0.55,5696,0.1,0.5,25,0.11,0.55,1,0.105,0.525,2921,0
SPY190712P296,2019-07-11,2019-07-11 09:32:01,0.11,0.55,5696,0.1,0.5,25,0.11,0.55,1,0.105,0.525,2922,1
SPY190712P296,2019-07-11,2019-07-11 09:32:01,0.11,0.55,3036,0.1,0.5,1675,0.11,0.55,1,0.105,0.525,2922,0
SPY190712P296,2019-07-11,2019-07-11 09:32:02,0.11,0.55,3036,0.1,0.5,1675,0.11,0.55,1,0.105,0.525,2922,0
SPY190712P296,2019-07-11,2019-07-11 09:32:03,0.11,0.55,3038,0.1,0.5,925,0.11,0.55,1,0.105,0.525,2922,0
SPY190712P296,2019-07-11,2019-07-11 09:32:03,0.11,0.55,2961,0.1,0.5,925,0.11,0.55,1,0.105,0.525,2922,0
SPY190712P296,2019-07-11,2019-07-11 09:32:04,0.11,0.55,4085,0.1,0.5,925,0.11,0.55,1,0.105,0.525,2922,0
SPY190712P296,2019-07-11,2019-07-11 09:32:04,0.11,0.55,4102,0.1,0.5,925,0.11,0.55,1,0.105,0.525,2922,0
SPY190712P296,2019-07-11,2019-07-11 09:32:05,0.11,0.55,3971,0.1,0.5,925,0.11,0.55,1,0.105,0.525,2922,0
SPY190712P296,2019-07-11,2019-07-11 09:32:05,0.11,0.55,2961,0.1,0.5,925,0.11,0.55,1,0.105,0.525,2922,0
SPY190712P296,2019-07-11,2019-07-11 09:32:06,0.11,0.55,2961,0.1,0.5,925,0.11,0.55,1,0.105,0.525,2922,0
SPY190712P296,2019-07-11,2019-07-11 09:32:07,0.11,0.55,1755,0.1,0.5,925,0.11,0.55,1,0.105,0.525,2922,0
SPY190712P296,2019-07-11,2019-07-11 09:32:07,0.11,0.55,1755,0.1,0.5,1855,0.11,0.55,1,0.105,0.525,2922,0
SPY190712P296,2019-07-11,2019-07-11 09:32:08,0.11,0.55,2479,0.1,0.5,2160,0.11,0.55,1,0.105,0.525,2922,0
SPY190712P296,2019-07-11,2019-07-11 09:32:09,0.11,0.55,2949,0.1,0.5,1855,0.11,0.55,1,0.105,0.525,2922,0
SPY190712P296,2019-07-11,2019-07-11 09:32:09,0.11,0.55,2949,0.1,0.5,1833,0.11,0.55,1,0.105,0.525,2922,0
SPY190712P296,2019-07-11,2019-07-11 09:32:10,0.11,0.55,2755,0.1,0.5,2377,0.11,0.55,1,0.105,0.525,2922,0
SPY190712P296,2019-07-11,2019-07-11 09:32:11,0.11,0.55,2862,0.1,0.5,1833,0.11,0.55,1,0.105,0.525,2922,0
SPY190712P296,2019-07-11,2019-07-11 09:32:12,0.11,0.55,2862,0.1,0.5,1833,0.11,0.55,1,0.105,0.525,2922,0
SPY190712P296,2019-07-11,2019-07-11 09:32:13,0.11,0.55,1755,0.1,0.5,1823,0.11,0.55,1,0.105,0.525,2922,0
SPY190712P296,2019-07-11,2019-07-11 09:32:14,0.11,0.55,1755,0.1,0.5,1649,0.11,0.55,1,0.105,0.525,2922,0
SPY190712P296,2019-07-11,2019-07-11 09:32:15,0.11,0.55,2949,0.1,0.5,2659,0.11,0.55,1,0.105,0.525,2922,0
SPY190712P296,2019-07-11,2019-07-11 09:32:15,0.11,0.55,2186,0.1,0.5,1637,0.11,0.55,1,0.105,0.525,2922,0
SPY190712P296,2019-07-11,2019-07-11 09:32:16,0.11,0.55,2666,0.1,0.5,3693,0.11,0.55,1,0.105,0.525,2922,0
SPY190712P296,2019-07-11,2019-07-11 09:32:17,0.11,0.55,2949,0.1,0.5,3693,0.11,0.55,1,0.105,0.525,2922,0
SPY190712P296,2019-07-11,2019-07-11 09:32:17,0.11,0.55,2949,0.1,0.5,3693,0.11,0.55,1,0.105,0.525,2923,1
SPY190712P296,2019-07-11,2019-07-11 09:32:18,0.11,0.55,1144,0.1,0.5,2587,0.11,0.55,1,0.105,0.525,2923,0
SPY190712P296,2019-07-11,2019-07-11 09:32:18,0.11,0.55,1299,0.1,0.5,3724,0.11,0.55,1,0.105,0.525,2923,0
SPY190712P296,2019-07-11,2019-07-11 09:32:19,0.11,0.55,1664,0.1,0.5,3703,0.11,0.55,1,0.105,0.525,2923,0
SPY190712P296,2019-07-11,2019-07-11 09:32:19,0.11,0.55,1299,0.1,0.5,3716,0.11,0.55,1,0.105,0.525,2923,0
SPY190712P296,2019-07-11,2019-07-11 09:32:20,0.11,0.55,1299,0.1,0.5,3753,0.11,0.55,1,0.105,0.525,2923,0
SPY190712P296,2019-07-11,2019-07-11 09:32:21,0.11,0.55,1619,0.1,0.5,3703,0.11,0.55,12,0.105,0.525,2943,20
SPY190712P296,2019-07-11,2019-07-11 09:32:21,0.11,0.55,1260,0.1,0.5,5018,0.11,0.55,1,0.105,0.525,2923,0
SPY190712P296,2019-07-11,2019-07-11 09:32:22,0.11,0.55,1250,0.1,0.5,3753,0.11,0.55,12,0.105,0.525,2943,0
SPY190712P296,2019-07-11,2019-07-11 09:32:23,0.11,0.55,1148,0.1,0.5,2733,0.11,0.55,12,0.105,0.525,2943,0
SPY190712P296,2019-07-11,2019-07-11 09:32:23,0.11,0.55,1250,0.1,0.5,3970,0.11,0.55,12,0.105,0.525,2943,0
SPY190712P296,2019-07-11,2019-07-11 09:32:24,0.11,0.55,1125,0.1,0.5,4089,0.11,0.55,12,0.105,0.525,2943,0
SPY190712P296,2019-07-11,2019-07-11 09:32:25,0.11,0.55,1125,0.1,0.5,4089,0.11,0.55,12,0.105,0.525,2943,0
SPY190712P296,2019-07-11,2019-07-11 09:32:26,0.11,0.55,1125,0.1,0.5,5277,0.11,0.55,12,0.105,0.525,2943,0
SPY190712P296,2019-07-11,2019-07-11 09:32:26,0.11,0.55,1125,0.1,0.5,5277,0.11,0.55,10,0.105,0.525,2953,10
SPY190712P296,2019-07-11,2019-07-11 09:32:27,0.11,0.55,1125,0.1,0.5,4089,0.11,0.55,10,0.105,0.525,2953,0
SPY190712P296,2019-07-11,2019-07-11 09:32:28,0.11,0.55,1692,0.1,0.5,4089,0.11,0.55,10,0.105,0.525,2953,0
SPY190712P296,2019-07-11,2019-07-11 09:32:28,0.11,0.55,1784,0.1,0.5,4204,0.11,0.55,10,0.105,0.525,2953,0
SPY190712P296,2019-07-11,2019-07-11 09:32:29,0.11,0.55,1784,0.1,0.5,4204,0.11,0.55,10,0.105,0.525,2953,0
SPY190712P296,2019-07-11,2019-07-11 09:32:29,0.11,0.55,2650,0.1,0.5,5531,0.11,0.55,10,0.105,0.525,2953,0
SPY190712P296,2019-07-11,2019-07-11 09:32:30,0.11,0.55,1806,0.1,0.5,1104,0.11,0.55,10,0.105,0.525,2953,0
SPY190712P296,2019-07-11,2019-07-11 09:32:30,0.11,0.55,1745,0.1,0.5,3305,0.11,0.55,10,0.105,0.525,2953,0
SPY190712P296,2019-07-11,2019-07-11 09:32:31,0.11,0.55,2027,0.1,0.5,730,0.11,0.55,10,0.105,0.525,2953,0
SPY190712P296,2019-07-11,2019-07-11 09:32:32,0.11,0.55,3136,0.1,0.5,735,0.11,0.55,10,0.105,0.525,2953,0
SPY190712P296,2019-07-11,2019-07-11 09:32:32,0.11,0.55,2350,0.1,0.5,796,0.11,0.55,10,0.105,0.525,2953,0
SPY190712P296,2019-07-11,2019-07-11 09:32:33,0.11,0.55,1962,0.1,0.5,735,0.11,0.55,10,0.105,0.525,2953,0
SPY190712P296,2019-07-11,2019-07-11 09:32:34,0.11,0.55,1659,0.1,0.5,1415,0.11,0.55,10,0.105,0.525,2953,0
SPY190712P296,2019-07-11,2019-07-11 09:32:34,0.11,0.55,2362,0.1,0.5,1103,0.11,0.55,10,0.105,0.525,2953,0
SPY190712P296,2019-07-11,2019-07-11 09:32:35,0.11,0.55,2332,0.1,0.5,1415,0.11,0.55,10,0.105,0.525,2953,0
SPY190712P296,2019-07-11,2019-07-11 09:32:35,0.11,0.55,2684,0.1,0.5,3503,0.11,0.55,10,0.105,0.525,2953,0
SPY190712P296,2019-07-11,2019-07-11 09:32:36,0.11,0.55,2949,0.1,0.5,4607,0.11,0.55,10,0.105,0.525,2953,0
SPY190712P296,2019-07-11,2019-07-11 09:32:37,0.11,0.55,2938,0.1,0.5,3347,0.11,0.55,10,0.105,0.525,2953,0
SPY190712P296,2019-07-11,2019-07-11 09:32:38,0.11,0.55,2938,0.1,0.5,3347,0.11,0.55,10,0.105,0.525,2953,0
SPY190712P296,2019-07-11,2019-07-11 09:32:38,0.11,0.55,2186,0.1,0.5,3347,0.11,0.55,10,0.105,0.525,2953,0
SPY190712P296,2019-07-11,2019-07-11 09:32:39,0.11,0.55,2949,0.1,0.5,3347,0.11,0.55,10,0.105,0.525,2953,0
SPY190712P296,2019-07-11,2019-07-11 09:32:39,0.11,0.55,2949,0.1,0.5,2387,0.11,0.55,10,0.105,0.525,2953,0
SPY190712P296,2019-07-11,2019-07-11 09:32:40,0.11,0.55,2688,0.1,0.5,3457,0.11,0.55,10,0.105,0.525,2963,10
SPY190712P296,2019-07-11,2019-07-11 09:32:41,0.11,0.55,2949,0.1,0.5,3457,0.11,0.55,10,0.105,0.525,2963,0
SPY190712P296,2019-07-11,2019-07-11 09:32:41,0.11,0.55,2949,0.1,0.5,2387,0.11,0.55,10,0.105,0.525,2963,0
SPY190712P296,2019-07-11,2019-07-11 09:32:42,0.11,0.55,2186,0.1,0.5,2387,0.11,0.55,10,0.105,0.525,2963,0
SPY190712P296,2019-07-11,2019-07-11 09:32:43,0.11,0.55,2961,0.1,0.5,2276,0.11,0.55,10,0.105,0.525,2963,0
SPY190712P296,2019-07-11,2019-07-11 09:32:43,0.11,0.55,1174,0.1,0.5,2387,0.11,0.55,10,0.105,0.525,2963,0
SPY190712P296,2019-07-11,2019-07-11 09:32:44,0.11,0.55,2961,0.1,0.5,3287,0.11,0.55,10,0.105,0.525,2963,0
SPY190712P296,2019-07-11,2019-07-11 09:32:45,0.11,0.55,2951,0.1,0.5,3287,0.1,0.5,2,0.105,0.525,2967,0
SPY190712P296,2019-07-11,2019-07-11 09:32:45,0.11,0.55,2951,0.1,0.5,3287,0.1,0.5,2,0.105,0.525,2967,4
SPY190712P296,2019-07-11,2019-07-11 09:32:46,0.11,0.55,2941,0.1,0.5,5000,0.1,0.5,2,0.105,0.525,2967,0
SPY190712P296,2019-07-11,2019-07-11 09:32:47,0.11,0.55,2938,0.1,0.5,4131,0.1,0.5,2,0.105,0.525,2967,0
SPY190712P296,2019-07-11,2019-07-11 09:32:48,0.11,0.55,2938,0.1,0.5,4131,0.1,0.5,2,0.105,0.525,2967,0
SPY190712P296,2019-07-11,2019-07-11 09:32:48,0.11,0.55,2949,0.1,0.5,5501,0.1,0.5,2,0.105,0.525,2967,0
SPY190712P296,2019-07-11,2019-07-11 09:32:49,0.11,0.55,2632,0.1,0.5,4092,0.1,0.5,2,0.105,0.525,2967,0
SPY190712P296,2019-07-11,2019-07-11 09:32:49,0.11,0.55,2949,0.1,0.5,5501,0.1,0.5,2,0.105,0.525,2967,0
SPY190712P296,2019-07-11,2019-07-11 09:32:50,0.11,0.55,2949,0.1,0.5,4092,0.1,0.5,2,0.105,0.525,2967,0
SPY190712P296,2019-07-11,2019-07-11 09:32:51,0.11,0.55,2949,0.1,0.5,5318,0.1,0.5,2,0.105,0.525,2967,0
SPY190712P296,2019-07-11,2019-07-11 09:32:52,0.11,0.55,2949,0.1,0.5,2841,0.1,0.5,2,0.105,0.525,2967,0
SPY190712P296,2019-07-11,2019-07-11 09:32:52,0.11,0.55,2949,0.1,0.5,4099,0.1,0.5,2,0.105,0.525,2967,0
SPY190712P296,2019-07-11,2019-07-11 09:32:53,0.11,0.55,2949,0.1,0.5,4099,0.1,0.5,2,0.105,0.525,2967,0
SPY190712P296,2019-07-11,2019-07-11 09:32:53,0.11,0.55,2949,0.1,0.5,2841,0.1,0.5,2,0.105,0.525,2967,0
SPY190712P296,2019-07-11,2019-07-11 09:32:54,0.11,0.55,2938,0.1,0.5,2841,0.1,0.5,2,0.105,0.525,2967,0
SPY190712P296,2019-07-11,2019-07-11 09:32:55,0.11,0.55,2958,0.1,0.5,2734,0.1,0.5,14,0.105,0.525,2981,0
SPY190712P296,2019-07-11,2019-07-11 09:32:55,0.11,0.55,2938,0.1,0.5,2734,0.1,0.5,14,0.105,0.525,2981,14
SPY190712P296,2019-07-11,2019-07-11 09:32:56,0.11,0.55,2961,0.1,0.5,2430,0.1,0.5,14,0.105,0.525,2981,0
SPY190712P296,2019-07-11,2019-07-11 09:32:57,0.11,0.55,3493,0.1,0.5,2744,0.1,0.5,14,0.105,0.525,2981,0
SPY190712P296,2019-07-11,2019-07-11 09:32:58,0.11,0.55,3470,0.1,0.5,2983,0.1,0.5,20,0.105,0.525,3001,20
SPY190712P296,2019-07-11,2019-07-11 09:32:58,0.11,0.55,3472,0.1,0.5,2983,0.1,0.5,14,0.105,0.525,2981,0
SPY190712P296,2019-07-11,2019-07-11 09:32:59,0.11,0.55,3468,0.1,0.5,2983,0.1,0.5,20,0.105,0.525,3001,0
SPY190712P296,2019-07-11,2019-07-11 09:32:59,0.11,0.55,2352,0.1,0.5,3955,0.1,0.5,20,0.105,0.525,3001,0
SPY190712P296,2019-07-11,2019-07-11 09:33:00,0.11,0.55,2359,0.1,0.5,1660,0.1,0.5,20,0.105,0.525,3001,0
SPY190712P296,2019-07-11,2019-07-11 09:33:00,0.11,0.55,2938,0.1,0.5,3233,0.1,0.5,20,0.105,0.525,3001,0
SPY190712P296,2019-07-11,2019-07-11 09:33:01,0.11,0.55,2961,0.1,0.5,1986,0.1,0.5,20,0.105,0.525,3001,0
SPY190712P296,2019-07-11,2019-07-11 09:33:02,0.11,0.55,2235,0.1,0.5,25,0.1,0.5,20,0.105,0.525,3001,0
SPY190712P296,2019-07-11,2019-07-11 09:33:02,0.11,0.55,2359,0.1,0.5,319,0.1,0.5,20,0.105,0.525,3001,0
SPY190712P296,2019-07-11,2019-07-11 09:33:03,0.11,0.55,2961,0.1,0.5,25,0.1,0.5,20,0.105,0.525,3001,0
SPY190712P296,2019-07-11,2019-07-11 09:33:03,0.11,0.55,2196,0.1,0.5,733,0.1,0.5,20,0.105,0.525,3001,0
SPY190712P296,2019-07-11,2019-07-11 09:33:04,0.11,0.55,2196,0.1,0.5,612,0.1,0.5,20,0.105,0.525,3001,0
SPY190712P296,2019-07-11,2019-07-11 09:33:05,0.11,0.55,2547,0.1,0.5,25,0.1,0.5,20,0.105,0.525,3001,0
SPY190712P296,2019-07-11,2019-07-11 09:33:05,0.11,0.55,2418,0.1,0.5,30,0.1,0.5,20,0.105,0.525,3001,0
SPY190712P296,2019-07-11,2019-07-11 09:33:06,0.11,0.55,2421,0.1,0.5,2040,0.1,0.5,20,0.105,0.525,3001,0
SPY190712P296,2019-07-11,2019-07-11 09:33:06,0.11,0.55,1826,0.1,0.5,570,0.1,0.5,20,0.105,0.525,3001,0
SPY190712P296,2019-07-11,2019-07-11 09:33:07,0.11,0.55,1969,0.1,0.5,1375,0.1,0.5,1,0.105,0.525,3002,1
SPY190712P296,2019-07-11,2019-07-11 09:33:07,0.11,0.55,2421,0.1,0.5,2129,0.1,0.5,20,0.105,0.525,3001,0
SPY190712P296,2019-07-11,2019-07-11 09:33:08,0.11,0.55,1969,0.1,0.5,1090,0.1,0.5,1,0.105,0.525,3002,0
SPY190712P296,2019-07-11,2019-07-11 09:33:09,0.11,0.55,1969,0.1,0.5,1090,0.1,0.5,1,0.105,0.525,3002,0
SPY190712P296,2019-07-11,2019-07-11 09:33:10,0.11,0.55,1969,0.1,0.5,1090,0.1,0.5,1,0.105,0.525,3002,0
SPY190712P296,2019-07-11,2019-07-11 09:33:11,0.11,0.55,1969,0.1,0.5,1090,0.1,0.5,1,0.105,0.525,3002,0
SPY190712P296,2019-07-11,2019-07-11 09:33:12,0.11,0.55,2766,0.1,0.5,1843,0.1,0.5,1,0.105,0.525,3002,0
SPY190712P296,2019-07-11,2019-07-11 09:33:12,0.11,0.55,1611,0.1,0.5,1090,0.1,0.5,1,0.105,0.525,3002,0
SPY190712P296,2019-07-11,2019-07-11 09:33:13,0.11,0.55,2766,0.1,0.5,1843,0.1,0.5,1,0.105,0.525,3002,0
SPY190712P296,2019-07-11,2019-07-11 09:33:14,0.11,0.55,1915,0.1,0.5,1467,0.1,0.5,1,0.105,0.525,3002,0
SPY190712P296,2019-07-11,2019-07-11 09:33:14,0.11,0.55,2766,0.1,0.5,1843,0.1,0.5,1,0.105,0.525,3002,0
SPY190712P296,2019-07-11,2019-07-11 09:33:15,0.11,0.55,1943,0.1,0.5,2326,0.1,0.5,1,0.105,0.525,3002,0
SPY190712P296,2019-07-11,2019-07-11 09:33:15,0.11,0.55,1932,0.1,0.5,3450,0.1,0.5,1,0.105,0.525,3002,0
SPY190712P296,2019-07-11,2019-07-11 09:33:16,0.11,0.55,1189,0.1,0.5,2736,0.1,0.5,1,0.105,0.525,3002,0
SPY190712P296,2019-07-11,2019-07-11 09:33:17,0.11,0.55,1149,0.1,0.5,3332,0.1,0.5,1,0.105,0.525,3002,0
SPY190712P296,2019-07-11,2019-07-11 09:33:17,0.11,0.55,1876,0.1,0.5,4603,0.1,0.5,1,0.105,0.525,3002,0
SPY190712P296,2019-07-11,2019-07-11 09:33:18,0.11,0.55,1876,0.1,0.5,4603,0.1,0.5,1,0.105,0.525,3002,0
SPY190712P296,2019-07-11,2019-07-11 09:33:19,0.11,0.55,1871,0.1,0.5,6074,0.1,0.5,1,0.105,0.525,3002,0
SPY190712P296,2019-07-11,2019-07-11 09:33:19,0.11,0.55,1871,0.1,0.5,6161,0.1,0.5,1,0.105,0.525,3002,0
SPY190712P296,2019-07-11,2019-07-11 09:33:20,0.11,0.55,1860,0.1,0.5,4710,0.1,0.5,1,0.105,0.525,3002,0
SPY190712P296,2019-07-11,2019-07-11 09:33:21,0.11,0.55,2581,0.1,0.5,3989,0.1,0.5,1,0.105,0.525,3002,0
SPY190712P296,2019-07-11,2019-07-11 09:33:22,0.11,0.55,1892,0.1,0.5,4465,0.1,0.5,1,0.105,0.525,3002,0
SPY190712P296,2019-07-11,2019-07-11 09:33:22,0.11,0.55,2809,0.1,0.5,4427,0.1,0.5,1,0.105,0.525,3002,0
SPY190712P296,2019-07-11,2019-07-11 09:33:23,0.11,0.55,2808,0.1,0.5,3775,0.1,0.5,1,0.105,0.525,3002,0
SPY190712P296,2019-07-11,2019-07-11 09:33:24,0.11,0.55,2858,0.1,0.5,3909,0.1,0.5,1,0.105,0.525,3002,0
SPY190712P296,2019-07-11,2019-07-11 09:33:24,0.11,0.55,1199,0.1,0.5,2656,0.1,0.5,1,0.105,0.525,3002,0
SPY190712P296,2019-07-11,2019-07-11 09:33:25,0.11,0.55,1149,0.1,0.5,1965,0.1,0.5,1,0.105,0.525,3002,0
SPY190712P296,2019-07-11,2019-07-11 09:33:26,0.11,0.55,1149,0.1,0.5,3815,0.1,0.5,1,0.105,0.525,3002,0
SPY190712P296,2019-07-11,2019-07-11 09:33:27,0.11,0.55,1149,0.1,0.5,4747,0.1,0.5,1,0.105,0.525,3002,0
SPY190712P296,2019-07-11,2019-07-11 09:33:28,0.11,0.55,1149,0.1,0.5,4747,0.1,0.5,1,0.105,0.525,3002,0
SPY190712P296,2019-07-11,2019-07-11 09:33:29,0.11,0.55,1149,0.1,0.5,3198,0.1,0.5,1,0.105,0.525,3002,0
SPY190712P296,2019-07-11,2019-07-11 09:33:30,0.11,0.55,208,0.1,0.5,5330,0.1,0.5,1,0.105,0.525,3002,0
SPY190712P296,2019-07-11,2019-07-11 09:33:30,0.11,0.55,208,0.1,0.5,5938,0.11,0.55,20,0.105,0.525,3022,20
SPY190712P296,2019-07-11,2019-07-11 09:33:31,0.11,0.55,1282,0.1,0.5,3845,0.11,0.55,20,0.105,0.525,3022,0
SPY190712P296,2019-07-11,2019-07-11 09:33:31,0.11,0.55,2135,0.1,0.5,5914,0.11,0.55,20,0.105,0.525,3022,0
SPY190712P296,2019-07-11,2019-07-11 09:33:32,0.11,0.55,1282,0.1,0.5,5132,0.11,0.55,20,0.105,0.525,3022,0
SPY190712P296,2019-07-11,2019-07-11 09:33:33,0.11,0.55,1282,0.1,0.5,5625,0.11,0.55,20,0.105,0.525,3022,0
SPY190712P296,2019-07-11,2019-07-11 09:33:34,0.11,0.55,1701,0.1,0.5,4197,0.11,0.55,20,0.105,0.525,3022,0
SPY190712P296,2019-07-11,2019-07-11 09:33:34,0.11,0.55,1701,0.1,0.5,5673,0.11,0.55,20,0.105,0.525,3022,0
SPY190712P296,2019-07-11,2019-07-11 09:33:35,0.11,0.55,1701,0.1,0.5,5121,0.11,0.55,20,0.105,0.525,3022,0
SPY190712P296,2019-07-11,2019-07-11 09:33:36,0.11,0.55,2725,0.1,0.5,5121,0.11,0.55,20,0.105,0.525,3022,0
SPY190712P296,2019-07-11,2019-07-11 09:33:36,0.11,0.55,1701,0.1,0.5,5945,0.11,0.55,20,0.105,0.525,3022,0
SPY190712P296,2019-07-11,2019-07-11 09:33:37,0.11,0.55,2725,0.1,0.5,4277,0.11,0.55,20,0.105,0.525,3022,0
SPY190712P296,2019-07-11,2019-07-11 09:33:37,0.11,0.55,2728,0.1,0.5,4733,0.11,0.55,20,0.105,0.525,3022,0
SPY190712P296,2019-07-11,2019-07-11 09:33:38,0.11,0.55,2728,0.1,0.5,4733,0.11,0.55,20,0.105,0.525,3022,0
SPY190712P296,2019-07-11,2019-07-11 09:33:38,0.11,0.55,2766,0.1,0.5,4735,0.11,0.55,20,0.105,0.525,3022,0
SPY190712P296,2019-07-11,2019-07-11 09:33:39,0.11,0.55,2765,0.1,0.5,4735,0.11,0.55,20,0.105,0.525,3022,0
SPY190712P296,2019-07-11,2019-07-11 09:33:40,0.11,0.55,2766,0.1,0.5,4733,0.11,0.55,20,0.105,0.525,3022,0
SPY190712P296,2019-07-11,2019-07-11 09:33:41,0.11,0.55,2544,0.1,0.5,3446,0.11,0.55,20,0.105,0.525,3022,0
SPY190712P296,2019-07-11,2019-07-11 09:33:41,0.11,0.55,1751,0.1,0.5,4192,0.11,0.55,20,0.105,0.525,3022,0
SPY190712P296,2019-07-11,2019-07-11 09:33:42,0.11,0.55,2704,0.1,0.5,4730,0.11,0.55,20,0.105,0.525,3022,0
SPY190712P296,2019-07-11,2019-07-11 09:33:43,0.11,0.55,1701,0.1,0.5,3353,0.11,0.55,20,0.105,0.525,3022,0
SPY190712P296,2019-07-11,2019-07-11 09:33:43,0.11,0.55,2097,0.1,0.5,3950,0.11,0.55,20,0.105,0.525,3022,0
SPY190712P296,2019-07-11,2019-07-11 09:33:44,0.11,0.55,1749,0.1,0.5,3554,0.11,0.55,20,0.105,0.525,3022,0
SPY190712P296,2019-07-11,2019-07-11 09:33:45,0.11,0.55,2104,0.1,0.5,3554,0.11,0.55,20,0.105,0.525,3022,0
SPY190712P296,2019-07-11,2019-07-11 09:33:45,0.11,0.55,2431,0.1,0.5,3554,0.11,0.55,20,0.105,0.525,3022,0
SPY190712P296,2019-07-11,2019-07-11 09:33:46,0.11,0.55,2104,0.1,0.5,3554,0.11,0.55,20,0.105,0.525,3022,0
SPY190712P296,2019-07-11,2019-07-11 09:33:47,0.11,0.55,1245,0.1,0.5,4128,0.11,0.55,20,0.105,0.525,3022,0
SPY190712P296,2019-07-11,2019-07-11 09:33:47,0.11,0.55,2104,0.1,0.5,3981,0.11,0.55,20,0.105,0.525,3022,0
SPY190712P296,2019-07-11,2019-07-11 09:33:48,0.11,0.55,1245,0.1,0.5,4678,0.11,0.55,20,0.105,0.525,3022,0
SPY190712P296,2019-07-11,2019-07-11 09:33:48,0.11,0.55,1245,0.1,0.5,5512,0.11,0.55,20,0.105,0.525,3022,0
SPY190712P296,2019-07-11,2019-07-11 09:33:49,0.11,0.55,756,0.1,0.5,5564,0.11,0.55,20,0.105,0.525,3022,0
SPY190712P296,2019-07-11,2019-07-11 09:33:50,0.11,0.55,756,0.1,0.5,5373,0.11,0.55,20,0.105,0.525,3022,0
SPY190712P296,2019-07-11,2019-07-11 09:33:50,0.11,0.55,1543,0.1,0.5,5964,0.11,0.55,20,0.105,0.525,3022,0
SPY190712P296,2019-07-11,2019-07-11 09:33:51,0.11,0.55,756,0.1,0.5,5966,0.11,0.55,20,0.105,0.525,3022,0
SPY190712P296,2019-07-11,2019-07-11 09:33:52,0.11,0.55,310,0.1,0.5,6108,0.11,0.55,20,0.105,0.525,3022,0
SPY190712P296,2019-07-11,2019-07-11 09:33:52,0.11,0.55,756,0.1,0.5,6108,0.11,0.55,20,0.105,0.525,3022,0
SPY190712P296,2019-07-11,2019-07-11 09:33:53,0.11,0.55,310,0.1,0.5,5791,0.11,0.55,20,0.105,0.525,3022,0
SPY190712P296,2019-07-11,2019-07-11 09:33:54,0.11,0.55,310,0.1,0.5,5791,0.11,0.55,20,0.105,0.525,3022,0
SPY190712P296,2019-07-11,2019-07-11 09:33:54,0.11,0.55,310,0.1,0.5,5555,0.11,0.55,20,0.105,0.525,3022,0
SPY190712P296,2019-07-11,2019-07-11 09:33:55,0.11,0.55,310,0.1,0.5,5724,0.11,0.55,20,0.105,0.525,3022,0
SPY190712P296,2019-07-11,2019-07-11 09:33:56,0.11,0.55,4,0.1,0.5,5678,0.11,0.55,20,0.105,0.525,3022,0
SPY190712P296,2019-07-11,2019-07-11 09:33:57,0.11,0.55,4,0.1,0.5,6152,0.11,0.55,20,0.105,0.525,3022,0
SPY190712P296,2019-07-11,2019-07-11 09:33:57,0.11,0.55,4,0.1,0.5,6315,0.11,0.55,20,0.105,0.525,3022,0
SPY190712P296,2019-07-11,2019-07-11 09:33:58,0.11,0.55,4,0.1,0.5,4240,0.11,0.55,20,0.105,0.525,3022,0
SPY190712P296,2019-07-11,2019-07-11 09:33:59,0.11,0.55,4,0.1,0.5,5778,0.11,0.55,20,0.105,0.525,3022,0
SPY190712P296,2019-07-11,2019-07-11 09:34:00,0.11,0.55,4,0.1,0.5,5778,0.11,0.55,20,0.105,0.525,3022,0
SPY190712P296,2019-07-11,2019-07-11 09:34:00,0.11,0.55,4,0.1,0.5,6234,0.11,0.55,20,0.105,0.525,3022,0
SPY190712P296,2019-07-11,2019-07-11 09:34:01,0.11,0.55,4,0.1,0.5,5778,0.11,0.55,20,0.105,0.525,3022,0
SPY190712P296,2019-07-11,2019-07-11 09:34:01,0.11,0.55,61,0.1,0.5,7219,0.11,0.55,20,0.105,0.525,3022,0
SPY190712P296,2019-07-11,2019-07-11 09:34:02,0.11,0.55,61,0.1,0.5,4834,0.11,0.55,20,0.105,0.525,3022,0
SPY190712P296,2019-07-11,2019-07-11 09:34:02,0.11,0.55,495,0.1,0.5,6734,0.11,0.55,20,0.105,0.525,3022,0
SPY190712P296,2019-07-11,2019-07-11 09:34:03,0.11,0.55,788,0.1,0.5,6734,0.11,0.55,20,0.105,0.525,3022,0
SPY190712P296,2019-07-11,2019-07-11 09:34:04,0.11,0.55,821,0.1,0.5,5094,0.11,0.55,20,0.105,0.525,3022,0
SPY190712P296,2019-07-11,2019-07-11 09:34:04,0.11,0.55,1302,0.1,0.5,6486,0.11,0.55,20,0.105,0.525,3022,0
SPY190712P296,2019-07-11,2019-07-11 09:34:05,0.11,0.55,1446,0.1,0.5,6584,0.11,0.55,20,0.105,0.525,3022,0
SPY190712P296,2019-07-11,2019-07-11 09:34:05,0.11,0.55,475,0.1,0.5,4854,0.11,0.55,20,0.105,0.525,3022,0
SPY190712P296,2019-07-11,2019-07-11 09:34:06,0.11,0.55,543,0.1,0.5,6280,0.11,0.55,20,0.105,0.525,3022,0
SPY190712P296,2019-07-11,2019-07-11 09:34:06,0.11,0.55,1255,0.1,0.5,6584,0.11,0.55,20,0.105,0.525,3022,0
SPY190712P296,2019-07-11,2019-07-11 09:34:07,0.11,0.55,499,0.1,0.5,6584,0.11,0.55,20,0.105,0.525,3022,0
SPY190712P296,2019-07-11,2019-07-11 09:34:08,0.11,0.55,499,0.1,0.5,6584,0.11,0.55,20,0.105,0.525,3022,0
SPY190712P296,2019-07-11,2019-07-11 09:34:08,0.11,0.55,1172,0.1,0.5,5217,0.11,0.55,20,0.105,0.525,3022,0
SPY190712P296,2019-07-11,2019-07-11 09:34:09,0.11,0.55,2058,0.1,0.5,5160,0.11,0.55,20,0.105,0.525,3022,0
SPY190712P296,2019-07-11,2019-07-11 09:34:09,0.11,0.55,3638,0.1,0.5,4682,0.11,0.55,20,0.105,0.525,3022,0
SPY190712P296,2019-07-11,2019-07-11 09:34:10,0.11,0.55,2775,0.1,0.5,4800,0.11,0.55,20,0.105,0.525,3022,0
SPY190712P296,2019-07-11,2019-07-11 09:34:11,0.11,0.55,2494,0.1,0.5,3507,0.11,0.55,20,0.105,0.525,3022,0
SPY190712P296,2019-07-11,2019-07-11 09:34:11,0.11,0.55,3625,0.1,0.5,4893,0.11,0.55,20,0.105,0.525,3022,0
SPY190712P296,2019-07-11,2019-07-11 09:34:12,0.11,0.55,4026,0.1,0.5,4673,0.11,0.55,20,0.105,0.525,3022,0
SPY190712P296,2019-07-11,2019-07-11 09:34:12,0.11,0.55,3625,0.1,0.5,4673,0.11,0.55,20,0.105,0.525,3022,0
SPY190712P296,2019-07-11,2019-07-11 09:34:13,0.11,0.55,4026,0.1,0.5,4673,0.11,0.55,20,0.105,0.525,3022,0
SPY190712P296,2019-07-11,2019-07-11 09:34:13,0.11,0.55,3625,0.1,0.5,4673,0.11,0.55,20,0.105,0.525,3022,0
SPY190712P296,2019-07-11,2019-07-11 09:34:14,0.11,0.55,3625,0.1,0.5,4657,0.11,0.55,20,0.105,0.525,3022,0
SPY190712P296,2019-07-11,2019-07-11 09:34:15,0.11,0.55,3625,0.1,0.5,4848,0.11,0.55,20,0.105,0.525,3022,0
SPY190712P296,2019-07-11,2019-07-11 09:34:15,0.11,0.55,3625,0.1,0.5,5029,0.11,0.55,20,0.105,0.525,3022,0
SPY190712P296,2019-07-11,2019-07-11 09:34:16,0.11,0.55,2984,0.1,0.5,3948,0.1,0.5,8,0.105,0.525,3042,20
SPY190712P296,2019-07-11,2019-07-11 09:34:16,0.11,0.55,3625,0.1,0.5,5057,0.11,0.55,20,0.105,0.525,3022,0
SPY190712P296,2019-07-11,2019-07-11 09:34:17,0.11,0.55,4666,0.1,0.5,3275,0.1,0.5,8,0.105,0.525,3042,0
SPY190712P296,2019-07-11,2019-07-11 09:34:18,0.11,0.55,5030,0.1,0.5,3275,0.1,0.5,8,0.105,0.525,3042,0
SPY190712P296,2019-07-11,2019-07-11 09:34:18,0.11,0.55,4666,0.1,0.5,3275,0.1,0.5,8,0.105,0.525,3042,0
SPY190712P296,2019-07-11,2019-07-11 09:34:19,0.11,0.55,3643,0.1,0.5,4635,0.1,0.5,8,0.105,0.525,3042,0
SPY190712P296,2019-07-11,2019-07-11 09:34:19,0.11,0.55,3523,0.1,0.5,5543,0.11,0.55,1,0.105,0.525,3043,1
SPY190712P296,2019-07-11,2019-07-11 09:34:20,0.11,0.55,3523,0.1,0.5,5399,0.11,0.55,1,0.105,0.525,3043,0
SPY190712P296,2019-07-11,2019-07-11 09:34:21,0.11,0.55,5171,0.1,0.5,3155,0.11,0.55,1,0.105,0.525,3043,0
SPY190712P296,2019-07-11,2019-07-11 09:34:21,0.11,0.55,4932,0.1,0.5,4132,0.11,0.55,1,0.105,0.525,3043,0
SPY190712P296,2019-07-11,2019-07-11 09:34:22,0.11,0.55,3397,0.1,0.5,2285,0.11,0.55,1,0.105,0.525,3043,0
SPY190712P296,2019-07-11,2019-07-11 09:34:22,0.11,0.55,5171,0.1,0.5,3841,0.11,0.55,1,0.105,0.525,3043,0
SPY190712P296,2019-07-11,2019-07-11 09:34:23,0.11,0.55,3833,0.1,0.5,2741,0.11,0.55,1,0.105,0.525,3043,0
SPY190712P296,2019-07-11,2019-07-11 09:34:23,0.11,0.55,4697,0.1,0.5,3096,0.11,0.55,1,0.105,0.525,3043,0
SPY190712P296,2019-07-11,2019-07-11 09:34:24,0.11,0.55,3421,0.1,0.5,1907,0.11,0.55,1,0.105,0.525,3043,0
SPY190712P296,2019-07-11,2019-07-11 09:34:25,0.11,0.55,4925,0.1,0.5,1742,0.11,0.55,1,0.105,0.525,3043,0
SPY190712P296,2019-07-11,2019-07-11 09:34:25,0.11,0.55,3640,0.1,0.5,1742,0.11,0.55,1,0.105,0.525,3043,0
SPY190712P296,2019-07-11,2019-07-11 09:34:26,0.11,0.55,4943,0.1,0.5,1412,0.11,0.55,1,0.105,0.525,3043,0
SPY190712P296,2019-07-11,2019-07-11 09:34:27,0.11,0.55,3938,0.1,0.5,1412,0.11,0.55,1,0.105,0.525,3043,0
SPY190712P296,2019-07-11,2019-07-11 09:34:28,0.11,0.55,3435,0.1,0.5,25,0.11,0.55,1,0.105,0.525,3043,0
SPY190712P296,2019-07-11,2019-07-11 09:34:28,0.11,0.55,3435,0.1,0.5,15,0.1,0.5,1,0.105,0.525,3061,18
SPY190712P296,2019-07-11,2019-07-11 09:34:29,0.11,0.55,4906,0.1,0.5,2,0.1,0.5,1,0.105,0.525,3068,7
SPY190712P296,2019-07-11,2019-07-11 09:34:29,0.11,0.55,5536,0.1,0.5,2,0.1,0.5,1,0.105,0.525,3068,0
SPY190712P296,2019-07-11,2019-07-11 09:34:30,0.11,0.55,5345,0.1,0.5,2,0.1,0.5,1,0.105,0.525,3068,0
SPY190712P296,2019-07-11,2019-07-11 09:34:30,0.11,0.55,5679,0.1,0.5,2,0.1,0.5,1,0.105,0.525,3068,0
SPY190712P296,2019-07-11,2019-07-11 09:34:31,0.1,0.5,2009,0.09,0.45,7694,0.1,0.5,2,0.095,0.475,3070,2
SPY190712P296,2019-07-11,2019-07-11 09:34:32,0.1,0.5,5,0.1,0.5,5,0.1,0.5,2,0.1,0.5,3072,2
SPY190712P296,2019-07-11,2019-07-11 09:34:33,0.11,0.55,5518,0.1,0.5,2170,0.1,0.5,2,0.105,0.525,3072,0
SPY190712P296,2019-07-11,2019-07-11 09:34:34,0.11,0.55,6958,0.1,0.5,1757,0.1,0.5,2,0.105,0.525,3072,0
SPY190712P296,2019-07-11,2019-07-11 09:34:35,0.1,0.5,521,0.09,0.45,5709,0.1,0.5,2,0.095,0.475,3072,0
SPY190712P296,2019-07-11,2019-07-11 09:34:36,0.1,0.5,456,0.09,0.45,5709,0.1,0.5,2,0.095,0.475,3072,0
SPY190712P296,2019-07-11,2019-07-11 09:34:37,0.1,0.5,485,0.09,0.45,5826,0.1,0.5,2,0.095,0.475,3072,0
SPY190712P296,2019-07-11,2019-07-11 09:34:37,0.1,0.5,350,0.09,0.45,5826,0.1,0.5,2,0.095,0.475,3072,0
SPY190712P296,2019-07-11,2019-07-11 09:34:38,0.1,0.5,577,0.09,0.45,5826,0.1,0.5,2,0.095,0.475,3072,0
SPY190712P296,2019-07-11,2019-07-11 09:34:38,0.1,0.5,2325,0.09,0.45,7052,0.1,0.5,2,0.095,0.475,3072,0
SPY190712P296,2019-07-11,2019-07-11 09:34:39,0.1,0.5,2804,0.09,0.45,6835,0.1,0.5,2,0.095,0.475,3072,0
SPY190712P296,2019-07-11,2019-07-11 09:34:39,0.1,0.5,3642,0.09,0.45,6780,0.1,0.5,2,0.095,0.475,3072,0
SPY190712P296,2019-07-11,2019-07-11 09:34:40,0.1,0.5,2892,0.09,0.45,7065,0.1,0.5,2,0.095,0.475,3072,0
SPY190712P296,2019-07-11,2019-07-11 09:34:41,0.1,0.5,696,0.09,0.45,5657,0.1,0.5,2,0.095,0.475,3072,0
SPY190712P296,2019-07-11,2019-07-11 09:34:41,0.1,0.5,1908,0.09,0.45,5961,0.1,0.5,2,0.095,0.475,3072,0
SPY190712P296,2019-07-11,2019-07-11 09:34:42,0.1,0.5,1755,0.09,0.45,4638,0.1,0.5,2,0.095,0.475,3072,0
SPY190712P296,2019-07-11,2019-07-11 09:34:43,0.1,0.5,2714,0.09,0.45,6800,0.1,0.5,2,0.095,0.475,3072,0
SPY190712P296,2019-07-11,2019-07-11 09:34:43,0.1,0.5,2714,0.09,0.45,5880,0.1,0.5,2,0.095,0.475,3072,0
SPY190712P296,2019-07-11,2019-07-11 09:34:44,0.1,0.5,2948,0.09,0.45,6831,0.09,0.45,5,0.095,0.475,3082,10
SPY190712P296,2019-07-11,2019-07-11 09:34:45,0.1,0.5,3698,0.09,0.45,7107,0.09,0.45,5,0.095,0.475,3082,0
SPY190712P296,2019-07-11,2019-07-11 09:34:46,0.1,0.5,995,0.09,0.45,4888,0.09,0.45,5,0.095,0.475,3082,0
SPY190712P296,2019-07-11,2019-07-11 09:34:46,0.1,0.5,1456,0.09,0.45,6975,0.09,0.45,5,0.095,0.475,3082,0
SPY190712P296,2019-07-11,2019-07-11 09:34:47,0.1,0.5,2377,0.09,0.45,7279,0.09,0.45,5,0.095,0.475,3082,0
SPY190712P296,2019-07-11,2019-07-11 09:34:48,0.1,0.5,2377,0.09,0.45,7279,0.09,0.45,5,0.095,0.475,3082,0
SPY190712P296,2019-07-11,2019-07-11 09:34:49,0.1,0.5,2377,0.09,0.45,7279,0.09,0.45,5,0.095,0.475,3082,0
SPY190712P296,2019-07-11,2019-07-11 09:34:49,0.1,0.5,2206,0.09,0.45,4800,0.09,0.45,5,0.095,0.475,3082,0
SPY190712P296,2019-07-11,2019-07-11 09:34:50,0.1,0.5,1456,0.09,0.45,5237,0.09,0.45,5,0.095,0.475,3082,0
SPY190712P296,2019-07-11,2019-07-11 09:34:51,0.1,0.5,1760,0.09,0.45,5681,0.09,0.45,5,0.095,0.475,3082,0
SPY190712P296,2019-07-11,2019-07-11 09:34:52,0.1,0.5,1286,0.09,0.45,5681,0.09,0.45,5,0.095,0.475,3082,0
SPY190712P296,2019-07-11,2019-07-11 09:34:52,0.1,0.5,1760,0.09,0.45,5681,0.09,0.45,5,0.095,0.475,3082,0
SPY190712P296,2019-07-11,2019-07-11 09:34:53,0.1,0.5,50,0.09,0.45,5367,0.09,0.45,5,0.095,0.475,3082,0
SPY190712P296,2019-07-11,2019-07-11 09:34:53,0.1,0.5,50,0.09,0.45,5956,0.09,0.45,5,0.095,0.475,3082,0
SPY190712P296,2019-07-11,2019-07-11 09:34:54,0.1,0.5,305,0.09,0.45,5956,0.09,0.45,5,0.095,0.475,3082,0
SPY190712P296,2019-07-11,2019-07-11 09:34:54,0.1,0.5,481,0.09,0.45,5956,0.09,0.45,5,0.095,0.475,3082,0
SPY190712P296,2019-07-11,2019-07-11 09:34:55,0.1,0.5,481,0.09,0.45,7446,0.09,0.45,5,0.095,0.475,3082,0
SPY190712P296,2019-07-11,2019-07-11 09:34:56,0.1,0.5,3762,0.09,0.45,6021,0.09,0.45,5,0.095,0.475,3082,0
SPY190712P296,2019-07-11,2019-07-11 09:34:56,0.1,0.5,1815,0.09,0.45,7446,0.09,0.45,5,0.095,0.475,3082,0
SPY190712P296,2019-07-11,2019-07-11 09:34:57,0.1,0.5,3762,0.09,0.45,6896,0.09,0.45,20,0.095,0.475,3102,20
SPY190712P296,2019-07-11,2019-07-11 09:34:57,0.1,0.5,3762,0.09,0.45,6896,0.09,0.45,20,0.095,0.475,3102,0
SPY190712P296,2019-07-11,2019-07-11 09:34:58,0.1,0.5,3762,0.09,0.45,7109,0.09,0.45,20,0.095,0.475,3102,0
SPY190712P296,2019-07-11,2019-07-11 09:34:59,0.1,0.5,2535,0.09,0.45,5367,0.09,0.45,20,0.095,0.475,3102,0
SPY190712P296,2019-07-11,2019-07-11 09:34:59,0.1,0.5,2365,0.09,0.45,5367,0.09,0.45,20,0.095,0.475,3102,0
SPY190712P296,2019-07-11,2019-07-11 09:35:00,0.1,0.5,2948,0.09,0.45,6829,0.09,0.45,20,0.095,0.475,3102,0
SPY190712P296,2019-07-11,2019-07-11 09:35:00,0.1,0.5,2621,0.09,0.45,5367,0.09,0.45,20,0.095,0.475,3102,0
SPY190712P296,2019-07-11,2019-07-11 09:35:01,0.1,0.5,2948,0.09,0.45,6829,0.09,0.45,20,0.095,0.475,3102,0
SPY190712P296,2019-07-11,2019-07-11 09:35:02,0.1,0.5,2948,0.09,0.45,6829,0.09,0.45,20,0.095,0.475,3102,0
SPY190712P296,2019-07-11,2019-07-11 09:35:03,0.1,0.5,470,0.09,0.45,4576,0.09,0.45,20,0.095,0.475,3102,0
SPY190712P296,2019-07-11,2019-07-11 09:35:03,0.1,0.5,1286,0.09,0.45,4851,0.09,0.45,20,0.095,0.475,3102,0
SPY190712P296,2019-07-11,2019-07-11 09:35:04,0.1,0.5,240,0.09,0.45,4915,0.1,0.5,1,0.095,0.475,3103,0
SPY190712P296,2019-07-11,2019-07-11 09:35:04,0.1,0.5,328,0.09,0.45,4284,0.1,0.5,1,0.095,0.475,3103,1
SPY190712P296,2019-07-11,2019-07-11 09:35:05,0.1,0.5,1750,0.09,0.45,5698,0.1,0.5,1,0.095,0.475,3103,0
SPY190712P296,2019-07-11,2019-07-11 09:35:06,0.1,0.5,2044,0.09,0.45,5242,0.1,0.5,1,0.095,0.475,3103,0
SPY190712P296,2019-07-11,2019-07-11 09:35:06,0.1,0.5,1294,0.09,0.45,5242,0.1,0.5,1,0.095,0.475,3103,0
SPY190712P296,2019-07-11,2019-07-11 09:35:07,0.1,0.5,2516,0.09,0.45,5696,0.1,0.5,1,0.095,0.475,3103,0
SPY190712P296,2019-07-11,2019-07-11 09:35:07,0.1,0.5,1750,0.09,0.45,5822,0.1,0.5,1,0.095,0.475,3103,0
SPY190712P296,2019-07-11,2019-07-11 09:35:08,0.1,0.5,3683,0.09,0.45,7172,0.1,0.5,1,0.095,0.475,3103,0
SPY190712P296,2019-07-11,2019-07-11 09:35:08,0.1,0.5,3680,0.09,0.45,7171,0.1,0.5,1,0.095,0.475,3103,0
SPY190712P296,2019-07-11,2019-07-11 09:35:09,0.1,0.5,3683,0.09,0.45,7172,0.1,0.5,1,0.095,0.475,3103,0
SPY190712P296,2019-07-11,2019-07-11 09:35:10,0.1,0.5,1368,0.09,0.45,7172,0.1,0.5,1,0.095,0.475,3103,0
SPY190712P296,2019-07-11,2019-07-11 09:35:11,0.1,0.5,2473,0.09,0.45,5488,0.1,0.5,1,0.095,0.475,3103,0
SPY190712P296,2019-07-11,2019-07-11 09:35:11,0.1,0.5,2062,0.09,0.45,5240,0.1,0.5,1,0.095,0.475,3103,0
SPY190712P296,2019-07-11,2019-07-11 09:35:12,0.1,0.5,2473,0.09,0.45,5488,0.1,0.5,1,0.095,0.475,3103,0
SPY190712P296,2019-07-11,2019-07-11 09:35:13,0.1,0.5,2515,0.09,0.45,5488,0.1,0.5,1,0.095,0.475,3103,0
SPY190712P296,2019-07-11,2019-07-11 09:35:14,0.1,0.5,2515,0.09,0.45,5062,0.1,0.5,1,0.095,0.475,3103,0
SPY190712P296,2019-07-11,2019-07-11 09:35:14,0.1,0.5,2515,0.09,0.45,4324,0.1,0.5,1,0.095,0.475,3103,0
SPY190712P296,2019-07-11,2019-07-11 09:35:15,0.1,0.5,2515,0.09,0.45,4200,0.1,0.5,1,0.095,0.475,3103,0
SPY190712P296,2019-07-11,2019-07-11 09:35:15,0.1,0.5,2962,0.09,0.45,4950,0.1,0.5,1,0.095,0.475,3103,0
SPY190712P296,2019-07-11,2019-07-11 09:35:16,0.1,0.5,2515,0.09,0.45,5337,0.1,0.5,1,0.095,0.475,3103,0
SPY190712P296,2019-07-11,2019-07-11 09:35:17,0.1,0.5,3654,0.09,0.45,6858,0.1,0.5,1,0.095,0.475,3103,0
SPY190712P296,2019-07-11,2019-07-11 09:35:17,0.1,0.5,2669,0.09,0.45,5421,0.1,0.5,1,0.095,0.475,3103,0
SPY190712P296,2019-07-11,2019-07-11 09:35:18,0.1,0.5,3671,0.09,0.45,5862,0.1,0.5,1,0.095,0.475,3103,0
SPY190712P296,2019-07-11,2019-07-11 09:35:18,0.1,0.5,3674,0.09,0.45,6658,0.1,0.5,1,0.095,0.475,3103,0
SPY190712P296,2019-07-11,2019-07-11 09:35:19,0.1,0.5,2515,0.09,0.45,5452,0.1,0.5,1,0.095,0.475,3103,0
SPY190712P296,2019-07-11,2019-07-11 09:35:19,0.1,0.5,3673,0.09,0.45,6658,0.1,0.5,1,0.095,0.475,3103,0
SPY190712P296,2019-07-11,2019-07-11 09:35:20,0.1,0.5,2515,0.09,0.45,5452,0.1,0.5,1,0.095,0.475,3103,0
SPY190712P296,2019-07-11,2019-07-11 09:35:21,0.1,0.5,3673,0.09,0.45,6658,0.1,0.5,1,0.095,0.475,3103,0
SPY190712P296,2019-07-11,2019-07-11 09:35:21,0.1,0.5,2962,0.09,0.45,5226,0.1,0.5,1,0.095,0.475,3103,0
SPY190712P296,2019-07-11,2019-07-11 09:35:22,0.1,0.5,3673,0.09,0.45,6658,0.1,0.5,1,0.095,0.475,3103,0
SPY190712P296,2019-07-11,2019-07-11 09:35:22,0.1,0.5,2962,0.09,0.45,5484,0.1,0.5,1,0.095,0.475,3103,0
SPY190712P296,2019-07-11,2019-07-11 09:35:23,0.1,0.5,2962,0.09,0.45,5484,0.1,0.5,1,0.095,0.475,3103,0
SPY190712P296,2019-07-11,2019-07-11 09:35:24,0.1,0.5,3674,0.09,0.45,6659,0.1,0.5,1,0.095,0.475,3103,0
SPY190712P296,2019-07-11,2019-07-11 09:35:25,0.1,0.5,3674,0.09,0.45,6955,0.1,0.5,1,0.095,0.475,3103,0
SPY190712P296,2019-07-11,2019-07-11 09:35:25,0.1,0.5,3674,0.09,0.45,5262,0.1,0.5,1,0.095,0.475,3103,0
SPY190712P296,2019-07-11,2019-07-11 09:35:26,0.1,0.5,2962,0.09,0.45,5522,0.1,0.5,1,0.095,0.475,3103,0
SPY190712P296,2019-07-11,2019-07-11 09:35:27,0.1,0.5,3673,0.09,0.45,6658,0.1,0.5,1,0.095,0.475,3103,0
SPY190712P296,2019-07-11,2019-07-11 09:35:27,0.1,0.5,2962,0.09,0.45,6658,0.1,0.5,1,0.095,0.475,3103,0
SPY190712P296,2019-07-11,2019-07-11 09:35:28,0.1,0.5,2962,0.09,0.45,6182,0.1,0.5,1,0.095,0.475,3103,0
SPY190712P296,2019-07-11,2019-07-11 09:35:28,0.1,0.5,2515,0.09,0.45,6658,0.1,0.5,1,0.095,0.475,3103,0
SPY190712P296,2019-07-11,2019-07-11 09:35:29,0.1,0.5,3673,0.09,0.45,6659,0.1,0.5,1,0.095,0.475,3103,0
SPY190712P296,2019-07-11,2019-07-11 09:35:30,0.1,0.5,3673,0.09,0.45,6362,0.1,0.5,1,0.095,0.475,3103,0
SPY190712P296,2019-07-11,2019-07-11 09:35:30,0.1,0.5,2973,0.09,0.45,4198,0.1,0.5,1,0.095,0.475,3103,0
SPY190712P296,2019-07-11,2019-07-11 09:35:31,0.1,0.5,2963,0.09,0.45,4198,0.1,0.5,1,0.095,0.475,3103,0
SPY190712P296,2019-07-11,2019-07-11 09:35:32,0.1,0.5,3673,0.09,0.45,6616,0.1,0.5,1,0.095,0.475,3103,0
SPY190712P296,2019-07-11,2019-07-11 09:35:32,0.1,0.5,3673,0.09,0.45,6493,0.1,0.5,15,0.095,0.475,3123,20
SPY190712P296,2019-07-11,2019-07-11 09:35:33,0.1,0.5,3673,0.09,0.45,6493,0.1,0.5,15,0.095,0.475,3123,0
SPY190712P296,2019-07-11,2019-07-11 09:35:34,0.1,0.5,3684,0.09,0.45,6492,0.1,0.5,15,0.095,0.475,3123,0
SPY190712P296,2019-07-11,2019-07-11 09:35:35,0.1,0.5,2515,0.09,0.45,5648,0.1,0.5,15,0.095,0.475,3123,0
SPY190712P296,2019-07-11,2019-07-11 09:35:35,0.1,0.5,4499,0.09,0.45,6492,0.1,0.5,15,0.095,0.475,3123,0
SPY190712P296,2019-07-11,2019-07-11 09:35:36,0.1,0.5,3684,0.09,0.45,6889,0.1,0.5,15,0.095,0.475,3123,0
SPY190712P296,2019-07-11,2019-07-11 09:35:37,0.1,0.5,3684,0.09,0.45,7090,0.1,0.5,15,0.095,0.475,3123,0
SPY190712P296,2019-07-11,2019-07-11 09:35:37,0.1,0.5,2698,0.09,0.45,7090,0.1,0.5,15,0.095,0.475,3123,0
SPY190712P296,2019-07-11,2019-07-11 09:35:38,0.1,0.5,2962,0.09,0.45,5784,0.1,0.5,15,0.095,0.475,3123,0
SPY190712P296,2019-07-11,2019-07-11 09:35:39,0.1,0.5,2962,0.09,0.45,4731,0.1,0.5,15,0.095,0.475,3123,0
SPY190712P296,2019-07-11,2019-07-11 09:35:40,0.1,0.5,2962,0.09,0.45,5546,0.1,0.5,15,0.095,0.475,3123,0
SPY190712P296,2019-07-11,2019-07-11 09:35:41,0.1,0.5,1765,0.09,0.45,5735,0.1,0.5,15,0.095,0.475,3123,0
SPY190712P296,2019-07-11,2019-07-11 09:35:42,0.1,0.5,1765,0.09,0.45,5687,0.1,0.5,15,0.095,0.475,3123,0
SPY190712P296,2019-07-11,2019-07-11 09:35:43,0.1,0.5,2026,0.09,0.45,7142,0.1,0.5,15,0.095,0.475,3123,0
SPY190712P296,2019-07-11,2019-07-11 09:35:43,0.1,0.5,1855,0.09,0.45,7142,0.1,0.5,15,0.095,0.475,3123,0
SPY190712P296,2019-07-11,2019-07-11 09:35:44,0.1,0.5,1765,0.09,0.45,7279,0.1,0.5,15,0.095,0.475,3123,0
SPY190712P296,2019-07-11,2019-07-11 09:35:44,0.1,0.5,1765,0.09,0.45,6041,0.1,0.5,15,0.095,0.475,3123,0
SPY190712P296,2019-07-11,2019-07-11 09:35:45,0.1,0.5,1134,0.09,0.45,7195,0.1,0.5,15,0.095,0.475,3123,0
SPY190712P296,2019-07-11,2019-07-11 09:35:46,0.1,0.5,1309,0.09,0.45,7273,0.1,0.5,15,0.095,0.475,3123,0
SPY190712P296,2019-07-11,2019-07-11 09:35:46,0.1,0.5,141,0.09,0.45,7311,0.1,0.5,15,0.095,0.475,3123,0
SPY190712P296,2019-07-11,2019-07-11 09:35:47,0.1,0.5,20,0.09,0.45,6572,0.1,0.5,15,0.095,0.475,3123,0
SPY190712P296,2019-07-11,2019-07-11 09:35:48,0.1,0.5,20,0.09,0.45,6572,0.1,0.5,15,0.095,0.475,3123,0
SPY190712P296,2019-07-11,2019-07-11 09:35:48,0.1,0.5,162,0.09,0.45,5223,0.1,0.5,15,0.095,0.475,3123,0
SPY190712P296,2019-07-11,2019-07-11 09:35:49,0.1,0.5,305,0.09,0.45,5413,0.1,0.5,15,0.095,0.475,3123,0
SPY190712P296,2019-07-11,2019-07-11 09:35:50,0.1,0.5,604,0.09,0.45,5670,0.09,0.45,2,0.095,0.475,3125,2
SPY190712P296,2019-07-11,2019-07-11 09:35:50,0.1,0.5,784,0.09,0.45,6489,0.1,0.5,15,0.095,0.475,3123,0
SPY190712P296,2019-07-11,2019-07-11 09:35:51,0.1,0.5,784,0.09,0.45,6274,0.09,0.45,2,0.095,0.475,3125,0
SPY190712P296,2019-07-11,2019-07-11 09:35:52,0.1,0.5,2517,0.09,0.45,5658,0.09,0.45,2,0.095,0.475,3125,0
SPY190712P296,2019-07-11,2019-07-11 09:35:52,0.1,0.5,1775,0.09,0.45,5598,0.09,0.45,2,0.095,0.475,3125,0
SPY190712P296,2019-07-11,2019-07-11 09:35:53,0.1,0.5,2591,0.09,0.45,2998,0.09,0.45,2,0.095,0.475,3125,0
SPY190712P296,2019-07-11,2019-07-11 09:35:54,0.1,0.5,3584,0.09,0.45,5131,0.09,0.45,2,0.095,0.475,3125,0
SPY190712P296,2019-07-11,2019-07-11 09:35:55,0.1,0.5,2962,0.09,0.45,5177,0.09,0.45,2,0.095,0.475,3125,0
SPY190712P296,2019-07-11,2019-07-11 09:35:55,0.1,0.5,2630,0.09,0.45,5017,0.09,0.45,2,0.095,0.475,3125,0
SPY190712P296,2019-07-11,2019-07-11 09:35:56,0.1,0.5,2962,0.09,0.45,5621,0.09,0.45,2,0.095,0.475,3125,0
SPY190712P296,2019-07-11,2019-07-11 09:35:56,0.1,0.5,2962,0.09,0.45,5177,0.09,0.45,2,0.095,0.475,3125,0
SPY190712P296,2019-07-11,2019-07-11 09:35:57,0.1,0.5,2962,0.09,0.45,5621,0.1,0.5,30,0.095,0.475,3155,0
SPY190712P296,2019-07-11,2019-07-11 09:35:57,0.1,0.5,2962,0.09,0.45,5621,0.1,0.5,30,0.095,0.475,3155,30
SPY190712P296,2019-07-11,2019-07-11 09:35:58,0.1,0.5,2962,0.09,0.45,5621,0.1,0.5,30,0.095,0.475,3155,0
SPY190712P296,2019-07-11,2019-07-11 09:35:58,0.1,0.5,2962,0.09,0.45,5645,0.1,0.5,30,0.095,0.475,3155,0
SPY190712P296,2019-07-11,2019-07-11 09:35:59,0.1,0.5,2962,0.09,0.45,5645,0.1,0.5,30,0.095,0.475,3155,0
SPY190712P296,2019-07-11,2019-07-11 09:36:00,0.1,0.5,3682,0.09,0.45,6905,0.1,0.5,30,0.095,0.475,3155,0
SPY190712P296,2019-07-11,2019-07-11 09:36:01,0.1,0.5,3682,0.09,0.45,6905,0.1,0.5,30,0.095,0.475,3155,0
SPY190712P296,2019-07-11,2019-07-11 09:36:02,0.1,0.5,3682,0.09,0.45,7162,0.1,0.5,30,0.095,0.475,3155,0
SPY190712P296,2019-07-11,2019-07-11 09:36:02,0.1,0.5,3690,0.09,0.45,6906,0.1,0.5,30,0.095,0.475,3155,0
SPY190712P296,2019-07-11,2019-07-11 09:36:03,0.1,0.5,3690,0.09,0.45,6906,0.1,0.5,30,0.095,0.475,3155,0
SPY190712P296,2019-07-11,2019-07-11 09:36:04,0.1,0.5,3690,0.09,0.45,6906,0.1,0.5,30,0.095,0.475,3155,0
SPY190712P296,2019-07-11,2019-07-11 09:36:04,0.1,0.5,3690,0.09,0.45,7128,0.1,0.5,30,0.095,0.475,3155,0
SPY190712P296,2019-07-11,2019-07-11 09:36:05,0.1,0.5,3690,0.09,0.45,7139,0.1,0.5,30,0.095,0.475,3155,0
SPY190712P296,2019-07-11,2019-07-11 09:36:06,0.1,0.5,2807,0.09,0.45,7087,0.1,0.5,30,0.095,0.475,3155,0
SPY190712P296,2019-07-11,2019-07-11 09:36:07,0.1,0.5,1319,0.09,0.45,5177,0.1,0.5,30,0.095,0.475,3155,0
SPY190712P296,2019-07-11,2019-07-11 09:36:07,0.1,0.5,2962,0.09,0.45,7087,0.1,0.5,30,0.095,0.475,3155,0
SPY190712P296,2019-07-11,2019-07-11 09:36:08,0.1,0.5,2962,0.09,0.45,5389,0.1,0.5,30,0.095,0.475,3155,0
SPY190712P296,2019-07-11,2019-07-11 09:36:08,0.1,0.5,2962,0.09,0.45,5845,0.1,0.5,30,0.095,0.475,3155,0
SPY190712P296,2019-07-11,2019-07-11 09:36:09,0.1,0.5,2197,0.09,0.45,5845,0.1,0.5,30,0.095,0.475,3155,0
SPY190712P296,2019-07-11,2019-07-11 09:36:09,0.1,0.5,2962,0.09,0.45,5845,0.1,0.5,30,0.095,0.475,3155,0
SPY190712P296,2019-07-11,2019-07-11 09:36:10,0.1,0.5,2525,0.09,0.45,4989,0.1,0.5,30,0.095,0.475,3155,0
SPY190712P296,2019-07-11,2019-07-11 09:36:11,0.1,0.5,3079,0.09,0.45,1877,0.1,0.5,30,0.095,0.475,3155,0
SPY190712P296,2019-07-11,2019-07-11 09:36:11,0.1,0.5,2266,0.09,0.45,4989,0.1,0.5,30,0.095,0.475,3155,0
SPY190712P296,2019-07-11,2019-07-11 09:36:12,0.1,0.5,5102,0.09,0.45,4115,0.1,0.5,30,0.095,0.475,3155,0
SPY190712P296,2019-07-11,2019-07-11 09:36:13,0.1,0.5,3871,0.09,0.45,240,0.1,0.5,30,0.095,0.475,3155,0
SPY190712P296,2019-07-11,2019-07-11 09:36:13,0.1,0.5,3360,0.09,0.45,1871,0.1,0.5,30,0.095,0.475,3155,0
SPY190712P296,2019-07-11,2019-07-11 09:36:14,0.1,0.5,4252,0.09,0.45,240,0.1,0.5,30,0.095,0.475,3155,0
SPY190712P296,2019-07-11,2019-07-11 09:36:14,0.1,0.5,3929,0.09,0.45,830,0.1,0.5,30,0.095,0.475,3155,0
SPY190712P296,2019-07-11,2019-07-11 09:36:15,0.1,0.5,4008,0.09,0.45,971,0.1,0.5,30,0.095,0.475,3155,0
SPY190712P296,2019-07-11,2019-07-11 09:36:16,0.1,0.5,4008,0.09,0.45,1065,0.1,0.5,30,0.095,0.475,3155,0
SPY190712P296,2019-07-11,2019-07-11 09:36:16,0.1,0.5,3704,0.09,0.45,1815,0.1,0.5,30,0.095,0.475,3155,0
SPY190712P296,2019-07-11,2019-07-11 09:36:17,0.1,0.5,4121,0.09,0.45,1815,0.1,0.5,30,0.095,0.475,3155,0
SPY190712P296,2019-07-11,2019-07-11 09:36:17,0.1,0.5,4121,0.09,0.45,1065,0.1,0.5,30,0.095,0.475,3155,0
SPY190712P296,2019-07-11,2019-07-11 09:36:18,0.1,0.5,3413,0.09,0.45,2554,0.1,0.5,30,0.095,0.475,3155,0
SPY190712P296,2019-07-11,2019-07-11 09:36:19,0.1,0.5,3413,0.09,0.45,2554,0.1,0.5,30,0.095,0.475,3155,0
SPY190712P296,2019-07-11,2019-07-11 09:36:19,0.1,0.5,3413,0.09,0.45,2971,0.1,0.5,30,0.095,0.475,3155,0
SPY190712P296,2019-07-11,2019-07-11 09:36:20,0.1,0.5,4107,0.09,0.45,2971,0.1,0.5,30,0.095,0.475,3155,0
SPY190712P296,2019-07-11,2019-07-11 09:36:21,0.1,0.5,4107,0.09,0.45,2554,0.1,0.5,30,0.095,0.475,3155,0
SPY190712P296,2019-07-11,2019-07-11 09:36:22,0.1,0.5,4107,0.09,0.45,1839,0.1,0.5,30,0.095,0.475,3155,0
SPY190712P296,2019-07-11,2019-07-11 09:36:23,0.1,0.5,4107,0.09,0.45,1839,0.1,0.5,30,0.095,0.475,3155,0
SPY190712P296,2019-07-11,2019-07-11 09:36:24,0.1,0.5,5318,0.09,0.45,1065,0.1,0.5,30,0.095,0.475,3155,0
SPY190712P296,2019-07-11,2019-07-11 09:36:24,0.1,0.5,3905,0.09,0.45,1089,0.1,0.5,30,0.095,0.475,3155,0
SPY190712P296,2019-07-11,2019-07-11 09:36:25,0.1,0.5,5319,0.09,0.45,1065,0.1,0.5,30,0.095,0.475,3155,0
SPY190712P296,2019-07-11,2019-07-11 09:36:25,0.1,0.5,3974,0.09,0.45,1065,0.1,0.5,30,0.095,0.475,3155,0
SPY190712P296,2019-07-11,2019-07-11 09:36:26,0.1,0.5,4031,0.09,0.45,1838,0.1,0.5,30,0.095,0.475,3155,0
SPY190712P296,2019-07-11,2019-07-11 09:36:27,0.1,0.5,4169,0.09,0.45,1815,0.1,0.5,30,0.095,0.475,3155,0
SPY190712P296,2019-07-11,2019-07-11 09:36:28,0.1,0.5,3979,0.09,0.45,1832,0.1,0.5,30,0.095,0.475,3155,0
SPY190712P296,2019-07-11,2019-07-11 09:36:28,0.1,0.5,5318,0.09,0.45,3432,0.1,0.5,30,0.095,0.475,3155,0
SPY190712P296,2019-07-11,2019-07-11 09:36:29,0.1,0.5,5176,0.09,0.45,2737,0.1,0.5,30,0.095,0.475,3155,0
SPY190712P296,2019-07-11,2019-07-11 09:36:30,0.1,0.5,5176,0.09,0.45,3154,0.1,0.5,30,0.095,0.475,3155,0
SPY190712P296,2019-07-11,2019-07-11 09:36:31,0.1,0.5,5176,0.09,0.45,3079,0.1,0.5,30,0.095,0.475,3155,0
SPY190712P296,2019-07-11,2019-07-11 09:36:31,0.1,0.5,5176,0.09,0.45,2662,0.1,0.5,30,0.095,0.475,3155,0
SPY190712P296,2019-07-11,2019-07-11 09:36:32,0.1,0.5,5350,0.09,0.45,900,0.1,0.5,30,0.095,0.475,3155,0
SPY190712P296,2019-07-11,2019-07-11 09:36:32,0.1,0.5,5349,0.09,0.45,924,0.1,0.5,30,0.095,0.475,3155,0
SPY190712P296,2019-07-11,2019-07-11 09:36:33,0.1,0.5,6483,0.09,0.45,900,0.1,0.5,30,0.095,0.475,3155,0
SPY190712P296,2019-07-11,2019-07-11 09:36:34,0.1,0.5,6483,0.09,0.45,168,0.1,0.5,30,0.095,0.475,3155,0
SPY190712P296,2019-07-11,2019-07-11 09:36:34,0.1,0.5,6483,0.09,0.45,900,0.1,0.5,30,0.095,0.475,3155,0
SPY190712P296,2019-07-11,2019-07-11 09:36:35,0.1,0.5,6510,0.09,0.45,121,0.1,0.5,30,0.095,0.475,3155,0
SPY190712P296,2019-07-11,2019-07-11 09:36:35,0.1,0.5,5800,0.09,0.45,121,0.1,0.5,30,0.095,0.475,3155,0
SPY190712P296,2019-07-11,2019-07-11 09:36:36,0.1,0.5,6529,0.09,0.45,121,0.1,0.5,30,0.095,0.475,3155,0
SPY190712P296,2019-07-11,2019-07-11 09:36:37,0.1,0.5,6529,0.09,0.45,121,0.1,0.5,30,0.095,0.475,3155,0
SPY190712P296,2019-07-11,2019-07-11 09:36:38,0.1,0.5,4224,0.09,0.45,924,0.1,0.5,30,0.095,0.475,3155,0
SPY190712P296,2019-07-11,2019-07-11 09:36:38,0.1,0.5,5698,0.09,0.45,121,0.1,0.5,30,0.095,0.475,3155,0
SPY190712P296,2019-07-11,2019-07-11 09:36:39,0.1,0.5,5617,0.09,0.45,924,0.1,0.5,30,0.095,0.475,3155,0
SPY190712P296,2019-07-11,2019-07-11 09:36:40,0.1,0.5,6339,0.09,0.45,924,0.1,0.5,30,0.095,0.475,3155,0
SPY190712P296,2019-07-11,2019-07-11 09:36:40,0.1,0.5,5560,0.09,0.45,924,0.1,0.5,30,0.095,0.475,3155,0
SPY190712P296,2019-07-11,2019-07-11 09:36:41,0.1,0.5,5536,0.09,0.45,121,0.1,0.5,30,0.095,0.475,3155,0
SPY190712P296,2019-07-11,2019-07-11 09:36:42,0.1,0.5,5536,0.09,0.45,121,0.1,0.5,30,0.095,0.475,3155,0
SPY190712P296,2019-07-11,2019-07-11 09:36:42,0.1,0.5,6575,0.09,0.45,121,0.1,0.5,30,0.095,0.475,3155,0
SPY190712P296,2019-07-11,2019-07-11 09:36:43,0.1,0.5,6575,0.09,0.45,121,0.1,0.5,1,0.095,0.475,3156,0
SPY190712P296,2019-07-11,2019-07-11 09:36:43,0.1,0.5,6575,0.09,0.45,121,0.1,0.5,1,0.095,0.475,3156,1
SPY190712P296,2019-07-11,2019-07-11 09:36:44,0.1,0.5,5865,0.09,0.45,121,0.1,0.5,1,0.095,0.475,3156,0
SPY190712P296,2019-07-11,2019-07-11 09:36:45,0.1,0.5,5865,0.09,0.45,121,0.1,0.5,1,0.095,0.475,3156,0
SPY190712P296,2019-07-11,2019-07-11 09:36:45,0.1,0.5,3756,0.09,0.45,263,0.1,0.5,1,0.095,0.475,3156,0
SPY190712P296,2019-07-11,2019-07-11 09:36:46,0.1,0.5,5214,0.09,0.45,142,0.1,0.5,1,0.095,0.475,3156,0
SPY190712P296,2019-07-11,2019-07-11 09:36:47,0.09,0.45,240,0.08,0.4,4636,0.1,0.5,1,0.085,0.425,3156,0
SPY190712P296,2019-07-11,2019-07-11 09:36:47,0.09,0.45,240,0.08,0.4,6788,0.1,0.5,1,0.085,0.425,3156,0
SPY190712P296,2019-07-11,2019-07-11 09:36:48,0.09,0.45,476,0.08,0.4,7657,0.1,0.5,1,0.085,0.425,3156,0
SPY190712P296,2019-07-11,2019-07-11 09:36:48,0.09,0.45,476,0.08,0.4,6520,0.1,0.5,1,0.085,0.425,3156,0
SPY190712P296,2019-07-11,2019-07-11 09:36:49,0.09,0.45,476,0.08,0.4,7656,0.09,0.45,1,0.085,0.425,3157,1
SPY190712P296,2019-07-11,2019-07-11 09:36:49,0.09,0.45,456,0.08,0.4,6140,0.09,0.45,1,0.085,0.425,3157,0
SPY190712P296,2019-07-11,2019-07-11 09:36:50,0.09,0.45,456,0.08,0.4,6221,0.09,0.45,1,0.085,0.425,3157,0
SPY190712P296,2019-07-11,2019-07-11 09:36:51,0.09,0.45,5,0.08,0.4,4143,0.09,0.45,1,0.085,0.425,3157,0
SPY190712P296,2019-07-11,2019-07-11 09:36:51,0.09,0.45,5,0.08,0.4,4099,0.09,0.45,1,0.085,0.425,3157,0
SPY190712P296,2019-07-11,2019-07-11 09:36:52,0.09,0.45,5,0.08,0.4,4099,0.09,0.45,1,0.085,0.425,3157,0
SPY190712P296,2019-07-11,2019-07-11 09:36:52,0.1,0.5,4077,0.09,0.45,451,0.09,0.45,1,0.095,0.475,3157,0
SPY190712P296,2019-07-11,2019-07-11 09:36:53,0.1,0.5,4202,0.09,0.45,336,0.09,0.45,1,0.095,0.475,3157,0
SPY190712P296,2019-07-11,2019-07-11 09:36:54,0.1,0.5,4202,0.09,0.45,1650,0.09,0.45,1,0.095,0.475,3157,0
SPY190712P296,2019-07-11,2019-07-11 09:36:55,0.1,0.5,4203,0.09,0.45,1970,0.09,0.45,1,0.095,0.475,3157,0
SPY190712P296,2019-07-11,2019-07-11 09:36:56,0.1,0.5,5139,0.09,0.45,2862,0.09,0.45,1,0.095,0.475,3157,0
SPY190712P296,2019-07-11,2019-07-11 09:36:56,0.1,0.5,4204,0.09,0.45,1970,0.09,0.45,1,0.095,0.475,3157,0
SPY190712P296,2019-07-11,2019-07-11 09:36:57,0.1,0.5,4204,0.09,0.45,2825,0.09,0.45,1,0.095,0.475,3157,0
SPY190712P296,2019-07-11,2019-07-11 09:36:57,0.1,0.5,4204,0.09,0.45,2849,0.09,0.45,1,0.095,0.475,3157,0
SPY190712P296,2019-07-11,2019-07-11 09:36:58,0.1,0.5,5681,0.09,0.45,4474,0.09,0.45,1,0.095,0.475,3157,0
SPY190712P296,2019-07-11,2019-07-11 09:36:59,0.1,0.5,5714,0.09,0.45,4539,0.09,0.45,1,0.095,0.475,3157,0
SPY190712P296,2019-07-11,2019-07-11 09:37:01,0.1,0.5,5714,0.09,0.45,4574,0.09,0.45,1,0.095,0.475,3158,1
SPY190712P296,2019-07-11,2019-07-11 09:37:02,0.1,0.5,5714,0.09,0.45,4574,0.09,0.45,1,0.095,0.475,3158,0
SPY190712P296,2019-07-11,2019-07-11 09:37:03,0.1,0.5,5714,0.09,0.45,4574,0.09,0.45,1,0.095,0.475,3158,0
SPY190712P296,2019-07-11,2019-07-11 09:37:04,0.1,0.5,5714,0.09,0.45,4574,0.09,0.45,1,0.095,0.475,3158,0
SPY190712P296,2019-07-11,2019-07-11 09:37:05,0.1,0.5,5714,0.09,0.45,4574,0.09,0.45,1,0.095,0.475,3158,0
SPY190712P296,2019-07-11,2019-07-11 09:37:06,0.1,0.5,5499,0.09,0.45,5069,0.09,0.45,1,0.095,0.475,3158,0
SPY190712P296,2019-07-11,2019-07-11 09:37:07,0.1,0.5,5499,0.09,0.45,5069,0.09,0.45,1,0.095,0.475,3158,0
SPY190712P296,2019-07-11,2019-07-11 09:37:07,0.1,0.5,5066,0.09,0.45,5174,0.09,0.45,1,0.095,0.475,3158,0
SPY190712P296,2019-07-11,2019-07-11 09:37:08,0.1,0.5,4438,0.09,0.45,5322,0.09,0.45,1,0.095,0.475,3158,0
SPY190712P296,2019-07-11,2019-07-11 09:37:09,0.1,0.5,4365,0.09,0.45,3932,0.09,0.45,1,0.095,0.475,3158,0
SPY190712P296,2019-07-11,2019-07-11 09:37:09,0.1,0.5,5730,0.09,0.45,5229,0.09,0.45,1,0.095,0.475,3158,0
SPY190712P296,2019-07-11,2019-07-11 09:37:10,0.1,0.5,4365,0.09,0.45,3363,0.09,0.45,1,0.095,0.475,3158,0
SPY190712P296,2019-07-11,2019-07-11 09:37:11,0.1,0.5,4365,0.09,0.45,3363,0.09,0.45,1,0.095,0.475,3158,0
SPY190712P296,2019-07-11,2019-07-11 09:37:12,0.1,0.5,3831,0.09,0.45,3259,0.09,0.45,1,0.095,0.475,3158,0
SPY190712P296,2019-07-11,2019-07-11 09:37:12,0.1,0.5,4365,0.09,0.45,3396,0.09,0.45,1,0.095,0.475,3158,0
SPY190712P296,2019-07-11,2019-07-11 09:37:13,0.1,0.5,5727,0.09,0.45,4577,0.09,0.45,1,0.095,0.475,3158,0
SPY190712P296,2019-07-11,2019-07-11 09:37:13,0.1,0.5,5727,0.09,0.45,4484,0.09,0.45,1,0.095,0.475,3158,0
SPY190712P296,2019-07-11,2019-07-11 09:37:14,0.1,0.5,5727,0.09,0.45,4577,0.09,0.45,1,0.095,0.475,3158,0
SPY190712P296,2019-07-11,2019-07-11 09:37:15,0.1,0.5,3780,0.09,0.45,2918,0.09,0.45,1,0.095,0.475,3158,0
SPY190712P296,2019-07-11,2019-07-11 09:37:15,0.1,0.5,5318,0.09,0.45,3462,0.09,0.45,1,0.095,0.475,3158,0
SPY190712P296,2019-07-11,2019-07-11 09:37:16,0.1,0.5,4420,0.09,0.45,2053,0.09,0.45,1,0.095,0.475,3158,0
SPY190712P296,2019-07-11,2019-07-11 09:37:16,0.1,0.5,5318,0.09,0.45,4288,0.09,0.45,1,0.095,0.475,3158,0
SPY190712P296,2019-07-11,2019-07-11 09:37:17,0.1,0.5,5833,0.09,0.45,3053,0.09,0.45,1,0.095,0.475,3158,0
SPY190712P296,2019-07-11,2019-07-11 09:37:18,0.1,0.5,4236,0.09,0.45,2053,0.09,0.45,1,0.095,0.475,3158,0
SPY190712P296,2019-07-11,2019-07-11 09:37:18,0.1,0.5,5822,0.09,0.45,3574,0.09,0.45,1,0.095,0.475,3158,0
SPY190712P296,2019-07-11,2019-07-11 09:37:19,0.1,0.5,5833,0.09,0.45,2486,0.09,0.45,1,0.095,0.475,3158,0
SPY190712P296,2019-07-11,2019-07-11 09:37:20,0.1,0.5,4585,0.09,0.45,1134,0.09,0.45,1,0.095,0.475,3158,0
SPY190712P296,2019-07-11,2019-07-11 09:37:20,0.1,0.5,6007,0.09,0.45,1890,0.09,0.45,1,0.095,0.475,3158,0
SPY190712P296,2019-07-11,2019-07-11 09:37:21,0.1,0.5,4585,0.09,0.45,1890,0.09,0.45,1,0.095,0.475,3158,0
SPY190712P296,2019-07-11,2019-07-11 09:37:22,0.1,0.5,4585,0.09,0.45,1060,0.09,0.45,1,0.095,0.475,3158,0
SPY190712P296,2019-07-11,2019-07-11 09:37:23,0.1,0.5,5364,0.09,0.45,121,0.09,0.45,1,0.095,0.475,3158,0
SPY190712P296,2019-07-11,2019-07-11 09:37:23,0.1,0.5,5150,0.09,0.45,300,0.09,0.45,1,0.095,0.475,3158,0
SPY190712P296,2019-07-11,2019-07-11 09:37:24,0.1,0.5,5056,0.09,0.45,121,0.09,0.45,1,0.095,0.475,3158,0
SPY190712P296,2019-07-11,2019-07-11 09:37:25,0.1,0.5,5378,0.09,0.45,118,0.09,0.45,3,0.095,0.475,3161,0
SPY190712P296,2019-07-11,2019-07-11 09:37:25,0.1,0.5,5378,0.09,0.45,118,0.09,0.45,3,0.095,0.475,3161,3
SPY190712P296,2019-07-11,2019-07-11 09:37:26,0.09,0.45,1,0.09,0.45,118,0.09,0.45,25,0.09,0.45,3186,25
SPY190712P296,2019-07-11,2019-07-11 09:37:27,0.09,0.45,305,0.08,0.4,8681,0.09,0.45,25,0.085,0.425,3186,0
SPY190712P296,2019-07-11,2019-07-11 09:37:27,0.09,0.45,50,0.08,0.4,7538,0.09,0.45,25,0.085,0.425,3186,0
SPY190712P296,2019-07-11,2019-07-11 09:37:28,0.09,0.45,50,0.08,0.4,8849,0.09,0.45,25,0.085,0.425,3186,0
SPY190712P296,2019-07-11,2019-07-11 09:37:29,0.09,0.45,50,0.08,0.4,7295,0.09,0.45,25,0.085,0.425,3186,0
SPY190712P296,2019-07-11,2019-07-11 09:37:29,0.09,0.45,50,0.08,0.4,8849,0.09,0.45,25,0.085,0.425,3186,0
SPY190712P296,2019-07-11,2019-07-11 09:37:30,0.09,0.45,50,0.08,0.4,8850,0.09,0.45,25,0.085,0.425,3186,0
SPY190712P296,2019-07-11,2019-07-11 09:37:31,0.09,0.45,5,0.08,0.4,8850,0.09,0.45,25,0.085,0.425,3186,0
SPY190712P296,2019-07-11,2019-07-11 09:37:31,0.09,0.45,50,0.08,0.4,8850,0.09,0.45,25,0.085,0.425,3186,0
SPY190712P296,2019-07-11,2019-07-11 09:37:32,0.1,0.5,6239,0.09,0.45,121,0.09,0.45,25,0.095,0.475,3186,0
SPY190712P296,2019-07-11,2019-07-11 09:37:33,0.1,0.5,7226,0.09,0.45,121,0.09,0.45,25,0.095,0.475,3186,0
SPY190712P296,2019-07-11,2019-07-11 09:37:33,0.1,0.5,7226,0.09,0.45,141,0.09,0.45,25,0.095,0.475,3186,0
SPY190712P296,2019-07-11,2019-07-11 09:37:34,0.1,0.5,4330,0.09,0.45,121,0.1,0.5,1,0.095,0.475,3187,0
SPY190712P296,2019-07-11,2019-07-11 09:37:34,0.1,0.5,7226,0.09,0.45,121,0.1,0.5,1,0.095,0.475,3187,1
SPY190712P296,2019-07-11,2019-07-11 09:37:35,0.1,0.5,6823,0.09,0.45,141,0.1,0.5,1,0.095,0.475,3187,0
SPY190712P296,2019-07-11,2019-07-11 09:37:36,0.1,0.5,7154,0.09,0.45,121,0.1,0.5,1,0.095,0.475,3187,0
SPY190712P296,2019-07-11,2019-07-11 09:37:37,0.1,0.5,5686,0.09,0.45,121,0.1,0.5,1,0.095,0.475,3187,0
SPY190712P296,2019-07-11,2019-07-11 09:37:38,0.1,0.5,5686,0.09,0.45,121,0.1,0.5,12,0.095,0.475,3199,12
SPY190712P296,2019-07-11,2019-07-11 09:37:38,0.1,0.5,6373,0.09,0.45,287,0.09,0.45,5,0.095,0.475,3204,5
SPY190712P296,2019-07-11,2019-07-11 09:37:39,0.1,0.5,6373,0.09,0.45,162,0.09,0.45,5,0.095,0.475,3204,0
SPY190712P296,2019-07-11,2019-07-11 09:37:40,0.1,0.5,6373,0.09,0.45,141,0.09,0.45,5,0.095,0.475,3204,0
SPY190712P296,2019-07-11,2019-07-11 09:37:40,0.1,0.5,6634,0.09,0.45,141,0.09,0.45,5,0.095,0.475,3204,0
SPY190712P296,2019-07-11,2019-07-11 09:37:41,0.1,0.5,5386,0.09,0.45,75,0.09,0.45,5,0.095,0.475,3204,0
SPY190712P296,2019-07-11,2019-07-11 09:37:42,0.09,0.45,1548,0.08,0.4,7977,0.09,0.45,5,0.085,0.425,3204,0
SPY190712P296,2019-07-11,2019-07-11 09:37:43,0.09,0.45,1548,0.08,0.4,7286,0.09,0.45,5,0.085,0.425,3204,0
SPY190712P296,2019-07-11,2019-07-11 09:37:43,0.09,0.45,1548,0.08,0.4,7315,0.09,0.45,5,0.085,0.425,3204,0
SPY190712P296,2019-07-11,2019-07-11 09:37:44,0.09,0.45,1522,0.08,0.4,7286,0.09,0.45,5,0.085,0.425,3204,0
SPY190712P296,2019-07-11,2019-07-11 09:37:44,0.09,0.45,1561,0.08,0.4,7286,0.09,0.45,5,0.085,0.425,3204,0
SPY190712P296,2019-07-11,2019-07-11 09:37:45,0.09,0.45,1286,0.08,0.4,6795,0.09,0.45,5,0.085,0.425,3204,0
SPY190712P296,2019-07-11,2019-07-11 09:37:45,0.09,0.45,1286,0.08,0.4,6574,0.09,0.45,5,0.085,0.425,3204,0
SPY190712P296,2019-07-11,2019-07-11 09:37:46,0.09,0.45,1286,0.08,0.4,6828,0.09,0.45,5,0.085,0.425,3204,0
SPY190712P296,2019-07-11,2019-07-11 09:37:47,0.09,0.45,1286,0.08,0.4,6828,0.09,0.45,5,0.085,0.425,3204,0
SPY190712P296,2019-07-11,2019-07-11 09:37:48,0.09,0.45,1286,0.08,0.4,6828,0.09,0.45,5,0.085,0.425,3204,0
SPY190712P296,2019-07-11,2019-07-11 09:37:49,0.09,0.45,1286,0.08,0.4,6665,0.09,0.45,5,0.085,0.425,3204,0
SPY190712P296,2019-07-11,2019-07-11 09:37:50,0.09,0.45,1286,0.08,0.4,5182,0.09,0.45,5,0.085,0.425,3204,0
SPY190712P296,2019-07-11,2019-07-11 09:37:50,0.09,0.45,1286,0.08,0.4,6908,0.09,0.45,5,0.085,0.425,3204,0
SPY190712P296,2019-07-11,2019-07-11 09:37:51,0.09,0.45,1286,0.08,0.4,6827,0.09,0.45,5,0.085,0.425,3204,0
SPY190712P296,2019-07-11,2019-07-11 09:37:52,0.09,0.45,1286,0.08,0.4,6827,0.09,0.45,9,0.085,0.425,3213,9
SPY190712P296,2019-07-11,2019-07-11 09:37:52,0.09,0.45,1134,0.08,0.4,6357,0.09,0.45,9,0.085,0.425,3213,0
SPY190712P296,2019-07-11,2019-07-11 09:37:53,0.09,0.45,1286,0.08,0.4,6483,0.09,0.45,9,0.085,0.425,3213,0
SPY190712P296,2019-07-11,2019-07-11 09:37:53,0.09,0.45,1057,0.08,0.4,6461,0.09,0.45,9,0.085,0.425,3213,0
SPY190712P296,2019-07-11,2019-07-11 09:37:54,0.09,0.45,1590,0.08,0.4,7039,0.09,0.45,9,0.085,0.425,3213,0
SPY190712P296,2019-07-11,2019-07-11 09:37:54,0.09,0.45,1057,0.08,0.4,6048,0.09,0.45,9,0.085,0.425,3213,0
SPY190712P296,2019-07-11,2019-07-11 09:37:55,0.09,0.45,1590,0.08,0.4,6835,0.09,0.45,9,0.085,0.425,3213,0
SPY190712P296,2019-07-11,2019-07-11 09:37:56,0.09,0.45,756,0.08,0.4,4964,0.09,0.45,9,0.085,0.425,3213,0
SPY190712P296,2019-07-11,2019-07-11 09:37:56,0.09,0.45,1134,0.08,0.4,6379,0.09,0.45,9,0.085,0.425,3213,0
SPY190712P296,2019-07-11,2019-07-11 09:37:57,0.09,0.45,756,0.08,0.4,8518,0.08,0.4,3,0.085,0.425,3216,0
SPY190712P296,2019-07-11,2019-07-11 09:37:57,0.09,0.45,756,0.08,0.4,6845,0.08,0.4,3,0.085,0.425,3216,3
SPY190712P296,2019-07-11,2019-07-11 09:37:58,0.09,0.45,756,0.08,0.4,8526,0.08,0.4,3,0.085,0.425,3216,0
SPY190712P296,2019-07-11,2019-07-11 09:37:58,0.09,0.45,756,0.08,0.4,6988,0.08,0.4,3,0.085,0.425,3216,0
SPY190712P296,2019-07-11,2019-07-11 09:37:59,0.09,0.45,756,0.08,0.4,8526,0.08,0.4,3,0.085,0.425,3216,0
SPY190712P296,2019-07-11,2019-07-11 09:38:00,0.09,0.45,756,0.08,0.4,6845,0.08,0.4,3,0.085,0.425,3216,0
SPY190712P296,2019-07-11,2019-07-11 09:38:01,0.09,0.45,877,0.08,0.4,8568,0.08,0.4,3,0.085,0.425,3216,0
SPY190712P296,2019-07-11,2019-07-11 09:38:01,0.09,0.45,756,0.08,0.4,8378,0.08,0.4,3,0.085,0.425,3216,0
SPY190712P296,2019-07-11,2019-07-11 09:38:02,0.09,0.45,577,0.08,0.4,6845,0.08,0.4,3,0.085,0.425,3216,0
SPY190712P296,2019-07-11,2019-07-11 09:38:03,0.09,0.45,577,0.08,0.4,6845,0.08,0.4,3,0.085,0.425,3216,0
SPY190712P296,2019-07-11,2019-07-11 09:38:04,0.09,0.45,584,0.08,0.4,6845,0.08,0.4,3,0.085,0.425,3216,0
SPY190712P296,2019-07-11,2019-07-11 09:38:04,0.09,0.45,597,0.08,0.4,6845,0.08,0.4,3,0.085,0.425,3216,0
SPY190712P296,2019-07-11,2019-07-11 09:38:05,0.09,0.45,577,0.08,0.4,6845,0.08,0.4,3,0.085,0.425,3216,0
SPY190712P296,2019-07-11,2019-07-11 09:38:06,0.09,0.45,577,0.08,0.4,6845,0.08,0.4,3,0.085,0.425,3216,0
SPY190712P296,2019-07-11,2019-07-11 09:38:07,0.09,0.45,1750,0.08,0.4,6845,0.08,0.4,3,0.085,0.425,3216,0
SPY190712P296,2019-07-11,2019-07-11 09:38:08,0.09,0.45,1750,0.08,0.4,7208,0.08,0.4,3,0.085,0.425,3216,0
SPY190712P296,2019-07-11,2019-07-11 09:38:08,0.09,0.45,1980,0.08,0.4,7586,0.08,0.4,3,0.085,0.425,3216,0
SPY190712P296,2019-07-11,2019-07-11 09:38:09,0.09,0.45,3500,0.08,0.4,6762,0.08,0.4,3,0.085,0.425,3216,0
SPY190712P296,2019-07-11,2019-07-11 09:38:09,0.09,0.45,3500,0.08,0.4,7067,0.08,0.4,3,0.085,0.425,3216,0
SPY190712P296,2019-07-11,2019-07-11 09:38:10,0.09,0.45,4788,0.08,0.4,8288,0.08,0.4,3,0.085,0.425,3216,0
SPY190712P296,2019-07-11,2019-07-11 09:38:11,0.09,0.45,3588,0.08,0.4,6762,0.08,0.4,3,0.085,0.425,3216,0
SPY190712P296,2019-07-11,2019-07-11 09:38:12,0.09,0.45,4753,0.08,0.4,6561,0.08,0.4,3,0.085,0.425,3216,0
SPY190712P296,2019-07-11,2019-07-11 09:38:13,0.09,0.45,4749,0.08,0.4,6334,0.08,0.4,3,0.085,0.425,3216,0
SPY190712P296,2019-07-11,2019-07-11 09:38:14,0.09,0.45,4749,0.08,0.4,7629,0.08,0.4,3,0.085,0.425,3216,0
SPY190712P296,2019-07-11,2019-07-11 09:38:14,0.09,0.45,3009,0.08,0.4,4419,0.08,0.4,3,0.085,0.425,3216,0
SPY190712P296,2019-07-11,2019-07-11 09:38:15,0.09,0.45,5195,0.08,0.4,5263,0.08,0.4,3,0.085,0.425,3216,0
SPY190712P296,2019-07-11,2019-07-11 09:38:16,0.09,0.45,4331,0.08,0.4,4367,0.08,0.4,3,0.085,0.425,3216,0
SPY190712P296,2019-07-11,2019-07-11 09:38:16,0.09,0.45,5195,0.08,0.4,6414,0.08,0.4,3,0.085,0.425,3216,0
SPY190712P296,2019-07-11,2019-07-11 09:38:17,0.09,0.45,4331,0.08,0.4,4274,0.08,0.4,3,0.085,0.425,3216,0
SPY190712P296,2019-07-11,2019-07-11 09:38:18,0.09,0.45,3895,0.08,0.4,5150,0.08,0.4,3,0.085,0.425,3216,0
SPY190712P296,2019-07-11,2019-07-11 09:38:18,0.09,0.45,4143,0.08,0.4,5150,0.08,0.4,3,0.085,0.425,3216,0
SPY190712P296,2019-07-11,2019-07-11 09:38:19,0.09,0.45,4554,0.08,0.4,2889,0.08,0.4,3,0.085,0.425,3216,0
SPY190712P296,2019-07-11,2019-07-11 09:38:19,0.09,0.45,4457,0.08,0.4,2889,0.08,0.4,3,0.085,0.425,3216,0
SPY190712P296,2019-07-11,2019-07-11 09:38:20,0.09,0.45,4098,0.08,0.4,2889,0.08,0.4,3,0.085,0.425,3216,0
SPY190712P296,2019-07-11,2019-07-11 09:38:21,0.09,0.45,5481,0.08,0.4,5347,0.08,0.4,3,0.085,0.425,3216,0
SPY190712P296,2019-07-11,2019-07-11 09:38:21,0.09,0.45,5481,0.08,0.4,5660,0.08,0.4,3,0.085,0.425,3216,0
SPY190712P296,2019-07-11,2019-07-11 09:38:22,0.09,0.45,5836,0.08,0.4,6056,0.08,0.4,3,0.085,0.425,3216,0
SPY190712P296,2019-07-11,2019-07-11 09:38:23,0.09,0.45,5524,0.08,0.4,6326,0.08,0.4,3,0.085,0.425,3216,0
SPY190712P296,2019-07-11,2019-07-11 09:38:24,0.09,0.45,5988,0.08,0.4,6970,0.08,0.4,3,0.085,0.425,3216,0
SPY190712P296,2019-07-11,2019-07-11 09:38:24,0.09,0.45,5524,0.08,0.4,6326,0.08,0.4,3,0.085,0.425,3216,0
SPY190712P296,2019-07-11,2019-07-11 09:38:25,0.09,0.45,6500,0.08,0.4,7599,0.08,0.4,3,0.085,0.425,3216,0
SPY190712P296,2019-07-11,2019-07-11 09:38:26,0.09,0.45,4926,0.08,0.4,7611,0.08,0.4,3,0.085,0.425,3216,0
SPY190712P296,2019-07-11,2019-07-11 09:38:26,0.09,0.45,3939,0.08,0.4,6133,0.08,0.4,3,0.085,0.425,3216,0
SPY190712P296,2019-07-11,2019-07-11 09:38:27,0.09,0.45,3939,0.08,0.4,6133,0.08,0.4,3,0.085,0.425,3216,0
SPY190712P296,2019-07-11,2019-07-11 09:38:28,0.09,0.45,3701,0.08,0.4,5692,0.08,0.4,3,0.085,0.425,3216,0
SPY190712P296,2019-07-11,2019-07-11 09:38:28,0.09,0.45,3676,0.08,0.4,5692,0.08,0.4,3,0.085,0.425,3216,0
SPY190712P296,2019-07-11,2019-07-11 09:38:29,0.09,0.45,3701,0.08,0.4,5692,0.08,0.4,3,0.085,0.425,3216,0
SPY190712P296,2019-07-11,2019-07-11 09:38:30,0.09,0.45,3701,0.08,0.4,5692,0.08,0.4,3,0.085,0.425,3216,0
SPY190712P296,2019-07-11,2019-07-11 09:38:31,0.09,0.45,3701,0.08,0.4,5692,0.08,0.4,3,0.085,0.425,3216,0
SPY190712P296,2019-07-11,2019-07-11 09:38:31,0.09,0.45,4667,0.08,0.4,7142,0.08,0.4,3,0.085,0.425,3216,0
SPY190712P296,2019-07-11,2019-07-11 09:38:32,0.09,0.45,3944,0.08,0.4,4322,0.08,0.4,3,0.085,0.425,3216,0
SPY190712P296,2019-07-11,2019-07-11 09:38:32,0.09,0.45,3864,0.08,0.4,4561,0.08,0.4,3,0.085,0.425,3216,0
SPY190712P296,2019-07-11,2019-07-11 09:38:33,0.09,0.45,5336,0.08,0.4,7518,0.08,0.4,3,0.085,0.425,3216,0
SPY190712P296,2019-07-11,2019-07-11 09:38:33,0.09,0.45,4652,0.08,0.4,7211,0.08,0.4,3,0.085,0.425,3216,0
SPY190712P296,2019-07-11,2019-07-11 09:38:34,0.09,0.45,4893,0.08,0.4,7518,0.08,0.4,3,0.085,0.425,3216,0
SPY190712P296,2019-07-11,2019-07-11 09:38:35,0.09,0.45,4893,0.08,0.4,7518,0.08,0.4,3,0.085,0.425,3216,0
SPY190712P296,2019-07-11,2019-07-11 09:38:35,0.09,0.45,5336,0.08,0.4,7518,0.08,0.4,3,0.085,0.425,3216,0
SPY190712P296,2019-07-11,2019-07-11 09:38:36,0.09,0.45,5336,0.08,0.4,7518,0.08,0.4,3,0.085,0.425,3216,0
SPY190712P296,2019-07-11,2019-07-11 09:38:37,0.09,0.45,5336,0.08,0.4,7518,0.08,0.4,3,0.085,0.425,3216,0
SPY190712P296,2019-07-11,2019-07-11 09:38:38,0.09,0.45,5353,0.08,0.4,7401,0.08,0.4,3,0.085,0.425,3216,0
SPY190712P296,2019-07-11,2019-07-11 09:38:38,0.09,0.45,5336,0.08,0.4,7518,0.08,0.4,3,0.085,0.425,3216,0
SPY190712P296,2019-07-11,2019-07-11 09:38:39,0.09,0.45,6001,0.08,0.4,7289,0.08,0.4,3,0.085,0.425,3216,0
SPY190712P296,2019-07-11,2019-07-11 09:38:40,0.09,0.45,6001,0.08,0.4,7050,0.08,0.4,3,0.085,0.425,3216,0
SPY190712P296,2019-07-11,2019-07-11 09:38:40,0.09,0.45,6001,0.08,0.4,7289,0.08,0.4,3,0.085,0.425,3216,0
SPY190712P296,2019-07-11,2019-07-11 09:38:41,0.09,0.45,6001,0.08,0.4,7050,0.08,0.4,3,0.085,0.425,3216,0
SPY190712P296,2019-07-11,2019-07-11 09:38:42,0.09,0.45,4542,0.08,0.4,4431,0.08,0.4,3,0.085,0.425,3216,0
SPY190712P296,2019-07-11,2019-07-11 09:38:43,0.09,0.45,5807,0.08,0.4,5432,0.08,0.4,3,0.085,0.425,3216,0
SPY190712P296,2019-07-11,2019-07-11 09:38:43,0.09,0.45,6009,0.08,0.4,6825,0.08,0.4,3,0.085,0.425,3216,0
SPY190712P296,2019-07-11,2019-07-11 09:38:44,0.09,0.45,4613,0.08,0.4,5393,0.08,0.4,3,0.085,0.425,3216,0
SPY190712P296,2019-07-11,2019-07-11 09:38:45,0.09,0.45,4613,0.08,0.4,5393,0.08,0.4,3,0.085,0.425,3216,0
SPY190712P296,2019-07-11,2019-07-11 09:38:46,0.09,0.45,6009,0.08,0.4,6828,0.08,0.4,3,0.085,0.425,3216,0
SPY190712P296,2019-07-11,2019-07-11 09:38:47,0.09,0.45,6009,0.08,0.4,6828,0.08,0.4,3,0.085,0.425,3216,0
SPY190712P296,2019-07-11,2019-07-11 09:38:48,0.09,0.45,4752,0.08,0.4,4152,0.08,0.4,3,0.085,0.425,3216,0
SPY190712P296,2019-07-11,2019-07-11 09:38:48,0.09,0.45,6009,0.08,0.4,6828,0.08,0.4,3,0.085,0.425,3216,0
SPY190712P296,2019-07-11,2019-07-11 09:38:49,0.09,0.45,4752,0.08,0.4,4152,0.08,0.4,3,0.085,0.425,3216,0
SPY190712P296,2019-07-11,2019-07-11 09:38:50,0.09,0.45,4449,0.08,0.4,3926,0.08,0.4,3,0.085,0.425,3216,0
SPY190712P296,2019-07-11,2019-07-11 09:38:50,0.09,0.45,4188,0.08,0.4,5140,0.08,0.4,3,0.085,0.425,3216,0
SPY190712P296,2019-07-11,2019-07-11 09:38:51,0.09,0.45,4188,0.08,0.4,5140,0.08,0.4,3,0.085,0.425,3216,0
SPY190712P296,2019-07-11,2019-07-11 09:38:51,0.09,0.45,5701,0.08,0.4,6692,0.08,0.4,3,0.085,0.425,3216,0
SPY190712P296,2019-07-11,2019-07-11 09:38:52,0.09,0.45,5701,0.08,0.4,6692,0.08,0.4,3,0.085,0.425,3216,0
SPY190712P296,2019-07-11,2019-07-11 09:38:53,0.09,0.45,5921,0.08,0.4,6791,0.08,0.4,3,0.085,0.425,3216,0
SPY190712P296,2019-07-11,2019-07-11 09:38:53,0.09,0.45,5702,0.08,0.4,6791,0.08,0.4,3,0.085,0.425,3216,0
SPY190712P296,2019-07-11,2019-07-11 09:38:54,0.09,0.45,5691,0.08,0.4,6791,0.08,0.4,3,0.085,0.425,3216,0
SPY190712P296,2019-07-11,2019-07-11 09:38:54,0.09,0.45,5921,0.08,0.4,6791,0.08,0.4,3,0.085,0.425,3216,0
SPY190712P296,2019-07-11,2019-07-11 09:38:55,0.09,0.45,4124,0.08,0.4,5533,0.08,0.4,3,0.085,0.425,3216,0
SPY190712P296,2019-07-11,2019-07-11 09:38:56,0.09,0.45,4933,0.08,0.4,6974,0.09,0.45,2,0.085,0.425,3219,3
SPY190712P296,2019-07-11,2019-07-11 09:38:56,0.09,0.45,4039,0.08,0.4,4142,0.09,0.45,2,0.085,0.425,3219,0
SPY190712P296,2019-07-11,2019-07-11 09:38:57,0.09,0.45,5366,0.08,0.4,5412,0.09,0.45,2,0.085,0.425,3219,0
SPY190712P296,2019-07-11,2019-07-11 09:38:57,0.09,0.45,5378,0.08,0.4,6807,0.09,0.45,2,0.085,0.425,3219,0
SPY190712P296,2019-07-11,2019-07-11 09:38:58,0.09,0.45,4855,0.08,0.4,6807,0.09,0.45,4,0.085,0.425,3223,4
SPY190712P296,2019-07-11,2019-07-11 09:38:58,0.09,0.45,4928,0.08,0.4,6807,0.09,0.45,2,0.085,0.425,3219,0
SPY190712P296,2019-07-11,2019-07-11 09:38:59,0.09,0.45,3674,0.08,0.4,7433,0.09,0.45,4,0.085,0.425,3223,0
SPY190712P296,2019-07-11,2019-07-11 09:39:00,0.09,0.45,3218,0.08,0.4,7433,0.09,0.45,4,0.085,0.425,3223,0
SPY190712P296,2019-07-11,2019-07-11 09:39:00,0.09,0.45,2434,0.08,0.4,7450,0.09,0.45,4,0.085,0.425,3223,0
SPY190712P296,2019-07-11,2019-07-11 09:39:01,0.09,0.45,2120,0.08,0.4,7278,0.09,0.45,4,0.085,0.425,3223,0
SPY190712P296,2019-07-11,2019-07-11 09:39:01,0.09,0.45,1234,0.08,0.4,7864,0.09,0.45,4,0.085,0.425,3223,0
SPY190712P296,2019-07-11,2019-07-11 09:39:02,0.09,0.45,1234,0.08,0.4,7900,0.09,0.45,4,0.085,0.425,3223,0
SPY190712P296,2019-07-11,2019-07-11 09:39:03,0.09,0.45,1234,0.08,0.4,7900,0.09,0.45,4,0.085,0.425,3223,0
SPY190712P296,2019-07-11,2019-07-11 09:39:04,0.09,0.45,1234,0.08,0.4,7920,0.09,0.45,4,0.085,0.425,3223,0
SPY190712P296,2019-07-11,2019-07-11 09:39:04,0.09,0.45,1826,0.08,0.4,5971,0.09,0.45,4,0.085,0.425,3223,0
SPY190712P296,2019-07-11,2019-07-11 09:39:05,0.09,0.45,3552,0.08,0.4,8039,0.09,0.45,4,0.085,0.425,3223,0
SPY190712P296,2019-07-11,2019-07-11 09:39:06,0.09,0.45,4557,0.08,0.4,7500,0.09,0.45,4,0.085,0.425,3223,0
SPY190712P296,2019-07-11,2019-07-11 09:39:06,0.09,0.45,3411,0.08,0.4,6370,0.09,0.45,4,0.085,0.425,3223,0
SPY190712P296,2019-07-11,2019-07-11 09:39:07,0.09,0.45,2845,0.08,0.4,4904,0.09,0.45,4,0.085,0.425,3223,0
SPY190712P296,2019-07-11,2019-07-11 09:39:07,0.09,0.45,2541,0.08,0.4,6179,0.09,0.45,4,0.085,0.425,3223,0
SPY190712P296,2019-07-11,2019-07-11 09:39:08,0.09,0.45,2845,0.08,0.4,5661,0.09,0.45,4,0.085,0.425,3223,0
SPY190712P296,2019-07-11,2019-07-11 09:39:09,0.09,0.45,2845,0.08,0.4,6019,0.09,0.45,4,0.085,0.425,3223,0
SPY190712P296,2019-07-11,2019-07-11 09:39:09,0.09,0.45,2845,0.08,0.4,5784,0.09,0.45,4,0.085,0.425,3223,0
SPY190712P296,2019-07-11,2019-07-11 09:39:10,0.09,0.45,1381,0.08,0.4,6300,0.09,0.45,4,0.085,0.425,3223,0
SPY190712P296,2019-07-11,2019-07-11 09:39:10,0.09,0.45,585,0.08,0.4,6300,0.09,0.45,4,0.085,0.425,3223,0
SPY190712P296,2019-07-11,2019-07-11 09:39:11,0.09,0.45,2487,0.08,0.4,6266,0.09,0.45,4,0.085,0.425,3223,0
SPY190712P296,2019-07-11,2019-07-11 09:39:12,0.09,0.45,4845,0.08,0.4,7898,0.09,0.45,4,0.085,0.425,3223,0
SPY190712P296,2019-07-11,2019-07-11 09:39:12,0.09,0.45,1370,0.08,0.4,6276,0.09,0.45,4,0.085,0.425,3223,0
SPY190712P296,2019-07-11,2019-07-11 09:39:13,0.09,0.45,4102,0.08,0.4,8240,0.09,0.45,4,0.085,0.425,3223,0
SPY190712P296,2019-07-11,2019-07-11 09:39:14,0.09,0.45,2910,0.08,0.4,6751,0.09,0.45,4,0.085,0.425,3223,0
SPY190712P296,2019-07-11,2019-07-11 09:39:15,0.09,0.45,4094,0.08,0.4,8240,0.09,0.45,4,0.085,0.425,3223,0
SPY190712P296,2019-07-11,2019-07-11 09:39:15,0.09,0.45,2910,0.08,0.4,6751,0.09,0.45,4,0.085,0.425,3223,0
SPY190712P296,2019-07-11,2019-07-11 09:39:16,0.09,0.45,4434,0.08,0.4,6751,0.09,0.45,4,0.085,0.425,3223,0
SPY190712P296,2019-07-11,2019-07-11 09:39:17,0.09,0.45,5213,0.08,0.4,8253,0.09,0.45,4,0.085,0.425,3223,0
SPY190712P296,2019-07-11,2019-07-11 09:39:17,0.09,0.45,5261,0.08,0.4,8266,0.09,0.45,4,0.085,0.425,3223,0
SPY190712P296,2019-07-11,2019-07-11 09:39:18,0.09,0.45,5213,0.08,0.4,8253,0.09,0.45,4,0.085,0.425,3223,0
SPY190712P296,2019-07-11,2019-07-11 09:39:19,0.09,0.45,5213,0.08,0.4,8253,0.09,0.45,4,0.085,0.425,3223,0
SPY190712P296,2019-07-11,2019-07-11 09:39:19,0.09,0.45,5262,0.08,0.4,8272,0.09,0.45,4,0.085,0.425,3223,0
SPY190712P296,2019-07-11,2019-07-11 09:39:20,0.09,0.45,3260,0.08,0.4,5437,0.09,0.45,4,0.085,0.425,3223,0
SPY190712P296,2019-07-11,2019-07-11 09:39:20,0.09,0.45,4673,0.08,0.4,7795,0.09,0.45,4,0.085,0.425,3223,0
SPY190712P296,2019-07-11,2019-07-11 09:39:21,0.09,0.45,4673,0.08,0.4,7795,0.09,0.45,4,0.085,0.425,3223,0
SPY190712P296,2019-07-11,2019-07-11 09:39:22,0.09,0.45,4731,0.08,0.4,7858,0.09,0.45,4,0.085,0.425,3223,0
SPY190712P296,2019-07-11,2019-07-11 09:39:23,0.09,0.45,4731,0.08,0.4,7858,0.09,0.45,4,0.085,0.425,3223,0
SPY190712P296,2019-07-11,2019-07-11 09:39:23,0.09,0.45,3830,0.08,0.4,7858,0.09,0.45,4,0.085,0.425,3223,0
SPY190712P296,2019-07-11,2019-07-11 09:39:24,0.09,0.45,3830,0.08,0.4,6045,0.09,0.45,4,0.085,0.425,3223,0
SPY190712P296,2019-07-11,2019-07-11 09:39:24,0.09,0.45,4730,0.08,0.4,7523,0.09,0.45,4,0.085,0.425,3223,0
SPY190712P296,2019-07-11,2019-07-11 09:39:25,0.09,0.45,4730,0.08,0.4,7523,0.09,0.45,4,0.085,0.425,3223,0
SPY190712P296,2019-07-11,2019-07-11 09:39:26,0.09,0.45,4730,0.08,0.4,7523,0.09,0.45,4,0.085,0.425,3223,0
SPY190712P296,2019-07-11,2019-07-11 09:39:27,0.09,0.45,3700,0.08,0.4,6045,0.09,0.45,4,0.085,0.425,3223,0
SPY190712P296,2019-07-11,2019-07-11 09:39:27,0.09,0.45,4724,0.08,0.4,7524,0.09,0.45,4,0.085,0.425,3223,0
SPY190712P296,2019-07-11,2019-07-11 09:39:28,0.09,0.45,3700,0.08,0.4,6326,0.09,0.45,4,0.085,0.425,3223,0
SPY190712P296,2019-07-11,2019-07-11 09:39:29,0.09,0.45,4724,0.08,0.4,7816,0.09,0.45,4,0.085,0.425,3223,0
SPY190712P296,2019-07-11,2019-07-11 09:39:29,0.09,0.45,3700,0.08,0.4,6326,0.09,0.45,4,0.085,0.425,3223,0
SPY190712P296,2019-07-11,2019-07-11 09:39:30,0.09,0.45,4724,0.08,0.4,7816,0.09,0.45,4,0.085,0.425,3223,0
SPY190712P296,2019-07-11,2019-07-11 09:39:31,0.09,0.45,4730,0.08,0.4,7816,0.09,0.45,4,0.085,0.425,3223,0
SPY190712P296,2019-07-11,2019-07-11 09:39:31,0.09,0.45,4731,0.08,0.4,7816,0.09,0.45,4,0.085,0.425,3223,0
SPY190712P296,2019-07-11,2019-07-11 09:39:32,0.09,0.45,3668,0.08,0.4,6326,0.09,0.45,4,0.085,0.425,3223,0
SPY190712P296,2019-07-11,2019-07-11 09:39:33,0.09,0.45,3436,0.08,0.4,6045,0.09,0.45,4,0.085,0.425,3223,0
SPY190712P296,2019-07-11,2019-07-11 09:39:34,0.09,0.45,3436,0.08,0.4,6045,0.09,0.45,4,0.085,0.425,3223,0
SPY190712P296,2019-07-11,2019-07-11 09:39:34,0.09,0.45,4673,0.08,0.4,7505,0.09,0.45,4,0.085,0.425,3223,0
SPY190712P296,2019-07-11,2019-07-11 09:39:35,0.09,0.45,3734,0.08,0.4,6045,0.09,0.45,4,0.085,0.425,3223,0
SPY190712P296,2019-07-11,2019-07-11 09:39:36,0.09,0.45,3734,0.08,0.4,6045,0.09,0.45,4,0.085,0.425,3223,0
SPY190712P296,2019-07-11,2019-07-11 09:39:37,0.09,0.45,3734,0.08,0.4,6308,0.09,0.45,4,0.085,0.425,3223,0
SPY190712P296,2019-07-11,2019-07-11 09:39:38,0.09,0.45,3734,0.08,0.4,6045,0.09,0.45,4,0.085,0.425,3223,0
SPY190712P296,2019-07-11,2019-07-11 09:39:39,0.09,0.45,3750,0.08,0.4,6045,0.09,0.45,4,0.085,0.425,3223,0
SPY190712P296,2019-07-11,2019-07-11 09:39:39,0.09,0.45,4729,0.08,0.4,7523,0.09,0.45,4,0.085,0.425,3223,0
SPY190712P296,2019-07-11,2019-07-11 09:39:40,0.09,0.45,4729,0.08,0.4,7523,0.09,0.45,4,0.085,0.425,3223,0
SPY190712P296,2019-07-11,2019-07-11 09:39:40,0.09,0.45,4912,0.08,0.4,5995,0.09,0.45,4,0.085,0.425,3223,0
SPY190712P296,2019-07-11,2019-07-11 09:39:41,0.09,0.45,4912,0.08,0.4,5995,0.09,0.45,4,0.085,0.425,3223,0
SPY190712P296,2019-07-11,2019-07-11 09:39:42,0.09,0.45,4931,0.08,0.4,5996,0.09,0.45,4,0.085,0.425,3223,0
SPY190712P296,2019-07-11,2019-07-11 09:39:42,0.09,0.45,4912,0.08,0.4,5995,0.09,0.45,4,0.085,0.425,3223,0
SPY190712P296,2019-07-11,2019-07-11 09:39:43,0.09,0.45,4339,0.08,0.4,3903,0.09,0.45,4,0.085,0.425,3223,0
SPY190712P296,2019-07-11,2019-07-11 09:39:44,0.09,0.45,4278,0.08,0.4,4778,0.09,0.45,4,0.085,0.425,3223,0
SPY190712P296,2019-07-11,2019-07-11 09:39:44,0.09,0.45,4278,0.08,0.4,4609,0.09,0.45,4,0.085,0.425,3223,0
SPY190712P296,2019-07-11,2019-07-11 09:39:45,0.09,0.45,4188,0.08,0.4,4778,0.09,0.45,4,0.085,0.425,3223,0
SPY190712P296,2019-07-11,2019-07-11 09:39:45,0.09,0.45,4188,0.08,0.4,4528,0.09,0.45,22,0.085,0.425,3245,22
SPY190712P296,2019-07-11,2019-07-11 09:39:46,0.09,0.45,4188,0.08,0.4,4528,0.09,0.45,22,0.085,0.425,3245,0
SPY190712P296,2019-07-11,2019-07-11 09:39:47,0.09,0.45,4261,0.08,0.4,4671,0.09,0.45,22,0.085,0.425,3245,0
SPY190712P296,2019-07-11,2019-07-11 09:39:47,0.09,0.45,4261,0.08,0.4,4528,0.09,0.45,22,0.085,0.425,3245,0
SPY190712P296,2019-07-11,2019-07-11 09:39:48,0.09,0.45,5233,0.08,0.4,6069,0.09,0.45,22,0.085,0.425,3245,0
SPY190712P296,2019-07-11,2019-07-11 09:39:49,0.09,0.45,5233,0.08,0.4,6069,0.09,0.45,22,0.085,0.425,3245,0
SPY190712P296,2019-07-11,2019-07-11 09:39:50,0.09,0.45,5233,0.08,0.4,6069,0.09,0.45,22,0.085,0.425,3245,0
SPY190712P296,2019-07-11,2019-07-11 09:39:50,0.09,0.45,4357,0.08,0.4,5677,0.09,0.45,22,0.085,0.425,3245,0
SPY190712P296,2019-07-11,2019-07-11 09:39:51,0.09,0.45,4340,0.08,0.4,5650,0.09,0.45,22,0.085,0.425,3245,0
SPY190712P296,2019-07-11,2019-07-11 09:39:51,0.09,0.45,4759,0.08,0.4,5650,0.09,0.45,22,0.085,0.425,3245,0
SPY190712P296,2019-07-11,2019-07-11 09:39:52,0.09,0.45,4340,0.08,0.4,3533,0.09,0.45,22,0.085,0.425,3245,0
SPY190712P296,2019-07-11,2019-07-11 09:39:53,0.09,0.45,4349,0.08,0.4,3634,0.09,0.45,22,0.085,0.425,3245,0
SPY190712P296,2019-07-11,2019-07-11 09:39:53,0.09,0.45,4806,0.08,0.4,4920,0.09,0.45,22,0.085,0.425,3245,0
SPY190712P296,2019-07-11,2019-07-11 09:39:54,0.09,0.45,4806,0.08,0.4,4110,0.09,0.45,22,0.085,0.425,3245,0
SPY190712P296,2019-07-11,2019-07-11 09:39:54,0.09,0.45,4806,0.08,0.4,4985,0.09,0.45,22,0.085,0.425,3245,0
SPY190712P296,2019-07-11,2019-07-11 09:39:55,0.09,0.45,4783,0.08,0.4,4597,0.09,0.45,22,0.085,0.425,3245,0
SPY190712P296,2019-07-11,2019-07-11 09:39:55,0.09,0.45,4806,0.08,0.4,4495,0.09,0.45,22,0.085,0.425,3245,0
SPY190712P296,2019-07-11,2019-07-11 09:39:56,0.09,0.45,4480,0.08,0.4,4411,0.09,0.45,22,0.085,0.425,3245,0
SPY190712P296,2019-07-11,2019-07-11 09:39:57,0.09,0.45,4480,0.08,0.4,4411,0.09,0.45,22,0.085,0.425,3245,0
SPY190712P296,2019-07-11,2019-07-11 09:39:57,0.09,0.45,4784,0.08,0.4,3905,0.09,0.45,22,0.085,0.425,3245,0
SPY190712P296,2019-07-11,2019-07-11 09:39:58,0.09,0.45,4480,0.08,0.4,3179,0.09,0.45,22,0.085,0.425,3245,0
SPY190712P296,2019-07-11,2019-07-11 09:39:58,0.09,0.45,5341,0.08,0.4,4737,0.09,0.45,22,0.085,0.425,3245,0
SPY190712P296,2019-07-11,2019-07-11 09:39:59,0.09,0.45,4414,0.08,0.4,3442,0.09,0.45,22,0.085,0.425,3245,0
SPY190712P296,2019-07-11,2019-07-11 09:40:00,0.09,0.45,4414,0.08,0.4,3442,0.09,0.45,22,0.085,0.425,3245,0
SPY190712P296,2019-07-11,2019-07-11 09:40:00,0.09,0.45,4414,0.08,0.4,2986,0.09,0.45,22,0.085,0.425,3245,0
SPY190712P296,2019-07-11,2019-07-11 09:40:01,0.09,0.45,5230,0.08,0.4,3442,0.09,0.45,22,0.085,0.425,3245,0
SPY190712P296,2019-07-11,2019-07-11 09:40:01,0.09,0.45,4161,0.08,0.4,2927,0.09,0.45,22,0.085,0.425,3245,0
SPY190712P296,2019-07-11,2019-07-11 09:40:02,0.09,0.45,5871,0.08,0.4,4668,0.09,0.45,22,0.085,0.425,3245,0
SPY190712P296,2019-07-11,2019-07-11 09:40:03,0.09,0.45,4604,0.08,0.4,3242,0.09,0.45,22,0.085,0.425,3245,0
SPY190712P296,2019-07-11,2019-07-11 09:40:03,0.09,0.45,6004,0.08,0.4,4525,0.09,0.45,22,0.085,0.425,3245,0
SPY190712P296,2019-07-11,2019-07-11 09:40:04,0.09,0.45,4148,0.08,0.4,2786,0.09,0.45,22,0.085,0.425,3245,0
SPY190712P296,2019-07-11,2019-07-11 09:40:05,0.09,0.45,4798,0.08,0.4,3219,0.09,0.45,22,0.085,0.425,3245,0
SPY190712P296,2019-07-11,2019-07-11 09:40:05,0.09,0.45,4604,0.08,0.4,3365,0.09,0.45,22,0.085,0.425,3245,0
SPY190712P296,2019-07-11,2019-07-11 09:40:06,0.09,0.45,4982,0.08,0.4,3219,0.09,0.45,22,0.085,0.425,3245,0
SPY190712P296,2019-07-11,2019-07-11 09:40:07,0.09,0.45,4798,0.08,0.4,3180,0.09,0.45,22,0.085,0.425,3245,0
SPY190712P296,2019-07-11,2019-07-11 09:40:07,0.09,0.45,6223,0.08,0.4,4420,0.09,0.45,22,0.085,0.425,3245,0
SPY190712P296,2019-07-11,2019-07-11 09:40:08,0.09,0.45,6223,0.08,0.4,4420,0.09,0.45,22,0.085,0.425,3245,0
SPY190712P296,2019-07-11,2019-07-11 09:40:08,0.09,0.45,3867,0.08,0.4,2680,0.09,0.45,22,0.085,0.425,3245,0
SPY190712P296,2019-07-11,2019-07-11 09:40:09,0.09,0.45,5659,0.08,0.4,7073,0.09,0.45,22,0.085,0.425,3245,0
SPY190712P296,2019-07-11,2019-07-11 09:40:09,0.09,0.45,5659,0.08,0.4,6500,0.09,0.45,22,0.085,0.425,3245,0
SPY190712P296,2019-07-11,2019-07-11 09:40:10,0.09,0.45,5659,0.08,0.4,7183,0.09,0.45,22,0.085,0.425,3245,0
SPY190712P296,2019-07-11,2019-07-11 09:40:11,0.09,0.45,5659,0.08,0.4,7183,0.09,0.45,22,0.085,0.425,3245,0
SPY190712P296,2019-07-11,2019-07-11 09:40:12,0.09,0.45,3767,0.08,0.4,6065,0.09,0.45,22,0.085,0.425,3245,0
SPY190712P296,2019-07-11,2019-07-11 09:40:12,0.09,0.45,2105,0.08,0.4,6213,0.09,0.45,22,0.085,0.425,3245,0
SPY190712P296,2019-07-11,2019-07-11 09:40:13,0.09,0.45,2105,0.08,0.4,6010,0.09,0.45,22,0.085,0.425,3245,0
SPY190712P296,2019-07-11,2019-07-11 09:40:14,0.09,0.45,2497,0.08,0.4,6295,0.09,0.45,22,0.085,0.425,3245,0
SPY190712P296,2019-07-11,2019-07-11 09:40:14,0.09,0.45,2497,0.08,0.4,6381,0.09,0.45,22,0.085,0.425,3245,0
SPY190712P296,2019-07-11,2019-07-11 09:40:15,0.09,0.45,1864,0.08,0.4,7297,0.09,0.45,22,0.085,0.425,3245,0
SPY190712P296,2019-07-11,2019-07-11 09:40:15,0.09,0.45,2953,0.08,0.4,6381,0.09,0.45,22,0.085,0.425,3245,0
SPY190712P296,2019-07-11,2019-07-11 09:40:16,0.09,0.45,178,0.08,0.4,5964,0.09,0.45,22,0.085,0.425,3245,0
SPY190712P296,2019-07-11,2019-07-11 09:40:17,0.09,0.45,6,0.08,0.4,7139,0.09,0.45,22,0.085,0.425,3245,0
SPY190712P296,2019-07-11,2019-07-11 09:40:17,0.09,0.45,6,0.08,0.4,7605,0.09,0.45,22,0.085,0.425,3245,0
SPY190712P296,2019-07-11,2019-07-11 09:40:18,0.09,0.45,1108,0.08,0.4,6837,0.09,0.45,22,0.085,0.425,3245,0
SPY190712P296,2019-07-11,2019-07-11 09:40:18,0.09,0.45,1108,0.08,0.4,7190,0.09,0.45,22,0.085,0.425,3245,0
SPY190712P296,2019-07-11,2019-07-11 09:40:19,0.09,0.45,1108,0.08,0.4,7821,0.09,0.45,22,0.085,0.425,3245,0
SPY190712P296,2019-07-11,2019-07-11 09:40:19,0.09,0.45,1108,0.08,0.4,7672,0.09,0.45,22,0.085,0.425,3245,0
SPY190712P296,2019-07-11,2019-07-11 09:40:20,0.09,0.45,1108,0.08,0.4,7822,0.09,0.45,22,0.085,0.425,3245,0
SPY190712P296,2019-07-11,2019-07-11 09:40:21,0.09,0.45,1956,0.08,0.4,6349,0.09,0.45,22,0.085,0.425,3245,0
SPY190712P296,2019-07-11,2019-07-11 09:40:21,0.09,0.45,1108,0.08,0.4,7968,0.09,0.45,22,0.085,0.425,3245,0
SPY190712P296,2019-07-11,2019-07-11 09:40:22,0.09,0.45,1956,0.08,0.4,7245,0.09,0.45,22,0.085,0.425,3245,0
SPY190712P296,2019-07-11,2019-07-11 09:40:23,0.09,0.45,1093,0.08,0.4,6349,0.09,0.45,22,0.085,0.425,3245,0
SPY190712P296,2019-07-11,2019-07-11 09:40:23,0.09,0.45,1956,0.08,0.4,7429,0.09,0.45,22,0.085,0.425,3245,0
SPY190712P296,2019-07-11,2019-07-11 09:40:24,0.09,0.45,1093,0.08,0.4,7082,0.09,0.45,4,0.085,0.425,3250,5
SPY190712P296,2019-07-11,2019-07-11 09:40:24,0.09,0.45,1093,0.08,0.4,7082,0.09,0.45,4,0.085,0.425,3250,0
SPY190712P296,2019-07-11,2019-07-11 09:40:25,0.09,0.45,900,0.08,0.4,6349,0.09,0.45,4,0.085,0.425,3250,0
SPY190712P296,2019-07-11,2019-07-11 09:40:25,0.09,0.45,1093,0.08,0.4,7254,0.09,0.45,4,0.085,0.425,3250,0
SPY190712P296,2019-07-11,2019-07-11 09:40:26,0.09,0.45,900,0.08,0.4,7054,0.08,0.4,8,0.085,0.425,3258,8
SPY190712P296,2019-07-11,2019-07-11 09:40:27,0.09,0.45,900,0.08,0.4,7814,0.08,0.4,8,0.085,0.425,3258,0
SPY190712P296,2019-07-11,2019-07-11 09:40:27,0.09,0.45,2114,0.08,0.4,7814,0.08,0.4,8,0.085,0.425,3258,0
SPY190712P296,2019-07-11,2019-07-11 09:40:28,0.09,0.45,604,0.08,0.4,7664,0.08,0.4,8,0.085,0.425,3258,0
SPY190712P296,2019-07-11,2019-07-11 09:40:28,0.09,0.45,152,0.08,0.4,7389,0.09,0.45,3,0.085,0.425,3273,15
SPY190712P296,2019-07-11,2019-07-11 09:40:29,0.09,0.45,152,0.08,0.4,7389,0.09,0.45,3,0.085,0.425,3273,0
SPY190712P296,2019-07-11,2019-07-11 09:40:29,0.09,0.45,96,0.08,0.4,8107,0.09,0.45,3,0.085,0.425,3273,0
SPY190712P296,2019-07-11,2019-07-11 09:40:30,0.09,0.45,2,0.08,0.4,7616,0.09,0.45,3,0.085,0.425,3273,0
SPY190712P296,2019-07-11,2019-07-11 09:40:31,0.09,0.45,2,0.08,0.4,7425,0.09,0.45,3,0.085,0.425,3273,0
SPY190712P296,2019-07-11,2019-07-11 09:40:31,0.09,0.45,146,0.08,0.4,6284,0.09,0.45,3,0.085,0.425,3273,0
SPY190712P296,2019-07-11,2019-07-11 09:40:32,0.09,0.45,387,0.08,0.4,8746,0.09,0.45,3,0.085,0.425,3273,0
SPY190712P296,2019-07-11,2019-07-11 09:40:32,0.09,0.45,387,0.08,0.4,8714,0.09,0.45,3,0.085,0.425,3273,0
SPY190712P296,2019-07-11,2019-07-11 09:40:33,0.09,0.45,553,0.08,0.4,7280,0.09,0.45,3,0.085,0.425,3273,0
SPY190712P296,2019-07-11,2019-07-11 09:40:34,0.09,0.45,2,0.08,0.4,7163,0.09,0.45,3,0.085,0.425,3273,0
SPY190712P296,2019-07-11,2019-07-11 09:40:35,0.09,0.45,2,0.08,0.4,7253,0.09,0.45,3,0.085,0.425,3273,0
SPY190712P296,2019-07-11,2019-07-11 09:40:35,0.09,0.45,2,0.08,0.4,7215,0.09,0.45,3,0.085,0.425,3273,0
SPY190712P296,2019-07-11,2019-07-11 09:40:36,0.09,0.45,2,0.08,0.4,7215,0.09,0.45,3,0.085,0.425,3273,0
SPY190712P296,2019-07-11,2019-07-11 09:40:37,0.09,0.45,2,0.08,0.4,7375,0.09,0.45,3,0.085,0.425,3273,0
SPY190712P296,2019-07-11,2019-07-11 09:40:38,0.09,0.45,2,0.08,0.4,7375,0.09,0.45,3,0.085,0.425,3273,0
SPY190712P296,2019-07-11,2019-07-11 09:40:38,0.09,0.45,2,0.08,0.4,7215,0.09,0.45,3,0.085,0.425,3273,0
SPY190712P296,2019-07-11,2019-07-11 09:40:39,0.09,0.45,2,0.08,0.4,7502,0.09,0.45,3,0.085,0.425,3273,0
SPY190712P296,2019-07-11,2019-07-11 09:40:40,0.1,0.5,3927,0.09,0.45,240,0.09,0.45,2,0.095,0.475,3275,2
SPY190712P296,2019-07-11,2019-07-11 09:40:40,0.1,0.5,4639,0.09,0.45,400,0.09,0.45,2,0.095,0.475,3275,0
SPY190712P296,2019-07-11,2019-07-11 09:40:41,0.1,0.5,5095,0.09,0.45,1383,0.09,0.45,2,0.095,0.475,3275,0
SPY190712P296,2019-07-11,2019-07-11 09:40:42,0.1,0.5,5499,0.09,0.45,1383,0.09,0.45,2,0.095,0.475,3275,0
SPY190712P296,2019-07-11,2019-07-11 09:40:43,0.1,0.5,5499,0.09,0.45,1383,0.09,0.45,2,0.095,0.475,3275,0
SPY190712P296,2019-07-11,2019-07-11 09:40:43,0.1,0.5,5095,0.09,0.45,1383,0.09,0.45,2,0.095,0.475,3275,0
SPY190712P296,2019-07-11,2019-07-11 09:40:44,0.1,0.5,5422,0.09,0.45,1383,0.09,0.45,2,0.095,0.475,3275,0
SPY190712P296,2019-07-11,2019-07-11 09:40:44,0.1,0.5,5095,0.09,0.45,1383,0.09,0.45,2,0.095,0.475,3275,0
SPY190712P296,2019-07-11,2019-07-11 09:40:45,0.1,0.5,6557,0.09,0.45,1839,0.09,0.45,2,0.095,0.475,3275,0
SPY190712P296,2019-07-11,2019-07-11 09:40:46,0.1,0.5,4353,0.09,0.45,2116,0.09,0.45,2,0.095,0.475,3275,0
SPY190712P296,2019-07-11,2019-07-11 09:40:47,0.1,0.5,4239,0.09,0.45,3707,0.09,0.45,2,0.095,0.475,3275,0
