symbol,Date,quote_time,ask_price,norm_ask_price,ask_size,bid_price,norm_bid_price,bid_size,last_trade_price,norm_last_trade_price,last_trade_size,mark_price,norm_mark_price,volume,Volume
SPY190812C290,2019-08-09,2019-08-09 09:30:00,3.45,0.9773,5,3.02,0.8555,1200,3.02,0.8555,1,3.235,0.9164,3,3
SPY190812C290,2019-08-09,2019-08-09 09:30:00,3.53,1.0,710,3.24,0.9178,410,4.26,1.2067,1,3.385,0.9589,0,0
SPY190812C290,2019-08-09,2019-08-09 09:30:01,3.52,0.9971,358,3.26,0.9235,448,3.02,0.8555,1,3.39,0.9603,3,0
SPY190812C290,2019-08-09,2019-08-09 09:30:01,3.48,0.9858,100,3.3,0.9348,5,3.02,0.8555,1,3.39,0.9603,3,0
SPY190812C290,2019-08-09,2019-08-09 09:30:02,3.45,0.9773,100,3.3,0.9348,5,3.02,0.8555,1,3.375,0.956,3,0
SPY190812C290,2019-08-09,2019-08-09 09:30:03,3.45,0.9773,100,3.3,0.9348,5,3.02,0.8555,1,3.375,0.956,3,0
SPY190812C290,2019-08-09,2019-08-09 09:30:03,3.51,0.9943,410,3.3,0.9348,5,3.02,0.8555,1,3.405,0.9645,3,0
SPY190812C290,2019-08-09,2019-08-09 09:30:04,3.51,0.9943,10,3.3,0.9348,5,3.02,0.8555,1,3.405,0.9645,3,0
SPY190812C290,2019-08-09,2019-08-09 09:30:05,3.78,1.0708,310,3.3,0.9348,5,3.02,0.8555,1,3.54,1.0028,3,0
SPY190812C290,2019-08-09,2019-08-09 09:30:05,3.44,0.9745,10,3.35,0.949,10,3.37,0.9546,1,3.395,0.9617,4,1
SPY190812C290,2019-08-09,2019-08-09 09:30:06,3.43,0.9716,10,3.35,0.949,10,3.37,0.9546,1,3.39,0.9603,4,0
SPY190812C290,2019-08-09,2019-08-09 09:30:07,3.43,0.9716,10,3.35,0.949,10,3.37,0.9546,1,3.39,0.9603,4,0
SPY190812C290,2019-08-09,2019-08-09 09:30:07,3.43,0.9716,10,3.35,0.949,10,3.37,0.9546,6,3.39,0.9603,10,6
SPY190812C290,2019-08-09,2019-08-09 09:30:08,3.43,0.9716,10,3.35,0.949,10,3.37,0.9546,6,3.39,0.9603,10,0
SPY190812C290,2019-08-09,2019-08-09 09:30:09,3.44,0.9745,10,3.35,0.949,10,3.37,0.9546,6,3.395,0.9617,10,0
SPY190812C290,2019-08-09,2019-08-09 09:30:09,3.46,0.9801,10,3.35,0.949,10,3.37,0.9546,6,3.405,0.9645,10,0
SPY190812C290,2019-08-09,2019-08-09 09:30:10,3.46,0.9801,10,3.35,0.949,10,3.37,0.9546,6,3.405,0.9645,10,0
SPY190812C290,2019-08-09,2019-08-09 09:30:11,3.46,0.9801,10,3.35,0.949,10,3.37,0.9546,6,3.405,0.9645,10,0
SPY190812C290,2019-08-09,2019-08-09 09:30:11,3.46,0.9801,310,3.36,0.9518,100,3.37,0.9546,6,3.41,0.966,10,0
SPY190812C290,2019-08-09,2019-08-09 09:30:12,3.46,0.9801,10,3.35,0.949,10,3.37,0.9546,6,3.405,0.9645,10,0
SPY190812C290,2019-08-09,2019-08-09 09:30:13,3.46,0.9801,10,3.35,0.949,10,3.37,0.9546,6,3.405,0.9645,10,0
SPY190812C290,2019-08-09,2019-08-09 09:30:14,3.44,0.9745,10,3.37,0.9546,10,3.37,0.9546,6,3.405,0.9645,10,0
SPY190812C290,2019-08-09,2019-08-09 09:30:15,3.44,0.9745,10,3.37,0.9546,10,3.37,0.9546,6,3.405,0.9645,10,0
SPY190812C290,2019-08-09,2019-08-09 09:30:16,3.44,0.9745,446,3.37,0.9546,10,3.37,0.9546,6,3.405,0.9645,10,0
SPY190812C290,2019-08-09,2019-08-09 09:30:16,3.44,0.9745,446,3.36,0.9518,10,3.37,0.9546,6,3.4,0.9631,10,0
SPY190812C290,2019-08-09,2019-08-09 09:30:17,3.44,0.9745,446,3.36,0.9518,10,3.37,0.9546,6,3.4,0.9631,10,0
SPY190812C290,2019-08-09,2019-08-09 09:30:18,3.44,0.9745,446,3.36,0.9518,10,3.37,0.9546,6,3.4,0.9631,10,0
SPY190812C290,2019-08-09,2019-08-09 09:30:19,3.43,0.9716,10,3.36,0.9518,10,3.37,0.9546,6,3.395,0.9617,10,0
SPY190812C290,2019-08-09,2019-08-09 09:30:19,3.43,0.9716,10,3.35,0.949,10,3.37,0.9546,6,3.39,0.9603,10,0
SPY190812C290,2019-08-09,2019-08-09 09:30:20,3.41,0.966,20,3.33,0.9433,10,3.37,0.9546,6,3.37,0.9546,10,0
SPY190812C290,2019-08-09,2019-08-09 09:30:20,3.47,0.983,100,3.3,0.9348,5,3.37,0.9546,6,3.385,0.9589,10,0
SPY190812C290,2019-08-09,2019-08-09 09:30:21,3.39,0.9603,5,3.32,0.9405,5,3.37,0.9546,6,3.355,0.9504,10,0
SPY190812C290,2019-08-09,2019-08-09 09:30:21,3.71,1.0509,10,3.3,0.9348,5,3.37,0.9546,6,3.505,0.9929,10,0
SPY190812C290,2019-08-09,2019-08-09 09:30:22,3.4,0.9631,10,3.32,0.9405,10,3.37,0.9546,6,3.36,0.9518,10,0
SPY190812C290,2019-08-09,2019-08-09 09:30:22,3.36,0.9518,10,3.3,0.9348,10,3.37,0.9546,6,3.33,0.9433,10,0
SPY190812C290,2019-08-09,2019-08-09 09:30:23,3.43,0.9716,10,3.35,0.949,10,3.37,0.9546,6,3.39,0.9603,10,0
SPY190812C290,2019-08-09,2019-08-09 09:30:23,3.52,0.9971,780,3.3,0.9348,5,3.37,0.9546,6,3.41,0.966,10,0
SPY190812C290,2019-08-09,2019-08-09 09:30:24,3.4,0.9631,5,3.35,0.949,5,3.37,0.9546,6,3.375,0.956,10,0
SPY190812C290,2019-08-09,2019-08-09 09:30:24,3.42,0.9688,5,3.37,0.9546,5,3.37,0.9546,6,3.395,0.9617,10,0
SPY190812C290,2019-08-09,2019-08-09 09:30:25,3.42,0.9688,5,3.37,0.9546,5,3.37,0.9546,6,3.395,0.9617,10,0
SPY190812C290,2019-08-09,2019-08-09 09:30:25,3.42,0.9688,5,3.37,0.9546,100,3.37,0.9546,6,3.395,0.9617,10,0
SPY190812C290,2019-08-09,2019-08-09 09:30:26,3.45,0.9773,10,3.36,0.9518,10,3.37,0.9546,6,3.405,0.9645,10,0
SPY190812C290,2019-08-09,2019-08-09 09:30:26,3.44,0.9745,5,3.38,0.9575,10,3.37,0.9546,6,3.41,0.966,10,0
SPY190812C290,2019-08-09,2019-08-09 09:30:27,3.44,0.9745,11,3.38,0.9575,62,3.37,0.9546,6,3.41,0.966,10,0
SPY190812C290,2019-08-09,2019-08-09 09:30:27,3.44,0.9745,11,3.38,0.9575,110,3.37,0.9546,6,3.41,0.966,10,0
SPY190812C290,2019-08-09,2019-08-09 09:30:28,3.43,0.9716,5,3.36,0.9518,10,3.37,0.9546,6,3.395,0.9617,10,0
SPY190812C290,2019-08-09,2019-08-09 09:30:28,3.43,0.9716,5,3.38,0.9575,110,3.37,0.9546,6,3.405,0.9645,10,0
SPY190812C290,2019-08-09,2019-08-09 09:30:29,3.44,0.9745,5,3.35,0.949,5,3.37,0.9546,6,3.395,0.9617,10,0
SPY190812C290,2019-08-09,2019-08-09 09:30:29,3.42,0.9688,10,3.35,0.949,110,3.37,0.9546,6,3.385,0.9589,10,0
SPY190812C290,2019-08-09,2019-08-09 09:30:30,3.41,0.966,408,3.35,0.949,110,3.41,0.966,8,3.38,0.9575,26,16
SPY190812C290,2019-08-09,2019-08-09 09:30:30,3.41,0.966,408,3.35,0.949,125,3.41,0.966,8,3.38,0.9575,26,0
SPY190812C290,2019-08-09,2019-08-09 09:30:31,3.39,0.9603,10,3.33,0.9433,5,3.41,0.966,8,3.36,0.9518,26,0
SPY190812C290,2019-08-09,2019-08-09 09:30:31,3.41,0.966,231,3.35,0.949,10,3.41,0.966,8,3.38,0.9575,26,0
SPY190812C290,2019-08-09,2019-08-09 09:30:32,3.38,0.9575,5,3.33,0.9433,9,3.38,0.9575,5,3.355,0.9504,31,5
SPY190812C290,2019-08-09,2019-08-09 09:30:32,3.42,0.9688,157,3.34,0.9461,10,3.38,0.9575,5,3.38,0.9575,31,0
SPY190812C290,2019-08-09,2019-08-09 09:30:33,3.41,0.966,10,3.34,0.9461,80,3.38,0.9575,5,3.375,0.956,31,0
SPY190812C290,2019-08-09,2019-08-09 09:30:33,3.43,0.9716,30,3.34,0.9461,10,3.38,0.9575,5,3.385,0.9589,31,0
SPY190812C290,2019-08-09,2019-08-09 09:30:34,3.41,0.966,5,3.36,0.9518,5,3.38,0.9575,5,3.385,0.9589,31,0
SPY190812C290,2019-08-09,2019-08-09 09:30:35,3.4,0.9631,10,3.35,0.949,73,3.36,0.9518,1,3.375,0.956,32,0
SPY190812C290,2019-08-09,2019-08-09 09:30:35,3.41,0.966,10,3.36,0.9518,4,3.36,0.9518,1,3.385,0.9589,32,1
SPY190812C290,2019-08-09,2019-08-09 09:30:36,3.41,0.966,64,3.36,0.9518,88,3.36,0.9518,1,3.385,0.9589,32,0
SPY190812C290,2019-08-09,2019-08-09 09:30:36,3.4,0.9631,6,3.36,0.9518,88,3.36,0.9518,1,3.38,0.9575,32,0
SPY190812C290,2019-08-09,2019-08-09 09:30:37,3.42,0.9688,100,3.36,0.9518,120,3.36,0.9518,1,3.39,0.9603,32,0
SPY190812C290,2019-08-09,2019-08-09 09:30:37,3.42,0.9688,134,3.36,0.9518,88,3.36,0.9518,1,3.39,0.9603,32,0
SPY190812C290,2019-08-09,2019-08-09 09:30:38,3.42,0.9688,10,3.35,0.949,5,3.36,0.9518,1,3.385,0.9589,32,0
SPY190812C290,2019-08-09,2019-08-09 09:30:38,3.41,0.966,10,3.35,0.949,68,3.36,0.9518,1,3.38,0.9575,32,0
SPY190812C290,2019-08-09,2019-08-09 09:30:39,3.41,0.966,10,3.34,0.9461,100,3.36,0.9518,1,3.375,0.956,32,0
SPY190812C290,2019-08-09,2019-08-09 09:30:40,3.4,0.9631,6,3.35,0.949,85,3.36,0.9518,1,3.375,0.956,32,0
SPY190812C290,2019-08-09,2019-08-09 09:30:40,3.4,0.9631,6,3.35,0.949,75,3.36,0.9518,1,3.375,0.956,32,0
SPY190812C290,2019-08-09,2019-08-09 09:30:41,3.39,0.9603,5,3.33,0.9433,5,3.36,0.9518,1,3.36,0.9518,32,0
SPY190812C290,2019-08-09,2019-08-09 09:30:41,3.42,0.9688,100,3.31,0.9376,5,3.36,0.9518,1,3.365,0.9532,32,0
SPY190812C290,2019-08-09,2019-08-09 09:30:42,3.41,0.966,1,3.31,0.9376,5,3.36,0.9518,1,3.36,0.9518,32,0
SPY190812C290,2019-08-09,2019-08-09 09:30:42,3.4,0.9631,100,3.34,0.9461,10,3.36,0.9518,1,3.37,0.9546,32,0
SPY190812C290,2019-08-09,2019-08-09 09:30:43,3.43,0.9716,5,3.36,0.9518,10,3.36,0.9518,1,3.395,0.9617,32,0
SPY190812C290,2019-08-09,2019-08-09 09:30:43,3.41,0.966,68,3.35,0.949,10,3.36,0.9518,1,3.38,0.9575,32,0
SPY190812C290,2019-08-09,2019-08-09 09:30:44,3.42,0.9688,6,3.38,0.9575,6,3.36,0.9518,1,3.4,0.9631,32,0
SPY190812C290,2019-08-09,2019-08-09 09:30:44,3.42,0.9688,10,3.37,0.9546,5,3.36,0.9518,1,3.395,0.9617,32,0
SPY190812C290,2019-08-09,2019-08-09 09:30:45,3.42,0.9688,47,3.38,0.9575,6,3.36,0.9518,1,3.4,0.9631,32,0
SPY190812C290,2019-08-09,2019-08-09 09:30:46,3.42,0.9688,6,3.38,0.9575,9,3.36,0.9518,1,3.4,0.9631,32,0
SPY190812C290,2019-08-09,2019-08-09 09:30:46,3.42,0.9688,6,3.38,0.9575,6,3.36,0.9518,1,3.4,0.9631,32,0
SPY190812C290,2019-08-09,2019-08-09 09:30:47,3.41,0.966,5,3.36,0.9518,103,3.36,0.9518,1,3.385,0.9589,32,0
SPY190812C290,2019-08-09,2019-08-09 09:30:47,3.41,0.966,5,3.35,0.949,100,3.36,0.9518,1,3.38,0.9575,32,0
SPY190812C290,2019-08-09,2019-08-09 09:30:48,3.41,0.966,5,3.35,0.949,5,3.36,0.9518,1,3.38,0.9575,32,0
SPY190812C290,2019-08-09,2019-08-09 09:30:48,3.42,0.9688,5,3.34,0.9461,107,3.36,0.9518,1,3.38,0.9575,32,0
SPY190812C290,2019-08-09,2019-08-09 09:30:49,3.41,0.966,5,3.34,0.9461,10,3.36,0.9518,1,3.375,0.956,32,0
SPY190812C290,2019-08-09,2019-08-09 09:30:49,3.41,0.966,5,3.34,0.9461,100,3.36,0.9518,1,3.375,0.956,32,0
SPY190812C290,2019-08-09,2019-08-09 09:30:50,3.41,0.966,5,3.34,0.9461,100,3.36,0.9518,1,3.375,0.956,32,0
SPY190812C290,2019-08-09,2019-08-09 09:30:50,3.41,0.966,5,3.35,0.949,5,3.36,0.9518,1,3.38,0.9575,32,0
SPY190812C290,2019-08-09,2019-08-09 09:30:51,3.41,0.966,5,3.35,0.949,5,3.36,0.9518,1,3.38,0.9575,32,0
SPY190812C290,2019-08-09,2019-08-09 09:30:51,3.41,0.966,5,3.36,0.9518,99,3.36,0.9518,1,3.385,0.9589,32,0
SPY190812C290,2019-08-09,2019-08-09 09:30:52,3.4,0.9631,5,3.34,0.9461,5,3.39,0.9603,4,3.37,0.9546,36,4
SPY190812C290,2019-08-09,2019-08-09 09:30:52,3.42,0.9688,10,3.37,0.9546,6,3.36,0.9518,1,3.395,0.9617,32,0
SPY190812C290,2019-08-09,2019-08-09 09:30:53,3.4,0.9631,5,3.34,0.9461,95,3.39,0.9603,4,3.37,0.9546,36,0
SPY190812C290,2019-08-09,2019-08-09 09:30:53,3.4,0.9631,5,3.34,0.9461,86,3.39,0.9603,4,3.37,0.9546,36,0
SPY190812C290,2019-08-09,2019-08-09 09:30:54,3.4,0.9631,52,3.35,0.949,102,3.39,0.9603,4,3.375,0.956,36,0
SPY190812C290,2019-08-09,2019-08-09 09:30:54,3.4,0.9631,52,3.34,0.9461,95,3.39,0.9603,4,3.37,0.9546,36,0
SPY190812C290,2019-08-09,2019-08-09 09:30:55,3.4,0.9631,48,3.36,0.9518,5,3.39,0.9603,4,3.38,0.9575,36,0
SPY190812C290,2019-08-09,2019-08-09 09:30:55,3.4,0.9631,10,3.36,0.9518,5,3.39,0.9603,4,3.38,0.9575,36,0
SPY190812C290,2019-08-09,2019-08-09 09:30:56,3.39,0.9603,25,3.36,0.9518,6,3.39,0.9603,4,3.375,0.956,36,0
SPY190812C290,2019-08-09,2019-08-09 09:30:56,3.4,0.9631,47,3.36,0.9518,28,3.39,0.9603,4,3.38,0.9575,36,0
SPY190812C290,2019-08-09,2019-08-09 09:30:57,3.39,0.9603,25,3.36,0.9518,9,3.39,0.9603,20,3.375,0.956,56,20
SPY190812C290,2019-08-09,2019-08-09 09:30:57,3.4,0.9631,58,3.36,0.9518,9,3.39,0.9603,20,3.38,0.9575,56,0
SPY190812C290,2019-08-09,2019-08-09 09:30:58,3.4,0.9631,47,3.36,0.9518,9,3.39,0.9603,20,3.38,0.9575,56,0
SPY190812C290,2019-08-09,2019-08-09 09:30:58,3.4,0.9631,47,3.37,0.9546,6,3.39,0.9603,20,3.385,0.9589,56,0
SPY190812C290,2019-08-09,2019-08-09 09:30:59,3.4,0.9631,47,3.36,0.9518,60,3.39,0.9603,20,3.38,0.9575,56,0
SPY190812C290,2019-08-09,2019-08-09 09:31:00,3.4,0.9631,42,3.36,0.9518,110,3.39,0.9603,20,3.38,0.9575,56,0
SPY190812C290,2019-08-09,2019-08-09 09:31:00,3.42,0.9688,100,3.36,0.9518,146,3.4,0.9631,10,3.39,0.9603,66,10
SPY190812C290,2019-08-09,2019-08-09 09:31:01,3.43,0.9716,5,3.38,0.9575,56,3.4,0.9631,10,3.405,0.9645,66,0
SPY190812C290,2019-08-09,2019-08-09 09:31:01,3.46,0.9801,100,3.38,0.9575,10,3.4,0.9631,10,3.42,0.9688,66,0
SPY190812C290,2019-08-09,2019-08-09 09:31:02,3.43,0.9716,54,3.39,0.9603,5,3.4,0.9631,10,3.41,0.966,66,0
SPY190812C290,2019-08-09,2019-08-09 09:31:03,3.44,0.9745,8,3.39,0.9603,166,3.4,0.9631,10,3.415,0.9674,66,0
SPY190812C290,2019-08-09,2019-08-09 09:31:03,3.45,0.9773,5,3.4,0.9631,172,3.4,0.9631,10,3.425,0.9702,66,0
SPY190812C290,2019-08-09,2019-08-09 09:31:04,3.46,0.9801,100,3.4,0.9631,172,3.4,0.9631,10,3.43,0.9716,66,0
SPY190812C290,2019-08-09,2019-08-09 09:31:04,3.46,0.9801,5,3.41,0.966,167,3.4,0.9631,10,3.435,0.973,66,0
SPY190812C290,2019-08-09,2019-08-09 09:31:05,3.46,0.9801,5,3.41,0.966,169,3.4,0.9631,10,3.435,0.973,66,0
SPY190812C290,2019-08-09,2019-08-09 09:31:05,3.46,0.9801,5,3.41,0.966,172,3.4,0.9631,10,3.435,0.973,66,0
SPY190812C290,2019-08-09,2019-08-09 09:31:06,3.46,0.9801,5,3.41,0.966,169,3.4,0.9631,10,3.435,0.973,66,0
SPY190812C290,2019-08-09,2019-08-09 09:31:06,3.46,0.9801,5,3.42,0.9688,6,3.4,0.9631,10,3.44,0.9745,66,0
SPY190812C290,2019-08-09,2019-08-09 09:31:07,3.47,0.983,5,3.42,0.9688,176,3.4,0.9631,10,3.445,0.9759,66,0
SPY190812C290,2019-08-09,2019-08-09 09:31:07,3.49,0.9886,100,3.42,0.9688,100,3.4,0.9631,10,3.455,0.9787,66,0
SPY190812C290,2019-08-09,2019-08-09 09:31:08,3.48,0.9858,5,3.42,0.9688,133,3.4,0.9631,10,3.45,0.9773,66,0
SPY190812C290,2019-08-09,2019-08-09 09:31:08,3.48,0.9858,100,3.42,0.9688,133,3.4,0.9631,10,3.45,0.9773,66,0
SPY190812C290,2019-08-09,2019-08-09 09:31:09,3.48,0.9858,5,3.43,0.9716,78,3.4,0.9631,10,3.455,0.9787,66,0
SPY190812C290,2019-08-09,2019-08-09 09:31:10,3.48,0.9858,6,3.43,0.9716,78,3.4,0.9631,10,3.455,0.9787,66,0
SPY190812C290,2019-08-09,2019-08-09 09:31:10,3.49,0.9886,10,3.42,0.9688,110,3.4,0.9631,10,3.455,0.9787,66,0
SPY190812C290,2019-08-09,2019-08-09 09:31:11,3.47,0.983,6,3.43,0.9716,6,3.4,0.9631,10,3.45,0.9773,66,0
SPY190812C290,2019-08-09,2019-08-09 09:31:11,3.47,0.983,46,3.43,0.9716,10,3.4,0.9631,10,3.45,0.9773,66,0
SPY190812C290,2019-08-09,2019-08-09 09:31:12,3.47,0.983,5,3.42,0.9688,172,3.4,0.9631,10,3.445,0.9759,66,0
SPY190812C290,2019-08-09,2019-08-09 09:31:12,3.47,0.983,5,3.42,0.9688,110,3.4,0.9631,10,3.445,0.9759,66,0
SPY190812C290,2019-08-09,2019-08-09 09:31:13,3.47,0.983,5,3.43,0.9716,6,3.4,0.9631,10,3.45,0.9773,66,0
SPY190812C290,2019-08-09,2019-08-09 09:31:13,3.47,0.983,6,3.43,0.9716,34,3.4,0.9631,10,3.45,0.9773,66,0
SPY190812C290,2019-08-09,2019-08-09 09:31:14,3.48,0.9858,5,3.43,0.9716,146,3.4,0.9631,10,3.455,0.9787,66,0
SPY190812C290,2019-08-09,2019-08-09 09:31:14,3.48,0.9858,100,3.43,0.9716,34,3.4,0.9631,10,3.455,0.9787,66,0
SPY190812C290,2019-08-09,2019-08-09 09:31:15,3.47,0.983,5,3.43,0.9716,46,3.4,0.9631,10,3.45,0.9773,66,0
SPY190812C290,2019-08-09,2019-08-09 09:31:15,3.48,0.9858,7,3.43,0.9716,146,3.4,0.9631,10,3.455,0.9787,66,0
SPY190812C290,2019-08-09,2019-08-09 09:31:16,3.48,0.9858,100,3.43,0.9716,154,3.4,0.9631,10,3.455,0.9787,66,0
SPY190812C290,2019-08-09,2019-08-09 09:31:16,3.48,0.9858,105,3.42,0.9688,55,3.4,0.9631,10,3.45,0.9773,66,0
SPY190812C290,2019-08-09,2019-08-09 09:31:17,3.47,0.983,8,3.43,0.9716,91,3.4,0.9631,10,3.45,0.9773,66,0
SPY190812C290,2019-08-09,2019-08-09 09:31:17,3.47,0.983,5,3.41,0.966,100,3.4,0.9631,10,3.44,0.9745,66,0
SPY190812C290,2019-08-09,2019-08-09 09:31:18,3.49,0.9886,6,3.41,0.966,172,3.4,0.9631,10,3.45,0.9773,66,0
SPY190812C290,2019-08-09,2019-08-09 09:31:18,3.48,0.9858,5,3.42,0.9688,172,3.4,0.9631,10,3.45,0.9773,66,0
SPY190812C290,2019-08-09,2019-08-09 09:31:19,3.48,0.9858,94,3.43,0.9716,96,3.4,0.9631,10,3.455,0.9787,66,0
SPY190812C290,2019-08-09,2019-08-09 09:31:19,3.48,0.9858,7,3.43,0.9716,167,3.4,0.9631,10,3.455,0.9787,66,0
SPY190812C290,2019-08-09,2019-08-09 09:31:20,3.49,0.9886,5,3.44,0.9745,5,3.4,0.9631,10,3.465,0.9815,66,0
SPY190812C290,2019-08-09,2019-08-09 09:31:20,3.49,0.9886,72,3.44,0.9745,3,3.4,0.9631,10,3.465,0.9815,66,0
SPY190812C290,2019-08-09,2019-08-09 09:31:21,3.48,0.9858,6,3.44,0.9745,5,3.4,0.9631,10,3.46,0.9801,66,0
SPY190812C290,2019-08-09,2019-08-09 09:31:21,3.49,0.9886,1,3.44,0.9745,8,3.4,0.9631,10,3.465,0.9815,66,0
SPY190812C290,2019-08-09,2019-08-09 09:31:22,3.48,0.9858,54,3.43,0.9716,110,3.4,0.9631,10,3.455,0.9787,66,0
SPY190812C290,2019-08-09,2019-08-09 09:31:22,3.48,0.9858,54,3.44,0.9745,5,3.4,0.9631,10,3.46,0.9801,66,0
SPY190812C290,2019-08-09,2019-08-09 09:31:23,3.48,0.9858,103,3.43,0.9716,110,3.4,0.9631,10,3.455,0.9787,66,0
SPY190812C290,2019-08-09,2019-08-09 09:31:23,3.47,0.983,5,3.43,0.9716,110,3.4,0.9631,10,3.45,0.9773,66,0
SPY190812C290,2019-08-09,2019-08-09 09:31:24,3.48,0.9858,8,3.43,0.9716,100,3.4,0.9631,10,3.455,0.9787,66,0
SPY190812C290,2019-08-09,2019-08-09 09:31:24,3.47,0.983,5,3.43,0.9716,100,3.4,0.9631,10,3.45,0.9773,66,0
SPY190812C290,2019-08-09,2019-08-09 09:31:25,3.48,0.9858,10,3.45,0.9773,6,3.4,0.9631,10,3.465,0.9815,66,0
SPY190812C290,2019-08-09,2019-08-09 09:31:25,3.49,0.9886,100,3.43,0.9716,167,3.4,0.9631,10,3.46,0.9801,66,0
SPY190812C290,2019-08-09,2019-08-09 09:31:26,3.49,0.9886,82,3.45,0.9773,6,3.4,0.9631,10,3.47,0.983,66,0
SPY190812C290,2019-08-09,2019-08-09 09:31:26,3.48,0.9858,7,3.45,0.9773,6,3.4,0.9631,10,3.465,0.9815,66,0
SPY190812C290,2019-08-09,2019-08-09 09:31:27,3.48,0.9858,6,3.45,0.9773,6,3.4,0.9631,10,3.465,0.9815,66,0
SPY190812C290,2019-08-09,2019-08-09 09:31:27,3.48,0.9858,6,3.44,0.9745,125,3.4,0.9631,10,3.46,0.9801,66,0
SPY190812C290,2019-08-09,2019-08-09 09:31:28,3.47,0.983,12,3.44,0.9745,12,3.46,0.9801,1,3.455,0.9787,67,1
SPY190812C290,2019-08-09,2019-08-09 09:31:29,3.47,0.983,6,3.43,0.9716,6,3.46,0.9801,1,3.45,0.9773,67,0
SPY190812C290,2019-08-09,2019-08-09 09:31:29,3.47,0.983,9,3.44,0.9745,6,3.46,0.9801,1,3.455,0.9787,67,0
SPY190812C290,2019-08-09,2019-08-09 09:31:30,3.46,0.9801,6,3.4,0.9631,167,3.46,0.9801,1,3.43,0.9716,67,0
SPY190812C290,2019-08-09,2019-08-09 09:31:30,3.44,0.9745,6,3.41,0.966,7,3.46,0.9801,1,3.425,0.9702,67,0
SPY190812C290,2019-08-09,2019-08-09 09:31:31,3.43,0.9716,6,3.4,0.9631,6,3.46,0.9801,1,3.415,0.9674,67,0
SPY190812C290,2019-08-09,2019-08-09 09:31:31,3.46,0.9801,6,3.39,0.9603,6,3.46,0.9801,1,3.425,0.9702,67,0
SPY190812C290,2019-08-09,2019-08-09 09:31:32,3.43,0.9716,6,3.39,0.9603,6,3.46,0.9801,1,3.41,0.966,67,0
SPY190812C290,2019-08-09,2019-08-09 09:31:32,3.42,0.9688,9,3.38,0.9575,9,3.46,0.9801,1,3.4,0.9631,67,0
SPY190812C290,2019-08-09,2019-08-09 09:31:33,3.43,0.9716,5,3.35,0.949,72,3.46,0.9801,1,3.39,0.9603,67,0
SPY190812C290,2019-08-09,2019-08-09 09:31:33,3.39,0.9603,6,3.36,0.9518,7,3.46,0.9801,1,3.375,0.956,67,0
SPY190812C290,2019-08-09,2019-08-09 09:31:34,3.38,0.9575,5,3.33,0.9433,173,3.46,0.9801,1,3.355,0.9504,67,0
SPY190812C290,2019-08-09,2019-08-09 09:31:34,3.38,0.9575,6,3.35,0.949,6,3.46,0.9801,1,3.365,0.9532,67,0
SPY190812C290,2019-08-09,2019-08-09 09:31:35,3.39,0.9603,10,3.35,0.949,6,3.46,0.9801,1,3.37,0.9546,67,0
SPY190812C290,2019-08-09,2019-08-09 09:31:35,3.37,0.9546,6,3.34,0.9461,6,3.46,0.9801,1,3.355,0.9504,67,0
SPY190812C290,2019-08-09,2019-08-09 09:31:36,3.36,0.9518,6,3.33,0.9433,6,3.46,0.9801,1,3.345,0.9475,67,0
SPY190812C290,2019-08-09,2019-08-09 09:31:37,3.36,0.9518,12,3.33,0.9433,6,3.46,0.9801,1,3.345,0.9475,67,0
SPY190812C290,2019-08-09,2019-08-09 09:31:37,3.35,0.949,6,3.32,0.9405,6,3.46,0.9801,1,3.335,0.9447,67,0
SPY190812C290,2019-08-09,2019-08-09 09:31:38,3.35,0.949,6,3.32,0.9405,6,3.46,0.9801,1,3.335,0.9447,67,0
SPY190812C290,2019-08-09,2019-08-09 09:31:39,3.33,0.9433,6,3.31,0.9376,6,3.46,0.9801,1,3.32,0.9405,67,0
SPY190812C290,2019-08-09,2019-08-09 09:31:39,3.33,0.9433,6,3.3,0.9348,100,3.46,0.9801,1,3.315,0.939,67,0
SPY190812C290,2019-08-09,2019-08-09 09:31:40,3.33,0.9433,6,3.3,0.9348,6,3.46,0.9801,1,3.315,0.939,67,0
SPY190812C290,2019-08-09,2019-08-09 09:31:40,3.33,0.9433,6,3.31,0.9376,6,3.46,0.9801,1,3.32,0.9405,67,0
SPY190812C290,2019-08-09,2019-08-09 09:31:41,3.33,0.9433,6,3.31,0.9376,12,3.46,0.9801,1,3.32,0.9405,67,0
SPY190812C290,2019-08-09,2019-08-09 09:31:41,3.33,0.9433,6,3.31,0.9376,6,3.46,0.9801,1,3.32,0.9405,67,0
SPY190812C290,2019-08-09,2019-08-09 09:31:42,3.37,0.9546,73,3.33,0.9433,3,3.46,0.9801,1,3.35,0.949,67,0
SPY190812C290,2019-08-09,2019-08-09 09:31:42,3.37,0.9546,73,3.33,0.9433,6,3.46,0.9801,1,3.35,0.949,67,0
SPY190812C290,2019-08-09,2019-08-09 09:31:43,3.37,0.9546,73,3.31,0.9376,173,3.46,0.9801,1,3.34,0.9461,67,0
SPY190812C290,2019-08-09,2019-08-09 09:31:43,3.35,0.949,5,3.3,0.9348,34,3.46,0.9801,1,3.325,0.9419,67,0
SPY190812C290,2019-08-09,2019-08-09 09:31:44,3.34,0.9461,5,3.3,0.9348,35,3.46,0.9801,1,3.32,0.9405,67,0
SPY190812C290,2019-08-09,2019-08-09 09:31:44,3.35,0.949,5,3.3,0.9348,134,3.46,0.9801,1,3.325,0.9419,67,0
SPY190812C290,2019-08-09,2019-08-09 09:31:45,3.34,0.9461,83,3.31,0.9376,7,3.46,0.9801,1,3.325,0.9419,67,0
SPY190812C290,2019-08-09,2019-08-09 09:31:45,3.34,0.9461,6,3.31,0.9376,6,3.46,0.9801,1,3.325,0.9419,67,0
SPY190812C290,2019-08-09,2019-08-09 09:31:46,3.32,0.9405,12,3.3,0.9348,6,3.46,0.9801,1,3.31,0.9376,67,0
SPY190812C290,2019-08-09,2019-08-09 09:31:46,3.33,0.9433,12,3.3,0.9348,6,3.46,0.9801,1,3.315,0.939,67,0
SPY190812C290,2019-08-09,2019-08-09 09:31:47,3.32,0.9405,52,3.3,0.9348,5,3.46,0.9801,1,3.31,0.9376,67,0
SPY190812C290,2019-08-09,2019-08-09 09:31:47,3.32,0.9405,12,3.3,0.9348,5,3.46,0.9801,1,3.31,0.9376,67,0
SPY190812C290,2019-08-09,2019-08-09 09:31:48,3.33,0.9433,5,3.3,0.9348,5,3.46,0.9801,1,3.315,0.939,67,0
SPY190812C290,2019-08-09,2019-08-09 09:31:48,3.33,0.9433,100,3.28,0.9291,100,3.3,0.9348,5,3.305,0.9362,72,5
SPY190812C290,2019-08-09,2019-08-09 09:31:49,3.33,0.9433,100,3.27,0.9263,73,3.3,0.9348,5,3.3,0.9348,72,0
SPY190812C290,2019-08-09,2019-08-09 09:31:50,3.32,0.9405,6,3.29,0.932,6,3.3,0.9348,5,3.305,0.9362,72,0
SPY190812C290,2019-08-09,2019-08-09 09:31:50,3.33,0.9433,110,3.28,0.9291,100,3.3,0.9348,5,3.305,0.9362,72,0
SPY190812C290,2019-08-09,2019-08-09 09:31:51,3.32,0.9405,6,3.29,0.932,6,3.3,0.9348,5,3.305,0.9362,72,0
SPY190812C290,2019-08-09,2019-08-09 09:31:52,3.3,0.9348,6,3.27,0.9263,6,3.3,0.9348,5,3.285,0.9305,72,0
SPY190812C290,2019-08-09,2019-08-09 09:31:52,3.32,0.9405,6,3.29,0.932,6,3.3,0.9348,5,3.305,0.9362,72,0
SPY190812C290,2019-08-09,2019-08-09 09:31:53,3.31,0.9376,12,3.28,0.9291,15,3.3,0.9348,5,3.295,0.9334,72,0
SPY190812C290,2019-08-09,2019-08-09 09:31:53,3.31,0.9376,6,3.29,0.932,12,3.3,0.9348,5,3.3,0.9348,72,0
SPY190812C290,2019-08-09,2019-08-09 09:31:54,3.31,0.9376,12,3.29,0.932,17,3.3,0.9348,5,3.3,0.9348,72,0
SPY190812C290,2019-08-09,2019-08-09 09:31:54,3.31,0.9376,6,3.29,0.932,2,3.3,0.9348,5,3.3,0.9348,72,0
SPY190812C290,2019-08-09,2019-08-09 09:31:55,3.32,0.9405,12,3.29,0.932,17,3.3,0.9348,5,3.305,0.9362,72,0
SPY190812C290,2019-08-09,2019-08-09 09:31:55,3.32,0.9405,12,3.29,0.932,13,3.3,0.9348,5,3.305,0.9362,72,0
SPY190812C290,2019-08-09,2019-08-09 09:31:56,3.32,0.9405,12,3.29,0.932,17,3.3,0.9348,5,3.305,0.9362,72,0
SPY190812C290,2019-08-09,2019-08-09 09:31:57,3.34,0.9461,100,3.29,0.932,73,3.3,0.9348,5,3.315,0.939,72,0
SPY190812C290,2019-08-09,2019-08-09 09:31:57,3.32,0.9405,7,3.29,0.932,7,3.3,0.9348,5,3.305,0.9362,72,0
SPY190812C290,2019-08-09,2019-08-09 09:31:58,3.34,0.9461,68,3.29,0.932,173,3.3,0.9348,5,3.315,0.939,72,0
SPY190812C290,2019-08-09,2019-08-09 09:31:58,3.38,0.9575,6,3.34,0.9461,6,3.3,0.9348,5,3.36,0.9518,72,0
SPY190812C290,2019-08-09,2019-08-09 09:31:59,3.36,0.9518,6,3.33,0.9433,11,3.3,0.9348,5,3.345,0.9475,72,0
SPY190812C290,2019-08-09,2019-08-09 09:31:59,3.38,0.9575,11,3.31,0.9376,168,3.3,0.9348,5,3.345,0.9475,72,0
SPY190812C290,2019-08-09,2019-08-09 09:32:00,3.36,0.9518,6,3.33,0.9433,7,3.3,0.9348,5,3.345,0.9475,72,0
SPY190812C290,2019-08-09,2019-08-09 09:32:00,3.37,0.9546,6,3.33,0.9433,6,3.3,0.9348,5,3.35,0.949,72,0
SPY190812C290,2019-08-09,2019-08-09 09:32:01,3.36,0.9518,12,3.33,0.9433,12,3.3,0.9348,5,3.345,0.9475,72,0
SPY190812C290,2019-08-09,2019-08-09 09:32:01,3.37,0.9546,12,3.33,0.9433,12,3.3,0.9348,5,3.35,0.949,72,0
SPY190812C290,2019-08-09,2019-08-09 09:32:02,3.35,0.949,6,3.33,0.9433,12,3.3,0.9348,5,3.34,0.9461,72,0
SPY190812C290,2019-08-09,2019-08-09 09:32:02,3.36,0.9518,6,3.33,0.9433,6,3.3,0.9348,5,3.345,0.9475,72,0
SPY190812C290,2019-08-09,2019-08-09 09:32:03,3.37,0.9546,9,3.34,0.9461,9,3.3,0.9348,5,3.355,0.9504,72,0
SPY190812C290,2019-08-09,2019-08-09 09:32:03,3.37,0.9546,6,3.34,0.9461,6,3.3,0.9348,5,3.355,0.9504,72,0
SPY190812C290,2019-08-09,2019-08-09 09:32:04,3.36,0.9518,6,3.33,0.9433,12,3.3,0.9348,5,3.345,0.9475,72,0
SPY190812C290,2019-08-09,2019-08-09 09:32:04,3.36,0.9518,6,3.34,0.9461,18,3.3,0.9348,5,3.35,0.949,72,0
SPY190812C290,2019-08-09,2019-08-09 09:32:05,3.39,0.9603,6,3.35,0.949,6,3.3,0.9348,5,3.37,0.9546,72,0
SPY190812C290,2019-08-09,2019-08-09 09:32:05,3.41,0.966,10,3.35,0.949,6,3.3,0.9348,5,3.38,0.9575,72,0
SPY190812C290,2019-08-09,2019-08-09 09:32:06,3.4,0.9631,6,3.37,0.9546,6,3.3,0.9348,5,3.385,0.9589,72,0
SPY190812C290,2019-08-09,2019-08-09 09:32:06,3.41,0.966,6,3.37,0.9546,6,3.3,0.9348,5,3.39,0.9603,72,0
SPY190812C290,2019-08-09,2019-08-09 09:32:07,3.41,0.966,12,3.38,0.9575,12,3.3,0.9348,5,3.395,0.9617,72,0
SPY190812C290,2019-08-09,2019-08-09 09:32:07,3.42,0.9688,6,3.39,0.9603,6,3.3,0.9348,5,3.405,0.9645,72,0
SPY190812C290,2019-08-09,2019-08-09 09:32:08,3.41,0.966,6,3.37,0.9546,6,3.3,0.9348,5,3.39,0.9603,72,0
SPY190812C290,2019-08-09,2019-08-09 09:32:08,3.42,0.9688,6,3.39,0.9603,6,3.3,0.9348,5,3.405,0.9645,72,0
SPY190812C290,2019-08-09,2019-08-09 09:32:09,3.42,0.9688,12,3.39,0.9603,12,3.3,0.9348,5,3.405,0.9645,72,0
SPY190812C290,2019-08-09,2019-08-09 09:32:09,3.44,0.9745,5,3.38,0.9575,172,3.3,0.9348,5,3.41,0.966,72,0
SPY190812C290,2019-08-09,2019-08-09 09:32:10,3.41,0.966,67,3.37,0.9546,6,3.3,0.9348,5,3.39,0.9603,72,0
SPY190812C290,2019-08-09,2019-08-09 09:32:10,3.43,0.9716,9,3.38,0.9575,9,3.3,0.9348,5,3.405,0.9645,72,0
SPY190812C290,2019-08-09,2019-08-09 09:32:11,3.41,0.966,34,3.37,0.9546,6,3.3,0.9348,5,3.39,0.9603,72,0
SPY190812C290,2019-08-09,2019-08-09 09:32:12,3.41,0.966,12,3.38,0.9575,12,3.3,0.9348,5,3.395,0.9617,72,0
SPY190812C290,2019-08-09,2019-08-09 09:32:12,3.41,0.966,34,3.38,0.9575,6,3.3,0.9348,5,3.395,0.9617,72,0
SPY190812C290,2019-08-09,2019-08-09 09:32:13,3.43,0.9716,6,3.41,0.966,6,3.3,0.9348,5,3.42,0.9688,72,0
SPY190812C290,2019-08-09,2019-08-09 09:32:13,3.43,0.9716,6,3.4,0.9631,6,3.3,0.9348,5,3.415,0.9674,72,0
SPY190812C290,2019-08-09,2019-08-09 09:32:14,3.43,0.9716,6,3.4,0.9631,6,3.3,0.9348,5,3.415,0.9674,72,0
SPY190812C290,2019-08-09,2019-08-09 09:32:14,3.44,0.9745,12,3.41,0.966,12,3.3,0.9348,5,3.425,0.9702,72,0
SPY190812C290,2019-08-09,2019-08-09 09:32:15,3.41,0.966,5,3.35,0.949,172,3.3,0.9348,5,3.38,0.9575,72,0
SPY190812C290,2019-08-09,2019-08-09 09:32:15,3.44,0.9745,12,3.37,0.9546,100,3.3,0.9348,5,3.405,0.9645,72,0
SPY190812C290,2019-08-09,2019-08-09 09:32:16,3.41,0.966,125,3.35,0.949,5,3.3,0.9348,5,3.38,0.9575,72,0
SPY190812C290,2019-08-09,2019-08-09 09:32:16,3.41,0.966,125,3.37,0.9546,6,3.3,0.9348,5,3.39,0.9603,72,0
SPY190812C290,2019-08-09,2019-08-09 09:32:17,3.41,0.966,100,3.34,0.9461,6,3.3,0.9348,5,3.375,0.956,72,0
SPY190812C290,2019-08-09,2019-08-09 09:32:18,3.37,0.9546,6,3.33,0.9433,6,3.3,0.9348,5,3.35,0.949,72,0
SPY190812C290,2019-08-09,2019-08-09 09:32:19,3.37,0.9546,12,3.34,0.9461,12,3.3,0.9348,5,3.355,0.9504,72,0
SPY190812C290,2019-08-09,2019-08-09 09:32:19,3.37,0.9546,6,3.34,0.9461,6,3.3,0.9348,5,3.355,0.9504,72,0
SPY190812C290,2019-08-09,2019-08-09 09:32:20,3.38,0.9575,6,3.35,0.949,3,3.3,0.9348,5,3.365,0.9532,72,0
SPY190812C290,2019-08-09,2019-08-09 09:32:20,3.38,0.9575,12,3.35,0.949,13,3.3,0.9348,5,3.365,0.9532,72,0
SPY190812C290,2019-08-09,2019-08-09 09:32:21,3.38,0.9575,6,3.35,0.949,6,3.3,0.9348,5,3.365,0.9532,72,0
SPY190812C290,2019-08-09,2019-08-09 09:32:21,3.38,0.9575,6,3.34,0.9461,9,3.3,0.9348,5,3.36,0.9518,72,0
SPY190812C290,2019-08-09,2019-08-09 09:32:22,3.38,0.9575,12,3.34,0.9461,12,3.3,0.9348,5,3.36,0.9518,72,0
SPY190812C290,2019-08-09,2019-08-09 09:32:22,3.37,0.9546,6,3.33,0.9433,6,3.3,0.9348,5,3.35,0.949,72,0
SPY190812C290,2019-08-09,2019-08-09 09:32:23,3.36,0.9518,6,3.33,0.9433,6,3.3,0.9348,5,3.345,0.9475,72,0
SPY190812C290,2019-08-09,2019-08-09 09:32:23,3.37,0.9546,6,3.34,0.9461,6,3.3,0.9348,5,3.355,0.9504,72,0
SPY190812C290,2019-08-09,2019-08-09 09:32:24,3.36,0.9518,9,3.34,0.9461,12,3.3,0.9348,5,3.35,0.949,72,0
SPY190812C290,2019-08-09,2019-08-09 09:32:24,3.37,0.9546,12,3.34,0.9461,12,3.3,0.9348,5,3.355,0.9504,72,0
SPY190812C290,2019-08-09,2019-08-09 09:32:25,3.35,0.949,6,3.31,0.9376,6,3.3,0.9348,5,3.33,0.9433,72,0
SPY190812C290,2019-08-09,2019-08-09 09:32:25,3.36,0.9518,6,3.33,0.9433,6,3.3,0.9348,5,3.345,0.9475,72,0
SPY190812C290,2019-08-09,2019-08-09 09:32:26,3.34,0.9461,9,3.3,0.9348,6,3.3,0.9348,5,3.32,0.9405,72,0
SPY190812C290,2019-08-09,2019-08-09 09:32:26,3.34,0.9461,15,3.31,0.9376,12,3.3,0.9348,5,3.325,0.9419,72,0
SPY190812C290,2019-08-09,2019-08-09 09:32:27,3.33,0.9433,12,3.3,0.9348,12,3.3,0.9348,5,3.315,0.939,72,0
SPY190812C290,2019-08-09,2019-08-09 09:32:27,3.33,0.9433,12,3.31,0.9376,7,3.3,0.9348,5,3.32,0.9405,72,0
SPY190812C290,2019-08-09,2019-08-09 09:32:28,3.32,0.9405,6,3.29,0.932,6,3.3,0.9348,5,3.305,0.9362,72,0
SPY190812C290,2019-08-09,2019-08-09 09:32:28,3.33,0.9433,6,3.29,0.932,6,3.3,0.9348,5,3.31,0.9376,72,0
SPY190812C290,2019-08-09,2019-08-09 09:32:29,3.31,0.9376,12,3.29,0.932,9,3.3,0.9348,5,3.3,0.9348,72,0
SPY190812C290,2019-08-09,2019-08-09 09:32:29,3.33,0.9433,7,3.29,0.932,12,3.3,0.9348,5,3.31,0.9376,72,0
SPY190812C290,2019-08-09,2019-08-09 09:32:30,3.3,0.9348,5,3.25,0.9206,10,3.29,0.932,1,3.275,0.9277,79,7
SPY190812C290,2019-08-09,2019-08-09 09:32:30,3.33,0.9433,7,3.29,0.932,6,3.3,0.9348,5,3.31,0.9376,72,0
SPY190812C290,2019-08-09,2019-08-09 09:32:31,3.3,0.9348,6,3.27,0.9263,6,3.29,0.932,1,3.285,0.9305,79,0
SPY190812C290,2019-08-09,2019-08-09 09:32:31,3.29,0.932,12,3.26,0.9235,15,3.29,0.932,1,3.275,0.9277,79,0
SPY190812C290,2019-08-09,2019-08-09 09:32:32,3.3,0.9348,11,3.27,0.9263,11,3.29,0.932,1,3.285,0.9305,79,0
SPY190812C290,2019-08-09,2019-08-09 09:32:32,3.29,0.932,12,3.26,0.9235,6,3.29,0.932,1,3.275,0.9277,79,0
SPY190812C290,2019-08-09,2019-08-09 09:32:33,3.31,0.9376,1,3.28,0.9291,6,3.29,0.932,1,3.295,0.9334,79,0
SPY190812C290,2019-08-09,2019-08-09 09:32:34,3.32,0.9405,12,3.29,0.932,12,3.31,0.9376,1,3.305,0.9362,80,1
SPY190812C290,2019-08-09,2019-08-09 09:32:34,3.31,0.9376,1,3.28,0.9291,8,3.29,0.932,1,3.295,0.9334,79,0
SPY190812C290,2019-08-09,2019-08-09 09:32:35,3.32,0.9405,6,3.3,0.9348,6,3.31,0.9376,1,3.31,0.9376,80,0
SPY190812C290,2019-08-09,2019-08-09 09:32:36,3.33,0.9433,12,3.3,0.9348,6,3.31,0.9376,1,3.315,0.939,80,0
SPY190812C290,2019-08-09,2019-08-09 09:32:36,3.38,0.9575,1,3.31,0.9376,6,3.31,0.9376,1,3.345,0.9475,80,0
SPY190812C290,2019-08-09,2019-08-09 09:32:37,3.36,0.9518,6,3.32,0.9405,6,3.32,0.9405,1,3.34,0.9461,81,1
SPY190812C290,2019-08-09,2019-08-09 09:32:37,3.35,0.949,6,3.32,0.9405,8,3.32,0.9405,1,3.335,0.9447,81,0
SPY190812C290,2019-08-09,2019-08-09 09:32:38,3.35,0.949,6,3.32,0.9405,8,3.32,0.9405,1,3.335,0.9447,81,0
SPY190812C290,2019-08-09,2019-08-09 09:32:39,3.36,0.9518,73,3.31,0.9376,35,3.32,0.9405,1,3.335,0.9447,81,0
SPY190812C290,2019-08-09,2019-08-09 09:32:39,3.34,0.9461,12,3.32,0.9405,6,3.32,0.9405,1,3.33,0.9433,81,0
SPY190812C290,2019-08-09,2019-08-09 09:32:40,3.34,0.9461,6,3.31,0.9376,6,3.32,0.9405,1,3.325,0.9419,81,0
SPY190812C290,2019-08-09,2019-08-09 09:32:40,3.34,0.9461,6,3.31,0.9376,9,3.32,0.9405,1,3.325,0.9419,81,0
SPY190812C290,2019-08-09,2019-08-09 09:32:41,3.33,0.9433,6,3.29,0.932,100,3.32,0.9405,1,3.31,0.9376,81,0
SPY190812C290,2019-08-09,2019-08-09 09:32:41,3.34,0.9461,6,3.29,0.932,100,3.32,0.9405,1,3.315,0.939,81,0
SPY190812C290,2019-08-09,2019-08-09 09:32:42,3.33,0.9433,9,3.29,0.932,100,3.32,0.9405,1,3.31,0.9376,81,0
SPY190812C290,2019-08-09,2019-08-09 09:32:42,3.37,0.9546,73,3.3,0.9348,5,3.32,0.9405,1,3.335,0.9447,81,0
SPY190812C290,2019-08-09,2019-08-09 09:32:43,3.38,0.9575,1,3.33,0.9433,6,3.32,0.9405,1,3.355,0.9504,81,0
SPY190812C290,2019-08-09,2019-08-09 09:32:43,3.38,0.9575,1,3.33,0.9433,176,3.32,0.9405,1,3.355,0.9504,81,0
SPY190812C290,2019-08-09,2019-08-09 09:32:44,3.38,0.9575,1,3.35,0.949,5,3.32,0.9405,1,3.365,0.9532,81,0
SPY190812C290,2019-08-09,2019-08-09 09:32:44,3.38,0.9575,1,3.36,0.9518,6,3.32,0.9405,1,3.37,0.9546,81,0
SPY190812C290,2019-08-09,2019-08-09 09:32:45,3.41,0.966,5,3.37,0.9546,6,3.38,0.9575,1,3.39,0.9603,82,1
SPY190812C290,2019-08-09,2019-08-09 09:32:45,3.41,0.966,12,3.39,0.9603,1,3.38,0.9575,1,3.4,0.9631,82,0
SPY190812C290,2019-08-09,2019-08-09 09:32:46,3.41,0.966,12,3.38,0.9575,12,3.38,0.9575,1,3.395,0.9617,82,0
SPY190812C290,2019-08-09,2019-08-09 09:32:46,3.41,0.966,12,3.39,0.9603,1,3.38,0.9575,1,3.4,0.9631,82,0
SPY190812C290,2019-08-09,2019-08-09 09:32:47,3.41,0.966,6,3.38,0.9575,6,3.38,0.9575,1,3.395,0.9617,82,0
SPY190812C290,2019-08-09,2019-08-09 09:32:47,3.44,0.9745,5,3.38,0.9575,172,3.38,0.9575,1,3.41,0.966,82,0
SPY190812C290,2019-08-09,2019-08-09 09:32:48,3.43,0.9716,12,3.4,0.9631,6,3.38,0.9575,1,3.415,0.9674,82,0
SPY190812C290,2019-08-09,2019-08-09 09:32:48,3.43,0.9716,6,3.4,0.9631,6,3.38,0.9575,1,3.415,0.9674,82,0
SPY190812C290,2019-08-09,2019-08-09 09:32:49,3.43,0.9716,6,3.4,0.9631,6,3.38,0.9575,1,3.415,0.9674,82,0
SPY190812C290,2019-08-09,2019-08-09 09:32:50,3.43,0.9716,6,3.4,0.9631,6,3.38,0.9575,1,3.415,0.9674,82,0
SPY190812C290,2019-08-09,2019-08-09 09:32:51,3.42,0.9688,6,3.4,0.9631,12,3.38,0.9575,1,3.41,0.966,82,0
SPY190812C290,2019-08-09,2019-08-09 09:32:51,3.42,0.9688,6,3.38,0.9575,6,3.38,0.9575,1,3.4,0.9631,82,0
SPY190812C290,2019-08-09,2019-08-09 09:32:52,3.41,0.966,6,3.38,0.9575,6,3.38,0.9575,1,3.395,0.9617,82,0
SPY190812C290,2019-08-09,2019-08-09 09:32:53,3.42,0.9688,6,3.39,0.9603,6,3.38,0.9575,1,3.405,0.9645,82,0
SPY190812C290,2019-08-09,2019-08-09 09:32:53,3.42,0.9688,12,3.4,0.9631,12,3.38,0.9575,1,3.41,0.966,82,0
SPY190812C290,2019-08-09,2019-08-09 09:32:54,3.43,0.9716,11,3.4,0.9631,11,3.38,0.9575,1,3.415,0.9674,82,0
SPY190812C290,2019-08-09,2019-08-09 09:32:54,3.42,0.9688,6,3.4,0.9631,6,3.38,0.9575,1,3.41,0.966,82,0
SPY190812C290,2019-08-09,2019-08-09 09:32:55,3.42,0.9688,6,3.4,0.9631,6,3.38,0.9575,1,3.41,0.966,82,0
SPY190812C290,2019-08-09,2019-08-09 09:32:55,3.45,0.9773,10,3.39,0.9603,120,3.38,0.9575,1,3.42,0.9688,82,0
SPY190812C290,2019-08-09,2019-08-09 09:32:56,3.45,0.9773,6,3.42,0.9688,6,3.38,0.9575,1,3.435,0.973,82,0
SPY190812C290,2019-08-09,2019-08-09 09:32:56,3.45,0.9773,47,3.41,0.966,6,3.38,0.9575,1,3.43,0.9716,82,0
SPY190812C290,2019-08-09,2019-08-09 09:32:57,3.46,0.9801,12,3.43,0.9716,12,3.38,0.9575,1,3.445,0.9759,82,0
SPY190812C290,2019-08-09,2019-08-09 09:32:57,3.46,0.9801,9,3.43,0.9716,6,3.38,0.9575,1,3.445,0.9759,82,0
SPY190812C290,2019-08-09,2019-08-09 09:32:58,3.45,0.9773,10,3.41,0.966,39,3.38,0.9575,1,3.43,0.9716,82,0
SPY190812C290,2019-08-09,2019-08-09 09:32:58,3.45,0.9773,12,3.42,0.9688,12,3.38,0.9575,1,3.435,0.973,82,0
SPY190812C290,2019-08-09,2019-08-09 09:32:59,3.46,0.9801,6,3.43,0.9716,6,3.38,0.9575,1,3.445,0.9759,82,0
SPY190812C290,2019-08-09,2019-08-09 09:32:59,3.46,0.9801,11,3.43,0.9716,11,3.38,0.9575,1,3.445,0.9759,82,0
SPY190812C290,2019-08-09,2019-08-09 09:33:00,3.45,0.9773,6,3.42,0.9688,12,3.38,0.9575,1,3.435,0.973,82,0
SPY190812C290,2019-08-09,2019-08-09 09:33:00,3.47,0.983,82,3.43,0.9716,6,3.38,0.9575,1,3.45,0.9773,82,0
SPY190812C290,2019-08-09,2019-08-09 09:33:01,3.44,0.9745,12,3.42,0.9688,12,3.38,0.9575,1,3.43,0.9716,82,0
SPY190812C290,2019-08-09,2019-08-09 09:33:01,3.44,0.9745,12,3.42,0.9688,6,3.38,0.9575,1,3.43,0.9716,82,0
SPY190812C290,2019-08-09,2019-08-09 09:33:02,3.43,0.9716,9,3.39,0.9603,9,3.38,0.9575,1,3.41,0.966,82,0
SPY190812C290,2019-08-09,2019-08-09 09:33:02,3.44,0.9745,10,3.41,0.966,10,3.38,0.9575,1,3.425,0.9702,82,0
SPY190812C290,2019-08-09,2019-08-09 09:33:03,3.43,0.9716,9,3.39,0.9603,6,3.38,0.9575,1,3.41,0.966,82,0
SPY190812C290,2019-08-09,2019-08-09 09:33:03,3.42,0.9688,17,3.39,0.9603,17,3.38,0.9575,1,3.405,0.9645,82,0
SPY190812C290,2019-08-09,2019-08-09 09:33:04,3.42,0.9688,6,3.38,0.9575,6,3.38,0.9575,1,3.4,0.9631,82,0
SPY190812C290,2019-08-09,2019-08-09 09:33:04,3.42,0.9688,6,3.38,0.9575,30,3.38,0.9575,1,3.4,0.9631,82,0
SPY190812C290,2019-08-09,2019-08-09 09:33:05,3.42,0.9688,6,3.38,0.9575,6,3.38,0.9575,1,3.4,0.9631,82,0
SPY190812C290,2019-08-09,2019-08-09 09:33:05,3.43,0.9716,80,3.37,0.9546,87,3.38,0.9575,1,3.4,0.9631,82,0
SPY190812C290,2019-08-09,2019-08-09 09:33:06,3.42,0.9688,4,3.4,0.9631,10,3.38,0.9575,1,3.41,0.966,82,0
SPY190812C290,2019-08-09,2019-08-09 09:33:07,3.45,0.9773,6,3.41,0.966,6,3.38,0.9575,1,3.43,0.9716,82,0
SPY190812C290,2019-08-09,2019-08-09 09:33:07,3.45,0.9773,68,3.42,0.9688,6,3.38,0.9575,1,3.435,0.973,82,0
SPY190812C290,2019-08-09,2019-08-09 09:33:08,3.45,0.9773,33,3.42,0.9688,6,3.38,0.9575,1,3.435,0.973,82,0
SPY190812C290,2019-08-09,2019-08-09 09:33:08,3.45,0.9773,6,3.43,0.9716,6,3.38,0.9575,1,3.44,0.9745,82,0
SPY190812C290,2019-08-09,2019-08-09 09:33:09,3.45,0.9773,9,3.41,0.966,9,3.38,0.9575,1,3.43,0.9716,82,0
SPY190812C290,2019-08-09,2019-08-09 09:33:09,3.45,0.9773,4,3.43,0.9716,6,3.38,0.9575,1,3.44,0.9745,82,0
SPY190812C290,2019-08-09,2019-08-09 09:33:10,3.44,0.9745,6,3.41,0.966,6,3.38,0.9575,1,3.425,0.9702,82,0
SPY190812C290,2019-08-09,2019-08-09 09:33:10,3.45,0.9773,9,3.4,0.9631,65,3.38,0.9575,1,3.425,0.9702,82,0
SPY190812C290,2019-08-09,2019-08-09 09:33:11,3.45,0.9773,52,3.41,0.966,10,3.38,0.9575,1,3.43,0.9716,82,0
SPY190812C290,2019-08-09,2019-08-09 09:33:11,3.44,0.9745,3,3.41,0.966,6,3.38,0.9575,1,3.425,0.9702,82,0
SPY190812C290,2019-08-09,2019-08-09 09:33:12,3.44,0.9745,10,3.41,0.966,10,3.38,0.9575,1,3.425,0.9702,82,0
SPY190812C290,2019-08-09,2019-08-09 09:33:12,3.44,0.9745,6,3.4,0.9631,6,3.38,0.9575,1,3.42,0.9688,82,0
SPY190812C290,2019-08-09,2019-08-09 09:33:13,3.42,0.9688,6,3.36,0.9518,100,3.38,0.9575,1,3.39,0.9603,82,0
SPY190812C290,2019-08-09,2019-08-09 09:33:13,3.43,0.9716,6,3.4,0.9631,6,3.38,0.9575,1,3.415,0.9674,82,0
SPY190812C290,2019-08-09,2019-08-09 09:33:14,3.4,0.9631,9,3.37,0.9546,9,3.38,0.9575,1,3.385,0.9589,82,0
SPY190812C290,2019-08-09,2019-08-09 09:33:14,3.41,0.966,9,3.37,0.9546,9,3.38,0.9575,1,3.39,0.9603,82,0
SPY190812C290,2019-08-09,2019-08-09 09:33:15,3.39,0.9603,9,3.36,0.9518,15,3.38,0.9575,1,3.375,0.956,82,0
SPY190812C290,2019-08-09,2019-08-09 09:33:15,3.38,0.9575,6,3.34,0.9461,6,3.38,0.9575,1,3.36,0.9518,82,0
SPY190812C290,2019-08-09,2019-08-09 09:33:16,3.38,0.9575,6,3.35,0.949,7,3.38,0.9575,1,3.365,0.9532,82,0
SPY190812C290,2019-08-09,2019-08-09 09:33:16,3.38,0.9575,6,3.34,0.9461,6,3.38,0.9575,1,3.36,0.9518,82,0
SPY190812C290,2019-08-09,2019-08-09 09:33:17,3.39,0.9603,72,3.35,0.949,6,3.38,0.9575,1,3.37,0.9546,82,0
SPY190812C290,2019-08-09,2019-08-09 09:33:17,3.38,0.9575,6,3.35,0.949,6,3.38,0.9575,1,3.365,0.9532,82,0
SPY190812C290,2019-08-09,2019-08-09 09:33:18,3.41,0.966,6,3.37,0.9546,6,3.38,0.9575,1,3.39,0.9603,82,0
SPY190812C290,2019-08-09,2019-08-09 09:33:18,3.41,0.966,7,3.38,0.9575,7,3.38,0.9575,1,3.395,0.9617,82,0
SPY190812C290,2019-08-09,2019-08-09 09:33:19,3.41,0.966,4,3.39,0.9603,13,3.38,0.9575,1,3.4,0.9631,82,0
SPY190812C290,2019-08-09,2019-08-09 09:33:19,3.41,0.966,10,3.39,0.9603,7,3.38,0.9575,1,3.4,0.9631,82,0
SPY190812C290,2019-08-09,2019-08-09 09:33:20,3.41,0.966,10,3.38,0.9575,9,3.38,0.9575,1,3.395,0.9617,82,0
SPY190812C290,2019-08-09,2019-08-09 09:33:20,3.41,0.966,6,3.38,0.9575,6,3.38,0.9575,1,3.395,0.9617,82,0
SPY190812C290,2019-08-09,2019-08-09 09:33:21,3.41,0.966,10,3.37,0.9546,10,3.38,0.9575,1,3.39,0.9603,82,0
SPY190812C290,2019-08-09,2019-08-09 09:33:21,3.41,0.966,6,3.39,0.9603,6,3.38,0.9575,1,3.4,0.9631,82,0
SPY190812C290,2019-08-09,2019-08-09 09:33:22,3.39,0.9603,9,3.37,0.9546,10,3.38,0.9575,1,3.38,0.9575,82,0
SPY190812C290,2019-08-09,2019-08-09 09:33:22,3.42,0.9688,6,3.39,0.9603,6,3.38,0.9575,1,3.405,0.9645,82,0
SPY190812C290,2019-08-09,2019-08-09 09:33:23,3.43,0.9716,103,3.4,0.9631,1,3.4,0.9631,2,3.415,0.9674,84,2
SPY190812C290,2019-08-09,2019-08-09 09:33:23,3.43,0.9716,103,3.4,0.9631,1,3.4,0.9631,2,3.415,0.9674,84,0
SPY190812C290,2019-08-09,2019-08-09 09:33:24,3.42,0.9688,6,3.4,0.9631,6,3.4,0.9631,2,3.41,0.966,84,0
SPY190812C290,2019-08-09,2019-08-09 09:33:24,3.44,0.9745,10,3.4,0.9631,172,3.4,0.9631,2,3.42,0.9688,84,0
SPY190812C290,2019-08-09,2019-08-09 09:33:25,3.44,0.9745,10,3.42,0.9688,10,3.4,0.9631,2,3.43,0.9716,84,0
SPY190812C290,2019-08-09,2019-08-09 09:33:25,3.43,0.9716,6,3.4,0.9631,6,3.4,0.9631,2,3.415,0.9674,84,0
SPY190812C290,2019-08-09,2019-08-09 09:33:26,3.43,0.9716,6,3.39,0.9603,6,3.4,0.9631,2,3.41,0.966,84,0
SPY190812C290,2019-08-09,2019-08-09 09:33:26,3.43,0.9716,6,3.4,0.9631,6,3.4,0.9631,2,3.415,0.9674,84,0
SPY190812C290,2019-08-09,2019-08-09 09:33:27,3.44,0.9745,10,3.42,0.9688,10,3.4,0.9631,2,3.43,0.9716,84,0
SPY190812C290,2019-08-09,2019-08-09 09:33:27,3.44,0.9745,10,3.41,0.966,10,3.4,0.9631,2,3.425,0.9702,84,0
SPY190812C290,2019-08-09,2019-08-09 09:33:28,3.43,0.9716,7,3.41,0.966,10,3.4,0.9631,2,3.42,0.9688,84,0
SPY190812C290,2019-08-09,2019-08-09 09:33:28,3.42,0.9688,6,3.39,0.9603,6,3.4,0.9631,2,3.405,0.9645,84,0
SPY190812C290,2019-08-09,2019-08-09 09:33:29,3.4,0.9631,6,3.38,0.9575,10,3.4,0.9631,2,3.39,0.9603,84,0
SPY190812C290,2019-08-09,2019-08-09 09:33:30,3.4,0.9631,6,3.36,0.9518,6,3.4,0.9631,2,3.38,0.9575,84,0
SPY190812C290,2019-08-09,2019-08-09 09:33:31,3.4,0.9631,32,3.36,0.9518,6,3.4,0.9631,2,3.38,0.9575,84,0
SPY190812C290,2019-08-09,2019-08-09 09:33:31,3.4,0.9631,43,3.37,0.9546,6,3.4,0.9631,2,3.385,0.9589,84,0
SPY190812C290,2019-08-09,2019-08-09 09:33:32,3.4,0.9631,32,3.36,0.9518,10,3.4,0.9631,2,3.38,0.9575,84,0
SPY190812C290,2019-08-09,2019-08-09 09:33:33,3.39,0.9603,6,3.35,0.949,6,3.4,0.9631,2,3.37,0.9546,84,0
SPY190812C290,2019-08-09,2019-08-09 09:33:33,3.4,0.9631,100,3.37,0.9546,6,3.4,0.9631,2,3.385,0.9589,84,0
SPY190812C290,2019-08-09,2019-08-09 09:33:34,3.39,0.9603,6,3.37,0.9546,6,3.4,0.9631,2,3.38,0.9575,84,0
SPY190812C290,2019-08-09,2019-08-09 09:33:34,3.38,0.9575,6,3.35,0.949,9,3.4,0.9631,2,3.365,0.9532,84,0
SPY190812C290,2019-08-09,2019-08-09 09:33:35,3.37,0.9546,6,3.34,0.9461,6,3.4,0.9631,2,3.355,0.9504,84,0
SPY190812C290,2019-08-09,2019-08-09 09:33:35,3.38,0.9575,6,3.34,0.9461,6,3.4,0.9631,2,3.36,0.9518,84,0
SPY190812C290,2019-08-09,2019-08-09 09:33:36,3.37,0.9546,9,3.35,0.949,6,3.4,0.9631,2,3.36,0.9518,84,0
SPY190812C290,2019-08-09,2019-08-09 09:33:36,3.39,0.9603,6,3.35,0.949,6,3.4,0.9631,2,3.37,0.9546,84,0
SPY190812C290,2019-08-09,2019-08-09 09:33:37,3.38,0.9575,3,3.36,0.9518,10,3.4,0.9631,2,3.37,0.9546,84,0
SPY190812C290,2019-08-09,2019-08-09 09:33:37,3.38,0.9575,3,3.35,0.949,15,3.4,0.9631,2,3.365,0.9532,84,0
SPY190812C290,2019-08-09,2019-08-09 09:33:38,3.36,0.9518,6,3.33,0.9433,6,3.4,0.9631,2,3.345,0.9475,84,0
SPY190812C290,2019-08-09,2019-08-09 09:33:38,3.39,0.9603,9,3.36,0.9518,9,3.4,0.9631,2,3.375,0.956,84,0
SPY190812C290,2019-08-09,2019-08-09 09:33:39,3.36,0.9518,6,3.35,0.949,6,3.4,0.9631,2,3.355,0.9504,84,0
SPY190812C290,2019-08-09,2019-08-09 09:33:39,3.37,0.9546,6,3.35,0.949,6,3.4,0.9631,2,3.36,0.9518,84,0
SPY190812C290,2019-08-09,2019-08-09 09:33:40,3.37,0.9546,10,3.32,0.9405,172,3.4,0.9631,2,3.345,0.9475,84,0
SPY190812C290,2019-08-09,2019-08-09 09:33:40,3.36,0.9518,9,3.33,0.9433,6,3.4,0.9631,2,3.345,0.9475,84,0
SPY190812C290,2019-08-09,2019-08-09 09:33:41,3.35,0.949,6,3.33,0.9433,6,3.4,0.9631,2,3.34,0.9461,84,0
SPY190812C290,2019-08-09,2019-08-09 09:33:41,3.35,0.949,10,3.32,0.9405,4,3.4,0.9631,2,3.335,0.9447,84,0
SPY190812C290,2019-08-09,2019-08-09 09:33:42,3.35,0.949,6,3.32,0.9405,6,3.4,0.9631,2,3.335,0.9447,84,0
SPY190812C290,2019-08-09,2019-08-09 09:33:42,3.35,0.949,6,3.33,0.9433,6,3.4,0.9631,2,3.34,0.9461,84,0
SPY190812C290,2019-08-09,2019-08-09 09:33:43,3.35,0.949,6,3.31,0.9376,6,3.4,0.9631,2,3.33,0.9433,84,0
SPY190812C290,2019-08-09,2019-08-09 09:33:43,3.35,0.949,6,3.32,0.9405,6,3.4,0.9631,2,3.335,0.9447,84,0
SPY190812C290,2019-08-09,2019-08-09 09:33:44,3.35,0.949,6,3.32,0.9405,6,3.4,0.9631,2,3.335,0.9447,84,0
SPY190812C290,2019-08-09,2019-08-09 09:33:44,3.35,0.949,6,3.33,0.9433,6,3.4,0.9631,2,3.34,0.9461,84,0
SPY190812C290,2019-08-09,2019-08-09 09:33:45,3.33,0.9433,6,3.3,0.9348,6,3.4,0.9631,2,3.315,0.939,84,0
SPY190812C290,2019-08-09,2019-08-09 09:33:45,3.35,0.949,121,3.3,0.9348,6,3.4,0.9631,2,3.325,0.9419,84,0
SPY190812C290,2019-08-09,2019-08-09 09:33:46,3.37,0.9546,6,3.34,0.9461,6,3.4,0.9631,2,3.355,0.9504,84,0
SPY190812C290,2019-08-09,2019-08-09 09:33:46,3.35,0.949,10,3.32,0.9405,10,3.4,0.9631,2,3.335,0.9447,84,0
SPY190812C290,2019-08-09,2019-08-09 09:33:47,3.43,0.9716,10,3.36,0.9518,183,3.4,0.9631,2,3.395,0.9617,84,0
SPY190812C290,2019-08-09,2019-08-09 09:33:47,3.41,0.966,15,3.36,0.9518,183,3.4,0.9631,2,3.385,0.9589,84,0
SPY190812C290,2019-08-09,2019-08-09 09:33:48,3.41,0.966,6,3.37,0.9546,6,3.4,0.9631,2,3.39,0.9603,84,0
SPY190812C290,2019-08-09,2019-08-09 09:33:48,3.4,0.9631,9,3.38,0.9575,9,3.4,0.9631,2,3.39,0.9603,84,0
SPY190812C290,2019-08-09,2019-08-09 09:33:49,3.43,0.9716,10,3.41,0.966,6,3.4,0.9631,2,3.42,0.9688,84,0
SPY190812C290,2019-08-09,2019-08-09 09:33:49,3.42,0.9688,4,3.4,0.9631,10,3.4,0.9631,2,3.41,0.966,84,0
SPY190812C290,2019-08-09,2019-08-09 09:33:50,3.44,0.9745,10,3.41,0.966,10,3.4,0.9631,2,3.425,0.9702,84,0
SPY190812C290,2019-08-09,2019-08-09 09:33:50,3.44,0.9745,4,3.41,0.966,15,3.4,0.9631,2,3.425,0.9702,84,0
SPY190812C290,2019-08-09,2019-08-09 09:33:51,3.44,0.9745,10,3.42,0.9688,4,3.4,0.9631,2,3.43,0.9716,84,0
SPY190812C290,2019-08-09,2019-08-09 09:33:51,3.45,0.9773,72,3.39,0.9603,100,3.4,0.9631,2,3.42,0.9688,84,0
SPY190812C290,2019-08-09,2019-08-09 09:33:52,3.44,0.9745,4,3.42,0.9688,10,3.4,0.9631,2,3.43,0.9716,84,0
SPY190812C290,2019-08-09,2019-08-09 09:33:52,3.45,0.9773,45,3.42,0.9688,10,3.4,0.9631,2,3.435,0.973,84,0
SPY190812C290,2019-08-09,2019-08-09 09:33:53,3.44,0.9745,6,3.41,0.966,6,3.4,0.9631,2,3.425,0.9702,84,0
SPY190812C290,2019-08-09,2019-08-09 09:33:53,3.45,0.9773,34,3.4,0.9631,100,3.4,0.9631,2,3.425,0.9702,84,0
SPY190812C290,2019-08-09,2019-08-09 09:33:54,3.45,0.9773,4,3.43,0.9716,10,3.43,0.9716,1,3.44,0.9745,85,1
SPY190812C290,2019-08-09,2019-08-09 09:33:54,3.45,0.9773,5,3.4,0.9631,73,3.4,0.9631,2,3.425,0.9702,84,0
SPY190812C290,2019-08-09,2019-08-09 09:33:55,3.45,0.9773,6,3.41,0.966,6,3.43,0.9716,1,3.43,0.9716,85,0
SPY190812C290,2019-08-09,2019-08-09 09:33:56,3.45,0.9773,47,3.4,0.9631,6,3.43,0.9716,1,3.425,0.9702,85,0
SPY190812C290,2019-08-09,2019-08-09 09:33:56,3.44,0.9745,6,3.4,0.9631,6,3.43,0.9716,1,3.42,0.9688,85,0
SPY190812C290,2019-08-09,2019-08-09 09:33:57,3.46,0.9801,84,3.42,0.9688,6,3.43,0.9716,1,3.44,0.9745,85,0
SPY190812C290,2019-08-09,2019-08-09 09:33:57,3.45,0.9773,4,3.43,0.9716,10,3.43,0.9716,1,3.44,0.9745,85,0
SPY190812C290,2019-08-09,2019-08-09 09:33:58,3.45,0.9773,10,3.41,0.966,29,3.43,0.9716,1,3.43,0.9716,85,0
SPY190812C290,2019-08-09,2019-08-09 09:33:58,3.45,0.9773,10,3.43,0.9716,9,3.43,0.9716,1,3.44,0.9745,85,0
SPY190812C290,2019-08-09,2019-08-09 09:33:59,3.45,0.9773,41,3.42,0.9688,6,3.43,0.9716,1,3.435,0.973,85,0
SPY190812C290,2019-08-09,2019-08-09 09:33:59,3.44,0.9745,6,3.4,0.9631,6,3.43,0.9716,1,3.42,0.9688,85,0
SPY190812C290,2019-08-09,2019-08-09 09:34:00,3.43,0.9716,8,3.4,0.9631,6,3.43,0.9716,1,3.415,0.9674,85,0
SPY190812C290,2019-08-09,2019-08-09 09:34:00,3.43,0.9716,4,3.4,0.9631,6,3.43,0.9716,1,3.415,0.9674,85,0
SPY190812C290,2019-08-09,2019-08-09 09:34:01,3.45,0.9773,131,3.4,0.9631,6,3.43,0.9716,1,3.425,0.9702,85,0
SPY190812C290,2019-08-09,2019-08-09 09:34:01,3.45,0.9773,98,3.42,0.9688,6,3.43,0.9716,1,3.435,0.973,85,0
SPY190812C290,2019-08-09,2019-08-09 09:34:02,3.44,0.9745,10,3.42,0.9688,6,3.43,0.9716,1,3.43,0.9716,85,0
SPY190812C290,2019-08-09,2019-08-09 09:34:02,3.44,0.9745,7,3.42,0.9688,1,3.43,0.9716,1,3.43,0.9716,85,0
SPY190812C290,2019-08-09,2019-08-09 09:34:03,3.45,0.9773,6,3.42,0.9688,6,3.43,0.9716,1,3.435,0.973,85,0
SPY190812C290,2019-08-09,2019-08-09 09:34:04,3.45,0.9773,4,3.42,0.9688,10,3.43,0.9716,1,3.435,0.973,85,0
SPY190812C290,2019-08-09,2019-08-09 09:34:04,3.45,0.9773,6,3.42,0.9688,6,3.43,0.9716,1,3.435,0.973,85,0
SPY190812C290,2019-08-09,2019-08-09 09:34:05,3.49,0.9886,102,3.43,0.9716,6,3.43,0.9716,1,3.46,0.9801,85,0
SPY190812C290,2019-08-09,2019-08-09 09:34:06,3.47,0.983,4,3.45,0.9773,10,3.43,0.9716,1,3.46,0.9801,85,0
SPY190812C290,2019-08-09,2019-08-09 09:34:07,3.48,0.9858,37,3.45,0.9773,10,3.43,0.9716,1,3.465,0.9815,85,0
SPY190812C290,2019-08-09,2019-08-09 09:34:07,3.48,0.9858,6,3.45,0.9773,7,3.43,0.9716,1,3.465,0.9815,85,0
SPY190812C290,2019-08-09,2019-08-09 09:34:08,3.48,0.9858,10,3.46,0.9801,10,3.43,0.9716,1,3.47,0.983,85,0
SPY190812C290,2019-08-09,2019-08-09 09:34:08,3.48,0.9858,6,3.46,0.9801,6,3.43,0.9716,1,3.47,0.983,85,0
SPY190812C290,2019-08-09,2019-08-09 09:34:09,3.48,0.9858,6,3.44,0.9745,6,3.43,0.9716,1,3.46,0.9801,85,0
SPY190812C290,2019-08-09,2019-08-09 09:34:10,3.48,0.9858,6,3.45,0.9773,9,3.43,0.9716,1,3.465,0.9815,85,0
SPY190812C290,2019-08-09,2019-08-09 09:34:10,3.48,0.9858,6,3.45,0.9773,6,3.43,0.9716,1,3.465,0.9815,85,0
SPY190812C290,2019-08-09,2019-08-09 09:34:11,3.48,0.9858,11,3.45,0.9773,6,3.43,0.9716,1,3.465,0.9815,85,0
SPY190812C290,2019-08-09,2019-08-09 09:34:11,3.45,0.9773,10,3.42,0.9688,10,3.43,0.9716,1,3.435,0.973,85,0
SPY190812C290,2019-08-09,2019-08-09 09:34:12,3.44,0.9745,9,3.4,0.9631,9,3.43,0.9716,1,3.42,0.9688,85,0
SPY190812C290,2019-08-09,2019-08-09 09:34:12,3.45,0.9773,10,3.42,0.9688,10,3.43,0.9716,1,3.435,0.973,85,0
SPY190812C290,2019-08-09,2019-08-09 09:34:13,3.46,0.9801,5,3.4,0.9631,10,3.43,0.9716,1,3.43,0.9716,85,0
SPY190812C290,2019-08-09,2019-08-09 09:34:13,3.44,0.9745,4,3.42,0.9688,4,3.43,0.9716,1,3.43,0.9716,85,0
SPY190812C290,2019-08-09,2019-08-09 09:34:14,3.45,0.9773,108,3.37,0.9546,100,3.43,0.9716,1,3.41,0.966,85,0
SPY190812C290,2019-08-09,2019-08-09 09:34:14,3.42,0.9688,6,3.39,0.9603,6,3.43,0.9716,1,3.405,0.9645,85,0
SPY190812C290,2019-08-09,2019-08-09 09:34:15,3.43,0.9716,10,3.41,0.966,10,3.43,0.9716,1,3.42,0.9688,85,0
SPY190812C290,2019-08-09,2019-08-09 09:34:15,3.43,0.9716,10,3.4,0.9631,10,3.43,0.9716,1,3.415,0.9674,85,0
SPY190812C290,2019-08-09,2019-08-09 09:34:16,3.43,0.9716,9,3.4,0.9631,9,3.43,0.9716,1,3.415,0.9674,85,0
SPY190812C290,2019-08-09,2019-08-09 09:34:16,3.42,0.9688,10,3.4,0.9631,5,3.43,0.9716,1,3.41,0.966,85,0
SPY190812C290,2019-08-09,2019-08-09 09:34:17,3.43,0.9716,15,3.4,0.9631,15,3.43,0.9716,1,3.415,0.9674,85,0
SPY190812C290,2019-08-09,2019-08-09 09:34:17,3.43,0.9716,6,3.4,0.9631,9,3.43,0.9716,1,3.415,0.9674,85,0
SPY190812C290,2019-08-09,2019-08-09 09:34:18,3.42,0.9688,6,3.38,0.9575,6,3.43,0.9716,1,3.4,0.9631,85,0
SPY190812C290,2019-08-09,2019-08-09 09:34:18,3.42,0.9688,4,3.4,0.9631,6,3.43,0.9716,1,3.41,0.966,85,0
SPY190812C290,2019-08-09,2019-08-09 09:34:19,3.44,0.9745,6,3.4,0.9631,6,3.43,0.9716,1,3.42,0.9688,85,0
SPY190812C290,2019-08-09,2019-08-09 09:34:19,3.44,0.9745,6,3.41,0.966,6,3.43,0.9716,1,3.425,0.9702,85,0
SPY190812C290,2019-08-09,2019-08-09 09:34:20,3.44,0.9745,6,3.42,0.9688,6,3.43,0.9716,1,3.43,0.9716,85,0
SPY190812C290,2019-08-09,2019-08-09 09:34:20,3.44,0.9745,6,3.41,0.966,6,3.43,0.9716,1,3.425,0.9702,85,0
SPY190812C290,2019-08-09,2019-08-09 09:34:21,3.44,0.9745,6,3.42,0.9688,6,3.43,0.9716,1,3.43,0.9716,85,0
SPY190812C290,2019-08-09,2019-08-09 09:34:21,3.45,0.9773,10,3.41,0.966,10,3.43,0.9716,1,3.43,0.9716,85,0
SPY190812C290,2019-08-09,2019-08-09 09:34:22,3.45,0.9773,4,3.42,0.9688,10,3.43,0.9716,1,3.435,0.973,85,0
SPY190812C290,2019-08-09,2019-08-09 09:34:22,3.45,0.9773,10,3.42,0.9688,10,3.43,0.9716,1,3.435,0.973,85,0
SPY190812C290,2019-08-09,2019-08-09 09:34:23,3.47,0.983,6,3.44,0.9745,6,3.43,0.9716,1,3.455,0.9787,85,0
SPY190812C290,2019-08-09,2019-08-09 09:34:23,3.45,0.9773,4,3.43,0.9716,12,3.43,0.9716,1,3.44,0.9745,85,0
SPY190812C290,2019-08-09,2019-08-09 09:34:24,3.47,0.983,6,3.44,0.9745,53,3.43,0.9716,1,3.455,0.9787,85,0
SPY190812C290,2019-08-09,2019-08-09 09:34:24,3.49,0.9886,6,3.45,0.9773,9,3.43,0.9716,1,3.47,0.983,85,0
SPY190812C290,2019-08-09,2019-08-09 09:34:25,3.49,0.9886,6,3.47,0.983,6,3.43,0.9716,1,3.48,0.9858,85,0
SPY190812C290,2019-08-09,2019-08-09 09:34:25,3.49,0.9886,6,3.46,0.9801,6,3.43,0.9716,1,3.475,0.9844,85,0
SPY190812C290,2019-08-09,2019-08-09 09:34:26,3.46,0.9801,10,3.44,0.9745,10,3.43,0.9716,1,3.45,0.9773,85,0
SPY190812C290,2019-08-09,2019-08-09 09:34:26,3.47,0.983,6,3.43,0.9716,6,3.43,0.9716,1,3.45,0.9773,85,0
SPY190812C290,2019-08-09,2019-08-09 09:34:27,3.46,0.9801,10,3.44,0.9745,4,3.43,0.9716,1,3.45,0.9773,85,0
SPY190812C290,2019-08-09,2019-08-09 09:34:27,3.45,0.9773,6,3.41,0.966,6,3.43,0.9716,1,3.43,0.9716,85,0
SPY190812C290,2019-08-09,2019-08-09 09:34:28,3.45,0.9773,6,3.4,0.9631,6,3.43,0.9716,1,3.425,0.9702,85,0
SPY190812C290,2019-08-09,2019-08-09 09:34:29,3.44,0.9745,6,3.41,0.966,6,3.43,0.9716,1,3.425,0.9702,85,0
SPY190812C290,2019-08-09,2019-08-09 09:34:29,3.45,0.9773,6,3.4,0.9631,43,3.43,0.9716,1,3.425,0.9702,85,0
SPY190812C290,2019-08-09,2019-08-09 09:34:30,3.46,0.9801,73,3.41,0.966,6,3.43,0.9716,1,3.435,0.973,85,0
SPY190812C290,2019-08-09,2019-08-09 09:34:30,3.43,0.9716,6,3.4,0.9631,6,3.43,0.9716,1,3.415,0.9674,85,0
SPY190812C290,2019-08-09,2019-08-09 09:34:31,3.45,0.9773,6,3.4,0.9631,6,3.43,0.9716,1,3.425,0.9702,85,0
SPY190812C290,2019-08-09,2019-08-09 09:34:31,3.46,0.9801,59,3.43,0.9716,6,3.43,0.9716,1,3.445,0.9759,85,0
SPY190812C290,2019-08-09,2019-08-09 09:34:32,3.47,0.983,41,3.43,0.9716,6,3.43,0.9716,1,3.45,0.9773,85,0
SPY190812C290,2019-08-09,2019-08-09 09:34:32,3.48,0.9858,10,3.43,0.9716,6,3.43,0.9716,1,3.455,0.9787,85,0
SPY190812C290,2019-08-09,2019-08-09 09:34:33,3.47,0.983,6,3.43,0.9716,6,3.43,0.9716,1,3.45,0.9773,85,0
SPY190812C290,2019-08-09,2019-08-09 09:34:33,3.49,0.9886,10,3.45,0.9773,6,3.43,0.9716,1,3.47,0.983,85,0
SPY190812C290,2019-08-09,2019-08-09 09:34:34,3.48,0.9858,6,3.44,0.9745,7,3.43,0.9716,1,3.46,0.9801,85,0
SPY190812C290,2019-08-09,2019-08-09 09:34:34,3.49,0.9886,15,3.46,0.9801,10,3.43,0.9716,1,3.475,0.9844,85,0
SPY190812C290,2019-08-09,2019-08-09 09:34:35,3.5,0.9915,144,3.45,0.9773,7,3.43,0.9716,1,3.475,0.9844,85,0
SPY190812C290,2019-08-09,2019-08-09 09:34:36,3.49,0.9886,6,3.43,0.9716,108,3.43,0.9716,1,3.46,0.9801,85,0
SPY190812C290,2019-08-09,2019-08-09 09:34:36,3.48,0.9858,6,3.44,0.9745,6,3.43,0.9716,1,3.46,0.9801,85,0
SPY190812C290,2019-08-09,2019-08-09 09:34:37,3.48,0.9858,10,3.44,0.9745,10,3.43,0.9716,1,3.46,0.9801,85,0
SPY190812C290,2019-08-09,2019-08-09 09:34:38,3.49,0.9886,6,3.45,0.9773,9,3.43,0.9716,1,3.47,0.983,85,0
SPY190812C290,2019-08-09,2019-08-09 09:34:39,3.5,0.9915,10,3.46,0.9801,10,3.43,0.9716,1,3.48,0.9858,85,0
SPY190812C290,2019-08-09,2019-08-09 09:34:39,3.51,0.9943,10,3.45,0.9773,6,3.43,0.9716,1,3.48,0.9858,85,0
SPY190812C290,2019-08-09,2019-08-09 09:34:40,3.5,0.9915,110,3.45,0.9773,6,3.43,0.9716,1,3.475,0.9844,85,0
SPY190812C290,2019-08-09,2019-08-09 09:34:40,3.49,0.9886,4,3.45,0.9773,10,3.43,0.9716,1,3.47,0.983,85,0
SPY190812C290,2019-08-09,2019-08-09 09:34:41,3.49,0.9886,6,3.46,0.9801,6,3.43,0.9716,1,3.475,0.9844,85,0
SPY190812C290,2019-08-09,2019-08-09 09:34:41,3.49,0.9886,6,3.45,0.9773,6,3.43,0.9716,1,3.47,0.983,85,0
SPY190812C290,2019-08-09,2019-08-09 09:34:42,3.53,1.0,5,3.46,0.9801,143,3.43,0.9716,1,3.495,0.99,85,0
SPY190812C290,2019-08-09,2019-08-09 09:34:42,3.49,0.9886,6,3.45,0.9773,6,3.43,0.9716,1,3.47,0.983,85,0
SPY190812C290,2019-08-09,2019-08-09 09:34:43,3.52,0.9971,10,3.46,0.9801,143,3.43,0.9716,1,3.49,0.9886,85,0
SPY190812C290,2019-08-09,2019-08-09 09:34:43,3.52,0.9971,96,3.46,0.9801,143,3.43,0.9716,1,3.49,0.9886,85,0
SPY190812C290,2019-08-09,2019-08-09 09:34:44,3.51,0.9943,6,3.47,0.983,6,3.43,0.9716,1,3.49,0.9886,85,0
SPY190812C290,2019-08-09,2019-08-09 09:34:44,3.51,0.9943,10,3.48,0.9858,10,3.43,0.9716,1,3.495,0.99,85,0
SPY190812C290,2019-08-09,2019-08-09 09:34:45,3.52,0.9971,6,3.49,0.9886,6,3.43,0.9716,1,3.505,0.9929,85,0
SPY190812C290,2019-08-09,2019-08-09 09:34:45,3.52,0.9971,100,3.48,0.9858,6,3.43,0.9716,1,3.5,0.9915,85,0
SPY190812C290,2019-08-09,2019-08-09 09:34:46,3.52,0.9971,6,3.48,0.9858,6,3.43,0.9716,1,3.5,0.9915,85,0
SPY190812C290,2019-08-09,2019-08-09 09:34:47,3.52,0.9971,6,3.49,0.9886,100,3.43,0.9716,1,3.505,0.9929,85,0
SPY190812C290,2019-08-09,2019-08-09 09:34:47,3.53,1.0,4,3.5,0.9915,15,3.43,0.9716,1,3.515,0.9957,85,0
SPY190812C290,2019-08-09,2019-08-09 09:34:48,3.52,0.9971,6,3.5,0.9915,6,3.43,0.9716,1,3.51,0.9943,85,0
SPY190812C290,2019-08-09,2019-08-09 09:34:48,3.52,0.9971,6,3.49,0.9886,6,3.43,0.9716,1,3.505,0.9929,85,0
SPY190812C290,2019-08-09,2019-08-09 09:34:49,3.54,1.0028,6,3.48,0.9858,6,3.43,0.9716,1,3.51,0.9943,85,0
SPY190812C290,2019-08-09,2019-08-09 09:34:49,3.52,0.9971,6,3.48,0.9858,6,3.43,0.9716,1,3.5,0.9915,85,0
SPY190812C290,2019-08-09,2019-08-09 09:34:50,3.54,1.0028,6,3.48,0.9858,6,3.43,0.9716,1,3.51,0.9943,85,0
SPY190812C290,2019-08-09,2019-08-09 09:34:50,3.56,1.0084,100,3.47,0.983,186,3.43,0.9716,1,3.515,0.9957,85,0
SPY190812C290,2019-08-09,2019-08-09 09:34:51,3.53,1.0,71,3.49,0.9886,6,3.43,0.9716,1,3.51,0.9943,85,0
SPY190812C290,2019-08-09,2019-08-09 09:34:51,3.52,0.9971,10,3.49,0.9886,9,3.43,0.9716,1,3.505,0.9929,85,0
SPY190812C290,2019-08-09,2019-08-09 09:34:52,3.53,1.0,6,3.5,0.9915,6,3.43,0.9716,1,3.515,0.9957,85,0
SPY190812C290,2019-08-09,2019-08-09 09:34:52,3.53,1.0,9,3.49,0.9886,9,3.43,0.9716,1,3.51,0.9943,85,0
SPY190812C290,2019-08-09,2019-08-09 09:34:53,3.54,1.0028,6,3.51,0.9943,6,3.43,0.9716,1,3.525,0.9985,85,0
SPY190812C290,2019-08-09,2019-08-09 09:34:53,3.53,1.0,6,3.51,0.9943,6,3.43,0.9716,1,3.52,0.9971,85,0
SPY190812C290,2019-08-09,2019-08-09 09:34:54,3.53,1.0,6,3.51,0.9943,6,3.43,0.9716,1,3.52,0.9971,85,0
SPY190812C290,2019-08-09,2019-08-09 09:34:54,3.54,1.0028,58,3.51,0.9943,12,3.43,0.9716,1,3.525,0.9985,85,0
SPY190812C290,2019-08-09,2019-08-09 09:34:55,3.53,1.0,1,3.51,0.9943,12,3.43,0.9716,1,3.52,0.9971,85,0
SPY190812C290,2019-08-09,2019-08-09 09:34:55,3.53,1.0,10,3.51,0.9943,10,3.43,0.9716,1,3.52,0.9971,85,0
SPY190812C290,2019-08-09,2019-08-09 09:34:57,3.54,1.0028,6,3.51,0.9943,6,3.43,0.9716,1,3.525,0.9985,85,0
SPY190812C290,2019-08-09,2019-08-09 09:34:58,3.54,1.0028,6,3.52,0.9971,7,3.43,0.9716,1,3.53,1.0,85,0
SPY190812C290,2019-08-09,2019-08-09 09:34:59,3.54,1.0028,6,3.52,0.9971,4,3.43,0.9716,1,3.53,1.0,85,0
SPY190812C290,2019-08-09,2019-08-09 09:34:59,3.54,1.0028,6,3.51,0.9943,10,3.43,0.9716,1,3.525,0.9985,85,0
SPY190812C290,2019-08-09,2019-08-09 09:35:00,3.54,1.0028,4,3.53,1.0,7,3.43,0.9716,1,3.535,1.0014,85,0
SPY190812C290,2019-08-09,2019-08-09 09:35:01,3.55,1.0056,6,3.53,1.0,6,3.43,0.9716,1,3.54,1.0028,85,0
SPY190812C290,2019-08-09,2019-08-09 09:35:02,3.54,1.0028,7,3.5,0.9915,11,3.43,0.9716,1,3.52,0.9971,85,0
SPY190812C290,2019-08-09,2019-08-09 09:35:02,3.53,1.0,7,3.5,0.9915,11,3.43,0.9716,1,3.515,0.9957,85,0
SPY190812C290,2019-08-09,2019-08-09 09:35:03,3.52,0.9971,9,3.49,0.9886,9,3.43,0.9716,1,3.505,0.9929,85,0
SPY190812C290,2019-08-09,2019-08-09 09:35:05,3.53,1.0,100,3.46,0.9801,130,3.43,0.9716,1,3.495,0.99,85,0
SPY190812C290,2019-08-09,2019-08-09 09:35:06,3.5,0.9915,6,3.46,0.9801,6,3.43,0.9716,1,3.48,0.9858,85,0
SPY190812C290,2019-08-09,2019-08-09 09:35:07,3.49,0.9886,6,3.46,0.9801,6,3.43,0.9716,1,3.475,0.9844,85,0
SPY190812C290,2019-08-09,2019-08-09 09:35:08,3.49,0.9886,6,3.47,0.983,6,3.43,0.9716,1,3.48,0.9858,85,0
SPY190812C290,2019-08-09,2019-08-09 09:35:08,3.51,0.9943,5,3.45,0.9773,171,3.43,0.9716,1,3.48,0.9858,85,0
SPY190812C290,2019-08-09,2019-08-09 09:35:09,3.52,0.9971,10,3.46,0.9801,6,3.43,0.9716,1,3.49,0.9886,85,0
SPY190812C290,2019-08-09,2019-08-09 09:35:09,3.49,0.9886,6,3.46,0.9801,6,3.43,0.9716,1,3.475,0.9844,85,0
SPY190812C290,2019-08-09,2019-08-09 09:35:10,3.48,0.9858,6,3.46,0.9801,6,3.43,0.9716,1,3.47,0.983,85,0
SPY190812C290,2019-08-09,2019-08-09 09:35:10,3.49,0.9886,6,3.45,0.9773,6,3.43,0.9716,1,3.47,0.983,85,0
SPY190812C290,2019-08-09,2019-08-09 09:35:11,3.49,0.9886,6,3.47,0.983,6,3.43,0.9716,1,3.48,0.9858,85,0
SPY190812C290,2019-08-09,2019-08-09 09:35:11,3.49,0.9886,6,3.46,0.9801,9,3.43,0.9716,1,3.475,0.9844,85,0
SPY190812C290,2019-08-09,2019-08-09 09:35:12,3.52,0.9971,6,3.48,0.9858,9,3.43,0.9716,1,3.5,0.9915,85,0
SPY190812C290,2019-08-09,2019-08-09 09:35:12,3.51,0.9943,6,3.47,0.983,100,3.43,0.9716,1,3.49,0.9886,85,0
SPY190812C290,2019-08-09,2019-08-09 09:35:13,3.52,0.9971,10,3.49,0.9886,10,3.43,0.9716,1,3.505,0.9929,85,0
SPY190812C290,2019-08-09,2019-08-09 09:35:13,3.53,1.0,6,3.49,0.9886,9,3.43,0.9716,1,3.51,0.9943,85,0
SPY190812C290,2019-08-09,2019-08-09 09:35:14,3.53,1.0,10,3.49,0.9886,10,3.43,0.9716,1,3.51,0.9943,85,0
SPY190812C290,2019-08-09,2019-08-09 09:35:15,3.53,1.0,6,3.5,0.9915,14,3.43,0.9716,1,3.515,0.9957,85,0
SPY190812C290,2019-08-09,2019-08-09 09:35:15,3.52,0.9971,2,3.48,0.9858,9,3.43,0.9716,1,3.5,0.9915,85,0
SPY190812C290,2019-08-09,2019-08-09 09:35:16,3.53,1.0,6,3.49,0.9886,6,3.43,0.9716,1,3.51,0.9943,85,0
SPY190812C290,2019-08-09,2019-08-09 09:35:16,3.53,1.0,6,3.51,0.9943,6,3.43,0.9716,1,3.52,0.9971,85,0
SPY190812C290,2019-08-09,2019-08-09 09:35:17,3.53,1.0,6,3.5,0.9915,6,3.43,0.9716,1,3.515,0.9957,85,0
SPY190812C290,2019-08-09,2019-08-09 09:35:17,3.55,1.0056,6,3.49,0.9886,6,3.43,0.9716,1,3.52,0.9971,85,0
SPY190812C290,2019-08-09,2019-08-09 09:35:18,3.54,1.0028,10,3.51,0.9943,15,3.43,0.9716,1,3.525,0.9985,85,0
SPY190812C290,2019-08-09,2019-08-09 09:35:18,3.53,1.0,10,3.5,0.9915,6,3.43,0.9716,1,3.515,0.9957,85,0
SPY190812C290,2019-08-09,2019-08-09 09:35:19,3.54,1.0028,6,3.52,0.9971,6,3.43,0.9716,1,3.53,1.0,85,0
SPY190812C290,2019-08-09,2019-08-09 09:35:20,3.53,1.0,6,3.5,0.9915,9,3.43,0.9716,1,3.515,0.9957,85,0
SPY190812C290,2019-08-09,2019-08-09 09:35:20,3.54,1.0028,6,3.5,0.9915,9,3.43,0.9716,1,3.52,0.9971,85,0
SPY190812C290,2019-08-09,2019-08-09 09:35:21,3.53,1.0,10,3.49,0.9886,10,3.43,0.9716,1,3.51,0.9943,85,0
SPY190812C290,2019-08-09,2019-08-09 09:35:21,3.52,0.9971,6,3.48,0.9858,6,3.43,0.9716,1,3.5,0.9915,85,0
SPY190812C290,2019-08-09,2019-08-09 09:35:22,3.53,1.0,6,3.49,0.9886,6,3.43,0.9716,1,3.51,0.9943,85,0
SPY190812C290,2019-08-09,2019-08-09 09:35:22,3.51,0.9943,6,3.49,0.9886,6,3.43,0.9716,1,3.5,0.9915,85,0
SPY190812C290,2019-08-09,2019-08-09 09:35:23,3.53,1.0,6,3.5,0.9915,6,3.43,0.9716,1,3.515,0.9957,85,0
SPY190812C290,2019-08-09,2019-08-09 09:35:23,3.53,1.0,10,3.49,0.9886,10,3.43,0.9716,1,3.51,0.9943,85,0
SPY190812C290,2019-08-09,2019-08-09 09:35:24,3.52,0.9971,6,3.5,0.9915,6,3.43,0.9716,1,3.51,0.9943,85,0
SPY190812C290,2019-08-09,2019-08-09 09:35:24,3.52,0.9971,10,3.49,0.9886,15,3.43,0.9716,1,3.505,0.9929,85,0
SPY190812C290,2019-08-09,2019-08-09 09:35:25,3.52,0.9971,6,3.49,0.9886,6,3.43,0.9716,1,3.505,0.9929,85,0
SPY190812C290,2019-08-09,2019-08-09 09:35:25,3.52,0.9971,6,3.48,0.9858,6,3.43,0.9716,1,3.5,0.9915,85,0
SPY190812C290,2019-08-09,2019-08-09 09:35:26,3.52,0.9971,4,3.49,0.9886,10,3.43,0.9716,1,3.505,0.9929,85,0
SPY190812C290,2019-08-09,2019-08-09 09:35:26,3.53,1.0,41,3.49,0.9886,6,3.43,0.9716,1,3.51,0.9943,85,0
SPY190812C290,2019-08-09,2019-08-09 09:35:27,3.52,0.9971,7,3.49,0.9886,7,3.43,0.9716,1,3.505,0.9929,85,0
SPY190812C290,2019-08-09,2019-08-09 09:35:27,3.54,1.0028,100,3.48,0.9858,175,3.43,0.9716,1,3.51,0.9943,85,0
SPY190812C290,2019-08-09,2019-08-09 09:35:28,3.55,1.0056,105,3.49,0.9886,36,3.43,0.9716,1,3.52,0.9971,85,0
SPY190812C290,2019-08-09,2019-08-09 09:35:29,3.52,0.9971,10,3.5,0.9915,10,3.43,0.9716,1,3.51,0.9943,85,0
SPY190812C290,2019-08-09,2019-08-09 09:35:29,3.53,1.0,10,3.49,0.9886,10,3.43,0.9716,1,3.51,0.9943,85,0
SPY190812C290,2019-08-09,2019-08-09 09:35:30,3.53,1.0,6,3.5,0.9915,6,3.43,0.9716,1,3.515,0.9957,85,0
SPY190812C290,2019-08-09,2019-08-09 09:35:32,3.55,1.0056,106,3.49,0.9886,107,3.43,0.9716,1,3.52,0.9971,85,0
SPY190812C290,2019-08-09,2019-08-09 09:35:32,3.54,1.0028,5,3.5,0.9915,100,3.43,0.9716,1,3.52,0.9971,85,0
SPY190812C290,2019-08-09,2019-08-09 09:35:33,3.55,1.0056,106,3.52,0.9971,6,3.43,0.9716,1,3.535,1.0014,85,0
SPY190812C290,2019-08-09,2019-08-09 09:35:33,3.54,1.0028,4,3.52,0.9971,4,3.43,0.9716,1,3.53,1.0,85,0
SPY190812C290,2019-08-09,2019-08-09 09:35:34,3.54,1.0028,4,3.52,0.9971,10,3.43,0.9716,1,3.53,1.0,85,0
SPY190812C290,2019-08-09,2019-08-09 09:35:34,3.54,1.0028,4,3.52,0.9971,6,3.43,0.9716,1,3.53,1.0,85,0
SPY190812C290,2019-08-09,2019-08-09 09:35:35,3.54,1.0028,4,3.52,0.9971,10,3.43,0.9716,1,3.53,1.0,85,0
SPY190812C290,2019-08-09,2019-08-09 09:35:35,3.54,1.0028,4,3.52,0.9971,4,3.43,0.9716,1,3.53,1.0,85,0
SPY190812C290,2019-08-09,2019-08-09 09:35:36,3.55,1.0056,110,3.51,0.9943,6,3.43,0.9716,1,3.53,1.0,85,0
SPY190812C290,2019-08-09,2019-08-09 09:35:36,3.54,1.0028,4,3.52,0.9971,10,3.43,0.9716,1,3.53,1.0,85,0
SPY190812C290,2019-08-09,2019-08-09 09:35:37,3.55,1.0056,80,3.51,0.9943,6,3.43,0.9716,1,3.53,1.0,85,0
SPY190812C290,2019-08-09,2019-08-09 09:35:38,3.54,1.0028,6,3.49,0.9886,100,3.43,0.9716,1,3.515,0.9957,85,0
SPY190812C290,2019-08-09,2019-08-09 09:35:38,3.54,1.0028,6,3.51,0.9943,6,3.43,0.9716,1,3.525,0.9985,85,0
SPY190812C290,2019-08-09,2019-08-09 09:35:39,3.54,1.0028,46,3.51,0.9943,9,3.43,0.9716,1,3.525,0.9985,85,0
SPY190812C290,2019-08-09,2019-08-09 09:35:40,3.54,1.0028,4,3.52,0.9971,10,3.43,0.9716,1,3.53,1.0,85,0
SPY190812C290,2019-08-09,2019-08-09 09:35:40,3.54,1.0028,6,3.51,0.9943,6,3.54,1.0028,3,3.525,0.9985,88,3
SPY190812C290,2019-08-09,2019-08-09 09:35:41,3.54,1.0028,6,3.51,0.9943,9,3.54,1.0028,3,3.525,0.9985,88,0
SPY190812C290,2019-08-09,2019-08-09 09:35:42,3.55,1.0056,70,3.52,0.9971,6,3.54,1.0028,3,3.535,1.0014,88,0
SPY190812C290,2019-08-09,2019-08-09 09:35:42,3.54,1.0028,4,3.52,0.9971,10,3.54,1.0028,3,3.53,1.0,88,0
SPY190812C290,2019-08-09,2019-08-09 09:35:43,3.54,1.0028,10,3.52,0.9971,10,3.54,1.0028,3,3.53,1.0,88,0
SPY190812C290,2019-08-09,2019-08-09 09:35:43,3.54,1.0028,4,3.53,1.0,4,3.54,1.0028,3,3.535,1.0014,88,0
SPY190812C290,2019-08-09,2019-08-09 09:35:44,3.54,1.0028,6,3.51,0.9943,6,3.54,1.0028,3,3.525,0.9985,88,0
SPY190812C290,2019-08-09,2019-08-09 09:35:44,3.54,1.0028,97,3.48,0.9858,171,3.54,1.0028,3,3.51,0.9943,88,0
SPY190812C290,2019-08-09,2019-08-09 09:35:46,3.52,0.9971,15,3.5,0.9915,4,3.54,1.0028,3,3.51,0.9943,88,0
SPY190812C290,2019-08-09,2019-08-09 09:35:46,3.52,0.9971,4,3.5,0.9915,10,3.54,1.0028,3,3.51,0.9943,88,0
SPY190812C290,2019-08-09,2019-08-09 09:35:47,3.53,1.0,68,3.5,0.9915,2,3.54,1.0028,3,3.515,0.9957,88,0
SPY190812C290,2019-08-09,2019-08-09 09:35:47,3.52,0.9971,6,3.5,0.9915,6,3.54,1.0028,3,3.51,0.9943,88,0
SPY190812C290,2019-08-09,2019-08-09 09:35:48,3.55,1.0056,6,3.51,0.9943,7,3.54,1.0028,3,3.53,1.0,88,0
SPY190812C290,2019-08-09,2019-08-09 09:35:48,3.54,1.0028,7,3.51,0.9943,7,3.54,1.0028,3,3.525,0.9985,88,0
SPY190812C290,2019-08-09,2019-08-09 09:35:49,3.56,1.0084,6,3.53,1.0,7,3.54,1.0028,3,3.545,1.0042,88,0
SPY190812C290,2019-08-09,2019-08-09 09:35:50,3.56,1.0084,6,3.52,0.9971,6,3.54,1.0028,3,3.54,1.0028,88,0
SPY190812C290,2019-08-09,2019-08-09 09:35:50,3.56,1.0084,10,3.52,0.9971,10,3.54,1.0028,3,3.54,1.0028,88,0
SPY190812C290,2019-08-09,2019-08-09 09:35:51,3.56,1.0084,10,3.53,1.0,10,3.54,1.0028,3,3.545,1.0042,88,0
SPY190812C290,2019-08-09,2019-08-09 09:35:51,3.55,1.0056,6,3.52,0.9971,6,3.54,1.0028,3,3.535,1.0014,88,0
SPY190812C290,2019-08-09,2019-08-09 09:35:52,3.55,1.0056,6,3.52,0.9971,6,3.54,1.0028,3,3.535,1.0014,88,0
SPY190812C290,2019-08-09,2019-08-09 09:35:52,3.55,1.0056,6,3.51,0.9943,6,3.54,1.0028,3,3.53,1.0,88,0
SPY190812C290,2019-08-09,2019-08-09 09:35:53,3.55,1.0056,6,3.52,0.9971,6,3.54,1.0028,3,3.535,1.0014,88,0
SPY190812C290,2019-08-09,2019-08-09 09:35:53,3.55,1.0056,10,3.53,1.0,10,3.54,1.0028,3,3.54,1.0028,88,0
SPY190812C290,2019-08-09,2019-08-09 09:35:54,3.55,1.0056,6,3.53,1.0,6,3.54,1.0028,3,3.54,1.0028,88,0
SPY190812C290,2019-08-09,2019-08-09 09:35:55,3.55,1.0056,10,3.52,0.9971,10,3.54,1.0028,3,3.535,1.0014,88,0
SPY190812C290,2019-08-09,2019-08-09 09:35:55,3.55,1.0056,6,3.52,0.9971,6,3.54,1.0028,3,3.535,1.0014,88,0
SPY190812C290,2019-08-09,2019-08-09 09:35:56,3.54,1.0028,60,3.48,0.9858,171,3.54,1.0028,3,3.51,0.9943,88,0
SPY190812C290,2019-08-09,2019-08-09 09:35:56,3.53,1.0,6,3.49,0.9886,6,3.54,1.0028,3,3.51,0.9943,88,0
SPY190812C290,2019-08-09,2019-08-09 09:35:57,3.53,1.0,3,3.5,0.9915,3,3.54,1.0028,3,3.515,0.9957,88,0
SPY190812C290,2019-08-09,2019-08-09 09:35:57,3.57,1.0113,9,3.51,0.9943,6,3.54,1.0028,3,3.54,1.0028,88,0
SPY190812C290,2019-08-09,2019-08-09 09:35:58,3.53,1.0,4,3.5,0.9915,10,3.5,0.9915,3,3.515,0.9957,91,0
SPY190812C290,2019-08-09,2019-08-09 09:35:58,3.53,1.0,4,3.5,0.9915,10,3.5,0.9915,3,3.515,0.9957,91,3
SPY190812C290,2019-08-09,2019-08-09 09:35:59,3.54,1.0028,4,3.52,0.9971,10,3.5,0.9915,3,3.53,1.0,91,0
SPY190812C290,2019-08-09,2019-08-09 09:35:59,3.55,1.0056,32,3.5,0.9915,134,3.5,0.9915,3,3.525,0.9985,91,0
SPY190812C290,2019-08-09,2019-08-09 09:36:00,3.56,1.0084,5,3.5,0.9915,134,3.5,0.9915,3,3.53,1.0,91,0
SPY190812C290,2019-08-09,2019-08-09 09:36:00,3.55,1.0056,4,3.51,0.9943,4,3.5,0.9915,3,3.53,1.0,91,0
SPY190812C290,2019-08-09,2019-08-09 09:36:01,3.55,1.0056,6,3.53,1.0,1,3.5,0.9915,3,3.54,1.0028,91,0
SPY190812C290,2019-08-09,2019-08-09 09:36:01,3.55,1.0056,6,3.53,1.0,6,3.5,0.9915,3,3.54,1.0028,91,0
SPY190812C290,2019-08-09,2019-08-09 09:36:02,3.54,1.0028,4,3.53,1.0,1,3.5,0.9915,3,3.535,1.0014,91,0
SPY190812C290,2019-08-09,2019-08-09 09:36:02,3.55,1.0056,6,3.53,1.0,1,3.5,0.9915,3,3.54,1.0028,91,0
SPY190812C290,2019-08-09,2019-08-09 09:36:03,3.57,1.0113,6,3.53,1.0,1,3.5,0.9915,3,3.55,1.0056,91,0
SPY190812C290,2019-08-09,2019-08-09 09:36:04,3.56,1.0084,75,3.54,1.0028,6,3.5,0.9915,3,3.55,1.0056,91,0
SPY190812C290,2019-08-09,2019-08-09 09:36:05,3.56,1.0084,5,3.54,1.0028,6,3.5,0.9915,3,3.55,1.0056,91,0
SPY190812C290,2019-08-09,2019-08-09 09:36:05,3.56,1.0084,10,3.54,1.0028,6,3.5,0.9915,3,3.55,1.0056,91,0
SPY190812C290,2019-08-09,2019-08-09 09:36:06,3.56,1.0084,67,3.53,1.0,1,3.5,0.9915,3,3.545,1.0042,91,0
SPY190812C290,2019-08-09,2019-08-09 09:36:06,3.57,1.0113,100,3.54,1.0028,6,3.5,0.9915,3,3.555,1.007,91,0
SPY190812C290,2019-08-09,2019-08-09 09:36:07,3.58,1.0141,6,3.54,1.0028,6,3.5,0.9915,3,3.56,1.0084,91,0
SPY190812C290,2019-08-09,2019-08-09 09:36:07,3.56,1.0084,6,3.54,1.0028,6,3.5,0.9915,3,3.55,1.0056,91,0
SPY190812C290,2019-08-09,2019-08-09 09:36:08,3.56,1.0084,6,3.53,1.0,6,3.5,0.9915,3,3.545,1.0042,91,0
SPY190812C290,2019-08-09,2019-08-09 09:36:08,3.56,1.0084,6,3.54,1.0028,6,3.5,0.9915,3,3.55,1.0056,91,0
SPY190812C290,2019-08-09,2019-08-09 09:36:09,3.56,1.0084,6,3.52,0.9971,6,3.5,0.9915,3,3.54,1.0028,91,0
SPY190812C290,2019-08-09,2019-08-09 09:36:09,3.56,1.0084,6,3.53,1.0,6,3.5,0.9915,3,3.545,1.0042,91,0
SPY190812C290,2019-08-09,2019-08-09 09:36:10,3.54,1.0028,10,3.5,0.9915,10,3.5,0.9915,3,3.52,0.9971,91,0
SPY190812C290,2019-08-09,2019-08-09 09:36:10,3.54,1.0028,6,3.5,0.9915,6,3.5,0.9915,3,3.52,0.9971,91,0
SPY190812C290,2019-08-09,2019-08-09 09:36:11,3.54,1.0028,6,3.5,0.9915,6,3.5,0.9915,3,3.52,0.9971,91,0
SPY190812C290,2019-08-09,2019-08-09 09:36:11,3.54,1.0028,6,3.51,0.9943,6,3.5,0.9915,3,3.525,0.9985,91,0
SPY190812C290,2019-08-09,2019-08-09 09:36:12,3.53,1.0,6,3.48,0.9858,6,3.5,0.9915,3,3.505,0.9929,91,0
SPY190812C290,2019-08-09,2019-08-09 09:36:12,3.52,0.9971,10,3.48,0.9858,10,3.5,0.9915,3,3.5,0.9915,91,0
SPY190812C290,2019-08-09,2019-08-09 09:36:13,3.5,0.9915,6,3.48,0.9858,6,3.5,0.9915,3,3.49,0.9886,91,0
SPY190812C290,2019-08-09,2019-08-09 09:36:13,3.52,0.9971,5,3.47,0.983,6,3.5,0.9915,3,3.495,0.99,91,0
SPY190812C290,2019-08-09,2019-08-09 09:36:14,3.49,0.9886,6,3.46,0.9801,6,3.5,0.9915,3,3.475,0.9844,91,0
SPY190812C290,2019-08-09,2019-08-09 09:36:14,3.51,0.9943,71,3.48,0.9858,6,3.5,0.9915,3,3.495,0.99,91,0
SPY190812C290,2019-08-09,2019-08-09 09:36:15,3.49,0.9886,6,3.46,0.9801,6,3.5,0.9915,3,3.475,0.9844,91,0
SPY190812C290,2019-08-09,2019-08-09 09:36:15,3.48,0.9858,6,3.45,0.9773,6,3.5,0.9915,3,3.465,0.9815,91,0
SPY190812C290,2019-08-09,2019-08-09 09:36:16,3.49,0.9886,86,3.44,0.9745,66,3.5,0.9915,3,3.465,0.9815,91,0
SPY190812C290,2019-08-09,2019-08-09 09:36:16,3.49,0.9886,81,3.44,0.9745,132,3.5,0.9915,3,3.465,0.9815,91,0
SPY190812C290,2019-08-09,2019-08-09 09:36:17,3.49,0.9886,100,3.44,0.9745,100,3.5,0.9915,3,3.465,0.9815,91,0
SPY190812C290,2019-08-09,2019-08-09 09:36:17,3.48,0.9858,6,3.45,0.9773,6,3.5,0.9915,3,3.465,0.9815,91,0
SPY190812C290,2019-08-09,2019-08-09 09:36:18,3.48,0.9858,10,3.46,0.9801,4,3.5,0.9915,3,3.47,0.983,91,0
SPY190812C290,2019-08-09,2019-08-09 09:36:18,3.48,0.9858,10,3.45,0.9773,10,3.5,0.9915,3,3.465,0.9815,91,0
SPY190812C290,2019-08-09,2019-08-09 09:36:19,3.45,0.9773,6,3.42,0.9688,7,3.5,0.9915,3,3.435,0.973,91,0
SPY190812C290,2019-08-09,2019-08-09 09:36:19,3.45,0.9773,6,3.43,0.9716,6,3.5,0.9915,3,3.44,0.9745,91,0
SPY190812C290,2019-08-09,2019-08-09 09:36:20,3.46,0.9801,6,3.43,0.9716,6,3.5,0.9915,3,3.445,0.9759,91,0
SPY190812C290,2019-08-09,2019-08-09 09:36:20,3.45,0.9773,6,3.43,0.9716,6,3.5,0.9915,3,3.44,0.9745,91,0
SPY190812C290,2019-08-09,2019-08-09 09:36:21,3.45,0.9773,6,3.42,0.9688,6,3.5,0.9915,3,3.435,0.973,91,0
SPY190812C290,2019-08-09,2019-08-09 09:36:21,3.47,0.983,66,3.43,0.9716,6,3.5,0.9915,3,3.45,0.9773,91,0
SPY190812C290,2019-08-09,2019-08-09 09:36:22,3.46,0.9801,6,3.44,0.9745,7,3.5,0.9915,3,3.45,0.9773,91,0
SPY190812C290,2019-08-09,2019-08-09 09:36:22,3.47,0.983,6,3.44,0.9745,6,3.5,0.9915,3,3.455,0.9787,91,0
SPY190812C290,2019-08-09,2019-08-09 09:36:23,3.46,0.9801,5,3.39,0.9603,140,3.5,0.9915,3,3.425,0.9702,91,0
SPY190812C290,2019-08-09,2019-08-09 09:36:23,3.43,0.9716,9,3.4,0.9631,9,3.5,0.9915,3,3.415,0.9674,91,0
SPY190812C290,2019-08-09,2019-08-09 09:36:24,3.43,0.9716,6,3.39,0.9603,6,3.5,0.9915,3,3.41,0.966,91,0
SPY190812C290,2019-08-09,2019-08-09 09:36:24,3.42,0.9688,10,3.41,0.966,4,3.5,0.9915,3,3.415,0.9674,91,0
SPY190812C290,2019-08-09,2019-08-09 09:36:25,3.41,0.966,6,3.38,0.9575,6,3.5,0.9915,3,3.395,0.9617,91,0
SPY190812C290,2019-08-09,2019-08-09 09:36:25,3.41,0.966,10,3.38,0.9575,4,3.5,0.9915,3,3.395,0.9617,91,0
SPY190812C290,2019-08-09,2019-08-09 09:36:26,3.42,0.9688,6,3.39,0.9603,6,3.5,0.9915,3,3.405,0.9645,91,0
SPY190812C290,2019-08-09,2019-08-09 09:36:26,3.44,0.9745,6,3.37,0.9546,6,3.5,0.9915,3,3.405,0.9645,91,0
SPY190812C290,2019-08-09,2019-08-09 09:36:27,3.43,0.9716,6,3.39,0.9603,6,3.5,0.9915,3,3.41,0.966,91,0
SPY190812C290,2019-08-09,2019-08-09 09:36:27,3.42,0.9688,10,3.4,0.9631,10,3.5,0.9915,3,3.41,0.966,91,0
SPY190812C290,2019-08-09,2019-08-09 09:36:28,3.42,0.9688,6,3.39,0.9603,6,3.5,0.9915,3,3.405,0.9645,91,0
SPY190812C290,2019-08-09,2019-08-09 09:36:29,3.42,0.9688,6,3.39,0.9603,6,3.5,0.9915,3,3.405,0.9645,91,0
SPY190812C290,2019-08-09,2019-08-09 09:36:29,3.44,0.9745,6,3.42,0.9688,6,3.5,0.9915,3,3.43,0.9716,91,0
SPY190812C290,2019-08-09,2019-08-09 09:36:30,3.44,0.9745,4,3.42,0.9688,10,3.5,0.9915,3,3.43,0.9716,91,0
SPY190812C290,2019-08-09,2019-08-09 09:36:30,3.47,0.983,6,3.44,0.9745,6,3.5,0.9915,3,3.455,0.9787,91,0
SPY190812C290,2019-08-09,2019-08-09 09:36:31,3.48,0.9858,6,3.45,0.9773,6,3.5,0.9915,3,3.465,0.9815,91,0
SPY190812C290,2019-08-09,2019-08-09 09:36:31,3.47,0.983,6,3.43,0.9716,6,3.5,0.9915,3,3.45,0.9773,91,0
SPY190812C290,2019-08-09,2019-08-09 09:36:32,3.48,0.9858,9,3.44,0.9745,9,3.5,0.9915,3,3.46,0.9801,91,0
SPY190812C290,2019-08-09,2019-08-09 09:36:32,3.47,0.983,10,3.45,0.9773,4,3.5,0.9915,3,3.46,0.9801,91,0
SPY190812C290,2019-08-09,2019-08-09 09:36:33,3.49,0.9886,10,3.45,0.9773,10,3.5,0.9915,3,3.47,0.983,91,0
SPY190812C290,2019-08-09,2019-08-09 09:36:33,3.5,0.9915,12,3.46,0.9801,6,3.5,0.9915,3,3.48,0.9858,91,0
SPY190812C290,2019-08-09,2019-08-09 09:36:34,3.5,0.9915,6,3.47,0.983,6,3.5,0.9915,3,3.485,0.9872,91,0
SPY190812C290,2019-08-09,2019-08-09 09:36:35,3.53,1.0,6,3.46,0.9801,6,3.5,0.9915,3,3.495,0.99,91,0
SPY190812C290,2019-08-09,2019-08-09 09:36:35,3.53,1.0,5,3.47,0.983,100,3.5,0.9915,3,3.5,0.9915,91,0
SPY190812C290,2019-08-09,2019-08-09 09:36:36,3.51,0.9943,9,3.48,0.9858,9,3.5,0.9915,3,3.495,0.99,91,0
SPY190812C290,2019-08-09,2019-08-09 09:36:36,3.51,0.9943,6,3.49,0.9886,6,3.5,0.9915,3,3.5,0.9915,91,0
SPY190812C290,2019-08-09,2019-08-09 09:36:37,3.51,0.9943,6,3.48,0.9858,6,3.5,0.9915,3,3.495,0.99,91,0
SPY190812C290,2019-08-09,2019-08-09 09:36:37,3.51,0.9943,10,3.49,0.9886,4,3.5,0.9915,3,3.5,0.9915,91,0
SPY190812C290,2019-08-09,2019-08-09 09:36:38,3.52,0.9971,6,3.49,0.9886,7,3.5,0.9915,3,3.505,0.9929,91,0
SPY190812C290,2019-08-09,2019-08-09 09:36:38,3.52,0.9971,6,3.49,0.9886,9,3.5,0.9915,3,3.505,0.9929,91,0
SPY190812C290,2019-08-09,2019-08-09 09:36:39,3.53,1.0,4,3.51,0.9943,10,3.5,0.9915,3,3.52,0.9971,91,0
SPY190812C290,2019-08-09,2019-08-09 09:36:39,3.52,0.9971,6,3.49,0.9886,7,3.5,0.9915,3,3.505,0.9929,91,0
SPY190812C290,2019-08-09,2019-08-09 09:36:40,3.53,1.0,6,3.5,0.9915,6,3.5,0.9915,3,3.515,0.9957,91,0
SPY190812C290,2019-08-09,2019-08-09 09:36:40,3.56,1.0084,166,3.49,0.9886,6,3.5,0.9915,3,3.525,0.9985,91,0
SPY190812C290,2019-08-09,2019-08-09 09:36:41,3.53,1.0,6,3.48,0.9858,6,3.5,0.9915,3,3.505,0.9929,91,0
SPY190812C290,2019-08-09,2019-08-09 09:36:41,3.52,0.9971,6,3.47,0.983,6,3.5,0.9915,3,3.495,0.99,91,0
SPY190812C290,2019-08-09,2019-08-09 09:36:42,3.53,1.0,66,3.5,0.9915,3,3.5,0.9915,3,3.515,0.9957,91,0
SPY190812C290,2019-08-09,2019-08-09 09:36:42,3.53,1.0,66,3.5,0.9915,6,3.5,0.9915,3,3.515,0.9957,91,0
SPY190812C290,2019-08-09,2019-08-09 09:36:43,3.52,0.9971,6,3.5,0.9915,6,3.5,0.9915,3,3.51,0.9943,91,0
SPY190812C290,2019-08-09,2019-08-09 09:36:43,3.54,1.0028,6,3.5,0.9915,6,3.5,0.9915,3,3.52,0.9971,91,0
SPY190812C290,2019-08-09,2019-08-09 09:36:44,3.53,1.0,10,3.5,0.9915,6,3.5,0.9915,3,3.515,0.9957,91,0
SPY190812C290,2019-08-09,2019-08-09 09:36:44,3.53,1.0,10,3.5,0.9915,4,3.5,0.9915,3,3.515,0.9957,91,0
SPY190812C290,2019-08-09,2019-08-09 09:36:45,3.53,1.0,10,3.5,0.9915,10,3.5,0.9915,3,3.515,0.9957,91,0
SPY190812C290,2019-08-09,2019-08-09 09:36:45,3.53,1.0,6,3.5,0.9915,6,3.5,0.9915,3,3.515,0.9957,91,0
SPY190812C290,2019-08-09,2019-08-09 09:36:46,3.53,1.0,9,3.5,0.9915,9,3.5,0.9915,3,3.515,0.9957,91,0
SPY190812C290,2019-08-09,2019-08-09 09:36:46,3.53,1.0,6,3.5,0.9915,11,3.5,0.9915,3,3.515,0.9957,91,0
SPY190812C290,2019-08-09,2019-08-09 09:36:47,3.53,1.0,6,3.49,0.9886,165,3.5,0.9915,3,3.51,0.9943,91,0
SPY190812C290,2019-08-09,2019-08-09 09:36:47,3.53,1.0,6,3.5,0.9915,6,3.5,0.9915,3,3.515,0.9957,91,0
SPY190812C290,2019-08-09,2019-08-09 09:36:48,3.53,1.0,6,3.51,0.9943,6,3.5,0.9915,3,3.52,0.9971,91,0
SPY190812C290,2019-08-09,2019-08-09 09:36:49,3.53,1.0,10,3.51,0.9943,10,3.5,0.9915,3,3.52,0.9971,91,0
SPY190812C290,2019-08-09,2019-08-09 09:36:49,3.53,1.0,10,3.51,0.9943,13,3.5,0.9915,3,3.52,0.9971,91,0
SPY190812C290,2019-08-09,2019-08-09 09:36:50,3.52,0.9971,10,3.5,0.9915,11,3.5,0.9915,3,3.51,0.9943,91,0
SPY190812C290,2019-08-09,2019-08-09 09:36:50,3.53,1.0,1,3.51,0.9943,1,3.5,0.9915,3,3.52,0.9971,91,0
SPY190812C290,2019-08-09,2019-08-09 09:36:51,3.51,0.9943,6,3.48,0.9858,6,3.5,0.9915,3,3.495,0.99,91,0
SPY190812C290,2019-08-09,2019-08-09 09:36:52,3.55,1.0056,6,3.48,0.9858,6,3.5,0.9915,3,3.515,0.9957,91,0
SPY190812C290,2019-08-09,2019-08-09 09:36:52,3.54,1.0028,10,3.5,0.9915,10,3.5,0.9915,3,3.52,0.9971,91,0
SPY190812C290,2019-08-09,2019-08-09 09:36:53,3.53,1.0,10,3.51,0.9943,9,3.5,0.9915,3,3.52,0.9971,91,0
SPY190812C290,2019-08-09,2019-08-09 09:36:53,3.53,1.0,10,3.51,0.9943,10,3.5,0.9915,3,3.52,0.9971,91,0
SPY190812C290,2019-08-09,2019-08-09 09:36:54,3.56,1.0084,9,3.49,0.9886,9,3.5,0.9915,3,3.525,0.9985,91,0
SPY190812C290,2019-08-09,2019-08-09 09:36:54,3.54,1.0028,100,3.51,0.9943,9,3.5,0.9915,3,3.525,0.9985,91,0
SPY190812C290,2019-08-09,2019-08-09 09:36:55,3.53,1.0,10,3.5,0.9915,5,3.5,0.9915,3,3.515,0.9957,91,0
SPY190812C290,2019-08-09,2019-08-09 09:36:55,3.53,1.0,10,3.5,0.9915,11,3.5,0.9915,3,3.515,0.9957,91,0
SPY190812C290,2019-08-09,2019-08-09 09:36:56,3.52,0.9971,6,3.49,0.9886,6,3.5,0.9915,3,3.505,0.9929,91,0
SPY190812C290,2019-08-09,2019-08-09 09:36:56,3.53,1.0,15,3.49,0.9886,6,3.5,0.9915,3,3.51,0.9943,91,0
SPY190812C290,2019-08-09,2019-08-09 09:36:57,3.53,1.0,6,3.49,0.9886,6,3.5,0.9915,3,3.51,0.9943,91,0
SPY190812C290,2019-08-09,2019-08-09 09:36:57,3.53,1.0,10,3.5,0.9915,10,3.5,0.9915,3,3.515,0.9957,91,0
SPY190812C290,2019-08-09,2019-08-09 09:36:58,3.52,0.9971,10,3.5,0.9915,5,3.5,0.9915,3,3.51,0.9943,91,0
SPY190812C290,2019-08-09,2019-08-09 09:36:58,3.52,0.9971,4,3.5,0.9915,5,3.5,0.9915,3,3.51,0.9943,91,0
SPY190812C290,2019-08-09,2019-08-09 09:36:59,3.56,1.0084,10,3.51,0.9943,10,3.5,0.9915,3,3.535,1.0014,91,0
SPY190812C290,2019-08-09,2019-08-09 09:36:59,3.56,1.0084,9,3.51,0.9943,10,3.5,0.9915,3,3.535,1.0014,91,0
SPY190812C290,2019-08-09,2019-08-09 09:37:00,3.54,1.0028,7,3.52,0.9971,7,3.5,0.9915,3,3.53,1.0,91,0
SPY190812C290,2019-08-09,2019-08-09 09:37:00,3.55,1.0056,52,3.51,0.9943,6,3.5,0.9915,3,3.53,1.0,91,0
SPY190812C290,2019-08-09,2019-08-09 09:37:01,3.55,1.0056,6,3.51,0.9943,6,3.5,0.9915,3,3.53,1.0,91,0
SPY190812C290,2019-08-09,2019-08-09 09:37:01,3.61,1.0226,5,3.49,0.9886,257,3.5,0.9915,3,3.55,1.0056,91,0
SPY190812C290,2019-08-09,2019-08-09 09:37:02,3.58,1.0141,6,3.55,1.0056,6,3.5,0.9915,3,3.565,1.0099,91,0
SPY190812C290,2019-08-09,2019-08-09 09:37:03,3.58,1.0141,12,3.55,1.0056,9,3.5,0.9915,3,3.565,1.0099,91,0
SPY190812C290,2019-08-09,2019-08-09 09:37:03,3.59,1.0169,6,3.55,1.0056,6,3.5,0.9915,3,3.57,1.0113,91,0
SPY190812C290,2019-08-09,2019-08-09 09:37:04,3.58,1.0141,12,3.55,1.0056,9,3.5,0.9915,3,3.565,1.0099,91,0
SPY190812C290,2019-08-09,2019-08-09 09:37:05,3.61,1.0226,70,3.55,1.0056,1,3.5,0.9915,3,3.58,1.0141,91,0
SPY190812C290,2019-08-09,2019-08-09 09:37:05,3.59,1.0169,7,3.55,1.0056,7,3.5,0.9915,3,3.57,1.0113,91,0
SPY190812C290,2019-08-09,2019-08-09 09:37:06,3.59,1.0169,6,3.55,1.0056,6,3.5,0.9915,3,3.57,1.0113,91,0
SPY190812C290,2019-08-09,2019-08-09 09:37:06,3.59,1.0169,10,3.56,1.0084,13,3.5,0.9915,3,3.575,1.0127,91,0
SPY190812C290,2019-08-09,2019-08-09 09:37:07,3.59,1.0169,6,3.57,1.0113,6,3.5,0.9915,3,3.58,1.0141,91,0
SPY190812C290,2019-08-09,2019-08-09 09:37:07,3.59,1.0169,6,3.55,1.0056,6,3.5,0.9915,3,3.57,1.0113,91,0
SPY190812C290,2019-08-09,2019-08-09 09:37:08,3.58,1.0141,6,3.54,1.0028,6,3.5,0.9915,3,3.56,1.0084,91,0
SPY190812C290,2019-08-09,2019-08-09 09:37:08,3.58,1.0141,9,3.54,1.0028,13,3.5,0.9915,3,3.56,1.0084,91,0
SPY190812C290,2019-08-09,2019-08-09 09:37:09,3.57,1.0113,6,3.54,1.0028,10,3.5,0.9915,3,3.555,1.007,91,0
SPY190812C290,2019-08-09,2019-08-09 09:37:09,3.58,1.0141,6,3.55,1.0056,9,3.5,0.9915,3,3.565,1.0099,91,0
SPY190812C290,2019-08-09,2019-08-09 09:37:10,3.58,1.0141,6,3.55,1.0056,6,3.5,0.9915,3,3.565,1.0099,91,0
SPY190812C290,2019-08-09,2019-08-09 09:37:10,3.58,1.0141,9,3.54,1.0028,9,3.5,0.9915,3,3.56,1.0084,91,0
SPY190812C290,2019-08-09,2019-08-09 09:37:11,3.58,1.0141,6,3.55,1.0056,10,3.5,0.9915,3,3.565,1.0099,91,0
SPY190812C290,2019-08-09,2019-08-09 09:37:12,3.58,1.0141,10,3.56,1.0084,10,3.5,0.9915,3,3.57,1.0113,91,0
SPY190812C290,2019-08-09,2019-08-09 09:37:12,3.58,1.0141,10,3.56,1.0084,4,3.5,0.9915,3,3.57,1.0113,91,0
SPY190812C290,2019-08-09,2019-08-09 09:37:13,3.58,1.0141,6,3.55,1.0056,6,3.5,0.9915,3,3.565,1.0099,91,0
SPY190812C290,2019-08-09,2019-08-09 09:37:14,3.58,1.0141,10,3.56,1.0084,6,3.5,0.9915,3,3.57,1.0113,91,0
SPY190812C290,2019-08-09,2019-08-09 09:37:14,3.58,1.0141,10,3.55,1.0056,10,3.5,0.9915,3,3.565,1.0099,91,0
SPY190812C290,2019-08-09,2019-08-09 09:37:15,3.58,1.0141,6,3.56,1.0084,6,3.5,0.9915,3,3.57,1.0113,91,0
SPY190812C290,2019-08-09,2019-08-09 09:37:15,3.6,1.0198,6,3.55,1.0056,6,3.5,0.9915,3,3.575,1.0127,91,0
SPY190812C290,2019-08-09,2019-08-09 09:37:16,3.61,1.0226,6,3.57,1.0113,9,3.5,0.9915,3,3.59,1.0169,91,0
SPY190812C290,2019-08-09,2019-08-09 09:37:16,3.59,1.0169,6,3.55,1.0056,6,3.5,0.9915,3,3.57,1.0113,91,0
SPY190812C290,2019-08-09,2019-08-09 09:37:17,3.6,1.0198,6,3.56,1.0084,6,3.5,0.9915,3,3.58,1.0141,91,0
SPY190812C290,2019-08-09,2019-08-09 09:37:17,3.6,1.0198,6,3.57,1.0113,6,3.5,0.9915,3,3.585,1.0155,91,0
SPY190812C290,2019-08-09,2019-08-09 09:37:19,3.6,1.0198,6,3.57,1.0113,9,3.5,0.9915,3,3.585,1.0155,91,0
SPY190812C290,2019-08-09,2019-08-09 09:37:19,3.63,1.0283,5,3.55,1.0056,170,3.5,0.9915,3,3.59,1.0169,91,0
SPY190812C290,2019-08-09,2019-08-09 09:37:20,3.61,1.0226,6,3.59,1.0169,6,3.5,0.9915,3,3.6,1.0198,91,0
SPY190812C290,2019-08-09,2019-08-09 09:37:21,3.62,1.0254,85,3.59,1.0169,7,3.5,0.9915,3,3.605,1.0212,91,0
SPY190812C290,2019-08-09,2019-08-09 09:37:21,3.61,1.0226,1,3.59,1.0169,7,3.5,0.9915,3,3.6,1.0198,91,0
SPY190812C290,2019-08-09,2019-08-09 09:37:22,3.61,1.0226,1,3.59,1.0169,7,3.5,0.9915,3,3.6,1.0198,91,0
SPY190812C290,2019-08-09,2019-08-09 09:37:23,3.62,1.0254,6,3.59,1.0169,5,3.5,0.9915,3,3.605,1.0212,91,0
SPY190812C290,2019-08-09,2019-08-09 09:37:23,3.61,1.0226,6,3.58,1.0141,6,3.5,0.9915,3,3.595,1.0184,91,0
SPY190812C290,2019-08-09,2019-08-09 09:37:24,3.63,1.0283,6,3.58,1.0141,6,3.5,0.9915,3,3.605,1.0212,91,0
SPY190812C290,2019-08-09,2019-08-09 09:37:24,3.66,1.0368,10,3.61,1.0226,7,3.5,0.9915,3,3.635,1.0297,91,0
SPY190812C290,2019-08-09,2019-08-09 09:37:25,3.63,1.0283,9,3.58,1.0141,9,3.5,0.9915,3,3.605,1.0212,91,0
SPY190812C290,2019-08-09,2019-08-09 09:37:25,3.64,1.0311,6,3.59,1.0169,6,3.5,0.9915,3,3.615,1.024,91,0
SPY190812C290,2019-08-09,2019-08-09 09:37:26,3.67,1.0396,5,3.6,1.0198,105,3.5,0.9915,3,3.635,1.0297,91,0
SPY190812C290,2019-08-09,2019-08-09 09:37:26,3.65,1.0339,10,3.62,1.0254,10,3.5,0.9915,3,3.635,1.0297,91,0
SPY190812C290,2019-08-09,2019-08-09 09:37:27,3.65,1.0339,10,3.62,1.0254,10,3.5,0.9915,3,3.635,1.0297,91,0
SPY190812C290,2019-08-09,2019-08-09 09:37:27,3.65,1.0339,6,3.62,1.0254,6,3.5,0.9915,3,3.635,1.0297,91,0
SPY190812C290,2019-08-09,2019-08-09 09:37:28,3.67,1.0396,10,3.63,1.0283,10,3.5,0.9915,3,3.65,1.0339,91,0
SPY190812C290,2019-08-09,2019-08-09 09:37:28,3.65,1.0339,6,3.62,1.0254,6,3.5,0.9915,3,3.635,1.0297,91,0
SPY190812C290,2019-08-09,2019-08-09 09:37:29,3.67,1.0396,6,3.64,1.0311,6,3.5,0.9915,3,3.655,1.0354,91,0
SPY190812C290,2019-08-09,2019-08-09 09:37:29,3.68,1.0424,6,3.64,1.0311,6,3.5,0.9915,3,3.66,1.0368,91,0
SPY190812C290,2019-08-09,2019-08-09 09:37:30,3.67,1.0396,6,3.63,1.0283,6,3.5,0.9915,3,3.65,1.0339,91,0
SPY190812C290,2019-08-09,2019-08-09 09:37:30,3.67,1.0396,9,3.63,1.0283,6,3.5,0.9915,3,3.65,1.0339,91,0
SPY190812C290,2019-08-09,2019-08-09 09:37:31,3.66,1.0368,10,3.64,1.0311,4,3.5,0.9915,3,3.65,1.0339,91,0
SPY190812C290,2019-08-09,2019-08-09 09:37:31,3.67,1.0396,10,3.64,1.0311,10,3.5,0.9915,3,3.655,1.0354,91,0
SPY190812C290,2019-08-09,2019-08-09 09:37:32,3.66,1.0368,10,3.64,1.0311,4,3.5,0.9915,3,3.65,1.0339,91,0
SPY190812C290,2019-08-09,2019-08-09 09:37:32,3.7,1.0481,6,3.65,1.0339,6,3.5,0.9915,3,3.675,1.041,91,0
SPY190812C290,2019-08-09,2019-08-09 09:37:33,3.7,1.0481,9,3.65,1.0339,9,3.5,0.9915,3,3.675,1.041,91,0
SPY190812C290,2019-08-09,2019-08-09 09:37:33,3.69,1.0453,6,3.66,1.0368,6,3.5,0.9915,3,3.675,1.041,91,0
SPY190812C290,2019-08-09,2019-08-09 09:37:34,3.72,1.0538,6,3.66,1.0368,6,3.5,0.9915,3,3.69,1.0453,91,0
SPY190812C290,2019-08-09,2019-08-09 09:37:34,3.72,1.0538,9,3.66,1.0368,9,3.5,0.9915,3,3.69,1.0453,91,0
SPY190812C290,2019-08-09,2019-08-09 09:37:35,3.7,1.0481,100,3.65,1.0339,6,3.5,0.9915,3,3.675,1.041,91,0
SPY190812C290,2019-08-09,2019-08-09 09:37:35,3.69,1.0453,4,3.66,1.0368,10,3.5,0.9915,3,3.675,1.041,91,0
SPY190812C290,2019-08-09,2019-08-09 09:37:36,3.69,1.0453,4,3.66,1.0368,10,3.5,0.9915,3,3.675,1.041,91,0
SPY190812C290,2019-08-09,2019-08-09 09:37:36,3.7,1.0481,4,3.67,1.0396,10,3.5,0.9915,3,3.685,1.0439,91,0
SPY190812C290,2019-08-09,2019-08-09 09:37:37,3.73,1.0566,10,3.69,1.0453,10,3.5,0.9915,3,3.71,1.0509,91,0
SPY190812C290,2019-08-09,2019-08-09 09:37:37,3.74,1.0594,6,3.68,1.0424,6,3.5,0.9915,3,3.71,1.0509,91,0
SPY190812C290,2019-08-09,2019-08-09 09:37:38,3.73,1.0566,6,3.68,1.0424,6,3.5,0.9915,3,3.705,1.0495,91,0
SPY190812C290,2019-08-09,2019-08-09 09:37:38,3.72,1.0538,6,3.69,1.0453,6,3.5,0.9915,3,3.705,1.0495,91,0
SPY190812C290,2019-08-09,2019-08-09 09:37:39,3.76,1.0651,55,3.69,1.0453,164,3.5,0.9915,3,3.725,1.0552,91,0
SPY190812C290,2019-08-09,2019-08-09 09:37:39,3.76,1.0651,6,3.67,1.0396,100,3.5,0.9915,3,3.715,1.0524,91,0
SPY190812C290,2019-08-09,2019-08-09 09:37:40,3.74,1.0594,6,3.68,1.0424,6,3.5,0.9915,3,3.71,1.0509,91,0
SPY190812C290,2019-08-09,2019-08-09 09:37:40,3.75,1.0623,7,3.71,1.0509,6,3.5,0.9915,3,3.73,1.0566,91,0
SPY190812C290,2019-08-09,2019-08-09 09:37:41,3.74,1.0594,7,3.71,1.0509,6,3.5,0.9915,3,3.725,1.0552,91,0
SPY190812C290,2019-08-09,2019-08-09 09:37:41,3.73,1.0566,10,3.71,1.0509,10,3.5,0.9915,3,3.72,1.0538,91,0
SPY190812C290,2019-08-09,2019-08-09 09:37:42,3.73,1.0566,6,3.7,1.0481,6,3.5,0.9915,3,3.715,1.0524,91,0
SPY190812C290,2019-08-09,2019-08-09 09:37:43,3.73,1.0566,10,3.71,1.0509,10,3.5,0.9915,3,3.72,1.0538,91,0
SPY190812C290,2019-08-09,2019-08-09 09:37:43,3.73,1.0566,6,3.69,1.0453,6,3.5,0.9915,3,3.71,1.0509,91,0
SPY190812C290,2019-08-09,2019-08-09 09:37:44,3.74,1.0594,6,3.7,1.0481,6,3.5,0.9915,3,3.72,1.0538,91,0
SPY190812C290,2019-08-09,2019-08-09 09:37:44,3.76,1.0651,6,3.71,1.0509,6,3.5,0.9915,3,3.735,1.058,91,0
SPY190812C290,2019-08-09,2019-08-09 09:37:45,3.75,1.0623,6,3.71,1.0509,6,3.5,0.9915,3,3.73,1.0566,91,0
SPY190812C290,2019-08-09,2019-08-09 09:37:45,3.76,1.0651,6,3.71,1.0509,6,3.5,0.9915,3,3.735,1.058,91,0
SPY190812C290,2019-08-09,2019-08-09 09:37:46,3.76,1.0651,6,3.71,1.0509,6,3.5,0.9915,3,3.735,1.058,91,0
SPY190812C290,2019-08-09,2019-08-09 09:37:46,3.75,1.0623,9,3.7,1.0481,6,3.5,0.9915,3,3.725,1.0552,91,0
SPY190812C290,2019-08-09,2019-08-09 09:37:47,3.76,1.0651,10,3.73,1.0566,10,3.5,0.9915,3,3.745,1.0609,91,0
SPY190812C290,2019-08-09,2019-08-09 09:37:47,3.77,1.0679,44,3.71,1.0509,100,3.5,0.9915,3,3.74,1.0594,91,0
SPY190812C290,2019-08-09,2019-08-09 09:37:48,3.76,1.0651,10,3.73,1.0566,10,3.5,0.9915,3,3.745,1.0609,91,0
SPY190812C290,2019-08-09,2019-08-09 09:37:48,3.76,1.0651,10,3.73,1.0566,15,3.5,0.9915,3,3.745,1.0609,91,0
SPY190812C290,2019-08-09,2019-08-09 09:37:49,3.76,1.0651,10,3.74,1.0594,10,3.5,0.9915,3,3.75,1.0623,91,0
SPY190812C290,2019-08-09,2019-08-09 09:37:49,3.76,1.0651,35,3.73,1.0566,6,3.5,0.9915,3,3.745,1.0609,91,0
SPY190812C290,2019-08-09,2019-08-09 09:37:50,3.77,1.0679,63,3.75,1.0623,6,3.5,0.9915,3,3.76,1.0651,91,0
SPY190812C290,2019-08-09,2019-08-09 09:37:50,3.76,1.0651,6,3.73,1.0566,100,3.5,0.9915,3,3.745,1.0609,91,0
SPY190812C290,2019-08-09,2019-08-09 09:37:51,3.78,1.0708,6,3.74,1.0594,9,3.5,0.9915,3,3.76,1.0651,91,0
SPY190812C290,2019-08-09,2019-08-09 09:37:51,3.78,1.0708,70,3.75,1.0623,6,3.5,0.9915,3,3.765,1.0665,91,0
SPY190812C290,2019-08-09,2019-08-09 09:37:52,3.77,1.0679,6,3.74,1.0594,100,3.5,0.9915,3,3.755,1.0637,91,0
SPY190812C290,2019-08-09,2019-08-09 09:37:52,3.77,1.0679,10,3.75,1.0623,10,3.5,0.9915,3,3.76,1.0651,91,0
SPY190812C290,2019-08-09,2019-08-09 09:37:53,3.77,1.0679,4,3.75,1.0623,4,3.5,0.9915,3,3.76,1.0651,91,0
SPY190812C290,2019-08-09,2019-08-09 09:37:53,3.78,1.0708,68,3.75,1.0623,10,3.5,0.9915,3,3.765,1.0665,91,0
SPY190812C290,2019-08-09,2019-08-09 09:37:54,3.82,1.0821,103,3.74,1.0594,6,3.5,0.9915,3,3.78,1.0708,91,0
SPY190812C290,2019-08-09,2019-08-09 09:37:54,3.82,1.0821,6,3.76,1.0651,6,3.5,0.9915,3,3.79,1.0736,91,0
SPY190812C290,2019-08-09,2019-08-09 09:37:55,3.79,1.0736,6,3.77,1.0679,6,3.5,0.9915,3,3.78,1.0708,91,0
SPY190812C290,2019-08-09,2019-08-09 09:37:55,3.8,1.0764,15,3.76,1.0651,10,3.5,0.9915,3,3.78,1.0708,91,0
SPY190812C290,2019-08-09,2019-08-09 09:37:56,3.79,1.0736,10,3.76,1.0651,10,3.5,0.9915,3,3.775,1.0694,91,0
SPY190812C290,2019-08-09,2019-08-09 09:37:56,3.79,1.0736,10,3.77,1.0679,10,3.5,0.9915,3,3.78,1.0708,91,0
SPY190812C290,2019-08-09,2019-08-09 09:37:57,3.79,1.0736,6,3.77,1.0679,6,3.5,0.9915,3,3.78,1.0708,91,0
SPY190812C290,2019-08-09,2019-08-09 09:37:57,3.79,1.0736,6,3.76,1.0651,6,3.5,0.9915,3,3.775,1.0694,91,0
SPY190812C290,2019-08-09,2019-08-09 09:37:58,3.79,1.0736,10,3.77,1.0679,4,3.5,0.9915,3,3.78,1.0708,91,0
SPY190812C290,2019-08-09,2019-08-09 09:37:58,3.79,1.0736,6,3.76,1.0651,6,3.5,0.9915,3,3.775,1.0694,91,0
SPY190812C290,2019-08-09,2019-08-09 09:37:59,3.79,1.0736,6,3.76,1.0651,6,3.5,0.9915,3,3.775,1.0694,91,0
SPY190812C290,2019-08-09,2019-08-09 09:38:00,3.82,1.0821,6,3.76,1.0651,6,3.5,0.9915,3,3.79,1.0736,91,0
SPY190812C290,2019-08-09,2019-08-09 09:38:00,3.79,1.0736,10,3.75,1.0623,10,3.5,0.9915,3,3.77,1.0679,91,0
SPY190812C290,2019-08-09,2019-08-09 09:38:01,3.77,1.0679,6,3.73,1.0566,6,3.5,0.9915,3,3.75,1.0623,91,0
SPY190812C290,2019-08-09,2019-08-09 09:38:01,3.78,1.0708,6,3.74,1.0594,9,3.5,0.9915,3,3.76,1.0651,91,0
SPY190812C290,2019-08-09,2019-08-09 09:38:02,3.77,1.0679,9,3.74,1.0594,6,3.5,0.9915,3,3.755,1.0637,91,0
SPY190812C290,2019-08-09,2019-08-09 09:38:03,3.75,1.0623,8,3.71,1.0509,6,3.5,0.9915,3,3.73,1.0566,91,0
SPY190812C290,2019-08-09,2019-08-09 09:38:03,3.76,1.0651,6,3.73,1.0566,6,3.5,0.9915,3,3.745,1.0609,91,0
SPY190812C290,2019-08-09,2019-08-09 09:38:04,3.74,1.0594,6,3.7,1.0481,6,3.5,0.9915,3,3.72,1.0538,91,0
SPY190812C290,2019-08-09,2019-08-09 09:38:05,3.73,1.0566,6,3.69,1.0453,6,3.5,0.9915,3,3.71,1.0509,91,0
SPY190812C290,2019-08-09,2019-08-09 09:38:06,3.71,1.0509,10,3.68,1.0424,13,3.5,0.9915,3,3.695,1.0467,91,0
SPY190812C290,2019-08-09,2019-08-09 09:38:06,3.71,1.0509,10,3.69,1.0453,10,3.69,1.0453,6,3.7,1.0481,97,6
SPY190812C290,2019-08-09,2019-08-09 09:38:07,3.71,1.0509,6,3.67,1.0396,6,3.69,1.0453,6,3.69,1.0453,97,0
SPY190812C290,2019-08-09,2019-08-09 09:38:07,3.71,1.0509,6,3.69,1.0453,100,3.69,1.0453,6,3.7,1.0481,97,0
SPY190812C290,2019-08-09,2019-08-09 09:38:08,3.74,1.0594,10,3.7,1.0481,11,3.69,1.0453,6,3.72,1.0538,97,0
SPY190812C290,2019-08-09,2019-08-09 09:38:08,3.76,1.0651,6,3.7,1.0481,6,3.69,1.0453,6,3.73,1.0566,97,0
SPY190812C290,2019-08-09,2019-08-09 09:38:09,3.71,1.0509,6,3.67,1.0396,6,3.69,1.0453,6,3.69,1.0453,97,0
SPY190812C290,2019-08-09,2019-08-09 09:38:09,3.73,1.0566,10,3.7,1.0481,5,3.69,1.0453,6,3.715,1.0524,97,0
SPY190812C290,2019-08-09,2019-08-09 09:38:10,3.71,1.0509,6,3.67,1.0396,6,3.69,1.0453,6,3.69,1.0453,97,0
SPY190812C290,2019-08-09,2019-08-09 09:38:10,3.7,1.0481,6,3.65,1.0339,100,3.69,1.0453,6,3.675,1.041,97,0
SPY190812C290,2019-08-09,2019-08-09 09:38:11,3.69,1.0453,10,3.65,1.0339,10,3.69,1.0453,6,3.67,1.0396,97,0
SPY190812C290,2019-08-09,2019-08-09 09:38:11,3.69,1.0453,10,3.66,1.0368,10,3.69,1.0453,6,3.675,1.041,97,0
SPY190812C290,2019-08-09,2019-08-09 09:38:12,3.72,1.0538,6,3.66,1.0368,6,3.69,1.0453,6,3.69,1.0453,97,0
SPY190812C290,2019-08-09,2019-08-09 09:38:12,3.71,1.0509,6,3.67,1.0396,6,3.69,1.0453,6,3.69,1.0453,97,0
SPY190812C290,2019-08-09,2019-08-09 09:38:13,3.71,1.0509,6,3.69,1.0453,6,3.69,1.0453,6,3.7,1.0481,97,0
SPY190812C290,2019-08-09,2019-08-09 09:38:14,3.71,1.0509,6,3.67,1.0396,6,3.69,1.0453,6,3.69,1.0453,97,0
SPY190812C290,2019-08-09,2019-08-09 09:38:14,3.71,1.0509,6,3.69,1.0453,6,3.69,1.0453,6,3.7,1.0481,97,0
SPY190812C290,2019-08-09,2019-08-09 09:38:15,3.71,1.0509,6,3.67,1.0396,6,3.69,1.0453,6,3.69,1.0453,97,0
SPY190812C290,2019-08-09,2019-08-09 09:38:16,3.71,1.0509,4,3.68,1.0424,10,3.69,1.0453,6,3.695,1.0467,97,0
SPY190812C290,2019-08-09,2019-08-09 09:38:16,3.71,1.0509,6,3.68,1.0424,6,3.69,1.0453,6,3.695,1.0467,97,0
SPY190812C290,2019-08-09,2019-08-09 09:38:17,3.71,1.0509,4,3.69,1.0453,100,3.69,1.0453,6,3.7,1.0481,97,0
SPY190812C290,2019-08-09,2019-08-09 09:38:17,3.75,1.0623,6,3.71,1.0509,6,3.69,1.0453,6,3.73,1.0566,97,0
SPY190812C290,2019-08-09,2019-08-09 09:38:18,3.77,1.0679,9,3.73,1.0566,6,3.69,1.0453,6,3.75,1.0623,97,0
SPY190812C290,2019-08-09,2019-08-09 09:38:20,3.76,1.0651,4,3.68,1.0424,142,3.69,1.0453,6,3.72,1.0538,97,0
SPY190812C290,2019-08-09,2019-08-09 09:38:21,3.72,1.0538,6,3.69,1.0453,7,3.69,1.0453,6,3.705,1.0495,97,0
SPY190812C290,2019-08-09,2019-08-09 09:38:22,3.71,1.0509,9,3.67,1.0396,9,3.69,1.0453,6,3.69,1.0453,97,0
SPY190812C290,2019-08-09,2019-08-09 09:38:23,3.68,1.0424,6,3.64,1.0311,9,3.69,1.0453,6,3.66,1.0368,97,0
SPY190812C290,2019-08-09,2019-08-09 09:38:24,3.67,1.0396,6,3.64,1.0311,9,3.69,1.0453,6,3.655,1.0354,97,0
SPY190812C290,2019-08-09,2019-08-09 09:38:24,3.67,1.0396,9,3.64,1.0311,9,3.69,1.0453,6,3.655,1.0354,97,0
SPY190812C290,2019-08-09,2019-08-09 09:38:25,3.67,1.0396,10,3.65,1.0339,7,3.69,1.0453,6,3.66,1.0368,97,0
SPY190812C290,2019-08-09,2019-08-09 09:38:25,3.67,1.0396,46,3.64,1.0311,6,3.69,1.0453,6,3.655,1.0354,97,0
SPY190812C290,2019-08-09,2019-08-09 09:38:26,3.67,1.0396,6,3.63,1.0283,103,3.69,1.0453,6,3.65,1.0339,97,0
SPY190812C290,2019-08-09,2019-08-09 09:38:27,3.65,1.0339,10,3.63,1.0283,6,3.69,1.0453,6,3.64,1.0311,97,0
SPY190812C290,2019-08-09,2019-08-09 09:38:27,3.66,1.0368,6,3.63,1.0283,3,3.69,1.0453,6,3.645,1.0325,97,0
SPY190812C290,2019-08-09,2019-08-09 09:38:28,3.65,1.0339,6,3.61,1.0226,6,3.69,1.0453,6,3.63,1.0283,97,0
SPY190812C290,2019-08-09,2019-08-09 09:38:28,3.64,1.0311,4,3.62,1.0254,15,3.69,1.0453,6,3.63,1.0283,97,0
SPY190812C290,2019-08-09,2019-08-09 09:38:29,3.69,1.0453,6,3.62,1.0254,6,3.69,1.0453,6,3.655,1.0354,97,0
SPY190812C290,2019-08-09,2019-08-09 09:38:29,3.65,1.0339,6,3.62,1.0254,6,3.69,1.0453,6,3.635,1.0297,97,0
SPY190812C290,2019-08-09,2019-08-09 09:38:30,3.66,1.0368,6,3.62,1.0254,6,3.69,1.0453,6,3.64,1.0311,97,0
SPY190812C290,2019-08-09,2019-08-09 09:38:30,3.67,1.0396,6,3.62,1.0254,6,3.69,1.0453,6,3.645,1.0325,97,0
SPY190812C290,2019-08-09,2019-08-09 09:38:31,3.66,1.0368,6,3.63,1.0283,9,3.69,1.0453,6,3.645,1.0325,97,0
SPY190812C290,2019-08-09,2019-08-09 09:38:32,3.66,1.0368,70,3.59,1.0169,170,3.69,1.0453,6,3.625,1.0269,97,0
SPY190812C290,2019-08-09,2019-08-09 09:38:32,3.66,1.0368,100,3.62,1.0254,6,3.69,1.0453,6,3.64,1.0311,97,0
SPY190812C290,2019-08-09,2019-08-09 09:38:33,3.65,1.0339,6,3.62,1.0254,6,3.69,1.0453,6,3.635,1.0297,97,0
SPY190812C290,2019-08-09,2019-08-09 09:38:33,3.66,1.0368,5,3.6,1.0198,70,3.69,1.0453,6,3.63,1.0283,97,0
SPY190812C290,2019-08-09,2019-08-09 09:38:34,3.69,1.0453,6,3.63,1.0283,6,3.69,1.0453,6,3.66,1.0368,97,0
SPY190812C290,2019-08-09,2019-08-09 09:38:34,3.69,1.0453,6,3.62,1.0254,100,3.69,1.0453,6,3.655,1.0354,97,0
SPY190812C290,2019-08-09,2019-08-09 09:38:35,3.69,1.0453,6,3.65,1.0339,6,3.69,1.0453,6,3.67,1.0396,97,0
SPY190812C290,2019-08-09,2019-08-09 09:38:35,3.69,1.0453,6,3.65,1.0339,9,3.69,1.0453,6,3.67,1.0396,97,0
SPY190812C290,2019-08-09,2019-08-09 09:38:36,3.68,1.0424,7,3.66,1.0368,12,3.69,1.0453,6,3.67,1.0396,97,0
SPY190812C290,2019-08-09,2019-08-09 09:38:36,3.7,1.0481,6,3.66,1.0368,6,3.69,1.0453,6,3.68,1.0424,97,0
SPY190812C290,2019-08-09,2019-08-09 09:38:37,3.68,1.0424,10,3.66,1.0368,4,3.69,1.0453,6,3.67,1.0396,97,0
SPY190812C290,2019-08-09,2019-08-09 09:38:38,3.72,1.0538,100,3.65,1.0339,6,3.69,1.0453,6,3.685,1.0439,97,0
SPY190812C290,2019-08-09,2019-08-09 09:38:38,3.68,1.0424,10,3.66,1.0368,4,3.69,1.0453,6,3.67,1.0396,97,0
SPY190812C290,2019-08-09,2019-08-09 09:38:39,3.67,1.0396,9,3.65,1.0339,4,3.69,1.0453,6,3.66,1.0368,97,0
SPY190812C290,2019-08-09,2019-08-09 09:38:39,3.67,1.0396,6,3.64,1.0311,6,3.67,1.0396,1,3.655,1.0354,98,1
SPY190812C290,2019-08-09,2019-08-09 09:38:40,3.65,1.0339,6,3.62,1.0254,6,3.67,1.0396,1,3.635,1.0297,98,0
SPY190812C290,2019-08-09,2019-08-09 09:38:40,3.66,1.0368,6,3.62,1.0254,6,3.67,1.0396,1,3.64,1.0311,98,0
SPY190812C290,2019-08-09,2019-08-09 09:38:41,3.68,1.0424,6,3.63,1.0283,6,3.67,1.0396,1,3.655,1.0354,98,0
SPY190812C290,2019-08-09,2019-08-09 09:38:41,3.69,1.0453,10,3.63,1.0283,6,3.67,1.0396,1,3.66,1.0368,98,0
SPY190812C290,2019-08-09,2019-08-09 09:38:42,3.67,1.0396,6,3.64,1.0311,6,3.67,1.0396,1,3.655,1.0354,98,0
SPY190812C290,2019-08-09,2019-08-09 09:38:42,3.66,1.0368,6,3.64,1.0311,6,3.67,1.0396,1,3.65,1.0339,98,0
SPY190812C290,2019-08-09,2019-08-09 09:38:43,3.66,1.0368,6,3.64,1.0311,6,3.67,1.0396,1,3.65,1.0339,98,0
SPY190812C290,2019-08-09,2019-08-09 09:38:43,3.67,1.0396,6,3.64,1.0311,6,3.67,1.0396,1,3.655,1.0354,98,0
SPY190812C290,2019-08-09,2019-08-09 09:38:44,3.67,1.0396,48,3.64,1.0311,10,3.67,1.0396,1,3.655,1.0354,98,0
SPY190812C290,2019-08-09,2019-08-09 09:38:45,3.68,1.0424,6,3.63,1.0283,6,3.67,1.0396,1,3.655,1.0354,98,0
SPY190812C290,2019-08-09,2019-08-09 09:38:45,3.69,1.0453,6,3.63,1.0283,6,3.67,1.0396,1,3.66,1.0368,98,0
