symbol,Date,quote_time,ask_price,norm_ask_price,ask_size,bid_price,norm_bid_price,bid_size,last_trade_price,norm_last_trade_price,last_trade_size,mark_price,norm_mark_price,volume,Volume
IWM191122P159,2019-11-19,2019-11-19 09:30:00,0.89,1.0,15,0.69,0.7752,30,0.89,1.0,2,0.79,0.8876,2,2
IWM191122P159,2019-11-19,2019-11-19 09:30:01,0.88,0.9887,75,0.8,0.8988,75,0.89,1.0,2,0.84,0.9438,2,0
IWM191122P159,2019-11-19,2019-11-19 09:30:02,0.89,1.0,375,0.72,0.8089,30,0.89,1.0,2,0.805,0.9044,2,0
IWM191122P159,2019-11-19,2019-11-19 09:30:03,0.89,1.0,375,0.76,0.8539,15,0.89,1.0,2,0.825,0.9269,2,0
IWM191122P159,2019-11-19,2019-11-19 09:30:04,0.89,1.0,375,0.81,0.9101,75,0.89,1.0,2,0.85,0.955,2,0
IWM191122P159,2019-11-19,2019-11-19 09:30:04,0.87,0.9775,31,0.81,0.9101,75,0.89,1.0,2,0.84,0.9438,2,0
IWM191122P159,2019-11-19,2019-11-19 09:30:05,0.87,0.9775,75,0.81,0.9101,75,0.89,1.0,2,0.84,0.9438,2,0
IWM191122P159,2019-11-19,2019-11-19 09:30:05,0.88,0.9887,31,0.8,0.8988,31,0.89,1.0,2,0.84,0.9438,2,0
IWM191122P159,2019-11-19,2019-11-19 09:30:06,0.89,1.0,385,0.78,0.8764,2,0.89,1.0,2,0.835,0.9382,2,0
IWM191122P159,2019-11-19,2019-11-19 09:30:06,0.88,0.9887,304,0.8,0.8988,75,0.89,1.0,2,0.84,0.9438,2,0
IWM191122P159,2019-11-19,2019-11-19 09:30:07,0.88,0.9887,75,0.81,0.9101,75,0.89,1.0,2,0.845,0.9494,2,0
IWM191122P159,2019-11-19,2019-11-19 09:30:07,0.89,1.0,10,0.78,0.8764,2,0.89,1.0,2,0.835,0.9382,2,0
IWM191122P159,2019-11-19,2019-11-19 09:30:08,0.88,0.9887,75,0.81,0.9101,75,0.89,1.0,2,0.845,0.9494,2,0
IWM191122P159,2019-11-19,2019-11-19 09:30:08,0.88,0.9887,155,0.81,0.9101,202,0.89,1.0,2,0.845,0.9494,2,0
IWM191122P159,2019-11-19,2019-11-19 09:30:09,0.88,0.9887,82,0.81,0.9101,75,0.89,1.0,2,0.845,0.9494,2,0
IWM191122P159,2019-11-19,2019-11-19 09:30:09,0.88,0.9887,93,0.82,0.9213,114,0.89,1.0,2,0.85,0.955,2,0
IWM191122P159,2019-11-19,2019-11-19 09:30:10,0.89,1.0,140,0.82,0.9213,391,0.89,1.0,2,0.855,0.9606,2,0
IWM191122P159,2019-11-19,2019-11-19 09:30:10,0.89,1.0,140,0.82,0.9213,403,0.89,1.0,2,0.855,0.9606,2,0
IWM191122P159,2019-11-19,2019-11-19 09:30:11,0.89,1.0,76,0.83,0.9325,75,0.89,1.0,2,0.86,0.9662,2,0
IWM191122P159,2019-11-19,2019-11-19 09:30:11,0.89,1.0,117,0.82,0.9213,539,0.89,1.0,2,0.855,0.9606,2,0
IWM191122P159,2019-11-19,2019-11-19 09:30:12,0.89,1.0,316,0.82,0.9213,539,0.89,1.0,2,0.855,0.9606,2,0
IWM191122P159,2019-11-19,2019-11-19 09:30:13,0.89,1.0,316,0.82,0.9213,539,0.89,1.0,2,0.855,0.9606,2,0
IWM191122P159,2019-11-19,2019-11-19 09:30:14,0.88,0.9887,246,0.82,0.9213,269,0.89,1.0,2,0.85,0.955,2,0
IWM191122P159,2019-11-19,2019-11-19 09:30:14,0.89,1.0,316,0.82,0.9213,69,0.89,1.0,2,0.855,0.9606,2,0
IWM191122P159,2019-11-19,2019-11-19 09:30:15,0.87,0.9775,277,0.81,0.9101,46,0.89,1.0,2,0.84,0.9438,2,0
IWM191122P159,2019-11-19,2019-11-19 09:30:15,0.88,0.9887,246,0.82,0.9213,69,0.89,1.0,2,0.85,0.955,2,0
IWM191122P159,2019-11-19,2019-11-19 09:30:16,0.87,0.9775,396,0.81,0.9101,121,0.89,1.0,2,0.84,0.9438,2,0
IWM191122P159,2019-11-19,2019-11-19 09:30:16,0.86,0.9662,46,0.81,0.9101,121,0.89,1.0,2,0.835,0.9382,2,0
IWM191122P159,2019-11-19,2019-11-19 09:30:17,0.87,0.9775,157,0.81,0.9101,374,0.89,1.0,2,0.84,0.9438,2,0
IWM191122P159,2019-11-19,2019-11-19 09:30:18,0.88,0.9887,179,0.82,0.9213,369,0.89,1.0,2,0.85,0.955,2,0
IWM191122P159,2019-11-19,2019-11-19 09:30:18,0.89,1.0,50,0.84,0.9438,121,0.89,1.0,2,0.865,0.9719,2,0
IWM191122P159,2019-11-19,2019-11-19 09:30:19,0.87,0.9775,555,0.82,0.9213,121,0.89,1.0,2,0.845,0.9494,2,0
IWM191122P159,2019-11-19,2019-11-19 09:30:19,0.87,0.9775,246,0.81,0.9101,457,0.89,1.0,2,0.84,0.9438,2,0
IWM191122P159,2019-11-19,2019-11-19 09:30:20,0.87,0.9775,261,0.82,0.9213,322,0.89,1.0,2,0.845,0.9494,2,0
IWM191122P159,2019-11-19,2019-11-19 09:30:20,0.89,1.0,350,0.84,0.9438,664,0.89,1.0,2,0.865,0.9719,2,0
IWM191122P159,2019-11-19,2019-11-19 09:30:21,0.89,1.0,10,0.85,0.955,307,0.89,1.0,2,0.87,0.9775,2,0
IWM191122P159,2019-11-19,2019-11-19 09:30:21,0.89,1.0,110,0.84,0.9438,664,0.89,1.0,2,0.865,0.9719,2,0
IWM191122P159,2019-11-19,2019-11-19 09:30:22,0.9,1.0112,202,0.85,0.955,399,0.89,1.0,2,0.875,0.9831,2,0
IWM191122P159,2019-11-19,2019-11-19 09:30:22,0.9,1.0112,146,0.86,0.9662,75,0.89,1.0,2,0.88,0.9887,2,0
IWM191122P159,2019-11-19,2019-11-19 09:30:23,0.9,1.0112,460,0.85,0.955,75,0.89,1.0,2,0.875,0.9831,2,0
IWM191122P159,2019-11-19,2019-11-19 09:30:23,0.9,1.0112,519,0.85,0.955,507,0.89,1.0,2,0.875,0.9831,2,0
IWM191122P159,2019-11-19,2019-11-19 09:30:24,0.89,1.0,115,0.85,0.955,507,0.89,1.0,2,0.87,0.9775,2,0
IWM191122P159,2019-11-19,2019-11-19 09:30:24,0.89,1.0,516,0.84,0.9438,835,0.89,1.0,2,0.865,0.9719,2,0
IWM191122P159,2019-11-19,2019-11-19 09:30:25,0.89,1.0,516,0.84,0.9438,835,0.89,1.0,2,0.865,0.9719,2,0
IWM191122P159,2019-11-19,2019-11-19 09:30:26,0.88,0.9887,525,0.84,0.9438,292,0.89,1.0,2,0.86,0.9662,2,0
IWM191122P159,2019-11-19,2019-11-19 09:30:26,0.89,1.0,516,0.84,0.9438,835,0.89,1.0,2,0.865,0.9719,2,0
IWM191122P159,2019-11-19,2019-11-19 09:30:27,0.86,0.9662,128,0.81,0.9101,444,0.89,1.0,2,0.835,0.9382,2,0
IWM191122P159,2019-11-19,2019-11-19 09:30:27,0.86,0.9662,361,0.81,0.9101,484,0.89,1.0,2,0.835,0.9382,2,0
IWM191122P159,2019-11-19,2019-11-19 09:30:28,0.86,0.9662,489,0.81,0.9101,357,0.89,1.0,2,0.835,0.9382,2,0
IWM191122P159,2019-11-19,2019-11-19 09:30:28,0.86,0.9662,527,0.81,0.9101,357,0.89,1.0,2,0.835,0.9382,2,0
IWM191122P159,2019-11-19,2019-11-19 09:30:29,0.86,0.9662,527,0.8,0.8988,337,0.89,1.0,2,0.83,0.9325,2,0
IWM191122P159,2019-11-19,2019-11-19 09:30:29,0.85,0.955,20,0.8,0.8988,347,0.89,1.0,2,0.825,0.9269,2,0
IWM191122P159,2019-11-19,2019-11-19 09:30:30,0.86,0.9662,248,0.81,0.9101,639,0.89,1.0,2,0.835,0.9382,2,0
IWM191122P159,2019-11-19,2019-11-19 09:30:30,0.86,0.9662,75,0.81,0.9101,639,0.89,1.0,2,0.835,0.9382,2,0
IWM191122P159,2019-11-19,2019-11-19 09:30:31,0.86,0.9662,388,0.81,0.9101,771,0.89,1.0,2,0.835,0.9382,2,0
IWM191122P159,2019-11-19,2019-11-19 09:30:32,0.86,0.9662,388,0.81,0.9101,771,0.89,1.0,2,0.835,0.9382,2,0
IWM191122P159,2019-11-19,2019-11-19 09:30:33,0.86,0.9662,388,0.81,0.9101,571,0.89,1.0,2,0.835,0.9382,2,0
IWM191122P159,2019-11-19,2019-11-19 09:30:33,0.86,0.9662,519,0.81,0.9101,571,0.89,1.0,2,0.835,0.9382,2,0
IWM191122P159,2019-11-19,2019-11-19 09:30:34,0.86,0.9662,519,0.81,0.9101,571,0.89,1.0,2,0.835,0.9382,2,0
IWM191122P159,2019-11-19,2019-11-19 09:30:35,0.86,0.9662,519,0.81,0.9101,771,0.89,1.0,2,0.835,0.9382,2,0
IWM191122P159,2019-11-19,2019-11-19 09:30:35,0.86,0.9662,519,0.81,0.9101,571,0.89,1.0,2,0.835,0.9382,2,0
IWM191122P159,2019-11-19,2019-11-19 09:30:36,0.86,0.9662,279,0.81,0.9101,771,0.89,1.0,2,0.835,0.9382,2,0
IWM191122P159,2019-11-19,2019-11-19 09:30:36,0.86,0.9662,519,0.81,0.9101,771,0.89,1.0,2,0.835,0.9382,2,0
IWM191122P159,2019-11-19,2019-11-19 09:30:37,0.86,0.9662,32,0.82,0.9213,25,0.89,1.0,2,0.84,0.9438,2,0
IWM191122P159,2019-11-19,2019-11-19 09:30:37,0.86,0.9662,83,0.82,0.9213,83,0.89,1.0,2,0.84,0.9438,2,0
IWM191122P159,2019-11-19,2019-11-19 09:30:38,0.86,0.9662,75,0.82,0.9213,85,0.89,1.0,2,0.84,0.9438,2,0
IWM191122P159,2019-11-19,2019-11-19 09:30:38,0.86,0.9662,78,0.82,0.9213,85,0.89,1.0,2,0.84,0.9438,2,0
IWM191122P159,2019-11-19,2019-11-19 09:30:39,0.85,0.955,64,0.82,0.9213,85,0.85,0.955,8,0.835,0.9382,10,8
IWM191122P159,2019-11-19,2019-11-19 09:30:39,0.85,0.955,64,0.82,0.9213,85,0.85,0.955,8,0.835,0.9382,10,0
IWM191122P159,2019-11-19,2019-11-19 09:30:40,0.85,0.955,20,0.82,0.9213,85,0.85,0.955,8,0.835,0.9382,10,0
IWM191122P159,2019-11-19,2019-11-19 09:30:41,0.85,0.955,20,0.82,0.9213,85,0.85,0.955,8,0.835,0.9382,10,0
IWM191122P159,2019-11-19,2019-11-19 09:30:42,0.86,0.9662,300,0.82,0.9213,85,0.85,0.955,8,0.84,0.9438,10,0
IWM191122P159,2019-11-19,2019-11-19 09:30:42,0.86,0.9662,258,0.82,0.9213,18,0.85,0.955,8,0.84,0.9438,10,0
IWM191122P159,2019-11-19,2019-11-19 09:30:43,0.86,0.9662,146,0.82,0.9213,75,0.85,0.955,8,0.84,0.9438,10,0
IWM191122P159,2019-11-19,2019-11-19 09:30:43,0.86,0.9662,93,0.81,0.9101,398,0.85,0.955,8,0.835,0.9382,10,0
IWM191122P159,2019-11-19,2019-11-19 09:30:44,0.86,0.9662,146,0.82,0.9213,293,0.85,0.955,8,0.84,0.9438,10,0
IWM191122P159,2019-11-19,2019-11-19 09:30:45,0.86,0.9662,507,0.81,0.9101,329,0.85,0.955,8,0.835,0.9382,10,0
IWM191122P159,2019-11-19,2019-11-19 09:30:45,0.86,0.9662,507,0.82,0.9213,319,0.85,0.955,8,0.84,0.9438,10,0
IWM191122P159,2019-11-19,2019-11-19 09:30:46,0.86,0.9662,507,0.82,0.9213,335,0.85,0.955,8,0.84,0.9438,10,0
IWM191122P159,2019-11-19,2019-11-19 09:30:46,0.86,0.9662,507,0.82,0.9213,341,0.85,0.955,8,0.84,0.9438,10,0
IWM191122P159,2019-11-19,2019-11-19 09:30:47,0.86,0.9662,507,0.82,0.9213,327,0.85,0.955,8,0.84,0.9438,10,0
IWM191122P159,2019-11-19,2019-11-19 09:30:48,0.86,0.9662,507,0.82,0.9213,327,0.85,0.955,8,0.84,0.9438,10,0
IWM191122P159,2019-11-19,2019-11-19 09:30:48,0.86,0.9662,507,0.82,0.9213,340,0.85,0.955,8,0.84,0.9438,10,0
IWM191122P159,2019-11-19,2019-11-19 09:30:49,0.86,0.9662,507,0.82,0.9213,327,0.85,0.955,8,0.84,0.9438,10,0
IWM191122P159,2019-11-19,2019-11-19 09:30:50,0.86,0.9662,507,0.82,0.9213,327,0.85,0.955,8,0.84,0.9438,10,0
IWM191122P159,2019-11-19,2019-11-19 09:30:50,0.85,0.955,97,0.82,0.9213,576,0.85,0.955,8,0.835,0.9382,10,0
IWM191122P159,2019-11-19,2019-11-19 09:30:51,0.85,0.955,464,0.81,0.9101,493,0.85,0.955,8,0.83,0.9325,10,0
IWM191122P159,2019-11-19,2019-11-19 09:30:51,0.85,0.955,340,0.81,0.9101,297,0.85,0.955,8,0.83,0.9325,10,0
IWM191122P159,2019-11-19,2019-11-19 09:30:52,0.85,0.955,542,0.81,0.9101,549,0.85,0.955,8,0.83,0.9325,10,0
IWM191122P159,2019-11-19,2019-11-19 09:30:52,0.84,0.9438,128,0.81,0.9101,349,0.85,0.955,8,0.825,0.9269,10,0
IWM191122P159,2019-11-19,2019-11-19 09:30:53,0.84,0.9438,510,0.8,0.8988,333,0.85,0.955,8,0.82,0.9213,10,0
IWM191122P159,2019-11-19,2019-11-19 09:30:53,0.84,0.9438,344,0.81,0.9101,349,0.85,0.955,8,0.825,0.9269,10,0
IWM191122P159,2019-11-19,2019-11-19 09:30:54,0.84,0.9438,535,0.8,0.8988,335,0.85,0.955,8,0.82,0.9213,10,0
IWM191122P159,2019-11-19,2019-11-19 09:30:54,0.84,0.9438,496,0.8,0.8988,375,0.85,0.955,8,0.82,0.9213,10,0
IWM191122P159,2019-11-19,2019-11-19 09:30:55,0.84,0.9438,496,0.8,0.8988,525,0.85,0.955,8,0.82,0.9213,10,0
IWM191122P159,2019-11-19,2019-11-19 09:30:55,0.84,0.9438,509,0.8,0.8988,507,0.85,0.955,8,0.82,0.9213,10,0
IWM191122P159,2019-11-19,2019-11-19 09:30:56,0.84,0.9438,509,0.8,0.8988,525,0.85,0.955,8,0.82,0.9213,10,0
IWM191122P159,2019-11-19,2019-11-19 09:30:57,0.84,0.9438,30,0.81,0.9101,295,0.85,0.955,8,0.825,0.9269,10,0
IWM191122P159,2019-11-19,2019-11-19 09:30:57,0.84,0.9438,494,0.8,0.8988,632,0.85,0.955,8,0.82,0.9213,10,0
IWM191122P159,2019-11-19,2019-11-19 09:30:58,0.84,0.9438,30,0.81,0.9101,295,0.85,0.955,8,0.825,0.9269,10,0
IWM191122P159,2019-11-19,2019-11-19 09:30:58,0.85,0.955,468,0.81,0.9101,580,0.85,0.955,8,0.83,0.9325,10,0
IWM191122P159,2019-11-19,2019-11-19 09:30:59,0.85,0.955,434,0.82,0.9213,1,0.85,0.955,8,0.835,0.9382,10,0
IWM191122P159,2019-11-19,2019-11-19 09:30:59,0.85,0.955,468,0.81,0.9101,580,0.85,0.955,8,0.83,0.9325,10,0
IWM191122P159,2019-11-19,2019-11-19 09:31:00,0.84,0.9438,469,0.82,0.9213,1,0.85,0.955,8,0.83,0.9325,10,0
IWM191122P159,2019-11-19,2019-11-19 09:31:00,0.84,0.9438,351,0.82,0.9213,1,0.85,0.955,8,0.83,0.9325,10,0
IWM191122P159,2019-11-19,2019-11-19 09:31:01,0.85,0.955,46,0.82,0.9213,1,0.85,0.955,8,0.835,0.9382,10,0
IWM191122P159,2019-11-19,2019-11-19 09:31:01,0.84,0.9438,65,0.82,0.9213,1,0.85,0.955,8,0.83,0.9325,10,0
IWM191122P159,2019-11-19,2019-11-19 09:31:02,0.85,0.955,91,0.82,0.9213,1,0.85,0.955,8,0.835,0.9382,10,0
IWM191122P159,2019-11-19,2019-11-19 09:31:02,0.85,0.955,91,0.82,0.9213,75,0.85,0.955,8,0.835,0.9382,10,0
IWM191122P159,2019-11-19,2019-11-19 09:31:03,0.85,0.955,91,0.82,0.9213,1,0.85,0.955,8,0.835,0.9382,10,0
IWM191122P159,2019-11-19,2019-11-19 09:31:04,0.86,0.9662,415,0.82,0.9213,430,0.85,0.955,8,0.84,0.9438,10,0
IWM191122P159,2019-11-19,2019-11-19 09:31:04,0.86,0.9662,514,0.82,0.9213,486,0.85,0.955,8,0.84,0.9438,10,0
IWM191122P159,2019-11-19,2019-11-19 09:31:05,0.87,0.9775,554,0.83,0.9325,848,0.85,0.955,8,0.85,0.955,10,0
IWM191122P159,2019-11-19,2019-11-19 09:31:05,0.87,0.9775,396,0.83,0.9325,619,0.85,0.955,8,0.85,0.955,10,0
IWM191122P159,2019-11-19,2019-11-19 09:31:06,0.87,0.9775,455,0.83,0.9325,623,0.85,0.955,8,0.85,0.955,10,0
IWM191122P159,2019-11-19,2019-11-19 09:31:06,0.87,0.9775,455,0.84,0.9438,75,0.85,0.955,8,0.855,0.9606,10,0
IWM191122P159,2019-11-19,2019-11-19 09:31:07,0.87,0.9775,178,0.84,0.9438,139,0.85,0.955,8,0.855,0.9606,10,0
IWM191122P159,2019-11-19,2019-11-19 09:31:07,0.87,0.9775,554,0.84,0.9438,75,0.85,0.955,8,0.855,0.9606,10,0
IWM191122P159,2019-11-19,2019-11-19 09:31:08,0.87,0.9775,20,0.84,0.9438,493,0.85,0.955,8,0.855,0.9606,10,0
IWM191122P159,2019-11-19,2019-11-19 09:31:08,0.87,0.9775,178,0.84,0.9438,264,0.85,0.955,8,0.855,0.9606,10,0
IWM191122P159,2019-11-19,2019-11-19 09:31:09,0.89,1.0,496,0.85,0.955,189,0.85,0.955,8,0.87,0.9775,10,0
IWM191122P159,2019-11-19,2019-11-19 09:31:09,0.88,0.9887,75,0.85,0.955,115,0.85,0.955,8,0.865,0.9719,10,0
IWM191122P159,2019-11-19,2019-11-19 09:31:10,0.88,0.9887,429,0.84,0.9438,317,0.85,0.955,8,0.86,0.9662,10,0
IWM191122P159,2019-11-19,2019-11-19 09:31:10,0.88,0.9887,101,0.84,0.9438,297,0.85,0.955,8,0.86,0.9662,10,0
IWM191122P159,2019-11-19,2019-11-19 09:31:11,0.88,0.9887,524,0.84,0.9438,659,0.86,0.9662,1,0.86,0.9662,11,0
IWM191122P159,2019-11-19,2019-11-19 09:31:11,0.88,0.9887,564,0.84,0.9438,493,0.86,0.9662,1,0.86,0.9662,11,1
IWM191122P159,2019-11-19,2019-11-19 09:31:12,0.87,0.9775,124,0.84,0.9438,459,0.86,0.9662,1,0.855,0.9606,11,0
IWM191122P159,2019-11-19,2019-11-19 09:31:12,0.88,0.9887,524,0.84,0.9438,659,0.86,0.9662,1,0.86,0.9662,11,0
IWM191122P159,2019-11-19,2019-11-19 09:31:13,0.87,0.9775,510,0.83,0.9325,249,0.86,0.9662,1,0.85,0.955,11,0
IWM191122P159,2019-11-19,2019-11-19 09:31:13,0.86,0.9662,348,0.82,0.9213,365,0.86,0.9662,1,0.84,0.9438,11,0
IWM191122P159,2019-11-19,2019-11-19 09:31:14,0.86,0.9662,56,0.82,0.9213,836,0.86,0.9662,1,0.84,0.9438,11,0
IWM191122P159,2019-11-19,2019-11-19 09:31:14,0.86,0.9662,75,0.82,0.9213,432,0.86,0.9662,1,0.84,0.9438,11,0
IWM191122P159,2019-11-19,2019-11-19 09:31:15,0.86,0.9662,20,0.83,0.9325,86,0.86,0.9662,1,0.845,0.9494,11,0
IWM191122P159,2019-11-19,2019-11-19 09:31:15,0.86,0.9662,75,0.82,0.9213,838,0.86,0.9662,1,0.84,0.9438,11,0
IWM191122P159,2019-11-19,2019-11-19 09:31:16,0.87,0.9775,26,0.83,0.9325,327,0.86,0.9662,1,0.85,0.955,11,0
IWM191122P159,2019-11-19,2019-11-19 09:31:16,0.87,0.9775,312,0.83,0.9325,342,0.86,0.9662,1,0.85,0.955,11,0
IWM191122P159,2019-11-19,2019-11-19 09:31:17,0.88,0.9887,473,0.84,0.9438,763,0.86,0.9662,1,0.86,0.9662,11,0
IWM191122P159,2019-11-19,2019-11-19 09:31:18,0.87,0.9775,180,0.83,0.9325,220,0.86,0.9662,1,0.85,0.955,11,0
IWM191122P159,2019-11-19,2019-11-19 09:31:18,0.88,0.9887,256,0.84,0.9438,949,0.86,0.9662,1,0.86,0.9662,11,0
IWM191122P159,2019-11-19,2019-11-19 09:31:19,0.87,0.9775,305,0.83,0.9325,424,0.86,0.9662,1,0.85,0.955,11,0
IWM191122P159,2019-11-19,2019-11-19 09:31:19,0.87,0.9775,60,0.84,0.9438,75,0.86,0.9662,1,0.855,0.9606,11,0
IWM191122P159,2019-11-19,2019-11-19 09:31:20,0.87,0.9775,20,0.84,0.9438,112,0.86,0.9662,1,0.855,0.9606,11,0
IWM191122P159,2019-11-19,2019-11-19 09:31:20,0.87,0.9775,361,0.84,0.9438,75,0.86,0.9662,1,0.855,0.9606,11,0
IWM191122P159,2019-11-19,2019-11-19 09:31:21,0.88,0.9887,169,0.84,0.9438,20,0.86,0.9662,1,0.86,0.9662,11,0
IWM191122P159,2019-11-19,2019-11-19 09:31:21,0.89,1.0,308,0.85,0.955,291,0.86,0.9662,1,0.87,0.9775,11,0
IWM191122P159,2019-11-19,2019-11-19 09:31:22,0.88,0.9887,75,0.85,0.955,82,0.86,0.9662,1,0.865,0.9719,11,0
IWM191122P159,2019-11-19,2019-11-19 09:31:22,0.88,0.9887,20,0.85,0.955,504,0.86,0.9662,1,0.865,0.9719,11,0
IWM191122P159,2019-11-19,2019-11-19 09:31:23,0.89,1.0,27,0.86,0.9662,171,0.86,0.9662,1,0.875,0.9831,11,0
IWM191122P159,2019-11-19,2019-11-19 09:31:23,0.9,1.0112,356,0.86,0.9662,171,0.86,0.9662,1,0.88,0.9887,11,0
IWM191122P159,2019-11-19,2019-11-19 09:31:24,0.89,1.0,302,0.86,0.9662,331,0.86,0.9662,1,0.875,0.9831,11,0
IWM191122P159,2019-11-19,2019-11-19 09:31:25,0.89,1.0,458,0.86,0.9662,331,0.86,0.9662,1,0.875,0.9831,11,0
IWM191122P159,2019-11-19,2019-11-19 09:31:25,0.89,1.0,512,0.86,0.9662,331,0.86,0.9662,1,0.875,0.9831,11,0
IWM191122P159,2019-11-19,2019-11-19 09:31:26,0.88,0.9887,24,0.86,0.9662,331,0.86,0.9662,1,0.87,0.9775,11,0
IWM191122P159,2019-11-19,2019-11-19 09:31:27,0.89,1.0,560,0.86,0.9662,20,0.86,0.9662,1,0.875,0.9831,11,0
IWM191122P159,2019-11-19,2019-11-19 09:31:27,0.89,1.0,560,0.86,0.9662,12,0.86,0.9662,1,0.875,0.9831,11,0
IWM191122P159,2019-11-19,2019-11-19 09:31:28,0.89,1.0,555,0.84,0.9438,352,0.86,0.9662,1,0.865,0.9719,11,0
IWM191122P159,2019-11-19,2019-11-19 09:31:28,0.88,0.9887,14,0.85,0.955,237,0.86,0.9662,1,0.865,0.9719,11,0
IWM191122P159,2019-11-19,2019-11-19 09:31:29,0.89,1.0,479,0.85,0.955,448,0.86,0.9662,1,0.87,0.9775,11,0
IWM191122P159,2019-11-19,2019-11-19 09:31:29,0.89,1.0,121,0.85,0.955,439,0.86,0.9662,1,0.87,0.9775,11,0
IWM191122P159,2019-11-19,2019-11-19 09:31:30,0.88,0.9887,342,0.84,0.9438,481,0.86,0.9662,1,0.86,0.9662,11,0
IWM191122P159,2019-11-19,2019-11-19 09:31:30,0.88,0.9887,293,0.86,0.9662,20,0.86,0.9662,1,0.87,0.9775,11,0
IWM191122P159,2019-11-19,2019-11-19 09:31:31,0.88,0.9887,441,0.85,0.955,20,0.86,0.9662,1,0.865,0.9719,11,0
IWM191122P159,2019-11-19,2019-11-19 09:31:32,0.88,0.9887,213,0.85,0.955,327,0.86,0.9662,1,0.865,0.9719,11,0
IWM191122P159,2019-11-19,2019-11-19 09:31:32,0.88,0.9887,142,0.85,0.955,264,0.86,0.9662,1,0.865,0.9719,11,0
IWM191122P159,2019-11-19,2019-11-19 09:31:33,0.89,1.0,328,0.85,0.955,677,0.86,0.9662,1,0.87,0.9775,11,0
IWM191122P159,2019-11-19,2019-11-19 09:31:33,0.88,0.9887,31,0.85,0.955,677,0.86,0.9662,1,0.865,0.9719,11,0
IWM191122P159,2019-11-19,2019-11-19 09:31:34,0.88,0.9887,43,0.85,0.955,510,0.86,0.9662,1,0.865,0.9719,11,0
IWM191122P159,2019-11-19,2019-11-19 09:31:34,0.88,0.9887,208,0.85,0.955,510,0.87,0.9775,10,0.865,0.9719,21,10
IWM191122P159,2019-11-19,2019-11-19 09:31:35,0.87,0.9775,1,0.85,0.955,403,0.87,0.9775,10,0.86,0.9662,21,0
IWM191122P159,2019-11-19,2019-11-19 09:31:36,0.88,0.9887,342,0.85,0.955,403,0.87,0.9775,10,0.865,0.9719,21,0
IWM191122P159,2019-11-19,2019-11-19 09:31:36,0.88,0.9887,379,0.85,0.955,52,0.87,0.9775,10,0.865,0.9719,21,0
IWM191122P159,2019-11-19,2019-11-19 09:31:37,0.88,0.9887,379,0.85,0.955,52,0.87,0.9775,10,0.865,0.9719,21,0
IWM191122P159,2019-11-19,2019-11-19 09:31:37,0.88,0.9887,30,0.85,0.955,52,0.87,0.9775,10,0.865,0.9719,21,0
IWM191122P159,2019-11-19,2019-11-19 09:31:38,0.88,0.9887,283,0.85,0.955,52,0.87,0.9775,10,0.865,0.9719,21,0
IWM191122P159,2019-11-19,2019-11-19 09:31:38,0.88,0.9887,59,0.86,0.9662,10,0.87,0.9775,10,0.87,0.9775,21,0
IWM191122P159,2019-11-19,2019-11-19 09:31:39,0.88,0.9887,212,0.86,0.9662,10,0.87,0.9775,10,0.87,0.9775,21,0
IWM191122P159,2019-11-19,2019-11-19 09:31:39,0.88,0.9887,200,0.86,0.9662,10,0.87,0.9775,10,0.87,0.9775,21,0
IWM191122P159,2019-11-19,2019-11-19 09:31:40,0.88,0.9887,20,0.86,0.9662,20,0.87,0.9775,10,0.87,0.9775,21,0
IWM191122P159,2019-11-19,2019-11-19 09:31:41,0.88,0.9887,20,0.86,0.9662,20,0.87,0.9775,10,0.87,0.9775,21,0
IWM191122P159,2019-11-19,2019-11-19 09:31:42,0.88,0.9887,20,0.86,0.9662,20,0.87,0.9775,10,0.87,0.9775,21,0
IWM191122P159,2019-11-19,2019-11-19 09:31:42,0.88,0.9887,30,0.86,0.9662,20,0.87,0.9775,10,0.87,0.9775,21,0
IWM191122P159,2019-11-19,2019-11-19 09:31:43,0.88,0.9887,30,0.86,0.9662,20,0.87,0.9775,10,0.87,0.9775,21,0
IWM191122P159,2019-11-19,2019-11-19 09:31:43,0.88,0.9887,20,0.86,0.9662,20,0.87,0.9775,10,0.87,0.9775,21,0
IWM191122P159,2019-11-19,2019-11-19 09:31:44,0.88,0.9887,30,0.86,0.9662,20,0.87,0.9775,10,0.87,0.9775,21,0
IWM191122P159,2019-11-19,2019-11-19 09:31:44,0.88,0.9887,194,0.86,0.9662,20,0.87,0.9775,10,0.87,0.9775,21,0
IWM191122P159,2019-11-19,2019-11-19 09:31:45,0.88,0.9887,29,0.86,0.9662,1,0.87,0.9775,10,0.87,0.9775,21,0
IWM191122P159,2019-11-19,2019-11-19 09:31:45,0.88,0.9887,20,0.86,0.9662,20,0.87,0.9775,10,0.87,0.9775,21,0
IWM191122P159,2019-11-19,2019-11-19 09:31:46,0.88,0.9887,20,0.86,0.9662,20,0.87,0.9775,10,0.87,0.9775,21,0
IWM191122P159,2019-11-19,2019-11-19 09:31:47,0.88,0.9887,234,0.86,0.9662,20,0.87,0.9775,10,0.87,0.9775,21,0
IWM191122P159,2019-11-19,2019-11-19 09:31:48,0.88,0.9887,352,0.85,0.955,10,0.87,0.9775,10,0.865,0.9719,21,0
IWM191122P159,2019-11-19,2019-11-19 09:31:48,0.88,0.9887,352,0.86,0.9662,20,0.87,0.9775,10,0.87,0.9775,21,0
IWM191122P159,2019-11-19,2019-11-19 09:31:49,0.88,0.9887,287,0.86,0.9662,1,0.87,0.9775,10,0.87,0.9775,21,0
IWM191122P159,2019-11-19,2019-11-19 09:31:49,0.88,0.9887,329,0.86,0.9662,20,0.87,0.9775,10,0.87,0.9775,21,0
IWM191122P159,2019-11-19,2019-11-19 09:31:50,0.88,0.9887,287,0.85,0.955,15,0.87,0.9775,10,0.865,0.9719,21,0
IWM191122P159,2019-11-19,2019-11-19 09:31:50,0.88,0.9887,425,0.86,0.9662,10,0.87,0.9775,10,0.87,0.9775,21,0
IWM191122P159,2019-11-19,2019-11-19 09:31:51,0.88,0.9887,42,0.85,0.955,31,0.87,0.9775,10,0.865,0.9719,21,0
IWM191122P159,2019-11-19,2019-11-19 09:31:52,0.88,0.9887,42,0.85,0.955,327,0.87,0.9775,10,0.865,0.9719,21,0
IWM191122P159,2019-11-19,2019-11-19 09:31:52,0.89,1.0,477,0.85,0.955,513,0.87,0.9775,10,0.87,0.9775,21,0
IWM191122P159,2019-11-19,2019-11-19 09:31:53,0.89,1.0,477,0.85,0.955,482,0.87,0.9775,10,0.87,0.9775,21,0
IWM191122P159,2019-11-19,2019-11-19 09:31:53,0.89,1.0,602,0.85,0.955,562,0.87,0.9775,10,0.87,0.9775,21,0
IWM191122P159,2019-11-19,2019-11-19 09:31:54,0.88,0.9887,46,0.85,0.955,295,0.87,0.9775,10,0.865,0.9719,21,0
IWM191122P159,2019-11-19,2019-11-19 09:31:55,0.88,0.9887,76,0.85,0.955,390,0.87,0.9775,10,0.865,0.9719,21,0
IWM191122P159,2019-11-19,2019-11-19 09:31:55,0.88,0.9887,20,0.86,0.9662,10,0.87,0.9775,10,0.87,0.9775,21,0
IWM191122P159,2019-11-19,2019-11-19 09:31:56,0.89,1.0,447,0.86,0.9662,20,0.87,0.9775,10,0.875,0.9831,21,0
IWM191122P159,2019-11-19,2019-11-19 09:31:57,0.89,1.0,304,0.86,0.9662,20,0.87,0.9775,10,0.875,0.9831,21,0
IWM191122P159,2019-11-19,2019-11-19 09:31:57,0.89,1.0,304,0.86,0.9662,24,0.87,0.9775,10,0.875,0.9831,21,0
IWM191122P159,2019-11-19,2019-11-19 09:31:58,0.89,1.0,458,0.86,0.9662,80,0.87,0.9775,10,0.875,0.9831,21,0
IWM191122P159,2019-11-19,2019-11-19 09:31:58,0.89,1.0,562,0.86,0.9662,20,0.87,0.9775,10,0.875,0.9831,21,0
IWM191122P159,2019-11-19,2019-11-19 09:31:59,0.89,1.0,458,0.86,0.9662,16,0.87,0.9775,10,0.875,0.9831,21,0
IWM191122P159,2019-11-19,2019-11-19 09:31:59,0.89,1.0,458,0.86,0.9662,20,0.87,0.9775,10,0.875,0.9831,21,0
IWM191122P159,2019-11-19,2019-11-19 09:32:00,0.9,1.0112,312,0.88,0.9887,65,0.87,0.9775,10,0.89,1.0,21,0
IWM191122P159,2019-11-19,2019-11-19 09:32:00,0.89,1.0,545,0.86,0.9662,20,0.87,0.9775,10,0.875,0.9831,21,0
IWM191122P159,2019-11-19,2019-11-19 09:32:01,0.91,1.0224,209,0.88,0.9887,356,0.87,0.9775,10,0.895,1.0056,21,0
IWM191122P159,2019-11-19,2019-11-19 09:32:01,0.91,1.0224,135,0.88,0.9887,37,0.87,0.9775,10,0.895,1.0056,21,0
IWM191122P159,2019-11-19,2019-11-19 09:32:02,0.91,1.0224,83,0.88,0.9887,224,0.87,0.9775,10,0.895,1.0056,21,0
IWM191122P159,2019-11-19,2019-11-19 09:32:02,0.91,1.0224,217,0.88,0.9887,43,0.87,0.9775,10,0.895,1.0056,21,0
IWM191122P159,2019-11-19,2019-11-19 09:32:03,0.91,1.0224,280,0.88,0.9887,31,0.87,0.9775,10,0.895,1.0056,21,0
IWM191122P159,2019-11-19,2019-11-19 09:32:03,0.89,1.0,152,0.85,0.955,192,0.87,0.9775,10,0.87,0.9775,21,0
IWM191122P159,2019-11-19,2019-11-19 09:32:04,0.89,1.0,422,0.86,0.9662,22,0.87,0.9775,10,0.875,0.9831,21,0
IWM191122P159,2019-11-19,2019-11-19 09:32:04,0.89,1.0,335,0.85,0.955,564,0.87,0.9775,10,0.87,0.9775,21,0
IWM191122P159,2019-11-19,2019-11-19 09:32:05,0.89,1.0,479,0.86,0.9662,33,0.87,0.9775,10,0.875,0.9831,21,0
IWM191122P159,2019-11-19,2019-11-19 09:32:06,0.89,1.0,68,0.86,0.9662,441,0.87,0.9775,10,0.875,0.9831,21,0
IWM191122P159,2019-11-19,2019-11-19 09:32:06,0.9,1.0112,385,0.86,0.9662,654,0.87,0.9775,10,0.88,0.9887,21,0
IWM191122P159,2019-11-19,2019-11-19 09:32:07,0.89,1.0,249,0.86,0.9662,230,0.87,0.9775,10,0.875,0.9831,21,0
IWM191122P159,2019-11-19,2019-11-19 09:32:07,0.9,1.0112,602,0.86,0.9662,329,0.87,0.9775,10,0.88,0.9887,21,0
IWM191122P159,2019-11-19,2019-11-19 09:32:08,0.89,1.0,249,0.86,0.9662,139,0.87,0.9775,10,0.875,0.9831,21,0
IWM191122P159,2019-11-19,2019-11-19 09:32:08,0.89,1.0,129,0.86,0.9662,40,0.87,0.9775,10,0.875,0.9831,21,0
IWM191122P159,2019-11-19,2019-11-19 09:32:09,0.89,1.0,76,0.87,0.9775,20,0.87,0.9775,10,0.88,0.9887,21,0
IWM191122P159,2019-11-19,2019-11-19 09:32:09,0.89,1.0,87,0.86,0.9662,142,0.87,0.9775,10,0.875,0.9831,21,0
IWM191122P159,2019-11-19,2019-11-19 09:32:10,0.89,1.0,551,0.86,0.9662,75,0.87,0.9775,10,0.875,0.9831,21,0
IWM191122P159,2019-11-19,2019-11-19 09:32:10,0.88,0.9887,76,0.85,0.955,353,0.87,0.9775,10,0.865,0.9719,21,0
IWM191122P159,2019-11-19,2019-11-19 09:32:11,0.88,0.9887,20,0.86,0.9662,20,0.87,0.9775,10,0.87,0.9775,21,0
IWM191122P159,2019-11-19,2019-11-19 09:32:11,0.88,0.9887,30,0.85,0.955,353,0.87,0.9775,10,0.865,0.9719,21,0
IWM191122P159,2019-11-19,2019-11-19 09:32:12,0.88,0.9887,20,0.86,0.9662,76,0.87,0.9775,10,0.87,0.9775,21,0
IWM191122P159,2019-11-19,2019-11-19 09:32:12,0.89,1.0,534,0.86,0.9662,20,0.87,0.9775,10,0.875,0.9831,21,0
IWM191122P159,2019-11-19,2019-11-19 09:32:13,0.89,1.0,458,0.86,0.9662,76,0.87,0.9775,10,0.875,0.9831,21,0
IWM191122P159,2019-11-19,2019-11-19 09:32:13,0.9,1.0112,490,0.86,0.9662,504,0.87,0.9775,10,0.88,0.9887,21,0
IWM191122P159,2019-11-19,2019-11-19 09:32:14,0.89,1.0,101,0.86,0.9662,498,0.87,0.9775,10,0.875,0.9831,21,0
IWM191122P159,2019-11-19,2019-11-19 09:32:14,0.89,1.0,603,0.86,0.9662,99,0.87,0.9775,10,0.875,0.9831,21,0
IWM191122P159,2019-11-19,2019-11-19 09:32:15,0.89,1.0,603,0.86,0.9662,91,0.87,0.9775,10,0.875,0.9831,21,0
IWM191122P159,2019-11-19,2019-11-19 09:32:15,0.89,1.0,603,0.86,0.9662,84,0.87,0.9775,10,0.875,0.9831,21,0
IWM191122P159,2019-11-19,2019-11-19 09:32:16,0.89,1.0,603,0.86,0.9662,76,0.87,0.9775,10,0.875,0.9831,21,0
IWM191122P159,2019-11-19,2019-11-19 09:32:16,0.89,1.0,603,0.86,0.9662,84,0.87,0.9775,10,0.875,0.9831,21,0
IWM191122P159,2019-11-19,2019-11-19 09:32:17,0.89,1.0,436,0.86,0.9662,278,0.87,0.9775,10,0.875,0.9831,21,0
IWM191122P159,2019-11-19,2019-11-19 09:32:17,0.88,0.9887,10,0.86,0.9662,76,0.87,0.9775,10,0.87,0.9775,21,0
IWM191122P159,2019-11-19,2019-11-19 09:32:18,0.88,0.9887,129,0.85,0.955,276,0.87,0.9775,10,0.865,0.9719,21,0
IWM191122P159,2019-11-19,2019-11-19 09:32:19,0.88,0.9887,220,0.86,0.9662,20,0.87,0.9775,10,0.87,0.9775,21,0
IWM191122P159,2019-11-19,2019-11-19 09:32:20,0.88,0.9887,420,0.86,0.9662,20,0.87,0.9775,10,0.87,0.9775,21,0
IWM191122P159,2019-11-19,2019-11-19 09:32:21,0.89,1.0,224,0.86,0.9662,95,0.87,0.9775,10,0.875,0.9831,21,0
IWM191122P159,2019-11-19,2019-11-19 09:32:21,0.89,1.0,361,0.86,0.9662,95,0.87,0.9775,10,0.875,0.9831,21,0
IWM191122P159,2019-11-19,2019-11-19 09:32:22,0.89,1.0,496,0.86,0.9662,20,0.87,0.9775,10,0.875,0.9831,21,0
IWM191122P159,2019-11-19,2019-11-19 09:32:22,0.89,1.0,496,0.86,0.9662,95,0.87,0.9775,10,0.875,0.9831,21,0
IWM191122P159,2019-11-19,2019-11-19 09:32:23,0.89,1.0,521,0.86,0.9662,20,0.88,0.9887,5,0.875,0.9831,31,10
IWM191122P159,2019-11-19,2019-11-19 09:32:23,0.88,0.9887,47,0.86,0.9662,30,0.88,0.9887,5,0.87,0.9775,31,0
IWM191122P159,2019-11-19,2019-11-19 09:32:24,0.89,1.0,265,0.86,0.9662,341,0.88,0.9887,5,0.875,0.9831,31,0
IWM191122P159,2019-11-19,2019-11-19 09:32:24,0.88,0.9887,93,0.85,0.955,285,0.88,0.9887,5,0.865,0.9719,31,0
IWM191122P159,2019-11-19,2019-11-19 09:32:25,0.89,1.0,438,0.87,0.9775,20,0.88,0.9887,5,0.88,0.9887,31,0
IWM191122P159,2019-11-19,2019-11-19 09:32:25,0.89,1.0,265,0.86,0.9662,424,0.88,0.9887,5,0.875,0.9831,31,0
IWM191122P159,2019-11-19,2019-11-19 09:32:26,0.89,1.0,438,0.87,0.9775,20,0.88,0.9887,5,0.88,0.9887,31,0
IWM191122P159,2019-11-19,2019-11-19 09:32:26,0.89,1.0,525,0.87,0.9775,20,0.88,0.9887,5,0.88,0.9887,31,0
IWM191122P159,2019-11-19,2019-11-19 09:32:27,0.9,1.0112,75,0.87,0.9775,218,0.88,0.9887,5,0.885,0.9943,31,0
IWM191122P159,2019-11-19,2019-11-19 09:32:27,0.89,1.0,203,0.87,0.9775,37,0.88,0.9887,5,0.88,0.9887,31,0
IWM191122P159,2019-11-19,2019-11-19 09:32:28,0.91,1.0224,404,0.88,0.9887,471,0.88,0.9887,5,0.895,1.0056,31,0
IWM191122P159,2019-11-19,2019-11-19 09:32:28,0.91,1.0224,361,0.88,0.9887,98,0.88,0.9887,5,0.895,1.0056,31,0
IWM191122P159,2019-11-19,2019-11-19 09:32:29,0.91,1.0224,358,0.88,0.9887,138,0.88,0.9887,5,0.895,1.0056,31,0
IWM191122P159,2019-11-19,2019-11-19 09:32:30,0.91,1.0224,445,0.88,0.9887,114,0.88,0.9887,5,0.895,1.0056,31,0
IWM191122P159,2019-11-19,2019-11-19 09:32:30,0.91,1.0224,445,0.88,0.9887,76,0.88,0.9887,5,0.895,1.0056,31,0
IWM191122P159,2019-11-19,2019-11-19 09:32:31,0.91,1.0224,445,0.88,0.9887,127,0.88,0.9887,5,0.895,1.0056,31,0
IWM191122P159,2019-11-19,2019-11-19 09:32:32,0.91,1.0224,445,0.88,0.9887,153,0.88,0.9887,5,0.895,1.0056,31,0
IWM191122P159,2019-11-19,2019-11-19 09:32:33,0.91,1.0224,445,0.88,0.9887,451,0.88,0.9887,5,0.895,1.0056,31,0
IWM191122P159,2019-11-19,2019-11-19 09:32:33,0.91,1.0224,469,0.88,0.9887,451,0.88,0.9887,5,0.895,1.0056,31,0
IWM191122P159,2019-11-19,2019-11-19 09:32:34,0.9,1.0112,561,0.88,0.9887,20,0.88,0.9887,5,0.89,1.0,31,0
IWM191122P159,2019-11-19,2019-11-19 09:32:34,0.9,1.0112,298,0.88,0.9887,57,0.88,0.9887,5,0.89,1.0,31,0
IWM191122P159,2019-11-19,2019-11-19 09:32:35,0.9,1.0112,106,0.88,0.9887,37,0.88,0.9887,5,0.89,1.0,31,0
IWM191122P159,2019-11-19,2019-11-19 09:32:35,0.9,1.0112,99,0.88,0.9887,37,0.88,0.9887,5,0.89,1.0,31,0
IWM191122P159,2019-11-19,2019-11-19 09:32:36,0.91,1.0224,438,0.88,0.9887,37,0.88,0.9887,5,0.895,1.0056,31,0
IWM191122P159,2019-11-19,2019-11-19 09:32:36,0.9,1.0112,235,0.88,0.9887,11,0.88,0.9887,5,0.89,1.0,31,0
IWM191122P159,2019-11-19,2019-11-19 09:32:37,0.9,1.0112,460,0.88,0.9887,11,0.88,0.9887,5,0.89,1.0,31,0
IWM191122P159,2019-11-19,2019-11-19 09:32:37,0.9,1.0112,517,0.88,0.9887,11,0.88,0.9887,5,0.89,1.0,31,0
IWM191122P159,2019-11-19,2019-11-19 09:32:38,0.9,1.0112,460,0.88,0.9887,11,0.88,0.9887,5,0.89,1.0,31,0
IWM191122P159,2019-11-19,2019-11-19 09:32:39,0.9,1.0112,56,0.88,0.9887,42,0.88,0.9887,5,0.89,1.0,31,0
IWM191122P159,2019-11-19,2019-11-19 09:32:39,0.9,1.0112,106,0.88,0.9887,32,0.88,0.9887,5,0.89,1.0,31,0
IWM191122P159,2019-11-19,2019-11-19 09:32:40,0.9,1.0112,69,0.88,0.9887,153,0.88,0.9887,5,0.89,1.0,31,0
IWM191122P159,2019-11-19,2019-11-19 09:32:40,0.9,1.0112,69,0.88,0.9887,353,0.88,0.9887,5,0.89,1.0,31,0
IWM191122P159,2019-11-19,2019-11-19 09:32:41,0.91,1.0224,292,0.89,1.0,20,0.88,0.9887,5,0.9,1.0112,31,0
IWM191122P159,2019-11-19,2019-11-19 09:32:41,0.91,1.0224,296,0.88,0.9887,606,0.88,0.9887,5,0.895,1.0056,31,0
IWM191122P159,2019-11-19,2019-11-19 09:32:42,0.92,1.0337,10,0.89,1.0,37,0.88,0.9887,5,0.905,1.0168,31,0
IWM191122P159,2019-11-19,2019-11-19 09:32:42,0.93,1.0449,165,0.89,1.0,188,0.88,0.9887,5,0.91,1.0224,31,0
IWM191122P159,2019-11-19,2019-11-19 09:32:43,0.93,1.0449,101,0.89,1.0,315,0.88,0.9887,5,0.91,1.0224,31,0
IWM191122P159,2019-11-19,2019-11-19 09:32:43,0.92,1.0337,210,0.89,1.0,85,0.88,0.9887,5,0.905,1.0168,31,0
IWM191122P159,2019-11-19,2019-11-19 09:32:44,0.9,1.0112,491,0.87,0.9775,195,0.88,0.9887,5,0.885,0.9943,31,0
IWM191122P159,2019-11-19,2019-11-19 09:32:44,0.92,1.0337,319,0.88,0.9887,38,0.88,0.9887,5,0.9,1.0112,31,0
IWM191122P159,2019-11-19,2019-11-19 09:32:45,0.9,1.0112,481,0.87,0.9775,177,0.88,0.9887,5,0.885,0.9943,31,0
IWM191122P159,2019-11-19,2019-11-19 09:32:45,0.9,1.0112,409,0.87,0.9775,177,0.88,0.9887,5,0.885,0.9943,31,0
IWM191122P159,2019-11-19,2019-11-19 09:32:46,0.9,1.0112,228,0.87,0.9775,177,0.88,0.9887,5,0.885,0.9943,31,0
IWM191122P159,2019-11-19,2019-11-19 09:32:46,0.9,1.0112,228,0.88,0.9887,30,0.88,0.9887,5,0.89,1.0,31,0
IWM191122P159,2019-11-19,2019-11-19 09:32:47,0.9,1.0112,100,0.88,0.9887,18,0.88,0.9887,5,0.89,1.0,31,0
IWM191122P159,2019-11-19,2019-11-19 09:32:47,0.9,1.0112,76,0.88,0.9887,30,0.88,0.9887,5,0.89,1.0,31,0
IWM191122P159,2019-11-19,2019-11-19 09:32:48,0.9,1.0112,408,0.88,0.9887,18,0.88,0.9887,5,0.89,1.0,31,0
IWM191122P159,2019-11-19,2019-11-19 09:32:49,0.9,1.0112,451,0.87,0.9775,70,0.88,0.9887,5,0.885,0.9943,31,0
IWM191122P159,2019-11-19,2019-11-19 09:32:49,0.9,1.0112,481,0.87,0.9775,79,0.88,0.9887,5,0.885,0.9943,31,0
IWM191122P159,2019-11-19,2019-11-19 09:32:50,0.9,1.0112,119,0.88,0.9887,32,0.88,0.9887,5,0.89,1.0,31,0
IWM191122P159,2019-11-19,2019-11-19 09:32:50,0.9,1.0112,119,0.87,0.9775,652,0.88,0.9887,5,0.885,0.9943,31,0
IWM191122P159,2019-11-19,2019-11-19 09:32:51,0.91,1.0224,106,0.88,0.9887,359,0.88,0.9887,5,0.895,1.0056,31,0
IWM191122P159,2019-11-19,2019-11-19 09:32:51,0.9,1.0112,264,0.88,0.9887,38,0.88,0.9887,5,0.89,1.0,31,0
IWM191122P159,2019-11-19,2019-11-19 09:32:52,0.91,1.0224,246,0.89,1.0,12,0.88,0.9887,5,0.9,1.0112,31,0
IWM191122P159,2019-11-19,2019-11-19 09:32:52,0.91,1.0224,246,0.89,1.0,21,0.88,0.9887,5,0.9,1.0112,31,0
IWM191122P159,2019-11-19,2019-11-19 09:32:53,0.91,1.0224,318,0.88,0.9887,367,0.88,0.9887,5,0.895,1.0056,31,0
IWM191122P159,2019-11-19,2019-11-19 09:32:53,0.91,1.0224,314,0.88,0.9887,212,0.88,0.9887,5,0.895,1.0056,31,0
IWM191122P159,2019-11-19,2019-11-19 09:32:54,0.91,1.0224,318,0.89,1.0,36,0.88,0.9887,5,0.9,1.0112,31,0
IWM191122P159,2019-11-19,2019-11-19 09:32:54,0.91,1.0224,318,0.88,0.9887,367,0.88,0.9887,5,0.895,1.0056,31,0
IWM191122P159,2019-11-19,2019-11-19 09:32:55,0.92,1.0337,121,0.89,1.0,36,0.88,0.9887,5,0.905,1.0168,31,0
IWM191122P159,2019-11-19,2019-11-19 09:32:56,0.92,1.0337,381,0.89,1.0,192,0.88,0.9887,5,0.905,1.0168,31,0
IWM191122P159,2019-11-19,2019-11-19 09:32:56,0.92,1.0337,381,0.89,1.0,87,0.88,0.9887,5,0.905,1.0168,31,0
IWM191122P159,2019-11-19,2019-11-19 09:32:57,0.9,1.0112,75,0.89,1.0,20,0.88,0.9887,5,0.895,1.0056,31,0
IWM191122P159,2019-11-19,2019-11-19 09:32:57,0.91,1.0224,255,0.89,1.0,87,0.88,0.9887,5,0.9,1.0112,31,0
IWM191122P159,2019-11-19,2019-11-19 09:32:58,0.9,1.0112,75,0.89,1.0,30,0.88,0.9887,5,0.895,1.0056,31,0
IWM191122P159,2019-11-19,2019-11-19 09:32:59,0.9,1.0112,238,0.89,1.0,20,0.88,0.9887,5,0.895,1.0056,31,0
IWM191122P159,2019-11-19,2019-11-19 09:32:59,0.9,1.0112,238,0.89,1.0,30,0.88,0.9887,5,0.895,1.0056,41,10
IWM191122P159,2019-11-19,2019-11-19 09:33:00,0.91,1.0224,76,0.88,0.9887,47,0.89,1.0,10,0.895,1.0056,41,0
IWM191122P159,2019-11-19,2019-11-19 09:33:00,0.9,1.0112,115,0.88,0.9887,67,0.89,1.0,10,0.89,1.0,41,0
IWM191122P159,2019-11-19,2019-11-19 09:33:01,0.91,1.0224,76,0.9,1.0112,20,0.89,1.0,10,0.905,1.0168,41,0
IWM191122P159,2019-11-19,2019-11-19 09:33:02,0.91,1.0224,76,0.89,1.0,154,0.89,1.0,10,0.9,1.0112,41,0
IWM191122P159,2019-11-19,2019-11-19 09:33:02,0.92,1.0337,285,0.89,1.0,183,0.89,1.0,10,0.905,1.0168,41,0
IWM191122P159,2019-11-19,2019-11-19 09:33:03,0.92,1.0337,185,0.89,1.0,240,0.89,1.0,10,0.905,1.0168,41,0
IWM191122P159,2019-11-19,2019-11-19 09:33:03,0.91,1.0224,100,0.89,1.0,154,0.89,1.0,10,0.9,1.0112,41,0
IWM191122P159,2019-11-19,2019-11-19 09:33:04,0.92,1.0337,238,0.89,1.0,104,0.89,1.0,10,0.905,1.0168,41,0
IWM191122P159,2019-11-19,2019-11-19 09:33:04,0.92,1.0337,272,0.89,1.0,240,0.89,1.0,10,0.905,1.0168,41,0
IWM191122P159,2019-11-19,2019-11-19 09:33:05,0.92,1.0337,272,0.89,1.0,263,0.89,1.0,10,0.905,1.0168,41,0
IWM191122P159,2019-11-19,2019-11-19 09:33:05,0.92,1.0337,363,0.89,1.0,331,0.89,1.0,10,0.905,1.0168,41,0
IWM191122P159,2019-11-19,2019-11-19 09:33:06,0.92,1.0337,76,0.89,1.0,388,0.89,1.0,10,0.905,1.0168,41,0
IWM191122P159,2019-11-19,2019-11-19 09:33:06,0.92,1.0337,84,0.89,1.0,263,0.89,1.0,10,0.905,1.0168,41,0
IWM191122P159,2019-11-19,2019-11-19 09:33:07,0.92,1.0337,113,0.91,1.0224,3,0.89,1.0,10,0.915,1.028,41,0
IWM191122P159,2019-11-19,2019-11-19 09:33:07,0.93,1.0449,140,0.91,1.0224,20,0.89,1.0,10,0.92,1.0337,41,0
IWM191122P159,2019-11-19,2019-11-19 09:33:08,0.92,1.0337,90,0.91,1.0224,20,0.89,1.0,10,0.915,1.028,41,0
IWM191122P159,2019-11-19,2019-11-19 09:33:08,0.93,1.0449,210,0.91,1.0224,20,0.89,1.0,10,0.92,1.0337,41,0
IWM191122P159,2019-11-19,2019-11-19 09:33:09,0.93,1.0449,91,0.91,1.0224,20,0.89,1.0,10,0.92,1.0337,41,0
IWM191122P159,2019-11-19,2019-11-19 09:33:09,0.93,1.0449,200,0.91,1.0224,20,0.89,1.0,10,0.92,1.0337,41,0
IWM191122P159,2019-11-19,2019-11-19 09:33:10,0.93,1.0449,91,0.91,1.0224,37,0.89,1.0,10,0.92,1.0337,41,0
IWM191122P159,2019-11-19,2019-11-19 09:33:10,0.93,1.0449,238,0.91,1.0224,37,0.89,1.0,10,0.92,1.0337,41,0
IWM191122P159,2019-11-19,2019-11-19 09:33:11,0.93,1.0449,238,0.91,1.0224,20,0.89,1.0,10,0.92,1.0337,41,0
IWM191122P159,2019-11-19,2019-11-19 09:33:12,0.93,1.0449,229,0.9,1.0112,33,0.91,1.0224,3,0.915,1.028,44,3
IWM191122P159,2019-11-19,2019-11-19 09:33:12,0.93,1.0449,167,0.91,1.0224,3,0.89,1.0,10,0.92,1.0337,41,0
IWM191122P159,2019-11-19,2019-11-19 09:33:13,0.92,1.0337,311,0.9,1.0112,30,0.91,1.0224,3,0.91,1.0224,44,0
IWM191122P159,2019-11-19,2019-11-19 09:33:13,0.93,1.0449,229,0.9,1.0112,30,0.91,1.0224,3,0.915,1.028,44,0
IWM191122P159,2019-11-19,2019-11-19 09:33:14,0.91,1.0224,75,0.89,1.0,3,0.91,1.0224,3,0.9,1.0112,44,0
IWM191122P159,2019-11-19,2019-11-19 09:33:14,0.92,1.0337,402,0.89,1.0,30,0.91,1.0224,3,0.905,1.0168,44,0
IWM191122P159,2019-11-19,2019-11-19 09:33:15,0.92,1.0337,414,0.89,1.0,318,0.91,1.0224,3,0.905,1.0168,44,0
IWM191122P159,2019-11-19,2019-11-19 09:33:15,0.91,1.0224,76,0.89,1.0,30,0.91,1.0224,3,0.9,1.0112,44,0
IWM191122P159,2019-11-19,2019-11-19 09:33:16,0.92,1.0337,168,0.89,1.0,450,0.91,1.0224,3,0.905,1.0168,44,0
IWM191122P159,2019-11-19,2019-11-19 09:33:16,0.92,1.0337,411,0.89,1.0,558,0.91,1.0224,3,0.905,1.0168,44,0
IWM191122P159,2019-11-19,2019-11-19 09:33:17,0.91,1.0224,405,0.89,1.0,20,0.91,1.0224,3,0.9,1.0112,44,0
IWM191122P159,2019-11-19,2019-11-19 09:33:17,0.92,1.0337,408,0.89,1.0,112,0.91,1.0224,3,0.905,1.0168,44,0
IWM191122P159,2019-11-19,2019-11-19 09:33:18,0.9,1.0112,75,0.89,1.0,20,0.91,1.0224,3,0.895,1.0056,44,0
IWM191122P159,2019-11-19,2019-11-19 09:33:18,0.9,1.0112,13,0.89,1.0,20,0.91,1.0224,3,0.895,1.0056,44,0
IWM191122P159,2019-11-19,2019-11-19 09:33:19,0.9,1.0112,285,0.89,1.0,3,0.91,1.0224,3,0.895,1.0056,44,0
IWM191122P159,2019-11-19,2019-11-19 09:33:19,0.9,1.0112,315,0.89,1.0,3,0.91,1.0224,3,0.895,1.0056,44,0
IWM191122P159,2019-11-19,2019-11-19 09:33:20,0.89,1.0,1,0.89,1.0,3,0.89,1.0,3,0.89,1.0,47,3
IWM191122P159,2019-11-19,2019-11-19 09:33:20,0.9,1.0112,147,0.87,0.9775,46,0.89,1.0,3,0.885,0.9943,47,0
IWM191122P159,2019-11-19,2019-11-19 09:33:21,0.9,1.0112,419,0.88,0.9887,12,0.89,1.0,3,0.89,1.0,47,0
IWM191122P159,2019-11-19,2019-11-19 09:33:21,0.9,1.0112,266,0.87,0.9775,46,0.89,1.0,3,0.885,0.9943,47,0
IWM191122P159,2019-11-19,2019-11-19 09:33:22,0.9,1.0112,365,0.87,0.9775,36,0.89,1.0,3,0.885,0.9943,47,0
IWM191122P159,2019-11-19,2019-11-19 09:33:22,0.89,1.0,76,0.87,0.9775,46,0.89,1.0,3,0.88,0.9887,47,0
IWM191122P159,2019-11-19,2019-11-19 09:33:23,0.9,1.0112,387,0.87,0.9775,229,0.89,1.0,3,0.885,0.9943,47,0
IWM191122P159,2019-11-19,2019-11-19 09:33:23,0.9,1.0112,288,0.87,0.9775,129,0.89,1.0,3,0.885,0.9943,47,0
IWM191122P159,2019-11-19,2019-11-19 09:33:24,0.9,1.0112,89,0.87,0.9775,537,0.89,1.0,3,0.885,0.9943,47,0
IWM191122P159,2019-11-19,2019-11-19 09:33:25,0.9,1.0112,84,0.87,0.9775,574,0.89,1.0,3,0.885,0.9943,47,0
IWM191122P159,2019-11-19,2019-11-19 09:33:25,0.9,1.0112,238,0.87,0.9775,615,0.89,1.0,3,0.885,0.9943,47,0
IWM191122P159,2019-11-19,2019-11-19 09:33:26,0.9,1.0112,337,0.87,0.9775,504,0.89,1.0,3,0.885,0.9943,47,0
IWM191122P159,2019-11-19,2019-11-19 09:33:27,0.89,1.0,76,0.87,0.9775,383,0.89,1.0,2,0.88,0.9887,49,2
IWM191122P159,2019-11-19,2019-11-19 09:33:27,0.89,1.0,76,0.87,0.9775,383,0.89,1.0,2,0.88,0.9887,49,0
IWM191122P159,2019-11-19,2019-11-19 09:33:28,0.89,1.0,76,0.87,0.9775,383,0.89,1.0,2,0.88,0.9887,49,0
IWM191122P159,2019-11-19,2019-11-19 09:33:29,0.89,1.0,76,0.87,0.9775,436,0.89,1.0,2,0.88,0.9887,49,0
IWM191122P159,2019-11-19,2019-11-19 09:33:29,0.9,1.0112,391,0.87,0.9775,436,0.89,1.0,2,0.885,0.9943,49,0
IWM191122P159,2019-11-19,2019-11-19 09:33:30,0.9,1.0112,200,0.87,0.9775,318,0.89,1.0,2,0.885,0.9943,49,0
IWM191122P159,2019-11-19,2019-11-19 09:33:30,0.9,1.0112,391,0.87,0.9775,436,0.89,1.0,2,0.885,0.9943,49,0
IWM191122P159,2019-11-19,2019-11-19 09:33:31,0.9,1.0112,76,0.87,0.9775,424,0.89,1.0,2,0.885,0.9943,49,0
IWM191122P159,2019-11-19,2019-11-19 09:33:31,0.9,1.0112,84,0.87,0.9775,400,0.89,1.0,2,0.885,0.9943,49,0
IWM191122P159,2019-11-19,2019-11-19 09:33:32,0.9,1.0112,142,0.88,0.9887,20,0.89,1.0,2,0.89,1.0,49,0
IWM191122P159,2019-11-19,2019-11-19 09:33:32,0.9,1.0112,299,0.88,0.9887,30,0.89,1.0,2,0.89,1.0,49,0
IWM191122P159,2019-11-19,2019-11-19 09:33:33,0.89,1.0,76,0.88,0.9887,20,0.89,1.0,2,0.885,0.9943,49,0
IWM191122P159,2019-11-19,2019-11-19 09:33:33,0.9,1.0112,304,0.88,0.9887,20,0.89,1.0,2,0.89,1.0,49,0
IWM191122P159,2019-11-19,2019-11-19 09:33:34,0.89,1.0,84,0.88,0.9887,20,0.89,1.0,2,0.885,0.9943,49,0
IWM191122P159,2019-11-19,2019-11-19 09:33:34,0.89,1.0,76,0.88,0.9887,20,0.89,1.0,2,0.885,0.9943,49,0
IWM191122P159,2019-11-19,2019-11-19 09:33:35,0.89,1.0,77,0.87,0.9775,30,0.89,1.0,2,0.88,0.9887,49,0
IWM191122P159,2019-11-19,2019-11-19 09:33:35,0.89,1.0,84,0.88,0.9887,20,0.89,1.0,2,0.885,0.9943,49,0
IWM191122P159,2019-11-19,2019-11-19 09:33:36,0.89,1.0,100,0.87,0.9775,49,0.89,1.0,2,0.88,0.9887,49,0
IWM191122P159,2019-11-19,2019-11-19 09:33:36,0.89,1.0,76,0.87,0.9775,49,0.89,1.0,2,0.88,0.9887,49,0
IWM191122P159,2019-11-19,2019-11-19 09:33:37,0.89,1.0,200,0.87,0.9775,49,0.89,1.0,2,0.88,0.9887,49,0
IWM191122P159,2019-11-19,2019-11-19 09:33:37,0.89,1.0,100,0.87,0.9775,49,0.89,1.0,2,0.88,0.9887,49,0
IWM191122P159,2019-11-19,2019-11-19 09:33:38,0.89,1.0,238,0.87,0.9775,49,0.89,1.0,2,0.88,0.9887,49,0
IWM191122P159,2019-11-19,2019-11-19 09:33:39,0.89,1.0,274,0.87,0.9775,49,0.89,1.0,2,0.88,0.9887,49,0
IWM191122P159,2019-11-19,2019-11-19 09:33:40,0.89,1.0,200,0.87,0.9775,20,0.89,1.0,2,0.88,0.9887,49,0
IWM191122P159,2019-11-19,2019-11-19 09:33:40,0.9,1.0112,172,0.87,0.9775,20,0.89,1.0,2,0.885,0.9943,49,0
IWM191122P159,2019-11-19,2019-11-19 09:33:41,0.89,1.0,134,0.87,0.9775,30,0.89,1.0,2,0.88,0.9887,49,0
IWM191122P159,2019-11-19,2019-11-19 09:33:41,0.89,1.0,113,0.87,0.9775,47,0.89,1.0,2,0.88,0.9887,49,0
IWM191122P159,2019-11-19,2019-11-19 09:33:42,0.89,1.0,238,0.87,0.9775,47,0.89,1.0,2,0.88,0.9887,49,0
IWM191122P159,2019-11-19,2019-11-19 09:33:42,0.89,1.0,274,0.87,0.9775,47,0.89,1.0,2,0.88,0.9887,49,0
IWM191122P159,2019-11-19,2019-11-19 09:33:43,0.89,1.0,274,0.87,0.9775,47,0.89,1.0,2,0.88,0.9887,49,0
IWM191122P159,2019-11-19,2019-11-19 09:33:44,0.89,1.0,274,0.87,0.9775,47,0.89,1.0,2,0.88,0.9887,49,0
IWM191122P159,2019-11-19,2019-11-19 09:33:45,0.89,1.0,274,0.87,0.9775,47,0.89,1.0,2,0.88,0.9887,49,0
IWM191122P159,2019-11-19,2019-11-19 09:33:46,0.89,1.0,274,0.87,0.9775,47,0.89,1.0,2,0.88,0.9887,49,0
IWM191122P159,2019-11-19,2019-11-19 09:33:46,0.89,1.0,274,0.87,0.9775,37,0.89,1.0,2,0.88,0.9887,49,0
IWM191122P159,2019-11-19,2019-11-19 09:33:47,0.89,1.0,274,0.87,0.9775,37,0.89,1.0,2,0.88,0.9887,49,0
IWM191122P159,2019-11-19,2019-11-19 09:33:48,0.89,1.0,274,0.87,0.9775,47,0.89,1.0,2,0.88,0.9887,49,0
IWM191122P159,2019-11-19,2019-11-19 09:33:49,0.89,1.0,274,0.87,0.9775,47,0.89,1.0,2,0.88,0.9887,49,0
IWM191122P159,2019-11-19,2019-11-19 09:33:50,0.89,1.0,274,0.87,0.9775,37,0.89,1.0,2,0.88,0.9887,49,0
IWM191122P159,2019-11-19,2019-11-19 09:33:51,0.89,1.0,2,0.87,0.9775,125,0.89,1.0,2,0.88,0.9887,49,0
IWM191122P159,2019-11-19,2019-11-19 09:33:51,0.89,1.0,274,0.87,0.9775,47,0.89,1.0,2,0.88,0.9887,49,0
IWM191122P159,2019-11-19,2019-11-19 09:33:52,0.89,1.0,2,0.87,0.9775,193,0.89,1.0,2,0.88,0.9887,49,0
IWM191122P159,2019-11-19,2019-11-19 09:33:52,0.89,1.0,2,0.87,0.9775,348,0.89,1.0,2,0.88,0.9887,49,0
IWM191122P159,2019-11-19,2019-11-19 09:33:53,0.9,1.0112,498,0.87,0.9775,323,0.89,1.0,2,0.885,0.9943,49,0
IWM191122P159,2019-11-19,2019-11-19 09:33:53,0.89,1.0,1,0.87,0.9775,222,0.89,1.0,2,0.88,0.9887,49,0
IWM191122P159,2019-11-19,2019-11-19 09:33:54,0.89,1.0,216,0.87,0.9775,24,0.89,1.0,2,0.88,0.9887,49,0
IWM191122P159,2019-11-19,2019-11-19 09:33:54,0.9,1.0112,498,0.87,0.9775,304,0.89,1.0,2,0.885,0.9943,49,0
IWM191122P159,2019-11-19,2019-11-19 09:33:55,0.89,1.0,274,0.87,0.9775,38,0.89,1.0,2,0.88,0.9887,49,0
IWM191122P159,2019-11-19,2019-11-19 09:33:55,0.89,1.0,266,0.87,0.9775,24,0.89,1.0,2,0.88,0.9887,49,0
IWM191122P159,2019-11-19,2019-11-19 09:33:56,0.89,1.0,274,0.87,0.9775,38,0.89,1.0,2,0.88,0.9887,49,0
IWM191122P159,2019-11-19,2019-11-19 09:33:56,0.9,1.0112,296,0.87,0.9775,58,0.89,1.0,2,0.885,0.9943,49,0
IWM191122P159,2019-11-19,2019-11-19 09:33:57,0.9,1.0112,296,0.87,0.9775,88,0.89,1.0,2,0.885,0.9943,49,0
IWM191122P159,2019-11-19,2019-11-19 09:33:58,0.9,1.0112,249,0.88,0.9887,54,0.89,1.0,2,0.89,1.0,49,0
IWM191122P159,2019-11-19,2019-11-19 09:33:58,0.9,1.0112,369,0.87,0.9775,123,0.89,1.0,2,0.885,0.9943,49,0
IWM191122P159,2019-11-19,2019-11-19 09:33:59,0.91,1.0224,394,0.88,0.9887,123,0.89,1.0,2,0.895,1.0056,49,0
IWM191122P159,2019-11-19,2019-11-19 09:33:59,0.91,1.0224,156,0.89,1.0,36,0.89,1.0,2,0.9,1.0112,49,0
IWM191122P159,2019-11-19,2019-11-19 09:34:00,0.91,1.0224,200,0.89,1.0,31,0.89,1.0,2,0.9,1.0112,49,0
IWM191122P159,2019-11-19,2019-11-19 09:34:00,0.92,1.0337,200,0.89,1.0,52,0.89,1.0,2,0.905,1.0168,49,0
IWM191122P159,2019-11-19,2019-11-19 09:34:01,0.92,1.0337,75,0.89,1.0,253,0.89,1.0,2,0.905,1.0168,49,0
IWM191122P159,2019-11-19,2019-11-19 09:34:01,0.92,1.0337,75,0.89,1.0,649,0.89,1.0,2,0.905,1.0168,49,0
IWM191122P159,2019-11-19,2019-11-19 09:34:02,0.92,1.0337,269,0.89,1.0,228,0.89,1.0,2,0.905,1.0168,49,0
IWM191122P159,2019-11-19,2019-11-19 09:34:02,0.92,1.0337,337,0.89,1.0,313,0.89,1.0,2,0.905,1.0168,49,0
IWM191122P159,2019-11-19,2019-11-19 09:34:03,0.92,1.0337,337,0.89,1.0,368,0.89,1.0,2,0.905,1.0168,49,0
IWM191122P159,2019-11-19,2019-11-19 09:34:04,0.92,1.0337,337,0.89,1.0,370,0.89,1.0,2,0.905,1.0168,49,0
IWM191122P159,2019-11-19,2019-11-19 09:34:04,0.92,1.0337,113,0.9,1.0112,61,0.89,1.0,2,0.91,1.0224,49,0
IWM191122P159,2019-11-19,2019-11-19 09:34:05,0.92,1.0337,113,0.9,1.0112,20,0.89,1.0,2,0.91,1.0224,49,0
IWM191122P159,2019-11-19,2019-11-19 09:34:05,0.93,1.0449,123,0.9,1.0112,81,0.89,1.0,2,0.915,1.028,49,0
IWM191122P159,2019-11-19,2019-11-19 09:34:06,0.94,1.0561,101,0.91,1.0224,22,0.89,1.0,2,0.925,1.0393,49,0
IWM191122P159,2019-11-19,2019-11-19 09:34:06,0.93,1.0449,133,0.9,1.0112,191,0.89,1.0,2,0.915,1.028,49,0
IWM191122P159,2019-11-19,2019-11-19 09:34:07,0.93,1.0449,76,0.91,1.0224,108,0.89,1.0,2,0.92,1.0337,49,0
IWM191122P159,2019-11-19,2019-11-19 09:34:07,0.94,1.0561,317,0.91,1.0224,150,0.89,1.0,2,0.925,1.0393,49,0
IWM191122P159,2019-11-19,2019-11-19 09:34:08,0.93,1.0449,265,0.91,1.0224,96,0.89,1.0,2,0.92,1.0337,49,0
IWM191122P159,2019-11-19,2019-11-19 09:34:08,0.93,1.0449,75,0.91,1.0224,187,0.89,1.0,2,0.92,1.0337,49,0
IWM191122P159,2019-11-19,2019-11-19 09:34:09,0.93,1.0449,75,0.91,1.0224,156,0.89,1.0,2,0.92,1.0337,49,0
IWM191122P159,2019-11-19,2019-11-19 09:34:09,0.93,1.0449,383,0.91,1.0224,111,0.89,1.0,2,0.92,1.0337,49,0
IWM191122P159,2019-11-19,2019-11-19 09:34:10,0.93,1.0449,457,0.9,1.0112,97,0.89,1.0,2,0.915,1.028,49,0
IWM191122P159,2019-11-19,2019-11-19 09:34:10,0.93,1.0449,457,0.9,1.0112,126,0.89,1.0,2,0.915,1.028,49,0
IWM191122P159,2019-11-19,2019-11-19 09:34:11,0.92,1.0337,76,0.9,1.0112,197,0.89,1.0,2,0.91,1.0224,49,0
IWM191122P159,2019-11-19,2019-11-19 09:34:11,0.92,1.0337,113,0.9,1.0112,41,0.89,1.0,2,0.91,1.0224,49,0
IWM191122P159,2019-11-19,2019-11-19 09:34:12,0.92,1.0337,296,0.9,1.0112,30,0.89,1.0,2,0.91,1.0224,49,0
IWM191122P159,2019-11-19,2019-11-19 09:34:12,0.92,1.0337,416,0.9,1.0112,30,0.89,1.0,2,0.91,1.0224,49,0
IWM191122P159,2019-11-19,2019-11-19 09:34:13,0.91,1.0224,75,0.9,1.0112,20,0.89,1.0,2,0.905,1.0168,49,0
IWM191122P159,2019-11-19,2019-11-19 09:34:14,0.92,1.0337,258,0.9,1.0112,30,0.89,1.0,2,0.91,1.0224,49,0
IWM191122P159,2019-11-19,2019-11-19 09:34:14,0.92,1.0337,238,0.89,1.0,314,0.89,1.0,2,0.905,1.0168,49,0
IWM191122P159,2019-11-19,2019-11-19 09:34:15,0.92,1.0337,290,0.89,1.0,466,0.89,1.0,2,0.905,1.0168,49,0
IWM191122P159,2019-11-19,2019-11-19 09:34:15,0.92,1.0337,290,0.89,1.0,245,0.89,1.0,2,0.905,1.0168,49,0
IWM191122P159,2019-11-19,2019-11-19 09:34:16,0.91,1.0224,281,0.89,1.0,20,0.89,1.0,2,0.9,1.0112,49,0
IWM191122P159,2019-11-19,2019-11-19 09:34:16,0.91,1.0224,75,0.89,1.0,273,0.89,1.0,2,0.9,1.0112,49,0
IWM191122P159,2019-11-19,2019-11-19 09:34:17,0.91,1.0224,410,0.88,0.9887,114,0.89,1.0,2,0.895,1.0056,49,0
IWM191122P159,2019-11-19,2019-11-19 09:34:17,0.91,1.0224,536,0.88,0.9887,257,0.89,1.0,2,0.895,1.0056,49,0
IWM191122P159,2019-11-19,2019-11-19 09:34:18,0.91,1.0224,436,0.88,0.9887,311,0.89,1.0,2,0.895,1.0056,49,0
IWM191122P159,2019-11-19,2019-11-19 09:34:18,0.9,1.0112,75,0.88,0.9887,291,0.89,1.0,2,0.89,1.0,49,0
IWM191122P159,2019-11-19,2019-11-19 09:34:19,0.9,1.0112,200,0.88,0.9887,20,0.9,1.0112,2,0.89,1.0,51,0
IWM191122P159,2019-11-19,2019-11-19 09:34:19,0.9,1.0112,274,0.88,0.9887,334,0.9,1.0112,2,0.89,1.0,51,2
IWM191122P159,2019-11-19,2019-11-19 09:34:20,0.9,1.0112,422,0.88,0.9887,20,0.9,1.0112,2,0.89,1.0,51,0
IWM191122P159,2019-11-19,2019-11-19 09:34:21,0.9,1.0112,113,0.88,0.9887,20,0.9,1.0112,2,0.89,1.0,51,0
IWM191122P159,2019-11-19,2019-11-19 09:34:21,0.89,1.0,75,0.88,0.9887,20,0.9,1.0112,2,0.885,0.9943,51,0
IWM191122P159,2019-11-19,2019-11-19 09:34:22,0.89,1.0,75,0.88,0.9887,20,0.9,1.0112,2,0.885,0.9943,51,0
IWM191122P159,2019-11-19,2019-11-19 09:34:22,0.89,1.0,92,0.88,0.9887,12,0.9,1.0112,2,0.885,0.9943,51,0
IWM191122P159,2019-11-19,2019-11-19 09:34:23,0.9,1.0112,287,0.88,0.9887,47,0.9,1.0112,2,0.89,1.0,51,0
IWM191122P159,2019-11-19,2019-11-19 09:34:23,0.89,1.0,75,0.88,0.9887,27,0.9,1.0112,2,0.885,0.9943,51,0
IWM191122P159,2019-11-19,2019-11-19 09:34:24,0.9,1.0112,281,0.88,0.9887,37,0.9,1.0112,2,0.89,1.0,51,0
IWM191122P159,2019-11-19,2019-11-19 09:34:24,0.89,1.0,75,0.88,0.9887,27,0.9,1.0112,2,0.885,0.9943,51,0
IWM191122P159,2019-11-19,2019-11-19 09:34:25,0.9,1.0112,75,0.88,0.9887,47,0.9,1.0112,2,0.89,1.0,51,0
IWM191122P159,2019-11-19,2019-11-19 09:34:26,0.91,1.0224,101,0.89,1.0,34,0.9,1.0112,2,0.9,1.0112,51,0
IWM191122P159,2019-11-19,2019-11-19 09:34:26,0.91,1.0224,100,0.89,1.0,5,0.9,1.0112,2,0.9,1.0112,51,0
IWM191122P159,2019-11-19,2019-11-19 09:34:27,0.91,1.0224,101,0.89,1.0,34,0.9,1.0112,2,0.9,1.0112,51,0
IWM191122P159,2019-11-19,2019-11-19 09:34:27,0.9,1.0112,84,0.89,1.0,34,0.9,1.0112,2,0.895,1.0056,51,0
IWM191122P159,2019-11-19,2019-11-19 09:34:28,0.9,1.0112,84,0.88,0.9887,47,0.9,1.0112,2,0.89,1.0,51,0
IWM191122P159,2019-11-19,2019-11-19 09:34:29,0.9,1.0112,144,0.88,0.9887,10,0.9,1.0112,2,0.89,1.0,51,0
IWM191122P159,2019-11-19,2019-11-19 09:34:29,0.9,1.0112,144,0.88,0.9887,1,0.9,1.0112,2,0.89,1.0,51,0
IWM191122P159,2019-11-19,2019-11-19 09:34:30,0.9,1.0112,110,0.88,0.9887,31,0.9,1.0112,2,0.89,1.0,51,0
IWM191122P159,2019-11-19,2019-11-19 09:34:30,0.9,1.0112,100,0.88,0.9887,21,0.9,1.0112,2,0.89,1.0,51,0
IWM191122P159,2019-11-19,2019-11-19 09:34:31,0.9,1.0112,111,0.88,0.9887,11,0.9,1.0112,2,0.89,1.0,51,0
IWM191122P159,2019-11-19,2019-11-19 09:34:32,0.89,1.0,100,0.87,0.9775,82,0.9,1.0112,2,0.88,0.9887,51,0
IWM191122P159,2019-11-19,2019-11-19 09:34:32,0.89,1.0,76,0.88,0.9887,11,0.9,1.0112,2,0.885,0.9943,51,0
IWM191122P159,2019-11-19,2019-11-19 09:34:33,0.89,1.0,25,0.87,0.9775,82,0.9,1.0112,2,0.88,0.9887,51,0
IWM191122P159,2019-11-19,2019-11-19 09:34:34,0.89,1.0,77,0.87,0.9775,72,0.9,1.0112,2,0.88,0.9887,51,0
IWM191122P159,2019-11-19,2019-11-19 09:34:34,0.89,1.0,77,0.87,0.9775,59,0.9,1.0112,2,0.88,0.9887,51,0
IWM191122P159,2019-11-19,2019-11-19 09:34:35,0.89,1.0,100,0.87,0.9775,84,0.9,1.0112,2,0.88,0.9887,51,0
IWM191122P159,2019-11-19,2019-11-19 09:34:36,0.89,1.0,100,0.87,0.9775,74,0.9,1.0112,2,0.88,0.9887,51,0
IWM191122P159,2019-11-19,2019-11-19 09:34:37,0.89,1.0,137,0.86,0.9662,72,0.9,1.0112,2,0.875,0.9831,51,0
IWM191122P159,2019-11-19,2019-11-19 09:34:37,0.89,1.0,137,0.86,0.9662,63,0.9,1.0112,2,0.875,0.9831,51,0
IWM191122P159,2019-11-19,2019-11-19 09:34:38,0.89,1.0,144,0.86,0.9662,235,0.9,1.0112,2,0.875,0.9831,51,0
IWM191122P159,2019-11-19,2019-11-19 09:34:39,0.89,1.0,185,0.86,0.9662,235,0.9,1.0112,2,0.875,0.9831,51,0
IWM191122P159,2019-11-19,2019-11-19 09:34:40,0.88,0.9887,91,0.86,0.9662,30,0.9,1.0112,2,0.87,0.9775,51,0
IWM191122P159,2019-11-19,2019-11-19 09:34:40,0.88,0.9887,120,0.86,0.9662,30,0.9,1.0112,2,0.87,0.9775,51,0
IWM191122P159,2019-11-19,2019-11-19 09:34:41,0.88,0.9887,160,0.85,0.955,30,0.9,1.0112,2,0.865,0.9719,51,0
IWM191122P159,2019-11-19,2019-11-19 09:34:41,0.88,0.9887,160,0.86,0.9662,56,0.9,1.0112,2,0.87,0.9775,51,0
IWM191122P159,2019-11-19,2019-11-19 09:34:42,0.87,0.9775,98,0.85,0.955,30,0.9,1.0112,2,0.86,0.9662,51,0
IWM191122P159,2019-11-19,2019-11-19 09:34:43,0.87,0.9775,100,0.85,0.955,32,0.9,1.0112,2,0.86,0.9662,51,0
IWM191122P159,2019-11-19,2019-11-19 09:34:43,0.87,0.9775,146,0.85,0.955,30,0.9,1.0112,2,0.86,0.9662,51,0
IWM191122P159,2019-11-19,2019-11-19 09:34:44,0.87,0.9775,115,0.85,0.955,32,0.9,1.0112,2,0.86,0.9662,51,0
IWM191122P159,2019-11-19,2019-11-19 09:34:44,0.87,0.9775,100,0.85,0.955,30,0.9,1.0112,2,0.86,0.9662,51,0
IWM191122P159,2019-11-19,2019-11-19 09:34:45,0.87,0.9775,10,0.85,0.955,43,0.9,1.0112,2,0.86,0.9662,51,0
IWM191122P159,2019-11-19,2019-11-19 09:34:45,0.87,0.9775,115,0.85,0.955,53,0.9,1.0112,2,0.86,0.9662,51,0
IWM191122P159,2019-11-19,2019-11-19 09:34:46,0.88,0.9887,90,0.86,0.9662,8,0.9,1.0112,2,0.87,0.9775,51,0
IWM191122P159,2019-11-19,2019-11-19 09:34:46,0.87,0.9775,1,0.85,0.955,140,0.9,1.0112,2,0.86,0.9662,51,0
IWM191122P159,2019-11-19,2019-11-19 09:34:47,0.89,1.0,85,0.86,0.9662,507,0.9,1.0112,2,0.875,0.9831,51,0
IWM191122P159,2019-11-19,2019-11-19 09:34:47,0.89,1.0,90,0.86,0.9662,68,0.9,1.0112,2,0.875,0.9831,51,0
IWM191122P159,2019-11-19,2019-11-19 09:34:48,0.89,1.0,90,0.86,0.9662,486,0.9,1.0112,2,0.875,0.9831,51,0
IWM191122P159,2019-11-19,2019-11-19 09:34:49,0.9,1.0112,146,0.87,0.9775,77,0.9,1.0112,2,0.885,0.9943,51,0
IWM191122P159,2019-11-19,2019-11-19 09:34:49,0.9,1.0112,129,0.87,0.9775,38,0.9,1.0112,2,0.885,0.9943,51,0
IWM191122P159,2019-11-19,2019-11-19 09:34:50,0.9,1.0112,75,0.88,0.9887,40,0.9,1.0112,2,0.89,1.0,51,0
IWM191122P159,2019-11-19,2019-11-19 09:34:50,0.89,1.0,5,0.87,0.9775,191,0.9,1.0112,2,0.88,0.9887,51,0
IWM191122P159,2019-11-19,2019-11-19 09:34:51,0.9,1.0112,75,0.88,0.9887,70,0.9,1.0112,2,0.89,1.0,51,0
IWM191122P159,2019-11-19,2019-11-19 09:34:51,0.89,1.0,3,0.88,0.9887,30,0.9,1.0112,2,0.885,0.9943,51,0
IWM191122P159,2019-11-19,2019-11-19 09:34:52,0.89,1.0,3,0.88,0.9887,49,0.9,1.0112,2,0.885,0.9943,51,0
IWM191122P159,2019-11-19,2019-11-19 09:34:53,0.89,1.0,6,0.87,0.9775,180,0.9,1.0112,2,0.88,0.9887,51,0
IWM191122P159,2019-11-19,2019-11-19 09:34:53,0.89,1.0,3,0.87,0.9775,68,0.9,1.0112,2,0.88,0.9887,51,0
IWM191122P159,2019-11-19,2019-11-19 09:34:54,0.9,1.0112,356,0.87,0.9775,159,0.9,1.0112,2,0.885,0.9943,51,0
IWM191122P159,2019-11-19,2019-11-19 09:34:55,0.89,1.0,75,0.87,0.9775,360,0.9,1.0112,2,0.88,0.9887,51,0
IWM191122P159,2019-11-19,2019-11-19 09:34:55,0.89,1.0,6,0.87,0.9775,159,0.9,1.0112,2,0.88,0.9887,51,0
IWM191122P159,2019-11-19,2019-11-19 09:34:56,0.89,1.0,82,0.87,0.9775,190,0.9,1.0112,2,0.88,0.9887,51,0
IWM191122P159,2019-11-19,2019-11-19 09:34:56,0.89,1.0,144,0.87,0.9775,26,0.9,1.0112,2,0.88,0.9887,51,0
IWM191122P159,2019-11-19,2019-11-19 09:34:57,0.89,1.0,439,0.87,0.9775,26,0.9,1.0112,2,0.88,0.9887,51,0
IWM191122P159,2019-11-19,2019-11-19 09:34:57,0.89,1.0,402,0.86,0.9662,158,0.9,1.0112,2,0.875,0.9831,51,0
IWM191122P159,2019-11-19,2019-11-19 09:34:58,0.88,0.9887,75,0.86,0.9662,72,0.9,1.0112,2,0.87,0.9775,51,0
IWM191122P159,2019-11-19,2019-11-19 09:34:58,0.89,1.0,402,0.86,0.9662,220,0.9,1.0112,2,0.875,0.9831,51,0
IWM191122P159,2019-11-19,2019-11-19 09:34:59,0.88,0.9887,268,0.86,0.9662,75,0.9,1.0112,2,0.87,0.9775,51,0
IWM191122P159,2019-11-19,2019-11-19 09:34:59,0.88,0.9887,109,0.86,0.9662,72,0.9,1.0112,2,0.87,0.9775,51,0
IWM191122P159,2019-11-19,2019-11-19 09:35:00,0.89,1.0,113,0.87,0.9775,20,0.9,1.0112,2,0.88,0.9887,51,0
IWM191122P159,2019-11-19,2019-11-19 09:35:00,0.88,0.9887,268,0.86,0.9662,134,0.9,1.0112,2,0.87,0.9775,51,0
IWM191122P159,2019-11-19,2019-11-19 09:35:01,0.89,1.0,203,0.87,0.9775,30,0.9,1.0112,2,0.88,0.9887,51,0
IWM191122P159,2019-11-19,2019-11-19 09:35:01,0.89,1.0,113,0.87,0.9775,20,0.9,1.0112,2,0.88,0.9887,51,0
IWM191122P159,2019-11-19,2019-11-19 09:35:02,0.88,0.9887,82,0.86,0.9662,50,0.9,1.0112,2,0.87,0.9775,51,0
IWM191122P159,2019-11-19,2019-11-19 09:35:02,0.89,1.0,309,0.86,0.9662,47,0.9,1.0112,2,0.875,0.9831,51,0
IWM191122P159,2019-11-19,2019-11-19 09:35:03,0.87,0.9775,5,0.86,0.9662,49,0.9,1.0112,2,0.865,0.9719,51,0
IWM191122P159,2019-11-19,2019-11-19 09:35:03,0.88,0.9887,129,0.86,0.9662,30,0.9,1.0112,2,0.87,0.9775,51,0
IWM191122P159,2019-11-19,2019-11-19 09:35:04,0.87,0.9775,5,0.86,0.9662,40,0.9,1.0112,2,0.865,0.9719,51,0
IWM191122P159,2019-11-19,2019-11-19 09:35:04,0.88,0.9887,200,0.86,0.9662,40,0.9,1.0112,2,0.87,0.9775,51,0
IWM191122P159,2019-11-19,2019-11-19 09:35:05,0.88,0.9887,75,0.86,0.9662,67,0.9,1.0112,2,0.87,0.9775,51,0
IWM191122P159,2019-11-19,2019-11-19 09:35:05,0.88,0.9887,75,0.86,0.9662,41,0.9,1.0112,2,0.87,0.9775,51,0
IWM191122P159,2019-11-19,2019-11-19 09:35:06,0.88,0.9887,75,0.86,0.9662,67,0.9,1.0112,2,0.87,0.9775,51,0
IWM191122P159,2019-11-19,2019-11-19 09:35:06,0.87,0.9775,5,0.86,0.9662,30,0.9,1.0112,2,0.865,0.9719,51,0
IWM191122P159,2019-11-19,2019-11-19 09:35:07,0.87,0.9775,75,0.85,0.955,123,0.9,1.0112,2,0.86,0.9662,51,0
IWM191122P159,2019-11-19,2019-11-19 09:35:07,0.87,0.9775,5,0.85,0.955,123,0.9,1.0112,2,0.86,0.9662,51,0
IWM191122P159,2019-11-19,2019-11-19 09:35:08,0.87,0.9775,5,0.85,0.955,123,0.9,1.0112,2,0.86,0.9662,51,0
IWM191122P159,2019-11-19,2019-11-19 09:35:09,0.87,0.9775,75,0.85,0.955,123,0.9,1.0112,2,0.86,0.9662,51,0
IWM191122P159,2019-11-19,2019-11-19 09:35:10,0.87,0.9775,5,0.85,0.955,123,0.9,1.0112,2,0.86,0.9662,51,0
IWM191122P159,2019-11-19,2019-11-19 09:35:11,0.87,0.9775,5,0.85,0.955,123,0.9,1.0112,2,0.86,0.9662,51,0
IWM191122P159,2019-11-19,2019-11-19 09:35:11,0.87,0.9775,75,0.85,0.955,100,0.9,1.0112,2,0.86,0.9662,51,0
IWM191122P159,2019-11-19,2019-11-19 09:35:12,0.87,0.9775,75,0.85,0.955,136,0.9,1.0112,2,0.86,0.9662,51,0
IWM191122P159,2019-11-19,2019-11-19 09:35:12,0.87,0.9775,5,0.85,0.955,116,0.9,1.0112,2,0.86,0.9662,51,0
IWM191122P159,2019-11-19,2019-11-19 09:35:13,0.87,0.9775,5,0.85,0.955,116,0.9,1.0112,2,0.86,0.9662,51,0
IWM191122P159,2019-11-19,2019-11-19 09:35:13,0.87,0.9775,5,0.85,0.955,174,0.9,1.0112,2,0.86,0.9662,51,0
IWM191122P159,2019-11-19,2019-11-19 09:35:14,0.87,0.9775,5,0.85,0.955,166,0.9,1.0112,2,0.86,0.9662,51,0
IWM191122P159,2019-11-19,2019-11-19 09:35:15,0.87,0.9775,5,0.86,0.9662,1,0.9,1.0112,2,0.865,0.9719,51,0
IWM191122P159,2019-11-19,2019-11-19 09:35:15,0.87,0.9775,5,0.85,0.955,204,0.9,1.0112,2,0.86,0.9662,51,0
IWM191122P159,2019-11-19,2019-11-19 09:35:16,0.87,0.9775,75,0.85,0.955,200,0.9,1.0112,2,0.86,0.9662,51,0
IWM191122P159,2019-11-19,2019-11-19 09:35:16,0.87,0.9775,5,0.85,0.955,136,0.9,1.0112,2,0.86,0.9662,51,0
IWM191122P159,2019-11-19,2019-11-19 09:35:17,0.87,0.9775,75,0.85,0.955,200,0.9,1.0112,2,0.86,0.9662,51,0
IWM191122P159,2019-11-19,2019-11-19 09:35:18,0.87,0.9775,309,0.85,0.955,32,0.9,1.0112,2,0.86,0.9662,51,0
IWM191122P159,2019-11-19,2019-11-19 09:35:18,0.87,0.9775,309,0.85,0.955,50,0.9,1.0112,2,0.86,0.9662,51,0
IWM191122P159,2019-11-19,2019-11-19 09:35:19,0.87,0.9775,462,0.85,0.955,50,0.9,1.0112,2,0.86,0.9662,51,0
IWM191122P159,2019-11-19,2019-11-19 09:35:19,0.87,0.9775,457,0.85,0.955,52,0.9,1.0112,2,0.86,0.9662,51,0
IWM191122P159,2019-11-19,2019-11-19 09:35:20,0.87,0.9775,341,0.85,0.955,52,0.9,1.0112,2,0.86,0.9662,51,0
IWM191122P159,2019-11-19,2019-11-19 09:35:20,0.87,0.9775,400,0.85,0.955,52,0.9,1.0112,2,0.86,0.9662,51,0
IWM191122P159,2019-11-19,2019-11-19 09:35:21,0.87,0.9775,400,0.85,0.955,52,0.9,1.0112,2,0.86,0.9662,51,0
IWM191122P159,2019-11-19,2019-11-19 09:35:21,0.86,0.9662,75,0.85,0.955,20,0.9,1.0112,2,0.855,0.9606,51,0
IWM191122P159,2019-11-19,2019-11-19 09:35:22,0.86,0.9662,81,0.85,0.955,20,0.9,1.0112,2,0.855,0.9606,51,0
IWM191122P159,2019-11-19,2019-11-19 09:35:23,0.86,0.9662,79,0.85,0.955,20,0.9,1.0112,2,0.855,0.9606,51,0
IWM191122P159,2019-11-19,2019-11-19 09:35:23,0.86,0.9662,81,0.85,0.955,20,0.9,1.0112,2,0.855,0.9606,51,0
IWM191122P159,2019-11-19,2019-11-19 09:35:24,0.86,0.9662,79,0.85,0.955,20,0.9,1.0112,2,0.855,0.9606,51,0
IWM191122P159,2019-11-19,2019-11-19 09:35:24,0.86,0.9662,294,0.85,0.955,20,0.9,1.0112,2,0.855,0.9606,51,0
IWM191122P159,2019-11-19,2019-11-19 09:35:25,0.86,0.9662,284,0.85,0.955,20,0.9,1.0112,2,0.855,0.9606,51,0
IWM191122P159,2019-11-19,2019-11-19 09:35:26,0.86,0.9662,284,0.85,0.955,20,0.9,1.0112,2,0.855,0.9606,51,0
IWM191122P159,2019-11-19,2019-11-19 09:35:27,0.86,0.9662,435,0.85,0.955,20,0.9,1.0112,2,0.855,0.9606,51,0
IWM191122P159,2019-11-19,2019-11-19 09:35:27,0.86,0.9662,363,0.85,0.955,20,0.9,1.0112,2,0.855,0.9606,51,0
IWM191122P159,2019-11-19,2019-11-19 09:35:28,0.86,0.9662,435,0.85,0.955,20,0.9,1.0112,2,0.855,0.9606,51,0
IWM191122P159,2019-11-19,2019-11-19 09:35:29,0.86,0.9662,435,0.85,0.955,20,0.9,1.0112,2,0.855,0.9606,51,0
IWM191122P159,2019-11-19,2019-11-19 09:35:29,0.86,0.9662,78,0.85,0.955,20,0.9,1.0112,2,0.855,0.9606,51,0
IWM191122P159,2019-11-19,2019-11-19 09:35:30,0.86,0.9662,3,0.85,0.955,38,0.9,1.0112,2,0.855,0.9606,51,0
IWM191122P159,2019-11-19,2019-11-19 09:35:31,0.86,0.9662,78,0.85,0.955,38,0.9,1.0112,2,0.855,0.9606,51,0
IWM191122P159,2019-11-19,2019-11-19 09:35:31,0.86,0.9662,82,0.85,0.955,38,0.9,1.0112,2,0.855,0.9606,51,0
IWM191122P159,2019-11-19,2019-11-19 09:35:32,0.86,0.9662,82,0.85,0.955,38,0.9,1.0112,2,0.855,0.9606,51,0
IWM191122P159,2019-11-19,2019-11-19 09:35:33,0.86,0.9662,200,0.85,0.955,20,0.9,1.0112,2,0.855,0.9606,51,0
IWM191122P159,2019-11-19,2019-11-19 09:35:33,0.86,0.9662,210,0.85,0.955,20,0.9,1.0112,2,0.855,0.9606,51,0
IWM191122P159,2019-11-19,2019-11-19 09:35:34,0.86,0.9662,307,0.85,0.955,20,0.9,1.0112,2,0.855,0.9606,51,0
IWM191122P159,2019-11-19,2019-11-19 09:35:34,0.86,0.9662,88,0.85,0.955,20,0.9,1.0112,2,0.855,0.9606,51,0
IWM191122P159,2019-11-19,2019-11-19 09:35:35,0.86,0.9662,489,0.85,0.955,20,0.9,1.0112,2,0.855,0.9606,51,0
IWM191122P159,2019-11-19,2019-11-19 09:35:36,0.86,0.9662,91,0.85,0.955,20,0.9,1.0112,2,0.855,0.9606,51,0
IWM191122P159,2019-11-19,2019-11-19 09:35:36,0.87,0.9775,232,0.85,0.955,20,0.9,1.0112,2,0.86,0.9662,51,0
IWM191122P159,2019-11-19,2019-11-19 09:35:37,0.86,0.9662,16,0.85,0.955,37,0.9,1.0112,2,0.855,0.9606,51,0
IWM191122P159,2019-11-19,2019-11-19 09:35:38,0.87,0.9775,200,0.85,0.955,20,0.9,1.0112,2,0.86,0.9662,51,0
IWM191122P159,2019-11-19,2019-11-19 09:35:38,0.87,0.9775,291,0.85,0.955,20,0.9,1.0112,2,0.86,0.9662,51,0
IWM191122P159,2019-11-19,2019-11-19 09:35:39,0.88,0.9887,186,0.85,0.955,37,0.9,1.0112,2,0.865,0.9719,51,0
IWM191122P159,2019-11-19,2019-11-19 09:35:39,0.88,0.9887,410,0.85,0.955,150,0.9,1.0112,2,0.865,0.9719,51,0
IWM191122P159,2019-11-19,2019-11-19 09:35:40,0.88,0.9887,474,0.85,0.955,263,0.9,1.0112,2,0.865,0.9719,51,0
IWM191122P159,2019-11-19,2019-11-19 09:35:40,0.88,0.9887,417,0.85,0.955,138,0.9,1.0112,2,0.865,0.9719,51,0
IWM191122P159,2019-11-19,2019-11-19 09:35:41,0.87,0.9775,5,0.85,0.955,188,0.9,1.0112,2,0.86,0.9662,51,0
IWM191122P159,2019-11-19,2019-11-19 09:35:41,0.87,0.9775,5,0.85,0.955,263,0.9,1.0112,2,0.86,0.9662,51,0
IWM191122P159,2019-11-19,2019-11-19 09:35:42,0.87,0.9775,5,0.85,0.955,473,0.9,1.0112,2,0.86,0.9662,51,0
IWM191122P159,2019-11-19,2019-11-19 09:35:43,0.87,0.9775,5,0.85,0.955,184,0.9,1.0112,2,0.86,0.9662,51,0
IWM191122P159,2019-11-19,2019-11-19 09:35:43,0.88,0.9887,213,0.85,0.955,436,0.9,1.0112,2,0.865,0.9719,51,0
IWM191122P159,2019-11-19,2019-11-19 09:35:44,0.88,0.9887,5,0.86,0.9662,359,0.9,1.0112,2,0.87,0.9775,51,0
IWM191122P159,2019-11-19,2019-11-19 09:35:44,0.89,1.0,314,0.87,0.9775,20,0.9,1.0112,2,0.88,0.9887,51,0
IWM191122P159,2019-11-19,2019-11-19 09:35:45,0.89,1.0,107,0.87,0.9775,21,0.9,1.0112,2,0.88,0.9887,51,0
IWM191122P159,2019-11-19,2019-11-19 09:35:46,0.88,0.9887,5,0.87,0.9775,21,0.9,1.0112,2,0.875,0.9831,51,0
IWM191122P159,2019-11-19,2019-11-19 09:35:47,0.88,0.9887,5,0.87,0.9775,21,0.9,1.0112,2,0.875,0.9831,51,0
IWM191122P159,2019-11-19,2019-11-19 09:35:48,0.88,0.9887,5,0.87,0.9775,21,0.9,1.0112,2,0.875,0.9831,51,0
IWM191122P159,2019-11-19,2019-11-19 09:35:49,0.88,0.9887,5,0.87,0.9775,21,0.9,1.0112,2,0.875,0.9831,51,0
IWM191122P159,2019-11-19,2019-11-19 09:35:50,0.88,0.9887,5,0.87,0.9775,21,0.9,1.0112,2,0.875,0.9831,51,0
IWM191122P159,2019-11-19,2019-11-19 09:35:50,0.88,0.9887,18,0.86,0.9662,90,0.9,1.0112,2,0.87,0.9775,51,0
IWM191122P159,2019-11-19,2019-11-19 09:35:51,0.88,0.9887,24,0.85,0.955,68,0.9,1.0112,2,0.865,0.9719,51,0
IWM191122P159,2019-11-19,2019-11-19 09:35:51,0.87,0.9775,5,0.86,0.9662,90,0.9,1.0112,2,0.865,0.9719,51,0
IWM191122P159,2019-11-19,2019-11-19 09:35:52,0.87,0.9775,10,0.85,0.955,63,0.9,1.0112,2,0.86,0.9662,51,0
IWM191122P159,2019-11-19,2019-11-19 09:35:52,0.86,0.9662,4,0.85,0.955,63,0.9,1.0112,2,0.855,0.9606,51,0
IWM191122P159,2019-11-19,2019-11-19 09:35:53,0.87,0.9775,18,0.85,0.955,101,0.9,1.0112,2,0.86,0.9662,51,0
IWM191122P159,2019-11-19,2019-11-19 09:35:53,0.87,0.9775,20,0.85,0.955,38,0.9,1.0112,2,0.86,0.9662,51,0
IWM191122P159,2019-11-19,2019-11-19 09:35:54,0.87,0.9775,18,0.85,0.955,101,0.9,1.0112,2,0.86,0.9662,51,0
IWM191122P159,2019-11-19,2019-11-19 09:35:54,0.87,0.9775,11,0.85,0.955,119,0.9,1.0112,2,0.86,0.9662,51,0
IWM191122P159,2019-11-19,2019-11-19 09:35:55,0.87,0.9775,314,0.85,0.955,20,0.9,1.0112,2,0.86,0.9662,51,0
IWM191122P159,2019-11-19,2019-11-19 09:35:55,0.87,0.9775,220,0.85,0.955,20,0.9,1.0112,2,0.86,0.9662,51,0
IWM191122P159,2019-11-19,2019-11-19 09:35:56,0.87,0.9775,314,0.85,0.955,20,0.9,1.0112,2,0.86,0.9662,51,0
IWM191122P159,2019-11-19,2019-11-19 09:35:56,0.87,0.9775,343,0.85,0.955,20,0.9,1.0112,2,0.86,0.9662,51,0
IWM191122P159,2019-11-19,2019-11-19 09:35:57,0.87,0.9775,460,0.85,0.955,40,0.9,1.0112,2,0.86,0.9662,51,0
IWM191122P159,2019-11-19,2019-11-19 09:35:57,0.87,0.9775,310,0.85,0.955,40,0.9,1.0112,2,0.86,0.9662,51,0
IWM191122P159,2019-11-19,2019-11-19 09:35:58,0.87,0.9775,89,0.85,0.955,37,0.9,1.0112,2,0.86,0.9662,51,0
IWM191122P159,2019-11-19,2019-11-19 09:35:59,0.87,0.9775,428,0.85,0.955,20,0.9,1.0112,2,0.86,0.9662,51,0
IWM191122P159,2019-11-19,2019-11-19 09:35:59,0.87,0.9775,89,0.85,0.955,20,0.9,1.0112,2,0.86,0.9662,51,0
IWM191122P159,2019-11-19,2019-11-19 09:36:00,0.86,0.9662,85,0.85,0.955,20,0.9,1.0112,2,0.855,0.9606,51,0
IWM191122P159,2019-11-19,2019-11-19 09:36:01,0.86,0.9662,81,0.85,0.955,20,0.9,1.0112,2,0.855,0.9606,51,0
IWM191122P159,2019-11-19,2019-11-19 09:36:02,0.86,0.9662,81,0.85,0.955,20,0.9,1.0112,2,0.855,0.9606,51,0
IWM191122P159,2019-11-19,2019-11-19 09:36:02,0.87,0.9775,75,0.85,0.955,36,0.9,1.0112,2,0.86,0.9662,51,0
IWM191122P159,2019-11-19,2019-11-19 09:36:03,0.86,0.9662,18,0.85,0.955,20,0.9,1.0112,2,0.855,0.9606,51,0
IWM191122P159,2019-11-19,2019-11-19 09:36:03,0.86,0.9662,14,0.85,0.955,20,0.9,1.0112,2,0.855,0.9606,51,0
IWM191122P159,2019-11-19,2019-11-19 09:36:04,0.86,0.9662,79,0.85,0.955,20,0.9,1.0112,2,0.855,0.9606,51,0
IWM191122P159,2019-11-19,2019-11-19 09:36:04,0.86,0.9662,214,0.85,0.955,20,0.9,1.0112,2,0.855,0.9606,51,0
IWM191122P159,2019-11-19,2019-11-19 09:36:05,0.86,0.9662,78,0.85,0.955,20,0.9,1.0112,2,0.855,0.9606,51,0
IWM191122P159,2019-11-19,2019-11-19 09:36:05,0.86,0.9662,75,0.85,0.955,20,0.9,1.0112,2,0.855,0.9606,51,0
IWM191122P159,2019-11-19,2019-11-19 09:36:06,0.86,0.9662,257,0.85,0.955,20,0.9,1.0112,2,0.855,0.9606,51,0
IWM191122P159,2019-11-19,2019-11-19 09:36:07,0.86,0.9662,314,0.85,0.955,20,0.9,1.0112,2,0.855,0.9606,51,0
IWM191122P159,2019-11-19,2019-11-19 09:36:08,0.86,0.9662,325,0.85,0.955,20,0.9,1.0112,2,0.855,0.9606,51,0
IWM191122P159,2019-11-19,2019-11-19 09:36:09,0.86,0.9662,345,0.85,0.955,20,0.9,1.0112,2,0.855,0.9606,51,0
IWM191122P159,2019-11-19,2019-11-19 09:36:10,0.86,0.9662,381,0.85,0.955,20,0.9,1.0112,2,0.855,0.9606,51,0
IWM191122P159,2019-11-19,2019-11-19 09:36:11,0.85,0.955,7,0.83,0.9325,52,0.85,0.955,20,0.84,0.9438,71,0
IWM191122P159,2019-11-19,2019-11-19 09:36:11,0.86,0.9662,381,0.84,0.9438,20,0.85,0.955,20,0.85,0.955,71,20
IWM191122P159,2019-11-19,2019-11-19 09:36:12,0.85,0.955,82,0.83,0.9325,54,0.85,0.955,20,0.84,0.9438,71,0
IWM191122P159,2019-11-19,2019-11-19 09:36:13,0.85,0.955,3,0.83,0.9325,128,0.85,0.955,20,0.84,0.9438,71,0
IWM191122P159,2019-11-19,2019-11-19 09:36:13,0.85,0.955,18,0.83,0.9325,270,0.85,0.955,20,0.84,0.9438,71,0
IWM191122P159,2019-11-19,2019-11-19 09:36:14,0.85,0.955,3,0.83,0.9325,270,0.85,0.955,20,0.84,0.9438,71,0
IWM191122P159,2019-11-19,2019-11-19 09:36:15,0.85,0.955,8,0.83,0.9325,270,0.85,0.955,20,0.84,0.9438,71,0
IWM191122P159,2019-11-19,2019-11-19 09:36:15,0.85,0.955,15,0.83,0.9325,270,0.85,0.955,20,0.84,0.9438,71,0
IWM191122P159,2019-11-19,2019-11-19 09:36:16,0.86,0.9662,321,0.83,0.9325,252,0.85,0.955,20,0.845,0.9494,71,0
IWM191122P159,2019-11-19,2019-11-19 09:36:16,0.85,0.955,4,0.83,0.9325,252,0.85,0.955,20,0.84,0.9438,71,0
IWM191122P159,2019-11-19,2019-11-19 09:36:17,0.85,0.955,4,0.83,0.9325,270,0.85,0.955,20,0.84,0.9438,71,0
IWM191122P159,2019-11-19,2019-11-19 09:36:17,0.85,0.955,11,0.83,0.9325,252,0.85,0.955,20,0.84,0.9438,71,0
IWM191122P159,2019-11-19,2019-11-19 09:36:18,0.85,0.955,11,0.83,0.9325,252,0.85,0.955,20,0.84,0.9438,71,0
IWM191122P159,2019-11-19,2019-11-19 09:36:18,0.85,0.955,103,0.83,0.9325,252,0.85,0.955,20,0.84,0.9438,71,0
IWM191122P159,2019-11-19,2019-11-19 09:36:19,0.85,0.955,103,0.83,0.9325,252,0.85,0.955,20,0.84,0.9438,71,0
IWM191122P159,2019-11-19,2019-11-19 09:36:20,0.85,0.955,15,0.83,0.9325,270,0.85,0.955,20,0.84,0.9438,71,0
IWM191122P159,2019-11-19,2019-11-19 09:36:21,0.85,0.955,15,0.83,0.9325,270,0.85,0.955,20,0.84,0.9438,71,0
IWM191122P159,2019-11-19,2019-11-19 09:36:21,0.85,0.955,15,0.83,0.9325,470,0.85,0.955,20,0.84,0.9438,71,0
IWM191122P159,2019-11-19,2019-11-19 09:36:22,0.85,0.955,15,0.83,0.9325,401,0.85,0.955,20,0.84,0.9438,71,0
IWM191122P159,2019-11-19,2019-11-19 09:36:22,0.85,0.955,15,0.83,0.9325,352,0.85,0.955,20,0.84,0.9438,71,0
IWM191122P159,2019-11-19,2019-11-19 09:36:23,0.85,0.955,15,0.83,0.9325,219,0.85,0.955,20,0.84,0.9438,71,0
IWM191122P159,2019-11-19,2019-11-19 09:36:23,0.85,0.955,103,0.83,0.9325,310,0.85,0.955,20,0.84,0.9438,71,0
IWM191122P159,2019-11-19,2019-11-19 09:36:24,0.85,0.955,80,0.83,0.9325,310,0.85,0.955,20,0.84,0.9438,71,0
IWM191122P159,2019-11-19,2019-11-19 09:36:25,0.85,0.955,4,0.83,0.9325,310,0.85,0.955,20,0.84,0.9438,71,0
IWM191122P159,2019-11-19,2019-11-19 09:36:25,0.85,0.955,4,0.83,0.9325,144,0.85,0.955,20,0.84,0.9438,71,0
IWM191122P159,2019-11-19,2019-11-19 09:36:26,0.85,0.955,6,0.83,0.9325,125,0.85,0.955,20,0.84,0.9438,71,0
IWM191122P159,2019-11-19,2019-11-19 09:36:26,0.85,0.955,11,0.83,0.9325,153,0.85,0.955,20,0.84,0.9438,71,0
IWM191122P159,2019-11-19,2019-11-19 09:36:27,0.85,0.955,11,0.83,0.9325,405,0.85,0.955,20,0.84,0.9438,71,0
IWM191122P159,2019-11-19,2019-11-19 09:36:27,0.85,0.955,11,0.83,0.9325,153,0.85,0.955,20,0.84,0.9438,71,0
IWM191122P159,2019-11-19,2019-11-19 09:36:28,0.85,0.955,11,0.83,0.9325,405,0.85,0.955,20,0.84,0.9438,71,0
IWM191122P159,2019-11-19,2019-11-19 09:36:28,0.85,0.955,11,0.83,0.9325,412,0.85,0.955,20,0.84,0.9438,71,0
IWM191122P159,2019-11-19,2019-11-19 09:36:29,0.86,0.9662,371,0.83,0.9325,412,0.85,0.955,20,0.845,0.9494,71,0
IWM191122P159,2019-11-19,2019-11-19 09:36:29,0.86,0.9662,371,0.83,0.9325,202,0.85,0.955,20,0.845,0.9494,71,0
IWM191122P159,2019-11-19,2019-11-19 09:36:30,0.86,0.9662,371,0.83,0.9325,202,0.85,0.955,20,0.845,0.9494,71,0
IWM191122P159,2019-11-19,2019-11-19 09:36:30,0.86,0.9662,471,0.83,0.9325,202,0.85,0.955,20,0.845,0.9494,71,0
IWM191122P159,2019-11-19,2019-11-19 09:36:31,0.86,0.9662,471,0.83,0.9325,163,0.85,0.955,20,0.845,0.9494,71,0
IWM191122P159,2019-11-19,2019-11-19 09:36:32,0.86,0.9662,414,0.83,0.9325,86,0.85,0.955,20,0.845,0.9494,71,0
IWM191122P159,2019-11-19,2019-11-19 09:36:32,0.86,0.9662,414,0.83,0.9325,76,0.85,0.955,20,0.845,0.9494,71,0
IWM191122P159,2019-11-19,2019-11-19 09:36:33,0.86,0.9662,323,0.83,0.9325,102,0.85,0.955,20,0.845,0.9494,71,0
IWM191122P159,2019-11-19,2019-11-19 09:36:33,0.86,0.9662,444,0.83,0.9325,92,0.85,0.955,20,0.845,0.9494,71,0
IWM191122P159,2019-11-19,2019-11-19 09:36:34,0.86,0.9662,444,0.84,0.9438,1,0.85,0.955,20,0.85,0.955,71,0
IWM191122P159,2019-11-19,2019-11-19 09:36:34,0.86,0.9662,444,0.83,0.9325,102,0.85,0.955,20,0.845,0.9494,71,0
IWM191122P159,2019-11-19,2019-11-19 09:36:35,0.86,0.9662,444,0.83,0.9325,102,0.85,0.955,20,0.845,0.9494,71,0
IWM191122P159,2019-11-19,2019-11-19 09:36:36,0.85,0.955,18,0.83,0.9325,102,0.85,0.955,20,0.84,0.9438,71,0
IWM191122P159,2019-11-19,2019-11-19 09:36:36,0.86,0.9662,444,0.83,0.9325,102,0.85,0.955,20,0.845,0.9494,71,0
IWM191122P159,2019-11-19,2019-11-19 09:36:37,0.84,0.9438,86,0.83,0.9325,23,0.85,0.955,20,0.835,0.9382,71,0
IWM191122P159,2019-11-19,2019-11-19 09:36:37,0.84,0.9438,347,0.82,0.9213,53,0.85,0.955,20,0.83,0.9325,71,0
IWM191122P159,2019-11-19,2019-11-19 09:36:38,0.84,0.9438,382,0.82,0.9213,40,0.85,0.955,20,0.83,0.9325,71,0
IWM191122P159,2019-11-19,2019-11-19 09:36:38,0.84,0.9438,382,0.82,0.9213,45,0.85,0.955,20,0.83,0.9325,71,0
IWM191122P159,2019-11-19,2019-11-19 09:36:39,0.84,0.9438,382,0.82,0.9213,65,0.85,0.955,20,0.83,0.9325,71,0
IWM191122P159,2019-11-19,2019-11-19 09:36:40,0.84,0.9438,135,0.82,0.9213,65,0.85,0.955,20,0.83,0.9325,71,0
IWM191122P159,2019-11-19,2019-11-19 09:36:41,0.84,0.9438,171,0.82,0.9213,65,0.85,0.955,20,0.83,0.9325,71,0
IWM191122P159,2019-11-19,2019-11-19 09:36:41,0.84,0.9438,141,0.82,0.9213,65,0.85,0.955,20,0.83,0.9325,71,0
IWM191122P159,2019-11-19,2019-11-19 09:36:42,0.84,0.9438,222,0.82,0.9213,65,0.85,0.955,20,0.83,0.9325,71,0
IWM191122P159,2019-11-19,2019-11-19 09:36:43,0.84,0.9438,222,0.82,0.9213,65,0.85,0.955,20,0.83,0.9325,71,0
IWM191122P159,2019-11-19,2019-11-19 09:36:43,0.84,0.9438,222,0.82,0.9213,68,0.85,0.955,20,0.83,0.9325,71,0
IWM191122P159,2019-11-19,2019-11-19 09:36:44,0.84,0.9438,222,0.82,0.9213,68,0.85,0.955,20,0.83,0.9325,71,0
IWM191122P159,2019-11-19,2019-11-19 09:36:45,0.84,0.9438,222,0.82,0.9213,68,0.85,0.955,20,0.83,0.9325,71,0
IWM191122P159,2019-11-19,2019-11-19 09:36:46,0.84,0.9438,222,0.83,0.9325,20,0.85,0.955,20,0.835,0.9382,71,0
IWM191122P159,2019-11-19,2019-11-19 09:36:47,0.85,0.955,379,0.83,0.9325,10,0.85,0.955,20,0.84,0.9438,71,0
IWM191122P159,2019-11-19,2019-11-19 09:36:47,0.85,0.955,397,0.83,0.9325,20,0.85,0.955,20,0.84,0.9438,71,0
IWM191122P159,2019-11-19,2019-11-19 09:36:48,0.85,0.955,258,0.83,0.9325,106,0.85,0.955,20,0.84,0.9438,71,0
IWM191122P159,2019-11-19,2019-11-19 09:36:48,0.85,0.955,397,0.83,0.9325,20,0.85,0.955,20,0.84,0.9438,71,0
IWM191122P159,2019-11-19,2019-11-19 09:36:49,0.86,0.9662,448,0.83,0.9325,228,0.85,0.955,20,0.845,0.9494,71,0
IWM191122P159,2019-11-19,2019-11-19 09:36:49,0.85,0.955,19,0.83,0.9325,283,0.85,0.955,20,0.84,0.9438,71,0
IWM191122P159,2019-11-19,2019-11-19 09:36:50,0.85,0.955,19,0.83,0.9325,569,0.85,0.955,20,0.84,0.9438,71,0
IWM191122P159,2019-11-19,2019-11-19 09:36:51,0.85,0.955,19,0.83,0.9325,628,0.85,0.955,20,0.84,0.9438,71,0
IWM191122P159,2019-11-19,2019-11-19 09:36:51,0.85,0.955,27,0.83,0.9325,286,0.85,0.955,20,0.84,0.9438,71,0
IWM191122P159,2019-11-19,2019-11-19 09:36:52,0.85,0.955,27,0.84,0.9438,16,0.85,0.955,20,0.845,0.9494,71,0
IWM191122P159,2019-11-19,2019-11-19 09:36:52,0.86,0.9662,310,0.84,0.9438,16,0.85,0.955,20,0.85,0.955,71,0
IWM191122P159,2019-11-19,2019-11-19 09:36:53,0.86,0.9662,420,0.83,0.9325,376,0.85,0.955,20,0.845,0.9494,71,0
IWM191122P159,2019-11-19,2019-11-19 09:36:53,0.86,0.9662,420,0.84,0.9438,11,0.85,0.955,20,0.85,0.955,71,0
IWM191122P159,2019-11-19,2019-11-19 09:36:54,0.86,0.9662,420,0.84,0.9438,19,0.85,0.955,20,0.85,0.955,71,0
IWM191122P159,2019-11-19,2019-11-19 09:36:54,0.86,0.9662,420,0.84,0.9438,11,0.85,0.955,20,0.85,0.955,71,0
IWM191122P159,2019-11-19,2019-11-19 09:36:55,0.86,0.9662,420,0.84,0.9438,19,0.85,0.955,20,0.85,0.955,71,0
IWM191122P159,2019-11-19,2019-11-19 09:36:56,0.86,0.9662,263,0.84,0.9438,24,0.85,0.955,20,0.85,0.955,71,0
IWM191122P159,2019-11-19,2019-11-19 09:36:56,0.86,0.9662,420,0.84,0.9438,19,0.85,0.955,20,0.85,0.955,71,0
IWM191122P159,2019-11-19,2019-11-19 09:36:57,0.87,0.9775,409,0.84,0.9438,511,0.85,0.955,20,0.855,0.9606,71,0
IWM191122P159,2019-11-19,2019-11-19 09:36:57,0.87,0.9775,423,0.84,0.9438,56,0.85,0.955,20,0.855,0.9606,71,0
IWM191122P159,2019-11-19,2019-11-19 09:36:58,0.87,0.9775,448,0.84,0.9438,504,0.85,0.955,20,0.855,0.9606,71,0
IWM191122P159,2019-11-19,2019-11-19 09:36:58,0.87,0.9775,86,0.84,0.9438,365,0.85,0.955,20,0.855,0.9606,71,0
IWM191122P159,2019-11-19,2019-11-19 09:36:59,0.87,0.9775,49,0.85,0.955,98,0.85,0.955,20,0.86,0.9662,71,0
IWM191122P159,2019-11-19,2019-11-19 09:36:59,0.87,0.9775,49,0.85,0.955,51,0.85,0.955,20,0.86,0.9662,71,0
IWM191122P159,2019-11-19,2019-11-19 09:37:00,0.87,0.9775,72,0.85,0.955,251,0.85,0.955,20,0.86,0.9662,71,0
IWM191122P159,2019-11-19,2019-11-19 09:37:00,0.87,0.9775,200,0.85,0.955,51,0.85,0.955,20,0.86,0.9662,71,0
IWM191122P159,2019-11-19,2019-11-19 09:37:01,0.87,0.9775,276,0.85,0.955,51,0.85,0.955,20,0.86,0.9662,71,0
IWM191122P159,2019-11-19,2019-11-19 09:37:02,0.87,0.9775,30,0.85,0.955,51,0.85,0.955,20,0.86,0.9662,71,0
IWM191122P159,2019-11-19,2019-11-19 09:37:02,0.87,0.9775,266,0.85,0.955,20,0.85,0.955,20,0.86,0.9662,71,0
IWM191122P159,2019-11-19,2019-11-19 09:37:03,0.87,0.9775,266,0.85,0.955,20,0.85,0.955,20,0.86,0.9662,71,0
IWM191122P159,2019-11-19,2019-11-19 09:37:03,0.87,0.9775,323,0.85,0.955,28,0.85,0.955,20,0.86,0.9662,71,0
IWM191122P159,2019-11-19,2019-11-19 09:37:04,0.87,0.9775,323,0.85,0.955,28,0.85,0.955,20,0.86,0.9662,71,0
IWM191122P159,2019-11-19,2019-11-19 09:37:04,0.87,0.9775,40,0.85,0.955,103,0.85,0.955,20,0.86,0.9662,71,0
IWM191122P159,2019-11-19,2019-11-19 09:37:05,0.88,0.9887,527,0.85,0.955,385,0.85,0.955,20,0.865,0.9719,71,0
IWM191122P159,2019-11-19,2019-11-19 09:37:05,0.88,0.9887,106,0.85,0.955,155,0.85,0.955,20,0.865,0.9719,71,0
IWM191122P159,2019-11-19,2019-11-19 09:37:06,0.87,0.9775,309,0.85,0.955,255,0.85,0.955,20,0.86,0.9662,71,0
IWM191122P159,2019-11-19,2019-11-19 09:37:06,0.87,0.9775,41,0.85,0.955,503,0.85,0.955,20,0.86,0.9662,71,0
IWM191122P159,2019-11-19,2019-11-19 09:37:07,0.87,0.9775,198,0.85,0.955,20,0.85,0.955,20,0.86,0.9662,71,0
IWM191122P159,2019-11-19,2019-11-19 09:37:07,0.87,0.9775,448,0.84,0.9438,402,0.85,0.955,20,0.855,0.9606,71,0
IWM191122P159,2019-11-19,2019-11-19 09:37:08,0.87,0.9775,30,0.85,0.955,127,0.85,0.955,20,0.86,0.9662,71,0
IWM191122P159,2019-11-19,2019-11-19 09:37:08,0.87,0.9775,296,0.85,0.955,87,0.85,0.955,20,0.86,0.9662,71,0
IWM191122P159,2019-11-19,2019-11-19 09:37:09,0.87,0.9775,30,0.85,0.955,127,0.85,0.955,20,0.86,0.9662,71,0
IWM191122P159,2019-11-19,2019-11-19 09:37:09,0.87,0.9775,24,0.85,0.955,539,0.85,0.955,20,0.86,0.9662,71,0
IWM191122P159,2019-11-19,2019-11-19 09:37:10,0.87,0.9775,24,0.85,0.955,539,0.85,0.955,20,0.86,0.9662,71,0
IWM191122P159,2019-11-19,2019-11-19 09:37:10,0.88,0.9887,69,0.85,0.955,721,0.85,0.955,20,0.865,0.9719,71,0
IWM191122P159,2019-11-19,2019-11-19 09:37:11,0.88,0.9887,110,0.86,0.9662,24,0.85,0.955,20,0.87,0.9775,71,0
IWM191122P159,2019-11-19,2019-11-19 09:37:11,0.88,0.9887,55,0.86,0.9662,30,0.85,0.955,20,0.87,0.9775,71,0
IWM191122P159,2019-11-19,2019-11-19 09:37:12,0.88,0.9887,55,0.86,0.9662,24,0.85,0.955,20,0.87,0.9775,71,0
IWM191122P159,2019-11-19,2019-11-19 09:37:12,0.88,0.9887,55,0.86,0.9662,437,0.85,0.955,20,0.87,0.9775,71,0
IWM191122P159,2019-11-19,2019-11-19 09:37:13,0.89,1.0,203,0.86,0.9662,775,0.85,0.955,20,0.875,0.9831,71,0
IWM191122P159,2019-11-19,2019-11-19 09:37:13,0.89,1.0,77,0.87,0.9775,117,0.85,0.955,20,0.88,0.9887,71,0
IWM191122P159,2019-11-19,2019-11-19 09:37:14,0.89,1.0,77,0.87,0.9775,20,0.85,0.955,20,0.88,0.9887,71,0
IWM191122P159,2019-11-19,2019-11-19 09:37:15,0.89,1.0,77,0.87,0.9775,20,0.85,0.955,20,0.88,0.9887,71,0
IWM191122P159,2019-11-19,2019-11-19 09:37:15,0.89,1.0,58,0.87,0.9775,20,0.85,0.955,20,0.88,0.9887,71,0
IWM191122P159,2019-11-19,2019-11-19 09:37:16,0.89,1.0,30,0.87,0.9775,545,0.85,0.955,20,0.88,0.9887,71,0
IWM191122P159,2019-11-19,2019-11-19 09:37:16,0.89,1.0,30,0.87,0.9775,116,0.85,0.955,20,0.88,0.9887,71,0
IWM191122P159,2019-11-19,2019-11-19 09:37:17,0.89,1.0,30,0.88,0.9887,20,0.85,0.955,20,0.885,0.9943,71,0
IWM191122P159,2019-11-19,2019-11-19 09:37:17,0.89,1.0,30,0.87,0.9775,774,0.85,0.955,20,0.88,0.9887,71,0
IWM191122P159,2019-11-19,2019-11-19 09:37:18,0.89,1.0,34,0.87,0.9775,774,0.85,0.955,20,0.88,0.9887,71,0
IWM191122P159,2019-11-19,2019-11-19 09:37:18,0.89,1.0,34,0.87,0.9775,554,0.85,0.955,20,0.88,0.9887,71,0
IWM191122P159,2019-11-19,2019-11-19 09:37:19,0.89,1.0,34,0.87,0.9775,680,0.85,0.955,20,0.88,0.9887,71,0
IWM191122P159,2019-11-19,2019-11-19 09:37:19,0.89,1.0,24,0.87,0.9775,680,0.85,0.955,20,0.88,0.9887,71,0
IWM191122P159,2019-11-19,2019-11-19 09:37:20,0.89,1.0,24,0.87,0.9775,785,0.85,0.955,20,0.88,0.9887,71,0
IWM191122P159,2019-11-19,2019-11-19 09:37:21,0.89,1.0,24,0.87,0.9775,381,0.85,0.955,20,0.88,0.9887,71,0
IWM191122P159,2019-11-19,2019-11-19 09:37:21,0.89,1.0,33,0.87,0.9775,785,0.85,0.955,20,0.88,0.9887,71,0
IWM191122P159,2019-11-19,2019-11-19 09:37:22,0.89,1.0,24,0.87,0.9775,78,0.85,0.955,20,0.88,0.9887,71,0
IWM191122P159,2019-11-19,2019-11-19 09:37:22,0.89,1.0,49,0.87,0.9775,95,0.85,0.955,20,0.88,0.9887,71,0
IWM191122P159,2019-11-19,2019-11-19 09:37:23,0.89,1.0,121,0.87,0.9775,28,0.85,0.955,20,0.88,0.9887,71,0
IWM191122P159,2019-11-19,2019-11-19 09:37:23,0.89,1.0,24,0.87,0.9775,20,0.85,0.955,20,0.88,0.9887,71,0
IWM191122P159,2019-11-19,2019-11-19 09:37:24,0.9,1.0112,89,0.87,0.9775,475,0.85,0.955,20,0.885,0.9943,71,0
IWM191122P159,2019-11-19,2019-11-19 09:37:24,0.89,1.0,24,0.87,0.9775,274,0.85,0.955,20,0.88,0.9887,71,0
IWM191122P159,2019-11-19,2019-11-19 09:37:25,0.9,1.0112,24,0.88,0.9887,16,0.85,0.955,20,0.89,1.0,71,0
IWM191122P159,2019-11-19,2019-11-19 09:37:25,0.9,1.0112,24,0.88,0.9887,325,0.85,0.955,20,0.89,1.0,71,0
IWM191122P159,2019-11-19,2019-11-19 09:37:26,0.9,1.0112,72,0.87,0.9775,290,0.85,0.955,20,0.885,0.9943,71,0
IWM191122P159,2019-11-19,2019-11-19 09:37:26,0.9,1.0112,24,0.88,0.9887,336,0.85,0.955,20,0.89,1.0,71,0
IWM191122P159,2019-11-19,2019-11-19 09:37:27,0.9,1.0112,284,0.87,0.9775,420,0.85,0.955,20,0.885,0.9943,71,0
IWM191122P159,2019-11-19,2019-11-19 09:37:28,0.9,1.0112,265,0.87,0.9775,224,0.85,0.955,20,0.885,0.9943,71,0
IWM191122P159,2019-11-19,2019-11-19 09:37:28,0.9,1.0112,511,0.87,0.9775,367,0.85,0.955,20,0.885,0.9943,71,0
IWM191122P159,2019-11-19,2019-11-19 09:37:29,0.9,1.0112,433,0.87,0.9775,367,0.85,0.955,20,0.885,0.9943,71,0
IWM191122P159,2019-11-19,2019-11-19 09:37:29,0.9,1.0112,471,0.87,0.9775,385,0.85,0.955,20,0.885,0.9943,71,0
IWM191122P159,2019-11-19,2019-11-19 09:37:30,0.9,1.0112,433,0.87,0.9775,367,0.85,0.955,20,0.885,0.9943,71,0
IWM191122P159,2019-11-19,2019-11-19 09:37:31,0.9,1.0112,265,0.87,0.9775,402,0.85,0.955,20,0.885,0.9943,71,0
IWM191122P159,2019-11-19,2019-11-19 09:37:31,0.9,1.0112,433,0.87,0.9775,367,0.85,0.955,20,0.885,0.9943,71,0
IWM191122P159,2019-11-19,2019-11-19 09:37:32,0.9,1.0112,51,0.88,0.9887,12,0.85,0.955,20,0.89,1.0,71,0
IWM191122P159,2019-11-19,2019-11-19 09:37:32,0.9,1.0112,65,0.88,0.9887,12,0.85,0.955,20,0.89,1.0,71,0
IWM191122P159,2019-11-19,2019-11-19 09:37:33,0.9,1.0112,51,0.88,0.9887,95,0.85,0.955,20,0.89,1.0,71,0
IWM191122P159,2019-11-19,2019-11-19 09:37:33,0.9,1.0112,41,0.88,0.9887,21,0.85,0.955,20,0.89,1.0,71,0
IWM191122P159,2019-11-19,2019-11-19 09:37:34,0.9,1.0112,41,0.88,0.9887,21,0.85,0.955,20,0.89,1.0,71,0
IWM191122P159,2019-11-19,2019-11-19 09:37:34,0.9,1.0112,321,0.88,0.9887,20,0.85,0.955,20,0.89,1.0,71,0
IWM191122P159,2019-11-19,2019-11-19 09:37:35,0.9,1.0112,55,0.88,0.9887,30,0.85,0.955,20,0.89,1.0,71,0
IWM191122P159,2019-11-19,2019-11-19 09:37:35,0.9,1.0112,36,0.88,0.9887,30,0.85,0.955,20,0.89,1.0,71,0
IWM191122P159,2019-11-19,2019-11-19 09:37:36,0.9,1.0112,54,0.88,0.9887,28,0.85,0.955,20,0.89,1.0,71,0
IWM191122P159,2019-11-19,2019-11-19 09:37:36,0.9,1.0112,67,0.87,0.9775,327,0.85,0.955,20,0.885,0.9943,71,0
IWM191122P159,2019-11-19,2019-11-19 09:37:37,0.9,1.0112,447,0.87,0.9775,575,0.85,0.955,20,0.885,0.9943,71,0
IWM191122P159,2019-11-19,2019-11-19 09:37:37,0.9,1.0112,447,0.87,0.9775,699,0.85,0.955,20,0.885,0.9943,71,0
IWM191122P159,2019-11-19,2019-11-19 09:37:38,0.9,1.0112,447,0.87,0.9775,516,0.85,0.955,20,0.885,0.9943,71,0
IWM191122P159,2019-11-19,2019-11-19 09:37:38,0.9,1.0112,482,0.87,0.9775,801,0.85,0.955,20,0.885,0.9943,71,0
IWM191122P159,2019-11-19,2019-11-19 09:37:39,0.91,1.0224,113,0.88,0.9887,133,0.85,0.955,20,0.895,1.0056,71,0
IWM191122P159,2019-11-19,2019-11-19 09:37:39,0.9,1.0112,83,0.88,0.9887,20,0.85,0.955,20,0.89,1.0,71,0
IWM191122P159,2019-11-19,2019-11-19 09:37:40,0.9,1.0112,31,0.88,0.9887,260,0.85,0.955,20,0.89,1.0,71,0
IWM191122P159,2019-11-19,2019-11-19 09:37:40,0.9,1.0112,31,0.89,1.0,16,0.85,0.955,20,0.895,1.0056,71,0
IWM191122P159,2019-11-19,2019-11-19 09:37:41,0.9,1.0112,31,0.88,0.9887,333,0.85,0.955,20,0.89,1.0,71,0
IWM191122P159,2019-11-19,2019-11-19 09:37:42,0.91,1.0224,30,0.89,1.0,95,0.85,0.955,20,0.9,1.0112,71,0
IWM191122P159,2019-11-19,2019-11-19 09:37:42,0.91,1.0224,37,0.89,1.0,36,0.85,0.955,20,0.9,1.0112,71,0
IWM191122P159,2019-11-19,2019-11-19 09:37:43,0.91,1.0224,160,0.88,0.9887,173,0.85,0.955,20,0.895,1.0056,71,0
IWM191122P159,2019-11-19,2019-11-19 09:37:43,0.91,1.0224,106,0.88,0.9887,205,0.85,0.955,20,0.895,1.0056,71,0
IWM191122P159,2019-11-19,2019-11-19 09:37:44,0.91,1.0224,29,0.89,1.0,91,0.85,0.955,20,0.9,1.0112,71,0
IWM191122P159,2019-11-19,2019-11-19 09:37:45,0.91,1.0224,29,0.89,1.0,271,0.85,0.955,20,0.9,1.0112,71,0
IWM191122P159,2019-11-19,2019-11-19 09:37:46,0.91,1.0224,29,0.89,1.0,176,0.85,0.955,20,0.9,1.0112,71,0
IWM191122P159,2019-11-19,2019-11-19 09:37:46,0.91,1.0224,29,0.89,1.0,112,0.85,0.955,20,0.9,1.0112,71,0
IWM191122P159,2019-11-19,2019-11-19 09:37:47,0.91,1.0224,29,0.89,1.0,112,0.85,0.955,20,0.9,1.0112,71,0
IWM191122P159,2019-11-19,2019-11-19 09:37:47,0.91,1.0224,29,0.9,1.0112,20,0.85,0.955,20,0.905,1.0168,71,0
IWM191122P159,2019-11-19,2019-11-19 09:37:48,0.91,1.0224,29,0.9,1.0112,20,0.85,0.955,20,0.905,1.0168,71,0
IWM191122P159,2019-11-19,2019-11-19 09:37:49,0.91,1.0224,29,0.9,1.0112,20,0.85,0.955,20,0.905,1.0168,71,0
IWM191122P159,2019-11-19,2019-11-19 09:37:50,0.91,1.0224,29,0.9,1.0112,20,0.85,0.955,20,0.905,1.0168,71,0
IWM191122P159,2019-11-19,2019-11-19 09:37:51,0.91,1.0224,29,0.9,1.0112,20,0.85,0.955,20,0.905,1.0168,71,0
IWM191122P159,2019-11-19,2019-11-19 09:37:52,0.91,1.0224,29,0.9,1.0112,20,0.85,0.955,20,0.905,1.0168,71,0
IWM191122P159,2019-11-19,2019-11-19 09:37:53,0.91,1.0224,29,0.9,1.0112,20,0.85,0.955,20,0.905,1.0168,71,0
IWM191122P159,2019-11-19,2019-11-19 09:37:53,0.91,1.0224,57,0.89,1.0,104,0.85,0.955,20,0.9,1.0112,71,0
IWM191122P159,2019-11-19,2019-11-19 09:37:54,0.91,1.0224,28,0.89,1.0,112,0.85,0.955,20,0.9,1.0112,71,0
IWM191122P159,2019-11-19,2019-11-19 09:37:55,0.91,1.0224,24,0.89,1.0,136,0.85,0.955,20,0.9,1.0112,71,0
IWM191122P159,2019-11-19,2019-11-19 09:37:55,0.91,1.0224,24,0.9,1.0112,16,0.85,0.955,20,0.905,1.0168,71,0
IWM191122P159,2019-11-19,2019-11-19 09:37:56,0.91,1.0224,24,0.89,1.0,144,0.85,0.955,20,0.9,1.0112,71,0
IWM191122P159,2019-11-19,2019-11-19 09:37:57,0.91,1.0224,98,0.89,1.0,113,0.85,0.955,20,0.9,1.0112,71,0
IWM191122P159,2019-11-19,2019-11-19 09:37:57,0.91,1.0224,86,0.89,1.0,86,0.85,0.955,20,0.9,1.0112,71,0
IWM191122P159,2019-11-19,2019-11-19 09:37:58,0.91,1.0224,86,0.89,1.0,45,0.85,0.955,20,0.9,1.0112,71,0
IWM191122P159,2019-11-19,2019-11-19 09:37:58,0.91,1.0224,112,0.89,1.0,45,0.85,0.955,20,0.9,1.0112,71,0
IWM191122P159,2019-11-19,2019-11-19 09:37:59,0.91,1.0224,86,0.89,1.0,42,0.85,0.955,20,0.9,1.0112,71,0
IWM191122P159,2019-11-19,2019-11-19 09:37:59,0.91,1.0224,137,0.89,1.0,45,0.85,0.955,20,0.9,1.0112,71,0
IWM191122P159,2019-11-19,2019-11-19 09:38:00,0.92,1.0337,93,0.89,1.0,117,0.85,0.955,20,0.905,1.0168,71,0
IWM191122P159,2019-11-19,2019-11-19 09:38:00,0.91,1.0224,31,0.89,1.0,117,0.85,0.955,20,0.9,1.0112,71,0
IWM191122P159,2019-11-19,2019-11-19 09:38:01,0.92,1.0337,93,0.89,1.0,117,0.85,0.955,20,0.905,1.0168,71,0
IWM191122P159,2019-11-19,2019-11-19 09:38:02,0.92,1.0337,93,0.9,1.0112,21,0.85,0.955,20,0.91,1.0224,71,0
IWM191122P159,2019-11-19,2019-11-19 09:38:03,0.92,1.0337,94,0.89,1.0,168,0.85,0.955,20,0.905,1.0168,71,0
IWM191122P159,2019-11-19,2019-11-19 09:38:03,0.92,1.0337,94,0.89,1.0,176,0.85,0.955,20,0.905,1.0168,71,0
IWM191122P159,2019-11-19,2019-11-19 09:38:04,0.92,1.0337,204,0.89,1.0,176,0.85,0.955,20,0.905,1.0168,71,0
IWM191122P159,2019-11-19,2019-11-19 09:38:04,0.92,1.0337,163,0.89,1.0,225,0.85,0.955,20,0.905,1.0168,71,0
IWM191122P159,2019-11-19,2019-11-19 09:38:05,0.91,1.0224,25,0.89,1.0,51,0.85,0.955,20,0.9,1.0112,71,0
IWM191122P159,2019-11-19,2019-11-19 09:38:06,0.91,1.0224,11,0.89,1.0,51,0.85,0.955,20,0.9,1.0112,71,0
IWM191122P159,2019-11-19,2019-11-19 09:38:07,0.91,1.0224,11,0.89,1.0,42,0.85,0.955,20,0.9,1.0112,71,0
IWM191122P159,2019-11-19,2019-11-19 09:38:07,0.9,1.0112,84,0.88,0.9887,41,0.85,0.955,20,0.89,1.0,71,0
IWM191122P159,2019-11-19,2019-11-19 09:38:08,0.9,1.0112,143,0.87,0.9775,201,0.85,0.955,20,0.885,0.9943,71,0
IWM191122P159,2019-11-19,2019-11-19 09:38:08,0.9,1.0112,173,0.88,0.9887,16,0.85,0.955,20,0.89,1.0,71,0
IWM191122P159,2019-11-19,2019-11-19 09:38:09,0.9,1.0112,173,0.88,0.9887,46,0.85,0.955,20,0.89,1.0,71,0
IWM191122P159,2019-11-19,2019-11-19 09:38:10,0.9,1.0112,143,0.88,0.9887,46,0.85,0.955,20,0.89,1.0,71,0
IWM191122P159,2019-11-19,2019-11-19 09:38:10,0.9,1.0112,208,0.87,0.9775,184,0.85,0.955,20,0.885,0.9943,71,0
IWM191122P159,2019-11-19,2019-11-19 09:38:11,0.9,1.0112,185,0.87,0.9775,200,0.85,0.955,20,0.885,0.9943,71,0
IWM191122P159,2019-11-19,2019-11-19 09:38:11,0.9,1.0112,40,0.88,0.9887,28,0.85,0.955,20,0.89,1.0,71,0
IWM191122P159,2019-11-19,2019-11-19 09:38:12,0.9,1.0112,41,0.88,0.9887,28,0.85,0.955,20,0.89,1.0,71,0
IWM191122P159,2019-11-19,2019-11-19 09:38:13,0.9,1.0112,41,0.88,0.9887,53,0.85,0.955,20,0.89,1.0,71,0
IWM191122P159,2019-11-19,2019-11-19 09:38:13,0.9,1.0112,41,0.88,0.9887,59,0.85,0.955,20,0.89,1.0,71,0
IWM191122P159,2019-11-19,2019-11-19 09:38:14,0.9,1.0112,37,0.88,0.9887,53,0.85,0.955,20,0.89,1.0,71,0
IWM191122P159,2019-11-19,2019-11-19 09:38:14,0.9,1.0112,41,0.88,0.9887,53,0.85,0.955,20,0.89,1.0,71,0
IWM191122P159,2019-11-19,2019-11-19 09:38:15,0.9,1.0112,24,0.89,1.0,16,0.89,1.0,1,0.895,1.0056,72,0
IWM191122P159,2019-11-19,2019-11-19 09:38:15,0.9,1.0112,24,0.88,0.9887,53,0.89,1.0,1,0.89,1.0,72,1
IWM191122P159,2019-11-19,2019-11-19 09:38:16,0.9,1.0112,24,0.89,1.0,16,0.89,1.0,1,0.895,1.0056,72,0
IWM191122P159,2019-11-19,2019-11-19 09:38:17,0.9,1.0112,86,0.88,0.9887,40,0.89,1.0,1,0.89,1.0,72,0
IWM191122P159,2019-11-19,2019-11-19 09:38:18,0.9,1.0112,117,0.88,0.9887,40,0.89,1.0,1,0.89,1.0,72,0
IWM191122P159,2019-11-19,2019-11-19 09:38:18,0.9,1.0112,86,0.88,0.9887,41,0.89,1.0,1,0.89,1.0,72,0
IWM191122P159,2019-11-19,2019-11-19 09:38:19,0.9,1.0112,191,0.88,0.9887,30,0.89,1.0,1,0.89,1.0,72,0
IWM191122P159,2019-11-19,2019-11-19 09:38:19,0.9,1.0112,181,0.88,0.9887,30,0.89,1.0,1,0.89,1.0,72,0
IWM191122P159,2019-11-19,2019-11-19 09:38:20,0.9,1.0112,221,0.87,0.9775,84,0.89,1.0,1,0.885,0.9943,72,0
IWM191122P159,2019-11-19,2019-11-19 09:38:20,0.9,1.0112,221,0.88,0.9887,30,0.89,1.0,1,0.89,1.0,72,0
IWM191122P159,2019-11-19,2019-11-19 09:38:21,0.9,1.0112,370,0.87,0.9775,80,0.89,1.0,1,0.885,0.9943,72,0
IWM191122P159,2019-11-19,2019-11-19 09:38:21,0.9,1.0112,211,0.87,0.9775,76,0.89,1.0,1,0.885,0.9943,72,0
IWM191122P159,2019-11-19,2019-11-19 09:38:22,0.9,1.0112,370,0.87,0.9775,56,0.89,1.0,1,0.885,0.9943,72,0
IWM191122P159,2019-11-19,2019-11-19 09:38:23,0.89,1.0,160,0.87,0.9775,56,0.89,1.0,1,0.88,0.9887,72,0
IWM191122P159,2019-11-19,2019-11-19 09:38:23,0.9,1.0112,370,0.87,0.9775,56,0.89,1.0,1,0.885,0.9943,72,0
IWM191122P159,2019-11-19,2019-11-19 09:38:24,0.89,1.0,150,0.87,0.9775,56,0.89,1.0,1,0.88,0.9887,72,0
IWM191122P159,2019-11-19,2019-11-19 09:38:24,0.89,1.0,116,0.87,0.9775,33,0.89,1.0,1,0.88,0.9887,72,0
IWM191122P159,2019-11-19,2019-11-19 09:38:25,0.89,1.0,116,0.87,0.9775,23,0.89,1.0,1,0.88,0.9887,72,0
IWM191122P159,2019-11-19,2019-11-19 09:38:25,0.89,1.0,116,0.87,0.9775,33,0.89,1.0,1,0.88,0.9887,72,0
IWM191122P159,2019-11-19,2019-11-19 09:38:26,0.89,1.0,237,0.86,0.9662,141,0.89,1.0,1,0.875,0.9831,72,0
IWM191122P159,2019-11-19,2019-11-19 09:38:26,0.89,1.0,247,0.86,0.9662,441,0.89,1.0,1,0.875,0.9831,72,0
IWM191122P159,2019-11-19,2019-11-19 09:38:27,0.89,1.0,139,0.87,0.9775,6,0.89,1.0,1,0.88,0.9887,72,0
IWM191122P159,2019-11-19,2019-11-19 09:38:27,0.89,1.0,227,0.87,0.9775,11,0.89,1.0,1,0.88,0.9887,72,0
IWM191122P159,2019-11-19,2019-11-19 09:38:28,0.88,0.9887,155,0.86,0.9662,8,0.89,1.0,1,0.87,0.9775,72,0
IWM191122P159,2019-11-19,2019-11-19 09:38:28,0.89,1.0,258,0.86,0.9662,55,0.89,1.0,1,0.875,0.9831,72,0
IWM191122P159,2019-11-19,2019-11-19 09:38:29,0.88,0.9887,149,0.85,0.955,209,0.89,1.0,1,0.865,0.9719,72,0
IWM191122P159,2019-11-19,2019-11-19 09:38:29,0.88,0.9887,207,0.85,0.955,178,0.89,1.0,1,0.865,0.9719,72,0
IWM191122P159,2019-11-19,2019-11-19 09:38:30,0.88,0.9887,207,0.86,0.9662,16,0.89,1.0,1,0.87,0.9775,72,0
IWM191122P159,2019-11-19,2019-11-19 09:38:30,0.88,0.9887,133,0.86,0.9662,15,0.89,1.0,1,0.87,0.9775,72,0
IWM191122P159,2019-11-19,2019-11-19 09:38:31,0.88,0.9887,218,0.86,0.9662,16,0.89,1.0,1,0.87,0.9775,72,0
IWM191122P159,2019-11-19,2019-11-19 09:38:32,0.88,0.9887,218,0.86,0.9662,16,0.89,1.0,1,0.87,0.9775,72,0
IWM191122P159,2019-11-19,2019-11-19 09:38:32,0.88,0.9887,207,0.86,0.9662,20,0.89,1.0,1,0.87,0.9775,72,0
IWM191122P159,2019-11-19,2019-11-19 09:38:33,0.88,0.9887,159,0.85,0.955,105,0.89,1.0,1,0.865,0.9719,72,0
IWM191122P159,2019-11-19,2019-11-19 09:38:33,0.88,0.9887,146,0.86,0.9662,10,0.89,1.0,1,0.87,0.9775,72,0
IWM191122P159,2019-11-19,2019-11-19 09:38:34,0.88,0.9887,267,0.85,0.955,105,0.89,1.0,1,0.865,0.9719,72,0
IWM191122P159,2019-11-19,2019-11-19 09:38:34,0.88,0.9887,159,0.85,0.955,105,0.89,1.0,1,0.865,0.9719,72,0
IWM191122P159,2019-11-19,2019-11-19 09:38:35,0.87,0.9775,86,0.85,0.955,80,0.89,1.0,1,0.86,0.9662,72,0
IWM191122P159,2019-11-19,2019-11-19 09:38:35,0.87,0.9775,329,0.85,0.955,80,0.89,1.0,1,0.86,0.9662,72,0
IWM191122P159,2019-11-19,2019-11-19 09:38:36,0.87,0.9775,86,0.85,0.955,100,0.89,1.0,1,0.86,0.9662,72,0
IWM191122P159,2019-11-19,2019-11-19 09:38:36,0.87,0.9775,86,0.86,0.9662,9,0.89,1.0,1,0.865,0.9719,72,0
IWM191122P159,2019-11-19,2019-11-19 09:38:37,0.87,0.9775,200,0.85,0.955,83,0.89,1.0,1,0.86,0.9662,72,0
IWM191122P159,2019-11-19,2019-11-19 09:38:37,0.87,0.9775,200,0.85,0.955,80,0.89,1.0,1,0.86,0.9662,72,0
IWM191122P159,2019-11-19,2019-11-19 09:38:38,0.86,0.9662,276,0.85,0.955,50,0.89,1.0,1,0.855,0.9606,72,0
IWM191122P159,2019-11-19,2019-11-19 09:38:38,0.87,0.9775,224,0.85,0.955,80,0.89,1.0,1,0.86,0.9662,72,0
IWM191122P159,2019-11-19,2019-11-19 09:38:39,0.86,0.9662,86,0.85,0.955,50,0.89,1.0,1,0.855,0.9606,72,0
IWM191122P159,2019-11-19,2019-11-19 09:38:39,0.86,0.9662,211,0.85,0.955,50,0.89,1.0,1,0.855,0.9606,72,0
IWM191122P159,2019-11-19,2019-11-19 09:38:40,0.86,0.9662,433,0.85,0.955,50,0.89,1.0,1,0.855,0.9606,72,0
IWM191122P159,2019-11-19,2019-11-19 09:38:40,0.86,0.9662,63,0.85,0.955,50,0.89,1.0,1,0.855,0.9606,72,0
IWM191122P159,2019-11-19,2019-11-19 09:38:41,0.86,0.9662,85,0.85,0.955,50,0.89,1.0,1,0.855,0.9606,72,0
IWM191122P159,2019-11-19,2019-11-19 09:38:41,0.86,0.9662,146,0.85,0.955,50,0.89,1.0,1,0.855,0.9606,72,0
IWM191122P159,2019-11-19,2019-11-19 09:38:42,0.86,0.9662,85,0.85,0.955,50,0.89,1.0,1,0.855,0.9606,72,0
IWM191122P159,2019-11-19,2019-11-19 09:38:42,0.86,0.9662,150,0.85,0.955,50,0.89,1.0,1,0.855,0.9606,72,0
IWM191122P159,2019-11-19,2019-11-19 09:38:43,0.86,0.9662,20,0.85,0.955,50,0.89,1.0,1,0.855,0.9606,72,0
IWM191122P159,2019-11-19,2019-11-19 09:38:43,0.86,0.9662,10,0.85,0.955,50,0.89,1.0,1,0.855,0.9606,72,0
IWM191122P159,2019-11-19,2019-11-19 09:38:44,0.86,0.9662,10,0.85,0.955,50,0.89,1.0,1,0.855,0.9606,72,0
IWM191122P159,2019-11-19,2019-11-19 09:38:45,0.86,0.9662,85,0.85,0.955,50,0.89,1.0,1,0.855,0.9606,72,0
IWM191122P159,2019-11-19,2019-11-19 09:38:45,0.87,0.9775,419,0.85,0.955,50,0.89,1.0,1,0.86,0.9662,72,0
IWM191122P159,2019-11-19,2019-11-19 09:38:46,0.87,0.9775,577,0.85,0.955,50,0.89,1.0,1,0.86,0.9662,72,0
IWM191122P159,2019-11-19,2019-11-19 09:38:46,0.86,0.9662,85,0.85,0.955,50,0.89,1.0,1,0.855,0.9606,72,0
IWM191122P159,2019-11-19,2019-11-19 09:38:47,0.86,0.9662,86,0.85,0.955,50,0.89,1.0,1,0.855,0.9606,72,0
IWM191122P159,2019-11-19,2019-11-19 09:38:48,0.86,0.9662,112,0.85,0.955,50,0.89,1.0,1,0.855,0.9606,72,0
IWM191122P159,2019-11-19,2019-11-19 09:38:48,0.86,0.9662,120,0.85,0.955,50,0.89,1.0,1,0.855,0.9606,72,0
IWM191122P159,2019-11-19,2019-11-19 09:38:49,0.86,0.9662,103,0.85,0.955,50,0.86,0.9662,2,0.855,0.9606,74,0
IWM191122P159,2019-11-19,2019-11-19 09:38:49,0.86,0.9662,55,0.85,0.955,50,0.86,0.9662,2,0.855,0.9606,74,2
IWM191122P159,2019-11-19,2019-11-19 09:38:50,0.86,0.9662,71,0.85,0.955,50,0.86,0.9662,2,0.855,0.9606,74,0
IWM191122P159,2019-11-19,2019-11-19 09:38:50,0.86,0.9662,79,0.85,0.955,50,0.86,0.9662,2,0.855,0.9606,74,0
IWM191122P159,2019-11-19,2019-11-19 09:38:51,0.86,0.9662,50,0.85,0.955,50,0.86,0.9662,2,0.855,0.9606,74,0
IWM191122P159,2019-11-19,2019-11-19 09:38:51,0.86,0.9662,42,0.85,0.955,50,0.86,0.9662,2,0.855,0.9606,74,0
IWM191122P159,2019-11-19,2019-11-19 09:38:52,0.86,0.9662,40,0.85,0.955,50,0.86,0.9662,2,0.855,0.9606,74,0
IWM191122P159,2019-11-19,2019-11-19 09:38:53,0.86,0.9662,40,0.85,0.955,50,0.86,0.9662,2,0.855,0.9606,74,0
IWM191122P159,2019-11-19,2019-11-19 09:38:53,0.86,0.9662,79,0.85,0.955,50,0.86,0.9662,2,0.855,0.9606,74,0
IWM191122P159,2019-11-19,2019-11-19 09:38:54,0.87,0.9775,85,0.85,0.955,50,0.86,0.9662,2,0.86,0.9662,74,0
IWM191122P159,2019-11-19,2019-11-19 09:38:54,0.87,0.9775,95,0.85,0.955,50,0.86,0.9662,2,0.86,0.9662,74,0
IWM191122P159,2019-11-19,2019-11-19 09:38:55,0.87,0.9775,85,0.85,0.955,50,0.86,0.9662,2,0.86,0.9662,74,0
IWM191122P159,2019-11-19,2019-11-19 09:38:55,0.86,0.9662,34,0.85,0.955,50,0.86,0.9662,2,0.855,0.9606,74,0
IWM191122P159,2019-11-19,2019-11-19 09:38:56,0.86,0.9662,30,0.85,0.955,50,0.86,0.9662,2,0.855,0.9606,74,0
IWM191122P159,2019-11-19,2019-11-19 09:38:56,0.87,0.9775,139,0.85,0.955,50,0.86,0.9662,2,0.86,0.9662,74,0
IWM191122P159,2019-11-19,2019-11-19 09:38:57,0.87,0.9775,123,0.85,0.955,50,0.86,0.9662,2,0.86,0.9662,74,0
IWM191122P159,2019-11-19,2019-11-19 09:38:57,0.88,0.9887,118,0.85,0.955,50,0.86,0.9662,2,0.865,0.9719,74,0
IWM191122P159,2019-11-19,2019-11-19 09:38:58,0.88,0.9887,443,0.85,0.955,103,0.86,0.9662,2,0.865,0.9719,74,0
IWM191122P159,2019-11-19,2019-11-19 09:38:58,0.88,0.9887,186,0.85,0.955,525,0.86,0.9662,2,0.865,0.9719,74,0
IWM191122P159,2019-11-19,2019-11-19 09:38:59,0.88,0.9887,149,0.85,0.955,525,0.86,0.9662,2,0.865,0.9719,74,0
IWM191122P159,2019-11-19,2019-11-19 09:38:59,0.88,0.9887,457,0.85,0.955,525,0.86,0.9662,2,0.865,0.9719,74,0
IWM191122P159,2019-11-19,2019-11-19 09:39:00,0.88,0.9887,457,0.85,0.955,525,0.86,0.9662,2,0.865,0.9719,74,0
IWM191122P159,2019-11-19,2019-11-19 09:39:01,0.88,0.9887,266,0.86,0.9662,28,0.86,0.9662,2,0.87,0.9775,74,0
IWM191122P159,2019-11-19,2019-11-19 09:39:01,0.88,0.9887,457,0.85,0.955,525,0.86,0.9662,2,0.865,0.9719,74,0
IWM191122P159,2019-11-19,2019-11-19 09:39:02,0.88,0.9887,466,0.86,0.9662,28,0.86,0.9662,2,0.87,0.9775,74,0
IWM191122P159,2019-11-19,2019-11-19 09:39:02,0.87,0.9775,261,0.84,0.9438,363,0.86,0.9662,2,0.855,0.9606,74,0
IWM191122P159,2019-11-19,2019-11-19 09:39:03,0.87,0.9775,563,0.84,0.9438,129,0.86,0.9662,2,0.855,0.9606,74,0
IWM191122P159,2019-11-19,2019-11-19 09:39:04,0.87,0.9775,606,0.84,0.9438,109,0.86,0.9662,2,0.855,0.9606,74,0
IWM191122P159,2019-11-19,2019-11-19 09:39:04,0.87,0.9775,586,0.84,0.9438,85,0.86,0.9662,2,0.855,0.9606,74,0
IWM191122P159,2019-11-19,2019-11-19 09:39:05,0.87,0.9775,550,0.84,0.9438,69,0.86,0.9662,2,0.855,0.9606,74,0
IWM191122P159,2019-11-19,2019-11-19 09:39:05,0.86,0.9662,116,0.84,0.9438,20,0.86,0.9662,2,0.85,0.955,74,0
IWM191122P159,2019-11-19,2019-11-19 09:39:06,0.86,0.9662,108,0.84,0.9438,20,0.86,0.9662,2,0.85,0.955,74,0
IWM191122P159,2019-11-19,2019-11-19 09:39:06,0.86,0.9662,481,0.83,0.9325,190,0.86,0.9662,2,0.845,0.9494,74,0
IWM191122P159,2019-11-19,2019-11-19 09:39:07,0.86,0.9662,484,0.83,0.9325,192,0.86,0.9662,2,0.845,0.9494,74,0
