symbol,Date,quote_time,ask_price,norm_ask_price,ask_size,bid_price,norm_bid_price,bid_size,last_trade_price,norm_last_trade_price,last_trade_size,mark_price,norm_mark_price,volume,Volume
SPY190712P295,2019-07-11,2019-07-11 09:30:00,0.13,1.0,1933,0.12,0.923,10,0.11,0.8461,10,0.125,0.9615,9260,9260
SPY190712P295,2019-07-11,2019-07-11 09:30:05,0.07,0.5384,2848,0.06,0.4615,187,0.07,0.5384,2,0.065,0.5,2,-9258
SPY190712P295,2019-07-11,2019-07-11 09:30:06,0.07,0.5384,2843,0.05,0.3846,2956,0.07,0.5384,2,0.06,0.4615,2,0
SPY190712P295,2019-07-11,2019-07-11 09:30:07,0.06,0.4615,400,0.05,0.3846,2956,0.07,0.5384,2,0.055,0.423,2,0
SPY190712P295,2019-07-11,2019-07-11 09:30:08,0.06,0.4615,400,0.05,0.3846,2956,0.05,0.3846,1,0.055,0.423,3,1
SPY190712P295,2019-07-11,2019-07-11 09:30:08,0.06,0.4615,400,0.05,0.3846,2956,0.05,0.3846,1,0.055,0.423,3,0
SPY190712P295,2019-07-11,2019-07-11 09:30:09,0.06,0.4615,400,0.05,0.3846,2956,0.05,0.3846,1,0.055,0.423,3,0
SPY190712P295,2019-07-11,2019-07-11 09:30:10,0.06,0.4615,400,0.05,0.3846,2956,0.05,0.3846,1,0.055,0.423,3,0
SPY190712P295,2019-07-11,2019-07-11 09:30:11,0.06,0.4615,400,0.05,0.3846,2956,0.05,0.3846,1,0.055,0.423,3,0
SPY190712P295,2019-07-11,2019-07-11 09:30:12,0.06,0.4615,400,0.05,0.3846,2956,0.05,0.3846,1,0.055,0.423,3,0
SPY190712P295,2019-07-11,2019-07-11 09:30:13,0.06,0.4615,400,0.05,0.3846,2956,0.05,0.3846,1,0.055,0.423,3,0
SPY190712P295,2019-07-11,2019-07-11 09:30:14,0.06,0.4615,400,0.05,0.3846,2956,0.05,0.3846,1,0.055,0.423,3,0
SPY190712P295,2019-07-11,2019-07-11 09:30:15,0.06,0.4615,405,0.05,0.3846,2661,0.05,0.3846,1,0.055,0.423,3,0
SPY190712P295,2019-07-11,2019-07-11 09:30:16,0.06,0.4615,405,0.05,0.3846,2661,0.05,0.3846,1,0.055,0.423,3,0
SPY190712P295,2019-07-11,2019-07-11 09:30:17,0.06,0.4615,405,0.05,0.3846,2661,0.05,0.3846,1,0.055,0.423,3,0
SPY190712P295,2019-07-11,2019-07-11 09:30:18,0.06,0.4615,405,0.05,0.3846,2661,0.05,0.3846,1,0.055,0.423,3,0
SPY190712P295,2019-07-11,2019-07-11 09:30:19,0.06,0.4615,405,0.05,0.3846,2661,0.05,0.3846,1,0.055,0.423,3,0
SPY190712P295,2019-07-11,2019-07-11 09:30:19,0.06,0.4615,405,0.05,0.3846,2661,0.06,0.4615,3,0.055,0.423,6,3
SPY190712P295,2019-07-11,2019-07-11 09:30:20,0.06,0.4615,405,0.05,0.3846,2661,0.06,0.4615,3,0.055,0.423,6,0
SPY190712P295,2019-07-11,2019-07-11 09:30:21,0.06,0.4615,405,0.05,0.3846,2661,0.06,0.4615,3,0.055,0.423,6,0
SPY190712P295,2019-07-11,2019-07-11 09:30:22,0.06,0.4615,405,0.05,0.3846,2661,0.06,0.4615,3,0.055,0.423,6,0
SPY190712P295,2019-07-11,2019-07-11 09:30:23,0.06,0.4615,405,0.05,0.3846,2661,0.06,0.4615,3,0.055,0.423,6,0
SPY190712P295,2019-07-11,2019-07-11 09:30:24,0.06,0.4615,462,0.05,0.3846,2661,0.06,0.4615,3,0.055,0.423,6,0
SPY190712P295,2019-07-11,2019-07-11 09:30:25,0.06,0.4615,734,0.05,0.3846,2661,0.06,0.4615,3,0.055,0.423,6,0
SPY190712P295,2019-07-11,2019-07-11 09:30:25,0.06,0.4615,462,0.05,0.3846,2661,0.06,0.4615,3,0.055,0.423,6,0
SPY190712P295,2019-07-11,2019-07-11 09:30:26,0.06,0.4615,734,0.05,0.3846,2661,0.06,0.4615,3,0.055,0.423,6,0
SPY190712P295,2019-07-11,2019-07-11 09:30:27,0.06,0.4615,888,0.05,0.3846,2661,0.06,0.4615,3,0.055,0.423,6,0
SPY190712P295,2019-07-11,2019-07-11 09:30:27,0.06,0.4615,734,0.05,0.3846,2661,0.06,0.4615,3,0.055,0.423,6,0
SPY190712P295,2019-07-11,2019-07-11 09:30:28,0.06,0.4615,1728,0.05,0.3846,3018,0.06,0.4615,3,0.055,0.423,6,0
SPY190712P295,2019-07-11,2019-07-11 09:30:29,0.06,0.4615,1716,0.05,0.3846,2556,0.06,0.4615,3,0.055,0.423,6,0
SPY190712P295,2019-07-11,2019-07-11 09:30:30,0.06,0.4615,1213,0.05,0.3846,3997,0.06,0.4615,3,0.055,0.423,6,0
SPY190712P295,2019-07-11,2019-07-11 09:30:30,0.06,0.4615,1213,0.05,0.3846,5614,0.06,0.4615,3,0.055,0.423,6,0
SPY190712P295,2019-07-11,2019-07-11 09:30:31,0.07,0.5384,3682,0.06,0.4615,960,0.06,0.4615,3,0.065,0.5,6,0
SPY190712P295,2019-07-11,2019-07-11 09:30:31,0.07,0.5384,3682,0.06,0.4615,106,0.06,0.4615,3,0.065,0.5,6,0
SPY190712P295,2019-07-11,2019-07-11 09:30:32,0.07,0.5384,2748,0.06,0.4615,2220,0.06,0.4615,3,0.065,0.5,6,0
SPY190712P295,2019-07-11,2019-07-11 09:30:33,0.07,0.5384,2928,0.06,0.4615,2816,0.06,0.4615,3,0.065,0.5,6,0
SPY190712P295,2019-07-11,2019-07-11 09:30:34,0.07,0.5384,2507,0.06,0.4615,2646,0.06,0.4615,3,0.065,0.5,6,0
SPY190712P295,2019-07-11,2019-07-11 09:30:34,0.07,0.5384,4092,0.06,0.4615,187,0.06,0.4615,3,0.065,0.5,6,0
SPY190712P295,2019-07-11,2019-07-11 09:30:35,0.06,0.4615,704,0.06,0.4615,122,0.06,0.4615,3,0.06,0.4615,6,0
SPY190712P295,2019-07-11,2019-07-11 09:30:36,0.06,0.4615,907,0.05,0.3846,4485,0.06,0.4615,3,0.055,0.423,6,0
SPY190712P295,2019-07-11,2019-07-11 09:30:37,0.06,0.4615,836,0.05,0.3846,3932,0.06,0.4615,3,0.055,0.423,6,0
SPY190712P295,2019-07-11,2019-07-11 09:30:38,0.06,0.4615,704,0.05,0.3846,3975,0.06,0.4615,10,0.055,0.423,16,10
SPY190712P295,2019-07-11,2019-07-11 09:30:38,0.06,0.4615,1094,0.05,0.3846,5443,0.06,0.4615,3,0.055,0.423,6,0
SPY190712P295,2019-07-11,2019-07-11 09:30:39,0.06,0.4615,1209,0.05,0.3846,4475,0.06,0.4615,10,0.055,0.423,16,0
SPY190712P295,2019-07-11,2019-07-11 09:30:40,0.06,0.4615,1766,0.05,0.3846,4475,0.06,0.4615,10,0.055,0.423,16,0
SPY190712P295,2019-07-11,2019-07-11 09:30:40,0.06,0.4615,1766,0.05,0.3846,4743,0.06,0.4615,10,0.055,0.423,33,17
SPY190712P295,2019-07-11,2019-07-11 09:30:41,0.06,0.4615,1759,0.05,0.3846,4743,0.06,0.4615,10,0.055,0.423,33,0
SPY190712P295,2019-07-11,2019-07-11 09:30:42,0.06,0.4615,2776,0.05,0.3846,6251,0.06,0.4615,10,0.055,0.423,33,0
SPY190712P295,2019-07-11,2019-07-11 09:30:42,0.06,0.4615,2214,0.05,0.3846,4743,0.06,0.4615,10,0.055,0.423,33,0
SPY190712P295,2019-07-11,2019-07-11 09:30:43,0.06,0.4615,2776,0.05,0.3846,4803,0.06,0.4615,10,0.055,0.423,33,0
SPY190712P295,2019-07-11,2019-07-11 09:30:44,0.06,0.4615,1211,0.05,0.3846,3987,0.06,0.4615,10,0.055,0.423,33,0
SPY190712P295,2019-07-11,2019-07-11 09:30:44,0.06,0.4615,2776,0.05,0.3846,4803,0.06,0.4615,10,0.055,0.423,33,0
SPY190712P295,2019-07-11,2019-07-11 09:30:45,0.06,0.4615,1406,0.05,0.3846,5605,0.06,0.4615,10,0.055,0.423,33,0
SPY190712P295,2019-07-11,2019-07-11 09:30:46,0.06,0.4615,1406,0.05,0.3846,5911,0.06,0.4615,10,0.055,0.423,33,0
SPY190712P295,2019-07-11,2019-07-11 09:30:46,0.06,0.4615,1406,0.05,0.3846,5887,0.06,0.4615,10,0.055,0.423,33,0
SPY190712P295,2019-07-11,2019-07-11 09:30:47,0.06,0.4615,906,0.05,0.3846,3963,0.06,0.4615,10,0.055,0.423,33,0
SPY190712P295,2019-07-11,2019-07-11 09:30:47,0.06,0.4615,612,0.05,0.3846,6084,0.06,0.4615,10,0.055,0.423,33,0
SPY190712P295,2019-07-11,2019-07-11 09:30:49,0.06,0.4615,622,0.05,0.3846,4585,0.06,0.4615,10,0.055,0.423,33,0
SPY190712P295,2019-07-11,2019-07-11 09:30:50,0.06,0.4615,1712,0.05,0.3846,4712,0.06,0.4615,10,0.055,0.423,33,0
SPY190712P295,2019-07-11,2019-07-11 09:30:51,0.06,0.4615,1712,0.05,0.3846,4712,0.06,0.4615,10,0.055,0.423,33,0
SPY190712P295,2019-07-11,2019-07-11 09:30:52,0.06,0.4615,1935,0.05,0.3846,4712,0.06,0.4615,10,0.055,0.423,33,0
SPY190712P295,2019-07-11,2019-07-11 09:30:52,0.06,0.4615,1712,0.05,0.3846,4712,0.06,0.4615,10,0.055,0.423,33,0
SPY190712P295,2019-07-11,2019-07-11 09:30:53,0.06,0.4615,1935,0.05,0.3846,4712,0.06,0.4615,10,0.055,0.423,33,0
SPY190712P295,2019-07-11,2019-07-11 09:30:54,0.06,0.4615,1629,0.05,0.3846,4406,0.06,0.4615,10,0.055,0.423,33,0
SPY190712P295,2019-07-11,2019-07-11 09:30:55,0.06,0.4615,1935,0.05,0.3846,4712,0.06,0.4615,10,0.055,0.423,33,0
SPY190712P295,2019-07-11,2019-07-11 09:30:55,0.06,0.4615,1629,0.05,0.3846,4406,0.06,0.4615,10,0.055,0.423,33,0
SPY190712P295,2019-07-11,2019-07-11 09:30:56,0.06,0.4615,1712,0.05,0.3846,4712,0.06,0.4615,10,0.055,0.423,33,0
SPY190712P295,2019-07-11,2019-07-11 09:30:56,0.06,0.4615,1935,0.05,0.3846,4712,0.06,0.4615,10,0.055,0.423,33,0
SPY190712P295,2019-07-11,2019-07-11 09:30:57,0.06,0.4615,20,0.05,0.3846,4551,0.06,0.4615,10,0.055,0.423,33,0
SPY190712P295,2019-07-11,2019-07-11 09:30:57,0.06,0.4615,204,0.05,0.3846,4805,0.06,0.4615,10,0.055,0.423,33,0
SPY190712P295,2019-07-11,2019-07-11 09:30:58,0.06,0.4615,204,0.05,0.3846,4551,0.06,0.4615,10,0.055,0.423,33,0
SPY190712P295,2019-07-11,2019-07-11 09:30:59,0.06,0.4615,204,0.05,0.3846,7733,0.06,0.4615,10,0.055,0.423,33,0
SPY190712P295,2019-07-11,2019-07-11 09:31:00,0.06,0.4615,204,0.05,0.3846,7733,0.06,0.4615,10,0.055,0.423,33,0
SPY190712P295,2019-07-11,2019-07-11 09:31:01,0.07,0.5384,3948,0.06,0.4615,596,0.06,0.4615,10,0.065,0.5,33,0
SPY190712P295,2019-07-11,2019-07-11 09:31:01,0.07,0.5384,4903,0.06,0.4615,5,0.06,0.4615,10,0.065,0.5,33,0
SPY190712P295,2019-07-11,2019-07-11 09:31:02,0.07,0.5384,4636,0.06,0.4615,96,0.06,0.4615,10,0.065,0.5,33,0
SPY190712P295,2019-07-11,2019-07-11 09:31:03,0.07,0.5384,4636,0.06,0.4615,218,0.06,0.4615,10,0.065,0.5,33,0
SPY190712P295,2019-07-11,2019-07-11 09:31:04,0.07,0.5384,4631,0.06,0.4615,718,0.06,0.4615,10,0.065,0.5,33,0
SPY190712P295,2019-07-11,2019-07-11 09:31:05,0.07,0.5384,3041,0.06,0.4615,1449,0.06,0.4615,10,0.065,0.5,33,0
SPY190712P295,2019-07-11,2019-07-11 09:31:05,0.07,0.5384,3312,0.06,0.4615,857,0.06,0.4615,10,0.065,0.5,33,0
SPY190712P295,2019-07-11,2019-07-11 09:31:06,0.07,0.5384,3312,0.06,0.4615,918,0.06,0.4615,10,0.065,0.5,33,0
SPY190712P295,2019-07-11,2019-07-11 09:31:06,0.07,0.5384,3312,0.06,0.4615,530,0.06,0.4615,10,0.065,0.5,33,0
SPY190712P295,2019-07-11,2019-07-11 09:31:07,0.07,0.5384,3302,0.06,0.4615,530,0.06,0.4615,10,0.065,0.5,33,0
SPY190712P295,2019-07-11,2019-07-11 09:31:08,0.07,0.5384,3302,0.06,0.4615,1260,0.06,0.4615,10,0.065,0.5,33,0
SPY190712P295,2019-07-11,2019-07-11 09:31:08,0.07,0.5384,4952,0.06,0.4615,2142,0.06,0.4615,10,0.065,0.5,33,0
SPY190712P295,2019-07-11,2019-07-11 09:31:09,0.07,0.5384,4952,0.06,0.4615,2142,0.06,0.4615,10,0.065,0.5,33,0
SPY190712P295,2019-07-11,2019-07-11 09:31:09,0.07,0.5384,4657,0.06,0.4615,1837,0.06,0.4615,10,0.065,0.5,33,0
SPY190712P295,2019-07-11,2019-07-11 09:31:10,0.07,0.5384,4657,0.06,0.4615,2137,0.06,0.4615,10,0.065,0.5,33,0
SPY190712P295,2019-07-11,2019-07-11 09:31:11,0.07,0.5384,4962,0.06,0.4615,2137,0.06,0.4615,10,0.065,0.5,33,0
SPY190712P295,2019-07-11,2019-07-11 09:31:12,0.07,0.5384,4952,0.06,0.4615,2137,0.06,0.4615,10,0.065,0.5,33,0
SPY190712P295,2019-07-11,2019-07-11 09:31:12,0.07,0.5384,4952,0.06,0.4615,1837,0.06,0.4615,10,0.065,0.5,33,0
SPY190712P295,2019-07-11,2019-07-11 09:31:13,0.07,0.5384,4952,0.06,0.4615,215,0.06,0.4615,10,0.065,0.5,33,0
SPY190712P295,2019-07-11,2019-07-11 09:31:13,0.07,0.5384,4952,0.06,0.4615,1837,0.06,0.4615,10,0.065,0.5,33,0
SPY190712P295,2019-07-11,2019-07-11 09:31:14,0.07,0.5384,4962,0.06,0.4615,1087,0.06,0.4615,10,0.065,0.5,33,0
SPY190712P295,2019-07-11,2019-07-11 09:31:15,0.07,0.5384,5292,0.06,0.4615,1087,0.06,0.4615,10,0.065,0.5,33,0
SPY190712P295,2019-07-11,2019-07-11 09:31:16,0.07,0.5384,5292,0.06,0.4615,1087,0.06,0.4615,10,0.065,0.5,33,0
SPY190712P295,2019-07-11,2019-07-11 09:31:16,0.07,0.5384,5053,0.06,0.4615,215,0.06,0.4615,10,0.065,0.5,33,0
SPY190712P295,2019-07-11,2019-07-11 09:31:17,0.07,0.5384,5286,0.06,0.4615,2356,0.06,0.4615,10,0.065,0.5,33,0
SPY190712P295,2019-07-11,2019-07-11 09:31:18,0.07,0.5384,4394,0.06,0.4615,1850,0.06,0.4615,10,0.065,0.5,33,0
SPY190712P295,2019-07-11,2019-07-11 09:31:19,0.07,0.5384,3654,0.06,0.4615,1850,0.06,0.4615,10,0.065,0.5,33,0
SPY190712P295,2019-07-11,2019-07-11 09:31:20,0.07,0.5384,4309,0.06,0.4615,187,0.06,0.4615,200,0.065,0.5,233,0
SPY190712P295,2019-07-11,2019-07-11 09:31:20,0.07,0.5384,4609,0.06,0.4615,2142,0.06,0.4615,200,0.065,0.5,233,200
SPY190712P295,2019-07-11,2019-07-11 09:31:21,0.06,0.4615,305,0.05,0.3846,9731,0.05,0.3846,2,0.055,0.423,235,0
SPY190712P295,2019-07-11,2019-07-11 09:31:21,0.06,0.4615,5,0.05,0.3846,7369,0.05,0.3846,2,0.055,0.423,235,2
SPY190712P295,2019-07-11,2019-07-11 09:31:22,0.06,0.4615,305,0.05,0.3846,9731,0.05,0.3846,2,0.055,0.423,235,0
SPY190712P295,2019-07-11,2019-07-11 09:31:23,0.06,0.4615,520,0.05,0.3846,8193,0.05,0.3846,2,0.055,0.423,235,0
SPY190712P295,2019-07-11,2019-07-11 09:31:23,0.06,0.4615,520,0.05,0.3846,9731,0.05,0.3846,2,0.055,0.423,235,0
SPY190712P295,2019-07-11,2019-07-11 09:31:24,0.06,0.4615,520,0.05,0.3846,8193,0.05,0.3846,2,0.055,0.423,235,0
SPY190712P295,2019-07-11,2019-07-11 09:31:25,0.07,0.5384,3450,0.06,0.4615,2541,0.05,0.3846,2,0.065,0.5,235,0
SPY190712P295,2019-07-11,2019-07-11 09:31:25,0.07,0.5384,4599,0.06,0.4615,2155,0.05,0.3846,2,0.065,0.5,235,0
SPY190712P295,2019-07-11,2019-07-11 09:31:26,0.07,0.5384,3450,0.06,0.4615,2908,0.05,0.3846,2,0.065,0.5,235,0
SPY190712P295,2019-07-11,2019-07-11 09:31:26,0.07,0.5384,5254,0.06,0.4615,4272,0.05,0.3846,2,0.065,0.5,235,0
SPY190712P295,2019-07-11,2019-07-11 09:31:27,0.07,0.5384,5254,0.06,0.4615,4376,0.05,0.3846,2,0.065,0.5,235,0
SPY190712P295,2019-07-11,2019-07-11 09:31:28,0.07,0.5384,4938,0.06,0.4615,4254,0.05,0.3846,2,0.065,0.5,235,0
SPY190712P295,2019-07-11,2019-07-11 09:31:28,0.07,0.5384,3015,0.06,0.4615,2637,0.05,0.3846,2,0.065,0.5,235,0
SPY190712P295,2019-07-11,2019-07-11 09:31:29,0.07,0.5384,3015,0.06,0.4615,2637,0.05,0.3846,2,0.065,0.5,235,0
SPY190712P295,2019-07-11,2019-07-11 09:31:29,0.07,0.5384,3015,0.06,0.4615,3137,0.05,0.3846,2,0.065,0.5,235,0
SPY190712P295,2019-07-11,2019-07-11 09:31:30,0.07,0.5384,3015,0.06,0.4615,3137,0.05,0.3846,2,0.065,0.5,235,0
SPY190712P295,2019-07-11,2019-07-11 09:31:31,0.07,0.5384,2724,0.06,0.4615,3137,0.07,0.5384,4,0.065,0.5,239,4
SPY190712P295,2019-07-11,2019-07-11 09:31:31,0.07,0.5384,2724,0.06,0.4615,3137,0.05,0.3846,2,0.065,0.5,235,0
SPY190712P295,2019-07-11,2019-07-11 09:31:32,0.07,0.5384,4063,0.06,0.4615,4419,0.07,0.5384,4,0.065,0.5,239,0
SPY190712P295,2019-07-11,2019-07-11 09:31:32,0.07,0.5384,2724,0.06,0.4615,3137,0.07,0.5384,4,0.065,0.5,239,0
SPY190712P295,2019-07-11,2019-07-11 09:31:33,0.07,0.5384,3410,0.06,0.4615,3872,0.07,0.5384,4,0.065,0.5,239,0
SPY190712P295,2019-07-11,2019-07-11 09:31:33,0.07,0.5384,2988,0.06,0.4615,2547,0.07,0.5384,4,0.065,0.5,239,0
SPY190712P295,2019-07-11,2019-07-11 09:31:34,0.07,0.5384,4057,0.06,0.4615,4372,0.07,0.5384,4,0.065,0.5,239,0
SPY190712P295,2019-07-11,2019-07-11 09:31:35,0.07,0.5384,4189,0.06,0.4615,4372,0.07,0.5384,4,0.065,0.5,239,0
SPY190712P295,2019-07-11,2019-07-11 09:31:36,0.07,0.5384,4718,0.06,0.4615,4372,0.07,0.5384,4,0.065,0.5,239,0
SPY190712P295,2019-07-11,2019-07-11 09:31:36,0.07,0.5384,5033,0.06,0.4615,4372,0.07,0.5384,4,0.065,0.5,239,0
SPY190712P295,2019-07-11,2019-07-11 09:31:37,0.07,0.5384,3747,0.06,0.4615,1673,0.07,0.5384,4,0.065,0.5,239,0
SPY190712P295,2019-07-11,2019-07-11 09:31:37,0.07,0.5384,3613,0.06,0.4615,1673,0.07,0.5384,4,0.065,0.5,239,0
SPY190712P295,2019-07-11,2019-07-11 09:31:38,0.07,0.5384,3414,0.06,0.4615,187,0.07,0.5384,4,0.065,0.5,239,0
SPY190712P295,2019-07-11,2019-07-11 09:31:39,0.07,0.5384,3723,0.06,0.4615,95,0.07,0.5384,4,0.065,0.5,239,0
SPY190712P295,2019-07-11,2019-07-11 09:31:40,0.06,0.4615,903,0.05,0.3846,5143,0.07,0.5384,4,0.055,0.423,239,0
SPY190712P295,2019-07-11,2019-07-11 09:31:40,0.06,0.4615,1602,0.05,0.3846,7936,0.07,0.5384,4,0.055,0.423,239,0
SPY190712P295,2019-07-11,2019-07-11 09:31:41,0.06,0.4615,1632,0.05,0.3846,8120,0.07,0.5384,4,0.055,0.423,239,0
SPY190712P295,2019-07-11,2019-07-11 09:31:41,0.06,0.4615,1132,0.05,0.3846,7620,0.07,0.5384,4,0.055,0.423,239,0
SPY190712P295,2019-07-11,2019-07-11 09:31:42,0.06,0.4615,1632,0.05,0.3846,8120,0.07,0.5384,4,0.055,0.423,239,0
SPY190712P295,2019-07-11,2019-07-11 09:31:43,0.06,0.4615,1632,0.05,0.3846,7958,0.07,0.5384,4,0.055,0.423,239,0
SPY190712P295,2019-07-11,2019-07-11 09:31:43,0.06,0.4615,1938,0.05,0.3846,6932,0.07,0.5384,4,0.055,0.423,239,0
SPY190712P295,2019-07-11,2019-07-11 09:31:44,0.06,0.4615,1632,0.05,0.3846,7958,0.07,0.5384,4,0.055,0.423,239,0
SPY190712P295,2019-07-11,2019-07-11 09:31:45,0.06,0.4615,1132,0.05,0.3846,7822,0.07,0.5384,4,0.055,0.423,239,0
SPY190712P295,2019-07-11,2019-07-11 09:31:45,0.06,0.4615,1632,0.05,0.3846,8496,0.07,0.5384,4,0.055,0.423,239,0
SPY190712P295,2019-07-11,2019-07-11 09:31:46,0.06,0.4615,1938,0.05,0.3846,9788,0.07,0.5384,4,0.055,0.423,239,0
SPY190712P295,2019-07-11,2019-07-11 09:31:47,0.06,0.4615,1938,0.05,0.3846,6944,0.07,0.5384,4,0.055,0.423,239,0
SPY190712P295,2019-07-11,2019-07-11 09:31:47,0.06,0.4615,1938,0.05,0.3846,5776,0.07,0.5384,4,0.055,0.423,239,0
SPY190712P295,2019-07-11,2019-07-11 09:31:48,0.06,0.4615,2541,0.05,0.3846,8313,0.07,0.5384,4,0.055,0.423,239,0
SPY190712P295,2019-07-11,2019-07-11 09:31:48,0.06,0.4615,2185,0.05,0.3846,8313,0.07,0.5384,4,0.055,0.423,239,0
SPY190712P295,2019-07-11,2019-07-11 09:31:49,0.06,0.4615,1938,0.05,0.3846,6770,0.07,0.5384,4,0.055,0.423,239,0
SPY190712P295,2019-07-11,2019-07-11 09:31:50,0.06,0.4615,2965,0.05,0.3846,6770,0.07,0.5384,4,0.055,0.423,239,0
SPY190712P295,2019-07-11,2019-07-11 09:31:51,0.06,0.4615,2965,0.05,0.3846,8340,0.07,0.5384,4,0.055,0.423,239,0
SPY190712P295,2019-07-11,2019-07-11 09:31:51,0.06,0.4615,2210,0.05,0.3846,8340,0.07,0.5384,4,0.055,0.423,239,0
SPY190712P295,2019-07-11,2019-07-11 09:31:52,0.06,0.4615,2977,0.05,0.3846,8340,0.07,0.5384,4,0.055,0.423,239,0
SPY190712P295,2019-07-11,2019-07-11 09:31:53,0.06,0.4615,2967,0.05,0.3846,8340,0.07,0.5384,4,0.055,0.423,239,0
SPY190712P295,2019-07-11,2019-07-11 09:31:54,0.06,0.4615,2884,0.05,0.3846,8335,0.07,0.5384,4,0.055,0.423,239,0
SPY190712P295,2019-07-11,2019-07-11 09:31:55,0.06,0.4615,1938,0.05,0.3846,6793,0.07,0.5384,4,0.055,0.423,239,0
SPY190712P295,2019-07-11,2019-07-11 09:31:56,0.06,0.4615,2493,0.05,0.3846,6793,0.07,0.5384,4,0.055,0.423,239,0
SPY190712P295,2019-07-11,2019-07-11 09:31:56,0.06,0.4615,1938,0.05,0.3846,6793,0.07,0.5384,4,0.055,0.423,239,0
SPY190712P295,2019-07-11,2019-07-11 09:31:57,0.06,0.4615,1938,0.05,0.3846,5166,0.07,0.5384,4,0.055,0.423,239,0
SPY190712P295,2019-07-11,2019-07-11 09:31:58,0.06,0.4615,2378,0.05,0.3846,6162,0.07,0.5384,4,0.055,0.423,239,0
SPY190712P295,2019-07-11,2019-07-11 09:31:58,0.06,0.4615,2878,0.05,0.3846,8293,0.07,0.5384,4,0.055,0.423,239,0
SPY190712P295,2019-07-11,2019-07-11 09:31:59,0.06,0.4615,2878,0.05,0.3846,8293,0.07,0.5384,4,0.055,0.423,239,0
SPY190712P295,2019-07-11,2019-07-11 09:32:00,0.06,0.4615,2995,0.05,0.3846,8357,0.07,0.5384,4,0.055,0.423,239,0
SPY190712P295,2019-07-11,2019-07-11 09:32:01,0.06,0.4615,2995,0.05,0.3846,8748,0.07,0.5384,4,0.055,0.423,239,0
SPY190712P295,2019-07-11,2019-07-11 09:32:01,0.06,0.4615,2991,0.05,0.3846,8357,0.06,0.4615,1,0.055,0.423,240,1
SPY190712P295,2019-07-11,2019-07-11 09:32:02,0.06,0.4615,2966,0.05,0.3846,8357,0.06,0.4615,1,0.055,0.423,240,0
SPY190712P295,2019-07-11,2019-07-11 09:32:03,0.06,0.4615,2151,0.05,0.3846,6788,0.06,0.4615,1,0.055,0.423,240,0
SPY190712P295,2019-07-11,2019-07-11 09:32:03,0.06,0.4615,2995,0.05,0.3846,8348,0.06,0.4615,1,0.055,0.423,240,0
SPY190712P295,2019-07-11,2019-07-11 09:32:04,0.06,0.4615,2995,0.05,0.3846,8348,0.06,0.4615,1,0.055,0.423,240,0
SPY190712P295,2019-07-11,2019-07-11 09:32:04,0.06,0.4615,2872,0.05,0.3846,7146,0.06,0.4615,1,0.055,0.423,240,0
SPY190712P295,2019-07-11,2019-07-11 09:32:05,0.06,0.4615,2396,0.05,0.3846,6288,0.06,0.4615,1,0.055,0.423,240,0
SPY190712P295,2019-07-11,2019-07-11 09:32:05,0.06,0.4615,1438,0.05,0.3846,6288,0.06,0.4615,1,0.055,0.423,240,0
SPY190712P295,2019-07-11,2019-07-11 09:32:06,0.06,0.4615,2396,0.05,0.3846,6288,0.06,0.4615,1,0.055,0.423,240,0
SPY190712P295,2019-07-11,2019-07-11 09:32:07,0.06,0.4615,1132,0.05,0.3846,5090,0.06,0.4615,1,0.055,0.423,240,0
SPY190712P295,2019-07-11,2019-07-11 09:32:08,0.06,0.4615,1938,0.05,0.3846,7187,0.06,0.4615,1,0.055,0.423,240,0
SPY190712P295,2019-07-11,2019-07-11 09:32:08,0.06,0.4615,1938,0.05,0.3846,7125,0.06,0.4615,1,0.055,0.423,240,0
SPY190712P295,2019-07-11,2019-07-11 09:32:09,0.06,0.4615,1632,0.05,0.3846,8375,0.06,0.4615,1,0.055,0.423,240,0
SPY190712P295,2019-07-11,2019-07-11 09:32:10,0.06,0.4615,1938,0.05,0.3846,8352,0.06,0.4615,1,0.055,0.423,240,0
SPY190712P295,2019-07-11,2019-07-11 09:32:11,0.06,0.4615,1938,0.05,0.3846,7167,0.06,0.4615,1,0.055,0.423,240,0
SPY190712P295,2019-07-11,2019-07-11 09:32:12,0.06,0.4615,1938,0.05,0.3846,8220,0.06,0.4615,1,0.055,0.423,240,0
SPY190712P295,2019-07-11,2019-07-11 09:32:12,0.06,0.4615,1938,0.05,0.3846,8355,0.06,0.4615,1,0.055,0.423,240,0
SPY190712P295,2019-07-11,2019-07-11 09:32:13,0.06,0.4615,1938,0.05,0.3846,8220,0.06,0.4615,1,0.055,0.423,240,0
SPY190712P295,2019-07-11,2019-07-11 09:32:14,0.06,0.4615,1938,0.05,0.3846,8220,0.06,0.4615,1,0.055,0.423,240,0
SPY190712P295,2019-07-11,2019-07-11 09:32:15,0.06,0.4615,1632,0.05,0.3846,9377,0.06,0.4615,1,0.055,0.423,240,0
SPY190712P295,2019-07-11,2019-07-11 09:32:15,0.06,0.4615,1632,0.05,0.3846,7808,0.06,0.4615,1,0.055,0.423,240,0
SPY190712P295,2019-07-11,2019-07-11 09:32:16,0.06,0.4615,1632,0.05,0.3846,9379,0.06,0.4615,1,0.055,0.423,240,0
SPY190712P295,2019-07-11,2019-07-11 09:32:17,0.06,0.4615,1632,0.05,0.3846,9364,0.06,0.4615,1,0.055,0.423,240,0
SPY190712P295,2019-07-11,2019-07-11 09:32:18,0.06,0.4615,910,0.05,0.3846,7488,0.06,0.4615,1,0.055,0.423,240,0
SPY190712P295,2019-07-11,2019-07-11 09:32:18,0.06,0.4615,910,0.05,0.3846,6925,0.06,0.4615,1,0.055,0.423,240,0
SPY190712P295,2019-07-11,2019-07-11 09:32:19,0.06,0.4615,1046,0.05,0.3846,9517,0.06,0.4615,3,0.055,0.423,243,0
SPY190712P295,2019-07-11,2019-07-11 09:32:19,0.06,0.4615,408,0.05,0.3846,7467,0.06,0.4615,3,0.055,0.423,243,3
SPY190712P295,2019-07-11,2019-07-11 09:32:20,0.06,0.4615,1046,0.05,0.3846,7651,0.06,0.4615,3,0.055,0.423,243,0
SPY190712P295,2019-07-11,2019-07-11 09:32:21,0.06,0.4615,193,0.05,0.3846,7957,0.06,0.4615,3,0.055,0.423,243,0
SPY190712P295,2019-07-11,2019-07-11 09:32:21,0.06,0.4615,193,0.05,0.3846,9525,0.06,0.4615,3,0.055,0.423,243,0
SPY190712P295,2019-07-11,2019-07-11 09:32:22,0.06,0.4615,1,0.05,0.3846,7951,0.06,0.4615,3,0.055,0.423,243,0
SPY190712P295,2019-07-11,2019-07-11 09:32:23,0.06,0.4615,1,0.05,0.3846,7951,0.06,0.4615,3,0.055,0.423,243,0
SPY190712P295,2019-07-11,2019-07-11 09:32:23,0.06,0.4615,1,0.05,0.3846,5952,0.06,0.4615,3,0.055,0.423,243,0
SPY190712P295,2019-07-11,2019-07-11 09:32:24,0.06,0.4615,1,0.05,0.3846,8106,0.06,0.4615,3,0.055,0.423,243,0
SPY190712P295,2019-07-11,2019-07-11 09:32:25,0.06,0.4615,1,0.05,0.3846,8106,0.06,0.4615,3,0.055,0.423,243,0
SPY190712P295,2019-07-11,2019-07-11 09:32:26,0.06,0.4615,1,0.05,0.3846,8095,0.06,0.4615,1,0.055,0.423,244,1
SPY190712P295,2019-07-11,2019-07-11 09:32:26,0.06,0.4615,1,0.05,0.3846,8106,0.06,0.4615,3,0.055,0.423,243,0
SPY190712P295,2019-07-11,2019-07-11 09:32:27,0.06,0.4615,6,0.05,0.3846,8096,0.06,0.4615,1,0.055,0.423,244,0
SPY190712P295,2019-07-11,2019-07-11 09:32:28,0.06,0.4615,622,0.05,0.3846,8096,0.06,0.4615,1,0.055,0.423,244,0
SPY190712P295,2019-07-11,2019-07-11 09:32:28,0.06,0.4615,6,0.05,0.3846,8096,0.06,0.4615,1,0.055,0.423,244,0
SPY190712P295,2019-07-11,2019-07-11 09:32:29,0.06,0.4615,642,0.05,0.3846,8111,0.06,0.4615,1,0.055,0.423,244,0
SPY190712P295,2019-07-11,2019-07-11 09:32:29,0.06,0.4615,622,0.05,0.3846,9688,0.06,0.4615,1,0.055,0.423,244,0
SPY190712P295,2019-07-11,2019-07-11 09:32:30,0.06,0.4615,642,0.05,0.3846,7956,0.06,0.4615,1,0.055,0.423,244,0
SPY190712P295,2019-07-11,2019-07-11 09:32:31,0.06,0.4615,1397,0.05,0.3846,5058,0.06,0.4615,1,0.055,0.423,244,0
SPY190712P295,2019-07-11,2019-07-11 09:32:32,0.06,0.4615,2589,0.05,0.3846,6677,0.06,0.4615,1,0.055,0.423,244,0
SPY190712P295,2019-07-11,2019-07-11 09:32:33,0.06,0.4615,2589,0.05,0.3846,6677,0.06,0.4615,1,0.055,0.423,244,0
SPY190712P295,2019-07-11,2019-07-11 09:32:34,0.06,0.4615,2589,0.05,0.3846,6677,0.06,0.4615,1,0.055,0.423,244,0
SPY190712P295,2019-07-11,2019-07-11 09:32:34,0.06,0.4615,2944,0.05,0.3846,6080,0.06,0.4615,1,0.055,0.423,244,0
SPY190712P295,2019-07-11,2019-07-11 09:32:35,0.06,0.4615,1397,0.05,0.3846,7268,0.06,0.4615,1,0.055,0.423,244,0
SPY190712P295,2019-07-11,2019-07-11 09:32:36,0.06,0.4615,1397,0.05,0.3846,7797,0.06,0.4615,1,0.055,0.423,244,0
SPY190712P295,2019-07-11,2019-07-11 09:32:36,0.06,0.4615,1897,0.05,0.3846,7268,0.06,0.4615,1,0.055,0.423,244,0
SPY190712P295,2019-07-11,2019-07-11 09:32:37,0.06,0.4615,2946,0.05,0.3846,8180,0.06,0.4615,1,0.055,0.423,244,0
SPY190712P295,2019-07-11,2019-07-11 09:32:38,0.06,0.4615,2946,0.05,0.3846,8191,0.06,0.4615,1,0.055,0.423,244,0
SPY190712P295,2019-07-11,2019-07-11 09:32:38,0.06,0.4615,1897,0.05,0.3846,6620,0.06,0.4615,1,0.055,0.423,244,0
SPY190712P295,2019-07-11,2019-07-11 09:32:39,0.06,0.4615,1897,0.05,0.3846,6620,0.06,0.4615,1,0.055,0.423,244,0
SPY190712P295,2019-07-11,2019-07-11 09:32:40,0.06,0.4615,1897,0.05,0.3846,9387,0.06,0.4615,1,0.055,0.423,244,0
SPY190712P295,2019-07-11,2019-07-11 09:32:40,0.06,0.4615,1897,0.05,0.3846,8163,0.06,0.4615,1,0.055,0.423,244,0
SPY190712P295,2019-07-11,2019-07-11 09:32:41,0.06,0.4615,1897,0.05,0.3846,9387,0.06,0.4615,1,0.055,0.423,244,0
SPY190712P295,2019-07-11,2019-07-11 09:32:42,0.06,0.4615,1897,0.05,0.3846,9416,0.06,0.4615,1,0.055,0.423,244,0
SPY190712P295,2019-07-11,2019-07-11 09:32:42,0.06,0.4615,1897,0.05,0.3846,5862,0.06,0.4615,1,0.055,0.423,244,0
SPY190712P295,2019-07-11,2019-07-11 09:32:43,0.06,0.4615,1897,0.05,0.3846,6159,0.06,0.4615,1,0.055,0.423,244,0
SPY190712P295,2019-07-11,2019-07-11 09:32:43,0.06,0.4615,1897,0.05,0.3846,7383,0.06,0.4615,1,0.055,0.423,244,0
SPY190712P295,2019-07-11,2019-07-11 09:32:44,0.06,0.4615,2946,0.05,0.3846,8564,0.06,0.4615,1,0.055,0.423,244,0
SPY190712P295,2019-07-11,2019-07-11 09:32:45,0.06,0.4615,1897,0.05,0.3846,9848,0.06,0.4615,1,0.055,0.423,244,0
SPY190712P295,2019-07-11,2019-07-11 09:32:45,0.06,0.4615,1897,0.05,0.3846,8564,0.06,0.4615,1,0.055,0.423,244,0
SPY190712P295,2019-07-11,2019-07-11 09:32:46,0.06,0.4615,1897,0.05,0.3846,9848,0.06,0.4615,1,0.055,0.423,244,0
SPY190712P295,2019-07-11,2019-07-11 09:32:47,0.06,0.4615,1897,0.05,0.3846,9899,0.06,0.4615,1,0.055,0.423,244,0
SPY190712P295,2019-07-11,2019-07-11 09:32:47,0.06,0.4615,1897,0.05,0.3846,9848,0.06,0.4615,1,0.055,0.423,244,0
SPY190712P295,2019-07-11,2019-07-11 09:32:48,0.06,0.4615,1897,0.05,0.3846,8308,0.06,0.4615,1,0.055,0.423,244,0
SPY190712P295,2019-07-11,2019-07-11 09:32:48,0.06,0.4615,1897,0.05,0.3846,9899,0.06,0.4615,1,0.055,0.423,244,0
SPY190712P295,2019-07-11,2019-07-11 09:32:49,0.06,0.4615,1897,0.05,0.3846,9899,0.06,0.4615,1,0.055,0.423,244,0
SPY190712P295,2019-07-11,2019-07-11 09:32:50,0.06,0.4615,1897,0.05,0.3846,8839,0.06,0.4615,1,0.055,0.423,244,0
SPY190712P295,2019-07-11,2019-07-11 09:32:51,0.06,0.4615,1897,0.05,0.3846,8308,0.06,0.4615,1,0.055,0.423,244,0
SPY190712P295,2019-07-11,2019-07-11 09:32:52,0.06,0.4615,1897,0.05,0.3846,9899,0.06,0.4615,1,0.055,0.423,244,0
SPY190712P295,2019-07-11,2019-07-11 09:32:53,0.06,0.4615,1897,0.05,0.3846,8308,0.06,0.4615,1,0.055,0.423,244,0
SPY190712P295,2019-07-11,2019-07-11 09:32:54,0.06,0.4615,1897,0.05,0.3846,7024,0.06,0.4615,1,0.055,0.423,244,0
SPY190712P295,2019-07-11,2019-07-11 09:32:54,0.06,0.4615,1897,0.05,0.3846,8589,0.06,0.4615,1,0.055,0.423,244,0
SPY190712P295,2019-07-11,2019-07-11 09:32:55,0.06,0.4615,1897,0.05,0.3846,8589,0.06,0.4615,1,0.055,0.423,244,0
SPY190712P295,2019-07-11,2019-07-11 09:32:56,0.06,0.4615,2540,0.05,0.3846,7024,0.06,0.4615,1,0.055,0.423,244,0
SPY190712P295,2019-07-11,2019-07-11 09:32:57,0.06,0.4615,2923,0.05,0.3846,8586,0.06,0.4615,1,0.055,0.423,244,0
SPY190712P295,2019-07-11,2019-07-11 09:32:58,0.06,0.4615,2923,0.05,0.3846,8586,0.06,0.4615,1,0.055,0.423,244,0
SPY190712P295,2019-07-11,2019-07-11 09:32:59,0.06,0.4615,1397,0.05,0.3846,6524,0.06,0.4615,1,0.055,0.423,244,0
SPY190712P295,2019-07-11,2019-07-11 09:33:00,0.06,0.4615,1897,0.05,0.3846,7024,0.06,0.4615,1,0.055,0.423,244,0
SPY190712P295,2019-07-11,2019-07-11 09:33:01,0.06,0.4615,2124,0.05,0.3846,6524,0.06,0.4615,1,0.055,0.423,244,0
SPY190712P295,2019-07-11,2019-07-11 09:33:02,0.06,0.4615,2089,0.05,0.3846,6031,0.06,0.4615,1,0.055,0.423,244,0
SPY190712P295,2019-07-11,2019-07-11 09:33:02,0.06,0.4615,2200,0.05,0.3846,6525,0.06,0.4615,1,0.055,0.423,244,0
SPY190712P295,2019-07-11,2019-07-11 09:33:03,0.06,0.4615,1728,0.05,0.3846,4449,0.06,0.4615,1,0.055,0.423,244,0
SPY190712P295,2019-07-11,2019-07-11 09:33:04,0.06,0.4615,1660,0.05,0.3846,3339,0.06,0.4615,1,0.055,0.423,244,0
SPY190712P295,2019-07-11,2019-07-11 09:33:04,0.06,0.4615,2406,0.05,0.3846,5312,0.06,0.4615,1,0.055,0.423,244,0
SPY190712P295,2019-07-11,2019-07-11 09:33:05,0.06,0.4615,1139,0.05,0.3846,3839,0.06,0.4615,1,0.055,0.423,244,0
SPY190712P295,2019-07-11,2019-07-11 09:33:05,0.06,0.4615,1139,0.05,0.3846,6930,0.06,0.4615,1,0.055,0.423,244,0
SPY190712P295,2019-07-11,2019-07-11 09:33:06,0.06,0.4615,1139,0.05,0.3846,5027,0.06,0.4615,1,0.055,0.423,244,0
SPY190712P295,2019-07-11,2019-07-11 09:33:07,0.06,0.4615,1307,0.05,0.3846,6862,0.06,0.4615,1,0.055,0.423,244,0
SPY190712P295,2019-07-11,2019-07-11 09:33:07,0.06,0.4615,1307,0.05,0.3846,5126,0.06,0.4615,1,0.055,0.423,244,0
SPY190712P295,2019-07-11,2019-07-11 09:33:08,0.06,0.4615,1139,0.05,0.3846,6862,0.06,0.4615,1,0.055,0.423,244,0
SPY190712P295,2019-07-11,2019-07-11 09:33:09,0.06,0.4615,1307,0.05,0.3846,6763,0.06,0.4615,1,0.055,0.423,244,0
SPY190712P295,2019-07-11,2019-07-11 09:33:09,0.06,0.4615,1221,0.05,0.3846,7059,0.06,0.4615,1,0.055,0.423,244,0
SPY190712P295,2019-07-11,2019-07-11 09:33:10,0.06,0.4615,1307,0.05,0.3846,6763,0.06,0.4615,1,0.055,0.423,244,0
SPY190712P295,2019-07-11,2019-07-11 09:33:11,0.06,0.4615,1307,0.05,0.3846,6763,0.06,0.4615,1,0.055,0.423,244,0
SPY190712P295,2019-07-11,2019-07-11 09:33:12,0.06,0.4615,1139,0.05,0.3846,5575,0.06,0.4615,1,0.055,0.423,244,0
SPY190712P295,2019-07-11,2019-07-11 09:33:12,0.06,0.4615,2135,0.05,0.3846,7405,0.06,0.4615,1,0.055,0.423,244,0
SPY190712P295,2019-07-11,2019-07-11 09:33:13,0.06,0.4615,2135,0.05,0.3846,8593,0.06,0.4615,1,0.055,0.423,244,0
SPY190712P295,2019-07-11,2019-07-11 09:33:14,0.06,0.4615,1445,0.05,0.3846,7069,0.06,0.4615,1,0.055,0.423,244,0
SPY190712P295,2019-07-11,2019-07-11 09:33:15,0.06,0.4615,1445,0.05,0.3846,7069,0.06,0.4615,1,0.055,0.423,244,0
SPY190712P295,2019-07-11,2019-07-11 09:33:15,0.06,0.4615,1445,0.05,0.3846,8633,0.06,0.4615,1,0.055,0.423,244,0
SPY190712P295,2019-07-11,2019-07-11 09:33:16,0.06,0.4615,1445,0.05,0.3846,7069,0.06,0.4615,1,0.055,0.423,244,0
SPY190712P295,2019-07-11,2019-07-11 09:33:16,0.06,0.4615,1445,0.05,0.3846,9647,0.06,0.4615,1,0.055,0.423,244,0
SPY190712P295,2019-07-11,2019-07-11 09:33:17,0.06,0.4615,1387,0.05,0.3846,9624,0.06,0.4615,1,0.055,0.423,244,0
SPY190712P295,2019-07-11,2019-07-11 09:33:18,0.06,0.4615,1387,0.05,0.3846,9603,0.06,0.4615,1,0.055,0.423,244,0
SPY190712P295,2019-07-11,2019-07-11 09:33:19,0.06,0.4615,1387,0.05,0.3846,9603,0.06,0.4615,1,0.055,0.423,244,0
SPY190712P295,2019-07-11,2019-07-11 09:33:19,0.06,0.4615,1216,0.05,0.3846,9602,0.06,0.4615,1,0.055,0.423,244,0
SPY190712P295,2019-07-11,2019-07-11 09:33:20,0.06,0.4615,1443,0.05,0.3846,9592,0.06,0.4615,1,0.055,0.423,244,0
SPY190712P295,2019-07-11,2019-07-11 09:33:21,0.06,0.4615,1443,0.05,0.3846,9592,0.06,0.4615,1,0.055,0.423,244,0
SPY190712P295,2019-07-11,2019-07-11 09:33:22,0.06,0.4615,1443,0.05,0.3846,9100,0.06,0.4615,1,0.055,0.423,244,0
SPY190712P295,2019-07-11,2019-07-11 09:33:22,0.06,0.4615,1443,0.05,0.3846,9592,0.06,0.4615,1,0.055,0.423,244,0
SPY190712P295,2019-07-11,2019-07-11 09:33:23,0.06,0.4615,1443,0.05,0.3846,9613,0.06,0.4615,1,0.055,0.423,244,0
SPY190712P295,2019-07-11,2019-07-11 09:33:24,0.06,0.4615,1216,0.05,0.3846,8029,0.06,0.4615,1,0.055,0.423,244,0
SPY190712P295,2019-07-11,2019-07-11 09:33:24,0.06,0.4615,1443,0.05,0.3846,9613,0.06,0.4615,1,0.055,0.423,244,0
SPY190712P295,2019-07-11,2019-07-11 09:33:25,0.06,0.4615,1216,0.05,0.3846,8029,0.06,0.4615,1,0.055,0.423,244,0
SPY190712P295,2019-07-11,2019-07-11 09:33:26,0.06,0.4615,1216,0.05,0.3846,8029,0.06,0.4615,1,0.055,0.423,244,0
SPY190712P295,2019-07-11,2019-07-11 09:33:26,0.06,0.4615,1216,0.05,0.3846,8016,0.06,0.4615,1,0.055,0.423,244,0
SPY190712P295,2019-07-11,2019-07-11 09:33:27,0.06,0.4615,1216,0.05,0.3846,8016,0.06,0.4615,1,0.055,0.423,244,0
SPY190712P295,2019-07-11,2019-07-11 09:33:28,0.06,0.4615,1216,0.05,0.3846,8016,0.06,0.4615,1,0.055,0.423,244,0
SPY190712P295,2019-07-11,2019-07-11 09:33:29,0.06,0.4615,306,0.05,0.3846,9600,0.06,0.4615,1,0.055,0.423,244,0
SPY190712P295,2019-07-11,2019-07-11 09:33:30,0.06,0.4615,1,0.05,0.3846,9283,0.06,0.4615,1,0.055,0.423,244,0
SPY190712P295,2019-07-11,2019-07-11 09:33:30,0.06,0.4615,1,0.05,0.3846,7710,0.06,0.4615,1,0.055,0.423,244,0
SPY190712P295,2019-07-11,2019-07-11 09:33:31,0.06,0.4615,122,0.05,0.3846,8016,0.06,0.4615,1,0.055,0.423,244,0
SPY190712P295,2019-07-11,2019-07-11 09:33:32,0.06,0.4615,122,0.05,0.3846,9599,0.06,0.4615,1,0.055,0.423,244,0
SPY190712P295,2019-07-11,2019-07-11 09:33:33,0.06,0.4615,122,0.05,0.3846,9599,0.06,0.4615,1,0.055,0.423,244,0
SPY190712P295,2019-07-11,2019-07-11 09:33:34,0.06,0.4615,122,0.05,0.3846,9599,0.06,0.4615,1,0.055,0.423,244,0
SPY190712P295,2019-07-11,2019-07-11 09:33:35,0.06,0.4615,122,0.05,0.3846,9599,0.06,0.4615,1,0.055,0.423,244,0
SPY190712P295,2019-07-11,2019-07-11 09:33:36,0.06,0.4615,142,0.05,0.3846,9599,0.06,0.4615,1,0.055,0.423,244,0
SPY190712P295,2019-07-11,2019-07-11 09:33:36,0.06,0.4615,142,0.05,0.3846,7516,0.06,0.4615,1,0.055,0.423,244,0
SPY190712P295,2019-07-11,2019-07-11 09:33:37,0.06,0.4615,122,0.05,0.3846,9599,0.06,0.4615,1,0.055,0.423,244,0
SPY190712P295,2019-07-11,2019-07-11 09:33:37,0.06,0.4615,204,0.05,0.3846,8016,0.06,0.4615,1,0.055,0.423,244,0
SPY190712P295,2019-07-11,2019-07-11 09:33:38,0.06,0.4615,204,0.05,0.3846,8016,0.06,0.4615,1,0.055,0.423,244,0
SPY190712P295,2019-07-11,2019-07-11 09:33:39,0.06,0.4615,204,0.05,0.3846,9600,0.06,0.4615,1,0.055,0.423,244,0
SPY190712P295,2019-07-11,2019-07-11 09:33:40,0.06,0.4615,204,0.05,0.3846,9597,0.06,0.4615,1,0.055,0.423,244,0
SPY190712P295,2019-07-11,2019-07-11 09:33:41,0.06,0.4615,501,0.05,0.3846,9597,0.06,0.4615,1,0.055,0.423,244,0
SPY190712P295,2019-07-11,2019-07-11 09:33:42,0.06,0.4615,372,0.05,0.3846,8246,0.06,0.4615,1,0.055,0.423,244,0
SPY190712P295,2019-07-11,2019-07-11 09:33:42,0.06,0.4615,372,0.05,0.3846,9602,0.06,0.4615,1,0.055,0.423,244,0
SPY190712P295,2019-07-11,2019-07-11 09:33:43,0.06,0.4615,372,0.05,0.3846,8019,0.06,0.4615,1,0.055,0.423,244,0
SPY190712P295,2019-07-11,2019-07-11 09:33:44,0.06,0.4615,1382,0.05,0.3846,8019,0.06,0.4615,1,0.055,0.423,244,0
SPY190712P295,2019-07-11,2019-07-11 09:33:44,0.06,0.4615,1382,0.05,0.3846,8030,0.06,0.4615,1,0.055,0.423,244,0
SPY190712P295,2019-07-11,2019-07-11 09:33:45,0.06,0.4615,1216,0.05,0.3846,8030,0.06,0.4615,1,0.055,0.423,244,0
SPY190712P295,2019-07-11,2019-07-11 09:33:46,0.06,0.4615,1216,0.05,0.3846,8030,0.06,0.4615,1,0.055,0.423,244,0
SPY190712P295,2019-07-11,2019-07-11 09:33:47,0.06,0.4615,367,0.05,0.3846,7530,0.06,0.4615,1,0.055,0.423,244,0
SPY190712P295,2019-07-11,2019-07-11 09:33:47,0.06,0.4615,1216,0.05,0.3846,8030,0.06,0.4615,1,0.055,0.423,244,0
SPY190712P295,2019-07-11,2019-07-11 09:33:48,0.06,0.4615,122,0.05,0.3846,7701,0.06,0.4615,1,0.055,0.423,244,0
SPY190712P295,2019-07-11,2019-07-11 09:33:48,0.06,0.4615,122,0.05,0.3846,8123,0.06,0.4615,1,0.055,0.423,244,0
SPY190712P295,2019-07-11,2019-07-11 09:33:49,0.06,0.4615,122,0.05,0.3846,8181,0.06,0.4615,1,0.055,0.423,244,0
SPY190712P295,2019-07-11,2019-07-11 09:33:50,0.06,0.4615,122,0.05,0.3846,8181,0.06,0.4615,1,0.055,0.423,244,0
SPY190712P295,2019-07-11,2019-07-11 09:33:50,0.06,0.4615,122,0.05,0.3846,9768,0.06,0.4615,1,0.055,0.423,244,0
SPY190712P295,2019-07-11,2019-07-11 09:33:51,0.06,0.4615,1,0.05,0.3846,9768,0.06,0.4615,1,0.055,0.423,244,0
SPY190712P295,2019-07-11,2019-07-11 09:33:52,0.06,0.4615,1,0.05,0.3846,9768,0.06,0.4615,1,0.055,0.423,244,0
SPY190712P295,2019-07-11,2019-07-11 09:33:53,0.06,0.4615,1,0.05,0.3846,8181,0.06,0.4615,1,0.055,0.423,244,0
SPY190712P295,2019-07-11,2019-07-11 09:33:54,0.06,0.4615,1,0.05,0.3846,8181,0.06,0.4615,1,0.055,0.423,244,0
SPY190712P295,2019-07-11,2019-07-11 09:33:55,0.06,0.4615,1,0.05,0.3846,8275,0.06,0.4615,1,0.055,0.423,244,0
SPY190712P295,2019-07-11,2019-07-11 09:33:55,0.06,0.4615,1,0.05,0.3846,6781,0.06,0.4615,1,0.055,0.423,244,0
SPY190712P295,2019-07-11,2019-07-11 09:33:56,0.06,0.4615,1,0.05,0.3846,9865,0.06,0.4615,1,0.055,0.423,244,0
SPY190712P295,2019-07-11,2019-07-11 09:33:57,0.06,0.4615,1,0.05,0.3846,9864,0.06,0.4615,1,0.055,0.423,244,0
SPY190712P295,2019-07-11,2019-07-11 09:33:57,0.06,0.4615,1,0.05,0.3846,9865,0.06,0.4615,1,0.055,0.423,244,0
SPY190712P295,2019-07-11,2019-07-11 09:33:58,0.06,0.4615,1,0.05,0.3846,7669,0.06,0.4615,1,0.055,0.423,244,0
SPY190712P295,2019-07-11,2019-07-11 09:33:59,0.06,0.4615,1,0.05,0.3846,8146,0.06,0.4615,1,0.055,0.423,244,0
SPY190712P295,2019-07-11,2019-07-11 09:33:59,0.06,0.4615,1,0.05,0.3846,8275,0.06,0.4615,1,0.055,0.423,244,0
SPY190712P295,2019-07-11,2019-07-11 09:34:00,0.06,0.4615,1,0.05,0.3846,8275,0.06,0.4615,1,0.055,0.423,244,0
SPY190712P295,2019-07-11,2019-07-11 09:34:01,0.06,0.4615,1,0.05,0.3846,8275,0.06,0.4615,1,0.055,0.423,244,0
SPY190712P295,2019-07-11,2019-07-11 09:34:02,0.06,0.4615,1,0.05,0.3846,7801,0.06,0.4615,1,0.055,0.423,244,0
SPY190712P295,2019-07-11,2019-07-11 09:34:03,0.06,0.4615,1,0.05,0.3846,6240,0.06,0.4615,1,0.055,0.423,244,0
SPY190712P295,2019-07-11,2019-07-11 09:34:03,0.06,0.4615,1,0.05,0.3846,9704,0.06,0.4615,1,0.055,0.423,244,0
SPY190712P295,2019-07-11,2019-07-11 09:34:04,0.06,0.4615,1,0.05,0.3846,7795,0.06,0.4615,1,0.055,0.423,244,0
SPY190712P295,2019-07-11,2019-07-11 09:34:05,0.06,0.4615,1,0.05,0.3846,9674,0.06,0.4615,1,0.055,0.423,244,0
SPY190712P295,2019-07-11,2019-07-11 09:34:05,0.06,0.4615,1,0.05,0.3846,9879,0.06,0.4615,1,0.055,0.423,244,0
SPY190712P295,2019-07-11,2019-07-11 09:34:06,0.06,0.4615,1,0.05,0.3846,9674,0.06,0.4615,1,0.055,0.423,244,0
SPY190712P295,2019-07-11,2019-07-11 09:34:07,0.06,0.4615,1,0.05,0.3846,9674,0.06,0.4615,1,0.055,0.423,244,0
SPY190712P295,2019-07-11,2019-07-11 09:34:08,0.06,0.4615,1,0.05,0.3846,9685,0.06,0.4615,1,0.055,0.423,244,0
SPY190712P295,2019-07-11,2019-07-11 09:34:08,0.06,0.4615,1,0.05,0.3846,9729,0.06,0.4615,1,0.055,0.423,244,0
SPY190712P295,2019-07-11,2019-07-11 09:34:09,0.06,0.4615,204,0.05,0.3846,7975,0.06,0.4615,1,0.055,0.423,244,0
SPY190712P295,2019-07-11,2019-07-11 09:34:10,0.06,0.4615,204,0.05,0.3846,9558,0.06,0.4615,1,0.055,0.423,244,0
SPY190712P295,2019-07-11,2019-07-11 09:34:10,0.06,0.4615,204,0.05,0.3846,9553,0.06,0.4615,1,0.055,0.423,244,0
SPY190712P295,2019-07-11,2019-07-11 09:34:11,0.06,0.4615,204,0.05,0.3846,9558,0.06,0.4615,10,0.055,0.423,254,10
SPY190712P295,2019-07-11,2019-07-11 09:34:11,0.06,0.4615,204,0.05,0.3846,9575,0.06,0.4615,10,0.055,0.423,254,0
SPY190712P295,2019-07-11,2019-07-11 09:34:12,0.06,0.4615,409,0.05,0.3846,9580,0.06,0.4615,10,0.055,0.423,254,0
SPY190712P295,2019-07-11,2019-07-11 09:34:13,0.06,0.4615,230,0.05,0.3846,9585,0.06,0.4615,10,0.055,0.423,254,0
SPY190712P295,2019-07-11,2019-07-11 09:34:13,0.06,0.4615,204,0.05,0.3846,9585,0.06,0.4615,10,0.055,0.423,254,0
SPY190712P295,2019-07-11,2019-07-11 09:34:14,0.06,0.4615,609,0.05,0.3846,9585,0.06,0.4615,10,0.055,0.423,254,0
SPY190712P295,2019-07-11,2019-07-11 09:34:14,0.06,0.4615,731,0.05,0.3846,9585,0.06,0.4615,10,0.055,0.423,254,0
SPY190712P295,2019-07-11,2019-07-11 09:34:15,0.06,0.4615,204,0.05,0.3846,8002,0.06,0.4615,10,0.055,0.423,254,0
SPY190712P295,2019-07-11,2019-07-11 09:34:16,0.06,0.4615,886,0.05,0.3846,9586,0.06,0.4615,10,0.055,0.423,254,0
SPY190712P295,2019-07-11,2019-07-11 09:34:17,0.06,0.4615,1216,0.05,0.3846,9586,0.06,0.4615,10,0.055,0.423,254,0
SPY190712P295,2019-07-11,2019-07-11 09:34:17,0.06,0.4615,3114,0.05,0.3846,9582,0.06,0.4615,10,0.055,0.423,254,0
SPY190712P295,2019-07-11,2019-07-11 09:34:18,0.06,0.4615,3064,0.05,0.3846,9582,0.06,0.4615,10,0.055,0.423,254,0
SPY190712P295,2019-07-11,2019-07-11 09:34:19,0.06,0.4615,3064,0.05,0.3846,9582,0.06,0.4615,10,0.055,0.423,254,0
SPY190712P295,2019-07-11,2019-07-11 09:34:20,0.06,0.4615,2886,0.05,0.3846,9483,0.06,0.4615,10,0.055,0.423,254,0
SPY190712P295,2019-07-11,2019-07-11 09:34:20,0.06,0.4615,3636,0.05,0.3846,9483,0.06,0.4615,10,0.055,0.423,254,0
SPY190712P295,2019-07-11,2019-07-11 09:34:21,0.06,0.4615,2690,0.05,0.3846,7910,0.06,0.4615,10,0.055,0.423,254,0
SPY190712P295,2019-07-11,2019-07-11 09:34:21,0.06,0.4615,3876,0.05,0.3846,9492,0.06,0.4615,10,0.055,0.423,254,0
SPY190712P295,2019-07-11,2019-07-11 09:34:22,0.06,0.4615,2690,0.05,0.3846,7910,0.06,0.4615,10,0.055,0.423,254,0
SPY190712P295,2019-07-11,2019-07-11 09:34:22,0.06,0.4615,3876,0.05,0.3846,9492,0.06,0.4615,10,0.055,0.423,254,0
SPY190712P295,2019-07-11,2019-07-11 09:34:23,0.06,0.4615,2690,0.05,0.3846,7910,0.06,0.4615,10,0.055,0.423,254,0
SPY190712P295,2019-07-11,2019-07-11 09:34:24,0.06,0.4615,2690,0.05,0.3846,7910,0.06,0.4615,10,0.055,0.423,254,0
SPY190712P295,2019-07-11,2019-07-11 09:34:25,0.06,0.4615,2690,0.05,0.3846,7910,0.06,0.4615,10,0.055,0.423,254,0
SPY190712P295,2019-07-11,2019-07-11 09:34:26,0.06,0.4615,2690,0.05,0.3846,7910,0.06,0.4615,10,0.055,0.423,254,0
SPY190712P295,2019-07-11,2019-07-11 09:34:27,0.06,0.4615,3887,0.05,0.3846,9532,0.06,0.4615,10,0.055,0.423,254,0
SPY190712P295,2019-07-11,2019-07-11 09:34:27,0.06,0.4615,2954,0.05,0.3846,6456,0.06,0.4615,10,0.055,0.423,254,0
SPY190712P295,2019-07-11,2019-07-11 09:34:28,0.06,0.4615,3312,0.05,0.3846,7367,0.06,0.4615,10,0.055,0.423,254,0
SPY190712P295,2019-07-11,2019-07-11 09:34:28,0.06,0.4615,3766,0.05,0.3846,5402,0.06,0.4615,10,0.055,0.423,254,0
SPY190712P295,2019-07-11,2019-07-11 09:34:29,0.06,0.4615,2976,0.05,0.3846,6126,0.06,0.4615,10,0.055,0.423,254,0
SPY190712P295,2019-07-11,2019-07-11 09:34:29,0.06,0.4615,2976,0.05,0.3846,5671,0.06,0.4615,10,0.055,0.423,254,0
SPY190712P295,2019-07-11,2019-07-11 09:34:30,0.06,0.4615,2976,0.05,0.3846,6278,0.06,0.4615,10,0.055,0.423,254,0
SPY190712P295,2019-07-11,2019-07-11 09:34:30,0.06,0.4615,2976,0.05,0.3846,6704,0.06,0.4615,10,0.055,0.423,254,0
SPY190712P295,2019-07-11,2019-07-11 09:34:31,0.06,0.4615,2976,0.05,0.3846,6807,0.06,0.4615,10,0.055,0.423,254,0
SPY190712P295,2019-07-11,2019-07-11 09:34:33,0.06,0.4615,2694,0.05,0.3846,5803,0.06,0.4615,10,0.055,0.423,254,0
SPY190712P295,2019-07-11,2019-07-11 09:34:34,0.06,0.4615,2694,0.05,0.3846,5626,0.06,0.4615,10,0.055,0.423,254,0
SPY190712P295,2019-07-11,2019-07-11 09:34:36,0.06,0.4615,2694,0.05,0.3846,5811,0.06,0.4615,10,0.055,0.423,254,0
SPY190712P295,2019-07-11,2019-07-11 09:34:36,0.06,0.4615,2694,0.05,0.3846,5828,0.06,0.4615,10,0.055,0.423,254,0
SPY190712P295,2019-07-11,2019-07-11 09:34:37,0.06,0.4615,2694,0.05,0.3846,6009,0.06,0.4615,10,0.055,0.423,254,0
SPY190712P295,2019-07-11,2019-07-11 09:34:37,0.06,0.4615,2694,0.05,0.3846,5838,0.06,0.4615,10,0.055,0.423,254,0
SPY190712P295,2019-07-11,2019-07-11 09:34:38,0.06,0.4615,3897,0.05,0.3846,7345,0.06,0.4615,10,0.055,0.423,254,0
SPY190712P295,2019-07-11,2019-07-11 09:34:39,0.06,0.4615,3897,0.05,0.3846,7345,0.06,0.4615,10,0.055,0.423,254,0
SPY190712P295,2019-07-11,2019-07-11 09:34:39,0.06,0.4615,2971,0.05,0.3846,5838,0.06,0.4615,10,0.055,0.423,254,0
SPY190712P295,2019-07-11,2019-07-11 09:34:40,0.06,0.4615,2694,0.05,0.3846,5934,0.06,0.4615,10,0.055,0.423,254,0
SPY190712P295,2019-07-11,2019-07-11 09:34:40,0.06,0.4615,2965,0.05,0.3846,4153,0.06,0.4615,10,0.055,0.423,254,0
SPY190712P295,2019-07-11,2019-07-11 09:34:41,0.06,0.4615,2694,0.05,0.3846,5909,0.06,0.4615,10,0.055,0.423,254,0
SPY190712P295,2019-07-11,2019-07-11 09:34:42,0.06,0.4615,2963,0.05,0.3846,5036,0.06,0.4615,10,0.055,0.423,254,0
SPY190712P295,2019-07-11,2019-07-11 09:34:42,0.06,0.4615,2694,0.05,0.3846,5909,0.06,0.4615,10,0.055,0.423,254,0
SPY190712P295,2019-07-11,2019-07-11 09:34:43,0.06,0.4615,2963,0.05,0.3846,5768,0.06,0.4615,10,0.055,0.423,254,0
SPY190712P295,2019-07-11,2019-07-11 09:34:44,0.06,0.4615,3900,0.05,0.3846,7186,0.06,0.4615,10,0.055,0.423,254,0
SPY190712P295,2019-07-11,2019-07-11 09:34:44,0.06,0.4615,2963,0.05,0.3846,5768,0.06,0.4615,10,0.055,0.423,254,0
SPY190712P295,2019-07-11,2019-07-11 09:34:45,0.06,0.4615,3900,0.05,0.3846,7186,0.06,0.4615,10,0.055,0.423,254,0
SPY190712P295,2019-07-11,2019-07-11 09:34:46,0.06,0.4615,3900,0.05,0.3846,7186,0.06,0.4615,10,0.055,0.423,254,0
SPY190712P295,2019-07-11,2019-07-11 09:34:46,0.06,0.4615,3898,0.05,0.3846,7186,0.06,0.4615,10,0.055,0.423,254,0
SPY190712P295,2019-07-11,2019-07-11 09:34:47,0.06,0.4615,3898,0.05,0.3846,7186,0.06,0.4615,10,0.055,0.423,254,0
SPY190712P295,2019-07-11,2019-07-11 09:34:48,0.06,0.4615,3898,0.05,0.3846,7186,0.06,0.4615,10,0.055,0.423,254,0
SPY190712P295,2019-07-11,2019-07-11 09:34:49,0.06,0.4615,3898,0.05,0.3846,7186,0.06,0.4615,10,0.055,0.423,254,0
SPY190712P295,2019-07-11,2019-07-11 09:34:49,0.06,0.4615,2694,0.05,0.3846,5683,0.06,0.4615,10,0.055,0.423,254,0
SPY190712P295,2019-07-11,2019-07-11 09:34:50,0.06,0.4615,2955,0.05,0.3846,5707,0.06,0.4615,10,0.055,0.423,254,0
SPY190712P295,2019-07-11,2019-07-11 09:34:50,0.06,0.4615,3898,0.05,0.3846,7185,0.06,0.4615,10,0.055,0.423,254,0
SPY190712P295,2019-07-11,2019-07-11 09:34:51,0.06,0.4615,2694,0.05,0.3846,5704,0.06,0.4615,10,0.055,0.423,254,0
SPY190712P295,2019-07-11,2019-07-11 09:34:51,0.06,0.4615,3898,0.05,0.3846,7185,0.06,0.4615,10,0.055,0.423,254,0
SPY190712P295,2019-07-11,2019-07-11 09:34:52,0.06,0.4615,2955,0.05,0.3846,5683,0.06,0.4615,21,0.055,0.423,275,21
SPY190712P295,2019-07-11,2019-07-11 09:34:53,0.06,0.4615,2314,0.05,0.3846,5707,0.06,0.4615,21,0.055,0.423,275,0
SPY190712P295,2019-07-11,2019-07-11 09:34:53,0.06,0.4615,2780,0.05,0.3846,6061,0.06,0.4615,21,0.055,0.423,275,0
SPY190712P295,2019-07-11,2019-07-11 09:34:54,0.06,0.4615,2751,0.05,0.3846,5683,0.06,0.4615,21,0.055,0.423,275,0
SPY190712P295,2019-07-11,2019-07-11 09:34:54,0.06,0.4615,2751,0.05,0.3846,5750,0.06,0.4615,21,0.055,0.423,275,0
SPY190712P295,2019-07-11,2019-07-11 09:34:55,0.06,0.4615,3898,0.05,0.3846,7186,0.06,0.4615,21,0.055,0.423,275,0
SPY190712P295,2019-07-11,2019-07-11 09:34:56,0.06,0.4615,3898,0.05,0.3846,5980,0.06,0.4615,21,0.055,0.423,275,0
SPY190712P295,2019-07-11,2019-07-11 09:34:56,0.06,0.4615,3865,0.05,0.3846,6529,0.06,0.4615,21,0.055,0.423,275,0
SPY190712P295,2019-07-11,2019-07-11 09:34:57,0.06,0.4615,3865,0.05,0.3846,7657,0.06,0.4615,21,0.055,0.423,275,0
SPY190712P295,2019-07-11,2019-07-11 09:34:58,0.06,0.4615,3865,0.05,0.3846,7657,0.06,0.4615,21,0.055,0.423,275,0
SPY190712P295,2019-07-11,2019-07-11 09:34:58,0.06,0.4615,2965,0.05,0.3846,6192,0.06,0.4615,21,0.055,0.423,275,0
SPY190712P295,2019-07-11,2019-07-11 09:34:59,0.06,0.4615,2195,0.05,0.3846,4486,0.06,0.4615,21,0.055,0.423,275,0
SPY190712P295,2019-07-11,2019-07-11 09:34:59,0.06,0.4615,2695,0.05,0.3846,6192,0.06,0.4615,21,0.055,0.423,275,0
SPY190712P295,2019-07-11,2019-07-11 09:35:00,0.06,0.4615,3902,0.05,0.3846,7712,0.05,0.3846,1,0.055,0.423,280,5
SPY190712P295,2019-07-11,2019-07-11 09:35:00,0.06,0.4615,3902,0.05,0.3846,7712,0.06,0.4615,21,0.055,0.423,275,0
SPY190712P295,2019-07-11,2019-07-11 09:35:01,0.06,0.4615,3902,0.05,0.3846,7712,0.05,0.3846,1,0.055,0.423,280,0
SPY190712P295,2019-07-11,2019-07-11 09:35:02,0.06,0.4615,3902,0.05,0.3846,7712,0.05,0.3846,1,0.055,0.423,280,0
SPY190712P295,2019-07-11,2019-07-11 09:35:03,0.06,0.4615,3858,0.05,0.3846,8028,0.05,0.3846,1,0.055,0.423,280,0
SPY190712P295,2019-07-11,2019-07-11 09:35:03,0.06,0.4615,3332,0.05,0.3846,7722,0.05,0.3846,1,0.055,0.423,280,0
SPY190712P295,2019-07-11,2019-07-11 09:35:04,0.06,0.4615,2138,0.05,0.3846,5673,0.05,0.3846,1,0.055,0.423,280,0
SPY190712P295,2019-07-11,2019-07-11 09:35:04,0.06,0.4615,2187,0.05,0.3846,5979,0.05,0.3846,1,0.055,0.423,280,0
SPY190712P295,2019-07-11,2019-07-11 09:35:05,0.06,0.4615,2187,0.05,0.3846,6978,0.05,0.3846,1,0.055,0.423,280,0
SPY190712P295,2019-07-11,2019-07-11 09:35:06,0.06,0.4615,2954,0.05,0.3846,7676,0.05,0.3846,1,0.055,0.423,280,0
SPY190712P295,2019-07-11,2019-07-11 09:35:06,0.06,0.4615,2953,0.05,0.3846,6444,0.05,0.3846,1,0.055,0.423,280,0
SPY190712P295,2019-07-11,2019-07-11 09:35:07,0.06,0.4615,3874,0.05,0.3846,7845,0.05,0.3846,1,0.055,0.423,280,0
SPY190712P295,2019-07-11,2019-07-11 09:35:08,0.06,0.4615,3879,0.05,0.3846,7812,0.05,0.3846,1,0.055,0.423,280,0
SPY190712P295,2019-07-11,2019-07-11 09:35:08,0.06,0.4615,2981,0.05,0.3846,6297,0.05,0.3846,1,0.055,0.423,280,0
SPY190712P295,2019-07-11,2019-07-11 09:35:09,0.06,0.4615,3879,0.05,0.3846,7791,0.05,0.3846,1,0.055,0.423,280,0
SPY190712P295,2019-07-11,2019-07-11 09:35:10,0.06,0.4615,2196,0.05,0.3846,5769,0.05,0.3846,1,0.055,0.423,280,0
SPY190712P295,2019-07-11,2019-07-11 09:35:11,0.06,0.4615,2196,0.05,0.3846,7175,0.05,0.3846,1,0.055,0.423,280,0
SPY190712P295,2019-07-11,2019-07-11 09:35:11,0.06,0.4615,2984,0.05,0.3846,7675,0.05,0.3846,1,0.055,0.423,280,0
SPY190712P295,2019-07-11,2019-07-11 09:35:12,0.06,0.4615,2696,0.05,0.3846,7675,0.05,0.3846,1,0.055,0.423,280,0
SPY190712P295,2019-07-11,2019-07-11 09:35:13,0.06,0.4615,2696,0.05,0.3846,6358,0.05,0.3846,1,0.055,0.423,280,0
SPY190712P295,2019-07-11,2019-07-11 09:35:14,0.06,0.4615,2696,0.05,0.3846,5519,0.05,0.3846,1,0.055,0.423,280,0
SPY190712P295,2019-07-11,2019-07-11 09:35:14,0.06,0.4615,2984,0.05,0.3846,6296,0.05,0.3846,1,0.055,0.423,280,0
SPY190712P295,2019-07-11,2019-07-11 09:35:15,0.06,0.4615,3007,0.05,0.3846,7054,0.05,0.3846,1,0.055,0.423,280,0
SPY190712P295,2019-07-11,2019-07-11 09:35:16,0.06,0.4615,2696,0.05,0.3846,6224,0.05,0.3846,1,0.055,0.423,280,0
SPY190712P295,2019-07-11,2019-07-11 09:35:16,0.06,0.4615,3007,0.05,0.3846,6651,0.05,0.3846,1,0.055,0.423,280,0
SPY190712P295,2019-07-11,2019-07-11 09:35:17,0.06,0.4615,3858,0.05,0.3846,7694,0.05,0.3846,1,0.055,0.423,280,0
SPY190712P295,2019-07-11,2019-07-11 09:35:18,0.06,0.4615,3007,0.05,0.3846,7144,0.05,0.3846,1,0.055,0.423,280,0
SPY190712P295,2019-07-11,2019-07-11 09:35:18,0.06,0.4615,3861,0.05,0.3846,6912,0.05,0.3846,1,0.055,0.423,280,0
SPY190712P295,2019-07-11,2019-07-11 09:35:19,0.06,0.4615,3876,0.05,0.3846,6918,0.06,0.4615,4,0.055,0.423,284,0
SPY190712P295,2019-07-11,2019-07-11 09:35:19,0.06,0.4615,3876,0.05,0.3846,6248,0.06,0.4615,4,0.055,0.423,284,4
SPY190712P295,2019-07-11,2019-07-11 09:35:20,0.06,0.4615,3876,0.05,0.3846,6919,0.06,0.4615,4,0.055,0.423,284,0
SPY190712P295,2019-07-11,2019-07-11 09:35:21,0.06,0.4615,3876,0.05,0.3846,6954,0.06,0.4615,4,0.055,0.423,284,0
SPY190712P295,2019-07-11,2019-07-11 09:35:22,0.06,0.4615,3007,0.05,0.3846,6752,0.06,0.4615,4,0.055,0.423,284,0
SPY190712P295,2019-07-11,2019-07-11 09:35:22,0.06,0.4615,2743,0.05,0.3846,6729,0.06,0.4615,4,0.055,0.423,284,0
SPY190712P295,2019-07-11,2019-07-11 09:35:23,0.06,0.4615,3010,0.05,0.3846,6729,0.06,0.4615,4,0.055,0.423,284,0
SPY190712P295,2019-07-11,2019-07-11 09:35:23,0.06,0.4615,3881,0.05,0.3846,6968,0.06,0.4615,4,0.055,0.423,284,0
SPY190712P295,2019-07-11,2019-07-11 09:35:24,0.06,0.4615,3880,0.05,0.3846,6956,0.06,0.4615,4,0.055,0.423,284,0
SPY190712P295,2019-07-11,2019-07-11 09:35:25,0.06,0.4615,3881,0.05,0.3846,7690,0.06,0.4615,4,0.055,0.423,284,0
SPY190712P295,2019-07-11,2019-07-11 09:35:25,0.06,0.4615,3880,0.05,0.3846,6956,0.06,0.4615,4,0.055,0.423,284,0
SPY190712P295,2019-07-11,2019-07-11 09:35:26,0.06,0.4615,2975,0.05,0.3846,6532,0.06,0.4615,4,0.055,0.423,284,0
SPY190712P295,2019-07-11,2019-07-11 09:35:26,0.06,0.4615,3010,0.05,0.3846,6189,0.06,0.4615,4,0.055,0.423,284,0
SPY190712P295,2019-07-11,2019-07-11 09:35:27,0.06,0.4615,3876,0.05,0.3846,7690,0.06,0.4615,4,0.055,0.423,284,0
SPY190712P295,2019-07-11,2019-07-11 09:35:28,0.06,0.4615,2196,0.05,0.3846,4939,0.06,0.4615,4,0.055,0.423,284,0
SPY190712P295,2019-07-11,2019-07-11 09:35:28,0.06,0.4615,2991,0.05,0.3846,5607,0.06,0.4615,4,0.055,0.423,284,0
SPY190712P295,2019-07-11,2019-07-11 09:35:29,0.06,0.4615,4487,0.05,0.3846,6911,0.06,0.4615,4,0.055,0.423,284,0
SPY190712P295,2019-07-11,2019-07-11 09:35:30,0.06,0.4615,6058,0.05,0.3846,6744,0.06,0.4615,4,0.055,0.423,284,0
SPY190712P295,2019-07-11,2019-07-11 09:35:31,0.06,0.4615,4496,0.05,0.3846,7387,0.06,0.4615,4,0.055,0.423,284,0
SPY190712P295,2019-07-11,2019-07-11 09:35:31,0.06,0.4615,4765,0.05,0.3846,7706,0.06,0.4615,4,0.055,0.423,284,0
SPY190712P295,2019-07-11,2019-07-11 09:35:32,0.06,0.4615,3242,0.05,0.3846,5896,0.06,0.4615,4,0.055,0.423,284,0
SPY190712P295,2019-07-11,2019-07-11 09:35:33,0.06,0.4615,4496,0.05,0.3846,8087,0.06,0.4615,4,0.055,0.423,284,0
SPY190712P295,2019-07-11,2019-07-11 09:35:33,0.06,0.4615,4496,0.05,0.3846,7387,0.06,0.4615,4,0.055,0.423,284,0
SPY190712P295,2019-07-11,2019-07-11 09:35:34,0.06,0.4615,4496,0.05,0.3846,8105,0.06,0.4615,4,0.055,0.423,284,0
SPY190712P295,2019-07-11,2019-07-11 09:35:35,0.06,0.4615,3880,0.05,0.3846,8070,0.06,0.4615,4,0.055,0.423,284,0
SPY190712P295,2019-07-11,2019-07-11 09:35:36,0.06,0.4615,4426,0.05,0.3846,8069,0.06,0.4615,4,0.055,0.423,284,0
SPY190712P295,2019-07-11,2019-07-11 09:35:37,0.06,0.4615,3242,0.05,0.3846,6561,0.06,0.4615,4,0.055,0.423,284,0
SPY190712P295,2019-07-11,2019-07-11 09:35:37,0.06,0.4615,2987,0.05,0.3846,6840,0.06,0.4615,4,0.055,0.423,284,0
SPY190712P295,2019-07-11,2019-07-11 09:35:38,0.06,0.4615,2987,0.05,0.3846,6561,0.06,0.4615,4,0.055,0.423,284,0
SPY190712P295,2019-07-11,2019-07-11 09:35:39,0.06,0.4615,2466,0.05,0.3846,5356,0.06,0.4615,4,0.055,0.423,284,0
SPY190712P295,2019-07-11,2019-07-11 09:35:40,0.06,0.4615,2965,0.05,0.3846,5236,0.06,0.4615,4,0.055,0.423,284,0
SPY190712P295,2019-07-11,2019-07-11 09:35:40,0.06,0.4615,2987,0.05,0.3846,6494,0.06,0.4615,4,0.055,0.423,284,0
SPY190712P295,2019-07-11,2019-07-11 09:35:41,0.06,0.4615,2653,0.05,0.3846,6763,0.06,0.4615,4,0.055,0.423,284,0
SPY190712P295,2019-07-11,2019-07-11 09:35:41,0.06,0.4615,2987,0.05,0.3846,6459,0.06,0.4615,4,0.055,0.423,284,0
SPY190712P295,2019-07-11,2019-07-11 09:35:42,0.06,0.4615,2187,0.05,0.3846,6068,0.06,0.4615,4,0.055,0.423,284,0
SPY190712P295,2019-07-11,2019-07-11 09:35:43,0.06,0.4615,3831,0.05,0.3846,9558,0.06,0.4615,4,0.055,0.423,284,0
SPY190712P295,2019-07-11,2019-07-11 09:35:44,0.06,0.4615,2653,0.05,0.3846,6568,0.06,0.4615,4,0.055,0.423,284,0
SPY190712P295,2019-07-11,2019-07-11 09:35:44,0.06,0.4615,3831,0.05,0.3846,9558,0.06,0.4615,4,0.055,0.423,284,0
SPY190712P295,2019-07-11,2019-07-11 09:35:45,0.06,0.4615,3831,0.05,0.3846,8099,0.06,0.4615,4,0.055,0.423,284,0
SPY190712P295,2019-07-11,2019-07-11 09:35:45,0.06,0.4615,3831,0.05,0.3846,9646,0.06,0.4615,4,0.055,0.423,284,0
SPY190712P295,2019-07-11,2019-07-11 09:35:46,0.06,0.4615,3831,0.05,0.3846,9685,0.06,0.4615,4,0.055,0.423,284,0
SPY190712P295,2019-07-11,2019-07-11 09:35:47,0.06,0.4615,2619,0.05,0.3846,6409,0.06,0.4615,4,0.055,0.423,284,0
SPY190712P295,2019-07-11,2019-07-11 09:35:47,0.06,0.4615,2619,0.05,0.3846,8161,0.06,0.4615,4,0.055,0.423,284,0
SPY190712P295,2019-07-11,2019-07-11 09:35:48,0.06,0.4615,2619,0.05,0.3846,8146,0.06,0.4615,4,0.055,0.423,284,0
SPY190712P295,2019-07-11,2019-07-11 09:35:48,0.06,0.4615,2186,0.05,0.3846,7646,0.06,0.4615,4,0.055,0.423,284,0
SPY190712P295,2019-07-11,2019-07-11 09:35:49,0.06,0.4615,2153,0.05,0.3846,7571,0.06,0.4615,4,0.055,0.423,284,0
SPY190712P295,2019-07-11,2019-07-11 09:35:50,0.06,0.4615,2708,0.05,0.3846,7673,0.06,0.4615,4,0.055,0.423,284,0
SPY190712P295,2019-07-11,2019-07-11 09:35:50,0.06,0.4615,2708,0.05,0.3846,8438,0.06,0.4615,4,0.055,0.423,284,0
SPY190712P295,2019-07-11,2019-07-11 09:35:51,0.06,0.4615,2864,0.05,0.3846,8438,0.06,0.4615,4,0.055,0.423,284,0
SPY190712P295,2019-07-11,2019-07-11 09:35:52,0.06,0.4615,2636,0.05,0.3846,8044,0.06,0.4615,4,0.055,0.423,284,0
SPY190712P295,2019-07-11,2019-07-11 09:35:52,0.06,0.4615,2864,0.05,0.3846,8438,0.06,0.4615,4,0.055,0.423,284,0
SPY190712P295,2019-07-11,2019-07-11 09:35:53,0.06,0.4615,3830,0.05,0.3846,9612,0.06,0.4615,4,0.055,0.423,284,0
SPY190712P295,2019-07-11,2019-07-11 09:35:54,0.06,0.4615,2825,0.05,0.3846,4654,0.06,0.4615,4,0.055,0.423,284,0
SPY190712P295,2019-07-11,2019-07-11 09:35:54,0.06,0.4615,4508,0.05,0.3846,6569,0.06,0.4615,4,0.055,0.423,284,0
SPY190712P295,2019-07-11,2019-07-11 09:35:55,0.06,0.4615,4455,0.05,0.3846,6250,0.06,0.4615,4,0.055,0.423,284,0
SPY190712P295,2019-07-11,2019-07-11 09:35:56,0.06,0.4615,4455,0.05,0.3846,6505,0.06,0.4615,4,0.055,0.423,284,0
SPY190712P295,2019-07-11,2019-07-11 09:35:57,0.06,0.4615,4455,0.05,0.3846,6250,0.06,0.4615,4,0.055,0.423,284,0
SPY190712P295,2019-07-11,2019-07-11 09:35:57,0.06,0.4615,4455,0.05,0.3846,6190,0.06,0.4615,4,0.055,0.423,284,0
SPY190712P295,2019-07-11,2019-07-11 09:35:58,0.06,0.4615,4455,0.05,0.3846,6190,0.06,0.4615,4,0.055,0.423,284,0
SPY190712P295,2019-07-11,2019-07-11 09:35:59,0.06,0.4615,4455,0.05,0.3846,6190,0.06,0.4615,4,0.055,0.423,284,0
SPY190712P295,2019-07-11,2019-07-11 09:36:00,0.06,0.4615,4465,0.05,0.3846,7694,0.06,0.4615,4,0.055,0.423,284,0
SPY190712P295,2019-07-11,2019-07-11 09:36:00,0.06,0.4615,5730,0.05,0.3846,7683,0.06,0.4615,4,0.055,0.423,284,0
SPY190712P295,2019-07-11,2019-07-11 09:36:01,0.06,0.4615,5730,0.05,0.3846,7683,0.06,0.4615,4,0.055,0.423,284,0
SPY190712P295,2019-07-11,2019-07-11 09:36:02,0.06,0.4615,6382,0.05,0.3846,7684,0.06,0.4615,4,0.055,0.423,284,0
SPY190712P295,2019-07-11,2019-07-11 09:36:02,0.06,0.4615,6231,0.05,0.3846,7991,0.06,0.4615,4,0.055,0.423,284,0
SPY190712P295,2019-07-11,2019-07-11 09:36:03,0.06,0.4615,6382,0.05,0.3846,7684,0.06,0.4615,4,0.055,0.423,284,0
SPY190712P295,2019-07-11,2019-07-11 09:36:04,0.06,0.4615,6382,0.05,0.3846,7990,0.06,0.4615,4,0.055,0.423,284,0
SPY190712P295,2019-07-11,2019-07-11 09:36:04,0.06,0.4615,6382,0.05,0.3846,7684,0.06,0.4615,4,0.055,0.423,284,0
SPY190712P295,2019-07-11,2019-07-11 09:36:05,0.06,0.4615,4451,0.05,0.3846,8073,0.06,0.4615,4,0.055,0.423,284,0
SPY190712P295,2019-07-11,2019-07-11 09:36:06,0.06,0.4615,2257,0.05,0.3846,6066,0.06,0.4615,4,0.055,0.423,284,0
SPY190712P295,2019-07-11,2019-07-11 09:36:06,0.06,0.4615,3031,0.05,0.3846,8073,0.06,0.4615,4,0.055,0.423,284,0
SPY190712P295,2019-07-11,2019-07-11 09:36:07,0.06,0.4615,2403,0.05,0.3846,6066,0.06,0.4615,4,0.055,0.423,284,0
SPY190712P295,2019-07-11,2019-07-11 09:36:08,0.06,0.4615,3013,0.05,0.3846,6066,0.06,0.4615,4,0.055,0.423,284,0
SPY190712P295,2019-07-11,2019-07-11 09:36:08,0.06,0.4615,3013,0.05,0.3846,6566,0.06,0.4615,4,0.055,0.423,284,0
SPY190712P295,2019-07-11,2019-07-11 09:36:09,0.06,0.4615,3199,0.05,0.3846,6566,0.06,0.4615,4,0.055,0.423,284,0
SPY190712P295,2019-07-11,2019-07-11 09:36:09,0.06,0.4615,3013,0.05,0.3846,6566,0.06,0.4615,4,0.055,0.423,284,0
SPY190712P295,2019-07-11,2019-07-11 09:36:10,0.06,0.4615,4478,0.05,0.3846,6566,0.06,0.4615,4,0.055,0.423,284,0
SPY190712P295,2019-07-11,2019-07-11 09:36:11,0.06,0.4615,4085,0.05,0.3846,3232,0.06,0.4615,4,0.055,0.423,284,0
SPY190712P295,2019-07-11,2019-07-11 09:36:11,0.06,0.4615,4644,0.05,0.3846,5140,0.06,0.4615,4,0.055,0.423,284,0
SPY190712P295,2019-07-11,2019-07-11 09:36:12,0.06,0.4615,5722,0.05,0.3846,5645,0.06,0.4615,4,0.055,0.423,284,0
SPY190712P295,2019-07-11,2019-07-11 09:36:12,0.06,0.4615,4807,0.05,0.3846,4225,0.06,0.4615,4,0.055,0.423,284,0
SPY190712P295,2019-07-11,2019-07-11 09:36:13,0.06,0.4615,4999,0.05,0.3846,3920,0.06,0.4615,4,0.055,0.423,284,0
SPY190712P295,2019-07-11,2019-07-11 09:36:14,0.06,0.4615,6421,0.05,0.3846,3920,0.06,0.4615,4,0.055,0.423,284,0
SPY190712P295,2019-07-11,2019-07-11 09:36:15,0.06,0.4615,7796,0.05,0.3846,4019,0.06,0.4615,4,0.055,0.423,284,0
SPY190712P295,2019-07-11,2019-07-11 09:36:16,0.06,0.4615,7796,0.05,0.3846,5248,0.06,0.4615,4,0.055,0.423,284,0
SPY190712P295,2019-07-11,2019-07-11 09:36:17,0.06,0.4615,7796,0.05,0.3846,3920,0.06,0.4615,4,0.055,0.423,284,0
SPY190712P295,2019-07-11,2019-07-11 09:36:18,0.06,0.4615,6240,0.05,0.3846,6062,0.06,0.4615,4,0.055,0.423,284,0
SPY190712P295,2019-07-11,2019-07-11 09:36:18,0.06,0.4615,7796,0.05,0.3846,6963,0.06,0.4615,4,0.055,0.423,284,0
SPY190712P295,2019-07-11,2019-07-11 09:36:19,0.06,0.4615,7796,0.05,0.3846,7677,0.06,0.4615,4,0.055,0.423,284,0
SPY190712P295,2019-07-11,2019-07-11 09:36:19,0.06,0.4615,7796,0.05,0.3846,5355,0.06,0.4615,4,0.055,0.423,284,0
SPY190712P295,2019-07-11,2019-07-11 09:36:20,0.06,0.4615,7796,0.05,0.3846,7677,0.06,0.4615,4,0.055,0.423,284,0
SPY190712P295,2019-07-11,2019-07-11 09:36:20,0.06,0.4615,7796,0.05,0.3846,5583,0.06,0.4615,4,0.055,0.423,284,0
SPY190712P295,2019-07-11,2019-07-11 09:36:21,0.06,0.4615,7796,0.05,0.3846,5583,0.06,0.4615,4,0.055,0.423,284,0
SPY190712P295,2019-07-11,2019-07-11 09:36:22,0.06,0.4615,7796,0.05,0.3846,5583,0.06,0.4615,4,0.055,0.423,284,0
SPY190712P295,2019-07-11,2019-07-11 09:36:23,0.06,0.4615,7796,0.05,0.3846,5583,0.06,0.4615,4,0.055,0.423,284,0
SPY190712P295,2019-07-11,2019-07-11 09:36:24,0.06,0.4615,7861,0.05,0.3846,5604,0.06,0.4615,4,0.055,0.423,284,0
SPY190712P295,2019-07-11,2019-07-11 09:36:24,0.06,0.4615,5874,0.05,0.3846,4249,0.06,0.4615,4,0.055,0.423,284,0
SPY190712P295,2019-07-11,2019-07-11 09:36:25,0.06,0.4615,7861,0.05,0.3846,5604,0.06,0.4615,4,0.055,0.423,284,0
SPY190712P295,2019-07-11,2019-07-11 09:36:25,0.06,0.4615,7860,0.05,0.3846,5560,0.06,0.4615,4,0.055,0.423,284,0
SPY190712P295,2019-07-11,2019-07-11 09:36:26,0.06,0.4615,7860,0.05,0.3846,5560,0.06,0.4615,4,0.055,0.423,284,0
SPY190712P295,2019-07-11,2019-07-11 09:36:28,0.06,0.4615,7842,0.05,0.3846,5560,0.06,0.4615,4,0.055,0.423,284,0
SPY190712P295,2019-07-11,2019-07-11 09:36:29,0.06,0.4615,6862,0.05,0.3846,4473,0.06,0.4615,4,0.055,0.423,284,0
SPY190712P295,2019-07-11,2019-07-11 09:36:29,0.06,0.4615,7877,0.05,0.3846,5450,0.06,0.4615,4,0.055,0.423,284,0
SPY190712P295,2019-07-11,2019-07-11 09:36:30,0.06,0.4615,7877,0.05,0.3846,5450,0.06,0.4615,4,0.055,0.423,284,0
SPY190712P295,2019-07-11,2019-07-11 09:36:31,0.06,0.4615,6871,0.05,0.3846,4340,0.06,0.4615,4,0.055,0.423,284,0
SPY190712P295,2019-07-11,2019-07-11 09:36:31,0.06,0.4615,7877,0.05,0.3846,5329,0.06,0.4615,4,0.055,0.423,284,0
SPY190712P295,2019-07-11,2019-07-11 09:36:32,0.06,0.4615,7938,0.05,0.3846,5391,0.06,0.4615,4,0.055,0.423,284,0
SPY190712P295,2019-07-11,2019-07-11 09:36:32,0.06,0.4615,7938,0.05,0.3846,5514,0.06,0.4615,4,0.055,0.423,284,0
SPY190712P295,2019-07-11,2019-07-11 09:36:33,0.06,0.4615,7938,0.05,0.3846,5524,0.06,0.4615,4,0.055,0.423,284,0
SPY190712P295,2019-07-11,2019-07-11 09:36:34,0.06,0.4615,7938,0.05,0.3846,5524,0.06,0.4615,4,0.055,0.423,284,0
SPY190712P295,2019-07-11,2019-07-11 09:36:35,0.06,0.4615,7938,0.05,0.3846,5524,0.06,0.4615,4,0.055,0.423,284,0
SPY190712P295,2019-07-11,2019-07-11 09:36:35,0.06,0.4615,6448,0.05,0.3846,4175,0.06,0.4615,4,0.055,0.423,284,0
SPY190712P295,2019-07-11,2019-07-11 09:36:36,0.06,0.4615,7938,0.05,0.3846,5524,0.06,0.4615,4,0.055,0.423,284,0
SPY190712P295,2019-07-11,2019-07-11 09:36:37,0.06,0.4615,7938,0.05,0.3846,5524,0.06,0.4615,4,0.055,0.423,284,0
SPY190712P295,2019-07-11,2019-07-11 09:36:38,0.06,0.4615,7672,0.05,0.3846,5522,0.06,0.4615,4,0.055,0.423,284,0
SPY190712P295,2019-07-11,2019-07-11 09:36:38,0.06,0.4615,7179,0.05,0.3846,5524,0.06,0.4615,4,0.055,0.423,284,0
SPY190712P295,2019-07-11,2019-07-11 09:36:39,0.06,0.4615,5736,0.05,0.3846,3780,0.06,0.4615,4,0.055,0.423,284,0
SPY190712P295,2019-07-11,2019-07-11 09:36:40,0.06,0.4615,6236,0.05,0.3846,3780,0.06,0.4615,4,0.055,0.423,284,0
SPY190712P295,2019-07-11,2019-07-11 09:36:41,0.06,0.4615,6236,0.05,0.3846,3883,0.06,0.4615,4,0.055,0.423,284,0
SPY190712P295,2019-07-11,2019-07-11 09:36:42,0.06,0.4615,7717,0.05,0.3846,5189,0.06,0.4615,4,0.055,0.423,284,0
SPY190712P295,2019-07-11,2019-07-11 09:36:43,0.06,0.4615,7717,0.05,0.3846,5144,0.06,0.4615,4,0.055,0.423,284,0
SPY190712P295,2019-07-11,2019-07-11 09:36:44,0.06,0.4615,7717,0.05,0.3846,5202,0.06,0.4615,4,0.055,0.423,284,0
SPY190712P295,2019-07-11,2019-07-11 09:36:44,0.06,0.4615,7717,0.05,0.3846,5144,0.06,0.4615,4,0.055,0.423,284,0
SPY190712P295,2019-07-11,2019-07-11 09:36:45,0.06,0.4615,7704,0.05,0.3846,5122,0.06,0.4615,4,0.055,0.423,284,0
SPY190712P295,2019-07-11,2019-07-11 09:36:45,0.06,0.4615,7717,0.05,0.3846,5144,0.06,0.4615,4,0.055,0.423,284,0
SPY190712P295,2019-07-11,2019-07-11 09:36:46,0.06,0.4615,7611,0.05,0.3846,5122,0.06,0.4615,4,0.055,0.423,284,0
SPY190712P295,2019-07-11,2019-07-11 09:36:47,0.06,0.4615,6236,0.05,0.3846,3896,0.06,0.4615,4,0.055,0.423,284,0
SPY190712P295,2019-07-11,2019-07-11 09:36:47,0.06,0.4615,6387,0.05,0.3846,3896,0.06,0.4615,4,0.055,0.423,284,0
SPY190712P295,2019-07-11,2019-07-11 09:36:48,0.06,0.4615,7725,0.05,0.3846,5132,0.06,0.4615,4,0.055,0.423,284,0
SPY190712P295,2019-07-11,2019-07-11 09:36:48,0.06,0.4615,7725,0.05,0.3846,5185,0.06,0.4615,4,0.055,0.423,284,0
SPY190712P295,2019-07-11,2019-07-11 09:36:49,0.06,0.4615,4601,0.05,0.3846,2988,0.06,0.4615,4,0.055,0.423,284,0
SPY190712P295,2019-07-11,2019-07-11 09:36:49,0.06,0.4615,7725,0.05,0.3846,5185,0.06,0.4615,4,0.055,0.423,284,0
SPY190712P295,2019-07-11,2019-07-11 09:36:50,0.06,0.4615,4513,0.05,0.3846,4306,0.06,0.4615,4,0.055,0.423,284,0
SPY190712P295,2019-07-11,2019-07-11 09:36:51,0.06,0.4615,4212,0.05,0.3846,1874,0.06,0.4615,4,0.055,0.423,284,0
SPY190712P295,2019-07-11,2019-07-11 09:36:51,0.06,0.4615,3252,0.05,0.3846,1874,0.06,0.4615,4,0.055,0.423,284,0
SPY190712P295,2019-07-11,2019-07-11 09:36:52,0.06,0.4615,4051,0.05,0.3846,1847,0.06,0.4615,4,0.055,0.423,284,0
SPY190712P295,2019-07-11,2019-07-11 09:36:52,0.06,0.4615,4212,0.05,0.3846,1847,0.06,0.4615,4,0.055,0.423,284,0
SPY190712P295,2019-07-11,2019-07-11 09:36:53,0.06,0.4615,4217,0.05,0.3846,1847,0.06,0.4615,4,0.055,0.423,284,0
SPY190712P295,2019-07-11,2019-07-11 09:36:54,0.06,0.4615,4842,0.05,0.3846,1847,0.06,0.4615,4,0.055,0.423,284,0
SPY190712P295,2019-07-11,2019-07-11 09:36:54,0.06,0.4615,5059,0.05,0.3846,1847,0.06,0.4615,4,0.055,0.423,284,0
SPY190712P295,2019-07-11,2019-07-11 09:36:55,0.06,0.4615,4432,0.05,0.3846,2180,0.06,0.4615,4,0.055,0.423,284,0
SPY190712P295,2019-07-11,2019-07-11 09:36:55,0.06,0.4615,4432,0.05,0.3846,2903,0.06,0.4615,4,0.055,0.423,284,0
SPY190712P295,2019-07-11,2019-07-11 09:36:56,0.06,0.4615,5297,0.05,0.3846,3142,0.06,0.4615,4,0.055,0.423,284,0
SPY190712P295,2019-07-11,2019-07-11 09:36:57,0.06,0.4615,4739,0.05,0.3846,3279,0.06,0.4615,4,0.055,0.423,284,0
SPY190712P295,2019-07-11,2019-07-11 09:36:57,0.06,0.4615,3848,0.05,0.3846,3279,0.06,0.4615,4,0.055,0.423,284,0
SPY190712P295,2019-07-11,2019-07-11 09:36:58,0.06,0.4615,6371,0.05,0.3846,5588,0.06,0.4615,4,0.055,0.423,284,0
SPY190712P295,2019-07-11,2019-07-11 09:36:59,0.06,0.4615,6410,0.05,0.3846,5707,0.06,0.4615,4,0.055,0.423,284,0
SPY190712P295,2019-07-11,2019-07-11 09:37:01,0.06,0.4615,6410,0.05,0.3846,5707,0.06,0.4615,4,0.055,0.423,284,0
SPY190712P295,2019-07-11,2019-07-11 09:37:02,0.06,0.4615,6410,0.05,0.3846,5707,0.06,0.4615,4,0.055,0.423,284,0
SPY190712P295,2019-07-11,2019-07-11 09:37:03,0.06,0.4615,6410,0.05,0.3846,5860,0.06,0.4615,4,0.055,0.423,284,0
SPY190712P295,2019-07-11,2019-07-11 09:37:03,0.06,0.4615,6410,0.05,0.3846,5707,0.06,0.4615,4,0.055,0.423,284,0
SPY190712P295,2019-07-11,2019-07-11 09:37:04,0.06,0.4615,6410,0.05,0.3846,5860,0.06,0.4615,4,0.055,0.423,284,0
SPY190712P295,2019-07-11,2019-07-11 09:37:05,0.06,0.4615,6410,0.05,0.3846,5860,0.06,0.4615,4,0.055,0.423,284,0
SPY190712P295,2019-07-11,2019-07-11 09:37:06,0.06,0.4615,4659,0.05,0.3846,4348,0.06,0.4615,4,0.055,0.423,284,0
SPY190712P295,2019-07-11,2019-07-11 09:37:06,0.06,0.4615,7120,0.05,0.3846,8360,0.06,0.4615,4,0.055,0.423,284,0
SPY190712P295,2019-07-11,2019-07-11 09:37:07,0.06,0.4615,7272,0.05,0.3846,6493,0.06,0.4615,4,0.055,0.423,284,0
SPY190712P295,2019-07-11,2019-07-11 09:37:07,0.06,0.4615,7120,0.05,0.3846,8360,0.06,0.4615,4,0.055,0.423,284,0
SPY190712P295,2019-07-11,2019-07-11 09:37:08,0.06,0.4615,5255,0.05,0.3846,7084,0.06,0.4615,4,0.055,0.423,284,0
SPY190712P295,2019-07-11,2019-07-11 09:37:09,0.06,0.4615,5255,0.05,0.3846,7084,0.06,0.4615,4,0.055,0.423,284,0
SPY190712P295,2019-07-11,2019-07-11 09:37:10,0.06,0.4615,5255,0.05,0.3846,6584,0.06,0.4615,4,0.055,0.423,284,0
SPY190712P295,2019-07-11,2019-07-11 09:37:11,0.06,0.4615,5255,0.05,0.3846,4560,0.06,0.4615,4,0.055,0.423,284,0
SPY190712P295,2019-07-11,2019-07-11 09:37:12,0.06,0.4615,5790,0.05,0.3846,6732,0.06,0.4615,4,0.055,0.423,284,0
SPY190712P295,2019-07-11,2019-07-11 09:37:12,0.06,0.4615,6256,0.05,0.3846,7825,0.06,0.4615,4,0.055,0.423,284,0
SPY190712P295,2019-07-11,2019-07-11 09:37:13,0.06,0.4615,7948,0.05,0.3846,7804,0.06,0.4615,4,0.055,0.423,284,0
SPY190712P295,2019-07-11,2019-07-11 09:37:13,0.06,0.4615,7101,0.05,0.3846,8442,0.06,0.4615,4,0.055,0.423,284,0
SPY190712P295,2019-07-11,2019-07-11 09:37:14,0.06,0.4615,7223,0.05,0.3846,6363,0.06,0.4615,4,0.055,0.423,284,0
SPY190712P295,2019-07-11,2019-07-11 09:37:15,0.06,0.4615,7579,0.05,0.3846,5861,0.06,0.4615,4,0.055,0.423,284,0
SPY190712P295,2019-07-11,2019-07-11 09:37:15,0.06,0.4615,6206,0.05,0.3846,5881,0.06,0.4615,4,0.055,0.423,284,0
SPY190712P295,2019-07-11,2019-07-11 09:37:16,0.06,0.4615,6206,0.05,0.3846,7960,0.06,0.4615,4,0.055,0.423,284,0
SPY190712P295,2019-07-11,2019-07-11 09:37:17,0.06,0.4615,7944,0.05,0.3846,5845,0.06,0.4615,4,0.055,0.423,284,0
SPY190712P295,2019-07-11,2019-07-11 09:37:17,0.06,0.4615,7057,0.05,0.3846,5915,0.06,0.4615,4,0.055,0.423,284,0
SPY190712P295,2019-07-11,2019-07-11 09:37:18,0.06,0.4615,7974,0.05,0.3846,5622,0.06,0.4615,4,0.055,0.423,284,0
SPY190712P295,2019-07-11,2019-07-11 09:37:18,0.06,0.4615,7718,0.05,0.3846,5711,0.06,0.4615,4,0.055,0.423,284,0
SPY190712P295,2019-07-11,2019-07-11 09:37:19,0.06,0.4615,7974,0.05,0.3846,5622,0.06,0.4615,4,0.055,0.423,284,0
SPY190712P295,2019-07-11,2019-07-11 09:37:19,0.06,0.4615,6805,0.05,0.3846,4327,0.06,0.4615,4,0.055,0.423,284,0
SPY190712P295,2019-07-11,2019-07-11 09:37:20,0.06,0.4615,7950,0.05,0.3846,5614,0.06,0.4615,4,0.055,0.423,284,0
SPY190712P295,2019-07-11,2019-07-11 09:37:21,0.06,0.4615,7950,0.05,0.3846,5614,0.06,0.4615,4,0.055,0.423,284,0
SPY190712P295,2019-07-11,2019-07-11 09:37:21,0.06,0.4615,6422,0.05,0.3846,3231,0.06,0.4615,4,0.055,0.423,284,0
SPY190712P295,2019-07-11,2019-07-11 09:37:22,0.06,0.4615,6625,0.05,0.3846,3231,0.06,0.4615,4,0.055,0.423,284,0
SPY190712P295,2019-07-11,2019-07-11 09:37:23,0.06,0.4615,6625,0.05,0.3846,3311,0.06,0.4615,4,0.055,0.423,284,0
SPY190712P295,2019-07-11,2019-07-11 09:37:23,0.06,0.4615,5583,0.05,0.3846,2252,0.06,0.4615,4,0.055,0.423,284,0
SPY190712P295,2019-07-11,2019-07-11 09:37:24,0.06,0.4615,7630,0.05,0.3846,2170,0.06,0.4615,4,0.055,0.423,284,0
SPY190712P295,2019-07-11,2019-07-11 09:37:25,0.06,0.4615,7084,0.05,0.3846,3064,0.06,0.4615,4,0.055,0.423,284,0
SPY190712P295,2019-07-11,2019-07-11 09:37:26,0.06,0.4615,7084,0.05,0.3846,3064,0.06,0.4615,4,0.055,0.423,284,0
SPY190712P295,2019-07-11,2019-07-11 09:37:27,0.06,0.4615,7084,0.05,0.3846,3271,0.06,0.4615,4,0.055,0.423,284,0
SPY190712P295,2019-07-11,2019-07-11 09:37:28,0.06,0.4615,7084,0.05,0.3846,3271,0.06,0.4615,4,0.055,0.423,284,0
SPY190712P295,2019-07-11,2019-07-11 09:37:29,0.06,0.4615,8655,0.05,0.3846,4431,0.06,0.4615,4,0.055,0.423,284,0
SPY190712P295,2019-07-11,2019-07-11 09:37:29,0.06,0.4615,7084,0.05,0.3846,3271,0.06,0.4615,4,0.055,0.423,284,0
SPY190712P295,2019-07-11,2019-07-11 09:37:30,0.06,0.4615,8655,0.05,0.3846,4431,0.06,0.4615,4,0.055,0.423,284,0
SPY190712P295,2019-07-11,2019-07-11 09:37:31,0.06,0.4615,8655,0.05,0.3846,4431,0.06,0.4615,4,0.055,0.423,284,0
SPY190712P295,2019-07-11,2019-07-11 09:37:32,0.06,0.4615,8655,0.05,0.3846,5270,0.06,0.4615,4,0.055,0.423,284,0
SPY190712P295,2019-07-11,2019-07-11 09:37:33,0.06,0.4615,8655,0.05,0.3846,4520,0.06,0.4615,4,0.055,0.423,284,0
SPY190712P295,2019-07-11,2019-07-11 09:37:34,0.06,0.4615,8655,0.05,0.3846,4509,0.06,0.4615,4,0.055,0.423,284,0
SPY190712P295,2019-07-11,2019-07-11 09:37:36,0.06,0.4615,8279,0.05,0.3846,3419,0.06,0.4615,4,0.055,0.423,284,0
SPY190712P295,2019-07-11,2019-07-11 09:37:37,0.06,0.4615,8712,0.05,0.3846,3344,0.06,0.4615,4,0.055,0.423,284,0
SPY190712P295,2019-07-11,2019-07-11 09:37:38,0.06,0.4615,8712,0.05,0.3846,3344,0.06,0.4615,4,0.055,0.423,284,0
SPY190712P295,2019-07-11,2019-07-11 09:37:39,0.06,0.4615,8267,0.05,0.3846,4277,0.06,0.4615,4,0.055,0.423,284,0
SPY190712P295,2019-07-11,2019-07-11 09:37:40,0.06,0.4615,8642,0.05,0.3846,4390,0.06,0.4615,4,0.055,0.423,284,0
SPY190712P295,2019-07-11,2019-07-11 09:37:41,0.06,0.4615,7087,0.05,0.3846,1621,0.06,0.4615,4,0.055,0.423,284,0
SPY190712P295,2019-07-11,2019-07-11 09:37:42,0.06,0.4615,8659,0.05,0.3846,2913,0.06,0.4615,4,0.055,0.423,284,0
SPY190712P295,2019-07-11,2019-07-11 09:37:43,0.06,0.4615,8659,0.05,0.3846,2913,0.06,0.4615,4,0.055,0.423,284,0
SPY190712P295,2019-07-11,2019-07-11 09:37:44,0.06,0.4615,8659,0.05,0.3846,2913,0.06,0.4615,4,0.055,0.423,284,0
SPY190712P295,2019-07-11,2019-07-11 09:37:45,0.06,0.4615,6587,0.05,0.3846,1969,0.06,0.4615,4,0.055,0.423,284,0
SPY190712P295,2019-07-11,2019-07-11 09:37:46,0.06,0.4615,8659,0.05,0.3846,4762,0.06,0.4615,4,0.055,0.423,284,0
SPY190712P295,2019-07-11,2019-07-11 09:37:47,0.06,0.4615,8659,0.05,0.3846,4645,0.06,0.4615,4,0.055,0.423,284,0
SPY190712P295,2019-07-11,2019-07-11 09:37:48,0.06,0.4615,8659,0.05,0.3846,4417,0.06,0.4615,4,0.055,0.423,284,0
SPY190712P295,2019-07-11,2019-07-11 09:37:49,0.06,0.4615,8284,0.05,0.3846,4307,0.06,0.4615,4,0.055,0.423,284,0
SPY190712P295,2019-07-11,2019-07-11 09:37:50,0.06,0.4615,8284,0.05,0.3846,4307,0.06,0.4615,4,0.055,0.423,284,0
SPY190712P295,2019-07-11,2019-07-11 09:37:50,0.06,0.4615,6712,0.05,0.3846,3018,0.06,0.4615,4,0.055,0.423,284,0
SPY190712P295,2019-07-11,2019-07-11 09:37:51,0.06,0.4615,9077,0.05,0.3846,4145,0.06,0.4615,4,0.055,0.423,284,0
SPY190712P295,2019-07-11,2019-07-11 09:37:52,0.06,0.4615,9077,0.05,0.3846,4267,0.06,0.4615,4,0.055,0.423,284,0
SPY190712P295,2019-07-11,2019-07-11 09:37:53,0.06,0.4615,9067,0.05,0.3846,2240,0.06,0.4615,4,0.055,0.423,284,0
SPY190712P295,2019-07-11,2019-07-11 09:37:53,0.06,0.4615,9067,0.05,0.3846,3165,0.06,0.4615,4,0.055,0.423,284,0
SPY190712P295,2019-07-11,2019-07-11 09:37:54,0.06,0.4615,7517,0.05,0.3846,1888,0.06,0.4615,4,0.055,0.423,284,0
SPY190712P295,2019-07-11,2019-07-11 09:37:54,0.06,0.4615,9097,0.05,0.3846,2850,0.06,0.4615,4,0.055,0.423,284,0
SPY190712P295,2019-07-11,2019-07-11 09:37:55,0.06,0.4615,7517,0.05,0.3846,1721,0.06,0.4615,4,0.055,0.423,284,0
SPY190712P295,2019-07-11,2019-07-11 09:37:55,0.06,0.4615,7017,0.05,0.3846,1721,0.06,0.4615,4,0.055,0.423,284,0
SPY190712P295,2019-07-11,2019-07-11 09:37:56,0.06,0.4615,7519,0.05,0.3846,1801,0.06,0.4615,4,0.055,0.423,284,0
SPY190712P295,2019-07-11,2019-07-11 09:37:57,0.06,0.4615,8255,0.05,0.3846,5297,0.06,0.4615,4,0.055,0.423,284,0
SPY190712P295,2019-07-11,2019-07-11 09:37:57,0.06,0.4615,8238,0.05,0.3846,4658,0.06,0.4615,4,0.055,0.423,284,0
SPY190712P295,2019-07-11,2019-07-11 09:37:58,0.06,0.4615,8622,0.05,0.3846,5351,0.06,0.4615,4,0.055,0.423,284,0
SPY190712P295,2019-07-11,2019-07-11 09:37:58,0.06,0.4615,7701,0.05,0.3846,5490,0.06,0.4615,4,0.055,0.423,284,0
SPY190712P295,2019-07-11,2019-07-11 09:37:59,0.06,0.4615,7701,0.05,0.3846,5468,0.06,0.4615,4,0.055,0.423,284,0
SPY190712P295,2019-07-11,2019-07-11 09:38:00,0.06,0.4615,8343,0.05,0.3846,4382,0.06,0.4615,4,0.055,0.423,284,0
SPY190712P295,2019-07-11,2019-07-11 09:38:01,0.06,0.4615,8730,0.05,0.3846,4615,0.06,0.4615,4,0.055,0.423,284,0
SPY190712P295,2019-07-11,2019-07-11 09:38:01,0.06,0.4615,8343,0.05,0.3846,4476,0.06,0.4615,4,0.055,0.423,284,0
SPY190712P295,2019-07-11,2019-07-11 09:38:02,0.06,0.4615,8365,0.05,0.3846,4478,0.06,0.4615,4,0.055,0.423,284,0
SPY190712P295,2019-07-11,2019-07-11 09:38:03,0.06,0.4615,6299,0.05,0.3846,3144,0.06,0.4615,4,0.055,0.423,284,0
SPY190712P295,2019-07-11,2019-07-11 09:38:03,0.06,0.4615,6799,0.05,0.3846,3238,0.06,0.4615,4,0.055,0.423,284,0
SPY190712P295,2019-07-11,2019-07-11 09:38:04,0.06,0.4615,6799,0.05,0.3846,3144,0.06,0.4615,4,0.055,0.423,284,0
SPY190712P295,2019-07-11,2019-07-11 09:38:05,0.06,0.4615,6799,0.05,0.3846,3144,0.06,0.4615,4,0.055,0.423,284,0
SPY190712P295,2019-07-11,2019-07-11 09:38:05,0.06,0.4615,6799,0.05,0.3846,2234,0.06,0.4615,4,0.055,0.423,284,0
SPY190712P295,2019-07-11,2019-07-11 09:38:06,0.06,0.4615,6850,0.05,0.3846,1906,0.06,0.4615,4,0.055,0.423,284,0
SPY190712P295,2019-07-11,2019-07-11 09:38:07,0.06,0.4615,6850,0.05,0.3846,1906,0.06,0.4615,4,0.055,0.423,284,0
SPY190712P295,2019-07-11,2019-07-11 09:38:08,0.06,0.4615,7505,0.05,0.3846,1734,0.06,0.4615,4,0.055,0.423,284,0
SPY190712P295,2019-07-11,2019-07-11 09:38:09,0.06,0.4615,7411,0.05,0.3846,1487,0.06,0.4615,4,0.055,0.423,284,0
SPY190712P295,2019-07-11,2019-07-11 09:38:09,0.06,0.4615,7411,0.05,0.3846,1548,0.06,0.4615,4,0.055,0.423,284,0
SPY190712P295,2019-07-11,2019-07-11 09:38:10,0.06,0.4615,8982,0.05,0.3846,2606,0.06,0.4615,4,0.055,0.423,284,0
SPY190712P295,2019-07-11,2019-07-11 09:38:11,0.06,0.4615,8900,0.05,0.3846,1620,0.06,0.4615,4,0.055,0.423,284,0
SPY190712P295,2019-07-11,2019-07-11 09:38:12,0.06,0.4615,8277,0.05,0.3846,1025,0.06,0.4615,4,0.055,0.423,284,0
SPY190712P295,2019-07-11,2019-07-11 09:38:13,0.06,0.4615,10169,0.05,0.3846,10,0.06,0.4615,4,0.055,0.423,284,0
SPY190712P295,2019-07-11,2019-07-11 09:38:14,0.06,0.4615,10512,0.05,0.3846,10,0.06,0.4615,4,0.055,0.423,284,0
SPY190712P295,2019-07-11,2019-07-11 09:38:15,0.06,0.4615,8947,0.05,0.3846,10,0.06,0.4615,4,0.055,0.423,284,0
SPY190712P295,2019-07-11,2019-07-11 09:38:15,0.06,0.4615,6863,0.05,0.3846,10,0.06,0.4615,4,0.055,0.423,284,0
SPY190712P295,2019-07-11,2019-07-11 09:38:16,0.06,0.4615,8887,0.05,0.3846,122,0.04,0.3076,12,0.055,0.423,309,25
SPY190712P295,2019-07-11,2019-07-11 09:38:16,0.06,0.4615,8947,0.05,0.3846,10,0.06,0.4615,4,0.055,0.423,284,0
SPY190712P295,2019-07-11,2019-07-11 09:38:17,0.06,0.4615,8887,0.05,0.3846,122,0.04,0.3076,12,0.055,0.423,309,0
SPY190712P295,2019-07-11,2019-07-11 09:38:18,0.06,0.4615,8887,0.05,0.3846,122,0.04,0.3076,12,0.055,0.423,309,0
SPY190712P295,2019-07-11,2019-07-11 09:38:18,0.06,0.4615,9215,0.05,0.3846,122,0.04,0.3076,12,0.055,0.423,309,0
SPY190712P295,2019-07-11,2019-07-11 09:38:19,0.06,0.4615,9215,0.05,0.3846,122,0.04,0.3076,12,0.055,0.423,309,0
SPY190712P295,2019-07-11,2019-07-11 09:38:20,0.06,0.4615,7395,0.05,0.3846,10,0.04,0.3076,12,0.055,0.423,309,0
SPY190712P295,2019-07-11,2019-07-11 09:38:21,0.06,0.4615,8952,0.05,0.3846,122,0.04,0.3076,12,0.055,0.423,309,0
SPY190712P295,2019-07-11,2019-07-11 09:38:22,0.06,0.4615,9226,0.05,0.3846,122,0.04,0.3076,12,0.055,0.423,309,0
SPY190712P295,2019-07-11,2019-07-11 09:38:22,0.06,0.4615,10257,0.05,0.3846,122,0.04,0.3076,12,0.055,0.423,309,0
SPY190712P295,2019-07-11,2019-07-11 09:38:23,0.06,0.4615,10847,0.05,0.3846,122,0.04,0.3076,12,0.055,0.423,309,0
SPY190712P295,2019-07-11,2019-07-11 09:38:24,0.06,0.4615,10847,0.05,0.3846,122,0.04,0.3076,12,0.055,0.423,309,0
SPY190712P295,2019-07-11,2019-07-11 09:38:25,0.06,0.4615,10847,0.05,0.3846,122,0.04,0.3076,12,0.055,0.423,309,0
SPY190712P295,2019-07-11,2019-07-11 09:38:26,0.06,0.4615,9226,0.05,0.3846,122,0.04,0.3076,12,0.055,0.423,309,0
SPY190712P295,2019-07-11,2019-07-11 09:38:27,0.06,0.4615,9226,0.05,0.3846,122,0.04,0.3076,12,0.055,0.423,309,0
SPY190712P295,2019-07-11,2019-07-11 09:38:28,0.06,0.4615,10274,0.05,0.3846,122,0.04,0.3076,12,0.055,0.423,309,0
SPY190712P295,2019-07-11,2019-07-11 09:38:29,0.06,0.4615,10274,0.05,0.3846,122,0.04,0.3076,12,0.055,0.423,309,0
SPY190712P295,2019-07-11,2019-07-11 09:38:29,0.06,0.4615,10658,0.05,0.3846,122,0.04,0.3076,12,0.055,0.423,309,0
SPY190712P295,2019-07-11,2019-07-11 09:38:30,0.06,0.4615,10274,0.05,0.3846,122,0.04,0.3076,12,0.055,0.423,309,0
SPY190712P295,2019-07-11,2019-07-11 09:38:31,0.06,0.4615,8668,0.05,0.3846,122,0.04,0.3076,12,0.055,0.423,309,0
SPY190712P295,2019-07-11,2019-07-11 09:38:31,0.06,0.4615,8645,0.05,0.3846,122,0.04,0.3076,12,0.055,0.423,309,0
SPY190712P295,2019-07-11,2019-07-11 09:38:32,0.06,0.4615,8970,0.05,0.3846,122,0.04,0.3076,12,0.055,0.423,309,0
SPY190712P295,2019-07-11,2019-07-11 09:38:32,0.06,0.4615,7378,0.05,0.3846,122,0.04,0.3076,12,0.055,0.423,309,0
SPY190712P295,2019-07-11,2019-07-11 09:38:33,0.06,0.4615,8560,0.05,0.3846,122,0.04,0.3076,12,0.055,0.423,309,0
SPY190712P295,2019-07-11,2019-07-11 09:38:34,0.06,0.4615,10682,0.05,0.3846,122,0.04,0.3076,12,0.055,0.423,309,0
SPY190712P295,2019-07-11,2019-07-11 09:38:35,0.06,0.4615,10682,0.05,0.3846,122,0.04,0.3076,12,0.055,0.423,309,0
SPY190712P295,2019-07-11,2019-07-11 09:38:35,0.06,0.4615,10682,0.05,0.3846,122,0.05,0.3846,219,0.055,0.423,528,219
SPY190712P295,2019-07-11,2019-07-11 09:38:36,0.06,0.4615,10682,0.05,0.3846,122,0.05,0.3846,219,0.055,0.423,528,0
SPY190712P295,2019-07-11,2019-07-11 09:38:37,0.06,0.4615,10685,0.05,0.3846,122,0.05,0.3846,219,0.055,0.423,528,0
SPY190712P295,2019-07-11,2019-07-11 09:38:37,0.06,0.4615,10682,0.05,0.3846,122,0.05,0.3846,219,0.055,0.423,528,0
SPY190712P295,2019-07-11,2019-07-11 09:38:38,0.06,0.4615,10685,0.05,0.3846,122,0.05,0.3846,219,0.055,0.423,528,0
SPY190712P295,2019-07-11,2019-07-11 09:38:39,0.06,0.4615,9066,0.05,0.3846,122,0.05,0.3846,219,0.055,0.423,528,0
SPY190712P295,2019-07-11,2019-07-11 09:38:40,0.06,0.4615,10156,0.05,0.3846,122,0.05,0.3846,219,0.055,0.423,528,0
SPY190712P295,2019-07-11,2019-07-11 09:38:40,0.06,0.4615,10659,0.05,0.3846,122,0.05,0.3846,219,0.055,0.423,528,0
SPY190712P295,2019-07-11,2019-07-11 09:38:41,0.06,0.4615,10156,0.05,0.3846,122,0.05,0.3846,219,0.055,0.423,528,0
SPY190712P295,2019-07-11,2019-07-11 09:38:42,0.06,0.4615,10156,0.05,0.3846,122,0.05,0.3846,219,0.055,0.423,528,0
SPY190712P295,2019-07-11,2019-07-11 09:38:43,0.06,0.4615,8965,0.05,0.3846,122,0.05,0.3846,219,0.055,0.423,528,0
SPY190712P295,2019-07-11,2019-07-11 09:38:43,0.06,0.4615,8966,0.05,0.3846,122,0.05,0.3846,219,0.055,0.423,528,0
SPY190712P295,2019-07-11,2019-07-11 09:38:44,0.06,0.4615,8965,0.05,0.3846,122,0.05,0.3846,219,0.055,0.423,528,0
SPY190712P295,2019-07-11,2019-07-11 09:38:45,0.06,0.4615,8965,0.05,0.3846,122,0.05,0.3846,219,0.055,0.423,528,0
SPY190712P295,2019-07-11,2019-07-11 09:38:46,0.06,0.4615,8965,0.05,0.3846,122,0.05,0.3846,219,0.055,0.423,528,0
SPY190712P295,2019-07-11,2019-07-11 09:38:47,0.06,0.4615,8965,0.05,0.3846,122,0.05,0.3846,219,0.055,0.423,528,0
SPY190712P295,2019-07-11,2019-07-11 09:38:48,0.06,0.4615,8965,0.05,0.3846,122,0.05,0.3846,219,0.055,0.423,528,0
SPY190712P295,2019-07-11,2019-07-11 09:38:48,0.06,0.4615,8465,0.05,0.3846,122,0.05,0.3846,219,0.055,0.423,528,0
SPY190712P295,2019-07-11,2019-07-11 09:38:49,0.06,0.4615,8758,0.05,0.3846,122,0.05,0.3846,219,0.055,0.423,528,0
SPY190712P295,2019-07-11,2019-07-11 09:38:50,0.06,0.4615,8758,0.05,0.3846,122,0.05,0.3846,219,0.055,0.423,528,0
SPY190712P295,2019-07-11,2019-07-11 09:38:51,0.06,0.4615,8967,0.05,0.3846,122,0.05,0.3846,219,0.055,0.423,528,0
SPY190712P295,2019-07-11,2019-07-11 09:38:51,0.06,0.4615,8758,0.05,0.3846,122,0.05,0.3846,219,0.055,0.423,528,0
SPY190712P295,2019-07-11,2019-07-11 09:38:52,0.06,0.4615,8967,0.05,0.3846,160,0.05,0.3846,1,0.055,0.423,529,0
SPY190712P295,2019-07-11,2019-07-11 09:38:52,0.06,0.4615,8967,0.05,0.3846,122,0.05,0.3846,1,0.055,0.423,529,1
SPY190712P295,2019-07-11,2019-07-11 09:38:53,0.06,0.4615,10778,0.05,0.3846,122,0.05,0.3846,1,0.055,0.423,529,0
SPY190712P295,2019-07-11,2019-07-11 09:38:54,0.06,0.4615,10778,0.05,0.3846,10,0.05,0.3846,1,0.055,0.423,529,0
SPY190712P295,2019-07-11,2019-07-11 09:38:55,0.06,0.4615,10778,0.05,0.3846,122,0.05,0.3846,1,0.055,0.423,529,0
SPY190712P295,2019-07-11,2019-07-11 09:38:55,0.06,0.4615,9160,0.05,0.3846,140,0.05,0.3846,1,0.055,0.423,529,0
SPY190712P295,2019-07-11,2019-07-11 09:38:56,0.06,0.4615,7377,0.05,0.3846,122,0.05,0.3846,1,0.055,0.423,529,0
SPY190712P295,2019-07-11,2019-07-11 09:38:57,0.06,0.4615,8968,0.05,0.3846,122,0.05,0.3846,1,0.055,0.423,529,0
SPY190712P295,2019-07-11,2019-07-11 09:38:57,0.06,0.4615,9043,0.05,0.3846,122,0.05,0.3846,1,0.055,0.423,529,0
SPY190712P295,2019-07-11,2019-07-11 09:38:58,0.06,0.4615,8279,0.05,0.3846,122,0.05,0.3846,1,0.055,0.423,529,0
SPY190712P295,2019-07-11,2019-07-11 09:38:58,0.06,0.4615,8786,0.05,0.3846,122,0.05,0.3846,1,0.055,0.423,529,0
SPY190712P295,2019-07-11,2019-07-11 09:38:59,0.06,0.4615,8883,0.05,0.3846,122,0.05,0.3846,1,0.055,0.423,529,0
SPY190712P295,2019-07-11,2019-07-11 09:38:59,0.06,0.4615,8702,0.05,0.3846,122,0.05,0.3846,1,0.055,0.423,529,0
SPY190712P295,2019-07-11,2019-07-11 09:39:00,0.06,0.4615,7856,0.05,0.3846,326,0.05,0.3846,1,0.055,0.423,529,0
SPY190712P295,2019-07-11,2019-07-11 09:39:01,0.06,0.4615,8936,0.05,0.3846,842,0.05,0.3846,1,0.055,0.423,529,0
SPY190712P295,2019-07-11,2019-07-11 09:39:01,0.06,0.4615,9166,0.05,0.3846,4394,0.05,0.3846,1,0.055,0.423,529,0
SPY190712P295,2019-07-11,2019-07-11 09:39:02,0.06,0.4615,9170,0.05,0.3846,4293,0.05,0.3846,1,0.055,0.423,529,0
SPY190712P295,2019-07-11,2019-07-11 09:39:02,0.06,0.4615,9170,0.05,0.3846,4339,0.05,0.3846,1,0.055,0.423,529,0
SPY190712P295,2019-07-11,2019-07-11 09:39:03,0.06,0.4615,9170,0.05,0.3846,4339,0.05,0.3846,1,0.055,0.423,529,0
SPY190712P295,2019-07-11,2019-07-11 09:39:04,0.06,0.4615,9165,0.05,0.3846,2180,0.05,0.3846,1,0.055,0.423,529,0
SPY190712P295,2019-07-11,2019-07-11 09:39:04,0.06,0.4615,9170,0.05,0.3846,3447,0.05,0.3846,1,0.055,0.423,529,0
SPY190712P295,2019-07-11,2019-07-11 09:39:05,0.06,0.4615,9247,0.05,0.3846,1262,0.05,0.3846,1,0.055,0.423,529,0
SPY190712P295,2019-07-11,2019-07-11 09:39:06,0.06,0.4615,7024,0.05,0.3846,910,0.05,0.3846,1,0.055,0.423,529,0
SPY190712P295,2019-07-11,2019-07-11 09:39:06,0.06,0.4615,7313,0.05,0.3846,910,0.05,0.3846,1,0.055,0.423,529,0
SPY190712P295,2019-07-11,2019-07-11 09:39:07,0.06,0.4615,5848,0.05,0.3846,1262,0.05,0.3846,1,0.055,0.423,529,0
SPY190712P295,2019-07-11,2019-07-11 09:39:07,0.06,0.4615,7993,0.05,0.3846,2103,0.05,0.3846,1,0.055,0.423,529,0
SPY190712P295,2019-07-11,2019-07-11 09:39:08,0.06,0.4615,7232,0.05,0.3846,2103,0.05,0.3846,1,0.055,0.423,530,1
SPY190712P295,2019-07-11,2019-07-11 09:39:08,0.06,0.4615,7251,0.05,0.3846,1262,0.05,0.3846,1,0.055,0.423,529,0
SPY190712P295,2019-07-11,2019-07-11 09:39:09,0.06,0.4615,6897,0.05,0.3846,2103,0.05,0.3846,1,0.055,0.423,530,0
SPY190712P295,2019-07-11,2019-07-11 09:39:10,0.06,0.4615,7350,0.05,0.3846,2103,0.05,0.3846,1,0.055,0.423,530,0
SPY190712P295,2019-07-11,2019-07-11 09:39:11,0.06,0.4615,7431,0.05,0.3846,2072,0.05,0.3846,1,0.055,0.423,530,0
SPY190712P295,2019-07-11,2019-07-11 09:39:12,0.06,0.4615,7969,0.05,0.3846,2072,0.05,0.3846,1,0.055,0.423,530,0
SPY190712P295,2019-07-11,2019-07-11 09:39:12,0.06,0.4615,8504,0.05,0.3846,142,0.05,0.3846,1,0.055,0.423,530,0
SPY190712P295,2019-07-11,2019-07-11 09:39:13,0.06,0.4615,8504,0.05,0.3846,160,0.05,0.3846,1,0.055,0.423,530,0
SPY190712P295,2019-07-11,2019-07-11 09:39:14,0.06,0.4615,8961,0.05,0.3846,122,0.05,0.3846,1,0.055,0.423,530,0
SPY190712P295,2019-07-11,2019-07-11 09:39:15,0.06,0.4615,7668,0.05,0.3846,122,0.05,0.3846,1,0.055,0.423,530,0
SPY190712P295,2019-07-11,2019-07-11 09:39:16,0.06,0.4615,9078,0.05,0.3846,23,0.05,0.3846,1,0.055,0.423,530,0
SPY190712P295,2019-07-11,2019-07-11 09:39:17,0.06,0.4615,8965,0.05,0.3846,10,0.05,0.3846,1,0.055,0.423,530,0
SPY190712P295,2019-07-11,2019-07-11 09:39:17,0.06,0.4615,9078,0.05,0.3846,23,0.05,0.3846,1,0.055,0.423,530,0
SPY190712P295,2019-07-11,2019-07-11 09:39:18,0.06,0.4615,10576,0.05,0.3846,10,0.05,0.3846,1,0.055,0.423,530,0
SPY190712P295,2019-07-11,2019-07-11 09:39:18,0.06,0.4615,8965,0.05,0.3846,10,0.05,0.3846,1,0.055,0.423,530,0
SPY190712P295,2019-07-11,2019-07-11 09:39:19,0.06,0.4615,8965,0.05,0.3846,122,0.05,0.3846,1,0.055,0.423,530,0
SPY190712P295,2019-07-11,2019-07-11 09:39:20,0.06,0.4615,8965,0.05,0.3846,122,0.05,0.3846,1,0.055,0.423,530,0
SPY190712P295,2019-07-11,2019-07-11 09:39:21,0.06,0.4615,8463,0.05,0.3846,122,0.05,0.3846,1,0.055,0.423,530,0
SPY190712P295,2019-07-11,2019-07-11 09:39:21,0.06,0.4615,10583,0.05,0.3846,122,0.05,0.3846,1,0.055,0.423,530,0
SPY190712P295,2019-07-11,2019-07-11 09:39:22,0.06,0.4615,9090,0.05,0.3846,122,0.05,0.3846,1,0.055,0.423,530,0
SPY190712P295,2019-07-11,2019-07-11 09:39:23,0.06,0.4615,8463,0.05,0.3846,122,0.05,0.3846,1,0.055,0.423,530,0
SPY190712P295,2019-07-11,2019-07-11 09:39:23,0.06,0.4615,8968,0.05,0.3846,122,0.05,0.3846,1,0.055,0.423,530,0
SPY190712P295,2019-07-11,2019-07-11 09:39:24,0.06,0.4615,8482,0.05,0.3846,122,0.05,0.3846,1,0.055,0.423,530,0
SPY190712P295,2019-07-11,2019-07-11 09:39:25,0.06,0.4615,8482,0.05,0.3846,122,0.05,0.3846,1,0.055,0.423,530,0
SPY190712P295,2019-07-11,2019-07-11 09:39:25,0.06,0.4615,8589,0.05,0.3846,122,0.05,0.3846,1,0.055,0.423,530,0
SPY190712P295,2019-07-11,2019-07-11 09:39:26,0.06,0.4615,10101,0.05,0.3846,122,0.05,0.3846,1,0.055,0.423,530,0
SPY190712P295,2019-07-11,2019-07-11 09:39:27,0.06,0.4615,8482,0.05,0.3846,122,0.05,0.3846,1,0.055,0.423,530,0
SPY190712P295,2019-07-11,2019-07-11 09:39:28,0.06,0.4615,9041,0.05,0.3846,122,0.05,0.3846,1,0.055,0.423,530,0
SPY190712P295,2019-07-11,2019-07-11 09:39:29,0.06,0.4615,9041,0.05,0.3846,122,0.05,0.3846,1,0.055,0.423,530,0
SPY190712P295,2019-07-11,2019-07-11 09:39:30,0.06,0.4615,9041,0.05,0.3846,122,0.05,0.3846,1,0.055,0.423,530,0
SPY190712P295,2019-07-11,2019-07-11 09:39:31,0.06,0.4615,9041,0.05,0.3846,122,0.05,0.3846,1,0.055,0.423,530,0
SPY190712P295,2019-07-11,2019-07-11 09:39:32,0.06,0.4615,10660,0.05,0.3846,140,0.05,0.3846,1,0.055,0.423,530,0
SPY190712P295,2019-07-11,2019-07-11 09:39:33,0.06,0.4615,10101,0.05,0.3846,10,0.05,0.3846,1,0.055,0.423,530,0
SPY190712P295,2019-07-11,2019-07-11 09:39:34,0.06,0.4615,10101,0.05,0.3846,10,0.05,0.3846,1,0.055,0.423,530,0
SPY190712P295,2019-07-11,2019-07-11 09:39:35,0.06,0.4615,8482,0.05,0.3846,122,0.05,0.3846,1,0.055,0.423,530,0
SPY190712P295,2019-07-11,2019-07-11 09:39:36,0.06,0.4615,9028,0.05,0.3846,122,0.05,0.3846,1,0.055,0.423,530,0
SPY190712P295,2019-07-11,2019-07-11 09:39:37,0.06,0.4615,10647,0.05,0.3846,122,0.05,0.3846,1,0.055,0.423,530,0
SPY190712P295,2019-07-11,2019-07-11 09:39:38,0.06,0.4615,10101,0.05,0.3846,122,0.05,0.3846,1,0.055,0.423,530,0
SPY190712P295,2019-07-11,2019-07-11 09:39:39,0.06,0.4615,10095,0.05,0.3846,122,0.05,0.3846,1,0.055,0.423,530,0
SPY190712P295,2019-07-11,2019-07-11 09:39:40,0.06,0.4615,7982,0.05,0.3846,10,0.05,0.3846,1,0.055,0.423,530,0
SPY190712P295,2019-07-11,2019-07-11 09:39:41,0.06,0.4615,10095,0.05,0.3846,10,0.05,0.3846,1,0.055,0.423,530,0
SPY190712P295,2019-07-11,2019-07-11 09:39:42,0.06,0.4615,10095,0.05,0.3846,10,0.05,0.3846,1,0.055,0.423,530,0
SPY190712P295,2019-07-11,2019-07-11 09:39:42,0.06,0.4615,10093,0.05,0.3846,10,0.05,0.3846,1,0.055,0.423,530,0
SPY190712P295,2019-07-11,2019-07-11 09:39:43,0.06,0.4615,9595,0.05,0.3846,10,0.05,0.3846,1,0.055,0.423,530,0
SPY190712P295,2019-07-11,2019-07-11 09:39:44,0.06,0.4615,10095,0.05,0.3846,10,0.05,0.3846,1,0.055,0.423,530,0
SPY190712P295,2019-07-11,2019-07-11 09:39:45,0.06,0.4615,10095,0.05,0.3846,10,0.05,0.3846,1,0.055,0.423,530,0
SPY190712P295,2019-07-11,2019-07-11 09:39:46,0.06,0.4615,10095,0.05,0.3846,10,0.05,0.3846,1,0.055,0.423,530,0
SPY190712P295,2019-07-11,2019-07-11 09:39:47,0.06,0.4615,10303,0.05,0.3846,10,0.05,0.3846,1,0.055,0.423,530,0
SPY190712P295,2019-07-11,2019-07-11 09:39:47,0.06,0.4615,10095,0.05,0.3846,10,0.05,0.3846,1,0.055,0.423,530,0
SPY190712P295,2019-07-11,2019-07-11 09:39:48,0.06,0.4615,10095,0.05,0.3846,10,0.05,0.3846,1,0.055,0.423,530,0
SPY190712P295,2019-07-11,2019-07-11 09:39:49,0.06,0.4615,10095,0.05,0.3846,10,0.05,0.3846,1,0.055,0.423,530,0
SPY190712P295,2019-07-11,2019-07-11 09:39:50,0.06,0.4615,8482,0.05,0.3846,10,0.05,0.3846,1,0.055,0.423,530,0
SPY190712P295,2019-07-11,2019-07-11 09:39:51,0.06,0.4615,8772,0.05,0.3846,10,0.05,0.3846,1,0.055,0.423,530,0
SPY190712P295,2019-07-11,2019-07-11 09:39:51,0.06,0.4615,8598,0.05,0.3846,10,0.05,0.3846,1,0.055,0.423,530,0
SPY190712P295,2019-07-11,2019-07-11 09:39:52,0.06,0.4615,8482,0.05,0.3846,122,0.05,0.3846,1,0.055,0.423,530,0
SPY190712P295,2019-07-11,2019-07-11 09:39:52,0.06,0.4615,8598,0.05,0.3846,122,0.05,0.3846,1,0.055,0.423,530,0
SPY190712P295,2019-07-11,2019-07-11 09:39:53,0.06,0.4615,8692,0.05,0.3846,122,0.05,0.3846,1,0.055,0.423,530,0
SPY190712P295,2019-07-11,2019-07-11 09:39:54,0.06,0.4615,8692,0.05,0.3846,122,0.05,0.3846,1,0.055,0.423,530,0
SPY190712P295,2019-07-11,2019-07-11 09:39:55,0.06,0.4615,8692,0.05,0.3846,122,0.05,0.3846,1,0.055,0.423,530,0
SPY190712P295,2019-07-11,2019-07-11 09:39:56,0.06,0.4615,8692,0.05,0.3846,122,0.05,0.3846,1,0.055,0.423,530,0
SPY190712P295,2019-07-11,2019-07-11 09:39:57,0.06,0.4615,8692,0.05,0.3846,122,0.05,0.3846,1,0.055,0.423,530,0
SPY190712P295,2019-07-11,2019-07-11 09:39:58,0.06,0.4615,8692,0.05,0.3846,122,0.05,0.3846,1,0.055,0.423,530,0
SPY190712P295,2019-07-11,2019-07-11 09:39:59,0.06,0.4615,8692,0.05,0.3846,122,0.05,0.3846,1,0.055,0.423,530,0
SPY190712P295,2019-07-11,2019-07-11 09:40:00,0.06,0.4615,8692,0.05,0.3846,122,0.05,0.3846,1,0.055,0.423,530,0
SPY190712P295,2019-07-11,2019-07-11 09:40:01,0.06,0.4615,8707,0.05,0.3846,122,0.05,0.3846,1,0.055,0.423,530,0
SPY190712P295,2019-07-11,2019-07-11 09:40:02,0.06,0.4615,10306,0.05,0.3846,122,0.05,0.3846,1,0.055,0.423,530,0
SPY190712P295,2019-07-11,2019-07-11 09:40:03,0.06,0.4615,8482,0.05,0.3846,122,0.05,0.3846,1,0.055,0.423,530,0
SPY190712P295,2019-07-11,2019-07-11 09:40:04,0.06,0.4615,8482,0.05,0.3846,122,0.05,0.3846,1,0.055,0.423,530,0
SPY190712P295,2019-07-11,2019-07-11 09:40:04,0.06,0.4615,10294,0.05,0.3846,122,0.05,0.3846,1,0.055,0.423,530,0
SPY190712P295,2019-07-11,2019-07-11 09:40:05,0.06,0.4615,10085,0.05,0.3846,122,0.05,0.3846,1,0.055,0.423,530,0
SPY190712P295,2019-07-11,2019-07-11 09:40:05,0.06,0.4615,10294,0.05,0.3846,122,0.05,0.3846,1,0.055,0.423,530,0
SPY190712P295,2019-07-11,2019-07-11 09:40:06,0.06,0.4615,10085,0.05,0.3846,122,0.05,0.3846,1,0.055,0.423,530,0
SPY190712P295,2019-07-11,2019-07-11 09:40:07,0.06,0.4615,8482,0.05,0.3846,122,0.05,0.3846,1,0.055,0.423,530,0
SPY190712P295,2019-07-11,2019-07-11 09:40:07,0.06,0.4615,10093,0.05,0.3846,122,0.05,0.3846,1,0.055,0.423,530,0
SPY190712P295,2019-07-11,2019-07-11 09:40:08,0.06,0.4615,10110,0.05,0.3846,122,0.05,0.3846,1,0.055,0.423,530,0
SPY190712P295,2019-07-11,2019-07-11 09:40:09,0.06,0.4615,9013,0.05,0.3846,122,0.05,0.3846,1,0.055,0.423,530,0
SPY190712P295,2019-07-11,2019-07-11 09:40:09,0.06,0.4615,8904,0.05,0.3846,122,0.05,0.3846,1,0.055,0.423,530,0
SPY190712P295,2019-07-11,2019-07-11 09:40:10,0.06,0.4615,10402,0.05,0.3846,122,0.05,0.3846,1,0.055,0.423,530,0
SPY190712P295,2019-07-11,2019-07-11 09:40:11,0.06,0.4615,7080,0.05,0.3846,122,0.05,0.3846,1,0.055,0.423,530,0
SPY190712P295,2019-07-11,2019-07-11 09:40:11,0.06,0.4615,10402,0.05,0.3846,122,0.05,0.3846,1,0.055,0.423,530,0
SPY190712P295,2019-07-11,2019-07-11 09:40:12,0.06,0.4615,7311,0.05,0.3846,122,0.05,0.3846,1,0.055,0.423,531,1
SPY190712P295,2019-07-11,2019-07-11 09:40:13,0.06,0.4615,7533,0.05,0.3846,162,0.05,0.3846,1,0.055,0.423,531,0
SPY190712P295,2019-07-11,2019-07-11 09:40:13,0.06,0.4615,8261,0.05,0.3846,42,0.05,0.3846,1,0.055,0.423,531,0
SPY190712P295,2019-07-11,2019-07-11 09:40:14,0.06,0.4615,7533,0.05,0.3846,122,0.05,0.3846,1,0.055,0.423,531,0
SPY190712P295,2019-07-11,2019-07-11 09:40:14,0.06,0.4615,7193,0.05,0.3846,122,0.05,0.3846,1,0.055,0.423,531,0
SPY190712P295,2019-07-11,2019-07-11 09:40:15,0.06,0.4615,6937,0.05,0.3846,122,0.05,0.3846,1,0.055,0.423,531,0
SPY190712P295,2019-07-11,2019-07-11 09:40:15,0.06,0.4615,7193,0.05,0.3846,122,0.05,0.3846,1,0.055,0.423,531,0
SPY190712P295,2019-07-11,2019-07-11 09:40:16,0.06,0.4615,6559,0.05,0.3846,1980,0.05,0.3846,1,0.055,0.423,531,0
SPY190712P295,2019-07-11,2019-07-11 09:40:17,0.06,0.4615,7769,0.05,0.3846,2037,0.05,0.3846,1,0.055,0.423,531,0
SPY190712P295,2019-07-11,2019-07-11 09:40:17,0.06,0.4615,6568,0.05,0.3846,2536,0.05,0.3846,1,0.055,0.423,531,0
SPY190712P295,2019-07-11,2019-07-11 09:40:18,0.06,0.4615,8617,0.05,0.3846,2536,0.05,0.3846,1,0.055,0.423,531,0
SPY190712P295,2019-07-11,2019-07-11 09:40:19,0.06,0.4615,7996,0.05,0.3846,3049,0.05,0.3846,1,0.055,0.423,531,0
SPY190712P295,2019-07-11,2019-07-11 09:40:19,0.06,0.4615,8617,0.05,0.3846,2071,0.05,0.3846,1,0.055,0.423,531,0
SPY190712P295,2019-07-11,2019-07-11 09:40:20,0.06,0.4615,5985,0.05,0.3846,3053,0.05,0.3846,1,0.055,0.423,531,0
SPY190712P295,2019-07-11,2019-07-11 09:40:20,0.06,0.4615,7771,0.05,0.3846,3053,0.05,0.3846,1,0.055,0.423,531,0
SPY190712P295,2019-07-11,2019-07-11 09:40:21,0.06,0.4615,7067,0.05,0.3846,2071,0.05,0.3846,1,0.055,0.423,531,0
SPY190712P295,2019-07-11,2019-07-11 09:40:22,0.06,0.4615,7749,0.05,0.3846,3053,0.05,0.3846,1,0.055,0.423,531,0
SPY190712P295,2019-07-11,2019-07-11 09:40:22,0.06,0.4615,7749,0.05,0.3846,3465,0.05,0.3846,1,0.055,0.423,531,0
SPY190712P295,2019-07-11,2019-07-11 09:40:23,0.06,0.4615,7749,0.05,0.3846,4054,0.05,0.3846,1,0.055,0.423,531,0
SPY190712P295,2019-07-11,2019-07-11 09:40:23,0.06,0.4615,7749,0.05,0.3846,2026,0.05,0.3846,1,0.055,0.423,531,0
SPY190712P295,2019-07-11,2019-07-11 09:40:24,0.06,0.4615,7749,0.05,0.3846,4229,0.05,0.3846,1,0.055,0.423,531,0
SPY190712P295,2019-07-11,2019-07-11 09:40:25,0.06,0.4615,7763,0.05,0.3846,3105,0.05,0.3846,1,0.055,0.423,531,0
SPY190712P295,2019-07-11,2019-07-11 09:40:25,0.06,0.4615,7263,0.05,0.3846,3531,0.05,0.3846,1,0.055,0.423,531,0
SPY190712P295,2019-07-11,2019-07-11 09:40:26,0.06,0.4615,6751,0.05,0.3846,2101,0.05,0.3846,1,0.055,0.423,531,0
SPY190712P295,2019-07-11,2019-07-11 09:40:26,0.06,0.4615,7263,0.05,0.3846,4131,0.05,0.3846,1,0.055,0.423,531,0
SPY190712P295,2019-07-11,2019-07-11 09:40:27,0.06,0.4615,8098,0.05,0.3846,2101,0.05,0.3846,1,0.055,0.423,531,0
SPY190712P295,2019-07-11,2019-07-11 09:40:28,0.06,0.4615,6800,0.05,0.3846,2690,0.05,0.3846,1,0.055,0.423,531,0
SPY190712P295,2019-07-11,2019-07-11 09:40:28,0.06,0.4615,7251,0.05,0.3846,2690,0.05,0.3846,1,0.055,0.423,531,0
SPY190712P295,2019-07-11,2019-07-11 09:40:29,0.06,0.4615,7339,0.05,0.3846,1850,0.05,0.3846,1,0.055,0.423,531,0
SPY190712P295,2019-07-11,2019-07-11 09:40:29,0.06,0.4615,7339,0.05,0.3846,3083,0.05,0.3846,1,0.055,0.423,531,0
SPY190712P295,2019-07-11,2019-07-11 09:40:30,0.06,0.4615,7339,0.05,0.3846,5246,0.05,0.3846,1,0.055,0.423,531,0
SPY190712P295,2019-07-11,2019-07-11 09:40:31,0.06,0.4615,7283,0.05,0.3846,3813,0.05,0.3846,1,0.055,0.423,531,0
SPY190712P295,2019-07-11,2019-07-11 09:40:31,0.06,0.4615,5363,0.05,0.3846,3813,0.05,0.3846,1,0.055,0.423,531,0
SPY190712P295,2019-07-11,2019-07-11 09:40:32,0.06,0.4615,7280,0.05,0.3846,4567,0.05,0.3846,1,0.055,0.423,531,0
SPY190712P295,2019-07-11,2019-07-11 09:40:32,0.06,0.4615,7157,0.05,0.3846,4567,0.05,0.3846,1,0.055,0.423,531,0
SPY190712P295,2019-07-11,2019-07-11 09:40:33,0.06,0.4615,6050,0.05,0.3846,5256,0.05,0.3846,1,0.055,0.423,531,0
SPY190712P295,2019-07-11,2019-07-11 09:40:33,0.06,0.4615,5663,0.05,0.3846,5270,0.05,0.3846,1,0.055,0.423,531,0
SPY190712P295,2019-07-11,2019-07-11 09:40:34,0.06,0.4615,6050,0.05,0.3846,3813,0.05,0.3846,1,0.055,0.423,531,0
SPY190712P295,2019-07-11,2019-07-11 09:40:35,0.06,0.4615,7802,0.05,0.3846,3813,0.05,0.3846,1,0.055,0.423,531,0
SPY190712P295,2019-07-11,2019-07-11 09:40:36,0.06,0.4615,6753,0.05,0.3846,3813,0.05,0.3846,1,0.055,0.423,531,0
SPY190712P295,2019-07-11,2019-07-11 09:40:36,0.06,0.4615,7353,0.05,0.3846,3813,0.05,0.3846,1,0.055,0.423,531,0
SPY190712P295,2019-07-11,2019-07-11 09:40:37,0.06,0.4615,6753,0.05,0.3846,3813,0.05,0.3846,1,0.055,0.423,531,0
SPY190712P295,2019-07-11,2019-07-11 09:40:38,0.06,0.4615,7398,0.05,0.3846,5164,0.05,0.3846,1,0.055,0.423,531,0
SPY190712P295,2019-07-11,2019-07-11 09:40:38,0.06,0.4615,7412,0.05,0.3846,5116,0.05,0.3846,1,0.055,0.423,531,0
SPY190712P295,2019-07-11,2019-07-11 09:40:39,0.06,0.4615,5379,0.05,0.3846,3054,0.05,0.3846,1,0.055,0.423,531,0
SPY190712P295,2019-07-11,2019-07-11 09:40:39,0.06,0.4615,6648,0.05,0.3846,3054,0.05,0.3846,1,0.055,0.423,531,0
SPY190712P295,2019-07-11,2019-07-11 09:40:40,0.06,0.4615,5331,0.05,0.3846,3182,0.05,0.3846,1,0.055,0.423,531,0
SPY190712P295,2019-07-11,2019-07-11 09:40:41,0.06,0.4615,6671,0.05,0.3846,3182,0.05,0.3846,1,0.055,0.423,531,0
SPY190712P295,2019-07-11,2019-07-11 09:40:42,0.06,0.4615,6671,0.05,0.3846,3182,0.05,0.3846,1,0.055,0.423,531,0
SPY190712P295,2019-07-11,2019-07-11 09:40:43,0.06,0.4615,6376,0.05,0.3846,3182,0.05,0.3846,1,0.055,0.423,531,0
SPY190712P295,2019-07-11,2019-07-11 09:40:44,0.06,0.4615,7577,0.05,0.3846,3182,0.05,0.3846,1,0.055,0.423,531,0
SPY190712P295,2019-07-11,2019-07-11 09:40:44,0.06,0.4615,6376,0.05,0.3846,3182,0.05,0.3846,1,0.055,0.423,531,0
