symbol,Date,quote_time,ask_price,norm_ask_price,ask_size,bid_price,norm_bid_price,bid_size,last_trade_price,norm_last_trade_price,last_trade_size,mark_price,norm_mark_price,volume,Volume
SPY190726P300,2019-07-25,2019-07-25 09:30:00,0.47,1.0,5,0.44,0.9361,206,0.48,1.0212,2,0.455,0.968,49,49
SPY190726P300,2019-07-25,2019-07-25 09:30:14,0.46,0.9787,150,0.45,0.9574,175,0.48,1.0212,50,0.455,0.968,102,53
SPY190726P300,2019-07-25,2019-07-25 09:30:16,0.47,1.0,716,0.45,0.9574,449,0.48,1.0212,50,0.46,0.9787,102,0
SPY190726P300,2019-07-25,2019-07-25 09:30:18,0.46,0.9787,10,0.45,0.9574,329,0.48,1.0212,50,0.455,0.968,102,0
SPY190726P300,2019-07-25,2019-07-25 09:30:23,0.46,0.9787,10,0.45,0.9574,472,0.48,1.0212,50,0.455,0.968,102,0
SPY190726P300,2019-07-25,2019-07-25 09:30:27,0.47,1.0,2,0.46,0.9787,329,0.46,0.9787,1,0.465,0.9893,141,39
SPY190726P300,2019-07-25,2019-07-25 09:30:28,0.47,1.0,297,0.46,0.9787,5,0.46,0.9787,1,0.465,0.9893,141,0
SPY190726P300,2019-07-25,2019-07-25 09:30:30,0.47,1.0,457,0.45,0.9574,821,0.46,0.9787,1,0.46,0.9787,141,0
SPY190726P300,2019-07-25,2019-07-25 09:30:32,0.47,1.0,148,0.46,0.9787,92,0.46,0.9787,1,0.465,0.9893,141,0
SPY190726P300,2019-07-25,2019-07-25 09:30:33,0.47,1.0,2,0.46,0.9787,279,0.46,0.9787,50,0.465,0.9893,191,50
SPY190726P300,2019-07-25,2019-07-25 09:30:35,0.47,1.0,7,0.46,0.9787,329,0.46,0.9787,50,0.465,0.9893,191,0
SPY190726P300,2019-07-25,2019-07-25 09:30:37,0.48,1.0212,2,0.47,1.0,66,0.47,1.0,1,0.475,1.0106,194,3
SPY190726P300,2019-07-25,2019-07-25 09:30:40,0.5,1.0638,275,0.48,1.0212,781,0.48,1.0212,1,0.49,1.0425,207,13
SPY190726P300,2019-07-25,2019-07-25 09:30:41,0.49,1.0425,83,0.48,1.0212,122,0.48,1.0212,1,0.485,1.0319,207,0
SPY190726P300,2019-07-25,2019-07-25 09:30:42,0.49,1.0425,92,0.48,1.0212,174,0.49,1.0425,10,0.485,1.0319,217,10
SPY190726P300,2019-07-25,2019-07-25 09:30:44,0.48,1.0212,5,0.47,1.0,563,0.49,1.0425,10,0.475,1.0106,217,0
SPY190726P300,2019-07-25,2019-07-25 09:30:46,0.48,1.0212,102,0.47,1.0,120,0.49,1.0425,10,0.475,1.0106,217,0
SPY190726P300,2019-07-25,2019-07-25 09:30:47,0.48,1.0212,101,0.47,1.0,12,0.49,1.0425,10,0.475,1.0106,217,0
SPY190726P300,2019-07-25,2019-07-25 09:30:48,0.48,1.0212,311,0.47,1.0,12,0.48,1.0212,20,0.475,1.0106,237,20
SPY190726P300,2019-07-25,2019-07-25 09:30:50,0.48,1.0212,209,0.47,1.0,12,0.48,1.0212,20,0.475,1.0106,237,0
SPY190726P300,2019-07-25,2019-07-25 09:30:51,0.49,1.0425,222,0.48,1.0212,90,0.47,1.0,2,0.485,1.0319,239,2
SPY190726P300,2019-07-25,2019-07-25 09:30:53,0.49,1.0425,42,0.48,1.0212,219,0.48,1.0212,10,0.485,1.0319,249,10
SPY190726P300,2019-07-25,2019-07-25 09:30:54,0.49,1.0425,42,0.48,1.0212,500,0.48,1.0212,10,0.485,1.0319,249,0
SPY190726P300,2019-07-25,2019-07-25 09:30:56,0.49,1.0425,85,0.48,1.0212,437,0.48,1.0212,1,0.485,1.0319,250,1
SPY190726P300,2019-07-25,2019-07-25 09:30:57,0.49,1.0425,85,0.48,1.0212,123,0.48,1.0212,1,0.485,1.0319,250,0
SPY190726P300,2019-07-25,2019-07-25 09:30:58,0.49,1.0425,47,0.48,1.0212,424,0.49,1.0425,9,0.485,1.0319,260,10
SPY190726P300,2019-07-25,2019-07-25 09:31:00,0.49,1.0425,193,0.48,1.0212,222,0.49,1.0425,9,0.485,1.0319,260,0
SPY190726P300,2019-07-25,2019-07-25 09:31:01,0.49,1.0425,25,0.48,1.0212,5,0.49,1.0425,9,0.485,1.0319,260,0
SPY190726P300,2019-07-25,2019-07-25 09:31:01,0.49,1.0425,261,0.48,1.0212,100,0.49,1.0425,9,0.485,1.0319,260,0
SPY190726P300,2019-07-25,2019-07-25 09:31:02,0.49,1.0425,467,0.48,1.0212,5,0.49,1.0425,9,0.485,1.0319,260,0
SPY190726P300,2019-07-25,2019-07-25 09:31:03,0.49,1.0425,467,0.48,1.0212,5,0.49,1.0425,9,0.485,1.0319,260,0
SPY190726P300,2019-07-25,2019-07-25 09:31:03,0.49,1.0425,314,0.48,1.0212,108,0.49,1.0425,9,0.485,1.0319,260,0
SPY190726P300,2019-07-25,2019-07-25 09:31:04,0.49,1.0425,402,0.48,1.0212,66,0.49,1.0425,5,0.485,1.0319,265,0
SPY190726P300,2019-07-25,2019-07-25 09:31:04,0.49,1.0425,402,0.48,1.0212,72,0.49,1.0425,5,0.485,1.0319,265,5
SPY190726P300,2019-07-25,2019-07-25 09:31:05,0.49,1.0425,37,0.48,1.0212,880,0.49,1.0425,5,0.485,1.0319,265,0
SPY190726P300,2019-07-25,2019-07-25 09:31:06,0.49,1.0425,56,0.48,1.0212,832,0.49,1.0425,5,0.485,1.0319,265,0
SPY190726P300,2019-07-25,2019-07-25 09:31:07,0.49,1.0425,257,0.48,1.0212,190,0.49,1.0425,5,0.485,1.0319,265,0
SPY190726P300,2019-07-25,2019-07-25 09:31:07,0.49,1.0425,238,0.48,1.0212,236,0.49,1.0425,5,0.485,1.0319,265,0
SPY190726P300,2019-07-25,2019-07-25 09:31:08,0.49,1.0425,364,0.48,1.0212,251,0.48,1.0212,5,0.485,1.0319,270,0
SPY190726P300,2019-07-25,2019-07-25 09:31:08,0.49,1.0425,329,0.48,1.0212,239,0.48,1.0212,5,0.485,1.0319,270,5
SPY190726P300,2019-07-25,2019-07-25 09:31:09,0.49,1.0425,31,0.48,1.0212,830,0.48,1.0212,5,0.485,1.0319,270,0
SPY190726P300,2019-07-25,2019-07-25 09:31:09,0.49,1.0425,21,0.48,1.0212,912,0.48,1.0212,5,0.485,1.0319,270,0
SPY190726P300,2019-07-25,2019-07-25 09:31:10,0.5,1.0638,96,0.49,1.0425,312,0.49,1.0425,21,0.495,1.0531,291,21
SPY190726P300,2019-07-25,2019-07-25 09:31:11,0.5,1.0638,110,0.49,1.0425,425,0.49,1.0425,1,0.495,1.0531,292,0
SPY190726P300,2019-07-25,2019-07-25 09:31:11,0.5,1.0638,110,0.49,1.0425,261,0.49,1.0425,1,0.495,1.0531,292,1
SPY190726P300,2019-07-25,2019-07-25 09:31:12,0.5,1.0638,162,0.49,1.0425,94,0.49,1.0425,46,0.495,1.0531,442,150
SPY190726P300,2019-07-25,2019-07-25 09:31:12,0.5,1.0638,172,0.49,1.0425,227,0.49,1.0425,46,0.495,1.0531,442,0
SPY190726P300,2019-07-25,2019-07-25 09:31:13,0.5,1.0638,172,0.49,1.0425,244,0.49,1.0425,46,0.495,1.0531,442,0
SPY190726P300,2019-07-25,2019-07-25 09:31:13,0.5,1.0638,172,0.49,1.0425,435,0.49,1.0425,46,0.495,1.0531,442,0
SPY190726P300,2019-07-25,2019-07-25 09:31:14,0.5,1.0638,75,0.49,1.0425,409,0.49,1.0425,46,0.495,1.0531,442,0
SPY190726P300,2019-07-25,2019-07-25 09:31:14,0.5,1.0638,75,0.49,1.0425,826,0.49,1.0425,46,0.495,1.0531,442,0
SPY190726P300,2019-07-25,2019-07-25 09:31:15,0.5,1.0638,117,0.49,1.0425,372,0.49,1.0425,46,0.495,1.0531,442,0
SPY190726P300,2019-07-25,2019-07-25 09:31:16,0.5,1.0638,315,0.49,1.0425,383,0.5,1.0638,2,0.495,1.0531,444,0
SPY190726P300,2019-07-25,2019-07-25 09:31:16,0.5,1.0638,84,0.49,1.0425,383,0.5,1.0638,2,0.495,1.0531,444,2
SPY190726P300,2019-07-25,2019-07-25 09:31:17,0.5,1.0638,524,0.49,1.0425,383,0.5,1.0638,2,0.495,1.0531,444,0
SPY190726P300,2019-07-25,2019-07-25 09:31:17,0.5,1.0638,315,0.49,1.0425,383,0.5,1.0638,2,0.495,1.0531,444,0
SPY190726P300,2019-07-25,2019-07-25 09:31:18,0.5,1.0638,454,0.49,1.0425,10,0.5,1.0638,10,0.495,1.0531,454,10
SPY190726P300,2019-07-25,2019-07-25 09:31:18,0.5,1.0638,100,0.49,1.0425,172,0.5,1.0638,5,0.495,1.0531,459,5
SPY190726P300,2019-07-25,2019-07-25 09:31:19,0.5,1.0638,186,0.49,1.0425,923,0.49,1.0425,60,0.495,1.0531,844,60
SPY190726P300,2019-07-25,2019-07-25 09:31:19,0.5,1.0638,186,0.49,1.0425,923,0.5,1.0638,325,0.495,1.0531,784,325
SPY190726P300,2019-07-25,2019-07-25 09:31:20,0.5,1.0638,30,0.49,1.0425,1287,0.49,1.0425,60,0.495,1.0531,844,0
SPY190726P300,2019-07-25,2019-07-25 09:31:21,0.5,1.0638,30,0.49,1.0425,582,0.49,1.0425,60,0.495,1.0531,844,0
SPY190726P300,2019-07-25,2019-07-25 09:31:21,0.5,1.0638,44,0.49,1.0425,916,0.49,1.0425,60,0.495,1.0531,844,0
SPY190726P300,2019-07-25,2019-07-25 09:31:22,0.5,1.0638,44,0.49,1.0425,916,0.49,1.0425,60,0.495,1.0531,844,0
SPY190726P300,2019-07-25,2019-07-25 09:31:23,0.5,1.0638,44,0.49,1.0425,916,0.49,1.0425,60,0.495,1.0531,844,0
SPY190726P300,2019-07-25,2019-07-25 09:31:24,0.5,1.0638,40,0.49,1.0425,916,0.49,1.0425,60,0.495,1.0531,844,0
SPY190726P300,2019-07-25,2019-07-25 09:31:25,0.5,1.0638,38,0.49,1.0425,1360,0.49,1.0425,60,0.495,1.0531,844,0
SPY190726P300,2019-07-25,2019-07-25 09:31:26,0.5,1.0638,46,0.49,1.0425,1360,0.5,1.0638,10,0.495,1.0531,854,10
SPY190726P300,2019-07-25,2019-07-25 09:31:27,0.5,1.0638,38,0.49,1.0425,916,0.5,1.0638,10,0.495,1.0531,854,0
SPY190726P300,2019-07-25,2019-07-25 09:31:27,0.5,1.0638,45,0.49,1.0425,1325,0.5,1.0638,7,0.495,1.0531,869,15
SPY190726P300,2019-07-25,2019-07-25 09:31:28,0.5,1.0638,30,0.49,1.0425,916,0.5,1.0638,7,0.495,1.0531,869,0
SPY190726P300,2019-07-25,2019-07-25 09:31:28,0.5,1.0638,56,0.49,1.0425,1325,0.5,1.0638,7,0.495,1.0531,869,0
SPY190726P300,2019-07-25,2019-07-25 09:31:29,0.5,1.0638,91,0.49,1.0425,1330,0.5,1.0638,7,0.495,1.0531,869,0
SPY190726P300,2019-07-25,2019-07-25 09:31:29,0.5,1.0638,30,0.49,1.0425,688,0.5,1.0638,7,0.495,1.0531,869,0
SPY190726P300,2019-07-25,2019-07-25 09:31:30,0.51,1.0851,40,0.5,1.0638,505,0.51,1.0851,2,0.505,1.0744,959,10
SPY190726P300,2019-07-25,2019-07-25 09:31:30,0.51,1.0851,5,0.5,1.0638,307,0.5,1.0638,50,0.505,1.0744,949,80
SPY190726P300,2019-07-25,2019-07-25 09:31:31,0.51,1.0851,5,0.5,1.0638,505,0.51,1.0851,2,0.505,1.0744,959,0
SPY190726P300,2019-07-25,2019-07-25 09:31:32,0.51,1.0851,5,0.5,1.0638,960,0.51,1.0851,2,0.505,1.0744,959,0
SPY190726P300,2019-07-25,2019-07-25 09:31:32,0.52,1.1063,444,0.5,1.0638,960,0.51,1.0851,2,0.51,1.0851,959,0
SPY190726P300,2019-07-25,2019-07-25 09:31:33,0.51,1.0851,5,0.5,1.0638,522,0.51,1.0851,2,0.505,1.0744,959,0
SPY190726P300,2019-07-25,2019-07-25 09:31:33,0.52,1.1063,222,0.51,1.0851,48,0.51,1.0851,2,0.515,1.0957,959,0
SPY190726P300,2019-07-25,2019-07-25 09:31:34,0.52,1.1063,51,0.51,1.0851,642,0.51,1.0851,2,0.515,1.0957,959,0
SPY190726P300,2019-07-25,2019-07-25 09:31:34,0.52,1.1063,46,0.51,1.0851,259,0.51,1.0851,2,0.515,1.0957,959,0
SPY190726P300,2019-07-25,2019-07-25 09:31:35,0.52,1.1063,30,0.51,1.0851,483,0.51,1.0851,2,0.515,1.0957,959,0
SPY190726P300,2019-07-25,2019-07-25 09:31:36,0.52,1.1063,30,0.52,1.1063,1,0.52,1.1063,10,0.52,1.1063,1001,42
SPY190726P300,2019-07-25,2019-07-25 09:31:36,0.53,1.1276,6,0.52,1.1063,148,0.52,1.1063,10,0.525,1.117,1001,0
SPY190726P300,2019-07-25,2019-07-25 09:31:37,0.54,1.1489,98,0.52,1.1063,352,0.52,1.1063,10,0.53,1.1276,1001,0
SPY190726P300,2019-07-25,2019-07-25 09:31:37,0.54,1.1489,40,0.52,1.1063,372,0.52,1.1063,10,0.53,1.1276,1001,0
SPY190726P300,2019-07-25,2019-07-25 09:31:38,0.54,1.1489,109,0.53,1.1276,72,0.53,1.1276,1,0.535,1.1382,1002,1
SPY190726P300,2019-07-25,2019-07-25 09:31:38,0.54,1.1489,99,0.53,1.1276,62,0.53,1.1276,1,0.535,1.1382,1002,0
SPY190726P300,2019-07-25,2019-07-25 09:31:39,0.54,1.1489,50,0.53,1.1276,62,0.53,1.1276,15,0.535,1.1382,1023,21
SPY190726P300,2019-07-25,2019-07-25 09:31:39,0.54,1.1489,108,0.53,1.1276,57,0.53,1.1276,15,0.535,1.1382,1023,0
SPY190726P300,2019-07-25,2019-07-25 09:31:40,0.54,1.1489,125,0.53,1.1276,154,0.53,1.1276,4,0.535,1.1382,1027,0
SPY190726P300,2019-07-25,2019-07-25 09:31:40,0.54,1.1489,108,0.53,1.1276,154,0.53,1.1276,4,0.535,1.1382,1027,4
SPY190726P300,2019-07-25,2019-07-25 09:31:41,0.54,1.1489,50,0.53,1.1276,154,0.53,1.1276,8,0.535,1.1382,1035,8
SPY190726P300,2019-07-25,2019-07-25 09:31:42,0.54,1.1489,110,0.53,1.1276,357,0.53,1.1276,8,0.535,1.1382,1035,0
SPY190726P300,2019-07-25,2019-07-25 09:31:43,0.54,1.1489,110,0.53,1.1276,212,0.53,1.1276,8,0.535,1.1382,1035,0
SPY190726P300,2019-07-25,2019-07-25 09:31:43,0.54,1.1489,350,0.53,1.1276,187,0.53,1.1276,8,0.535,1.1382,1035,0
SPY190726P300,2019-07-25,2019-07-25 09:31:44,0.54,1.1489,350,0.53,1.1276,187,0.53,1.1276,8,0.535,1.1382,1035,0
SPY190726P300,2019-07-25,2019-07-25 09:31:44,0.54,1.1489,446,0.53,1.1276,187,0.53,1.1276,8,0.535,1.1382,1035,0
SPY190726P300,2019-07-25,2019-07-25 09:31:45,0.53,1.1276,5,0.53,1.1276,69,0.53,1.1276,10,0.53,1.1276,1045,10
SPY190726P300,2019-07-25,2019-07-25 09:31:46,0.53,1.1276,442,0.52,1.1063,100,0.53,1.1276,1,0.525,1.117,1050,5
SPY190726P300,2019-07-25,2019-07-25 09:31:46,0.53,1.1276,212,0.53,1.1276,69,0.53,1.1276,10,0.53,1.1276,1045,0
SPY190726P300,2019-07-25,2019-07-25 09:31:47,0.53,1.1276,152,0.52,1.1063,315,0.53,1.1276,5,0.525,1.117,1056,5
SPY190726P300,2019-07-25,2019-07-25 09:31:47,0.54,1.1489,400,0.53,1.1276,5,0.53,1.1276,1,0.535,1.1382,1051,1
SPY190726P300,2019-07-25,2019-07-25 09:31:48,0.53,1.1276,111,0.52,1.1063,100,0.53,1.1276,1,0.525,1.117,1061,5
SPY190726P300,2019-07-25,2019-07-25 09:31:48,0.53,1.1276,257,0.52,1.1063,137,0.53,1.1276,5,0.525,1.117,1056,0
SPY190726P300,2019-07-25,2019-07-25 09:31:49,0.54,1.1489,180,0.53,1.1276,7,0.54,1.1489,30,0.535,1.1382,1093,32
SPY190726P300,2019-07-25,2019-07-25 09:31:50,0.54,1.1489,74,0.53,1.1276,443,0.54,1.1489,1,0.535,1.1382,1094,1
SPY190726P300,2019-07-25,2019-07-25 09:31:50,0.54,1.1489,75,0.53,1.1276,381,0.54,1.1489,30,0.535,1.1382,1093,0
SPY190726P300,2019-07-25,2019-07-25 09:31:51,0.54,1.1489,253,0.53,1.1276,122,0.54,1.1489,1,0.535,1.1382,1094,0
SPY190726P300,2019-07-25,2019-07-25 09:31:51,0.54,1.1489,74,0.53,1.1276,74,0.54,1.1489,1,0.535,1.1382,1094,0
SPY190726P300,2019-07-25,2019-07-25 09:31:52,0.54,1.1489,253,0.53,1.1276,596,0.54,1.1489,1,0.535,1.1382,1094,0
SPY190726P300,2019-07-25,2019-07-25 09:31:52,0.54,1.1489,253,0.53,1.1276,513,0.54,1.1489,5,0.535,1.1382,1104,10
SPY190726P300,2019-07-25,2019-07-25 09:31:53,0.54,1.1489,389,0.52,1.1063,1212,0.54,1.1489,5,0.53,1.1276,1104,0
SPY190726P300,2019-07-25,2019-07-25 09:31:54,0.53,1.1276,70,0.52,1.1063,1353,0.53,1.1276,1,0.525,1.117,1135,31
SPY190726P300,2019-07-25,2019-07-25 09:31:54,0.54,1.1489,504,0.52,1.1063,1029,0.54,1.1489,5,0.53,1.1276,1104,0
SPY190726P300,2019-07-25,2019-07-25 09:31:55,0.53,1.1276,70,0.52,1.1063,1353,0.53,1.1276,1,0.525,1.117,1135,0
SPY190726P300,2019-07-25,2019-07-25 09:31:56,0.53,1.1276,70,0.52,1.1063,1353,0.53,1.1276,1,0.525,1.117,1135,0
SPY190726P300,2019-07-25,2019-07-25 09:31:56,0.54,1.1489,154,0.53,1.1276,49,0.53,1.1276,60,0.535,1.1382,1195,60
SPY190726P300,2019-07-25,2019-07-25 09:31:57,0.52,1.1063,169,0.51,1.0851,9,0.53,1.1276,60,0.515,1.0957,1195,0
SPY190726P300,2019-07-25,2019-07-25 09:31:57,0.53,1.1276,169,0.52,1.1063,403,0.53,1.1276,60,0.525,1.117,1195,0
SPY190726P300,2019-07-25,2019-07-25 09:31:58,0.52,1.1063,179,0.51,1.0851,20,0.51,1.0851,3,0.515,1.0957,1198,3
SPY190726P300,2019-07-25,2019-07-25 09:31:58,0.52,1.1063,228,0.51,1.0851,1,0.51,1.0851,3,0.515,1.0957,1198,0
SPY190726P300,2019-07-25,2019-07-25 09:31:59,0.52,1.1063,378,0.5,1.0638,888,0.51,1.0851,3,0.51,1.0851,1198,0
SPY190726P300,2019-07-25,2019-07-25 09:32:00,0.52,1.1063,251,0.5,1.0638,336,0.51,1.0851,3,0.51,1.0851,1198,0
SPY190726P300,2019-07-25,2019-07-25 09:32:01,0.51,1.0851,228,0.5,1.0638,10,0.52,1.1063,1,0.505,1.0744,1200,2
SPY190726P300,2019-07-25,2019-07-25 09:32:02,0.49,1.0425,5,0.48,1.0212,92,0.49,1.0425,10,0.485,1.0319,1222,22
SPY190726P300,2019-07-25,2019-07-25 09:32:03,0.49,1.0425,175,0.48,1.0212,71,0.49,1.0425,10,0.485,1.0319,1222,0
SPY190726P300,2019-07-25,2019-07-25 09:32:03,0.49,1.0425,185,0.48,1.0212,60,0.49,1.0425,10,0.485,1.0319,1232,10
SPY190726P300,2019-07-25,2019-07-25 09:32:04,0.49,1.0425,265,0.48,1.0212,60,0.49,1.0425,10,0.485,1.0319,1232,0
SPY190726P300,2019-07-25,2019-07-25 09:32:05,0.49,1.0425,187,0.48,1.0212,122,0.49,1.0425,10,0.485,1.0319,1232,0
SPY190726P300,2019-07-25,2019-07-25 09:32:06,0.49,1.0425,121,0.48,1.0212,84,0.49,1.0425,10,0.485,1.0319,1232,0
SPY190726P300,2019-07-25,2019-07-25 09:32:07,0.48,1.0212,18,0.47,1.0,4,0.48,1.0212,2,0.475,1.0106,1258,26
SPY190726P300,2019-07-25,2019-07-25 09:32:08,0.49,1.0425,132,0.48,1.0212,60,0.48,1.0212,2,0.485,1.0319,1258,0
SPY190726P300,2019-07-25,2019-07-25 09:32:08,0.49,1.0425,181,0.47,1.0,1573,0.48,1.0212,2,0.48,1.0212,1258,0
SPY190726P300,2019-07-25,2019-07-25 09:32:09,0.49,1.0425,358,0.47,1.0,1471,0.48,1.0212,2,0.48,1.0212,1258,0
SPY190726P300,2019-07-25,2019-07-25 09:32:10,0.49,1.0425,279,0.48,1.0212,120,0.48,1.0212,2,0.485,1.0319,1258,0
SPY190726P300,2019-07-25,2019-07-25 09:32:11,0.49,1.0425,30,0.48,1.0212,43,0.48,1.0212,1,0.485,1.0319,1259,1
SPY190726P300,2019-07-25,2019-07-25 09:32:11,0.49,1.0425,30,0.47,1.0,912,0.48,1.0212,1,0.48,1.0212,1259,0
SPY190726P300,2019-07-25,2019-07-25 09:32:12,0.49,1.0425,130,0.48,1.0212,6,0.48,1.0212,1,0.485,1.0319,1259,0
SPY190726P300,2019-07-25,2019-07-25 09:32:13,0.49,1.0425,49,0.48,1.0212,134,0.48,1.0212,1,0.485,1.0319,1259,0
SPY190726P300,2019-07-25,2019-07-25 09:32:15,0.49,1.0425,87,0.48,1.0212,411,0.48,1.0212,1,0.485,1.0319,1260,1
SPY190726P300,2019-07-25,2019-07-25 09:32:15,0.49,1.0425,87,0.48,1.0212,500,0.48,1.0212,1,0.485,1.0319,1260,0
SPY190726P300,2019-07-25,2019-07-25 09:32:16,0.49,1.0425,87,0.48,1.0212,602,0.49,1.0425,2,0.485,1.0319,1262,2
SPY190726P300,2019-07-25,2019-07-25 09:32:17,0.49,1.0425,87,0.48,1.0212,1161,0.49,1.0425,3,0.485,1.0319,1268,6
SPY190726P300,2019-07-25,2019-07-25 09:32:17,0.49,1.0425,80,0.48,1.0212,1416,0.49,1.0425,3,0.485,1.0319,1268,0
SPY190726P300,2019-07-25,2019-07-25 09:32:18,0.49,1.0425,10,0.48,1.0212,1077,0.49,1.0425,3,0.485,1.0319,1268,0
SPY190726P300,2019-07-25,2019-07-25 09:32:18,0.51,1.0851,181,0.49,1.0425,560,0.51,1.0851,3,0.5,1.0638,1273,5
SPY190726P300,2019-07-25,2019-07-25 09:32:19,0.51,1.0851,137,0.5,1.0638,251,0.51,1.0851,3,0.505,1.0744,1273,0
SPY190726P300,2019-07-25,2019-07-25 09:32:19,0.51,1.0851,191,0.5,1.0638,88,0.51,1.0851,3,0.505,1.0744,1273,0
SPY190726P300,2019-07-25,2019-07-25 09:32:20,0.52,1.1063,63,0.51,1.0851,108,0.51,1.0851,1,0.515,1.0957,1323,50
SPY190726P300,2019-07-25,2019-07-25 09:32:21,0.52,1.1063,16,0.51,1.0851,141,0.51,1.0851,1,0.515,1.0957,1323,0
SPY190726P300,2019-07-25,2019-07-25 09:32:21,0.52,1.1063,81,0.51,1.0851,110,0.51,1.0851,1,0.515,1.0957,1323,0
SPY190726P300,2019-07-25,2019-07-25 09:32:22,0.52,1.1063,16,0.51,1.0851,66,0.51,1.0851,1,0.515,1.0957,1323,0
SPY190726P300,2019-07-25,2019-07-25 09:32:22,0.52,1.1063,104,0.5,1.0638,1041,0.51,1.0851,1,0.51,1.0851,1323,0
SPY190726P300,2019-07-25,2019-07-25 09:32:23,0.53,1.1276,115,0.51,1.0851,584,0.51,1.0851,1,0.52,1.1063,1323,0
SPY190726P300,2019-07-25,2019-07-25 09:32:23,0.53,1.1276,115,0.52,1.1063,353,0.52,1.1063,1,0.525,1.117,1324,1
SPY190726P300,2019-07-25,2019-07-25 09:32:24,0.54,1.1489,161,0.52,1.1063,990,0.52,1.1063,1,0.53,1.1276,1324,0
SPY190726P300,2019-07-25,2019-07-25 09:32:24,0.54,1.1489,151,0.52,1.1063,449,0.52,1.1063,1,0.53,1.1276,1324,0
SPY190726P300,2019-07-25,2019-07-25 09:32:25,0.54,1.1489,88,0.52,1.1063,309,0.52,1.1063,1,0.53,1.1276,1324,0
SPY190726P300,2019-07-25,2019-07-25 09:32:26,0.54,1.1489,143,0.53,1.1276,134,0.52,1.1063,1,0.535,1.1382,1324,0
SPY190726P300,2019-07-25,2019-07-25 09:32:26,0.54,1.1489,40,0.53,1.1276,1006,0.52,1.1063,1,0.535,1.1382,1324,0
SPY190726P300,2019-07-25,2019-07-25 09:32:27,0.54,1.1489,40,0.53,1.1276,372,0.52,1.1063,1,0.535,1.1382,1324,0
SPY190726P300,2019-07-25,2019-07-25 09:32:28,0.54,1.1489,50,0.53,1.1276,274,0.54,1.1489,1,0.535,1.1382,1392,68
SPY190726P300,2019-07-25,2019-07-25 09:32:29,0.55,1.1702,55,0.54,1.1489,348,0.54,1.1489,1,0.545,1.1595,1392,0
SPY190726P300,2019-07-25,2019-07-25 09:32:29,0.55,1.1702,31,0.54,1.1489,734,0.54,1.1489,1,0.545,1.1595,1392,0
SPY190726P300,2019-07-25,2019-07-25 09:32:30,0.55,1.1702,69,0.54,1.1489,734,0.54,1.1489,1,0.545,1.1595,1392,0
SPY190726P300,2019-07-25,2019-07-25 09:32:31,0.55,1.1702,59,0.53,1.1276,486,0.54,1.1489,1,0.54,1.1489,1392,0
SPY190726P300,2019-07-25,2019-07-25 09:32:31,0.55,1.1702,107,0.54,1.1489,292,0.54,1.1489,1,0.545,1.1595,1392,0
SPY190726P300,2019-07-25,2019-07-25 09:32:32,0.55,1.1702,27,0.54,1.1489,724,0.54,1.1489,25,0.545,1.1595,1443,51
SPY190726P300,2019-07-25,2019-07-25 09:32:33,0.55,1.1702,53,0.54,1.1489,724,0.54,1.1489,25,0.545,1.1595,1443,0
SPY190726P300,2019-07-25,2019-07-25 09:32:35,0.55,1.1702,131,0.54,1.1489,242,0.55,1.1702,1,0.545,1.1595,1511,68
SPY190726P300,2019-07-25,2019-07-25 09:32:36,0.55,1.1702,60,0.54,1.1489,926,0.55,1.1702,12,0.545,1.1595,1605,94
SPY190726P300,2019-07-25,2019-07-25 09:32:37,0.56,1.1914,2,0.55,1.1702,1530,0.56,1.1914,3,0.555,1.1808,1609,4
SPY190726P300,2019-07-25,2019-07-25 09:32:38,0.56,1.1914,2,0.56,1.1914,98,0.56,1.1914,2,0.56,1.1914,1611,2
SPY190726P300,2019-07-25,2019-07-25 09:32:40,0.56,1.1914,78,0.55,1.1702,54,0.56,1.1914,2,0.555,1.1808,1611,0
SPY190726P300,2019-07-25,2019-07-25 09:32:41,0.56,1.1914,73,0.55,1.1702,27,0.56,1.1914,200,0.555,1.1808,1811,200
SPY190726P300,2019-07-25,2019-07-25 09:32:42,0.56,1.1914,61,0.55,1.1702,30,0.56,1.1914,100,0.555,1.1808,1929,118
SPY190726P300,2019-07-25,2019-07-25 09:32:43,0.56,1.1914,50,0.55,1.1702,373,0.55,1.1702,10,0.555,1.1808,1939,10
SPY190726P300,2019-07-25,2019-07-25 09:32:44,0.57,1.2127,216,0.56,1.1914,1,0.56,1.1914,1,0.565,1.2021,1943,4
SPY190726P300,2019-07-25,2019-07-25 09:32:45,0.57,1.2127,111,0.57,1.2127,1,0.57,1.2127,2,0.57,1.2127,1964,2
SPY190726P300,2019-07-25,2019-07-25 09:32:45,0.57,1.2127,111,0.56,1.1914,118,0.56,1.1914,2,0.565,1.2021,1962,19
SPY190726P300,2019-07-25,2019-07-25 09:32:46,0.58,1.234,277,0.57,1.2127,1,0.57,1.2127,1,0.575,1.2234,1965,1
SPY190726P300,2019-07-25,2019-07-25 09:32:47,0.58,1.234,277,0.56,1.1914,352,0.57,1.2127,1,0.57,1.2127,1965,0
SPY190726P300,2019-07-25,2019-07-25 09:32:47,0.58,1.234,404,0.56,1.1914,1099,0.57,1.2127,1,0.57,1.2127,1965,0
SPY190726P300,2019-07-25,2019-07-25 09:32:49,0.58,1.234,267,0.56,1.1914,1058,0.57,1.2127,2,0.57,1.2127,1968,3
SPY190726P300,2019-07-25,2019-07-25 09:32:49,0.58,1.234,269,0.56,1.1914,874,0.57,1.2127,1,0.57,1.2127,1965,0
SPY190726P300,2019-07-25,2019-07-25 09:32:50,0.58,1.234,177,0.56,1.1914,1246,0.57,1.2127,2,0.57,1.2127,1968,0
SPY190726P300,2019-07-25,2019-07-25 09:32:51,0.58,1.234,1,0.57,1.2127,892,0.58,1.234,1,0.575,1.2234,1969,1
SPY190726P300,2019-07-25,2019-07-25 09:32:51,0.58,1.234,177,0.57,1.2127,100,0.57,1.2127,2,0.575,1.2234,1968,0
SPY190726P300,2019-07-25,2019-07-25 09:32:52,0.59,1.2553,98,0.57,1.2127,892,0.58,1.234,1,0.58,1.234,1970,1
SPY190726P300,2019-07-25,2019-07-25 09:32:53,0.59,1.2553,111,0.58,1.234,8,0.58,1.234,10,0.585,1.2446,1980,10
SPY190726P300,2019-07-25,2019-07-25 09:32:53,0.59,1.2553,103,0.58,1.234,8,0.58,1.234,1,0.585,1.2446,1970,0
SPY190726P300,2019-07-25,2019-07-25 09:32:54,0.59,1.2553,267,0.58,1.234,2,0.58,1.234,10,0.585,1.2446,1980,0
SPY190726P300,2019-07-25,2019-07-25 09:32:54,0.59,1.2553,154,0.58,1.234,2,0.58,1.234,10,0.585,1.2446,1980,0
SPY190726P300,2019-07-25,2019-07-25 09:32:55,0.59,1.2553,267,0.58,1.234,12,0.58,1.234,10,0.585,1.2446,1980,0
SPY190726P300,2019-07-25,2019-07-25 09:32:56,0.59,1.2553,267,0.58,1.234,12,0.58,1.234,10,0.585,1.2446,1980,0
SPY190726P300,2019-07-25,2019-07-25 09:32:57,0.59,1.2553,267,0.58,1.234,12,0.58,1.234,10,0.585,1.2446,1980,0
SPY190726P300,2019-07-25,2019-07-25 09:32:57,0.59,1.2553,179,0.58,1.234,12,0.58,1.234,2,0.585,1.2446,1982,2
SPY190726P300,2019-07-25,2019-07-25 09:32:58,0.59,1.2553,267,0.57,1.2127,42,0.58,1.234,9,0.58,1.234,1995,13
SPY190726P300,2019-07-25,2019-07-25 09:32:58,0.59,1.2553,181,0.58,1.234,18,0.58,1.234,2,0.585,1.2446,1982,0
SPY190726P300,2019-07-25,2019-07-25 09:32:59,0.58,1.234,2,0.57,1.2127,641,0.57,1.2127,5,0.575,1.2234,2001,6
SPY190726P300,2019-07-25,2019-07-25 09:33:00,0.6,1.2765,161,0.58,1.234,560,0.59,1.2553,29,0.59,1.2553,2033,32
SPY190726P300,2019-07-25,2019-07-25 09:33:00,0.6,1.2765,161,0.58,1.234,1124,0.59,1.2553,29,0.59,1.2553,2033,0
SPY190726P300,2019-07-25,2019-07-25 09:33:01,0.6,1.2765,161,0.59,1.2553,236,0.59,1.2553,29,0.595,1.2659,2033,0
SPY190726P300,2019-07-25,2019-07-25 09:33:02,0.6,1.2765,10,0.59,1.2553,1,0.59,1.2553,10,0.595,1.2659,2043,10
SPY190726P300,2019-07-25,2019-07-25 09:33:03,0.6,1.2765,79,0.59,1.2553,236,0.59,1.2553,10,0.595,1.2659,2043,0
SPY190726P300,2019-07-25,2019-07-25 09:33:03,0.6,1.2765,113,0.59,1.2553,236,0.6,1.2765,9,0.595,1.2659,2058,15
SPY190726P300,2019-07-25,2019-07-25 09:33:04,0.59,1.2553,271,0.57,1.2127,299,0.59,1.2553,7,0.58,1.234,2070,12
SPY190726P300,2019-07-25,2019-07-25 09:33:04,0.6,1.2765,64,0.59,1.2553,236,0.6,1.2765,9,0.595,1.2659,2058,0
SPY190726P300,2019-07-25,2019-07-25 09:33:05,0.57,1.2127,98,0.56,1.1914,26,0.58,1.234,3,0.565,1.2021,2080,10
SPY190726P300,2019-07-25,2019-07-25 09:33:06,0.57,1.2127,217,0.56,1.1914,15,0.56,1.1914,2,0.565,1.2021,2090,2
SPY190726P300,2019-07-25,2019-07-25 09:33:06,0.57,1.2127,37,0.56,1.1914,15,0.57,1.2127,5,0.565,1.2021,2088,8
SPY190726P300,2019-07-25,2019-07-25 09:33:07,0.57,1.2127,580,0.56,1.1914,15,0.56,1.1914,2,0.565,1.2021,2090,0
SPY190726P300,2019-07-25,2019-07-25 09:33:08,0.56,1.1914,69,0.55,1.1702,89,0.56,1.1914,1,0.555,1.1808,2106,16
SPY190726P300,2019-07-25,2019-07-25 09:33:08,0.54,1.1489,57,0.53,1.1276,116,0.56,1.1914,1,0.535,1.1382,2106,0
SPY190726P300,2019-07-25,2019-07-25 09:33:09,0.56,1.1914,350,0.54,1.1489,50,0.55,1.1702,1,0.55,1.1702,2109,3
SPY190726P300,2019-07-25,2019-07-25 09:33:09,0.54,1.1489,57,0.53,1.1276,116,0.56,1.1914,1,0.535,1.1382,2106,0
SPY190726P300,2019-07-25,2019-07-25 09:33:10,0.56,1.1914,87,0.55,1.1702,48,0.55,1.1702,1,0.555,1.1808,2109,0
SPY190726P300,2019-07-25,2019-07-25 09:33:10,0.56,1.1914,121,0.55,1.1702,126,0.55,1.1702,1,0.555,1.1808,2109,0
SPY190726P300,2019-07-25,2019-07-25 09:33:11,0.56,1.1914,153,0.54,1.1489,858,0.55,1.1702,1,0.55,1.1702,2109,0
SPY190726P300,2019-07-25,2019-07-25 09:33:12,0.56,1.1914,30,0.55,1.1702,85,0.55,1.1702,1,0.555,1.1808,2109,0
SPY190726P300,2019-07-25,2019-07-25 09:33:12,0.56,1.1914,25,0.55,1.1702,187,0.55,1.1702,1,0.555,1.1808,2109,0
SPY190726P300,2019-07-25,2019-07-25 09:33:13,0.56,1.1914,2,0.55,1.1702,314,0.55,1.1702,1,0.555,1.1808,2109,0
SPY190726P300,2019-07-25,2019-07-25 09:33:14,0.57,1.2127,506,0.55,1.1702,141,0.57,1.2127,1,0.56,1.1914,2129,0
SPY190726P300,2019-07-25,2019-07-25 09:33:14,0.56,1.1914,1,0.55,1.1702,337,0.57,1.2127,1,0.555,1.1808,2129,20
SPY190726P300,2019-07-25,2019-07-25 09:33:15,0.57,1.2127,865,0.55,1.1702,141,0.57,1.2127,1,0.56,1.1914,2129,0
SPY190726P300,2019-07-25,2019-07-25 09:33:15,0.56,1.1914,6,0.55,1.1702,79,0.57,1.2127,1,0.555,1.1808,2129,0
SPY190726P300,2019-07-25,2019-07-25 09:33:16,0.56,1.1914,1,0.55,1.1702,93,0.57,1.2127,1,0.555,1.1808,2129,0
SPY190726P300,2019-07-25,2019-07-25 09:33:16,0.56,1.1914,1,0.55,1.1702,123,0.55,1.1702,5,0.555,1.1808,2134,5
SPY190726P300,2019-07-25,2019-07-25 09:33:17,0.58,1.234,199,0.56,1.1914,236,0.56,1.1914,1,0.57,1.2127,2135,1
SPY190726P300,2019-07-25,2019-07-25 09:33:18,0.58,1.234,199,0.56,1.1914,69,0.56,1.1914,1,0.57,1.2127,2135,0
SPY190726P300,2019-07-25,2019-07-25 09:33:18,0.56,1.1914,1,0.55,1.1702,4,0.56,1.1914,1,0.555,1.1808,2144,9
SPY190726P300,2019-07-25,2019-07-25 09:33:19,0.56,1.1914,1,0.55,1.1702,39,0.56,1.1914,1,0.555,1.1808,2144,0
SPY190726P300,2019-07-25,2019-07-25 09:33:19,0.56,1.1914,135,0.55,1.1702,48,0.55,1.1702,4,0.555,1.1808,2148,4
SPY190726P300,2019-07-25,2019-07-25 09:33:20,0.56,1.1914,63,0.55,1.1702,50,0.55,1.1702,4,0.555,1.1808,2148,0
SPY190726P300,2019-07-25,2019-07-25 09:33:20,0.56,1.1914,156,0.55,1.1702,62,0.55,1.1702,10,0.555,1.1808,2158,10
SPY190726P300,2019-07-25,2019-07-25 09:33:21,0.56,1.1914,168,0.54,1.1489,390,0.55,1.1702,10,0.55,1.1702,2158,0
SPY190726P300,2019-07-25,2019-07-25 09:33:21,0.56,1.1914,166,0.55,1.1702,39,0.55,1.1702,10,0.555,1.1808,2158,0
SPY190726P300,2019-07-25,2019-07-25 09:33:22,0.56,1.1914,116,0.55,1.1702,39,0.56,1.1914,5,0.555,1.1808,2163,5
SPY190726P300,2019-07-25,2019-07-25 09:33:23,0.55,1.1702,124,0.53,1.1276,1109,0.55,1.1702,8,0.54,1.1489,2171,0
SPY190726P300,2019-07-25,2019-07-25 09:33:23,0.56,1.1914,339,0.55,1.1702,39,0.55,1.1702,8,0.555,1.1808,2171,8
SPY190726P300,2019-07-25,2019-07-25 09:33:24,0.55,1.1702,160,0.53,1.1276,969,0.55,1.1702,8,0.54,1.1489,2171,0
SPY190726P300,2019-07-25,2019-07-25 09:33:24,0.55,1.1702,257,0.53,1.1276,869,0.55,1.1702,8,0.54,1.1489,2171,0
SPY190726P300,2019-07-25,2019-07-25 09:33:25,0.55,1.1702,210,0.53,1.1276,729,0.55,1.1702,8,0.54,1.1489,2171,0
SPY190726P300,2019-07-25,2019-07-25 09:33:26,0.54,1.1489,6,0.54,1.1489,39,0.55,1.1702,8,0.54,1.1489,2171,0
SPY190726P300,2019-07-25,2019-07-25 09:33:26,0.54,1.1489,50,0.52,1.1063,233,0.55,1.1702,8,0.53,1.1276,2171,0
SPY190726P300,2019-07-25,2019-07-25 09:33:27,0.54,1.1489,104,0.53,1.1276,39,0.54,1.1489,2,0.535,1.1382,2173,0
SPY190726P300,2019-07-25,2019-07-25 09:33:27,0.54,1.1489,260,0.52,1.1063,397,0.54,1.1489,2,0.53,1.1276,2173,2
SPY190726P300,2019-07-25,2019-07-25 09:33:28,0.54,1.1489,2,0.53,1.1276,354,0.53,1.1276,1,0.535,1.1382,2174,1
SPY190726P300,2019-07-25,2019-07-25 09:33:28,0.54,1.1489,2,0.54,1.1489,87,0.54,1.1489,1,0.54,1.1489,2177,3
SPY190726P300,2019-07-25,2019-07-25 09:33:29,0.56,1.1914,146,0.55,1.1702,68,0.54,1.1489,1,0.555,1.1808,2177,0
SPY190726P300,2019-07-25,2019-07-25 09:33:30,0.56,1.1914,164,0.54,1.1489,136,0.54,1.1489,1,0.55,1.1702,2177,0
SPY190726P300,2019-07-25,2019-07-25 09:33:32,0.55,1.1702,169,0.53,1.1276,244,0.54,1.1489,1,0.54,1.1489,2177,0
SPY190726P300,2019-07-25,2019-07-25 09:33:35,0.54,1.1489,540,0.52,1.1063,522,0.54,1.1489,1,0.53,1.1276,2177,0
SPY190726P300,2019-07-25,2019-07-25 09:33:37,0.54,1.1489,540,0.53,1.1276,39,0.54,1.1489,1,0.535,1.1382,2177,0
SPY190726P300,2019-07-25,2019-07-25 09:33:40,0.54,1.1489,266,0.53,1.1276,78,0.54,1.1489,72,0.535,1.1382,3177,1000
SPY190726P300,2019-07-25,2019-07-25 09:33:43,0.55,1.1702,197,0.54,1.1489,42,0.53,1.1276,1,0.545,1.1595,3183,6
SPY190726P300,2019-07-25,2019-07-25 09:33:44,0.54,1.1489,2,0.53,1.1276,273,0.53,1.1276,1,0.535,1.1382,3183,0
SPY190726P300,2019-07-25,2019-07-25 09:33:48,0.55,1.1702,30,0.54,1.1489,194,0.55,1.1702,29,0.545,1.1595,3281,98
SPY190726P300,2019-07-25,2019-07-25 09:33:50,0.55,1.1702,24,0.54,1.1489,191,0.55,1.1702,29,0.545,1.1595,3281,0
SPY190726P300,2019-07-25,2019-07-25 09:33:51,0.55,1.1702,10,0.54,1.1489,202,0.55,1.1702,29,0.545,1.1595,3281,0
SPY190726P300,2019-07-25,2019-07-25 09:33:53,0.55,1.1702,8,0.54,1.1489,191,0.55,1.1702,29,0.545,1.1595,3281,0
SPY190726P300,2019-07-25,2019-07-25 09:33:57,0.55,1.1702,886,0.54,1.1489,39,0.55,1.1702,10,0.545,1.1595,3307,26
SPY190726P300,2019-07-25,2019-07-25 09:33:58,0.55,1.1702,527,0.54,1.1489,51,0.55,1.1702,10,0.545,1.1595,3307,0
SPY190726P300,2019-07-25,2019-07-25 09:34:00,0.55,1.1702,1246,0.54,1.1489,3,0.54,1.1489,1,0.545,1.1595,3308,1
SPY190726P300,2019-07-25,2019-07-25 09:34:01,0.55,1.1702,224,0.53,1.1276,48,0.54,1.1489,50,0.54,1.1489,3362,54
SPY190726P300,2019-07-25,2019-07-25 09:34:02,0.54,1.1489,114,0.53,1.1276,48,0.54,1.1489,1,0.535,1.1382,3383,21
SPY190726P300,2019-07-25,2019-07-25 09:34:04,0.54,1.1489,2,0.53,1.1276,191,0.54,1.1489,4,0.535,1.1382,3387,4
SPY190726P300,2019-07-25,2019-07-25 09:34:04,0.54,1.1489,10,0.53,1.1276,16,0.54,1.1489,1,0.535,1.1382,3383,0
SPY190726P300,2019-07-25,2019-07-25 09:34:10,0.54,1.1489,12,0.53,1.1276,108,0.54,1.1489,10,0.535,1.1382,3397,10
SPY190726P300,2019-07-25,2019-07-25 09:34:12,0.54,1.1489,191,0.53,1.1276,48,0.54,1.1489,10,0.535,1.1382,3397,0
SPY190726P300,2019-07-25,2019-07-25 09:34:13,0.54,1.1489,190,0.53,1.1276,8,0.53,1.1276,2,0.535,1.1382,3399,2
SPY190726P300,2019-07-25,2019-07-25 09:34:14,0.54,1.1489,144,0.53,1.1276,47,0.53,1.1276,1,0.535,1.1382,3409,10
SPY190726P300,2019-07-25,2019-07-25 09:34:15,0.54,1.1489,214,0.53,1.1276,48,0.53,1.1276,1,0.535,1.1382,3409,0
SPY190726P300,2019-07-25,2019-07-25 09:34:16,0.54,1.1489,283,0.53,1.1276,48,0.53,1.1276,1,0.535,1.1382,3409,0
SPY190726P300,2019-07-25,2019-07-25 09:34:17,0.54,1.1489,283,0.53,1.1276,48,0.53,1.1276,1,0.535,1.1382,3409,0
SPY190726P300,2019-07-25,2019-07-25 09:34:18,0.54,1.1489,283,0.53,1.1276,50,0.53,1.1276,1,0.535,1.1382,3409,0
SPY190726P300,2019-07-25,2019-07-25 09:34:20,0.54,1.1489,283,0.53,1.1276,50,0.53,1.1276,1,0.535,1.1382,3409,0
SPY190726P300,2019-07-25,2019-07-25 09:34:21,0.54,1.1489,283,0.52,1.1063,630,0.53,1.1276,1,0.53,1.1276,3409,0
SPY190726P300,2019-07-25,2019-07-25 09:34:23,0.53,1.1276,45,0.52,1.1063,692,0.54,1.1489,4,0.525,1.117,3415,6
SPY190726P300,2019-07-25,2019-07-25 09:34:24,0.53,1.1276,45,0.52,1.1063,1153,0.54,1.1489,4,0.525,1.117,3415,0
SPY190726P300,2019-07-25,2019-07-25 09:34:25,0.53,1.1276,45,0.52,1.1063,1050,0.52,1.1063,1,0.525,1.117,3441,26
SPY190726P300,2019-07-25,2019-07-25 09:34:26,0.53,1.1276,45,0.52,1.1063,772,0.52,1.1063,1,0.525,1.117,3441,0
SPY190726P300,2019-07-25,2019-07-25 09:34:27,0.53,1.1276,45,0.52,1.1063,1206,0.52,1.1063,1,0.525,1.117,3441,0
SPY190726P300,2019-07-25,2019-07-25 09:34:28,0.53,1.1276,45,0.52,1.1063,95,0.52,1.1063,9,0.525,1.117,3467,26
SPY190726P300,2019-07-25,2019-07-25 09:34:31,0.53,1.1276,45,0.52,1.1063,1372,0.53,1.1276,1,0.525,1.117,3468,1
SPY190726P300,2019-07-25,2019-07-25 09:34:33,0.53,1.1276,132,0.52,1.1063,75,0.53,1.1276,1,0.525,1.117,3468,0
SPY190726P300,2019-07-25,2019-07-25 09:34:37,0.53,1.1276,254,0.52,1.1063,42,0.53,1.1276,1,0.525,1.117,3468,0
SPY190726P300,2019-07-25,2019-07-25 09:34:38,0.53,1.1276,582,0.51,1.0851,153,0.53,1.1276,1,0.52,1.1063,3468,0
SPY190726P300,2019-07-25,2019-07-25 09:34:43,0.51,1.0851,157,0.5,1.0638,23,0.51,1.0851,29,0.505,1.0744,3497,29
SPY190726P300,2019-07-25,2019-07-25 09:34:45,0.51,1.0851,157,0.5,1.0638,89,0.5,1.0638,5,0.505,1.0744,3502,5
SPY190726P300,2019-07-25,2019-07-25 09:34:46,0.51,1.0851,233,0.5,1.0638,52,0.5,1.0638,5,0.505,1.0744,3502,0
SPY190726P300,2019-07-25,2019-07-25 09:34:47,0.51,1.0851,217,0.5,1.0638,58,0.5,1.0638,67,0.505,1.0744,3569,67
SPY190726P300,2019-07-25,2019-07-25 09:34:48,0.51,1.0851,157,0.5,1.0638,58,0.51,1.0851,5,0.505,1.0744,3674,105
SPY190726P300,2019-07-25,2019-07-25 09:34:50,0.51,1.0851,127,0.5,1.0638,26,0.51,1.0851,5,0.505,1.0744,3674,0
SPY190726P300,2019-07-25,2019-07-25 09:34:51,0.51,1.0851,324,0.5,1.0638,58,0.5,1.0638,1,0.505,1.0744,3675,1
SPY190726P300,2019-07-25,2019-07-25 09:34:53,0.51,1.0851,310,0.5,1.0638,15,0.5,1.0638,1,0.505,1.0744,3675,0
SPY190726P300,2019-07-25,2019-07-25 09:34:53,0.51,1.0851,348,0.5,1.0638,15,0.5,1.0638,1,0.505,1.0744,3675,0
SPY190726P300,2019-07-25,2019-07-25 09:34:54,0.51,1.0851,7,0.5,1.0638,15,0.5,1.0638,1,0.505,1.0744,3675,0
SPY190726P300,2019-07-25,2019-07-25 09:34:55,0.51,1.0851,7,0.5,1.0638,15,0.5,1.0638,1,0.505,1.0744,3675,0
SPY190726P300,2019-07-25,2019-07-25 09:34:56,0.51,1.0851,468,0.49,1.0425,568,0.51,1.0851,1,0.5,1.0638,3982,262
SPY190726P300,2019-07-25,2019-07-25 09:34:56,0.51,1.0851,275,0.5,1.0638,15,0.51,1.0851,45,0.505,1.0744,3720,45
SPY190726P300,2019-07-25,2019-07-25 09:34:57,0.51,1.0851,253,0.49,1.0425,1845,0.51,1.0851,1,0.5,1.0638,3982,0
SPY190726P300,2019-07-25,2019-07-25 09:34:58,0.51,1.0851,182,0.5,1.0638,545,0.51,1.0851,1,0.505,1.0744,3982,0
SPY190726P300,2019-07-25,2019-07-25 09:34:58,0.51,1.0851,657,0.49,1.0425,180,0.51,1.0851,1,0.5,1.0638,3982,0
SPY190726P300,2019-07-25,2019-07-25 09:34:59,0.5,1.0638,98,0.49,1.0425,187,0.51,1.0851,1,0.495,1.0531,3982,0
SPY190726P300,2019-07-25,2019-07-25 09:35:00,0.5,1.0638,127,0.5,1.0638,1,0.51,1.0851,1,0.5,1.0638,3982,0
SPY190726P300,2019-07-25,2019-07-25 09:35:01,0.51,1.0851,537,0.49,1.0425,844,0.51,1.0851,1,0.5,1.0638,3982,0
SPY190726P300,2019-07-25,2019-07-25 09:35:01,0.5,1.0638,208,0.48,1.0212,1119,0.51,1.0851,10,0.49,1.0425,3992,10
SPY190726P300,2019-07-25,2019-07-25 09:35:02,0.5,1.0638,184,0.49,1.0425,48,0.51,1.0851,10,0.495,1.0531,3992,0
SPY190726P300,2019-07-25,2019-07-25 09:35:03,0.5,1.0638,184,0.48,1.0212,742,0.51,1.0851,10,0.49,1.0425,3992,0
SPY190726P300,2019-07-25,2019-07-25 09:35:03,0.5,1.0638,178,0.48,1.0212,1048,0.51,1.0851,10,0.49,1.0425,3992,0
SPY190726P300,2019-07-25,2019-07-25 09:35:04,0.5,1.0638,178,0.48,1.0212,1172,0.51,1.0851,10,0.49,1.0425,3992,0
SPY190726P300,2019-07-25,2019-07-25 09:35:05,0.5,1.0638,172,0.49,1.0425,48,0.51,1.0851,10,0.495,1.0531,3992,0
SPY190726P300,2019-07-25,2019-07-25 09:35:05,0.5,1.0638,172,0.49,1.0425,58,0.51,1.0851,10,0.495,1.0531,3992,0
SPY190726P300,2019-07-25,2019-07-25 09:35:06,0.5,1.0638,24,0.49,1.0425,170,0.5,1.0638,2,0.495,1.0531,3994,2
SPY190726P300,2019-07-25,2019-07-25 09:35:07,0.5,1.0638,24,0.49,1.0425,248,0.5,1.0638,2,0.495,1.0531,3994,0
SPY190726P300,2019-07-25,2019-07-25 09:35:08,0.5,1.0638,24,0.49,1.0425,168,0.5,1.0638,2,0.495,1.0531,3994,0
SPY190726P300,2019-07-25,2019-07-25 09:35:10,0.5,1.0638,22,0.49,1.0425,643,0.5,1.0638,2,0.495,1.0531,3996,2
SPY190726P300,2019-07-25,2019-07-25 09:35:11,0.5,1.0638,22,0.49,1.0425,633,0.5,1.0638,2,0.495,1.0531,3996,0
SPY190726P300,2019-07-25,2019-07-25 09:35:13,0.5,1.0638,22,0.49,1.0425,457,0.5,1.0638,2,0.495,1.0531,3996,0
SPY190726P300,2019-07-25,2019-07-25 09:35:15,0.5,1.0638,22,0.49,1.0425,707,0.5,1.0638,2,0.495,1.0531,3996,0
SPY190726P300,2019-07-25,2019-07-25 09:35:15,0.5,1.0638,22,0.49,1.0425,705,0.5,1.0638,2,0.495,1.0531,3996,0
SPY190726P300,2019-07-25,2019-07-25 09:35:16,0.5,1.0638,22,0.49,1.0425,725,0.5,1.0638,2,0.495,1.0531,3996,0
SPY190726P300,2019-07-25,2019-07-25 09:35:17,0.5,1.0638,76,0.49,1.0425,65,0.5,1.0638,2,0.495,1.0531,3996,0
SPY190726P300,2019-07-25,2019-07-25 09:35:17,0.5,1.0638,189,0.49,1.0425,20,0.5,1.0638,2,0.495,1.0531,3996,0
SPY190726P300,2019-07-25,2019-07-25 09:35:18,0.5,1.0638,58,0.49,1.0425,157,0.5,1.0638,2,0.495,1.0531,3996,0
SPY190726P300,2019-07-25,2019-07-25 09:35:19,0.5,1.0638,162,0.49,1.0425,137,0.5,1.0638,2,0.495,1.0531,3996,0
SPY190726P300,2019-07-25,2019-07-25 09:35:19,0.5,1.0638,254,0.49,1.0425,137,0.5,1.0638,5,0.495,1.0531,4001,5
SPY190726P300,2019-07-25,2019-07-25 09:35:20,0.5,1.0638,477,0.49,1.0425,20,0.5,1.0638,5,0.495,1.0531,4001,0
SPY190726P300,2019-07-25,2019-07-25 09:35:22,0.5,1.0638,517,0.49,1.0425,20,0.5,1.0638,2,0.495,1.0531,4003,2
SPY190726P300,2019-07-25,2019-07-25 09:35:24,0.5,1.0638,617,0.47,1.0,201,0.47,1.0,1,0.485,1.0319,4024,21
SPY190726P300,2019-07-25,2019-07-25 09:35:25,0.49,1.0425,364,0.47,1.0,366,0.47,1.0,1,0.48,1.0212,4025,1
SPY190726P300,2019-07-25,2019-07-25 09:35:29,0.5,1.0638,28,0.49,1.0425,215,0.49,1.0425,1,0.495,1.0531,4026,1
SPY190726P300,2019-07-25,2019-07-25 09:35:30,0.5,1.0638,22,0.49,1.0425,397,0.49,1.0425,15,0.495,1.0531,4041,15
SPY190726P300,2019-07-25,2019-07-25 09:35:31,0.52,1.1063,153,0.51,1.0851,43,0.51,1.0851,1,0.515,1.0957,4068,27
SPY190726P300,2019-07-25,2019-07-25 09:35:32,0.51,1.0851,20,0.5,1.0638,209,0.5,1.0638,7,0.505,1.0744,4075,7
SPY190726P300,2019-07-25,2019-07-25 09:35:33,0.52,1.1063,138,0.5,1.0638,290,0.5,1.0638,7,0.51,1.0851,4075,0
SPY190726P300,2019-07-25,2019-07-25 09:35:33,0.52,1.1063,217,0.51,1.0851,167,0.5,1.0638,7,0.515,1.0957,4075,0
SPY190726P300,2019-07-25,2019-07-25 09:35:34,0.52,1.1063,167,0.51,1.0851,167,0.5,1.0638,7,0.515,1.0957,4075,0
SPY190726P300,2019-07-25,2019-07-25 09:35:35,0.52,1.1063,30,0.51,1.0851,166,0.51,1.0851,1,0.515,1.0957,4076,1
SPY190726P300,2019-07-25,2019-07-25 09:35:35,0.52,1.1063,171,0.51,1.0851,43,0.51,1.0851,1,0.515,1.0957,4076,0
SPY190726P300,2019-07-25,2019-07-25 09:35:36,0.52,1.1063,214,0.5,1.0638,957,0.51,1.0851,1,0.51,1.0851,4076,0
SPY190726P300,2019-07-25,2019-07-25 09:35:36,0.52,1.1063,504,0.5,1.0638,252,0.51,1.0851,1,0.51,1.0851,4076,0
SPY190726P300,2019-07-25,2019-07-25 09:35:37,0.52,1.1063,182,0.5,1.0638,957,0.51,1.0851,1,0.51,1.0851,4076,0
SPY190726P300,2019-07-25,2019-07-25 09:35:38,0.52,1.1063,138,0.5,1.0638,1306,0.51,1.0851,1,0.51,1.0851,4076,0
SPY190726P300,2019-07-25,2019-07-25 09:35:38,0.52,1.1063,128,0.5,1.0638,974,0.51,1.0851,1,0.51,1.0851,4076,0
SPY190726P300,2019-07-25,2019-07-25 09:35:39,0.51,1.0851,48,0.5,1.0638,223,0.51,1.0851,1,0.505,1.0744,4076,0
SPY190726P300,2019-07-25,2019-07-25 09:35:40,0.51,1.0851,75,0.5,1.0638,236,0.51,1.0851,1,0.505,1.0744,4076,0
SPY190726P300,2019-07-25,2019-07-25 09:35:40,0.51,1.0851,48,0.5,1.0638,176,0.51,1.0851,1,0.505,1.0744,4076,0
SPY190726P300,2019-07-25,2019-07-25 09:35:41,0.51,1.0851,130,0.5,1.0638,286,0.51,1.0851,1,0.505,1.0744,4076,0
SPY190726P300,2019-07-25,2019-07-25 09:35:42,0.51,1.0851,130,0.5,1.0638,176,0.51,1.0851,1,0.505,1.0744,4076,0
SPY190726P300,2019-07-25,2019-07-25 09:35:43,0.51,1.0851,1,0.5,1.0638,978,0.51,1.0851,1,0.505,1.0744,4076,0
SPY190726P300,2019-07-25,2019-07-25 09:35:43,0.51,1.0851,97,0.5,1.0638,324,0.51,1.0851,1,0.505,1.0744,4076,0
SPY190726P300,2019-07-25,2019-07-25 09:35:44,0.51,1.0851,1,0.5,1.0638,1545,0.51,1.0851,1,0.505,1.0744,4076,0
SPY190726P300,2019-07-25,2019-07-25 09:35:45,0.52,1.1063,144,0.51,1.0851,4,0.51,1.0851,1,0.515,1.0957,4077,1
SPY190726P300,2019-07-25,2019-07-25 09:35:46,0.51,1.0851,130,0.5,1.0638,247,0.51,1.0851,4,0.505,1.0744,4081,4
SPY190726P300,2019-07-25,2019-07-25 09:35:46,0.52,1.1063,397,0.51,1.0851,4,0.51,1.0851,1,0.515,1.0957,4077,0
SPY190726P300,2019-07-25,2019-07-25 09:35:47,0.52,1.1063,60,0.5,1.0638,829,0.51,1.0851,4,0.51,1.0851,4081,0
SPY190726P300,2019-07-25,2019-07-25 09:35:48,0.52,1.1063,60,0.5,1.0638,1953,0.51,1.0851,4,0.51,1.0851,4081,0
SPY190726P300,2019-07-25,2019-07-25 09:35:49,0.52,1.1063,132,0.5,1.0638,1584,0.51,1.0851,4,0.51,1.0851,4081,0
SPY190726P300,2019-07-25,2019-07-25 09:35:49,0.52,1.1063,283,0.5,1.0638,579,0.51,1.0851,4,0.51,1.0851,4081,0
SPY190726P300,2019-07-25,2019-07-25 09:35:50,0.51,1.0851,42,0.5,1.0638,579,0.51,1.0851,4,0.505,1.0744,4081,0
SPY190726P300,2019-07-25,2019-07-25 09:35:51,0.52,1.1063,494,0.5,1.0638,176,0.5,1.0638,4,0.51,1.0851,4085,4
SPY190726P300,2019-07-25,2019-07-25 09:35:52,0.52,1.1063,35,0.5,1.0638,221,0.51,1.0851,5,0.51,1.0851,4090,5
SPY190726P300,2019-07-25,2019-07-25 09:35:52,0.51,1.0851,10,0.5,1.0638,221,0.5,1.0638,4,0.505,1.0744,4085,0
SPY190726P300,2019-07-25,2019-07-25 09:35:53,0.52,1.1063,146,0.51,1.0851,36,0.51,1.0851,5,0.515,1.0957,4095,5
SPY190726P300,2019-07-25,2019-07-25 09:35:54,0.52,1.1063,171,0.51,1.0851,102,0.51,1.0851,5,0.515,1.0957,4095,0
SPY190726P300,2019-07-25,2019-07-25 09:35:55,0.52,1.1063,30,0.51,1.0851,526,0.51,1.0851,5,0.515,1.0957,4095,0
SPY190726P300,2019-07-25,2019-07-25 09:35:55,0.52,1.1063,30,0.51,1.0851,1070,0.51,1.0851,5,0.515,1.0957,4095,0
SPY190726P300,2019-07-25,2019-07-25 09:35:56,0.52,1.1063,30,0.51,1.0851,533,0.51,1.0851,5,0.515,1.0957,4095,0
SPY190726P300,2019-07-25,2019-07-25 09:35:56,0.52,1.1063,30,0.51,1.0851,1070,0.51,1.0851,5,0.515,1.0957,4095,0
SPY190726P300,2019-07-25,2019-07-25 09:35:57,0.52,1.1063,30,0.51,1.0851,1497,0.51,1.0851,5,0.515,1.0957,4095,0
SPY190726P300,2019-07-25,2019-07-25 09:35:58,0.53,1.1276,73,0.52,1.1063,42,0.52,1.1063,1,0.525,1.117,4146,51
SPY190726P300,2019-07-25,2019-07-25 09:36:00,0.54,1.1489,181,0.52,1.1063,935,0.52,1.1063,1,0.53,1.1276,4146,0
SPY190726P300,2019-07-25,2019-07-25 09:36:00,0.54,1.1489,87,0.53,1.1276,463,0.52,1.1063,1,0.535,1.1382,4146,0
SPY190726P300,2019-07-25,2019-07-25 09:36:01,0.54,1.1489,16,0.53,1.1276,56,0.52,1.1063,1,0.535,1.1382,4146,0
SPY190726P300,2019-07-25,2019-07-25 09:36:02,0.54,1.1489,400,0.52,1.1063,188,0.53,1.1276,6,0.53,1.1276,4182,36
SPY190726P300,2019-07-25,2019-07-25 09:36:03,0.54,1.1489,989,0.53,1.1276,39,0.54,1.1489,4,0.535,1.1382,4456,274
SPY190726P300,2019-07-25,2019-07-25 09:36:04,0.53,1.1276,120,0.52,1.1063,171,0.54,1.1489,4,0.525,1.117,4456,0
SPY190726P300,2019-07-25,2019-07-25 09:36:04,0.53,1.1276,58,0.52,1.1063,145,0.53,1.1276,1,0.525,1.117,4457,1
SPY190726P300,2019-07-25,2019-07-25 09:36:05,0.53,1.1276,1,0.52,1.1063,236,0.53,1.1276,1,0.525,1.117,4457,0
SPY190726P300,2019-07-25,2019-07-25 09:36:06,0.53,1.1276,58,0.52,1.1063,310,0.53,1.1276,1,0.525,1.117,4457,0
SPY190726P300,2019-07-25,2019-07-25 09:36:07,0.54,1.1489,506,0.53,1.1276,22,0.53,1.1276,1,0.535,1.1382,4457,0
SPY190726P300,2019-07-25,2019-07-25 09:36:07,0.54,1.1489,128,0.52,1.1063,142,0.53,1.1276,1,0.53,1.1276,4457,0
SPY190726P300,2019-07-25,2019-07-25 09:36:08,0.54,1.1489,252,0.53,1.1276,43,0.53,1.1276,1,0.535,1.1382,4457,0
SPY190726P300,2019-07-25,2019-07-25 09:36:09,0.53,1.1276,77,0.53,1.1276,22,0.53,1.1276,1,0.53,1.1276,4457,0
SPY190726P300,2019-07-25,2019-07-25 09:36:10,0.54,1.1489,125,0.53,1.1276,22,0.54,1.1489,3,0.535,1.1382,4462,5
SPY190726P300,2019-07-25,2019-07-25 09:36:10,0.54,1.1489,160,0.52,1.1063,241,0.54,1.1489,3,0.53,1.1276,4462,0
SPY190726P300,2019-07-25,2019-07-25 09:36:11,0.53,1.1276,26,0.52,1.1063,270,0.54,1.1489,3,0.525,1.117,4462,0
SPY190726P300,2019-07-25,2019-07-25 09:36:12,0.53,1.1276,78,0.52,1.1063,260,0.54,1.1489,3,0.525,1.117,4462,0
SPY190726P300,2019-07-25,2019-07-25 09:36:13,0.53,1.1276,78,0.52,1.1063,260,0.54,1.1489,3,0.525,1.117,4462,0
SPY190726P300,2019-07-25,2019-07-25 09:36:13,0.53,1.1276,68,0.52,1.1063,212,0.54,1.1489,3,0.525,1.117,4462,0
SPY190726P300,2019-07-25,2019-07-25 09:36:14,0.53,1.1276,601,0.51,1.0851,281,0.53,1.1276,2,0.52,1.1063,4464,2
SPY190726P300,2019-07-25,2019-07-25 09:36:15,0.52,1.1063,20,0.51,1.0851,270,0.51,1.0851,30,0.515,1.0957,4494,30
SPY190726P300,2019-07-25,2019-07-25 09:36:16,0.52,1.1063,31,0.51,1.0851,533,0.51,1.0851,30,0.515,1.0957,4494,0
SPY190726P300,2019-07-25,2019-07-25 09:36:16,0.52,1.1063,153,0.51,1.0851,238,0.51,1.0851,30,0.515,1.0957,4494,0
SPY190726P300,2019-07-25,2019-07-25 09:36:17,0.52,1.1063,41,0.51,1.0851,399,0.51,1.0851,30,0.515,1.0957,4494,0
SPY190726P300,2019-07-25,2019-07-25 09:36:18,0.53,1.1276,58,0.51,1.0851,485,0.52,1.1063,6,0.52,1.1063,4500,6
SPY190726P300,2019-07-25,2019-07-25 09:36:19,0.53,1.1276,82,0.52,1.1063,266,0.52,1.1063,6,0.525,1.117,4500,0
SPY190726P300,2019-07-25,2019-07-25 09:36:20,0.53,1.1276,574,0.52,1.1063,266,0.52,1.1063,6,0.525,1.117,4500,0
SPY190726P300,2019-07-25,2019-07-25 09:36:21,0.53,1.1276,221,0.51,1.0851,294,0.52,1.1063,5,0.52,1.1063,4506,6
SPY190726P300,2019-07-25,2019-07-25 09:36:22,0.53,1.1276,16,0.51,1.0851,604,0.52,1.1063,5,0.52,1.1063,4506,0
SPY190726P300,2019-07-25,2019-07-25 09:36:23,0.53,1.1276,68,0.52,1.1063,662,0.52,1.1063,5,0.525,1.117,4506,0
SPY190726P300,2019-07-25,2019-07-25 09:36:23,0.53,1.1276,35,0.52,1.1063,394,0.52,1.1063,5,0.525,1.117,4506,0
SPY190726P300,2019-07-25,2019-07-25 09:36:24,0.53,1.1276,68,0.52,1.1063,533,0.52,1.1063,5,0.525,1.117,4506,0
SPY190726P300,2019-07-25,2019-07-25 09:36:24,0.53,1.1276,68,0.52,1.1063,363,0.52,1.1063,5,0.525,1.117,4506,0
SPY190726P300,2019-07-25,2019-07-25 09:36:25,0.53,1.1276,34,0.52,1.1063,638,0.52,1.1063,5,0.525,1.117,4506,0
SPY190726P300,2019-07-25,2019-07-25 09:36:26,0.53,1.1276,3,0.52,1.1063,1032,0.52,1.1063,5,0.525,1.117,4506,0
SPY190726P300,2019-07-25,2019-07-25 09:36:26,0.53,1.1276,4,0.52,1.1063,835,0.52,1.1063,6,0.525,1.117,4526,20
SPY190726P300,2019-07-25,2019-07-25 09:36:27,0.53,1.1276,16,0.52,1.1063,759,0.52,1.1063,6,0.525,1.117,4526,0
SPY190726P300,2019-07-25,2019-07-25 09:36:28,0.53,1.1276,4,0.52,1.1063,1123,0.52,1.1063,6,0.525,1.117,4526,0
SPY190726P300,2019-07-25,2019-07-25 09:36:29,0.54,1.1489,35,0.53,1.1276,178,0.53,1.1276,4,0.535,1.1382,4530,4
SPY190726P300,2019-07-25,2019-07-25 09:36:30,0.54,1.1489,87,0.53,1.1276,233,0.54,1.1489,1,0.535,1.1382,4531,0
SPY190726P300,2019-07-25,2019-07-25 09:36:30,0.54,1.1489,87,0.53,1.1276,233,0.54,1.1489,1,0.535,1.1382,4531,1
SPY190726P300,2019-07-25,2019-07-25 09:36:31,0.54,1.1489,77,0.53,1.1276,291,0.54,1.1489,1,0.535,1.1382,4531,0
SPY190726P300,2019-07-25,2019-07-25 09:36:32,0.54,1.1489,68,0.53,1.1276,291,0.54,1.1489,1,0.535,1.1382,4531,0
SPY190726P300,2019-07-25,2019-07-25 09:36:33,0.54,1.1489,10,0.53,1.1276,218,0.54,1.1489,1,0.535,1.1382,4531,0
SPY190726P300,2019-07-25,2019-07-25 09:36:33,0.54,1.1489,30,0.53,1.1276,296,0.54,1.1489,1,0.535,1.1382,4531,0
SPY190726P300,2019-07-25,2019-07-25 09:36:34,0.54,1.1489,58,0.53,1.1276,10,0.54,1.1489,1,0.535,1.1382,4531,0
SPY190726P300,2019-07-25,2019-07-25 09:36:35,0.54,1.1489,21,0.53,1.1276,98,0.54,1.1489,1,0.535,1.1382,4531,0
SPY190726P300,2019-07-25,2019-07-25 09:36:36,0.54,1.1489,21,0.53,1.1276,276,0.54,1.1489,1,0.535,1.1382,4531,0
SPY190726P300,2019-07-25,2019-07-25 09:36:37,0.54,1.1489,58,0.53,1.1276,466,0.54,1.1489,1,0.535,1.1382,4531,0
SPY190726P300,2019-07-25,2019-07-25 09:36:38,0.54,1.1489,61,0.53,1.1276,438,0.54,1.1489,2,0.535,1.1382,4533,2
SPY190726P300,2019-07-25,2019-07-25 09:36:39,0.54,1.1489,61,0.53,1.1276,438,0.54,1.1489,2,0.535,1.1382,4533,0
SPY190726P300,2019-07-25,2019-07-25 09:36:40,0.54,1.1489,119,0.53,1.1276,52,0.54,1.1489,2,0.535,1.1382,4533,0
SPY190726P300,2019-07-25,2019-07-25 09:36:41,0.54,1.1489,129,0.53,1.1276,5,0.54,1.1489,2,0.535,1.1382,4533,0
SPY190726P300,2019-07-25,2019-07-25 09:36:42,0.54,1.1489,129,0.52,1.1063,1049,0.54,1.1489,2,0.53,1.1276,4535,2
SPY190726P300,2019-07-25,2019-07-25 09:36:42,0.54,1.1489,229,0.52,1.1063,669,0.54,1.1489,2,0.53,1.1276,4533,0
SPY190726P300,2019-07-25,2019-07-25 09:36:43,0.54,1.1489,6,0.53,1.1276,225,0.54,1.1489,2,0.535,1.1382,4535,0
SPY190726P300,2019-07-25,2019-07-25 09:36:44,0.54,1.1489,48,0.53,1.1276,235,0.54,1.1489,1,0.535,1.1382,4536,1
SPY190726P300,2019-07-25,2019-07-25 09:36:44,0.54,1.1489,48,0.53,1.1276,225,0.54,1.1489,2,0.535,1.1382,4535,0
SPY190726P300,2019-07-25,2019-07-25 09:36:45,0.54,1.1489,83,0.53,1.1276,199,0.54,1.1489,1,0.535,1.1382,4536,0
SPY190726P300,2019-07-25,2019-07-25 09:36:46,0.54,1.1489,83,0.53,1.1276,100,0.54,1.1489,1,0.535,1.1382,4536,0
SPY190726P300,2019-07-25,2019-07-25 09:36:46,0.53,1.1276,74,0.52,1.1063,1,0.54,1.1489,1,0.525,1.117,4536,0
SPY190726P300,2019-07-25,2019-07-25 09:36:47,0.53,1.1276,74,0.52,1.1063,5,0.54,1.1489,1,0.525,1.117,4536,0
SPY190726P300,2019-07-25,2019-07-25 09:36:48,0.53,1.1276,10,0.52,1.1063,272,0.54,1.1489,1,0.525,1.117,4536,0
SPY190726P300,2019-07-25,2019-07-25 09:36:49,0.53,1.1276,8,0.52,1.1063,272,0.54,1.1489,3,0.525,1.117,4541,5
SPY190726P300,2019-07-25,2019-07-25 09:36:49,0.53,1.1276,8,0.52,1.1063,559,0.54,1.1489,3,0.525,1.117,4541,0
SPY190726P300,2019-07-25,2019-07-25 09:36:50,0.54,1.1489,170,0.52,1.1063,774,0.54,1.1489,3,0.53,1.1276,4541,0
SPY190726P300,2019-07-25,2019-07-25 09:36:51,0.54,1.1489,249,0.52,1.1063,669,0.54,1.1489,3,0.53,1.1276,4541,0
SPY190726P300,2019-07-25,2019-07-25 09:36:51,0.54,1.1489,482,0.52,1.1063,559,0.54,1.1489,3,0.53,1.1276,4541,0
SPY190726P300,2019-07-25,2019-07-25 09:36:52,0.54,1.1489,5,0.53,1.1276,229,0.54,1.1489,3,0.535,1.1382,4541,0
SPY190726P300,2019-07-25,2019-07-25 09:36:52,0.54,1.1489,209,0.52,1.1063,669,0.54,1.1489,3,0.53,1.1276,4541,0
SPY190726P300,2019-07-25,2019-07-25 09:36:53,0.55,1.1702,883,0.53,1.1276,282,0.54,1.1489,8,0.54,1.1489,4566,25
SPY190726P300,2019-07-25,2019-07-25 09:36:54,0.54,1.1489,8,0.53,1.1276,282,0.54,1.1489,8,0.535,1.1382,4566,0
SPY190726P300,2019-07-25,2019-07-25 09:36:55,0.54,1.1489,9,0.53,1.1276,224,0.54,1.1489,8,0.535,1.1382,4566,0
SPY190726P300,2019-07-25,2019-07-25 09:36:56,0.55,1.1702,381,0.54,1.1489,163,0.54,1.1489,2,0.545,1.1595,4568,2
SPY190726P300,2019-07-25,2019-07-25 09:36:56,0.55,1.1702,25,0.54,1.1489,43,0.55,1.1702,10,0.545,1.1595,4578,10
SPY190726P300,2019-07-25,2019-07-25 09:36:57,0.55,1.1702,176,0.53,1.1276,682,0.55,1.1702,10,0.54,1.1489,4578,0
SPY190726P300,2019-07-25,2019-07-25 09:36:58,0.54,1.1489,370,0.53,1.1276,1,0.55,1.1702,10,0.535,1.1382,4578,0
SPY190726P300,2019-07-25,2019-07-25 09:36:58,0.54,1.1489,10,0.53,1.1276,180,0.55,1.1702,10,0.535,1.1382,4578,0
SPY190726P300,2019-07-25,2019-07-25 09:36:59,0.54,1.1489,128,0.53,1.1276,1,0.55,1.1702,10,0.535,1.1382,4578,0
SPY190726P300,2019-07-25,2019-07-25 09:37:00,0.54,1.1489,354,0.53,1.1276,1,0.55,1.1702,10,0.535,1.1382,4578,0
SPY190726P300,2019-07-25,2019-07-25 09:37:01,0.54,1.1489,209,0.53,1.1276,102,0.55,1.1702,10,0.535,1.1382,4578,0
SPY190726P300,2019-07-25,2019-07-25 09:37:02,0.54,1.1489,209,0.53,1.1276,31,0.55,1.1702,10,0.535,1.1382,4578,0
SPY190726P300,2019-07-25,2019-07-25 09:37:02,0.54,1.1489,100,0.53,1.1276,31,0.55,1.1702,10,0.535,1.1382,4578,0
SPY190726P300,2019-07-25,2019-07-25 09:37:03,0.54,1.1489,139,0.53,1.1276,56,0.55,1.1702,10,0.535,1.1382,4578,0
SPY190726P300,2019-07-25,2019-07-25 09:37:04,0.54,1.1489,485,0.53,1.1276,28,0.53,1.1276,2,0.535,1.1382,4581,0
SPY190726P300,2019-07-25,2019-07-25 09:37:04,0.54,1.1489,209,0.53,1.1276,28,0.53,1.1276,2,0.535,1.1382,4581,3
SPY190726P300,2019-07-25,2019-07-25 09:37:05,0.54,1.1489,485,0.53,1.1276,28,0.53,1.1276,2,0.535,1.1382,4581,0
SPY190726P300,2019-07-25,2019-07-25 09:37:06,0.54,1.1489,1160,0.53,1.1276,28,0.53,1.1276,2,0.535,1.1382,4581,0
SPY190726P300,2019-07-25,2019-07-25 09:37:06,0.54,1.1489,583,0.53,1.1276,28,0.53,1.1276,2,0.535,1.1382,4581,0
SPY190726P300,2019-07-25,2019-07-25 09:37:07,0.54,1.1489,516,0.53,1.1276,28,0.53,1.1276,2,0.535,1.1382,4581,0
SPY190726P300,2019-07-25,2019-07-25 09:37:07,0.54,1.1489,475,0.53,1.1276,28,0.53,1.1276,2,0.535,1.1382,4581,0
SPY190726P300,2019-07-25,2019-07-25 09:37:08,0.54,1.1489,100,0.53,1.1276,90,0.53,1.1276,2,0.535,1.1382,4581,0
SPY190726P300,2019-07-25,2019-07-25 09:37:09,0.54,1.1489,100,0.53,1.1276,144,0.53,1.1276,2,0.535,1.1382,4581,0
SPY190726P300,2019-07-25,2019-07-25 09:37:10,0.54,1.1489,100,0.53,1.1276,127,0.53,1.1276,2,0.535,1.1382,4581,0
SPY190726P300,2019-07-25,2019-07-25 09:37:11,0.54,1.1489,465,0.53,1.1276,127,0.53,1.1276,2,0.535,1.1382,4581,0
SPY190726P300,2019-07-25,2019-07-25 09:37:12,0.54,1.1489,867,0.53,1.1276,127,0.53,1.1276,2,0.535,1.1382,4581,0
SPY190726P300,2019-07-25,2019-07-25 09:37:13,0.54,1.1489,100,0.53,1.1276,91,0.53,1.1276,2,0.535,1.1382,4581,0
SPY190726P300,2019-07-25,2019-07-25 09:37:13,0.54,1.1489,852,0.53,1.1276,127,0.53,1.1276,2,0.535,1.1382,4581,0
SPY190726P300,2019-07-25,2019-07-25 09:37:14,0.54,1.1489,132,0.53,1.1276,60,0.53,1.1276,2,0.535,1.1382,4581,0
SPY190726P300,2019-07-25,2019-07-25 09:37:14,0.54,1.1489,100,0.53,1.1276,172,0.53,1.1276,2,0.535,1.1382,4581,0
SPY190726P300,2019-07-25,2019-07-25 09:37:15,0.54,1.1489,100,0.53,1.1276,110,0.53,1.1276,2,0.535,1.1382,4581,0
SPY190726P300,2019-07-25,2019-07-25 09:37:16,0.54,1.1489,100,0.53,1.1276,173,0.53,1.1276,2,0.535,1.1382,4581,0
SPY190726P300,2019-07-25,2019-07-25 09:37:16,0.54,1.1489,100,0.53,1.1276,152,0.53,1.1276,2,0.535,1.1382,4581,0
SPY190726P300,2019-07-25,2019-07-25 09:37:17,0.54,1.1489,100,0.53,1.1276,173,0.53,1.1276,2,0.535,1.1382,4581,0
SPY190726P300,2019-07-25,2019-07-25 09:37:17,0.54,1.1489,137,0.53,1.1276,48,0.53,1.1276,2,0.535,1.1382,4581,0
SPY190726P300,2019-07-25,2019-07-25 09:37:18,0.54,1.1489,427,0.53,1.1276,129,0.53,1.1276,2,0.535,1.1382,4581,0
SPY190726P300,2019-07-25,2019-07-25 09:37:19,0.54,1.1489,100,0.53,1.1276,118,0.53,1.1276,2,0.535,1.1382,4581,0
SPY190726P300,2019-07-25,2019-07-25 09:37:20,0.54,1.1489,120,0.53,1.1276,103,0.53,1.1276,2,0.535,1.1382,4581,0
SPY190726P300,2019-07-25,2019-07-25 09:37:21,0.54,1.1489,92,0.53,1.1276,170,0.54,1.1489,9,0.535,1.1382,4591,0
SPY190726P300,2019-07-25,2019-07-25 09:37:21,0.54,1.1489,91,0.53,1.1276,156,0.54,1.1489,9,0.535,1.1382,4591,10
SPY190726P300,2019-07-25,2019-07-25 09:37:22,0.54,1.1489,92,0.53,1.1276,170,0.54,1.1489,9,0.535,1.1382,4591,0
SPY190726P300,2019-07-25,2019-07-25 09:37:22,0.54,1.1489,92,0.53,1.1276,180,0.53,1.1276,1,0.535,1.1382,4592,1
SPY190726P300,2019-07-25,2019-07-25 09:37:23,0.54,1.1489,92,0.53,1.1276,194,0.53,1.1276,1,0.535,1.1382,4592,0
SPY190726P300,2019-07-25,2019-07-25 09:37:24,0.54,1.1489,92,0.53,1.1276,194,0.53,1.1276,1,0.535,1.1382,4592,0
SPY190726P300,2019-07-25,2019-07-25 09:37:25,0.54,1.1489,91,0.53,1.1276,194,0.53,1.1276,1,0.535,1.1382,4592,0
SPY190726P300,2019-07-25,2019-07-25 09:37:26,0.54,1.1489,91,0.53,1.1276,194,0.53,1.1276,1,0.535,1.1382,4592,0
SPY190726P300,2019-07-25,2019-07-25 09:37:27,0.54,1.1489,91,0.53,1.1276,194,0.53,1.1276,1,0.535,1.1382,4592,0
SPY190726P300,2019-07-25,2019-07-25 09:37:28,0.54,1.1489,91,0.53,1.1276,311,0.53,1.1276,1,0.535,1.1382,4592,0
SPY190726P300,2019-07-25,2019-07-25 09:37:28,0.54,1.1489,91,0.53,1.1276,194,0.53,1.1276,1,0.535,1.1382,4592,0
SPY190726P300,2019-07-25,2019-07-25 09:37:30,0.54,1.1489,91,0.53,1.1276,484,0.53,1.1276,1,0.535,1.1382,4592,0
SPY190726P300,2019-07-25,2019-07-25 09:37:31,0.54,1.1489,90,0.53,1.1276,484,0.54,1.1489,1,0.535,1.1382,4593,0
SPY190726P300,2019-07-25,2019-07-25 09:37:31,0.54,1.1489,90,0.53,1.1276,484,0.54,1.1489,1,0.535,1.1382,4593,1
SPY190726P300,2019-07-25,2019-07-25 09:37:32,0.55,1.1702,69,0.53,1.1276,834,0.54,1.1489,2,0.54,1.1489,4685,92
SPY190726P300,2019-07-25,2019-07-25 09:37:33,0.55,1.1702,169,0.53,1.1276,60,0.54,1.1489,2,0.54,1.1489,4685,0
SPY190726P300,2019-07-25,2019-07-25 09:37:33,0.54,1.1489,182,0.53,1.1276,28,0.54,1.1489,2,0.535,1.1382,4685,0
SPY190726P300,2019-07-25,2019-07-25 09:37:34,0.55,1.1702,1004,0.53,1.1276,368,0.54,1.1489,2,0.54,1.1489,4685,0
SPY190726P300,2019-07-25,2019-07-25 09:37:34,0.55,1.1702,539,0.53,1.1276,368,0.54,1.1489,2,0.54,1.1489,4685,0
SPY190726P300,2019-07-25,2019-07-25 09:37:35,0.55,1.1702,1004,0.54,1.1489,2,0.54,1.1489,2,0.545,1.1595,4685,0
SPY190726P300,2019-07-25,2019-07-25 09:37:36,0.54,1.1489,160,0.54,1.1489,2,0.54,1.1489,2,0.54,1.1489,4687,0
SPY190726P300,2019-07-25,2019-07-25 09:37:36,0.54,1.1489,160,0.54,1.1489,2,0.54,1.1489,2,0.54,1.1489,4687,2
SPY190726P300,2019-07-25,2019-07-25 09:37:37,0.54,1.1489,210,0.53,1.1276,28,0.54,1.1489,2,0.535,1.1382,4687,0
SPY190726P300,2019-07-25,2019-07-25 09:37:37,0.54,1.1489,210,0.53,1.1276,41,0.54,1.1489,2,0.535,1.1382,4687,0
SPY190726P300,2019-07-25,2019-07-25 09:37:38,0.54,1.1489,362,0.53,1.1276,66,0.54,1.1489,2,0.535,1.1382,4687,0
SPY190726P300,2019-07-25,2019-07-25 09:37:39,0.54,1.1489,362,0.53,1.1276,66,0.54,1.1489,2,0.535,1.1382,4687,0
SPY190726P300,2019-07-25,2019-07-25 09:37:39,0.55,1.1702,219,0.53,1.1276,350,0.54,1.1489,2,0.54,1.1489,4687,0
SPY190726P300,2019-07-25,2019-07-25 09:37:40,0.55,1.1702,247,0.53,1.1276,694,0.54,1.1489,2,0.54,1.1489,4687,0
SPY190726P300,2019-07-25,2019-07-25 09:37:41,0.55,1.1702,47,0.54,1.1489,48,0.54,1.1489,2,0.545,1.1595,4687,0
SPY190726P300,2019-07-25,2019-07-25 09:37:42,0.55,1.1702,229,0.53,1.1276,698,0.54,1.1489,2,0.54,1.1489,4687,0
SPY190726P300,2019-07-25,2019-07-25 09:37:42,0.55,1.1702,29,0.53,1.1276,698,0.54,1.1489,2,0.54,1.1489,4687,0
SPY190726P300,2019-07-25,2019-07-25 09:37:43,0.55,1.1702,229,0.54,1.1489,48,0.54,1.1489,2,0.545,1.1595,4687,0
SPY190726P300,2019-07-25,2019-07-25 09:37:44,0.55,1.1702,29,0.54,1.1489,178,0.54,1.1489,2,0.545,1.1595,4687,0
SPY190726P300,2019-07-25,2019-07-25 09:37:44,0.55,1.1702,229,0.54,1.1489,58,0.54,1.1489,2,0.545,1.1595,4687,0
SPY190726P300,2019-07-25,2019-07-25 09:37:45,0.55,1.1702,29,0.54,1.1489,188,0.54,1.1489,2,0.545,1.1595,4687,0
SPY190726P300,2019-07-25,2019-07-25 09:37:46,0.55,1.1702,19,0.54,1.1489,385,0.54,1.1489,2,0.545,1.1595,4687,0
SPY190726P300,2019-07-25,2019-07-25 09:37:46,0.55,1.1702,19,0.54,1.1489,188,0.54,1.1489,2,0.545,1.1595,4687,0
SPY190726P300,2019-07-25,2019-07-25 09:37:47,0.55,1.1702,19,0.54,1.1489,858,0.54,1.1489,2,0.545,1.1595,4687,0
SPY190726P300,2019-07-25,2019-07-25 09:37:48,0.55,1.1702,19,0.54,1.1489,762,0.54,1.1489,2,0.545,1.1595,4687,0
SPY190726P300,2019-07-25,2019-07-25 09:37:49,0.55,1.1702,19,0.54,1.1489,590,0.55,1.1702,4,0.545,1.1595,4691,4
SPY190726P300,2019-07-25,2019-07-25 09:37:49,0.55,1.1702,19,0.54,1.1489,762,0.54,1.1489,2,0.545,1.1595,4687,0
SPY190726P300,2019-07-25,2019-07-25 09:37:50,0.55,1.1702,19,0.55,1.1702,1,0.56,1.1914,30,0.55,1.1702,4741,50
SPY190726P300,2019-07-25,2019-07-25 09:37:51,0.56,1.1914,341,0.54,1.1489,1054,0.56,1.1914,30,0.55,1.1702,4741,0
SPY190726P300,2019-07-25,2019-07-25 09:37:51,0.56,1.1914,319,0.55,1.1702,30,0.56,1.1914,30,0.555,1.1808,4741,0
SPY190726P300,2019-07-25,2019-07-25 09:37:52,0.56,1.1914,319,0.55,1.1702,30,0.56,1.1914,30,0.555,1.1808,4741,0
SPY190726P300,2019-07-25,2019-07-25 09:37:52,0.56,1.1914,319,0.55,1.1702,32,0.56,1.1914,30,0.555,1.1808,4741,0
SPY190726P300,2019-07-25,2019-07-25 09:37:53,0.56,1.1914,297,0.55,1.1702,50,0.56,1.1914,30,0.555,1.1808,4741,0
SPY190726P300,2019-07-25,2019-07-25 09:37:54,0.56,1.1914,297,0.55,1.1702,32,0.56,1.1914,30,0.555,1.1808,4741,0
SPY190726P300,2019-07-25,2019-07-25 09:37:55,0.56,1.1914,297,0.55,1.1702,58,0.56,1.1914,30,0.555,1.1808,4741,0
SPY190726P300,2019-07-25,2019-07-25 09:37:56,0.56,1.1914,2,0.55,1.1702,378,0.56,1.1914,30,0.555,1.1808,4741,0
SPY190726P300,2019-07-25,2019-07-25 09:37:56,0.56,1.1914,188,0.55,1.1702,162,0.56,1.1914,30,0.555,1.1808,4741,0
SPY190726P300,2019-07-25,2019-07-25 09:37:57,0.57,1.2127,584,0.55,1.1702,730,0.56,1.1914,1,0.56,1.1914,4744,3
SPY190726P300,2019-07-25,2019-07-25 09:37:58,0.57,1.2127,210,0.56,1.1914,171,0.56,1.1914,1,0.565,1.2021,4744,0
SPY190726P300,2019-07-25,2019-07-25 09:37:58,0.57,1.2127,584,0.56,1.1914,181,0.56,1.1914,1,0.565,1.2021,4744,0
SPY190726P300,2019-07-25,2019-07-25 09:37:59,0.57,1.2127,10,0.56,1.1914,519,0.56,1.1914,1,0.565,1.2021,4744,0
SPY190726P300,2019-07-25,2019-07-25 09:37:59,0.57,1.2127,210,0.56,1.1914,157,0.56,1.1914,1,0.565,1.2021,4744,0
SPY190726P300,2019-07-25,2019-07-25 09:38:00,0.57,1.2127,10,0.56,1.1914,724,0.56,1.1914,1,0.565,1.2021,4744,0
SPY190726P300,2019-07-25,2019-07-25 09:38:01,0.57,1.2127,10,0.56,1.1914,969,0.56,1.1914,1,0.565,1.2021,4744,0
SPY190726P300,2019-07-25,2019-07-25 09:38:02,0.57,1.2127,10,0.56,1.1914,1120,0.56,1.1914,1,0.565,1.2021,4744,0
SPY190726P300,2019-07-25,2019-07-25 09:38:03,0.57,1.2127,10,0.56,1.1914,995,0.56,1.1914,1,0.565,1.2021,4744,0
SPY190726P300,2019-07-25,2019-07-25 09:38:03,0.59,1.2553,268,0.57,1.2127,244,0.57,1.2127,10,0.58,1.234,4754,10
SPY190726P300,2019-07-25,2019-07-25 09:38:04,0.59,1.2553,425,0.57,1.2127,276,0.57,1.2127,10,0.58,1.234,4754,0
SPY190726P300,2019-07-25,2019-07-25 09:38:04,0.59,1.2553,351,0.58,1.234,42,0.57,1.2127,10,0.585,1.2446,4754,0
SPY190726P300,2019-07-25,2019-07-25 09:38:05,0.59,1.2553,239,0.58,1.234,42,0.57,1.2127,10,0.585,1.2446,4754,0
SPY190726P300,2019-07-25,2019-07-25 09:38:06,0.59,1.2553,333,0.58,1.234,42,0.57,1.2127,10,0.585,1.2446,4754,0
SPY190726P300,2019-07-25,2019-07-25 09:38:06,0.59,1.2553,374,0.58,1.234,42,0.57,1.2127,10,0.585,1.2446,4754,0
SPY190726P300,2019-07-25,2019-07-25 09:38:07,0.59,1.2553,320,0.58,1.234,42,0.57,1.2127,10,0.585,1.2446,4754,0
SPY190726P300,2019-07-25,2019-07-25 09:38:08,0.59,1.2553,484,0.58,1.234,42,0.59,1.2553,1,0.585,1.2446,4755,1
SPY190726P300,2019-07-25,2019-07-25 09:38:08,0.59,1.2553,484,0.58,1.234,42,0.59,1.2553,1,0.585,1.2446,4755,0
SPY190726P300,2019-07-25,2019-07-25 09:38:09,0.59,1.2553,361,0.58,1.234,104,0.59,1.2553,1,0.585,1.2446,4755,0
SPY190726P300,2019-07-25,2019-07-25 09:38:09,0.59,1.2553,443,0.57,1.2127,648,0.59,1.2553,1,0.58,1.234,4755,0
SPY190726P300,2019-07-25,2019-07-25 09:38:10,0.6,1.2765,39,0.58,1.234,196,0.58,1.234,1,0.59,1.2553,4767,12
SPY190726P300,2019-07-25,2019-07-25 09:38:11,0.6,1.2765,19,0.59,1.2553,273,0.58,1.234,1,0.595,1.2659,4767,0
SPY190726P300,2019-07-25,2019-07-25 09:38:12,0.6,1.2765,19,0.59,1.2553,1038,0.58,1.234,1,0.595,1.2659,4767,0
SPY190726P300,2019-07-25,2019-07-25 09:38:12,0.6,1.2765,19,0.59,1.2553,525,0.58,1.234,1,0.595,1.2659,4767,0
SPY190726P300,2019-07-25,2019-07-25 09:38:13,0.6,1.2765,19,0.59,1.2553,1073,0.58,1.234,1,0.595,1.2659,4767,0
SPY190726P300,2019-07-25,2019-07-25 09:38:14,0.61,1.2978,110,0.6,1.2765,1,0.6,1.2765,8,0.605,1.2872,4883,51
SPY190726P300,2019-07-25,2019-07-25 09:38:14,0.6,1.2765,19,0.59,1.2553,50,0.6,1.2765,12,0.595,1.2659,4832,65
SPY190726P300,2019-07-25,2019-07-25 09:38:15,0.61,1.2978,33,0.61,1.2978,251,0.61,1.2978,33,0.61,1.2978,4916,33
SPY190726P300,2019-07-25,2019-07-25 09:38:16,0.62,1.3191,1058,0.61,1.2978,222,0.61,1.2978,2,0.615,1.3085,4974,58
SPY190726P300,2019-07-25,2019-07-25 09:38:17,0.61,1.2978,548,0.6,1.2765,22,0.62,1.3191,12,0.605,1.2872,5167,193
SPY190726P300,2019-07-25,2019-07-25 09:38:18,0.61,1.2978,548,0.6,1.2765,22,0.62,1.3191,12,0.605,1.2872,5167,0
SPY190726P300,2019-07-25,2019-07-25 09:38:19,0.61,1.2978,5,0.6,1.2765,22,0.62,1.3191,12,0.605,1.2872,5167,0
SPY190726P300,2019-07-25,2019-07-25 09:38:19,0.62,1.3191,123,0.61,1.2978,39,0.61,1.2978,1,0.615,1.3085,5168,1
SPY190726P300,2019-07-25,2019-07-25 09:38:20,0.62,1.3191,123,0.61,1.2978,39,0.61,1.2978,1,0.615,1.3085,5168,0
SPY190726P300,2019-07-25,2019-07-25 09:38:21,0.62,1.3191,137,0.61,1.2978,33,0.61,1.2978,1,0.615,1.3085,5168,0
SPY190726P300,2019-07-25,2019-07-25 09:38:21,0.62,1.3191,1,0.61,1.2978,49,0.62,1.3191,1,0.615,1.3085,5170,2
SPY190726P300,2019-07-25,2019-07-25 09:38:22,0.62,1.3191,56,0.61,1.2978,39,0.62,1.3191,1,0.615,1.3085,5170,0
SPY190726P300,2019-07-25,2019-07-25 09:38:23,0.61,1.2978,732,0.6,1.2765,10,0.61,1.2978,4,0.605,1.2872,5175,5
SPY190726P300,2019-07-25,2019-07-25 09:38:23,0.61,1.2978,1780,0.6,1.2765,8,0.61,1.2978,4,0.605,1.2872,5236,61
SPY190726P300,2019-07-25,2019-07-25 09:38:24,0.6,1.2765,1038,0.59,1.2553,28,0.6,1.2765,4,0.595,1.2659,5240,4
SPY190726P300,2019-07-25,2019-07-25 09:38:25,0.6,1.2765,548,0.59,1.2553,48,0.6,1.2765,3,0.595,1.2659,5246,3
SPY190726P300,2019-07-25,2019-07-25 09:38:25,0.6,1.2765,1269,0.59,1.2553,28,0.6,1.2765,3,0.595,1.2659,5243,3
SPY190726P300,2019-07-25,2019-07-25 09:38:26,0.6,1.2765,257,0.59,1.2553,48,0.6,1.2765,3,0.595,1.2659,5246,0
SPY190726P300,2019-07-25,2019-07-25 09:38:27,0.6,1.2765,1021,0.59,1.2553,57,0.6,1.2765,3,0.595,1.2659,5246,0
SPY190726P300,2019-07-25,2019-07-25 09:38:28,0.59,1.2553,541,0.58,1.234,2,0.59,1.2553,1,0.585,1.2446,5287,41
SPY190726P300,2019-07-25,2019-07-25 09:38:28,0.6,1.2765,1126,0.59,1.2553,57,0.6,1.2765,3,0.595,1.2659,5246,0
SPY190726P300,2019-07-25,2019-07-25 09:38:29,0.58,1.234,283,0.57,1.2127,361,0.58,1.234,2,0.575,1.2234,5289,2
SPY190726P300,2019-07-25,2019-07-25 09:38:29,0.57,1.2127,365,0.56,1.1914,3,0.56,1.1914,5,0.565,1.2021,5295,6
SPY190726P300,2019-07-25,2019-07-25 09:38:30,0.57,1.2127,1071,0.56,1.1914,2,0.57,1.2127,3,0.565,1.2021,5298,3
SPY190726P300,2019-07-25,2019-07-25 09:38:31,0.56,1.1914,949,0.55,1.1702,30,0.56,1.1914,2,0.555,1.1808,5300,2
SPY190726P300,2019-07-25,2019-07-25 09:38:32,0.56,1.1914,2432,0.55,1.1702,30,0.56,1.1914,2,0.555,1.1808,5300,0
SPY190726P300,2019-07-25,2019-07-25 09:38:32,0.56,1.1914,2448,0.55,1.1702,30,0.56,1.1914,5,0.555,1.1808,5306,6
SPY190726P300,2019-07-25,2019-07-25 09:38:33,0.55,1.1702,187,0.54,1.1489,48,0.55,1.1702,1,0.545,1.1595,5356,0
SPY190726P300,2019-07-25,2019-07-25 09:38:33,0.55,1.1702,1212,0.53,1.1276,48,0.55,1.1702,1,0.54,1.1489,5356,50
SPY190726P300,2019-07-25,2019-07-25 09:38:34,0.55,1.1702,187,0.54,1.1489,48,0.55,1.1702,1,0.545,1.1595,5356,0
SPY190726P300,2019-07-25,2019-07-25 09:38:35,0.54,1.1489,5,0.53,1.1276,98,0.55,1.1702,1,0.535,1.1382,5356,0
SPY190726P300,2019-07-25,2019-07-25 09:38:36,0.55,1.1702,187,0.54,1.1489,70,0.55,1.1702,1,0.545,1.1595,5357,1
SPY190726P300,2019-07-25,2019-07-25 09:38:37,0.55,1.1702,110,0.54,1.1489,73,0.55,1.1702,1,0.545,1.1595,5357,0
SPY190726P300,2019-07-25,2019-07-25 09:38:37,0.55,1.1702,139,0.54,1.1489,42,0.55,1.1702,1,0.545,1.1595,5357,0
SPY190726P300,2019-07-25,2019-07-25 09:38:38,0.55,1.1702,15,0.54,1.1489,88,0.55,1.1702,1,0.545,1.1595,5357,0
SPY190726P300,2019-07-25,2019-07-25 09:38:39,0.54,1.1489,11,0.53,1.1276,87,0.55,1.1702,1,0.535,1.1382,5357,0
SPY190726P300,2019-07-25,2019-07-25 09:38:39,0.55,1.1702,674,0.53,1.1276,89,0.55,1.1702,1,0.54,1.1489,5357,0
SPY190726P300,2019-07-25,2019-07-25 09:38:40,0.54,1.1489,11,0.53,1.1276,125,0.55,1.1702,1,0.535,1.1382,5357,0
SPY190726P300,2019-07-25,2019-07-25 09:38:40,0.54,1.1489,5,0.53,1.1276,125,0.55,1.1702,4,0.535,1.1382,5361,4
SPY190726P300,2019-07-25,2019-07-25 09:38:41,0.54,1.1489,5,0.53,1.1276,33,0.55,1.1702,4,0.535,1.1382,5361,0
SPY190726P300,2019-07-25,2019-07-25 09:38:42,0.53,1.1276,512,0.51,1.0851,98,0.53,1.1276,60,0.52,1.1063,5461,100
SPY190726P300,2019-07-25,2019-07-25 09:38:42,0.54,1.1489,900,0.52,1.1063,92,0.55,1.1702,4,0.53,1.1276,5361,0
SPY190726P300,2019-07-25,2019-07-25 09:38:43,0.52,1.1063,711,0.51,1.0851,42,0.53,1.1276,60,0.515,1.0957,5461,0
SPY190726P300,2019-07-25,2019-07-25 09:38:44,0.53,1.1276,17,0.51,1.0851,42,0.53,1.1276,60,0.52,1.1063,5461,0
SPY190726P300,2019-07-25,2019-07-25 09:38:44,0.54,1.1489,384,0.53,1.1276,48,0.53,1.1276,60,0.535,1.1382,5461,0
SPY190726P300,2019-07-25,2019-07-25 09:38:45,0.54,1.1489,201,0.53,1.1276,90,0.53,1.1276,60,0.535,1.1382,5461,0
SPY190726P300,2019-07-25,2019-07-25 09:38:46,0.54,1.1489,642,0.53,1.1276,48,0.53,1.1276,60,0.535,1.1382,5461,0
SPY190726P300,2019-07-25,2019-07-25 09:38:47,0.55,1.1702,199,0.54,1.1489,69,0.53,1.1276,60,0.545,1.1595,5461,0
SPY190726P300,2019-07-25,2019-07-25 09:38:47,0.55,1.1702,11,0.53,1.1276,394,0.53,1.1276,60,0.54,1.1489,5461,0
SPY190726P300,2019-07-25,2019-07-25 09:38:48,0.55,1.1702,15,0.54,1.1489,69,0.53,1.1276,60,0.545,1.1595,5461,0
SPY190726P300,2019-07-25,2019-07-25 09:38:48,0.55,1.1702,199,0.54,1.1489,69,0.53,1.1276,60,0.545,1.1595,5461,0
SPY190726P300,2019-07-25,2019-07-25 09:38:49,0.55,1.1702,15,0.54,1.1489,294,0.53,1.1276,60,0.545,1.1595,5461,0
SPY190726P300,2019-07-25,2019-07-25 09:38:50,0.57,1.2127,656,0.55,1.1702,115,0.55,1.1702,4,0.56,1.1914,5471,10
SPY190726P300,2019-07-25,2019-07-25 09:38:50,0.57,1.2127,1403,0.55,1.1702,48,0.55,1.1702,4,0.56,1.1914,5471,0
SPY190726P300,2019-07-25,2019-07-25 09:38:51,0.57,1.2127,2371,0.56,1.1914,21,0.55,1.1702,4,0.565,1.2021,5471,0
SPY190726P300,2019-07-25,2019-07-25 09:38:52,0.57,1.2127,359,0.55,1.1702,243,0.55,1.1702,4,0.56,1.1914,5471,0
SPY190726P300,2019-07-25,2019-07-25 09:38:52,0.57,1.2127,229,0.55,1.1702,243,0.55,1.1702,4,0.56,1.1914,5471,0
SPY190726P300,2019-07-25,2019-07-25 09:38:53,0.58,1.234,128,0.56,1.1914,336,0.55,1.1702,4,0.57,1.2127,5471,0
SPY190726P300,2019-07-25,2019-07-25 09:38:53,0.57,1.2127,10,0.56,1.1914,98,0.55,1.1702,4,0.565,1.2021,5471,0
SPY190726P300,2019-07-25,2019-07-25 09:38:54,0.57,1.2127,8,0.56,1.1914,48,0.55,1.1702,4,0.565,1.2021,5471,0
SPY190726P300,2019-07-25,2019-07-25 09:38:55,0.57,1.2127,66,0.56,1.1914,82,0.55,1.1702,4,0.565,1.2021,5471,0
SPY190726P300,2019-07-25,2019-07-25 09:38:55,0.57,1.2127,194,0.56,1.1914,34,0.55,1.1702,4,0.565,1.2021,5471,0
SPY190726P300,2019-07-25,2019-07-25 09:38:57,0.56,1.1914,183,0.54,1.1489,148,0.55,1.1702,4,0.55,1.1702,5471,0
SPY190726P300,2019-07-25,2019-07-25 09:38:57,0.57,1.2127,10,0.55,1.1702,202,0.55,1.1702,4,0.56,1.1914,5471,0
SPY190726P300,2019-07-25,2019-07-25 09:38:58,0.58,1.234,508,0.56,1.1914,78,0.55,1.1702,4,0.57,1.2127,5471,0
SPY190726P300,2019-07-25,2019-07-25 09:38:59,0.58,1.234,110,0.57,1.2127,130,0.55,1.1702,4,0.575,1.2234,5471,0
SPY190726P300,2019-07-25,2019-07-25 09:39:00,0.59,1.2553,121,0.57,1.2127,497,0.55,1.1702,4,0.58,1.234,5471,0
SPY190726P300,2019-07-25,2019-07-25 09:39:00,0.59,1.2553,421,0.57,1.2127,451,0.55,1.1702,4,0.58,1.234,5471,0
SPY190726P300,2019-07-25,2019-07-25 09:39:02,0.57,1.2127,5,0.56,1.1914,48,0.55,1.1702,4,0.565,1.2021,5471,0
SPY190726P300,2019-07-25,2019-07-25 09:39:02,0.58,1.234,166,0.57,1.2127,21,0.55,1.1702,4,0.575,1.2234,5471,0
SPY190726P300,2019-07-25,2019-07-25 09:39:03,0.57,1.2127,5,0.56,1.1914,48,0.55,1.1702,4,0.565,1.2021,5471,0
SPY190726P300,2019-07-25,2019-07-25 09:39:03,0.56,1.1914,5,0.55,1.1702,90,0.55,1.1702,4,0.555,1.1808,5471,0
SPY190726P300,2019-07-25,2019-07-25 09:39:04,0.56,1.1914,159,0.55,1.1702,80,0.55,1.1702,4,0.555,1.1808,5471,0
SPY190726P300,2019-07-25,2019-07-25 09:39:06,0.56,1.1914,195,0.55,1.1702,42,0.55,1.1702,4,0.555,1.1808,5471,0
SPY190726P300,2019-07-25,2019-07-25 09:39:06,0.57,1.2127,467,0.55,1.1702,163,0.55,1.1702,4,0.56,1.1914,5471,0
SPY190726P300,2019-07-25,2019-07-25 09:39:07,0.57,1.2127,284,0.55,1.1702,163,0.55,1.1702,4,0.56,1.1914,5471,0
SPY190726P300,2019-07-25,2019-07-25 09:39:07,0.56,1.1914,58,0.55,1.1702,90,0.55,1.1702,4,0.555,1.1808,5471,0
SPY190726P300,2019-07-25,2019-07-25 09:39:08,0.56,1.1914,125,0.55,1.1702,42,0.55,1.1702,4,0.555,1.1808,5471,0
SPY190726P300,2019-07-25,2019-07-25 09:39:09,0.56,1.1914,288,0.54,1.1489,76,0.55,1.1702,4,0.55,1.1702,5471,0
SPY190726P300,2019-07-25,2019-07-25 09:39:09,0.55,1.1702,58,0.54,1.1489,48,0.55,1.1702,4,0.545,1.1595,5471,0
SPY190726P300,2019-07-25,2019-07-25 09:39:10,0.55,1.1702,54,0.54,1.1489,90,0.55,1.1702,4,0.545,1.1595,5471,0
SPY190726P300,2019-07-25,2019-07-25 09:39:11,0.55,1.1702,175,0.54,1.1489,322,0.55,1.1702,4,0.545,1.1595,5471,0
SPY190726P300,2019-07-25,2019-07-25 09:39:11,0.55,1.1702,192,0.54,1.1489,79,0.55,1.1702,4,0.545,1.1595,5471,0
SPY190726P300,2019-07-25,2019-07-25 09:39:12,0.55,1.1702,155,0.54,1.1489,69,0.55,1.1702,4,0.545,1.1595,5471,0
SPY190726P300,2019-07-25,2019-07-25 09:39:12,0.55,1.1702,175,0.54,1.1489,272,0.55,1.1702,4,0.545,1.1595,5471,0
SPY190726P300,2019-07-25,2019-07-25 09:39:13,0.55,1.1702,61,0.54,1.1489,327,0.55,1.1702,4,0.545,1.1595,5471,0
SPY190726P300,2019-07-25,2019-07-25 09:39:14,0.55,1.1702,169,0.54,1.1489,55,0.55,1.1702,1,0.545,1.1595,5472,0
SPY190726P300,2019-07-25,2019-07-25 09:39:14,0.55,1.1702,7,0.54,1.1489,241,0.55,1.1702,1,0.545,1.1595,5472,1
SPY190726P300,2019-07-25,2019-07-25 09:39:15,0.55,1.1702,169,0.54,1.1489,55,0.55,1.1702,1,0.545,1.1595,5472,0
SPY190726P300,2019-07-25,2019-07-25 09:39:15,0.55,1.1702,377,0.54,1.1489,6,0.55,1.1702,1,0.545,1.1595,5472,0
SPY190726P300,2019-07-25,2019-07-25 09:39:16,0.55,1.1702,599,0.54,1.1489,46,0.55,1.1702,1,0.545,1.1595,5472,0
SPY190726P300,2019-07-25,2019-07-25 09:39:16,0.55,1.1702,158,0.54,1.1489,48,0.55,1.1702,1,0.545,1.1595,5472,0
SPY190726P300,2019-07-25,2019-07-25 09:39:17,0.55,1.1702,149,0.54,1.1489,42,0.55,1.1702,1,0.545,1.1595,5472,0
SPY190726P300,2019-07-25,2019-07-25 09:39:18,0.55,1.1702,199,0.54,1.1489,98,0.55,1.1702,1,0.545,1.1595,5472,0
SPY190726P300,2019-07-25,2019-07-25 09:39:18,0.55,1.1702,149,0.54,1.1489,48,0.55,1.1702,1,0.545,1.1595,5472,0
SPY190726P300,2019-07-25,2019-07-25 09:39:19,0.54,1.1489,118,0.53,1.1276,42,0.54,1.1489,6,0.535,1.1382,5479,7
SPY190726P300,2019-07-25,2019-07-25 09:39:19,0.55,1.1702,566,0.54,1.1489,74,0.55,1.1702,1,0.545,1.1595,5472,0
SPY190726P300,2019-07-25,2019-07-25 09:39:20,0.54,1.1489,218,0.53,1.1276,48,0.54,1.1489,6,0.535,1.1382,5479,0
SPY190726P300,2019-07-25,2019-07-25 09:39:21,0.54,1.1489,436,0.53,1.1276,48,0.54,1.1489,6,0.535,1.1382,5479,0
SPY190726P300,2019-07-25,2019-07-25 09:39:21,0.54,1.1489,325,0.53,1.1276,98,0.54,1.1489,6,0.535,1.1382,5479,0
SPY190726P300,2019-07-25,2019-07-25 09:39:22,0.54,1.1489,325,0.53,1.1276,80,0.54,1.1489,6,0.535,1.1382,5479,0
SPY190726P300,2019-07-25,2019-07-25 09:39:23,0.54,1.1489,389,0.53,1.1276,204,0.54,1.1489,6,0.535,1.1382,5479,0
SPY190726P300,2019-07-25,2019-07-25 09:39:23,0.54,1.1489,325,0.53,1.1276,80,0.54,1.1489,6,0.535,1.1382,5479,0
SPY190726P300,2019-07-25,2019-07-25 09:39:24,0.54,1.1489,325,0.53,1.1276,536,0.54,1.1489,6,0.535,1.1382,5479,0
SPY190726P300,2019-07-25,2019-07-25 09:39:25,0.54,1.1489,325,0.53,1.1276,666,0.54,1.1489,6,0.535,1.1382,5479,0
SPY190726P300,2019-07-25,2019-07-25 09:39:25,0.54,1.1489,325,0.53,1.1276,722,0.54,1.1489,6,0.535,1.1382,5479,0
SPY190726P300,2019-07-25,2019-07-25 09:39:26,0.54,1.1489,325,0.53,1.1276,833,0.54,1.1489,5,0.535,1.1382,5484,0
SPY190726P300,2019-07-25,2019-07-25 09:39:26,0.54,1.1489,325,0.53,1.1276,1280,0.54,1.1489,5,0.535,1.1382,5484,5
SPY190726P300,2019-07-25,2019-07-25 09:39:27,0.54,1.1489,407,0.52,1.1063,239,0.54,1.1489,5,0.53,1.1276,5484,0
SPY190726P300,2019-07-25,2019-07-25 09:39:27,0.54,1.1489,401,0.53,1.1276,48,0.54,1.1489,5,0.535,1.1382,5484,0
SPY190726P300,2019-07-25,2019-07-25 09:39:28,0.54,1.1489,407,0.53,1.1276,48,0.54,1.1489,5,0.535,1.1382,5484,0
SPY190726P300,2019-07-25,2019-07-25 09:39:29,0.54,1.1489,335,0.53,1.1276,102,0.54,1.1489,5,0.535,1.1382,5484,0
SPY190726P300,2019-07-25,2019-07-25 09:39:29,0.54,1.1489,335,0.53,1.1276,233,0.54,1.1489,5,0.535,1.1382,5484,0
SPY190726P300,2019-07-25,2019-07-25 09:39:30,0.54,1.1489,325,0.53,1.1276,108,0.54,1.1489,5,0.535,1.1382,5484,0
SPY190726P300,2019-07-25,2019-07-25 09:39:30,0.54,1.1489,325,0.54,1.1489,48,0.54,1.1489,5,0.54,1.1489,5484,0
SPY190726P300,2019-07-25,2019-07-25 09:39:31,0.55,1.1702,393,0.54,1.1489,21,0.54,1.1489,5,0.545,1.1595,5484,0
SPY190726P300,2019-07-25,2019-07-25 09:39:32,0.55,1.1702,286,0.54,1.1489,48,0.54,1.1489,5,0.545,1.1595,5484,0
SPY190726P300,2019-07-25,2019-07-25 09:39:33,0.55,1.1702,321,0.54,1.1489,140,0.53,1.1276,6,0.545,1.1595,5497,13
SPY190726P300,2019-07-25,2019-07-25 09:39:33,0.55,1.1702,321,0.54,1.1489,48,0.53,1.1276,6,0.545,1.1595,5497,0
SPY190726P300,2019-07-25,2019-07-25 09:39:34,0.55,1.1702,154,0.54,1.1489,132,0.53,1.1276,6,0.545,1.1595,5497,0
SPY190726P300,2019-07-25,2019-07-25 09:39:35,0.55,1.1702,7,0.54,1.1489,152,0.53,1.1276,6,0.545,1.1595,5497,0
SPY190726P300,2019-07-25,2019-07-25 09:39:35,0.55,1.1702,23,0.54,1.1489,167,0.53,1.1276,6,0.545,1.1595,5497,0
SPY190726P300,2019-07-25,2019-07-25 09:39:36,0.55,1.1702,7,0.54,1.1489,643,0.53,1.1276,6,0.545,1.1595,5497,0
SPY190726P300,2019-07-25,2019-07-25 09:39:36,0.55,1.1702,7,0.54,1.1489,259,0.53,1.1276,6,0.545,1.1595,5497,0
SPY190726P300,2019-07-25,2019-07-25 09:39:37,0.55,1.1702,10,0.54,1.1489,157,0.53,1.1276,6,0.545,1.1595,5497,0
SPY190726P300,2019-07-25,2019-07-25 09:39:38,0.55,1.1702,10,0.54,1.1489,626,0.53,1.1276,6,0.545,1.1595,5497,0
SPY190726P300,2019-07-25,2019-07-25 09:39:39,0.56,1.1914,1,0.55,1.1702,234,0.55,1.1702,10,0.555,1.1808,5514,17
SPY190726P300,2019-07-25,2019-07-25 09:39:39,0.56,1.1914,1,0.55,1.1702,425,0.55,1.1702,10,0.555,1.1808,5514,0
SPY190726P300,2019-07-25,2019-07-25 09:39:40,0.56,1.1914,1,0.55,1.1702,520,0.55,1.1702,10,0.555,1.1808,5514,0
SPY190726P300,2019-07-25,2019-07-25 09:39:40,0.56,1.1914,1,0.55,1.1702,119,0.55,1.1702,10,0.555,1.1808,5514,0
SPY190726P300,2019-07-25,2019-07-25 09:39:41,0.57,1.2127,98,0.56,1.1914,135,0.56,1.1914,1,0.565,1.2021,5516,2
SPY190726P300,2019-07-25,2019-07-25 09:39:42,0.58,1.234,153,0.57,1.2127,68,0.57,1.2127,1,0.575,1.2234,5517,0
SPY190726P300,2019-07-25,2019-07-25 09:39:42,0.58,1.234,203,0.57,1.2127,68,0.57,1.2127,1,0.575,1.2234,5517,1
SPY190726P300,2019-07-25,2019-07-25 09:39:43,0.59,1.2553,11,0.58,1.234,148,0.57,1.2127,1,0.585,1.2446,5517,0
SPY190726P300,2019-07-25,2019-07-25 09:39:44,0.59,1.2553,11,0.58,1.234,176,0.57,1.2127,1,0.585,1.2446,5517,0
SPY190726P300,2019-07-25,2019-07-25 09:39:44,0.59,1.2553,11,0.58,1.234,565,0.57,1.2127,1,0.585,1.2446,5517,0
SPY190726P300,2019-07-25,2019-07-25 09:39:45,0.59,1.2553,17,0.58,1.234,677,0.57,1.2127,1,0.585,1.2446,5517,0
SPY190726P300,2019-07-25,2019-07-25 09:39:45,0.59,1.2553,11,0.58,1.234,677,0.57,1.2127,1,0.585,1.2446,5517,0
SPY190726P300,2019-07-25,2019-07-25 09:39:46,0.59,1.2553,11,0.58,1.234,677,0.57,1.2127,1,0.585,1.2446,5517,0
SPY190726P300,2019-07-25,2019-07-25 09:39:47,0.59,1.2553,17,0.58,1.234,270,0.57,1.2127,1,0.585,1.2446,5517,0
SPY190726P300,2019-07-25,2019-07-25 09:39:47,0.59,1.2553,557,0.58,1.234,50,0.57,1.2127,1,0.585,1.2446,5517,0
SPY190726P300,2019-07-25,2019-07-25 09:39:48,0.59,1.2553,478,0.58,1.234,82,0.59,1.2553,2,0.585,1.2446,5539,22
SPY190726P300,2019-07-25,2019-07-25 09:39:49,0.59,1.2553,196,0.58,1.234,50,0.59,1.2553,2,0.585,1.2446,5539,0
SPY190726P300,2019-07-25,2019-07-25 09:39:50,0.59,1.2553,212,0.58,1.234,50,0.59,1.2553,2,0.585,1.2446,5539,0
SPY190726P300,2019-07-25,2019-07-25 09:39:50,0.59,1.2553,1057,0.58,1.234,38,0.58,1.234,3,0.585,1.2446,5558,19
SPY190726P300,2019-07-25,2019-07-25 09:39:51,0.58,1.234,214,0.57,1.2127,10,0.58,1.234,30,0.575,1.2234,5590,32
SPY190726P300,2019-07-25,2019-07-25 09:39:52,0.58,1.234,394,0.55,1.1702,534,0.57,1.2127,8,0.565,1.2021,5600,10
SPY190726P300,2019-07-25,2019-07-25 09:39:53,0.58,1.234,741,0.56,1.1914,178,0.57,1.2127,8,0.57,1.2127,5600,0
SPY190726P300,2019-07-25,2019-07-25 09:39:54,0.58,1.234,741,0.56,1.1914,228,0.57,1.2127,8,0.57,1.2127,5600,0
SPY190726P300,2019-07-25,2019-07-25 09:39:54,0.58,1.234,712,0.56,1.1914,467,0.57,1.2127,8,0.57,1.2127,5600,0
SPY190726P300,2019-07-25,2019-07-25 09:39:55,0.58,1.234,521,0.56,1.1914,685,0.57,1.2127,8,0.57,1.2127,5600,0
SPY190726P300,2019-07-25,2019-07-25 09:39:56,0.57,1.2127,6,0.57,1.2127,82,0.57,1.2127,3,0.57,1.2127,5603,3
SPY190726P300,2019-07-25,2019-07-25 09:39:56,0.58,1.234,521,0.56,1.1914,369,0.57,1.2127,8,0.57,1.2127,5600,0
SPY190726P300,2019-07-25,2019-07-25 09:39:57,0.58,1.234,623,0.56,1.1914,228,0.57,1.2127,3,0.57,1.2127,5603,0
SPY190726P300,2019-07-25,2019-07-25 09:39:58,0.59,1.2553,87,0.56,1.1914,228,0.58,1.234,27,0.575,1.2234,5636,33
SPY190726P300,2019-07-25,2019-07-25 09:39:58,0.59,1.2553,11,0.58,1.234,184,0.58,1.234,27,0.585,1.2446,5636,0
SPY190726P300,2019-07-25,2019-07-25 09:39:59,0.59,1.2553,103,0.58,1.234,228,0.58,1.234,27,0.585,1.2446,5636,0
SPY190726P300,2019-07-25,2019-07-25 09:39:59,0.6,1.2765,15,0.59,1.2553,142,0.59,1.2553,4,0.595,1.2659,5647,11
SPY190726P300,2019-07-25,2019-07-25 09:40:00,0.6,1.2765,14,0.59,1.2553,936,0.6,1.2765,49,0.595,1.2659,5696,49
SPY190726P300,2019-07-25,2019-07-25 09:40:01,0.6,1.2765,14,0.59,1.2553,682,0.6,1.2765,49,0.595,1.2659,5696,0
SPY190726P300,2019-07-25,2019-07-25 09:40:01,0.6,1.2765,14,0.59,1.2553,1560,0.6,1.2765,49,0.595,1.2659,5696,0
SPY190726P300,2019-07-25,2019-07-25 09:40:02,0.6,1.2765,14,0.59,1.2553,682,0.6,1.2765,49,0.595,1.2659,5696,0
SPY190726P300,2019-07-25,2019-07-25 09:40:02,0.6,1.2765,418,0.59,1.2553,42,0.6,1.2765,49,0.595,1.2659,5696,0
SPY190726P300,2019-07-25,2019-07-25 09:40:03,0.6,1.2765,418,0.59,1.2553,150,0.6,1.2765,5,0.595,1.2659,5736,40
SPY190726P300,2019-07-25,2019-07-25 09:40:04,0.6,1.2765,423,0.58,1.234,47,0.6,1.2765,5,0.59,1.2553,5736,0
SPY190726P300,2019-07-25,2019-07-25 09:40:04,0.6,1.2765,54,0.59,1.2553,363,0.6,1.2765,5,0.595,1.2659,5736,0
SPY190726P300,2019-07-25,2019-07-25 09:40:05,0.58,1.234,549,0.56,1.1914,253,0.58,1.234,1,0.57,1.2127,5746,10
SPY190726P300,2019-07-25,2019-07-25 09:40:06,0.57,1.2127,58,0.56,1.1914,146,0.58,1.234,1,0.565,1.2021,5746,0
SPY190726P300,2019-07-25,2019-07-25 09:40:07,0.57,1.2127,158,0.56,1.1914,92,0.58,1.234,1,0.565,1.2021,5746,0
SPY190726P300,2019-07-25,2019-07-25 09:40:08,0.56,1.1914,108,0.55,1.1702,248,0.57,1.2127,5,0.555,1.1808,5756,0
SPY190726P300,2019-07-25,2019-07-25 09:40:08,0.57,1.2127,191,0.56,1.1914,48,0.57,1.2127,5,0.565,1.2021,5756,10
SPY190726P300,2019-07-25,2019-07-25 09:40:09,0.56,1.1914,424,0.54,1.1489,190,0.57,1.2127,5,0.55,1.1702,5756,0
SPY190726P300,2019-07-25,2019-07-25 09:40:10,0.56,1.1914,556,0.54,1.1489,460,0.57,1.2127,5,0.55,1.1702,5756,0
SPY190726P300,2019-07-25,2019-07-25 09:40:11,0.56,1.1914,556,0.55,1.1702,70,0.55,1.1702,2,0.555,1.1808,5758,0
SPY190726P300,2019-07-25,2019-07-25 09:40:11,0.56,1.1914,556,0.55,1.1702,90,0.55,1.1702,2,0.555,1.1808,5758,2
SPY190726P300,2019-07-25,2019-07-25 09:40:12,0.55,1.1702,196,0.54,1.1489,140,0.55,1.1702,1,0.545,1.1595,5760,2
SPY190726P300,2019-07-25,2019-07-25 09:40:12,0.55,1.1702,56,0.54,1.1489,171,0.55,1.1702,1,0.545,1.1595,5760,0
SPY190726P300,2019-07-25,2019-07-25 09:40:13,0.55,1.1702,110,0.54,1.1489,152,0.55,1.1702,1,0.545,1.1595,5760,0
SPY190726P300,2019-07-25,2019-07-25 09:40:13,0.55,1.1702,110,0.54,1.1489,1181,0.55,1.1702,1,0.545,1.1595,5760,0
SPY190726P300,2019-07-25,2019-07-25 09:40:14,0.55,1.1702,110,0.54,1.1489,1394,0.55,1.1702,1,0.545,1.1595,5760,0
SPY190726P300,2019-07-25,2019-07-25 09:40:15,0.56,1.1914,491,0.55,1.1702,134,0.55,1.1702,1,0.555,1.1808,5761,1
SPY190726P300,2019-07-25,2019-07-25 09:40:15,0.55,1.1702,110,0.54,1.1489,1190,0.55,1.1702,1,0.545,1.1595,5760,0
SPY190726P300,2019-07-25,2019-07-25 09:40:16,0.56,1.1914,113,0.55,1.1702,588,0.55,1.1702,1,0.555,1.1808,5761,0
SPY190726P300,2019-07-25,2019-07-25 09:40:16,0.56,1.1914,475,0.55,1.1702,137,0.55,1.1702,1,0.555,1.1808,5761,0
SPY190726P300,2019-07-25,2019-07-25 09:40:17,0.55,1.1702,5,0.55,1.1702,67,0.55,1.1702,1,0.55,1.1702,5761,0
SPY190726P300,2019-07-25,2019-07-25 09:40:18,0.56,1.1914,376,0.55,1.1702,67,0.55,1.1702,1,0.555,1.1808,5761,0
SPY190726P300,2019-07-25,2019-07-25 09:40:18,0.56,1.1914,610,0.54,1.1489,282,0.55,1.1702,1,0.55,1.1702,5761,0
SPY190726P300,2019-07-25,2019-07-25 09:40:19,0.55,1.1702,111,0.54,1.1489,142,0.55,1.1702,1,0.545,1.1595,5761,0
SPY190726P300,2019-07-25,2019-07-25 09:40:19,0.55,1.1702,111,0.54,1.1489,48,0.55,1.1702,1,0.545,1.1595,5761,0
SPY190726P300,2019-07-25,2019-07-25 09:40:20,0.55,1.1702,98,0.53,1.1276,576,0.55,1.1702,1,0.54,1.1489,5761,0
SPY190726P300,2019-07-25,2019-07-25 09:40:21,0.55,1.1702,102,0.54,1.1489,115,0.55,1.1702,1,0.545,1.1595,5761,0
SPY190726P300,2019-07-25,2019-07-25 09:40:21,0.54,1.1489,5,0.53,1.1276,201,0.55,1.1702,1,0.535,1.1382,5761,0
SPY190726P300,2019-07-25,2019-07-25 09:40:22,0.55,1.1702,465,0.54,1.1489,134,0.55,1.1702,12,0.545,1.1595,5781,20
SPY190726P300,2019-07-25,2019-07-25 09:40:23,0.55,1.1702,465,0.54,1.1489,104,0.55,1.1702,12,0.545,1.1595,5781,0
SPY190726P300,2019-07-25,2019-07-25 09:40:23,0.55,1.1702,598,0.54,1.1489,116,0.55,1.1702,12,0.545,1.1595,5781,0
SPY190726P300,2019-07-25,2019-07-25 09:40:24,0.54,1.1489,5,0.53,1.1276,895,0.55,1.1702,12,0.535,1.1382,5781,0
SPY190726P300,2019-07-25,2019-07-25 09:40:25,0.54,1.1489,5,0.53,1.1276,1097,0.55,1.1702,12,0.535,1.1382,5781,0
SPY190726P300,2019-07-25,2019-07-25 09:40:25,0.54,1.1489,50,0.53,1.1276,1077,0.55,1.1702,12,0.535,1.1382,5781,0
SPY190726P300,2019-07-25,2019-07-25 09:40:26,0.54,1.1489,50,0.53,1.1276,1243,0.55,1.1702,12,0.535,1.1382,5781,0
SPY190726P300,2019-07-25,2019-07-25 09:40:27,0.54,1.1489,50,0.53,1.1276,1112,0.54,1.1489,5,0.535,1.1382,5786,5
SPY190726P300,2019-07-25,2019-07-25 09:40:27,0.54,1.1489,571,0.53,1.1276,1,0.53,1.1276,20,0.535,1.1382,5806,20
SPY190726P300,2019-07-25,2019-07-25 09:40:30,0.54,1.1489,343,0.52,1.1063,233,0.52,1.1063,10,0.53,1.1276,5816,10
SPY190726P300,2019-07-25,2019-07-25 09:40:30,0.54,1.1489,603,0.52,1.1063,532,0.53,1.1276,20,0.53,1.1276,5806,0
SPY190726P300,2019-07-25,2019-07-25 09:40:31,0.54,1.1489,915,0.52,1.1063,189,0.52,1.1063,10,0.53,1.1276,5816,0
SPY190726P300,2019-07-25,2019-07-25 09:40:32,0.53,1.1276,189,0.52,1.1063,160,0.53,1.1276,5,0.525,1.117,5826,10
SPY190726P300,2019-07-25,2019-07-25 09:40:33,0.53,1.1276,189,0.52,1.1063,139,0.53,1.1276,5,0.525,1.117,5826,0
SPY190726P300,2019-07-25,2019-07-25 09:40:33,0.53,1.1276,189,0.52,1.1063,164,0.52,1.1063,20,0.525,1.117,5846,20
SPY190726P300,2019-07-25,2019-07-25 09:40:34,0.53,1.1276,660,0.51,1.0851,181,0.52,1.1063,20,0.52,1.1063,5846,0
SPY190726P300,2019-07-25,2019-07-25 09:40:34,0.53,1.1276,660,0.52,1.1063,25,0.52,1.1063,20,0.525,1.117,5846,0
SPY190726P300,2019-07-25,2019-07-25 09:40:35,0.52,1.1063,92,0.51,1.0851,191,0.52,1.1063,1,0.515,1.0957,5847,1
SPY190726P300,2019-07-25,2019-07-25 09:40:36,0.52,1.1063,92,0.51,1.0851,297,0.52,1.1063,1,0.515,1.0957,5847,0
SPY190726P300,2019-07-25,2019-07-25 09:40:36,0.52,1.1063,96,0.51,1.0851,241,0.52,1.1063,1,0.515,1.0957,5847,0
SPY190726P300,2019-07-25,2019-07-25 09:40:37,0.52,1.1063,147,0.51,1.0851,241,0.52,1.1063,1,0.515,1.0957,5847,0
SPY190726P300,2019-07-25,2019-07-25 09:40:38,0.52,1.1063,147,0.51,1.0851,241,0.52,1.1063,1,0.515,1.0957,5847,0
SPY190726P300,2019-07-25,2019-07-25 09:40:38,0.52,1.1063,92,0.51,1.0851,241,0.52,1.1063,1,0.515,1.0957,5847,0
SPY190726P300,2019-07-25,2019-07-25 09:40:39,0.52,1.1063,102,0.51,1.0851,407,0.52,1.1063,1,0.515,1.0957,5847,0
SPY190726P300,2019-07-25,2019-07-25 09:40:40,0.52,1.1063,92,0.51,1.0851,241,0.52,1.1063,1,0.515,1.0957,5847,0
SPY190726P300,2019-07-25,2019-07-25 09:40:41,0.51,1.0851,2,0.5,1.0638,235,0.52,1.1063,1,0.505,1.0744,5847,0
SPY190726P300,2019-07-25,2019-07-25 09:40:41,0.52,1.1063,92,0.51,1.0851,241,0.52,1.1063,1,0.515,1.0957,5847,0
SPY190726P300,2019-07-25,2019-07-25 09:40:42,0.51,1.0851,111,0.5,1.0638,135,0.52,1.1063,1,0.505,1.0744,5847,0
SPY190726P300,2019-07-25,2019-07-25 09:40:43,0.51,1.0851,5,0.5,1.0638,172,0.5,1.0638,2,0.505,1.0744,5849,2
SPY190726P300,2019-07-25,2019-07-25 09:40:43,0.51,1.0851,5,0.5,1.0638,302,0.5,1.0638,2,0.505,1.0744,5849,0
SPY190726P300,2019-07-25,2019-07-25 09:40:44,0.51,1.0851,96,0.5,1.0638,184,0.5,1.0638,2,0.505,1.0744,5849,0
SPY190726P300,2019-07-25,2019-07-25 09:40:45,0.51,1.0851,90,0.5,1.0638,194,0.5,1.0638,2,0.505,1.0744,5849,0
SPY190726P300,2019-07-25,2019-07-25 09:40:51,0.52,1.1063,970,0.5,1.0638,478,0.51,1.0851,30,0.51,1.0851,5883,34
SPY190726P300,2019-07-25,2019-07-25 09:40:52,0.51,1.0851,411,0.5,1.0638,85,0.51,1.0851,30,0.505,1.0744,5883,0
SPY190726P300,2019-07-25,2019-07-25 09:40:53,0.51,1.0851,815,0.5,1.0638,15,0.5,1.0638,4,0.505,1.0744,6022,0
SPY190726P300,2019-07-25,2019-07-25 09:40:53,0.51,1.0851,849,0.5,1.0638,15,0.5,1.0638,4,0.505,1.0744,6022,139
SPY190726P300,2019-07-25,2019-07-25 09:40:54,0.51,1.0851,815,0.5,1.0638,15,0.51,1.0851,5,0.505,1.0744,6042,20
SPY190726P300,2019-07-25,2019-07-25 09:40:55,0.5,1.0638,519,0.49,1.0425,1,0.5,1.0638,15,0.495,1.0531,6057,15
SPY190726P300,2019-07-25,2019-07-25 09:40:55,0.51,1.0851,823,0.5,1.0638,15,0.51,1.0851,5,0.505,1.0744,6042,0
SPY190726P300,2019-07-25,2019-07-25 09:40:57,0.5,1.0638,955,0.49,1.0425,1,0.5,1.0638,15,0.495,1.0531,6057,0
SPY190726P300,2019-07-25,2019-07-25 09:40:58,0.5,1.0638,508,0.49,1.0425,6,0.5,1.0638,15,0.495,1.0531,6057,0
SPY190726P300,2019-07-25,2019-07-25 09:40:59,0.5,1.0638,33,0.49,1.0425,464,0.5,1.0638,15,0.495,1.0531,6057,0
SPY190726P300,2019-07-25,2019-07-25 09:41:00,0.5,1.0638,33,0.49,1.0425,270,0.5,1.0638,15,0.495,1.0531,6057,0
SPY190726P300,2019-07-25,2019-07-25 09:41:01,0.5,1.0638,63,0.49,1.0425,278,0.5,1.0638,15,0.495,1.0531,6057,0
SPY190726P300,2019-07-25,2019-07-25 09:41:02,0.5,1.0638,63,0.49,1.0425,287,0.5,1.0638,25,0.495,1.0531,6082,25
SPY190726P300,2019-07-25,2019-07-25 09:41:04,0.5,1.0638,730,0.49,1.0425,6,0.5,1.0638,5,0.495,1.0531,6102,20
SPY190726P300,2019-07-25,2019-07-25 09:41:07,0.5,1.0638,63,0.49,1.0425,318,0.5,1.0638,5,0.495,1.0531,6111,9
SPY190726P300,2019-07-25,2019-07-25 09:41:08,0.51,1.0851,2,0.5,1.0638,764,0.5,1.0638,292,0.505,1.0744,6459,348
SPY190726P300,2019-07-25,2019-07-25 09:41:10,0.52,1.1063,4,0.51,1.0851,846,0.51,1.0851,2,0.515,1.0957,6462,3
SPY190726P300,2019-07-25,2019-07-25 09:41:11,0.53,1.1276,867,0.52,1.1063,1,0.52,1.1063,1,0.525,1.117,6467,5
SPY190726P300,2019-07-25,2019-07-25 09:41:12,0.53,1.1276,867,0.52,1.1063,9,0.52,1.1063,1,0.525,1.117,6467,0
SPY190726P300,2019-07-25,2019-07-25 09:41:13,0.53,1.1276,769,0.52,1.1063,33,0.52,1.1063,1,0.525,1.117,6467,0
SPY190726P300,2019-07-25,2019-07-25 09:41:13,0.53,1.1276,569,0.52,1.1063,9,0.52,1.1063,1,0.525,1.117,6467,0
SPY190726P300,2019-07-25,2019-07-25 09:41:14,0.52,1.1063,121,0.51,1.0851,6,0.52,1.1063,9,0.515,1.0957,6476,9
SPY190726P300,2019-07-25,2019-07-25 09:41:15,0.52,1.1063,437,0.5,1.0638,1263,0.52,1.1063,9,0.51,1.0851,6476,0
SPY190726P300,2019-07-25,2019-07-25 09:41:16,0.52,1.1063,1021,0.5,1.0638,961,0.52,1.1063,9,0.51,1.0851,6476,0
SPY190726P300,2019-07-25,2019-07-25 09:41:17,0.52,1.1063,1491,0.5,1.0638,768,0.52,1.1063,9,0.51,1.0851,6476,0
SPY190726P300,2019-07-25,2019-07-25 09:41:18,0.52,1.1063,1,0.51,1.0851,492,0.52,1.1063,9,0.515,1.0957,6476,0
SPY190726P300,2019-07-25,2019-07-25 09:41:19,0.53,1.1276,139,0.52,1.1063,156,0.52,1.1063,1,0.525,1.117,6477,1
SPY190726P300,2019-07-25,2019-07-25 09:41:19,0.53,1.1276,111,0.52,1.1063,264,0.52,1.1063,1,0.525,1.117,6477,0
SPY190726P300,2019-07-25,2019-07-25 09:41:20,0.53,1.1276,5,0.52,1.1063,989,0.52,1.1063,1,0.525,1.117,6477,0
SPY190726P300,2019-07-25,2019-07-25 09:41:21,0.55,1.1702,48,0.54,1.1489,180,0.53,1.1276,5,0.545,1.1595,6482,5
SPY190726P300,2019-07-25,2019-07-25 09:41:22,0.56,1.1914,127,0.54,1.1489,932,0.53,1.1276,5,0.55,1.1702,6482,0
SPY190726P300,2019-07-25,2019-07-25 09:41:22,0.55,1.1702,66,0.54,1.1489,180,0.53,1.1276,5,0.545,1.1595,6482,0
SPY190726P300,2019-07-25,2019-07-25 09:41:23,0.55,1.1702,113,0.54,1.1489,112,0.53,1.1276,5,0.545,1.1595,6482,0
SPY190726P300,2019-07-25,2019-07-25 09:41:24,0.55,1.1702,451,0.54,1.1489,164,0.53,1.1276,5,0.545,1.1595,6482,0
SPY190726P300,2019-07-25,2019-07-25 09:41:25,0.55,1.1702,426,0.54,1.1489,164,0.53,1.1276,5,0.545,1.1595,6482,0
SPY190726P300,2019-07-25,2019-07-25 09:41:26,0.54,1.1489,799,0.52,1.1063,305,0.54,1.1489,20,0.53,1.1276,6502,20
SPY190726P300,2019-07-25,2019-07-25 09:41:27,0.54,1.1489,366,0.53,1.1276,209,0.54,1.1489,20,0.535,1.1382,6502,0
SPY190726P300,2019-07-25,2019-07-25 09:41:28,0.54,1.1489,366,0.53,1.1276,236,0.54,1.1489,20,0.535,1.1382,6502,0
SPY190726P300,2019-07-25,2019-07-25 09:41:29,0.54,1.1489,42,0.53,1.1276,294,0.54,1.1489,20,0.535,1.1382,6502,0
SPY190726P300,2019-07-25,2019-07-25 09:41:29,0.54,1.1489,450,0.53,1.1276,236,0.54,1.1489,20,0.535,1.1382,6502,0
SPY190726P300,2019-07-25,2019-07-25 09:41:30,0.55,1.1702,558,0.54,1.1489,100,0.54,1.1489,20,0.545,1.1595,6502,0
SPY190726P300,2019-07-25,2019-07-25 09:41:30,0.55,1.1702,805,0.54,1.1489,5,0.54,1.1489,20,0.545,1.1595,6502,0
SPY190726P300,2019-07-25,2019-07-25 09:41:31,0.55,1.1702,1189,0.54,1.1489,38,0.54,1.1489,20,0.545,1.1595,6502,0
SPY190726P300,2019-07-25,2019-07-25 09:41:32,0.55,1.1702,504,0.54,1.1489,116,0.54,1.1489,20,0.545,1.1595,6502,0
SPY190726P300,2019-07-25,2019-07-25 09:41:32,0.54,1.1489,48,0.53,1.1276,445,0.54,1.1489,20,0.535,1.1382,6502,0
SPY190726P300,2019-07-25,2019-07-25 09:41:33,0.54,1.1489,48,0.53,1.1276,534,0.54,1.1489,20,0.535,1.1382,6502,0
SPY190726P300,2019-07-25,2019-07-25 09:41:34,0.54,1.1489,58,0.53,1.1276,658,0.53,1.1276,1,0.535,1.1382,6503,1
SPY190726P300,2019-07-25,2019-07-25 09:41:35,0.54,1.1489,58,0.53,1.1276,534,0.53,1.1276,1,0.535,1.1382,6503,0
SPY190726P300,2019-07-25,2019-07-25 09:41:36,0.54,1.1489,42,0.53,1.1276,1159,0.53,1.1276,1,0.535,1.1382,6503,0
SPY190726P300,2019-07-25,2019-07-25 09:41:36,0.54,1.1489,58,0.53,1.1276,698,0.53,1.1276,1,0.535,1.1382,6503,0
SPY190726P300,2019-07-25,2019-07-25 09:41:37,0.54,1.1489,10,0.53,1.1276,1224,0.53,1.1276,1,0.535,1.1382,6503,0
SPY190726P300,2019-07-25,2019-07-25 09:41:38,0.54,1.1489,10,0.53,1.1276,1141,0.53,1.1276,1,0.535,1.1382,6503,0
SPY190726P300,2019-07-25,2019-07-25 09:41:39,0.54,1.1489,10,0.53,1.1276,1575,0.53,1.1276,1,0.535,1.1382,6503,0
SPY190726P300,2019-07-25,2019-07-25 09:41:40,0.55,1.1702,366,0.54,1.1489,233,0.54,1.1489,5,0.545,1.1595,6518,0
SPY190726P300,2019-07-25,2019-07-25 09:41:40,0.55,1.1702,366,0.54,1.1489,233,0.54,1.1489,5,0.545,1.1595,6518,15
SPY190726P300,2019-07-25,2019-07-25 09:41:41,0.55,1.1702,58,0.54,1.1489,244,0.54,1.1489,5,0.545,1.1595,6518,0
SPY190726P300,2019-07-25,2019-07-25 09:41:42,0.55,1.1702,58,0.54,1.1489,244,0.54,1.1489,5,0.545,1.1595,6518,0
SPY190726P300,2019-07-25,2019-07-25 09:41:43,0.55,1.1702,1196,0.53,1.1276,340,0.54,1.1489,5,0.54,1.1489,6518,0
SPY190726P300,2019-07-25,2019-07-25 09:41:43,0.54,1.1489,58,0.53,1.1276,224,0.54,1.1489,5,0.535,1.1382,6518,0
SPY190726P300,2019-07-25,2019-07-25 09:41:44,0.54,1.1489,58,0.53,1.1276,278,0.54,1.1489,5,0.535,1.1382,6518,0
SPY190726P300,2019-07-25,2019-07-25 09:41:46,0.55,1.1702,48,0.54,1.1489,278,0.54,1.1489,5,0.545,1.1595,6518,0
SPY190726P300,2019-07-25,2019-07-25 09:41:47,0.55,1.1702,59,0.54,1.1489,401,0.55,1.1702,10,0.545,1.1595,6576,58
SPY190726P300,2019-07-25,2019-07-25 09:41:48,0.55,1.1702,48,0.54,1.1489,525,0.55,1.1702,10,0.545,1.1595,6576,0
SPY190726P300,2019-07-25,2019-07-25 09:41:49,0.55,1.1702,48,0.54,1.1489,238,0.55,1.1702,10,0.545,1.1595,6576,0
SPY190726P300,2019-07-25,2019-07-25 09:41:50,0.55,1.1702,498,0.53,1.1276,652,0.55,1.1702,10,0.54,1.1489,6576,0
SPY190726P300,2019-07-25,2019-07-25 09:41:50,0.55,1.1702,88,0.54,1.1489,228,0.55,1.1702,10,0.545,1.1595,6576,0
SPY190726P300,2019-07-25,2019-07-25 09:41:51,0.55,1.1702,167,0.54,1.1489,138,0.55,1.1702,10,0.545,1.1595,6576,0
SPY190726P300,2019-07-25,2019-07-25 09:41:52,0.55,1.1702,111,0.54,1.1489,214,0.55,1.1702,10,0.545,1.1595,6576,0
SPY190726P300,2019-07-25,2019-07-25 09:41:53,0.55,1.1702,202,0.54,1.1489,138,0.55,1.1702,10,0.545,1.1595,6576,0
SPY190726P300,2019-07-25,2019-07-25 09:41:53,0.54,1.1489,400,0.53,1.1276,209,0.55,1.1702,10,0.535,1.1382,6576,0
SPY190726P300,2019-07-25,2019-07-25 09:41:54,0.54,1.1489,848,0.53,1.1276,1,0.55,1.1702,10,0.535,1.1382,6576,0
SPY190726P300,2019-07-25,2019-07-25 09:41:55,0.54,1.1489,1607,0.53,1.1276,1,0.54,1.1489,20,0.535,1.1382,6596,20
SPY190726P300,2019-07-25,2019-07-25 09:41:55,0.54,1.1489,1537,0.52,1.1063,743,0.53,1.1276,1,0.53,1.1276,6597,1
SPY190726P300,2019-07-25,2019-07-25 09:41:56,0.53,1.1276,360,0.52,1.1063,748,0.53,1.1276,1,0.525,1.117,6597,0
SPY190726P300,2019-07-25,2019-07-25 09:41:57,0.54,1.1489,50,0.52,1.1063,250,0.53,1.1276,1,0.53,1.1276,6597,0
SPY190726P300,2019-07-25,2019-07-25 09:41:59,0.54,1.1489,719,0.52,1.1063,676,0.54,1.1489,2,0.53,1.1276,6599,2
SPY190726P300,2019-07-25,2019-07-25 09:41:59,0.54,1.1489,10,0.53,1.1276,279,0.53,1.1276,1,0.535,1.1382,6597,0
SPY190726P300,2019-07-25,2019-07-25 09:42:00,0.54,1.1489,430,0.53,1.1276,60,0.54,1.1489,2,0.535,1.1382,6599,0
SPY190726P300,2019-07-25,2019-07-25 09:42:01,0.54,1.1489,10,0.53,1.1276,294,0.54,1.1489,2,0.535,1.1382,6599,0
SPY190726P300,2019-07-25,2019-07-25 09:42:01,0.54,1.1489,48,0.53,1.1276,477,0.54,1.1489,2,0.535,1.1382,6599,0
SPY190726P300,2019-07-25,2019-07-25 09:42:02,0.54,1.1489,58,0.53,1.1276,395,0.54,1.1489,2,0.535,1.1382,6599,0
SPY190726P300,2019-07-25,2019-07-25 09:42:03,0.54,1.1489,48,0.53,1.1276,484,0.54,1.1489,2,0.535,1.1382,6599,0
SPY190726P300,2019-07-25,2019-07-25 09:42:04,0.54,1.1489,31,0.53,1.1276,170,0.54,1.1489,1,0.535,1.1382,6601,2
SPY190726P300,2019-07-25,2019-07-25 09:42:05,0.54,1.1489,10,0.53,1.1276,500,0.54,1.1489,1,0.535,1.1382,6601,0
SPY190726P300,2019-07-25,2019-07-25 09:42:05,0.54,1.1489,10,0.53,1.1276,721,0.54,1.1489,1,0.535,1.1382,6601,0
SPY190726P300,2019-07-25,2019-07-25 09:42:06,0.56,1.1914,809,0.53,1.1276,898,0.54,1.1489,10,0.545,1.1595,6611,10
SPY190726P300,2019-07-25,2019-07-25 09:42:07,0.56,1.1914,884,0.54,1.1489,694,0.54,1.1489,10,0.55,1.1702,6611,0
SPY190726P300,2019-07-25,2019-07-25 09:42:07,0.56,1.1914,1509,0.53,1.1276,898,0.54,1.1489,10,0.545,1.1595,6611,0
SPY190726P300,2019-07-25,2019-07-25 09:42:08,0.56,1.1914,834,0.54,1.1489,676,0.54,1.1489,10,0.55,1.1702,6611,0
SPY190726P300,2019-07-25,2019-07-25 09:42:09,0.56,1.1914,834,0.54,1.1489,628,0.54,1.1489,10,0.55,1.1702,6611,0
SPY190726P300,2019-07-25,2019-07-25 09:42:10,0.56,1.1914,360,0.55,1.1702,182,0.54,1.1489,10,0.555,1.1808,6611,0
SPY190726P300,2019-07-25,2019-07-25 09:42:10,0.56,1.1914,428,0.55,1.1702,142,0.54,1.1489,10,0.555,1.1808,6611,0
SPY190726P300,2019-07-25,2019-07-25 09:42:11,0.56,1.1914,765,0.54,1.1489,554,0.55,1.1702,5,0.55,1.1702,6636,25
SPY190726P300,2019-07-25,2019-07-25 09:42:12,0.54,1.1489,394,0.54,1.1489,158,0.54,1.1489,158,0.54,1.1489,6816,179
SPY190726P300,2019-07-25,2019-07-25 09:42:12,0.55,1.1702,672,0.54,1.1489,234,0.54,1.1489,1,0.545,1.1595,6637,1
SPY190726P300,2019-07-25,2019-07-25 09:42:13,0.54,1.1489,487,0.53,1.1276,127,0.54,1.1489,158,0.535,1.1382,6816,0
SPY190726P300,2019-07-25,2019-07-25 09:42:14,0.55,1.1702,943,0.53,1.1276,90,0.54,1.1489,158,0.54,1.1489,6816,0
SPY190726P300,2019-07-25,2019-07-25 09:42:14,0.55,1.1702,1298,0.54,1.1489,92,0.54,1.1489,158,0.545,1.1595,6816,0
SPY190726P300,2019-07-25,2019-07-25 09:42:15,0.55,1.1702,1298,0.54,1.1489,92,0.54,1.1489,158,0.545,1.1595,6816,0
SPY190726P300,2019-07-25,2019-07-25 09:42:15,0.55,1.1702,1865,0.54,1.1489,42,0.55,1.1702,3,0.545,1.1595,6826,10
SPY190726P300,2019-07-25,2019-07-25 09:42:16,0.55,1.1702,1865,0.54,1.1489,42,0.55,1.1702,3,0.545,1.1595,6826,0
SPY190726P300,2019-07-25,2019-07-25 09:42:17,0.55,1.1702,1879,0.54,1.1489,79,0.54,1.1489,5,0.545,1.1595,6836,10
SPY190726P300,2019-07-25,2019-07-25 09:42:17,0.55,1.1702,1879,0.54,1.1489,87,0.55,1.1702,3,0.545,1.1595,6826,0
SPY190726P300,2019-07-25,2019-07-25 09:42:18,0.55,1.1702,1737,0.54,1.1489,46,0.54,1.1489,5,0.545,1.1595,6836,0
SPY190726P300,2019-07-25,2019-07-25 09:42:19,0.55,1.1702,308,0.54,1.1489,188,0.54,1.1489,5,0.545,1.1595,6836,0
SPY190726P300,2019-07-25,2019-07-25 09:42:20,0.55,1.1702,50,0.54,1.1489,714,0.54,1.1489,1,0.545,1.1595,6837,1
SPY190726P300,2019-07-25,2019-07-25 09:42:20,0.55,1.1702,50,0.54,1.1489,907,0.54,1.1489,1,0.545,1.1595,6837,0
SPY190726P300,2019-07-25,2019-07-25 09:42:21,0.55,1.1702,50,0.54,1.1489,544,0.54,1.1489,1,0.545,1.1595,6837,0
SPY190726P300,2019-07-25,2019-07-25 09:42:22,0.55,1.1702,92,0.54,1.1489,596,0.54,1.1489,1,0.545,1.1595,6837,0
SPY190726P300,2019-07-25,2019-07-25 09:42:23,0.55,1.1702,92,0.54,1.1489,596,0.54,1.1489,1,0.545,1.1595,6837,0
SPY190726P300,2019-07-25,2019-07-25 09:42:23,0.55,1.1702,50,0.54,1.1489,694,0.54,1.1489,1,0.545,1.1595,6837,0
SPY190726P300,2019-07-25,2019-07-25 09:42:24,0.55,1.1702,50,0.54,1.1489,694,0.54,1.1489,1,0.545,1.1595,6837,0
SPY190726P300,2019-07-25,2019-07-25 09:42:25,0.55,1.1702,50,0.54,1.1489,392,0.54,1.1489,1,0.545,1.1595,6837,0
SPY190726P300,2019-07-25,2019-07-25 09:42:25,0.55,1.1702,50,0.54,1.1489,1194,0.54,1.1489,1,0.545,1.1595,6837,0
SPY190726P300,2019-07-25,2019-07-25 09:42:26,0.55,1.1702,50,0.54,1.1489,1083,0.54,1.1489,1,0.545,1.1595,6837,0
SPY190726P300,2019-07-25,2019-07-25 09:42:27,0.56,1.1914,48,0.55,1.1702,98,0.55,1.1702,50,0.555,1.1808,6887,0
SPY190726P300,2019-07-25,2019-07-25 09:42:27,0.55,1.1702,50,0.55,1.1702,98,0.55,1.1702,50,0.55,1.1702,6887,50
