symbol,Date,quote_time,ask_price,norm_ask_price,ask_size,bid_price,norm_bid_price,bid_size,last_trade_price,norm_last_trade_price,last_trade_size,mark_price,norm_mark_price,volume,Volume
SPY190802P298,2019-07-31,2019-07-31 09:30:00,0.84,1.0,214,0.81,0.9642,96,0.98,1.1666,44,0.825,0.9821,0,0
SPY190802P298,2019-07-31,2019-07-31 09:30:06,0.83,0.988,3,0.81,0.9642,435,0.81,0.9642,3,0.82,0.9761,3,3
SPY190802P298,2019-07-31,2019-07-31 09:30:09,0.83,0.988,3,0.81,0.9642,435,0.81,0.9642,3,0.82,0.9761,3,0
SPY190802P298,2019-07-31,2019-07-31 09:30:10,0.83,0.988,3,0.81,0.9642,435,0.81,0.9642,3,0.82,0.9761,3,0
SPY190802P298,2019-07-31,2019-07-31 09:30:11,0.83,0.988,3,0.82,0.9761,5,0.82,0.9761,5,0.825,0.9821,11,8
SPY190802P298,2019-07-31,2019-07-31 09:30:11,0.83,0.988,3,0.82,0.9761,5,0.82,0.9761,5,0.825,0.9821,11,0
SPY190802P298,2019-07-31,2019-07-31 09:30:12,0.83,0.988,74,0.82,0.9761,5,0.82,0.9761,5,0.825,0.9821,11,0
SPY190802P298,2019-07-31,2019-07-31 09:30:13,0.83,0.988,74,0.81,0.9642,100,0.82,0.9761,5,0.82,0.9761,11,0
SPY190802P298,2019-07-31,2019-07-31 09:30:13,0.83,0.988,74,0.82,0.9761,5,0.82,0.9761,5,0.825,0.9821,11,0
SPY190802P298,2019-07-31,2019-07-31 09:30:14,0.83,0.988,74,0.81,0.9642,128,0.82,0.9761,5,0.82,0.9761,11,0
SPY190802P298,2019-07-31,2019-07-31 09:30:15,0.83,0.988,74,0.81,0.9642,128,0.82,0.9761,5,0.82,0.9761,11,0
SPY190802P298,2019-07-31,2019-07-31 09:30:16,0.83,0.988,124,0.81,0.9642,435,0.82,0.9761,5,0.82,0.9761,11,0
SPY190802P298,2019-07-31,2019-07-31 09:30:17,0.83,0.988,124,0.81,0.9642,435,0.82,0.9761,5,0.82,0.9761,11,0
SPY190802P298,2019-07-31,2019-07-31 09:30:18,0.83,0.988,124,0.81,0.9642,435,0.82,0.9761,5,0.82,0.9761,11,0
SPY190802P298,2019-07-31,2019-07-31 09:30:19,0.83,0.988,124,0.81,0.9642,435,0.82,0.9761,5,0.82,0.9761,11,0
SPY190802P298,2019-07-31,2019-07-31 09:30:20,0.83,0.988,100,0.82,0.9761,6,0.82,0.9761,5,0.825,0.9821,11,0
SPY190802P298,2019-07-31,2019-07-31 09:30:20,0.83,0.988,124,0.82,0.9761,24,0.82,0.9761,5,0.825,0.9821,11,0
SPY190802P298,2019-07-31,2019-07-31 09:30:21,0.83,0.988,272,0.81,0.9642,24,0.82,0.9761,5,0.82,0.9761,11,0
SPY190802P298,2019-07-31,2019-07-31 09:30:21,0.82,0.9761,313,0.81,0.9642,182,0.84,1.0,1,0.815,0.9702,12,1
SPY190802P298,2019-07-31,2019-07-31 09:30:22,0.82,0.9761,3,0.81,0.9642,1307,0.84,1.0,1,0.815,0.9702,12,0
SPY190802P298,2019-07-31,2019-07-31 09:30:23,0.82,0.9761,3,0.83,0.988,820,0.84,1.0,1,0.825,0.9821,12,0
SPY190802P298,2019-07-31,2019-07-31 09:30:24,0.85,1.0119,841,0.83,0.988,771,0.84,1.0,1,0.84,1.0,12,0
SPY190802P298,2019-07-31,2019-07-31 09:30:24,0.85,1.0119,778,0.83,0.988,771,0.84,1.0,1,0.84,1.0,12,0
SPY190802P298,2019-07-31,2019-07-31 09:30:25,0.86,1.0238,1382,0.84,1.0,388,0.84,1.0,1,0.85,1.0119,12,0
SPY190802P298,2019-07-31,2019-07-31 09:30:26,0.86,1.0238,1382,0.84,1.0,480,0.84,1.0,1,0.85,1.0119,12,0
SPY190802P298,2019-07-31,2019-07-31 09:30:27,0.86,1.0238,1382,0.84,1.0,480,0.84,1.0,1,0.85,1.0119,12,0
SPY190802P298,2019-07-31,2019-07-31 09:30:28,0.86,1.0238,1382,0.84,1.0,480,0.84,1.0,1,0.85,1.0119,12,0
SPY190802P298,2019-07-31,2019-07-31 09:30:29,0.86,1.0238,1382,0.84,1.0,480,0.84,1.0,1,0.85,1.0119,12,0
SPY190802P298,2019-07-31,2019-07-31 09:30:29,0.85,1.0119,61,0.83,0.988,243,0.84,1.0,1,0.84,1.0,12,0
SPY190802P298,2019-07-31,2019-07-31 09:30:30,0.85,1.0119,205,0.84,1.0,95,0.84,1.0,1,0.845,1.0059,12,0
SPY190802P298,2019-07-31,2019-07-31 09:30:30,0.85,1.0119,794,0.84,1.0,6,0.84,1.0,1,0.845,1.0059,12,0
SPY190802P298,2019-07-31,2019-07-31 09:30:31,0.85,1.0119,794,0.84,1.0,6,0.84,1.0,1,0.845,1.0059,12,0
SPY190802P298,2019-07-31,2019-07-31 09:30:32,0.85,1.0119,986,0.84,1.0,6,0.84,1.0,1,0.845,1.0059,12,0
SPY190802P298,2019-07-31,2019-07-31 09:30:32,0.85,1.0119,948,0.84,1.0,5,0.84,1.0,1,0.845,1.0059,12,0
SPY190802P298,2019-07-31,2019-07-31 09:30:33,0.85,1.0119,825,0.84,1.0,5,0.84,1.0,1,0.845,1.0059,12,0
SPY190802P298,2019-07-31,2019-07-31 09:30:34,0.85,1.0119,825,0.83,0.988,1018,0.84,1.0,1,0.84,1.0,12,0
SPY190802P298,2019-07-31,2019-07-31 09:30:35,0.85,1.0119,1349,0.83,0.988,763,0.84,1.0,1,0.84,1.0,12,0
SPY190802P298,2019-07-31,2019-07-31 09:30:35,0.84,1.0,6,0.83,0.988,799,0.84,1.0,1,0.835,0.994,12,0
SPY190802P298,2019-07-31,2019-07-31 09:30:36,0.84,1.0,100,0.83,0.988,184,0.84,1.0,1,0.835,0.994,12,0
SPY190802P298,2019-07-31,2019-07-31 09:30:37,0.84,1.0,100,0.83,0.988,100,0.84,1.0,1,0.835,0.994,12,0
SPY190802P298,2019-07-31,2019-07-31 09:30:38,0.84,1.0,403,0.83,0.988,87,0.84,1.0,1,0.835,0.994,12,0
SPY190802P298,2019-07-31,2019-07-31 09:30:38,0.84,1.0,100,0.83,0.988,6,0.84,1.0,1,0.835,0.994,12,0
SPY190802P298,2019-07-31,2019-07-31 09:30:39,0.84,1.0,483,0.82,0.9761,859,0.84,1.0,1,0.83,0.988,12,0
SPY190802P298,2019-07-31,2019-07-31 09:30:40,0.84,1.0,172,0.83,0.988,5,0.84,1.0,1,0.835,0.994,12,0
SPY190802P298,2019-07-31,2019-07-31 09:30:41,0.84,1.0,333,0.82,0.9761,224,0.84,1.0,1,0.83,0.988,12,0
SPY190802P298,2019-07-31,2019-07-31 09:30:41,0.84,1.0,252,0.83,0.988,5,0.84,1.0,1,0.835,0.994,12,0
SPY190802P298,2019-07-31,2019-07-31 09:30:42,0.84,1.0,325,0.82,0.9761,224,0.82,0.9761,4,0.83,0.988,16,4
SPY190802P298,2019-07-31,2019-07-31 09:30:43,0.85,1.0119,480,0.83,0.988,5,0.82,0.9761,4,0.84,1.0,16,0
SPY190802P298,2019-07-31,2019-07-31 09:30:43,0.84,1.0,5,0.83,0.988,5,0.82,0.9761,4,0.835,0.994,16,0
SPY190802P298,2019-07-31,2019-07-31 09:30:44,0.85,1.0119,1010,0.84,1.0,6,0.82,0.9761,4,0.845,1.0059,16,0
SPY190802P298,2019-07-31,2019-07-31 09:30:44,0.85,1.0119,932,0.83,0.988,531,0.82,0.9761,4,0.84,1.0,16,0
SPY190802P298,2019-07-31,2019-07-31 09:30:45,0.84,1.0,5,0.83,0.988,352,0.82,0.9761,4,0.835,0.994,16,0
SPY190802P298,2019-07-31,2019-07-31 09:30:45,0.84,1.0,5,0.83,0.988,264,0.82,0.9761,4,0.835,0.994,16,0
SPY190802P298,2019-07-31,2019-07-31 09:30:46,0.84,1.0,172,0.83,0.988,172,0.82,0.9761,4,0.835,0.994,16,0
SPY190802P298,2019-07-31,2019-07-31 09:30:47,0.83,0.988,74,0.82,0.9761,184,0.82,0.9761,4,0.825,0.9821,16,0
SPY190802P298,2019-07-31,2019-07-31 09:30:47,0.83,0.988,6,0.82,0.9761,1058,0.82,0.9761,4,0.825,0.9821,16,0
SPY190802P298,2019-07-31,2019-07-31 09:30:48,0.83,0.988,4,0.82,0.9761,388,0.82,0.9761,4,0.825,0.9821,16,0
SPY190802P298,2019-07-31,2019-07-31 09:30:48,0.83,0.988,53,0.82,0.9761,388,0.82,0.9761,4,0.825,0.9821,16,0
SPY190802P298,2019-07-31,2019-07-31 09:30:49,0.83,0.988,29,0.82,0.9761,388,0.82,0.9761,4,0.825,0.9821,16,0
SPY190802P298,2019-07-31,2019-07-31 09:30:50,0.83,0.988,10,0.82,0.9761,388,0.82,0.9761,4,0.825,0.9821,16,0
SPY190802P298,2019-07-31,2019-07-31 09:30:50,0.83,0.988,10,0.82,0.9761,1121,0.82,0.9761,4,0.825,0.9821,16,0
SPY190802P298,2019-07-31,2019-07-31 09:30:51,0.83,0.988,10,0.82,0.9761,1234,0.82,0.9761,4,0.825,0.9821,16,0
SPY190802P298,2019-07-31,2019-07-31 09:30:52,0.83,0.988,10,0.82,0.9761,18,0.82,0.9761,4,0.825,0.9821,16,0
SPY190802P298,2019-07-31,2019-07-31 09:30:52,0.83,0.988,10,0.82,0.9761,210,0.82,0.9761,4,0.825,0.9821,16,0
SPY190802P298,2019-07-31,2019-07-31 09:30:53,0.83,0.988,10,0.82,0.9761,18,0.82,0.9761,4,0.825,0.9821,16,0
SPY190802P298,2019-07-31,2019-07-31 09:31:06,0.83,0.988,4,0.82,0.9761,74,0.82,0.9761,4,0.825,0.9821,20,0
SPY190802P298,2019-07-31,2019-07-31 09:31:06,0.83,0.988,758,0.82,0.9761,6,0.82,0.9761,4,0.825,0.9821,20,4
SPY190802P298,2019-07-31,2019-07-31 09:31:07,0.83,0.988,111,0.82,0.9761,252,0.82,0.9761,4,0.825,0.9821,20,0
SPY190802P298,2019-07-31,2019-07-31 09:31:08,0.83,0.988,4,0.82,0.9761,590,0.82,0.9761,4,0.825,0.9821,20,0
SPY190802P298,2019-07-31,2019-07-31 09:31:08,0.83,0.988,50,0.82,0.9761,56,0.82,0.9761,4,0.825,0.9821,20,0
SPY190802P298,2019-07-31,2019-07-31 09:31:09,0.83,0.988,4,0.82,0.9761,801,0.82,0.9761,4,0.825,0.9821,20,0
SPY190802P298,2019-07-31,2019-07-31 09:31:09,0.83,0.988,10,0.82,0.9761,789,0.82,0.9761,4,0.825,0.9821,20,0
SPY190802P298,2019-07-31,2019-07-31 09:31:10,0.83,0.988,4,0.82,0.9761,1273,0.82,0.9761,4,0.825,0.9821,20,0
SPY190802P298,2019-07-31,2019-07-31 09:31:11,0.84,1.0,252,0.82,0.9761,1293,0.83,0.988,4,0.83,0.988,24,4
SPY190802P298,2019-07-31,2019-07-31 09:31:11,0.83,0.988,4,0.82,0.9761,1032,0.82,0.9761,4,0.825,0.9821,20,0
SPY190802P298,2019-07-31,2019-07-31 09:31:12,0.84,1.0,292,0.83,0.988,172,0.83,0.988,4,0.835,0.994,24,0
SPY190802P298,2019-07-31,2019-07-31 09:31:12,0.84,1.0,252,0.83,0.988,100,0.83,0.988,4,0.835,0.994,24,0
SPY190802P298,2019-07-31,2019-07-31 09:31:13,0.84,1.0,252,0.83,0.988,172,0.83,0.988,4,0.835,0.994,24,0
SPY190802P298,2019-07-31,2019-07-31 09:31:14,0.84,1.0,283,0.83,0.988,100,0.83,0.988,4,0.835,0.994,24,0
SPY190802P298,2019-07-31,2019-07-31 09:31:14,0.84,1.0,252,0.83,0.988,5,0.83,0.988,4,0.835,0.994,24,0
SPY190802P298,2019-07-31,2019-07-31 09:31:15,0.84,1.0,252,0.83,0.988,100,0.83,0.988,4,0.835,0.994,24,0
SPY190802P298,2019-07-31,2019-07-31 09:31:16,0.84,1.0,299,0.83,0.988,100,0.83,0.988,4,0.835,0.994,24,0
SPY190802P298,2019-07-31,2019-07-31 09:31:16,0.84,1.0,934,0.82,0.9761,829,0.83,0.988,4,0.83,0.988,24,0
SPY190802P298,2019-07-31,2019-07-31 09:31:17,0.84,1.0,821,0.82,0.9761,829,0.83,0.988,4,0.83,0.988,24,0
SPY190802P298,2019-07-31,2019-07-31 09:31:18,0.84,1.0,772,0.83,0.988,64,0.83,0.988,4,0.835,0.994,24,0
SPY190802P298,2019-07-31,2019-07-31 09:31:18,0.84,1.0,337,0.83,0.988,70,0.83,0.988,4,0.835,0.994,24,0
SPY190802P298,2019-07-31,2019-07-31 09:31:19,0.84,1.0,343,0.83,0.988,131,0.83,0.988,4,0.835,0.994,24,0
SPY190802P298,2019-07-31,2019-07-31 09:31:19,0.84,1.0,1032,0.83,0.988,24,0.83,0.988,4,0.835,0.994,24,0
SPY190802P298,2019-07-31,2019-07-31 09:31:20,0.84,1.0,252,0.83,0.988,131,0.83,0.988,4,0.835,0.994,24,0
SPY190802P298,2019-07-31,2019-07-31 09:31:21,0.84,1.0,252,0.83,0.988,100,0.83,0.988,4,0.835,0.994,24,0
SPY190802P298,2019-07-31,2019-07-31 09:31:22,0.84,1.0,252,0.82,0.9761,357,0.83,0.988,4,0.83,0.988,24,0
SPY190802P298,2019-07-31,2019-07-31 09:31:22,0.84,1.0,1242,0.83,0.988,24,0.83,0.988,4,0.835,0.994,24,0
SPY190802P298,2019-07-31,2019-07-31 09:31:23,0.83,0.988,5,0.82,0.9761,628,0.83,0.988,1,0.825,0.9821,25,1
SPY190802P298,2019-07-31,2019-07-31 09:31:24,0.83,0.988,4,0.82,0.9761,1111,0.83,0.988,1,0.825,0.9821,25,0
SPY190802P298,2019-07-31,2019-07-31 09:31:24,0.83,0.988,4,0.82,0.9761,999,0.83,0.988,1,0.825,0.9821,25,0
SPY190802P298,2019-07-31,2019-07-31 09:31:25,0.83,0.988,4,0.82,0.9761,999,0.83,0.988,1,0.825,0.9821,25,0
SPY190802P298,2019-07-31,2019-07-31 09:31:25,0.84,1.0,252,0.83,0.988,100,0.83,0.988,4,0.835,0.994,29,4
SPY190802P298,2019-07-31,2019-07-31 09:31:26,0.84,1.0,252,0.83,0.988,325,0.83,0.988,4,0.835,0.994,29,0
SPY190802P298,2019-07-31,2019-07-31 09:31:26,0.84,1.0,175,0.83,0.988,325,0.83,0.988,4,0.835,0.994,29,0
SPY190802P298,2019-07-31,2019-07-31 09:31:27,0.84,1.0,219,0.83,0.988,510,0.83,0.988,4,0.835,0.994,29,0
SPY190802P298,2019-07-31,2019-07-31 09:31:28,0.84,1.0,254,0.83,0.988,184,0.83,0.988,4,0.835,0.994,29,0
SPY190802P298,2019-07-31,2019-07-31 09:31:28,0.84,1.0,219,0.83,0.988,325,0.83,0.988,4,0.835,0.994,29,0
SPY190802P298,2019-07-31,2019-07-31 09:31:29,0.84,1.0,642,0.83,0.988,5,0.83,0.988,4,0.835,0.994,29,0
SPY190802P298,2019-07-31,2019-07-31 09:31:30,0.84,1.0,1226,0.83,0.988,6,0.83,0.988,4,0.835,0.994,29,0
SPY190802P298,2019-07-31,2019-07-31 09:31:30,0.84,1.0,1226,0.83,0.988,24,0.83,0.988,4,0.835,0.994,29,0
SPY190802P298,2019-07-31,2019-07-31 09:31:32,0.84,1.0,252,0.82,0.9761,954,0.83,0.988,4,0.83,0.988,29,0
SPY190802P298,2019-07-31,2019-07-31 09:31:33,0.83,0.988,4,0.82,0.9761,871,0.83,0.988,4,0.825,0.9821,29,0
SPY190802P298,2019-07-31,2019-07-31 09:31:34,0.83,0.988,5,0.82,0.9761,576,0.83,0.988,4,0.825,0.9821,29,0
SPY190802P298,2019-07-31,2019-07-31 09:31:34,0.83,0.988,4,0.82,0.9761,871,0.83,0.988,4,0.825,0.9821,29,0
SPY190802P298,2019-07-31,2019-07-31 09:31:35,0.83,0.988,155,0.82,0.9761,251,0.83,0.988,4,0.825,0.9821,29,0
SPY190802P298,2019-07-31,2019-07-31 09:31:35,0.83,0.988,5,0.82,0.9761,172,0.83,0.988,4,0.825,0.9821,29,0
SPY190802P298,2019-07-31,2019-07-31 09:31:36,0.83,0.988,155,0.82,0.9761,184,0.83,0.988,4,0.825,0.9821,29,0
SPY190802P298,2019-07-31,2019-07-31 09:31:37,0.83,0.988,275,0.81,0.9642,1089,0.83,0.988,4,0.82,0.9761,29,0
SPY190802P298,2019-07-31,2019-07-31 09:31:37,0.83,0.988,275,0.82,0.9761,6,0.83,0.988,4,0.825,0.9821,29,0
SPY190802P298,2019-07-31,2019-07-31 09:31:38,0.83,0.988,275,0.82,0.9761,5,0.83,0.988,4,0.825,0.9821,29,0
SPY190802P298,2019-07-31,2019-07-31 09:31:39,0.83,0.988,292,0.82,0.9761,6,0.83,0.988,4,0.825,0.9821,29,0
SPY190802P298,2019-07-31,2019-07-31 09:31:40,0.83,0.988,172,0.82,0.9761,5,0.83,0.988,4,0.825,0.9821,29,0
SPY190802P298,2019-07-31,2019-07-31 09:31:40,0.83,0.988,172,0.82,0.9761,56,0.83,0.988,4,0.825,0.9821,29,0
SPY190802P298,2019-07-31,2019-07-31 09:31:41,0.83,0.988,167,0.82,0.9761,247,0.83,0.988,4,0.825,0.9821,29,0
SPY190802P298,2019-07-31,2019-07-31 09:31:41,0.83,0.988,172,0.82,0.9761,5,0.83,0.988,4,0.825,0.9821,29,0
SPY190802P298,2019-07-31,2019-07-31 09:31:42,0.83,0.988,110,0.82,0.9761,212,0.83,0.988,4,0.825,0.9821,29,0
SPY190802P298,2019-07-31,2019-07-31 09:31:43,0.83,0.988,172,0.82,0.9761,349,0.82,0.9761,4,0.825,0.9821,33,4
SPY190802P298,2019-07-31,2019-07-31 09:31:43,0.83,0.988,172,0.82,0.9761,212,0.83,0.988,4,0.825,0.9821,29,0
SPY190802P298,2019-07-31,2019-07-31 09:31:44,0.83,0.988,172,0.82,0.9761,349,0.82,0.9761,4,0.825,0.9821,33,0
SPY190802P298,2019-07-31,2019-07-31 09:31:45,0.83,0.988,172,0.82,0.9761,688,0.82,0.9761,4,0.825,0.9821,33,0
SPY190802P298,2019-07-31,2019-07-31 09:31:45,0.83,0.988,162,0.82,0.9761,688,0.82,0.9761,4,0.825,0.9821,33,0
SPY190802P298,2019-07-31,2019-07-31 09:31:46,0.83,0.988,10,0.82,0.9761,982,0.82,0.9761,4,0.825,0.9821,33,0
SPY190802P298,2019-07-31,2019-07-31 09:31:46,0.83,0.988,100,0.82,0.9761,368,0.82,0.9761,4,0.825,0.9821,33,0
SPY190802P298,2019-07-31,2019-07-31 09:31:47,0.83,0.988,4,0.82,0.9761,1466,0.83,0.988,4,0.825,0.9821,37,4
SPY190802P298,2019-07-31,2019-07-31 09:31:47,0.84,1.0,270,0.82,0.9761,1466,0.83,0.988,4,0.83,0.988,37,0
SPY190802P298,2019-07-31,2019-07-31 09:31:48,0.84,1.0,401,0.83,0.988,24,0.83,0.988,4,0.835,0.994,37,0
SPY190802P298,2019-07-31,2019-07-31 09:31:49,0.84,1.0,446,0.83,0.988,6,0.83,0.988,4,0.835,0.994,37,0
SPY190802P298,2019-07-31,2019-07-31 09:31:49,0.84,1.0,446,0.83,0.988,44,0.83,0.988,4,0.835,0.994,37,0
SPY190802P298,2019-07-31,2019-07-31 09:31:50,0.84,1.0,446,0.82,0.9761,828,0.83,0.988,4,0.83,0.988,37,0
SPY190802P298,2019-07-31,2019-07-31 09:31:51,0.84,1.0,446,0.82,0.9761,929,0.83,0.988,4,0.83,0.988,37,0
SPY190802P298,2019-07-31,2019-07-31 09:31:52,0.84,1.0,446,0.82,0.9761,1139,0.83,0.988,4,0.83,0.988,37,0
SPY190802P298,2019-07-31,2019-07-31 09:31:52,0.84,1.0,446,0.83,0.988,6,0.83,0.988,4,0.835,0.994,37,0
SPY190802P298,2019-07-31,2019-07-31 09:31:53,0.84,1.0,446,0.83,0.988,24,0.83,0.988,4,0.835,0.994,37,0
SPY190802P298,2019-07-31,2019-07-31 09:31:54,0.84,1.0,281,0.83,0.988,5,0.83,0.988,4,0.835,0.994,37,0
SPY190802P298,2019-07-31,2019-07-31 09:31:54,0.84,1.0,272,0.83,0.988,5,0.83,0.988,4,0.835,0.994,37,0
SPY190802P298,2019-07-31,2019-07-31 09:31:55,0.84,1.0,281,0.83,0.988,5,0.83,0.988,4,0.835,0.994,37,0
SPY190802P298,2019-07-31,2019-07-31 09:31:55,0.84,1.0,281,0.83,0.988,30,0.83,0.988,4,0.835,0.994,37,0
SPY190802P298,2019-07-31,2019-07-31 09:31:56,0.84,1.0,1281,0.82,0.9761,560,0.83,0.988,4,0.83,0.988,37,0
SPY190802P298,2019-07-31,2019-07-31 09:31:56,0.84,1.0,281,0.82,0.9761,560,0.83,0.988,4,0.83,0.988,37,0
SPY190802P298,2019-07-31,2019-07-31 09:31:57,0.84,1.0,1160,0.82,0.9761,560,0.83,0.988,4,0.83,0.988,37,0
SPY190802P298,2019-07-31,2019-07-31 09:31:58,0.84,1.0,902,0.82,0.9761,560,0.83,0.988,4,0.83,0.988,37,0
SPY190802P298,2019-07-31,2019-07-31 09:31:58,0.84,1.0,1274,0.82,0.9761,560,0.83,0.988,4,0.83,0.988,37,0
SPY190802P298,2019-07-31,2019-07-31 09:31:59,0.84,1.0,902,0.82,0.9761,892,0.83,0.988,4,0.83,0.988,37,0
SPY190802P298,2019-07-31,2019-07-31 09:31:59,0.84,1.0,813,0.83,0.988,6,0.83,0.988,4,0.835,0.994,37,0
SPY190802P298,2019-07-31,2019-07-31 09:32:00,0.84,1.0,172,0.83,0.988,218,0.83,0.988,4,0.835,0.994,37,0
SPY190802P298,2019-07-31,2019-07-31 09:32:01,0.84,1.0,4,0.83,0.988,1238,0.83,0.988,4,0.835,0.994,37,0
SPY190802P298,2019-07-31,2019-07-31 09:32:01,0.84,1.0,40,0.83,0.988,874,0.83,0.988,4,0.835,0.994,37,0
SPY190802P298,2019-07-31,2019-07-31 09:32:02,0.84,1.0,4,0.83,0.988,1352,0.83,0.988,4,0.835,0.994,37,0
SPY190802P298,2019-07-31,2019-07-31 09:32:03,0.84,1.0,4,0.83,0.988,1238,0.83,0.988,4,0.835,0.994,37,0
SPY190802P298,2019-07-31,2019-07-31 09:32:03,0.84,1.0,4,0.83,0.988,836,0.83,0.988,4,0.835,0.994,37,0
SPY190802P298,2019-07-31,2019-07-31 09:32:04,0.84,1.0,2,0.83,0.988,874,0.84,1.0,1,0.835,0.994,39,1
SPY190802P298,2019-07-31,2019-07-31 09:32:04,0.84,1.0,3,0.83,0.988,874,0.84,1.0,1,0.835,0.994,38,1
SPY190802P298,2019-07-31,2019-07-31 09:32:05,0.84,1.0,2,0.84,1.0,652,0.84,1.0,1,0.84,1.0,41,2
SPY190802P298,2019-07-31,2019-07-31 09:32:06,0.86,1.0238,804,0.84,1.0,722,0.84,1.0,1,0.85,1.0119,41,0
SPY190802P298,2019-07-31,2019-07-31 09:32:06,0.86,1.0238,1173,0.84,1.0,722,0.84,1.0,1,0.85,1.0119,41,0
SPY190802P298,2019-07-31,2019-07-31 09:32:07,0.85,1.0119,6,0.84,1.0,795,0.84,1.0,1,0.845,1.0059,41,0
SPY190802P298,2019-07-31,2019-07-31 09:32:07,0.85,1.0119,5,0.84,1.0,830,0.84,1.0,1,0.845,1.0059,41,0
SPY190802P298,2019-07-31,2019-07-31 09:32:08,0.86,1.0238,1134,0.85,1.0119,24,0.84,1.0,1,0.855,1.0178,41,0
SPY190802P298,2019-07-31,2019-07-31 09:32:09,0.87,1.0357,343,0.86,1.0238,5,0.84,1.0,1,0.865,1.0297,41,0
SPY190802P298,2019-07-31,2019-07-31 09:32:09,0.86,1.0238,286,0.85,1.0119,605,0.84,1.0,1,0.855,1.0178,41,0
SPY190802P298,2019-07-31,2019-07-31 09:32:10,0.87,1.0357,357,0.86,1.0238,5,0.84,1.0,1,0.865,1.0297,41,0
SPY190802P298,2019-07-31,2019-07-31 09:32:11,0.87,1.0357,137,0.86,1.0238,5,0.84,1.0,1,0.865,1.0297,41,0
SPY190802P298,2019-07-31,2019-07-31 09:32:12,0.87,1.0357,137,0.86,1.0238,631,0.85,1.0119,32,0.865,1.0297,91,0
SPY190802P298,2019-07-31,2019-07-31 09:32:12,0.86,1.0238,1,0.86,1.0238,5,0.85,1.0119,32,0.86,1.0238,91,50
SPY190802P298,2019-07-31,2019-07-31 09:32:13,0.87,1.0357,100,0.85,1.0119,811,0.85,1.0119,32,0.86,1.0238,91,0
SPY190802P298,2019-07-31,2019-07-31 09:32:13,0.87,1.0357,100,0.86,1.0238,221,0.85,1.0119,32,0.865,1.0297,91,0
SPY190802P298,2019-07-31,2019-07-31 09:32:14,0.86,1.0238,6,0.86,1.0238,5,0.85,1.0119,32,0.86,1.0238,91,0
SPY190802P298,2019-07-31,2019-07-31 09:32:15,0.86,1.0238,4,0.85,1.0119,772,0.85,1.0119,32,0.855,1.0178,91,0
SPY190802P298,2019-07-31,2019-07-31 09:32:18,0.86,1.0238,4,0.85,1.0119,1368,0.85,1.0119,32,0.855,1.0178,91,0
SPY190802P298,2019-07-31,2019-07-31 09:32:18,0.86,1.0238,4,0.85,1.0119,1257,0.85,1.0119,32,0.855,1.0178,91,0
SPY190802P298,2019-07-31,2019-07-31 09:32:19,0.87,1.0357,127,0.86,1.0238,652,0.86,1.0238,4,0.865,1.0297,96,5
SPY190802P298,2019-07-31,2019-07-31 09:32:20,0.87,1.0357,172,0.86,1.0238,722,0.86,1.0238,4,0.865,1.0297,96,0
SPY190802P298,2019-07-31,2019-07-31 09:32:20,0.87,1.0357,127,0.86,1.0238,742,0.86,1.0238,4,0.865,1.0297,96,0
SPY190802P298,2019-07-31,2019-07-31 09:32:21,0.87,1.0357,127,0.86,1.0238,742,0.86,1.0238,4,0.865,1.0297,96,0
SPY190802P298,2019-07-31,2019-07-31 09:32:22,0.87,1.0357,99,0.86,1.0238,742,0.86,1.0238,4,0.865,1.0297,96,0
SPY190802P298,2019-07-31,2019-07-31 09:32:22,0.87,1.0357,127,0.86,1.0238,742,0.86,1.0238,4,0.865,1.0297,96,0
SPY190802P298,2019-07-31,2019-07-31 09:32:23,0.87,1.0357,74,0.86,1.0238,742,0.86,1.0238,4,0.865,1.0297,96,0
SPY190802P298,2019-07-31,2019-07-31 09:32:24,0.88,1.0476,367,0.86,1.0238,262,0.86,1.0238,4,0.87,1.0357,96,0
SPY190802P298,2019-07-31,2019-07-31 09:32:25,0.88,1.0476,264,0.87,1.0357,5,0.86,1.0238,4,0.875,1.0416,96,0
SPY190802P298,2019-07-31,2019-07-31 09:32:25,0.88,1.0476,269,0.87,1.0357,169,0.86,1.0238,4,0.875,1.0416,96,0
SPY190802P298,2019-07-31,2019-07-31 09:32:26,0.88,1.0476,655,0.87,1.0357,127,0.86,1.0238,4,0.875,1.0416,96,0
SPY190802P298,2019-07-31,2019-07-31 09:32:27,0.88,1.0476,477,0.87,1.0357,120,0.86,1.0238,4,0.875,1.0416,96,0
SPY190802P298,2019-07-31,2019-07-31 09:32:28,0.87,1.0357,6,0.86,1.0238,212,0.86,1.0238,4,0.865,1.0297,96,0
SPY190802P298,2019-07-31,2019-07-31 09:32:28,0.87,1.0357,145,0.86,1.0238,212,0.86,1.0238,4,0.865,1.0297,96,0
SPY190802P298,2019-07-31,2019-07-31 09:32:29,0.88,1.0476,277,0.87,1.0357,30,0.86,1.0238,4,0.875,1.0416,96,0
SPY190802P298,2019-07-31,2019-07-31 09:32:30,0.88,1.0476,269,0.87,1.0357,137,0.86,1.0238,4,0.875,1.0416,96,0
SPY190802P298,2019-07-31,2019-07-31 09:32:30,0.88,1.0476,269,0.87,1.0357,30,0.86,1.0238,4,0.875,1.0416,96,0
SPY190802P298,2019-07-31,2019-07-31 09:32:31,0.87,1.0357,5,0.86,1.0238,525,0.86,1.0238,4,0.865,1.0297,96,0
SPY190802P298,2019-07-31,2019-07-31 09:32:32,0.88,1.0476,847,0.86,1.0238,692,0.86,1.0238,4,0.87,1.0357,96,0
SPY190802P298,2019-07-31,2019-07-31 09:32:32,0.88,1.0476,1329,0.86,1.0238,692,0.86,1.0238,4,0.87,1.0357,96,0
SPY190802P298,2019-07-31,2019-07-31 09:32:33,0.88,1.0476,240,0.87,1.0357,212,0.86,1.0238,4,0.875,1.0416,96,0
SPY190802P298,2019-07-31,2019-07-31 09:32:34,0.88,1.0476,70,0.87,1.0357,762,0.86,1.0238,4,0.875,1.0416,96,0
SPY190802P298,2019-07-31,2019-07-31 09:32:34,0.88,1.0476,70,0.87,1.0357,692,0.86,1.0238,4,0.875,1.0416,96,0
SPY190802P298,2019-07-31,2019-07-31 09:32:35,0.88,1.0476,70,0.87,1.0357,692,0.86,1.0238,4,0.875,1.0416,96,0
SPY190802P298,2019-07-31,2019-07-31 09:32:35,0.88,1.0476,786,0.87,1.0357,212,0.86,1.0238,4,0.875,1.0416,96,0
SPY190802P298,2019-07-31,2019-07-31 09:32:36,0.88,1.0476,337,0.87,1.0357,212,0.86,1.0238,4,0.875,1.0416,96,0
SPY190802P298,2019-07-31,2019-07-31 09:32:37,0.88,1.0476,505,0.87,1.0357,212,0.86,1.0238,4,0.875,1.0416,96,0
SPY190802P298,2019-07-31,2019-07-31 09:32:37,0.88,1.0476,1038,0.87,1.0357,212,0.86,1.0238,4,0.875,1.0416,96,0
SPY190802P298,2019-07-31,2019-07-31 09:32:38,0.88,1.0476,782,0.87,1.0357,120,0.86,1.0238,4,0.875,1.0416,96,0
SPY190802P298,2019-07-31,2019-07-31 09:32:38,0.88,1.0476,576,0.87,1.0357,100,0.86,1.0238,4,0.875,1.0416,96,0
SPY190802P298,2019-07-31,2019-07-31 09:32:39,0.88,1.0476,294,0.87,1.0357,120,0.86,1.0238,4,0.875,1.0416,96,0
SPY190802P298,2019-07-31,2019-07-31 09:32:40,0.88,1.0476,1008,0.87,1.0357,120,0.86,1.0238,4,0.875,1.0416,96,0
SPY190802P298,2019-07-31,2019-07-31 09:32:40,0.88,1.0476,710,0.87,1.0357,120,0.86,1.0238,4,0.875,1.0416,96,0
SPY190802P298,2019-07-31,2019-07-31 09:32:41,0.87,1.0357,172,0.86,1.0238,212,0.86,1.0238,4,0.865,1.0297,96,0
SPY190802P298,2019-07-31,2019-07-31 09:32:41,0.87,1.0357,124,0.86,1.0238,212,0.86,1.0238,4,0.865,1.0297,96,0
SPY190802P298,2019-07-31,2019-07-31 09:32:42,0.87,1.0357,163,0.86,1.0238,369,0.86,1.0238,4,0.865,1.0297,96,0
SPY190802P298,2019-07-31,2019-07-31 09:32:43,0.87,1.0357,67,0.86,1.0238,652,0.86,1.0238,4,0.865,1.0297,96,0
SPY190802P298,2019-07-31,2019-07-31 09:32:43,0.87,1.0357,67,0.87,1.0357,5,0.86,1.0238,5,0.87,1.0357,101,5
SPY190802P298,2019-07-31,2019-07-31 09:32:45,0.88,1.0476,690,0.87,1.0357,80,0.86,1.0238,5,0.875,1.0416,101,0
SPY190802P298,2019-07-31,2019-07-31 09:32:46,0.88,1.0476,690,0.87,1.0357,88,0.86,1.0238,5,0.875,1.0416,101,0
SPY190802P298,2019-07-31,2019-07-31 09:32:46,0.88,1.0476,690,0.87,1.0357,126,0.86,1.0238,5,0.875,1.0416,101,0
SPY190802P298,2019-07-31,2019-07-31 09:32:47,0.88,1.0476,690,0.87,1.0357,126,0.86,1.0238,5,0.875,1.0416,101,0
SPY190802P298,2019-07-31,2019-07-31 09:32:48,0.88,1.0476,690,0.87,1.0357,126,0.86,1.0238,5,0.875,1.0416,101,0
SPY190802P298,2019-07-31,2019-07-31 09:32:48,0.87,1.0357,5,0.86,1.0238,687,0.86,1.0238,5,0.865,1.0297,101,0
SPY190802P298,2019-07-31,2019-07-31 09:32:49,0.87,1.0357,5,0.86,1.0238,687,0.86,1.0238,5,0.865,1.0297,101,0
SPY190802P298,2019-07-31,2019-07-31 09:32:50,0.87,1.0357,166,0.86,1.0238,339,0.86,1.0238,5,0.865,1.0297,101,0
SPY190802P298,2019-07-31,2019-07-31 09:32:50,0.87,1.0357,166,0.86,1.0238,212,0.86,1.0238,5,0.865,1.0297,101,0
SPY190802P298,2019-07-31,2019-07-31 09:32:51,0.87,1.0357,148,0.86,1.0238,212,0.86,1.0238,5,0.865,1.0297,101,0
SPY190802P298,2019-07-31,2019-07-31 09:32:51,0.87,1.0357,181,0.86,1.0238,212,0.86,1.0238,5,0.865,1.0297,101,0
SPY190802P298,2019-07-31,2019-07-31 09:32:52,0.87,1.0357,354,0.86,1.0238,29,0.86,1.0238,5,0.865,1.0297,101,0
SPY190802P298,2019-07-31,2019-07-31 09:32:53,0.87,1.0357,1125,0.86,1.0238,24,0.86,1.0238,5,0.865,1.0297,101,0
SPY190802P298,2019-07-31,2019-07-31 09:32:53,0.86,1.0238,203,0.85,1.0119,107,0.86,1.0238,5,0.855,1.0178,101,0
SPY190802P298,2019-07-31,2019-07-31 09:32:54,0.86,1.0238,760,0.85,1.0119,107,0.86,1.0238,5,0.855,1.0178,101,0
SPY190802P298,2019-07-31,2019-07-31 09:32:54,0.85,1.0119,6,0.85,1.0119,37,0.86,1.0238,5,0.85,1.0119,101,0
SPY190802P298,2019-07-31,2019-07-31 09:32:55,0.85,1.0119,96,0.84,1.0,335,0.86,1.0238,5,0.845,1.0059,101,0
SPY190802P298,2019-07-31,2019-07-31 09:32:55,0.85,1.0119,154,0.84,1.0,314,0.86,1.0238,5,0.845,1.0059,101,0
SPY190802P298,2019-07-31,2019-07-31 09:32:56,0.85,1.0119,180,0.84,1.0,314,0.86,1.0238,5,0.845,1.0059,101,0
SPY190802P298,2019-07-31,2019-07-31 09:32:57,0.85,1.0119,354,0.84,1.0,389,0.84,1.0,1,0.845,1.0059,105,4
SPY190802P298,2019-07-31,2019-07-31 09:32:57,0.85,1.0119,286,0.84,1.0,314,0.86,1.0238,5,0.845,1.0059,101,0
SPY190802P298,2019-07-31,2019-07-31 09:32:58,0.86,1.0238,265,0.84,1.0,394,0.84,1.0,1,0.85,1.0119,105,0
SPY190802P298,2019-07-31,2019-07-31 09:32:58,0.85,1.0119,214,0.84,1.0,370,0.84,1.0,1,0.845,1.0059,105,0
SPY190802P298,2019-07-31,2019-07-31 09:32:59,0.85,1.0119,566,0.83,0.988,250,0.84,1.0,1,0.84,1.0,105,0
SPY190802P298,2019-07-31,2019-07-31 09:32:59,0.85,1.0119,566,0.84,1.0,196,0.84,1.0,1,0.845,1.0059,105,0
SPY190802P298,2019-07-31,2019-07-31 09:33:00,0.85,1.0119,566,0.83,0.988,476,0.84,1.0,1,0.84,1.0,105,0
SPY190802P298,2019-07-31,2019-07-31 09:33:01,0.84,1.0,113,0.83,0.988,308,0.84,1.0,1,0.835,0.994,105,0
SPY190802P298,2019-07-31,2019-07-31 09:33:01,0.84,1.0,109,0.83,0.988,308,0.84,1.0,1,0.835,0.994,105,0
SPY190802P298,2019-07-31,2019-07-31 09:33:02,0.84,1.0,109,0.83,0.988,267,0.84,1.0,1,0.835,0.994,105,0
SPY190802P298,2019-07-31,2019-07-31 09:33:03,0.84,1.0,197,0.83,0.988,267,0.84,1.0,1,0.835,0.994,105,0
SPY190802P298,2019-07-31,2019-07-31 09:33:03,0.84,1.0,195,0.83,0.988,267,0.84,1.0,1,0.835,0.994,105,0
SPY190802P298,2019-07-31,2019-07-31 09:33:04,0.84,1.0,201,0.83,0.988,267,0.84,1.0,1,0.835,0.994,105,0
SPY190802P298,2019-07-31,2019-07-31 09:33:05,0.84,1.0,201,0.83,0.988,429,0.84,1.0,1,0.835,0.994,105,0
SPY190802P298,2019-07-31,2019-07-31 09:33:05,0.84,1.0,201,0.83,0.988,397,0.84,1.0,1,0.835,0.994,105,0
SPY190802P298,2019-07-31,2019-07-31 09:33:06,0.84,1.0,180,0.83,0.988,438,0.84,1.0,1,0.835,0.994,105,0
SPY190802P298,2019-07-31,2019-07-31 09:33:06,0.84,1.0,201,0.83,0.988,429,0.84,1.0,1,0.835,0.994,105,0
SPY190802P298,2019-07-31,2019-07-31 09:33:07,0.84,1.0,180,0.83,0.988,438,0.84,1.0,1,0.835,0.994,105,0
SPY190802P298,2019-07-31,2019-07-31 09:33:08,0.85,1.0119,693,0.84,1.0,110,0.84,1.0,1,0.845,1.0059,105,0
SPY190802P298,2019-07-31,2019-07-31 09:33:09,0.85,1.0119,271,0.84,1.0,179,0.84,1.0,1,0.845,1.0059,105,0
SPY190802P298,2019-07-31,2019-07-31 09:33:10,0.85,1.0119,189,0.84,1.0,590,0.84,1.0,1,0.845,1.0059,105,0
SPY190802P298,2019-07-31,2019-07-31 09:33:11,0.85,1.0119,104,0.84,1.0,710,0.84,1.0,1,0.845,1.0059,105,0
SPY190802P298,2019-07-31,2019-07-31 09:33:11,0.86,1.0238,1236,0.85,1.0119,30,0.84,1.0,1,0.855,1.0178,105,0
SPY190802P298,2019-07-31,2019-07-31 09:33:12,0.86,1.0238,624,0.85,1.0119,58,0.84,1.0,1,0.855,1.0178,105,0
SPY190802P298,2019-07-31,2019-07-31 09:33:13,0.86,1.0238,513,0.85,1.0119,70,0.84,1.0,1,0.855,1.0178,105,0
SPY190802P298,2019-07-31,2019-07-31 09:33:13,0.86,1.0238,777,0.85,1.0119,70,0.84,1.0,1,0.855,1.0178,105,0
SPY190802P298,2019-07-31,2019-07-31 09:33:14,0.86,1.0238,593,0.85,1.0119,70,0.84,1.0,1,0.855,1.0178,105,0
SPY190802P298,2019-07-31,2019-07-31 09:33:15,0.86,1.0238,739,0.84,1.0,837,0.84,1.0,1,0.85,1.0119,105,0
SPY190802P298,2019-07-31,2019-07-31 09:33:16,0.86,1.0238,917,0.84,1.0,856,0.84,1.0,1,0.85,1.0119,105,0
SPY190802P298,2019-07-31,2019-07-31 09:33:17,0.86,1.0238,1226,0.84,1.0,856,0.84,1.0,1,0.85,1.0119,105,0
SPY190802P298,2019-07-31,2019-07-31 09:33:17,0.85,1.0119,70,0.84,1.0,222,0.84,1.0,1,0.845,1.0059,105,0
SPY190802P298,2019-07-31,2019-07-31 09:33:18,0.85,1.0119,149,0.84,1.0,198,0.84,1.0,1,0.845,1.0059,105,0
SPY190802P298,2019-07-31,2019-07-31 09:33:18,0.85,1.0119,149,0.84,1.0,222,0.84,1.0,1,0.845,1.0059,105,0
SPY190802P298,2019-07-31,2019-07-31 09:33:19,0.85,1.0119,373,0.84,1.0,179,0.84,1.0,1,0.845,1.0059,105,0
SPY190802P298,2019-07-31,2019-07-31 09:33:20,0.85,1.0119,522,0.84,1.0,179,0.84,1.0,1,0.845,1.0059,105,0
SPY190802P298,2019-07-31,2019-07-31 09:33:20,0.85,1.0119,513,0.84,1.0,179,0.84,1.0,1,0.845,1.0059,105,0
SPY190802P298,2019-07-31,2019-07-31 09:33:21,0.85,1.0119,775,0.84,1.0,179,0.84,1.0,1,0.845,1.0059,105,0
SPY190802P298,2019-07-31,2019-07-31 09:33:21,0.84,1.0,630,0.82,0.9761,292,0.84,1.0,1,0.83,0.988,105,0
SPY190802P298,2019-07-31,2019-07-31 09:33:22,0.83,0.988,5,0.82,0.9761,190,0.84,1.0,1,0.825,0.9821,105,0
SPY190802P298,2019-07-31,2019-07-31 09:33:22,0.83,0.988,5,0.82,0.9761,318,0.84,1.0,1,0.825,0.9821,105,0
SPY190802P298,2019-07-31,2019-07-31 09:33:23,0.84,1.0,1153,0.82,0.9761,474,0.84,1.0,1,0.83,0.988,105,0
SPY190802P298,2019-07-31,2019-07-31 09:33:23,0.84,1.0,1380,0.82,0.9761,562,0.84,1.0,1,0.83,0.988,105,0
SPY190802P298,2019-07-31,2019-07-31 09:33:24,0.84,1.0,1380,0.83,0.988,6,0.84,1.0,1,0.835,0.994,105,0
SPY190802P298,2019-07-31,2019-07-31 09:33:25,0.83,0.988,5,0.82,0.9761,282,0.84,1.0,1,0.825,0.9821,105,0
SPY190802P298,2019-07-31,2019-07-31 09:33:25,0.83,0.988,5,0.83,0.988,30,0.84,1.0,1,0.83,0.988,105,0
SPY190802P298,2019-07-31,2019-07-31 09:33:26,0.84,1.0,1250,0.82,0.9761,283,0.84,1.0,1,0.83,0.988,105,0
SPY190802P298,2019-07-31,2019-07-31 09:33:26,0.83,0.988,5,0.83,0.988,30,0.84,1.0,1,0.83,0.988,105,0
SPY190802P298,2019-07-31,2019-07-31 09:33:27,0.83,0.988,650,0.82,0.9761,77,0.84,1.0,1,0.825,0.9821,105,0
SPY190802P298,2019-07-31,2019-07-31 09:33:28,0.83,0.988,828,0.82,0.9761,89,0.84,1.0,1,0.825,0.9821,105,0
SPY190802P298,2019-07-31,2019-07-31 09:33:28,0.83,0.988,901,0.82,0.9761,124,0.84,1.0,1,0.825,0.9821,105,0
SPY190802P298,2019-07-31,2019-07-31 09:33:29,0.83,0.988,828,0.82,0.9761,124,0.84,1.0,1,0.825,0.9821,105,0
SPY190802P298,2019-07-31,2019-07-31 09:33:29,0.83,0.988,1175,0.82,0.9761,24,0.84,1.0,1,0.825,0.9821,105,0
SPY190802P298,2019-07-31,2019-07-31 09:33:30,0.83,0.988,970,0.82,0.9761,6,0.84,1.0,1,0.825,0.9821,105,0
SPY190802P298,2019-07-31,2019-07-31 09:33:31,0.83,0.988,970,0.81,0.9642,361,0.84,1.0,1,0.82,0.9761,105,0
SPY190802P298,2019-07-31,2019-07-31 09:33:32,0.82,0.9761,5,0.81,0.9642,582,0.84,1.0,1,0.815,0.9702,105,0
SPY190802P298,2019-07-31,2019-07-31 09:33:32,0.82,0.9761,107,0.81,0.9642,317,0.84,1.0,1,0.815,0.9702,105,0
SPY190802P298,2019-07-31,2019-07-31 09:33:33,0.82,0.9761,96,0.81,0.9642,80,0.84,1.0,1,0.815,0.9702,105,0
SPY190802P298,2019-07-31,2019-07-31 09:33:33,0.82,0.9761,107,0.81,0.9642,582,0.84,1.0,1,0.815,0.9702,105,0
SPY190802P298,2019-07-31,2019-07-31 09:33:34,0.82,0.9761,867,0.81,0.9642,75,0.84,1.0,1,0.815,0.9702,105,0
SPY190802P298,2019-07-31,2019-07-31 09:33:35,0.82,0.9761,867,0.81,0.9642,65,0.84,1.0,1,0.815,0.9702,105,0
SPY190802P298,2019-07-31,2019-07-31 09:33:36,0.82,0.9761,867,0.8,0.9523,958,0.84,1.0,1,0.81,0.9642,105,0
SPY190802P298,2019-07-31,2019-07-31 09:33:36,0.82,0.9761,867,0.8,0.9523,760,0.84,1.0,1,0.81,0.9642,105,0
SPY190802P298,2019-07-31,2019-07-31 09:33:37,0.82,0.9761,1265,0.81,0.9642,5,0.84,1.0,1,0.815,0.9702,105,0
SPY190802P298,2019-07-31,2019-07-31 09:33:38,0.82,0.9761,252,0.81,0.9642,145,0.84,1.0,1,0.815,0.9702,105,0
SPY190802P298,2019-07-31,2019-07-31 09:33:38,0.82,0.9761,380,0.81,0.9642,145,0.84,1.0,1,0.815,0.9702,105,0
SPY190802P298,2019-07-31,2019-07-31 09:33:39,0.82,0.9761,829,0.81,0.9642,145,0.84,1.0,1,0.815,0.9702,105,0
SPY190802P298,2019-07-31,2019-07-31 09:33:39,0.82,0.9761,829,0.81,0.9642,137,0.84,1.0,1,0.815,0.9702,105,0
SPY190802P298,2019-07-31,2019-07-31 09:33:40,0.82,0.9761,829,0.81,0.9642,137,0.84,1.0,1,0.815,0.9702,105,0
SPY190802P298,2019-07-31,2019-07-31 09:33:41,0.82,0.9761,194,0.81,0.9642,217,0.84,1.0,1,0.815,0.9702,105,0
SPY190802P298,2019-07-31,2019-07-31 09:33:41,0.82,0.9761,551,0.81,0.9642,137,0.84,1.0,1,0.815,0.9702,105,0
SPY190802P298,2019-07-31,2019-07-31 09:33:42,0.82,0.9761,193,0.81,0.9642,217,0.84,1.0,1,0.815,0.9702,105,0
SPY190802P298,2019-07-31,2019-07-31 09:33:42,0.82,0.9761,170,0.81,0.9642,217,0.84,1.0,1,0.815,0.9702,105,0
SPY190802P298,2019-07-31,2019-07-31 09:33:43,0.82,0.9761,130,0.81,0.9642,697,0.84,1.0,1,0.815,0.9702,105,0
SPY190802P298,2019-07-31,2019-07-31 09:33:44,0.83,0.988,1169,0.82,0.9761,24,0.84,1.0,1,0.825,0.9821,105,0
SPY190802P298,2019-07-31,2019-07-31 09:33:44,0.82,0.9761,130,0.81,0.9642,674,0.84,1.0,1,0.815,0.9702,105,0
SPY190802P298,2019-07-31,2019-07-31 09:33:45,0.83,0.988,1169,0.82,0.9761,10,0.84,1.0,1,0.825,0.9821,105,0
SPY190802P298,2019-07-31,2019-07-31 09:33:45,0.83,0.988,962,0.82,0.9761,10,0.84,1.0,1,0.825,0.9821,105,0
SPY190802P298,2019-07-31,2019-07-31 09:33:46,0.83,0.988,276,0.82,0.9761,10,0.84,1.0,1,0.825,0.9821,105,0
SPY190802P298,2019-07-31,2019-07-31 09:33:47,0.83,0.988,252,0.82,0.9761,126,0.84,1.0,1,0.825,0.9821,105,0
SPY190802P298,2019-07-31,2019-07-31 09:33:48,0.83,0.988,252,0.82,0.9761,126,0.84,1.0,1,0.825,0.9821,105,0
SPY190802P298,2019-07-31,2019-07-31 09:33:49,0.83,0.988,252,0.82,0.9761,126,0.84,1.0,1,0.825,0.9821,105,0
SPY190802P298,2019-07-31,2019-07-31 09:33:50,0.83,0.988,375,0.82,0.9761,126,0.84,1.0,1,0.825,0.9821,105,0
SPY190802P298,2019-07-31,2019-07-31 09:33:50,0.83,0.988,624,0.82,0.9761,126,0.84,1.0,1,0.825,0.9821,105,0
SPY190802P298,2019-07-31,2019-07-31 09:33:51,0.83,0.988,536,0.82,0.9761,126,0.84,1.0,1,0.825,0.9821,105,0
SPY190802P298,2019-07-31,2019-07-31 09:33:52,0.83,0.988,1033,0.82,0.9761,10,0.84,1.0,1,0.825,0.9821,105,0
SPY190802P298,2019-07-31,2019-07-31 09:33:52,0.83,0.988,521,0.82,0.9761,99,0.84,1.0,1,0.825,0.9821,105,0
SPY190802P298,2019-07-31,2019-07-31 09:33:53,0.83,0.988,775,0.82,0.9761,15,0.84,1.0,1,0.825,0.9821,105,0
SPY190802P298,2019-07-31,2019-07-31 09:33:54,0.83,0.988,968,0.82,0.9761,76,0.84,1.0,1,0.825,0.9821,105,0
SPY190802P298,2019-07-31,2019-07-31 09:33:54,0.83,0.988,968,0.82,0.9761,10,0.84,1.0,1,0.825,0.9821,105,0
SPY190802P298,2019-07-31,2019-07-31 09:33:55,0.83,0.988,968,0.82,0.9761,10,0.84,1.0,1,0.825,0.9821,105,0
SPY190802P298,2019-07-31,2019-07-31 09:33:55,0.83,0.988,968,0.82,0.9761,37,0.84,1.0,1,0.825,0.9821,105,0
SPY190802P298,2019-07-31,2019-07-31 09:33:56,0.83,0.988,146,0.82,0.9761,142,0.84,1.0,1,0.825,0.9821,105,0
SPY190802P298,2019-07-31,2019-07-31 09:33:57,0.84,1.0,1239,0.82,0.9761,222,0.84,1.0,1,0.83,0.988,105,0
SPY190802P298,2019-07-31,2019-07-31 09:33:57,0.83,0.988,146,0.82,0.9761,142,0.84,1.0,1,0.825,0.9821,105,0
SPY190802P298,2019-07-31,2019-07-31 09:33:58,0.84,1.0,1207,0.82,0.9761,222,0.84,1.0,1,0.83,0.988,105,0
SPY190802P298,2019-07-31,2019-07-31 09:33:58,0.84,1.0,857,0.82,0.9761,252,0.84,1.0,1,0.83,0.988,105,0
SPY190802P298,2019-07-31,2019-07-31 09:33:59,0.85,1.0119,1030,0.83,0.988,850,0.84,1.0,1,0.84,1.0,105,0
SPY190802P298,2019-07-31,2019-07-31 09:33:59,0.84,1.0,857,0.83,0.988,93,0.84,1.0,1,0.835,0.994,105,0
SPY190802P298,2019-07-31,2019-07-31 09:34:00,0.85,1.0119,1135,0.83,0.988,790,0.84,1.0,1,0.84,1.0,105,0
SPY190802P298,2019-07-31,2019-07-31 09:34:01,0.85,1.0119,67,0.84,1.0,120,0.84,1.0,1,0.845,1.0059,105,0
SPY190802P298,2019-07-31,2019-07-31 09:34:01,0.86,1.0238,745,0.84,1.0,207,0.84,1.0,1,0.85,1.0119,105,0
SPY190802P298,2019-07-31,2019-07-31 09:34:02,0.86,1.0238,300,0.85,1.0119,80,0.84,1.0,1,0.855,1.0178,105,0
SPY190802P298,2019-07-31,2019-07-31 09:34:02,0.86,1.0238,866,0.85,1.0119,5,0.84,1.0,1,0.855,1.0178,105,0
SPY190802P298,2019-07-31,2019-07-31 09:34:03,0.86,1.0238,182,0.84,1.0,244,0.84,1.0,1,0.85,1.0119,105,0
SPY190802P298,2019-07-31,2019-07-31 09:34:04,0.86,1.0238,212,0.84,1.0,757,0.84,1.0,1,0.85,1.0119,105,0
SPY190802P298,2019-07-31,2019-07-31 09:34:04,0.86,1.0238,354,0.84,1.0,807,0.84,1.0,1,0.85,1.0119,105,0
SPY190802P298,2019-07-31,2019-07-31 09:34:05,0.86,1.0238,240,0.85,1.0119,6,0.84,1.0,1,0.855,1.0178,105,0
SPY190802P298,2019-07-31,2019-07-31 09:34:05,0.86,1.0238,325,0.85,1.0119,6,0.84,1.0,1,0.855,1.0178,105,0
SPY190802P298,2019-07-31,2019-07-31 09:34:06,0.86,1.0238,247,0.85,1.0119,207,0.84,1.0,1,0.855,1.0178,105,0
SPY190802P298,2019-07-31,2019-07-31 09:34:06,0.86,1.0238,247,0.85,1.0119,12,0.84,1.0,1,0.855,1.0178,105,0
SPY190802P298,2019-07-31,2019-07-31 09:34:07,0.86,1.0238,128,0.85,1.0119,193,0.84,1.0,1,0.855,1.0178,105,0
SPY190802P298,2019-07-31,2019-07-31 09:34:08,0.86,1.0238,261,0.85,1.0119,193,0.84,1.0,1,0.855,1.0178,105,0
SPY190802P298,2019-07-31,2019-07-31 09:34:08,0.87,1.0357,1404,0.85,1.0119,237,0.84,1.0,1,0.86,1.0238,105,0
SPY190802P298,2019-07-31,2019-07-31 09:34:09,0.86,1.0238,70,0.85,1.0119,260,0.84,1.0,1,0.855,1.0178,105,0
SPY190802P298,2019-07-31,2019-07-31 09:34:10,0.87,1.0357,372,0.86,1.0238,5,0.84,1.0,1,0.865,1.0297,105,0
SPY190802P298,2019-07-31,2019-07-31 09:34:10,0.86,1.0238,6,0.85,1.0119,190,0.84,1.0,1,0.855,1.0178,105,0
SPY190802P298,2019-07-31,2019-07-31 09:34:11,0.86,1.0238,1393,0.84,1.0,269,0.84,1.0,1,0.85,1.0119,105,0
SPY190802P298,2019-07-31,2019-07-31 09:34:11,0.85,1.0119,6,0.84,1.0,669,0.84,1.0,1,0.845,1.0059,105,0
SPY190802P298,2019-07-31,2019-07-31 09:34:12,0.86,1.0238,1393,0.84,1.0,749,0.84,1.0,1,0.85,1.0119,105,0
SPY190802P298,2019-07-31,2019-07-31 09:34:12,0.86,1.0238,1353,0.85,1.0119,40,0.84,1.0,1,0.855,1.0178,105,0
SPY190802P298,2019-07-31,2019-07-31 09:34:13,0.86,1.0238,1014,0.85,1.0119,117,0.84,1.0,1,0.855,1.0178,105,0
SPY190802P298,2019-07-31,2019-07-31 09:34:13,0.86,1.0238,761,0.85,1.0119,117,0.84,1.0,1,0.855,1.0178,105,0
SPY190802P298,2019-07-31,2019-07-31 09:34:14,0.86,1.0238,1014,0.85,1.0119,117,0.84,1.0,1,0.855,1.0178,105,0
SPY190802P298,2019-07-31,2019-07-31 09:34:15,0.86,1.0238,1343,0.85,1.0119,43,0.84,1.0,1,0.855,1.0178,105,0
SPY190802P298,2019-07-31,2019-07-31 09:34:15,0.85,1.0119,12,0.85,1.0119,43,0.84,1.0,1,0.85,1.0119,105,0
SPY190802P298,2019-07-31,2019-07-31 09:34:16,0.86,1.0238,1445,0.85,1.0119,6,0.84,1.0,1,0.855,1.0178,105,0
SPY190802P298,2019-07-31,2019-07-31 09:34:17,0.85,1.0119,80,0.84,1.0,327,0.84,1.0,1,0.845,1.0059,105,0
SPY190802P298,2019-07-31,2019-07-31 09:34:17,0.85,1.0119,80,0.84,1.0,416,0.84,1.0,1,0.845,1.0059,105,0
SPY190802P298,2019-07-31,2019-07-31 09:34:18,0.85,1.0119,111,0.84,1.0,470,0.84,1.0,1,0.845,1.0059,105,0
SPY190802P298,2019-07-31,2019-07-31 09:34:19,0.86,1.0238,1507,0.84,1.0,243,0.85,1.0119,1,0.85,1.0119,116,0
SPY190802P298,2019-07-31,2019-07-31 09:34:19,0.85,1.0119,101,0.84,1.0,269,0.85,1.0119,1,0.845,1.0059,116,11
SPY190802P298,2019-07-31,2019-07-31 09:34:20,0.86,1.0238,1084,0.84,1.0,243,0.85,1.0119,1,0.85,1.0119,116,0
SPY190802P298,2019-07-31,2019-07-31 09:34:21,0.86,1.0238,1493,0.84,1.0,243,0.85,1.0119,1,0.85,1.0119,116,0
SPY190802P298,2019-07-31,2019-07-31 09:34:21,0.86,1.0238,1402,0.84,1.0,243,0.85,1.0119,1,0.85,1.0119,116,0
SPY190802P298,2019-07-31,2019-07-31 09:34:22,0.86,1.0238,609,0.85,1.0119,6,0.85,1.0119,1,0.855,1.0178,116,0
SPY190802P298,2019-07-31,2019-07-31 09:34:22,0.86,1.0238,260,0.84,1.0,801,0.85,1.0119,1,0.85,1.0119,116,0
SPY190802P298,2019-07-31,2019-07-31 09:34:23,0.86,1.0238,189,0.85,1.0119,201,0.85,1.0119,1,0.855,1.0178,116,0
SPY190802P298,2019-07-31,2019-07-31 09:34:24,0.86,1.0238,163,0.85,1.0119,681,0.85,1.0119,1,0.855,1.0178,116,0
SPY190802P298,2019-07-31,2019-07-31 09:34:24,0.86,1.0238,213,0.85,1.0119,172,0.85,1.0119,1,0.855,1.0178,116,0
SPY190802P298,2019-07-31,2019-07-31 09:34:25,0.86,1.0238,281,0.85,1.0119,115,0.85,1.0119,1,0.855,1.0178,116,0
SPY190802P298,2019-07-31,2019-07-31 09:34:25,0.86,1.0238,175,0.85,1.0119,180,0.85,1.0119,1,0.855,1.0178,116,0
SPY190802P298,2019-07-31,2019-07-31 09:34:26,0.86,1.0238,354,0.84,1.0,606,0.85,1.0119,1,0.85,1.0119,116,0
SPY190802P298,2019-07-31,2019-07-31 09:34:27,0.85,1.0119,43,0.84,1.0,805,0.85,1.0119,1,0.845,1.0059,116,0
SPY190802P298,2019-07-31,2019-07-31 09:34:27,0.85,1.0119,38,0.84,1.0,606,0.85,1.0119,1,0.845,1.0059,116,0
SPY190802P298,2019-07-31,2019-07-31 09:34:28,0.85,1.0119,6,0.84,1.0,805,0.85,1.0119,1,0.845,1.0059,116,0
SPY190802P298,2019-07-31,2019-07-31 09:34:28,0.85,1.0119,38,0.84,1.0,805,0.85,1.0119,1,0.845,1.0059,116,0
SPY190802P298,2019-07-31,2019-07-31 09:34:29,0.86,1.0238,144,0.85,1.0119,5,0.85,1.0119,1,0.855,1.0178,116,0
SPY190802P298,2019-07-31,2019-07-31 09:34:29,0.86,1.0238,172,0.85,1.0119,201,0.85,1.0119,1,0.855,1.0178,116,0
SPY190802P298,2019-07-31,2019-07-31 09:34:30,0.86,1.0238,96,0.85,1.0119,101,0.85,1.0119,1,0.855,1.0178,116,0
SPY190802P298,2019-07-31,2019-07-31 09:34:30,0.86,1.0238,96,0.85,1.0119,201,0.85,1.0119,1,0.855,1.0178,116,0
SPY190802P298,2019-07-31,2019-07-31 09:34:31,0.86,1.0238,350,0.85,1.0119,5,0.85,1.0119,1,0.855,1.0178,116,0
SPY190802P298,2019-07-31,2019-07-31 09:34:32,0.86,1.0238,286,0.85,1.0119,5,0.85,1.0119,1,0.855,1.0178,116,0
SPY190802P298,2019-07-31,2019-07-31 09:34:32,0.86,1.0238,354,0.85,1.0119,41,0.85,1.0119,1,0.855,1.0178,116,0
SPY190802P298,2019-07-31,2019-07-31 09:34:33,0.86,1.0238,281,0.85,1.0119,100,0.85,1.0119,1,0.855,1.0178,116,0
SPY190802P298,2019-07-31,2019-07-31 09:34:33,0.86,1.0238,624,0.84,1.0,807,0.85,1.0119,1,0.85,1.0119,116,0
SPY190802P298,2019-07-31,2019-07-31 09:34:34,0.86,1.0238,659,0.84,1.0,908,0.85,1.0119,1,0.85,1.0119,116,0
SPY190802P298,2019-07-31,2019-07-31 09:34:35,0.86,1.0238,826,0.85,1.0119,5,0.85,1.0119,1,0.855,1.0178,116,0
SPY190802P298,2019-07-31,2019-07-31 09:34:35,0.86,1.0238,634,0.85,1.0119,5,0.85,1.0119,1,0.855,1.0178,116,0
SPY190802P298,2019-07-31,2019-07-31 09:34:36,0.86,1.0238,512,0.85,1.0119,100,0.85,1.0119,1,0.855,1.0178,116,0
SPY190802P298,2019-07-31,2019-07-31 09:34:36,0.86,1.0238,512,0.85,1.0119,74,0.85,1.0119,1,0.855,1.0178,116,0
SPY190802P298,2019-07-31,2019-07-31 09:34:37,0.86,1.0238,354,0.85,1.0119,101,0.85,1.0119,1,0.855,1.0178,116,0
SPY190802P298,2019-07-31,2019-07-31 09:34:38,0.85,1.0119,6,0.84,1.0,948,0.85,1.0119,1,0.845,1.0059,116,0
SPY190802P298,2019-07-31,2019-07-31 09:34:38,0.86,1.0238,261,0.85,1.0119,100,0.85,1.0119,1,0.855,1.0178,116,0
SPY190802P298,2019-07-31,2019-07-31 09:34:39,0.86,1.0238,574,0.84,1.0,908,0.85,1.0119,1,0.85,1.0119,116,0
SPY190802P298,2019-07-31,2019-07-31 09:34:40,0.86,1.0238,574,0.85,1.0119,174,0.85,1.0119,1,0.855,1.0178,116,0
SPY190802P298,2019-07-31,2019-07-31 09:34:40,0.86,1.0238,574,0.85,1.0119,101,0.85,1.0119,1,0.855,1.0178,116,0
SPY190802P298,2019-07-31,2019-07-31 09:34:41,0.86,1.0238,1170,0.85,1.0119,101,0.85,1.0119,1,0.855,1.0178,116,0
SPY190802P298,2019-07-31,2019-07-31 09:34:42,0.86,1.0238,1170,0.85,1.0119,5,0.85,1.0119,1,0.855,1.0178,116,0
SPY190802P298,2019-07-31,2019-07-31 09:34:43,0.86,1.0238,354,0.85,1.0119,101,0.85,1.0119,1,0.855,1.0178,116,0
SPY190802P298,2019-07-31,2019-07-31 09:34:43,0.86,1.0238,240,0.85,1.0119,101,0.85,1.0119,1,0.855,1.0178,116,0
SPY190802P298,2019-07-31,2019-07-31 09:34:44,0.86,1.0238,354,0.85,1.0119,174,0.85,1.0119,1,0.855,1.0178,116,0
SPY190802P298,2019-07-31,2019-07-31 09:34:44,0.86,1.0238,354,0.85,1.0119,5,0.85,1.0119,1,0.855,1.0178,116,0
SPY190802P298,2019-07-31,2019-07-31 09:34:45,0.86,1.0238,354,0.85,1.0119,5,0.85,1.0119,1,0.855,1.0178,116,0
SPY190802P298,2019-07-31,2019-07-31 09:34:46,0.86,1.0238,113,0.85,1.0119,207,0.85,1.0119,1,0.855,1.0178,116,0
SPY190802P298,2019-07-31,2019-07-31 09:34:46,0.86,1.0238,101,0.85,1.0119,653,0.85,1.0119,1,0.855,1.0178,116,0
SPY190802P298,2019-07-31,2019-07-31 09:34:47,0.86,1.0238,113,0.85,1.0119,5,0.85,1.0119,1,0.855,1.0178,116,0
SPY190802P298,2019-07-31,2019-07-31 09:34:47,0.86,1.0238,10,0.85,1.0119,56,0.85,1.0119,1,0.855,1.0178,116,0
SPY190802P298,2019-07-31,2019-07-31 09:34:48,0.86,1.0238,23,0.85,1.0119,56,0.85,1.0119,1,0.855,1.0178,116,0
SPY190802P298,2019-07-31,2019-07-31 09:34:48,0.86,1.0238,6,0.85,1.0119,172,0.85,1.0119,1,0.855,1.0178,116,0
SPY190802P298,2019-07-31,2019-07-31 09:34:49,0.86,1.0238,119,0.85,1.0119,5,0.85,1.0119,1,0.855,1.0178,116,0
SPY190802P298,2019-07-31,2019-07-31 09:34:50,0.86,1.0238,119,0.85,1.0119,244,0.85,1.0119,1,0.855,1.0178,116,0
SPY190802P298,2019-07-31,2019-07-31 09:34:50,0.86,1.0238,125,0.85,1.0119,172,0.85,1.0119,1,0.855,1.0178,116,0
SPY190802P298,2019-07-31,2019-07-31 09:34:51,0.86,1.0238,42,0.85,1.0119,652,0.85,1.0119,1,0.855,1.0178,116,0
SPY190802P298,2019-07-31,2019-07-31 09:34:52,0.86,1.0238,42,0.85,1.0119,941,0.85,1.0119,1,0.855,1.0178,116,0
SPY190802P298,2019-07-31,2019-07-31 09:34:53,0.86,1.0238,42,0.85,1.0119,941,0.85,1.0119,1,0.855,1.0178,116,0
SPY190802P298,2019-07-31,2019-07-31 09:34:54,0.86,1.0238,49,0.85,1.0119,941,0.86,1.0238,2,0.855,1.0178,118,2
SPY190802P298,2019-07-31,2019-07-31 09:34:54,0.86,1.0238,43,0.85,1.0119,653,0.86,1.0238,2,0.855,1.0178,118,0
SPY190802P298,2019-07-31,2019-07-31 09:34:55,0.86,1.0238,43,0.85,1.0119,653,0.86,1.0238,2,0.855,1.0178,118,0
SPY190802P298,2019-07-31,2019-07-31 09:34:56,0.86,1.0238,38,0.86,1.0238,24,0.86,1.0238,2,0.86,1.0238,118,0
SPY190802P298,2019-07-31,2019-07-31 09:34:56,0.86,1.0238,43,0.85,1.0119,833,0.86,1.0238,2,0.855,1.0178,118,0
SPY190802P298,2019-07-31,2019-07-31 09:34:57,0.87,1.0357,625,0.86,1.0238,5,0.86,1.0238,2,0.865,1.0297,118,0
SPY190802P298,2019-07-31,2019-07-31 09:34:58,0.87,1.0357,39,0.86,1.0238,833,0.86,1.0238,2,0.865,1.0297,118,0
SPY190802P298,2019-07-31,2019-07-31 09:34:58,0.87,1.0357,62,0.86,1.0238,353,0.86,1.0238,2,0.865,1.0297,118,0
SPY190802P298,2019-07-31,2019-07-31 09:34:59,0.87,1.0357,631,0.85,1.0119,6,0.86,1.0238,2,0.86,1.0238,118,0
SPY190802P298,2019-07-31,2019-07-31 09:34:59,0.86,1.0238,25,0.85,1.0119,292,0.86,1.0238,2,0.855,1.0178,118,0
SPY190802P298,2019-07-31,2019-07-31 09:35:00,0.86,1.0238,63,0.85,1.0119,548,0.86,1.0238,2,0.855,1.0178,118,0
SPY190802P298,2019-07-31,2019-07-31 09:35:00,0.86,1.0238,51,0.85,1.0119,527,0.86,1.0238,2,0.855,1.0178,118,0
SPY190802P298,2019-07-31,2019-07-31 09:35:01,0.86,1.0238,63,0.85,1.0119,527,0.86,1.0238,2,0.855,1.0178,118,0
SPY190802P298,2019-07-31,2019-07-31 09:35:02,0.86,1.0238,309,0.85,1.0119,137,0.86,1.0238,2,0.855,1.0178,118,0
SPY190802P298,2019-07-31,2019-07-31 09:35:02,0.86,1.0238,397,0.85,1.0119,137,0.86,1.0238,2,0.855,1.0178,118,0
SPY190802P298,2019-07-31,2019-07-31 09:35:03,0.85,1.0119,6,0.84,1.0,126,0.86,1.0238,2,0.845,1.0059,118,0
SPY190802P298,2019-07-31,2019-07-31 09:35:03,0.86,1.0238,670,0.85,1.0119,100,0.86,1.0238,2,0.855,1.0178,118,0
SPY190802P298,2019-07-31,2019-07-31 09:35:04,0.85,1.0119,6,0.84,1.0,292,0.86,1.0238,2,0.845,1.0059,118,0
SPY190802P298,2019-07-31,2019-07-31 09:35:05,0.85,1.0119,6,0.84,1.0,292,0.86,1.0238,2,0.845,1.0059,118,0
SPY190802P298,2019-07-31,2019-07-31 09:35:06,0.85,1.0119,6,0.84,1.0,292,0.86,1.0238,2,0.845,1.0059,118,0
SPY190802P298,2019-07-31,2019-07-31 09:35:06,0.85,1.0119,57,0.84,1.0,292,0.86,1.0238,2,0.845,1.0059,118,0
SPY190802P298,2019-07-31,2019-07-31 09:35:07,0.85,1.0119,104,0.84,1.0,292,0.86,1.0238,2,0.845,1.0059,118,0
SPY190802P298,2019-07-31,2019-07-31 09:35:08,0.85,1.0119,63,0.84,1.0,292,0.86,1.0238,2,0.845,1.0059,118,0
SPY190802P298,2019-07-31,2019-07-31 09:35:08,0.85,1.0119,83,0.84,1.0,292,0.86,1.0238,2,0.845,1.0059,118,0
SPY190802P298,2019-07-31,2019-07-31 09:35:09,0.86,1.0238,370,0.85,1.0119,5,0.86,1.0238,2,0.855,1.0178,118,0
SPY190802P298,2019-07-31,2019-07-31 09:35:10,0.86,1.0238,370,0.85,1.0119,5,0.86,1.0238,2,0.855,1.0178,118,0
SPY190802P298,2019-07-31,2019-07-31 09:35:11,0.86,1.0238,633,0.85,1.0119,5,0.86,1.0238,2,0.855,1.0178,118,0
SPY190802P298,2019-07-31,2019-07-31 09:35:12,0.86,1.0238,382,0.85,1.0119,5,0.86,1.0238,2,0.855,1.0178,118,0
SPY190802P298,2019-07-31,2019-07-31 09:35:12,0.86,1.0238,533,0.85,1.0119,24,0.86,1.0238,2,0.855,1.0178,118,0
SPY190802P298,2019-07-31,2019-07-31 09:35:13,0.86,1.0238,630,0.84,1.0,870,0.86,1.0238,2,0.85,1.0119,118,0
SPY190802P298,2019-07-31,2019-07-31 09:35:13,0.86,1.0238,859,0.85,1.0119,5,0.86,1.0238,2,0.855,1.0178,118,0
SPY190802P298,2019-07-31,2019-07-31 09:35:14,0.87,1.0357,667,0.85,1.0119,6,0.86,1.0238,2,0.86,1.0238,118,0
SPY190802P298,2019-07-31,2019-07-31 09:35:15,0.87,1.0357,667,0.85,1.0119,164,0.86,1.0238,2,0.86,1.0238,118,0
SPY190802P298,2019-07-31,2019-07-31 09:35:15,0.87,1.0357,1544,0.86,1.0238,5,0.86,1.0238,2,0.865,1.0297,118,0
SPY190802P298,2019-07-31,2019-07-31 09:35:16,0.87,1.0357,1544,0.85,1.0119,1208,0.86,1.0238,2,0.86,1.0238,118,0
SPY190802P298,2019-07-31,2019-07-31 09:35:16,0.87,1.0357,1544,0.86,1.0238,5,0.86,1.0238,2,0.865,1.0297,118,0
SPY190802P298,2019-07-31,2019-07-31 09:35:17,0.87,1.0357,20,0.86,1.0238,654,0.86,1.0238,2,0.865,1.0297,118,0
SPY190802P298,2019-07-31,2019-07-31 09:35:18,0.87,1.0357,20,0.86,1.0238,294,0.86,1.0238,2,0.865,1.0297,118,0
SPY190802P298,2019-07-31,2019-07-31 09:35:18,0.87,1.0357,180,0.85,1.0119,853,0.86,1.0238,2,0.86,1.0238,118,0
SPY190802P298,2019-07-31,2019-07-31 09:35:19,0.87,1.0357,165,0.86,1.0238,16,0.86,1.0238,2,0.865,1.0297,118,0
SPY190802P298,2019-07-31,2019-07-31 09:35:19,0.87,1.0357,210,0.86,1.0238,6,0.86,1.0238,2,0.865,1.0297,118,0
SPY190802P298,2019-07-31,2019-07-31 09:35:20,0.87,1.0357,159,0.86,1.0238,724,0.86,1.0238,2,0.865,1.0297,118,0
SPY190802P298,2019-07-31,2019-07-31 09:35:20,0.87,1.0357,211,0.86,1.0238,101,0.86,1.0238,2,0.865,1.0297,118,0
SPY190802P298,2019-07-31,2019-07-31 09:35:21,0.87,1.0357,159,0.86,1.0238,244,0.86,1.0238,2,0.865,1.0297,118,0
SPY190802P298,2019-07-31,2019-07-31 09:35:22,0.87,1.0357,159,0.86,1.0238,244,0.86,1.0238,2,0.865,1.0297,118,0
SPY190802P298,2019-07-31,2019-07-31 09:35:22,0.87,1.0357,171,0.86,1.0238,244,0.86,1.0238,2,0.865,1.0297,118,0
SPY190802P298,2019-07-31,2019-07-31 09:35:23,0.87,1.0357,165,0.86,1.0238,244,0.86,1.0238,2,0.865,1.0297,118,0
SPY190802P298,2019-07-31,2019-07-31 09:35:24,0.87,1.0357,274,0.86,1.0238,244,0.86,1.0238,2,0.865,1.0297,118,0
SPY190802P298,2019-07-31,2019-07-31 09:35:25,0.87,1.0357,274,0.86,1.0238,242,0.86,1.0238,2,0.865,1.0297,118,0
SPY190802P298,2019-07-31,2019-07-31 09:35:25,0.87,1.0357,274,0.86,1.0238,244,0.86,1.0238,2,0.865,1.0297,118,0
SPY190802P298,2019-07-31,2019-07-31 09:35:26,0.87,1.0357,1,0.86,1.0238,1220,0.86,1.0238,2,0.865,1.0297,118,0
SPY190802P298,2019-07-31,2019-07-31 09:35:27,0.87,1.0357,6,0.86,1.0238,1293,0.86,1.0238,2,0.865,1.0297,118,0
SPY190802P298,2019-07-31,2019-07-31 09:35:27,0.87,1.0357,1,0.86,1.0238,1293,0.86,1.0238,2,0.865,1.0297,118,0
SPY190802P298,2019-07-31,2019-07-31 09:35:28,0.87,1.0357,128,0.86,1.0238,1140,0.86,1.0238,2,0.865,1.0297,118,0
SPY190802P298,2019-07-31,2019-07-31 09:35:28,0.87,1.0357,103,0.86,1.0238,293,0.86,1.0238,2,0.865,1.0297,118,0
SPY190802P298,2019-07-31,2019-07-31 09:35:29,0.87,1.0357,287,0.85,1.0119,1268,0.86,1.0238,2,0.86,1.0238,118,0
SPY190802P298,2019-07-31,2019-07-31 09:35:30,0.87,1.0357,522,0.85,1.0119,745,0.86,1.0238,2,0.86,1.0238,118,0
SPY190802P298,2019-07-31,2019-07-31 09:35:30,0.86,1.0238,38,0.85,1.0119,745,0.86,1.0238,2,0.855,1.0178,118,0
SPY190802P298,2019-07-31,2019-07-31 09:35:31,0.86,1.0238,38,0.85,1.0119,520,0.86,1.0238,2,0.855,1.0178,118,0
SPY190802P298,2019-07-31,2019-07-31 09:35:32,0.86,1.0238,119,0.85,1.0119,520,0.86,1.0238,2,0.855,1.0178,118,0
SPY190802P298,2019-07-31,2019-07-31 09:35:32,0.86,1.0238,310,0.85,1.0119,242,0.86,1.0238,2,0.855,1.0178,118,0
SPY190802P298,2019-07-31,2019-07-31 09:35:33,0.86,1.0238,6,0.85,1.0119,723,0.86,1.0238,2,0.855,1.0178,118,0
SPY190802P298,2019-07-31,2019-07-31 09:35:34,0.86,1.0238,6,0.85,1.0119,686,0.86,1.0238,2,0.855,1.0178,118,0
SPY190802P298,2019-07-31,2019-07-31 09:35:34,0.87,1.0357,1049,0.85,1.0119,686,0.86,1.0238,2,0.86,1.0238,118,0
SPY190802P298,2019-07-31,2019-07-31 09:35:35,0.87,1.0357,1343,0.85,1.0119,1278,0.86,1.0238,2,0.86,1.0238,118,0
SPY190802P298,2019-07-31,2019-07-31 09:35:35,0.87,1.0357,1116,0.85,1.0119,796,0.86,1.0238,2,0.86,1.0238,118,0
SPY190802P298,2019-07-31,2019-07-31 09:35:36,0.87,1.0357,1467,0.85,1.0119,796,0.86,1.0238,2,0.86,1.0238,118,0
SPY190802P298,2019-07-31,2019-07-31 09:35:37,0.87,1.0357,1367,0.85,1.0119,895,0.86,1.0238,2,0.86,1.0238,118,0
SPY190802P298,2019-07-31,2019-07-31 09:35:37,0.87,1.0357,1367,0.85,1.0119,796,0.86,1.0238,2,0.86,1.0238,118,0
SPY190802P298,2019-07-31,2019-07-31 09:35:38,0.87,1.0357,1367,0.86,1.0238,5,0.86,1.0238,2,0.865,1.0297,118,0
SPY190802P298,2019-07-31,2019-07-31 09:35:38,0.87,1.0357,1,0.86,1.0238,244,0.86,1.0238,2,0.865,1.0297,118,0
SPY190802P298,2019-07-31,2019-07-31 09:35:39,0.87,1.0357,30,0.86,1.0238,628,0.86,1.0238,2,0.865,1.0297,118,0
SPY190802P298,2019-07-31,2019-07-31 09:35:40,0.87,1.0357,30,0.86,1.0238,628,0.86,1.0238,2,0.865,1.0297,118,0
SPY190802P298,2019-07-31,2019-07-31 09:35:41,0.87,1.0357,1,0.86,1.0238,796,0.86,1.0238,2,0.865,1.0297,118,0
SPY190802P298,2019-07-31,2019-07-31 09:35:42,0.87,1.0357,6,0.86,1.0238,796,0.86,1.0238,2,0.865,1.0297,118,0
SPY190802P298,2019-07-31,2019-07-31 09:35:43,0.87,1.0357,23,0.86,1.0238,821,0.86,1.0238,2,0.865,1.0297,118,0
SPY190802P298,2019-07-31,2019-07-31 09:35:43,0.87,1.0357,12,0.86,1.0238,796,0.86,1.0238,2,0.865,1.0297,118,0
SPY190802P298,2019-07-31,2019-07-31 09:35:44,0.87,1.0357,1,0.86,1.0238,796,0.86,1.0238,2,0.865,1.0297,118,0
SPY190802P298,2019-07-31,2019-07-31 09:35:44,0.87,1.0357,12,0.86,1.0238,830,0.86,1.0238,2,0.865,1.0297,118,0
SPY190802P298,2019-07-31,2019-07-31 09:35:45,0.87,1.0357,94,0.86,1.0238,796,0.86,1.0238,2,0.865,1.0297,118,0
SPY190802P298,2019-07-31,2019-07-31 09:35:46,0.87,1.0357,13,0.86,1.0238,767,0.86,1.0238,2,0.865,1.0297,118,0
SPY190802P298,2019-07-31,2019-07-31 09:35:46,0.87,1.0357,30,0.86,1.0238,796,0.86,1.0238,2,0.865,1.0297,118,0
SPY190802P298,2019-07-31,2019-07-31 09:35:47,0.87,1.0357,239,0.86,1.0238,5,0.86,1.0238,2,0.865,1.0297,118,0
SPY190802P298,2019-07-31,2019-07-31 09:35:48,0.87,1.0357,77,0.86,1.0238,131,0.86,1.0238,2,0.865,1.0297,118,0
SPY190802P298,2019-07-31,2019-07-31 09:35:48,0.87,1.0357,45,0.86,1.0238,653,0.86,1.0238,2,0.865,1.0297,118,0
SPY190802P298,2019-07-31,2019-07-31 09:35:49,0.87,1.0357,44,0.86,1.0238,803,0.86,1.0238,2,0.865,1.0297,118,0
SPY190802P298,2019-07-31,2019-07-31 09:35:50,0.87,1.0357,10,0.86,1.0238,580,0.86,1.0238,2,0.865,1.0297,118,0
SPY190802P298,2019-07-31,2019-07-31 09:35:50,0.87,1.0357,68,0.86,1.0238,753,0.86,1.0238,2,0.865,1.0297,118,0
SPY190802P298,2019-07-31,2019-07-31 09:35:51,0.87,1.0357,10,0.86,1.0238,580,0.86,1.0238,2,0.865,1.0297,118,0
SPY190802P298,2019-07-31,2019-07-31 09:35:52,0.87,1.0357,51,0.86,1.0238,580,0.86,1.0238,2,0.865,1.0297,118,0
SPY190802P298,2019-07-31,2019-07-31 09:35:53,0.87,1.0357,69,0.86,1.0238,580,0.86,1.0238,2,0.865,1.0297,118,0
SPY190802P298,2019-07-31,2019-07-31 09:35:53,0.87,1.0357,7,0.86,1.0238,580,0.86,1.0238,2,0.865,1.0297,118,0
SPY190802P298,2019-07-31,2019-07-31 09:35:54,0.87,1.0357,39,0.86,1.0238,229,0.86,1.0238,2,0.865,1.0297,118,0
SPY190802P298,2019-07-31,2019-07-31 09:35:55,0.87,1.0357,352,0.86,1.0238,6,0.86,1.0238,2,0.865,1.0297,118,0
SPY190802P298,2019-07-31,2019-07-31 09:35:56,0.87,1.0357,565,0.86,1.0238,6,0.86,1.0238,2,0.865,1.0297,118,0
SPY190802P298,2019-07-31,2019-07-31 09:35:57,0.87,1.0357,10,0.86,1.0238,324,0.86,1.0238,2,0.865,1.0297,118,0
SPY190802P298,2019-07-31,2019-07-31 09:35:57,0.87,1.0357,269,0.85,1.0119,1194,0.86,1.0238,2,0.86,1.0238,118,0
SPY190802P298,2019-07-31,2019-07-31 09:35:58,0.87,1.0357,1,0.86,1.0238,1037,0.86,1.0238,2,0.865,1.0297,118,0
SPY190802P298,2019-07-31,2019-07-31 09:35:59,0.87,1.0357,1,0.86,1.0238,1103,0.86,1.0238,2,0.865,1.0297,118,0
SPY190802P298,2019-07-31,2019-07-31 09:35:59,0.87,1.0357,1,0.86,1.0238,1344,0.86,1.0238,2,0.865,1.0297,118,0
SPY190802P298,2019-07-31,2019-07-31 09:36:00,0.87,1.0357,1,0.86,1.0238,1494,0.86,1.0238,2,0.865,1.0297,118,0
SPY190802P298,2019-07-31,2019-07-31 09:36:00,0.88,1.0476,43,0.87,1.0357,273,0.87,1.0357,1,0.875,1.0416,119,1
SPY190802P298,2019-07-31,2019-07-31 09:36:01,0.88,1.0476,226,0.87,1.0357,486,0.87,1.0357,1,0.875,1.0416,119,0
SPY190802P298,2019-07-31,2019-07-31 09:36:02,0.88,1.0476,384,0.87,1.0357,37,0.87,1.0357,1,0.875,1.0416,119,0
SPY190802P298,2019-07-31,2019-07-31 09:36:02,0.88,1.0476,323,0.87,1.0357,100,0.87,1.0357,1,0.875,1.0416,119,0
SPY190802P298,2019-07-31,2019-07-31 09:36:03,0.88,1.0476,429,0.87,1.0357,5,0.87,1.0357,1,0.875,1.0416,119,0
SPY190802P298,2019-07-31,2019-07-31 09:36:04,0.87,1.0357,6,0.86,1.0238,1242,0.87,1.0357,1,0.865,1.0297,119,0
SPY190802P298,2019-07-31,2019-07-31 09:36:05,0.88,1.0476,341,0.86,1.0238,1242,0.87,1.0357,1,0.87,1.0357,119,0
SPY190802P298,2019-07-31,2019-07-31 09:36:05,0.88,1.0476,1048,0.86,1.0238,1242,0.87,1.0357,1,0.87,1.0357,119,0
SPY190802P298,2019-07-31,2019-07-31 09:36:06,0.88,1.0476,480,0.86,1.0238,1007,0.87,1.0357,1,0.87,1.0357,119,0
SPY190802P298,2019-07-31,2019-07-31 09:36:06,0.88,1.0476,299,0.86,1.0238,1007,0.87,1.0357,1,0.87,1.0357,119,0
SPY190802P298,2019-07-31,2019-07-31 09:36:07,0.87,1.0357,38,0.87,1.0357,100,0.87,1.0357,1,0.87,1.0357,119,0
SPY190802P298,2019-07-31,2019-07-31 09:36:08,0.88,1.0476,280,0.87,1.0357,5,0.87,1.0357,1,0.875,1.0416,119,0
SPY190802P298,2019-07-31,2019-07-31 09:36:08,0.88,1.0476,229,0.87,1.0357,173,0.87,1.0357,1,0.875,1.0416,119,0
SPY190802P298,2019-07-31,2019-07-31 09:36:09,0.88,1.0476,185,0.87,1.0357,243,0.87,1.0357,1,0.875,1.0416,119,0
SPY190802P298,2019-07-31,2019-07-31 09:36:09,0.88,1.0476,229,0.87,1.0357,243,0.87,1.0357,1,0.875,1.0416,119,0
SPY190802P298,2019-07-31,2019-07-31 09:36:10,0.88,1.0476,330,0.87,1.0357,243,0.87,1.0357,1,0.875,1.0416,119,0
SPY190802P298,2019-07-31,2019-07-31 09:36:11,0.88,1.0476,38,0.87,1.0357,243,0.87,1.0357,1,0.875,1.0416,119,0
SPY190802P298,2019-07-31,2019-07-31 09:36:11,0.88,1.0476,44,0.87,1.0357,273,0.87,1.0357,1,0.875,1.0416,119,0
SPY190802P298,2019-07-31,2019-07-31 09:36:12,0.88,1.0476,304,0.87,1.0357,510,0.87,1.0357,1,0.875,1.0416,119,0
SPY190802P298,2019-07-31,2019-07-31 09:36:13,0.88,1.0476,163,0.87,1.0357,341,0.87,1.0357,1,0.875,1.0416,119,0
SPY190802P298,2019-07-31,2019-07-31 09:36:14,0.88,1.0476,226,0.87,1.0357,172,0.87,1.0357,1,0.875,1.0416,119,0
SPY190802P298,2019-07-31,2019-07-31 09:36:14,0.88,1.0476,163,0.87,1.0357,102,0.87,1.0357,1,0.875,1.0416,119,0
SPY190802P298,2019-07-31,2019-07-31 09:36:15,0.88,1.0476,311,0.87,1.0357,272,0.87,1.0357,1,0.875,1.0416,119,0
SPY190802P298,2019-07-31,2019-07-31 09:36:15,0.88,1.0476,227,0.87,1.0357,123,0.87,1.0357,1,0.875,1.0416,119,0
SPY190802P298,2019-07-31,2019-07-31 09:36:16,0.88,1.0476,717,0.87,1.0357,272,0.87,1.0357,1,0.875,1.0416,119,0
SPY190802P298,2019-07-31,2019-07-31 09:36:17,0.87,1.0357,6,0.86,1.0238,1007,0.87,1.0357,1,0.865,1.0297,119,0
SPY190802P298,2019-07-31,2019-07-31 09:36:17,0.88,1.0476,503,0.87,1.0357,60,0.87,1.0357,1,0.875,1.0416,119,0
SPY190802P298,2019-07-31,2019-07-31 09:36:18,0.88,1.0476,522,0.87,1.0357,62,0.87,1.0357,1,0.875,1.0416,119,0
SPY190802P298,2019-07-31,2019-07-31 09:36:19,0.87,1.0357,38,0.86,1.0238,1037,0.87,1.0357,1,0.865,1.0297,119,0
SPY190802P298,2019-07-31,2019-07-31 09:36:20,0.87,1.0357,334,0.86,1.0238,37,0.87,1.0357,1,0.865,1.0297,119,0
SPY190802P298,2019-07-31,2019-07-31 09:36:20,0.87,1.0357,102,0.86,1.0238,3,0.87,1.0357,1,0.865,1.0297,119,0
SPY190802P298,2019-07-31,2019-07-31 09:36:21,0.86,1.0238,6,0.85,1.0119,1258,0.87,1.0357,1,0.855,1.0178,119,0
SPY190802P298,2019-07-31,2019-07-31 09:36:21,0.86,1.0238,6,0.86,1.0238,6,0.87,1.0357,1,0.86,1.0238,119,0
SPY190802P298,2019-07-31,2019-07-31 09:36:22,0.87,1.0357,1495,0.85,1.0119,1258,0.87,1.0357,1,0.86,1.0238,119,0
SPY190802P298,2019-07-31,2019-07-31 09:36:22,0.87,1.0357,1225,0.86,1.0238,5,0.87,1.0357,1,0.865,1.0297,119,0
SPY190802P298,2019-07-31,2019-07-31 09:36:23,0.87,1.0357,798,0.86,1.0238,582,0.87,1.0357,1,0.865,1.0297,119,0
SPY190802P298,2019-07-31,2019-07-31 09:36:24,0.87,1.0357,798,0.86,1.0238,582,0.87,1.0357,1,0.865,1.0297,119,0
SPY190802P298,2019-07-31,2019-07-31 09:36:25,0.87,1.0357,798,0.86,1.0238,582,0.87,1.0357,1,0.865,1.0297,119,0
SPY190802P298,2019-07-31,2019-07-31 09:36:26,0.87,1.0357,904,0.86,1.0238,582,0.87,1.0357,1,0.865,1.0297,119,0
SPY190802P298,2019-07-31,2019-07-31 09:36:27,0.87,1.0357,1019,0.86,1.0238,584,0.87,1.0357,1,0.865,1.0297,119,0
SPY190802P298,2019-07-31,2019-07-31 09:36:27,0.87,1.0357,798,0.86,1.0238,584,0.87,1.0357,1,0.865,1.0297,119,0
SPY190802P298,2019-07-31,2019-07-31 09:36:28,0.87,1.0357,1020,0.86,1.0238,584,0.87,1.0357,1,0.865,1.0297,119,0
SPY190802P298,2019-07-31,2019-07-31 09:36:28,0.87,1.0357,1020,0.86,1.0238,104,0.87,1.0357,1,0.865,1.0297,119,0
SPY190802P298,2019-07-31,2019-07-31 09:36:29,0.87,1.0357,270,0.86,1.0238,652,0.87,1.0357,1,0.865,1.0297,119,0
SPY190802P298,2019-07-31,2019-07-31 09:36:30,0.87,1.0357,482,0.86,1.0238,654,0.87,1.0357,1,0.865,1.0297,119,0
SPY190802P298,2019-07-31,2019-07-31 09:36:30,0.87,1.0357,580,0.86,1.0238,654,0.87,1.0357,1,0.865,1.0297,119,0
SPY190802P298,2019-07-31,2019-07-31 09:36:31,0.87,1.0357,580,0.86,1.0238,654,0.87,1.0357,1,0.865,1.0297,119,0
SPY190802P298,2019-07-31,2019-07-31 09:36:32,0.87,1.0357,580,0.86,1.0238,654,0.87,1.0357,1,0.865,1.0297,119,0
SPY190802P298,2019-07-31,2019-07-31 09:36:33,0.87,1.0357,560,0.86,1.0238,650,0.87,1.0357,1,0.865,1.0297,119,0
SPY190802P298,2019-07-31,2019-07-31 09:36:33,0.87,1.0357,784,0.86,1.0238,650,0.87,1.0357,1,0.865,1.0297,119,0
SPY190802P298,2019-07-31,2019-07-31 09:36:34,0.87,1.0357,560,0.86,1.0238,650,0.87,1.0357,1,0.865,1.0297,119,0
SPY190802P298,2019-07-31,2019-07-31 09:36:34,0.87,1.0357,784,0.86,1.0238,650,0.87,1.0357,1,0.865,1.0297,119,0
SPY190802P298,2019-07-31,2019-07-31 09:36:35,0.87,1.0357,560,0.86,1.0238,650,0.87,1.0357,1,0.865,1.0297,119,0
SPY190802P298,2019-07-31,2019-07-31 09:36:36,0.87,1.0357,10,0.86,1.0238,804,0.87,1.0357,1,0.865,1.0297,119,0
SPY190802P298,2019-07-31,2019-07-31 09:36:36,0.87,1.0357,560,0.86,1.0238,650,0.87,1.0357,1,0.865,1.0297,119,0
SPY190802P298,2019-07-31,2019-07-31 09:36:37,0.87,1.0357,108,0.86,1.0238,797,0.87,1.0357,1,0.865,1.0297,119,0
SPY190802P298,2019-07-31,2019-07-31 09:36:37,0.87,1.0357,7,0.86,1.0238,804,0.87,1.0357,1,0.865,1.0297,119,0
SPY190802P298,2019-07-31,2019-07-31 09:36:38,0.87,1.0357,108,0.86,1.0238,767,0.87,1.0357,1,0.865,1.0297,119,0
SPY190802P298,2019-07-31,2019-07-31 09:36:39,0.87,1.0357,13,0.86,1.0238,1076,0.87,1.0357,1,0.865,1.0297,119,0
SPY190802P298,2019-07-31,2019-07-31 09:36:40,0.88,1.0476,958,0.86,1.0238,813,0.87,1.0357,1,0.87,1.0357,119,0
SPY190802P298,2019-07-31,2019-07-31 09:36:40,0.87,1.0357,6,0.87,1.0357,91,0.87,1.0357,1,0.87,1.0357,119,0
SPY190802P298,2019-07-31,2019-07-31 09:36:41,0.88,1.0476,1246,0.87,1.0357,91,0.87,1.0357,1,0.875,1.0416,119,0
SPY190802P298,2019-07-31,2019-07-31 09:36:42,0.87,1.0357,10,0.86,1.0238,50,0.87,1.0357,1,0.865,1.0297,119,0
SPY190802P298,2019-07-31,2019-07-31 09:36:43,0.87,1.0357,10,0.86,1.0238,50,0.87,1.0357,1,0.865,1.0297,119,0
SPY190802P298,2019-07-31,2019-07-31 09:36:43,0.87,1.0357,10,0.86,1.0238,1186,0.87,1.0357,1,0.865,1.0297,119,0
SPY190802P298,2019-07-31,2019-07-31 09:36:44,0.87,1.0357,10,0.86,1.0238,1186,0.87,1.0357,1,0.865,1.0297,119,0
SPY190802P298,2019-07-31,2019-07-31 09:36:45,0.87,1.0357,6,0.86,1.0238,652,0.87,1.0357,1,0.865,1.0297,119,0
SPY190802P298,2019-07-31,2019-07-31 09:36:45,0.87,1.0357,369,0.86,1.0238,654,0.87,1.0357,1,0.865,1.0297,119,0
SPY190802P298,2019-07-31,2019-07-31 09:36:46,0.87,1.0357,226,0.86,1.0238,654,0.87,1.0357,1,0.865,1.0297,119,0
SPY190802P298,2019-07-31,2019-07-31 09:36:47,0.87,1.0357,266,0.86,1.0238,724,0.87,1.0357,1,0.865,1.0297,119,0
SPY190802P298,2019-07-31,2019-07-31 09:36:48,0.87,1.0357,354,0.86,1.0238,90,0.87,1.0357,1,0.865,1.0297,119,0
SPY190802P298,2019-07-31,2019-07-31 09:36:49,0.87,1.0357,158,0.86,1.0238,212,0.87,1.0357,1,0.865,1.0297,119,0
SPY190802P298,2019-07-31,2019-07-31 09:36:49,0.87,1.0357,206,0.86,1.0238,292,0.87,1.0357,1,0.865,1.0297,119,0
SPY190802P298,2019-07-31,2019-07-31 09:36:50,0.87,1.0357,103,0.86,1.0238,292,0.87,1.0357,1,0.865,1.0297,119,0
SPY190802P298,2019-07-31,2019-07-31 09:36:51,0.87,1.0357,143,0.86,1.0238,202,0.87,1.0357,1,0.865,1.0297,119,0
SPY190802P298,2019-07-31,2019-07-31 09:36:52,0.87,1.0357,5,0.86,1.0238,679,0.87,1.0357,1,0.865,1.0297,119,0
SPY190802P298,2019-07-31,2019-07-31 09:36:52,0.87,1.0357,10,0.86,1.0238,757,0.87,1.0357,1,0.865,1.0297,119,0
SPY190802P298,2019-07-31,2019-07-31 09:36:53,0.87,1.0357,6,0.86,1.0238,847,0.87,1.0357,1,0.865,1.0297,119,0
SPY190802P298,2019-07-31,2019-07-31 09:36:54,0.87,1.0357,10,0.86,1.0238,954,0.87,1.0357,1,0.865,1.0297,119,0
SPY190802P298,2019-07-31,2019-07-31 09:36:55,0.87,1.0357,6,0.86,1.0238,1453,0.87,1.0357,1,0.865,1.0297,119,0
SPY190802P298,2019-07-31,2019-07-31 09:36:56,0.87,1.0357,6,0.86,1.0238,1453,0.87,1.0357,1,0.865,1.0297,119,0
SPY190802P298,2019-07-31,2019-07-31 09:36:57,0.88,1.0476,295,0.87,1.0357,155,0.87,1.0357,1,0.875,1.0416,119,0
SPY190802P298,2019-07-31,2019-07-31 09:36:57,0.88,1.0476,194,0.87,1.0357,155,0.87,1.0357,1,0.875,1.0416,119,0
SPY190802P298,2019-07-31,2019-07-31 09:36:58,0.88,1.0476,77,0.87,1.0357,245,0.87,1.0357,1,0.875,1.0416,119,0
SPY190802P298,2019-07-31,2019-07-31 09:36:59,0.88,1.0476,105,0.87,1.0357,245,0.87,1.0357,1,0.875,1.0416,119,0
SPY190802P298,2019-07-31,2019-07-31 09:36:59,0.88,1.0476,186,0.87,1.0357,171,0.87,1.0357,1,0.875,1.0416,119,0
SPY190802P298,2019-07-31,2019-07-31 09:37:00,0.88,1.0476,280,0.87,1.0357,171,0.87,1.0357,1,0.875,1.0416,119,0
SPY190802P298,2019-07-31,2019-07-31 09:37:01,0.87,1.0357,10,0.86,1.0238,1166,0.87,1.0357,1,0.865,1.0297,119,0
SPY190802P298,2019-07-31,2019-07-31 09:37:02,0.87,1.0357,6,0.86,1.0238,1068,0.87,1.0357,1,0.865,1.0297,119,0
SPY190802P298,2019-07-31,2019-07-31 09:37:02,0.87,1.0357,10,0.86,1.0238,804,0.87,1.0357,1,0.865,1.0297,119,0
SPY190802P298,2019-07-31,2019-07-31 09:37:04,0.87,1.0357,146,0.86,1.0238,1023,0.87,1.0357,1,0.865,1.0297,119,0
SPY190802P298,2019-07-31,2019-07-31 09:37:05,0.87,1.0357,7,0.86,1.0238,1170,0.87,1.0357,1,0.865,1.0297,119,0
SPY190802P298,2019-07-31,2019-07-31 09:37:05,0.87,1.0357,7,0.86,1.0238,1169,0.87,1.0357,1,0.865,1.0297,119,0
SPY190802P298,2019-07-31,2019-07-31 09:37:06,0.88,1.0476,341,0.86,1.0238,754,0.87,1.0357,1,0.87,1.0357,119,0
SPY190802P298,2019-07-31,2019-07-31 09:37:07,0.88,1.0476,280,0.86,1.0238,1273,0.87,1.0357,1,0.87,1.0357,119,0
SPY190802P298,2019-07-31,2019-07-31 09:37:07,0.88,1.0476,419,0.86,1.0238,752,0.87,1.0357,1,0.87,1.0357,119,0
SPY190802P298,2019-07-31,2019-07-31 09:37:08,0.88,1.0476,423,0.87,1.0357,5,0.87,1.0357,1,0.875,1.0416,119,0
SPY190802P298,2019-07-31,2019-07-31 09:37:09,0.88,1.0476,146,0.87,1.0357,261,0.87,1.0357,1,0.875,1.0416,119,0
SPY190802P298,2019-07-31,2019-07-31 09:37:09,0.88,1.0476,423,0.87,1.0357,104,0.87,1.0357,1,0.875,1.0416,119,0
SPY190802P298,2019-07-31,2019-07-31 09:37:10,0.88,1.0476,235,0.87,1.0357,261,0.87,1.0357,1,0.875,1.0416,119,0
SPY190802P298,2019-07-31,2019-07-31 09:37:10,0.87,1.0357,7,0.86,1.0238,568,0.87,1.0357,1,0.865,1.0297,119,0
SPY190802P298,2019-07-31,2019-07-31 09:37:11,0.87,1.0357,10,0.86,1.0238,954,0.87,1.0357,1,0.865,1.0297,119,0
SPY190802P298,2019-07-31,2019-07-31 09:37:12,0.87,1.0357,10,0.86,1.0238,854,0.87,1.0357,1,0.865,1.0297,119,0
SPY190802P298,2019-07-31,2019-07-31 09:37:12,0.87,1.0357,10,0.86,1.0238,1083,0.87,1.0357,1,0.865,1.0297,119,0
SPY190802P298,2019-07-31,2019-07-31 09:37:13,0.87,1.0357,146,0.86,1.0238,1083,0.87,1.0357,1,0.865,1.0297,119,0
SPY190802P298,2019-07-31,2019-07-31 09:37:14,0.87,1.0357,146,0.86,1.0238,1083,0.87,1.0357,1,0.865,1.0297,119,0
SPY190802P298,2019-07-31,2019-07-31 09:37:15,0.87,1.0357,146,0.86,1.0238,1083,0.87,1.0357,1,0.865,1.0297,119,0
SPY190802P298,2019-07-31,2019-07-31 09:37:16,0.87,1.0357,146,0.86,1.0238,1083,0.87,1.0357,1,0.865,1.0297,119,0
SPY190802P298,2019-07-31,2019-07-31 09:37:17,0.87,1.0357,58,0.86,1.0238,1274,0.87,1.0357,1,0.865,1.0297,119,0
SPY190802P298,2019-07-31,2019-07-31 09:37:18,0.88,1.0476,392,0.87,1.0357,175,0.87,1.0357,1,0.875,1.0416,119,0
SPY190802P298,2019-07-31,2019-07-31 09:37:18,0.87,1.0357,10,0.86,1.0238,1376,0.87,1.0357,1,0.865,1.0297,119,0
SPY190802P298,2019-07-31,2019-07-31 09:37:19,0.88,1.0476,324,0.87,1.0357,175,0.87,1.0357,1,0.875,1.0416,119,0
SPY190802P298,2019-07-31,2019-07-31 09:37:20,0.88,1.0476,324,0.87,1.0357,175,0.87,1.0357,1,0.875,1.0416,119,0
SPY190802P298,2019-07-31,2019-07-31 09:37:21,0.88,1.0476,324,0.87,1.0357,175,0.87,1.0357,1,0.875,1.0416,119,0
SPY190802P298,2019-07-31,2019-07-31 09:37:21,0.88,1.0476,457,0.87,1.0357,126,0.87,1.0357,1,0.875,1.0416,119,0
SPY190802P298,2019-07-31,2019-07-31 09:37:22,0.88,1.0476,409,0.87,1.0357,150,0.87,1.0357,1,0.875,1.0416,119,0
SPY190802P298,2019-07-31,2019-07-31 09:37:23,0.88,1.0476,242,0.87,1.0357,126,0.87,1.0357,1,0.875,1.0416,119,0
SPY190802P298,2019-07-31,2019-07-31 09:37:23,0.88,1.0476,377,0.87,1.0357,126,0.87,1.0357,1,0.875,1.0416,119,0
SPY190802P298,2019-07-31,2019-07-31 09:37:24,0.88,1.0476,133,0.86,1.0238,871,0.87,1.0357,1,0.87,1.0357,119,0
SPY190802P298,2019-07-31,2019-07-31 09:37:25,0.87,1.0357,10,0.86,1.0238,1171,0.87,1.0357,1,0.865,1.0297,119,0
SPY190802P298,2019-07-31,2019-07-31 09:37:25,0.88,1.0476,133,0.86,1.0238,706,0.87,1.0357,1,0.87,1.0357,119,0
SPY190802P298,2019-07-31,2019-07-31 09:37:26,0.87,1.0357,10,0.86,1.0238,1171,0.87,1.0357,1,0.865,1.0297,119,0
SPY190802P298,2019-07-31,2019-07-31 09:37:27,0.87,1.0357,6,0.87,1.0357,18,0.87,1.0357,1,0.87,1.0357,119,0
SPY190802P298,2019-07-31,2019-07-31 09:37:27,0.88,1.0476,498,0.87,1.0357,168,0.87,1.0357,1,0.875,1.0416,119,0
SPY190802P298,2019-07-31,2019-07-31 09:37:28,0.88,1.0476,498,0.87,1.0357,168,0.87,1.0357,1,0.875,1.0416,119,0
SPY190802P298,2019-07-31,2019-07-31 09:37:29,0.88,1.0476,264,0.87,1.0357,168,0.87,1.0357,1,0.875,1.0416,119,0
SPY190802P298,2019-07-31,2019-07-31 09:37:30,0.88,1.0476,264,0.87,1.0357,168,0.87,1.0357,1,0.875,1.0416,119,0
SPY190802P298,2019-07-31,2019-07-31 09:37:31,0.88,1.0476,264,0.87,1.0357,648,0.87,1.0357,1,0.875,1.0416,119,0
SPY190802P298,2019-07-31,2019-07-31 09:37:31,0.88,1.0476,10,0.87,1.0357,726,0.87,1.0357,1,0.875,1.0416,119,0
SPY190802P298,2019-07-31,2019-07-31 09:37:32,0.88,1.0476,43,0.87,1.0357,757,0.87,1.0357,1,0.875,1.0416,119,0
SPY190802P298,2019-07-31,2019-07-31 09:37:32,0.88,1.0476,72,0.87,1.0357,757,0.87,1.0357,1,0.875,1.0416,119,0
SPY190802P298,2019-07-31,2019-07-31 09:37:33,0.88,1.0476,72,0.87,1.0357,303,0.87,1.0357,1,0.875,1.0416,119,0
SPY190802P298,2019-07-31,2019-07-31 09:37:34,0.88,1.0476,72,0.87,1.0357,303,0.87,1.0357,1,0.875,1.0416,119,0
SPY190802P298,2019-07-31,2019-07-31 09:37:35,0.88,1.0476,275,0.87,1.0357,244,0.87,1.0357,1,0.875,1.0416,119,0
SPY190802P298,2019-07-31,2019-07-31 09:37:35,0.88,1.0476,971,0.87,1.0357,32,0.87,1.0357,1,0.875,1.0416,119,0
SPY190802P298,2019-07-31,2019-07-31 09:37:36,0.87,1.0357,10,0.86,1.0238,754,0.87,1.0357,1,0.865,1.0297,119,0
SPY190802P298,2019-07-31,2019-07-31 09:37:37,0.88,1.0476,762,0.87,1.0357,146,0.87,1.0357,1,0.875,1.0416,119,0
SPY190802P298,2019-07-31,2019-07-31 09:37:37,0.88,1.0476,762,0.87,1.0357,24,0.87,1.0357,1,0.875,1.0416,119,0
SPY190802P298,2019-07-31,2019-07-31 09:37:38,0.88,1.0476,471,0.87,1.0357,246,0.87,1.0357,1,0.875,1.0416,119,0
SPY190802P298,2019-07-31,2019-07-31 09:37:39,0.88,1.0476,471,0.87,1.0357,242,0.87,1.0357,1,0.875,1.0416,119,0
SPY190802P298,2019-07-31,2019-07-31 09:37:39,0.88,1.0476,970,0.87,1.0357,5,0.87,1.0357,1,0.875,1.0416,119,0
SPY190802P298,2019-07-31,2019-07-31 09:37:40,0.88,1.0476,970,0.87,1.0357,41,0.87,1.0357,1,0.875,1.0416,119,0
SPY190802P298,2019-07-31,2019-07-31 09:37:41,0.87,1.0357,163,0.86,1.0238,805,0.87,1.0357,1,0.865,1.0297,119,0
SPY190802P298,2019-07-31,2019-07-31 09:37:41,0.87,1.0357,163,0.86,1.0238,857,0.87,1.0357,1,0.865,1.0297,119,0
SPY190802P298,2019-07-31,2019-07-31 09:37:42,0.87,1.0357,163,0.86,1.0238,805,0.87,1.0357,1,0.865,1.0297,119,0
SPY190802P298,2019-07-31,2019-07-31 09:37:43,0.87,1.0357,226,0.86,1.0238,175,0.87,1.0357,1,0.865,1.0297,119,0
SPY190802P298,2019-07-31,2019-07-31 09:37:43,0.87,1.0357,637,0.86,1.0238,103,0.87,1.0357,1,0.865,1.0297,119,0
SPY190802P298,2019-07-31,2019-07-31 09:37:44,0.87,1.0357,637,0.86,1.0238,116,0.87,1.0357,1,0.865,1.0297,119,0
SPY190802P298,2019-07-31,2019-07-31 09:37:45,0.87,1.0357,944,0.86,1.0238,116,0.87,1.0357,1,0.865,1.0297,119,0
SPY190802P298,2019-07-31,2019-07-31 09:37:45,0.87,1.0357,944,0.85,1.0119,1272,0.87,1.0357,1,0.86,1.0238,119,0
SPY190802P298,2019-07-31,2019-07-31 09:37:46,0.87,1.0357,892,0.86,1.0238,6,0.87,1.0357,1,0.865,1.0297,119,0
SPY190802P298,2019-07-31,2019-07-31 09:37:47,0.87,1.0357,743,0.86,1.0238,47,0.87,1.0357,1,0.865,1.0297,119,0
SPY190802P298,2019-07-31,2019-07-31 09:37:47,0.87,1.0357,317,0.86,1.0238,82,0.87,1.0357,1,0.865,1.0297,119,0
SPY190802P298,2019-07-31,2019-07-31 09:37:48,0.87,1.0357,317,0.86,1.0238,106,0.87,1.0357,1,0.865,1.0297,119,0
SPY190802P298,2019-07-31,2019-07-31 09:37:49,0.87,1.0357,317,0.86,1.0238,138,0.87,1.0357,1,0.865,1.0297,119,0
SPY190802P298,2019-07-31,2019-07-31 09:37:50,0.87,1.0357,317,0.86,1.0238,131,0.87,1.0357,1,0.865,1.0297,119,0
SPY190802P298,2019-07-31,2019-07-31 09:37:50,0.87,1.0357,317,0.86,1.0238,125,0.87,1.0357,1,0.865,1.0297,119,0
SPY190802P298,2019-07-31,2019-07-31 09:37:51,0.87,1.0357,974,0.85,1.0119,1380,0.87,1.0357,1,0.86,1.0238,119,0
SPY190802P298,2019-07-31,2019-07-31 09:37:51,0.87,1.0357,887,0.86,1.0238,586,0.87,1.0357,1,0.865,1.0297,119,0
SPY190802P298,2019-07-31,2019-07-31 09:37:53,0.87,1.0357,821,0.86,1.0238,5,0.87,1.0357,1,0.865,1.0297,119,0
SPY190802P298,2019-07-31,2019-07-31 09:37:53,0.87,1.0357,746,0.86,1.0238,24,0.87,1.0357,1,0.865,1.0297,119,0
SPY190802P298,2019-07-31,2019-07-31 09:37:54,0.87,1.0357,666,0.86,1.0238,205,0.87,1.0357,1,0.865,1.0297,119,0
SPY190802P298,2019-07-31,2019-07-31 09:37:55,0.87,1.0357,666,0.86,1.0238,100,0.87,1.0357,1,0.865,1.0297,119,0
SPY190802P298,2019-07-31,2019-07-31 09:37:56,0.87,1.0357,666,0.86,1.0238,105,0.87,1.0357,1,0.865,1.0297,119,0
SPY190802P298,2019-07-31,2019-07-31 09:37:57,0.87,1.0357,601,0.86,1.0238,162,0.87,1.0357,1,0.865,1.0297,119,0
SPY190802P298,2019-07-31,2019-07-31 09:37:58,0.87,1.0357,426,0.86,1.0238,237,0.87,1.0357,1,0.865,1.0297,119,0
SPY190802P298,2019-07-31,2019-07-31 09:37:59,0.87,1.0357,446,0.86,1.0238,722,0.87,1.0357,1,0.865,1.0297,119,0
SPY190802P298,2019-07-31,2019-07-31 09:38:00,0.87,1.0357,840,0.86,1.0238,105,0.87,1.0357,1,0.865,1.0297,119,0
SPY190802P298,2019-07-31,2019-07-31 09:38:01,0.87,1.0357,257,0.86,1.0238,797,0.87,1.0357,1,0.865,1.0297,119,0
SPY190802P298,2019-07-31,2019-07-31 09:38:01,0.87,1.0357,402,0.86,1.0238,721,0.87,1.0357,1,0.865,1.0297,119,0
SPY190802P298,2019-07-31,2019-07-31 09:38:02,0.87,1.0357,287,0.86,1.0238,767,0.87,1.0357,1,0.865,1.0297,119,0
SPY190802P298,2019-07-31,2019-07-31 09:38:03,0.87,1.0357,553,0.86,1.0238,166,0.87,1.0357,1,0.865,1.0297,119,0
SPY190802P298,2019-07-31,2019-07-31 09:38:04,0.87,1.0357,553,0.86,1.0238,105,0.87,1.0357,1,0.865,1.0297,119,0
SPY190802P298,2019-07-31,2019-07-31 09:38:05,0.86,1.0238,285,0.85,1.0119,1267,0.87,1.0357,1,0.855,1.0178,119,0
SPY190802P298,2019-07-31,2019-07-31 09:38:05,0.87,1.0357,1065,0.86,1.0238,57,0.87,1.0357,1,0.865,1.0297,119,0
SPY190802P298,2019-07-31,2019-07-31 09:38:06,0.86,1.0238,285,0.85,1.0119,1267,0.87,1.0357,1,0.855,1.0178,119,0
SPY190802P298,2019-07-31,2019-07-31 09:38:07,0.86,1.0238,285,0.85,1.0119,1176,0.87,1.0357,1,0.855,1.0178,119,0
SPY190802P298,2019-07-31,2019-07-31 09:38:08,0.87,1.0357,445,0.85,1.0119,1085,0.87,1.0357,1,0.86,1.0238,119,0
SPY190802P298,2019-07-31,2019-07-31 09:38:08,0.86,1.0238,163,0.85,1.0119,1085,0.87,1.0357,1,0.855,1.0178,119,0
SPY190802P298,2019-07-31,2019-07-31 09:38:09,0.87,1.0357,445,0.85,1.0119,1085,0.87,1.0357,1,0.86,1.0238,119,0
SPY190802P298,2019-07-31,2019-07-31 09:38:10,0.87,1.0357,445,0.85,1.0119,1085,0.87,1.0357,1,0.86,1.0238,119,0
SPY190802P298,2019-07-31,2019-07-31 09:38:10,0.87,1.0357,445,0.86,1.0238,688,0.87,1.0357,1,0.865,1.0297,119,0
SPY190802P298,2019-07-31,2019-07-31 09:38:11,0.87,1.0357,375,0.86,1.0238,688,0.87,1.0357,1,0.865,1.0297,119,0
SPY190802P298,2019-07-31,2019-07-31 09:38:12,0.87,1.0357,375,0.86,1.0238,688,0.87,1.0357,1,0.865,1.0297,119,0
SPY190802P298,2019-07-31,2019-07-31 09:38:13,0.87,1.0357,200,0.86,1.0238,688,0.87,1.0357,1,0.865,1.0297,119,0
SPY190802P298,2019-07-31,2019-07-31 09:38:14,0.87,1.0357,295,0.86,1.0238,166,0.87,1.0357,1,0.865,1.0297,119,0
SPY190802P298,2019-07-31,2019-07-31 09:38:14,0.87,1.0357,279,0.86,1.0238,663,0.87,1.0357,1,0.865,1.0297,119,0
SPY190802P298,2019-07-31,2019-07-31 09:38:15,0.87,1.0357,483,0.86,1.0238,663,0.87,1.0357,1,0.865,1.0297,119,0
SPY190802P298,2019-07-31,2019-07-31 09:38:15,0.87,1.0357,258,0.86,1.0238,166,0.87,1.0357,1,0.865,1.0297,119,0
SPY190802P298,2019-07-31,2019-07-31 09:38:16,0.87,1.0357,483,0.86,1.0238,663,0.87,1.0357,1,0.865,1.0297,119,0
SPY190802P298,2019-07-31,2019-07-31 09:38:17,0.87,1.0357,320,0.86,1.0238,663,0.87,1.0357,1,0.865,1.0297,119,0
SPY190802P298,2019-07-31,2019-07-31 09:38:17,0.87,1.0357,232,0.86,1.0238,663,0.87,1.0357,1,0.865,1.0297,119,0
SPY190802P298,2019-07-31,2019-07-31 09:38:18,0.87,1.0357,232,0.86,1.0238,663,0.87,1.0357,1,0.865,1.0297,119,0
SPY190802P298,2019-07-31,2019-07-31 09:38:19,0.87,1.0357,198,0.86,1.0238,663,0.87,1.0357,1,0.865,1.0297,119,0
SPY190802P298,2019-07-31,2019-07-31 09:38:20,0.87,1.0357,198,0.86,1.0238,663,0.87,1.0357,1,0.865,1.0297,119,0
SPY190802P298,2019-07-31,2019-07-31 09:38:21,0.87,1.0357,66,0.86,1.0238,693,0.87,1.0357,1,0.865,1.0297,119,0
SPY190802P298,2019-07-31,2019-07-31 09:38:22,0.87,1.0357,92,0.86,1.0238,956,0.87,1.0357,1,0.865,1.0297,119,0
SPY190802P298,2019-07-31,2019-07-31 09:38:22,0.87,1.0357,92,0.86,1.0238,845,0.87,1.0357,1,0.865,1.0297,119,0
SPY190802P298,2019-07-31,2019-07-31 09:38:23,0.87,1.0357,89,0.86,1.0238,858,0.87,1.0357,1,0.865,1.0297,119,0
SPY190802P298,2019-07-31,2019-07-31 09:38:23,0.87,1.0357,163,0.86,1.0238,858,0.87,1.0357,1,0.865,1.0297,119,0
SPY190802P298,2019-07-31,2019-07-31 09:38:24,0.87,1.0357,163,0.86,1.0238,858,0.87,1.0357,1,0.865,1.0297,119,0
SPY190802P298,2019-07-31,2019-07-31 09:38:25,0.87,1.0357,163,0.86,1.0238,771,0.87,1.0357,1,0.865,1.0297,119,0
SPY190802P298,2019-07-31,2019-07-31 09:38:26,0.87,1.0357,307,0.86,1.0238,771,0.87,1.0357,1,0.865,1.0297,119,0
SPY190802P298,2019-07-31,2019-07-31 09:38:27,0.87,1.0357,307,0.86,1.0238,771,0.87,1.0357,1,0.865,1.0297,119,0
SPY190802P298,2019-07-31,2019-07-31 09:38:28,0.87,1.0357,307,0.86,1.0238,771,0.87,1.0357,1,0.865,1.0297,119,0
SPY190802P298,2019-07-31,2019-07-31 09:38:29,0.87,1.0357,7,0.86,1.0238,771,0.87,1.0357,1,0.865,1.0297,119,0
SPY190802P298,2019-07-31,2019-07-31 09:38:30,0.87,1.0357,7,0.86,1.0238,771,0.87,1.0357,1,0.865,1.0297,119,0
SPY190802P298,2019-07-31,2019-07-31 09:38:30,0.87,1.0357,7,0.86,1.0238,759,0.87,1.0357,1,0.865,1.0297,119,0
SPY190802P298,2019-07-31,2019-07-31 09:38:31,0.87,1.0357,10,0.86,1.0238,771,0.87,1.0357,1,0.865,1.0297,119,0
SPY190802P298,2019-07-31,2019-07-31 09:38:32,0.87,1.0357,10,0.86,1.0238,915,0.87,1.0357,1,0.865,1.0297,119,0
SPY190802P298,2019-07-31,2019-07-31 09:38:32,0.88,1.0476,825,0.86,1.0238,1096,0.87,1.0357,1,0.87,1.0357,119,0
SPY190802P298,2019-07-31,2019-07-31 09:38:33,0.87,1.0357,6,0.86,1.0238,915,0.87,1.0357,1,0.865,1.0297,119,0
SPY190802P298,2019-07-31,2019-07-31 09:38:34,0.87,1.0357,6,0.86,1.0238,326,0.87,1.0357,1,0.865,1.0297,119,0
SPY190802P298,2019-07-31,2019-07-31 09:38:34,0.87,1.0357,6,0.86,1.0238,1144,0.87,1.0357,1,0.865,1.0297,119,0
SPY190802P298,2019-07-31,2019-07-31 09:38:35,0.87,1.0357,10,0.86,1.0238,757,0.87,1.0357,1,0.865,1.0297,119,0
SPY190802P298,2019-07-31,2019-07-31 09:38:36,0.87,1.0357,29,0.86,1.0238,757,0.87,1.0357,1,0.865,1.0297,119,0
SPY190802P298,2019-07-31,2019-07-31 09:38:36,0.87,1.0357,75,0.86,1.0238,580,0.87,1.0357,1,0.865,1.0297,119,0
SPY190802P298,2019-07-31,2019-07-31 09:38:37,0.87,1.0357,75,0.86,1.0238,580,0.87,1.0357,1,0.865,1.0297,119,0
SPY190802P298,2019-07-31,2019-07-31 09:38:38,0.87,1.0357,10,0.86,1.0238,959,0.87,1.0357,1,0.865,1.0297,119,0
SPY190802P298,2019-07-31,2019-07-31 09:38:38,0.87,1.0357,10,0.86,1.0238,907,0.87,1.0357,1,0.865,1.0297,119,0
SPY190802P298,2019-07-31,2019-07-31 09:38:39,0.87,1.0357,7,0.86,1.0238,959,0.87,1.0357,1,0.865,1.0297,119,0
SPY190802P298,2019-07-31,2019-07-31 09:38:40,0.87,1.0357,10,0.86,1.0238,959,0.87,1.0357,1,0.865,1.0297,119,0
SPY190802P298,2019-07-31,2019-07-31 09:38:40,0.88,1.0476,442,0.86,1.0238,959,0.87,1.0357,1,0.87,1.0357,119,0
SPY190802P298,2019-07-31,2019-07-31 09:38:41,0.88,1.0476,584,0.87,1.0357,5,0.87,1.0357,1,0.875,1.0416,119,0
SPY190802P298,2019-07-31,2019-07-31 09:38:42,0.88,1.0476,369,0.87,1.0357,281,0.87,1.0357,1,0.875,1.0416,119,0
SPY190802P298,2019-07-31,2019-07-31 09:38:43,0.88,1.0476,193,0.87,1.0357,251,0.87,1.0357,1,0.875,1.0416,119,0
SPY190802P298,2019-07-31,2019-07-31 09:38:43,0.88,1.0476,613,0.87,1.0357,5,0.87,1.0357,1,0.875,1.0416,119,0
SPY190802P298,2019-07-31,2019-07-31 09:38:44,0.88,1.0476,193,0.87,1.0357,251,0.87,1.0357,1,0.875,1.0416,119,0
SPY190802P298,2019-07-31,2019-07-31 09:38:45,0.88,1.0476,605,0.87,1.0357,251,0.87,1.0357,1,0.875,1.0416,119,0
SPY190802P298,2019-07-31,2019-07-31 09:38:46,0.88,1.0476,31,0.87,1.0357,248,0.87,1.0357,1,0.875,1.0416,119,0
SPY190802P298,2019-07-31,2019-07-31 09:38:46,0.88,1.0476,417,0.87,1.0357,251,0.87,1.0357,1,0.875,1.0416,119,0
SPY190802P298,2019-07-31,2019-07-31 09:38:47,0.88,1.0476,10,0.87,1.0357,248,0.87,1.0357,1,0.875,1.0416,119,0
SPY190802P298,2019-07-31,2019-07-31 09:38:48,0.88,1.0476,163,0.87,1.0357,727,0.87,1.0357,1,0.875,1.0416,119,0
SPY190802P298,2019-07-31,2019-07-31 09:38:49,0.88,1.0476,10,0.87,1.0357,725,0.87,1.0357,1,0.875,1.0416,119,0
SPY190802P298,2019-07-31,2019-07-31 09:38:50,0.88,1.0476,10,0.87,1.0357,690,0.87,1.0357,1,0.875,1.0416,119,0
SPY190802P298,2019-07-31,2019-07-31 09:38:51,0.88,1.0476,7,0.87,1.0357,709,0.87,1.0357,1,0.875,1.0416,119,0
SPY190802P298,2019-07-31,2019-07-31 09:38:51,0.88,1.0476,7,0.87,1.0357,1077,0.87,1.0357,1,0.875,1.0416,119,0
SPY190802P298,2019-07-31,2019-07-31 09:38:52,0.88,1.0476,7,0.87,1.0357,1156,0.87,1.0357,1,0.875,1.0416,119,0
SPY190802P298,2019-07-31,2019-07-31 09:38:53,0.89,1.0595,394,0.88,1.0476,272,0.87,1.0357,1,0.885,1.0535,119,0
SPY190802P298,2019-07-31,2019-07-31 09:38:53,0.88,1.0476,7,0.87,1.0357,1268,0.87,1.0357,1,0.875,1.0416,119,0
SPY190802P298,2019-07-31,2019-07-31 09:38:54,0.89,1.0595,394,0.88,1.0476,272,0.87,1.0357,1,0.885,1.0535,119,0
SPY190802P298,2019-07-31,2019-07-31 09:38:55,0.89,1.0595,394,0.88,1.0476,247,0.87,1.0357,1,0.885,1.0535,119,0
SPY190802P298,2019-07-31,2019-07-31 09:38:56,0.89,1.0595,262,0.88,1.0476,259,0.87,1.0357,1,0.885,1.0535,119,0
SPY190802P298,2019-07-31,2019-07-31 09:38:57,0.89,1.0595,357,0.88,1.0476,259,0.87,1.0357,1,0.885,1.0535,119,0
SPY190802P298,2019-07-31,2019-07-31 09:38:57,0.89,1.0595,10,0.88,1.0476,957,0.87,1.0357,1,0.885,1.0535,119,0
SPY190802P298,2019-07-31,2019-07-31 09:38:58,0.9,1.0714,600,0.88,1.0476,1444,0.89,1.0595,10,0.89,1.0595,129,10
SPY190802P298,2019-07-31,2019-07-31 09:38:59,0.9,1.0714,703,0.89,1.0595,18,0.89,1.0595,1,0.895,1.0654,130,1
SPY190802P298,2019-07-31,2019-07-31 09:39:00,0.9,1.0714,703,0.89,1.0595,18,0.89,1.0595,1,0.895,1.0654,130,0
SPY190802P298,2019-07-31,2019-07-31 09:39:01,0.9,1.0714,587,0.89,1.0595,171,0.89,1.0595,1,0.895,1.0654,130,0
SPY190802P298,2019-07-31,2019-07-31 09:39:01,0.9,1.0714,292,0.89,1.0595,249,0.89,1.0595,1,0.895,1.0654,130,0
SPY190802P298,2019-07-31,2019-07-31 09:39:02,0.9,1.0714,292,0.89,1.0595,249,0.89,1.0595,1,0.895,1.0654,130,0
SPY190802P298,2019-07-31,2019-07-31 09:39:03,0.9,1.0714,292,0.89,1.0595,249,0.89,1.0595,1,0.895,1.0654,130,0
SPY190802P298,2019-07-31,2019-07-31 09:39:04,0.9,1.0714,292,0.89,1.0595,249,0.89,1.0595,1,0.895,1.0654,130,0
SPY190802P298,2019-07-31,2019-07-31 09:39:05,0.9,1.0714,432,0.89,1.0595,249,0.89,1.0595,1,0.895,1.0654,130,0
SPY190802P298,2019-07-31,2019-07-31 09:39:06,0.9,1.0714,432,0.89,1.0595,249,0.89,1.0595,1,0.895,1.0654,130,0
SPY190802P298,2019-07-31,2019-07-31 09:39:07,0.9,1.0714,302,0.89,1.0595,249,0.89,1.0595,1,0.895,1.0654,130,0
SPY190802P298,2019-07-31,2019-07-31 09:39:08,0.9,1.0714,629,0.89,1.0595,249,0.89,1.0595,1,0.895,1.0654,130,0
SPY190802P298,2019-07-31,2019-07-31 09:39:08,0.9,1.0714,621,0.89,1.0595,249,0.89,1.0595,1,0.895,1.0654,130,0
SPY190802P298,2019-07-31,2019-07-31 09:39:09,0.9,1.0714,326,0.89,1.0595,249,0.9,1.0714,9,0.895,1.0654,139,9
SPY190802P298,2019-07-31,2019-07-31 09:39:10,0.9,1.0714,418,0.89,1.0595,249,0.9,1.0714,9,0.895,1.0654,139,0
SPY190802P298,2019-07-31,2019-07-31 09:39:11,0.9,1.0714,887,0.89,1.0595,249,0.9,1.0714,9,0.895,1.0654,139,0
SPY190802P298,2019-07-31,2019-07-31 09:39:11,0.9,1.0714,891,0.89,1.0595,249,0.9,1.0714,9,0.895,1.0654,139,0
SPY190802P298,2019-07-31,2019-07-31 09:39:12,0.9,1.0714,786,0.89,1.0595,249,0.9,1.0714,9,0.895,1.0654,139,0
SPY190802P298,2019-07-31,2019-07-31 09:39:13,0.9,1.0714,1369,0.89,1.0595,4,0.9,1.0714,9,0.895,1.0654,139,0
SPY190802P298,2019-07-31,2019-07-31 09:39:13,0.9,1.0714,1369,0.89,1.0595,249,0.9,1.0714,9,0.895,1.0654,139,0
SPY190802P298,2019-07-31,2019-07-31 09:39:14,0.9,1.0714,849,0.89,1.0595,4,0.9,1.0714,9,0.895,1.0654,139,0
SPY190802P298,2019-07-31,2019-07-31 09:39:15,0.89,1.0595,70,0.88,1.0476,247,0.9,1.0714,9,0.885,1.0535,139,0
SPY190802P298,2019-07-31,2019-07-31 09:39:15,0.89,1.0595,57,0.88,1.0476,807,0.9,1.0714,9,0.885,1.0535,139,0
SPY190802P298,2019-07-31,2019-07-31 09:39:16,0.89,1.0595,7,0.88,1.0476,361,0.9,1.0714,9,0.885,1.0535,139,0
SPY190802P298,2019-07-31,2019-07-31 09:39:17,0.89,1.0595,278,0.88,1.0476,172,0.89,1.0595,2,0.885,1.0535,141,0
SPY190802P298,2019-07-31,2019-07-31 09:39:17,0.89,1.0595,218,0.88,1.0476,100,0.89,1.0595,2,0.885,1.0535,141,2
SPY190802P298,2019-07-31,2019-07-31 09:39:18,0.89,1.0595,990,0.88,1.0476,5,0.89,1.0595,2,0.885,1.0535,141,0
SPY190802P298,2019-07-31,2019-07-31 09:39:19,0.89,1.0595,990,0.88,1.0476,5,0.89,1.0595,2,0.885,1.0535,141,0
SPY190802P298,2019-07-31,2019-07-31 09:39:19,0.89,1.0595,838,0.88,1.0476,5,0.89,1.0595,2,0.885,1.0535,141,0
SPY190802P298,2019-07-31,2019-07-31 09:39:20,0.89,1.0595,838,0.88,1.0476,5,0.89,1.0595,2,0.885,1.0535,143,2
SPY190802P298,2019-07-31,2019-07-31 09:39:21,0.88,1.0476,6,0.88,1.0476,5,0.89,1.0595,2,0.88,1.0476,143,0
SPY190802P298,2019-07-31,2019-07-31 09:39:21,0.89,1.0595,1145,0.88,1.0476,5,0.89,1.0595,2,0.885,1.0535,143,0
SPY190802P298,2019-07-31,2019-07-31 09:39:22,0.89,1.0595,183,0.88,1.0476,279,0.89,1.0595,2,0.885,1.0535,143,0
SPY190802P298,2019-07-31,2019-07-31 09:39:23,0.89,1.0595,31,0.88,1.0476,834,0.89,1.0595,2,0.885,1.0535,143,0
SPY190802P298,2019-07-31,2019-07-31 09:39:23,0.89,1.0595,31,0.88,1.0476,279,0.89,1.0595,2,0.885,1.0535,143,0
SPY190802P298,2019-07-31,2019-07-31 09:39:24,0.89,1.0595,31,0.89,1.0595,5,0.89,1.0595,2,0.89,1.0595,143,0
SPY190802P298,2019-07-31,2019-07-31 09:39:25,0.9,1.0714,1093,0.89,1.0595,5,0.89,1.0595,2,0.895,1.0654,143,0
SPY190802P298,2019-07-31,2019-07-31 09:39:25,0.9,1.0714,902,0.89,1.0595,5,0.89,1.0595,2,0.895,1.0654,143,0
SPY190802P298,2019-07-31,2019-07-31 09:39:26,0.9,1.0714,690,0.89,1.0595,181,0.89,1.0595,2,0.895,1.0654,143,0
SPY190802P298,2019-07-31,2019-07-31 09:39:27,0.9,1.0714,488,0.89,1.0595,251,0.89,1.0595,2,0.895,1.0654,143,0
SPY190802P298,2019-07-31,2019-07-31 09:39:28,0.9,1.0714,261,0.89,1.0595,181,0.89,1.0595,2,0.895,1.0654,143,0
SPY190802P298,2019-07-31,2019-07-31 09:39:29,0.9,1.0714,261,0.89,1.0595,251,0.89,1.0595,2,0.895,1.0654,143,0
SPY190802P298,2019-07-31,2019-07-31 09:39:30,0.9,1.0714,261,0.89,1.0595,251,0.89,1.0595,2,0.895,1.0654,143,0
SPY190802P298,2019-07-31,2019-07-31 09:39:31,0.9,1.0714,768,0.89,1.0595,251,0.89,1.0595,2,0.895,1.0654,143,0
SPY190802P298,2019-07-31,2019-07-31 09:39:32,0.9,1.0714,662,0.89,1.0595,251,0.89,1.0595,2,0.895,1.0654,143,0
SPY190802P298,2019-07-31,2019-07-31 09:39:32,0.9,1.0714,662,0.89,1.0595,125,0.89,1.0595,2,0.895,1.0654,143,0
SPY190802P298,2019-07-31,2019-07-31 09:39:33,0.89,1.0595,387,0.88,1.0476,1061,0.89,1.0595,2,0.885,1.0535,143,0
SPY190802P298,2019-07-31,2019-07-31 09:39:34,0.89,1.0595,387,0.88,1.0476,1061,0.89,1.0595,2,0.885,1.0535,143,0
SPY190802P298,2019-07-31,2019-07-31 09:39:35,0.89,1.0595,387,0.88,1.0476,1061,0.89,1.0595,2,0.885,1.0535,143,0
SPY190802P298,2019-07-31,2019-07-31 09:39:36,0.9,1.0714,479,0.89,1.0595,32,0.89,1.0595,2,0.895,1.0654,143,0
SPY190802P298,2019-07-31,2019-07-31 09:39:36,0.9,1.0714,906,0.89,1.0595,33,0.89,1.0595,2,0.895,1.0654,143,0
SPY190802P298,2019-07-31,2019-07-31 09:39:37,0.9,1.0714,824,0.88,1.0476,726,0.89,1.0595,2,0.89,1.0595,143,0
SPY190802P298,2019-07-31,2019-07-31 09:39:38,0.9,1.0714,1076,0.89,1.0595,109,0.89,1.0595,2,0.895,1.0654,143,0
SPY190802P298,2019-07-31,2019-07-31 09:39:38,0.9,1.0714,925,0.89,1.0595,5,0.89,1.0595,2,0.895,1.0654,143,0
SPY190802P298,2019-07-31,2019-07-31 09:39:39,0.9,1.0714,975,0.89,1.0595,109,0.89,1.0595,2,0.895,1.0654,143,0
SPY190802P298,2019-07-31,2019-07-31 09:39:40,0.9,1.0714,786,0.89,1.0595,109,0.89,1.0595,2,0.895,1.0654,143,0
SPY190802P298,2019-07-31,2019-07-31 09:39:40,0.9,1.0714,785,0.89,1.0595,109,0.89,1.0595,2,0.895,1.0654,143,0
SPY190802P298,2019-07-31,2019-07-31 09:39:41,0.9,1.0714,705,0.89,1.0595,109,0.89,1.0595,2,0.895,1.0654,143,0
SPY190802P298,2019-07-31,2019-07-31 09:39:42,0.9,1.0714,396,0.89,1.0595,109,0.89,1.0595,2,0.895,1.0654,143,0
SPY190802P298,2019-07-31,2019-07-31 09:39:43,0.9,1.0714,865,0.89,1.0595,109,0.89,1.0595,2,0.895,1.0654,143,0
SPY190802P298,2019-07-31,2019-07-31 09:39:43,0.9,1.0714,872,0.89,1.0595,251,0.89,1.0595,2,0.895,1.0654,143,0
SPY190802P298,2019-07-31,2019-07-31 09:39:44,0.9,1.0714,1162,0.89,1.0595,251,0.89,1.0595,2,0.895,1.0654,143,0
SPY190802P298,2019-07-31,2019-07-31 09:39:45,0.9,1.0714,862,0.89,1.0595,420,0.89,1.0595,2,0.895,1.0654,143,0
SPY190802P298,2019-07-31,2019-07-31 09:39:45,0.9,1.0714,1162,0.89,1.0595,251,0.89,1.0595,2,0.895,1.0654,143,0
SPY190802P298,2019-07-31,2019-07-31 09:39:46,0.9,1.0714,498,0.89,1.0595,420,0.89,1.0595,2,0.895,1.0654,143,0
SPY190802P298,2019-07-31,2019-07-31 09:39:47,0.9,1.0714,1083,0.89,1.0595,420,0.89,1.0595,2,0.895,1.0654,143,0
SPY190802P298,2019-07-31,2019-07-31 09:39:48,0.9,1.0714,515,0.89,1.0595,24,0.89,1.0595,2,0.895,1.0654,143,0
SPY190802P298,2019-07-31,2019-07-31 09:39:48,0.9,1.0714,705,0.89,1.0595,172,0.89,1.0595,2,0.895,1.0654,143,0
SPY190802P298,2019-07-31,2019-07-31 09:39:49,0.9,1.0714,705,0.89,1.0595,172,0.89,1.0595,2,0.895,1.0654,143,0
SPY190802P298,2019-07-31,2019-07-31 09:39:50,0.9,1.0714,546,0.89,1.0595,5,0.89,1.0595,2,0.895,1.0654,143,0
SPY190802P298,2019-07-31,2019-07-31 09:39:51,0.9,1.0714,756,0.89,1.0595,100,0.89,1.0595,1,0.895,1.0654,144,1
SPY190802P298,2019-07-31,2019-07-31 09:39:51,0.9,1.0714,603,0.89,1.0595,5,0.89,1.0595,1,0.895,1.0654,144,0
SPY190802P298,2019-07-31,2019-07-31 09:39:52,0.9,1.0714,1016,0.89,1.0595,5,0.89,1.0595,1,0.895,1.0654,144,0
SPY190802P298,2019-07-31,2019-07-31 09:39:53,0.9,1.0714,1016,0.89,1.0595,5,0.89,1.0595,1,0.895,1.0654,144,0
SPY190802P298,2019-07-31,2019-07-31 09:39:53,0.9,1.0714,1016,0.89,1.0595,100,0.89,1.0595,1,0.895,1.0654,144,0
SPY190802P298,2019-07-31,2019-07-31 09:39:54,0.9,1.0714,956,0.89,1.0595,100,0.89,1.0595,1,0.895,1.0654,144,0
SPY190802P298,2019-07-31,2019-07-31 09:39:55,0.9,1.0714,288,0.89,1.0595,5,0.89,1.0595,1,0.895,1.0654,144,0
SPY190802P298,2019-07-31,2019-07-31 09:39:56,0.9,1.0714,600,0.89,1.0595,5,0.89,1.0595,1,0.895,1.0654,144,0
SPY190802P298,2019-07-31,2019-07-31 09:39:57,0.9,1.0714,1017,0.88,1.0476,277,0.89,1.0595,1,0.89,1.0595,144,0
SPY190802P298,2019-07-31,2019-07-31 09:39:57,0.9,1.0714,1017,0.88,1.0476,165,0.89,1.0595,1,0.89,1.0595,144,0
SPY190802P298,2019-07-31,2019-07-31 09:39:58,0.9,1.0714,542,0.89,1.0595,5,0.89,1.0595,1,0.895,1.0654,144,0
SPY190802P298,2019-07-31,2019-07-31 09:39:59,0.9,1.0714,602,0.89,1.0595,5,0.89,1.0595,1,0.895,1.0654,144,0
SPY190802P298,2019-07-31,2019-07-31 09:39:59,0.89,1.0595,6,0.88,1.0476,333,0.89,1.0595,1,0.885,1.0535,144,0
SPY190802P298,2019-07-31,2019-07-31 09:40:00,0.89,1.0595,6,0.88,1.0476,477,0.89,1.0595,1,0.885,1.0535,144,0
SPY190802P298,2019-07-31,2019-07-31 09:40:01,0.89,1.0595,12,0.88,1.0476,477,0.89,1.0595,1,0.885,1.0535,144,0
SPY190802P298,2019-07-31,2019-07-31 09:40:01,0.89,1.0595,103,0.88,1.0476,762,0.89,1.0595,1,0.885,1.0535,144,0
SPY190802P298,2019-07-31,2019-07-31 09:40:02,0.89,1.0595,103,0.88,1.0476,762,0.89,1.0595,1,0.885,1.0535,144,0
SPY190802P298,2019-07-31,2019-07-31 09:40:03,0.89,1.0595,141,0.88,1.0476,882,0.89,1.0595,1,0.885,1.0535,144,0
SPY190802P298,2019-07-31,2019-07-31 09:40:04,0.89,1.0595,103,0.88,1.0476,882,0.89,1.0595,1,0.885,1.0535,144,0
SPY190802P298,2019-07-31,2019-07-31 09:40:05,0.89,1.0595,158,0.88,1.0476,652,0.89,1.0595,1,0.885,1.0535,144,0
SPY190802P298,2019-07-31,2019-07-31 09:40:06,0.89,1.0595,158,0.88,1.0476,652,0.89,1.0595,1,0.885,1.0535,144,0
SPY190802P298,2019-07-31,2019-07-31 09:40:07,0.89,1.0595,103,0.88,1.0476,758,0.89,1.0595,1,0.885,1.0535,144,0
SPY190802P298,2019-07-31,2019-07-31 09:40:08,0.89,1.0595,137,0.88,1.0476,752,0.89,1.0595,1,0.885,1.0535,144,0
SPY190802P298,2019-07-31,2019-07-31 09:40:08,0.89,1.0595,175,0.88,1.0476,752,0.89,1.0595,1,0.885,1.0535,144,0
SPY190802P298,2019-07-31,2019-07-31 09:40:09,0.89,1.0595,338,0.88,1.0476,480,0.89,1.0595,1,0.885,1.0535,144,0
SPY190802P298,2019-07-31,2019-07-31 09:40:10,0.89,1.0595,1035,0.88,1.0476,662,0.89,1.0595,1,0.885,1.0535,144,0
SPY190802P298,2019-07-31,2019-07-31 09:40:10,0.89,1.0595,1524,0.88,1.0476,662,0.89,1.0595,1,0.885,1.0535,144,0
SPY190802P298,2019-07-31,2019-07-31 09:40:11,0.89,1.0595,1458,0.88,1.0476,662,0.89,1.0595,1,0.885,1.0535,144,0
SPY190802P298,2019-07-31,2019-07-31 09:40:12,0.89,1.0595,1458,0.88,1.0476,662,0.89,1.0595,1,0.885,1.0535,144,0
SPY190802P298,2019-07-31,2019-07-31 09:40:13,0.89,1.0595,70,0.88,1.0476,762,0.89,1.0595,1,0.885,1.0535,144,0
SPY190802P298,2019-07-31,2019-07-31 09:40:13,0.89,1.0595,104,0.88,1.0476,762,0.89,1.0595,1,0.885,1.0535,144,0
SPY190802P298,2019-07-31,2019-07-31 09:40:14,0.89,1.0595,316,0.88,1.0476,662,0.89,1.0595,1,0.885,1.0535,144,0
SPY190802P298,2019-07-31,2019-07-31 09:40:14,0.89,1.0595,104,0.88,1.0476,762,0.89,1.0595,1,0.885,1.0535,144,0
SPY190802P298,2019-07-31,2019-07-31 09:40:15,0.89,1.0595,924,0.88,1.0476,662,0.89,1.0595,1,0.885,1.0535,144,0
SPY190802P298,2019-07-31,2019-07-31 09:40:16,0.89,1.0595,1580,0.88,1.0476,100,0.89,1.0595,1,0.885,1.0535,144,0
SPY190802P298,2019-07-31,2019-07-31 09:40:16,0.89,1.0595,1505,0.88,1.0476,120,0.89,1.0595,1,0.885,1.0535,144,0
SPY190802P298,2019-07-31,2019-07-31 09:40:17,0.89,1.0595,1580,0.87,1.0357,1257,0.89,1.0595,1,0.88,1.0476,144,0
SPY190802P298,2019-07-31,2019-07-31 09:40:18,0.89,1.0595,286,0.88,1.0476,652,0.89,1.0595,1,0.885,1.0535,144,0
SPY190802P298,2019-07-31,2019-07-31 09:40:18,0.89,1.0595,1580,0.87,1.0357,1257,0.89,1.0595,1,0.88,1.0476,144,0
SPY190802P298,2019-07-31,2019-07-31 09:40:19,0.89,1.0595,369,0.88,1.0476,652,0.89,1.0595,1,0.885,1.0535,144,0
SPY190802P298,2019-07-31,2019-07-31 09:40:19,0.89,1.0595,286,0.88,1.0476,652,0.89,1.0595,1,0.885,1.0535,144,0
SPY190802P298,2019-07-31,2019-07-31 09:40:20,0.89,1.0595,286,0.88,1.0476,732,0.89,1.0595,1,0.885,1.0535,144,0
SPY190802P298,2019-07-31,2019-07-31 09:40:21,0.89,1.0595,103,0.88,1.0476,732,0.89,1.0595,1,0.885,1.0535,144,0
SPY190802P298,2019-07-31,2019-07-31 09:40:21,0.89,1.0595,286,0.88,1.0476,732,0.89,1.0595,1,0.885,1.0535,144,0
SPY190802P298,2019-07-31,2019-07-31 09:40:22,0.9,1.0714,711,0.88,1.0476,480,0.89,1.0595,1,0.89,1.0595,144,0
SPY190802P298,2019-07-31,2019-07-31 09:40:23,0.89,1.0595,6,0.88,1.0476,884,0.89,1.0595,1,0.885,1.0535,144,0
SPY190802P298,2019-07-31,2019-07-31 09:40:24,0.89,1.0595,6,0.88,1.0476,884,0.89,1.0595,1,0.885,1.0535,144,0
SPY190802P298,2019-07-31,2019-07-31 09:40:25,0.9,1.0714,288,0.88,1.0476,884,0.89,1.0595,1,0.89,1.0595,144,0
SPY190802P298,2019-07-31,2019-07-31 09:40:25,0.89,1.0595,12,0.88,1.0476,884,0.89,1.0595,1,0.885,1.0535,144,0
SPY190802P298,2019-07-31,2019-07-31 09:40:26,0.9,1.0714,288,0.88,1.0476,884,0.89,1.0595,1,0.89,1.0595,144,0
SPY190802P298,2019-07-31,2019-07-31 09:40:26,0.89,1.0595,10,0.88,1.0476,1036,0.89,1.0595,1,0.885,1.0535,144,0
SPY190802P298,2019-07-31,2019-07-31 09:40:27,0.89,1.0595,104,0.88,1.0476,762,0.89,1.0595,1,0.885,1.0535,144,0
SPY190802P298,2019-07-31,2019-07-31 09:40:28,0.89,1.0595,129,0.88,1.0476,762,0.89,1.0595,1,0.885,1.0535,144,0
SPY190802P298,2019-07-31,2019-07-31 09:40:29,0.89,1.0595,129,0.88,1.0476,732,0.89,1.0595,1,0.885,1.0535,144,0
SPY190802P298,2019-07-31,2019-07-31 09:40:29,0.89,1.0595,135,0.88,1.0476,732,0.89,1.0595,1,0.885,1.0535,144,0
SPY190802P298,2019-07-31,2019-07-31 09:40:30,0.89,1.0595,119,0.88,1.0476,732,0.89,1.0595,1,0.885,1.0535,144,0
SPY190802P298,2019-07-31,2019-07-31 09:40:31,0.89,1.0595,112,0.88,1.0476,732,0.89,1.0595,1,0.885,1.0535,144,0
SPY190802P298,2019-07-31,2019-07-31 09:40:32,0.89,1.0595,786,0.88,1.0476,240,0.89,1.0595,1,0.885,1.0535,144,0
SPY190802P298,2019-07-31,2019-07-31 09:40:32,0.89,1.0595,563,0.88,1.0476,240,0.89,1.0595,1,0.885,1.0535,144,0
SPY190802P298,2019-07-31,2019-07-31 09:40:33,0.89,1.0595,786,0.88,1.0476,240,0.89,1.0595,1,0.885,1.0535,144,0
SPY190802P298,2019-07-31,2019-07-31 09:40:34,0.89,1.0595,968,0.88,1.0476,240,0.89,1.0595,1,0.885,1.0535,144,0
SPY190802P298,2019-07-31,2019-07-31 09:40:35,0.89,1.0595,1289,0.88,1.0476,240,0.89,1.0595,1,0.885,1.0535,144,0
SPY190802P298,2019-07-31,2019-07-31 09:40:35,0.89,1.0595,786,0.88,1.0476,110,0.89,1.0595,1,0.885,1.0535,144,0
SPY190802P298,2019-07-31,2019-07-31 09:40:36,0.89,1.0595,999,0.88,1.0476,110,0.89,1.0595,1,0.885,1.0535,144,0
SPY190802P298,2019-07-31,2019-07-31 09:40:36,0.89,1.0595,999,0.88,1.0476,100,0.89,1.0595,1,0.885,1.0535,144,0
SPY190802P298,2019-07-31,2019-07-31 09:40:37,0.89,1.0595,999,0.88,1.0476,111,0.89,1.0595,1,0.885,1.0535,144,0
SPY190802P298,2019-07-31,2019-07-31 09:40:38,0.89,1.0595,1132,0.88,1.0476,111,0.89,1.0595,1,0.885,1.0535,144,0
SPY190802P298,2019-07-31,2019-07-31 09:40:38,0.89,1.0595,1214,0.88,1.0476,100,0.89,1.0595,1,0.885,1.0535,144,0
SPY190802P298,2019-07-31,2019-07-31 09:40:39,0.89,1.0595,1214,0.88,1.0476,100,0.89,1.0595,1,0.885,1.0535,144,0
SPY190802P298,2019-07-31,2019-07-31 09:40:40,0.89,1.0595,896,0.88,1.0476,100,0.89,1.0595,1,0.885,1.0535,144,0
SPY190802P298,2019-07-31,2019-07-31 09:40:41,0.89,1.0595,896,0.88,1.0476,100,0.89,1.0595,1,0.885,1.0535,144,0
SPY190802P298,2019-07-31,2019-07-31 09:40:41,0.89,1.0595,1292,0.88,1.0476,100,0.89,1.0595,1,0.885,1.0535,144,0
SPY190802P298,2019-07-31,2019-07-31 09:40:42,0.89,1.0595,896,0.88,1.0476,100,0.89,1.0595,1,0.885,1.0535,144,0
SPY190802P298,2019-07-31,2019-07-31 09:40:42,0.89,1.0595,1292,0.88,1.0476,100,0.89,1.0595,1,0.885,1.0535,144,0
SPY190802P298,2019-07-31,2019-07-31 09:40:43,0.89,1.0595,700,0.88,1.0476,100,0.89,1.0595,1,0.885,1.0535,144,0
SPY190802P298,2019-07-31,2019-07-31 09:40:43,0.89,1.0595,884,0.88,1.0476,100,0.89,1.0595,1,0.885,1.0535,144,0
SPY190802P298,2019-07-31,2019-07-31 09:40:44,0.89,1.0595,119,0.88,1.0476,183,0.89,1.0595,1,0.885,1.0535,144,0
SPY190802P298,2019-07-31,2019-07-31 09:40:45,0.89,1.0595,146,0.88,1.0476,253,0.89,1.0595,1,0.885,1.0535,144,0
SPY190802P298,2019-07-31,2019-07-31 09:40:45,0.89,1.0595,163,0.88,1.0476,283,0.89,1.0595,1,0.885,1.0535,144,0
SPY190802P298,2019-07-31,2019-07-31 09:40:46,0.89,1.0595,146,0.88,1.0476,290,0.89,1.0595,1,0.885,1.0535,144,0
SPY190802P298,2019-07-31,2019-07-31 09:40:47,0.89,1.0595,146,0.88,1.0476,421,0.89,1.0595,1,0.885,1.0535,144,0
SPY190802P298,2019-07-31,2019-07-31 09:40:48,0.89,1.0595,190,0.88,1.0476,734,0.89,1.0595,1,0.885,1.0535,144,0
SPY190802P298,2019-07-31,2019-07-31 09:40:49,0.89,1.0595,115,0.88,1.0476,737,0.89,1.0595,1,0.885,1.0535,144,0
SPY190802P298,2019-07-31,2019-07-31 09:40:49,0.89,1.0595,115,0.88,1.0476,290,0.89,1.0595,1,0.885,1.0535,144,0
SPY190802P298,2019-07-31,2019-07-31 09:40:50,0.89,1.0595,115,0.88,1.0476,737,0.89,1.0595,1,0.885,1.0535,144,0
SPY190802P298,2019-07-31,2019-07-31 09:40:51,0.89,1.0595,146,0.88,1.0476,290,0.89,1.0595,1,0.885,1.0535,144,0
