symbol,Date,quote_time,ask_price,norm_ask_price,ask_size,bid_price,norm_bid_price,bid_size,last_trade_price,norm_last_trade_price,last_trade_size,mark_price,norm_mark_price,volume,Volume
SPY190522C288,2019-05-20,2019-05-20 09:31:33,0.38,1.0,1111,0.37,0.9736,2,0.39,1.0263,1,0.375,0.9868,102,102
SPY190522C288,2019-05-20,2019-05-20 09:31:36,0.38,1.0,1347,0.37,0.9736,50,0.37,0.9736,2,0.375,0.9868,104,2
SPY190522C288,2019-05-20,2019-05-20 09:31:38,0.38,1.0,1566,0.37,0.9736,2,0.37,0.9736,2,0.375,0.9868,104,0
SPY190522C288,2019-05-20,2019-05-20 09:31:39,0.38,1.0,440,0.37,0.9736,2,0.37,0.9736,2,0.375,0.9868,104,0
SPY190522C288,2019-05-20,2019-05-20 09:31:40,0.38,1.0,1088,0.37,0.9736,142,0.37,0.9736,2,0.375,0.9868,104,0
SPY190522C288,2019-05-20,2019-05-20 09:31:41,0.38,1.0,886,0.37,0.9736,204,0.37,0.9736,2,0.375,0.9868,104,0
SPY190522C288,2019-05-20,2019-05-20 09:31:42,0.38,1.0,376,0.37,0.9736,2,0.38,1.0,1,0.375,0.9868,105,1
SPY190522C288,2019-05-20,2019-05-20 09:31:43,0.38,1.0,1651,0.37,0.9736,2,0.38,1.0,1,0.375,0.9868,105,0
SPY190522C288,2019-05-20,2019-05-20 09:31:44,0.38,1.0,1651,0.37,0.9736,2,0.38,1.0,1,0.375,0.9868,105,0
SPY190522C288,2019-05-20,2019-05-20 09:31:45,0.38,1.0,1602,0.37,0.9736,2,0.38,1.0,1,0.375,0.9868,105,0
SPY190522C288,2019-05-20,2019-05-20 09:31:46,0.38,1.0,1084,0.37,0.9736,2,0.38,1.0,1,0.375,0.9868,105,0
SPY190522C288,2019-05-20,2019-05-20 09:31:47,0.38,1.0,1778,0.37,0.9736,2,0.38,1.0,1,0.375,0.9868,105,0
SPY190522C288,2019-05-20,2019-05-20 09:31:48,0.38,1.0,10,0.37,0.9736,261,0.38,1.0,1,0.375,0.9868,105,0
SPY190522C288,2019-05-20,2019-05-20 09:31:48,0.38,1.0,1680,0.37,0.9736,2,0.38,1.0,1,0.375,0.9868,105,0
SPY190522C288,2019-05-20,2019-05-20 09:31:49,0.38,1.0,496,0.37,0.9736,142,0.38,1.0,1,0.375,0.9868,105,0
SPY190522C288,2019-05-20,2019-05-20 09:31:50,0.38,1.0,100,0.37,0.9736,254,0.38,1.0,1,0.375,0.9868,105,0
SPY190522C288,2019-05-20,2019-05-20 09:31:51,0.38,1.0,120,0.37,0.9736,142,0.38,1.0,1,0.375,0.9868,105,0
SPY190522C288,2019-05-20,2019-05-20 09:31:52,0.38,1.0,694,0.36,0.9473,516,0.38,1.0,1,0.37,0.9736,105,0
SPY190522C288,2019-05-20,2019-05-20 09:31:53,0.38,1.0,727,0.36,0.9473,314,0.38,1.0,1,0.37,0.9736,105,0
SPY190522C288,2019-05-20,2019-05-20 09:31:54,0.38,1.0,10,0.37,0.9736,1261,0.38,1.0,1,0.375,0.9868,105,0
SPY190522C288,2019-05-20,2019-05-20 09:31:54,0.38,1.0,10,0.37,0.9736,1819,0.38,1.0,10,0.375,0.9868,115,10
SPY190522C288,2019-05-20,2019-05-20 09:31:55,0.38,1.0,10,0.37,0.9736,1790,0.38,1.0,10,0.375,0.9868,115,0
SPY190522C288,2019-05-20,2019-05-20 09:31:56,0.38,1.0,10,0.37,0.9736,1790,0.38,1.0,10,0.375,0.9868,115,0
SPY190522C288,2019-05-20,2019-05-20 09:31:57,0.38,1.0,10,0.37,0.9736,819,0.37,0.9736,1,0.375,0.9868,116,1
SPY190522C288,2019-05-20,2019-05-20 09:31:58,0.38,1.0,10,0.37,0.9736,1084,0.37,0.9736,1,0.375,0.9868,116,0
SPY190522C288,2019-05-20,2019-05-20 09:31:59,0.38,1.0,12,0.37,0.9736,1084,0.37,0.9736,1,0.375,0.9868,116,0
SPY190522C288,2019-05-20,2019-05-20 09:31:59,0.38,1.0,79,0.37,0.9736,1084,0.37,0.9736,1,0.375,0.9868,116,0
SPY190522C288,2019-05-20,2019-05-20 09:32:00,0.38,1.0,108,0.37,0.9736,1084,0.37,0.9736,1,0.375,0.9868,116,0
SPY190522C288,2019-05-20,2019-05-20 09:32:01,0.38,1.0,60,0.37,0.9736,1084,0.37,0.9736,1,0.375,0.9868,116,0
SPY190522C288,2019-05-20,2019-05-20 09:32:02,0.38,1.0,74,0.37,0.9736,722,0.37,0.9736,1,0.375,0.9868,116,0
SPY190522C288,2019-05-20,2019-05-20 09:32:02,0.38,1.0,108,0.37,0.9736,722,0.37,0.9736,1,0.375,0.9868,116,0
SPY190522C288,2019-05-20,2019-05-20 09:32:03,0.38,1.0,108,0.37,0.9736,699,0.37,0.9736,1,0.375,0.9868,116,0
SPY190522C288,2019-05-20,2019-05-20 09:32:04,0.38,1.0,108,0.37,0.9736,793,0.37,0.9736,1,0.375,0.9868,116,0
SPY190522C288,2019-05-20,2019-05-20 09:32:05,0.38,1.0,60,0.37,0.9736,962,0.37,0.9736,1,0.375,0.9868,116,0
SPY190522C288,2019-05-20,2019-05-20 09:32:06,0.38,1.0,136,0.37,0.9736,962,0.37,0.9736,1,0.375,0.9868,116,0
SPY190522C288,2019-05-20,2019-05-20 09:32:07,0.38,1.0,10,0.36,0.9473,733,0.37,0.9736,1,0.37,0.9736,116,0
SPY190522C288,2019-05-20,2019-05-20 09:32:08,0.38,1.0,55,0.37,0.9736,360,0.38,1.0,5,0.375,0.9868,121,5
SPY190522C288,2019-05-20,2019-05-20 09:32:08,0.38,1.0,5,0.37,0.9736,359,0.37,0.9736,4,0.375,0.9868,125,4
SPY190522C288,2019-05-20,2019-05-20 09:32:09,0.38,1.0,165,0.37,0.9736,359,0.37,0.9736,2,0.375,0.9868,127,2
SPY190522C288,2019-05-20,2019-05-20 09:32:10,0.38,1.0,417,0.36,0.9473,1666,0.37,0.9736,10,0.37,0.9736,137,10
SPY190522C288,2019-05-20,2019-05-20 09:32:11,0.38,1.0,1026,0.36,0.9473,429,0.37,0.9736,10,0.37,0.9736,137,0
SPY190522C288,2019-05-20,2019-05-20 09:32:13,0.37,0.9736,120,0.36,0.9473,50,0.36,0.9473,3,0.365,0.9605,150,3
SPY190522C288,2019-05-20,2019-05-20 09:32:13,0.38,1.0,3365,0.36,0.9473,45,0.36,0.9473,3,0.37,0.9736,147,10
SPY190522C288,2019-05-20,2019-05-20 09:32:15,0.37,0.9736,80,0.36,0.9473,248,0.36,0.9473,3,0.365,0.9605,150,0
SPY190522C288,2019-05-20,2019-05-20 09:32:16,0.37,0.9736,637,0.36,0.9473,248,0.36,0.9473,3,0.365,0.9605,150,0
SPY190522C288,2019-05-20,2019-05-20 09:32:17,0.37,0.9736,1456,0.36,0.9473,50,0.36,0.9473,3,0.365,0.9605,154,4
SPY190522C288,2019-05-20,2019-05-20 09:32:18,0.37,0.9736,1306,0.36,0.9473,50,0.37,0.9736,2,0.365,0.9605,156,2
SPY190522C288,2019-05-20,2019-05-20 09:32:19,0.37,0.9736,1258,0.36,0.9473,248,0.36,0.9473,2,0.365,0.9605,159,3
SPY190522C288,2019-05-20,2019-05-20 09:32:19,0.36,0.9473,4,0.35,0.921,649,0.37,0.9736,2,0.355,0.9342,156,0
SPY190522C288,2019-05-20,2019-05-20 09:32:20,0.36,0.9473,4,0.36,0.9473,50,0.36,0.9473,2,0.36,0.9473,159,0
SPY190522C288,2019-05-20,2019-05-20 09:32:21,0.37,0.9736,1622,0.35,0.921,449,0.36,0.9473,2,0.36,0.9473,159,0
SPY190522C288,2019-05-20,2019-05-20 09:32:22,0.37,0.9736,652,0.36,0.9473,248,0.36,0.9473,2,0.365,0.9605,159,0
SPY190522C288,2019-05-20,2019-05-20 09:32:23,0.37,0.9736,1347,0.35,0.921,552,0.36,0.9473,2,0.36,0.9473,159,0
SPY190522C288,2019-05-20,2019-05-20 09:32:24,0.37,0.9736,880,0.36,0.9473,248,0.36,0.9473,2,0.365,0.9605,159,0
SPY190522C288,2019-05-20,2019-05-20 09:32:25,0.37,0.9736,1307,0.35,0.921,880,0.36,0.9473,2,0.36,0.9473,159,0
SPY190522C288,2019-05-20,2019-05-20 09:32:26,0.36,0.9473,207,0.35,0.921,641,0.36,0.9473,2,0.355,0.9342,159,0
SPY190522C288,2019-05-20,2019-05-20 09:32:27,0.36,0.9473,207,0.35,0.921,641,0.36,0.9473,2,0.355,0.9342,159,0
SPY190522C288,2019-05-20,2019-05-20 09:32:28,0.37,0.9736,1867,0.35,0.921,445,0.36,0.9473,100,0.36,0.9473,259,100
SPY190522C288,2019-05-20,2019-05-20 09:32:29,0.36,0.9473,8,0.35,0.921,384,0.36,0.9473,100,0.355,0.9342,259,0
SPY190522C288,2019-05-20,2019-05-20 09:32:30,0.36,0.9473,9,0.35,0.921,593,0.36,0.9473,100,0.355,0.9342,259,0
SPY190522C288,2019-05-20,2019-05-20 09:32:31,0.36,0.9473,80,0.35,0.921,589,0.36,0.9473,100,0.355,0.9342,259,0
SPY190522C288,2019-05-20,2019-05-20 09:32:32,0.36,0.9473,127,0.35,0.921,319,0.36,0.9473,100,0.355,0.9342,259,0
SPY190522C288,2019-05-20,2019-05-20 09:32:33,0.36,0.9473,9,0.35,0.921,1892,0.36,0.9473,100,0.355,0.9342,259,0
SPY190522C288,2019-05-20,2019-05-20 09:32:34,0.36,0.9473,9,0.35,0.921,1892,0.36,0.9473,100,0.355,0.9342,259,0
SPY190522C288,2019-05-20,2019-05-20 09:32:35,0.36,0.9473,9,0.35,0.921,2206,0.36,0.9473,100,0.355,0.9342,259,0
SPY190522C288,2019-05-20,2019-05-20 09:32:36,0.36,0.9473,9,0.35,0.921,1869,0.36,0.9473,100,0.355,0.9342,259,0
SPY190522C288,2019-05-20,2019-05-20 09:32:37,0.36,0.9473,9,0.35,0.921,2508,0.36,0.9473,100,0.355,0.9342,259,0
SPY190522C288,2019-05-20,2019-05-20 09:32:39,0.36,0.9473,9,0.35,0.921,2327,0.36,0.9473,100,0.355,0.9342,259,0
SPY190522C288,2019-05-20,2019-05-20 09:32:40,0.36,0.9473,9,0.35,0.921,1996,0.36,0.9473,100,0.355,0.9342,259,0
SPY190522C288,2019-05-20,2019-05-20 09:32:41,0.36,0.9473,9,0.35,0.921,487,0.36,0.9473,100,0.355,0.9342,259,0
SPY190522C288,2019-05-20,2019-05-20 09:32:42,0.36,0.9473,9,0.35,0.921,741,0.36,0.9473,100,0.355,0.9342,259,0
SPY190522C288,2019-05-20,2019-05-20 09:32:43,0.36,0.9473,50,0.35,0.921,741,0.36,0.9473,100,0.355,0.9342,259,0
SPY190522C288,2019-05-20,2019-05-20 09:32:44,0.36,0.9473,104,0.35,0.921,741,0.36,0.9473,100,0.355,0.9342,259,0
SPY190522C288,2019-05-20,2019-05-20 09:32:45,0.36,0.9473,117,0.35,0.921,741,0.36,0.9473,100,0.355,0.9342,259,0
SPY190522C288,2019-05-20,2019-05-20 09:32:46,0.36,0.9473,134,0.35,0.921,741,0.35,0.921,10,0.355,0.9342,269,10
SPY190522C288,2019-05-20,2019-05-20 09:32:47,0.36,0.9473,50,0.35,0.921,622,0.35,0.921,10,0.355,0.9342,269,0
SPY190522C288,2019-05-20,2019-05-20 09:32:48,0.36,0.9473,78,0.35,0.921,622,0.35,0.921,10,0.355,0.9342,269,0
SPY190522C288,2019-05-20,2019-05-20 09:32:49,0.36,0.9473,74,0.35,0.921,665,0.35,0.921,10,0.355,0.9342,269,0
SPY190522C288,2019-05-20,2019-05-20 09:32:50,0.36,0.9473,50,0.35,0.921,1394,0.35,0.921,10,0.355,0.9342,269,0
SPY190522C288,2019-05-20,2019-05-20 09:32:51,0.36,0.9473,96,0.35,0.921,1394,0.35,0.921,10,0.355,0.9342,269,0
SPY190522C288,2019-05-20,2019-05-20 09:32:52,0.36,0.9473,50,0.35,0.921,1286,0.35,0.921,10,0.355,0.9342,269,0
SPY190522C288,2019-05-20,2019-05-20 09:32:53,0.38,1.0,282,0.36,0.9473,411,0.36,0.9473,9,0.37,0.9736,278,9
SPY190522C288,2019-05-20,2019-05-20 09:32:54,0.38,1.0,1312,0.36,0.9473,1894,0.36,0.9473,9,0.37,0.9736,278,0
SPY190522C288,2019-05-20,2019-05-20 09:32:55,0.38,1.0,1362,0.36,0.9473,1537,0.36,0.9473,9,0.37,0.9736,278,0
SPY190522C288,2019-05-20,2019-05-20 09:32:56,0.38,1.0,3159,0.36,0.9473,754,0.36,0.9473,9,0.37,0.9736,278,0
SPY190522C288,2019-05-20,2019-05-20 09:32:57,0.38,1.0,1630,0.36,0.9473,425,0.36,0.9473,9,0.37,0.9736,278,0
SPY190522C288,2019-05-20,2019-05-20 09:32:58,0.38,1.0,2476,0.36,0.9473,390,0.36,0.9473,9,0.37,0.9736,278,0
SPY190522C288,2019-05-20,2019-05-20 09:32:59,0.38,1.0,2348,0.36,0.9473,322,0.36,0.9473,9,0.37,0.9736,278,0
SPY190522C288,2019-05-20,2019-05-20 09:33:00,0.38,1.0,1632,0.36,0.9473,440,0.37,0.9736,1,0.37,0.9736,279,1
SPY190522C288,2019-05-20,2019-05-20 09:33:01,0.38,1.0,80,0.36,0.9473,1135,0.37,0.9736,1,0.37,0.9736,279,0
SPY190522C288,2019-05-20,2019-05-20 09:33:02,0.38,1.0,1586,0.36,0.9473,892,0.37,0.9736,1,0.37,0.9736,279,0
SPY190522C288,2019-05-20,2019-05-20 09:33:03,0.38,1.0,2854,0.36,0.9473,304,0.37,0.9736,1,0.37,0.9736,279,0
SPY190522C288,2019-05-20,2019-05-20 09:33:04,0.37,0.9736,394,0.35,0.921,2052,0.36,0.9473,1,0.36,0.9473,344,65
SPY190522C288,2019-05-20,2019-05-20 09:33:05,0.37,0.9736,959,0.35,0.921,1964,0.36,0.9473,1,0.36,0.9473,344,0
SPY190522C288,2019-05-20,2019-05-20 09:33:06,0.37,0.9736,335,0.36,0.9473,50,0.36,0.9473,1,0.365,0.9605,344,0
SPY190522C288,2019-05-20,2019-05-20 09:33:07,0.37,0.9736,359,0.36,0.9473,50,0.37,0.9736,5,0.365,0.9605,349,5
SPY190522C288,2019-05-20,2019-05-20 09:33:08,0.37,0.9736,706,0.36,0.9473,1,0.36,0.9473,1,0.365,0.9605,350,1
SPY190522C288,2019-05-20,2019-05-20 09:33:09,0.37,0.9736,1286,0.35,0.921,2003,0.36,0.9473,1,0.36,0.9473,350,0
SPY190522C288,2019-05-20,2019-05-20 09:33:10,0.37,0.9736,833,0.35,0.921,1130,0.36,0.9473,1,0.36,0.9473,350,0
SPY190522C288,2019-05-20,2019-05-20 09:33:11,0.37,0.9736,1241,0.35,0.921,1571,0.36,0.9473,1,0.36,0.9473,350,0
SPY190522C288,2019-05-20,2019-05-20 09:33:12,0.37,0.9736,1656,0.35,0.921,1571,0.37,0.9736,10,0.36,0.9473,360,10
SPY190522C288,2019-05-20,2019-05-20 09:33:14,0.37,0.9736,699,0.35,0.921,562,0.36,0.9473,200,0.36,0.9473,560,200
SPY190522C288,2019-05-20,2019-05-20 09:33:15,0.37,0.9736,619,0.36,0.9473,255,0.36,0.9473,200,0.365,0.9605,560,0
SPY190522C288,2019-05-20,2019-05-20 09:33:16,0.37,0.9736,1674,0.35,0.921,397,0.36,0.9473,15,0.36,0.9473,575,15
SPY190522C288,2019-05-20,2019-05-20 09:33:17,0.37,0.9736,1720,0.35,0.921,397,0.36,0.9473,15,0.36,0.9473,575,0
SPY190522C288,2019-05-20,2019-05-20 09:33:18,0.37,0.9736,1393,0.35,0.921,397,0.36,0.9473,15,0.36,0.9473,575,0
SPY190522C288,2019-05-20,2019-05-20 09:33:19,0.36,0.9473,110,0.35,0.921,885,0.36,0.9473,15,0.355,0.9342,575,0
SPY190522C288,2019-05-20,2019-05-20 09:33:20,0.36,0.9473,110,0.35,0.921,842,0.36,0.9473,15,0.355,0.9342,575,0
SPY190522C288,2019-05-20,2019-05-20 09:33:21,0.37,0.9736,946,0.35,0.921,1085,0.36,0.9473,15,0.36,0.9473,575,0
SPY190522C288,2019-05-20,2019-05-20 09:33:22,0.37,0.9736,870,0.35,0.921,669,0.36,0.9473,15,0.36,0.9473,575,0
SPY190522C288,2019-05-20,2019-05-20 09:33:23,0.37,0.9736,110,0.36,0.9473,564,0.36,0.9473,15,0.365,0.9605,575,0
SPY190522C288,2019-05-20,2019-05-20 09:33:24,0.37,0.9736,818,0.36,0.9473,2,0.36,0.9473,15,0.365,0.9605,575,0
SPY190522C288,2019-05-20,2019-05-20 09:33:25,0.38,1.0,1427,0.36,0.9473,1364,0.36,0.9473,15,0.37,0.9736,575,0
SPY190522C288,2019-05-20,2019-05-20 09:33:26,0.38,1.0,79,0.36,0.9473,580,0.36,0.9473,15,0.37,0.9736,575,0
SPY190522C288,2019-05-20,2019-05-20 09:33:27,0.38,1.0,138,0.36,0.9473,1074,0.36,0.9473,15,0.37,0.9736,575,0
SPY190522C288,2019-05-20,2019-05-20 09:33:28,0.38,1.0,1222,0.36,0.9473,1720,0.36,0.9473,15,0.37,0.9736,575,0
SPY190522C288,2019-05-20,2019-05-20 09:33:29,0.38,1.0,527,0.36,0.9473,1953,0.36,0.9473,15,0.37,0.9736,575,0
SPY190522C288,2019-05-20,2019-05-20 09:33:30,0.38,1.0,787,0.36,0.9473,1887,0.37,0.9736,1,0.37,0.9736,577,2
SPY190522C288,2019-05-20,2019-05-20 09:33:31,0.38,1.0,2942,0.36,0.9473,2,0.37,0.9736,1,0.37,0.9736,577,0
SPY190522C288,2019-05-20,2019-05-20 09:33:32,0.37,0.9736,110,0.36,0.9473,170,0.37,0.9736,1,0.365,0.9605,577,0
SPY190522C288,2019-05-20,2019-05-20 09:33:33,0.38,1.0,666,0.36,0.9473,1201,0.37,0.9736,1,0.37,0.9736,577,0
SPY190522C288,2019-05-20,2019-05-20 09:33:34,0.38,1.0,1152,0.36,0.9473,1932,0.37,0.9736,1,0.37,0.9736,577,0
SPY190522C288,2019-05-20,2019-05-20 09:33:35,0.38,1.0,795,0.36,0.9473,1932,0.37,0.9736,1,0.37,0.9736,577,0
SPY190522C288,2019-05-20,2019-05-20 09:33:36,0.38,1.0,5,0.37,0.9736,867,0.37,0.9736,1,0.375,0.9868,578,1
SPY190522C288,2019-05-20,2019-05-20 09:33:38,0.38,1.0,8,0.37,0.9736,700,0.37,0.9736,1,0.375,0.9868,578,0
SPY190522C288,2019-05-20,2019-05-20 09:33:39,0.38,1.0,116,0.37,0.9736,265,0.37,0.9736,1,0.375,0.9868,582,4
SPY190522C288,2019-05-20,2019-05-20 09:33:40,0.38,1.0,399,0.37,0.9736,41,0.37,0.9736,7,0.375,0.9868,605,23
SPY190522C288,2019-05-20,2019-05-20 09:33:41,0.38,1.0,2383,0.37,0.9736,50,0.37,0.9736,1,0.375,0.9868,614,9
SPY190522C288,2019-05-20,2019-05-20 09:33:42,0.38,1.0,1973,0.37,0.9736,1,0.37,0.9736,1,0.375,0.9868,614,0
SPY190522C288,2019-05-20,2019-05-20 09:33:43,0.38,1.0,1719,0.37,0.9736,1,0.37,0.9736,1,0.375,0.9868,614,0
SPY190522C288,2019-05-20,2019-05-20 09:33:44,0.38,1.0,776,0.37,0.9736,1,0.37,0.9736,1,0.375,0.9868,614,0
SPY190522C288,2019-05-20,2019-05-20 09:33:45,0.38,1.0,1075,0.37,0.9736,1,0.37,0.9736,1,0.375,0.9868,614,0
SPY190522C288,2019-05-20,2019-05-20 09:33:46,0.38,1.0,510,0.37,0.9736,131,0.37,0.9736,1,0.375,0.9868,614,0
SPY190522C288,2019-05-20,2019-05-20 09:33:47,0.38,1.0,80,0.37,0.9736,99,0.37,0.9736,1,0.375,0.9868,614,0
SPY190522C288,2019-05-20,2019-05-20 09:33:48,0.38,1.0,45,0.37,0.9736,170,0.37,0.9736,1,0.375,0.9868,614,0
SPY190522C288,2019-05-20,2019-05-20 09:33:49,0.38,1.0,95,0.37,0.9736,160,0.37,0.9736,1,0.375,0.9868,614,0
SPY190522C288,2019-05-20,2019-05-20 09:33:51,0.38,1.0,275,0.37,0.9736,1,0.37,0.9736,1,0.375,0.9868,617,3
SPY190522C288,2019-05-20,2019-05-20 09:33:52,0.38,1.0,526,0.36,0.9473,1855,0.37,0.9736,1,0.37,0.9736,617,0
SPY190522C288,2019-05-20,2019-05-20 09:33:53,0.38,1.0,5,0.37,0.9736,160,0.37,0.9736,1,0.375,0.9868,617,0
SPY190522C288,2019-05-20,2019-05-20 09:33:54,0.38,1.0,32,0.37,0.9736,180,0.37,0.9736,1,0.375,0.9868,617,0
SPY190522C288,2019-05-20,2019-05-20 09:33:56,0.38,1.0,83,0.36,0.9473,1270,0.37,0.9736,1,0.37,0.9736,617,0
SPY190522C288,2019-05-20,2019-05-20 09:33:56,0.38,1.0,5,0.37,0.9736,180,0.37,0.9736,1,0.375,0.9868,617,0
SPY190522C288,2019-05-20,2019-05-20 09:33:58,0.38,1.0,189,0.37,0.9736,180,0.37,0.9736,1,0.375,0.9868,617,0
SPY190522C288,2019-05-20,2019-05-20 09:33:59,0.38,1.0,1129,0.37,0.9736,50,0.37,0.9736,1,0.375,0.9868,625,8
SPY190522C288,2019-05-20,2019-05-20 09:34:00,0.38,1.0,5,0.37,0.9736,160,0.37,0.9736,2,0.375,0.9868,627,0
SPY190522C288,2019-05-20,2019-05-20 09:34:00,0.37,0.9736,2,0.37,0.9736,257,0.37,0.9736,2,0.37,0.9736,627,2
SPY190522C288,2019-05-20,2019-05-20 09:34:02,0.38,1.0,63,0.37,0.9736,150,0.37,0.9736,2,0.375,0.9868,627,0
SPY190522C288,2019-05-20,2019-05-20 09:34:03,0.38,1.0,56,0.36,0.9473,2269,0.37,0.9736,2,0.37,0.9736,627,0
SPY190522C288,2019-05-20,2019-05-20 09:34:04,0.38,1.0,75,0.36,0.9473,1282,0.37,0.9736,2,0.37,0.9736,627,0
SPY190522C288,2019-05-20,2019-05-20 09:34:05,0.38,1.0,165,0.36,0.9473,2514,0.37,0.9736,2,0.37,0.9736,627,0
SPY190522C288,2019-05-20,2019-05-20 09:34:06,0.38,1.0,20,0.37,0.9736,130,0.37,0.9736,2,0.375,0.9868,627,0
SPY190522C288,2019-05-20,2019-05-20 09:34:07,0.38,1.0,33,0.37,0.9736,170,0.37,0.9736,2,0.375,0.9868,627,0
SPY190522C288,2019-05-20,2019-05-20 09:34:08,0.38,1.0,47,0.37,0.9736,160,0.37,0.9736,2,0.375,0.9868,627,0
SPY190522C288,2019-05-20,2019-05-20 09:34:09,0.38,1.0,5,0.37,0.9736,160,0.37,0.9736,2,0.375,0.9868,627,0
SPY190522C288,2019-05-20,2019-05-20 09:34:10,0.38,1.0,120,0.37,0.9736,150,0.37,0.9736,2,0.375,0.9868,627,0
SPY190522C288,2019-05-20,2019-05-20 09:34:11,0.38,1.0,115,0.36,0.9473,1736,0.37,0.9736,2,0.37,0.9736,627,0
SPY190522C288,2019-05-20,2019-05-20 09:34:12,0.38,1.0,239,0.36,0.9473,1083,0.37,0.9736,2,0.37,0.9736,627,0
SPY190522C288,2019-05-20,2019-05-20 09:34:13,0.38,1.0,1753,0.36,0.9473,941,0.37,0.9736,2,0.37,0.9736,627,0
SPY190522C288,2019-05-20,2019-05-20 09:34:14,0.37,0.9736,120,0.36,0.9473,100,0.37,0.9736,2,0.365,0.9605,627,0
SPY190522C288,2019-05-20,2019-05-20 09:34:16,0.37,0.9736,122,0.36,0.9473,170,0.37,0.9736,2,0.365,0.9605,627,0
SPY190522C288,2019-05-20,2019-05-20 09:34:17,0.37,0.9736,111,0.36,0.9473,322,0.37,0.9736,2,0.365,0.9605,627,0
SPY190522C288,2019-05-20,2019-05-20 09:34:18,0.38,1.0,818,0.36,0.9473,1973,0.37,0.9736,2,0.37,0.9736,627,0
SPY190522C288,2019-05-20,2019-05-20 09:34:19,0.38,1.0,818,0.36,0.9473,1973,0.37,0.9736,2,0.37,0.9736,627,0
SPY190522C288,2019-05-20,2019-05-20 09:34:20,0.38,1.0,697,0.36,0.9473,427,0.37,0.9736,2,0.37,0.9736,627,0
SPY190522C288,2019-05-20,2019-05-20 09:34:22,0.38,1.0,1411,0.36,0.9473,505,0.37,0.9736,2,0.37,0.9736,627,0
SPY190522C288,2019-05-20,2019-05-20 09:34:23,0.38,1.0,697,0.37,0.9736,106,0.37,0.9736,2,0.375,0.9868,627,0
SPY190522C288,2019-05-20,2019-05-20 09:34:24,0.38,1.0,776,0.36,0.9473,2100,0.37,0.9736,2,0.37,0.9736,627,0
SPY190522C288,2019-05-20,2019-05-20 09:34:25,0.38,1.0,776,0.37,0.9736,50,0.37,0.9736,2,0.375,0.9868,627,0
SPY190522C288,2019-05-20,2019-05-20 09:34:27,0.38,1.0,255,0.36,0.9473,1310,0.37,0.9736,2,0.37,0.9736,627,0
SPY190522C288,2019-05-20,2019-05-20 09:34:28,0.38,1.0,601,0.36,0.9473,1717,0.37,0.9736,2,0.37,0.9736,627,0
SPY190522C288,2019-05-20,2019-05-20 09:34:29,0.37,0.9736,110,0.36,0.9473,1007,0.37,0.9736,1,0.365,0.9605,629,2
SPY190522C288,2019-05-20,2019-05-20 09:34:30,0.37,0.9736,110,0.36,0.9473,2,0.37,0.9736,1,0.365,0.9605,629,0
SPY190522C288,2019-05-20,2019-05-20 09:34:31,0.37,0.9736,151,0.36,0.9473,120,0.37,0.9736,1,0.365,0.9605,629,0
SPY190522C288,2019-05-20,2019-05-20 09:34:33,0.38,1.0,1956,0.36,0.9473,110,0.37,0.9736,1,0.37,0.9736,629,0
SPY190522C288,2019-05-20,2019-05-20 09:34:34,0.38,1.0,1970,0.36,0.9473,417,0.37,0.9736,1,0.37,0.9736,629,0
SPY190522C288,2019-05-20,2019-05-20 09:34:35,0.38,1.0,1641,0.36,0.9473,1609,0.37,0.9736,1,0.37,0.9736,629,0
SPY190522C288,2019-05-20,2019-05-20 09:34:37,0.38,1.0,1333,0.36,0.9473,1609,0.37,0.9736,1,0.37,0.9736,629,0
SPY190522C288,2019-05-20,2019-05-20 09:34:38,0.38,1.0,1445,0.36,0.9473,1650,0.37,0.9736,1,0.37,0.9736,629,0
SPY190522C288,2019-05-20,2019-05-20 09:34:39,0.38,1.0,2177,0.36,0.9473,1577,0.37,0.9736,1,0.37,0.9736,629,0
SPY190522C288,2019-05-20,2019-05-20 09:34:40,0.38,1.0,776,0.36,0.9473,1604,0.37,0.9736,1,0.37,0.9736,629,0
SPY190522C288,2019-05-20,2019-05-20 09:34:41,0.38,1.0,151,0.37,0.9736,180,0.37,0.9736,1,0.375,0.9868,630,1
SPY190522C288,2019-05-20,2019-05-20 09:34:43,0.38,1.0,894,0.36,0.9473,924,0.37,0.9736,1,0.37,0.9736,630,0
SPY190522C288,2019-05-20,2019-05-20 09:34:44,0.38,1.0,208,0.36,0.9473,1765,0.37,0.9736,1,0.37,0.9736,631,1
SPY190522C288,2019-05-20,2019-05-20 09:34:46,0.38,1.0,539,0.36,0.9473,619,0.37,0.9736,1,0.37,0.9736,631,0
SPY190522C288,2019-05-20,2019-05-20 09:34:47,0.38,1.0,3063,0.36,0.9473,510,0.37,0.9736,1,0.37,0.9736,631,0
SPY190522C288,2019-05-20,2019-05-20 09:34:49,0.38,1.0,2764,0.36,0.9473,100,0.37,0.9736,1,0.37,0.9736,631,0
SPY190522C288,2019-05-20,2019-05-20 09:34:50,0.37,0.9736,931,0.36,0.9473,2,0.36,0.9473,1,0.365,0.9605,632,1
SPY190522C288,2019-05-20,2019-05-20 09:34:51,0.37,0.9736,2879,0.35,0.921,269,0.36,0.9473,1,0.36,0.9473,634,2
SPY190522C288,2019-05-20,2019-05-20 09:34:53,0.36,0.9473,111,0.34,0.8947,2321,0.35,0.921,1,0.35,0.921,635,1
SPY190522C288,2019-05-20,2019-05-20 09:34:54,0.36,0.9473,1,0.35,0.921,170,0.35,0.921,1,0.355,0.9342,635,0
SPY190522C288,2019-05-20,2019-05-20 09:34:55,0.37,0.9736,203,0.35,0.921,1515,0.35,0.921,2,0.36,0.9473,638,3
SPY190522C288,2019-05-20,2019-05-20 09:34:57,0.37,0.9736,472,0.35,0.921,1807,0.35,0.921,2,0.36,0.9473,638,0
SPY190522C288,2019-05-20,2019-05-20 09:34:58,0.37,0.9736,1901,0.35,0.921,160,0.35,0.921,2,0.36,0.9473,638,0
SPY190522C288,2019-05-20,2019-05-20 09:34:59,0.37,0.9736,2554,0.35,0.921,110,0.35,0.921,2,0.36,0.9473,638,0
SPY190522C288,2019-05-20,2019-05-20 09:35:00,0.37,0.9736,2894,0.35,0.921,110,0.35,0.921,2,0.36,0.9473,638,0
SPY190522C288,2019-05-20,2019-05-20 09:35:02,0.36,0.9473,1,0.35,0.921,161,0.35,0.921,2,0.355,0.9342,638,0
SPY190522C288,2019-05-20,2019-05-20 09:35:03,0.36,0.9473,1,0.35,0.921,70,0.35,0.921,2,0.355,0.9342,638,0
SPY190522C288,2019-05-20,2019-05-20 09:35:04,0.36,0.9473,1,0.35,0.921,1964,0.35,0.921,2,0.355,0.9342,638,0
SPY190522C288,2019-05-20,2019-05-20 09:35:05,0.36,0.9473,1,0.35,0.921,774,0.35,0.921,2,0.355,0.9342,638,0
SPY190522C288,2019-05-20,2019-05-20 09:35:06,0.36,0.9473,1,0.35,0.921,1297,0.35,0.921,2,0.355,0.9342,638,0
SPY190522C288,2019-05-20,2019-05-20 09:35:07,0.36,0.9473,2,0.35,0.921,655,0.35,0.921,2,0.355,0.9342,638,0
SPY190522C288,2019-05-20,2019-05-20 09:35:08,0.36,0.9473,32,0.35,0.921,175,0.35,0.921,2,0.355,0.9342,638,0
SPY190522C288,2019-05-20,2019-05-20 09:35:09,0.36,0.9473,2,0.35,0.921,175,0.35,0.921,2,0.355,0.9342,638,0
SPY190522C288,2019-05-20,2019-05-20 09:35:10,0.36,0.9473,32,0.35,0.921,503,0.35,0.921,2,0.355,0.9342,638,0
SPY190522C288,2019-05-20,2019-05-20 09:35:11,0.36,0.9473,55,0.35,0.921,161,0.35,0.921,2,0.355,0.9342,638,0
SPY190522C288,2019-05-20,2019-05-20 09:35:12,0.36,0.9473,230,0.34,0.8947,1572,0.35,0.921,2,0.35,0.921,638,0
SPY190522C288,2019-05-20,2019-05-20 09:35:13,0.35,0.921,230,0.34,0.8947,50,0.35,0.921,2,0.345,0.9078,638,0
SPY190522C288,2019-05-20,2019-05-20 09:35:15,0.35,0.921,588,0.34,0.8947,100,0.35,0.921,2,0.345,0.9078,638,0
SPY190522C288,2019-05-20,2019-05-20 09:35:16,0.35,0.921,604,0.34,0.8947,100,0.35,0.921,2,0.345,0.9078,638,0
SPY190522C288,2019-05-20,2019-05-20 09:35:17,0.35,0.921,812,0.34,0.8947,100,0.35,0.921,2,0.345,0.9078,638,0
SPY190522C288,2019-05-20,2019-05-20 09:35:18,0.35,0.921,180,0.34,0.8947,131,0.35,0.921,2,0.345,0.9078,638,0
SPY190522C288,2019-05-20,2019-05-20 09:35:19,0.35,0.921,110,0.34,0.8947,319,0.35,0.921,2,0.345,0.9078,638,0
SPY190522C288,2019-05-20,2019-05-20 09:35:20,0.35,0.921,165,0.34,0.8947,161,0.35,0.921,2,0.345,0.9078,638,0
SPY190522C288,2019-05-20,2019-05-20 09:35:22,0.36,0.9473,1180,0.34,0.8947,1878,0.35,0.921,20,0.35,0.921,658,20
SPY190522C288,2019-05-20,2019-05-20 09:35:23,0.35,0.921,40,0.34,0.8947,175,0.35,0.921,20,0.345,0.9078,658,0
SPY190522C288,2019-05-20,2019-05-20 09:35:24,0.35,0.921,130,0.34,0.8947,105,0.35,0.921,20,0.345,0.9078,658,0
SPY190522C288,2019-05-20,2019-05-20 09:35:25,0.35,0.921,200,0.34,0.8947,100,0.35,0.921,20,0.345,0.9078,658,0
SPY190522C288,2019-05-20,2019-05-20 09:35:26,0.35,0.921,1932,0.33,0.8684,1336,0.34,0.8947,1,0.34,0.8947,668,10
SPY190522C288,2019-05-20,2019-05-20 09:35:27,0.34,0.8947,142,0.32,0.8421,2558,0.34,0.8947,1,0.33,0.8684,668,0
SPY190522C288,2019-05-20,2019-05-20 09:35:28,0.34,0.8947,182,0.32,0.8421,2238,0.34,0.8947,1,0.33,0.8684,668,0
SPY190522C288,2019-05-20,2019-05-20 09:35:30,0.34,0.8947,90,0.32,0.8421,2051,0.34,0.8947,1,0.33,0.8684,668,0
SPY190522C288,2019-05-20,2019-05-20 09:35:31,0.34,0.8947,818,0.32,0.8421,1968,0.34,0.8947,6,0.33,0.8684,674,6
SPY190522C288,2019-05-20,2019-05-20 09:35:32,0.34,0.8947,588,0.32,0.8421,1248,0.32,0.8421,1,0.33,0.8684,675,1
SPY190522C288,2019-05-20,2019-05-20 09:35:34,0.34,0.8947,509,0.33,0.8684,170,0.32,0.8421,1,0.335,0.8815,675,0
SPY190522C288,2019-05-20,2019-05-20 09:35:35,0.34,0.8947,80,0.33,0.8684,1342,0.32,0.8421,1,0.335,0.8815,675,0
SPY190522C288,2019-05-20,2019-05-20 09:35:36,0.35,0.921,1824,0.33,0.8684,308,0.32,0.8421,1,0.34,0.8947,675,0
SPY190522C288,2019-05-20,2019-05-20 09:35:38,0.34,0.8947,637,0.32,0.8421,1602,0.33,0.8684,2,0.33,0.8684,677,2
SPY190522C288,2019-05-20,2019-05-20 09:35:39,0.33,0.8684,2,0.32,0.8421,900,0.33,0.8684,1,0.325,0.8552,678,1
SPY190522C288,2019-05-20,2019-05-20 09:35:40,0.34,0.8947,1430,0.32,0.8421,175,0.33,0.8684,1,0.33,0.8684,678,0
SPY190522C288,2019-05-20,2019-05-20 09:35:42,0.34,0.8947,180,0.32,0.8421,931,0.33,0.8684,1,0.33,0.8684,678,0
SPY190522C288,2019-05-20,2019-05-20 09:35:43,0.34,0.8947,50,0.32,0.8421,1085,0.33,0.8684,1,0.33,0.8684,678,0
SPY190522C288,2019-05-20,2019-05-20 09:35:44,0.34,0.8947,272,0.32,0.8421,2326,0.33,0.8684,1,0.33,0.8684,678,0
SPY190522C288,2019-05-20,2019-05-20 09:35:45,0.34,0.8947,1914,0.32,0.8421,839,0.33,0.8684,1,0.33,0.8684,678,0
SPY190522C288,2019-05-20,2019-05-20 09:35:46,0.34,0.8947,1419,0.33,0.8684,1,0.33,0.8684,1,0.335,0.8815,678,0
SPY190522C288,2019-05-20,2019-05-20 09:35:48,0.34,0.8947,1681,0.32,0.8421,819,0.33,0.8684,1,0.33,0.8684,680,2
SPY190522C288,2019-05-20,2019-05-20 09:35:49,0.34,0.8947,1645,0.32,0.8421,1639,0.33,0.8684,1,0.33,0.8684,680,0
SPY190522C288,2019-05-20,2019-05-20 09:35:50,0.34,0.8947,1624,0.32,0.8421,1966,0.33,0.8684,1,0.33,0.8684,680,0
SPY190522C288,2019-05-20,2019-05-20 09:35:51,0.34,0.8947,1624,0.32,0.8421,1917,0.33,0.8684,1,0.33,0.8684,680,0
SPY190522C288,2019-05-20,2019-05-20 09:35:52,0.34,0.8947,1924,0.32,0.8421,170,0.33,0.8684,1,0.33,0.8684,680,0
SPY190522C288,2019-05-20,2019-05-20 09:35:53,0.33,0.8684,208,0.31,0.8157,2512,0.33,0.8684,1,0.32,0.8421,680,0
SPY190522C288,2019-05-20,2019-05-20 09:35:54,0.33,0.8684,379,0.32,0.8421,170,0.33,0.8684,1,0.325,0.8552,680,0
SPY190522C288,2019-05-20,2019-05-20 09:35:56,0.33,0.8684,2405,0.31,0.8157,1117,0.33,0.8684,1,0.32,0.8421,680,0
SPY190522C288,2019-05-20,2019-05-20 09:35:57,0.33,0.8684,1323,0.31,0.8157,166,0.33,0.8684,1,0.32,0.8421,680,0
SPY190522C288,2019-05-20,2019-05-20 09:35:58,0.32,0.8421,226,0.3,0.7894,880,0.33,0.8684,1,0.31,0.8157,680,0
SPY190522C288,2019-05-20,2019-05-20 09:36:00,0.32,0.8421,1192,0.3,0.7894,2586,0.33,0.8684,1,0.31,0.8157,680,0
SPY190522C288,2019-05-20,2019-05-20 09:36:00,0.32,0.8421,1192,0.3,0.7894,805,0.32,0.8421,10,0.31,0.8157,690,10
SPY190522C288,2019-05-20,2019-05-20 09:36:02,0.32,0.8421,1112,0.3,0.7894,1611,0.32,0.8421,10,0.31,0.8157,690,0
SPY190522C288,2019-05-20,2019-05-20 09:36:03,0.32,0.8421,477,0.3,0.7894,233,0.32,0.8421,10,0.31,0.8157,690,0
SPY190522C288,2019-05-20,2019-05-20 09:36:04,0.32,0.8421,949,0.3,0.7894,1059,0.32,0.8421,10,0.31,0.8157,690,0
SPY190522C288,2019-05-20,2019-05-20 09:36:05,0.31,0.8157,130,0.3,0.7894,327,0.32,0.8421,10,0.305,0.8026,690,0
SPY190522C288,2019-05-20,2019-05-20 09:36:06,0.31,0.8157,121,0.3,0.7894,170,0.32,0.8421,10,0.305,0.8026,690,0
SPY190522C288,2019-05-20,2019-05-20 09:36:07,0.31,0.8157,197,0.3,0.7894,170,0.32,0.8421,10,0.305,0.8026,690,0
SPY190522C288,2019-05-20,2019-05-20 09:36:08,0.31,0.8157,827,0.3,0.7894,100,0.32,0.8421,10,0.305,0.8026,690,0
SPY190522C288,2019-05-20,2019-05-20 09:36:09,0.31,0.8157,827,0.3,0.7894,100,0.32,0.8421,10,0.305,0.8026,690,0
SPY190522C288,2019-05-20,2019-05-20 09:36:10,0.31,0.8157,827,0.3,0.7894,170,0.32,0.8421,10,0.305,0.8026,690,0
SPY190522C288,2019-05-20,2019-05-20 09:36:11,0.31,0.8157,827,0.3,0.7894,4,0.32,0.8421,10,0.305,0.8026,690,0
SPY190522C288,2019-05-20,2019-05-20 09:36:12,0.31,0.8157,827,0.29,0.7631,1602,0.3,0.7894,1,0.3,0.7894,696,6
SPY190522C288,2019-05-20,2019-05-20 09:36:13,0.31,0.8157,827,0.29,0.7631,2437,0.3,0.7894,1,0.3,0.7894,696,0
SPY190522C288,2019-05-20,2019-05-20 09:36:14,0.31,0.8157,827,0.29,0.7631,2333,0.3,0.7894,1,0.3,0.7894,696,0
SPY190522C288,2019-05-20,2019-05-20 09:36:15,0.31,0.8157,827,0.29,0.7631,1216,0.3,0.7894,1,0.3,0.7894,696,0
SPY190522C288,2019-05-20,2019-05-20 09:36:16,0.3,0.7894,67,0.29,0.7631,80,0.3,0.7894,1,0.295,0.7763,696,0
SPY190522C288,2019-05-20,2019-05-20 09:36:17,0.3,0.7894,44,0.29,0.7631,700,0.3,0.7894,1,0.295,0.7763,696,0
SPY190522C288,2019-05-20,2019-05-20 09:36:18,0.3,0.7894,189,0.29,0.7631,1229,0.3,0.7894,1,0.295,0.7763,696,0
SPY190522C288,2019-05-20,2019-05-20 09:36:19,0.3,0.7894,189,0.29,0.7631,1157,0.3,0.7894,1,0.295,0.7763,696,0
SPY190522C288,2019-05-20,2019-05-20 09:36:20,0.3,0.7894,189,0.29,0.7631,943,0.3,0.7894,1,0.295,0.7763,696,0
SPY190522C288,2019-05-20,2019-05-20 09:36:21,0.3,0.7894,66,0.29,0.7631,792,0.3,0.7894,1,0.295,0.7763,696,0
SPY190522C288,2019-05-20,2019-05-20 09:36:22,0.3,0.7894,59,0.29,0.7631,1545,0.3,0.7894,1,0.295,0.7763,696,0
SPY190522C288,2019-05-20,2019-05-20 09:36:23,0.31,0.8157,825,0.29,0.7631,1249,0.3,0.7894,2,0.3,0.7894,740,44
SPY190522C288,2019-05-20,2019-05-20 09:36:24,0.31,0.8157,488,0.29,0.7631,1643,0.3,0.7894,2,0.3,0.7894,740,0
SPY190522C288,2019-05-20,2019-05-20 09:36:25,0.32,0.8421,1918,0.3,0.7894,601,0.3,0.7894,2,0.31,0.8157,740,0
SPY190522C288,2019-05-20,2019-05-20 09:36:26,0.32,0.8421,1160,0.3,0.7894,1554,0.3,0.7894,2,0.31,0.8157,740,0
SPY190522C288,2019-05-20,2019-05-20 09:36:27,0.32,0.8421,1145,0.3,0.7894,1647,0.3,0.7894,2,0.31,0.8157,740,0
SPY190522C288,2019-05-20,2019-05-20 09:36:28,0.32,0.8421,1250,0.3,0.7894,2099,0.3,0.7894,2,0.31,0.8157,740,0
SPY190522C288,2019-05-20,2019-05-20 09:36:29,0.31,0.8157,180,0.3,0.7894,195,0.3,0.7894,2,0.305,0.8026,740,0
SPY190522C288,2019-05-20,2019-05-20 09:36:30,0.32,0.8421,1817,0.3,0.7894,195,0.3,0.7894,2,0.31,0.8157,740,0
SPY190522C288,2019-05-20,2019-05-20 09:36:31,0.31,0.8157,554,0.3,0.7894,100,0.3,0.7894,2,0.305,0.8026,740,0
SPY190522C288,2019-05-20,2019-05-20 09:36:33,0.31,0.8157,830,0.29,0.7631,3576,0.3,0.7894,2,0.3,0.7894,740,0
SPY190522C288,2019-05-20,2019-05-20 09:36:34,0.31,0.8157,41,0.29,0.7631,3556,0.3,0.7894,2,0.3,0.7894,740,0
SPY190522C288,2019-05-20,2019-05-20 09:36:35,0.31,0.8157,285,0.29,0.7631,2586,0.3,0.7894,2,0.3,0.7894,740,0
SPY190522C288,2019-05-20,2019-05-20 09:36:36,0.31,0.8157,56,0.29,0.7631,3670,0.3,0.7894,2,0.3,0.7894,740,0
SPY190522C288,2019-05-20,2019-05-20 09:36:37,0.31,0.8157,56,0.3,0.7894,685,0.3,0.7894,2,0.305,0.8026,740,0
SPY190522C288,2019-05-20,2019-05-20 09:36:39,0.32,0.8421,2735,0.29,0.7631,2837,0.3,0.7894,2,0.305,0.8026,740,0
SPY190522C288,2019-05-20,2019-05-20 09:36:40,0.31,0.8157,508,0.29,0.7631,1152,0.3,0.7894,2,0.3,0.7894,740,0
SPY190522C288,2019-05-20,2019-05-20 09:36:41,0.31,0.8157,840,0.29,0.7631,2771,0.3,0.7894,2,0.3,0.7894,740,0
SPY190522C288,2019-05-20,2019-05-20 09:36:42,0.31,0.8157,1807,0.29,0.7631,2677,0.3,0.7894,2,0.3,0.7894,740,0
SPY190522C288,2019-05-20,2019-05-20 09:36:43,0.31,0.8157,1926,0.29,0.7631,1945,0.3,0.7894,2,0.3,0.7894,740,0
SPY190522C288,2019-05-20,2019-05-20 09:36:44,0.31,0.8157,830,0.3,0.7894,170,0.3,0.7894,2,0.305,0.8026,740,0
SPY190522C288,2019-05-20,2019-05-20 09:36:45,0.31,0.8157,1400,0.3,0.7894,170,0.3,0.7894,1,0.305,0.8026,742,2
SPY190522C288,2019-05-20,2019-05-20 09:36:46,0.31,0.8157,1400,0.3,0.7894,170,0.3,0.7894,1,0.305,0.8026,742,0
SPY190522C288,2019-05-20,2019-05-20 09:36:47,0.31,0.8157,86,0.3,0.7894,231,0.3,0.7894,1,0.305,0.8026,742,0
SPY190522C288,2019-05-20,2019-05-20 09:36:48,0.31,0.8157,121,0.3,0.7894,230,0.3,0.7894,1,0.305,0.8026,742,0
SPY190522C288,2019-05-20,2019-05-20 09:36:49,0.32,0.8421,1355,0.3,0.7894,1622,0.3,0.7894,1,0.31,0.8157,742,0
SPY190522C288,2019-05-20,2019-05-20 09:36:50,0.32,0.8421,1743,0.3,0.7894,2066,0.3,0.7894,1,0.31,0.8157,742,0
SPY190522C288,2019-05-20,2019-05-20 09:36:51,0.32,0.8421,916,0.3,0.7894,1605,0.32,0.8421,4,0.31,0.8157,746,4
SPY190522C288,2019-05-20,2019-05-20 09:36:52,0.32,0.8421,1107,0.3,0.7894,2063,0.32,0.8421,4,0.31,0.8157,746,0
SPY190522C288,2019-05-20,2019-05-20 09:36:53,0.32,0.8421,1772,0.3,0.7894,193,0.32,0.8421,4,0.31,0.8157,746,0
SPY190522C288,2019-05-20,2019-05-20 09:36:54,0.32,0.8421,2201,0.29,0.7631,686,0.32,0.8421,4,0.305,0.8026,746,0
SPY190522C288,2019-05-20,2019-05-20 09:36:55,0.31,0.8157,1117,0.3,0.7894,100,0.32,0.8421,4,0.305,0.8026,746,0
SPY190522C288,2019-05-20,2019-05-20 09:36:57,0.31,0.8157,1117,0.3,0.7894,100,0.32,0.8421,4,0.305,0.8026,746,0
SPY190522C288,2019-05-20,2019-05-20 09:36:57,0.31,0.8157,1485,0.3,0.7894,97,0.3,0.7894,1,0.305,0.8026,750,4
SPY190522C288,2019-05-20,2019-05-20 09:36:59,0.31,0.8157,777,0.3,0.7894,1,0.3,0.7894,1,0.305,0.8026,751,1
SPY190522C288,2019-05-20,2019-05-20 09:37:00,0.31,0.8157,1035,0.29,0.7631,2522,0.3,0.7894,1,0.3,0.7894,751,0
SPY190522C288,2019-05-20,2019-05-20 09:37:00,0.31,0.8157,810,0.29,0.7631,2689,0.3,0.7894,1,0.3,0.7894,751,0
SPY190522C288,2019-05-20,2019-05-20 09:37:02,0.31,0.8157,1025,0.29,0.7631,2522,0.3,0.7894,1,0.3,0.7894,751,0
SPY190522C288,2019-05-20,2019-05-20 09:37:03,0.31,0.8157,1182,0.29,0.7631,2542,0.3,0.7894,1,0.3,0.7894,751,0
SPY190522C288,2019-05-20,2019-05-20 09:37:04,0.31,0.8157,1521,0.29,0.7631,2195,0.29,0.7631,10,0.3,0.7894,761,10
SPY190522C288,2019-05-20,2019-05-20 09:37:05,0.31,0.8157,616,0.29,0.7631,1865,0.29,0.7631,10,0.3,0.7894,761,0
SPY190522C288,2019-05-20,2019-05-20 09:37:06,0.31,0.8157,1186,0.29,0.7631,2492,0.29,0.7631,10,0.3,0.7894,761,0
SPY190522C288,2019-05-20,2019-05-20 09:37:07,0.31,0.8157,616,0.3,0.7894,170,0.29,0.7631,10,0.305,0.8026,761,0
SPY190522C288,2019-05-20,2019-05-20 09:37:08,0.31,0.8157,1100,0.29,0.7631,3727,0.31,0.8157,1,0.3,0.7894,762,1
SPY190522C288,2019-05-20,2019-05-20 09:37:09,0.31,0.8157,120,0.3,0.7894,230,0.31,0.8157,1,0.305,0.8026,762,0
SPY190522C288,2019-05-20,2019-05-20 09:37:10,0.31,0.8157,223,0.3,0.7894,230,0.31,0.8157,1,0.305,0.8026,762,0
SPY190522C288,2019-05-20,2019-05-20 09:37:11,0.31,0.8157,772,0.29,0.7631,1578,0.31,0.8157,1,0.3,0.7894,762,0
SPY190522C288,2019-05-20,2019-05-20 09:37:12,0.31,0.8157,1172,0.29,0.7631,2351,0.31,0.8157,1,0.3,0.7894,762,0
SPY190522C288,2019-05-20,2019-05-20 09:37:13,0.31,0.8157,1117,0.29,0.7631,2533,0.31,0.8157,1,0.3,0.7894,762,0
SPY190522C288,2019-05-20,2019-05-20 09:37:14,0.31,0.8157,1338,0.29,0.7631,2808,0.31,0.8157,1,0.3,0.7894,762,0
SPY190522C288,2019-05-20,2019-05-20 09:37:15,0.3,0.7894,2,0.29,0.7631,4382,0.29,0.7631,1,0.295,0.7763,763,1
SPY190522C288,2019-05-20,2019-05-20 09:37:16,0.3,0.7894,2,0.29,0.7631,2743,0.29,0.7631,1,0.295,0.7763,763,0
SPY190522C288,2019-05-20,2019-05-20 09:37:17,0.3,0.7894,2,0.29,0.7631,3083,0.29,0.7631,1,0.295,0.7763,763,0
SPY190522C288,2019-05-20,2019-05-20 09:37:18,0.3,0.7894,2,0.29,0.7631,3055,0.29,0.7631,1,0.295,0.7763,763,0
SPY190522C288,2019-05-20,2019-05-20 09:37:19,0.3,0.7894,2,0.29,0.7631,2944,0.29,0.7631,1,0.295,0.7763,763,0
SPY190522C288,2019-05-20,2019-05-20 09:37:20,0.3,0.7894,2,0.29,0.7631,3295,0.29,0.7631,1,0.295,0.7763,763,0
SPY190522C288,2019-05-20,2019-05-20 09:37:21,0.32,0.8421,1857,0.3,0.7894,834,0.3,0.7894,2,0.31,0.8157,765,2
SPY190522C288,2019-05-20,2019-05-20 09:37:22,0.32,0.8421,812,0.3,0.7894,1464,0.3,0.7894,2,0.31,0.8157,765,0
SPY190522C288,2019-05-20,2019-05-20 09:37:23,0.32,0.8421,842,0.3,0.7894,1593,0.3,0.7894,2,0.31,0.8157,765,0
SPY190522C288,2019-05-20,2019-05-20 09:37:25,0.32,0.8421,1133,0.3,0.7894,2220,0.3,0.7894,2,0.31,0.8157,765,0
SPY190522C288,2019-05-20,2019-05-20 09:37:26,0.32,0.8421,966,0.3,0.7894,385,0.3,0.7894,2,0.31,0.8157,765,0
SPY190522C288,2019-05-20,2019-05-20 09:37:27,0.31,0.8157,122,0.3,0.7894,1509,0.3,0.7894,2,0.305,0.8026,765,0
SPY190522C288,2019-05-20,2019-05-20 09:37:29,0.32,0.8421,2168,0.3,0.7894,1217,0.3,0.7894,1,0.31,0.8157,767,2
SPY190522C288,2019-05-20,2019-05-20 09:37:31,0.31,0.8157,1450,0.3,0.7894,80,0.3,0.7894,2,0.305,0.8026,776,9
SPY190522C288,2019-05-20,2019-05-20 09:37:32,0.31,0.8157,1450,0.29,0.7631,2271,0.3,0.7894,2,0.3,0.7894,776,0
SPY190522C288,2019-05-20,2019-05-20 09:37:33,0.31,0.8157,742,0.3,0.7894,1,0.31,0.8157,2,0.305,0.8026,778,2
SPY190522C288,2019-05-20,2019-05-20 09:37:35,0.31,0.8157,1422,0.3,0.7894,80,0.31,0.8157,2,0.305,0.8026,778,0
SPY190522C288,2019-05-20,2019-05-20 09:37:36,0.31,0.8157,1445,0.3,0.7894,1,0.31,0.8157,2,0.305,0.8026,778,0
SPY190522C288,2019-05-20,2019-05-20 09:37:38,0.31,0.8157,708,0.29,0.7631,1188,0.3,0.7894,1,0.3,0.7894,780,2
SPY190522C288,2019-05-20,2019-05-20 09:37:39,0.31,0.8157,1350,0.29,0.7631,1937,0.3,0.7894,1,0.3,0.7894,780,0
SPY190522C288,2019-05-20,2019-05-20 09:37:40,0.31,0.8157,1605,0.29,0.7631,2232,0.3,0.7894,1,0.3,0.7894,780,0
SPY190522C288,2019-05-20,2019-05-20 09:37:41,0.3,0.7894,2,0.29,0.7631,2062,0.3,0.7894,1,0.295,0.7763,781,1
SPY190522C288,2019-05-20,2019-05-20 09:37:43,0.3,0.7894,1,0.29,0.7631,1625,0.3,0.7894,1,0.295,0.7763,781,0
SPY190522C288,2019-05-20,2019-05-20 09:37:44,0.3,0.7894,414,0.29,0.7631,50,0.3,0.7894,20,0.295,0.7763,801,20
SPY190522C288,2019-05-20,2019-05-20 09:37:46,0.3,0.7894,646,0.29,0.7631,80,0.29,0.7631,1,0.295,0.7763,802,1
SPY190522C288,2019-05-20,2019-05-20 09:37:47,0.3,0.7894,1885,0.29,0.7631,50,0.29,0.7631,1,0.295,0.7763,802,0
SPY190522C288,2019-05-20,2019-05-20 09:37:48,0.3,0.7894,1374,0.28,0.7368,2237,0.29,0.7631,1,0.29,0.7631,802,0
SPY190522C288,2019-05-20,2019-05-20 09:37:49,0.3,0.7894,1820,0.28,0.7368,1824,0.29,0.7631,1,0.29,0.7631,802,0
SPY190522C288,2019-05-20,2019-05-20 09:37:50,0.3,0.7894,1858,0.28,0.7368,1799,0.29,0.7631,1,0.29,0.7631,802,0
SPY190522C288,2019-05-20,2019-05-20 09:37:52,0.3,0.7894,1805,0.28,0.7368,1486,0.29,0.7631,1,0.29,0.7631,802,0
SPY190522C288,2019-05-20,2019-05-20 09:37:53,0.29,0.7631,396,0.28,0.7368,664,0.29,0.7631,1,0.285,0.75,802,0
SPY190522C288,2019-05-20,2019-05-20 09:37:54,0.29,0.7631,289,0.28,0.7368,2039,0.29,0.7631,1,0.285,0.75,802,0
SPY190522C288,2019-05-20,2019-05-20 09:37:55,0.29,0.7631,205,0.28,0.7368,1705,0.29,0.7631,1,0.285,0.75,802,0
SPY190522C288,2019-05-20,2019-05-20 09:37:56,0.29,0.7631,205,0.28,0.7368,1875,0.29,0.7631,1,0.285,0.75,802,0
SPY190522C288,2019-05-20,2019-05-20 09:37:57,0.29,0.7631,290,0.28,0.7368,1695,0.28,0.7368,1,0.285,0.75,803,1
SPY190522C288,2019-05-20,2019-05-20 09:37:59,0.29,0.7631,50,0.28,0.7368,1213,0.28,0.7368,1,0.285,0.75,803,0
SPY190522C288,2019-05-20,2019-05-20 09:38:00,0.29,0.7631,1,0.28,0.7368,2435,0.28,0.7368,1,0.285,0.75,803,0
SPY190522C288,2019-05-20,2019-05-20 09:38:01,0.29,0.7631,1,0.28,0.7368,1422,0.28,0.7368,1,0.285,0.75,803,0
SPY190522C288,2019-05-20,2019-05-20 09:38:02,0.29,0.7631,1,0.28,0.7368,2373,0.28,0.7368,1,0.285,0.75,803,0
SPY190522C288,2019-05-20,2019-05-20 09:38:04,0.29,0.7631,994,0.27,0.7105,605,0.28,0.7368,1,0.28,0.7368,803,0
SPY190522C288,2019-05-20,2019-05-20 09:38:05,0.29,0.7631,909,0.27,0.7105,664,0.29,0.7631,1,0.28,0.7368,804,1
SPY190522C288,2019-05-20,2019-05-20 09:38:06,0.28,0.7368,207,0.27,0.7105,978,0.29,0.7631,1,0.275,0.7236,804,0
SPY190522C288,2019-05-20,2019-05-20 09:38:07,0.28,0.7368,231,0.27,0.7105,781,0.29,0.7631,1,0.275,0.7236,804,0
SPY190522C288,2019-05-20,2019-05-20 09:38:08,0.28,0.7368,286,0.27,0.7105,323,0.29,0.7631,1,0.275,0.7236,804,0
SPY190522C288,2019-05-20,2019-05-20 09:38:09,0.28,0.7368,287,0.27,0.7105,323,0.29,0.7631,1,0.275,0.7236,804,0
SPY190522C288,2019-05-20,2019-05-20 09:38:10,0.28,0.7368,426,0.27,0.7105,180,0.29,0.7631,1,0.275,0.7236,804,0
SPY190522C288,2019-05-20,2019-05-20 09:38:12,0.28,0.7368,1875,0.26,0.6842,208,0.29,0.7631,1,0.27,0.7105,804,0
SPY190522C288,2019-05-20,2019-05-20 09:38:13,0.27,0.7105,331,0.26,0.6842,50,0.28,0.7368,1,0.265,0.6973,815,11
SPY190522C288,2019-05-20,2019-05-20 09:38:14,0.27,0.7105,365,0.26,0.6842,180,0.28,0.7368,1,0.265,0.6973,815,0
SPY190522C288,2019-05-20,2019-05-20 09:38:15,0.27,0.7105,381,0.26,0.6842,600,0.28,0.7368,1,0.265,0.6973,815,0
SPY190522C288,2019-05-20,2019-05-20 09:38:16,0.27,0.7105,279,0.26,0.6842,50,0.27,0.7105,20,0.265,0.6973,835,20
SPY190522C288,2019-05-20,2019-05-20 09:38:18,0.28,0.7368,801,0.27,0.7105,1,0.27,0.7105,20,0.275,0.7236,835,0
SPY190522C288,2019-05-20,2019-05-20 09:38:19,0.28,0.7368,1591,0.27,0.7105,1,0.27,0.7105,20,0.275,0.7236,835,0
SPY190522C288,2019-05-20,2019-05-20 09:38:20,0.27,0.7105,665,0.26,0.6842,80,0.27,0.7105,1,0.265,0.6973,836,1
SPY190522C288,2019-05-20,2019-05-20 09:38:21,0.27,0.7105,380,0.26,0.6842,100,0.27,0.7105,1,0.265,0.6973,836,0
SPY190522C288,2019-05-20,2019-05-20 09:38:23,0.27,0.7105,1710,0.26,0.6842,50,0.27,0.7105,1,0.265,0.6973,836,0
SPY190522C288,2019-05-20,2019-05-20 09:38:24,0.27,0.7105,1195,0.26,0.6842,1,0.26,0.6842,2,0.265,0.6973,838,2
SPY190522C288,2019-05-20,2019-05-20 09:38:25,0.27,0.7105,1731,0.25,0.6578,2128,0.26,0.6842,2,0.26,0.6842,838,0
SPY190522C288,2019-05-20,2019-05-20 09:38:26,0.27,0.7105,1117,0.25,0.6578,2022,0.26,0.6842,2,0.26,0.6842,838,0
SPY190522C288,2019-05-20,2019-05-20 09:38:28,0.27,0.7105,1277,0.25,0.6578,2319,0.26,0.6842,2,0.26,0.6842,838,0
SPY190522C288,2019-05-20,2019-05-20 09:38:28,0.27,0.7105,1422,0.25,0.6578,2319,0.26,0.6842,2,0.26,0.6842,838,0
SPY190522C288,2019-05-20,2019-05-20 09:38:30,0.26,0.6842,14,0.25,0.6578,2319,0.26,0.6842,2,0.255,0.671,838,0
SPY190522C288,2019-05-20,2019-05-20 09:38:31,0.26,0.6842,4,0.25,0.6578,1401,0.26,0.6842,2,0.255,0.671,838,0
SPY190522C288,2019-05-20,2019-05-20 09:38:33,0.26,0.6842,131,0.25,0.6578,1585,0.25,0.6578,10,0.255,0.671,848,10
SPY190522C288,2019-05-20,2019-05-20 09:38:34,0.26,0.6842,130,0.25,0.6578,940,0.25,0.6578,3,0.255,0.671,851,3
SPY190522C288,2019-05-20,2019-05-20 09:38:35,0.26,0.6842,145,0.25,0.6578,1106,0.25,0.6578,4,0.255,0.671,855,4
SPY190522C288,2019-05-20,2019-05-20 09:38:37,0.26,0.6842,686,0.25,0.6578,240,0.25,0.6578,4,0.255,0.671,855,0
SPY190522C288,2019-05-20,2019-05-20 09:38:38,0.26,0.6842,454,0.25,0.6578,751,0.25,0.6578,4,0.255,0.671,855,0
SPY190522C288,2019-05-20,2019-05-20 09:38:39,0.27,0.7105,2298,0.25,0.6578,1530,0.26,0.6842,1,0.26,0.6842,863,8
SPY190522C288,2019-05-20,2019-05-20 09:38:40,0.26,0.6842,350,0.25,0.6578,351,0.26,0.6842,1,0.255,0.671,863,0
SPY190522C288,2019-05-20,2019-05-20 09:38:42,0.26,0.6842,222,0.25,0.6578,1591,0.26,0.6842,1,0.255,0.671,863,0
SPY190522C288,2019-05-20,2019-05-20 09:38:43,0.26,0.6842,180,0.25,0.6578,1491,0.26,0.6842,1,0.255,0.671,863,0
SPY190522C288,2019-05-20,2019-05-20 09:38:45,0.26,0.6842,130,0.25,0.6578,1490,0.26,0.6842,1,0.255,0.671,863,0
SPY190522C288,2019-05-20,2019-05-20 09:38:46,0.26,0.6842,17,0.25,0.6578,1591,0.26,0.6842,1,0.255,0.671,863,0
SPY190522C288,2019-05-20,2019-05-20 09:38:48,0.26,0.6842,2,0.25,0.6578,2112,0.26,0.6842,1,0.255,0.671,863,0
SPY190522C288,2019-05-20,2019-05-20 09:38:49,0.26,0.6842,2,0.25,0.6578,2897,0.26,0.6842,1,0.255,0.671,863,0
SPY190522C288,2019-05-20,2019-05-20 09:38:51,0.28,0.7368,1054,0.26,0.6842,867,0.26,0.6842,1,0.27,0.7105,866,3
SPY190522C288,2019-05-20,2019-05-20 09:38:52,0.27,0.7105,288,0.26,0.6842,50,0.26,0.6842,1,0.265,0.6973,866,0
SPY190522C288,2019-05-20,2019-05-20 09:38:53,0.27,0.7105,3,0.26,0.6842,1695,0.26,0.6842,1,0.265,0.6973,866,0
SPY190522C288,2019-05-20,2019-05-20 09:38:55,0.27,0.7105,3,0.26,0.6842,1767,0.26,0.6842,1,0.265,0.6973,866,0
SPY190522C288,2019-05-20,2019-05-20 09:38:56,0.28,0.7368,1,0.27,0.7105,1620,0.27,0.7105,3,0.275,0.7236,869,3
SPY190522C288,2019-05-20,2019-05-20 09:38:57,0.29,0.7631,48,0.27,0.7105,2139,0.28,0.7368,1,0.28,0.7368,870,1
SPY190522C288,2019-05-20,2019-05-20 09:38:58,0.29,0.7631,743,0.28,0.7368,550,0.28,0.7368,1,0.285,0.75,870,0
SPY190522C288,2019-05-20,2019-05-20 09:38:59,0.29,0.7631,346,0.28,0.7368,264,0.28,0.7368,1,0.285,0.75,870,0
SPY190522C288,2019-05-20,2019-05-20 09:39:00,0.29,0.7631,170,0.28,0.7368,586,0.28,0.7368,1,0.285,0.75,870,0
SPY190522C288,2019-05-20,2019-05-20 09:39:01,0.29,0.7631,191,0.28,0.7368,766,0.28,0.7368,1,0.285,0.75,870,0
SPY190522C288,2019-05-20,2019-05-20 09:39:02,0.29,0.7631,240,0.28,0.7368,24,0.28,0.7368,1,0.285,0.75,870,0
SPY190522C288,2019-05-20,2019-05-20 09:39:04,0.29,0.7631,135,0.28,0.7368,171,0.28,0.7368,1,0.285,0.75,870,0
SPY190522C288,2019-05-20,2019-05-20 09:39:05,0.29,0.7631,185,0.28,0.7368,721,0.28,0.7368,1,0.285,0.75,870,0
SPY190522C288,2019-05-20,2019-05-20 09:39:07,0.28,0.7368,103,0.27,0.7105,601,0.28,0.7368,1,0.275,0.7236,870,0
SPY190522C288,2019-05-20,2019-05-20 09:39:08,0.28,0.7368,85,0.27,0.7105,35,0.28,0.7368,1,0.275,0.7236,870,0
SPY190522C288,2019-05-20,2019-05-20 09:39:10,0.28,0.7368,1182,0.27,0.7105,85,0.27,0.7105,6,0.275,0.7236,890,20
SPY190522C288,2019-05-20,2019-05-20 09:39:11,0.28,0.7368,1878,0.27,0.7105,80,0.27,0.7105,6,0.275,0.7236,890,0
SPY190522C288,2019-05-20,2019-05-20 09:39:13,0.28,0.7368,764,0.26,0.6842,791,0.27,0.7105,3,0.27,0.7105,903,13
SPY190522C288,2019-05-20,2019-05-20 09:39:14,0.28,0.7368,85,0.27,0.7105,380,0.27,0.7105,3,0.275,0.7236,903,0
SPY190522C288,2019-05-20,2019-05-20 09:39:16,0.28,0.7368,1944,0.27,0.7105,80,0.27,0.7105,3,0.275,0.7236,903,0
SPY190522C288,2019-05-20,2019-05-20 09:39:18,0.28,0.7368,198,0.27,0.7105,216,0.27,0.7105,3,0.275,0.7236,903,0
SPY190522C288,2019-05-20,2019-05-20 09:39:20,0.28,0.7368,198,0.27,0.7105,216,0.27,0.7105,3,0.275,0.7236,903,0
SPY190522C288,2019-05-20,2019-05-20 09:39:21,0.28,0.7368,198,0.27,0.7105,1241,0.27,0.7105,3,0.275,0.7236,903,0
SPY190522C288,2019-05-20,2019-05-20 09:39:23,0.28,0.7368,213,0.27,0.7105,1310,0.27,0.7105,3,0.275,0.7236,903,0
SPY190522C288,2019-05-20,2019-05-20 09:39:25,0.28,0.7368,210,0.27,0.7105,721,0.28,0.7368,1,0.275,0.7236,904,1
SPY190522C288,2019-05-20,2019-05-20 09:39:26,0.28,0.7368,330,0.27,0.7105,181,0.28,0.7368,1,0.275,0.7236,904,0
SPY190522C288,2019-05-20,2019-05-20 09:39:28,0.28,0.7368,1880,0.27,0.7105,3,0.28,0.7368,1,0.275,0.7236,904,0
SPY190522C288,2019-05-20,2019-05-20 09:39:29,0.28,0.7368,1956,0.27,0.7105,3,0.28,0.7368,1,0.275,0.7236,904,0
SPY190522C288,2019-05-20,2019-05-20 09:39:31,0.27,0.7105,1,0.26,0.6842,2140,0.27,0.7105,1,0.265,0.6973,908,4
SPY190522C288,2019-05-20,2019-05-20 09:39:32,0.28,0.7368,2877,0.26,0.6842,2140,0.28,0.7368,9,0.27,0.7105,938,30
SPY190522C288,2019-05-20,2019-05-20 09:39:34,0.28,0.7368,1197,0.26,0.6842,1432,0.28,0.7368,9,0.27,0.7105,938,0
SPY190522C288,2019-05-20,2019-05-20 09:39:36,0.28,0.7368,1505,0.26,0.6842,2755,0.28,0.7368,9,0.27,0.7105,938,0
SPY190522C288,2019-05-20,2019-05-20 09:39:38,0.28,0.7368,438,0.26,0.6842,2322,0.28,0.7368,9,0.27,0.7105,938,0
SPY190522C288,2019-05-20,2019-05-20 09:39:40,0.28,0.7368,1159,0.27,0.7105,550,0.28,0.7368,9,0.275,0.7236,938,0
SPY190522C288,2019-05-20,2019-05-20 09:39:41,0.28,0.7368,229,0.27,0.7105,721,0.27,0.7105,10,0.275,0.7236,948,10
SPY190522C288,2019-05-20,2019-05-20 09:39:43,0.29,0.7631,50,0.28,0.7368,1898,0.27,0.7105,10,0.285,0.75,948,0
SPY190522C288,2019-05-20,2019-05-20 09:39:44,0.29,0.7631,50,0.28,0.7368,2161,0.29,0.7631,2,0.285,0.75,950,2
SPY190522C288,2019-05-20,2019-05-20 09:39:46,0.29,0.7631,1,0.28,0.7368,2714,0.28,0.7368,5,0.285,0.75,955,5
SPY190522C288,2019-05-20,2019-05-20 09:39:48,0.31,0.8157,2392,0.29,0.7631,1334,0.29,0.7631,1,0.3,0.7894,957,2
SPY190522C288,2019-05-20,2019-05-20 09:39:49,0.3,0.7894,92,0.29,0.7631,910,0.29,0.7631,20,0.295,0.7763,977,20
SPY190522C288,2019-05-20,2019-05-20 09:39:50,0.3,0.7894,654,0.28,0.7368,918,0.29,0.7631,20,0.29,0.7631,977,0
SPY190522C288,2019-05-20,2019-05-20 09:39:52,0.29,0.7631,585,0.27,0.7105,1234,0.29,0.7631,20,0.28,0.7368,977,0
SPY190522C288,2019-05-20,2019-05-20 09:39:54,0.29,0.7631,2809,0.28,0.7368,50,0.28,0.7368,2,0.285,0.75,979,2
SPY190522C288,2019-05-20,2019-05-20 09:39:55,0.28,0.7368,180,0.27,0.7105,1640,0.28,0.7368,2,0.275,0.7236,979,0
SPY190522C288,2019-05-20,2019-05-20 09:39:56,0.28,0.7368,180,0.26,0.6842,1592,0.28,0.7368,2,0.27,0.7105,979,0
SPY190522C288,2019-05-20,2019-05-20 09:39:58,0.28,0.7368,1493,0.27,0.7105,80,0.28,0.7368,2,0.275,0.7236,979,0
SPY190522C288,2019-05-20,2019-05-20 09:39:59,0.27,0.7105,395,0.26,0.6842,550,0.28,0.7368,2,0.265,0.6973,979,0
SPY190522C288,2019-05-20,2019-05-20 09:40:00,0.27,0.7105,395,0.26,0.6842,731,0.27,0.7105,1,0.265,0.6973,980,1
SPY190522C288,2019-05-20,2019-05-20 09:40:01,0.28,0.7368,1152,0.26,0.6842,769,0.27,0.7105,1,0.27,0.7105,980,0
SPY190522C288,2019-05-20,2019-05-20 09:40:02,0.28,0.7368,1073,0.26,0.6842,1844,0.27,0.7105,1,0.27,0.7105,980,0
SPY190522C288,2019-05-20,2019-05-20 09:40:03,0.28,0.7368,1191,0.26,0.6842,1190,0.27,0.7105,1,0.27,0.7105,980,0
SPY190522C288,2019-05-20,2019-05-20 09:40:04,0.28,0.7368,373,0.27,0.7105,1091,0.27,0.7105,1,0.275,0.7236,980,0
SPY190522C288,2019-05-20,2019-05-20 09:40:05,0.28,0.7368,373,0.27,0.7105,1091,0.27,0.7105,1,0.275,0.7236,980,0
SPY190522C288,2019-05-20,2019-05-20 09:40:06,0.28,0.7368,604,0.26,0.6842,1644,0.27,0.7105,1,0.27,0.7105,980,0
SPY190522C288,2019-05-20,2019-05-20 09:40:07,0.28,0.7368,1763,0.26,0.6842,1686,0.27,0.7105,1,0.27,0.7105,980,0
SPY190522C288,2019-05-20,2019-05-20 09:40:08,0.28,0.7368,1607,0.26,0.6842,1884,0.27,0.7105,1,0.27,0.7105,980,0
SPY190522C288,2019-05-20,2019-05-20 09:40:09,0.28,0.7368,1796,0.27,0.7105,80,0.27,0.7105,1,0.275,0.7236,980,0
SPY190522C288,2019-05-20,2019-05-20 09:40:10,0.28,0.7368,1780,0.27,0.7105,80,0.27,0.7105,1,0.275,0.7236,980,0
SPY190522C288,2019-05-20,2019-05-20 09:40:11,0.28,0.7368,2145,0.26,0.6842,3077,0.27,0.7105,1,0.27,0.7105,980,0
SPY190522C288,2019-05-20,2019-05-20 09:40:12,0.28,0.7368,2521,0.26,0.6842,2369,0.27,0.7105,1,0.27,0.7105,980,0
SPY190522C288,2019-05-20,2019-05-20 09:40:13,0.28,0.7368,2158,0.26,0.6842,2761,0.27,0.7105,1,0.27,0.7105,980,0
SPY190522C288,2019-05-20,2019-05-20 09:40:14,0.28,0.7368,1371,0.27,0.7105,80,0.28,0.7368,1,0.275,0.7236,981,1
SPY190522C288,2019-05-20,2019-05-20 09:40:15,0.28,0.7368,1372,0.26,0.6842,1873,0.28,0.7368,1,0.27,0.7105,981,0
SPY190522C288,2019-05-20,2019-05-20 09:40:16,0.28,0.7368,1918,0.26,0.6842,2498,0.26,0.6842,1,0.27,0.7105,982,1
SPY190522C288,2019-05-20,2019-05-20 09:40:17,0.28,0.7368,1372,0.26,0.6842,1417,0.26,0.6842,1,0.27,0.7105,982,0
SPY190522C288,2019-05-20,2019-05-20 09:40:18,0.28,0.7368,2680,0.26,0.6842,1717,0.26,0.6842,1,0.27,0.7105,982,0
SPY190522C288,2019-05-20,2019-05-20 09:40:19,0.28,0.7368,93,0.27,0.7105,485,0.26,0.6842,1,0.275,0.7236,982,0
SPY190522C288,2019-05-20,2019-05-20 09:40:20,0.28,0.7368,127,0.27,0.7105,1361,0.26,0.6842,1,0.275,0.7236,982,0
SPY190522C288,2019-05-20,2019-05-20 09:40:21,0.28,0.7368,40,0.27,0.7105,905,0.26,0.6842,1,0.275,0.7236,982,0
SPY190522C288,2019-05-20,2019-05-20 09:40:22,0.28,0.7368,40,0.27,0.7105,1906,0.26,0.6842,1,0.275,0.7236,982,0
SPY190522C288,2019-05-20,2019-05-20 09:40:23,0.28,0.7368,40,0.27,0.7105,2492,0.26,0.6842,1,0.275,0.7236,982,0
SPY190522C288,2019-05-20,2019-05-20 09:40:24,0.28,0.7368,40,0.27,0.7105,3363,0.26,0.6842,1,0.275,0.7236,982,0
SPY190522C288,2019-05-20,2019-05-20 09:40:25,0.28,0.7368,40,0.27,0.7105,3363,0.26,0.6842,1,0.275,0.7236,982,0
SPY190522C288,2019-05-20,2019-05-20 09:40:26,0.28,0.7368,40,0.27,0.7105,2244,0.26,0.6842,1,0.275,0.7236,982,0
SPY190522C288,2019-05-20,2019-05-20 09:40:27,0.28,0.7368,133,0.27,0.7105,1318,0.26,0.6842,1,0.275,0.7236,982,0
SPY190522C288,2019-05-20,2019-05-20 09:40:28,0.28,0.7368,142,0.27,0.7105,2112,0.26,0.6842,1,0.275,0.7236,982,0
SPY190522C288,2019-05-20,2019-05-20 09:40:29,0.28,0.7368,127,0.27,0.7105,608,0.26,0.6842,1,0.275,0.7236,982,0
SPY190522C288,2019-05-20,2019-05-20 09:40:30,0.28,0.7368,50,0.27,0.7105,670,0.26,0.6842,1,0.275,0.7236,982,0
SPY190522C288,2019-05-20,2019-05-20 09:40:31,0.28,0.7368,40,0.27,0.7105,2124,0.26,0.6842,1,0.275,0.7236,982,0
SPY190522C288,2019-05-20,2019-05-20 09:40:32,0.28,0.7368,40,0.27,0.7105,1610,0.26,0.6842,1,0.275,0.7236,982,0
SPY190522C288,2019-05-20,2019-05-20 09:40:33,0.28,0.7368,40,0.27,0.7105,3457,0.26,0.6842,1,0.275,0.7236,982,0
SPY190522C288,2019-05-20,2019-05-20 09:40:34,0.28,0.7368,40,0.27,0.7105,2699,0.26,0.6842,1,0.275,0.7236,982,0
SPY190522C288,2019-05-20,2019-05-20 09:40:35,0.28,0.7368,190,0.27,0.7105,2464,0.26,0.6842,1,0.275,0.7236,982,0
SPY190522C288,2019-05-20,2019-05-20 09:40:36,0.28,0.7368,40,0.27,0.7105,2615,0.26,0.6842,1,0.275,0.7236,982,0
SPY190522C288,2019-05-20,2019-05-20 09:40:37,0.28,0.7368,40,0.27,0.7105,3132,0.26,0.6842,1,0.275,0.7236,982,0
SPY190522C288,2019-05-20,2019-05-20 09:40:38,0.28,0.7368,40,0.27,0.7105,3359,0.26,0.6842,1,0.275,0.7236,982,0
SPY190522C288,2019-05-20,2019-05-20 09:40:39,0.28,0.7368,40,0.27,0.7105,1698,0.26,0.6842,1,0.275,0.7236,982,0
SPY190522C288,2019-05-20,2019-05-20 09:40:40,0.28,0.7368,40,0.27,0.7105,843,0.26,0.6842,1,0.275,0.7236,982,0
SPY190522C288,2019-05-20,2019-05-20 09:40:41,0.28,0.7368,645,0.27,0.7105,2247,0.28,0.7368,1,0.275,0.7236,983,1
SPY190522C288,2019-05-20,2019-05-20 09:40:42,0.28,0.7368,61,0.27,0.7105,344,0.28,0.7368,1,0.275,0.7236,983,0
SPY190522C288,2019-05-20,2019-05-20 09:40:43,0.28,0.7368,86,0.27,0.7105,1803,0.28,0.7368,7,0.275,0.7236,990,7
SPY190522C288,2019-05-20,2019-05-20 09:40:44,0.28,0.7368,40,0.27,0.7105,2184,0.28,0.7368,7,0.275,0.7236,990,0
SPY190522C288,2019-05-20,2019-05-20 09:40:45,0.28,0.7368,40,0.27,0.7105,910,0.27,0.7105,2,0.275,0.7236,992,2
SPY190522C288,2019-05-20,2019-05-20 09:40:46,0.28,0.7368,65,0.27,0.7105,2316,0.27,0.7105,2,0.275,0.7236,992,0
SPY190522C288,2019-05-20,2019-05-20 09:40:47,0.28,0.7368,80,0.27,0.7105,1278,0.27,0.7105,2,0.275,0.7236,992,0
SPY190522C288,2019-05-20,2019-05-20 09:40:48,0.28,0.7368,138,0.27,0.7105,2027,0.27,0.7105,2,0.275,0.7236,992,0
SPY190522C288,2019-05-20,2019-05-20 09:40:49,0.28,0.7368,40,0.27,0.7105,2480,0.27,0.7105,2,0.275,0.7236,992,0
SPY190522C288,2019-05-20,2019-05-20 09:40:50,0.28,0.7368,40,0.27,0.7105,2480,0.27,0.7105,2,0.275,0.7236,992,0
SPY190522C288,2019-05-20,2019-05-20 09:40:51,0.28,0.7368,50,0.27,0.7105,1080,0.27,0.7105,2,0.275,0.7236,992,0
SPY190522C288,2019-05-20,2019-05-20 09:40:52,0.28,0.7368,90,0.27,0.7105,1762,0.27,0.7105,2,0.275,0.7236,992,0
SPY190522C288,2019-05-20,2019-05-20 09:40:53,0.28,0.7368,40,0.27,0.7105,2264,0.27,0.7105,2,0.275,0.7236,992,0
SPY190522C288,2019-05-20,2019-05-20 09:40:54,0.28,0.7368,721,0.27,0.7105,170,0.27,0.7105,1,0.275,0.7236,994,2
SPY190522C288,2019-05-20,2019-05-20 09:40:55,0.28,0.7368,827,0.27,0.7105,170,0.27,0.7105,1,0.275,0.7236,994,0
SPY190522C288,2019-05-20,2019-05-20 09:40:56,0.28,0.7368,406,0.27,0.7105,208,0.27,0.7105,1,0.275,0.7236,994,0
SPY190522C288,2019-05-20,2019-05-20 09:40:57,0.28,0.7368,480,0.27,0.7105,350,0.27,0.7105,1,0.275,0.7236,994,0
SPY190522C288,2019-05-20,2019-05-20 09:40:58,0.28,0.7368,85,0.27,0.7105,2529,0.27,0.7105,1,0.275,0.7236,994,0
SPY190522C288,2019-05-20,2019-05-20 09:40:59,0.28,0.7368,40,0.27,0.7105,1373,0.27,0.7105,1,0.275,0.7236,994,0
SPY190522C288,2019-05-20,2019-05-20 09:41:00,0.29,0.7631,121,0.28,0.7368,470,0.28,0.7368,1,0.285,0.75,1034,40
SPY190522C288,2019-05-20,2019-05-20 09:41:01,0.29,0.7631,249,0.28,0.7368,686,0.28,0.7368,1,0.285,0.75,1034,0
SPY190522C288,2019-05-20,2019-05-20 09:41:02,0.29,0.7631,249,0.28,0.7368,1484,0.28,0.7368,2,0.285,0.75,1036,2
SPY190522C288,2019-05-20,2019-05-20 09:41:03,0.29,0.7631,249,0.28,0.7368,1009,0.28,0.7368,2,0.285,0.75,1036,0
SPY190522C288,2019-05-20,2019-05-20 09:41:04,0.29,0.7631,346,0.28,0.7368,403,0.28,0.7368,2,0.285,0.75,1036,0
SPY190522C288,2019-05-20,2019-05-20 09:41:05,0.29,0.7631,256,0.28,0.7368,1055,0.28,0.7368,2,0.285,0.75,1036,0
SPY190522C288,2019-05-20,2019-05-20 09:41:06,0.29,0.7631,249,0.28,0.7368,1413,0.28,0.7368,2,0.285,0.75,1036,0
SPY190522C288,2019-05-20,2019-05-20 09:41:07,0.29,0.7631,266,0.28,0.7368,970,0.28,0.7368,2,0.285,0.75,1036,0
SPY190522C288,2019-05-20,2019-05-20 09:41:08,0.29,0.7631,226,0.28,0.7368,1317,0.28,0.7368,2,0.285,0.75,1036,0
SPY190522C288,2019-05-20,2019-05-20 09:41:09,0.29,0.7631,147,0.28,0.7368,1317,0.28,0.7368,2,0.285,0.75,1036,0
SPY190522C288,2019-05-20,2019-05-20 09:41:10,0.29,0.7631,35,0.28,0.7368,1792,0.28,0.7368,2,0.285,0.75,1036,0
SPY190522C288,2019-05-20,2019-05-20 09:41:11,0.3,0.7894,2329,0.29,0.7631,180,0.28,0.7368,2,0.295,0.7763,1036,0
SPY190522C288,2019-05-20,2019-05-20 09:41:12,0.3,0.7894,549,0.29,0.7631,180,0.28,0.7368,2,0.295,0.7763,1036,0
SPY190522C288,2019-05-20,2019-05-20 09:41:13,0.3,0.7894,144,0.29,0.7631,728,0.28,0.7368,2,0.295,0.7763,1036,0
SPY190522C288,2019-05-20,2019-05-20 09:41:14,0.3,0.7894,305,0.29,0.7631,1423,0.28,0.7368,2,0.295,0.7763,1036,0
SPY190522C288,2019-05-20,2019-05-20 09:41:15,0.3,0.7894,341,0.29,0.7631,840,0.28,0.7368,2,0.295,0.7763,1036,0
SPY190522C288,2019-05-20,2019-05-20 09:41:16,0.3,0.7894,409,0.29,0.7631,1251,0.28,0.7368,2,0.295,0.7763,1036,0
SPY190522C288,2019-05-20,2019-05-20 09:41:17,0.3,0.7894,321,0.29,0.7631,840,0.29,0.7631,10,0.295,0.7763,1036,0
SPY190522C288,2019-05-20,2019-05-20 09:41:17,0.3,0.7894,409,0.29,0.7631,840,0.28,0.7368,2,0.295,0.7763,1036,0
SPY190522C288,2019-05-20,2019-05-20 09:41:18,0.3,0.7894,406,0.29,0.7631,840,0.29,0.7631,10,0.295,0.7763,1046,10
SPY190522C288,2019-05-20,2019-05-20 09:41:19,0.3,0.7894,321,0.29,0.7631,752,0.29,0.7631,10,0.295,0.7763,1046,0
SPY190522C288,2019-05-20,2019-05-20 09:41:20,0.31,0.8157,2061,0.29,0.7631,581,0.29,0.7631,10,0.3,0.7894,1046,0
SPY190522C288,2019-05-20,2019-05-20 09:41:21,0.31,0.8157,1414,0.29,0.7631,648,0.29,0.7631,10,0.3,0.7894,1046,0
SPY190522C288,2019-05-20,2019-05-20 09:41:22,0.31,0.8157,3448,0.29,0.7631,2198,0.3,0.7894,1,0.3,0.7894,1047,1
SPY190522C288,2019-05-20,2019-05-20 09:41:23,0.31,0.8157,3448,0.29,0.7631,2198,0.3,0.7894,1,0.3,0.7894,1047,0
SPY190522C288,2019-05-20,2019-05-20 09:41:24,0.31,0.8157,1645,0.29,0.7631,816,0.3,0.7894,1,0.3,0.7894,1047,0
SPY190522C288,2019-05-20,2019-05-20 09:41:25,0.31,0.8157,422,0.3,0.7894,170,0.3,0.7894,1,0.305,0.8026,1047,0
SPY190522C288,2019-05-20,2019-05-20 09:41:26,0.31,0.8157,323,0.29,0.7631,929,0.3,0.7894,1,0.3,0.7894,1047,0
SPY190522C288,2019-05-20,2019-05-20 09:41:27,0.31,0.8157,1209,0.29,0.7631,2691,0.3,0.7894,1,0.3,0.7894,1047,0
SPY190522C288,2019-05-20,2019-05-20 09:41:28,0.31,0.8157,1897,0.3,0.7894,50,0.3,0.7894,1,0.305,0.8026,1051,4
SPY190522C288,2019-05-20,2019-05-20 09:41:29,0.31,0.8157,2942,0.29,0.7631,1866,0.3,0.7894,1,0.3,0.7894,1051,0
SPY190522C288,2019-05-20,2019-05-20 09:41:30,0.31,0.8157,2196,0.29,0.7631,1150,0.3,0.7894,1,0.3,0.7894,1051,0
SPY190522C288,2019-05-20,2019-05-20 09:41:31,0.31,0.8157,3095,0.29,0.7631,1052,0.31,0.8157,1,0.3,0.7894,1052,1
SPY190522C288,2019-05-20,2019-05-20 09:41:31,0.31,0.8157,3914,0.29,0.7631,1506,0.31,0.8157,1,0.3,0.7894,1052,0
SPY190522C288,2019-05-20,2019-05-20 09:41:32,0.3,0.7894,726,0.29,0.7631,262,0.31,0.8157,1,0.295,0.7763,1052,0
SPY190522C288,2019-05-20,2019-05-20 09:41:33,0.3,0.7894,226,0.29,0.7631,1397,0.31,0.8157,1,0.295,0.7763,1052,0
SPY190522C288,2019-05-20,2019-05-20 09:41:34,0.3,0.7894,196,0.29,0.7631,432,0.31,0.8157,1,0.295,0.7763,1052,0
SPY190522C288,2019-05-20,2019-05-20 09:41:35,0.3,0.7894,226,0.29,0.7631,1510,0.3,0.7894,2,0.295,0.7763,1054,2
SPY190522C288,2019-05-20,2019-05-20 09:41:36,0.3,0.7894,226,0.29,0.7631,1208,0.3,0.7894,2,0.295,0.7763,1054,0
SPY190522C288,2019-05-20,2019-05-20 09:41:37,0.3,0.7894,225,0.29,0.7631,454,0.3,0.7894,2,0.295,0.7763,1054,0
SPY190522C288,2019-05-20,2019-05-20 09:41:38,0.31,0.8157,2061,0.3,0.7894,50,0.3,0.7894,2,0.305,0.8026,1054,0
SPY190522C288,2019-05-20,2019-05-20 09:41:39,0.31,0.8157,2147,0.3,0.7894,50,0.3,0.7894,2,0.305,0.8026,1054,0
SPY190522C288,2019-05-20,2019-05-20 09:41:40,0.31,0.8157,1998,0.3,0.7894,50,0.3,0.7894,2,0.305,0.8026,1054,0
SPY190522C288,2019-05-20,2019-05-20 09:41:41,0.31,0.8157,2236,0.3,0.7894,50,0.3,0.7894,2,0.305,0.8026,1054,0
SPY190522C288,2019-05-20,2019-05-20 09:41:42,0.31,0.8157,1649,0.3,0.7894,50,0.3,0.7894,2,0.305,0.8026,1054,0
SPY190522C288,2019-05-20,2019-05-20 09:41:43,0.31,0.8157,370,0.3,0.7894,180,0.3,0.7894,2,0.305,0.8026,1054,0
SPY190522C288,2019-05-20,2019-05-20 09:41:44,0.31,0.8157,272,0.3,0.7894,170,0.3,0.7894,2,0.305,0.8026,1054,0
SPY190522C288,2019-05-20,2019-05-20 09:41:45,0.31,0.8157,198,0.3,0.7894,230,0.3,0.7894,2,0.305,0.8026,1054,0
SPY190522C288,2019-05-20,2019-05-20 09:41:46,0.31,0.8157,212,0.3,0.7894,912,0.3,0.7894,2,0.305,0.8026,1054,0
SPY190522C288,2019-05-20,2019-05-20 09:41:47,0.31,0.8157,164,0.3,0.7894,1506,0.3,0.7894,2,0.305,0.8026,1054,0
SPY190522C288,2019-05-20,2019-05-20 09:41:48,0.31,0.8157,180,0.3,0.7894,424,0.3,0.7894,2,0.305,0.8026,1054,0
SPY190522C288,2019-05-20,2019-05-20 09:41:49,0.31,0.8157,1084,0.3,0.7894,80,0.3,0.7894,2,0.305,0.8026,1054,0
SPY190522C288,2019-05-20,2019-05-20 09:41:50,0.31,0.8157,1533,0.3,0.7894,193,0.3,0.7894,2,0.305,0.8026,1054,0
SPY190522C288,2019-05-20,2019-05-20 09:41:51,0.31,0.8157,286,0.3,0.7894,573,0.3,0.7894,2,0.305,0.8026,1054,0
SPY190522C288,2019-05-20,2019-05-20 09:41:52,0.31,0.8157,50,0.3,0.7894,808,0.3,0.7894,2,0.305,0.8026,1054,0
SPY190522C288,2019-05-20,2019-05-20 09:41:53,0.31,0.8157,2,0.3,0.7894,550,0.3,0.7894,2,0.305,0.8026,1054,0
SPY190522C288,2019-05-20,2019-05-20 09:41:54,0.31,0.8157,1098,0.3,0.7894,550,0.3,0.7894,2,0.305,0.8026,1054,0
SPY190522C288,2019-05-20,2019-05-20 09:41:55,0.31,0.8157,1779,0.3,0.7894,25,0.3,0.7894,2,0.305,0.8026,1054,0
SPY190522C288,2019-05-20,2019-05-20 09:41:56,0.31,0.8157,3196,0.3,0.7894,25,0.3,0.7894,2,0.305,0.8026,1054,0
SPY190522C288,2019-05-20,2019-05-20 09:41:57,0.31,0.8157,2428,0.3,0.7894,551,0.3,0.7894,2,0.305,0.8026,1054,0
SPY190522C288,2019-05-20,2019-05-20 09:41:58,0.31,0.8157,2531,0.3,0.7894,550,0.3,0.7894,2,0.305,0.8026,1054,0
SPY190522C288,2019-05-20,2019-05-20 09:41:59,0.31,0.8157,2593,0.3,0.7894,550,0.3,0.7894,2,0.305,0.8026,1054,0
SPY190522C288,2019-05-20,2019-05-20 09:42:00,0.31,0.8157,2593,0.3,0.7894,25,0.3,0.7894,2,0.305,0.8026,1054,0
SPY190522C288,2019-05-20,2019-05-20 09:42:01,0.31,0.8157,2142,0.3,0.7894,25,0.3,0.7894,2,0.305,0.8026,1054,0
SPY190522C288,2019-05-20,2019-05-20 09:42:02,0.3,0.7894,787,0.29,0.7631,550,0.3,0.7894,25,0.295,0.7763,1079,25
SPY190522C288,2019-05-20,2019-05-20 09:42:03,0.3,0.7894,788,0.28,0.7368,668,0.3,0.7894,25,0.29,0.7631,1079,0
SPY190522C288,2019-05-20,2019-05-20 09:42:04,0.31,0.8157,193,0.29,0.7631,828,0.3,0.7894,25,0.3,0.7894,1079,0
SPY190522C288,2019-05-20,2019-05-20 09:42:05,0.3,0.7894,240,0.29,0.7631,550,0.3,0.7894,25,0.295,0.7763,1079,0
SPY190522C288,2019-05-20,2019-05-20 09:42:06,0.3,0.7894,148,0.29,0.7631,563,0.3,0.7894,25,0.295,0.7763,1079,0
SPY190522C288,2019-05-20,2019-05-20 09:42:07,0.3,0.7894,57,0.29,0.7631,857,0.3,0.7894,25,0.295,0.7763,1079,0
SPY190522C288,2019-05-20,2019-05-20 09:42:09,0.31,0.8157,1646,0.3,0.7894,550,0.3,0.7894,1,0.305,0.8026,1082,3
SPY190522C288,2019-05-20,2019-05-20 09:42:10,0.31,0.8157,1576,0.3,0.7894,550,0.3,0.7894,1,0.305,0.8026,1082,0
SPY190522C288,2019-05-20,2019-05-20 09:42:11,0.3,0.7894,100,0.29,0.7631,814,0.3,0.7894,1,0.295,0.7763,1082,0
SPY190522C288,2019-05-20,2019-05-20 09:42:12,0.3,0.7894,255,0.28,0.7368,901,0.3,0.7894,1,0.29,0.7631,1082,0
SPY190522C288,2019-05-20,2019-05-20 09:42:14,0.3,0.7894,100,0.29,0.7631,51,0.3,0.7894,1,0.295,0.7763,1082,0
SPY190522C288,2019-05-20,2019-05-20 09:42:15,0.31,0.8157,2521,0.29,0.7631,803,0.3,0.7894,1,0.3,0.7894,1082,0
SPY190522C288,2019-05-20,2019-05-20 09:42:16,0.31,0.8157,3176,0.29,0.7631,1303,0.3,0.7894,1,0.3,0.7894,1082,0
SPY190522C288,2019-05-20,2019-05-20 09:42:17,0.3,0.7894,170,0.29,0.7631,733,0.3,0.7894,1,0.295,0.7763,1082,0
SPY190522C288,2019-05-20,2019-05-20 09:42:18,0.3,0.7894,248,0.29,0.7631,733,0.3,0.7894,1,0.295,0.7763,1082,0
SPY190522C288,2019-05-20,2019-05-20 09:42:19,0.31,0.8157,1321,0.29,0.7631,2107,0.3,0.7894,1,0.3,0.7894,1082,0
SPY190522C288,2019-05-20,2019-05-20 09:42:20,0.31,0.8157,1613,0.29,0.7631,1378,0.3,0.7894,1,0.3,0.7894,1082,0
SPY190522C288,2019-05-20,2019-05-20 09:42:21,0.31,0.8157,3930,0.29,0.7631,1158,0.3,0.7894,1,0.3,0.7894,1082,0
SPY190522C288,2019-05-20,2019-05-20 09:42:22,0.31,0.8157,3930,0.29,0.7631,1158,0.3,0.7894,1,0.3,0.7894,1082,0
SPY190522C288,2019-05-20,2019-05-20 09:42:23,0.3,0.7894,198,0.29,0.7631,853,0.3,0.7894,1,0.295,0.7763,1082,0
SPY190522C288,2019-05-20,2019-05-20 09:42:24,0.31,0.8157,296,0.3,0.7894,551,0.3,0.7894,1,0.305,0.8026,1082,0
SPY190522C288,2019-05-20,2019-05-20 09:42:25,0.31,0.8157,2338,0.29,0.7631,1531,0.3,0.7894,1,0.3,0.7894,1082,0
SPY190522C288,2019-05-20,2019-05-20 09:42:26,0.31,0.8157,2990,0.29,0.7631,1737,0.3,0.7894,1,0.3,0.7894,1082,0
SPY190522C288,2019-05-20,2019-05-20 09:42:28,0.31,0.8157,926,0.3,0.7894,550,0.3,0.7894,1,0.305,0.8026,1082,0
SPY190522C288,2019-05-20,2019-05-20 09:42:29,0.31,0.8157,50,0.3,0.7894,776,0.3,0.7894,1,0.305,0.8026,1082,0
SPY190522C288,2019-05-20,2019-05-20 09:42:30,0.31,0.8157,180,0.3,0.7894,743,0.3,0.7894,1,0.305,0.8026,1082,0
SPY190522C288,2019-05-20,2019-05-20 09:42:31,0.31,0.8157,1,0.3,0.7894,551,0.3,0.7894,1,0.305,0.8026,1082,0
SPY190522C288,2019-05-20,2019-05-20 09:42:32,0.31,0.8157,2,0.3,0.7894,1620,0.3,0.7894,1,0.305,0.8026,1082,0
SPY190522C288,2019-05-20,2019-05-20 09:42:33,0.31,0.8157,2,0.3,0.7894,1579,0.3,0.7894,1,0.305,0.8026,1082,0
SPY190522C288,2019-05-20,2019-05-20 09:42:35,0.31,0.8157,2,0.3,0.7894,1743,0.3,0.7894,1,0.305,0.8026,1082,0
SPY190522C288,2019-05-20,2019-05-20 09:42:36,0.31,0.8157,1,0.3,0.7894,1222,0.3,0.7894,1,0.305,0.8026,1082,0
SPY190522C288,2019-05-20,2019-05-20 09:42:37,0.31,0.8157,1,0.3,0.7894,1720,0.3,0.7894,1,0.305,0.8026,1082,0
SPY190522C288,2019-05-20,2019-05-20 09:42:38,0.31,0.8157,1,0.3,0.7894,1114,0.3,0.7894,1,0.305,0.8026,1082,0
SPY190522C288,2019-05-20,2019-05-20 09:42:39,0.31,0.8157,1,0.3,0.7894,929,0.3,0.7894,1,0.305,0.8026,1082,0
SPY190522C288,2019-05-20,2019-05-20 09:42:40,0.33,0.8684,484,0.32,0.8421,500,0.32,0.8421,1,0.325,0.8552,1089,7
SPY190522C288,2019-05-20,2019-05-20 09:42:42,0.33,0.8684,986,0.32,0.8421,563,0.33,0.8684,1,0.325,0.8552,1090,1
SPY190522C288,2019-05-20,2019-05-20 09:42:43,0.33,0.8684,144,0.32,0.8421,183,0.33,0.8684,1,0.325,0.8552,1090,0
SPY190522C288,2019-05-20,2019-05-20 09:42:44,0.34,0.8947,3937,0.32,0.8421,742,0.33,0.8684,1,0.33,0.8684,1090,0
SPY190522C288,2019-05-20,2019-05-20 09:42:45,0.33,0.8684,1073,0.32,0.8421,682,0.33,0.8684,1,0.325,0.8552,1090,0
SPY190522C288,2019-05-20,2019-05-20 09:42:47,0.33,0.8684,170,0.32,0.8421,154,0.33,0.8684,1,0.325,0.8552,1090,0
SPY190522C288,2019-05-20,2019-05-20 09:42:48,0.34,0.8947,1689,0.32,0.8421,2048,0.33,0.8684,1,0.33,0.8684,1090,0
SPY190522C288,2019-05-20,2019-05-20 09:42:49,0.34,0.8947,2369,0.33,0.8684,25,0.33,0.8684,1,0.335,0.8815,1091,1
SPY190522C288,2019-05-20,2019-05-20 09:42:50,0.34,0.8947,1596,0.33,0.8684,562,0.33,0.8684,1,0.335,0.8815,1091,0
SPY190522C288,2019-05-20,2019-05-20 09:42:51,0.33,0.8684,2,0.32,0.8421,1959,0.33,0.8684,2,0.325,0.8552,1093,2
SPY190522C288,2019-05-20,2019-05-20 09:42:53,0.33,0.8684,55,0.32,0.8421,62,0.33,0.8684,2,0.325,0.8552,1093,0
SPY190522C288,2019-05-20,2019-05-20 09:42:54,0.33,0.8684,354,0.32,0.8421,62,0.33,0.8684,2,0.325,0.8552,1093,0
SPY190522C288,2019-05-20,2019-05-20 09:42:55,0.33,0.8684,1513,0.31,0.8157,1808,0.33,0.8684,2,0.32,0.8421,1093,0
SPY190522C288,2019-05-20,2019-05-20 09:42:57,0.33,0.8684,3503,0.31,0.8157,1333,0.33,0.8684,1,0.32,0.8421,1094,1
SPY190522C288,2019-05-20,2019-05-20 09:42:58,0.33,0.8684,1543,0.32,0.8421,550,0.33,0.8684,1,0.325,0.8552,1094,0
SPY190522C288,2019-05-20,2019-05-20 09:42:59,0.33,0.8684,2013,0.31,0.8157,563,0.33,0.8684,1,0.32,0.8421,1094,0
SPY190522C288,2019-05-20,2019-05-20 09:43:00,0.32,0.8421,50,0.31,0.8157,683,0.33,0.8684,1,0.315,0.8289,1094,0
SPY190522C288,2019-05-20,2019-05-20 09:43:01,0.33,0.8684,2761,0.31,0.8157,632,0.33,0.8684,1,0.32,0.8421,1094,0
SPY190522C288,2019-05-20,2019-05-20 09:43:02,0.33,0.8684,50,0.32,0.8421,512,0.33,0.8684,1,0.325,0.8552,1094,0
SPY190522C288,2019-05-20,2019-05-20 09:43:04,0.34,0.8947,206,0.33,0.8684,562,0.33,0.8684,1,0.335,0.8815,1094,0
SPY190522C288,2019-05-20,2019-05-20 09:43:05,0.34,0.8947,980,0.33,0.8684,563,0.33,0.8684,1,0.335,0.8815,1094,0
SPY190522C288,2019-05-20,2019-05-20 09:43:06,0.34,0.8947,1789,0.32,0.8421,1317,0.33,0.8684,1,0.33,0.8684,1094,0
SPY190522C288,2019-05-20,2019-05-20 09:43:08,0.33,0.8684,166,0.32,0.8421,442,0.33,0.8684,1,0.325,0.8552,1094,0
SPY190522C288,2019-05-20,2019-05-20 09:43:09,0.33,0.8684,80,0.32,0.8421,660,0.33,0.8684,1,0.325,0.8552,1094,0
SPY190522C288,2019-05-20,2019-05-20 09:43:11,0.33,0.8684,1400,0.32,0.8421,50,0.33,0.8684,1,0.325,0.8552,1094,0
SPY190522C288,2019-05-20,2019-05-20 09:43:12,0.33,0.8684,1549,0.31,0.8157,1856,0.33,0.8684,1,0.32,0.8421,1094,0
SPY190522C288,2019-05-20,2019-05-20 09:43:14,0.34,0.8947,962,0.32,0.8421,794,0.33,0.8684,1,0.33,0.8684,1094,0
SPY190522C288,2019-05-20,2019-05-20 09:43:15,0.33,0.8684,180,0.32,0.8421,682,0.33,0.8684,1,0.325,0.8552,1094,0
SPY190522C288,2019-05-20,2019-05-20 09:43:16,0.33,0.8684,170,0.32,0.8421,683,0.33,0.8684,1,0.325,0.8552,1094,0
SPY190522C288,2019-05-20,2019-05-20 09:43:18,0.33,0.8684,1616,0.32,0.8421,73,0.33,0.8684,1,0.325,0.8552,1094,0
SPY190522C288,2019-05-20,2019-05-20 09:43:19,0.34,0.8947,889,0.31,0.8157,193,0.32,0.8421,2,0.325,0.8552,1099,5
SPY190522C288,2019-05-20,2019-05-20 09:43:20,0.33,0.8684,490,0.32,0.8421,8,0.32,0.8421,2,0.325,0.8552,1099,0
SPY190522C288,2019-05-20,2019-05-20 09:43:22,0.33,0.8684,579,0.32,0.8421,1,0.32,0.8421,1,0.325,0.8552,1104,5
SPY190522C288,2019-05-20,2019-05-20 09:43:23,0.33,0.8684,1413,0.31,0.8157,2546,0.32,0.8421,1,0.32,0.8421,1104,0
SPY190522C288,2019-05-20,2019-05-20 09:43:24,0.32,0.8421,17,0.31,0.8157,2208,0.32,0.8421,1,0.315,0.8289,1104,0
SPY190522C288,2019-05-20,2019-05-20 09:43:25,0.33,0.8684,1925,0.31,0.8157,1393,0.32,0.8421,1,0.32,0.8421,1104,0
SPY190522C288,2019-05-20,2019-05-20 09:43:26,0.32,0.8421,50,0.31,0.8157,1680,0.32,0.8421,1,0.315,0.8289,1104,0
SPY190522C288,2019-05-20,2019-05-20 09:43:28,0.33,0.8684,1358,0.31,0.8157,563,0.32,0.8421,1,0.32,0.8421,1104,0
SPY190522C288,2019-05-20,2019-05-20 09:43:30,0.33,0.8684,1020,0.32,0.8421,1,0.32,0.8421,1,0.325,0.8552,1104,0
SPY190522C288,2019-05-20,2019-05-20 09:43:31,0.33,0.8684,1490,0.32,0.8421,1,0.32,0.8421,1,0.325,0.8552,1104,0
SPY190522C288,2019-05-20,2019-05-20 09:43:32,0.33,0.8684,1441,0.31,0.8157,976,0.32,0.8421,1,0.32,0.8421,1105,1
SPY190522C288,2019-05-20,2019-05-20 09:43:34,0.32,0.8421,217,0.31,0.8157,707,0.32,0.8421,1,0.315,0.8289,1105,0
SPY190522C288,2019-05-20,2019-05-20 09:43:35,0.32,0.8421,241,0.31,0.8157,670,0.31,0.8157,20,0.315,0.8289,1125,20
SPY190522C288,2019-05-20,2019-05-20 09:43:37,0.32,0.8421,361,0.31,0.8157,670,0.31,0.8157,20,0.315,0.8289,1125,0
SPY190522C288,2019-05-20,2019-05-20 09:43:38,0.32,0.8421,1525,0.3,0.7894,963,0.31,0.8157,20,0.31,0.8157,1125,0
SPY190522C288,2019-05-20,2019-05-20 09:43:40,0.32,0.8421,2737,0.3,0.7894,1437,0.31,0.8157,20,0.31,0.8157,1125,0
SPY190522C288,2019-05-20,2019-05-20 09:43:41,0.31,0.8157,740,0.3,0.7894,50,0.31,0.8157,20,0.305,0.8026,1125,0
SPY190522C288,2019-05-20,2019-05-20 09:43:42,0.31,0.8157,692,0.3,0.7894,550,0.31,0.8157,20,0.305,0.8026,1125,0
SPY190522C288,2019-05-20,2019-05-20 09:43:43,0.31,0.8157,1599,0.29,0.7631,2435,0.31,0.8157,20,0.3,0.7894,1125,0
SPY190522C288,2019-05-20,2019-05-20 09:43:45,0.31,0.8157,1065,0.3,0.7894,50,0.31,0.8157,20,0.305,0.8026,1125,0
SPY190522C288,2019-05-20,2019-05-20 09:43:46,0.31,0.8157,1057,0.3,0.7894,50,0.31,0.8157,20,0.305,0.8026,1125,0
SPY190522C288,2019-05-20,2019-05-20 09:43:48,0.31,0.8157,320,0.3,0.7894,170,0.31,0.8157,20,0.305,0.8026,1125,0
SPY190522C288,2019-05-20,2019-05-20 09:43:49,0.31,0.8157,380,0.3,0.7894,847,0.31,0.8157,20,0.305,0.8026,1125,0
SPY190522C288,2019-05-20,2019-05-20 09:43:50,0.31,0.8157,1340,0.3,0.7894,50,0.31,0.8157,20,0.305,0.8026,1125,0
SPY190522C288,2019-05-20,2019-05-20 09:43:52,0.31,0.8157,1161,0.3,0.7894,550,0.31,0.8157,20,0.305,0.8026,1125,0
SPY190522C288,2019-05-20,2019-05-20 09:43:53,0.31,0.8157,214,0.3,0.7894,230,0.31,0.8157,20,0.305,0.8026,1125,0
SPY190522C288,2019-05-20,2019-05-20 09:43:54,0.31,0.8157,370,0.29,0.7631,701,0.31,0.8157,20,0.3,0.7894,1125,0
SPY190522C288,2019-05-20,2019-05-20 09:43:55,0.31,0.8157,1429,0.29,0.7631,512,0.31,0.8157,20,0.3,0.7894,1125,0
SPY190522C288,2019-05-20,2019-05-20 09:43:57,0.31,0.8157,214,0.3,0.7894,551,0.31,0.8157,1,0.305,0.8026,1126,1
SPY190522C288,2019-05-20,2019-05-20 09:43:58,0.32,0.8421,1378,0.3,0.7894,1310,0.31,0.8157,1,0.31,0.8157,1126,0
SPY190522C288,2019-05-20,2019-05-20 09:44:00,0.31,0.8157,1219,0.3,0.7894,550,0.31,0.8157,1,0.305,0.8026,1126,0
SPY190522C288,2019-05-20,2019-05-20 09:44:01,0.31,0.8157,93,0.29,0.7631,1539,0.31,0.8157,1,0.3,0.7894,1126,0
SPY190522C288,2019-05-20,2019-05-20 09:44:02,0.31,0.8157,180,0.3,0.7894,791,0.31,0.8157,1,0.305,0.8026,1126,0
SPY190522C288,2019-05-20,2019-05-20 09:44:03,0.31,0.8157,334,0.3,0.7894,1331,0.31,0.8157,1,0.305,0.8026,1126,0
SPY190522C288,2019-05-20,2019-05-20 09:44:05,0.31,0.8157,239,0.3,0.7894,181,0.31,0.8157,1,0.305,0.8026,1126,0
SPY190522C288,2019-05-20,2019-05-20 09:44:06,0.31,0.8157,120,0.3,0.7894,188,0.31,0.8157,1,0.305,0.8026,1126,0
SPY190522C288,2019-05-20,2019-05-20 09:44:07,0.32,0.8421,2207,0.3,0.7894,1201,0.31,0.8157,1,0.31,0.8157,1126,0
SPY190522C288,2019-05-20,2019-05-20 09:44:08,0.32,0.8421,2553,0.3,0.7894,971,0.31,0.8157,1,0.31,0.8157,1126,0
SPY190522C288,2019-05-20,2019-05-20 09:44:09,0.32,0.8421,1307,0.3,0.7894,2638,0.31,0.8157,1,0.31,0.8157,1126,0
SPY190522C288,2019-05-20,2019-05-20 09:44:10,0.32,0.8421,191,0.31,0.8157,170,0.31,0.8157,1,0.315,0.8289,1126,0
SPY190522C288,2019-05-20,2019-05-20 09:44:12,0.32,0.8421,1070,0.31,0.8157,120,0.31,0.8157,1,0.315,0.8289,1126,0
SPY190522C288,2019-05-20,2019-05-20 09:44:13,0.32,0.8421,1153,0.3,0.7894,981,0.31,0.8157,1,0.31,0.8157,1126,0
SPY190522C288,2019-05-20,2019-05-20 09:44:14,0.31,0.8157,189,0.3,0.7894,200,0.31,0.8157,1,0.305,0.8026,1127,1
SPY190522C288,2019-05-20,2019-05-20 09:44:16,0.31,0.8157,779,0.3,0.7894,50,0.31,0.8157,1,0.305,0.8026,1127,0
SPY190522C288,2019-05-20,2019-05-20 09:44:17,0.31,0.8157,1059,0.29,0.7631,1623,0.3,0.7894,1,0.3,0.7894,1129,2
SPY190522C288,2019-05-20,2019-05-20 09:44:19,0.31,0.8157,1802,0.29,0.7631,921,0.3,0.7894,1,0.3,0.7894,1129,0
SPY190522C288,2019-05-20,2019-05-20 09:44:22,0.31,0.8157,864,0.3,0.7894,15,0.3,0.7894,1,0.305,0.8026,1132,3
SPY190522C288,2019-05-20,2019-05-20 09:44:24,0.31,0.8157,134,0.3,0.7894,350,0.3,0.7894,1,0.305,0.8026,1132,0
SPY190522C288,2019-05-20,2019-05-20 09:44:26,0.31,0.8157,164,0.3,0.7894,290,0.3,0.7894,1,0.305,0.8026,1132,0
SPY190522C288,2019-05-20,2019-05-20 09:44:28,0.31,0.8157,261,0.3,0.7894,245,0.3,0.7894,1,0.305,0.8026,1132,0
SPY190522C288,2019-05-20,2019-05-20 09:44:29,0.31,0.8157,1392,0.3,0.7894,50,0.3,0.7894,1,0.305,0.8026,1132,0
SPY190522C288,2019-05-20,2019-05-20 09:44:31,0.31,0.8157,651,0.3,0.7894,50,0.3,0.7894,1,0.305,0.8026,1132,0
SPY190522C288,2019-05-20,2019-05-20 09:44:33,0.31,0.8157,152,0.3,0.7894,852,0.3,0.7894,1,0.305,0.8026,1132,0
SPY190522C288,2019-05-20,2019-05-20 09:44:34,0.32,0.8421,464,0.3,0.7894,205,0.3,0.7894,1,0.31,0.8157,1132,0
SPY190522C288,2019-05-20,2019-05-20 09:44:36,0.32,0.8421,231,0.3,0.7894,2768,0.3,0.7894,1,0.31,0.8157,1132,0
SPY190522C288,2019-05-20,2019-05-20 09:44:37,0.32,0.8421,185,0.3,0.7894,1386,0.3,0.7894,1,0.31,0.8157,1132,0
SPY190522C288,2019-05-20,2019-05-20 09:44:39,0.32,0.8421,80,0.3,0.7894,3054,0.3,0.7894,1,0.31,0.8157,1132,0
SPY190522C288,2019-05-20,2019-05-20 09:44:40,0.33,0.8684,1983,0.31,0.8157,1642,0.3,0.7894,1,0.32,0.8421,1132,0
SPY190522C288,2019-05-20,2019-05-20 09:44:42,0.33,0.8684,1516,0.31,0.8157,1631,0.3,0.7894,1,0.32,0.8421,1132,0
SPY190522C288,2019-05-20,2019-05-20 09:44:43,0.33,0.8684,1659,0.31,0.8157,2099,0.3,0.7894,1,0.32,0.8421,1132,0
SPY190522C288,2019-05-20,2019-05-20 09:44:45,0.34,0.8947,1313,0.32,0.8421,290,0.3,0.7894,1,0.33,0.8684,1132,0
SPY190522C288,2019-05-20,2019-05-20 09:44:47,0.34,0.8947,2979,0.32,0.8421,1545,0.3,0.7894,1,0.33,0.8684,1132,0
SPY190522C288,2019-05-20,2019-05-20 09:44:48,0.34,0.8947,2011,0.32,0.8421,477,0.33,0.8684,2,0.33,0.8684,1136,4
SPY190522C288,2019-05-20,2019-05-20 09:44:50,0.34,0.8947,3255,0.32,0.8421,1548,0.33,0.8684,2,0.33,0.8684,1136,0
SPY190522C288,2019-05-20,2019-05-20 09:44:52,0.34,0.8947,2541,0.32,0.8421,2470,0.33,0.8684,2,0.33,0.8684,1136,0
SPY190522C288,2019-05-20,2019-05-20 09:44:53,0.34,0.8947,110,0.33,0.8684,180,0.33,0.8684,2,0.335,0.8815,1136,0
SPY190522C288,2019-05-20,2019-05-20 09:44:56,0.35,0.921,2058,0.33,0.8684,30,0.33,0.8684,2,0.34,0.8947,1136,0
SPY190522C288,2019-05-20,2019-05-20 09:44:57,0.33,0.8684,48,0.32,0.8421,74,0.33,0.8684,2,0.325,0.8552,1136,0
SPY190522C288,2019-05-20,2019-05-20 09:44:59,0.34,0.8947,1684,0.32,0.8421,161,0.33,0.8684,2,0.33,0.8684,1136,0
SPY190522C288,2019-05-20,2019-05-20 09:45:00,0.34,0.8947,3504,0.32,0.8421,1317,0.33,0.8684,2,0.33,0.8684,1136,0
SPY190522C288,2019-05-20,2019-05-20 09:45:01,0.34,0.8947,2310,0.32,0.8421,1438,0.33,0.8684,2,0.33,0.8684,1136,0
SPY190522C288,2019-05-20,2019-05-20 09:45:02,0.34,0.8947,170,0.33,0.8684,249,0.33,0.8684,2,0.335,0.8815,1136,0
SPY190522C288,2019-05-20,2019-05-20 09:45:04,0.35,0.921,1854,0.33,0.8684,2030,0.34,0.8947,200,0.34,0.8947,1336,200
SPY190522C288,2019-05-20,2019-05-20 09:45:05,0.35,0.921,1362,0.33,0.8684,1098,0.33,0.8684,6,0.34,0.8947,1344,8
SPY190522C288,2019-05-20,2019-05-20 09:45:06,0.37,0.9736,2974,0.34,0.8947,1907,0.37,0.9736,1,0.355,0.9342,1345,1
SPY190522C288,2019-05-20,2019-05-20 09:45:08,0.37,0.9736,1590,0.35,0.921,230,0.37,0.9736,1,0.36,0.9473,1345,0
SPY190522C288,2019-05-20,2019-05-20 09:45:09,0.37,0.9736,2430,0.36,0.9473,73,0.37,0.9736,1,0.365,0.9605,1345,0
SPY190522C288,2019-05-20,2019-05-20 09:45:10,0.37,0.9736,781,0.36,0.9473,87,0.37,0.9736,1,0.365,0.9605,1345,0
SPY190522C288,2019-05-20,2019-05-20 09:45:12,0.37,0.9736,122,0.36,0.9473,50,0.37,0.9736,1,0.365,0.9605,1345,0
SPY190522C288,2019-05-20,2019-05-20 09:45:13,0.38,1.0,240,0.37,0.9736,80,0.37,0.9736,1,0.375,0.9868,1346,1
SPY190522C288,2019-05-20,2019-05-20 09:45:14,0.38,1.0,175,0.37,0.9736,80,0.37,0.9736,1,0.375,0.9868,1346,0
SPY190522C288,2019-05-20,2019-05-20 09:45:15,0.38,1.0,52,0.37,0.9736,181,0.37,0.9736,1,0.375,0.9868,1346,0
SPY190522C288,2019-05-20,2019-05-20 09:45:17,0.38,1.0,877,0.37,0.9736,6,0.38,1.0,5,0.375,0.9868,1351,5
SPY190522C288,2019-05-20,2019-05-20 09:45:18,0.38,1.0,1993,0.37,0.9736,4,0.37,0.9736,2,0.375,0.9868,1353,2
SPY190522C288,2019-05-20,2019-05-20 09:45:19,0.38,1.0,2723,0.37,0.9736,4,0.37,0.9736,2,0.375,0.9868,1353,0
SPY190522C288,2019-05-20,2019-05-20 09:45:20,0.38,1.0,1541,0.37,0.9736,4,0.37,0.9736,2,0.375,0.9868,1353,0
SPY190522C288,2019-05-20,2019-05-20 09:45:21,0.37,0.9736,88,0.36,0.9473,71,0.37,0.9736,4,0.365,0.9605,1357,4
SPY190522C288,2019-05-20,2019-05-20 09:45:22,0.38,1.0,3164,0.36,0.9473,187,0.37,0.9736,4,0.37,0.9736,1357,0
SPY190522C288,2019-05-20,2019-05-20 09:45:24,0.38,1.0,3214,0.36,0.9473,297,0.37,0.9736,4,0.37,0.9736,1357,0
SPY190522C288,2019-05-20,2019-05-20 09:45:25,0.38,1.0,750,0.37,0.9736,178,0.37,0.9736,4,0.375,0.9868,1357,0
SPY190522C288,2019-05-20,2019-05-20 09:45:26,0.38,1.0,287,0.37,0.9736,178,0.37,0.9736,4,0.375,0.9868,1357,0
SPY190522C288,2019-05-20,2019-05-20 09:45:27,0.38,1.0,696,0.36,0.9473,931,0.37,0.9736,4,0.37,0.9736,1357,0
SPY190522C288,2019-05-20,2019-05-20 09:45:29,0.38,1.0,1110,0.36,0.9473,641,0.37,0.9736,4,0.37,0.9736,1357,0
SPY190522C288,2019-05-20,2019-05-20 09:45:31,0.38,1.0,3064,0.36,0.9473,980,0.37,0.9736,4,0.37,0.9736,1357,0
SPY190522C288,2019-05-20,2019-05-20 09:45:32,0.37,0.9736,23,0.36,0.9473,450,0.37,0.9736,4,0.365,0.9605,1357,0
SPY190522C288,2019-05-20,2019-05-20 09:45:33,0.38,1.0,1776,0.36,0.9473,812,0.37,0.9736,4,0.37,0.9736,1357,0
SPY190522C288,2019-05-20,2019-05-20 09:45:35,0.37,0.9736,66,0.36,0.9473,1337,0.37,0.9736,4,0.365,0.9605,1357,0
SPY190522C288,2019-05-20,2019-05-20 09:45:36,0.38,1.0,1236,0.36,0.9473,822,0.37,0.9736,4,0.37,0.9736,1357,0
SPY190522C288,2019-05-20,2019-05-20 09:45:37,0.38,1.0,1663,0.37,0.9736,33,0.37,0.9736,4,0.375,0.9868,1357,0
SPY190522C288,2019-05-20,2019-05-20 09:45:39,0.38,1.0,1516,0.37,0.9736,77,0.37,0.9736,4,0.375,0.9868,1357,0
SPY190522C288,2019-05-20,2019-05-20 09:45:40,0.38,1.0,1763,0.37,0.9736,11,0.38,1.0,1,0.375,0.9868,1358,1
SPY190522C288,2019-05-20,2019-05-20 09:45:41,0.38,1.0,1616,0.37,0.9736,4,0.37,0.9736,7,0.375,0.9868,1365,7
SPY190522C288,2019-05-20,2019-05-20 09:45:42,0.38,1.0,1407,0.37,0.9736,88,0.37,0.9736,7,0.375,0.9868,1365,0
SPY190522C288,2019-05-20,2019-05-20 09:45:43,0.4,1.0526,810,0.37,0.9736,2139,0.38,1.0,5,0.385,1.0131,1390,25
SPY190522C288,2019-05-20,2019-05-20 09:45:44,0.4,1.0526,1883,0.38,1.0,872,0.38,1.0,5,0.39,1.0263,1390,0
SPY190522C288,2019-05-20,2019-05-20 09:45:46,0.4,1.0526,160,0.39,1.0263,88,0.38,1.0,5,0.395,1.0394,1390,0
SPY190522C288,2019-05-20,2019-05-20 09:45:47,0.39,1.0263,6,0.38,1.0,1248,0.38,1.0,5,0.385,1.0131,1390,0
SPY190522C288,2019-05-20,2019-05-20 09:45:48,0.39,1.0263,68,0.38,1.0,786,0.38,1.0,5,0.385,1.0131,1390,0
SPY190522C288,2019-05-20,2019-05-20 09:45:49,0.39,1.0263,1,0.38,1.0,786,0.38,1.0,5,0.385,1.0131,1390,0
SPY190522C288,2019-05-20,2019-05-20 09:45:50,0.4,1.0526,180,0.39,1.0263,151,0.39,1.0263,1,0.395,1.0394,1391,1
SPY190522C288,2019-05-20,2019-05-20 09:45:51,0.4,1.0526,64,0.39,1.0263,151,0.39,1.0263,3,0.395,1.0394,1398,7
SPY190522C288,2019-05-20,2019-05-20 09:45:52,0.4,1.0526,932,0.39,1.0263,225,0.39,1.0263,3,0.395,1.0394,1398,0
SPY190522C288,2019-05-20,2019-05-20 09:45:53,0.4,1.0526,1693,0.39,1.0263,1,0.39,1.0263,3,0.395,1.0394,1398,0
SPY190522C288,2019-05-20,2019-05-20 09:45:55,0.4,1.0526,1929,0.38,1.0,807,0.39,1.0263,3,0.39,1.0263,1398,0
SPY190522C288,2019-05-20,2019-05-20 09:45:56,0.39,1.0263,1317,0.37,0.9736,26,0.38,1.0,1,0.38,1.0,1400,2
SPY190522C288,2019-05-20,2019-05-20 09:45:57,0.39,1.0263,2021,0.37,0.9736,454,0.38,1.0,1,0.38,1.0,1400,0
SPY190522C288,2019-05-20,2019-05-20 09:45:58,0.39,1.0263,1798,0.37,0.9736,695,0.38,1.0,1,0.38,1.0,1400,0
SPY190522C288,2019-05-20,2019-05-20 09:46:00,0.38,1.0,27,0.37,0.9736,1923,0.38,1.0,1,0.375,0.9868,1400,0
SPY190522C288,2019-05-20,2019-05-20 09:46:00,0.39,1.0263,1178,0.37,0.9736,1923,0.38,1.0,1,0.38,1.0,1400,0
SPY190522C288,2019-05-20,2019-05-20 09:46:02,0.38,1.0,312,0.37,0.9736,41,0.37,0.9736,1,0.375,0.9868,1401,1
SPY190522C288,2019-05-20,2019-05-20 09:46:03,0.38,1.0,1608,0.37,0.9736,3,0.37,0.9736,1,0.375,0.9868,1402,1
SPY190522C288,2019-05-20,2019-05-20 09:46:04,0.38,1.0,641,0.37,0.9736,3,0.37,0.9736,1,0.375,0.9868,1402,0
SPY190522C288,2019-05-20,2019-05-20 09:46:06,0.38,1.0,799,0.37,0.9736,3,0.37,0.9736,1,0.375,0.9868,1402,0
SPY190522C288,2019-05-20,2019-05-20 09:46:07,0.38,1.0,799,0.37,0.9736,3,0.37,0.9736,1,0.375,0.9868,1402,0
SPY190522C288,2019-05-20,2019-05-20 09:46:08,0.38,1.0,71,0.37,0.9736,100,0.37,0.9736,1,0.375,0.9868,1402,0
SPY190522C288,2019-05-20,2019-05-20 09:46:09,0.38,1.0,160,0.37,0.9736,163,0.37,0.9736,1,0.375,0.9868,1402,0
SPY190522C288,2019-05-20,2019-05-20 09:46:11,0.39,1.0263,349,0.37,0.9736,453,0.37,0.9736,1,0.38,1.0,1402,0
SPY190522C288,2019-05-20,2019-05-20 09:46:12,0.39,1.0263,150,0.38,1.0,500,0.39,1.0263,5,0.385,1.0131,1407,5
SPY190522C288,2019-05-20,2019-05-20 09:46:13,0.4,1.0526,262,0.38,1.0,1709,0.39,1.0263,5,0.39,1.0263,1407,0
SPY190522C288,2019-05-20,2019-05-20 09:46:14,0.4,1.0526,193,0.38,1.0,1807,0.39,1.0263,5,0.39,1.0263,1407,0
SPY190522C288,2019-05-20,2019-05-20 09:46:15,0.4,1.0526,40,0.39,1.0263,518,0.39,1.0263,5,0.395,1.0394,1407,0
SPY190522C288,2019-05-20,2019-05-20 09:46:17,0.4,1.0526,40,0.39,1.0263,1478,0.39,1.0263,5,0.395,1.0394,1407,0
SPY190522C288,2019-05-20,2019-05-20 09:46:18,0.4,1.0526,40,0.39,1.0263,1144,0.39,1.0263,5,0.395,1.0394,1407,0
SPY190522C288,2019-05-20,2019-05-20 09:46:19,0.4,1.0526,40,0.39,1.0263,1299,0.39,1.0263,5,0.395,1.0394,1407,0
SPY190522C288,2019-05-20,2019-05-20 09:46:20,0.4,1.0526,50,0.39,1.0263,100,0.39,1.0263,5,0.395,1.0394,1407,0
SPY190522C288,2019-05-20,2019-05-20 09:46:22,0.4,1.0526,40,0.39,1.0263,809,0.39,1.0263,1,0.395,1.0394,1408,1
SPY190522C288,2019-05-20,2019-05-20 09:46:23,0.4,1.0526,50,0.39,1.0263,809,0.39,1.0263,1,0.395,1.0394,1408,0
SPY190522C288,2019-05-20,2019-05-20 09:46:24,0.4,1.0526,40,0.39,1.0263,809,0.4,1.0526,1,0.395,1.0394,1409,1
SPY190522C288,2019-05-20,2019-05-20 09:46:25,0.4,1.0526,40,0.39,1.0263,1587,0.4,1.0526,1,0.395,1.0394,1409,0
SPY190522C288,2019-05-20,2019-05-20 09:46:27,0.4,1.0526,36,0.39,1.0263,1734,0.4,1.0526,4,0.395,1.0394,1414,5
SPY190522C288,2019-05-20,2019-05-20 09:46:28,0.4,1.0526,30,0.39,1.0263,1979,0.4,1.0526,6,0.395,1.0394,1420,6
SPY190522C288,2019-05-20,2019-05-20 09:46:29,0.4,1.0526,30,0.39,1.0263,2215,0.4,1.0526,6,0.395,1.0394,1420,0
SPY190522C288,2019-05-20,2019-05-20 09:46:31,0.4,1.0526,14,0.39,1.0263,1754,0.4,1.0526,14,0.395,1.0394,1450,30
SPY190522C288,2019-05-20,2019-05-20 09:46:32,0.4,1.0526,13,0.39,1.0263,1166,0.4,1.0526,1,0.395,1.0394,1451,1
SPY190522C288,2019-05-20,2019-05-20 09:46:33,0.4,1.0526,13,0.39,1.0263,462,0.4,1.0526,1,0.395,1.0394,1451,0
SPY190522C288,2019-05-20,2019-05-20 09:46:35,0.4,1.0526,13,0.39,1.0263,1852,0.39,1.0263,1,0.395,1.0394,1452,1
SPY190522C288,2019-05-20,2019-05-20 09:46:36,0.4,1.0526,8,0.39,1.0263,755,0.4,1.0526,2,0.395,1.0394,1457,5
SPY190522C288,2019-05-20,2019-05-20 09:46:37,0.42,1.1052,1948,0.4,1.0526,607,0.4,1.0526,102,0.41,1.0789,1625,168
SPY190522C288,2019-05-20,2019-05-20 09:46:38,0.42,1.1052,1724,0.4,1.0526,674,0.4,1.0526,102,0.41,1.0789,1625,0
SPY190522C288,2019-05-20,2019-05-20 09:46:40,0.42,1.1052,1238,0.4,1.0526,582,0.4,1.0526,102,0.41,1.0789,1625,0
SPY190522C288,2019-05-20,2019-05-20 09:46:41,0.42,1.1052,481,0.4,1.0526,190,0.4,1.0526,102,0.41,1.0789,1625,0
SPY190522C288,2019-05-20,2019-05-20 09:46:42,0.42,1.1052,1565,0.4,1.0526,264,0.4,1.0526,102,0.41,1.0789,1625,0
SPY190522C288,2019-05-20,2019-05-20 09:46:44,0.42,1.1052,1104,0.4,1.0526,185,0.4,1.0526,102,0.41,1.0789,1625,0
SPY190522C288,2019-05-20,2019-05-20 09:46:45,0.42,1.1052,910,0.41,1.0789,74,0.4,1.0526,102,0.415,1.0921,1625,0
SPY190522C288,2019-05-20,2019-05-20 09:46:47,0.42,1.1052,588,0.41,1.0789,74,0.4,1.0526,102,0.415,1.0921,1625,0
SPY190522C288,2019-05-20,2019-05-20 09:46:48,0.42,1.1052,298,0.41,1.0789,74,0.4,1.0526,102,0.415,1.0921,1625,0
SPY190522C288,2019-05-20,2019-05-20 09:46:49,0.42,1.1052,1003,0.4,1.0526,795,0.4,1.0526,102,0.41,1.0789,1625,0
SPY190522C288,2019-05-20,2019-05-20 09:46:50,0.42,1.1052,50,0.41,1.0789,74,0.4,1.0526,102,0.415,1.0921,1625,0
SPY190522C288,2019-05-20,2019-05-20 09:46:51,0.42,1.1052,160,0.41,1.0789,174,0.4,1.0526,102,0.415,1.0921,1625,0
SPY190522C288,2019-05-20,2019-05-20 09:46:52,0.42,1.1052,161,0.4,1.0526,165,0.4,1.0526,102,0.41,1.0789,1625,0
SPY190522C288,2019-05-20,2019-05-20 09:46:53,0.41,1.0789,134,0.4,1.0526,270,0.4,1.0526,102,0.405,1.0657,1625,0
SPY190522C288,2019-05-20,2019-05-20 09:46:55,0.42,1.1052,1363,0.4,1.0526,270,0.4,1.0526,102,0.41,1.0789,1625,0
SPY190522C288,2019-05-20,2019-05-20 09:46:56,0.42,1.1052,1196,0.4,1.0526,270,0.4,1.0526,102,0.41,1.0789,1625,0
SPY190522C288,2019-05-20,2019-05-20 09:46:57,0.42,1.1052,1294,0.4,1.0526,162,0.4,1.0526,102,0.41,1.0789,1625,0
SPY190522C288,2019-05-20,2019-05-20 09:46:59,0.42,1.1052,1603,0.4,1.0526,262,0.4,1.0526,102,0.41,1.0789,1625,0
SPY190522C288,2019-05-20,2019-05-20 09:47:00,0.41,1.0789,24,0.4,1.0526,67,0.4,1.0526,102,0.405,1.0657,1625,0
SPY190522C288,2019-05-20,2019-05-20 09:47:00,0.42,1.1052,1593,0.4,1.0526,20,0.4,1.0526,102,0.41,1.0789,1625,0
SPY190522C288,2019-05-20,2019-05-20 09:47:02,0.41,1.0789,1175,0.4,1.0526,50,0.4,1.0526,20,0.405,1.0657,1645,20
SPY190522C288,2019-05-20,2019-05-20 09:47:03,0.41,1.0789,166,0.4,1.0526,165,0.4,1.0526,20,0.405,1.0657,1645,0
SPY190522C288,2019-05-20,2019-05-20 09:47:04,0.42,1.1052,170,0.41,1.0789,54,0.4,1.0526,20,0.415,1.0921,1645,0
SPY190522C288,2019-05-20,2019-05-20 09:47:05,0.42,1.1052,110,0.41,1.0789,67,0.4,1.0526,20,0.415,1.0921,1645,0
SPY190522C288,2019-05-20,2019-05-20 09:47:06,0.42,1.1052,13,0.41,1.0789,29,0.4,1.0526,20,0.415,1.0921,1645,0
SPY190522C288,2019-05-20,2019-05-20 09:47:07,0.42,1.1052,238,0.41,1.0789,29,0.4,1.0526,20,0.415,1.0921,1645,0
SPY190522C288,2019-05-20,2019-05-20 09:47:08,0.42,1.1052,284,0.41,1.0789,73,0.4,1.0526,20,0.415,1.0921,1645,0
SPY190522C288,2019-05-20,2019-05-20 09:47:10,0.42,1.1052,295,0.41,1.0789,5,0.4,1.0526,20,0.415,1.0921,1645,0
SPY190522C288,2019-05-20,2019-05-20 09:47:11,0.42,1.1052,1010,0.41,1.0789,3,0.4,1.0526,20,0.415,1.0921,1645,0
SPY190522C288,2019-05-20,2019-05-20 09:47:12,0.41,1.0789,540,0.39,1.0263,50,0.41,1.0789,1,0.4,1.0526,1648,3
SPY190522C288,2019-05-20,2019-05-20 09:47:13,0.4,1.0526,100,0.39,1.0263,512,0.41,1.0789,1,0.395,1.0394,1648,0
SPY190522C288,2019-05-20,2019-05-20 09:47:14,0.41,1.0789,260,0.39,1.0263,1025,0.41,1.0789,1,0.4,1.0526,1648,0
SPY190522C288,2019-05-20,2019-05-20 09:47:15,0.41,1.0789,806,0.39,1.0263,1025,0.41,1.0789,1,0.4,1.0526,1648,0
SPY190522C288,2019-05-20,2019-05-20 09:47:16,0.41,1.0789,222,0.4,1.0526,62,0.41,1.0789,1,0.405,1.0657,1648,0
SPY190522C288,2019-05-20,2019-05-20 09:47:17,0.4,1.0526,133,0.39,1.0263,270,0.41,1.0789,1,0.395,1.0394,1648,0
SPY190522C288,2019-05-20,2019-05-20 09:47:18,0.41,1.0789,975,0.39,1.0263,512,0.41,1.0789,1,0.4,1.0526,1648,0
SPY190522C288,2019-05-20,2019-05-20 09:47:20,0.4,1.0526,186,0.39,1.0263,62,0.41,1.0789,1,0.395,1.0394,1648,0
SPY190522C288,2019-05-20,2019-05-20 09:47:20,0.41,1.0789,1287,0.39,1.0263,720,0.41,1.0789,1,0.4,1.0526,1648,0
SPY190522C288,2019-05-20,2019-05-20 09:47:21,0.4,1.0526,162,0.39,1.0263,118,0.41,1.0789,1,0.395,1.0394,1648,0
SPY190522C288,2019-05-20,2019-05-20 09:47:23,0.4,1.0526,162,0.39,1.0263,68,0.41,1.0789,1,0.395,1.0394,1648,0
SPY190522C288,2019-05-20,2019-05-20 09:47:24,0.41,1.0789,1487,0.4,1.0526,1,0.41,1.0789,1,0.405,1.0657,1648,0
SPY190522C288,2019-05-20,2019-05-20 09:47:25,0.41,1.0789,1242,0.4,1.0526,1,0.41,1.0789,1,0.405,1.0657,1648,0
SPY190522C288,2019-05-20,2019-05-20 09:47:26,0.41,1.0789,1438,0.4,1.0526,1,0.41,1.0789,1,0.405,1.0657,1648,0
SPY190522C288,2019-05-20,2019-05-20 09:47:27,0.41,1.0789,1291,0.39,1.0263,238,0.4,1.0526,1,0.4,1.0526,1649,1
SPY190522C288,2019-05-20,2019-05-20 09:47:28,0.4,1.0526,182,0.39,1.0263,60,0.4,1.0526,1,0.395,1.0394,1649,0
SPY190522C288,2019-05-20,2019-05-20 09:47:29,0.4,1.0526,812,0.38,1.0,1627,0.4,1.0526,1,0.39,1.0263,1650,1
SPY190522C288,2019-05-20,2019-05-20 09:47:30,0.4,1.0526,499,0.39,1.0263,118,0.4,1.0526,1,0.395,1.0394,1650,0
SPY190522C288,2019-05-20,2019-05-20 09:47:31,0.4,1.0526,665,0.39,1.0263,50,0.4,1.0526,1,0.395,1.0394,1650,0
SPY190522C288,2019-05-20,2019-05-20 09:47:32,0.4,1.0526,928,0.39,1.0263,50,0.4,1.0526,1,0.395,1.0394,1650,0
SPY190522C288,2019-05-20,2019-05-20 09:47:33,0.4,1.0526,1080,0.38,1.0,757,0.4,1.0526,1,0.39,1.0263,1650,0
SPY190522C288,2019-05-20,2019-05-20 09:47:34,0.39,1.0263,150,0.38,1.0,162,0.4,1.0526,1,0.385,1.0131,1650,0
SPY190522C288,2019-05-20,2019-05-20 09:47:36,0.39,1.0263,125,0.38,1.0,610,0.4,1.0526,8,0.385,1.0131,1658,8
SPY190522C288,2019-05-20,2019-05-20 09:47:38,0.39,1.0263,303,0.38,1.0,68,0.4,1.0526,8,0.385,1.0131,1658,0
SPY190522C288,2019-05-20,2019-05-20 09:47:39,0.39,1.0263,303,0.38,1.0,51,0.4,1.0526,8,0.385,1.0131,1658,0
SPY190522C288,2019-05-20,2019-05-20 09:47:41,0.39,1.0263,300,0.38,1.0,1,0.4,1.0526,8,0.385,1.0131,1658,0
SPY190522C288,2019-05-20,2019-05-20 09:47:42,0.39,1.0263,300,0.38,1.0,1,0.4,1.0526,8,0.385,1.0131,1658,0
SPY190522C288,2019-05-20,2019-05-20 09:47:43,0.39,1.0263,959,0.38,1.0,1,0.4,1.0526,8,0.385,1.0131,1658,0
SPY190522C288,2019-05-20,2019-05-20 09:47:45,0.39,1.0263,609,0.38,1.0,1,0.4,1.0526,8,0.385,1.0131,1658,0
SPY190522C288,2019-05-20,2019-05-20 09:47:46,0.39,1.0263,290,0.38,1.0,1,0.4,1.0526,8,0.385,1.0131,1658,0
SPY190522C288,2019-05-20,2019-05-20 09:47:47,0.39,1.0263,50,0.38,1.0,600,0.4,1.0526,8,0.385,1.0131,1658,0
SPY190522C288,2019-05-20,2019-05-20 09:47:48,0.39,1.0263,50,0.38,1.0,720,0.4,1.0526,8,0.385,1.0131,1658,0
SPY190522C288,2019-05-20,2019-05-20 09:47:49,0.39,1.0263,1,0.38,1.0,720,0.39,1.0263,5,0.385,1.0131,1663,5
SPY190522C288,2019-05-20,2019-05-20 09:47:51,0.4,1.0526,997,0.39,1.0263,1,0.39,1.0263,5,0.395,1.0394,1663,0
SPY190522C288,2019-05-20,2019-05-20 09:47:52,0.4,1.0526,1910,0.39,1.0263,1,0.39,1.0263,5,0.395,1.0394,1663,0
SPY190522C288,2019-05-20,2019-05-20 09:47:53,0.4,1.0526,1910,0.39,1.0263,1,0.39,1.0263,5,0.395,1.0394,1663,0
SPY190522C288,2019-05-20,2019-05-20 09:47:54,0.4,1.0526,1501,0.39,1.0263,1,0.39,1.0263,5,0.395,1.0394,1663,0
SPY190522C288,2019-05-20,2019-05-20 09:47:55,0.4,1.0526,1224,0.39,1.0263,1,0.39,1.0263,5,0.395,1.0394,1663,0
SPY190522C288,2019-05-20,2019-05-20 09:47:57,0.39,1.0263,1235,0.38,1.0,1,0.39,1.0263,1,0.385,1.0131,1664,1
SPY190522C288,2019-05-20,2019-05-20 09:47:58,0.39,1.0263,2270,0.38,1.0,1,0.39,1.0263,1,0.385,1.0131,1664,0
SPY190522C288,2019-05-20,2019-05-20 09:47:59,0.38,1.0,424,0.36,0.9473,835,0.38,1.0,1,0.37,0.9736,1665,1
SPY190522C288,2019-05-20,2019-05-20 09:48:00,0.38,1.0,1182,0.36,0.9473,835,0.38,1.0,1,0.37,0.9736,1665,0
SPY190522C288,2019-05-20,2019-05-20 09:48:00,0.38,1.0,1511,0.36,0.9473,835,0.38,1.0,1,0.37,0.9736,1665,0
SPY190522C288,2019-05-20,2019-05-20 09:48:01,0.38,1.0,1182,0.36,0.9473,961,0.38,1.0,1,0.37,0.9736,1665,0
SPY190522C288,2019-05-20,2019-05-20 09:48:02,0.37,0.9736,168,0.36,0.9473,165,0.38,1.0,1,0.365,0.9605,1665,0
SPY190522C288,2019-05-20,2019-05-20 09:48:04,0.37,0.9736,928,0.35,0.921,1767,0.38,1.0,1,0.36,0.9473,1665,0
SPY190522C288,2019-05-20,2019-05-20 09:48:05,0.37,0.9736,1173,0.36,0.9473,1,0.38,1.0,1,0.365,0.9605,1665,0
SPY190522C288,2019-05-20,2019-05-20 09:48:06,0.37,0.9736,2063,0.36,0.9473,1,0.38,1.0,1,0.365,0.9605,1665,0
SPY190522C288,2019-05-20,2019-05-20 09:48:07,0.36,0.9473,1,0.36,0.9473,1,0.36,0.9473,1,0.36,0.9473,1666,1
SPY190522C288,2019-05-20,2019-05-20 09:48:08,0.36,0.9473,1826,0.34,0.8947,1196,0.36,0.9473,1,0.35,0.921,1667,1
SPY190522C288,2019-05-20,2019-05-20 09:48:10,0.36,0.9473,1749,0.34,0.8947,1961,0.36,0.9473,1,0.35,0.921,1667,0
SPY190522C288,2019-05-20,2019-05-20 09:48:11,0.36,0.9473,609,0.34,0.8947,2335,0.36,0.9473,1,0.35,0.921,1667,0
SPY190522C288,2019-05-20,2019-05-20 09:48:12,0.36,0.9473,759,0.34,0.8947,1538,0.35,0.921,2,0.35,0.921,1669,2
SPY190522C288,2019-05-20,2019-05-20 09:48:13,0.36,0.9473,1380,0.34,0.8947,1526,0.35,0.921,2,0.35,0.921,1669,0
SPY190522C288,2019-05-20,2019-05-20 09:48:14,0.36,0.9473,956,0.34,0.8947,2403,0.35,0.921,2,0.35,0.921,1669,0
SPY190522C288,2019-05-20,2019-05-20 09:48:15,0.36,0.9473,563,0.35,0.921,110,0.35,0.921,2,0.355,0.9342,1669,0
SPY190522C288,2019-05-20,2019-05-20 09:48:16,0.36,0.9473,166,0.35,0.921,185,0.35,0.921,2,0.355,0.9342,1669,0
SPY190522C288,2019-05-20,2019-05-20 09:48:18,0.36,0.9473,938,0.34,0.8947,2332,0.35,0.921,2,0.35,0.921,1669,0
SPY190522C288,2019-05-20,2019-05-20 09:48:19,0.35,0.921,832,0.34,0.8947,50,0.35,0.921,1,0.345,0.9078,1670,1
SPY190522C288,2019-05-20,2019-05-20 09:48:20,0.35,0.921,1278,0.34,0.8947,50,0.35,0.921,1,0.345,0.9078,1670,0
SPY190522C288,2019-05-20,2019-05-20 09:48:21,0.35,0.921,1229,0.34,0.8947,50,0.35,0.921,1,0.345,0.9078,1670,0
SPY190522C288,2019-05-20,2019-05-20 09:48:22,0.35,0.921,1814,0.33,0.8684,1853,0.35,0.921,2,0.34,0.8947,1672,2
SPY190522C288,2019-05-20,2019-05-20 09:48:23,0.35,0.921,2253,0.33,0.8684,499,0.35,0.921,2,0.34,0.8947,1672,0
SPY190522C288,2019-05-20,2019-05-20 09:48:24,0.35,0.921,1651,0.33,0.8684,1442,0.35,0.921,2,0.34,0.8947,1672,0
SPY190522C288,2019-05-20,2019-05-20 09:48:25,0.35,0.921,2062,0.33,0.8684,1268,0.35,0.921,2,0.34,0.8947,1672,0
SPY190522C288,2019-05-20,2019-05-20 09:48:26,0.35,0.921,2062,0.33,0.8684,1268,0.35,0.921,2,0.34,0.8947,1672,0
SPY190522C288,2019-05-20,2019-05-20 09:48:27,0.35,0.921,1243,0.33,0.8684,790,0.35,0.921,2,0.34,0.8947,1672,0
SPY190522C288,2019-05-20,2019-05-20 09:48:29,0.35,0.921,2290,0.33,0.8684,830,0.35,0.921,2,0.34,0.8947,1672,0
SPY190522C288,2019-05-20,2019-05-20 09:48:30,0.35,0.921,1556,0.33,0.8684,730,0.35,0.921,2,0.34,0.8947,1672,0
SPY190522C288,2019-05-20,2019-05-20 09:48:31,0.34,0.8947,170,0.33,0.8684,160,0.35,0.921,2,0.335,0.8815,1672,0
SPY190522C288,2019-05-20,2019-05-20 09:48:32,0.35,0.921,2402,0.33,0.8684,550,0.35,0.921,2,0.34,0.8947,1672,0
SPY190522C288,2019-05-20,2019-05-20 09:48:33,0.34,0.8947,160,0.32,0.8421,1964,0.35,0.921,2,0.33,0.8684,1672,0
SPY190522C288,2019-05-20,2019-05-20 09:48:34,0.34,0.8947,170,0.33,0.8684,170,0.35,0.921,2,0.335,0.8815,1672,0
SPY190522C288,2019-05-20,2019-05-20 09:48:35,0.34,0.8947,171,0.33,0.8684,100,0.35,0.921,2,0.335,0.8815,1672,0
SPY190522C288,2019-05-20,2019-05-20 09:48:37,0.34,0.8947,198,0.32,0.8421,2497,0.35,0.921,2,0.33,0.8684,1672,0
SPY190522C288,2019-05-20,2019-05-20 09:48:38,0.34,0.8947,818,0.32,0.8421,2497,0.35,0.921,2,0.33,0.8684,1672,0
SPY190522C288,2019-05-20,2019-05-20 09:48:39,0.35,0.921,1462,0.33,0.8684,671,0.35,0.921,2,0.34,0.8947,1672,0
SPY190522C288,2019-05-20,2019-05-20 09:48:41,0.34,0.8947,80,0.33,0.8684,168,0.35,0.921,2,0.335,0.8815,1672,0
SPY190522C288,2019-05-20,2019-05-20 09:48:42,0.35,0.921,1727,0.33,0.8684,50,0.34,0.8947,1,0.34,0.8947,1673,1
SPY190522C288,2019-05-20,2019-05-20 09:48:43,0.34,0.8947,1534,0.32,0.8421,1836,0.34,0.8947,1,0.33,0.8684,1673,0
SPY190522C288,2019-05-20,2019-05-20 09:48:44,0.34,0.8947,511,0.32,0.8421,911,0.34,0.8947,1,0.33,0.8684,1673,0
SPY190522C288,2019-05-20,2019-05-20 09:48:46,0.34,0.8947,160,0.33,0.8684,660,0.34,0.8947,1,0.335,0.8815,1673,0
SPY190522C288,2019-05-20,2019-05-20 09:48:47,0.35,0.921,1165,0.33,0.8684,2130,0.34,0.8947,1,0.34,0.8947,1673,0
SPY190522C288,2019-05-20,2019-05-20 09:48:48,0.34,0.8947,186,0.32,0.8421,828,0.34,0.8947,1,0.33,0.8684,1673,0
SPY190522C288,2019-05-20,2019-05-20 09:48:49,0.34,0.8947,342,0.32,0.8421,2649,0.34,0.8947,1,0.33,0.8684,1673,0
SPY190522C288,2019-05-20,2019-05-20 09:48:51,0.34,0.8947,108,0.33,0.8684,831,0.34,0.8947,1,0.335,0.8815,1673,0
SPY190522C288,2019-05-20,2019-05-20 09:48:51,0.34,0.8947,818,0.32,0.8421,2649,0.34,0.8947,1,0.33,0.8684,1673,0
SPY190522C288,2019-05-20,2019-05-20 09:48:53,0.34,0.8947,161,0.33,0.8684,161,0.34,0.8947,1,0.335,0.8815,1673,0
SPY190522C288,2019-05-20,2019-05-20 09:48:54,0.34,0.8947,161,0.33,0.8684,400,0.34,0.8947,1,0.335,0.8815,1673,0
SPY190522C288,2019-05-20,2019-05-20 09:48:55,0.35,0.921,1809,0.33,0.8684,1361,0.34,0.8947,1,0.34,0.8947,1673,0
SPY190522C288,2019-05-20,2019-05-20 09:48:57,0.35,0.921,699,0.33,0.8684,803,0.34,0.8947,1,0.34,0.8947,1673,0
SPY190522C288,2019-05-20,2019-05-20 09:48:58,0.35,0.921,383,0.34,0.8947,170,0.34,0.8947,1,0.345,0.9078,1673,0
SPY190522C288,2019-05-20,2019-05-20 09:48:59,0.35,0.921,67,0.34,0.8947,1557,0.34,0.8947,1,0.345,0.9078,1673,0
SPY190522C288,2019-05-20,2019-05-20 09:49:00,0.36,0.9473,342,0.34,0.8947,2049,0.34,0.8947,1,0.35,0.921,1673,0
SPY190522C288,2019-05-20,2019-05-20 09:49:00,0.36,0.9473,342,0.34,0.8947,2789,0.34,0.8947,1,0.35,0.921,1673,0
SPY190522C288,2019-05-20,2019-05-20 09:49:02,0.36,0.9473,1332,0.34,0.8947,948,0.34,0.8947,1,0.35,0.921,1673,0
SPY190522C288,2019-05-20,2019-05-20 09:49:03,0.35,0.921,160,0.34,0.8947,498,0.34,0.8947,1,0.345,0.9078,1673,0
SPY190522C288,2019-05-20,2019-05-20 09:49:04,0.35,0.921,437,0.34,0.8947,50,0.34,0.8947,1,0.345,0.9078,1673,0
SPY190522C288,2019-05-20,2019-05-20 09:49:05,0.35,0.921,1247,0.33,0.8684,2348,0.34,0.8947,1,0.34,0.8947,1673,0
SPY190522C288,2019-05-20,2019-05-20 09:49:06,0.34,0.8947,287,0.32,0.8421,500,0.34,0.8947,1,0.33,0.8684,1673,0
SPY190522C288,2019-05-20,2019-05-20 09:49:07,0.34,0.8947,1180,0.32,0.8421,1661,0.34,0.8947,1,0.33,0.8684,1673,0
SPY190522C288,2019-05-20,2019-05-20 09:49:08,0.34,0.8947,1575,0.32,0.8421,2286,0.34,0.8947,1,0.33,0.8684,1673,0
SPY190522C288,2019-05-20,2019-05-20 09:49:09,0.34,0.8947,994,0.32,0.8421,2286,0.34,0.8947,1,0.33,0.8684,1673,0
SPY190522C288,2019-05-20,2019-05-20 09:49:10,0.34,0.8947,1881,0.32,0.8421,1342,0.34,0.8947,1,0.33,0.8684,1673,0
