symbol,Date,quote_time,ask_price,norm_ask_price,ask_size,bid_price,norm_bid_price,bid_size,last_trade_price,norm_last_trade_price,last_trade_size,mark_price,norm_mark_price,volume,Volume
SPY190717P298,2019-07-16,2019-07-16 09:34:31,0.1,1.0,3551,0.09,0.9,2329,0.1,1.0,5,0.095,0.95,38,38
SPY190717P298,2019-07-16,2019-07-16 09:34:39,0.1,1.0,4996,0.09,0.9,605,0.1,1.0,5,0.095,0.95,38,0
SPY190717P298,2019-07-16,2019-07-16 09:34:40,0.1,1.0,4996,0.09,0.9,605,0.1,1.0,5,0.095,0.95,38,0
SPY190717P298,2019-07-16,2019-07-16 09:34:41,0.1,1.0,4996,0.09,0.9,192,0.1,1.0,5,0.095,0.95,38,0
SPY190717P298,2019-07-16,2019-07-16 09:34:42,0.1,1.0,4996,0.09,0.9,192,0.1,1.0,5,0.095,0.95,38,0
SPY190717P298,2019-07-16,2019-07-16 09:34:43,0.09,0.9,14,0.08,0.8,4557,0.1,1.0,5,0.085,0.85,38,0
SPY190717P298,2019-07-16,2019-07-16 09:34:43,0.1,1.0,3499,0.09,0.9,51,0.1,1.0,5,0.095,0.95,38,0
SPY190717P298,2019-07-16,2019-07-16 09:34:44,0.09,0.9,14,0.08,0.8,4979,0.1,1.0,5,0.085,0.85,38,0
SPY190717P298,2019-07-16,2019-07-16 09:34:45,0.09,0.9,362,0.08,0.8,5231,0.1,1.0,5,0.085,0.85,38,0
SPY190717P298,2019-07-16,2019-07-16 09:34:45,0.09,0.9,946,0.08,0.8,3131,0.1,1.0,5,0.085,0.85,38,0
SPY190717P298,2019-07-16,2019-07-16 09:34:46,0.09,0.9,2429,0.08,0.8,4745,0.1,1.0,5,0.085,0.85,38,0
SPY190717P298,2019-07-16,2019-07-16 09:34:47,0.09,0.9,2429,0.08,0.8,4745,0.1,1.0,5,0.085,0.85,38,0
SPY190717P298,2019-07-16,2019-07-16 09:34:48,0.09,0.9,2511,0.08,0.8,4958,0.1,1.0,5,0.085,0.85,38,0
SPY190717P298,2019-07-16,2019-07-16 09:34:48,0.09,0.9,2855,0.08,0.8,4958,0.1,1.0,5,0.085,0.85,38,0
SPY190717P298,2019-07-16,2019-07-16 09:34:49,0.09,0.9,2855,0.08,0.8,4958,0.1,1.0,5,0.085,0.85,38,0
SPY190717P298,2019-07-16,2019-07-16 09:34:50,0.09,0.9,2855,0.08,0.8,4974,0.1,1.0,5,0.085,0.85,38,0
SPY190717P298,2019-07-16,2019-07-16 09:34:51,0.09,0.9,2855,0.08,0.8,4974,0.1,1.0,5,0.085,0.85,38,0
SPY190717P298,2019-07-16,2019-07-16 09:34:52,0.09,0.9,2855,0.08,0.8,4974,0.1,1.0,5,0.085,0.85,38,0
SPY190717P298,2019-07-16,2019-07-16 09:34:52,0.09,0.9,2711,0.08,0.8,4974,0.1,1.0,5,0.085,0.85,38,0
SPY190717P298,2019-07-16,2019-07-16 09:34:53,0.09,0.9,918,0.08,0.8,2155,0.1,1.0,5,0.085,0.85,38,0
SPY190717P298,2019-07-16,2019-07-16 09:34:54,0.09,0.9,2172,0.08,0.8,4746,0.1,1.0,5,0.085,0.85,38,0
SPY190717P298,2019-07-16,2019-07-16 09:34:55,0.09,0.9,2172,0.08,0.8,5090,0.1,1.0,5,0.085,0.85,38,0
SPY190717P298,2019-07-16,2019-07-16 09:34:56,0.09,0.9,2657,0.08,0.8,4884,0.1,1.0,5,0.085,0.85,38,0
SPY190717P298,2019-07-16,2019-07-16 09:34:56,0.09,0.9,2516,0.08,0.8,5090,0.1,1.0,5,0.085,0.85,38,0
SPY190717P298,2019-07-16,2019-07-16 09:34:57,0.09,0.9,1762,0.08,0.8,3555,0.1,1.0,5,0.085,0.85,38,0
SPY190717P298,2019-07-16,2019-07-16 09:34:58,0.09,0.9,1762,0.08,0.8,3555,0.1,1.0,5,0.085,0.85,38,0
SPY190717P298,2019-07-16,2019-07-16 09:34:59,0.09,0.9,2662,0.08,0.8,4908,0.1,1.0,5,0.085,0.85,38,0
SPY190717P298,2019-07-16,2019-07-16 09:35:00,0.09,0.9,2709,0.08,0.8,4896,0.1,1.0,5,0.085,0.85,38,0
SPY190717P298,2019-07-16,2019-07-16 09:35:00,0.09,0.9,1642,0.08,0.8,3531,0.1,1.0,5,0.085,0.85,38,0
SPY190717P298,2019-07-16,2019-07-16 09:35:01,0.09,0.9,1796,0.08,0.8,4888,0.1,1.0,5,0.085,0.85,38,0
SPY190717P298,2019-07-16,2019-07-16 09:35:02,0.09,0.9,2514,0.08,0.8,4888,0.1,1.0,5,0.085,0.85,38,0
SPY190717P298,2019-07-16,2019-07-16 09:35:03,0.09,0.9,5003,0.08,0.8,4642,0.1,1.0,5,0.085,0.85,38,0
SPY190717P298,2019-07-16,2019-07-16 09:35:03,0.09,0.9,2514,0.08,0.8,4888,0.1,1.0,5,0.085,0.85,38,0
SPY190717P298,2019-07-16,2019-07-16 09:35:04,0.09,0.9,5003,0.08,0.8,4642,0.1,1.0,5,0.085,0.85,38,0
SPY190717P298,2019-07-16,2019-07-16 09:35:04,0.09,0.9,4953,0.08,0.8,4642,0.1,1.0,5,0.085,0.85,38,0
SPY190717P298,2019-07-16,2019-07-16 09:35:05,0.09,0.9,3905,0.08,0.8,3308,0.08,0.8,1,0.085,0.85,39,1
SPY190717P298,2019-07-16,2019-07-16 09:35:06,0.09,0.9,4897,0.08,0.8,4389,0.08,0.8,1,0.085,0.85,39,0
SPY190717P298,2019-07-16,2019-07-16 09:35:06,0.09,0.9,3304,0.08,0.8,2774,0.08,0.8,1,0.085,0.85,39,0
SPY190717P298,2019-07-16,2019-07-16 09:35:07,0.09,0.9,4897,0.08,0.8,4389,0.08,0.8,1,0.085,0.85,39,0
SPY190717P298,2019-07-16,2019-07-16 09:35:08,0.09,0.9,3699,0.08,0.8,3158,0.08,0.8,1,0.085,0.85,39,0
SPY190717P298,2019-07-16,2019-07-16 09:35:09,0.09,0.9,5164,0.08,0.8,3902,0.08,0.8,1,0.085,0.85,39,0
SPY190717P298,2019-07-16,2019-07-16 09:35:09,0.09,0.9,3874,0.08,0.8,2676,0.08,0.8,1,0.085,0.85,39,0
SPY190717P298,2019-07-16,2019-07-16 09:35:10,0.09,0.9,5164,0.08,0.8,3902,0.08,0.8,1,0.085,0.85,39,0
SPY190717P298,2019-07-16,2019-07-16 09:35:10,0.09,0.9,5366,0.08,0.8,3902,0.08,0.8,1,0.085,0.85,39,0
SPY190717P298,2019-07-16,2019-07-16 09:35:11,0.09,0.9,5158,0.08,0.8,3895,0.08,0.8,1,0.085,0.85,39,0
SPY190717P298,2019-07-16,2019-07-16 09:35:11,0.09,0.9,5164,0.08,0.8,3902,0.08,0.8,1,0.085,0.85,39,0
SPY190717P298,2019-07-16,2019-07-16 09:35:12,0.09,0.9,5164,0.08,0.8,3902,0.08,0.8,1,0.085,0.85,39,0
SPY190717P298,2019-07-16,2019-07-16 09:35:13,0.09,0.9,5478,0.08,0.8,3251,0.08,0.8,1,0.085,0.85,39,0
SPY190717P298,2019-07-16,2019-07-16 09:35:13,0.09,0.9,3161,0.08,0.8,3902,0.08,0.8,1,0.085,0.85,39,0
SPY190717P298,2019-07-16,2019-07-16 09:35:14,0.09,0.9,4786,0.08,0.8,3665,0.08,0.8,1,0.085,0.85,39,0
SPY190717P298,2019-07-16,2019-07-16 09:35:14,0.09,0.9,5410,0.08,0.8,3615,0.08,0.8,1,0.085,0.85,39,0
SPY190717P298,2019-07-16,2019-07-16 09:35:15,0.09,0.9,4161,0.08,0.8,2479,0.08,0.8,1,0.085,0.85,39,0
SPY190717P298,2019-07-16,2019-07-16 09:35:16,0.09,0.9,4161,0.08,0.8,2479,0.08,0.8,1,0.085,0.85,39,0
SPY190717P298,2019-07-16,2019-07-16 09:35:17,0.09,0.9,4123,0.08,0.8,2484,0.08,0.8,1,0.085,0.85,39,0
SPY190717P298,2019-07-16,2019-07-16 09:35:17,0.09,0.9,4123,0.08,0.8,2082,0.08,0.8,1,0.085,0.85,39,0
SPY190717P298,2019-07-16,2019-07-16 09:35:18,0.09,0.9,5241,0.08,0.8,2466,0.08,0.8,1,0.085,0.85,39,0
SPY190717P298,2019-07-16,2019-07-16 09:35:18,0.09,0.9,5568,0.08,0.8,1716,0.08,0.8,1,0.085,0.85,39,0
SPY190717P298,2019-07-16,2019-07-16 09:35:19,0.09,0.9,5568,0.08,0.8,1716,0.08,0.8,1,0.085,0.85,39,0
SPY190717P298,2019-07-16,2019-07-16 09:35:20,0.09,0.9,5568,0.08,0.8,1716,0.08,0.8,1,0.085,0.85,39,0
SPY190717P298,2019-07-16,2019-07-16 09:35:21,0.09,0.9,5568,0.08,0.8,1716,0.08,0.8,1,0.085,0.85,39,0
SPY190717P298,2019-07-16,2019-07-16 09:35:21,0.09,0.9,5568,0.08,0.8,2034,0.08,0.8,1,0.085,0.85,39,0
SPY190717P298,2019-07-16,2019-07-16 09:35:22,0.09,0.9,5568,0.08,0.8,2034,0.08,0.8,1,0.085,0.85,39,0
SPY190717P298,2019-07-16,2019-07-16 09:35:23,0.09,0.9,4338,0.08,0.8,2428,0.08,0.8,1,0.085,0.85,39,0
SPY190717P298,2019-07-16,2019-07-16 09:35:23,0.09,0.9,4576,0.08,0.8,1953,0.08,0.8,1,0.085,0.85,39,0
SPY190717P298,2019-07-16,2019-07-16 09:35:24,0.09,0.9,5570,0.08,0.8,2688,0.08,0.8,1,0.085,0.85,39,0
SPY190717P298,2019-07-16,2019-07-16 09:35:25,0.09,0.9,4246,0.08,0.8,2421,0.08,0.8,1,0.085,0.85,39,0
SPY190717P298,2019-07-16,2019-07-16 09:35:25,0.09,0.9,5570,0.08,0.8,3576,0.08,0.8,1,0.085,0.85,39,0
SPY190717P298,2019-07-16,2019-07-16 09:35:26,0.09,0.9,5570,0.08,0.8,3576,0.08,0.8,1,0.085,0.85,39,0
SPY190717P298,2019-07-16,2019-07-16 09:35:27,0.09,0.9,3480,0.08,0.8,1994,0.08,0.8,1,0.085,0.85,39,0
SPY190717P298,2019-07-16,2019-07-16 09:35:27,0.09,0.9,4246,0.08,0.8,2669,0.08,0.8,1,0.085,0.85,39,0
SPY190717P298,2019-07-16,2019-07-16 09:35:29,0.09,0.9,3859,0.08,0.8,2298,0.08,0.8,1,0.085,0.85,39,0
SPY190717P298,2019-07-16,2019-07-16 09:35:29,0.09,0.9,3729,0.08,0.8,2301,0.08,0.8,1,0.085,0.85,39,0
SPY190717P298,2019-07-16,2019-07-16 09:35:30,0.09,0.9,3826,0.08,0.8,2528,0.08,0.8,1,0.085,0.85,39,0
SPY190717P298,2019-07-16,2019-07-16 09:35:31,0.09,0.9,5285,0.08,0.8,4045,0.08,0.8,1,0.085,0.85,39,0
SPY190717P298,2019-07-16,2019-07-16 09:35:32,0.09,0.9,3980,0.08,0.8,2832,0.08,0.8,1,0.085,0.85,39,0
SPY190717P298,2019-07-16,2019-07-16 09:35:32,0.09,0.9,3980,0.08,0.8,2528,0.08,0.8,1,0.085,0.85,39,0
SPY190717P298,2019-07-16,2019-07-16 09:35:33,0.09,0.9,5525,0.08,0.8,3569,0.08,0.8,1,0.085,0.85,39,0
SPY190717P298,2019-07-16,2019-07-16 09:35:34,0.09,0.9,4202,0.08,0.8,2431,0.08,0.8,1,0.085,0.85,39,0
SPY190717P298,2019-07-16,2019-07-16 09:35:35,0.09,0.9,4202,0.08,0.8,2431,0.08,0.8,1,0.085,0.85,39,0
SPY190717P298,2019-07-16,2019-07-16 09:35:36,0.09,0.9,3980,0.08,0.8,2431,0.08,0.8,1,0.085,0.85,39,0
SPY190717P298,2019-07-16,2019-07-16 09:35:37,0.09,0.9,3980,0.08,0.8,2431,0.08,0.8,1,0.085,0.85,39,0
SPY190717P298,2019-07-16,2019-07-16 09:35:37,0.09,0.9,3980,0.08,0.8,2421,0.08,0.8,1,0.085,0.85,39,0
SPY190717P298,2019-07-16,2019-07-16 09:35:38,0.09,0.9,5539,0.08,0.8,3576,0.08,0.8,1,0.085,0.85,39,0
SPY190717P298,2019-07-16,2019-07-16 09:35:38,0.09,0.9,3980,0.08,0.8,2431,0.08,0.8,1,0.085,0.85,39,0
SPY190717P298,2019-07-16,2019-07-16 09:35:39,0.09,0.9,5539,0.08,0.8,3576,0.08,0.8,1,0.085,0.85,39,0
SPY190717P298,2019-07-16,2019-07-16 09:35:40,0.09,0.9,3740,0.08,0.8,2421,0.08,0.8,1,0.085,0.85,39,0
SPY190717P298,2019-07-16,2019-07-16 09:35:40,0.09,0.9,4213,0.08,0.8,2431,0.08,0.8,1,0.085,0.85,39,0
SPY190717P298,2019-07-16,2019-07-16 09:35:41,0.09,0.9,5285,0.08,0.8,3576,0.08,0.8,1,0.085,0.85,40,1
SPY190717P298,2019-07-16,2019-07-16 09:35:41,0.09,0.9,5285,0.08,0.8,3576,0.08,0.8,1,0.085,0.85,39,0
SPY190717P298,2019-07-16,2019-07-16 09:35:42,0.09,0.9,5538,0.08,0.8,3576,0.08,0.8,1,0.085,0.85,40,0
SPY190717P298,2019-07-16,2019-07-16 09:35:42,0.09,0.9,4212,0.08,0.8,2431,0.08,0.8,1,0.085,0.85,40,0
SPY190717P298,2019-07-16,2019-07-16 09:35:43,0.09,0.9,4212,0.08,0.8,2431,0.08,0.8,1,0.085,0.85,40,0
SPY190717P298,2019-07-16,2019-07-16 09:35:44,0.09,0.9,5538,0.08,0.8,4318,0.08,0.8,1,0.085,0.85,40,0
SPY190717P298,2019-07-16,2019-07-16 09:35:44,0.09,0.9,4212,0.08,0.8,2431,0.08,0.8,1,0.085,0.85,40,0
SPY190717P298,2019-07-16,2019-07-16 09:35:45,0.09,0.9,3442,0.08,0.8,3067,0.08,0.8,1,0.085,0.85,40,0
SPY190717P298,2019-07-16,2019-07-16 09:35:45,0.09,0.9,5538,0.08,0.8,4318,0.08,0.8,1,0.085,0.85,40,0
SPY190717P298,2019-07-16,2019-07-16 09:35:46,0.09,0.9,4494,0.08,0.8,2413,0.08,0.8,1,0.085,0.85,40,0
SPY190717P298,2019-07-16,2019-07-16 09:35:47,0.09,0.9,6081,0.08,0.8,2695,0.08,0.8,1,0.085,0.85,40,0
SPY190717P298,2019-07-16,2019-07-16 09:35:47,0.09,0.9,5815,0.08,0.8,2695,0.08,0.8,1,0.085,0.85,40,0
SPY190717P298,2019-07-16,2019-07-16 09:35:48,0.09,0.9,6081,0.08,0.8,2695,0.08,0.8,1,0.085,0.85,40,0
SPY190717P298,2019-07-16,2019-07-16 09:35:49,0.09,0.9,5912,0.08,0.8,2675,0.08,0.8,1,0.085,0.85,40,0
SPY190717P298,2019-07-16,2019-07-16 09:35:49,0.09,0.9,6118,0.08,0.8,2701,0.08,0.8,1,0.085,0.85,40,0
SPY190717P298,2019-07-16,2019-07-16 09:35:50,0.09,0.9,6118,0.08,0.8,2701,0.08,0.8,1,0.085,0.85,40,0
SPY190717P298,2019-07-16,2019-07-16 09:35:51,0.09,0.9,5912,0.08,0.8,2675,0.08,0.8,1,0.085,0.85,40,0
SPY190717P298,2019-07-16,2019-07-16 09:35:51,0.09,0.9,4543,0.08,0.8,2392,0.08,0.8,1,0.085,0.85,43,3
SPY190717P298,2019-07-16,2019-07-16 09:35:52,0.09,0.9,4543,0.08,0.8,2392,0.08,0.8,1,0.085,0.85,43,0
SPY190717P298,2019-07-16,2019-07-16 09:35:53,0.09,0.9,4405,0.08,0.8,1298,0.09,0.9,1,0.085,0.85,93,50
SPY190717P298,2019-07-16,2019-07-16 09:35:53,0.09,0.9,4749,0.08,0.8,1642,0.09,0.9,1,0.085,0.85,93,0
SPY190717P298,2019-07-16,2019-07-16 09:35:54,0.09,0.9,6127,0.08,0.8,1642,0.09,0.9,1,0.085,0.85,93,0
SPY190717P298,2019-07-16,2019-07-16 09:35:55,0.09,0.9,6064,0.08,0.8,2671,0.09,0.9,1,0.085,0.85,93,0
SPY190717P298,2019-07-16,2019-07-16 09:35:56,0.09,0.9,5987,0.08,0.8,3474,0.09,0.9,1,0.085,0.85,93,0
SPY190717P298,2019-07-16,2019-07-16 09:35:56,0.09,0.9,6064,0.08,0.8,2671,0.09,0.9,1,0.085,0.85,93,0
SPY190717P298,2019-07-16,2019-07-16 09:35:57,0.09,0.9,5487,0.08,0.8,2974,0.09,0.9,1,0.085,0.85,93,0
SPY190717P298,2019-07-16,2019-07-16 09:35:58,0.09,0.9,5487,0.08,0.8,2974,0.09,0.9,2,0.085,0.85,95,2
SPY190717P298,2019-07-16,2019-07-16 09:35:58,0.09,0.9,5683,0.08,0.8,2974,0.09,0.9,2,0.085,0.85,95,0
SPY190717P298,2019-07-16,2019-07-16 09:35:59,0.09,0.9,5698,0.08,0.8,1168,0.09,0.9,2,0.085,0.85,95,0
SPY190717P298,2019-07-16,2019-07-16 09:35:59,0.09,0.9,5683,0.08,0.8,2224,0.09,0.9,2,0.085,0.85,95,0
SPY190717P298,2019-07-16,2019-07-16 09:36:00,0.09,0.9,5698,0.08,0.8,1887,0.09,0.9,2,0.085,0.85,95,0
SPY190717P298,2019-07-16,2019-07-16 09:36:01,0.09,0.9,5698,0.08,0.8,1887,0.09,0.9,2,0.085,0.85,95,0
SPY190717P298,2019-07-16,2019-07-16 09:36:02,0.09,0.9,5698,0.08,0.8,1887,0.09,0.9,2,0.085,0.85,95,0
SPY190717P298,2019-07-16,2019-07-16 09:36:03,0.09,0.9,5691,0.08,0.8,1878,0.09,0.9,2,0.085,0.85,95,0
SPY190717P298,2019-07-16,2019-07-16 09:36:04,0.09,0.9,4201,0.08,0.8,1918,0.09,0.9,2,0.085,0.85,95,0
SPY190717P298,2019-07-16,2019-07-16 09:36:05,0.09,0.9,3687,0.08,0.8,1918,0.09,0.9,2,0.085,0.85,95,0
SPY190717P298,2019-07-16,2019-07-16 09:36:06,0.09,0.9,3687,0.08,0.8,1929,0.09,0.9,2,0.085,0.85,95,0
SPY190717P298,2019-07-16,2019-07-16 09:36:06,0.09,0.9,4122,0.08,0.8,3651,0.09,0.9,2,0.085,0.85,95,0
SPY190717P298,2019-07-16,2019-07-16 09:36:07,0.09,0.9,4122,0.08,0.8,3651,0.09,0.9,2,0.085,0.85,95,0
SPY190717P298,2019-07-16,2019-07-16 09:36:07,0.09,0.9,4172,0.08,0.8,3566,0.09,0.9,2,0.085,0.85,95,0
SPY190717P298,2019-07-16,2019-07-16 09:36:08,0.09,0.9,4024,0.08,0.8,3566,0.09,0.9,2,0.085,0.85,95,0
SPY190717P298,2019-07-16,2019-07-16 09:36:09,0.09,0.9,4024,0.08,0.8,3566,0.09,0.9,2,0.085,0.85,95,0
SPY190717P298,2019-07-16,2019-07-16 09:36:09,0.09,0.9,3896,0.08,0.8,3683,0.09,0.9,2,0.085,0.85,95,0
SPY190717P298,2019-07-16,2019-07-16 09:36:10,0.09,0.9,3896,0.08,0.8,3683,0.09,0.9,2,0.085,0.85,95,0
SPY190717P298,2019-07-16,2019-07-16 09:36:11,0.09,0.9,3353,0.08,0.8,4823,0.09,0.9,2,0.085,0.85,95,0
SPY190717P298,2019-07-16,2019-07-16 09:36:12,0.09,0.9,2548,0.08,0.8,2496,0.09,0.9,2,0.085,0.85,95,0
SPY190717P298,2019-07-16,2019-07-16 09:36:13,0.09,0.9,3626,0.08,0.8,3621,0.09,0.9,2,0.085,0.85,95,0
SPY190717P298,2019-07-16,2019-07-16 09:36:14,0.09,0.9,3720,0.08,0.8,3751,0.09,0.9,2,0.085,0.85,95,0
SPY190717P298,2019-07-16,2019-07-16 09:36:14,0.09,0.9,3245,0.08,0.8,3772,0.09,0.9,2,0.085,0.85,95,0
SPY190717P298,2019-07-16,2019-07-16 09:36:15,0.09,0.9,1647,0.08,0.8,2732,0.09,0.9,2,0.085,0.85,95,0
SPY190717P298,2019-07-16,2019-07-16 09:36:16,0.09,0.9,2241,0.08,0.8,2732,0.09,0.9,2,0.085,0.85,95,0
SPY190717P298,2019-07-16,2019-07-16 09:36:17,0.09,0.9,1941,0.08,0.8,3232,0.09,0.9,2,0.085,0.85,95,0
SPY190717P298,2019-07-16,2019-07-16 09:36:17,0.09,0.9,2352,0.08,0.8,3232,0.09,0.9,2,0.085,0.85,95,0
SPY190717P298,2019-07-16,2019-07-16 09:36:18,0.09,0.9,2980,0.08,0.8,4531,0.09,0.9,2,0.085,0.85,95,0
SPY190717P298,2019-07-16,2019-07-16 09:36:19,0.09,0.9,1941,0.08,0.8,3301,0.09,0.9,2,0.085,0.85,95,0
SPY190717P298,2019-07-16,2019-07-16 09:36:19,0.09,0.9,2628,0.08,0.8,4539,0.09,0.9,2,0.085,0.85,95,0
SPY190717P298,2019-07-16,2019-07-16 09:36:20,0.09,0.9,2628,0.08,0.8,4539,0.09,0.9,2,0.085,0.85,95,0
SPY190717P298,2019-07-16,2019-07-16 09:36:20,0.09,0.9,2827,0.08,0.8,4594,0.09,0.9,2,0.085,0.85,95,0
SPY190717P298,2019-07-16,2019-07-16 09:36:21,0.09,0.9,2622,0.08,0.8,4594,0.09,0.9,2,0.085,0.85,95,0
SPY190717P298,2019-07-16,2019-07-16 09:36:22,0.09,0.9,5657,0.08,0.8,4594,0.09,0.9,2,0.085,0.85,95,0
SPY190717P298,2019-07-16,2019-07-16 09:36:23,0.09,0.9,4340,0.08,0.8,3109,0.09,0.9,2,0.085,0.85,95,0
SPY190717P298,2019-07-16,2019-07-16 09:36:24,0.09,0.9,5753,0.08,0.8,4172,0.09,0.9,2,0.085,0.85,95,0
SPY190717P298,2019-07-16,2019-07-16 09:36:25,0.09,0.9,5765,0.08,0.8,4476,0.09,0.9,2,0.085,0.85,95,0
SPY190717P298,2019-07-16,2019-07-16 09:36:26,0.09,0.9,5765,0.08,0.8,4476,0.09,0.9,2,0.085,0.85,95,0
SPY190717P298,2019-07-16,2019-07-16 09:36:27,0.09,0.9,5765,0.08,0.8,4132,0.09,0.9,2,0.085,0.85,95,0
SPY190717P298,2019-07-16,2019-07-16 09:36:28,0.09,0.9,4669,0.08,0.8,4132,0.09,0.9,2,0.085,0.85,95,0
SPY190717P298,2019-07-16,2019-07-16 09:36:29,0.09,0.9,4669,0.08,0.8,4132,0.09,0.9,2,0.085,0.85,95,0
SPY190717P298,2019-07-16,2019-07-16 09:36:29,0.09,0.9,6536,0.08,0.8,4132,0.09,0.9,1,0.085,0.85,107,12
SPY190717P298,2019-07-16,2019-07-16 09:36:30,0.09,0.9,4464,0.08,0.8,2418,0.09,0.9,1,0.085,0.85,107,0
SPY190717P298,2019-07-16,2019-07-16 09:36:31,0.09,0.9,4147,0.08,0.8,2853,0.09,0.9,1,0.085,0.85,107,0
SPY190717P298,2019-07-16,2019-07-16 09:36:32,0.09,0.9,4147,0.08,0.8,2853,0.09,0.9,1,0.085,0.85,107,0
SPY190717P298,2019-07-16,2019-07-16 09:36:33,0.09,0.9,4727,0.08,0.8,4105,0.09,0.9,1,0.085,0.85,107,0
SPY190717P298,2019-07-16,2019-07-16 09:36:35,0.09,0.9,3208,0.08,0.8,2853,0.09,0.9,1,0.085,0.85,107,0
SPY190717P298,2019-07-16,2019-07-16 09:36:36,0.09,0.9,4346,0.08,0.8,4070,0.09,0.9,1,0.085,0.85,107,0
SPY190717P298,2019-07-16,2019-07-16 09:36:38,0.09,0.9,4344,0.08,0.8,4079,0.09,0.9,1,0.085,0.85,107,0
SPY190717P298,2019-07-16,2019-07-16 09:36:39,0.09,0.9,6081,0.08,0.8,4079,0.09,0.9,1,0.085,0.85,107,0
SPY190717P298,2019-07-16,2019-07-16 09:36:40,0.09,0.9,4344,0.08,0.8,4079,0.09,0.9,1,0.085,0.85,107,0
SPY190717P298,2019-07-16,2019-07-16 09:36:43,0.09,0.9,4344,0.08,0.8,4079,0.09,0.9,20,0.085,0.85,127,20
SPY190717P298,2019-07-16,2019-07-16 09:36:43,0.09,0.9,5787,0.08,0.8,3570,0.09,0.9,20,0.085,0.85,127,0
SPY190717P298,2019-07-16,2019-07-16 09:36:45,0.09,0.9,5928,0.08,0.8,3589,0.09,0.9,20,0.085,0.85,127,0
SPY190717P298,2019-07-16,2019-07-16 09:36:46,0.09,0.9,4351,0.08,0.8,2661,0.09,0.9,25,0.085,0.85,152,0
SPY190717P298,2019-07-16,2019-07-16 09:36:46,0.09,0.9,5887,0.08,0.8,3491,0.09,0.9,25,0.085,0.85,152,25
SPY190717P298,2019-07-16,2019-07-16 09:36:47,0.09,0.9,5927,0.08,0.8,3577,0.09,0.9,25,0.085,0.85,152,0
SPY190717P298,2019-07-16,2019-07-16 09:36:48,0.09,0.9,4790,0.08,0.8,2547,0.09,0.9,25,0.085,0.85,152,0
SPY190717P298,2019-07-16,2019-07-16 09:36:48,0.09,0.9,5943,0.08,0.8,2547,0.09,0.9,25,0.085,0.85,152,0
SPY190717P298,2019-07-16,2019-07-16 09:36:49,0.09,0.9,5943,0.08,0.8,2625,0.09,0.9,25,0.085,0.85,152,0
SPY190717P298,2019-07-16,2019-07-16 09:36:49,0.09,0.9,5943,0.08,0.8,2627,0.09,0.9,25,0.085,0.85,152,0
SPY190717P298,2019-07-16,2019-07-16 09:36:50,0.09,0.9,5943,0.08,0.8,2547,0.09,0.9,25,0.085,0.85,152,0
SPY190717P298,2019-07-16,2019-07-16 09:36:51,0.09,0.9,5927,0.08,0.8,3582,0.09,0.9,25,0.085,0.85,152,0
SPY190717P298,2019-07-16,2019-07-16 09:36:51,0.09,0.9,4351,0.08,0.8,3582,0.09,0.9,25,0.085,0.85,152,0
SPY190717P298,2019-07-16,2019-07-16 09:36:52,0.09,0.9,5907,0.08,0.8,3560,0.09,0.9,25,0.085,0.85,152,0
SPY190717P298,2019-07-16,2019-07-16 09:36:52,0.09,0.9,6191,0.08,0.8,3560,0.09,0.9,25,0.085,0.85,152,0
SPY190717P298,2019-07-16,2019-07-16 09:36:53,0.09,0.9,4393,0.08,0.8,2077,0.09,0.9,25,0.085,0.85,152,0
SPY190717P298,2019-07-16,2019-07-16 09:36:54,0.09,0.9,4737,0.08,0.8,2421,0.09,0.9,25,0.085,0.85,152,0
SPY190717P298,2019-07-16,2019-07-16 09:36:55,0.09,0.9,5144,0.08,0.8,1671,0.09,0.9,25,0.085,0.85,152,0
SPY190717P298,2019-07-16,2019-07-16 09:36:55,0.09,0.9,4778,0.08,0.8,2421,0.09,0.9,25,0.085,0.85,152,0
SPY190717P298,2019-07-16,2019-07-16 09:36:56,0.09,0.9,6107,0.08,0.8,1671,0.09,0.9,25,0.085,0.85,152,0
SPY190717P298,2019-07-16,2019-07-16 09:36:56,0.09,0.9,6465,0.08,0.8,1671,0.09,0.9,25,0.085,0.85,152,0
SPY190717P298,2019-07-16,2019-07-16 09:36:57,0.09,0.9,6465,0.08,0.8,1671,0.09,0.9,25,0.085,0.85,152,0
SPY190717P298,2019-07-16,2019-07-16 09:36:58,0.09,0.9,6107,0.08,0.8,2675,0.09,0.9,25,0.085,0.85,152,0
SPY190717P298,2019-07-16,2019-07-16 09:36:58,0.09,0.9,4738,0.08,0.8,1821,0.09,0.9,25,0.085,0.85,152,0
SPY190717P298,2019-07-16,2019-07-16 09:36:59,0.09,0.9,6107,0.08,0.8,3579,0.09,0.9,25,0.085,0.85,152,0
SPY190717P298,2019-07-16,2019-07-16 09:36:59,0.09,0.9,4737,0.08,0.8,1821,0.09,0.9,25,0.085,0.85,152,0
SPY190717P298,2019-07-16,2019-07-16 09:37:00,0.09,0.9,6107,0.08,0.8,3579,0.09,0.9,25,0.085,0.85,152,0
SPY190717P298,2019-07-16,2019-07-16 09:37:01,0.09,0.9,6107,0.08,0.8,3579,0.09,0.9,25,0.085,0.85,152,0
SPY190717P298,2019-07-16,2019-07-16 09:37:02,0.09,0.9,4427,0.08,0.8,3856,0.09,0.9,25,0.085,0.85,152,0
SPY190717P298,2019-07-16,2019-07-16 09:37:04,0.09,0.9,4427,0.08,0.8,3598,0.09,0.9,25,0.085,0.85,152,0
SPY190717P298,2019-07-16,2019-07-16 09:37:05,0.09,0.9,4427,0.08,0.8,3598,0.09,0.9,25,0.085,0.85,152,0
SPY190717P298,2019-07-16,2019-07-16 09:37:05,0.09,0.9,6197,0.08,0.8,3598,0.09,0.9,25,0.085,0.85,152,0
SPY190717P298,2019-07-16,2019-07-16 09:37:06,0.09,0.9,6197,0.08,0.8,3598,0.09,0.9,25,0.085,0.85,152,0
SPY190717P298,2019-07-16,2019-07-16 09:37:07,0.09,0.9,3208,0.08,0.8,3187,0.09,0.9,25,0.085,0.85,152,0
SPY190717P298,2019-07-16,2019-07-16 09:37:08,0.09,0.9,3208,0.08,0.8,2421,0.09,0.9,25,0.085,0.85,152,0
SPY190717P298,2019-07-16,2019-07-16 09:37:08,0.09,0.9,3208,0.08,0.8,2776,0.09,0.9,25,0.085,0.85,152,0
SPY190717P298,2019-07-16,2019-07-16 09:37:09,0.09,0.9,3258,0.08,0.8,2776,0.09,0.9,25,0.085,0.85,152,0
SPY190717P298,2019-07-16,2019-07-16 09:37:10,0.09,0.9,3432,0.08,0.8,2776,0.09,0.9,25,0.085,0.85,152,0
SPY190717P298,2019-07-16,2019-07-16 09:37:10,0.09,0.9,3208,0.08,0.8,2732,0.09,0.9,25,0.085,0.85,152,0
SPY190717P298,2019-07-16,2019-07-16 09:37:11,0.09,0.9,3258,0.08,0.8,2635,0.09,0.9,25,0.085,0.85,152,0
SPY190717P298,2019-07-16,2019-07-16 09:37:11,0.09,0.9,3208,0.08,0.8,2732,0.09,0.9,25,0.085,0.85,152,0
SPY190717P298,2019-07-16,2019-07-16 09:37:12,0.09,0.9,4487,0.08,0.8,3812,0.09,0.9,25,0.085,0.85,152,0
SPY190717P298,2019-07-16,2019-07-16 09:37:13,0.09,0.9,4359,0.08,0.8,4314,0.09,0.9,25,0.085,0.85,152,0
SPY190717P298,2019-07-16,2019-07-16 09:37:14,0.09,0.9,3077,0.08,0.8,2707,0.09,0.9,25,0.085,0.85,152,0
SPY190717P298,2019-07-16,2019-07-16 09:37:15,0.09,0.9,2871,0.08,0.8,3177,0.09,0.9,25,0.085,0.85,152,0
SPY190717P298,2019-07-16,2019-07-16 09:37:15,0.09,0.9,3077,0.08,0.8,3018,0.09,0.9,25,0.085,0.85,152,0
SPY190717P298,2019-07-16,2019-07-16 09:37:16,0.09,0.9,2821,0.08,0.8,3050,0.09,0.9,25,0.085,0.85,152,0
SPY190717P298,2019-07-16,2019-07-16 09:37:17,0.09,0.9,4392,0.08,0.8,4328,0.09,0.9,25,0.085,0.85,152,0
SPY190717P298,2019-07-16,2019-07-16 09:37:17,0.09,0.9,2976,0.08,0.8,3050,0.09,0.9,25,0.085,0.85,152,0
SPY190717P298,2019-07-16,2019-07-16 09:37:18,0.09,0.9,4392,0.08,0.8,3894,0.09,0.9,25,0.085,0.85,152,0
SPY190717P298,2019-07-16,2019-07-16 09:37:19,0.09,0.9,4390,0.08,0.8,4292,0.09,0.9,25,0.085,0.85,152,0
SPY190717P298,2019-07-16,2019-07-16 09:37:19,0.09,0.9,3890,0.08,0.8,3792,0.09,0.9,25,0.085,0.85,152,0
SPY190717P298,2019-07-16,2019-07-16 09:37:20,0.09,0.9,4456,0.08,0.8,3051,0.09,0.9,25,0.085,0.85,152,0
SPY190717P298,2019-07-16,2019-07-16 09:37:20,0.09,0.9,3183,0.08,0.8,3051,0.09,0.9,25,0.085,0.85,152,0
SPY190717P298,2019-07-16,2019-07-16 09:37:21,0.09,0.9,4456,0.08,0.8,3235,0.09,0.9,25,0.085,0.85,152,0
SPY190717P298,2019-07-16,2019-07-16 09:37:21,0.09,0.9,4455,0.08,0.8,3119,0.09,0.9,25,0.085,0.85,152,0
SPY190717P298,2019-07-16,2019-07-16 09:37:22,0.09,0.9,4455,0.08,0.8,3119,0.09,0.9,25,0.085,0.85,152,0
SPY190717P298,2019-07-16,2019-07-16 09:37:23,0.09,0.9,4455,0.08,0.8,3119,0.09,0.9,25,0.085,0.85,152,0
SPY190717P298,2019-07-16,2019-07-16 09:37:23,0.09,0.9,6263,0.08,0.8,4041,0.09,0.9,25,0.085,0.85,152,0
SPY190717P298,2019-07-16,2019-07-16 09:37:24,0.09,0.9,6263,0.08,0.8,4041,0.09,0.9,25,0.085,0.85,152,0
SPY190717P298,2019-07-16,2019-07-16 09:37:25,0.09,0.9,6263,0.08,0.8,4087,0.09,0.9,25,0.085,0.85,152,0
SPY190717P298,2019-07-16,2019-07-16 09:37:26,0.09,0.9,4384,0.08,0.8,2926,0.09,0.9,25,0.085,0.85,152,0
SPY190717P298,2019-07-16,2019-07-16 09:37:28,0.09,0.9,5894,0.08,0.8,4293,0.09,0.9,25,0.085,0.85,152,0
SPY190717P298,2019-07-16,2019-07-16 09:37:29,0.09,0.9,5720,0.08,0.8,5704,0.09,0.9,25,0.085,0.85,152,0
SPY190717P298,2019-07-16,2019-07-16 09:37:30,0.09,0.9,4469,0.08,0.8,5760,0.09,0.9,25,0.085,0.85,152,0
SPY190717P298,2019-07-16,2019-07-16 09:37:31,0.09,0.9,3255,0.08,0.8,5880,0.09,0.9,25,0.085,0.85,152,0
SPY190717P298,2019-07-16,2019-07-16 09:37:32,0.09,0.9,3025,0.08,0.8,5421,0.09,0.9,1,0.085,0.85,153,1
SPY190717P298,2019-07-16,2019-07-16 09:37:32,0.09,0.9,3025,0.08,0.8,5421,0.09,0.9,25,0.085,0.85,152,0
SPY190717P298,2019-07-16,2019-07-16 09:37:33,0.09,0.9,4403,0.08,0.8,5722,0.09,0.9,1,0.085,0.85,153,0
SPY190717P298,2019-07-16,2019-07-16 09:37:34,0.09,0.9,4609,0.08,0.8,5722,0.09,0.9,1,0.085,0.85,153,0
SPY190717P298,2019-07-16,2019-07-16 09:37:34,0.09,0.9,4403,0.08,0.8,5722,0.09,0.9,1,0.085,0.85,153,0
SPY190717P298,2019-07-16,2019-07-16 09:37:35,0.09,0.9,4609,0.08,0.8,4571,0.09,0.9,1,0.085,0.85,153,0
SPY190717P298,2019-07-16,2019-07-16 09:37:36,0.09,0.9,4951,0.08,0.8,6136,0.09,0.9,1,0.085,0.85,153,0
SPY190717P298,2019-07-16,2019-07-16 09:37:36,0.09,0.9,4658,0.08,0.8,4571,0.09,0.9,1,0.085,0.85,153,0
SPY190717P298,2019-07-16,2019-07-16 09:37:37,0.09,0.9,4951,0.08,0.8,4585,0.09,0.9,1,0.085,0.85,153,0
SPY190717P298,2019-07-16,2019-07-16 09:37:47,0.09,0.9,1734,0.08,0.8,4643,0.09,0.9,1,0.085,0.85,154,0
SPY190717P298,2019-07-16,2019-07-16 09:37:47,0.09,0.9,2111,0.08,0.8,4643,0.09,0.9,1,0.085,0.85,154,1
SPY190717P298,2019-07-16,2019-07-16 09:37:48,0.09,0.9,2277,0.08,0.8,5784,0.09,0.9,1,0.085,0.85,154,0
SPY190717P298,2019-07-16,2019-07-16 09:37:49,0.09,0.9,2277,0.08,0.8,4645,0.09,0.9,1,0.085,0.85,154,0
SPY190717P298,2019-07-16,2019-07-16 09:37:49,0.09,0.9,2277,0.08,0.8,5784,0.09,0.9,1,0.085,0.85,154,0
SPY190717P298,2019-07-16,2019-07-16 09:37:50,0.09,0.9,2277,0.08,0.8,6210,0.09,0.9,1,0.085,0.85,154,0
SPY190717P298,2019-07-16,2019-07-16 09:37:51,0.09,0.9,917,0.08,0.8,4389,0.09,0.9,1,0.085,0.85,154,0
SPY190717P298,2019-07-16,2019-07-16 09:37:52,0.09,0.9,2798,0.08,0.8,3350,0.09,0.9,1,0.085,0.85,154,0
SPY190717P298,2019-07-16,2019-07-16 09:37:52,0.09,0.9,1709,0.08,0.8,2856,0.09,0.9,1,0.085,0.85,154,0
SPY190717P298,2019-07-16,2019-07-16 09:37:53,0.09,0.9,2912,0.08,0.8,3350,0.09,0.9,1,0.085,0.85,154,0
SPY190717P298,2019-07-16,2019-07-16 09:37:54,0.09,0.9,2905,0.08,0.8,3350,0.09,0.9,1,0.085,0.85,154,0
SPY190717P298,2019-07-16,2019-07-16 09:37:54,0.09,0.9,2069,0.08,0.8,3350,0.09,0.9,1,0.085,0.85,154,0
SPY190717P298,2019-07-16,2019-07-16 09:37:55,0.09,0.9,2647,0.08,0.8,3350,0.09,0.9,1,0.085,0.85,154,0
SPY190717P298,2019-07-16,2019-07-16 09:37:56,0.09,0.9,2871,0.08,0.8,4643,0.09,0.9,1,0.085,0.85,154,0
SPY190717P298,2019-07-16,2019-07-16 09:37:57,0.09,0.9,2853,0.08,0.8,4643,0.09,0.9,1,0.085,0.85,154,0
SPY190717P298,2019-07-16,2019-07-16 09:37:58,0.09,0.9,2437,0.08,0.8,6161,0.09,0.9,1,0.085,0.85,154,0
SPY190717P298,2019-07-16,2019-07-16 09:37:59,0.09,0.9,2773,0.08,0.8,6188,0.09,0.9,1,0.085,0.85,154,0
SPY190717P298,2019-07-16,2019-07-16 09:37:59,0.09,0.9,2765,0.08,0.8,4643,0.09,0.9,1,0.085,0.85,154,0
SPY190717P298,2019-07-16,2019-07-16 09:38:00,0.09,0.9,2773,0.08,0.8,4643,0.09,0.9,1,0.085,0.85,154,0
SPY190717P298,2019-07-16,2019-07-16 09:38:01,0.09,0.9,2823,0.08,0.8,6120,0.09,0.9,1,0.085,0.85,154,0
SPY190717P298,2019-07-16,2019-07-16 09:38:02,0.09,0.9,3027,0.08,0.8,6120,0.09,0.9,1,0.085,0.85,154,0
SPY190717P298,2019-07-16,2019-07-16 09:38:03,0.09,0.9,3027,0.08,0.8,4395,0.09,0.9,1,0.085,0.85,154,0
SPY190717P298,2019-07-16,2019-07-16 09:38:04,0.09,0.9,3027,0.08,0.8,5885,0.09,0.9,1,0.085,0.85,154,0
SPY190717P298,2019-07-16,2019-07-16 09:38:04,0.09,0.9,3027,0.08,0.8,4395,0.09,0.9,1,0.085,0.85,154,0
SPY190717P298,2019-07-16,2019-07-16 09:38:05,0.09,0.9,3027,0.08,0.8,5885,0.09,0.9,1,0.085,0.85,154,0
SPY190717P298,2019-07-16,2019-07-16 09:38:06,0.09,0.9,3027,0.08,0.8,5885,0.08,0.8,1,0.085,0.85,156,2
SPY190717P298,2019-07-16,2019-07-16 09:38:07,0.09,0.9,3076,0.08,0.8,4635,0.08,0.8,1,0.085,0.85,156,0
SPY190717P298,2019-07-16,2019-07-16 09:38:08,0.09,0.9,3076,0.08,0.8,6177,0.08,0.8,1,0.085,0.85,156,0
SPY190717P298,2019-07-16,2019-07-16 09:38:09,0.09,0.9,3308,0.08,0.8,6300,0.08,0.8,1,0.085,0.85,156,0
SPY190717P298,2019-07-16,2019-07-16 09:38:09,0.09,0.9,4204,0.08,0.8,4081,0.08,0.8,1,0.085,0.85,156,0
SPY190717P298,2019-07-16,2019-07-16 09:38:10,0.09,0.9,4204,0.08,0.8,4081,0.08,0.8,1,0.085,0.85,156,0
SPY190717P298,2019-07-16,2019-07-16 09:38:11,0.09,0.9,4204,0.08,0.8,4081,0.08,0.8,1,0.085,0.85,156,0
SPY190717P298,2019-07-16,2019-07-16 09:38:12,0.09,0.9,4801,0.08,0.8,5824,0.08,0.8,1,0.085,0.85,156,0
SPY190717P298,2019-07-16,2019-07-16 09:38:13,0.09,0.9,4801,0.08,0.8,5824,0.08,0.8,1,0.085,0.85,156,0
SPY190717P298,2019-07-16,2019-07-16 09:38:13,0.09,0.9,5006,0.08,0.8,5824,0.08,0.8,1,0.085,0.85,156,0
SPY190717P298,2019-07-16,2019-07-16 09:38:14,0.09,0.9,5006,0.08,0.8,5824,0.08,0.8,1,0.085,0.85,156,0
SPY190717P298,2019-07-16,2019-07-16 09:38:15,0.09,0.9,5108,0.08,0.8,5824,0.08,0.8,1,0.085,0.85,156,0
SPY190717P298,2019-07-16,2019-07-16 09:38:16,0.09,0.9,4245,0.08,0.8,5216,0.08,0.8,1,0.085,0.85,156,0
SPY190717P298,2019-07-16,2019-07-16 09:38:17,0.09,0.9,3589,0.08,0.8,5216,0.08,0.8,1,0.085,0.85,156,0
SPY190717P298,2019-07-16,2019-07-16 09:38:17,0.09,0.9,4245,0.08,0.8,5216,0.08,0.8,1,0.085,0.85,156,0
SPY190717P298,2019-07-16,2019-07-16 09:38:18,0.09,0.9,3398,0.08,0.8,4251,0.08,0.8,1,0.085,0.85,156,0
SPY190717P298,2019-07-16,2019-07-16 09:38:19,0.09,0.9,3500,0.08,0.8,5764,0.08,0.8,1,0.085,0.85,156,0
SPY190717P298,2019-07-16,2019-07-16 09:38:19,0.09,0.9,2427,0.08,0.8,4380,0.08,0.8,1,0.085,0.85,156,0
SPY190717P298,2019-07-16,2019-07-16 09:38:20,0.09,0.9,3500,0.08,0.8,5764,0.08,0.8,1,0.085,0.85,156,0
SPY190717P298,2019-07-16,2019-07-16 09:38:20,0.09,0.9,4900,0.08,0.8,5764,0.08,0.8,1,0.085,0.85,156,0
SPY190717P298,2019-07-16,2019-07-16 09:38:21,0.09,0.9,3500,0.08,0.8,5764,0.08,0.8,1,0.085,0.85,156,0
SPY190717P298,2019-07-16,2019-07-16 09:38:22,0.09,0.9,3500,0.08,0.8,6188,0.08,0.8,1,0.085,0.85,157,1
SPY190717P298,2019-07-16,2019-07-16 09:38:22,0.09,0.9,3500,0.08,0.8,6188,0.08,0.8,1,0.085,0.85,157,0
SPY190717P298,2019-07-16,2019-07-16 09:38:23,0.09,0.9,3500,0.08,0.8,6215,0.08,0.8,1,0.085,0.85,157,0
SPY190717P298,2019-07-16,2019-07-16 09:38:23,0.09,0.9,3500,0.08,0.8,6188,0.08,0.8,1,0.085,0.85,157,0
SPY190717P298,2019-07-16,2019-07-16 09:38:24,0.09,0.9,4946,0.08,0.8,5868,0.08,0.8,1,0.085,0.85,157,0
SPY190717P298,2019-07-16,2019-07-16 09:38:25,0.09,0.9,5172,0.08,0.8,6338,0.08,0.8,1,0.085,0.85,157,0
SPY190717P298,2019-07-16,2019-07-16 09:38:26,0.09,0.9,4396,0.08,0.8,5815,0.08,0.8,1,0.085,0.85,157,0
SPY190717P298,2019-07-16,2019-07-16 09:38:26,0.09,0.9,5172,0.08,0.8,6338,0.08,0.8,1,0.085,0.85,157,0
SPY190717P298,2019-07-16,2019-07-16 09:38:27,0.09,0.9,4396,0.08,0.8,5815,0.08,0.8,1,0.085,0.85,157,0
SPY190717P298,2019-07-16,2019-07-16 09:38:28,0.09,0.9,666,0.08,0.8,4251,0.08,0.8,1,0.085,0.85,157,0
SPY190717P298,2019-07-16,2019-07-16 09:38:28,0.09,0.9,1136,0.08,0.8,3575,0.08,0.8,1,0.085,0.85,157,0
SPY190717P298,2019-07-16,2019-07-16 09:38:29,0.09,0.9,372,0.08,0.8,5353,0.08,0.8,1,0.085,0.85,157,0
SPY190717P298,2019-07-16,2019-07-16 09:38:30,0.09,0.9,274,0.08,0.8,4167,0.08,0.8,1,0.085,0.85,157,0
SPY190717P298,2019-07-16,2019-07-16 09:38:30,0.09,0.9,274,0.08,0.8,4243,0.08,0.8,1,0.085,0.85,157,0
SPY190717P298,2019-07-16,2019-07-16 09:38:31,0.09,0.9,2746,0.08,0.8,4081,0.08,0.8,1,0.085,0.85,157,0
SPY190717P298,2019-07-16,2019-07-16 09:38:31,0.09,0.9,2746,0.08,0.8,3031,0.08,0.8,1,0.085,0.85,157,0
SPY190717P298,2019-07-16,2019-07-16 09:38:32,0.09,0.9,2349,0.08,0.8,4342,0.08,0.8,1,0.085,0.85,157,0
SPY190717P298,2019-07-16,2019-07-16 09:38:32,0.09,0.9,3080,0.08,0.8,5408,0.08,0.8,1,0.085,0.85,157,0
SPY190717P298,2019-07-16,2019-07-16 09:38:33,0.09,0.9,1364,0.08,0.8,4158,0.08,0.8,1,0.085,0.85,157,0
SPY190717P298,2019-07-16,2019-07-16 09:38:34,0.09,0.9,2068,0.08,0.8,4043,0.08,0.8,1,0.085,0.85,157,0
SPY190717P298,2019-07-16,2019-07-16 09:38:36,0.09,0.9,2711,0.08,0.8,5533,0.08,0.8,1,0.085,0.85,157,0
SPY190717P298,2019-07-16,2019-07-16 09:38:37,0.09,0.9,3008,0.08,0.8,5812,0.08,0.8,33,0.085,0.85,223,0
SPY190717P298,2019-07-16,2019-07-16 09:38:37,0.09,0.9,3115,0.08,0.8,5533,0.08,0.8,33,0.085,0.85,223,66
SPY190717P298,2019-07-16,2019-07-16 09:38:38,0.09,0.9,2591,0.08,0.8,4490,0.08,0.8,33,0.085,0.85,223,0
SPY190717P298,2019-07-16,2019-07-16 09:38:39,0.09,0.9,2453,0.08,0.8,3990,0.08,0.8,33,0.085,0.85,223,0
SPY190717P298,2019-07-16,2019-07-16 09:38:40,0.09,0.9,5821,0.08,0.8,4096,0.08,0.8,33,0.085,0.85,223,0
SPY190717P298,2019-07-16,2019-07-16 09:38:40,0.09,0.9,5821,0.08,0.8,5242,0.08,0.8,33,0.085,0.85,223,0
SPY190717P298,2019-07-16,2019-07-16 09:38:41,0.09,0.9,5457,0.08,0.8,5372,0.08,0.8,33,0.085,0.85,223,0
SPY190717P298,2019-07-16,2019-07-16 09:38:41,0.09,0.9,3823,0.08,0.8,4168,0.08,0.8,33,0.085,0.85,223,0
SPY190717P298,2019-07-16,2019-07-16 09:38:42,0.09,0.9,3369,0.08,0.8,4303,0.08,0.8,33,0.085,0.85,223,0
SPY190717P298,2019-07-16,2019-07-16 09:38:43,0.09,0.9,4263,0.08,0.8,5565,0.08,0.8,33,0.085,0.85,223,0
SPY190717P298,2019-07-16,2019-07-16 09:38:44,0.09,0.9,4263,0.08,0.8,5565,0.08,0.8,33,0.085,0.85,223,0
SPY190717P298,2019-07-16,2019-07-16 09:38:44,0.09,0.9,2536,0.08,0.8,5652,0.08,0.8,33,0.085,0.85,223,0
SPY190717P298,2019-07-16,2019-07-16 09:38:45,0.09,0.9,1642,0.08,0.8,5682,0.08,0.8,33,0.085,0.85,223,0
SPY190717P298,2019-07-16,2019-07-16 09:38:46,0.09,0.9,2574,0.08,0.8,5470,0.08,0.8,33,0.085,0.85,223,0
SPY190717P298,2019-07-16,2019-07-16 09:38:47,0.09,0.9,2782,0.08,0.8,5958,0.08,0.8,33,0.085,0.85,223,0
SPY190717P298,2019-07-16,2019-07-16 09:38:49,0.09,0.9,2919,0.08,0.8,5725,0.08,0.8,33,0.085,0.85,223,0
SPY190717P298,2019-07-16,2019-07-16 09:38:50,0.09,0.9,4718,0.08,0.8,5725,0.08,0.8,33,0.085,0.85,223,0
SPY190717P298,2019-07-16,2019-07-16 09:38:50,0.09,0.9,2810,0.08,0.8,5725,0.08,0.8,33,0.085,0.85,223,0
SPY190717P298,2019-07-16,2019-07-16 09:38:51,0.09,0.9,2702,0.08,0.8,5725,0.08,0.8,33,0.085,0.85,223,0
SPY190717P298,2019-07-16,2019-07-16 09:38:52,0.09,0.9,2773,0.08,0.8,5725,0.08,0.8,33,0.085,0.85,223,0
SPY190717P298,2019-07-16,2019-07-16 09:38:53,0.09,0.9,1642,0.08,0.8,5726,0.08,0.8,33,0.085,0.85,223,0
SPY190717P298,2019-07-16,2019-07-16 09:38:54,0.09,0.9,2730,0.08,0.8,5726,0.08,0.8,33,0.085,0.85,223,0
SPY190717P298,2019-07-16,2019-07-16 09:38:55,0.09,0.9,283,0.08,0.8,5886,0.08,0.8,33,0.085,0.85,223,0
SPY190717P298,2019-07-16,2019-07-16 09:38:56,0.09,0.9,283,0.08,0.8,5886,0.08,0.8,33,0.085,0.85,223,0
SPY190717P298,2019-07-16,2019-07-16 09:38:56,0.09,0.9,181,0.08,0.8,6213,0.08,0.8,33,0.085,0.85,223,0
SPY190717P298,2019-07-16,2019-07-16 09:38:57,0.09,0.9,181,0.08,0.8,6244,0.08,0.8,33,0.085,0.85,223,0
SPY190717P298,2019-07-16,2019-07-16 09:39:01,0.09,0.9,527,0.08,0.8,4922,0.08,0.8,33,0.085,0.85,223,0
SPY190717P298,2019-07-16,2019-07-16 09:39:06,0.09,0.9,500,0.08,0.8,5965,0.08,0.8,33,0.085,0.85,223,0
SPY190717P298,2019-07-16,2019-07-16 09:39:07,0.09,0.9,154,0.08,0.8,4902,0.08,0.8,33,0.085,0.85,223,0
SPY190717P298,2019-07-16,2019-07-16 09:39:09,0.1,1.0,6885,0.09,0.9,20,0.08,0.8,33,0.095,0.95,223,0
SPY190717P298,2019-07-16,2019-07-16 09:39:09,0.1,1.0,6885,0.09,0.9,305,0.08,0.8,33,0.095,0.95,223,0
SPY190717P298,2019-07-16,2019-07-16 09:39:10,0.1,1.0,5382,0.09,0.9,110,0.08,0.8,33,0.095,0.95,223,0
SPY190717P298,2019-07-16,2019-07-16 09:39:11,0.1,1.0,5376,0.08,0.8,3713,0.08,0.8,33,0.09,0.9,223,0
SPY190717P298,2019-07-16,2019-07-16 09:39:13,0.09,0.9,1462,0.08,0.8,5493,0.08,0.8,33,0.085,0.85,223,0
SPY190717P298,2019-07-16,2019-07-16 09:39:15,0.09,0.9,647,0.08,0.8,4875,0.08,0.8,33,0.085,0.85,223,0
SPY190717P298,2019-07-16,2019-07-16 09:39:18,0.09,0.9,1633,0.08,0.8,6655,0.08,0.8,33,0.085,0.85,223,0
SPY190717P298,2019-07-16,2019-07-16 09:39:20,0.09,0.9,2298,0.08,0.8,4820,0.08,0.8,33,0.085,0.85,223,0
SPY190717P298,2019-07-16,2019-07-16 09:39:22,0.09,0.9,1846,0.08,0.8,4617,0.08,0.8,33,0.085,0.85,223,0
SPY190717P298,2019-07-16,2019-07-16 09:39:24,0.09,0.9,3517,0.08,0.8,3129,0.08,0.8,33,0.085,0.85,223,0
SPY190717P298,2019-07-16,2019-07-16 09:39:26,0.09,0.9,2908,0.08,0.8,3961,0.08,0.8,33,0.085,0.85,223,0
SPY190717P298,2019-07-16,2019-07-16 09:39:31,0.09,0.9,3741,0.08,0.8,6058,0.08,0.8,33,0.085,0.85,223,0
SPY190717P298,2019-07-16,2019-07-16 09:39:38,0.09,0.9,4454,0.08,0.8,5927,0.08,0.8,33,0.085,0.85,223,0
SPY190717P298,2019-07-16,2019-07-16 09:39:47,0.09,0.9,2855,0.08,0.8,4263,0.08,0.8,33,0.085,0.85,223,0
SPY190717P298,2019-07-16,2019-07-16 09:39:48,0.09,0.9,2952,0.08,0.8,4263,0.08,0.8,33,0.085,0.85,223,0
SPY190717P298,2019-07-16,2019-07-16 09:39:50,0.09,0.9,3948,0.08,0.8,5652,0.08,0.8,33,0.085,0.85,223,0
SPY190717P298,2019-07-16,2019-07-16 09:39:51,0.09,0.9,3872,0.08,0.8,5652,0.08,0.8,33,0.085,0.85,223,0
SPY190717P298,2019-07-16,2019-07-16 09:39:52,0.09,0.9,3761,0.08,0.8,5652,0.08,0.8,33,0.085,0.85,223,0
SPY190717P298,2019-07-16,2019-07-16 09:39:54,0.09,0.9,3761,0.08,0.8,5652,0.08,0.8,33,0.085,0.85,223,0
SPY190717P298,2019-07-16,2019-07-16 09:42:11,0.08,0.8,4548,0.07,0.7,3244,0.08,0.8,1,0.075,0.75,230,0
SPY190717P298,2019-07-16,2019-07-16 09:42:11,0.08,0.8,3798,0.07,0.7,4537,0.08,0.8,1,0.075,0.75,230,7
SPY190717P298,2019-07-16,2019-07-16 09:42:12,0.08,0.8,4572,0.07,0.7,3244,0.08,0.8,1,0.075,0.75,230,0
SPY190717P298,2019-07-16,2019-07-16 09:42:12,0.08,0.8,4434,0.07,0.7,4520,0.08,0.8,1,0.075,0.75,230,0
SPY190717P298,2019-07-16,2019-07-16 09:42:13,0.08,0.8,4744,0.07,0.7,3244,0.08,0.8,1,0.075,0.75,230,0
SPY190717P298,2019-07-16,2019-07-16 09:42:14,0.08,0.8,4744,0.07,0.7,3244,0.08,0.8,1,0.075,0.75,230,0
SPY190717P298,2019-07-16,2019-07-16 09:42:14,0.08,0.8,4318,0.07,0.7,1482,0.08,0.8,1,0.075,0.75,230,0
SPY190717P298,2019-07-16,2019-07-16 09:42:15,0.08,0.8,4495,0.07,0.7,2546,0.08,0.8,1,0.075,0.75,230,0
SPY190717P298,2019-07-16,2019-07-16 09:42:15,0.08,0.8,4495,0.07,0.7,4834,0.08,0.8,1,0.075,0.75,230,0
SPY190717P298,2019-07-16,2019-07-16 09:42:16,0.08,0.8,4623,0.07,0.7,4834,0.08,0.8,1,0.075,0.75,230,0
SPY190717P298,2019-07-16,2019-07-16 09:42:17,0.08,0.8,4623,0.07,0.7,4834,0.08,0.8,1,0.075,0.75,230,0
SPY190717P298,2019-07-16,2019-07-16 09:42:18,0.08,0.8,4495,0.07,0.7,1298,0.08,0.8,1,0.075,0.75,230,0
SPY190717P298,2019-07-16,2019-07-16 09:42:19,0.08,0.8,3399,0.07,0.7,4698,0.08,0.8,1,0.075,0.75,230,0
SPY190717P298,2019-07-16,2019-07-16 09:42:19,0.08,0.8,3839,0.07,0.7,3261,0.08,0.8,1,0.075,0.75,230,0
SPY190717P298,2019-07-16,2019-07-16 09:42:20,0.08,0.8,4122,0.07,0.7,5275,0.08,0.8,1,0.075,0.75,230,0
SPY190717P298,2019-07-16,2019-07-16 09:42:21,0.08,0.8,4222,0.07,0.7,3952,0.08,0.8,1,0.075,0.75,230,0
SPY190717P298,2019-07-16,2019-07-16 09:42:21,0.08,0.8,4122,0.07,0.7,5315,0.08,0.8,1,0.075,0.75,230,0
SPY190717P298,2019-07-16,2019-07-16 09:42:22,0.08,0.8,4172,0.07,0.7,3952,0.08,0.8,1,0.075,0.75,230,0
SPY190717P298,2019-07-16,2019-07-16 09:42:23,0.08,0.8,4122,0.07,0.7,5315,0.08,0.8,2,0.075,0.75,232,2
SPY190717P298,2019-07-16,2019-07-16 09:42:24,0.08,0.8,4134,0.07,0.7,5315,0.08,0.8,4,0.075,0.75,247,15
SPY190717P298,2019-07-16,2019-07-16 09:42:24,0.08,0.8,4134,0.07,0.7,5315,0.08,0.8,4,0.075,0.75,247,0
SPY190717P298,2019-07-16,2019-07-16 09:42:25,0.08,0.8,4134,0.07,0.7,5315,0.08,0.8,4,0.075,0.75,247,0
SPY190717P298,2019-07-16,2019-07-16 09:42:26,0.08,0.8,4134,0.07,0.7,3905,0.08,0.8,4,0.075,0.75,247,0
SPY190717P298,2019-07-16,2019-07-16 09:42:27,0.08,0.8,4134,0.07,0.7,5311,0.08,0.8,4,0.075,0.75,247,0
SPY190717P298,2019-07-16,2019-07-16 09:42:28,0.08,0.8,3468,0.07,0.7,5268,0.08,0.8,4,0.075,0.75,247,0
SPY190717P298,2019-07-16,2019-07-16 09:42:29,0.08,0.8,4145,0.07,0.7,5315,0.07,0.7,4,0.075,0.75,251,4
SPY190717P298,2019-07-16,2019-07-16 09:42:29,0.08,0.8,4145,0.07,0.7,5315,0.08,0.8,4,0.075,0.75,247,0
SPY190717P298,2019-07-16,2019-07-16 09:42:30,0.08,0.8,4145,0.07,0.7,5468,0.07,0.7,4,0.075,0.75,251,0
SPY190717P298,2019-07-16,2019-07-16 09:42:31,0.08,0.8,4145,0.07,0.7,5468,0.07,0.7,4,0.075,0.75,251,0
SPY190717P298,2019-07-16,2019-07-16 09:42:32,0.08,0.8,4183,0.07,0.7,5468,0.07,0.7,4,0.075,0.75,251,0
SPY190717P298,2019-07-16,2019-07-16 09:42:33,0.08,0.8,4061,0.07,0.7,5624,0.07,0.7,4,0.075,0.75,251,0
SPY190717P298,2019-07-16,2019-07-16 09:42:34,0.08,0.8,4061,0.07,0.7,5624,0.07,0.7,4,0.075,0.75,251,0
SPY190717P298,2019-07-16,2019-07-16 09:42:35,0.08,0.8,3290,0.07,0.7,5634,0.07,0.7,4,0.075,0.75,251,0
SPY190717P298,2019-07-16,2019-07-16 09:42:36,0.08,0.8,3290,0.07,0.7,5634,0.07,0.7,4,0.075,0.75,251,0
SPY190717P298,2019-07-16,2019-07-16 09:42:36,0.08,0.8,2084,0.07,0.7,4517,0.07,0.7,4,0.075,0.75,251,0
SPY190717P298,2019-07-16,2019-07-16 09:42:37,0.08,0.8,3272,0.07,0.7,5922,0.07,0.7,4,0.075,0.75,251,0
SPY190717P298,2019-07-16,2019-07-16 09:42:37,0.08,0.8,3178,0.07,0.7,5922,0.07,0.7,4,0.075,0.75,251,0
SPY190717P298,2019-07-16,2019-07-16 09:42:38,0.08,0.8,2245,0.07,0.7,5922,0.07,0.7,4,0.075,0.75,251,0
SPY190717P298,2019-07-16,2019-07-16 09:42:39,0.08,0.8,2720,0.07,0.7,5922,0.07,0.7,4,0.075,0.75,251,0
SPY190717P298,2019-07-16,2019-07-16 09:42:40,0.08,0.8,2720,0.07,0.7,5922,0.07,0.7,4,0.075,0.75,251,0
SPY190717P298,2019-07-16,2019-07-16 09:42:41,0.08,0.8,3294,0.07,0.7,5693,0.07,0.7,4,0.075,0.75,251,0
SPY190717P298,2019-07-16,2019-07-16 09:42:41,0.08,0.8,2723,0.07,0.7,5869,0.07,0.7,4,0.075,0.75,251,0
SPY190717P298,2019-07-16,2019-07-16 09:42:42,0.08,0.8,3294,0.07,0.7,5693,0.07,0.7,4,0.075,0.75,251,0
SPY190717P298,2019-07-16,2019-07-16 09:42:43,0.08,0.8,3294,0.07,0.7,5693,0.07,0.7,4,0.075,0.75,251,0
SPY190717P298,2019-07-16,2019-07-16 09:42:44,0.08,0.8,3294,0.07,0.7,5693,0.07,0.7,4,0.075,0.75,251,0
SPY190717P298,2019-07-16,2019-07-16 09:42:44,0.08,0.8,3295,0.07,0.7,4309,0.07,0.7,4,0.075,0.75,251,0
SPY190717P298,2019-07-16,2019-07-16 09:42:45,0.08,0.8,3113,0.07,0.7,5693,0.07,0.7,4,0.075,0.75,251,0
SPY190717P298,2019-07-16,2019-07-16 09:42:46,0.08,0.8,3727,0.07,0.7,5693,0.07,0.7,4,0.075,0.75,251,0
SPY190717P298,2019-07-16,2019-07-16 09:42:47,0.08,0.8,3727,0.07,0.7,5693,0.07,0.7,4,0.075,0.75,251,0
SPY190717P298,2019-07-16,2019-07-16 09:42:47,0.08,0.8,2552,0.07,0.7,5693,0.07,0.7,4,0.075,0.75,251,0
SPY190717P298,2019-07-16,2019-07-16 09:42:48,0.08,0.8,3189,0.07,0.7,5693,0.07,0.7,4,0.075,0.75,251,0
SPY190717P298,2019-07-16,2019-07-16 09:42:49,0.08,0.8,3189,0.07,0.7,5693,0.07,0.7,4,0.075,0.75,251,0
SPY190717P298,2019-07-16,2019-07-16 09:42:50,0.08,0.8,3727,0.07,0.7,5693,0.07,0.7,4,0.075,0.75,251,0
SPY190717P298,2019-07-16,2019-07-16 09:42:51,0.08,0.8,3727,0.07,0.7,5693,0.07,0.7,4,0.075,0.75,251,0
SPY190717P298,2019-07-16,2019-07-16 09:42:52,0.08,0.8,3727,0.07,0.7,5693,0.07,0.7,4,0.075,0.75,251,0
SPY190717P298,2019-07-16,2019-07-16 09:42:52,0.08,0.8,3727,0.07,0.7,5691,0.07,0.7,4,0.075,0.75,251,0
SPY190717P298,2019-07-16,2019-07-16 09:42:53,0.08,0.8,3727,0.07,0.7,5351,0.07,0.7,4,0.075,0.75,251,0
SPY190717P298,2019-07-16,2019-07-16 09:42:54,0.08,0.8,3791,0.07,0.7,5329,0.07,0.7,4,0.075,0.75,251,0
SPY190717P298,2019-07-16,2019-07-16 09:42:55,0.08,0.8,3791,0.07,0.7,5329,0.07,0.7,4,0.075,0.75,251,0
SPY190717P298,2019-07-16,2019-07-16 09:42:56,0.08,0.8,3791,0.07,0.7,5329,0.07,0.7,4,0.075,0.75,251,0
SPY190717P298,2019-07-16,2019-07-16 09:42:56,0.08,0.8,2608,0.07,0.7,5329,0.07,0.7,4,0.075,0.75,251,0
SPY190717P298,2019-07-16,2019-07-16 09:42:57,0.08,0.8,3174,0.07,0.7,5317,0.07,0.7,4,0.075,0.75,251,0
SPY190717P298,2019-07-16,2019-07-16 09:42:58,0.08,0.8,3995,0.07,0.7,5317,0.07,0.7,4,0.075,0.75,251,0
SPY190717P298,2019-07-16,2019-07-16 09:42:59,0.08,0.8,2800,0.07,0.7,3962,0.07,0.7,4,0.075,0.75,251,0
SPY190717P298,2019-07-16,2019-07-16 09:43:00,0.08,0.8,3870,0.07,0.7,5329,0.07,0.7,4,0.075,0.75,251,0
SPY190717P298,2019-07-16,2019-07-16 09:43:01,0.08,0.8,3892,0.07,0.7,5327,0.07,0.7,4,0.075,0.75,251,0
SPY190717P298,2019-07-16,2019-07-16 09:43:01,0.08,0.8,3616,0.07,0.7,5327,0.07,0.7,4,0.075,0.75,251,0
SPY190717P298,2019-07-16,2019-07-16 09:43:02,0.08,0.8,3047,0.07,0.7,5327,0.07,0.7,4,0.075,0.75,251,0
SPY190717P298,2019-07-16,2019-07-16 09:43:02,0.08,0.8,3892,0.07,0.7,5327,0.07,0.7,4,0.075,0.75,251,0
SPY190717P298,2019-07-16,2019-07-16 09:43:03,0.08,0.8,3923,0.07,0.7,5330,0.07,0.7,4,0.075,0.75,251,0
SPY190717P298,2019-07-16,2019-07-16 09:43:04,0.08,0.8,3916,0.07,0.7,5620,0.07,0.7,4,0.075,0.75,251,0
SPY190717P298,2019-07-16,2019-07-16 09:43:04,0.08,0.8,3923,0.07,0.7,5330,0.07,0.7,4,0.075,0.75,251,0
SPY190717P298,2019-07-16,2019-07-16 09:43:05,0.08,0.8,3465,0.07,0.7,5330,0.07,0.7,4,0.075,0.75,251,0
SPY190717P298,2019-07-16,2019-07-16 09:43:06,0.08,0.8,3465,0.07,0.7,5330,0.07,0.7,4,0.075,0.75,251,0
SPY190717P298,2019-07-16,2019-07-16 09:43:07,0.08,0.8,3618,0.07,0.7,5635,0.07,0.7,4,0.075,0.75,251,0
SPY190717P298,2019-07-16,2019-07-16 09:43:07,0.08,0.8,3465,0.07,0.7,5330,0.07,0.7,4,0.075,0.75,251,0
SPY190717P298,2019-07-16,2019-07-16 09:43:08,0.08,0.8,3532,0.07,0.7,5324,0.07,0.7,4,0.075,0.75,251,0
SPY190717P298,2019-07-16,2019-07-16 09:43:09,0.08,0.8,3532,0.07,0.7,5324,0.07,0.7,4,0.075,0.75,251,0
SPY190717P298,2019-07-16,2019-07-16 09:43:10,0.08,0.8,3614,0.07,0.7,5538,0.07,0.7,4,0.075,0.75,251,0
SPY190717P298,2019-07-16,2019-07-16 09:43:11,0.08,0.8,3614,0.07,0.7,5538,0.07,0.7,4,0.075,0.75,251,0
SPY190717P298,2019-07-16,2019-07-16 09:43:12,0.08,0.8,3614,0.07,0.7,5538,0.07,0.7,4,0.075,0.75,251,0
SPY190717P298,2019-07-16,2019-07-16 09:43:13,0.08,0.8,3018,0.07,0.7,5538,0.07,0.7,4,0.075,0.75,251,0
SPY190717P298,2019-07-16,2019-07-16 09:43:14,0.08,0.8,3280,0.07,0.7,5538,0.07,0.7,4,0.075,0.75,251,0
SPY190717P298,2019-07-16,2019-07-16 09:43:14,0.08,0.8,3412,0.07,0.7,5538,0.07,0.7,4,0.075,0.75,251,0
SPY190717P298,2019-07-16,2019-07-16 09:43:15,0.08,0.8,3515,0.07,0.7,5538,0.07,0.7,4,0.075,0.75,251,0
SPY190717P298,2019-07-16,2019-07-16 09:43:16,0.08,0.8,3268,0.07,0.7,3905,0.07,0.7,4,0.075,0.75,251,0
SPY190717P298,2019-07-16,2019-07-16 09:43:17,0.08,0.8,3315,0.07,0.7,3905,0.07,0.7,4,0.075,0.75,251,0
SPY190717P298,2019-07-16,2019-07-16 09:43:17,0.08,0.8,3432,0.07,0.7,3573,0.07,0.7,4,0.075,0.75,251,0
SPY190717P298,2019-07-16,2019-07-16 09:43:18,0.08,0.8,3592,0.07,0.7,3573,0.07,0.7,4,0.075,0.75,251,0
SPY190717P298,2019-07-16,2019-07-16 09:43:19,0.08,0.8,3452,0.07,0.7,3573,0.07,0.7,4,0.075,0.75,251,0
SPY190717P298,2019-07-16,2019-07-16 09:43:19,0.08,0.8,2548,0.07,0.7,3877,0.07,0.7,4,0.075,0.75,251,0
SPY190717P298,2019-07-16,2019-07-16 09:43:20,0.08,0.8,3391,0.07,0.7,3877,0.07,0.7,4,0.075,0.75,251,0
SPY190717P298,2019-07-16,2019-07-16 09:43:21,0.08,0.8,3712,0.07,0.7,5522,0.07,0.7,4,0.075,0.75,251,0
SPY190717P298,2019-07-16,2019-07-16 09:43:21,0.08,0.8,3712,0.07,0.7,5233,0.07,0.7,4,0.075,0.75,251,0
SPY190717P298,2019-07-16,2019-07-16 09:43:22,0.08,0.8,3712,0.07,0.7,5552,0.07,0.7,4,0.075,0.75,251,0
SPY190717P298,2019-07-16,2019-07-16 09:43:23,0.08,0.8,3712,0.07,0.7,5552,0.07,0.7,4,0.075,0.75,251,0
SPY190717P298,2019-07-16,2019-07-16 09:43:24,0.08,0.8,3653,0.07,0.7,5552,0.07,0.7,10,0.075,0.75,261,10
SPY190717P298,2019-07-16,2019-07-16 09:43:25,0.08,0.8,3527,0.07,0.7,5552,0.07,0.7,10,0.075,0.75,261,0
SPY190717P298,2019-07-16,2019-07-16 09:43:26,0.08,0.8,3527,0.07,0.7,5371,0.07,0.7,10,0.075,0.75,261,0
SPY190717P298,2019-07-16,2019-07-16 09:43:26,0.08,0.8,3527,0.07,0.7,5552,0.07,0.7,10,0.075,0.75,261,0
SPY190717P298,2019-07-16,2019-07-16 09:43:27,0.08,0.8,3527,0.07,0.7,5371,0.07,0.7,10,0.075,0.75,261,0
SPY190717P298,2019-07-16,2019-07-16 09:43:27,0.08,0.8,3691,0.07,0.7,5371,0.07,0.7,10,0.075,0.75,261,0
SPY190717P298,2019-07-16,2019-07-16 09:43:28,0.08,0.8,3706,0.07,0.7,5576,0.07,0.7,10,0.075,0.75,261,0
SPY190717P298,2019-07-16,2019-07-16 09:43:29,0.08,0.8,3706,0.07,0.7,5576,0.07,0.7,10,0.075,0.75,261,0
SPY190717P298,2019-07-16,2019-07-16 09:43:29,0.08,0.8,2557,0.07,0.7,4205,0.07,0.7,10,0.075,0.75,261,0
SPY190717P298,2019-07-16,2019-07-16 09:43:30,0.08,0.8,2774,0.07,0.7,4205,0.07,0.7,10,0.075,0.75,261,0
SPY190717P298,2019-07-16,2019-07-16 09:43:31,0.08,0.8,2557,0.07,0.7,4205,0.07,0.7,10,0.075,0.75,261,0
SPY190717P298,2019-07-16,2019-07-16 09:43:31,0.08,0.8,3526,0.07,0.7,5374,0.07,0.7,10,0.075,0.75,261,0
SPY190717P298,2019-07-16,2019-07-16 09:43:32,0.08,0.8,3526,0.07,0.7,5374,0.07,0.7,10,0.075,0.75,261,0
SPY190717P298,2019-07-16,2019-07-16 09:43:33,0.08,0.8,2378,0.07,0.7,5374,0.07,0.7,10,0.075,0.75,261,0
SPY190717P298,2019-07-16,2019-07-16 09:43:33,0.08,0.8,3641,0.07,0.7,5580,0.07,0.7,10,0.075,0.75,261,0
SPY190717P298,2019-07-16,2019-07-16 09:43:34,0.08,0.8,3641,0.07,0.7,5580,0.07,0.7,10,0.075,0.75,261,0
SPY190717P298,2019-07-16,2019-07-16 09:43:35,0.08,0.8,3863,0.07,0.7,5580,0.07,0.7,10,0.075,0.75,261,0
SPY190717P298,2019-07-16,2019-07-16 09:43:35,0.08,0.8,3870,0.07,0.7,5580,0.07,0.7,10,0.075,0.75,261,0
SPY190717P298,2019-07-16,2019-07-16 09:43:36,0.08,0.8,3863,0.07,0.7,5580,0.07,0.7,10,0.075,0.75,261,0
SPY190717P298,2019-07-16,2019-07-16 09:43:37,0.08,0.8,3863,0.07,0.7,5580,0.07,0.7,10,0.075,0.75,261,0
SPY190717P298,2019-07-16,2019-07-16 09:43:38,0.08,0.8,3615,0.07,0.7,5580,0.07,0.7,10,0.075,0.75,261,0
SPY190717P298,2019-07-16,2019-07-16 09:43:38,0.08,0.8,3562,0.07,0.7,3515,0.07,0.7,10,0.075,0.75,261,0
SPY190717P298,2019-07-16,2019-07-16 09:43:39,0.08,0.8,3965,0.07,0.7,5191,0.07,0.7,10,0.075,0.75,261,0
SPY190717P298,2019-07-16,2019-07-16 09:43:40,0.08,0.8,3643,0.07,0.7,5234,0.07,0.7,10,0.075,0.75,261,0
SPY190717P298,2019-07-16,2019-07-16 09:43:40,0.08,0.8,3868,0.07,0.7,5426,0.08,0.8,105,0.075,0.75,366,105
SPY190717P298,2019-07-16,2019-07-16 09:43:41,0.08,0.8,3868,0.07,0.7,5426,0.08,0.8,105,0.075,0.75,366,0
SPY190717P298,2019-07-16,2019-07-16 09:43:42,0.08,0.8,3818,0.07,0.7,3871,0.08,0.8,105,0.075,0.75,366,0
SPY190717P298,2019-07-16,2019-07-16 09:43:42,0.08,0.8,3818,0.07,0.7,5234,0.08,0.8,105,0.075,0.75,366,0
SPY190717P298,2019-07-16,2019-07-16 09:43:43,0.08,0.8,3643,0.07,0.7,5234,0.08,0.8,105,0.075,0.75,366,0
SPY190717P298,2019-07-16,2019-07-16 09:43:43,0.08,0.8,4010,0.07,0.7,3871,0.08,0.8,105,0.075,0.75,366,0
SPY190717P298,2019-07-16,2019-07-16 09:43:44,0.08,0.8,4010,0.07,0.7,5234,0.08,0.8,105,0.075,0.75,366,0
SPY190717P298,2019-07-16,2019-07-16 09:43:45,0.08,0.8,4010,0.07,0.7,5234,0.08,0.8,105,0.075,0.75,366,0
SPY190717P298,2019-07-16,2019-07-16 09:43:46,0.08,0.8,4010,0.07,0.7,5234,0.08,0.8,105,0.075,0.75,366,0
SPY190717P298,2019-07-16,2019-07-16 09:43:47,0.08,0.8,4010,0.07,0.7,5230,0.08,0.8,105,0.075,0.75,366,0
SPY190717P298,2019-07-16,2019-07-16 09:43:48,0.08,0.8,4276,0.07,0.7,5980,0.08,0.8,105,0.075,0.75,366,0
SPY190717P298,2019-07-16,2019-07-16 09:43:48,0.08,0.8,4010,0.07,0.7,5230,0.08,0.8,105,0.075,0.75,366,0
SPY190717P298,2019-07-16,2019-07-16 09:43:49,0.08,0.8,4276,0.07,0.7,5980,0.08,0.8,105,0.075,0.75,366,0
SPY190717P298,2019-07-16,2019-07-16 09:43:50,0.08,0.8,4276,0.07,0.7,5980,0.08,0.8,105,0.075,0.75,366,0
SPY190717P298,2019-07-16,2019-07-16 09:43:50,0.08,0.8,4385,0.07,0.7,5777,0.08,0.8,105,0.075,0.75,366,0
SPY190717P298,2019-07-16,2019-07-16 09:43:51,0.08,0.8,4389,0.07,0.7,5777,0.08,0.8,105,0.075,0.75,366,0
SPY190717P298,2019-07-16,2019-07-16 09:43:52,0.08,0.8,4389,0.07,0.7,5777,0.08,0.8,105,0.075,0.75,366,0
SPY190717P298,2019-07-16,2019-07-16 09:43:53,0.08,0.8,4389,0.07,0.7,5777,0.08,0.8,105,0.075,0.75,366,0
SPY190717P298,2019-07-16,2019-07-16 09:43:54,0.08,0.8,4023,0.07,0.7,4393,0.08,0.8,105,0.075,0.75,366,0
SPY190717P298,2019-07-16,2019-07-16 09:43:55,0.08,0.8,4023,0.07,0.7,4393,0.08,0.8,105,0.075,0.75,366,0
SPY190717P298,2019-07-16,2019-07-16 09:43:56,0.08,0.8,2628,0.07,0.7,3143,0.08,0.8,105,0.075,0.75,366,0
SPY190717P298,2019-07-16,2019-07-16 09:43:57,0.08,0.8,3644,0.07,0.7,4393,0.08,0.8,105,0.075,0.75,366,0
SPY190717P298,2019-07-16,2019-07-16 09:43:57,0.08,0.8,3864,0.07,0.7,4393,0.08,0.8,105,0.075,0.75,366,0
SPY190717P298,2019-07-16,2019-07-16 09:43:58,0.08,0.8,3644,0.07,0.7,3643,0.08,0.8,105,0.075,0.75,366,0
SPY190717P298,2019-07-16,2019-07-16 09:43:58,0.08,0.8,4022,0.07,0.7,3643,0.08,0.8,105,0.075,0.75,366,0
SPY190717P298,2019-07-16,2019-07-16 09:43:59,0.08,0.8,4022,0.07,0.7,3643,0.08,0.8,105,0.075,0.75,366,0
SPY190717P298,2019-07-16,2019-07-16 09:44:00,0.08,0.8,4022,0.07,0.7,3643,0.08,0.8,105,0.075,0.75,366,0
SPY190717P298,2019-07-16,2019-07-16 09:44:01,0.08,0.8,4659,0.07,0.7,4969,0.08,0.8,105,0.075,0.75,366,0
SPY190717P298,2019-07-16,2019-07-16 09:44:02,0.08,0.8,4192,0.07,0.7,4969,0.08,0.8,105,0.075,0.75,366,0
SPY190717P298,2019-07-16,2019-07-16 09:44:02,0.08,0.8,4079,0.07,0.7,4418,0.08,0.8,105,0.075,0.75,366,0
SPY190717P298,2019-07-16,2019-07-16 09:44:03,0.08,0.8,3546,0.07,0.7,3470,0.08,0.8,105,0.075,0.75,366,0
SPY190717P298,2019-07-16,2019-07-16 09:44:04,0.08,0.8,3546,0.07,0.7,3470,0.08,0.8,105,0.075,0.75,366,0
SPY190717P298,2019-07-16,2019-07-16 09:44:04,0.08,0.8,3046,0.07,0.7,3470,0.08,0.8,105,0.075,0.75,366,0
SPY190717P298,2019-07-16,2019-07-16 09:44:05,0.08,0.8,3546,0.07,0.7,3470,0.08,0.8,105,0.075,0.75,366,0
SPY190717P298,2019-07-16,2019-07-16 09:44:06,0.08,0.8,3791,0.07,0.7,3470,0.08,0.8,105,0.075,0.75,366,0
SPY190717P298,2019-07-16,2019-07-16 09:44:06,0.08,0.8,3546,0.07,0.7,3470,0.08,0.8,105,0.075,0.75,366,0
SPY190717P298,2019-07-16,2019-07-16 09:44:07,0.08,0.8,4222,0.07,0.7,3470,0.08,0.8,105,0.075,0.75,366,0
SPY190717P298,2019-07-16,2019-07-16 09:44:08,0.08,0.8,4304,0.07,0.7,3470,0.08,0.8,105,0.075,0.75,366,0
SPY190717P298,2019-07-16,2019-07-16 09:44:08,0.08,0.8,3790,0.07,0.7,4220,0.08,0.8,105,0.075,0.75,366,0
SPY190717P298,2019-07-16,2019-07-16 09:44:09,0.08,0.8,5114,0.07,0.7,5930,0.08,0.8,105,0.075,0.75,366,0
SPY190717P298,2019-07-16,2019-07-16 09:44:10,0.08,0.8,5116,0.07,0.7,5708,0.08,0.8,105,0.075,0.75,366,0
SPY190717P298,2019-07-16,2019-07-16 09:44:10,0.08,0.8,5114,0.07,0.7,5586,0.08,0.8,105,0.075,0.75,366,0
SPY190717P298,2019-07-16,2019-07-16 09:44:11,0.08,0.8,5116,0.07,0.7,5708,0.08,0.8,105,0.075,0.75,366,0
SPY190717P298,2019-07-16,2019-07-16 09:44:11,0.08,0.8,4698,0.07,0.7,5708,0.08,0.8,105,0.075,0.75,366,0
SPY190717P298,2019-07-16,2019-07-16 09:44:12,0.08,0.8,4698,0.07,0.7,5708,0.08,0.8,105,0.075,0.75,366,0
SPY190717P298,2019-07-16,2019-07-16 09:44:13,0.08,0.8,3372,0.07,0.7,4332,0.08,0.8,105,0.075,0.75,366,0
SPY190717P298,2019-07-16,2019-07-16 09:44:13,0.08,0.8,4698,0.07,0.7,5708,0.08,0.8,105,0.075,0.75,366,0
SPY190717P298,2019-07-16,2019-07-16 09:44:14,0.08,0.8,4656,0.07,0.7,4332,0.08,0.8,105,0.075,0.75,366,0
SPY190717P298,2019-07-16,2019-07-16 09:44:15,0.08,0.8,5125,0.07,0.7,5717,0.08,0.8,105,0.075,0.75,366,0
SPY190717P298,2019-07-16,2019-07-16 09:44:16,0.08,0.8,4659,0.07,0.7,5717,0.08,0.8,105,0.075,0.75,366,0
SPY190717P298,2019-07-16,2019-07-16 09:44:17,0.08,0.8,4656,0.07,0.7,5715,0.08,0.8,1,0.075,0.75,376,10
SPY190717P298,2019-07-16,2019-07-16 09:44:17,0.08,0.8,3372,0.07,0.7,4650,0.08,0.8,105,0.075,0.75,366,0
SPY190717P298,2019-07-16,2019-07-16 09:44:18,0.08,0.8,4656,0.07,0.7,5715,0.08,0.8,1,0.075,0.75,376,0
SPY190717P298,2019-07-16,2019-07-16 09:44:19,0.08,0.8,4656,0.07,0.7,5715,0.08,0.8,1,0.075,0.75,376,0
SPY190717P298,2019-07-16,2019-07-16 09:44:20,0.08,0.8,4656,0.07,0.7,5715,0.08,0.8,1,0.075,0.75,376,0
SPY190717P298,2019-07-16,2019-07-16 09:44:21,0.08,0.8,4098,0.07,0.7,4332,0.08,0.8,1,0.075,0.75,376,0
SPY190717P298,2019-07-16,2019-07-16 09:44:21,0.08,0.8,4148,0.07,0.7,4332,0.08,0.8,1,0.075,0.75,376,0
SPY190717P298,2019-07-16,2019-07-16 09:44:22,0.08,0.8,4673,0.07,0.7,5610,0.08,0.8,1,0.075,0.75,376,0
SPY190717P298,2019-07-16,2019-07-16 09:44:22,0.08,0.8,4048,0.07,0.7,4332,0.08,0.8,1,0.075,0.75,376,0
SPY190717P298,2019-07-16,2019-07-16 09:44:23,0.08,0.8,4673,0.07,0.7,5610,0.08,0.8,1,0.075,0.75,376,0
SPY190717P298,2019-07-16,2019-07-16 09:44:24,0.08,0.8,4673,0.07,0.7,5610,0.08,0.8,1,0.075,0.75,376,0
SPY190717P298,2019-07-16,2019-07-16 09:44:25,0.08,0.8,4789,0.07,0.7,5698,0.08,0.8,1,0.075,0.75,376,0
SPY190717P298,2019-07-16,2019-07-16 09:44:25,0.08,0.8,4673,0.07,0.7,5610,0.08,0.8,1,0.075,0.75,376,0
SPY190717P298,2019-07-16,2019-07-16 09:44:26,0.08,0.8,4789,0.07,0.7,5698,0.08,0.8,1,0.075,0.75,376,0
SPY190717P298,2019-07-16,2019-07-16 09:44:26,0.08,0.8,4858,0.07,0.7,5691,0.08,0.8,1,0.075,0.75,376,0
SPY190717P298,2019-07-16,2019-07-16 09:44:27,0.08,0.8,5089,0.07,0.7,5691,0.08,0.8,1,0.075,0.75,376,0
SPY190717P298,2019-07-16,2019-07-16 09:44:27,0.08,0.8,4644,0.07,0.7,5698,0.08,0.8,1,0.075,0.75,376,0
SPY190717P298,2019-07-16,2019-07-16 09:44:28,0.08,0.8,4644,0.07,0.7,5698,0.08,0.8,1,0.075,0.75,376,0
SPY190717P298,2019-07-16,2019-07-16 09:44:29,0.08,0.8,5070,0.07,0.7,5698,0.08,0.8,1,0.075,0.75,376,0
SPY190717P298,2019-07-16,2019-07-16 09:44:29,0.08,0.8,4644,0.07,0.7,5698,0.08,0.8,1,0.075,0.75,376,0
SPY190717P298,2019-07-16,2019-07-16 09:44:30,0.08,0.8,5070,0.07,0.7,5698,0.08,0.8,1,0.075,0.75,376,0
SPY190717P298,2019-07-16,2019-07-16 09:44:31,0.08,0.8,5070,0.07,0.7,5698,0.08,0.8,1,0.075,0.75,376,0
SPY190717P298,2019-07-16,2019-07-16 09:44:32,0.08,0.8,4266,0.07,0.7,4314,0.08,0.8,1,0.075,0.75,376,0
SPY190717P298,2019-07-16,2019-07-16 09:44:32,0.08,0.8,5070,0.07,0.7,5698,0.08,0.8,1,0.075,0.75,376,0
SPY190717P298,2019-07-16,2019-07-16 09:44:33,0.08,0.8,4088,0.07,0.7,4314,0.08,0.8,1,0.075,0.75,376,0
SPY190717P298,2019-07-16,2019-07-16 09:44:33,0.08,0.8,4266,0.07,0.7,4314,0.08,0.8,1,0.075,0.75,376,0
SPY190717P298,2019-07-16,2019-07-16 09:44:34,0.08,0.8,4029,0.07,0.7,3663,0.08,0.8,1,0.075,0.75,376,0
SPY190717P298,2019-07-16,2019-07-16 09:44:34,0.08,0.8,3533,0.07,0.7,3663,0.08,0.8,1,0.075,0.75,376,0
SPY190717P298,2019-07-16,2019-07-16 09:44:35,0.08,0.8,4029,0.07,0.7,3663,0.08,0.8,1,0.075,0.75,376,0
SPY190717P298,2019-07-16,2019-07-16 09:44:36,0.08,0.8,4029,0.07,0.7,3663,0.08,0.8,1,0.075,0.75,376,0
SPY190717P298,2019-07-16,2019-07-16 09:44:37,0.08,0.8,3359,0.07,0.7,3663,0.08,0.8,1,0.075,0.75,376,0
SPY190717P298,2019-07-16,2019-07-16 09:44:37,0.08,0.8,3483,0.07,0.7,3663,0.08,0.8,1,0.075,0.75,376,0
SPY190717P298,2019-07-16,2019-07-16 09:44:38,0.08,0.8,3359,0.07,0.7,3663,0.08,0.8,1,0.075,0.75,376,0
SPY190717P298,2019-07-16,2019-07-16 09:44:39,0.08,0.8,3785,0.07,0.7,4314,0.08,0.8,1,0.075,0.75,376,0
SPY190717P298,2019-07-16,2019-07-16 09:44:40,0.08,0.8,3785,0.07,0.7,4314,0.08,0.8,1,0.075,0.75,376,0
SPY190717P298,2019-07-16,2019-07-16 09:44:40,0.08,0.8,3359,0.07,0.7,4314,0.08,0.8,1,0.075,0.75,376,0
SPY190717P298,2019-07-16,2019-07-16 09:44:41,0.08,0.8,3785,0.07,0.7,4314,0.08,0.8,1,0.075,0.75,376,0
SPY190717P298,2019-07-16,2019-07-16 09:44:42,0.08,0.8,3785,0.07,0.7,4314,0.08,0.8,1,0.075,0.75,376,0
SPY190717P298,2019-07-16,2019-07-16 09:44:43,0.08,0.8,3785,0.07,0.7,4314,0.08,0.8,1,0.075,0.75,376,0
SPY190717P298,2019-07-16,2019-07-16 09:44:44,0.08,0.8,5115,0.07,0.7,5698,0.08,0.8,1,0.075,0.75,376,0
SPY190717P298,2019-07-16,2019-07-16 09:44:44,0.08,0.8,3785,0.07,0.7,4314,0.08,0.8,1,0.075,0.75,376,0
SPY190717P298,2019-07-16,2019-07-16 09:44:45,0.08,0.8,3926,0.07,0.7,4314,0.08,0.8,1,0.075,0.75,376,0
SPY190717P298,2019-07-16,2019-07-16 09:44:46,0.08,0.8,3926,0.07,0.7,4314,0.08,0.8,1,0.075,0.75,376,0
SPY190717P298,2019-07-16,2019-07-16 09:44:47,0.08,0.8,3785,0.07,0.7,4314,0.08,0.8,1,0.075,0.75,376,0
SPY190717P298,2019-07-16,2019-07-16 09:44:47,0.08,0.8,3926,0.07,0.7,4314,0.08,0.8,1,0.075,0.75,376,0
SPY190717P298,2019-07-16,2019-07-16 09:44:48,0.08,0.8,3785,0.07,0.7,4314,0.08,0.8,1,0.075,0.75,376,0
SPY190717P298,2019-07-16,2019-07-16 09:44:49,0.08,0.8,3785,0.07,0.7,4314,0.08,0.8,1,0.075,0.75,376,0
SPY190717P298,2019-07-16,2019-07-16 09:44:50,0.08,0.8,3785,0.07,0.7,4314,0.08,0.8,1,0.075,0.75,376,0
SPY190717P298,2019-07-16,2019-07-16 09:44:50,0.08,0.8,4157,0.07,0.7,4314,0.08,0.8,1,0.075,0.75,376,0
SPY190717P298,2019-07-16,2019-07-16 09:44:51,0.08,0.8,3785,0.07,0.7,4314,0.08,0.8,1,0.075,0.75,376,0
SPY190717P298,2019-07-16,2019-07-16 09:44:52,0.08,0.8,4157,0.07,0.7,4314,0.08,0.8,1,0.075,0.75,376,0
SPY190717P298,2019-07-16,2019-07-16 09:44:53,0.08,0.8,5114,0.07,0.7,5690,0.08,0.8,1,0.075,0.75,376,0
SPY190717P298,2019-07-16,2019-07-16 09:44:53,0.08,0.8,4157,0.07,0.7,4314,0.08,0.8,1,0.075,0.75,376,0
SPY190717P298,2019-07-16,2019-07-16 09:44:54,0.08,0.8,5114,0.07,0.7,5690,0.08,0.8,1,0.075,0.75,376,0
SPY190717P298,2019-07-16,2019-07-16 09:44:55,0.08,0.8,5114,0.07,0.7,5690,0.08,0.8,1,0.075,0.75,376,0
SPY190717P298,2019-07-16,2019-07-16 09:44:56,0.08,0.8,4957,0.07,0.7,4750,0.08,0.8,1,0.075,0.75,376,0
SPY190717P298,2019-07-16,2019-07-16 09:44:57,0.08,0.8,3644,0.07,0.7,4151,0.08,0.8,1,0.075,0.75,376,0
SPY190717P298,2019-07-16,2019-07-16 09:44:57,0.08,0.8,5221,0.07,0.7,5500,0.08,0.8,1,0.075,0.75,376,0
SPY190717P298,2019-07-16,2019-07-16 09:44:58,0.08,0.8,5221,0.07,0.7,4750,0.08,0.8,1,0.075,0.75,376,0
SPY190717P298,2019-07-16,2019-07-16 09:44:58,0.08,0.8,3903,0.07,0.7,4750,0.08,0.8,1,0.075,0.75,376,0
SPY190717P298,2019-07-16,2019-07-16 09:44:59,0.08,0.8,4977,0.07,0.7,4697,0.08,0.8,1,0.075,0.75,376,0
SPY190717P298,2019-07-16,2019-07-16 09:45:00,0.08,0.8,4977,0.07,0.7,4808,0.08,0.8,1,0.075,0.75,376,0
SPY190717P298,2019-07-16,2019-07-16 09:45:00,0.08,0.8,4961,0.07,0.7,4833,0.08,0.8,1,0.075,0.75,376,0
SPY190717P298,2019-07-16,2019-07-16 09:45:01,0.08,0.8,4285,0.07,0.7,3514,0.08,0.8,1,0.075,0.75,376,0
SPY190717P298,2019-07-16,2019-07-16 09:45:02,0.08,0.8,5233,0.07,0.7,4833,0.08,0.8,1,0.075,0.75,376,0
SPY190717P298,2019-07-16,2019-07-16 09:45:02,0.08,0.8,4725,0.07,0.7,4630,0.08,0.8,1,0.075,0.75,376,0
SPY190717P298,2019-07-16,2019-07-16 09:45:03,0.08,0.8,4505,0.07,0.7,3175,0.08,0.8,1,0.075,0.75,376,0
SPY190717P298,2019-07-16,2019-07-16 09:45:04,0.08,0.8,4544,0.07,0.7,2328,0.08,0.8,1,0.075,0.75,376,0
SPY190717P298,2019-07-16,2019-07-16 09:45:04,0.08,0.8,4505,0.07,0.7,2670,0.08,0.8,1,0.075,0.75,376,0
SPY190717P298,2019-07-16,2019-07-16 09:45:05,0.08,0.8,3213,0.07,0.7,2881,0.08,0.8,1,0.075,0.75,376,0
SPY190717P298,2019-07-16,2019-07-16 09:45:05,0.08,0.8,4544,0.07,0.7,2881,0.08,0.8,1,0.075,0.75,376,0
SPY190717P298,2019-07-16,2019-07-16 09:45:06,0.08,0.8,4320,0.07,0.7,2415,0.08,0.8,1,0.075,0.75,376,0
SPY190717P298,2019-07-16,2019-07-16 09:45:07,0.08,0.8,3978,0.07,0.7,2509,0.08,0.8,1,0.075,0.75,376,0
SPY190717P298,2019-07-16,2019-07-16 09:45:07,0.08,0.8,4489,0.07,0.7,2688,0.08,0.8,1,0.075,0.75,376,0
SPY190717P298,2019-07-16,2019-07-16 09:45:08,0.08,0.8,4489,0.07,0.7,2688,0.08,0.8,1,0.075,0.75,376,0
SPY190717P298,2019-07-16,2019-07-16 09:45:08,0.08,0.8,3350,0.07,0.7,2688,0.08,0.8,1,0.075,0.75,376,0
SPY190717P298,2019-07-16,2019-07-16 09:45:09,0.08,0.8,3350,0.07,0.7,1515,0.08,0.8,1,0.075,0.75,376,0
SPY190717P298,2019-07-16,2019-07-16 09:45:10,0.08,0.8,3484,0.07,0.7,2954,0.08,0.8,1,0.075,0.75,376,0
SPY190717P298,2019-07-16,2019-07-16 09:45:11,0.08,0.8,3937,0.07,0.7,1065,0.08,0.8,1,0.075,0.75,376,0
SPY190717P298,2019-07-16,2019-07-16 09:45:12,0.08,0.8,4443,0.07,0.7,1936,0.08,0.8,1,0.075,0.75,376,0
SPY190717P298,2019-07-16,2019-07-16 09:45:12,0.08,0.8,4408,0.07,0.7,1678,0.08,0.8,1,0.075,0.75,376,0
SPY190717P298,2019-07-16,2019-07-16 09:45:13,0.08,0.8,4443,0.07,0.7,2677,0.08,0.8,1,0.075,0.75,376,0
SPY190717P298,2019-07-16,2019-07-16 09:45:13,0.08,0.8,4492,0.07,0.7,2677,0.08,0.8,1,0.075,0.75,376,0
SPY190717P298,2019-07-16,2019-07-16 09:45:14,0.08,0.8,5383,0.07,0.7,2677,0.08,0.8,1,0.075,0.75,376,0
SPY190717P298,2019-07-16,2019-07-16 09:45:15,0.08,0.8,5383,0.07,0.7,2677,0.08,0.8,1,0.075,0.75,376,0
SPY190717P298,2019-07-16,2019-07-16 09:45:15,0.08,0.8,5383,0.07,0.7,2591,0.08,0.8,1,0.075,0.75,376,0
SPY190717P298,2019-07-16,2019-07-16 09:45:16,0.08,0.8,5383,0.07,0.7,2591,0.08,0.8,1,0.075,0.75,376,0
SPY190717P298,2019-07-16,2019-07-16 09:45:17,0.08,0.8,5383,0.07,0.7,2591,0.08,0.8,1,0.075,0.75,376,0
SPY190717P298,2019-07-16,2019-07-16 09:45:18,0.08,0.8,5383,0.07,0.7,2591,0.08,0.8,1,0.075,0.75,376,0
SPY190717P298,2019-07-16,2019-07-16 09:45:18,0.08,0.8,4828,0.07,0.7,2591,0.08,0.8,1,0.075,0.75,376,0
SPY190717P298,2019-07-16,2019-07-16 09:45:19,0.08,0.8,5017,0.07,0.7,3766,0.08,0.8,1,0.075,0.75,376,0
SPY190717P298,2019-07-16,2019-07-16 09:45:19,0.08,0.8,5411,0.07,0.7,3766,0.08,0.8,1,0.075,0.75,376,0
SPY190717P298,2019-07-16,2019-07-16 09:45:20,0.08,0.8,5411,0.07,0.7,3422,0.08,0.8,1,0.075,0.75,376,0
SPY190717P298,2019-07-16,2019-07-16 09:45:21,0.08,0.8,4517,0.07,0.7,823,0.08,0.8,1,0.075,0.75,376,0
SPY190717P298,2019-07-16,2019-07-16 09:45:22,0.08,0.8,5694,0.07,0.7,2247,0.08,0.8,1,0.075,0.75,376,0
SPY190717P298,2019-07-16,2019-07-16 09:45:22,0.08,0.8,5694,0.07,0.7,1777,0.08,0.8,1,0.075,0.75,376,0
SPY190717P298,2019-07-16,2019-07-16 09:45:23,0.08,0.8,5690,0.07,0.7,1777,0.08,0.8,1,0.075,0.75,376,0
SPY190717P298,2019-07-16,2019-07-16 09:45:24,0.08,0.8,5358,0.07,0.7,1703,0.08,0.8,1,0.075,0.75,376,0
SPY190717P298,2019-07-16,2019-07-16 09:45:25,0.08,0.8,5358,0.07,0.7,1703,0.08,0.8,1,0.075,0.75,376,0
SPY190717P298,2019-07-16,2019-07-16 09:45:26,0.08,0.8,5145,0.07,0.7,1035,0.08,0.8,1,0.075,0.75,376,0
SPY190717P298,2019-07-16,2019-07-16 09:45:26,0.08,0.8,5394,0.07,0.7,1035,0.08,0.8,1,0.075,0.75,376,0
SPY190717P298,2019-07-16,2019-07-16 09:45:27,0.08,0.8,4037,0.07,0.7,1592,0.08,0.8,1,0.075,0.75,376,0
SPY190717P298,2019-07-16,2019-07-16 09:45:28,0.08,0.8,5394,0.07,0.7,1560,0.08,0.8,1,0.075,0.75,376,0
SPY190717P298,2019-07-16,2019-07-16 09:45:29,0.08,0.8,5394,0.07,0.7,1560,0.08,0.8,1,0.075,0.75,376,0
SPY190717P298,2019-07-16,2019-07-16 09:45:30,0.08,0.8,5606,0.07,0.7,1560,0.08,0.8,1,0.075,0.75,376,0
SPY190717P298,2019-07-16,2019-07-16 09:45:31,0.08,0.8,5606,0.07,0.7,1560,0.08,0.8,1,0.075,0.75,376,0
SPY190717P298,2019-07-16,2019-07-16 09:45:32,0.08,0.8,5606,0.07,0.7,1560,0.08,0.8,1,0.075,0.75,376,0
SPY190717P298,2019-07-16,2019-07-16 09:45:35,0.08,0.8,3447,0.07,0.7,1035,0.08,0.8,1,0.075,0.75,376,0
SPY190717P298,2019-07-16,2019-07-16 09:45:35,0.08,0.8,3977,0.07,0.7,1035,0.08,0.8,1,0.075,0.75,376,0
SPY190717P298,2019-07-16,2019-07-16 09:45:36,0.08,0.8,5817,0.07,0.7,1035,0.08,0.8,1,0.075,0.75,376,0
SPY190717P298,2019-07-16,2019-07-16 09:45:37,0.08,0.8,6252,0.07,0.7,1035,0.08,0.8,1,0.075,0.75,376,0
SPY190717P298,2019-07-16,2019-07-16 09:45:38,0.08,0.8,6252,0.07,0.7,1035,0.08,0.8,1,0.075,0.75,376,0
SPY190717P298,2019-07-16,2019-07-16 09:45:39,0.08,0.8,6236,0.07,0.7,1035,0.08,0.8,1,0.075,0.75,376,0
SPY190717P298,2019-07-16,2019-07-16 09:45:39,0.08,0.8,6252,0.07,0.7,1035,0.08,0.8,1,0.075,0.75,376,0
SPY190717P298,2019-07-16,2019-07-16 09:45:40,0.08,0.8,5932,0.07,0.7,1035,0.08,0.8,1,0.075,0.75,376,0
SPY190717P298,2019-07-16,2019-07-16 09:45:40,0.08,0.8,5399,0.07,0.7,1035,0.08,0.8,1,0.075,0.75,376,0
SPY190717P298,2019-07-16,2019-07-16 09:45:41,0.08,0.8,5459,0.07,0.7,1703,0.08,0.8,1,0.075,0.75,376,0
SPY190717P298,2019-07-16,2019-07-16 09:45:42,0.08,0.8,5459,0.07,0.7,1703,0.08,0.8,1,0.075,0.75,376,0
SPY190717P298,2019-07-16,2019-07-16 09:45:43,0.08,0.8,5459,0.07,0.7,1703,0.08,0.8,1,0.075,0.75,376,0
SPY190717P298,2019-07-16,2019-07-16 09:45:44,0.08,0.8,3977,0.07,0.7,1703,0.08,0.8,1,0.075,0.75,376,0
SPY190717P298,2019-07-16,2019-07-16 09:45:44,0.08,0.8,4774,0.07,0.7,1703,0.08,0.8,1,0.075,0.75,376,0
SPY190717P298,2019-07-16,2019-07-16 09:45:45,0.08,0.8,5965,0.07,0.7,1703,0.08,0.8,1,0.075,0.75,376,0
SPY190717P298,2019-07-16,2019-07-16 09:45:46,0.08,0.8,4670,0.07,0.7,862,0.08,0.8,1,0.075,0.75,376,0
SPY190717P298,2019-07-16,2019-07-16 09:45:46,0.08,0.8,5965,0.07,0.7,1703,0.08,0.8,1,0.075,0.75,376,0
SPY190717P298,2019-07-16,2019-07-16 09:45:47,0.08,0.8,6151,0.07,0.7,1035,0.08,0.8,1,0.075,0.75,376,0
SPY190717P298,2019-07-16,2019-07-16 09:45:47,0.08,0.8,5974,0.07,0.7,862,0.08,0.8,1,0.075,0.75,376,0
SPY190717P298,2019-07-16,2019-07-16 09:45:48,0.08,0.8,6151,0.07,0.7,1035,0.08,0.8,1,0.075,0.75,376,0
SPY190717P298,2019-07-16,2019-07-16 09:45:48,0.08,0.8,5974,0.07,0.7,1035,0.08,0.8,1,0.075,0.75,376,0
SPY190717P298,2019-07-16,2019-07-16 09:45:49,0.08,0.8,5974,0.07,0.7,1035,0.08,0.8,1,0.075,0.75,376,0
SPY190717P298,2019-07-16,2019-07-16 09:45:50,0.08,0.8,6128,0.07,0.7,1035,0.08,0.8,1,0.075,0.75,376,0
SPY190717P298,2019-07-16,2019-07-16 09:45:50,0.08,0.8,5974,0.07,0.7,1035,0.08,0.8,1,0.075,0.75,376,0
SPY190717P298,2019-07-16,2019-07-16 09:45:51,0.08,0.8,6162,0.07,0.7,1035,0.08,0.8,1,0.075,0.75,376,0
SPY190717P298,2019-07-16,2019-07-16 09:45:51,0.08,0.8,5974,0.07,0.7,1035,0.08,0.8,1,0.075,0.75,376,0
SPY190717P298,2019-07-16,2019-07-16 09:45:52,0.08,0.8,5389,0.07,0.7,1035,0.08,0.8,1,0.075,0.75,376,0
SPY190717P298,2019-07-16,2019-07-16 09:45:52,0.08,0.8,6162,0.07,0.7,1035,0.08,0.8,1,0.075,0.75,376,0
SPY190717P298,2019-07-16,2019-07-16 09:45:53,0.08,0.8,5188,0.07,0.7,1035,0.08,0.8,1,0.075,0.75,376,0
SPY190717P298,2019-07-16,2019-07-16 09:45:54,0.08,0.8,5188,0.07,0.7,1035,0.08,0.8,1,0.075,0.75,376,0
SPY190717P298,2019-07-16,2019-07-16 09:45:54,0.08,0.8,4290,0.07,0.7,1035,0.08,0.8,1,0.075,0.75,376,0
SPY190717P298,2019-07-16,2019-07-16 09:45:55,0.08,0.8,5895,0.07,0.7,1035,0.08,0.8,1,0.075,0.75,376,0
SPY190717P298,2019-07-16,2019-07-16 09:45:56,0.08,0.8,5895,0.07,0.7,1035,0.08,0.8,1,0.075,0.75,376,0
SPY190717P298,2019-07-16,2019-07-16 09:45:57,0.08,0.8,5895,0.07,0.7,1035,0.08,0.8,1,0.075,0.75,376,0
SPY190717P298,2019-07-16,2019-07-16 09:45:58,0.08,0.8,5895,0.07,0.7,1035,0.08,0.8,1,0.075,0.75,376,0
SPY190717P298,2019-07-16,2019-07-16 09:45:59,0.08,0.8,5895,0.07,0.7,1035,0.08,0.8,1,0.075,0.75,376,0
SPY190717P298,2019-07-16,2019-07-16 09:46:00,0.08,0.8,6288,0.07,0.7,1035,0.08,0.8,1,0.075,0.75,376,0
SPY190717P298,2019-07-16,2019-07-16 09:46:00,0.08,0.8,5895,0.07,0.7,1035,0.08,0.8,1,0.075,0.75,376,0
SPY190717P298,2019-07-16,2019-07-16 09:46:01,0.08,0.8,5714,0.07,0.7,720,0.08,0.8,1,0.075,0.75,376,0
SPY190717P298,2019-07-16,2019-07-16 09:46:02,0.08,0.8,5714,0.07,0.7,720,0.08,0.8,1,0.075,0.75,376,0
SPY190717P298,2019-07-16,2019-07-16 09:46:02,0.08,0.8,6309,0.07,0.7,1450,0.08,0.8,1,0.075,0.75,376,0
SPY190717P298,2019-07-16,2019-07-16 09:46:03,0.08,0.8,6309,0.07,0.7,1450,0.08,0.8,1,0.075,0.75,376,0
SPY190717P298,2019-07-16,2019-07-16 09:46:04,0.08,0.8,6309,0.07,0.7,1450,0.08,0.8,1,0.075,0.75,376,0
SPY190717P298,2019-07-16,2019-07-16 09:46:05,0.08,0.8,6309,0.07,0.7,1450,0.08,0.8,1,0.075,0.75,376,0
SPY190717P298,2019-07-16,2019-07-16 09:46:06,0.08,0.8,6611,0.07,0.7,911,0.08,0.8,1,0.075,0.75,376,0
SPY190717P298,2019-07-16,2019-07-16 09:46:06,0.08,0.8,4907,0.07,0.7,1353,0.08,0.8,1,0.075,0.75,376,0
SPY190717P298,2019-07-16,2019-07-16 09:46:07,0.08,0.8,5937,0.07,0.7,1072,0.08,0.8,1,0.075,0.75,376,0
SPY190717P298,2019-07-16,2019-07-16 09:46:08,0.08,0.8,6619,0.07,0.7,1072,0.08,0.8,1,0.075,0.75,376,0
SPY190717P298,2019-07-16,2019-07-16 09:46:09,0.08,0.8,6619,0.07,0.7,1072,0.08,0.8,1,0.075,0.75,376,0
SPY190717P298,2019-07-16,2019-07-16 09:46:10,0.08,0.8,6613,0.07,0.7,1072,0.08,0.8,1,0.075,0.75,376,0
SPY190717P298,2019-07-16,2019-07-16 09:46:11,0.08,0.8,6613,0.07,0.7,1072,0.08,0.8,1,0.075,0.75,376,0
SPY190717P298,2019-07-16,2019-07-16 09:46:12,0.08,0.8,6613,0.07,0.7,1072,0.08,0.8,1,0.075,0.75,376,0
SPY190717P298,2019-07-16,2019-07-16 09:46:13,0.08,0.8,6613,0.07,0.7,1072,0.08,0.8,1,0.075,0.75,376,0
SPY190717P298,2019-07-16,2019-07-16 09:46:14,0.08,0.8,6552,0.07,0.7,950,0.08,0.8,1,0.075,0.75,376,0
SPY190717P298,2019-07-16,2019-07-16 09:46:14,0.08,0.8,6090,0.07,0.7,710,0.08,0.8,1,0.075,0.75,376,0
SPY190717P298,2019-07-16,2019-07-16 09:46:15,0.08,0.8,6619,0.07,0.7,1072,0.08,0.8,1,0.075,0.75,376,0
SPY190717P298,2019-07-16,2019-07-16 09:46:16,0.08,0.8,6619,0.07,0.7,1072,0.08,0.8,1,0.075,0.75,376,0
SPY190717P298,2019-07-16,2019-07-16 09:46:17,0.08,0.8,6619,0.07,0.7,1072,0.08,0.8,1,0.075,0.75,376,0
SPY190717P298,2019-07-16,2019-07-16 09:46:19,0.08,0.8,5975,0.07,0.7,1829,0.08,0.8,1,0.075,0.75,376,0
SPY190717P298,2019-07-16,2019-07-16 09:46:20,0.08,0.8,5691,0.07,0.7,1829,0.08,0.8,1,0.075,0.75,376,0
SPY190717P298,2019-07-16,2019-07-16 09:46:21,0.08,0.8,4269,0.07,0.7,1829,0.08,0.8,1,0.075,0.75,376,0
SPY190717P298,2019-07-16,2019-07-16 09:46:22,0.08,0.8,5696,0.07,0.7,1829,0.08,0.8,1,0.075,0.75,376,0
SPY190717P298,2019-07-16,2019-07-16 09:46:22,0.08,0.8,6369,0.07,0.7,1829,0.08,0.8,1,0.075,0.75,376,0
SPY190717P298,2019-07-16,2019-07-16 09:46:23,0.08,0.8,6019,0.07,0.7,1829,0.08,0.8,1,0.075,0.75,376,0
SPY190717P298,2019-07-16,2019-07-16 09:46:24,0.08,0.8,6019,0.07,0.7,1829,0.08,0.8,1,0.075,0.75,376,0
SPY190717P298,2019-07-16,2019-07-16 09:46:25,0.08,0.8,4876,0.07,0.7,1457,0.08,0.8,1,0.075,0.75,376,0
SPY190717P298,2019-07-16,2019-07-16 09:46:25,0.08,0.8,4876,0.07,0.7,1072,0.08,0.8,1,0.075,0.75,376,0
SPY190717P298,2019-07-16,2019-07-16 09:46:26,0.08,0.8,4764,0.07,0.7,1416,0.08,0.8,1,0.075,0.75,376,0
SPY190717P298,2019-07-16,2019-07-16 09:46:26,0.08,0.8,4876,0.07,0.7,1457,0.08,0.8,1,0.075,0.75,376,0
SPY190717P298,2019-07-16,2019-07-16 09:46:27,0.08,0.8,4764,0.07,0.7,1486,0.08,0.8,1,0.075,0.75,376,0
SPY190717P298,2019-07-16,2019-07-16 09:46:27,0.08,0.8,5570,0.07,0.7,2018,0.08,0.8,1,0.075,0.75,376,0
SPY190717P298,2019-07-16,2019-07-16 09:46:28,0.08,0.8,5565,0.07,0.7,2973,0.08,0.8,1,0.075,0.75,376,0
SPY190717P298,2019-07-16,2019-07-16 09:46:29,0.08,0.8,5565,0.07,0.7,2847,0.08,0.8,1,0.075,0.75,376,0
SPY190717P298,2019-07-16,2019-07-16 09:46:29,0.08,0.8,5565,0.07,0.7,2973,0.08,0.8,1,0.075,0.75,376,0
SPY190717P298,2019-07-16,2019-07-16 09:46:31,0.08,0.8,5064,0.07,0.7,2847,0.08,0.8,1,0.075,0.75,376,0
SPY190717P298,2019-07-16,2019-07-16 09:46:32,0.08,0.8,5358,0.07,0.7,2827,0.08,0.8,1,0.075,0.75,376,0
SPY190717P298,2019-07-16,2019-07-16 09:46:32,0.08,0.8,5392,0.07,0.7,2847,0.08,0.8,1,0.075,0.75,376,0
SPY190717P298,2019-07-16,2019-07-16 09:46:33,0.08,0.8,5721,0.07,0.7,2827,0.08,0.8,1,0.075,0.75,376,0
SPY190717P298,2019-07-16,2019-07-16 09:46:34,0.08,0.8,4147,0.07,0.7,1955,0.08,0.8,1,0.075,0.75,376,0
SPY190717P298,2019-07-16,2019-07-16 09:46:34,0.08,0.8,5671,0.07,0.7,858,0.08,0.8,1,0.075,0.75,376,0
SPY190717P298,2019-07-16,2019-07-16 09:46:35,0.08,0.8,5322,0.07,0.7,1955,0.08,0.8,1,0.075,0.75,376,0
SPY190717P298,2019-07-16,2019-07-16 09:46:36,0.08,0.8,5258,0.07,0.7,1955,0.08,0.8,1,0.075,0.75,376,0
SPY190717P298,2019-07-16,2019-07-16 09:46:37,0.08,0.8,5608,0.07,0.7,2144,0.08,0.8,1,0.075,0.75,376,0
SPY190717P298,2019-07-16,2019-07-16 09:46:37,0.08,0.8,5154,0.07,0.7,2144,0.08,0.8,1,0.075,0.75,376,0
SPY190717P298,2019-07-16,2019-07-16 09:46:38,0.08,0.8,3601,0.07,0.7,2144,0.08,0.8,1,0.075,0.75,376,0
SPY190717P298,2019-07-16,2019-07-16 09:46:39,0.08,0.8,5981,0.07,0.7,2821,0.08,0.8,1,0.075,0.75,376,0
SPY190717P298,2019-07-16,2019-07-16 09:46:40,0.08,0.8,5981,0.07,0.7,2821,0.08,0.8,1,0.075,0.75,376,0
SPY190717P298,2019-07-16,2019-07-16 09:46:41,0.08,0.8,4721,0.07,0.7,2265,0.08,0.8,1,0.075,0.75,376,0
SPY190717P298,2019-07-16,2019-07-16 09:46:42,0.08,0.8,6163,0.07,0.7,2788,0.08,0.8,1,0.075,0.75,376,0
SPY190717P298,2019-07-16,2019-07-16 09:46:43,0.08,0.8,6163,0.07,0.7,2788,0.08,0.8,1,0.075,0.75,376,0
SPY190717P298,2019-07-16,2019-07-16 09:46:44,0.08,0.8,4864,0.07,0.7,2265,0.08,0.8,1,0.075,0.75,376,0
SPY190717P298,2019-07-16,2019-07-16 09:46:45,0.08,0.8,4864,0.07,0.7,1408,0.08,0.8,1,0.075,0.75,376,0
SPY190717P298,2019-07-16,2019-07-16 09:46:50,0.08,0.8,6163,0.07,0.7,1752,0.08,0.8,1,0.075,0.75,376,0
SPY190717P298,2019-07-16,2019-07-16 09:46:51,0.08,0.8,6163,0.07,0.7,1752,0.08,0.8,1,0.075,0.75,376,0
SPY190717P298,2019-07-16,2019-07-16 09:46:54,0.08,0.8,6163,0.07,0.7,1752,0.08,0.8,1,0.075,0.75,376,0
SPY190717P298,2019-07-16,2019-07-16 09:46:55,0.08,0.8,6171,0.07,0.7,2774,0.08,0.8,1,0.075,0.75,376,0
SPY190717P298,2019-07-16,2019-07-16 09:46:57,0.08,0.8,6171,0.07,0.7,2774,0.08,0.8,1,0.075,0.75,376,0
SPY190717P298,2019-07-16,2019-07-16 09:46:58,0.08,0.8,4721,0.07,0.7,2983,0.08,0.8,1,0.075,0.75,376,0
SPY190717P298,2019-07-16,2019-07-16 09:46:59,0.08,0.8,5711,0.07,0.7,4208,0.08,0.8,1,0.075,0.75,376,0
SPY190717P298,2019-07-16,2019-07-16 09:47:01,0.08,0.8,5761,0.07,0.7,4208,0.08,0.8,1,0.075,0.75,376,0
SPY190717P298,2019-07-16,2019-07-16 09:47:02,0.08,0.8,5761,0.07,0.7,4208,0.08,0.8,1,0.075,0.75,376,0
SPY190717P298,2019-07-16,2019-07-16 09:47:03,0.08,0.8,5711,0.07,0.7,2983,0.08,0.8,1,0.075,0.75,376,0
SPY190717P298,2019-07-16,2019-07-16 09:47:03,0.08,0.8,5761,0.07,0.7,2983,0.08,0.8,1,0.075,0.75,376,0
SPY190717P298,2019-07-16,2019-07-16 09:47:04,0.08,0.8,5711,0.07,0.7,2983,0.08,0.8,1,0.075,0.75,376,0
SPY190717P298,2019-07-16,2019-07-16 09:47:05,0.08,0.8,5711,0.07,0.7,4233,0.08,0.8,1,0.075,0.75,376,0
SPY190717P298,2019-07-16,2019-07-16 09:47:06,0.08,0.8,5711,0.07,0.7,4233,0.08,0.8,1,0.075,0.75,376,0
SPY190717P298,2019-07-16,2019-07-16 09:47:07,0.08,0.8,5711,0.07,0.7,4233,0.08,0.8,1,0.075,0.75,376,0
SPY190717P298,2019-07-16,2019-07-16 09:47:08,0.08,0.8,5011,0.07,0.7,2787,0.08,0.8,1,0.075,0.75,376,0
SPY190717P298,2019-07-16,2019-07-16 09:47:08,0.08,0.8,5419,0.07,0.7,5197,0.08,0.8,1,0.075,0.75,376,0
SPY190717P298,2019-07-16,2019-07-16 09:47:09,0.08,0.8,5419,0.07,0.7,5197,0.08,0.8,1,0.075,0.75,376,0
SPY190717P298,2019-07-16,2019-07-16 09:47:09,0.08,0.8,5369,0.07,0.7,5197,0.08,0.8,1,0.075,0.75,376,0
SPY190717P298,2019-07-16,2019-07-16 09:47:10,0.08,0.8,5369,0.07,0.7,5197,0.08,0.8,1,0.075,0.75,376,0
SPY190717P298,2019-07-16,2019-07-16 09:47:11,0.08,0.8,5369,0.07,0.7,5197,0.08,0.8,1,0.075,0.75,376,0
SPY190717P298,2019-07-16,2019-07-16 09:47:12,0.08,0.8,5419,0.07,0.7,5288,0.08,0.8,1,0.075,0.75,376,0
SPY190717P298,2019-07-16,2019-07-16 09:47:13,0.08,0.8,5419,0.07,0.7,5288,0.08,0.8,1,0.075,0.75,376,0
SPY190717P298,2019-07-16,2019-07-16 09:47:14,0.08,0.8,5419,0.07,0.7,5288,0.08,0.8,1,0.075,0.75,376,0
SPY190717P298,2019-07-16,2019-07-16 09:47:15,0.08,0.8,5419,0.07,0.7,4538,0.08,0.8,1,0.075,0.75,376,0
SPY190717P298,2019-07-16,2019-07-16 09:47:16,0.08,0.8,5369,0.07,0.7,4484,0.08,0.8,1,0.075,0.75,376,0
SPY190717P298,2019-07-16,2019-07-16 09:47:18,0.08,0.8,5369,0.07,0.7,4484,0.08,0.8,1,0.075,0.75,376,0
SPY190717P298,2019-07-16,2019-07-16 09:47:19,0.08,0.8,5319,0.07,0.7,4484,0.08,0.8,1,0.075,0.75,376,0
SPY190717P298,2019-07-16,2019-07-16 09:47:19,0.08,0.8,5369,0.07,0.7,4484,0.08,0.8,1,0.075,0.75,376,0
SPY190717P298,2019-07-16,2019-07-16 09:47:20,0.08,0.8,5319,0.07,0.7,4484,0.08,0.8,1,0.075,0.75,376,0
SPY190717P298,2019-07-16,2019-07-16 09:47:21,0.08,0.8,5319,0.07,0.7,4484,0.08,0.8,1,0.075,0.75,376,0
SPY190717P298,2019-07-16,2019-07-16 09:47:22,0.08,0.8,3513,0.07,0.7,2529,0.08,0.8,1,0.075,0.75,376,0
SPY190717P298,2019-07-16,2019-07-16 09:47:22,0.08,0.8,5194,0.07,0.7,4413,0.08,0.8,1,0.075,0.75,376,0
SPY190717P298,2019-07-16,2019-07-16 09:47:23,0.08,0.8,5194,0.07,0.7,5506,0.08,0.8,1,0.075,0.75,376,0
SPY190717P298,2019-07-16,2019-07-16 09:47:25,0.08,0.8,5204,0.07,0.7,5506,0.08,0.8,1,0.075,0.75,376,0
SPY190717P298,2019-07-16,2019-07-16 09:47:26,0.08,0.8,5204,0.07,0.7,5629,0.08,0.8,1,0.075,0.75,376,0
SPY190717P298,2019-07-16,2019-07-16 09:47:27,0.08,0.8,3998,0.07,0.7,4237,0.08,0.8,1,0.075,0.75,376,0
SPY190717P298,2019-07-16,2019-07-16 09:47:27,0.08,0.8,4305,0.07,0.7,4370,0.08,0.8,1,0.075,0.75,376,0
SPY190717P298,2019-07-16,2019-07-16 09:47:28,0.08,0.8,4578,0.07,0.7,5745,0.08,0.8,1,0.075,0.75,376,0
SPY190717P298,2019-07-16,2019-07-16 09:47:29,0.08,0.8,4817,0.07,0.7,5745,0.08,0.8,1,0.075,0.75,376,0
SPY190717P298,2019-07-16,2019-07-16 09:47:29,0.08,0.8,3312,0.07,0.7,4370,0.08,0.8,1,0.075,0.75,376,0
SPY190717P298,2019-07-16,2019-07-16 09:47:30,0.08,0.8,4498,0.07,0.7,4370,0.08,0.8,1,0.075,0.75,376,0
SPY190717P298,2019-07-16,2019-07-16 09:47:30,0.08,0.8,3077,0.07,0.7,4370,0.08,0.8,1,0.075,0.75,376,0
SPY190717P298,2019-07-16,2019-07-16 09:47:31,0.08,0.8,4345,0.07,0.7,4370,0.08,0.8,1,0.075,0.75,376,0
SPY190717P298,2019-07-16,2019-07-16 09:47:33,0.08,0.8,4909,0.07,0.7,4370,0.08,0.8,1,0.075,0.75,376,0
SPY190717P298,2019-07-16,2019-07-16 09:47:34,0.08,0.8,4909,0.07,0.7,4370,0.08,0.8,1,0.075,0.75,376,0
SPY190717P298,2019-07-16,2019-07-16 09:47:35,0.08,0.8,4520,0.07,0.7,5753,0.08,0.8,1,0.075,0.75,376,0
SPY190717P298,2019-07-16,2019-07-16 09:47:35,0.08,0.8,4909,0.07,0.7,5753,0.08,0.8,1,0.075,0.75,376,0
SPY190717P298,2019-07-16,2019-07-16 09:47:36,0.08,0.8,4909,0.07,0.7,5753,0.08,0.8,1,0.075,0.75,376,0
SPY190717P298,2019-07-16,2019-07-16 09:47:37,0.08,0.8,4909,0.07,0.7,5753,0.08,0.8,1,0.075,0.75,376,0
SPY190717P298,2019-07-16,2019-07-16 09:47:38,0.08,0.8,4909,0.07,0.7,5755,0.08,0.8,1,0.075,0.75,376,0
SPY190717P298,2019-07-16,2019-07-16 09:47:39,0.08,0.8,4909,0.07,0.7,5755,0.08,0.8,1,0.075,0.75,376,0
SPY190717P298,2019-07-16,2019-07-16 09:47:40,0.08,0.8,5054,0.07,0.7,5755,0.08,0.8,1,0.075,0.75,376,0
SPY190717P298,2019-07-16,2019-07-16 09:47:41,0.08,0.8,5054,0.07,0.7,5755,0.08,0.8,1,0.075,0.75,376,0
SPY190717P298,2019-07-16,2019-07-16 09:47:42,0.08,0.8,3752,0.07,0.7,5755,0.08,0.8,1,0.075,0.75,376,0
SPY190717P298,2019-07-16,2019-07-16 09:47:43,0.08,0.8,5068,0.07,0.7,4370,0.08,0.8,1,0.075,0.75,376,0
SPY190717P298,2019-07-16,2019-07-16 09:47:44,0.08,0.8,5037,0.07,0.7,4370,0.08,0.8,1,0.075,0.75,376,0
SPY190717P298,2019-07-16,2019-07-16 09:47:44,0.08,0.8,4639,0.07,0.7,4370,0.08,0.8,1,0.075,0.75,376,0
SPY190717P298,2019-07-16,2019-07-16 09:47:45,0.08,0.8,4639,0.07,0.7,4370,0.08,0.8,1,0.075,0.75,376,0
SPY190717P298,2019-07-16,2019-07-16 09:47:45,0.08,0.8,5049,0.07,0.7,4370,0.08,0.8,1,0.075,0.75,376,0
SPY190717P298,2019-07-16,2019-07-16 09:47:46,0.08,0.8,5049,0.07,0.7,4370,0.08,0.8,1,0.075,0.75,376,0
SPY190717P298,2019-07-16,2019-07-16 09:47:47,0.08,0.8,5049,0.07,0.7,4370,0.08,0.8,1,0.075,0.75,376,0
SPY190717P298,2019-07-16,2019-07-16 09:47:47,0.08,0.8,3715,0.07,0.7,4370,0.08,0.8,1,0.075,0.75,376,0
SPY190717P298,2019-07-16,2019-07-16 09:47:48,0.08,0.8,3623,0.07,0.7,4370,0.08,0.8,1,0.075,0.75,376,0
SPY190717P298,2019-07-16,2019-07-16 09:47:49,0.08,0.8,5011,0.07,0.7,4370,0.08,0.8,1,0.075,0.75,376,0
SPY190717P298,2019-07-16,2019-07-16 09:47:50,0.08,0.8,3623,0.07,0.7,4370,0.08,0.8,1,0.075,0.75,376,0
SPY190717P298,2019-07-16,2019-07-16 09:47:51,0.08,0.8,4634,0.07,0.7,5746,0.08,0.8,1,0.075,0.75,376,0
SPY190717P298,2019-07-16,2019-07-16 09:47:52,0.08,0.8,4579,0.07,0.7,5759,0.08,0.8,1,0.075,0.75,376,0
SPY190717P298,2019-07-16,2019-07-16 09:47:53,0.08,0.8,4579,0.07,0.7,5759,0.08,0.8,1,0.075,0.75,376,0
SPY190717P298,2019-07-16,2019-07-16 09:47:53,0.08,0.8,5018,0.07,0.7,5759,0.08,0.8,1,0.075,0.75,376,0
SPY190717P298,2019-07-16,2019-07-16 09:47:54,0.08,0.8,5018,0.07,0.7,5759,0.08,0.8,1,0.075,0.75,376,0
SPY190717P298,2019-07-16,2019-07-16 09:47:55,0.08,0.8,5018,0.07,0.7,5759,0.08,0.8,1,0.075,0.75,376,0
SPY190717P298,2019-07-16,2019-07-16 09:47:55,0.08,0.8,5018,0.07,0.7,5718,0.08,0.8,1,0.075,0.75,376,0
SPY190717P298,2019-07-16,2019-07-16 09:47:56,0.08,0.8,5018,0.07,0.7,5769,0.08,0.8,1,0.075,0.75,376,0
SPY190717P298,2019-07-16,2019-07-16 09:47:57,0.08,0.8,5018,0.07,0.7,5769,0.08,0.8,1,0.075,0.75,376,0
SPY190717P298,2019-07-16,2019-07-16 09:47:58,0.08,0.8,5018,0.07,0.7,5769,0.08,0.8,1,0.075,0.75,376,0
SPY190717P298,2019-07-16,2019-07-16 09:47:59,0.08,0.8,4581,0.07,0.7,5318,0.08,0.8,1,0.075,0.75,376,0
SPY190717P298,2019-07-16,2019-07-16 09:47:59,0.08,0.8,5018,0.07,0.7,5769,0.08,0.8,1,0.075,0.75,376,0
SPY190717P298,2019-07-16,2019-07-16 09:48:00,0.08,0.8,3992,0.07,0.7,4380,0.08,0.8,1,0.075,0.75,376,0
SPY190717P298,2019-07-16,2019-07-16 09:48:01,0.08,0.8,5080,0.07,0.7,5770,0.08,0.8,1,0.075,0.75,376,0
SPY190717P298,2019-07-16,2019-07-16 09:48:01,0.08,0.8,5080,0.07,0.7,5760,0.08,0.8,1,0.075,0.75,376,0
SPY190717P298,2019-07-16,2019-07-16 09:48:02,0.08,0.8,5080,0.07,0.7,5770,0.08,0.8,1,0.075,0.75,376,0
SPY190717P298,2019-07-16,2019-07-16 09:48:03,0.08,0.8,5038,0.07,0.7,4380,0.08,0.8,1,0.075,0.75,376,0
SPY190717P298,2019-07-16,2019-07-16 09:48:03,0.08,0.8,4604,0.07,0.7,4380,0.08,0.8,1,0.075,0.75,376,0
SPY190717P298,2019-07-16,2019-07-16 09:48:04,0.08,0.8,5038,0.07,0.7,4380,0.08,0.8,1,0.075,0.75,376,0
SPY190717P298,2019-07-16,2019-07-16 09:48:04,0.08,0.8,2970,0.07,0.7,3536,0.08,0.8,1,0.075,0.75,376,0
SPY190717P298,2019-07-16,2019-07-16 09:48:05,0.08,0.8,4703,0.07,0.7,3536,0.08,0.8,1,0.075,0.75,376,0
SPY190717P298,2019-07-16,2019-07-16 09:48:06,0.08,0.8,5290,0.07,0.7,3981,0.08,0.8,2,0.075,0.75,378,0
SPY190717P298,2019-07-16,2019-07-16 09:48:06,0.08,0.8,4915,0.07,0.7,3065,0.08,0.8,2,0.075,0.75,378,2
SPY190717P298,2019-07-16,2019-07-16 09:48:07,0.08,0.8,4825,0.07,0.7,3981,0.08,0.8,2,0.075,0.75,378,0
SPY190717P298,2019-07-16,2019-07-16 09:48:08,0.08,0.8,5310,0.07,0.7,4325,0.08,0.8,2,0.075,0.75,378,0
SPY190717P298,2019-07-16,2019-07-16 09:48:09,0.08,0.8,5310,0.07,0.7,4325,0.08,0.8,2,0.075,0.75,378,0
SPY190717P298,2019-07-16,2019-07-16 09:48:10,0.08,0.8,4825,0.07,0.7,4325,0.08,0.8,2,0.075,0.75,378,0
SPY190717P298,2019-07-16,2019-07-16 09:48:11,0.08,0.8,4825,0.07,0.7,4325,0.08,0.8,2,0.075,0.75,378,0
SPY190717P298,2019-07-16,2019-07-16 09:48:12,0.08,0.8,4994,0.07,0.7,4325,0.08,0.8,2,0.075,0.75,378,0
SPY190717P298,2019-07-16,2019-07-16 09:48:12,0.08,0.8,4900,0.07,0.7,4325,0.08,0.8,2,0.075,0.75,378,0
SPY190717P298,2019-07-16,2019-07-16 09:48:13,0.08,0.8,5156,0.07,0.7,4325,0.08,0.8,2,0.075,0.75,378,0
SPY190717P298,2019-07-16,2019-07-16 09:48:14,0.08,0.8,5156,0.07,0.7,4325,0.08,0.8,2,0.075,0.75,378,0
SPY190717P298,2019-07-16,2019-07-16 09:48:14,0.08,0.8,5231,0.07,0.7,4325,0.08,0.8,2,0.075,0.75,378,0
SPY190717P298,2019-07-16,2019-07-16 09:48:15,0.08,0.8,5231,0.07,0.7,4325,0.08,0.8,2,0.075,0.75,378,0
SPY190717P298,2019-07-16,2019-07-16 09:48:16,0.08,0.8,5231,0.07,0.7,4325,0.08,0.8,2,0.075,0.75,378,0
SPY190717P298,2019-07-16,2019-07-16 09:48:17,0.08,0.8,4181,0.07,0.7,3254,0.08,0.8,2,0.075,0.75,378,0
SPY190717P298,2019-07-16,2019-07-16 09:48:17,0.08,0.8,4876,0.07,0.7,4549,0.08,0.8,2,0.075,0.75,378,0
SPY190717P298,2019-07-16,2019-07-16 09:48:18,0.08,0.8,5267,0.07,0.7,4549,0.08,0.8,2,0.075,0.75,378,0
SPY190717P298,2019-07-16,2019-07-16 09:48:19,0.08,0.8,5267,0.07,0.7,4549,0.08,0.8,2,0.075,0.75,378,0
SPY190717P298,2019-07-16,2019-07-16 09:48:20,0.08,0.8,5267,0.07,0.7,3111,0.08,0.8,2,0.075,0.75,378,0
SPY190717P298,2019-07-16,2019-07-16 09:48:20,0.08,0.8,5267,0.07,0.7,4549,0.08,0.8,2,0.075,0.75,378,0
SPY190717P298,2019-07-16,2019-07-16 09:48:21,0.08,0.8,4783,0.07,0.7,3111,0.08,0.8,2,0.075,0.75,378,0
SPY190717P298,2019-07-16,2019-07-16 09:48:21,0.08,0.8,5289,0.07,0.7,3679,0.08,0.8,2,0.075,0.75,378,0
SPY190717P298,2019-07-16,2019-07-16 09:48:22,0.08,0.8,5289,0.07,0.7,4023,0.08,0.8,2,0.075,0.75,378,0
SPY190717P298,2019-07-16,2019-07-16 09:48:23,0.08,0.8,5289,0.07,0.7,4023,0.08,0.8,2,0.075,0.75,378,0
SPY190717P298,2019-07-16,2019-07-16 09:48:24,0.08,0.8,5289,0.07,0.7,4023,0.08,0.8,2,0.075,0.75,378,0
SPY190717P298,2019-07-16,2019-07-16 09:48:25,0.08,0.8,5289,0.07,0.7,4023,0.08,0.8,2,0.075,0.75,378,0
SPY190717P298,2019-07-16,2019-07-16 09:48:26,0.08,0.8,5289,0.07,0.7,4023,0.08,0.8,2,0.075,0.75,378,0
SPY190717P298,2019-07-16,2019-07-16 09:48:27,0.08,0.8,5289,0.07,0.7,2887,0.08,0.8,2,0.075,0.75,378,0
SPY190717P298,2019-07-16,2019-07-16 09:48:27,0.08,0.8,5289,0.07,0.7,4023,0.08,0.8,2,0.075,0.75,378,0
SPY190717P298,2019-07-16,2019-07-16 09:48:28,0.08,0.8,5349,0.07,0.7,2887,0.08,0.8,2,0.075,0.75,378,0
SPY190717P298,2019-07-16,2019-07-16 09:48:29,0.08,0.8,5349,0.07,0.7,2887,0.08,0.8,2,0.075,0.75,378,0
SPY190717P298,2019-07-16,2019-07-16 09:48:30,0.08,0.8,5055,0.07,0.7,2887,0.08,0.8,2,0.075,0.75,378,0
SPY190717P298,2019-07-16,2019-07-16 09:48:30,0.08,0.8,5454,0.07,0.7,2887,0.08,0.8,2,0.075,0.75,378,0
SPY190717P298,2019-07-16,2019-07-16 09:48:31,0.08,0.8,5454,0.07,0.7,2887,0.08,0.8,2,0.075,0.75,378,0
SPY190717P298,2019-07-16,2019-07-16 09:48:32,0.08,0.8,5175,0.07,0.7,900,0.08,0.8,2,0.075,0.75,378,0
SPY190717P298,2019-07-16,2019-07-16 09:48:32,0.08,0.8,5964,0.07,0.7,900,0.08,0.8,2,0.075,0.75,378,0
SPY190717P298,2019-07-16,2019-07-16 09:48:33,0.08,0.8,5175,0.07,0.7,900,0.08,0.8,2,0.075,0.75,378,0
SPY190717P298,2019-07-16,2019-07-16 09:48:34,0.08,0.8,5175,0.07,0.7,1829,0.08,0.8,2,0.075,0.75,378,0
SPY190717P298,2019-07-16,2019-07-16 09:48:35,0.08,0.8,5268,0.07,0.7,1347,0.08,0.8,2,0.075,0.75,378,0
SPY190717P298,2019-07-16,2019-07-16 09:48:36,0.08,0.8,5638,0.07,0.7,2347,0.08,0.8,2,0.075,0.75,378,0
SPY190717P298,2019-07-16,2019-07-16 09:48:37,0.08,0.8,5638,0.07,0.7,2347,0.08,0.8,2,0.075,0.75,378,0
SPY190717P298,2019-07-16,2019-07-16 09:48:38,0.08,0.8,5574,0.07,0.7,3561,0.08,0.8,2,0.075,0.75,378,0
SPY190717P298,2019-07-16,2019-07-16 09:48:38,0.08,0.8,4924,0.07,0.7,2347,0.08,0.8,2,0.075,0.75,378,0
SPY190717P298,2019-07-16,2019-07-16 09:48:39,0.08,0.8,5574,0.07,0.7,3561,0.08,0.8,2,0.075,0.75,378,0
SPY190717P298,2019-07-16,2019-07-16 09:48:40,0.08,0.8,5574,0.07,0.7,3561,0.08,0.8,2,0.075,0.75,378,0
SPY190717P298,2019-07-16,2019-07-16 09:48:41,0.08,0.8,5613,0.07,0.7,948,0.08,0.8,2,0.075,0.75,378,0
SPY190717P298,2019-07-16,2019-07-16 09:48:42,0.08,0.8,5563,0.07,0.7,3633,0.08,0.8,2,0.075,0.75,378,0
SPY190717P298,2019-07-16,2019-07-16 09:48:43,0.08,0.8,5563,0.07,0.7,3633,0.08,0.8,2,0.075,0.75,378,0
SPY190717P298,2019-07-16,2019-07-16 09:48:44,0.08,0.8,5563,0.07,0.7,3633,0.08,0.8,2,0.075,0.75,378,0
SPY190717P298,2019-07-16,2019-07-16 09:48:45,0.08,0.8,5563,0.07,0.7,3633,0.08,0.8,2,0.075,0.75,378,0
SPY190717P298,2019-07-16,2019-07-16 09:48:46,0.08,0.8,5378,0.07,0.7,3787,0.08,0.8,2,0.075,0.75,378,0
SPY190717P298,2019-07-16,2019-07-16 09:48:46,0.08,0.8,5949,0.07,0.7,2756,0.08,0.8,2,0.075,0.75,378,0
SPY190717P298,2019-07-16,2019-07-16 09:48:47,0.08,0.8,5486,0.07,0.7,3336,0.08,0.8,2,0.075,0.75,378,0
SPY190717P298,2019-07-16,2019-07-16 09:48:48,0.08,0.8,5486,0.07,0.7,3762,0.08,0.8,2,0.075,0.75,378,0
SPY190717P298,2019-07-16,2019-07-16 09:48:49,0.08,0.8,5486,0.07,0.7,3762,0.08,0.8,2,0.075,0.75,378,0
SPY190717P298,2019-07-16,2019-07-16 09:48:50,0.08,0.8,5486,0.07,0.7,3336,0.08,0.8,2,0.075,0.75,378,0
SPY190717P298,2019-07-16,2019-07-16 09:48:51,0.08,0.8,5486,0.07,0.7,3336,0.08,0.8,2,0.075,0.75,378,0
SPY190717P298,2019-07-16,2019-07-16 09:48:52,0.08,0.8,5272,0.07,0.7,2892,0.08,0.8,2,0.075,0.75,378,0
SPY190717P298,2019-07-16,2019-07-16 09:48:52,0.08,0.8,5456,0.07,0.7,2987,0.08,0.8,2,0.075,0.75,378,0
SPY190717P298,2019-07-16,2019-07-16 09:48:53,0.08,0.8,5416,0.07,0.7,3413,0.08,0.8,2,0.075,0.75,378,0
SPY190717P298,2019-07-16,2019-07-16 09:48:54,0.08,0.8,5646,0.07,0.7,3722,0.08,0.8,2,0.075,0.75,378,0
SPY190717P298,2019-07-16,2019-07-16 09:48:55,0.08,0.8,6030,0.07,0.7,3143,0.08,0.8,2,0.075,0.75,378,0
SPY190717P298,2019-07-16,2019-07-16 09:48:56,0.08,0.8,5536,0.07,0.7,3660,0.08,0.8,2,0.075,0.75,378,0
SPY190717P298,2019-07-16,2019-07-16 09:48:57,0.08,0.8,5627,0.07,0.7,3660,0.08,0.8,2,0.075,0.75,378,0
SPY190717P298,2019-07-16,2019-07-16 09:48:57,0.08,0.8,5536,0.07,0.7,3660,0.08,0.8,2,0.075,0.75,378,0
SPY190717P298,2019-07-16,2019-07-16 09:48:58,0.08,0.8,5627,0.07,0.7,3660,0.08,0.8,2,0.075,0.75,378,0
SPY190717P298,2019-07-16,2019-07-16 09:48:59,0.08,0.8,5627,0.07,0.7,3660,0.08,0.8,2,0.075,0.75,378,0
SPY190717P298,2019-07-16,2019-07-16 09:48:59,0.08,0.8,5536,0.07,0.7,3660,0.08,0.8,2,0.075,0.75,378,0
SPY190717P298,2019-07-16,2019-07-16 09:49:00,0.08,0.8,5536,0.07,0.7,3660,0.08,0.8,2,0.075,0.75,378,0
SPY190717P298,2019-07-16,2019-07-16 09:49:01,0.08,0.8,4906,0.07,0.7,3660,0.08,0.8,2,0.075,0.75,378,0
SPY190717P298,2019-07-16,2019-07-16 09:49:02,0.08,0.8,5508,0.07,0.7,3660,0.08,0.8,2,0.075,0.75,378,0
SPY190717P298,2019-07-16,2019-07-16 09:49:03,0.08,0.8,5508,0.07,0.7,3660,0.08,0.8,2,0.075,0.75,378,0
SPY190717P298,2019-07-16,2019-07-16 09:49:04,0.08,0.8,5508,0.07,0.7,3760,0.08,0.8,2,0.075,0.75,378,0
SPY190717P298,2019-07-16,2019-07-16 09:49:05,0.08,0.8,5508,0.07,0.7,3760,0.08,0.8,2,0.075,0.75,378,0
SPY190717P298,2019-07-16,2019-07-16 09:49:06,0.08,0.8,5508,0.07,0.7,3760,0.08,0.8,2,0.075,0.75,378,0
SPY190717P298,2019-07-16,2019-07-16 09:49:07,0.08,0.8,5508,0.07,0.7,3760,0.08,0.8,2,0.075,0.75,378,0
SPY190717P298,2019-07-16,2019-07-16 09:49:08,0.08,0.8,5508,0.07,0.7,3760,0.08,0.8,2,0.075,0.75,378,0
SPY190717P298,2019-07-16,2019-07-16 09:49:09,0.08,0.8,5508,0.07,0.7,3760,0.08,0.8,2,0.075,0.75,378,0
SPY190717P298,2019-07-16,2019-07-16 09:49:10,0.08,0.8,5508,0.07,0.7,3760,0.08,0.8,2,0.075,0.75,378,0
SPY190717P298,2019-07-16,2019-07-16 09:49:11,0.08,0.8,5508,0.07,0.7,3760,0.08,0.8,2,0.075,0.75,378,0
SPY190717P298,2019-07-16,2019-07-16 09:49:12,0.08,0.8,5508,0.07,0.7,3760,0.08,0.8,2,0.075,0.75,378,0
SPY190717P298,2019-07-16,2019-07-16 09:49:13,0.08,0.8,5508,0.07,0.7,3760,0.08,0.8,2,0.075,0.75,378,0
SPY190717P298,2019-07-16,2019-07-16 09:49:13,0.08,0.8,4939,0.07,0.7,2834,0.08,0.8,2,0.075,0.75,378,0
SPY190717P298,2019-07-16,2019-07-16 09:49:14,0.08,0.8,4882,0.07,0.7,2500,0.08,0.8,2,0.075,0.75,378,0
SPY190717P298,2019-07-16,2019-07-16 09:49:14,0.08,0.8,5144,0.07,0.7,2585,0.08,0.8,2,0.075,0.75,378,0
SPY190717P298,2019-07-16,2019-07-16 09:49:15,0.08,0.8,3984,0.07,0.7,1892,0.08,0.8,2,0.075,0.75,378,0
SPY190717P298,2019-07-16,2019-07-16 09:49:16,0.08,0.8,4772,0.07,0.7,2585,0.08,0.8,2,0.075,0.75,378,0
SPY190717P298,2019-07-16,2019-07-16 09:49:17,0.08,0.8,5434,0.07,0.7,2916,0.08,0.8,2,0.075,0.75,378,0
SPY190717P298,2019-07-16,2019-07-16 09:49:18,0.08,0.8,5233,0.07,0.7,2881,0.08,0.8,2,0.075,0.75,378,0
SPY190717P298,2019-07-16,2019-07-16 09:49:19,0.08,0.8,5503,0.07,0.7,3307,0.08,0.8,2,0.075,0.75,378,0
SPY190717P298,2019-07-16,2019-07-16 09:49:20,0.08,0.8,5503,0.07,0.7,3307,0.08,0.8,2,0.075,0.75,378,0
SPY190717P298,2019-07-16,2019-07-16 09:49:21,0.08,0.8,5503,0.07,0.7,3307,0.08,0.8,2,0.075,0.75,378,0
SPY190717P298,2019-07-16,2019-07-16 09:49:22,0.08,0.8,5503,0.07,0.7,4359,0.08,0.8,2,0.075,0.75,378,0
SPY190717P298,2019-07-16,2019-07-16 09:49:23,0.08,0.8,5608,0.07,0.7,4604,0.08,0.8,2,0.075,0.75,378,0
SPY190717P298,2019-07-16,2019-07-16 09:49:24,0.08,0.8,5600,0.07,0.7,4604,0.08,0.8,2,0.075,0.75,378,0
SPY190717P298,2019-07-16,2019-07-16 09:49:25,0.08,0.8,5197,0.07,0.7,4604,0.08,0.8,2,0.075,0.75,378,0
SPY190717P298,2019-07-16,2019-07-16 09:49:26,0.08,0.8,5601,0.07,0.7,4604,0.08,0.8,2,0.075,0.75,378,0
SPY190717P298,2019-07-16,2019-07-16 09:49:27,0.08,0.8,5601,0.07,0.7,4604,0.08,0.8,2,0.075,0.75,378,0
SPY190717P298,2019-07-16,2019-07-16 09:49:28,0.08,0.8,5601,0.07,0.7,4604,0.08,0.8,2,0.075,0.75,378,0
SPY190717P298,2019-07-16,2019-07-16 09:49:28,0.08,0.8,4962,0.07,0.7,4544,0.08,0.8,2,0.075,0.75,378,0
SPY190717P298,2019-07-16,2019-07-16 09:49:29,0.08,0.8,5529,0.07,0.7,4598,0.08,0.8,2,0.075,0.75,378,0
SPY190717P298,2019-07-16,2019-07-16 09:49:30,0.08,0.8,5529,0.07,0.7,4598,0.08,0.8,2,0.075,0.75,378,0
SPY190717P298,2019-07-16,2019-07-16 09:49:31,0.08,0.8,5529,0.07,0.7,4598,0.08,0.8,2,0.075,0.75,378,0
SPY190717P298,2019-07-16,2019-07-16 09:49:32,0.08,0.8,5529,0.07,0.7,4598,0.08,0.8,2,0.075,0.75,378,0
SPY190717P298,2019-07-16,2019-07-16 09:49:33,0.08,0.8,5529,0.07,0.7,4598,0.08,0.8,2,0.075,0.75,378,0
SPY190717P298,2019-07-16,2019-07-16 09:49:34,0.08,0.8,4207,0.07,0.7,2086,0.08,0.8,2,0.075,0.75,378,0
SPY190717P298,2019-07-16,2019-07-16 09:49:35,0.08,0.8,3925,0.07,0.7,1613,0.08,0.8,2,0.075,0.75,378,0
SPY190717P298,2019-07-16,2019-07-16 09:49:35,0.08,0.8,4333,0.07,0.7,2167,0.08,0.8,2,0.075,0.75,378,0
SPY190717P298,2019-07-16,2019-07-16 09:49:36,0.08,0.8,6135,0.07,0.7,2131,0.08,0.8,2,0.075,0.75,378,0
SPY190717P298,2019-07-16,2019-07-16 09:49:36,0.08,0.8,4091,0.07,0.7,2059,0.08,0.8,2,0.075,0.75,378,0
SPY190717P298,2019-07-16,2019-07-16 09:49:37,0.08,0.8,6288,0.07,0.7,2131,0.08,0.8,2,0.075,0.75,378,0
SPY190717P298,2019-07-16,2019-07-16 09:49:38,0.08,0.8,4777,0.07,0.7,2475,0.08,0.8,2,0.075,0.75,378,0
SPY190717P298,2019-07-16,2019-07-16 09:49:38,0.08,0.8,6288,0.07,0.7,2131,0.08,0.8,2,0.075,0.75,378,0
SPY190717P298,2019-07-16,2019-07-16 09:49:39,0.08,0.8,6186,0.07,0.7,3604,0.08,0.8,2,0.075,0.75,378,0
SPY190717P298,2019-07-16,2019-07-16 09:49:40,0.08,0.8,6195,0.07,0.7,2421,0.08,0.8,2,0.075,0.75,378,0
SPY190717P298,2019-07-16,2019-07-16 09:49:40,0.08,0.8,5414,0.07,0.7,2421,0.08,0.8,2,0.075,0.75,378,0
SPY190717P298,2019-07-16,2019-07-16 09:49:41,0.08,0.8,6195,0.07,0.7,2475,0.08,0.8,2,0.075,0.75,378,0
SPY190717P298,2019-07-16,2019-07-16 09:49:42,0.08,0.8,6349,0.07,0.7,2475,0.08,0.8,2,0.075,0.75,378,0
SPY190717P298,2019-07-16,2019-07-16 09:49:43,0.08,0.8,6349,0.07,0.7,2475,0.08,0.8,2,0.075,0.75,378,0
SPY190717P298,2019-07-16,2019-07-16 09:49:44,0.08,0.8,6349,0.07,0.7,2475,0.08,0.8,2,0.075,0.75,378,0
SPY190717P298,2019-07-16,2019-07-16 09:49:45,0.08,0.8,6349,0.07,0.7,2475,0.08,0.8,2,0.075,0.75,378,0
SPY190717P298,2019-07-16,2019-07-16 09:49:46,0.08,0.8,6349,0.07,0.7,2475,0.08,0.8,2,0.075,0.75,380,0
SPY190717P298,2019-07-16,2019-07-16 09:49:46,0.08,0.8,6349,0.07,0.7,2475,0.08,0.8,2,0.075,0.75,380,2
SPY190717P298,2019-07-16,2019-07-16 09:49:47,0.08,0.8,6349,0.07,0.7,2475,0.08,0.8,2,0.075,0.75,380,0
SPY190717P298,2019-07-16,2019-07-16 09:49:48,0.08,0.8,5013,0.07,0.7,2012,0.08,0.8,2,0.075,0.75,380,0
SPY190717P298,2019-07-16,2019-07-16 09:49:49,0.08,0.8,6457,0.07,0.7,2012,0.08,0.8,2,0.075,0.75,380,0
SPY190717P298,2019-07-16,2019-07-16 09:49:50,0.08,0.8,6457,0.07,0.7,1623,0.08,0.8,2,0.075,0.75,380,0
SPY190717P298,2019-07-16,2019-07-16 09:49:50,0.08,0.8,6457,0.07,0.7,2066,0.08,0.8,2,0.075,0.75,380,0
SPY190717P298,2019-07-16,2019-07-16 09:49:51,0.08,0.8,6493,0.07,0.7,907,0.08,0.8,2,0.075,0.75,380,0
SPY190717P298,2019-07-16,2019-07-16 09:49:52,0.08,0.8,6333,0.07,0.7,2678,0.08,0.8,2,0.075,0.75,380,0
SPY190717P298,2019-07-16,2019-07-16 09:49:53,0.08,0.8,6487,0.07,0.7,1697,0.08,0.8,2,0.075,0.75,380,0
SPY190717P298,2019-07-16,2019-07-16 09:49:54,0.08,0.8,4550,0.07,0.7,1114,0.08,0.8,2,0.075,0.75,380,0
SPY190717P298,2019-07-16,2019-07-16 09:49:55,0.08,0.8,6319,0.07,0.7,2784,0.08,0.8,2,0.075,0.75,380,0
SPY190717P298,2019-07-16,2019-07-16 09:49:55,0.08,0.8,6250,0.07,0.7,2784,0.08,0.8,2,0.075,0.75,380,0
SPY190717P298,2019-07-16,2019-07-16 09:49:56,0.08,0.8,6250,0.07,0.7,3101,0.08,0.8,2,0.075,0.75,380,0
SPY190717P298,2019-07-16,2019-07-16 09:49:57,0.08,0.8,6250,0.07,0.7,3101,0.08,0.8,2,0.075,0.75,380,0
SPY190717P298,2019-07-16,2019-07-16 09:49:58,0.08,0.8,6250,0.07,0.7,3101,0.08,0.8,2,0.075,0.75,380,0
SPY190717P298,2019-07-16,2019-07-16 09:49:59,0.08,0.8,6250,0.07,0.7,3101,0.08,0.8,2,0.075,0.75,380,0
SPY190717P298,2019-07-16,2019-07-16 09:49:59,0.08,0.8,6452,0.07,0.7,3101,0.08,0.8,2,0.075,0.75,380,0
SPY190717P298,2019-07-16,2019-07-16 09:50:00,0.08,0.8,6452,0.07,0.7,3101,0.08,0.8,2,0.075,0.75,380,0
SPY190717P298,2019-07-16,2019-07-16 09:50:01,0.08,0.8,6452,0.07,0.7,3101,0.08,0.8,2,0.075,0.75,380,0
SPY190717P298,2019-07-16,2019-07-16 09:50:01,0.08,0.8,6087,0.07,0.7,2600,0.08,0.8,2,0.075,0.75,380,0
SPY190717P298,2019-07-16,2019-07-16 09:50:02,0.08,0.8,6087,0.07,0.7,2561,0.08,0.8,2,0.075,0.75,380,0
SPY190717P298,2019-07-16,2019-07-16 09:50:03,0.08,0.8,5883,0.07,0.7,2507,0.08,0.8,2,0.075,0.75,380,0
SPY190717P298,2019-07-16,2019-07-16 09:50:03,0.08,0.8,6227,0.07,0.7,2561,0.08,0.8,2,0.075,0.75,380,0
SPY190717P298,2019-07-16,2019-07-16 09:50:05,0.08,0.8,6203,0.07,0.7,2508,0.08,0.8,2,0.075,0.75,380,0
SPY190717P298,2019-07-16,2019-07-16 09:50:06,0.08,0.8,6394,0.07,0.7,3259,0.08,0.8,2,0.075,0.75,380,0
SPY190717P298,2019-07-16,2019-07-16 09:50:07,0.08,0.8,6600,0.07,0.7,3259,0.08,0.8,2,0.075,0.75,380,0
SPY190717P298,2019-07-16,2019-07-16 09:50:08,0.08,0.8,6600,0.07,0.7,3259,0.08,0.8,2,0.075,0.75,380,0
SPY190717P298,2019-07-16,2019-07-16 09:50:09,0.08,0.8,6600,0.07,0.7,3259,0.08,0.8,2,0.075,0.75,380,0
SPY190717P298,2019-07-16,2019-07-16 09:50:10,0.08,0.8,6611,0.07,0.7,3537,0.08,0.8,2,0.075,0.75,380,0
SPY190717P298,2019-07-16,2019-07-16 09:50:11,0.08,0.8,6202,0.07,0.7,3056,0.08,0.8,2,0.075,0.75,380,0
SPY190717P298,2019-07-16,2019-07-16 09:50:12,0.08,0.8,6200,0.07,0.7,3056,0.08,0.8,2,0.075,0.75,380,0
SPY190717P298,2019-07-16,2019-07-16 09:50:13,0.08,0.8,6200,0.07,0.7,3056,0.08,0.8,2,0.075,0.75,380,0
SPY190717P298,2019-07-16,2019-07-16 09:50:14,0.08,0.8,6514,0.07,0.7,3257,0.08,0.8,2,0.075,0.75,380,0
SPY190717P298,2019-07-16,2019-07-16 09:50:15,0.08,0.8,6514,0.07,0.7,3257,0.08,0.8,2,0.075,0.75,380,0
SPY190717P298,2019-07-16,2019-07-16 09:50:16,0.08,0.8,6514,0.07,0.7,3257,0.08,0.8,2,0.075,0.75,380,0
SPY190717P298,2019-07-16,2019-07-16 09:50:17,0.08,0.8,6514,0.07,0.7,3257,0.08,0.8,2,0.075,0.75,380,0
SPY190717P298,2019-07-16,2019-07-16 09:50:18,0.08,0.8,6531,0.07,0.7,2789,0.08,0.8,2,0.075,0.75,380,0
SPY190717P298,2019-07-16,2019-07-16 09:50:19,0.08,0.8,6228,0.07,0.7,3283,0.08,0.8,2,0.075,0.75,380,0
SPY190717P298,2019-07-16,2019-07-16 09:50:20,0.08,0.8,5726,0.07,0.7,2523,0.08,0.8,2,0.075,0.75,380,0
SPY190717P298,2019-07-16,2019-07-16 09:50:21,0.08,0.8,6200,0.07,0.7,3296,0.08,0.8,2,0.075,0.75,380,0
SPY190717P298,2019-07-16,2019-07-16 09:50:22,0.08,0.8,6200,0.07,0.7,3240,0.08,0.8,2,0.075,0.75,380,0
SPY190717P298,2019-07-16,2019-07-16 09:50:23,0.08,0.8,6200,0.07,0.7,3296,0.08,0.8,2,0.075,0.75,380,0
SPY190717P298,2019-07-16,2019-07-16 09:50:25,0.08,0.8,6506,0.07,0.7,3240,0.08,0.8,2,0.075,0.75,380,0
SPY190717P298,2019-07-16,2019-07-16 09:50:25,0.08,0.8,6506,0.07,0.7,3435,0.08,0.8,2,0.075,0.75,380,0
SPY190717P298,2019-07-16,2019-07-16 09:50:26,0.08,0.8,6506,0.07,0.7,3296,0.08,0.8,2,0.075,0.75,380,0
SPY190717P298,2019-07-16,2019-07-16 09:50:27,0.08,0.8,6506,0.07,0.7,3296,0.08,0.8,2,0.075,0.75,380,0
