symbol,Date,quote_time,ask_price,norm_ask_price,ask_size,bid_price,norm_bid_price,bid_size,last_trade_price,norm_last_trade_price,last_trade_size,mark_price,norm_mark_price,volume,Volume
SPY190805P291,2019-08-02,2019-08-02 09:30:12,0.89,1.0,423,0.84,0.9438,70,0.85,0.955,1,0.865,0.9719,7,7
SPY190805P291,2019-08-02,2019-08-02 09:30:36,0.86,0.9662,191,0.83,0.9325,55,0.84,0.9438,1,0.845,0.9494,20,13
SPY190805P291,2019-08-02,2019-08-02 09:30:43,0.86,0.9662,5,0.84,0.9438,182,0.84,0.9438,5,0.85,0.955,25,5
SPY190805P291,2019-08-02,2019-08-02 09:30:48,0.87,0.9775,5,0.85,0.955,594,0.85,0.955,2,0.86,0.9662,32,7
SPY190805P291,2019-08-02,2019-08-02 09:30:53,0.88,0.9887,266,0.85,0.955,127,0.85,0.955,1,0.865,0.9719,33,1
SPY190805P291,2019-08-02,2019-08-02 09:30:55,0.88,0.9887,266,0.85,0.955,258,0.85,0.955,1,0.865,0.9719,33,0
SPY190805P291,2019-08-02,2019-08-02 09:30:56,0.89,1.0,358,0.85,0.955,84,0.85,0.955,1,0.87,0.9775,33,0
SPY190805P291,2019-08-02,2019-08-02 09:30:57,0.87,0.9775,5,0.85,0.955,560,0.85,0.955,1,0.86,0.9662,33,0
SPY190805P291,2019-08-02,2019-08-02 09:30:58,0.87,0.9775,5,0.85,0.955,307,0.85,0.955,1,0.86,0.9662,33,0
SPY190805P291,2019-08-02,2019-08-02 09:30:59,0.88,0.9887,191,0.86,0.9662,10,0.85,0.955,1,0.87,0.9775,33,0
SPY190805P291,2019-08-02,2019-08-02 09:31:01,0.88,0.9887,5,0.86,0.9662,480,0.85,0.955,1,0.87,0.9775,33,0
SPY190805P291,2019-08-02,2019-08-02 09:31:02,0.9,1.0112,5,0.87,0.9775,120,0.85,0.955,1,0.885,0.9943,33,0
SPY190805P291,2019-08-02,2019-08-02 09:31:03,0.91,1.0224,7,0.89,1.0,5,0.85,0.955,1,0.9,1.0112,33,0
SPY190805P291,2019-08-02,2019-08-02 09:31:05,0.92,1.0337,123,0.9,1.0112,5,0.85,0.955,1,0.91,1.0224,33,0
SPY190805P291,2019-08-02,2019-08-02 09:31:06,0.92,1.0337,5,0.9,1.0112,5,0.85,0.955,1,0.91,1.0224,33,0
SPY190805P291,2019-08-02,2019-08-02 09:31:07,0.92,1.0337,169,0.9,1.0112,70,0.85,0.955,1,0.91,1.0224,33,0
SPY190805P291,2019-08-02,2019-08-02 09:31:08,0.95,1.0674,120,0.91,1.0224,529,0.85,0.955,1,0.93,1.0449,33,0
SPY190805P291,2019-08-02,2019-08-02 09:31:10,0.94,1.0561,5,0.92,1.0337,120,0.85,0.955,1,0.93,1.0449,33,0
SPY190805P291,2019-08-02,2019-08-02 09:31:11,0.95,1.0674,5,0.92,1.0337,169,0.85,0.955,1,0.935,1.0505,33,0
SPY190805P291,2019-08-02,2019-08-02 09:31:13,0.97,1.0898,133,0.94,1.0561,317,0.85,0.955,1,0.955,1.073,33,0
SPY190805P291,2019-08-02,2019-08-02 09:31:14,0.97,1.0898,188,0.94,1.0561,309,0.85,0.955,1,0.955,1.073,33,0
SPY190805P291,2019-08-02,2019-08-02 09:31:16,1.02,1.146,362,0.96,1.0786,10,0.85,0.955,1,0.99,1.1123,33,0
SPY190805P291,2019-08-02,2019-08-02 09:31:17,1.0,1.1235,27,0.97,1.0898,414,0.85,0.955,1,0.985,1.1067,33,0
SPY190805P291,2019-08-02,2019-08-02 09:31:19,1.02,1.146,5,0.99,1.1123,365,0.85,0.955,1,1.005,1.1292,33,0
SPY190805P291,2019-08-02,2019-08-02 09:31:19,1.01,1.1348,23,0.98,1.1011,120,0.85,0.955,1,0.995,1.1179,33,0
SPY190805P291,2019-08-02,2019-08-02 09:31:20,1.04,1.1685,5,1.01,1.1348,60,0.85,0.955,1,1.025,1.1516,33,0
SPY190805P291,2019-08-02,2019-08-02 09:31:24,1.01,1.1348,2,0.98,1.1011,60,1.01,1.1348,2,0.995,1.1179,35,2
SPY190805P291,2019-08-02,2019-08-02 09:31:26,1.0,1.1235,10,0.97,1.0898,310,1.01,1.1348,2,0.985,1.1067,35,0
SPY190805P291,2019-08-02,2019-08-02 09:31:27,1.0,1.1235,5,0.97,1.0898,100,1.01,1.1348,2,0.985,1.1067,35,0
SPY190805P291,2019-08-02,2019-08-02 09:31:29,0.97,1.0898,5,0.96,1.0786,10,1.01,1.1348,2,0.965,1.0842,35,0
SPY190805P291,2019-08-02,2019-08-02 09:31:30,0.97,1.0898,185,0.94,1.0561,120,0.97,1.0898,4,0.955,1.073,44,9
SPY190805P291,2019-08-02,2019-08-02 09:31:30,0.98,1.1011,424,0.96,1.0786,10,1.01,1.1348,2,0.97,1.0898,35,0
SPY190805P291,2019-08-02,2019-08-02 09:31:31,0.96,1.0786,5,0.94,1.0561,120,0.97,1.0898,4,0.95,1.0674,44,0
SPY190805P291,2019-08-02,2019-08-02 09:31:33,0.99,1.1123,6,0.96,1.0786,5,0.97,1.0898,4,0.975,1.0955,44,0
SPY190805P291,2019-08-02,2019-08-02 09:31:34,0.99,1.1123,5,0.97,1.0898,70,0.97,1.0898,4,0.98,1.1011,44,0
SPY190805P291,2019-08-02,2019-08-02 09:31:35,1.0,1.1235,87,0.97,1.0898,70,0.97,1.0898,4,0.985,1.1067,44,0
SPY190805P291,2019-08-02,2019-08-02 09:31:36,1.0,1.1235,147,0.97,1.0898,70,0.97,1.0898,4,0.985,1.1067,44,0
SPY190805P291,2019-08-02,2019-08-02 09:31:36,1.0,1.1235,6,0.97,1.0898,118,0.97,1.0898,4,0.985,1.1067,44,0
SPY190805P291,2019-08-02,2019-08-02 09:31:38,1.0,1.1235,154,0.96,1.0786,70,0.97,1.0898,4,0.98,1.1011,44,0
SPY190805P291,2019-08-02,2019-08-02 09:31:39,1.0,1.1235,155,0.97,1.0898,199,0.97,1.0898,4,0.985,1.1067,44,0
SPY190805P291,2019-08-02,2019-08-02 09:31:40,1.0,1.1235,100,0.97,1.0898,156,0.97,1.0898,4,0.985,1.1067,44,0
SPY190805P291,2019-08-02,2019-08-02 09:31:41,0.99,1.1123,8,0.97,1.0898,5,0.97,1.0898,4,0.98,1.1011,44,0
SPY190805P291,2019-08-02,2019-08-02 09:31:42,0.99,1.1123,112,0.94,1.0561,84,0.97,1.0898,4,0.965,1.0842,44,0
SPY190805P291,2019-08-02,2019-08-02 09:31:42,0.98,1.1011,5,0.94,1.0561,84,0.97,1.0898,4,0.96,1.0786,44,0
SPY190805P291,2019-08-02,2019-08-02 09:31:43,0.99,1.1123,120,0.95,1.0674,120,0.97,1.0898,4,0.97,1.0898,44,0
SPY190805P291,2019-08-02,2019-08-02 09:31:44,1.0,1.1235,10,0.96,1.0786,84,0.97,1.0898,4,0.98,1.1011,44,0
SPY190805P291,2019-08-02,2019-08-02 09:31:44,1.01,1.1348,51,0.97,1.0898,120,0.97,1.0898,4,0.99,1.1123,44,0
SPY190805P291,2019-08-02,2019-08-02 09:31:45,1.02,1.146,94,0.97,1.0898,5,0.97,1.0898,4,0.995,1.1179,44,0
SPY190805P291,2019-08-02,2019-08-02 09:31:45,1.01,1.1348,5,0.97,1.0898,5,0.97,1.0898,4,0.99,1.1123,44,0
SPY190805P291,2019-08-02,2019-08-02 09:31:46,1.01,1.1348,3,0.97,1.0898,75,0.97,1.0898,4,0.99,1.1123,44,0
SPY190805P291,2019-08-02,2019-08-02 09:31:47,1.01,1.1348,8,0.98,1.1011,5,0.97,1.0898,4,0.995,1.1179,44,0
SPY190805P291,2019-08-02,2019-08-02 09:31:48,1.0,1.1235,5,0.96,1.0786,213,0.97,1.0898,4,0.98,1.1011,44,0
SPY190805P291,2019-08-02,2019-08-02 09:31:49,1.03,1.1573,250,0.96,1.0786,360,0.97,1.0898,4,0.995,1.1179,44,0
SPY190805P291,2019-08-02,2019-08-02 09:31:49,0.99,1.1123,5,0.96,1.0786,5,0.97,1.0898,4,0.975,1.0955,44,0
SPY190805P291,2019-08-02,2019-08-02 09:31:50,1.01,1.1348,147,0.97,1.0898,5,0.97,1.0898,4,0.99,1.1123,44,0
SPY190805P291,2019-08-02,2019-08-02 09:31:51,1.0,1.1235,5,0.97,1.0898,5,0.97,1.0898,4,0.985,1.1067,44,0
SPY190805P291,2019-08-02,2019-08-02 09:31:52,1.0,1.1235,141,0.96,1.0786,199,0.97,1.0898,4,0.98,1.1011,44,0
SPY190805P291,2019-08-02,2019-08-02 09:31:54,0.98,1.1011,300,0.94,1.0561,100,0.97,1.0898,4,0.96,1.0786,44,0
SPY190805P291,2019-08-02,2019-08-02 09:31:58,0.91,1.0224,5,0.88,0.9887,70,0.97,1.0898,4,0.895,1.0056,44,0
SPY190805P291,2019-08-02,2019-08-02 09:32:00,0.93,1.0449,222,0.86,0.9662,127,0.97,1.0898,4,0.895,1.0056,44,0
SPY190805P291,2019-08-02,2019-08-02 09:32:01,0.91,1.0224,300,0.85,0.955,105,0.97,1.0898,4,0.88,0.9887,44,0
SPY190805P291,2019-08-02,2019-08-02 09:32:02,0.91,1.0224,77,0.86,0.9662,70,0.97,1.0898,4,0.885,0.9943,44,0
SPY190805P291,2019-08-02,2019-08-02 09:32:03,0.89,1.0,5,0.85,0.955,167,0.97,1.0898,4,0.87,0.9775,44,0
SPY190805P291,2019-08-02,2019-08-02 09:32:04,0.89,1.0,5,0.85,0.955,247,0.97,1.0898,4,0.87,0.9775,44,0
SPY190805P291,2019-08-02,2019-08-02 09:32:04,0.91,1.0224,120,0.85,0.955,247,0.97,1.0898,4,0.88,0.9887,44,0
SPY190805P291,2019-08-02,2019-08-02 09:32:07,0.9,1.0112,70,0.86,0.9662,70,0.97,1.0898,4,0.88,0.9887,44,0
SPY190805P291,2019-08-02,2019-08-02 09:32:10,0.88,0.9887,70,0.82,0.9213,300,0.88,0.9887,1,0.85,0.955,45,1
SPY190805P291,2019-08-02,2019-08-02 09:32:11,0.86,0.9662,5,0.83,0.9325,50,0.88,0.9887,1,0.845,0.9494,45,0
SPY190805P291,2019-08-02,2019-08-02 09:32:12,0.87,0.9775,189,0.83,0.9325,70,0.88,0.9887,1,0.85,0.955,45,0
SPY190805P291,2019-08-02,2019-08-02 09:32:13,0.85,0.955,5,0.82,0.9213,5,0.83,0.9325,7,0.835,0.9382,52,7
SPY190805P291,2019-08-02,2019-08-02 09:32:14,0.84,0.9438,8,0.81,0.9101,70,0.83,0.9325,7,0.825,0.9269,52,0
SPY190805P291,2019-08-02,2019-08-02 09:32:14,0.84,0.9438,8,0.81,0.9101,5,0.83,0.9325,7,0.825,0.9269,52,0
SPY190805P291,2019-08-02,2019-08-02 09:32:15,0.85,0.955,70,0.82,0.9213,70,0.83,0.9325,7,0.835,0.9382,52,0
SPY190805P291,2019-08-02,2019-08-02 09:32:16,0.84,0.9438,5,0.8,0.8988,484,0.83,0.9325,7,0.82,0.9213,52,0
SPY190805P291,2019-08-02,2019-08-02 09:32:16,0.84,0.9438,5,0.8,0.8988,489,0.83,0.9325,7,0.82,0.9213,52,0
SPY190805P291,2019-08-02,2019-08-02 09:32:17,0.83,0.9325,5,0.81,0.9101,5,0.83,0.9325,7,0.82,0.9213,52,0
SPY190805P291,2019-08-02,2019-08-02 09:32:18,0.83,0.9325,5,0.8,0.8988,174,0.83,0.9325,7,0.815,0.9157,52,0
SPY190805P291,2019-08-02,2019-08-02 09:32:19,0.83,0.9325,5,0.8,0.8988,174,0.83,0.9325,7,0.815,0.9157,52,0
SPY190805P291,2019-08-02,2019-08-02 09:32:20,0.84,0.9438,48,0.8,0.8988,100,0.83,0.9325,7,0.82,0.9213,52,0
SPY190805P291,2019-08-02,2019-08-02 09:32:21,0.85,0.955,174,0.81,0.9101,70,0.83,0.9325,7,0.83,0.9325,52,0
SPY190805P291,2019-08-02,2019-08-02 09:32:21,0.84,0.9438,5,0.81,0.9101,100,0.83,0.9325,7,0.825,0.9269,52,0
SPY190805P291,2019-08-02,2019-08-02 09:32:22,0.84,0.9438,174,0.81,0.9101,5,0.83,0.9325,7,0.825,0.9269,52,0
SPY190805P291,2019-08-02,2019-08-02 09:32:22,0.84,0.9438,5,0.81,0.9101,5,0.83,0.9325,7,0.825,0.9269,52,0
SPY190805P291,2019-08-02,2019-08-02 09:32:23,0.87,0.9775,480,0.81,0.9101,100,0.83,0.9325,7,0.84,0.9438,52,0
SPY190805P291,2019-08-02,2019-08-02 09:32:24,0.86,0.9662,315,0.81,0.9101,100,0.83,0.9325,7,0.835,0.9382,52,0
SPY190805P291,2019-08-02,2019-08-02 09:32:24,0.85,0.955,427,0.81,0.9101,80,0.83,0.9325,7,0.83,0.9325,52,0
SPY190805P291,2019-08-02,2019-08-02 09:32:25,0.84,0.9438,5,0.81,0.9101,130,0.83,0.9325,7,0.825,0.9269,52,0
SPY190805P291,2019-08-02,2019-08-02 09:32:26,0.85,0.955,96,0.81,0.9101,130,0.83,0.9325,7,0.83,0.9325,52,0
SPY190805P291,2019-08-02,2019-08-02 09:32:27,0.84,0.9438,5,0.8,0.8988,758,0.83,0.9325,7,0.82,0.9213,52,0
SPY190805P291,2019-08-02,2019-08-02 09:32:28,0.84,0.9438,34,0.82,0.9213,121,0.83,0.9325,7,0.83,0.9325,52,0
SPY190805P291,2019-08-02,2019-08-02 09:32:29,0.84,0.9438,5,0.82,0.9213,5,0.83,0.9325,7,0.83,0.9325,52,0
SPY190805P291,2019-08-02,2019-08-02 09:32:30,0.86,0.9662,163,0.83,0.9325,5,0.83,0.9325,7,0.845,0.9494,52,0
SPY190805P291,2019-08-02,2019-08-02 09:32:31,0.85,0.955,106,0.83,0.9325,5,0.83,0.9325,7,0.84,0.9438,52,0
SPY190805P291,2019-08-02,2019-08-02 09:32:32,0.85,0.955,39,0.82,0.9213,694,0.83,0.9325,7,0.835,0.9382,52,0
SPY190805P291,2019-08-02,2019-08-02 09:32:33,0.84,0.9438,42,0.81,0.9101,175,0.83,0.9325,7,0.825,0.9269,52,0
SPY190805P291,2019-08-02,2019-08-02 09:32:34,0.83,0.9325,183,0.8,0.8988,174,0.83,0.9325,7,0.815,0.9157,52,0
SPY190805P291,2019-08-02,2019-08-02 09:32:34,0.83,0.9325,183,0.8,0.8988,181,0.83,0.9325,7,0.815,0.9157,52,0
SPY190805P291,2019-08-02,2019-08-02 09:32:35,0.88,0.9887,208,0.81,0.9101,341,0.83,0.9325,7,0.845,0.9494,52,0
SPY190805P291,2019-08-02,2019-08-02 09:32:35,0.86,0.9662,174,0.82,0.9213,454,0.83,0.9325,7,0.84,0.9438,52,0
SPY190805P291,2019-08-02,2019-08-02 09:32:36,0.87,0.9775,211,0.83,0.9325,200,0.83,0.9325,7,0.85,0.955,52,0
SPY190805P291,2019-08-02,2019-08-02 09:32:37,0.87,0.9775,211,0.84,0.9438,123,0.83,0.9325,7,0.855,0.9606,52,0
SPY190805P291,2019-08-02,2019-08-02 09:32:38,0.85,0.955,213,0.81,0.9101,530,0.83,0.9325,7,0.83,0.9325,52,0
SPY190805P291,2019-08-02,2019-08-02 09:32:39,0.84,0.9438,39,0.81,0.9101,619,0.83,0.9325,7,0.825,0.9269,52,0
SPY190805P291,2019-08-02,2019-08-02 09:32:39,0.84,0.9438,39,0.81,0.9101,592,0.83,0.9325,7,0.825,0.9269,52,0
SPY190805P291,2019-08-02,2019-08-02 09:32:40,0.83,0.9325,92,0.81,0.9101,206,0.83,0.9325,7,0.82,0.9213,52,0
SPY190805P291,2019-08-02,2019-08-02 09:32:41,0.85,0.955,208,0.82,0.9213,300,0.83,0.9325,7,0.835,0.9382,52,0
SPY190805P291,2019-08-02,2019-08-02 09:32:42,0.84,0.9438,124,0.82,0.9213,130,0.83,0.9325,7,0.83,0.9325,52,0
SPY190805P291,2019-08-02,2019-08-02 09:32:43,0.84,0.9438,85,0.82,0.9213,89,0.83,0.9325,7,0.83,0.9325,52,0
SPY190805P291,2019-08-02,2019-08-02 09:32:44,0.85,0.955,5,0.83,0.9325,41,0.83,0.9325,7,0.84,0.9438,52,0
SPY190805P291,2019-08-02,2019-08-02 09:32:44,0.85,0.955,210,0.83,0.9325,30,0.83,0.9325,7,0.84,0.9438,52,0
SPY190805P291,2019-08-02,2019-08-02 09:32:45,0.85,0.955,212,0.82,0.9213,161,0.83,0.9325,7,0.835,0.9382,52,0
SPY190805P291,2019-08-02,2019-08-02 09:32:47,0.84,0.9438,39,0.82,0.9213,197,0.84,0.9438,1,0.83,0.9325,53,1
SPY190805P291,2019-08-02,2019-08-02 09:32:48,0.84,0.9438,191,0.81,0.9101,204,0.83,0.9325,10,0.825,0.9269,63,10
SPY190805P291,2019-08-02,2019-08-02 09:32:49,0.84,0.9438,196,0.81,0.9101,206,0.83,0.9325,10,0.825,0.9269,63,0
SPY190805P291,2019-08-02,2019-08-02 09:32:50,0.85,0.955,173,0.81,0.9101,100,0.83,0.9325,10,0.83,0.9325,63,0
SPY190805P291,2019-08-02,2019-08-02 09:32:51,0.84,0.9438,200,0.82,0.9213,65,0.83,0.9325,10,0.83,0.9325,63,0
SPY190805P291,2019-08-02,2019-08-02 09:32:52,0.83,0.9325,140,0.81,0.9101,204,0.83,0.9325,10,0.82,0.9213,63,0
SPY190805P291,2019-08-02,2019-08-02 09:32:53,0.84,0.9438,166,0.8,0.8988,88,0.83,0.9325,10,0.82,0.9213,63,0
SPY190805P291,2019-08-02,2019-08-02 09:32:53,0.83,0.9325,140,0.8,0.8988,826,0.83,0.9325,10,0.815,0.9157,63,0
SPY190805P291,2019-08-02,2019-08-02 09:32:54,0.83,0.9325,207,0.8,0.8988,211,0.83,0.9325,10,0.815,0.9157,63,0
SPY190805P291,2019-08-02,2019-08-02 09:32:55,0.82,0.9213,39,0.8,0.8988,281,0.83,0.9325,10,0.81,0.9101,63,0
SPY190805P291,2019-08-02,2019-08-02 09:32:56,0.83,0.9325,165,0.81,0.9101,108,0.83,0.9325,10,0.82,0.9213,63,0
SPY190805P291,2019-08-02,2019-08-02 09:32:57,0.84,0.9438,212,0.82,0.9213,13,0.83,0.9325,10,0.83,0.9325,63,0
SPY190805P291,2019-08-02,2019-08-02 09:32:58,0.85,0.955,212,0.82,0.9213,281,0.83,0.9325,10,0.835,0.9382,63,0
SPY190805P291,2019-08-02,2019-08-02 09:32:59,0.85,0.955,212,0.82,0.9213,281,0.83,0.9325,10,0.835,0.9382,63,0
SPY190805P291,2019-08-02,2019-08-02 09:33:00,0.85,0.955,100,0.83,0.9325,188,0.83,0.9325,10,0.84,0.9438,63,0
SPY190805P291,2019-08-02,2019-08-02 09:33:00,0.87,0.9775,111,0.83,0.9325,107,0.83,0.9325,10,0.85,0.955,63,0
SPY190805P291,2019-08-02,2019-08-02 09:33:01,0.87,0.9775,138,0.85,0.955,206,0.83,0.9325,10,0.86,0.9662,63,0
SPY190805P291,2019-08-02,2019-08-02 09:33:03,0.87,0.9775,110,0.85,0.955,241,0.83,0.9325,10,0.86,0.9662,63,0
SPY190805P291,2019-08-02,2019-08-02 09:33:04,0.84,0.9438,139,0.81,0.9101,52,0.83,0.9325,10,0.825,0.9269,63,0
SPY190805P291,2019-08-02,2019-08-02 09:33:05,0.84,0.9438,179,0.82,0.9213,67,0.83,0.9325,10,0.83,0.9325,63,0
SPY190805P291,2019-08-02,2019-08-02 09:33:06,0.85,0.955,207,0.83,0.9325,124,0.83,0.9325,10,0.84,0.9438,63,0
SPY190805P291,2019-08-02,2019-08-02 09:33:07,0.85,0.955,163,0.82,0.9213,463,0.83,0.9325,10,0.835,0.9382,63,0
SPY190805P291,2019-08-02,2019-08-02 09:33:07,0.84,0.9438,139,0.82,0.9213,171,0.83,0.9325,10,0.83,0.9325,63,0
SPY190805P291,2019-08-02,2019-08-02 09:33:08,0.84,0.9438,166,0.82,0.9213,37,0.83,0.9325,10,0.83,0.9325,63,0
SPY190805P291,2019-08-02,2019-08-02 09:33:09,0.86,0.9662,43,0.83,0.9325,75,0.83,0.9325,10,0.845,0.9494,63,0
SPY190805P291,2019-08-02,2019-08-02 09:33:10,0.86,0.9662,139,0.84,0.9438,6,0.83,0.9325,10,0.85,0.955,63,0
SPY190805P291,2019-08-02,2019-08-02 09:33:11,0.83,0.9325,20,0.8,0.8988,70,0.83,0.9325,10,0.815,0.9157,63,0
SPY190805P291,2019-08-02,2019-08-02 09:33:11,0.85,0.955,369,0.81,0.9101,124,0.83,0.9325,10,0.83,0.9325,63,0
SPY190805P291,2019-08-02,2019-08-02 09:33:12,0.83,0.9325,207,0.81,0.9101,26,0.83,0.9325,10,0.82,0.9213,63,0
SPY190805P291,2019-08-02,2019-08-02 09:33:13,0.82,0.9213,5,0.8,0.8988,88,0.83,0.9325,10,0.81,0.9101,63,0
SPY190805P291,2019-08-02,2019-08-02 09:33:14,0.82,0.9213,1,0.8,0.8988,37,0.82,0.9213,5,0.81,0.9101,70,7
SPY190805P291,2019-08-02,2019-08-02 09:33:14,0.83,0.9325,457,0.81,0.9101,144,0.82,0.9213,1,0.82,0.9213,71,1
SPY190805P291,2019-08-02,2019-08-02 09:33:15,0.83,0.9325,39,0.81,0.9101,157,0.82,0.9213,1,0.82,0.9213,71,0
SPY190805P291,2019-08-02,2019-08-02 09:33:15,0.84,0.9438,119,0.81,0.9101,44,0.82,0.9213,1,0.825,0.9269,71,0
SPY190805P291,2019-08-02,2019-08-02 09:33:16,0.83,0.9325,100,0.82,0.9213,6,0.82,0.9213,1,0.825,0.9269,71,0
SPY190805P291,2019-08-02,2019-08-02 09:33:17,0.85,0.955,5,0.83,0.9325,6,0.82,0.9213,1,0.84,0.9438,71,0
SPY190805P291,2019-08-02,2019-08-02 09:33:17,0.84,0.9438,249,0.82,0.9213,5,0.82,0.9213,1,0.83,0.9325,71,0
SPY190805P291,2019-08-02,2019-08-02 09:33:18,0.84,0.9438,5,0.82,0.9213,5,0.82,0.9213,1,0.83,0.9325,71,0
SPY190805P291,2019-08-02,2019-08-02 09:33:19,0.85,0.955,200,0.82,0.9213,36,0.82,0.9213,1,0.835,0.9382,71,0
SPY190805P291,2019-08-02,2019-08-02 09:33:20,0.86,0.9662,413,0.82,0.9213,174,0.82,0.9213,1,0.84,0.9438,71,0
SPY190805P291,2019-08-02,2019-08-02 09:33:20,0.85,0.955,170,0.82,0.9213,50,0.82,0.9213,1,0.835,0.9382,71,0
SPY190805P291,2019-08-02,2019-08-02 09:33:21,0.85,0.955,20,0.84,0.9438,6,0.82,0.9213,1,0.845,0.9494,71,0
SPY190805P291,2019-08-02,2019-08-02 09:33:22,0.87,0.9775,145,0.84,0.9438,6,0.82,0.9213,1,0.855,0.9606,71,0
SPY190805P291,2019-08-02,2019-08-02 09:33:23,0.86,0.9662,109,0.84,0.9438,6,0.86,0.9662,20,0.85,0.955,91,20
SPY190805P291,2019-08-02,2019-08-02 09:33:23,0.86,0.9662,207,0.83,0.9325,193,0.82,0.9213,1,0.845,0.9494,71,0
SPY190805P291,2019-08-02,2019-08-02 09:33:24,0.86,0.9662,192,0.82,0.9213,90,0.86,0.9662,20,0.84,0.9438,91,0
SPY190805P291,2019-08-02,2019-08-02 09:33:24,0.85,0.955,139,0.83,0.9325,1,0.86,0.9662,20,0.84,0.9438,91,0
SPY190805P291,2019-08-02,2019-08-02 09:33:25,0.85,0.955,139,0.84,0.9438,6,0.86,0.9662,20,0.845,0.9494,91,0
SPY190805P291,2019-08-02,2019-08-02 09:33:26,0.86,0.9662,105,0.82,0.9213,206,0.86,0.9662,20,0.84,0.9438,91,0
SPY190805P291,2019-08-02,2019-08-02 09:33:26,0.85,0.955,212,0.82,0.9213,113,0.86,0.9662,20,0.835,0.9382,91,0
SPY190805P291,2019-08-02,2019-08-02 09:33:27,0.84,0.9438,101,0.82,0.9213,1,0.86,0.9662,20,0.83,0.9325,91,0
SPY190805P291,2019-08-02,2019-08-02 09:33:27,0.84,0.9438,147,0.82,0.9213,87,0.86,0.9662,20,0.83,0.9325,91,0
SPY190805P291,2019-08-02,2019-08-02 09:33:28,0.84,0.9438,101,0.83,0.9325,1,0.86,0.9662,20,0.835,0.9382,91,0
SPY190805P291,2019-08-02,2019-08-02 09:33:29,0.85,0.955,39,0.82,0.9213,8,0.86,0.9662,20,0.835,0.9382,91,0
SPY190805P291,2019-08-02,2019-08-02 09:33:29,0.83,0.9325,194,0.82,0.9213,6,0.86,0.9662,20,0.825,0.9269,91,0
SPY190805P291,2019-08-02,2019-08-02 09:33:30,0.83,0.9325,337,0.81,0.9101,92,0.86,0.9662,20,0.82,0.9213,91,0
SPY190805P291,2019-08-02,2019-08-02 09:33:31,0.83,0.9325,337,0.81,0.9101,6,0.86,0.9662,20,0.82,0.9213,91,0
SPY190805P291,2019-08-02,2019-08-02 09:33:31,0.83,0.9325,324,0.81,0.9101,6,0.86,0.9662,20,0.82,0.9213,91,0
SPY190805P291,2019-08-02,2019-08-02 09:33:32,0.85,0.955,259,0.82,0.9213,44,0.86,0.9662,20,0.835,0.9382,91,0
SPY190805P291,2019-08-02,2019-08-02 09:33:32,0.83,0.9325,194,0.82,0.9213,6,0.86,0.9662,20,0.825,0.9269,91,0
SPY190805P291,2019-08-02,2019-08-02 09:33:33,0.83,0.9325,312,0.8,0.8988,322,0.86,0.9662,20,0.815,0.9157,91,0
SPY190805P291,2019-08-02,2019-08-02 09:33:34,0.83,0.9325,199,0.81,0.9101,1,0.86,0.9662,20,0.82,0.9213,91,0
SPY190805P291,2019-08-02,2019-08-02 09:33:35,0.83,0.9325,373,0.81,0.9101,1,0.86,0.9662,20,0.82,0.9213,91,0
SPY190805P291,2019-08-02,2019-08-02 09:33:35,0.82,0.9213,39,0.81,0.9101,1,0.81,0.9101,1,0.815,0.9157,292,201
SPY190805P291,2019-08-02,2019-08-02 09:33:36,0.82,0.9213,104,0.8,0.8988,237,0.81,0.9101,1,0.81,0.9101,292,0
SPY190805P291,2019-08-02,2019-08-02 09:33:37,0.82,0.9213,194,0.81,0.9101,6,0.81,0.9101,1,0.815,0.9157,292,0
SPY190805P291,2019-08-02,2019-08-02 09:33:37,0.81,0.9101,76,0.79,0.8876,3,0.81,0.9101,1,0.8,0.8988,292,0
SPY190805P291,2019-08-02,2019-08-02 09:33:38,0.81,0.9101,312,0.79,0.8876,2,0.81,0.9101,1,0.8,0.8988,292,0
SPY190805P291,2019-08-02,2019-08-02 09:33:39,0.81,0.9101,1,0.79,0.8876,740,0.81,0.9101,2,0.8,0.8988,294,0
SPY190805P291,2019-08-02,2019-08-02 09:33:39,0.81,0.9101,180,0.79,0.8876,272,0.81,0.9101,2,0.8,0.8988,294,2
SPY190805P291,2019-08-02,2019-08-02 09:33:40,0.82,0.9213,81,0.8,0.8988,286,0.81,0.9101,2,0.81,0.9101,294,0
SPY190805P291,2019-08-02,2019-08-02 09:33:40,0.83,0.9325,213,0.81,0.9101,6,0.81,0.9101,2,0.82,0.9213,294,0
SPY190805P291,2019-08-02,2019-08-02 09:33:41,0.82,0.9213,111,0.8,0.8988,286,0.81,0.9101,2,0.81,0.9101,294,0
SPY190805P291,2019-08-02,2019-08-02 09:33:42,0.83,0.9325,124,0.81,0.9101,224,0.81,0.9101,2,0.82,0.9213,294,0
SPY190805P291,2019-08-02,2019-08-02 09:33:42,0.82,0.9213,111,0.81,0.9101,6,0.81,0.9101,2,0.815,0.9157,294,0
SPY190805P291,2019-08-02,2019-08-02 09:33:43,0.85,0.955,25,0.81,0.9101,37,0.81,0.9101,2,0.83,0.9325,294,0
SPY190805P291,2019-08-02,2019-08-02 09:33:44,0.83,0.9325,122,0.82,0.9213,6,0.81,0.9101,2,0.825,0.9269,294,0
SPY190805P291,2019-08-02,2019-08-02 09:33:44,0.84,0.9438,204,0.82,0.9213,244,0.81,0.9101,2,0.83,0.9325,294,0
SPY190805P291,2019-08-02,2019-08-02 09:33:45,0.84,0.9438,300,0.82,0.9213,5,0.81,0.9101,2,0.83,0.9325,294,0
SPY190805P291,2019-08-02,2019-08-02 09:33:45,0.83,0.9325,194,0.81,0.9101,256,0.81,0.9101,2,0.82,0.9213,294,0
SPY190805P291,2019-08-02,2019-08-02 09:33:48,0.85,0.955,20,0.84,0.9438,1,0.84,0.9438,1,0.845,0.9494,295,1
SPY190805P291,2019-08-02,2019-08-02 09:33:48,0.86,0.9662,20,0.85,0.955,76,0.84,0.9438,1,0.855,0.9606,295,0
SPY190805P291,2019-08-02,2019-08-02 09:33:49,0.86,0.9662,20,0.85,0.955,70,0.84,0.9438,1,0.855,0.9606,295,0
SPY190805P291,2019-08-02,2019-08-02 09:33:50,0.86,0.9662,39,0.84,0.9438,338,0.84,0.9438,1,0.85,0.955,295,0
SPY190805P291,2019-08-02,2019-08-02 09:33:51,0.87,0.9775,184,0.86,0.9662,6,0.84,0.9438,1,0.865,0.9719,295,0
SPY190805P291,2019-08-02,2019-08-02 09:33:52,0.87,0.9775,121,0.86,0.9662,6,0.84,0.9438,1,0.865,0.9719,295,0
SPY190805P291,2019-08-02,2019-08-02 09:33:54,0.88,0.9887,401,0.86,0.9662,1,0.84,0.9438,1,0.87,0.9775,295,0
SPY190805P291,2019-08-02,2019-08-02 09:33:54,0.87,0.9775,16,0.86,0.9662,1,0.84,0.9438,1,0.865,0.9719,295,0
SPY190805P291,2019-08-02,2019-08-02 09:33:55,0.89,1.0,288,0.86,0.9662,24,0.84,0.9438,1,0.875,0.9831,295,0
SPY190805P291,2019-08-02,2019-08-02 09:33:56,0.88,0.9887,108,0.87,0.9775,6,0.84,0.9438,1,0.875,0.9831,295,0
SPY190805P291,2019-08-02,2019-08-02 09:33:57,0.88,0.9887,91,0.86,0.9662,123,0.84,0.9438,1,0.87,0.9775,295,0
SPY190805P291,2019-08-02,2019-08-02 09:33:58,0.88,0.9887,91,0.86,0.9662,135,0.84,0.9438,1,0.87,0.9775,295,0
SPY190805P291,2019-08-02,2019-08-02 09:34:00,0.87,0.9775,16,0.86,0.9662,1,0.84,0.9438,1,0.865,0.9719,295,0
SPY190805P291,2019-08-02,2019-08-02 09:34:03,0.86,0.9662,231,0.85,0.955,1,0.84,0.9438,1,0.855,0.9606,295,0
SPY190805P291,2019-08-02,2019-08-02 09:34:04,0.86,0.9662,174,0.85,0.955,1,0.84,0.9438,1,0.855,0.9606,295,0
SPY190805P291,2019-08-02,2019-08-02 09:34:06,0.83,0.9325,67,0.82,0.9213,8,0.85,0.955,1,0.825,0.9269,296,1
SPY190805P291,2019-08-02,2019-08-02 09:34:09,0.81,0.9101,237,0.79,0.8876,66,0.85,0.955,1,0.8,0.8988,296,0
SPY190805P291,2019-08-02,2019-08-02 09:34:11,0.82,0.9213,16,0.8,0.8988,205,0.85,0.955,1,0.81,0.9101,296,0
SPY190805P291,2019-08-02,2019-08-02 09:34:12,0.82,0.9213,91,0.81,0.9101,6,0.85,0.955,1,0.815,0.9157,296,0
SPY190805P291,2019-08-02,2019-08-02 09:34:13,0.83,0.9325,172,0.81,0.9101,39,0.85,0.955,1,0.82,0.9213,296,0
SPY190805P291,2019-08-02,2019-08-02 09:34:14,0.84,0.9438,160,0.83,0.9325,6,0.85,0.955,1,0.835,0.9382,296,0
SPY190805P291,2019-08-02,2019-08-02 09:34:15,0.86,0.9662,323,0.84,0.9438,112,0.85,0.955,1,0.85,0.955,296,0
SPY190805P291,2019-08-02,2019-08-02 09:34:17,0.84,0.9438,228,0.82,0.9213,1,0.85,0.955,1,0.83,0.9325,296,0
SPY190805P291,2019-08-02,2019-08-02 09:34:18,0.83,0.9325,102,0.82,0.9213,6,0.85,0.955,1,0.825,0.9269,296,0
SPY190805P291,2019-08-02,2019-08-02 09:34:19,0.83,0.9325,107,0.81,0.9101,139,0.85,0.955,1,0.82,0.9213,296,0
SPY190805P291,2019-08-02,2019-08-02 09:34:20,0.83,0.9325,91,0.82,0.9213,6,0.85,0.955,1,0.825,0.9269,296,0
SPY190805P291,2019-08-02,2019-08-02 09:34:21,0.84,0.9438,91,0.83,0.9325,6,0.85,0.955,1,0.835,0.9382,296,0
SPY190805P291,2019-08-02,2019-08-02 09:34:22,0.86,0.9662,24,0.84,0.9438,6,0.85,0.955,1,0.85,0.955,296,0
SPY190805P291,2019-08-02,2019-08-02 09:34:22,0.86,0.9662,197,0.84,0.9438,1,0.85,0.955,1,0.85,0.955,296,0
SPY190805P291,2019-08-02,2019-08-02 09:34:23,0.86,0.9662,291,0.84,0.9438,139,0.85,0.955,1,0.85,0.955,296,0
SPY190805P291,2019-08-02,2019-08-02 09:34:23,0.86,0.9662,292,0.83,0.9325,862,0.85,0.955,1,0.845,0.9494,296,0
SPY190805P291,2019-08-02,2019-08-02 09:34:24,0.86,0.9662,103,0.84,0.9438,98,0.85,0.955,1,0.85,0.955,296,0
SPY190805P291,2019-08-02,2019-08-02 09:34:25,0.86,0.9662,359,0.84,0.9438,6,0.85,0.955,1,0.85,0.955,296,0
SPY190805P291,2019-08-02,2019-08-02 09:34:25,0.86,0.9662,29,0.84,0.9438,6,0.85,0.955,1,0.85,0.955,296,0
SPY190805P291,2019-08-02,2019-08-02 09:34:26,0.87,0.9775,194,0.85,0.955,6,0.85,0.955,1,0.86,0.9662,296,0
SPY190805P291,2019-08-02,2019-08-02 09:34:27,0.87,0.9775,194,0.86,0.9662,6,0.85,0.955,1,0.865,0.9719,296,0
SPY190805P291,2019-08-02,2019-08-02 09:34:28,0.87,0.9775,305,0.85,0.955,6,0.85,0.955,1,0.86,0.9662,296,0
SPY190805P291,2019-08-02,2019-08-02 09:34:28,0.87,0.9775,103,0.86,0.9662,6,0.85,0.955,1,0.865,0.9719,296,0
SPY190805P291,2019-08-02,2019-08-02 09:34:29,0.84,0.9438,12,0.83,0.9325,6,0.85,0.955,1,0.835,0.9382,296,0
SPY190805P291,2019-08-02,2019-08-02 09:34:29,0.85,0.955,102,0.84,0.9438,6,0.85,0.955,1,0.845,0.9494,296,0
SPY190805P291,2019-08-02,2019-08-02 09:34:30,0.85,0.955,309,0.83,0.9325,6,0.85,0.955,1,0.84,0.9438,296,0
SPY190805P291,2019-08-02,2019-08-02 09:34:31,0.86,0.9662,91,0.85,0.955,6,0.84,0.9438,1,0.855,0.9606,298,0
SPY190805P291,2019-08-02,2019-08-02 09:34:31,0.85,0.955,113,0.84,0.9438,6,0.84,0.9438,1,0.845,0.9494,298,2
SPY190805P291,2019-08-02,2019-08-02 09:34:32,0.88,0.9887,365,0.86,0.9662,6,0.84,0.9438,1,0.87,0.9775,298,0
SPY190805P291,2019-08-02,2019-08-02 09:34:33,0.88,0.9887,194,0.86,0.9662,126,0.84,0.9438,1,0.87,0.9775,298,0
SPY190805P291,2019-08-02,2019-08-02 09:34:33,0.88,0.9887,194,0.85,0.955,214,0.84,0.9438,1,0.865,0.9719,298,0
SPY190805P291,2019-08-02,2019-08-02 09:34:34,0.88,0.9887,259,0.86,0.9662,6,0.84,0.9438,1,0.87,0.9775,298,0
SPY190805P291,2019-08-02,2019-08-02 09:34:35,0.88,0.9887,223,0.86,0.9662,6,0.84,0.9438,1,0.87,0.9775,298,0
SPY190805P291,2019-08-02,2019-08-02 09:34:35,0.87,0.9775,91,0.86,0.9662,6,0.84,0.9438,1,0.865,0.9719,298,0
SPY190805P291,2019-08-02,2019-08-02 09:34:39,0.88,0.9887,360,0.85,0.955,139,0.84,0.9438,1,0.865,0.9719,298,0
SPY190805P291,2019-08-02,2019-08-02 09:34:41,0.87,0.9775,187,0.85,0.955,6,0.84,0.9438,1,0.86,0.9662,298,0
SPY190805P291,2019-08-02,2019-08-02 09:34:43,0.85,0.955,99,0.84,0.9438,26,0.84,0.9438,1,0.845,0.9494,298,0
SPY190805P291,2019-08-02,2019-08-02 09:34:43,0.86,0.9662,99,0.84,0.9438,75,0.84,0.9438,1,0.85,0.955,298,0
SPY190805P291,2019-08-02,2019-08-02 09:34:45,0.88,0.9887,191,0.87,0.9775,6,0.84,0.9438,1,0.875,0.9831,298,0
SPY190805P291,2019-08-02,2019-08-02 09:34:46,0.88,0.9887,222,0.86,0.9662,141,0.84,0.9438,1,0.87,0.9775,298,0
SPY190805P291,2019-08-02,2019-08-02 09:34:54,0.88,0.9887,19,0.84,0.9438,43,0.88,0.9887,1,0.86,0.9662,299,1
SPY190805P291,2019-08-02,2019-08-02 09:35:01,0.85,0.955,100,0.83,0.9325,95,0.86,0.9662,1,0.84,0.9438,300,1
SPY190805P291,2019-08-02,2019-08-02 09:35:03,0.84,0.9438,5,0.83,0.9325,83,0.84,0.9438,5,0.835,0.9382,305,0
SPY190805P291,2019-08-02,2019-08-02 09:35:03,0.84,0.9438,5,0.83,0.9325,101,0.84,0.9438,5,0.835,0.9382,305,5
SPY190805P291,2019-08-02,2019-08-02 09:35:04,0.85,0.955,6,0.83,0.9325,3,0.84,0.9438,5,0.84,0.9438,305,0
SPY190805P291,2019-08-02,2019-08-02 09:35:07,0.84,0.9438,5,0.83,0.9325,6,0.84,0.9438,5,0.835,0.9382,305,0
SPY190805P291,2019-08-02,2019-08-02 09:35:11,0.86,0.9662,5,0.85,0.955,1,0.84,0.9438,5,0.855,0.9606,305,0
SPY190805P291,2019-08-02,2019-08-02 09:35:12,0.86,0.9662,5,0.84,0.9438,39,0.84,0.9438,5,0.85,0.955,305,0
SPY190805P291,2019-08-02,2019-08-02 09:35:19,0.92,1.0337,45,0.9,1.0112,39,0.84,0.9438,5,0.91,1.0224,305,0
SPY190805P291,2019-08-02,2019-08-02 09:35:20,0.94,1.0561,90,0.92,1.0337,6,0.84,0.9438,5,0.93,1.0449,305,0
SPY190805P291,2019-08-02,2019-08-02 09:35:21,0.94,1.0561,90,0.92,1.0337,139,0.84,0.9438,5,0.93,1.0449,305,0
SPY190805P291,2019-08-02,2019-08-02 09:35:22,0.96,1.0786,77,0.94,1.0561,43,0.84,0.9438,5,0.95,1.0674,305,0
SPY190805P291,2019-08-02,2019-08-02 09:35:23,0.99,1.1123,10,0.95,1.0674,39,0.98,1.1011,20,0.97,1.0898,325,20
SPY190805P291,2019-08-02,2019-08-02 09:35:23,0.98,1.1011,55,0.96,1.0786,39,0.84,0.9438,5,0.97,1.0898,305,0
SPY190805P291,2019-08-02,2019-08-02 09:35:27,0.98,1.1011,5,0.98,1.1011,6,0.98,1.1011,5,0.98,1.1011,330,5
SPY190805P291,2019-08-02,2019-08-02 09:35:37,1.01,1.1348,306,0.99,1.1123,37,1.0,1.1235,15,1.0,1.1235,345,15
SPY190805P291,2019-08-02,2019-08-02 09:35:44,1.05,1.1797,457,1.02,1.146,39,1.0,1.1235,15,1.035,1.1629,345,0
SPY190805P291,2019-08-02,2019-08-02 09:35:44,1.04,1.1685,100,1.01,1.1348,45,1.0,1.1235,15,1.025,1.1516,345,0
SPY190805P291,2019-08-02,2019-08-02 09:35:46,1.05,1.1797,223,1.02,1.146,6,1.01,1.1348,1,1.035,1.1629,346,1
SPY190805P291,2019-08-02,2019-08-02 09:35:47,1.06,1.191,184,1.03,1.1573,14,1.01,1.1348,1,1.045,1.1741,346,0
SPY190805P291,2019-08-02,2019-08-02 09:35:48,1.06,1.191,6,1.04,1.1685,8,1.01,1.1348,1,1.05,1.1797,346,0
SPY190805P291,2019-08-02,2019-08-02 09:35:48,1.06,1.191,5,1.05,1.1797,27,1.01,1.1348,1,1.055,1.1853,346,0
SPY190805P291,2019-08-02,2019-08-02 09:35:49,1.05,1.1797,87,1.03,1.1573,1,1.01,1.1348,1,1.04,1.1685,346,0
SPY190805P291,2019-08-02,2019-08-02 09:35:50,1.07,1.2022,1,1.04,1.1685,35,1.07,1.2022,3,1.055,1.1853,349,3
SPY190805P291,2019-08-02,2019-08-02 09:35:51,1.07,1.2022,1,1.04,1.1685,95,1.07,1.2022,3,1.055,1.1853,349,0
SPY190805P291,2019-08-02,2019-08-02 09:35:52,1.07,1.2022,129,1.04,1.1685,35,1.06,1.191,5,1.055,1.1853,354,5
SPY190805P291,2019-08-02,2019-08-02 09:35:52,1.06,1.191,5,1.05,1.1797,6,1.06,1.191,5,1.055,1.1853,354,0
SPY190805P291,2019-08-02,2019-08-02 09:35:54,1.07,1.2022,184,1.04,1.1685,18,1.06,1.191,5,1.055,1.1853,354,0
SPY190805P291,2019-08-02,2019-08-02 09:35:57,1.06,1.191,100,1.04,1.1685,95,1.05,1.1797,2,1.05,1.1797,356,0
SPY190805P291,2019-08-02,2019-08-02 09:35:57,1.06,1.191,100,1.04,1.1685,95,1.05,1.1797,2,1.05,1.1797,356,2
SPY190805P291,2019-08-02,2019-08-02 09:36:20,1.02,1.146,178,1.01,1.1348,6,1.01,1.1348,3,1.015,1.1404,367,11
SPY190805P291,2019-08-02,2019-08-02 09:36:21,1.02,1.146,150,1.01,1.1348,6,1.01,1.1348,1,1.015,1.1404,368,1
SPY190805P291,2019-08-02,2019-08-02 09:36:24,0.99,1.1123,35,0.96,1.0786,6,1.01,1.1348,1,0.975,1.0955,368,0
SPY190805P291,2019-08-02,2019-08-02 09:36:25,0.98,1.1011,5,0.97,1.0898,6,1.01,1.1348,1,0.975,1.0955,368,0
SPY190805P291,2019-08-02,2019-08-02 09:36:29,0.94,1.0561,5,0.93,1.0449,6,1.01,1.1348,1,0.935,1.0505,368,0
SPY190805P291,2019-08-02,2019-08-02 09:36:31,0.93,1.0449,28,0.92,1.0337,6,1.01,1.1348,1,0.925,1.0393,368,0
SPY190805P291,2019-08-02,2019-08-02 09:36:32,0.93,1.0449,200,0.91,1.0224,6,1.01,1.1348,1,0.92,1.0337,368,0
SPY190805P291,2019-08-02,2019-08-02 09:36:33,0.93,1.0449,381,0.91,1.0224,6,1.01,1.1348,1,0.92,1.0337,368,0
SPY190805P291,2019-08-02,2019-08-02 09:36:34,0.92,1.0337,106,0.91,1.0224,6,1.01,1.1348,1,0.915,1.028,368,0
SPY190805P291,2019-08-02,2019-08-02 09:36:34,0.92,1.0337,199,0.91,1.0224,6,1.01,1.1348,1,0.915,1.028,368,0
SPY190805P291,2019-08-02,2019-08-02 09:36:35,0.93,1.0449,185,0.92,1.0337,6,1.01,1.1348,1,0.925,1.0393,368,0
SPY190805P291,2019-08-02,2019-08-02 09:36:36,0.93,1.0449,185,0.92,1.0337,6,1.01,1.1348,1,0.925,1.0393,368,0
SPY190805P291,2019-08-02,2019-08-02 09:36:37,0.94,1.0561,209,0.92,1.0337,6,1.01,1.1348,1,0.93,1.0449,368,0
SPY190805P291,2019-08-02,2019-08-02 09:36:38,0.95,1.0674,215,0.93,1.0449,6,1.01,1.1348,1,0.94,1.0561,368,0
SPY190805P291,2019-08-02,2019-08-02 09:36:39,0.97,1.0898,186,0.94,1.0561,89,1.01,1.1348,1,0.955,1.073,368,0
SPY190805P291,2019-08-02,2019-08-02 09:36:40,0.99,1.1123,181,0.96,1.0786,18,1.01,1.1348,1,0.975,1.0955,368,0
SPY190805P291,2019-08-02,2019-08-02 09:36:40,0.99,1.1123,99,0.96,1.0786,94,1.01,1.1348,1,0.975,1.0955,368,0
SPY190805P291,2019-08-02,2019-08-02 09:36:41,1.0,1.1235,129,0.98,1.1011,6,1.01,1.1348,1,0.99,1.1123,368,0
SPY190805P291,2019-08-02,2019-08-02 09:36:42,1.0,1.1235,87,0.98,1.1011,32,1.01,1.1348,1,0.99,1.1123,368,0
SPY190805P291,2019-08-02,2019-08-02 09:36:42,1.0,1.1235,251,0.98,1.1011,6,1.01,1.1348,1,0.99,1.1123,368,0
SPY190805P291,2019-08-02,2019-08-02 09:36:43,1.05,1.1797,268,0.99,1.1123,35,1.01,1.1348,1,1.02,1.146,368,0
SPY190805P291,2019-08-02,2019-08-02 09:36:44,1.02,1.146,28,1.0,1.1235,6,1.01,1.1348,1,1.01,1.1348,368,0
SPY190805P291,2019-08-02,2019-08-02 09:36:45,1.04,1.1685,1,1.01,1.1348,6,1.01,1.1348,1,1.025,1.1516,368,0
SPY190805P291,2019-08-02,2019-08-02 09:36:47,1.04,1.1685,88,1.02,1.146,32,1.01,1.1348,1,1.03,1.1573,368,0
SPY190805P291,2019-08-02,2019-08-02 09:36:47,1.04,1.1685,94,1.02,1.146,6,1.01,1.1348,1,1.03,1.1573,368,0
SPY190805P291,2019-08-02,2019-08-02 09:36:48,1.04,1.1685,94,1.02,1.146,32,1.01,1.1348,1,1.03,1.1573,368,0
SPY190805P291,2019-08-02,2019-08-02 09:36:49,1.03,1.1573,1,1.01,1.1348,35,1.01,1.1348,1,1.02,1.146,368,0
SPY190805P291,2019-08-02,2019-08-02 09:36:49,1.03,1.1573,1,1.01,1.1348,38,1.01,1.1348,1,1.02,1.146,368,0
SPY190805P291,2019-08-02,2019-08-02 09:36:50,1.03,1.1573,219,0.98,1.1011,300,1.01,1.1348,1,1.005,1.1292,368,0
SPY190805P291,2019-08-02,2019-08-02 09:36:51,1.02,1.146,18,1.01,1.1348,6,1.01,1.1348,10,1.015,1.1404,378,10
SPY190805P291,2019-08-02,2019-08-02 09:36:51,1.02,1.146,18,0.98,1.1011,28,1.01,1.1348,10,1.0,1.1235,378,0
SPY190805P291,2019-08-02,2019-08-02 09:36:52,1.0,1.1235,6,0.98,1.1011,45,1.0,1.1235,6,0.99,1.1123,384,6
SPY190805P291,2019-08-02,2019-08-02 09:36:53,1.0,1.1235,185,0.98,1.1011,6,1.0,1.1235,6,0.99,1.1123,384,0
SPY190805P291,2019-08-02,2019-08-02 09:36:54,0.99,1.1123,214,0.95,1.0674,50,1.0,1.1235,6,0.97,1.0898,384,0
SPY190805P291,2019-08-02,2019-08-02 09:36:55,0.97,1.0898,200,0.95,1.0674,6,1.0,1.1235,6,0.96,1.0786,384,0
SPY190805P291,2019-08-02,2019-08-02 09:36:55,0.97,1.0898,113,0.92,1.0337,104,1.0,1.1235,6,0.945,1.0617,384,0
SPY190805P291,2019-08-02,2019-08-02 09:36:56,0.98,1.1011,243,0.96,1.0786,6,1.0,1.1235,6,0.97,1.0898,384,0
SPY190805P291,2019-08-02,2019-08-02 09:36:56,0.97,1.0898,290,0.94,1.0561,6,1.0,1.1235,6,0.955,1.073,384,0
SPY190805P291,2019-08-02,2019-08-02 09:36:57,0.98,1.1011,86,0.97,1.0898,6,1.0,1.1235,6,0.975,1.0955,384,0
SPY190805P291,2019-08-02,2019-08-02 09:36:57,0.99,1.1123,223,0.96,1.0786,6,1.0,1.1235,6,0.975,1.0955,384,0
SPY190805P291,2019-08-02,2019-08-02 09:36:58,0.98,1.1011,158,0.96,1.0786,6,1.0,1.1235,6,0.97,1.0898,384,0
SPY190805P291,2019-08-02,2019-08-02 09:36:59,0.98,1.1011,193,0.96,1.0786,6,1.0,1.1235,6,0.97,1.0898,384,0
SPY190805P291,2019-08-02,2019-08-02 09:36:59,0.98,1.1011,158,0.96,1.0786,6,1.0,1.1235,6,0.97,1.0898,384,0
SPY190805P291,2019-08-02,2019-08-02 09:37:00,0.99,1.1123,199,0.96,1.0786,7,1.0,1.1235,6,0.975,1.0955,384,0
SPY190805P291,2019-08-02,2019-08-02 09:37:01,1.01,1.1348,197,0.99,1.1123,6,1.0,1.1235,6,1.0,1.1235,384,0
SPY190805P291,2019-08-02,2019-08-02 09:37:01,0.99,1.1123,172,0.96,1.0786,7,1.0,1.1235,6,0.975,1.0955,384,0
SPY190805P291,2019-08-02,2019-08-02 09:37:02,1.01,1.1348,6,0.99,1.1123,6,1.0,1.1235,6,1.0,1.1235,384,0
SPY190805P291,2019-08-02,2019-08-02 09:37:02,1.01,1.1348,197,0.99,1.1123,6,1.0,1.1235,6,1.0,1.1235,384,0
SPY190805P291,2019-08-02,2019-08-02 09:37:03,1.0,1.1235,93,0.98,1.1011,6,1.0,1.1235,6,0.99,1.1123,384,0
SPY190805P291,2019-08-02,2019-08-02 09:37:04,1.02,1.146,217,1.0,1.1235,6,1.0,1.1235,6,1.01,1.1348,384,0
SPY190805P291,2019-08-02,2019-08-02 09:37:05,1.03,1.1573,100,1.0,1.1235,6,1.0,1.1235,6,1.015,1.1404,384,0
SPY190805P291,2019-08-02,2019-08-02 09:37:06,1.03,1.1573,112,1.01,1.1348,6,1.0,1.1235,6,1.02,1.146,384,0
SPY190805P291,2019-08-02,2019-08-02 09:37:07,1.04,1.1685,206,1.01,1.1348,6,1.0,1.1235,6,1.025,1.1516,384,0
SPY190805P291,2019-08-02,2019-08-02 09:37:07,1.02,1.146,131,0.99,1.1123,6,1.0,1.1235,6,1.005,1.1292,384,0
SPY190805P291,2019-08-02,2019-08-02 09:37:08,1.01,1.1348,128,0.99,1.1123,6,1.0,1.1235,6,1.0,1.1235,384,0
SPY190805P291,2019-08-02,2019-08-02 09:37:10,1.0,1.1235,20,0.99,1.1123,28,1.0,1.1235,6,0.995,1.1179,384,0
SPY190805P291,2019-08-02,2019-08-02 09:37:10,1.01,1.1348,20,0.99,1.1123,28,1.0,1.1235,6,1.0,1.1235,384,0
SPY190805P291,2019-08-02,2019-08-02 09:37:11,1.0,1.1235,20,0.99,1.1123,6,1.0,1.1235,6,0.995,1.1179,384,0
SPY190805P291,2019-08-02,2019-08-02 09:37:12,1.0,1.1235,20,0.99,1.1123,6,1.0,1.1235,6,0.995,1.1179,384,0
SPY190805P291,2019-08-02,2019-08-02 09:37:13,0.99,1.1123,20,0.96,1.0786,36,1.0,1.1235,6,0.975,1.0955,384,0
SPY190805P291,2019-08-02,2019-08-02 09:37:13,0.99,1.1123,234,0.97,1.0898,6,1.0,1.1235,6,0.98,1.1011,384,0
SPY190805P291,2019-08-02,2019-08-02 09:37:14,0.98,1.1011,86,0.97,1.0898,6,1.0,1.1235,6,0.975,1.0955,384,0
SPY190805P291,2019-08-02,2019-08-02 09:37:15,0.99,1.1123,227,0.98,1.1011,6,1.0,1.1235,6,0.985,1.1067,384,0
SPY190805P291,2019-08-02,2019-08-02 09:37:21,0.99,1.1123,85,0.98,1.1011,6,0.99,1.1123,1,0.985,1.1067,390,6
SPY190805P291,2019-08-02,2019-08-02 09:37:21,0.99,1.1123,182,0.98,1.1011,145,0.99,1.1123,6,0.985,1.1067,407,17
SPY190805P291,2019-08-02,2019-08-02 09:37:27,0.98,1.1011,87,0.97,1.0898,173,0.98,1.1011,1,0.975,1.0955,408,1
SPY190805P291,2019-08-02,2019-08-02 09:37:29,1.01,1.1348,1,0.98,1.1011,30,0.98,1.1011,1,0.995,1.1179,408,0
SPY190805P291,2019-08-02,2019-08-02 09:37:30,1.0,1.1235,278,0.99,1.1123,6,0.98,1.1011,1,0.995,1.1179,408,0
SPY190805P291,2019-08-02,2019-08-02 09:37:32,1.0,1.1235,95,0.99,1.1123,74,0.98,1.1011,1,0.995,1.1179,408,0
SPY190805P291,2019-08-02,2019-08-02 09:37:32,1.0,1.1235,106,0.99,1.1123,189,0.98,1.1011,1,0.995,1.1179,408,0
SPY190805P291,2019-08-02,2019-08-02 09:37:33,1.01,1.1348,102,1.0,1.1235,175,0.98,1.1011,1,1.005,1.1292,408,0
SPY190805P291,2019-08-02,2019-08-02 09:37:34,1.01,1.1348,182,1.0,1.1235,175,0.98,1.1011,1,1.005,1.1292,408,0
SPY190805P291,2019-08-02,2019-08-02 09:37:35,1.03,1.1573,6,1.02,1.146,35,0.98,1.1011,1,1.025,1.1516,408,0
SPY190805P291,2019-08-02,2019-08-02 09:37:35,1.07,1.2022,389,1.02,1.146,18,0.98,1.1011,1,1.045,1.1741,408,0
SPY190805P291,2019-08-02,2019-08-02 09:37:36,1.05,1.1797,22,1.04,1.1685,135,0.98,1.1011,1,1.045,1.1741,408,0
SPY190805P291,2019-08-02,2019-08-02 09:37:37,1.05,1.1797,225,1.03,1.1573,184,0.98,1.1011,1,1.04,1.1685,408,0
SPY190805P291,2019-08-02,2019-08-02 09:37:37,1.04,1.1685,7,1.03,1.1573,122,0.98,1.1011,1,1.035,1.1629,408,0
SPY190805P291,2019-08-02,2019-08-02 09:37:39,1.05,1.1797,233,1.03,1.1573,5,0.98,1.1011,1,1.04,1.1685,408,0
SPY190805P291,2019-08-02,2019-08-02 09:37:41,1.03,1.1573,150,1.01,1.1348,180,0.98,1.1011,1,1.02,1.146,408,0
SPY190805P291,2019-08-02,2019-08-02 09:37:42,1.02,1.146,167,1.01,1.1348,60,0.98,1.1011,1,1.015,1.1404,408,0
SPY190805P291,2019-08-02,2019-08-02 09:37:42,1.03,1.1573,7,1.0,1.1235,6,1.01,1.1348,22,1.015,1.1404,430,22
SPY190805P291,2019-08-02,2019-08-02 09:37:45,1.03,1.1573,6,1.01,1.1348,6,1.01,1.1348,22,1.02,1.146,430,0
SPY190805P291,2019-08-02,2019-08-02 09:37:45,1.03,1.1573,212,1.01,1.1348,6,1.01,1.1348,22,1.02,1.146,430,0
SPY190805P291,2019-08-02,2019-08-02 09:37:47,1.03,1.1573,10,1.01,1.1348,33,1.01,1.1348,22,1.02,1.146,430,0
SPY190805P291,2019-08-02,2019-08-02 09:37:47,1.02,1.146,6,1.0,1.1235,96,1.01,1.1348,22,1.01,1.1348,430,0
SPY190805P291,2019-08-02,2019-08-02 09:37:48,1.0,1.1235,61,0.98,1.1011,6,1.01,1.1348,22,0.99,1.1123,430,0
SPY190805P291,2019-08-02,2019-08-02 09:37:49,1.0,1.1235,67,0.97,1.0898,135,1.01,1.1348,22,0.985,1.1067,430,0
SPY190805P291,2019-08-02,2019-08-02 09:37:50,1.0,1.1235,86,0.99,1.1123,6,1.01,1.1348,22,0.995,1.1179,430,0
SPY190805P291,2019-08-02,2019-08-02 09:37:50,1.0,1.1235,86,0.98,1.1011,6,1.01,1.1348,22,0.99,1.1123,430,0
SPY190805P291,2019-08-02,2019-08-02 09:37:51,0.99,1.1123,1,0.98,1.1011,94,0.99,1.1123,6,0.985,1.1067,436,6
SPY190805P291,2019-08-02,2019-08-02 09:37:51,0.99,1.1123,87,0.97,1.0898,119,1.01,1.1348,22,0.98,1.1011,430,0
SPY190805P291,2019-08-02,2019-08-02 09:37:52,1.02,1.146,235,1.0,1.1235,62,0.99,1.1123,6,1.01,1.1348,436,0
SPY190805P291,2019-08-02,2019-08-02 09:37:53,1.01,1.1348,1,1.0,1.1235,62,1.01,1.1348,6,1.005,1.1292,442,6
SPY190805P291,2019-08-02,2019-08-02 09:37:53,1.01,1.1348,87,1.0,1.1235,6,1.01,1.1348,6,1.005,1.1292,442,0
SPY190805P291,2019-08-02,2019-08-02 09:37:54,1.02,1.146,248,1.0,1.1235,6,1.01,1.1348,6,1.01,1.1348,442,0
SPY190805P291,2019-08-02,2019-08-02 09:37:54,1.02,1.146,301,1.0,1.1235,57,1.01,1.1348,6,1.01,1.1348,442,0
SPY190805P291,2019-08-02,2019-08-02 09:37:55,1.0,1.1235,87,0.98,1.1011,171,1.01,1.1348,6,0.99,1.1123,442,0
SPY190805P291,2019-08-02,2019-08-02 09:37:56,1.01,1.1348,182,0.98,1.1011,171,1.01,1.1348,6,0.995,1.1179,442,0
SPY190805P291,2019-08-02,2019-08-02 09:37:56,1.02,1.146,242,0.99,1.1123,75,1.01,1.1348,6,1.005,1.1292,442,0
SPY190805P291,2019-08-02,2019-08-02 09:37:57,1.02,1.146,116,1.0,1.1235,131,1.01,1.1348,6,1.01,1.1348,442,0
SPY190805P291,2019-08-02,2019-08-02 09:37:58,1.02,1.146,116,1.02,1.146,35,1.01,1.1348,6,1.02,1.146,442,0
SPY190805P291,2019-08-02,2019-08-02 09:37:59,1.03,1.1573,182,1.0,1.1235,173,1.02,1.146,34,1.015,1.1404,476,34
SPY190805P291,2019-08-02,2019-08-02 09:37:59,1.0,1.1235,94,0.98,1.1011,187,1.02,1.146,34,0.99,1.1123,476,0
SPY190805P291,2019-08-02,2019-08-02 09:38:00,1.0,1.1235,182,0.98,1.1011,6,1.02,1.146,34,0.99,1.1123,476,0
SPY190805P291,2019-08-02,2019-08-02 09:38:02,0.98,1.1011,182,0.96,1.0786,135,1.02,1.146,34,0.97,1.0898,476,0
SPY190805P291,2019-08-02,2019-08-02 09:38:03,0.98,1.1011,87,0.96,1.0786,187,1.02,1.146,34,0.97,1.0898,476,0
SPY190805P291,2019-08-02,2019-08-02 09:38:03,0.99,1.1123,297,0.96,1.0786,85,1.02,1.146,34,0.975,1.0955,476,0
SPY190805P291,2019-08-02,2019-08-02 09:38:04,0.98,1.1011,158,0.97,1.0898,6,1.02,1.146,34,0.975,1.0955,476,0
SPY190805P291,2019-08-02,2019-08-02 09:38:04,0.98,1.1011,189,0.97,1.0898,6,1.02,1.146,34,0.975,1.0955,476,0
SPY190805P291,2019-08-02,2019-08-02 09:38:05,0.98,1.1011,460,0.93,1.0449,105,1.02,1.146,34,0.955,1.073,476,0
SPY190805P291,2019-08-02,2019-08-02 09:38:06,0.97,1.0898,320,0.95,1.0674,5,1.02,1.146,34,0.96,1.0786,476,0
SPY190805P291,2019-08-02,2019-08-02 09:38:07,0.96,1.0786,91,0.95,1.0674,6,1.02,1.146,34,0.955,1.073,476,0
SPY190805P291,2019-08-02,2019-08-02 09:38:08,0.96,1.0786,199,0.95,1.0674,158,1.02,1.146,34,0.955,1.073,476,0
SPY190805P291,2019-08-02,2019-08-02 09:38:10,0.98,1.1011,16,0.95,1.0674,188,0.96,1.0786,7,0.965,1.0842,507,0
SPY190805P291,2019-08-02,2019-08-02 09:38:10,0.98,1.1011,217,0.95,1.0674,187,0.96,1.0786,7,0.965,1.0842,507,31
SPY190805P291,2019-08-02,2019-08-02 09:38:11,0.98,1.1011,16,0.93,1.0449,188,0.96,1.0786,5,0.955,1.073,512,5
SPY190805P291,2019-08-02,2019-08-02 09:38:12,0.97,1.0898,6,0.95,1.0674,39,0.96,1.0786,5,0.96,1.0786,512,0
SPY190805P291,2019-08-02,2019-08-02 09:38:13,0.99,1.1123,6,0.97,1.0898,182,0.96,1.0786,5,0.98,1.1011,512,0
SPY190805P291,2019-08-02,2019-08-02 09:38:14,1.0,1.1235,76,0.96,1.0786,128,0.96,1.0786,5,0.98,1.1011,512,0
SPY190805P291,2019-08-02,2019-08-02 09:38:15,1.02,1.146,70,0.98,1.1011,282,0.96,1.0786,5,1.0,1.1235,512,0
SPY190805P291,2019-08-02,2019-08-02 09:38:16,1.0,1.1235,6,0.98,1.1011,35,1.0,1.1235,5,0.99,1.1123,517,5
SPY190805P291,2019-08-02,2019-08-02 09:38:17,1.0,1.1235,70,0.98,1.1011,182,1.0,1.1235,5,0.99,1.1123,517,0
SPY190805P291,2019-08-02,2019-08-02 09:38:18,1.0,1.1235,76,0.99,1.1123,5,0.99,1.1123,5,0.995,1.1179,533,5
SPY190805P291,2019-08-02,2019-08-02 09:38:18,1.0,1.1235,106,0.99,1.1123,5,0.99,1.1123,5,0.995,1.1179,528,11
SPY190805P291,2019-08-02,2019-08-02 09:38:19,1.0,1.1235,85,0.97,1.0898,188,0.99,1.1123,5,0.985,1.1067,538,0
SPY190805P291,2019-08-02,2019-08-02 09:38:19,1.0,1.1235,85,0.97,1.0898,188,0.99,1.1123,5,0.985,1.1067,538,5
SPY190805P291,2019-08-02,2019-08-02 09:38:20,1.0,1.1235,96,0.98,1.1011,187,0.99,1.1123,5,0.99,1.1123,538,0
SPY190805P291,2019-08-02,2019-08-02 09:38:21,1.02,1.146,130,0.99,1.1123,192,0.99,1.1123,1,1.005,1.1292,544,6
SPY190805P291,2019-08-02,2019-08-02 09:38:22,1.01,1.1348,115,0.99,1.1123,153,1.0,1.1235,5,1.0,1.1235,559,15
SPY190805P291,2019-08-02,2019-08-02 09:38:23,0.99,1.1123,30,0.97,1.0898,158,0.98,1.1011,5,0.98,1.1011,564,5
SPY190805P291,2019-08-02,2019-08-02 09:38:23,1.0,1.1235,70,0.98,1.1011,187,1.0,1.1235,5,0.99,1.1123,559,0
SPY190805P291,2019-08-02,2019-08-02 09:38:24,0.99,1.1123,100,0.97,1.0898,35,0.98,1.1011,1,0.98,1.1011,570,6
SPY190805P291,2019-08-02,2019-08-02 09:38:25,0.98,1.1011,6,0.97,1.0898,188,0.98,1.1011,1,0.975,1.0955,570,0
SPY190805P291,2019-08-02,2019-08-02 09:38:26,0.99,1.1123,70,0.97,1.0898,5,0.98,1.1011,1,0.98,1.1011,570,0
SPY190805P291,2019-08-02,2019-08-02 09:38:29,1.0,1.1235,84,0.98,1.1011,5,0.98,1.1011,29,0.99,1.1123,649,79
SPY190805P291,2019-08-02,2019-08-02 09:38:35,0.95,1.0674,6,0.93,1.0449,178,0.96,1.0786,5,0.94,1.0561,750,101
SPY190805P291,2019-08-02,2019-08-02 09:38:36,0.95,1.0674,70,0.94,1.0561,6,0.96,1.0786,5,0.945,1.0617,750,0
SPY190805P291,2019-08-02,2019-08-02 09:38:37,0.96,1.0786,480,0.92,1.0337,6,0.96,1.0786,5,0.94,1.0561,750,0
SPY190805P291,2019-08-02,2019-08-02 09:38:38,0.95,1.0674,6,0.92,1.0337,6,0.96,1.0786,5,0.935,1.0505,750,0
SPY190805P291,2019-08-02,2019-08-02 09:38:38,0.95,1.0674,76,0.92,1.0337,6,0.96,1.0786,5,0.935,1.0505,750,0
SPY190805P291,2019-08-02,2019-08-02 09:38:39,0.96,1.0786,360,0.93,1.0449,5,0.96,1.0786,5,0.945,1.0617,750,0
SPY190805P291,2019-08-02,2019-08-02 09:38:40,0.96,1.0786,6,0.95,1.0674,6,0.96,1.0786,5,0.955,1.073,750,0
SPY190805P291,2019-08-02,2019-08-02 09:38:41,0.96,1.0786,550,0.94,1.0561,5,0.96,1.0786,5,0.95,1.0674,750,0
SPY190805P291,2019-08-02,2019-08-02 09:38:49,0.96,1.0786,6,0.94,1.0561,184,0.96,1.0786,5,0.95,1.0674,750,0
SPY190805P291,2019-08-02,2019-08-02 09:38:50,0.97,1.0898,71,0.95,1.0674,28,0.96,1.0786,5,0.96,1.0786,750,0
SPY190805P291,2019-08-02,2019-08-02 09:38:51,0.97,1.0898,70,0.95,1.0674,28,0.96,1.0786,5,0.96,1.0786,750,0
SPY190805P291,2019-08-02,2019-08-02 09:38:53,0.98,1.1011,450,0.96,1.0786,6,0.95,1.0674,100,0.97,1.0898,850,0
SPY190805P291,2019-08-02,2019-08-02 09:38:53,0.97,1.0898,91,0.95,1.0674,100,0.95,1.0674,100,0.96,1.0786,850,100
SPY190805P291,2019-08-02,2019-08-02 09:38:54,0.97,1.0898,6,0.95,1.0674,127,0.95,1.0674,100,0.96,1.0786,850,0
SPY190805P291,2019-08-02,2019-08-02 09:38:54,0.97,1.0898,6,0.96,1.0786,82,0.95,1.0674,100,0.965,1.0842,850,0
SPY190805P291,2019-08-02,2019-08-02 09:38:56,0.96,1.0786,1,0.94,1.0561,127,0.96,1.0786,1,0.95,1.0674,851,1
SPY190805P291,2019-08-02,2019-08-02 09:38:57,0.96,1.0786,6,0.94,1.0561,184,0.96,1.0786,1,0.95,1.0674,851,0
SPY190805P291,2019-08-02,2019-08-02 09:38:59,0.96,1.0786,6,0.94,1.0561,137,0.96,1.0786,1,0.95,1.0674,851,0
SPY190805P291,2019-08-02,2019-08-02 09:39:00,0.94,1.0561,89,0.93,1.0449,100,0.96,1.0786,1,0.935,1.0505,851,0
SPY190805P291,2019-08-02,2019-08-02 09:39:00,0.94,1.0561,196,0.92,1.0337,127,0.96,1.0786,1,0.93,1.0449,851,0
SPY190805P291,2019-08-02,2019-08-02 09:39:01,0.93,1.0449,95,0.92,1.0337,100,0.96,1.0786,1,0.925,1.0393,851,0
SPY190805P291,2019-08-02,2019-08-02 09:39:02,0.92,1.0337,90,0.91,1.0224,31,0.96,1.0786,1,0.915,1.028,851,0
SPY190805P291,2019-08-02,2019-08-02 09:39:03,0.92,1.0337,227,0.9,1.0112,14,0.96,1.0786,1,0.91,1.0224,851,0
SPY190805P291,2019-08-02,2019-08-02 09:39:06,0.92,1.0337,89,0.9,1.0112,27,0.96,1.0786,1,0.91,1.0224,851,0
SPY190805P291,2019-08-02,2019-08-02 09:39:07,0.91,1.0224,203,0.89,1.0,100,0.96,1.0786,1,0.9,1.0112,851,0
SPY190805P291,2019-08-02,2019-08-02 09:39:07,0.92,1.0337,205,0.9,1.0112,27,0.96,1.0786,1,0.91,1.0224,851,0
SPY190805P291,2019-08-02,2019-08-02 09:39:08,0.9,1.0112,219,0.89,1.0,6,0.96,1.0786,1,0.895,1.0056,851,0
SPY190805P291,2019-08-02,2019-08-02 09:39:09,0.91,1.0224,248,0.88,0.9887,27,0.96,1.0786,1,0.895,1.0056,851,0
SPY190805P291,2019-08-02,2019-08-02 09:39:10,0.92,1.0337,108,0.91,1.0224,6,0.96,1.0786,1,0.915,1.028,851,0
SPY190805P291,2019-08-02,2019-08-02 09:39:10,0.91,1.0224,198,0.89,1.0,100,0.96,1.0786,1,0.9,1.0112,851,0
SPY190805P291,2019-08-02,2019-08-02 09:39:11,0.92,1.0337,194,0.89,1.0,147,0.96,1.0786,1,0.905,1.0168,851,0
SPY190805P291,2019-08-02,2019-08-02 09:39:12,0.91,1.0224,25,0.89,1.0,38,0.96,1.0786,1,0.9,1.0112,851,0
SPY190805P291,2019-08-02,2019-08-02 09:39:12,0.91,1.0224,194,0.89,1.0,124,0.96,1.0786,1,0.9,1.0112,851,0
SPY190805P291,2019-08-02,2019-08-02 09:39:13,0.91,1.0224,138,0.9,1.0112,6,0.96,1.0786,1,0.905,1.0168,851,0
SPY190805P291,2019-08-02,2019-08-02 09:39:14,0.9,1.0112,19,0.88,0.9887,261,0.96,1.0786,1,0.89,1.0,851,0
SPY190805P291,2019-08-02,2019-08-02 09:39:15,0.9,1.0112,37,0.89,1.0,89,0.96,1.0786,1,0.895,1.0056,851,0
SPY190805P291,2019-08-02,2019-08-02 09:39:15,0.9,1.0112,194,0.89,1.0,6,0.96,1.0786,1,0.895,1.0056,851,0
SPY190805P291,2019-08-02,2019-08-02 09:39:16,0.89,1.0,19,0.88,0.9887,6,0.96,1.0786,1,0.885,0.9943,851,0
SPY190805P291,2019-08-02,2019-08-02 09:39:17,0.9,1.0112,130,0.89,1.0,6,0.96,1.0786,1,0.895,1.0056,851,0
SPY190805P291,2019-08-02,2019-08-02 09:39:17,0.9,1.0112,190,0.88,0.9887,6,0.96,1.0786,1,0.89,1.0,851,0
SPY190805P291,2019-08-02,2019-08-02 09:39:18,0.9,1.0112,323,0.87,0.9775,6,0.96,1.0786,1,0.885,0.9943,851,0
SPY190805P291,2019-08-02,2019-08-02 09:39:19,0.88,0.9887,19,0.88,0.9887,6,0.96,1.0786,1,0.88,0.9887,851,0
SPY190805P291,2019-08-02,2019-08-02 09:39:19,0.89,1.0,89,0.88,0.9887,6,0.96,1.0786,1,0.885,0.9943,851,0
SPY190805P291,2019-08-02,2019-08-02 09:39:20,0.88,0.9887,19,0.86,0.9662,192,0.96,1.0786,1,0.87,0.9775,851,0
SPY190805P291,2019-08-02,2019-08-02 09:39:21,0.89,1.0,254,0.87,0.9775,6,0.96,1.0786,1,0.88,0.9887,851,0
SPY190805P291,2019-08-02,2019-08-02 09:39:21,0.88,0.9887,37,0.88,0.9887,6,0.96,1.0786,1,0.88,0.9887,851,0
SPY190805P291,2019-08-02,2019-08-02 09:39:22,0.88,0.9887,19,0.87,0.9775,6,0.96,1.0786,1,0.875,0.9831,851,0
SPY190805P291,2019-08-02,2019-08-02 09:39:23,0.88,0.9887,109,0.87,0.9775,6,0.96,1.0786,1,0.875,0.9831,851,0
SPY190805P291,2019-08-02,2019-08-02 09:39:25,0.88,0.9887,190,0.86,0.9662,100,0.96,1.0786,1,0.87,0.9775,851,0
SPY190805P291,2019-08-02,2019-08-02 09:39:26,0.88,0.9887,190,0.87,0.9775,6,0.96,1.0786,1,0.875,0.9831,851,0
SPY190805P291,2019-08-02,2019-08-02 09:39:26,0.87,0.9775,19,0.87,0.9775,6,0.96,1.0786,1,0.87,0.9775,851,0
SPY190805P291,2019-08-02,2019-08-02 09:39:27,0.87,0.9775,157,0.83,0.9325,332,0.96,1.0786,1,0.85,0.955,851,0
SPY190805P291,2019-08-02,2019-08-02 09:39:28,0.85,0.955,19,0.84,0.9438,6,0.96,1.0786,1,0.845,0.9494,851,0
SPY190805P291,2019-08-02,2019-08-02 09:39:28,0.86,0.9662,228,0.83,0.9325,168,0.96,1.0786,1,0.845,0.9494,851,0
SPY190805P291,2019-08-02,2019-08-02 09:39:29,0.85,0.955,19,0.84,0.9438,6,0.96,1.0786,1,0.845,0.9494,851,0
SPY190805P291,2019-08-02,2019-08-02 09:39:30,0.85,0.955,190,0.84,0.9438,6,0.96,1.0786,1,0.845,0.9494,851,0
SPY190805P291,2019-08-02,2019-08-02 09:39:31,0.85,0.955,100,0.84,0.9438,6,0.96,1.0786,1,0.845,0.9494,851,0
SPY190805P291,2019-08-02,2019-08-02 09:39:32,0.86,0.9662,109,0.84,0.9438,100,0.96,1.0786,1,0.85,0.955,851,0
SPY190805P291,2019-08-02,2019-08-02 09:39:33,0.84,0.9438,6,0.82,0.9213,18,0.96,1.0786,1,0.83,0.9325,851,0
SPY190805P291,2019-08-02,2019-08-02 09:39:34,0.83,0.9325,668,0.81,0.9101,6,0.96,1.0786,1,0.82,0.9213,851,0
SPY190805P291,2019-08-02,2019-08-02 09:39:35,0.82,0.9213,196,0.8,0.8988,100,0.96,1.0786,1,0.81,0.9101,851,0
SPY190805P291,2019-08-02,2019-08-02 09:39:36,0.81,0.9101,19,0.8,0.8988,6,0.96,1.0786,1,0.805,0.9044,851,0
SPY190805P291,2019-08-02,2019-08-02 09:39:37,0.81,0.9101,196,0.8,0.8988,1,0.96,1.0786,1,0.805,0.9044,851,0
SPY190805P291,2019-08-02,2019-08-02 09:39:39,0.82,0.9213,117,0.79,0.8876,101,0.8,0.8988,1,0.805,0.9044,852,1
SPY190805P291,2019-08-02,2019-08-02 09:39:40,0.82,0.9213,99,0.8,0.8988,100,0.8,0.8988,1,0.81,0.9101,852,0
SPY190805P291,2019-08-02,2019-08-02 09:39:40,0.83,0.9325,199,0.81,0.9101,23,0.8,0.8988,1,0.82,0.9213,852,0
SPY190805P291,2019-08-02,2019-08-02 09:39:41,0.83,0.9325,103,0.82,0.9213,6,0.8,0.8988,1,0.825,0.9269,852,0
SPY190805P291,2019-08-02,2019-08-02 09:39:43,0.85,0.955,92,0.84,0.9438,6,0.8,0.8988,1,0.845,0.9494,852,0
SPY190805P291,2019-08-02,2019-08-02 09:39:43,0.85,0.955,196,0.83,0.9325,100,0.8,0.8988,1,0.84,0.9438,852,0
SPY190805P291,2019-08-02,2019-08-02 09:39:44,0.85,0.955,37,0.83,0.9325,37,0.8,0.8988,1,0.84,0.9438,852,0
SPY190805P291,2019-08-02,2019-08-02 09:39:45,0.85,0.955,1,0.83,0.9325,140,0.8,0.8988,1,0.84,0.9438,852,0
SPY190805P291,2019-08-02,2019-08-02 09:39:45,0.85,0.955,6,0.83,0.9325,100,0.8,0.8988,1,0.84,0.9438,852,0
SPY190805P291,2019-08-02,2019-08-02 09:39:46,0.85,0.955,196,0.83,0.9325,101,0.8,0.8988,1,0.84,0.9438,852,0
SPY190805P291,2019-08-02,2019-08-02 09:39:47,0.84,0.9438,133,0.82,0.9213,6,0.8,0.8988,1,0.83,0.9325,852,0
SPY190805P291,2019-08-02,2019-08-02 09:39:48,0.83,0.9325,117,0.81,0.9101,37,0.8,0.8988,1,0.82,0.9213,852,0
SPY190805P291,2019-08-02,2019-08-02 09:39:49,0.82,0.9213,6,0.8,0.8988,37,0.8,0.8988,1,0.81,0.9101,852,0
SPY190805P291,2019-08-02,2019-08-02 09:39:50,0.83,0.9325,214,0.81,0.9101,6,0.8,0.8988,1,0.82,0.9213,852,0
SPY190805P291,2019-08-02,2019-08-02 09:39:51,0.85,0.955,372,0.82,0.9213,100,0.8,0.8988,1,0.835,0.9382,852,0
SPY190805P291,2019-08-02,2019-08-02 09:39:52,0.84,0.9438,97,0.81,0.9101,361,0.8,0.8988,1,0.825,0.9269,852,0
SPY190805P291,2019-08-02,2019-08-02 09:39:53,0.84,0.9438,100,0.81,0.9101,106,0.8,0.8988,1,0.825,0.9269,852,0
SPY190805P291,2019-08-02,2019-08-02 09:39:55,0.84,0.9438,193,0.81,0.9101,29,0.8,0.8988,1,0.825,0.9269,852,0
SPY190805P291,2019-08-02,2019-08-02 09:39:55,0.84,0.9438,5,0.81,0.9101,100,0.8,0.8988,1,0.825,0.9269,852,0
SPY190805P291,2019-08-02,2019-08-02 09:39:56,0.84,0.9438,5,0.83,0.9325,6,0.8,0.8988,1,0.835,0.9382,852,0
SPY190805P291,2019-08-02,2019-08-02 09:39:57,0.85,0.955,37,0.84,0.9438,6,0.8,0.8988,1,0.845,0.9494,852,0
SPY190805P291,2019-08-02,2019-08-02 09:39:58,0.88,0.9887,37,0.84,0.9438,33,0.85,0.955,1,0.86,0.9662,853,1
SPY190805P291,2019-08-02,2019-08-02 09:39:58,0.87,0.9775,244,0.84,0.9438,5,0.85,0.955,1,0.855,0.9606,853,0
SPY190805P291,2019-08-02,2019-08-02 09:39:59,0.88,0.9887,122,0.85,0.955,143,0.85,0.955,1,0.865,0.9719,853,0
SPY190805P291,2019-08-02,2019-08-02 09:40:00,0.88,0.9887,35,0.87,0.9775,6,0.85,0.955,1,0.875,0.9831,853,0
SPY190805P291,2019-08-02,2019-08-02 09:40:01,0.89,1.0,102,0.87,0.9775,6,0.85,0.955,1,0.88,0.9887,853,0
SPY190805P291,2019-08-02,2019-08-02 09:40:01,0.9,1.0112,171,0.86,0.9662,105,0.85,0.955,1,0.88,0.9887,853,0
SPY190805P291,2019-08-02,2019-08-02 09:40:02,0.89,1.0,44,0.86,0.9662,73,0.85,0.955,1,0.875,0.9831,853,0
SPY190805P291,2019-08-02,2019-08-02 09:40:02,0.89,1.0,44,0.87,0.9775,6,0.85,0.955,1,0.88,0.9887,853,0
SPY190805P291,2019-08-02,2019-08-02 09:40:03,0.89,1.0,34,0.88,0.9887,6,0.85,0.955,1,0.885,0.9943,853,0
SPY190805P291,2019-08-02,2019-08-02 09:40:04,0.9,1.0112,41,0.88,0.9887,37,0.85,0.955,1,0.89,1.0,853,0
SPY190805P291,2019-08-02,2019-08-02 09:40:05,0.9,1.0112,201,0.88,0.9887,37,0.85,0.955,1,0.89,1.0,853,0
SPY190805P291,2019-08-02,2019-08-02 09:40:06,0.89,1.0,22,0.87,0.9775,53,0.85,0.955,1,0.88,0.9887,853,0
SPY190805P291,2019-08-02,2019-08-02 09:40:06,0.9,1.0112,24,0.88,0.9887,134,0.85,0.955,1,0.89,1.0,853,0
SPY190805P291,2019-08-02,2019-08-02 09:40:07,0.89,1.0,109,0.87,0.9775,6,0.85,0.955,1,0.88,0.9887,853,0
SPY190805P291,2019-08-02,2019-08-02 09:40:08,0.89,1.0,119,0.87,0.9775,45,0.85,0.955,1,0.88,0.9887,853,0
SPY190805P291,2019-08-02,2019-08-02 09:40:09,0.9,1.0112,195,0.88,0.9887,37,0.85,0.955,1,0.89,1.0,853,0
SPY190805P291,2019-08-02,2019-08-02 09:40:10,0.93,1.0449,128,0.91,1.0224,6,0.85,0.955,1,0.92,1.0337,853,0
SPY190805P291,2019-08-02,2019-08-02 09:40:11,0.95,1.0674,86,0.9,1.0112,137,0.85,0.955,1,0.925,1.0393,853,0
SPY190805P291,2019-08-02,2019-08-02 09:40:12,0.93,1.0449,23,0.91,1.0224,147,0.85,0.955,1,0.92,1.0337,853,0
SPY190805P291,2019-08-02,2019-08-02 09:40:12,0.94,1.0561,34,0.91,1.0224,100,0.85,0.955,1,0.925,1.0393,853,0
SPY190805P291,2019-08-02,2019-08-02 09:40:13,0.95,1.0674,206,0.92,1.0337,142,0.85,0.955,1,0.935,1.0505,853,0
SPY190805P291,2019-08-02,2019-08-02 09:40:13,0.95,1.0674,165,0.93,1.0449,46,0.85,0.955,1,0.94,1.0561,853,0
SPY190805P291,2019-08-02,2019-08-02 09:40:14,0.94,1.0561,37,0.92,1.0337,163,0.85,0.955,1,0.93,1.0449,853,0
SPY190805P291,2019-08-02,2019-08-02 09:40:15,0.93,1.0449,116,0.91,1.0224,46,0.85,0.955,1,0.92,1.0337,853,0
SPY190805P291,2019-08-02,2019-08-02 09:40:15,0.92,1.0337,6,0.91,1.0224,76,0.85,0.955,1,0.915,1.028,853,0
SPY190805P291,2019-08-02,2019-08-02 09:40:16,0.93,1.0449,171,0.91,1.0224,6,0.85,0.955,1,0.92,1.0337,853,0
SPY190805P291,2019-08-02,2019-08-02 09:40:17,0.92,1.0337,166,0.9,1.0112,36,0.85,0.955,1,0.91,1.0224,853,0
SPY190805P291,2019-08-02,2019-08-02 09:40:17,0.93,1.0449,391,0.91,1.0224,6,0.85,0.955,1,0.92,1.0337,853,0
SPY190805P291,2019-08-02,2019-08-02 09:40:18,0.93,1.0449,391,0.9,1.0112,107,0.85,0.955,1,0.915,1.028,853,0
SPY190805P291,2019-08-02,2019-08-02 09:40:18,0.92,1.0337,185,0.9,1.0112,31,0.85,0.955,1,0.91,1.0224,853,0
SPY190805P291,2019-08-02,2019-08-02 09:40:19,0.91,1.0224,37,0.9,1.0112,6,0.92,1.0337,1,0.905,1.0168,854,1
SPY190805P291,2019-08-02,2019-08-02 09:40:20,0.91,1.0224,110,0.89,1.0,37,0.92,1.0337,1,0.9,1.0112,854,0
SPY190805P291,2019-08-02,2019-08-02 09:40:21,0.93,1.0449,374,0.91,1.0224,24,0.92,1.0337,1,0.92,1.0337,854,0
SPY190805P291,2019-08-02,2019-08-02 09:40:21,0.92,1.0337,201,0.91,1.0224,6,0.92,1.0337,1,0.915,1.028,854,0
SPY190805P291,2019-08-02,2019-08-02 09:40:22,0.93,1.0449,348,0.9,1.0112,35,0.92,1.0337,1,0.915,1.028,854,0
SPY190805P291,2019-08-02,2019-08-02 09:40:23,0.93,1.0449,449,0.9,1.0112,100,0.92,1.0337,1,0.915,1.028,854,0
SPY190805P291,2019-08-02,2019-08-02 09:40:24,0.93,1.0449,379,0.91,1.0224,6,0.92,1.0337,1,0.92,1.0337,854,0
SPY190805P291,2019-08-02,2019-08-02 09:40:25,0.93,1.0449,353,0.91,1.0224,6,0.92,1.0337,1,0.92,1.0337,854,0
SPY190805P291,2019-08-02,2019-08-02 09:40:25,0.93,1.0449,429,0.91,1.0224,37,0.92,1.0337,1,0.92,1.0337,855,1
SPY190805P291,2019-08-02,2019-08-02 09:40:26,0.92,1.0337,47,0.9,1.0112,107,0.92,1.0337,1,0.91,1.0224,855,0
SPY190805P291,2019-08-02,2019-08-02 09:40:27,0.93,1.0449,342,0.91,1.0224,37,0.92,1.0337,1,0.92,1.0337,855,0
SPY190805P291,2019-08-02,2019-08-02 09:40:28,0.94,1.0561,270,0.91,1.0224,34,0.92,1.0337,1,0.925,1.0393,855,0
SPY190805P291,2019-08-02,2019-08-02 09:40:28,0.93,1.0449,342,0.91,1.0224,37,0.92,1.0337,1,0.92,1.0337,855,0
SPY190805P291,2019-08-02,2019-08-02 09:40:29,0.93,1.0449,189,0.91,1.0224,40,0.92,1.0337,1,0.92,1.0337,855,0
SPY190805P291,2019-08-02,2019-08-02 09:40:30,0.95,1.0674,5,0.9,1.0112,211,0.92,1.0337,1,0.925,1.0393,855,0
SPY190805P291,2019-08-02,2019-08-02 09:40:30,0.94,1.0561,150,0.92,1.0337,37,0.92,1.0337,1,0.93,1.0449,855,0
SPY190805P291,2019-08-02,2019-08-02 09:40:31,0.94,1.0561,150,0.92,1.0337,37,0.92,1.0337,1,0.93,1.0449,855,0
SPY190805P291,2019-08-02,2019-08-02 09:40:31,0.95,1.0674,89,0.94,1.0561,6,0.92,1.0337,1,0.945,1.0617,855,0
SPY190805P291,2019-08-02,2019-08-02 09:40:32,0.94,1.0561,1,0.93,1.0449,70,0.92,1.0337,1,0.935,1.0505,855,0
SPY190805P291,2019-08-02,2019-08-02 09:40:33,0.96,1.0786,189,0.94,1.0561,37,0.94,1.0561,1,0.95,1.0674,856,1
SPY190805P291,2019-08-02,2019-08-02 09:40:33,0.97,1.0898,370,0.94,1.0561,107,0.94,1.0561,1,0.955,1.073,856,0
SPY190805P291,2019-08-02,2019-08-02 09:40:34,0.97,1.0898,370,0.95,1.0674,6,0.94,1.0561,1,0.96,1.0786,856,0
SPY190805P291,2019-08-02,2019-08-02 09:40:35,0.97,1.0898,121,0.95,1.0674,40,0.94,1.0561,1,0.96,1.0786,856,0
SPY190805P291,2019-08-02,2019-08-02 09:40:35,0.97,1.0898,328,0.95,1.0674,6,0.94,1.0561,1,0.96,1.0786,856,0
SPY190805P291,2019-08-02,2019-08-02 09:40:36,0.97,1.0898,328,0.94,1.0561,397,0.94,1.0561,1,0.955,1.073,856,0
SPY190805P291,2019-08-02,2019-08-02 09:40:37,0.98,1.1011,6,0.96,1.0786,6,0.94,1.0561,1,0.97,1.0898,856,0
SPY190805P291,2019-08-02,2019-08-02 09:40:38,0.99,1.1123,104,0.96,1.0786,94,0.94,1.0561,1,0.975,1.0955,856,0
SPY190805P291,2019-08-02,2019-08-02 09:40:38,0.99,1.1123,226,0.97,1.0898,42,0.94,1.0561,1,0.98,1.1011,856,0
SPY190805P291,2019-08-02,2019-08-02 09:40:39,0.98,1.1011,189,0.96,1.0786,47,0.94,1.0561,1,0.97,1.0898,856,0
SPY190805P291,2019-08-02,2019-08-02 09:40:40,0.98,1.1011,189,0.96,1.0786,47,0.94,1.0561,1,0.97,1.0898,856,0
SPY190805P291,2019-08-02,2019-08-02 09:40:41,0.96,1.0786,6,0.94,1.0561,37,0.94,1.0561,1,0.95,1.0674,856,0
SPY190805P291,2019-08-02,2019-08-02 09:40:42,0.96,1.0786,189,0.95,1.0674,37,0.94,1.0561,1,0.955,1.073,856,0
SPY190805P291,2019-08-02,2019-08-02 09:40:43,0.97,1.0898,76,0.95,1.0674,32,0.96,1.0786,1,0.96,1.0786,859,3
SPY190805P291,2019-08-02,2019-08-02 09:40:43,0.98,1.1011,189,0.96,1.0786,47,0.96,1.0786,1,0.97,1.0898,859,0
SPY190805P291,2019-08-02,2019-08-02 09:40:44,0.98,1.1011,264,0.96,1.0786,34,0.96,1.0786,1,0.97,1.0898,859,0
SPY190805P291,2019-08-02,2019-08-02 09:40:45,0.97,1.0898,397,0.95,1.0674,34,0.96,1.0786,1,0.96,1.0786,859,0
SPY190805P291,2019-08-02,2019-08-02 09:40:45,0.98,1.1011,264,0.96,1.0786,37,0.96,1.0786,1,0.97,1.0898,859,0
SPY190805P291,2019-08-02,2019-08-02 09:40:46,0.97,1.0898,116,0.94,1.0561,82,0.96,1.0786,1,0.955,1.073,859,0
SPY190805P291,2019-08-02,2019-08-02 09:40:47,0.96,1.0786,294,0.93,1.0449,35,0.96,1.0786,1,0.945,1.0617,859,0
SPY190805P291,2019-08-02,2019-08-02 09:40:48,0.96,1.0786,213,0.94,1.0561,6,0.96,1.0786,1,0.95,1.0674,859,0
SPY190805P291,2019-08-02,2019-08-02 09:40:49,0.97,1.0898,12,0.96,1.0786,6,0.96,1.0786,1,0.965,1.0842,859,0
SPY190805P291,2019-08-02,2019-08-02 09:40:50,0.98,1.1011,189,0.96,1.0786,37,0.96,1.0786,1,0.97,1.0898,859,0
SPY190805P291,2019-08-02,2019-08-02 09:40:51,0.97,1.0898,95,0.96,1.0786,37,0.96,1.0786,1,0.965,1.0842,859,0
SPY190805P291,2019-08-02,2019-08-02 09:40:51,0.97,1.0898,156,0.96,1.0786,6,0.96,1.0786,1,0.965,1.0842,859,0
SPY190805P291,2019-08-02,2019-08-02 09:40:52,1.0,1.1235,359,0.97,1.0898,137,0.96,1.0786,1,0.985,1.1067,859,0
SPY190805P291,2019-08-02,2019-08-02 09:40:53,1.0,1.1235,189,0.97,1.0898,5,0.96,1.0786,1,0.985,1.1067,859,0
SPY190805P291,2019-08-02,2019-08-02 09:40:53,1.0,1.1235,112,0.98,1.1011,37,0.96,1.0786,1,0.99,1.1123,859,0
SPY190805P291,2019-08-02,2019-08-02 09:40:54,1.01,1.1348,332,0.99,1.1123,35,0.96,1.0786,1,1.0,1.1235,859,0
SPY190805P291,2019-08-02,2019-08-02 09:40:55,1.01,1.1348,332,0.98,1.1011,112,0.96,1.0786,1,0.995,1.1179,859,0
SPY190805P291,2019-08-02,2019-08-02 09:40:56,1.01,1.1348,133,0.99,1.1123,40,0.96,1.0786,1,1.0,1.1235,859,0
SPY190805P291,2019-08-02,2019-08-02 09:40:56,1.01,1.1348,332,0.98,1.1011,112,0.96,1.0786,1,0.995,1.1179,859,0
SPY190805P291,2019-08-02,2019-08-02 09:40:57,1.0,1.1235,6,0.99,1.1123,84,0.96,1.0786,1,0.995,1.1179,859,0
SPY190805P291,2019-08-02,2019-08-02 09:40:58,1.01,1.1348,127,1.0,1.1235,37,0.96,1.0786,1,1.005,1.1292,859,0
SPY190805P291,2019-08-02,2019-08-02 09:40:59,1.0,1.1235,185,0.99,1.1123,1,0.99,1.1123,1,0.995,1.1179,861,2
SPY190805P291,2019-08-02,2019-08-02 09:40:59,1.01,1.1348,12,0.99,1.1123,37,0.96,1.0786,1,1.0,1.1235,859,0
SPY190805P291,2019-08-02,2019-08-02 09:41:00,0.99,1.1123,185,0.97,1.0898,37,0.99,1.1123,1,0.98,1.1011,861,0
SPY190805P291,2019-08-02,2019-08-02 09:41:01,0.99,1.1123,185,0.97,1.0898,48,0.99,1.1123,1,0.98,1.1011,861,0
SPY190805P291,2019-08-02,2019-08-02 09:41:01,0.99,1.1123,210,0.97,1.0898,45,0.99,1.1123,1,0.98,1.1011,861,0
SPY190805P291,2019-08-02,2019-08-02 09:41:02,0.99,1.1123,470,0.96,1.0786,31,0.99,1.1123,1,0.975,1.0955,861,0
SPY190805P291,2019-08-02,2019-08-02 09:41:03,0.99,1.1123,175,0.97,1.0898,36,0.99,1.1123,1,0.98,1.1011,861,0
SPY190805P291,2019-08-02,2019-08-02 09:41:04,0.98,1.1011,100,0.96,1.0786,53,0.99,1.1123,1,0.97,1.0898,861,0
SPY190805P291,2019-08-02,2019-08-02 09:41:04,0.99,1.1123,430,0.97,1.0898,33,0.99,1.1123,1,0.98,1.1011,861,0
SPY190805P291,2019-08-02,2019-08-02 09:41:05,0.98,1.1011,101,0.96,1.0786,53,0.99,1.1123,1,0.97,1.0898,861,0
SPY190805P291,2019-08-02,2019-08-02 09:41:06,0.98,1.1011,144,0.97,1.0898,6,0.99,1.1123,1,0.975,1.0955,861,0
SPY190805P291,2019-08-02,2019-08-02 09:41:06,0.98,1.1011,185,0.96,1.0786,41,0.99,1.1123,1,0.97,1.0898,861,0
SPY190805P291,2019-08-02,2019-08-02 09:41:07,0.98,1.1011,339,0.95,1.0674,41,0.99,1.1123,1,0.965,1.0842,861,0
SPY190805P291,2019-08-02,2019-08-02 09:41:08,0.98,1.1011,329,0.96,1.0786,37,0.99,1.1123,1,0.97,1.0898,861,0
SPY190805P291,2019-08-02,2019-08-02 09:41:08,0.98,1.1011,57,0.95,1.0674,128,0.99,1.1123,1,0.965,1.0842,861,0
SPY190805P291,2019-08-02,2019-08-02 09:41:09,0.98,1.1011,7,0.96,1.0786,94,0.99,1.1123,1,0.97,1.0898,861,0
SPY190805P291,2019-08-02,2019-08-02 09:41:09,0.98,1.1011,126,0.96,1.0786,55,0.99,1.1123,1,0.97,1.0898,861,0
SPY190805P291,2019-08-02,2019-08-02 09:41:10,0.99,1.1123,220,0.96,1.0786,82,0.99,1.1123,1,0.975,1.0955,861,0
SPY190805P291,2019-08-02,2019-08-02 09:41:11,0.99,1.1123,120,0.98,1.1011,6,0.99,1.1123,1,0.985,1.1067,861,0
SPY190805P291,2019-08-02,2019-08-02 09:41:12,1.0,1.1235,87,0.99,1.1123,6,0.99,1.1123,1,0.995,1.1179,861,0
SPY190805P291,2019-08-02,2019-08-02 09:41:12,1.0,1.1235,108,0.98,1.1011,6,0.99,1.1123,1,0.99,1.1123,861,0
SPY190805P291,2019-08-02,2019-08-02 09:41:13,1.01,1.1348,243,0.99,1.1123,6,0.99,1.1123,1,1.0,1.1235,861,0
SPY190805P291,2019-08-02,2019-08-02 09:41:14,0.99,1.1123,185,0.98,1.1011,6,0.99,1.1123,1,0.985,1.1067,861,0
SPY190805P291,2019-08-02,2019-08-02 09:41:16,0.98,1.1011,185,0.97,1.0898,6,0.99,1.1123,1,0.975,1.0955,861,0
SPY190805P291,2019-08-02,2019-08-02 09:41:18,0.99,1.1123,98,0.97,1.0898,6,0.99,1.1123,1,0.98,1.1011,861,0
SPY190805P291,2019-08-02,2019-08-02 09:41:19,0.99,1.1123,144,0.98,1.1011,6,0.99,1.1123,1,0.985,1.1067,861,0
SPY190805P291,2019-08-02,2019-08-02 09:41:21,0.99,1.1123,94,0.98,1.1011,6,0.99,1.1123,1,0.985,1.1067,861,0
SPY190805P291,2019-08-02,2019-08-02 09:41:22,0.98,1.1011,161,0.96,1.0786,6,0.99,1.1123,1,0.97,1.0898,861,0
SPY190805P291,2019-08-02,2019-08-02 09:41:25,0.96,1.0786,323,0.93,1.0449,92,0.93,1.0449,1,0.945,1.0617,868,7
SPY190805P291,2019-08-02,2019-08-02 09:41:27,0.97,1.0898,185,0.95,1.0674,22,0.93,1.0449,1,0.96,1.0786,868,0
SPY190805P291,2019-08-02,2019-08-02 09:41:28,0.96,1.0786,107,0.94,1.0561,22,0.93,1.0449,1,0.95,1.0674,868,0
SPY190805P291,2019-08-02,2019-08-02 09:41:30,0.97,1.0898,328,0.95,1.0674,6,0.93,1.0449,1,0.96,1.0786,868,0
SPY190805P291,2019-08-02,2019-08-02 09:41:31,0.97,1.0898,114,0.95,1.0674,53,0.95,1.0674,13,0.96,1.0786,881,13
SPY190805P291,2019-08-02,2019-08-02 09:41:32,0.96,1.0786,49,0.94,1.0561,179,0.95,1.0674,13,0.95,1.0674,881,0
SPY190805P291,2019-08-02,2019-08-02 09:41:33,0.96,1.0786,50,0.93,1.0449,48,0.95,1.0674,13,0.945,1.0617,881,0
SPY190805P291,2019-08-02,2019-08-02 09:41:34,0.96,1.0786,250,0.93,1.0449,205,0.95,1.0674,13,0.945,1.0617,881,0
SPY190805P291,2019-08-02,2019-08-02 09:41:35,0.95,1.0674,250,0.93,1.0449,53,0.95,1.0674,13,0.94,1.0561,881,0
SPY190805P291,2019-08-02,2019-08-02 09:41:36,0.94,1.0561,118,0.92,1.0337,32,0.94,1.0561,1,0.93,1.0449,882,1
SPY190805P291,2019-08-02,2019-08-02 09:41:37,0.94,1.0561,180,0.92,1.0337,26,0.94,1.0561,1,0.93,1.0449,882,0
SPY190805P291,2019-08-02,2019-08-02 09:41:37,0.94,1.0561,180,0.93,1.0449,32,0.94,1.0561,1,0.935,1.0505,882,0
SPY190805P291,2019-08-02,2019-08-02 09:41:38,0.96,1.0786,245,0.94,1.0561,6,0.94,1.0561,2,0.95,1.0674,884,2
SPY190805P291,2019-08-02,2019-08-02 09:41:40,0.94,1.0561,185,0.92,1.0337,6,0.94,1.0561,2,0.93,1.0449,884,0
SPY190805P291,2019-08-02,2019-08-02 09:41:41,0.95,1.0674,76,0.92,1.0337,69,0.94,1.0561,2,0.935,1.0505,884,0
SPY190805P291,2019-08-02,2019-08-02 09:41:42,0.97,1.0898,6,0.95,1.0674,37,0.94,1.0561,2,0.96,1.0786,884,0
SPY190805P291,2019-08-02,2019-08-02 09:41:42,0.97,1.0898,6,0.95,1.0674,112,0.97,1.0898,3,0.96,1.0786,889,5
SPY190805P291,2019-08-02,2019-08-02 09:41:44,0.96,1.0786,27,0.94,1.0561,107,0.97,1.0898,3,0.95,1.0674,889,0
SPY190805P291,2019-08-02,2019-08-02 09:41:44,0.96,1.0786,85,0.94,1.0561,37,0.97,1.0898,3,0.95,1.0674,889,0
SPY190805P291,2019-08-02,2019-08-02 09:41:45,0.96,1.0786,27,0.94,1.0561,64,0.97,1.0898,3,0.95,1.0674,889,0
SPY190805P291,2019-08-02,2019-08-02 09:41:48,0.95,1.0674,27,0.94,1.0561,35,0.97,1.0898,3,0.945,1.0617,889,0
SPY190805P291,2019-08-02,2019-08-02 09:41:49,0.95,1.0674,27,0.94,1.0561,10,0.97,1.0898,3,0.945,1.0617,889,0
SPY190805P291,2019-08-02,2019-08-02 09:41:49,0.93,1.0449,27,0.9,1.0112,208,0.94,1.0561,10,0.915,1.028,899,10
SPY190805P291,2019-08-02,2019-08-02 09:41:50,0.93,1.0449,185,0.91,1.0224,6,0.94,1.0561,10,0.92,1.0337,899,0
SPY190805P291,2019-08-02,2019-08-02 09:41:51,0.92,1.0337,1,0.91,1.0224,6,0.94,1.0561,10,0.915,1.028,899,0
SPY190805P291,2019-08-02,2019-08-02 09:41:52,0.92,1.0337,27,0.91,1.0224,6,0.94,1.0561,10,0.915,1.028,899,0
SPY190805P291,2019-08-02,2019-08-02 09:41:52,0.92,1.0337,1,0.91,1.0224,6,0.94,1.0561,10,0.915,1.028,899,0
SPY190805P291,2019-08-02,2019-08-02 09:41:53,0.93,1.0449,294,0.91,1.0224,37,0.94,1.0561,10,0.92,1.0337,899,0
SPY190805P291,2019-08-02,2019-08-02 09:41:54,0.92,1.0337,7,0.89,1.0,301,0.94,1.0561,10,0.905,1.0168,899,0
SPY190805P291,2019-08-02,2019-08-02 09:41:54,0.92,1.0337,7,0.9,1.0112,23,0.94,1.0561,10,0.91,1.0224,899,0
SPY190805P291,2019-08-02,2019-08-02 09:41:55,0.91,1.0224,27,0.89,1.0,86,0.94,1.0561,10,0.9,1.0112,899,0
SPY190805P291,2019-08-02,2019-08-02 09:41:56,0.9,1.0112,27,0.88,0.9887,321,0.94,1.0561,10,0.89,1.0,899,0
SPY190805P291,2019-08-02,2019-08-02 09:41:57,0.91,1.0224,70,0.88,0.9887,246,0.94,1.0561,10,0.895,1.0056,899,0
SPY190805P291,2019-08-02,2019-08-02 09:41:57,0.91,1.0224,27,0.9,1.0112,37,0.94,1.0561,10,0.905,1.0168,899,0
SPY190805P291,2019-08-02,2019-08-02 09:41:58,0.92,1.0337,183,0.9,1.0112,91,0.94,1.0561,10,0.91,1.0224,899,0
SPY190805P291,2019-08-02,2019-08-02 09:41:59,0.91,1.0224,27,0.9,1.0112,40,0.94,1.0561,10,0.905,1.0168,899,0
SPY190805P291,2019-08-02,2019-08-02 09:42:00,0.92,1.0337,1018,0.88,0.9887,199,0.94,1.0561,10,0.9,1.0112,899,0
SPY190805P291,2019-08-02,2019-08-02 09:42:01,0.89,1.0,89,0.87,0.9775,81,0.94,1.0561,10,0.88,0.9887,899,0
SPY190805P291,2019-08-02,2019-08-02 09:42:01,0.89,1.0,89,0.88,0.9887,37,0.88,0.9887,3,0.885,0.9943,902,3
SPY190805P291,2019-08-02,2019-08-02 09:42:03,0.98,1.1011,153,0.93,1.0449,150,0.88,0.9887,3,0.955,1.073,902,0
SPY190805P291,2019-08-02,2019-08-02 09:42:03,1.01,1.1348,39,0.92,1.0337,480,0.88,0.9887,3,0.965,1.0842,902,0
SPY190805P291,2019-08-02,2019-08-02 09:42:04,1.04,1.1685,222,0.99,1.1123,100,0.88,0.9887,3,1.015,1.1404,902,0
SPY190805P291,2019-08-02,2019-08-02 09:42:05,1.02,1.146,76,0.98,1.1011,400,0.88,0.9887,3,1.0,1.1235,902,0
SPY190805P291,2019-08-02,2019-08-02 09:42:05,1.03,1.1573,294,1.0,1.1235,179,0.88,0.9887,3,1.015,1.1404,902,0
SPY190805P291,2019-08-02,2019-08-02 09:42:06,1.03,1.1573,6,1.0,1.1235,170,1.02,1.146,50,1.015,1.1404,952,0
SPY190805P291,2019-08-02,2019-08-02 09:42:06,1.03,1.1573,153,1.0,1.1235,37,1.02,1.146,50,1.015,1.1404,952,50
SPY190805P291,2019-08-02,2019-08-02 09:42:07,1.01,1.1348,6,0.99,1.1123,37,1.02,1.146,50,1.0,1.1235,952,0
SPY190805P291,2019-08-02,2019-08-02 09:42:08,1.01,1.1348,6,0.99,1.1123,81,1.02,1.146,50,1.0,1.1235,952,0
SPY190805P291,2019-08-02,2019-08-02 09:42:08,1.02,1.146,6,0.99,1.1123,186,1.02,1.146,50,1.005,1.1292,952,0
SPY190805P291,2019-08-02,2019-08-02 09:42:09,1.02,1.146,153,0.99,1.1123,186,1.02,1.146,50,1.005,1.1292,952,0
SPY190805P291,2019-08-02,2019-08-02 09:42:10,1.03,1.1573,291,1.0,1.1235,116,1.02,1.146,50,1.015,1.1404,952,0
SPY190805P291,2019-08-02,2019-08-02 09:42:11,1.06,1.191,70,1.04,1.1685,6,1.02,1.146,50,1.05,1.1797,952,0
SPY190805P291,2019-08-02,2019-08-02 09:42:11,1.04,1.1685,96,1.0,1.1235,120,1.02,1.146,50,1.02,1.146,952,0
SPY190805P291,2019-08-02,2019-08-02 09:42:12,1.08,1.2134,128,1.05,1.1797,148,1.02,1.146,50,1.065,1.1966,952,0
SPY190805P291,2019-08-02,2019-08-02 09:42:13,1.07,1.2022,111,1.04,1.1685,180,1.02,1.146,50,1.055,1.1853,952,0
SPY190805P291,2019-08-02,2019-08-02 09:42:13,1.08,1.2134,93,1.06,1.191,186,1.02,1.146,50,1.07,1.2022,952,0
SPY190805P291,2019-08-02,2019-08-02 09:42:14,1.04,1.1685,93,1.01,1.1348,69,1.02,1.146,50,1.025,1.1516,952,0
SPY190805P291,2019-08-02,2019-08-02 09:42:14,1.05,1.1797,98,1.03,1.1573,147,1.02,1.146,50,1.04,1.1685,952,0
SPY190805P291,2019-08-02,2019-08-02 09:42:15,1.04,1.1685,93,1.02,1.146,6,1.02,1.146,50,1.03,1.1573,952,0
SPY190805P291,2019-08-02,2019-08-02 09:42:16,1.05,1.1797,205,1.03,1.1573,29,1.02,1.146,50,1.04,1.1685,952,0
SPY190805P291,2019-08-02,2019-08-02 09:42:16,1.05,1.1797,204,1.03,1.1573,6,1.02,1.146,50,1.04,1.1685,952,0
SPY190805P291,2019-08-02,2019-08-02 09:42:17,1.05,1.1797,114,1.03,1.1573,29,1.02,1.146,50,1.04,1.1685,952,0
SPY190805P291,2019-08-02,2019-08-02 09:42:18,1.03,1.1573,71,0.99,1.1123,220,1.02,1.146,50,1.01,1.1348,952,0
SPY190805P291,2019-08-02,2019-08-02 09:42:19,1.02,1.146,105,1.0,1.1235,6,1.02,1.146,50,1.01,1.1348,952,0
SPY190805P291,2019-08-02,2019-08-02 09:42:20,1.02,1.146,105,1.0,1.1235,27,1.02,1.146,50,1.01,1.1348,952,0
SPY190805P291,2019-08-02,2019-08-02 09:42:20,1.03,1.1573,49,1.0,1.1235,137,1.02,1.146,50,1.015,1.1404,952,0
SPY190805P291,2019-08-02,2019-08-02 09:42:21,1.02,1.146,192,0.99,1.1123,6,1.02,1.146,50,1.005,1.1292,952,0
SPY190805P291,2019-08-02,2019-08-02 09:42:21,1.02,1.146,200,0.98,1.1011,6,1.02,1.146,50,1.0,1.1235,952,0
SPY190805P291,2019-08-02,2019-08-02 09:42:22,1.02,1.146,55,0.99,1.1123,55,1.02,1.146,50,1.005,1.1292,952,0
SPY190805P291,2019-08-02,2019-08-02 09:42:22,1.01,1.1348,14,0.98,1.1011,6,1.02,1.146,50,0.995,1.1179,952,0
SPY190805P291,2019-08-02,2019-08-02 09:42:23,1.02,1.146,22,1.0,1.1235,37,1.02,1.146,50,1.01,1.1348,952,0
SPY190805P291,2019-08-02,2019-08-02 09:42:24,1.02,1.146,22,1.0,1.1235,6,1.02,1.146,50,1.01,1.1348,952,0
SPY190805P291,2019-08-02,2019-08-02 09:42:25,1.02,1.146,244,0.98,1.1011,37,1.02,1.146,50,1.0,1.1235,952,0
SPY190805P291,2019-08-02,2019-08-02 09:42:25,1.02,1.146,186,1.0,1.1235,37,1.02,1.146,50,1.01,1.1348,952,0
SPY190805P291,2019-08-02,2019-08-02 09:42:26,1.0,1.1235,186,0.98,1.1011,6,1.02,1.146,50,0.99,1.1123,952,0
SPY190805P291,2019-08-02,2019-08-02 09:42:26,1.02,1.146,244,0.99,1.1123,6,1.02,1.146,50,1.005,1.1292,952,0
SPY190805P291,2019-08-02,2019-08-02 09:42:27,0.99,1.1123,331,0.97,1.0898,6,1.02,1.146,50,0.98,1.1011,952,0
SPY190805P291,2019-08-02,2019-08-02 09:42:27,0.99,1.1123,227,0.97,1.0898,6,1.02,1.146,50,0.98,1.1011,952,0
SPY190805P291,2019-08-02,2019-08-02 09:42:28,0.99,1.1123,94,0.98,1.1011,6,1.02,1.146,50,0.985,1.1067,952,0
SPY190805P291,2019-08-02,2019-08-02 09:42:29,0.99,1.1123,223,0.97,1.0898,6,1.02,1.146,50,0.98,1.1011,952,0
SPY190805P291,2019-08-02,2019-08-02 09:42:29,0.99,1.1123,186,0.97,1.0898,37,1.02,1.146,50,0.98,1.1011,952,0
SPY190805P291,2019-08-02,2019-08-02 09:42:30,0.99,1.1123,218,0.98,1.1011,6,1.02,1.146,50,0.985,1.1067,952,0
SPY190805P291,2019-08-02,2019-08-02 09:42:31,1.0,1.1235,414,0.97,1.0898,83,1.02,1.146,50,0.985,1.1067,952,0
SPY190805P291,2019-08-02,2019-08-02 09:42:31,0.99,1.1123,22,0.97,1.0898,37,1.02,1.146,50,0.98,1.1011,952,0
SPY190805P291,2019-08-02,2019-08-02 09:42:32,0.99,1.1123,93,0.97,1.0898,83,1.02,1.146,50,0.98,1.1011,952,0
SPY190805P291,2019-08-02,2019-08-02 09:42:32,0.99,1.1123,22,0.97,1.0898,83,1.02,1.146,50,0.98,1.1011,952,0
SPY190805P291,2019-08-02,2019-08-02 09:42:33,1.0,1.1235,6,0.98,1.1011,6,1.02,1.146,50,0.99,1.1123,952,0
SPY190805P291,2019-08-02,2019-08-02 09:42:34,1.0,1.1235,6,0.99,1.1123,6,1.02,1.146,50,0.995,1.1179,952,0
SPY190805P291,2019-08-02,2019-08-02 09:42:34,1.0,1.1235,6,0.98,1.1011,6,1.02,1.146,50,0.99,1.1123,952,0
SPY190805P291,2019-08-02,2019-08-02 09:42:35,1.0,1.1235,293,0.98,1.1011,6,1.02,1.146,50,0.99,1.1123,952,0
SPY190805P291,2019-08-02,2019-08-02 09:42:36,1.0,1.1235,119,0.98,1.1011,6,1.02,1.146,50,0.99,1.1123,952,0
SPY190805P291,2019-08-02,2019-08-02 09:42:36,1.0,1.1235,186,0.98,1.1011,35,1.02,1.146,50,0.99,1.1123,952,0
SPY190805P291,2019-08-02,2019-08-02 09:42:37,0.99,1.1123,93,0.97,1.0898,6,1.02,1.146,50,0.98,1.1011,952,0
SPY190805P291,2019-08-02,2019-08-02 09:42:37,0.98,1.1011,152,0.97,1.0898,6,1.02,1.146,50,0.975,1.0955,952,0
SPY190805P291,2019-08-02,2019-08-02 09:42:38,0.98,1.1011,143,0.96,1.0786,35,1.02,1.146,50,0.97,1.0898,952,0
SPY190805P291,2019-08-02,2019-08-02 09:42:39,0.98,1.1011,133,0.96,1.0786,37,1.02,1.146,50,0.97,1.0898,952,0
SPY190805P291,2019-08-02,2019-08-02 09:42:39,0.99,1.1123,294,0.98,1.1011,6,1.02,1.146,50,0.985,1.1067,952,0
SPY190805P291,2019-08-02,2019-08-02 09:42:40,0.98,1.1011,257,0.95,1.0674,6,1.02,1.146,50,0.965,1.0842,952,0
SPY190805P291,2019-08-02,2019-08-02 09:42:40,0.97,1.0898,220,0.94,1.0561,149,1.02,1.146,50,0.955,1.073,952,0
SPY190805P291,2019-08-02,2019-08-02 09:42:41,0.97,1.0898,93,0.95,1.0674,67,1.02,1.146,50,0.96,1.0786,952,0
SPY190805P291,2019-08-02,2019-08-02 09:42:42,0.97,1.0898,6,0.95,1.0674,45,1.02,1.146,50,0.96,1.0786,952,0
SPY190805P291,2019-08-02,2019-08-02 09:42:42,0.98,1.1011,351,0.95,1.0674,85,1.02,1.146,50,0.965,1.0842,952,0
SPY190805P291,2019-08-02,2019-08-02 09:42:43,0.98,1.1011,380,0.96,1.0786,37,1.02,1.146,50,0.97,1.0898,952,0
SPY190805P291,2019-08-02,2019-08-02 09:42:44,0.97,1.0898,281,0.92,1.0337,343,1.02,1.146,50,0.945,1.0617,952,0
SPY190805P291,2019-08-02,2019-08-02 09:42:45,0.96,1.0786,6,0.94,1.0561,24,1.02,1.146,50,0.95,1.0674,952,0
SPY190805P291,2019-08-02,2019-08-02 09:42:46,0.96,1.0786,6,0.95,1.0674,6,1.02,1.146,50,0.955,1.073,952,0
SPY190805P291,2019-08-02,2019-08-02 09:42:46,0.97,1.0898,75,0.95,1.0674,47,1.02,1.146,50,0.96,1.0786,952,0
SPY190805P291,2019-08-02,2019-08-02 09:42:47,0.98,1.1011,53,0.96,1.0786,37,1.02,1.146,50,0.97,1.0898,952,0
SPY190805P291,2019-08-02,2019-08-02 09:42:47,0.98,1.1011,294,0.95,1.0674,47,1.02,1.146,50,0.965,1.0842,952,0
SPY190805P291,2019-08-02,2019-08-02 09:42:48,0.99,1.1123,6,0.97,1.0898,37,1.02,1.146,50,0.98,1.1011,952,0
SPY190805P291,2019-08-02,2019-08-02 09:42:49,1.02,1.146,18,0.99,1.1123,34,1.02,1.146,50,1.005,1.1292,952,0
SPY190805P291,2019-08-02,2019-08-02 09:42:49,1.0,1.1235,194,0.97,1.0898,79,1.02,1.146,50,0.985,1.1067,952,0
SPY190805P291,2019-08-02,2019-08-02 09:42:50,1.01,1.1348,6,0.99,1.1123,44,1.02,1.146,50,1.0,1.1235,952,0
SPY190805P291,2019-08-02,2019-08-02 09:42:51,1.01,1.1348,6,0.99,1.1123,80,1.02,1.146,50,1.0,1.1235,952,0
SPY190805P291,2019-08-02,2019-08-02 09:42:52,1.02,1.146,6,1.0,1.1235,6,1.02,1.146,50,1.01,1.1348,952,0
SPY190805P291,2019-08-02,2019-08-02 09:42:53,1.04,1.1685,30,1.01,1.1348,146,1.02,1.146,50,1.025,1.1516,952,0
SPY190805P291,2019-08-02,2019-08-02 09:42:54,1.04,1.1685,18,1.01,1.1348,146,1.02,1.146,50,1.025,1.1516,952,0
SPY190805P291,2019-08-02,2019-08-02 09:42:55,1.02,1.146,5,0.99,1.1123,239,1.02,1.146,50,1.005,1.1292,952,0
SPY190805P291,2019-08-02,2019-08-02 09:42:56,1.02,1.146,116,1.0,1.1235,143,1.02,1.146,50,1.01,1.1348,952,0
SPY190805P291,2019-08-02,2019-08-02 09:42:56,1.01,1.1348,6,0.99,1.1123,239,1.02,1.146,50,1.0,1.1235,952,0
SPY190805P291,2019-08-02,2019-08-02 09:42:57,1.04,1.1685,172,1.01,1.1348,214,1.02,1.146,50,1.025,1.1516,952,0
SPY190805P291,2019-08-02,2019-08-02 09:42:58,1.03,1.1573,18,1.0,1.1235,189,1.02,1.146,50,1.015,1.1404,952,0
SPY190805P291,2019-08-02,2019-08-02 09:42:59,1.01,1.1348,6,0.99,1.1123,54,1.02,1.146,50,1.0,1.1235,952,0
SPY190805P291,2019-08-02,2019-08-02 09:42:59,1.01,1.1348,49,0.98,1.1011,251,1.02,1.146,50,0.995,1.1179,952,0
SPY190805P291,2019-08-02,2019-08-02 09:43:00,1.01,1.1348,116,0.99,1.1123,37,1.02,1.146,50,1.0,1.1235,952,0
SPY190805P291,2019-08-02,2019-08-02 09:43:01,1.01,1.1348,6,0.99,1.1123,104,1.02,1.146,50,1.0,1.1235,952,0
SPY190805P291,2019-08-02,2019-08-02 09:43:02,1.01,1.1348,5,0.99,1.1123,48,1.02,1.146,50,1.0,1.1235,952,0
SPY190805P291,2019-08-02,2019-08-02 09:43:02,1.04,1.1685,360,0.98,1.1011,395,1.02,1.146,50,1.01,1.1348,952,0
SPY190805P291,2019-08-02,2019-08-02 09:43:03,0.99,1.1123,6,0.97,1.0898,62,1.02,1.146,50,0.98,1.1011,952,0
SPY190805P291,2019-08-02,2019-08-02 09:43:04,0.99,1.1123,93,0.97,1.0898,56,1.02,1.146,50,0.98,1.1011,952,0
SPY190805P291,2019-08-02,2019-08-02 09:43:05,1.0,1.1235,89,0.98,1.1011,40,1.02,1.146,50,0.99,1.1123,952,0
SPY190805P291,2019-08-02,2019-08-02 09:43:05,1.0,1.1235,92,0.98,1.1011,40,1.02,1.146,50,0.99,1.1123,952,0
SPY190805P291,2019-08-02,2019-08-02 09:43:06,1.0,1.1235,118,0.97,1.0898,87,1.02,1.146,50,0.985,1.1067,952,0
SPY190805P291,2019-08-02,2019-08-02 09:43:07,1.0,1.1235,167,0.97,1.0898,231,1.02,1.146,50,0.985,1.1067,952,0
SPY190805P291,2019-08-02,2019-08-02 09:43:07,1.01,1.1348,241,0.98,1.1011,46,1.02,1.146,50,0.995,1.1179,952,0
SPY190805P291,2019-08-02,2019-08-02 09:43:08,1.0,1.1235,5,0.98,1.1011,46,1.02,1.146,50,0.99,1.1123,952,0
SPY190805P291,2019-08-02,2019-08-02 09:43:09,0.99,1.1123,6,0.97,1.0898,37,1.02,1.146,50,0.98,1.1011,952,0
SPY190805P291,2019-08-02,2019-08-02 09:43:09,0.99,1.1123,118,0.97,1.0898,41,1.02,1.146,50,0.98,1.1011,952,0
SPY190805P291,2019-08-02,2019-08-02 09:43:10,0.98,1.1011,5,0.96,1.0786,216,1.02,1.146,50,0.97,1.0898,952,0
SPY190805P291,2019-08-02,2019-08-02 09:43:11,0.97,1.0898,9,0.95,1.0674,6,1.02,1.146,50,0.96,1.0786,952,0
SPY190805P291,2019-08-02,2019-08-02 09:43:11,0.98,1.1011,236,0.95,1.0674,48,1.02,1.146,50,0.965,1.0842,952,0
SPY190805P291,2019-08-02,2019-08-02 09:43:12,0.98,1.1011,135,0.96,1.0786,131,1.02,1.146,50,0.97,1.0898,952,0
SPY190805P291,2019-08-02,2019-08-02 09:43:12,0.97,1.0898,165,0.95,1.0674,37,1.02,1.146,50,0.96,1.0786,952,0
SPY190805P291,2019-08-02,2019-08-02 09:43:13,0.97,1.0898,165,0.95,1.0674,37,1.02,1.146,50,0.96,1.0786,952,0
SPY190805P291,2019-08-02,2019-08-02 09:43:14,0.98,1.1011,18,0.95,1.0674,8,1.02,1.146,50,0.965,1.0842,952,0
SPY190805P291,2019-08-02,2019-08-02 09:43:15,0.99,1.1123,18,0.96,1.0786,59,1.02,1.146,50,0.975,1.0955,952,0
SPY190805P291,2019-08-02,2019-08-02 09:43:15,0.99,1.1123,233,0.96,1.0786,114,1.02,1.146,50,0.975,1.0955,952,0
SPY190805P291,2019-08-02,2019-08-02 09:43:16,0.98,1.1011,186,0.96,1.0786,6,1.02,1.146,50,0.97,1.0898,952,0
SPY190805P291,2019-08-02,2019-08-02 09:43:16,0.98,1.1011,23,0.96,1.0786,6,1.02,1.146,50,0.97,1.0898,952,0
SPY190805P291,2019-08-02,2019-08-02 09:43:17,0.97,1.0898,105,0.96,1.0786,6,1.02,1.146,50,0.965,1.0842,952,0
SPY190805P291,2019-08-02,2019-08-02 09:43:18,0.98,1.1011,195,0.96,1.0786,6,1.02,1.146,50,0.97,1.0898,952,0
SPY190805P291,2019-08-02,2019-08-02 09:43:19,0.98,1.1011,246,0.96,1.0786,6,1.02,1.146,50,0.97,1.0898,952,0
SPY190805P291,2019-08-02,2019-08-02 09:43:19,0.98,1.1011,93,0.96,1.0786,6,1.02,1.146,50,0.97,1.0898,952,0
SPY190805P291,2019-08-02,2019-08-02 09:43:20,0.97,1.0898,152,0.94,1.0561,467,1.02,1.146,50,0.955,1.073,952,0
SPY190805P291,2019-08-02,2019-08-02 09:43:20,0.97,1.0898,9,0.95,1.0674,37,1.02,1.146,50,0.96,1.0786,952,0
SPY190805P291,2019-08-02,2019-08-02 09:43:21,0.97,1.0898,17,0.95,1.0674,6,1.02,1.146,50,0.96,1.0786,952,0
SPY190805P291,2019-08-02,2019-08-02 09:43:21,0.97,1.0898,23,0.95,1.0674,96,1.02,1.146,50,0.96,1.0786,952,0
SPY190805P291,2019-08-02,2019-08-02 09:43:22,0.96,1.0786,23,0.94,1.0561,6,1.02,1.146,50,0.95,1.0674,952,0
SPY190805P291,2019-08-02,2019-08-02 09:43:23,0.95,1.0674,93,0.93,1.0449,6,1.02,1.146,50,0.94,1.0561,952,0
SPY190805P291,2019-08-02,2019-08-02 09:43:23,0.96,1.0786,102,0.94,1.0561,6,1.02,1.146,50,0.95,1.0674,952,0
SPY190805P291,2019-08-02,2019-08-02 09:43:24,0.95,1.0674,6,0.93,1.0449,6,1.02,1.146,50,0.94,1.0561,952,0
SPY190805P291,2019-08-02,2019-08-02 09:43:24,0.95,1.0674,286,0.93,1.0449,20,1.02,1.146,50,0.94,1.0561,952,0
SPY190805P291,2019-08-02,2019-08-02 09:43:25,0.95,1.0674,17,0.93,1.0449,109,1.02,1.146,50,0.94,1.0561,952,0
SPY190805P291,2019-08-02,2019-08-02 09:43:26,0.96,1.0786,118,0.93,1.0449,133,1.02,1.146,50,0.945,1.0617,952,0
SPY190805P291,2019-08-02,2019-08-02 09:43:26,0.96,1.0786,177,0.94,1.0561,6,1.02,1.146,50,0.95,1.0674,952,0
SPY190805P291,2019-08-02,2019-08-02 09:43:27,0.95,1.0674,66,0.93,1.0449,133,1.02,1.146,50,0.94,1.0561,952,0
SPY190805P291,2019-08-02,2019-08-02 09:43:28,0.96,1.0786,145,0.94,1.0561,35,1.02,1.146,50,0.95,1.0674,952,0
SPY190805P291,2019-08-02,2019-08-02 09:43:28,0.96,1.0786,5,0.94,1.0561,35,1.02,1.146,50,0.95,1.0674,952,0
SPY190805P291,2019-08-02,2019-08-02 09:43:29,0.96,1.0786,145,0.94,1.0561,104,1.02,1.146,50,0.95,1.0674,952,0
SPY190805P291,2019-08-02,2019-08-02 09:43:30,0.97,1.0898,330,0.95,1.0674,74,1.02,1.146,50,0.96,1.0786,952,0
SPY190805P291,2019-08-02,2019-08-02 09:43:30,0.97,1.0898,18,0.95,1.0674,101,1.02,1.146,50,0.96,1.0786,952,0
SPY190805P291,2019-08-02,2019-08-02 09:43:31,0.97,1.0898,89,0.95,1.0674,5,1.02,1.146,50,0.96,1.0786,952,0
SPY190805P291,2019-08-02,2019-08-02 09:43:32,0.97,1.0898,143,0.95,1.0674,47,1.02,1.146,50,0.96,1.0786,952,0
SPY190805P291,2019-08-02,2019-08-02 09:43:32,0.96,1.0786,6,0.94,1.0561,266,1.02,1.146,50,0.95,1.0674,952,0
SPY190805P291,2019-08-02,2019-08-02 09:43:33,0.98,1.1011,316,0.96,1.0786,6,1.02,1.146,50,0.97,1.0898,952,0
SPY190805P291,2019-08-02,2019-08-02 09:43:33,0.98,1.1011,205,0.96,1.0786,6,1.02,1.146,50,0.97,1.0898,952,0
SPY190805P291,2019-08-02,2019-08-02 09:43:34,0.98,1.1011,18,0.96,1.0786,88,1.02,1.146,50,0.97,1.0898,952,0
SPY190805P291,2019-08-02,2019-08-02 09:43:34,0.99,1.1123,184,0.97,1.0898,103,1.02,1.146,50,0.98,1.1011,952,0
SPY190805P291,2019-08-02,2019-08-02 09:43:35,0.99,1.1123,278,0.97,1.0898,6,1.02,1.146,50,0.98,1.1011,952,0
SPY190805P291,2019-08-02,2019-08-02 09:43:36,0.99,1.1123,18,0.97,1.0898,99,1.02,1.146,50,0.98,1.1011,952,0
SPY190805P291,2019-08-02,2019-08-02 09:43:36,0.99,1.1123,290,0.97,1.0898,99,1.02,1.146,50,0.98,1.1011,952,0
SPY190805P291,2019-08-02,2019-08-02 09:43:37,0.99,1.1123,184,0.97,1.0898,133,1.02,1.146,50,0.98,1.1011,952,0
SPY190805P291,2019-08-02,2019-08-02 09:43:37,0.99,1.1123,184,0.97,1.0898,99,1.02,1.146,50,0.98,1.1011,952,0
SPY190805P291,2019-08-02,2019-08-02 09:43:38,0.98,1.1011,18,0.96,1.0786,196,1.02,1.146,50,0.97,1.0898,952,0
SPY190805P291,2019-08-02,2019-08-02 09:43:38,0.99,1.1123,6,0.97,1.0898,5,1.02,1.146,50,0.98,1.1011,952,0
SPY190805P291,2019-08-02,2019-08-02 09:43:39,0.99,1.1123,18,0.97,1.0898,194,1.02,1.146,50,0.98,1.1011,952,0
SPY190805P291,2019-08-02,2019-08-02 09:43:40,1.01,1.1348,241,0.98,1.1011,37,1.02,1.146,50,0.995,1.1179,952,0
SPY190805P291,2019-08-02,2019-08-02 09:43:40,0.99,1.1123,6,0.97,1.0898,194,1.02,1.146,50,0.98,1.1011,952,0
SPY190805P291,2019-08-02,2019-08-02 09:43:41,1.01,1.1348,6,0.99,1.1123,6,1.02,1.146,50,1.0,1.1235,952,0
SPY190805P291,2019-08-02,2019-08-02 09:43:42,1.01,1.1348,6,0.99,1.1123,86,1.02,1.146,50,1.0,1.1235,952,0
SPY190805P291,2019-08-02,2019-08-02 09:43:43,1.01,1.1348,18,0.97,1.0898,77,1.02,1.146,50,0.99,1.1123,952,0
SPY190805P291,2019-08-02,2019-08-02 09:43:44,0.99,1.1123,6,0.98,1.1011,37,1.02,1.146,50,0.985,1.1067,952,0
SPY190805P291,2019-08-02,2019-08-02 09:43:44,1.0,1.1235,214,0.97,1.0898,85,1.02,1.146,50,0.985,1.1067,952,0
SPY190805P291,2019-08-02,2019-08-02 09:43:45,0.99,1.1123,6,0.97,1.0898,112,1.02,1.146,50,0.98,1.1011,952,0
SPY190805P291,2019-08-02,2019-08-02 09:43:46,0.99,1.1123,6,0.97,1.0898,63,1.02,1.146,50,0.98,1.1011,952,0
SPY190805P291,2019-08-02,2019-08-02 09:43:47,0.99,1.1123,184,0.97,1.0898,87,1.02,1.146,50,0.98,1.1011,952,0
SPY190805P291,2019-08-02,2019-08-02 09:43:47,0.99,1.1123,6,0.98,1.1011,69,1.02,1.146,50,0.985,1.1067,952,0
SPY190805P291,2019-08-02,2019-08-02 09:43:48,1.0,1.1235,240,0.98,1.1011,79,1.02,1.146,50,0.99,1.1123,952,0
SPY190805P291,2019-08-02,2019-08-02 09:43:49,1.0,1.1235,245,0.98,1.1011,47,1.02,1.146,50,0.99,1.1123,952,0
SPY190805P291,2019-08-02,2019-08-02 09:43:49,1.0,1.1235,245,0.98,1.1011,5,1.02,1.146,50,0.99,1.1123,952,0
SPY190805P291,2019-08-02,2019-08-02 09:43:50,0.99,1.1123,6,0.97,1.0898,100,1.02,1.146,50,0.98,1.1011,952,0
SPY190805P291,2019-08-02,2019-08-02 09:43:50,1.0,1.1235,245,0.97,1.0898,153,1.02,1.146,50,0.985,1.1067,952,0
SPY190805P291,2019-08-02,2019-08-02 09:43:51,0.99,1.1123,6,0.96,1.0786,85,1.02,1.146,50,0.975,1.0955,952,0
SPY190805P291,2019-08-02,2019-08-02 09:43:52,0.99,1.1123,184,0.97,1.0898,37,1.02,1.146,50,0.98,1.1011,952,0
SPY190805P291,2019-08-02,2019-08-02 09:43:53,1.0,1.1235,295,0.97,1.0898,141,1.02,1.146,50,0.985,1.1067,952,0
SPY190805P291,2019-08-02,2019-08-02 09:43:54,1.0,1.1235,222,0.98,1.1011,6,1.02,1.146,50,0.99,1.1123,952,0
SPY190805P291,2019-08-02,2019-08-02 09:43:54,1.0,1.1235,222,0.98,1.1011,84,1.02,1.146,50,0.99,1.1123,952,0
SPY190805P291,2019-08-02,2019-08-02 09:43:55,0.99,1.1123,102,0.97,1.0898,6,1.02,1.146,50,0.98,1.1011,952,0
SPY190805P291,2019-08-02,2019-08-02 09:43:56,0.99,1.1123,102,0.97,1.0898,100,1.02,1.146,50,0.98,1.1011,952,0
SPY190805P291,2019-08-02,2019-08-02 09:43:57,1.0,1.1235,18,0.99,1.1123,6,1.02,1.146,50,0.995,1.1179,952,0
SPY190805P291,2019-08-02,2019-08-02 09:43:58,1.01,1.1348,204,0.99,1.1123,6,1.02,1.146,50,1.0,1.1235,952,0
SPY190805P291,2019-08-02,2019-08-02 09:43:59,1.02,1.146,18,1.01,1.1348,6,1.02,1.146,50,1.015,1.1404,952,0
SPY190805P291,2019-08-02,2019-08-02 09:44:00,1.03,1.1573,184,1.0,1.1235,6,1.02,1.146,50,1.015,1.1404,952,0
SPY190805P291,2019-08-02,2019-08-02 09:44:00,1.03,1.1573,18,1.01,1.1348,100,1.02,1.146,50,1.02,1.146,952,0
SPY190805P291,2019-08-02,2019-08-02 09:44:01,1.03,1.1573,220,1.01,1.1348,6,1.02,1.146,50,1.02,1.146,952,0
SPY190805P291,2019-08-02,2019-08-02 09:44:02,1.02,1.146,87,1.01,1.1348,6,1.02,1.146,50,1.015,1.1404,952,0
SPY190805P291,2019-08-02,2019-08-02 09:44:02,1.02,1.146,93,1.0,1.1235,6,1.02,1.146,50,1.01,1.1348,952,0
SPY190805P291,2019-08-02,2019-08-02 09:44:03,1.02,1.146,91,1.01,1.1348,6,1.02,1.146,50,1.015,1.1404,952,0
SPY190805P291,2019-08-02,2019-08-02 09:44:04,1.02,1.146,18,1.01,1.1348,6,1.02,1.146,50,1.015,1.1404,952,0
SPY190805P291,2019-08-02,2019-08-02 09:44:05,1.01,1.1348,5,0.99,1.1123,214,1.02,1.146,50,1.0,1.1235,952,0
SPY190805P291,2019-08-02,2019-08-02 09:44:05,1.01,1.1348,5,0.99,1.1123,154,1.02,1.146,50,1.0,1.1235,952,0
SPY190805P291,2019-08-02,2019-08-02 09:44:06,1.0,1.1235,15,0.98,1.1011,83,1.02,1.146,50,0.99,1.1123,952,0
SPY190805P291,2019-08-02,2019-08-02 09:44:07,1.0,1.1235,59,0.98,1.1011,100,1.02,1.146,50,0.99,1.1123,952,0
SPY190805P291,2019-08-02,2019-08-02 09:44:07,1.0,1.1235,184,0.98,1.1011,55,1.02,1.146,50,0.99,1.1123,952,0
SPY190805P291,2019-08-02,2019-08-02 09:44:08,1.01,1.1348,222,0.99,1.1123,6,1.02,1.146,50,1.0,1.1235,952,0
SPY190805P291,2019-08-02,2019-08-02 09:44:09,1.01,1.1348,223,0.99,1.1123,6,1.02,1.146,50,1.0,1.1235,952,0
SPY190805P291,2019-08-02,2019-08-02 09:44:10,1.01,1.1348,232,0.99,1.1123,8,1.02,1.146,50,1.0,1.1235,952,0
SPY190805P291,2019-08-02,2019-08-02 09:44:10,1.01,1.1348,379,0.99,1.1123,6,1.02,1.146,50,1.0,1.1235,952,0
SPY190805P291,2019-08-02,2019-08-02 09:44:11,1.01,1.1348,184,0.99,1.1123,168,1.02,1.146,50,1.0,1.1235,952,0
SPY190805P291,2019-08-02,2019-08-02 09:44:12,1.02,1.146,228,1.0,1.1235,6,1.02,1.146,50,1.01,1.1348,952,0
SPY190805P291,2019-08-02,2019-08-02 09:44:12,1.01,1.1348,9,1.0,1.1235,6,1.02,1.146,50,1.005,1.1292,952,0
SPY190805P291,2019-08-02,2019-08-02 09:44:13,1.02,1.146,184,1.0,1.1235,114,1.02,1.146,50,1.01,1.1348,952,0
SPY190805P291,2019-08-02,2019-08-02 09:44:13,1.01,1.1348,9,1.0,1.1235,6,1.02,1.146,50,1.005,1.1292,952,0
SPY190805P291,2019-08-02,2019-08-02 09:44:14,1.0,1.1235,9,0.99,1.1123,6,1.02,1.146,50,0.995,1.1179,952,0
SPY190805P291,2019-08-02,2019-08-02 09:44:15,1.01,1.1348,287,0.99,1.1123,6,1.02,1.146,50,1.0,1.1235,952,0
SPY190805P291,2019-08-02,2019-08-02 09:44:16,1.0,1.1235,31,0.99,1.1123,6,0.99,1.1123,10,0.995,1.1179,962,0
SPY190805P291,2019-08-02,2019-08-02 09:44:16,1.01,1.1348,195,0.98,1.1011,37,0.99,1.1123,10,0.995,1.1179,962,10
SPY190805P291,2019-08-02,2019-08-02 09:44:17,1.0,1.1235,26,0.99,1.1123,37,0.99,1.1123,10,0.995,1.1179,962,0
SPY190805P291,2019-08-02,2019-08-02 09:44:18,1.01,1.1348,184,0.99,1.1123,37,0.99,1.1123,10,1.0,1.1235,962,0
SPY190805P291,2019-08-02,2019-08-02 09:44:18,1.0,1.1235,10,0.99,1.1123,6,0.99,1.1123,10,0.995,1.1179,962,0
SPY190805P291,2019-08-02,2019-08-02 09:44:19,1.02,1.146,428,0.99,1.1123,37,0.99,1.1123,10,1.005,1.1292,962,0
SPY190805P291,2019-08-02,2019-08-02 09:44:20,1.02,1.146,428,0.99,1.1123,37,0.99,1.1123,10,1.005,1.1292,962,0
SPY190805P291,2019-08-02,2019-08-02 09:44:20,1.01,1.1348,56,1.0,1.1235,6,0.99,1.1123,10,1.005,1.1292,962,0
SPY190805P291,2019-08-02,2019-08-02 09:44:21,1.01,1.1348,61,1.0,1.1235,6,0.99,1.1123,10,1.005,1.1292,962,0
SPY190805P291,2019-08-02,2019-08-02 09:44:22,1.02,1.146,227,1.01,1.1348,6,0.99,1.1123,10,1.015,1.1404,962,0
SPY190805P291,2019-08-02,2019-08-02 09:44:22,1.02,1.146,313,1.0,1.1235,6,0.99,1.1123,10,1.01,1.1348,962,0
SPY190805P291,2019-08-02,2019-08-02 09:44:23,1.01,1.1348,6,1.0,1.1235,6,0.99,1.1123,10,1.005,1.1292,962,0
SPY190805P291,2019-08-02,2019-08-02 09:44:23,1.02,1.146,398,1.0,1.1235,6,0.99,1.1123,10,1.01,1.1348,962,0
SPY190805P291,2019-08-02,2019-08-02 09:44:24,1.02,1.146,69,1.0,1.1235,73,0.99,1.1123,10,1.01,1.1348,962,0
SPY190805P291,2019-08-02,2019-08-02 09:44:25,1.02,1.146,341,1.0,1.1235,81,0.99,1.1123,10,1.01,1.1348,962,0
SPY190805P291,2019-08-02,2019-08-02 09:44:26,1.02,1.146,341,1.0,1.1235,81,0.99,1.1123,10,1.01,1.1348,962,0
SPY190805P291,2019-08-02,2019-08-02 09:44:26,1.02,1.146,69,1.0,1.1235,63,0.99,1.1123,10,1.01,1.1348,962,0
SPY190805P291,2019-08-02,2019-08-02 09:44:27,1.01,1.1348,6,1.0,1.1235,100,0.99,1.1123,10,1.005,1.1292,962,0
SPY190805P291,2019-08-02,2019-08-02 09:44:27,1.02,1.146,6,1.0,1.1235,63,0.99,1.1123,10,1.01,1.1348,962,0
SPY190805P291,2019-08-02,2019-08-02 09:44:28,1.01,1.1348,6,0.99,1.1123,37,0.99,1.1123,10,1.0,1.1235,962,0
SPY190805P291,2019-08-02,2019-08-02 09:44:29,1.02,1.146,669,1.0,1.1235,81,0.99,1.1123,10,1.01,1.1348,962,0
SPY190805P291,2019-08-02,2019-08-02 09:44:29,1.01,1.1348,11,0.99,1.1123,37,0.99,1.1123,10,1.0,1.1235,962,0
SPY190805P291,2019-08-02,2019-08-02 09:44:30,1.02,1.146,241,1.01,1.1348,6,0.99,1.1123,10,1.015,1.1404,962,0
SPY190805P291,2019-08-02,2019-08-02 09:44:31,1.02,1.146,10,1.01,1.1348,6,0.99,1.1123,10,1.015,1.1404,962,0
SPY190805P291,2019-08-02,2019-08-02 09:44:31,1.03,1.1573,93,1.01,1.1348,6,0.99,1.1123,10,1.02,1.146,962,0
SPY190805P291,2019-08-02,2019-08-02 09:44:32,1.05,1.1797,247,1.02,1.146,137,0.99,1.1123,10,1.035,1.1629,962,0
SPY190805P291,2019-08-02,2019-08-02 09:44:33,1.05,1.1797,307,1.03,1.1573,127,0.99,1.1123,10,1.04,1.1685,962,0
SPY190805P291,2019-08-02,2019-08-02 09:44:33,1.04,1.1685,87,1.03,1.1573,127,0.99,1.1123,10,1.035,1.1629,962,0
SPY190805P291,2019-08-02,2019-08-02 09:44:34,1.05,1.1797,272,1.03,1.1573,127,0.99,1.1123,10,1.04,1.1685,962,0
SPY190805P291,2019-08-02,2019-08-02 09:44:35,1.05,1.1797,328,1.03,1.1573,127,0.99,1.1123,10,1.04,1.1685,962,0
SPY190805P291,2019-08-02,2019-08-02 09:44:35,1.05,1.1797,272,1.03,1.1573,127,0.99,1.1123,10,1.04,1.1685,962,0
SPY190805P291,2019-08-02,2019-08-02 09:44:36,1.05,1.1797,184,1.04,1.1685,65,0.99,1.1123,10,1.045,1.1741,962,0
SPY190805P291,2019-08-02,2019-08-02 09:44:36,1.05,1.1797,184,1.03,1.1573,185,0.99,1.1123,10,1.04,1.1685,962,0
SPY190805P291,2019-08-02,2019-08-02 09:44:37,1.05,1.1797,184,1.03,1.1573,154,0.99,1.1123,10,1.04,1.1685,962,0
SPY190805P291,2019-08-02,2019-08-02 09:44:38,1.06,1.191,275,1.04,1.1685,122,1.05,1.1797,1,1.05,1.1797,963,1
SPY190805P291,2019-08-02,2019-08-02 09:44:39,1.05,1.1797,235,1.03,1.1573,100,1.05,1.1797,39,1.04,1.1685,1165,202
SPY190805P291,2019-08-02,2019-08-02 09:44:40,1.05,1.1797,184,1.03,1.1573,100,1.06,1.191,6,1.04,1.1685,1263,98
SPY190805P291,2019-08-02,2019-08-02 09:44:41,1.04,1.1685,225,1.03,1.1573,6,1.06,1.191,6,1.035,1.1629,1263,0
SPY190805P291,2019-08-02,2019-08-02 09:44:41,1.04,1.1685,233,1.03,1.1573,6,1.06,1.191,6,1.035,1.1629,1263,0
SPY190805P291,2019-08-02,2019-08-02 09:44:42,1.02,1.146,184,1.01,1.1348,112,1.06,1.191,6,1.015,1.1404,1263,0
SPY190805P291,2019-08-02,2019-08-02 09:44:43,1.02,1.146,184,1.01,1.1348,2,1.06,1.191,6,1.015,1.1404,1263,0
SPY190805P291,2019-08-02,2019-08-02 09:44:43,1.02,1.146,227,1.01,1.1348,8,1.06,1.191,6,1.015,1.1404,1263,0
SPY190805P291,2019-08-02,2019-08-02 09:44:44,1.02,1.146,22,1.01,1.1348,8,1.06,1.191,6,1.015,1.1404,1263,0
SPY190805P291,2019-08-02,2019-08-02 09:44:44,1.02,1.146,227,1.01,1.1348,8,1.06,1.191,6,1.015,1.1404,1263,0
SPY190805P291,2019-08-02,2019-08-02 09:44:45,1.02,1.146,227,1.01,1.1348,8,1.06,1.191,6,1.015,1.1404,1263,0
SPY190805P291,2019-08-02,2019-08-02 09:44:46,1.02,1.146,227,1.01,1.1348,8,1.06,1.191,6,1.015,1.1404,1263,0
SPY190805P291,2019-08-02,2019-08-02 09:44:47,1.02,1.146,227,1.01,1.1348,2,1.06,1.191,6,1.015,1.1404,1263,0
SPY190805P291,2019-08-02,2019-08-02 09:44:47,1.02,1.146,153,1.01,1.1348,8,1.06,1.191,6,1.015,1.1404,1263,0
SPY190805P291,2019-08-02,2019-08-02 09:44:48,1.02,1.146,227,1.01,1.1348,67,1.06,1.191,6,1.015,1.1404,1263,0
SPY190805P291,2019-08-02,2019-08-02 09:44:48,1.02,1.146,176,1.01,1.1348,18,1.06,1.191,6,1.015,1.1404,1263,0
SPY190805P291,2019-08-02,2019-08-02 09:44:49,1.03,1.1573,184,1.02,1.146,41,1.06,1.191,6,1.025,1.1516,1263,0
SPY190805P291,2019-08-02,2019-08-02 09:44:50,1.04,1.1685,116,1.03,1.1573,37,1.06,1.191,6,1.035,1.1629,1263,0
SPY190805P291,2019-08-02,2019-08-02 09:44:50,1.03,1.1573,184,1.02,1.146,139,1.06,1.191,6,1.025,1.1516,1263,0
SPY190805P291,2019-08-02,2019-08-02 09:44:51,1.04,1.1685,116,1.03,1.1573,142,1.06,1.191,6,1.035,1.1629,1263,0
SPY190805P291,2019-08-02,2019-08-02 09:44:52,1.04,1.1685,116,1.03,1.1573,142,1.06,1.191,6,1.035,1.1629,1263,0
SPY190805P291,2019-08-02,2019-08-02 09:44:53,1.03,1.1573,152,1.02,1.146,137,1.06,1.191,6,1.025,1.1516,1263,0
SPY190805P291,2019-08-02,2019-08-02 09:44:54,1.03,1.1573,199,1.01,1.1348,39,1.06,1.191,6,1.02,1.146,1263,0
SPY190805P291,2019-08-02,2019-08-02 09:44:55,1.02,1.146,227,1.01,1.1348,8,1.02,1.146,81,1.015,1.1404,1363,100
SPY190805P291,2019-08-02,2019-08-02 09:44:56,1.02,1.146,227,1.01,1.1348,8,1.02,1.146,81,1.015,1.1404,1363,0
SPY190805P291,2019-08-02,2019-08-02 09:44:57,1.05,1.1797,269,1.02,1.146,134,1.02,1.146,81,1.035,1.1629,1363,0
SPY190805P291,2019-08-02,2019-08-02 09:44:57,1.04,1.1685,232,1.02,1.146,6,1.02,1.146,81,1.03,1.1573,1363,0
SPY190805P291,2019-08-02,2019-08-02 09:44:58,1.04,1.1685,184,1.03,1.1573,41,1.02,1.146,81,1.035,1.1629,1363,0
SPY190805P291,2019-08-02,2019-08-02 09:44:59,1.02,1.146,12,1.01,1.1348,2,1.02,1.146,81,1.015,1.1404,1363,0
SPY190805P291,2019-08-02,2019-08-02 09:45:00,1.04,1.1685,184,1.02,1.146,190,1.01,1.1348,2,1.03,1.1573,1365,0
SPY190805P291,2019-08-02,2019-08-02 09:45:00,1.01,1.1348,1,1.0,1.1235,85,1.01,1.1348,2,1.005,1.1292,1365,2
SPY190805P291,2019-08-02,2019-08-02 09:45:01,1.04,1.1685,184,1.02,1.146,122,1.01,1.1348,2,1.03,1.1573,1365,0
SPY190805P291,2019-08-02,2019-08-02 09:45:01,1.04,1.1685,184,1.02,1.146,174,1.01,1.1348,2,1.03,1.1573,1365,0
SPY190805P291,2019-08-02,2019-08-02 09:45:02,1.04,1.1685,184,1.02,1.146,173,1.01,1.1348,2,1.03,1.1573,1365,0
SPY190805P291,2019-08-02,2019-08-02 09:45:03,1.03,1.1573,97,1.02,1.146,6,1.01,1.1348,2,1.025,1.1516,1365,0
SPY190805P291,2019-08-02,2019-08-02 09:45:05,1.05,1.1797,225,1.03,1.1573,113,1.01,1.1348,2,1.04,1.1685,1365,0
SPY190805P291,2019-08-02,2019-08-02 09:45:05,1.05,1.1797,87,1.04,1.1685,131,1.01,1.1348,2,1.045,1.1741,1365,0
SPY190805P291,2019-08-02,2019-08-02 09:45:06,1.05,1.1797,225,1.03,1.1573,113,1.01,1.1348,2,1.04,1.1685,1365,0
SPY190805P291,2019-08-02,2019-08-02 09:45:07,1.05,1.1797,225,1.04,1.1685,5,1.01,1.1348,2,1.045,1.1741,1365,0
SPY190805P291,2019-08-02,2019-08-02 09:45:07,1.05,1.1797,87,1.04,1.1685,6,1.01,1.1348,2,1.045,1.1741,1365,0
SPY190805P291,2019-08-02,2019-08-02 09:45:08,1.05,1.1797,225,1.03,1.1573,137,1.01,1.1348,2,1.04,1.1685,1365,0
SPY190805P291,2019-08-02,2019-08-02 09:45:09,1.06,1.191,208,1.04,1.1685,120,1.01,1.1348,2,1.05,1.1797,1365,0
SPY190805P291,2019-08-02,2019-08-02 09:45:10,1.06,1.191,168,1.04,1.1685,175,1.01,1.1348,2,1.05,1.1797,1365,0
SPY190805P291,2019-08-02,2019-08-02 09:45:10,1.06,1.191,184,1.04,1.1685,165,1.01,1.1348,2,1.05,1.1797,1365,0
SPY190805P291,2019-08-02,2019-08-02 09:45:11,1.07,1.2022,225,1.05,1.1797,6,1.07,1.2022,12,1.06,1.191,1405,40
SPY190805P291,2019-08-02,2019-08-02 09:45:12,1.07,1.2022,225,1.05,1.1797,185,1.07,1.2022,1,1.06,1.191,1415,0
SPY190805P291,2019-08-02,2019-08-02 09:45:12,1.07,1.2022,225,1.05,1.1797,6,1.07,1.2022,1,1.06,1.191,1415,10
SPY190805P291,2019-08-02,2019-08-02 09:45:13,1.08,1.2134,181,1.07,1.2022,177,1.07,1.2022,1,1.075,1.2078,1415,0
SPY190805P291,2019-08-02,2019-08-02 09:45:13,1.08,1.2134,152,1.06,1.191,185,1.07,1.2022,1,1.07,1.2022,1415,0
