symbol,Date,quote_time,ask_price,norm_ask_price,ask_size,bid_price,norm_bid_price,bid_size,last_trade_price,norm_last_trade_price,last_trade_size,mark_price,norm_mark_price,volume,Volume
SPY190726P301,2019-07-25,2019-07-25 09:30:00,0.83,1.0,200,0.74,0.8915,1045,0.83,1.0,200,0.785,0.9457,203,203
SPY190726P301,2019-07-25,2019-07-25 09:30:14,0.82,0.9879,185,0.8,0.9638,106,0.8,0.9638,1,0.81,0.9759,528,325
SPY190726P301,2019-07-25,2019-07-25 09:30:17,0.82,0.9879,5,0.81,0.9759,45,0.81,0.9759,1,0.815,0.9819,529,1
SPY190726P301,2019-07-25,2019-07-25 09:30:18,0.82,0.9879,5,0.81,0.9759,12,0.81,0.9759,1,0.815,0.9819,529,0
SPY190726P301,2019-07-25,2019-07-25 09:30:22,0.82,0.9879,25,0.81,0.9759,1,0.82,0.9879,5,0.815,0.9819,539,10
SPY190726P301,2019-07-25,2019-07-25 09:30:26,0.85,1.024,268,0.82,0.9879,105,0.83,1.0,1,0.835,1.006,540,1
SPY190726P301,2019-07-25,2019-07-25 09:30:28,0.83,1.0,121,0.82,0.9879,10,0.82,0.9879,10,0.825,0.9939,550,10
SPY190726P301,2019-07-25,2019-07-25 09:30:30,0.83,1.0,284,0.82,0.9879,3,0.82,0.9879,10,0.825,0.9939,560,10
SPY190726P301,2019-07-25,2019-07-25 09:30:32,0.83,1.0,25,0.82,0.9879,3,0.82,0.9879,10,0.825,0.9939,560,0
SPY190726P301,2019-07-25,2019-07-25 09:30:33,0.84,1.012,42,0.83,1.0,1,0.82,0.9879,10,0.835,1.006,560,0
SPY190726P301,2019-07-25,2019-07-25 09:30:34,0.83,1.0,2,0.82,0.9879,155,0.83,1.0,1,0.825,0.9939,561,1
SPY190726P301,2019-07-25,2019-07-25 09:30:36,0.85,1.024,142,0.83,1.0,5,0.84,1.012,4,0.84,1.012,567,6
SPY190726P301,2019-07-25,2019-07-25 09:30:38,0.86,1.0361,1,0.85,1.024,143,0.83,1.0,1,0.855,1.0301,573,6
SPY190726P301,2019-07-25,2019-07-25 09:30:40,0.88,1.0602,105,0.86,1.0361,33,0.86,1.0361,1,0.87,1.0481,574,1
SPY190726P301,2019-07-25,2019-07-25 09:30:41,0.87,1.0481,55,0.85,1.024,89,0.86,1.0361,1,0.86,1.0361,574,0
SPY190726P301,2019-07-25,2019-07-25 09:30:43,0.87,1.0481,78,0.85,1.024,55,0.86,1.0361,1,0.86,1.0361,574,0
SPY190726P301,2019-07-25,2019-07-25 09:30:44,0.85,1.024,48,0.84,1.012,5,0.85,1.024,60,0.845,1.018,694,120
SPY190726P301,2019-07-25,2019-07-25 09:30:46,0.85,1.024,67,0.83,1.0,156,0.85,1.024,10,0.84,1.012,714,20
SPY190726P301,2019-07-25,2019-07-25 09:30:48,0.84,1.012,26,0.83,1.0,20,0.84,1.012,1,0.835,1.006,715,1
SPY190726P301,2019-07-25,2019-07-25 09:30:49,0.85,1.024,41,0.83,1.0,79,0.84,1.012,1,0.84,1.012,715,0
SPY190726P301,2019-07-25,2019-07-25 09:30:51,0.85,1.024,1,0.84,1.012,6,0.85,1.024,1,0.845,1.018,716,1
SPY190726P301,2019-07-25,2019-07-25 09:30:53,0.87,1.0481,43,0.86,1.0361,60,0.85,1.024,1,0.865,1.0421,716,0
SPY190726P301,2019-07-25,2019-07-25 09:30:55,0.87,1.0481,40,0.86,1.0361,49,0.88,1.0602,3,0.865,1.0421,720,4
SPY190726P301,2019-07-25,2019-07-25 09:30:56,0.87,1.0481,38,0.86,1.0361,49,0.88,1.0602,3,0.865,1.0421,720,0
SPY190726P301,2019-07-25,2019-07-25 09:30:58,0.88,1.0602,101,0.86,1.0361,49,0.86,1.0361,1,0.87,1.0481,721,1
SPY190726P301,2019-07-25,2019-07-25 09:30:59,0.88,1.0602,11,0.86,1.0361,56,0.86,1.0361,1,0.87,1.0481,721,0
SPY190726P301,2019-07-25,2019-07-25 09:31:01,0.87,1.0481,215,0.87,1.0481,10,0.86,1.0361,49,0.87,1.0481,780,59
SPY190726P301,2019-07-25,2019-07-25 09:31:01,0.88,1.0602,259,0.87,1.0481,10,0.86,1.0361,1,0.875,1.0542,721,0
SPY190726P301,2019-07-25,2019-07-25 09:31:02,0.86,1.0361,25,0.84,1.012,20,0.86,1.0361,49,0.85,1.024,780,0
SPY190726P301,2019-07-25,2019-07-25 09:31:02,0.86,1.0361,79,0.84,1.012,91,0.86,1.0361,49,0.85,1.024,780,0
SPY190726P301,2019-07-25,2019-07-25 09:31:03,0.87,1.0481,101,0.85,1.024,40,0.86,1.0361,49,0.86,1.0361,780,0
SPY190726P301,2019-07-25,2019-07-25 09:31:04,0.86,1.0361,1,0.84,1.012,364,0.86,1.0361,49,0.85,1.024,780,0
SPY190726P301,2019-07-25,2019-07-25 09:31:04,0.86,1.0361,8,0.85,1.024,1,0.86,1.0361,49,0.855,1.0301,780,0
SPY190726P301,2019-07-25,2019-07-25 09:31:05,0.87,1.0481,1,0.86,1.0361,41,0.86,1.0361,49,0.865,1.0421,780,0
SPY190726P301,2019-07-25,2019-07-25 09:31:05,0.88,1.0602,287,0.86,1.0361,40,0.86,1.0361,49,0.87,1.0481,780,0
SPY190726P301,2019-07-25,2019-07-25 09:31:06,0.88,1.0602,120,0.86,1.0361,41,0.86,1.0361,49,0.87,1.0481,780,0
SPY190726P301,2019-07-25,2019-07-25 09:31:07,0.87,1.0481,111,0.85,1.024,41,0.86,1.0361,49,0.86,1.0361,780,0
SPY190726P301,2019-07-25,2019-07-25 09:31:07,0.87,1.0481,1,0.85,1.024,116,0.86,1.0361,49,0.86,1.0361,780,0
SPY190726P301,2019-07-25,2019-07-25 09:31:08,0.86,1.0361,1,0.85,1.024,41,0.86,1.0361,49,0.855,1.0301,780,0
SPY190726P301,2019-07-25,2019-07-25 09:31:08,0.87,1.0481,80,0.85,1.024,76,0.86,1.0361,49,0.86,1.0361,780,0
SPY190726P301,2019-07-25,2019-07-25 09:31:09,0.88,1.0602,161,0.86,1.0361,1,0.86,1.0361,49,0.87,1.0481,780,0
SPY190726P301,2019-07-25,2019-07-25 09:31:09,0.88,1.0602,171,0.86,1.0361,42,0.86,1.0361,49,0.87,1.0481,780,0
SPY190726P301,2019-07-25,2019-07-25 09:31:10,0.88,1.0602,10,0.87,1.0481,122,0.86,1.0361,49,0.875,1.0542,780,0
SPY190726P301,2019-07-25,2019-07-25 09:31:10,0.88,1.0602,14,0.87,1.0481,127,0.88,1.0602,5,0.875,1.0542,785,5
SPY190726P301,2019-07-25,2019-07-25 09:31:11,0.88,1.0602,10,0.87,1.0481,170,0.88,1.0602,5,0.875,1.0542,785,0
SPY190726P301,2019-07-25,2019-07-25 09:31:12,0.88,1.0602,11,0.86,1.0361,299,0.88,1.0602,5,0.87,1.0481,785,0
SPY190726P301,2019-07-25,2019-07-25 09:31:12,0.88,1.0602,10,0.87,1.0481,44,0.88,1.0602,5,0.875,1.0542,785,0
SPY190726P301,2019-07-25,2019-07-25 09:31:13,0.88,1.0602,13,0.87,1.0481,98,0.88,1.0602,2,0.875,1.0542,787,0
SPY190726P301,2019-07-25,2019-07-25 09:31:13,0.88,1.0602,13,0.87,1.0481,44,0.88,1.0602,2,0.875,1.0542,787,2
SPY190726P301,2019-07-25,2019-07-25 09:31:14,0.89,1.0722,51,0.88,1.0602,5,0.88,1.0602,2,0.885,1.0662,797,10
SPY190726P301,2019-07-25,2019-07-25 09:31:14,0.89,1.0722,90,0.88,1.0602,5,0.89,1.0722,12,0.885,1.0662,809,12
SPY190726P301,2019-07-25,2019-07-25 09:31:15,0.89,1.0722,90,0.88,1.0602,5,0.89,1.0722,12,0.885,1.0662,809,0
SPY190726P301,2019-07-25,2019-07-25 09:31:16,0.88,1.0602,110,0.88,1.0602,5,0.88,1.0602,5,0.88,1.0602,814,5
SPY190726P301,2019-07-25,2019-07-25 09:31:17,0.88,1.0602,401,0.86,1.0361,21,0.87,1.0481,60,0.87,1.0481,874,60
SPY190726P301,2019-07-25,2019-07-25 09:31:17,0.88,1.0602,100,0.87,1.0481,60,0.88,1.0602,5,0.875,1.0542,814,0
SPY190726P301,2019-07-25,2019-07-25 09:31:18,0.88,1.0602,156,0.87,1.0481,1,0.87,1.0481,60,0.875,1.0542,874,0
SPY190726P301,2019-07-25,2019-07-25 09:31:18,0.88,1.0602,25,0.87,1.0481,44,0.88,1.0602,20,0.875,1.0542,894,20
SPY190726P301,2019-07-25,2019-07-25 09:31:19,0.89,1.0722,100,0.87,1.0481,45,0.88,1.0602,20,0.88,1.0602,894,0
SPY190726P301,2019-07-25,2019-07-25 09:31:19,0.89,1.0722,69,0.87,1.0481,208,0.89,1.0722,3,0.88,1.0602,897,3
SPY190726P301,2019-07-25,2019-07-25 09:31:20,0.89,1.0722,41,0.88,1.0602,40,0.88,1.0602,1,0.885,1.0662,898,0
SPY190726P301,2019-07-25,2019-07-25 09:31:20,0.89,1.0722,41,0.88,1.0602,79,0.88,1.0602,1,0.885,1.0662,898,1
SPY190726P301,2019-07-25,2019-07-25 09:31:21,0.89,1.0722,41,0.88,1.0602,44,0.88,1.0602,1,0.885,1.0662,898,0
SPY190726P301,2019-07-25,2019-07-25 09:31:22,0.89,1.0722,51,0.88,1.0602,43,0.88,1.0602,4,0.885,1.0662,902,0
SPY190726P301,2019-07-25,2019-07-25 09:31:22,0.89,1.0722,51,0.88,1.0602,43,0.88,1.0602,4,0.885,1.0662,902,4
SPY190726P301,2019-07-25,2019-07-25 09:31:23,0.89,1.0722,41,0.88,1.0602,47,0.88,1.0602,4,0.885,1.0662,902,0
SPY190726P301,2019-07-25,2019-07-25 09:31:24,0.89,1.0722,41,0.88,1.0602,47,0.88,1.0602,4,0.885,1.0662,902,0
SPY190726P301,2019-07-25,2019-07-25 09:31:25,0.89,1.0722,41,0.88,1.0602,47,0.88,1.0602,4,0.885,1.0662,902,0
SPY190726P301,2019-07-25,2019-07-25 09:31:26,0.89,1.0722,40,0.88,1.0602,47,0.89,1.0722,1,0.885,1.0662,903,1
SPY190726P301,2019-07-25,2019-07-25 09:31:26,0.89,1.0722,40,0.88,1.0602,43,0.88,1.0602,10,0.885,1.0662,923,20
SPY190726P301,2019-07-25,2019-07-25 09:31:27,0.89,1.0722,40,0.88,1.0602,43,0.88,1.0602,10,0.885,1.0662,923,0
SPY190726P301,2019-07-25,2019-07-25 09:31:28,0.89,1.0722,40,0.88,1.0602,47,0.88,1.0602,10,0.885,1.0662,923,0
SPY190726P301,2019-07-25,2019-07-25 09:31:28,0.89,1.0722,40,0.88,1.0602,43,0.88,1.0602,10,0.885,1.0662,923,0
SPY190726P301,2019-07-25,2019-07-25 09:31:29,0.89,1.0722,10,0.88,1.0602,52,0.89,1.0722,30,0.885,1.0662,963,30
SPY190726P301,2019-07-25,2019-07-25 09:31:29,0.89,1.0722,30,0.88,1.0602,47,0.89,1.0722,10,0.885,1.0662,933,10
SPY190726P301,2019-07-25,2019-07-25 09:31:30,0.91,1.0963,109,0.9,1.0843,10,0.89,1.0722,2,0.905,1.0903,975,12
SPY190726P301,2019-07-25,2019-07-25 09:31:30,0.91,1.0963,109,0.89,1.0722,81,0.89,1.0722,30,0.9,1.0843,963,0
SPY190726P301,2019-07-25,2019-07-25 09:31:31,0.91,1.0963,109,0.9,1.0843,10,0.89,1.0722,2,0.905,1.0903,975,0
SPY190726P301,2019-07-25,2019-07-25 09:31:32,0.91,1.0963,104,0.9,1.0843,2,0.89,1.0722,2,0.905,1.0903,975,0
SPY190726P301,2019-07-25,2019-07-25 09:31:32,0.91,1.0963,109,0.9,1.0843,10,0.89,1.0722,2,0.905,1.0903,975,0
SPY190726P301,2019-07-25,2019-07-25 09:31:33,0.92,1.1084,100,0.89,1.0722,105,0.89,1.0722,2,0.905,1.0903,975,0
SPY190726P301,2019-07-25,2019-07-25 09:31:33,0.91,1.0963,56,0.89,1.0722,105,0.89,1.0722,2,0.9,1.0843,975,0
SPY190726P301,2019-07-25,2019-07-25 09:31:34,0.92,1.1084,100,0.9,1.0843,48,0.89,1.0722,2,0.91,1.0963,975,0
SPY190726P301,2019-07-25,2019-07-25 09:31:34,0.93,1.1204,110,0.91,1.0963,91,0.89,1.0722,2,0.92,1.1084,975,0
SPY190726P301,2019-07-25,2019-07-25 09:31:35,0.93,1.1204,51,0.91,1.0963,53,0.89,1.0722,2,0.92,1.1084,975,0
SPY190726P301,2019-07-25,2019-07-25 09:31:35,0.93,1.1204,34,0.91,1.0963,91,0.89,1.0722,2,0.92,1.1084,975,0
SPY190726P301,2019-07-25,2019-07-25 09:31:36,0.94,1.1325,110,0.92,1.1084,46,0.94,1.1325,1,0.93,1.1204,976,1
SPY190726P301,2019-07-25,2019-07-25 09:31:37,0.95,1.1445,6,0.92,1.1084,11,0.94,1.1325,1,0.935,1.1265,976,0
SPY190726P301,2019-07-25,2019-07-25 09:31:37,0.95,1.1445,41,0.93,1.1204,83,0.94,1.1325,1,0.94,1.1325,976,0
SPY190726P301,2019-07-25,2019-07-25 09:31:38,0.95,1.1445,43,0.93,1.1204,296,0.94,1.1325,1,0.94,1.1325,976,0
SPY190726P301,2019-07-25,2019-07-25 09:31:38,0.95,1.1445,41,0.93,1.1204,296,0.94,1.1325,1,0.94,1.1325,976,0
SPY190726P301,2019-07-25,2019-07-25 09:31:39,0.95,1.1445,25,0.93,1.1204,10,0.93,1.1204,6,0.94,1.1325,993,7
SPY190726P301,2019-07-25,2019-07-25 09:31:39,0.95,1.1445,41,0.93,1.1204,76,0.95,1.1445,10,0.94,1.1325,986,10
SPY190726P301,2019-07-25,2019-07-25 09:31:40,0.95,1.1445,39,0.94,1.1325,38,0.95,1.1445,5,0.945,1.1385,998,0
SPY190726P301,2019-07-25,2019-07-25 09:31:40,0.95,1.1445,25,0.94,1.1325,38,0.95,1.1445,5,0.945,1.1385,998,5
SPY190726P301,2019-07-25,2019-07-25 09:31:41,0.95,1.1445,39,0.94,1.1325,38,0.95,1.1445,5,0.945,1.1385,998,0
SPY190726P301,2019-07-25,2019-07-25 09:31:41,0.95,1.1445,21,0.93,1.1204,319,0.95,1.1445,5,0.94,1.1325,998,0
SPY190726P301,2019-07-25,2019-07-25 09:31:42,0.95,1.1445,42,0.94,1.1325,40,0.95,1.1445,5,0.945,1.1385,998,0
SPY190726P301,2019-07-25,2019-07-25 09:31:43,0.95,1.1445,11,0.93,1.1204,235,0.95,1.1445,5,0.94,1.1325,998,0
SPY190726P301,2019-07-25,2019-07-25 09:31:43,0.95,1.1445,100,0.93,1.1204,235,0.95,1.1445,5,0.94,1.1325,998,0
SPY190726P301,2019-07-25,2019-07-25 09:31:44,0.95,1.1445,100,0.93,1.1204,324,0.93,1.1204,1,0.94,1.1325,1039,1
SPY190726P301,2019-07-25,2019-07-25 09:31:44,0.95,1.1445,100,0.93,1.1204,324,0.95,1.1445,20,0.94,1.1325,1038,40
SPY190726P301,2019-07-25,2019-07-25 09:31:45,0.94,1.1325,136,0.93,1.1204,324,0.95,1.1445,1,0.935,1.1265,1040,1
SPY190726P301,2019-07-25,2019-07-25 09:31:46,0.93,1.1204,100,0.91,1.0963,36,0.95,1.1445,1,0.92,1.1084,1040,0
SPY190726P301,2019-07-25,2019-07-25 09:31:46,0.93,1.1204,139,0.91,1.0963,30,0.95,1.1445,1,0.92,1.1084,1040,0
SPY190726P301,2019-07-25,2019-07-25 09:31:47,0.94,1.1325,93,0.92,1.1084,131,0.95,1.1445,1,0.93,1.1204,1040,0
SPY190726P301,2019-07-25,2019-07-25 09:31:47,0.94,1.1325,93,0.92,1.1084,77,0.95,1.1445,1,0.93,1.1204,1040,0
SPY190726P301,2019-07-25,2019-07-25 09:31:48,0.93,1.1204,130,0.92,1.1084,30,0.95,1.1445,1,0.925,1.1144,1040,0
SPY190726P301,2019-07-25,2019-07-25 09:31:48,0.94,1.1325,3,0.92,1.1084,96,0.94,1.1325,25,0.93,1.1204,1073,33
SPY190726P301,2019-07-25,2019-07-25 09:31:49,0.94,1.1325,3,0.93,1.1204,59,0.94,1.1325,25,0.935,1.1265,1073,0
SPY190726P301,2019-07-25,2019-07-25 09:31:50,0.96,1.1566,54,0.94,1.1325,138,0.95,1.1445,1,0.95,1.1445,1074,1
SPY190726P301,2019-07-25,2019-07-25 09:31:50,0.96,1.1566,59,0.94,1.1325,96,0.95,1.1445,1,0.95,1.1445,1074,0
SPY190726P301,2019-07-25,2019-07-25 09:31:51,0.95,1.1445,43,0.93,1.1204,73,0.95,1.1445,1,0.94,1.1325,1074,0
SPY190726P301,2019-07-25,2019-07-25 09:31:51,0.95,1.1445,124,0.93,1.1204,105,0.95,1.1445,1,0.94,1.1325,1074,0
SPY190726P301,2019-07-25,2019-07-25 09:31:52,0.96,1.1566,128,0.94,1.1325,60,0.95,1.1445,1,0.95,1.1445,1074,0
SPY190726P301,2019-07-25,2019-07-25 09:31:53,0.95,1.1445,27,0.93,1.1204,122,0.95,1.1445,1,0.94,1.1325,1074,0
SPY190726P301,2019-07-25,2019-07-25 09:31:53,0.95,1.1445,77,0.93,1.1204,67,0.95,1.1445,1,0.94,1.1325,1074,0
SPY190726P301,2019-07-25,2019-07-25 09:31:54,0.95,1.1445,77,0.93,1.1204,67,0.95,1.1445,1,0.94,1.1325,1074,0
SPY190726P301,2019-07-25,2019-07-25 09:31:54,0.95,1.1445,137,0.93,1.1204,73,0.95,1.1445,1,0.94,1.1325,1074,0
SPY190726P301,2019-07-25,2019-07-25 09:31:55,0.95,1.1445,137,0.93,1.1204,67,0.95,1.1445,1,0.94,1.1325,1074,0
SPY190726P301,2019-07-25,2019-07-25 09:31:56,0.95,1.1445,45,0.93,1.1204,97,0.95,1.1445,1,0.94,1.1325,1074,0
SPY190726P301,2019-07-25,2019-07-25 09:31:56,0.95,1.1445,45,0.94,1.1325,60,0.95,1.1445,1,0.945,1.1385,1074,0
SPY190726P301,2019-07-25,2019-07-25 09:31:57,0.93,1.1204,120,0.91,1.0963,83,0.94,1.1325,5,0.92,1.1084,1116,0
SPY190726P301,2019-07-25,2019-07-25 09:31:57,0.94,1.1325,27,0.93,1.1204,2,0.94,1.1325,5,0.935,1.1265,1116,42
SPY190726P301,2019-07-25,2019-07-25 09:31:58,0.92,1.1084,114,0.91,1.0963,83,0.92,1.1084,12,0.915,1.1024,1147,12
SPY190726P301,2019-07-25,2019-07-25 09:31:58,0.92,1.1084,134,0.91,1.0963,83,0.93,1.1204,19,0.915,1.1024,1135,19
SPY190726P301,2019-07-25,2019-07-25 09:31:59,0.92,1.1084,130,0.91,1.0963,83,0.92,1.1084,12,0.915,1.1024,1147,0
SPY190726P301,2019-07-25,2019-07-25 09:32:00,0.92,1.1084,127,0.91,1.0963,1,0.92,1.1084,12,0.915,1.1024,1147,0
SPY190726P301,2019-07-25,2019-07-25 09:32:02,0.9,1.0843,251,0.88,1.0602,6,0.89,1.0722,5,0.89,1.0722,1158,11
SPY190726P301,2019-07-25,2019-07-25 09:32:03,0.87,1.0481,27,0.85,1.024,241,0.87,1.0481,8,0.86,1.0361,1190,9
SPY190726P301,2019-07-25,2019-07-25 09:32:03,0.89,1.0722,124,0.86,1.0361,10,0.89,1.0722,20,0.875,1.0542,1181,23
SPY190726P301,2019-07-25,2019-07-25 09:32:04,0.87,1.0481,60,0.86,1.0361,14,0.87,1.0481,8,0.865,1.0421,1190,0
SPY190726P301,2019-07-25,2019-07-25 09:32:04,0.87,1.0481,28,0.86,1.0361,14,0.87,1.0481,8,0.865,1.0421,1190,0
SPY190726P301,2019-07-25,2019-07-25 09:32:05,0.87,1.0481,10,0.86,1.0361,10,0.86,1.0361,10,0.865,1.0421,1200,10
SPY190726P301,2019-07-25,2019-07-25 09:32:06,0.85,1.024,27,0.84,1.012,71,0.86,1.0361,10,0.845,1.018,1200,0
SPY190726P301,2019-07-25,2019-07-25 09:32:07,0.85,1.024,27,0.84,1.012,55,0.86,1.0361,10,0.845,1.018,1200,0
SPY190726P301,2019-07-25,2019-07-25 09:32:08,0.87,1.0481,81,0.85,1.024,127,0.86,1.0361,10,0.86,1.0361,1200,0
SPY190726P301,2019-07-25,2019-07-25 09:32:08,0.87,1.0481,27,0.85,1.024,147,0.86,1.0361,10,0.86,1.0361,1200,0
SPY190726P301,2019-07-25,2019-07-25 09:32:09,0.87,1.0481,72,0.85,1.024,218,0.86,1.0361,10,0.86,1.0361,1200,0
SPY190726P301,2019-07-25,2019-07-25 09:32:10,0.87,1.0481,72,0.86,1.0361,103,0.86,1.0361,10,0.865,1.0421,1200,0
SPY190726P301,2019-07-25,2019-07-25 09:32:11,0.87,1.0481,124,0.85,1.024,127,0.86,1.0361,10,0.86,1.0361,1200,0
SPY190726P301,2019-07-25,2019-07-25 09:32:12,0.87,1.0481,14,0.86,1.0361,27,0.86,1.0361,10,0.865,1.0421,1200,0
SPY190726P301,2019-07-25,2019-07-25 09:32:12,0.87,1.0481,99,0.85,1.024,127,0.86,1.0361,10,0.86,1.0361,1200,0
SPY190726P301,2019-07-25,2019-07-25 09:32:15,0.88,1.0602,126,0.86,1.0361,125,0.86,1.0361,1,0.87,1.0481,1201,1
SPY190726P301,2019-07-25,2019-07-25 09:32:15,0.88,1.0602,126,0.86,1.0361,278,0.86,1.0361,1,0.87,1.0481,1201,0
SPY190726P301,2019-07-25,2019-07-25 09:32:16,0.88,1.0602,126,0.86,1.0361,278,0.86,1.0361,1,0.87,1.0481,1201,0
SPY190726P301,2019-07-25,2019-07-25 09:32:17,0.88,1.0602,37,0.87,1.0481,7,0.86,1.0361,1,0.875,1.0542,1201,0
SPY190726P301,2019-07-25,2019-07-25 09:32:17,0.88,1.0602,126,0.86,1.0361,152,0.86,1.0361,1,0.87,1.0481,1201,0
SPY190726P301,2019-07-25,2019-07-25 09:32:18,0.88,1.0602,37,0.87,1.0481,27,0.87,1.0481,10,0.875,1.0542,1211,10
SPY190726P301,2019-07-25,2019-07-25 09:32:18,0.9,1.0843,1,0.88,1.0602,13,0.88,1.0602,10,0.89,1.0722,1221,10
SPY190726P301,2019-07-25,2019-07-25 09:32:19,0.91,1.0963,137,0.89,1.0722,97,0.91,1.0963,1,0.9,1.0843,1222,1
SPY190726P301,2019-07-25,2019-07-25 09:32:19,0.91,1.0963,43,0.9,1.0843,7,0.91,1.0963,10,0.905,1.0903,1232,10
SPY190726P301,2019-07-25,2019-07-25 09:32:20,0.93,1.1204,63,0.91,1.0963,33,0.95,1.1445,2,0.92,1.1084,1234,2
SPY190726P301,2019-07-25,2019-07-25 09:32:21,0.93,1.1204,16,0.91,1.0963,6,0.95,1.1445,2,0.92,1.1084,1234,0
SPY190726P301,2019-07-25,2019-07-25 09:32:21,0.93,1.1204,71,0.9,1.0843,218,0.95,1.1445,2,0.915,1.1024,1234,0
SPY190726P301,2019-07-25,2019-07-25 09:32:22,0.92,1.1084,37,0.9,1.0843,130,0.95,1.1445,2,0.91,1.0963,1234,0
SPY190726P301,2019-07-25,2019-07-25 09:32:22,0.92,1.1084,31,0.9,1.0843,163,0.95,1.1445,2,0.91,1.0963,1234,0
SPY190726P301,2019-07-25,2019-07-25 09:32:23,0.95,1.1445,130,0.93,1.1204,107,0.92,1.1084,5,0.94,1.1325,1239,0
SPY190726P301,2019-07-25,2019-07-25 09:32:23,0.94,1.1325,10,0.93,1.1204,54,0.92,1.1084,5,0.935,1.1265,1239,5
SPY190726P301,2019-07-25,2019-07-25 09:32:24,0.95,1.1445,53,0.93,1.1204,123,0.92,1.1084,5,0.94,1.1325,1239,0
SPY190726P301,2019-07-25,2019-07-25 09:32:25,0.95,1.1445,6,0.94,1.1325,40,0.94,1.1325,5,0.945,1.1385,1244,5
SPY190726P301,2019-07-25,2019-07-25 09:32:25,0.95,1.1445,10,0.94,1.1325,14,0.92,1.1084,5,0.945,1.1385,1239,0
SPY190726P301,2019-07-25,2019-07-25 09:32:26,0.95,1.1445,33,0.94,1.1325,121,0.94,1.1325,5,0.945,1.1385,1244,0
SPY190726P301,2019-07-25,2019-07-25 09:32:27,0.96,1.1566,27,0.94,1.1325,154,0.94,1.1325,5,0.95,1.1445,1244,0
SPY190726P301,2019-07-25,2019-07-25 09:32:27,0.97,1.1686,61,0.94,1.1325,120,0.94,1.1325,5,0.955,1.1506,1244,0
SPY190726P301,2019-07-25,2019-07-25 09:32:28,0.97,1.1686,41,0.95,1.1445,20,0.95,1.1445,3,0.96,1.1566,1247,3
SPY190726P301,2019-07-25,2019-07-25 09:32:29,0.98,1.1807,72,0.96,1.1566,71,0.95,1.1445,3,0.97,1.1686,1247,0
SPY190726P301,2019-07-25,2019-07-25 09:32:29,0.98,1.1807,72,0.96,1.1566,99,0.95,1.1445,3,0.97,1.1686,1247,0
SPY190726P301,2019-07-25,2019-07-25 09:32:30,0.98,1.1807,41,0.96,1.1566,113,0.95,1.1445,3,0.97,1.1686,1247,0
SPY190726P301,2019-07-25,2019-07-25 09:32:31,0.97,1.1686,25,0.95,1.1445,6,0.95,1.1445,3,0.96,1.1566,1247,0
SPY190726P301,2019-07-25,2019-07-25 09:32:31,0.98,1.1807,114,0.96,1.1566,65,0.95,1.1445,3,0.97,1.1686,1247,0
SPY190726P301,2019-07-25,2019-07-25 09:32:32,0.98,1.1807,114,0.96,1.1566,85,0.95,1.1445,3,0.97,1.1686,1247,0
SPY190726P301,2019-07-25,2019-07-25 09:32:33,0.98,1.1807,114,0.96,1.1566,85,0.96,1.1566,2,0.97,1.1686,1253,6
SPY190726P301,2019-07-25,2019-07-25 09:32:34,0.98,1.1807,16,0.96,1.1566,6,0.96,1.1566,2,0.97,1.1686,1253,0
SPY190726P301,2019-07-25,2019-07-25 09:32:35,0.98,1.1807,127,0.96,1.1566,71,0.96,1.1566,2,0.97,1.1686,1253,0
SPY190726P301,2019-07-25,2019-07-25 09:32:36,1.0,1.2048,178,0.98,1.1807,121,0.96,1.1566,2,0.99,1.1927,1253,0
SPY190726P301,2019-07-25,2019-07-25 09:32:37,1.0,1.2048,178,0.99,1.1927,60,0.99,1.1927,6,0.995,1.1987,1259,6
SPY190726P301,2019-07-25,2019-07-25 09:32:38,1.0,1.2048,50,0.99,1.1927,60,1.0,1.2048,2,0.995,1.1987,1261,2
SPY190726P301,2019-07-25,2019-07-25 09:32:40,0.99,1.1927,22,0.98,1.1807,5,1.0,1.2048,2,0.985,1.1867,1261,0
SPY190726P301,2019-07-25,2019-07-25 09:32:40,0.99,1.1927,105,0.98,1.1807,5,1.0,1.2048,2,0.985,1.1867,1261,0
SPY190726P301,2019-07-25,2019-07-25 09:32:42,0.99,1.1927,93,0.98,1.1807,5,0.99,1.1927,60,0.985,1.1867,1324,63
SPY190726P301,2019-07-25,2019-07-25 09:32:43,1.0,1.2048,50,0.98,1.1807,30,0.99,1.1927,29,0.99,1.1927,1356,32
SPY190726P301,2019-07-25,2019-07-25 09:32:44,1.0,1.2048,50,0.98,1.1807,142,0.99,1.1927,29,0.99,1.1927,1356,0
SPY190726P301,2019-07-25,2019-07-25 09:32:45,1.01,1.2168,57,0.99,1.1927,91,1.0,1.2048,3,1.0,1.2048,1415,59
SPY190726P301,2019-07-25,2019-07-25 09:32:45,1.01,1.2168,70,0.99,1.1927,97,1.0,1.2048,3,1.0,1.2048,1415,0
SPY190726P301,2019-07-25,2019-07-25 09:32:46,1.01,1.2168,70,0.99,1.1927,60,1.0,1.2048,3,1.0,1.2048,1415,0
SPY190726P301,2019-07-25,2019-07-25 09:32:47,1.01,1.2168,1,1.0,1.2048,40,1.0,1.2048,3,1.005,1.2108,1415,0
SPY190726P301,2019-07-25,2019-07-25 09:32:47,1.01,1.2168,27,1.0,1.2048,40,1.0,1.2048,3,1.005,1.2108,1415,0
SPY190726P301,2019-07-25,2019-07-25 09:32:48,1.01,1.2168,1,1.0,1.2048,63,1.0,1.2048,2,1.005,1.2108,1417,2
SPY190726P301,2019-07-25,2019-07-25 09:32:49,1.01,1.2168,1,1.0,1.2048,69,1.0,1.2048,2,1.005,1.2108,1417,0
SPY190726P301,2019-07-25,2019-07-25 09:32:50,1.01,1.2168,1,1.0,1.2048,79,1.0,1.2048,2,1.005,1.2108,1417,0
SPY190726P301,2019-07-25,2019-07-25 09:32:51,1.01,1.2168,1,1.0,1.2048,110,1.01,1.2168,1,1.005,1.2108,1418,1
SPY190726P301,2019-07-25,2019-07-25 09:32:51,1.04,1.253,116,1.01,1.2168,157,1.01,1.2168,1,1.025,1.2349,1425,7
SPY190726P301,2019-07-25,2019-07-25 09:32:52,1.04,1.253,116,1.01,1.2168,157,1.01,1.2168,1,1.025,1.2349,1425,0
SPY190726P301,2019-07-25,2019-07-25 09:32:53,1.03,1.2409,10,1.02,1.2289,46,1.02,1.2289,1,1.025,1.2349,1426,1
SPY190726P301,2019-07-25,2019-07-25 09:32:53,1.03,1.2409,37,1.01,1.2168,152,1.01,1.2168,1,1.02,1.2289,1425,0
SPY190726P301,2019-07-25,2019-07-25 09:32:54,1.04,1.253,33,1.02,1.2289,46,1.02,1.2289,1,1.03,1.2409,1426,0
SPY190726P301,2019-07-25,2019-07-25 09:32:55,1.04,1.253,43,1.02,1.2289,46,1.02,1.2289,1,1.03,1.2409,1426,0
SPY190726P301,2019-07-25,2019-07-25 09:32:56,1.03,1.2409,33,1.02,1.2289,46,1.02,1.2289,1,1.025,1.2349,1426,0
SPY190726P301,2019-07-25,2019-07-25 09:32:56,1.03,1.2409,37,1.02,1.2289,46,1.02,1.2289,1,1.025,1.2349,1426,0
SPY190726P301,2019-07-25,2019-07-25 09:32:57,1.04,1.253,30,1.02,1.2289,46,1.03,1.2409,1,1.03,1.2409,1477,51
SPY190726P301,2019-07-25,2019-07-25 09:32:57,1.03,1.2409,37,1.02,1.2289,46,1.02,1.2289,1,1.025,1.2349,1426,0
SPY190726P301,2019-07-25,2019-07-25 09:32:58,1.03,1.2409,5,1.02,1.2289,40,1.03,1.2409,1,1.025,1.2349,1477,0
SPY190726P301,2019-07-25,2019-07-25 09:32:58,1.04,1.253,40,1.02,1.2289,46,1.03,1.2409,1,1.03,1.2409,1477,0
SPY190726P301,2019-07-25,2019-07-25 09:32:59,1.04,1.253,122,1.01,1.2168,67,1.03,1.2409,1,1.025,1.2349,1477,0
SPY190726P301,2019-07-25,2019-07-25 09:33:00,1.05,1.265,41,1.03,1.2409,73,1.04,1.253,10,1.04,1.253,1487,0
SPY190726P301,2019-07-25,2019-07-25 09:33:00,1.05,1.265,41,1.04,1.253,1,1.04,1.253,10,1.045,1.259,1487,10
SPY190726P301,2019-07-25,2019-07-25 09:33:01,1.05,1.265,25,1.04,1.253,1,1.04,1.253,1,1.045,1.259,1488,1
SPY190726P301,2019-07-25,2019-07-25 09:33:02,1.06,1.2771,113,1.03,1.2409,48,1.04,1.253,1,1.045,1.259,1489,1
SPY190726P301,2019-07-25,2019-07-25 09:33:02,1.06,1.2771,152,1.03,1.2409,65,1.04,1.253,14,1.045,1.259,1504,15
SPY190726P301,2019-07-25,2019-07-25 09:33:03,1.06,1.2771,176,1.03,1.2409,48,1.04,1.253,14,1.045,1.259,1504,0
SPY190726P301,2019-07-25,2019-07-25 09:33:04,1.04,1.253,121,1.01,1.2168,25,1.04,1.253,14,1.025,1.2349,1504,0
SPY190726P301,2019-07-25,2019-07-25 09:33:04,1.06,1.2771,162,1.03,1.2409,63,1.04,1.253,14,1.045,1.259,1504,0
SPY190726P301,2019-07-25,2019-07-25 09:33:05,1.03,1.2409,33,1.0,1.2048,73,1.04,1.253,14,1.015,1.2228,1504,0
SPY190726P301,2019-07-25,2019-07-25 09:33:05,1.01,1.2168,48,0.98,1.1807,6,1.04,1.253,14,0.995,1.1987,1504,0
SPY190726P301,2019-07-25,2019-07-25 09:33:06,0.99,1.1927,34,0.97,1.1686,117,1.04,1.253,14,0.98,1.1807,1504,0
SPY190726P301,2019-07-25,2019-07-25 09:33:06,1.0,1.2048,8,0.97,1.1686,54,1.04,1.253,14,0.985,1.1867,1504,0
SPY190726P301,2019-07-25,2019-07-25 09:33:07,1.0,1.2048,138,0.97,1.1686,56,0.97,1.1686,2,0.985,1.1867,1514,10
SPY190726P301,2019-07-25,2019-07-25 09:33:08,0.97,1.1686,27,0.95,1.1445,98,0.97,1.1686,1,0.96,1.1566,1515,1
SPY190726P301,2019-07-25,2019-07-25 09:33:08,0.97,1.1686,156,0.95,1.1445,10,0.97,1.1686,1,0.96,1.1566,1515,0
SPY190726P301,2019-07-25,2019-07-25 09:33:09,0.98,1.1807,25,0.95,1.1445,100,0.97,1.1686,1,0.965,1.1626,1515,0
SPY190726P301,2019-07-25,2019-07-25 09:33:09,1.0,1.2048,152,0.97,1.1686,48,0.97,1.1686,1,0.985,1.1867,1515,0
SPY190726P301,2019-07-25,2019-07-25 09:33:10,0.99,1.1927,40,0.96,1.1566,46,0.97,1.1686,1,0.975,1.1746,1515,0
SPY190726P301,2019-07-25,2019-07-25 09:33:10,1.0,1.2048,228,0.97,1.1686,60,0.97,1.1686,1,0.985,1.1867,1515,0
SPY190726P301,2019-07-25,2019-07-25 09:33:11,0.99,1.1927,37,0.96,1.1566,143,0.97,1.1686,1,0.975,1.1746,1515,0
SPY190726P301,2019-07-25,2019-07-25 09:33:12,0.99,1.1927,31,0.97,1.1686,97,0.98,1.1807,20,0.98,1.1807,1535,20
SPY190726P301,2019-07-25,2019-07-25 09:33:12,1.0,1.2048,176,0.97,1.1686,97,0.97,1.1686,1,0.985,1.1867,1515,0
SPY190726P301,2019-07-25,2019-07-25 09:33:13,0.99,1.1927,27,0.97,1.1686,126,0.98,1.1807,20,0.98,1.1807,1535,0
SPY190726P301,2019-07-25,2019-07-25 09:33:14,0.99,1.1927,27,0.97,1.1686,73,0.98,1.1807,20,0.98,1.1807,1535,0
SPY190726P301,2019-07-25,2019-07-25 09:33:14,0.99,1.1927,27,0.97,1.1686,135,0.98,1.1807,20,0.98,1.1807,1535,0
SPY190726P301,2019-07-25,2019-07-25 09:33:15,0.99,1.1927,27,0.97,1.1686,135,0.98,1.1807,20,0.98,1.1807,1535,0
SPY190726P301,2019-07-25,2019-07-25 09:33:16,0.99,1.1927,31,0.97,1.1686,73,0.98,1.1807,20,0.98,1.1807,1535,0
SPY190726P301,2019-07-25,2019-07-25 09:33:16,0.99,1.1927,27,0.97,1.1686,73,0.98,1.1807,20,0.98,1.1807,1535,0
SPY190726P301,2019-07-25,2019-07-25 09:33:17,1.01,1.2168,6,0.99,1.1927,73,0.98,1.1807,20,1.0,1.2048,1535,0
SPY190726P301,2019-07-25,2019-07-25 09:33:17,1.01,1.2168,10,1.0,1.2048,27,0.98,1.1807,20,1.005,1.2108,1535,0
SPY190726P301,2019-07-25,2019-07-25 09:33:18,1.01,1.2168,40,0.97,1.1686,73,0.99,1.1927,1,0.99,1.1927,1536,1
SPY190726P301,2019-07-25,2019-07-25 09:33:19,0.99,1.1927,8,0.97,1.1686,72,0.99,1.1927,1,0.98,1.1807,1536,0
SPY190726P301,2019-07-25,2019-07-25 09:33:19,1.0,1.2048,129,0.97,1.1686,27,0.99,1.1927,1,0.985,1.1867,1536,0
SPY190726P301,2019-07-25,2019-07-25 09:33:20,0.99,1.1927,16,0.97,1.1686,72,0.99,1.1927,1,0.98,1.1807,1536,0
SPY190726P301,2019-07-25,2019-07-25 09:33:20,0.99,1.1927,98,0.97,1.1686,82,0.99,1.1927,1,0.98,1.1807,1536,0
SPY190726P301,2019-07-25,2019-07-25 09:33:21,0.99,1.1927,130,0.96,1.1566,73,0.99,1.1927,1,0.975,1.1746,1536,0
SPY190726P301,2019-07-25,2019-07-25 09:33:21,0.99,1.1927,138,0.96,1.1566,73,0.99,1.1927,1,0.975,1.1746,1536,0
SPY190726P301,2019-07-25,2019-07-25 09:33:22,0.99,1.1927,31,0.96,1.1566,83,0.99,1.1927,1,0.975,1.1746,1536,0
SPY190726P301,2019-07-25,2019-07-25 09:33:22,0.99,1.1927,154,0.97,1.1686,33,0.99,1.1927,1,0.98,1.1807,1536,0
SPY190726P301,2019-07-25,2019-07-25 09:33:23,0.98,1.1807,41,0.95,1.1445,46,0.99,1.1927,1,0.965,1.1626,1536,0
SPY190726P301,2019-07-25,2019-07-25 09:33:24,0.97,1.1686,70,0.95,1.1445,73,0.99,1.1927,1,0.96,1.1566,1536,0
SPY190726P301,2019-07-25,2019-07-25 09:33:25,0.97,1.1686,148,0.95,1.1445,20,0.99,1.1927,1,0.96,1.1566,1536,0
SPY190726P301,2019-07-25,2019-07-25 09:33:25,0.97,1.1686,108,0.95,1.1445,20,0.99,1.1927,1,0.96,1.1566,1536,0
SPY190726P301,2019-07-25,2019-07-25 09:33:26,0.95,1.1445,24,0.93,1.1204,40,0.95,1.1445,10,0.94,1.1325,1554,0
SPY190726P301,2019-07-25,2019-07-25 09:33:26,0.96,1.1566,16,0.95,1.1445,10,0.95,1.1445,10,0.955,1.1506,1554,18
SPY190726P301,2019-07-25,2019-07-25 09:33:27,0.95,1.1445,28,0.93,1.1204,16,0.93,1.1204,1,0.94,1.1325,1555,1
SPY190726P301,2019-07-25,2019-07-25 09:33:28,0.97,1.1686,122,0.95,1.1445,70,0.93,1.1204,1,0.96,1.1566,1555,0
SPY190726P301,2019-07-25,2019-07-25 09:33:28,0.97,1.1686,112,0.94,1.1325,91,0.93,1.1204,1,0.955,1.1506,1555,0
SPY190726P301,2019-07-25,2019-07-25 09:33:29,0.99,1.1927,79,0.96,1.1566,81,0.96,1.1566,20,0.975,1.1746,1575,0
SPY190726P301,2019-07-25,2019-07-25 09:33:29,0.98,1.1807,22,0.97,1.1686,27,0.96,1.1566,20,0.975,1.1746,1575,20
SPY190726P301,2019-07-25,2019-07-25 09:33:30,0.98,1.1807,11,0.96,1.1566,71,0.96,1.1566,20,0.97,1.1686,1575,0
SPY190726P301,2019-07-25,2019-07-25 09:33:35,0.96,1.1566,126,0.93,1.1204,67,0.96,1.1566,1,0.945,1.1385,1576,1
SPY190726P301,2019-07-25,2019-07-25 09:33:36,0.95,1.1445,33,0.93,1.1204,83,0.94,1.1325,2,0.94,1.1325,1578,2
SPY190726P301,2019-07-25,2019-07-25 09:33:38,0.95,1.1445,33,0.93,1.1204,73,0.94,1.1325,2,0.94,1.1325,1578,0
SPY190726P301,2019-07-25,2019-07-25 09:33:41,0.95,1.1445,1,0.94,1.1325,54,0.95,1.1445,10,0.945,1.1385,1588,10
SPY190726P301,2019-07-25,2019-07-25 09:33:42,0.95,1.1445,15,0.93,1.1204,205,0.95,1.1445,10,0.94,1.1325,1588,0
SPY190726P301,2019-07-25,2019-07-25 09:33:43,0.96,1.1566,36,0.94,1.1325,256,0.95,1.1445,1,0.95,1.1445,1589,1
SPY190726P301,2019-07-25,2019-07-25 09:33:46,0.96,1.1566,46,0.94,1.1325,172,0.95,1.1445,1,0.95,1.1445,1589,0
SPY190726P301,2019-07-25,2019-07-25 09:33:47,0.96,1.1566,9,0.95,1.1445,100,0.96,1.1566,1,0.955,1.1506,1711,122
SPY190726P301,2019-07-25,2019-07-25 09:33:49,0.97,1.1686,58,0.95,1.1445,158,0.97,1.1686,1,0.96,1.1566,1741,0
SPY190726P301,2019-07-25,2019-07-25 09:33:49,0.99,1.1927,40,0.96,1.1566,123,0.97,1.1686,1,0.975,1.1746,1741,30
SPY190726P301,2019-07-25,2019-07-25 09:33:52,0.97,1.1686,55,0.95,1.1445,158,0.97,1.1686,1,0.96,1.1566,1741,0
SPY190726P301,2019-07-25,2019-07-25 09:33:53,0.97,1.1686,41,0.95,1.1445,137,0.97,1.1686,1,0.96,1.1566,1741,0
SPY190726P301,2019-07-25,2019-07-25 09:33:57,0.95,1.1445,38,0.94,1.1325,33,0.95,1.1445,1,0.945,1.1385,1742,1
SPY190726P301,2019-07-25,2019-07-25 09:34:00,0.97,1.1686,145,0.94,1.1325,129,0.94,1.1325,21,0.955,1.1506,1765,23
SPY190726P301,2019-07-25,2019-07-25 09:34:01,0.96,1.1566,27,0.93,1.1204,138,0.94,1.1325,21,0.945,1.1385,1765,0
SPY190726P301,2019-07-25,2019-07-25 09:34:02,0.96,1.1566,7,0.93,1.1204,105,0.94,1.1325,21,0.945,1.1385,1765,0
SPY190726P301,2019-07-25,2019-07-25 09:34:03,0.96,1.1566,73,0.94,1.1325,12,0.94,1.1325,21,0.95,1.1445,1765,0
SPY190726P301,2019-07-25,2019-07-25 09:34:05,0.96,1.1566,7,0.95,1.1445,27,0.94,1.1325,1,0.955,1.1506,1766,1
SPY190726P301,2019-07-25,2019-07-25 09:34:10,0.96,1.1566,7,0.93,1.1204,92,0.94,1.1325,1,0.945,1.1385,1766,0
SPY190726P301,2019-07-25,2019-07-25 09:34:10,0.96,1.1566,152,0.93,1.1204,73,0.94,1.1325,1,0.945,1.1385,1766,0
SPY190726P301,2019-07-25,2019-07-25 09:34:11,0.95,1.1445,100,0.93,1.1204,76,0.94,1.1325,1,0.94,1.1325,1766,0
SPY190726P301,2019-07-25,2019-07-25 09:34:12,0.96,1.1566,157,0.94,1.1325,72,0.94,1.1325,1,0.95,1.1445,1766,0
SPY190726P301,2019-07-25,2019-07-25 09:34:13,0.96,1.1566,145,0.93,1.1204,146,0.94,1.1325,1,0.945,1.1385,1766,0
SPY190726P301,2019-07-25,2019-07-25 09:34:15,0.95,1.1445,127,0.94,1.1325,34,0.94,1.1325,8,0.945,1.1385,1774,8
SPY190726P301,2019-07-25,2019-07-25 09:34:16,0.96,1.1566,258,0.93,1.1204,83,0.94,1.1325,8,0.945,1.1385,1774,0
SPY190726P301,2019-07-25,2019-07-25 09:34:16,0.95,1.1445,100,0.94,1.1325,33,0.94,1.1325,8,0.945,1.1385,1774,0
SPY190726P301,2019-07-25,2019-07-25 09:34:17,0.96,1.1566,258,0.94,1.1325,27,0.94,1.1325,8,0.95,1.1445,1774,0
SPY190726P301,2019-07-25,2019-07-25 09:34:18,0.95,1.1445,43,0.94,1.1325,33,0.94,1.1325,8,0.945,1.1385,1774,0
SPY190726P301,2019-07-25,2019-07-25 09:34:19,0.95,1.1445,85,0.93,1.1204,83,0.94,1.1325,8,0.94,1.1325,1774,0
SPY190726P301,2019-07-25,2019-07-25 09:34:21,0.95,1.1445,86,0.93,1.1204,73,0.94,1.1325,8,0.94,1.1325,1774,0
SPY190726P301,2019-07-25,2019-07-25 09:34:22,0.95,1.1445,87,0.93,1.1204,83,0.94,1.1325,8,0.94,1.1325,1774,0
SPY190726P301,2019-07-25,2019-07-25 09:34:24,0.95,1.1445,43,0.93,1.1204,77,0.94,1.1325,8,0.94,1.1325,1774,0
SPY190726P301,2019-07-25,2019-07-25 09:34:25,0.95,1.1445,75,0.93,1.1204,77,0.94,1.1325,8,0.94,1.1325,1774,0
SPY190726P301,2019-07-25,2019-07-25 09:34:26,0.95,1.1445,101,0.93,1.1204,74,0.94,1.1325,8,0.94,1.1325,1774,0
SPY190726P301,2019-07-25,2019-07-25 09:34:27,0.95,1.1445,60,0.93,1.1204,83,0.94,1.1325,8,0.94,1.1325,1774,0
SPY190726P301,2019-07-25,2019-07-25 09:34:29,0.94,1.1325,27,0.93,1.1204,54,0.94,1.1325,8,0.935,1.1265,1774,0
SPY190726P301,2019-07-25,2019-07-25 09:34:30,0.96,1.1566,74,0.94,1.1325,77,0.94,1.1325,8,0.95,1.1445,1774,0
SPY190726P301,2019-07-25,2019-07-25 09:34:32,0.95,1.1445,56,0.93,1.1204,77,0.94,1.1325,9,0.94,1.1325,1788,14
SPY190726P301,2019-07-25,2019-07-25 09:34:33,0.94,1.1325,131,0.93,1.1204,31,0.94,1.1325,9,0.935,1.1265,1788,0
SPY190726P301,2019-07-25,2019-07-25 09:34:36,0.93,1.1204,27,0.92,1.1084,41,0.93,1.1204,1,0.925,1.1144,1791,3
SPY190726P301,2019-07-25,2019-07-25 09:34:38,0.93,1.1204,53,0.92,1.1084,43,0.92,1.1084,1,0.925,1.1144,1793,0
SPY190726P301,2019-07-25,2019-07-25 09:34:38,0.93,1.1204,27,0.92,1.1084,43,0.92,1.1084,1,0.925,1.1144,1793,2
SPY190726P301,2019-07-25,2019-07-25 09:34:43,0.91,1.0963,46,0.89,1.0722,64,0.92,1.1084,3,0.9,1.0843,1798,5
SPY190726P301,2019-07-25,2019-07-25 09:34:44,0.91,1.0963,69,0.89,1.0722,70,0.92,1.1084,3,0.9,1.0843,1798,0
SPY190726P301,2019-07-25,2019-07-25 09:34:45,0.91,1.0963,42,0.89,1.0722,70,0.92,1.1084,3,0.9,1.0843,1798,0
SPY190726P301,2019-07-25,2019-07-25 09:34:46,0.91,1.0963,75,0.89,1.0722,70,0.92,1.1084,3,0.9,1.0843,1798,0
SPY190726P301,2019-07-25,2019-07-25 09:34:48,0.9,1.0843,2,0.89,1.0722,70,0.92,1.1084,3,0.895,1.0783,1798,0
SPY190726P301,2019-07-25,2019-07-25 09:34:48,0.91,1.0963,59,0.89,1.0722,70,0.92,1.1084,3,0.9,1.0843,1798,0
SPY190726P301,2019-07-25,2019-07-25 09:34:49,0.9,1.0843,2,0.89,1.0722,70,0.92,1.1084,3,0.895,1.0783,1798,0
SPY190726P301,2019-07-25,2019-07-25 09:34:50,0.9,1.0843,2,0.89,1.0722,74,0.9,1.0843,10,0.895,1.0783,1808,10
SPY190726P301,2019-07-25,2019-07-25 09:34:51,0.9,1.0843,33,0.89,1.0722,20,0.9,1.0843,10,0.895,1.0783,1808,0
SPY190726P301,2019-07-25,2019-07-25 09:34:52,0.9,1.0843,33,0.89,1.0722,20,0.89,1.0722,7,0.895,1.0783,1815,7
SPY190726P301,2019-07-25,2019-07-25 09:34:53,0.9,1.0843,24,0.89,1.0722,30,0.89,1.0722,7,0.895,1.0783,1815,0
SPY190726P301,2019-07-25,2019-07-25 09:34:53,0.9,1.0843,43,0.89,1.0722,20,0.9,1.0843,2,0.895,1.0783,1817,2
SPY190726P301,2019-07-25,2019-07-25 09:34:54,0.9,1.0843,24,0.9,1.0843,27,0.9,1.0843,1,0.9,1.0843,1818,1
SPY190726P301,2019-07-25,2019-07-25 09:34:55,0.91,1.0963,3,0.9,1.0843,40,0.9,1.0843,1,0.905,1.0903,1818,0
SPY190726P301,2019-07-25,2019-07-25 09:34:56,0.91,1.0963,72,0.89,1.0722,27,0.9,1.0843,1,0.9,1.0843,1819,1
SPY190726P301,2019-07-25,2019-07-25 09:34:56,0.91,1.0963,72,0.89,1.0722,31,0.9,1.0843,1,0.9,1.0843,1819,0
SPY190726P301,2019-07-25,2019-07-25 09:34:57,0.91,1.0963,99,0.89,1.0722,31,0.9,1.0843,1,0.9,1.0843,1819,0
SPY190726P301,2019-07-25,2019-07-25 09:34:58,0.91,1.0963,3,0.9,1.0843,58,0.9,1.0843,1,0.905,1.0903,1819,0
SPY190726P301,2019-07-25,2019-07-25 09:34:59,0.9,1.0843,127,0.88,1.0602,101,0.9,1.0843,1,0.89,1.0722,1819,0
SPY190726P301,2019-07-25,2019-07-25 09:35:00,0.9,1.0843,243,0.88,1.0602,31,0.9,1.0843,1,0.89,1.0722,1819,0
SPY190726P301,2019-07-25,2019-07-25 09:35:00,0.9,1.0843,100,0.89,1.0722,31,0.9,1.0843,1,0.895,1.0783,1819,0
SPY190726P301,2019-07-25,2019-07-25 09:35:01,0.89,1.0722,27,0.88,1.0602,1,0.9,1.0843,1,0.885,1.0662,1819,0
SPY190726P301,2019-07-25,2019-07-25 09:35:02,0.89,1.0722,27,0.88,1.0602,1,0.9,1.0843,1,0.885,1.0662,1819,0
SPY190726P301,2019-07-25,2019-07-25 09:35:02,0.89,1.0722,43,0.88,1.0602,1,0.9,1.0843,1,0.885,1.0662,1819,0
SPY190726P301,2019-07-25,2019-07-25 09:35:03,0.89,1.0722,27,0.88,1.0602,1,0.9,1.0843,1,0.885,1.0662,1819,0
SPY190726P301,2019-07-25,2019-07-25 09:35:04,0.89,1.0722,27,0.87,1.0481,175,0.9,1.0843,1,0.88,1.0602,1819,0
SPY190726P301,2019-07-25,2019-07-25 09:35:04,0.9,1.0843,219,0.87,1.0481,175,0.9,1.0843,1,0.885,1.0662,1819,0
SPY190726P301,2019-07-25,2019-07-25 09:35:05,0.89,1.0722,27,0.87,1.0481,175,0.89,1.0722,2,0.88,1.0602,1821,2
SPY190726P301,2019-07-25,2019-07-25 09:35:05,0.89,1.0722,23,0.88,1.0602,71,0.89,1.0722,2,0.885,1.0662,1821,0
SPY190726P301,2019-07-25,2019-07-25 09:35:06,0.9,1.0843,114,0.88,1.0602,46,0.89,1.0722,1,0.89,1.0722,1822,1
SPY190726P301,2019-07-25,2019-07-25 09:35:07,0.9,1.0843,100,0.88,1.0602,134,0.89,1.0722,1,0.89,1.0722,1822,0
SPY190726P301,2019-07-25,2019-07-25 09:35:08,0.9,1.0843,114,0.88,1.0602,3,0.89,1.0722,1,0.89,1.0722,1822,0
SPY190726P301,2019-07-25,2019-07-25 09:35:10,0.9,1.0843,114,0.88,1.0602,181,0.89,1.0722,1,0.89,1.0722,1822,0
SPY190726P301,2019-07-25,2019-07-25 09:35:11,0.9,1.0843,114,0.88,1.0602,175,0.88,1.0602,1,0.89,1.0722,1823,1
SPY190726P301,2019-07-25,2019-07-25 09:35:11,0.9,1.0843,114,0.88,1.0602,175,0.88,1.0602,1,0.89,1.0722,1823,0
SPY190726P301,2019-07-25,2019-07-25 09:35:12,0.9,1.0843,114,0.88,1.0602,175,0.88,1.0602,1,0.89,1.0722,1823,0
SPY190726P301,2019-07-25,2019-07-25 09:35:14,0.9,1.0843,114,0.88,1.0602,175,0.88,1.0602,1,0.89,1.0722,1823,0
SPY190726P301,2019-07-25,2019-07-25 09:35:15,0.9,1.0843,100,0.89,1.0722,83,0.88,1.0602,1,0.895,1.0783,1823,0
SPY190726P301,2019-07-25,2019-07-25 09:35:15,0.9,1.0843,100,0.89,1.0722,43,0.88,1.0602,1,0.895,1.0783,1823,0
SPY190726P301,2019-07-25,2019-07-25 09:35:16,0.9,1.0843,100,0.89,1.0722,40,0.88,1.0602,1,0.895,1.0783,1823,0
SPY190726P301,2019-07-25,2019-07-25 09:35:17,0.9,1.0843,114,0.87,1.0481,177,0.89,1.0722,1,0.885,1.0662,1824,0
SPY190726P301,2019-07-25,2019-07-25 09:35:17,0.9,1.0843,114,0.88,1.0602,34,0.89,1.0722,1,0.89,1.0722,1824,1
SPY190726P301,2019-07-25,2019-07-25 09:35:18,0.9,1.0843,140,0.88,1.0602,42,0.89,1.0722,1,0.89,1.0722,1824,0
SPY190726P301,2019-07-25,2019-07-25 09:35:19,0.89,1.0722,27,0.88,1.0602,27,0.89,1.0722,1,0.885,1.0662,1824,0
SPY190726P301,2019-07-25,2019-07-25 09:35:19,0.89,1.0722,27,0.87,1.0481,150,0.89,1.0722,1,0.88,1.0602,1824,0
SPY190726P301,2019-07-25,2019-07-25 09:35:20,0.88,1.0602,27,0.87,1.0481,164,0.89,1.0722,1,0.875,1.0542,1824,0
SPY190726P301,2019-07-25,2019-07-25 09:35:22,0.88,1.0602,27,0.87,1.0481,150,0.87,1.0481,8,0.875,1.0542,1832,8
SPY190726P301,2019-07-25,2019-07-25 09:35:23,0.88,1.0602,100,0.87,1.0481,95,0.87,1.0481,22,0.875,1.0542,1854,22
SPY190726P301,2019-07-25,2019-07-25 09:35:25,0.87,1.0481,33,0.86,1.0361,12,0.87,1.0481,22,0.865,1.0421,1854,0
SPY190726P301,2019-07-25,2019-07-25 09:35:28,0.88,1.0602,1,0.87,1.0481,175,0.87,1.0481,22,0.875,1.0542,1854,0
SPY190726P301,2019-07-25,2019-07-25 09:35:30,0.9,1.0843,114,0.89,1.0722,33,0.88,1.0602,1,0.895,1.0783,1855,1
SPY190726P301,2019-07-25,2019-07-25 09:35:32,0.91,1.0963,3,0.9,1.0843,110,0.9,1.0843,3,0.905,1.0903,1968,113
SPY190726P301,2019-07-25,2019-07-25 09:35:32,0.91,1.0963,33,0.9,1.0843,120,0.9,1.0843,3,0.905,1.0903,1968,0
SPY190726P301,2019-07-25,2019-07-25 09:35:33,0.93,1.1204,79,0.91,1.0963,72,0.91,1.0963,3,0.92,1.1084,1971,3
SPY190726P301,2019-07-25,2019-07-25 09:35:34,0.93,1.1204,58,0.91,1.0963,126,0.91,1.0963,3,0.92,1.1084,1971,0
SPY190726P301,2019-07-25,2019-07-25 09:35:34,0.93,1.1204,79,0.91,1.0963,126,0.91,1.0963,3,0.92,1.1084,1971,0
SPY190726P301,2019-07-25,2019-07-25 09:35:35,0.93,1.1204,77,0.91,1.0963,126,0.91,1.0963,3,0.92,1.1084,1971,0
SPY190726P301,2019-07-25,2019-07-25 09:35:36,0.93,1.1204,90,0.9,1.0843,272,0.91,1.0963,1,0.915,1.1024,1973,0
SPY190726P301,2019-07-25,2019-07-25 09:35:36,0.92,1.1084,27,0.91,1.0963,1,0.91,1.0963,1,0.915,1.1024,1973,2
SPY190726P301,2019-07-25,2019-07-25 09:35:37,0.92,1.1084,14,0.91,1.0963,43,0.91,1.0963,1,0.915,1.1024,1973,0
SPY190726P301,2019-07-25,2019-07-25 09:35:38,0.93,1.1204,67,0.91,1.0963,20,0.91,1.0963,1,0.92,1.1084,1973,0
SPY190726P301,2019-07-25,2019-07-25 09:35:38,0.92,1.1084,27,0.91,1.0963,16,0.91,1.0963,1,0.915,1.1024,1973,0
SPY190726P301,2019-07-25,2019-07-25 09:35:39,0.91,1.0963,33,0.9,1.0843,32,0.91,1.0963,1,0.905,1.0903,1973,0
SPY190726P301,2019-07-25,2019-07-25 09:35:39,0.93,1.1204,67,0.9,1.0843,120,0.91,1.0963,1,0.915,1.1024,1973,0
SPY190726P301,2019-07-25,2019-07-25 09:35:40,0.92,1.1084,95,0.9,1.0843,20,0.91,1.0963,1,0.91,1.0963,1973,0
SPY190726P301,2019-07-25,2019-07-25 09:35:41,0.92,1.1084,105,0.9,1.0843,20,0.91,1.0963,1,0.91,1.0963,1973,0
SPY190726P301,2019-07-25,2019-07-25 09:35:42,0.92,1.1084,105,0.9,1.0843,20,0.91,1.0963,1,0.91,1.0963,1973,0
SPY190726P301,2019-07-25,2019-07-25 09:35:43,0.92,1.1084,25,0.91,1.0963,16,0.91,1.0963,1,0.915,1.1024,1973,0
SPY190726P301,2019-07-25,2019-07-25 09:35:43,0.92,1.1084,105,0.9,1.0843,65,0.91,1.0963,1,0.91,1.0963,1973,0
SPY190726P301,2019-07-25,2019-07-25 09:35:44,0.92,1.1084,25,0.91,1.0963,32,0.91,1.0963,1,0.915,1.1024,1973,0
SPY190726P301,2019-07-25,2019-07-25 09:35:45,0.92,1.1084,53,0.91,1.0963,20,0.91,1.0963,1,0.915,1.1024,1973,0
SPY190726P301,2019-07-25,2019-07-25 09:35:46,0.92,1.1084,45,0.91,1.0963,20,0.91,1.0963,1,0.915,1.1024,1973,0
SPY190726P301,2019-07-25,2019-07-25 09:35:46,0.92,1.1084,67,0.9,1.0843,107,0.91,1.0963,1,0.91,1.0963,1973,0
SPY190726P301,2019-07-25,2019-07-25 09:35:47,0.93,1.1204,30,0.91,1.0963,29,0.91,1.0963,1,0.92,1.1084,1973,0
SPY190726P301,2019-07-25,2019-07-25 09:35:48,0.93,1.1204,56,0.92,1.1084,50,0.91,1.0963,1,0.925,1.1144,1973,0
SPY190726P301,2019-07-25,2019-07-25 09:35:49,0.92,1.1084,27,0.92,1.1084,50,0.92,1.1084,50,0.92,1.1084,2023,50
SPY190726P301,2019-07-25,2019-07-25 09:35:50,0.92,1.1084,63,0.9,1.0843,134,0.92,1.1084,50,0.91,1.0963,2023,0
SPY190726P301,2019-07-25,2019-07-25 09:35:50,0.93,1.1204,172,0.9,1.0843,35,0.92,1.1084,50,0.915,1.1024,2023,0
SPY190726P301,2019-07-25,2019-07-25 09:35:51,0.91,1.0963,27,0.9,1.0843,20,0.92,1.1084,50,0.905,1.0903,2023,0
SPY190726P301,2019-07-25,2019-07-25 09:35:52,0.91,1.0963,14,0.9,1.0843,20,0.92,1.1084,50,0.905,1.0903,2023,0
SPY190726P301,2019-07-25,2019-07-25 09:35:53,0.92,1.1084,27,0.91,1.0963,43,0.92,1.1084,50,0.915,1.1024,2023,0
SPY190726P301,2019-07-25,2019-07-25 09:35:54,0.92,1.1084,27,0.91,1.0963,31,0.92,1.1084,50,0.915,1.1024,2023,0
SPY190726P301,2019-07-25,2019-07-25 09:35:54,0.93,1.1204,27,0.91,1.0963,10,0.92,1.1084,50,0.92,1.1084,2023,0
SPY190726P301,2019-07-25,2019-07-25 09:35:55,0.94,1.1325,41,0.92,1.1084,194,0.92,1.1084,4,0.93,1.1204,2027,4
SPY190726P301,2019-07-25,2019-07-25 09:35:56,0.94,1.1325,27,0.92,1.1084,215,0.92,1.1084,4,0.93,1.1204,2027,0
SPY190726P301,2019-07-25,2019-07-25 09:35:56,0.94,1.1325,37,0.92,1.1084,119,0.92,1.1084,4,0.93,1.1204,2027,0
SPY190726P301,2019-07-25,2019-07-25 09:35:57,0.94,1.1325,31,0.92,1.1084,138,0.92,1.1084,4,0.93,1.1204,2027,0
SPY190726P301,2019-07-25,2019-07-25 09:35:57,0.95,1.1445,105,0.92,1.1084,138,0.92,1.1084,4,0.935,1.1265,2027,0
SPY190726P301,2019-07-25,2019-07-25 09:35:58,0.96,1.1566,33,0.93,1.1204,191,0.92,1.1084,4,0.945,1.1385,2027,0
SPY190726P301,2019-07-25,2019-07-25 09:35:59,0.96,1.1566,65,0.94,1.1325,83,0.94,1.1325,1,0.95,1.1445,2028,1
SPY190726P301,2019-07-25,2019-07-25 09:35:59,0.95,1.1445,27,0.94,1.1325,40,0.92,1.1084,4,0.945,1.1385,2027,0
SPY190726P301,2019-07-25,2019-07-25 09:36:00,0.96,1.1566,65,0.95,1.1445,39,0.94,1.1325,1,0.955,1.1506,2028,0
SPY190726P301,2019-07-25,2019-07-25 09:36:01,0.97,1.1686,95,0.95,1.1445,27,0.94,1.1325,1,0.96,1.1566,2028,0
SPY190726P301,2019-07-25,2019-07-25 09:36:02,0.95,1.1445,41,0.94,1.1325,24,0.94,1.1325,1,0.945,1.1385,2028,0
SPY190726P301,2019-07-25,2019-07-25 09:36:02,0.94,1.1325,1,0.94,1.1325,24,0.94,1.1325,1,0.94,1.1325,2029,1
SPY190726P301,2019-07-25,2019-07-25 09:36:03,0.94,1.1325,27,0.93,1.1204,35,0.94,1.1325,1,0.935,1.1265,2029,0
SPY190726P301,2019-07-25,2019-07-25 09:36:04,0.95,1.1445,65,0.93,1.1204,27,0.93,1.1204,1,0.94,1.1325,2044,15
SPY190726P301,2019-07-25,2019-07-25 09:36:04,0.95,1.1445,74,0.93,1.1204,46,0.93,1.1204,1,0.94,1.1325,2045,1
SPY190726P301,2019-07-25,2019-07-25 09:36:05,0.95,1.1445,84,0.93,1.1204,56,0.93,1.1204,1,0.94,1.1325,2045,0
SPY190726P301,2019-07-25,2019-07-25 09:36:06,0.95,1.1445,20,0.93,1.1204,24,0.93,1.1204,1,0.94,1.1325,2045,0
SPY190726P301,2019-07-25,2019-07-25 09:36:07,0.95,1.1445,22,0.94,1.1325,25,0.93,1.1204,1,0.945,1.1385,2045,0
SPY190726P301,2019-07-25,2019-07-25 09:36:07,0.95,1.1445,47,0.93,1.1204,217,0.93,1.1204,1,0.94,1.1325,2045,0
SPY190726P301,2019-07-25,2019-07-25 09:36:08,0.96,1.1566,75,0.94,1.1325,28,0.93,1.1204,1,0.95,1.1445,2045,0
SPY190726P301,2019-07-25,2019-07-25 09:36:09,0.95,1.1445,67,0.94,1.1325,2,0.93,1.1204,1,0.945,1.1385,2045,0
SPY190726P301,2019-07-25,2019-07-25 09:36:10,0.96,1.1566,101,0.94,1.1325,88,0.93,1.1204,1,0.95,1.1445,2045,0
SPY190726P301,2019-07-25,2019-07-25 09:36:10,0.95,1.1445,67,0.94,1.1325,2,0.93,1.1204,1,0.945,1.1385,2045,0
SPY190726P301,2019-07-25,2019-07-25 09:36:11,0.95,1.1445,67,0.94,1.1325,2,0.93,1.1204,1,0.945,1.1385,2045,0
SPY190726P301,2019-07-25,2019-07-25 09:36:11,0.95,1.1445,105,0.94,1.1325,2,0.93,1.1204,1,0.945,1.1385,2045,0
SPY190726P301,2019-07-25,2019-07-25 09:36:12,0.95,1.1445,105,0.94,1.1325,2,0.93,1.1204,1,0.945,1.1385,2045,0
SPY190726P301,2019-07-25,2019-07-25 09:36:12,0.95,1.1445,95,0.94,1.1325,2,0.93,1.1204,1,0.945,1.1385,2045,0
SPY190726P301,2019-07-25,2019-07-25 09:36:13,0.95,1.1445,92,0.94,1.1325,2,0.93,1.1204,1,0.945,1.1385,2045,0
SPY190726P301,2019-07-25,2019-07-25 09:36:14,0.95,1.1445,92,0.94,1.1325,2,0.93,1.1204,1,0.945,1.1385,2045,0
SPY190726P301,2019-07-25,2019-07-25 09:36:14,0.95,1.1445,92,0.93,1.1204,10,0.94,1.1325,2,0.94,1.1325,2047,2
SPY190726P301,2019-07-25,2019-07-25 09:36:15,0.94,1.1325,211,0.91,1.0963,212,0.92,1.1084,4,0.925,1.1144,2063,16
SPY190726P301,2019-07-25,2019-07-25 09:36:16,0.93,1.1204,42,0.91,1.0963,153,0.92,1.1084,4,0.92,1.1084,2063,0
SPY190726P301,2019-07-25,2019-07-25 09:36:16,0.94,1.1325,211,0.91,1.0963,153,0.92,1.1084,4,0.925,1.1144,2063,0
SPY190726P301,2019-07-25,2019-07-25 09:36:17,0.93,1.1204,27,0.92,1.1084,46,0.92,1.1084,4,0.925,1.1144,2063,0
SPY190726P301,2019-07-25,2019-07-25 09:36:17,0.93,1.1204,27,0.91,1.0963,119,0.92,1.1084,4,0.92,1.1084,2063,0
SPY190726P301,2019-07-25,2019-07-25 09:36:18,0.94,1.1325,27,0.92,1.1084,174,0.92,1.1084,4,0.93,1.1204,2063,0
SPY190726P301,2019-07-25,2019-07-25 09:36:19,0.94,1.1325,27,0.92,1.1084,188,0.92,1.1084,4,0.93,1.1204,2063,0
SPY190726P301,2019-07-25,2019-07-25 09:36:20,0.94,1.1325,69,0.91,1.0963,315,0.92,1.1084,4,0.925,1.1144,2063,0
SPY190726P301,2019-07-25,2019-07-25 09:36:20,0.93,1.1204,27,0.91,1.0963,182,0.92,1.1084,4,0.92,1.1084,2063,0
SPY190726P301,2019-07-25,2019-07-25 09:36:21,0.93,1.1204,55,0.92,1.1084,71,0.92,1.1084,4,0.925,1.1144,2063,0
SPY190726P301,2019-07-25,2019-07-25 09:36:22,0.93,1.1204,55,0.91,1.0963,156,0.92,1.1084,4,0.92,1.1084,2063,0
SPY190726P301,2019-07-25,2019-07-25 09:36:22,0.95,1.1445,32,0.93,1.1204,67,0.92,1.1084,4,0.94,1.1325,2063,0
SPY190726P301,2019-07-25,2019-07-25 09:36:23,0.95,1.1445,44,0.93,1.1204,78,0.92,1.1084,4,0.94,1.1325,2063,0
SPY190726P301,2019-07-25,2019-07-25 09:36:24,0.94,1.1325,27,0.93,1.1204,108,0.92,1.1084,4,0.935,1.1265,2063,0
SPY190726P301,2019-07-25,2019-07-25 09:36:24,0.95,1.1445,44,0.93,1.1204,108,0.92,1.1084,4,0.94,1.1325,2063,0
SPY190726P301,2019-07-25,2019-07-25 09:36:25,0.94,1.1325,27,0.93,1.1204,121,0.92,1.1084,4,0.935,1.1265,2063,0
SPY190726P301,2019-07-25,2019-07-25 09:36:25,0.94,1.1325,27,0.93,1.1204,131,0.92,1.1084,4,0.935,1.1265,2063,0
SPY190726P301,2019-07-25,2019-07-25 09:36:26,0.96,1.1566,57,0.94,1.1325,46,0.92,1.1084,4,0.95,1.1445,2063,0
SPY190726P301,2019-07-25,2019-07-25 09:36:27,0.96,1.1566,52,0.94,1.1325,67,0.92,1.1084,4,0.95,1.1445,2063,0
SPY190726P301,2019-07-25,2019-07-25 09:36:27,0.96,1.1566,115,0.94,1.1325,114,0.92,1.1084,4,0.95,1.1445,2063,0
SPY190726P301,2019-07-25,2019-07-25 09:36:28,0.96,1.1566,66,0.94,1.1325,133,0.92,1.1084,4,0.95,1.1445,2063,0
SPY190726P301,2019-07-25,2019-07-25 09:36:28,0.96,1.1566,66,0.95,1.1445,27,0.92,1.1084,4,0.955,1.1506,2063,0
SPY190726P301,2019-07-25,2019-07-25 09:36:29,0.96,1.1566,66,0.95,1.1445,33,0.92,1.1084,4,0.955,1.1506,2063,0
SPY190726P301,2019-07-25,2019-07-25 09:36:30,0.96,1.1566,29,0.95,1.1445,27,0.92,1.1084,4,0.955,1.1506,2063,0
SPY190726P301,2019-07-25,2019-07-25 09:36:31,0.96,1.1566,37,0.95,1.1445,27,0.95,1.1445,2,0.955,1.1506,2065,2
SPY190726P301,2019-07-25,2019-07-25 09:36:31,0.96,1.1566,37,0.95,1.1445,37,0.95,1.1445,2,0.955,1.1506,2065,0
SPY190726P301,2019-07-25,2019-07-25 09:36:32,0.96,1.1566,29,0.95,1.1445,1,0.95,1.1445,2,0.955,1.1506,2065,0
SPY190726P301,2019-07-25,2019-07-25 09:36:33,0.96,1.1566,27,0.95,1.1445,5,0.95,1.1445,2,0.955,1.1506,2065,0
SPY190726P301,2019-07-25,2019-07-25 09:36:33,0.96,1.1566,29,0.95,1.1445,32,0.95,1.1445,2,0.955,1.1506,2065,0
SPY190726P301,2019-07-25,2019-07-25 09:36:34,0.96,1.1566,55,0.95,1.1445,5,0.95,1.1445,2,0.955,1.1506,2065,0
SPY190726P301,2019-07-25,2019-07-25 09:36:35,0.96,1.1566,47,0.95,1.1445,27,0.95,1.1445,2,0.955,1.1506,2065,0
SPY190726P301,2019-07-25,2019-07-25 09:36:35,0.96,1.1566,39,0.95,1.1445,27,0.95,1.1445,2,0.955,1.1506,2065,0
SPY190726P301,2019-07-25,2019-07-25 09:36:36,0.96,1.1566,39,0.95,1.1445,46,0.95,1.1445,2,0.955,1.1506,2065,0
SPY190726P301,2019-07-25,2019-07-25 09:36:37,0.96,1.1566,41,0.95,1.1445,5,0.95,1.1445,2,0.955,1.1506,2065,0
SPY190726P301,2019-07-25,2019-07-25 09:36:38,0.96,1.1566,38,0.95,1.1445,33,0.95,1.1445,2,0.955,1.1506,2065,0
SPY190726P301,2019-07-25,2019-07-25 09:36:39,0.96,1.1566,22,0.95,1.1445,37,0.95,1.1445,2,0.955,1.1506,2065,0
SPY190726P301,2019-07-25,2019-07-25 09:36:40,0.96,1.1566,50,0.95,1.1445,5,0.95,1.1445,2,0.955,1.1506,2065,0
SPY190726P301,2019-07-25,2019-07-25 09:36:40,0.95,1.1445,20,0.94,1.1325,27,0.95,1.1445,5,0.945,1.1385,2070,5
SPY190726P301,2019-07-25,2019-07-25 09:36:41,0.95,1.1445,29,0.94,1.1325,27,0.95,1.1445,5,0.945,1.1385,2070,0
SPY190726P301,2019-07-25,2019-07-25 09:36:42,0.95,1.1445,22,0.94,1.1325,43,0.95,1.1445,1,0.945,1.1385,2121,1
SPY190726P301,2019-07-25,2019-07-25 09:36:42,0.95,1.1445,41,0.94,1.1325,37,0.94,1.1325,50,0.945,1.1385,2120,50
SPY190726P301,2019-07-25,2019-07-25 09:36:43,0.96,1.1566,27,0.94,1.1325,234,0.95,1.1445,1,0.95,1.1445,2121,0
SPY190726P301,2019-07-25,2019-07-25 09:36:44,0.96,1.1566,27,0.94,1.1325,232,0.95,1.1445,1,0.95,1.1445,2121,0
SPY190726P301,2019-07-25,2019-07-25 09:36:45,0.96,1.1566,52,0.94,1.1325,122,0.95,1.1445,1,0.95,1.1445,2121,0
SPY190726P301,2019-07-25,2019-07-25 09:36:45,0.96,1.1566,41,0.94,1.1325,150,0.95,1.1445,1,0.95,1.1445,2121,0
SPY190726P301,2019-07-25,2019-07-25 09:36:46,0.94,1.1325,77,0.92,1.1084,27,0.95,1.1445,1,0.93,1.1204,2121,0
SPY190726P301,2019-07-25,2019-07-25 09:36:46,0.95,1.1445,30,0.93,1.1204,174,0.95,1.1445,1,0.94,1.1325,2121,0
SPY190726P301,2019-07-25,2019-07-25 09:36:47,0.94,1.1325,106,0.92,1.1084,120,0.95,1.1445,1,0.93,1.1204,2121,0
SPY190726P301,2019-07-25,2019-07-25 09:36:49,0.95,1.1445,36,0.93,1.1204,88,0.95,1.1445,1,0.94,1.1325,2121,0
SPY190726P301,2019-07-25,2019-07-25 09:36:49,0.95,1.1445,54,0.93,1.1204,110,0.95,1.1445,1,0.94,1.1325,2121,0
SPY190726P301,2019-07-25,2019-07-25 09:36:50,0.95,1.1445,27,0.93,1.1204,110,0.95,1.1445,1,0.94,1.1325,2121,0
SPY190726P301,2019-07-25,2019-07-25 09:36:51,0.95,1.1445,67,0.93,1.1204,119,0.95,1.1445,1,0.94,1.1325,2121,0
SPY190726P301,2019-07-25,2019-07-25 09:36:51,0.95,1.1445,33,0.93,1.1204,170,0.95,1.1445,1,0.94,1.1325,2121,0
SPY190726P301,2019-07-25,2019-07-25 09:36:52,0.95,1.1445,27,0.93,1.1204,153,0.95,1.1445,1,0.94,1.1325,2121,0
SPY190726P301,2019-07-25,2019-07-25 09:36:52,0.96,1.1566,27,0.94,1.1325,227,0.95,1.1445,1,0.95,1.1445,2121,0
SPY190726P301,2019-07-25,2019-07-25 09:36:53,0.96,1.1566,1,0.94,1.1325,182,0.95,1.1445,1,0.95,1.1445,2121,0
SPY190726P301,2019-07-25,2019-07-25 09:36:54,0.96,1.1566,43,0.94,1.1325,313,0.95,1.1445,1,0.95,1.1445,2121,0
SPY190726P301,2019-07-25,2019-07-25 09:36:54,0.96,1.1566,27,0.94,1.1325,182,0.95,1.1445,1,0.95,1.1445,2121,0
SPY190726P301,2019-07-25,2019-07-25 09:36:55,0.96,1.1566,65,0.94,1.1325,313,0.95,1.1445,1,0.95,1.1445,2121,0
SPY190726P301,2019-07-25,2019-07-25 09:36:56,0.97,1.1686,28,0.96,1.1566,16,0.96,1.1566,1,0.965,1.1626,2122,0
SPY190726P301,2019-07-25,2019-07-25 09:36:56,0.97,1.1686,3,0.96,1.1566,84,0.96,1.1566,1,0.965,1.1626,2122,1
SPY190726P301,2019-07-25,2019-07-25 09:36:57,0.97,1.1686,46,0.94,1.1325,90,0.96,1.1566,1,0.955,1.1506,2122,0
SPY190726P301,2019-07-25,2019-07-25 09:36:58,0.96,1.1566,20,0.94,1.1325,159,0.96,1.1566,1,0.95,1.1445,2122,0
SPY190726P301,2019-07-25,2019-07-25 09:36:59,0.96,1.1566,124,0.94,1.1325,27,0.96,1.1566,1,0.95,1.1445,2122,0
SPY190726P301,2019-07-25,2019-07-25 09:36:59,0.95,1.1445,27,0.94,1.1325,27,0.96,1.1566,1,0.945,1.1385,2122,0
SPY190726P301,2019-07-25,2019-07-25 09:37:00,0.96,1.1566,124,0.93,1.1204,164,0.96,1.1566,1,0.945,1.1385,2122,0
SPY190726P301,2019-07-25,2019-07-25 09:37:01,0.96,1.1566,109,0.93,1.1204,180,0.96,1.1566,1,0.945,1.1385,2122,0
SPY190726P301,2019-07-25,2019-07-25 09:37:02,0.96,1.1566,109,0.93,1.1204,180,0.96,1.1566,1,0.945,1.1385,2122,0
SPY190726P301,2019-07-25,2019-07-25 09:37:02,0.96,1.1566,153,0.94,1.1325,31,0.96,1.1566,1,0.95,1.1445,2122,0
SPY190726P301,2019-07-25,2019-07-25 09:37:03,0.96,1.1566,164,0.94,1.1325,31,0.96,1.1566,1,0.95,1.1445,2122,0
SPY190726P301,2019-07-25,2019-07-25 09:37:04,0.96,1.1566,166,0.94,1.1325,31,0.96,1.1566,1,0.95,1.1445,2122,0
SPY190726P301,2019-07-25,2019-07-25 09:37:04,0.96,1.1566,116,0.94,1.1325,31,0.96,1.1566,1,0.95,1.1445,2122,0
SPY190726P301,2019-07-25,2019-07-25 09:37:05,0.95,1.1445,79,0.93,1.1204,67,0.96,1.1566,1,0.94,1.1325,2122,0
SPY190726P301,2019-07-25,2019-07-25 09:37:05,0.95,1.1445,60,0.93,1.1204,63,0.96,1.1566,1,0.94,1.1325,2122,0
SPY190726P301,2019-07-25,2019-07-25 09:37:06,0.95,1.1445,93,0.93,1.1204,67,0.96,1.1566,1,0.94,1.1325,2122,0
SPY190726P301,2019-07-25,2019-07-25 09:37:07,0.96,1.1566,222,0.93,1.1204,130,0.96,1.1566,1,0.945,1.1385,2122,0
SPY190726P301,2019-07-25,2019-07-25 09:37:07,0.95,1.1445,49,0.93,1.1204,130,0.96,1.1566,1,0.94,1.1325,2122,0
SPY190726P301,2019-07-25,2019-07-25 09:37:08,0.96,1.1566,27,0.94,1.1325,36,0.96,1.1566,1,0.95,1.1445,2122,0
SPY190726P301,2019-07-25,2019-07-25 09:37:09,0.97,1.1686,168,0.95,1.1445,39,0.96,1.1566,1,0.96,1.1566,2122,0
SPY190726P301,2019-07-25,2019-07-25 09:37:09,0.97,1.1686,158,0.95,1.1445,29,0.96,1.1566,1,0.96,1.1566,2122,0
SPY190726P301,2019-07-25,2019-07-25 09:37:11,0.96,1.1566,214,0.95,1.1445,200,0.96,1.1566,1,0.955,1.1506,2122,0
SPY190726P301,2019-07-25,2019-07-25 09:37:11,0.97,1.1686,168,0.95,1.1445,39,0.96,1.1566,1,0.96,1.1566,2122,0
SPY190726P301,2019-07-25,2019-07-25 09:37:12,0.96,1.1566,237,0.95,1.1445,200,0.96,1.1566,1,0.955,1.1506,2122,0
SPY190726P301,2019-07-25,2019-07-25 09:37:13,0.96,1.1566,197,0.95,1.1445,200,0.96,1.1566,1,0.955,1.1506,2122,0
SPY190726P301,2019-07-25,2019-07-25 09:37:14,0.96,1.1566,40,0.95,1.1445,200,0.96,1.1566,1,0.955,1.1506,2122,0
SPY190726P301,2019-07-25,2019-07-25 09:37:14,0.96,1.1566,50,0.95,1.1445,200,0.96,1.1566,1,0.955,1.1506,2122,0
SPY190726P301,2019-07-25,2019-07-25 09:37:15,0.96,1.1566,40,0.95,1.1445,200,0.96,1.1566,1,0.955,1.1506,2122,0
SPY190726P301,2019-07-25,2019-07-25 09:37:16,0.96,1.1566,40,0.95,1.1445,200,0.96,1.1566,1,0.955,1.1506,2122,0
SPY190726P301,2019-07-25,2019-07-25 09:37:17,0.96,1.1566,33,0.95,1.1445,200,0.96,1.1566,1,0.955,1.1506,2122,0
SPY190726P301,2019-07-25,2019-07-25 09:37:17,0.96,1.1566,107,0.95,1.1445,200,0.96,1.1566,1,0.955,1.1506,2122,0
SPY190726P301,2019-07-25,2019-07-25 09:37:18,0.96,1.1566,107,0.95,1.1445,200,0.96,1.1566,1,0.955,1.1506,2122,0
SPY190726P301,2019-07-25,2019-07-25 09:37:18,0.96,1.1566,218,0.95,1.1445,200,0.96,1.1566,1,0.955,1.1506,2122,0
SPY190726P301,2019-07-25,2019-07-25 09:37:19,0.96,1.1566,96,0.95,1.1445,200,0.96,1.1566,1,0.955,1.1506,2122,0
SPY190726P301,2019-07-25,2019-07-25 09:37:20,0.96,1.1566,96,0.95,1.1445,200,0.96,1.1566,1,0.955,1.1506,2122,0
SPY190726P301,2019-07-25,2019-07-25 09:37:20,0.96,1.1566,80,0.95,1.1445,200,0.96,1.1566,1,0.955,1.1506,2122,0
SPY190726P301,2019-07-25,2019-07-25 09:37:21,0.96,1.1566,35,0.95,1.1445,200,0.96,1.1566,1,0.955,1.1506,2122,0
SPY190726P301,2019-07-25,2019-07-25 09:37:22,0.96,1.1566,27,0.95,1.1445,200,0.97,1.1686,5,0.955,1.1506,2133,0
SPY190726P301,2019-07-25,2019-07-25 09:37:22,0.96,1.1566,27,0.95,1.1445,200,0.97,1.1686,5,0.955,1.1506,2133,11
SPY190726P301,2019-07-25,2019-07-25 09:37:23,0.96,1.1566,27,0.95,1.1445,200,0.96,1.1566,1,0.955,1.1506,2134,0
SPY190726P301,2019-07-25,2019-07-25 09:37:23,0.96,1.1566,25,0.95,1.1445,200,0.96,1.1566,1,0.955,1.1506,2134,1
SPY190726P301,2019-07-25,2019-07-25 09:37:24,0.97,1.1686,167,0.95,1.1445,41,0.96,1.1566,1,0.96,1.1566,2134,0
SPY190726P301,2019-07-25,2019-07-25 09:37:25,0.97,1.1686,167,0.96,1.1566,50,0.97,1.1686,4,0.965,1.1626,2138,4
SPY190726P301,2019-07-25,2019-07-25 09:37:25,0.97,1.1686,153,0.96,1.1566,50,0.97,1.1686,4,0.965,1.1626,2138,0
SPY190726P301,2019-07-25,2019-07-25 09:37:26,0.97,1.1686,274,0.96,1.1566,50,0.97,1.1686,4,0.965,1.1626,2138,0
SPY190726P301,2019-07-25,2019-07-25 09:37:27,0.97,1.1686,274,0.96,1.1566,50,0.97,1.1686,4,0.965,1.1626,2138,0
SPY190726P301,2019-07-25,2019-07-25 09:37:27,0.97,1.1686,153,0.96,1.1566,50,0.97,1.1686,4,0.965,1.1626,2138,0
SPY190726P301,2019-07-25,2019-07-25 09:37:28,0.97,1.1686,172,0.96,1.1566,50,0.97,1.1686,4,0.965,1.1626,2138,0
SPY190726P301,2019-07-25,2019-07-25 09:37:29,0.97,1.1686,172,0.96,1.1566,50,0.97,1.1686,4,0.965,1.1626,2138,0
SPY190726P301,2019-07-25,2019-07-25 09:37:30,0.97,1.1686,172,0.96,1.1566,50,0.97,1.1686,4,0.965,1.1626,2138,0
SPY190726P301,2019-07-25,2019-07-25 09:37:31,0.97,1.1686,172,0.96,1.1566,50,0.97,1.1686,4,0.965,1.1626,2138,0
SPY190726P301,2019-07-25,2019-07-25 09:37:32,0.97,1.1686,100,0.96,1.1566,102,0.96,1.1566,1,0.965,1.1626,2189,51
SPY190726P301,2019-07-25,2019-07-25 09:37:32,0.97,1.1686,172,0.96,1.1566,50,0.97,1.1686,4,0.965,1.1626,2138,0
SPY190726P301,2019-07-25,2019-07-25 09:37:33,0.96,1.1566,131,0.94,1.1325,27,0.96,1.1566,5,0.95,1.1445,2274,85
SPY190726P301,2019-07-25,2019-07-25 09:37:33,0.96,1.1566,135,0.94,1.1325,30,0.96,1.1566,5,0.95,1.1445,2274,0
SPY190726P301,2019-07-25,2019-07-25 09:37:34,0.97,1.1686,154,0.95,1.1445,6,0.96,1.1566,45,0.96,1.1566,2369,95
SPY190726P301,2019-07-25,2019-07-25 09:37:35,0.96,1.1566,165,0.94,1.1325,27,0.96,1.1566,45,0.95,1.1445,2369,0
SPY190726P301,2019-07-25,2019-07-25 09:37:36,0.96,1.1566,187,0.94,1.1325,37,0.96,1.1566,45,0.95,1.1445,2369,0
SPY190726P301,2019-07-25,2019-07-25 09:37:36,0.96,1.1566,187,0.94,1.1325,27,0.96,1.1566,45,0.95,1.1445,2369,0
SPY190726P301,2019-07-25,2019-07-25 09:37:37,0.96,1.1566,187,0.94,1.1325,37,0.96,1.1566,45,0.95,1.1445,2369,0
SPY190726P301,2019-07-25,2019-07-25 09:37:38,0.96,1.1566,217,0.94,1.1325,37,0.96,1.1566,45,0.95,1.1445,2369,0
SPY190726P301,2019-07-25,2019-07-25 09:37:38,0.96,1.1566,187,0.94,1.1325,37,0.96,1.1566,45,0.95,1.1445,2369,0
SPY190726P301,2019-07-25,2019-07-25 09:37:39,0.95,1.1445,27,0.94,1.1325,37,0.96,1.1566,45,0.945,1.1385,2369,0
SPY190726P301,2019-07-25,2019-07-25 09:37:40,0.96,1.1566,26,0.95,1.1445,45,0.96,1.1566,45,0.955,1.1506,2369,0
SPY190726P301,2019-07-25,2019-07-25 09:37:41,0.97,1.1686,3,0.96,1.1566,25,0.96,1.1566,26,0.965,1.1626,2447,78
SPY190726P301,2019-07-25,2019-07-25 09:37:41,0.97,1.1686,3,0.95,1.1445,27,0.96,1.1566,26,0.96,1.1566,2447,0
SPY190726P301,2019-07-25,2019-07-25 09:37:42,0.97,1.1686,29,0.95,1.1445,27,0.96,1.1566,26,0.96,1.1566,2447,0
SPY190726P301,2019-07-25,2019-07-25 09:37:43,0.97,1.1686,157,0.95,1.1445,77,0.96,1.1566,26,0.96,1.1566,2447,0
SPY190726P301,2019-07-25,2019-07-25 09:37:44,0.97,1.1686,2,0.95,1.1445,193,0.97,1.1686,1,0.96,1.1566,2448,1
SPY190726P301,2019-07-25,2019-07-25 09:37:44,0.97,1.1686,157,0.95,1.1445,77,0.96,1.1566,26,0.96,1.1566,2447,0
SPY190726P301,2019-07-25,2019-07-25 09:37:45,0.97,1.1686,2,0.96,1.1566,93,0.97,1.1686,1,0.965,1.1626,2449,1
SPY190726P301,2019-07-25,2019-07-25 09:37:45,0.97,1.1686,2,0.96,1.1566,93,0.97,1.1686,1,0.965,1.1626,2449,0
SPY190726P301,2019-07-25,2019-07-25 09:37:46,0.98,1.1807,38,0.97,1.1686,33,0.97,1.1686,2,0.975,1.1746,2451,2
SPY190726P301,2019-07-25,2019-07-25 09:37:47,0.98,1.1807,23,0.97,1.1686,33,0.98,1.1807,3,0.975,1.1746,2454,0
SPY190726P301,2019-07-25,2019-07-25 09:37:47,0.98,1.1807,23,0.97,1.1686,33,0.98,1.1807,3,0.975,1.1746,2454,3
SPY190726P301,2019-07-25,2019-07-25 09:37:48,0.98,1.1807,37,0.97,1.1686,33,0.98,1.1807,3,0.975,1.1746,2454,0
SPY190726P301,2019-07-25,2019-07-25 09:37:48,0.98,1.1807,73,0.97,1.1686,43,0.98,1.1807,3,0.975,1.1746,2454,0
SPY190726P301,2019-07-25,2019-07-25 09:37:49,0.98,1.1807,86,0.97,1.1686,33,0.98,1.1807,3,0.975,1.1746,2454,0
SPY190726P301,2019-07-25,2019-07-25 09:37:50,0.98,1.1807,50,0.97,1.1686,43,0.98,1.1807,2,0.975,1.1746,2456,2
SPY190726P301,2019-07-25,2019-07-25 09:37:50,0.98,1.1807,69,0.97,1.1686,33,0.98,1.1807,2,0.975,1.1746,2456,0
SPY190726P301,2019-07-25,2019-07-25 09:37:51,0.99,1.1927,257,0.97,1.1686,33,0.98,1.1807,2,0.98,1.1807,2456,0
SPY190726P301,2019-07-25,2019-07-25 09:37:52,0.99,1.1927,257,0.97,1.1686,33,0.97,1.1686,5,0.98,1.1807,2461,5
SPY190726P301,2019-07-25,2019-07-25 09:37:53,0.99,1.1927,257,0.97,1.1686,33,0.97,1.1686,5,0.98,1.1807,2461,0
SPY190726P301,2019-07-25,2019-07-25 09:37:53,0.99,1.1927,171,0.97,1.1686,43,0.97,1.1686,5,0.98,1.1807,2461,0
SPY190726P301,2019-07-25,2019-07-25 09:37:54,0.99,1.1927,257,0.97,1.1686,43,0.97,1.1686,5,0.98,1.1807,2461,0
SPY190726P301,2019-07-25,2019-07-25 09:37:55,0.99,1.1927,257,0.97,1.1686,43,0.97,1.1686,5,0.98,1.1807,2461,0
SPY190726P301,2019-07-25,2019-07-25 09:37:56,0.99,1.1927,27,0.97,1.1686,130,0.97,1.1686,5,0.98,1.1807,2461,0
SPY190726P301,2019-07-25,2019-07-25 09:37:56,0.99,1.1927,145,0.97,1.1686,43,0.97,1.1686,5,0.98,1.1807,2461,0
SPY190726P301,2019-07-25,2019-07-25 09:37:57,0.99,1.1927,27,0.97,1.1686,130,0.97,1.1686,5,0.98,1.1807,2461,0
SPY190726P301,2019-07-25,2019-07-25 09:37:57,1.0,1.2048,127,0.99,1.1927,33,0.97,1.1686,5,0.995,1.1987,2461,0
SPY190726P301,2019-07-25,2019-07-25 09:37:58,1.0,1.2048,158,0.99,1.1927,33,0.99,1.1927,5,0.995,1.1987,2466,5
SPY190726P301,2019-07-25,2019-07-25 09:37:59,1.0,1.2048,158,0.98,1.1807,73,0.99,1.1927,5,0.99,1.1927,2466,0
SPY190726P301,2019-07-25,2019-07-25 09:37:59,1.0,1.2048,3,0.99,1.1927,116,1.0,1.2048,1,0.995,1.1987,2469,3
SPY190726P301,2019-07-25,2019-07-25 09:38:00,1.01,1.2168,20,0.99,1.1927,116,1.0,1.2048,1,1.0,1.2048,2470,0
SPY190726P301,2019-07-25,2019-07-25 09:38:00,1.01,1.2168,20,0.99,1.1927,116,1.0,1.2048,1,1.0,1.2048,2470,1
SPY190726P301,2019-07-25,2019-07-25 09:38:01,1.01,1.2168,20,0.99,1.1927,116,1.0,1.2048,1,1.0,1.2048,2470,0
SPY190726P301,2019-07-25,2019-07-25 09:38:01,1.01,1.2168,20,1.0,1.2048,33,1.0,1.2048,1,1.005,1.2108,2470,0
SPY190726P301,2019-07-25,2019-07-25 09:38:02,1.01,1.2168,20,1.0,1.2048,33,1.0,1.2048,1,1.005,1.2108,2470,0
SPY190726P301,2019-07-25,2019-07-25 09:38:03,1.01,1.2168,20,1.0,1.2048,37,1.01,1.2168,20,1.005,1.2108,2490,20
SPY190726P301,2019-07-25,2019-07-25 09:38:03,1.03,1.2409,159,1.01,1.2168,33,1.01,1.2168,20,1.02,1.2289,2490,0
SPY190726P301,2019-07-25,2019-07-25 09:38:04,1.03,1.2409,56,1.01,1.2168,83,1.01,1.2168,5,1.02,1.2289,2495,5
SPY190726P301,2019-07-25,2019-07-25 09:38:04,1.03,1.2409,119,1.01,1.2168,33,1.01,1.2168,20,1.02,1.2289,2490,0
SPY190726P301,2019-07-25,2019-07-25 09:38:05,1.03,1.2409,56,1.01,1.2168,83,1.01,1.2168,5,1.02,1.2289,2495,0
SPY190726P301,2019-07-25,2019-07-25 09:38:06,1.03,1.2409,60,1.01,1.2168,93,1.01,1.2168,5,1.02,1.2289,2495,0
SPY190726P301,2019-07-25,2019-07-25 09:38:06,1.03,1.2409,56,1.01,1.2168,83,1.01,1.2168,5,1.02,1.2289,2495,0
SPY190726P301,2019-07-25,2019-07-25 09:38:07,1.03,1.2409,60,1.01,1.2168,83,1.01,1.2168,5,1.02,1.2289,2495,0
SPY190726P301,2019-07-25,2019-07-25 09:38:08,1.03,1.2409,70,1.01,1.2168,83,1.01,1.2168,5,1.02,1.2289,2495,0
SPY190726P301,2019-07-25,2019-07-25 09:38:08,1.03,1.2409,56,1.01,1.2168,83,1.01,1.2168,5,1.02,1.2289,2495,0
SPY190726P301,2019-07-25,2019-07-25 09:38:09,1.03,1.2409,27,1.02,1.2289,48,1.01,1.2168,5,1.025,1.2349,2495,0
SPY190726P301,2019-07-25,2019-07-25 09:38:09,1.03,1.2409,56,1.01,1.2168,83,1.01,1.2168,5,1.02,1.2289,2495,0
SPY190726P301,2019-07-25,2019-07-25 09:38:10,1.04,1.253,10,1.02,1.2289,148,1.02,1.2289,2,1.03,1.2409,2497,2
SPY190726P301,2019-07-25,2019-07-25 09:38:11,1.06,1.2771,60,1.04,1.253,31,1.04,1.253,2,1.05,1.265,2507,10
SPY190726P301,2019-07-25,2019-07-25 09:38:12,1.07,1.2891,202,1.05,1.265,1,1.05,1.265,7,1.06,1.2771,2514,7
SPY190726P301,2019-07-25,2019-07-25 09:38:12,1.07,1.2891,127,1.05,1.265,31,1.04,1.253,2,1.06,1.2771,2507,0
SPY190726P301,2019-07-25,2019-07-25 09:38:13,1.06,1.2771,37,1.05,1.265,1,1.05,1.265,4,1.055,1.271,2524,10
SPY190726P301,2019-07-25,2019-07-25 09:38:14,1.07,1.2891,214,1.04,1.253,16,1.05,1.265,4,1.055,1.271,2524,0
SPY190726P301,2019-07-25,2019-07-25 09:38:15,1.07,1.2891,90,1.04,1.253,48,1.05,1.265,4,1.055,1.271,2524,0
SPY190726P301,2019-07-25,2019-07-25 09:38:15,1.07,1.2891,136,1.05,1.265,27,1.05,1.265,4,1.06,1.2771,2524,0
SPY190726P301,2019-07-25,2019-07-25 09:38:16,1.06,1.2771,95,1.05,1.265,1,1.05,1.265,4,1.055,1.271,2524,0
SPY190726P301,2019-07-25,2019-07-25 09:38:17,1.06,1.2771,37,1.05,1.265,1,1.05,1.265,4,1.055,1.271,2524,0
SPY190726P301,2019-07-25,2019-07-25 09:38:18,1.06,1.2771,83,1.05,1.265,6,1.05,1.265,4,1.055,1.271,2524,0
SPY190726P301,2019-07-25,2019-07-25 09:38:19,1.08,1.3012,149,1.06,1.2771,31,1.05,1.265,4,1.07,1.2891,2524,0
SPY190726P301,2019-07-25,2019-07-25 09:38:19,1.06,1.2771,43,1.05,1.265,6,1.05,1.265,4,1.055,1.271,2524,0
SPY190726P301,2019-07-25,2019-07-25 09:38:20,1.08,1.3012,83,1.06,1.2771,43,1.05,1.265,4,1.07,1.2891,2524,0
SPY190726P301,2019-07-25,2019-07-25 09:38:21,1.08,1.3012,47,1.06,1.2771,61,1.05,1.265,4,1.07,1.2891,2524,0
SPY190726P301,2019-07-25,2019-07-25 09:38:21,1.08,1.3012,122,1.06,1.2771,47,1.05,1.265,4,1.07,1.2891,2524,0
SPY190726P301,2019-07-25,2019-07-25 09:38:22,1.08,1.3012,47,1.06,1.2771,61,1.05,1.265,4,1.07,1.2891,2524,0
SPY190726P301,2019-07-25,2019-07-25 09:38:23,1.05,1.265,224,1.03,1.2409,41,1.04,1.253,1,1.04,1.253,2526,1
SPY190726P301,2019-07-25,2019-07-25 09:38:23,1.07,1.2891,27,1.03,1.2409,43,1.05,1.265,1,1.05,1.265,2525,1
SPY190726P301,2019-07-25,2019-07-25 09:38:24,1.03,1.2409,36,1.02,1.2289,33,1.04,1.253,60,1.025,1.2349,2586,60
SPY190726P301,2019-07-25,2019-07-25 09:38:24,1.03,1.2409,57,1.02,1.2289,6,1.04,1.253,60,1.025,1.2349,2586,0
SPY190726P301,2019-07-25,2019-07-25 09:38:25,1.04,1.253,25,1.02,1.2289,59,1.04,1.253,60,1.03,1.2409,2586,0
SPY190726P301,2019-07-25,2019-07-25 09:38:26,1.04,1.253,25,1.03,1.2409,27,1.04,1.253,60,1.035,1.2469,2586,0
SPY190726P301,2019-07-25,2019-07-25 09:38:27,1.05,1.265,161,1.02,1.2289,82,1.04,1.253,60,1.035,1.2469,2586,0
SPY190726P301,2019-07-25,2019-07-25 09:38:28,1.03,1.2409,27,1.02,1.2289,1,1.04,1.253,60,1.025,1.2349,2586,0
SPY190726P301,2019-07-25,2019-07-25 09:38:28,1.03,1.2409,52,1.01,1.2168,43,1.02,1.2289,1,1.02,1.2289,2587,1
SPY190726P301,2019-07-25,2019-07-25 09:38:29,1.02,1.2289,50,1.01,1.2168,6,1.02,1.2289,1,1.015,1.2228,2587,0
SPY190726P301,2019-07-25,2019-07-25 09:38:29,1.01,1.2168,5,0.98,1.1807,6,1.02,1.2289,1,0.995,1.1987,2587,0
SPY190726P301,2019-07-25,2019-07-25 09:38:30,0.98,1.1807,27,0.97,1.1686,41,0.97,1.1686,1,0.975,1.1746,2592,5
SPY190726P301,2019-07-25,2019-07-25 09:38:30,0.99,1.1927,122,0.98,1.1807,6,1.02,1.2289,1,0.985,1.1867,2587,0
SPY190726P301,2019-07-25,2019-07-25 09:38:31,0.97,1.1686,40,0.96,1.1566,1,0.97,1.1686,1,0.965,1.1626,2593,1
SPY190726P301,2019-07-25,2019-07-25 09:38:32,0.97,1.1686,100,0.96,1.1566,1,0.97,1.1686,1,0.965,1.1626,2593,0
SPY190726P301,2019-07-25,2019-07-25 09:38:32,0.97,1.1686,143,0.95,1.1445,79,0.97,1.1686,1,0.96,1.1566,2593,0
SPY190726P301,2019-07-25,2019-07-25 09:38:33,0.98,1.1807,100,0.94,1.1325,27,0.97,1.1686,1,0.96,1.1566,2593,0
SPY190726P301,2019-07-25,2019-07-25 09:38:33,0.96,1.1566,145,0.93,1.1204,73,0.97,1.1686,1,0.945,1.1385,2593,0
SPY190726P301,2019-07-25,2019-07-25 09:38:34,0.97,1.1686,113,0.95,1.1445,27,0.97,1.1686,1,0.96,1.1566,2593,0
SPY190726P301,2019-07-25,2019-07-25 09:38:35,0.99,1.1927,301,0.93,1.1204,139,0.95,1.1445,1,0.96,1.1566,2594,1
SPY190726P301,2019-07-25,2019-07-25 09:38:36,0.97,1.1686,88,0.96,1.1566,25,0.95,1.1445,1,0.965,1.1626,2594,0
SPY190726P301,2019-07-25,2019-07-25 09:38:36,0.97,1.1686,101,0.95,1.1445,73,0.95,1.1445,1,0.96,1.1566,2594,0
SPY190726P301,2019-07-25,2019-07-25 09:38:37,0.97,1.1686,51,0.95,1.1445,75,0.95,1.1445,1,0.96,1.1566,2594,0
SPY190726P301,2019-07-25,2019-07-25 09:38:38,0.96,1.1566,28,0.95,1.1445,46,0.97,1.1686,7,0.955,1.1506,2616,0
SPY190726P301,2019-07-25,2019-07-25 09:38:38,0.97,1.1686,30,0.96,1.1566,31,0.97,1.1686,7,0.965,1.1626,2616,22
SPY190726P301,2019-07-25,2019-07-25 09:38:39,0.96,1.1566,94,0.95,1.1445,46,0.97,1.1686,7,0.955,1.1506,2616,0
SPY190726P301,2019-07-25,2019-07-25 09:38:40,0.96,1.1566,169,0.94,1.1325,81,0.95,1.1445,1,0.95,1.1445,2617,0
SPY190726P301,2019-07-25,2019-07-25 09:38:40,0.95,1.1445,25,0.93,1.1204,130,0.95,1.1445,1,0.94,1.1325,2617,1
SPY190726P301,2019-07-25,2019-07-25 09:38:41,0.95,1.1445,27,0.93,1.1204,73,0.95,1.1445,1,0.94,1.1325,2617,0
SPY190726P301,2019-07-25,2019-07-25 09:38:42,0.94,1.1325,46,0.9,1.0843,123,0.95,1.1445,1,0.92,1.1084,2617,0
SPY190726P301,2019-07-25,2019-07-25 09:38:42,0.95,1.1445,6,0.92,1.1084,67,0.95,1.1445,1,0.935,1.1265,2617,0
SPY190726P301,2019-07-25,2019-07-25 09:38:43,0.91,1.0963,27,0.89,1.0722,83,0.95,1.1445,1,0.9,1.0843,2617,0
SPY190726P301,2019-07-25,2019-07-25 09:38:44,0.94,1.1325,69,0.93,1.1204,31,0.95,1.1445,1,0.935,1.1265,2617,0
SPY190726P301,2019-07-25,2019-07-25 09:38:44,0.95,1.1445,120,0.91,1.0963,31,0.95,1.1445,1,0.93,1.1204,2617,0
SPY190726P301,2019-07-25,2019-07-25 09:38:45,0.95,1.1445,42,0.93,1.1204,71,0.95,1.1445,1,0.94,1.1325,2617,0
SPY190726P301,2019-07-25,2019-07-25 09:38:46,0.94,1.1325,27,0.93,1.1204,71,0.95,1.1445,1,0.935,1.1265,2617,0
SPY190726P301,2019-07-25,2019-07-25 09:38:46,0.95,1.1445,27,0.92,1.1084,140,0.95,1.1445,1,0.935,1.1265,2617,0
SPY190726P301,2019-07-25,2019-07-25 09:38:47,0.96,1.1566,14,0.95,1.1445,60,0.95,1.1445,1,0.955,1.1506,2617,0
SPY190726P301,2019-07-25,2019-07-25 09:38:48,0.96,1.1566,14,0.95,1.1445,60,0.95,1.1445,1,0.955,1.1506,2617,0
SPY190726P301,2019-07-25,2019-07-25 09:38:48,0.97,1.1686,125,0.95,1.1445,60,0.95,1.1445,1,0.96,1.1566,2617,0
SPY190726P301,2019-07-25,2019-07-25 09:38:49,0.98,1.1807,260,0.96,1.1566,14,0.95,1.1445,1,0.97,1.1686,2617,0
SPY190726P301,2019-07-25,2019-07-25 09:38:50,0.99,1.1927,90,0.97,1.1686,27,0.96,1.1566,1,0.98,1.1807,2618,0
SPY190726P301,2019-07-25,2019-07-25 09:38:50,0.98,1.1807,25,0.96,1.1566,155,0.96,1.1566,1,0.97,1.1686,2618,1
SPY190726P301,2019-07-25,2019-07-25 09:38:51,1.0,1.2048,162,0.98,1.1807,67,0.96,1.1566,1,0.99,1.1927,2618,0
SPY190726P301,2019-07-25,2019-07-25 09:38:51,1.0,1.2048,149,0.98,1.1807,27,0.96,1.1566,1,0.99,1.1927,2618,0
SPY190726P301,2019-07-25,2019-07-25 09:38:52,1.0,1.2048,162,0.98,1.1807,67,0.96,1.1566,1,0.99,1.1927,2618,0
SPY190726P301,2019-07-25,2019-07-25 09:38:53,1.02,1.2289,127,1.0,1.2048,33,0.96,1.1566,1,1.01,1.2168,2618,0
SPY190726P301,2019-07-25,2019-07-25 09:38:53,1.0,1.2048,137,0.98,1.1807,67,0.96,1.1566,1,0.99,1.1927,2618,0
SPY190726P301,2019-07-25,2019-07-25 09:38:54,1.01,1.2168,33,1.0,1.2048,27,0.96,1.1566,1,1.005,1.2108,2618,0
SPY190726P301,2019-07-25,2019-07-25 09:38:55,1.0,1.2048,140,0.98,1.1807,33,1.01,1.2168,4,0.99,1.1927,2622,0
SPY190726P301,2019-07-25,2019-07-25 09:38:55,1.0,1.2048,101,0.98,1.1807,73,1.01,1.2168,4,0.99,1.1927,2622,4
SPY190726P301,2019-07-25,2019-07-25 09:38:56,0.99,1.1927,129,0.97,1.1686,27,1.01,1.2168,4,0.98,1.1807,2622,0
SPY190726P301,2019-07-25,2019-07-25 09:38:57,1.0,1.2048,6,0.98,1.1807,49,0.97,1.1686,2,0.99,1.1927,2624,0
SPY190726P301,2019-07-25,2019-07-25 09:38:57,0.97,1.1686,14,0.96,1.1566,67,0.97,1.1686,2,0.965,1.1626,2624,2
SPY190726P301,2019-07-25,2019-07-25 09:38:58,1.01,1.2168,82,0.99,1.1927,33,0.97,1.1686,2,1.0,1.2048,2624,0
SPY190726P301,2019-07-25,2019-07-25 09:38:58,1.01,1.2168,50,1.0,1.2048,25,1.01,1.2168,5,1.005,1.2108,2629,5
SPY190726P301,2019-07-25,2019-07-25 09:39:00,1.03,1.2409,31,1.01,1.2168,73,1.01,1.2168,5,1.02,1.2289,2629,0
SPY190726P301,2019-07-25,2019-07-25 09:39:00,1.02,1.2289,25,1.0,1.2048,216,1.01,1.2168,5,1.01,1.2168,2629,0
SPY190726P301,2019-07-25,2019-07-25 09:39:02,1.01,1.2168,72,0.99,1.1927,37,1.01,1.2168,5,1.0,1.2048,2629,0
SPY190726P301,2019-07-25,2019-07-25 09:39:03,0.99,1.1927,120,0.97,1.1686,26,1.01,1.2168,5,0.98,1.1807,2629,0
SPY190726P301,2019-07-25,2019-07-25 09:39:03,0.99,1.1927,33,0.97,1.1686,26,1.01,1.2168,5,0.98,1.1807,2629,0
SPY190726P301,2019-07-25,2019-07-25 09:39:04,0.98,1.1807,119,0.96,1.1566,90,1.01,1.2168,5,0.97,1.1686,2629,0
SPY190726P301,2019-07-25,2019-07-25 09:39:05,0.97,1.1686,27,0.96,1.1566,93,1.01,1.2168,5,0.965,1.1626,2629,0
SPY190726P301,2019-07-25,2019-07-25 09:39:05,0.98,1.1807,45,0.97,1.1686,20,1.01,1.2168,5,0.975,1.1746,2629,0
SPY190726P301,2019-07-25,2019-07-25 09:39:06,0.99,1.1927,14,0.98,1.1807,38,1.01,1.2168,5,0.985,1.1867,2629,0
SPY190726P301,2019-07-25,2019-07-25 09:39:06,0.98,1.1807,71,0.96,1.1566,79,1.01,1.2168,5,0.97,1.1686,2629,0
SPY190726P301,2019-07-25,2019-07-25 09:39:07,0.98,1.1807,27,0.97,1.1686,53,1.01,1.2168,5,0.975,1.1746,2629,0
SPY190726P301,2019-07-25,2019-07-25 09:39:07,0.98,1.1807,27,0.97,1.1686,38,1.01,1.2168,5,0.975,1.1746,2629,0
SPY190726P301,2019-07-25,2019-07-25 09:39:08,0.98,1.1807,27,0.96,1.1566,119,1.01,1.2168,5,0.97,1.1686,2629,0
SPY190726P301,2019-07-25,2019-07-25 09:39:09,0.97,1.1686,35,0.96,1.1566,26,1.01,1.2168,5,0.965,1.1626,2629,0
SPY190726P301,2019-07-25,2019-07-25 09:39:09,0.97,1.1686,94,0.95,1.1445,73,1.01,1.2168,5,0.96,1.1566,2629,0
SPY190726P301,2019-07-25,2019-07-25 09:39:10,0.96,1.1566,25,0.94,1.1325,108,0.96,1.1566,6,0.95,1.1445,2635,6
SPY190726P301,2019-07-25,2019-07-25 09:39:11,0.96,1.1566,27,0.95,1.1445,76,0.96,1.1566,6,0.955,1.1506,2635,0
SPY190726P301,2019-07-25,2019-07-25 09:39:12,0.97,1.1686,1,0.96,1.1566,113,0.96,1.1566,1,0.965,1.1626,2636,1
SPY190726P301,2019-07-25,2019-07-25 09:39:12,0.97,1.1686,28,0.95,1.1445,79,0.96,1.1566,1,0.96,1.1566,2636,0
SPY190726P301,2019-07-25,2019-07-25 09:39:13,0.97,1.1686,1,0.96,1.1566,1,0.97,1.1686,200,0.965,1.1626,2836,200
SPY190726P301,2019-07-25,2019-07-25 09:39:14,0.97,1.1686,28,0.95,1.1445,67,0.97,1.1686,200,0.96,1.1566,2836,0
SPY190726P301,2019-07-25,2019-07-25 09:39:14,0.97,1.1686,27,0.96,1.1566,46,0.97,1.1686,200,0.965,1.1626,2836,0
SPY190726P301,2019-07-25,2019-07-25 09:39:15,0.97,1.1686,173,0.94,1.1325,167,0.96,1.1566,3,0.955,1.1506,2839,3
SPY190726P301,2019-07-25,2019-07-25 09:39:15,0.97,1.1686,173,0.95,1.1445,20,0.96,1.1566,3,0.96,1.1566,2839,0
SPY190726P301,2019-07-25,2019-07-25 09:39:16,0.96,1.1566,27,0.95,1.1445,20,0.96,1.1566,3,0.955,1.1506,2839,0
SPY190726P301,2019-07-25,2019-07-25 09:39:16,0.97,1.1686,70,0.95,1.1445,65,0.96,1.1566,3,0.96,1.1566,2839,0
SPY190726P301,2019-07-25,2019-07-25 09:39:17,0.97,1.1686,118,0.95,1.1445,75,0.96,1.1566,3,0.96,1.1566,2839,0
SPY190726P301,2019-07-25,2019-07-25 09:39:18,0.97,1.1686,171,0.95,1.1445,60,0.96,1.1566,1,0.96,1.1566,2840,1
SPY190726P301,2019-07-25,2019-07-25 09:39:18,0.97,1.1686,118,0.95,1.1445,73,0.96,1.1566,3,0.96,1.1566,2839,0
SPY190726P301,2019-07-25,2019-07-25 09:39:19,0.95,1.1445,56,0.93,1.1204,77,0.96,1.1566,1,0.94,1.1325,2840,0
SPY190726P301,2019-07-25,2019-07-25 09:39:19,0.96,1.1566,33,0.94,1.1325,6,0.96,1.1566,1,0.95,1.1445,2840,0
SPY190726P301,2019-07-25,2019-07-25 09:39:20,0.95,1.1445,66,0.94,1.1325,20,0.96,1.1566,1,0.945,1.1385,2840,0
SPY190726P301,2019-07-25,2019-07-25 09:39:21,0.95,1.1445,7,0.94,1.1325,83,0.96,1.1566,1,0.945,1.1385,2840,0
SPY190726P301,2019-07-25,2019-07-25 09:39:21,0.95,1.1445,39,0.93,1.1204,54,0.96,1.1566,1,0.94,1.1325,2840,0
SPY190726P301,2019-07-25,2019-07-25 09:39:22,0.95,1.1445,7,0.94,1.1325,242,0.96,1.1566,1,0.945,1.1385,2840,0
SPY190726P301,2019-07-25,2019-07-25 09:39:23,0.95,1.1445,7,0.95,1.1445,33,0.95,1.1445,7,0.95,1.1445,2847,7
SPY190726P301,2019-07-25,2019-07-25 09:39:23,0.95,1.1445,7,0.94,1.1325,203,0.96,1.1566,1,0.945,1.1385,2840,0
SPY190726P301,2019-07-25,2019-07-25 09:39:24,0.95,1.1445,7,0.95,1.1445,33,0.95,1.1445,7,0.95,1.1445,2847,0
SPY190726P301,2019-07-25,2019-07-25 09:39:24,0.96,1.1566,20,0.95,1.1445,73,0.95,1.1445,7,0.955,1.1506,2847,0
SPY190726P301,2019-07-25,2019-07-25 09:39:25,0.96,1.1566,20,0.95,1.1445,93,0.95,1.1445,7,0.955,1.1506,2847,0
SPY190726P301,2019-07-25,2019-07-25 09:39:25,0.96,1.1566,20,0.95,1.1445,39,0.95,1.1445,7,0.955,1.1506,2847,0
SPY190726P301,2019-07-25,2019-07-25 09:39:26,0.96,1.1566,20,0.95,1.1445,53,0.96,1.1566,1,0.955,1.1506,2848,1
SPY190726P301,2019-07-25,2019-07-25 09:39:27,0.96,1.1566,97,0.94,1.1325,47,0.96,1.1566,1,0.95,1.1445,2848,0
SPY190726P301,2019-07-25,2019-07-25 09:39:27,0.95,1.1445,33,0.93,1.1204,86,0.96,1.1566,1,0.94,1.1325,2848,0
SPY190726P301,2019-07-25,2019-07-25 09:39:28,0.95,1.1445,40,0.94,1.1325,40,0.96,1.1566,1,0.945,1.1385,2848,0
SPY190726P301,2019-07-25,2019-07-25 09:39:28,0.95,1.1445,55,0.93,1.1204,109,0.96,1.1566,1,0.94,1.1325,2848,0
SPY190726P301,2019-07-25,2019-07-25 09:39:29,0.96,1.1566,27,0.94,1.1325,211,0.96,1.1566,1,0.95,1.1445,2848,0
SPY190726P301,2019-07-25,2019-07-25 09:39:30,0.96,1.1566,45,0.95,1.1445,26,0.96,1.1566,1,0.955,1.1506,2848,0
SPY190726P301,2019-07-25,2019-07-25 09:39:30,0.96,1.1566,27,0.95,1.1445,40,0.96,1.1566,1,0.955,1.1506,2848,0
SPY190726P301,2019-07-25,2019-07-25 09:39:31,0.96,1.1566,20,0.94,1.1325,20,0.96,1.1566,1,0.95,1.1445,2848,0
SPY190726P301,2019-07-25,2019-07-25 09:39:32,0.96,1.1566,20,0.95,1.1445,27,0.96,1.1566,1,0.955,1.1506,2848,0
SPY190726P301,2019-07-25,2019-07-25 09:39:32,0.96,1.1566,27,0.95,1.1445,78,0.96,1.1566,1,0.955,1.1506,2848,0
SPY190726P301,2019-07-25,2019-07-25 09:39:33,0.96,1.1566,27,0.95,1.1445,80,0.96,1.1566,1,0.955,1.1506,2848,0
SPY190726P301,2019-07-25,2019-07-25 09:39:35,0.97,1.1686,14,0.96,1.1566,59,0.96,1.1566,20,0.965,1.1626,2868,0
SPY190726P301,2019-07-25,2019-07-25 09:39:35,0.98,1.1807,114,0.96,1.1566,64,0.96,1.1566,20,0.97,1.1686,2868,20
SPY190726P301,2019-07-25,2019-07-25 09:39:36,0.99,1.1927,158,0.96,1.1566,109,0.96,1.1566,20,0.975,1.1746,2868,0
SPY190726P301,2019-07-25,2019-07-25 09:39:37,0.98,1.1807,56,0.96,1.1566,78,0.96,1.1566,20,0.97,1.1686,2868,0
SPY190726P301,2019-07-25,2019-07-25 09:39:37,0.98,1.1807,83,0.96,1.1566,68,0.96,1.1566,20,0.97,1.1686,2868,0
SPY190726P301,2019-07-25,2019-07-25 09:39:38,0.99,1.1927,161,0.96,1.1566,107,0.96,1.1566,20,0.975,1.1746,2868,0
SPY190726P301,2019-07-25,2019-07-25 09:39:39,0.99,1.1927,127,0.97,1.1686,73,0.96,1.1566,20,0.98,1.1807,2868,0
SPY190726P301,2019-07-25,2019-07-25 09:39:39,0.99,1.1927,102,0.97,1.1686,46,0.96,1.1566,20,0.98,1.1807,2868,0
SPY190726P301,2019-07-25,2019-07-25 09:39:40,0.99,1.1927,45,0.97,1.1686,70,0.96,1.1566,20,0.98,1.1807,2868,0
SPY190726P301,2019-07-25,2019-07-25 09:39:41,1.01,1.2168,36,0.99,1.1927,53,0.96,1.1566,20,1.0,1.2048,2868,0
SPY190726P301,2019-07-25,2019-07-25 09:39:41,0.99,1.1927,31,0.97,1.1686,73,0.96,1.1566,20,0.98,1.1807,2868,0
SPY190726P301,2019-07-25,2019-07-25 09:39:42,1.01,1.2168,61,0.99,1.1927,109,0.96,1.1566,20,1.0,1.2048,2868,0
SPY190726P301,2019-07-25,2019-07-25 09:39:43,1.04,1.253,123,1.02,1.2289,65,0.96,1.1566,20,1.03,1.2409,2868,0
SPY190726P301,2019-07-25,2019-07-25 09:39:44,1.04,1.253,20,1.02,1.2289,71,0.96,1.1566,20,1.03,1.2409,2868,0
SPY190726P301,2019-07-25,2019-07-25 09:39:44,1.05,1.265,139,1.02,1.2289,71,0.96,1.1566,20,1.035,1.2469,2868,0
SPY190726P301,2019-07-25,2019-07-25 09:39:45,1.05,1.265,139,1.02,1.2289,71,0.96,1.1566,20,1.035,1.2469,2868,0
SPY190726P301,2019-07-25,2019-07-25 09:39:45,1.05,1.265,139,1.02,1.2289,81,0.96,1.1566,20,1.035,1.2469,2868,0
SPY190726P301,2019-07-25,2019-07-25 09:39:46,1.05,1.265,187,1.02,1.2289,71,0.96,1.1566,20,1.035,1.2469,2868,0
SPY190726P301,2019-07-25,2019-07-25 09:39:47,1.05,1.265,283,1.02,1.2289,71,0.96,1.1566,20,1.035,1.2469,2868,0
SPY190726P301,2019-07-25,2019-07-25 09:39:48,1.03,1.2409,199,1.0,1.2048,199,0.96,1.1566,20,1.015,1.2228,2868,0
SPY190726P301,2019-07-25,2019-07-25 09:39:49,1.03,1.2409,69,1.0,1.2048,85,0.96,1.1566,20,1.015,1.2228,2868,0
SPY190726P301,2019-07-25,2019-07-25 09:39:49,1.03,1.2409,133,1.01,1.2168,67,0.96,1.1566,20,1.02,1.2289,2868,0
SPY190726P301,2019-07-25,2019-07-25 09:39:50,1.02,1.2289,154,0.99,1.1927,149,0.96,1.1566,20,1.005,1.2108,2868,0
SPY190726P301,2019-07-25,2019-07-25 09:39:50,1.02,1.2289,43,1.01,1.2168,46,0.96,1.1566,20,1.015,1.2228,2868,0
SPY190726P301,2019-07-25,2019-07-25 09:39:51,1.0,1.2048,40,0.98,1.1807,71,0.96,1.1566,20,0.99,1.1927,2868,0
SPY190726P301,2019-07-25,2019-07-25 09:39:52,0.99,1.1927,27,0.97,1.1686,199,0.96,1.1566,20,0.98,1.1807,2868,0
SPY190726P301,2019-07-25,2019-07-25 09:39:53,1.01,1.2168,127,0.98,1.1807,212,0.99,1.1927,3,0.995,1.1987,2871,3
SPY190726P301,2019-07-25,2019-07-25 09:39:54,1.01,1.2168,96,0.99,1.1927,84,0.99,1.1927,3,1.0,1.2048,2871,0
SPY190726P301,2019-07-25,2019-07-25 09:39:54,1.01,1.2168,151,0.99,1.1927,31,0.99,1.1927,3,1.0,1.2048,2871,0
SPY190726P301,2019-07-25,2019-07-25 09:39:55,1.01,1.2168,59,0.99,1.1927,85,0.99,1.1927,3,1.0,1.2048,2871,0
SPY190726P301,2019-07-25,2019-07-25 09:39:56,1.01,1.2168,146,0.99,1.1927,71,0.99,1.1927,3,1.0,1.2048,2871,0
SPY190726P301,2019-07-25,2019-07-25 09:39:56,1.02,1.2289,176,0.99,1.1927,31,0.99,1.1927,3,1.005,1.2108,2871,0
SPY190726P301,2019-07-25,2019-07-25 09:39:57,1.01,1.2168,136,0.99,1.1927,67,0.99,1.1927,3,1.0,1.2048,2871,0
SPY190726P301,2019-07-25,2019-07-25 09:39:58,1.04,1.253,87,1.01,1.2168,226,0.99,1.1927,3,1.025,1.2349,2871,0
SPY190726P301,2019-07-25,2019-07-25 09:39:58,1.04,1.253,100,1.0,1.2048,119,0.99,1.1927,3,1.02,1.2289,2871,0
SPY190726P301,2019-07-25,2019-07-25 09:39:59,1.04,1.253,133,1.02,1.2289,27,1.03,1.2409,1,1.03,1.2409,2872,1
SPY190726P301,2019-07-25,2019-07-25 09:39:59,1.05,1.265,111,1.04,1.253,33,1.03,1.2409,1,1.045,1.259,2872,0
SPY190726P301,2019-07-25,2019-07-25 09:40:00,1.05,1.265,10,1.04,1.253,33,1.03,1.2409,1,1.045,1.259,2872,0
SPY190726P301,2019-07-25,2019-07-25 09:40:01,1.05,1.265,27,1.04,1.253,33,1.03,1.2409,1,1.045,1.259,2872,0
SPY190726P301,2019-07-25,2019-07-25 09:40:01,1.05,1.265,10,1.04,1.253,33,1.03,1.2409,1,1.045,1.259,2872,0
SPY190726P301,2019-07-25,2019-07-25 09:40:02,1.05,1.265,87,1.03,1.2409,27,1.03,1.2409,1,1.04,1.253,2872,0
SPY190726P301,2019-07-25,2019-07-25 09:40:02,1.05,1.265,27,1.04,1.253,33,1.03,1.2409,1,1.045,1.259,2872,0
SPY190726P301,2019-07-25,2019-07-25 09:40:03,1.05,1.265,17,1.04,1.253,114,1.05,1.265,3,1.045,1.259,2892,20
SPY190726P301,2019-07-25,2019-07-25 09:40:04,1.05,1.265,6,1.03,1.2409,175,1.05,1.265,3,1.04,1.253,2892,0
SPY190726P301,2019-07-25,2019-07-25 09:40:04,1.03,1.2409,182,1.01,1.2168,40,1.03,1.2409,1,1.02,1.2289,2893,1
SPY190726P301,2019-07-25,2019-07-25 09:40:05,1.02,1.2289,137,0.98,1.1807,46,1.03,1.2409,1,1.0,1.2048,2893,0
SPY190726P301,2019-07-25,2019-07-25 09:40:06,1.01,1.2168,255,0.98,1.1807,56,1.03,1.2409,1,0.995,1.1987,2893,0
SPY190726P301,2019-07-25,2019-07-25 09:40:07,1.0,1.2048,27,0.98,1.1807,70,1.03,1.2409,1,0.99,1.1927,2893,0
SPY190726P301,2019-07-25,2019-07-25 09:40:08,1.0,1.2048,137,0.97,1.1686,57,1.03,1.2409,1,0.985,1.1867,2893,0
SPY190726P301,2019-07-25,2019-07-25 09:40:08,1.0,1.2048,155,0.98,1.1807,21,1.03,1.2409,1,0.99,1.1927,2893,0
SPY190726P301,2019-07-25,2019-07-25 09:40:09,0.98,1.1807,122,0.96,1.1566,27,1.03,1.2409,1,0.97,1.1686,2893,0
SPY190726P301,2019-07-25,2019-07-25 09:40:09,0.98,1.1807,151,0.96,1.1566,27,1.03,1.2409,1,0.97,1.1686,2893,0
SPY190726P301,2019-07-25,2019-07-25 09:40:10,0.98,1.1807,122,0.96,1.1566,60,1.03,1.2409,1,0.97,1.1686,2893,0
SPY190726P301,2019-07-25,2019-07-25 09:40:11,0.98,1.1807,14,0.96,1.1566,120,1.03,1.2409,1,0.97,1.1686,2893,0
SPY190726P301,2019-07-25,2019-07-25 09:40:11,0.97,1.1686,124,0.94,1.1325,167,1.03,1.2409,1,0.955,1.1506,2893,0
SPY190726P301,2019-07-25,2019-07-25 09:40:12,0.97,1.1686,14,0.95,1.1445,140,1.03,1.2409,1,0.96,1.1566,2893,0
SPY190726P301,2019-07-25,2019-07-25 09:40:13,0.97,1.1686,14,0.95,1.1445,115,1.03,1.2409,1,0.96,1.1566,2893,0
SPY190726P301,2019-07-25,2019-07-25 09:40:13,0.98,1.1807,14,0.96,1.1566,201,1.03,1.2409,1,0.97,1.1686,2893,0
SPY190726P301,2019-07-25,2019-07-25 09:40:14,0.98,1.1807,27,0.96,1.1566,122,1.03,1.2409,1,0.97,1.1686,2893,0
SPY190726P301,2019-07-25,2019-07-25 09:40:14,0.98,1.1807,27,0.96,1.1566,92,1.03,1.2409,1,0.97,1.1686,2893,0
SPY190726P301,2019-07-25,2019-07-25 09:40:15,0.98,1.1807,27,0.96,1.1566,153,1.03,1.2409,1,0.97,1.1686,2893,0
SPY190726P301,2019-07-25,2019-07-25 09:40:16,0.98,1.1807,14,0.98,1.1807,27,1.03,1.2409,1,0.98,1.1807,2893,0
SPY190726P301,2019-07-25,2019-07-25 09:40:16,1.0,1.2048,237,0.98,1.1807,40,1.03,1.2409,1,0.99,1.1927,2893,0
SPY190726P301,2019-07-25,2019-07-25 09:40:17,0.99,1.1927,245,0.98,1.1807,40,1.03,1.2409,1,0.985,1.1867,2893,0
SPY190726P301,2019-07-25,2019-07-25 09:40:17,0.98,1.1807,27,0.96,1.1566,158,1.03,1.2409,1,0.97,1.1686,2893,0
SPY190726P301,2019-07-25,2019-07-25 09:40:18,0.98,1.1807,258,0.95,1.1445,153,1.03,1.2409,1,0.965,1.1626,2893,0
SPY190726P301,2019-07-25,2019-07-25 09:40:18,0.98,1.1807,32,0.95,1.1445,164,1.03,1.2409,1,0.965,1.1626,2893,0
SPY190726P301,2019-07-25,2019-07-25 09:40:19,0.98,1.1807,32,0.95,1.1445,164,1.03,1.2409,1,0.965,1.1626,2893,0
SPY190726P301,2019-07-25,2019-07-25 09:40:20,0.97,1.1686,68,0.95,1.1445,67,1.03,1.2409,1,0.96,1.1566,2893,0
SPY190726P301,2019-07-25,2019-07-25 09:40:21,0.96,1.1566,191,0.94,1.1325,33,1.03,1.2409,1,0.95,1.1445,2893,0
SPY190726P301,2019-07-25,2019-07-25 09:40:21,0.97,1.1686,50,0.95,1.1445,157,1.03,1.2409,1,0.96,1.1566,2893,0
SPY190726P301,2019-07-25,2019-07-25 09:40:22,0.97,1.1686,125,0.95,1.1445,33,1.03,1.2409,1,0.96,1.1566,2893,0
SPY190726P301,2019-07-25,2019-07-25 09:40:23,0.97,1.1686,115,0.95,1.1445,54,1.03,1.2409,1,0.96,1.1566,2893,0
SPY190726P301,2019-07-25,2019-07-25 09:40:23,0.97,1.1686,116,0.95,1.1445,33,1.03,1.2409,1,0.96,1.1566,2893,0
SPY190726P301,2019-07-25,2019-07-25 09:40:24,0.96,1.1566,27,0.94,1.1325,168,1.03,1.2409,1,0.95,1.1445,2893,0
SPY190726P301,2019-07-25,2019-07-25 09:40:24,0.96,1.1566,27,0.94,1.1325,223,1.03,1.2409,1,0.95,1.1445,2893,0
SPY190726P301,2019-07-25,2019-07-25 09:40:25,0.97,1.1686,101,0.95,1.1445,33,1.03,1.2409,1,0.96,1.1566,2893,0
SPY190726P301,2019-07-25,2019-07-25 09:40:26,0.97,1.1686,109,0.95,1.1445,33,1.03,1.2409,1,0.96,1.1566,2893,0
SPY190726P301,2019-07-25,2019-07-25 09:40:26,0.97,1.1686,139,0.95,1.1445,33,1.03,1.2409,1,0.96,1.1566,2893,0
SPY190726P301,2019-07-25,2019-07-25 09:40:27,0.97,1.1686,139,0.95,1.1445,111,1.03,1.2409,1,0.96,1.1566,2893,0
SPY190726P301,2019-07-25,2019-07-25 09:40:27,0.95,1.1445,84,0.93,1.1204,76,1.03,1.2409,1,0.94,1.1325,2893,0
SPY190726P301,2019-07-25,2019-07-25 09:40:28,0.95,1.1445,36,0.93,1.1204,121,1.03,1.2409,1,0.94,1.1325,2893,0
SPY190726P301,2019-07-25,2019-07-25 09:40:29,0.95,1.1445,122,0.93,1.1204,46,1.03,1.2409,1,0.94,1.1325,2893,0
SPY190726P301,2019-07-25,2019-07-25 09:40:30,0.96,1.1566,158,0.93,1.1204,182,1.03,1.2409,1,0.945,1.1385,2893,0
SPY190726P301,2019-07-25,2019-07-25 09:40:31,0.95,1.1445,231,0.93,1.1204,46,1.03,1.2409,1,0.94,1.1325,2893,0
SPY190726P301,2019-07-25,2019-07-25 09:40:31,0.95,1.1445,187,0.93,1.1204,20,1.03,1.2409,1,0.94,1.1325,2893,0
SPY190726P301,2019-07-25,2019-07-25 09:40:32,0.94,1.1325,142,0.92,1.1084,73,1.03,1.2409,1,0.93,1.1204,2893,0
SPY190726P301,2019-07-25,2019-07-25 09:40:33,0.94,1.1325,144,0.92,1.1084,73,1.03,1.2409,1,0.93,1.1204,2893,0
SPY190726P301,2019-07-25,2019-07-25 09:40:33,0.94,1.1325,144,0.92,1.1084,96,1.03,1.2409,1,0.93,1.1204,2893,0
SPY190726P301,2019-07-25,2019-07-25 09:40:34,0.93,1.1204,23,0.91,1.0963,83,1.03,1.2409,1,0.92,1.1084,2893,0
SPY190726P301,2019-07-25,2019-07-25 09:40:35,0.93,1.1204,144,0.91,1.0963,67,1.03,1.2409,1,0.92,1.1084,2893,0
SPY190726P301,2019-07-25,2019-07-25 09:40:35,0.93,1.1204,154,0.91,1.0963,67,1.03,1.2409,1,0.92,1.1084,2893,0
SPY190726P301,2019-07-25,2019-07-25 09:40:36,0.93,1.1204,148,0.91,1.0963,30,1.03,1.2409,1,0.92,1.1084,2893,0
SPY190726P301,2019-07-25,2019-07-25 09:40:36,0.93,1.1204,170,0.91,1.0963,30,1.03,1.2409,1,0.92,1.1084,2893,0
SPY190726P301,2019-07-25,2019-07-25 09:40:37,0.93,1.1204,154,0.91,1.0963,30,1.03,1.2409,1,0.92,1.1084,2893,0
SPY190726P301,2019-07-25,2019-07-25 09:40:38,0.93,1.1204,154,0.91,1.0963,67,1.03,1.2409,1,0.92,1.1084,2893,0
SPY190726P301,2019-07-25,2019-07-25 09:40:38,0.93,1.1204,170,0.91,1.0963,30,1.03,1.2409,1,0.92,1.1084,2893,0
SPY190726P301,2019-07-25,2019-07-25 09:40:39,0.92,1.1084,27,0.91,1.0963,67,1.03,1.2409,1,0.915,1.1024,2893,0
SPY190726P301,2019-07-25,2019-07-25 09:40:40,0.92,1.1084,27,0.91,1.0963,67,1.03,1.2409,1,0.915,1.1024,2893,0
SPY190726P301,2019-07-25,2019-07-25 09:40:41,0.92,1.1084,27,0.91,1.0963,55,1.03,1.2409,1,0.915,1.1024,2893,0
SPY190726P301,2019-07-25,2019-07-25 09:40:42,0.91,1.0963,27,0.89,1.0722,169,1.03,1.2409,1,0.9,1.0843,2893,0
SPY190726P301,2019-07-25,2019-07-25 09:40:42,0.91,1.0963,127,0.89,1.0722,68,1.03,1.2409,1,0.9,1.0843,2893,0
SPY190726P301,2019-07-25,2019-07-25 09:40:43,0.91,1.0963,52,0.9,1.0843,30,1.03,1.2409,1,0.905,1.0903,2893,0
SPY190726P301,2019-07-25,2019-07-25 09:40:44,0.91,1.0963,67,0.9,1.0843,40,1.03,1.2409,1,0.905,1.0903,2893,0
SPY190726P301,2019-07-25,2019-07-25 09:40:45,0.91,1.0963,27,0.9,1.0843,40,1.03,1.2409,1,0.905,1.0903,2893,0
SPY190726P301,2019-07-25,2019-07-25 09:40:45,0.91,1.0963,154,0.89,1.0722,165,0.91,1.0963,10,0.9,1.0843,2903,10
SPY190726P301,2019-07-25,2019-07-25 09:40:51,0.91,1.0963,37,0.9,1.0843,27,0.9,1.0843,4,0.905,1.0903,2907,4
SPY190726P301,2019-07-25,2019-07-25 09:40:52,0.91,1.0963,195,0.89,1.0722,40,0.9,1.0843,4,0.9,1.0843,2907,0
SPY190726P301,2019-07-25,2019-07-25 09:40:53,0.9,1.0843,161,0.88,1.0602,22,0.89,1.0722,40,0.89,1.0722,2948,0
SPY190726P301,2019-07-25,2019-07-25 09:40:53,0.89,1.0722,27,0.88,1.0602,127,0.89,1.0722,40,0.885,1.0662,2948,41
SPY190726P301,2019-07-25,2019-07-25 09:40:54,0.9,1.0843,161,0.88,1.0602,51,0.89,1.0722,40,0.89,1.0722,2948,0
SPY190726P301,2019-07-25,2019-07-25 09:40:55,0.9,1.0843,126,0.88,1.0602,40,0.89,1.0722,40,0.89,1.0722,2948,0
SPY190726P301,2019-07-25,2019-07-25 09:40:55,0.89,1.0722,149,0.87,1.0481,41,0.89,1.0722,40,0.88,1.0602,2948,0
SPY190726P301,2019-07-25,2019-07-25 09:40:56,0.88,1.0602,144,0.86,1.0361,205,0.89,1.0722,40,0.87,1.0481,2948,0
SPY190726P301,2019-07-25,2019-07-25 09:40:58,0.89,1.0722,262,0.87,1.0481,33,0.89,1.0722,40,0.88,1.0602,2948,0
SPY190726P301,2019-07-25,2019-07-25 09:40:59,0.91,1.0963,105,0.88,1.0602,148,0.89,1.0722,40,0.895,1.0783,2948,0
SPY190726P301,2019-07-25,2019-07-25 09:41:00,0.9,1.0843,149,0.87,1.0481,207,0.89,1.0722,40,0.885,1.0662,2948,0
SPY190726P301,2019-07-25,2019-07-25 09:41:01,0.9,1.0843,172,0.88,1.0602,129,0.89,1.0722,40,0.89,1.0722,2948,0
SPY190726P301,2019-07-25,2019-07-25 09:41:03,0.9,1.0843,155,0.88,1.0602,123,0.89,1.0722,40,0.89,1.0722,2948,0
SPY190726P301,2019-07-25,2019-07-25 09:41:04,0.89,1.0722,48,0.88,1.0602,75,0.89,1.0722,40,0.885,1.0662,2948,0
SPY190726P301,2019-07-25,2019-07-25 09:41:06,0.91,1.0963,5,0.88,1.0602,60,0.89,1.0722,40,0.895,1.0783,2948,0
SPY190726P301,2019-07-25,2019-07-25 09:41:06,0.89,1.0722,27,0.88,1.0602,111,0.89,1.0722,40,0.885,1.0662,2948,0
SPY190726P301,2019-07-25,2019-07-25 09:41:10,0.93,1.1204,65,0.91,1.0963,167,0.92,1.1084,1,0.92,1.1084,2949,1
SPY190726P301,2019-07-25,2019-07-25 09:41:11,0.93,1.1204,126,0.91,1.0963,60,0.92,1.1084,1,0.92,1.1084,2949,0
SPY190726P301,2019-07-25,2019-07-25 09:41:12,0.93,1.1204,266,0.9,1.0843,187,0.92,1.1084,1,0.915,1.1024,2949,0
SPY190726P301,2019-07-25,2019-07-25 09:41:13,0.92,1.1084,20,0.91,1.0963,146,0.92,1.1084,1,0.915,1.1024,2949,0
SPY190726P301,2019-07-25,2019-07-25 09:41:13,0.93,1.1204,40,0.92,1.1084,32,0.92,1.1084,1,0.925,1.1144,2949,0
SPY190726P301,2019-07-25,2019-07-25 09:41:14,0.92,1.1084,27,0.9,1.0843,147,0.92,1.1084,1,0.91,1.0963,2949,0
SPY190726P301,2019-07-25,2019-07-25 09:41:14,0.92,1.1084,33,0.9,1.0843,160,0.92,1.1084,1,0.91,1.0963,2949,0
SPY190726P301,2019-07-25,2019-07-25 09:41:15,0.92,1.1084,260,0.89,1.0722,160,0.92,1.1084,1,0.905,1.0903,2949,0
SPY190726P301,2019-07-25,2019-07-25 09:41:16,0.92,1.1084,297,0.89,1.0722,215,0.92,1.1084,1,0.905,1.0903,2949,0
SPY190726P301,2019-07-25,2019-07-25 09:41:17,0.92,1.1084,233,0.9,1.0843,60,0.92,1.1084,1,0.91,1.0963,2949,0
SPY190726P301,2019-07-25,2019-07-25 09:41:18,0.94,1.1325,127,0.92,1.1084,85,0.92,1.1084,1,0.93,1.1204,2949,0
SPY190726P301,2019-07-25,2019-07-25 09:41:19,0.94,1.1325,127,0.92,1.1084,81,0.92,1.1084,1,0.93,1.1204,2949,0
SPY190726P301,2019-07-25,2019-07-25 09:41:20,0.95,1.1445,57,0.93,1.1204,113,0.92,1.1084,1,0.94,1.1325,2949,0
SPY190726P301,2019-07-25,2019-07-25 09:41:21,0.97,1.1686,27,0.95,1.1445,137,0.92,1.1084,1,0.96,1.1566,2949,0
SPY190726P301,2019-07-25,2019-07-25 09:41:22,0.97,1.1686,27,0.95,1.1445,137,0.92,1.1084,1,0.96,1.1566,2949,0
SPY190726P301,2019-07-25,2019-07-25 09:41:22,0.97,1.1686,27,0.96,1.1566,48,0.92,1.1084,1,0.965,1.1626,2949,0
SPY190726P301,2019-07-25,2019-07-25 09:41:23,0.97,1.1686,57,0.95,1.1445,107,0.92,1.1084,1,0.96,1.1566,2949,0
SPY190726P301,2019-07-25,2019-07-25 09:41:24,0.97,1.1686,85,0.95,1.1445,40,0.92,1.1084,1,0.96,1.1566,2949,0
SPY190726P301,2019-07-25,2019-07-25 09:41:25,0.95,1.1445,100,0.94,1.1325,67,0.92,1.1084,1,0.945,1.1385,2949,0
SPY190726P301,2019-07-25,2019-07-25 09:41:27,0.95,1.1445,27,0.93,1.1204,195,0.92,1.1084,1,0.94,1.1325,2949,0
SPY190726P301,2019-07-25,2019-07-25 09:41:27,0.95,1.1445,27,0.93,1.1204,177,0.92,1.1084,1,0.94,1.1325,2949,0
SPY190726P301,2019-07-25,2019-07-25 09:41:28,0.95,1.1445,43,0.93,1.1204,167,0.92,1.1084,1,0.94,1.1325,2949,0
SPY190726P301,2019-07-25,2019-07-25 09:41:29,0.96,1.1566,75,0.93,1.1204,181,0.92,1.1084,1,0.945,1.1385,2949,0
SPY190726P301,2019-07-25,2019-07-25 09:41:30,0.96,1.1566,27,0.94,1.1325,236,0.92,1.1084,1,0.95,1.1445,2949,0
SPY190726P301,2019-07-25,2019-07-25 09:41:30,0.96,1.1566,27,0.94,1.1325,124,0.92,1.1084,1,0.95,1.1445,2949,0
SPY190726P301,2019-07-25,2019-07-25 09:41:31,0.96,1.1566,41,0.94,1.1325,136,0.92,1.1084,1,0.95,1.1445,2949,0
SPY190726P301,2019-07-25,2019-07-25 09:41:32,0.97,1.1686,244,0.95,1.1445,59,0.92,1.1084,1,0.96,1.1566,2949,0
SPY190726P301,2019-07-25,2019-07-25 09:41:32,0.96,1.1566,121,0.93,1.1204,167,0.92,1.1084,1,0.945,1.1385,2949,0
SPY190726P301,2019-07-25,2019-07-25 09:41:33,0.96,1.1566,168,0.93,1.1204,177,0.92,1.1084,1,0.945,1.1385,2949,0
SPY190726P301,2019-07-25,2019-07-25 09:41:34,0.96,1.1566,170,0.94,1.1325,33,0.92,1.1084,1,0.95,1.1445,2949,0
SPY190726P301,2019-07-25,2019-07-25 09:41:35,0.96,1.1566,170,0.94,1.1325,33,0.92,1.1084,1,0.95,1.1445,2949,0
SPY190726P301,2019-07-25,2019-07-25 09:41:36,0.97,1.1686,105,0.95,1.1445,30,0.92,1.1084,1,0.96,1.1566,2949,0
SPY190726P301,2019-07-25,2019-07-25 09:41:36,0.96,1.1566,146,0.94,1.1325,115,0.92,1.1084,1,0.95,1.1445,2949,0
SPY190726P301,2019-07-25,2019-07-25 09:41:37,0.97,1.1686,155,0.95,1.1445,30,0.92,1.1084,1,0.96,1.1566,2949,0
SPY190726P301,2019-07-25,2019-07-25 09:41:38,0.97,1.1686,16,0.95,1.1445,70,0.92,1.1084,1,0.96,1.1566,2949,0
SPY190726P301,2019-07-25,2019-07-25 09:41:39,0.97,1.1686,45,0.95,1.1445,234,0.92,1.1084,1,0.96,1.1566,2949,0
SPY190726P301,2019-07-25,2019-07-25 09:41:40,0.97,1.1686,59,0.95,1.1445,159,0.92,1.1084,1,0.96,1.1566,2949,0
SPY190726P301,2019-07-25,2019-07-25 09:41:41,0.97,1.1686,57,0.95,1.1445,154,0.92,1.1084,1,0.96,1.1566,2949,0
SPY190726P301,2019-07-25,2019-07-25 09:41:41,0.98,1.1807,203,0.95,1.1445,185,0.92,1.1084,1,0.965,1.1626,2949,0
SPY190726P301,2019-07-25,2019-07-25 09:41:42,0.97,1.1686,84,0.93,1.1204,60,0.92,1.1084,1,0.95,1.1445,2949,0
SPY190726P301,2019-07-25,2019-07-25 09:41:43,0.96,1.1566,62,0.94,1.1325,85,0.92,1.1084,1,0.95,1.1445,2949,0
SPY190726P301,2019-07-25,2019-07-25 09:41:44,0.96,1.1566,85,0.94,1.1325,85,0.92,1.1084,1,0.95,1.1445,2949,0
SPY190726P301,2019-07-25,2019-07-25 09:41:45,0.96,1.1566,110,0.94,1.1325,85,0.92,1.1084,1,0.95,1.1445,2949,0
SPY190726P301,2019-07-25,2019-07-25 09:41:46,0.97,1.1686,45,0.96,1.1566,32,0.92,1.1084,1,0.965,1.1626,2949,0
SPY190726P301,2019-07-25,2019-07-25 09:41:46,0.97,1.1686,31,0.96,1.1566,32,0.92,1.1084,1,0.965,1.1626,2949,0
SPY190726P301,2019-07-25,2019-07-25 09:41:47,0.98,1.1807,238,0.96,1.1566,32,0.92,1.1084,1,0.97,1.1686,2949,0
SPY190726P301,2019-07-25,2019-07-25 09:41:48,0.98,1.1807,238,0.96,1.1566,27,0.92,1.1084,1,0.97,1.1686,2949,0
SPY190726P301,2019-07-25,2019-07-25 09:41:49,0.97,1.1686,84,0.96,1.1566,26,0.92,1.1084,1,0.965,1.1626,2949,0
SPY190726P301,2019-07-25,2019-07-25 09:41:50,0.97,1.1686,235,0.94,1.1325,159,0.92,1.1084,1,0.955,1.1506,2949,0
SPY190726P301,2019-07-25,2019-07-25 09:41:50,0.97,1.1686,235,0.95,1.1445,72,0.92,1.1084,1,0.96,1.1566,2949,0
SPY190726P301,2019-07-25,2019-07-25 09:41:51,0.97,1.1686,93,0.95,1.1445,35,0.92,1.1084,1,0.96,1.1566,2949,0
SPY190726P301,2019-07-25,2019-07-25 09:41:52,0.97,1.1686,124,0.95,1.1445,73,0.92,1.1084,1,0.96,1.1566,2949,0
SPY190726P301,2019-07-25,2019-07-25 09:41:53,0.97,1.1686,126,0.94,1.1325,27,0.92,1.1084,1,0.955,1.1506,2949,0
SPY190726P301,2019-07-25,2019-07-25 09:41:54,0.95,1.1445,71,0.93,1.1204,32,0.92,1.1084,1,0.94,1.1325,2949,0
SPY190726P301,2019-07-25,2019-07-25 09:41:54,0.96,1.1566,235,0.94,1.1325,33,0.92,1.1084,1,0.95,1.1445,2949,0
SPY190726P301,2019-07-25,2019-07-25 09:41:55,0.95,1.1445,249,0.93,1.1204,32,0.92,1.1084,1,0.94,1.1325,2949,0
SPY190726P301,2019-07-25,2019-07-25 09:41:55,0.95,1.1445,71,0.93,1.1204,32,0.92,1.1084,1,0.94,1.1325,2949,0
SPY190726P301,2019-07-25,2019-07-25 09:41:56,0.95,1.1445,365,0.92,1.1084,159,0.92,1.1084,1,0.935,1.1265,2949,0
SPY190726P301,2019-07-25,2019-07-25 09:41:57,0.94,1.1325,24,0.92,1.1084,159,0.92,1.1084,1,0.93,1.1204,2949,0
SPY190726P301,2019-07-25,2019-07-25 09:41:58,0.96,1.1566,1,0.95,1.1445,123,0.92,1.1084,1,0.955,1.1506,2949,0
SPY190726P301,2019-07-25,2019-07-25 09:41:59,0.95,1.1445,94,0.93,1.1204,77,0.92,1.1084,1,0.94,1.1325,2949,0
SPY190726P301,2019-07-25,2019-07-25 09:41:59,0.95,1.1445,127,0.93,1.1204,77,0.92,1.1084,1,0.94,1.1325,2949,0
SPY190726P301,2019-07-25,2019-07-25 09:42:00,0.96,1.1566,192,0.94,1.1325,59,0.94,1.1325,10,0.95,1.1445,2959,10
SPY190726P301,2019-07-25,2019-07-25 09:42:00,0.95,1.1445,202,0.92,1.1084,175,0.92,1.1084,1,0.935,1.1265,2949,0
SPY190726P301,2019-07-25,2019-07-25 09:42:01,0.96,1.1566,84,0.94,1.1325,122,0.94,1.1325,10,0.95,1.1445,2959,0
SPY190726P301,2019-07-25,2019-07-25 09:42:02,0.96,1.1566,132,0.94,1.1325,85,0.94,1.1325,10,0.95,1.1445,2959,0
SPY190726P301,2019-07-25,2019-07-25 09:42:02,0.96,1.1566,137,0.94,1.1325,64,0.94,1.1325,10,0.95,1.1445,2959,0
SPY190726P301,2019-07-25,2019-07-25 09:42:03,0.96,1.1566,132,0.94,1.1325,59,0.94,1.1325,10,0.95,1.1445,2959,0
SPY190726P301,2019-07-25,2019-07-25 09:42:04,0.96,1.1566,198,0.94,1.1325,32,0.94,1.1325,10,0.95,1.1445,2959,0
SPY190726P301,2019-07-25,2019-07-25 09:42:04,0.95,1.1445,30,0.94,1.1325,57,0.94,1.1325,10,0.945,1.1385,2959,0
SPY190726P301,2019-07-25,2019-07-25 09:42:05,0.96,1.1566,1,0.94,1.1325,46,0.94,1.1325,10,0.95,1.1445,2959,0
SPY190726P301,2019-07-25,2019-07-25 09:42:05,0.96,1.1566,1,0.95,1.1445,91,0.94,1.1325,10,0.955,1.1506,2959,0
SPY190726P301,2019-07-25,2019-07-25 09:42:06,0.96,1.1566,32,0.95,1.1445,159,0.94,1.1325,10,0.955,1.1506,2959,0
SPY190726P301,2019-07-25,2019-07-25 09:42:07,0.96,1.1566,1,0.95,1.1445,182,0.94,1.1325,10,0.955,1.1506,2959,0
SPY190726P301,2019-07-25,2019-07-25 09:42:08,0.98,1.1807,139,0.96,1.1566,97,0.96,1.1566,1,0.97,1.1686,2960,0
SPY190726P301,2019-07-25,2019-07-25 09:42:08,0.98,1.1807,85,0.96,1.1566,83,0.96,1.1566,1,0.97,1.1686,2960,1
SPY190726P301,2019-07-25,2019-07-25 09:42:09,0.98,1.1807,160,0.96,1.1566,27,0.96,1.1566,1,0.97,1.1686,2960,0
SPY190726P301,2019-07-25,2019-07-25 09:42:10,0.98,1.1807,52,0.96,1.1566,165,0.96,1.1566,1,0.97,1.1686,2960,0
SPY190726P301,2019-07-25,2019-07-25 09:42:11,0.98,1.1807,6,0.96,1.1566,345,0.96,1.1566,1,0.97,1.1686,2960,0
SPY190726P301,2019-07-25,2019-07-25 09:42:11,0.98,1.1807,103,0.94,1.1325,129,0.96,1.1566,1,0.96,1.1566,2960,0
SPY190726P301,2019-07-25,2019-07-25 09:42:12,0.95,1.1445,25,0.93,1.1204,56,0.96,1.1566,1,0.94,1.1325,2960,0
SPY190726P301,2019-07-25,2019-07-25 09:42:13,0.95,1.1445,28,0.93,1.1204,127,0.96,1.1566,1,0.94,1.1325,2960,0
