symbol,Date,quote_time,ask_price,norm_ask_price,ask_size,bid_price,norm_bid_price,bid_size,last_trade_price,norm_last_trade_price,last_trade_size,mark_price,norm_mark_price,volume,Volume
SPY190719C299,2019-07-17,2019-07-17 09:30:00,1.43,1.0,10,1.4,0.979,5,1.42,0.993,9,1.415,0.9895,21,21
SPY190719C299,2019-07-17,2019-07-17 09:30:04,1.44,1.0069,81,1.41,0.986,1,1.41,0.986,1,1.425,0.9965,22,1
SPY190719C299,2019-07-17,2019-07-17 09:30:05,1.44,1.0069,1,1.41,0.986,10,1.41,0.986,1,1.425,0.9965,22,0
SPY190719C299,2019-07-17,2019-07-17 09:30:06,1.44,1.0069,1,1.4,0.979,10,1.4,0.979,5,1.42,0.993,27,5
SPY190719C299,2019-07-17,2019-07-17 09:30:07,1.44,1.0069,1,1.4,0.979,100,1.4,0.979,5,1.42,0.993,27,0
SPY190719C299,2019-07-17,2019-07-17 09:30:07,1.44,1.0069,1,1.4,0.979,10,1.4,0.979,5,1.42,0.993,27,0
SPY190719C299,2019-07-17,2019-07-17 09:30:08,1.44,1.0069,10,1.4,0.979,100,1.4,0.979,5,1.42,0.993,27,0
SPY190719C299,2019-07-17,2019-07-17 09:30:09,1.44,1.0069,10,1.4,0.979,100,1.4,0.979,5,1.42,0.993,27,0
SPY190719C299,2019-07-17,2019-07-17 09:30:10,1.43,1.0,1,1.4,0.979,5,1.4,0.979,5,1.415,0.9895,27,0
SPY190719C299,2019-07-17,2019-07-17 09:30:10,1.44,1.0069,10,1.41,0.986,10,1.4,0.979,5,1.425,0.9965,27,0
SPY190719C299,2019-07-17,2019-07-17 09:30:11,1.4,0.979,5,1.36,0.951,6,1.4,0.979,5,1.38,0.965,27,0
SPY190719C299,2019-07-17,2019-07-17 09:30:11,1.4,0.979,5,1.35,0.944,5,1.4,0.979,5,1.375,0.9615,27,0
SPY190719C299,2019-07-17,2019-07-17 09:30:12,1.38,0.965,32,1.35,0.944,10,1.4,0.979,5,1.365,0.9545,27,0
SPY190719C299,2019-07-17,2019-07-17 09:30:12,1.41,0.986,10,1.39,0.972,10,1.4,0.979,5,1.4,0.979,27,0
SPY190719C299,2019-07-17,2019-07-17 09:30:13,1.41,0.986,10,1.39,0.972,47,1.4,0.979,5,1.4,0.979,27,0
SPY190719C299,2019-07-17,2019-07-17 09:30:14,1.43,1.0,100,1.4,0.979,87,1.4,0.979,5,1.415,0.9895,27,0
SPY190719C299,2019-07-17,2019-07-17 09:30:14,1.42,0.993,72,1.4,0.979,10,1.4,0.979,5,1.41,0.986,27,0
SPY190719C299,2019-07-17,2019-07-17 09:30:15,1.43,1.0,100,1.4,0.979,107,1.4,0.979,5,1.415,0.9895,27,0
SPY190719C299,2019-07-17,2019-07-17 09:30:16,1.43,1.0,100,1.4,0.979,96,1.4,0.979,5,1.415,0.9895,27,0
SPY190719C299,2019-07-17,2019-07-17 09:30:16,1.43,1.0,100,1.4,0.979,87,1.4,0.979,5,1.415,0.9895,27,0
SPY190719C299,2019-07-17,2019-07-17 09:30:17,1.43,1.0,100,1.4,0.979,106,1.4,0.979,5,1.415,0.9895,27,0
SPY190719C299,2019-07-17,2019-07-17 09:30:18,1.43,1.0,100,1.4,0.979,177,1.4,0.979,2,1.415,0.9895,29,2
SPY190719C299,2019-07-17,2019-07-17 09:30:18,1.43,1.0,100,1.4,0.979,106,1.4,0.979,5,1.415,0.9895,27,0
SPY190719C299,2019-07-17,2019-07-17 09:30:19,1.43,1.0,100,1.4,0.979,96,1.4,0.979,2,1.415,0.9895,29,0
SPY190719C299,2019-07-17,2019-07-17 09:30:20,1.43,1.0,12,1.4,0.979,96,1.4,0.979,2,1.415,0.9895,29,0
SPY190719C299,2019-07-17,2019-07-17 09:30:21,1.42,0.993,5,1.39,0.972,12,1.4,0.979,2,1.405,0.9825,29,0
SPY190719C299,2019-07-17,2019-07-17 09:30:23,1.42,0.993,112,1.39,0.972,11,1.4,0.979,2,1.405,0.9825,29,0
SPY190719C299,2019-07-17,2019-07-17 09:30:24,1.42,0.993,50,1.39,0.972,10,1.4,0.979,2,1.405,0.9825,29,0
SPY190719C299,2019-07-17,2019-07-17 09:30:25,1.4,0.979,5,1.37,0.958,5,1.4,0.979,2,1.385,0.9685,29,0
SPY190719C299,2019-07-17,2019-07-17 09:30:26,1.42,0.993,12,1.38,0.965,12,1.4,0.979,2,1.4,0.979,29,0
SPY190719C299,2019-07-17,2019-07-17 09:30:27,1.42,0.993,62,1.38,0.965,77,1.4,0.979,2,1.4,0.979,29,0
SPY190719C299,2019-07-17,2019-07-17 09:30:28,1.43,1.0,108,1.4,0.979,72,1.4,0.979,2,1.415,0.9895,29,0
SPY190719C299,2019-07-17,2019-07-17 09:30:29,1.43,1.0,100,1.4,0.979,72,1.4,0.979,2,1.415,0.9895,29,0
SPY190719C299,2019-07-17,2019-07-17 09:30:30,1.43,1.0,100,1.4,0.979,72,1.4,0.979,2,1.415,0.9895,29,0
SPY190719C299,2019-07-17,2019-07-17 09:30:31,1.43,1.0,100,1.4,0.979,82,1.4,0.979,2,1.415,0.9895,29,0
SPY190719C299,2019-07-17,2019-07-17 09:30:32,1.46,1.0209,10,1.43,1.0,22,1.4,0.979,2,1.445,1.0104,29,0
SPY190719C299,2019-07-17,2019-07-17 09:30:33,1.47,1.0279,110,1.44,1.0069,1,1.4,0.979,2,1.455,1.0174,29,0
SPY190719C299,2019-07-17,2019-07-17 09:30:34,1.47,1.0279,6,1.44,1.0069,79,1.4,0.979,2,1.455,1.0174,29,0
SPY190719C299,2019-07-17,2019-07-17 09:30:35,1.48,1.0349,110,1.45,1.0139,1,1.4,0.979,2,1.465,1.0244,29,0
SPY190719C299,2019-07-17,2019-07-17 09:30:35,1.47,1.0279,6,1.44,1.0069,10,1.4,0.979,2,1.455,1.0174,29,0
SPY190719C299,2019-07-17,2019-07-17 09:30:36,1.47,1.0279,6,1.44,1.0069,10,1.4,0.979,2,1.455,1.0174,29,0
SPY190719C299,2019-07-17,2019-07-17 09:30:37,1.46,1.0209,5,1.44,1.0069,10,1.4,0.979,2,1.45,1.0139,29,0
SPY190719C299,2019-07-17,2019-07-17 09:30:37,1.46,1.0209,5,1.44,1.0069,3,1.4,0.979,2,1.45,1.0139,29,0
SPY190719C299,2019-07-17,2019-07-17 09:30:38,1.47,1.0279,10,1.44,1.0069,3,1.4,0.979,2,1.455,1.0174,29,0
SPY190719C299,2019-07-17,2019-07-17 09:30:39,1.48,1.0349,20,1.45,1.0139,1,1.4,0.979,2,1.465,1.0244,29,0
SPY190719C299,2019-07-17,2019-07-17 09:30:39,1.47,1.0279,100,1.45,1.0139,1,1.4,0.979,2,1.46,1.0209,29,0
SPY190719C299,2019-07-17,2019-07-17 09:30:40,1.48,1.0349,100,1.45,1.0139,10,1.4,0.979,2,1.465,1.0244,29,0
SPY190719C299,2019-07-17,2019-07-17 09:30:41,1.48,1.0349,100,1.45,1.0139,10,1.4,0.979,2,1.465,1.0244,29,0
SPY190719C299,2019-07-17,2019-07-17 09:30:42,1.48,1.0349,100,1.45,1.0139,10,1.4,0.979,2,1.465,1.0244,29,0
SPY190719C299,2019-07-17,2019-07-17 09:30:43,1.46,1.0209,5,1.43,1.0,10,1.4,0.979,2,1.445,1.0104,29,0
SPY190719C299,2019-07-17,2019-07-17 09:30:44,1.46,1.0209,10,1.44,1.0069,2,1.4,0.979,2,1.45,1.0139,29,0
SPY190719C299,2019-07-17,2019-07-17 09:30:45,1.47,1.0279,6,1.42,0.993,30,1.4,0.979,2,1.445,1.0104,29,0
SPY190719C299,2019-07-17,2019-07-17 09:30:46,1.46,1.0209,114,1.43,1.0,31,1.4,0.979,2,1.445,1.0104,29,0
SPY190719C299,2019-07-17,2019-07-17 09:30:48,1.44,1.0069,10,1.42,0.993,39,1.4,0.979,2,1.43,1.0,29,0
SPY190719C299,2019-07-17,2019-07-17 09:30:49,1.44,1.0069,1,1.42,0.993,30,1.4,0.979,2,1.43,1.0,29,0
SPY190719C299,2019-07-17,2019-07-17 09:30:51,1.44,1.0069,100,1.41,0.986,126,1.4,0.979,2,1.425,0.9965,29,0
SPY190719C299,2019-07-17,2019-07-17 09:30:52,1.46,1.0209,116,1.43,1.0,36,1.4,0.979,2,1.445,1.0104,29,0
SPY190719C299,2019-07-17,2019-07-17 09:30:53,1.46,1.0209,116,1.43,1.0,84,1.4,0.979,2,1.445,1.0104,29,0
SPY190719C299,2019-07-17,2019-07-17 09:30:54,1.46,1.0209,116,1.43,1.0,84,1.4,0.979,2,1.445,1.0104,29,0
SPY190719C299,2019-07-17,2019-07-17 09:30:54,1.46,1.0209,116,1.43,1.0,175,1.46,1.0209,1,1.445,1.0104,30,1
SPY190719C299,2019-07-17,2019-07-17 09:30:55,1.46,1.0209,116,1.43,1.0,175,1.46,1.0209,1,1.445,1.0104,30,0
SPY190719C299,2019-07-17,2019-07-17 09:30:56,1.46,1.0209,116,1.43,1.0,175,1.46,1.0209,1,1.445,1.0104,30,0
SPY190719C299,2019-07-17,2019-07-17 09:30:57,1.46,1.0209,110,1.43,1.0,458,1.46,1.0209,1,1.445,1.0104,30,0
SPY190719C299,2019-07-17,2019-07-17 09:30:57,1.46,1.0209,110,1.43,1.0,175,1.46,1.0209,1,1.445,1.0104,30,0
SPY190719C299,2019-07-17,2019-07-17 09:30:58,1.46,1.0209,152,1.43,1.0,46,1.46,1.0209,1,1.445,1.0104,30,0
SPY190719C299,2019-07-17,2019-07-17 09:30:58,1.46,1.0209,152,1.43,1.0,76,1.46,1.0209,1,1.445,1.0104,30,0
SPY190719C299,2019-07-17,2019-07-17 09:30:59,1.46,1.0209,152,1.43,1.0,64,1.46,1.0209,1,1.445,1.0104,30,0
SPY190719C299,2019-07-17,2019-07-17 09:31:00,1.46,1.0209,100,1.44,1.0069,33,1.46,1.0209,1,1.45,1.0139,30,0
SPY190719C299,2019-07-17,2019-07-17 09:31:00,1.47,1.0279,154,1.44,1.0069,36,1.46,1.0209,1,1.455,1.0174,30,0
SPY190719C299,2019-07-17,2019-07-17 09:31:01,1.46,1.0209,62,1.44,1.0069,36,1.46,1.0209,1,1.45,1.0139,30,0
SPY190719C299,2019-07-17,2019-07-17 09:31:01,1.47,1.0279,216,1.44,1.0069,40,1.46,1.0209,1,1.455,1.0174,30,0
SPY190719C299,2019-07-17,2019-07-17 09:31:02,1.47,1.0279,216,1.44,1.0069,83,1.46,1.0209,1,1.455,1.0174,30,0
SPY190719C299,2019-07-17,2019-07-17 09:31:03,1.48,1.0349,211,1.44,1.0069,112,1.46,1.0209,1,1.46,1.0209,30,0
SPY190719C299,2019-07-17,2019-07-17 09:31:03,1.47,1.0279,216,1.44,1.0069,58,1.46,1.0209,1,1.455,1.0174,30,0
SPY190719C299,2019-07-17,2019-07-17 09:31:04,1.48,1.0349,116,1.45,1.0139,81,1.46,1.0209,1,1.465,1.0244,30,0
SPY190719C299,2019-07-17,2019-07-17 09:31:04,1.47,1.0279,100,1.45,1.0139,30,1.46,1.0209,1,1.46,1.0209,30,0
SPY190719C299,2019-07-17,2019-07-17 09:31:05,1.47,1.0279,100,1.44,1.0069,36,1.46,1.0209,1,1.455,1.0174,30,0
SPY190719C299,2019-07-17,2019-07-17 09:31:05,1.47,1.0279,114,1.44,1.0069,125,1.46,1.0209,1,1.455,1.0174,30,0
SPY190719C299,2019-07-17,2019-07-17 09:31:06,1.47,1.0279,214,1.44,1.0069,74,1.46,1.0209,1,1.455,1.0174,30,0
SPY190719C299,2019-07-17,2019-07-17 09:31:07,1.47,1.0279,100,1.44,1.0069,77,1.46,1.0209,1,1.455,1.0174,30,0
SPY190719C299,2019-07-17,2019-07-17 09:31:07,1.47,1.0279,114,1.44,1.0069,93,1.46,1.0209,1,1.455,1.0174,30,0
SPY190719C299,2019-07-17,2019-07-17 09:31:08,1.49,1.0419,30,1.47,1.0279,30,1.46,1.0209,1,1.48,1.0349,30,0
SPY190719C299,2019-07-17,2019-07-17 09:31:08,1.49,1.0419,184,1.46,1.0209,7,1.46,1.0209,1,1.475,1.0314,30,0
SPY190719C299,2019-07-17,2019-07-17 09:31:09,1.49,1.0419,26,1.47,1.0279,40,1.46,1.0209,1,1.48,1.0349,30,0
SPY190719C299,2019-07-17,2019-07-17 09:31:10,1.5,1.0489,43,1.47,1.0279,80,1.46,1.0209,1,1.485,1.0384,30,0
SPY190719C299,2019-07-17,2019-07-17 09:31:10,1.5,1.0489,214,1.47,1.0279,119,1.46,1.0209,1,1.485,1.0384,30,0
SPY190719C299,2019-07-17,2019-07-17 09:31:11,1.5,1.0489,214,1.47,1.0279,112,1.46,1.0209,1,1.485,1.0384,30,0
SPY190719C299,2019-07-17,2019-07-17 09:31:12,1.5,1.0489,214,1.47,1.0279,101,1.46,1.0209,1,1.485,1.0384,30,0
SPY190719C299,2019-07-17,2019-07-17 09:31:12,1.5,1.0489,214,1.47,1.0279,100,1.46,1.0209,1,1.485,1.0384,30,0
SPY190719C299,2019-07-17,2019-07-17 09:31:13,1.5,1.0489,2,1.48,1.0349,96,1.46,1.0209,1,1.49,1.0419,30,0
SPY190719C299,2019-07-17,2019-07-17 09:31:13,1.5,1.0489,2,1.47,1.0279,100,1.46,1.0209,1,1.485,1.0384,30,0
SPY190719C299,2019-07-17,2019-07-17 09:31:14,1.5,1.0489,2,1.48,1.0349,96,1.46,1.0209,1,1.49,1.0419,30,0
SPY190719C299,2019-07-17,2019-07-17 09:31:15,1.5,1.0489,2,1.49,1.0419,45,1.5,1.0489,2,1.495,1.0454,32,2
SPY190719C299,2019-07-17,2019-07-17 09:31:15,1.5,1.0489,2,1.48,1.0349,96,1.46,1.0209,1,1.49,1.0419,30,0
SPY190719C299,2019-07-17,2019-07-17 09:31:16,1.53,1.0699,220,1.5,1.0489,43,1.5,1.0489,2,1.515,1.0594,32,0
SPY190719C299,2019-07-17,2019-07-17 09:31:16,1.53,1.0699,220,1.5,1.0489,40,1.5,1.0489,2,1.515,1.0594,32,0
SPY190719C299,2019-07-17,2019-07-17 09:31:17,1.53,1.0699,151,1.5,1.0489,40,1.5,1.0489,2,1.515,1.0594,32,0
SPY190719C299,2019-07-17,2019-07-17 09:31:18,1.52,1.0629,143,1.49,1.0419,163,1.52,1.0629,1,1.505,1.0524,33,1
SPY190719C299,2019-07-17,2019-07-17 09:31:18,1.52,1.0629,59,1.49,1.0419,130,1.52,1.0629,1,1.505,1.0524,33,0
SPY190719C299,2019-07-17,2019-07-17 09:31:19,1.52,1.0629,59,1.49,1.0419,233,1.52,1.0629,1,1.505,1.0524,33,0
SPY190719C299,2019-07-17,2019-07-17 09:31:19,1.52,1.0629,59,1.49,1.0419,170,1.52,1.0629,1,1.505,1.0524,33,0
SPY190719C299,2019-07-17,2019-07-17 09:31:20,1.52,1.0629,49,1.49,1.0419,308,1.52,1.0629,2,1.505,1.0524,35,0
SPY190719C299,2019-07-17,2019-07-17 09:31:20,1.52,1.0629,59,1.49,1.0419,181,1.52,1.0629,2,1.505,1.0524,35,2
SPY190719C299,2019-07-17,2019-07-17 09:31:21,1.53,1.0699,220,1.49,1.0419,311,1.52,1.0629,2,1.51,1.0559,35,0
SPY190719C299,2019-07-17,2019-07-17 09:31:22,1.52,1.0629,102,1.49,1.0419,255,1.52,1.0629,2,1.505,1.0524,35,0
SPY190719C299,2019-07-17,2019-07-17 09:31:23,1.52,1.0629,40,1.49,1.0419,140,1.52,1.0629,2,1.505,1.0524,35,0
SPY190719C299,2019-07-17,2019-07-17 09:31:23,1.52,1.0629,200,1.49,1.0419,115,1.52,1.0629,2,1.505,1.0524,35,0
SPY190719C299,2019-07-17,2019-07-17 09:31:24,1.52,1.0629,40,1.49,1.0419,331,1.52,1.0629,2,1.505,1.0524,35,0
SPY190719C299,2019-07-17,2019-07-17 09:31:25,1.52,1.0629,30,1.49,1.0419,331,1.52,1.0629,2,1.505,1.0524,35,0
SPY190719C299,2019-07-17,2019-07-17 09:31:26,1.52,1.0629,30,1.49,1.0419,328,1.52,1.0629,2,1.505,1.0524,35,0
SPY190719C299,2019-07-17,2019-07-17 09:31:27,1.54,1.0769,142,1.51,1.0559,96,1.52,1.0629,2,1.525,1.0664,35,0
SPY190719C299,2019-07-17,2019-07-17 09:31:27,1.54,1.0769,214,1.51,1.0559,96,1.52,1.0629,2,1.525,1.0664,35,0
SPY190719C299,2019-07-17,2019-07-17 09:31:28,1.54,1.0769,194,1.51,1.0559,96,1.52,1.0629,2,1.525,1.0664,35,0
SPY190719C299,2019-07-17,2019-07-17 09:31:29,1.54,1.0769,149,1.51,1.0559,94,1.52,1.0629,2,1.525,1.0664,35,0
SPY190719C299,2019-07-17,2019-07-17 09:31:30,1.54,1.0769,142,1.52,1.0629,3,1.52,1.0629,2,1.53,1.0699,35,0
SPY190719C299,2019-07-17,2019-07-17 09:31:30,1.54,1.0769,114,1.52,1.0629,3,1.52,1.0629,2,1.53,1.0699,35,0
SPY190719C299,2019-07-17,2019-07-17 09:31:31,1.54,1.0769,142,1.49,1.0419,80,1.52,1.0629,3,1.515,1.0594,38,3
SPY190719C299,2019-07-17,2019-07-17 09:31:32,1.52,1.0629,30,1.49,1.0419,154,1.52,1.0629,3,1.505,1.0524,38,0
SPY190719C299,2019-07-17,2019-07-17 09:31:32,1.53,1.0699,222,1.49,1.0419,122,1.52,1.0629,3,1.51,1.0559,38,0
SPY190719C299,2019-07-17,2019-07-17 09:31:35,1.51,1.0559,107,1.49,1.0419,177,1.52,1.0629,3,1.5,1.0489,38,0
SPY190719C299,2019-07-17,2019-07-17 09:31:37,1.51,1.0559,115,1.49,1.0419,10,1.52,1.0629,3,1.5,1.0489,38,0
SPY190719C299,2019-07-17,2019-07-17 09:31:38,1.51,1.0559,131,1.49,1.0419,10,1.52,1.0629,3,1.5,1.0489,38,0
SPY190719C299,2019-07-17,2019-07-17 09:31:39,1.52,1.0629,40,1.49,1.0419,165,1.5,1.0489,1,1.505,1.0524,39,0
SPY190719C299,2019-07-17,2019-07-17 09:31:39,1.52,1.0629,72,1.5,1.0489,1,1.5,1.0489,1,1.51,1.0559,39,1
SPY190719C299,2019-07-17,2019-07-17 09:31:40,1.52,1.0629,40,1.49,1.0419,193,1.5,1.0489,1,1.505,1.0524,39,0
SPY190719C299,2019-07-17,2019-07-17 09:31:45,1.53,1.0699,291,1.5,1.0489,10,1.5,1.0489,1,1.515,1.0594,39,0
SPY190719C299,2019-07-17,2019-07-17 09:31:47,1.53,1.0699,291,1.5,1.0489,10,1.5,1.0489,1,1.515,1.0594,39,0
SPY190719C299,2019-07-17,2019-07-17 09:31:48,1.53,1.0699,291,1.5,1.0489,10,1.52,1.0629,5,1.515,1.0594,44,5
SPY190719C299,2019-07-17,2019-07-17 09:31:49,1.53,1.0699,291,1.5,1.0489,10,1.52,1.0629,5,1.515,1.0594,44,0
SPY190719C299,2019-07-17,2019-07-17 09:31:50,1.53,1.0699,291,1.5,1.0489,10,1.52,1.0629,5,1.515,1.0594,44,0
SPY190719C299,2019-07-17,2019-07-17 09:31:51,1.53,1.0699,212,1.5,1.0489,10,1.52,1.0629,5,1.515,1.0594,44,0
SPY190719C299,2019-07-17,2019-07-17 09:31:52,1.53,1.0699,212,1.5,1.0489,10,1.52,1.0629,5,1.515,1.0594,44,0
SPY190719C299,2019-07-17,2019-07-17 09:31:53,1.51,1.0559,80,1.5,1.0489,10,1.52,1.0629,5,1.505,1.0524,44,0
SPY190719C299,2019-07-17,2019-07-17 09:31:53,1.53,1.0699,219,1.5,1.0489,10,1.52,1.0629,5,1.515,1.0594,44,0
SPY190719C299,2019-07-17,2019-07-17 09:31:55,1.49,1.0419,80,1.46,1.0209,90,1.5,1.0489,10,1.475,1.0314,54,10
SPY190719C299,2019-07-17,2019-07-17 09:31:55,1.49,1.0419,84,1.46,1.0209,119,1.5,1.0489,10,1.475,1.0314,54,0
SPY190719C299,2019-07-17,2019-07-17 09:31:56,1.49,1.0419,139,1.46,1.0209,112,1.5,1.0489,10,1.475,1.0314,54,0
SPY190719C299,2019-07-17,2019-07-17 09:31:57,1.49,1.0419,89,1.46,1.0209,112,1.5,1.0489,10,1.475,1.0314,54,0
SPY190719C299,2019-07-17,2019-07-17 09:31:58,1.49,1.0419,89,1.46,1.0209,112,1.5,1.0489,10,1.475,1.0314,54,0
SPY190719C299,2019-07-17,2019-07-17 09:31:59,1.48,1.0349,30,1.46,1.0209,36,1.5,1.0489,10,1.47,1.0279,54,0
SPY190719C299,2019-07-17,2019-07-17 09:32:00,1.47,1.0279,100,1.44,1.0069,149,1.5,1.0489,10,1.455,1.0174,54,0
SPY190719C299,2019-07-17,2019-07-17 09:32:00,1.48,1.0349,55,1.45,1.0139,100,1.5,1.0489,10,1.465,1.0244,54,0
SPY190719C299,2019-07-17,2019-07-17 09:32:01,1.46,1.0209,130,1.41,0.986,130,1.5,1.0489,10,1.435,1.0034,54,0
SPY190719C299,2019-07-17,2019-07-17 09:32:02,1.46,1.0209,69,1.42,0.993,110,1.5,1.0489,10,1.44,1.0069,54,0
SPY190719C299,2019-07-17,2019-07-17 09:32:02,1.46,1.0209,145,1.43,1.0,107,1.5,1.0489,10,1.445,1.0104,54,0
SPY190719C299,2019-07-17,2019-07-17 09:32:03,1.46,1.0209,128,1.43,1.0,111,1.5,1.0489,10,1.445,1.0104,54,0
SPY190719C299,2019-07-17,2019-07-17 09:32:04,1.46,1.0209,286,1.43,1.0,111,1.5,1.0489,10,1.445,1.0104,54,0
SPY190719C299,2019-07-17,2019-07-17 09:32:04,1.46,1.0209,176,1.43,1.0,111,1.5,1.0489,10,1.445,1.0104,54,0
SPY190719C299,2019-07-17,2019-07-17 09:32:05,1.46,1.0209,107,1.43,1.0,111,1.5,1.0489,10,1.445,1.0104,54,0
SPY190719C299,2019-07-17,2019-07-17 09:32:06,1.46,1.0209,319,1.43,1.0,139,1.5,1.0489,10,1.445,1.0104,54,0
SPY190719C299,2019-07-17,2019-07-17 09:32:06,1.46,1.0209,348,1.43,1.0,139,1.5,1.0489,10,1.445,1.0104,54,0
SPY190719C299,2019-07-17,2019-07-17 09:32:07,1.46,1.0209,303,1.43,1.0,134,1.5,1.0489,10,1.445,1.0104,54,0
SPY190719C299,2019-07-17,2019-07-17 09:32:08,1.46,1.0209,303,1.43,1.0,134,1.5,1.0489,10,1.445,1.0104,54,0
SPY190719C299,2019-07-17,2019-07-17 09:32:09,1.46,1.0209,258,1.43,1.0,134,1.5,1.0489,10,1.445,1.0104,54,0
SPY190719C299,2019-07-17,2019-07-17 09:32:09,1.45,1.0139,51,1.43,1.0,134,1.5,1.0489,10,1.44,1.0069,54,0
SPY190719C299,2019-07-17,2019-07-17 09:32:10,1.44,1.0069,74,1.42,0.993,25,1.5,1.0489,10,1.43,1.0,54,0
SPY190719C299,2019-07-17,2019-07-17 09:32:10,1.44,1.0069,99,1.42,0.993,25,1.5,1.0489,10,1.43,1.0,54,0
SPY190719C299,2019-07-17,2019-07-17 09:32:11,1.44,1.0069,92,1.41,0.986,105,1.5,1.0489,10,1.425,0.9965,54,0
SPY190719C299,2019-07-17,2019-07-17 09:32:12,1.44,1.0069,142,1.41,0.986,115,1.5,1.0489,10,1.425,0.9965,54,0
SPY190719C299,2019-07-17,2019-07-17 09:32:13,1.44,1.0069,196,1.41,0.986,82,1.5,1.0489,10,1.425,0.9965,54,0
SPY190719C299,2019-07-17,2019-07-17 09:32:13,1.43,1.0,51,1.41,0.986,82,1.5,1.0489,10,1.42,0.993,54,0
SPY190719C299,2019-07-17,2019-07-17 09:32:14,1.45,1.0139,83,1.42,0.993,139,1.5,1.0489,10,1.435,1.0034,54,0
SPY190719C299,2019-07-17,2019-07-17 09:32:14,1.45,1.0139,83,1.43,1.0,25,1.5,1.0489,10,1.44,1.0069,54,0
SPY190719C299,2019-07-17,2019-07-17 09:32:15,1.45,1.0139,83,1.43,1.0,13,1.5,1.0489,10,1.44,1.0069,54,0
SPY190719C299,2019-07-17,2019-07-17 09:32:15,1.45,1.0139,130,1.42,0.993,141,1.5,1.0489,10,1.435,1.0034,54,0
SPY190719C299,2019-07-17,2019-07-17 09:32:16,1.45,1.0139,202,1.42,0.993,141,1.5,1.0489,10,1.435,1.0034,54,0
SPY190719C299,2019-07-17,2019-07-17 09:32:17,1.45,1.0139,207,1.42,0.993,135,1.5,1.0489,10,1.435,1.0034,54,0
SPY190719C299,2019-07-17,2019-07-17 09:32:17,1.45,1.0139,135,1.42,0.993,135,1.5,1.0489,10,1.435,1.0034,54,0
SPY190719C299,2019-07-17,2019-07-17 09:32:18,1.44,1.0069,85,1.41,0.986,160,1.5,1.0489,10,1.425,0.9965,54,0
SPY190719C299,2019-07-17,2019-07-17 09:32:18,1.44,1.0069,139,1.41,0.986,120,1.5,1.0489,10,1.425,0.9965,54,0
SPY190719C299,2019-07-17,2019-07-17 09:32:19,1.44,1.0069,142,1.41,0.986,160,1.5,1.0489,10,1.425,0.9965,54,0
SPY190719C299,2019-07-17,2019-07-17 09:32:20,1.44,1.0069,85,1.41,0.986,160,1.5,1.0489,10,1.425,0.9965,54,0
SPY190719C299,2019-07-17,2019-07-17 09:32:20,1.44,1.0069,142,1.41,0.986,160,1.5,1.0489,10,1.425,0.9965,54,0
SPY190719C299,2019-07-17,2019-07-17 09:32:21,1.44,1.0069,85,1.41,0.986,168,1.5,1.0489,10,1.425,0.9965,54,0
SPY190719C299,2019-07-17,2019-07-17 09:32:22,1.44,1.0069,103,1.41,0.986,201,1.5,1.0489,10,1.425,0.9965,54,0
SPY190719C299,2019-07-17,2019-07-17 09:32:23,1.44,1.0069,103,1.41,0.986,148,1.5,1.0489,10,1.425,0.9965,54,0
SPY190719C299,2019-07-17,2019-07-17 09:32:23,1.44,1.0069,116,1.41,0.986,194,1.5,1.0489,10,1.425,0.9965,54,0
SPY190719C299,2019-07-17,2019-07-17 09:32:24,1.44,1.0069,49,1.41,0.986,209,1.5,1.0489,10,1.425,0.9965,54,0
SPY190719C299,2019-07-17,2019-07-17 09:32:24,1.44,1.0069,71,1.42,0.993,24,1.5,1.0489,10,1.43,1.0,54,0
SPY190719C299,2019-07-17,2019-07-17 09:32:25,1.43,1.0,30,1.42,0.993,24,1.5,1.0489,10,1.425,0.9965,54,0
SPY190719C299,2019-07-17,2019-07-17 09:32:25,1.44,1.0069,71,1.42,0.993,24,1.5,1.0489,10,1.43,1.0,54,0
SPY190719C299,2019-07-17,2019-07-17 09:32:26,1.44,1.0069,154,1.42,0.993,24,1.5,1.0489,10,1.43,1.0,54,0
SPY190719C299,2019-07-17,2019-07-17 09:32:27,1.44,1.0069,152,1.41,0.986,72,1.5,1.0489,10,1.425,0.9965,54,0
SPY190719C299,2019-07-17,2019-07-17 09:32:27,1.44,1.0069,50,1.41,0.986,145,1.5,1.0489,10,1.425,0.9965,54,0
SPY190719C299,2019-07-17,2019-07-17 09:32:28,1.43,1.0,30,1.41,0.986,85,1.5,1.0489,10,1.42,0.993,54,0
SPY190719C299,2019-07-17,2019-07-17 09:32:28,1.44,1.0069,86,1.41,0.986,110,1.5,1.0489,10,1.425,0.9965,54,0
SPY190719C299,2019-07-17,2019-07-17 09:32:29,1.44,1.0069,170,1.41,0.986,110,1.5,1.0489,10,1.425,0.9965,54,0
SPY190719C299,2019-07-17,2019-07-17 09:32:29,1.44,1.0069,143,1.41,0.986,106,1.5,1.0489,10,1.425,0.9965,54,0
SPY190719C299,2019-07-17,2019-07-17 09:32:30,1.43,1.0,30,1.41,0.986,124,1.5,1.0489,10,1.42,0.993,54,0
SPY190719C299,2019-07-17,2019-07-17 09:32:30,1.44,1.0069,207,1.41,0.986,106,1.5,1.0489,10,1.425,0.9965,54,0
SPY190719C299,2019-07-17,2019-07-17 09:32:31,1.44,1.0069,143,1.41,0.986,106,1.5,1.0489,10,1.425,0.9965,54,0
SPY190719C299,2019-07-17,2019-07-17 09:32:32,1.44,1.0069,188,1.41,0.986,145,1.5,1.0489,10,1.425,0.9965,54,0
SPY190719C299,2019-07-17,2019-07-17 09:32:32,1.45,1.0139,109,1.42,0.993,120,1.5,1.0489,10,1.435,1.0034,54,0
SPY190719C299,2019-07-17,2019-07-17 09:32:33,1.45,1.0139,119,1.43,1.0,25,1.5,1.0489,10,1.44,1.0069,54,0
SPY190719C299,2019-07-17,2019-07-17 09:32:34,1.45,1.0139,114,1.43,1.0,3,1.5,1.0489,10,1.44,1.0069,54,0
SPY190719C299,2019-07-17,2019-07-17 09:32:34,1.46,1.0209,152,1.43,1.0,97,1.5,1.0489,10,1.445,1.0104,54,0
SPY190719C299,2019-07-17,2019-07-17 09:32:35,1.46,1.0209,152,1.44,1.0069,25,1.5,1.0489,10,1.45,1.0139,54,0
SPY190719C299,2019-07-17,2019-07-17 09:32:36,1.46,1.0209,116,1.44,1.0069,32,1.5,1.0489,10,1.45,1.0139,54,0
SPY190719C299,2019-07-17,2019-07-17 09:32:36,1.46,1.0209,116,1.43,1.0,100,1.5,1.0489,10,1.445,1.0104,54,0
SPY190719C299,2019-07-17,2019-07-17 09:32:37,1.45,1.0139,1,1.43,1.0,53,1.5,1.0489,10,1.44,1.0069,54,0
SPY190719C299,2019-07-17,2019-07-17 09:32:37,1.46,1.0209,116,1.44,1.0069,25,1.5,1.0489,10,1.45,1.0139,54,0
SPY190719C299,2019-07-17,2019-07-17 09:32:38,1.45,1.0139,101,1.43,1.0,54,1.5,1.0489,10,1.44,1.0069,54,0
SPY190719C299,2019-07-17,2019-07-17 09:32:38,1.46,1.0209,129,1.44,1.0069,25,1.5,1.0489,10,1.45,1.0139,54,0
SPY190719C299,2019-07-17,2019-07-17 09:32:39,1.46,1.0209,114,1.44,1.0069,25,1.5,1.0489,10,1.45,1.0139,54,0
SPY190719C299,2019-07-17,2019-07-17 09:32:40,1.47,1.0279,70,1.44,1.0069,25,1.5,1.0489,10,1.455,1.0174,54,0
SPY190719C299,2019-07-17,2019-07-17 09:32:40,1.47,1.0279,100,1.45,1.0139,32,1.5,1.0489,10,1.46,1.0209,54,0
SPY190719C299,2019-07-17,2019-07-17 09:32:41,1.47,1.0279,57,1.45,1.0139,71,1.5,1.0489,10,1.46,1.0209,54,0
SPY190719C299,2019-07-17,2019-07-17 09:32:41,1.47,1.0279,100,1.45,1.0139,28,1.5,1.0489,10,1.46,1.0209,54,0
SPY190719C299,2019-07-17,2019-07-17 09:32:42,1.47,1.0279,78,1.45,1.0139,41,1.5,1.0489,10,1.46,1.0209,54,0
SPY190719C299,2019-07-17,2019-07-17 09:32:42,1.47,1.0279,47,1.45,1.0139,58,1.5,1.0489,10,1.46,1.0209,54,0
SPY190719C299,2019-07-17,2019-07-17 09:32:43,1.46,1.0209,114,1.43,1.0,98,1.5,1.0489,10,1.445,1.0104,54,0
SPY190719C299,2019-07-17,2019-07-17 09:32:47,1.44,1.0069,83,1.42,0.993,38,1.5,1.0489,10,1.43,1.0,54,0
SPY190719C299,2019-07-17,2019-07-17 09:32:48,1.46,1.0209,171,1.43,1.0,104,1.5,1.0489,10,1.445,1.0104,54,0
SPY190719C299,2019-07-17,2019-07-17 09:32:49,1.46,1.0209,64,1.44,1.0069,28,1.5,1.0489,10,1.45,1.0139,54,0
SPY190719C299,2019-07-17,2019-07-17 09:32:50,1.45,1.0139,7,1.44,1.0069,10,1.5,1.0489,10,1.445,1.0104,54,0
SPY190719C299,2019-07-17,2019-07-17 09:32:51,1.45,1.0139,48,1.42,0.993,100,1.5,1.0489,10,1.435,1.0034,54,0
SPY190719C299,2019-07-17,2019-07-17 09:32:51,1.45,1.0139,29,1.43,1.0,60,1.5,1.0489,10,1.44,1.0069,54,0
SPY190719C299,2019-07-17,2019-07-17 09:32:52,1.45,1.0139,106,1.43,1.0,41,1.5,1.0489,10,1.44,1.0069,54,0
SPY190719C299,2019-07-17,2019-07-17 09:32:52,1.45,1.0139,48,1.43,1.0,30,1.5,1.0489,10,1.44,1.0069,54,0
SPY190719C299,2019-07-17,2019-07-17 09:32:53,1.45,1.0139,268,1.43,1.0,30,1.5,1.0489,10,1.44,1.0069,54,0
SPY190719C299,2019-07-17,2019-07-17 09:32:54,1.45,1.0139,255,1.43,1.0,30,1.5,1.0489,10,1.44,1.0069,54,0
SPY190719C299,2019-07-17,2019-07-17 09:32:54,1.45,1.0139,171,1.43,1.0,30,1.5,1.0489,10,1.44,1.0069,54,0
SPY190719C299,2019-07-17,2019-07-17 09:32:55,1.45,1.0139,126,1.43,1.0,28,1.5,1.0489,10,1.44,1.0069,54,0
SPY190719C299,2019-07-17,2019-07-17 09:32:55,1.47,1.0279,43,1.45,1.0139,49,1.5,1.0489,10,1.46,1.0209,54,0
SPY190719C299,2019-07-17,2019-07-17 09:32:56,1.47,1.0279,10,1.45,1.0139,62,1.5,1.0489,10,1.46,1.0209,54,0
SPY190719C299,2019-07-17,2019-07-17 09:32:57,1.47,1.0279,94,1.45,1.0139,32,1.5,1.0489,10,1.46,1.0209,54,0
SPY190719C299,2019-07-17,2019-07-17 09:32:57,1.47,1.0279,42,1.45,1.0139,32,1.5,1.0489,10,1.46,1.0209,54,0
SPY190719C299,2019-07-17,2019-07-17 09:32:58,1.47,1.0279,74,1.45,1.0139,34,1.47,1.0279,1,1.46,1.0209,55,1
SPY190719C299,2019-07-17,2019-07-17 09:32:59,1.47,1.0279,1,1.45,1.0139,86,1.47,1.0279,1,1.46,1.0209,55,0
SPY190719C299,2019-07-17,2019-07-17 09:32:59,1.47,1.0279,74,1.45,1.0139,32,1.47,1.0279,1,1.46,1.0209,55,0
SPY190719C299,2019-07-17,2019-07-17 09:33:00,1.48,1.0349,197,1.46,1.0209,9,1.47,1.0279,1,1.47,1.0279,55,0
SPY190719C299,2019-07-17,2019-07-17 09:33:00,1.47,1.0279,27,1.45,1.0139,86,1.47,1.0279,1,1.46,1.0209,55,0
SPY190719C299,2019-07-17,2019-07-17 09:33:01,1.48,1.0349,314,1.46,1.0209,32,1.47,1.0279,1,1.47,1.0279,55,0
SPY190719C299,2019-07-17,2019-07-17 09:33:02,1.46,1.0209,87,1.44,1.0069,35,1.47,1.0279,1,1.45,1.0139,55,0
SPY190719C299,2019-07-17,2019-07-17 09:33:02,1.46,1.0209,7,1.44,1.0069,7,1.47,1.0279,1,1.45,1.0139,55,0
SPY190719C299,2019-07-17,2019-07-17 09:33:03,1.46,1.0209,146,1.44,1.0069,38,1.47,1.0279,1,1.45,1.0139,55,0
SPY190719C299,2019-07-17,2019-07-17 09:33:04,1.46,1.0209,146,1.44,1.0069,32,1.47,1.0279,1,1.45,1.0139,55,0
SPY190719C299,2019-07-17,2019-07-17 09:33:04,1.46,1.0209,146,1.44,1.0069,38,1.47,1.0279,1,1.45,1.0139,55,0
SPY190719C299,2019-07-17,2019-07-17 09:33:05,1.46,1.0209,146,1.44,1.0069,38,1.47,1.0279,1,1.45,1.0139,55,0
SPY190719C299,2019-07-17,2019-07-17 09:33:05,1.46,1.0209,146,1.44,1.0069,32,1.47,1.0279,1,1.45,1.0139,55,0
SPY190719C299,2019-07-17,2019-07-17 09:33:06,1.46,1.0209,146,1.44,1.0069,38,1.47,1.0279,1,1.45,1.0139,55,0
SPY190719C299,2019-07-17,2019-07-17 09:33:07,1.46,1.0209,146,1.44,1.0069,38,1.47,1.0279,1,1.45,1.0139,55,0
SPY190719C299,2019-07-17,2019-07-17 09:33:08,1.46,1.0209,86,1.44,1.0069,6,1.47,1.0279,1,1.45,1.0139,55,0
SPY190719C299,2019-07-17,2019-07-17 09:33:08,1.46,1.0209,146,1.44,1.0069,38,1.47,1.0279,1,1.45,1.0139,55,0
SPY190719C299,2019-07-17,2019-07-17 09:33:09,1.46,1.0209,140,1.45,1.0139,29,1.47,1.0279,1,1.455,1.0174,55,0
SPY190719C299,2019-07-17,2019-07-17 09:33:09,1.46,1.0209,47,1.44,1.0069,31,1.47,1.0279,1,1.45,1.0139,55,0
SPY190719C299,2019-07-17,2019-07-17 09:33:10,1.46,1.0209,140,1.44,1.0069,31,1.47,1.0279,1,1.45,1.0139,55,0
SPY190719C299,2019-07-17,2019-07-17 09:33:10,1.46,1.0209,140,1.44,1.0069,14,1.47,1.0279,1,1.45,1.0139,55,0
SPY190719C299,2019-07-17,2019-07-17 09:33:11,1.46,1.0209,140,1.44,1.0069,12,1.47,1.0279,1,1.45,1.0139,55,0
SPY190719C299,2019-07-17,2019-07-17 09:33:12,1.46,1.0209,140,1.44,1.0069,25,1.47,1.0279,1,1.45,1.0139,55,0
SPY190719C299,2019-07-17,2019-07-17 09:33:13,1.46,1.0209,140,1.44,1.0069,30,1.47,1.0279,1,1.45,1.0139,55,0
SPY190719C299,2019-07-17,2019-07-17 09:33:13,1.46,1.0209,140,1.44,1.0069,25,1.47,1.0279,1,1.45,1.0139,55,0
SPY190719C299,2019-07-17,2019-07-17 09:33:14,1.46,1.0209,86,1.44,1.0069,31,1.47,1.0279,1,1.45,1.0139,55,0
SPY190719C299,2019-07-17,2019-07-17 09:33:14,1.45,1.0139,31,1.44,1.0069,7,1.47,1.0279,1,1.445,1.0104,55,0
SPY190719C299,2019-07-17,2019-07-17 09:33:15,1.46,1.0209,66,1.44,1.0069,11,1.47,1.0279,1,1.45,1.0139,55,0
SPY190719C299,2019-07-17,2019-07-17 09:33:15,1.46,1.0209,122,1.44,1.0069,31,1.47,1.0279,1,1.45,1.0139,55,0
SPY190719C299,2019-07-17,2019-07-17 09:33:16,1.46,1.0209,66,1.44,1.0069,32,1.47,1.0279,1,1.45,1.0139,55,0
SPY190719C299,2019-07-17,2019-07-17 09:33:17,1.46,1.0209,66,1.44,1.0069,9,1.47,1.0279,1,1.45,1.0139,55,0
SPY190719C299,2019-07-17,2019-07-17 09:33:18,1.46,1.0209,66,1.44,1.0069,32,1.47,1.0279,1,1.45,1.0139,55,0
SPY190719C299,2019-07-17,2019-07-17 09:33:18,1.46,1.0209,66,1.44,1.0069,9,1.47,1.0279,1,1.45,1.0139,55,0
SPY190719C299,2019-07-17,2019-07-17 09:33:19,1.46,1.0209,66,1.44,1.0069,39,1.47,1.0279,1,1.45,1.0139,55,0
SPY190719C299,2019-07-17,2019-07-17 09:33:19,1.45,1.0139,68,1.44,1.0069,4,1.47,1.0279,1,1.445,1.0104,55,0
SPY190719C299,2019-07-17,2019-07-17 09:33:20,1.45,1.0139,68,1.44,1.0069,4,1.47,1.0279,1,1.445,1.0104,55,0
SPY190719C299,2019-07-17,2019-07-17 09:33:21,1.45,1.0139,100,1.44,1.0069,4,1.47,1.0279,1,1.445,1.0104,55,0
SPY190719C299,2019-07-17,2019-07-17 09:33:21,1.43,1.0,30,1.42,0.993,30,1.44,1.0069,4,1.425,0.9965,59,4
SPY190719C299,2019-07-17,2019-07-17 09:33:22,1.43,1.0,68,1.41,0.986,6,1.44,1.0069,4,1.42,0.993,59,0
SPY190719C299,2019-07-17,2019-07-17 09:33:22,1.43,1.0,55,1.41,0.986,25,1.44,1.0069,4,1.42,0.993,59,0
SPY190719C299,2019-07-17,2019-07-17 09:33:23,1.41,0.986,6,1.38,0.965,61,1.44,1.0069,4,1.395,0.9755,59,0
SPY190719C299,2019-07-17,2019-07-17 09:33:24,1.4,0.979,1,1.39,0.972,20,1.38,0.965,1,1.395,0.9755,60,1
SPY190719C299,2019-07-17,2019-07-17 09:33:24,1.41,0.986,36,1.39,0.972,29,1.44,1.0069,4,1.4,0.979,59,0
SPY190719C299,2019-07-17,2019-07-17 09:33:25,1.4,0.979,55,1.38,0.965,71,1.38,0.965,1,1.39,0.972,60,0
SPY190719C299,2019-07-17,2019-07-17 09:33:26,1.4,0.979,45,1.38,0.965,1,1.38,0.965,1,1.39,0.972,60,0
SPY190719C299,2019-07-17,2019-07-17 09:33:26,1.4,0.979,36,1.38,0.965,41,1.38,0.965,1,1.39,0.972,60,0
SPY190719C299,2019-07-17,2019-07-17 09:33:27,1.4,0.979,36,1.38,0.965,26,1.38,0.965,1,1.39,0.972,60,0
SPY190719C299,2019-07-17,2019-07-17 09:33:27,1.4,0.979,36,1.38,0.965,27,1.38,0.965,1,1.39,0.972,60,0
SPY190719C299,2019-07-17,2019-07-17 09:33:28,1.41,0.986,1,1.39,0.972,31,1.38,0.965,1,1.4,0.979,60,0
SPY190719C299,2019-07-17,2019-07-17 09:33:28,1.41,0.986,10,1.39,0.972,42,1.38,0.965,1,1.4,0.979,60,0
SPY190719C299,2019-07-17,2019-07-17 09:33:29,1.41,0.986,10,1.39,0.972,72,1.38,0.965,1,1.4,0.979,60,0
SPY190719C299,2019-07-17,2019-07-17 09:33:30,1.41,0.986,10,1.4,0.979,8,1.38,0.965,1,1.405,0.9825,60,0
SPY190719C299,2019-07-17,2019-07-17 09:33:30,1.41,0.986,7,1.39,0.972,48,1.38,0.965,1,1.4,0.979,60,0
SPY190719C299,2019-07-17,2019-07-17 09:33:31,1.41,0.986,10,1.4,0.979,30,1.39,0.972,1,1.405,0.9825,61,0
SPY190719C299,2019-07-17,2019-07-17 09:33:31,1.41,0.986,10,1.39,0.972,88,1.39,0.972,1,1.4,0.979,61,1
SPY190719C299,2019-07-17,2019-07-17 09:33:32,1.42,0.993,89,1.39,0.972,33,1.39,0.972,1,1.405,0.9825,61,0
SPY190719C299,2019-07-17,2019-07-17 09:33:33,1.41,0.986,55,1.39,0.972,33,1.39,0.972,1,1.4,0.979,61,0
SPY190719C299,2019-07-17,2019-07-17 09:33:34,1.41,0.986,55,1.39,0.972,33,1.39,0.972,1,1.4,0.979,61,0
SPY190719C299,2019-07-17,2019-07-17 09:33:35,1.41,0.986,31,1.4,0.979,25,1.39,0.972,1,1.405,0.9825,61,0
SPY190719C299,2019-07-17,2019-07-17 09:33:35,1.41,0.986,55,1.39,0.972,33,1.39,0.972,1,1.4,0.979,61,0
SPY190719C299,2019-07-17,2019-07-17 09:33:36,1.41,0.986,10,1.39,0.972,111,1.39,0.972,1,1.4,0.979,61,0
SPY190719C299,2019-07-17,2019-07-17 09:33:37,1.41,0.986,10,1.39,0.972,116,1.41,0.986,1,1.4,0.979,62,0
SPY190719C299,2019-07-17,2019-07-17 09:33:37,1.41,0.986,10,1.39,0.972,155,1.41,0.986,1,1.4,0.979,62,1
SPY190719C299,2019-07-17,2019-07-17 09:33:38,1.41,0.986,31,1.39,0.972,154,1.41,0.986,1,1.4,0.979,62,0
SPY190719C299,2019-07-17,2019-07-17 09:33:39,1.42,0.993,30,1.4,0.979,149,1.41,0.986,1,1.41,0.986,62,0
SPY190719C299,2019-07-17,2019-07-17 09:33:39,1.42,0.993,202,1.39,0.972,106,1.41,0.986,1,1.405,0.9825,62,0
SPY190719C299,2019-07-17,2019-07-17 09:33:40,1.42,0.993,210,1.4,0.979,32,1.41,0.986,1,1.41,0.986,62,0
SPY190719C299,2019-07-17,2019-07-17 09:33:41,1.42,0.993,210,1.4,0.979,32,1.41,0.986,1,1.41,0.986,62,0
SPY190719C299,2019-07-17,2019-07-17 09:33:41,1.42,0.993,211,1.4,0.979,35,1.41,0.986,1,1.41,0.986,62,0
SPY190719C299,2019-07-17,2019-07-17 09:33:42,1.41,0.986,7,1.38,0.965,30,1.41,0.986,1,1.395,0.9755,62,0
SPY190719C299,2019-07-17,2019-07-17 09:33:43,1.41,0.986,30,1.39,0.972,60,1.41,0.986,1,1.4,0.979,62,0
SPY190719C299,2019-07-17,2019-07-17 09:33:43,1.4,0.979,64,1.38,0.965,33,1.41,0.986,1,1.39,0.972,62,0
SPY190719C299,2019-07-17,2019-07-17 09:33:44,1.41,0.986,30,1.39,0.972,54,1.41,0.986,1,1.4,0.979,62,0
SPY190719C299,2019-07-17,2019-07-17 09:33:44,1.41,0.986,87,1.39,0.972,30,1.41,0.986,1,1.4,0.979,62,0
SPY190719C299,2019-07-17,2019-07-17 09:33:45,1.4,0.979,60,1.38,0.965,53,1.41,0.986,1,1.39,0.972,62,0
SPY190719C299,2019-07-17,2019-07-17 09:33:46,1.41,0.986,111,1.39,0.972,33,1.41,0.986,1,1.4,0.979,62,0
SPY190719C299,2019-07-17,2019-07-17 09:33:46,1.4,0.979,30,1.38,0.965,147,1.41,0.986,1,1.39,0.972,62,0
SPY190719C299,2019-07-17,2019-07-17 09:33:47,1.4,0.979,75,1.38,0.965,28,1.41,0.986,1,1.39,0.972,62,0
SPY190719C299,2019-07-17,2019-07-17 09:33:47,1.41,0.986,83,1.39,0.972,33,1.41,0.986,1,1.4,0.979,62,0
SPY190719C299,2019-07-17,2019-07-17 09:33:48,1.4,0.979,75,1.38,0.965,28,1.41,0.986,1,1.39,0.972,62,0
SPY190719C299,2019-07-17,2019-07-17 09:33:48,1.4,0.979,67,1.38,0.965,33,1.41,0.986,1,1.39,0.972,62,0
SPY190719C299,2019-07-17,2019-07-17 09:33:49,1.4,0.979,118,1.38,0.965,33,1.41,0.986,1,1.39,0.972,62,0
SPY190719C299,2019-07-17,2019-07-17 09:33:50,1.41,0.986,65,1.4,0.979,16,1.41,0.986,1,1.405,0.9825,62,0
SPY190719C299,2019-07-17,2019-07-17 09:33:50,1.4,0.979,77,1.38,0.965,33,1.41,0.986,1,1.39,0.972,62,0
SPY190719C299,2019-07-17,2019-07-17 09:33:51,1.41,0.986,65,1.4,0.979,17,1.41,0.986,1,1.405,0.9825,62,0
SPY190719C299,2019-07-17,2019-07-17 09:33:51,1.41,0.986,65,1.39,0.972,89,1.41,0.986,1,1.4,0.979,62,0
SPY190719C299,2019-07-17,2019-07-17 09:33:52,1.43,1.0,37,1.41,0.986,29,1.41,0.986,1,1.42,0.993,62,0
SPY190719C299,2019-07-17,2019-07-17 09:33:53,1.42,0.993,67,1.4,0.979,30,1.41,0.986,1,1.41,0.986,62,0
SPY190719C299,2019-07-17,2019-07-17 09:33:53,1.42,0.993,1,1.41,0.986,30,1.41,0.986,1,1.415,0.9895,62,0
SPY190719C299,2019-07-17,2019-07-17 09:33:54,1.41,0.986,1,1.4,0.979,8,1.41,0.986,1,1.405,0.9825,62,0
SPY190719C299,2019-07-17,2019-07-17 09:33:54,1.41,0.986,10,1.4,0.979,30,1.41,0.986,1,1.405,0.9825,62,0
SPY190719C299,2019-07-17,2019-07-17 09:33:55,1.4,0.979,30,1.38,0.965,31,1.41,0.986,1,1.39,0.972,62,0
SPY190719C299,2019-07-17,2019-07-17 09:33:55,1.4,0.979,55,1.38,0.965,58,1.41,0.986,1,1.39,0.972,62,0
SPY190719C299,2019-07-17,2019-07-17 09:33:56,1.4,0.979,55,1.38,0.965,75,1.41,0.986,1,1.39,0.972,62,0
SPY190719C299,2019-07-17,2019-07-17 09:33:56,1.4,0.979,55,1.38,0.965,42,1.41,0.986,1,1.39,0.972,62,0
SPY190719C299,2019-07-17,2019-07-17 09:33:58,1.41,0.986,1,1.39,0.972,62,1.41,0.986,1,1.4,0.979,62,0
SPY190719C299,2019-07-17,2019-07-17 09:33:58,1.42,0.993,130,1.39,0.972,68,1.41,0.986,1,1.405,0.9825,62,0
SPY190719C299,2019-07-17,2019-07-17 09:33:59,1.41,0.986,1,1.39,0.972,116,1.4,0.979,2,1.4,0.979,64,2
SPY190719C299,2019-07-17,2019-07-17 09:33:59,1.41,0.986,1,1.39,0.972,106,1.41,0.986,1,1.4,0.979,62,0
SPY190719C299,2019-07-17,2019-07-17 09:34:00,1.41,0.986,30,1.4,0.979,31,1.4,0.979,2,1.405,0.9825,64,0
SPY190719C299,2019-07-17,2019-07-17 09:34:01,1.41,0.986,30,1.39,0.972,77,1.4,0.979,2,1.4,0.979,64,0
SPY190719C299,2019-07-17,2019-07-17 09:34:01,1.41,0.986,31,1.39,0.972,79,1.4,0.979,2,1.4,0.979,64,0
SPY190719C299,2019-07-17,2019-07-17 09:34:02,1.41,0.986,1,1.4,0.979,40,1.4,0.979,2,1.405,0.9825,64,0
SPY190719C299,2019-07-17,2019-07-17 09:34:03,1.41,0.986,1,1.39,0.972,107,1.4,0.979,2,1.4,0.979,64,0
SPY190719C299,2019-07-17,2019-07-17 09:34:03,1.41,0.986,31,1.4,0.979,16,1.4,0.979,2,1.405,0.9825,64,0
SPY190719C299,2019-07-17,2019-07-17 09:34:04,1.41,0.986,30,1.39,0.972,62,1.4,0.979,2,1.4,0.979,64,0
SPY190719C299,2019-07-17,2019-07-17 09:34:04,1.41,0.986,56,1.39,0.972,44,1.4,0.979,2,1.4,0.979,64,0
SPY190719C299,2019-07-17,2019-07-17 09:34:05,1.41,0.986,31,1.39,0.972,44,1.4,0.979,2,1.4,0.979,64,0
SPY190719C299,2019-07-17,2019-07-17 09:34:06,1.41,0.986,31,1.39,0.972,44,1.4,0.979,2,1.4,0.979,64,0
SPY190719C299,2019-07-17,2019-07-17 09:34:06,1.41,0.986,1,1.39,0.972,75,1.4,0.979,2,1.4,0.979,64,0
SPY190719C299,2019-07-17,2019-07-17 09:34:07,1.41,0.986,31,1.4,0.979,16,1.4,0.979,2,1.405,0.9825,64,0
SPY190719C299,2019-07-17,2019-07-17 09:34:07,1.41,0.986,37,1.39,0.972,105,1.4,0.979,2,1.4,0.979,64,0
SPY190719C299,2019-07-17,2019-07-17 09:34:08,1.41,0.986,31,1.39,0.972,105,1.4,0.979,2,1.4,0.979,64,0
SPY190719C299,2019-07-17,2019-07-17 09:34:09,1.41,0.986,30,1.39,0.972,76,1.4,0.979,2,1.4,0.979,64,0
SPY190719C299,2019-07-17,2019-07-17 09:34:09,1.41,0.986,36,1.39,0.972,105,1.4,0.979,2,1.4,0.979,64,0
SPY190719C299,2019-07-17,2019-07-17 09:34:10,1.43,1.0,143,1.41,0.986,26,1.4,0.979,2,1.42,0.993,64,0
SPY190719C299,2019-07-17,2019-07-17 09:34:12,1.42,0.993,30,1.4,0.979,37,1.4,0.979,2,1.41,0.986,64,0
SPY190719C299,2019-07-17,2019-07-17 09:34:13,1.43,1.0,37,1.4,0.979,37,1.4,0.979,2,1.415,0.9895,64,0
SPY190719C299,2019-07-17,2019-07-17 09:34:14,1.44,1.0069,20,1.42,0.993,7,1.4,0.979,2,1.43,1.0,64,0
SPY190719C299,2019-07-17,2019-07-17 09:34:15,1.44,1.0069,79,1.42,0.993,32,1.4,0.979,2,1.43,1.0,64,0
SPY190719C299,2019-07-17,2019-07-17 09:34:16,1.43,1.0,55,1.41,0.986,147,1.4,0.979,2,1.42,0.993,64,0
SPY190719C299,2019-07-17,2019-07-17 09:34:16,1.43,1.0,36,1.41,0.986,147,1.4,0.979,2,1.42,0.993,64,0
SPY190719C299,2019-07-17,2019-07-17 09:34:17,1.44,1.0069,74,1.42,0.993,30,1.4,0.979,2,1.43,1.0,64,0
SPY190719C299,2019-07-17,2019-07-17 09:34:18,1.43,1.0,61,1.41,0.986,73,1.4,0.979,2,1.42,0.993,64,0
SPY190719C299,2019-07-17,2019-07-17 09:34:19,1.44,1.0069,130,1.42,0.993,25,1.4,0.979,2,1.43,1.0,64,0
SPY190719C299,2019-07-17,2019-07-17 09:34:19,1.43,1.0,47,1.41,0.986,73,1.4,0.979,2,1.42,0.993,64,0
SPY190719C299,2019-07-17,2019-07-17 09:34:20,1.43,1.0,30,1.42,0.993,35,1.4,0.979,2,1.425,0.9965,64,0
SPY190719C299,2019-07-17,2019-07-17 09:34:21,1.43,1.0,30,1.42,0.993,35,1.4,0.979,2,1.425,0.9965,64,0
SPY190719C299,2019-07-17,2019-07-17 09:34:22,1.46,1.0209,100,1.43,1.0,65,1.4,0.979,2,1.445,1.0104,64,0
SPY190719C299,2019-07-17,2019-07-17 09:34:22,1.45,1.0139,31,1.43,1.0,20,1.4,0.979,2,1.44,1.0069,64,0
SPY190719C299,2019-07-17,2019-07-17 09:34:23,1.46,1.0209,37,1.44,1.0069,42,1.4,0.979,2,1.45,1.0139,64,0
SPY190719C299,2019-07-17,2019-07-17 09:34:23,1.46,1.0209,100,1.43,1.0,126,1.4,0.979,2,1.445,1.0104,64,0
SPY190719C299,2019-07-17,2019-07-17 09:34:24,1.46,1.0209,20,1.45,1.0139,34,1.4,0.979,2,1.455,1.0174,64,0
SPY190719C299,2019-07-17,2019-07-17 09:34:28,1.48,1.0349,86,1.46,1.0209,25,1.4,0.979,2,1.47,1.0279,64,0
SPY190719C299,2019-07-17,2019-07-17 09:34:29,1.48,1.0349,86,1.46,1.0209,25,1.4,0.979,2,1.47,1.0279,64,0
SPY190719C299,2019-07-17,2019-07-17 09:34:30,1.47,1.0279,30,1.45,1.0139,51,1.4,0.979,2,1.46,1.0209,64,0
SPY190719C299,2019-07-17,2019-07-17 09:34:30,1.47,1.0279,30,1.46,1.0209,25,1.4,0.979,2,1.465,1.0244,64,0
SPY190719C299,2019-07-17,2019-07-17 09:34:31,1.48,1.0349,55,1.45,1.0139,90,1.4,0.979,2,1.465,1.0244,64,0
SPY190719C299,2019-07-17,2019-07-17 09:34:32,1.48,1.0349,55,1.46,1.0209,32,1.4,0.979,2,1.47,1.0279,64,0
SPY190719C299,2019-07-17,2019-07-17 09:34:33,1.48,1.0349,30,1.47,1.0279,25,1.4,0.979,2,1.475,1.0314,64,0
SPY190719C299,2019-07-17,2019-07-17 09:34:33,1.49,1.0419,172,1.47,1.0279,7,1.4,0.979,2,1.48,1.0349,64,0
SPY190719C299,2019-07-17,2019-07-17 09:34:34,1.48,1.0349,30,1.47,1.0279,25,1.4,0.979,2,1.475,1.0314,64,0
SPY190719C299,2019-07-17,2019-07-17 09:34:34,1.48,1.0349,30,1.47,1.0279,29,1.4,0.979,2,1.475,1.0314,64,0
SPY190719C299,2019-07-17,2019-07-17 09:34:35,1.49,1.0419,30,1.47,1.0279,125,1.4,0.979,2,1.48,1.0349,64,0
SPY190719C299,2019-07-17,2019-07-17 09:34:35,1.49,1.0419,30,1.47,1.0279,113,1.4,0.979,2,1.48,1.0349,64,0
SPY190719C299,2019-07-17,2019-07-17 09:34:36,1.49,1.0419,30,1.47,1.0279,113,1.4,0.979,2,1.48,1.0349,64,0
SPY190719C299,2019-07-17,2019-07-17 09:34:37,1.49,1.0419,30,1.47,1.0279,113,1.4,0.979,2,1.48,1.0349,64,0
SPY190719C299,2019-07-17,2019-07-17 09:34:37,1.49,1.0419,30,1.48,1.0349,19,1.4,0.979,2,1.485,1.0384,64,0
SPY190719C299,2019-07-17,2019-07-17 09:34:38,1.49,1.0419,10,1.48,1.0349,19,1.4,0.979,2,1.485,1.0384,64,0
SPY190719C299,2019-07-17,2019-07-17 09:34:39,1.49,1.0419,55,1.47,1.0279,36,1.4,0.979,2,1.48,1.0349,64,0
SPY190719C299,2019-07-17,2019-07-17 09:34:39,1.49,1.0419,55,1.47,1.0279,25,1.4,0.979,2,1.48,1.0349,64,0
SPY190719C299,2019-07-17,2019-07-17 09:34:40,1.49,1.0419,55,1.47,1.0279,36,1.4,0.979,2,1.48,1.0349,64,0
SPY190719C299,2019-07-17,2019-07-17 09:34:40,1.49,1.0419,55,1.47,1.0279,103,1.4,0.979,2,1.48,1.0349,64,0
SPY190719C299,2019-07-17,2019-07-17 09:34:51,1.51,1.0559,78,1.49,1.0419,39,1.48,1.0349,9,1.5,1.0489,73,9
SPY190719C299,2019-07-17,2019-07-17 09:34:55,1.52,1.0629,47,1.5,1.0489,30,1.48,1.0349,9,1.51,1.0559,73,0
SPY190719C299,2019-07-17,2019-07-17 09:34:56,1.51,1.0559,30,1.49,1.0419,43,1.48,1.0349,9,1.5,1.0489,73,0
SPY190719C299,2019-07-17,2019-07-17 09:34:56,1.51,1.0559,71,1.49,1.0419,26,1.48,1.0349,9,1.5,1.0489,73,0
SPY190719C299,2019-07-17,2019-07-17 09:34:57,1.51,1.0559,47,1.49,1.0419,36,1.48,1.0349,9,1.5,1.0489,73,0
SPY190719C299,2019-07-17,2019-07-17 09:34:58,1.51,1.0559,47,1.49,1.0419,42,1.48,1.0349,9,1.5,1.0489,73,0
SPY190719C299,2019-07-17,2019-07-17 09:34:58,1.51,1.0559,40,1.49,1.0419,26,1.48,1.0349,9,1.5,1.0489,73,0
SPY190719C299,2019-07-17,2019-07-17 09:34:59,1.52,1.0629,30,1.51,1.0559,25,1.48,1.0349,9,1.515,1.0594,73,0
SPY190719C299,2019-07-17,2019-07-17 09:34:59,1.53,1.0699,114,1.51,1.0559,25,1.48,1.0349,9,1.52,1.0629,73,0
SPY190719C299,2019-07-17,2019-07-17 09:35:00,1.52,1.0629,36,1.51,1.0559,14,1.48,1.0349,9,1.515,1.0594,73,0
SPY190719C299,2019-07-17,2019-07-17 09:35:00,1.54,1.0769,30,1.51,1.0559,214,1.48,1.0349,9,1.525,1.0664,73,0
SPY190719C299,2019-07-17,2019-07-17 09:35:01,1.54,1.0769,7,1.52,1.0629,87,1.48,1.0349,9,1.53,1.0699,73,0
SPY190719C299,2019-07-17,2019-07-17 09:35:02,1.54,1.0769,9,1.52,1.0629,84,1.48,1.0349,9,1.53,1.0699,73,0
SPY190719C299,2019-07-17,2019-07-17 09:35:02,1.54,1.0769,1,1.52,1.0629,96,1.48,1.0349,9,1.53,1.0699,73,0
SPY190719C299,2019-07-17,2019-07-17 09:35:03,1.55,1.0839,224,1.52,1.0629,78,1.48,1.0349,9,1.535,1.0734,73,0
SPY190719C299,2019-07-17,2019-07-17 09:35:03,1.54,1.0769,7,1.52,1.0629,78,1.48,1.0349,9,1.53,1.0699,73,0
SPY190719C299,2019-07-17,2019-07-17 09:35:04,1.52,1.0629,7,1.51,1.0559,13,1.48,1.0349,9,1.515,1.0594,73,0
SPY190719C299,2019-07-17,2019-07-17 09:35:04,1.52,1.0629,20,1.5,1.0489,136,1.48,1.0349,9,1.51,1.0559,73,0
SPY190719C299,2019-07-17,2019-07-17 09:35:05,1.52,1.0629,7,1.51,1.0559,25,1.52,1.0629,3,1.515,1.0594,76,3
SPY190719C299,2019-07-17,2019-07-17 09:35:06,1.55,1.0839,222,1.52,1.0629,61,1.52,1.0629,1,1.535,1.0734,77,0
SPY190719C299,2019-07-17,2019-07-17 09:35:06,1.52,1.0629,1,1.52,1.0629,1,1.52,1.0629,1,1.52,1.0629,77,1
SPY190719C299,2019-07-17,2019-07-17 09:35:07,1.55,1.0839,10,1.53,1.0699,81,1.52,1.0629,1,1.54,1.0769,77,0
SPY190719C299,2019-07-17,2019-07-17 09:35:07,1.55,1.0839,222,1.52,1.0629,36,1.52,1.0629,1,1.535,1.0734,77,0
SPY190719C299,2019-07-17,2019-07-17 09:35:08,1.56,1.0909,119,1.54,1.0769,39,1.52,1.0629,1,1.55,1.0839,77,0
SPY190719C299,2019-07-17,2019-07-17 09:35:08,1.56,1.0909,119,1.54,1.0769,25,1.52,1.0629,1,1.55,1.0839,77,0
SPY190719C299,2019-07-17,2019-07-17 09:35:09,1.56,1.0909,119,1.54,1.0769,33,1.52,1.0629,1,1.55,1.0839,77,0
SPY190719C299,2019-07-17,2019-07-17 09:35:10,1.56,1.0909,30,1.53,1.0699,137,1.52,1.0629,1,1.545,1.0804,77,0
SPY190719C299,2019-07-17,2019-07-17 09:35:11,1.57,1.0979,7,1.54,1.0769,63,1.52,1.0629,1,1.555,1.0874,77,0
SPY190719C299,2019-07-17,2019-07-17 09:35:11,1.57,1.0979,135,1.54,1.0769,63,1.52,1.0629,1,1.555,1.0874,77,0
SPY190719C299,2019-07-17,2019-07-17 09:35:12,1.57,1.0979,7,1.56,1.0909,1,1.52,1.0629,1,1.565,1.0944,77,0
SPY190719C299,2019-07-17,2019-07-17 09:35:12,1.57,1.0979,7,1.55,1.0839,26,1.52,1.0629,1,1.56,1.0909,77,0
SPY190719C299,2019-07-17,2019-07-17 09:35:13,1.57,1.0979,7,1.55,1.0839,32,1.52,1.0629,1,1.56,1.0909,77,0
SPY190719C299,2019-07-17,2019-07-17 09:35:13,1.57,1.0979,7,1.55,1.0839,26,1.52,1.0629,1,1.56,1.0909,77,0
SPY190719C299,2019-07-17,2019-07-17 09:35:14,1.56,1.0909,30,1.54,1.0769,25,1.52,1.0629,1,1.55,1.0839,77,0
SPY190719C299,2019-07-17,2019-07-17 09:35:14,1.57,1.0979,10,1.55,1.0839,66,1.52,1.0629,1,1.56,1.0909,77,0
SPY190719C299,2019-07-17,2019-07-17 09:35:15,1.56,1.0909,80,1.54,1.0769,25,1.52,1.0629,1,1.55,1.0839,77,0
SPY190719C299,2019-07-17,2019-07-17 09:35:16,1.56,1.0909,80,1.54,1.0769,25,1.52,1.0629,1,1.55,1.0839,77,0
SPY190719C299,2019-07-17,2019-07-17 09:35:16,1.56,1.0909,136,1.54,1.0769,26,1.52,1.0629,1,1.55,1.0839,77,0
SPY190719C299,2019-07-17,2019-07-17 09:35:17,1.55,1.0839,224,1.52,1.0629,102,1.52,1.0629,1,1.535,1.0734,77,0
SPY190719C299,2019-07-17,2019-07-17 09:35:18,1.53,1.0699,10,1.5,1.0489,61,1.52,1.0629,1,1.515,1.0594,77,0
SPY190719C299,2019-07-17,2019-07-17 09:35:18,1.54,1.0769,37,1.52,1.0629,30,1.52,1.0629,1,1.53,1.0699,77,0
SPY190719C299,2019-07-17,2019-07-17 09:35:19,1.54,1.0769,236,1.51,1.0559,131,1.52,1.0629,1,1.525,1.0664,77,0
SPY190719C299,2019-07-17,2019-07-17 09:35:20,1.54,1.0769,46,1.53,1.0699,22,1.52,1.0629,1,1.535,1.0734,77,0
SPY190719C299,2019-07-17,2019-07-17 09:35:20,1.54,1.0769,54,1.51,1.0559,131,1.52,1.0629,1,1.525,1.0664,77,0
SPY190719C299,2019-07-17,2019-07-17 09:35:21,1.54,1.0769,46,1.53,1.0699,22,1.52,1.0629,1,1.535,1.0734,77,0
SPY190719C299,2019-07-17,2019-07-17 09:35:21,1.54,1.0769,111,1.52,1.0629,29,1.52,1.0629,1,1.53,1.0699,77,0
SPY190719C299,2019-07-17,2019-07-17 09:35:22,1.54,1.0769,59,1.52,1.0629,35,1.52,1.0629,1,1.53,1.0699,77,0
SPY190719C299,2019-07-17,2019-07-17 09:35:22,1.54,1.0769,61,1.52,1.0629,35,1.52,1.0629,1,1.53,1.0699,77,0
SPY190719C299,2019-07-17,2019-07-17 09:35:23,1.54,1.0769,59,1.52,1.0629,35,1.52,1.0629,1,1.53,1.0699,77,0
SPY190719C299,2019-07-17,2019-07-17 09:35:23,1.54,1.0769,85,1.52,1.0629,29,1.52,1.0629,1,1.53,1.0699,77,0
SPY190719C299,2019-07-17,2019-07-17 09:35:24,1.54,1.0769,59,1.52,1.0629,39,1.52,1.0629,1,1.53,1.0699,77,0
SPY190719C299,2019-07-17,2019-07-17 09:35:24,1.54,1.0769,49,1.52,1.0629,29,1.52,1.0629,1,1.53,1.0699,77,0
SPY190719C299,2019-07-17,2019-07-17 09:35:25,1.54,1.0769,49,1.52,1.0629,29,1.52,1.0629,1,1.53,1.0699,77,0
SPY190719C299,2019-07-17,2019-07-17 09:35:26,1.54,1.0769,31,1.52,1.0629,64,1.52,1.0629,1,1.53,1.0699,77,0
SPY190719C299,2019-07-17,2019-07-17 09:35:26,1.54,1.0769,49,1.52,1.0629,33,1.52,1.0629,1,1.53,1.0699,77,0
SPY190719C299,2019-07-17,2019-07-17 09:35:27,1.54,1.0769,49,1.52,1.0629,33,1.52,1.0629,1,1.53,1.0699,77,0
SPY190719C299,2019-07-17,2019-07-17 09:35:27,1.54,1.0769,49,1.52,1.0629,39,1.52,1.0629,1,1.53,1.0699,77,0
SPY190719C299,2019-07-17,2019-07-17 09:35:28,1.54,1.0769,49,1.52,1.0629,39,1.52,1.0629,1,1.53,1.0699,77,0
SPY190719C299,2019-07-17,2019-07-17 09:35:29,1.54,1.0769,48,1.52,1.0629,38,1.52,1.0629,1,1.53,1.0699,77,0
SPY190719C299,2019-07-17,2019-07-17 09:35:30,1.54,1.0769,49,1.52,1.0629,39,1.52,1.0629,1,1.53,1.0699,77,0
SPY190719C299,2019-07-17,2019-07-17 09:35:30,1.54,1.0769,49,1.52,1.0629,64,1.52,1.0629,1,1.53,1.0699,77,0
SPY190719C299,2019-07-17,2019-07-17 09:35:31,1.54,1.0769,49,1.52,1.0629,64,1.52,1.0629,1,1.53,1.0699,77,0
SPY190719C299,2019-07-17,2019-07-17 09:35:31,1.54,1.0769,49,1.52,1.0629,89,1.52,1.0629,1,1.53,1.0699,77,0
SPY190719C299,2019-07-17,2019-07-17 09:35:32,1.54,1.0769,59,1.51,1.0559,111,1.52,1.0629,1,1.525,1.0664,77,0
SPY190719C299,2019-07-17,2019-07-17 09:35:33,1.53,1.0699,30,1.52,1.0629,7,1.52,1.0629,1,1.525,1.0664,77,0
SPY190719C299,2019-07-17,2019-07-17 09:35:33,1.53,1.0699,7,1.52,1.0629,26,1.52,1.0629,1,1.525,1.0664,77,0
SPY190719C299,2019-07-17,2019-07-17 09:35:34,1.53,1.0699,49,1.52,1.0629,25,1.52,1.0629,1,1.525,1.0664,77,0
SPY190719C299,2019-07-17,2019-07-17 09:35:35,1.52,1.0629,31,1.5,1.0489,25,1.52,1.0629,1,1.51,1.0559,77,0
SPY190719C299,2019-07-17,2019-07-17 09:35:35,1.53,1.0699,133,1.51,1.0559,33,1.52,1.0629,1,1.52,1.0629,77,0
SPY190719C299,2019-07-17,2019-07-17 09:35:36,1.51,1.0559,1,1.5,1.0489,30,1.52,1.0629,1,1.505,1.0524,77,0
SPY190719C299,2019-07-17,2019-07-17 09:35:36,1.51,1.0559,59,1.49,1.0419,7,1.52,1.0629,1,1.5,1.0489,77,0
SPY190719C299,2019-07-17,2019-07-17 09:35:37,1.53,1.0699,152,1.5,1.0489,98,1.52,1.0629,1,1.515,1.0594,77,0
SPY190719C299,2019-07-17,2019-07-17 09:35:37,1.53,1.0699,146,1.5,1.0489,123,1.52,1.0629,1,1.515,1.0594,77,0
SPY190719C299,2019-07-17,2019-07-17 09:35:38,1.52,1.0629,31,1.5,1.0489,123,1.52,1.0629,1,1.51,1.0559,77,0
SPY190719C299,2019-07-17,2019-07-17 09:35:38,1.52,1.0629,31,1.51,1.0559,25,1.52,1.0629,1,1.515,1.0594,77,0
SPY190719C299,2019-07-17,2019-07-17 09:35:39,1.52,1.0629,31,1.5,1.0489,123,1.52,1.0629,1,1.51,1.0559,77,0
SPY190719C299,2019-07-17,2019-07-17 09:35:40,1.53,1.0699,54,1.51,1.0559,125,1.52,1.0629,1,1.52,1.0629,77,0
SPY190719C299,2019-07-17,2019-07-17 09:35:40,1.53,1.0699,111,1.51,1.0559,42,1.52,1.0629,1,1.52,1.0629,77,0
SPY190719C299,2019-07-17,2019-07-17 09:35:41,1.54,1.0769,74,1.52,1.0629,29,1.52,1.0629,1,1.53,1.0699,77,0
SPY190719C299,2019-07-17,2019-07-17 09:35:41,1.54,1.0769,49,1.52,1.0629,39,1.52,1.0629,1,1.53,1.0699,77,0
SPY190719C299,2019-07-17,2019-07-17 09:35:42,1.54,1.0769,95,1.52,1.0629,29,1.52,1.0629,1,1.53,1.0699,77,0
SPY190719C299,2019-07-17,2019-07-17 09:35:42,1.54,1.0769,49,1.52,1.0629,29,1.52,1.0629,1,1.53,1.0699,77,0
SPY190719C299,2019-07-17,2019-07-17 09:35:43,1.53,1.0699,7,1.51,1.0559,7,1.52,1.0629,1,1.52,1.0629,77,0
SPY190719C299,2019-07-17,2019-07-17 09:35:44,1.52,1.0629,37,1.5,1.0489,39,1.52,1.0629,1,1.51,1.0559,77,0
SPY190719C299,2019-07-17,2019-07-17 09:35:44,1.52,1.0629,14,1.5,1.0489,25,1.52,1.0629,1,1.51,1.0559,77,0
SPY190719C299,2019-07-17,2019-07-17 09:35:45,1.51,1.0559,89,1.49,1.0419,32,1.52,1.0629,1,1.5,1.0489,77,0
SPY190719C299,2019-07-17,2019-07-17 09:35:45,1.51,1.0559,103,1.49,1.0419,32,1.52,1.0629,1,1.5,1.0489,77,0
SPY190719C299,2019-07-17,2019-07-17 09:35:46,1.51,1.0559,118,1.49,1.0419,31,1.52,1.0629,1,1.5,1.0489,77,0
SPY190719C299,2019-07-17,2019-07-17 09:35:46,1.51,1.0559,118,1.49,1.0419,42,1.52,1.0629,1,1.5,1.0489,77,0
SPY190719C299,2019-07-17,2019-07-17 09:35:47,1.51,1.0559,71,1.49,1.0419,32,1.52,1.0629,1,1.5,1.0489,77,0
SPY190719C299,2019-07-17,2019-07-17 09:35:48,1.51,1.0559,71,1.49,1.0419,42,1.52,1.0629,1,1.5,1.0489,77,0
SPY190719C299,2019-07-17,2019-07-17 09:35:49,1.51,1.0559,71,1.49,1.0419,32,1.52,1.0629,1,1.5,1.0489,77,0
SPY190719C299,2019-07-17,2019-07-17 09:35:49,1.51,1.0559,71,1.49,1.0419,42,1.52,1.0629,1,1.5,1.0489,77,0
SPY190719C299,2019-07-17,2019-07-17 09:35:50,1.5,1.0489,104,1.48,1.0349,25,1.52,1.0629,1,1.49,1.0419,77,0
SPY190719C299,2019-07-17,2019-07-17 09:35:50,1.51,1.0559,107,1.49,1.0419,42,1.52,1.0629,1,1.5,1.0489,77,0
SPY190719C299,2019-07-17,2019-07-17 09:35:51,1.5,1.0489,30,1.48,1.0349,29,1.52,1.0629,1,1.49,1.0419,77,0
SPY190719C299,2019-07-17,2019-07-17 09:35:51,1.5,1.0489,112,1.48,1.0349,25,1.52,1.0629,1,1.49,1.0419,77,0
SPY190719C299,2019-07-17,2019-07-17 09:35:52,1.5,1.0489,30,1.48,1.0349,29,1.52,1.0629,1,1.49,1.0419,77,0
SPY190719C299,2019-07-17,2019-07-17 09:35:53,1.5,1.0489,111,1.48,1.0349,25,1.52,1.0629,1,1.49,1.0419,77,0
SPY190719C299,2019-07-17,2019-07-17 09:35:53,1.5,1.0489,82,1.47,1.0279,109,1.52,1.0629,1,1.485,1.0384,77,0
SPY190719C299,2019-07-17,2019-07-17 09:35:54,1.49,1.0419,10,1.47,1.0279,139,1.52,1.0629,1,1.48,1.0349,77,0
SPY190719C299,2019-07-17,2019-07-17 09:35:54,1.5,1.0489,7,1.48,1.0349,100,1.52,1.0629,1,1.49,1.0419,77,0
SPY190719C299,2019-07-17,2019-07-17 09:35:55,1.5,1.0489,30,1.48,1.0349,100,1.52,1.0629,1,1.49,1.0419,77,0
SPY190719C299,2019-07-17,2019-07-17 09:35:56,1.48,1.0349,6,1.46,1.0209,56,1.49,1.0419,10,1.47,1.0279,87,0
SPY190719C299,2019-07-17,2019-07-17 09:35:56,1.49,1.0419,37,1.48,1.0349,13,1.49,1.0419,10,1.485,1.0384,87,10
SPY190719C299,2019-07-17,2019-07-17 09:35:57,1.47,1.0279,184,1.43,1.0,184,1.49,1.0419,10,1.45,1.0139,87,0
SPY190719C299,2019-07-17,2019-07-17 09:35:57,1.47,1.0279,7,1.45,1.0139,127,1.49,1.0419,10,1.46,1.0209,87,0
SPY190719C299,2019-07-17,2019-07-17 09:35:58,1.47,1.0279,115,1.43,1.0,239,1.49,1.0419,10,1.45,1.0139,87,0
SPY190719C299,2019-07-17,2019-07-17 09:35:59,1.44,1.0069,1,1.43,1.0,25,1.49,1.0419,10,1.435,1.0034,87,0
SPY190719C299,2019-07-17,2019-07-17 09:35:59,1.44,1.0069,1,1.43,1.0,7,1.49,1.0419,10,1.435,1.0034,87,0
SPY190719C299,2019-07-17,2019-07-17 09:36:00,1.44,1.0069,10,1.42,0.993,134,1.49,1.0419,10,1.43,1.0,87,0
SPY190719C299,2019-07-17,2019-07-17 09:36:00,1.44,1.0069,1,1.43,1.0,25,1.49,1.0419,10,1.435,1.0034,87,0
SPY190719C299,2019-07-17,2019-07-17 09:36:01,1.43,1.0,37,1.41,0.986,68,1.49,1.0419,10,1.42,0.993,87,0
SPY190719C299,2019-07-17,2019-07-17 09:36:02,1.42,0.993,1,1.4,0.979,71,1.49,1.0419,10,1.41,0.986,87,0
SPY190719C299,2019-07-17,2019-07-17 09:36:02,1.43,1.0,37,1.41,0.986,68,1.49,1.0419,10,1.42,0.993,87,0
SPY190719C299,2019-07-17,2019-07-17 09:36:03,1.42,0.993,30,1.39,0.972,141,1.49,1.0419,10,1.405,0.9825,87,0
SPY190719C299,2019-07-17,2019-07-17 09:36:03,1.42,0.993,30,1.4,0.979,25,1.49,1.0419,10,1.41,0.986,87,0
SPY190719C299,2019-07-17,2019-07-17 09:36:04,1.4,0.979,1,1.39,0.972,6,1.49,1.0419,10,1.395,0.9755,87,0
SPY190719C299,2019-07-17,2019-07-17 09:36:05,1.41,0.986,37,1.39,0.972,32,1.49,1.0419,10,1.4,0.979,87,0
SPY190719C299,2019-07-17,2019-07-17 09:36:05,1.4,0.979,36,1.38,0.965,31,1.49,1.0419,10,1.39,0.972,87,0
SPY190719C299,2019-07-17,2019-07-17 09:36:06,1.39,0.972,1,1.38,0.965,41,1.49,1.0419,10,1.385,0.9685,87,0
SPY190719C299,2019-07-17,2019-07-17 09:36:07,1.39,0.972,37,1.38,0.965,61,1.39,0.972,3,1.385,0.9685,90,3
SPY190719C299,2019-07-17,2019-07-17 09:36:07,1.39,0.972,1,1.38,0.965,30,1.49,1.0419,10,1.385,0.9685,87,0
SPY190719C299,2019-07-17,2019-07-17 09:36:08,1.38,0.965,1,1.36,0.951,70,1.39,0.972,3,1.37,0.958,90,0
SPY190719C299,2019-07-17,2019-07-17 09:36:08,1.38,0.965,40,1.36,0.951,126,1.39,0.972,3,1.37,0.958,90,0
SPY190719C299,2019-07-17,2019-07-17 09:36:09,1.38,0.965,40,1.36,0.951,70,1.39,0.972,3,1.37,0.958,90,0
SPY190719C299,2019-07-17,2019-07-17 09:36:10,1.38,0.965,1,1.36,0.951,70,1.39,0.972,3,1.37,0.958,90,0
SPY190719C299,2019-07-17,2019-07-17 09:36:10,1.38,0.965,7,1.36,0.951,41,1.39,0.972,3,1.37,0.958,90,0
SPY190719C299,2019-07-17,2019-07-17 09:36:11,1.38,0.965,40,1.36,0.951,90,1.39,0.972,3,1.37,0.958,90,0
SPY190719C299,2019-07-17,2019-07-17 09:36:11,1.38,0.965,1,1.37,0.958,35,1.39,0.972,3,1.375,0.9615,90,0
SPY190719C299,2019-07-17,2019-07-17 09:36:12,1.38,0.965,40,1.37,0.958,8,1.39,0.972,3,1.375,0.9615,90,0
SPY190719C299,2019-07-17,2019-07-17 09:36:13,1.38,0.965,20,1.37,0.958,9,1.39,0.972,3,1.375,0.9615,90,0
SPY190719C299,2019-07-17,2019-07-17 09:36:14,1.39,0.972,104,1.37,0.958,25,1.39,0.972,3,1.38,0.965,90,0
SPY190719C299,2019-07-17,2019-07-17 09:36:14,1.39,0.972,203,1.37,0.958,16,1.39,0.972,3,1.38,0.965,90,0
SPY190719C299,2019-07-17,2019-07-17 09:36:15,1.39,0.972,103,1.36,0.951,192,1.39,0.972,3,1.375,0.9615,90,0
SPY190719C299,2019-07-17,2019-07-17 09:36:15,1.39,0.972,203,1.36,0.951,192,1.39,0.972,3,1.375,0.9615,90,0
SPY190719C299,2019-07-17,2019-07-17 09:36:16,1.4,0.979,128,1.38,0.965,29,1.39,0.972,3,1.39,0.972,90,0
SPY190719C299,2019-07-17,2019-07-17 09:36:17,1.39,0.972,140,1.37,0.958,30,1.39,0.972,3,1.38,0.965,90,0
SPY190719C299,2019-07-17,2019-07-17 09:36:17,1.39,0.972,37,1.37,0.958,7,1.39,0.972,3,1.38,0.965,90,0
SPY190719C299,2019-07-17,2019-07-17 09:36:18,1.4,0.979,40,1.38,0.965,79,1.39,0.972,3,1.39,0.972,90,0
SPY190719C299,2019-07-17,2019-07-17 09:36:19,1.42,0.993,188,1.4,0.979,32,1.4,0.979,3,1.41,0.986,100,0
SPY190719C299,2019-07-17,2019-07-17 09:36:19,1.42,0.993,188,1.4,0.979,7,1.4,0.979,3,1.41,0.986,100,10
SPY190719C299,2019-07-17,2019-07-17 09:36:20,1.42,0.993,188,1.4,0.979,32,1.4,0.979,3,1.41,0.986,100,0
SPY190719C299,2019-07-17,2019-07-17 09:36:20,1.42,0.993,218,1.4,0.979,40,1.4,0.979,3,1.41,0.986,100,0
SPY190719C299,2019-07-17,2019-07-17 09:36:21,1.42,0.993,218,1.4,0.979,25,1.4,0.979,3,1.41,0.986,100,0
SPY190719C299,2019-07-17,2019-07-17 09:36:21,1.42,0.993,218,1.4,0.979,31,1.4,0.979,3,1.41,0.986,100,0
SPY190719C299,2019-07-17,2019-07-17 09:36:22,1.41,0.986,94,1.39,0.972,29,1.4,0.979,3,1.4,0.979,100,0
SPY190719C299,2019-07-17,2019-07-17 09:36:22,1.42,0.993,218,1.4,0.979,30,1.4,0.979,3,1.41,0.986,100,0
SPY190719C299,2019-07-17,2019-07-17 09:36:23,1.41,0.986,146,1.39,0.972,10,1.4,0.979,3,1.4,0.979,100,0
SPY190719C299,2019-07-17,2019-07-17 09:36:24,1.41,0.986,216,1.39,0.972,10,1.4,0.979,3,1.4,0.979,100,0
SPY190719C299,2019-07-17,2019-07-17 09:36:25,1.4,0.979,10,1.37,0.958,7,1.39,0.972,10,1.385,0.9685,111,11
SPY190719C299,2019-07-17,2019-07-17 09:36:25,1.41,0.986,282,1.39,0.972,10,1.4,0.979,3,1.4,0.979,100,0
SPY190719C299,2019-07-17,2019-07-17 09:36:26,1.39,0.972,293,1.37,0.958,20,1.39,0.972,10,1.38,0.965,111,0
SPY190719C299,2019-07-17,2019-07-17 09:36:26,1.39,0.972,105,1.37,0.958,20,1.39,0.972,10,1.38,0.965,111,0
SPY190719C299,2019-07-17,2019-07-17 09:36:27,1.38,0.965,128,1.36,0.951,25,1.39,0.972,10,1.37,0.958,111,0
SPY190719C299,2019-07-17,2019-07-17 09:36:28,1.38,0.965,128,1.36,0.951,25,1.39,0.972,10,1.37,0.958,111,0
SPY190719C299,2019-07-17,2019-07-17 09:36:28,1.37,0.958,79,1.35,0.944,72,1.37,0.958,1,1.36,0.951,112,1
SPY190719C299,2019-07-17,2019-07-17 09:36:29,1.39,0.972,228,1.36,0.951,138,1.37,0.958,1,1.375,0.9615,112,0
SPY190719C299,2019-07-17,2019-07-17 09:36:29,1.37,0.958,40,1.36,0.951,41,1.37,0.958,1,1.365,0.9545,112,0
SPY190719C299,2019-07-17,2019-07-17 09:36:30,1.39,0.972,228,1.36,0.951,138,1.37,0.958,1,1.375,0.9615,112,0
SPY190719C299,2019-07-17,2019-07-17 09:36:31,1.38,0.965,228,1.36,0.951,7,1.37,0.958,1,1.37,0.958,112,0
SPY190719C299,2019-07-17,2019-07-17 09:36:31,1.37,0.958,128,1.35,0.944,60,1.37,0.958,1,1.36,0.951,112,0
SPY190719C299,2019-07-17,2019-07-17 09:36:32,1.37,0.958,48,1.35,0.944,55,1.37,0.958,1,1.36,0.951,112,0
SPY190719C299,2019-07-17,2019-07-17 09:36:33,1.37,0.958,48,1.35,0.944,42,1.37,0.958,1,1.36,0.951,112,0
SPY190719C299,2019-07-17,2019-07-17 09:36:33,1.37,0.958,87,1.35,0.944,31,1.37,0.958,1,1.36,0.951,112,0
SPY190719C299,2019-07-17,2019-07-17 09:36:34,1.37,0.958,87,1.35,0.944,42,1.37,0.958,1,1.36,0.951,112,0
SPY190719C299,2019-07-17,2019-07-17 09:36:34,1.37,0.958,48,1.35,0.944,42,1.37,0.958,1,1.36,0.951,112,0
SPY190719C299,2019-07-17,2019-07-17 09:36:35,1.37,0.958,73,1.36,0.951,35,1.37,0.958,1,1.365,0.9545,112,0
SPY190719C299,2019-07-17,2019-07-17 09:36:35,1.37,0.958,157,1.35,0.944,25,1.37,0.958,1,1.36,0.951,112,0
SPY190719C299,2019-07-17,2019-07-17 09:36:36,1.37,0.958,73,1.36,0.951,30,1.37,0.958,1,1.365,0.9545,112,0
SPY190719C299,2019-07-17,2019-07-17 09:36:37,1.37,0.958,152,1.35,0.944,30,1.37,0.958,1,1.36,0.951,112,0
SPY190719C299,2019-07-17,2019-07-17 09:36:37,1.37,0.958,113,1.36,0.951,13,1.37,0.958,1,1.365,0.9545,112,0
SPY190719C299,2019-07-17,2019-07-17 09:36:38,1.37,0.958,40,1.36,0.951,25,1.37,0.958,1,1.365,0.9545,112,0
SPY190719C299,2019-07-17,2019-07-17 09:36:38,1.37,0.958,40,1.35,0.944,75,1.37,0.958,1,1.36,0.951,112,0
SPY190719C299,2019-07-17,2019-07-17 09:36:39,1.38,0.965,41,1.36,0.951,61,1.37,0.958,1,1.37,0.958,112,0
SPY190719C299,2019-07-17,2019-07-17 09:36:39,1.38,0.965,11,1.36,0.951,65,1.37,0.958,1,1.37,0.958,112,0
SPY190719C299,2019-07-17,2019-07-17 09:36:40,1.38,0.965,11,1.37,0.958,41,1.37,0.958,1,1.375,0.9615,112,0
SPY190719C299,2019-07-17,2019-07-17 09:36:40,1.39,0.972,188,1.37,0.958,42,1.37,0.958,1,1.38,0.965,112,0
SPY190719C299,2019-07-17,2019-07-17 09:36:41,1.38,0.965,11,1.37,0.958,6,1.37,0.958,1,1.375,0.9615,112,0
SPY190719C299,2019-07-17,2019-07-17 09:36:42,1.4,0.979,123,1.38,0.965,60,1.37,0.958,1,1.39,0.972,112,0
SPY190719C299,2019-07-17,2019-07-17 09:36:42,1.4,0.979,123,1.38,0.965,29,1.37,0.958,1,1.39,0.972,112,0
SPY190719C299,2019-07-17,2019-07-17 09:36:43,1.4,0.979,123,1.38,0.965,82,1.37,0.958,1,1.39,0.972,112,0
SPY190719C299,2019-07-17,2019-07-17 09:36:43,1.4,0.979,82,1.38,0.965,72,1.37,0.958,1,1.39,0.972,112,0
SPY190719C299,2019-07-17,2019-07-17 09:36:44,1.4,0.979,11,1.39,0.972,25,1.37,0.958,1,1.395,0.9755,112,0
SPY190719C299,2019-07-17,2019-07-17 09:36:44,1.4,0.979,28,1.39,0.972,40,1.37,0.958,1,1.395,0.9755,112,0
SPY190719C299,2019-07-17,2019-07-17 09:36:45,1.42,0.993,228,1.4,0.979,35,1.37,0.958,1,1.41,0.986,112,0
SPY190719C299,2019-07-17,2019-07-17 09:36:45,1.42,0.993,228,1.4,0.979,32,1.37,0.958,1,1.41,0.986,112,0
SPY190719C299,2019-07-17,2019-07-17 09:36:46,1.41,0.986,113,1.39,0.972,65,1.37,0.958,1,1.4,0.979,112,0
SPY190719C299,2019-07-17,2019-07-17 09:36:47,1.41,0.986,113,1.39,0.972,180,1.37,0.958,1,1.4,0.979,112,0
SPY190719C299,2019-07-17,2019-07-17 09:36:47,1.41,0.986,30,1.4,0.979,32,1.37,0.958,1,1.405,0.9825,112,0
SPY190719C299,2019-07-17,2019-07-17 09:36:48,1.41,0.986,69,1.39,0.972,95,1.37,0.958,1,1.4,0.979,112,0
SPY190719C299,2019-07-17,2019-07-17 09:36:48,1.42,0.993,218,1.4,0.979,53,1.37,0.958,1,1.41,0.986,112,0
SPY190719C299,2019-07-17,2019-07-17 09:36:49,1.42,0.993,218,1.4,0.979,53,1.37,0.958,1,1.41,0.986,112,0
SPY190719C299,2019-07-17,2019-07-17 09:36:49,1.41,0.986,130,1.39,0.972,65,1.37,0.958,1,1.4,0.979,112,0
SPY190719C299,2019-07-17,2019-07-17 09:36:50,1.41,0.986,72,1.39,0.972,74,1.37,0.958,1,1.4,0.979,112,0
SPY190719C299,2019-07-17,2019-07-17 09:36:50,1.41,0.986,98,1.39,0.972,74,1.37,0.958,1,1.4,0.979,112,0
SPY190719C299,2019-07-17,2019-07-17 09:36:51,1.41,0.986,32,1.39,0.972,74,1.37,0.958,1,1.4,0.979,112,0
SPY190719C299,2019-07-17,2019-07-17 09:36:52,1.41,0.986,130,1.39,0.972,73,1.37,0.958,1,1.4,0.979,112,0
SPY190719C299,2019-07-17,2019-07-17 09:36:52,1.41,0.986,65,1.39,0.972,97,1.37,0.958,1,1.4,0.979,112,0
SPY190719C299,2019-07-17,2019-07-17 09:36:53,1.41,0.986,41,1.39,0.972,108,1.37,0.958,1,1.4,0.979,112,0
SPY190719C299,2019-07-17,2019-07-17 09:36:53,1.41,0.986,10,1.4,0.979,32,1.37,0.958,1,1.405,0.9825,112,0
SPY190719C299,2019-07-17,2019-07-17 09:36:54,1.42,0.993,100,1.39,0.972,65,1.37,0.958,1,1.405,0.9825,112,0
SPY190719C299,2019-07-17,2019-07-17 09:36:54,1.42,0.993,218,1.4,0.979,57,1.37,0.958,1,1.41,0.986,112,0
SPY190719C299,2019-07-17,2019-07-17 09:36:55,1.41,0.986,30,1.4,0.979,56,1.37,0.958,1,1.405,0.9825,112,0
SPY190719C299,2019-07-17,2019-07-17 09:36:56,1.4,0.979,30,1.38,0.965,177,1.37,0.958,1,1.39,0.972,112,0
SPY190719C299,2019-07-17,2019-07-17 09:36:56,1.4,0.979,47,1.39,0.972,25,1.37,0.958,1,1.395,0.9755,112,0
SPY190719C299,2019-07-17,2019-07-17 09:36:57,1.4,0.979,47,1.39,0.972,25,1.37,0.958,1,1.395,0.9755,112,0
SPY190719C299,2019-07-17,2019-07-17 09:36:57,1.4,0.979,109,1.39,0.972,13,1.37,0.958,1,1.395,0.9755,112,0
SPY190719C299,2019-07-17,2019-07-17 09:36:58,1.4,0.979,55,1.39,0.972,23,1.37,0.958,1,1.395,0.9755,112,0
SPY190719C299,2019-07-17,2019-07-17 09:36:59,1.39,0.972,1,1.38,0.965,65,1.37,0.958,1,1.385,0.9685,112,0
SPY190719C299,2019-07-17,2019-07-17 09:36:59,1.38,0.965,7,1.36,0.951,183,1.37,0.958,1,1.37,0.958,112,0
SPY190719C299,2019-07-17,2019-07-17 09:37:00,1.38,0.965,1,1.37,0.958,41,1.37,0.958,1,1.375,0.9615,112,0
SPY190719C299,2019-07-17,2019-07-17 09:37:00,1.38,0.965,7,1.37,0.958,31,1.37,0.958,1,1.375,0.9615,112,0
SPY190719C299,2019-07-17,2019-07-17 09:37:01,1.38,0.965,1,1.37,0.958,31,1.37,0.958,1,1.375,0.9615,112,0
SPY190719C299,2019-07-17,2019-07-17 09:37:02,1.39,0.972,146,1.37,0.958,40,1.37,0.958,1,1.38,0.965,112,0
SPY190719C299,2019-07-17,2019-07-17 09:37:02,1.39,0.972,146,1.37,0.958,31,1.37,0.958,1,1.38,0.965,112,0
SPY190719C299,2019-07-17,2019-07-17 09:37:03,1.39,0.972,200,1.37,0.958,65,1.37,0.958,1,1.38,0.965,112,0
SPY190719C299,2019-07-17,2019-07-17 09:37:03,1.38,0.965,1,1.37,0.958,73,1.37,0.958,1,1.375,0.9615,112,0
SPY190719C299,2019-07-17,2019-07-17 09:37:04,1.39,0.972,123,1.37,0.958,65,1.37,0.958,1,1.38,0.965,112,0
SPY190719C299,2019-07-17,2019-07-17 09:37:04,1.39,0.972,25,1.37,0.958,65,1.37,0.958,1,1.38,0.965,112,0
SPY190719C299,2019-07-17,2019-07-17 09:37:05,1.39,0.972,25,1.37,0.958,114,1.37,0.958,1,1.38,0.965,112,0
SPY190719C299,2019-07-17,2019-07-17 09:37:06,1.39,0.972,134,1.37,0.958,114,1.37,0.958,1,1.38,0.965,112,0
SPY190719C299,2019-07-17,2019-07-17 09:37:06,1.39,0.972,41,1.37,0.958,146,1.37,0.958,1,1.38,0.965,112,0
SPY190719C299,2019-07-17,2019-07-17 09:37:07,1.39,0.972,73,1.37,0.958,114,1.37,0.958,1,1.38,0.965,112,0
SPY190719C299,2019-07-17,2019-07-17 09:37:08,1.39,0.972,222,1.37,0.958,64,1.37,0.958,1,1.38,0.965,112,0
SPY190719C299,2019-07-17,2019-07-17 09:37:09,1.4,0.979,145,1.37,0.958,64,1.37,0.958,1,1.385,0.9685,112,0
SPY190719C299,2019-07-17,2019-07-17 09:37:09,1.4,0.979,73,1.38,0.965,114,1.37,0.958,1,1.39,0.972,112,0
SPY190719C299,2019-07-17,2019-07-17 09:37:10,1.4,0.979,40,1.38,0.965,134,1.37,0.958,1,1.39,0.972,112,0
SPY190719C299,2019-07-17,2019-07-17 09:37:10,1.4,0.979,40,1.39,0.972,41,1.37,0.958,1,1.395,0.9755,112,0
SPY190719C299,2019-07-17,2019-07-17 09:37:11,1.39,0.972,1,1.38,0.965,74,1.37,0.958,1,1.385,0.9685,112,0
SPY190719C299,2019-07-17,2019-07-17 09:37:11,1.39,0.972,40,1.37,0.958,104,1.37,0.958,1,1.38,0.965,112,0
SPY190719C299,2019-07-17,2019-07-17 09:37:12,1.4,0.979,162,1.38,0.965,64,1.37,0.958,1,1.39,0.972,112,0
SPY190719C299,2019-07-17,2019-07-17 09:37:13,1.39,0.972,128,1.37,0.958,56,1.37,0.958,1,1.38,0.965,112,0
SPY190719C299,2019-07-17,2019-07-17 09:37:13,1.39,0.972,6,1.38,0.965,93,1.37,0.958,1,1.385,0.9685,112,0
SPY190719C299,2019-07-17,2019-07-17 09:37:14,1.39,0.972,66,1.37,0.958,65,1.37,0.958,1,1.38,0.965,112,0
SPY190719C299,2019-07-17,2019-07-17 09:37:14,1.39,0.972,107,1.37,0.958,65,1.37,0.958,1,1.38,0.965,112,0
SPY190719C299,2019-07-17,2019-07-17 09:37:15,1.39,0.972,235,1.37,0.958,65,1.37,0.958,1,1.38,0.965,112,0
SPY190719C299,2019-07-17,2019-07-17 09:37:16,1.39,0.972,295,1.37,0.958,65,1.37,0.958,1,1.38,0.965,112,0
SPY190719C299,2019-07-17,2019-07-17 09:37:16,1.39,0.972,235,1.37,0.958,74,1.37,0.958,1,1.38,0.965,112,0
SPY190719C299,2019-07-17,2019-07-17 09:37:17,1.37,0.958,48,1.36,0.951,63,1.37,0.958,1,1.365,0.9545,112,0
SPY190719C299,2019-07-17,2019-07-17 09:37:17,1.37,0.958,40,1.37,0.958,74,1.37,0.958,1,1.37,0.958,112,0
SPY190719C299,2019-07-17,2019-07-17 09:37:18,1.37,0.958,47,1.36,0.951,40,1.37,0.958,1,1.365,0.9545,112,0
SPY190719C299,2019-07-17,2019-07-17 09:37:18,1.37,0.958,41,1.36,0.951,57,1.37,0.958,1,1.365,0.9545,112,0
SPY190719C299,2019-07-17,2019-07-17 09:37:19,1.37,0.958,41,1.36,0.951,57,1.37,0.958,1,1.365,0.9545,112,0
SPY190719C299,2019-07-17,2019-07-17 09:37:20,1.38,0.965,7,1.36,0.951,57,1.37,0.958,1,1.37,0.958,112,0
SPY190719C299,2019-07-17,2019-07-17 09:37:20,1.38,0.965,34,1.36,0.951,74,1.37,0.958,1,1.37,0.958,112,0
SPY190719C299,2019-07-17,2019-07-17 09:37:21,1.38,0.965,34,1.36,0.951,62,1.37,0.958,1,1.37,0.958,112,0
SPY190719C299,2019-07-17,2019-07-17 09:37:23,1.37,0.958,23,1.36,0.951,61,1.36,0.951,2,1.365,0.9545,114,2
SPY190719C299,2019-07-17,2019-07-17 09:37:23,1.37,0.958,23,1.36,0.951,62,1.37,0.958,1,1.365,0.9545,112,0
SPY190719C299,2019-07-17,2019-07-17 09:37:24,1.38,0.965,23,1.37,0.958,25,1.36,0.951,2,1.375,0.9615,114,0
SPY190719C299,2019-07-17,2019-07-17 09:37:25,1.39,0.972,228,1.37,0.958,65,1.36,0.951,2,1.38,0.965,114,0
SPY190719C299,2019-07-17,2019-07-17 09:37:25,1.38,0.965,23,1.36,0.951,142,1.36,0.951,2,1.37,0.958,114,0
SPY190719C299,2019-07-17,2019-07-17 09:37:26,1.39,0.972,99,1.37,0.958,110,1.36,0.951,2,1.38,0.965,114,0
SPY190719C299,2019-07-17,2019-07-17 09:37:26,1.39,0.972,23,1.38,0.965,65,1.36,0.951,2,1.385,0.9685,114,0
SPY190719C299,2019-07-17,2019-07-17 09:37:27,1.39,0.972,23,1.37,0.958,131,1.36,0.951,2,1.38,0.965,114,0
SPY190719C299,2019-07-17,2019-07-17 09:37:27,1.39,0.972,23,1.38,0.965,63,1.36,0.951,2,1.385,0.9685,114,0
SPY190719C299,2019-07-17,2019-07-17 09:37:28,1.39,0.972,54,1.37,0.958,104,1.36,0.951,2,1.38,0.965,114,0
SPY190719C299,2019-07-17,2019-07-17 09:37:29,1.38,0.965,23,1.37,0.958,104,1.36,0.951,2,1.375,0.9615,114,0
SPY190719C299,2019-07-17,2019-07-17 09:37:29,1.39,0.972,94,1.37,0.958,103,1.36,0.951,2,1.38,0.965,114,0
SPY190719C299,2019-07-17,2019-07-17 09:37:30,1.39,0.972,77,1.37,0.958,104,1.36,0.951,2,1.38,0.965,114,0
SPY190719C299,2019-07-17,2019-07-17 09:37:31,1.4,0.979,62,1.38,0.965,105,1.36,0.951,2,1.39,0.972,114,0
SPY190719C299,2019-07-17,2019-07-17 09:37:31,1.4,0.979,62,1.38,0.965,65,1.36,0.951,2,1.39,0.972,114,0
SPY190719C299,2019-07-17,2019-07-17 09:37:32,1.39,0.972,40,1.37,0.958,65,1.36,0.951,2,1.38,0.965,114,0
SPY190719C299,2019-07-17,2019-07-17 09:37:32,1.38,0.965,23,1.37,0.958,65,1.36,0.951,2,1.375,0.9615,114,0
SPY190719C299,2019-07-17,2019-07-17 09:37:33,1.37,0.958,1,1.36,0.951,66,1.36,0.951,2,1.365,0.9545,114,0
SPY190719C299,2019-07-17,2019-07-17 09:37:34,1.37,0.958,10,1.36,0.951,56,1.36,0.951,2,1.365,0.9545,114,0
SPY190719C299,2019-07-17,2019-07-17 09:37:34,1.37,0.958,10,1.36,0.951,40,1.36,0.951,2,1.365,0.9545,114,0
SPY190719C299,2019-07-17,2019-07-17 09:37:35,1.38,0.965,128,1.36,0.951,71,1.36,0.951,2,1.37,0.958,114,0
SPY190719C299,2019-07-17,2019-07-17 09:37:36,1.38,0.965,128,1.36,0.951,71,1.36,0.951,2,1.37,0.958,114,0
SPY190719C299,2019-07-17,2019-07-17 09:37:37,1.37,0.958,47,1.36,0.951,71,1.36,0.951,2,1.365,0.9545,114,0
SPY190719C299,2019-07-17,2019-07-17 09:37:38,1.37,0.958,10,1.36,0.951,71,1.37,0.958,3,1.365,0.9545,117,0
SPY190719C299,2019-07-17,2019-07-17 09:37:38,1.37,0.958,10,1.36,0.951,71,1.37,0.958,3,1.365,0.9545,117,3
SPY190719C299,2019-07-17,2019-07-17 09:37:39,1.37,0.958,40,1.36,0.951,71,1.37,0.958,3,1.365,0.9545,117,0
SPY190719C299,2019-07-17,2019-07-17 09:37:39,1.37,0.958,10,1.36,0.951,41,1.37,0.958,3,1.365,0.9545,117,0
SPY190719C299,2019-07-17,2019-07-17 09:37:40,1.37,0.958,10,1.36,0.951,61,1.37,0.958,3,1.365,0.9545,117,0
SPY190719C299,2019-07-17,2019-07-17 09:37:41,1.38,0.965,123,1.36,0.951,62,1.37,0.958,3,1.37,0.958,117,0
SPY190719C299,2019-07-17,2019-07-17 09:37:41,1.38,0.965,123,1.36,0.951,61,1.37,0.958,3,1.37,0.958,117,0
SPY190719C299,2019-07-17,2019-07-17 09:37:42,1.39,0.972,228,1.36,0.951,157,1.37,0.958,3,1.375,0.9615,117,0
SPY190719C299,2019-07-17,2019-07-17 09:37:42,1.38,0.965,23,1.37,0.958,40,1.37,0.958,3,1.375,0.9615,117,0
SPY190719C299,2019-07-17,2019-07-17 09:37:43,1.39,0.972,66,1.37,0.958,55,1.37,0.958,3,1.38,0.965,117,0
SPY190719C299,2019-07-17,2019-07-17 09:37:44,1.39,0.972,66,1.37,0.958,81,1.37,0.958,3,1.38,0.965,117,0
SPY190719C299,2019-07-17,2019-07-17 09:37:44,1.4,0.979,150,1.38,0.965,65,1.37,0.958,3,1.39,0.972,117,0
SPY190719C299,2019-07-17,2019-07-17 09:37:45,1.4,0.979,150,1.38,0.965,21,1.37,0.958,3,1.39,0.972,117,0
SPY190719C299,2019-07-17,2019-07-17 09:37:46,1.39,0.972,48,1.37,0.958,118,1.37,0.958,3,1.38,0.965,117,0
SPY190719C299,2019-07-17,2019-07-17 09:37:47,1.4,0.979,123,1.37,0.958,152,1.37,0.958,3,1.385,0.9685,117,0
SPY190719C299,2019-07-17,2019-07-17 09:37:47,1.39,0.972,48,1.37,0.958,118,1.37,0.958,3,1.38,0.965,117,0
SPY190719C299,2019-07-17,2019-07-17 09:37:48,1.4,0.979,123,1.37,0.958,152,1.37,0.958,3,1.385,0.9685,117,0
SPY190719C299,2019-07-17,2019-07-17 09:37:48,1.4,0.979,123,1.39,0.972,74,1.37,0.958,3,1.395,0.9755,117,0
SPY190719C299,2019-07-17,2019-07-17 09:37:49,1.42,0.993,228,1.4,0.979,64,1.37,0.958,3,1.41,0.986,117,0
SPY190719C299,2019-07-17,2019-07-17 09:37:50,1.42,0.993,228,1.4,0.979,56,1.37,0.958,3,1.41,0.986,117,0
SPY190719C299,2019-07-17,2019-07-17 09:37:51,1.42,0.993,213,1.41,0.986,1,1.37,0.958,3,1.415,0.9895,117,0
SPY190719C299,2019-07-17,2019-07-17 09:37:52,1.42,0.993,30,1.41,0.986,13,1.37,0.958,3,1.415,0.9895,117,0
SPY190719C299,2019-07-17,2019-07-17 09:37:52,1.42,0.993,205,1.4,0.979,95,1.37,0.958,3,1.41,0.986,117,0
SPY190719C299,2019-07-17,2019-07-17 09:37:53,1.43,1.0,113,1.41,0.986,97,1.37,0.958,3,1.42,0.993,117,0
SPY190719C299,2019-07-17,2019-07-17 09:37:54,1.43,1.0,113,1.42,0.993,23,1.37,0.958,3,1.425,0.9965,117,0
SPY190719C299,2019-07-17,2019-07-17 09:37:54,1.43,1.0,113,1.41,0.986,139,1.37,0.958,3,1.42,0.993,117,0
SPY190719C299,2019-07-17,2019-07-17 09:37:55,1.43,1.0,35,1.42,0.993,23,1.37,0.958,3,1.425,0.9965,117,0
SPY190719C299,2019-07-17,2019-07-17 09:37:56,1.43,1.0,35,1.42,0.993,25,1.37,0.958,3,1.425,0.9965,117,0
SPY190719C299,2019-07-17,2019-07-17 09:37:57,1.42,0.993,35,1.4,0.979,140,1.37,0.958,3,1.41,0.986,117,0
SPY190719C299,2019-07-17,2019-07-17 09:37:58,1.42,0.993,46,1.4,0.979,74,1.37,0.958,3,1.41,0.986,117,0
SPY190719C299,2019-07-17,2019-07-17 09:37:58,1.43,1.0,206,1.41,0.986,65,1.37,0.958,3,1.42,0.993,117,0
SPY190719C299,2019-07-17,2019-07-17 09:37:59,1.43,1.0,30,1.41,0.986,136,1.42,0.993,3,1.42,0.993,120,3
SPY190719C299,2019-07-17,2019-07-17 09:37:59,1.43,1.0,81,1.41,0.986,136,1.37,0.958,3,1.42,0.993,117,0
SPY190719C299,2019-07-17,2019-07-17 09:38:01,1.45,1.0139,16,1.44,1.0069,13,1.42,0.993,3,1.445,1.0104,120,0
SPY190719C299,2019-07-17,2019-07-17 09:38:02,1.45,1.0139,35,1.44,1.0069,13,1.42,0.993,3,1.445,1.0104,120,0
SPY190719C299,2019-07-17,2019-07-17 09:38:03,1.45,1.0139,16,1.44,1.0069,94,1.42,0.993,3,1.445,1.0104,120,0
SPY190719C299,2019-07-17,2019-07-17 09:38:04,1.45,1.0139,10,1.44,1.0069,136,1.42,0.993,3,1.445,1.0104,120,0
SPY190719C299,2019-07-17,2019-07-17 09:38:04,1.45,1.0139,10,1.44,1.0069,94,1.42,0.993,3,1.445,1.0104,120,0
SPY190719C299,2019-07-17,2019-07-17 09:38:05,1.45,1.0139,10,1.44,1.0069,136,1.42,0.993,3,1.445,1.0104,120,0
SPY190719C299,2019-07-17,2019-07-17 09:38:05,1.45,1.0139,16,1.44,1.0069,136,1.42,0.993,3,1.445,1.0104,120,0
SPY190719C299,2019-07-17,2019-07-17 09:38:06,1.45,1.0139,10,1.44,1.0069,136,1.42,0.993,3,1.445,1.0104,120,0
SPY190719C299,2019-07-17,2019-07-17 09:38:07,1.45,1.0139,10,1.44,1.0069,92,1.42,0.993,3,1.445,1.0104,120,0
SPY190719C299,2019-07-17,2019-07-17 09:38:07,1.45,1.0139,10,1.44,1.0069,66,1.42,0.993,3,1.445,1.0104,120,0
SPY190719C299,2019-07-17,2019-07-17 09:38:08,1.45,1.0139,10,1.44,1.0069,127,1.42,0.993,3,1.445,1.0104,120,0
SPY190719C299,2019-07-17,2019-07-17 09:38:09,1.47,1.0279,116,1.45,1.0139,25,1.45,1.0139,10,1.46,1.0209,130,10
SPY190719C299,2019-07-17,2019-07-17 09:38:09,1.46,1.0209,23,1.45,1.0139,35,1.45,1.0139,10,1.455,1.0174,130,0
SPY190719C299,2019-07-17,2019-07-17 09:38:10,1.46,1.0209,22,1.45,1.0139,40,1.45,1.0139,10,1.455,1.0174,130,0
SPY190719C299,2019-07-17,2019-07-17 09:38:10,1.47,1.0279,111,1.45,1.0139,53,1.45,1.0139,10,1.46,1.0209,130,0
SPY190719C299,2019-07-17,2019-07-17 09:38:11,1.46,1.0209,22,1.45,1.0139,40,1.45,1.0139,10,1.455,1.0174,130,0
SPY190719C299,2019-07-17,2019-07-17 09:38:12,1.46,1.0209,22,1.45,1.0139,40,1.45,1.0139,10,1.455,1.0174,130,0
SPY190719C299,2019-07-17,2019-07-17 09:38:13,1.46,1.0209,22,1.44,1.0069,25,1.45,1.0139,10,1.45,1.0139,130,0
SPY190719C299,2019-07-17,2019-07-17 09:38:13,1.45,1.0139,36,1.44,1.0069,25,1.45,1.0139,10,1.445,1.0104,130,0
SPY190719C299,2019-07-17,2019-07-17 09:38:14,1.45,1.0139,7,1.43,1.0,174,1.45,1.0139,10,1.44,1.0069,130,0
SPY190719C299,2019-07-17,2019-07-17 09:38:14,1.46,1.0209,211,1.43,1.0,181,1.45,1.0139,10,1.445,1.0104,130,0
SPY190719C299,2019-07-17,2019-07-17 09:38:15,1.45,1.0139,20,1.43,1.0,174,1.45,1.0139,10,1.44,1.0069,130,0
SPY190719C299,2019-07-17,2019-07-17 09:38:16,1.44,1.0069,1,1.43,1.0,186,1.45,1.0139,10,1.435,1.0034,130,0
SPY190719C299,2019-07-17,2019-07-17 09:38:16,1.44,1.0069,7,1.43,1.0,95,1.45,1.0139,10,1.435,1.0034,130,0
SPY190719C299,2019-07-17,2019-07-17 09:38:17,1.44,1.0069,7,1.43,1.0,95,1.45,1.0139,10,1.435,1.0034,130,0
SPY190719C299,2019-07-17,2019-07-17 09:38:18,1.44,1.0069,7,1.43,1.0,95,1.45,1.0139,10,1.435,1.0034,130,0
SPY190719C299,2019-07-17,2019-07-17 09:38:19,1.44,1.0069,37,1.42,0.993,112,1.45,1.0139,10,1.43,1.0,130,0
SPY190719C299,2019-07-17,2019-07-17 09:38:20,1.44,1.0069,37,1.42,0.993,113,1.45,1.0139,10,1.43,1.0,130,0
SPY190719C299,2019-07-17,2019-07-17 09:38:20,1.44,1.0069,37,1.42,0.993,89,1.45,1.0139,10,1.43,1.0,130,0
SPY190719C299,2019-07-17,2019-07-17 09:38:21,1.44,1.0069,7,1.42,0.993,196,1.45,1.0139,10,1.43,1.0,130,0
SPY190719C299,2019-07-17,2019-07-17 09:38:21,1.44,1.0069,7,1.43,1.0,85,1.45,1.0139,10,1.435,1.0034,130,0
SPY190719C299,2019-07-17,2019-07-17 09:38:22,1.44,1.0069,37,1.43,1.0,25,1.45,1.0139,10,1.435,1.0034,130,0
SPY190719C299,2019-07-17,2019-07-17 09:38:23,1.43,1.0,7,1.42,0.993,55,1.45,1.0139,10,1.425,0.9965,130,0
SPY190719C299,2019-07-17,2019-07-17 09:38:23,1.44,1.0069,37,1.43,1.0,25,1.45,1.0139,10,1.435,1.0034,130,0
SPY190719C299,2019-07-17,2019-07-17 09:38:24,1.43,1.0,20,1.42,0.993,55,1.45,1.0139,10,1.425,0.9965,130,0
SPY190719C299,2019-07-17,2019-07-17 09:38:25,1.43,1.0,7,1.42,0.993,55,1.42,0.993,1,1.425,0.9965,131,0
SPY190719C299,2019-07-17,2019-07-17 09:38:25,1.43,1.0,10,1.42,0.993,55,1.42,0.993,1,1.425,0.9965,131,1
SPY190719C299,2019-07-17,2019-07-17 09:38:26,1.43,1.0,7,1.41,0.986,191,1.42,0.993,1,1.42,0.993,131,0
SPY190719C299,2019-07-17,2019-07-17 09:38:26,1.43,1.0,7,1.41,0.986,176,1.42,0.993,1,1.42,0.993,131,0
SPY190719C299,2019-07-17,2019-07-17 09:38:27,1.43,1.0,7,1.42,0.993,55,1.42,0.993,1,1.425,0.9965,131,0
SPY190719C299,2019-07-17,2019-07-17 09:38:27,1.44,1.0069,126,1.42,0.993,95,1.42,0.993,1,1.43,1.0,131,0
SPY190719C299,2019-07-17,2019-07-17 09:38:28,1.45,1.0139,222,1.42,0.993,113,1.42,0.993,1,1.435,1.0034,131,0
SPY190719C299,2019-07-17,2019-07-17 09:38:29,1.45,1.0139,111,1.43,1.0,86,1.42,0.993,1,1.44,1.0069,131,0
SPY190719C299,2019-07-17,2019-07-17 09:38:29,1.46,1.0209,81,1.43,1.0,137,1.42,0.993,1,1.445,1.0104,131,0
SPY190719C299,2019-07-17,2019-07-17 09:38:30,1.46,1.0209,7,1.44,1.0069,137,1.42,0.993,1,1.45,1.0139,131,0
SPY190719C299,2019-07-17,2019-07-17 09:38:30,1.46,1.0209,33,1.44,1.0069,137,1.42,0.993,1,1.45,1.0139,131,0
SPY190719C299,2019-07-17,2019-07-17 09:38:31,1.46,1.0209,33,1.45,1.0139,25,1.42,0.993,1,1.455,1.0174,131,0
SPY190719C299,2019-07-17,2019-07-17 09:38:31,1.46,1.0209,33,1.44,1.0069,137,1.42,0.993,1,1.45,1.0139,131,0
SPY190719C299,2019-07-17,2019-07-17 09:38:32,1.45,1.0139,10,1.45,1.0139,25,1.42,0.993,1,1.45,1.0139,131,0
SPY190719C299,2019-07-17,2019-07-17 09:38:33,1.45,1.0139,111,1.43,1.0,40,1.42,0.993,1,1.44,1.0069,131,0
SPY190719C299,2019-07-17,2019-07-17 09:38:33,1.45,1.0139,111,1.43,1.0,65,1.42,0.993,1,1.44,1.0069,131,0
SPY190719C299,2019-07-17,2019-07-17 09:38:34,1.46,1.0209,216,1.44,1.0069,8,1.42,0.993,1,1.45,1.0139,131,0
SPY190719C299,2019-07-17,2019-07-17 09:38:34,1.45,1.0139,111,1.44,1.0069,8,1.42,0.993,1,1.445,1.0104,131,0
SPY190719C299,2019-07-17,2019-07-17 09:38:35,1.46,1.0209,216,1.44,1.0069,31,1.42,0.993,1,1.45,1.0139,131,0
SPY190719C299,2019-07-17,2019-07-17 09:38:36,1.45,1.0139,10,1.44,1.0069,31,1.42,0.993,1,1.445,1.0104,131,0
SPY190719C299,2019-07-17,2019-07-17 09:38:36,1.46,1.0209,131,1.44,1.0069,111,1.42,0.993,1,1.45,1.0139,131,0
SPY190719C299,2019-07-17,2019-07-17 09:38:37,1.46,1.0209,100,1.44,1.0069,111,1.42,0.993,1,1.45,1.0139,131,0
SPY190719C299,2019-07-17,2019-07-17 09:38:38,1.46,1.0209,100,1.44,1.0069,25,1.42,0.993,1,1.45,1.0139,131,0
SPY190719C299,2019-07-17,2019-07-17 09:38:39,1.45,1.0139,48,1.44,1.0069,8,1.42,0.993,1,1.445,1.0104,131,0
SPY190719C299,2019-07-17,2019-07-17 09:38:39,1.45,1.0139,67,1.44,1.0069,8,1.42,0.993,1,1.445,1.0104,131,0
SPY190719C299,2019-07-17,2019-07-17 09:38:40,1.44,1.0069,1,1.43,1.0,65,1.44,1.0069,1,1.435,1.0034,140,9
SPY190719C299,2019-07-17,2019-07-17 09:38:40,1.45,1.0139,35,1.43,1.0,65,1.44,1.0069,1,1.44,1.0069,140,0
SPY190719C299,2019-07-17,2019-07-17 09:38:41,1.45,1.0139,35,1.43,1.0,129,1.44,1.0069,1,1.44,1.0069,140,0
SPY190719C299,2019-07-17,2019-07-17 09:38:42,1.46,1.0209,100,1.44,1.0069,95,1.44,1.0069,1,1.45,1.0139,140,0
SPY190719C299,2019-07-17,2019-07-17 09:38:42,1.45,1.0139,45,1.43,1.0,130,1.44,1.0069,1,1.44,1.0069,140,0
SPY190719C299,2019-07-17,2019-07-17 09:38:43,1.45,1.0139,35,1.43,1.0,176,1.44,1.0069,1,1.44,1.0069,140,0
SPY190719C299,2019-07-17,2019-07-17 09:38:43,1.46,1.0209,100,1.44,1.0069,95,1.44,1.0069,1,1.45,1.0139,140,0
SPY190719C299,2019-07-17,2019-07-17 09:38:44,1.45,1.0139,10,1.43,1.0,176,1.44,1.0069,1,1.44,1.0069,140,0
SPY190719C299,2019-07-17,2019-07-17 09:38:45,1.45,1.0139,10,1.43,1.0,56,1.44,1.0069,1,1.44,1.0069,140,0
SPY190719C299,2019-07-17,2019-07-17 09:38:46,1.44,1.0069,23,1.43,1.0,56,1.44,1.0069,1,1.435,1.0034,140,0
SPY190719C299,2019-07-17,2019-07-17 09:38:46,1.45,1.0139,54,1.43,1.0,25,1.44,1.0069,1,1.44,1.0069,140,0
SPY190719C299,2019-07-17,2019-07-17 09:38:47,1.45,1.0139,109,1.43,1.0,56,1.44,1.0069,1,1.44,1.0069,140,0
SPY190719C299,2019-07-17,2019-07-17 09:38:47,1.45,1.0139,214,1.43,1.0,56,1.44,1.0069,1,1.44,1.0069,140,0
SPY190719C299,2019-07-17,2019-07-17 09:38:48,1.45,1.0139,109,1.42,0.993,98,1.44,1.0069,1,1.435,1.0034,140,0
SPY190719C299,2019-07-17,2019-07-17 09:38:49,1.44,1.0069,130,1.42,0.993,133,1.44,1.0069,1,1.43,1.0,140,0
SPY190719C299,2019-07-17,2019-07-17 09:38:49,1.43,1.0,23,1.42,0.993,98,1.44,1.0069,1,1.425,0.9965,140,0
SPY190719C299,2019-07-17,2019-07-17 09:38:50,1.44,1.0069,130,1.42,0.993,133,1.44,1.0069,1,1.43,1.0,140,0
SPY190719C299,2019-07-17,2019-07-17 09:38:50,1.44,1.0069,16,1.43,1.0,13,1.44,1.0069,1,1.435,1.0034,140,0
SPY190719C299,2019-07-17,2019-07-17 09:38:51,1.44,1.0069,16,1.43,1.0,25,1.44,1.0069,1,1.435,1.0034,140,0
SPY190719C299,2019-07-17,2019-07-17 09:38:51,1.45,1.0139,111,1.43,1.0,65,1.44,1.0069,1,1.44,1.0069,140,0
SPY190719C299,2019-07-17,2019-07-17 09:38:52,1.44,1.0069,23,1.43,1.0,65,1.44,1.0069,1,1.435,1.0034,140,0
SPY190719C299,2019-07-17,2019-07-17 09:38:53,1.44,1.0069,23,1.43,1.0,25,1.44,1.0069,1,1.435,1.0034,140,0
SPY190719C299,2019-07-17,2019-07-17 09:38:53,1.44,1.0069,23,1.42,0.993,133,1.44,1.0069,1,1.43,1.0,140,0
SPY190719C299,2019-07-17,2019-07-17 09:38:54,1.44,1.0069,37,1.42,0.993,94,1.44,1.0069,1,1.43,1.0,140,0
SPY190719C299,2019-07-17,2019-07-17 09:38:54,1.44,1.0069,37,1.42,0.993,62,1.44,1.0069,1,1.43,1.0,140,0
SPY190719C299,2019-07-17,2019-07-17 09:38:55,1.44,1.0069,23,1.43,1.0,26,1.44,1.0069,1,1.435,1.0034,140,0
SPY190719C299,2019-07-17,2019-07-17 09:38:55,1.44,1.0069,35,1.42,0.993,56,1.44,1.0069,1,1.43,1.0,140,0
SPY190719C299,2019-07-17,2019-07-17 09:38:56,1.44,1.0069,45,1.42,0.993,56,1.44,1.0069,1,1.43,1.0,140,0
SPY190719C299,2019-07-17,2019-07-17 09:38:56,1.44,1.0069,68,1.42,0.993,62,1.44,1.0069,1,1.43,1.0,140,0
SPY190719C299,2019-07-17,2019-07-17 09:38:57,1.44,1.0069,55,1.42,0.993,95,1.44,1.0069,1,1.43,1.0,140,0
SPY190719C299,2019-07-17,2019-07-17 09:38:58,1.43,1.0,23,1.42,0.993,55,1.44,1.0069,1,1.425,0.9965,140,0
SPY190719C299,2019-07-17,2019-07-17 09:38:58,1.44,1.0069,55,1.42,0.993,95,1.44,1.0069,1,1.43,1.0,140,0
SPY190719C299,2019-07-17,2019-07-17 09:38:59,1.43,1.0,1,1.42,0.993,55,1.44,1.0069,1,1.425,0.9965,140,0
SPY190719C299,2019-07-17,2019-07-17 09:38:59,1.43,1.0,1,1.42,0.993,100,1.44,1.0069,1,1.425,0.9965,140,0
SPY190719C299,2019-07-17,2019-07-17 09:39:01,1.45,1.0139,35,1.44,1.0069,14,1.44,1.0069,1,1.445,1.0104,140,0
SPY190719C299,2019-07-17,2019-07-17 09:39:01,1.45,1.0139,35,1.44,1.0069,25,1.44,1.0069,1,1.445,1.0104,140,0
SPY190719C299,2019-07-17,2019-07-17 09:39:02,1.45,1.0139,37,1.43,1.0,120,1.44,1.0069,1,1.44,1.0069,140,0
SPY190719C299,2019-07-17,2019-07-17 09:39:02,1.45,1.0139,35,1.44,1.0069,25,1.44,1.0069,1,1.445,1.0104,140,0
SPY190719C299,2019-07-17,2019-07-17 09:39:03,1.45,1.0139,37,1.43,1.0,95,1.44,1.0069,1,1.44,1.0069,140,0
SPY190719C299,2019-07-17,2019-07-17 09:39:04,1.45,1.0139,20,1.44,1.0069,25,1.44,1.0069,1,1.445,1.0104,140,0
SPY190719C299,2019-07-17,2019-07-17 09:39:05,1.45,1.0139,35,1.44,1.0069,25,1.44,1.0069,1,1.445,1.0104,140,0
SPY190719C299,2019-07-17,2019-07-17 09:39:05,1.45,1.0139,20,1.44,1.0069,25,1.44,1.0069,1,1.445,1.0104,140,0
SPY190719C299,2019-07-17,2019-07-17 09:39:06,1.44,1.0069,7,1.43,1.0,26,1.44,1.0069,1,1.435,1.0034,140,0
SPY190719C299,2019-07-17,2019-07-17 09:39:06,1.44,1.0069,7,1.42,0.993,62,1.44,1.0069,1,1.43,1.0,140,0
SPY190719C299,2019-07-17,2019-07-17 09:39:07,1.44,1.0069,7,1.42,0.993,134,1.44,1.0069,1,1.43,1.0,140,0
SPY190719C299,2019-07-17,2019-07-17 09:39:07,1.45,1.0139,116,1.42,0.993,158,1.44,1.0069,1,1.435,1.0034,140,0
SPY190719C299,2019-07-17,2019-07-17 09:39:08,1.45,1.0139,36,1.43,1.0,32,1.44,1.0069,1,1.44,1.0069,140,0
SPY190719C299,2019-07-17,2019-07-17 09:39:09,1.45,1.0139,205,1.43,1.0,26,1.44,1.0069,1,1.44,1.0069,140,0
SPY190719C299,2019-07-17,2019-07-17 09:39:09,1.44,1.0069,47,1.43,1.0,26,1.44,1.0069,1,1.435,1.0034,140,0
SPY190719C299,2019-07-17,2019-07-17 09:39:10,1.45,1.0139,96,1.43,1.0,104,1.44,1.0069,1,1.44,1.0069,140,0
SPY190719C299,2019-07-17,2019-07-17 09:39:10,1.45,1.0139,7,1.43,1.0,117,1.44,1.0069,1,1.44,1.0069,140,0
SPY190719C299,2019-07-17,2019-07-17 09:39:11,1.45,1.0139,146,1.43,1.0,1,1.44,1.0069,1,1.44,1.0069,140,0
SPY190719C299,2019-07-17,2019-07-17 09:39:12,1.45,1.0139,116,1.43,1.0,25,1.44,1.0069,1,1.44,1.0069,140,0
SPY190719C299,2019-07-17,2019-07-17 09:39:12,1.45,1.0139,146,1.43,1.0,25,1.44,1.0069,1,1.44,1.0069,140,0
SPY190719C299,2019-07-17,2019-07-17 09:39:13,1.45,1.0139,7,1.44,1.0069,30,1.44,1.0069,1,1.445,1.0104,140,0
SPY190719C299,2019-07-17,2019-07-17 09:39:13,1.45,1.0139,35,1.44,1.0069,26,1.44,1.0069,1,1.445,1.0104,140,0
SPY190719C299,2019-07-17,2019-07-17 09:39:14,1.46,1.0209,92,1.44,1.0069,25,1.44,1.0069,1,1.45,1.0139,140,0
SPY190719C299,2019-07-17,2019-07-17 09:39:14,1.46,1.0209,92,1.44,1.0069,55,1.44,1.0069,1,1.45,1.0139,140,0
SPY190719C299,2019-07-17,2019-07-17 09:39:15,1.47,1.0279,151,1.45,1.0139,32,1.44,1.0069,1,1.46,1.0209,140,0
SPY190719C299,2019-07-17,2019-07-17 09:39:16,1.47,1.0279,151,1.46,1.0209,26,1.44,1.0069,1,1.465,1.0244,140,0
SPY190719C299,2019-07-17,2019-07-17 09:39:16,1.47,1.0279,151,1.45,1.0139,72,1.44,1.0069,1,1.46,1.0209,140,0
SPY190719C299,2019-07-17,2019-07-17 09:39:17,1.47,1.0279,35,1.46,1.0209,26,1.44,1.0069,1,1.465,1.0244,140,0
SPY190719C299,2019-07-17,2019-07-17 09:39:17,1.47,1.0279,35,1.45,1.0139,72,1.44,1.0069,1,1.46,1.0209,140,0
SPY190719C299,2019-07-17,2019-07-17 09:39:18,1.47,1.0279,57,1.45,1.0139,55,1.44,1.0069,1,1.46,1.0209,140,0
SPY190719C299,2019-07-17,2019-07-17 09:39:18,1.46,1.0209,35,1.45,1.0139,55,1.44,1.0069,1,1.455,1.0174,140,0
SPY190719C299,2019-07-17,2019-07-17 09:39:19,1.47,1.0279,35,1.45,1.0139,55,1.44,1.0069,1,1.46,1.0209,140,0
SPY190719C299,2019-07-17,2019-07-17 09:39:19,1.47,1.0279,57,1.45,1.0139,55,1.44,1.0069,1,1.46,1.0209,140,0
SPY190719C299,2019-07-17,2019-07-17 09:39:20,1.47,1.0279,35,1.45,1.0139,93,1.44,1.0069,1,1.46,1.0209,140,0
SPY190719C299,2019-07-17,2019-07-17 09:39:21,1.47,1.0279,45,1.45,1.0139,83,1.44,1.0069,1,1.46,1.0209,140,0
SPY190719C299,2019-07-17,2019-07-17 09:39:22,1.47,1.0279,23,1.45,1.0139,118,1.44,1.0069,1,1.46,1.0209,140,0
SPY190719C299,2019-07-17,2019-07-17 09:39:22,1.47,1.0279,23,1.45,1.0139,83,1.44,1.0069,1,1.46,1.0209,140,0
SPY190719C299,2019-07-17,2019-07-17 09:39:23,1.46,1.0209,23,1.45,1.0139,118,1.44,1.0069,1,1.455,1.0174,140,0
SPY190719C299,2019-07-17,2019-07-17 09:39:24,1.46,1.0209,23,1.45,1.0139,118,1.44,1.0069,1,1.455,1.0174,140,0
SPY190719C299,2019-07-17,2019-07-17 09:39:25,1.46,1.0209,23,1.45,1.0139,117,1.44,1.0069,1,1.455,1.0174,140,0
SPY190719C299,2019-07-17,2019-07-17 09:39:25,1.47,1.0279,23,1.45,1.0139,118,1.44,1.0069,1,1.46,1.0209,140,0
SPY190719C299,2019-07-17,2019-07-17 09:39:26,1.47,1.0279,23,1.45,1.0139,118,1.44,1.0069,1,1.46,1.0209,140,0
SPY190719C299,2019-07-17,2019-07-17 09:39:27,1.47,1.0279,23,1.45,1.0139,112,1.44,1.0069,1,1.46,1.0209,140,0
SPY190719C299,2019-07-17,2019-07-17 09:39:28,1.47,1.0279,23,1.45,1.0139,112,1.44,1.0069,1,1.46,1.0209,140,0
SPY190719C299,2019-07-17,2019-07-17 09:39:29,1.47,1.0279,23,1.46,1.0209,26,1.44,1.0069,1,1.465,1.0244,140,0
SPY190719C299,2019-07-17,2019-07-17 09:39:29,1.47,1.0279,23,1.45,1.0139,112,1.44,1.0069,1,1.46,1.0209,140,0
SPY190719C299,2019-07-17,2019-07-17 09:39:30,1.47,1.0279,23,1.46,1.0209,26,1.44,1.0069,1,1.465,1.0244,140,0
SPY190719C299,2019-07-17,2019-07-17 09:39:30,1.47,1.0279,20,1.45,1.0139,112,1.44,1.0069,1,1.46,1.0209,140,0
SPY190719C299,2019-07-17,2019-07-17 09:39:31,1.47,1.0279,10,1.45,1.0139,100,1.44,1.0069,1,1.46,1.0209,140,0
SPY190719C299,2019-07-17,2019-07-17 09:39:31,1.47,1.0279,10,1.45,1.0139,112,1.44,1.0069,1,1.46,1.0209,140,0
SPY190719C299,2019-07-17,2019-07-17 09:39:32,1.46,1.0209,23,1.45,1.0139,100,1.44,1.0069,1,1.455,1.0174,140,0
SPY190719C299,2019-07-17,2019-07-17 09:39:33,1.47,1.0279,23,1.45,1.0139,100,1.44,1.0069,1,1.46,1.0209,140,0
SPY190719C299,2019-07-17,2019-07-17 09:39:33,1.47,1.0279,23,1.46,1.0209,25,1.44,1.0069,1,1.465,1.0244,140,0
SPY190719C299,2019-07-17,2019-07-17 09:39:34,1.47,1.0279,10,1.46,1.0209,25,1.44,1.0069,1,1.465,1.0244,140,0
SPY190719C299,2019-07-17,2019-07-17 09:39:34,1.47,1.0279,23,1.46,1.0209,25,1.44,1.0069,1,1.465,1.0244,140,0
SPY190719C299,2019-07-17,2019-07-17 09:39:35,1.48,1.0349,211,1.46,1.0209,25,1.44,1.0069,1,1.47,1.0279,140,0
SPY190719C299,2019-07-17,2019-07-17 09:39:35,1.47,1.0279,23,1.46,1.0209,25,1.44,1.0069,1,1.465,1.0244,140,0
SPY190719C299,2019-07-17,2019-07-17 09:39:36,1.49,1.0419,226,1.46,1.0209,187,1.44,1.0069,1,1.475,1.0314,140,0
SPY190719C299,2019-07-17,2019-07-17 09:39:37,1.49,1.0419,23,1.47,1.0279,156,1.44,1.0069,1,1.48,1.0349,140,0
SPY190719C299,2019-07-17,2019-07-17 09:39:37,1.49,1.0419,211,1.47,1.0279,62,1.44,1.0069,1,1.48,1.0349,140,0
SPY190719C299,2019-07-17,2019-07-17 09:39:38,1.49,1.0419,35,1.47,1.0279,146,1.44,1.0069,1,1.48,1.0349,140,0
SPY190719C299,2019-07-17,2019-07-17 09:39:38,1.49,1.0419,35,1.47,1.0279,121,1.44,1.0069,1,1.48,1.0349,140,0
SPY190719C299,2019-07-17,2019-07-17 09:39:39,1.49,1.0419,35,1.48,1.0349,25,1.44,1.0069,1,1.485,1.0384,140,0
SPY190719C299,2019-07-17,2019-07-17 09:39:39,1.49,1.0419,35,1.48,1.0349,13,1.44,1.0069,1,1.485,1.0384,140,0
SPY190719C299,2019-07-17,2019-07-17 09:39:40,1.5,1.0489,100,1.48,1.0349,94,1.44,1.0069,1,1.49,1.0419,140,0
SPY190719C299,2019-07-17,2019-07-17 09:39:41,1.5,1.0489,35,1.48,1.0349,134,1.44,1.0069,1,1.49,1.0419,140,0
SPY190719C299,2019-07-17,2019-07-17 09:39:41,1.5,1.0489,100,1.48,1.0349,134,1.44,1.0069,1,1.49,1.0419,140,0
SPY190719C299,2019-07-17,2019-07-17 09:39:42,1.5,1.0489,35,1.49,1.0419,76,1.44,1.0069,1,1.495,1.0454,140,0
SPY190719C299,2019-07-17,2019-07-17 09:39:42,1.51,1.0559,23,1.5,1.0489,14,1.44,1.0069,1,1.505,1.0524,140,0
SPY190719C299,2019-07-17,2019-07-17 09:39:43,1.51,1.0559,50,1.5,1.0489,37,1.44,1.0069,1,1.505,1.0524,140,0
SPY190719C299,2019-07-17,2019-07-17 09:39:44,1.52,1.0629,35,1.5,1.0489,36,1.44,1.0069,1,1.51,1.0559,140,0
SPY190719C299,2019-07-17,2019-07-17 09:39:44,1.51,1.0559,23,1.5,1.0489,37,1.44,1.0069,1,1.505,1.0524,140,0
SPY190719C299,2019-07-17,2019-07-17 09:39:45,1.52,1.0629,7,1.5,1.0489,49,1.44,1.0069,1,1.51,1.0559,140,0
SPY190719C299,2019-07-17,2019-07-17 09:39:45,1.52,1.0629,20,1.5,1.0489,85,1.44,1.0069,1,1.51,1.0559,140,0
SPY190719C299,2019-07-17,2019-07-17 09:39:46,1.52,1.0629,58,1.5,1.0489,63,1.44,1.0069,1,1.51,1.0559,140,0
SPY190719C299,2019-07-17,2019-07-17 09:39:46,1.52,1.0629,20,1.5,1.0489,85,1.44,1.0069,1,1.51,1.0559,140,0
SPY190719C299,2019-07-17,2019-07-17 09:39:47,1.52,1.0629,58,1.5,1.0489,63,1.44,1.0069,1,1.51,1.0559,140,0
SPY190719C299,2019-07-17,2019-07-17 09:39:47,1.51,1.0559,23,1.5,1.0489,63,1.44,1.0069,1,1.505,1.0524,140,0
SPY190719C299,2019-07-17,2019-07-17 09:39:48,1.51,1.0559,23,1.5,1.0489,224,1.51,1.0559,1,1.505,1.0524,164,24
SPY190719C299,2019-07-17,2019-07-17 09:39:49,1.53,1.0699,10,1.52,1.0629,46,1.51,1.0559,1,1.525,1.0664,164,0
SPY190719C299,2019-07-17,2019-07-17 09:39:49,1.53,1.0699,1,1.52,1.0629,46,1.51,1.0559,1,1.525,1.0664,164,0
SPY190719C299,2019-07-17,2019-07-17 09:39:50,1.54,1.0769,114,1.52,1.0629,30,1.51,1.0559,1,1.53,1.0699,164,0
SPY190719C299,2019-07-17,2019-07-17 09:39:50,1.54,1.0769,114,1.52,1.0629,46,1.51,1.0559,1,1.53,1.0699,164,0
SPY190719C299,2019-07-17,2019-07-17 09:39:51,1.54,1.0769,110,1.52,1.0629,46,1.52,1.0629,4,1.53,1.0699,172,8
SPY190719C299,2019-07-17,2019-07-17 09:39:51,1.53,1.0699,184,1.52,1.0629,26,1.52,1.0629,4,1.525,1.0664,172,0
SPY190719C299,2019-07-17,2019-07-17 09:39:52,1.52,1.0629,7,1.51,1.0559,1,1.52,1.0629,4,1.515,1.0594,172,0
SPY190719C299,2019-07-17,2019-07-17 09:39:53,1.52,1.0629,79,1.51,1.0559,1,1.52,1.0629,4,1.515,1.0594,172,0
SPY190719C299,2019-07-17,2019-07-17 09:39:53,1.52,1.0629,109,1.51,1.0559,1,1.52,1.0629,4,1.515,1.0594,172,0
SPY190719C299,2019-07-17,2019-07-17 09:39:54,1.52,1.0629,79,1.51,1.0559,1,1.52,1.0629,4,1.515,1.0594,172,0
SPY190719C299,2019-07-17,2019-07-17 09:39:54,1.52,1.0629,83,1.51,1.0559,1,1.52,1.0629,4,1.515,1.0594,172,0
SPY190719C299,2019-07-17,2019-07-17 09:39:55,1.52,1.0629,83,1.51,1.0559,1,1.52,1.0629,4,1.515,1.0594,172,0
SPY190719C299,2019-07-17,2019-07-17 09:39:56,1.52,1.0629,83,1.51,1.0559,1,1.52,1.0629,4,1.515,1.0594,172,0
SPY190719C299,2019-07-17,2019-07-17 09:39:56,1.52,1.0629,98,1.51,1.0559,1,1.52,1.0629,4,1.515,1.0594,172,0
SPY190719C299,2019-07-17,2019-07-17 09:39:57,1.51,1.0559,1,1.5,1.0489,55,1.51,1.0559,1,1.505,1.0524,173,1
SPY190719C299,2019-07-17,2019-07-17 09:39:57,1.51,1.0559,6,1.5,1.0489,25,1.51,1.0559,1,1.505,1.0524,173,0
SPY190719C299,2019-07-17,2019-07-17 09:39:58,1.51,1.0559,145,1.48,1.0349,38,1.51,1.0559,1,1.495,1.0454,173,0
SPY190719C299,2019-07-17,2019-07-17 09:39:58,1.51,1.0559,145,1.48,1.0349,30,1.51,1.0559,1,1.495,1.0454,173,0
SPY190719C299,2019-07-17,2019-07-17 09:39:59,1.48,1.0349,73,1.45,1.0139,71,1.51,1.0559,1,1.465,1.0244,173,0
SPY190719C299,2019-07-17,2019-07-17 09:40:00,1.48,1.0349,94,1.45,1.0139,61,1.51,1.0559,1,1.465,1.0244,173,0
SPY190719C299,2019-07-17,2019-07-17 09:40:00,1.48,1.0349,94,1.46,1.0209,25,1.51,1.0559,1,1.47,1.0279,173,0
SPY190719C299,2019-07-17,2019-07-17 09:40:01,1.48,1.0349,6,1.46,1.0209,31,1.51,1.0559,1,1.47,1.0279,173,0
SPY190719C299,2019-07-17,2019-07-17 09:40:01,1.48,1.0349,160,1.45,1.0139,55,1.51,1.0559,1,1.465,1.0244,173,0
SPY190719C299,2019-07-17,2019-07-17 09:40:02,1.49,1.0419,169,1.47,1.0279,29,1.51,1.0559,1,1.48,1.0349,173,0
SPY190719C299,2019-07-17,2019-07-17 09:40:02,1.49,1.0419,135,1.47,1.0279,29,1.51,1.0559,1,1.48,1.0349,173,0
SPY190719C299,2019-07-17,2019-07-17 09:40:03,1.51,1.0559,216,1.48,1.0349,78,1.51,1.0559,1,1.495,1.0454,173,0
SPY190719C299,2019-07-17,2019-07-17 09:40:03,1.51,1.0559,216,1.48,1.0349,46,1.51,1.0559,1,1.495,1.0454,173,0
SPY190719C299,2019-07-17,2019-07-17 09:40:04,1.51,1.0559,216,1.49,1.0419,13,1.51,1.0559,1,1.5,1.0489,173,0
SPY190719C299,2019-07-17,2019-07-17 09:40:05,1.5,1.0489,10,1.49,1.0419,13,1.51,1.0559,1,1.495,1.0454,173,0
SPY190719C299,2019-07-17,2019-07-17 09:40:05,1.5,1.0489,1,1.49,1.0419,13,1.51,1.0559,1,1.495,1.0454,173,0
SPY190719C299,2019-07-17,2019-07-17 09:40:06,1.51,1.0559,100,1.49,1.0419,55,1.51,1.0559,1,1.5,1.0489,173,0
SPY190719C299,2019-07-17,2019-07-17 09:40:06,1.52,1.0629,114,1.5,1.0489,13,1.51,1.0559,1,1.51,1.0559,173,0
SPY190719C299,2019-07-17,2019-07-17 09:40:07,1.53,1.0699,36,1.51,1.0559,84,1.51,1.0559,1,1.52,1.0629,173,0
SPY190719C299,2019-07-17,2019-07-17 09:40:07,1.53,1.0699,100,1.51,1.0559,36,1.51,1.0559,1,1.52,1.0629,173,0
SPY190719C299,2019-07-17,2019-07-17 09:40:08,1.54,1.0769,149,1.52,1.0629,13,1.51,1.0559,1,1.53,1.0699,173,0
SPY190719C299,2019-07-17,2019-07-17 09:40:09,1.54,1.0769,149,1.52,1.0629,13,1.51,1.0559,1,1.53,1.0699,173,0
SPY190719C299,2019-07-17,2019-07-17 09:40:09,1.54,1.0769,149,1.52,1.0629,25,1.51,1.0559,1,1.53,1.0699,173,0
SPY190719C299,2019-07-17,2019-07-17 09:40:10,1.53,1.0699,114,1.5,1.0489,61,1.51,1.0559,1,1.515,1.0594,173,0
SPY190719C299,2019-07-17,2019-07-17 09:40:10,1.53,1.0699,8,1.52,1.0629,13,1.51,1.0559,1,1.525,1.0664,173,0
SPY190719C299,2019-07-17,2019-07-17 09:40:11,1.52,1.0629,88,1.5,1.0489,49,1.51,1.0559,1,1.51,1.0559,173,0
SPY190719C299,2019-07-17,2019-07-17 09:40:12,1.51,1.0559,1,1.5,1.0489,51,1.51,1.0559,1,1.505,1.0524,173,0
SPY190719C299,2019-07-17,2019-07-17 09:40:12,1.52,1.0629,88,1.5,1.0489,50,1.51,1.0559,1,1.51,1.0559,173,0
SPY190719C299,2019-07-17,2019-07-17 09:40:13,1.51,1.0559,1,1.5,1.0489,50,1.51,1.0559,1,1.505,1.0524,173,0
SPY190719C299,2019-07-17,2019-07-17 09:40:13,1.51,1.0559,10,1.5,1.0489,50,1.51,1.0559,1,1.505,1.0524,173,0
SPY190719C299,2019-07-17,2019-07-17 09:40:14,1.52,1.0629,87,1.51,1.0559,13,1.51,1.0559,1,1.515,1.0594,173,0
SPY190719C299,2019-07-17,2019-07-17 09:40:14,1.51,1.0559,1,1.5,1.0489,38,1.51,1.0559,1,1.505,1.0524,173,0
SPY190719C299,2019-07-17,2019-07-17 09:40:15,1.52,1.0629,8,1.51,1.0559,25,1.51,1.0559,1,1.515,1.0594,173,0
SPY190719C299,2019-07-17,2019-07-17 09:40:15,1.52,1.0629,41,1.51,1.0559,25,1.51,1.0559,1,1.515,1.0594,173,0
SPY190719C299,2019-07-17,2019-07-17 09:40:16,1.52,1.0629,10,1.51,1.0559,25,1.51,1.0559,1,1.515,1.0594,173,0
SPY190719C299,2019-07-17,2019-07-17 09:40:17,1.52,1.0629,20,1.51,1.0559,1,1.51,1.0559,1,1.515,1.0594,173,0
SPY190719C299,2019-07-17,2019-07-17 09:40:17,1.53,1.0699,118,1.51,1.0559,25,1.51,1.0559,1,1.52,1.0629,173,0
SPY190719C299,2019-07-17,2019-07-17 09:40:18,1.53,1.0699,1,1.52,1.0629,2,1.51,1.0559,1,1.525,1.0664,173,0
SPY190719C299,2019-07-17,2019-07-17 09:40:18,1.53,1.0699,118,1.51,1.0559,31,1.51,1.0559,1,1.52,1.0629,173,0
SPY190719C299,2019-07-17,2019-07-17 09:40:19,1.53,1.0699,10,1.52,1.0629,26,1.51,1.0559,1,1.525,1.0664,173,0
SPY190719C299,2019-07-17,2019-07-17 09:40:20,1.54,1.0769,152,1.52,1.0629,25,1.51,1.0559,1,1.53,1.0699,173,0
SPY190719C299,2019-07-17,2019-07-17 09:40:20,1.54,1.0769,254,1.52,1.0629,25,1.51,1.0559,1,1.53,1.0699,173,0
SPY190719C299,2019-07-17,2019-07-17 09:40:21,1.53,1.0699,10,1.52,1.0629,27,1.51,1.0559,1,1.525,1.0664,173,0
SPY190719C299,2019-07-17,2019-07-17 09:40:22,1.53,1.0699,1,1.52,1.0629,37,1.51,1.0559,1,1.525,1.0664,173,0
SPY190719C299,2019-07-17,2019-07-17 09:40:22,1.53,1.0699,10,1.52,1.0629,27,1.51,1.0559,1,1.525,1.0664,173,0
SPY190719C299,2019-07-17,2019-07-17 09:40:23,1.53,1.0699,10,1.52,1.0629,27,1.51,1.0559,1,1.525,1.0664,173,0
SPY190719C299,2019-07-17,2019-07-17 09:40:23,1.53,1.0699,1,1.52,1.0629,27,1.53,1.0699,1,1.525,1.0664,174,1
SPY190719C299,2019-07-17,2019-07-17 09:40:24,1.55,1.0839,9,1.52,1.0629,27,1.53,1.0699,1,1.535,1.0734,174,0
SPY190719C299,2019-07-17,2019-07-17 09:40:24,1.55,1.0839,118,1.53,1.0699,62,1.53,1.0699,1,1.54,1.0769,174,0
SPY190719C299,2019-07-17,2019-07-17 09:40:25,1.55,1.0839,110,1.53,1.0699,63,1.53,1.0699,1,1.54,1.0769,174,0
SPY190719C299,2019-07-17,2019-07-17 09:40:26,1.55,1.0839,110,1.53,1.0699,63,1.53,1.0699,1,1.54,1.0769,174,0
SPY190719C299,2019-07-17,2019-07-17 09:40:27,1.54,1.0769,1,1.53,1.0699,63,1.53,1.0699,1,1.535,1.0734,174,0
SPY190719C299,2019-07-17,2019-07-17 09:40:28,1.55,1.0839,83,1.53,1.0699,73,1.53,1.0699,1,1.54,1.0769,174,0
SPY190719C299,2019-07-17,2019-07-17 09:40:28,1.54,1.0769,1,1.53,1.0699,63,1.53,1.0699,1,1.535,1.0734,174,0
SPY190719C299,2019-07-17,2019-07-17 09:40:29,1.54,1.0769,1,1.53,1.0699,63,1.53,1.0699,1,1.535,1.0734,174,0
SPY190719C299,2019-07-17,2019-07-17 09:40:29,1.55,1.0839,93,1.53,1.0699,73,1.53,1.0699,1,1.54,1.0769,174,0
SPY190719C299,2019-07-17,2019-07-17 09:40:30,1.54,1.0769,1,1.53,1.0699,63,1.53,1.0699,1,1.535,1.0734,174,0
SPY190719C299,2019-07-17,2019-07-17 09:40:31,1.54,1.0769,1,1.53,1.0699,63,1.53,1.0699,1,1.535,1.0734,174,0
SPY190719C299,2019-07-17,2019-07-17 09:40:31,1.55,1.0839,56,1.53,1.0699,61,1.53,1.0699,1,1.54,1.0769,174,0
SPY190719C299,2019-07-17,2019-07-17 09:40:32,1.55,1.0839,56,1.53,1.0699,61,1.53,1.0699,1,1.54,1.0769,174,0
SPY190719C299,2019-07-17,2019-07-17 09:40:32,1.55,1.0839,58,1.53,1.0699,73,1.53,1.0699,1,1.54,1.0769,174,0
SPY190719C299,2019-07-17,2019-07-17 09:40:33,1.55,1.0839,58,1.53,1.0699,73,1.53,1.0699,1,1.54,1.0769,174,0
SPY190719C299,2019-07-17,2019-07-17 09:40:33,1.55,1.0839,34,1.54,1.0769,25,1.53,1.0699,1,1.545,1.0804,174,0
SPY190719C299,2019-07-17,2019-07-17 09:40:34,1.57,1.0979,110,1.55,1.0839,60,1.55,1.0839,4,1.56,1.0909,178,0
SPY190719C299,2019-07-17,2019-07-17 09:40:34,1.57,1.0979,74,1.54,1.0769,225,1.55,1.0839,4,1.555,1.0874,178,4
SPY190719C299,2019-07-17,2019-07-17 09:40:35,1.56,1.0909,1,1.55,1.0839,61,1.55,1.0839,4,1.555,1.0874,178,0
SPY190719C299,2019-07-17,2019-07-17 09:40:36,1.56,1.0909,10,1.55,1.0839,55,1.55,1.0839,4,1.555,1.0874,178,0
SPY190719C299,2019-07-17,2019-07-17 09:40:36,1.56,1.0909,10,1.55,1.0839,61,1.55,1.0839,4,1.555,1.0874,178,0
SPY190719C299,2019-07-17,2019-07-17 09:40:37,1.56,1.0909,10,1.55,1.0839,55,1.55,1.0839,4,1.555,1.0874,178,0
SPY190719C299,2019-07-17,2019-07-17 09:40:37,1.56,1.0909,134,1.53,1.0699,30,1.55,1.0839,25,1.545,1.0804,203,25
SPY190719C299,2019-07-17,2019-07-17 09:40:38,1.55,1.0839,69,1.53,1.0699,30,1.55,1.0839,25,1.54,1.0769,203,0
