symbol,Date,quote_time,ask_price,norm_ask_price,ask_size,bid_price,norm_bid_price,bid_size,last_trade_price,norm_last_trade_price,last_trade_size,mark_price,norm_mark_price,volume,Volume
SPY190807C284,2019-08-05,2019-08-05 09:34:59,5.27,1.0,15,5.13,0.9734,5,5.3,1.0056,10,5.2,0.9867,12,12
SPY190807C284,2019-08-05,2019-08-05 09:35:00,5.37,1.0189,50,4.98,0.9449,50,5.3,1.0056,10,5.175,0.9819,12,0
SPY190807C284,2019-08-05,2019-08-05 09:35:01,5.21,0.9886,5,4.98,0.9449,385,5.3,1.0056,10,5.095,0.9667,12,0
SPY190807C284,2019-08-05,2019-08-05 09:35:01,5.21,0.9886,5,5.01,0.9506,549,5.3,1.0056,10,5.11,0.9696,12,0
SPY190807C284,2019-08-05,2019-08-05 09:35:02,5.21,0.9886,5,5.01,0.9506,549,5.3,1.0056,10,5.11,0.9696,12,0
SPY190807C284,2019-08-05,2019-08-05 09:35:02,5.38,1.0208,97,4.94,0.9373,97,5.3,1.0056,10,5.16,0.9791,12,0
SPY190807C284,2019-08-05,2019-08-05 09:35:03,5.25,0.9962,38,5.03,0.9544,149,5.3,1.0056,10,5.14,0.9753,12,0
SPY190807C284,2019-08-05,2019-08-05 09:35:03,5.25,0.9962,5,5.04,0.9563,1,5.3,1.0056,10,5.145,0.9762,12,0
SPY190807C284,2019-08-05,2019-08-05 09:35:04,5.38,1.0208,97,5.03,0.9544,400,5.3,1.0056,10,5.205,0.9876,12,0
SPY190807C284,2019-08-05,2019-08-05 09:35:04,5.25,0.9962,5,5.0,0.9487,97,5.3,1.0056,10,5.125,0.9724,12,0
SPY190807C284,2019-08-05,2019-08-05 09:35:05,5.26,0.9981,5,5.04,0.9563,7,5.3,1.0056,10,5.15,0.9772,12,0
SPY190807C284,2019-08-05,2019-08-05 09:35:05,5.27,1.0,5,5.04,0.9563,5,5.3,1.0056,10,5.155,0.9781,12,0
SPY190807C284,2019-08-05,2019-08-05 09:35:06,5.27,1.0,416,5.04,0.9563,7,5.3,1.0056,10,5.155,0.9781,12,0
SPY190807C284,2019-08-05,2019-08-05 09:35:06,5.27,1.0,509,5.04,0.9563,7,5.3,1.0056,10,5.155,0.9781,12,0
SPY190807C284,2019-08-05,2019-08-05 09:35:07,5.27,1.0,30,5.04,0.9563,53,5.3,1.0056,10,5.155,0.9781,12,0
SPY190807C284,2019-08-05,2019-08-05 09:35:07,5.27,1.0,416,5.04,0.9563,7,5.3,1.0056,10,5.155,0.9781,12,0
SPY190807C284,2019-08-05,2019-08-05 09:35:08,5.27,1.0,5,5.05,0.9582,444,5.3,1.0056,10,5.16,0.9791,12,0
SPY190807C284,2019-08-05,2019-08-05 09:35:08,5.27,1.0,30,5.05,0.9582,444,5.3,1.0056,10,5.16,0.9791,12,0
SPY190807C284,2019-08-05,2019-08-05 09:35:09,5.27,1.0,5,5.05,0.9582,444,5.3,1.0056,10,5.16,0.9791,12,0
SPY190807C284,2019-08-05,2019-08-05 09:35:09,5.27,1.0,5,5.06,0.9601,400,5.3,1.0056,10,5.165,0.98,12,0
SPY190807C284,2019-08-05,2019-08-05 09:35:10,5.35,1.0151,443,5.1,0.9677,452,5.3,1.0056,10,5.225,0.9914,12,0
SPY190807C284,2019-08-05,2019-08-05 09:35:10,5.35,1.0151,400,5.1,0.9677,390,5.3,1.0056,10,5.225,0.9914,12,0
SPY190807C284,2019-08-05,2019-08-05 09:35:11,5.34,1.0132,5,5.11,0.9696,5,5.3,1.0056,10,5.225,0.9914,12,0
SPY190807C284,2019-08-05,2019-08-05 09:35:12,5.32,1.0094,5,5.13,0.9734,5,5.3,1.0056,10,5.225,0.9914,12,0
SPY190807C284,2019-08-05,2019-08-05 09:35:12,5.34,1.0132,5,5.11,0.9696,447,5.3,1.0056,10,5.225,0.9914,12,0
SPY190807C284,2019-08-05,2019-08-05 09:35:13,5.32,1.0094,5,5.13,0.9734,5,5.3,1.0056,10,5.225,0.9914,12,0
SPY190807C284,2019-08-05,2019-08-05 09:35:13,5.32,1.0094,5,5.13,0.9734,103,5.3,1.0056,10,5.225,0.9914,12,0
SPY190807C284,2019-08-05,2019-08-05 09:35:14,5.31,1.0075,5,5.14,0.9753,5,5.3,1.0056,10,5.225,0.9914,12,0
SPY190807C284,2019-08-05,2019-08-05 09:35:15,5.31,1.0075,33,5.14,0.9753,5,5.3,1.0056,10,5.225,0.9914,12,0
SPY190807C284,2019-08-05,2019-08-05 09:35:15,5.3,1.0056,368,5.14,0.9753,6,5.3,1.0056,10,5.22,0.9905,12,0
SPY190807C284,2019-08-05,2019-08-05 09:35:16,5.29,1.0037,5,5.15,0.9772,5,5.3,1.0056,10,5.22,0.9905,12,0
SPY190807C284,2019-08-05,2019-08-05 09:35:16,5.29,1.0037,5,5.15,0.9772,113,5.3,1.0056,10,5.22,0.9905,12,0
SPY190807C284,2019-08-05,2019-08-05 09:35:17,5.28,1.0018,400,5.15,0.9772,5,5.3,1.0056,10,5.215,0.9895,12,0
SPY190807C284,2019-08-05,2019-08-05 09:35:17,5.28,1.0018,400,5.16,0.9791,5,5.3,1.0056,10,5.22,0.9905,12,0
SPY190807C284,2019-08-05,2019-08-05 09:35:18,5.3,1.0056,457,5.06,0.9601,460,5.3,1.0056,10,5.18,0.9829,12,0
SPY190807C284,2019-08-05,2019-08-05 09:35:18,5.27,1.0,5,5.16,0.9791,100,5.3,1.0056,10,5.215,0.9895,12,0
SPY190807C284,2019-08-05,2019-08-05 09:35:19,5.27,1.0,5,5.07,0.962,5,5.3,1.0056,10,5.17,0.981,12,0
SPY190807C284,2019-08-05,2019-08-05 09:35:19,5.25,0.9962,5,5.07,0.962,102,5.3,1.0056,10,5.16,0.9791,12,0
SPY190807C284,2019-08-05,2019-08-05 09:35:20,5.26,0.9981,5,5.07,0.962,102,5.3,1.0056,10,5.165,0.98,12,0
SPY190807C284,2019-08-05,2019-08-05 09:35:20,5.25,0.9962,5,5.07,0.962,102,5.3,1.0056,10,5.16,0.9791,12,0
SPY190807C284,2019-08-05,2019-08-05 09:35:21,5.26,0.9981,400,5.07,0.962,102,5.3,1.0056,10,5.165,0.98,12,0
SPY190807C284,2019-08-05,2019-08-05 09:35:21,5.24,0.9943,446,5.07,0.962,102,5.3,1.0056,10,5.155,0.9781,12,0
SPY190807C284,2019-08-05,2019-08-05 09:35:22,5.23,0.9924,5,5.07,0.962,5,5.3,1.0056,10,5.15,0.9772,12,0
SPY190807C284,2019-08-05,2019-08-05 09:35:22,5.23,0.9924,5,5.07,0.962,102,5.3,1.0056,10,5.15,0.9772,12,0
SPY190807C284,2019-08-05,2019-08-05 09:35:23,5.23,0.9924,5,5.09,0.9658,103,5.3,1.0056,10,5.16,0.9791,12,0
SPY190807C284,2019-08-05,2019-08-05 09:35:23,5.23,0.9924,5,5.08,0.9639,103,5.3,1.0056,10,5.155,0.9781,12,0
SPY190807C284,2019-08-05,2019-08-05 09:35:24,5.23,0.9924,5,5.1,0.9677,5,5.3,1.0056,10,5.165,0.98,12,0
SPY190807C284,2019-08-05,2019-08-05 09:35:24,5.24,0.9943,400,5.09,0.9658,100,5.3,1.0056,10,5.165,0.98,12,0
SPY190807C284,2019-08-05,2019-08-05 09:35:25,5.24,0.9943,5,5.1,0.9677,5,5.3,1.0056,10,5.17,0.981,12,0
SPY190807C284,2019-08-05,2019-08-05 09:35:26,5.24,0.9943,5,5.11,0.9696,5,5.3,1.0056,10,5.175,0.9819,12,0
SPY190807C284,2019-08-05,2019-08-05 09:35:26,5.24,0.9943,100,5.1,0.9677,104,5.3,1.0056,10,5.17,0.981,12,0
SPY190807C284,2019-08-05,2019-08-05 09:35:27,5.24,0.9943,5,5.12,0.9715,5,5.3,1.0056,10,5.18,0.9829,12,0
SPY190807C284,2019-08-05,2019-08-05 09:35:28,5.24,0.9943,5,5.12,0.9715,6,5.3,1.0056,10,5.18,0.9829,12,0
SPY190807C284,2019-08-05,2019-08-05 09:35:28,5.24,0.9943,5,5.12,0.9715,9,5.3,1.0056,10,5.18,0.9829,12,0
SPY190807C284,2019-08-05,2019-08-05 09:35:29,5.29,1.0037,5,5.13,0.9734,113,5.3,1.0056,10,5.21,0.9886,12,0
SPY190807C284,2019-08-05,2019-08-05 09:35:29,5.24,0.9943,63,5.13,0.9734,5,5.3,1.0056,10,5.185,0.9838,12,0
SPY190807C284,2019-08-05,2019-08-05 09:35:30,5.27,1.0,5,5.14,0.9753,5,5.3,1.0056,10,5.205,0.9876,12,0
SPY190807C284,2019-08-05,2019-08-05 09:35:31,5.26,0.9981,394,5.14,0.9753,103,5.3,1.0056,10,5.2,0.9867,12,0
SPY190807C284,2019-08-05,2019-08-05 09:35:31,5.27,1.0,549,5.14,0.9753,103,5.3,1.0056,10,5.205,0.9876,12,0
SPY190807C284,2019-08-05,2019-08-05 09:35:32,5.25,0.9962,100,5.14,0.9753,113,5.3,1.0056,10,5.195,0.9857,12,0
SPY190807C284,2019-08-05,2019-08-05 09:35:32,5.25,0.9962,100,5.1,0.9677,100,5.3,1.0056,10,5.175,0.9819,12,0
SPY190807C284,2019-08-05,2019-08-05 09:35:33,5.23,0.9924,5,5.04,0.9563,5,5.3,1.0056,10,5.135,0.9743,12,0
SPY190807C284,2019-08-05,2019-08-05 09:35:34,5.23,0.9924,100,5.04,0.9563,104,5.3,1.0056,10,5.135,0.9743,12,0
SPY190807C284,2019-08-05,2019-08-05 09:35:35,5.23,0.9924,100,5.04,0.9563,104,5.3,1.0056,10,5.135,0.9743,12,0
SPY190807C284,2019-08-05,2019-08-05 09:35:36,5.19,0.9848,175,5.11,0.9696,175,5.3,1.0056,10,5.15,0.9772,12,0
SPY190807C284,2019-08-05,2019-08-05 09:35:37,5.17,0.981,100,5.12,0.9715,113,5.3,1.0056,10,5.145,0.9762,12,0
SPY190807C284,2019-08-05,2019-08-05 09:35:37,5.18,0.9829,180,5.13,0.9734,5,5.3,1.0056,10,5.155,0.9781,12,0
SPY190807C284,2019-08-05,2019-08-05 09:35:38,5.2,0.9867,175,5.13,0.9734,113,5.3,1.0056,10,5.165,0.98,12,0
SPY190807C284,2019-08-05,2019-08-05 09:35:38,5.18,0.9829,50,5.13,0.9734,5,5.3,1.0056,10,5.155,0.9781,12,0
SPY190807C284,2019-08-05,2019-08-05 09:35:39,5.2,0.9867,180,5.14,0.9753,113,5.3,1.0056,10,5.17,0.981,12,0
SPY190807C284,2019-08-05,2019-08-05 09:35:39,5.21,0.9886,180,5.14,0.9753,180,5.3,1.0056,10,5.175,0.9819,12,0
SPY190807C284,2019-08-05,2019-08-05 09:35:40,5.19,0.9848,100,5.14,0.9753,5,5.3,1.0056,10,5.165,0.98,12,0
SPY190807C284,2019-08-05,2019-08-05 09:35:40,5.19,0.9848,100,5.13,0.9734,5,5.3,1.0056,10,5.16,0.9791,12,0
SPY190807C284,2019-08-05,2019-08-05 09:35:41,5.21,0.9886,180,5.14,0.9753,5,5.3,1.0056,10,5.175,0.9819,12,0
SPY190807C284,2019-08-05,2019-08-05 09:35:41,5.21,0.9886,180,5.14,0.9753,8,5.3,1.0056,10,5.175,0.9819,12,0
SPY190807C284,2019-08-05,2019-08-05 09:35:42,5.2,0.9867,5,5.13,0.9734,100,5.3,1.0056,10,5.165,0.98,12,0
SPY190807C284,2019-08-05,2019-08-05 09:35:42,5.2,0.9867,143,5.14,0.9753,5,5.3,1.0056,10,5.17,0.981,12,0
SPY190807C284,2019-08-05,2019-08-05 09:35:43,5.2,0.9867,180,5.14,0.9753,100,5.3,1.0056,10,5.17,0.981,12,0
SPY190807C284,2019-08-05,2019-08-05 09:35:43,5.2,0.9867,148,5.14,0.9753,101,5.3,1.0056,10,5.17,0.981,12,0
SPY190807C284,2019-08-05,2019-08-05 09:35:44,5.2,0.9867,180,5.14,0.9753,112,5.3,1.0056,10,5.17,0.981,12,0
SPY190807C284,2019-08-05,2019-08-05 09:35:44,5.19,0.9848,100,5.14,0.9753,112,5.3,1.0056,10,5.165,0.98,12,0
SPY190807C284,2019-08-05,2019-08-05 09:35:45,5.23,0.9924,100,5.16,0.9791,100,5.3,1.0056,10,5.195,0.9857,12,0
SPY190807C284,2019-08-05,2019-08-05 09:35:45,5.21,0.9886,175,5.14,0.9753,180,5.3,1.0056,10,5.175,0.9819,12,0
SPY190807C284,2019-08-05,2019-08-05 09:35:46,5.2,0.9867,5,5.16,0.9791,8,5.3,1.0056,10,5.18,0.9829,12,0
SPY190807C284,2019-08-05,2019-08-05 09:35:46,5.2,0.9867,157,5.15,0.9772,55,5.3,1.0056,10,5.175,0.9819,12,0
SPY190807C284,2019-08-05,2019-08-05 09:35:47,5.22,0.9905,100,5.16,0.9791,5,5.3,1.0056,10,5.19,0.9848,12,0
SPY190807C284,2019-08-05,2019-08-05 09:35:47,5.2,0.9867,162,5.15,0.9772,55,5.3,1.0056,10,5.175,0.9819,12,0
SPY190807C284,2019-08-05,2019-08-05 09:35:48,5.22,0.9905,100,5.16,0.9791,113,5.3,1.0056,10,5.19,0.9848,12,0
SPY190807C284,2019-08-05,2019-08-05 09:35:48,5.21,0.9886,179,5.16,0.9791,5,5.3,1.0056,10,5.185,0.9838,12,0
SPY190807C284,2019-08-05,2019-08-05 09:35:49,5.27,1.0,400,5.13,0.9734,13,5.3,1.0056,10,5.2,0.9867,12,0
SPY190807C284,2019-08-05,2019-08-05 09:35:49,5.18,0.9829,39,5.11,0.9696,75,5.3,1.0056,10,5.145,0.9762,12,0
SPY190807C284,2019-08-05,2019-08-05 09:35:50,5.17,0.981,151,5.1,0.9677,5,5.3,1.0056,10,5.135,0.9743,12,0
SPY190807C284,2019-08-05,2019-08-05 09:35:50,5.18,0.9829,139,5.11,0.9696,75,5.3,1.0056,10,5.145,0.9762,12,0
SPY190807C284,2019-08-05,2019-08-05 09:35:51,5.17,0.981,156,5.1,0.9677,7,5.3,1.0056,10,5.135,0.9743,12,0
SPY190807C284,2019-08-05,2019-08-05 09:35:51,5.16,0.9791,5,5.1,0.9677,101,5.3,1.0056,10,5.13,0.9734,12,0
SPY190807C284,2019-08-05,2019-08-05 09:35:52,5.18,0.9829,80,5.11,0.9696,180,5.3,1.0056,10,5.145,0.9762,12,0
SPY190807C284,2019-08-05,2019-08-05 09:35:52,5.16,0.9791,5,5.1,0.9677,113,5.3,1.0056,10,5.13,0.9734,12,0
SPY190807C284,2019-08-05,2019-08-05 09:35:53,5.18,0.9829,80,5.11,0.9696,180,5.3,1.0056,10,5.145,0.9762,12,0
SPY190807C284,2019-08-05,2019-08-05 09:35:53,5.18,0.9829,180,5.11,0.9696,100,5.3,1.0056,10,5.145,0.9762,12,0
SPY190807C284,2019-08-05,2019-08-05 09:35:54,5.17,0.981,105,5.11,0.9696,113,5.3,1.0056,10,5.14,0.9753,12,0
SPY190807C284,2019-08-05,2019-08-05 09:35:55,5.17,0.981,175,5.09,0.9658,100,5.3,1.0056,10,5.13,0.9734,12,0
SPY190807C284,2019-08-05,2019-08-05 09:35:55,5.18,0.9829,100,5.12,0.9715,5,5.3,1.0056,10,5.15,0.9772,12,0
SPY190807C284,2019-08-05,2019-08-05 09:35:56,5.16,0.9791,144,5.11,0.9696,67,5.3,1.0056,10,5.135,0.9743,12,0
SPY190807C284,2019-08-05,2019-08-05 09:35:56,5.17,0.981,180,5.11,0.9696,8,5.3,1.0056,10,5.14,0.9753,12,0
SPY190807C284,2019-08-05,2019-08-05 09:35:57,5.15,0.9772,177,5.1,0.9677,80,5.3,1.0056,10,5.125,0.9724,12,0
SPY190807C284,2019-08-05,2019-08-05 09:35:57,5.16,0.9791,144,5.11,0.9696,67,5.3,1.0056,10,5.135,0.9743,12,0
SPY190807C284,2019-08-05,2019-08-05 09:35:58,5.14,0.9753,100,5.06,0.9601,188,5.3,1.0056,10,5.1,0.9677,12,0
SPY190807C284,2019-08-05,2019-08-05 09:35:58,5.15,0.9772,5,5.07,0.962,180,5.3,1.0056,10,5.11,0.9696,12,0
SPY190807C284,2019-08-05,2019-08-05 09:35:59,5.13,0.9734,100,5.08,0.9639,100,5.3,1.0056,10,5.105,0.9686,12,0
SPY190807C284,2019-08-05,2019-08-05 09:35:59,5.14,0.9753,34,5.08,0.9639,5,5.3,1.0056,10,5.11,0.9696,12,0
SPY190807C284,2019-08-05,2019-08-05 09:36:00,5.14,0.9753,126,5.09,0.9658,5,5.3,1.0056,10,5.115,0.9705,12,0
SPY190807C284,2019-08-05,2019-08-05 09:36:00,5.13,0.9734,100,5.09,0.9658,5,5.3,1.0056,10,5.11,0.9696,12,0
SPY190807C284,2019-08-05,2019-08-05 09:36:01,5.14,0.9753,126,5.09,0.9658,8,5.3,1.0056,10,5.115,0.9705,12,0
SPY190807C284,2019-08-05,2019-08-05 09:36:01,5.19,0.9848,5,5.09,0.9658,5,5.3,1.0056,10,5.14,0.9753,12,0
SPY190807C284,2019-08-05,2019-08-05 09:36:02,5.11,0.9696,125,5.04,0.9563,100,5.3,1.0056,10,5.075,0.9629,12,0
SPY190807C284,2019-08-05,2019-08-05 09:36:02,5.13,0.9734,100,5.09,0.9658,5,5.3,1.0056,10,5.11,0.9696,12,0
SPY190807C284,2019-08-05,2019-08-05 09:36:03,5.11,0.9696,130,5.06,0.9601,5,5.3,1.0056,10,5.085,0.9648,12,0
SPY190807C284,2019-08-05,2019-08-05 09:36:03,5.11,0.9696,125,5.05,0.9582,113,5.3,1.0056,10,5.08,0.9639,12,0
SPY190807C284,2019-08-05,2019-08-05 09:36:04,5.1,0.9677,135,5.04,0.9563,80,5.3,1.0056,10,5.07,0.962,12,0
SPY190807C284,2019-08-05,2019-08-05 09:36:04,5.06,0.9601,100,5.0,0.9487,8,5.3,1.0056,10,5.03,0.9544,12,0
SPY190807C284,2019-08-05,2019-08-05 09:36:05,5.06,0.9601,100,5.0,0.9487,8,5.3,1.0056,10,5.03,0.9544,12,0
SPY190807C284,2019-08-05,2019-08-05 09:36:06,5.06,0.9601,5,5.0,0.9487,100,5.3,1.0056,10,5.03,0.9544,12,0
SPY190807C284,2019-08-05,2019-08-05 09:36:06,5.06,0.9601,100,5.0,0.9487,100,5.3,1.0056,10,5.03,0.9544,12,0
SPY190807C284,2019-08-05,2019-08-05 09:36:07,5.04,0.9563,100,4.99,0.9468,5,5.3,1.0056,10,5.015,0.9516,12,0
SPY190807C284,2019-08-05,2019-08-05 09:36:07,5.05,0.9582,5,5.0,0.9487,100,5.3,1.0056,10,5.025,0.9535,12,0
SPY190807C284,2019-08-05,2019-08-05 09:36:08,5.09,0.9658,5,4.99,0.9468,100,5.3,1.0056,10,5.04,0.9563,12,0
SPY190807C284,2019-08-05,2019-08-05 09:36:08,5.05,0.9582,100,4.98,0.9449,50,5.3,1.0056,10,5.015,0.9516,12,0
SPY190807C284,2019-08-05,2019-08-05 09:36:09,5.06,0.9601,5,5.0,0.9487,4,5.3,1.0056,10,5.03,0.9544,12,0
SPY190807C284,2019-08-05,2019-08-05 09:36:09,5.07,0.962,100,4.99,0.9468,100,5.3,1.0056,10,5.03,0.9544,12,0
SPY190807C284,2019-08-05,2019-08-05 09:36:10,5.05,0.9582,145,5.0,0.9487,5,5.3,1.0056,10,5.025,0.9535,12,0
SPY190807C284,2019-08-05,2019-08-05 09:36:10,5.05,0.9582,140,5.0,0.9487,5,5.3,1.0056,10,5.025,0.9535,12,0
SPY190807C284,2019-08-05,2019-08-05 09:36:11,5.05,0.9582,100,5.0,0.9487,5,5.3,1.0056,10,5.025,0.9535,12,0
SPY190807C284,2019-08-05,2019-08-05 09:36:11,5.05,0.9582,100,5.0,0.9487,100,5.3,1.0056,10,5.025,0.9535,12,0
SPY190807C284,2019-08-05,2019-08-05 09:36:12,5.04,0.9563,100,5.0,0.9487,100,5.3,1.0056,10,5.02,0.9525,12,0
SPY190807C284,2019-08-05,2019-08-05 09:36:12,5.05,0.9582,100,5.0,0.9487,100,5.3,1.0056,10,5.025,0.9535,12,0
SPY190807C284,2019-08-05,2019-08-05 09:36:13,5.05,0.9582,100,4.99,0.9468,5,5.3,1.0056,10,5.02,0.9525,12,0
SPY190807C284,2019-08-05,2019-08-05 09:36:13,5.05,0.9582,126,4.99,0.9468,100,5.3,1.0056,10,5.02,0.9525,12,0
SPY190807C284,2019-08-05,2019-08-05 09:36:14,5.03,0.9544,160,4.96,0.9411,180,5.3,1.0056,10,4.995,0.9478,12,0
SPY190807C284,2019-08-05,2019-08-05 09:36:14,5.04,0.9563,131,4.99,0.9468,100,5.3,1.0056,10,5.015,0.9516,12,0
SPY190807C284,2019-08-05,2019-08-05 09:36:15,5.03,0.9544,60,4.96,0.9411,188,5.3,1.0056,10,4.995,0.9478,12,0
SPY190807C284,2019-08-05,2019-08-05 09:36:15,5.04,0.9563,175,4.97,0.943,5,5.3,1.0056,10,5.005,0.9497,12,0
SPY190807C284,2019-08-05,2019-08-05 09:36:16,5.04,0.9563,175,4.98,0.9449,105,5.3,1.0056,10,5.01,0.9506,12,0
SPY190807C284,2019-08-05,2019-08-05 09:36:16,5.07,0.962,5,4.97,0.943,100,5.3,1.0056,10,5.02,0.9525,12,0
SPY190807C284,2019-08-05,2019-08-05 09:36:17,5.05,0.9582,180,4.99,0.9468,100,5.3,1.0056,10,5.02,0.9525,12,0
SPY190807C284,2019-08-05,2019-08-05 09:36:17,5.05,0.9582,180,4.99,0.9468,5,5.3,1.0056,10,5.02,0.9525,12,0
SPY190807C284,2019-08-05,2019-08-05 09:36:18,5.05,0.9582,180,4.99,0.9468,113,5.3,1.0056,10,5.02,0.9525,12,0
SPY190807C284,2019-08-05,2019-08-05 09:36:18,5.05,0.9582,180,4.99,0.9468,100,5.3,1.0056,10,5.02,0.9525,12,0
SPY190807C284,2019-08-05,2019-08-05 09:36:19,5.04,0.9563,175,4.98,0.9449,86,5.3,1.0056,10,5.01,0.9506,12,0
SPY190807C284,2019-08-05,2019-08-05 09:36:19,5.04,0.9563,175,4.99,0.9468,100,5.3,1.0056,10,5.015,0.9516,12,0
SPY190807C284,2019-08-05,2019-08-05 09:36:20,5.03,0.9544,35,4.97,0.943,100,5.3,1.0056,10,5.0,0.9487,12,0
SPY190807C284,2019-08-05,2019-08-05 09:36:20,5.03,0.9544,100,4.97,0.943,5,5.3,1.0056,10,5.0,0.9487,12,0
SPY190807C284,2019-08-05,2019-08-05 09:36:21,5.04,0.9563,152,4.98,0.9449,100,5.3,1.0056,10,5.01,0.9506,12,0
SPY190807C284,2019-08-05,2019-08-05 09:36:21,5.03,0.9544,100,4.97,0.943,180,5.3,1.0056,10,5.0,0.9487,12,0
SPY190807C284,2019-08-05,2019-08-05 09:36:22,5.04,0.9563,152,4.98,0.9449,113,5.3,1.0056,10,5.01,0.9506,12,0
SPY190807C284,2019-08-05,2019-08-05 09:36:22,5.03,0.9544,130,4.98,0.9449,113,5.3,1.0056,10,5.005,0.9497,12,0
SPY190807C284,2019-08-05,2019-08-05 09:36:23,5.03,0.9544,157,4.97,0.943,5,5.3,1.0056,10,5.0,0.9487,12,0
SPY190807C284,2019-08-05,2019-08-05 09:36:23,5.03,0.9544,100,4.95,0.9392,100,5.3,1.0056,10,4.99,0.9468,12,0
SPY190807C284,2019-08-05,2019-08-05 09:36:24,5.03,0.9544,157,4.96,0.9411,100,5.3,1.0056,10,4.995,0.9478,12,0
SPY190807C284,2019-08-05,2019-08-05 09:36:24,5.04,0.9563,170,4.97,0.943,5,5.3,1.0056,10,5.005,0.9497,12,0
SPY190807C284,2019-08-05,2019-08-05 09:36:25,5.04,0.9563,68,4.97,0.943,100,5.3,1.0056,10,5.005,0.9497,12,0
SPY190807C284,2019-08-05,2019-08-05 09:36:25,5.03,0.9544,100,4.98,0.9449,5,5.3,1.0056,10,5.005,0.9497,12,0
SPY190807C284,2019-08-05,2019-08-05 09:36:26,5.03,0.9544,100,4.98,0.9449,5,5.3,1.0056,10,5.005,0.9497,12,0
SPY190807C284,2019-08-05,2019-08-05 09:36:27,5.04,0.9563,100,4.96,0.9411,5,5.3,1.0056,10,5.0,0.9487,12,0
SPY190807C284,2019-08-05,2019-08-05 09:36:27,5.04,0.9563,100,4.96,0.9411,175,5.3,1.0056,10,5.0,0.9487,12,0
SPY190807C284,2019-08-05,2019-08-05 09:36:28,5.03,0.9544,100,4.97,0.943,100,5.3,1.0056,10,5.0,0.9487,12,0
SPY190807C284,2019-08-05,2019-08-05 09:36:28,5.03,0.9544,100,4.98,0.9449,5,5.3,1.0056,10,5.005,0.9497,12,0
SPY190807C284,2019-08-05,2019-08-05 09:36:29,5.01,0.9506,100,4.98,0.9449,100,5.0,0.9487,1,4.995,0.9478,13,1
SPY190807C284,2019-08-05,2019-08-05 09:36:29,5.03,0.9544,100,4.98,0.9449,102,5.3,1.0056,10,5.005,0.9497,12,0
SPY190807C284,2019-08-05,2019-08-05 09:36:30,5.03,0.9544,100,4.98,0.9449,100,5.0,0.9487,1,5.005,0.9497,13,0
SPY190807C284,2019-08-05,2019-08-05 09:36:30,5.02,0.9525,100,4.98,0.9449,100,5.0,0.9487,1,5.0,0.9487,13,0
SPY190807C284,2019-08-05,2019-08-05 09:36:31,5.04,0.9563,100,4.98,0.9449,101,5.0,0.9487,1,5.01,0.9506,13,0
SPY190807C284,2019-08-05,2019-08-05 09:36:31,5.03,0.9544,100,4.98,0.9449,101,5.0,0.9487,1,5.005,0.9497,13,0
SPY190807C284,2019-08-05,2019-08-05 09:36:32,5.03,0.9544,100,4.99,0.9468,103,5.0,0.9487,1,5.01,0.9506,13,0
SPY190807C284,2019-08-05,2019-08-05 09:36:33,5.07,0.962,75,4.99,0.9468,89,5.0,0.9487,1,5.03,0.9544,13,0
SPY190807C284,2019-08-05,2019-08-05 09:36:33,5.02,0.9525,100,4.99,0.9468,89,5.0,0.9487,1,5.005,0.9497,13,0
SPY190807C284,2019-08-05,2019-08-05 09:36:34,5.07,0.962,75,4.99,0.9468,89,5.0,0.9487,1,5.03,0.9544,13,0
SPY190807C284,2019-08-05,2019-08-05 09:36:34,5.03,0.9544,100,4.99,0.9468,89,5.0,0.9487,1,5.01,0.9506,13,0
SPY190807C284,2019-08-05,2019-08-05 09:36:35,5.03,0.9544,100,4.9,0.9297,5,5.0,0.9487,1,4.965,0.9421,13,0
SPY190807C284,2019-08-05,2019-08-05 09:36:35,5.03,0.9544,100,4.95,0.9392,5,5.0,0.9487,1,4.99,0.9468,13,0
SPY190807C284,2019-08-05,2019-08-05 09:36:36,5.03,0.9544,100,4.95,0.9392,180,5.0,0.9487,1,4.99,0.9468,13,0
SPY190807C284,2019-08-05,2019-08-05 09:36:36,5.03,0.9544,100,4.95,0.9392,189,5.0,0.9487,1,4.99,0.9468,13,0
SPY190807C284,2019-08-05,2019-08-05 09:36:37,5.03,0.9544,100,4.95,0.9392,175,5.0,0.9487,1,4.99,0.9468,13,0
SPY190807C284,2019-08-05,2019-08-05 09:36:38,5.04,0.9563,180,4.96,0.9411,114,5.0,0.9487,1,5.0,0.9487,13,0
SPY190807C284,2019-08-05,2019-08-05 09:36:38,5.04,0.9563,175,4.97,0.943,105,5.0,0.9487,1,5.005,0.9497,13,0
SPY190807C284,2019-08-05,2019-08-05 09:36:39,5.02,0.9525,131,4.97,0.943,100,5.0,0.9487,1,4.995,0.9478,13,0
SPY190807C284,2019-08-05,2019-08-05 09:36:39,5.02,0.9525,100,4.97,0.943,100,5.0,0.9487,1,4.995,0.9478,13,0
SPY190807C284,2019-08-05,2019-08-05 09:36:40,5.01,0.9506,100,4.97,0.943,5,5.0,0.9487,1,4.99,0.9468,13,0
SPY190807C284,2019-08-05,2019-08-05 09:36:40,5.02,0.9525,131,4.97,0.943,5,5.0,0.9487,1,4.995,0.9478,13,0
SPY190807C284,2019-08-05,2019-08-05 09:36:41,5.01,0.9506,100,4.94,0.9373,80,5.0,0.9487,1,4.975,0.944,13,0
SPY190807C284,2019-08-05,2019-08-05 09:36:41,5.01,0.9506,100,4.93,0.9354,5,5.0,0.9487,1,4.97,0.943,13,0
SPY190807C284,2019-08-05,2019-08-05 09:36:42,5.02,0.9525,100,4.94,0.9373,5,5.0,0.9487,1,4.98,0.9449,13,0
SPY190807C284,2019-08-05,2019-08-05 09:36:42,5.03,0.9544,100,4.93,0.9354,114,5.0,0.9487,1,4.98,0.9449,13,0
SPY190807C284,2019-08-05,2019-08-05 09:36:43,5.03,0.9544,175,4.95,0.9392,103,5.0,0.9487,1,4.99,0.9468,13,0
SPY190807C284,2019-08-05,2019-08-05 09:36:43,5.03,0.9544,180,4.94,0.9373,182,5.0,0.9487,1,4.985,0.9459,13,0
SPY190807C284,2019-08-05,2019-08-05 09:36:44,5.04,0.9563,180,4.96,0.9411,5,5.0,0.9487,1,5.0,0.9487,13,0
SPY190807C284,2019-08-05,2019-08-05 09:36:44,5.04,0.9563,80,4.96,0.9411,5,5.0,0.9487,1,5.0,0.9487,13,0
SPY190807C284,2019-08-05,2019-08-05 09:36:45,5.04,0.9563,180,4.96,0.9411,104,5.0,0.9487,1,5.0,0.9487,13,0
SPY190807C284,2019-08-05,2019-08-05 09:36:46,5.03,0.9544,100,4.96,0.9411,104,5.0,0.9487,1,4.995,0.9478,13,0
SPY190807C284,2019-08-05,2019-08-05 09:36:47,5.03,0.9544,100,4.97,0.943,5,5.0,0.9487,1,5.0,0.9487,13,0
SPY190807C284,2019-08-05,2019-08-05 09:36:47,5.03,0.9544,144,4.97,0.943,8,5.0,0.9487,1,5.0,0.9487,13,0
SPY190807C284,2019-08-05,2019-08-05 09:36:48,5.01,0.9506,100,4.97,0.943,100,5.0,0.9487,1,4.99,0.9468,13,0
SPY190807C284,2019-08-05,2019-08-05 09:36:48,5.03,0.9544,139,4.97,0.943,5,5.0,0.9487,1,5.0,0.9487,13,0
SPY190807C284,2019-08-05,2019-08-05 09:36:49,5.03,0.9544,144,4.97,0.943,114,5.0,0.9487,1,5.0,0.9487,13,0
SPY190807C284,2019-08-05,2019-08-05 09:36:49,5.03,0.9544,139,4.94,0.9373,10,5.0,0.9487,1,4.985,0.9459,13,0
SPY190807C284,2019-08-05,2019-08-05 09:36:50,5.03,0.9544,139,4.94,0.9373,114,5.0,0.9487,1,4.985,0.9459,13,0
SPY190807C284,2019-08-05,2019-08-05 09:36:50,5.06,0.9601,5,4.95,0.9392,5,5.0,0.9487,1,5.005,0.9497,13,0
SPY190807C284,2019-08-05,2019-08-05 09:36:51,5.04,0.9563,105,4.95,0.9392,100,5.0,0.9487,1,4.995,0.9478,13,0
SPY190807C284,2019-08-05,2019-08-05 09:36:51,5.03,0.9544,100,4.96,0.9411,5,5.0,0.9487,1,4.995,0.9478,13,0
SPY190807C284,2019-08-05,2019-08-05 09:36:52,5.03,0.9544,150,4.97,0.943,99,5.0,0.9487,1,5.0,0.9487,13,0
SPY190807C284,2019-08-05,2019-08-05 09:36:52,5.04,0.9563,180,4.97,0.943,5,5.0,0.9487,1,5.005,0.9497,13,0
SPY190807C284,2019-08-05,2019-08-05 09:36:53,5.03,0.9544,150,4.98,0.9449,5,4.97,0.943,1,5.005,0.9497,14,1
SPY190807C284,2019-08-05,2019-08-05 09:36:53,5.03,0.9544,150,4.98,0.9449,5,4.97,0.943,1,5.005,0.9497,14,0
SPY190807C284,2019-08-05,2019-08-05 09:36:54,5.03,0.9544,150,4.98,0.9449,5,4.97,0.943,1,5.005,0.9497,14,0
SPY190807C284,2019-08-05,2019-08-05 09:36:54,5.03,0.9544,55,4.98,0.9449,5,4.97,0.943,1,5.005,0.9497,14,0
SPY190807C284,2019-08-05,2019-08-05 09:36:55,5.02,0.9525,100,4.94,0.9373,102,4.97,0.943,1,4.98,0.9449,14,0
SPY190807C284,2019-08-05,2019-08-05 09:36:55,5.01,0.9506,100,4.93,0.9354,80,4.97,0.943,1,4.97,0.943,14,0
SPY190807C284,2019-08-05,2019-08-05 09:36:56,5.02,0.9525,100,4.95,0.9392,103,4.97,0.943,1,4.985,0.9459,14,0
SPY190807C284,2019-08-05,2019-08-05 09:36:57,5.02,0.9525,100,4.95,0.9392,103,4.97,0.943,1,4.985,0.9459,14,0
SPY190807C284,2019-08-05,2019-08-05 09:36:57,5.03,0.9544,167,4.95,0.9392,5,4.97,0.943,1,4.99,0.9468,14,0
SPY190807C284,2019-08-05,2019-08-05 09:36:58,5.02,0.9525,135,4.95,0.9392,115,4.97,0.943,1,4.985,0.9459,14,0
SPY190807C284,2019-08-05,2019-08-05 09:36:58,5.03,0.9544,100,4.95,0.9392,100,4.97,0.943,1,4.99,0.9468,14,0
SPY190807C284,2019-08-05,2019-08-05 09:36:59,5.01,0.9506,100,4.93,0.9354,105,4.97,0.943,1,4.97,0.943,14,0
SPY190807C284,2019-08-05,2019-08-05 09:36:59,5.01,0.9506,100,4.92,0.9335,175,4.97,0.943,1,4.965,0.9421,14,0
SPY190807C284,2019-08-05,2019-08-05 09:37:00,5.01,0.9506,128,4.93,0.9354,100,4.97,0.943,1,4.97,0.943,14,0
SPY190807C284,2019-08-05,2019-08-05 09:37:00,4.99,0.9468,100,4.93,0.9354,5,4.97,0.943,1,4.96,0.9411,14,0
SPY190807C284,2019-08-05,2019-08-05 09:37:01,4.99,0.9468,131,4.9,0.9297,175,4.97,0.943,1,4.945,0.9383,14,0
SPY190807C284,2019-08-05,2019-08-05 09:37:01,4.98,0.9449,1,4.91,0.9316,5,4.97,0.943,1,4.945,0.9383,14,0
SPY190807C284,2019-08-05,2019-08-05 09:37:02,4.99,0.9468,4,4.91,0.9316,5,4.97,0.943,1,4.95,0.9392,14,0
SPY190807C284,2019-08-05,2019-08-05 09:37:03,4.99,0.9468,175,4.91,0.9316,105,4.97,0.943,1,4.95,0.9392,14,0
SPY190807C284,2019-08-05,2019-08-05 09:37:03,4.98,0.9449,5,4.91,0.9316,105,4.97,0.943,1,4.945,0.9383,14,0
SPY190807C284,2019-08-05,2019-08-05 09:37:04,4.99,0.9468,160,4.91,0.9316,20,4.97,0.943,1,4.95,0.9392,14,0
SPY190807C284,2019-08-05,2019-08-05 09:37:04,4.99,0.9468,100,4.91,0.9316,5,4.97,0.943,1,4.95,0.9392,14,0
SPY190807C284,2019-08-05,2019-08-05 09:37:05,4.99,0.9468,100,4.91,0.9316,115,4.97,0.943,1,4.95,0.9392,14,0
SPY190807C284,2019-08-05,2019-08-05 09:37:05,4.99,0.9468,100,4.92,0.9335,105,4.97,0.943,1,4.955,0.9402,14,0
SPY190807C284,2019-08-05,2019-08-05 09:37:06,5.01,0.9506,140,4.93,0.9354,5,4.97,0.943,1,4.97,0.943,14,0
SPY190807C284,2019-08-05,2019-08-05 09:37:06,5.03,0.9544,169,4.94,0.9373,175,4.97,0.943,1,4.985,0.9459,14,0
SPY190807C284,2019-08-05,2019-08-05 09:37:07,5.01,0.9506,151,4.94,0.9373,175,4.97,0.943,1,4.975,0.944,14,0
SPY190807C284,2019-08-05,2019-08-05 09:37:07,5.0,0.9487,100,4.95,0.9392,5,4.97,0.943,1,4.975,0.944,14,0
SPY190807C284,2019-08-05,2019-08-05 09:37:08,5.0,0.9487,48,4.95,0.9392,57,4.97,0.943,1,4.975,0.944,14,0
SPY190807C284,2019-08-05,2019-08-05 09:37:09,4.99,0.9468,5,4.92,0.9335,4,4.97,0.943,1,4.955,0.9402,14,0
SPY190807C284,2019-08-05,2019-08-05 09:37:09,4.99,0.9468,5,4.93,0.9354,5,4.97,0.943,1,4.96,0.9411,14,0
SPY190807C284,2019-08-05,2019-08-05 09:37:10,4.99,0.9468,5,4.93,0.9354,5,4.97,0.943,1,4.96,0.9411,14,0
SPY190807C284,2019-08-05,2019-08-05 09:37:10,5.0,0.9487,180,4.94,0.9373,7,4.97,0.943,1,4.97,0.943,14,0
SPY190807C284,2019-08-05,2019-08-05 09:37:11,5.01,0.9506,175,4.94,0.9373,7,4.97,0.943,1,4.975,0.944,14,0
SPY190807C284,2019-08-05,2019-08-05 09:37:11,4.99,0.9468,127,4.94,0.9373,100,4.97,0.943,1,4.965,0.9421,14,0
SPY190807C284,2019-08-05,2019-08-05 09:37:12,5.01,0.9506,175,4.94,0.9373,7,4.97,0.943,1,4.975,0.944,14,0
SPY190807C284,2019-08-05,2019-08-05 09:37:13,5.0,0.9487,5,4.94,0.9373,115,4.97,0.943,1,4.97,0.943,14,0
SPY190807C284,2019-08-05,2019-08-05 09:37:13,5.03,0.9544,175,4.95,0.9392,102,4.97,0.943,1,4.99,0.9468,14,0
SPY190807C284,2019-08-05,2019-08-05 09:37:14,5.03,0.9544,100,4.96,0.9411,5,4.97,0.943,1,4.995,0.9478,14,0
SPY190807C284,2019-08-05,2019-08-05 09:37:15,5.02,0.9525,100,4.96,0.9411,5,4.97,0.943,1,4.99,0.9468,14,0
SPY190807C284,2019-08-05,2019-08-05 09:37:15,5.03,0.9544,180,4.97,0.943,94,4.97,0.943,1,5.0,0.9487,14,0
SPY190807C284,2019-08-05,2019-08-05 09:37:16,5.01,0.9506,1,4.97,0.943,109,4.97,0.943,1,4.99,0.9468,14,0
SPY190807C284,2019-08-05,2019-08-05 09:37:16,5.01,0.9506,5,4.94,0.9373,100,4.97,0.943,1,4.975,0.944,14,0
SPY190807C284,2019-08-05,2019-08-05 09:37:17,4.99,0.9468,100,4.95,0.9392,5,4.97,0.943,1,4.97,0.943,14,0
SPY190807C284,2019-08-05,2019-08-05 09:37:18,4.99,0.9468,100,4.95,0.9392,5,4.97,0.943,1,4.97,0.943,14,0
SPY190807C284,2019-08-05,2019-08-05 09:37:18,4.99,0.9468,140,4.94,0.9373,100,4.97,0.943,1,4.965,0.9421,14,0
SPY190807C284,2019-08-05,2019-08-05 09:37:19,4.98,0.9449,5,4.9,0.9297,115,4.97,0.943,1,4.94,0.9373,14,0
SPY190807C284,2019-08-05,2019-08-05 09:37:19,4.98,0.9449,5,4.92,0.9335,100,4.97,0.943,1,4.95,0.9392,14,0
SPY190807C284,2019-08-05,2019-08-05 09:37:20,4.98,0.9449,5,4.91,0.9316,10,4.97,0.943,1,4.945,0.9383,14,0
SPY190807C284,2019-08-05,2019-08-05 09:37:20,4.99,0.9468,132,4.91,0.9316,10,4.97,0.943,1,4.95,0.9392,14,0
SPY190807C284,2019-08-05,2019-08-05 09:37:21,5.01,0.9506,80,4.93,0.9354,100,4.97,0.943,1,4.97,0.943,14,0
SPY190807C284,2019-08-05,2019-08-05 09:37:21,4.99,0.9468,100,4.91,0.9316,10,4.97,0.943,1,4.95,0.9392,14,0
SPY190807C284,2019-08-05,2019-08-05 09:37:22,5.01,0.9506,180,4.94,0.9373,5,4.97,0.943,1,4.975,0.944,14,0
SPY190807C284,2019-08-05,2019-08-05 09:37:22,5.0,0.9487,5,4.94,0.9373,5,4.97,0.943,1,4.97,0.943,14,0
SPY190807C284,2019-08-05,2019-08-05 09:37:23,5.01,0.9506,50,4.93,0.9354,103,4.97,0.943,1,4.97,0.943,14,0
SPY190807C284,2019-08-05,2019-08-05 09:37:23,5.01,0.9506,180,4.93,0.9354,5,4.97,0.943,1,4.97,0.943,14,0
SPY190807C284,2019-08-05,2019-08-05 09:37:24,5.03,0.9544,100,4.95,0.9392,100,4.97,0.943,1,4.99,0.9468,14,0
SPY190807C284,2019-08-05,2019-08-05 09:37:24,5.04,0.9563,171,4.96,0.9411,5,4.97,0.943,1,5.0,0.9487,14,0
SPY190807C284,2019-08-05,2019-08-05 09:37:25,5.04,0.9563,127,4.96,0.9411,181,4.97,0.943,1,5.0,0.9487,14,0
SPY190807C284,2019-08-05,2019-08-05 09:37:25,5.04,0.9563,131,4.96,0.9411,5,4.97,0.943,1,5.0,0.9487,14,0
SPY190807C284,2019-08-05,2019-08-05 09:37:26,5.04,0.9563,5,4.98,0.9449,5,4.97,0.943,1,5.01,0.9506,14,0
SPY190807C284,2019-08-05,2019-08-05 09:37:26,5.04,0.9563,127,4.97,0.943,5,4.97,0.943,1,5.005,0.9497,14,0
SPY190807C284,2019-08-05,2019-08-05 09:37:27,5.05,0.9582,180,4.98,0.9449,100,4.97,0.943,1,5.015,0.9516,14,0
SPY190807C284,2019-08-05,2019-08-05 09:37:27,5.05,0.9582,100,4.98,0.9449,115,4.97,0.943,1,5.015,0.9516,14,0
SPY190807C284,2019-08-05,2019-08-05 09:37:28,5.04,0.9563,5,4.99,0.9468,115,4.97,0.943,1,5.015,0.9516,14,0
SPY190807C284,2019-08-05,2019-08-05 09:37:28,5.04,0.9563,5,4.98,0.9449,100,4.97,0.943,1,5.01,0.9506,14,0
SPY190807C284,2019-08-05,2019-08-05 09:37:29,5.03,0.9544,100,4.99,0.9468,115,4.97,0.943,1,5.01,0.9506,14,0
SPY190807C284,2019-08-05,2019-08-05 09:37:29,5.03,0.9544,135,4.99,0.9468,115,4.97,0.943,1,5.01,0.9506,14,0
SPY190807C284,2019-08-05,2019-08-05 09:37:30,5.03,0.9544,100,4.99,0.9468,5,4.97,0.943,1,5.01,0.9506,14,0
SPY190807C284,2019-08-05,2019-08-05 09:37:31,5.03,0.9544,134,4.99,0.9468,5,4.97,0.943,1,5.01,0.9506,14,0
SPY190807C284,2019-08-05,2019-08-05 09:37:31,5.07,0.962,376,4.98,0.9449,100,4.97,0.943,1,5.025,0.9535,14,0
SPY190807C284,2019-08-05,2019-08-05 09:37:32,5.03,0.9544,180,4.94,0.9373,175,4.97,0.943,1,4.985,0.9459,14,0
SPY190807C284,2019-08-05,2019-08-05 09:37:32,5.03,0.9544,180,4.95,0.9392,105,4.97,0.943,1,4.99,0.9468,14,0
SPY190807C284,2019-08-05,2019-08-05 09:37:33,5.02,0.9525,5,4.96,0.9411,105,4.97,0.943,1,4.99,0.9468,14,0
SPY190807C284,2019-08-05,2019-08-05 09:37:33,5.02,0.9525,5,4.95,0.9392,105,4.97,0.943,1,4.985,0.9459,14,0
SPY190807C284,2019-08-05,2019-08-05 09:37:34,5.01,0.9506,131,4.96,0.9411,100,4.97,0.943,1,4.985,0.9459,14,0
SPY190807C284,2019-08-05,2019-08-05 09:37:34,5.01,0.9506,126,4.96,0.9411,100,4.97,0.943,1,4.985,0.9459,14,0
SPY190807C284,2019-08-05,2019-08-05 09:37:35,5.01,0.9506,100,4.96,0.9411,5,4.97,0.943,1,4.985,0.9459,14,0
SPY190807C284,2019-08-05,2019-08-05 09:37:35,5.01,0.9506,131,4.96,0.9411,115,4.97,0.943,1,4.985,0.9459,14,0
SPY190807C284,2019-08-05,2019-08-05 09:37:36,5.01,0.9506,175,4.92,0.9335,175,4.97,0.943,1,4.965,0.9421,14,0
SPY190807C284,2019-08-05,2019-08-05 09:37:37,5.01,0.9506,145,4.93,0.9354,103,4.97,0.943,1,4.97,0.943,14,0
SPY190807C284,2019-08-05,2019-08-05 09:37:37,5.0,0.9487,136,4.93,0.9354,100,4.97,0.943,1,4.965,0.9421,14,0
SPY190807C284,2019-08-05,2019-08-05 09:37:38,5.01,0.9506,100,4.94,0.9373,103,4.97,0.943,1,4.975,0.944,14,0
SPY190807C284,2019-08-05,2019-08-05 09:37:38,5.0,0.9487,136,4.93,0.9354,115,4.97,0.943,1,4.965,0.9421,14,0
SPY190807C284,2019-08-05,2019-08-05 09:37:39,5.01,0.9506,133,4.95,0.9392,115,4.97,0.943,1,4.98,0.9449,14,0
SPY190807C284,2019-08-05,2019-08-05 09:37:39,5.0,0.9487,100,4.94,0.9373,115,4.97,0.943,1,4.97,0.943,14,0
SPY190807C284,2019-08-05,2019-08-05 09:37:40,5.04,0.9563,80,4.96,0.9411,5,4.97,0.943,1,5.0,0.9487,14,0
SPY190807C284,2019-08-05,2019-08-05 09:37:41,5.02,0.9525,100,4.97,0.943,115,4.97,0.943,1,4.995,0.9478,14,0
SPY190807C284,2019-08-05,2019-08-05 09:37:41,5.02,0.9525,100,4.97,0.943,5,4.97,0.943,1,4.995,0.9478,14,0
SPY190807C284,2019-08-05,2019-08-05 09:37:42,5.02,0.9525,100,4.97,0.943,100,4.97,0.943,1,4.995,0.9478,14,0
SPY190807C284,2019-08-05,2019-08-05 09:37:42,5.05,0.9582,5,4.87,0.924,5,4.97,0.943,1,4.96,0.9411,14,0
SPY190807C284,2019-08-05,2019-08-05 09:37:43,5.02,0.9525,180,4.95,0.9392,105,4.97,0.943,1,4.985,0.9459,14,0
SPY190807C284,2019-08-05,2019-08-05 09:37:43,5.02,0.9525,100,4.94,0.9373,15,4.97,0.943,1,4.98,0.9449,14,0
SPY190807C284,2019-08-05,2019-08-05 09:37:44,5.01,0.9506,131,4.96,0.9411,5,4.97,0.943,1,4.985,0.9459,14,0
SPY190807C284,2019-08-05,2019-08-05 09:37:44,5.01,0.9506,136,4.96,0.9411,102,4.97,0.943,1,4.985,0.9459,14,0
SPY190807C284,2019-08-05,2019-08-05 09:37:45,5.01,0.9506,151,4.96,0.9411,102,4.97,0.943,1,4.985,0.9459,14,0
SPY190807C284,2019-08-05,2019-08-05 09:37:46,5.02,0.9525,180,4.96,0.9411,100,4.97,0.943,1,4.99,0.9468,14,0
SPY190807C284,2019-08-05,2019-08-05 09:37:46,5.03,0.9544,180,4.96,0.9411,5,4.97,0.943,1,4.995,0.9478,14,0
SPY190807C284,2019-08-05,2019-08-05 09:37:47,5.03,0.9544,175,4.96,0.9411,7,4.97,0.943,1,4.995,0.9478,14,0
SPY190807C284,2019-08-05,2019-08-05 09:37:47,5.03,0.9544,180,4.96,0.9411,5,4.97,0.943,1,4.995,0.9478,14,0
SPY190807C284,2019-08-05,2019-08-05 09:37:48,5.02,0.9525,145,4.93,0.9354,175,4.97,0.943,1,4.975,0.944,14,0
SPY190807C284,2019-08-05,2019-08-05 09:37:48,5.03,0.9544,105,4.96,0.9411,102,4.97,0.943,1,4.995,0.9478,14,0
SPY190807C284,2019-08-05,2019-08-05 09:37:49,5.02,0.9525,100,4.95,0.9392,100,4.97,0.943,1,4.985,0.9459,14,0
SPY190807C284,2019-08-05,2019-08-05 09:37:50,5.04,0.9563,157,4.95,0.9392,175,4.97,0.943,1,4.995,0.9478,14,0
SPY190807C284,2019-08-05,2019-08-05 09:37:50,5.04,0.9563,157,4.96,0.9411,100,4.97,0.943,1,5.0,0.9487,14,0
SPY190807C284,2019-08-05,2019-08-05 09:37:51,5.03,0.9544,132,4.97,0.943,100,4.97,0.943,1,5.0,0.9487,14,0
SPY190807C284,2019-08-05,2019-08-05 09:37:51,5.02,0.9525,100,4.97,0.943,58,4.97,0.943,1,4.995,0.9478,14,0
SPY190807C284,2019-08-05,2019-08-05 09:37:52,5.01,0.9506,5,4.97,0.943,5,4.97,0.943,1,4.99,0.9468,14,0
SPY190807C284,2019-08-05,2019-08-05 09:37:52,5.01,0.9506,100,4.97,0.943,5,4.97,0.943,1,4.99,0.9468,14,0
SPY190807C284,2019-08-05,2019-08-05 09:37:53,5.0,0.9487,148,4.95,0.9392,100,4.97,0.943,1,4.975,0.944,14,0
SPY190807C284,2019-08-05,2019-08-05 09:37:53,5.01,0.9506,139,4.96,0.9411,80,4.97,0.943,1,4.985,0.9459,14,0
SPY190807C284,2019-08-05,2019-08-05 09:37:54,5.0,0.9487,148,4.91,0.9316,175,4.97,0.943,1,4.955,0.9402,14,0
SPY190807C284,2019-08-05,2019-08-05 09:37:54,5.01,0.9506,100,4.94,0.9373,5,4.97,0.943,1,4.975,0.944,14,0
SPY190807C284,2019-08-05,2019-08-05 09:37:55,5.01,0.9506,100,4.94,0.9373,5,4.97,0.943,1,4.975,0.944,14,0
SPY190807C284,2019-08-05,2019-08-05 09:37:55,5.02,0.9525,154,4.94,0.9373,103,4.97,0.943,1,4.98,0.9449,14,0
SPY190807C284,2019-08-05,2019-08-05 09:37:56,5.03,0.9544,175,4.95,0.9392,5,4.97,0.943,1,4.99,0.9468,14,0
SPY190807C284,2019-08-05,2019-08-05 09:37:56,5.02,0.9525,100,4.94,0.9373,103,4.97,0.943,1,4.98,0.9449,14,0
SPY190807C284,2019-08-05,2019-08-05 09:37:57,5.02,0.9525,75,4.95,0.9392,5,4.97,0.943,1,4.985,0.9459,14,0
SPY190807C284,2019-08-05,2019-08-05 09:37:57,5.02,0.9525,175,4.93,0.9354,175,4.97,0.943,1,4.975,0.944,14,0
SPY190807C284,2019-08-05,2019-08-05 09:37:58,5.02,0.9525,5,4.96,0.9411,5,4.97,0.943,1,4.99,0.9468,14,0
SPY190807C284,2019-08-05,2019-08-05 09:37:59,5.0,0.9487,5,4.96,0.9411,5,4.97,0.943,1,4.98,0.9449,14,0
SPY190807C284,2019-08-05,2019-08-05 09:37:59,5.01,0.9506,100,4.96,0.9411,88,4.97,0.943,1,4.985,0.9459,14,0
SPY190807C284,2019-08-05,2019-08-05 09:38:00,5.02,0.9525,5,4.94,0.9373,175,4.97,0.943,1,4.98,0.9449,14,0
SPY190807C284,2019-08-05,2019-08-05 09:38:00,5.02,0.9525,59,4.96,0.9411,100,4.97,0.943,1,4.99,0.9468,14,0
SPY190807C284,2019-08-05,2019-08-05 09:38:01,5.04,0.9563,180,4.97,0.943,5,4.97,0.943,1,5.005,0.9497,14,0
SPY190807C284,2019-08-05,2019-08-05 09:38:02,5.03,0.9544,5,4.98,0.9449,5,4.97,0.943,1,5.005,0.9497,14,0
SPY190807C284,2019-08-05,2019-08-05 09:38:03,5.04,0.9563,100,4.99,0.9468,99,4.97,0.943,1,5.015,0.9516,14,0
SPY190807C284,2019-08-05,2019-08-05 09:38:03,5.01,0.9506,100,4.95,0.9392,80,4.97,0.943,1,4.98,0.9449,14,0
SPY190807C284,2019-08-05,2019-08-05 09:38:04,5.01,0.9506,100,4.94,0.9373,8,4.97,0.943,1,4.975,0.944,14,0
SPY190807C284,2019-08-05,2019-08-05 09:38:04,5.01,0.9506,100,4.94,0.9373,65,4.97,0.943,1,4.975,0.944,14,0
SPY190807C284,2019-08-05,2019-08-05 09:38:05,5.02,0.9525,35,4.95,0.9392,5,4.97,0.943,1,4.985,0.9459,14,0
SPY190807C284,2019-08-05,2019-08-05 09:38:05,5.02,0.9525,35,4.95,0.9392,115,4.97,0.943,1,4.985,0.9459,14,0
SPY190807C284,2019-08-05,2019-08-05 09:38:06,5.04,0.9563,180,4.96,0.9411,5,4.97,0.943,1,5.0,0.9487,14,0
SPY190807C284,2019-08-05,2019-08-05 09:38:06,5.05,0.9582,71,4.98,0.9449,5,4.97,0.943,1,5.015,0.9516,14,0
SPY190807C284,2019-08-05,2019-08-05 09:38:07,5.09,0.9658,180,5.01,0.9506,175,4.97,0.943,1,5.05,0.9582,14,0
SPY190807C284,2019-08-05,2019-08-05 09:38:07,5.11,0.9696,5,5.01,0.9506,5,4.97,0.943,1,5.06,0.9601,14,0
SPY190807C284,2019-08-05,2019-08-05 09:38:08,5.14,0.9753,5,5.02,0.9525,5,4.97,0.943,1,5.08,0.9639,14,0
SPY190807C284,2019-08-05,2019-08-05 09:38:08,5.12,0.9715,175,5.03,0.9544,5,4.97,0.943,1,5.075,0.9629,14,0
SPY190807C284,2019-08-05,2019-08-05 09:38:09,5.12,0.9715,69,5.05,0.9582,5,4.97,0.943,1,5.085,0.9648,14,0
SPY190807C284,2019-08-05,2019-08-05 09:38:09,5.12,0.9715,100,5.03,0.9544,100,4.97,0.943,1,5.075,0.9629,14,0
SPY190807C284,2019-08-05,2019-08-05 09:38:10,5.14,0.9753,5,5.05,0.9582,5,4.97,0.943,1,5.095,0.9667,14,0
SPY190807C284,2019-08-05,2019-08-05 09:38:10,5.14,0.9753,100,5.05,0.9582,100,4.97,0.943,1,5.095,0.9667,14,0
SPY190807C284,2019-08-05,2019-08-05 09:38:11,5.15,0.9772,159,5.08,0.9639,5,4.97,0.943,1,5.115,0.9705,14,0
SPY190807C284,2019-08-05,2019-08-05 09:38:11,5.16,0.9791,175,5.08,0.9639,8,4.97,0.943,1,5.12,0.9715,14,0
SPY190807C284,2019-08-05,2019-08-05 09:38:12,5.13,0.9734,100,5.06,0.9601,75,4.97,0.943,1,5.095,0.9667,14,0
SPY190807C284,2019-08-05,2019-08-05 09:38:12,5.16,0.9791,180,5.08,0.9639,6,4.97,0.943,1,5.12,0.9715,14,0
SPY190807C284,2019-08-05,2019-08-05 09:38:13,5.16,0.9791,180,5.07,0.962,4,4.97,0.943,1,5.115,0.9705,14,0
SPY190807C284,2019-08-05,2019-08-05 09:38:13,5.14,0.9753,175,5.05,0.9582,5,4.97,0.943,1,5.095,0.9667,14,0
SPY190807C284,2019-08-05,2019-08-05 09:38:14,5.16,0.9791,180,5.07,0.962,182,4.97,0.943,1,5.115,0.9705,14,0
SPY190807C284,2019-08-05,2019-08-05 09:38:14,5.16,0.9791,164,5.08,0.9639,8,4.97,0.943,1,5.12,0.9715,14,0
SPY190807C284,2019-08-05,2019-08-05 09:38:15,5.18,0.9829,175,5.09,0.9658,185,4.97,0.943,1,5.135,0.9743,14,0
SPY190807C284,2019-08-05,2019-08-05 09:38:15,5.22,0.9905,100,5.08,0.9639,104,4.97,0.943,1,5.15,0.9772,14,0
SPY190807C284,2019-08-05,2019-08-05 09:38:16,5.16,0.9791,143,5.1,0.9677,100,4.97,0.943,1,5.13,0.9734,14,0
SPY190807C284,2019-08-05,2019-08-05 09:38:16,5.18,0.9829,175,5.1,0.9677,10,4.97,0.943,1,5.14,0.9753,14,0
SPY190807C284,2019-08-05,2019-08-05 09:38:17,5.16,0.9791,100,5.11,0.9696,5,4.97,0.943,1,5.135,0.9743,14,0
SPY190807C284,2019-08-05,2019-08-05 09:38:17,5.16,0.9791,167,5.1,0.9677,100,4.97,0.943,1,5.13,0.9734,14,0
SPY190807C284,2019-08-05,2019-08-05 09:38:18,5.15,0.9772,100,5.06,0.9601,175,4.97,0.943,1,5.105,0.9686,14,0
SPY190807C284,2019-08-05,2019-08-05 09:38:18,5.16,0.9791,180,5.07,0.962,175,4.97,0.943,1,5.115,0.9705,14,0
SPY190807C284,2019-08-05,2019-08-05 09:38:19,5.16,0.9791,180,5.08,0.9639,105,4.97,0.943,1,5.12,0.9715,14,0
SPY190807C284,2019-08-05,2019-08-05 09:38:19,5.16,0.9791,125,5.09,0.9658,102,4.97,0.943,1,5.125,0.9724,14,0
SPY190807C284,2019-08-05,2019-08-05 09:38:20,5.15,0.9772,100,5.1,0.9677,5,4.97,0.943,1,5.125,0.9724,14,0
SPY190807C284,2019-08-05,2019-08-05 09:38:20,5.17,0.981,100,5.1,0.9677,103,4.97,0.943,1,5.135,0.9743,14,0
SPY190807C284,2019-08-05,2019-08-05 09:38:21,5.17,0.981,130,5.11,0.9696,5,4.97,0.943,1,5.14,0.9753,14,0
SPY190807C284,2019-08-05,2019-08-05 09:38:21,5.17,0.981,43,5.11,0.9696,100,4.97,0.943,1,5.14,0.9753,14,0
SPY190807C284,2019-08-05,2019-08-05 09:38:22,5.17,0.981,135,5.12,0.9715,78,4.97,0.943,1,5.145,0.9762,14,0
SPY190807C284,2019-08-05,2019-08-05 09:38:22,5.17,0.981,100,5.12,0.9715,93,4.97,0.943,1,5.145,0.9762,14,0
SPY190807C284,2019-08-05,2019-08-05 09:38:23,5.19,0.9848,171,5.13,0.9734,102,4.97,0.943,1,5.16,0.9791,14,0
SPY190807C284,2019-08-05,2019-08-05 09:38:23,5.18,0.9829,180,5.12,0.9715,93,4.97,0.943,1,5.15,0.9772,14,0
SPY190807C284,2019-08-05,2019-08-05 09:38:24,5.19,0.9848,71,5.14,0.9753,100,4.97,0.943,1,5.165,0.98,14,0
SPY190807C284,2019-08-05,2019-08-05 09:38:24,5.19,0.9848,171,5.13,0.9734,9,4.97,0.943,1,5.16,0.9791,14,0
SPY190807C284,2019-08-05,2019-08-05 09:38:25,5.19,0.9848,171,5.14,0.9753,110,4.97,0.943,1,5.165,0.98,14,0
SPY190807C284,2019-08-05,2019-08-05 09:38:25,5.19,0.9848,71,5.14,0.9753,100,4.97,0.943,1,5.165,0.98,14,0
SPY190807C284,2019-08-05,2019-08-05 09:38:26,5.19,0.9848,100,5.14,0.9753,115,4.97,0.943,1,5.165,0.98,14,0
SPY190807C284,2019-08-05,2019-08-05 09:38:26,5.19,0.9848,172,5.14,0.9753,115,4.97,0.943,1,5.165,0.98,14,0
SPY190807C284,2019-08-05,2019-08-05 09:38:27,5.21,0.9886,180,5.14,0.9753,115,4.97,0.943,1,5.175,0.9819,14,0
SPY190807C284,2019-08-05,2019-08-05 09:38:28,5.21,0.9886,180,5.15,0.9772,5,4.97,0.943,1,5.18,0.9829,14,0
SPY190807C284,2019-08-05,2019-08-05 09:38:28,5.21,0.9886,129,5.16,0.9791,5,4.97,0.943,1,5.185,0.9838,14,0
SPY190807C284,2019-08-05,2019-08-05 09:38:29,5.23,0.9924,163,5.17,0.981,5,4.97,0.943,1,5.2,0.9867,14,0
SPY190807C284,2019-08-05,2019-08-05 09:38:29,5.21,0.9886,100,5.16,0.9791,103,4.97,0.943,1,5.185,0.9838,14,0
SPY190807C284,2019-08-05,2019-08-05 09:38:30,5.2,0.9867,157,5.11,0.9696,180,4.97,0.943,1,5.155,0.9781,14,0
SPY190807C284,2019-08-05,2019-08-05 09:38:30,5.2,0.9867,157,5.14,0.9753,5,4.97,0.943,1,5.17,0.981,14,0
SPY190807C284,2019-08-05,2019-08-05 09:38:31,5.2,0.9867,180,5.1,0.9677,180,4.97,0.943,1,5.15,0.9772,14,0
SPY190807C284,2019-08-05,2019-08-05 09:38:31,5.21,0.9886,180,5.14,0.9753,5,4.97,0.943,1,5.175,0.9819,14,0
SPY190807C284,2019-08-05,2019-08-05 09:38:32,5.19,0.9848,156,5.12,0.9715,100,4.97,0.943,1,5.155,0.9781,14,0
SPY190807C284,2019-08-05,2019-08-05 09:38:32,5.19,0.9848,165,5.1,0.9677,175,4.97,0.943,1,5.145,0.9762,14,0
SPY190807C284,2019-08-05,2019-08-05 09:38:33,5.19,0.9848,180,5.1,0.9677,175,4.97,0.943,1,5.145,0.9762,14,0
SPY190807C284,2019-08-05,2019-08-05 09:38:33,5.22,0.9905,75,5.08,0.9639,75,4.97,0.943,1,5.15,0.9772,14,0
SPY190807C284,2019-08-05,2019-08-05 09:38:34,5.18,0.9829,130,5.11,0.9696,5,4.97,0.943,1,5.145,0.9762,14,0
SPY190807C284,2019-08-05,2019-08-05 09:38:34,5.19,0.9848,180,5.11,0.9696,105,4.97,0.943,1,5.15,0.9772,14,0
SPY190807C284,2019-08-05,2019-08-05 09:38:35,5.19,0.9848,180,5.12,0.9715,100,4.97,0.943,1,5.155,0.9781,14,0
SPY190807C284,2019-08-05,2019-08-05 09:38:36,5.18,0.9829,136,5.13,0.9734,5,4.97,0.943,1,5.155,0.9781,14,0
SPY190807C284,2019-08-05,2019-08-05 09:38:36,5.17,0.981,100,5.13,0.9734,40,4.97,0.943,1,5.15,0.9772,14,0
SPY190807C284,2019-08-05,2019-08-05 09:38:37,5.17,0.981,142,5.13,0.9734,40,4.97,0.943,1,5.15,0.9772,14,0
SPY190807C284,2019-08-05,2019-08-05 09:38:37,5.24,0.9943,100,5.09,0.9658,100,4.97,0.943,1,5.165,0.98,14,0
SPY190807C284,2019-08-05,2019-08-05 09:38:38,5.16,0.9791,175,5.1,0.9677,5,4.97,0.943,1,5.13,0.9734,14,0
SPY190807C284,2019-08-05,2019-08-05 09:38:38,5.15,0.9772,100,5.07,0.962,180,4.97,0.943,1,5.11,0.9696,14,0
SPY190807C284,2019-08-05,2019-08-05 09:38:39,5.16,0.9791,180,5.11,0.9696,1,4.97,0.943,1,5.135,0.9743,14,0
SPY190807C284,2019-08-05,2019-08-05 09:38:39,5.16,0.9791,180,5.11,0.9696,5,4.97,0.943,1,5.135,0.9743,14,0
SPY190807C284,2019-08-05,2019-08-05 09:38:40,5.16,0.9791,180,5.08,0.9639,100,4.97,0.943,1,5.12,0.9715,14,0
SPY190807C284,2019-08-05,2019-08-05 09:38:40,5.17,0.981,180,5.09,0.9658,10,4.97,0.943,1,5.13,0.9734,14,0
SPY190807C284,2019-08-05,2019-08-05 09:38:41,5.18,0.9829,100,5.1,0.9677,100,4.97,0.943,1,5.14,0.9753,14,0
SPY190807C284,2019-08-05,2019-08-05 09:38:41,5.19,0.9848,98,5.11,0.9696,180,4.97,0.943,1,5.15,0.9772,14,0
SPY190807C284,2019-08-05,2019-08-05 09:38:42,5.19,0.9848,5,5.12,0.9715,5,4.97,0.943,1,5.155,0.9781,14,0
SPY190807C284,2019-08-05,2019-08-05 09:38:42,5.18,0.9829,180,5.13,0.9734,5,4.97,0.943,1,5.155,0.9781,14,0
SPY190807C284,2019-08-05,2019-08-05 09:38:43,5.18,0.9829,105,5.12,0.9715,5,4.97,0.943,1,5.15,0.9772,14,0
SPY190807C284,2019-08-05,2019-08-05 09:38:43,5.17,0.981,5,5.1,0.9677,80,4.97,0.943,1,5.135,0.9743,14,0
SPY190807C284,2019-08-05,2019-08-05 09:38:44,5.18,0.9829,175,5.1,0.9677,180,4.97,0.943,1,5.14,0.9753,14,0
SPY190807C284,2019-08-05,2019-08-05 09:38:44,5.17,0.981,154,5.1,0.9677,9,4.97,0.943,1,5.135,0.9743,14,0
SPY190807C284,2019-08-05,2019-08-05 09:38:45,5.17,0.981,154,5.1,0.9677,9,4.97,0.943,1,5.135,0.9743,14,0
SPY190807C284,2019-08-05,2019-08-05 09:38:45,5.17,0.981,66,5.1,0.9677,9,4.97,0.943,1,5.135,0.9743,14,0
SPY190807C284,2019-08-05,2019-08-05 09:38:46,5.17,0.981,180,5.11,0.9696,100,4.97,0.943,1,5.14,0.9753,14,0
SPY190807C284,2019-08-05,2019-08-05 09:38:46,5.17,0.981,180,5.1,0.9677,9,4.97,0.943,1,5.135,0.9743,14,0
SPY190807C284,2019-08-05,2019-08-05 09:38:47,5.17,0.981,180,5.11,0.9696,100,4.97,0.943,1,5.14,0.9753,14,0
SPY190807C284,2019-08-05,2019-08-05 09:38:47,5.16,0.9791,175,5.07,0.962,175,4.97,0.943,1,5.115,0.9705,14,0
SPY190807C284,2019-08-05,2019-08-05 09:38:48,5.16,0.9791,100,5.08,0.9639,5,4.97,0.943,1,5.12,0.9715,14,0
SPY190807C284,2019-08-05,2019-08-05 09:38:48,5.16,0.9791,180,5.08,0.9639,5,4.97,0.943,1,5.12,0.9715,14,0
SPY190807C284,2019-08-05,2019-08-05 09:38:49,5.17,0.981,175,5.09,0.9658,5,4.97,0.943,1,5.13,0.9734,14,0
SPY190807C284,2019-08-05,2019-08-05 09:38:49,5.15,0.9772,105,5.09,0.9658,5,4.97,0.943,1,5.12,0.9715,14,0
SPY190807C284,2019-08-05,2019-08-05 09:38:50,5.15,0.9772,100,5.07,0.962,180,4.97,0.943,1,5.11,0.9696,14,0
SPY190807C284,2019-08-05,2019-08-05 09:38:50,5.15,0.9772,5,5.07,0.962,180,4.97,0.943,1,5.11,0.9696,14,0
SPY190807C284,2019-08-05,2019-08-05 09:38:51,5.15,0.9772,180,5.09,0.9658,5,4.97,0.943,1,5.12,0.9715,14,0
SPY190807C284,2019-08-05,2019-08-05 09:38:51,5.14,0.9753,5,5.09,0.9658,5,4.97,0.943,1,5.115,0.9705,14,0
SPY190807C284,2019-08-05,2019-08-05 09:38:52,5.14,0.9753,5,5.09,0.9658,5,4.97,0.943,1,5.115,0.9705,14,0
SPY190807C284,2019-08-05,2019-08-05 09:38:52,5.14,0.9753,5,5.1,0.9677,1,4.97,0.943,1,5.12,0.9715,14,0
SPY190807C284,2019-08-05,2019-08-05 09:38:53,5.14,0.9753,5,5.1,0.9677,5,4.97,0.943,1,5.12,0.9715,14,0
SPY190807C284,2019-08-05,2019-08-05 09:38:54,5.16,0.9791,175,5.11,0.9696,5,4.97,0.943,1,5.135,0.9743,14,0
SPY190807C284,2019-08-05,2019-08-05 09:38:54,5.16,0.9791,175,5.1,0.9677,70,4.97,0.943,1,5.13,0.9734,14,0
SPY190807C284,2019-08-05,2019-08-05 09:38:55,5.16,0.9791,175,5.11,0.9696,5,4.97,0.943,1,5.135,0.9743,14,0
SPY190807C284,2019-08-05,2019-08-05 09:38:55,5.15,0.9772,154,5.07,0.962,175,4.97,0.943,1,5.11,0.9696,14,0
SPY190807C284,2019-08-05,2019-08-05 09:38:56,5.13,0.9734,151,5.05,0.9582,5,4.97,0.943,1,5.09,0.9658,14,0
SPY190807C284,2019-08-05,2019-08-05 09:38:56,5.15,0.9772,57,5.08,0.9639,100,4.97,0.943,1,5.115,0.9705,14,0
SPY190807C284,2019-08-05,2019-08-05 09:38:57,5.14,0.9753,62,5.07,0.962,5,4.97,0.943,1,5.105,0.9686,14,0
SPY190807C284,2019-08-05,2019-08-05 09:38:57,5.14,0.9753,100,5.06,0.9601,175,4.97,0.943,1,5.1,0.9677,14,0
SPY190807C284,2019-08-05,2019-08-05 09:38:58,5.15,0.9772,5,5.09,0.9658,5,4.97,0.943,1,5.12,0.9715,14,0
SPY190807C284,2019-08-05,2019-08-05 09:38:58,5.15,0.9772,180,5.08,0.9639,5,4.97,0.943,1,5.115,0.9705,14,0
SPY190807C284,2019-08-05,2019-08-05 09:38:59,5.14,0.9753,5,5.08,0.9639,115,4.97,0.943,1,5.11,0.9696,14,0
SPY190807C284,2019-08-05,2019-08-05 09:38:59,5.14,0.9753,180,5.08,0.9639,5,4.97,0.943,1,5.11,0.9696,14,0
SPY190807C284,2019-08-05,2019-08-05 09:39:00,5.09,0.9658,100,5.0,0.9487,100,4.97,0.943,1,5.045,0.9573,14,0
SPY190807C284,2019-08-05,2019-08-05 09:39:00,5.11,0.9696,175,5.05,0.9582,80,4.97,0.943,1,5.08,0.9639,14,0
SPY190807C284,2019-08-05,2019-08-05 09:39:01,5.08,0.9639,134,5.01,0.9506,5,4.97,0.943,1,5.045,0.9573,14,0
SPY190807C284,2019-08-05,2019-08-05 09:39:02,5.07,0.962,100,5.02,0.9525,8,4.97,0.943,1,5.045,0.9573,14,0
SPY190807C284,2019-08-05,2019-08-05 09:39:02,5.09,0.9658,180,5.01,0.9506,105,4.97,0.943,1,5.05,0.9582,14,0
SPY190807C284,2019-08-05,2019-08-05 09:39:03,5.09,0.9658,175,5.02,0.9525,76,4.97,0.943,1,5.055,0.9592,14,0
SPY190807C284,2019-08-05,2019-08-05 09:39:03,5.07,0.962,58,5.02,0.9525,76,4.97,0.943,1,5.045,0.9573,14,0
SPY190807C284,2019-08-05,2019-08-05 09:39:04,5.1,0.9677,100,5.04,0.9563,5,4.97,0.943,1,5.07,0.962,14,0
SPY190807C284,2019-08-05,2019-08-05 09:39:04,5.1,0.9677,160,5.04,0.9563,5,4.97,0.943,1,5.07,0.962,14,0
SPY190807C284,2019-08-05,2019-08-05 09:39:05,5.1,0.9677,175,5.04,0.9563,83,4.97,0.943,1,5.07,0.962,14,0
SPY190807C284,2019-08-05,2019-08-05 09:39:05,5.09,0.9658,156,5.04,0.9563,83,4.97,0.943,1,5.065,0.9611,14,0
SPY190807C284,2019-08-05,2019-08-05 09:39:06,5.17,0.981,24,5.06,0.9601,5,4.97,0.943,1,5.115,0.9705,14,0
SPY190807C284,2019-08-05,2019-08-05 09:39:07,5.12,0.9715,175,5.04,0.9563,175,4.97,0.943,1,5.08,0.9639,14,0
SPY190807C284,2019-08-05,2019-08-05 09:39:07,5.1,0.9677,147,5.05,0.9582,5,4.97,0.943,1,5.075,0.9629,14,0
SPY190807C284,2019-08-05,2019-08-05 09:39:08,5.11,0.9696,180,5.05,0.9582,6,4.97,0.943,1,5.08,0.9639,14,0
SPY190807C284,2019-08-05,2019-08-05 09:39:08,5.16,0.9791,100,5.05,0.9582,103,4.97,0.943,1,5.105,0.9686,14,0
SPY190807C284,2019-08-05,2019-08-05 09:39:09,5.12,0.9715,175,5.05,0.9582,5,4.97,0.943,1,5.085,0.9648,14,0
SPY190807C284,2019-08-05,2019-08-05 09:39:09,5.12,0.9715,180,5.05,0.9582,100,4.97,0.943,1,5.085,0.9648,14,0
SPY190807C284,2019-08-05,2019-08-05 09:39:10,5.12,0.9715,180,5.05,0.9582,115,4.97,0.943,1,5.085,0.9648,14,0
SPY190807C284,2019-08-05,2019-08-05 09:39:10,5.12,0.9715,180,4.99,0.9468,15,4.97,0.943,1,5.055,0.9592,14,0
SPY190807C284,2019-08-05,2019-08-05 09:39:11,5.15,0.9772,100,5.07,0.962,100,4.97,0.943,1,5.11,0.9696,14,0
SPY190807C284,2019-08-05,2019-08-05 09:39:11,5.14,0.9753,5,5.08,0.9639,8,4.97,0.943,1,5.11,0.9696,14,0
SPY190807C284,2019-08-05,2019-08-05 09:39:12,5.13,0.9734,100,5.08,0.9639,115,4.97,0.943,1,5.105,0.9686,14,0
SPY190807C284,2019-08-05,2019-08-05 09:39:12,5.14,0.9753,5,5.08,0.9639,115,4.97,0.943,1,5.11,0.9696,14,0
SPY190807C284,2019-08-05,2019-08-05 09:39:13,5.11,0.9696,100,5.03,0.9544,175,4.97,0.943,1,5.07,0.962,14,0
SPY190807C284,2019-08-05,2019-08-05 09:39:13,5.13,0.9734,141,5.07,0.962,6,4.97,0.943,1,5.1,0.9677,14,0
SPY190807C284,2019-08-05,2019-08-05 09:39:14,5.11,0.9696,175,5.06,0.9601,5,5.1,0.9677,25,5.085,0.9648,39,25
SPY190807C284,2019-08-05,2019-08-05 09:39:14,5.11,0.9696,100,5.05,0.9582,8,4.97,0.943,1,5.08,0.9639,14,0
SPY190807C284,2019-08-05,2019-08-05 09:39:15,5.11,0.9696,180,5.02,0.9525,5,5.1,0.9677,25,5.065,0.9611,39,0
SPY190807C284,2019-08-05,2019-08-05 09:39:15,5.14,0.9753,124,5.06,0.9601,5,5.1,0.9677,25,5.1,0.9677,39,0
SPY190807C284,2019-08-05,2019-08-05 09:39:16,5.09,0.9658,179,5.01,0.9506,175,5.1,0.9677,25,5.05,0.9582,39,0
SPY190807C284,2019-08-05,2019-08-05 09:39:16,5.09,0.9658,179,5.02,0.9525,5,5.1,0.9677,25,5.055,0.9592,39,0
SPY190807C284,2019-08-05,2019-08-05 09:39:17,5.12,0.9715,175,5.04,0.9563,5,5.1,0.9677,25,5.08,0.9639,39,0
SPY190807C284,2019-08-05,2019-08-05 09:39:17,5.1,0.9677,80,5.02,0.9525,5,5.1,0.9677,25,5.06,0.9601,39,0
SPY190807C284,2019-08-05,2019-08-05 09:39:18,5.12,0.9715,180,5.05,0.9582,102,5.1,0.9677,25,5.085,0.9648,39,0
SPY190807C284,2019-08-05,2019-08-05 09:39:18,5.12,0.9715,180,5.04,0.9563,195,5.1,0.9677,25,5.08,0.9639,39,0
SPY190807C284,2019-08-05,2019-08-05 09:39:19,5.12,0.9715,180,5.03,0.9544,100,5.1,0.9677,25,5.075,0.9629,39,0
SPY190807C284,2019-08-05,2019-08-05 09:39:20,5.11,0.9696,180,5.05,0.9582,5,5.1,0.9677,25,5.08,0.9639,39,0
SPY190807C284,2019-08-05,2019-08-05 09:39:20,5.1,0.9677,5,5.06,0.9601,5,5.1,0.9677,25,5.08,0.9639,39,0
SPY190807C284,2019-08-05,2019-08-05 09:39:21,5.1,0.9677,125,5.06,0.9601,5,5.1,0.9677,25,5.08,0.9639,39,0
SPY190807C284,2019-08-05,2019-08-05 09:39:21,5.1,0.9677,125,5.06,0.9601,53,5.1,0.9677,25,5.08,0.9639,39,0
SPY190807C284,2019-08-05,2019-08-05 09:39:22,5.1,0.9677,105,5.06,0.9601,5,5.1,0.9677,25,5.08,0.9639,39,0
SPY190807C284,2019-08-05,2019-08-05 09:39:22,5.1,0.9677,127,5.06,0.9601,5,5.1,0.9677,25,5.08,0.9639,39,0
SPY190807C284,2019-08-05,2019-08-05 09:39:23,5.09,0.9658,145,5.03,0.9544,8,5.1,0.9677,25,5.06,0.9601,39,0
SPY190807C284,2019-08-05,2019-08-05 09:39:23,5.09,0.9658,177,5.03,0.9544,5,5.1,0.9677,25,5.06,0.9601,39,0
SPY190807C284,2019-08-05,2019-08-05 09:39:24,5.09,0.9658,55,5.03,0.9544,140,5.1,0.9677,25,5.06,0.9601,39,0
SPY190807C284,2019-08-05,2019-08-05 09:39:24,5.09,0.9658,5,5.03,0.9544,5,5.1,0.9677,25,5.06,0.9601,39,0
SPY190807C284,2019-08-05,2019-08-05 09:39:25,5.09,0.9658,180,5.05,0.9582,5,5.1,0.9677,25,5.07,0.962,39,0
SPY190807C284,2019-08-05,2019-08-05 09:39:26,5.09,0.9658,180,5.05,0.9582,8,5.1,0.9677,25,5.07,0.962,39,0
SPY190807C284,2019-08-05,2019-08-05 09:39:27,5.08,0.9639,52,5.04,0.9563,40,5.1,0.9677,25,5.06,0.9601,39,0
SPY190807C284,2019-08-05,2019-08-05 09:39:27,5.09,0.9658,180,5.03,0.9544,102,5.1,0.9677,25,5.06,0.9601,39,0
SPY190807C284,2019-08-05,2019-08-05 09:39:28,5.08,0.9639,100,5.0,0.9487,75,5.06,0.9601,1,5.04,0.9563,40,1
SPY190807C284,2019-08-05,2019-08-05 09:39:28,5.08,0.9639,5,4.99,0.9468,175,5.06,0.9601,1,5.035,0.9554,40,0
SPY190807C284,2019-08-05,2019-08-05 09:39:29,5.07,0.962,100,4.99,0.9468,175,5.06,0.9601,1,5.03,0.9544,40,0
SPY190807C284,2019-08-05,2019-08-05 09:39:29,5.07,0.962,100,5.01,0.9506,102,5.06,0.9601,1,5.04,0.9563,40,0
SPY190807C284,2019-08-05,2019-08-05 09:39:30,5.07,0.962,135,5.02,0.9525,100,5.06,0.9601,1,5.045,0.9573,40,0
SPY190807C284,2019-08-05,2019-08-05 09:39:30,5.07,0.962,130,5.02,0.9525,5,5.06,0.9601,1,5.045,0.9573,40,0
SPY190807C284,2019-08-05,2019-08-05 09:39:31,5.06,0.9601,134,5.02,0.9525,37,5.06,0.9601,1,5.04,0.9563,40,0
SPY190807C284,2019-08-05,2019-08-05 09:39:32,5.05,0.9582,100,5.02,0.9525,37,5.06,0.9601,1,5.035,0.9554,40,0
SPY190807C284,2019-08-05,2019-08-05 09:39:32,5.06,0.9601,139,5.02,0.9525,37,5.06,0.9601,1,5.04,0.9563,40,0
SPY190807C284,2019-08-05,2019-08-05 09:39:33,5.06,0.9601,139,4.98,0.9449,100,5.06,0.9601,1,5.02,0.9525,40,0
SPY190807C284,2019-08-05,2019-08-05 09:39:33,5.07,0.962,100,5.01,0.9506,4,5.06,0.9601,1,5.04,0.9563,40,0
SPY190807C284,2019-08-05,2019-08-05 09:39:34,5.06,0.9601,148,4.98,0.9449,100,5.06,0.9601,1,5.02,0.9525,40,0
SPY190807C284,2019-08-05,2019-08-05 09:39:34,5.06,0.9601,148,5.01,0.9506,141,5.06,0.9601,1,5.035,0.9554,40,0
SPY190807C284,2019-08-05,2019-08-05 09:39:35,5.06,0.9601,148,5.01,0.9506,141,5.06,0.9601,1,5.035,0.9554,40,0
SPY190807C284,2019-08-05,2019-08-05 09:39:36,5.05,0.9582,180,4.99,0.9468,5,5.06,0.9601,1,5.02,0.9525,40,0
SPY190807C284,2019-08-05,2019-08-05 09:39:36,5.04,0.9563,100,4.98,0.9449,80,5.06,0.9601,1,5.01,0.9506,40,0
SPY190807C284,2019-08-05,2019-08-05 09:39:37,5.05,0.9582,180,4.99,0.9468,115,5.06,0.9601,1,5.02,0.9525,40,0
SPY190807C284,2019-08-05,2019-08-05 09:39:38,5.05,0.9582,100,5.0,0.9487,5,5.06,0.9601,1,5.025,0.9535,40,0
SPY190807C284,2019-08-05,2019-08-05 09:39:38,5.05,0.9582,100,5.0,0.9487,105,5.06,0.9601,1,5.025,0.9535,40,0
SPY190807C284,2019-08-05,2019-08-05 09:39:39,5.05,0.9582,180,5.0,0.9487,84,5.06,0.9601,1,5.025,0.9535,40,0
SPY190807C284,2019-08-05,2019-08-05 09:39:39,5.05,0.9582,5,5.0,0.9487,10,5.06,0.9601,1,5.025,0.9535,40,0
SPY190807C284,2019-08-05,2019-08-05 09:39:40,5.05,0.9582,180,5.0,0.9487,84,5.06,0.9601,1,5.025,0.9535,40,0
SPY190807C284,2019-08-05,2019-08-05 09:39:41,5.07,0.962,175,4.98,0.9449,175,5.06,0.9601,1,5.025,0.9535,40,0
SPY190807C284,2019-08-05,2019-08-05 09:39:41,5.06,0.9601,175,5.0,0.9487,65,5.06,0.9601,1,5.03,0.9544,40,0
SPY190807C284,2019-08-05,2019-08-05 09:39:42,5.1,0.9677,100,5.0,0.9487,100,5.06,0.9601,1,5.05,0.9582,40,0
SPY190807C284,2019-08-05,2019-08-05 09:39:42,5.1,0.9677,100,5.03,0.9544,103,5.06,0.9601,1,5.065,0.9611,40,0
SPY190807C284,2019-08-05,2019-08-05 09:39:43,5.1,0.9677,5,5.04,0.9563,100,5.06,0.9601,1,5.07,0.962,40,0
SPY190807C284,2019-08-05,2019-08-05 09:39:43,5.1,0.9677,100,5.04,0.9563,5,5.06,0.9601,1,5.07,0.962,40,0
SPY190807C284,2019-08-05,2019-08-05 09:39:44,5.1,0.9677,180,5.04,0.9563,100,5.06,0.9601,1,5.07,0.962,40,0
SPY190807C284,2019-08-05,2019-08-05 09:39:44,5.1,0.9677,175,5.04,0.9563,115,5.06,0.9601,1,5.07,0.962,40,0
SPY190807C284,2019-08-05,2019-08-05 09:39:45,5.09,0.9658,100,5.02,0.9525,100,5.06,0.9601,1,5.055,0.9592,40,0
SPY190807C284,2019-08-05,2019-08-05 09:39:45,5.1,0.9677,175,5.05,0.9582,41,5.06,0.9601,1,5.075,0.9629,40,0
SPY190807C284,2019-08-05,2019-08-05 09:39:46,5.11,0.9696,175,5.03,0.9544,5,5.06,0.9601,1,5.07,0.962,40,0
SPY190807C284,2019-08-05,2019-08-05 09:39:46,5.12,0.9715,175,5.04,0.9563,175,5.06,0.9601,1,5.08,0.9639,40,0
SPY190807C284,2019-08-05,2019-08-05 09:39:47,5.13,0.9734,180,5.05,0.9582,179,5.06,0.9601,1,5.09,0.9658,40,0
SPY190807C284,2019-08-05,2019-08-05 09:39:47,5.13,0.9734,180,5.05,0.9582,5,5.06,0.9601,1,5.09,0.9658,40,0
SPY190807C284,2019-08-05,2019-08-05 09:39:48,5.17,0.981,100,5.09,0.9658,100,5.06,0.9601,1,5.13,0.9734,40,0
SPY190807C284,2019-08-05,2019-08-05 09:39:48,5.19,0.9848,15,5.06,0.9601,100,5.06,0.9601,1,5.125,0.9724,40,0
SPY190807C284,2019-08-05,2019-08-05 09:39:49,5.16,0.9791,180,5.08,0.9639,5,5.06,0.9601,1,5.12,0.9715,40,0
SPY190807C284,2019-08-05,2019-08-05 09:39:49,5.16,0.9791,180,5.08,0.9639,175,5.06,0.9601,1,5.12,0.9715,40,0
SPY190807C284,2019-08-05,2019-08-05 09:39:50,5.16,0.9791,100,5.09,0.9658,177,5.06,0.9601,1,5.125,0.9724,40,0
SPY190807C284,2019-08-05,2019-08-05 09:39:50,5.16,0.9791,180,5.09,0.9658,100,5.06,0.9601,1,5.125,0.9724,40,0
SPY190807C284,2019-08-05,2019-08-05 09:39:51,5.2,0.9867,5,5.1,0.9677,5,5.06,0.9601,1,5.15,0.9772,40,0
SPY190807C284,2019-08-05,2019-08-05 09:39:51,5.19,0.9848,146,5.11,0.9696,5,5.06,0.9601,1,5.15,0.9772,40,0
SPY190807C284,2019-08-05,2019-08-05 09:39:52,5.18,0.9829,180,5.1,0.9677,8,5.06,0.9601,1,5.14,0.9753,40,0
SPY190807C284,2019-08-05,2019-08-05 09:39:53,5.19,0.9848,169,5.11,0.9696,5,5.06,0.9601,1,5.15,0.9772,40,0
SPY190807C284,2019-08-05,2019-08-05 09:39:53,5.18,0.9829,180,5.1,0.9677,184,5.06,0.9601,1,5.14,0.9753,40,0
SPY190807C284,2019-08-05,2019-08-05 09:39:54,5.19,0.9848,175,5.11,0.9696,5,5.06,0.9601,1,5.15,0.9772,40,0
SPY190807C284,2019-08-05,2019-08-05 09:39:54,5.19,0.9848,100,5.11,0.9696,5,5.06,0.9601,1,5.15,0.9772,40,0
SPY190807C284,2019-08-05,2019-08-05 09:39:55,5.2,0.9867,180,5.12,0.9715,100,5.06,0.9601,1,5.16,0.9791,40,0
SPY190807C284,2019-08-05,2019-08-05 09:39:55,5.2,0.9867,180,5.11,0.9696,8,5.06,0.9601,1,5.155,0.9781,40,0
SPY190807C284,2019-08-05,2019-08-05 09:39:56,5.23,0.9924,175,5.15,0.9772,100,5.06,0.9601,1,5.19,0.9848,40,0
SPY190807C284,2019-08-05,2019-08-05 09:39:56,5.21,0.9886,50,5.13,0.9734,5,5.06,0.9601,1,5.17,0.981,40,0
SPY190807C284,2019-08-05,2019-08-05 09:39:57,5.22,0.9905,100,5.15,0.9772,5,5.06,0.9601,1,5.185,0.9838,40,0
SPY190807C284,2019-08-05,2019-08-05 09:39:57,5.22,0.9905,100,5.14,0.9753,5,5.06,0.9601,1,5.18,0.9829,40,0
SPY190807C284,2019-08-05,2019-08-05 09:39:58,5.27,1.0,5,5.15,0.9772,175,5.06,0.9601,1,5.21,0.9886,40,0
SPY190807C284,2019-08-05,2019-08-05 09:39:58,5.22,0.9905,100,5.13,0.9734,175,5.06,0.9601,1,5.175,0.9819,40,0
SPY190807C284,2019-08-05,2019-08-05 09:39:59,5.26,0.9981,100,5.17,0.981,115,5.06,0.9601,1,5.215,0.9895,40,0
SPY190807C284,2019-08-05,2019-08-05 09:39:59,5.24,0.9943,100,5.16,0.9791,151,5.06,0.9601,1,5.2,0.9867,40,0
SPY190807C284,2019-08-05,2019-08-05 09:40:00,5.26,0.9981,55,5.18,0.9829,5,5.06,0.9601,1,5.22,0.9905,40,0
SPY190807C284,2019-08-05,2019-08-05 09:40:00,5.25,0.9962,100,5.18,0.9829,5,5.06,0.9601,1,5.215,0.9895,40,0
SPY190807C284,2019-08-05,2019-08-05 09:40:01,5.25,0.9962,100,5.17,0.981,175,5.06,0.9601,1,5.21,0.9886,40,0
SPY190807C284,2019-08-05,2019-08-05 09:40:01,5.26,0.9981,73,5.18,0.9829,5,5.06,0.9601,1,5.22,0.9905,40,0
SPY190807C284,2019-08-05,2019-08-05 09:40:02,5.24,0.9943,100,5.18,0.9829,100,5.06,0.9601,1,5.21,0.9886,40,0
SPY190807C284,2019-08-05,2019-08-05 09:40:03,5.23,0.9924,129,5.15,0.9772,180,5.06,0.9601,1,5.19,0.9848,40,0
SPY190807C284,2019-08-05,2019-08-05 09:40:03,5.23,0.9924,134,5.15,0.9772,195,5.06,0.9601,1,5.19,0.9848,40,0
SPY190807C284,2019-08-05,2019-08-05 09:40:04,5.23,0.9924,71,5.16,0.9791,8,5.06,0.9601,1,5.195,0.9857,40,0
SPY190807C284,2019-08-05,2019-08-05 09:40:04,5.22,0.9905,144,5.16,0.9791,8,5.06,0.9601,1,5.19,0.9848,40,0
SPY190807C284,2019-08-05,2019-08-05 09:40:05,5.21,0.9886,5,5.16,0.9791,5,5.06,0.9601,1,5.185,0.9838,40,0
SPY190807C284,2019-08-05,2019-08-05 09:40:05,5.21,0.9886,142,5.16,0.9791,5,5.06,0.9601,1,5.185,0.9838,40,0
SPY190807C284,2019-08-05,2019-08-05 09:40:06,5.2,0.9867,100,5.16,0.9791,5,5.06,0.9601,1,5.18,0.9829,40,0
SPY190807C284,2019-08-05,2019-08-05 09:40:07,5.21,0.9886,5,5.16,0.9791,98,5.06,0.9601,1,5.185,0.9838,40,0
SPY190807C284,2019-08-05,2019-08-05 09:40:07,5.21,0.9886,147,5.16,0.9791,5,5.06,0.9601,1,5.185,0.9838,40,0
SPY190807C284,2019-08-05,2019-08-05 09:40:08,5.18,0.9829,180,5.12,0.9715,5,5.06,0.9601,1,5.15,0.9772,40,0
SPY190807C284,2019-08-05,2019-08-05 09:40:08,5.19,0.9848,100,5.11,0.9696,100,5.06,0.9601,1,5.15,0.9772,40,0
SPY190807C284,2019-08-05,2019-08-05 09:40:09,5.2,0.9867,100,5.12,0.9715,100,5.06,0.9601,1,5.16,0.9791,40,0
SPY190807C284,2019-08-05,2019-08-05 09:40:09,5.23,0.9924,75,5.14,0.9753,5,5.06,0.9601,1,5.185,0.9838,40,0
SPY190807C284,2019-08-05,2019-08-05 09:40:10,5.2,0.9867,100,5.13,0.9734,100,5.06,0.9601,1,5.165,0.98,40,0
SPY190807C284,2019-08-05,2019-08-05 09:40:10,5.19,0.9848,5,5.14,0.9753,5,5.06,0.9601,1,5.165,0.98,40,0
SPY190807C284,2019-08-05,2019-08-05 09:40:11,5.2,0.9867,55,5.13,0.9734,5,5.06,0.9601,1,5.165,0.98,40,0
SPY190807C284,2019-08-05,2019-08-05 09:40:11,5.2,0.9867,58,5.14,0.9753,5,5.06,0.9601,1,5.17,0.981,40,0
SPY190807C284,2019-08-05,2019-08-05 09:40:12,5.17,0.981,1,5.06,0.9601,103,5.06,0.9601,1,5.115,0.9705,40,0
SPY190807C284,2019-08-05,2019-08-05 09:40:12,5.2,0.9867,100,5.1,0.9677,100,5.06,0.9601,1,5.15,0.9772,40,0
SPY190807C284,2019-08-05,2019-08-05 09:40:13,5.16,0.9791,5,5.1,0.9677,180,5.06,0.9601,1,5.13,0.9734,40,0
SPY190807C284,2019-08-05,2019-08-05 09:40:13,5.17,0.981,180,5.09,0.9658,5,5.06,0.9601,1,5.13,0.9734,40,0
SPY190807C284,2019-08-05,2019-08-05 09:40:14,5.15,0.9772,100,5.06,0.9601,100,5.06,0.9601,1,5.105,0.9686,40,0
SPY190807C284,2019-08-05,2019-08-05 09:40:14,5.17,0.981,5,5.06,0.9601,5,5.06,0.9601,1,5.115,0.9705,40,0
SPY190807C284,2019-08-05,2019-08-05 09:40:15,5.14,0.9753,175,5.06,0.9601,5,5.06,0.9601,1,5.1,0.9677,40,0
SPY190807C284,2019-08-05,2019-08-05 09:40:15,5.13,0.9734,100,5.05,0.9582,15,5.06,0.9601,1,5.09,0.9658,40,0
SPY190807C284,2019-08-05,2019-08-05 09:40:16,5.1,0.9677,5,5.04,0.9563,100,5.06,0.9601,1,5.07,0.962,40,0
SPY190807C284,2019-08-05,2019-08-05 09:40:16,5.11,0.9696,105,5.05,0.9582,5,5.06,0.9601,1,5.08,0.9639,40,0
SPY190807C284,2019-08-05,2019-08-05 09:40:17,5.09,0.9658,5,5.03,0.9544,80,5.06,0.9601,1,5.06,0.9601,40,0
SPY190807C284,2019-08-05,2019-08-05 09:40:17,5.1,0.9677,5,5.04,0.9563,100,5.06,0.9601,1,5.07,0.962,40,0
SPY190807C284,2019-08-05,2019-08-05 09:40:18,5.08,0.9639,5,5.0,0.9487,175,5.06,0.9601,1,5.04,0.9563,40,0
SPY190807C284,2019-08-05,2019-08-05 09:40:19,5.08,0.9639,5,5.01,0.9506,180,5.06,0.9601,1,5.045,0.9573,40,0
SPY190807C284,2019-08-05,2019-08-05 09:40:19,5.09,0.9658,150,5.01,0.9506,100,5.06,0.9601,1,5.05,0.9582,40,0
SPY190807C284,2019-08-05,2019-08-05 09:40:20,5.07,0.962,136,5.01,0.9506,115,5.06,0.9601,1,5.04,0.9563,40,0
SPY190807C284,2019-08-05,2019-08-05 09:40:20,5.07,0.962,4,5.0,0.9487,175,5.06,0.9601,1,5.035,0.9554,40,0
SPY190807C284,2019-08-05,2019-08-05 09:40:21,5.06,0.9601,5,5.01,0.9506,115,5.06,0.9601,1,5.035,0.9554,40,0
SPY190807C284,2019-08-05,2019-08-05 09:40:21,5.05,0.9582,127,4.99,0.9468,100,5.06,0.9601,1,5.02,0.9525,40,0
SPY190807C284,2019-08-05,2019-08-05 09:40:22,5.04,0.9563,5,4.96,0.9411,175,5.06,0.9601,1,5.0,0.9487,40,0
SPY190807C284,2019-08-05,2019-08-05 09:40:22,5.05,0.9582,135,4.97,0.943,5,5.06,0.9601,1,5.01,0.9506,40,0
SPY190807C284,2019-08-05,2019-08-05 09:40:23,5.04,0.9563,5,4.97,0.943,5,5.06,0.9601,1,5.005,0.9497,40,0
SPY190807C284,2019-08-05,2019-08-05 09:40:23,5.05,0.9582,5,4.97,0.943,100,5.06,0.9601,1,5.01,0.9506,40,0
SPY190807C284,2019-08-05,2019-08-05 09:40:24,5.04,0.9563,5,4.97,0.943,104,5.06,0.9601,1,5.005,0.9497,40,0
SPY190807C284,2019-08-05,2019-08-05 09:40:24,5.03,0.9544,5,4.97,0.943,5,5.06,0.9601,1,5.0,0.9487,40,0
SPY190807C284,2019-08-05,2019-08-05 09:40:25,5.04,0.9563,175,4.98,0.9449,5,5.06,0.9601,1,5.01,0.9506,40,0
SPY190807C284,2019-08-05,2019-08-05 09:40:26,5.03,0.9544,129,4.98,0.9449,5,5.06,0.9601,1,5.005,0.9497,40,0
SPY190807C284,2019-08-05,2019-08-05 09:40:26,5.02,0.9525,5,4.96,0.9411,100,5.06,0.9601,1,4.99,0.9468,40,0
SPY190807C284,2019-08-05,2019-08-05 09:40:27,5.01,0.9506,142,4.94,0.9373,100,5.06,0.9601,1,4.975,0.944,40,0
SPY190807C284,2019-08-05,2019-08-05 09:40:27,5.01,0.9506,5,4.96,0.9411,100,5.06,0.9601,1,4.985,0.9459,40,0
SPY190807C284,2019-08-05,2019-08-05 09:40:28,4.99,0.9468,131,4.93,0.9354,5,5.06,0.9601,1,4.96,0.9411,40,0
SPY190807C284,2019-08-05,2019-08-05 09:40:28,5.01,0.9506,100,4.92,0.9335,100,5.06,0.9601,1,4.965,0.9421,40,0
SPY190807C284,2019-08-05,2019-08-05 09:40:29,5.0,0.9487,37,4.93,0.9354,88,5.06,0.9601,1,4.965,0.9421,40,0
SPY190807C284,2019-08-05,2019-08-05 09:40:29,5.01,0.9506,100,4.93,0.9354,88,5.06,0.9601,1,4.97,0.943,40,0
SPY190807C284,2019-08-05,2019-08-05 09:40:30,5.0,0.9487,37,4.93,0.9354,100,5.06,0.9601,1,4.965,0.9421,40,0
SPY190807C284,2019-08-05,2019-08-05 09:40:30,4.99,0.9468,5,4.93,0.9354,100,5.06,0.9601,1,4.96,0.9411,40,0
SPY190807C284,2019-08-05,2019-08-05 09:40:31,4.99,0.9468,182,4.93,0.9354,100,5.06,0.9601,1,4.96,0.9411,40,0
SPY190807C284,2019-08-05,2019-08-05 09:40:32,4.98,0.9449,5,4.91,0.9316,82,5.06,0.9601,1,4.945,0.9383,40,0
SPY190807C284,2019-08-05,2019-08-05 09:40:32,4.98,0.9449,5,4.92,0.9335,100,5.06,0.9601,1,4.95,0.9392,40,0
SPY190807C284,2019-08-05,2019-08-05 09:40:33,4.98,0.9449,5,4.92,0.9335,6,5.06,0.9601,1,4.95,0.9392,40,0
SPY190807C284,2019-08-05,2019-08-05 09:40:33,4.97,0.943,182,4.91,0.9316,78,5.06,0.9601,1,4.94,0.9373,40,0
SPY190807C284,2019-08-05,2019-08-05 09:40:34,4.94,0.9373,5,4.88,0.9259,115,5.06,0.9601,1,4.91,0.9316,40,0
SPY190807C284,2019-08-05,2019-08-05 09:40:34,4.95,0.9392,144,4.88,0.9259,5,5.06,0.9601,1,4.915,0.9326,40,0
SPY190807C284,2019-08-05,2019-08-05 09:40:35,4.94,0.9373,5,4.88,0.9259,115,5.06,0.9601,1,4.91,0.9316,40,0
SPY190807C284,2019-08-05,2019-08-05 09:40:36,4.98,0.9449,5,4.82,0.9146,5,5.06,0.9601,1,4.9,0.9297,40,0
SPY190807C284,2019-08-05,2019-08-05 09:40:36,4.95,0.9392,138,4.87,0.924,177,5.06,0.9601,1,4.91,0.9316,40,0
SPY190807C284,2019-08-05,2019-08-05 09:40:37,4.97,0.943,5,4.9,0.9297,177,5.06,0.9601,1,4.935,0.9364,40,0
SPY190807C284,2019-08-05,2019-08-05 09:40:37,4.98,0.9449,100,4.9,0.9297,5,5.06,0.9601,1,4.94,0.9373,40,0
SPY190807C284,2019-08-05,2019-08-05 09:40:38,4.97,0.943,5,4.91,0.9316,100,5.06,0.9601,1,4.94,0.9373,40,0
SPY190807C284,2019-08-05,2019-08-05 09:40:39,5.0,0.9487,177,4.92,0.9335,103,5.06,0.9601,1,4.96,0.9411,40,0
SPY190807C284,2019-08-05,2019-08-05 09:40:39,5.03,0.9544,5,4.96,0.9411,177,5.06,0.9601,1,4.995,0.9478,40,0
SPY190807C284,2019-08-05,2019-08-05 09:40:40,5.03,0.9544,182,4.95,0.9392,182,5.06,0.9601,1,4.99,0.9468,40,0
SPY190807C284,2019-08-05,2019-08-05 09:40:40,5.03,0.9544,5,4.96,0.9411,177,5.06,0.9601,1,4.995,0.9478,40,0
SPY190807C284,2019-08-05,2019-08-05 09:40:41,5.03,0.9544,182,4.95,0.9392,182,5.06,0.9601,1,4.99,0.9468,40,0
SPY190807C284,2019-08-05,2019-08-05 09:40:41,5.02,0.9525,182,4.96,0.9411,100,5.06,0.9601,1,4.99,0.9468,40,0
SPY190807C284,2019-08-05,2019-08-05 09:40:42,5.02,0.9525,182,4.96,0.9411,100,5.06,0.9601,1,4.99,0.9468,40,0
SPY190807C284,2019-08-05,2019-08-05 09:40:42,5.03,0.9544,5,4.97,0.943,100,5.06,0.9601,1,5.0,0.9487,40,0
SPY190807C284,2019-08-05,2019-08-05 09:40:43,5.03,0.9544,100,4.97,0.943,65,5.06,0.9601,1,5.0,0.9487,40,0
SPY190807C284,2019-08-05,2019-08-05 09:40:43,5.13,0.9734,227,4.97,0.943,65,5.06,0.9601,1,5.05,0.9582,40,0
SPY190807C284,2019-08-05,2019-08-05 09:40:44,5.01,0.9506,5,4.94,0.9373,182,5.06,0.9601,1,4.975,0.944,40,0
SPY190807C284,2019-08-05,2019-08-05 09:40:44,5.02,0.9525,182,4.97,0.943,65,5.06,0.9601,1,4.995,0.9478,40,0
SPY190807C284,2019-08-05,2019-08-05 09:40:45,5.02,0.9525,5,4.96,0.9411,5,5.06,0.9601,1,4.99,0.9468,40,0
SPY190807C284,2019-08-05,2019-08-05 09:40:45,5.01,0.9506,5,4.96,0.9411,5,5.06,0.9601,1,4.985,0.9459,40,0
SPY190807C284,2019-08-05,2019-08-05 09:40:46,5.03,0.9544,177,4.96,0.9411,5,5.06,0.9601,1,4.995,0.9478,40,0
SPY190807C284,2019-08-05,2019-08-05 09:40:47,5.03,0.9544,100,4.95,0.9392,100,5.06,0.9601,1,4.99,0.9468,40,0
SPY190807C284,2019-08-05,2019-08-05 09:40:47,5.03,0.9544,100,4.96,0.9411,2,5.06,0.9601,1,4.995,0.9478,40,0
SPY190807C284,2019-08-05,2019-08-05 09:40:48,5.04,0.9563,100,4.96,0.9411,182,5.06,0.9601,1,5.0,0.9487,40,0
SPY190807C284,2019-08-05,2019-08-05 09:40:48,5.04,0.9563,5,4.97,0.943,105,5.06,0.9601,1,5.005,0.9497,40,0
SPY190807C284,2019-08-05,2019-08-05 09:40:49,5.08,0.9639,100,4.99,0.9468,100,5.06,0.9601,1,5.035,0.9554,40,0
SPY190807C284,2019-08-05,2019-08-05 09:40:50,5.07,0.962,5,5.01,0.9506,173,5.06,0.9601,1,5.04,0.9563,40,0
SPY190807C284,2019-08-05,2019-08-05 09:40:50,5.07,0.962,5,5.0,0.9487,182,5.06,0.9601,1,5.035,0.9554,40,0
SPY190807C284,2019-08-05,2019-08-05 09:40:51,5.06,0.9601,5,5.0,0.9487,5,5.06,0.9601,1,5.03,0.9544,40,0
SPY190807C284,2019-08-05,2019-08-05 09:40:51,5.07,0.962,182,4.99,0.9468,82,5.06,0.9601,1,5.03,0.9544,40,0
SPY190807C284,2019-08-05,2019-08-05 09:40:52,5.06,0.9601,100,5.0,0.9487,78,5.06,0.9601,1,5.03,0.9544,40,0
SPY190807C284,2019-08-05,2019-08-05 09:40:52,5.06,0.9601,182,5.0,0.9487,78,5.06,0.9601,1,5.03,0.9544,40,0
SPY190807C284,2019-08-05,2019-08-05 09:40:53,5.08,0.9639,5,5.02,0.9525,5,5.06,0.9601,1,5.05,0.9582,40,0
SPY190807C284,2019-08-05,2019-08-05 09:40:53,5.05,0.9582,48,5.0,0.9487,5,5.06,0.9601,1,5.025,0.9535,40,0
SPY190807C284,2019-08-05,2019-08-05 09:40:54,5.1,0.9677,177,5.01,0.9506,197,5.06,0.9601,1,5.055,0.9592,40,0
SPY190807C284,2019-08-05,2019-08-05 09:40:54,5.08,0.9639,5,5.01,0.9506,197,5.06,0.9601,1,5.045,0.9573,40,0
SPY190807C284,2019-08-05,2019-08-05 09:40:55,5.06,0.9601,177,4.98,0.9449,5,5.06,0.9601,1,5.02,0.9525,40,0
SPY190807C284,2019-08-05,2019-08-05 09:40:55,5.07,0.962,5,5.0,0.9487,5,5.06,0.9601,1,5.035,0.9554,40,0
SPY190807C284,2019-08-05,2019-08-05 09:40:56,5.05,0.9582,177,4.98,0.9449,100,5.06,0.9601,1,5.015,0.9516,40,0
SPY190807C284,2019-08-05,2019-08-05 09:40:57,5.04,0.9563,182,4.97,0.943,100,5.06,0.9601,1,5.005,0.9497,40,0
SPY190807C284,2019-08-05,2019-08-05 09:40:57,5.04,0.9563,182,4.98,0.9449,40,5.06,0.9601,1,5.01,0.9506,40,0
SPY190807C284,2019-08-05,2019-08-05 09:40:58,5.03,0.9544,5,4.97,0.943,182,5.06,0.9601,1,5.0,0.9487,40,0
SPY190807C284,2019-08-05,2019-08-05 09:40:58,5.07,0.962,100,4.99,0.9468,100,5.06,0.9601,1,5.03,0.9544,40,0
SPY190807C284,2019-08-05,2019-08-05 09:40:59,5.06,0.9601,5,5.0,0.9487,5,5.06,0.9601,1,5.03,0.9544,40,0
SPY190807C284,2019-08-05,2019-08-05 09:40:59,5.06,0.9601,5,5.0,0.9487,37,5.06,0.9601,1,5.03,0.9544,40,0
SPY190807C284,2019-08-05,2019-08-05 09:41:00,5.08,0.9639,177,4.99,0.9468,183,5.06,0.9601,1,5.035,0.9554,40,0
SPY190807C284,2019-08-05,2019-08-05 09:41:00,5.06,0.9601,5,5.0,0.9487,5,5.06,0.9601,1,5.03,0.9544,40,0
SPY190807C284,2019-08-05,2019-08-05 09:41:01,5.07,0.962,5,5.0,0.9487,182,5.06,0.9601,1,5.035,0.9554,40,0
SPY190807C284,2019-08-05,2019-08-05 09:41:01,5.07,0.962,5,5.01,0.9506,5,5.06,0.9601,1,5.04,0.9563,40,0
SPY190807C284,2019-08-05,2019-08-05 09:41:02,5.07,0.962,5,5.01,0.9506,5,5.06,0.9601,1,5.04,0.9563,40,0
SPY190807C284,2019-08-05,2019-08-05 09:41:02,5.07,0.962,100,5.01,0.9506,45,5.06,0.9601,1,5.04,0.9563,40,0
SPY190807C284,2019-08-05,2019-08-05 09:41:03,5.05,0.9582,177,4.97,0.943,182,5.06,0.9601,1,5.01,0.9506,40,0
SPY190807C284,2019-08-05,2019-08-05 09:41:03,5.04,0.9563,5,4.97,0.943,8,5.06,0.9601,1,5.005,0.9497,40,0
SPY190807C284,2019-08-05,2019-08-05 09:41:04,5.05,0.9582,5,4.99,0.9468,177,5.06,0.9601,1,5.02,0.9525,40,0
SPY190807C284,2019-08-05,2019-08-05 09:41:04,5.05,0.9582,1,4.97,0.943,180,5.06,0.9601,1,5.01,0.9506,40,0
SPY190807C284,2019-08-05,2019-08-05 09:41:05,5.07,0.962,177,5.0,0.9487,5,5.06,0.9601,1,5.035,0.9554,40,0
SPY190807C284,2019-08-05,2019-08-05 09:41:05,5.05,0.9582,5,5.0,0.9487,177,5.06,0.9601,1,5.025,0.9535,40,0
SPY190807C284,2019-08-05,2019-08-05 09:41:06,5.06,0.9601,5,5.0,0.9487,4,5.06,0.9601,1,5.03,0.9544,40,0
SPY190807C284,2019-08-05,2019-08-05 09:41:06,5.06,0.9601,100,5.0,0.9487,5,5.06,0.9601,1,5.03,0.9544,40,0
SPY190807C284,2019-08-05,2019-08-05 09:41:07,5.06,0.9601,177,4.99,0.9468,5,5.06,0.9601,1,5.025,0.9535,40,0
SPY190807C284,2019-08-05,2019-08-05 09:41:07,5.06,0.9601,5,5.0,0.9487,4,5.06,0.9601,1,5.03,0.9544,40,0
SPY190807C284,2019-08-05,2019-08-05 09:41:08,5.06,0.9601,177,5.0,0.9487,5,5.06,0.9601,1,5.03,0.9544,40,0
SPY190807C284,2019-08-05,2019-08-05 09:41:08,5.05,0.9582,5,5.0,0.9487,5,5.06,0.9601,1,5.025,0.9535,40,0
SPY190807C284,2019-08-05,2019-08-05 09:41:09,5.09,0.9658,100,5.01,0.9506,182,5.06,0.9601,1,5.05,0.9582,40,0
SPY190807C284,2019-08-05,2019-08-05 09:41:10,5.07,0.962,177,4.99,0.9468,100,5.06,0.9601,1,5.03,0.9544,40,0
SPY190807C284,2019-08-05,2019-08-05 09:41:10,5.1,0.9677,177,5.02,0.9525,5,5.06,0.9601,1,5.06,0.9601,40,0
SPY190807C284,2019-08-05,2019-08-05 09:41:11,5.07,0.962,100,4.98,0.9449,192,5.06,0.9601,1,5.025,0.9535,40,0
SPY190807C284,2019-08-05,2019-08-05 09:41:12,5.07,0.962,100,4.98,0.9449,192,5.06,0.9601,1,5.025,0.9535,40,0
SPY190807C284,2019-08-05,2019-08-05 09:41:12,5.09,0.9658,177,5.02,0.9525,177,5.06,0.9601,1,5.055,0.9592,40,0
SPY190807C284,2019-08-05,2019-08-05 09:41:13,5.06,0.9601,5,4.94,0.9373,5,5.06,0.9601,1,5.0,0.9487,40,0
SPY190807C284,2019-08-05,2019-08-05 09:41:13,5.07,0.962,177,5.0,0.9487,5,5.06,0.9601,1,5.035,0.9554,40,0
SPY190807C284,2019-08-05,2019-08-05 09:41:14,5.06,0.9601,100,4.98,0.9449,115,5.06,0.9601,1,5.02,0.9525,40,0
SPY190807C284,2019-08-05,2019-08-05 09:41:14,5.06,0.9601,105,4.98,0.9449,100,5.06,0.9601,1,5.02,0.9525,40,0
SPY190807C284,2019-08-05,2019-08-05 09:41:15,5.06,0.9601,5,4.99,0.9468,182,5.06,0.9601,1,5.025,0.9535,40,0
SPY190807C284,2019-08-05,2019-08-05 09:41:15,5.05,0.9582,5,5.0,0.9487,5,5.06,0.9601,1,5.025,0.9535,40,0
SPY190807C284,2019-08-05,2019-08-05 09:41:16,5.07,0.962,100,5.01,0.9506,5,5.06,0.9601,1,5.04,0.9563,40,0
SPY190807C284,2019-08-05,2019-08-05 09:41:16,5.07,0.962,100,5.01,0.9506,68,5.06,0.9601,1,5.04,0.9563,40,0
SPY190807C284,2019-08-05,2019-08-05 09:41:17,5.08,0.9639,177,5.01,0.9506,5,5.06,0.9601,1,5.045,0.9573,40,0
SPY190807C284,2019-08-05,2019-08-05 09:41:18,5.07,0.962,182,5.0,0.9487,97,5.06,0.9601,1,5.035,0.9554,40,0
SPY190807C284,2019-08-05,2019-08-05 09:41:18,5.15,0.9772,60,4.95,0.9392,177,5.06,0.9601,1,5.05,0.9582,40,0
SPY190807C284,2019-08-05,2019-08-05 09:41:19,5.04,0.9563,6,4.96,0.9411,5,5.06,0.9601,1,5.0,0.9487,40,0
SPY190807C284,2019-08-05,2019-08-05 09:41:20,5.02,0.9525,5,4.97,0.943,5,5.06,0.9601,1,4.995,0.9478,40,0
SPY190807C284,2019-08-05,2019-08-05 09:41:20,5.03,0.9544,177,4.96,0.9411,5,5.06,0.9601,1,4.995,0.9478,40,0
SPY190807C284,2019-08-05,2019-08-05 09:41:21,5.02,0.9525,5,4.97,0.943,5,5.06,0.9601,1,4.995,0.9478,40,0
SPY190807C284,2019-08-05,2019-08-05 09:41:22,5.03,0.9544,101,4.96,0.9411,5,5.06,0.9601,1,4.995,0.9478,40,0
SPY190807C284,2019-08-05,2019-08-05 09:41:22,5.03,0.9544,5,4.97,0.943,197,5.06,0.9601,1,5.0,0.9487,40,0
SPY190807C284,2019-08-05,2019-08-05 09:41:23,5.04,0.9563,101,4.98,0.9449,5,5.06,0.9601,1,5.01,0.9506,40,0
SPY190807C284,2019-08-05,2019-08-05 09:41:23,5.03,0.9544,5,4.98,0.9449,5,5.06,0.9601,1,5.005,0.9497,40,0
SPY190807C284,2019-08-05,2019-08-05 09:41:24,5.05,0.9582,100,4.98,0.9449,185,5.06,0.9601,1,5.015,0.9516,40,0
SPY190807C284,2019-08-05,2019-08-05 09:41:24,5.04,0.9563,5,4.98,0.9449,5,5.06,0.9601,1,5.01,0.9506,40,0
SPY190807C284,2019-08-05,2019-08-05 09:41:25,5.04,0.9563,5,4.99,0.9468,56,5.06,0.9601,1,5.015,0.9516,40,0
SPY190807C284,2019-08-05,2019-08-05 09:41:25,5.05,0.9582,182,4.99,0.9468,5,5.06,0.9601,1,5.02,0.9525,40,0
SPY190807C284,2019-08-05,2019-08-05 09:41:26,5.05,0.9582,100,4.99,0.9468,100,5.06,0.9601,1,5.02,0.9525,40,0
SPY190807C284,2019-08-05,2019-08-05 09:41:26,5.06,0.9601,5,5.0,0.9487,5,5.06,0.9601,1,5.03,0.9544,40,0
SPY190807C284,2019-08-05,2019-08-05 09:41:27,5.07,0.962,82,5.01,0.9506,8,5.06,0.9601,1,5.04,0.9563,40,0
SPY190807C284,2019-08-05,2019-08-05 09:41:27,5.06,0.9601,5,5.0,0.9487,100,5.06,0.9601,1,5.03,0.9544,40,0
SPY190807C284,2019-08-05,2019-08-05 09:41:28,5.07,0.962,100,5.01,0.9506,9,5.06,0.9601,1,5.04,0.9563,40,0
SPY190807C284,2019-08-05,2019-08-05 09:41:28,5.08,0.9639,100,5.01,0.9506,100,5.06,0.9601,1,5.045,0.9573,40,0
SPY190807C284,2019-08-05,2019-08-05 09:41:29,5.07,0.962,5,5.02,0.9525,5,5.06,0.9601,1,5.045,0.9573,40,0
SPY190807C284,2019-08-05,2019-08-05 09:41:29,5.08,0.9639,5,5.02,0.9525,103,5.06,0.9601,1,5.05,0.9582,40,0
SPY190807C284,2019-08-05,2019-08-05 09:41:30,5.1,0.9677,182,5.02,0.9525,100,5.06,0.9601,1,5.06,0.9601,40,0
SPY190807C284,2019-08-05,2019-08-05 09:41:30,5.11,0.9696,100,5.03,0.9544,100,5.06,0.9601,1,5.07,0.962,40,0
SPY190807C284,2019-08-05,2019-08-05 09:41:31,5.1,0.9677,100,5.03,0.9544,137,5.06,0.9601,1,5.065,0.9611,40,0
SPY190807C284,2019-08-05,2019-08-05 09:41:31,5.1,0.9677,100,5.01,0.9506,100,5.06,0.9601,1,5.055,0.9592,40,0
SPY190807C284,2019-08-05,2019-08-05 09:41:32,5.09,0.9658,54,5.02,0.9525,100,5.06,0.9601,1,5.055,0.9592,40,0
SPY190807C284,2019-08-05,2019-08-05 09:41:32,5.09,0.9658,182,5.01,0.9506,177,5.06,0.9601,1,5.05,0.9582,40,0
SPY190807C284,2019-08-05,2019-08-05 09:41:33,5.1,0.9677,82,5.03,0.9544,183,5.06,0.9601,1,5.065,0.9611,40,0
SPY190807C284,2019-08-05,2019-08-05 09:41:33,5.11,0.9696,177,5.04,0.9563,5,5.06,0.9601,1,5.075,0.9629,40,0
SPY190807C284,2019-08-05,2019-08-05 09:41:34,5.11,0.9696,100,5.03,0.9544,100,5.06,0.9601,1,5.07,0.962,40,0
SPY190807C284,2019-08-05,2019-08-05 09:41:34,5.1,0.9677,182,5.04,0.9563,54,5.06,0.9601,1,5.07,0.962,40,0
SPY190807C284,2019-08-05,2019-08-05 09:41:35,5.09,0.9658,177,5.01,0.9506,5,5.06,0.9601,1,5.05,0.9582,40,0
SPY190807C284,2019-08-05,2019-08-05 09:41:35,5.1,0.9677,5,5.04,0.9563,6,5.06,0.9601,1,5.07,0.962,40,0
SPY190807C284,2019-08-05,2019-08-05 09:41:36,5.1,0.9677,100,5.03,0.9544,5,5.06,0.9601,1,5.065,0.9611,40,0
SPY190807C284,2019-08-05,2019-08-05 09:41:36,5.08,0.9639,5,5.01,0.9506,182,5.06,0.9601,1,5.045,0.9573,40,0
SPY190807C284,2019-08-05,2019-08-05 09:41:37,5.08,0.9639,177,4.99,0.9468,182,5.06,0.9601,1,5.035,0.9554,40,0
SPY190807C284,2019-08-05,2019-08-05 09:41:37,5.08,0.9639,177,5.02,0.9525,77,5.06,0.9601,1,5.05,0.9582,40,0
SPY190807C284,2019-08-05,2019-08-05 09:41:38,5.06,0.9601,5,5.0,0.9487,5,5.06,0.9601,1,5.03,0.9544,40,0
SPY190807C284,2019-08-05,2019-08-05 09:41:38,5.06,0.9601,177,5.0,0.9487,10,5.06,0.9601,1,5.03,0.9544,40,0
SPY190807C284,2019-08-05,2019-08-05 09:41:39,5.05,0.9582,5,4.99,0.9468,5,5.06,0.9601,1,5.02,0.9525,40,0
SPY190807C284,2019-08-05,2019-08-05 09:41:39,5.08,0.9639,177,4.99,0.9468,182,5.06,0.9601,1,5.035,0.9554,40,0
SPY190807C284,2019-08-05,2019-08-05 09:41:40,5.07,0.962,5,5.0,0.9487,5,5.06,0.9601,1,5.035,0.9554,40,0
SPY190807C284,2019-08-05,2019-08-05 09:41:41,5.15,0.9772,5,5.0,0.9487,8,5.06,0.9601,1,5.075,0.9629,40,0
SPY190807C284,2019-08-05,2019-08-05 09:41:41,5.06,0.9601,171,5.0,0.9487,100,5.06,0.9601,1,5.03,0.9544,40,0
SPY190807C284,2019-08-05,2019-08-05 09:41:42,5.07,0.962,100,5.0,0.9487,100,5.06,0.9601,1,5.035,0.9554,40,0
SPY190807C284,2019-08-05,2019-08-05 09:41:42,5.07,0.962,182,5.0,0.9487,8,5.06,0.9601,1,5.035,0.9554,40,0
SPY190807C284,2019-08-05,2019-08-05 09:41:43,5.06,0.9601,182,4.93,0.9354,5,5.06,0.9601,1,4.995,0.9478,40,0
SPY190807C284,2019-08-05,2019-08-05 09:41:43,5.06,0.9601,182,4.98,0.9449,185,5.06,0.9601,1,5.02,0.9525,40,0
SPY190807C284,2019-08-05,2019-08-05 09:41:44,5.06,0.9601,182,4.99,0.9468,8,5.06,0.9601,1,5.025,0.9535,40,0
SPY190807C284,2019-08-05,2019-08-05 09:41:44,5.05,0.9582,5,4.99,0.9468,136,5.06,0.9601,1,5.02,0.9525,40,0
SPY190807C284,2019-08-05,2019-08-05 09:41:45,5.05,0.9582,105,4.99,0.9468,5,5.06,0.9601,1,5.02,0.9525,40,0
SPY190807C284,2019-08-05,2019-08-05 09:41:45,5.05,0.9582,5,4.99,0.9468,100,5.06,0.9601,1,5.02,0.9525,40,0
SPY190807C284,2019-08-05,2019-08-05 09:41:46,5.05,0.9582,100,4.96,0.9411,100,5.06,0.9601,1,5.005,0.9497,40,0
SPY190807C284,2019-08-05,2019-08-05 09:41:46,5.05,0.9582,182,4.99,0.9468,5,5.06,0.9601,1,5.02,0.9525,40,0
SPY190807C284,2019-08-05,2019-08-05 09:41:47,5.02,0.9525,5,4.94,0.9373,37,5.06,0.9601,1,4.98,0.9449,40,0
SPY190807C284,2019-08-05,2019-08-05 09:41:47,5.05,0.9582,5,4.97,0.943,5,5.06,0.9601,1,5.01,0.9506,40,0
SPY190807C284,2019-08-05,2019-08-05 09:41:48,5.02,0.9525,5,4.96,0.9411,5,5.06,0.9601,1,4.99,0.9468,40,0
SPY190807C284,2019-08-05,2019-08-05 09:41:48,5.02,0.9525,5,4.97,0.943,5,5.06,0.9601,1,4.995,0.9478,40,0
SPY190807C284,2019-08-05,2019-08-05 09:41:49,5.02,0.9525,5,4.95,0.9392,5,5.06,0.9601,1,4.985,0.9459,40,0
SPY190807C284,2019-08-05,2019-08-05 09:41:49,5.02,0.9525,5,4.95,0.9392,177,5.06,0.9601,1,4.985,0.9459,40,0
SPY190807C284,2019-08-05,2019-08-05 09:41:50,5.01,0.9506,48,4.93,0.9354,177,5.06,0.9601,1,4.97,0.943,40,0
SPY190807C284,2019-08-05,2019-08-05 09:41:50,5.01,0.9506,55,4.95,0.9392,5,5.06,0.9601,1,4.98,0.9449,40,0
SPY190807C284,2019-08-05,2019-08-05 09:41:51,4.99,0.9468,182,4.93,0.9354,82,5.06,0.9601,1,4.96,0.9411,40,0
SPY190807C284,2019-08-05,2019-08-05 09:41:51,4.99,0.9468,182,4.93,0.9354,83,5.06,0.9601,1,4.96,0.9411,40,0
SPY190807C284,2019-08-05,2019-08-05 09:41:52,4.96,0.9411,177,4.87,0.924,197,5.06,0.9601,1,4.915,0.9326,40,0
SPY190807C284,2019-08-05,2019-08-05 09:41:52,4.98,0.9449,5,4.93,0.9354,83,5.06,0.9601,1,4.955,0.9402,40,0
SPY190807C284,2019-08-05,2019-08-05 09:41:53,4.95,0.9392,5,4.88,0.9259,95,5.06,0.9601,1,4.915,0.9326,40,0
SPY190807C284,2019-08-05,2019-08-05 09:41:53,4.95,0.9392,58,4.88,0.9259,49,5.06,0.9601,1,4.915,0.9326,40,0
SPY190807C284,2019-08-05,2019-08-05 09:41:54,4.94,0.9373,5,4.87,0.924,182,5.06,0.9601,1,4.905,0.9307,40,0
SPY190807C284,2019-08-05,2019-08-05 09:41:54,4.94,0.9373,5,4.87,0.924,192,5.06,0.9601,1,4.905,0.9307,40,0
SPY190807C284,2019-08-05,2019-08-05 09:41:55,4.94,0.9373,5,4.87,0.924,192,5.06,0.9601,1,4.905,0.9307,40,0
SPY190807C284,2019-08-05,2019-08-05 09:41:55,4.94,0.9373,5,4.88,0.9259,5,5.06,0.9601,1,4.91,0.9316,40,0
SPY190807C284,2019-08-05,2019-08-05 09:41:56,4.94,0.9373,5,4.88,0.9259,8,5.06,0.9601,1,4.91,0.9316,40,0
SPY190807C284,2019-08-05,2019-08-05 09:41:56,4.95,0.9392,100,4.87,0.924,100,5.06,0.9601,1,4.91,0.9316,40,0
SPY190807C284,2019-08-05,2019-08-05 09:41:57,4.96,0.9411,5,4.89,0.9278,182,5.06,0.9601,1,4.925,0.9345,40,0
SPY190807C284,2019-08-05,2019-08-05 09:41:57,4.94,0.9373,5,4.88,0.9259,8,5.06,0.9601,1,4.91,0.9316,40,0
SPY190807C284,2019-08-05,2019-08-05 09:41:58,4.96,0.9411,5,4.9,0.9297,5,5.06,0.9601,1,4.93,0.9354,40,0
SPY190807C284,2019-08-05,2019-08-05 09:41:58,4.96,0.9411,182,4.9,0.9297,5,5.06,0.9601,1,4.93,0.9354,40,0
SPY190807C284,2019-08-05,2019-08-05 09:41:59,4.96,0.9411,100,4.9,0.9297,8,5.06,0.9601,1,4.93,0.9354,40,0
SPY190807C284,2019-08-05,2019-08-05 09:41:59,4.96,0.9411,182,4.9,0.9297,5,5.06,0.9601,1,4.93,0.9354,40,0
SPY190807C284,2019-08-05,2019-08-05 09:42:00,4.95,0.9392,5,4.88,0.9259,77,5.06,0.9601,1,4.915,0.9326,40,0
SPY190807C284,2019-08-05,2019-08-05 09:42:00,4.96,0.9411,182,4.88,0.9259,5,5.06,0.9601,1,4.92,0.9335,40,0
SPY190807C284,2019-08-05,2019-08-05 09:42:01,4.95,0.9392,100,4.88,0.9259,100,5.06,0.9601,1,4.915,0.9326,40,0
SPY190807C284,2019-08-05,2019-08-05 09:42:01,4.95,0.9392,5,4.88,0.9259,7,5.06,0.9601,1,4.915,0.9326,40,0
SPY190807C284,2019-08-05,2019-08-05 09:42:02,4.94,0.9373,100,4.86,0.9222,5,5.06,0.9601,1,4.9,0.9297,40,0
SPY190807C284,2019-08-05,2019-08-05 09:42:02,4.95,0.9392,177,4.86,0.9222,5,5.06,0.9601,1,4.905,0.9307,40,0
SPY190807C284,2019-08-05,2019-08-05 09:42:03,4.94,0.9373,5,4.87,0.924,103,5.06,0.9601,1,4.905,0.9307,40,0
SPY190807C284,2019-08-05,2019-08-05 09:42:04,4.94,0.9373,5,4.86,0.9222,100,5.06,0.9601,1,4.9,0.9297,40,0
SPY190807C284,2019-08-05,2019-08-05 09:42:04,4.94,0.9373,105,4.87,0.924,5,5.06,0.9601,1,4.905,0.9307,40,0
SPY190807C284,2019-08-05,2019-08-05 09:42:05,4.94,0.9373,182,4.86,0.9222,197,5.06,0.9601,1,4.9,0.9297,40,0
SPY190807C284,2019-08-05,2019-08-05 09:42:06,4.94,0.9373,182,4.86,0.9222,5,5.06,0.9601,1,4.9,0.9297,40,0
SPY190807C284,2019-08-05,2019-08-05 09:42:06,4.93,0.9354,182,4.86,0.9222,5,5.06,0.9601,1,4.895,0.9288,40,0
SPY190807C284,2019-08-05,2019-08-05 09:42:07,4.93,0.9354,5,4.86,0.9222,5,5.06,0.9601,1,4.895,0.9288,40,0
SPY190807C284,2019-08-05,2019-08-05 09:42:08,4.92,0.9335,5,4.86,0.9222,100,5.06,0.9601,1,4.89,0.9278,40,0
SPY190807C284,2019-08-05,2019-08-05 09:42:09,4.93,0.9354,5,4.87,0.924,5,5.06,0.9601,1,4.9,0.9297,40,0
SPY190807C284,2019-08-05,2019-08-05 09:42:09,4.93,0.9354,70,4.87,0.924,100,5.06,0.9601,1,4.9,0.9297,40,0
SPY190807C284,2019-08-05,2019-08-05 09:42:10,4.94,0.9373,5,4.88,0.9259,5,5.06,0.9601,1,4.91,0.9316,40,0
SPY190807C284,2019-08-05,2019-08-05 09:42:10,4.93,0.9354,5,4.87,0.924,5,5.06,0.9601,1,4.9,0.9297,40,0
SPY190807C284,2019-08-05,2019-08-05 09:42:11,4.92,0.9335,5,4.87,0.924,5,5.06,0.9601,1,4.895,0.9288,40,0
SPY190807C284,2019-08-05,2019-08-05 09:42:11,4.92,0.9335,5,4.86,0.9222,100,5.06,0.9601,1,4.89,0.9278,40,0
SPY190807C284,2019-08-05,2019-08-05 09:42:12,4.9,0.9297,177,4.82,0.9146,177,5.06,0.9601,1,4.86,0.9222,40,0
SPY190807C284,2019-08-05,2019-08-05 09:42:13,4.89,0.9278,5,4.83,0.9165,8,5.06,0.9601,1,4.86,0.9222,40,0
SPY190807C284,2019-08-05,2019-08-05 09:42:13,4.9,0.9297,177,4.83,0.9165,8,5.06,0.9601,1,4.865,0.9231,40,0
SPY190807C284,2019-08-05,2019-08-05 09:42:14,4.9,0.9297,177,4.82,0.9146,177,5.06,0.9601,1,4.86,0.9222,40,0
SPY190807C284,2019-08-05,2019-08-05 09:42:14,4.9,0.9297,177,4.83,0.9165,97,5.06,0.9601,1,4.865,0.9231,40,0
SPY190807C284,2019-08-05,2019-08-05 09:42:15,4.89,0.9278,5,4.82,0.9146,5,5.06,0.9601,1,4.855,0.9212,40,0
SPY190807C284,2019-08-05,2019-08-05 09:42:16,4.88,0.9259,5,4.83,0.9165,5,5.06,0.9601,1,4.855,0.9212,40,0
SPY190807C284,2019-08-05,2019-08-05 09:42:17,4.89,0.9278,100,4.83,0.9165,5,5.06,0.9601,1,4.86,0.9222,40,0
SPY190807C284,2019-08-05,2019-08-05 09:42:17,4.88,0.9259,5,4.83,0.9165,41,5.06,0.9601,1,4.855,0.9212,40,0
SPY190807C284,2019-08-05,2019-08-05 09:42:18,4.89,0.9278,182,4.83,0.9165,82,5.06,0.9601,1,4.86,0.9222,40,0
SPY190807C284,2019-08-05,2019-08-05 09:42:18,4.89,0.9278,5,4.83,0.9165,62,5.06,0.9601,1,4.86,0.9222,40,0
SPY190807C284,2019-08-05,2019-08-05 09:42:19,4.89,0.9278,5,4.83,0.9165,62,5.06,0.9601,1,4.86,0.9222,40,0
SPY190807C284,2019-08-05,2019-08-05 09:42:19,4.89,0.9278,100,4.83,0.9165,45,5.06,0.9601,1,4.86,0.9222,40,0
SPY190807C284,2019-08-05,2019-08-05 09:42:20,4.94,0.9373,100,4.86,0.9222,177,5.06,0.9601,1,4.9,0.9297,40,0
SPY190807C284,2019-08-05,2019-08-05 09:42:20,4.89,0.9278,100,4.84,0.9184,5,5.06,0.9601,1,4.865,0.9231,40,0
SPY190807C284,2019-08-05,2019-08-05 09:42:21,4.94,0.9373,50,4.86,0.9222,65,5.06,0.9601,1,4.9,0.9297,40,0
SPY190807C284,2019-08-05,2019-08-05 09:42:21,4.95,0.9392,177,4.86,0.9222,177,5.06,0.9601,1,4.905,0.9307,40,0
SPY190807C284,2019-08-05,2019-08-05 09:42:22,4.91,0.9316,61,4.85,0.9203,103,5.06,0.9601,1,4.88,0.9259,40,0
SPY190807C284,2019-08-05,2019-08-05 09:42:22,4.92,0.9335,100,4.84,0.9184,100,5.06,0.9601,1,4.88,0.9259,40,0
SPY190807C284,2019-08-05,2019-08-05 09:42:23,4.94,0.9373,5,4.87,0.924,5,5.06,0.9601,1,4.905,0.9307,40,0
SPY190807C284,2019-08-05,2019-08-05 09:42:23,4.94,0.9373,177,4.86,0.9222,182,5.06,0.9601,1,4.9,0.9297,40,0
SPY190807C284,2019-08-05,2019-08-05 09:42:24,4.96,0.9411,100,4.89,0.9278,5,5.06,0.9601,1,4.925,0.9345,40,0
SPY190807C284,2019-08-05,2019-08-05 09:42:24,4.95,0.9392,5,4.89,0.9278,5,5.06,0.9601,1,4.92,0.9335,40,0
SPY190807C284,2019-08-05,2019-08-05 09:42:25,4.96,0.9411,177,4.89,0.9278,46,5.06,0.9601,1,4.925,0.9345,40,0
SPY190807C284,2019-08-05,2019-08-05 09:42:25,4.95,0.9392,5,4.88,0.9259,145,5.06,0.9601,1,4.915,0.9326,40,0
SPY190807C284,2019-08-05,2019-08-05 09:42:26,4.96,0.9411,100,4.89,0.9278,72,5.06,0.9601,1,4.925,0.9345,40,0
SPY190807C284,2019-08-05,2019-08-05 09:42:26,4.96,0.9411,177,4.89,0.9278,46,5.06,0.9601,1,4.925,0.9345,40,0
SPY190807C284,2019-08-05,2019-08-05 09:42:27,4.98,0.9449,100,4.89,0.9278,100,5.06,0.9601,1,4.935,0.9364,40,0
SPY190807C284,2019-08-05,2019-08-05 09:42:27,4.96,0.9411,82,4.91,0.9316,5,5.06,0.9601,1,4.935,0.9364,40,0
SPY190807C284,2019-08-05,2019-08-05 09:42:28,4.96,0.9411,82,4.88,0.9259,82,5.06,0.9601,1,4.92,0.9335,40,0
SPY190807C284,2019-08-05,2019-08-05 09:42:28,4.95,0.9392,177,4.88,0.9259,82,5.06,0.9601,1,4.915,0.9326,40,0
SPY190807C284,2019-08-05,2019-08-05 09:42:29,4.94,0.9373,100,4.88,0.9259,5,5.06,0.9601,1,4.91,0.9316,40,0
SPY190807C284,2019-08-05,2019-08-05 09:42:29,4.94,0.9373,177,4.86,0.9222,5,5.06,0.9601,1,4.9,0.9297,40,0
SPY190807C284,2019-08-05,2019-08-05 09:42:30,4.94,0.9373,177,4.86,0.9222,5,5.06,0.9601,1,4.9,0.9297,40,0
SPY190807C284,2019-08-05,2019-08-05 09:42:31,4.98,0.9449,177,4.9,0.9297,177,5.06,0.9601,1,4.94,0.9373,40,0
SPY190807C284,2019-08-05,2019-08-05 09:42:31,4.95,0.9392,5,4.78,0.907,582,5.06,0.9601,1,4.865,0.9231,40,0
SPY190807C284,2019-08-05,2019-08-05 09:42:32,4.94,0.9373,100,4.87,0.924,5,5.06,0.9601,1,4.905,0.9307,40,0
SPY190807C284,2019-08-05,2019-08-05 09:42:32,4.97,0.943,5,4.91,0.9316,68,5.06,0.9601,1,4.94,0.9373,40,0
SPY190807C284,2019-08-05,2019-08-05 09:42:33,4.96,0.9411,177,4.88,0.9259,77,5.06,0.9601,1,4.92,0.9335,40,0
SPY190807C284,2019-08-05,2019-08-05 09:42:33,4.99,0.9468,5,4.88,0.9259,5,5.06,0.9601,1,4.935,0.9364,40,0
SPY190807C284,2019-08-05,2019-08-05 09:42:34,4.96,0.9411,177,4.89,0.9278,5,5.06,0.9601,1,4.925,0.9345,40,0
SPY190807C284,2019-08-05,2019-08-05 09:42:34,4.95,0.9392,5,4.89,0.9278,5,5.06,0.9601,1,4.92,0.9335,40,0
SPY190807C284,2019-08-05,2019-08-05 09:42:35,4.96,0.9411,177,4.87,0.924,192,5.06,0.9601,1,4.915,0.9326,40,0
SPY190807C284,2019-08-05,2019-08-05 09:42:35,4.96,0.9411,5,4.89,0.9278,5,5.06,0.9601,1,4.925,0.9345,40,0
SPY190807C284,2019-08-05,2019-08-05 09:42:36,4.95,0.9392,182,4.88,0.9259,5,5.06,0.9601,1,4.915,0.9326,40,0
SPY190807C284,2019-08-05,2019-08-05 09:42:36,4.93,0.9354,177,4.85,0.9203,177,5.06,0.9601,1,4.89,0.9278,40,0
SPY190807C284,2019-08-05,2019-08-05 09:42:37,4.92,0.9335,100,4.83,0.9165,115,5.06,0.9601,1,4.875,0.925,40,0
SPY190807C284,2019-08-05,2019-08-05 09:42:37,4.91,0.9316,5,4.84,0.9184,5,5.06,0.9601,1,4.875,0.925,40,0
SPY190807C284,2019-08-05,2019-08-05 09:42:38,4.91,0.9316,5,4.84,0.9184,10,5.06,0.9601,1,4.875,0.925,40,0
SPY190807C284,2019-08-05,2019-08-05 09:42:38,4.91,0.9316,100,4.84,0.9184,100,5.06,0.9601,1,4.875,0.925,40,0
SPY190807C284,2019-08-05,2019-08-05 09:42:39,4.9,0.9297,5,4.84,0.9184,5,5.06,0.9601,1,4.87,0.924,40,0
SPY190807C284,2019-08-05,2019-08-05 09:42:39,4.89,0.9278,5,4.84,0.9184,5,5.06,0.9601,1,4.865,0.9231,40,0
SPY190807C284,2019-08-05,2019-08-05 09:42:40,4.9,0.9297,5,4.84,0.9184,5,5.06,0.9601,1,4.87,0.924,40,0
SPY190807C284,2019-08-05,2019-08-05 09:42:40,4.9,0.9297,5,4.85,0.9203,5,5.06,0.9601,1,4.875,0.925,40,0
SPY190807C284,2019-08-05,2019-08-05 09:42:41,4.9,0.9297,5,4.85,0.9203,5,5.06,0.9601,1,4.875,0.925,40,0
SPY190807C284,2019-08-05,2019-08-05 09:42:42,4.92,0.9335,100,4.83,0.9165,100,5.06,0.9601,1,4.875,0.925,40,0
SPY190807C284,2019-08-05,2019-08-05 09:42:42,4.93,0.9354,100,4.84,0.9184,100,5.06,0.9601,1,4.885,0.9269,40,0
SPY190807C284,2019-08-05,2019-08-05 09:42:43,4.91,0.9316,5,4.84,0.9184,5,5.06,0.9601,1,4.875,0.925,40,0
SPY190807C284,2019-08-05,2019-08-05 09:42:43,4.92,0.9335,5,4.85,0.9203,5,5.06,0.9601,1,4.885,0.9269,40,0
SPY190807C284,2019-08-05,2019-08-05 09:42:44,4.93,0.9354,177,4.84,0.9184,177,5.06,0.9601,1,4.885,0.9269,40,0
SPY190807C284,2019-08-05,2019-08-05 09:42:44,4.92,0.9335,5,4.85,0.9203,197,5.06,0.9601,1,4.885,0.9269,40,0
SPY190807C284,2019-08-05,2019-08-05 09:42:45,4.94,0.9373,177,4.84,0.9184,100,5.06,0.9601,1,4.89,0.9278,40,0
SPY190807C284,2019-08-05,2019-08-05 09:42:45,4.96,0.9411,5,4.86,0.9222,5,5.06,0.9601,1,4.91,0.9316,40,0
SPY190807C284,2019-08-05,2019-08-05 09:42:46,4.95,0.9392,177,4.87,0.924,5,5.06,0.9601,1,4.91,0.9316,40,0
SPY190807C284,2019-08-05,2019-08-05 09:42:46,4.93,0.9354,5,4.86,0.9222,177,5.06,0.9601,1,4.895,0.9288,40,0
SPY190807C284,2019-08-05,2019-08-05 09:42:47,4.95,0.9392,177,4.87,0.924,77,5.06,0.9601,1,4.91,0.9316,40,0
SPY190807C284,2019-08-05,2019-08-05 09:42:47,4.93,0.9354,5,4.86,0.9222,5,5.06,0.9601,1,4.895,0.9288,40,0
SPY190807C284,2019-08-05,2019-08-05 09:42:48,4.91,0.9316,5,4.85,0.9203,5,5.06,0.9601,1,4.88,0.9259,40,0
SPY190807C284,2019-08-05,2019-08-05 09:42:48,4.92,0.9335,100,4.84,0.9184,100,5.06,0.9601,1,4.88,0.9259,40,0
SPY190807C284,2019-08-05,2019-08-05 09:42:49,4.92,0.9335,182,4.84,0.9184,182,5.06,0.9601,1,4.88,0.9259,40,0
SPY190807C284,2019-08-05,2019-08-05 09:42:50,4.9,0.9297,140,4.82,0.9146,100,5.06,0.9601,1,4.86,0.9222,40,0
SPY190807C284,2019-08-05,2019-08-05 09:42:50,4.92,0.9335,182,4.84,0.9184,182,5.06,0.9601,1,4.88,0.9259,40,0
SPY190807C284,2019-08-05,2019-08-05 09:42:51,4.87,0.924,5,4.82,0.9146,50,5.06,0.9601,1,4.845,0.9193,40,0
SPY190807C284,2019-08-05,2019-08-05 09:42:52,4.87,0.924,135,4.81,0.9127,100,5.06,0.9601,1,4.84,0.9184,40,0
SPY190807C284,2019-08-05,2019-08-05 09:42:52,4.86,0.9222,5,4.8,0.9108,5,5.06,0.9601,1,4.83,0.9165,40,0
SPY190807C284,2019-08-05,2019-08-05 09:42:53,4.86,0.9222,5,4.8,0.9108,8,5.06,0.9601,1,4.83,0.9165,40,0
SPY190807C284,2019-08-05,2019-08-05 09:42:53,4.86,0.9222,182,4.79,0.9089,100,5.06,0.9601,1,4.825,0.9155,40,0
SPY190807C284,2019-08-05,2019-08-05 09:42:54,4.85,0.9203,5,4.79,0.9089,5,5.06,0.9601,1,4.82,0.9146,40,0
SPY190807C284,2019-08-05,2019-08-05 09:42:54,4.85,0.9203,5,4.79,0.9089,8,5.06,0.9601,1,4.82,0.9146,40,0
SPY190807C284,2019-08-05,2019-08-05 09:42:55,4.85,0.9203,5,4.79,0.9089,5,5.06,0.9601,1,4.82,0.9146,40,0
SPY190807C284,2019-08-05,2019-08-05 09:42:55,4.85,0.9203,5,4.79,0.9089,103,5.06,0.9601,1,4.82,0.9146,40,0
SPY190807C284,2019-08-05,2019-08-05 09:42:56,4.86,0.9222,100,4.79,0.9089,177,5.06,0.9601,1,4.825,0.9155,40,0
SPY190807C284,2019-08-05,2019-08-05 09:42:56,4.85,0.9203,5,4.8,0.9108,8,5.06,0.9601,1,4.825,0.9155,40,0
SPY190807C284,2019-08-05,2019-08-05 09:42:57,4.84,0.9184,182,4.77,0.9051,5,5.06,0.9601,1,4.805,0.9117,40,0
SPY190807C284,2019-08-05,2019-08-05 09:42:57,4.85,0.9203,100,4.76,0.9032,100,5.06,0.9601,1,4.805,0.9117,40,0
SPY190807C284,2019-08-05,2019-08-05 09:42:58,4.84,0.9184,146,4.77,0.9051,61,5.06,0.9601,1,4.805,0.9117,40,0
SPY190807C284,2019-08-05,2019-08-05 09:42:59,4.82,0.9146,100,4.78,0.907,1,5.06,0.9601,1,4.8,0.9108,40,0
SPY190807C284,2019-08-05,2019-08-05 09:42:59,4.83,0.9165,5,4.77,0.9051,89,5.06,0.9601,1,4.8,0.9108,40,0
SPY190807C284,2019-08-05,2019-08-05 09:43:00,4.82,0.9146,100,4.77,0.9051,47,5.06,0.9601,1,4.795,0.9098,40,0
SPY190807C284,2019-08-05,2019-08-05 09:43:00,4.82,0.9146,100,4.77,0.9051,74,5.06,0.9601,1,4.795,0.9098,40,0
SPY190807C284,2019-08-05,2019-08-05 09:43:01,4.84,0.9184,177,4.69,0.8899,10,5.06,0.9601,1,4.765,0.9041,40,0
SPY190807C284,2019-08-05,2019-08-05 09:43:01,4.84,0.9184,5,4.78,0.907,177,5.06,0.9601,1,4.81,0.9127,40,0
SPY190807C284,2019-08-05,2019-08-05 09:43:02,4.85,0.9203,100,4.79,0.9089,6,5.06,0.9601,1,4.82,0.9146,40,0
SPY190807C284,2019-08-05,2019-08-05 09:43:02,4.85,0.9203,5,4.78,0.907,182,5.06,0.9601,1,4.815,0.9136,40,0
SPY190807C284,2019-08-05,2019-08-05 09:43:03,4.82,0.9146,100,4.75,0.9013,127,5.06,0.9601,1,4.785,0.9079,40,0
SPY190807C284,2019-08-05,2019-08-05 09:43:03,4.82,0.9146,177,4.74,0.8994,5,5.06,0.9601,1,4.78,0.907,40,0
SPY190807C284,2019-08-05,2019-08-05 09:43:04,4.82,0.9146,100,4.75,0.9013,127,5.06,0.9601,1,4.785,0.9079,40,0
SPY190807C284,2019-08-05,2019-08-05 09:43:04,4.84,0.9184,177,4.76,0.9032,5,5.06,0.9601,1,4.8,0.9108,40,0
SPY190807C284,2019-08-05,2019-08-05 09:43:05,4.82,0.9146,5,4.77,0.9051,61,5.06,0.9601,1,4.795,0.9098,40,0
SPY190807C284,2019-08-05,2019-08-05 09:43:05,4.83,0.9165,100,4.77,0.9051,70,5.06,0.9601,1,4.8,0.9108,40,0
SPY190807C284,2019-08-05,2019-08-05 09:43:06,4.82,0.9146,5,4.77,0.9051,61,5.06,0.9601,1,4.795,0.9098,40,0
SPY190807C284,2019-08-05,2019-08-05 09:43:06,4.82,0.9146,62,4.77,0.9051,100,5.06,0.9601,1,4.795,0.9098,40,0
SPY190807C284,2019-08-05,2019-08-05 09:43:07,4.82,0.9146,5,4.77,0.9051,100,5.06,0.9601,1,4.795,0.9098,40,0
SPY190807C284,2019-08-05,2019-08-05 09:43:07,4.82,0.9146,62,4.77,0.9051,65,5.06,0.9601,1,4.795,0.9098,40,0
SPY190807C284,2019-08-05,2019-08-05 09:43:08,4.83,0.9165,106,4.78,0.907,5,5.06,0.9601,1,4.805,0.9117,40,0
SPY190807C284,2019-08-05,2019-08-05 09:43:08,4.83,0.9165,5,4.77,0.9051,5,5.06,0.9601,1,4.8,0.9108,40,0
SPY190807C284,2019-08-05,2019-08-05 09:43:09,4.84,0.9184,100,4.77,0.9051,8,5.06,0.9601,1,4.805,0.9117,40,0
SPY190807C284,2019-08-05,2019-08-05 09:43:10,4.83,0.9165,5,4.77,0.9051,8,5.06,0.9601,1,4.8,0.9108,40,0
SPY190807C284,2019-08-05,2019-08-05 09:43:10,4.84,0.9184,5,4.77,0.9051,5,5.06,0.9601,1,4.805,0.9117,40,0
SPY190807C284,2019-08-05,2019-08-05 09:43:11,4.83,0.9165,8,4.76,0.9032,192,5.06,0.9601,1,4.795,0.9098,40,0
SPY190807C284,2019-08-05,2019-08-05 09:43:11,4.85,0.9203,5,4.77,0.9051,5,5.06,0.9601,1,4.81,0.9127,40,0
SPY190807C284,2019-08-05,2019-08-05 09:43:12,4.84,0.9184,182,4.77,0.9051,182,5.06,0.9601,1,4.805,0.9117,40,0
SPY190807C284,2019-08-05,2019-08-05 09:43:12,4.84,0.9184,182,4.78,0.907,105,5.06,0.9601,1,4.81,0.9127,40,0
SPY190807C284,2019-08-05,2019-08-05 09:43:13,4.84,0.9184,5,4.71,0.8937,5,5.06,0.9601,1,4.775,0.906,40,0
SPY190807C284,2019-08-05,2019-08-05 09:43:13,4.84,0.9184,64,4.78,0.907,100,5.06,0.9601,1,4.81,0.9127,40,0
SPY190807C284,2019-08-05,2019-08-05 09:43:14,4.86,0.9222,82,4.79,0.9089,5,5.06,0.9601,1,4.825,0.9155,40,0
SPY190807C284,2019-08-05,2019-08-05 09:43:15,4.86,0.9222,100,4.8,0.9108,5,5.06,0.9601,1,4.83,0.9165,40,0
SPY190807C284,2019-08-05,2019-08-05 09:43:15,4.86,0.9222,97,4.79,0.9089,184,5.06,0.9601,1,4.825,0.9155,40,0
SPY190807C284,2019-08-05,2019-08-05 09:43:16,4.86,0.9222,47,4.79,0.9089,5,5.06,0.9601,1,4.825,0.9155,40,0
SPY190807C284,2019-08-05,2019-08-05 09:43:16,4.86,0.9222,82,4.8,0.9108,100,5.06,0.9601,1,4.83,0.9165,40,0
SPY190807C284,2019-08-05,2019-08-05 09:43:17,4.86,0.9222,29,4.79,0.9089,122,5.06,0.9601,1,4.825,0.9155,40,0
SPY190807C284,2019-08-05,2019-08-05 09:43:18,4.83,0.9165,5,4.74,0.8994,192,5.06,0.9601,1,4.785,0.9079,40,0
SPY190807C284,2019-08-05,2019-08-05 09:43:18,4.88,0.9259,363,4.67,0.8861,391,5.06,0.9601,1,4.775,0.906,40,0
SPY190807C284,2019-08-05,2019-08-05 09:43:19,4.83,0.9165,5,4.76,0.9032,177,5.06,0.9601,1,4.795,0.9098,40,0
SPY190807C284,2019-08-05,2019-08-05 09:43:19,4.83,0.9165,5,4.75,0.9013,22,5.06,0.9601,1,4.79,0.9089,40,0
SPY190807C284,2019-08-05,2019-08-05 09:43:20,4.83,0.9165,182,4.76,0.9032,5,5.06,0.9601,1,4.795,0.9098,40,0
SPY190807C284,2019-08-05,2019-08-05 09:43:20,4.85,0.9203,177,4.76,0.9032,100,5.06,0.9601,1,4.805,0.9117,40,0
SPY190807C284,2019-08-05,2019-08-05 09:43:21,4.81,0.9127,177,4.75,0.9013,5,5.06,0.9601,1,4.78,0.907,40,0
SPY190807C284,2019-08-05,2019-08-05 09:43:21,4.8,0.9108,5,4.73,0.8975,100,5.06,0.9601,1,4.765,0.9041,40,0
SPY190807C284,2019-08-05,2019-08-05 09:43:22,4.8,0.9108,103,4.72,0.8956,177,5.06,0.9601,1,4.76,0.9032,40,0
SPY190807C284,2019-08-05,2019-08-05 09:43:22,4.79,0.9089,5,4.72,0.8956,182,5.06,0.9601,1,4.755,0.9022,40,0
SPY190807C284,2019-08-05,2019-08-05 09:43:23,4.8,0.9108,100,4.73,0.8975,100,5.06,0.9601,1,4.765,0.9041,40,0
