symbol,Date,quote_time,ask_price,norm_ask_price,ask_size,bid_price,norm_bid_price,bid_size,last_trade_price,norm_last_trade_price,last_trade_size,mark_price,norm_mark_price,volume,Volume
SPY190724C298,2019-07-23,2019-07-23 09:30:52,1.46,1.0,2,1.44,0.9863,100,1.45,0.9931,2,1.45,0.9931,236,236
SPY190724C298,2019-07-23,2019-07-23 09:30:53,1.46,1.0,2,1.44,0.9863,100,1.45,0.9931,2,1.45,0.9931,236,0
SPY190724C298,2019-07-23,2019-07-23 09:30:53,1.46,1.0,2,1.44,0.9863,110,1.45,0.9931,2,1.45,0.9931,236,0
SPY190724C298,2019-07-23,2019-07-23 09:30:54,1.46,1.0,2,1.44,0.9863,100,1.45,0.9931,2,1.45,0.9931,236,0
SPY190724C298,2019-07-23,2019-07-23 09:30:55,1.46,1.0,110,1.42,0.9726,110,1.45,0.9931,100,1.44,0.9863,336,0
SPY190724C298,2019-07-23,2019-07-23 09:30:55,1.45,0.9931,1,1.43,0.9794,68,1.45,0.9931,100,1.44,0.9863,336,100
SPY190724C298,2019-07-23,2019-07-23 09:30:56,1.46,1.0,111,1.42,0.9726,110,1.45,0.9931,100,1.44,0.9863,336,0
SPY190724C298,2019-07-23,2019-07-23 09:30:56,1.46,1.0,117,1.42,0.9726,110,1.45,0.9931,100,1.44,0.9863,336,0
SPY190724C298,2019-07-23,2019-07-23 09:30:57,1.44,0.9863,2,1.41,0.9657,1,1.4,0.9589,10,1.425,0.976,446,110
SPY190724C298,2019-07-23,2019-07-23 09:30:57,1.46,1.0,62,1.4,0.9589,100,1.45,0.9931,100,1.43,0.9794,336,0
SPY190724C298,2019-07-23,2019-07-23 09:30:58,1.44,0.9863,153,1.4,0.9589,328,1.4,0.9589,81,1.42,0.9726,937,491
SPY190724C298,2019-07-23,2019-07-23 09:30:59,1.44,0.9863,10,1.4,0.9589,475,1.4,0.9589,1,1.42,0.9726,938,1
SPY190724C298,2019-07-23,2019-07-23 09:30:59,1.44,0.9863,2,1.4,0.9589,485,1.4,0.9589,1,1.42,0.9726,938,0
SPY190724C298,2019-07-23,2019-07-23 09:31:00,1.44,0.9863,7,1.4,0.9589,485,1.4,0.9589,1,1.42,0.9726,938,0
SPY190724C298,2019-07-23,2019-07-23 09:31:00,1.44,0.9863,20,1.4,0.9589,103,1.4,0.9589,1,1.42,0.9726,938,0
SPY190724C298,2019-07-23,2019-07-23 09:31:01,1.44,0.9863,100,1.4,0.9589,93,1.4,0.9589,1,1.42,0.9726,938,0
SPY190724C298,2019-07-23,2019-07-23 09:31:01,1.44,0.9863,100,1.4,0.9589,100,1.4,0.9589,1,1.42,0.9726,938,0
SPY190724C298,2019-07-23,2019-07-23 09:31:02,1.44,0.9863,100,1.4,0.9589,100,1.4,0.9589,1,1.42,0.9726,938,0
SPY190724C298,2019-07-23,2019-07-23 09:31:03,1.44,0.9863,109,1.39,0.952,75,1.4,0.9589,1,1.415,0.9691,938,0
SPY190724C298,2019-07-23,2019-07-23 09:31:03,1.44,0.9863,109,1.4,0.9589,103,1.4,0.9589,1,1.42,0.9726,938,0
SPY190724C298,2019-07-23,2019-07-23 09:31:04,1.43,0.9794,1,1.39,0.952,2,1.41,0.9657,6,1.41,0.9657,944,6
SPY190724C298,2019-07-23,2019-07-23 09:31:04,1.44,0.9863,155,1.39,0.952,59,1.41,0.9657,6,1.415,0.9691,944,0
SPY190724C298,2019-07-23,2019-07-23 09:31:05,1.42,0.9726,11,1.39,0.952,78,1.41,0.9657,6,1.405,0.9623,944,0
SPY190724C298,2019-07-23,2019-07-23 09:31:05,1.42,0.9726,1,1.39,0.952,10,1.41,0.9657,6,1.405,0.9623,944,0
SPY190724C298,2019-07-23,2019-07-23 09:31:06,1.42,0.9726,11,1.39,0.952,13,1.41,0.9657,6,1.405,0.9623,944,0
SPY190724C298,2019-07-23,2019-07-23 09:31:06,1.42,0.9726,11,1.39,0.952,52,1.41,0.9657,6,1.405,0.9623,944,0
SPY190724C298,2019-07-23,2019-07-23 09:31:07,1.42,0.9726,11,1.39,0.952,52,1.41,0.9657,6,1.405,0.9623,944,0
SPY190724C298,2019-07-23,2019-07-23 09:31:08,1.42,0.9726,11,1.39,0.952,19,1.41,0.9657,6,1.405,0.9623,944,0
SPY190724C298,2019-07-23,2019-07-23 09:31:08,1.42,0.9726,11,1.39,0.952,80,1.41,0.9657,6,1.405,0.9623,944,0
SPY190724C298,2019-07-23,2019-07-23 09:31:09,1.41,0.9657,5,1.4,0.9589,110,1.41,0.9657,6,1.405,0.9623,944,0
SPY190724C298,2019-07-23,2019-07-23 09:31:09,1.41,0.9657,5,1.39,0.952,80,1.41,0.9657,6,1.4,0.9589,944,0
SPY190724C298,2019-07-23,2019-07-23 09:31:10,1.42,0.9726,1,1.4,0.9589,100,1.41,0.9657,5,1.41,0.9657,951,7
SPY190724C298,2019-07-23,2019-07-23 09:31:11,1.44,0.9863,2,1.41,0.9657,42,1.42,0.9726,1,1.425,0.976,1022,71
SPY190724C298,2019-07-23,2019-07-23 09:31:11,1.42,0.9726,1,1.4,0.9589,100,1.41,0.9657,5,1.41,0.9657,951,0
SPY190724C298,2019-07-23,2019-07-23 09:31:12,1.44,0.9863,2,1.41,0.9657,76,1.42,0.9726,1,1.425,0.976,1063,1
SPY190724C298,2019-07-23,2019-07-23 09:31:12,1.44,0.9863,2,1.41,0.9657,76,1.43,0.9794,40,1.425,0.976,1062,40
SPY190724C298,2019-07-23,2019-07-23 09:31:13,1.44,0.9863,2,1.41,0.9657,71,1.41,0.9657,1,1.425,0.976,1066,3
SPY190724C298,2019-07-23,2019-07-23 09:31:13,1.44,0.9863,2,1.42,0.9726,1,1.41,0.9657,1,1.43,0.9794,1066,0
SPY190724C298,2019-07-23,2019-07-23 09:31:14,1.44,0.9863,2,1.42,0.9726,2,1.41,0.9657,1,1.43,0.9794,1066,0
SPY190724C298,2019-07-23,2019-07-23 09:31:15,1.44,0.9863,2,1.42,0.9726,1,1.41,0.9657,1,1.43,0.9794,1066,0
SPY190724C298,2019-07-23,2019-07-23 09:31:16,1.44,0.9863,2,1.42,0.9726,2,1.42,0.9726,4,1.43,0.9794,1075,9
SPY190724C298,2019-07-23,2019-07-23 09:31:16,1.44,0.9863,2,1.42,0.9726,1,1.41,0.9657,1,1.43,0.9794,1066,0
SPY190724C298,2019-07-23,2019-07-23 09:31:17,1.44,0.9863,2,1.42,0.9726,2,1.42,0.9726,4,1.43,0.9794,1075,0
SPY190724C298,2019-07-23,2019-07-23 09:31:18,1.44,0.9863,2,1.42,0.9726,2,1.42,0.9726,4,1.43,0.9794,1075,0
SPY190724C298,2019-07-23,2019-07-23 09:31:19,1.43,0.9794,5,1.39,0.952,1,1.42,0.9726,4,1.41,0.9657,1075,0
SPY190724C298,2019-07-23,2019-07-23 09:31:19,1.43,0.9794,1,1.39,0.952,1,1.42,0.9726,4,1.41,0.9657,1075,0
SPY190724C298,2019-07-23,2019-07-23 09:31:20,1.43,0.9794,1,1.38,0.9452,79,1.42,0.9726,4,1.405,0.9623,1075,0
SPY190724C298,2019-07-23,2019-07-23 09:31:20,1.41,0.9657,1,1.38,0.9452,8,1.42,0.9726,4,1.395,0.9554,1075,0
SPY190724C298,2019-07-23,2019-07-23 09:31:21,1.41,0.9657,1,1.38,0.9452,10,1.39,0.952,2,1.395,0.9554,1077,0
SPY190724C298,2019-07-23,2019-07-23 09:31:21,1.41,0.9657,5,1.38,0.9452,8,1.39,0.952,2,1.395,0.9554,1077,2
SPY190724C298,2019-07-23,2019-07-23 09:31:22,1.41,0.9657,1,1.38,0.9452,24,1.39,0.952,2,1.395,0.9554,1077,0
SPY190724C298,2019-07-23,2019-07-23 09:31:22,1.41,0.9657,1,1.4,0.9589,1,1.39,0.952,2,1.405,0.9623,1077,0
SPY190724C298,2019-07-23,2019-07-23 09:31:23,1.41,0.9657,1,1.39,0.952,1,1.39,0.952,2,1.4,0.9589,1079,2
SPY190724C298,2019-07-23,2019-07-23 09:31:24,1.4,0.9589,1,1.38,0.9452,10,1.39,0.952,2,1.39,0.952,1079,0
SPY190724C298,2019-07-23,2019-07-23 09:31:24,1.4,0.9589,1,1.38,0.9452,42,1.39,0.952,2,1.39,0.952,1079,0
SPY190724C298,2019-07-23,2019-07-23 09:31:25,1.4,0.9589,1,1.38,0.9452,43,1.39,0.952,2,1.39,0.952,1079,0
SPY190724C298,2019-07-23,2019-07-23 09:31:26,1.4,0.9589,7,1.38,0.9452,20,1.39,0.952,2,1.39,0.952,1079,0
SPY190724C298,2019-07-23,2019-07-23 09:31:26,1.4,0.9589,1,1.38,0.9452,10,1.39,0.952,2,1.39,0.952,1079,0
SPY190724C298,2019-07-23,2019-07-23 09:31:27,1.4,0.9589,7,1.38,0.9452,48,1.39,0.952,2,1.39,0.952,1079,0
SPY190724C298,2019-07-23,2019-07-23 09:31:27,1.41,0.9657,1,1.39,0.952,10,1.4,0.9589,6,1.4,0.9589,1086,7
SPY190724C298,2019-07-23,2019-07-23 09:31:28,1.41,0.9657,1,1.39,0.952,100,1.4,0.9589,6,1.4,0.9589,1086,0
SPY190724C298,2019-07-23,2019-07-23 09:31:29,1.41,0.9657,1,1.4,0.9589,1,1.4,0.9589,2,1.405,0.9623,1088,2
SPY190724C298,2019-07-23,2019-07-23 09:31:29,1.41,0.9657,1,1.4,0.9589,1,1.4,0.9589,6,1.405,0.9623,1086,0
SPY190724C298,2019-07-23,2019-07-23 09:31:30,1.41,0.9657,1,1.39,0.952,1,1.39,0.952,1,1.4,0.9589,1090,2
SPY190724C298,2019-07-23,2019-07-23 09:31:30,1.41,0.9657,1,1.4,0.9589,10,1.39,0.952,1,1.405,0.9623,1090,0
SPY190724C298,2019-07-23,2019-07-23 09:31:31,1.41,0.9657,1,1.39,0.952,70,1.39,0.952,1,1.4,0.9589,1090,0
SPY190724C298,2019-07-23,2019-07-23 09:31:31,1.41,0.9657,1,1.4,0.9589,10,1.39,0.952,1,1.405,0.9623,1090,0
SPY190724C298,2019-07-23,2019-07-23 09:31:32,1.41,0.9657,1,1.4,0.9589,10,1.39,0.952,1,1.405,0.9623,1090,0
SPY190724C298,2019-07-23,2019-07-23 09:31:32,1.41,0.9657,1,1.38,0.9452,113,1.39,0.952,1,1.395,0.9554,1090,0
SPY190724C298,2019-07-23,2019-07-23 09:31:33,1.41,0.9657,1,1.38,0.9452,113,1.39,0.952,1,1.395,0.9554,1090,0
SPY190724C298,2019-07-23,2019-07-23 09:31:33,1.41,0.9657,1,1.39,0.952,10,1.39,0.952,1,1.4,0.9589,1091,1
SPY190724C298,2019-07-23,2019-07-23 09:31:34,1.41,0.9657,1,1.38,0.9452,49,1.39,0.952,1,1.395,0.9554,1091,0
SPY190724C298,2019-07-23,2019-07-23 09:31:35,1.41,0.9657,1,1.39,0.952,65,1.39,0.952,1,1.4,0.9589,1091,0
SPY190724C298,2019-07-23,2019-07-23 09:31:35,1.41,0.9657,1,1.39,0.952,10,1.39,0.952,1,1.4,0.9589,1091,0
SPY190724C298,2019-07-23,2019-07-23 09:31:36,1.41,0.9657,1,1.39,0.952,65,1.39,0.952,1,1.4,0.9589,1091,0
SPY190724C298,2019-07-23,2019-07-23 09:31:36,1.41,0.9657,13,1.4,0.9589,10,1.39,0.952,1,1.405,0.9623,1091,0
SPY190724C298,2019-07-23,2019-07-23 09:31:37,1.41,0.9657,13,1.4,0.9589,15,1.4,0.9589,6,1.405,0.9623,1097,6
SPY190724C298,2019-07-23,2019-07-23 09:31:37,1.41,0.9657,13,1.4,0.9589,10,1.39,0.952,1,1.405,0.9623,1091,0
SPY190724C298,2019-07-23,2019-07-23 09:31:38,1.41,0.9657,13,1.4,0.9589,1,1.4,0.9589,6,1.405,0.9623,1098,1
SPY190724C298,2019-07-23,2019-07-23 09:31:38,1.41,0.9657,13,1.38,0.9452,97,1.4,0.9589,5,1.395,0.9554,1103,5
SPY190724C298,2019-07-23,2019-07-23 09:31:39,1.41,0.9657,13,1.4,0.9589,10,1.4,0.9589,5,1.405,0.9623,1103,0
SPY190724C298,2019-07-23,2019-07-23 09:31:40,1.41,0.9657,13,1.4,0.9589,10,1.4,0.9589,5,1.405,0.9623,1103,0
SPY190724C298,2019-07-23,2019-07-23 09:31:40,1.41,0.9657,13,1.38,0.9452,70,1.4,0.9589,5,1.395,0.9554,1103,0
SPY190724C298,2019-07-23,2019-07-23 09:31:41,1.41,0.9657,13,1.38,0.9452,89,1.4,0.9589,5,1.395,0.9554,1103,0
SPY190724C298,2019-07-23,2019-07-23 09:31:42,1.41,0.9657,13,1.38,0.9452,89,1.4,0.9589,5,1.395,0.9554,1103,0
SPY190724C298,2019-07-23,2019-07-23 09:31:42,1.41,0.9657,13,1.38,0.9452,12,1.4,0.9589,5,1.395,0.9554,1103,0
SPY190724C298,2019-07-23,2019-07-23 09:31:43,1.41,0.9657,13,1.38,0.9452,80,1.4,0.9589,5,1.395,0.9554,1103,0
SPY190724C298,2019-07-23,2019-07-23 09:31:43,1.41,0.9657,13,1.38,0.9452,95,1.4,0.9589,5,1.395,0.9554,1103,0
SPY190724C298,2019-07-23,2019-07-23 09:31:44,1.41,0.9657,13,1.39,0.952,10,1.4,0.9589,5,1.4,0.9589,1103,0
SPY190724C298,2019-07-23,2019-07-23 09:31:45,1.41,0.9657,13,1.39,0.952,10,1.4,0.9589,5,1.4,0.9589,1103,0
SPY190724C298,2019-07-23,2019-07-23 09:31:45,1.41,0.9657,13,1.4,0.9589,10,1.4,0.9589,5,1.405,0.9623,1103,0
SPY190724C298,2019-07-23,2019-07-23 09:31:46,1.41,0.9657,13,1.39,0.952,85,1.4,0.9589,5,1.4,0.9589,1103,0
SPY190724C298,2019-07-23,2019-07-23 09:31:46,1.41,0.9657,13,1.4,0.9589,10,1.4,0.9589,5,1.405,0.9623,1103,0
SPY190724C298,2019-07-23,2019-07-23 09:31:47,1.41,0.9657,13,1.38,0.9452,104,1.4,0.9589,5,1.395,0.9554,1103,0
SPY190724C298,2019-07-23,2019-07-23 09:31:47,1.41,0.9657,13,1.38,0.9452,89,1.4,0.9589,5,1.395,0.9554,1103,0
SPY190724C298,2019-07-23,2019-07-23 09:31:48,1.41,0.9657,41,1.36,0.9315,5,1.4,0.9589,5,1.385,0.9486,1103,0
SPY190724C298,2019-07-23,2019-07-23 09:31:48,1.4,0.9589,2,1.37,0.9383,101,1.4,0.9589,5,1.385,0.9486,1103,0
SPY190724C298,2019-07-23,2019-07-23 09:31:49,1.4,0.9589,78,1.36,0.9315,58,1.4,0.9589,5,1.38,0.9452,1103,0
SPY190724C298,2019-07-23,2019-07-23 09:31:50,1.4,0.9589,15,1.36,0.9315,10,1.4,0.9589,5,1.38,0.9452,1103,0
SPY190724C298,2019-07-23,2019-07-23 09:31:50,1.4,0.9589,85,1.37,0.9383,10,1.4,0.9589,5,1.385,0.9486,1103,0
SPY190724C298,2019-07-23,2019-07-23 09:31:51,1.4,0.9589,102,1.36,0.9315,81,1.4,0.9589,5,1.38,0.9452,1103,0
SPY190724C298,2019-07-23,2019-07-23 09:31:52,1.4,0.9589,2,1.38,0.9452,10,1.38,0.9452,1,1.39,0.952,1104,0
SPY190724C298,2019-07-23,2019-07-23 09:31:52,1.39,0.952,1,1.36,0.9315,86,1.38,0.9452,1,1.375,0.9417,1104,1
SPY190724C298,2019-07-23,2019-07-23 09:31:53,1.4,0.9589,2,1.38,0.9452,26,1.38,0.9452,1,1.39,0.952,1104,0
SPY190724C298,2019-07-23,2019-07-23 09:31:54,1.39,0.952,10,1.36,0.9315,66,1.38,0.9452,1,1.375,0.9417,1104,0
SPY190724C298,2019-07-23,2019-07-23 09:31:55,1.4,0.9589,102,1.36,0.9315,81,1.38,0.9452,1,1.38,0.9452,1104,0
SPY190724C298,2019-07-23,2019-07-23 09:31:55,1.4,0.9589,108,1.36,0.9315,66,1.38,0.9452,1,1.38,0.9452,1104,0
SPY190724C298,2019-07-23,2019-07-23 09:31:56,1.39,0.952,53,1.36,0.9315,54,1.38,0.9452,1,1.375,0.9417,1104,0
SPY190724C298,2019-07-23,2019-07-23 09:31:56,1.39,0.952,10,1.36,0.9315,54,1.38,0.9452,1,1.375,0.9417,1104,0
SPY190724C298,2019-07-23,2019-07-23 09:31:57,1.39,0.952,1,1.36,0.9315,16,1.36,0.9315,1,1.375,0.9417,1105,1
SPY190724C298,2019-07-23,2019-07-23 09:31:57,1.39,0.952,58,1.36,0.9315,54,1.38,0.9452,1,1.375,0.9417,1104,0
SPY190724C298,2019-07-23,2019-07-23 09:31:58,1.39,0.952,100,1.36,0.9315,10,1.38,0.9452,2,1.375,0.9417,1107,2
SPY190724C298,2019-07-23,2019-07-23 09:31:58,1.39,0.952,1,1.36,0.9315,16,1.36,0.9315,1,1.375,0.9417,1105,0
SPY190724C298,2019-07-23,2019-07-23 09:31:59,1.38,0.9452,110,1.35,0.9246,10,1.38,0.9452,2,1.365,0.9349,1107,0
SPY190724C298,2019-07-23,2019-07-23 09:32:00,1.38,0.9452,69,1.36,0.9315,16,1.38,0.9452,2,1.37,0.9383,1107,0
SPY190724C298,2019-07-23,2019-07-23 09:32:00,1.38,0.9452,6,1.36,0.9315,16,1.38,0.9452,2,1.37,0.9383,1107,0
SPY190724C298,2019-07-23,2019-07-23 09:32:01,1.38,0.9452,100,1.35,0.9246,16,1.38,0.9452,2,1.365,0.9349,1107,0
SPY190724C298,2019-07-23,2019-07-23 09:32:01,1.38,0.9452,6,1.35,0.9246,52,1.38,0.9452,2,1.365,0.9349,1107,0
SPY190724C298,2019-07-23,2019-07-23 09:32:02,1.38,0.9452,100,1.35,0.9246,10,1.38,0.9452,2,1.365,0.9349,1107,0
SPY190724C298,2019-07-23,2019-07-23 09:32:02,1.38,0.9452,8,1.35,0.9246,14,1.38,0.9452,2,1.365,0.9349,1107,0
SPY190724C298,2019-07-23,2019-07-23 09:32:03,1.37,0.9383,6,1.34,0.9178,110,1.38,0.9452,2,1.355,0.928,1107,0
SPY190724C298,2019-07-23,2019-07-23 09:32:03,1.37,0.9383,6,1.34,0.9178,110,1.35,0.9246,2,1.355,0.928,1110,3
SPY190724C298,2019-07-23,2019-07-23 09:32:04,1.37,0.9383,6,1.34,0.9178,110,1.35,0.9246,2,1.355,0.928,1110,0
SPY190724C298,2019-07-23,2019-07-23 09:32:05,1.37,0.9383,6,1.35,0.9246,10,1.35,0.9246,2,1.36,0.9315,1110,0
SPY190724C298,2019-07-23,2019-07-23 09:32:05,1.37,0.9383,1,1.35,0.9246,26,1.35,0.9246,2,1.36,0.9315,1110,0
SPY190724C298,2019-07-23,2019-07-23 09:32:06,1.37,0.9383,6,1.35,0.9246,10,1.34,0.9178,1,1.36,0.9315,1111,0
SPY190724C298,2019-07-23,2019-07-23 09:32:06,1.37,0.9383,6,1.34,0.9178,276,1.34,0.9178,1,1.355,0.928,1111,1
SPY190724C298,2019-07-23,2019-07-23 09:32:07,1.37,0.9383,6,1.35,0.9246,10,1.34,0.9178,1,1.36,0.9315,1111,0
SPY190724C298,2019-07-23,2019-07-23 09:32:07,1.37,0.9383,1,1.36,0.9315,10,1.34,0.9178,1,1.365,0.9349,1111,0
SPY190724C298,2019-07-23,2019-07-23 09:32:08,1.37,0.9383,6,1.34,0.9178,71,1.34,0.9178,1,1.355,0.928,1111,0
SPY190724C298,2019-07-23,2019-07-23 09:32:08,1.37,0.9383,1,1.36,0.9315,10,1.34,0.9178,1,1.365,0.9349,1111,0
SPY190724C298,2019-07-23,2019-07-23 09:32:09,1.37,0.9383,8,1.34,0.9178,26,1.34,0.9178,1,1.355,0.928,1111,0
SPY190724C298,2019-07-23,2019-07-23 09:32:10,1.37,0.9383,6,1.34,0.9178,59,1.34,0.9178,1,1.355,0.928,1111,0
SPY190724C298,2019-07-23,2019-07-23 09:32:10,1.37,0.9383,100,1.34,0.9178,26,1.34,0.9178,1,1.355,0.928,1111,0
SPY190724C298,2019-07-23,2019-07-23 09:32:11,1.37,0.9383,86,1.34,0.9178,74,1.34,0.9178,1,1.355,0.928,1111,0
SPY190724C298,2019-07-23,2019-07-23 09:32:11,1.37,0.9383,86,1.34,0.9178,72,1.34,0.9178,1,1.355,0.928,1111,0
SPY190724C298,2019-07-23,2019-07-23 09:32:12,1.37,0.9383,10,1.34,0.9178,67,1.34,0.9178,1,1.355,0.928,1111,0
SPY190724C298,2019-07-23,2019-07-23 09:32:13,1.36,0.9315,20,1.34,0.9178,26,1.34,0.9178,2,1.35,0.9246,1113,2
SPY190724C298,2019-07-23,2019-07-23 09:32:14,1.36,0.9315,101,1.33,0.9109,16,1.34,0.9178,2,1.345,0.9212,1113,0
SPY190724C298,2019-07-23,2019-07-23 09:32:14,1.35,0.9246,6,1.32,0.9041,16,1.34,0.9178,2,1.335,0.9143,1113,0
SPY190724C298,2019-07-23,2019-07-23 09:32:15,1.35,0.9246,100,1.32,0.9041,31,1.34,0.9178,2,1.335,0.9143,1113,0
SPY190724C298,2019-07-23,2019-07-23 09:32:15,1.35,0.9246,6,1.32,0.9041,31,1.34,0.9178,2,1.335,0.9143,1113,0
SPY190724C298,2019-07-23,2019-07-23 09:32:16,1.35,0.9246,100,1.32,0.9041,47,1.34,0.9178,2,1.335,0.9143,1113,0
SPY190724C298,2019-07-23,2019-07-23 09:32:17,1.36,0.9315,20,1.34,0.9178,16,1.34,0.9178,2,1.35,0.9246,1113,0
SPY190724C298,2019-07-23,2019-07-23 09:32:18,1.36,0.9315,96,1.32,0.9041,76,1.34,0.9178,2,1.34,0.9178,1113,0
SPY190724C298,2019-07-23,2019-07-23 09:32:18,1.36,0.9315,20,1.32,0.9041,16,1.34,0.9178,2,1.34,0.9178,1113,0
SPY190724C298,2019-07-23,2019-07-23 09:32:19,1.36,0.9315,20,1.34,0.9178,20,1.34,0.9178,1,1.35,0.9246,1116,1
SPY190724C298,2019-07-23,2019-07-23 09:32:19,1.34,0.9178,1,1.32,0.9041,76,1.34,0.9178,1,1.33,0.9109,1115,2
SPY190724C298,2019-07-23,2019-07-23 09:32:20,1.36,0.9315,20,1.35,0.9246,10,1.34,0.9178,1,1.355,0.928,1117,1
SPY190724C298,2019-07-23,2019-07-23 09:32:20,1.36,0.9315,20,1.34,0.9178,20,1.34,0.9178,1,1.35,0.9246,1116,0
SPY190724C298,2019-07-23,2019-07-23 09:32:21,1.36,0.9315,20,1.34,0.9178,26,1.34,0.9178,1,1.35,0.9246,1117,0
SPY190724C298,2019-07-23,2019-07-23 09:32:22,1.36,0.9315,20,1.34,0.9178,22,1.34,0.9178,1,1.35,0.9246,1117,0
SPY190724C298,2019-07-23,2019-07-23 09:32:23,1.36,0.9315,20,1.34,0.9178,22,1.34,0.9178,1,1.35,0.9246,1117,0
SPY190724C298,2019-07-23,2019-07-23 09:32:24,1.36,0.9315,20,1.34,0.9178,22,1.34,0.9178,1,1.35,0.9246,1117,0
SPY190724C298,2019-07-23,2019-07-23 09:32:25,1.36,0.9315,20,1.34,0.9178,22,1.36,0.9315,1,1.35,0.9246,1118,0
SPY190724C298,2019-07-23,2019-07-23 09:32:25,1.36,0.9315,20,1.34,0.9178,22,1.36,0.9315,1,1.35,0.9246,1118,1
SPY190724C298,2019-07-23,2019-07-23 09:32:26,1.36,0.9315,20,1.34,0.9178,36,1.36,0.9315,1,1.35,0.9246,1118,0
SPY190724C298,2019-07-23,2019-07-23 09:32:27,1.38,0.9452,54,1.35,0.9246,6,1.36,0.9315,1,1.365,0.9349,1170,52
SPY190724C298,2019-07-23,2019-07-23 09:32:28,1.38,0.9452,100,1.36,0.9315,24,1.36,0.9315,1,1.37,0.9383,1170,0
SPY190724C298,2019-07-23,2019-07-23 09:32:28,1.38,0.9452,86,1.36,0.9315,24,1.36,0.9315,1,1.37,0.9383,1170,0
SPY190724C298,2019-07-23,2019-07-23 09:32:29,1.38,0.9452,100,1.36,0.9315,50,1.36,0.9315,2,1.37,0.9383,1180,10
SPY190724C298,2019-07-23,2019-07-23 09:32:29,1.38,0.9452,100,1.36,0.9315,50,1.36,0.9315,2,1.37,0.9383,1180,0
SPY190724C298,2019-07-23,2019-07-23 09:32:30,1.38,0.9452,26,1.36,0.9315,20,1.36,0.9315,1,1.37,0.9383,1181,1
SPY190724C298,2019-07-23,2019-07-23 09:32:30,1.39,0.952,107,1.36,0.9315,16,1.36,0.9315,1,1.375,0.9417,1181,0
SPY190724C298,2019-07-23,2019-07-23 09:32:31,1.39,0.952,100,1.36,0.9315,17,1.36,0.9315,2,1.375,0.9417,1189,8
SPY190724C298,2019-07-23,2019-07-23 09:32:31,1.39,0.952,71,1.36,0.9315,17,1.36,0.9315,2,1.375,0.9417,1189,0
SPY190724C298,2019-07-23,2019-07-23 09:32:32,1.38,0.9452,1,1.36,0.9315,16,1.38,0.9452,2,1.37,0.9383,1191,2
SPY190724C298,2019-07-23,2019-07-23 09:32:33,1.39,0.952,100,1.36,0.9315,6,1.38,0.9452,2,1.375,0.9417,1191,0
SPY190724C298,2019-07-23,2019-07-23 09:32:33,1.39,0.952,110,1.36,0.9315,10,1.38,0.9452,2,1.375,0.9417,1191,0
SPY190724C298,2019-07-23,2019-07-23 09:32:34,1.39,0.952,110,1.36,0.9315,24,1.38,0.9452,2,1.375,0.9417,1191,0
SPY190724C298,2019-07-23,2019-07-23 09:32:34,1.4,0.9589,95,1.37,0.9383,16,1.38,0.9452,2,1.385,0.9486,1191,0
SPY190724C298,2019-07-23,2019-07-23 09:32:35,1.4,0.9589,95,1.37,0.9383,20,1.38,0.9452,2,1.385,0.9486,1191,0
SPY190724C298,2019-07-23,2019-07-23 09:32:35,1.4,0.9589,95,1.37,0.9383,16,1.38,0.9452,2,1.385,0.9486,1191,0
SPY190724C298,2019-07-23,2019-07-23 09:32:36,1.4,0.9589,35,1.38,0.9452,7,1.38,0.9452,2,1.39,0.952,1191,0
SPY190724C298,2019-07-23,2019-07-23 09:32:36,1.4,0.9589,95,1.37,0.9383,20,1.38,0.9452,2,1.385,0.9486,1191,0
SPY190724C298,2019-07-23,2019-07-23 09:32:37,1.4,0.9589,35,1.38,0.9452,1,1.38,0.9452,2,1.39,0.952,1191,0
SPY190724C298,2019-07-23,2019-07-23 09:32:38,1.4,0.9589,99,1.37,0.9383,10,1.38,0.9452,2,1.385,0.9486,1191,0
SPY190724C298,2019-07-23,2019-07-23 09:32:38,1.4,0.9589,99,1.37,0.9383,20,1.38,0.9452,2,1.385,0.9486,1191,0
SPY190724C298,2019-07-23,2019-07-23 09:32:39,1.39,0.952,48,1.36,0.9315,44,1.38,0.9452,2,1.375,0.9417,1191,0
SPY190724C298,2019-07-23,2019-07-23 09:32:39,1.39,0.952,1,1.37,0.9383,42,1.38,0.9452,2,1.38,0.9452,1191,0
SPY190724C298,2019-07-23,2019-07-23 09:32:40,1.39,0.952,48,1.34,0.9178,15,1.38,0.9452,2,1.365,0.9349,1191,0
SPY190724C298,2019-07-23,2019-07-23 09:32:40,1.39,0.952,26,1.35,0.9246,24,1.38,0.9452,2,1.37,0.9383,1191,0
SPY190724C298,2019-07-23,2019-07-23 09:32:41,1.39,0.952,100,1.35,0.9246,61,1.38,0.9452,2,1.37,0.9383,1191,0
SPY190724C298,2019-07-23,2019-07-23 09:32:41,1.39,0.952,49,1.35,0.9246,51,1.38,0.9452,2,1.37,0.9383,1191,0
SPY190724C298,2019-07-23,2019-07-23 09:32:42,1.39,0.952,110,1.35,0.9246,61,1.38,0.9452,2,1.37,0.9383,1191,0
SPY190724C298,2019-07-23,2019-07-23 09:32:43,1.39,0.952,100,1.35,0.9246,61,1.38,0.9452,2,1.37,0.9383,1191,0
SPY190724C298,2019-07-23,2019-07-23 09:32:43,1.38,0.9452,25,1.35,0.9246,65,1.38,0.9452,2,1.365,0.9349,1191,0
SPY190724C298,2019-07-23,2019-07-23 09:32:44,1.38,0.9452,25,1.35,0.9246,65,1.38,0.9452,2,1.365,0.9349,1191,0
SPY190724C298,2019-07-23,2019-07-23 09:32:44,1.39,0.952,102,1.36,0.9315,24,1.38,0.9452,2,1.375,0.9417,1191,0
SPY190724C298,2019-07-23,2019-07-23 09:32:45,1.39,0.952,102,1.36,0.9315,18,1.38,0.9452,2,1.375,0.9417,1191,0
SPY190724C298,2019-07-23,2019-07-23 09:32:46,1.39,0.952,167,1.36,0.9315,10,1.38,0.9452,2,1.375,0.9417,1191,0
SPY190724C298,2019-07-23,2019-07-23 09:32:46,1.38,0.9452,16,1.34,0.9178,16,1.38,0.9452,2,1.36,0.9315,1191,0
SPY190724C298,2019-07-23,2019-07-23 09:32:47,1.37,0.9383,16,1.34,0.9178,94,1.38,0.9452,2,1.355,0.928,1191,0
SPY190724C298,2019-07-23,2019-07-23 09:32:48,1.37,0.9383,51,1.34,0.9178,10,1.38,0.9452,2,1.355,0.928,1191,0
SPY190724C298,2019-07-23,2019-07-23 09:32:48,1.37,0.9383,110,1.34,0.9178,10,1.38,0.9452,2,1.355,0.928,1191,0
SPY190724C298,2019-07-23,2019-07-23 09:32:50,1.37,0.9383,16,1.34,0.9178,60,1.36,0.9315,10,1.355,0.928,1201,10
SPY190724C298,2019-07-23,2019-07-23 09:32:52,1.37,0.9383,200,1.34,0.9178,10,1.36,0.9315,10,1.355,0.928,1201,0
SPY190724C298,2019-07-23,2019-07-23 09:32:52,1.37,0.9383,80,1.34,0.9178,10,1.36,0.9315,10,1.355,0.928,1201,0
SPY190724C298,2019-07-23,2019-07-23 09:32:53,1.37,0.9383,129,1.34,0.9178,10,1.36,0.9315,10,1.355,0.928,1201,0
SPY190724C298,2019-07-23,2019-07-23 09:32:55,1.36,0.9315,26,1.32,0.9041,100,1.36,0.9315,10,1.34,0.9178,1201,0
SPY190724C298,2019-07-23,2019-07-23 09:32:56,1.36,0.9315,157,1.32,0.9041,120,1.36,0.9315,10,1.34,0.9178,1201,0
SPY190724C298,2019-07-23,2019-07-23 09:32:57,1.36,0.9315,60,1.33,0.9109,12,1.36,0.9315,10,1.345,0.9212,1201,0
SPY190724C298,2019-07-23,2019-07-23 09:32:57,1.36,0.9315,58,1.33,0.9109,57,1.36,0.9315,10,1.345,0.9212,1201,0
SPY190724C298,2019-07-23,2019-07-23 09:32:58,1.36,0.9315,58,1.33,0.9109,10,1.36,0.9315,10,1.345,0.9212,1201,0
SPY190724C298,2019-07-23,2019-07-23 09:32:59,1.36,0.9315,92,1.33,0.9109,10,1.36,0.9315,10,1.345,0.9212,1201,0
SPY190724C298,2019-07-23,2019-07-23 09:33:00,1.36,0.9315,206,1.32,0.9041,91,1.36,0.9315,10,1.34,0.9178,1201,0
SPY190724C298,2019-07-23,2019-07-23 09:33:00,1.36,0.9315,136,1.33,0.9109,15,1.36,0.9315,10,1.345,0.9212,1201,0
SPY190724C298,2019-07-23,2019-07-23 09:33:01,1.35,0.9246,96,1.31,0.8972,15,1.36,0.9315,10,1.33,0.9109,1201,0
SPY190724C298,2019-07-23,2019-07-23 09:33:02,1.34,0.9178,26,1.31,0.8972,16,1.36,0.9315,10,1.325,0.9075,1201,0
SPY190724C298,2019-07-23,2019-07-23 09:33:02,1.34,0.9178,26,1.31,0.8972,26,1.36,0.9315,10,1.325,0.9075,1201,0
SPY190724C298,2019-07-23,2019-07-23 09:33:03,1.34,0.9178,16,1.32,0.9041,1,1.32,0.9041,1,1.33,0.9109,1202,1
SPY190724C298,2019-07-23,2019-07-23 09:33:04,1.34,0.9178,10,1.32,0.9041,53,1.32,0.9041,1,1.33,0.9109,1202,0
SPY190724C298,2019-07-23,2019-07-23 09:33:04,1.34,0.9178,8,1.32,0.9041,10,1.32,0.9041,1,1.33,0.9109,1202,0
SPY190724C298,2019-07-23,2019-07-23 09:33:05,1.35,0.9246,101,1.32,0.9041,26,1.32,0.9041,1,1.335,0.9143,1202,0
SPY190724C298,2019-07-23,2019-07-23 09:33:06,1.35,0.9246,101,1.32,0.9041,26,1.32,0.9041,1,1.335,0.9143,1202,0
SPY190724C298,2019-07-23,2019-07-23 09:33:07,1.35,0.9246,101,1.32,0.9041,26,1.32,0.9041,1,1.335,0.9143,1202,0
SPY190724C298,2019-07-23,2019-07-23 09:33:08,1.35,0.9246,57,1.32,0.9041,41,1.32,0.9041,1,1.335,0.9143,1202,0
SPY190724C298,2019-07-23,2019-07-23 09:33:08,1.35,0.9246,57,1.32,0.9041,44,1.32,0.9041,1,1.335,0.9143,1202,0
SPY190724C298,2019-07-23,2019-07-23 09:33:09,1.35,0.9246,67,1.32,0.9041,95,1.32,0.9041,1,1.335,0.9143,1202,0
SPY190724C298,2019-07-23,2019-07-23 09:33:10,1.35,0.9246,10,1.32,0.9041,100,1.32,0.9041,1,1.335,0.9143,1202,0
SPY190724C298,2019-07-23,2019-07-23 09:33:10,1.35,0.9246,26,1.32,0.9041,95,1.32,0.9041,1,1.335,0.9143,1202,0
SPY190724C298,2019-07-23,2019-07-23 09:33:11,1.35,0.9246,10,1.32,0.9041,56,1.32,0.9041,1,1.335,0.9143,1202,0
SPY190724C298,2019-07-23,2019-07-23 09:33:12,1.35,0.9246,10,1.33,0.9109,24,1.32,0.9041,1,1.34,0.9178,1202,0
SPY190724C298,2019-07-23,2019-07-23 09:33:12,1.35,0.9246,10,1.33,0.9109,71,1.32,0.9041,1,1.34,0.9178,1202,0
SPY190724C298,2019-07-23,2019-07-23 09:33:13,1.35,0.9246,10,1.33,0.9109,71,1.32,0.9041,1,1.34,0.9178,1202,0
SPY190724C298,2019-07-23,2019-07-23 09:33:14,1.37,0.9383,72,1.34,0.9178,79,1.35,0.9246,10,1.355,0.928,1212,0
SPY190724C298,2019-07-23,2019-07-23 09:33:14,1.37,0.9383,72,1.33,0.9109,71,1.35,0.9246,10,1.35,0.9246,1212,10
SPY190724C298,2019-07-23,2019-07-23 09:33:15,1.38,0.9452,86,1.35,0.9246,10,1.35,0.9246,10,1.365,0.9349,1212,0
SPY190724C298,2019-07-23,2019-07-23 09:33:16,1.38,0.9452,65,1.35,0.9246,10,1.35,0.9246,10,1.365,0.9349,1212,0
SPY190724C298,2019-07-23,2019-07-23 09:33:16,1.38,0.9452,110,1.34,0.9178,73,1.35,0.9246,10,1.36,0.9315,1212,0
SPY190724C298,2019-07-23,2019-07-23 09:33:17,1.38,0.9452,110,1.35,0.9246,10,1.35,0.9246,10,1.365,0.9349,1212,0
SPY190724C298,2019-07-23,2019-07-23 09:33:18,1.38,0.9452,110,1.35,0.9246,16,1.35,0.9246,10,1.365,0.9349,1212,0
SPY190724C298,2019-07-23,2019-07-23 09:33:18,1.37,0.9383,16,1.34,0.9178,16,1.35,0.9246,10,1.355,0.928,1212,0
SPY190724C298,2019-07-23,2019-07-23 09:33:19,1.38,0.9452,71,1.35,0.9246,16,1.35,0.9246,10,1.365,0.9349,1212,0
SPY190724C298,2019-07-23,2019-07-23 09:33:19,1.38,0.9452,100,1.35,0.9246,16,1.35,0.9246,10,1.365,0.9349,1212,0
SPY190724C298,2019-07-23,2019-07-23 09:33:20,1.39,0.952,100,1.36,0.9315,10,1.36,0.9315,2,1.375,0.9417,1214,2
SPY190724C298,2019-07-23,2019-07-23 09:33:21,1.39,0.952,100,1.36,0.9315,16,1.36,0.9315,2,1.375,0.9417,1214,0
SPY190724C298,2019-07-23,2019-07-23 09:33:21,1.39,0.952,100,1.36,0.9315,26,1.36,0.9315,2,1.375,0.9417,1214,0
SPY190724C298,2019-07-23,2019-07-23 09:33:34,1.42,0.9726,100,1.39,0.952,20,1.41,0.9657,10,1.405,0.9623,1225,11
SPY190724C298,2019-07-23,2019-07-23 09:33:36,1.42,0.9726,50,1.4,0.9589,10,1.41,0.9657,10,1.41,0.9657,1225,0
SPY190724C298,2019-07-23,2019-07-23 09:33:39,1.39,0.952,80,1.36,0.9315,25,1.4,0.9589,5,1.375,0.9417,1231,6
SPY190724C298,2019-07-23,2019-07-23 09:33:39,1.39,0.952,90,1.36,0.9315,36,1.4,0.9589,5,1.375,0.9417,1231,0
SPY190724C298,2019-07-23,2019-07-23 09:33:42,1.4,0.9589,100,1.37,0.9383,12,1.38,0.9452,1,1.385,0.9486,1232,1
SPY190724C298,2019-07-23,2019-07-23 09:33:45,1.41,0.9657,110,1.38,0.9452,1,1.38,0.9452,1,1.395,0.9554,1232,0
SPY190724C298,2019-07-23,2019-07-23 09:33:52,1.41,0.9657,10,1.38,0.9452,32,1.38,0.9452,1,1.395,0.9554,1235,3
SPY190724C298,2019-07-23,2019-07-23 09:33:54,1.41,0.9657,102,1.38,0.9452,1,1.38,0.9452,1,1.395,0.9554,1235,0
SPY190724C298,2019-07-23,2019-07-23 09:33:57,1.39,0.952,98,1.36,0.9315,10,1.38,0.9452,1,1.375,0.9417,1236,1
SPY190724C298,2019-07-23,2019-07-23 09:33:59,1.37,0.9383,65,1.34,0.9178,80,1.38,0.9452,1,1.355,0.928,1236,0
SPY190724C298,2019-07-23,2019-07-23 09:34:01,1.37,0.9383,96,1.34,0.9178,18,1.38,0.9452,1,1.355,0.928,1236,0
SPY190724C298,2019-07-23,2019-07-23 09:34:04,1.37,0.9383,37,1.35,0.9246,5,1.38,0.9452,1,1.36,0.9315,1236,0
SPY190724C298,2019-07-23,2019-07-23 09:34:06,1.39,0.952,176,1.35,0.9246,176,1.38,0.9452,1,1.37,0.9383,1236,0
SPY190724C298,2019-07-23,2019-07-23 09:34:08,1.38,0.9452,16,1.35,0.9246,58,1.38,0.9452,1,1.365,0.9349,1236,0
SPY190724C298,2019-07-23,2019-07-23 09:34:09,1.38,0.9452,91,1.35,0.9246,26,1.38,0.9452,1,1.365,0.9349,1236,0
SPY190724C298,2019-07-23,2019-07-23 09:34:20,1.37,0.9383,1,1.35,0.9246,26,1.35,0.9246,1,1.36,0.9315,1237,1
SPY190724C298,2019-07-23,2019-07-23 09:34:25,1.36,0.9315,86,1.33,0.9109,16,1.35,0.9246,1,1.345,0.9212,1237,0
SPY190724C298,2019-07-23,2019-07-23 09:34:29,1.36,0.9315,96,1.33,0.9109,65,1.35,0.9246,1,1.345,0.9212,1237,0
SPY190724C298,2019-07-23,2019-07-23 09:34:31,1.36,0.9315,16,1.34,0.9178,16,1.35,0.9246,1,1.35,0.9246,1237,0
SPY190724C298,2019-07-23,2019-07-23 09:34:38,1.36,0.9315,1,1.34,0.9178,57,1.35,0.9246,1,1.35,0.9246,1237,0
SPY190724C298,2019-07-23,2019-07-23 09:34:41,1.37,0.9383,1,1.36,0.9315,28,1.37,0.9383,10,1.365,0.9349,1248,11
SPY190724C298,2019-07-23,2019-07-23 09:34:44,1.38,0.9452,5,1.36,0.9315,8,1.37,0.9383,1,1.37,0.9383,1249,1
SPY190724C298,2019-07-23,2019-07-23 09:34:45,1.37,0.9383,190,1.34,0.9178,26,1.36,0.9315,8,1.355,0.928,1257,8
SPY190724C298,2019-07-23,2019-07-23 09:34:47,1.37,0.9383,190,1.33,0.9109,84,1.36,0.9315,8,1.35,0.9246,1257,0
SPY190724C298,2019-07-23,2019-07-23 09:34:49,1.36,0.9315,6,1.34,0.9178,50,1.36,0.9315,8,1.35,0.9246,1257,0
SPY190724C298,2019-07-23,2019-07-23 09:34:50,1.37,0.9383,12,1.34,0.9178,67,1.36,0.9315,8,1.355,0.928,1257,0
SPY190724C298,2019-07-23,2019-07-23 09:34:52,1.38,0.9452,84,1.34,0.9178,59,1.36,0.9315,8,1.36,0.9315,1257,0
SPY190724C298,2019-07-23,2019-07-23 09:34:54,1.36,0.9315,16,1.33,0.9109,26,1.36,0.9315,8,1.345,0.9212,1257,0
SPY190724C298,2019-07-23,2019-07-23 09:34:55,1.36,0.9315,26,1.33,0.9109,26,1.36,0.9315,8,1.345,0.9212,1257,0
SPY190724C298,2019-07-23,2019-07-23 09:34:56,1.36,0.9315,120,1.33,0.9109,26,1.36,0.9315,8,1.345,0.9212,1257,0
SPY190724C298,2019-07-23,2019-07-23 09:34:58,1.37,0.9383,116,1.33,0.9109,100,1.36,0.9315,8,1.35,0.9246,1257,0
SPY190724C298,2019-07-23,2019-07-23 09:35:00,1.38,0.9452,156,1.35,0.9246,16,1.36,0.9315,2,1.365,0.9349,1259,2
SPY190724C298,2019-07-23,2019-07-23 09:35:02,1.38,0.9452,145,1.35,0.9246,10,1.36,0.9315,2,1.365,0.9349,1259,0
SPY190724C298,2019-07-23,2019-07-23 09:35:03,1.37,0.9383,16,1.34,0.9178,170,1.35,0.9246,2,1.355,0.928,1261,2
SPY190724C298,2019-07-23,2019-07-23 09:35:05,1.37,0.9383,23,1.34,0.9178,112,1.35,0.9246,2,1.355,0.928,1261,0
SPY190724C298,2019-07-23,2019-07-23 09:35:06,1.38,0.9452,187,1.34,0.9178,112,1.35,0.9246,2,1.36,0.9315,1261,0
SPY190724C298,2019-07-23,2019-07-23 09:35:08,1.38,0.9452,87,1.35,0.9246,10,1.35,0.9246,2,1.365,0.9349,1261,0
SPY190724C298,2019-07-23,2019-07-23 09:35:09,1.39,0.952,100,1.36,0.9315,16,1.35,0.9246,2,1.375,0.9417,1261,0
SPY190724C298,2019-07-23,2019-07-23 09:35:10,1.39,0.952,100,1.36,0.9315,26,1.35,0.9246,2,1.375,0.9417,1261,0
SPY190724C298,2019-07-23,2019-07-23 09:35:12,1.38,0.9452,16,1.35,0.9246,22,1.36,0.9315,1,1.365,0.9349,1262,1
SPY190724C298,2019-07-23,2019-07-23 09:35:13,1.39,0.952,100,1.36,0.9315,27,1.36,0.9315,1,1.375,0.9417,1262,0
SPY190724C298,2019-07-23,2019-07-23 09:35:14,1.39,0.952,100,1.37,0.9383,10,1.36,0.9315,1,1.38,0.9452,1262,0
SPY190724C298,2019-07-23,2019-07-23 09:35:16,1.4,0.9589,72,1.37,0.9383,26,1.36,0.9315,1,1.385,0.9486,1262,0
SPY190724C298,2019-07-23,2019-07-23 09:35:17,1.4,0.9589,139,1.37,0.9383,16,1.36,0.9315,1,1.385,0.9486,1262,0
SPY190724C298,2019-07-23,2019-07-23 09:35:18,1.4,0.9589,139,1.37,0.9383,18,1.36,0.9315,1,1.385,0.9486,1262,0
SPY190724C298,2019-07-23,2019-07-23 09:35:19,1.4,0.9589,40,1.38,0.9452,16,1.36,0.9315,1,1.39,0.952,1262,0
SPY190724C298,2019-07-23,2019-07-23 09:35:20,1.42,0.9726,186,1.39,0.952,16,1.36,0.9315,1,1.405,0.9623,1262,0
SPY190724C298,2019-07-23,2019-07-23 09:35:21,1.42,0.9726,181,1.39,0.952,26,1.36,0.9315,1,1.405,0.9623,1262,0
SPY190724C298,2019-07-23,2019-07-23 09:35:22,1.42,0.9726,100,1.39,0.952,6,1.39,0.952,1,1.405,0.9623,1263,1
SPY190724C298,2019-07-23,2019-07-23 09:35:23,1.43,0.9794,116,1.4,0.9589,12,1.39,0.952,1,1.415,0.9691,1263,0
SPY190724C298,2019-07-23,2019-07-23 09:35:24,1.43,0.9794,116,1.4,0.9589,12,1.39,0.952,1,1.415,0.9691,1263,0
SPY190724C298,2019-07-23,2019-07-23 09:35:25,1.43,0.9794,1,1.4,0.9589,20,1.41,0.9657,5,1.415,0.9691,1268,5
SPY190724C298,2019-07-23,2019-07-23 09:35:25,1.43,0.9794,6,1.4,0.9589,101,1.41,0.9657,5,1.415,0.9691,1268,0
SPY190724C298,2019-07-23,2019-07-23 09:35:26,1.43,0.9794,6,1.4,0.9589,101,1.41,0.9657,5,1.415,0.9691,1268,0
SPY190724C298,2019-07-23,2019-07-23 09:35:26,1.43,0.9794,10,1.4,0.9589,101,1.41,0.9657,5,1.415,0.9691,1268,0
SPY190724C298,2019-07-23,2019-07-23 09:35:27,1.43,0.9794,10,1.4,0.9589,17,1.41,0.9657,5,1.415,0.9691,1268,0
SPY190724C298,2019-07-23,2019-07-23 09:35:28,1.43,0.9794,10,1.4,0.9589,17,1.41,0.9657,5,1.415,0.9691,1268,0
SPY190724C298,2019-07-23,2019-07-23 09:35:28,1.44,0.9863,176,1.4,0.9589,17,1.41,0.9657,5,1.42,0.9726,1268,0
SPY190724C298,2019-07-23,2019-07-23 09:35:29,1.43,0.9794,6,1.4,0.9589,17,1.41,0.9657,5,1.415,0.9691,1268,0
SPY190724C298,2019-07-23,2019-07-23 09:35:29,1.43,0.9794,101,1.4,0.9589,17,1.41,0.9657,5,1.415,0.9691,1268,0
SPY190724C298,2019-07-23,2019-07-23 09:35:30,1.43,0.9794,10,1.4,0.9589,17,1.41,0.9657,5,1.415,0.9691,1268,0
SPY190724C298,2019-07-23,2019-07-23 09:35:30,1.44,0.9863,182,1.41,0.9657,7,1.41,0.9657,5,1.425,0.976,1268,0
SPY190724C298,2019-07-23,2019-07-23 09:35:31,1.44,0.9863,182,1.41,0.9657,10,1.41,0.9657,5,1.425,0.976,1268,0
SPY190724C298,2019-07-23,2019-07-23 09:35:32,1.44,0.9863,182,1.41,0.9657,10,1.41,0.9657,5,1.425,0.976,1268,0
SPY190724C298,2019-07-23,2019-07-23 09:35:33,1.44,0.9863,182,1.41,0.9657,10,1.41,0.9657,5,1.425,0.976,1268,0
SPY190724C298,2019-07-23,2019-07-23 09:35:34,1.44,0.9863,182,1.41,0.9657,10,1.41,0.9657,5,1.425,0.976,1268,0
SPY190724C298,2019-07-23,2019-07-23 09:35:34,1.44,0.9863,177,1.41,0.9657,6,1.41,0.9657,5,1.425,0.976,1268,0
SPY190724C298,2019-07-23,2019-07-23 09:35:35,1.44,0.9863,177,1.41,0.9657,10,1.41,0.9657,5,1.425,0.976,1268,0
SPY190724C298,2019-07-23,2019-07-23 09:35:36,1.43,0.9794,6,1.41,0.9657,1,1.41,0.9657,3,1.42,0.9726,1271,3
SPY190724C298,2019-07-23,2019-07-23 09:35:36,1.44,0.9863,177,1.41,0.9657,1,1.41,0.9657,5,1.425,0.976,1268,0
SPY190724C298,2019-07-23,2019-07-23 09:35:37,1.44,0.9863,6,1.41,0.9657,1,1.41,0.9657,3,1.425,0.976,1271,0
SPY190724C298,2019-07-23,2019-07-23 09:35:37,1.44,0.9863,100,1.41,0.9657,20,1.41,0.9657,3,1.425,0.976,1271,0
SPY190724C298,2019-07-23,2019-07-23 09:35:38,1.44,0.9863,12,1.41,0.9657,7,1.41,0.9657,3,1.425,0.976,1271,0
SPY190724C298,2019-07-23,2019-07-23 09:35:39,1.44,0.9863,20,1.4,0.9589,40,1.41,0.9657,3,1.42,0.9726,1271,0
SPY190724C298,2019-07-23,2019-07-23 09:35:39,1.45,0.9931,178,1.41,0.9657,101,1.41,0.9657,3,1.43,0.9794,1271,0
SPY190724C298,2019-07-23,2019-07-23 09:35:40,1.44,0.9863,110,1.4,0.9589,40,1.41,0.9657,3,1.42,0.9726,1271,0
SPY190724C298,2019-07-23,2019-07-23 09:35:40,1.44,0.9863,100,1.4,0.9589,40,1.41,0.9657,3,1.42,0.9726,1271,0
SPY190724C298,2019-07-23,2019-07-23 09:35:41,1.44,0.9863,110,1.4,0.9589,17,1.41,0.9657,3,1.42,0.9726,1271,0
SPY190724C298,2019-07-23,2019-07-23 09:35:42,1.43,0.9794,154,1.4,0.9589,12,1.41,0.9657,20,1.415,0.9691,1291,20
SPY190724C298,2019-07-23,2019-07-23 09:35:42,1.43,0.9794,154,1.4,0.9589,17,1.41,0.9657,3,1.415,0.9691,1271,0
SPY190724C298,2019-07-23,2019-07-23 09:35:43,1.43,0.9794,83,1.4,0.9589,10,1.41,0.9657,20,1.415,0.9691,1291,0
SPY190724C298,2019-07-23,2019-07-23 09:35:43,1.43,0.9794,154,1.4,0.9589,20,1.41,0.9657,20,1.415,0.9691,1291,0
SPY190724C298,2019-07-23,2019-07-23 09:35:44,1.43,0.9794,83,1.38,0.9452,9,1.41,0.9657,20,1.405,0.9623,1291,0
SPY190724C298,2019-07-23,2019-07-23 09:35:44,1.4,0.9589,155,1.38,0.9452,9,1.41,0.9657,20,1.39,0.952,1291,0
SPY190724C298,2019-07-23,2019-07-23 09:35:45,1.4,0.9589,111,1.37,0.9383,20,1.41,0.9657,20,1.385,0.9486,1291,0
SPY190724C298,2019-07-23,2019-07-23 09:35:46,1.4,0.9589,162,1.37,0.9383,17,1.39,0.952,5,1.385,0.9486,1296,0
SPY190724C298,2019-07-23,2019-07-23 09:35:46,1.39,0.952,7,1.37,0.9383,17,1.39,0.952,5,1.38,0.9452,1296,5
SPY190724C298,2019-07-23,2019-07-23 09:35:47,1.4,0.9589,65,1.37,0.9383,110,1.39,0.952,5,1.385,0.9486,1296,0
SPY190724C298,2019-07-23,2019-07-23 09:35:47,1.4,0.9589,65,1.38,0.9452,16,1.39,0.952,5,1.39,0.952,1296,0
SPY190724C298,2019-07-23,2019-07-23 09:35:48,1.4,0.9589,86,1.38,0.9452,10,1.39,0.952,5,1.39,0.952,1296,0
SPY190724C298,2019-07-23,2019-07-23 09:35:49,1.39,0.952,75,1.36,0.9315,8,1.39,0.952,5,1.375,0.9417,1296,0
SPY190724C298,2019-07-23,2019-07-23 09:35:49,1.4,0.9589,96,1.37,0.9383,16,1.39,0.952,5,1.385,0.9486,1296,0
SPY190724C298,2019-07-23,2019-07-23 09:35:50,1.38,0.9452,147,1.35,0.9246,18,1.39,0.952,5,1.365,0.9349,1296,0
SPY190724C298,2019-07-23,2019-07-23 09:35:50,1.38,0.9452,6,1.36,0.9315,10,1.39,0.952,5,1.37,0.9383,1296,0
SPY190724C298,2019-07-23,2019-07-23 09:35:51,1.38,0.9452,147,1.35,0.9246,18,1.39,0.952,5,1.365,0.9349,1296,0
SPY190724C298,2019-07-23,2019-07-23 09:35:52,1.38,0.9452,66,1.35,0.9246,16,1.39,0.952,5,1.365,0.9349,1296,0
SPY190724C298,2019-07-23,2019-07-23 09:35:52,1.38,0.9452,6,1.36,0.9315,16,1.39,0.952,5,1.37,0.9383,1296,0
SPY190724C298,2019-07-23,2019-07-23 09:35:53,1.38,0.9452,186,1.34,0.9178,12,1.39,0.952,5,1.36,0.9315,1296,0
SPY190724C298,2019-07-23,2019-07-23 09:35:54,1.37,0.9383,76,1.34,0.9178,16,1.39,0.952,5,1.355,0.928,1296,0
SPY190724C298,2019-07-23,2019-07-23 09:35:55,1.36,0.9315,72,1.33,0.9109,55,1.39,0.952,5,1.345,0.9212,1296,0
SPY190724C298,2019-07-23,2019-07-23 09:35:56,1.36,0.9315,85,1.33,0.9109,61,1.39,0.952,5,1.345,0.9212,1296,0
SPY190724C298,2019-07-23,2019-07-23 09:35:56,1.36,0.9315,90,1.33,0.9109,82,1.39,0.952,5,1.345,0.9212,1296,0
SPY190724C298,2019-07-23,2019-07-23 09:35:57,1.36,0.9315,95,1.33,0.9109,16,1.39,0.952,5,1.345,0.9212,1296,0
SPY190724C298,2019-07-23,2019-07-23 09:35:58,1.35,0.9246,96,1.32,0.9041,22,1.39,0.952,5,1.335,0.9143,1296,0
SPY190724C298,2019-07-23,2019-07-23 09:35:58,1.35,0.9246,45,1.31,0.8972,186,1.39,0.952,5,1.33,0.9109,1296,0
SPY190724C298,2019-07-23,2019-07-23 09:35:59,1.35,0.9246,96,1.32,0.9041,22,1.39,0.952,5,1.335,0.9143,1296,0
SPY190724C298,2019-07-23,2019-07-23 09:36:00,1.35,0.9246,120,1.32,0.9041,16,1.39,0.952,5,1.335,0.9143,1296,0
SPY190724C298,2019-07-23,2019-07-23 09:36:03,1.35,0.9246,193,1.32,0.9041,26,1.39,0.952,5,1.335,0.9143,1296,0
SPY190724C298,2019-07-23,2019-07-23 09:36:04,1.34,0.9178,26,1.32,0.9041,16,1.39,0.952,5,1.33,0.9109,1296,0
SPY190724C298,2019-07-23,2019-07-23 09:36:05,1.35,0.9246,187,1.32,0.9041,16,1.39,0.952,5,1.335,0.9143,1296,0
SPY190724C298,2019-07-23,2019-07-23 09:36:05,1.34,0.9178,16,1.32,0.9041,16,1.39,0.952,5,1.33,0.9109,1296,0
SPY190724C298,2019-07-23,2019-07-23 09:36:06,1.35,0.9246,229,1.32,0.9041,26,1.35,0.9246,3,1.335,0.9143,1299,3
SPY190724C298,2019-07-23,2019-07-23 09:36:07,1.35,0.9246,196,1.32,0.9041,26,1.35,0.9246,3,1.335,0.9143,1299,0
SPY190724C298,2019-07-23,2019-07-23 09:36:07,1.35,0.9246,219,1.32,0.9041,26,1.35,0.9246,3,1.335,0.9143,1299,0
SPY190724C298,2019-07-23,2019-07-23 09:36:08,1.35,0.9246,17,1.33,0.9109,8,1.35,0.9246,3,1.34,0.9178,1299,0
SPY190724C298,2019-07-23,2019-07-23 09:36:09,1.36,0.9315,186,1.33,0.9109,16,1.35,0.9246,3,1.345,0.9212,1299,0
SPY190724C298,2019-07-23,2019-07-23 09:36:09,1.35,0.9246,145,1.32,0.9041,106,1.35,0.9246,3,1.335,0.9143,1299,0
SPY190724C298,2019-07-23,2019-07-23 09:36:10,1.35,0.9246,10,1.33,0.9109,16,1.35,0.9246,3,1.34,0.9178,1299,0
SPY190724C298,2019-07-23,2019-07-23 09:36:11,1.36,0.9315,191,1.33,0.9109,16,1.35,0.9246,3,1.345,0.9212,1299,0
SPY190724C298,2019-07-23,2019-07-23 09:36:11,1.36,0.9315,106,1.33,0.9109,16,1.35,0.9246,3,1.345,0.9212,1299,0
SPY190724C298,2019-07-23,2019-07-23 09:36:12,1.36,0.9315,106,1.33,0.9109,62,1.35,0.9246,3,1.345,0.9212,1299,0
SPY190724C298,2019-07-23,2019-07-23 09:36:13,1.36,0.9315,12,1.34,0.9178,1,1.34,0.9178,1,1.35,0.9246,1300,1
SPY190724C298,2019-07-23,2019-07-23 09:36:13,1.34,0.9178,1,1.33,0.9109,26,1.35,0.9246,3,1.335,0.9143,1299,0
SPY190724C298,2019-07-23,2019-07-23 09:36:14,1.36,0.9315,22,1.33,0.9109,84,1.34,0.9178,1,1.345,0.9212,1300,0
SPY190724C298,2019-07-23,2019-07-23 09:36:15,1.36,0.9315,96,1.33,0.9109,26,1.34,0.9178,1,1.345,0.9212,1300,0
SPY190724C298,2019-07-23,2019-07-23 09:36:15,1.36,0.9315,96,1.33,0.9109,52,1.34,0.9178,1,1.345,0.9212,1300,0
SPY190724C298,2019-07-23,2019-07-23 09:36:16,1.36,0.9315,96,1.33,0.9109,26,1.34,0.9178,1,1.345,0.9212,1300,0
SPY190724C298,2019-07-23,2019-07-23 09:36:16,1.36,0.9315,157,1.33,0.9109,26,1.34,0.9178,1,1.345,0.9212,1300,0
SPY190724C298,2019-07-23,2019-07-23 09:36:17,1.36,0.9315,157,1.33,0.9109,26,1.34,0.9178,1,1.345,0.9212,1300,0
SPY190724C298,2019-07-23,2019-07-23 09:36:18,1.36,0.9315,96,1.33,0.9109,26,1.34,0.9178,1,1.345,0.9212,1300,0
SPY190724C298,2019-07-23,2019-07-23 09:36:19,1.36,0.9315,96,1.33,0.9109,52,1.34,0.9178,1,1.345,0.9212,1300,0
SPY190724C298,2019-07-23,2019-07-23 09:36:20,1.36,0.9315,96,1.33,0.9109,52,1.34,0.9178,1,1.345,0.9212,1300,0
SPY190724C298,2019-07-23,2019-07-23 09:36:21,1.36,0.9315,96,1.33,0.9109,52,1.34,0.9178,1,1.345,0.9212,1300,0
SPY190724C298,2019-07-23,2019-07-23 09:36:22,1.36,0.9315,96,1.33,0.9109,69,1.34,0.9178,1,1.345,0.9212,1300,0
SPY190724C298,2019-07-23,2019-07-23 09:36:23,1.36,0.9315,96,1.33,0.9109,69,1.34,0.9178,1,1.345,0.9212,1300,0
SPY190724C298,2019-07-23,2019-07-23 09:36:23,1.36,0.9315,66,1.33,0.9109,97,1.34,0.9178,1,1.345,0.9212,1300,0
SPY190724C298,2019-07-23,2019-07-23 09:36:24,1.36,0.9315,96,1.33,0.9109,69,1.34,0.9178,1,1.345,0.9212,1300,0
SPY190724C298,2019-07-23,2019-07-23 09:36:25,1.36,0.9315,96,1.33,0.9109,69,1.36,0.9315,1,1.345,0.9212,1301,1
SPY190724C298,2019-07-23,2019-07-23 09:36:26,1.36,0.9315,96,1.33,0.9109,69,1.36,0.9315,1,1.345,0.9212,1301,0
SPY190724C298,2019-07-23,2019-07-23 09:36:27,1.36,0.9315,96,1.33,0.9109,89,1.36,0.9315,1,1.345,0.9212,1301,0
SPY190724C298,2019-07-23,2019-07-23 09:36:28,1.36,0.9315,66,1.33,0.9109,69,1.36,0.9315,1,1.345,0.9212,1301,0
SPY190724C298,2019-07-23,2019-07-23 09:36:28,1.36,0.9315,96,1.33,0.9109,69,1.36,0.9315,1,1.345,0.9212,1301,0
SPY190724C298,2019-07-23,2019-07-23 09:36:29,1.36,0.9315,28,1.33,0.9109,94,1.36,0.9315,1,1.345,0.9212,1301,0
SPY190724C298,2019-07-23,2019-07-23 09:36:30,1.36,0.9315,28,1.33,0.9109,94,1.36,0.9315,1,1.345,0.9212,1301,0
SPY190724C298,2019-07-23,2019-07-23 09:36:31,1.36,0.9315,28,1.33,0.9109,78,1.36,0.9315,1,1.345,0.9212,1301,0
SPY190724C298,2019-07-23,2019-07-23 09:36:31,1.36,0.9315,28,1.33,0.9109,94,1.36,0.9315,1,1.345,0.9212,1301,0
SPY190724C298,2019-07-23,2019-07-23 09:36:32,1.37,0.9383,101,1.34,0.9178,196,1.36,0.9315,1,1.355,0.928,1301,0
SPY190724C298,2019-07-23,2019-07-23 09:36:32,1.37,0.9383,129,1.35,0.9246,14,1.36,0.9315,1,1.36,0.9315,1301,0
SPY190724C298,2019-07-23,2019-07-23 09:36:33,1.37,0.9383,177,1.33,0.9109,11,1.36,0.9315,1,1.35,0.9246,1301,0
SPY190724C298,2019-07-23,2019-07-23 09:36:34,1.37,0.9383,172,1.34,0.9178,76,1.36,0.9315,1,1.355,0.928,1301,0
SPY190724C298,2019-07-23,2019-07-23 09:36:35,1.35,0.9246,10,1.33,0.9109,66,1.36,0.9315,1,1.34,0.9178,1301,0
SPY190724C298,2019-07-23,2019-07-23 09:36:36,1.35,0.9246,118,1.33,0.9109,5,1.36,0.9315,1,1.34,0.9178,1301,0
SPY190724C298,2019-07-23,2019-07-23 09:36:37,1.35,0.9246,196,1.33,0.9109,5,1.36,0.9315,1,1.34,0.9178,1301,0
SPY190724C298,2019-07-23,2019-07-23 09:36:38,1.35,0.9246,100,1.33,0.9109,5,1.36,0.9315,1,1.34,0.9178,1301,0
SPY190724C298,2019-07-23,2019-07-23 09:36:39,1.35,0.9246,6,1.33,0.9109,26,1.36,0.9315,1,1.34,0.9178,1301,0
SPY190724C298,2019-07-23,2019-07-23 09:36:41,1.35,0.9246,15,1.33,0.9109,16,1.36,0.9315,1,1.34,0.9178,1301,0
SPY190724C298,2019-07-23,2019-07-23 09:36:45,1.36,0.9315,95,1.33,0.9109,280,1.35,0.9246,6,1.345,0.9212,1307,6
SPY190724C298,2019-07-23,2019-07-23 09:36:48,1.36,0.9315,41,1.33,0.9109,242,1.35,0.9246,6,1.345,0.9212,1307,0
SPY190724C298,2019-07-23,2019-07-23 09:36:49,1.36,0.9315,41,1.33,0.9109,242,1.35,0.9246,6,1.345,0.9212,1307,0
SPY190724C298,2019-07-23,2019-07-23 09:36:50,1.35,0.9246,1,1.33,0.9109,78,1.35,0.9246,6,1.34,0.9178,1307,0
SPY190724C298,2019-07-23,2019-07-23 09:36:52,1.35,0.9246,1,1.33,0.9109,120,1.35,0.9246,6,1.34,0.9178,1307,0
SPY190724C298,2019-07-23,2019-07-23 09:36:53,1.35,0.9246,1,1.34,0.9178,6,1.35,0.9246,6,1.345,0.9212,1307,0
SPY190724C298,2019-07-23,2019-07-23 09:36:55,1.35,0.9246,1,1.33,0.9109,36,1.35,0.9246,6,1.34,0.9178,1307,0
SPY190724C298,2019-07-23,2019-07-23 09:36:56,1.35,0.9246,10,1.33,0.9109,5,1.35,0.9246,6,1.34,0.9178,1307,0
SPY190724C298,2019-07-23,2019-07-23 09:36:56,1.35,0.9246,1,1.33,0.9109,5,1.35,0.9246,6,1.34,0.9178,1307,0
SPY190724C298,2019-07-23,2019-07-23 09:36:57,1.35,0.9246,1,1.33,0.9109,5,1.35,0.9246,6,1.34,0.9178,1307,0
SPY190724C298,2019-07-23,2019-07-23 09:36:58,1.35,0.9246,1,1.33,0.9109,52,1.35,0.9246,6,1.34,0.9178,1307,0
SPY190724C298,2019-07-23,2019-07-23 09:36:58,1.35,0.9246,1,1.34,0.9178,1,1.34,0.9178,2,1.345,0.9212,1309,2
SPY190724C298,2019-07-23,2019-07-23 09:36:59,1.35,0.9246,1,1.33,0.9109,22,1.34,0.9178,2,1.34,0.9178,1309,0
SPY190724C298,2019-07-23,2019-07-23 09:37:00,1.35,0.9246,100,1.33,0.9109,5,1.34,0.9178,2,1.34,0.9178,1309,0
SPY190724C298,2019-07-23,2019-07-23 09:37:01,1.35,0.9246,186,1.33,0.9109,5,1.34,0.9178,2,1.34,0.9178,1309,0
SPY190724C298,2019-07-23,2019-07-23 09:37:01,1.35,0.9246,1,1.33,0.9109,5,1.34,0.9178,2,1.34,0.9178,1309,0
SPY190724C298,2019-07-23,2019-07-23 09:37:02,1.35,0.9246,1,1.33,0.9109,12,1.34,0.9178,2,1.34,0.9178,1309,0
SPY190724C298,2019-07-23,2019-07-23 09:37:03,1.35,0.9246,1,1.33,0.9109,26,1.34,0.9178,2,1.34,0.9178,1309,0
SPY190724C298,2019-07-23,2019-07-23 09:37:03,1.34,0.9178,100,1.33,0.9109,26,1.34,0.9178,2,1.335,0.9143,1309,0
SPY190724C298,2019-07-23,2019-07-23 09:37:04,1.34,0.9178,100,1.33,0.9109,26,1.34,0.9178,2,1.335,0.9143,1309,0
SPY190724C298,2019-07-23,2019-07-23 09:37:04,1.34,0.9178,100,1.33,0.9109,5,1.34,0.9178,2,1.335,0.9143,1309,0
SPY190724C298,2019-07-23,2019-07-23 09:37:05,1.34,0.9178,100,1.33,0.9109,5,1.34,0.9178,2,1.335,0.9143,1309,0
SPY190724C298,2019-07-23,2019-07-23 09:37:06,1.35,0.9246,120,1.33,0.9109,5,1.34,0.9178,2,1.34,0.9178,1309,0
SPY190724C298,2019-07-23,2019-07-23 09:37:08,1.35,0.9246,1,1.33,0.9109,24,1.34,0.9178,2,1.34,0.9178,1309,0
SPY190724C298,2019-07-23,2019-07-23 09:37:09,1.35,0.9246,11,1.33,0.9109,16,1.34,0.9178,2,1.34,0.9178,1309,0
SPY190724C298,2019-07-23,2019-07-23 09:37:11,1.35,0.9246,11,1.33,0.9109,54,1.34,0.9178,2,1.34,0.9178,1309,0
SPY190724C298,2019-07-23,2019-07-23 09:37:12,1.35,0.9246,1,1.33,0.9109,26,1.34,0.9178,2,1.34,0.9178,1309,0
SPY190724C298,2019-07-23,2019-07-23 09:37:13,1.35,0.9246,1,1.33,0.9109,26,1.34,0.9178,2,1.34,0.9178,1309,0
SPY190724C298,2019-07-23,2019-07-23 09:37:14,1.35,0.9246,1,1.33,0.9109,26,1.35,0.9246,15,1.34,0.9178,1324,15
SPY190724C298,2019-07-23,2019-07-23 09:37:15,1.35,0.9246,1,1.33,0.9109,23,1.35,0.9246,15,1.34,0.9178,1324,0
SPY190724C298,2019-07-23,2019-07-23 09:37:15,1.35,0.9246,1,1.33,0.9109,64,1.35,0.9246,15,1.34,0.9178,1324,0
SPY190724C298,2019-07-23,2019-07-23 09:37:16,1.35,0.9246,1,1.33,0.9109,94,1.35,0.9246,15,1.34,0.9178,1324,0
SPY190724C298,2019-07-23,2019-07-23 09:37:17,1.35,0.9246,1,1.33,0.9109,57,1.35,0.9246,15,1.34,0.9178,1324,0
SPY190724C298,2019-07-23,2019-07-23 09:37:18,1.35,0.9246,1,1.33,0.9109,26,1.35,0.9246,15,1.34,0.9178,1324,0
SPY190724C298,2019-07-23,2019-07-23 09:37:18,1.35,0.9246,1,1.33,0.9109,57,1.35,0.9246,15,1.34,0.9178,1324,0
SPY190724C298,2019-07-23,2019-07-23 09:37:19,1.34,0.9178,100,1.33,0.9109,5,1.35,0.9246,15,1.335,0.9143,1324,0
SPY190724C298,2019-07-23,2019-07-23 09:37:20,1.34,0.9178,100,1.33,0.9109,5,1.35,0.9246,15,1.335,0.9143,1324,0
SPY190724C298,2019-07-23,2019-07-23 09:37:20,1.35,0.9246,186,1.33,0.9109,5,1.35,0.9246,15,1.34,0.9178,1324,0
SPY190724C298,2019-07-23,2019-07-23 09:37:21,1.35,0.9246,186,1.33,0.9109,5,1.35,0.9246,15,1.34,0.9178,1324,0
SPY190724C298,2019-07-23,2019-07-23 09:37:22,1.35,0.9246,186,1.33,0.9109,5,1.35,0.9246,15,1.34,0.9178,1324,0
SPY190724C298,2019-07-23,2019-07-23 09:37:23,1.35,0.9246,120,1.33,0.9109,5,1.35,0.9246,15,1.34,0.9178,1324,0
SPY190724C298,2019-07-23,2019-07-23 09:37:24,1.35,0.9246,120,1.33,0.9109,5,1.35,0.9246,15,1.34,0.9178,1324,0
SPY190724C298,2019-07-23,2019-07-23 09:37:24,1.35,0.9246,191,1.33,0.9109,5,1.35,0.9246,15,1.34,0.9178,1324,0
SPY190724C298,2019-07-23,2019-07-23 09:37:25,1.34,0.9178,16,1.33,0.9109,5,1.35,0.9246,15,1.335,0.9143,1324,0
SPY190724C298,2019-07-23,2019-07-23 09:37:27,1.35,0.9246,186,1.33,0.9109,5,1.35,0.9246,15,1.34,0.9178,1324,0
SPY190724C298,2019-07-23,2019-07-23 09:37:28,1.35,0.9246,186,1.33,0.9109,5,1.35,0.9246,15,1.34,0.9178,1324,0
SPY190724C298,2019-07-23,2019-07-23 09:37:29,1.35,0.9246,186,1.33,0.9109,5,1.35,0.9246,15,1.34,0.9178,1324,0
SPY190724C298,2019-07-23,2019-07-23 09:37:30,1.35,0.9246,186,1.33,0.9109,5,1.35,0.9246,15,1.34,0.9178,1324,0
SPY190724C298,2019-07-23,2019-07-23 09:37:31,1.35,0.9246,186,1.33,0.9109,5,1.35,0.9246,15,1.34,0.9178,1324,0
SPY190724C298,2019-07-23,2019-07-23 09:37:32,1.35,0.9246,196,1.33,0.9109,5,1.35,0.9246,15,1.34,0.9178,1324,0
SPY190724C298,2019-07-23,2019-07-23 09:37:33,1.35,0.9246,186,1.33,0.9109,5,1.35,0.9246,15,1.34,0.9178,1324,0
SPY190724C298,2019-07-23,2019-07-23 09:37:33,1.34,0.9178,1,1.33,0.9109,5,1.35,0.9246,15,1.335,0.9143,1324,0
SPY190724C298,2019-07-23,2019-07-23 09:37:34,1.34,0.9178,9,1.33,0.9109,5,1.35,0.9246,15,1.335,0.9143,1324,0
SPY190724C298,2019-07-23,2019-07-23 09:37:35,1.34,0.9178,42,1.33,0.9109,5,1.35,0.9246,15,1.335,0.9143,1324,0
SPY190724C298,2019-07-23,2019-07-23 09:37:35,1.34,0.9178,53,1.33,0.9109,5,1.35,0.9246,15,1.335,0.9143,1324,0
SPY190724C298,2019-07-23,2019-07-23 09:37:36,1.34,0.9178,42,1.33,0.9109,5,1.35,0.9246,15,1.335,0.9143,1324,0
SPY190724C298,2019-07-23,2019-07-23 09:37:37,1.34,0.9178,43,1.33,0.9109,5,1.35,0.9246,15,1.335,0.9143,1324,0
SPY190724C298,2019-07-23,2019-07-23 09:37:38,1.33,0.9109,176,1.3,0.8904,6,1.33,0.9109,5,1.315,0.9006,1329,5
SPY190724C298,2019-07-23,2019-07-23 09:37:39,1.33,0.9109,186,1.3,0.8904,18,1.33,0.9109,5,1.315,0.9006,1329,0
SPY190724C298,2019-07-23,2019-07-23 09:37:40,1.33,0.9109,186,1.3,0.8904,26,1.33,0.9109,5,1.315,0.9006,1329,0
SPY190724C298,2019-07-23,2019-07-23 09:37:40,1.33,0.9109,196,1.3,0.8904,26,1.33,0.9109,5,1.315,0.9006,1329,0
SPY190724C298,2019-07-23,2019-07-23 09:37:41,1.31,0.8972,198,1.28,0.8767,20,1.33,0.9109,5,1.295,0.8869,1329,0
SPY190724C298,2019-07-23,2019-07-23 09:37:41,1.32,0.9041,100,1.3,0.8904,10,1.33,0.9109,5,1.31,0.8972,1329,0
SPY190724C298,2019-07-23,2019-07-23 09:37:42,1.31,0.8972,198,1.28,0.8767,16,1.33,0.9109,5,1.295,0.8869,1329,0
SPY190724C298,2019-07-23,2019-07-23 09:37:43,1.3,0.8904,106,1.27,0.8698,34,1.33,0.9109,5,1.285,0.8801,1329,0
SPY190724C298,2019-07-23,2019-07-23 09:37:44,1.29,0.8835,98,1.26,0.863,193,1.33,0.9109,5,1.275,0.8732,1329,0
SPY190724C298,2019-07-23,2019-07-23 09:37:44,1.29,0.8835,36,1.27,0.8698,36,1.33,0.9109,5,1.28,0.8767,1329,0
SPY190724C298,2019-07-23,2019-07-23 09:37:45,1.29,0.8835,36,1.26,0.863,203,1.33,0.9109,5,1.275,0.8732,1329,0
SPY190724C298,2019-07-23,2019-07-23 09:37:45,1.29,0.8835,98,1.26,0.863,203,1.33,0.9109,5,1.275,0.8732,1329,0
SPY190724C298,2019-07-23,2019-07-23 09:37:46,1.29,0.8835,98,1.26,0.863,203,1.33,0.9109,5,1.275,0.8732,1329,0
SPY190724C298,2019-07-23,2019-07-23 09:37:47,1.29,0.8835,108,1.26,0.863,36,1.33,0.9109,5,1.275,0.8732,1329,0
SPY190724C298,2019-07-23,2019-07-23 09:37:47,1.29,0.8835,110,1.26,0.863,203,1.33,0.9109,5,1.275,0.8732,1329,0
SPY190724C298,2019-07-23,2019-07-23 09:37:48,1.28,0.8767,208,1.25,0.8561,20,1.33,0.9109,5,1.265,0.8664,1329,0
SPY190724C298,2019-07-23,2019-07-23 09:37:48,1.28,0.8767,198,1.25,0.8561,20,1.33,0.9109,5,1.265,0.8664,1329,0
SPY190724C298,2019-07-23,2019-07-23 09:37:49,1.27,0.8698,26,1.24,0.8493,193,1.33,0.9109,5,1.255,0.8595,1329,0
SPY190724C298,2019-07-23,2019-07-23 09:37:50,1.27,0.8698,86,1.24,0.8493,12,1.33,0.9109,5,1.255,0.8595,1329,0
SPY190724C298,2019-07-23,2019-07-23 09:37:50,1.27,0.8698,96,1.24,0.8493,120,1.33,0.9109,5,1.255,0.8595,1329,0
SPY190724C298,2019-07-23,2019-07-23 09:37:51,1.27,0.8698,125,1.24,0.8493,32,1.33,0.9109,5,1.255,0.8595,1329,0
SPY190724C298,2019-07-23,2019-07-23 09:37:51,1.27,0.8698,93,1.25,0.8561,100,1.33,0.9109,5,1.26,0.863,1329,0
SPY190724C298,2019-07-23,2019-07-23 09:37:52,1.27,0.8698,93,1.25,0.8561,110,1.33,0.9109,5,1.26,0.863,1329,0
SPY190724C298,2019-07-23,2019-07-23 09:37:53,1.26,0.863,10,1.24,0.8493,163,1.33,0.9109,5,1.25,0.8561,1329,0
SPY190724C298,2019-07-23,2019-07-23 09:37:53,1.27,0.8698,93,1.24,0.8493,163,1.33,0.9109,5,1.255,0.8595,1329,0
SPY190724C298,2019-07-23,2019-07-23 09:37:54,1.29,0.8835,200,1.26,0.863,20,1.26,0.863,1,1.275,0.8732,1340,11
SPY190724C298,2019-07-23,2019-07-23 09:37:54,1.26,0.863,10,1.24,0.8493,163,1.33,0.9109,5,1.25,0.8561,1329,0
SPY190724C298,2019-07-23,2019-07-23 09:37:55,1.29,0.8835,121,1.26,0.863,37,1.26,0.863,1,1.275,0.8732,1340,0
SPY190724C298,2019-07-23,2019-07-23 09:37:56,1.28,0.8767,46,1.25,0.8561,100,1.26,0.863,1,1.265,0.8664,1340,0
SPY190724C298,2019-07-23,2019-07-23 09:37:57,1.27,0.8698,61,1.25,0.8561,20,1.26,0.863,1,1.26,0.863,1340,0
SPY190724C298,2019-07-23,2019-07-23 09:37:57,1.27,0.8698,20,1.25,0.8561,38,1.2,0.8219,3,1.26,0.863,1434,94
SPY190724C298,2019-07-23,2019-07-23 09:37:58,1.25,0.8561,175,1.2,0.8219,5,1.2,0.8219,3,1.225,0.839,1434,0
SPY190724C298,2019-07-23,2019-07-23 09:37:59,1.18,0.8082,158,1.18,0.8082,6,1.14,0.7808,6,1.18,0.8082,1440,6
SPY190724C298,2019-07-23,2019-07-23 09:37:59,1.19,0.815,100,1.2,0.8219,5,1.2,0.8219,3,1.195,0.8184,1434,0
SPY190724C298,2019-07-23,2019-07-23 09:38:00,1.17,0.8013,40,1.15,0.7876,10,1.14,0.7808,6,1.16,0.7945,1440,0
SPY190724C298,2019-07-23,2019-07-23 09:38:00,1.17,0.8013,40,1.15,0.7876,36,1.14,0.7808,6,1.16,0.7945,1440,0
SPY190724C298,2019-07-23,2019-07-23 09:38:01,1.17,0.8013,30,1.15,0.7876,10,1.14,0.7808,6,1.16,0.7945,1440,0
SPY190724C298,2019-07-23,2019-07-23 09:38:02,1.17,0.8013,30,1.15,0.7876,36,1.14,0.7808,6,1.16,0.7945,1440,0
SPY190724C298,2019-07-23,2019-07-23 09:38:02,1.18,0.8082,46,1.15,0.7876,36,1.14,0.7808,6,1.165,0.7979,1440,0
SPY190724C298,2019-07-23,2019-07-23 09:38:03,1.2,0.8219,105,1.16,0.7945,105,1.14,0.7808,6,1.18,0.8082,1440,0
SPY190724C298,2019-07-23,2019-07-23 09:38:03,1.19,0.815,1,1.18,0.8082,30,1.19,0.815,1,1.185,0.8116,1441,1
SPY190724C298,2019-07-23,2019-07-23 09:38:04,1.2,0.8219,78,1.18,0.8082,100,1.19,0.815,1,1.19,0.815,1442,1
SPY190724C298,2019-07-23,2019-07-23 09:38:05,1.22,0.8356,124,1.2,0.8219,24,1.19,0.815,1,1.21,0.8287,1443,0
SPY190724C298,2019-07-23,2019-07-23 09:38:05,1.2,0.8219,25,1.19,0.815,1,1.19,0.815,1,1.195,0.8184,1443,1
SPY190724C298,2019-07-23,2019-07-23 09:38:06,1.22,0.8356,124,1.2,0.8219,101,1.19,0.815,1,1.21,0.8287,1443,0
SPY190724C298,2019-07-23,2019-07-23 09:38:06,1.23,0.8424,24,1.21,0.8287,24,1.19,0.815,1,1.22,0.8356,1443,0
SPY190724C298,2019-07-23,2019-07-23 09:38:07,1.22,0.8356,24,1.2,0.8219,26,1.21,0.8287,1,1.21,0.8287,1445,0
SPY190724C298,2019-07-23,2019-07-23 09:38:07,1.22,0.8356,76,1.19,0.815,69,1.21,0.8287,1,1.205,0.8253,1445,2
SPY190724C298,2019-07-23,2019-07-23 09:38:08,1.22,0.8356,191,1.2,0.8219,26,1.21,0.8287,1,1.21,0.8287,1445,0
SPY190724C298,2019-07-23,2019-07-23 09:38:09,1.22,0.8356,176,1.2,0.8219,36,1.21,0.8287,1,1.21,0.8287,1445,0
SPY190724C298,2019-07-23,2019-07-23 09:38:11,1.22,0.8356,108,1.2,0.8219,20,1.21,0.8287,1,1.21,0.8287,1445,0
SPY190724C298,2019-07-23,2019-07-23 09:38:11,1.21,0.8287,134,1.18,0.8082,36,1.21,0.8287,1,1.195,0.8184,1445,0
SPY190724C298,2019-07-23,2019-07-23 09:38:12,1.2,0.8219,66,1.18,0.8082,80,1.21,0.8287,1,1.19,0.815,1445,0
SPY190724C298,2019-07-23,2019-07-23 09:38:13,1.19,0.815,98,1.16,0.7945,26,1.21,0.8287,1,1.175,0.8047,1445,0
SPY190724C298,2019-07-23,2019-07-23 09:38:13,1.19,0.815,101,1.16,0.7945,212,1.21,0.8287,1,1.175,0.8047,1445,0
SPY190724C298,2019-07-23,2019-07-23 09:38:14,1.2,0.8219,169,1.18,0.8082,20,1.21,0.8287,1,1.19,0.815,1445,0
SPY190724C298,2019-07-23,2019-07-23 09:38:14,1.19,0.815,24,1.18,0.8082,20,1.21,0.8287,1,1.185,0.8116,1445,0
SPY190724C298,2019-07-23,2019-07-23 09:38:15,1.19,0.815,24,1.17,0.8013,44,1.21,0.8287,1,1.18,0.8082,1445,0
SPY190724C298,2019-07-23,2019-07-23 09:38:16,1.2,0.8219,134,1.17,0.8013,52,1.21,0.8287,1,1.185,0.8116,1445,0
SPY190724C298,2019-07-23,2019-07-23 09:38:17,1.2,0.8219,208,1.18,0.8082,20,1.21,0.8287,1,1.19,0.815,1445,0
SPY190724C298,2019-07-23,2019-07-23 09:38:18,1.2,0.8219,196,1.18,0.8082,26,1.21,0.8287,1,1.19,0.815,1445,0
SPY190724C298,2019-07-23,2019-07-23 09:38:18,1.19,0.815,5,1.18,0.8082,50,1.19,0.815,1,1.185,0.8116,1446,1
SPY190724C298,2019-07-23,2019-07-23 09:38:19,1.2,0.8219,12,1.18,0.8082,49,1.2,0.8219,1,1.19,0.815,1451,5
SPY190724C298,2019-07-23,2019-07-23 09:38:19,1.21,0.8287,226,1.19,0.815,16,1.2,0.8219,1,1.2,0.8219,1451,0
SPY190724C298,2019-07-23,2019-07-23 09:38:20,1.2,0.8219,24,1.18,0.8082,26,1.2,0.8219,1,1.19,0.815,1451,0
SPY190724C298,2019-07-23,2019-07-23 09:38:21,1.2,0.8219,24,1.19,0.815,24,1.19,0.815,1,1.195,0.8184,1462,11
SPY190724C298,2019-07-23,2019-07-23 09:38:21,1.2,0.8219,24,1.18,0.8082,51,1.2,0.8219,1,1.19,0.815,1451,0
SPY190724C298,2019-07-23,2019-07-23 09:38:22,1.2,0.8219,3,1.18,0.8082,100,1.19,0.815,1,1.19,0.815,1462,0
SPY190724C298,2019-07-23,2019-07-23 09:38:22,1.2,0.8219,3,1.19,0.815,24,1.19,0.815,1,1.195,0.8184,1462,0
SPY190724C298,2019-07-23,2019-07-23 09:38:23,1.2,0.8219,3,1.19,0.815,41,1.19,0.815,1,1.195,0.8184,1463,0
SPY190724C298,2019-07-23,2019-07-23 09:38:23,1.19,0.815,1,1.19,0.815,41,1.19,0.815,1,1.19,0.815,1463,1
SPY190724C298,2019-07-23,2019-07-23 09:38:24,1.2,0.8219,24,1.19,0.815,41,1.18,0.8082,32,1.195,0.8184,1663,200
SPY190724C298,2019-07-23,2019-07-23 09:38:25,1.2,0.8219,30,1.19,0.815,41,1.18,0.8082,32,1.195,0.8184,1663,0
SPY190724C298,2019-07-23,2019-07-23 09:38:26,1.19,0.815,178,1.17,0.8013,24,1.18,0.8082,32,1.18,0.8082,1663,0
SPY190724C298,2019-07-23,2019-07-23 09:38:26,1.2,0.8219,224,1.17,0.8013,136,1.18,0.8082,32,1.185,0.8116,1663,0
SPY190724C298,2019-07-23,2019-07-23 09:38:27,1.19,0.815,106,1.17,0.8013,20,1.19,0.815,1,1.18,0.8082,1664,0
SPY190724C298,2019-07-23,2019-07-23 09:38:27,1.19,0.815,178,1.17,0.8013,24,1.19,0.815,1,1.18,0.8082,1664,1
SPY190724C298,2019-07-23,2019-07-23 09:38:28,1.19,0.815,192,1.17,0.8013,24,1.19,0.815,1,1.18,0.8082,1664,0
SPY190724C298,2019-07-23,2019-07-23 09:38:29,1.19,0.815,192,1.17,0.8013,36,1.19,0.815,1,1.18,0.8082,1664,0
SPY190724C298,2019-07-23,2019-07-23 09:38:30,1.19,0.815,147,1.17,0.8013,24,1.19,0.815,1,1.18,0.8082,1664,0
SPY190724C298,2019-07-23,2019-07-23 09:38:30,1.19,0.815,112,1.17,0.8013,58,1.19,0.815,1,1.18,0.8082,1664,0
SPY190724C298,2019-07-23,2019-07-23 09:38:31,1.19,0.815,152,1.17,0.8013,23,1.19,0.815,1,1.18,0.8082,1664,0
SPY190724C298,2019-07-23,2019-07-23 09:38:32,1.19,0.815,182,1.17,0.8013,23,1.19,0.815,1,1.18,0.8082,1664,0
SPY190724C298,2019-07-23,2019-07-23 09:38:32,1.19,0.815,113,1.17,0.8013,46,1.19,0.815,1,1.18,0.8082,1664,0
SPY190724C298,2019-07-23,2019-07-23 09:38:33,1.19,0.815,186,1.16,0.7945,199,1.19,0.815,1,1.175,0.8047,1664,0
SPY190724C298,2019-07-23,2019-07-23 09:38:34,1.19,0.815,181,1.16,0.7945,123,1.19,0.815,1,1.175,0.8047,1664,0
SPY190724C298,2019-07-23,2019-07-23 09:38:34,1.2,0.8219,140,1.16,0.7945,123,1.19,0.815,1,1.18,0.8082,1664,0
SPY190724C298,2019-07-23,2019-07-23 09:38:35,1.2,0.8219,230,1.18,0.8082,26,1.18,0.8082,1,1.19,0.815,1665,1
SPY190724C298,2019-07-23,2019-07-23 09:38:35,1.2,0.8219,230,1.18,0.8082,1,1.18,0.8082,1,1.19,0.815,1665,0
SPY190724C298,2019-07-23,2019-07-23 09:38:36,1.2,0.8219,230,1.18,0.8082,26,1.18,0.8082,3,1.19,0.815,1668,3
SPY190724C298,2019-07-23,2019-07-23 09:38:36,1.2,0.8219,230,1.18,0.8082,36,1.18,0.8082,1,1.19,0.815,1665,0
SPY190724C298,2019-07-23,2019-07-23 09:38:37,1.2,0.8219,230,1.18,0.8082,26,1.18,0.8082,3,1.19,0.815,1668,0
SPY190724C298,2019-07-23,2019-07-23 09:38:38,1.2,0.8219,230,1.18,0.8082,26,1.18,0.8082,3,1.19,0.815,1668,0
SPY190724C298,2019-07-23,2019-07-23 09:38:38,1.2,0.8219,230,1.18,0.8082,52,1.18,0.8082,3,1.19,0.815,1668,0
SPY190724C298,2019-07-23,2019-07-23 09:38:39,1.2,0.8219,230,1.18,0.8082,52,1.18,0.8082,50,1.19,0.815,1718,50
SPY190724C298,2019-07-23,2019-07-23 09:38:39,1.2,0.8219,230,1.18,0.8082,42,1.18,0.8082,50,1.19,0.815,1718,0
SPY190724C298,2019-07-23,2019-07-23 09:38:40,1.2,0.8219,35,1.19,0.815,6,1.18,0.8082,6,1.195,0.8184,1724,6
SPY190724C298,2019-07-23,2019-07-23 09:38:40,1.2,0.8219,230,1.18,0.8082,42,1.18,0.8082,50,1.19,0.815,1718,0
SPY190724C298,2019-07-23,2019-07-23 09:38:41,1.2,0.8219,24,1.18,0.8082,168,1.2,0.8219,1,1.19,0.815,1725,1
SPY190724C298,2019-07-23,2019-07-23 09:38:42,1.2,0.8219,10,1.19,0.815,30,1.2,0.8219,1,1.195,0.8184,1725,0
SPY190724C298,2019-07-23,2019-07-23 09:38:42,1.2,0.8219,10,1.19,0.815,60,1.2,0.8219,1,1.195,0.8184,1725,0
SPY190724C298,2019-07-23,2019-07-23 09:38:43,1.22,0.8356,205,1.2,0.8219,1,1.2,0.8219,10,1.21,0.8287,1736,0
SPY190724C298,2019-07-23,2019-07-23 09:38:43,1.22,0.8356,205,1.2,0.8219,1,1.2,0.8219,10,1.21,0.8287,1736,11
SPY190724C298,2019-07-23,2019-07-23 09:38:44,1.22,0.8356,24,1.21,0.8287,26,1.2,0.8219,10,1.215,0.8321,1736,0
SPY190724C298,2019-07-23,2019-07-23 09:38:44,1.22,0.8356,134,1.2,0.8219,60,1.2,0.8219,10,1.21,0.8287,1736,0
SPY190724C298,2019-07-23,2019-07-23 09:38:45,1.22,0.8356,164,1.2,0.8219,20,1.2,0.8219,10,1.21,0.8287,1736,0
SPY190724C298,2019-07-23,2019-07-23 09:38:45,1.22,0.8356,24,1.21,0.8287,26,1.2,0.8219,10,1.215,0.8321,1736,0
SPY190724C298,2019-07-23,2019-07-23 09:38:46,1.21,0.8287,38,1.2,0.8219,26,1.2,0.8219,10,1.205,0.8253,1736,0
SPY190724C298,2019-07-23,2019-07-23 09:38:47,1.21,0.8287,85,1.19,0.815,50,1.2,0.8219,10,1.2,0.8219,1736,0
SPY190724C298,2019-07-23,2019-07-23 09:38:48,1.21,0.8287,100,1.19,0.815,50,1.2,0.8219,10,1.2,0.8219,1736,0
SPY190724C298,2019-07-23,2019-07-23 09:38:48,1.21,0.8287,88,1.19,0.815,50,1.2,0.8219,10,1.2,0.8219,1736,0
SPY190724C298,2019-07-23,2019-07-23 09:38:49,1.2,0.8219,114,1.18,0.8082,38,1.2,0.8219,10,1.19,0.815,1736,0
SPY190724C298,2019-07-23,2019-07-23 09:38:49,1.21,0.8287,210,1.18,0.8082,38,1.2,0.8219,10,1.195,0.8184,1736,0
SPY190724C298,2019-07-23,2019-07-23 09:38:50,1.2,0.8219,114,1.18,0.8082,20,1.2,0.8219,10,1.19,0.815,1736,0
SPY190724C298,2019-07-23,2019-07-23 09:38:51,1.2,0.8219,114,1.18,0.8082,38,1.2,0.8219,10,1.19,0.815,1736,0
SPY190724C298,2019-07-23,2019-07-23 09:38:51,1.2,0.8219,114,1.18,0.8082,20,1.2,0.8219,10,1.19,0.815,1736,0
SPY190724C298,2019-07-23,2019-07-23 09:38:52,1.2,0.8219,114,1.17,0.8013,32,1.2,0.8219,10,1.185,0.8116,1736,0
SPY190724C298,2019-07-23,2019-07-23 09:38:52,1.19,0.815,135,1.17,0.8013,20,1.2,0.8219,10,1.18,0.8082,1736,0
SPY190724C298,2019-07-23,2019-07-23 09:38:53,1.18,0.8082,78,1.16,0.7945,64,1.2,0.8219,10,1.17,0.8013,1736,0
SPY190724C298,2019-07-23,2019-07-23 09:38:54,1.18,0.8082,82,1.16,0.7945,60,1.18,0.8082,2,1.17,0.8013,1738,0
SPY190724C298,2019-07-23,2019-07-23 09:38:54,1.18,0.8082,36,1.16,0.7945,60,1.18,0.8082,2,1.17,0.8013,1738,2
SPY190724C298,2019-07-23,2019-07-23 09:38:55,1.18,0.8082,82,1.16,0.7945,54,1.18,0.8082,2,1.17,0.8013,1738,0
SPY190724C298,2019-07-23,2019-07-23 09:38:56,1.18,0.8082,82,1.16,0.7945,54,1.18,0.8082,2,1.17,0.8013,1738,0
SPY190724C298,2019-07-23,2019-07-23 09:38:57,1.18,0.8082,242,1.15,0.7876,45,1.18,0.8082,2,1.165,0.7979,1738,0
SPY190724C298,2019-07-23,2019-07-23 09:38:58,1.18,0.8082,10,1.15,0.7876,56,1.18,0.8082,2,1.165,0.7979,1738,0
SPY190724C298,2019-07-23,2019-07-23 09:38:58,1.19,0.815,24,1.17,0.8013,101,1.18,0.8082,2,1.18,0.8082,1738,0
SPY190724C298,2019-07-23,2019-07-23 09:38:59,1.19,0.815,24,1.18,0.8082,58,1.18,0.8082,2,1.185,0.8116,1738,0
SPY190724C298,2019-07-23,2019-07-23 09:38:59,1.19,0.815,24,1.18,0.8082,68,1.18,0.8082,2,1.185,0.8116,1738,0
SPY190724C298,2019-07-23,2019-07-23 09:39:00,1.19,0.815,24,1.18,0.8082,49,1.18,0.8082,2,1.185,0.8116,1738,0
SPY190724C298,2019-07-23,2019-07-23 09:39:01,1.21,0.8287,92,1.19,0.815,50,1.18,0.8082,2,1.2,0.8219,1738,0
SPY190724C298,2019-07-23,2019-07-23 09:39:01,1.21,0.8287,24,1.19,0.815,60,1.21,0.8287,20,1.2,0.8219,1758,20
SPY190724C298,2019-07-23,2019-07-23 09:39:02,1.21,0.8287,24,1.19,0.815,129,1.21,0.8287,20,1.2,0.8219,1758,0
SPY190724C298,2019-07-23,2019-07-23 09:39:03,1.2,0.8219,181,1.18,0.8082,41,1.21,0.8287,100,1.19,0.815,1858,100
SPY190724C298,2019-07-23,2019-07-23 09:39:04,1.21,0.8287,206,1.19,0.815,42,1.21,0.8287,100,1.2,0.8219,1858,0
SPY190724C298,2019-07-23,2019-07-23 09:39:04,1.2,0.8219,76,1.18,0.8082,132,1.21,0.8287,100,1.19,0.815,1858,0
SPY190724C298,2019-07-23,2019-07-23 09:39:05,1.2,0.8219,86,1.18,0.8082,46,1.21,0.8287,100,1.19,0.815,1858,0
SPY190724C298,2019-07-23,2019-07-23 09:39:05,1.2,0.8219,86,1.18,0.8082,142,1.21,0.8287,100,1.19,0.815,1858,0
SPY190724C298,2019-07-23,2019-07-23 09:39:06,1.2,0.8219,70,1.18,0.8082,46,1.21,0.8287,100,1.19,0.815,1858,0
SPY190724C298,2019-07-23,2019-07-23 09:39:06,1.2,0.8219,86,1.18,0.8082,46,1.21,0.8287,100,1.19,0.815,1858,0
SPY190724C298,2019-07-23,2019-07-23 09:39:07,1.2,0.8219,86,1.18,0.8082,56,1.21,0.8287,100,1.19,0.815,1858,0
SPY190724C298,2019-07-23,2019-07-23 09:39:07,1.2,0.8219,86,1.18,0.8082,76,1.21,0.8287,100,1.19,0.815,1858,0
SPY190724C298,2019-07-23,2019-07-23 09:39:08,1.2,0.8219,86,1.18,0.8082,76,1.21,0.8287,100,1.19,0.815,1858,0
SPY190724C298,2019-07-23,2019-07-23 09:39:08,1.2,0.8219,86,1.18,0.8082,114,1.21,0.8287,100,1.19,0.815,1858,0
SPY190724C298,2019-07-23,2019-07-23 09:39:09,1.2,0.8219,86,1.19,0.815,21,1.21,0.8287,100,1.195,0.8184,1858,0
SPY190724C298,2019-07-23,2019-07-23 09:39:10,1.2,0.8219,86,1.18,0.8082,56,1.21,0.8287,100,1.19,0.815,1858,0
SPY190724C298,2019-07-23,2019-07-23 09:39:10,1.2,0.8219,86,1.18,0.8082,76,1.21,0.8287,100,1.19,0.815,1858,0
SPY190724C298,2019-07-23,2019-07-23 09:39:11,1.2,0.8219,30,1.18,0.8082,73,1.21,0.8287,100,1.19,0.815,1858,0
SPY190724C298,2019-07-23,2019-07-23 09:39:12,1.21,0.8287,205,1.18,0.8082,100,1.21,0.8287,100,1.195,0.8184,1858,0
SPY190724C298,2019-07-23,2019-07-23 09:39:12,1.21,0.8287,193,1.18,0.8082,100,1.21,0.8287,100,1.195,0.8184,1858,0
SPY190724C298,2019-07-23,2019-07-23 09:39:13,1.21,0.8287,174,1.19,0.815,30,1.21,0.8287,100,1.2,0.8219,1858,0
SPY190724C298,2019-07-23,2019-07-23 09:39:13,1.21,0.8287,92,1.19,0.815,114,1.21,0.8287,100,1.2,0.8219,1858,0
SPY190724C298,2019-07-23,2019-07-23 09:39:14,1.21,0.8287,92,1.19,0.815,114,1.21,0.8287,100,1.2,0.8219,1858,0
SPY190724C298,2019-07-23,2019-07-23 09:39:15,1.21,0.8287,92,1.19,0.815,45,1.21,0.8287,100,1.2,0.8219,1858,0
SPY190724C298,2019-07-23,2019-07-23 09:39:15,1.21,0.8287,47,1.2,0.8219,60,1.21,0.8287,100,1.205,0.8253,1858,0
SPY190724C298,2019-07-23,2019-07-23 09:39:16,1.21,0.8287,100,1.19,0.815,50,1.21,0.8287,100,1.2,0.8219,1858,0
SPY190724C298,2019-07-23,2019-07-23 09:39:17,1.21,0.8287,22,1.19,0.815,122,1.21,0.8287,100,1.2,0.8219,1858,0
SPY190724C298,2019-07-23,2019-07-23 09:39:17,1.21,0.8287,100,1.19,0.815,122,1.21,0.8287,100,1.2,0.8219,1858,0
SPY190724C298,2019-07-23,2019-07-23 09:39:18,1.2,0.8219,111,1.17,0.8013,138,1.21,0.8287,100,1.185,0.8116,1858,0
SPY190724C298,2019-07-23,2019-07-23 09:39:19,1.2,0.8219,71,1.14,0.7808,100,1.21,0.8287,100,1.17,0.8013,1858,0
SPY190724C298,2019-07-23,2019-07-23 09:39:19,1.2,0.8219,111,1.18,0.8082,50,1.21,0.8287,100,1.19,0.815,1858,0
SPY190724C298,2019-07-23,2019-07-23 09:39:20,1.18,0.8082,96,1.16,0.7945,60,1.21,0.8287,100,1.17,0.8013,1858,0
SPY190724C298,2019-07-23,2019-07-23 09:39:21,1.18,0.8082,96,1.16,0.7945,60,1.21,0.8287,100,1.17,0.8013,1858,0
SPY190724C298,2019-07-23,2019-07-23 09:39:22,1.18,0.8082,66,1.17,0.8013,24,1.21,0.8287,100,1.175,0.8047,1858,0
SPY190724C298,2019-07-23,2019-07-23 09:39:22,1.19,0.815,124,1.17,0.8013,44,1.21,0.8287,100,1.18,0.8082,1858,0
SPY190724C298,2019-07-23,2019-07-23 09:39:23,1.18,0.8082,204,1.16,0.7945,50,1.21,0.8287,100,1.17,0.8013,1858,0
SPY190724C298,2019-07-23,2019-07-23 09:39:23,1.19,0.815,124,1.17,0.8013,16,1.21,0.8287,100,1.18,0.8082,1858,0
SPY190724C298,2019-07-23,2019-07-23 09:39:25,1.18,0.8082,100,1.16,0.7945,153,1.21,0.8287,100,1.17,0.8013,1858,0
SPY190724C298,2019-07-23,2019-07-23 09:39:26,1.18,0.8082,88,1.16,0.7945,58,1.21,0.8287,100,1.17,0.8013,1858,0
SPY190724C298,2019-07-23,2019-07-23 09:39:27,1.18,0.8082,30,1.16,0.7945,64,1.21,0.8287,100,1.17,0.8013,1858,0
SPY190724C298,2019-07-23,2019-07-23 09:39:27,1.19,0.815,135,1.17,0.8013,58,1.21,0.8287,100,1.18,0.8082,1858,0
SPY190724C298,2019-07-23,2019-07-23 09:39:28,1.2,0.8219,205,1.18,0.8082,58,1.17,0.8013,1,1.19,0.815,1859,0
SPY190724C298,2019-07-23,2019-07-23 09:39:28,1.19,0.815,24,1.17,0.8013,24,1.17,0.8013,1,1.18,0.8082,1859,1
SPY190724C298,2019-07-23,2019-07-23 09:39:29,1.21,0.8287,124,1.19,0.815,54,1.17,0.8013,1,1.2,0.8219,1859,0
SPY190724C298,2019-07-23,2019-07-23 09:39:30,1.21,0.8287,100,1.19,0.815,54,1.17,0.8013,1,1.2,0.8219,1859,0
SPY190724C298,2019-07-23,2019-07-23 09:39:30,1.21,0.8287,110,1.19,0.815,8,1.17,0.8013,1,1.2,0.8219,1859,0
SPY190724C298,2019-07-23,2019-07-23 09:39:31,1.21,0.8287,124,1.18,0.8082,154,1.17,0.8013,1,1.195,0.8184,1859,0
SPY190724C298,2019-07-23,2019-07-23 09:39:31,1.2,0.8219,24,1.19,0.815,24,1.17,0.8013,1,1.195,0.8184,1859,0
SPY190724C298,2019-07-23,2019-07-23 09:39:32,1.2,0.8219,85,1.18,0.8082,50,1.17,0.8013,1,1.19,0.815,1859,0
SPY190724C298,2019-07-23,2019-07-23 09:39:33,1.2,0.8219,67,1.18,0.8082,50,1.17,0.8013,1,1.19,0.815,1859,0
SPY190724C298,2019-07-23,2019-07-23 09:39:34,1.18,0.8082,60,1.17,0.8013,24,1.17,0.8013,1,1.175,0.8047,1859,0
SPY190724C298,2019-07-23,2019-07-23 09:39:34,1.2,0.8219,67,1.18,0.8082,30,1.17,0.8013,1,1.19,0.815,1859,0
SPY190724C298,2019-07-23,2019-07-23 09:39:35,1.19,0.815,134,1.17,0.8013,34,1.17,0.8013,1,1.18,0.8082,1859,0
SPY190724C298,2019-07-23,2019-07-23 09:39:36,1.19,0.815,136,1.16,0.7945,160,1.17,0.8013,1,1.175,0.8047,1859,0
SPY190724C298,2019-07-23,2019-07-23 09:39:36,1.19,0.815,134,1.17,0.8013,60,1.17,0.8013,1,1.18,0.8082,1859,0
SPY190724C298,2019-07-23,2019-07-23 09:39:37,1.19,0.815,134,1.17,0.8013,34,1.17,0.8013,1,1.18,0.8082,1859,0
SPY190724C298,2019-07-23,2019-07-23 09:39:37,1.19,0.815,136,1.17,0.8013,24,1.17,0.8013,1,1.18,0.8082,1859,0
SPY190724C298,2019-07-23,2019-07-23 09:39:38,1.19,0.815,201,1.16,0.7945,154,1.17,0.8013,1,1.175,0.8047,1859,0
SPY190724C298,2019-07-23,2019-07-23 09:39:38,1.19,0.815,134,1.17,0.8013,24,1.17,0.8013,1,1.18,0.8082,1859,0
SPY190724C298,2019-07-23,2019-07-23 09:39:39,1.19,0.815,201,1.16,0.7945,154,1.17,0.8013,1,1.175,0.8047,1859,0
SPY190724C298,2019-07-23,2019-07-23 09:39:40,1.19,0.815,307,1.16,0.7945,183,1.17,0.8013,1,1.175,0.8047,1859,0
SPY190724C298,2019-07-23,2019-07-23 09:39:40,1.19,0.815,262,1.16,0.7945,183,1.17,0.8013,1,1.175,0.8047,1859,0
SPY190724C298,2019-07-23,2019-07-23 09:39:41,1.19,0.815,144,1.17,0.8013,34,1.17,0.8013,1,1.18,0.8082,1859,0
SPY190724C298,2019-07-23,2019-07-23 09:39:42,1.19,0.815,144,1.17,0.8013,30,1.17,0.8013,1,1.18,0.8082,1859,0
SPY190724C298,2019-07-23,2019-07-23 09:39:42,1.19,0.815,144,1.16,0.7945,66,1.17,0.8013,1,1.175,0.8047,1859,0
SPY190724C298,2019-07-23,2019-07-23 09:39:43,1.19,0.815,134,1.17,0.8013,70,1.17,0.8013,1,1.18,0.8082,1859,0
SPY190724C298,2019-07-23,2019-07-23 09:39:43,1.19,0.815,134,1.17,0.8013,54,1.17,0.8013,1,1.18,0.8082,1859,0
SPY190724C298,2019-07-23,2019-07-23 09:39:44,1.2,0.8219,135,1.18,0.8082,48,1.17,0.8013,1,1.19,0.815,1859,0
SPY190724C298,2019-07-23,2019-07-23 09:39:45,1.2,0.8219,112,1.17,0.8013,38,1.17,0.8013,1,1.185,0.8116,1859,0
SPY190724C298,2019-07-23,2019-07-23 09:39:45,1.2,0.8219,112,1.17,0.8013,68,1.17,0.8013,1,1.185,0.8116,1859,0
SPY190724C298,2019-07-23,2019-07-23 09:39:46,1.19,0.815,124,1.18,0.8082,22,1.17,0.8013,1,1.185,0.8116,1859,0
SPY190724C298,2019-07-23,2019-07-23 09:39:46,1.2,0.8219,135,1.18,0.8082,68,1.17,0.8013,1,1.19,0.815,1859,0
SPY190724C298,2019-07-23,2019-07-23 09:39:47,1.2,0.8219,135,1.18,0.8082,68,1.17,0.8013,1,1.19,0.815,1859,0
SPY190724C298,2019-07-23,2019-07-23 09:39:48,1.2,0.8219,135,1.18,0.8082,58,1.17,0.8013,1,1.19,0.815,1859,0
SPY190724C298,2019-07-23,2019-07-23 09:39:49,1.2,0.8219,135,1.18,0.8082,68,1.17,0.8013,1,1.19,0.815,1859,0
SPY190724C298,2019-07-23,2019-07-23 09:39:49,1.2,0.8219,54,1.18,0.8082,68,1.17,0.8013,1,1.19,0.815,1859,0
SPY190724C298,2019-07-23,2019-07-23 09:39:50,1.22,0.8356,135,1.19,0.815,54,1.2,0.8219,49,1.205,0.8253,1959,100
SPY190724C298,2019-07-23,2019-07-23 09:39:50,1.2,0.8219,50,1.19,0.815,16,1.17,0.8013,1,1.195,0.8184,1859,0
SPY190724C298,2019-07-23,2019-07-23 09:39:52,1.2,0.8219,9,1.19,0.815,24,1.2,0.8219,1,1.195,0.8184,1965,0
SPY190724C298,2019-07-23,2019-07-23 09:39:52,1.2,0.8219,10,1.19,0.815,73,1.2,0.8219,1,1.195,0.8184,1965,6
SPY190724C298,2019-07-23,2019-07-23 09:39:53,1.2,0.8219,9,1.18,0.8082,134,1.2,0.8219,1,1.19,0.815,1965,0
SPY190724C298,2019-07-23,2019-07-23 09:39:54,1.19,0.815,101,1.17,0.8013,28,1.2,0.8219,1,1.18,0.8082,1965,0
SPY190724C298,2019-07-23,2019-07-23 09:39:54,1.19,0.815,124,1.16,0.7945,120,1.2,0.8219,1,1.175,0.8047,1965,0
SPY190724C298,2019-07-23,2019-07-23 09:39:55,1.19,0.815,220,1.17,0.8013,28,1.2,0.8219,1,1.18,0.8082,1965,0
SPY190724C298,2019-07-23,2019-07-23 09:39:55,1.19,0.815,134,1.17,0.8013,28,1.2,0.8219,1,1.18,0.8082,1965,0
SPY190724C298,2019-07-23,2019-07-23 09:39:56,1.19,0.815,220,1.17,0.8013,24,1.2,0.8219,1,1.18,0.8082,1965,0
SPY190724C298,2019-07-23,2019-07-23 09:39:57,1.19,0.815,213,1.17,0.8013,40,1.2,0.8219,1,1.18,0.8082,1965,0
SPY190724C298,2019-07-23,2019-07-23 09:39:58,1.19,0.815,208,1.17,0.8013,40,1.2,0.8219,1,1.18,0.8082,1965,0
SPY190724C298,2019-07-23,2019-07-23 09:39:58,1.19,0.815,213,1.17,0.8013,40,1.2,0.8219,1,1.18,0.8082,1965,0
SPY190724C298,2019-07-23,2019-07-23 09:39:59,1.19,0.815,132,1.17,0.8013,40,1.2,0.8219,1,1.18,0.8082,1965,0
SPY190724C298,2019-07-23,2019-07-23 09:40:00,1.19,0.815,43,1.17,0.8013,40,1.2,0.8219,1,1.18,0.8082,1965,0
SPY190724C298,2019-07-23,2019-07-23 09:40:00,1.19,0.815,132,1.17,0.8013,40,1.2,0.8219,1,1.18,0.8082,1965,0
SPY190724C298,2019-07-23,2019-07-23 09:40:01,1.2,0.8219,24,1.18,0.8082,10,1.2,0.8219,1,1.19,0.815,1965,0
SPY190724C298,2019-07-23,2019-07-23 09:40:02,1.2,0.8219,30,1.19,0.815,27,1.2,0.8219,1,1.195,0.8184,1965,0
SPY190724C298,2019-07-23,2019-07-23 09:40:02,1.2,0.8219,75,1.18,0.8082,8,1.2,0.8219,1,1.19,0.815,1965,0
SPY190724C298,2019-07-23,2019-07-23 09:40:03,1.2,0.8219,20,1.19,0.815,37,1.2,0.8219,1,1.195,0.8184,1965,0
SPY190724C298,2019-07-23,2019-07-23 09:40:03,1.2,0.8219,44,1.19,0.815,16,1.2,0.8219,1,1.195,0.8184,1965,0
SPY190724C298,2019-07-23,2019-07-23 09:40:04,1.21,0.8287,123,1.19,0.815,58,1.2,0.8219,24,1.2,0.8219,1998,33
SPY190724C298,2019-07-23,2019-07-23 09:40:05,1.2,0.8219,45,1.18,0.8082,44,1.2,0.8219,24,1.19,0.815,1998,0
SPY190724C298,2019-07-23,2019-07-23 09:40:05,1.2,0.8219,40,1.18,0.8082,44,1.2,0.8219,24,1.19,0.815,1998,0
SPY190724C298,2019-07-23,2019-07-23 09:40:06,1.2,0.8219,44,1.18,0.8082,44,1.2,0.8219,24,1.19,0.815,1998,0
SPY190724C298,2019-07-23,2019-07-23 09:40:07,1.2,0.8219,24,1.18,0.8082,60,1.2,0.8219,24,1.19,0.815,1998,0
SPY190724C298,2019-07-23,2019-07-23 09:40:08,1.2,0.8219,52,1.18,0.8082,60,1.2,0.8219,24,1.19,0.815,1998,0
SPY190724C298,2019-07-23,2019-07-23 09:40:09,1.2,0.8219,42,1.18,0.8082,50,1.2,0.8219,24,1.19,0.815,1998,0
SPY190724C298,2019-07-23,2019-07-23 09:40:10,1.2,0.8219,52,1.18,0.8082,60,1.2,0.8219,24,1.19,0.815,1998,0
SPY190724C298,2019-07-23,2019-07-23 09:40:11,1.2,0.8219,39,1.18,0.8082,60,1.2,0.8219,24,1.19,0.815,1998,0
SPY190724C298,2019-07-23,2019-07-23 09:40:12,1.2,0.8219,39,1.18,0.8082,79,1.2,0.8219,24,1.19,0.815,1998,0
SPY190724C298,2019-07-23,2019-07-23 09:40:12,1.2,0.8219,39,1.18,0.8082,60,1.2,0.8219,24,1.19,0.815,1998,0
SPY190724C298,2019-07-23,2019-07-23 09:40:13,1.21,0.8287,48,1.18,0.8082,144,1.2,0.8219,24,1.195,0.8184,1998,0
SPY190724C298,2019-07-23,2019-07-23 09:40:14,1.2,0.8219,41,1.18,0.8082,50,1.2,0.8219,24,1.19,0.815,1998,0
SPY190724C298,2019-07-23,2019-07-23 09:40:14,1.2,0.8219,26,1.18,0.8082,154,1.2,0.8219,24,1.19,0.815,1998,0
SPY190724C298,2019-07-23,2019-07-23 09:40:15,1.2,0.8219,41,1.18,0.8082,50,1.2,0.8219,24,1.19,0.815,1998,0
SPY190724C298,2019-07-23,2019-07-23 09:40:15,1.2,0.8219,39,1.18,0.8082,60,1.2,0.8219,24,1.19,0.815,1998,0
SPY190724C298,2019-07-23,2019-07-23 09:40:16,1.2,0.8219,39,1.18,0.8082,70,1.2,0.8219,24,1.19,0.815,1998,0
SPY190724C298,2019-07-23,2019-07-23 09:40:16,1.2,0.8219,39,1.18,0.8082,60,1.2,0.8219,24,1.19,0.815,1998,0
SPY190724C298,2019-07-23,2019-07-23 09:40:17,1.2,0.8219,39,1.18,0.8082,60,1.2,0.8219,24,1.19,0.815,1998,0
SPY190724C298,2019-07-23,2019-07-23 09:40:18,1.2,0.8219,19,1.18,0.8082,54,1.2,0.8219,24,1.19,0.815,1998,0
SPY190724C298,2019-07-23,2019-07-23 09:40:18,1.2,0.8219,39,1.18,0.8082,60,1.2,0.8219,24,1.19,0.815,1998,0
SPY190724C298,2019-07-23,2019-07-23 09:40:19,1.2,0.8219,39,1.18,0.8082,54,1.2,0.8219,24,1.19,0.815,1998,0
SPY190724C298,2019-07-23,2019-07-23 09:40:19,1.19,0.815,1,1.18,0.8082,54,1.2,0.8219,24,1.185,0.8116,1998,0
SPY190724C298,2019-07-23,2019-07-23 09:40:20,1.19,0.815,1,1.18,0.8082,75,1.2,0.8219,24,1.185,0.8116,1998,0
SPY190724C298,2019-07-23,2019-07-23 09:40:21,1.19,0.815,1,1.18,0.8082,59,1.2,0.8219,24,1.185,0.8116,1998,0
SPY190724C298,2019-07-23,2019-07-23 09:40:21,1.19,0.815,1,1.18,0.8082,44,1.2,0.8219,24,1.185,0.8116,1998,0
SPY190724C298,2019-07-23,2019-07-23 09:40:22,1.19,0.815,1,1.18,0.8082,44,1.2,0.8219,24,1.185,0.8116,1998,0
SPY190724C298,2019-07-23,2019-07-23 09:40:23,1.19,0.815,1,1.18,0.8082,44,1.2,0.8219,24,1.185,0.8116,1998,0
SPY190724C298,2019-07-23,2019-07-23 09:40:24,1.19,0.815,25,1.18,0.8082,6,1.2,0.8219,24,1.185,0.8116,1998,0
SPY190724C298,2019-07-23,2019-07-23 09:40:24,1.19,0.815,1,1.17,0.8013,54,1.2,0.8219,24,1.18,0.8082,1998,0
SPY190724C298,2019-07-23,2019-07-23 09:40:25,1.19,0.815,1,1.18,0.8082,17,1.19,0.815,1,1.185,0.8116,2000,2
SPY190724C298,2019-07-23,2019-07-23 09:40:26,1.2,0.8219,29,1.18,0.8082,34,1.19,0.815,1,1.19,0.815,2000,0
SPY190724C298,2019-07-23,2019-07-23 09:40:26,1.2,0.8219,29,1.19,0.815,24,1.2,0.8219,15,1.195,0.8184,2015,15
SPY190724C298,2019-07-23,2019-07-23 09:40:27,1.2,0.8219,44,1.19,0.815,24,1.2,0.8219,15,1.195,0.8184,2015,0
SPY190724C298,2019-07-23,2019-07-23 09:40:27,1.21,0.8287,154,1.19,0.815,24,1.2,0.8219,15,1.2,0.8219,2015,0
SPY190724C298,2019-07-23,2019-07-23 09:40:28,1.2,0.8219,44,1.19,0.815,24,1.2,0.8219,15,1.195,0.8184,2015,0
SPY190724C298,2019-07-23,2019-07-23 09:40:29,1.2,0.8219,44,1.18,0.8082,37,1.2,0.8219,15,1.19,0.815,2015,0
SPY190724C298,2019-07-23,2019-07-23 09:40:30,1.2,0.8219,134,1.17,0.8013,75,1.2,0.8219,1,1.185,0.8116,2020,5
SPY190724C298,2019-07-23,2019-07-23 09:40:30,1.19,0.815,18,1.17,0.8013,97,1.2,0.8219,15,1.18,0.8082,2015,0
SPY190724C298,2019-07-23,2019-07-23 09:40:31,1.2,0.8219,124,1.17,0.8013,75,1.2,0.8219,1,1.185,0.8116,2020,0
SPY190724C298,2019-07-23,2019-07-23 09:40:32,1.19,0.815,20,1.17,0.8013,75,1.2,0.8219,1,1.18,0.8082,2020,0
SPY190724C298,2019-07-23,2019-07-23 09:40:32,1.2,0.8219,124,1.17,0.8013,75,1.2,0.8219,1,1.185,0.8116,2020,0
SPY190724C298,2019-07-23,2019-07-23 09:40:33,1.2,0.8219,124,1.18,0.8082,28,1.2,0.8219,1,1.19,0.815,2020,0
SPY190724C298,2019-07-23,2019-07-23 09:40:33,1.2,0.8219,125,1.18,0.8082,18,1.2,0.8219,1,1.19,0.815,2020,0
SPY190724C298,2019-07-23,2019-07-23 09:40:34,1.2,0.8219,124,1.18,0.8082,36,1.2,0.8219,1,1.19,0.815,2020,0
SPY190724C298,2019-07-23,2019-07-23 09:40:34,1.2,0.8219,124,1.18,0.8082,45,1.2,0.8219,1,1.19,0.815,2020,0
SPY190724C298,2019-07-23,2019-07-23 09:40:35,1.2,0.8219,60,1.18,0.8082,25,1.2,0.8219,1,1.19,0.815,2020,0
SPY190724C298,2019-07-23,2019-07-23 09:40:35,1.2,0.8219,124,1.18,0.8082,45,1.2,0.8219,1,1.19,0.815,2020,0
SPY190724C298,2019-07-23,2019-07-23 09:40:36,1.21,0.8287,75,1.19,0.815,50,1.2,0.8219,1,1.2,0.8219,2020,0
SPY190724C298,2019-07-23,2019-07-23 09:40:37,1.21,0.8287,75,1.19,0.815,24,1.2,0.8219,1,1.2,0.8219,2020,0
SPY190724C298,2019-07-23,2019-07-23 09:40:37,1.21,0.8287,103,1.18,0.8082,124,1.2,0.8219,1,1.195,0.8184,2020,0
SPY190724C298,2019-07-23,2019-07-23 09:40:38,1.2,0.8219,96,1.18,0.8082,28,1.2,0.8219,1,1.19,0.815,2020,0
SPY190724C298,2019-07-23,2019-07-23 09:40:38,1.2,0.8219,106,1.18,0.8082,26,1.2,0.8219,1,1.19,0.815,2020,0
SPY190724C298,2019-07-23,2019-07-23 09:40:39,1.2,0.8219,18,1.19,0.815,22,1.2,0.8219,1,1.195,0.8184,2020,0
SPY190724C298,2019-07-23,2019-07-23 09:40:39,1.21,0.8287,223,1.18,0.8082,58,1.2,0.8219,1,1.195,0.8184,2020,0
SPY190724C298,2019-07-23,2019-07-23 09:40:40,1.2,0.8219,84,1.18,0.8082,58,1.2,0.8219,1,1.19,0.815,2020,0
SPY190724C298,2019-07-23,2019-07-23 09:40:40,1.2,0.8219,94,1.18,0.8082,58,1.2,0.8219,1,1.19,0.815,2020,0
SPY190724C298,2019-07-23,2019-07-23 09:40:41,1.2,0.8219,24,1.18,0.8082,63,1.2,0.8219,1,1.19,0.815,2020,0
SPY190724C298,2019-07-23,2019-07-23 09:40:42,1.2,0.8219,24,1.18,0.8082,63,1.2,0.8219,1,1.19,0.815,2020,0
SPY190724C298,2019-07-23,2019-07-23 09:40:42,1.2,0.8219,6,1.18,0.8082,58,1.2,0.8219,1,1.19,0.815,2020,0
SPY190724C298,2019-07-23,2019-07-23 09:40:43,1.2,0.8219,28,1.18,0.8082,83,1.2,0.8219,1,1.19,0.815,2020,0
SPY190724C298,2019-07-23,2019-07-23 09:40:43,1.2,0.8219,94,1.18,0.8082,83,1.2,0.8219,1,1.19,0.815,2020,0
SPY190724C298,2019-07-23,2019-07-23 09:40:44,1.2,0.8219,94,1.18,0.8082,58,1.2,0.8219,1,1.19,0.815,2020,0
SPY190724C298,2019-07-23,2019-07-23 09:40:44,1.2,0.8219,94,1.18,0.8082,83,1.2,0.8219,1,1.19,0.815,2020,0
SPY190724C298,2019-07-23,2019-07-23 09:40:45,1.2,0.8219,94,1.18,0.8082,58,1.2,0.8219,1,1.19,0.815,2020,0
SPY190724C298,2019-07-23,2019-07-23 09:40:46,1.2,0.8219,28,1.18,0.8082,50,1.2,0.8219,1,1.19,0.815,2021,0
SPY190724C298,2019-07-23,2019-07-23 09:40:46,1.2,0.8219,167,1.18,0.8082,58,1.2,0.8219,1,1.19,0.815,2021,1
SPY190724C298,2019-07-23,2019-07-23 09:40:47,1.21,0.8287,6,1.19,0.815,130,1.2,0.8219,1,1.2,0.8219,2021,0
SPY190724C298,2019-07-23,2019-07-23 09:40:47,1.2,0.8219,28,1.18,0.8082,48,1.2,0.8219,1,1.19,0.815,2021,0
SPY190724C298,2019-07-23,2019-07-23 09:40:48,1.22,0.8356,132,1.2,0.8219,25,1.2,0.8219,1,1.21,0.8287,2021,0
SPY190724C298,2019-07-23,2019-07-23 09:40:49,1.22,0.8356,134,1.2,0.8219,25,1.2,0.8219,1,1.21,0.8287,2021,0
SPY190724C298,2019-07-23,2019-07-23 09:40:50,1.21,0.8287,24,1.2,0.8219,25,1.2,0.8219,1,1.205,0.8253,2021,0
SPY190724C298,2019-07-23,2019-07-23 09:40:50,1.21,0.8287,133,1.2,0.8219,25,1.2,0.8219,1,1.205,0.8253,2021,0
SPY190724C298,2019-07-23,2019-07-23 09:40:51,1.21,0.8287,124,1.2,0.8219,1,1.2,0.8219,1,1.205,0.8253,2021,0
SPY190724C298,2019-07-23,2019-07-23 09:40:52,1.2,0.8219,28,1.18,0.8082,50,1.2,0.8219,1,1.19,0.815,2023,2
SPY190724C298,2019-07-23,2019-07-23 09:40:53,1.2,0.8219,38,1.18,0.8082,50,1.2,0.8219,1,1.19,0.815,2023,0
SPY190724C298,2019-07-23,2019-07-23 09:40:53,1.2,0.8219,66,1.18,0.8082,60,1.2,0.8219,1,1.19,0.815,2023,0
SPY190724C298,2019-07-23,2019-07-23 09:40:54,1.21,0.8287,50,1.19,0.815,14,1.2,0.8219,1,1.2,0.8219,2023,0
SPY190724C298,2019-07-23,2019-07-23 09:40:55,1.21,0.8287,90,1.19,0.815,48,1.2,0.8219,1,1.2,0.8219,2023,0
SPY190724C298,2019-07-23,2019-07-23 09:40:56,1.21,0.8287,78,1.19,0.815,60,1.2,0.8219,1,1.2,0.8219,2023,0
SPY190724C298,2019-07-23,2019-07-23 09:40:56,1.21,0.8287,80,1.19,0.815,50,1.2,0.8219,1,1.2,0.8219,2023,0
SPY190724C298,2019-07-23,2019-07-23 09:40:57,1.21,0.8287,68,1.19,0.815,98,1.2,0.8219,1,1.2,0.8219,2023,0
SPY190724C298,2019-07-23,2019-07-23 09:40:58,1.22,0.8356,154,1.19,0.815,78,1.2,0.8219,1,1.205,0.8253,2023,0
SPY190724C298,2019-07-23,2019-07-23 09:40:58,1.22,0.8356,231,1.2,0.8219,23,1.2,0.8219,1,1.21,0.8287,2023,0
SPY190724C298,2019-07-23,2019-07-23 09:40:59,1.22,0.8356,131,1.2,0.8219,30,1.2,0.8219,1,1.21,0.8287,2023,0
SPY190724C298,2019-07-23,2019-07-23 09:41:00,1.22,0.8356,131,1.2,0.8219,35,1.2,0.8219,1,1.21,0.8287,2023,0
SPY190724C298,2019-07-23,2019-07-23 09:41:00,1.22,0.8356,131,1.2,0.8219,23,1.2,0.8219,1,1.21,0.8287,2023,0
SPY190724C298,2019-07-23,2019-07-23 09:41:01,1.22,0.8356,131,1.2,0.8219,25,1.2,0.8219,1,1.21,0.8287,2023,0
SPY190724C298,2019-07-23,2019-07-23 09:41:01,1.22,0.8356,134,1.2,0.8219,44,1.2,0.8219,1,1.21,0.8287,2023,0
SPY190724C298,2019-07-23,2019-07-23 09:41:02,1.22,0.8356,131,1.2,0.8219,44,1.2,0.8219,1,1.21,0.8287,2023,0
SPY190724C298,2019-07-23,2019-07-23 09:41:02,1.22,0.8356,125,1.2,0.8219,44,1.2,0.8219,1,1.21,0.8287,2023,0
SPY190724C298,2019-07-23,2019-07-23 09:41:03,1.22,0.8356,113,1.2,0.8219,44,1.2,0.8219,1,1.21,0.8287,2023,0
SPY190724C298,2019-07-23,2019-07-23 09:41:03,1.22,0.8356,125,1.2,0.8219,44,1.2,0.8219,1,1.21,0.8287,2023,0
SPY190724C298,2019-07-23,2019-07-23 09:41:04,1.22,0.8356,125,1.2,0.8219,44,1.2,0.8219,1,1.21,0.8287,2023,0
SPY190724C298,2019-07-23,2019-07-23 09:41:05,1.21,0.8287,38,1.2,0.8219,19,1.2,0.8219,1,1.205,0.8253,2023,0
SPY190724C298,2019-07-23,2019-07-23 09:41:05,1.22,0.8356,125,1.2,0.8219,44,1.2,0.8219,1,1.21,0.8287,2023,0
SPY190724C298,2019-07-23,2019-07-23 09:41:06,1.21,0.8287,38,1.19,0.815,101,1.2,0.8219,1,1.2,0.8219,2023,0
SPY190724C298,2019-07-23,2019-07-23 09:41:06,1.21,0.8287,38,1.19,0.815,60,1.2,0.8219,1,1.2,0.8219,2023,0
SPY190724C298,2019-07-23,2019-07-23 09:41:07,1.21,0.8287,38,1.19,0.815,78,1.2,0.8219,1,1.2,0.8219,2023,0
SPY190724C298,2019-07-23,2019-07-23 09:41:07,1.21,0.8287,22,1.19,0.815,134,1.2,0.8219,1,1.2,0.8219,2023,0
SPY190724C298,2019-07-23,2019-07-23 09:41:08,1.22,0.8356,125,1.19,0.815,101,1.2,0.8219,1,1.205,0.8253,2023,0
SPY190724C298,2019-07-23,2019-07-23 09:41:09,1.22,0.8356,125,1.19,0.815,54,1.2,0.8219,1,1.205,0.8253,2023,0
SPY190724C298,2019-07-23,2019-07-23 09:41:09,1.22,0.8356,125,1.19,0.815,101,1.2,0.8219,1,1.205,0.8253,2023,0
SPY190724C298,2019-07-23,2019-07-23 09:41:10,1.22,0.8356,125,1.19,0.815,129,1.2,0.8219,1,1.205,0.8253,2023,0
SPY190724C298,2019-07-23,2019-07-23 09:41:11,1.22,0.8356,125,1.19,0.815,129,1.2,0.8219,1,1.205,0.8253,2023,0
SPY190724C298,2019-07-23,2019-07-23 09:41:11,1.22,0.8356,125,1.2,0.8219,34,1.2,0.8219,1,1.21,0.8287,2023,0
SPY190724C298,2019-07-23,2019-07-23 09:41:12,1.22,0.8356,125,1.2,0.8219,34,1.2,0.8219,1,1.21,0.8287,2023,0
SPY190724C298,2019-07-23,2019-07-23 09:41:13,1.22,0.8356,125,1.2,0.8219,54,1.2,0.8219,1,1.21,0.8287,2023,0
SPY190724C298,2019-07-23,2019-07-23 09:41:14,1.22,0.8356,134,1.19,0.815,198,1.2,0.8219,1,1.205,0.8253,2023,0
SPY190724C298,2019-07-23,2019-07-23 09:41:14,1.22,0.8356,134,1.19,0.815,144,1.2,0.8219,1,1.205,0.8253,2023,0
SPY190724C298,2019-07-23,2019-07-23 09:41:15,1.22,0.8356,124,1.2,0.8219,49,1.2,0.8219,1,1.21,0.8287,2023,0
SPY190724C298,2019-07-23,2019-07-23 09:41:15,1.22,0.8356,134,1.2,0.8219,44,1.2,0.8219,1,1.21,0.8287,2023,0
SPY190724C298,2019-07-23,2019-07-23 09:41:16,1.22,0.8356,124,1.2,0.8219,54,1.2,0.8219,1,1.21,0.8287,2023,0
SPY190724C298,2019-07-23,2019-07-23 09:41:17,1.22,0.8356,125,1.2,0.8219,54,1.2,0.8219,1,1.21,0.8287,2023,0
SPY190724C298,2019-07-23,2019-07-23 09:41:18,1.22,0.8356,125,1.2,0.8219,44,1.2,0.8219,1,1.21,0.8287,2023,0
SPY190724C298,2019-07-23,2019-07-23 09:41:18,1.22,0.8356,125,1.2,0.8219,54,1.2,0.8219,1,1.21,0.8287,2023,0
SPY190724C298,2019-07-23,2019-07-23 09:41:19,1.22,0.8356,112,1.21,0.8287,28,1.2,0.8219,1,1.215,0.8321,2023,0
SPY190724C298,2019-07-23,2019-07-23 09:41:19,1.22,0.8356,124,1.2,0.8219,30,1.2,0.8219,1,1.21,0.8287,2023,0
SPY190724C298,2019-07-23,2019-07-23 09:41:20,1.22,0.8356,86,1.2,0.8219,50,1.2,0.8219,1,1.21,0.8287,2023,0
SPY190724C298,2019-07-23,2019-07-23 09:41:20,1.22,0.8356,61,1.2,0.8219,56,1.2,0.8219,1,1.21,0.8287,2023,0
SPY190724C298,2019-07-23,2019-07-23 09:41:21,1.22,0.8356,86,1.2,0.8219,50,1.2,0.8219,1,1.21,0.8287,2023,0
SPY190724C298,2019-07-23,2019-07-23 09:41:22,1.23,0.8424,135,1.2,0.8219,36,1.2,0.8219,1,1.215,0.8321,2023,0
SPY190724C298,2019-07-23,2019-07-23 09:41:22,1.22,0.8356,86,1.2,0.8219,50,1.2,0.8219,1,1.21,0.8287,2023,0
SPY190724C298,2019-07-23,2019-07-23 09:41:23,1.22,0.8356,124,1.2,0.8219,44,1.2,0.8219,1,1.21,0.8287,2023,0
SPY190724C298,2019-07-23,2019-07-23 09:41:23,1.22,0.8356,70,1.2,0.8219,24,1.2,0.8219,1,1.21,0.8287,2023,0
SPY190724C298,2019-07-23,2019-07-23 09:41:24,1.22,0.8356,124,1.2,0.8219,44,1.2,0.8219,1,1.21,0.8287,2023,0
SPY190724C298,2019-07-23,2019-07-23 09:41:25,1.22,0.8356,24,1.21,0.8287,31,1.22,0.8356,2,1.215,0.8321,2025,2
SPY190724C298,2019-07-23,2019-07-23 09:41:26,1.22,0.8356,183,1.2,0.8219,49,1.22,0.8356,2,1.21,0.8287,2025,0
SPY190724C298,2019-07-23,2019-07-23 09:41:27,1.22,0.8356,193,1.2,0.8219,45,1.22,0.8356,2,1.21,0.8287,2025,0
SPY190724C298,2019-07-23,2019-07-23 09:41:28,1.22,0.8356,183,1.2,0.8219,60,1.22,0.8356,2,1.21,0.8287,2025,0
SPY190724C298,2019-07-23,2019-07-23 09:41:28,1.22,0.8356,110,1.2,0.8219,60,1.22,0.8356,2,1.21,0.8287,2025,0
SPY190724C298,2019-07-23,2019-07-23 09:41:29,1.22,0.8356,110,1.2,0.8219,60,1.22,0.8356,2,1.21,0.8287,2025,0
SPY190724C298,2019-07-23,2019-07-23 09:41:30,1.21,0.8287,223,1.18,0.8082,54,1.22,0.8356,2,1.195,0.8184,2025,0
SPY190724C298,2019-07-23,2019-07-23 09:41:30,1.2,0.8219,60,1.18,0.8082,54,1.22,0.8356,2,1.19,0.815,2025,0
SPY190724C298,2019-07-23,2019-07-23 09:41:31,1.22,0.8356,125,1.2,0.8219,34,1.22,0.8356,2,1.21,0.8287,2025,0
SPY190724C298,2019-07-23,2019-07-23 09:41:31,1.22,0.8356,125,1.19,0.815,119,1.22,0.8356,2,1.205,0.8253,2025,0
SPY190724C298,2019-07-23,2019-07-23 09:41:32,1.22,0.8356,125,1.2,0.8219,34,1.22,0.8356,2,1.21,0.8287,2025,0
SPY190724C298,2019-07-23,2019-07-23 09:41:33,1.22,0.8356,76,1.2,0.8219,26,1.22,0.8356,2,1.21,0.8287,2025,0
SPY190724C298,2019-07-23,2019-07-23 09:41:33,1.22,0.8356,110,1.2,0.8219,34,1.22,0.8356,2,1.21,0.8287,2025,0
SPY190724C298,2019-07-23,2019-07-23 09:41:34,1.22,0.8356,86,1.2,0.8219,58,1.22,0.8356,2,1.21,0.8287,2025,0
SPY190724C298,2019-07-23,2019-07-23 09:41:34,1.22,0.8356,71,1.2,0.8219,48,1.22,0.8356,2,1.21,0.8287,2025,0
SPY190724C298,2019-07-23,2019-07-23 09:41:35,1.22,0.8356,96,1.2,0.8219,48,1.22,0.8356,2,1.21,0.8287,2025,0
SPY190724C298,2019-07-23,2019-07-23 09:41:35,1.23,0.8424,63,1.21,0.8287,39,1.22,0.8356,2,1.22,0.8356,2025,0
SPY190724C298,2019-07-23,2019-07-23 09:41:36,1.23,0.8424,63,1.21,0.8287,50,1.22,0.8356,2,1.22,0.8356,2025,0
SPY190724C298,2019-07-23,2019-07-23 09:41:37,1.23,0.8424,30,1.21,0.8287,60,1.22,0.8356,2,1.22,0.8356,2025,0
SPY190724C298,2019-07-23,2019-07-23 09:41:37,1.23,0.8424,30,1.21,0.8287,125,1.22,0.8356,2,1.22,0.8356,2025,0
SPY190724C298,2019-07-23,2019-07-23 09:41:38,1.23,0.8424,30,1.21,0.8287,91,1.22,0.8356,2,1.22,0.8356,2025,0
SPY190724C298,2019-07-23,2019-07-23 09:41:39,1.24,0.8493,205,1.21,0.8287,91,1.22,0.8356,2,1.225,0.839,2025,0
SPY190724C298,2019-07-23,2019-07-23 09:41:40,1.24,0.8493,205,1.22,0.8356,36,1.22,0.8356,2,1.23,0.8424,2025,0
SPY190724C298,2019-07-23,2019-07-23 09:41:40,1.24,0.8493,62,1.22,0.8356,6,1.22,0.8356,2,1.23,0.8424,2025,0
SPY190724C298,2019-07-23,2019-07-23 09:41:41,1.25,0.8561,225,1.22,0.8356,54,1.22,0.8356,2,1.235,0.8458,2025,0
SPY190724C298,2019-07-23,2019-07-23 09:41:42,1.25,0.8561,225,1.23,0.8424,14,1.22,0.8356,2,1.24,0.8493,2025,0
SPY190724C298,2019-07-23,2019-07-23 09:41:43,1.25,0.8561,225,1.23,0.8424,14,1.22,0.8356,2,1.24,0.8493,2025,0
SPY190724C298,2019-07-23,2019-07-23 09:41:43,1.25,0.8561,134,1.23,0.8424,27,1.22,0.8356,2,1.24,0.8493,2025,0
SPY190724C298,2019-07-23,2019-07-23 09:41:44,1.25,0.8561,134,1.23,0.8424,17,1.22,0.8356,2,1.24,0.8493,2025,0
SPY190724C298,2019-07-23,2019-07-23 09:41:44,1.24,0.8493,100,1.23,0.8424,11,1.22,0.8356,2,1.235,0.8458,2025,0
SPY190724C298,2019-07-23,2019-07-23 09:41:45,1.24,0.8493,156,1.22,0.8356,22,1.22,0.8356,2,1.23,0.8424,2025,0
SPY190724C298,2019-07-23,2019-07-23 09:41:45,1.24,0.8493,233,1.21,0.8287,52,1.22,0.8356,2,1.225,0.839,2025,0
SPY190724C298,2019-07-23,2019-07-23 09:41:46,1.23,0.8424,34,1.21,0.8287,72,1.22,0.8356,2,1.22,0.8356,2025,0
SPY190724C298,2019-07-23,2019-07-23 09:41:46,1.23,0.8424,40,1.22,0.8356,42,1.22,0.8356,2,1.225,0.839,2025,0
SPY190724C298,2019-07-23,2019-07-23 09:41:47,1.24,0.8493,218,1.21,0.8287,101,1.22,0.8356,2,1.225,0.839,2025,0
SPY190724C298,2019-07-23,2019-07-23 09:41:48,1.24,0.8493,218,1.21,0.8287,81,1.22,0.8356,2,1.225,0.839,2025,0
SPY190724C298,2019-07-23,2019-07-23 09:41:48,1.24,0.8493,218,1.21,0.8287,48,1.22,0.8356,2,1.225,0.839,2025,0
SPY190724C298,2019-07-23,2019-07-23 09:41:49,1.23,0.8424,40,1.21,0.8287,81,1.22,0.8356,2,1.22,0.8356,2025,0
SPY190724C298,2019-07-23,2019-07-23 09:41:49,1.23,0.8424,24,1.21,0.8287,135,1.22,0.8356,2,1.22,0.8356,2025,0
SPY190724C298,2019-07-23,2019-07-23 09:41:50,1.23,0.8424,24,1.22,0.8356,48,1.22,0.8356,2,1.225,0.839,2025,0
SPY190724C298,2019-07-23,2019-07-23 09:41:50,1.23,0.8424,24,1.22,0.8356,50,1.22,0.8356,2,1.225,0.839,2025,0
SPY190724C298,2019-07-23,2019-07-23 09:41:51,1.23,0.8424,24,1.22,0.8356,38,1.22,0.8356,2,1.225,0.839,2025,0
SPY190724C298,2019-07-23,2019-07-23 09:41:52,1.24,0.8493,49,1.22,0.8356,35,1.22,0.8356,2,1.23,0.8424,2025,0
SPY190724C298,2019-07-23,2019-07-23 09:41:52,1.24,0.8493,24,1.22,0.8356,93,1.22,0.8356,2,1.23,0.8424,2025,0
SPY190724C298,2019-07-23,2019-07-23 09:41:53,1.23,0.8424,24,1.21,0.8287,40,1.22,0.8356,2,1.22,0.8356,2025,0
SPY190724C298,2019-07-23,2019-07-23 09:41:53,1.23,0.8424,24,1.21,0.8287,149,1.22,0.8356,2,1.22,0.8356,2025,0
SPY190724C298,2019-07-23,2019-07-23 09:41:54,1.22,0.8356,22,1.2,0.8219,127,1.22,0.8356,2,1.21,0.8287,2025,0
SPY190724C298,2019-07-23,2019-07-23 09:41:54,1.22,0.8356,24,1.2,0.8219,25,1.22,0.8356,2,1.21,0.8287,2025,0
SPY190724C298,2019-07-23,2019-07-23 09:41:55,1.23,0.8424,203,1.2,0.8219,28,1.22,0.8356,2,1.215,0.8321,2025,0
SPY190724C298,2019-07-23,2019-07-23 09:41:56,1.22,0.8356,18,1.2,0.8219,58,1.22,0.8356,2,1.21,0.8287,2025,0
SPY190724C298,2019-07-23,2019-07-23 09:41:56,1.22,0.8356,18,1.2,0.8219,20,1.22,0.8356,2,1.21,0.8287,2025,0
SPY190724C298,2019-07-23,2019-07-23 09:41:57,1.22,0.8356,104,1.2,0.8219,20,1.22,0.8356,2,1.21,0.8287,2025,0
SPY190724C298,2019-07-23,2019-07-23 09:41:57,1.22,0.8356,79,1.2,0.8219,20,1.22,0.8356,2,1.21,0.8287,2025,0
SPY190724C298,2019-07-23,2019-07-23 09:41:58,1.22,0.8356,104,1.19,0.815,110,1.22,0.8356,2,1.205,0.8253,2025,0
SPY190724C298,2019-07-23,2019-07-23 09:41:59,1.23,0.8424,124,1.21,0.8287,20,1.22,0.8356,2,1.22,0.8356,2025,0
SPY190724C298,2019-07-23,2019-07-23 09:41:59,1.22,0.8356,96,1.2,0.8219,26,1.22,0.8356,2,1.21,0.8287,2025,0
SPY190724C298,2019-07-23,2019-07-23 09:42:00,1.22,0.8356,24,1.21,0.8287,56,1.22,0.8356,2,1.215,0.8321,2025,0
SPY190724C298,2019-07-23,2019-07-23 09:42:01,1.23,0.8424,63,1.21,0.8287,56,1.22,0.8356,2,1.22,0.8356,2025,0
SPY190724C298,2019-07-23,2019-07-23 09:42:01,1.22,0.8356,24,1.21,0.8287,56,1.22,0.8356,2,1.215,0.8321,2025,0
SPY190724C298,2019-07-23,2019-07-23 09:42:02,1.23,0.8424,106,1.21,0.8287,46,1.22,0.8356,2,1.22,0.8356,2025,0
SPY190724C298,2019-07-23,2019-07-23 09:42:02,1.23,0.8424,63,1.21,0.8287,56,1.22,0.8356,2,1.22,0.8356,2025,0
SPY190724C298,2019-07-23,2019-07-23 09:42:03,1.23,0.8424,106,1.21,0.8287,42,1.22,0.8356,2,1.22,0.8356,2025,0
SPY190724C298,2019-07-23,2019-07-23 09:42:04,1.23,0.8424,106,1.21,0.8287,52,1.22,0.8356,2,1.22,0.8356,2025,0
SPY190724C298,2019-07-23,2019-07-23 09:42:05,1.21,0.8287,12,1.2,0.8219,46,1.22,0.8356,2,1.205,0.8253,2025,0
SPY190724C298,2019-07-23,2019-07-23 09:42:06,1.21,0.8287,24,1.2,0.8219,26,1.22,0.8356,2,1.205,0.8253,2025,0
SPY190724C298,2019-07-23,2019-07-23 09:42:06,1.21,0.8287,24,1.2,0.8219,42,1.22,0.8356,2,1.205,0.8253,2025,0
SPY190724C298,2019-07-23,2019-07-23 09:42:07,1.22,0.8356,30,1.2,0.8219,139,1.22,0.8356,2,1.21,0.8287,2025,0
SPY190724C298,2019-07-23,2019-07-23 09:42:08,1.22,0.8356,24,1.2,0.8219,139,1.22,0.8356,2,1.21,0.8287,2025,0
SPY190724C298,2019-07-23,2019-07-23 09:42:08,1.22,0.8356,60,1.2,0.8219,60,1.22,0.8356,2,1.21,0.8287,2025,0
SPY190724C298,2019-07-23,2019-07-23 09:42:09,1.22,0.8356,42,1.2,0.8219,54,1.22,0.8356,2,1.21,0.8287,2025,0
SPY190724C298,2019-07-23,2019-07-23 09:42:09,1.22,0.8356,20,1.2,0.8219,44,1.22,0.8356,2,1.21,0.8287,2025,0
SPY190724C298,2019-07-23,2019-07-23 09:42:10,1.22,0.8356,24,1.2,0.8219,54,1.22,0.8356,2,1.21,0.8287,2025,0
SPY190724C298,2019-07-23,2019-07-23 09:42:11,1.22,0.8356,24,1.2,0.8219,120,1.22,0.8356,2,1.21,0.8287,2025,0
SPY190724C298,2019-07-23,2019-07-23 09:42:11,1.22,0.8356,24,1.2,0.8219,54,1.22,0.8356,2,1.21,0.8287,2025,0
SPY190724C298,2019-07-23,2019-07-23 09:42:12,1.22,0.8356,26,1.2,0.8219,60,1.22,0.8356,2,1.21,0.8287,2025,0
SPY190724C298,2019-07-23,2019-07-23 09:42:13,1.23,0.8424,24,1.21,0.8287,66,1.22,0.8356,2,1.22,0.8356,2025,0
SPY190724C298,2019-07-23,2019-07-23 09:42:14,1.23,0.8424,24,1.21,0.8287,66,1.22,0.8356,2,1.22,0.8356,2025,0
SPY190724C298,2019-07-23,2019-07-23 09:42:15,1.23,0.8424,37,1.21,0.8287,62,1.22,0.8356,2,1.22,0.8356,2025,0
SPY190724C298,2019-07-23,2019-07-23 09:42:15,1.23,0.8424,57,1.21,0.8287,53,1.22,0.8356,2,1.22,0.8356,2025,0
SPY190724C298,2019-07-23,2019-07-23 09:42:16,1.24,0.8493,56,1.22,0.8356,33,1.22,0.8356,2,1.23,0.8424,2025,0
SPY190724C298,2019-07-23,2019-07-23 09:42:16,1.23,0.8424,37,1.21,0.8287,62,1.22,0.8356,2,1.22,0.8356,2025,0
SPY190724C298,2019-07-23,2019-07-23 09:42:17,1.24,0.8493,12,1.22,0.8356,58,1.22,0.8356,2,1.23,0.8424,2025,0
SPY190724C298,2019-07-23,2019-07-23 09:42:18,1.25,0.8561,24,1.22,0.8356,70,1.22,0.8356,2,1.235,0.8458,2025,0
SPY190724C298,2019-07-23,2019-07-23 09:42:18,1.25,0.8561,1,1.24,0.8493,50,1.22,0.8356,2,1.245,0.8527,2025,0
SPY190724C298,2019-07-23,2019-07-23 09:42:19,1.25,0.8561,1,1.24,0.8493,115,1.22,0.8356,2,1.245,0.8527,2025,0
SPY190724C298,2019-07-23,2019-07-23 09:42:19,1.25,0.8561,1,1.24,0.8493,50,1.22,0.8356,2,1.245,0.8527,2025,0
SPY190724C298,2019-07-23,2019-07-23 09:42:20,1.25,0.8561,1,1.24,0.8493,86,1.22,0.8356,2,1.245,0.8527,2025,0
SPY190724C298,2019-07-23,2019-07-23 09:42:21,1.25,0.8561,1,1.24,0.8493,86,1.22,0.8356,2,1.245,0.8527,2025,0
SPY190724C298,2019-07-23,2019-07-23 09:42:22,1.25,0.8561,1,1.24,0.8493,86,1.22,0.8356,2,1.245,0.8527,2025,0
SPY190724C298,2019-07-23,2019-07-23 09:42:23,1.25,0.8561,1,1.24,0.8493,122,1.22,0.8356,2,1.245,0.8527,2025,0
SPY190724C298,2019-07-23,2019-07-23 09:42:24,1.26,0.863,24,1.25,0.8561,38,1.25,0.8561,1,1.255,0.8595,2026,1
SPY190724C298,2019-07-23,2019-07-23 09:42:24,1.26,0.863,24,1.25,0.8561,38,1.25,0.8561,1,1.255,0.8595,2026,0
SPY190724C298,2019-07-23,2019-07-23 09:42:25,1.28,0.8767,76,1.25,0.8561,44,1.26,0.863,24,1.265,0.8664,2050,24
SPY190724C298,2019-07-23,2019-07-23 09:42:26,1.28,0.8767,24,1.25,0.8561,44,1.26,0.863,24,1.265,0.8664,2050,0
SPY190724C298,2019-07-23,2019-07-23 09:42:26,1.28,0.8767,24,1.26,0.863,44,1.26,0.863,24,1.27,0.8698,2050,0
SPY190724C298,2019-07-23,2019-07-23 09:42:27,1.28,0.8767,24,1.26,0.863,36,1.26,0.863,24,1.27,0.8698,2050,0
SPY190724C298,2019-07-23,2019-07-23 09:42:27,1.28,0.8767,30,1.26,0.863,48,1.26,0.863,24,1.27,0.8698,2050,0
SPY190724C298,2019-07-23,2019-07-23 09:42:28,1.29,0.8835,233,1.26,0.863,58,1.26,0.863,24,1.275,0.8732,2050,0
SPY190724C298,2019-07-23,2019-07-23 09:42:28,1.28,0.8767,30,1.26,0.863,58,1.26,0.863,24,1.27,0.8698,2050,0
SPY190724C298,2019-07-23,2019-07-23 09:42:29,1.28,0.8767,24,1.27,0.8698,38,1.26,0.863,24,1.275,0.8732,2050,0
SPY190724C298,2019-07-23,2019-07-23 09:42:30,1.28,0.8767,24,1.27,0.8698,58,1.29,0.8835,7,1.275,0.8732,2057,7
SPY190724C298,2019-07-23,2019-07-23 09:42:30,1.29,0.8835,1,1.28,0.8767,26,1.29,0.8835,7,1.285,0.8801,2057,0
SPY190724C298,2019-07-23,2019-07-23 09:42:31,1.29,0.8835,1,1.28,0.8767,50,1.29,0.8835,7,1.285,0.8801,2057,0
SPY190724C298,2019-07-23,2019-07-23 09:42:31,1.29,0.8835,24,1.28,0.8767,36,1.29,0.8835,7,1.285,0.8801,2057,0
SPY190724C298,2019-07-23,2019-07-23 09:42:32,1.3,0.8904,2,1.28,0.8767,20,1.29,0.8835,7,1.29,0.8835,2057,0
SPY190724C298,2019-07-23,2019-07-23 09:42:32,1.3,0.8904,2,1.28,0.8767,30,1.29,0.8835,7,1.29,0.8835,2057,0
SPY190724C298,2019-07-23,2019-07-23 09:42:33,1.3,0.8904,2,1.28,0.8767,36,1.29,0.8835,7,1.29,0.8835,2057,0
SPY190724C298,2019-07-23,2019-07-23 09:42:34,1.3,0.8904,2,1.28,0.8767,36,1.29,0.8835,7,1.29,0.8835,2057,0
SPY190724C298,2019-07-23,2019-07-23 09:42:35,1.3,0.8904,2,1.28,0.8767,36,1.29,0.8835,7,1.29,0.8835,2057,0
SPY190724C298,2019-07-23,2019-07-23 09:42:36,1.3,0.8904,11,1.28,0.8767,36,1.29,0.8835,7,1.29,0.8835,2057,0
SPY190724C298,2019-07-23,2019-07-23 09:42:36,1.3,0.8904,2,1.28,0.8767,24,1.29,0.8835,7,1.29,0.8835,2057,0
SPY190724C298,2019-07-23,2019-07-23 09:42:37,1.3,0.8904,2,1.28,0.8767,37,1.28,0.8767,3,1.29,0.8835,2157,100
SPY190724C298,2019-07-23,2019-07-23 09:42:38,1.32,0.9041,197,1.29,0.8835,65,1.3,0.8904,2,1.305,0.8938,2159,2
SPY190724C298,2019-07-23,2019-07-23 09:42:38,1.3,0.8904,2,1.28,0.8767,37,1.28,0.8767,3,1.29,0.8835,2157,0
