symbol,Date,quote_time,ask_price,norm_ask_price,ask_size,bid_price,norm_bid_price,bid_size,last_trade_price,norm_last_trade_price,last_trade_size,mark_price,norm_mark_price,volume,Volume
SPY190726C302,2019-07-25,2019-07-25 09:30:00,0.37,1.0,343,0.33,0.8918,166,0.38,1.027,10,0.35,0.9459,63,63
SPY190726C302,2019-07-25,2019-07-25 09:30:15,0.35,0.9459,5,0.34,0.9189,325,0.34,0.9189,1,0.345,0.9324,335,272
SPY190726C302,2019-07-25,2019-07-25 09:30:18,0.35,0.9459,5,0.34,0.9189,469,0.34,0.9189,1,0.345,0.9324,335,0
SPY190726C302,2019-07-25,2019-07-25 09:30:20,0.35,0.9459,190,0.34,0.9189,534,0.34,0.9189,1,0.345,0.9324,335,0
SPY190726C302,2019-07-25,2019-07-25 09:30:27,0.34,0.9189,5,0.33,0.8918,703,0.33,0.8918,45,0.335,0.9054,387,52
SPY190726C302,2019-07-25,2019-07-25 09:30:29,0.35,0.9459,190,0.34,0.9189,167,0.33,0.8918,45,0.345,0.9324,387,0
SPY190726C302,2019-07-25,2019-07-25 09:30:30,0.35,0.9459,5,0.34,0.9189,412,0.33,0.8918,45,0.345,0.9324,387,0
SPY190726C302,2019-07-25,2019-07-25 09:30:32,0.34,0.9189,5,0.33,0.8918,1489,0.33,0.8918,45,0.335,0.9054,387,0
SPY190726C302,2019-07-25,2019-07-25 09:30:33,0.34,0.9189,5,0.33,0.8918,1414,0.33,0.8918,45,0.335,0.9054,387,0
SPY190726C302,2019-07-25,2019-07-25 09:30:34,0.34,0.9189,5,0.33,0.8918,920,0.33,0.8918,45,0.335,0.9054,387,0
SPY190726C302,2019-07-25,2019-07-25 09:30:36,0.34,0.9189,5,0.33,0.8918,120,0.33,0.8918,45,0.335,0.9054,387,0
SPY190726C302,2019-07-25,2019-07-25 09:30:39,0.32,0.8648,5,0.31,0.8378,454,0.33,0.8918,4,0.315,0.8513,391,4
SPY190726C302,2019-07-25,2019-07-25 09:30:40,0.32,0.8648,10,0.31,0.8378,1378,0.33,0.8918,4,0.315,0.8513,391,0
SPY190726C302,2019-07-25,2019-07-25 09:30:42,0.33,0.8918,110,0.32,0.8648,613,0.33,0.8918,4,0.325,0.8783,391,0
SPY190726C302,2019-07-25,2019-07-25 09:30:43,0.33,0.8918,136,0.32,0.8648,1412,0.32,0.8648,3,0.325,0.8783,394,3
SPY190726C302,2019-07-25,2019-07-25 09:30:46,0.34,0.9189,564,0.33,0.8918,224,0.33,0.8918,5,0.335,0.9054,399,5
SPY190726C302,2019-07-25,2019-07-25 09:30:47,0.34,0.9189,212,0.33,0.8918,1010,0.33,0.8918,5,0.335,0.9054,399,0
SPY190726C302,2019-07-25,2019-07-25 09:30:49,0.34,0.9189,200,0.33,0.8918,110,0.33,0.8918,4,0.335,0.9054,403,4
SPY190726C302,2019-07-25,2019-07-25 09:30:50,0.34,0.9189,137,0.32,0.8648,1070,0.33,0.8918,4,0.33,0.8918,403,0
SPY190726C302,2019-07-25,2019-07-25 09:30:52,0.33,0.8918,327,0.32,0.8648,111,0.33,0.8918,4,0.325,0.8783,403,0
SPY190726C302,2019-07-25,2019-07-25 09:30:53,0.32,0.8648,5,0.32,0.8648,220,0.33,0.8918,4,0.32,0.8648,403,0
SPY190726C302,2019-07-25,2019-07-25 09:30:55,0.32,0.8648,5,0.31,0.8378,1115,0.33,0.8918,4,0.315,0.8513,403,0
SPY190726C302,2019-07-25,2019-07-25 09:30:57,0.33,0.8918,155,0.31,0.8378,1053,0.32,0.8648,20,0.32,0.8648,423,20
SPY190726C302,2019-07-25,2019-07-25 09:30:59,0.32,0.8648,5,0.31,0.8378,1026,0.32,0.8648,20,0.315,0.8513,423,0
SPY190726C302,2019-07-25,2019-07-25 09:31:00,0.33,0.8918,61,0.32,0.8648,148,0.32,0.8648,18,0.325,0.8783,444,21
SPY190726C302,2019-07-25,2019-07-25 09:31:01,0.34,0.9189,124,0.32,0.8648,209,0.32,0.8648,2,0.33,0.8918,446,0
SPY190726C302,2019-07-25,2019-07-25 09:31:01,0.33,0.8918,51,0.32,0.8648,100,0.32,0.8648,2,0.325,0.8783,446,2
SPY190726C302,2019-07-25,2019-07-25 09:31:02,0.33,0.8918,93,0.32,0.8648,845,0.32,0.8648,2,0.325,0.8783,453,7
SPY190726C302,2019-07-25,2019-07-25 09:31:03,0.33,0.8918,105,0.32,0.8648,594,0.32,0.8648,2,0.325,0.8783,453,0
SPY190726C302,2019-07-25,2019-07-25 09:31:03,0.33,0.8918,93,0.32,0.8648,862,0.32,0.8648,2,0.325,0.8783,453,0
SPY190726C302,2019-07-25,2019-07-25 09:31:04,0.33,0.8918,100,0.32,0.8648,108,0.33,0.8918,5,0.325,0.8783,458,5
SPY190726C302,2019-07-25,2019-07-25 09:31:04,0.33,0.8918,199,0.32,0.8648,792,0.32,0.8648,2,0.325,0.8783,453,0
SPY190726C302,2019-07-25,2019-07-25 09:31:05,0.33,0.8918,201,0.32,0.8648,71,0.33,0.8918,5,0.325,0.8783,458,0
SPY190726C302,2019-07-25,2019-07-25 09:31:06,0.33,0.8918,201,0.32,0.8648,71,0.33,0.8918,5,0.325,0.8783,458,0
SPY190726C302,2019-07-25,2019-07-25 09:31:06,0.33,0.8918,135,0.32,0.8648,157,0.33,0.8918,5,0.325,0.8783,458,0
SPY190726C302,2019-07-25,2019-07-25 09:31:07,0.33,0.8918,201,0.32,0.8648,783,0.33,0.8918,5,0.325,0.8783,458,0
SPY190726C302,2019-07-25,2019-07-25 09:31:07,0.33,0.8918,201,0.32,0.8648,826,0.33,0.8918,5,0.325,0.8783,458,0
SPY190726C302,2019-07-25,2019-07-25 09:31:08,0.33,0.8918,201,0.32,0.8648,826,0.33,0.8918,5,0.325,0.8783,458,0
SPY190726C302,2019-07-25,2019-07-25 09:31:08,0.33,0.8918,201,0.32,0.8648,110,0.33,0.8918,5,0.325,0.8783,458,0
SPY190726C302,2019-07-25,2019-07-25 09:31:09,0.33,0.8918,220,0.32,0.8648,100,0.33,0.8918,5,0.325,0.8783,458,0
SPY190726C302,2019-07-25,2019-07-25 09:31:10,0.33,0.8918,294,0.32,0.8648,71,0.32,0.8648,1,0.325,0.8783,459,1
SPY190726C302,2019-07-25,2019-07-25 09:31:10,0.33,0.8918,807,0.32,0.8648,1,0.32,0.8648,1,0.325,0.8783,459,0
SPY190726C302,2019-07-25,2019-07-25 09:31:11,0.33,0.8918,1182,0.32,0.8648,1,0.32,0.8648,1,0.325,0.8783,459,0
SPY190726C302,2019-07-25,2019-07-25 09:31:12,0.33,0.8918,571,0.32,0.8648,1,0.32,0.8648,1,0.325,0.8783,459,0
SPY190726C302,2019-07-25,2019-07-25 09:31:12,0.33,0.8918,1043,0.32,0.8648,1,0.32,0.8648,20,0.325,0.8783,479,20
SPY190726C302,2019-07-25,2019-07-25 09:31:13,0.33,0.8918,1140,0.32,0.8648,1,0.32,0.8648,20,0.325,0.8783,479,0
SPY190726C302,2019-07-25,2019-07-25 09:31:13,0.33,0.8918,1140,0.31,0.8378,513,0.31,0.8378,25,0.32,0.8648,505,26
SPY190726C302,2019-07-25,2019-07-25 09:31:14,0.32,0.8648,199,0.31,0.8378,57,0.31,0.8378,25,0.315,0.8513,505,0
SPY190726C302,2019-07-25,2019-07-25 09:31:15,0.32,0.8648,521,0.31,0.8378,139,0.31,0.8378,25,0.315,0.8513,505,0
SPY190726C302,2019-07-25,2019-07-25 09:31:15,0.32,0.8648,562,0.31,0.8378,190,0.31,0.8378,25,0.315,0.8513,505,0
SPY190726C302,2019-07-25,2019-07-25 09:31:16,0.32,0.8648,636,0.31,0.8378,1704,0.31,0.8378,25,0.315,0.8513,505,0
SPY190726C302,2019-07-25,2019-07-25 09:31:16,0.32,0.8648,636,0.31,0.8378,177,0.31,0.8378,25,0.315,0.8513,505,0
SPY190726C302,2019-07-25,2019-07-25 09:31:17,0.32,0.8648,224,0.31,0.8378,1124,0.31,0.8378,25,0.315,0.8513,505,0
SPY190726C302,2019-07-25,2019-07-25 09:31:17,0.32,0.8648,224,0.31,0.8378,1538,0.31,0.8378,25,0.315,0.8513,505,0
SPY190726C302,2019-07-25,2019-07-25 09:31:18,0.32,0.8648,314,0.3,0.8108,1791,0.31,0.8378,25,0.31,0.8378,505,0
SPY190726C302,2019-07-25,2019-07-25 09:31:18,0.32,0.8648,314,0.31,0.8378,10,0.31,0.8378,25,0.315,0.8513,505,0
SPY190726C302,2019-07-25,2019-07-25 09:31:19,0.32,0.8648,314,0.3,0.8108,933,0.31,0.8378,25,0.31,0.8378,505,0
SPY190726C302,2019-07-25,2019-07-25 09:31:20,0.31,0.8378,5,0.3,0.8108,1487,0.31,0.8378,25,0.305,0.8243,505,0
SPY190726C302,2019-07-25,2019-07-25 09:31:20,0.32,0.8648,314,0.3,0.8108,902,0.31,0.8378,25,0.31,0.8378,505,0
SPY190726C302,2019-07-25,2019-07-25 09:31:21,0.31,0.8378,5,0.3,0.8108,1183,0.31,0.8378,25,0.305,0.8243,505,0
SPY190726C302,2019-07-25,2019-07-25 09:31:21,0.31,0.8378,5,0.3,0.8108,1124,0.31,0.8378,25,0.305,0.8243,505,0
SPY190726C302,2019-07-25,2019-07-25 09:31:22,0.31,0.8378,208,0.3,0.8108,707,0.31,0.8378,25,0.305,0.8243,505,0
SPY190726C302,2019-07-25,2019-07-25 09:31:22,0.31,0.8378,5,0.3,0.8108,1011,0.31,0.8378,25,0.305,0.8243,505,0
SPY190726C302,2019-07-25,2019-07-25 09:31:23,0.31,0.8378,208,0.3,0.8108,596,0.31,0.8378,25,0.305,0.8243,505,0
SPY190726C302,2019-07-25,2019-07-25 09:31:23,0.31,0.8378,208,0.3,0.8108,707,0.31,0.8378,25,0.305,0.8243,505,0
SPY190726C302,2019-07-25,2019-07-25 09:31:24,0.31,0.8378,208,0.3,0.8108,942,0.31,0.8378,25,0.305,0.8243,505,0
SPY190726C302,2019-07-25,2019-07-25 09:31:25,0.31,0.8378,406,0.3,0.8108,942,0.31,0.8378,25,0.305,0.8243,505,0
SPY190726C302,2019-07-25,2019-07-25 09:31:26,0.31,0.8378,406,0.3,0.8108,942,0.31,0.8378,25,0.305,0.8243,505,0
SPY190726C302,2019-07-25,2019-07-25 09:31:27,0.31,0.8378,624,0.3,0.8108,1013,0.31,0.8378,1,0.305,0.8243,506,1
SPY190726C302,2019-07-25,2019-07-25 09:31:27,0.31,0.8378,624,0.3,0.8108,1013,0.31,0.8378,25,0.305,0.8243,505,0
SPY190726C302,2019-07-25,2019-07-25 09:31:28,0.31,0.8378,626,0.3,0.8108,530,0.3,0.8108,6,0.305,0.8243,516,10
SPY190726C302,2019-07-25,2019-07-25 09:31:28,0.31,0.8378,700,0.3,0.8108,628,0.31,0.8378,1,0.305,0.8243,506,0
SPY190726C302,2019-07-25,2019-07-25 09:31:29,0.31,0.8378,708,0.3,0.8108,156,0.3,0.8108,6,0.305,0.8243,516,0
SPY190726C302,2019-07-25,2019-07-25 09:31:29,0.31,0.8378,304,0.29,0.7837,585,0.3,0.8108,6,0.3,0.8108,516,0
SPY190726C302,2019-07-25,2019-07-25 09:31:30,0.3,0.8108,7,0.29,0.7837,1196,0.3,0.8108,6,0.295,0.7972,516,0
SPY190726C302,2019-07-25,2019-07-25 09:31:31,0.3,0.8108,106,0.29,0.7837,965,0.3,0.8108,6,0.295,0.7972,516,0
SPY190726C302,2019-07-25,2019-07-25 09:31:31,0.3,0.8108,208,0.29,0.7837,965,0.3,0.8108,6,0.295,0.7972,516,0
SPY190726C302,2019-07-25,2019-07-25 09:31:32,0.3,0.8108,208,0.29,0.7837,1286,0.3,0.8108,6,0.295,0.7972,516,0
SPY190726C302,2019-07-25,2019-07-25 09:31:32,0.3,0.8108,406,0.29,0.7837,328,0.3,0.8108,6,0.295,0.7972,516,0
SPY190726C302,2019-07-25,2019-07-25 09:31:33,0.3,0.8108,406,0.29,0.7837,237,0.3,0.8108,6,0.295,0.7972,516,0
SPY190726C302,2019-07-25,2019-07-25 09:31:33,0.3,0.8108,362,0.29,0.7837,221,0.3,0.8108,6,0.295,0.7972,516,0
SPY190726C302,2019-07-25,2019-07-25 09:31:34,0.29,0.7837,6,0.28,0.7567,1169,0.3,0.8108,6,0.285,0.7702,516,0
SPY190726C302,2019-07-25,2019-07-25 09:31:34,0.29,0.7837,105,0.28,0.7567,1169,0.3,0.8108,6,0.285,0.7702,516,0
SPY190726C302,2019-07-25,2019-07-25 09:31:35,0.29,0.7837,105,0.28,0.7567,1146,0.3,0.8108,6,0.285,0.7702,516,0
SPY190726C302,2019-07-25,2019-07-25 09:31:36,0.29,0.7837,155,0.28,0.7567,109,0.3,0.8108,6,0.285,0.7702,516,0
SPY190726C302,2019-07-25,2019-07-25 09:31:36,0.28,0.7567,5,0.28,0.7567,109,0.3,0.8108,6,0.28,0.7567,516,0
SPY190726C302,2019-07-25,2019-07-25 09:31:37,0.28,0.7567,105,0.27,0.7297,1415,0.3,0.8108,6,0.275,0.7432,516,0
SPY190726C302,2019-07-25,2019-07-25 09:31:38,0.28,0.7567,123,0.27,0.7297,1101,0.3,0.8108,6,0.275,0.7432,516,0
SPY190726C302,2019-07-25,2019-07-25 09:31:38,0.28,0.7567,123,0.27,0.7297,532,0.3,0.8108,6,0.275,0.7432,516,0
SPY190726C302,2019-07-25,2019-07-25 09:31:39,0.28,0.7567,152,0.27,0.7297,712,0.3,0.8108,6,0.275,0.7432,516,0
SPY190726C302,2019-07-25,2019-07-25 09:31:39,0.28,0.7567,55,0.27,0.7297,218,0.3,0.8108,6,0.275,0.7432,516,0
SPY190726C302,2019-07-25,2019-07-25 09:31:40,0.28,0.7567,152,0.27,0.7297,712,0.3,0.8108,6,0.275,0.7432,516,0
SPY190726C302,2019-07-25,2019-07-25 09:31:41,0.28,0.7567,152,0.27,0.7297,949,0.3,0.8108,6,0.275,0.7432,516,0
SPY190726C302,2019-07-25,2019-07-25 09:31:42,0.28,0.7567,185,0.27,0.7297,1137,0.3,0.8108,6,0.275,0.7432,516,0
SPY190726C302,2019-07-25,2019-07-25 09:31:42,0.28,0.7567,185,0.27,0.7297,1172,0.3,0.8108,6,0.275,0.7432,516,0
SPY190726C302,2019-07-25,2019-07-25 09:31:43,0.28,0.7567,185,0.27,0.7297,1749,0.3,0.8108,6,0.275,0.7432,516,0
SPY190726C302,2019-07-25,2019-07-25 09:31:43,0.28,0.7567,185,0.27,0.7297,1614,0.3,0.8108,6,0.275,0.7432,516,0
SPY190726C302,2019-07-25,2019-07-25 09:31:44,0.28,0.7567,185,0.27,0.7297,1752,0.3,0.8108,6,0.275,0.7432,516,0
SPY190726C302,2019-07-25,2019-07-25 09:31:44,0.28,0.7567,100,0.27,0.7297,422,0.3,0.8108,6,0.275,0.7432,516,0
SPY190726C302,2019-07-25,2019-07-25 09:31:45,0.29,0.7837,55,0.28,0.7567,977,0.3,0.8108,6,0.285,0.7702,516,0
SPY190726C302,2019-07-25,2019-07-25 09:31:46,0.29,0.7837,49,0.28,0.7567,384,0.3,0.8108,6,0.285,0.7702,516,0
SPY190726C302,2019-07-25,2019-07-25 09:31:46,0.29,0.7837,55,0.28,0.7567,1804,0.3,0.8108,6,0.285,0.7702,516,0
SPY190726C302,2019-07-25,2019-07-25 09:31:47,0.29,0.7837,298,0.28,0.7567,1,0.28,0.7567,1,0.285,0.7702,517,1
SPY190726C302,2019-07-25,2019-07-25 09:31:48,0.29,0.7837,213,0.28,0.7567,531,0.28,0.7567,1,0.285,0.7702,517,0
SPY190726C302,2019-07-25,2019-07-25 09:31:48,0.29,0.7837,298,0.28,0.7567,1,0.28,0.7567,1,0.285,0.7702,517,0
SPY190726C302,2019-07-25,2019-07-25 09:31:49,0.28,0.7567,40,0.27,0.7297,283,0.28,0.7567,1,0.275,0.7432,517,0
SPY190726C302,2019-07-25,2019-07-25 09:31:49,0.28,0.7567,167,0.27,0.7297,10,0.28,0.7567,1,0.275,0.7432,517,0
SPY190726C302,2019-07-25,2019-07-25 09:31:50,0.27,0.7297,5,0.27,0.7297,214,0.28,0.7567,1,0.27,0.7297,518,1
SPY190726C302,2019-07-25,2019-07-25 09:31:50,0.27,0.7297,5,0.26,0.7027,1437,0.28,0.7567,1,0.265,0.7162,518,0
SPY190726C302,2019-07-25,2019-07-25 09:31:51,0.27,0.7297,5,0.26,0.7027,1987,0.28,0.7567,1,0.265,0.7162,518,0
SPY190726C302,2019-07-25,2019-07-25 09:31:52,0.28,0.7567,284,0.27,0.7297,345,0.28,0.7567,1,0.275,0.7432,518,0
SPY190726C302,2019-07-25,2019-07-25 09:31:52,0.28,0.7567,406,0.27,0.7297,331,0.28,0.7567,1,0.275,0.7432,518,0
SPY190726C302,2019-07-25,2019-07-25 09:31:53,0.28,0.7567,449,0.27,0.7297,870,0.28,0.7567,1,0.275,0.7432,518,0
SPY190726C302,2019-07-25,2019-07-25 09:31:54,0.28,0.7567,624,0.27,0.7297,272,0.28,0.7567,1,0.275,0.7432,518,0
SPY190726C302,2019-07-25,2019-07-25 09:31:54,0.28,0.7567,634,0.27,0.7297,1000,0.28,0.7567,1,0.275,0.7432,518,0
SPY190726C302,2019-07-25,2019-07-25 09:31:55,0.28,0.7567,624,0.27,0.7297,311,0.28,0.7567,1,0.275,0.7432,518,0
SPY190726C302,2019-07-25,2019-07-25 09:31:56,0.28,0.7567,307,0.26,0.7027,817,0.28,0.7567,1,0.27,0.7297,518,0
SPY190726C302,2019-07-25,2019-07-25 09:31:56,0.28,0.7567,307,0.26,0.7027,565,0.28,0.7567,1,0.27,0.7297,518,0
SPY190726C302,2019-07-25,2019-07-25 09:31:57,0.28,0.7567,100,0.27,0.7297,690,0.28,0.7567,1,0.275,0.7432,518,0
SPY190726C302,2019-07-25,2019-07-25 09:31:57,0.28,0.7567,364,0.27,0.7297,291,0.28,0.7567,1,0.275,0.7432,518,0
SPY190726C302,2019-07-25,2019-07-25 09:31:58,0.28,0.7567,100,0.28,0.7567,55,0.28,0.7567,1,0.28,0.7567,518,0
SPY190726C302,2019-07-25,2019-07-25 09:31:58,0.28,0.7567,5,0.27,0.7297,1689,0.28,0.7567,1,0.275,0.7432,518,0
SPY190726C302,2019-07-25,2019-07-25 09:31:59,0.28,0.7567,5,0.27,0.7297,955,0.28,0.7567,1,0.275,0.7432,518,0
SPY190726C302,2019-07-25,2019-07-25 09:32:00,0.29,0.7837,432,0.27,0.7297,691,0.28,0.7567,1,0.28,0.7567,518,0
SPY190726C302,2019-07-25,2019-07-25 09:32:01,0.29,0.7837,255,0.28,0.7567,6,0.28,0.7567,15,0.285,0.7702,533,15
SPY190726C302,2019-07-25,2019-07-25 09:32:02,0.29,0.7837,1,0.29,0.7837,313,0.29,0.7837,1,0.29,0.7837,534,1
SPY190726C302,2019-07-25,2019-07-25 09:32:03,0.3,0.8108,218,0.29,0.7837,1520,0.3,0.8108,1,0.295,0.7972,535,0
SPY190726C302,2019-07-25,2019-07-25 09:32:03,0.3,0.8108,218,0.29,0.7837,710,0.3,0.8108,1,0.295,0.7972,535,1
SPY190726C302,2019-07-25,2019-07-25 09:32:04,0.3,0.8108,218,0.29,0.7837,1520,0.3,0.8108,1,0.295,0.7972,535,0
SPY190726C302,2019-07-25,2019-07-25 09:32:05,0.3,0.8108,5,0.29,0.7837,1299,0.3,0.8108,1,0.295,0.7972,535,0
SPY190726C302,2019-07-25,2019-07-25 09:32:06,0.31,0.8378,321,0.3,0.8108,1,0.3,0.8108,1,0.305,0.8243,541,6
SPY190726C302,2019-07-25,2019-07-25 09:32:07,0.31,0.8378,55,0.3,0.8108,524,0.3,0.8108,1,0.305,0.8243,541,0
SPY190726C302,2019-07-25,2019-07-25 09:32:08,0.3,0.8108,5,0.29,0.7837,821,0.3,0.8108,1,0.295,0.7972,541,0
SPY190726C302,2019-07-25,2019-07-25 09:32:08,0.31,0.8378,294,0.29,0.7837,1137,0.3,0.8108,1,0.3,0.8108,541,0
SPY190726C302,2019-07-25,2019-07-25 09:32:09,0.3,0.8108,5,0.29,0.7837,821,0.3,0.8108,1,0.295,0.7972,541,0
SPY190726C302,2019-07-25,2019-07-25 09:32:10,0.3,0.8108,334,0.29,0.7837,184,0.3,0.8108,1,0.295,0.7972,541,0
SPY190726C302,2019-07-25,2019-07-25 09:32:11,0.3,0.8108,5,0.28,0.7567,1569,0.28,0.7567,1,0.29,0.7837,542,1
SPY190726C302,2019-07-25,2019-07-25 09:32:11,0.3,0.8108,5,0.29,0.7837,273,0.28,0.7567,1,0.295,0.7972,542,0
SPY190726C302,2019-07-25,2019-07-25 09:32:12,0.3,0.8108,5,0.29,0.7837,273,0.28,0.7567,1,0.295,0.7972,542,0
SPY190726C302,2019-07-25,2019-07-25 09:32:12,0.3,0.8108,201,0.29,0.7837,233,0.28,0.7567,1,0.295,0.7972,542,0
SPY190726C302,2019-07-25,2019-07-25 09:32:13,0.3,0.8108,317,0.29,0.7837,5,0.28,0.7567,1,0.295,0.7972,542,0
SPY190726C302,2019-07-25,2019-07-25 09:32:15,0.29,0.7837,5,0.28,0.7567,1516,0.28,0.7567,1,0.285,0.7702,542,0
SPY190726C302,2019-07-25,2019-07-25 09:32:15,0.29,0.7837,5,0.28,0.7567,1556,0.28,0.7567,1,0.285,0.7702,542,0
SPY190726C302,2019-07-25,2019-07-25 09:32:16,0.29,0.7837,5,0.28,0.7567,1516,0.28,0.7567,1,0.285,0.7702,542,0
SPY190726C302,2019-07-25,2019-07-25 09:32:17,0.29,0.7837,5,0.28,0.7567,1516,0.28,0.7567,1,0.285,0.7702,542,0
SPY190726C302,2019-07-25,2019-07-25 09:32:18,0.29,0.7837,5,0.28,0.7567,1604,0.28,0.7567,1,0.285,0.7702,542,0
SPY190726C302,2019-07-25,2019-07-25 09:32:19,0.29,0.7837,500,0.27,0.7297,891,0.28,0.7567,1,0.28,0.7567,542,0
SPY190726C302,2019-07-25,2019-07-25 09:32:20,0.27,0.7297,5,0.26,0.7027,836,0.28,0.7567,1,0.265,0.7162,542,0
SPY190726C302,2019-07-25,2019-07-25 09:32:20,0.28,0.7567,242,0.27,0.7297,1658,0.28,0.7567,1,0.275,0.7432,542,0
SPY190726C302,2019-07-25,2019-07-25 09:32:21,0.27,0.7297,5,0.26,0.7027,867,0.28,0.7567,1,0.265,0.7162,542,0
SPY190726C302,2019-07-25,2019-07-25 09:32:21,0.27,0.7297,5,0.26,0.7027,1667,0.28,0.7567,1,0.265,0.7162,542,0
SPY190726C302,2019-07-25,2019-07-25 09:32:22,0.28,0.7567,245,0.26,0.7027,978,0.28,0.7567,1,0.27,0.7297,542,0
SPY190726C302,2019-07-25,2019-07-25 09:32:23,0.27,0.7297,92,0.26,0.7027,1,0.28,0.7567,1,0.265,0.7162,542,0
SPY190726C302,2019-07-25,2019-07-25 09:32:23,0.28,0.7567,245,0.26,0.7027,221,0.28,0.7567,1,0.27,0.7297,542,0
SPY190726C302,2019-07-25,2019-07-25 09:32:24,0.27,0.7297,263,0.26,0.7027,1,0.28,0.7567,1,0.265,0.7162,542,0
SPY190726C302,2019-07-25,2019-07-25 09:32:24,0.27,0.7297,413,0.26,0.7027,1,0.28,0.7567,1,0.265,0.7162,542,0
SPY190726C302,2019-07-25,2019-07-25 09:32:25,0.27,0.7297,348,0.26,0.7027,1,0.28,0.7567,1,0.265,0.7162,542,0
SPY190726C302,2019-07-25,2019-07-25 09:32:25,0.27,0.7297,246,0.26,0.7027,1,0.28,0.7567,1,0.265,0.7162,542,0
SPY190726C302,2019-07-25,2019-07-25 09:32:26,0.26,0.7027,244,0.25,0.6756,782,0.26,0.7027,1,0.255,0.6891,543,1
SPY190726C302,2019-07-25,2019-07-25 09:32:27,0.27,0.7297,377,0.25,0.6756,278,0.25,0.6756,6,0.26,0.7027,550,7
SPY190726C302,2019-07-25,2019-07-25 09:32:28,0.26,0.7027,191,0.25,0.6756,856,0.26,0.7027,36,0.255,0.6891,586,36
SPY190726C302,2019-07-25,2019-07-25 09:32:28,0.25,0.6756,5,0.24,0.6486,755,0.26,0.7027,36,0.245,0.6621,586,0
SPY190726C302,2019-07-25,2019-07-25 09:32:29,0.25,0.6756,5,0.24,0.6486,1895,0.26,0.7027,36,0.245,0.6621,586,0
SPY190726C302,2019-07-25,2019-07-25 09:32:29,0.25,0.6756,6,0.24,0.6486,1996,0.26,0.7027,36,0.245,0.6621,586,0
SPY190726C302,2019-07-25,2019-07-25 09:32:30,0.25,0.6756,6,0.24,0.6486,1996,0.26,0.7027,36,0.245,0.6621,586,0
SPY190726C302,2019-07-25,2019-07-25 09:32:31,0.26,0.7027,1070,0.25,0.6756,180,0.26,0.7027,36,0.255,0.6891,586,0
SPY190726C302,2019-07-25,2019-07-25 09:32:31,0.25,0.6756,5,0.24,0.6486,1703,0.26,0.7027,36,0.245,0.6621,586,0
SPY190726C302,2019-07-25,2019-07-25 09:32:32,0.25,0.6756,5,0.24,0.6486,1703,0.26,0.7027,36,0.245,0.6621,586,0
SPY190726C302,2019-07-25,2019-07-25 09:32:34,0.25,0.6756,105,0.24,0.6486,1580,0.26,0.7027,36,0.245,0.6621,586,0
SPY190726C302,2019-07-25,2019-07-25 09:32:35,0.25,0.6756,99,0.24,0.6486,1394,0.26,0.7027,36,0.245,0.6621,586,0
SPY190726C302,2019-07-25,2019-07-25 09:32:36,0.24,0.6486,5,0.24,0.6486,126,0.26,0.7027,36,0.24,0.6486,586,0
SPY190726C302,2019-07-25,2019-07-25 09:32:38,0.24,0.6486,77,0.23,0.6216,1664,0.26,0.7027,36,0.235,0.6351,586,0
SPY190726C302,2019-07-25,2019-07-25 09:32:39,0.24,0.6486,113,0.23,0.6216,1664,0.26,0.7027,36,0.235,0.6351,586,0
SPY190726C302,2019-07-25,2019-07-25 09:32:40,0.25,0.6756,477,0.24,0.6486,589,0.26,0.7027,36,0.245,0.6621,586,0
SPY190726C302,2019-07-25,2019-07-25 09:32:42,0.25,0.6756,499,0.24,0.6486,575,0.26,0.7027,36,0.245,0.6621,586,0
SPY190726C302,2019-07-25,2019-07-25 09:32:43,0.25,0.6756,480,0.23,0.6216,1241,0.23,0.6216,1,0.24,0.6486,612,26
SPY190726C302,2019-07-25,2019-07-25 09:32:44,0.24,0.6486,5,0.23,0.6216,1676,0.23,0.6216,1,0.235,0.6351,612,0
SPY190726C302,2019-07-25,2019-07-25 09:32:45,0.24,0.6486,96,0.23,0.6216,561,0.23,0.6216,1,0.235,0.6351,612,0
SPY190726C302,2019-07-25,2019-07-25 09:32:45,0.24,0.6486,109,0.23,0.6216,658,0.23,0.6216,1,0.235,0.6351,612,0
SPY190726C302,2019-07-25,2019-07-25 09:32:46,0.24,0.6486,104,0.23,0.6216,658,0.23,0.6216,1,0.235,0.6351,612,0
SPY190726C302,2019-07-25,2019-07-25 09:32:47,0.24,0.6486,236,0.23,0.6216,814,0.23,0.6216,1,0.235,0.6351,612,0
SPY190726C302,2019-07-25,2019-07-25 09:32:47,0.24,0.6486,146,0.23,0.6216,877,0.23,0.6216,1,0.235,0.6351,612,0
SPY190726C302,2019-07-25,2019-07-25 09:32:48,0.24,0.6486,259,0.23,0.6216,912,0.23,0.6216,1,0.235,0.6351,612,0
SPY190726C302,2019-07-25,2019-07-25 09:32:49,0.24,0.6486,492,0.23,0.6216,831,0.24,0.6486,1,0.235,0.6351,613,0
SPY190726C302,2019-07-25,2019-07-25 09:32:49,0.24,0.6486,492,0.23,0.6216,831,0.24,0.6486,1,0.235,0.6351,613,1
SPY190726C302,2019-07-25,2019-07-25 09:32:50,0.24,0.6486,492,0.23,0.6216,804,0.23,0.6216,6,0.235,0.6351,623,10
SPY190726C302,2019-07-25,2019-07-25 09:32:51,0.23,0.6216,5,0.22,0.5945,1538,0.23,0.6216,6,0.225,0.6081,623,0
SPY190726C302,2019-07-25,2019-07-25 09:32:51,0.23,0.6216,5,0.22,0.5945,1655,0.22,0.5945,6,0.225,0.6081,643,20
SPY190726C302,2019-07-25,2019-07-25 09:32:52,0.23,0.6216,112,0.22,0.5945,1655,0.22,0.5945,6,0.225,0.6081,643,0
SPY190726C302,2019-07-25,2019-07-25 09:32:53,0.23,0.6216,50,0.22,0.5945,2074,0.22,0.5945,6,0.225,0.6081,643,0
SPY190726C302,2019-07-25,2019-07-25 09:32:53,0.23,0.6216,50,0.22,0.5945,1655,0.22,0.5945,6,0.225,0.6081,643,0
SPY190726C302,2019-07-25,2019-07-25 09:32:54,0.23,0.6216,50,0.22,0.5945,2074,0.22,0.5945,6,0.225,0.6081,643,0
SPY190726C302,2019-07-25,2019-07-25 09:32:55,0.23,0.6216,50,0.22,0.5945,2074,0.22,0.5945,6,0.225,0.6081,643,0
SPY190726C302,2019-07-25,2019-07-25 09:32:56,0.23,0.6216,50,0.22,0.5945,2074,0.22,0.5945,6,0.225,0.6081,643,0
SPY190726C302,2019-07-25,2019-07-25 09:32:57,0.23,0.6216,50,0.22,0.5945,2074,0.22,0.5945,6,0.225,0.6081,643,0
SPY190726C302,2019-07-25,2019-07-25 09:32:57,0.23,0.6216,50,0.22,0.5945,1683,0.22,0.5945,6,0.225,0.6081,643,0
SPY190726C302,2019-07-25,2019-07-25 09:32:58,0.23,0.6216,10,0.22,0.5945,1795,0.23,0.6216,3,0.225,0.6081,686,43
SPY190726C302,2019-07-25,2019-07-25 09:32:58,0.23,0.6216,50,0.22,0.5945,2074,0.22,0.5945,6,0.225,0.6081,643,0
SPY190726C302,2019-07-25,2019-07-25 09:32:59,0.23,0.6216,60,0.22,0.5945,307,0.23,0.6216,3,0.225,0.6081,686,0
SPY190726C302,2019-07-25,2019-07-25 09:33:00,0.23,0.6216,452,0.22,0.5945,816,0.23,0.6216,3,0.225,0.6081,686,0
SPY190726C302,2019-07-25,2019-07-25 09:33:00,0.23,0.6216,452,0.22,0.5945,693,0.23,0.6216,3,0.225,0.6081,686,0
SPY190726C302,2019-07-25,2019-07-25 09:33:01,0.23,0.6216,452,0.22,0.5945,700,0.23,0.6216,3,0.225,0.6081,686,0
SPY190726C302,2019-07-25,2019-07-25 09:33:02,0.23,0.6216,462,0.22,0.5945,1025,0.23,0.6216,3,0.225,0.6081,686,0
SPY190726C302,2019-07-25,2019-07-25 09:33:02,0.23,0.6216,1193,0.22,0.5945,1025,0.23,0.6216,3,0.225,0.6081,686,0
SPY190726C302,2019-07-25,2019-07-25 09:33:03,0.23,0.6216,726,0.22,0.5945,902,0.23,0.6216,3,0.225,0.6081,686,0
SPY190726C302,2019-07-25,2019-07-25 09:33:04,0.23,0.6216,968,0.22,0.5945,861,0.23,0.6216,3,0.225,0.6081,686,0
SPY190726C302,2019-07-25,2019-07-25 09:33:04,0.23,0.6216,10,0.22,0.5945,1293,0.23,0.6216,3,0.225,0.6081,686,0
SPY190726C302,2019-07-25,2019-07-25 09:33:05,0.23,0.6216,10,0.23,0.6216,402,0.23,0.6216,10,0.23,0.6216,696,10
SPY190726C302,2019-07-25,2019-07-25 09:33:05,0.24,0.6486,100,0.23,0.6216,1035,0.23,0.6216,10,0.235,0.6351,696,0
SPY190726C302,2019-07-25,2019-07-25 09:33:06,0.25,0.6756,1362,0.24,0.6486,542,0.23,0.6216,10,0.245,0.6621,696,0
SPY190726C302,2019-07-25,2019-07-25 09:33:06,0.25,0.6756,644,0.23,0.6216,1505,0.23,0.6216,10,0.24,0.6486,696,0
SPY190726C302,2019-07-25,2019-07-25 09:33:07,0.25,0.6756,1032,0.24,0.6486,123,0.23,0.6216,10,0.245,0.6621,696,0
SPY190726C302,2019-07-25,2019-07-25 09:33:08,0.25,0.6756,366,0.24,0.6486,1700,0.23,0.6216,10,0.245,0.6621,696,0
SPY190726C302,2019-07-25,2019-07-25 09:33:08,0.25,0.6756,10,0.24,0.6486,1017,0.23,0.6216,10,0.245,0.6621,696,0
SPY190726C302,2019-07-25,2019-07-25 09:33:09,0.25,0.6756,125,0.24,0.6486,1988,0.23,0.6216,10,0.245,0.6621,696,0
SPY190726C302,2019-07-25,2019-07-25 09:33:10,0.25,0.6756,425,0.24,0.6486,601,0.23,0.6216,10,0.245,0.6621,696,0
SPY190726C302,2019-07-25,2019-07-25 09:33:10,0.25,0.6756,425,0.24,0.6486,585,0.23,0.6216,10,0.245,0.6621,696,0
SPY190726C302,2019-07-25,2019-07-25 09:33:11,0.25,0.6756,265,0.24,0.6486,574,0.23,0.6216,10,0.245,0.6621,696,0
SPY190726C302,2019-07-25,2019-07-25 09:33:11,0.25,0.6756,265,0.24,0.6486,860,0.23,0.6216,10,0.245,0.6621,696,0
SPY190726C302,2019-07-25,2019-07-25 09:33:12,0.25,0.6756,531,0.24,0.6486,349,0.23,0.6216,10,0.245,0.6621,696,0
SPY190726C302,2019-07-25,2019-07-25 09:33:13,0.25,0.6756,1062,0.24,0.6486,521,0.23,0.6216,10,0.245,0.6621,696,0
SPY190726C302,2019-07-25,2019-07-25 09:33:13,0.25,0.6756,1076,0.24,0.6486,521,0.23,0.6216,10,0.245,0.6621,696,0
SPY190726C302,2019-07-25,2019-07-25 09:33:14,0.25,0.6756,1095,0.24,0.6486,521,0.23,0.6216,10,0.245,0.6621,696,0
SPY190726C302,2019-07-25,2019-07-25 09:33:14,0.25,0.6756,1101,0.24,0.6486,521,0.23,0.6216,10,0.245,0.6621,696,0
SPY190726C302,2019-07-25,2019-07-25 09:33:15,0.25,0.6756,1425,0.24,0.6486,521,0.23,0.6216,10,0.245,0.6621,696,0
SPY190726C302,2019-07-25,2019-07-25 09:33:15,0.25,0.6756,1089,0.24,0.6486,371,0.23,0.6216,10,0.245,0.6621,696,0
SPY190726C302,2019-07-25,2019-07-25 09:33:16,0.25,0.6756,937,0.24,0.6486,465,0.23,0.6216,10,0.245,0.6621,696,0
SPY190726C302,2019-07-25,2019-07-25 09:33:16,0.25,0.6756,414,0.24,0.6486,381,0.23,0.6216,10,0.245,0.6621,696,0
SPY190726C302,2019-07-25,2019-07-25 09:33:17,0.24,0.6486,5,0.23,0.6216,1041,0.23,0.6216,10,0.235,0.6351,696,0
SPY190726C302,2019-07-25,2019-07-25 09:33:18,0.24,0.6486,5,0.23,0.6216,1699,0.23,0.6216,10,0.235,0.6351,696,0
SPY190726C302,2019-07-25,2019-07-25 09:33:18,0.24,0.6486,63,0.23,0.6216,1699,0.23,0.6216,10,0.235,0.6351,696,0
SPY190726C302,2019-07-25,2019-07-25 09:33:19,0.25,0.6756,223,0.24,0.6486,1446,0.23,0.6216,10,0.245,0.6621,696,0
SPY190726C302,2019-07-25,2019-07-25 09:33:19,0.25,0.6756,223,0.24,0.6486,1153,0.23,0.6216,10,0.245,0.6621,696,0
SPY190726C302,2019-07-25,2019-07-25 09:33:20,0.25,0.6756,569,0.24,0.6486,1328,0.23,0.6216,10,0.245,0.6621,696,0
SPY190726C302,2019-07-25,2019-07-25 09:33:20,0.25,0.6756,223,0.24,0.6486,803,0.23,0.6216,10,0.245,0.6621,696,0
SPY190726C302,2019-07-25,2019-07-25 09:33:21,0.25,0.6756,237,0.24,0.6486,1790,0.23,0.6216,10,0.245,0.6621,696,0
SPY190726C302,2019-07-25,2019-07-25 09:33:21,0.25,0.6756,569,0.24,0.6486,2110,0.23,0.6216,10,0.245,0.6621,696,0
SPY190726C302,2019-07-25,2019-07-25 09:33:22,0.25,0.6756,181,0.24,0.6486,564,0.23,0.6216,10,0.245,0.6621,696,0
SPY190726C302,2019-07-25,2019-07-25 09:33:23,0.25,0.6756,30,0.24,0.6486,564,0.23,0.6216,10,0.245,0.6621,696,0
SPY190726C302,2019-07-25,2019-07-25 09:33:24,0.25,0.6756,30,0.24,0.6486,2429,0.23,0.6216,10,0.245,0.6621,696,0
SPY190726C302,2019-07-25,2019-07-25 09:33:24,0.25,0.6756,30,0.24,0.6486,2087,0.23,0.6216,10,0.245,0.6621,696,0
SPY190726C302,2019-07-25,2019-07-25 09:33:25,0.25,0.6756,10,0.24,0.6486,2766,0.24,0.6486,3,0.245,0.6621,700,4
SPY190726C302,2019-07-25,2019-07-25 09:33:25,0.25,0.6756,10,0.24,0.6486,2714,0.23,0.6216,10,0.245,0.6621,696,0
SPY190726C302,2019-07-25,2019-07-25 09:33:26,0.26,0.7027,895,0.25,0.6756,559,0.25,0.6756,10,0.255,0.6891,710,10
SPY190726C302,2019-07-25,2019-07-25 09:33:26,0.27,0.7297,690,0.25,0.6756,1031,0.25,0.6756,10,0.26,0.7027,710,0
SPY190726C302,2019-07-25,2019-07-25 09:33:27,0.27,0.7297,1468,0.25,0.6756,114,0.25,0.6756,10,0.26,0.7027,710,0
SPY190726C302,2019-07-25,2019-07-25 09:33:28,0.26,0.7027,485,0.25,0.6756,435,0.25,0.6756,10,0.255,0.6891,710,0
SPY190726C302,2019-07-25,2019-07-25 09:33:28,0.26,0.7027,493,0.25,0.6756,327,0.25,0.6756,10,0.255,0.6891,710,0
SPY190726C302,2019-07-25,2019-07-25 09:33:29,0.26,0.7027,791,0.24,0.6486,750,0.26,0.7027,2,0.25,0.6756,712,0
SPY190726C302,2019-07-25,2019-07-25 09:33:29,0.25,0.6756,49,0.24,0.6486,1370,0.26,0.7027,2,0.245,0.6621,712,2
SPY190726C302,2019-07-25,2019-07-25 09:33:31,0.26,0.7027,677,0.25,0.6756,97,0.26,0.7027,2,0.255,0.6891,712,0
SPY190726C302,2019-07-25,2019-07-25 09:33:33,0.26,0.7027,297,0.25,0.6756,1156,0.26,0.7027,2,0.255,0.6891,712,0
SPY190726C302,2019-07-25,2019-07-25 09:33:36,0.27,0.7297,1838,0.25,0.6756,2226,0.26,0.7027,9,0.26,0.7027,721,9
SPY190726C302,2019-07-25,2019-07-25 09:33:38,0.27,0.7297,1476,0.25,0.6756,2096,0.26,0.7027,9,0.26,0.7027,721,0
SPY190726C302,2019-07-25,2019-07-25 09:33:39,0.27,0.7297,2510,0.25,0.6756,2096,0.26,0.7027,9,0.26,0.7027,721,0
SPY190726C302,2019-07-25,2019-07-25 09:33:41,0.27,0.7297,1463,0.26,0.7027,30,0.26,0.7027,9,0.265,0.7162,721,0
SPY190726C302,2019-07-25,2019-07-25 09:33:41,0.27,0.7297,2515,0.26,0.7027,25,0.26,0.7027,9,0.265,0.7162,721,0
SPY190726C302,2019-07-25,2019-07-25 09:33:42,0.27,0.7297,1958,0.26,0.7027,30,0.26,0.7027,9,0.265,0.7162,721,0
SPY190726C302,2019-07-25,2019-07-25 09:33:43,0.27,0.7297,1958,0.26,0.7027,25,0.27,0.7297,3,0.265,0.7162,724,3
SPY190726C302,2019-07-25,2019-07-25 09:33:44,0.27,0.7297,1958,0.26,0.7027,50,0.27,0.7297,3,0.265,0.7162,724,0
SPY190726C302,2019-07-25,2019-07-25 09:33:45,0.27,0.7297,2516,0.26,0.7027,25,0.27,0.7297,3,0.265,0.7162,724,0
SPY190726C302,2019-07-25,2019-07-25 09:33:46,0.27,0.7297,2516,0.26,0.7027,25,0.27,0.7297,3,0.265,0.7162,724,0
SPY190726C302,2019-07-25,2019-07-25 09:33:47,0.27,0.7297,2516,0.26,0.7027,25,0.27,0.7297,3,0.265,0.7162,724,0
SPY190726C302,2019-07-25,2019-07-25 09:33:48,0.26,0.7027,1069,0.25,0.6756,297,0.26,0.7027,1,0.255,0.6891,750,26
SPY190726C302,2019-07-25,2019-07-25 09:33:49,0.26,0.7027,66,0.25,0.6756,589,0.26,0.7027,1,0.255,0.6891,750,0
SPY190726C302,2019-07-25,2019-07-25 09:33:54,0.26,0.7027,183,0.25,0.6756,693,0.26,0.7027,1,0.255,0.6891,750,0
SPY190726C302,2019-07-25,2019-07-25 09:33:55,0.27,0.7297,1524,0.25,0.6756,585,0.26,0.7027,1,0.26,0.7027,750,0
SPY190726C302,2019-07-25,2019-07-25 09:33:56,0.27,0.7297,2401,0.26,0.7027,58,0.26,0.7027,1,0.265,0.7162,750,0
SPY190726C302,2019-07-25,2019-07-25 09:33:56,0.27,0.7297,2401,0.26,0.7027,73,0.26,0.7027,1,0.265,0.7162,750,0
SPY190726C302,2019-07-25,2019-07-25 09:33:57,0.27,0.7297,1889,0.26,0.7027,11,0.26,0.7027,1,0.265,0.7162,750,0
SPY190726C302,2019-07-25,2019-07-25 09:33:58,0.26,0.7027,407,0.26,0.7027,12,0.26,0.7027,1,0.26,0.7027,750,0
SPY190726C302,2019-07-25,2019-07-25 09:33:59,0.26,0.7027,159,0.25,0.6756,653,0.26,0.7027,1,0.255,0.6891,750,0
SPY190726C302,2019-07-25,2019-07-25 09:34:00,0.26,0.7027,124,0.25,0.6756,653,0.26,0.7027,1,0.255,0.6891,750,0
SPY190726C302,2019-07-25,2019-07-25 09:34:00,0.26,0.7027,432,0.25,0.6756,653,0.26,0.7027,1,0.255,0.6891,750,0
SPY190726C302,2019-07-25,2019-07-25 09:34:01,0.26,0.7027,139,0.25,0.6756,1117,0.26,0.7027,1,0.255,0.6891,750,0
SPY190726C302,2019-07-25,2019-07-25 09:34:02,0.26,0.7027,120,0.25,0.6756,297,0.26,0.7027,154,0.255,0.6891,904,154
SPY190726C302,2019-07-25,2019-07-25 09:34:03,0.26,0.7027,181,0.25,0.6756,868,0.26,0.7027,154,0.255,0.6891,904,0
SPY190726C302,2019-07-25,2019-07-25 09:34:04,0.26,0.7027,304,0.25,0.6756,879,0.26,0.7027,154,0.255,0.6891,904,0
SPY190726C302,2019-07-25,2019-07-25 09:34:05,0.26,0.7027,304,0.25,0.6756,557,0.25,0.6756,1,0.255,0.6891,906,2
SPY190726C302,2019-07-25,2019-07-25 09:34:06,0.26,0.7027,274,0.25,0.6756,783,0.25,0.6756,1,0.255,0.6891,906,0
SPY190726C302,2019-07-25,2019-07-25 09:34:07,0.26,0.7027,140,0.25,0.6756,648,0.25,0.6756,1,0.255,0.6891,906,0
SPY190726C302,2019-07-25,2019-07-25 09:34:07,0.26,0.7027,184,0.25,0.6756,782,0.25,0.6756,1,0.255,0.6891,906,0
SPY190726C302,2019-07-25,2019-07-25 09:34:08,0.26,0.7027,344,0.25,0.6756,697,0.25,0.6756,1,0.255,0.6891,906,0
SPY190726C302,2019-07-25,2019-07-25 09:34:09,0.26,0.7027,344,0.25,0.6756,1124,0.25,0.6756,1,0.255,0.6891,906,0
SPY190726C302,2019-07-25,2019-07-25 09:34:09,0.26,0.7027,314,0.25,0.6756,807,0.25,0.6756,1,0.255,0.6891,906,0
SPY190726C302,2019-07-25,2019-07-25 09:34:10,0.26,0.7027,314,0.25,0.6756,1001,0.25,0.6756,1,0.255,0.6891,906,0
SPY190726C302,2019-07-25,2019-07-25 09:34:12,0.26,0.7027,380,0.25,0.6756,822,0.25,0.6756,1,0.255,0.6891,906,0
SPY190726C302,2019-07-25,2019-07-25 09:34:12,0.26,0.7027,385,0.25,0.6756,380,0.25,0.6756,1,0.255,0.6891,906,0
SPY190726C302,2019-07-25,2019-07-25 09:34:13,0.26,0.7027,395,0.25,0.6756,253,0.25,0.6756,1,0.255,0.6891,906,0
SPY190726C302,2019-07-25,2019-07-25 09:34:14,0.26,0.7027,395,0.25,0.6756,658,0.25,0.6756,1,0.255,0.6891,906,0
SPY190726C302,2019-07-25,2019-07-25 09:34:15,0.26,0.7027,378,0.25,0.6756,565,0.25,0.6756,1,0.255,0.6891,906,0
SPY190726C302,2019-07-25,2019-07-25 09:34:16,0.26,0.7027,513,0.25,0.6756,1259,0.25,0.6756,1,0.255,0.6891,906,0
SPY190726C302,2019-07-25,2019-07-25 09:34:16,0.26,0.7027,512,0.25,0.6756,862,0.25,0.6756,1,0.255,0.6891,906,0
SPY190726C302,2019-07-25,2019-07-25 09:34:17,0.26,0.7027,721,0.25,0.6756,1032,0.25,0.6756,1,0.255,0.6891,906,0
SPY190726C302,2019-07-25,2019-07-25 09:34:18,0.26,0.7027,721,0.25,0.6756,868,0.25,0.6756,1,0.255,0.6891,906,0
SPY190726C302,2019-07-25,2019-07-25 09:34:19,0.26,0.7027,669,0.25,0.6756,1096,0.25,0.6756,1,0.255,0.6891,906,0
SPY190726C302,2019-07-25,2019-07-25 09:34:20,0.26,0.7027,288,0.25,0.6756,1761,0.25,0.6756,1,0.255,0.6891,906,0
SPY190726C302,2019-07-25,2019-07-25 09:34:21,0.26,0.7027,288,0.25,0.6756,1761,0.25,0.6756,1,0.255,0.6891,906,0
SPY190726C302,2019-07-25,2019-07-25 09:34:22,0.26,0.7027,288,0.25,0.6756,1052,0.25,0.6756,1,0.255,0.6891,906,0
SPY190726C302,2019-07-25,2019-07-25 09:34:23,0.26,0.7027,413,0.25,0.6756,1066,0.25,0.6756,1,0.255,0.6891,906,0
SPY190726C302,2019-07-25,2019-07-25 09:34:24,0.26,0.7027,697,0.25,0.6756,1412,0.25,0.6756,1,0.255,0.6891,906,0
SPY190726C302,2019-07-25,2019-07-25 09:34:25,0.26,0.7027,828,0.25,0.6756,1412,0.25,0.6756,1,0.255,0.6891,906,0
SPY190726C302,2019-07-25,2019-07-25 09:34:25,0.26,0.7027,486,0.25,0.6756,1412,0.26,0.7027,1,0.255,0.6891,907,1
SPY190726C302,2019-07-25,2019-07-25 09:34:26,0.26,0.7027,356,0.25,0.6756,1412,0.26,0.7027,1,0.255,0.6891,908,1
SPY190726C302,2019-07-25,2019-07-25 09:34:27,0.26,0.7027,520,0.25,0.6756,1066,0.26,0.7027,1,0.255,0.6891,909,1
SPY190726C302,2019-07-25,2019-07-25 09:34:28,0.26,0.7027,65,0.25,0.6756,1403,0.26,0.7027,1,0.255,0.6891,910,1
SPY190726C302,2019-07-25,2019-07-25 09:34:30,0.26,0.7027,600,0.25,0.6756,1195,0.26,0.7027,1,0.255,0.6891,910,0
SPY190726C302,2019-07-25,2019-07-25 09:34:32,0.26,0.7027,1,0.25,0.6756,2248,0.26,0.7027,1,0.255,0.6891,910,0
SPY190726C302,2019-07-25,2019-07-25 09:34:32,0.26,0.7027,904,0.25,0.6756,306,0.26,0.7027,1,0.255,0.6891,910,0
SPY190726C302,2019-07-25,2019-07-25 09:34:34,0.26,0.7027,183,0.25,0.6756,1311,0.26,0.7027,1,0.255,0.6891,910,0
SPY190726C302,2019-07-25,2019-07-25 09:34:37,0.27,0.7297,1407,0.25,0.6756,2210,0.26,0.7027,1,0.26,0.7027,912,0
SPY190726C302,2019-07-25,2019-07-25 09:34:37,0.26,0.7027,1,0.25,0.6756,2354,0.26,0.7027,1,0.255,0.6891,912,2
SPY190726C302,2019-07-25,2019-07-25 09:34:38,0.27,0.7297,858,0.26,0.7027,509,0.26,0.7027,1,0.265,0.7162,912,0
SPY190726C302,2019-07-25,2019-07-25 09:34:39,0.27,0.7297,1091,0.26,0.7027,80,0.26,0.7027,1,0.265,0.7162,912,0
SPY190726C302,2019-07-25,2019-07-25 09:34:40,0.27,0.7297,734,0.26,0.7027,239,0.26,0.7027,1,0.265,0.7162,912,0
SPY190726C302,2019-07-25,2019-07-25 09:34:41,0.27,0.7297,476,0.26,0.7027,759,0.26,0.7027,1,0.265,0.7162,912,0
SPY190726C302,2019-07-25,2019-07-25 09:34:41,0.27,0.7297,298,0.26,0.7027,1606,0.26,0.7027,1,0.265,0.7162,912,0
SPY190726C302,2019-07-25,2019-07-25 09:34:42,0.27,0.7297,219,0.26,0.7027,1436,0.26,0.7027,1,0.265,0.7162,912,0
SPY190726C302,2019-07-25,2019-07-25 09:34:43,0.28,0.7567,833,0.26,0.7027,2000,0.26,0.7027,1,0.27,0.7297,912,0
SPY190726C302,2019-07-25,2019-07-25 09:34:44,0.28,0.7567,997,0.27,0.7297,118,0.26,0.7027,1,0.275,0.7432,912,0
SPY190726C302,2019-07-25,2019-07-25 09:34:45,0.28,0.7567,833,0.27,0.7297,118,0.26,0.7027,1,0.275,0.7432,912,0
SPY190726C302,2019-07-25,2019-07-25 09:34:47,0.28,0.7567,891,0.27,0.7297,130,0.26,0.7027,1,0.275,0.7432,912,0
SPY190726C302,2019-07-25,2019-07-25 09:34:48,0.28,0.7567,1193,0.27,0.7297,130,0.26,0.7027,1,0.275,0.7432,912,0
SPY190726C302,2019-07-25,2019-07-25 09:34:49,0.28,0.7567,1388,0.26,0.7027,2351,0.26,0.7027,1,0.27,0.7297,912,0
SPY190726C302,2019-07-25,2019-07-25 09:34:49,0.28,0.7567,1210,0.27,0.7297,126,0.26,0.7027,1,0.275,0.7432,912,0
SPY190726C302,2019-07-25,2019-07-25 09:34:50,0.28,0.7567,1221,0.26,0.7027,2543,0.26,0.7027,1,0.27,0.7297,912,0
SPY190726C302,2019-07-25,2019-07-25 09:34:51,0.28,0.7567,1028,0.27,0.7297,83,0.28,0.7567,65,0.275,0.7432,987,65
SPY190726C302,2019-07-25,2019-07-25 09:34:51,0.28,0.7567,1265,0.27,0.7297,129,0.28,0.7567,5,0.275,0.7432,922,10
SPY190726C302,2019-07-25,2019-07-25 09:34:52,0.28,0.7567,1780,0.26,0.7027,2329,0.28,0.7567,65,0.27,0.7297,987,0
SPY190726C302,2019-07-25,2019-07-25 09:34:53,0.28,0.7567,2207,0.26,0.7027,3316,0.28,0.7567,10,0.27,0.7297,997,0
SPY190726C302,2019-07-25,2019-07-25 09:34:53,0.28,0.7567,2207,0.26,0.7027,3066,0.28,0.7567,10,0.27,0.7297,997,10
SPY190726C302,2019-07-25,2019-07-25 09:34:54,0.28,0.7567,1125,0.26,0.7027,1468,0.28,0.7567,10,0.27,0.7297,997,0
SPY190726C302,2019-07-25,2019-07-25 09:34:55,0.28,0.7567,1125,0.26,0.7027,940,0.28,0.7567,10,0.27,0.7297,997,0
SPY190726C302,2019-07-25,2019-07-25 09:34:55,0.28,0.7567,469,0.26,0.7027,1555,0.27,0.7297,1,0.27,0.7297,998,1
SPY190726C302,2019-07-25,2019-07-25 09:34:56,0.28,0.7567,1087,0.26,0.7027,3340,0.27,0.7297,1,0.27,0.7297,998,0
SPY190726C302,2019-07-25,2019-07-25 09:34:57,0.28,0.7567,1755,0.26,0.7027,3016,0.27,0.7297,1,0.27,0.7297,998,0
SPY190726C302,2019-07-25,2019-07-25 09:34:58,0.27,0.7297,55,0.26,0.7027,962,0.27,0.7297,1,0.265,0.7162,998,0
SPY190726C302,2019-07-25,2019-07-25 09:34:59,0.28,0.7567,894,0.27,0.7297,80,0.27,0.7297,1,0.275,0.7432,998,0
SPY190726C302,2019-07-25,2019-07-25 09:35:00,0.28,0.7567,1679,0.26,0.7027,2889,0.27,0.7297,1,0.27,0.7297,998,0
SPY190726C302,2019-07-25,2019-07-25 09:35:01,0.28,0.7567,369,0.27,0.7297,609,0.27,0.7297,1,0.275,0.7432,998,0
SPY190726C302,2019-07-25,2019-07-25 09:35:01,0.28,0.7567,1679,0.26,0.7027,2824,0.27,0.7297,1,0.27,0.7297,998,0
SPY190726C302,2019-07-25,2019-07-25 09:35:02,0.28,0.7567,849,0.27,0.7297,582,0.27,0.7297,1,0.275,0.7432,998,0
SPY190726C302,2019-07-25,2019-07-25 09:35:03,0.28,0.7567,911,0.27,0.7297,582,0.27,0.7297,1,0.275,0.7432,998,0
SPY190726C302,2019-07-25,2019-07-25 09:35:03,0.28,0.7567,849,0.27,0.7297,582,0.27,0.7297,1,0.275,0.7432,998,0
SPY190726C302,2019-07-25,2019-07-25 09:35:04,0.28,0.7567,1065,0.27,0.7297,457,0.27,0.7297,1,0.275,0.7432,998,0
SPY190726C302,2019-07-25,2019-07-25 09:35:05,0.28,0.7567,1065,0.27,0.7297,737,0.27,0.7297,1,0.275,0.7432,998,0
SPY190726C302,2019-07-25,2019-07-25 09:35:05,0.28,0.7567,1065,0.27,0.7297,457,0.27,0.7297,1,0.275,0.7432,998,0
SPY190726C302,2019-07-25,2019-07-25 09:35:06,0.28,0.7567,1893,0.27,0.7297,5,0.27,0.7297,1,0.275,0.7432,998,0
SPY190726C302,2019-07-25,2019-07-25 09:35:07,0.28,0.7567,1307,0.27,0.7297,5,0.27,0.7297,1,0.275,0.7432,998,0
SPY190726C302,2019-07-25,2019-07-25 09:35:07,0.28,0.7567,2007,0.27,0.7297,5,0.27,0.7297,1,0.275,0.7432,998,0
SPY190726C302,2019-07-25,2019-07-25 09:35:08,0.28,0.7567,2007,0.27,0.7297,9,0.27,0.7297,1,0.275,0.7432,998,0
SPY190726C302,2019-07-25,2019-07-25 09:35:09,0.28,0.7567,909,0.27,0.7297,167,0.27,0.7297,1,0.275,0.7432,998,0
SPY190726C302,2019-07-25,2019-07-25 09:35:10,0.28,0.7567,2196,0.27,0.7297,167,0.27,0.7297,1,0.275,0.7432,998,0
SPY190726C302,2019-07-25,2019-07-25 09:35:10,0.28,0.7567,2196,0.27,0.7297,16,0.27,0.7297,1,0.275,0.7432,998,0
SPY190726C302,2019-07-25,2019-07-25 09:35:11,0.28,0.7567,2536,0.27,0.7297,16,0.27,0.7297,1,0.275,0.7432,998,0
SPY190726C302,2019-07-25,2019-07-25 09:35:11,0.28,0.7567,2148,0.27,0.7297,16,0.27,0.7297,1,0.275,0.7432,998,0
SPY190726C302,2019-07-25,2019-07-25 09:35:16,0.28,0.7567,2133,0.27,0.7297,5,0.27,0.7297,1,0.275,0.7432,998,0
SPY190726C302,2019-07-25,2019-07-25 09:35:17,0.28,0.7567,930,0.27,0.7297,358,0.27,0.7297,1,0.275,0.7432,998,0
SPY190726C302,2019-07-25,2019-07-25 09:35:18,0.28,0.7567,761,0.27,0.7297,426,0.27,0.7297,1,0.275,0.7432,998,0
SPY190726C302,2019-07-25,2019-07-25 09:35:18,0.28,0.7567,1679,0.27,0.7297,238,0.27,0.7297,7,0.275,0.7432,1005,7
SPY190726C302,2019-07-25,2019-07-25 09:35:19,0.28,0.7567,1672,0.27,0.7297,238,0.27,0.7297,7,0.275,0.7432,1005,0
SPY190726C302,2019-07-25,2019-07-25 09:35:20,0.28,0.7567,1462,0.27,0.7297,238,0.27,0.7297,7,0.275,0.7432,1005,0
SPY190726C302,2019-07-25,2019-07-25 09:35:20,0.28,0.7567,249,0.27,0.7297,358,0.27,0.7297,7,0.275,0.7432,1005,0
SPY190726C302,2019-07-25,2019-07-25 09:35:22,0.28,0.7567,2522,0.27,0.7297,16,0.27,0.7297,7,0.275,0.7432,1005,0
SPY190726C302,2019-07-25,2019-07-25 09:35:24,0.28,0.7567,2,0.27,0.7297,2969,0.27,0.7297,7,0.275,0.7432,1005,0
SPY190726C302,2019-07-25,2019-07-25 09:35:29,0.28,0.7567,2154,0.27,0.7297,16,0.27,0.7297,7,0.275,0.7432,1005,0
SPY190726C302,2019-07-25,2019-07-25 09:35:30,0.28,0.7567,2970,0.27,0.7297,5,0.27,0.7297,7,0.275,0.7432,1005,0
SPY190726C302,2019-07-25,2019-07-25 09:35:31,0.27,0.7297,1494,0.26,0.7027,120,0.27,0.7297,5,0.265,0.7162,1012,7
SPY190726C302,2019-07-25,2019-07-25 09:35:31,0.27,0.7297,971,0.26,0.7027,155,0.27,0.7297,5,0.265,0.7162,1012,0
SPY190726C302,2019-07-25,2019-07-25 09:35:32,0.27,0.7297,1639,0.26,0.7027,155,0.27,0.7297,5,0.265,0.7162,1012,0
SPY190726C302,2019-07-25,2019-07-25 09:35:33,0.27,0.7297,2401,0.26,0.7027,3,0.27,0.7297,5,0.265,0.7162,1012,0
SPY190726C302,2019-07-25,2019-07-25 09:35:34,0.27,0.7297,2751,0.26,0.7027,3,0.27,0.7297,5,0.265,0.7162,1012,0
SPY190726C302,2019-07-25,2019-07-25 09:35:34,0.27,0.7297,2760,0.26,0.7027,3,0.27,0.7297,5,0.265,0.7162,1012,0
SPY190726C302,2019-07-25,2019-07-25 09:35:35,0.27,0.7297,2760,0.26,0.7027,3,0.27,0.7297,5,0.265,0.7162,1012,0
SPY190726C302,2019-07-25,2019-07-25 09:35:36,0.27,0.7297,2226,0.26,0.7027,3,0.27,0.7297,5,0.265,0.7162,1012,0
SPY190726C302,2019-07-25,2019-07-25 09:35:37,0.27,0.7297,2620,0.26,0.7027,3,0.27,0.7297,5,0.265,0.7162,1012,0
SPY190726C302,2019-07-25,2019-07-25 09:35:37,0.27,0.7297,2620,0.26,0.7027,3,0.27,0.7297,1,0.265,0.7162,1013,1
SPY190726C302,2019-07-25,2019-07-25 09:35:38,0.27,0.7297,2226,0.26,0.7027,3,0.27,0.7297,1,0.265,0.7162,1013,0
SPY190726C302,2019-07-25,2019-07-25 09:35:39,0.27,0.7297,1567,0.26,0.7027,184,0.27,0.7297,1,0.265,0.7162,1013,0
SPY190726C302,2019-07-25,2019-07-25 09:35:40,0.27,0.7297,1536,0.26,0.7027,280,0.27,0.7297,1,0.265,0.7162,1013,0
SPY190726C302,2019-07-25,2019-07-25 09:35:40,0.27,0.7297,1910,0.26,0.7027,280,0.27,0.7297,1,0.265,0.7162,1013,0
SPY190726C302,2019-07-25,2019-07-25 09:35:41,0.27,0.7297,1536,0.26,0.7027,280,0.27,0.7297,1,0.265,0.7162,1013,0
SPY190726C302,2019-07-25,2019-07-25 09:35:42,0.27,0.7297,1709,0.26,0.7027,280,0.27,0.7297,1,0.265,0.7162,1013,0
SPY190726C302,2019-07-25,2019-07-25 09:35:43,0.27,0.7297,2341,0.26,0.7027,280,0.27,0.7297,5,0.265,0.7162,1018,5
SPY190726C302,2019-07-25,2019-07-25 09:35:43,0.27,0.7297,2585,0.26,0.7027,3,0.27,0.7297,5,0.265,0.7162,1018,0
SPY190726C302,2019-07-25,2019-07-25 09:35:44,0.27,0.7297,2572,0.26,0.7027,3,0.27,0.7297,5,0.265,0.7162,1018,0
SPY190726C302,2019-07-25,2019-07-25 09:35:45,0.27,0.7297,2354,0.26,0.7027,3,0.27,0.7297,5,0.265,0.7162,1018,0
SPY190726C302,2019-07-25,2019-07-25 09:35:46,0.27,0.7297,2522,0.26,0.7027,6,0.27,0.7297,5,0.265,0.7162,1018,0
SPY190726C302,2019-07-25,2019-07-25 09:35:46,0.27,0.7297,2522,0.26,0.7027,3,0.27,0.7297,5,0.265,0.7162,1018,0
SPY190726C302,2019-07-25,2019-07-25 09:35:47,0.27,0.7297,2522,0.26,0.7027,6,0.27,0.7297,5,0.265,0.7162,1018,0
SPY190726C302,2019-07-25,2019-07-25 09:35:48,0.27,0.7297,2790,0.26,0.7027,6,0.27,0.7297,5,0.265,0.7162,1018,0
SPY190726C302,2019-07-25,2019-07-25 09:35:49,0.27,0.7297,2790,0.26,0.7027,4,0.27,0.7297,5,0.265,0.7162,1018,0
SPY190726C302,2019-07-25,2019-07-25 09:35:50,0.27,0.7297,2694,0.26,0.7027,196,0.27,0.7297,5,0.265,0.7162,1018,0
SPY190726C302,2019-07-25,2019-07-25 09:35:50,0.27,0.7297,2344,0.26,0.7027,45,0.27,0.7297,5,0.265,0.7162,1018,0
SPY190726C302,2019-07-25,2019-07-25 09:35:51,0.27,0.7297,1532,0.26,0.7027,157,0.27,0.7297,5,0.265,0.7162,1018,0
SPY190726C302,2019-07-25,2019-07-25 09:35:52,0.27,0.7297,2634,0.26,0.7027,157,0.27,0.7297,5,0.265,0.7162,1018,0
SPY190726C302,2019-07-25,2019-07-25 09:35:53,0.27,0.7297,3122,0.26,0.7027,157,0.27,0.7297,5,0.265,0.7162,1018,0
SPY190726C302,2019-07-25,2019-07-25 09:35:53,0.27,0.7297,2716,0.26,0.7027,157,0.27,0.7297,5,0.265,0.7162,1018,0
SPY190726C302,2019-07-25,2019-07-25 09:35:54,0.27,0.7297,1666,0.26,0.7027,157,0.27,0.7297,5,0.265,0.7162,1018,0
SPY190726C302,2019-07-25,2019-07-25 09:35:55,0.26,0.7027,982,0.25,0.6756,203,0.26,0.7027,3,0.255,0.6891,1025,0
SPY190726C302,2019-07-25,2019-07-25 09:35:55,0.26,0.7027,480,0.25,0.6756,288,0.26,0.7027,3,0.255,0.6891,1025,7
SPY190726C302,2019-07-25,2019-07-25 09:35:56,0.26,0.7027,934,0.25,0.6756,194,0.26,0.7027,3,0.255,0.6891,1025,0
SPY190726C302,2019-07-25,2019-07-25 09:35:57,0.26,0.7027,934,0.25,0.6756,194,0.26,0.7027,3,0.255,0.6891,1025,0
SPY190726C302,2019-07-25,2019-07-25 09:35:57,0.26,0.7027,1454,0.25,0.6756,274,0.26,0.7027,3,0.255,0.6891,1025,0
SPY190726C302,2019-07-25,2019-07-25 09:35:58,0.26,0.7027,875,0.25,0.6756,81,0.26,0.7027,3,0.255,0.6891,1025,0
SPY190726C302,2019-07-25,2019-07-25 09:35:59,0.26,0.7027,1782,0.25,0.6756,47,0.25,0.6756,1,0.255,0.6891,1028,3
SPY190726C302,2019-07-25,2019-07-25 09:36:00,0.26,0.7027,1966,0.25,0.6756,47,0.25,0.6756,1,0.255,0.6891,1028,0
SPY190726C302,2019-07-25,2019-07-25 09:36:00,0.26,0.7027,1112,0.25,0.6756,45,0.25,0.6756,1,0.255,0.6891,1080,52
SPY190726C302,2019-07-25,2019-07-25 09:36:01,0.25,0.6756,70,0.24,0.6486,344,0.25,0.6756,1,0.245,0.6621,1080,0
SPY190726C302,2019-07-25,2019-07-25 09:36:02,0.26,0.7027,1361,0.25,0.6756,5,0.25,0.6756,1,0.255,0.6891,1080,0
SPY190726C302,2019-07-25,2019-07-25 09:36:03,0.26,0.7027,1174,0.25,0.6756,135,0.25,0.6756,1,0.255,0.6891,1080,0
SPY190726C302,2019-07-25,2019-07-25 09:36:03,0.26,0.7027,281,0.25,0.6756,378,0.25,0.6756,1,0.255,0.6891,1080,0
SPY190726C302,2019-07-25,2019-07-25 09:36:04,0.26,0.7027,2165,0.25,0.6756,180,0.25,0.6756,1,0.255,0.6891,1080,0
SPY190726C302,2019-07-25,2019-07-25 09:36:04,0.26,0.7027,798,0.25,0.6756,287,0.25,0.6756,1,0.255,0.6891,1080,0
SPY190726C302,2019-07-25,2019-07-25 09:36:05,0.26,0.7027,2027,0.24,0.6486,1298,0.25,0.6756,1,0.25,0.6756,1080,0
SPY190726C302,2019-07-25,2019-07-25 09:36:06,0.26,0.7027,2344,0.25,0.6756,310,0.25,0.6756,1,0.255,0.6891,1080,0
SPY190726C302,2019-07-25,2019-07-25 09:36:06,0.26,0.7027,2737,0.25,0.6756,5,0.25,0.6756,1,0.255,0.6891,1080,0
SPY190726C302,2019-07-25,2019-07-25 09:36:07,0.26,0.7027,2542,0.25,0.6756,99,0.25,0.6756,1,0.255,0.6891,1080,0
SPY190726C302,2019-07-25,2019-07-25 09:36:08,0.26,0.7027,1977,0.25,0.6756,5,0.25,0.6756,1,0.255,0.6891,1080,0
SPY190726C302,2019-07-25,2019-07-25 09:36:09,0.26,0.7027,1846,0.25,0.6756,325,0.25,0.6756,1,0.255,0.6891,1080,0
SPY190726C302,2019-07-25,2019-07-25 09:36:10,0.26,0.7027,2347,0.25,0.6756,5,0.25,0.6756,1,0.255,0.6891,1080,0
SPY190726C302,2019-07-25,2019-07-25 09:36:10,0.26,0.7027,2347,0.24,0.6486,1510,0.25,0.6756,1,0.25,0.6756,1080,0
SPY190726C302,2019-07-25,2019-07-25 09:36:11,0.26,0.7027,1738,0.25,0.6756,386,0.25,0.6756,1,0.255,0.6891,1080,0
SPY190726C302,2019-07-25,2019-07-25 09:36:12,0.26,0.7027,1509,0.25,0.6756,386,0.25,0.6756,1,0.255,0.6891,1081,1
SPY190726C302,2019-07-25,2019-07-25 09:36:13,0.26,0.7027,1509,0.25,0.6756,386,0.25,0.6756,1,0.255,0.6891,1081,0
SPY190726C302,2019-07-25,2019-07-25 09:36:13,0.26,0.7027,1766,0.25,0.6756,386,0.25,0.6756,1,0.255,0.6891,1081,0
SPY190726C302,2019-07-25,2019-07-25 09:36:14,0.26,0.7027,69,0.25,0.6756,356,0.25,0.6756,1,0.255,0.6891,1081,0
SPY190726C302,2019-07-25,2019-07-25 09:36:14,0.26,0.7027,1766,0.25,0.6756,386,0.25,0.6756,1,0.255,0.6891,1081,0
SPY190726C302,2019-07-25,2019-07-25 09:36:15,0.27,0.7297,2558,0.26,0.7027,5,0.25,0.6756,1,0.265,0.7162,1081,0
SPY190726C302,2019-07-25,2019-07-25 09:36:16,0.27,0.7297,3397,0.26,0.7027,5,0.25,0.6756,1,0.265,0.7162,1081,0
SPY190726C302,2019-07-25,2019-07-25 09:36:16,0.27,0.7297,3476,0.26,0.7027,170,0.25,0.6756,1,0.265,0.7162,1081,0
SPY190726C302,2019-07-25,2019-07-25 09:36:17,0.27,0.7297,2839,0.25,0.6756,1823,0.25,0.6756,1,0.26,0.7027,1081,0
SPY190726C302,2019-07-25,2019-07-25 09:36:18,0.27,0.7297,3243,0.26,0.7027,157,0.25,0.6756,1,0.265,0.7162,1081,0
SPY190726C302,2019-07-25,2019-07-25 09:36:18,0.26,0.7027,110,0.25,0.6756,907,0.25,0.6756,1,0.255,0.6891,1081,0
SPY190726C302,2019-07-25,2019-07-25 09:36:19,0.26,0.7027,110,0.25,0.6756,907,0.25,0.6756,1,0.255,0.6891,1081,0
SPY190726C302,2019-07-25,2019-07-25 09:36:20,0.27,0.7297,1442,0.25,0.6756,1551,0.25,0.6756,1,0.26,0.7027,1081,0
SPY190726C302,2019-07-25,2019-07-25 09:36:20,0.27,0.7297,1797,0.26,0.7027,193,0.25,0.6756,1,0.265,0.7162,1081,0
SPY190726C302,2019-07-25,2019-07-25 09:36:21,0.27,0.7297,1824,0.26,0.7027,95,0.25,0.6756,1,0.265,0.7162,1081,0
SPY190726C302,2019-07-25,2019-07-25 09:36:21,0.27,0.7297,2481,0.26,0.7027,95,0.25,0.6756,1,0.265,0.7162,1081,0
SPY190726C302,2019-07-25,2019-07-25 09:36:22,0.27,0.7297,1770,0.26,0.7027,95,0.25,0.6756,1,0.265,0.7162,1081,0
SPY190726C302,2019-07-25,2019-07-25 09:36:23,0.26,0.7027,222,0.25,0.6756,517,0.25,0.6756,1,0.255,0.6891,1081,0
SPY190726C302,2019-07-25,2019-07-25 09:36:23,0.26,0.7027,413,0.25,0.6756,457,0.25,0.6756,1,0.255,0.6891,1081,0
SPY190726C302,2019-07-25,2019-07-25 09:36:24,0.26,0.7027,222,0.25,0.6756,917,0.25,0.6756,1,0.255,0.6891,1081,0
SPY190726C302,2019-07-25,2019-07-25 09:36:25,0.26,0.7027,222,0.25,0.6756,848,0.25,0.6756,1,0.255,0.6891,1081,0
SPY190726C302,2019-07-25,2019-07-25 09:36:26,0.26,0.7027,665,0.25,0.6756,325,0.25,0.6756,1,0.255,0.6891,1081,0
SPY190726C302,2019-07-25,2019-07-25 09:36:26,0.26,0.7027,1132,0.25,0.6756,359,0.26,0.7027,8,0.255,0.6891,1089,8
SPY190726C302,2019-07-25,2019-07-25 09:36:27,0.26,0.7027,1616,0.25,0.6756,359,0.26,0.7027,8,0.255,0.6891,1089,0
SPY190726C302,2019-07-25,2019-07-25 09:36:27,0.26,0.7027,1252,0.25,0.6756,399,0.26,0.7027,8,0.255,0.6891,1089,0
SPY190726C302,2019-07-25,2019-07-25 09:36:28,0.26,0.7027,1533,0.25,0.6756,359,0.26,0.7027,8,0.255,0.6891,1089,0
SPY190726C302,2019-07-25,2019-07-25 09:36:28,0.26,0.7027,1677,0.25,0.6756,359,0.26,0.7027,8,0.255,0.6891,1089,0
SPY190726C302,2019-07-25,2019-07-25 09:36:29,0.26,0.7027,1683,0.25,0.6756,359,0.26,0.7027,8,0.255,0.6891,1089,0
SPY190726C302,2019-07-25,2019-07-25 09:36:30,0.26,0.7027,1683,0.25,0.6756,359,0.26,0.7027,8,0.255,0.6891,1089,0
SPY190726C302,2019-07-25,2019-07-25 09:36:31,0.26,0.7027,1533,0.25,0.6756,359,0.26,0.7027,8,0.255,0.6891,1089,0
SPY190726C302,2019-07-25,2019-07-25 09:36:31,0.26,0.7027,1683,0.25,0.6756,359,0.26,0.7027,8,0.255,0.6891,1089,0
SPY190726C302,2019-07-25,2019-07-25 09:36:32,0.26,0.7027,1672,0.25,0.6756,359,0.26,0.7027,8,0.255,0.6891,1089,0
SPY190726C302,2019-07-25,2019-07-25 09:36:33,0.26,0.7027,1675,0.25,0.6756,316,0.26,0.7027,8,0.255,0.6891,1089,0
SPY190726C302,2019-07-25,2019-07-25 09:36:33,0.26,0.7027,1672,0.25,0.6756,359,0.26,0.7027,8,0.255,0.6891,1089,0
SPY190726C302,2019-07-25,2019-07-25 09:36:34,0.26,0.7027,117,0.25,0.6756,814,0.26,0.7027,8,0.255,0.6891,1089,0
SPY190726C302,2019-07-25,2019-07-25 09:36:35,0.26,0.7027,1480,0.25,0.6756,304,0.26,0.7027,8,0.255,0.6891,1089,0
SPY190726C302,2019-07-25,2019-07-25 09:36:35,0.26,0.7027,812,0.25,0.6756,304,0.26,0.7027,8,0.255,0.6891,1089,0
SPY190726C302,2019-07-25,2019-07-25 09:36:36,0.26,0.7027,1833,0.25,0.6756,304,0.26,0.7027,8,0.255,0.6891,1089,0
SPY190726C302,2019-07-25,2019-07-25 09:36:38,0.26,0.7027,1953,0.25,0.6756,304,0.26,0.7027,8,0.255,0.6891,1089,0
SPY190726C302,2019-07-25,2019-07-25 09:36:38,0.26,0.7027,1575,0.25,0.6756,304,0.26,0.7027,8,0.255,0.6891,1089,0
SPY190726C302,2019-07-25,2019-07-25 09:36:39,0.26,0.7027,1575,0.25,0.6756,304,0.26,0.7027,8,0.255,0.6891,1089,0
SPY190726C302,2019-07-25,2019-07-25 09:36:39,0.26,0.7027,2160,0.25,0.6756,304,0.26,0.7027,8,0.255,0.6891,1089,0
SPY190726C302,2019-07-25,2019-07-25 09:36:40,0.26,0.7027,164,0.25,0.6756,549,0.26,0.7027,8,0.255,0.6891,1089,0
SPY190726C302,2019-07-25,2019-07-25 09:36:41,0.26,0.7027,600,0.25,0.6756,539,0.26,0.7027,8,0.255,0.6891,1089,0
SPY190726C302,2019-07-25,2019-07-25 09:36:41,0.26,0.7027,164,0.25,0.6756,549,0.26,0.7027,8,0.255,0.6891,1089,0
SPY190726C302,2019-07-25,2019-07-25 09:36:42,0.26,0.7027,856,0.25,0.6756,618,0.26,0.7027,8,0.255,0.6891,1089,0
SPY190726C302,2019-07-25,2019-07-25 09:36:42,0.26,0.7027,600,0.25,0.6756,539,0.26,0.7027,8,0.255,0.6891,1089,0
SPY190726C302,2019-07-25,2019-07-25 09:36:43,0.26,0.7027,1599,0.25,0.6756,373,0.26,0.7027,8,0.255,0.6891,1089,0
SPY190726C302,2019-07-25,2019-07-25 09:36:44,0.26,0.7027,1516,0.25,0.6756,373,0.26,0.7027,8,0.255,0.6891,1089,0
SPY190726C302,2019-07-25,2019-07-25 09:36:45,0.26,0.7027,1516,0.25,0.6756,373,0.26,0.7027,8,0.255,0.6891,1089,0
SPY190726C302,2019-07-25,2019-07-25 09:36:45,0.26,0.7027,315,0.25,0.6756,298,0.26,0.7027,8,0.255,0.6891,1089,0
SPY190726C302,2019-07-25,2019-07-25 09:36:46,0.27,0.7297,1202,0.26,0.7027,271,0.26,0.7027,8,0.265,0.7162,1089,0
SPY190726C302,2019-07-25,2019-07-25 09:36:46,0.27,0.7297,727,0.26,0.7027,21,0.26,0.7027,8,0.265,0.7162,1089,0
SPY190726C302,2019-07-25,2019-07-25 09:36:47,0.27,0.7297,1754,0.26,0.7027,304,0.26,0.7027,8,0.265,0.7162,1089,0
SPY190726C302,2019-07-25,2019-07-25 09:36:48,0.27,0.7297,2429,0.25,0.6756,1175,0.26,0.7027,8,0.26,0.7027,1089,0
SPY190726C302,2019-07-25,2019-07-25 09:36:48,0.26,0.7027,170,0.25,0.6756,1616,0.26,0.7027,8,0.255,0.6891,1089,0
SPY190726C302,2019-07-25,2019-07-25 09:36:49,0.27,0.7297,2669,0.25,0.6756,1371,0.26,0.7027,8,0.26,0.7027,1089,0
SPY190726C302,2019-07-25,2019-07-25 09:36:50,0.26,0.7027,648,0.25,0.6756,1590,0.26,0.7027,8,0.255,0.6891,1089,0
SPY190726C302,2019-07-25,2019-07-25 09:36:50,0.26,0.7027,120,0.25,0.6756,1590,0.26,0.7027,8,0.255,0.6891,1089,0
SPY190726C302,2019-07-25,2019-07-25 09:36:51,0.26,0.7027,214,0.25,0.6756,1175,0.26,0.7027,8,0.255,0.6891,1089,0
SPY190726C302,2019-07-25,2019-07-25 09:36:51,0.26,0.7027,648,0.25,0.6756,1590,0.26,0.7027,8,0.255,0.6891,1089,0
SPY190726C302,2019-07-25,2019-07-25 09:36:52,0.26,0.7027,400,0.25,0.6756,1557,0.26,0.7027,8,0.255,0.6891,1089,0
SPY190726C302,2019-07-25,2019-07-25 09:36:53,0.26,0.7027,783,0.25,0.6756,1557,0.26,0.7027,8,0.255,0.6891,1089,0
SPY190726C302,2019-07-25,2019-07-25 09:36:53,0.26,0.7027,1320,0.25,0.6756,1557,0.26,0.7027,8,0.255,0.6891,1089,0
SPY190726C302,2019-07-25,2019-07-25 09:36:54,0.26,0.7027,1312,0.25,0.6756,373,0.26,0.7027,8,0.255,0.6891,1089,0
SPY190726C302,2019-07-25,2019-07-25 09:36:54,0.26,0.7027,1595,0.25,0.6756,373,0.26,0.7027,8,0.255,0.6891,1089,0
SPY190726C302,2019-07-25,2019-07-25 09:36:55,0.26,0.7027,796,0.25,0.6756,283,0.26,0.7027,8,0.255,0.6891,1089,0
SPY190726C302,2019-07-25,2019-07-25 09:36:56,0.26,0.7027,1406,0.25,0.6756,304,0.26,0.7027,8,0.255,0.6891,1089,0
SPY190726C302,2019-07-25,2019-07-25 09:36:56,0.26,0.7027,1952,0.24,0.6486,1109,0.26,0.7027,8,0.25,0.6756,1089,0
SPY190726C302,2019-07-25,2019-07-25 09:36:57,0.26,0.7027,1676,0.25,0.6756,135,0.26,0.7027,1,0.255,0.6891,1091,2
SPY190726C302,2019-07-25,2019-07-25 09:36:57,0.26,0.7027,821,0.25,0.6756,383,0.26,0.7027,3,0.255,0.6891,1094,3
SPY190726C302,2019-07-25,2019-07-25 09:36:58,0.26,0.7027,160,0.25,0.6756,686,0.26,0.7027,3,0.255,0.6891,1094,0
SPY190726C302,2019-07-25,2019-07-25 09:36:59,0.26,0.7027,160,0.25,0.6756,1048,0.26,0.7027,3,0.255,0.6891,1094,0
SPY190726C302,2019-07-25,2019-07-25 09:37:00,0.26,0.7027,140,0.25,0.6756,1048,0.26,0.7027,3,0.255,0.6891,1094,0
SPY190726C302,2019-07-25,2019-07-25 09:37:01,0.26,0.7027,282,0.25,0.6756,1125,0.26,0.7027,3,0.255,0.6891,1094,0
SPY190726C302,2019-07-25,2019-07-25 09:37:01,0.26,0.7027,215,0.25,0.6756,1589,0.26,0.7027,3,0.255,0.6891,1094,0
SPY190726C302,2019-07-25,2019-07-25 09:37:02,0.26,0.7027,61,0.25,0.6756,1395,0.26,0.7027,3,0.255,0.6891,1094,0
SPY190726C302,2019-07-25,2019-07-25 09:37:03,0.26,0.7027,91,0.25,0.6756,1529,0.26,0.7027,3,0.255,0.6891,1094,0
SPY190726C302,2019-07-25,2019-07-25 09:37:03,0.26,0.7027,241,0.25,0.6756,1192,0.26,0.7027,3,0.255,0.6891,1094,0
SPY190726C302,2019-07-25,2019-07-25 09:37:04,0.26,0.7027,208,0.25,0.6756,1204,0.26,0.7027,3,0.255,0.6891,1094,0
SPY190726C302,2019-07-25,2019-07-25 09:37:04,0.26,0.7027,208,0.25,0.6756,1516,0.26,0.7027,3,0.255,0.6891,1094,0
SPY190726C302,2019-07-25,2019-07-25 09:37:05,0.26,0.7027,3,0.25,0.6756,1341,0.26,0.7027,3,0.255,0.6891,1094,0
SPY190726C302,2019-07-25,2019-07-25 09:37:06,0.27,0.7297,1879,0.25,0.6756,1592,0.26,0.7027,3,0.26,0.7027,1094,0
SPY190726C302,2019-07-25,2019-07-25 09:37:07,0.26,0.7027,127,0.25,0.6756,1516,0.26,0.7027,3,0.255,0.6891,1097,0
SPY190726C302,2019-07-25,2019-07-25 09:37:07,0.27,0.7297,2205,0.26,0.7027,1,0.26,0.7027,3,0.265,0.7162,1097,3
SPY190726C302,2019-07-25,2019-07-25 09:37:08,0.26,0.7027,200,0.25,0.6756,1977,0.26,0.7027,3,0.255,0.6891,1097,0
SPY190726C302,2019-07-25,2019-07-25 09:37:08,0.26,0.7027,314,0.25,0.6756,457,0.26,0.7027,3,0.255,0.6891,1097,0
SPY190726C302,2019-07-25,2019-07-25 09:37:09,0.26,0.7027,1154,0.25,0.6756,367,0.26,0.7027,3,0.255,0.6891,1097,0
SPY190726C302,2019-07-25,2019-07-25 09:37:10,0.26,0.7027,128,0.25,0.6756,1181,0.26,0.7027,3,0.255,0.6891,1097,0
SPY190726C302,2019-07-25,2019-07-25 09:37:10,0.26,0.7027,1154,0.25,0.6756,367,0.26,0.7027,3,0.255,0.6891,1097,0
SPY190726C302,2019-07-25,2019-07-25 09:37:11,0.26,0.7027,138,0.25,0.6756,1203,0.26,0.7027,3,0.255,0.6891,1097,0
SPY190726C302,2019-07-25,2019-07-25 09:37:12,0.26,0.7027,90,0.25,0.6756,1203,0.26,0.7027,3,0.255,0.6891,1097,0
SPY190726C302,2019-07-25,2019-07-25 09:37:13,0.26,0.7027,139,0.25,0.6756,1203,0.26,0.7027,3,0.255,0.6891,1097,0
SPY190726C302,2019-07-25,2019-07-25 09:37:13,0.26,0.7027,246,0.25,0.6756,1162,0.26,0.7027,3,0.255,0.6891,1097,0
SPY190726C302,2019-07-25,2019-07-25 09:37:14,0.26,0.7027,246,0.25,0.6756,371,0.26,0.7027,3,0.255,0.6891,1097,0
SPY190726C302,2019-07-25,2019-07-25 09:37:15,0.26,0.7027,386,0.25,0.6756,485,0.26,0.7027,3,0.255,0.6891,1097,0
SPY190726C302,2019-07-25,2019-07-25 09:37:16,0.26,0.7027,291,0.25,0.6756,560,0.26,0.7027,3,0.255,0.6891,1097,0
SPY190726C302,2019-07-25,2019-07-25 09:37:16,0.26,0.7027,506,0.25,0.6756,431,0.26,0.7027,3,0.255,0.6891,1097,0
SPY190726C302,2019-07-25,2019-07-25 09:37:17,0.26,0.7027,1600,0.25,0.6756,400,0.26,0.7027,3,0.255,0.6891,1097,0
SPY190726C302,2019-07-25,2019-07-25 09:37:18,0.26,0.7027,1042,0.25,0.6756,1623,0.26,0.7027,3,0.255,0.6891,1097,0
SPY190726C302,2019-07-25,2019-07-25 09:37:18,0.26,0.7027,260,0.25,0.6756,1623,0.26,0.7027,3,0.255,0.6891,1097,0
SPY190726C302,2019-07-25,2019-07-25 09:37:19,0.26,0.7027,232,0.25,0.6756,953,0.26,0.7027,3,0.255,0.6891,1097,0
SPY190726C302,2019-07-25,2019-07-25 09:37:19,0.26,0.7027,414,0.25,0.6756,1457,0.26,0.7027,3,0.255,0.6891,1097,0
SPY190726C302,2019-07-25,2019-07-25 09:37:20,0.26,0.7027,181,0.25,0.6756,1270,0.26,0.7027,3,0.255,0.6891,1097,0
SPY190726C302,2019-07-25,2019-07-25 09:37:21,0.26,0.7027,269,0.25,0.6756,1270,0.26,0.7027,2,0.255,0.6891,1099,2
SPY190726C302,2019-07-25,2019-07-25 09:37:21,0.26,0.7027,1301,0.25,0.6756,416,0.26,0.7027,2,0.255,0.6891,1099,0
SPY190726C302,2019-07-25,2019-07-25 09:37:22,0.26,0.7027,1301,0.25,0.6756,371,0.26,0.7027,2,0.255,0.6891,1099,0
SPY190726C302,2019-07-25,2019-07-25 09:37:23,0.26,0.7027,1301,0.25,0.6756,371,0.26,0.7027,2,0.255,0.6891,1099,0
SPY190726C302,2019-07-25,2019-07-25 09:37:24,0.26,0.7027,1410,0.25,0.6756,480,0.26,0.7027,2,0.255,0.6891,1099,0
SPY190726C302,2019-07-25,2019-07-25 09:37:25,0.26,0.7027,1410,0.25,0.6756,480,0.26,0.7027,2,0.255,0.6891,1099,0
SPY190726C302,2019-07-25,2019-07-25 09:37:25,0.26,0.7027,1410,0.25,0.6756,371,0.26,0.7027,2,0.255,0.6891,1099,0
SPY190726C302,2019-07-25,2019-07-25 09:37:26,0.26,0.7027,2035,0.25,0.6756,753,0.26,0.7027,2,0.255,0.6891,1099,0
SPY190726C302,2019-07-25,2019-07-25 09:37:27,0.26,0.7027,2035,0.25,0.6756,753,0.26,0.7027,2,0.255,0.6891,1099,0
SPY190726C302,2019-07-25,2019-07-25 09:37:27,0.26,0.7027,1313,0.25,0.6756,753,0.26,0.7027,2,0.255,0.6891,1099,0
SPY190726C302,2019-07-25,2019-07-25 09:37:28,0.26,0.7027,2075,0.25,0.6756,753,0.26,0.7027,2,0.255,0.6891,1099,0
SPY190726C302,2019-07-25,2019-07-25 09:37:29,0.26,0.7027,1520,0.25,0.6756,252,0.26,0.7027,3,0.255,0.6891,1102,3
SPY190726C302,2019-07-25,2019-07-25 09:37:30,0.26,0.7027,2101,0.25,0.6756,252,0.26,0.7027,3,0.255,0.6891,1102,0
SPY190726C302,2019-07-25,2019-07-25 09:37:31,0.26,0.7027,2416,0.25,0.6756,227,0.26,0.7027,3,0.255,0.6891,1102,0
SPY190726C302,2019-07-25,2019-07-25 09:37:32,0.26,0.7027,1858,0.25,0.6756,9,0.26,0.7027,1,0.255,0.6891,1103,1
SPY190726C302,2019-07-25,2019-07-25 09:37:32,0.26,0.7027,2101,0.25,0.6756,168,0.26,0.7027,3,0.255,0.6891,1102,0
SPY190726C302,2019-07-25,2019-07-25 09:37:33,0.26,0.7027,631,0.25,0.6756,1147,0.26,0.7027,1,0.255,0.6891,1103,0
SPY190726C302,2019-07-25,2019-07-25 09:37:33,0.26,0.7027,55,0.25,0.6756,744,0.26,0.7027,1,0.255,0.6891,1103,0
SPY190726C302,2019-07-25,2019-07-25 09:37:34,0.26,0.7027,863,0.25,0.6756,307,0.26,0.7027,1,0.255,0.6891,1103,0
SPY190726C302,2019-07-25,2019-07-25 09:37:35,0.26,0.7027,192,0.25,0.6756,683,0.26,0.7027,1,0.255,0.6891,1103,0
SPY190726C302,2019-07-25,2019-07-25 09:37:35,0.26,0.7027,252,0.25,0.6756,1702,0.26,0.7027,1,0.255,0.6891,1103,0
SPY190726C302,2019-07-25,2019-07-25 09:37:36,0.26,0.7027,149,0.25,0.6756,1551,0.26,0.7027,1,0.255,0.6891,1103,0
SPY190726C302,2019-07-25,2019-07-25 09:37:36,0.26,0.7027,93,0.25,0.6756,1925,0.26,0.7027,1,0.255,0.6891,1103,0
SPY190726C302,2019-07-25,2019-07-25 09:37:37,0.26,0.7027,281,0.25,0.6756,1907,0.26,0.7027,1,0.255,0.6891,1103,0
SPY190726C302,2019-07-25,2019-07-25 09:37:37,0.26,0.7027,134,0.25,0.6756,1533,0.26,0.7027,1,0.255,0.6891,1103,0
SPY190726C302,2019-07-25,2019-07-25 09:37:38,0.26,0.7027,281,0.25,0.6756,1907,0.26,0.7027,1,0.255,0.6891,1103,0
SPY190726C302,2019-07-25,2019-07-25 09:37:39,0.26,0.7027,159,0.25,0.6756,1533,0.26,0.7027,1,0.255,0.6891,1103,0
SPY190726C302,2019-07-25,2019-07-25 09:37:40,0.26,0.7027,1022,0.25,0.6756,377,0.26,0.7027,1,0.255,0.6891,1103,0
SPY190726C302,2019-07-25,2019-07-25 09:37:41,0.26,0.7027,1798,0.25,0.6756,6,0.26,0.7027,1,0.255,0.6891,1103,0
SPY190726C302,2019-07-25,2019-07-25 09:37:41,0.26,0.7027,2857,0.25,0.6756,26,0.26,0.7027,1,0.255,0.6891,1103,0
SPY190726C302,2019-07-25,2019-07-25 09:37:42,0.26,0.7027,1574,0.25,0.6756,320,0.26,0.7027,1,0.255,0.6891,1103,0
SPY190726C302,2019-07-25,2019-07-25 09:37:43,0.26,0.7027,1574,0.25,0.6756,290,0.26,0.7027,1,0.255,0.6891,1103,0
SPY190726C302,2019-07-25,2019-07-25 09:37:44,0.26,0.7027,2528,0.25,0.6756,26,0.26,0.7027,1,0.255,0.6891,1103,0
SPY190726C302,2019-07-25,2019-07-25 09:37:44,0.26,0.7027,1661,0.25,0.6756,290,0.26,0.7027,1,0.255,0.6891,1103,0
SPY190726C302,2019-07-25,2019-07-25 09:37:45,0.26,0.7027,3299,0.25,0.6756,26,0.26,0.7027,1,0.255,0.6891,1103,0
SPY190726C302,2019-07-25,2019-07-25 09:37:45,0.26,0.7027,2371,0.25,0.6756,4,0.26,0.7027,1,0.255,0.6891,1103,0
SPY190726C302,2019-07-25,2019-07-25 09:37:46,0.26,0.7027,3568,0.25,0.6756,4,0.26,0.7027,1,0.255,0.6891,1103,0
SPY190726C302,2019-07-25,2019-07-25 09:37:47,0.26,0.7027,3568,0.25,0.6756,4,0.26,0.7027,1,0.255,0.6891,1103,0
SPY190726C302,2019-07-25,2019-07-25 09:37:48,0.26,0.7027,3770,0.25,0.6756,4,0.26,0.7027,1,0.255,0.6891,1103,0
SPY190726C302,2019-07-25,2019-07-25 09:37:49,0.26,0.7027,3770,0.25,0.6756,4,0.26,0.7027,1,0.255,0.6891,1103,0
SPY190726C302,2019-07-25,2019-07-25 09:37:50,0.26,0.7027,3770,0.25,0.6756,4,0.26,0.7027,1,0.255,0.6891,1103,0
SPY190726C302,2019-07-25,2019-07-25 09:37:50,0.26,0.7027,3773,0.25,0.6756,4,0.26,0.7027,1,0.255,0.6891,1103,0
SPY190726C302,2019-07-25,2019-07-25 09:37:51,0.26,0.7027,3773,0.25,0.6756,4,0.26,0.7027,1,0.255,0.6891,1103,0
SPY190726C302,2019-07-25,2019-07-25 09:37:52,0.26,0.7027,3773,0.25,0.6756,4,0.26,0.7027,1,0.255,0.6891,1103,0
SPY190726C302,2019-07-25,2019-07-25 09:37:53,0.26,0.7027,3773,0.25,0.6756,4,0.26,0.7027,1,0.255,0.6891,1103,0
SPY190726C302,2019-07-25,2019-07-25 09:37:53,0.26,0.7027,3738,0.25,0.6756,4,0.26,0.7027,1,0.255,0.6891,1103,0
SPY190726C302,2019-07-25,2019-07-25 09:37:54,0.26,0.7027,3738,0.25,0.6756,4,0.26,0.7027,1,0.255,0.6891,1103,0
SPY190726C302,2019-07-25,2019-07-25 09:37:55,0.26,0.7027,3801,0.25,0.6756,6,0.26,0.7027,1,0.255,0.6891,1103,0
SPY190726C302,2019-07-25,2019-07-25 09:37:55,0.26,0.7027,3793,0.25,0.6756,4,0.26,0.7027,1,0.255,0.6891,1103,0
SPY190726C302,2019-07-25,2019-07-25 09:37:56,0.26,0.7027,3937,0.25,0.6756,4,0.26,0.7027,1,0.255,0.6891,1103,0
SPY190726C302,2019-07-25,2019-07-25 09:37:57,0.26,0.7027,3937,0.25,0.6756,4,0.26,0.7027,1,0.255,0.6891,1103,0
SPY190726C302,2019-07-25,2019-07-25 09:37:58,0.26,0.7027,3458,0.25,0.6756,4,0.26,0.7027,1,0.255,0.6891,1103,0
SPY190726C302,2019-07-25,2019-07-25 09:37:59,0.25,0.6756,400,0.25,0.6756,4,0.25,0.6756,4,0.25,0.6756,1107,4
SPY190726C302,2019-07-25,2019-07-25 09:38:00,0.24,0.6486,10,0.23,0.6216,2419,0.25,0.6756,4,0.235,0.6351,1107,0
SPY190726C302,2019-07-25,2019-07-25 09:38:01,0.24,0.6486,10,0.23,0.6216,2422,0.26,0.7027,5,0.235,0.6351,1112,0
SPY190726C302,2019-07-25,2019-07-25 09:38:01,0.24,0.6486,10,0.23,0.6216,2028,0.26,0.7027,5,0.235,0.6351,1112,5
SPY190726C302,2019-07-25,2019-07-25 09:38:02,0.24,0.6486,150,0.23,0.6216,2028,0.26,0.7027,5,0.235,0.6351,1112,0
SPY190726C302,2019-07-25,2019-07-25 09:38:03,0.24,0.6486,373,0.23,0.6216,2422,0.26,0.7027,5,0.235,0.6351,1112,0
SPY190726C302,2019-07-25,2019-07-25 09:38:03,0.24,0.6486,132,0.23,0.6216,625,0.26,0.7027,5,0.235,0.6351,1112,0
SPY190726C302,2019-07-25,2019-07-25 09:38:04,0.24,0.6486,1769,0.23,0.6216,351,0.26,0.7027,5,0.235,0.6351,1112,0
SPY190726C302,2019-07-25,2019-07-25 09:38:04,0.24,0.6486,432,0.23,0.6216,625,0.26,0.7027,5,0.235,0.6351,1112,0
SPY190726C302,2019-07-25,2019-07-25 09:38:05,0.24,0.6486,1769,0.23,0.6216,351,0.26,0.7027,5,0.235,0.6351,1112,0
SPY190726C302,2019-07-25,2019-07-25 09:38:06,0.24,0.6486,1571,0.23,0.6216,351,0.26,0.7027,5,0.235,0.6351,1112,0
SPY190726C302,2019-07-25,2019-07-25 09:38:06,0.24,0.6486,1667,0.23,0.6216,351,0.26,0.7027,5,0.235,0.6351,1112,0
SPY190726C302,2019-07-25,2019-07-25 09:38:07,0.24,0.6486,1667,0.23,0.6216,264,0.26,0.7027,5,0.235,0.6351,1112,0
SPY190726C302,2019-07-25,2019-07-25 09:38:08,0.24,0.6486,1754,0.23,0.6216,264,0.26,0.7027,5,0.235,0.6351,1112,0
SPY190726C302,2019-07-25,2019-07-25 09:38:09,0.24,0.6486,1801,0.23,0.6216,234,0.26,0.7027,5,0.235,0.6351,1112,0
SPY190726C302,2019-07-25,2019-07-25 09:38:09,0.24,0.6486,1776,0.23,0.6216,264,0.26,0.7027,5,0.235,0.6351,1112,0
SPY190726C302,2019-07-25,2019-07-25 09:38:10,0.24,0.6486,2088,0.22,0.5945,1515,0.26,0.7027,5,0.23,0.6216,1112,0
SPY190726C302,2019-07-25,2019-07-25 09:38:10,0.23,0.6216,5,0.22,0.5945,1524,0.26,0.7027,5,0.225,0.6081,1112,0
SPY190726C302,2019-07-25,2019-07-25 09:38:11,0.23,0.6216,109,0.22,0.5945,1428,0.26,0.7027,5,0.225,0.6081,1112,0
SPY190726C302,2019-07-25,2019-07-25 09:38:12,0.23,0.6216,1941,0.22,0.5945,426,0.26,0.7027,5,0.225,0.6081,1112,0
SPY190726C302,2019-07-25,2019-07-25 09:38:12,0.23,0.6216,1101,0.22,0.5945,426,0.26,0.7027,5,0.225,0.6081,1112,0
SPY190726C302,2019-07-25,2019-07-25 09:38:13,0.23,0.6216,1477,0.22,0.5945,426,0.26,0.7027,5,0.225,0.6081,1112,0
SPY190726C302,2019-07-25,2019-07-25 09:38:14,0.23,0.6216,717,0.22,0.5945,176,0.26,0.7027,5,0.225,0.6081,1112,0
SPY190726C302,2019-07-25,2019-07-25 09:38:14,0.23,0.6216,136,0.22,0.5945,303,0.26,0.7027,5,0.225,0.6081,1112,0
SPY190726C302,2019-07-25,2019-07-25 09:38:15,0.23,0.6216,1317,0.22,0.5945,258,0.23,0.6216,2,0.225,0.6081,1114,0
SPY190726C302,2019-07-25,2019-07-25 09:38:15,0.23,0.6216,1128,0.22,0.5945,176,0.23,0.6216,2,0.225,0.6081,1114,2
SPY190726C302,2019-07-25,2019-07-25 09:38:16,0.23,0.6216,1089,0.22,0.5945,427,0.23,0.6216,2,0.225,0.6081,1114,0
SPY190726C302,2019-07-25,2019-07-25 09:38:17,0.23,0.6216,1089,0.22,0.5945,427,0.23,0.6216,2,0.225,0.6081,1114,0
SPY190726C302,2019-07-25,2019-07-25 09:38:18,0.23,0.6216,1589,0.22,0.5945,451,0.23,0.6216,4,0.225,0.6081,1118,0
SPY190726C302,2019-07-25,2019-07-25 09:38:18,0.23,0.6216,1089,0.22,0.5945,451,0.23,0.6216,4,0.225,0.6081,1118,4
SPY190726C302,2019-07-25,2019-07-25 09:38:19,0.23,0.6216,2143,0.22,0.5945,57,0.23,0.6216,4,0.225,0.6081,1118,0
SPY190726C302,2019-07-25,2019-07-25 09:38:20,0.23,0.6216,3310,0.22,0.5945,57,0.23,0.6216,4,0.225,0.6081,1118,0
SPY190726C302,2019-07-25,2019-07-25 09:38:20,0.23,0.6216,3247,0.22,0.5945,193,0.23,0.6216,4,0.225,0.6081,1118,0
SPY190726C302,2019-07-25,2019-07-25 09:38:21,0.23,0.6216,3211,0.22,0.5945,68,0.23,0.6216,4,0.225,0.6081,1118,0
SPY190726C302,2019-07-25,2019-07-25 09:38:22,0.23,0.6216,2855,0.22,0.5945,201,0.23,0.6216,4,0.225,0.6081,1118,0
SPY190726C302,2019-07-25,2019-07-25 09:38:22,0.23,0.6216,3211,0.22,0.5945,191,0.23,0.6216,4,0.225,0.6081,1118,0
SPY190726C302,2019-07-25,2019-07-25 09:38:23,0.23,0.6216,337,0.22,0.5945,2221,0.23,0.6216,4,0.225,0.6081,1118,0
SPY190726C302,2019-07-25,2019-07-25 09:38:24,0.23,0.6216,5,0.22,0.5945,2259,0.23,0.6216,4,0.225,0.6081,1118,0
SPY190726C302,2019-07-25,2019-07-25 09:38:24,0.24,0.6486,1396,0.23,0.6216,157,0.23,0.6216,4,0.235,0.6351,1118,0
SPY190726C302,2019-07-25,2019-07-25 09:38:25,0.24,0.6486,1001,0.23,0.6216,112,0.23,0.6216,4,0.235,0.6351,1118,0
SPY190726C302,2019-07-25,2019-07-25 09:38:25,0.24,0.6486,1303,0.23,0.6216,317,0.23,0.6216,4,0.235,0.6351,1118,0
SPY190726C302,2019-07-25,2019-07-25 09:38:26,0.24,0.6486,3163,0.23,0.6216,112,0.23,0.6216,4,0.235,0.6351,1118,0
SPY190726C302,2019-07-25,2019-07-25 09:38:27,0.24,0.6486,2407,0.23,0.6216,112,0.23,0.6216,4,0.235,0.6351,1118,0
SPY190726C302,2019-07-25,2019-07-25 09:38:28,0.24,0.6486,1133,0.23,0.6216,947,0.23,0.6216,4,0.235,0.6351,1118,0
SPY190726C302,2019-07-25,2019-07-25 09:38:28,0.24,0.6486,2367,0.23,0.6216,240,0.23,0.6216,4,0.235,0.6351,1118,0
SPY190726C302,2019-07-25,2019-07-25 09:38:29,0.24,0.6486,188,0.23,0.6216,1582,0.23,0.6216,4,0.235,0.6351,1118,0
SPY190726C302,2019-07-25,2019-07-25 09:38:29,0.25,0.6756,745,0.24,0.6486,152,0.23,0.6216,4,0.245,0.6621,1118,0
SPY190726C302,2019-07-25,2019-07-25 09:38:30,0.25,0.6756,729,0.24,0.6486,1610,0.23,0.6216,4,0.245,0.6621,1118,0
SPY190726C302,2019-07-25,2019-07-25 09:38:31,0.26,0.7027,1963,0.25,0.6756,242,0.23,0.6216,4,0.255,0.6891,1118,0
SPY190726C302,2019-07-25,2019-07-25 09:38:31,0.25,0.6756,232,0.24,0.6486,1918,0.23,0.6216,4,0.245,0.6621,1118,0
SPY190726C302,2019-07-25,2019-07-25 09:38:32,0.26,0.7027,1,0.25,0.6756,426,0.23,0.6216,4,0.255,0.6891,1118,0
SPY190726C302,2019-07-25,2019-07-25 09:38:32,0.26,0.7027,1963,0.25,0.6756,671,0.23,0.6216,4,0.255,0.6891,1118,0
SPY190726C302,2019-07-25,2019-07-25 09:38:33,0.26,0.7027,1,0.25,0.6756,1800,0.23,0.6216,4,0.255,0.6891,1118,0
SPY190726C302,2019-07-25,2019-07-25 09:38:33,0.26,0.7027,915,0.25,0.6756,307,0.23,0.6216,4,0.255,0.6891,1118,0
SPY190726C302,2019-07-25,2019-07-25 09:38:34,0.26,0.7027,2079,0.25,0.6756,525,0.23,0.6216,4,0.255,0.6891,1118,0
SPY190726C302,2019-07-25,2019-07-25 09:38:35,0.26,0.7027,609,0.25,0.6756,1408,0.23,0.6216,4,0.255,0.6891,1118,0
SPY190726C302,2019-07-25,2019-07-25 09:38:36,0.26,0.7027,1622,0.25,0.6756,1408,0.23,0.6216,4,0.255,0.6891,1118,0
SPY190726C302,2019-07-25,2019-07-25 09:38:38,0.26,0.7027,1630,0.25,0.6756,1408,0.23,0.6216,4,0.255,0.6891,1118,0
SPY190726C302,2019-07-25,2019-07-25 09:38:38,0.26,0.7027,1630,0.25,0.6756,426,0.23,0.6216,4,0.255,0.6891,1118,0
SPY190726C302,2019-07-25,2019-07-25 09:38:39,0.26,0.7027,413,0.25,0.6756,426,0.23,0.6216,4,0.255,0.6891,1118,0
SPY190726C302,2019-07-25,2019-07-25 09:38:39,0.26,0.7027,321,0.25,0.6756,1226,0.23,0.6216,4,0.255,0.6891,1118,0
SPY190726C302,2019-07-25,2019-07-25 09:38:40,0.26,0.7027,632,0.25,0.6756,1054,0.23,0.6216,4,0.255,0.6891,1118,0
SPY190726C302,2019-07-25,2019-07-25 09:38:40,0.26,0.7027,719,0.25,0.6756,1226,0.23,0.6216,4,0.255,0.6891,1118,0
SPY190726C302,2019-07-25,2019-07-25 09:38:41,0.26,0.7027,338,0.25,0.6756,1476,0.23,0.6216,4,0.255,0.6891,1118,0
SPY190726C302,2019-07-25,2019-07-25 09:38:42,0.27,0.7297,486,0.26,0.7027,1265,0.26,0.7027,1,0.265,0.7162,1119,0
SPY190726C302,2019-07-25,2019-07-25 09:38:42,0.26,0.7027,100,0.26,0.7027,90,0.26,0.7027,1,0.26,0.7027,1119,1
SPY190726C302,2019-07-25,2019-07-25 09:38:43,0.27,0.7297,486,0.26,0.7027,1265,0.27,0.7297,2,0.265,0.7162,1121,2
SPY190726C302,2019-07-25,2019-07-25 09:38:44,0.27,0.7297,776,0.26,0.7027,160,0.27,0.7297,1,0.265,0.7162,1126,0
SPY190726C302,2019-07-25,2019-07-25 09:38:44,0.27,0.7297,220,0.26,0.7027,80,0.27,0.7297,1,0.265,0.7162,1126,5
SPY190726C302,2019-07-25,2019-07-25 09:38:45,0.27,0.7297,2349,0.26,0.7027,55,0.27,0.7297,1,0.265,0.7162,1126,0
SPY190726C302,2019-07-25,2019-07-25 09:38:46,0.26,0.7027,5,0.25,0.6756,1434,0.27,0.7297,1,0.255,0.6891,1126,0
SPY190726C302,2019-07-25,2019-07-25 09:38:46,0.26,0.7027,100,0.25,0.6756,1619,0.27,0.7297,1,0.255,0.6891,1126,0
SPY190726C302,2019-07-25,2019-07-25 09:38:47,0.26,0.7027,1700,0.25,0.6756,187,0.27,0.7297,1,0.255,0.6891,1126,0
SPY190726C302,2019-07-25,2019-07-25 09:38:48,0.26,0.7027,1952,0.25,0.6756,96,0.27,0.7297,1,0.255,0.6891,1126,0
SPY190726C302,2019-07-25,2019-07-25 09:38:48,0.26,0.7027,1029,0.25,0.6756,36,0.27,0.7297,1,0.255,0.6891,1126,0
SPY190726C302,2019-07-25,2019-07-25 09:38:49,0.26,0.7027,2433,0.25,0.6756,36,0.27,0.7297,1,0.255,0.6891,1126,0
SPY190726C302,2019-07-25,2019-07-25 09:38:50,0.25,0.6756,1114,0.24,0.6486,146,0.25,0.6756,5,0.245,0.6621,1131,5
SPY190726C302,2019-07-25,2019-07-25 09:38:50,0.25,0.6756,228,0.24,0.6486,670,0.25,0.6756,5,0.245,0.6621,1131,0
SPY190726C302,2019-07-25,2019-07-25 09:38:51,0.25,0.6756,1428,0.24,0.6486,218,0.25,0.6756,5,0.245,0.6621,1131,0
SPY190726C302,2019-07-25,2019-07-25 09:38:51,0.25,0.6756,821,0.24,0.6486,218,0.25,0.6756,5,0.245,0.6621,1131,0
SPY190726C302,2019-07-25,2019-07-25 09:38:52,0.25,0.6756,2263,0.24,0.6486,142,0.25,0.6756,5,0.245,0.6621,1131,0
SPY190726C302,2019-07-25,2019-07-25 09:38:52,0.25,0.6756,2263,0.24,0.6486,139,0.25,0.6756,5,0.245,0.6621,1131,0
SPY190726C302,2019-07-25,2019-07-25 09:38:53,0.25,0.6756,2214,0.24,0.6486,56,0.25,0.6756,5,0.245,0.6621,1131,0
SPY190726C302,2019-07-25,2019-07-25 09:38:54,0.25,0.6756,1350,0.24,0.6486,36,0.25,0.6756,5,0.245,0.6621,1131,0
SPY190726C302,2019-07-25,2019-07-25 09:38:54,0.25,0.6756,3101,0.24,0.6486,36,0.25,0.6756,5,0.245,0.6621,1131,0
SPY190726C302,2019-07-25,2019-07-25 09:38:55,0.25,0.6756,1705,0.24,0.6486,202,0.25,0.6756,5,0.245,0.6621,1131,0
SPY190726C302,2019-07-25,2019-07-25 09:38:55,0.25,0.6756,1705,0.24,0.6486,91,0.25,0.6756,5,0.245,0.6621,1131,0
SPY190726C302,2019-07-25,2019-07-25 09:38:57,0.26,0.7027,1652,0.24,0.6486,1988,0.25,0.6756,5,0.25,0.6756,1131,0
SPY190726C302,2019-07-25,2019-07-25 09:38:57,0.25,0.6756,556,0.24,0.6486,292,0.25,0.6756,5,0.245,0.6621,1131,0
SPY190726C302,2019-07-25,2019-07-25 09:38:58,0.25,0.6756,1523,0.24,0.6486,36,0.24,0.6486,1,0.245,0.6621,1132,1
SPY190726C302,2019-07-25,2019-07-25 09:38:58,0.25,0.6756,1171,0.24,0.6486,1,0.25,0.6756,5,0.245,0.6621,1131,0
SPY190726C302,2019-07-25,2019-07-25 09:38:59,0.24,0.6486,1202,0.23,0.6216,105,0.24,0.6486,1,0.235,0.6351,1132,0
SPY190726C302,2019-07-25,2019-07-25 09:39:00,0.24,0.6486,1198,0.23,0.6216,140,0.24,0.6486,5,0.235,0.6351,1139,0
SPY190726C302,2019-07-25,2019-07-25 09:39:00,0.24,0.6486,1475,0.23,0.6216,140,0.24,0.6486,5,0.235,0.6351,1139,7
SPY190726C302,2019-07-25,2019-07-25 09:39:02,0.24,0.6486,408,0.23,0.6216,1334,0.24,0.6486,5,0.235,0.6351,1139,0
SPY190726C302,2019-07-25,2019-07-25 09:39:02,0.24,0.6486,578,0.23,0.6216,1468,0.24,0.6486,5,0.235,0.6351,1139,0
SPY190726C302,2019-07-25,2019-07-25 09:39:03,0.25,0.6756,2081,0.24,0.6486,1005,0.24,0.6486,5,0.245,0.6621,1139,0
SPY190726C302,2019-07-25,2019-07-25 09:39:03,0.25,0.6756,2081,0.23,0.6216,1916,0.24,0.6486,5,0.24,0.6486,1139,0
SPY190726C302,2019-07-25,2019-07-25 09:39:04,0.25,0.6756,272,0.24,0.6486,1000,0.24,0.6486,5,0.245,0.6621,1139,0
SPY190726C302,2019-07-25,2019-07-25 09:39:05,0.25,0.6756,131,0.24,0.6486,1000,0.24,0.6486,5,0.245,0.6621,1139,0
SPY190726C302,2019-07-25,2019-07-25 09:39:05,0.25,0.6756,707,0.24,0.6486,1000,0.24,0.6486,5,0.245,0.6621,1139,0
SPY190726C302,2019-07-25,2019-07-25 09:39:06,0.25,0.6756,496,0.24,0.6486,907,0.24,0.6486,5,0.245,0.6621,1139,0
SPY190726C302,2019-07-25,2019-07-25 09:39:06,0.25,0.6756,1689,0.24,0.6486,872,0.25,0.6756,3,0.245,0.6621,1142,3
SPY190726C302,2019-07-25,2019-07-25 09:39:07,0.25,0.6756,378,0.24,0.6486,505,0.25,0.6756,3,0.245,0.6621,1142,0
SPY190726C302,2019-07-25,2019-07-25 09:39:08,0.25,0.6756,697,0.24,0.6486,1266,0.25,0.6756,3,0.245,0.6621,1142,0
SPY190726C302,2019-07-25,2019-07-25 09:39:08,0.25,0.6756,460,0.24,0.6486,1160,0.25,0.6756,3,0.245,0.6621,1142,0
SPY190726C302,2019-07-25,2019-07-25 09:39:09,0.26,0.7027,1099,0.24,0.6486,1595,0.25,0.6756,3,0.25,0.6756,1142,0
SPY190726C302,2019-07-25,2019-07-25 09:39:09,0.26,0.7027,2320,0.24,0.6486,2082,0.25,0.6756,3,0.25,0.6756,1142,0
SPY190726C302,2019-07-25,2019-07-25 09:39:10,0.26,0.7027,1392,0.25,0.6756,490,0.25,0.6756,3,0.255,0.6891,1142,0
SPY190726C302,2019-07-25,2019-07-25 09:39:11,0.26,0.7027,1613,0.25,0.6756,80,0.25,0.6756,3,0.255,0.6891,1142,0
SPY190726C302,2019-07-25,2019-07-25 09:39:11,0.26,0.7027,2382,0.25,0.6756,80,0.25,0.6756,3,0.255,0.6891,1142,0
SPY190726C302,2019-07-25,2019-07-25 09:39:12,0.26,0.7027,2365,0.25,0.6756,27,0.25,0.6756,2,0.255,0.6891,1144,2
SPY190726C302,2019-07-25,2019-07-25 09:39:13,0.26,0.7027,1587,0.25,0.6756,27,0.25,0.6756,2,0.255,0.6891,1144,0
SPY190726C302,2019-07-25,2019-07-25 09:39:13,0.26,0.7027,1981,0.25,0.6756,27,0.25,0.6756,2,0.255,0.6891,1144,0
SPY190726C302,2019-07-25,2019-07-25 09:39:14,0.26,0.7027,1764,0.25,0.6756,90,0.26,0.7027,5,0.255,0.6891,1149,0
SPY190726C302,2019-07-25,2019-07-25 09:39:14,0.26,0.7027,2203,0.25,0.6756,27,0.26,0.7027,5,0.255,0.6891,1149,5
SPY190726C302,2019-07-25,2019-07-25 09:39:15,0.26,0.7027,1764,0.25,0.6756,656,0.26,0.7027,5,0.255,0.6891,1149,0
SPY190726C302,2019-07-25,2019-07-25 09:39:16,0.26,0.7027,1764,0.25,0.6756,656,0.26,0.7027,5,0.255,0.6891,1149,0
SPY190726C302,2019-07-25,2019-07-25 09:39:16,0.26,0.7027,2135,0.25,0.6756,90,0.26,0.7027,5,0.255,0.6891,1149,0
SPY190726C302,2019-07-25,2019-07-25 09:39:17,0.26,0.7027,2135,0.25,0.6756,1,0.26,0.7027,5,0.255,0.6891,1149,0
SPY190726C302,2019-07-25,2019-07-25 09:39:17,0.26,0.7027,2039,0.25,0.6756,1,0.26,0.7027,5,0.255,0.6891,1149,0
SPY190726C302,2019-07-25,2019-07-25 09:39:18,0.26,0.7027,2199,0.25,0.6756,133,0.26,0.7027,5,0.255,0.6891,1149,0
SPY190726C302,2019-07-25,2019-07-25 09:39:18,0.26,0.7027,1944,0.25,0.6756,90,0.26,0.7027,5,0.255,0.6891,1149,0
SPY190726C302,2019-07-25,2019-07-25 09:39:19,0.26,0.7027,786,0.25,0.6756,142,0.25,0.6756,4,0.255,0.6891,1153,4
SPY190726C302,2019-07-25,2019-07-25 09:39:20,0.26,0.7027,42,0.25,0.6756,2250,0.25,0.6756,4,0.255,0.6891,1153,0
SPY190726C302,2019-07-25,2019-07-25 09:39:20,0.26,0.7027,313,0.25,0.6756,1031,0.25,0.6756,4,0.255,0.6891,1153,0
SPY190726C302,2019-07-25,2019-07-25 09:39:21,0.26,0.7027,289,0.25,0.6756,1003,0.25,0.6756,4,0.255,0.6891,1153,0
SPY190726C302,2019-07-25,2019-07-25 09:39:21,0.26,0.7027,848,0.25,0.6756,686,0.25,0.6756,4,0.255,0.6891,1153,0
SPY190726C302,2019-07-25,2019-07-25 09:39:22,0.26,0.7027,1747,0.25,0.6756,151,0.25,0.6756,4,0.255,0.6891,1153,0
SPY190726C302,2019-07-25,2019-07-25 09:39:23,0.26,0.7027,461,0.25,0.6756,541,0.25,0.6756,4,0.255,0.6891,1153,0
SPY190726C302,2019-07-25,2019-07-25 09:39:23,0.26,0.7027,1923,0.25,0.6756,541,0.25,0.6756,4,0.255,0.6891,1153,0
SPY190726C302,2019-07-25,2019-07-25 09:39:24,0.26,0.7027,1923,0.25,0.6756,86,0.25,0.6756,4,0.255,0.6891,1153,0
SPY190726C302,2019-07-25,2019-07-25 09:39:25,0.26,0.7027,1960,0.24,0.6486,2284,0.25,0.6756,4,0.25,0.6756,1153,0
SPY190726C302,2019-07-25,2019-07-25 09:39:25,0.26,0.7027,2245,0.24,0.6486,2776,0.25,0.6756,4,0.25,0.6756,1153,0
SPY190726C302,2019-07-25,2019-07-25 09:39:26,0.26,0.7027,2226,0.25,0.6756,28,0.25,0.6756,4,0.255,0.6891,1153,0
SPY190726C302,2019-07-25,2019-07-25 09:39:26,0.26,0.7027,1078,0.25,0.6756,28,0.25,0.6756,4,0.255,0.6891,1153,0
SPY190726C302,2019-07-25,2019-07-25 09:39:27,0.26,0.7027,188,0.25,0.6756,761,0.26,0.7027,1,0.255,0.6891,1154,1
SPY190726C302,2019-07-25,2019-07-25 09:39:27,0.26,0.7027,188,0.25,0.6756,1149,0.26,0.7027,1,0.255,0.6891,1154,0
SPY190726C302,2019-07-25,2019-07-25 09:39:28,0.26,0.7027,342,0.25,0.6756,1436,0.26,0.7027,1,0.255,0.6891,1154,0
SPY190726C302,2019-07-25,2019-07-25 09:39:29,0.26,0.7027,314,0.25,0.6756,1436,0.26,0.7027,1,0.255,0.6891,1154,0
SPY190726C302,2019-07-25,2019-07-25 09:39:29,0.26,0.7027,823,0.25,0.6756,380,0.26,0.7027,1,0.255,0.6891,1154,0
SPY190726C302,2019-07-25,2019-07-25 09:39:30,0.26,0.7027,1105,0.25,0.6756,199,0.26,0.7027,1,0.255,0.6891,1154,0
SPY190726C302,2019-07-25,2019-07-25 09:39:30,0.26,0.7027,1770,0.25,0.6756,657,0.26,0.7027,2,0.255,0.6891,1156,2
SPY190726C302,2019-07-25,2019-07-25 09:39:31,0.26,0.7027,823,0.25,0.6756,57,0.26,0.7027,2,0.255,0.6891,1156,0
SPY190726C302,2019-07-25,2019-07-25 09:39:31,0.26,0.7027,854,0.25,0.6756,176,0.26,0.7027,2,0.255,0.6891,1156,0
SPY190726C302,2019-07-25,2019-07-25 09:39:32,0.26,0.7027,2715,0.25,0.6756,176,0.26,0.7027,2,0.255,0.6891,1156,0
SPY190726C302,2019-07-25,2019-07-25 09:39:33,0.26,0.7027,2715,0.25,0.6756,168,0.26,0.7027,2,0.255,0.6891,1156,0
SPY190726C302,2019-07-25,2019-07-25 09:39:34,0.26,0.7027,2352,0.25,0.6756,97,0.26,0.7027,2,0.255,0.6891,1156,0
SPY190726C302,2019-07-25,2019-07-25 09:39:34,0.26,0.7027,2341,0.25,0.6756,97,0.26,0.7027,2,0.255,0.6891,1156,0
SPY190726C302,2019-07-25,2019-07-25 09:39:35,0.26,0.7027,1922,0.25,0.6756,98,0.26,0.7027,2,0.255,0.6891,1156,0
SPY190726C302,2019-07-25,2019-07-25 09:39:36,0.26,0.7027,2719,0.25,0.6756,6,0.26,0.7027,2,0.255,0.6891,1156,0
SPY190726C302,2019-07-25,2019-07-25 09:39:36,0.26,0.7027,2882,0.25,0.6756,6,0.26,0.7027,2,0.255,0.6891,1156,0
SPY190726C302,2019-07-25,2019-07-25 09:39:37,0.26,0.7027,2773,0.25,0.6756,6,0.26,0.7027,2,0.255,0.6891,1156,0
SPY190726C302,2019-07-25,2019-07-25 09:39:37,0.26,0.7027,2368,0.25,0.6756,6,0.26,0.7027,2,0.255,0.6891,1156,0
SPY190726C302,2019-07-25,2019-07-25 09:39:38,0.26,0.7027,3606,0.25,0.6756,4,0.25,0.6756,1,0.255,0.6891,1168,12
SPY190726C302,2019-07-25,2019-07-25 09:39:39,0.25,0.6756,1830,0.24,0.6486,1046,0.25,0.6756,4,0.245,0.6621,1172,4
SPY190726C302,2019-07-25,2019-07-25 09:39:39,0.25,0.6756,620,0.24,0.6486,252,0.25,0.6756,1,0.245,0.6621,1168,0
SPY190726C302,2019-07-25,2019-07-25 09:39:40,0.25,0.6756,1201,0.24,0.6486,274,0.25,0.6756,4,0.245,0.6621,1172,0
SPY190726C302,2019-07-25,2019-07-25 09:39:41,0.25,0.6756,1553,0.24,0.6486,120,0.25,0.6756,4,0.245,0.6621,1172,0
SPY190726C302,2019-07-25,2019-07-25 09:39:41,0.25,0.6756,1201,0.24,0.6486,253,0.25,0.6756,4,0.245,0.6621,1172,0
SPY190726C302,2019-07-25,2019-07-25 09:39:42,0.25,0.6756,2913,0.24,0.6486,2,0.24,0.6486,1,0.245,0.6621,1176,4
SPY190726C302,2019-07-25,2019-07-25 09:39:42,0.24,0.6486,429,0.23,0.6216,100,0.24,0.6486,1,0.235,0.6351,1177,1
SPY190726C302,2019-07-25,2019-07-25 09:39:43,0.24,0.6486,1020,0.23,0.6216,100,0.24,0.6486,1,0.235,0.6351,1177,0
SPY190726C302,2019-07-25,2019-07-25 09:39:44,0.24,0.6486,2687,0.23,0.6216,100,0.24,0.6486,1,0.235,0.6351,1177,0
SPY190726C302,2019-07-25,2019-07-25 09:39:44,0.24,0.6486,3092,0.23,0.6216,97,0.23,0.6216,1,0.235,0.6351,1180,3
SPY190726C302,2019-07-25,2019-07-25 09:39:45,0.24,0.6486,3240,0.23,0.6216,97,0.24,0.6486,1,0.235,0.6351,1181,1
SPY190726C302,2019-07-25,2019-07-25 09:39:46,0.24,0.6486,3143,0.23,0.6216,97,0.24,0.6486,1,0.235,0.6351,1181,0
SPY190726C302,2019-07-25,2019-07-25 09:39:46,0.24,0.6486,3240,0.23,0.6216,97,0.24,0.6486,1,0.235,0.6351,1181,0
SPY190726C302,2019-07-25,2019-07-25 09:39:47,0.24,0.6486,1639,0.23,0.6216,97,0.24,0.6486,1,0.235,0.6351,1181,0
SPY190726C302,2019-07-25,2019-07-25 09:39:48,0.24,0.6486,1827,0.23,0.6216,285,0.24,0.6486,3,0.235,0.6351,1184,3
SPY190726C302,2019-07-25,2019-07-25 09:39:48,0.24,0.6486,1709,0.23,0.6216,190,0.24,0.6486,1,0.235,0.6351,1181,0
SPY190726C302,2019-07-25,2019-07-25 09:39:49,0.24,0.6486,1914,0.23,0.6216,318,0.24,0.6486,3,0.235,0.6351,1184,0
SPY190726C302,2019-07-25,2019-07-25 09:39:50,0.24,0.6486,574,0.23,0.6216,224,0.23,0.6216,1,0.235,0.6351,1185,1
SPY190726C302,2019-07-25,2019-07-25 09:39:50,0.24,0.6486,1830,0.23,0.6216,208,0.24,0.6486,3,0.235,0.6351,1184,0
SPY190726C302,2019-07-25,2019-07-25 09:39:51,0.24,0.6486,241,0.23,0.6216,1792,0.23,0.6216,1,0.235,0.6351,1185,0
SPY190726C302,2019-07-25,2019-07-25 09:39:51,0.25,0.6756,1591,0.24,0.6486,39,0.23,0.6216,1,0.245,0.6621,1185,0
SPY190726C302,2019-07-25,2019-07-25 09:39:53,0.25,0.6756,1684,0.24,0.6486,663,0.23,0.6216,1,0.245,0.6621,1185,0
SPY190726C302,2019-07-25,2019-07-25 09:39:53,0.25,0.6756,2800,0.24,0.6486,195,0.23,0.6216,1,0.245,0.6621,1185,0
SPY190726C302,2019-07-25,2019-07-25 09:39:54,0.24,0.6486,262,0.24,0.6486,61,0.24,0.6486,5,0.24,0.6486,1195,10
SPY190726C302,2019-07-25,2019-07-25 09:39:55,0.24,0.6486,232,0.23,0.6216,2015,0.24,0.6486,5,0.235,0.6351,1195,0
SPY190726C302,2019-07-25,2019-07-25 09:39:55,0.24,0.6486,128,0.23,0.6216,2015,0.24,0.6486,5,0.235,0.6351,1195,0
SPY190726C302,2019-07-25,2019-07-25 09:39:56,0.24,0.6486,128,0.23,0.6216,1966,0.24,0.6486,5,0.235,0.6351,1195,0
SPY190726C302,2019-07-25,2019-07-25 09:39:56,0.24,0.6486,256,0.23,0.6216,2015,0.24,0.6486,5,0.235,0.6351,1195,0
SPY190726C302,2019-07-25,2019-07-25 09:39:57,0.24,0.6486,292,0.23,0.6216,1323,0.24,0.6486,5,0.235,0.6351,1195,0
SPY190726C302,2019-07-25,2019-07-25 09:39:58,0.24,0.6486,565,0.23,0.6216,299,0.24,0.6486,5,0.235,0.6351,1195,0
SPY190726C302,2019-07-25,2019-07-25 09:39:58,0.24,0.6486,1710,0.23,0.6216,162,0.24,0.6486,5,0.235,0.6351,1195,0
SPY190726C302,2019-07-25,2019-07-25 09:39:59,0.24,0.6486,2525,0.23,0.6216,207,0.24,0.6486,5,0.235,0.6351,1195,0
SPY190726C302,2019-07-25,2019-07-25 09:40:01,0.24,0.6486,3275,0.23,0.6216,97,0.24,0.6486,5,0.235,0.6351,1195,0
SPY190726C302,2019-07-25,2019-07-25 09:40:02,0.24,0.6486,2488,0.23,0.6216,97,0.24,0.6486,5,0.235,0.6351,1195,0
SPY190726C302,2019-07-25,2019-07-25 09:40:03,0.24,0.6486,2960,0.23,0.6216,97,0.24,0.6486,5,0.235,0.6351,1195,0
SPY190726C302,2019-07-25,2019-07-25 09:40:03,0.23,0.6216,321,0.22,0.5945,458,0.23,0.6216,2,0.225,0.6081,1292,97
SPY190726C302,2019-07-25,2019-07-25 09:40:04,0.24,0.6486,956,0.23,0.6216,455,0.23,0.6216,2,0.235,0.6351,1292,0
SPY190726C302,2019-07-25,2019-07-25 09:40:05,0.24,0.6486,5,0.23,0.6216,371,0.23,0.6216,2,0.235,0.6351,1292,0
SPY190726C302,2019-07-25,2019-07-25 09:40:06,0.25,0.6756,2055,0.24,0.6486,106,0.23,0.6216,2,0.245,0.6621,1292,0
SPY190726C302,2019-07-25,2019-07-25 09:40:07,0.25,0.6756,137,0.24,0.6486,226,0.23,0.6216,2,0.245,0.6621,1292,0
SPY190726C302,2019-07-25,2019-07-25 09:40:08,0.25,0.6756,428,0.24,0.6486,447,0.23,0.6216,2,0.245,0.6621,1292,0
SPY190726C302,2019-07-25,2019-07-25 09:40:08,0.25,0.6756,599,0.24,0.6486,327,0.23,0.6216,2,0.245,0.6621,1292,0
SPY190726C302,2019-07-25,2019-07-25 09:40:09,0.25,0.6756,2,0.24,0.6486,2396,0.23,0.6216,2,0.245,0.6621,1292,0
SPY190726C302,2019-07-25,2019-07-25 09:40:09,0.25,0.6756,2,0.24,0.6486,2019,0.23,0.6216,2,0.245,0.6621,1292,0
SPY190726C302,2019-07-25,2019-07-25 09:40:10,0.25,0.6756,7,0.24,0.6486,2914,0.23,0.6216,2,0.245,0.6621,1292,0
SPY190726C302,2019-07-25,2019-07-25 09:40:11,0.25,0.6756,2,0.25,0.6756,70,0.25,0.6756,2,0.25,0.6756,1294,2
SPY190726C302,2019-07-25,2019-07-25 09:40:11,0.25,0.6756,100,0.24,0.6486,2364,0.23,0.6216,2,0.245,0.6621,1292,0
SPY190726C302,2019-07-25,2019-07-25 09:40:12,0.26,0.7027,971,0.25,0.6756,123,0.25,0.6756,2,0.255,0.6891,1294,0
SPY190726C302,2019-07-25,2019-07-25 09:40:13,0.26,0.7027,1641,0.25,0.6756,123,0.25,0.6756,2,0.255,0.6891,1294,0
SPY190726C302,2019-07-25,2019-07-25 09:40:13,0.25,0.6756,125,0.24,0.6486,2450,0.25,0.6756,2,0.245,0.6621,1294,0
SPY190726C302,2019-07-25,2019-07-25 09:40:14,0.26,0.7027,2663,0.24,0.6486,2393,0.25,0.6756,2,0.25,0.6756,1294,0
SPY190726C302,2019-07-25,2019-07-25 09:40:14,0.26,0.7027,2663,0.24,0.6486,2343,0.25,0.6756,2,0.25,0.6756,1294,0
SPY190726C302,2019-07-25,2019-07-25 09:40:15,0.26,0.7027,2663,0.24,0.6486,2319,0.25,0.6756,2,0.25,0.6756,1294,0
SPY190726C302,2019-07-25,2019-07-25 09:40:16,0.25,0.6756,607,0.24,0.6486,410,0.25,0.6756,1,0.245,0.6621,1295,0
SPY190726C302,2019-07-25,2019-07-25 09:40:16,0.25,0.6756,79,0.24,0.6486,457,0.25,0.6756,1,0.245,0.6621,1295,1
SPY190726C302,2019-07-25,2019-07-25 09:40:17,0.25,0.6756,50,0.24,0.6486,2364,0.25,0.6756,1,0.245,0.6621,1296,1
SPY190726C302,2019-07-25,2019-07-25 09:40:17,0.25,0.6756,383,0.24,0.6486,2076,0.25,0.6756,1,0.245,0.6621,1295,0
SPY190726C302,2019-07-25,2019-07-25 09:40:19,0.26,0.7027,2239,0.25,0.6756,320,0.25,0.6756,1,0.255,0.6891,1296,0
SPY190726C302,2019-07-25,2019-07-25 09:40:20,0.26,0.7027,1388,0.25,0.6756,320,0.25,0.6756,1,0.255,0.6891,1296,0
SPY190726C302,2019-07-25,2019-07-25 09:40:21,0.26,0.7027,613,0.25,0.6756,992,0.25,0.6756,1,0.255,0.6891,1296,0
SPY190726C302,2019-07-25,2019-07-25 09:40:21,0.26,0.7027,2228,0.25,0.6756,992,0.25,0.6756,1,0.255,0.6891,1296,0
SPY190726C302,2019-07-25,2019-07-25 09:40:22,0.26,0.7027,1040,0.25,0.6756,481,0.25,0.6756,1,0.255,0.6891,1296,0
SPY190726C302,2019-07-25,2019-07-25 09:40:23,0.26,0.7027,2165,0.25,0.6756,404,0.25,0.6756,1,0.255,0.6891,1296,0
SPY190726C302,2019-07-25,2019-07-25 09:40:23,0.26,0.7027,1013,0.25,0.6756,404,0.25,0.6756,1,0.255,0.6891,1296,0
SPY190726C302,2019-07-25,2019-07-25 09:40:24,0.26,0.7027,817,0.25,0.6756,416,0.25,0.6756,1,0.255,0.6891,1296,0
SPY190726C302,2019-07-25,2019-07-25 09:40:25,0.26,0.7027,1061,0.25,0.6756,416,0.25,0.6756,1,0.255,0.6891,1296,0
SPY190726C302,2019-07-25,2019-07-25 09:40:25,0.26,0.7027,1820,0.25,0.6756,416,0.25,0.6756,1,0.255,0.6891,1296,0
SPY190726C302,2019-07-25,2019-07-25 09:40:26,0.26,0.7027,1820,0.25,0.6756,392,0.25,0.6756,1,0.255,0.6891,1296,0
SPY190726C302,2019-07-25,2019-07-25 09:40:27,0.26,0.7027,1721,0.25,0.6756,392,0.25,0.6756,1,0.255,0.6891,1296,0
SPY190726C302,2019-07-25,2019-07-25 09:40:28,0.27,0.7297,2520,0.26,0.7027,1,0.25,0.6756,1,0.265,0.7162,1296,0
SPY190726C302,2019-07-25,2019-07-25 09:40:28,0.27,0.7297,1577,0.26,0.7027,59,0.25,0.6756,1,0.265,0.7162,1296,0
SPY190726C302,2019-07-25,2019-07-25 09:40:29,0.27,0.7297,2555,0.26,0.7027,111,0.25,0.6756,1,0.265,0.7162,1296,0
SPY190726C302,2019-07-25,2019-07-25 09:40:30,0.27,0.7297,1429,0.26,0.7027,118,0.25,0.6756,1,0.265,0.7162,1296,0
SPY190726C302,2019-07-25,2019-07-25 09:40:30,0.27,0.7297,2874,0.26,0.7027,118,0.25,0.6756,1,0.265,0.7162,1296,0
SPY190726C302,2019-07-25,2019-07-25 09:40:32,0.27,0.7297,1880,0.26,0.7027,478,0.25,0.6756,1,0.265,0.7162,1296,0
SPY190726C302,2019-07-25,2019-07-25 09:40:32,0.27,0.7297,2085,0.26,0.7027,128,0.25,0.6756,1,0.265,0.7162,1296,0
SPY190726C302,2019-07-25,2019-07-25 09:40:33,0.27,0.7297,1771,0.26,0.7027,478,0.25,0.6756,1,0.265,0.7162,1296,0
SPY190726C302,2019-07-25,2019-07-25 09:40:34,0.27,0.7297,179,0.26,0.7027,1347,0.27,0.7297,1,0.265,0.7162,1297,1
SPY190726C302,2019-07-25,2019-07-25 09:40:34,0.27,0.7297,334,0.26,0.7027,478,0.25,0.6756,1,0.265,0.7162,1296,0
SPY190726C302,2019-07-25,2019-07-25 09:40:35,0.27,0.7297,219,0.26,0.7027,1362,0.27,0.7297,5,0.265,0.7162,1302,5
SPY190726C302,2019-07-25,2019-07-25 09:40:35,0.27,0.7297,179,0.26,0.7027,1347,0.27,0.7297,1,0.265,0.7162,1297,0
SPY190726C302,2019-07-25,2019-07-25 09:40:36,0.27,0.7297,219,0.26,0.7027,1368,0.27,0.7297,5,0.265,0.7162,1302,0
SPY190726C302,2019-07-25,2019-07-25 09:40:37,0.27,0.7297,225,0.26,0.7027,1368,0.27,0.7297,2,0.265,0.7162,1305,3
SPY190726C302,2019-07-25,2019-07-25 09:40:37,0.27,0.7297,227,0.26,0.7027,1368,0.27,0.7297,5,0.265,0.7162,1302,0
SPY190726C302,2019-07-25,2019-07-25 09:40:38,0.27,0.7297,225,0.26,0.7027,1383,0.27,0.7297,2,0.265,0.7162,1305,0
SPY190726C302,2019-07-25,2019-07-25 09:40:39,0.27,0.7297,224,0.26,0.7027,1383,0.27,0.7297,2,0.265,0.7162,1305,0
SPY190726C302,2019-07-25,2019-07-25 09:40:40,0.27,0.7297,224,0.26,0.7027,1311,0.27,0.7297,2,0.265,0.7162,1305,0
SPY190726C302,2019-07-25,2019-07-25 09:40:41,0.27,0.7297,90,0.26,0.7027,1383,0.27,0.7297,2,0.265,0.7162,1305,0
SPY190726C302,2019-07-25,2019-07-25 09:40:41,0.28,0.7567,996,0.26,0.7027,641,0.27,0.7297,2,0.27,0.7297,1305,0
SPY190726C302,2019-07-25,2019-07-25 09:40:42,0.28,0.7567,752,0.27,0.7297,307,0.27,0.7297,2,0.275,0.7432,1305,0
SPY190726C302,2019-07-25,2019-07-25 09:40:43,0.28,0.7567,423,0.27,0.7297,427,0.27,0.7297,2,0.275,0.7432,1305,0
SPY190726C302,2019-07-25,2019-07-25 09:40:43,0.28,0.7567,1015,0.27,0.7297,307,0.27,0.7297,2,0.275,0.7432,1305,0
SPY190726C302,2019-07-25,2019-07-25 09:40:44,0.28,0.7567,428,0.27,0.7297,408,0.27,0.7297,2,0.275,0.7432,1305,0
SPY190726C302,2019-07-25,2019-07-25 09:40:45,0.28,0.7567,1149,0.27,0.7297,527,0.27,0.7297,2,0.275,0.7432,1305,0
SPY190726C302,2019-07-25,2019-07-25 09:40:46,0.28,0.7567,1062,0.27,0.7297,368,0.27,0.7297,2,0.275,0.7432,1305,0
SPY190726C302,2019-07-25,2019-07-25 09:40:46,0.28,0.7567,1062,0.27,0.7297,395,0.27,0.7297,2,0.275,0.7432,1305,0
SPY190726C302,2019-07-25,2019-07-25 09:40:47,0.28,0.7567,1015,0.27,0.7297,395,0.27,0.7297,2,0.275,0.7432,1305,0
SPY190726C302,2019-07-25,2019-07-25 09:40:48,0.28,0.7567,27,0.27,0.7297,236,0.27,0.7297,2,0.275,0.7432,1305,0
SPY190726C302,2019-07-25,2019-07-25 09:40:48,0.28,0.7567,1400,0.27,0.7297,46,0.27,0.7297,2,0.275,0.7432,1305,0
SPY190726C302,2019-07-25,2019-07-25 09:40:49,0.28,0.7567,543,0.27,0.7297,583,0.27,0.7297,2,0.275,0.7432,1305,0
SPY190726C302,2019-07-25,2019-07-25 09:40:50,0.28,0.7567,1412,0.27,0.7297,52,0.27,0.7297,2,0.275,0.7432,1305,0
SPY190726C302,2019-07-25,2019-07-25 09:40:50,0.28,0.7567,877,0.27,0.7297,52,0.27,0.7297,2,0.275,0.7432,1305,0
SPY190726C302,2019-07-25,2019-07-25 09:40:51,0.28,0.7567,5,0.27,0.7297,475,0.27,0.7297,2,0.275,0.7432,1305,0
SPY190726C302,2019-07-25,2019-07-25 09:40:52,0.29,0.7837,1613,0.28,0.7567,6,0.27,0.7297,2,0.285,0.7702,1305,0
SPY190726C302,2019-07-25,2019-07-25 09:40:52,0.29,0.7837,1295,0.28,0.7567,57,0.27,0.7297,2,0.285,0.7702,1305,0
SPY190726C302,2019-07-25,2019-07-25 09:40:53,0.29,0.7837,2047,0.28,0.7567,5,0.27,0.7297,2,0.285,0.7702,1305,0
SPY190726C302,2019-07-25,2019-07-25 09:40:54,0.29,0.7837,2047,0.28,0.7567,5,0.27,0.7297,2,0.285,0.7702,1305,0
SPY190726C302,2019-07-25,2019-07-25 09:40:55,0.29,0.7837,416,0.28,0.7567,295,0.27,0.7297,2,0.285,0.7702,1305,0
SPY190726C302,2019-07-25,2019-07-25 09:40:56,0.29,0.7837,219,0.28,0.7567,583,0.27,0.7297,2,0.285,0.7702,1305,0
SPY190726C302,2019-07-25,2019-07-25 09:40:58,0.29,0.7837,257,0.28,0.7567,16,0.27,0.7297,2,0.285,0.7702,1305,0
SPY190726C302,2019-07-25,2019-07-25 09:40:59,0.29,0.7837,1620,0.28,0.7567,5,0.27,0.7297,2,0.285,0.7702,1305,0
SPY190726C302,2019-07-25,2019-07-25 09:41:00,0.29,0.7837,1976,0.28,0.7567,130,0.27,0.7297,2,0.285,0.7702,1305,0
SPY190726C302,2019-07-25,2019-07-25 09:41:02,0.29,0.7837,2184,0.28,0.7567,130,0.29,0.7837,2,0.285,0.7702,1307,2
SPY190726C302,2019-07-25,2019-07-25 09:41:03,0.29,0.7837,1791,0.28,0.7567,130,0.29,0.7837,2,0.285,0.7702,1307,0
SPY190726C302,2019-07-25,2019-07-25 09:41:04,0.29,0.7837,1268,0.28,0.7567,130,0.29,0.7837,2,0.285,0.7702,1307,0
SPY190726C302,2019-07-25,2019-07-25 09:41:06,0.29,0.7837,1970,0.28,0.7567,21,0.29,0.7837,2,0.285,0.7702,1307,0
SPY190726C302,2019-07-25,2019-07-25 09:41:08,0.28,0.7567,1741,0.27,0.7297,96,0.29,0.7837,2,0.275,0.7432,1307,0
SPY190726C302,2019-07-25,2019-07-25 09:41:10,0.28,0.7567,1290,0.27,0.7297,46,0.29,0.7837,2,0.275,0.7432,1307,0
SPY190726C302,2019-07-25,2019-07-25 09:41:11,0.28,0.7567,1957,0.27,0.7297,173,0.29,0.7837,2,0.275,0.7432,1307,0
SPY190726C302,2019-07-25,2019-07-25 09:41:12,0.28,0.7567,2023,0.27,0.7297,173,0.29,0.7837,2,0.275,0.7432,1307,0
SPY190726C302,2019-07-25,2019-07-25 09:41:12,0.28,0.7567,2580,0.27,0.7297,173,0.27,0.7297,2,0.275,0.7432,1309,2
SPY190726C302,2019-07-25,2019-07-25 09:41:13,0.28,0.7567,2307,0.27,0.7297,279,0.27,0.7297,2,0.275,0.7432,1309,0
SPY190726C302,2019-07-25,2019-07-25 09:41:13,0.28,0.7567,2443,0.27,0.7297,46,0.27,0.7297,2,0.275,0.7432,1309,0
SPY190726C302,2019-07-25,2019-07-25 09:41:14,0.28,0.7567,2752,0.27,0.7297,279,0.27,0.7297,2,0.275,0.7432,1309,0
SPY190726C302,2019-07-25,2019-07-25 09:41:15,0.28,0.7567,1704,0.27,0.7297,182,0.27,0.7297,2,0.275,0.7432,1309,0
SPY190726C302,2019-07-25,2019-07-25 09:41:16,0.28,0.7567,1976,0.27,0.7297,742,0.27,0.7297,2,0.275,0.7432,1309,0
SPY190726C302,2019-07-25,2019-07-25 09:41:17,0.28,0.7567,2453,0.27,0.7297,259,0.27,0.7297,2,0.275,0.7432,1309,0
SPY190726C302,2019-07-25,2019-07-25 09:41:18,0.28,0.7567,2359,0.27,0.7297,279,0.27,0.7297,2,0.275,0.7432,1309,0
SPY190726C302,2019-07-25,2019-07-25 09:41:19,0.28,0.7567,3637,0.27,0.7297,45,0.28,0.7567,1,0.275,0.7432,1311,1
SPY190726C302,2019-07-25,2019-07-25 09:41:19,0.28,0.7567,2854,0.27,0.7297,45,0.27,0.7297,1,0.275,0.7432,1310,1
SPY190726C302,2019-07-25,2019-07-25 09:41:20,0.27,0.7297,1443,0.26,0.7027,295,0.27,0.7297,1,0.265,0.7162,1361,50
SPY190726C302,2019-07-25,2019-07-25 09:41:21,0.26,0.7027,1620,0.25,0.6756,313,0.26,0.7027,1,0.255,0.6891,1362,0
SPY190726C302,2019-07-25,2019-07-25 09:41:21,0.26,0.7027,623,0.25,0.6756,314,0.26,0.7027,1,0.255,0.6891,1362,1
SPY190726C302,2019-07-25,2019-07-25 09:41:22,0.26,0.7027,2008,0.25,0.6756,183,0.26,0.7027,20,0.255,0.6891,1382,20
SPY190726C302,2019-07-25,2019-07-25 09:41:23,0.26,0.7027,2761,0.25,0.6756,91,0.26,0.7027,20,0.255,0.6891,1382,0
SPY190726C302,2019-07-25,2019-07-25 09:41:23,0.26,0.7027,2217,0.25,0.6756,303,0.26,0.7027,20,0.255,0.6891,1382,0
SPY190726C302,2019-07-25,2019-07-25 09:41:24,0.26,0.7027,1523,0.25,0.6756,493,0.26,0.7027,20,0.255,0.6891,1382,0
SPY190726C302,2019-07-25,2019-07-25 09:41:24,0.26,0.7027,2195,0.25,0.6756,303,0.26,0.7027,20,0.255,0.6891,1382,0
SPY190726C302,2019-07-25,2019-07-25 09:41:26,0.26,0.7027,379,0.25,0.6756,1089,0.26,0.7027,20,0.255,0.6891,1382,0
SPY190726C302,2019-07-25,2019-07-25 09:41:27,0.27,0.7297,1802,0.26,0.7027,300,0.26,0.7027,20,0.265,0.7162,1382,0
SPY190726C302,2019-07-25,2019-07-25 09:41:27,0.27,0.7297,2315,0.26,0.7027,300,0.26,0.7027,20,0.265,0.7162,1382,0
SPY190726C302,2019-07-25,2019-07-25 09:41:28,0.27,0.7297,2295,0.26,0.7027,300,0.26,0.7027,20,0.265,0.7162,1382,0
SPY190726C302,2019-07-25,2019-07-25 09:41:29,0.26,0.7027,5,0.25,0.6756,866,0.26,0.7027,20,0.255,0.6891,1382,0
SPY190726C302,2019-07-25,2019-07-25 09:41:30,0.26,0.7027,40,0.25,0.6756,922,0.26,0.7027,20,0.255,0.6891,1382,0
SPY190726C302,2019-07-25,2019-07-25 09:41:30,0.26,0.7027,6,0.25,0.6756,1832,0.26,0.7027,20,0.255,0.6891,1382,0
SPY190726C302,2019-07-25,2019-07-25 09:41:31,0.26,0.7027,80,0.25,0.6756,1591,0.26,0.7027,20,0.255,0.6891,1382,0
SPY190726C302,2019-07-25,2019-07-25 09:41:32,0.26,0.7027,34,0.25,0.6756,1992,0.26,0.7027,20,0.255,0.6891,1382,0
SPY190726C302,2019-07-25,2019-07-25 09:41:32,0.26,0.7027,342,0.25,0.6756,1559,0.26,0.7027,20,0.255,0.6891,1382,0
SPY190726C302,2019-07-25,2019-07-25 09:41:33,0.26,0.7027,28,0.25,0.6756,1964,0.26,0.7027,20,0.255,0.6891,1382,0
SPY190726C302,2019-07-25,2019-07-25 09:41:33,0.26,0.7027,34,0.25,0.6756,1743,0.26,0.7027,20,0.255,0.6891,1382,0
SPY190726C302,2019-07-25,2019-07-25 09:41:34,0.27,0.7297,1961,0.25,0.6756,1964,0.25,0.6756,10,0.26,0.7027,1398,16
SPY190726C302,2019-07-25,2019-07-25 09:41:35,0.27,0.7297,2481,0.25,0.6756,1964,0.25,0.6756,10,0.26,0.7027,1398,0
SPY190726C302,2019-07-25,2019-07-25 09:41:35,0.27,0.7297,2684,0.25,0.6756,1964,0.25,0.6756,10,0.26,0.7027,1398,0
SPY190726C302,2019-07-25,2019-07-25 09:41:36,0.26,0.7027,244,0.25,0.6756,1089,0.25,0.6756,10,0.255,0.6891,1398,0
SPY190726C302,2019-07-25,2019-07-25 09:41:36,0.27,0.7297,1970,0.25,0.6756,1964,0.25,0.6756,10,0.26,0.7027,1398,0
SPY190726C302,2019-07-25,2019-07-25 09:41:37,0.26,0.7027,244,0.25,0.6756,1221,0.25,0.6756,10,0.255,0.6891,1398,0
SPY190726C302,2019-07-25,2019-07-25 09:41:38,0.26,0.7027,425,0.25,0.6756,935,0.25,0.6756,10,0.255,0.6891,1398,0
SPY190726C302,2019-07-25,2019-07-25 09:41:38,0.26,0.7027,1284,0.25,0.6756,1576,0.25,0.6756,10,0.255,0.6891,1398,0
