symbol,Date,quote_time,ask_price,norm_ask_price,ask_size,bid_price,norm_bid_price,bid_size,last_trade_price,norm_last_trade_price,last_trade_size,mark_price,norm_mark_price,volume,Volume
IWM190927P152,2019-09-25,2019-09-25 09:33:38,0.85,1.0,418,0.82,0.9647,191,0.97,1.1411,2,0.835,0.9823,4,4
IWM190927P152,2019-09-25,2019-09-25 09:33:39,0.85,1.0,418,0.82,0.9647,182,0.97,1.1411,2,0.835,0.9823,4,0
IWM190927P152,2019-09-25,2019-09-25 09:33:39,0.86,1.0117,586,0.83,0.9764,51,0.97,1.1411,2,0.845,0.9941,4,0
IWM190927P152,2019-09-25,2019-09-25 09:33:40,0.85,1.0,24,0.83,0.9764,22,0.97,1.1411,2,0.84,0.9882,4,0
IWM190927P152,2019-09-25,2019-09-25 09:33:40,0.86,1.0117,208,0.83,0.9764,120,0.97,1.1411,2,0.845,0.9941,4,0
IWM190927P152,2019-09-25,2019-09-25 09:33:41,0.85,1.0,199,0.82,0.9647,211,0.97,1.1411,2,0.835,0.9823,4,0
IWM190927P152,2019-09-25,2019-09-25 09:33:41,0.85,1.0,199,0.82,0.9647,179,0.97,1.1411,2,0.835,0.9823,4,0
IWM190927P152,2019-09-25,2019-09-25 09:33:42,0.85,1.0,597,0.82,0.9647,276,0.97,1.1411,2,0.835,0.9823,4,0
IWM190927P152,2019-09-25,2019-09-25 09:33:42,0.84,0.9882,10,0.82,0.9647,276,0.97,1.1411,2,0.83,0.9764,4,0
IWM190927P152,2019-09-25,2019-09-25 09:33:43,0.85,1.0,404,0.82,0.9647,225,0.97,1.1411,2,0.835,0.9823,4,0
IWM190927P152,2019-09-25,2019-09-25 09:33:43,0.85,1.0,291,0.82,0.9647,105,0.97,1.1411,2,0.835,0.9823,4,0
IWM190927P152,2019-09-25,2019-09-25 09:33:44,0.85,1.0,255,0.83,0.9764,19,0.97,1.1411,2,0.84,0.9882,4,0
IWM190927P152,2019-09-25,2019-09-25 09:33:45,0.85,1.0,255,0.82,0.9647,191,0.97,1.1411,2,0.835,0.9823,4,0
IWM190927P152,2019-09-25,2019-09-25 09:33:46,0.84,0.9882,371,0.81,0.9529,64,0.97,1.1411,2,0.825,0.9705,4,0
IWM190927P152,2019-09-25,2019-09-25 09:33:46,0.84,0.9882,403,0.81,0.9529,167,0.97,1.1411,2,0.825,0.9705,4,0
IWM190927P152,2019-09-25,2019-09-25 09:33:47,0.84,0.9882,483,0.81,0.9529,175,0.97,1.1411,2,0.825,0.9705,4,0
IWM190927P152,2019-09-25,2019-09-25 09:33:47,0.84,0.9882,455,0.81,0.9529,153,0.97,1.1411,2,0.825,0.9705,4,0
IWM190927P152,2019-09-25,2019-09-25 09:33:48,0.83,0.9764,396,0.81,0.9529,42,0.97,1.1411,2,0.82,0.9647,4,0
IWM190927P152,2019-09-25,2019-09-25 09:33:48,0.83,0.9764,20,0.81,0.9529,78,0.97,1.1411,2,0.82,0.9647,4,0
IWM190927P152,2019-09-25,2019-09-25 09:33:49,0.84,0.9882,446,0.81,0.9529,77,0.97,1.1411,2,0.825,0.9705,4,0
IWM190927P152,2019-09-25,2019-09-25 09:33:49,0.84,0.9882,386,0.81,0.9529,77,0.97,1.1411,2,0.825,0.9705,4,0
IWM190927P152,2019-09-25,2019-09-25 09:33:50,0.84,0.9882,291,0.82,0.9647,4,0.97,1.1411,2,0.83,0.9764,4,0
IWM190927P152,2019-09-25,2019-09-25 09:33:50,0.85,1.0,329,0.81,0.9529,56,0.97,1.1411,2,0.83,0.9764,4,0
IWM190927P152,2019-09-25,2019-09-25 09:33:51,0.84,0.9882,291,0.82,0.9647,11,0.97,1.1411,2,0.83,0.9764,4,0
IWM190927P152,2019-09-25,2019-09-25 09:33:51,0.84,0.9882,165,0.82,0.9647,26,0.97,1.1411,2,0.83,0.9764,4,0
IWM190927P152,2019-09-25,2019-09-25 09:33:52,0.84,0.9882,145,0.82,0.9647,48,0.97,1.1411,2,0.83,0.9764,4,0
IWM190927P152,2019-09-25,2019-09-25 09:33:52,0.84,0.9882,145,0.82,0.9647,33,0.97,1.1411,2,0.83,0.9764,4,0
IWM190927P152,2019-09-25,2019-09-25 09:33:53,0.84,0.9882,165,0.82,0.9647,48,0.97,1.1411,2,0.83,0.9764,4,0
IWM190927P152,2019-09-25,2019-09-25 09:33:54,0.84,0.9882,344,0.81,0.9529,111,0.97,1.1411,2,0.825,0.9705,4,0
IWM190927P152,2019-09-25,2019-09-25 09:33:54,0.84,0.9882,195,0.81,0.9529,87,0.97,1.1411,2,0.825,0.9705,4,0
IWM190927P152,2019-09-25,2019-09-25 09:33:55,0.84,0.9882,291,0.81,0.9529,242,0.97,1.1411,2,0.825,0.9705,4,0
IWM190927P152,2019-09-25,2019-09-25 09:33:55,0.84,0.9882,291,0.81,0.9529,245,0.97,1.1411,2,0.825,0.9705,4,0
IWM190927P152,2019-09-25,2019-09-25 09:33:56,0.83,0.9764,560,0.8,0.9411,105,0.97,1.1411,2,0.815,0.9588,4,0
IWM190927P152,2019-09-25,2019-09-25 09:33:56,0.84,0.9882,371,0.81,0.9529,111,0.97,1.1411,2,0.825,0.9705,4,0
IWM190927P152,2019-09-25,2019-09-25 09:33:57,0.83,0.9764,168,0.8,0.9411,39,0.97,1.1411,2,0.815,0.9588,4,0
IWM190927P152,2019-09-25,2019-09-25 09:33:57,0.82,0.9647,20,0.8,0.9411,45,0.97,1.1411,2,0.81,0.9529,4,0
IWM190927P152,2019-09-25,2019-09-25 09:33:58,0.82,0.9647,20,0.8,0.9411,28,0.97,1.1411,2,0.81,0.9529,4,0
IWM190927P152,2019-09-25,2019-09-25 09:33:58,0.83,0.9764,505,0.8,0.9411,92,0.97,1.1411,2,0.815,0.9588,4,0
IWM190927P152,2019-09-25,2019-09-25 09:33:59,0.81,0.9529,20,0.79,0.9294,47,0.97,1.1411,2,0.8,0.9411,4,0
IWM190927P152,2019-09-25,2019-09-25 09:33:59,0.82,0.9647,307,0.79,0.9294,85,0.97,1.1411,2,0.805,0.947,4,0
IWM190927P152,2019-09-25,2019-09-25 09:34:00,0.81,0.9529,20,0.79,0.9294,27,0.97,1.1411,2,0.8,0.9411,4,0
IWM190927P152,2019-09-25,2019-09-25 09:34:00,0.79,0.9294,20,0.77,0.9058,38,0.97,1.1411,2,0.78,0.9176,4,0
IWM190927P152,2019-09-25,2019-09-25 09:34:01,0.79,0.9294,509,0.76,0.8941,85,0.97,1.1411,2,0.775,0.9117,4,0
IWM190927P152,2019-09-25,2019-09-25 09:34:01,0.79,0.9294,384,0.77,0.9058,8,0.97,1.1411,2,0.78,0.9176,4,0
IWM190927P152,2019-09-25,2019-09-25 09:34:02,0.78,0.9176,23,0.76,0.8941,20,0.97,1.1411,2,0.77,0.9058,4,0
IWM190927P152,2019-09-25,2019-09-25 09:34:02,0.79,0.9294,366,0.76,0.8941,83,0.97,1.1411,2,0.775,0.9117,4,0
IWM190927P152,2019-09-25,2019-09-25 09:34:03,0.78,0.9176,36,0.76,0.8941,49,0.97,1.1411,2,0.77,0.9058,4,0
IWM190927P152,2019-09-25,2019-09-25 09:34:03,0.78,0.9176,33,0.76,0.8941,22,0.97,1.1411,2,0.77,0.9058,4,0
IWM190927P152,2019-09-25,2019-09-25 09:34:04,0.78,0.9176,20,0.76,0.8941,36,0.97,1.1411,2,0.77,0.9058,4,0
IWM190927P152,2019-09-25,2019-09-25 09:34:05,0.79,0.9294,207,0.76,0.8941,100,0.97,1.1411,2,0.775,0.9117,4,0
IWM190927P152,2019-09-25,2019-09-25 09:34:05,0.79,0.9294,550,0.76,0.8941,56,0.97,1.1411,2,0.775,0.9117,4,0
IWM190927P152,2019-09-25,2019-09-25 09:34:06,0.8,0.9411,524,0.77,0.9058,85,0.97,1.1411,2,0.785,0.9235,4,0
IWM190927P152,2019-09-25,2019-09-25 09:34:06,0.79,0.9294,393,0.76,0.8941,85,0.97,1.1411,2,0.775,0.9117,4,0
IWM190927P152,2019-09-25,2019-09-25 09:34:07,0.79,0.9294,438,0.76,0.8941,195,0.97,1.1411,2,0.775,0.9117,4,0
IWM190927P152,2019-09-25,2019-09-25 09:34:07,0.79,0.9294,462,0.76,0.8941,216,0.97,1.1411,2,0.775,0.9117,4,0
IWM190927P152,2019-09-25,2019-09-25 09:34:08,0.78,0.9176,30,0.76,0.8941,34,0.97,1.1411,2,0.77,0.9058,4,0
IWM190927P152,2019-09-25,2019-09-25 09:34:08,0.79,0.9294,352,0.76,0.8941,195,0.97,1.1411,2,0.775,0.9117,4,0
IWM190927P152,2019-09-25,2019-09-25 09:34:09,0.79,0.9294,419,0.76,0.8941,37,0.97,1.1411,2,0.775,0.9117,4,0
IWM190927P152,2019-09-25,2019-09-25 09:34:10,0.79,0.9294,541,0.76,0.8941,81,0.97,1.1411,2,0.775,0.9117,4,0
IWM190927P152,2019-09-25,2019-09-25 09:34:10,0.79,0.9294,508,0.76,0.8941,128,0.97,1.1411,2,0.775,0.9117,4,0
IWM190927P152,2019-09-25,2019-09-25 09:34:11,0.77,0.9058,10,0.75,0.8823,37,0.97,1.1411,2,0.76,0.8941,4,0
IWM190927P152,2019-09-25,2019-09-25 09:34:11,0.78,0.9176,86,0.76,0.8941,31,0.97,1.1411,2,0.77,0.9058,4,0
IWM190927P152,2019-09-25,2019-09-25 09:34:12,0.78,0.9176,507,0.75,0.8823,132,0.97,1.1411,2,0.765,0.9,4,0
IWM190927P152,2019-09-25,2019-09-25 09:34:12,0.78,0.9176,441,0.75,0.8823,55,0.97,1.1411,2,0.765,0.9,4,0
IWM190927P152,2019-09-25,2019-09-25 09:34:13,0.77,0.9058,359,0.75,0.8823,50,0.97,1.1411,2,0.76,0.8941,4,0
IWM190927P152,2019-09-25,2019-09-25 09:34:13,0.77,0.9058,265,0.75,0.8823,16,0.97,1.1411,2,0.76,0.8941,4,0
IWM190927P152,2019-09-25,2019-09-25 09:34:14,0.77,0.9058,519,0.74,0.8705,87,0.97,1.1411,2,0.755,0.8882,4,0
IWM190927P152,2019-09-25,2019-09-25 09:34:14,0.77,0.9058,325,0.75,0.8823,18,0.97,1.1411,2,0.76,0.8941,4,0
IWM190927P152,2019-09-25,2019-09-25 09:34:15,0.77,0.9058,532,0.74,0.8705,85,0.97,1.1411,2,0.755,0.8882,4,0
IWM190927P152,2019-09-25,2019-09-25 09:34:15,0.77,0.9058,532,0.74,0.8705,87,0.97,1.1411,2,0.755,0.8882,4,0
IWM190927P152,2019-09-25,2019-09-25 09:34:16,0.77,0.9058,422,0.76,0.8941,31,0.97,1.1411,2,0.765,0.9,4,0
IWM190927P152,2019-09-25,2019-09-25 09:34:16,0.77,0.9058,422,0.74,0.8705,111,0.97,1.1411,2,0.755,0.8882,4,0
IWM190927P152,2019-09-25,2019-09-25 09:34:17,0.78,0.9176,34,0.76,0.8941,83,0.97,1.1411,2,0.77,0.9058,4,0
IWM190927P152,2019-09-25,2019-09-25 09:34:17,0.79,0.9294,260,0.76,0.8941,147,0.97,1.1411,2,0.775,0.9117,4,0
IWM190927P152,2019-09-25,2019-09-25 09:34:18,0.78,0.9176,94,0.76,0.8941,79,0.97,1.1411,2,0.77,0.9058,4,0
IWM190927P152,2019-09-25,2019-09-25 09:34:18,0.78,0.9176,20,0.76,0.8941,83,0.97,1.1411,2,0.77,0.9058,4,0
IWM190927P152,2019-09-25,2019-09-25 09:34:19,0.78,0.9176,94,0.76,0.8941,106,0.97,1.1411,2,0.77,0.9058,4,0
IWM190927P152,2019-09-25,2019-09-25 09:34:19,0.78,0.9176,20,0.77,0.9058,1,0.97,1.1411,2,0.775,0.9117,4,0
IWM190927P152,2019-09-25,2019-09-25 09:34:20,0.79,0.9294,521,0.76,0.8941,204,0.77,0.9058,5,0.775,0.9117,9,0
IWM190927P152,2019-09-25,2019-09-25 09:34:20,0.78,0.9176,16,0.76,0.8941,88,0.77,0.9058,5,0.77,0.9058,9,5
IWM190927P152,2019-09-25,2019-09-25 09:34:21,0.78,0.9176,54,0.76,0.8941,72,0.77,0.9058,5,0.77,0.9058,9,0
IWM190927P152,2019-09-25,2019-09-25 09:34:21,0.78,0.9176,190,0.76,0.8941,82,0.77,0.9058,5,0.77,0.9058,9,0
IWM190927P152,2019-09-25,2019-09-25 09:34:22,0.78,0.9176,451,0.75,0.8823,14,0.77,0.9058,5,0.765,0.9,9,0
IWM190927P152,2019-09-25,2019-09-25 09:34:22,0.78,0.9176,451,0.76,0.8941,72,0.77,0.9058,5,0.77,0.9058,9,0
IWM190927P152,2019-09-25,2019-09-25 09:34:23,0.77,0.9058,431,0.75,0.8823,14,0.77,0.9058,5,0.76,0.8941,9,0
IWM190927P152,2019-09-25,2019-09-25 09:34:23,0.77,0.9058,240,0.74,0.8705,57,0.77,0.9058,5,0.755,0.8882,9,0
IWM190927P152,2019-09-25,2019-09-25 09:34:24,0.76,0.8941,325,0.74,0.8705,55,0.77,0.9058,5,0.75,0.8823,9,0
IWM190927P152,2019-09-25,2019-09-25 09:34:25,0.76,0.8941,435,0.74,0.8705,50,0.77,0.9058,5,0.75,0.8823,9,0
IWM190927P152,2019-09-25,2019-09-25 09:34:25,0.76,0.8941,325,0.74,0.8705,68,0.77,0.9058,5,0.75,0.8823,9,0
IWM190927P152,2019-09-25,2019-09-25 09:34:26,0.76,0.8941,435,0.74,0.8705,33,0.77,0.9058,5,0.75,0.8823,9,0
IWM190927P152,2019-09-25,2019-09-25 09:34:26,0.76,0.8941,592,0.74,0.8705,33,0.77,0.9058,5,0.75,0.8823,9,0
IWM190927P152,2019-09-25,2019-09-25 09:34:27,0.76,0.8941,468,0.74,0.8705,30,0.77,0.9058,5,0.75,0.8823,9,0
IWM190927P152,2019-09-25,2019-09-25 09:34:27,0.76,0.8941,589,0.74,0.8705,30,0.77,0.9058,5,0.75,0.8823,9,0
IWM190927P152,2019-09-25,2019-09-25 09:34:28,0.75,0.8823,350,0.73,0.8588,72,0.77,0.9058,5,0.74,0.8705,9,0
IWM190927P152,2019-09-25,2019-09-25 09:34:29,0.75,0.8823,234,0.73,0.8588,73,0.77,0.9058,5,0.74,0.8705,9,0
IWM190927P152,2019-09-25,2019-09-25 09:34:30,0.75,0.8823,433,0.73,0.8588,39,0.77,0.9058,5,0.74,0.8705,9,0
IWM190927P152,2019-09-25,2019-09-25 09:34:30,0.75,0.8823,316,0.73,0.8588,46,0.77,0.9058,5,0.74,0.8705,9,0
IWM190927P152,2019-09-25,2019-09-25 09:34:31,0.74,0.8705,34,0.73,0.8588,23,0.77,0.9058,5,0.735,0.8647,9,0
IWM190927P152,2019-09-25,2019-09-25 09:34:31,0.73,0.8588,10,0.72,0.847,4,0.77,0.9058,5,0.725,0.8529,9,0
IWM190927P152,2019-09-25,2019-09-25 09:34:32,0.73,0.8588,25,0.71,0.8352,84,0.77,0.9058,5,0.72,0.847,9,0
IWM190927P152,2019-09-25,2019-09-25 09:34:32,0.74,0.8705,523,0.72,0.847,52,0.77,0.9058,5,0.73,0.8588,9,0
IWM190927P152,2019-09-25,2019-09-25 09:34:33,0.74,0.8705,499,0.72,0.847,30,0.77,0.9058,5,0.73,0.8588,9,0
IWM190927P152,2019-09-25,2019-09-25 09:34:34,0.74,0.8705,499,0.72,0.847,30,0.77,0.9058,5,0.73,0.8588,9,0
IWM190927P152,2019-09-25,2019-09-25 09:34:34,0.74,0.8705,534,0.72,0.847,30,0.77,0.9058,5,0.73,0.8588,9,0
IWM190927P152,2019-09-25,2019-09-25 09:34:35,0.74,0.8705,500,0.72,0.847,44,0.77,0.9058,5,0.73,0.8588,9,0
IWM190927P152,2019-09-25,2019-09-25 09:34:35,0.74,0.8705,500,0.72,0.847,33,0.77,0.9058,5,0.73,0.8588,9,0
IWM190927P152,2019-09-25,2019-09-25 09:34:36,0.74,0.8705,394,0.72,0.847,27,0.77,0.9058,5,0.73,0.8588,9,0
IWM190927P152,2019-09-25,2019-09-25 09:34:36,0.74,0.8705,589,0.72,0.847,27,0.77,0.9058,5,0.73,0.8588,9,0
IWM190927P152,2019-09-25,2019-09-25 09:34:37,0.74,0.8705,577,0.72,0.847,147,0.77,0.9058,5,0.73,0.8588,9,0
IWM190927P152,2019-09-25,2019-09-25 09:34:37,0.74,0.8705,249,0.72,0.847,75,0.77,0.9058,5,0.73,0.8588,9,0
IWM190927P152,2019-09-25,2019-09-25 09:34:38,0.74,0.8705,503,0.72,0.847,46,0.77,0.9058,5,0.73,0.8588,9,0
IWM190927P152,2019-09-25,2019-09-25 09:34:38,0.74,0.8705,526,0.72,0.847,145,0.77,0.9058,5,0.73,0.8588,9,0
IWM190927P152,2019-09-25,2019-09-25 09:34:39,0.73,0.8588,123,0.71,0.8352,26,0.77,0.9058,5,0.72,0.847,9,0
IWM190927P152,2019-09-25,2019-09-25 09:34:39,0.73,0.8588,34,0.71,0.8352,26,0.77,0.9058,5,0.72,0.847,9,0
IWM190927P152,2019-09-25,2019-09-25 09:34:40,0.73,0.8588,124,0.71,0.8352,76,0.77,0.9058,5,0.72,0.847,9,0
IWM190927P152,2019-09-25,2019-09-25 09:34:41,0.73,0.8588,539,0.7,0.8235,119,0.77,0.9058,5,0.715,0.8411,9,0
IWM190927P152,2019-09-25,2019-09-25 09:34:41,0.73,0.8588,79,0.7,0.8235,84,0.77,0.9058,5,0.715,0.8411,9,0
IWM190927P152,2019-09-25,2019-09-25 09:34:42,0.71,0.8352,192,0.68,0.8,63,0.77,0.9058,5,0.695,0.8176,9,0
IWM190927P152,2019-09-25,2019-09-25 09:34:42,0.71,0.8352,99,0.7,0.8235,101,0.77,0.9058,5,0.705,0.8294,9,0
IWM190927P152,2019-09-25,2019-09-25 09:34:43,0.71,0.8352,272,0.68,0.8,63,0.77,0.9058,5,0.695,0.8176,9,0
IWM190927P152,2019-09-25,2019-09-25 09:34:43,0.71,0.8352,219,0.68,0.8,57,0.77,0.9058,5,0.695,0.8176,9,0
IWM190927P152,2019-09-25,2019-09-25 09:34:44,0.71,0.8352,473,0.69,0.8117,20,0.77,0.9058,5,0.7,0.8235,9,0
IWM190927P152,2019-09-25,2019-09-25 09:34:44,0.71,0.8352,473,0.68,0.8,93,0.77,0.9058,5,0.695,0.8176,9,0
IWM190927P152,2019-09-25,2019-09-25 09:34:45,0.7,0.8235,84,0.68,0.8,93,0.77,0.9058,5,0.69,0.8117,9,0
IWM190927P152,2019-09-25,2019-09-25 09:34:45,0.7,0.8235,85,0.68,0.8,93,0.77,0.9058,5,0.69,0.8117,9,0
IWM190927P152,2019-09-25,2019-09-25 09:34:46,0.7,0.8235,38,0.68,0.8,70,0.77,0.9058,5,0.69,0.8117,9,0
IWM190927P152,2019-09-25,2019-09-25 09:34:47,0.72,0.847,9,0.7,0.8235,34,0.77,0.9058,5,0.71,0.8352,9,0
IWM190927P152,2019-09-25,2019-09-25 09:34:47,0.72,0.847,9,0.69,0.8117,20,0.77,0.9058,5,0.705,0.8294,9,0
IWM190927P152,2019-09-25,2019-09-25 09:34:48,0.73,0.8588,519,0.7,0.8235,166,0.77,0.9058,5,0.715,0.8411,9,0
IWM190927P152,2019-09-25,2019-09-25 09:34:48,0.73,0.8588,365,0.7,0.8235,92,0.77,0.9058,5,0.715,0.8411,9,0
IWM190927P152,2019-09-25,2019-09-25 09:34:49,0.73,0.8588,519,0.7,0.8235,209,0.77,0.9058,5,0.715,0.8411,9,0
IWM190927P152,2019-09-25,2019-09-25 09:34:50,0.73,0.8588,92,0.71,0.8352,30,0.77,0.9058,5,0.72,0.847,9,0
IWM190927P152,2019-09-25,2019-09-25 09:34:50,0.73,0.8588,281,0.71,0.8352,30,0.77,0.9058,5,0.72,0.847,9,0
IWM190927P152,2019-09-25,2019-09-25 09:34:51,0.73,0.8588,133,0.71,0.8352,20,0.77,0.9058,5,0.72,0.847,9,0
IWM190927P152,2019-09-25,2019-09-25 09:34:51,0.73,0.8588,706,0.7,0.8235,41,0.77,0.9058,5,0.715,0.8411,9,0
IWM190927P152,2019-09-25,2019-09-25 09:34:52,0.72,0.847,190,0.7,0.8235,132,0.77,0.9058,5,0.71,0.8352,9,0
IWM190927P152,2019-09-25,2019-09-25 09:34:52,0.72,0.847,118,0.7,0.8235,108,0.77,0.9058,5,0.71,0.8352,9,0
IWM190927P152,2019-09-25,2019-09-25 09:34:53,0.72,0.847,177,0.7,0.8235,134,0.77,0.9058,5,0.71,0.8352,9,0
IWM190927P152,2019-09-25,2019-09-25 09:34:53,0.72,0.847,46,0.7,0.8235,113,0.77,0.9058,5,0.71,0.8352,9,0
IWM190927P152,2019-09-25,2019-09-25 09:34:54,0.72,0.847,46,0.7,0.8235,290,0.77,0.9058,5,0.71,0.8352,9,0
IWM190927P152,2019-09-25,2019-09-25 09:34:54,0.73,0.8588,133,0.7,0.8235,47,0.77,0.9058,5,0.715,0.8411,9,0
IWM190927P152,2019-09-25,2019-09-25 09:34:55,0.73,0.8588,284,0.7,0.8235,114,0.77,0.9058,5,0.715,0.8411,9,0
IWM190927P152,2019-09-25,2019-09-25 09:34:55,0.73,0.8588,304,0.7,0.8235,47,0.77,0.9058,5,0.715,0.8411,9,0
IWM190927P152,2019-09-25,2019-09-25 09:34:56,0.73,0.8588,151,0.71,0.8352,63,0.77,0.9058,5,0.72,0.847,9,0
IWM190927P152,2019-09-25,2019-09-25 09:34:56,0.73,0.8588,320,0.7,0.8235,109,0.77,0.9058,5,0.715,0.8411,9,0
IWM190927P152,2019-09-25,2019-09-25 09:34:57,0.73,0.8588,151,0.71,0.8352,83,0.77,0.9058,5,0.72,0.847,9,0
IWM190927P152,2019-09-25,2019-09-25 09:34:57,0.73,0.8588,168,0.71,0.8352,83,0.77,0.9058,5,0.72,0.847,9,0
IWM190927P152,2019-09-25,2019-09-25 09:34:58,0.73,0.8588,133,0.71,0.8352,63,0.77,0.9058,5,0.72,0.847,9,0
IWM190927P152,2019-09-25,2019-09-25 09:34:58,0.73,0.8588,120,0.71,0.8352,83,0.77,0.9058,5,0.72,0.847,9,0
IWM190927P152,2019-09-25,2019-09-25 09:34:59,0.73,0.8588,132,0.71,0.8352,50,0.77,0.9058,5,0.72,0.847,9,0
IWM190927P152,2019-09-25,2019-09-25 09:34:59,0.73,0.8588,266,0.71,0.8352,57,0.77,0.9058,5,0.72,0.847,9,0
IWM190927P152,2019-09-25,2019-09-25 09:35:00,0.71,0.8352,110,0.68,0.8,32,0.77,0.9058,5,0.695,0.8176,9,0
IWM190927P152,2019-09-25,2019-09-25 09:35:00,0.71,0.8352,60,0.69,0.8117,20,0.77,0.9058,5,0.7,0.8235,9,0
IWM190927P152,2019-09-25,2019-09-25 09:35:01,0.7,0.8235,92,0.68,0.8,77,0.77,0.9058,5,0.69,0.8117,9,0
IWM190927P152,2019-09-25,2019-09-25 09:35:01,0.7,0.8235,128,0.68,0.8,77,0.77,0.9058,5,0.69,0.8117,9,0
IWM190927P152,2019-09-25,2019-09-25 09:35:02,0.7,0.8235,147,0.68,0.8,77,0.77,0.9058,5,0.69,0.8117,9,0
IWM190927P152,2019-09-25,2019-09-25 09:35:02,0.71,0.8352,98,0.68,0.8,137,0.77,0.9058,5,0.695,0.8176,9,0
IWM190927P152,2019-09-25,2019-09-25 09:35:03,0.71,0.8352,98,0.68,0.8,195,0.77,0.9058,5,0.695,0.8176,9,0
IWM190927P152,2019-09-25,2019-09-25 09:35:03,0.7,0.8235,20,0.68,0.8,57,0.77,0.9058,5,0.69,0.8117,9,0
IWM190927P152,2019-09-25,2019-09-25 09:35:04,0.7,0.8235,20,0.68,0.8,30,0.77,0.9058,5,0.69,0.8117,9,0
IWM190927P152,2019-09-25,2019-09-25 09:35:04,0.7,0.8235,20,0.69,0.8117,20,0.77,0.9058,5,0.695,0.8176,9,0
IWM190927P152,2019-09-25,2019-09-25 09:35:05,0.71,0.8352,345,0.68,0.8,118,0.77,0.9058,5,0.695,0.8176,9,0
IWM190927P152,2019-09-25,2019-09-25 09:35:06,0.71,0.8352,478,0.68,0.8,147,0.77,0.9058,5,0.695,0.8176,9,0
IWM190927P152,2019-09-25,2019-09-25 09:35:06,0.71,0.8352,345,0.68,0.8,101,0.77,0.9058,5,0.695,0.8176,9,0
IWM190927P152,2019-09-25,2019-09-25 09:35:07,0.71,0.8352,478,0.68,0.8,243,0.77,0.9058,5,0.695,0.8176,9,0
IWM190927P152,2019-09-25,2019-09-25 09:35:07,0.71,0.8352,478,0.68,0.8,276,0.77,0.9058,5,0.695,0.8176,9,0
IWM190927P152,2019-09-25,2019-09-25 09:35:08,0.7,0.8235,93,0.68,0.8,263,0.77,0.9058,5,0.69,0.8117,9,0
IWM190927P152,2019-09-25,2019-09-25 09:35:08,0.71,0.8352,41,0.69,0.8117,97,0.77,0.9058,5,0.7,0.8235,9,0
IWM190927P152,2019-09-25,2019-09-25 09:35:09,0.72,0.847,93,0.7,0.8235,61,0.77,0.9058,5,0.71,0.8352,9,0
IWM190927P152,2019-09-25,2019-09-25 09:35:09,0.71,0.8352,41,0.69,0.8117,110,0.77,0.9058,5,0.7,0.8235,9,0
IWM190927P152,2019-09-25,2019-09-25 09:35:10,0.71,0.8352,34,0.69,0.8117,20,0.77,0.9058,5,0.7,0.8235,9,0
IWM190927P152,2019-09-25,2019-09-25 09:35:10,0.71,0.8352,161,0.69,0.8117,86,0.77,0.9058,5,0.7,0.8235,9,0
IWM190927P152,2019-09-25,2019-09-25 09:35:11,0.71,0.8352,270,0.69,0.8117,10,0.77,0.9058,5,0.7,0.8235,9,0
IWM190927P152,2019-09-25,2019-09-25 09:35:11,0.71,0.8352,80,0.69,0.8117,115,0.77,0.9058,5,0.7,0.8235,9,0
IWM190927P152,2019-09-25,2019-09-25 09:35:12,0.7,0.8235,122,0.68,0.8,21,0.77,0.9058,5,0.69,0.8117,9,0
IWM190927P152,2019-09-25,2019-09-25 09:35:12,0.7,0.8235,58,0.68,0.8,79,0.77,0.9058,5,0.69,0.8117,9,0
IWM190927P152,2019-09-25,2019-09-25 09:35:13,0.7,0.8235,84,0.68,0.8,65,0.77,0.9058,5,0.69,0.8117,9,0
IWM190927P152,2019-09-25,2019-09-25 09:35:13,0.7,0.8235,105,0.68,0.8,92,0.77,0.9058,5,0.69,0.8117,9,0
IWM190927P152,2019-09-25,2019-09-25 09:35:14,0.7,0.8235,97,0.68,0.8,92,0.77,0.9058,5,0.69,0.8117,9,0
IWM190927P152,2019-09-25,2019-09-25 09:35:15,0.7,0.8235,474,0.67,0.7882,103,0.77,0.9058,5,0.685,0.8058,9,0
IWM190927P152,2019-09-25,2019-09-25 09:35:15,0.69,0.8117,92,0.67,0.7882,82,0.77,0.9058,5,0.68,0.8,9,0
IWM190927P152,2019-09-25,2019-09-25 09:35:16,0.69,0.8117,65,0.67,0.7882,82,0.77,0.9058,5,0.68,0.8,9,0
IWM190927P152,2019-09-25,2019-09-25 09:35:17,0.7,0.8235,385,0.67,0.7882,144,0.77,0.9058,5,0.685,0.8058,9,0
IWM190927P152,2019-09-25,2019-09-25 09:35:17,0.69,0.8117,31,0.67,0.7882,107,0.77,0.9058,5,0.68,0.8,9,0
IWM190927P152,2019-09-25,2019-09-25 09:35:18,0.7,0.8235,347,0.67,0.7882,164,0.77,0.9058,5,0.685,0.8058,9,0
IWM190927P152,2019-09-25,2019-09-25 09:35:18,0.69,0.8117,81,0.67,0.7882,238,0.77,0.9058,5,0.68,0.8,9,0
IWM190927P152,2019-09-25,2019-09-25 09:35:19,0.7,0.8235,62,0.68,0.8,34,0.77,0.9058,5,0.69,0.8117,9,0
IWM190927P152,2019-09-25,2019-09-25 09:35:19,0.7,0.8235,72,0.68,0.8,34,0.77,0.9058,5,0.69,0.8117,9,0
IWM190927P152,2019-09-25,2019-09-25 09:35:20,0.7,0.8235,125,0.68,0.8,34,0.77,0.9058,5,0.69,0.8117,9,0
IWM190927P152,2019-09-25,2019-09-25 09:35:20,0.7,0.8235,162,0.68,0.8,34,0.77,0.9058,5,0.69,0.8117,9,0
IWM190927P152,2019-09-25,2019-09-25 09:35:21,0.7,0.8235,60,0.68,0.8,34,0.77,0.9058,5,0.69,0.8117,9,0
IWM190927P152,2019-09-25,2019-09-25 09:35:22,0.71,0.8352,91,0.69,0.8117,20,0.77,0.9058,5,0.7,0.8235,9,0
IWM190927P152,2019-09-25,2019-09-25 09:35:22,0.71,0.8352,70,0.69,0.8117,35,0.77,0.9058,5,0.7,0.8235,9,0
IWM190927P152,2019-09-25,2019-09-25 09:35:23,0.71,0.8352,37,0.69,0.8117,35,0.77,0.9058,5,0.7,0.8235,9,0
IWM190927P152,2019-09-25,2019-09-25 09:35:24,0.72,0.847,49,0.7,0.8235,161,0.77,0.9058,5,0.71,0.8352,9,0
IWM190927P152,2019-09-25,2019-09-25 09:35:24,0.72,0.847,49,0.7,0.8235,133,0.77,0.9058,5,0.71,0.8352,9,0
IWM190927P152,2019-09-25,2019-09-25 09:35:25,0.72,0.847,88,0.7,0.8235,91,0.77,0.9058,5,0.71,0.8352,9,0
IWM190927P152,2019-09-25,2019-09-25 09:35:25,0.72,0.847,49,0.7,0.8235,128,0.77,0.9058,5,0.71,0.8352,9,0
IWM190927P152,2019-09-25,2019-09-25 09:35:26,0.73,0.8588,160,0.7,0.8235,140,0.77,0.9058,5,0.715,0.8411,9,0
IWM190927P152,2019-09-25,2019-09-25 09:35:26,0.72,0.847,49,0.7,0.8235,107,0.77,0.9058,5,0.71,0.8352,9,0
IWM190927P152,2019-09-25,2019-09-25 09:35:27,0.73,0.8588,128,0.7,0.8235,75,0.77,0.9058,5,0.715,0.8411,9,0
IWM190927P152,2019-09-25,2019-09-25 09:35:27,0.73,0.8588,128,0.71,0.8352,20,0.77,0.9058,5,0.72,0.847,9,0
IWM190927P152,2019-09-25,2019-09-25 09:35:28,0.73,0.8588,259,0.7,0.8235,287,0.77,0.9058,5,0.715,0.8411,9,0
IWM190927P152,2019-09-25,2019-09-25 09:35:28,0.74,0.8705,77,0.71,0.8352,74,0.77,0.9058,5,0.725,0.8529,9,0
IWM190927P152,2019-09-25,2019-09-25 09:35:29,0.74,0.8705,64,0.71,0.8352,121,0.77,0.9058,5,0.725,0.8529,9,0
IWM190927P152,2019-09-25,2019-09-25 09:35:29,0.74,0.8705,46,0.71,0.8352,67,0.77,0.9058,5,0.725,0.8529,9,0
IWM190927P152,2019-09-25,2019-09-25 09:35:30,0.73,0.8588,34,0.71,0.8352,114,0.77,0.9058,5,0.72,0.847,9,0
IWM190927P152,2019-09-25,2019-09-25 09:35:30,0.74,0.8705,278,0.71,0.8352,298,0.77,0.9058,5,0.725,0.8529,9,0
IWM190927P152,2019-09-25,2019-09-25 09:35:31,0.74,0.8705,155,0.71,0.8352,135,0.77,0.9058,5,0.725,0.8529,9,0
IWM190927P152,2019-09-25,2019-09-25 09:35:31,0.73,0.8588,188,0.7,0.8235,47,0.77,0.9058,5,0.715,0.8411,9,0
IWM190927P152,2019-09-25,2019-09-25 09:35:32,0.74,0.8705,196,0.72,0.847,11,0.77,0.9058,5,0.73,0.8588,9,0
IWM190927P152,2019-09-25,2019-09-25 09:35:32,0.74,0.8705,196,0.71,0.8352,188,0.77,0.9058,5,0.725,0.8529,9,0
IWM190927P152,2019-09-25,2019-09-25 09:35:33,0.74,0.8705,184,0.72,0.847,41,0.77,0.9058,5,0.73,0.8588,9,0
IWM190927P152,2019-09-25,2019-09-25 09:35:33,0.74,0.8705,216,0.71,0.8352,284,0.77,0.9058,5,0.725,0.8529,9,0
IWM190927P152,2019-09-25,2019-09-25 09:35:34,0.74,0.8705,161,0.72,0.847,41,0.77,0.9058,5,0.73,0.8588,9,0
IWM190927P152,2019-09-25,2019-09-25 09:35:35,0.75,0.8823,414,0.72,0.847,29,0.77,0.9058,5,0.735,0.8647,9,0
IWM190927P152,2019-09-25,2019-09-25 09:35:36,0.75,0.8823,174,0.73,0.8588,30,0.77,0.9058,5,0.74,0.8705,9,0
IWM190927P152,2019-09-25,2019-09-25 09:35:36,0.75,0.8823,153,0.73,0.8588,20,0.77,0.9058,5,0.74,0.8705,9,0
IWM190927P152,2019-09-25,2019-09-25 09:35:37,0.75,0.8823,195,0.73,0.8588,10,0.77,0.9058,5,0.74,0.8705,9,0
IWM190927P152,2019-09-25,2019-09-25 09:35:37,0.75,0.8823,271,0.72,0.847,106,0.77,0.9058,5,0.735,0.8647,9,0
IWM190927P152,2019-09-25,2019-09-25 09:35:38,0.75,0.8823,71,0.73,0.8588,37,0.77,0.9058,5,0.74,0.8705,9,0
IWM190927P152,2019-09-25,2019-09-25 09:35:39,0.75,0.8823,57,0.73,0.8588,28,0.77,0.9058,5,0.74,0.8705,9,0
IWM190927P152,2019-09-25,2019-09-25 09:35:39,0.75,0.8823,60,0.73,0.8588,37,0.77,0.9058,5,0.74,0.8705,9,0
IWM190927P152,2019-09-25,2019-09-25 09:35:40,0.75,0.8823,52,0.73,0.8588,40,0.77,0.9058,5,0.74,0.8705,9,0
IWM190927P152,2019-09-25,2019-09-25 09:35:40,0.75,0.8823,57,0.73,0.8588,41,0.77,0.9058,5,0.74,0.8705,9,0
IWM190927P152,2019-09-25,2019-09-25 09:35:41,0.75,0.8823,537,0.73,0.8588,42,0.77,0.9058,5,0.74,0.8705,9,0
IWM190927P152,2019-09-25,2019-09-25 09:35:42,0.76,0.8941,157,0.74,0.8705,20,0.77,0.9058,5,0.75,0.8823,9,0
IWM190927P152,2019-09-25,2019-09-25 09:35:42,0.76,0.8941,55,0.73,0.8588,42,0.77,0.9058,5,0.745,0.8764,9,0
IWM190927P152,2019-09-25,2019-09-25 09:35:43,0.76,0.8941,157,0.74,0.8705,30,0.77,0.9058,5,0.75,0.8823,9,0
IWM190927P152,2019-09-25,2019-09-25 09:35:43,0.76,0.8941,168,0.74,0.8705,30,0.77,0.9058,5,0.75,0.8823,9,0
IWM190927P152,2019-09-25,2019-09-25 09:35:44,0.74,0.8705,94,0.72,0.847,20,0.77,0.9058,5,0.73,0.8588,9,0
IWM190927P152,2019-09-25,2019-09-25 09:35:44,0.75,0.8823,237,0.72,0.847,20,0.77,0.9058,5,0.735,0.8647,9,0
IWM190927P152,2019-09-25,2019-09-25 09:35:45,0.73,0.8588,135,0.71,0.8352,20,0.77,0.9058,5,0.72,0.847,9,0
IWM190927P152,2019-09-25,2019-09-25 09:35:45,0.73,0.8588,132,0.71,0.8352,20,0.77,0.9058,5,0.72,0.847,9,0
IWM190927P152,2019-09-25,2019-09-25 09:35:46,0.73,0.8588,56,0.71,0.8352,20,0.77,0.9058,5,0.72,0.847,9,0
IWM190927P152,2019-09-25,2019-09-25 09:35:46,0.73,0.8588,184,0.71,0.8352,20,0.77,0.9058,5,0.72,0.847,9,0
IWM190927P152,2019-09-25,2019-09-25 09:35:47,0.74,0.8705,113,0.72,0.847,20,0.77,0.9058,5,0.73,0.8588,9,0
IWM190927P152,2019-09-25,2019-09-25 09:35:47,0.74,0.8705,135,0.72,0.847,20,0.77,0.9058,5,0.73,0.8588,9,0
IWM190927P152,2019-09-25,2019-09-25 09:35:48,0.74,0.8705,135,0.72,0.847,62,0.77,0.9058,5,0.73,0.8588,9,0
IWM190927P152,2019-09-25,2019-09-25 09:35:48,0.74,0.8705,49,0.72,0.847,72,0.77,0.9058,5,0.73,0.8588,9,0
IWM190927P152,2019-09-25,2019-09-25 09:35:49,0.74,0.8705,104,0.72,0.847,28,0.77,0.9058,5,0.73,0.8588,9,0
IWM190927P152,2019-09-25,2019-09-25 09:35:49,0.74,0.8705,181,0.72,0.847,28,0.77,0.9058,5,0.73,0.8588,9,0
IWM190927P152,2019-09-25,2019-09-25 09:35:50,0.74,0.8705,181,0.72,0.847,10,0.77,0.9058,5,0.73,0.8588,9,0
IWM190927P152,2019-09-25,2019-09-25 09:35:50,0.74,0.8705,193,0.7,0.8235,44,0.77,0.9058,5,0.72,0.847,9,0
IWM190927P152,2019-09-25,2019-09-25 09:35:51,0.74,0.8705,191,0.71,0.8352,35,0.77,0.9058,5,0.725,0.8529,9,0
IWM190927P152,2019-09-25,2019-09-25 09:35:51,0.73,0.8588,164,0.71,0.8352,33,0.77,0.9058,5,0.72,0.847,9,0
IWM190927P152,2019-09-25,2019-09-25 09:35:52,0.74,0.8705,191,0.71,0.8352,245,0.77,0.9058,5,0.725,0.8529,9,0
IWM190927P152,2019-09-25,2019-09-25 09:35:53,0.74,0.8705,103,0.71,0.8352,113,0.77,0.9058,5,0.725,0.8529,9,0
IWM190927P152,2019-09-25,2019-09-25 09:35:53,0.74,0.8705,132,0.72,0.847,21,0.77,0.9058,5,0.73,0.8588,9,0
IWM190927P152,2019-09-25,2019-09-25 09:35:54,0.74,0.8705,20,0.72,0.847,90,0.77,0.9058,5,0.73,0.8588,9,0
IWM190927P152,2019-09-25,2019-09-25 09:35:54,0.74,0.8705,51,0.72,0.847,59,0.77,0.9058,5,0.73,0.8588,9,0
IWM190927P152,2019-09-25,2019-09-25 09:35:55,0.74,0.8705,20,0.72,0.847,90,0.77,0.9058,5,0.73,0.8588,9,0
IWM190927P152,2019-09-25,2019-09-25 09:35:55,0.74,0.8705,119,0.72,0.847,25,0.77,0.9058,5,0.73,0.8588,9,0
IWM190927P152,2019-09-25,2019-09-25 09:35:56,0.74,0.8705,122,0.71,0.8352,180,0.77,0.9058,5,0.725,0.8529,9,0
IWM190927P152,2019-09-25,2019-09-25 09:35:56,0.74,0.8705,122,0.72,0.847,98,0.77,0.9058,5,0.73,0.8588,9,0
IWM190927P152,2019-09-25,2019-09-25 09:35:57,0.74,0.8705,37,0.72,0.847,166,0.77,0.9058,5,0.73,0.8588,9,0
IWM190927P152,2019-09-25,2019-09-25 09:35:58,0.74,0.8705,74,0.72,0.847,93,0.77,0.9058,5,0.73,0.8588,9,0
IWM190927P152,2019-09-25,2019-09-25 09:35:58,0.74,0.8705,518,0.71,0.8352,43,0.77,0.9058,5,0.725,0.8529,9,0
IWM190927P152,2019-09-25,2019-09-25 09:35:59,0.73,0.8588,127,0.7,0.8235,207,0.77,0.9058,5,0.715,0.8411,9,0
IWM190927P152,2019-09-25,2019-09-25 09:35:59,0.74,0.8705,482,0.71,0.8352,159,0.77,0.9058,5,0.725,0.8529,9,0
IWM190927P152,2019-09-25,2019-09-25 09:36:00,0.73,0.8588,603,0.7,0.8235,64,0.77,0.9058,5,0.715,0.8411,9,0
IWM190927P152,2019-09-25,2019-09-25 09:36:00,0.73,0.8588,265,0.71,0.8352,10,0.77,0.9058,5,0.72,0.847,9,0
IWM190927P152,2019-09-25,2019-09-25 09:36:01,0.73,0.8588,64,0.71,0.8352,207,0.77,0.9058,5,0.72,0.847,9,0
IWM190927P152,2019-09-25,2019-09-25 09:36:01,0.73,0.8588,73,0.71,0.8352,52,0.77,0.9058,5,0.72,0.847,9,0
IWM190927P152,2019-09-25,2019-09-25 09:36:02,0.73,0.8588,73,0.71,0.8352,161,0.77,0.9058,5,0.72,0.847,9,0
IWM190927P152,2019-09-25,2019-09-25 09:36:03,0.73,0.8588,38,0.71,0.8352,193,0.77,0.9058,5,0.72,0.847,9,0
IWM190927P152,2019-09-25,2019-09-25 09:36:03,0.74,0.8705,602,0.71,0.8352,221,0.77,0.9058,5,0.725,0.8529,9,0
IWM190927P152,2019-09-25,2019-09-25 09:36:04,0.74,0.8705,602,0.71,0.8352,221,0.77,0.9058,5,0.725,0.8529,9,0
IWM190927P152,2019-09-25,2019-09-25 09:36:04,0.74,0.8705,605,0.71,0.8352,199,0.77,0.9058,5,0.725,0.8529,9,0
IWM190927P152,2019-09-25,2019-09-25 09:36:05,0.74,0.8705,498,0.71,0.8352,200,0.77,0.9058,5,0.725,0.8529,9,0
IWM190927P152,2019-09-25,2019-09-25 09:36:06,0.73,0.8588,402,0.71,0.8352,35,0.77,0.9058,5,0.72,0.847,9,0
IWM190927P152,2019-09-25,2019-09-25 09:36:06,0.73,0.8588,402,0.7,0.8235,109,0.77,0.9058,5,0.715,0.8411,9,0
IWM190927P152,2019-09-25,2019-09-25 09:36:07,0.73,0.8588,660,0.7,0.8235,267,0.77,0.9058,5,0.715,0.8411,9,0
IWM190927P152,2019-09-25,2019-09-25 09:36:07,0.72,0.847,34,0.7,0.8235,237,0.77,0.9058,5,0.71,0.8352,9,0
IWM190927P152,2019-09-25,2019-09-25 09:36:08,0.72,0.847,63,0.7,0.8235,167,0.77,0.9058,5,0.71,0.8352,9,0
IWM190927P152,2019-09-25,2019-09-25 09:36:08,0.72,0.847,179,0.7,0.8235,167,0.77,0.9058,5,0.71,0.8352,9,0
IWM190927P152,2019-09-25,2019-09-25 09:36:09,0.72,0.847,259,0.7,0.8235,71,0.77,0.9058,5,0.71,0.8352,9,0
IWM190927P152,2019-09-25,2019-09-25 09:36:09,0.72,0.847,639,0.7,0.8235,71,0.77,0.9058,5,0.71,0.8352,9,0
IWM190927P152,2019-09-25,2019-09-25 09:36:10,0.72,0.847,582,0.7,0.8235,1,0.77,0.9058,5,0.71,0.8352,9,0
IWM190927P152,2019-09-25,2019-09-25 09:36:11,0.72,0.847,602,0.7,0.8235,1,0.77,0.9058,5,0.71,0.8352,9,0
IWM190927P152,2019-09-25,2019-09-25 09:36:12,0.72,0.847,213,0.7,0.8235,21,0.77,0.9058,5,0.71,0.8352,9,0
IWM190927P152,2019-09-25,2019-09-25 09:36:12,0.72,0.847,602,0.7,0.8235,1,0.77,0.9058,5,0.71,0.8352,9,0
IWM190927P152,2019-09-25,2019-09-25 09:36:13,0.72,0.847,412,0.7,0.8235,11,0.77,0.9058,5,0.71,0.8352,9,0
IWM190927P152,2019-09-25,2019-09-25 09:36:13,0.72,0.847,490,0.7,0.8235,11,0.77,0.9058,5,0.71,0.8352,9,0
IWM190927P152,2019-09-25,2019-09-25 09:36:14,0.72,0.847,528,0.7,0.8235,1,0.77,0.9058,5,0.71,0.8352,9,0
IWM190927P152,2019-09-25,2019-09-25 09:36:14,0.71,0.8352,230,0.7,0.8235,1,0.77,0.9058,5,0.705,0.8294,9,0
IWM190927P152,2019-09-25,2019-09-25 09:36:15,0.71,0.8352,448,0.7,0.8235,1,0.77,0.9058,5,0.705,0.8294,9,0
IWM190927P152,2019-09-25,2019-09-25 09:36:15,0.71,0.8352,347,0.7,0.8235,1,0.77,0.9058,5,0.705,0.8294,9,0
IWM190927P152,2019-09-25,2019-09-25 09:36:16,0.71,0.8352,67,0.7,0.8235,1,0.77,0.9058,5,0.705,0.8294,9,0
IWM190927P152,2019-09-25,2019-09-25 09:36:17,0.71,0.8352,536,0.7,0.8235,1,0.77,0.9058,5,0.705,0.8294,9,0
IWM190927P152,2019-09-25,2019-09-25 09:36:18,0.71,0.8352,674,0.7,0.8235,1,0.77,0.9058,5,0.705,0.8294,9,0
IWM190927P152,2019-09-25,2019-09-25 09:36:18,0.71,0.8352,794,0.7,0.8235,1,0.77,0.9058,5,0.705,0.8294,9,0
IWM190927P152,2019-09-25,2019-09-25 09:36:19,0.71,0.8352,463,0.7,0.8235,1,0.77,0.9058,5,0.705,0.8294,9,0
IWM190927P152,2019-09-25,2019-09-25 09:36:19,0.71,0.8352,614,0.7,0.8235,1,0.77,0.9058,5,0.705,0.8294,9,0
IWM190927P152,2019-09-25,2019-09-25 09:36:20,0.71,0.8352,451,0.7,0.8235,1,0.77,0.9058,5,0.705,0.8294,9,0
IWM190927P152,2019-09-25,2019-09-25 09:36:20,0.71,0.8352,601,0.7,0.8235,1,0.77,0.9058,5,0.705,0.8294,9,0
IWM190927P152,2019-09-25,2019-09-25 09:36:21,0.71,0.8352,181,0.7,0.8235,1,0.77,0.9058,5,0.705,0.8294,9,0
IWM190927P152,2019-09-25,2019-09-25 09:36:21,0.72,0.847,462,0.7,0.8235,20,0.77,0.9058,5,0.71,0.8352,9,0
IWM190927P152,2019-09-25,2019-09-25 09:36:22,0.72,0.847,405,0.7,0.8235,40,0.77,0.9058,5,0.71,0.8352,9,0
IWM190927P152,2019-09-25,2019-09-25 09:36:22,0.72,0.847,405,0.7,0.8235,20,0.77,0.9058,5,0.71,0.8352,9,0
IWM190927P152,2019-09-25,2019-09-25 09:36:23,0.71,0.8352,1,0.7,0.8235,144,0.71,0.8352,10,0.705,0.8294,19,10
IWM190927P152,2019-09-25,2019-09-25 09:36:23,0.71,0.8352,10,0.7,0.8235,126,0.71,0.8352,10,0.705,0.8294,19,0
IWM190927P152,2019-09-25,2019-09-25 09:36:24,0.73,0.8588,522,0.7,0.8235,226,0.71,0.8352,10,0.715,0.8411,19,0
IWM190927P152,2019-09-25,2019-09-25 09:36:24,0.72,0.847,38,0.7,0.8235,85,0.71,0.8352,10,0.71,0.8352,19,0
IWM190927P152,2019-09-25,2019-09-25 09:36:25,0.72,0.847,107,0.7,0.8235,85,0.71,0.8352,10,0.71,0.8352,19,0
IWM190927P152,2019-09-25,2019-09-25 09:36:25,0.72,0.847,74,0.7,0.8235,85,0.71,0.8352,10,0.71,0.8352,19,0
IWM190927P152,2019-09-25,2019-09-25 09:36:26,0.72,0.847,623,0.7,0.8235,1,0.71,0.8352,10,0.71,0.8352,19,0
IWM190927P152,2019-09-25,2019-09-25 09:36:26,0.72,0.847,483,0.7,0.8235,1,0.71,0.8352,10,0.71,0.8352,19,0
IWM190927P152,2019-09-25,2019-09-25 09:36:27,0.72,0.847,248,0.7,0.8235,1,0.71,0.8352,10,0.71,0.8352,19,0
IWM190927P152,2019-09-25,2019-09-25 09:36:28,0.72,0.847,399,0.7,0.8235,1,0.71,0.8352,2,0.71,0.8352,21,2
IWM190927P152,2019-09-25,2019-09-25 09:36:28,0.72,0.847,541,0.7,0.8235,1,0.71,0.8352,2,0.71,0.8352,21,0
IWM190927P152,2019-09-25,2019-09-25 09:36:29,0.72,0.847,541,0.7,0.8235,1,0.71,0.8352,2,0.71,0.8352,21,0
IWM190927P152,2019-09-25,2019-09-25 09:36:29,0.71,0.8352,34,0.7,0.8235,1,0.71,0.8352,2,0.705,0.8294,21,0
IWM190927P152,2019-09-25,2019-09-25 09:36:30,0.71,0.8352,64,0.7,0.8235,1,0.71,0.8352,2,0.705,0.8294,21,0
IWM190927P152,2019-09-25,2019-09-25 09:36:30,0.72,0.847,503,0.7,0.8235,1,0.71,0.8352,2,0.71,0.8352,21,0
IWM190927P152,2019-09-25,2019-09-25 09:36:31,0.71,0.8352,524,0.7,0.8235,1,0.71,0.8352,2,0.705,0.8294,21,0
IWM190927P152,2019-09-25,2019-09-25 09:36:32,0.71,0.8352,473,0.7,0.8235,1,0.71,0.8352,2,0.705,0.8294,21,0
IWM190927P152,2019-09-25,2019-09-25 09:36:32,0.71,0.8352,577,0.7,0.8235,1,0.71,0.8352,2,0.705,0.8294,21,0
IWM190927P152,2019-09-25,2019-09-25 09:36:33,0.7,0.8235,112,0.68,0.8,99,0.7,0.8235,1,0.69,0.8117,22,0
IWM190927P152,2019-09-25,2019-09-25 09:36:33,0.7,0.8235,97,0.68,0.8,56,0.7,0.8235,1,0.69,0.8117,22,1
IWM190927P152,2019-09-25,2019-09-25 09:36:34,0.7,0.8235,205,0.68,0.8,70,0.7,0.8235,1,0.69,0.8117,22,0
IWM190927P152,2019-09-25,2019-09-25 09:36:34,0.7,0.8235,147,0.68,0.8,70,0.7,0.8235,1,0.69,0.8117,22,0
IWM190927P152,2019-09-25,2019-09-25 09:36:35,0.7,0.8235,14,0.68,0.8,182,0.7,0.8235,1,0.69,0.8117,22,0
IWM190927P152,2019-09-25,2019-09-25 09:36:35,0.7,0.8235,205,0.68,0.8,182,0.7,0.8235,1,0.69,0.8117,22,0
IWM190927P152,2019-09-25,2019-09-25 09:36:36,0.71,0.8352,459,0.68,0.8,113,0.7,0.8235,1,0.695,0.8176,22,0
IWM190927P152,2019-09-25,2019-09-25 09:36:36,0.71,0.8352,526,0.69,0.8117,20,0.7,0.8235,1,0.7,0.8235,22,0
IWM190927P152,2019-09-25,2019-09-25 09:36:37,0.71,0.8352,459,0.68,0.8,308,0.7,0.8235,1,0.695,0.8176,22,0
IWM190927P152,2019-09-25,2019-09-25 09:36:37,0.71,0.8352,623,0.68,0.8,334,0.7,0.8235,1,0.695,0.8176,22,0
IWM190927P152,2019-09-25,2019-09-25 09:36:38,0.71,0.8352,623,0.68,0.8,334,0.7,0.8235,1,0.695,0.8176,22,0
IWM190927P152,2019-09-25,2019-09-25 09:36:38,0.7,0.8235,34,0.68,0.8,98,0.7,0.8235,1,0.69,0.8117,22,0
IWM190927P152,2019-09-25,2019-09-25 09:36:39,0.7,0.8235,166,0.68,0.8,82,0.7,0.8235,1,0.69,0.8117,22,0
IWM190927P152,2019-09-25,2019-09-25 09:36:40,0.7,0.8235,501,0.67,0.7882,155,0.7,0.8235,1,0.685,0.8058,22,0
IWM190927P152,2019-09-25,2019-09-25 09:36:40,0.7,0.8235,722,0.68,0.8,10,0.7,0.8235,1,0.69,0.8117,22,0
IWM190927P152,2019-09-25,2019-09-25 09:36:41,0.69,0.8117,444,0.67,0.7882,50,0.7,0.8235,1,0.68,0.8,22,0
IWM190927P152,2019-09-25,2019-09-25 09:36:41,0.69,0.8117,71,0.67,0.7882,174,0.7,0.8235,1,0.68,0.8,22,0
IWM190927P152,2019-09-25,2019-09-25 09:36:42,0.69,0.8117,436,0.67,0.7882,28,0.7,0.8235,1,0.68,0.8,22,0
IWM190927P152,2019-09-25,2019-09-25 09:36:42,0.69,0.8117,444,0.67,0.7882,20,0.7,0.8235,1,0.68,0.8,22,0
IWM190927P152,2019-09-25,2019-09-25 09:36:43,0.69,0.8117,539,0.66,0.7764,170,0.7,0.8235,1,0.675,0.7941,22,0
IWM190927P152,2019-09-25,2019-09-25 09:36:43,0.69,0.8117,539,0.66,0.7764,159,0.7,0.8235,1,0.675,0.7941,22,0
IWM190927P152,2019-09-25,2019-09-25 09:36:44,0.68,0.8,421,0.66,0.7764,15,0.7,0.8235,1,0.67,0.7882,22,0
IWM190927P152,2019-09-25,2019-09-25 09:36:44,0.67,0.7882,95,0.65,0.7647,133,0.7,0.8235,1,0.66,0.7764,22,0
IWM190927P152,2019-09-25,2019-09-25 09:36:45,0.67,0.7882,215,0.65,0.7647,109,0.7,0.8235,1,0.66,0.7764,22,0
IWM190927P152,2019-09-25,2019-09-25 09:36:45,0.67,0.7882,452,0.65,0.7647,109,0.7,0.8235,1,0.66,0.7764,22,0
IWM190927P152,2019-09-25,2019-09-25 09:36:46,0.66,0.7764,86,0.64,0.7529,42,0.7,0.8235,1,0.65,0.7647,22,0
IWM190927P152,2019-09-25,2019-09-25 09:36:46,0.66,0.7764,102,0.64,0.7529,160,0.7,0.8235,1,0.65,0.7647,22,0
IWM190927P152,2019-09-25,2019-09-25 09:36:47,0.66,0.7764,348,0.64,0.7529,63,0.7,0.8235,1,0.65,0.7647,22,0
IWM190927P152,2019-09-25,2019-09-25 09:36:47,0.66,0.7764,183,0.64,0.7529,42,0.7,0.8235,1,0.65,0.7647,22,0
IWM190927P152,2019-09-25,2019-09-25 09:36:48,0.66,0.7764,25,0.64,0.7529,71,0.7,0.8235,1,0.65,0.7647,22,0
IWM190927P152,2019-09-25,2019-09-25 09:36:49,0.66,0.7764,467,0.64,0.7529,88,0.7,0.8235,1,0.65,0.7647,22,0
IWM190927P152,2019-09-25,2019-09-25 09:36:49,0.66,0.7764,33,0.64,0.7529,45,0.7,0.8235,1,0.65,0.7647,22,0
IWM190927P152,2019-09-25,2019-09-25 09:36:50,0.66,0.7764,100,0.64,0.7529,51,0.7,0.8235,1,0.65,0.7647,22,0
IWM190927P152,2019-09-25,2019-09-25 09:36:50,0.66,0.7764,467,0.64,0.7529,63,0.7,0.8235,1,0.65,0.7647,22,0
IWM190927P152,2019-09-25,2019-09-25 09:36:51,0.66,0.7764,329,0.64,0.7529,10,0.7,0.8235,1,0.65,0.7647,22,0
IWM190927P152,2019-09-25,2019-09-25 09:36:51,0.66,0.7764,263,0.64,0.7529,56,0.7,0.8235,1,0.65,0.7647,22,0
IWM190927P152,2019-09-25,2019-09-25 09:36:52,0.66,0.7764,320,0.64,0.7529,56,0.7,0.8235,1,0.65,0.7647,22,0
IWM190927P152,2019-09-25,2019-09-25 09:36:52,0.66,0.7764,94,0.64,0.7529,37,0.7,0.8235,1,0.65,0.7647,22,0
IWM190927P152,2019-09-25,2019-09-25 09:36:53,0.66,0.7764,83,0.64,0.7529,37,0.7,0.8235,1,0.65,0.7647,22,0
IWM190927P152,2019-09-25,2019-09-25 09:36:54,0.66,0.7764,67,0.64,0.7529,39,0.7,0.8235,1,0.65,0.7647,22,0
IWM190927P152,2019-09-25,2019-09-25 09:36:54,0.66,0.7764,14,0.64,0.7529,229,0.7,0.8235,1,0.65,0.7647,22,0
IWM190927P152,2019-09-25,2019-09-25 09:36:55,0.67,0.7882,328,0.65,0.7647,54,0.7,0.8235,1,0.66,0.7764,22,0
IWM190927P152,2019-09-25,2019-09-25 09:36:55,0.67,0.7882,468,0.65,0.7647,20,0.7,0.8235,1,0.66,0.7764,22,0
IWM190927P152,2019-09-25,2019-09-25 09:36:56,0.67,0.7882,227,0.65,0.7647,54,0.7,0.8235,1,0.66,0.7764,22,0
IWM190927P152,2019-09-25,2019-09-25 09:36:56,0.68,0.8,42,0.66,0.7764,20,0.7,0.8235,1,0.67,0.7882,22,0
IWM190927P152,2019-09-25,2019-09-25 09:36:57,0.68,0.8,25,0.66,0.7764,74,0.7,0.8235,1,0.67,0.7882,22,0
IWM190927P152,2019-09-25,2019-09-25 09:36:57,0.68,0.8,28,0.66,0.7764,74,0.7,0.8235,1,0.67,0.7882,22,0
IWM190927P152,2019-09-25,2019-09-25 09:36:58,0.68,0.8,88,0.66,0.7764,93,0.7,0.8235,1,0.67,0.7882,22,0
IWM190927P152,2019-09-25,2019-09-25 09:36:59,0.68,0.8,87,0.66,0.7764,70,0.7,0.8235,1,0.67,0.7882,22,0
IWM190927P152,2019-09-25,2019-09-25 09:36:59,0.68,0.8,88,0.66,0.7764,70,0.7,0.8235,1,0.67,0.7882,22,0
IWM190927P152,2019-09-25,2019-09-25 09:37:00,0.68,0.8,368,0.66,0.7764,87,0.7,0.8235,1,0.67,0.7882,22,0
IWM190927P152,2019-09-25,2019-09-25 09:37:00,0.67,0.7882,80,0.65,0.7647,53,0.7,0.8235,1,0.66,0.7764,22,0
IWM190927P152,2019-09-25,2019-09-25 09:37:01,0.67,0.7882,100,0.65,0.7647,95,0.7,0.8235,1,0.66,0.7764,22,0
IWM190927P152,2019-09-25,2019-09-25 09:37:01,0.67,0.7882,85,0.65,0.7647,113,0.7,0.8235,1,0.66,0.7764,22,0
IWM190927P152,2019-09-25,2019-09-25 09:37:02,0.67,0.7882,100,0.65,0.7647,159,0.7,0.8235,1,0.66,0.7764,22,0
IWM190927P152,2019-09-25,2019-09-25 09:37:02,0.67,0.7882,85,0.65,0.7647,113,0.7,0.8235,1,0.66,0.7764,22,0
IWM190927P152,2019-09-25,2019-09-25 09:37:03,0.67,0.7882,100,0.65,0.7647,184,0.7,0.8235,1,0.66,0.7764,22,0
IWM190927P152,2019-09-25,2019-09-25 09:37:03,0.67,0.7882,100,0.65,0.7647,174,0.7,0.8235,1,0.66,0.7764,22,0
IWM190927P152,2019-09-25,2019-09-25 09:37:04,0.67,0.7882,409,0.65,0.7647,63,0.7,0.8235,1,0.66,0.7764,22,0
IWM190927P152,2019-09-25,2019-09-25 09:37:04,0.67,0.7882,654,0.65,0.7647,63,0.7,0.8235,1,0.66,0.7764,22,0
IWM190927P152,2019-09-25,2019-09-25 09:37:05,0.67,0.7882,703,0.65,0.7647,20,0.7,0.8235,1,0.66,0.7764,22,0
IWM190927P152,2019-09-25,2019-09-25 09:37:05,0.67,0.7882,703,0.64,0.7529,233,0.7,0.8235,1,0.655,0.7705,22,0
IWM190927P152,2019-09-25,2019-09-25 09:37:06,0.67,0.7882,749,0.64,0.7529,233,0.7,0.8235,1,0.655,0.7705,22,0
IWM190927P152,2019-09-25,2019-09-25 09:37:06,0.67,0.7882,607,0.64,0.7529,181,0.7,0.8235,1,0.655,0.7705,22,0
IWM190927P152,2019-09-25,2019-09-25 09:37:07,0.68,0.8,644,0.66,0.7764,1,0.7,0.8235,1,0.67,0.7882,22,0
IWM190927P152,2019-09-25,2019-09-25 09:37:07,0.67,0.7882,80,0.65,0.7647,33,0.7,0.8235,1,0.66,0.7764,22,0
IWM190927P152,2019-09-25,2019-09-25 09:37:08,0.68,0.8,644,0.65,0.7647,65,0.7,0.8235,1,0.665,0.7823,22,0
IWM190927P152,2019-09-25,2019-09-25 09:37:08,0.67,0.7882,59,0.65,0.7647,45,0.7,0.8235,1,0.66,0.7764,22,0
IWM190927P152,2019-09-25,2019-09-25 09:37:09,0.67,0.7882,187,0.65,0.7647,45,0.7,0.8235,1,0.66,0.7764,22,0
IWM190927P152,2019-09-25,2019-09-25 09:37:09,0.67,0.7882,59,0.65,0.7647,45,0.7,0.8235,1,0.66,0.7764,22,0
IWM190927P152,2019-09-25,2019-09-25 09:37:10,0.67,0.7882,210,0.65,0.7647,60,0.7,0.8235,1,0.66,0.7764,22,0
IWM190927P152,2019-09-25,2019-09-25 09:37:10,0.67,0.7882,163,0.65,0.7647,60,0.7,0.8235,1,0.66,0.7764,22,0
IWM190927P152,2019-09-25,2019-09-25 09:37:11,0.67,0.7882,370,0.65,0.7647,13,0.7,0.8235,1,0.66,0.7764,22,0
IWM190927P152,2019-09-25,2019-09-25 09:37:11,0.67,0.7882,303,0.64,0.7529,136,0.7,0.8235,1,0.655,0.7705,22,0
IWM190927P152,2019-09-25,2019-09-25 09:37:12,0.67,0.7882,390,0.64,0.7529,301,0.66,0.7764,1,0.655,0.7705,23,1
IWM190927P152,2019-09-25,2019-09-25 09:37:12,0.67,0.7882,390,0.64,0.7529,228,0.7,0.8235,1,0.655,0.7705,22,0
IWM190927P152,2019-09-25,2019-09-25 09:37:13,0.67,0.7882,99,0.65,0.7647,100,0.66,0.7764,1,0.66,0.7764,23,0
IWM190927P152,2019-09-25,2019-09-25 09:37:14,0.67,0.7882,99,0.65,0.7647,105,0.66,0.7764,1,0.66,0.7764,23,0
IWM190927P152,2019-09-25,2019-09-25 09:37:14,0.67,0.7882,150,0.65,0.7647,85,0.66,0.7764,1,0.66,0.7764,23,0
IWM190927P152,2019-09-25,2019-09-25 09:37:15,0.67,0.7882,216,0.64,0.7529,27,0.66,0.7764,1,0.655,0.7705,23,0
IWM190927P152,2019-09-25,2019-09-25 09:37:15,0.66,0.7764,143,0.64,0.7529,27,0.66,0.7764,1,0.65,0.7647,23,0
IWM190927P152,2019-09-25,2019-09-25 09:37:16,0.66,0.7764,148,0.64,0.7529,62,0.66,0.7764,1,0.65,0.7647,23,0
IWM190927P152,2019-09-25,2019-09-25 09:37:17,0.66,0.7764,148,0.64,0.7529,48,0.66,0.7764,1,0.65,0.7647,23,0
IWM190927P152,2019-09-25,2019-09-25 09:37:17,0.66,0.7764,335,0.64,0.7529,72,0.66,0.7764,1,0.65,0.7647,23,0
IWM190927P152,2019-09-25,2019-09-25 09:37:18,0.66,0.7764,392,0.63,0.7411,150,0.66,0.7764,1,0.645,0.7588,23,0
IWM190927P152,2019-09-25,2019-09-25 09:37:18,0.66,0.7764,223,0.64,0.7529,10,0.66,0.7764,1,0.65,0.7647,23,0
IWM190927P152,2019-09-25,2019-09-25 09:37:19,0.66,0.7764,207,0.64,0.7529,40,0.66,0.7764,1,0.65,0.7647,23,0
IWM190927P152,2019-09-25,2019-09-25 09:37:19,0.66,0.7764,154,0.64,0.7529,60,0.66,0.7764,1,0.65,0.7647,23,0
IWM190927P152,2019-09-25,2019-09-25 09:37:20,0.66,0.7764,154,0.64,0.7529,89,0.66,0.7764,1,0.65,0.7647,23,0
IWM190927P152,2019-09-25,2019-09-25 09:37:20,0.66,0.7764,131,0.64,0.7529,194,0.66,0.7764,1,0.65,0.7647,23,0
IWM190927P152,2019-09-25,2019-09-25 09:37:21,0.66,0.7764,20,0.64,0.7529,143,0.66,0.7764,1,0.65,0.7647,23,0
IWM190927P152,2019-09-25,2019-09-25 09:37:21,0.66,0.7764,123,0.64,0.7529,143,0.66,0.7764,1,0.65,0.7647,23,0
IWM190927P152,2019-09-25,2019-09-25 09:37:22,0.65,0.7647,12,0.63,0.7411,110,0.66,0.7764,1,0.64,0.7529,23,0
IWM190927P152,2019-09-25,2019-09-25 09:37:22,0.65,0.7647,12,0.63,0.7411,290,0.66,0.7764,1,0.64,0.7529,23,0
IWM190927P152,2019-09-25,2019-09-25 09:37:23,0.65,0.7647,12,0.63,0.7411,217,0.66,0.7764,1,0.64,0.7529,23,0
IWM190927P152,2019-09-25,2019-09-25 09:37:23,0.65,0.7647,12,0.63,0.7411,290,0.66,0.7764,1,0.64,0.7529,23,0
IWM190927P152,2019-09-25,2019-09-25 09:37:24,0.65,0.7647,12,0.63,0.7411,421,0.66,0.7764,1,0.64,0.7529,23,0
IWM190927P152,2019-09-25,2019-09-25 09:37:24,0.66,0.7764,219,0.63,0.7411,165,0.66,0.7764,1,0.645,0.7588,23,0
IWM190927P152,2019-09-25,2019-09-25 09:37:25,0.66,0.7764,102,0.64,0.7529,83,0.66,0.7764,1,0.65,0.7647,23,0
IWM190927P152,2019-09-25,2019-09-25 09:37:26,0.65,0.7647,201,0.63,0.7411,20,0.66,0.7764,1,0.64,0.7529,23,0
IWM190927P152,2019-09-25,2019-09-25 09:37:26,0.65,0.7647,54,0.63,0.7411,76,0.66,0.7764,1,0.64,0.7529,23,0
IWM190927P152,2019-09-25,2019-09-25 09:37:27,0.65,0.7647,268,0.63,0.7411,20,0.66,0.7764,1,0.64,0.7529,23,0
IWM190927P152,2019-09-25,2019-09-25 09:37:28,0.65,0.7647,297,0.62,0.7294,354,0.66,0.7764,1,0.635,0.747,23,0
IWM190927P152,2019-09-25,2019-09-25 09:37:28,0.65,0.7647,274,0.62,0.7294,272,0.66,0.7764,1,0.635,0.747,23,0
IWM190927P152,2019-09-25,2019-09-25 09:37:29,0.65,0.7647,438,0.62,0.7294,371,0.66,0.7764,1,0.635,0.747,23,0
IWM190927P152,2019-09-25,2019-09-25 09:37:29,0.65,0.7647,369,0.62,0.7294,247,0.66,0.7764,1,0.635,0.747,23,0
IWM190927P152,2019-09-25,2019-09-25 09:37:30,0.64,0.7529,45,0.62,0.7294,112,0.66,0.7764,1,0.63,0.7411,23,0
IWM190927P152,2019-09-25,2019-09-25 09:37:30,0.64,0.7529,426,0.62,0.7294,67,0.66,0.7764,1,0.63,0.7411,23,0
IWM190927P152,2019-09-25,2019-09-25 09:37:31,0.64,0.7529,465,0.62,0.7294,7,0.66,0.7764,1,0.63,0.7411,23,0
IWM190927P152,2019-09-25,2019-09-25 09:37:31,0.64,0.7529,465,0.62,0.7294,20,0.66,0.7764,1,0.63,0.7411,23,0
IWM190927P152,2019-09-25,2019-09-25 09:37:32,0.64,0.7529,58,0.62,0.7294,16,0.66,0.7764,1,0.63,0.7411,23,0
IWM190927P152,2019-09-25,2019-09-25 09:37:32,0.64,0.7529,352,0.62,0.7294,43,0.66,0.7764,1,0.63,0.7411,23,0
IWM190927P152,2019-09-25,2019-09-25 09:37:33,0.64,0.7529,111,0.62,0.7294,21,0.66,0.7764,1,0.63,0.7411,23,0
IWM190927P152,2019-09-25,2019-09-25 09:37:34,0.64,0.7529,94,0.62,0.7294,69,0.66,0.7764,1,0.63,0.7411,23,0
IWM190927P152,2019-09-25,2019-09-25 09:37:34,0.65,0.7647,338,0.62,0.7294,210,0.66,0.7764,1,0.635,0.747,23,0
IWM190927P152,2019-09-25,2019-09-25 09:37:35,0.65,0.7647,80,0.62,0.7294,210,0.66,0.7764,1,0.635,0.747,23,0
IWM190927P152,2019-09-25,2019-09-25 09:37:35,0.65,0.7647,191,0.63,0.7411,34,0.66,0.7764,1,0.64,0.7529,23,0
IWM190927P152,2019-09-25,2019-09-25 09:37:36,0.66,0.7764,522,0.63,0.7411,226,0.66,0.7764,1,0.645,0.7588,23,0
IWM190927P152,2019-09-25,2019-09-25 09:37:36,0.66,0.7764,226,0.63,0.7411,177,0.66,0.7764,1,0.645,0.7588,23,0
IWM190927P152,2019-09-25,2019-09-25 09:37:37,0.65,0.7647,23,0.63,0.7411,115,0.66,0.7764,1,0.64,0.7529,23,0
IWM190927P152,2019-09-25,2019-09-25 09:37:37,0.65,0.7647,23,0.63,0.7411,307,0.66,0.7764,1,0.64,0.7529,23,0
IWM190927P152,2019-09-25,2019-09-25 09:37:38,0.65,0.7647,204,0.63,0.7411,182,0.66,0.7764,1,0.64,0.7529,23,0
IWM190927P152,2019-09-25,2019-09-25 09:37:38,0.65,0.7647,62,0.63,0.7411,180,0.66,0.7764,1,0.64,0.7529,23,0
IWM190927P152,2019-09-25,2019-09-25 09:37:39,0.65,0.7647,77,0.63,0.7411,180,0.66,0.7764,1,0.64,0.7529,23,0
IWM190927P152,2019-09-25,2019-09-25 09:37:39,0.65,0.7647,77,0.63,0.7411,132,0.66,0.7764,1,0.64,0.7529,23,0
IWM190927P152,2019-09-25,2019-09-25 09:37:40,0.66,0.7764,344,0.63,0.7411,210,0.66,0.7764,1,0.645,0.7588,23,0
IWM190927P152,2019-09-25,2019-09-25 09:37:40,0.66,0.7764,599,0.63,0.7411,200,0.66,0.7764,1,0.645,0.7588,23,0
IWM190927P152,2019-09-25,2019-09-25 09:37:41,0.65,0.7647,141,0.63,0.7411,76,0.64,0.7529,5,0.64,0.7529,33,10
IWM190927P152,2019-09-25,2019-09-25 09:37:41,0.65,0.7647,413,0.63,0.7411,76,0.64,0.7529,5,0.64,0.7529,33,0
IWM190927P152,2019-09-25,2019-09-25 09:37:42,0.65,0.7647,496,0.62,0.7294,187,0.64,0.7529,5,0.635,0.747,33,0
IWM190927P152,2019-09-25,2019-09-25 09:37:42,0.65,0.7647,413,0.63,0.7411,10,0.64,0.7529,5,0.64,0.7529,33,0
IWM190927P152,2019-09-25,2019-09-25 09:37:43,0.64,0.7529,218,0.61,0.7176,90,0.64,0.7529,5,0.625,0.7352,33,0
IWM190927P152,2019-09-25,2019-09-25 09:37:43,0.65,0.7647,496,0.62,0.7294,213,0.64,0.7529,5,0.635,0.747,33,0
IWM190927P152,2019-09-25,2019-09-25 09:37:44,0.64,0.7529,375,0.62,0.7294,34,0.64,0.7529,5,0.63,0.7411,33,0
IWM190927P152,2019-09-25,2019-09-25 09:37:45,0.64,0.7529,375,0.62,0.7294,34,0.64,0.7529,5,0.63,0.7411,33,0
IWM190927P152,2019-09-25,2019-09-25 09:37:45,0.64,0.7529,310,0.62,0.7294,80,0.64,0.7529,5,0.63,0.7411,33,0
IWM190927P152,2019-09-25,2019-09-25 09:37:46,0.64,0.7529,281,0.62,0.7294,102,0.64,0.7529,5,0.63,0.7411,33,0
IWM190927P152,2019-09-25,2019-09-25 09:37:46,0.65,0.7647,539,0.62,0.7294,117,0.64,0.7529,5,0.635,0.747,33,0
IWM190927P152,2019-09-25,2019-09-25 09:37:47,0.65,0.7647,539,0.62,0.7294,332,0.64,0.7529,5,0.635,0.747,33,0
IWM190927P152,2019-09-25,2019-09-25 09:37:47,0.65,0.7647,675,0.62,0.7294,260,0.64,0.7529,5,0.635,0.747,33,0
IWM190927P152,2019-09-25,2019-09-25 09:37:48,0.65,0.7647,534,0.62,0.7294,86,0.64,0.7529,5,0.635,0.747,33,0
IWM190927P152,2019-09-25,2019-09-25 09:37:48,0.65,0.7647,534,0.62,0.7294,238,0.64,0.7529,5,0.635,0.747,33,0
IWM190927P152,2019-09-25,2019-09-25 09:37:49,0.64,0.7529,398,0.61,0.7176,175,0.64,0.7529,5,0.625,0.7352,33,0
IWM190927P152,2019-09-25,2019-09-25 09:37:49,0.63,0.7411,142,0.61,0.7176,104,0.64,0.7529,5,0.62,0.7294,33,0
IWM190927P152,2019-09-25,2019-09-25 09:37:50,0.63,0.7411,182,0.61,0.7176,108,0.64,0.7529,5,0.62,0.7294,33,0
IWM190927P152,2019-09-25,2019-09-25 09:37:50,0.63,0.7411,515,0.61,0.7176,26,0.64,0.7529,5,0.62,0.7294,33,0
IWM190927P152,2019-09-25,2019-09-25 09:37:51,0.63,0.7411,279,0.61,0.7176,96,0.64,0.7529,5,0.62,0.7294,33,0
IWM190927P152,2019-09-25,2019-09-25 09:37:51,0.63,0.7411,167,0.61,0.7176,28,0.64,0.7529,5,0.62,0.7294,33,0
IWM190927P152,2019-09-25,2019-09-25 09:37:52,0.63,0.7411,279,0.61,0.7176,158,0.64,0.7529,5,0.62,0.7294,33,0
IWM190927P152,2019-09-25,2019-09-25 09:37:52,0.63,0.7411,279,0.61,0.7176,96,0.64,0.7529,5,0.62,0.7294,33,0
IWM190927P152,2019-09-25,2019-09-25 09:37:53,0.63,0.7411,279,0.61,0.7176,105,0.64,0.7529,5,0.62,0.7294,33,0
IWM190927P152,2019-09-25,2019-09-25 09:37:53,0.63,0.7411,279,0.61,0.7176,84,0.64,0.7529,5,0.62,0.7294,33,0
IWM190927P152,2019-09-25,2019-09-25 09:37:54,0.63,0.7411,279,0.61,0.7176,119,0.64,0.7529,5,0.62,0.7294,33,0
IWM190927P152,2019-09-25,2019-09-25 09:37:54,0.63,0.7411,21,0.61,0.7176,107,0.64,0.7529,5,0.62,0.7294,33,0
IWM190927P152,2019-09-25,2019-09-25 09:37:55,0.64,0.7529,609,0.61,0.7176,357,0.64,0.7529,5,0.625,0.7352,33,0
IWM190927P152,2019-09-25,2019-09-25 09:37:55,0.64,0.7529,524,0.61,0.7176,357,0.64,0.7529,5,0.625,0.7352,33,0
IWM190927P152,2019-09-25,2019-09-25 09:37:56,0.63,0.7411,33,0.61,0.7176,263,0.64,0.7529,5,0.62,0.7294,33,0
IWM190927P152,2019-09-25,2019-09-25 09:37:56,0.63,0.7411,34,0.61,0.7176,326,0.64,0.7529,5,0.62,0.7294,33,0
IWM190927P152,2019-09-25,2019-09-25 09:37:57,0.63,0.7411,33,0.61,0.7176,310,0.64,0.7529,5,0.62,0.7294,33,0
IWM190927P152,2019-09-25,2019-09-25 09:37:58,0.63,0.7411,34,0.61,0.7176,376,0.64,0.7529,5,0.62,0.7294,33,0
IWM190927P152,2019-09-25,2019-09-25 09:37:58,0.64,0.7529,737,0.61,0.7176,318,0.64,0.7529,5,0.625,0.7352,33,0
IWM190927P152,2019-09-25,2019-09-25 09:37:59,0.63,0.7411,18,0.61,0.7176,218,0.64,0.7529,5,0.62,0.7294,33,0
IWM190927P152,2019-09-25,2019-09-25 09:38:00,0.63,0.7411,89,0.61,0.7176,62,0.64,0.7529,5,0.62,0.7294,33,0
IWM190927P152,2019-09-25,2019-09-25 09:38:00,0.63,0.7411,94,0.61,0.7176,59,0.64,0.7529,5,0.62,0.7294,33,0
IWM190927P152,2019-09-25,2019-09-25 09:38:01,0.63,0.7411,530,0.61,0.7176,15,0.64,0.7529,5,0.62,0.7294,33,0
IWM190927P152,2019-09-25,2019-09-25 09:38:01,0.63,0.7411,168,0.61,0.7176,40,0.64,0.7529,5,0.62,0.7294,33,0
IWM190927P152,2019-09-25,2019-09-25 09:38:02,0.63,0.7411,452,0.61,0.7176,15,0.64,0.7529,5,0.62,0.7294,33,0
IWM190927P152,2019-09-25,2019-09-25 09:38:02,0.62,0.7294,76,0.61,0.7176,15,0.64,0.7529,5,0.615,0.7235,33,0
IWM190927P152,2019-09-25,2019-09-25 09:38:03,0.62,0.7294,76,0.59,0.6941,240,0.64,0.7529,5,0.605,0.7117,33,0
IWM190927P152,2019-09-25,2019-09-25 09:38:04,0.63,0.7411,246,0.6,0.7058,178,0.64,0.7529,5,0.615,0.7235,33,0
IWM190927P152,2019-09-25,2019-09-25 09:38:04,0.62,0.7294,512,0.6,0.7058,20,0.64,0.7529,5,0.61,0.7176,33,0
IWM190927P152,2019-09-25,2019-09-25 09:38:05,0.63,0.7411,77,0.61,0.7176,114,0.64,0.7529,5,0.62,0.7294,33,0
IWM190927P152,2019-09-25,2019-09-25 09:38:05,0.63,0.7411,257,0.61,0.7176,81,0.64,0.7529,5,0.62,0.7294,33,0
IWM190927P152,2019-09-25,2019-09-25 09:38:06,0.63,0.7411,77,0.61,0.7176,260,0.64,0.7529,5,0.62,0.7294,33,0
IWM190927P152,2019-09-25,2019-09-25 09:38:06,0.63,0.7411,39,0.61,0.7176,318,0.64,0.7529,5,0.62,0.7294,33,0
IWM190927P152,2019-09-25,2019-09-25 09:38:07,0.64,0.7529,346,0.62,0.7294,31,0.64,0.7529,5,0.63,0.7411,33,0
IWM190927P152,2019-09-25,2019-09-25 09:38:07,0.64,0.7529,346,0.62,0.7294,47,0.64,0.7529,5,0.63,0.7411,33,0
IWM190927P152,2019-09-25,2019-09-25 09:38:08,0.64,0.7529,436,0.62,0.7294,47,0.64,0.7529,5,0.63,0.7411,33,0
IWM190927P152,2019-09-25,2019-09-25 09:38:08,0.64,0.7529,408,0.62,0.7294,47,0.64,0.7529,5,0.63,0.7411,33,0
IWM190927P152,2019-09-25,2019-09-25 09:38:09,0.64,0.7529,123,0.62,0.7294,154,0.64,0.7529,5,0.63,0.7411,33,0
IWM190927P152,2019-09-25,2019-09-25 09:38:09,0.64,0.7529,409,0.62,0.7294,53,0.64,0.7529,5,0.63,0.7411,33,0
IWM190927P152,2019-09-25,2019-09-25 09:38:10,0.64,0.7529,48,0.62,0.7294,103,0.64,0.7529,5,0.63,0.7411,33,0
IWM190927P152,2019-09-25,2019-09-25 09:38:11,0.64,0.7529,46,0.62,0.7294,90,0.64,0.7529,5,0.63,0.7411,33,0
IWM190927P152,2019-09-25,2019-09-25 09:38:11,0.64,0.7529,43,0.62,0.7294,89,0.64,0.7529,5,0.63,0.7411,33,0
IWM190927P152,2019-09-25,2019-09-25 09:38:12,0.64,0.7529,200,0.62,0.7294,15,0.64,0.7529,5,0.63,0.7411,33,0
IWM190927P152,2019-09-25,2019-09-25 09:38:12,0.64,0.7529,46,0.62,0.7294,90,0.64,0.7529,5,0.63,0.7411,33,0
IWM190927P152,2019-09-25,2019-09-25 09:38:13,0.64,0.7529,46,0.62,0.7294,23,0.64,0.7529,5,0.63,0.7411,33,0
IWM190927P152,2019-09-25,2019-09-25 09:38:13,0.64,0.7529,318,0.62,0.7294,15,0.64,0.7529,5,0.63,0.7411,33,0
IWM190927P152,2019-09-25,2019-09-25 09:38:14,0.64,0.7529,46,0.62,0.7294,53,0.64,0.7529,5,0.63,0.7411,33,0
IWM190927P152,2019-09-25,2019-09-25 09:38:14,0.64,0.7529,46,0.62,0.7294,35,0.64,0.7529,5,0.63,0.7411,33,0
IWM190927P152,2019-09-25,2019-09-25 09:38:15,0.64,0.7529,145,0.61,0.7176,142,0.64,0.7529,5,0.625,0.7352,33,0
IWM190927P152,2019-09-25,2019-09-25 09:38:15,0.64,0.7529,188,0.61,0.7176,189,0.64,0.7529,5,0.625,0.7352,33,0
IWM190927P152,2019-09-25,2019-09-25 09:38:16,0.64,0.7529,370,0.61,0.7176,185,0.64,0.7529,5,0.625,0.7352,33,0
IWM190927P152,2019-09-25,2019-09-25 09:38:16,0.64,0.7529,371,0.61,0.7176,185,0.64,0.7529,5,0.625,0.7352,33,0
IWM190927P152,2019-09-25,2019-09-25 09:38:17,0.64,0.7529,79,0.61,0.7176,182,0.64,0.7529,5,0.625,0.7352,33,0
IWM190927P152,2019-09-25,2019-09-25 09:38:18,0.65,0.7647,172,0.62,0.7294,170,0.64,0.7529,5,0.635,0.747,33,0
IWM190927P152,2019-09-25,2019-09-25 09:38:18,0.65,0.7647,433,0.62,0.7294,160,0.64,0.7529,5,0.635,0.747,33,0
IWM190927P152,2019-09-25,2019-09-25 09:38:19,0.65,0.7647,172,0.62,0.7294,150,0.64,0.7529,5,0.635,0.747,33,0
IWM190927P152,2019-09-25,2019-09-25 09:38:19,0.65,0.7647,172,0.62,0.7294,170,0.64,0.7529,5,0.635,0.747,33,0
IWM190927P152,2019-09-25,2019-09-25 09:38:20,0.65,0.7647,161,0.63,0.7411,79,0.64,0.7529,5,0.64,0.7529,33,0
IWM190927P152,2019-09-25,2019-09-25 09:38:20,0.65,0.7647,172,0.62,0.7294,168,0.64,0.7529,5,0.635,0.747,33,0
IWM190927P152,2019-09-25,2019-09-25 09:38:21,0.65,0.7647,136,0.62,0.7294,66,0.64,0.7529,5,0.635,0.747,33,0
IWM190927P152,2019-09-25,2019-09-25 09:38:21,0.64,0.7529,148,0.62,0.7294,83,0.64,0.7529,5,0.63,0.7411,33,0
IWM190927P152,2019-09-25,2019-09-25 09:38:22,0.64,0.7529,148,0.62,0.7294,50,0.64,0.7529,5,0.63,0.7411,33,0
IWM190927P152,2019-09-25,2019-09-25 09:38:22,0.64,0.7529,185,0.62,0.7294,108,0.64,0.7529,5,0.63,0.7411,33,0
IWM190927P152,2019-09-25,2019-09-25 09:38:23,0.64,0.7529,97,0.62,0.7294,115,0.64,0.7529,5,0.63,0.7411,33,0
IWM190927P152,2019-09-25,2019-09-25 09:38:23,0.64,0.7529,97,0.62,0.7294,88,0.64,0.7529,5,0.63,0.7411,33,0
IWM190927P152,2019-09-25,2019-09-25 09:38:24,0.64,0.7529,97,0.62,0.7294,115,0.64,0.7529,5,0.63,0.7411,33,0
IWM190927P152,2019-09-25,2019-09-25 09:38:25,0.63,0.7411,60,0.62,0.7294,55,0.64,0.7529,5,0.625,0.7352,33,0
IWM190927P152,2019-09-25,2019-09-25 09:38:25,0.64,0.7529,325,0.62,0.7294,55,0.64,0.7529,5,0.63,0.7411,33,0
IWM190927P152,2019-09-25,2019-09-25 09:38:26,0.63,0.7411,60,0.62,0.7294,55,0.64,0.7529,5,0.625,0.7352,33,0
IWM190927P152,2019-09-25,2019-09-25 09:38:26,0.63,0.7411,32,0.61,0.7176,127,0.64,0.7529,5,0.62,0.7294,33,0
IWM190927P152,2019-09-25,2019-09-25 09:38:27,0.63,0.7411,32,0.61,0.7176,116,0.64,0.7529,5,0.62,0.7294,33,0
IWM190927P152,2019-09-25,2019-09-25 09:38:27,0.63,0.7411,17,0.61,0.7176,137,0.64,0.7529,5,0.62,0.7294,33,0
IWM190927P152,2019-09-25,2019-09-25 09:38:28,0.64,0.7529,278,0.62,0.7294,29,0.64,0.7529,5,0.63,0.7411,33,0
IWM190927P152,2019-09-25,2019-09-25 09:38:28,0.64,0.7529,278,0.62,0.7294,84,0.64,0.7529,5,0.63,0.7411,33,0
IWM190927P152,2019-09-25,2019-09-25 09:38:29,0.64,0.7529,278,0.62,0.7294,84,0.64,0.7529,5,0.63,0.7411,33,0
IWM190927P152,2019-09-25,2019-09-25 09:38:29,0.65,0.7647,130,0.62,0.7294,84,0.64,0.7529,5,0.635,0.747,33,0
IWM190927P152,2019-09-25,2019-09-25 09:38:30,0.65,0.7647,317,0.62,0.7294,94,0.64,0.7529,5,0.635,0.747,33,0
IWM190927P152,2019-09-25,2019-09-25 09:38:30,0.65,0.7647,317,0.62,0.7294,159,0.64,0.7529,5,0.635,0.747,33,0
IWM190927P152,2019-09-25,2019-09-25 09:38:31,0.65,0.7647,108,0.63,0.7411,20,0.64,0.7529,5,0.64,0.7529,33,0
IWM190927P152,2019-09-25,2019-09-25 09:38:31,0.65,0.7647,162,0.63,0.7411,20,0.64,0.7529,5,0.64,0.7529,33,0
IWM190927P152,2019-09-25,2019-09-25 09:38:32,0.65,0.7647,371,0.62,0.7294,129,0.64,0.7529,5,0.635,0.747,33,0
IWM190927P152,2019-09-25,2019-09-25 09:38:32,0.65,0.7647,371,0.63,0.7411,33,0.64,0.7529,5,0.64,0.7529,33,0
IWM190927P152,2019-09-25,2019-09-25 09:38:33,0.64,0.7529,181,0.62,0.7294,116,0.64,0.7529,5,0.63,0.7411,33,0
IWM190927P152,2019-09-25,2019-09-25 09:38:33,0.64,0.7529,143,0.62,0.7294,126,0.64,0.7529,5,0.63,0.7411,33,0
IWM190927P152,2019-09-25,2019-09-25 09:38:34,0.65,0.7647,190,0.63,0.7411,46,0.64,0.7529,5,0.64,0.7529,33,0
IWM190927P152,2019-09-25,2019-09-25 09:38:35,0.65,0.7647,190,0.63,0.7411,53,0.64,0.7529,5,0.64,0.7529,33,0
IWM190927P152,2019-09-25,2019-09-25 09:38:35,0.65,0.7647,190,0.63,0.7411,69,0.64,0.7529,5,0.64,0.7529,33,0
IWM190927P152,2019-09-25,2019-09-25 09:38:36,0.65,0.7647,190,0.63,0.7411,30,0.64,0.7529,5,0.64,0.7529,33,0
IWM190927P152,2019-09-25,2019-09-25 09:38:36,0.65,0.7647,190,0.63,0.7411,53,0.64,0.7529,5,0.64,0.7529,33,0
IWM190927P152,2019-09-25,2019-09-25 09:38:37,0.65,0.7647,190,0.63,0.7411,30,0.64,0.7529,5,0.64,0.7529,33,0
IWM190927P152,2019-09-25,2019-09-25 09:38:38,0.65,0.7647,190,0.63,0.7411,30,0.64,0.7529,5,0.64,0.7529,33,0
IWM190927P152,2019-09-25,2019-09-25 09:38:38,0.65,0.7647,190,0.63,0.7411,68,0.64,0.7529,5,0.64,0.7529,33,0
IWM190927P152,2019-09-25,2019-09-25 09:38:39,0.64,0.7529,82,0.62,0.7294,62,0.64,0.7529,5,0.63,0.7411,33,0
IWM190927P152,2019-09-25,2019-09-25 09:38:39,0.65,0.7647,190,0.63,0.7411,20,0.64,0.7529,5,0.64,0.7529,33,0
IWM190927P152,2019-09-25,2019-09-25 09:38:40,0.64,0.7529,183,0.62,0.7294,128,0.64,0.7529,5,0.63,0.7411,33,0
IWM190927P152,2019-09-25,2019-09-25 09:38:40,0.64,0.7529,158,0.62,0.7294,128,0.64,0.7529,5,0.63,0.7411,33,0
IWM190927P152,2019-09-25,2019-09-25 09:38:41,0.64,0.7529,183,0.62,0.7294,128,0.64,0.7529,5,0.63,0.7411,33,0
IWM190927P152,2019-09-25,2019-09-25 09:38:42,0.64,0.7529,100,0.62,0.7294,62,0.64,0.7529,5,0.63,0.7411,33,0
IWM190927P152,2019-09-25,2019-09-25 09:38:42,0.64,0.7529,98,0.62,0.7294,76,0.64,0.7529,5,0.63,0.7411,33,0
IWM190927P152,2019-09-25,2019-09-25 09:38:43,0.64,0.7529,100,0.62,0.7294,76,0.64,0.7529,5,0.63,0.7411,33,0
IWM190927P152,2019-09-25,2019-09-25 09:38:43,0.64,0.7529,100,0.62,0.7294,117,0.64,0.7529,5,0.63,0.7411,33,0
IWM190927P152,2019-09-25,2019-09-25 09:38:44,0.65,0.7647,94,0.63,0.7411,92,0.64,0.7529,5,0.64,0.7529,33,0
IWM190927P152,2019-09-25,2019-09-25 09:38:44,0.64,0.7529,100,0.62,0.7294,117,0.64,0.7529,5,0.63,0.7411,33,0
IWM190927P152,2019-09-25,2019-09-25 09:38:45,0.65,0.7647,94,0.63,0.7411,102,0.64,0.7529,5,0.64,0.7529,33,0
IWM190927P152,2019-09-25,2019-09-25 09:38:45,0.65,0.7647,94,0.63,0.7411,192,0.64,0.7529,5,0.64,0.7529,33,0
IWM190927P152,2019-09-25,2019-09-25 09:38:46,0.66,0.7764,349,0.63,0.7411,185,0.64,0.7529,5,0.645,0.7588,33,0
IWM190927P152,2019-09-25,2019-09-25 09:38:46,0.65,0.7647,21,0.63,0.7411,106,0.64,0.7529,5,0.64,0.7529,33,0
IWM190927P152,2019-09-25,2019-09-25 09:38:48,0.66,0.7764,206,0.64,0.7529,51,0.64,0.7529,5,0.65,0.7647,33,0
IWM190927P152,2019-09-25,2019-09-25 09:38:48,0.66,0.7764,309,0.64,0.7529,17,0.64,0.7529,5,0.65,0.7647,33,0
IWM190927P152,2019-09-25,2019-09-25 09:38:49,0.65,0.7647,491,0.62,0.7294,91,0.64,0.7529,5,0.635,0.747,33,0
IWM190927P152,2019-09-25,2019-09-25 09:38:49,0.65,0.7647,451,0.62,0.7294,176,0.64,0.7529,5,0.635,0.747,33,0
IWM190927P152,2019-09-25,2019-09-25 09:38:50,0.64,0.7529,95,0.61,0.7176,181,0.64,0.7529,5,0.625,0.7352,33,0
IWM190927P152,2019-09-25,2019-09-25 09:38:50,0.64,0.7529,126,0.62,0.7294,91,0.64,0.7529,5,0.63,0.7411,33,0
IWM190927P152,2019-09-25,2019-09-25 09:38:51,0.64,0.7529,94,0.62,0.7294,59,0.64,0.7529,5,0.63,0.7411,33,0
IWM190927P152,2019-09-25,2019-09-25 09:38:51,0.64,0.7529,94,0.62,0.7294,40,0.64,0.7529,5,0.63,0.7411,33,0
IWM190927P152,2019-09-25,2019-09-25 09:38:52,0.65,0.7647,321,0.62,0.7294,173,0.64,0.7529,5,0.635,0.747,33,0
IWM190927P152,2019-09-25,2019-09-25 09:38:52,0.64,0.7529,49,0.62,0.7294,59,0.64,0.7529,5,0.63,0.7411,33,0
IWM190927P152,2019-09-25,2019-09-25 09:38:53,0.65,0.7647,398,0.62,0.7294,270,0.64,0.7529,5,0.635,0.747,33,0
IWM190927P152,2019-09-25,2019-09-25 09:38:54,0.65,0.7647,398,0.62,0.7294,280,0.64,0.7529,5,0.635,0.747,33,0
IWM190927P152,2019-09-25,2019-09-25 09:38:55,0.64,0.7529,60,0.62,0.7294,96,0.64,0.7529,5,0.63,0.7411,33,0
IWM190927P152,2019-09-25,2019-09-25 09:38:55,0.65,0.7647,418,0.62,0.7294,171,0.64,0.7529,5,0.635,0.747,33,0
IWM190927P152,2019-09-25,2019-09-25 09:38:56,0.64,0.7529,34,0.62,0.7294,158,0.64,0.7529,5,0.63,0.7411,33,0
IWM190927P152,2019-09-25,2019-09-25 09:38:56,0.64,0.7529,34,0.62,0.7294,96,0.64,0.7529,5,0.63,0.7411,33,0
IWM190927P152,2019-09-25,2019-09-25 09:38:57,0.65,0.7647,376,0.62,0.7294,158,0.64,0.7529,5,0.635,0.747,33,0
IWM190927P152,2019-09-25,2019-09-25 09:38:57,0.65,0.7647,336,0.62,0.7294,158,0.64,0.7529,5,0.635,0.747,33,0
IWM190927P152,2019-09-25,2019-09-25 09:38:58,0.65,0.7647,376,0.62,0.7294,158,0.64,0.7529,5,0.635,0.747,33,0
IWM190927P152,2019-09-25,2019-09-25 09:38:58,0.65,0.7647,376,0.62,0.7294,180,0.64,0.7529,5,0.635,0.747,33,0
IWM190927P152,2019-09-25,2019-09-25 09:38:59,0.65,0.7647,376,0.62,0.7294,168,0.64,0.7529,5,0.635,0.747,33,0
IWM190927P152,2019-09-25,2019-09-25 09:39:00,0.65,0.7647,112,0.63,0.7411,66,0.64,0.7529,5,0.64,0.7529,33,0
IWM190927P152,2019-09-25,2019-09-25 09:39:00,0.65,0.7647,105,0.63,0.7411,96,0.64,0.7529,5,0.64,0.7529,33,0
IWM190927P152,2019-09-25,2019-09-25 09:39:01,0.65,0.7647,52,0.63,0.7411,125,0.64,0.7529,5,0.64,0.7529,33,0
IWM190927P152,2019-09-25,2019-09-25 09:39:02,0.65,0.7647,81,0.63,0.7411,125,0.64,0.7529,5,0.64,0.7529,33,0
IWM190927P152,2019-09-25,2019-09-25 09:39:02,0.65,0.7647,81,0.63,0.7411,101,0.64,0.7529,5,0.64,0.7529,33,0
IWM190927P152,2019-09-25,2019-09-25 09:39:03,0.66,0.7764,352,0.63,0.7411,179,0.64,0.7529,5,0.645,0.7588,33,0
IWM190927P152,2019-09-25,2019-09-25 09:39:03,0.66,0.7764,352,0.63,0.7411,189,0.64,0.7529,5,0.645,0.7588,33,0
IWM190927P152,2019-09-25,2019-09-25 09:39:04,0.65,0.7647,34,0.63,0.7411,121,0.64,0.7529,5,0.64,0.7529,33,0
IWM190927P152,2019-09-25,2019-09-25 09:39:04,0.66,0.7764,451,0.63,0.7411,121,0.64,0.7529,5,0.645,0.7588,33,0
IWM190927P152,2019-09-25,2019-09-25 09:39:05,0.67,0.7882,426,0.64,0.7529,205,0.64,0.7529,5,0.655,0.7705,33,0
IWM190927P152,2019-09-25,2019-09-25 09:39:05,0.66,0.7764,64,0.64,0.7529,34,0.64,0.7529,5,0.65,0.7647,33,0
IWM190927P152,2019-09-25,2019-09-25 09:39:06,0.67,0.7882,431,0.64,0.7529,238,0.64,0.7529,5,0.655,0.7705,33,0
IWM190927P152,2019-09-25,2019-09-25 09:39:06,0.67,0.7882,431,0.65,0.7647,16,0.64,0.7529,5,0.66,0.7764,33,0
IWM190927P152,2019-09-25,2019-09-25 09:39:07,0.67,0.7882,628,0.64,0.7529,217,0.64,0.7529,5,0.655,0.7705,33,0
IWM190927P152,2019-09-25,2019-09-25 09:39:07,0.67,0.7882,422,0.65,0.7647,24,0.64,0.7529,5,0.66,0.7764,33,0
IWM190927P152,2019-09-25,2019-09-25 09:39:08,0.67,0.7882,628,0.64,0.7529,230,0.64,0.7529,5,0.655,0.7705,33,0
IWM190927P152,2019-09-25,2019-09-25 09:39:08,0.67,0.7882,539,0.64,0.7529,174,0.64,0.7529,5,0.655,0.7705,33,0
IWM190927P152,2019-09-25,2019-09-25 09:39:09,0.66,0.7764,94,0.64,0.7529,171,0.64,0.7529,5,0.65,0.7647,33,0
IWM190927P152,2019-09-25,2019-09-25 09:39:09,0.66,0.7764,94,0.64,0.7529,49,0.64,0.7529,5,0.65,0.7647,33,0
IWM190927P152,2019-09-25,2019-09-25 09:39:10,0.66,0.7764,193,0.64,0.7529,72,0.64,0.7529,5,0.65,0.7647,33,0
IWM190927P152,2019-09-25,2019-09-25 09:39:11,0.66,0.7764,334,0.64,0.7529,24,0.64,0.7529,5,0.65,0.7647,33,0
IWM190927P152,2019-09-25,2019-09-25 09:39:11,0.66,0.7764,246,0.64,0.7529,24,0.64,0.7529,5,0.65,0.7647,33,0
IWM190927P152,2019-09-25,2019-09-25 09:39:12,0.66,0.7764,526,0.64,0.7529,16,0.64,0.7529,5,0.65,0.7647,33,0
IWM190927P152,2019-09-25,2019-09-25 09:39:12,0.66,0.7764,401,0.64,0.7529,16,0.64,0.7529,5,0.65,0.7647,33,0
IWM190927P152,2019-09-25,2019-09-25 09:39:13,0.66,0.7764,429,0.64,0.7529,16,0.64,0.7529,5,0.65,0.7647,33,0
IWM190927P152,2019-09-25,2019-09-25 09:39:14,0.66,0.7764,429,0.63,0.7411,258,0.64,0.7529,5,0.645,0.7588,33,0
IWM190927P152,2019-09-25,2019-09-25 09:39:15,0.65,0.7647,52,0.63,0.7411,258,0.64,0.7529,5,0.64,0.7529,33,0
IWM190927P152,2019-09-25,2019-09-25 09:39:15,0.65,0.7647,143,0.63,0.7411,258,0.64,0.7529,5,0.64,0.7529,33,0
IWM190927P152,2019-09-25,2019-09-25 09:39:16,0.65,0.7647,43,0.63,0.7411,96,0.64,0.7529,5,0.64,0.7529,33,0
IWM190927P152,2019-09-25,2019-09-25 09:39:16,0.65,0.7647,144,0.63,0.7411,97,0.64,0.7529,5,0.64,0.7529,33,0
IWM190927P152,2019-09-25,2019-09-25 09:39:17,0.65,0.7647,43,0.63,0.7411,97,0.64,0.7529,5,0.64,0.7529,33,0
IWM190927P152,2019-09-25,2019-09-25 09:39:17,0.65,0.7647,80,0.63,0.7411,36,0.64,0.7529,5,0.64,0.7529,33,0
IWM190927P152,2019-09-25,2019-09-25 09:39:18,0.65,0.7647,172,0.63,0.7411,76,0.64,0.7529,5,0.64,0.7529,33,0
IWM190927P152,2019-09-25,2019-09-25 09:39:18,0.65,0.7647,146,0.63,0.7411,76,0.64,0.7529,5,0.64,0.7529,33,0
IWM190927P152,2019-09-25,2019-09-25 09:39:19,0.65,0.7647,134,0.63,0.7411,76,0.64,0.7529,5,0.64,0.7529,33,0
IWM190927P152,2019-09-25,2019-09-25 09:39:19,0.65,0.7647,201,0.63,0.7411,49,0.64,0.7529,5,0.64,0.7529,33,0
IWM190927P152,2019-09-25,2019-09-25 09:39:20,0.65,0.7647,80,0.63,0.7411,79,0.64,0.7529,5,0.64,0.7529,33,0
IWM190927P152,2019-09-25,2019-09-25 09:39:21,0.65,0.7647,108,0.63,0.7411,50,0.64,0.7529,5,0.64,0.7529,33,0
IWM190927P152,2019-09-25,2019-09-25 09:39:21,0.65,0.7647,80,0.63,0.7411,79,0.64,0.7529,5,0.64,0.7529,33,0
IWM190927P152,2019-09-25,2019-09-25 09:39:22,0.65,0.7647,108,0.63,0.7411,50,0.64,0.7529,5,0.64,0.7529,33,0
IWM190927P152,2019-09-25,2019-09-25 09:39:22,0.65,0.7647,162,0.63,0.7411,36,0.64,0.7529,5,0.64,0.7529,33,0
IWM190927P152,2019-09-25,2019-09-25 09:39:23,0.65,0.7647,229,0.62,0.7294,228,0.64,0.7529,5,0.635,0.747,33,0
IWM190927P152,2019-09-25,2019-09-25 09:39:24,0.65,0.7647,229,0.63,0.7411,38,0.64,0.7529,5,0.64,0.7529,33,0
IWM190927P152,2019-09-25,2019-09-25 09:39:24,0.65,0.7647,229,0.63,0.7411,9,0.64,0.7529,5,0.64,0.7529,33,0
IWM190927P152,2019-09-25,2019-09-25 09:39:25,0.65,0.7647,300,0.63,0.7411,21,0.64,0.7529,5,0.64,0.7529,33,0
IWM190927P152,2019-09-25,2019-09-25 09:39:25,0.65,0.7647,300,0.63,0.7411,48,0.64,0.7529,5,0.64,0.7529,33,0
IWM190927P152,2019-09-25,2019-09-25 09:39:26,0.65,0.7647,462,0.63,0.7411,21,0.64,0.7529,5,0.64,0.7529,33,0
IWM190927P152,2019-09-25,2019-09-25 09:39:27,0.65,0.7647,311,0.63,0.7411,30,0.64,0.7529,5,0.64,0.7529,33,0
IWM190927P152,2019-09-25,2019-09-25 09:39:27,0.65,0.7647,311,0.63,0.7411,21,0.64,0.7529,5,0.64,0.7529,33,0
IWM190927P152,2019-09-25,2019-09-25 09:39:28,0.65,0.7647,453,0.63,0.7411,21,0.64,0.7529,5,0.64,0.7529,33,0
IWM190927P152,2019-09-25,2019-09-25 09:39:29,0.65,0.7647,441,0.63,0.7411,30,0.64,0.7529,5,0.64,0.7529,33,0
IWM190927P152,2019-09-25,2019-09-25 09:39:29,0.65,0.7647,405,0.63,0.7411,30,0.64,0.7529,5,0.64,0.7529,33,0
IWM190927P152,2019-09-25,2019-09-25 09:39:30,0.65,0.7647,441,0.63,0.7411,30,0.64,0.7529,5,0.64,0.7529,33,0
IWM190927P152,2019-09-25,2019-09-25 09:39:30,0.64,0.7529,57,0.62,0.7294,102,0.64,0.7529,5,0.63,0.7411,33,0
IWM190927P152,2019-09-25,2019-09-25 09:39:31,0.64,0.7529,57,0.62,0.7294,102,0.64,0.7529,5,0.63,0.7411,33,0
IWM190927P152,2019-09-25,2019-09-25 09:39:31,0.64,0.7529,381,0.62,0.7294,27,0.64,0.7529,5,0.63,0.7411,33,0
IWM190927P152,2019-09-25,2019-09-25 09:39:32,0.63,0.7411,201,0.61,0.7176,21,0.64,0.7529,5,0.62,0.7294,33,0
IWM190927P152,2019-09-25,2019-09-25 09:39:32,0.63,0.7411,151,0.62,0.7294,4,0.64,0.7529,5,0.625,0.7352,33,0
IWM190927P152,2019-09-25,2019-09-25 09:39:33,0.62,0.7294,13,0.6,0.7058,167,0.64,0.7529,5,0.61,0.7176,33,0
IWM190927P152,2019-09-25,2019-09-25 09:39:33,0.63,0.7411,389,0.6,0.7058,65,0.64,0.7529,5,0.615,0.7235,33,0
IWM190927P152,2019-09-25,2019-09-25 09:39:34,0.62,0.7294,13,0.6,0.7058,167,0.64,0.7529,5,0.61,0.7176,33,0
IWM190927P152,2019-09-25,2019-09-25 09:39:34,0.63,0.7411,379,0.6,0.7058,177,0.64,0.7529,5,0.615,0.7235,33,0
IWM190927P152,2019-09-25,2019-09-25 09:39:35,0.62,0.7294,81,0.61,0.7176,14,0.64,0.7529,5,0.615,0.7235,33,0
IWM190927P152,2019-09-25,2019-09-25 09:39:36,0.62,0.7294,81,0.61,0.7176,14,0.64,0.7529,5,0.615,0.7235,33,0
IWM190927P152,2019-09-25,2019-09-25 09:39:36,0.62,0.7294,68,0.61,0.7176,16,0.64,0.7529,5,0.615,0.7235,33,0
IWM190927P152,2019-09-25,2019-09-25 09:39:37,0.62,0.7294,68,0.61,0.7176,32,0.64,0.7529,5,0.615,0.7235,33,0
IWM190927P152,2019-09-25,2019-09-25 09:39:37,0.62,0.7294,36,0.61,0.7176,12,0.64,0.7529,5,0.615,0.7235,33,0
IWM190927P152,2019-09-25,2019-09-25 09:39:38,0.62,0.7294,36,0.61,0.7176,12,0.64,0.7529,5,0.615,0.7235,33,0
IWM190927P152,2019-09-25,2019-09-25 09:39:39,0.62,0.7294,36,0.61,0.7176,12,0.64,0.7529,5,0.615,0.7235,33,0
IWM190927P152,2019-09-25,2019-09-25 09:39:40,0.62,0.7294,69,0.61,0.7176,70,0.64,0.7529,5,0.615,0.7235,33,0
IWM190927P152,2019-09-25,2019-09-25 09:39:40,0.62,0.7294,26,0.6,0.7058,177,0.64,0.7529,5,0.61,0.7176,33,0
IWM190927P152,2019-09-25,2019-09-25 09:39:41,0.62,0.7294,26,0.6,0.7058,177,0.64,0.7529,5,0.61,0.7176,33,0
IWM190927P152,2019-09-25,2019-09-25 09:39:41,0.62,0.7294,26,0.6,0.7058,212,0.64,0.7529,5,0.61,0.7176,33,0
IWM190927P152,2019-09-25,2019-09-25 09:39:42,0.62,0.7294,26,0.6,0.7058,212,0.64,0.7529,5,0.61,0.7176,33,0
IWM190927P152,2019-09-25,2019-09-25 09:39:43,0.62,0.7294,26,0.6,0.7058,212,0.64,0.7529,5,0.61,0.7176,33,0
IWM190927P152,2019-09-25,2019-09-25 09:39:44,0.62,0.7294,26,0.61,0.7176,14,0.64,0.7529,5,0.615,0.7235,33,0
IWM190927P152,2019-09-25,2019-09-25 09:39:44,0.62,0.7294,20,0.61,0.7176,14,0.64,0.7529,5,0.615,0.7235,33,0
IWM190927P152,2019-09-25,2019-09-25 09:39:45,0.62,0.7294,44,0.6,0.7058,173,0.64,0.7529,5,0.61,0.7176,33,0
IWM190927P152,2019-09-25,2019-09-25 09:39:45,0.62,0.7294,44,0.6,0.7058,100,0.64,0.7529,5,0.61,0.7176,33,0
IWM190927P152,2019-09-25,2019-09-25 09:39:46,0.62,0.7294,20,0.61,0.7176,14,0.64,0.7529,5,0.615,0.7235,33,0
IWM190927P152,2019-09-25,2019-09-25 09:39:46,0.62,0.7294,44,0.6,0.7058,183,0.64,0.7529,5,0.61,0.7176,33,0
IWM190927P152,2019-09-25,2019-09-25 09:39:47,0.62,0.7294,26,0.61,0.7176,14,0.64,0.7529,5,0.615,0.7235,33,0
IWM190927P152,2019-09-25,2019-09-25 09:39:47,0.62,0.7294,32,0.6,0.7058,100,0.64,0.7529,5,0.61,0.7176,33,0
IWM190927P152,2019-09-25,2019-09-25 09:39:48,0.62,0.7294,32,0.6,0.7058,97,0.64,0.7529,5,0.61,0.7176,33,0
IWM190927P152,2019-09-25,2019-09-25 09:39:48,0.63,0.7411,186,0.6,0.7058,99,0.64,0.7529,5,0.615,0.7235,33,0
IWM190927P152,2019-09-25,2019-09-25 09:39:49,0.62,0.7294,30,0.61,0.7176,14,0.64,0.7529,5,0.615,0.7235,33,0
IWM190927P152,2019-09-25,2019-09-25 09:39:49,0.63,0.7411,474,0.61,0.7176,14,0.64,0.7529,5,0.62,0.7294,33,0
IWM190927P152,2019-09-25,2019-09-25 09:39:50,0.63,0.7411,474,0.61,0.7176,36,0.64,0.7529,5,0.62,0.7294,33,0
IWM190927P152,2019-09-25,2019-09-25 09:39:51,0.63,0.7411,148,0.61,0.7176,36,0.64,0.7529,5,0.62,0.7294,33,0
IWM190927P152,2019-09-25,2019-09-25 09:39:51,0.63,0.7411,148,0.61,0.7176,187,0.64,0.7529,5,0.62,0.7294,33,0
IWM190927P152,2019-09-25,2019-09-25 09:39:52,0.63,0.7411,18,0.61,0.7176,187,0.64,0.7529,5,0.62,0.7294,33,0
IWM190927P152,2019-09-25,2019-09-25 09:39:52,0.64,0.7529,216,0.61,0.7176,197,0.64,0.7529,5,0.625,0.7352,33,0
IWM190927P152,2019-09-25,2019-09-25 09:39:53,0.64,0.7529,133,0.62,0.7294,64,0.64,0.7529,5,0.63,0.7411,33,0
IWM190927P152,2019-09-25,2019-09-25 09:39:54,0.64,0.7529,153,0.62,0.7294,80,0.64,0.7529,5,0.63,0.7411,33,0
IWM190927P152,2019-09-25,2019-09-25 09:39:54,0.64,0.7529,142,0.62,0.7294,87,0.64,0.7529,5,0.63,0.7411,33,0
IWM190927P152,2019-09-25,2019-09-25 09:39:55,0.64,0.7529,120,0.62,0.7294,87,0.64,0.7529,5,0.63,0.7411,33,0
IWM190927P152,2019-09-25,2019-09-25 09:39:55,0.64,0.7529,120,0.62,0.7294,112,0.64,0.7529,5,0.63,0.7411,33,0
IWM190927P152,2019-09-25,2019-09-25 09:39:56,0.64,0.7529,33,0.62,0.7294,112,0.64,0.7529,5,0.63,0.7411,33,0
IWM190927P152,2019-09-25,2019-09-25 09:39:56,0.65,0.7647,294,0.62,0.7294,249,0.64,0.7529,5,0.635,0.747,33,0
IWM190927P152,2019-09-25,2019-09-25 09:39:57,0.65,0.7647,294,0.62,0.7294,249,0.64,0.7529,5,0.635,0.747,33,0
IWM190927P152,2019-09-25,2019-09-25 09:39:57,0.65,0.7647,225,0.63,0.7411,34,0.64,0.7529,5,0.64,0.7529,33,0
IWM190927P152,2019-09-25,2019-09-25 09:39:58,0.64,0.7529,17,0.62,0.7294,186,0.64,0.7529,5,0.63,0.7411,33,0
IWM190927P152,2019-09-25,2019-09-25 09:39:58,0.64,0.7529,18,0.62,0.7294,186,0.64,0.7529,5,0.63,0.7411,33,0
IWM190927P152,2019-09-25,2019-09-25 09:39:59,0.65,0.7647,163,0.62,0.7294,186,0.64,0.7529,5,0.635,0.747,33,0
IWM190927P152,2019-09-25,2019-09-25 09:39:59,0.64,0.7529,18,0.62,0.7294,186,0.64,0.7529,5,0.63,0.7411,33,0
IWM190927P152,2019-09-25,2019-09-25 09:40:00,0.65,0.7647,163,0.63,0.7411,30,0.64,0.7529,5,0.64,0.7529,33,0
IWM190927P152,2019-09-25,2019-09-25 09:40:00,0.65,0.7647,163,0.62,0.7294,186,0.64,0.7529,5,0.635,0.747,33,0
IWM190927P152,2019-09-25,2019-09-25 09:40:01,0.65,0.7647,126,0.64,0.7529,21,0.64,0.7529,5,0.645,0.7588,33,0
IWM190927P152,2019-09-25,2019-09-25 09:40:01,0.65,0.7647,163,0.62,0.7294,168,0.64,0.7529,5,0.635,0.747,33,0
IWM190927P152,2019-09-25,2019-09-25 09:40:02,0.65,0.7647,5,0.64,0.7529,15,0.64,0.7529,5,0.645,0.7588,33,0
IWM190927P152,2019-09-25,2019-09-25 09:40:03,0.66,0.7764,127,0.64,0.7529,41,0.64,0.7529,5,0.65,0.7647,33,0
IWM190927P152,2019-09-25,2019-09-25 09:40:03,0.66,0.7764,232,0.64,0.7529,15,0.64,0.7529,5,0.65,0.7647,33,0
IWM190927P152,2019-09-25,2019-09-25 09:40:04,0.66,0.7764,127,0.64,0.7529,41,0.64,0.7529,5,0.65,0.7647,33,0
IWM190927P152,2019-09-25,2019-09-25 09:40:04,0.66,0.7764,183,0.64,0.7529,41,0.64,0.7529,5,0.65,0.7647,33,0
IWM190927P152,2019-09-25,2019-09-25 09:40:05,0.66,0.7764,127,0.64,0.7529,41,0.64,0.7529,5,0.65,0.7647,33,0
IWM190927P152,2019-09-25,2019-09-25 09:40:05,0.66,0.7764,183,0.64,0.7529,41,0.64,0.7529,5,0.65,0.7647,33,0
IWM190927P152,2019-09-25,2019-09-25 09:40:06,0.66,0.7764,127,0.64,0.7529,61,0.64,0.7529,5,0.65,0.7647,33,0
IWM190927P152,2019-09-25,2019-09-25 09:40:07,0.66,0.7764,122,0.64,0.7529,146,0.64,0.7529,5,0.65,0.7647,33,0
IWM190927P152,2019-09-25,2019-09-25 09:40:07,0.66,0.7764,122,0.64,0.7529,175,0.64,0.7529,5,0.65,0.7647,33,0
IWM190927P152,2019-09-25,2019-09-25 09:40:08,0.66,0.7764,22,0.65,0.7647,9,0.64,0.7529,5,0.655,0.7705,33,0
IWM190927P152,2019-09-25,2019-09-25 09:40:08,0.66,0.7764,122,0.64,0.7529,188,0.64,0.7529,5,0.65,0.7647,33,0
IWM190927P152,2019-09-25,2019-09-25 09:40:09,0.66,0.7764,17,0.65,0.7647,17,0.64,0.7529,5,0.655,0.7705,33,0
IWM190927P152,2019-09-25,2019-09-25 09:40:10,0.67,0.7882,203,0.65,0.7647,17,0.64,0.7529,5,0.66,0.7764,33,0
IWM190927P152,2019-09-25,2019-09-25 09:40:10,0.67,0.7882,203,0.65,0.7647,39,0.64,0.7529,5,0.66,0.7764,33,0
IWM190927P152,2019-09-25,2019-09-25 09:40:11,0.65,0.7647,74,0.63,0.7411,86,0.64,0.7529,5,0.64,0.7529,33,0
IWM190927P152,2019-09-25,2019-09-25 09:40:11,0.66,0.7764,81,0.64,0.7529,37,0.64,0.7529,5,0.65,0.7647,33,0
IWM190927P152,2019-09-25,2019-09-25 09:40:12,0.65,0.7647,77,0.63,0.7411,123,0.64,0.7529,5,0.64,0.7529,33,0
IWM190927P152,2019-09-25,2019-09-25 09:40:13,0.65,0.7647,85,0.63,0.7411,123,0.64,0.7529,5,0.64,0.7529,33,0
IWM190927P152,2019-09-25,2019-09-25 09:40:13,0.65,0.7647,77,0.63,0.7411,107,0.64,0.7529,5,0.64,0.7529,33,0
IWM190927P152,2019-09-25,2019-09-25 09:40:14,0.65,0.7647,65,0.63,0.7411,146,0.64,0.7529,5,0.64,0.7529,33,0
IWM190927P152,2019-09-25,2019-09-25 09:40:14,0.65,0.7647,65,0.64,0.7529,17,0.64,0.7529,5,0.645,0.7588,33,0
IWM190927P152,2019-09-25,2019-09-25 09:40:15,0.65,0.7647,176,0.63,0.7411,21,0.64,0.7529,5,0.64,0.7529,33,0
IWM190927P152,2019-09-25,2019-09-25 09:40:16,0.65,0.7647,176,0.63,0.7411,32,0.64,0.7529,5,0.64,0.7529,33,0
IWM190927P152,2019-09-25,2019-09-25 09:40:16,0.65,0.7647,176,0.63,0.7411,21,0.64,0.7529,5,0.64,0.7529,33,0
IWM190927P152,2019-09-25,2019-09-25 09:40:17,0.65,0.7647,176,0.63,0.7411,32,0.64,0.7529,5,0.64,0.7529,33,0
IWM190927P152,2019-09-25,2019-09-25 09:40:17,0.65,0.7647,306,0.63,0.7411,32,0.64,0.7529,5,0.64,0.7529,33,0
IWM190927P152,2019-09-25,2019-09-25 09:40:18,0.64,0.7529,60,0.63,0.7411,17,0.64,0.7529,5,0.635,0.747,33,0
IWM190927P152,2019-09-25,2019-09-25 09:40:18,0.64,0.7529,76,0.63,0.7411,17,0.64,0.7529,5,0.635,0.747,33,0
IWM190927P152,2019-09-25,2019-09-25 09:40:19,0.64,0.7529,76,0.63,0.7411,17,0.64,0.7529,5,0.635,0.747,33,0
IWM190927P152,2019-09-25,2019-09-25 09:40:19,0.64,0.7529,60,0.63,0.7411,21,0.64,0.7529,5,0.635,0.747,33,0
IWM190927P152,2019-09-25,2019-09-25 09:40:20,0.65,0.7647,286,0.63,0.7411,56,0.64,0.7529,5,0.64,0.7529,33,0
IWM190927P152,2019-09-25,2019-09-25 09:40:20,0.65,0.7647,289,0.63,0.7411,55,0.64,0.7529,5,0.64,0.7529,33,0
IWM190927P152,2019-09-25,2019-09-25 09:40:21,0.65,0.7647,289,0.63,0.7411,55,0.64,0.7529,5,0.64,0.7529,33,0
IWM190927P152,2019-09-25,2019-09-25 09:40:21,0.65,0.7647,210,0.63,0.7411,55,0.64,0.7529,5,0.64,0.7529,33,0
IWM190927P152,2019-09-25,2019-09-25 09:40:22,0.64,0.7529,60,0.63,0.7411,17,0.64,0.7529,5,0.635,0.747,33,0
IWM190927P152,2019-09-25,2019-09-25 09:40:22,0.64,0.7529,89,0.63,0.7411,17,0.64,0.7529,5,0.635,0.747,33,0
IWM190927P152,2019-09-25,2019-09-25 09:40:23,0.64,0.7529,60,0.63,0.7411,49,0.64,0.7529,5,0.635,0.747,33,0
IWM190927P152,2019-09-25,2019-09-25 09:40:23,0.65,0.7647,290,0.63,0.7411,49,0.64,0.7529,5,0.64,0.7529,33,0
IWM190927P152,2019-09-25,2019-09-25 09:40:24,0.65,0.7647,76,0.63,0.7411,96,0.64,0.7529,5,0.64,0.7529,33,0
IWM190927P152,2019-09-25,2019-09-25 09:40:24,0.65,0.7647,76,0.63,0.7411,188,0.64,0.7529,5,0.64,0.7529,33,0
IWM190927P152,2019-09-25,2019-09-25 09:40:25,0.65,0.7647,34,0.63,0.7411,185,0.64,0.7529,5,0.64,0.7529,33,0
IWM190927P152,2019-09-25,2019-09-25 09:40:25,0.65,0.7647,76,0.63,0.7411,188,0.64,0.7529,5,0.64,0.7529,33,0
IWM190927P152,2019-09-25,2019-09-25 09:40:26,0.66,0.7764,149,0.63,0.7411,329,0.64,0.7529,5,0.645,0.7588,33,0
IWM190927P152,2019-09-25,2019-09-25 09:40:27,0.65,0.7647,209,0.63,0.7411,37,0.64,0.7529,5,0.64,0.7529,33,0
IWM190927P152,2019-09-25,2019-09-25 09:40:27,0.65,0.7647,65,0.63,0.7411,138,0.64,0.7529,5,0.64,0.7529,33,0
IWM190927P152,2019-09-25,2019-09-25 09:40:28,0.65,0.7647,423,0.63,0.7411,87,0.64,0.7529,5,0.64,0.7529,33,0
IWM190927P152,2019-09-25,2019-09-25 09:40:28,0.65,0.7647,340,0.63,0.7411,37,0.64,0.7529,5,0.64,0.7529,33,0
IWM190927P152,2019-09-25,2019-09-25 09:40:29,0.65,0.7647,350,0.63,0.7411,110,0.64,0.7529,5,0.64,0.7529,33,0
IWM190927P152,2019-09-25,2019-09-25 09:40:29,0.65,0.7647,397,0.63,0.7411,87,0.64,0.7529,5,0.64,0.7529,33,0
IWM190927P152,2019-09-25,2019-09-25 09:40:30,0.66,0.7764,288,0.63,0.7411,221,0.64,0.7529,5,0.645,0.7588,33,0
IWM190927P152,2019-09-25,2019-09-25 09:40:30,0.65,0.7647,376,0.63,0.7411,221,0.64,0.7529,5,0.64,0.7529,33,0
IWM190927P152,2019-09-25,2019-09-25 09:40:31,0.66,0.7764,268,0.63,0.7411,221,0.64,0.7529,5,0.645,0.7588,33,0
IWM190927P152,2019-09-25,2019-09-25 09:40:31,0.66,0.7764,391,0.64,0.7529,169,0.64,0.7529,5,0.65,0.7647,33,0
IWM190927P152,2019-09-25,2019-09-25 09:40:32,0.66,0.7764,447,0.64,0.7529,169,0.64,0.7529,5,0.65,0.7647,33,0
IWM190927P152,2019-09-25,2019-09-25 09:40:32,0.66,0.7764,391,0.64,0.7529,169,0.64,0.7529,5,0.65,0.7647,33,0
IWM190927P152,2019-09-25,2019-09-25 09:40:33,0.66,0.7764,391,0.64,0.7529,169,0.64,0.7529,5,0.65,0.7647,33,0
IWM190927P152,2019-09-25,2019-09-25 09:40:33,0.66,0.7764,60,0.65,0.7647,35,0.64,0.7529,5,0.655,0.7705,33,0
IWM190927P152,2019-09-25,2019-09-25 09:40:34,0.67,0.7882,297,0.65,0.7647,174,0.64,0.7529,5,0.66,0.7764,33,0
IWM190927P152,2019-09-25,2019-09-25 09:40:34,0.67,0.7882,166,0.65,0.7647,175,0.64,0.7529,5,0.66,0.7764,33,0
IWM190927P152,2019-09-25,2019-09-25 09:40:35,0.67,0.7882,166,0.65,0.7647,290,0.64,0.7529,5,0.66,0.7764,33,0
IWM190927P152,2019-09-25,2019-09-25 09:40:35,0.67,0.7882,166,0.65,0.7647,329,0.64,0.7529,5,0.66,0.7764,33,0
IWM190927P152,2019-09-25,2019-09-25 09:40:36,0.68,0.8,310,0.66,0.7764,143,0.64,0.7529,5,0.67,0.7882,33,0
IWM190927P152,2019-09-25,2019-09-25 09:40:36,0.68,0.8,334,0.66,0.7764,113,0.64,0.7529,5,0.67,0.7882,33,0
IWM190927P152,2019-09-25,2019-09-25 09:40:37,0.68,0.8,404,0.67,0.7882,15,0.64,0.7529,5,0.675,0.7941,33,0
IWM190927P152,2019-09-25,2019-09-25 09:40:37,0.68,0.8,60,0.67,0.7882,15,0.64,0.7529,5,0.675,0.7941,33,0
IWM190927P152,2019-09-25,2019-09-25 09:40:38,0.68,0.8,60,0.67,0.7882,21,0.64,0.7529,5,0.675,0.7941,33,0
IWM190927P152,2019-09-25,2019-09-25 09:40:38,0.68,0.8,60,0.67,0.7882,71,0.64,0.7529,5,0.675,0.7941,33,0
IWM190927P152,2019-09-25,2019-09-25 09:40:39,0.69,0.8117,310,0.67,0.7882,95,0.64,0.7529,5,0.68,0.8,33,0
IWM190927P152,2019-09-25,2019-09-25 09:40:39,0.69,0.8117,327,0.67,0.7882,142,0.64,0.7529,5,0.68,0.8,33,0
IWM190927P152,2019-09-25,2019-09-25 09:40:40,0.69,0.8117,361,0.67,0.7882,213,0.64,0.7529,5,0.68,0.8,33,0
IWM190927P152,2019-09-25,2019-09-25 09:40:40,0.69,0.8117,341,0.67,0.7882,142,0.64,0.7529,5,0.68,0.8,33,0
IWM190927P152,2019-09-25,2019-09-25 09:40:41,0.69,0.8117,238,0.67,0.7882,246,0.64,0.7529,5,0.68,0.8,33,0
IWM190927P152,2019-09-25,2019-09-25 09:40:41,0.69,0.8117,341,0.67,0.7882,213,0.64,0.7529,5,0.68,0.8,33,0
IWM190927P152,2019-09-25,2019-09-25 09:40:42,0.69,0.8117,445,0.67,0.7882,246,0.64,0.7529,5,0.68,0.8,33,0
IWM190927P152,2019-09-25,2019-09-25 09:40:42,0.68,0.8,4,0.67,0.7882,41,0.64,0.7529,5,0.675,0.7941,33,0
IWM190927P152,2019-09-25,2019-09-25 09:40:43,0.68,0.8,4,0.67,0.7882,85,0.64,0.7529,5,0.675,0.7941,33,0
IWM190927P152,2019-09-25,2019-09-25 09:40:43,0.69,0.8117,140,0.67,0.7882,85,0.64,0.7529,5,0.68,0.8,33,0
IWM190927P152,2019-09-25,2019-09-25 09:40:44,0.68,0.8,4,0.67,0.7882,55,0.64,0.7529,5,0.675,0.7941,33,0
IWM190927P152,2019-09-25,2019-09-25 09:40:45,0.68,0.8,4,0.67,0.7882,15,0.64,0.7529,5,0.675,0.7941,33,0
IWM190927P152,2019-09-25,2019-09-25 09:40:46,0.68,0.8,4,0.67,0.7882,23,0.64,0.7529,5,0.675,0.7941,33,0
IWM190927P152,2019-09-25,2019-09-25 09:40:47,0.69,0.8117,204,0.67,0.7882,15,0.64,0.7529,5,0.68,0.8,33,0
IWM190927P152,2019-09-25,2019-09-25 09:40:48,0.68,0.8,80,0.66,0.7764,91,0.64,0.7529,5,0.67,0.7882,33,0
IWM190927P152,2019-09-25,2019-09-25 09:40:48,0.68,0.8,144,0.66,0.7764,134,0.64,0.7529,5,0.67,0.7882,33,0
IWM190927P152,2019-09-25,2019-09-25 09:40:49,0.68,0.8,384,0.66,0.7764,179,0.64,0.7529,5,0.67,0.7882,33,0
IWM190927P152,2019-09-25,2019-09-25 09:40:49,0.68,0.8,63,0.66,0.7764,223,0.64,0.7529,5,0.67,0.7882,33,0
IWM190927P152,2019-09-25,2019-09-25 09:40:50,0.68,0.8,63,0.66,0.7764,223,0.64,0.7529,5,0.67,0.7882,33,0
IWM190927P152,2019-09-25,2019-09-25 09:40:50,0.68,0.8,86,0.66,0.7764,215,0.64,0.7529,5,0.67,0.7882,33,0
IWM190927P152,2019-09-25,2019-09-25 09:40:51,0.68,0.8,149,0.66,0.7764,305,0.64,0.7529,5,0.67,0.7882,33,0
IWM190927P152,2019-09-25,2019-09-25 09:40:51,0.68,0.8,270,0.66,0.7764,140,0.64,0.7529,5,0.67,0.7882,33,0
IWM190927P152,2019-09-25,2019-09-25 09:40:52,0.68,0.8,408,0.66,0.7764,170,0.64,0.7529,5,0.67,0.7882,33,0
IWM190927P152,2019-09-25,2019-09-25 09:40:52,0.68,0.8,270,0.66,0.7764,140,0.64,0.7529,5,0.67,0.7882,33,0
IWM190927P152,2019-09-25,2019-09-25 09:40:53,0.68,0.8,354,0.66,0.7764,170,0.64,0.7529,5,0.67,0.7882,33,0
IWM190927P152,2019-09-25,2019-09-25 09:40:54,0.68,0.8,385,0.66,0.7764,170,0.64,0.7529,5,0.67,0.7882,33,0
IWM190927P152,2019-09-25,2019-09-25 09:40:54,0.68,0.8,354,0.66,0.7764,189,0.64,0.7529,5,0.67,0.7882,33,0
IWM190927P152,2019-09-25,2019-09-25 09:40:55,0.68,0.8,394,0.66,0.7764,170,0.64,0.7529,5,0.67,0.7882,33,0
IWM190927P152,2019-09-25,2019-09-25 09:40:55,0.68,0.8,354,0.66,0.7764,170,0.64,0.7529,5,0.67,0.7882,33,0
IWM190927P152,2019-09-25,2019-09-25 09:40:56,0.68,0.8,405,0.66,0.7764,70,0.64,0.7529,5,0.67,0.7882,33,0
IWM190927P152,2019-09-25,2019-09-25 09:40:57,0.68,0.8,368,0.66,0.7764,70,0.64,0.7529,5,0.67,0.7882,33,0
IWM190927P152,2019-09-25,2019-09-25 09:40:57,0.68,0.8,368,0.66,0.7764,94,0.64,0.7529,5,0.67,0.7882,33,0
IWM190927P152,2019-09-25,2019-09-25 09:40:58,0.68,0.8,382,0.66,0.7764,94,0.64,0.7529,5,0.67,0.7882,33,0
IWM190927P152,2019-09-25,2019-09-25 09:40:58,0.68,0.8,357,0.66,0.7764,94,0.64,0.7529,5,0.67,0.7882,33,0
IWM190927P152,2019-09-25,2019-09-25 09:40:59,0.68,0.8,357,0.66,0.7764,94,0.64,0.7529,5,0.67,0.7882,33,0
IWM190927P152,2019-09-25,2019-09-25 09:40:59,0.68,0.8,357,0.66,0.7764,129,0.64,0.7529,5,0.67,0.7882,33,0
IWM190927P152,2019-09-25,2019-09-25 09:41:00,0.68,0.8,294,0.66,0.7764,159,0.64,0.7529,5,0.67,0.7882,33,0
IWM190927P152,2019-09-25,2019-09-25 09:41:01,0.68,0.8,399,0.66,0.7764,159,0.64,0.7529,5,0.67,0.7882,33,0
IWM190927P152,2019-09-25,2019-09-25 09:41:02,0.67,0.7882,112,0.65,0.7647,38,0.64,0.7529,5,0.66,0.7764,33,0
IWM190927P152,2019-09-25,2019-09-25 09:41:02,0.67,0.7882,185,0.65,0.7647,42,0.64,0.7529,5,0.66,0.7764,33,0
IWM190927P152,2019-09-25,2019-09-25 09:41:03,0.67,0.7882,262,0.65,0.7647,72,0.64,0.7529,5,0.66,0.7764,33,0
IWM190927P152,2019-09-25,2019-09-25 09:41:03,0.67,0.7882,333,0.65,0.7647,48,0.64,0.7529,5,0.66,0.7764,33,0
IWM190927P152,2019-09-25,2019-09-25 09:41:04,0.67,0.7882,205,0.65,0.7647,78,0.64,0.7529,5,0.66,0.7764,33,0
IWM190927P152,2019-09-25,2019-09-25 09:41:04,0.67,0.7882,205,0.65,0.7647,75,0.64,0.7529,5,0.66,0.7764,33,0
IWM190927P152,2019-09-25,2019-09-25 09:41:05,0.68,0.8,273,0.67,0.7882,15,0.64,0.7529,5,0.675,0.7941,33,0
IWM190927P152,2019-09-25,2019-09-25 09:41:05,0.68,0.8,273,0.65,0.7647,180,0.64,0.7529,5,0.665,0.7823,33,0
IWM190927P152,2019-09-25,2019-09-25 09:41:06,0.68,0.8,49,0.67,0.7882,21,0.64,0.7529,5,0.675,0.7941,33,0
IWM190927P152,2019-09-25,2019-09-25 09:41:07,0.69,0.8117,20,0.67,0.7882,316,0.64,0.7529,5,0.68,0.8,33,0
IWM190927P152,2019-09-25,2019-09-25 09:41:07,0.69,0.8117,41,0.67,0.7882,44,0.64,0.7529,5,0.68,0.8,33,0
IWM190927P152,2019-09-25,2019-09-25 09:41:08,0.69,0.8117,20,0.67,0.7882,316,0.64,0.7529,5,0.68,0.8,33,0
IWM190927P152,2019-09-25,2019-09-25 09:41:08,0.69,0.8117,81,0.67,0.7882,316,0.64,0.7529,5,0.68,0.8,33,0
IWM190927P152,2019-09-25,2019-09-25 09:41:09,0.69,0.8117,65,0.67,0.7882,242,0.64,0.7529,5,0.68,0.8,33,0
IWM190927P152,2019-09-25,2019-09-25 09:41:09,0.69,0.8117,10,0.67,0.7882,285,0.64,0.7529,5,0.68,0.8,33,0
IWM190927P152,2019-09-25,2019-09-25 09:41:10,0.69,0.8117,65,0.67,0.7882,97,0.64,0.7529,5,0.68,0.8,33,0
IWM190927P152,2019-09-25,2019-09-25 09:41:10,0.69,0.8117,244,0.67,0.7882,97,0.64,0.7529,5,0.68,0.8,33,0
IWM190927P152,2019-09-25,2019-09-25 09:41:11,0.69,0.8117,419,0.67,0.7882,289,0.64,0.7529,5,0.68,0.8,33,0
IWM190927P152,2019-09-25,2019-09-25 09:41:11,0.69,0.8117,319,0.67,0.7882,169,0.64,0.7529,5,0.68,0.8,33,0
IWM190927P152,2019-09-25,2019-09-25 09:41:12,0.68,0.8,77,0.67,0.7882,22,0.64,0.7529,5,0.675,0.7941,33,0
IWM190927P152,2019-09-25,2019-09-25 09:41:12,0.69,0.8117,419,0.67,0.7882,289,0.64,0.7529,5,0.68,0.8,33,0
IWM190927P152,2019-09-25,2019-09-25 09:41:13,0.68,0.8,222,0.67,0.7882,22,0.64,0.7529,5,0.675,0.7941,33,0
IWM190927P152,2019-09-25,2019-09-25 09:41:13,0.68,0.8,343,0.67,0.7882,36,0.64,0.7529,5,0.675,0.7941,33,0
IWM190927P152,2019-09-25,2019-09-25 09:41:14,0.68,0.8,10,0.67,0.7882,36,0.64,0.7529,5,0.675,0.7941,33,0
IWM190927P152,2019-09-25,2019-09-25 09:41:14,0.69,0.8117,392,0.67,0.7882,78,0.64,0.7529,5,0.68,0.8,33,0
IWM190927P152,2019-09-25,2019-09-25 09:41:15,0.69,0.8117,364,0.67,0.7882,21,0.64,0.7529,5,0.68,0.8,33,0
IWM190927P152,2019-09-25,2019-09-25 09:41:15,0.69,0.8117,471,0.67,0.7882,21,0.64,0.7529,5,0.68,0.8,33,0
IWM190927P152,2019-09-25,2019-09-25 09:41:16,0.69,0.8117,301,0.67,0.7882,33,0.64,0.7529,5,0.68,0.8,33,0
IWM190927P152,2019-09-25,2019-09-25 09:41:16,0.69,0.8117,364,0.67,0.7882,39,0.64,0.7529,5,0.68,0.8,33,0
IWM190927P152,2019-09-25,2019-09-25 09:41:17,0.69,0.8117,351,0.67,0.7882,33,0.64,0.7529,5,0.68,0.8,33,0
IWM190927P152,2019-09-25,2019-09-25 09:41:18,0.69,0.8117,351,0.67,0.7882,33,0.64,0.7529,5,0.68,0.8,33,0
IWM190927P152,2019-09-25,2019-09-25 09:41:19,0.69,0.8117,326,0.67,0.7882,42,0.64,0.7529,5,0.68,0.8,33,0
IWM190927P152,2019-09-25,2019-09-25 09:41:19,0.69,0.8117,351,0.67,0.7882,42,0.64,0.7529,5,0.68,0.8,33,0
IWM190927P152,2019-09-25,2019-09-25 09:41:20,0.69,0.8117,326,0.67,0.7882,76,0.64,0.7529,5,0.68,0.8,33,0
IWM190927P152,2019-09-25,2019-09-25 09:41:21,0.7,0.8235,82,0.67,0.7882,205,0.64,0.7529,5,0.685,0.8058,33,0
IWM190927P152,2019-09-25,2019-09-25 09:41:21,0.7,0.8235,186,0.67,0.7882,43,0.64,0.7529,5,0.685,0.8058,33,0
IWM190927P152,2019-09-25,2019-09-25 09:41:22,0.7,0.8235,182,0.68,0.8,99,0.64,0.7529,5,0.69,0.8117,33,0
IWM190927P152,2019-09-25,2019-09-25 09:41:22,0.7,0.8235,182,0.68,0.8,122,0.64,0.7529,5,0.69,0.8117,33,0
IWM190927P152,2019-09-25,2019-09-25 09:41:23,0.7,0.8235,10,0.68,0.8,212,0.64,0.7529,5,0.69,0.8117,33,0
IWM190927P152,2019-09-25,2019-09-25 09:41:23,0.7,0.8235,321,0.68,0.8,122,0.64,0.7529,5,0.69,0.8117,33,0
IWM190927P152,2019-09-25,2019-09-25 09:41:24,0.71,0.8352,300,0.68,0.8,202,0.64,0.7529,5,0.695,0.8176,33,0
IWM190927P152,2019-09-25,2019-09-25 09:41:25,0.7,0.8235,2,0.68,0.8,246,0.64,0.7529,5,0.69,0.8117,33,0
IWM190927P152,2019-09-25,2019-09-25 09:41:26,0.71,0.8352,234,0.69,0.8117,167,0.64,0.7529,5,0.7,0.8235,33,0
IWM190927P152,2019-09-25,2019-09-25 09:41:27,0.71,0.8352,185,0.69,0.8117,276,0.64,0.7529,5,0.7,0.8235,33,0
IWM190927P152,2019-09-25,2019-09-25 09:41:27,0.71,0.8352,265,0.69,0.8117,276,0.64,0.7529,5,0.7,0.8235,33,0
IWM190927P152,2019-09-25,2019-09-25 09:41:28,0.7,0.8235,4,0.69,0.8117,276,0.64,0.7529,5,0.695,0.8176,33,0
IWM190927P152,2019-09-25,2019-09-25 09:41:28,0.71,0.8352,197,0.69,0.8117,39,0.64,0.7529,5,0.7,0.8235,33,0
IWM190927P152,2019-09-25,2019-09-25 09:41:29,0.7,0.8235,8,0.69,0.8117,97,0.64,0.7529,5,0.695,0.8176,33,0
IWM190927P152,2019-09-25,2019-09-25 09:41:29,0.7,0.8235,8,0.69,0.8117,164,0.64,0.7529,5,0.695,0.8176,33,0
IWM190927P152,2019-09-25,2019-09-25 09:41:30,0.7,0.8235,27,0.69,0.8117,35,0.64,0.7529,5,0.695,0.8176,33,0
IWM190927P152,2019-09-25,2019-09-25 09:41:30,0.7,0.8235,20,0.69,0.8117,35,0.64,0.7529,5,0.695,0.8176,33,0
IWM190927P152,2019-09-25,2019-09-25 09:41:31,0.7,0.8235,488,0.68,0.8,111,0.64,0.7529,5,0.69,0.8117,33,0
IWM190927P152,2019-09-25,2019-09-25 09:41:31,0.7,0.8235,108,0.68,0.8,62,0.64,0.7529,5,0.69,0.8117,33,0
IWM190927P152,2019-09-25,2019-09-25 09:41:32,0.69,0.8117,20,0.68,0.8,28,0.64,0.7529,5,0.685,0.8058,33,0
IWM190927P152,2019-09-25,2019-09-25 09:41:32,0.69,0.8117,28,0.68,0.8,14,0.64,0.7529,5,0.685,0.8058,33,0
IWM190927P152,2019-09-25,2019-09-25 09:41:33,0.69,0.8117,20,0.68,0.8,28,0.64,0.7529,5,0.685,0.8058,33,0
IWM190927P152,2019-09-25,2019-09-25 09:41:34,0.69,0.8117,488,0.67,0.7882,85,0.64,0.7529,5,0.68,0.8,33,0
IWM190927P152,2019-09-25,2019-09-25 09:41:34,0.69,0.8117,301,0.67,0.7882,116,0.64,0.7529,5,0.68,0.8,33,0
IWM190927P152,2019-09-25,2019-09-25 09:41:35,0.68,0.8,20,0.67,0.7882,30,0.64,0.7529,5,0.675,0.7941,33,0
IWM190927P152,2019-09-25,2019-09-25 09:41:35,0.68,0.8,24,0.67,0.7882,42,0.64,0.7529,5,0.675,0.7941,33,0
IWM190927P152,2019-09-25,2019-09-25 09:41:36,0.68,0.8,34,0.67,0.7882,42,0.64,0.7529,5,0.675,0.7941,33,0
IWM190927P152,2019-09-25,2019-09-25 09:41:36,0.68,0.8,23,0.67,0.7882,42,0.64,0.7529,5,0.675,0.7941,33,0
IWM190927P152,2019-09-25,2019-09-25 09:41:37,0.67,0.7882,102,0.65,0.7647,78,0.64,0.7529,5,0.66,0.7764,33,0
IWM190927P152,2019-09-25,2019-09-25 09:41:37,0.68,0.8,101,0.67,0.7882,42,0.64,0.7529,5,0.675,0.7941,33,0
IWM190927P152,2019-09-25,2019-09-25 09:41:38,0.67,0.7882,261,0.66,0.7764,8,0.64,0.7529,5,0.665,0.7823,33,0
IWM190927P152,2019-09-25,2019-09-25 09:41:38,0.67,0.7882,184,0.66,0.7764,8,0.64,0.7529,5,0.665,0.7823,33,0
IWM190927P152,2019-09-25,2019-09-25 09:41:39,0.67,0.7882,261,0.66,0.7764,8,0.64,0.7529,5,0.665,0.7823,33,0
IWM190927P152,2019-09-25,2019-09-25 09:41:40,0.68,0.8,205,0.66,0.7764,20,0.64,0.7529,5,0.67,0.7882,33,0
IWM190927P152,2019-09-25,2019-09-25 09:41:41,0.69,0.8117,16,0.67,0.7882,1,0.64,0.7529,5,0.68,0.8,33,0
IWM190927P152,2019-09-25,2019-09-25 09:41:41,0.67,0.7882,18,0.66,0.7764,10,0.64,0.7529,5,0.665,0.7823,33,0
IWM190927P152,2019-09-25,2019-09-25 09:41:42,0.69,0.8117,167,0.67,0.7882,271,0.64,0.7529,5,0.68,0.8,33,0
IWM190927P152,2019-09-25,2019-09-25 09:41:42,0.69,0.8117,171,0.67,0.7882,82,0.64,0.7529,5,0.68,0.8,33,0
IWM190927P152,2019-09-25,2019-09-25 09:41:43,0.68,0.8,24,0.67,0.7882,153,0.64,0.7529,5,0.675,0.7941,33,0
IWM190927P152,2019-09-25,2019-09-25 09:41:43,0.68,0.8,4,0.67,0.7882,81,0.64,0.7529,5,0.675,0.7941,33,0
IWM190927P152,2019-09-25,2019-09-25 09:41:44,0.68,0.8,24,0.67,0.7882,117,0.64,0.7529,5,0.675,0.7941,33,0
IWM190927P152,2019-09-25,2019-09-25 09:41:45,0.69,0.8117,277,0.67,0.7882,255,0.64,0.7529,5,0.68,0.8,33,0
IWM190927P152,2019-09-25,2019-09-25 09:41:45,0.69,0.8117,231,0.67,0.7882,255,0.64,0.7529,5,0.68,0.8,33,0
IWM190927P152,2019-09-25,2019-09-25 09:41:46,0.69,0.8117,266,0.68,0.8,21,0.64,0.7529,5,0.685,0.8058,33,0
IWM190927P152,2019-09-25,2019-09-25 09:41:46,0.69,0.8117,266,0.67,0.7882,255,0.64,0.7529,5,0.68,0.8,33,0
IWM190927P152,2019-09-25,2019-09-25 09:41:47,0.69,0.8117,269,0.68,0.8,21,0.64,0.7529,5,0.685,0.8058,33,0
IWM190927P152,2019-09-25,2019-09-25 09:41:48,0.69,0.8117,269,0.68,0.8,21,0.64,0.7529,5,0.685,0.8058,33,0
IWM190927P152,2019-09-25,2019-09-25 09:41:49,0.7,0.8235,73,0.68,0.8,374,0.64,0.7529,5,0.69,0.8117,33,0
IWM190927P152,2019-09-25,2019-09-25 09:41:49,0.7,0.8235,73,0.68,0.8,284,0.64,0.7529,5,0.69,0.8117,33,0
IWM190927P152,2019-09-25,2019-09-25 09:41:50,0.71,0.8352,301,0.68,0.8,453,0.64,0.7529,5,0.695,0.8176,33,0
IWM190927P152,2019-09-25,2019-09-25 09:41:50,0.71,0.8352,301,0.68,0.8,228,0.64,0.7529,5,0.695,0.8176,33,0
IWM190927P152,2019-09-25,2019-09-25 09:41:51,0.71,0.8352,324,0.68,0.8,455,0.64,0.7529,5,0.695,0.8176,33,0
IWM190927P152,2019-09-25,2019-09-25 09:41:51,0.71,0.8352,324,0.68,0.8,73,0.64,0.7529,5,0.695,0.8176,33,0
IWM190927P152,2019-09-25,2019-09-25 09:41:52,0.71,0.8352,324,0.68,0.8,109,0.64,0.7529,5,0.695,0.8176,33,0
IWM190927P152,2019-09-25,2019-09-25 09:41:52,0.71,0.8352,324,0.68,0.8,125,0.64,0.7529,5,0.695,0.8176,33,0
IWM190927P152,2019-09-25,2019-09-25 09:41:53,0.71,0.8352,324,0.68,0.8,125,0.64,0.7529,5,0.695,0.8176,33,0
IWM190927P152,2019-09-25,2019-09-25 09:41:53,0.71,0.8352,324,0.68,0.8,118,0.64,0.7529,5,0.695,0.8176,33,0
IWM190927P152,2019-09-25,2019-09-25 09:41:54,0.69,0.8117,36,0.68,0.8,14,0.64,0.7529,5,0.685,0.8058,33,0
IWM190927P152,2019-09-25,2019-09-25 09:41:54,0.69,0.8117,82,0.68,0.8,118,0.64,0.7529,5,0.685,0.8058,33,0
IWM190927P152,2019-09-25,2019-09-25 09:41:55,0.7,0.8235,454,0.68,0.8,14,0.64,0.7529,5,0.69,0.8117,33,0
IWM190927P152,2019-09-25,2019-09-25 09:41:55,0.7,0.8235,440,0.68,0.8,14,0.64,0.7529,5,0.69,0.8117,33,0
IWM190927P152,2019-09-25,2019-09-25 09:41:56,0.7,0.8235,251,0.68,0.8,126,0.64,0.7529,5,0.69,0.8117,33,0
IWM190927P152,2019-09-25,2019-09-25 09:41:57,0.7,0.8235,251,0.68,0.8,140,0.64,0.7529,5,0.69,0.8117,33,0
IWM190927P152,2019-09-25,2019-09-25 09:41:57,0.7,0.8235,377,0.68,0.8,203,0.64,0.7529,5,0.69,0.8117,33,0
IWM190927P152,2019-09-25,2019-09-25 09:41:58,0.7,0.8235,377,0.68,0.8,203,0.64,0.7529,5,0.69,0.8117,33,0
IWM190927P152,2019-09-25,2019-09-25 09:41:58,0.7,0.8235,36,0.68,0.8,181,0.64,0.7529,5,0.69,0.8117,33,0
IWM190927P152,2019-09-25,2019-09-25 09:41:59,0.71,0.8352,161,0.68,0.8,167,0.64,0.7529,5,0.695,0.8176,33,0
IWM190927P152,2019-09-25,2019-09-25 09:41:59,0.7,0.8235,30,0.68,0.8,199,0.64,0.7529,5,0.69,0.8117,33,0
IWM190927P152,2019-09-25,2019-09-25 09:42:00,0.7,0.8235,297,0.68,0.8,197,0.64,0.7529,5,0.69,0.8117,33,0
IWM190927P152,2019-09-25,2019-09-25 09:42:00,0.7,0.8235,346,0.68,0.8,39,0.64,0.7529,5,0.69,0.8117,33,0
IWM190927P152,2019-09-25,2019-09-25 09:42:01,0.69,0.8117,265,0.67,0.7882,14,0.64,0.7529,5,0.68,0.8,33,0
IWM190927P152,2019-09-25,2019-09-25 09:42:01,0.7,0.8235,346,0.67,0.7882,4,0.64,0.7529,5,0.685,0.8058,33,0
IWM190927P152,2019-09-25,2019-09-25 09:42:02,0.69,0.8117,373,0.67,0.7882,14,0.64,0.7529,5,0.68,0.8,33,0
IWM190927P152,2019-09-25,2019-09-25 09:42:02,0.7,0.8235,205,0.68,0.8,22,0.64,0.7529,5,0.69,0.8117,33,0
IWM190927P152,2019-09-25,2019-09-25 09:42:03,0.69,0.8117,95,0.68,0.8,12,0.64,0.7529,5,0.685,0.8058,33,0
IWM190927P152,2019-09-25,2019-09-25 09:42:03,0.69,0.8117,322,0.67,0.7882,93,0.64,0.7529,5,0.68,0.8,33,0
IWM190927P152,2019-09-25,2019-09-25 09:42:04,0.7,0.8235,173,0.67,0.7882,256,0.64,0.7529,5,0.685,0.8058,33,0
IWM190927P152,2019-09-25,2019-09-25 09:42:04,0.69,0.8117,174,0.67,0.7882,193,0.64,0.7529,5,0.68,0.8,33,0
IWM190927P152,2019-09-25,2019-09-25 09:42:05,0.7,0.8235,180,0.67,0.7882,283,0.64,0.7529,5,0.685,0.8058,33,0
IWM190927P152,2019-09-25,2019-09-25 09:42:05,0.7,0.8235,396,0.68,0.8,128,0.64,0.7529,5,0.69,0.8117,33,0
IWM190927P152,2019-09-25,2019-09-25 09:42:06,0.69,0.8117,49,0.67,0.7882,45,0.64,0.7529,5,0.68,0.8,33,0
IWM190927P152,2019-09-25,2019-09-25 09:42:06,0.7,0.8235,396,0.68,0.8,128,0.64,0.7529,5,0.69,0.8117,33,0
IWM190927P152,2019-09-25,2019-09-25 09:42:07,0.69,0.8117,49,0.68,0.8,11,0.64,0.7529,5,0.685,0.8058,33,0
IWM190927P152,2019-09-25,2019-09-25 09:42:07,0.69,0.8117,141,0.68,0.8,17,0.64,0.7529,5,0.685,0.8058,33,0
IWM190927P152,2019-09-25,2019-09-25 09:42:08,0.69,0.8117,141,0.68,0.8,17,0.64,0.7529,5,0.685,0.8058,33,0
IWM190927P152,2019-09-25,2019-09-25 09:42:08,0.69,0.8117,174,0.68,0.8,17,0.64,0.7529,5,0.685,0.8058,33,0
IWM190927P152,2019-09-25,2019-09-25 09:42:09,0.69,0.8117,15,0.68,0.8,17,0.64,0.7529,5,0.685,0.8058,33,0
IWM190927P152,2019-09-25,2019-09-25 09:42:09,0.7,0.8235,215,0.68,0.8,17,0.64,0.7529,5,0.69,0.8117,33,0
IWM190927P152,2019-09-25,2019-09-25 09:42:10,0.7,0.8235,290,0.68,0.8,17,0.64,0.7529,5,0.69,0.8117,33,0
IWM190927P152,2019-09-25,2019-09-25 09:42:10,0.7,0.8235,401,0.68,0.8,65,0.64,0.7529,5,0.69,0.8117,33,0
IWM190927P152,2019-09-25,2019-09-25 09:42:11,0.7,0.8235,346,0.68,0.8,81,0.64,0.7529,5,0.69,0.8117,33,0
IWM190927P152,2019-09-25,2019-09-25 09:42:11,0.7,0.8235,401,0.68,0.8,65,0.64,0.7529,5,0.69,0.8117,33,0
IWM190927P152,2019-09-25,2019-09-25 09:42:12,0.7,0.8235,346,0.68,0.8,65,0.64,0.7529,5,0.69,0.8117,33,0
IWM190927P152,2019-09-25,2019-09-25 09:42:12,0.7,0.8235,346,0.68,0.8,139,0.64,0.7529,5,0.69,0.8117,33,0
IWM190927P152,2019-09-25,2019-09-25 09:42:13,0.7,0.8235,182,0.68,0.8,49,0.64,0.7529,5,0.69,0.8117,33,0
IWM190927P152,2019-09-25,2019-09-25 09:42:13,0.7,0.8235,262,0.68,0.8,49,0.64,0.7529,5,0.69,0.8117,33,0
IWM190927P152,2019-09-25,2019-09-25 09:42:14,0.7,0.8235,393,0.68,0.8,49,0.64,0.7529,5,0.69,0.8117,33,0
IWM190927P152,2019-09-25,2019-09-25 09:42:15,0.69,0.8117,45,0.68,0.8,16,0.64,0.7529,5,0.685,0.8058,33,0
IWM190927P152,2019-09-25,2019-09-25 09:42:16,0.69,0.8117,249,0.67,0.7882,272,0.64,0.7529,5,0.68,0.8,33,0
IWM190927P152,2019-09-25,2019-09-25 09:42:16,0.69,0.8117,52,0.67,0.7882,92,0.64,0.7529,5,0.68,0.8,33,0
IWM190927P152,2019-09-25,2019-09-25 09:42:17,0.69,0.8117,226,0.67,0.7882,272,0.64,0.7529,5,0.68,0.8,33,0
IWM190927P152,2019-09-25,2019-09-25 09:42:17,0.69,0.8117,284,0.67,0.7882,194,0.64,0.7529,5,0.68,0.8,33,0
IWM190927P152,2019-09-25,2019-09-25 09:42:18,0.68,0.8,123,0.66,0.7764,53,0.64,0.7529,5,0.67,0.7882,33,0
IWM190927P152,2019-09-25,2019-09-25 09:42:18,0.69,0.8117,284,0.67,0.7882,104,0.64,0.7529,5,0.68,0.8,33,0
IWM190927P152,2019-09-25,2019-09-25 09:42:19,0.67,0.7882,10,0.66,0.7764,131,0.64,0.7529,5,0.665,0.7823,33,0
IWM190927P152,2019-09-25,2019-09-25 09:42:19,0.68,0.8,471,0.66,0.7764,129,0.64,0.7529,5,0.67,0.7882,33,0
