symbol,Date,quote_time,ask_price,norm_ask_price,ask_size,bid_price,norm_bid_price,bid_size,last_trade_price,norm_last_trade_price,last_trade_size,mark_price,norm_mark_price,volume,Volume
SPY190719C300,2019-07-17,2019-07-17 09:30:00,0.81,1.0,150,0.79,0.9753,10,0.79,0.9753,4,0.8,0.9876,108,108
SPY190719C300,2019-07-17,2019-07-17 09:30:05,0.81,1.0,408,0.78,0.9629,453,0.78,0.9629,2,0.795,0.9814,134,26
SPY190719C300,2019-07-17,2019-07-17 09:30:05,0.81,1.0,408,0.78,0.9629,245,0.78,0.9629,2,0.795,0.9814,134,0
SPY190719C300,2019-07-17,2019-07-17 09:30:06,0.81,1.0,408,0.78,0.9629,50,0.78,0.9629,2,0.795,0.9814,134,0
SPY190719C300,2019-07-17,2019-07-17 09:30:07,0.81,1.0,230,0.78,0.9629,193,0.75,0.9259,2,0.795,0.9814,164,30
SPY190719C300,2019-07-17,2019-07-17 09:30:08,0.8,0.9876,5,0.78,0.9629,299,0.76,0.9382,8,0.79,0.9753,172,0
SPY190719C300,2019-07-17,2019-07-17 09:30:08,0.81,1.0,332,0.78,0.9629,299,0.76,0.9382,8,0.795,0.9814,172,8
SPY190719C300,2019-07-17,2019-07-17 09:30:09,0.8,0.9876,5,0.78,0.9629,299,0.76,0.9382,8,0.79,0.9753,172,0
SPY190719C300,2019-07-17,2019-07-17 09:30:10,0.8,0.9876,5,0.78,0.9629,193,0.77,0.9506,1,0.79,0.9753,173,1
SPY190719C300,2019-07-17,2019-07-17 09:30:10,0.8,0.9876,50,0.78,0.9629,1,0.77,0.9506,1,0.79,0.9753,173,0
SPY190719C300,2019-07-17,2019-07-17 09:30:11,0.79,0.9753,164,0.75,0.9259,208,0.77,0.9506,1,0.77,0.9506,173,0
SPY190719C300,2019-07-17,2019-07-17 09:30:11,0.8,0.9876,194,0.75,0.9259,172,0.77,0.9506,1,0.775,0.9567,173,0
SPY190719C300,2019-07-17,2019-07-17 09:30:12,0.77,0.9506,150,0.74,0.9135,223,0.77,0.9506,1,0.755,0.932,173,0
SPY190719C300,2019-07-17,2019-07-17 09:30:12,0.78,0.9629,200,0.74,0.9135,223,0.77,0.9506,1,0.76,0.9382,173,0
SPY190719C300,2019-07-17,2019-07-17 09:30:13,0.79,0.9753,255,0.77,0.9506,270,0.77,0.9506,1,0.78,0.9629,173,0
SPY190719C300,2019-07-17,2019-07-17 09:30:14,0.8,0.9876,421,0.78,0.9629,5,0.79,0.9753,10,0.79,0.9753,183,0
SPY190719C300,2019-07-17,2019-07-17 09:30:14,0.79,0.9753,1,0.77,0.9506,338,0.79,0.9753,10,0.78,0.9629,183,10
SPY190719C300,2019-07-17,2019-07-17 09:30:15,0.8,0.9876,317,0.78,0.9629,412,0.79,0.9753,10,0.79,0.9753,183,0
SPY190719C300,2019-07-17,2019-07-17 09:30:16,0.8,0.9876,149,0.78,0.9629,329,0.79,0.9753,1,0.79,0.9753,184,1
SPY190719C300,2019-07-17,2019-07-17 09:30:16,0.8,0.9876,343,0.78,0.9629,412,0.79,0.9753,10,0.79,0.9753,183,0
SPY190719C300,2019-07-17,2019-07-17 09:30:17,0.8,0.9876,149,0.78,0.9629,410,0.79,0.9753,1,0.79,0.9753,184,0
SPY190719C300,2019-07-17,2019-07-17 09:30:17,0.8,0.9876,149,0.78,0.9629,475,0.78,0.9629,1,0.79,0.9753,185,1
SPY190719C300,2019-07-17,2019-07-17 09:30:18,0.8,0.9876,149,0.78,0.9629,563,0.78,0.9629,1,0.79,0.9753,185,0
SPY190719C300,2019-07-17,2019-07-17 09:30:18,0.8,0.9876,149,0.78,0.9629,475,0.78,0.9629,1,0.79,0.9753,185,0
SPY190719C300,2019-07-17,2019-07-17 09:30:19,0.8,0.9876,407,0.78,0.9629,475,0.78,0.9629,1,0.79,0.9753,185,0
SPY190719C300,2019-07-17,2019-07-17 09:30:20,0.79,0.9753,162,0.78,0.9629,5,0.78,0.9629,1,0.785,0.9691,185,0
SPY190719C300,2019-07-17,2019-07-17 09:30:21,0.79,0.9753,162,0.78,0.9629,5,0.78,0.9629,1,0.785,0.9691,185,0
SPY190719C300,2019-07-17,2019-07-17 09:30:24,0.78,0.9629,5,0.76,0.9382,88,0.78,0.9629,5,0.77,0.9506,195,10
SPY190719C300,2019-07-17,2019-07-17 09:30:25,0.77,0.9506,13,0.75,0.9259,343,0.78,0.9629,5,0.76,0.9382,195,0
SPY190719C300,2019-07-17,2019-07-17 09:30:27,0.78,0.9629,1,0.76,0.9382,187,0.78,0.9629,1,0.77,0.9506,196,1
SPY190719C300,2019-07-17,2019-07-17 09:30:27,0.79,0.9753,15,0.77,0.9506,95,0.78,0.9629,4,0.78,0.9629,200,4
SPY190719C300,2019-07-17,2019-07-17 09:30:28,0.79,0.9753,123,0.77,0.9506,228,0.78,0.9629,4,0.78,0.9629,200,0
SPY190719C300,2019-07-17,2019-07-17 09:30:29,0.79,0.9753,15,0.78,0.9629,471,0.78,0.9629,1,0.785,0.9691,201,1
SPY190719C300,2019-07-17,2019-07-17 09:30:30,0.79,0.9753,15,0.78,0.9629,471,0.78,0.9629,1,0.785,0.9691,201,0
SPY190719C300,2019-07-17,2019-07-17 09:30:31,0.79,0.9753,15,0.78,0.9629,524,0.79,0.9753,15,0.785,0.9691,217,16
SPY190719C300,2019-07-17,2019-07-17 09:30:31,0.79,0.9753,15,0.78,0.9629,493,0.78,0.9629,1,0.785,0.9691,201,0
SPY190719C300,2019-07-17,2019-07-17 09:30:32,0.82,1.0123,172,0.8,0.9876,288,0.79,0.9753,15,0.81,1.0,217,0
SPY190719C300,2019-07-17,2019-07-17 09:30:33,0.82,1.0123,172,0.8,0.9876,502,0.79,0.9753,15,0.81,1.0,217,0
SPY190719C300,2019-07-17,2019-07-17 09:30:34,0.82,1.0123,55,0.81,1.0,79,0.79,0.9753,15,0.815,1.0061,217,0
SPY190719C300,2019-07-17,2019-07-17 09:30:34,0.83,1.0246,118,0.81,1.0,202,0.79,0.9753,15,0.82,1.0123,217,0
SPY190719C300,2019-07-17,2019-07-17 09:30:35,0.84,1.037,555,0.81,1.0,143,0.79,0.9753,15,0.825,1.0185,217,0
SPY190719C300,2019-07-17,2019-07-17 09:30:36,0.83,1.0246,168,0.81,1.0,138,0.79,0.9753,15,0.82,1.0123,217,0
SPY190719C300,2019-07-17,2019-07-17 09:30:36,0.82,1.0123,32,0.8,0.9876,693,0.79,0.9753,15,0.81,1.0,217,0
SPY190719C300,2019-07-17,2019-07-17 09:30:37,0.82,1.0123,71,0.8,0.9876,693,0.79,0.9753,15,0.81,1.0,217,0
SPY190719C300,2019-07-17,2019-07-17 09:30:38,0.83,1.0246,32,0.8,0.9876,514,0.79,0.9753,15,0.815,1.0061,217,0
SPY190719C300,2019-07-17,2019-07-17 09:30:38,0.82,1.0123,71,0.81,1.0,51,0.79,0.9753,15,0.815,1.0061,217,0
SPY190719C300,2019-07-17,2019-07-17 09:30:39,0.83,1.0246,143,0.81,1.0,200,0.79,0.9753,15,0.82,1.0123,217,0
SPY190719C300,2019-07-17,2019-07-17 09:30:40,0.83,1.0246,143,0.81,1.0,816,0.79,0.9753,15,0.82,1.0123,217,0
SPY190719C300,2019-07-17,2019-07-17 09:30:40,0.83,1.0246,143,0.81,1.0,566,0.79,0.9753,15,0.82,1.0123,217,0
SPY190719C300,2019-07-17,2019-07-17 09:30:41,0.83,1.0246,143,0.81,1.0,923,0.79,0.9753,15,0.82,1.0123,217,0
SPY190719C300,2019-07-17,2019-07-17 09:30:42,0.82,1.0123,5,0.81,1.0,50,0.79,0.9753,15,0.815,1.0061,217,0
SPY190719C300,2019-07-17,2019-07-17 09:30:43,0.82,1.0123,5,0.8,0.9876,509,0.79,0.9753,15,0.81,1.0,217,0
SPY190719C300,2019-07-17,2019-07-17 09:30:44,0.82,1.0123,5,0.8,0.9876,701,0.79,0.9753,15,0.81,1.0,217,0
SPY190719C300,2019-07-17,2019-07-17 09:30:45,0.83,1.0246,32,0.79,0.9753,205,0.79,0.9753,15,0.81,1.0,217,0
SPY190719C300,2019-07-17,2019-07-17 09:30:46,0.82,1.0123,118,0.8,0.9876,213,0.79,0.9753,15,0.81,1.0,217,0
SPY190719C300,2019-07-17,2019-07-17 09:30:48,0.81,1.0,5,0.79,0.9753,281,0.79,0.9753,15,0.8,0.9876,217,0
SPY190719C300,2019-07-17,2019-07-17 09:30:49,0.81,1.0,132,0.79,0.9753,773,0.79,0.9753,15,0.8,0.9876,217,0
SPY190719C300,2019-07-17,2019-07-17 09:30:52,0.82,1.0123,168,0.8,0.9876,459,0.79,0.9753,15,0.81,1.0,217,0
SPY190719C300,2019-07-17,2019-07-17 09:30:53,0.82,1.0123,168,0.8,0.9876,348,0.79,0.9753,15,0.81,1.0,217,0
SPY190719C300,2019-07-17,2019-07-17 09:30:54,0.82,1.0123,168,0.8,0.9876,465,0.79,0.9753,15,0.81,1.0,217,0
SPY190719C300,2019-07-17,2019-07-17 09:30:55,0.82,1.0123,168,0.8,0.9876,465,0.79,0.9753,15,0.81,1.0,217,0
SPY190719C300,2019-07-17,2019-07-17 09:30:56,0.82,1.0123,168,0.8,0.9876,465,0.79,0.9753,15,0.81,1.0,217,0
SPY190719C300,2019-07-17,2019-07-17 09:30:56,0.82,1.0123,168,0.8,0.9876,621,0.79,0.9753,15,0.81,1.0,217,0
SPY190719C300,2019-07-17,2019-07-17 09:30:57,0.82,1.0123,168,0.8,0.9876,621,0.79,0.9753,15,0.81,1.0,217,0
SPY190719C300,2019-07-17,2019-07-17 09:30:58,0.82,1.0123,168,0.8,0.9876,275,0.82,1.0123,38,0.81,1.0,317,100
SPY190719C300,2019-07-17,2019-07-17 09:30:58,0.82,1.0123,168,0.8,0.9876,621,0.79,0.9753,15,0.81,1.0,217,0
SPY190719C300,2019-07-17,2019-07-17 09:30:59,0.82,1.0123,168,0.8,0.9876,428,0.82,1.0123,38,0.81,1.0,317,0
SPY190719C300,2019-07-17,2019-07-17 09:31:00,0.83,1.0246,163,0.81,1.0,5,0.82,1.0123,38,0.82,1.0123,317,0
SPY190719C300,2019-07-17,2019-07-17 09:31:00,0.83,1.0246,630,0.8,0.9876,693,0.82,1.0123,38,0.815,1.0061,317,0
SPY190719C300,2019-07-17,2019-07-17 09:31:01,0.83,1.0246,608,0.8,0.9876,865,0.82,1.0123,38,0.815,1.0061,317,0
SPY190719C300,2019-07-17,2019-07-17 09:31:02,0.83,1.0246,608,0.81,1.0,112,0.82,1.0123,38,0.82,1.0123,317,0
SPY190719C300,2019-07-17,2019-07-17 09:31:02,0.83,1.0246,608,0.81,1.0,122,0.82,1.0123,38,0.82,1.0123,317,0
SPY190719C300,2019-07-17,2019-07-17 09:31:03,0.84,1.037,628,0.81,1.0,178,0.82,1.0123,38,0.825,1.0185,317,0
SPY190719C300,2019-07-17,2019-07-17 09:31:03,0.83,1.0246,530,0.81,1.0,122,0.82,1.0123,38,0.82,1.0123,317,0
SPY190719C300,2019-07-17,2019-07-17 09:31:04,0.84,1.037,456,0.81,1.0,210,0.82,1.0123,38,0.825,1.0185,317,0
SPY190719C300,2019-07-17,2019-07-17 09:31:04,0.83,1.0246,5,0.81,1.0,685,0.82,1.0123,38,0.82,1.0123,317,0
SPY190719C300,2019-07-17,2019-07-17 09:31:05,0.83,1.0246,168,0.81,1.0,5,0.82,1.0123,38,0.82,1.0123,317,0
SPY190719C300,2019-07-17,2019-07-17 09:31:05,0.83,1.0246,147,0.81,1.0,105,0.82,1.0123,38,0.82,1.0123,317,0
SPY190719C300,2019-07-17,2019-07-17 09:31:06,0.83,1.0246,578,0.81,1.0,115,0.82,1.0123,38,0.82,1.0123,317,0
SPY190719C300,2019-07-17,2019-07-17 09:31:07,0.83,1.0246,168,0.81,1.0,165,0.82,1.0123,38,0.82,1.0123,317,0
SPY190719C300,2019-07-17,2019-07-17 09:31:07,0.84,1.037,327,0.82,1.0123,218,0.82,1.0123,38,0.83,1.0246,317,0
SPY190719C300,2019-07-17,2019-07-17 09:31:08,0.85,1.0493,319,0.83,1.0246,5,0.82,1.0123,38,0.84,1.037,317,0
SPY190719C300,2019-07-17,2019-07-17 09:31:08,0.85,1.0493,433,0.83,1.0246,164,0.82,1.0123,38,0.84,1.037,317,0
SPY190719C300,2019-07-17,2019-07-17 09:31:09,0.85,1.0493,300,0.83,1.0246,164,0.82,1.0123,38,0.84,1.037,317,0
SPY190719C300,2019-07-17,2019-07-17 09:31:10,0.85,1.0493,165,0.83,1.0246,165,0.83,1.0246,2,0.84,1.037,319,2
SPY190719C300,2019-07-17,2019-07-17 09:31:11,0.85,1.0493,165,0.83,1.0246,165,0.83,1.0246,2,0.84,1.037,319,0
SPY190719C300,2019-07-17,2019-07-17 09:31:12,0.85,1.0493,165,0.83,1.0246,165,0.83,1.0246,2,0.84,1.037,319,0
SPY190719C300,2019-07-17,2019-07-17 09:31:13,0.85,1.0493,15,0.84,1.037,100,0.83,1.0246,2,0.845,1.0432,319,0
SPY190719C300,2019-07-17,2019-07-17 09:31:13,0.85,1.0493,115,0.83,1.0246,175,0.83,1.0246,2,0.84,1.037,319,0
SPY190719C300,2019-07-17,2019-07-17 09:31:14,0.85,1.0493,15,0.84,1.037,145,0.83,1.0246,2,0.845,1.0432,319,0
SPY190719C300,2019-07-17,2019-07-17 09:31:15,0.85,1.0493,15,0.84,1.037,105,0.83,1.0246,2,0.845,1.0432,319,0
SPY190719C300,2019-07-17,2019-07-17 09:31:16,0.85,1.0493,15,0.84,1.037,403,0.83,1.0246,2,0.845,1.0432,319,0
SPY190719C300,2019-07-17,2019-07-17 09:31:16,0.85,1.0493,15,0.84,1.037,774,0.83,1.0246,2,0.845,1.0432,319,0
SPY190719C300,2019-07-17,2019-07-17 09:31:17,0.85,1.0493,14,0.84,1.037,718,0.85,1.0493,1,0.845,1.0432,324,5
SPY190719C300,2019-07-17,2019-07-17 09:31:18,0.86,1.0617,12,0.85,1.0493,115,0.85,1.0493,5,0.855,1.0555,343,0
SPY190719C300,2019-07-17,2019-07-17 09:31:18,0.85,1.0493,11,0.85,1.0493,50,0.85,1.0493,5,0.85,1.0493,343,19
SPY190719C300,2019-07-17,2019-07-17 09:31:19,0.86,1.0617,12,0.85,1.0493,11,0.85,1.0493,5,0.855,1.0555,343,0
SPY190719C300,2019-07-17,2019-07-17 09:31:19,0.86,1.0617,12,0.85,1.0493,100,0.85,1.0493,5,0.855,1.0555,343,0
SPY190719C300,2019-07-17,2019-07-17 09:31:20,0.86,1.0617,12,0.85,1.0493,115,0.85,1.0493,5,0.855,1.0555,343,0
SPY190719C300,2019-07-17,2019-07-17 09:31:20,0.86,1.0617,12,0.85,1.0493,100,0.85,1.0493,5,0.855,1.0555,343,0
SPY190719C300,2019-07-17,2019-07-17 09:31:21,0.86,1.0617,12,0.85,1.0493,125,0.85,1.0493,1,0.855,1.0555,351,1
SPY190719C300,2019-07-17,2019-07-17 09:31:21,0.86,1.0617,12,0.85,1.0493,125,0.85,1.0493,7,0.855,1.0555,350,7
SPY190719C300,2019-07-17,2019-07-17 09:31:22,0.86,1.0617,12,0.85,1.0493,7,0.85,1.0493,1,0.855,1.0555,351,0
SPY190719C300,2019-07-17,2019-07-17 09:31:23,0.86,1.0617,54,0.85,1.0493,7,0.85,1.0493,1,0.855,1.0555,351,0
SPY190719C300,2019-07-17,2019-07-17 09:31:23,0.86,1.0617,54,0.85,1.0493,7,0.86,1.0617,3,0.855,1.0555,354,3
SPY190719C300,2019-07-17,2019-07-17 09:31:24,0.86,1.0617,54,0.85,1.0493,7,0.86,1.0617,3,0.855,1.0555,354,0
SPY190719C300,2019-07-17,2019-07-17 09:31:25,0.86,1.0617,12,0.85,1.0493,100,0.86,1.0617,3,0.855,1.0555,354,0
SPY190719C300,2019-07-17,2019-07-17 09:31:25,0.86,1.0617,12,0.85,1.0493,110,0.86,1.0617,3,0.855,1.0555,354,0
SPY190719C300,2019-07-17,2019-07-17 09:31:26,0.87,1.074,3,0.86,1.0617,5,0.86,1.0617,1,0.865,1.0679,384,10
SPY190719C300,2019-07-17,2019-07-17 09:31:26,0.86,1.0617,50,0.85,1.0493,115,0.86,1.0617,4,0.855,1.0555,374,20
SPY190719C300,2019-07-17,2019-07-17 09:31:27,0.87,1.074,3,0.86,1.0617,5,0.87,1.074,3,0.865,1.0679,387,3
SPY190719C300,2019-07-17,2019-07-17 09:31:28,0.87,1.074,3,0.86,1.0617,6,0.87,1.074,3,0.865,1.0679,387,0
SPY190719C300,2019-07-17,2019-07-17 09:31:28,0.87,1.074,3,0.86,1.0617,8,0.87,1.074,3,0.865,1.0679,387,0
SPY190719C300,2019-07-17,2019-07-17 09:31:29,0.87,1.074,3,0.86,1.0617,100,0.87,1.074,3,0.865,1.0679,387,0
SPY190719C300,2019-07-17,2019-07-17 09:31:30,0.87,1.074,3,0.86,1.0617,6,0.87,1.074,3,0.865,1.0679,387,0
SPY190719C300,2019-07-17,2019-07-17 09:31:31,0.86,1.0617,25,0.85,1.0493,112,0.86,1.0617,3,0.855,1.0555,391,4
SPY190719C300,2019-07-17,2019-07-17 09:31:31,0.87,1.074,3,0.86,1.0617,12,0.87,1.074,3,0.865,1.0679,387,0
SPY190719C300,2019-07-17,2019-07-17 09:31:32,0.87,1.074,648,0.85,1.0493,112,0.86,1.0617,3,0.86,1.0617,391,0
SPY190719C300,2019-07-17,2019-07-17 09:31:33,0.86,1.0617,1,0.85,1.0493,82,0.86,1.0617,1,0.855,1.0555,392,1
SPY190719C300,2019-07-17,2019-07-17 09:31:36,0.86,1.0617,424,0.84,1.037,112,0.85,1.0493,7,0.85,1.0493,399,7
SPY190719C300,2019-07-17,2019-07-17 09:31:37,0.86,1.0617,431,0.84,1.037,112,0.85,1.0493,7,0.85,1.0493,399,0
SPY190719C300,2019-07-17,2019-07-17 09:31:38,0.86,1.0617,641,0.84,1.037,112,0.86,1.0617,1,0.85,1.0493,400,1
SPY190719C300,2019-07-17,2019-07-17 09:31:39,0.86,1.0617,1,0.85,1.0493,5,0.86,1.0617,1,0.855,1.0555,400,0
SPY190719C300,2019-07-17,2019-07-17 09:31:39,0.87,1.074,416,0.85,1.0493,5,0.85,1.0493,5,0.86,1.0617,405,5
SPY190719C300,2019-07-17,2019-07-17 09:31:40,0.87,1.074,517,0.85,1.0493,5,0.85,1.0493,5,0.86,1.0617,405,0
SPY190719C300,2019-07-17,2019-07-17 09:31:43,0.87,1.074,445,0.86,1.0617,15,0.85,1.0493,1,0.865,1.0679,406,1
SPY190719C300,2019-07-17,2019-07-17 09:31:45,0.87,1.074,445,0.86,1.0617,15,0.85,1.0493,1,0.865,1.0679,406,0
SPY190719C300,2019-07-17,2019-07-17 09:31:46,0.87,1.074,625,0.86,1.0617,15,0.85,1.0493,1,0.865,1.0679,406,0
SPY190719C300,2019-07-17,2019-07-17 09:31:47,0.87,1.074,625,0.86,1.0617,15,0.85,1.0493,1,0.865,1.0679,406,0
SPY190719C300,2019-07-17,2019-07-17 09:31:48,0.87,1.074,660,0.86,1.0617,15,0.86,1.0617,3,0.865,1.0679,409,3
SPY190719C300,2019-07-17,2019-07-17 09:31:48,0.87,1.074,625,0.86,1.0617,15,0.85,1.0493,1,0.865,1.0679,406,0
SPY190719C300,2019-07-17,2019-07-17 09:31:49,0.87,1.074,660,0.86,1.0617,15,0.86,1.0617,2,0.865,1.0679,411,2
SPY190719C300,2019-07-17,2019-07-17 09:31:49,0.87,1.074,660,0.86,1.0617,15,0.86,1.0617,1,0.865,1.0679,412,1
SPY190719C300,2019-07-17,2019-07-17 09:31:50,0.87,1.074,517,0.86,1.0617,15,0.86,1.0617,1,0.865,1.0679,412,0
SPY190719C300,2019-07-17,2019-07-17 09:31:51,0.87,1.074,175,0.86,1.0617,15,0.86,1.0617,1,0.865,1.0679,412,0
SPY190719C300,2019-07-17,2019-07-17 09:31:52,0.87,1.074,523,0.86,1.0617,15,0.86,1.0617,1,0.865,1.0679,412,0
SPY190719C300,2019-07-17,2019-07-17 09:31:53,0.87,1.074,523,0.86,1.0617,15,0.86,1.0617,1,0.865,1.0679,412,0
SPY190719C300,2019-07-17,2019-07-17 09:31:54,0.86,1.0617,210,0.84,1.037,5,0.86,1.0617,15,0.85,1.0493,427,15
SPY190719C300,2019-07-17,2019-07-17 09:31:55,0.85,1.0493,647,0.82,1.0123,491,0.84,1.037,5,0.835,1.0308,432,5
SPY190719C300,2019-07-17,2019-07-17 09:31:55,0.85,1.0493,719,0.82,1.0123,491,0.84,1.037,5,0.835,1.0308,432,0
SPY190719C300,2019-07-17,2019-07-17 09:31:56,0.84,1.037,50,0.82,1.0123,362,0.84,1.037,5,0.83,1.0246,432,0
SPY190719C300,2019-07-17,2019-07-17 09:31:57,0.84,1.037,90,0.82,1.0123,300,0.84,1.037,5,0.83,1.0246,432,0
SPY190719C300,2019-07-17,2019-07-17 09:31:58,0.84,1.037,92,0.82,1.0123,557,0.84,1.037,5,0.83,1.0246,432,0
SPY190719C300,2019-07-17,2019-07-17 09:31:58,0.84,1.037,92,0.82,1.0123,544,0.84,1.037,5,0.83,1.0246,432,0
SPY190719C300,2019-07-17,2019-07-17 09:31:59,0.84,1.037,160,0.82,1.0123,100,0.84,1.037,5,0.83,1.0246,432,0
SPY190719C300,2019-07-17,2019-07-17 09:32:00,0.83,1.0246,50,0.8,0.9876,297,0.84,1.037,5,0.815,1.0061,432,0
SPY190719C300,2019-07-17,2019-07-17 09:32:01,0.82,1.0123,60,0.8,0.9876,194,0.84,1.037,5,0.81,1.0,432,0
SPY190719C300,2019-07-17,2019-07-17 09:32:02,0.82,1.0123,125,0.8,0.9876,5,0.84,1.037,5,0.81,1.0,432,0
SPY190719C300,2019-07-17,2019-07-17 09:32:02,0.82,1.0123,100,0.8,0.9876,5,0.84,1.037,5,0.81,1.0,432,0
SPY190719C300,2019-07-17,2019-07-17 09:32:03,0.81,1.0,18,0.8,0.9876,149,0.84,1.037,5,0.805,0.9938,432,0
SPY190719C300,2019-07-17,2019-07-17 09:32:04,0.81,1.0,18,0.8,0.9876,149,0.84,1.037,5,0.805,0.9938,432,0
SPY190719C300,2019-07-17,2019-07-17 09:32:04,0.81,1.0,18,0.8,0.9876,192,0.84,1.037,5,0.805,0.9938,432,0
SPY190719C300,2019-07-17,2019-07-17 09:32:05,0.81,1.0,18,0.8,0.9876,115,0.84,1.037,5,0.805,0.9938,432,0
SPY190719C300,2019-07-17,2019-07-17 09:32:06,0.81,1.0,18,0.8,0.9876,5,0.8,0.9876,2,0.805,0.9938,434,2
SPY190719C300,2019-07-17,2019-07-17 09:32:06,0.81,1.0,18,0.8,0.9876,336,0.8,0.9876,2,0.805,0.9938,434,0
SPY190719C300,2019-07-17,2019-07-17 09:32:07,0.81,1.0,18,0.8,0.9876,451,0.8,0.9876,2,0.805,0.9938,434,0
SPY190719C300,2019-07-17,2019-07-17 09:32:07,0.82,1.0123,435,0.8,0.9876,202,0.8,0.9876,2,0.81,1.0,434,0
SPY190719C300,2019-07-17,2019-07-17 09:32:08,0.82,1.0123,435,0.8,0.9876,212,0.81,1.0,10,0.81,1.0,444,10
SPY190719C300,2019-07-17,2019-07-17 09:32:09,0.82,1.0123,435,0.8,0.9876,477,0.81,1.0,10,0.81,1.0,444,0
SPY190719C300,2019-07-17,2019-07-17 09:32:10,0.81,1.0,302,0.79,0.9753,135,0.81,1.0,10,0.8,0.9876,444,0
SPY190719C300,2019-07-17,2019-07-17 09:32:10,0.8,0.9876,35,0.79,0.9753,149,0.81,1.0,10,0.795,0.9814,444,0
SPY190719C300,2019-07-17,2019-07-17 09:32:11,0.8,0.9876,35,0.78,0.9629,519,0.81,1.0,10,0.79,0.9753,444,0
SPY190719C300,2019-07-17,2019-07-17 09:32:12,0.8,0.9876,35,0.79,0.9753,5,0.8,0.9876,3,0.795,0.9814,447,3
SPY190719C300,2019-07-17,2019-07-17 09:32:13,0.8,0.9876,104,0.78,0.9629,478,0.8,0.9876,3,0.79,0.9753,447,0
SPY190719C300,2019-07-17,2019-07-17 09:32:13,0.8,0.9876,107,0.78,0.9629,478,0.8,0.9876,3,0.79,0.9753,447,0
SPY190719C300,2019-07-17,2019-07-17 09:32:14,0.81,1.0,46,0.79,0.9753,827,0.8,0.9876,3,0.8,0.9876,447,0
SPY190719C300,2019-07-17,2019-07-17 09:32:14,0.81,1.0,79,0.79,0.9753,817,0.8,0.9876,3,0.8,0.9876,447,0
SPY190719C300,2019-07-17,2019-07-17 09:32:15,0.81,1.0,75,0.8,0.9876,5,0.8,0.9876,3,0.805,0.9938,447,0
SPY190719C300,2019-07-17,2019-07-17 09:32:15,0.81,1.0,218,0.79,0.9753,152,0.8,0.9876,3,0.8,0.9876,447,0
SPY190719C300,2019-07-17,2019-07-17 09:32:16,0.81,1.0,105,0.8,0.9876,5,0.8,0.9876,3,0.805,0.9938,447,0
SPY190719C300,2019-07-17,2019-07-17 09:32:17,0.81,1.0,30,0.79,0.9753,1051,0.8,0.9876,3,0.8,0.9876,447,0
SPY190719C300,2019-07-17,2019-07-17 09:32:17,0.81,1.0,110,0.8,0.9876,5,0.8,0.9876,3,0.805,0.9938,447,0
SPY190719C300,2019-07-17,2019-07-17 09:32:18,0.81,1.0,303,0.79,0.9753,45,0.8,0.9876,3,0.8,0.9876,447,0
SPY190719C300,2019-07-17,2019-07-17 09:32:19,0.81,1.0,478,0.79,0.9753,125,0.8,0.9876,3,0.8,0.9876,447,0
SPY190719C300,2019-07-17,2019-07-17 09:32:19,0.81,1.0,499,0.79,0.9753,125,0.8,0.9876,3,0.8,0.9876,447,0
SPY190719C300,2019-07-17,2019-07-17 09:32:20,0.81,1.0,524,0.79,0.9753,125,0.8,0.9876,3,0.8,0.9876,447,0
SPY190719C300,2019-07-17,2019-07-17 09:32:20,0.81,1.0,478,0.79,0.9753,125,0.8,0.9876,3,0.8,0.9876,447,0
SPY190719C300,2019-07-17,2019-07-17 09:32:21,0.81,1.0,524,0.79,0.9753,111,0.8,0.9876,3,0.8,0.9876,447,0
SPY190719C300,2019-07-17,2019-07-17 09:32:22,0.81,1.0,524,0.79,0.9753,145,0.8,0.9876,3,0.8,0.9876,447,0
SPY190719C300,2019-07-17,2019-07-17 09:32:23,0.81,1.0,524,0.79,0.9753,145,0.8,0.9876,3,0.8,0.9876,447,0
SPY190719C300,2019-07-17,2019-07-17 09:32:24,0.81,1.0,435,0.79,0.9753,145,0.8,0.9876,3,0.8,0.9876,447,0
SPY190719C300,2019-07-17,2019-07-17 09:32:24,0.81,1.0,211,0.79,0.9753,148,0.8,0.9876,3,0.8,0.9876,447,0
SPY190719C300,2019-07-17,2019-07-17 09:32:25,0.81,1.0,435,0.79,0.9753,145,0.8,0.9876,3,0.8,0.9876,447,0
SPY190719C300,2019-07-17,2019-07-17 09:32:26,0.8,0.9876,85,0.79,0.9753,36,0.8,0.9876,2,0.795,0.9814,447,0
SPY190719C300,2019-07-17,2019-07-17 09:32:26,0.81,1.0,410,0.79,0.9753,26,0.8,0.9876,3,0.8,0.9876,447,0
SPY190719C300,2019-07-17,2019-07-17 09:32:27,0.8,0.9876,85,0.79,0.9753,71,0.8,0.9876,2,0.795,0.9814,449,2
SPY190719C300,2019-07-17,2019-07-17 09:32:27,0.8,0.9876,35,0.79,0.9753,83,0.8,0.9876,5,0.795,0.9814,454,5
SPY190719C300,2019-07-17,2019-07-17 09:32:28,0.8,0.9876,94,0.79,0.9753,40,0.8,0.9876,5,0.795,0.9814,454,0
SPY190719C300,2019-07-17,2019-07-17 09:32:28,0.8,0.9876,72,0.79,0.9753,83,0.8,0.9876,5,0.795,0.9814,454,0
SPY190719C300,2019-07-17,2019-07-17 09:32:29,0.8,0.9876,52,0.79,0.9753,66,0.8,0.9876,5,0.795,0.9814,454,0
SPY190719C300,2019-07-17,2019-07-17 09:32:29,0.8,0.9876,108,0.79,0.9753,89,0.8,0.9876,5,0.795,0.9814,454,0
SPY190719C300,2019-07-17,2019-07-17 09:32:30,0.8,0.9876,108,0.79,0.9753,78,0.8,0.9876,5,0.795,0.9814,454,0
SPY190719C300,2019-07-17,2019-07-17 09:32:30,0.8,0.9876,108,0.79,0.9753,71,0.8,0.9876,5,0.795,0.9814,454,0
SPY190719C300,2019-07-17,2019-07-17 09:32:31,0.8,0.9876,77,0.79,0.9753,127,0.8,0.9876,5,0.795,0.9814,454,0
SPY190719C300,2019-07-17,2019-07-17 09:32:32,0.8,0.9876,27,0.79,0.9753,127,0.8,0.9876,9,0.795,0.9814,464,10
SPY190719C300,2019-07-17,2019-07-17 09:32:32,0.8,0.9876,35,0.8,0.9876,64,0.8,0.9876,1,0.8,0.9876,475,11
SPY190719C300,2019-07-17,2019-07-17 09:32:33,0.81,1.0,181,0.8,0.9876,45,0.8,0.9876,1,0.805,0.9938,475,0
SPY190719C300,2019-07-17,2019-07-17 09:32:34,0.82,1.0123,301,0.8,0.9876,430,0.8,0.9876,1,0.81,1.0,475,0
SPY190719C300,2019-07-17,2019-07-17 09:32:34,0.81,1.0,145,0.8,0.9876,15,0.8,0.9876,1,0.805,0.9938,475,0
SPY190719C300,2019-07-17,2019-07-17 09:32:35,0.82,1.0123,157,0.8,0.9876,199,0.8,0.9876,1,0.81,1.0,475,0
SPY190719C300,2019-07-17,2019-07-17 09:32:36,0.82,1.0123,202,0.8,0.9876,243,0.8,0.9876,1,0.81,1.0,475,0
SPY190719C300,2019-07-17,2019-07-17 09:32:36,0.82,1.0123,198,0.8,0.9876,303,0.8,0.9876,1,0.81,1.0,486,11
SPY190719C300,2019-07-17,2019-07-17 09:32:37,0.82,1.0123,198,0.8,0.9876,303,0.8,0.9876,1,0.81,1.0,486,0
SPY190719C300,2019-07-17,2019-07-17 09:32:38,0.82,1.0123,435,0.8,0.9876,122,0.8,0.9876,1,0.81,1.0,486,0
SPY190719C300,2019-07-17,2019-07-17 09:32:38,0.81,1.0,26,0.8,0.9876,50,0.8,0.9876,1,0.805,0.9938,486,0
SPY190719C300,2019-07-17,2019-07-17 09:32:39,0.82,1.0123,435,0.8,0.9876,187,0.8,0.9876,1,0.81,1.0,486,0
SPY190719C300,2019-07-17,2019-07-17 09:32:39,0.82,1.0123,435,0.8,0.9876,187,0.8,0.9876,24,0.81,1.0,515,29
SPY190719C300,2019-07-17,2019-07-17 09:32:40,0.82,1.0123,5,0.81,1.0,152,0.8,0.9876,24,0.815,1.0061,515,0
SPY190719C300,2019-07-17,2019-07-17 09:32:40,0.82,1.0123,5,0.81,1.0,152,0.82,1.0123,100,0.815,1.0061,615,100
SPY190719C300,2019-07-17,2019-07-17 09:32:41,0.82,1.0123,5,0.81,1.0,152,0.82,1.0123,100,0.815,1.0061,615,0
SPY190719C300,2019-07-17,2019-07-17 09:32:42,0.82,1.0123,5,0.81,1.0,212,0.82,1.0123,100,0.815,1.0061,615,0
SPY190719C300,2019-07-17,2019-07-17 09:32:43,0.82,1.0123,177,0.81,1.0,45,0.82,1.0123,100,0.815,1.0061,615,0
SPY190719C300,2019-07-17,2019-07-17 09:32:43,0.82,1.0123,5,0.81,1.0,212,0.82,1.0123,100,0.815,1.0061,615,0
SPY190719C300,2019-07-17,2019-07-17 09:32:47,0.82,1.0123,223,0.8,0.9876,80,0.81,1.0,1,0.81,1.0,616,1
SPY190719C300,2019-07-17,2019-07-17 09:32:48,0.82,1.0123,517,0.8,0.9876,163,0.81,1.0,1,0.81,1.0,616,0
SPY190719C300,2019-07-17,2019-07-17 09:32:49,0.82,1.0123,190,0.8,0.9876,261,0.8,0.9876,1,0.81,1.0,617,1
SPY190719C300,2019-07-17,2019-07-17 09:32:50,0.82,1.0123,114,0.81,1.0,48,0.8,0.9876,1,0.815,1.0061,617,0
SPY190719C300,2019-07-17,2019-07-17 09:32:50,0.82,1.0123,173,0.81,1.0,42,0.8,0.9876,1,0.815,1.0061,617,0
SPY190719C300,2019-07-17,2019-07-17 09:32:51,0.82,1.0123,408,0.8,0.9876,214,0.8,0.9876,1,0.81,1.0,618,1
SPY190719C300,2019-07-17,2019-07-17 09:32:52,0.82,1.0123,200,0.8,0.9876,164,0.8,0.9876,1,0.81,1.0,618,0
SPY190719C300,2019-07-17,2019-07-17 09:32:52,0.82,1.0123,587,0.81,1.0,35,0.8,0.9876,1,0.815,1.0061,618,0
SPY190719C300,2019-07-17,2019-07-17 09:32:53,0.81,1.0,50,0.8,0.9876,128,0.8,0.9876,1,0.805,0.9938,618,0
SPY190719C300,2019-07-17,2019-07-17 09:32:54,0.81,1.0,50,0.8,0.9876,80,0.8,0.9876,1,0.805,0.9938,618,0
SPY190719C300,2019-07-17,2019-07-17 09:32:54,0.81,1.0,50,0.8,0.9876,150,0.8,0.9876,1,0.805,0.9938,618,0
SPY190719C300,2019-07-17,2019-07-17 09:32:55,0.82,1.0123,5,0.81,1.0,496,0.8,0.9876,1,0.815,1.0061,618,0
SPY190719C300,2019-07-17,2019-07-17 09:32:56,0.82,1.0123,5,0.81,1.0,146,0.8,0.9876,1,0.815,1.0061,618,0
SPY190719C300,2019-07-17,2019-07-17 09:32:57,0.82,1.0123,5,0.81,1.0,213,0.8,0.9876,1,0.815,1.0061,618,0
SPY190719C300,2019-07-17,2019-07-17 09:32:57,0.82,1.0123,5,0.81,1.0,406,0.8,0.9876,1,0.815,1.0061,618,0
SPY190719C300,2019-07-17,2019-07-17 09:32:58,0.82,1.0123,5,0.81,1.0,333,0.8,0.9876,1,0.815,1.0061,618,0
SPY190719C300,2019-07-17,2019-07-17 09:32:58,0.82,1.0123,5,0.81,1.0,213,0.8,0.9876,1,0.815,1.0061,618,0
SPY190719C300,2019-07-17,2019-07-17 09:32:59,0.82,1.0123,5,0.81,1.0,298,0.82,1.0123,5,0.815,1.0061,623,5
SPY190719C300,2019-07-17,2019-07-17 09:33:00,0.83,1.0246,250,0.82,1.0123,147,0.82,1.0123,5,0.825,1.0185,623,0
SPY190719C300,2019-07-17,2019-07-17 09:33:00,0.83,1.0246,288,0.82,1.0123,50,0.82,1.0123,5,0.825,1.0185,623,0
SPY190719C300,2019-07-17,2019-07-17 09:33:01,0.83,1.0246,288,0.82,1.0123,50,0.82,1.0123,5,0.825,1.0185,623,0
SPY190719C300,2019-07-17,2019-07-17 09:33:01,0.83,1.0246,250,0.82,1.0123,84,0.82,1.0123,5,0.825,1.0185,623,0
SPY190719C300,2019-07-17,2019-07-17 09:33:02,0.83,1.0246,250,0.81,1.0,128,0.82,1.0123,5,0.82,1.0123,623,0
SPY190719C300,2019-07-17,2019-07-17 09:33:02,0.82,1.0123,93,0.81,1.0,118,0.82,1.0123,5,0.815,1.0061,623,0
SPY190719C300,2019-07-17,2019-07-17 09:33:03,0.82,1.0123,143,0.8,0.9876,204,0.82,1.0123,5,0.81,1.0,623,0
SPY190719C300,2019-07-17,2019-07-17 09:33:04,0.82,1.0123,138,0.8,0.9876,227,0.82,1.0123,5,0.81,1.0,623,0
SPY190719C300,2019-07-17,2019-07-17 09:33:04,0.82,1.0123,144,0.8,0.9876,227,0.82,1.0123,5,0.81,1.0,623,0
SPY190719C300,2019-07-17,2019-07-17 09:33:05,0.82,1.0123,167,0.8,0.9876,227,0.82,1.0123,5,0.81,1.0,623,0
SPY190719C300,2019-07-17,2019-07-17 09:33:05,0.82,1.0123,153,0.8,0.9876,227,0.82,1.0123,5,0.81,1.0,623,0
SPY190719C300,2019-07-17,2019-07-17 09:33:06,0.82,1.0123,167,0.8,0.9876,564,0.82,1.0123,5,0.81,1.0,623,0
SPY190719C300,2019-07-17,2019-07-17 09:33:07,0.82,1.0123,209,0.8,0.9876,564,0.82,1.0123,5,0.81,1.0,623,0
SPY190719C300,2019-07-17,2019-07-17 09:33:08,0.82,1.0123,209,0.8,0.9876,564,0.82,1.0123,5,0.81,1.0,623,0
SPY190719C300,2019-07-17,2019-07-17 09:33:08,0.82,1.0123,50,0.8,0.9876,309,0.82,1.0123,5,0.81,1.0,623,0
SPY190719C300,2019-07-17,2019-07-17 09:33:09,0.83,1.0246,365,0.81,1.0,136,0.82,1.0123,5,0.82,1.0123,623,0
SPY190719C300,2019-07-17,2019-07-17 09:33:09,0.82,1.0123,88,0.81,1.0,70,0.82,1.0123,5,0.815,1.0061,623,0
SPY190719C300,2019-07-17,2019-07-17 09:33:10,0.82,1.0123,88,0.81,1.0,69,0.82,1.0123,5,0.815,1.0061,623,0
SPY190719C300,2019-07-17,2019-07-17 09:33:10,0.82,1.0123,167,0.8,0.9876,301,0.82,1.0123,50,0.81,1.0,673,50
SPY190719C300,2019-07-17,2019-07-17 09:33:11,0.82,1.0123,167,0.8,0.9876,301,0.82,1.0123,50,0.81,1.0,673,0
SPY190719C300,2019-07-17,2019-07-17 09:33:12,0.82,1.0123,307,0.8,0.9876,328,0.82,1.0123,50,0.81,1.0,673,0
SPY190719C300,2019-07-17,2019-07-17 09:33:12,0.82,1.0123,307,0.8,0.9876,301,0.82,1.0123,50,0.81,1.0,673,0
SPY190719C300,2019-07-17,2019-07-17 09:33:13,0.82,1.0123,307,0.8,0.9876,328,0.82,1.0123,50,0.81,1.0,673,0
SPY190719C300,2019-07-17,2019-07-17 09:33:14,0.82,1.0123,165,0.8,0.9876,312,0.82,1.0123,50,0.81,1.0,673,0
SPY190719C300,2019-07-17,2019-07-17 09:33:14,0.82,1.0123,307,0.8,0.9876,328,0.82,1.0123,50,0.81,1.0,673,0
SPY190719C300,2019-07-17,2019-07-17 09:33:15,0.82,1.0123,277,0.8,0.9876,181,0.82,1.0123,50,0.81,1.0,673,0
SPY190719C300,2019-07-17,2019-07-17 09:33:16,0.82,1.0123,209,0.8,0.9876,96,0.8,0.9876,1,0.81,1.0,675,2
SPY190719C300,2019-07-17,2019-07-17 09:33:16,0.82,1.0123,277,0.8,0.9876,133,0.82,1.0123,50,0.81,1.0,673,0
SPY190719C300,2019-07-17,2019-07-17 09:33:18,0.82,1.0123,307,0.8,0.9876,159,0.8,0.9876,1,0.81,1.0,675,0
SPY190719C300,2019-07-17,2019-07-17 09:33:19,0.81,1.0,50,0.8,0.9876,80,0.8,0.9876,1,0.805,0.9938,675,0
SPY190719C300,2019-07-17,2019-07-17 09:33:19,0.82,1.0123,307,0.8,0.9876,159,0.8,0.9876,1,0.81,1.0,675,0
SPY190719C300,2019-07-17,2019-07-17 09:33:20,0.81,1.0,58,0.8,0.9876,80,0.8,0.9876,1,0.805,0.9938,675,0
SPY190719C300,2019-07-17,2019-07-17 09:33:21,0.81,1.0,96,0.8,0.9876,80,0.8,0.9876,1,0.805,0.9938,675,0
SPY190719C300,2019-07-17,2019-07-17 09:33:21,0.81,1.0,215,0.8,0.9876,80,0.8,0.9876,1,0.805,0.9938,675,0
SPY190719C300,2019-07-17,2019-07-17 09:33:22,0.81,1.0,633,0.8,0.9876,80,0.8,0.9876,1,0.805,0.9938,675,0
SPY190719C300,2019-07-17,2019-07-17 09:33:22,0.81,1.0,647,0.8,0.9876,80,0.8,0.9876,1,0.805,0.9938,676,1
SPY190719C300,2019-07-17,2019-07-17 09:33:23,0.79,0.9753,15,0.77,0.9506,31,0.79,0.9753,5,0.78,0.9629,761,85
SPY190719C300,2019-07-17,2019-07-17 09:33:24,0.79,0.9753,165,0.76,0.9382,35,0.79,0.9753,5,0.775,0.9567,761,0
SPY190719C300,2019-07-17,2019-07-17 09:33:24,0.79,0.9753,207,0.77,0.9506,47,0.79,0.9753,5,0.78,0.9629,761,0
SPY190719C300,2019-07-17,2019-07-17 09:33:25,0.78,0.9629,209,0.77,0.9506,41,0.79,0.9753,5,0.775,0.9567,761,0
SPY190719C300,2019-07-17,2019-07-17 09:33:25,0.78,0.9629,56,0.77,0.9506,47,0.79,0.9753,5,0.775,0.9567,761,0
SPY190719C300,2019-07-17,2019-07-17 09:33:26,0.78,0.9629,109,0.76,0.9382,77,0.76,0.9382,7,0.77,0.9506,768,7
SPY190719C300,2019-07-17,2019-07-17 09:33:26,0.78,0.9629,100,0.76,0.9382,80,0.79,0.9753,5,0.77,0.9506,761,0
SPY190719C300,2019-07-17,2019-07-17 09:33:27,0.78,0.9629,209,0.76,0.9382,116,0.76,0.9382,7,0.77,0.9506,768,0
SPY190719C300,2019-07-17,2019-07-17 09:33:28,0.79,0.9753,209,0.77,0.9506,68,0.76,0.9382,7,0.78,0.9629,768,0
SPY190719C300,2019-07-17,2019-07-17 09:33:28,0.78,0.9629,141,0.77,0.9506,14,0.76,0.9382,7,0.775,0.9567,768,0
SPY190719C300,2019-07-17,2019-07-17 09:33:29,0.79,0.9753,209,0.77,0.9506,68,0.76,0.9382,7,0.78,0.9629,768,0
SPY190719C300,2019-07-17,2019-07-17 09:33:30,0.79,0.9753,277,0.78,0.9629,21,0.76,0.9382,7,0.785,0.9691,768,0
SPY190719C300,2019-07-17,2019-07-17 09:33:30,0.79,0.9753,138,0.78,0.9629,21,0.76,0.9382,7,0.785,0.9691,768,0
SPY190719C300,2019-07-17,2019-07-17 09:33:31,0.79,0.9753,126,0.78,0.9629,25,0.76,0.9382,7,0.785,0.9691,768,0
SPY190719C300,2019-07-17,2019-07-17 09:33:31,0.8,0.9876,486,0.78,0.9629,39,0.76,0.9382,7,0.79,0.9753,768,0
SPY190719C300,2019-07-17,2019-07-17 09:33:32,0.79,0.9753,92,0.78,0.9629,5,0.76,0.9382,7,0.785,0.9691,768,0
SPY190719C300,2019-07-17,2019-07-17 09:33:32,0.79,0.9753,92,0.78,0.9629,44,0.76,0.9382,7,0.785,0.9691,768,0
SPY190719C300,2019-07-17,2019-07-17 09:33:33,0.79,0.9753,558,0.78,0.9629,5,0.76,0.9382,7,0.785,0.9691,768,0
SPY190719C300,2019-07-17,2019-07-17 09:33:34,0.79,0.9753,450,0.77,0.9506,133,0.76,0.9382,7,0.78,0.9629,768,0
SPY190719C300,2019-07-17,2019-07-17 09:33:35,0.79,0.9753,167,0.77,0.9506,130,0.76,0.9382,7,0.78,0.9629,768,0
SPY190719C300,2019-07-17,2019-07-17 09:33:36,0.79,0.9753,100,0.78,0.9629,10,0.78,0.9629,100,0.785,0.9691,868,100
SPY190719C300,2019-07-17,2019-07-17 09:33:36,0.79,0.9753,277,0.78,0.9629,49,0.76,0.9382,7,0.785,0.9691,768,0
SPY190719C300,2019-07-17,2019-07-17 09:33:37,0.79,0.9753,104,0.78,0.9629,10,0.78,0.9629,100,0.785,0.9691,868,0
SPY190719C300,2019-07-17,2019-07-17 09:33:38,0.79,0.9753,307,0.78,0.9629,10,0.78,0.9629,100,0.785,0.9691,868,0
SPY190719C300,2019-07-17,2019-07-17 09:33:38,0.79,0.9753,307,0.78,0.9629,112,0.78,0.9629,100,0.785,0.9691,868,0
SPY190719C300,2019-07-17,2019-07-17 09:33:39,0.79,0.9753,92,0.78,0.9629,127,0.78,0.9629,1,0.785,0.9691,869,1
SPY190719C300,2019-07-17,2019-07-17 09:33:40,0.79,0.9753,92,0.78,0.9629,115,0.78,0.9629,1,0.785,0.9691,869,0
SPY190719C300,2019-07-17,2019-07-17 09:33:41,0.79,0.9753,56,0.78,0.9629,132,0.78,0.9629,1,0.785,0.9691,869,0
SPY190719C300,2019-07-17,2019-07-17 09:33:41,0.79,0.9753,55,0.78,0.9629,115,0.78,0.9629,1,0.785,0.9691,869,0
SPY190719C300,2019-07-17,2019-07-17 09:33:42,0.79,0.9753,261,0.78,0.9629,132,0.78,0.9629,1,0.785,0.9691,869,0
SPY190719C300,2019-07-17,2019-07-17 09:33:42,0.79,0.9753,1042,0.78,0.9629,20,0.78,0.9629,1,0.785,0.9691,869,0
SPY190719C300,2019-07-17,2019-07-17 09:33:43,0.79,0.9753,241,0.78,0.9629,51,0.78,0.9629,1,0.785,0.9691,869,0
SPY190719C300,2019-07-17,2019-07-17 09:33:43,0.79,0.9753,1279,0.78,0.9629,20,0.78,0.9629,1,0.785,0.9691,869,0
SPY190719C300,2019-07-17,2019-07-17 09:33:44,0.79,0.9753,531,0.78,0.9629,61,0.78,0.9629,1,0.785,0.9691,869,0
SPY190719C300,2019-07-17,2019-07-17 09:33:44,0.79,0.9753,869,0.78,0.9629,20,0.78,0.9629,1,0.785,0.9691,869,0
SPY190719C300,2019-07-17,2019-07-17 09:33:45,0.79,0.9753,789,0.78,0.9629,20,0.78,0.9629,1,0.785,0.9691,869,0
SPY190719C300,2019-07-17,2019-07-17 09:33:46,0.79,0.9753,552,0.78,0.9629,20,0.78,0.9629,1,0.785,0.9691,869,0
SPY190719C300,2019-07-17,2019-07-17 09:33:46,0.79,0.9753,512,0.78,0.9629,20,0.78,0.9629,1,0.785,0.9691,869,0
SPY190719C300,2019-07-17,2019-07-17 09:33:47,0.79,0.9753,849,0.78,0.9629,20,0.78,0.9629,1,0.785,0.9691,869,0
SPY190719C300,2019-07-17,2019-07-17 09:33:47,0.79,0.9753,316,0.78,0.9629,35,0.78,0.9629,1,0.785,0.9691,869,0
SPY190719C300,2019-07-17,2019-07-17 09:33:48,0.79,0.9753,839,0.78,0.9629,20,0.78,0.9629,1,0.785,0.9691,869,0
SPY190719C300,2019-07-17,2019-07-17 09:33:49,0.79,0.9753,1218,0.78,0.9629,20,0.78,0.9629,1,0.785,0.9691,869,0
SPY190719C300,2019-07-17,2019-07-17 09:33:50,0.78,0.9629,241,0.77,0.9506,37,0.78,0.9629,20,0.775,0.9567,889,20
SPY190719C300,2019-07-17,2019-07-17 09:33:50,0.79,0.9753,138,0.78,0.9629,87,0.78,0.9629,20,0.785,0.9691,889,0
SPY190719C300,2019-07-17,2019-07-17 09:33:51,0.79,0.9753,277,0.78,0.9629,87,0.78,0.9629,2,0.785,0.9691,891,0
SPY190719C300,2019-07-17,2019-07-17 09:33:51,0.79,0.9753,277,0.78,0.9629,87,0.78,0.9629,2,0.785,0.9691,891,2
SPY190719C300,2019-07-17,2019-07-17 09:33:52,0.8,0.9876,206,0.78,0.9629,82,0.78,0.9629,2,0.79,0.9753,891,0
SPY190719C300,2019-07-17,2019-07-17 09:33:52,0.8,0.9876,209,0.78,0.9629,181,0.78,0.9629,2,0.79,0.9753,891,0
SPY190719C300,2019-07-17,2019-07-17 09:33:53,0.8,0.9876,1023,0.78,0.9629,181,0.78,0.9629,2,0.79,0.9753,891,0
SPY190719C300,2019-07-17,2019-07-17 09:33:54,0.79,0.9753,65,0.78,0.9629,89,0.78,0.9629,2,0.785,0.9691,891,0
SPY190719C300,2019-07-17,2019-07-17 09:33:54,0.79,0.9753,108,0.78,0.9629,89,0.78,0.9629,2,0.785,0.9691,891,0
SPY190719C300,2019-07-17,2019-07-17 09:33:55,0.79,0.9753,108,0.77,0.9506,129,0.78,0.9629,2,0.78,0.9629,891,0
SPY190719C300,2019-07-17,2019-07-17 09:33:55,0.78,0.9629,92,0.77,0.9506,129,0.78,0.9629,2,0.775,0.9567,891,0
SPY190719C300,2019-07-17,2019-07-17 09:33:56,0.79,0.9753,295,0.77,0.9506,139,0.78,0.9629,2,0.78,0.9629,891,0
SPY190719C300,2019-07-17,2019-07-17 09:33:56,0.78,0.9629,92,0.77,0.9506,139,0.78,0.9629,2,0.775,0.9567,891,0
SPY190719C300,2019-07-17,2019-07-17 09:33:58,0.79,0.9753,257,0.78,0.9629,80,0.78,0.9629,2,0.785,0.9691,891,0
SPY190719C300,2019-07-17,2019-07-17 09:33:58,0.79,0.9753,257,0.78,0.9629,75,0.78,0.9629,2,0.785,0.9691,891,0
SPY190719C300,2019-07-17,2019-07-17 09:33:59,0.79,0.9753,209,0.78,0.9629,73,0.78,0.9629,2,0.785,0.9691,891,0
SPY190719C300,2019-07-17,2019-07-17 09:33:59,0.79,0.9753,257,0.78,0.9629,78,0.78,0.9629,2,0.785,0.9691,891,0
SPY190719C300,2019-07-17,2019-07-17 09:34:00,0.79,0.9753,105,0.78,0.9629,123,0.78,0.9629,2,0.785,0.9691,891,0
SPY190719C300,2019-07-17,2019-07-17 09:34:01,0.79,0.9753,87,0.78,0.9629,123,0.78,0.9629,2,0.785,0.9691,891,0
SPY190719C300,2019-07-17,2019-07-17 09:34:02,0.79,0.9753,209,0.78,0.9629,123,0.78,0.9629,2,0.785,0.9691,891,0
SPY190719C300,2019-07-17,2019-07-17 09:34:03,0.79,0.9753,207,0.78,0.9629,123,0.79,0.9753,2,0.785,0.9691,893,2
SPY190719C300,2019-07-17,2019-07-17 09:34:03,0.79,0.9753,209,0.78,0.9629,123,0.78,0.9629,2,0.785,0.9691,891,0
SPY190719C300,2019-07-17,2019-07-17 09:34:04,0.79,0.9753,207,0.78,0.9629,118,0.79,0.9753,2,0.785,0.9691,893,0
SPY190719C300,2019-07-17,2019-07-17 09:34:04,0.79,0.9753,207,0.78,0.9629,123,0.79,0.9753,2,0.785,0.9691,893,0
SPY190719C300,2019-07-17,2019-07-17 09:34:05,0.79,0.9753,354,0.78,0.9629,123,0.79,0.9753,2,0.785,0.9691,893,0
SPY190719C300,2019-07-17,2019-07-17 09:34:06,0.79,0.9753,412,0.78,0.9629,123,0.79,0.9753,2,0.785,0.9691,893,0
SPY190719C300,2019-07-17,2019-07-17 09:34:06,0.79,0.9753,412,0.78,0.9629,118,0.79,0.9753,2,0.785,0.9691,893,0
SPY190719C300,2019-07-17,2019-07-17 09:34:07,0.79,0.9753,207,0.78,0.9629,84,0.79,0.9753,2,0.785,0.9691,893,0
SPY190719C300,2019-07-17,2019-07-17 09:34:07,0.79,0.9753,374,0.78,0.9629,52,0.79,0.9753,2,0.785,0.9691,893,0
SPY190719C300,2019-07-17,2019-07-17 09:34:08,0.79,0.9753,374,0.77,0.9506,332,0.79,0.9753,2,0.78,0.9629,893,0
SPY190719C300,2019-07-17,2019-07-17 09:34:09,0.79,0.9753,499,0.77,0.9506,168,0.79,0.9753,2,0.78,0.9629,893,0
SPY190719C300,2019-07-17,2019-07-17 09:34:09,0.79,0.9753,345,0.77,0.9506,332,0.79,0.9753,2,0.78,0.9629,893,0
SPY190719C300,2019-07-17,2019-07-17 09:34:10,0.79,0.9753,50,0.78,0.9629,45,0.79,0.9753,2,0.785,0.9691,893,0
SPY190719C300,2019-07-17,2019-07-17 09:34:13,0.79,0.9753,58,0.78,0.9629,149,0.79,0.9753,2,0.785,0.9691,893,0
SPY190719C300,2019-07-17,2019-07-17 09:34:14,0.8,0.9876,65,0.79,0.9753,6,0.79,0.9753,10,0.795,0.9814,903,10
SPY190719C300,2019-07-17,2019-07-17 09:34:15,0.81,1.0,344,0.79,0.9753,199,0.79,0.9753,4,0.8,0.9876,912,9
SPY190719C300,2019-07-17,2019-07-17 09:34:16,0.8,0.9876,56,0.79,0.9753,149,0.79,0.9753,4,0.795,0.9814,912,0
SPY190719C300,2019-07-17,2019-07-17 09:34:17,0.81,1.0,114,0.8,0.9876,8,0.79,0.9753,4,0.805,0.9938,912,0
SPY190719C300,2019-07-17,2019-07-17 09:34:18,0.8,0.9876,93,0.79,0.9753,95,0.79,0.9753,4,0.795,0.9814,912,0
SPY190719C300,2019-07-17,2019-07-17 09:34:19,0.8,0.9876,10,0.79,0.9753,95,0.79,0.9753,4,0.795,0.9814,912,0
SPY190719C300,2019-07-17,2019-07-17 09:34:20,0.8,0.9876,10,0.79,0.9753,101,0.79,0.9753,4,0.795,0.9814,912,0
SPY190719C300,2019-07-17,2019-07-17 09:34:21,0.81,1.0,47,0.8,0.9876,5,0.8,0.9876,10,0.805,0.9938,922,10
SPY190719C300,2019-07-17,2019-07-17 09:34:21,0.8,0.9876,10,0.79,0.9753,133,0.79,0.9753,4,0.795,0.9814,912,0
SPY190719C300,2019-07-17,2019-07-17 09:34:22,0.82,1.0123,110,0.81,1.0,35,0.8,0.9876,10,0.815,1.0061,922,0
SPY190719C300,2019-07-17,2019-07-17 09:34:23,0.82,1.0123,6,0.81,1.0,35,0.8,0.9876,2,0.815,1.0061,924,2
SPY190719C300,2019-07-17,2019-07-17 09:34:23,0.83,1.0246,993,0.81,1.0,35,0.8,0.9876,2,0.82,1.0123,924,0
SPY190719C300,2019-07-17,2019-07-17 09:34:24,0.83,1.0246,968,0.81,1.0,124,0.8,0.9876,2,0.82,1.0123,924,0
SPY190719C300,2019-07-17,2019-07-17 09:34:28,0.83,1.0246,250,0.82,1.0123,84,0.8,0.9876,2,0.825,1.0185,924,0
SPY190719C300,2019-07-17,2019-07-17 09:34:29,0.83,1.0246,250,0.82,1.0123,84,0.8,0.9876,2,0.825,1.0185,924,0
SPY190719C300,2019-07-17,2019-07-17 09:34:30,0.83,1.0246,250,0.82,1.0123,84,0.8,0.9876,2,0.825,1.0185,924,0
SPY190719C300,2019-07-17,2019-07-17 09:34:31,0.83,1.0246,250,0.82,1.0123,88,0.8,0.9876,2,0.825,1.0185,924,0
SPY190719C300,2019-07-17,2019-07-17 09:34:31,0.83,1.0246,250,0.82,1.0123,79,0.8,0.9876,2,0.825,1.0185,924,0
SPY190719C300,2019-07-17,2019-07-17 09:34:32,0.83,1.0246,250,0.82,1.0123,611,0.82,1.0123,1,0.825,1.0185,925,1
SPY190719C300,2019-07-17,2019-07-17 09:34:32,0.83,1.0246,250,0.82,1.0123,506,0.8,0.9876,2,0.825,1.0185,924,0
SPY190719C300,2019-07-17,2019-07-17 09:34:33,0.83,1.0246,250,0.82,1.0123,611,0.82,1.0123,1,0.825,1.0185,925,0
SPY190719C300,2019-07-17,2019-07-17 09:34:34,0.83,1.0246,250,0.82,1.0123,611,0.82,1.0123,1,0.825,1.0185,925,0
SPY190719C300,2019-07-17,2019-07-17 09:34:35,0.83,1.0246,250,0.82,1.0123,611,0.82,1.0123,1,0.825,1.0185,925,0
SPY190719C300,2019-07-17,2019-07-17 09:34:35,0.85,1.0493,307,0.83,1.0246,152,0.83,1.0246,1,0.84,1.037,1196,271
SPY190719C300,2019-07-17,2019-07-17 09:34:36,0.85,1.0493,645,0.83,1.0246,162,0.83,1.0246,1,0.84,1.037,1196,0
SPY190719C300,2019-07-17,2019-07-17 09:34:36,0.85,1.0493,580,0.83,1.0246,162,0.83,1.0246,1,0.84,1.037,1196,0
SPY190719C300,2019-07-17,2019-07-17 09:34:37,0.85,1.0493,555,0.83,1.0246,162,0.83,1.0246,1,0.84,1.037,1196,0
SPY190719C300,2019-07-17,2019-07-17 09:34:37,0.85,1.0493,580,0.83,1.0246,162,0.83,1.0246,1,0.84,1.037,1196,0
SPY190719C300,2019-07-17,2019-07-17 09:34:38,0.85,1.0493,555,0.83,1.0246,162,0.83,1.0246,1,0.84,1.037,1196,0
SPY190719C300,2019-07-17,2019-07-17 09:34:38,0.84,1.037,66,0.83,1.0246,152,0.83,1.0246,1,0.835,1.0308,1196,0
SPY190719C300,2019-07-17,2019-07-17 09:34:39,0.85,1.0493,497,0.83,1.0246,162,0.83,1.0246,1,0.84,1.037,1196,0
SPY190719C300,2019-07-17,2019-07-17 09:34:40,0.85,1.0493,658,0.83,1.0246,162,0.83,1.0246,1,0.84,1.037,1196,0
SPY190719C300,2019-07-17,2019-07-17 09:34:40,0.85,1.0493,497,0.83,1.0246,162,0.83,1.0246,1,0.84,1.037,1196,0
SPY190719C300,2019-07-17,2019-07-17 09:34:41,0.85,1.0493,683,0.83,1.0246,162,0.83,1.0246,1,0.84,1.037,1196,0
SPY190719C300,2019-07-17,2019-07-17 09:34:51,0.85,1.0493,1,0.84,1.037,160,0.84,1.037,9,0.845,1.0432,1213,17
SPY190719C300,2019-07-17,2019-07-17 09:34:52,0.85,1.0493,1,0.84,1.037,160,0.84,1.037,9,0.845,1.0432,1213,0
SPY190719C300,2019-07-17,2019-07-17 09:34:55,0.86,1.0617,1,0.85,1.0493,210,0.86,1.0617,5,0.855,1.0555,1231,18
SPY190719C300,2019-07-17,2019-07-17 09:34:56,0.86,1.0617,153,0.85,1.0493,133,0.86,1.0617,5,0.855,1.0555,1231,0
SPY190719C300,2019-07-17,2019-07-17 09:34:56,0.86,1.0617,209,0.84,1.037,224,0.86,1.0617,5,0.85,1.0493,1231,0
SPY190719C300,2019-07-17,2019-07-17 09:34:57,0.86,1.0617,209,0.85,1.0493,102,0.86,1.0617,5,0.855,1.0555,1231,0
SPY190719C300,2019-07-17,2019-07-17 09:34:58,0.86,1.0617,103,0.85,1.0493,102,0.86,1.0617,6,0.855,1.0555,1237,6
SPY190719C300,2019-07-17,2019-07-17 09:34:58,0.86,1.0617,103,0.85,1.0493,102,0.86,1.0617,6,0.855,1.0555,1237,0
SPY190719C300,2019-07-17,2019-07-17 09:34:59,0.86,1.0617,85,0.85,1.0493,166,0.85,1.0493,5,0.855,1.0555,1243,6
SPY190719C300,2019-07-17,2019-07-17 09:34:59,0.86,1.0617,2,0.85,1.0493,198,0.85,1.0493,5,0.855,1.0555,1243,0
SPY190719C300,2019-07-17,2019-07-17 09:35:00,0.86,1.0617,2,0.85,1.0493,254,0.85,1.0493,5,0.855,1.0555,1243,0
SPY190719C300,2019-07-17,2019-07-17 09:35:01,0.87,1.074,3,0.86,1.0617,593,0.86,1.0617,4,0.865,1.0679,1249,6
SPY190719C300,2019-07-17,2019-07-17 09:35:01,0.87,1.074,3,0.86,1.0617,323,0.86,1.0617,4,0.865,1.0679,1249,0
SPY190719C300,2019-07-17,2019-07-17 09:35:02,0.87,1.074,6,0.86,1.0617,542,0.86,1.0617,4,0.865,1.0679,1249,0
SPY190719C300,2019-07-17,2019-07-17 09:35:02,0.87,1.074,3,0.86,1.0617,537,0.86,1.0617,4,0.865,1.0679,1249,0
SPY190719C300,2019-07-17,2019-07-17 09:35:03,0.87,1.074,3,0.86,1.0617,647,0.86,1.0617,4,0.865,1.0679,1249,0
SPY190719C300,2019-07-17,2019-07-17 09:35:03,0.87,1.074,3,0.86,1.0617,112,0.86,1.0617,4,0.865,1.0679,1249,0
SPY190719C300,2019-07-17,2019-07-17 09:35:04,0.87,1.074,81,0.86,1.0617,135,0.86,1.0617,4,0.865,1.0679,1249,0
SPY190719C300,2019-07-17,2019-07-17 09:35:04,0.87,1.074,81,0.86,1.0617,112,0.86,1.0617,4,0.865,1.0679,1249,0
SPY190719C300,2019-07-17,2019-07-17 09:35:05,0.87,1.074,74,0.85,1.0493,197,0.86,1.0617,4,0.86,1.0617,1249,0
SPY190719C300,2019-07-17,2019-07-17 09:35:06,0.87,1.074,3,0.86,1.0617,355,0.86,1.0617,4,0.865,1.0679,1249,0
SPY190719C300,2019-07-17,2019-07-17 09:35:06,0.87,1.074,3,0.85,1.0493,674,0.86,1.0617,4,0.86,1.0617,1249,0
SPY190719C300,2019-07-17,2019-07-17 09:35:07,0.88,1.0864,300,0.86,1.0617,355,0.87,1.074,1,0.87,1.074,1254,5
SPY190719C300,2019-07-17,2019-07-17 09:35:07,0.89,1.0987,68,0.87,1.074,400,0.88,1.0864,300,0.88,1.0864,1554,300
SPY190719C300,2019-07-17,2019-07-17 09:35:08,0.89,1.0987,68,0.87,1.074,400,0.88,1.0864,300,0.88,1.0864,1554,0
SPY190719C300,2019-07-17,2019-07-17 09:35:09,0.89,1.0987,68,0.87,1.074,400,0.88,1.0864,300,0.88,1.0864,1554,0
SPY190719C300,2019-07-17,2019-07-17 09:35:10,0.89,1.0987,68,0.87,1.074,400,0.88,1.0864,300,0.88,1.0864,1554,0
SPY190719C300,2019-07-17,2019-07-17 09:35:10,0.89,1.0987,8,0.88,1.0864,156,0.88,1.0864,300,0.885,1.0925,1554,0
SPY190719C300,2019-07-17,2019-07-17 09:35:11,0.89,1.0987,8,0.88,1.0864,401,0.89,1.0987,5,0.885,1.0925,1559,0
SPY190719C300,2019-07-17,2019-07-17 09:35:11,0.89,1.0987,8,0.88,1.0864,401,0.89,1.0987,5,0.885,1.0925,1559,5
SPY190719C300,2019-07-17,2019-07-17 09:35:12,0.89,1.0987,8,0.88,1.0864,662,0.89,1.0987,5,0.885,1.0925,1559,0
SPY190719C300,2019-07-17,2019-07-17 09:35:12,0.9,1.1111,30,0.88,1.0864,662,0.89,1.0987,7,0.89,1.0987,1567,8
SPY190719C300,2019-07-17,2019-07-17 09:35:13,0.9,1.1111,30,0.88,1.0864,662,0.89,1.0987,7,0.89,1.0987,1567,0
SPY190719C300,2019-07-17,2019-07-17 09:35:14,0.9,1.1111,36,0.89,1.0987,157,0.89,1.0987,7,0.895,1.1049,1567,0
SPY190719C300,2019-07-17,2019-07-17 09:35:15,0.89,1.0987,30,0.88,1.0864,146,0.89,1.0987,7,0.885,1.0925,1567,0
SPY190719C300,2019-07-17,2019-07-17 09:35:15,0.89,1.0987,31,0.88,1.0864,146,0.89,1.0987,7,0.885,1.0925,1567,0
SPY190719C300,2019-07-17,2019-07-17 09:35:16,0.89,1.0987,61,0.88,1.0864,130,0.89,1.0987,7,0.885,1.0925,1567,0
SPY190719C300,2019-07-17,2019-07-17 09:35:16,0.89,1.0987,31,0.88,1.0864,118,0.89,1.0987,7,0.885,1.0925,1567,0
SPY190719C300,2019-07-17,2019-07-17 09:35:17,0.88,1.0864,68,0.88,1.0864,18,0.88,1.0864,18,0.88,1.0864,1585,18
SPY190719C300,2019-07-17,2019-07-17 09:35:18,0.88,1.0864,103,0.87,1.074,74,0.88,1.0864,18,0.875,1.0802,1585,0
SPY190719C300,2019-07-17,2019-07-17 09:35:18,0.87,1.074,6,0.86,1.0617,135,0.88,1.0864,1,0.865,1.0679,1586,1
SPY190719C300,2019-07-17,2019-07-17 09:35:19,0.88,1.0864,147,0.86,1.0617,147,0.88,1.0864,1,0.87,1.074,1586,0
SPY190719C300,2019-07-17,2019-07-17 09:35:20,0.88,1.0864,80,0.87,1.074,146,0.88,1.0864,2,0.875,1.0802,1588,2
SPY190719C300,2019-07-17,2019-07-17 09:35:20,0.88,1.0864,80,0.87,1.074,146,0.88,1.0864,2,0.875,1.0802,1588,0
SPY190719C300,2019-07-17,2019-07-17 09:35:21,0.88,1.0864,117,0.86,1.0617,197,0.88,1.0864,2,0.87,1.074,1588,0
SPY190719C300,2019-07-17,2019-07-17 09:35:22,0.88,1.0864,117,0.86,1.0617,197,0.88,1.0864,2,0.87,1.074,1588,0
SPY190719C300,2019-07-17,2019-07-17 09:35:22,0.88,1.0864,117,0.87,1.074,49,0.88,1.0864,2,0.875,1.0802,1588,0
SPY190719C300,2019-07-17,2019-07-17 09:35:23,0.88,1.0864,117,0.87,1.074,93,0.88,1.0864,2,0.875,1.0802,1588,0
SPY190719C300,2019-07-17,2019-07-17 09:35:23,0.88,1.0864,117,0.87,1.074,58,0.88,1.0864,2,0.875,1.0802,1588,0
SPY190719C300,2019-07-17,2019-07-17 09:35:24,0.88,1.0864,117,0.87,1.074,58,0.88,1.0864,2,0.875,1.0802,1588,0
SPY190719C300,2019-07-17,2019-07-17 09:35:25,0.88,1.0864,117,0.87,1.074,120,0.88,1.0864,2,0.875,1.0802,1588,0
SPY190719C300,2019-07-17,2019-07-17 09:35:25,0.88,1.0864,117,0.87,1.074,58,0.88,1.0864,2,0.875,1.0802,1588,0
SPY190719C300,2019-07-17,2019-07-17 09:35:26,0.88,1.0864,117,0.87,1.074,120,0.88,1.0864,2,0.875,1.0802,1588,0
SPY190719C300,2019-07-17,2019-07-17 09:35:27,0.88,1.0864,117,0.87,1.074,120,0.88,1.0864,2,0.875,1.0802,1588,0
SPY190719C300,2019-07-17,2019-07-17 09:35:28,0.88,1.0864,117,0.87,1.074,120,0.88,1.0864,2,0.875,1.0802,1588,0
SPY190719C300,2019-07-17,2019-07-17 09:35:29,0.88,1.0864,117,0.87,1.074,120,0.88,1.0864,2,0.875,1.0802,1588,0
SPY190719C300,2019-07-17,2019-07-17 09:35:30,0.88,1.0864,117,0.87,1.074,120,0.88,1.0864,2,0.875,1.0802,1588,0
SPY190719C300,2019-07-17,2019-07-17 09:35:31,0.88,1.0864,117,0.87,1.074,120,0.88,1.0864,2,0.875,1.0802,1588,0
SPY190719C300,2019-07-17,2019-07-17 09:35:32,0.88,1.0864,117,0.86,1.0617,211,0.88,1.0864,2,0.87,1.074,1588,0
SPY190719C300,2019-07-17,2019-07-17 09:35:33,0.88,1.0864,348,0.86,1.0617,147,0.88,1.0864,2,0.87,1.074,1588,0
SPY190719C300,2019-07-17,2019-07-17 09:35:34,0.87,1.074,61,0.86,1.0617,128,0.88,1.0864,2,0.865,1.0679,1588,0
SPY190719C300,2019-07-17,2019-07-17 09:35:35,0.87,1.074,80,0.86,1.0617,76,0.88,1.0864,2,0.865,1.0679,1588,0
SPY190719C300,2019-07-17,2019-07-17 09:35:35,0.86,1.0617,168,0.85,1.0493,25,0.88,1.0864,2,0.855,1.0555,1588,0
SPY190719C300,2019-07-17,2019-07-17 09:35:36,0.86,1.0617,71,0.85,1.0493,73,0.88,1.0864,2,0.855,1.0555,1588,0
SPY190719C300,2019-07-17,2019-07-17 09:35:36,0.87,1.074,206,0.85,1.0493,187,0.88,1.0864,2,0.86,1.0617,1588,0
SPY190719C300,2019-07-17,2019-07-17 09:35:37,0.87,1.074,393,0.85,1.0493,547,0.88,1.0864,2,0.86,1.0617,1588,0
SPY190719C300,2019-07-17,2019-07-17 09:35:38,0.87,1.074,493,0.85,1.0493,547,0.88,1.0864,2,0.86,1.0617,1588,0
SPY190719C300,2019-07-17,2019-07-17 09:35:38,0.87,1.074,493,0.85,1.0493,189,0.88,1.0864,2,0.86,1.0617,1588,0
SPY190719C300,2019-07-17,2019-07-17 09:35:39,0.87,1.074,358,0.85,1.0493,189,0.88,1.0864,2,0.86,1.0617,1588,0
SPY190719C300,2019-07-17,2019-07-17 09:35:39,0.87,1.074,209,0.85,1.0493,218,0.88,1.0864,2,0.86,1.0617,1588,0
SPY190719C300,2019-07-17,2019-07-17 09:35:40,0.87,1.074,126,0.86,1.0617,152,0.87,1.074,2,0.865,1.0679,1590,2
SPY190719C300,2019-07-17,2019-07-17 09:35:40,0.87,1.074,358,0.86,1.0617,102,0.88,1.0864,2,0.865,1.0679,1588,0
SPY190719C300,2019-07-17,2019-07-17 09:35:41,0.87,1.074,126,0.86,1.0617,141,0.87,1.074,2,0.865,1.0679,1590,0
SPY190719C300,2019-07-17,2019-07-17 09:35:41,0.87,1.074,1,0.86,1.0617,183,0.87,1.074,2,0.865,1.0679,1590,0
SPY190719C300,2019-07-17,2019-07-17 09:35:42,0.87,1.074,1,0.86,1.0617,183,0.87,1.074,2,0.865,1.0679,1590,0
SPY190719C300,2019-07-17,2019-07-17 09:35:43,0.87,1.074,1,0.86,1.0617,16,0.87,1.074,2,0.865,1.0679,1590,0
SPY190719C300,2019-07-17,2019-07-17 09:35:43,0.87,1.074,15,0.86,1.0617,147,0.87,1.074,2,0.865,1.0679,1590,0
SPY190719C300,2019-07-17,2019-07-17 09:35:44,0.87,1.074,152,0.86,1.0617,35,0.87,1.074,2,0.865,1.0679,1590,0
SPY190719C300,2019-07-17,2019-07-17 09:35:44,0.87,1.074,526,0.86,1.0617,35,0.87,1.074,2,0.865,1.0679,1590,0
SPY190719C300,2019-07-17,2019-07-17 09:35:45,0.86,1.0617,70,0.84,1.037,153,0.87,1.074,2,0.85,1.0493,1590,0
SPY190719C300,2019-07-17,2019-07-17 09:35:45,0.86,1.0617,30,0.86,1.0617,35,0.87,1.074,2,0.86,1.0617,1590,0
SPY190719C300,2019-07-17,2019-07-17 09:35:46,0.86,1.0617,276,0.84,1.037,153,0.87,1.074,2,0.85,1.0493,1590,0
SPY190719C300,2019-07-17,2019-07-17 09:35:47,0.86,1.0617,351,0.84,1.037,153,0.86,1.0617,5,0.85,1.0493,1595,5
SPY190719C300,2019-07-17,2019-07-17 09:35:47,0.86,1.0617,351,0.84,1.037,153,0.87,1.074,2,0.85,1.0493,1590,0
SPY190719C300,2019-07-17,2019-07-17 09:35:48,0.86,1.0617,168,0.84,1.037,153,0.86,1.0617,5,0.85,1.0493,1595,0
SPY190719C300,2019-07-17,2019-07-17 09:35:48,0.86,1.0617,209,0.84,1.037,153,0.86,1.0617,5,0.85,1.0493,1595,0
SPY190719C300,2019-07-17,2019-07-17 09:35:49,0.86,1.0617,209,0.84,1.037,203,0.86,1.0617,5,0.85,1.0493,1595,0
SPY190719C300,2019-07-17,2019-07-17 09:35:49,0.86,1.0617,222,0.84,1.037,197,0.86,1.0617,5,0.85,1.0493,1595,0
SPY190719C300,2019-07-17,2019-07-17 09:35:50,0.85,1.0493,56,0.84,1.037,45,0.86,1.0617,5,0.845,1.0432,1595,0
SPY190719C300,2019-07-17,2019-07-17 09:35:51,0.85,1.0493,88,0.84,1.037,83,0.86,1.0617,5,0.845,1.0432,1595,0
SPY190719C300,2019-07-17,2019-07-17 09:35:51,0.85,1.0493,88,0.84,1.037,134,0.86,1.0617,5,0.845,1.0432,1595,0
SPY190719C300,2019-07-17,2019-07-17 09:35:52,0.85,1.0493,88,0.84,1.037,45,0.86,1.0617,5,0.845,1.0432,1595,0
SPY190719C300,2019-07-17,2019-07-17 09:35:52,0.85,1.0493,103,0.84,1.037,78,0.86,1.0617,5,0.845,1.0432,1595,0
SPY190719C300,2019-07-17,2019-07-17 09:35:53,0.85,1.0493,276,0.83,1.0246,150,0.86,1.0617,5,0.84,1.037,1595,0
SPY190719C300,2019-07-17,2019-07-17 09:35:54,0.85,1.0493,248,0.83,1.0246,210,0.86,1.0617,5,0.84,1.037,1595,0
SPY190719C300,2019-07-17,2019-07-17 09:35:54,0.85,1.0493,404,0.83,1.0246,210,0.86,1.0617,5,0.84,1.037,1595,0
SPY190719C300,2019-07-17,2019-07-17 09:35:55,0.85,1.0493,80,0.84,1.037,159,0.86,1.0617,5,0.845,1.0432,1595,0
SPY190719C300,2019-07-17,2019-07-17 09:35:55,0.85,1.0493,80,0.84,1.037,135,0.86,1.0617,5,0.845,1.0432,1595,0
SPY190719C300,2019-07-17,2019-07-17 09:35:56,0.84,1.037,60,0.83,1.0246,316,0.86,1.0617,5,0.835,1.0308,1595,0
SPY190719C300,2019-07-17,2019-07-17 09:35:56,0.84,1.037,78,0.83,1.0246,60,0.86,1.0617,5,0.835,1.0308,1595,0
SPY190719C300,2019-07-17,2019-07-17 09:35:57,0.83,1.0246,38,0.82,1.0123,150,0.86,1.0617,5,0.825,1.0185,1595,0
SPY190719C300,2019-07-17,2019-07-17 09:35:58,0.83,1.0246,713,0.82,1.0123,1,0.86,1.0617,5,0.825,1.0185,1595,0
SPY190719C300,2019-07-17,2019-07-17 09:35:58,0.83,1.0246,462,0.82,1.0123,115,0.86,1.0617,5,0.825,1.0185,1595,0
SPY190719C300,2019-07-17,2019-07-17 09:35:59,0.81,1.0,30,0.8,0.9876,401,0.82,1.0123,1,0.805,0.9938,1596,1
SPY190719C300,2019-07-17,2019-07-17 09:35:59,0.81,1.0,110,0.8,0.9876,133,0.82,1.0123,1,0.805,0.9938,1596,0
SPY190719C300,2019-07-17,2019-07-17 09:36:00,0.81,1.0,110,0.8,0.9876,133,0.82,1.0123,1,0.805,0.9938,1596,0
SPY190719C300,2019-07-17,2019-07-17 09:36:01,0.8,0.9876,38,0.79,0.9753,150,0.82,1.0123,1,0.795,0.9814,1596,0
SPY190719C300,2019-07-17,2019-07-17 09:36:01,0.81,1.0,110,0.8,0.9876,10,0.82,1.0123,1,0.805,0.9938,1596,0
SPY190719C300,2019-07-17,2019-07-17 09:36:02,0.8,0.9876,101,0.79,0.9753,45,0.82,1.0123,1,0.795,0.9814,1596,0
SPY190719C300,2019-07-17,2019-07-17 09:36:02,0.8,0.9876,138,0.78,0.9629,492,0.82,1.0123,1,0.79,0.9753,1596,0
SPY190719C300,2019-07-17,2019-07-17 09:36:03,0.79,0.9753,76,0.78,0.9629,145,0.82,1.0123,1,0.785,0.9691,1596,0
SPY190719C300,2019-07-17,2019-07-17 09:36:03,0.79,0.9753,196,0.78,0.9629,110,0.82,1.0123,1,0.785,0.9691,1596,0
SPY190719C300,2019-07-17,2019-07-17 09:36:04,0.79,0.9753,485,0.78,0.9629,3,0.82,1.0123,1,0.785,0.9691,1596,0
SPY190719C300,2019-07-17,2019-07-17 09:36:05,0.79,0.9753,485,0.78,0.9629,3,0.82,1.0123,1,0.785,0.9691,1596,0
SPY190719C300,2019-07-17,2019-07-17 09:36:05,0.78,0.9629,143,0.77,0.9506,61,0.78,0.9629,3,0.775,0.9567,1599,3
SPY190719C300,2019-07-17,2019-07-17 09:36:06,0.78,0.9629,306,0.77,0.9506,20,0.78,0.9629,3,0.775,0.9567,1599,0
SPY190719C300,2019-07-17,2019-07-17 09:36:06,0.78,0.9629,409,0.77,0.9506,20,0.78,0.9629,3,0.775,0.9567,1599,0
SPY190719C300,2019-07-17,2019-07-17 09:36:07,0.78,0.9629,345,0.77,0.9506,20,0.78,0.9629,3,0.775,0.9567,1599,0
SPY190719C300,2019-07-17,2019-07-17 09:36:08,0.78,0.9629,483,0.75,0.9259,312,0.77,0.9506,20,0.765,0.9444,1619,20
SPY190719C300,2019-07-17,2019-07-17 09:36:09,0.77,0.9506,292,0.75,0.9259,317,0.75,0.9259,2,0.76,0.9382,1621,2
SPY190719C300,2019-07-17,2019-07-17 09:36:09,0.76,0.9382,32,0.75,0.9259,393,0.77,0.9506,20,0.755,0.932,1619,0
SPY190719C300,2019-07-17,2019-07-17 09:36:10,0.77,0.9506,213,0.75,0.9259,376,0.75,0.9259,2,0.76,0.9382,1621,0
SPY190719C300,2019-07-17,2019-07-17 09:36:10,0.76,0.9382,2,0.75,0.9259,317,0.75,0.9259,2,0.755,0.932,1621,0
SPY190719C300,2019-07-17,2019-07-17 09:36:11,0.76,0.9382,2,0.75,0.9259,565,0.75,0.9259,2,0.755,0.932,1621,0
SPY190719C300,2019-07-17,2019-07-17 09:36:12,0.76,0.9382,2,0.75,0.9259,424,0.75,0.9259,2,0.755,0.932,1621,0
SPY190719C300,2019-07-17,2019-07-17 09:36:13,0.76,0.9382,2,0.75,0.9259,619,0.75,0.9259,2,0.755,0.932,1621,0
SPY190719C300,2019-07-17,2019-07-17 09:36:13,0.76,0.9382,2,0.75,0.9259,424,0.75,0.9259,2,0.755,0.932,1621,0
SPY190719C300,2019-07-17,2019-07-17 09:36:14,0.76,0.9382,2,0.75,0.9259,669,0.75,0.9259,2,0.755,0.932,1621,0
SPY190719C300,2019-07-17,2019-07-17 09:36:14,0.76,0.9382,2,0.75,0.9259,704,0.75,0.9259,1,0.755,0.932,1622,1
SPY190719C300,2019-07-17,2019-07-17 09:36:15,0.76,0.9382,2,0.75,0.9259,579,0.75,0.9259,1,0.755,0.932,1622,0
SPY190719C300,2019-07-17,2019-07-17 09:36:15,0.76,0.9382,2,0.75,0.9259,606,0.75,0.9259,1,0.755,0.932,1622,0
SPY190719C300,2019-07-17,2019-07-17 09:36:16,0.78,0.9629,445,0.76,0.9382,519,0.76,0.9382,17,0.77,0.9506,1644,20
SPY190719C300,2019-07-17,2019-07-17 09:36:16,0.78,0.9629,445,0.76,0.9382,569,0.76,0.9382,2,0.77,0.9506,1624,2
SPY190719C300,2019-07-17,2019-07-17 09:36:17,0.78,0.9629,484,0.76,0.9382,151,0.76,0.9382,17,0.77,0.9506,1644,0
SPY190719C300,2019-07-17,2019-07-17 09:36:18,0.78,0.9629,193,0.77,0.9506,45,0.77,0.9506,1,0.775,0.9567,1654,0
SPY190719C300,2019-07-17,2019-07-17 09:36:18,0.77,0.9506,19,0.77,0.9506,35,0.77,0.9506,1,0.77,0.9506,1654,10
SPY190719C300,2019-07-17,2019-07-17 09:36:19,0.79,0.9753,124,0.78,0.9629,33,0.77,0.9506,1,0.785,0.9691,1654,0
SPY190719C300,2019-07-17,2019-07-17 09:36:19,0.79,0.9753,100,0.78,0.9629,107,0.77,0.9506,1,0.785,0.9691,1654,0
SPY190719C300,2019-07-17,2019-07-17 09:36:20,0.79,0.9753,57,0.78,0.9629,91,0.77,0.9506,1,0.785,0.9691,1654,0
SPY190719C300,2019-07-17,2019-07-17 09:36:20,0.79,0.9753,149,0.78,0.9629,86,0.77,0.9506,1,0.785,0.9691,1654,0
SPY190719C300,2019-07-17,2019-07-17 09:36:21,0.79,0.9753,82,0.78,0.9629,88,0.77,0.9506,1,0.785,0.9691,1654,0
SPY190719C300,2019-07-17,2019-07-17 09:36:22,0.78,0.9629,32,0.78,0.9629,78,0.77,0.9506,1,0.78,0.9629,1654,0
SPY190719C300,2019-07-17,2019-07-17 09:36:22,0.79,0.9753,92,0.78,0.9629,88,0.77,0.9506,1,0.785,0.9691,1654,0
SPY190719C300,2019-07-17,2019-07-17 09:36:23,0.79,0.9753,298,0.77,0.9506,139,0.77,0.9506,1,0.78,0.9629,1654,0
SPY190719C300,2019-07-17,2019-07-17 09:36:23,0.78,0.9629,32,0.77,0.9506,206,0.77,0.9506,1,0.775,0.9567,1654,0
SPY190719C300,2019-07-17,2019-07-17 09:36:24,0.78,0.9629,32,0.77,0.9506,149,0.77,0.9506,1,0.775,0.9567,1654,0
SPY190719C300,2019-07-17,2019-07-17 09:36:25,0.78,0.9629,32,0.77,0.9506,149,0.77,0.9506,1,0.775,0.9567,1654,0
SPY190719C300,2019-07-17,2019-07-17 09:36:26,0.77,0.9506,98,0.76,0.9382,135,0.77,0.9506,1,0.765,0.9444,1654,0
SPY190719C300,2019-07-17,2019-07-17 09:36:26,0.78,0.9629,98,0.77,0.9506,149,0.77,0.9506,1,0.775,0.9567,1654,0
SPY190719C300,2019-07-17,2019-07-17 09:36:27,0.77,0.9506,184,0.76,0.9382,2,0.77,0.9506,1,0.765,0.9444,1654,0
SPY190719C300,2019-07-17,2019-07-17 09:36:27,0.77,0.9506,180,0.76,0.9382,57,0.77,0.9506,1,0.765,0.9444,1654,0
SPY190719C300,2019-07-17,2019-07-17 09:36:28,0.77,0.9506,877,0.76,0.9382,2,0.77,0.9506,1,0.765,0.9444,1654,0
SPY190719C300,2019-07-17,2019-07-17 09:36:28,0.77,0.9506,1320,0.76,0.9382,2,0.77,0.9506,1,0.765,0.9444,1654,0
SPY190719C300,2019-07-17,2019-07-17 09:36:29,0.77,0.9506,1320,0.76,0.9382,2,0.77,0.9506,1,0.765,0.9444,1654,0
SPY190719C300,2019-07-17,2019-07-17 09:36:29,0.77,0.9506,418,0.76,0.9382,2,0.77,0.9506,1,0.765,0.9444,1654,0
SPY190719C300,2019-07-17,2019-07-17 09:36:30,0.77,0.9506,418,0.76,0.9382,2,0.77,0.9506,1,0.765,0.9444,1654,0
SPY190719C300,2019-07-17,2019-07-17 09:36:31,0.77,0.9506,848,0.76,0.9382,2,0.77,0.9506,1,0.765,0.9444,1654,0
SPY190719C300,2019-07-17,2019-07-17 09:36:31,0.76,0.9382,105,0.75,0.9259,53,0.76,0.9382,2,0.755,0.932,1656,2
SPY190719C300,2019-07-17,2019-07-17 09:36:32,0.76,0.9382,71,0.75,0.9259,43,0.76,0.9382,2,0.755,0.932,1656,0
SPY190719C300,2019-07-17,2019-07-17 09:36:33,0.76,0.9382,223,0.75,0.9259,53,0.76,0.9382,2,0.755,0.932,1656,0
SPY190719C300,2019-07-17,2019-07-17 09:36:33,0.76,0.9382,90,0.75,0.9259,74,0.76,0.9382,2,0.755,0.932,1656,0
SPY190719C300,2019-07-17,2019-07-17 09:36:34,0.76,0.9382,209,0.75,0.9259,114,0.76,0.9382,2,0.755,0.932,1656,0
SPY190719C300,2019-07-17,2019-07-17 09:36:34,0.76,0.9382,209,0.75,0.9259,74,0.76,0.9382,2,0.755,0.932,1656,0
SPY190719C300,2019-07-17,2019-07-17 09:36:35,0.76,0.9382,92,0.75,0.9259,105,0.76,0.9382,2,0.755,0.932,1656,0
SPY190719C300,2019-07-17,2019-07-17 09:36:36,0.76,0.9382,92,0.75,0.9259,53,0.76,0.9382,2,0.755,0.932,1656,0
SPY190719C300,2019-07-17,2019-07-17 09:36:36,0.76,0.9382,92,0.75,0.9259,110,0.75,0.9259,2,0.755,0.932,1677,21
SPY190719C300,2019-07-17,2019-07-17 09:36:37,0.76,0.9382,209,0.75,0.9259,77,0.75,0.9259,2,0.755,0.932,1679,2
SPY190719C300,2019-07-17,2019-07-17 09:36:37,0.76,0.9382,376,0.75,0.9259,60,0.76,0.9382,100,0.755,0.932,1779,100
SPY190719C300,2019-07-17,2019-07-17 09:36:38,0.76,0.9382,378,0.75,0.9259,105,0.76,0.9382,100,0.755,0.932,1779,0
SPY190719C300,2019-07-17,2019-07-17 09:36:38,0.76,0.9382,378,0.75,0.9259,97,0.76,0.9382,100,0.755,0.932,1779,0
SPY190719C300,2019-07-17,2019-07-17 09:36:39,0.77,0.9506,598,0.75,0.9259,178,0.76,0.9382,100,0.76,0.9382,1779,0
SPY190719C300,2019-07-17,2019-07-17 09:36:40,0.77,0.9506,144,0.75,0.9259,216,0.76,0.9382,100,0.76,0.9382,1779,0
SPY190719C300,2019-07-17,2019-07-17 09:36:41,0.78,0.9629,116,0.75,0.9259,716,0.76,0.9382,100,0.765,0.9444,1779,0
SPY190719C300,2019-07-17,2019-07-17 09:36:41,0.78,0.9629,94,0.75,0.9259,716,0.76,0.9382,100,0.765,0.9444,1779,0
SPY190719C300,2019-07-17,2019-07-17 09:36:42,0.78,0.9629,98,0.77,0.9506,117,0.76,0.9382,100,0.775,0.9567,1779,0
SPY190719C300,2019-07-17,2019-07-17 09:36:43,0.78,0.9629,96,0.77,0.9506,127,0.76,0.9382,100,0.775,0.9567,1779,0
SPY190719C300,2019-07-17,2019-07-17 09:36:44,0.78,0.9629,50,0.77,0.9506,127,0.76,0.9382,100,0.775,0.9567,1779,0
SPY190719C300,2019-07-17,2019-07-17 09:36:45,0.78,0.9629,92,0.77,0.9506,123,0.76,0.9382,100,0.775,0.9567,1779,0
SPY190719C300,2019-07-17,2019-07-17 09:36:45,0.79,0.9753,83,0.77,0.9506,575,0.76,0.9382,100,0.78,0.9629,1779,0
SPY190719C300,2019-07-17,2019-07-17 09:36:46,0.79,0.9753,107,0.78,0.9629,112,0.76,0.9382,100,0.785,0.9691,1779,0
SPY190719C300,2019-07-17,2019-07-17 09:36:46,0.79,0.9753,139,0.78,0.9629,112,0.79,0.9753,2,0.785,0.9691,1781,2
SPY190719C300,2019-07-17,2019-07-17 09:36:47,0.79,0.9753,167,0.77,0.9506,208,0.79,0.9753,2,0.78,0.9629,1781,0
SPY190719C300,2019-07-17,2019-07-17 09:36:47,0.79,0.9753,301,0.78,0.9629,11,0.78,0.9629,5,0.785,0.9691,1786,5
SPY190719C300,2019-07-17,2019-07-17 09:36:48,0.79,0.9753,343,0.77,0.9506,142,0.78,0.9629,5,0.78,0.9629,1786,0
SPY190719C300,2019-07-17,2019-07-17 09:36:48,0.79,0.9753,343,0.77,0.9506,124,0.78,0.9629,5,0.78,0.9629,1786,0
SPY190719C300,2019-07-17,2019-07-17 09:36:49,0.79,0.9753,332,0.77,0.9506,208,0.78,0.9629,5,0.78,0.9629,1786,0
SPY190719C300,2019-07-17,2019-07-17 09:36:49,0.79,0.9753,195,0.77,0.9506,546,0.78,0.9629,5,0.78,0.9629,1786,0
SPY190719C300,2019-07-17,2019-07-17 09:36:50,0.79,0.9753,493,0.77,0.9506,168,0.78,0.9629,5,0.78,0.9629,1786,0
SPY190719C300,2019-07-17,2019-07-17 09:36:51,0.79,0.9753,334,0.77,0.9506,168,0.78,0.9629,5,0.78,0.9629,1786,0
SPY190719C300,2019-07-17,2019-07-17 09:36:51,0.79,0.9753,334,0.77,0.9506,318,0.79,0.9753,2,0.78,0.9629,1791,5
SPY190719C300,2019-07-17,2019-07-17 09:36:52,0.79,0.9753,989,0.77,0.9506,30,0.79,0.9753,2,0.78,0.9629,1791,0
SPY190719C300,2019-07-17,2019-07-17 09:36:52,0.79,0.9753,440,0.77,0.9506,318,0.79,0.9753,2,0.78,0.9629,1791,0
SPY190719C300,2019-07-17,2019-07-17 09:36:53,0.79,0.9753,174,0.77,0.9506,212,0.79,0.9753,2,0.78,0.9629,1791,0
SPY190719C300,2019-07-17,2019-07-17 09:36:53,0.79,0.9753,174,0.77,0.9506,180,0.79,0.9753,2,0.78,0.9629,1791,0
SPY190719C300,2019-07-17,2019-07-17 09:36:54,0.79,0.9753,82,0.77,0.9506,148,0.79,0.9753,2,0.78,0.9629,1791,0
SPY190719C300,2019-07-17,2019-07-17 09:36:55,0.79,0.9753,541,0.77,0.9506,43,0.79,0.9753,2,0.78,0.9629,1791,0
SPY190719C300,2019-07-17,2019-07-17 09:36:55,0.79,0.9753,357,0.77,0.9506,595,0.79,0.9753,2,0.78,0.9629,1791,0
SPY190719C300,2019-07-17,2019-07-17 09:36:56,0.78,0.9629,110,0.77,0.9506,157,0.79,0.9753,2,0.775,0.9567,1791,0
SPY190719C300,2019-07-17,2019-07-17 09:36:56,0.78,0.9629,98,0.77,0.9506,157,0.79,0.9753,2,0.775,0.9567,1791,0
SPY190719C300,2019-07-17,2019-07-17 09:36:57,0.78,0.9629,448,0.77,0.9506,20,0.79,0.9753,2,0.775,0.9567,1791,0
SPY190719C300,2019-07-17,2019-07-17 09:36:58,0.78,0.9629,148,0.77,0.9506,95,0.77,0.9506,10,0.775,0.9567,1801,0
SPY190719C300,2019-07-17,2019-07-17 09:36:58,0.78,0.9629,142,0.77,0.9506,95,0.77,0.9506,10,0.775,0.9567,1801,10
SPY190719C300,2019-07-17,2019-07-17 09:36:59,0.78,0.9629,224,0.77,0.9506,10,0.77,0.9506,10,0.775,0.9567,1801,0
SPY190719C300,2019-07-17,2019-07-17 09:36:59,0.78,0.9629,460,0.77,0.9506,10,0.78,0.9629,20,0.775,0.9567,1821,20
SPY190719C300,2019-07-17,2019-07-17 09:37:00,0.78,0.9629,992,0.77,0.9506,10,0.78,0.9629,20,0.775,0.9567,1821,0
SPY190719C300,2019-07-17,2019-07-17 09:37:01,0.78,0.9629,1012,0.77,0.9506,10,0.78,0.9629,20,0.775,0.9567,1821,0
SPY190719C300,2019-07-17,2019-07-17 09:37:01,0.78,0.9629,1701,0.77,0.9506,10,0.78,0.9629,20,0.775,0.9567,1821,0
SPY190719C300,2019-07-17,2019-07-17 09:37:02,0.78,0.9629,1117,0.77,0.9506,10,0.78,0.9629,20,0.775,0.9567,1821,0
SPY190719C300,2019-07-17,2019-07-17 09:37:02,0.78,0.9629,1091,0.77,0.9506,10,0.78,0.9629,20,0.775,0.9567,1821,0
SPY190719C300,2019-07-17,2019-07-17 09:37:03,0.78,0.9629,1038,0.77,0.9506,10,0.78,0.9629,20,0.775,0.9567,1821,0
SPY190719C300,2019-07-17,2019-07-17 09:37:03,0.78,0.9629,1466,0.77,0.9506,10,0.78,0.9629,20,0.775,0.9567,1821,0
SPY190719C300,2019-07-17,2019-07-17 09:37:04,0.77,0.9506,5,0.77,0.9506,10,0.77,0.9506,10,0.77,0.9506,1831,10
SPY190719C300,2019-07-17,2019-07-17 09:37:05,0.77,0.9506,27,0.76,0.9382,190,0.77,0.9506,10,0.765,0.9444,1831,0
SPY190719C300,2019-07-17,2019-07-17 09:37:05,0.78,0.9629,900,0.76,0.9382,140,0.77,0.9506,10,0.77,0.9506,1831,0
SPY190719C300,2019-07-17,2019-07-17 09:37:06,0.78,0.9629,651,0.76,0.9382,129,0.77,0.9506,10,0.77,0.9506,1831,0
SPY190719C300,2019-07-17,2019-07-17 09:37:06,0.78,0.9629,874,0.76,0.9382,129,0.77,0.9506,10,0.77,0.9506,1831,0
SPY190719C300,2019-07-17,2019-07-17 09:37:07,0.77,0.9506,1,0.76,0.9382,91,0.77,0.9506,1,0.765,0.9444,1832,1
SPY190719C300,2019-07-17,2019-07-17 09:37:08,0.77,0.9506,112,0.76,0.9382,67,0.77,0.9506,1,0.765,0.9444,1832,0
SPY190719C300,2019-07-17,2019-07-17 09:37:08,0.77,0.9506,112,0.76,0.9382,91,0.76,0.9382,5,0.765,0.9444,1837,5
SPY190719C300,2019-07-17,2019-07-17 09:37:09,0.78,0.9629,127,0.77,0.9506,115,0.76,0.9382,5,0.775,0.9567,1837,0
SPY190719C300,2019-07-17,2019-07-17 09:37:09,0.78,0.9629,205,0.76,0.9382,1076,0.76,0.9382,5,0.77,0.9506,1837,0
SPY190719C300,2019-07-17,2019-07-17 09:37:10,0.78,0.9629,42,0.77,0.9506,115,0.76,0.9382,5,0.775,0.9567,1837,0
SPY190719C300,2019-07-17,2019-07-17 09:37:11,0.77,0.9506,49,0.76,0.9382,165,0.76,0.9382,5,0.765,0.9444,1837,0
SPY190719C300,2019-07-17,2019-07-17 09:37:11,0.78,0.9629,145,0.76,0.9382,1094,0.76,0.9382,5,0.77,0.9506,1837,0
SPY190719C300,2019-07-17,2019-07-17 09:37:12,0.78,0.9629,183,0.76,0.9382,258,0.76,0.9382,5,0.77,0.9506,1837,0
SPY190719C300,2019-07-17,2019-07-17 09:37:12,0.78,0.9629,194,0.76,0.9382,807,0.76,0.9382,5,0.77,0.9506,1837,0
SPY190719C300,2019-07-17,2019-07-17 09:37:13,0.77,0.9506,38,0.76,0.9382,554,0.76,0.9382,5,0.765,0.9444,1837,0
SPY190719C300,2019-07-17,2019-07-17 09:37:14,0.77,0.9506,105,0.76,0.9382,87,0.76,0.9382,5,0.765,0.9444,1837,0
SPY190719C300,2019-07-17,2019-07-17 09:37:14,0.77,0.9506,96,0.76,0.9382,13,0.76,0.9382,5,0.765,0.9444,1837,0
SPY190719C300,2019-07-17,2019-07-17 09:37:15,0.77,0.9506,322,0.76,0.9382,42,0.77,0.9506,1,0.765,0.9444,1838,1
SPY190719C300,2019-07-17,2019-07-17 09:37:15,0.77,0.9506,464,0.76,0.9382,42,0.77,0.9506,1,0.765,0.9444,1838,0
SPY190719C300,2019-07-17,2019-07-17 09:37:16,0.77,0.9506,329,0.76,0.9382,42,0.77,0.9506,1,0.765,0.9444,1838,0
SPY190719C300,2019-07-17,2019-07-17 09:37:17,0.77,0.9506,2260,0.76,0.9382,79,0.77,0.9506,1,0.765,0.9444,1838,0
SPY190719C300,2019-07-17,2019-07-17 09:37:17,0.77,0.9506,562,0.76,0.9382,79,0.77,0.9506,1,0.765,0.9444,1838,0
SPY190719C300,2019-07-17,2019-07-17 09:37:18,0.77,0.9506,1040,0.76,0.9382,13,0.77,0.9506,1,0.765,0.9444,1840,2
SPY190719C300,2019-07-17,2019-07-17 09:37:18,0.77,0.9506,1498,0.76,0.9382,13,0.77,0.9506,1,0.765,0.9444,1840,0
SPY190719C300,2019-07-17,2019-07-17 09:37:19,0.77,0.9506,1616,0.76,0.9382,13,0.77,0.9506,1,0.765,0.9444,1840,0
SPY190719C300,2019-07-17,2019-07-17 09:37:20,0.77,0.9506,592,0.76,0.9382,26,0.77,0.9506,1,0.765,0.9444,1840,0
SPY190719C300,2019-07-17,2019-07-17 09:37:21,0.77,0.9506,864,0.76,0.9382,26,0.77,0.9506,1,0.765,0.9444,1840,0
SPY190719C300,2019-07-17,2019-07-17 09:37:21,0.77,0.9506,970,0.76,0.9382,13,0.77,0.9506,1,0.765,0.9444,1840,0
SPY190719C300,2019-07-17,2019-07-17 09:37:23,0.77,0.9506,1090,0.76,0.9382,13,0.77,0.9506,1,0.765,0.9444,1840,0
SPY190719C300,2019-07-17,2019-07-17 09:37:24,0.77,0.9506,493,0.76,0.9382,13,0.77,0.9506,1,0.765,0.9444,1840,0
SPY190719C300,2019-07-17,2019-07-17 09:37:25,0.77,0.9506,200,0.76,0.9382,55,0.77,0.9506,1,0.765,0.9444,1840,0
SPY190719C300,2019-07-17,2019-07-17 09:37:25,0.77,0.9506,493,0.76,0.9382,13,0.77,0.9506,1,0.765,0.9444,1840,0
SPY190719C300,2019-07-17,2019-07-17 09:37:26,0.77,0.9506,117,0.76,0.9382,145,0.77,0.9506,1,0.765,0.9444,1840,0
SPY190719C300,2019-07-17,2019-07-17 09:37:26,0.78,0.9629,182,0.76,0.9382,205,0.77,0.9506,1,0.77,0.9506,1840,0
SPY190719C300,2019-07-17,2019-07-17 09:37:27,0.77,0.9506,32,0.76,0.9382,129,0.76,0.9382,3,0.765,0.9444,1843,0
SPY190719C300,2019-07-17,2019-07-17 09:37:27,0.78,0.9629,229,0.76,0.9382,270,0.76,0.9382,3,0.77,0.9506,1843,3
SPY190719C300,2019-07-17,2019-07-17 09:37:28,0.77,0.9506,93,0.76,0.9382,129,0.76,0.9382,3,0.765,0.9444,1843,0
SPY190719C300,2019-07-17,2019-07-17 09:37:29,0.77,0.9506,95,0.76,0.9382,129,0.76,0.9382,3,0.765,0.9444,1843,0
SPY190719C300,2019-07-17,2019-07-17 09:37:29,0.77,0.9506,94,0.76,0.9382,129,0.76,0.9382,3,0.765,0.9444,1843,0
SPY190719C300,2019-07-17,2019-07-17 09:37:30,0.77,0.9506,172,0.76,0.9382,852,0.77,0.9506,20,0.765,0.9444,1863,0
SPY190719C300,2019-07-17,2019-07-17 09:37:30,0.77,0.9506,238,0.76,0.9382,135,0.77,0.9506,20,0.765,0.9444,1863,20
SPY190719C300,2019-07-17,2019-07-17 09:37:31,0.78,0.9629,235,0.76,0.9382,852,0.77,0.9506,20,0.77,0.9506,1863,0
SPY190719C300,2019-07-17,2019-07-17 09:37:32,0.77,0.9506,252,0.76,0.9382,30,0.77,0.9506,4,0.765,0.9444,1868,4
SPY190719C300,2019-07-17,2019-07-17 09:37:32,0.77,0.9506,32,0.76,0.9382,174,0.78,0.9629,1,0.765,0.9444,1864,1
SPY190719C300,2019-07-17,2019-07-17 09:37:33,0.77,0.9506,989,0.76,0.9382,13,0.77,0.9506,4,0.765,0.9444,1868,0
SPY190719C300,2019-07-17,2019-07-17 09:37:34,0.77,0.9506,1244,0.76,0.9382,13,0.77,0.9506,4,0.765,0.9444,1868,0
SPY190719C300,2019-07-17,2019-07-17 09:37:34,0.77,0.9506,1265,0.76,0.9382,13,0.77,0.9506,4,0.765,0.9444,1868,0
SPY190719C300,2019-07-17,2019-07-17 09:37:35,0.77,0.9506,606,0.76,0.9382,13,0.77,0.9506,4,0.765,0.9444,1868,0
SPY190719C300,2019-07-17,2019-07-17 09:37:35,0.77,0.9506,1197,0.76,0.9382,13,0.77,0.9506,4,0.765,0.9444,1868,0
SPY190719C300,2019-07-17,2019-07-17 09:37:36,0.77,0.9506,1043,0.76,0.9382,13,0.76,0.9382,2,0.765,0.9444,1870,2
SPY190719C300,2019-07-17,2019-07-17 09:37:37,0.77,0.9506,1976,0.76,0.9382,13,0.76,0.9382,2,0.765,0.9444,1870,0
SPY190719C300,2019-07-17,2019-07-17 09:37:38,0.77,0.9506,1976,0.76,0.9382,13,0.76,0.9382,2,0.765,0.9444,1870,0
SPY190719C300,2019-07-17,2019-07-17 09:37:39,0.77,0.9506,2209,0.76,0.9382,13,0.76,0.9382,2,0.765,0.9444,1870,0
SPY190719C300,2019-07-17,2019-07-17 09:37:40,0.77,0.9506,1980,0.76,0.9382,13,0.76,0.9382,2,0.765,0.9444,1870,0
SPY190719C300,2019-07-17,2019-07-17 09:37:40,0.77,0.9506,1169,0.76,0.9382,13,0.76,0.9382,2,0.765,0.9444,1870,0
SPY190719C300,2019-07-17,2019-07-17 09:37:41,0.77,0.9506,764,0.76,0.9382,39,0.76,0.9382,2,0.765,0.9444,1870,0
SPY190719C300,2019-07-17,2019-07-17 09:37:41,0.77,0.9506,776,0.76,0.9382,13,0.76,0.9382,2,0.765,0.9444,1870,0
SPY190719C300,2019-07-17,2019-07-17 09:37:42,0.77,0.9506,683,0.76,0.9382,39,0.76,0.9382,2,0.765,0.9444,1870,0
SPY190719C300,2019-07-17,2019-07-17 09:37:42,0.77,0.9506,765,0.76,0.9382,11,0.76,0.9382,2,0.765,0.9444,1870,0
SPY190719C300,2019-07-17,2019-07-17 09:37:43,0.77,0.9506,250,0.76,0.9382,121,0.76,0.9382,2,0.765,0.9444,1870,0
SPY190719C300,2019-07-17,2019-07-17 09:37:43,0.77,0.9506,768,0.76,0.9382,11,0.76,0.9382,2,0.765,0.9444,1870,0
SPY190719C300,2019-07-17,2019-07-17 09:37:44,0.77,0.9506,200,0.76,0.9382,164,0.76,0.9382,2,0.765,0.9444,1870,0
SPY190719C300,2019-07-17,2019-07-17 09:37:45,0.77,0.9506,200,0.76,0.9382,169,0.76,0.9382,2,0.765,0.9444,1870,0
SPY190719C300,2019-07-17,2019-07-17 09:37:45,0.77,0.9506,200,0.76,0.9382,229,0.76,0.9382,2,0.765,0.9444,1870,0
SPY190719C300,2019-07-17,2019-07-17 09:37:46,0.77,0.9506,200,0.76,0.9382,169,0.76,0.9382,2,0.765,0.9444,1870,0
SPY190719C300,2019-07-17,2019-07-17 09:37:47,0.77,0.9506,200,0.76,0.9382,159,0.76,0.9382,2,0.765,0.9444,1870,0
SPY190719C300,2019-07-17,2019-07-17 09:37:48,0.78,0.9629,10,0.77,0.9506,159,0.77,0.9506,200,0.775,0.9567,2070,200
SPY190719C300,2019-07-17,2019-07-17 09:37:48,0.77,0.9506,200,0.76,0.9382,304,0.76,0.9382,2,0.765,0.9444,1870,0
SPY190719C300,2019-07-17,2019-07-17 09:37:49,0.78,0.9629,10,0.77,0.9506,924,0.77,0.9506,200,0.775,0.9567,2070,0
SPY190719C300,2019-07-17,2019-07-17 09:37:50,0.78,0.9629,10,0.77,0.9506,717,0.77,0.9506,200,0.775,0.9567,2070,0
SPY190719C300,2019-07-17,2019-07-17 09:37:51,0.8,0.9876,187,0.78,0.9629,56,0.78,0.9629,2,0.79,0.9753,2080,10
SPY190719C300,2019-07-17,2019-07-17 09:37:52,0.79,0.9753,1,0.78,0.9629,202,0.79,0.9753,3,0.785,0.9691,2083,3
SPY190719C300,2019-07-17,2019-07-17 09:37:52,0.8,0.9876,878,0.78,0.9629,202,0.79,0.9753,3,0.79,0.9753,2083,0
SPY190719C300,2019-07-17,2019-07-17 09:37:53,0.8,0.9876,295,0.79,0.9753,5,0.79,0.9753,3,0.795,0.9814,2083,0
SPY190719C300,2019-07-17,2019-07-17 09:37:54,0.8,0.9876,100,0.79,0.9753,5,0.79,0.9753,3,0.795,0.9814,2083,0
SPY190719C300,2019-07-17,2019-07-17 09:37:54,0.8,0.9876,101,0.79,0.9753,145,0.79,0.9753,3,0.795,0.9814,2083,0
SPY190719C300,2019-07-17,2019-07-17 09:37:55,0.8,0.9876,38,0.79,0.9753,145,0.79,0.9753,3,0.795,0.9814,2083,0
SPY190719C300,2019-07-17,2019-07-17 09:37:55,0.81,1.0,477,0.79,0.9753,116,0.79,0.9753,3,0.8,0.9876,2083,0
SPY190719C300,2019-07-17,2019-07-17 09:37:57,0.8,0.9876,280,0.78,0.9629,206,0.79,0.9753,3,0.79,0.9753,2083,0
SPY190719C300,2019-07-17,2019-07-17 09:37:57,0.8,0.9876,38,0.78,0.9629,435,0.79,0.9753,3,0.79,0.9753,2083,0
SPY190719C300,2019-07-17,2019-07-17 09:37:58,0.8,0.9876,101,0.79,0.9753,5,0.79,0.9753,3,0.795,0.9814,2083,0
SPY190719C300,2019-07-17,2019-07-17 09:37:58,0.8,0.9876,1135,0.78,0.9629,206,0.79,0.9753,3,0.79,0.9753,2083,0
SPY190719C300,2019-07-17,2019-07-17 09:37:59,0.81,1.0,576,0.79,0.9753,5,0.79,0.9753,3,0.8,0.9876,2083,0
SPY190719C300,2019-07-17,2019-07-17 09:38:00,0.81,1.0,699,0.79,0.9753,156,0.81,1.0,3,0.8,0.9876,2086,3
SPY190719C300,2019-07-17,2019-07-17 09:38:01,0.82,1.0123,490,0.81,1.0,35,0.81,1.0,3,0.815,1.0061,2086,0
SPY190719C300,2019-07-17,2019-07-17 09:38:02,0.82,1.0123,180,0.81,1.0,35,0.81,1.0,3,0.815,1.0061,2086,0
SPY190719C300,2019-07-17,2019-07-17 09:38:03,0.82,1.0123,59,0.81,1.0,126,0.81,1.0,3,0.815,1.0061,2086,0
SPY190719C300,2019-07-17,2019-07-17 09:38:04,0.82,1.0123,59,0.81,1.0,166,0.81,1.0,3,0.815,1.0061,2086,0
SPY190719C300,2019-07-17,2019-07-17 09:38:04,0.83,1.0246,627,0.81,1.0,166,0.81,1.0,3,0.82,1.0123,2086,0
SPY190719C300,2019-07-17,2019-07-17 09:38:05,0.82,1.0123,59,0.81,1.0,166,0.81,1.0,3,0.815,1.0061,2086,0
SPY190719C300,2019-07-17,2019-07-17 09:38:06,0.82,1.0123,88,0.81,1.0,101,0.81,1.0,3,0.815,1.0061,2086,0
SPY190719C300,2019-07-17,2019-07-17 09:38:07,0.82,1.0123,59,0.81,1.0,156,0.82,1.0123,80,0.815,1.0061,2166,80
SPY190719C300,2019-07-17,2019-07-17 09:38:08,0.82,1.0123,59,0.81,1.0,156,0.82,1.0123,80,0.815,1.0061,2166,0
SPY190719C300,2019-07-17,2019-07-17 09:38:08,0.82,1.0123,1,0.81,1.0,156,0.82,1.0123,80,0.815,1.0061,2166,0
SPY190719C300,2019-07-17,2019-07-17 09:38:09,0.82,1.0123,1,0.81,1.0,656,0.82,1.0123,1,0.815,1.0061,2167,1
SPY190719C300,2019-07-17,2019-07-17 09:38:10,0.83,1.0246,190,0.82,1.0123,4,0.82,1.0123,1,0.825,1.0185,2167,0
SPY190719C300,2019-07-17,2019-07-17 09:38:10,0.83,1.0246,161,0.82,1.0123,4,0.82,1.0123,1,0.825,1.0185,2167,0
SPY190719C300,2019-07-17,2019-07-17 09:38:11,0.83,1.0246,190,0.82,1.0123,4,0.82,1.0123,1,0.825,1.0185,2167,0
SPY190719C300,2019-07-17,2019-07-17 09:38:12,0.83,1.0246,208,0.82,1.0123,4,0.82,1.0123,1,0.825,1.0185,2167,0
SPY190719C300,2019-07-17,2019-07-17 09:38:12,0.83,1.0246,161,0.82,1.0123,4,0.82,1.0123,1,0.825,1.0185,2167,0
SPY190719C300,2019-07-17,2019-07-17 09:38:13,0.82,1.0123,179,0.81,1.0,5,0.82,1.0123,4,0.815,1.0061,2171,4
SPY190719C300,2019-07-17,2019-07-17 09:38:13,0.82,1.0123,210,0.81,1.0,5,0.82,1.0123,4,0.815,1.0061,2171,0
SPY190719C300,2019-07-17,2019-07-17 09:38:14,0.82,1.0123,97,0.8,0.9876,612,0.82,1.0123,100,0.81,1.0,2271,100
SPY190719C300,2019-07-17,2019-07-17 09:38:14,0.82,1.0123,133,0.8,0.9876,612,0.82,1.0123,100,0.81,1.0,2271,0
SPY190719C300,2019-07-17,2019-07-17 09:38:15,0.82,1.0123,133,0.8,0.9876,612,0.82,1.0123,100,0.81,1.0,2271,0
SPY190719C300,2019-07-17,2019-07-17 09:38:16,0.82,1.0123,290,0.8,0.9876,375,0.8,0.9876,10,0.81,1.0,2281,0
SPY190719C300,2019-07-17,2019-07-17 09:38:16,0.82,1.0123,133,0.8,0.9876,588,0.8,0.9876,10,0.81,1.0,2281,10
SPY190719C300,2019-07-17,2019-07-17 09:38:17,0.82,1.0123,742,0.8,0.9876,286,0.8,0.9876,10,0.81,1.0,2281,0
SPY190719C300,2019-07-17,2019-07-17 09:38:18,0.82,1.0123,792,0.8,0.9876,286,0.8,0.9876,10,0.81,1.0,2281,0
SPY190719C300,2019-07-17,2019-07-17 09:38:18,0.81,1.0,38,0.8,0.9876,281,0.8,0.9876,10,0.805,0.9938,2281,0
SPY190719C300,2019-07-17,2019-07-17 09:38:19,0.81,1.0,188,0.8,0.9876,37,0.8,0.9876,10,0.805,0.9938,2281,0
SPY190719C300,2019-07-17,2019-07-17 09:38:19,0.81,1.0,209,0.8,0.9876,2,0.8,0.9876,10,0.805,0.9938,2281,0
SPY190719C300,2019-07-17,2019-07-17 09:38:20,0.81,1.0,188,0.8,0.9876,2,0.8,0.9876,10,0.805,0.9938,2281,0
SPY190719C300,2019-07-17,2019-07-17 09:38:21,0.81,1.0,38,0.8,0.9876,194,0.8,0.9876,10,0.805,0.9938,2281,0
SPY190719C300,2019-07-17,2019-07-17 09:38:21,0.81,1.0,138,0.8,0.9876,7,0.8,0.9876,10,0.805,0.9938,2281,0
SPY190719C300,2019-07-17,2019-07-17 09:38:22,0.81,1.0,173,0.8,0.9876,140,0.8,0.9876,10,0.805,0.9938,2281,0
SPY190719C300,2019-07-17,2019-07-17 09:38:23,0.81,1.0,123,0.8,0.9876,140,0.8,0.9876,10,0.805,0.9938,2281,0
SPY190719C300,2019-07-17,2019-07-17 09:38:23,0.81,1.0,123,0.8,0.9876,2,0.8,0.9876,10,0.805,0.9938,2281,0
SPY190719C300,2019-07-17,2019-07-17 09:38:24,0.81,1.0,640,0.8,0.9876,2,0.79,0.9753,40,0.805,0.9938,2324,43
SPY190719C300,2019-07-17,2019-07-17 09:38:24,0.81,1.0,815,0.79,0.9753,433,0.79,0.9753,40,0.8,0.9876,2324,0
SPY190719C300,2019-07-17,2019-07-17 09:38:25,0.8,0.9876,38,0.79,0.9753,433,0.79,0.9753,40,0.795,0.9814,2324,0
SPY190719C300,2019-07-17,2019-07-17 09:38:25,0.8,0.9876,23,0.79,0.9753,433,0.79,0.9753,40,0.795,0.9814,2324,0
SPY190719C300,2019-07-17,2019-07-17 09:38:26,0.8,0.9876,23,0.79,0.9753,333,0.79,0.9753,40,0.795,0.9814,2324,0
SPY190719C300,2019-07-17,2019-07-17 09:38:27,0.8,0.9876,10,0.79,0.9753,343,0.79,0.9753,40,0.795,0.9814,2324,0
SPY190719C300,2019-07-17,2019-07-17 09:38:27,0.8,0.9876,10,0.79,0.9753,587,0.79,0.9753,40,0.795,0.9814,2324,0
SPY190719C300,2019-07-17,2019-07-17 09:38:28,0.8,0.9876,10,0.79,0.9753,577,0.79,0.9753,40,0.795,0.9814,2324,0
SPY190719C300,2019-07-17,2019-07-17 09:38:28,0.8,0.9876,10,0.8,0.9876,148,0.8,0.9876,1,0.8,0.9876,2326,2
SPY190719C300,2019-07-17,2019-07-17 09:38:29,0.82,1.0123,803,0.8,0.9876,471,0.8,0.9876,1,0.81,1.0,2326,0
SPY190719C300,2019-07-17,2019-07-17 09:38:29,0.83,1.0246,876,0.81,1.0,5,0.8,0.9876,1,0.82,1.0123,2326,0
SPY190719C300,2019-07-17,2019-07-17 09:38:30,0.82,1.0123,38,0.81,1.0,255,0.8,0.9876,1,0.815,1.0061,2326,0
SPY190719C300,2019-07-17,2019-07-17 09:38:31,0.82,1.0123,38,0.81,1.0,255,0.8,0.9876,1,0.815,1.0061,2326,0
SPY190719C300,2019-07-17,2019-07-17 09:38:32,0.82,1.0123,481,0.8,0.9876,376,0.8,0.9876,1,0.81,1.0,2326,0
SPY190719C300,2019-07-17,2019-07-17 09:38:33,0.81,1.0,57,0.8,0.9876,186,0.8,0.9876,1,0.805,0.9938,2326,0
SPY190719C300,2019-07-17,2019-07-17 09:38:33,0.81,1.0,57,0.8,0.9876,283,0.8,0.9876,1,0.805,0.9938,2326,0
SPY190719C300,2019-07-17,2019-07-17 09:38:34,0.82,1.0123,490,0.8,0.9876,447,0.8,0.9876,1,0.81,1.0,2326,0
SPY190719C300,2019-07-17,2019-07-17 09:38:34,0.82,1.0123,490,0.8,0.9876,559,0.8,0.9876,1,0.81,1.0,2326,0
SPY190719C300,2019-07-17,2019-07-17 09:38:35,0.82,1.0123,490,0.8,0.9876,389,0.8,0.9876,1,0.81,1.0,2326,0
SPY190719C300,2019-07-17,2019-07-17 09:38:36,0.82,1.0123,490,0.8,0.9876,512,0.8,0.9876,1,0.81,1.0,2326,0
SPY190719C300,2019-07-17,2019-07-17 09:38:36,0.82,1.0123,53,0.81,1.0,158,0.8,0.9876,1,0.815,1.0061,2326,0
SPY190719C300,2019-07-17,2019-07-17 09:38:37,0.82,1.0123,53,0.81,1.0,203,0.8,0.9876,1,0.815,1.0061,2326,0
SPY190719C300,2019-07-17,2019-07-17 09:38:38,0.82,1.0123,196,0.8,0.9876,546,0.8,0.9876,1,0.81,1.0,2326,0
SPY190719C300,2019-07-17,2019-07-17 09:38:39,0.82,1.0123,196,0.8,0.9876,300,0.8,0.9876,1,0.81,1.0,2326,0
SPY190719C300,2019-07-17,2019-07-17 09:38:39,0.81,1.0,41,0.8,0.9876,201,0.8,0.9876,1,0.805,0.9938,2326,0
SPY190719C300,2019-07-17,2019-07-17 09:38:40,0.81,1.0,53,0.8,0.9876,10,0.8,0.9876,1,0.805,0.9938,2326,0
SPY190719C300,2019-07-17,2019-07-17 09:38:41,0.82,1.0123,596,0.8,0.9876,188,0.8,0.9876,1,0.81,1.0,2326,0
SPY190719C300,2019-07-17,2019-07-17 09:38:41,0.82,1.0123,596,0.8,0.9876,645,0.8,0.9876,1,0.81,1.0,2326,0
SPY190719C300,2019-07-17,2019-07-17 09:38:42,0.82,1.0123,546,0.81,1.0,5,0.8,0.9876,1,0.815,1.0061,2326,0
SPY190719C300,2019-07-17,2019-07-17 09:38:42,0.82,1.0123,38,0.81,1.0,202,0.8,0.9876,1,0.815,1.0061,2326,0
SPY190719C300,2019-07-17,2019-07-17 09:38:43,0.82,1.0123,41,0.81,1.0,202,0.82,1.0123,10,0.815,1.0061,2336,10
SPY190719C300,2019-07-17,2019-07-17 09:38:43,0.82,1.0123,206,0.8,0.9876,963,0.82,1.0123,2,0.81,1.0,2338,2
SPY190719C300,2019-07-17,2019-07-17 09:38:44,0.82,1.0123,206,0.8,0.9876,963,0.82,1.0123,6,0.81,1.0,2348,10
SPY190719C300,2019-07-17,2019-07-17 09:38:45,0.82,1.0123,485,0.8,0.9876,205,0.82,1.0123,6,0.81,1.0,2348,0
SPY190719C300,2019-07-17,2019-07-17 09:38:45,0.82,1.0123,194,0.8,0.9876,963,0.82,1.0123,6,0.81,1.0,2348,0
SPY190719C300,2019-07-17,2019-07-17 09:38:46,0.82,1.0123,374,0.8,0.9876,128,0.82,1.0123,6,0.81,1.0,2348,0
SPY190719C300,2019-07-17,2019-07-17 09:38:46,0.82,1.0123,485,0.8,0.9876,205,0.82,1.0123,6,0.81,1.0,2348,0
SPY190719C300,2019-07-17,2019-07-17 09:38:47,0.82,1.0123,642,0.8,0.9876,164,0.82,1.0123,6,0.81,1.0,2348,0
SPY190719C300,2019-07-17,2019-07-17 09:38:47,0.81,1.0,38,0.8,0.9876,406,0.8,0.9876,2,0.805,0.9938,2350,2
SPY190719C300,2019-07-17,2019-07-17 09:38:48,0.81,1.0,232,0.8,0.9876,10,0.8,0.9876,2,0.805,0.9938,2350,0
SPY190719C300,2019-07-17,2019-07-17 09:38:49,0.81,1.0,222,0.8,0.9876,100,0.8,0.9876,2,0.805,0.9938,2350,0
SPY190719C300,2019-07-17,2019-07-17 09:38:49,0.81,1.0,172,0.8,0.9876,100,0.8,0.9876,2,0.805,0.9938,2350,0
SPY190719C300,2019-07-17,2019-07-17 09:38:50,0.81,1.0,130,0.8,0.9876,100,0.8,0.9876,2,0.805,0.9938,2350,0
SPY190719C300,2019-07-17,2019-07-17 09:38:50,0.81,1.0,126,0.8,0.9876,100,0.8,0.9876,2,0.805,0.9938,2350,0
SPY190719C300,2019-07-17,2019-07-17 09:38:51,0.81,1.0,38,0.8,0.9876,100,0.8,0.9876,2,0.805,0.9938,2350,0
SPY190719C300,2019-07-17,2019-07-17 09:38:51,0.81,1.0,38,0.8,0.9876,490,0.81,1.0,1,0.805,0.9938,2351,1
SPY190719C300,2019-07-17,2019-07-17 09:38:52,0.81,1.0,101,0.8,0.9876,490,0.81,1.0,1,0.805,0.9938,2351,0
SPY190719C300,2019-07-17,2019-07-17 09:38:53,0.81,1.0,119,0.8,0.9876,100,0.81,1.0,1,0.805,0.9938,2351,0
SPY190719C300,2019-07-17,2019-07-17 09:38:53,0.81,1.0,114,0.8,0.9876,132,0.81,1.0,1,0.805,0.9938,2351,0
SPY190719C300,2019-07-17,2019-07-17 09:38:54,0.81,1.0,270,0.8,0.9876,100,0.81,1.0,1,0.805,0.9938,2351,0
SPY190719C300,2019-07-17,2019-07-17 09:38:54,0.81,1.0,322,0.8,0.9876,100,0.81,1.0,1,0.805,0.9938,2351,0
SPY190719C300,2019-07-17,2019-07-17 09:38:55,0.81,1.0,226,0.8,0.9876,137,0.81,1.0,1,0.805,0.9938,2351,0
SPY190719C300,2019-07-17,2019-07-17 09:38:55,0.81,1.0,63,0.8,0.9876,182,0.81,1.0,1,0.805,0.9938,2351,0
SPY190719C300,2019-07-17,2019-07-17 09:38:56,0.81,1.0,226,0.8,0.9876,137,0.81,1.0,1,0.805,0.9938,2351,0
SPY190719C300,2019-07-17,2019-07-17 09:38:57,0.81,1.0,226,0.8,0.9876,100,0.81,1.0,1,0.805,0.9938,2351,0
SPY190719C300,2019-07-17,2019-07-17 09:38:58,0.81,1.0,226,0.8,0.9876,100,0.81,1.0,1,0.805,0.9938,2351,0
SPY190719C300,2019-07-17,2019-07-17 09:38:58,0.81,1.0,421,0.8,0.9876,100,0.81,1.0,1,0.805,0.9938,2351,0
SPY190719C300,2019-07-17,2019-07-17 09:38:59,0.81,1.0,176,0.8,0.9876,100,0.81,1.0,1,0.805,0.9938,2351,0
SPY190719C300,2019-07-17,2019-07-17 09:38:59,0.81,1.0,421,0.8,0.9876,100,0.81,1.0,1,0.805,0.9938,2351,0
SPY190719C300,2019-07-17,2019-07-17 09:39:01,0.82,1.0123,567,0.8,0.9876,273,0.81,1.0,1,0.81,1.0,2351,0
SPY190719C300,2019-07-17,2019-07-17 09:39:01,0.82,1.0123,567,0.8,0.9876,246,0.81,1.0,1,0.81,1.0,2351,0
SPY190719C300,2019-07-17,2019-07-17 09:39:02,0.82,1.0123,432,0.8,0.9876,331,0.81,1.0,1,0.81,1.0,2351,0
SPY190719C300,2019-07-17,2019-07-17 09:39:03,0.82,1.0123,591,0.8,0.9876,226,0.81,1.0,1,0.81,1.0,2351,0
SPY190719C300,2019-07-17,2019-07-17 09:39:04,0.82,1.0123,338,0.8,0.9876,571,0.81,1.0,1,0.81,1.0,2351,0
SPY190719C300,2019-07-17,2019-07-17 09:39:04,0.82,1.0123,591,0.8,0.9876,236,0.81,1.0,1,0.81,1.0,2351,0
SPY190719C300,2019-07-17,2019-07-17 09:39:05,0.82,1.0123,591,0.8,0.9876,571,0.81,1.0,5,0.81,1.0,2356,5
SPY190719C300,2019-07-17,2019-07-17 09:39:05,0.82,1.0123,699,0.8,0.9876,561,0.81,1.0,1,0.81,1.0,2351,0
SPY190719C300,2019-07-17,2019-07-17 09:39:06,0.81,1.0,38,0.8,0.9876,155,0.81,1.0,1,0.805,0.9938,2357,1
SPY190719C300,2019-07-17,2019-07-17 09:39:06,0.81,1.0,213,0.8,0.9876,100,0.81,1.0,1,0.805,0.9938,2357,0
SPY190719C300,2019-07-17,2019-07-17 09:39:07,0.81,1.0,92,0.8,0.9876,100,0.81,1.0,1,0.805,0.9938,2357,0
SPY190719C300,2019-07-17,2019-07-17 09:39:08,0.81,1.0,98,0.8,0.9876,100,0.81,1.0,1,0.805,0.9938,2357,0
SPY190719C300,2019-07-17,2019-07-17 09:39:08,0.82,1.0123,435,0.8,0.9876,100,0.81,1.0,1,0.81,1.0,2357,0
SPY190719C300,2019-07-17,2019-07-17 09:39:09,0.81,1.0,140,0.8,0.9876,100,0.81,1.0,1,0.805,0.9938,2357,0
SPY190719C300,2019-07-17,2019-07-17 09:39:09,0.81,1.0,61,0.8,0.9876,100,0.81,1.0,1,0.805,0.9938,2357,0
SPY190719C300,2019-07-17,2019-07-17 09:39:10,0.82,1.0123,424,0.8,0.9876,100,0.81,1.0,1,0.81,1.0,2357,0
SPY190719C300,2019-07-17,2019-07-17 09:39:11,0.81,1.0,38,0.8,0.9876,267,0.81,1.0,1,0.805,0.9938,2357,0
SPY190719C300,2019-07-17,2019-07-17 09:39:11,0.81,1.0,50,0.81,1.0,1,0.81,1.0,1,0.81,1.0,2359,2
SPY190719C300,2019-07-17,2019-07-17 09:39:12,0.81,1.0,50,0.8,0.9876,100,0.81,1.0,1,0.805,0.9938,2359,0
SPY190719C300,2019-07-17,2019-07-17 09:39:12,0.82,1.0123,557,0.81,1.0,1,0.81,1.0,1,0.815,1.0061,2359,0
SPY190719C300,2019-07-17,2019-07-17 09:39:13,0.82,1.0123,241,0.8,0.9876,358,0.81,1.0,1,0.81,1.0,2359,0
SPY190719C300,2019-07-17,2019-07-17 09:39:14,0.82,1.0123,241,0.8,0.9876,655,0.81,1.0,1,0.81,1.0,2359,0
SPY190719C300,2019-07-17,2019-07-17 09:39:14,0.82,1.0123,65,0.81,1.0,128,0.81,1.0,1,0.815,1.0061,2359,0
SPY190719C300,2019-07-17,2019-07-17 09:39:15,0.83,1.0246,821,0.81,1.0,186,0.81,1.0,1,0.82,1.0123,2359,0
SPY190719C300,2019-07-17,2019-07-17 09:39:15,0.83,1.0246,376,0.81,1.0,141,0.81,1.0,1,0.82,1.0123,2359,0
SPY190719C300,2019-07-17,2019-07-17 09:39:16,0.83,1.0246,181,0.82,1.0123,143,0.82,1.0123,1,0.825,1.0185,2360,1
SPY190719C300,2019-07-17,2019-07-17 09:39:17,0.83,1.0246,74,0.82,1.0123,95,0.82,1.0123,1,0.825,1.0185,2360,0
SPY190719C300,2019-07-17,2019-07-17 09:39:18,0.83,1.0246,74,0.82,1.0123,170,0.82,1.0123,1,0.825,1.0185,2360,0
SPY190719C300,2019-07-17,2019-07-17 09:39:19,0.83,1.0246,74,0.82,1.0123,170,0.82,1.0123,1,0.825,1.0185,2360,0
SPY190719C300,2019-07-17,2019-07-17 09:39:20,0.83,1.0246,74,0.82,1.0123,170,0.82,1.0123,1,0.825,1.0185,2360,0
SPY190719C300,2019-07-17,2019-07-17 09:39:21,0.83,1.0246,74,0.82,1.0123,170,0.82,1.0123,1,0.825,1.0185,2360,0
SPY190719C300,2019-07-17,2019-07-17 09:39:22,0.83,1.0246,74,0.82,1.0123,170,0.82,1.0123,1,0.825,1.0185,2360,0
SPY190719C300,2019-07-17,2019-07-17 09:39:23,0.83,1.0246,86,0.82,1.0123,170,0.82,1.0123,1,0.825,1.0185,2360,0
SPY190719C300,2019-07-17,2019-07-17 09:39:23,0.83,1.0246,74,0.82,1.0123,170,0.82,1.0123,1,0.825,1.0185,2360,0
SPY190719C300,2019-07-17,2019-07-17 09:39:24,0.83,1.0246,86,0.82,1.0123,170,0.82,1.0123,1,0.825,1.0185,2360,0
SPY190719C300,2019-07-17,2019-07-17 09:39:25,0.83,1.0246,56,0.82,1.0123,170,0.82,1.0123,1,0.825,1.0185,2360,0
SPY190719C300,2019-07-17,2019-07-17 09:39:25,0.83,1.0246,4,0.82,1.0123,170,0.82,1.0123,1,0.825,1.0185,2360,0
SPY190719C300,2019-07-17,2019-07-17 09:39:26,0.83,1.0246,86,0.82,1.0123,170,0.82,1.0123,1,0.825,1.0185,2360,0
SPY190719C300,2019-07-17,2019-07-17 09:39:27,0.83,1.0246,47,0.82,1.0123,170,0.82,1.0123,1,0.825,1.0185,2360,0
SPY190719C300,2019-07-17,2019-07-17 09:39:27,0.83,1.0246,86,0.82,1.0123,170,0.82,1.0123,1,0.825,1.0185,2360,0
SPY190719C300,2019-07-17,2019-07-17 09:39:28,0.83,1.0246,47,0.82,1.0123,170,0.82,1.0123,1,0.825,1.0185,2360,0
SPY190719C300,2019-07-17,2019-07-17 09:39:29,0.83,1.0246,86,0.82,1.0123,170,0.82,1.0123,1,0.825,1.0185,2360,0
SPY190719C300,2019-07-17,2019-07-17 09:39:30,0.83,1.0246,47,0.82,1.0123,170,0.82,1.0123,1,0.825,1.0185,2360,0
SPY190719C300,2019-07-17,2019-07-17 09:39:30,0.83,1.0246,86,0.82,1.0123,170,0.82,1.0123,1,0.825,1.0185,2360,0
SPY190719C300,2019-07-17,2019-07-17 09:39:31,0.83,1.0246,86,0.82,1.0123,170,0.82,1.0123,1,0.825,1.0185,2360,0
SPY190719C300,2019-07-17,2019-07-17 09:39:31,0.83,1.0246,38,0.82,1.0123,170,0.82,1.0123,1,0.825,1.0185,2360,0
SPY190719C300,2019-07-17,2019-07-17 09:39:32,0.83,1.0246,86,0.82,1.0123,170,0.82,1.0123,1,0.825,1.0185,2360,0
SPY190719C300,2019-07-17,2019-07-17 09:39:33,0.83,1.0246,86,0.82,1.0123,170,0.82,1.0123,1,0.825,1.0185,2360,0
SPY190719C300,2019-07-17,2019-07-17 09:39:34,0.83,1.0246,86,0.82,1.0123,170,0.82,1.0123,1,0.825,1.0185,2360,0
SPY190719C300,2019-07-17,2019-07-17 09:39:34,0.83,1.0246,56,0.82,1.0123,170,0.82,1.0123,1,0.825,1.0185,2360,0
SPY190719C300,2019-07-17,2019-07-17 09:39:35,0.83,1.0246,4,0.82,1.0123,102,0.82,1.0123,1,0.825,1.0185,2360,0
SPY190719C300,2019-07-17,2019-07-17 09:39:35,0.83,1.0246,50,0.82,1.0123,170,0.82,1.0123,1,0.825,1.0185,2360,0
SPY190719C300,2019-07-17,2019-07-17 09:39:36,0.83,1.0246,4,0.82,1.0123,336,0.83,1.0246,4,0.825,1.0185,2374,14
SPY190719C300,2019-07-17,2019-07-17 09:39:37,0.84,1.037,86,0.83,1.0246,88,0.83,1.0246,4,0.835,1.0308,2374,0
SPY190719C300,2019-07-17,2019-07-17 09:39:37,0.85,1.0493,109,0.83,1.0246,118,0.83,1.0246,4,0.84,1.037,2374,0
SPY190719C300,2019-07-17,2019-07-17 09:39:38,0.85,1.0493,86,0.83,1.0246,528,0.83,1.0246,4,0.84,1.037,2374,0
SPY190719C300,2019-07-17,2019-07-17 09:39:38,0.85,1.0493,81,0.83,1.0246,496,0.83,1.0246,4,0.84,1.037,2374,0
SPY190719C300,2019-07-17,2019-07-17 09:39:39,0.85,1.0493,97,0.83,1.0246,517,0.83,1.0246,4,0.84,1.037,2374,0
SPY190719C300,2019-07-17,2019-07-17 09:39:39,0.85,1.0493,97,0.83,1.0246,364,0.83,1.0246,4,0.84,1.037,2374,0
SPY190719C300,2019-07-17,2019-07-17 09:39:40,0.85,1.0493,86,0.83,1.0246,577,0.83,1.0246,4,0.84,1.037,2374,0
SPY190719C300,2019-07-17,2019-07-17 09:39:40,0.85,1.0493,56,0.84,1.037,140,0.83,1.0246,4,0.845,1.0432,2374,0
SPY190719C300,2019-07-17,2019-07-17 09:39:41,0.85,1.0493,56,0.84,1.037,199,0.83,1.0246,4,0.845,1.0432,2374,0
SPY190719C300,2019-07-17,2019-07-17 09:39:42,0.85,1.0493,56,0.84,1.037,557,0.83,1.0246,4,0.845,1.0432,2374,0
SPY190719C300,2019-07-17,2019-07-17 09:39:42,0.86,1.0617,56,0.85,1.0493,5,0.83,1.0246,4,0.855,1.0555,2374,0
SPY190719C300,2019-07-17,2019-07-17 09:39:43,0.86,1.0617,86,0.85,1.0493,182,0.83,1.0246,4,0.855,1.0555,2374,0
SPY190719C300,2019-07-17,2019-07-17 09:39:44,0.86,1.0617,3,0.86,1.0617,1,0.86,1.0617,1,0.86,1.0617,2375,1
SPY190719C300,2019-07-17,2019-07-17 09:39:44,0.87,1.074,183,0.85,1.0493,390,0.83,1.0246,4,0.86,1.0617,2374,0
SPY190719C300,2019-07-17,2019-07-17 09:39:45,0.86,1.0617,3,0.85,1.0493,482,0.86,1.0617,1,0.855,1.0555,2375,0
SPY190719C300,2019-07-17,2019-07-17 09:39:46,0.86,1.0617,41,0.85,1.0493,499,0.86,1.0617,1,0.855,1.0555,2375,0
SPY190719C300,2019-07-17,2019-07-17 09:39:46,0.86,1.0617,3,0.85,1.0493,661,0.86,1.0617,1,0.855,1.0555,2375,0
SPY190719C300,2019-07-17,2019-07-17 09:39:47,0.86,1.0617,55,0.85,1.0493,330,0.86,1.0617,1,0.855,1.0555,2375,0
SPY190719C300,2019-07-17,2019-07-17 09:39:47,0.86,1.0617,3,0.85,1.0493,499,0.86,1.0617,1,0.855,1.0555,2375,0
SPY190719C300,2019-07-17,2019-07-17 09:39:48,0.88,1.0864,125,0.86,1.0617,299,0.86,1.0617,1,0.87,1.074,2375,0
SPY190719C300,2019-07-17,2019-07-17 09:39:48,0.86,1.0617,55,0.85,1.0493,412,0.86,1.0617,1,0.855,1.0555,2375,0
SPY190719C300,2019-07-17,2019-07-17 09:39:49,0.88,1.0864,125,0.86,1.0617,591,0.86,1.0617,1,0.87,1.074,2375,0
SPY190719C300,2019-07-17,2019-07-17 09:39:50,0.88,1.0864,135,0.86,1.0617,601,0.86,1.0617,1,0.87,1.074,2375,0
SPY190719C300,2019-07-17,2019-07-17 09:39:50,0.88,1.0864,135,0.86,1.0617,842,0.86,1.0617,1,0.87,1.074,2375,0
SPY190719C300,2019-07-17,2019-07-17 09:39:51,0.88,1.0864,135,0.86,1.0617,846,0.86,1.0617,1,0.87,1.074,2375,0
SPY190719C300,2019-07-17,2019-07-17 09:39:51,0.88,1.0864,135,0.86,1.0617,678,0.86,1.0617,1,0.87,1.074,2375,0
SPY190719C300,2019-07-17,2019-07-17 09:39:52,0.87,1.074,137,0.85,1.0493,297,0.86,1.0617,1,0.86,1.0617,2375,0
SPY190719C300,2019-07-17,2019-07-17 09:39:53,0.87,1.074,187,0.85,1.0493,297,0.86,1.0617,1,0.86,1.0617,2375,0
SPY190719C300,2019-07-17,2019-07-17 09:39:54,0.87,1.074,187,0.85,1.0493,297,0.86,1.0617,1,0.86,1.0617,2375,0
SPY190719C300,2019-07-17,2019-07-17 09:39:55,0.86,1.0617,9,0.85,1.0493,280,0.86,1.0617,1,0.855,1.0555,2375,0
SPY190719C300,2019-07-17,2019-07-17 09:39:55,0.87,1.074,244,0.85,1.0493,297,0.86,1.0617,1,0.86,1.0617,2375,0
SPY190719C300,2019-07-17,2019-07-17 09:39:56,0.86,1.0617,9,0.85,1.0493,280,0.86,1.0617,1,0.855,1.0555,2375,0
SPY190719C300,2019-07-17,2019-07-17 09:39:57,0.87,1.074,604,0.85,1.0493,280,0.86,1.0617,1,0.86,1.0617,2375,0
SPY190719C300,2019-07-17,2019-07-17 09:39:58,0.86,1.0617,688,0.84,1.037,192,0.86,1.0617,1,0.85,1.0493,2375,0
SPY190719C300,2019-07-17,2019-07-17 09:39:58,0.86,1.0617,427,0.84,1.037,192,0.86,1.0617,1,0.85,1.0493,2375,0
SPY190719C300,2019-07-17,2019-07-17 09:39:59,0.84,1.037,137,0.83,1.0246,1,0.86,1.0617,1,0.835,1.0308,2375,0
SPY190719C300,2019-07-17,2019-07-17 09:39:59,0.84,1.037,596,0.83,1.0246,1,0.86,1.0617,1,0.835,1.0308,2375,0
SPY190719C300,2019-07-17,2019-07-17 09:40:00,0.84,1.037,896,0.83,1.0246,1,0.86,1.0617,1,0.835,1.0308,2375,0
SPY190719C300,2019-07-17,2019-07-17 09:40:01,0.84,1.037,578,0.82,1.0123,124,0.82,1.0123,5,0.83,1.0246,2381,6
SPY190719C300,2019-07-17,2019-07-17 09:40:02,0.85,1.0493,864,0.83,1.0246,3,0.82,1.0123,5,0.84,1.037,2381,0
SPY190719C300,2019-07-17,2019-07-17 09:40:02,0.84,1.037,44,0.83,1.0246,3,0.82,1.0123,5,0.835,1.0308,2381,0
SPY190719C300,2019-07-17,2019-07-17 09:40:03,0.86,1.0617,594,0.84,1.037,196,0.83,1.0246,5,0.85,1.0493,2386,5
SPY190719C300,2019-07-17,2019-07-17 09:40:03,0.86,1.0617,594,0.84,1.037,196,0.83,1.0246,5,0.85,1.0493,2386,0
SPY190719C300,2019-07-17,2019-07-17 09:40:04,0.86,1.0617,234,0.84,1.037,285,0.83,1.0246,5,0.85,1.0493,2386,0
SPY190719C300,2019-07-17,2019-07-17 09:40:05,0.86,1.0617,234,0.84,1.037,349,0.83,1.0246,5,0.85,1.0493,2386,0
SPY190719C300,2019-07-17,2019-07-17 09:40:06,0.87,1.074,591,0.86,1.0617,35,0.83,1.0246,5,0.865,1.0679,2386,0
SPY190719C300,2019-07-17,2019-07-17 09:40:06,0.86,1.0617,374,0.84,1.037,349,0.83,1.0246,5,0.85,1.0493,2386,0
SPY190719C300,2019-07-17,2019-07-17 09:40:07,0.87,1.074,110,0.87,1.074,18,0.83,1.0246,5,0.87,1.074,2386,0
SPY190719C300,2019-07-17,2019-07-17 09:40:07,0.88,1.0864,622,0.87,1.074,18,0.83,1.0246,5,0.875,1.0802,2386,0
SPY190719C300,2019-07-17,2019-07-17 09:40:08,0.88,1.0864,185,0.87,1.074,18,0.83,1.0246,5,0.875,1.0802,2386,0
SPY190719C300,2019-07-17,2019-07-17 09:40:09,0.88,1.0864,175,0.87,1.074,18,0.83,1.0246,5,0.875,1.0802,2386,0
SPY190719C300,2019-07-17,2019-07-17 09:40:10,0.88,1.0864,67,0.86,1.0617,118,0.83,1.0246,5,0.87,1.074,2386,0
SPY190719C300,2019-07-17,2019-07-17 09:40:10,0.88,1.0864,67,0.86,1.0617,6,0.83,1.0246,5,0.87,1.074,2386,0
SPY190719C300,2019-07-17,2019-07-17 09:40:11,0.87,1.074,122,0.86,1.0617,35,0.83,1.0246,5,0.865,1.0679,2386,0
SPY190719C300,2019-07-17,2019-07-17 09:40:11,0.87,1.074,426,0.86,1.0617,35,0.83,1.0246,5,0.865,1.0679,2386,0
SPY190719C300,2019-07-17,2019-07-17 09:40:12,0.87,1.074,573,0.86,1.0617,35,0.83,1.0246,5,0.865,1.0679,2386,0
SPY190719C300,2019-07-17,2019-07-17 09:40:13,0.87,1.074,622,0.86,1.0617,35,0.83,1.0246,5,0.865,1.0679,2386,0
SPY190719C300,2019-07-17,2019-07-17 09:40:13,0.87,1.074,573,0.86,1.0617,35,0.83,1.0246,5,0.865,1.0679,2386,0
SPY190719C300,2019-07-17,2019-07-17 09:40:14,0.87,1.074,504,0.86,1.0617,35,0.83,1.0246,5,0.865,1.0679,2386,0
SPY190719C300,2019-07-17,2019-07-17 09:40:14,0.87,1.074,162,0.86,1.0617,35,0.83,1.0246,5,0.865,1.0679,2386,0
SPY190719C300,2019-07-17,2019-07-17 09:40:15,0.87,1.074,152,0.86,1.0617,53,0.83,1.0246,5,0.865,1.0679,2386,0
SPY190719C300,2019-07-17,2019-07-17 09:40:16,0.87,1.074,146,0.86,1.0617,53,0.83,1.0246,5,0.865,1.0679,2386,0
SPY190719C300,2019-07-17,2019-07-17 09:40:17,0.87,1.074,152,0.86,1.0617,47,0.83,1.0246,5,0.865,1.0679,2386,0
SPY190719C300,2019-07-17,2019-07-17 09:40:17,0.87,1.074,117,0.86,1.0617,44,0.83,1.0246,5,0.865,1.0679,2386,0
SPY190719C300,2019-07-17,2019-07-17 09:40:18,0.87,1.074,111,0.86,1.0617,34,0.83,1.0246,5,0.865,1.0679,2386,0
SPY190719C300,2019-07-17,2019-07-17 09:40:18,0.87,1.074,146,0.86,1.0617,120,0.83,1.0246,5,0.865,1.0679,2386,0
SPY190719C300,2019-07-17,2019-07-17 09:40:19,0.88,1.0864,361,0.86,1.0617,315,0.83,1.0246,5,0.87,1.074,2386,0
SPY190719C300,2019-07-17,2019-07-17 09:40:20,0.88,1.0864,186,0.87,1.074,43,0.83,1.0246,5,0.875,1.0802,2386,0
SPY190719C300,2019-07-17,2019-07-17 09:40:20,0.88,1.0864,200,0.87,1.074,43,0.83,1.0246,5,0.875,1.0802,2386,0
SPY190719C300,2019-07-17,2019-07-17 09:40:21,0.88,1.0864,200,0.87,1.074,43,0.83,1.0246,5,0.875,1.0802,2386,0
SPY190719C300,2019-07-17,2019-07-17 09:40:22,0.88,1.0864,200,0.87,1.074,43,0.83,1.0246,5,0.875,1.0802,2386,0
SPY190719C300,2019-07-17,2019-07-17 09:40:22,0.88,1.0864,295,0.87,1.074,43,0.83,1.0246,5,0.875,1.0802,2386,0
SPY190719C300,2019-07-17,2019-07-17 09:40:23,0.88,1.0864,136,0.87,1.074,45,0.83,1.0246,5,0.875,1.0802,2386,0
SPY190719C300,2019-07-17,2019-07-17 09:40:23,0.88,1.0864,294,0.87,1.074,45,0.83,1.0246,5,0.875,1.0802,2386,0
SPY190719C300,2019-07-17,2019-07-17 09:40:24,0.88,1.0864,10,0.87,1.074,51,0.83,1.0246,5,0.875,1.0802,2386,0
SPY190719C300,2019-07-17,2019-07-17 09:40:25,0.88,1.0864,10,0.87,1.074,407,0.83,1.0246,5,0.875,1.0802,2386,0
SPY190719C300,2019-07-17,2019-07-17 09:40:25,0.88,1.0864,10,0.87,1.074,387,0.83,1.0246,5,0.875,1.0802,2386,0
SPY190719C300,2019-07-17,2019-07-17 09:40:26,0.88,1.0864,10,0.87,1.074,575,0.83,1.0246,5,0.875,1.0802,2386,0
SPY190719C300,2019-07-17,2019-07-17 09:40:26,0.88,1.0864,10,0.87,1.074,407,0.83,1.0246,5,0.875,1.0802,2386,0
SPY190719C300,2019-07-17,2019-07-17 09:40:27,0.89,1.0987,314,0.88,1.0864,35,0.88,1.0864,10,0.885,1.0925,2396,10
SPY190719C300,2019-07-17,2019-07-17 09:40:28,0.89,1.0987,387,0.88,1.0864,35,0.88,1.0864,1,0.885,1.0925,2397,1
SPY190719C300,2019-07-17,2019-07-17 09:40:28,0.89,1.0987,314,0.88,1.0864,35,0.88,1.0864,10,0.885,1.0925,2396,0
SPY190719C300,2019-07-17,2019-07-17 09:40:29,0.89,1.0987,314,0.88,1.0864,35,0.88,1.0864,1,0.885,1.0925,2397,0
SPY190719C300,2019-07-17,2019-07-17 09:40:30,0.89,1.0987,314,0.88,1.0864,50,0.88,1.0864,1,0.885,1.0925,2397,0
SPY190719C300,2019-07-17,2019-07-17 09:40:31,0.89,1.0987,187,0.88,1.0864,50,0.88,1.0864,1,0.885,1.0925,2397,0
SPY190719C300,2019-07-17,2019-07-17 09:40:31,0.89,1.0987,314,0.88,1.0864,50,0.88,1.0864,1,0.885,1.0925,2397,0
SPY190719C300,2019-07-17,2019-07-17 09:40:32,0.89,1.0987,187,0.88,1.0864,49,0.88,1.0864,4,0.885,1.0925,2401,4
SPY190719C300,2019-07-17,2019-07-17 09:40:32,0.89,1.0987,182,0.88,1.0864,49,0.88,1.0864,4,0.885,1.0925,2401,0
SPY190719C300,2019-07-17,2019-07-17 09:40:33,0.89,1.0987,182,0.88,1.0864,35,0.88,1.0864,4,0.885,1.0925,2401,0
SPY190719C300,2019-07-17,2019-07-17 09:40:33,0.89,1.0987,182,0.88,1.0864,375,0.88,1.0864,4,0.885,1.0925,2401,0
SPY190719C300,2019-07-17,2019-07-17 09:40:34,0.9,1.1111,34,0.89,1.0987,72,0.89,1.0987,1,0.895,1.1049,2402,1
SPY190719C300,2019-07-17,2019-07-17 09:40:35,0.9,1.1111,65,0.89,1.0987,72,0.89,1.0987,1,0.895,1.1049,2402,0
SPY190719C300,2019-07-17,2019-07-17 09:40:35,0.9,1.1111,65,0.89,1.0987,72,0.9,1.1111,50,0.895,1.1049,2452,50
SPY190719C300,2019-07-17,2019-07-17 09:40:36,0.9,1.1111,65,0.89,1.0987,72,0.89,1.0987,20,0.895,1.1049,2472,20
SPY190719C300,2019-07-17,2019-07-17 09:40:36,0.9,1.1111,65,0.89,1.0987,72,0.9,1.1111,50,0.895,1.1049,2452,0
SPY190719C300,2019-07-17,2019-07-17 09:40:37,0.9,1.1111,35,0.89,1.0987,73,0.89,1.0987,20,0.895,1.1049,2472,0
SPY190719C300,2019-07-17,2019-07-17 09:40:38,0.89,1.0987,5,0.87,1.074,647,0.89,1.0987,20,0.88,1.0864,2472,0
