symbol,Date,quote_time,ask_price,norm_ask_price,ask_size,bid_price,norm_bid_price,bid_size,last_trade_price,norm_last_trade_price,last_trade_size,mark_price,norm_mark_price,volume,Volume
SPY190712P299,2019-07-10,2019-07-10 00:21:40,2.21,1.0,100,2.16,0.9773,100,2.22,1.0045,1,2.185,0.9886,0,0
SPY190712P299,2019-07-10,2019-07-10 00:21:41,2.21,1.0,100,2.16,0.9773,100,2.22,1.0045,1,2.185,0.9886,0,0
SPY190712P299,2019-07-10,2019-07-10 00:21:43,2.21,1.0,100,2.16,0.9773,100,2.22,1.0045,1,2.185,0.9886,0,0
SPY190712P299,2019-07-10,2019-07-10 00:21:45,2.21,1.0,100,2.16,0.9773,100,2.22,1.0045,1,2.185,0.9886,0,0
SPY190712P299,2019-07-10,2019-07-10 00:21:47,2.21,1.0,100,2.16,0.9773,100,2.22,1.0045,1,2.185,0.9886,0,0
SPY190712P299,2019-07-10,2019-07-10 00:21:49,2.21,1.0,100,2.16,0.9773,100,2.22,1.0045,1,2.185,0.9886,0,0
SPY190712P299,2019-07-10,2019-07-10 00:21:50,2.21,1.0,100,2.16,0.9773,100,2.22,1.0045,1,2.185,0.9886,0,0
SPY190712P299,2019-07-10,2019-07-10 00:21:52,2.21,1.0,100,2.16,0.9773,100,2.22,1.0045,1,2.185,0.9886,0,0
SPY190712P299,2019-07-10,2019-07-10 00:21:54,2.21,1.0,100,2.16,0.9773,100,2.22,1.0045,1,2.185,0.9886,0,0
SPY190712P299,2019-07-10,2019-07-10 00:21:56,2.21,1.0,100,2.16,0.9773,100,2.22,1.0045,1,2.185,0.9886,0,0
SPY190712P299,2019-07-10,2019-07-10 00:21:58,2.21,1.0,100,2.16,0.9773,100,2.22,1.0045,1,2.185,0.9886,0,0
SPY190712P299,2019-07-10,2019-07-10 00:22:00,2.21,1.0,100,2.16,0.9773,100,2.22,1.0045,1,2.185,0.9886,0,0
SPY190712P299,2019-07-10,2019-07-10 00:22:01,2.21,1.0,100,2.16,0.9773,100,2.22,1.0045,1,2.185,0.9886,0,0
SPY190712P299,2019-07-10,2019-07-10 00:22:02,2.21,1.0,100,2.16,0.9773,100,2.22,1.0045,1,2.185,0.9886,0,0
SPY190712P299,2019-07-10,2019-07-10 00:45:16,2.21,1.0,100,2.16,0.9773,100,2.22,1.0045,1,2.185,0.9886,0,0
SPY190712P299,2019-07-10,2019-07-10 00:45:32,2.21,1.0,100,2.16,0.9773,100,2.22,1.0045,1,2.185,0.9886,0,0
SPY190712P299,2019-07-10,2019-07-10 00:45:38,2.21,1.0,100,2.16,0.9773,100,2.22,1.0045,1,2.185,0.9886,0,0
SPY190712P299,2019-07-10,2019-07-10 00:45:41,2.21,1.0,100,2.16,0.9773,100,2.22,1.0045,1,2.185,0.9886,0,0
SPY190712P299,2019-07-10,2019-07-10 00:45:44,2.21,1.0,100,2.16,0.9773,100,2.22,1.0045,1,2.185,0.9886,0,0
SPY190712P299,2019-07-10,2019-07-10 00:45:50,2.21,1.0,100,2.16,0.9773,100,2.22,1.0045,1,2.185,0.9886,0,0
SPY190712P299,2019-07-10,2019-07-10 00:45:53,2.21,1.0,100,2.16,0.9773,100,2.22,1.0045,1,2.185,0.9886,0,0
SPY190712P299,2019-07-10,2019-07-10 00:45:56,2.21,1.0,100,2.16,0.9773,100,2.22,1.0045,1,2.185,0.9886,0,0
SPY190712P299,2019-07-10,2019-07-10 00:45:59,2.21,1.0,100,2.16,0.9773,100,2.22,1.0045,1,2.185,0.9886,0,0
SPY190712P299,2019-07-10,2019-07-10 00:46:03,2.21,1.0,100,2.16,0.9773,100,2.22,1.0045,1,2.185,0.9886,0,0
SPY190712P299,2019-07-10,2019-07-10 00:46:07,2.21,1.0,100,2.16,0.9773,100,2.22,1.0045,1,2.185,0.9886,0,0
SPY190712P299,2019-07-10,2019-07-10 00:46:10,2.21,1.0,100,2.16,0.9773,100,2.22,1.0045,1,2.185,0.9886,0,0
SPY190712P299,2019-07-10,2019-07-10 00:46:13,2.21,1.0,100,2.16,0.9773,100,2.22,1.0045,1,2.185,0.9886,0,0
SPY190712P299,2019-07-10,2019-07-10 00:46:17,2.21,1.0,100,2.16,0.9773,100,2.22,1.0045,1,2.185,0.9886,0,0
SPY190712P299,2019-07-10,2019-07-10 00:46:22,2.21,1.0,100,2.16,0.9773,100,2.22,1.0045,1,2.185,0.9886,0,0
SPY190712P299,2019-07-10,2019-07-10 00:46:28,2.21,1.0,100,2.16,0.9773,100,2.22,1.0045,1,2.185,0.9886,0,0
SPY190712P299,2019-07-10,2019-07-10 00:46:31,2.21,1.0,100,2.16,0.9773,100,2.22,1.0045,1,2.185,0.9886,0,0
SPY190712P299,2019-07-10,2019-07-10 00:46:37,2.21,1.0,100,2.16,0.9773,100,2.22,1.0045,1,2.185,0.9886,0,0
SPY190712P299,2019-07-10,2019-07-10 00:46:41,2.21,1.0,100,2.16,0.9773,100,2.22,1.0045,1,2.185,0.9886,0,0
SPY190712P299,2019-07-10,2019-07-10 00:46:47,2.21,1.0,100,2.16,0.9773,100,2.22,1.0045,1,2.185,0.9886,0,0
SPY190712P299,2019-07-10,2019-07-10 00:46:49,2.21,1.0,100,2.16,0.9773,100,2.22,1.0045,1,2.185,0.9886,0,0
SPY190712P299,2019-07-10,2019-07-10 00:46:52,2.21,1.0,100,2.16,0.9773,100,2.22,1.0045,1,2.185,0.9886,0,0
SPY190712P299,2019-07-10,2019-07-10 00:46:55,2.21,1.0,100,2.16,0.9773,100,2.22,1.0045,1,2.185,0.9886,0,0
SPY190712P299,2019-07-10,2019-07-10 00:46:58,2.21,1.0,100,2.16,0.9773,100,2.22,1.0045,1,2.185,0.9886,0,0
SPY190712P299,2019-07-10,2019-07-10 00:47:04,2.21,1.0,100,2.16,0.9773,100,2.22,1.0045,1,2.185,0.9886,0,0
SPY190712P299,2019-07-10,2019-07-10 00:47:07,2.21,1.0,100,2.16,0.9773,100,2.22,1.0045,1,2.185,0.9886,0,0
SPY190712P299,2019-07-10,2019-07-10 00:47:10,2.21,1.0,100,2.16,0.9773,100,2.22,1.0045,1,2.185,0.9886,0,0
SPY190712P299,2019-07-10,2019-07-10 00:47:13,2.21,1.0,100,2.16,0.9773,100,2.22,1.0045,1,2.185,0.9886,0,0
SPY190712P299,2019-07-10,2019-07-10 00:47:16,2.21,1.0,100,2.16,0.9773,100,2.22,1.0045,1,2.185,0.9886,0,0
SPY190712P299,2019-07-10,2019-07-10 00:47:19,2.21,1.0,100,2.16,0.9773,100,2.22,1.0045,1,2.185,0.9886,0,0
SPY190712P299,2019-07-10,2019-07-10 00:47:23,2.21,1.0,100,2.16,0.9773,100,2.22,1.0045,1,2.185,0.9886,0,0
SPY190712P299,2019-07-10,2019-07-10 00:47:27,2.21,1.0,100,2.16,0.9773,100,2.22,1.0045,1,2.185,0.9886,0,0
SPY190712P299,2019-07-10,2019-07-10 00:47:31,2.21,1.0,100,2.16,0.9773,100,2.22,1.0045,1,2.185,0.9886,0,0
SPY190712P299,2019-07-10,2019-07-10 00:47:34,2.21,1.0,100,2.16,0.9773,100,2.22,1.0045,1,2.185,0.9886,0,0
SPY190712P299,2019-07-10,2019-07-10 00:47:38,2.21,1.0,100,2.16,0.9773,100,2.22,1.0045,1,2.185,0.9886,0,0
SPY190712P299,2019-07-10,2019-07-10 00:47:43,2.21,1.0,100,2.16,0.9773,100,2.22,1.0045,1,2.185,0.9886,0,0
SPY190712P299,2019-07-10,2019-07-10 00:47:48,2.21,1.0,100,2.16,0.9773,100,2.22,1.0045,1,2.185,0.9886,0,0
SPY190712P299,2019-07-10,2019-07-10 00:47:51,2.21,1.0,100,2.16,0.9773,100,2.22,1.0045,1,2.185,0.9886,0,0
SPY190712P299,2019-07-10,2019-07-10 00:47:54,2.21,1.0,100,2.16,0.9773,100,2.22,1.0045,1,2.185,0.9886,0,0
SPY190712P299,2019-07-10,2019-07-10 00:47:58,2.21,1.0,100,2.16,0.9773,100,2.22,1.0045,1,2.185,0.9886,0,0
SPY190712P299,2019-07-10,2019-07-10 00:48:00,2.21,1.0,100,2.16,0.9773,100,2.22,1.0045,1,2.185,0.9886,0,0
SPY190712P299,2019-07-10,2019-07-10 00:48:06,2.21,1.0,100,2.16,0.9773,100,2.22,1.0045,1,2.185,0.9886,0,0
SPY190712P299,2019-07-10,2019-07-10 00:48:10,2.21,1.0,100,2.16,0.9773,100,2.22,1.0045,1,2.185,0.9886,0,0
SPY190712P299,2019-07-10,2019-07-10 00:48:13,2.21,1.0,100,2.16,0.9773,100,2.22,1.0045,1,2.185,0.9886,0,0
SPY190712P299,2019-07-10,2019-07-10 00:48:16,2.21,1.0,100,2.16,0.9773,100,2.22,1.0045,1,2.185,0.9886,0,0
SPY190712P299,2019-07-10,2019-07-10 00:48:19,2.21,1.0,100,2.16,0.9773,100,2.22,1.0045,1,2.185,0.9886,0,0
SPY190712P299,2019-07-10,2019-07-10 00:48:23,2.21,1.0,100,2.16,0.9773,100,2.22,1.0045,1,2.185,0.9886,0,0
SPY190712P299,2019-07-10,2019-07-10 00:48:27,2.21,1.0,100,2.16,0.9773,100,2.22,1.0045,1,2.185,0.9886,0,0
SPY190712P299,2019-07-10,2019-07-10 00:48:34,2.21,1.0,100,2.16,0.9773,100,2.22,1.0045,1,2.185,0.9886,0,0
SPY190712P299,2019-07-10,2019-07-10 00:48:39,2.21,1.0,100,2.16,0.9773,100,2.22,1.0045,1,2.185,0.9886,0,0
SPY190712P299,2019-07-10,2019-07-10 00:48:44,2.21,1.0,100,2.16,0.9773,100,2.22,1.0045,1,2.185,0.9886,0,0
SPY190712P299,2019-07-10,2019-07-10 00:48:58,2.21,1.0,100,2.16,0.9773,100,2.22,1.0045,1,2.185,0.9886,0,0
SPY190712P299,2019-07-10,2019-07-10 00:49:12,2.21,1.0,100,2.16,0.9773,100,2.22,1.0045,1,2.185,0.9886,0,0
SPY190712P299,2019-07-10,2019-07-10 00:49:17,2.21,1.0,100,2.16,0.9773,100,2.22,1.0045,1,2.185,0.9886,0,0
SPY190712P299,2019-07-10,2019-07-10 00:49:22,2.21,1.0,100,2.16,0.9773,100,2.22,1.0045,1,2.185,0.9886,0,0
SPY190712P299,2019-07-10,2019-07-10 00:49:27,2.21,1.0,100,2.16,0.9773,100,2.22,1.0045,1,2.185,0.9886,0,0
SPY190712P299,2019-07-10,2019-07-10 00:49:41,2.21,1.0,100,2.16,0.9773,100,2.22,1.0045,1,2.185,0.9886,0,0
SPY190712P299,2019-07-10,2019-07-10 00:49:47,2.21,1.0,100,2.16,0.9773,100,2.22,1.0045,1,2.185,0.9886,0,0
SPY190712P299,2019-07-10,2019-07-10 00:49:53,2.21,1.0,100,2.16,0.9773,100,2.22,1.0045,1,2.185,0.9886,0,0
SPY190712P299,2019-07-10,2019-07-10 00:49:54,2.21,1.0,100,2.16,0.9773,100,2.22,1.0045,1,2.185,0.9886,0,0
SPY190712P299,2019-07-10,2019-07-10 00:49:55,2.21,1.0,100,2.16,0.9773,100,2.22,1.0045,1,2.185,0.9886,0,0
SPY190712P299,2019-07-10,2019-07-10 00:50:08,2.21,1.0,100,2.16,0.9773,100,2.22,1.0045,1,2.185,0.9886,0,0
SPY190712P299,2019-07-10,2019-07-10 00:50:18,2.21,1.0,100,2.16,0.9773,100,2.22,1.0045,1,2.185,0.9886,0,0
SPY190712P299,2019-07-10,2019-07-10 00:50:23,2.21,1.0,100,2.16,0.9773,100,2.22,1.0045,1,2.185,0.9886,0,0
SPY190712P299,2019-07-10,2019-07-10 00:50:30,2.21,1.0,100,2.16,0.9773,100,2.22,1.0045,1,2.185,0.9886,0,0
SPY190712P299,2019-07-10,2019-07-10 00:50:37,2.21,1.0,100,2.16,0.9773,100,2.22,1.0045,1,2.185,0.9886,0,0
SPY190712P299,2019-07-10,2019-07-10 00:50:42,2.21,1.0,100,2.16,0.9773,100,2.22,1.0045,1,2.185,0.9886,0,0
SPY190712P299,2019-07-10,2019-07-10 00:50:59,2.21,1.0,100,2.16,0.9773,100,2.22,1.0045,1,2.185,0.9886,0,0
SPY190712P299,2019-07-10,2019-07-10 00:51:04,2.21,1.0,100,2.16,0.9773,100,2.22,1.0045,1,2.185,0.9886,0,0
SPY190712P299,2019-07-10,2019-07-10 00:51:08,2.21,1.0,100,2.16,0.9773,100,2.22,1.0045,1,2.185,0.9886,0,0
SPY190712P299,2019-07-10,2019-07-10 00:51:11,2.21,1.0,100,2.16,0.9773,100,2.22,1.0045,1,2.185,0.9886,0,0
SPY190712P299,2019-07-10,2019-07-10 00:51:20,2.21,1.0,100,2.16,0.9773,100,2.22,1.0045,1,2.185,0.9886,0,0
SPY190712P299,2019-07-10,2019-07-10 00:51:23,2.21,1.0,100,2.16,0.9773,100,2.22,1.0045,1,2.185,0.9886,0,0
SPY190712P299,2019-07-10,2019-07-10 00:51:26,2.21,1.0,100,2.16,0.9773,100,2.22,1.0045,1,2.185,0.9886,0,0
SPY190712P299,2019-07-10,2019-07-10 00:51:29,2.21,1.0,100,2.16,0.9773,100,2.22,1.0045,1,2.185,0.9886,0,0
SPY190712P299,2019-07-10,2019-07-10 00:51:31,2.21,1.0,100,2.16,0.9773,100,2.22,1.0045,1,2.185,0.9886,0,0
SPY190712P299,2019-07-10,2019-07-10 00:51:34,2.21,1.0,100,2.16,0.9773,100,2.22,1.0045,1,2.185,0.9886,0,0
SPY190712P299,2019-07-10,2019-07-10 00:51:38,2.21,1.0,100,2.16,0.9773,100,2.22,1.0045,1,2.185,0.9886,0,0
SPY190712P299,2019-07-10,2019-07-10 00:51:41,2.21,1.0,100,2.16,0.9773,100,2.22,1.0045,1,2.185,0.9886,0,0
SPY190712P299,2019-07-10,2019-07-10 00:51:44,2.21,1.0,100,2.16,0.9773,100,2.22,1.0045,1,2.185,0.9886,0,0
SPY190712P299,2019-07-10,2019-07-10 00:51:48,2.21,1.0,100,2.16,0.9773,100,2.22,1.0045,1,2.185,0.9886,0,0
SPY190712P299,2019-07-10,2019-07-10 00:51:55,2.21,1.0,100,2.16,0.9773,100,2.22,1.0045,1,2.185,0.9886,0,0
SPY190712P299,2019-07-10,2019-07-10 00:51:59,2.21,1.0,100,2.16,0.9773,100,2.22,1.0045,1,2.185,0.9886,0,0
SPY190712P299,2019-07-10,2019-07-10 00:52:03,2.21,1.0,100,2.16,0.9773,100,2.22,1.0045,1,2.185,0.9886,0,0
SPY190712P299,2019-07-10,2019-07-10 00:52:06,2.21,1.0,100,2.16,0.9773,100,2.22,1.0045,1,2.185,0.9886,0,0
SPY190712P299,2019-07-10,2019-07-10 00:52:09,2.21,1.0,100,2.16,0.9773,100,2.22,1.0045,1,2.185,0.9886,0,0
SPY190712P299,2019-07-10,2019-07-10 00:52:13,2.21,1.0,100,2.16,0.9773,100,2.22,1.0045,1,2.185,0.9886,0,0
SPY190712P299,2019-07-10,2019-07-10 00:52:17,2.21,1.0,100,2.16,0.9773,100,2.22,1.0045,1,2.185,0.9886,0,0
SPY190712P299,2019-07-10,2019-07-10 00:52:21,2.21,1.0,100,2.16,0.9773,100,2.22,1.0045,1,2.185,0.9886,0,0
SPY190712P299,2019-07-10,2019-07-10 00:52:24,2.21,1.0,100,2.16,0.9773,100,2.22,1.0045,1,2.185,0.9886,0,0
SPY190712P299,2019-07-10,2019-07-10 00:52:28,2.21,1.0,100,2.16,0.9773,100,2.22,1.0045,1,2.185,0.9886,0,0
SPY190712P299,2019-07-10,2019-07-10 00:52:31,2.21,1.0,100,2.16,0.9773,100,2.22,1.0045,1,2.185,0.9886,0,0
SPY190712P299,2019-07-10,2019-07-10 00:52:35,2.21,1.0,100,2.16,0.9773,100,2.22,1.0045,1,2.185,0.9886,0,0
SPY190712P299,2019-07-10,2019-07-10 00:52:40,2.21,1.0,100,2.16,0.9773,100,2.22,1.0045,1,2.185,0.9886,0,0
SPY190712P299,2019-07-10,2019-07-10 00:52:43,2.21,1.0,100,2.16,0.9773,100,2.22,1.0045,1,2.185,0.9886,0,0
SPY190712P299,2019-07-10,2019-07-10 00:52:46,2.21,1.0,100,2.16,0.9773,100,2.22,1.0045,1,2.185,0.9886,0,0
SPY190712P299,2019-07-10,2019-07-10 00:52:49,2.21,1.0,100,2.16,0.9773,100,2.22,1.0045,1,2.185,0.9886,0,0
SPY190712P299,2019-07-10,2019-07-10 00:52:57,2.21,1.0,100,2.16,0.9773,100,2.22,1.0045,1,2.185,0.9886,0,0
SPY190712P299,2019-07-10,2019-07-10 00:53:03,2.21,1.0,100,2.16,0.9773,100,2.22,1.0045,1,2.185,0.9886,0,0
SPY190712P299,2019-07-10,2019-07-10 00:53:09,2.21,1.0,100,2.16,0.9773,100,2.22,1.0045,1,2.185,0.9886,0,0
SPY190712P299,2019-07-10,2019-07-10 00:53:14,2.21,1.0,100,2.16,0.9773,100,2.22,1.0045,1,2.185,0.9886,0,0
SPY190712P299,2019-07-10,2019-07-10 00:53:33,2.21,1.0,100,2.16,0.9773,100,2.22,1.0045,1,2.185,0.9886,0,0
SPY190712P299,2019-07-10,2019-07-10 00:53:39,2.21,1.0,100,2.16,0.9773,100,2.22,1.0045,1,2.185,0.9886,0,0
SPY190712P299,2019-07-10,2019-07-10 00:53:45,2.21,1.0,100,2.16,0.9773,100,2.22,1.0045,1,2.185,0.9886,0,0
SPY190712P299,2019-07-10,2019-07-10 00:53:48,2.21,1.0,100,2.16,0.9773,100,2.22,1.0045,1,2.185,0.9886,0,0
SPY190712P299,2019-07-10,2019-07-10 00:54:11,2.21,1.0,100,2.16,0.9773,100,2.22,1.0045,1,2.185,0.9886,0,0
SPY190712P299,2019-07-10,2019-07-10 00:54:14,2.21,1.0,100,2.16,0.9773,100,2.22,1.0045,1,2.185,0.9886,0,0
SPY190712P299,2019-07-10,2019-07-10 00:54:20,2.21,1.0,100,2.16,0.9773,100,2.22,1.0045,1,2.185,0.9886,0,0
SPY190712P299,2019-07-10,2019-07-10 00:54:33,2.21,1.0,100,2.16,0.9773,100,2.22,1.0045,1,2.185,0.9886,0,0
SPY190712P299,2019-07-10,2019-07-10 00:54:38,2.21,1.0,100,2.16,0.9773,100,2.22,1.0045,1,2.185,0.9886,0,0
SPY190712P299,2019-07-10,2019-07-10 00:54:39,2.21,1.0,100,2.16,0.9773,100,2.22,1.0045,1,2.185,0.9886,0,0
SPY190712P299,2019-07-10,2019-07-10 00:54:45,2.21,1.0,100,2.16,0.9773,100,2.22,1.0045,1,2.185,0.9886,0,0
SPY190712P299,2019-07-10,2019-07-10 00:54:52,2.21,1.0,100,2.16,0.9773,100,2.22,1.0045,1,2.185,0.9886,0,0
SPY190712P299,2019-07-10,2019-07-10 00:55:01,2.21,1.0,100,2.16,0.9773,100,2.22,1.0045,1,2.185,0.9886,0,0
SPY190712P299,2019-07-10,2019-07-10 00:55:07,2.21,1.0,100,2.16,0.9773,100,2.22,1.0045,1,2.185,0.9886,0,0
SPY190712P299,2019-07-10,2019-07-10 00:55:13,2.21,1.0,100,2.16,0.9773,100,2.22,1.0045,1,2.185,0.9886,0,0
SPY190712P299,2019-07-10,2019-07-10 00:55:22,2.21,1.0,100,2.16,0.9773,100,2.22,1.0045,1,2.185,0.9886,0,0
SPY190712P299,2019-07-10,2019-07-10 00:55:34,2.21,1.0,100,2.16,0.9773,100,2.22,1.0045,1,2.185,0.9886,0,0
SPY190712P299,2019-07-10,2019-07-10 00:55:36,2.21,1.0,100,2.16,0.9773,100,2.22,1.0045,1,2.185,0.9886,0,0
SPY190712P299,2019-07-10,2019-07-10 00:55:43,2.21,1.0,100,2.16,0.9773,100,2.22,1.0045,1,2.185,0.9886,0,0
SPY190712P299,2019-07-10,2019-07-10 00:55:57,2.21,1.0,100,2.16,0.9773,100,2.22,1.0045,1,2.185,0.9886,0,0
SPY190712P299,2019-07-10,2019-07-10 00:56:03,2.21,1.0,100,2.16,0.9773,100,2.22,1.0045,1,2.185,0.9886,0,0
SPY190712P299,2019-07-10,2019-07-10 00:56:07,2.21,1.0,100,2.16,0.9773,100,2.22,1.0045,1,2.185,0.9886,0,0
SPY190712P299,2019-07-10,2019-07-10 00:56:10,2.21,1.0,100,2.16,0.9773,100,2.22,1.0045,1,2.185,0.9886,0,0
SPY190712P299,2019-07-10,2019-07-10 00:56:18,2.21,1.0,100,2.16,0.9773,100,2.22,1.0045,1,2.185,0.9886,0,0
SPY190712P299,2019-07-10,2019-07-10 00:56:24,2.21,1.0,100,2.16,0.9773,100,2.22,1.0045,1,2.185,0.9886,0,0
SPY190712P299,2019-07-10,2019-07-10 00:56:27,2.21,1.0,100,2.16,0.9773,100,2.22,1.0045,1,2.185,0.9886,0,0
SPY190712P299,2019-07-10,2019-07-10 00:56:34,2.21,1.0,100,2.16,0.9773,100,2.22,1.0045,1,2.185,0.9886,0,0
SPY190712P299,2019-07-10,2019-07-10 00:56:37,2.21,1.0,100,2.16,0.9773,100,2.22,1.0045,1,2.185,0.9886,0,0
SPY190712P299,2019-07-10,2019-07-10 00:56:40,2.21,1.0,100,2.16,0.9773,100,2.22,1.0045,1,2.185,0.9886,0,0
SPY190712P299,2019-07-10,2019-07-10 00:56:43,2.21,1.0,100,2.16,0.9773,100,2.22,1.0045,1,2.185,0.9886,0,0
SPY190712P299,2019-07-10,2019-07-10 00:56:54,2.21,1.0,100,2.16,0.9773,100,2.22,1.0045,1,2.185,0.9886,0,0
SPY190712P299,2019-07-10,2019-07-10 00:56:55,2.21,1.0,100,2.16,0.9773,100,2.22,1.0045,1,2.185,0.9886,0,0
SPY190712P299,2019-07-10,2019-07-10 00:57:00,2.21,1.0,100,2.16,0.9773,100,2.22,1.0045,1,2.185,0.9886,0,0
SPY190712P299,2019-07-10,2019-07-10 00:57:06,2.21,1.0,100,2.16,0.9773,100,2.22,1.0045,1,2.185,0.9886,0,0
SPY190712P299,2019-07-10,2019-07-10 00:57:08,2.21,1.0,100,2.16,0.9773,100,2.22,1.0045,1,2.185,0.9886,0,0
SPY190712P299,2019-07-10,2019-07-10 00:57:11,2.21,1.0,100,2.16,0.9773,100,2.22,1.0045,1,2.185,0.9886,0,0
SPY190712P299,2019-07-10,2019-07-10 00:57:14,2.21,1.0,100,2.16,0.9773,100,2.22,1.0045,1,2.185,0.9886,0,0
SPY190712P299,2019-07-10,2019-07-10 00:57:17,2.21,1.0,100,2.16,0.9773,100,2.22,1.0045,1,2.185,0.9886,0,0
SPY190712P299,2019-07-10,2019-07-10 00:57:21,2.21,1.0,100,2.16,0.9773,100,2.22,1.0045,1,2.185,0.9886,0,0
SPY190712P299,2019-07-10,2019-07-10 00:57:29,2.21,1.0,100,2.16,0.9773,100,2.22,1.0045,1,2.185,0.9886,0,0
SPY190712P299,2019-07-10,2019-07-10 00:57:40,2.21,1.0,100,2.16,0.9773,100,2.22,1.0045,1,2.185,0.9886,0,0
SPY190712P299,2019-07-10,2019-07-10 00:57:49,2.21,1.0,100,2.16,0.9773,100,2.22,1.0045,1,2.185,0.9886,0,0
SPY190712P299,2019-07-10,2019-07-10 00:57:58,2.21,1.0,100,2.16,0.9773,100,2.22,1.0045,1,2.185,0.9886,0,0
SPY190712P299,2019-07-10,2019-07-10 00:58:09,2.21,1.0,100,2.16,0.9773,100,2.22,1.0045,1,2.185,0.9886,0,0
SPY190712P299,2019-07-10,2019-07-10 00:58:14,2.21,1.0,100,2.16,0.9773,100,2.22,1.0045,1,2.185,0.9886,0,0
SPY190712P299,2019-07-10,2019-07-10 00:58:20,2.21,1.0,100,2.16,0.9773,100,2.22,1.0045,1,2.185,0.9886,0,0
SPY190712P299,2019-07-10,2019-07-10 00:58:38,2.21,1.0,100,2.16,0.9773,100,2.22,1.0045,1,2.185,0.9886,0,0
SPY190712P299,2019-07-10,2019-07-10 00:58:44,2.21,1.0,100,2.16,0.9773,100,2.22,1.0045,1,2.185,0.9886,0,0
SPY190712P299,2019-07-10,2019-07-10 00:58:50,2.21,1.0,100,2.16,0.9773,100,2.22,1.0045,1,2.185,0.9886,0,0
SPY190712P299,2019-07-10,2019-07-10 00:58:56,2.21,1.0,100,2.16,0.9773,100,2.22,1.0045,1,2.185,0.9886,0,0
SPY190712P299,2019-07-10,2019-07-10 00:59:01,2.21,1.0,100,2.16,0.9773,100,2.22,1.0045,1,2.185,0.9886,0,0
SPY190712P299,2019-07-10,2019-07-10 00:59:13,2.21,1.0,100,2.16,0.9773,100,2.22,1.0045,1,2.185,0.9886,0,0
SPY190712P299,2019-07-10,2019-07-10 00:59:20,2.21,1.0,100,2.16,0.9773,100,2.22,1.0045,1,2.185,0.9886,0,0
SPY190712P299,2019-07-10,2019-07-10 00:59:21,2.21,1.0,100,2.16,0.9773,100,2.22,1.0045,1,2.185,0.9886,0,0
SPY190712P299,2019-07-10,2019-07-10 00:59:27,2.21,1.0,100,2.16,0.9773,100,2.22,1.0045,1,2.185,0.9886,0,0
SPY190712P299,2019-07-10,2019-07-10 00:59:35,2.21,1.0,100,2.16,0.9773,100,2.22,1.0045,1,2.185,0.9886,0,0
SPY190712P299,2019-07-10,2019-07-10 00:59:48,2.21,1.0,100,2.16,0.9773,100,2.22,1.0045,1,2.185,0.9886,0,0
SPY190712P299,2019-07-10,2019-07-10 00:59:50,2.21,1.0,100,2.16,0.9773,100,2.22,1.0045,1,2.185,0.9886,0,0
SPY190712P299,2019-07-10,2019-07-10 00:59:57,2.21,1.0,100,2.16,0.9773,100,2.22,1.0045,1,2.185,0.9886,0,0
SPY190712P299,2019-07-10,2019-07-10 01:00:09,2.21,1.0,100,2.16,0.9773,100,2.22,1.0045,1,2.185,0.9886,0,0
SPY190712P299,2019-07-10,2019-07-10 01:00:28,2.21,1.0,100,2.16,0.9773,100,2.22,1.0045,1,2.185,0.9886,0,0
SPY190712P299,2019-07-10,2019-07-10 01:00:31,2.21,1.0,100,2.16,0.9773,100,2.22,1.0045,1,2.185,0.9886,0,0
SPY190712P299,2019-07-10,2019-07-10 01:01:14,2.21,1.0,100,2.16,0.9773,100,2.22,1.0045,1,2.185,0.9886,0,0
SPY190712P299,2019-07-10,2019-07-10 01:01:23,2.21,1.0,100,2.16,0.9773,100,2.22,1.0045,1,2.185,0.9886,0,0
SPY190712P299,2019-07-10,2019-07-10 01:01:31,2.21,1.0,100,2.16,0.9773,100,2.22,1.0045,1,2.185,0.9886,0,0
SPY190712P299,2019-07-10,2019-07-10 01:01:38,2.21,1.0,100,2.16,0.9773,100,2.22,1.0045,1,2.185,0.9886,0,0
SPY190712P299,2019-07-10,2019-07-10 01:01:46,2.21,1.0,100,2.16,0.9773,100,2.22,1.0045,1,2.185,0.9886,0,0
SPY190712P299,2019-07-10,2019-07-10 01:01:50,2.21,1.0,100,2.16,0.9773,100,2.22,1.0045,1,2.185,0.9886,0,0
SPY190712P299,2019-07-10,2019-07-10 01:01:53,2.21,1.0,100,2.16,0.9773,100,2.22,1.0045,1,2.185,0.9886,0,0
SPY190712P299,2019-07-10,2019-07-10 01:01:57,2.21,1.0,100,2.16,0.9773,100,2.22,1.0045,1,2.185,0.9886,0,0
SPY190712P299,2019-07-10,2019-07-10 01:02:00,2.21,1.0,100,2.16,0.9773,100,2.22,1.0045,1,2.185,0.9886,0,0
SPY190712P299,2019-07-10,2019-07-10 01:02:04,2.21,1.0,100,2.16,0.9773,100,2.22,1.0045,1,2.185,0.9886,0,0
SPY190712P299,2019-07-10,2019-07-10 01:02:08,2.21,1.0,100,2.16,0.9773,100,2.22,1.0045,1,2.185,0.9886,0,0
SPY190712P299,2019-07-10,2019-07-10 01:02:11,2.21,1.0,100,2.16,0.9773,100,2.22,1.0045,1,2.185,0.9886,0,0
SPY190712P299,2019-07-10,2019-07-10 01:02:14,2.21,1.0,100,2.16,0.9773,100,2.22,1.0045,1,2.185,0.9886,0,0
SPY190712P299,2019-07-10,2019-07-10 01:02:24,2.21,1.0,100,2.16,0.9773,100,2.22,1.0045,1,2.185,0.9886,0,0
SPY190712P299,2019-07-10,2019-07-10 01:02:27,2.21,1.0,100,2.16,0.9773,100,2.22,1.0045,1,2.185,0.9886,0,0
SPY190712P299,2019-07-10,2019-07-10 01:02:30,2.21,1.0,100,2.16,0.9773,100,2.22,1.0045,1,2.185,0.9886,0,0
SPY190712P299,2019-07-10,2019-07-10 01:02:33,2.21,1.0,100,2.16,0.9773,100,2.22,1.0045,1,2.185,0.9886,0,0
SPY190712P299,2019-07-10,2019-07-10 01:02:36,2.21,1.0,100,2.16,0.9773,100,2.22,1.0045,1,2.185,0.9886,0,0
SPY190712P299,2019-07-10,2019-07-10 01:02:40,2.21,1.0,100,2.16,0.9773,100,2.22,1.0045,1,2.185,0.9886,0,0
SPY190712P299,2019-07-10,2019-07-10 01:02:43,2.21,1.0,100,2.16,0.9773,100,2.22,1.0045,1,2.185,0.9886,0,0
SPY190712P299,2019-07-10,2019-07-10 01:02:45,2.21,1.0,100,2.16,0.9773,100,2.22,1.0045,1,2.185,0.9886,0,0
SPY190712P299,2019-07-10,2019-07-10 01:02:48,2.21,1.0,100,2.16,0.9773,100,2.22,1.0045,1,2.185,0.9886,0,0
SPY190712P299,2019-07-10,2019-07-10 01:03:00,2.21,1.0,100,2.16,0.9773,100,2.22,1.0045,1,2.185,0.9886,0,0
SPY190712P299,2019-07-10,2019-07-10 01:03:06,2.21,1.0,100,2.16,0.9773,100,2.22,1.0045,1,2.185,0.9886,0,0
SPY190712P299,2019-07-10,2019-07-10 01:03:11,2.21,1.0,100,2.16,0.9773,100,2.22,1.0045,1,2.185,0.9886,0,0
SPY190712P299,2019-07-10,2019-07-10 01:03:21,2.21,1.0,100,2.16,0.9773,100,2.22,1.0045,1,2.185,0.9886,0,0
SPY190712P299,2019-07-10,2019-07-10 01:03:26,2.21,1.0,100,2.16,0.9773,100,2.22,1.0045,1,2.185,0.9886,0,0
SPY190712P299,2019-07-10,2019-07-10 01:03:30,2.21,1.0,100,2.16,0.9773,100,2.22,1.0045,1,2.185,0.9886,0,0
SPY190712P299,2019-07-10,2019-07-10 01:03:35,2.21,1.0,100,2.16,0.9773,100,2.22,1.0045,1,2.185,0.9886,0,0
SPY190712P299,2019-07-10,2019-07-10 01:03:41,2.21,1.0,100,2.16,0.9773,100,2.22,1.0045,1,2.185,0.9886,0,0
SPY190712P299,2019-07-10,2019-07-10 01:03:47,2.21,1.0,100,2.16,0.9773,100,2.22,1.0045,1,2.185,0.9886,0,0
SPY190712P299,2019-07-10,2019-07-10 01:03:53,2.21,1.0,100,2.16,0.9773,100,2.22,1.0045,1,2.185,0.9886,0,0
SPY190712P299,2019-07-10,2019-07-10 01:03:59,2.21,1.0,100,2.16,0.9773,100,2.22,1.0045,1,2.185,0.9886,0,0
SPY190712P299,2019-07-10,2019-07-10 01:04:06,2.21,1.0,100,2.16,0.9773,100,2.22,1.0045,1,2.185,0.9886,0,0
SPY190712P299,2019-07-10,2019-07-10 01:04:13,2.21,1.0,100,2.16,0.9773,100,2.22,1.0045,1,2.185,0.9886,0,0
SPY190712P299,2019-07-10,2019-07-10 01:04:19,2.21,1.0,100,2.16,0.9773,100,2.22,1.0045,1,2.185,0.9886,0,0
SPY190712P299,2019-07-10,2019-07-10 01:04:28,2.21,1.0,100,2.16,0.9773,100,2.22,1.0045,1,2.185,0.9886,0,0
SPY190712P299,2019-07-10,2019-07-10 01:04:44,2.21,1.0,100,2.16,0.9773,100,2.22,1.0045,1,2.185,0.9886,0,0
SPY190712P299,2019-07-10,2019-07-10 01:04:51,2.21,1.0,100,2.16,0.9773,100,2.22,1.0045,1,2.185,0.9886,0,0
SPY190712P299,2019-07-10,2019-07-10 01:04:59,2.21,1.0,100,2.16,0.9773,100,2.22,1.0045,1,2.185,0.9886,0,0
SPY190712P299,2019-07-10,2019-07-10 01:05:08,2.21,1.0,100,2.16,0.9773,100,2.22,1.0045,1,2.185,0.9886,0,0
SPY190712P299,2019-07-10,2019-07-10 01:05:17,2.21,1.0,100,2.16,0.9773,100,2.22,1.0045,1,2.185,0.9886,0,0
SPY190712P299,2019-07-10,2019-07-10 01:05:25,2.21,1.0,100,2.16,0.9773,100,2.22,1.0045,1,2.185,0.9886,0,0
SPY190712P299,2019-07-10,2019-07-10 01:05:40,2.21,1.0,100,2.16,0.9773,100,2.22,1.0045,1,2.185,0.9886,0,0
SPY190712P299,2019-07-10,2019-07-10 01:05:46,2.21,1.0,100,2.16,0.9773,100,2.22,1.0045,1,2.185,0.9886,0,0
SPY190712P299,2019-07-10,2019-07-10 01:05:53,2.21,1.0,100,2.16,0.9773,100,2.22,1.0045,1,2.185,0.9886,0,0
SPY190712P299,2019-07-10,2019-07-10 01:05:54,2.21,1.0,100,2.16,0.9773,100,2.22,1.0045,1,2.185,0.9886,0,0
SPY190712P299,2019-07-10,2019-07-10 01:06:01,2.21,1.0,100,2.16,0.9773,100,2.22,1.0045,1,2.185,0.9886,0,0
SPY190712P299,2019-07-10,2019-07-10 01:06:07,2.21,1.0,100,2.16,0.9773,100,2.22,1.0045,1,2.185,0.9886,0,0
SPY190712P299,2019-07-10,2019-07-10 01:06:14,2.21,1.0,100,2.16,0.9773,100,2.22,1.0045,1,2.185,0.9886,0,0
SPY190712P299,2019-07-10,2019-07-10 01:06:20,2.21,1.0,100,2.16,0.9773,100,2.22,1.0045,1,2.185,0.9886,0,0
SPY190712P299,2019-07-10,2019-07-10 01:06:24,2.21,1.0,100,2.16,0.9773,100,2.22,1.0045,1,2.185,0.9886,0,0
SPY190712P299,2019-07-10,2019-07-10 01:06:28,2.21,1.0,100,2.16,0.9773,100,2.22,1.0045,1,2.185,0.9886,0,0
SPY190712P299,2019-07-10,2019-07-10 01:06:33,2.21,1.0,100,2.16,0.9773,100,2.22,1.0045,1,2.185,0.9886,0,0
SPY190712P299,2019-07-10,2019-07-10 01:06:38,2.21,1.0,100,2.16,0.9773,100,2.22,1.0045,1,2.185,0.9886,0,0
SPY190712P299,2019-07-10,2019-07-10 01:06:42,2.21,1.0,100,2.16,0.9773,100,2.22,1.0045,1,2.185,0.9886,0,0
SPY190712P299,2019-07-10,2019-07-10 01:06:51,2.21,1.0,100,2.16,0.9773,100,2.22,1.0045,1,2.185,0.9886,0,0
SPY190712P299,2019-07-10,2019-07-10 01:06:55,2.21,1.0,100,2.16,0.9773,100,2.22,1.0045,1,2.185,0.9886,0,0
SPY190712P299,2019-07-10,2019-07-10 01:06:58,2.21,1.0,100,2.16,0.9773,100,2.22,1.0045,1,2.185,0.9886,0,0
SPY190712P299,2019-07-10,2019-07-10 01:07:01,2.21,1.0,100,2.16,0.9773,100,2.22,1.0045,1,2.185,0.9886,0,0
SPY190712P299,2019-07-10,2019-07-10 01:07:05,2.21,1.0,100,2.16,0.9773,100,2.22,1.0045,1,2.185,0.9886,0,0
SPY190712P299,2019-07-10,2019-07-10 01:07:09,2.21,1.0,100,2.16,0.9773,100,2.22,1.0045,1,2.185,0.9886,0,0
SPY190712P299,2019-07-10,2019-07-10 01:07:13,2.21,1.0,100,2.16,0.9773,100,2.22,1.0045,1,2.185,0.9886,0,0
SPY190712P299,2019-07-10,2019-07-10 01:07:17,2.21,1.0,100,2.16,0.9773,100,2.22,1.0045,1,2.185,0.9886,0,0
SPY190712P299,2019-07-10,2019-07-10 01:07:21,2.21,1.0,100,2.16,0.9773,100,2.22,1.0045,1,2.185,0.9886,0,0
SPY190712P299,2019-07-10,2019-07-10 01:07:25,2.21,1.0,100,2.16,0.9773,100,2.22,1.0045,1,2.185,0.9886,0,0
SPY190712P299,2019-07-10,2019-07-10 01:07:29,2.21,1.0,100,2.16,0.9773,100,2.22,1.0045,1,2.185,0.9886,0,0
SPY190712P299,2019-07-10,2019-07-10 01:07:32,2.21,1.0,100,2.16,0.9773,100,2.22,1.0045,1,2.185,0.9886,0,0
SPY190712P299,2019-07-10,2019-07-10 01:07:37,2.21,1.0,100,2.16,0.9773,100,2.22,1.0045,1,2.185,0.9886,0,0
SPY190712P299,2019-07-10,2019-07-10 01:07:41,2.21,1.0,100,2.16,0.9773,100,2.22,1.0045,1,2.185,0.9886,0,0
SPY190712P299,2019-07-10,2019-07-10 01:07:44,2.21,1.0,100,2.16,0.9773,100,2.22,1.0045,1,2.185,0.9886,0,0
SPY190712P299,2019-07-10,2019-07-10 01:07:47,2.21,1.0,100,2.16,0.9773,100,2.22,1.0045,1,2.185,0.9886,0,0
SPY190712P299,2019-07-10,2019-07-10 01:07:50,2.21,1.0,100,2.16,0.9773,100,2.22,1.0045,1,2.185,0.9886,0,0
SPY190712P299,2019-07-10,2019-07-10 01:07:54,2.21,1.0,100,2.16,0.9773,100,2.22,1.0045,1,2.185,0.9886,0,0
SPY190712P299,2019-07-10,2019-07-10 01:07:57,2.21,1.0,100,2.16,0.9773,100,2.22,1.0045,1,2.185,0.9886,0,0
SPY190712P299,2019-07-10,2019-07-10 01:08:01,2.21,1.0,100,2.16,0.9773,100,2.22,1.0045,1,2.185,0.9886,0,0
SPY190712P299,2019-07-10,2019-07-10 03:04:28,2.21,1.0,100,2.16,0.9773,100,2.22,1.0045,1,2.185,0.9886,0,0
SPY190712P299,2019-07-10,2019-07-10 03:04:29,2.21,1.0,100,2.16,0.9773,100,2.22,1.0045,1,2.185,0.9886,0,0
SPY190712P299,2019-07-10,2019-07-10 03:04:30,2.21,1.0,100,2.16,0.9773,100,2.22,1.0045,1,2.185,0.9886,0,0
SPY190712P299,2019-07-10,2019-07-10 03:04:31,2.21,1.0,100,2.16,0.9773,100,2.22,1.0045,1,2.185,0.9886,0,0
SPY190712P299,2019-07-10,2019-07-10 09:27:28,2.21,1.0,100,2.16,0.9773,100,2.22,1.0045,1,2.185,0.9886,0,0
SPY190712P299,2019-07-10,2019-07-10 09:29:32,1.5,0.6787,85,1.47,0.6651,1,1.5,0.6787,7,1.485,0.6719,0,0
SPY190712P299,2019-07-10,2019-07-10 09:29:33,1.49,0.6742,315,1.47,0.6651,1,1.5,0.6787,7,1.48,0.6696,0,0
SPY190712P299,2019-07-10,2019-07-10 09:29:34,1.47,0.6651,1,1.45,0.6561,119,1.5,0.6787,7,1.46,0.6606,0,0
SPY190712P299,2019-07-10,2019-07-10 09:29:35,1.48,0.6696,284,1.45,0.6561,40,1.5,0.6787,7,1.465,0.6628,0,0
SPY190712P299,2019-07-10,2019-07-10 09:29:35,1.48,0.6696,192,1.45,0.6561,40,1.5,0.6787,7,1.465,0.6628,0,0
SPY190712P299,2019-07-10,2019-07-10 09:29:36,1.48,0.6696,72,1.46,0.6606,27,1.5,0.6787,7,1.47,0.6651,0,0
SPY190712P299,2019-07-10,2019-07-10 09:29:37,1.49,0.6742,239,1.46,0.6606,70,1.5,0.6787,7,1.475,0.6674,0,0
SPY190712P299,2019-07-10,2019-07-10 09:29:37,1.49,0.6742,342,1.46,0.6606,65,1.5,0.6787,7,1.475,0.6674,0,0
SPY190712P299,2019-07-10,2019-07-10 09:29:38,1.49,0.6742,239,1.46,0.6606,65,1.5,0.6787,7,1.475,0.6674,0,0
SPY190712P299,2019-07-10,2019-07-10 09:29:39,1.49,0.6742,132,1.45,0.6561,132,1.5,0.6787,7,1.47,0.6651,0,0
SPY190712P299,2019-07-10,2019-07-10 09:29:39,1.49,0.6742,132,1.47,0.6651,1,1.5,0.6787,7,1.48,0.6696,0,0
SPY190712P299,2019-07-10,2019-07-10 09:29:40,1.48,0.6696,1,1.47,0.6651,1,1.5,0.6787,7,1.475,0.6674,0,0
SPY190712P299,2019-07-10,2019-07-10 09:29:41,1.47,0.6651,1,1.45,0.6561,127,1.5,0.6787,7,1.46,0.6606,0,0
SPY190712P299,2019-07-10,2019-07-10 09:29:41,1.47,0.6651,1,1.45,0.6561,33,1.5,0.6787,7,1.46,0.6606,0,0
SPY190712P299,2019-07-10,2019-07-10 09:29:42,1.46,0.6606,128,1.43,0.647,67,1.5,0.6787,7,1.445,0.6538,0,0
SPY190712P299,2019-07-10,2019-07-10 09:29:43,1.46,0.6606,5,1.44,0.6515,1,1.5,0.6787,7,1.45,0.6561,0,0
SPY190712P299,2019-07-10,2019-07-10 09:29:44,1.48,0.6696,92,1.45,0.6561,111,1.5,0.6787,7,1.465,0.6628,0,0
SPY190712P299,2019-07-10,2019-07-10 09:29:44,1.48,0.6696,60,1.43,0.647,101,1.5,0.6787,7,1.455,0.6583,0,0
SPY190712P299,2019-07-10,2019-07-10 09:29:45,1.47,0.6651,92,1.45,0.6561,40,1.5,0.6787,7,1.46,0.6606,0,0
SPY190712P299,2019-07-10,2019-07-10 09:29:46,1.46,0.6606,1,1.44,0.6515,44,1.5,0.6787,7,1.45,0.6561,0,0
SPY190712P299,2019-07-10,2019-07-10 09:29:46,1.47,0.6651,46,1.45,0.6561,1,1.5,0.6787,7,1.46,0.6606,0,0
SPY190712P299,2019-07-10,2019-07-10 09:29:47,1.44,0.6515,80,1.43,0.647,10,1.5,0.6787,7,1.435,0.6493,0,0
SPY190712P299,2019-07-10,2019-07-10 09:29:47,1.46,0.6606,1,1.42,0.6425,60,1.5,0.6787,7,1.44,0.6515,0,0
SPY190712P299,2019-07-10,2019-07-10 09:29:48,1.44,0.6515,5,1.42,0.6425,1,1.5,0.6787,7,1.43,0.647,0,0
SPY190712P299,2019-07-10,2019-07-10 09:29:49,1.44,0.6515,132,1.42,0.6425,1,1.5,0.6787,7,1.43,0.647,0,0
SPY190712P299,2019-07-10,2019-07-10 09:29:50,1.44,0.6515,132,1.42,0.6425,10,1.5,0.6787,7,1.43,0.647,0,0
SPY190712P299,2019-07-10,2019-07-10 09:29:50,1.44,0.6515,132,1.42,0.6425,1,1.5,0.6787,7,1.43,0.647,0,0
SPY190712P299,2019-07-10,2019-07-10 09:29:51,1.42,0.6425,5,1.41,0.638,10,1.5,0.6787,7,1.415,0.6402,0,0
SPY190712P299,2019-07-10,2019-07-10 09:29:52,1.41,0.638,5,1.38,0.6244,92,1.5,0.6787,7,1.395,0.6312,0,0
SPY190712P299,2019-07-10,2019-07-10 09:29:52,1.41,0.638,92,1.38,0.6244,92,1.5,0.6787,7,1.395,0.6312,0,0
SPY190712P299,2019-07-10,2019-07-10 09:29:53,1.41,0.638,5,1.39,0.6289,1,1.5,0.6787,7,1.4,0.6334,0,0
SPY190712P299,2019-07-10,2019-07-10 09:29:54,1.42,0.6425,134,1.4,0.6334,1,1.5,0.6787,7,1.41,0.638,0,0
SPY190712P299,2019-07-10,2019-07-10 09:29:55,1.42,0.6425,129,1.4,0.6334,10,1.5,0.6787,7,1.41,0.638,0,0
SPY190712P299,2019-07-10,2019-07-10 09:29:55,1.42,0.6425,134,1.4,0.6334,1,1.5,0.6787,7,1.41,0.638,0,0
SPY190712P299,2019-07-10,2019-07-10 09:29:56,1.42,0.6425,129,1.4,0.6334,10,1.5,0.6787,7,1.41,0.638,0,0
SPY190712P299,2019-07-10,2019-07-10 09:29:57,1.43,0.647,40,1.4,0.6334,41,1.5,0.6787,7,1.415,0.6402,0,0
SPY190712P299,2019-07-10,2019-07-10 09:29:57,1.43,0.647,40,1.41,0.638,7,1.5,0.6787,7,1.42,0.6425,0,0
SPY190712P299,2019-07-10,2019-07-10 09:29:58,1.43,0.647,54,1.41,0.638,1,1.5,0.6787,7,1.42,0.6425,0,0
SPY190712P299,2019-07-10,2019-07-10 09:29:58,1.43,0.647,5,1.41,0.638,1,1.5,0.6787,7,1.42,0.6425,0,0
SPY190712P299,2019-07-10,2019-07-10 09:29:59,1.44,0.6515,89,1.42,0.6425,1,1.5,0.6787,7,1.43,0.647,0,0
SPY190712P299,2019-07-10,2019-07-10 09:30:00,1.44,0.6515,89,1.42,0.6425,1,1.5,0.6787,7,1.43,0.647,0,0
SPY190712P299,2019-07-10,2019-07-10 09:30:00,1.45,0.6561,69,1.42,0.6425,204,1.5,0.6787,7,1.435,0.6493,0,0
SPY190712P299,2019-07-10,2019-07-10 09:30:02,1.46,0.6606,124,1.42,0.6425,125,1.5,0.6787,7,1.44,0.6515,0,0
SPY190712P299,2019-07-10,2019-07-10 09:30:05,1.42,0.6425,196,1.39,0.6289,96,1.5,0.6787,7,1.405,0.6357,0,0
SPY190712P299,2019-07-10,2019-07-10 09:30:06,1.4,0.6334,66,1.37,0.6199,67,1.37,0.6199,3,1.385,0.6266,0,0
SPY190712P299,2019-07-10,2019-07-10 09:30:06,1.4,0.6334,46,1.37,0.6199,67,1.5,0.6787,7,1.385,0.6266,0,0
SPY190712P299,2019-07-10,2019-07-10 09:30:07,1.4,0.6334,75,1.38,0.6244,1,1.37,0.6199,3,1.39,0.6289,0,0
SPY190712P299,2019-07-10,2019-07-10 09:30:07,1.39,0.6289,7,1.38,0.6244,1,1.37,0.6199,3,1.385,0.6266,0,0
SPY190712P299,2019-07-10,2019-07-10 09:30:08,1.38,0.6244,1,1.37,0.6199,50,1.37,0.6199,3,1.375,0.6221,0,0
SPY190712P299,2019-07-10,2019-07-10 09:30:09,1.38,0.6244,7,1.36,0.6153,136,1.37,0.6199,3,1.37,0.6199,0,0
SPY190712P299,2019-07-10,2019-07-10 09:30:09,1.38,0.6244,7,1.36,0.6153,134,1.37,0.6199,3,1.37,0.6199,0,0
SPY190712P299,2019-07-10,2019-07-10 09:30:10,1.38,0.6244,40,1.36,0.6153,41,1.37,0.6199,3,1.37,0.6199,0,0
SPY190712P299,2019-07-10,2019-07-10 09:30:10,1.38,0.6244,113,1.35,0.6108,50,1.37,0.6199,3,1.365,0.6176,0,0
SPY190712P299,2019-07-10,2019-07-10 09:30:11,1.38,0.6244,48,1.35,0.6108,134,1.37,0.6199,3,1.365,0.6176,0,0
SPY190712P299,2019-07-10,2019-07-10 09:30:11,1.38,0.6244,40,1.35,0.6108,134,1.37,0.6199,3,1.365,0.6176,0,0
SPY190712P299,2019-07-10,2019-07-10 09:30:12,1.37,0.6199,40,1.35,0.6108,89,1.37,0.6199,3,1.36,0.6153,0,0
SPY190712P299,2019-07-10,2019-07-10 09:30:12,1.38,0.6244,41,1.36,0.6153,7,1.37,0.6199,3,1.37,0.6199,0,0
SPY190712P299,2019-07-10,2019-07-10 09:30:13,1.38,0.6244,41,1.36,0.6153,50,1.37,0.6199,3,1.37,0.6199,0,0
SPY190712P299,2019-07-10,2019-07-10 09:30:14,1.39,0.6289,156,1.36,0.6153,56,1.37,0.6199,3,1.375,0.6221,0,0
SPY190712P299,2019-07-10,2019-07-10 09:30:14,1.38,0.6244,40,1.36,0.6153,50,1.37,0.6199,3,1.37,0.6199,0,0
SPY190712P299,2019-07-10,2019-07-10 09:30:15,1.38,0.6244,1,1.36,0.6153,129,1.38,0.6244,1,1.37,0.6199,0,0
SPY190712P299,2019-07-10,2019-07-10 09:30:15,1.39,0.6289,6,1.36,0.6153,20,1.37,0.6199,3,1.375,0.6221,0,0
SPY190712P299,2019-07-10,2019-07-10 09:30:16,1.38,0.6244,1,1.36,0.6153,17,1.38,0.6244,1,1.37,0.6199,0,0
SPY190712P299,2019-07-10,2019-07-10 09:30:16,1.38,0.6244,1,1.36,0.6153,94,1.38,0.6244,1,1.37,0.6199,0,0
SPY190712P299,2019-07-10,2019-07-10 09:30:17,1.37,0.6199,1,1.35,0.6108,94,1.38,0.6244,1,1.36,0.6153,0,0
SPY190712P299,2019-07-10,2019-07-10 09:30:17,1.37,0.6199,1,1.35,0.6108,107,1.38,0.6244,1,1.36,0.6153,0,0
SPY190712P299,2019-07-10,2019-07-10 09:30:18,1.37,0.6199,1,1.35,0.6108,99,1.38,0.6244,1,1.36,0.6153,0,0
SPY190712P299,2019-07-10,2019-07-10 09:30:19,1.38,0.6244,50,1.36,0.6153,20,1.38,0.6244,1,1.37,0.6199,0,0
SPY190712P299,2019-07-10,2019-07-10 09:30:19,1.37,0.6199,1,1.36,0.6153,10,1.38,0.6244,1,1.365,0.6176,0,0
SPY190712P299,2019-07-10,2019-07-10 09:30:20,1.37,0.6199,1,1.36,0.6153,20,1.38,0.6244,1,1.365,0.6176,0,0
SPY190712P299,2019-07-10,2019-07-10 09:30:21,1.37,0.6199,1,1.35,0.6108,10,1.38,0.6244,1,1.36,0.6153,0,0
SPY190712P299,2019-07-10,2019-07-10 09:30:21,1.37,0.6199,1,1.35,0.6108,129,1.38,0.6244,1,1.36,0.6153,0,0
SPY190712P299,2019-07-10,2019-07-10 09:30:22,1.37,0.6199,7,1.35,0.6108,20,1.38,0.6244,1,1.36,0.6153,0,0
SPY190712P299,2019-07-10,2019-07-10 09:30:23,1.38,0.6244,30,1.34,0.6063,10,1.38,0.6244,1,1.36,0.6153,0,0
SPY190712P299,2019-07-10,2019-07-10 09:30:24,1.36,0.6153,168,1.34,0.6063,7,1.38,0.6244,1,1.35,0.6108,0,0
SPY190712P299,2019-07-10,2019-07-10 09:30:24,1.36,0.6153,112,1.34,0.6063,20,1.38,0.6244,1,1.35,0.6108,0,0
SPY190712P299,2019-07-10,2019-07-10 09:30:25,1.36,0.6153,45,1.33,0.6018,20,1.34,0.6063,5,1.345,0.6085,0,0
SPY190712P299,2019-07-10,2019-07-10 09:30:25,1.35,0.6108,40,1.32,0.5972,10,1.34,0.6063,5,1.335,0.604,0,0
SPY190712P299,2019-07-10,2019-07-10 09:30:26,1.36,0.6153,193,1.32,0.5972,135,1.34,0.6063,5,1.34,0.6063,0,0
SPY190712P299,2019-07-10,2019-07-10 09:30:27,1.36,0.6153,78,1.33,0.6018,91,1.34,0.6063,5,1.345,0.6085,0,0
SPY190712P299,2019-07-10,2019-07-10 09:30:27,1.35,0.6108,103,1.32,0.5972,144,1.34,0.6063,5,1.335,0.604,0,0
SPY190712P299,2019-07-10,2019-07-10 09:30:28,1.36,0.6153,123,1.33,0.6018,146,1.34,0.6063,5,1.345,0.6085,0,0
SPY190712P299,2019-07-10,2019-07-10 09:30:28,1.36,0.6153,123,1.34,0.6063,11,1.34,0.6063,5,1.35,0.6108,0,0
SPY190712P299,2019-07-10,2019-07-10 09:30:29,1.36,0.6153,123,1.34,0.6063,11,1.34,0.6063,5,1.35,0.6108,0,0
SPY190712P299,2019-07-10,2019-07-10 09:30:29,1.36,0.6153,136,1.33,0.6018,119,1.34,0.6063,5,1.345,0.6085,0,0
SPY190712P299,2019-07-10,2019-07-10 09:30:30,1.36,0.6153,57,1.34,0.6063,7,1.34,0.6063,5,1.35,0.6108,0,0
SPY190712P299,2019-07-10,2019-07-10 09:30:31,1.36,0.6153,102,1.34,0.6063,20,1.34,0.6063,5,1.35,0.6108,0,0
SPY190712P299,2019-07-10,2019-07-10 09:30:31,1.35,0.6108,1,1.34,0.6063,1,1.34,0.6063,5,1.345,0.6085,0,0
SPY190712P299,2019-07-10,2019-07-10 09:30:32,1.34,0.6063,1,1.33,0.6018,10,1.34,0.6063,1,1.335,0.604,0,0
SPY190712P299,2019-07-10,2019-07-10 09:30:32,1.36,0.6153,114,1.34,0.6063,20,1.34,0.6063,5,1.35,0.6108,0,0
SPY190712P299,2019-07-10,2019-07-10 09:30:33,1.35,0.6108,228,1.32,0.5972,38,1.34,0.6063,1,1.335,0.604,0,0
SPY190712P299,2019-07-10,2019-07-10 09:30:34,1.35,0.6108,51,1.33,0.6018,1,1.34,0.6063,1,1.34,0.6063,0,0
SPY190712P299,2019-07-10,2019-07-10 09:30:34,1.35,0.6108,115,1.33,0.6018,1,1.34,0.6063,1,1.34,0.6063,0,0
SPY190712P299,2019-07-10,2019-07-10 09:30:35,1.35,0.6108,100,1.31,0.5927,136,1.33,0.6018,10,1.33,0.6018,0,0
SPY190712P299,2019-07-10,2019-07-10 09:30:35,1.35,0.6108,34,1.33,0.6018,10,1.34,0.6063,1,1.34,0.6063,0,0
SPY190712P299,2019-07-10,2019-07-10 09:30:36,1.34,0.6063,1,1.32,0.5972,131,1.33,0.6018,10,1.33,0.6018,0,0
SPY190712P299,2019-07-10,2019-07-10 09:30:36,1.35,0.6108,166,1.32,0.5972,131,1.33,0.6018,10,1.335,0.604,0,0
SPY190712P299,2019-07-10,2019-07-10 09:30:37,1.34,0.6063,1,1.32,0.5972,146,1.33,0.6018,10,1.33,0.6018,0,0
SPY190712P299,2019-07-10,2019-07-10 09:30:37,1.35,0.6108,172,1.32,0.5972,146,1.33,0.6018,10,1.335,0.604,0,0
SPY190712P299,2019-07-10,2019-07-10 09:30:38,1.34,0.6063,1,1.32,0.5972,146,1.33,0.6018,10,1.33,0.6018,0,0
SPY190712P299,2019-07-10,2019-07-10 09:30:39,1.35,0.6108,219,1.32,0.5972,131,1.33,0.6018,10,1.335,0.604,0,0
SPY190712P299,2019-07-10,2019-07-10 09:30:39,1.35,0.6108,150,1.32,0.5972,142,1.33,0.6018,10,1.335,0.604,0,0
SPY190712P299,2019-07-10,2019-07-10 09:30:40,1.34,0.6063,1,1.32,0.5972,77,1.33,0.6018,10,1.33,0.6018,0,0
SPY190712P299,2019-07-10,2019-07-10 09:30:41,1.34,0.6063,1,1.32,0.5972,77,1.33,0.6018,10,1.33,0.6018,0,0
SPY190712P299,2019-07-10,2019-07-10 09:30:42,1.34,0.6063,1,1.32,0.5972,1,1.33,0.6018,10,1.33,0.6018,0,0
SPY190712P299,2019-07-10,2019-07-10 09:30:43,1.33,0.6018,10,1.31,0.5927,77,1.33,0.6018,10,1.32,0.5972,0,0
SPY190712P299,2019-07-10,2019-07-10 09:30:43,1.34,0.6063,177,1.31,0.5927,77,1.33,0.6018,10,1.325,0.5995,0,0
SPY190712P299,2019-07-10,2019-07-10 09:30:44,1.33,0.6018,10,1.31,0.5927,57,1.33,0.6018,10,1.32,0.5972,0,0
SPY190712P299,2019-07-10,2019-07-10 09:30:44,1.33,0.6018,7,1.31,0.5927,62,1.33,0.6018,10,1.32,0.5972,0,0
SPY190712P299,2019-07-10,2019-07-10 09:30:45,1.32,0.5972,6,1.3,0.5882,36,1.33,0.6018,10,1.31,0.5927,0,0
SPY190712P299,2019-07-10,2019-07-10 09:30:45,1.33,0.6018,7,1.31,0.5927,62,1.33,0.6018,10,1.32,0.5972,0,0
SPY190712P299,2019-07-10,2019-07-10 09:30:46,1.33,0.6018,7,1.31,0.5927,68,1.33,0.6018,10,1.32,0.5972,0,0
SPY190712P299,2019-07-10,2019-07-10 09:30:47,1.36,0.6153,100,1.34,0.6063,25,1.33,0.6018,10,1.35,0.6108,0,0
SPY190712P299,2019-07-10,2019-07-10 09:30:47,1.34,0.6063,14,1.32,0.5972,24,1.33,0.6018,10,1.33,0.6018,0,0
SPY190712P299,2019-07-10,2019-07-10 09:30:48,1.36,0.6153,150,1.34,0.6063,26,1.34,0.6063,1,1.35,0.6108,0,0
SPY190712P299,2019-07-10,2019-07-10 09:30:48,1.36,0.6153,199,1.34,0.6063,24,1.34,0.6063,1,1.35,0.6108,0,0
SPY190712P299,2019-07-10,2019-07-10 09:30:49,1.36,0.6153,199,1.34,0.6063,34,1.34,0.6063,1,1.35,0.6108,0,0
SPY190712P299,2019-07-10,2019-07-10 09:30:49,1.36,0.6153,155,1.34,0.6063,26,1.34,0.6063,1,1.35,0.6108,0,0
SPY190712P299,2019-07-10,2019-07-10 09:30:50,1.36,0.6153,155,1.34,0.6063,16,1.34,0.6063,1,1.35,0.6108,0,0
SPY190712P299,2019-07-10,2019-07-10 09:30:51,1.36,0.6153,155,1.33,0.6018,93,1.34,0.6063,1,1.345,0.6085,0,0
SPY190712P299,2019-07-10,2019-07-10 09:30:51,1.36,0.6153,155,1.34,0.6063,26,1.34,0.6063,1,1.35,0.6108,0,0
SPY190712P299,2019-07-10,2019-07-10 09:30:52,1.36,0.6153,155,1.34,0.6063,36,1.34,0.6063,1,1.35,0.6108,0,0
SPY190712P299,2019-07-10,2019-07-10 09:30:53,1.36,0.6153,150,1.34,0.6063,36,1.34,0.6063,8,1.35,0.6108,0,0
SPY190712P299,2019-07-10,2019-07-10 09:30:54,1.35,0.6108,13,1.33,0.6018,26,1.34,0.6063,8,1.34,0.6063,0,0
SPY190712P299,2019-07-10,2019-07-10 09:30:55,1.35,0.6108,13,1.34,0.6063,7,1.34,0.6063,8,1.345,0.6085,0,0
SPY190712P299,2019-07-10,2019-07-10 09:30:55,1.36,0.6153,229,1.34,0.6063,25,1.34,0.6063,8,1.35,0.6108,0,0
SPY190712P299,2019-07-10,2019-07-10 09:30:56,1.36,0.6153,330,1.34,0.6063,25,1.34,0.6063,8,1.35,0.6108,0,0
SPY190712P299,2019-07-10,2019-07-10 09:30:56,1.35,0.6108,46,1.34,0.6063,23,1.34,0.6063,8,1.345,0.6085,0,0
SPY190712P299,2019-07-10,2019-07-10 09:30:57,1.35,0.6108,7,1.34,0.6063,1,1.34,0.6063,1,1.345,0.6085,0,0
SPY190712P299,2019-07-10,2019-07-10 09:30:57,1.35,0.6108,46,1.33,0.6018,47,1.34,0.6063,8,1.34,0.6063,0,0
SPY190712P299,2019-07-10,2019-07-10 09:30:58,1.35,0.6108,102,1.33,0.6018,8,1.34,0.6063,1,1.34,0.6063,0,0
SPY190712P299,2019-07-10,2019-07-10 09:30:59,1.35,0.6108,67,1.33,0.6018,6,1.34,0.6063,1,1.34,0.6063,0,0
SPY190712P299,2019-07-10,2019-07-10 09:30:59,1.35,0.6108,67,1.33,0.6018,8,1.34,0.6063,1,1.34,0.6063,0,0
SPY190712P299,2019-07-10,2019-07-10 09:31:00,1.35,0.6108,67,1.32,0.5972,138,1.34,0.6063,1,1.335,0.604,0,0
SPY190712P299,2019-07-10,2019-07-10 09:31:01,1.35,0.6108,138,1.33,0.6018,10,1.34,0.6063,1,1.34,0.6063,0,0
SPY190712P299,2019-07-10,2019-07-10 09:31:01,1.35,0.6108,138,1.32,0.5972,138,1.34,0.6063,1,1.335,0.604,0,0
SPY190712P299,2019-07-10,2019-07-10 09:31:02,1.34,0.6063,1,1.33,0.6018,1,1.34,0.6063,1,1.335,0.604,0,0
SPY190712P299,2019-07-10,2019-07-10 09:31:02,1.34,0.6063,7,1.33,0.6018,1,1.34,0.6063,1,1.335,0.604,0,0
SPY190712P299,2019-07-10,2019-07-10 09:31:03,1.35,0.6108,138,1.33,0.6018,1,1.34,0.6063,1,1.34,0.6063,0,0
SPY190712P299,2019-07-10,2019-07-10 09:31:03,1.35,0.6108,138,1.33,0.6018,10,1.34,0.6063,1,1.34,0.6063,0,0
SPY190712P299,2019-07-10,2019-07-10 09:31:04,1.35,0.6108,7,1.33,0.6018,1,1.34,0.6063,1,1.34,0.6063,0,0
SPY190712P299,2019-07-10,2019-07-10 09:31:05,1.35,0.6108,7,1.33,0.6018,10,1.34,0.6063,1,1.34,0.6063,0,0
SPY190712P299,2019-07-10,2019-07-10 09:31:05,1.36,0.6153,212,1.33,0.6018,1,1.34,0.6063,1,1.345,0.6085,0,0
SPY190712P299,2019-07-10,2019-07-10 09:31:06,1.35,0.6108,100,1.32,0.5972,146,1.34,0.6063,1,1.335,0.604,0,0
SPY190712P299,2019-07-10,2019-07-10 09:31:07,1.34,0.6063,1,1.33,0.6018,6,1.34,0.6063,1,1.335,0.604,0,0
SPY190712P299,2019-07-10,2019-07-10 09:31:07,1.35,0.6108,150,1.33,0.6018,6,1.34,0.6063,1,1.34,0.6063,0,0
SPY190712P299,2019-07-10,2019-07-10 09:31:08,1.34,0.6063,7,1.33,0.6018,6,1.34,0.6063,1,1.335,0.604,0,0
SPY190712P299,2019-07-10,2019-07-10 09:31:09,1.34,0.6063,7,1.32,0.5972,48,1.34,0.6063,1,1.33,0.6018,0,0
SPY190712P299,2019-07-10,2019-07-10 09:31:09,1.34,0.6063,7,1.32,0.5972,158,1.34,0.6063,1,1.33,0.6018,0,0
SPY190712P299,2019-07-10,2019-07-10 09:31:10,1.33,0.6018,5,1.31,0.5927,6,1.34,0.6063,1,1.32,0.5972,0,0
SPY190712P299,2019-07-10,2019-07-10 09:31:10,1.33,0.6018,7,1.31,0.5927,46,1.34,0.6063,1,1.32,0.5972,0,0
SPY190712P299,2019-07-10,2019-07-10 09:31:11,1.33,0.6018,7,1.31,0.5927,46,1.34,0.6063,1,1.32,0.5972,0,0
SPY190712P299,2019-07-10,2019-07-10 09:31:12,1.33,0.6018,7,1.31,0.5927,42,1.34,0.6063,1,1.32,0.5972,0,0
SPY190712P299,2019-07-10,2019-07-10 09:31:12,1.33,0.6018,7,1.31,0.5927,41,1.34,0.6063,1,1.32,0.5972,0,0
SPY190712P299,2019-07-10,2019-07-10 09:31:13,1.33,0.6018,7,1.31,0.5927,57,1.34,0.6063,1,1.32,0.5972,0,0
SPY190712P299,2019-07-10,2019-07-10 09:31:13,1.33,0.6018,7,1.31,0.5927,42,1.34,0.6063,1,1.32,0.5972,0,0
SPY190712P299,2019-07-10,2019-07-10 09:31:14,1.33,0.6018,97,1.31,0.5927,11,1.34,0.6063,1,1.32,0.5972,0,0
SPY190712P299,2019-07-10,2019-07-10 09:31:15,1.33,0.6018,109,1.31,0.5927,40,1.34,0.6063,1,1.32,0.5972,0,0
SPY190712P299,2019-07-10,2019-07-10 09:31:16,1.32,0.5972,98,1.29,0.5837,155,1.34,0.6063,1,1.305,0.5904,0,0
SPY190712P299,2019-07-10,2019-07-10 09:31:16,1.32,0.5972,98,1.29,0.5837,240,1.34,0.6063,1,1.305,0.5904,0,0
SPY190712P299,2019-07-10,2019-07-10 09:31:17,1.32,0.5972,98,1.3,0.5882,35,1.34,0.6063,1,1.31,0.5927,0,0
SPY190712P299,2019-07-10,2019-07-10 09:31:17,1.31,0.5927,16,1.29,0.5837,179,1.34,0.6063,1,1.3,0.5882,0,0
SPY190712P299,2019-07-10,2019-07-10 09:31:18,1.31,0.5927,7,1.3,0.5882,24,1.34,0.6063,1,1.305,0.5904,0,0
SPY190712P299,2019-07-10,2019-07-10 09:31:19,1.31,0.5927,17,1.29,0.5837,245,1.34,0.6063,1,1.3,0.5882,0,0
SPY190712P299,2019-07-10,2019-07-10 09:31:19,1.3,0.5882,63,1.29,0.5837,23,1.34,0.6063,1,1.295,0.5859,0,0
SPY190712P299,2019-07-10,2019-07-10 09:31:20,1.32,0.5972,1,1.3,0.5882,115,1.34,0.6063,1,1.31,0.5927,0,0
SPY190712P299,2019-07-10,2019-07-10 09:31:20,1.3,0.5882,5,1.29,0.5837,15,1.34,0.6063,1,1.295,0.5859,0,0
SPY190712P299,2019-07-10,2019-07-10 09:31:21,1.33,0.6018,98,1.31,0.5927,40,1.34,0.6063,1,1.32,0.5972,0,0
SPY190712P299,2019-07-10,2019-07-10 09:31:21,1.33,0.6018,5,1.3,0.5882,116,1.34,0.6063,1,1.315,0.595,0,0
SPY190712P299,2019-07-10,2019-07-10 09:31:22,1.32,0.5972,5,1.31,0.5927,40,1.34,0.6063,1,1.315,0.595,0,0
SPY190712P299,2019-07-10,2019-07-10 09:31:22,1.33,0.6018,7,1.31,0.5927,40,1.34,0.6063,1,1.32,0.5972,0,0
SPY190712P299,2019-07-10,2019-07-10 09:31:23,1.32,0.5972,5,1.31,0.5927,10,1.34,0.6063,1,1.315,0.595,0,0
SPY190712P299,2019-07-10,2019-07-10 09:31:24,1.32,0.5972,7,1.3,0.5882,161,1.34,0.6063,1,1.31,0.5927,0,0
SPY190712P299,2019-07-10,2019-07-10 09:31:24,1.32,0.5972,7,1.3,0.5882,161,1.3,0.5882,4,1.31,0.5927,0,0
SPY190712P299,2019-07-10,2019-07-10 09:31:25,1.31,0.5927,7,1.3,0.5882,48,1.3,0.5882,4,1.305,0.5904,0,0
SPY190712P299,2019-07-10,2019-07-10 09:31:25,1.32,0.5972,7,1.3,0.5882,161,1.3,0.5882,4,1.31,0.5927,0,0
SPY190712P299,2019-07-10,2019-07-10 09:31:26,1.31,0.5927,17,1.3,0.5882,48,1.3,0.5882,4,1.305,0.5904,0,0
SPY190712P299,2019-07-10,2019-07-10 09:31:26,1.31,0.5927,7,1.3,0.5882,49,1.3,0.5882,4,1.305,0.5904,0,0
SPY190712P299,2019-07-10,2019-07-10 09:31:27,1.32,0.5972,57,1.3,0.5882,74,1.3,0.5882,4,1.31,0.5927,0,0
SPY190712P299,2019-07-10,2019-07-10 09:31:28,1.32,0.5972,7,1.31,0.5927,35,1.3,0.5882,4,1.315,0.595,0,0
SPY190712P299,2019-07-10,2019-07-10 09:31:28,1.33,0.6018,145,1.31,0.5927,35,1.3,0.5882,4,1.32,0.5972,0,0
SPY190712P299,2019-07-10,2019-07-10 09:31:29,1.32,0.5972,7,1.31,0.5927,36,1.3,0.5882,4,1.315,0.595,0,0
SPY190712P299,2019-07-10,2019-07-10 09:31:30,1.32,0.5972,7,1.31,0.5927,35,1.3,0.5882,4,1.315,0.595,0,0
SPY190712P299,2019-07-10,2019-07-10 09:31:30,1.32,0.5972,7,1.31,0.5927,36,1.3,0.5882,4,1.315,0.595,0,0
SPY190712P299,2019-07-10,2019-07-10 09:31:31,1.33,0.6018,140,1.31,0.5927,73,1.3,0.5882,4,1.32,0.5972,0,0
SPY190712P299,2019-07-10,2019-07-10 09:31:32,1.32,0.5972,7,1.3,0.5882,56,1.3,0.5882,4,1.31,0.5927,0,0
SPY190712P299,2019-07-10,2019-07-10 09:31:33,1.32,0.5972,9,1.3,0.5882,95,1.3,0.5882,4,1.31,0.5927,0,0
SPY190712P299,2019-07-10,2019-07-10 09:31:33,1.32,0.5972,8,1.3,0.5882,81,1.3,0.5882,4,1.31,0.5927,0,0
SPY190712P299,2019-07-10,2019-07-10 09:31:34,1.32,0.5972,7,1.3,0.5882,82,1.3,0.5882,4,1.31,0.5927,0,0
SPY190712P299,2019-07-10,2019-07-10 09:31:34,1.32,0.5972,9,1.3,0.5882,95,1.3,0.5882,4,1.31,0.5927,0,0
SPY190712P299,2019-07-10,2019-07-10 09:31:35,1.32,0.5972,7,1.3,0.5882,98,1.3,0.5882,4,1.31,0.5927,0,0
SPY190712P299,2019-07-10,2019-07-10 09:31:36,1.32,0.5972,7,1.3,0.5882,71,1.32,0.5972,2,1.31,0.5927,0,0
SPY190712P299,2019-07-10,2019-07-10 09:31:36,1.33,0.6018,100,1.3,0.5882,94,1.32,0.5972,2,1.315,0.595,0,0
SPY190712P299,2019-07-10,2019-07-10 09:31:37,1.32,0.5972,7,1.3,0.5882,88,1.32,0.5972,2,1.31,0.5927,0,0
SPY190712P299,2019-07-10,2019-07-10 09:31:37,1.32,0.5972,7,1.31,0.5927,41,1.32,0.5972,2,1.315,0.595,0,0
SPY190712P299,2019-07-10,2019-07-10 09:31:38,1.32,0.5972,9,1.31,0.5927,50,1.32,0.5972,2,1.315,0.595,0,0
SPY190712P299,2019-07-10,2019-07-10 09:31:38,1.32,0.5972,9,1.31,0.5927,41,1.32,0.5972,2,1.315,0.595,0,0
SPY190712P299,2019-07-10,2019-07-10 09:31:39,1.33,0.6018,8,1.31,0.5927,93,1.32,0.5972,2,1.32,0.5972,0,0
SPY190712P299,2019-07-10,2019-07-10 09:31:40,1.33,0.6018,10,1.31,0.5927,63,1.32,0.5972,2,1.32,0.5972,0,0
SPY190712P299,2019-07-10,2019-07-10 09:31:40,1.33,0.6018,8,1.31,0.5927,57,1.32,0.5972,2,1.32,0.5972,0,0
SPY190712P299,2019-07-10,2019-07-10 09:31:41,1.33,0.6018,10,1.31,0.5927,98,1.32,0.5972,2,1.32,0.5972,0,0
SPY190712P299,2019-07-10,2019-07-10 09:31:41,1.34,0.6063,176,1.31,0.5927,98,1.32,0.5972,2,1.325,0.5995,0,0
SPY190712P299,2019-07-10,2019-07-10 09:31:42,1.34,0.6063,100,1.32,0.5972,30,1.34,0.6063,4,1.33,0.6018,0,0
SPY190712P299,2019-07-10,2019-07-10 09:31:42,1.34,0.6063,176,1.32,0.5972,27,1.32,0.5972,2,1.33,0.6018,0,0
SPY190712P299,2019-07-10,2019-07-10 09:31:43,1.33,0.6018,46,1.31,0.5927,33,1.34,0.6063,4,1.32,0.5972,0,0
SPY190712P299,2019-07-10,2019-07-10 09:31:44,1.33,0.6018,39,1.31,0.5927,30,1.34,0.6063,4,1.32,0.5972,0,0
SPY190712P299,2019-07-10,2019-07-10 09:31:45,1.33,0.6018,77,1.3,0.5882,46,1.34,0.6063,4,1.315,0.595,0,0
SPY190712P299,2019-07-10,2019-07-10 09:31:45,1.31,0.5927,10,1.29,0.5837,54,1.34,0.6063,4,1.3,0.5882,0,0
SPY190712P299,2019-07-10,2019-07-10 09:31:46,1.31,0.5927,12,1.3,0.5882,1,1.34,0.6063,4,1.305,0.5904,0,0
SPY190712P299,2019-07-10,2019-07-10 09:31:46,1.31,0.5927,10,1.29,0.5837,54,1.34,0.6063,4,1.3,0.5882,0,0
SPY190712P299,2019-07-10,2019-07-10 09:31:47,1.31,0.5927,74,1.29,0.5837,63,1.31,0.5927,1,1.3,0.5882,0,0
SPY190712P299,2019-07-10,2019-07-10 09:31:48,1.31,0.5927,42,1.29,0.5837,63,1.31,0.5927,1,1.3,0.5882,0,0
SPY190712P299,2019-07-10,2019-07-10 09:31:48,1.31,0.5927,38,1.29,0.5837,63,1.31,0.5927,1,1.3,0.5882,0,0
SPY190712P299,2019-07-10,2019-07-10 09:31:49,1.3,0.5882,76,1.28,0.5791,4,1.31,0.5927,1,1.29,0.5837,0,0
SPY190712P299,2019-07-10,2019-07-10 09:31:49,1.31,0.5927,11,1.29,0.5837,63,1.31,0.5927,1,1.3,0.5882,0,0
SPY190712P299,2019-07-10,2019-07-10 09:31:50,1.3,0.5882,91,1.28,0.5791,28,1.31,0.5927,1,1.29,0.5837,0,0
SPY190712P299,2019-07-10,2019-07-10 09:31:51,1.3,0.5882,91,1.28,0.5791,28,1.31,0.5927,1,1.29,0.5837,0,0
SPY190712P299,2019-07-10,2019-07-10 09:31:51,1.3,0.5882,91,1.28,0.5791,27,1.31,0.5927,1,1.29,0.5837,0,0
SPY190712P299,2019-07-10,2019-07-10 09:31:52,1.29,0.5837,5,1.28,0.5791,18,1.31,0.5927,1,1.285,0.5814,0,0
SPY190712P299,2019-07-10,2019-07-10 09:31:52,1.3,0.5882,91,1.28,0.5791,27,1.31,0.5927,1,1.29,0.5837,0,0
SPY190712P299,2019-07-10,2019-07-10 09:31:53,1.3,0.5882,203,1.28,0.5791,28,1.31,0.5927,1,1.29,0.5837,0,0
SPY190712P299,2019-07-10,2019-07-10 09:31:53,1.3,0.5882,136,1.28,0.5791,22,1.31,0.5927,1,1.29,0.5837,0,0
SPY190712P299,2019-07-10,2019-07-10 09:31:54,1.3,0.5882,248,1.28,0.5791,28,1.31,0.5927,1,1.29,0.5837,0,0
SPY190712P299,2019-07-10,2019-07-10 09:31:55,1.3,0.5882,250,1.28,0.5791,28,1.31,0.5927,1,1.29,0.5837,0,0
SPY190712P299,2019-07-10,2019-07-10 09:31:55,1.3,0.5882,294,1.28,0.5791,28,1.31,0.5927,1,1.29,0.5837,0,0
SPY190712P299,2019-07-10,2019-07-10 09:31:56,1.3,0.5882,133,1.28,0.5791,33,1.31,0.5927,1,1.29,0.5837,0,0
SPY190712P299,2019-07-10,2019-07-10 09:31:56,1.3,0.5882,193,1.28,0.5791,28,1.31,0.5927,1,1.29,0.5837,0,0
SPY190712P299,2019-07-10,2019-07-10 09:31:57,1.3,0.5882,250,1.28,0.5791,36,1.31,0.5927,1,1.29,0.5837,0,0
SPY190712P299,2019-07-10,2019-07-10 09:31:57,1.3,0.5882,84,1.28,0.5791,33,1.31,0.5927,1,1.29,0.5837,0,0
SPY190712P299,2019-07-10,2019-07-10 09:31:58,1.3,0.5882,84,1.28,0.5791,33,1.31,0.5927,1,1.29,0.5837,0,0
SPY190712P299,2019-07-10,2019-07-10 09:31:58,1.3,0.5882,84,1.28,0.5791,36,1.31,0.5927,1,1.29,0.5837,0,0
SPY190712P299,2019-07-10,2019-07-10 09:31:59,1.3,0.5882,84,1.28,0.5791,36,1.31,0.5927,1,1.29,0.5837,0,0
SPY190712P299,2019-07-10,2019-07-10 09:32:00,1.3,0.5882,118,1.28,0.5791,17,1.31,0.5927,1,1.29,0.5837,0,0
SPY190712P299,2019-07-10,2019-07-10 09:32:01,1.3,0.5882,50,1.28,0.5791,14,1.31,0.5927,1,1.29,0.5837,0,0
SPY190712P299,2019-07-10,2019-07-10 09:32:01,1.3,0.5882,79,1.28,0.5791,14,1.31,0.5927,1,1.29,0.5837,0,0
SPY190712P299,2019-07-10,2019-07-10 09:32:02,1.3,0.5882,73,1.28,0.5791,24,1.31,0.5927,1,1.29,0.5837,0,0
SPY190712P299,2019-07-10,2019-07-10 09:32:02,1.3,0.5882,228,1.28,0.5791,24,1.31,0.5927,1,1.29,0.5837,0,0
SPY190712P299,2019-07-10,2019-07-10 09:32:03,1.31,0.5927,95,1.28,0.5791,53,1.31,0.5927,1,1.295,0.5859,0,0
SPY190712P299,2019-07-10,2019-07-10 09:32:03,1.3,0.5882,228,1.28,0.5791,24,1.31,0.5927,1,1.29,0.5837,0,0
SPY190712P299,2019-07-10,2019-07-10 09:32:04,1.31,0.5927,95,1.28,0.5791,63,1.31,0.5927,1,1.295,0.5859,0,0
SPY190712P299,2019-07-10,2019-07-10 09:32:05,1.31,0.5927,295,1.28,0.5791,87,1.31,0.5927,1,1.295,0.5859,0,0
SPY190712P299,2019-07-10,2019-07-10 09:32:05,1.3,0.5882,46,1.29,0.5837,1,1.31,0.5927,1,1.295,0.5859,0,0
SPY190712P299,2019-07-10,2019-07-10 09:32:06,1.3,0.5882,130,1.28,0.5791,10,1.31,0.5927,1,1.29,0.5837,0,0
SPY190712P299,2019-07-10,2019-07-10 09:32:06,1.3,0.5882,102,1.28,0.5791,18,1.31,0.5927,1,1.29,0.5837,0,0
SPY190712P299,2019-07-10,2019-07-10 09:32:07,1.3,0.5882,138,1.28,0.5791,20,1.31,0.5927,1,1.29,0.5837,0,0
SPY190712P299,2019-07-10,2019-07-10 09:32:07,1.3,0.5882,130,1.28,0.5791,17,1.31,0.5927,1,1.29,0.5837,0,0
SPY190712P299,2019-07-10,2019-07-10 09:32:08,1.3,0.5882,143,1.28,0.5791,9,1.31,0.5927,1,1.29,0.5837,0,0
SPY190712P299,2019-07-10,2019-07-10 09:32:08,1.3,0.5882,143,1.28,0.5791,20,1.31,0.5927,1,1.29,0.5837,0,0
SPY190712P299,2019-07-10,2019-07-10 09:32:09,1.3,0.5882,143,1.29,0.5837,4,1.31,0.5927,1,1.295,0.5859,0,0
SPY190712P299,2019-07-10,2019-07-10 09:32:10,1.3,0.5882,144,1.29,0.5837,10,1.31,0.5927,1,1.295,0.5859,0,0
SPY190712P299,2019-07-10,2019-07-10 09:32:10,1.3,0.5882,360,1.28,0.5791,6,1.31,0.5927,1,1.29,0.5837,0,0
SPY190712P299,2019-07-10,2019-07-10 09:32:11,1.3,0.5882,242,1.28,0.5791,6,1.31,0.5927,1,1.29,0.5837,0,0
SPY190712P299,2019-07-10,2019-07-10 09:32:11,1.3,0.5882,352,1.28,0.5791,6,1.31,0.5927,1,1.29,0.5837,0,0
SPY190712P299,2019-07-10,2019-07-10 09:32:12,1.29,0.5837,13,1.27,0.5746,15,1.31,0.5927,1,1.28,0.5791,0,0
SPY190712P299,2019-07-10,2019-07-10 09:32:12,1.29,0.5837,104,1.27,0.5746,17,1.31,0.5927,1,1.28,0.5791,0,0
SPY190712P299,2019-07-10,2019-07-10 09:32:13,1.28,0.5791,7,1.27,0.5746,14,1.31,0.5927,1,1.275,0.5769,0,0
SPY190712P299,2019-07-10,2019-07-10 09:32:13,1.28,0.5791,13,1.27,0.5746,10,1.31,0.5927,1,1.275,0.5769,0,0
SPY190712P299,2019-07-10,2019-07-10 09:32:14,1.29,0.5837,7,1.27,0.5746,23,1.31,0.5927,1,1.28,0.5791,0,0
SPY190712P299,2019-07-10,2019-07-10 09:32:14,1.29,0.5837,14,1.28,0.5791,1,1.31,0.5927,1,1.285,0.5814,0,0
SPY190712P299,2019-07-10,2019-07-10 09:32:16,1.28,0.5791,8,1.27,0.5746,24,1.31,0.5927,1,1.275,0.5769,0,0
SPY190712P299,2019-07-10,2019-07-10 09:32:16,1.28,0.5791,7,1.27,0.5746,1,1.31,0.5927,1,1.275,0.5769,0,0
SPY190712P299,2019-07-10,2019-07-10 09:32:17,1.29,0.5837,128,1.27,0.5746,1,1.31,0.5927,1,1.28,0.5791,0,0
SPY190712P299,2019-07-10,2019-07-10 09:32:17,1.29,0.5837,146,1.27,0.5746,26,1.31,0.5927,1,1.28,0.5791,0,0
SPY190712P299,2019-07-10,2019-07-10 09:32:18,1.28,0.5791,7,1.27,0.5746,10,1.31,0.5927,1,1.275,0.5769,0,0
SPY190712P299,2019-07-10,2019-07-10 09:32:18,1.29,0.5837,199,1.27,0.5746,20,1.31,0.5927,1,1.28,0.5791,0,0
SPY190712P299,2019-07-10,2019-07-10 09:32:19,1.28,0.5791,73,1.26,0.5701,48,1.31,0.5927,1,1.27,0.5746,0,0
SPY190712P299,2019-07-10,2019-07-10 09:32:19,1.28,0.5791,364,1.25,0.5656,23,1.31,0.5927,1,1.265,0.5723,0,0
SPY190712P299,2019-07-10,2019-07-10 09:32:20,1.27,0.5746,7,1.25,0.5656,28,1.31,0.5927,1,1.26,0.5701,0,0
SPY190712P299,2019-07-10,2019-07-10 09:32:21,1.27,0.5746,102,1.25,0.5656,38,1.31,0.5927,1,1.26,0.5701,0,0
SPY190712P299,2019-07-10,2019-07-10 09:32:21,1.27,0.5746,102,1.25,0.5656,28,1.31,0.5927,1,1.26,0.5701,0,0
SPY190712P299,2019-07-10,2019-07-10 09:32:22,1.26,0.5701,135,1.24,0.561,2,1.31,0.5927,1,1.25,0.5656,0,0
SPY190712P299,2019-07-10,2019-07-10 09:32:22,1.26,0.5701,135,1.24,0.561,3,1.31,0.5927,1,1.25,0.5656,0,0
SPY190712P299,2019-07-10,2019-07-10 09:32:23,1.26,0.5701,135,1.24,0.561,3,1.31,0.5927,1,1.25,0.5656,0,0
SPY190712P299,2019-07-10,2019-07-10 09:32:23,1.25,0.5656,7,1.24,0.561,17,1.31,0.5927,1,1.245,0.5633,0,0
SPY190712P299,2019-07-10,2019-07-10 09:32:24,1.25,0.5656,5,1.23,0.5565,45,1.31,0.5927,1,1.24,0.561,0,0
SPY190712P299,2019-07-10,2019-07-10 09:32:25,1.25,0.5656,35,1.24,0.561,20,1.31,0.5927,1,1.245,0.5633,0,0
SPY190712P299,2019-07-10,2019-07-10 09:32:25,1.25,0.5656,5,1.24,0.561,1,1.31,0.5927,1,1.245,0.5633,0,0
SPY190712P299,2019-07-10,2019-07-10 09:32:26,1.25,0.5656,35,1.24,0.561,20,1.25,0.5656,1,1.245,0.5633,0,0
SPY190712P299,2019-07-10,2019-07-10 09:32:27,1.25,0.5656,35,1.24,0.561,10,1.25,0.5656,1,1.245,0.5633,0,0
SPY190712P299,2019-07-10,2019-07-10 09:32:28,1.25,0.5656,35,1.24,0.561,10,1.25,0.5656,1,1.245,0.5633,0,0
SPY190712P299,2019-07-10,2019-07-10 09:32:29,1.25,0.5656,97,1.24,0.561,1,1.25,0.5656,1,1.245,0.5633,0,0
SPY190712P299,2019-07-10,2019-07-10 09:32:29,1.25,0.5656,98,1.23,0.5565,29,1.25,0.5656,1,1.24,0.561,0,0
SPY190712P299,2019-07-10,2019-07-10 09:32:30,1.25,0.5656,98,1.24,0.561,1,1.25,0.5656,1,1.245,0.5633,0,0
SPY190712P299,2019-07-10,2019-07-10 09:32:31,1.25,0.5656,98,1.24,0.561,1,1.25,0.5656,1,1.245,0.5633,0,0
SPY190712P299,2019-07-10,2019-07-10 09:32:31,1.25,0.5656,98,1.23,0.5565,30,1.25,0.5656,1,1.24,0.561,0,0
SPY190712P299,2019-07-10,2019-07-10 09:32:32,1.25,0.5656,98,1.23,0.5565,27,1.25,0.5656,1,1.24,0.561,0,0
SPY190712P299,2019-07-10,2019-07-10 09:32:32,1.25,0.5656,44,1.24,0.561,20,1.25,0.5656,1,1.245,0.5633,0,0
SPY190712P299,2019-07-10,2019-07-10 09:32:33,1.25,0.5656,84,1.24,0.561,20,1.25,0.5656,1,1.245,0.5633,0,0
SPY190712P299,2019-07-10,2019-07-10 09:32:34,1.25,0.5656,81,1.24,0.561,6,1.25,0.5656,1,1.245,0.5633,0,0
SPY190712P299,2019-07-10,2019-07-10 09:32:34,1.25,0.5656,84,1.23,0.5565,51,1.23,0.5565,1,1.24,0.561,0,0
SPY190712P299,2019-07-10,2019-07-10 09:32:35,1.25,0.5656,49,1.24,0.561,1,1.23,0.5565,1,1.245,0.5633,0,0
SPY190712P299,2019-07-10,2019-07-10 09:32:35,1.25,0.5656,84,1.23,0.5565,62,1.23,0.5565,1,1.24,0.561,0,0
SPY190712P299,2019-07-10,2019-07-10 09:32:36,1.25,0.5656,43,1.24,0.561,20,1.23,0.5565,1,1.245,0.5633,0,0
SPY190712P299,2019-07-10,2019-07-10 09:32:36,1.25,0.5656,96,1.24,0.561,5,1.23,0.5565,1,1.245,0.5633,0,0
SPY190712P299,2019-07-10,2019-07-10 09:32:37,1.25,0.5656,43,1.24,0.561,5,1.23,0.5565,1,1.245,0.5633,0,0
SPY190712P299,2019-07-10,2019-07-10 09:32:37,1.25,0.5656,96,1.24,0.561,5,1.23,0.5565,1,1.245,0.5633,0,0
SPY190712P299,2019-07-10,2019-07-10 09:32:38,1.25,0.5656,96,1.24,0.561,5,1.23,0.5565,1,1.245,0.5633,0,0
SPY190712P299,2019-07-10,2019-07-10 09:32:39,1.25,0.5656,96,1.24,0.561,5,1.23,0.5565,1,1.245,0.5633,0,0
SPY190712P299,2019-07-10,2019-07-10 09:32:39,1.24,0.561,11,1.22,0.552,178,1.24,0.561,5,1.23,0.5565,0,0
SPY190712P299,2019-07-10,2019-07-10 09:32:40,1.24,0.561,92,1.23,0.5565,7,1.24,0.561,5,1.235,0.5588,0,0
SPY190712P299,2019-07-10,2019-07-10 09:32:40,1.24,0.561,11,1.23,0.5565,2,1.24,0.561,5,1.235,0.5588,0,0
SPY190712P299,2019-07-10,2019-07-10 09:32:41,1.24,0.561,106,1.22,0.552,170,1.24,0.561,5,1.23,0.5565,0,0
SPY190712P299,2019-07-10,2019-07-10 09:32:41,1.24,0.561,106,1.22,0.552,130,1.24,0.561,5,1.23,0.5565,0,0
SPY190712P299,2019-07-10,2019-07-10 09:32:42,1.24,0.561,106,1.23,0.5565,1,1.24,0.561,5,1.235,0.5588,0,0
SPY190712P299,2019-07-10,2019-07-10 09:32:43,1.24,0.561,124,1.22,0.552,172,1.24,0.561,5,1.23,0.5565,0,0
SPY190712P299,2019-07-10,2019-07-10 09:32:43,1.24,0.561,124,1.22,0.552,243,1.24,0.561,5,1.23,0.5565,0,0
SPY190712P299,2019-07-10,2019-07-10 09:32:45,1.24,0.561,124,1.22,0.552,125,1.24,0.561,5,1.23,0.5565,0,0
SPY190712P299,2019-07-10,2019-07-10 09:32:45,1.24,0.561,124,1.22,0.552,135,1.24,0.561,5,1.23,0.5565,0,0
SPY190712P299,2019-07-10,2019-07-10 09:32:46,1.24,0.561,124,1.22,0.552,114,1.24,0.561,5,1.23,0.5565,0,0
SPY190712P299,2019-07-10,2019-07-10 09:32:46,1.24,0.561,124,1.22,0.552,96,1.24,0.561,5,1.23,0.5565,0,0
SPY190712P299,2019-07-10,2019-07-10 09:32:47,1.24,0.561,151,1.23,0.5565,5,1.23,0.5565,8,1.235,0.5588,0,0
SPY190712P299,2019-07-10,2019-07-10 09:32:47,1.24,0.561,124,1.23,0.5565,41,1.23,0.5565,8,1.235,0.5588,0,0
SPY190712P299,2019-07-10,2019-07-10 09:32:48,1.24,0.561,151,1.22,0.552,128,1.23,0.5565,8,1.23,0.5565,0,0
SPY190712P299,2019-07-10,2019-07-10 09:32:48,1.24,0.561,180,1.22,0.552,128,1.23,0.5565,8,1.23,0.5565,0,0
SPY190712P299,2019-07-10,2019-07-10 09:32:49,1.24,0.561,286,1.22,0.552,128,1.23,0.5565,8,1.23,0.5565,0,0
SPY190712P299,2019-07-10,2019-07-10 09:32:50,1.24,0.561,146,1.22,0.552,42,1.23,0.5565,8,1.23,0.5565,0,0
SPY190712P299,2019-07-10,2019-07-10 09:32:50,1.24,0.561,151,1.22,0.552,128,1.23,0.5565,8,1.23,0.5565,0,0
SPY190712P299,2019-07-10,2019-07-10 09:32:51,1.24,0.561,60,1.23,0.5565,25,1.23,0.5565,1,1.235,0.5588,0,0
SPY190712P299,2019-07-10,2019-07-10 09:32:51,1.24,0.561,154,1.22,0.552,35,1.23,0.5565,1,1.23,0.5565,0,0
SPY190712P299,2019-07-10,2019-07-10 09:32:52,1.23,0.5565,131,1.21,0.5475,11,1.23,0.5565,1,1.22,0.552,0,0
SPY190712P299,2019-07-10,2019-07-10 09:32:52,1.23,0.5565,102,1.21,0.5475,29,1.23,0.5565,1,1.22,0.552,0,0
SPY190712P299,2019-07-10,2019-07-10 09:32:53,1.23,0.5565,154,1.21,0.5475,21,1.23,0.5565,1,1.22,0.552,0,0
SPY190712P299,2019-07-10,2019-07-10 09:32:54,1.23,0.5565,154,1.22,0.552,25,1.23,0.5565,10,1.225,0.5542,0,0
SPY190712P299,2019-07-10,2019-07-10 09:32:54,1.23,0.5565,154,1.22,0.552,25,1.23,0.5565,1,1.225,0.5542,0,0
SPY190712P299,2019-07-10,2019-07-10 09:32:55,1.23,0.5565,154,1.22,0.552,10,1.23,0.5565,10,1.225,0.5542,0,0
SPY190712P299,2019-07-10,2019-07-10 09:32:55,1.23,0.5565,154,1.21,0.5475,26,1.23,0.5565,10,1.22,0.552,0,0
SPY190712P299,2019-07-10,2019-07-10 09:32:56,1.23,0.5565,154,1.22,0.552,10,1.23,0.5565,1,1.225,0.5542,0,0
SPY190712P299,2019-07-10,2019-07-10 09:32:56,1.23,0.5565,154,1.21,0.5475,30,1.23,0.5565,1,1.22,0.552,0,0
SPY190712P299,2019-07-10,2019-07-10 09:32:57,1.23,0.5565,154,1.22,0.552,7,1.23,0.5565,1,1.225,0.5542,0,0
SPY190712P299,2019-07-10,2019-07-10 09:32:58,1.22,0.552,149,1.2,0.5429,20,1.23,0.5565,1,1.21,0.5475,0,0
SPY190712P299,2019-07-10,2019-07-10 09:32:58,1.23,0.5565,155,1.21,0.5475,23,1.23,0.5565,1,1.22,0.552,0,0
SPY190712P299,2019-07-10,2019-07-10 09:32:59,1.23,0.5565,138,1.21,0.5475,17,1.23,0.5565,1,1.22,0.552,0,0
SPY190712P299,2019-07-10,2019-07-10 09:32:59,1.23,0.5565,132,1.21,0.5475,17,1.23,0.5565,1,1.22,0.552,0,0
SPY190712P299,2019-07-10,2019-07-10 09:33:00,1.23,0.5565,157,1.21,0.5475,32,1.23,0.5565,1,1.22,0.552,0,0
SPY190712P299,2019-07-10,2019-07-10 09:33:00,1.23,0.5565,289,1.22,0.552,7,1.23,0.5565,1,1.225,0.5542,0,0
SPY190712P299,2019-07-10,2019-07-10 09:33:01,1.23,0.5565,289,1.22,0.552,1,1.23,0.5565,1,1.225,0.5542,0,0
SPY190712P299,2019-07-10,2019-07-10 09:33:02,1.23,0.5565,157,1.22,0.552,1,1.23,0.5565,1,1.225,0.5542,0,0
SPY190712P299,2019-07-10,2019-07-10 09:33:02,1.23,0.5565,278,1.22,0.552,2,1.23,0.5565,1,1.225,0.5542,0,0
SPY190712P299,2019-07-10,2019-07-10 09:33:03,1.24,0.561,50,1.23,0.5565,5,1.23,0.5565,30,1.235,0.5588,0,0
SPY190712P299,2019-07-10,2019-07-10 09:33:03,1.23,0.5565,131,1.22,0.552,59,1.23,0.5565,30,1.225,0.5542,0,0
SPY190712P299,2019-07-10,2019-07-10 09:33:04,1.24,0.561,50,1.23,0.5565,20,1.23,0.5565,30,1.235,0.5588,0,0
SPY190712P299,2019-07-10,2019-07-10 09:33:06,1.23,0.5565,42,1.21,0.5475,5,1.23,0.5565,2,1.22,0.552,0,0
SPY190712P299,2019-07-10,2019-07-10 09:33:06,1.24,0.561,50,1.22,0.552,20,1.23,0.5565,30,1.23,0.5565,0,0
SPY190712P299,2019-07-10,2019-07-10 09:33:07,1.23,0.5565,139,1.22,0.552,1,1.23,0.5565,2,1.225,0.5542,0,0
SPY190712P299,2019-07-10,2019-07-10 09:33:07,1.23,0.5565,77,1.21,0.5475,7,1.23,0.5565,2,1.22,0.552,0,0
SPY190712P299,2019-07-10,2019-07-10 09:33:08,1.22,0.552,50,1.2,0.5429,76,1.23,0.5565,2,1.21,0.5475,0,0
SPY190712P299,2019-07-10,2019-07-10 09:33:08,1.23,0.5565,232,1.21,0.5475,29,1.23,0.5565,300,1.22,0.552,0,0
SPY190712P299,2019-07-10,2019-07-10 09:33:09,1.23,0.5565,194,1.21,0.5475,31,1.23,0.5565,300,1.22,0.552,0,0
SPY190712P299,2019-07-10,2019-07-10 09:33:09,1.23,0.5565,152,1.21,0.5475,29,1.23,0.5565,300,1.22,0.552,0,0
SPY190712P299,2019-07-10,2019-07-10 09:33:10,1.23,0.5565,120,1.21,0.5475,19,1.23,0.5565,300,1.22,0.552,0,0
SPY190712P299,2019-07-10,2019-07-10 09:33:11,1.23,0.5565,134,1.22,0.552,1,1.23,0.5565,300,1.225,0.5542,0,0
SPY190712P299,2019-07-10,2019-07-10 09:33:11,1.23,0.5565,148,1.22,0.552,1,1.23,0.5565,300,1.225,0.5542,0,0
SPY190712P299,2019-07-10,2019-07-10 09:33:12,1.21,0.5475,60,1.21,0.5475,4,1.21,0.5475,1,1.21,0.5475,0,0
SPY190712P299,2019-07-10,2019-07-10 09:33:12,1.22,0.552,56,1.21,0.5475,14,1.23,0.5565,300,1.215,0.5497,0,0
SPY190712P299,2019-07-10,2019-07-10 09:33:13,1.21,0.5475,60,1.2,0.5429,31,1.21,0.5475,1,1.205,0.5452,0,0
SPY190712P299,2019-07-10,2019-07-10 09:33:13,1.21,0.5475,75,1.19,0.5384,106,1.2,0.5429,6,1.2,0.5429,0,0
SPY190712P299,2019-07-10,2019-07-10 09:33:14,1.21,0.5475,60,1.19,0.5384,106,1.2,0.5429,6,1.2,0.5429,0,0
SPY190712P299,2019-07-10,2019-07-10 09:33:14,1.21,0.5475,50,1.2,0.5429,12,1.2,0.5429,6,1.205,0.5452,0,0
SPY190712P299,2019-07-10,2019-07-10 09:33:15,1.21,0.5475,60,1.2,0.5429,12,1.21,0.5475,2,1.205,0.5452,0,0
SPY190712P299,2019-07-10,2019-07-10 09:33:15,1.21,0.5475,60,1.2,0.5429,29,1.21,0.5475,2,1.205,0.5452,0,0
SPY190712P299,2019-07-10,2019-07-10 09:33:16,1.21,0.5475,50,1.2,0.5429,26,1.21,0.5475,2,1.205,0.5452,0,0
SPY190712P299,2019-07-10,2019-07-10 09:33:17,1.21,0.5475,50,1.2,0.5429,31,1.21,0.5475,2,1.205,0.5452,0,0
SPY190712P299,2019-07-10,2019-07-10 09:33:17,1.22,0.552,100,1.21,0.5475,17,1.21,0.5475,2,1.215,0.5497,0,0
SPY190712P299,2019-07-10,2019-07-10 09:33:18,1.22,0.552,60,1.21,0.5475,20,1.21,0.5475,2,1.215,0.5497,0,0
SPY190712P299,2019-07-10,2019-07-10 09:33:18,1.22,0.552,60,1.21,0.5475,29,1.21,0.5475,2,1.215,0.5497,0,0
SPY190712P299,2019-07-10,2019-07-10 09:33:19,1.23,0.5565,14,1.21,0.5475,10,1.21,0.5475,2,1.22,0.552,0,0
SPY190712P299,2019-07-10,2019-07-10 09:33:20,1.23,0.5565,14,1.21,0.5475,11,1.21,0.5475,2,1.22,0.552,0,0
SPY190712P299,2019-07-10,2019-07-10 09:33:20,1.22,0.552,50,1.21,0.5475,12,1.21,0.5475,2,1.215,0.5497,0,0
SPY190712P299,2019-07-10,2019-07-10 09:33:21,1.22,0.552,50,1.21,0.5475,16,1.21,0.5475,2,1.215,0.5497,0,0
SPY190712P299,2019-07-10,2019-07-10 09:33:21,1.22,0.552,56,1.21,0.5475,22,1.21,0.5475,2,1.215,0.5497,0,0
SPY190712P299,2019-07-10,2019-07-10 09:33:22,1.22,0.552,56,1.21,0.5475,22,1.21,0.5475,2,1.215,0.5497,0,0
SPY190712P299,2019-07-10,2019-07-10 09:33:22,1.22,0.552,50,1.21,0.5475,37,1.21,0.5475,2,1.215,0.5497,0,0
SPY190712P299,2019-07-10,2019-07-10 09:33:23,1.22,0.552,50,1.21,0.5475,37,1.21,0.5475,2,1.215,0.5497,0,0
SPY190712P299,2019-07-10,2019-07-10 09:33:23,1.24,0.561,102,1.21,0.5475,42,1.21,0.5475,2,1.225,0.5542,0,0
SPY190712P299,2019-07-10,2019-07-10 09:33:24,1.23,0.5565,60,1.22,0.552,10,1.21,0.5475,2,1.225,0.5542,0,0
SPY190712P299,2019-07-10,2019-07-10 09:33:24,1.23,0.5565,60,1.22,0.552,20,1.21,0.5475,2,1.225,0.5542,0,0
SPY190712P299,2019-07-10,2019-07-10 09:33:25,1.25,0.5656,223,1.23,0.5565,50,1.21,0.5475,2,1.24,0.561,0,0
SPY190712P299,2019-07-10,2019-07-10 09:33:26,1.24,0.561,50,1.23,0.5565,30,1.21,0.5475,2,1.235,0.5588,0,0
SPY190712P299,2019-07-10,2019-07-10 09:33:26,1.24,0.561,50,1.23,0.5565,16,1.21,0.5475,2,1.235,0.5588,0,0
SPY190712P299,2019-07-10,2019-07-10 09:33:27,1.24,0.561,50,1.22,0.552,55,1.21,0.5475,2,1.23,0.5565,0,0
SPY190712P299,2019-07-10,2019-07-10 09:33:27,1.24,0.561,85,1.22,0.552,16,1.21,0.5475,2,1.23,0.5565,0,0
SPY190712P299,2019-07-10,2019-07-10 09:33:28,1.23,0.5565,50,1.22,0.552,15,1.23,0.5565,1,1.225,0.5542,0,0
SPY190712P299,2019-07-10,2019-07-10 09:33:29,1.23,0.5565,93,1.22,0.552,13,1.23,0.5565,1,1.225,0.5542,0,0
SPY190712P299,2019-07-10,2019-07-10 09:33:29,1.24,0.561,143,1.22,0.552,10,1.21,0.5475,1,1.23,0.5565,0,0
SPY190712P299,2019-07-10,2019-07-10 09:33:30,1.24,0.561,179,1.21,0.5475,120,1.21,0.5475,1,1.225,0.5542,0,0
SPY190712P299,2019-07-10,2019-07-10 09:33:30,1.23,0.5565,80,1.21,0.5475,120,1.21,0.5475,1,1.22,0.552,0,0
SPY190712P299,2019-07-10,2019-07-10 09:33:31,1.24,0.561,60,1.21,0.5475,120,1.21,0.5475,1,1.225,0.5542,0,0
SPY190712P299,2019-07-10,2019-07-10 09:33:31,1.24,0.561,60,1.23,0.5565,13,1.21,0.5475,1,1.235,0.5588,0,0
SPY190712P299,2019-07-10,2019-07-10 09:33:32,1.25,0.5656,26,1.23,0.5565,11,1.21,0.5475,1,1.24,0.561,0,0
SPY190712P299,2019-07-10,2019-07-10 09:33:32,1.24,0.561,60,1.23,0.5565,20,1.21,0.5475,1,1.235,0.5588,0,0
SPY190712P299,2019-07-10,2019-07-10 09:33:33,1.25,0.5656,56,1.24,0.561,11,1.21,0.5475,1,1.245,0.5633,0,0
SPY190712P299,2019-07-10,2019-07-10 09:33:34,1.26,0.5701,391,1.24,0.561,10,1.21,0.5475,1,1.25,0.5656,0,0
SPY190712P299,2019-07-10,2019-07-10 09:33:34,1.25,0.5656,50,1.24,0.561,10,1.21,0.5475,1,1.245,0.5633,0,0
SPY190712P299,2019-07-10,2019-07-10 09:33:35,1.27,0.5746,144,1.25,0.5656,10,1.21,0.5475,1,1.26,0.5701,0,0
SPY190712P299,2019-07-10,2019-07-10 09:33:35,1.27,0.5746,279,1.25,0.5656,14,1.21,0.5475,1,1.26,0.5701,0,0
SPY190712P299,2019-07-10,2019-07-10 09:33:36,1.27,0.5746,116,1.25,0.5656,8,1.21,0.5475,1,1.26,0.5701,0,0
SPY190712P299,2019-07-10,2019-07-10 09:33:36,1.28,0.5791,285,1.25,0.5656,14,1.21,0.5475,1,1.265,0.5723,0,0
SPY190712P299,2019-07-10,2019-07-10 09:33:37,1.26,0.5701,15,1.24,0.561,8,1.21,0.5475,1,1.25,0.5656,0,0
SPY190712P299,2019-07-10,2019-07-10 09:33:38,1.26,0.5701,15,1.24,0.561,150,1.21,0.5475,1,1.25,0.5656,0,0
SPY190712P299,2019-07-10,2019-07-10 09:33:38,1.27,0.5746,269,1.25,0.5656,10,1.21,0.5475,1,1.26,0.5701,0,0
SPY190712P299,2019-07-10,2019-07-10 09:33:39,1.27,0.5746,216,1.25,0.5656,20,1.21,0.5475,1,1.26,0.5701,0,0
SPY190712P299,2019-07-10,2019-07-10 09:33:39,1.27,0.5746,261,1.25,0.5656,20,1.21,0.5475,1,1.26,0.5701,0,0
SPY190712P299,2019-07-10,2019-07-10 09:33:40,1.27,0.5746,339,1.25,0.5656,20,1.21,0.5475,1,1.26,0.5701,0,0
SPY190712P299,2019-07-10,2019-07-10 09:33:40,1.27,0.5746,378,1.25,0.5656,20,1.21,0.5475,1,1.26,0.5701,0,0
SPY190712P299,2019-07-10,2019-07-10 09:33:41,1.27,0.5746,26,1.26,0.5701,1,1.21,0.5475,1,1.265,0.5723,0,0
SPY190712P299,2019-07-10,2019-07-10 09:33:41,1.27,0.5746,11,1.26,0.5701,1,1.21,0.5475,1,1.265,0.5723,0,0
SPY190712P299,2019-07-10,2019-07-10 09:33:42,1.27,0.5746,26,1.26,0.5701,1,1.21,0.5475,1,1.265,0.5723,0,0
SPY190712P299,2019-07-10,2019-07-10 09:33:42,1.27,0.5746,26,1.26,0.5701,10,1.21,0.5475,1,1.265,0.5723,0,0
SPY190712P299,2019-07-10,2019-07-10 09:33:43,1.27,0.5746,26,1.26,0.5701,20,1.21,0.5475,1,1.265,0.5723,0,0
SPY190712P299,2019-07-10,2019-07-10 09:33:44,1.27,0.5746,26,1.26,0.5701,20,1.21,0.5475,1,1.265,0.5723,0,0
SPY190712P299,2019-07-10,2019-07-10 09:33:45,1.27,0.5746,26,1.26,0.5701,20,1.21,0.5475,1,1.265,0.5723,0,0
SPY190712P299,2019-07-10,2019-07-10 09:33:46,1.27,0.5746,26,1.26,0.5701,20,1.21,0.5475,1,1.265,0.5723,0,0
SPY190712P299,2019-07-10,2019-07-10 09:33:46,1.28,0.5791,313,1.26,0.5701,20,1.21,0.5475,1,1.27,0.5746,0,0
SPY190712P299,2019-07-10,2019-07-10 09:33:47,1.28,0.5791,313,1.26,0.5701,95,1.21,0.5475,1,1.27,0.5746,0,0
SPY190712P299,2019-07-10,2019-07-10 09:33:48,1.3,0.5882,370,1.27,0.5746,1,1.21,0.5475,1,1.285,0.5814,0,0
SPY190712P299,2019-07-10,2019-07-10 09:33:48,1.29,0.5837,26,1.27,0.5746,82,1.21,0.5475,1,1.28,0.5791,0,0
SPY190712P299,2019-07-10,2019-07-10 09:33:49,1.31,0.5927,1,1.27,0.5746,187,1.31,0.5927,20,1.29,0.5837,0,0
SPY190712P299,2019-07-10,2019-07-10 09:33:49,1.29,0.5837,26,1.28,0.5791,1,1.21,0.5475,1,1.285,0.5814,0,0
SPY190712P299,2019-07-10,2019-07-10 09:33:50,1.31,0.5927,26,1.29,0.5837,152,1.31,0.5927,20,1.3,0.5882,0,0
SPY190712P299,2019-07-10,2019-07-10 09:33:51,1.31,0.5927,60,1.28,0.5791,155,1.31,0.5927,20,1.295,0.5859,0,0
SPY190712P299,2019-07-10,2019-07-10 09:33:52,1.31,0.5927,258,1.29,0.5837,2,1.31,0.5927,20,1.3,0.5882,0,0
SPY190712P299,2019-07-10,2019-07-10 09:33:52,1.3,0.5882,17,1.29,0.5837,2,1.31,0.5927,20,1.295,0.5859,0,0
SPY190712P299,2019-07-10,2019-07-10 09:33:53,1.3,0.5882,17,1.29,0.5837,1,1.31,0.5927,20,1.295,0.5859,0,0
SPY190712P299,2019-07-10,2019-07-10 09:33:53,1.3,0.5882,47,1.28,0.5791,55,1.31,0.5927,20,1.29,0.5837,0,0
SPY190712P299,2019-07-10,2019-07-10 09:33:54,1.3,0.5882,58,1.28,0.5791,46,1.31,0.5927,20,1.29,0.5837,0,0
SPY190712P299,2019-07-10,2019-07-10 09:33:54,1.3,0.5882,58,1.28,0.5791,10,1.31,0.5927,20,1.29,0.5837,0,0
SPY190712P299,2019-07-10,2019-07-10 09:33:55,1.3,0.5882,18,1.28,0.5791,66,1.31,0.5927,20,1.29,0.5837,0,0
SPY190712P299,2019-07-10,2019-07-10 09:33:56,1.3,0.5882,53,1.28,0.5791,96,1.31,0.5927,20,1.29,0.5837,0,0
SPY190712P299,2019-07-10,2019-07-10 09:33:56,1.3,0.5882,53,1.28,0.5791,29,1.31,0.5927,20,1.29,0.5837,0,0
SPY190712P299,2019-07-10,2019-07-10 09:33:57,1.3,0.5882,53,1.28,0.5791,57,1.31,0.5927,20,1.29,0.5837,0,0
SPY190712P299,2019-07-10,2019-07-10 09:33:57,1.3,0.5882,53,1.28,0.5791,76,1.31,0.5927,20,1.29,0.5837,0,0
SPY190712P299,2019-07-10,2019-07-10 09:33:58,1.29,0.5837,111,1.26,0.5701,117,1.31,0.5927,20,1.275,0.5769,0,0
SPY190712P299,2019-07-10,2019-07-10 09:33:58,1.3,0.5882,53,1.28,0.5791,93,1.31,0.5927,20,1.29,0.5837,0,0
SPY190712P299,2019-07-10,2019-07-10 09:33:59,1.29,0.5837,66,1.27,0.5746,1,1.31,0.5927,20,1.28,0.5791,0,0
SPY190712P299,2019-07-10,2019-07-10 09:33:59,1.29,0.5837,66,1.27,0.5746,1,1.27,0.5746,5,1.28,0.5791,0,0
SPY190712P299,2019-07-10,2019-07-10 09:34:00,1.28,0.5791,28,1.26,0.5701,116,1.27,0.5746,5,1.27,0.5746,0,0
SPY190712P299,2019-07-10,2019-07-10 09:34:01,1.28,0.5791,28,1.27,0.5746,1,1.27,0.5746,5,1.275,0.5769,0,0
SPY190712P299,2019-07-10,2019-07-10 09:34:01,1.28,0.5791,26,1.26,0.5701,1,1.27,0.5746,5,1.27,0.5746,0,0
SPY190712P299,2019-07-10,2019-07-10 09:34:02,1.28,0.5791,49,1.26,0.5701,60,1.27,0.5746,5,1.27,0.5746,0,0
SPY190712P299,2019-07-10,2019-07-10 09:34:02,1.28,0.5791,26,1.27,0.5746,65,1.27,0.5746,5,1.275,0.5769,0,0
SPY190712P299,2019-07-10,2019-07-10 09:34:03,1.28,0.5791,12,1.27,0.5746,1,1.27,0.5746,5,1.275,0.5769,0,0
SPY190712P299,2019-07-10,2019-07-10 09:34:03,1.28,0.5791,130,1.27,0.5746,1,1.27,0.5746,5,1.275,0.5769,0,0
SPY190712P299,2019-07-10,2019-07-10 09:34:04,1.27,0.5746,66,1.26,0.5701,2,1.27,0.5746,5,1.265,0.5723,0,0
SPY190712P299,2019-07-10,2019-07-10 09:34:05,1.25,0.5656,28,1.23,0.5565,170,1.27,0.5746,5,1.24,0.561,0,0
SPY190712P299,2019-07-10,2019-07-10 09:34:05,1.27,0.5746,166,1.24,0.561,100,1.27,0.5746,5,1.255,0.5678,0,0
SPY190712P299,2019-07-10,2019-07-10 09:34:06,1.25,0.5656,12,1.24,0.561,55,1.27,0.5746,5,1.245,0.5633,0,0
SPY190712P299,2019-07-10,2019-07-10 09:34:06,1.25,0.5656,52,1.24,0.561,1,1.27,0.5746,5,1.245,0.5633,0,0
SPY190712P299,2019-07-10,2019-07-10 09:34:07,1.24,0.561,11,1.24,0.561,6,1.27,0.5746,5,1.24,0.561,0,0
SPY190712P299,2019-07-10,2019-07-10 09:34:07,1.3,0.5882,48,1.24,0.561,98,1.27,0.5746,5,1.27,0.5746,0,0
SPY190712P299,2019-07-10,2019-07-10 09:34:08,1.24,0.561,74,1.22,0.552,99,1.27,0.5746,5,1.23,0.5565,0,0
SPY190712P299,2019-07-10,2019-07-10 09:34:08,1.27,0.5746,5,1.24,0.561,54,1.27,0.5746,5,1.255,0.5678,0,0
SPY190712P299,2019-07-10,2019-07-10 09:34:09,1.23,0.5565,7,1.22,0.552,34,1.27,0.5746,5,1.225,0.5542,0,0
SPY190712P299,2019-07-10,2019-07-10 09:34:10,1.24,0.561,18,1.22,0.552,19,1.27,0.5746,5,1.23,0.5565,0,0
SPY190712P299,2019-07-10,2019-07-10 09:34:10,1.23,0.5565,57,1.21,0.5475,105,1.27,0.5746,5,1.22,0.552,0,0
SPY190712P299,2019-07-10,2019-07-10 09:34:11,1.24,0.561,18,1.22,0.552,133,1.27,0.5746,5,1.23,0.5565,0,0
SPY190712P299,2019-07-10,2019-07-10 09:34:11,1.23,0.5565,13,1.21,0.5475,135,1.27,0.5746,5,1.22,0.552,0,0
SPY190712P299,2019-07-10,2019-07-10 09:34:12,1.25,0.5656,118,1.23,0.5565,103,1.27,0.5746,5,1.24,0.561,0,0
SPY190712P299,2019-07-10,2019-07-10 09:34:12,1.25,0.5656,118,1.23,0.5565,98,1.27,0.5746,5,1.24,0.561,0,0
SPY190712P299,2019-07-10,2019-07-10 09:34:13,1.24,0.561,26,1.23,0.5565,20,1.27,0.5746,5,1.235,0.5588,0,0
SPY190712P299,2019-07-10,2019-07-10 09:34:13,1.26,0.5701,172,1.23,0.5565,62,1.27,0.5746,5,1.245,0.5633,0,0
SPY190712P299,2019-07-10,2019-07-10 09:34:14,1.25,0.5656,68,1.23,0.5565,6,1.27,0.5746,5,1.24,0.561,0,0
SPY190712P299,2019-07-10,2019-07-10 09:34:15,1.25,0.5656,66,1.23,0.5565,82,1.27,0.5746,5,1.24,0.561,0,0
SPY190712P299,2019-07-10,2019-07-10 09:34:15,1.25,0.5656,13,1.23,0.5565,82,1.27,0.5746,5,1.24,0.561,0,0
SPY190712P299,2019-07-10,2019-07-10 09:34:16,1.26,0.5701,168,1.24,0.561,67,1.27,0.5746,5,1.25,0.5656,0,0
SPY190712P299,2019-07-10,2019-07-10 09:34:16,1.27,0.5746,89,1.25,0.5656,61,1.27,0.5746,5,1.26,0.5701,0,0
SPY190712P299,2019-07-10,2019-07-10 09:34:18,1.27,0.5746,66,1.25,0.5656,67,1.27,0.5746,5,1.26,0.5701,0,0
SPY190712P299,2019-07-10,2019-07-10 09:34:18,1.27,0.5746,93,1.25,0.5656,17,1.27,0.5746,5,1.26,0.5701,0,0
SPY190712P299,2019-07-10,2019-07-10 09:34:19,1.26,0.5701,57,1.24,0.561,101,1.25,0.5656,2,1.25,0.5656,0,0
SPY190712P299,2019-07-10,2019-07-10 09:34:19,1.25,0.5656,119,1.23,0.5565,95,1.24,0.561,10,1.24,0.561,0,0
SPY190712P299,2019-07-10,2019-07-10 09:34:20,1.24,0.561,26,1.23,0.5565,55,1.24,0.561,10,1.235,0.5588,0,0
SPY190712P299,2019-07-10,2019-07-10 09:34:20,1.24,0.561,26,1.23,0.5565,46,1.24,0.561,10,1.235,0.5588,0,0
SPY190712P299,2019-07-10,2019-07-10 09:34:21,1.24,0.561,26,1.23,0.5565,31,1.24,0.561,10,1.235,0.5588,0,0
SPY190712P299,2019-07-10,2019-07-10 09:34:22,1.24,0.561,560,1.21,0.5475,101,1.24,0.561,10,1.225,0.5542,0,0
SPY190712P299,2019-07-10,2019-07-10 09:34:22,1.23,0.5565,26,1.21,0.5475,256,1.24,0.561,10,1.22,0.552,0,0
SPY190712P299,2019-07-10,2019-07-10 09:34:23,1.22,0.552,1,1.2,0.5429,23,1.23,0.5565,1,1.21,0.5475,0,0
SPY190712P299,2019-07-10,2019-07-10 09:34:23,1.22,0.552,26,1.21,0.5475,69,1.24,0.561,10,1.215,0.5497,0,0
SPY190712P299,2019-07-10,2019-07-10 09:34:24,1.23,0.5565,111,1.2,0.5429,116,1.23,0.5565,1,1.215,0.5497,0,0
SPY190712P299,2019-07-10,2019-07-10 09:34:24,1.23,0.5565,60,1.2,0.5429,115,1.23,0.5565,1,1.215,0.5497,0,0
SPY190712P299,2019-07-10,2019-07-10 09:34:25,1.23,0.5565,35,1.21,0.5475,100,1.23,0.5565,1,1.22,0.552,0,0
SPY190712P299,2019-07-10,2019-07-10 09:34:26,1.24,0.561,60,1.23,0.5565,10,1.23,0.5565,1,1.235,0.5588,0,0
SPY190712P299,2019-07-10,2019-07-10 09:34:26,1.24,0.561,35,1.22,0.552,133,1.23,0.5565,1,1.23,0.5565,0,0
SPY190712P299,2019-07-10,2019-07-10 09:34:27,1.23,0.5565,35,1.22,0.552,63,1.23,0.5565,1,1.225,0.5542,0,0
SPY190712P299,2019-07-10,2019-07-10 09:34:27,1.24,0.561,44,1.22,0.552,12,1.23,0.5565,1,1.23,0.5565,0,0
SPY190712P299,2019-07-10,2019-07-10 09:34:28,1.24,0.561,46,1.22,0.552,103,1.23,0.5565,1,1.23,0.5565,0,0
SPY190712P299,2019-07-10,2019-07-10 09:34:29,1.23,0.5565,29,1.22,0.552,97,1.24,0.561,1,1.225,0.5542,0,0
SPY190712P299,2019-07-10,2019-07-10 09:34:29,1.23,0.5565,26,1.21,0.5475,170,1.24,0.561,1,1.22,0.552,0,0
SPY190712P299,2019-07-10,2019-07-10 09:34:30,1.23,0.5565,46,1.2,0.5429,104,1.22,0.552,30,1.215,0.5497,0,0
SPY190712P299,2019-07-10,2019-07-10 09:34:30,1.23,0.5565,46,1.21,0.5475,170,1.24,0.561,1,1.22,0.552,0,0
SPY190712P299,2019-07-10,2019-07-10 09:34:31,1.22,0.552,55,1.2,0.5429,103,1.22,0.552,30,1.21,0.5475,0,0
SPY190712P299,2019-07-10,2019-07-10 09:34:31,1.21,0.5475,10,1.2,0.5429,104,1.22,0.552,30,1.205,0.5452,0,0
SPY190712P299,2019-07-10,2019-07-10 09:34:32,1.22,0.552,79,1.2,0.5429,103,1.22,0.552,30,1.21,0.5475,0,0
SPY190712P299,2019-07-10,2019-07-10 09:34:32,1.21,0.5475,239,1.2,0.5429,5,1.22,0.552,30,1.205,0.5452,0,0
SPY190712P299,2019-07-10,2019-07-10 09:34:33,1.2,0.5429,55,1.18,0.5339,56,1.2,0.5429,1,1.19,0.5384,0,0
SPY190712P299,2019-07-10,2019-07-10 09:34:34,1.2,0.5429,55,1.18,0.5339,78,1.2,0.5429,1,1.19,0.5384,0,0
SPY190712P299,2019-07-10,2019-07-10 09:34:34,1.2,0.5429,57,1.18,0.5339,101,1.2,0.5429,1,1.19,0.5384,0,0
SPY190712P299,2019-07-10,2019-07-10 09:34:35,1.19,0.5384,26,1.18,0.5339,138,1.2,0.5429,1,1.185,0.5361,0,0
SPY190712P299,2019-07-10,2019-07-10 09:34:35,1.19,0.5384,26,1.18,0.5339,138,1.17,0.5294,2,1.185,0.5361,0,0
SPY190712P299,2019-07-10,2019-07-10 09:34:36,1.19,0.5384,1,1.18,0.5339,28,1.17,0.5294,2,1.185,0.5361,0,0
SPY190712P299,2019-07-10,2019-07-10 09:34:36,1.19,0.5384,26,1.18,0.5339,138,1.17,0.5294,2,1.185,0.5361,0,0
SPY190712P299,2019-07-10,2019-07-10 09:34:37,1.2,0.5429,63,1.18,0.5339,129,1.17,0.5294,2,1.19,0.5384,0,0
SPY190712P299,2019-07-10,2019-07-10 09:34:37,1.19,0.5384,1,1.17,0.5294,336,1.17,0.5294,2,1.18,0.5339,0,0
SPY190712P299,2019-07-10,2019-07-10 09:34:38,1.2,0.5429,13,1.18,0.5339,79,1.17,0.5294,2,1.19,0.5384,0,0
SPY190712P299,2019-07-10,2019-07-10 09:34:39,1.2,0.5429,1,1.19,0.5384,7,1.17,0.5294,2,1.195,0.5407,0,0
SPY190712P299,2019-07-10,2019-07-10 09:34:39,1.2,0.5429,23,1.19,0.5384,29,1.17,0.5294,2,1.195,0.5407,0,0
SPY190712P299,2019-07-10,2019-07-10 09:34:40,1.21,0.5475,77,1.19,0.5384,113,1.17,0.5294,2,1.2,0.5429,0,0
SPY190712P299,2019-07-10,2019-07-10 09:34:40,1.2,0.5429,26,1.19,0.5384,20,1.17,0.5294,2,1.195,0.5407,0,0
SPY190712P299,2019-07-10,2019-07-10 09:34:41,1.2,0.5429,22,1.19,0.5384,113,1.17,0.5294,2,1.195,0.5407,0,0
SPY190712P299,2019-07-10,2019-07-10 09:34:41,1.2,0.5429,26,1.18,0.5339,177,1.17,0.5294,2,1.19,0.5384,0,0
SPY190712P299,2019-07-10,2019-07-10 09:34:42,1.21,0.5475,24,1.18,0.5339,383,1.17,0.5294,2,1.195,0.5407,0,0
SPY190712P299,2019-07-10,2019-07-10 09:34:43,1.21,0.5475,27,1.19,0.5384,99,1.17,0.5294,2,1.2,0.5429,0,0
SPY190712P299,2019-07-10,2019-07-10 09:34:43,1.22,0.552,202,1.2,0.5429,7,1.17,0.5294,2,1.21,0.5475,0,0
SPY190712P299,2019-07-10,2019-07-10 09:34:44,1.21,0.5475,115,1.19,0.5384,10,1.17,0.5294,2,1.2,0.5429,0,0
SPY190712P299,2019-07-10,2019-07-10 09:34:44,1.21,0.5475,110,1.19,0.5384,10,1.17,0.5294,2,1.2,0.5429,0,0
SPY190712P299,2019-07-10,2019-07-10 09:34:45,1.2,0.5429,72,1.19,0.5384,10,1.17,0.5294,2,1.195,0.5407,0,0
SPY190712P299,2019-07-10,2019-07-10 09:34:45,1.2,0.5429,26,1.18,0.5339,210,1.17,0.5294,2,1.19,0.5384,0,0
SPY190712P299,2019-07-10,2019-07-10 09:34:46,1.2,0.5429,26,1.18,0.5339,170,1.17,0.5294,2,1.19,0.5384,0,0
SPY190712P299,2019-07-10,2019-07-10 09:34:47,1.2,0.5429,64,1.18,0.5339,124,1.17,0.5294,2,1.19,0.5384,0,0
SPY190712P299,2019-07-10,2019-07-10 09:34:47,1.2,0.5429,76,1.18,0.5339,124,1.17,0.5294,2,1.19,0.5384,0,0
SPY190712P299,2019-07-10,2019-07-10 09:34:48,1.2,0.5429,26,1.19,0.5384,69,1.17,0.5294,2,1.195,0.5407,0,0
SPY190712P299,2019-07-10,2019-07-10 09:34:48,1.21,0.5475,64,1.19,0.5384,176,1.17,0.5294,2,1.2,0.5429,0,0
SPY190712P299,2019-07-10,2019-07-10 09:34:49,1.21,0.5475,73,1.19,0.5384,121,1.17,0.5294,2,1.2,0.5429,0,0
SPY190712P299,2019-07-10,2019-07-10 09:34:50,1.2,0.5429,26,1.19,0.5384,2,1.17,0.5294,2,1.195,0.5407,0,0
SPY190712P299,2019-07-10,2019-07-10 09:34:50,1.2,0.5429,26,1.19,0.5384,121,1.17,0.5294,2,1.195,0.5407,0,0
SPY190712P299,2019-07-10,2019-07-10 09:34:51,1.2,0.5429,106,1.17,0.5294,190,1.2,0.5429,60,1.185,0.5361,0,0
SPY190712P299,2019-07-10,2019-07-10 09:34:51,1.2,0.5429,36,1.18,0.5339,492,1.2,0.5429,60,1.19,0.5384,0,0
SPY190712P299,2019-07-10,2019-07-10 09:34:52,1.19,0.5384,26,1.17,0.5294,190,1.2,0.5429,60,1.18,0.5339,0,0
SPY190712P299,2019-07-10,2019-07-10 09:34:53,1.19,0.5384,26,1.17,0.5294,190,1.2,0.5429,60,1.18,0.5339,0,0
SPY190712P299,2019-07-10,2019-07-10 09:34:54,1.19,0.5384,72,1.17,0.5294,190,1.2,0.5429,60,1.18,0.5339,0,0
SPY190712P299,2019-07-10,2019-07-10 09:34:54,1.19,0.5384,26,1.17,0.5294,190,1.2,0.5429,60,1.18,0.5339,0,0
SPY190712P299,2019-07-10,2019-07-10 09:34:55,1.19,0.5384,64,1.17,0.5294,118,1.2,0.5429,60,1.18,0.5339,0,0
SPY190712P299,2019-07-10,2019-07-10 09:34:55,1.19,0.5384,26,1.17,0.5294,178,1.2,0.5429,60,1.18,0.5339,0,0
SPY190712P299,2019-07-10,2019-07-10 09:34:56,1.19,0.5384,26,1.17,0.5294,168,1.2,0.5429,60,1.18,0.5339,0,0
SPY190712P299,2019-07-10,2019-07-10 09:34:57,1.19,0.5384,76,1.17,0.5294,178,1.2,0.5429,60,1.18,0.5339,0,0
SPY190712P299,2019-07-10,2019-07-10 09:34:57,1.18,0.5339,26,1.17,0.5294,33,1.2,0.5429,60,1.175,0.5316,0,0
SPY190712P299,2019-07-10,2019-07-10 09:34:58,1.18,0.5339,26,1.17,0.5294,33,1.2,0.5429,60,1.175,0.5316,0,0
SPY190712P299,2019-07-10,2019-07-10 09:34:59,1.17,0.5294,1,1.15,0.5203,7,1.2,0.5429,60,1.16,0.5248,0,0
SPY190712P299,2019-07-10,2019-07-10 09:35:01,1.18,0.5339,258,1.16,0.5248,109,1.2,0.5429,60,1.17,0.5294,0,0
SPY190712P299,2019-07-10,2019-07-10 09:35:02,1.18,0.5339,76,1.16,0.5248,126,1.2,0.5429,60,1.17,0.5294,0,0
SPY190712P299,2019-07-10,2019-07-10 09:35:02,1.17,0.5294,26,1.16,0.5248,36,1.2,0.5429,60,1.165,0.5271,0,0
SPY190712P299,2019-07-10,2019-07-10 09:35:03,1.18,0.5339,76,1.16,0.5248,126,1.2,0.5429,60,1.17,0.5294,0,0
SPY190712P299,2019-07-10,2019-07-10 09:35:04,1.18,0.5339,76,1.16,0.5248,126,1.2,0.5429,60,1.17,0.5294,0,0
SPY190712P299,2019-07-10,2019-07-10 09:35:06,1.17,0.5294,258,1.15,0.5203,91,1.2,0.5429,60,1.16,0.5248,0,0
SPY190712P299,2019-07-10,2019-07-10 09:35:07,1.17,0.5294,26,1.15,0.5203,89,1.2,0.5429,60,1.16,0.5248,0,0
SPY190712P299,2019-07-10,2019-07-10 09:35:08,1.17,0.5294,26,1.15,0.5203,40,1.17,0.5294,10,1.16,0.5248,0,0
SPY190712P299,2019-07-10,2019-07-10 09:35:08,1.17,0.5294,1,1.15,0.5203,117,1.2,0.5429,60,1.16,0.5248,0,0
SPY190712P299,2019-07-10,2019-07-10 09:35:09,1.17,0.5294,27,1.15,0.5203,135,1.17,0.5294,10,1.16,0.5248,0,0
SPY190712P299,2019-07-10,2019-07-10 09:35:10,1.17,0.5294,72,1.16,0.5248,40,1.17,0.5294,10,1.165,0.5271,0,0
SPY190712P299,2019-07-10,2019-07-10 09:35:10,1.18,0.5339,62,1.16,0.5248,79,1.17,0.5294,10,1.17,0.5294,0,0
SPY190712P299,2019-07-10,2019-07-10 09:35:11,1.18,0.5339,72,1.16,0.5248,80,1.17,0.5294,10,1.17,0.5294,0,0
SPY190712P299,2019-07-10,2019-07-10 09:35:11,1.17,0.5294,26,1.15,0.5203,104,1.17,0.5294,10,1.16,0.5248,0,0
SPY190712P299,2019-07-10,2019-07-10 09:35:12,1.17,0.5294,18,1.16,0.5248,66,1.17,0.5294,10,1.165,0.5271,0,0
SPY190712P299,2019-07-10,2019-07-10 09:35:13,1.18,0.5339,72,1.16,0.5248,132,1.17,0.5294,10,1.17,0.5294,0,0
SPY190712P299,2019-07-10,2019-07-10 09:35:14,1.18,0.5339,68,1.17,0.5294,15,1.17,0.5294,10,1.175,0.5316,0,0
SPY190712P299,2019-07-10,2019-07-10 09:35:14,1.18,0.5339,68,1.16,0.5248,122,1.17,0.5294,10,1.17,0.5294,0,0
SPY190712P299,2019-07-10,2019-07-10 09:35:15,1.19,0.5384,197,1.16,0.5248,130,1.17,0.5294,10,1.175,0.5316,0,0
SPY190712P299,2019-07-10,2019-07-10 09:35:16,1.17,0.5294,28,1.16,0.5248,85,1.17,0.5294,10,1.165,0.5271,0,0
SPY190712P299,2019-07-10,2019-07-10 09:35:17,1.18,0.5339,79,1.16,0.5248,85,1.17,0.5294,10,1.17,0.5294,0,0
SPY190712P299,2019-07-10,2019-07-10 09:35:18,1.18,0.5339,78,1.16,0.5248,116,1.17,0.5294,10,1.17,0.5294,0,0
SPY190712P299,2019-07-10,2019-07-10 09:35:19,1.19,0.5384,65,1.17,0.5294,191,1.17,0.5294,10,1.18,0.5339,0,0
SPY190712P299,2019-07-10,2019-07-10 09:35:20,1.18,0.5339,76,1.16,0.5248,1,1.17,0.5294,10,1.17,0.5294,0,0
SPY190712P299,2019-07-10,2019-07-10 09:35:20,1.18,0.5339,26,1.16,0.5248,206,1.17,0.5294,10,1.17,0.5294,0,0
SPY190712P299,2019-07-10,2019-07-10 09:35:21,1.17,0.5294,73,1.15,0.5203,129,1.17,0.5294,10,1.16,0.5248,0,0
SPY190712P299,2019-07-10,2019-07-10 09:35:26,1.15,0.5203,143,1.12,0.5067,181,1.15,0.5203,2,1.135,0.5135,0,0
SPY190712P299,2019-07-10,2019-07-10 09:35:26,1.15,0.5203,28,1.13,0.5113,146,1.15,0.5203,2,1.14,0.5158,0,0
SPY190712P299,2019-07-10,2019-07-10 09:35:27,1.14,0.5158,28,1.12,0.5067,429,1.15,0.5203,2,1.13,0.5113,0,0
SPY190712P299,2019-07-10,2019-07-10 09:35:28,1.14,0.5158,28,1.13,0.5113,45,1.15,0.5203,2,1.135,0.5135,0,0
SPY190712P299,2019-07-10,2019-07-10 09:35:29,1.17,0.5294,241,1.14,0.5158,15,1.15,0.5203,2,1.155,0.5226,0,0
SPY190712P299,2019-07-10,2019-07-10 09:35:29,1.16,0.5248,45,1.14,0.5158,183,1.15,0.5203,2,1.15,0.5203,0,0
SPY190712P299,2019-07-10,2019-07-10 09:35:30,1.16,0.5248,43,1.15,0.5203,53,1.15,0.5203,2,1.155,0.5226,0,0
SPY190712P299,2019-07-10,2019-07-10 09:35:30,1.16,0.5248,22,1.15,0.5203,28,1.15,0.5203,2,1.155,0.5226,0,0
SPY190712P299,2019-07-10,2019-07-10 09:35:31,1.15,0.5203,87,1.14,0.5158,22,1.15,0.5203,2,1.145,0.518,0,0
SPY190712P299,2019-07-10,2019-07-10 09:35:32,1.15,0.5203,87,1.14,0.5158,22,1.15,0.5203,2,1.145,0.518,0,0
SPY190712P299,2019-07-10,2019-07-10 09:35:32,1.16,0.5248,39,1.14,0.5158,486,1.15,0.5203,2,1.15,0.5203,0,0
SPY190712P299,2019-07-10,2019-07-10 09:35:33,1.16,0.5248,72,1.14,0.5158,139,1.15,0.5203,2,1.15,0.5203,0,0
SPY190712P299,2019-07-10,2019-07-10 09:35:33,1.16,0.5248,39,1.14,0.5158,439,1.15,0.5203,2,1.15,0.5203,0,0
SPY190712P299,2019-07-10,2019-07-10 09:35:34,1.15,0.5203,94,1.14,0.5158,10,1.15,0.5203,2,1.145,0.518,0,0
SPY190712P299,2019-07-10,2019-07-10 09:35:34,1.15,0.5203,26,1.14,0.5158,83,1.15,0.5203,2,1.145,0.518,0,0
SPY190712P299,2019-07-10,2019-07-10 09:35:35,1.15,0.5203,22,1.13,0.5113,28,1.15,0.5203,2,1.14,0.5158,0,0
SPY190712P299,2019-07-10,2019-07-10 09:35:36,1.15,0.5203,149,1.13,0.5113,143,1.15,0.5203,2,1.14,0.5158,0,0
SPY190712P299,2019-07-10,2019-07-10 09:35:36,1.15,0.5203,39,1.14,0.5158,54,1.15,0.5203,2,1.145,0.518,0,0
SPY190712P299,2019-07-10,2019-07-10 09:35:37,1.15,0.5203,80,1.14,0.5158,54,1.15,0.5203,2,1.145,0.518,0,0
SPY190712P299,2019-07-10,2019-07-10 09:35:37,1.15,0.5203,76,1.14,0.5158,46,1.15,0.5203,2,1.145,0.518,0,0
SPY190712P299,2019-07-10,2019-07-10 09:35:38,1.16,0.5248,99,1.14,0.5158,105,1.15,0.5203,2,1.15,0.5203,0,0
SPY190712P299,2019-07-10,2019-07-10 09:35:39,1.16,0.5248,133,1.14,0.5158,177,1.15,0.5203,2,1.15,0.5203,0,0
SPY190712P299,2019-07-10,2019-07-10 09:35:39,1.16,0.5248,133,1.14,0.5158,251,1.15,0.5203,2,1.15,0.5203,0,0
SPY190712P299,2019-07-10,2019-07-10 09:35:40,1.16,0.5248,133,1.14,0.5158,386,1.15,0.5203,2,1.15,0.5203,0,0
SPY190712P299,2019-07-10,2019-07-10 09:35:40,1.16,0.5248,38,1.15,0.5203,26,1.15,0.5203,2,1.155,0.5226,0,0
SPY190712P299,2019-07-10,2019-07-10 09:35:41,1.17,0.5294,183,1.15,0.5203,32,1.15,0.5203,2,1.16,0.5248,0,0
SPY190712P299,2019-07-10,2019-07-10 09:35:42,1.16,0.5248,74,1.14,0.5158,184,1.15,0.5203,2,1.15,0.5203,0,0
SPY190712P299,2019-07-10,2019-07-10 09:35:42,1.16,0.5248,60,1.15,0.5203,42,1.15,0.5203,2,1.155,0.5226,0,0
SPY190712P299,2019-07-10,2019-07-10 09:35:43,1.16,0.5248,23,1.15,0.5203,36,1.15,0.5203,2,1.155,0.5226,0,0
SPY190712P299,2019-07-10,2019-07-10 09:35:43,1.16,0.5248,67,1.14,0.5158,496,1.15,0.5203,2,1.15,0.5203,0,0
SPY190712P299,2019-07-10,2019-07-10 09:35:44,1.18,0.5339,158,1.16,0.5248,59,1.15,0.5203,2,1.17,0.5294,0,0
SPY190712P299,2019-07-10,2019-07-10 09:35:45,1.17,0.5294,26,1.16,0.5248,75,1.15,0.5203,2,1.165,0.5271,0,0
SPY190712P299,2019-07-10,2019-07-10 09:35:46,1.17,0.5294,26,1.15,0.5203,155,1.15,0.5203,2,1.16,0.5248,0,0
SPY190712P299,2019-07-10,2019-07-10 09:35:47,1.17,0.5294,58,1.16,0.5248,54,1.15,0.5203,2,1.165,0.5271,0,0
SPY190712P299,2019-07-10,2019-07-10 09:35:47,1.18,0.5339,522,1.16,0.5248,73,1.15,0.5203,2,1.17,0.5294,0,0
SPY190712P299,2019-07-10,2019-07-10 09:35:48,1.17,0.5294,101,1.16,0.5248,7,1.15,0.5203,2,1.165,0.5271,0,0
SPY190712P299,2019-07-10,2019-07-10 09:35:49,1.16,0.5248,76,1.14,0.5158,168,1.15,0.5203,2,1.15,0.5203,0,0
SPY190712P299,2019-07-10,2019-07-10 09:35:49,1.17,0.5294,137,1.15,0.5203,46,1.15,0.5203,2,1.16,0.5248,0,0
SPY190712P299,2019-07-10,2019-07-10 09:35:50,1.15,0.5203,1,1.14,0.5158,101,1.15,0.5203,1,1.145,0.518,0,0
SPY190712P299,2019-07-10,2019-07-10 09:35:51,1.17,0.5294,117,1.15,0.5203,176,1.15,0.5203,1,1.16,0.5248,0,0
SPY190712P299,2019-07-10,2019-07-10 09:35:51,1.16,0.5248,94,1.15,0.5203,56,1.15,0.5203,1,1.155,0.5226,0,0
SPY190712P299,2019-07-10,2019-07-10 09:35:52,1.17,0.5294,23,1.16,0.5248,76,1.15,0.5203,1,1.165,0.5271,0,0
SPY190712P299,2019-07-10,2019-07-10 09:35:52,1.17,0.5294,59,1.15,0.5203,143,1.15,0.5203,1,1.16,0.5248,0,0
SPY190712P299,2019-07-10,2019-07-10 09:35:53,1.16,0.5248,23,1.15,0.5203,143,1.15,0.5203,1,1.155,0.5226,0,0
SPY190712P299,2019-07-10,2019-07-10 09:35:54,1.18,0.5339,43,1.15,0.5203,88,1.15,0.5203,1,1.165,0.5271,0,0
SPY190712P299,2019-07-10,2019-07-10 09:35:54,1.17,0.5294,129,1.15,0.5203,115,1.15,0.5203,1,1.16,0.5248,0,0
SPY190712P299,2019-07-10,2019-07-10 09:35:55,1.17,0.5294,67,1.16,0.5248,53,1.17,0.5294,1,1.165,0.5271,0,0
SPY190712P299,2019-07-10,2019-07-10 09:35:55,1.17,0.5294,73,1.16,0.5248,53,1.15,0.5203,1,1.165,0.5271,0,0
SPY190712P299,2019-07-10,2019-07-10 09:35:56,1.17,0.5294,79,1.16,0.5248,71,1.17,0.5294,1,1.165,0.5271,0,0
SPY190712P299,2019-07-10,2019-07-10 09:35:56,1.17,0.5294,13,1.16,0.5248,61,1.17,0.5294,1,1.165,0.5271,0,0
SPY190712P299,2019-07-10,2019-07-10 09:35:57,1.18,0.5339,290,1.16,0.5248,61,1.17,0.5294,1,1.17,0.5294,0,0
SPY190712P299,2019-07-10,2019-07-10 09:35:58,1.17,0.5294,7,1.16,0.5248,36,1.16,0.5248,10,1.165,0.5271,0,0
SPY190712P299,2019-07-10,2019-07-10 09:35:58,1.17,0.5294,38,1.16,0.5248,36,1.16,0.5248,10,1.165,0.5271,0,0
SPY190712P299,2019-07-10,2019-07-10 09:35:59,1.18,0.5339,277,1.16,0.5248,27,1.16,0.5248,10,1.17,0.5294,0,0
SPY190712P299,2019-07-10,2019-07-10 09:35:59,1.18,0.5339,185,1.16,0.5248,39,1.16,0.5248,10,1.17,0.5294,0,0
SPY190712P299,2019-07-10,2019-07-10 09:36:00,1.18,0.5339,1,1.16,0.5248,39,1.18,0.5339,5,1.17,0.5294,0,0
SPY190712P299,2019-07-10,2019-07-10 09:36:01,1.19,0.5384,386,1.17,0.5294,76,1.18,0.5339,5,1.18,0.5339,0,0
SPY190712P299,2019-07-10,2019-07-10 09:36:01,1.18,0.5339,181,1.16,0.5248,60,1.18,0.5339,5,1.17,0.5294,0,0
SPY190712P299,2019-07-10,2019-07-10 09:36:02,1.19,0.5384,176,1.17,0.5294,138,1.18,0.5339,5,1.18,0.5339,0,0
SPY190712P299,2019-07-10,2019-07-10 09:36:03,1.19,0.5384,176,1.17,0.5294,136,1.18,0.5339,5,1.18,0.5339,0,0
SPY190712P299,2019-07-10,2019-07-10 09:36:03,1.19,0.5384,130,1.17,0.5294,125,1.18,0.5339,5,1.18,0.5339,0,0
SPY190712P299,2019-07-10,2019-07-10 09:36:04,1.19,0.5384,115,1.17,0.5294,93,1.18,0.5339,5,1.18,0.5339,0,0
SPY190712P299,2019-07-10,2019-07-10 09:36:05,1.19,0.5384,119,1.17,0.5294,87,1.18,0.5339,5,1.18,0.5339,0,0
SPY190712P299,2019-07-10,2019-07-10 09:36:05,1.18,0.5339,199,1.17,0.5294,21,1.18,0.5339,5,1.175,0.5316,0,0
SPY190712P299,2019-07-10,2019-07-10 09:36:06,1.19,0.5384,129,1.18,0.5339,1,1.18,0.5339,5,1.185,0.5361,0,0
SPY190712P299,2019-07-10,2019-07-10 09:36:06,1.19,0.5384,84,1.17,0.5294,80,1.18,0.5339,5,1.18,0.5339,0,0
SPY190712P299,2019-07-10,2019-07-10 09:36:07,1.18,0.5339,28,1.17,0.5294,13,1.17,0.5294,5,1.175,0.5316,0,0
SPY190712P299,2019-07-10,2019-07-10 09:36:07,1.18,0.5339,26,1.17,0.5294,81,1.18,0.5339,5,1.175,0.5316,0,0
SPY190712P299,2019-07-10,2019-07-10 09:36:08,1.18,0.5339,153,1.17,0.5294,5,1.17,0.5294,5,1.175,0.5316,0,0
SPY190712P299,2019-07-10,2019-07-10 09:36:09,1.18,0.5339,154,1.17,0.5294,5,1.18,0.5339,1,1.175,0.5316,0,0
SPY190712P299,2019-07-10,2019-07-10 09:36:09,1.18,0.5339,154,1.17,0.5294,5,1.17,0.5294,5,1.175,0.5316,0,0
SPY190712P299,2019-07-10,2019-07-10 09:36:11,1.15,0.5203,23,1.14,0.5158,23,1.17,0.5294,5,1.145,0.518,0,0
SPY190712P299,2019-07-10,2019-07-10 09:36:11,1.16,0.5248,126,1.13,0.5113,251,1.17,0.5294,5,1.145,0.518,0,0
SPY190712P299,2019-07-10,2019-07-10 09:36:12,1.15,0.5203,23,1.13,0.5113,103,1.17,0.5294,5,1.14,0.5158,0,0
SPY190712P299,2019-07-10,2019-07-10 09:36:12,1.15,0.5203,23,1.14,0.5158,46,1.17,0.5294,5,1.145,0.518,0,0
SPY190712P299,2019-07-10,2019-07-10 09:36:13,1.16,0.5248,109,1.15,0.5203,22,1.17,0.5294,5,1.155,0.5226,0,0
SPY190712P299,2019-07-10,2019-07-10 09:36:14,1.16,0.5248,12,1.14,0.5158,314,1.17,0.5294,5,1.15,0.5203,0,0
SPY190712P299,2019-07-10,2019-07-10 09:36:14,1.17,0.5294,154,1.15,0.5203,47,1.17,0.5294,5,1.16,0.5248,0,0
SPY190712P299,2019-07-10,2019-07-10 09:36:15,1.17,0.5294,356,1.14,0.5158,314,1.17,0.5294,5,1.155,0.5226,0,0
SPY190712P299,2019-07-10,2019-07-10 09:36:15,1.17,0.5294,145,1.15,0.5203,98,1.17,0.5294,5,1.16,0.5248,0,0
SPY190712P299,2019-07-10,2019-07-10 09:36:16,1.17,0.5294,145,1.15,0.5203,98,1.17,0.5294,5,1.16,0.5248,0,0
SPY190712P299,2019-07-10,2019-07-10 09:36:18,1.17,0.5294,89,1.15,0.5203,100,1.17,0.5294,5,1.16,0.5248,0,0
SPY190712P299,2019-07-10,2019-07-10 09:36:19,1.17,0.5294,63,1.16,0.5248,1,1.17,0.5294,5,1.165,0.5271,0,0
SPY190712P299,2019-07-10,2019-07-10 09:36:19,1.17,0.5294,63,1.16,0.5248,23,1.17,0.5294,5,1.165,0.5271,0,0
SPY190712P299,2019-07-10,2019-07-10 09:36:20,1.17,0.5294,123,1.15,0.5203,68,1.17,0.5294,5,1.16,0.5248,0,0
SPY190712P299,2019-07-10,2019-07-10 09:36:20,1.17,0.5294,63,1.15,0.5203,68,1.17,0.5294,5,1.16,0.5248,0,0
SPY190712P299,2019-07-10,2019-07-10 09:36:21,1.17,0.5294,34,1.16,0.5248,21,1.17,0.5294,5,1.165,0.5271,0,0
SPY190712P299,2019-07-10,2019-07-10 09:36:21,1.17,0.5294,63,1.16,0.5248,24,1.17,0.5294,5,1.165,0.5271,0,0
SPY190712P299,2019-07-10,2019-07-10 09:36:22,1.17,0.5294,34,1.16,0.5248,21,1.17,0.5294,5,1.165,0.5271,0,0
SPY190712P299,2019-07-10,2019-07-10 09:36:23,1.17,0.5294,34,1.16,0.5248,21,1.17,0.5294,5,1.165,0.5271,0,0
SPY190712P299,2019-07-10,2019-07-10 09:36:24,1.17,0.5294,71,1.16,0.5248,18,1.17,0.5294,5,1.165,0.5271,0,0
SPY190712P299,2019-07-10,2019-07-10 09:36:24,1.17,0.5294,81,1.16,0.5248,35,1.17,0.5294,5,1.165,0.5271,0,0
SPY190712P299,2019-07-10,2019-07-10 09:36:25,1.18,0.5339,290,1.16,0.5248,32,1.17,0.5294,5,1.17,0.5294,0,0
SPY190712P299,2019-07-10,2019-07-10 09:36:26,1.19,0.5384,119,1.17,0.5294,77,1.17,0.5294,5,1.18,0.5339,0,0
SPY190712P299,2019-07-10,2019-07-10 09:36:26,1.19,0.5384,120,1.17,0.5294,77,1.17,0.5294,5,1.18,0.5339,0,0
SPY190712P299,2019-07-10,2019-07-10 09:36:27,1.2,0.5429,89,1.18,0.5339,13,1.17,0.5294,5,1.19,0.5384,0,0
SPY190712P299,2019-07-10,2019-07-10 09:36:27,1.19,0.5384,181,1.17,0.5294,87,1.17,0.5294,5,1.18,0.5339,0,0
SPY190712P299,2019-07-10,2019-07-10 09:36:28,1.2,0.5429,131,1.19,0.5384,13,1.17,0.5294,5,1.195,0.5407,0,0
SPY190712P299,2019-07-10,2019-07-10 09:36:28,1.2,0.5429,181,1.19,0.5384,1,1.17,0.5294,5,1.195,0.5407,0,0
SPY190712P299,2019-07-10,2019-07-10 09:36:29,1.2,0.5429,181,1.18,0.5339,76,1.17,0.5294,5,1.19,0.5384,0,0
SPY190712P299,2019-07-10,2019-07-10 09:36:30,1.2,0.5429,169,1.18,0.5339,80,1.17,0.5294,5,1.19,0.5384,0,0
SPY190712P299,2019-07-10,2019-07-10 09:36:30,1.2,0.5429,157,1.18,0.5339,19,1.17,0.5294,5,1.19,0.5384,0,0
SPY190712P299,2019-07-10,2019-07-10 09:36:31,1.2,0.5429,169,1.19,0.5384,28,1.17,0.5294,5,1.195,0.5407,0,0
SPY190712P299,2019-07-10,2019-07-10 09:36:31,1.2,0.5429,169,1.19,0.5384,1,1.17,0.5294,5,1.195,0.5407,0,0
SPY190712P299,2019-07-10,2019-07-10 09:36:32,1.2,0.5429,169,1.18,0.5339,83,1.17,0.5294,5,1.19,0.5384,0,0
SPY190712P299,2019-07-10,2019-07-10 09:36:32,1.2,0.5429,169,1.19,0.5384,1,1.17,0.5294,5,1.195,0.5407,0,0
SPY190712P299,2019-07-10,2019-07-10 09:36:34,1.2,0.5429,7,1.19,0.5384,19,1.17,0.5294,5,1.195,0.5407,0,0
SPY190712P299,2019-07-10,2019-07-10 09:36:34,1.21,0.5475,81,1.19,0.5384,82,1.17,0.5294,5,1.2,0.5429,0,0
SPY190712P299,2019-07-10,2019-07-10 09:36:35,1.2,0.5429,76,1.19,0.5384,23,1.17,0.5294,5,1.195,0.5407,0,0
SPY190712P299,2019-07-10,2019-07-10 09:36:35,1.2,0.5429,26,1.19,0.5384,25,1.17,0.5294,5,1.195,0.5407,0,0
SPY190712P299,2019-07-10,2019-07-10 09:36:36,1.2,0.5429,26,1.19,0.5384,79,1.17,0.5294,5,1.195,0.5407,0,0
SPY190712P299,2019-07-10,2019-07-10 09:36:36,1.22,0.552,429,1.2,0.5429,26,1.17,0.5294,5,1.21,0.5475,0,0
SPY190712P299,2019-07-10,2019-07-10 09:36:37,1.23,0.5565,130,1.2,0.5429,141,1.17,0.5294,5,1.215,0.5497,0,0
SPY190712P299,2019-07-10,2019-07-10 09:36:37,1.22,0.552,28,1.2,0.5429,30,1.17,0.5294,5,1.21,0.5475,0,0
SPY190712P299,2019-07-10,2019-07-10 09:36:38,1.23,0.5565,150,1.21,0.5475,26,1.17,0.5294,5,1.22,0.552,0,0
SPY190712P299,2019-07-10,2019-07-10 09:36:39,1.23,0.5565,146,1.21,0.5475,33,1.17,0.5294,5,1.22,0.552,0,0
SPY190712P299,2019-07-10,2019-07-10 09:36:39,1.23,0.5565,156,1.21,0.5475,33,1.17,0.5294,5,1.22,0.552,0,0
SPY190712P299,2019-07-10,2019-07-10 09:36:40,1.23,0.5565,12,1.21,0.5475,71,1.17,0.5294,5,1.22,0.552,0,0
SPY190712P299,2019-07-10,2019-07-10 09:36:40,1.23,0.5565,223,1.21,0.5475,23,1.17,0.5294,5,1.22,0.552,0,0
SPY190712P299,2019-07-10,2019-07-10 09:36:41,1.24,0.561,142,1.22,0.552,24,1.17,0.5294,5,1.23,0.5565,0,0
SPY190712P299,2019-07-10,2019-07-10 09:36:42,1.22,0.552,1,1.21,0.5475,24,1.17,0.5294,5,1.215,0.5497,0,0
