symbol,Date,quote_time,ask_price,norm_ask_price,ask_size,bid_price,norm_bid_price,bid_size,last_trade_price,norm_last_trade_price,last_trade_size,mark_price,norm_mark_price,volume,Volume
IWM190906P146,2019-08-30,2019-08-30 09:30:01,0.59,1.0,41,0.52,0.8813,60,0.55,0.9322,5,0.555,0.9406,65,65
IWM190906P146,2019-08-30,2019-08-30 09:30:02,0.59,1.0,41,0.52,0.8813,60,0.55,0.9322,5,0.555,0.9406,65,0
IWM190906P146,2019-08-30,2019-08-30 09:30:02,0.59,1.0,41,0.52,0.8813,311,0.55,0.9322,5,0.555,0.9406,65,0
IWM190906P146,2019-08-30,2019-08-30 09:30:03,0.6,1.0169,60,0.53,0.8983,1,0.55,0.9322,5,0.565,0.9576,65,0
IWM190906P146,2019-08-30,2019-08-30 09:30:03,0.59,1.0,41,0.52,0.8813,311,0.55,0.9322,5,0.555,0.9406,65,0
IWM190906P146,2019-08-30,2019-08-30 09:30:04,0.6,1.0169,60,0.53,0.8983,1,0.55,0.9322,5,0.565,0.9576,65,0
IWM190906P146,2019-08-30,2019-08-30 09:30:05,0.6,1.0169,60,0.53,0.8983,1,0.55,0.9322,5,0.565,0.9576,65,0
IWM190906P146,2019-08-30,2019-08-30 09:30:06,0.6,1.0169,228,0.54,0.9152,158,0.55,0.9322,5,0.57,0.9661,65,0
IWM190906P146,2019-08-30,2019-08-30 09:30:06,0.6,1.0169,60,0.53,0.8983,226,0.55,0.9322,5,0.565,0.9576,65,0
IWM190906P146,2019-08-30,2019-08-30 09:30:07,0.6,1.0169,228,0.54,0.9152,218,0.55,0.9322,5,0.57,0.9661,65,0
IWM190906P146,2019-08-30,2019-08-30 09:30:08,0.6,1.0169,85,0.54,0.9152,218,0.55,0.9322,5,0.57,0.9661,65,0
IWM190906P146,2019-08-30,2019-08-30 09:30:08,0.6,1.0169,70,0.54,0.9152,218,0.55,0.9322,5,0.57,0.9661,65,0
IWM190906P146,2019-08-30,2019-08-30 09:30:09,0.6,1.0169,65,0.54,0.9152,218,0.55,0.9322,5,0.57,0.9661,65,0
IWM190906P146,2019-08-30,2019-08-30 09:30:10,0.59,1.0,5,0.55,0.9322,158,0.55,0.9322,5,0.57,0.9661,65,0
IWM190906P146,2019-08-30,2019-08-30 09:30:10,0.59,1.0,117,0.54,0.9152,297,0.55,0.9322,5,0.565,0.9576,65,0
IWM190906P146,2019-08-30,2019-08-30 09:30:11,0.59,1.0,10,0.55,0.9322,368,0.55,0.9322,5,0.57,0.9661,65,0
IWM190906P146,2019-08-30,2019-08-30 09:30:11,0.6,1.0169,141,0.55,0.9322,397,0.55,0.9322,5,0.575,0.9745,65,0
IWM190906P146,2019-08-30,2019-08-30 09:30:12,0.59,1.0,10,0.55,0.9322,397,0.55,0.9322,5,0.57,0.9661,65,0
IWM190906P146,2019-08-30,2019-08-30 09:30:13,0.59,1.0,10,0.56,0.9491,204,0.55,0.9322,5,0.575,0.9745,65,0
IWM190906P146,2019-08-30,2019-08-30 09:30:13,0.6,1.0169,65,0.56,0.9491,183,0.55,0.9322,5,0.58,0.983,65,0
IWM190906P146,2019-08-30,2019-08-30 09:30:14,0.6,1.0169,10,0.56,0.9491,204,0.55,0.9322,5,0.58,0.983,65,0
IWM190906P146,2019-08-30,2019-08-30 09:30:14,0.6,1.0169,10,0.57,0.9661,50,0.55,0.9322,5,0.585,0.9915,65,0
IWM190906P146,2019-08-30,2019-08-30 09:30:15,0.6,1.0169,1,0.57,0.9661,50,0.55,0.9322,5,0.585,0.9915,65,0
IWM190906P146,2019-08-30,2019-08-30 09:30:15,0.61,1.0338,79,0.57,0.9661,50,0.55,0.9322,5,0.59,1.0,65,0
IWM190906P146,2019-08-30,2019-08-30 09:30:16,0.6,1.0169,12,0.57,0.9661,50,0.55,0.9322,5,0.585,0.9915,65,0
IWM190906P146,2019-08-30,2019-08-30 09:30:17,0.6,1.0169,352,0.57,0.9661,99,0.55,0.9322,5,0.585,0.9915,65,0
IWM190906P146,2019-08-30,2019-08-30 09:30:17,0.6,1.0169,249,0.57,0.9661,56,0.55,0.9322,5,0.585,0.9915,65,0
IWM190906P146,2019-08-30,2019-08-30 09:30:18,0.6,1.0169,170,0.57,0.9661,99,0.55,0.9322,5,0.585,0.9915,65,0
IWM190906P146,2019-08-30,2019-08-30 09:30:18,0.6,1.0169,352,0.57,0.9661,99,0.55,0.9322,5,0.585,0.9915,65,0
IWM190906P146,2019-08-30,2019-08-30 09:30:19,0.6,1.0169,170,0.57,0.9661,99,0.55,0.9322,5,0.585,0.9915,65,0
IWM190906P146,2019-08-30,2019-08-30 09:30:19,0.6,1.0169,156,0.57,0.9661,99,0.55,0.9322,5,0.585,0.9915,65,0
IWM190906P146,2019-08-30,2019-08-30 09:30:20,0.6,1.0169,25,0.57,0.9661,69,0.55,0.9322,5,0.585,0.9915,65,0
IWM190906P146,2019-08-30,2019-08-30 09:30:20,0.6,1.0169,101,0.57,0.9661,99,0.55,0.9322,5,0.585,0.9915,65,0
IWM190906P146,2019-08-30,2019-08-30 09:30:21,0.6,1.0169,11,0.57,0.9661,69,0.55,0.9322,5,0.585,0.9915,65,0
IWM190906P146,2019-08-30,2019-08-30 09:30:21,0.6,1.0169,25,0.57,0.9661,69,0.55,0.9322,5,0.585,0.9915,65,0
IWM190906P146,2019-08-30,2019-08-30 09:30:22,0.6,1.0169,11,0.57,0.9661,69,0.55,0.9322,5,0.585,0.9915,65,0
IWM190906P146,2019-08-30,2019-08-30 09:30:22,0.6,1.0169,136,0.57,0.9661,50,0.55,0.9322,5,0.585,0.9915,65,0
IWM190906P146,2019-08-30,2019-08-30 09:30:23,0.6,1.0169,174,0.57,0.9661,50,0.55,0.9322,5,0.585,0.9915,65,0
IWM190906P146,2019-08-30,2019-08-30 09:30:24,0.59,1.0,1,0.57,0.9661,25,0.55,0.9322,5,0.58,0.983,65,0
IWM190906P146,2019-08-30,2019-08-30 09:30:24,0.6,1.0169,174,0.57,0.9661,50,0.55,0.9322,5,0.585,0.9915,65,0
IWM190906P146,2019-08-30,2019-08-30 09:30:25,0.59,1.0,11,0.56,0.9491,361,0.55,0.9322,5,0.575,0.9745,65,0
IWM190906P146,2019-08-30,2019-08-30 09:30:25,0.59,1.0,20,0.56,0.9491,297,0.55,0.9322,5,0.575,0.9745,65,0
IWM190906P146,2019-08-30,2019-08-30 09:30:26,0.59,1.0,20,0.56,0.9491,297,0.55,0.9322,5,0.575,0.9745,65,0
IWM190906P146,2019-08-30,2019-08-30 09:30:27,0.59,1.0,20,0.56,0.9491,297,0.55,0.9322,5,0.575,0.9745,65,0
IWM190906P146,2019-08-30,2019-08-30 09:30:27,0.59,1.0,20,0.56,0.9491,394,0.55,0.9322,5,0.575,0.9745,65,0
IWM190906P146,2019-08-30,2019-08-30 09:30:28,0.59,1.0,20,0.56,0.9491,98,0.55,0.9322,5,0.575,0.9745,65,0
IWM190906P146,2019-08-30,2019-08-30 09:30:28,0.59,1.0,20,0.56,0.9491,50,0.55,0.9322,5,0.575,0.9745,65,0
IWM190906P146,2019-08-30,2019-08-30 09:30:29,0.59,1.0,20,0.56,0.9491,101,0.55,0.9322,5,0.575,0.9745,65,0
IWM190906P146,2019-08-30,2019-08-30 09:30:29,0.59,1.0,20,0.56,0.9491,50,0.55,0.9322,5,0.575,0.9745,65,0
IWM190906P146,2019-08-30,2019-08-30 09:30:30,0.59,1.0,20,0.56,0.9491,50,0.55,0.9322,5,0.575,0.9745,65,0
IWM190906P146,2019-08-30,2019-08-30 09:30:31,0.58,0.983,2,0.56,0.9491,50,0.55,0.9322,5,0.57,0.9661,65,0
IWM190906P146,2019-08-30,2019-08-30 09:30:31,0.58,0.983,89,0.54,0.9152,311,0.55,0.9322,5,0.56,0.9491,65,0
IWM190906P146,2019-08-30,2019-08-30 09:30:32,0.58,0.983,166,0.54,0.9152,311,0.55,0.9322,5,0.56,0.9491,65,0
IWM190906P146,2019-08-30,2019-08-30 09:30:32,0.58,0.983,153,0.55,0.9322,82,0.55,0.9322,5,0.565,0.9576,65,0
IWM190906P146,2019-08-30,2019-08-30 09:30:33,0.58,0.983,349,0.55,0.9322,82,0.55,0.9322,5,0.565,0.9576,65,0
IWM190906P146,2019-08-30,2019-08-30 09:30:34,0.58,0.983,197,0.55,0.9322,237,0.55,0.9322,5,0.565,0.9576,65,0
IWM190906P146,2019-08-30,2019-08-30 09:30:34,0.58,0.983,291,0.55,0.9322,235,0.55,0.9322,5,0.565,0.9576,65,0
IWM190906P146,2019-08-30,2019-08-30 09:30:35,0.58,0.983,465,0.55,0.9322,20,0.55,0.9322,5,0.565,0.9576,65,0
IWM190906P146,2019-08-30,2019-08-30 09:30:35,0.58,0.983,302,0.55,0.9322,84,0.55,0.9322,5,0.565,0.9576,65,0
IWM190906P146,2019-08-30,2019-08-30 09:30:36,0.58,0.983,465,0.55,0.9322,20,0.55,0.9322,5,0.565,0.9576,65,0
IWM190906P146,2019-08-30,2019-08-30 09:30:37,0.58,0.983,465,0.55,0.9322,20,0.55,0.9322,5,0.565,0.9576,65,0
IWM190906P146,2019-08-30,2019-08-30 09:30:38,0.57,0.9661,6,0.55,0.9322,20,0.55,0.9322,5,0.56,0.9491,65,0
IWM190906P146,2019-08-30,2019-08-30 09:30:38,0.58,0.983,52,0.55,0.9322,20,0.55,0.9322,5,0.565,0.9576,65,0
IWM190906P146,2019-08-30,2019-08-30 09:30:39,0.58,0.983,76,0.55,0.9322,20,0.55,0.9322,5,0.565,0.9576,65,0
IWM190906P146,2019-08-30,2019-08-30 09:30:39,0.58,0.983,86,0.55,0.9322,20,0.55,0.9322,5,0.565,0.9576,65,0
IWM190906P146,2019-08-30,2019-08-30 09:30:40,0.58,0.983,33,0.55,0.9322,20,0.55,0.9322,5,0.565,0.9576,65,0
IWM190906P146,2019-08-30,2019-08-30 09:30:41,0.58,0.983,33,0.55,0.9322,20,0.55,0.9322,5,0.565,0.9576,65,0
IWM190906P146,2019-08-30,2019-08-30 09:30:42,0.58,0.983,33,0.55,0.9322,20,0.55,0.9322,5,0.565,0.9576,65,0
IWM190906P146,2019-08-30,2019-08-30 09:30:43,0.58,0.983,33,0.55,0.9322,20,0.55,0.9322,5,0.565,0.9576,65,0
IWM190906P146,2019-08-30,2019-08-30 09:30:44,0.58,0.983,27,0.55,0.9322,20,0.55,0.9322,5,0.565,0.9576,65,0
IWM190906P146,2019-08-30,2019-08-30 09:30:45,0.58,0.983,27,0.55,0.9322,20,0.55,0.9322,5,0.565,0.9576,65,0
IWM190906P146,2019-08-30,2019-08-30 09:30:46,0.58,0.983,27,0.55,0.9322,20,0.55,0.9322,5,0.565,0.9576,65,0
IWM190906P146,2019-08-30,2019-08-30 09:30:47,0.58,0.983,27,0.55,0.9322,20,0.55,0.9322,5,0.565,0.9576,65,0
IWM190906P146,2019-08-30,2019-08-30 09:30:48,0.58,0.983,27,0.55,0.9322,20,0.55,0.9322,5,0.565,0.9576,65,0
IWM190906P146,2019-08-30,2019-08-30 09:30:49,0.58,0.983,27,0.55,0.9322,20,0.55,0.9322,5,0.565,0.9576,65,0
IWM190906P146,2019-08-30,2019-08-30 09:30:50,0.58,0.983,27,0.55,0.9322,20,0.55,0.9322,5,0.565,0.9576,65,0
IWM190906P146,2019-08-30,2019-08-30 09:30:51,0.58,0.983,27,0.55,0.9322,20,0.55,0.9322,5,0.565,0.9576,65,0
IWM190906P146,2019-08-30,2019-08-30 09:30:51,0.58,0.983,43,0.55,0.9322,50,0.55,0.9322,5,0.565,0.9576,65,0
IWM190906P146,2019-08-30,2019-08-30 09:30:52,0.58,0.983,43,0.55,0.9322,13,0.55,0.9322,5,0.565,0.9576,65,0
IWM190906P146,2019-08-30,2019-08-30 09:30:52,0.58,0.983,43,0.55,0.9322,20,0.55,0.9322,5,0.565,0.9576,65,0
IWM190906P146,2019-08-30,2019-08-30 09:30:53,0.58,0.983,297,0.55,0.9322,20,0.55,0.9322,5,0.565,0.9576,65,0
IWM190906P146,2019-08-30,2019-08-30 09:30:53,0.58,0.983,43,0.55,0.9322,13,0.55,0.9322,5,0.565,0.9576,65,0
IWM190906P146,2019-08-30,2019-08-30 09:30:54,0.58,0.983,501,0.55,0.9322,20,0.55,0.9322,5,0.565,0.9576,65,0
IWM190906P146,2019-08-30,2019-08-30 09:30:55,0.58,0.983,517,0.55,0.9322,20,0.55,0.9322,5,0.565,0.9576,65,0
IWM190906P146,2019-08-30,2019-08-30 09:30:55,0.58,0.983,501,0.55,0.9322,20,0.55,0.9322,5,0.565,0.9576,65,0
IWM190906P146,2019-08-30,2019-08-30 09:30:56,0.57,0.9661,41,0.54,0.9152,641,0.55,0.9322,5,0.555,0.9406,65,0
IWM190906P146,2019-08-30,2019-08-30 09:30:56,0.57,0.9661,24,0.55,0.9322,20,0.55,0.9322,5,0.56,0.9491,65,0
IWM190906P146,2019-08-30,2019-08-30 09:30:57,0.57,0.9661,138,0.54,0.9152,495,0.55,0.9322,5,0.555,0.9406,65,0
IWM190906P146,2019-08-30,2019-08-30 09:30:57,0.57,0.9661,202,0.54,0.9152,119,0.55,0.9322,5,0.555,0.9406,65,0
IWM190906P146,2019-08-30,2019-08-30 09:30:58,0.57,0.9661,304,0.54,0.9152,156,0.55,0.9322,5,0.555,0.9406,65,0
IWM190906P146,2019-08-30,2019-08-30 09:30:58,0.57,0.9661,288,0.54,0.9152,134,0.55,0.9322,5,0.555,0.9406,65,0
IWM190906P146,2019-08-30,2019-08-30 09:30:59,0.57,0.9661,20,0.54,0.9152,324,0.55,0.9322,5,0.555,0.9406,65,0
IWM190906P146,2019-08-30,2019-08-30 09:30:59,0.57,0.9661,294,0.54,0.9152,156,0.55,0.9322,5,0.555,0.9406,65,0
IWM190906P146,2019-08-30,2019-08-30 09:31:00,0.57,0.9661,20,0.54,0.9152,324,0.55,0.9322,5,0.555,0.9406,65,0
IWM190906P146,2019-08-30,2019-08-30 09:31:01,0.57,0.9661,24,0.54,0.9152,137,0.55,0.9322,5,0.555,0.9406,65,0
IWM190906P146,2019-08-30,2019-08-30 09:31:01,0.57,0.9661,20,0.54,0.9152,384,0.55,0.9322,5,0.555,0.9406,65,0
IWM190906P146,2019-08-30,2019-08-30 09:31:02,0.57,0.9661,24,0.54,0.9152,168,0.55,0.9322,5,0.555,0.9406,65,0
IWM190906P146,2019-08-30,2019-08-30 09:31:03,0.57,0.9661,24,0.54,0.9152,168,0.55,0.9322,5,0.555,0.9406,65,0
IWM190906P146,2019-08-30,2019-08-30 09:31:04,0.57,0.9661,24,0.54,0.9152,230,0.55,0.9322,5,0.555,0.9406,65,0
IWM190906P146,2019-08-30,2019-08-30 09:31:05,0.57,0.9661,24,0.54,0.9152,230,0.55,0.9322,5,0.555,0.9406,65,0
IWM190906P146,2019-08-30,2019-08-30 09:31:05,0.57,0.9661,24,0.54,0.9152,421,0.55,0.9322,5,0.555,0.9406,65,0
IWM190906P146,2019-08-30,2019-08-30 09:31:06,0.57,0.9661,24,0.55,0.9322,20,0.55,0.9322,5,0.56,0.9491,65,0
IWM190906P146,2019-08-30,2019-08-30 09:31:06,0.57,0.9661,24,0.54,0.9152,327,0.55,0.9322,5,0.555,0.9406,65,0
IWM190906P146,2019-08-30,2019-08-30 09:31:07,0.57,0.9661,166,0.55,0.9322,20,0.55,0.9322,5,0.56,0.9491,65,0
IWM190906P146,2019-08-30,2019-08-30 09:31:07,0.57,0.9661,93,0.55,0.9322,20,0.55,0.9322,5,0.56,0.9491,65,0
IWM190906P146,2019-08-30,2019-08-30 09:31:08,0.57,0.9661,237,0.55,0.9322,20,0.55,0.9322,5,0.56,0.9491,65,0
IWM190906P146,2019-08-30,2019-08-30 09:31:08,0.57,0.9661,24,0.55,0.9322,20,0.55,0.9322,5,0.56,0.9491,65,0
IWM190906P146,2019-08-30,2019-08-30 09:31:09,0.57,0.9661,10,0.56,0.9491,31,0.55,0.9322,5,0.565,0.9576,65,0
IWM190906P146,2019-08-30,2019-08-30 09:31:09,0.58,0.983,154,0.56,0.9491,10,0.55,0.9322,5,0.57,0.9661,65,0
IWM190906P146,2019-08-30,2019-08-30 09:31:10,0.57,0.9661,14,0.55,0.9322,30,0.55,0.9322,5,0.56,0.9491,65,0
IWM190906P146,2019-08-30,2019-08-30 09:31:10,0.57,0.9661,20,0.55,0.9322,30,0.55,0.9322,5,0.56,0.9491,65,0
IWM190906P146,2019-08-30,2019-08-30 09:31:11,0.57,0.9661,20,0.56,0.9491,20,0.55,0.9322,5,0.565,0.9576,65,0
IWM190906P146,2019-08-30,2019-08-30 09:31:11,0.57,0.9661,20,0.55,0.9322,20,0.55,0.9322,5,0.56,0.9491,65,0
IWM190906P146,2019-08-30,2019-08-30 09:31:12,0.57,0.9661,20,0.55,0.9322,150,0.55,0.9322,5,0.56,0.9491,65,0
IWM190906P146,2019-08-30,2019-08-30 09:31:13,0.57,0.9661,31,0.55,0.9322,30,0.55,0.9322,5,0.56,0.9491,65,0
IWM190906P146,2019-08-30,2019-08-30 09:31:13,0.57,0.9661,20,0.55,0.9322,150,0.55,0.9322,5,0.56,0.9491,65,0
IWM190906P146,2019-08-30,2019-08-30 09:31:14,0.57,0.9661,20,0.55,0.9322,122,0.55,0.9322,5,0.56,0.9491,65,0
IWM190906P146,2019-08-30,2019-08-30 09:31:15,0.57,0.9661,70,0.55,0.9322,84,0.55,0.9322,5,0.56,0.9491,65,0
IWM190906P146,2019-08-30,2019-08-30 09:31:15,0.57,0.9661,30,0.55,0.9322,72,0.55,0.9322,5,0.56,0.9491,65,0
IWM190906P146,2019-08-30,2019-08-30 09:31:16,0.57,0.9661,206,0.55,0.9322,84,0.55,0.9322,5,0.56,0.9491,65,0
IWM190906P146,2019-08-30,2019-08-30 09:31:16,0.57,0.9661,259,0.55,0.9322,84,0.55,0.9322,5,0.56,0.9491,65,0
IWM190906P146,2019-08-30,2019-08-30 09:31:17,0.57,0.9661,56,0.55,0.9322,84,0.55,0.9322,5,0.56,0.9491,65,0
IWM190906P146,2019-08-30,2019-08-30 09:31:17,0.57,0.9661,206,0.55,0.9322,84,0.55,0.9322,5,0.56,0.9491,65,0
IWM190906P146,2019-08-30,2019-08-30 09:31:18,0.57,0.9661,22,0.56,0.9491,20,0.55,0.9322,5,0.565,0.9576,65,0
IWM190906P146,2019-08-30,2019-08-30 09:31:19,0.57,0.9661,22,0.56,0.9491,20,0.55,0.9322,5,0.565,0.9576,65,0
IWM190906P146,2019-08-30,2019-08-30 09:31:20,0.58,0.983,344,0.56,0.9491,20,0.55,0.9322,5,0.57,0.9661,65,0
IWM190906P146,2019-08-30,2019-08-30 09:31:20,0.58,0.983,356,0.56,0.9491,20,0.55,0.9322,5,0.57,0.9661,65,0
IWM190906P146,2019-08-30,2019-08-30 09:31:21,0.58,0.983,117,0.57,0.9661,20,0.55,0.9322,5,0.575,0.9745,65,0
IWM190906P146,2019-08-30,2019-08-30 09:31:21,0.58,0.983,211,0.56,0.9491,20,0.55,0.9322,5,0.57,0.9661,65,0
IWM190906P146,2019-08-30,2019-08-30 09:31:22,0.58,0.983,23,0.57,0.9661,20,0.55,0.9322,5,0.575,0.9745,65,0
IWM190906P146,2019-08-30,2019-08-30 09:31:23,0.59,1.0,234,0.57,0.9661,4,0.55,0.9322,5,0.58,0.983,65,0
IWM190906P146,2019-08-30,2019-08-30 09:31:23,0.58,0.983,23,0.57,0.9661,10,0.55,0.9322,5,0.575,0.9745,65,0
IWM190906P146,2019-08-30,2019-08-30 09:31:24,0.59,1.0,30,0.57,0.9661,20,0.55,0.9322,5,0.58,0.983,65,0
IWM190906P146,2019-08-30,2019-08-30 09:31:24,0.59,1.0,234,0.57,0.9661,4,0.55,0.9322,5,0.58,0.983,65,0
IWM190906P146,2019-08-30,2019-08-30 09:31:25,0.59,1.0,219,0.57,0.9661,20,0.55,0.9322,5,0.58,0.983,65,0
IWM190906P146,2019-08-30,2019-08-30 09:31:25,0.59,1.0,202,0.57,0.9661,92,0.55,0.9322,5,0.58,0.983,65,0
IWM190906P146,2019-08-30,2019-08-30 09:31:26,0.59,1.0,95,0.57,0.9661,30,0.55,0.9322,5,0.58,0.983,65,0
IWM190906P146,2019-08-30,2019-08-30 09:31:26,0.59,1.0,22,0.58,0.983,4,0.55,0.9322,5,0.585,0.9915,65,0
IWM190906P146,2019-08-30,2019-08-30 09:31:27,0.59,1.0,22,0.58,0.983,4,0.55,0.9322,5,0.585,0.9915,65,0
IWM190906P146,2019-08-30,2019-08-30 09:31:28,0.6,1.0169,196,0.58,0.983,20,0.55,0.9322,5,0.59,1.0,65,0
IWM190906P146,2019-08-30,2019-08-30 09:31:28,0.59,1.0,22,0.58,0.983,4,0.55,0.9322,5,0.585,0.9915,65,0
IWM190906P146,2019-08-30,2019-08-30 09:31:29,0.59,1.0,53,0.58,0.983,4,0.55,0.9322,5,0.585,0.9915,65,0
IWM190906P146,2019-08-30,2019-08-30 09:31:30,0.59,1.0,56,0.57,0.9661,63,0.55,0.9322,5,0.58,0.983,65,0
IWM190906P146,2019-08-30,2019-08-30 09:31:30,0.59,1.0,56,0.57,0.9661,72,0.55,0.9322,5,0.58,0.983,65,0
IWM190906P146,2019-08-30,2019-08-30 09:31:31,0.59,1.0,56,0.57,0.9661,23,0.55,0.9322,5,0.58,0.983,65,0
IWM190906P146,2019-08-30,2019-08-30 09:31:31,0.59,1.0,56,0.57,0.9661,20,0.55,0.9322,5,0.58,0.983,65,0
IWM190906P146,2019-08-30,2019-08-30 09:31:32,0.59,1.0,53,0.57,0.9661,23,0.55,0.9322,5,0.58,0.983,65,0
IWM190906P146,2019-08-30,2019-08-30 09:31:32,0.59,1.0,53,0.57,0.9661,20,0.55,0.9322,5,0.58,0.983,65,0
IWM190906P146,2019-08-30,2019-08-30 09:31:33,0.59,1.0,30,0.57,0.9661,10,0.55,0.9322,5,0.58,0.983,65,0
IWM190906P146,2019-08-30,2019-08-30 09:31:33,0.59,1.0,30,0.57,0.9661,20,0.55,0.9322,5,0.58,0.983,65,0
IWM190906P146,2019-08-30,2019-08-30 09:31:34,0.59,1.0,30,0.57,0.9661,20,0.55,0.9322,5,0.58,0.983,65,0
IWM190906P146,2019-08-30,2019-08-30 09:31:34,0.59,1.0,30,0.57,0.9661,46,0.55,0.9322,5,0.58,0.983,65,0
IWM190906P146,2019-08-30,2019-08-30 09:31:35,0.6,1.0169,82,0.58,0.983,10,0.55,0.9322,5,0.59,1.0,65,0
IWM190906P146,2019-08-30,2019-08-30 09:31:35,0.59,1.0,30,0.58,0.983,6,0.55,0.9322,5,0.585,0.9915,65,0
IWM190906P146,2019-08-30,2019-08-30 09:31:36,0.6,1.0169,386,0.59,1.0,4,0.55,0.9322,5,0.595,1.0084,65,0
IWM190906P146,2019-08-30,2019-08-30 09:31:36,0.59,1.0,1,0.58,0.983,4,0.55,0.9322,5,0.585,0.9915,65,0
IWM190906P146,2019-08-30,2019-08-30 09:31:37,0.6,1.0169,42,0.59,1.0,4,0.55,0.9322,5,0.595,1.0084,65,0
IWM190906P146,2019-08-30,2019-08-30 09:31:37,0.59,1.0,131,0.58,0.983,4,0.55,0.9322,5,0.585,0.9915,65,0
IWM190906P146,2019-08-30,2019-08-30 09:31:38,0.6,1.0169,30,0.59,1.0,4,0.55,0.9322,5,0.595,1.0084,65,0
IWM190906P146,2019-08-30,2019-08-30 09:31:39,0.6,1.0169,10,0.59,1.0,6,0.55,0.9322,5,0.595,1.0084,65,0
IWM190906P146,2019-08-30,2019-08-30 09:31:39,0.6,1.0169,30,0.59,1.0,6,0.55,0.9322,5,0.595,1.0084,65,0
IWM190906P146,2019-08-30,2019-08-30 09:31:40,0.6,1.0169,30,0.59,1.0,4,0.55,0.9322,5,0.595,1.0084,65,0
IWM190906P146,2019-08-30,2019-08-30 09:31:40,0.6,1.0169,10,0.59,1.0,7,0.55,0.9322,5,0.595,1.0084,65,0
IWM190906P146,2019-08-30,2019-08-30 09:31:41,0.6,1.0169,10,0.59,1.0,6,0.55,0.9322,5,0.595,1.0084,65,0
IWM190906P146,2019-08-30,2019-08-30 09:31:41,0.61,1.0338,22,0.59,1.0,90,0.55,0.9322,5,0.6,1.0169,65,0
IWM190906P146,2019-08-30,2019-08-30 09:31:42,0.61,1.0338,30,0.59,1.0,99,0.55,0.9322,5,0.6,1.0169,65,0
IWM190906P146,2019-08-30,2019-08-30 09:31:43,0.61,1.0338,30,0.59,1.0,99,0.55,0.9322,5,0.6,1.0169,65,0
IWM190906P146,2019-08-30,2019-08-30 09:31:43,0.61,1.0338,22,0.59,1.0,16,0.55,0.9322,5,0.6,1.0169,65,0
IWM190906P146,2019-08-30,2019-08-30 09:31:44,0.61,1.0338,22,0.59,1.0,16,0.55,0.9322,5,0.6,1.0169,65,0
IWM190906P146,2019-08-30,2019-08-30 09:31:45,0.61,1.0338,30,0.59,1.0,33,0.55,0.9322,5,0.6,1.0169,65,0
IWM190906P146,2019-08-30,2019-08-30 09:31:46,0.61,1.0338,30,0.6,1.0169,4,0.55,0.9322,5,0.605,1.0254,65,0
IWM190906P146,2019-08-30,2019-08-30 09:31:46,0.61,1.0338,30,0.59,1.0,4,0.55,0.9322,5,0.6,1.0169,65,0
IWM190906P146,2019-08-30,2019-08-30 09:31:47,0.61,1.0338,119,0.59,1.0,4,0.55,0.9322,5,0.6,1.0169,65,0
IWM190906P146,2019-08-30,2019-08-30 09:31:47,0.61,1.0338,30,0.58,0.983,25,0.55,0.9322,5,0.595,1.0084,65,0
IWM190906P146,2019-08-30,2019-08-30 09:31:48,0.6,1.0169,382,0.59,1.0,4,0.55,0.9322,5,0.595,1.0084,65,0
IWM190906P146,2019-08-30,2019-08-30 09:31:48,0.6,1.0169,1,0.58,0.983,168,0.55,0.9322,5,0.59,1.0,65,0
IWM190906P146,2019-08-30,2019-08-30 09:31:49,0.6,1.0169,436,0.58,0.983,4,0.55,0.9322,5,0.59,1.0,65,0
IWM190906P146,2019-08-30,2019-08-30 09:31:49,0.6,1.0169,436,0.58,0.983,28,0.55,0.9322,5,0.59,1.0,65,0
IWM190906P146,2019-08-30,2019-08-30 09:31:50,0.59,1.0,4,0.58,0.983,4,0.55,0.9322,5,0.585,0.9915,65,0
IWM190906P146,2019-08-30,2019-08-30 09:31:50,0.6,1.0169,521,0.58,0.983,4,0.55,0.9322,5,0.59,1.0,65,0
IWM190906P146,2019-08-30,2019-08-30 09:31:51,0.6,1.0169,544,0.58,0.983,19,0.55,0.9322,5,0.59,1.0,65,0
IWM190906P146,2019-08-30,2019-08-30 09:31:51,0.6,1.0169,497,0.58,0.983,6,0.55,0.9322,5,0.59,1.0,65,0
IWM190906P146,2019-08-30,2019-08-30 09:31:52,0.59,1.0,10,0.58,0.983,4,0.55,0.9322,5,0.585,0.9915,65,0
IWM190906P146,2019-08-30,2019-08-30 09:31:52,0.6,1.0169,497,0.58,0.983,6,0.55,0.9322,5,0.59,1.0,65,0
IWM190906P146,2019-08-30,2019-08-30 09:31:53,0.59,1.0,234,0.57,0.9661,22,0.55,0.9322,5,0.58,0.983,65,0
IWM190906P146,2019-08-30,2019-08-30 09:31:53,0.59,1.0,10,0.57,0.9661,22,0.55,0.9322,5,0.58,0.983,65,0
IWM190906P146,2019-08-30,2019-08-30 09:31:54,0.59,1.0,38,0.57,0.9661,22,0.55,0.9322,5,0.58,0.983,65,0
IWM190906P146,2019-08-30,2019-08-30 09:31:54,0.59,1.0,4,0.57,0.9661,22,0.55,0.9322,5,0.58,0.983,65,0
IWM190906P146,2019-08-30,2019-08-30 09:31:55,0.6,1.0169,40,0.58,0.983,4,0.55,0.9322,5,0.59,1.0,65,0
IWM190906P146,2019-08-30,2019-08-30 09:31:55,0.59,1.0,38,0.57,0.9661,22,0.55,0.9322,5,0.58,0.983,65,0
IWM190906P146,2019-08-30,2019-08-30 09:31:56,0.6,1.0169,46,0.58,0.983,6,0.55,0.9322,5,0.59,1.0,65,0
IWM190906P146,2019-08-30,2019-08-30 09:31:56,0.59,1.0,18,0.58,0.983,4,0.55,0.9322,5,0.585,0.9915,65,0
IWM190906P146,2019-08-30,2019-08-30 09:31:57,0.59,1.0,72,0.58,0.983,4,0.55,0.9322,5,0.585,0.9915,65,0
IWM190906P146,2019-08-30,2019-08-30 09:31:57,0.6,1.0169,46,0.58,0.983,6,0.55,0.9322,5,0.59,1.0,65,0
IWM190906P146,2019-08-30,2019-08-30 09:31:58,0.59,1.0,477,0.57,0.9661,25,0.55,0.9322,5,0.58,0.983,65,0
IWM190906P146,2019-08-30,2019-08-30 09:31:58,0.59,1.0,322,0.58,0.983,4,0.55,0.9322,5,0.585,0.9915,65,0
IWM190906P146,2019-08-30,2019-08-30 09:31:59,0.59,1.0,453,0.57,0.9661,6,0.55,0.9322,5,0.58,0.983,65,0
IWM190906P146,2019-08-30,2019-08-30 09:31:59,0.59,1.0,453,0.57,0.9661,74,0.55,0.9322,5,0.58,0.983,65,0
IWM190906P146,2019-08-30,2019-08-30 09:32:00,0.59,1.0,460,0.57,0.9661,6,0.55,0.9322,5,0.58,0.983,65,0
IWM190906P146,2019-08-30,2019-08-30 09:32:00,0.59,1.0,460,0.57,0.9661,42,0.55,0.9322,5,0.58,0.983,65,0
IWM190906P146,2019-08-30,2019-08-30 09:32:01,0.59,1.0,460,0.57,0.9661,42,0.55,0.9322,5,0.58,0.983,65,0
IWM190906P146,2019-08-30,2019-08-30 09:32:02,0.59,1.0,460,0.57,0.9661,42,0.55,0.9322,5,0.58,0.983,65,0
IWM190906P146,2019-08-30,2019-08-30 09:32:02,0.59,1.0,603,0.57,0.9661,4,0.55,0.9322,5,0.58,0.983,65,0
IWM190906P146,2019-08-30,2019-08-30 09:32:03,0.58,0.983,4,0.57,0.9661,4,0.55,0.9322,5,0.575,0.9745,65,0
IWM190906P146,2019-08-30,2019-08-30 09:32:03,0.58,0.983,53,0.57,0.9661,6,0.55,0.9322,5,0.575,0.9745,65,0
IWM190906P146,2019-08-30,2019-08-30 09:32:04,0.58,0.983,53,0.57,0.9661,6,0.55,0.9322,5,0.575,0.9745,65,0
IWM190906P146,2019-08-30,2019-08-30 09:32:05,0.58,0.983,53,0.57,0.9661,4,0.55,0.9322,5,0.575,0.9745,65,0
IWM190906P146,2019-08-30,2019-08-30 09:32:05,0.58,0.983,379,0.57,0.9661,4,0.55,0.9322,5,0.575,0.9745,65,0
IWM190906P146,2019-08-30,2019-08-30 09:32:06,0.58,0.983,341,0.57,0.9661,4,0.55,0.9322,5,0.575,0.9745,65,0
IWM190906P146,2019-08-30,2019-08-30 09:32:06,0.58,0.983,341,0.56,0.9491,22,0.55,0.9322,5,0.57,0.9661,65,0
IWM190906P146,2019-08-30,2019-08-30 09:32:07,0.58,0.983,53,0.57,0.9661,4,0.55,0.9322,5,0.575,0.9745,65,0
IWM190906P146,2019-08-30,2019-08-30 09:32:07,0.58,0.983,347,0.56,0.9491,26,0.55,0.9322,5,0.57,0.9661,65,0
IWM190906P146,2019-08-30,2019-08-30 09:32:08,0.58,0.983,53,0.56,0.9491,20,0.55,0.9322,5,0.57,0.9661,65,0
IWM190906P146,2019-08-30,2019-08-30 09:32:09,0.58,0.983,76,0.56,0.9491,4,0.57,0.9661,4,0.57,0.9661,79,14
IWM190906P146,2019-08-30,2019-08-30 09:32:09,0.58,0.983,53,0.56,0.9491,4,0.55,0.9322,5,0.57,0.9661,65,0
IWM190906P146,2019-08-30,2019-08-30 09:32:10,0.58,0.983,76,0.56,0.9491,4,0.57,0.9661,4,0.57,0.9661,79,0
IWM190906P146,2019-08-30,2019-08-30 09:32:10,0.58,0.983,77,0.55,0.9322,173,0.57,0.9661,4,0.565,0.9576,79,0
IWM190906P146,2019-08-30,2019-08-30 09:32:11,0.58,0.983,59,0.55,0.9322,143,0.57,0.9661,4,0.565,0.9576,79,0
IWM190906P146,2019-08-30,2019-08-30 09:32:11,0.58,0.983,77,0.55,0.9322,143,0.57,0.9661,4,0.565,0.9576,79,0
IWM190906P146,2019-08-30,2019-08-30 09:32:12,0.58,0.983,36,0.55,0.9322,28,0.57,0.9661,4,0.565,0.9576,79,0
IWM190906P146,2019-08-30,2019-08-30 09:32:12,0.58,0.983,36,0.56,0.9491,4,0.57,0.9661,4,0.57,0.9661,79,0
IWM190906P146,2019-08-30,2019-08-30 09:32:13,0.57,0.9661,1,0.56,0.9491,4,0.57,0.9661,4,0.565,0.9576,83,4
IWM190906P146,2019-08-30,2019-08-30 09:32:13,0.58,0.983,36,0.56,0.9491,4,0.57,0.9661,4,0.57,0.9661,79,0
IWM190906P146,2019-08-30,2019-08-30 09:32:14,0.57,0.9661,1,0.56,0.9491,4,0.57,0.9661,4,0.565,0.9576,87,4
IWM190906P146,2019-08-30,2019-08-30 09:32:14,0.57,0.9661,1,0.56,0.9491,10,0.57,0.9661,4,0.565,0.9576,91,4
IWM190906P146,2019-08-30,2019-08-30 09:32:15,0.58,0.983,219,0.57,0.9661,4,0.57,0.9661,4,0.575,0.9745,91,0
IWM190906P146,2019-08-30,2019-08-30 09:32:15,0.57,0.9661,1,0.57,0.9661,4,0.57,0.9661,4,0.57,0.9661,95,4
IWM190906P146,2019-08-30,2019-08-30 09:32:16,0.57,0.9661,20,0.57,0.9661,4,0.57,0.9661,4,0.57,0.9661,95,0
IWM190906P146,2019-08-30,2019-08-30 09:32:16,0.58,0.983,308,0.57,0.9661,4,0.57,0.9661,4,0.575,0.9745,95,0
IWM190906P146,2019-08-30,2019-08-30 09:32:17,0.58,0.983,59,0.57,0.9661,4,0.57,0.9661,4,0.575,0.9745,95,0
IWM190906P146,2019-08-30,2019-08-30 09:32:18,0.58,0.983,214,0.57,0.9661,4,0.57,0.9661,4,0.575,0.9745,95,0
IWM190906P146,2019-08-30,2019-08-30 09:32:19,0.58,0.983,214,0.57,0.9661,4,0.57,0.9661,4,0.575,0.9745,95,0
IWM190906P146,2019-08-30,2019-08-30 09:32:20,0.58,0.983,220,0.57,0.9661,4,0.57,0.9661,4,0.575,0.9745,95,0
IWM190906P146,2019-08-30,2019-08-30 09:32:21,0.58,0.983,220,0.57,0.9661,4,0.57,0.9661,4,0.575,0.9745,95,0
IWM190906P146,2019-08-30,2019-08-30 09:32:22,0.58,0.983,41,0.57,0.9661,4,0.57,0.9661,4,0.575,0.9745,95,0
IWM190906P146,2019-08-30,2019-08-30 09:32:23,0.58,0.983,41,0.57,0.9661,4,0.57,0.9661,4,0.575,0.9745,95,0
IWM190906P146,2019-08-30,2019-08-30 09:32:23,0.58,0.983,30,0.57,0.9661,6,0.57,0.9661,4,0.575,0.9745,95,0
IWM190906P146,2019-08-30,2019-08-30 09:32:24,0.58,0.983,140,0.57,0.9661,6,0.57,0.9661,4,0.575,0.9745,95,0
IWM190906P146,2019-08-30,2019-08-30 09:32:24,0.58,0.983,30,0.57,0.9661,6,0.57,0.9661,4,0.575,0.9745,95,0
IWM190906P146,2019-08-30,2019-08-30 09:32:25,0.58,0.983,64,0.57,0.9661,6,0.57,0.9661,4,0.575,0.9745,95,0
IWM190906P146,2019-08-30,2019-08-30 09:32:25,0.58,0.983,222,0.57,0.9661,6,0.57,0.9661,4,0.575,0.9745,95,0
IWM190906P146,2019-08-30,2019-08-30 09:32:26,0.58,0.983,222,0.57,0.9661,4,0.57,0.9661,4,0.575,0.9745,95,0
IWM190906P146,2019-08-30,2019-08-30 09:32:26,0.58,0.983,64,0.57,0.9661,6,0.57,0.9661,4,0.575,0.9745,95,0
IWM190906P146,2019-08-30,2019-08-30 09:32:27,0.58,0.983,246,0.57,0.9661,4,0.57,0.9661,4,0.575,0.9745,95,0
IWM190906P146,2019-08-30,2019-08-30 09:32:28,0.58,0.983,246,0.57,0.9661,4,0.57,0.9661,4,0.575,0.9745,95,0
IWM190906P146,2019-08-30,2019-08-30 09:32:29,0.58,0.983,246,0.57,0.9661,4,0.57,0.9661,4,0.575,0.9745,95,0
IWM190906P146,2019-08-30,2019-08-30 09:32:30,0.58,0.983,246,0.57,0.9661,4,0.57,0.9661,4,0.575,0.9745,95,0
IWM190906P146,2019-08-30,2019-08-30 09:32:30,0.58,0.983,325,0.57,0.9661,4,0.57,0.9661,4,0.575,0.9745,95,0
IWM190906P146,2019-08-30,2019-08-30 09:32:31,0.58,0.983,325,0.56,0.9491,22,0.57,0.9661,4,0.57,0.9661,95,0
IWM190906P146,2019-08-30,2019-08-30 09:32:31,0.58,0.983,325,0.56,0.9491,29,0.57,0.9661,4,0.57,0.9661,95,0
IWM190906P146,2019-08-30,2019-08-30 09:32:32,0.58,0.983,333,0.56,0.9491,6,0.57,0.9661,4,0.57,0.9661,95,0
IWM190906P146,2019-08-30,2019-08-30 09:32:32,0.58,0.983,349,0.56,0.9491,6,0.57,0.9661,4,0.57,0.9661,95,0
IWM190906P146,2019-08-30,2019-08-30 09:32:33,0.58,0.983,349,0.56,0.9491,6,0.57,0.9661,4,0.57,0.9661,95,0
IWM190906P146,2019-08-30,2019-08-30 09:32:34,0.57,0.9661,70,0.56,0.9491,6,0.57,0.9661,4,0.565,0.9576,95,0
IWM190906P146,2019-08-30,2019-08-30 09:32:34,0.58,0.983,427,0.56,0.9491,6,0.57,0.9661,4,0.57,0.9661,95,0
IWM190906P146,2019-08-30,2019-08-30 09:32:35,0.57,0.9661,20,0.56,0.9491,8,0.57,0.9661,4,0.565,0.9576,95,0
IWM190906P146,2019-08-30,2019-08-30 09:32:36,0.57,0.9661,20,0.56,0.9491,8,0.57,0.9661,4,0.565,0.9576,95,0
IWM190906P146,2019-08-30,2019-08-30 09:32:37,0.57,0.9661,20,0.56,0.9491,8,0.57,0.9661,4,0.565,0.9576,95,0
IWM190906P146,2019-08-30,2019-08-30 09:32:38,0.57,0.9661,20,0.56,0.9491,8,0.57,0.9661,4,0.565,0.9576,95,0
IWM190906P146,2019-08-30,2019-08-30 09:32:38,0.58,0.983,273,0.56,0.9491,28,0.57,0.9661,4,0.57,0.9661,95,0
IWM190906P146,2019-08-30,2019-08-30 09:32:39,0.58,0.983,402,0.56,0.9491,31,0.57,0.9661,4,0.57,0.9661,95,0
IWM190906P146,2019-08-30,2019-08-30 09:32:40,0.58,0.983,402,0.56,0.9491,38,0.57,0.9661,4,0.57,0.9661,95,0
IWM190906P146,2019-08-30,2019-08-30 09:32:41,0.58,0.983,295,0.57,0.9661,4,0.57,0.9661,4,0.575,0.9745,95,0
IWM190906P146,2019-08-30,2019-08-30 09:32:41,0.58,0.983,305,0.57,0.9661,4,0.57,0.9661,4,0.575,0.9745,95,0
IWM190906P146,2019-08-30,2019-08-30 09:32:42,0.58,0.983,295,0.57,0.9661,4,0.57,0.9661,4,0.575,0.9745,95,0
IWM190906P146,2019-08-30,2019-08-30 09:32:43,0.58,0.983,295,0.57,0.9661,4,0.57,0.9661,4,0.575,0.9745,95,0
IWM190906P146,2019-08-30,2019-08-30 09:32:43,0.58,0.983,305,0.57,0.9661,4,0.57,0.9661,4,0.575,0.9745,95,0
IWM190906P146,2019-08-30,2019-08-30 09:32:44,0.58,0.983,258,0.57,0.9661,20,0.57,0.9661,4,0.575,0.9745,95,0
IWM190906P146,2019-08-30,2019-08-30 09:32:44,0.58,0.983,244,0.57,0.9661,20,0.57,0.9661,4,0.575,0.9745,95,0
IWM190906P146,2019-08-30,2019-08-30 09:32:45,0.58,0.983,226,0.57,0.9661,20,0.57,0.9661,4,0.575,0.9745,95,0
IWM190906P146,2019-08-30,2019-08-30 09:32:45,0.58,0.983,216,0.57,0.9661,10,0.57,0.9661,4,0.575,0.9745,95,0
IWM190906P146,2019-08-30,2019-08-30 09:32:46,0.59,1.0,39,0.57,0.9661,30,0.57,0.9661,4,0.58,0.983,95,0
IWM190906P146,2019-08-30,2019-08-30 09:32:46,0.59,1.0,222,0.57,0.9661,30,0.57,0.9661,4,0.58,0.983,95,0
IWM190906P146,2019-08-30,2019-08-30 09:32:47,0.59,1.0,299,0.57,0.9661,30,0.57,0.9661,4,0.58,0.983,95,0
IWM190906P146,2019-08-30,2019-08-30 09:32:47,0.59,1.0,150,0.57,0.9661,30,0.57,0.9661,4,0.58,0.983,95,0
IWM190906P146,2019-08-30,2019-08-30 09:32:48,0.59,1.0,353,0.57,0.9661,30,0.57,0.9661,4,0.58,0.983,95,0
IWM190906P146,2019-08-30,2019-08-30 09:32:48,0.59,1.0,359,0.57,0.9661,30,0.57,0.9661,4,0.58,0.983,95,0
IWM190906P146,2019-08-30,2019-08-30 09:32:49,0.59,1.0,314,0.58,0.983,10,0.57,0.9661,4,0.585,0.9915,95,0
IWM190906P146,2019-08-30,2019-08-30 09:32:49,0.59,1.0,314,0.58,0.983,4,0.57,0.9661,4,0.585,0.9915,95,0
IWM190906P146,2019-08-30,2019-08-30 09:32:50,0.59,1.0,314,0.58,0.983,4,0.57,0.9661,4,0.585,0.9915,95,0
IWM190906P146,2019-08-30,2019-08-30 09:32:51,0.59,1.0,81,0.58,0.983,4,0.57,0.9661,4,0.585,0.9915,95,0
IWM190906P146,2019-08-30,2019-08-30 09:32:51,0.59,1.0,314,0.58,0.983,4,0.57,0.9661,4,0.585,0.9915,95,0
IWM190906P146,2019-08-30,2019-08-30 09:32:52,0.59,1.0,63,0.58,0.983,20,0.57,0.9661,4,0.585,0.9915,95,0
IWM190906P146,2019-08-30,2019-08-30 09:32:53,0.6,1.0169,345,0.58,0.983,20,0.57,0.9661,4,0.59,1.0,95,0
IWM190906P146,2019-08-30,2019-08-30 09:32:53,0.6,1.0169,390,0.58,0.983,30,0.57,0.9661,4,0.59,1.0,95,0
IWM190906P146,2019-08-30,2019-08-30 09:32:54,0.6,1.0169,528,0.58,0.983,10,0.57,0.9661,4,0.59,1.0,95,0
IWM190906P146,2019-08-30,2019-08-30 09:32:54,0.6,1.0169,426,0.58,0.983,10,0.57,0.9661,4,0.59,1.0,95,0
IWM190906P146,2019-08-30,2019-08-30 09:32:55,0.6,1.0169,426,0.58,0.983,38,0.57,0.9661,4,0.59,1.0,95,0
IWM190906P146,2019-08-30,2019-08-30 09:32:56,0.6,1.0169,426,0.58,0.983,38,0.57,0.9661,4,0.59,1.0,95,0
IWM190906P146,2019-08-30,2019-08-30 09:32:56,0.6,1.0169,373,0.58,0.983,38,0.57,0.9661,4,0.59,1.0,95,0
IWM190906P146,2019-08-30,2019-08-30 09:32:57,0.6,1.0169,256,0.59,1.0,6,0.57,0.9661,4,0.595,1.0084,95,0
IWM190906P146,2019-08-30,2019-08-30 09:32:57,0.6,1.0169,235,0.59,1.0,6,0.57,0.9661,4,0.595,1.0084,95,0
IWM190906P146,2019-08-30,2019-08-30 09:32:58,0.6,1.0169,10,0.59,1.0,10,0.57,0.9661,4,0.595,1.0084,95,0
IWM190906P146,2019-08-30,2019-08-30 09:32:58,0.6,1.0169,235,0.59,1.0,6,0.57,0.9661,4,0.595,1.0084,95,0
IWM190906P146,2019-08-30,2019-08-30 09:32:59,0.61,1.0338,26,0.59,1.0,22,0.57,0.9661,4,0.6,1.0169,95,0
IWM190906P146,2019-08-30,2019-08-30 09:32:59,0.61,1.0338,11,0.59,1.0,22,0.57,0.9661,4,0.6,1.0169,95,0
IWM190906P146,2019-08-30,2019-08-30 09:33:00,0.61,1.0338,10,0.59,1.0,22,0.57,0.9661,4,0.6,1.0169,95,0
IWM190906P146,2019-08-30,2019-08-30 09:33:00,0.61,1.0338,46,0.6,1.0169,10,0.57,0.9661,4,0.605,1.0254,95,0
IWM190906P146,2019-08-30,2019-08-30 09:33:01,0.62,1.0508,293,0.6,1.0169,10,0.57,0.9661,4,0.61,1.0338,95,0
IWM190906P146,2019-08-30,2019-08-30 09:33:01,0.62,1.0508,30,0.6,1.0169,10,0.57,0.9661,4,0.61,1.0338,95,0
IWM190906P146,2019-08-30,2019-08-30 09:33:02,0.62,1.0508,303,0.6,1.0169,10,0.57,0.9661,4,0.61,1.0338,95,0
IWM190906P146,2019-08-30,2019-08-30 09:33:02,0.62,1.0508,313,0.6,1.0169,10,0.57,0.9661,4,0.61,1.0338,95,0
IWM190906P146,2019-08-30,2019-08-30 09:33:03,0.62,1.0508,284,0.6,1.0169,20,0.57,0.9661,4,0.61,1.0338,95,0
IWM190906P146,2019-08-30,2019-08-30 09:33:03,0.62,1.0508,313,0.61,1.0338,6,0.57,0.9661,4,0.615,1.0423,95,0
IWM190906P146,2019-08-30,2019-08-30 09:33:04,0.61,1.0338,67,0.6,1.0169,6,0.57,0.9661,4,0.605,1.0254,95,0
IWM190906P146,2019-08-30,2019-08-30 09:33:04,0.62,1.0508,426,0.6,1.0169,20,0.57,0.9661,4,0.61,1.0338,95,0
IWM190906P146,2019-08-30,2019-08-30 09:33:05,0.61,1.0338,67,0.6,1.0169,6,0.57,0.9661,4,0.605,1.0254,95,0
IWM190906P146,2019-08-30,2019-08-30 09:33:06,0.61,1.0338,67,0.58,0.983,50,0.57,0.9661,4,0.595,1.0084,95,0
IWM190906P146,2019-08-30,2019-08-30 09:33:06,0.61,1.0338,67,0.59,1.0,4,0.57,0.9661,4,0.6,1.0169,95,0
IWM190906P146,2019-08-30,2019-08-30 09:33:07,0.6,1.0169,4,0.59,1.0,4,0.57,0.9661,4,0.595,1.0084,95,0
IWM190906P146,2019-08-30,2019-08-30 09:33:08,0.6,1.0169,150,0.59,1.0,4,0.57,0.9661,4,0.595,1.0084,95,0
IWM190906P146,2019-08-30,2019-08-30 09:33:09,0.6,1.0169,357,0.58,0.983,29,0.57,0.9661,4,0.59,1.0,95,0
IWM190906P146,2019-08-30,2019-08-30 09:33:09,0.6,1.0169,357,0.59,1.0,4,0.57,0.9661,4,0.595,1.0084,95,0
IWM190906P146,2019-08-30,2019-08-30 09:33:10,0.6,1.0169,150,0.59,1.0,4,0.57,0.9661,4,0.595,1.0084,95,0
IWM190906P146,2019-08-30,2019-08-30 09:33:10,0.6,1.0169,150,0.58,0.983,10,0.57,0.9661,4,0.59,1.0,95,0
IWM190906P146,2019-08-30,2019-08-30 09:33:11,0.59,1.0,150,0.58,0.983,10,0.57,0.9661,4,0.585,0.9915,95,0
IWM190906P146,2019-08-30,2019-08-30 09:33:11,0.59,1.0,4,0.58,0.983,10,0.57,0.9661,4,0.585,0.9915,95,0
IWM190906P146,2019-08-30,2019-08-30 09:33:12,0.59,1.0,150,0.58,0.983,10,0.57,0.9661,4,0.585,0.9915,95,0
IWM190906P146,2019-08-30,2019-08-30 09:33:13,0.59,1.0,150,0.58,0.983,10,0.57,0.9661,4,0.585,0.9915,95,0
IWM190906P146,2019-08-30,2019-08-30 09:33:13,0.59,1.0,150,0.58,0.983,9,0.57,0.9661,4,0.585,0.9915,95,0
IWM190906P146,2019-08-30,2019-08-30 09:33:14,0.59,1.0,254,0.58,0.983,10,0.57,0.9661,4,0.585,0.9915,95,0
IWM190906P146,2019-08-30,2019-08-30 09:33:14,0.59,1.0,150,0.58,0.983,10,0.57,0.9661,4,0.585,0.9915,95,0
IWM190906P146,2019-08-30,2019-08-30 09:33:15,0.59,1.0,269,0.58,0.983,10,0.57,0.9661,4,0.585,0.9915,95,0
IWM190906P146,2019-08-30,2019-08-30 09:33:16,0.58,0.983,1,0.57,0.9661,4,0.58,0.983,2,0.575,0.9745,97,2
IWM190906P146,2019-08-30,2019-08-30 09:33:17,0.58,0.983,150,0.57,0.9661,4,0.58,0.983,2,0.575,0.9745,97,0
IWM190906P146,2019-08-30,2019-08-30 09:33:17,0.58,0.983,150,0.57,0.9661,6,0.58,0.983,2,0.575,0.9745,97,0
IWM190906P146,2019-08-30,2019-08-30 09:33:18,0.58,0.983,150,0.57,0.9661,6,0.58,0.983,2,0.575,0.9745,97,0
IWM190906P146,2019-08-30,2019-08-30 09:33:18,0.6,1.0169,105,0.57,0.9661,10,0.58,0.983,2,0.585,0.9915,97,0
IWM190906P146,2019-08-30,2019-08-30 09:33:19,0.59,1.0,4,0.58,0.983,10,0.58,0.983,2,0.585,0.9915,97,0
IWM190906P146,2019-08-30,2019-08-30 09:33:19,0.59,1.0,96,0.58,0.983,10,0.58,0.983,2,0.585,0.9915,97,0
IWM190906P146,2019-08-30,2019-08-30 09:33:20,0.59,1.0,64,0.58,0.983,4,0.58,0.983,2,0.585,0.9915,97,0
IWM190906P146,2019-08-30,2019-08-30 09:33:21,0.59,1.0,64,0.58,0.983,10,0.58,0.983,2,0.585,0.9915,97,0
IWM190906P146,2019-08-30,2019-08-30 09:33:21,0.59,1.0,182,0.58,0.983,10,0.58,0.983,2,0.585,0.9915,97,0
IWM190906P146,2019-08-30,2019-08-30 09:33:22,0.59,1.0,182,0.58,0.983,20,0.58,0.983,2,0.585,0.9915,97,0
IWM190906P146,2019-08-30,2019-08-30 09:33:23,0.59,1.0,150,0.58,0.983,10,0.58,0.983,2,0.585,0.9915,97,0
IWM190906P146,2019-08-30,2019-08-30 09:33:24,0.59,1.0,150,0.58,0.983,4,0.58,0.983,2,0.585,0.9915,97,0
IWM190906P146,2019-08-30,2019-08-30 09:33:25,0.59,1.0,150,0.58,0.983,10,0.58,0.983,2,0.585,0.9915,97,0
IWM190906P146,2019-08-30,2019-08-30 09:33:25,0.58,0.983,150,0.56,0.9491,50,0.58,0.983,2,0.57,0.9661,97,0
IWM190906P146,2019-08-30,2019-08-30 09:33:26,0.58,0.983,150,0.56,0.9491,50,0.58,0.983,2,0.57,0.9661,97,0
IWM190906P146,2019-08-30,2019-08-30 09:33:26,0.58,0.983,150,0.57,0.9661,6,0.58,0.983,2,0.575,0.9745,97,0
IWM190906P146,2019-08-30,2019-08-30 09:33:27,0.58,0.983,150,0.57,0.9661,6,0.58,0.983,2,0.575,0.9745,97,0
IWM190906P146,2019-08-30,2019-08-30 09:33:28,0.58,0.983,150,0.57,0.9661,6,0.58,0.983,2,0.575,0.9745,97,0
IWM190906P146,2019-08-30,2019-08-30 09:33:29,0.58,0.983,150,0.57,0.9661,6,0.58,0.983,2,0.575,0.9745,97,0
IWM190906P146,2019-08-30,2019-08-30 09:33:30,0.58,0.983,150,0.57,0.9661,20,0.58,0.983,2,0.575,0.9745,97,0
IWM190906P146,2019-08-30,2019-08-30 09:33:30,0.58,0.983,10,0.57,0.9661,20,0.58,0.983,2,0.575,0.9745,97,0
IWM190906P146,2019-08-30,2019-08-30 09:33:31,0.58,0.983,150,0.57,0.9661,20,0.58,0.983,2,0.575,0.9745,97,0
IWM190906P146,2019-08-30,2019-08-30 09:33:31,0.58,0.983,150,0.56,0.9491,54,0.58,0.983,2,0.57,0.9661,97,0
IWM190906P146,2019-08-30,2019-08-30 09:33:32,0.58,0.983,150,0.56,0.9491,124,0.58,0.983,2,0.57,0.9661,97,0
IWM190906P146,2019-08-30,2019-08-30 09:33:32,0.58,0.983,150,0.56,0.9491,162,0.58,0.983,2,0.57,0.9661,97,0
IWM190906P146,2019-08-30,2019-08-30 09:33:33,0.58,0.983,150,0.56,0.9491,124,0.58,0.983,2,0.57,0.9661,97,0
IWM190906P146,2019-08-30,2019-08-30 09:33:34,0.58,0.983,150,0.56,0.9491,124,0.58,0.983,2,0.57,0.9661,97,0
IWM190906P146,2019-08-30,2019-08-30 09:33:35,0.58,0.983,151,0.56,0.9491,120,0.58,0.983,2,0.57,0.9661,97,0
IWM190906P146,2019-08-30,2019-08-30 09:33:36,0.58,0.983,217,0.57,0.9661,10,0.58,0.983,2,0.575,0.9745,97,0
IWM190906P146,2019-08-30,2019-08-30 09:33:36,0.58,0.983,217,0.57,0.9661,20,0.58,0.983,2,0.575,0.9745,97,0
IWM190906P146,2019-08-30,2019-08-30 09:33:37,0.58,0.983,217,0.57,0.9661,10,0.58,0.983,2,0.575,0.9745,97,0
IWM190906P146,2019-08-30,2019-08-30 09:33:37,0.58,0.983,150,0.57,0.9661,10,0.58,0.983,2,0.575,0.9745,97,0
IWM190906P146,2019-08-30,2019-08-30 09:33:38,0.59,1.0,231,0.57,0.9661,20,0.58,0.983,2,0.58,0.983,97,0
IWM190906P146,2019-08-30,2019-08-30 09:33:39,0.59,1.0,231,0.57,0.9661,20,0.58,0.983,2,0.58,0.983,97,0
IWM190906P146,2019-08-30,2019-08-30 09:33:40,0.59,1.0,231,0.57,0.9661,20,0.58,0.983,2,0.58,0.983,97,0
IWM190906P146,2019-08-30,2019-08-30 09:33:41,0.58,0.983,150,0.57,0.9661,20,0.58,0.983,2,0.575,0.9745,97,0
IWM190906P146,2019-08-30,2019-08-30 09:33:41,0.59,1.0,150,0.57,0.9661,20,0.58,0.983,2,0.58,0.983,97,0
IWM190906P146,2019-08-30,2019-08-30 09:33:42,0.59,1.0,193,0.58,0.983,5,0.58,0.983,2,0.585,0.9915,97,0
IWM190906P146,2019-08-30,2019-08-30 09:33:42,0.59,1.0,244,0.58,0.983,5,0.58,0.983,2,0.585,0.9915,97,0
IWM190906P146,2019-08-30,2019-08-30 09:33:43,0.59,1.0,260,0.58,0.983,5,0.58,0.983,2,0.585,0.9915,97,0
IWM190906P146,2019-08-30,2019-08-30 09:33:44,0.59,1.0,260,0.58,0.983,5,0.58,0.983,2,0.585,0.9915,97,0
IWM190906P146,2019-08-30,2019-08-30 09:33:45,0.59,1.0,225,0.58,0.983,5,0.58,0.983,2,0.585,0.9915,97,0
IWM190906P146,2019-08-30,2019-08-30 09:33:45,0.59,1.0,266,0.58,0.983,5,0.58,0.983,2,0.585,0.9915,97,0
IWM190906P146,2019-08-30,2019-08-30 09:33:46,0.59,1.0,266,0.58,0.983,5,0.58,0.983,2,0.585,0.9915,97,0
IWM190906P146,2019-08-30,2019-08-30 09:33:47,0.59,1.0,255,0.58,0.983,5,0.58,0.983,2,0.585,0.9915,97,0
IWM190906P146,2019-08-30,2019-08-30 09:33:47,0.59,1.0,227,0.58,0.983,5,0.58,0.983,2,0.585,0.9915,97,0
IWM190906P146,2019-08-30,2019-08-30 09:33:48,0.59,1.0,238,0.58,0.983,5,0.58,0.983,2,0.585,0.9915,97,0
IWM190906P146,2019-08-30,2019-08-30 09:33:48,0.59,1.0,309,0.58,0.983,5,0.58,0.983,2,0.585,0.9915,97,0
IWM190906P146,2019-08-30,2019-08-30 09:33:49,0.59,1.0,238,0.57,0.9661,4,0.58,0.983,5,0.58,0.983,102,5
IWM190906P146,2019-08-30,2019-08-30 09:33:49,0.59,1.0,238,0.58,0.983,5,0.58,0.983,2,0.585,0.9915,97,0
IWM190906P146,2019-08-30,2019-08-30 09:33:50,0.58,0.983,193,0.57,0.9661,4,0.58,0.983,5,0.575,0.9745,102,0
IWM190906P146,2019-08-30,2019-08-30 09:33:51,0.58,0.983,193,0.57,0.9661,10,0.58,0.983,5,0.575,0.9745,102,0
IWM190906P146,2019-08-30,2019-08-30 09:33:51,0.58,0.983,336,0.57,0.9661,10,0.58,0.983,5,0.575,0.9745,102,0
IWM190906P146,2019-08-30,2019-08-30 09:33:52,0.58,0.983,183,0.57,0.9661,10,0.58,0.983,5,0.575,0.9745,102,0
IWM190906P146,2019-08-30,2019-08-30 09:33:52,0.58,0.983,197,0.57,0.9661,10,0.58,0.983,5,0.575,0.9745,102,0
IWM190906P146,2019-08-30,2019-08-30 09:33:53,0.58,0.983,10,0.57,0.9661,4,0.58,0.983,5,0.575,0.9745,102,0
IWM190906P146,2019-08-30,2019-08-30 09:33:53,0.58,0.983,150,0.57,0.9661,20,0.58,0.983,5,0.575,0.9745,102,0
IWM190906P146,2019-08-30,2019-08-30 09:33:54,0.58,0.983,150,0.56,0.9491,15,0.58,0.983,5,0.57,0.9661,102,0
IWM190906P146,2019-08-30,2019-08-30 09:33:54,0.58,0.983,205,0.56,0.9491,2,0.58,0.983,5,0.57,0.9661,102,0
IWM190906P146,2019-08-30,2019-08-30 09:33:55,0.57,0.9661,150,0.56,0.9491,4,0.58,0.983,5,0.565,0.9576,102,0
IWM190906P146,2019-08-30,2019-08-30 09:33:55,0.58,0.983,366,0.56,0.9491,20,0.58,0.983,5,0.57,0.9661,102,0
IWM190906P146,2019-08-30,2019-08-30 09:33:56,0.57,0.9661,150,0.56,0.9491,4,0.58,0.983,5,0.565,0.9576,102,0
IWM190906P146,2019-08-30,2019-08-30 09:33:57,0.58,0.983,182,0.56,0.9491,20,0.58,0.983,5,0.57,0.9661,102,0
IWM190906P146,2019-08-30,2019-08-30 09:33:57,0.57,0.9661,150,0.56,0.9491,20,0.58,0.983,5,0.565,0.9576,102,0
IWM190906P146,2019-08-30,2019-08-30 09:33:58,0.57,0.9661,150,0.56,0.9491,10,0.58,0.983,5,0.565,0.9576,102,0
IWM190906P146,2019-08-30,2019-08-30 09:33:59,0.57,0.9661,150,0.56,0.9491,10,0.58,0.983,5,0.565,0.9576,102,0
IWM190906P146,2019-08-30,2019-08-30 09:33:59,0.57,0.9661,150,0.56,0.9491,8,0.58,0.983,5,0.565,0.9576,102,0
IWM190906P146,2019-08-30,2019-08-30 09:34:00,0.58,0.983,292,0.56,0.9491,20,0.58,0.983,5,0.57,0.9661,102,0
IWM190906P146,2019-08-30,2019-08-30 09:34:00,0.57,0.9661,107,0.56,0.9491,20,0.58,0.983,5,0.565,0.9576,102,0
IWM190906P146,2019-08-30,2019-08-30 09:34:01,0.58,0.983,241,0.56,0.9491,20,0.58,0.983,5,0.57,0.9661,102,0
IWM190906P146,2019-08-30,2019-08-30 09:34:01,0.57,0.9661,4,0.56,0.9491,4,0.58,0.983,5,0.565,0.9576,102,0
IWM190906P146,2019-08-30,2019-08-30 09:34:02,0.57,0.9661,290,0.55,0.9322,67,0.58,0.983,5,0.56,0.9491,102,0
IWM190906P146,2019-08-30,2019-08-30 09:34:02,0.57,0.9661,4,0.55,0.9322,50,0.58,0.983,5,0.56,0.9491,102,0
IWM190906P146,2019-08-30,2019-08-30 09:34:03,0.56,0.9491,4,0.55,0.9322,77,0.58,0.983,5,0.555,0.9406,102,0
IWM190906P146,2019-08-30,2019-08-30 09:34:04,0.56,0.9491,150,0.55,0.9322,4,0.58,0.983,5,0.555,0.9406,102,0
IWM190906P146,2019-08-30,2019-08-30 09:34:04,0.56,0.9491,150,0.55,0.9322,20,0.58,0.983,5,0.555,0.9406,102,0
IWM190906P146,2019-08-30,2019-08-30 09:34:05,0.56,0.9491,84,0.55,0.9322,4,0.58,0.983,5,0.555,0.9406,102,0
IWM190906P146,2019-08-30,2019-08-30 09:34:05,0.56,0.9491,4,0.55,0.9322,20,0.58,0.983,5,0.555,0.9406,102,0
IWM190906P146,2019-08-30,2019-08-30 09:34:06,0.56,0.9491,4,0.55,0.9322,4,0.58,0.983,5,0.555,0.9406,102,0
IWM190906P146,2019-08-30,2019-08-30 09:34:06,0.57,0.9661,243,0.55,0.9322,20,0.58,0.983,5,0.56,0.9491,102,0
IWM190906P146,2019-08-30,2019-08-30 09:34:07,0.57,0.9661,404,0.55,0.9322,20,0.58,0.983,5,0.56,0.9491,102,0
IWM190906P146,2019-08-30,2019-08-30 09:34:07,0.57,0.9661,243,0.55,0.9322,20,0.58,0.983,5,0.56,0.9491,102,0
IWM190906P146,2019-08-30,2019-08-30 09:34:08,0.57,0.9661,404,0.55,0.9322,20,0.58,0.983,5,0.56,0.9491,102,0
IWM190906P146,2019-08-30,2019-08-30 09:34:09,0.57,0.9661,404,0.55,0.9322,20,0.58,0.983,5,0.56,0.9491,102,0
IWM190906P146,2019-08-30,2019-08-30 09:34:10,0.57,0.9661,409,0.55,0.9322,20,0.58,0.983,5,0.56,0.9491,102,0
IWM190906P146,2019-08-30,2019-08-30 09:34:11,0.57,0.9661,409,0.55,0.9322,10,0.58,0.983,5,0.56,0.9491,102,0
IWM190906P146,2019-08-30,2019-08-30 09:34:11,0.57,0.9661,383,0.55,0.9322,10,0.58,0.983,5,0.56,0.9491,102,0
IWM190906P146,2019-08-30,2019-08-30 09:34:12,0.56,0.9491,150,0.55,0.9322,10,0.58,0.983,5,0.555,0.9406,102,0
IWM190906P146,2019-08-30,2019-08-30 09:34:13,0.56,0.9491,150,0.55,0.9322,10,0.58,0.983,5,0.555,0.9406,102,0
IWM190906P146,2019-08-30,2019-08-30 09:34:14,0.56,0.9491,150,0.55,0.9322,10,0.58,0.983,5,0.555,0.9406,102,0
IWM190906P146,2019-08-30,2019-08-30 09:34:15,0.56,0.9491,150,0.55,0.9322,10,0.58,0.983,5,0.555,0.9406,102,0
IWM190906P146,2019-08-30,2019-08-30 09:34:15,0.56,0.9491,150,0.54,0.9152,20,0.58,0.983,5,0.55,0.9322,102,0
IWM190906P146,2019-08-30,2019-08-30 09:34:16,0.55,0.9322,4,0.54,0.9152,20,0.58,0.983,5,0.545,0.9237,102,0
IWM190906P146,2019-08-30,2019-08-30 09:34:17,0.56,0.9491,164,0.54,0.9152,20,0.58,0.983,5,0.55,0.9322,102,0
IWM190906P146,2019-08-30,2019-08-30 09:34:17,0.56,0.9491,215,0.54,0.9152,20,0.58,0.983,5,0.55,0.9322,102,0
IWM190906P146,2019-08-30,2019-08-30 09:34:18,0.55,0.9322,137,0.54,0.9152,20,0.58,0.983,5,0.545,0.9237,102,0
IWM190906P146,2019-08-30,2019-08-30 09:34:19,0.55,0.9322,80,0.54,0.9152,20,0.58,0.983,5,0.545,0.9237,102,0
IWM190906P146,2019-08-30,2019-08-30 09:34:19,0.55,0.9322,137,0.54,0.9152,20,0.58,0.983,5,0.545,0.9237,102,0
IWM190906P146,2019-08-30,2019-08-30 09:34:20,0.56,0.9491,275,0.54,0.9152,20,0.58,0.983,5,0.55,0.9322,102,0
IWM190906P146,2019-08-30,2019-08-30 09:34:20,0.56,0.9491,150,0.54,0.9152,113,0.58,0.983,5,0.55,0.9322,102,0
IWM190906P146,2019-08-30,2019-08-30 09:34:21,0.56,0.9491,275,0.54,0.9152,103,0.58,0.983,5,0.55,0.9322,102,0
IWM190906P146,2019-08-30,2019-08-30 09:34:22,0.56,0.9491,275,0.54,0.9152,103,0.58,0.983,5,0.55,0.9322,102,0
IWM190906P146,2019-08-30,2019-08-30 09:34:22,0.56,0.9491,275,0.54,0.9152,20,0.58,0.983,5,0.55,0.9322,102,0
IWM190906P146,2019-08-30,2019-08-30 09:34:23,0.56,0.9491,365,0.54,0.9152,20,0.58,0.983,5,0.55,0.9322,102,0
IWM190906P146,2019-08-30,2019-08-30 09:34:23,0.56,0.9491,365,0.54,0.9152,45,0.58,0.983,5,0.55,0.9322,102,0
IWM190906P146,2019-08-30,2019-08-30 09:34:24,0.55,0.9322,150,0.54,0.9152,20,0.58,0.983,5,0.545,0.9237,102,0
IWM190906P146,2019-08-30,2019-08-30 09:34:25,0.56,0.9491,175,0.54,0.9152,20,0.58,0.983,5,0.55,0.9322,102,0
IWM190906P146,2019-08-30,2019-08-30 09:34:25,0.56,0.9491,186,0.54,0.9152,20,0.58,0.983,5,0.55,0.9322,102,0
IWM190906P146,2019-08-30,2019-08-30 09:34:26,0.56,0.9491,157,0.54,0.9152,20,0.58,0.983,5,0.55,0.9322,102,0
IWM190906P146,2019-08-30,2019-08-30 09:34:27,0.56,0.9491,157,0.54,0.9152,140,0.58,0.983,5,0.55,0.9322,102,0
IWM190906P146,2019-08-30,2019-08-30 09:34:27,0.56,0.9491,157,0.54,0.9152,20,0.58,0.983,5,0.55,0.9322,102,0
IWM190906P146,2019-08-30,2019-08-30 09:34:28,0.56,0.9491,150,0.54,0.9152,148,0.58,0.983,5,0.55,0.9322,102,0
IWM190906P146,2019-08-30,2019-08-30 09:34:28,0.56,0.9491,157,0.54,0.9152,155,0.58,0.983,5,0.55,0.9322,102,0
IWM190906P146,2019-08-30,2019-08-30 09:34:29,0.55,0.9322,4,0.54,0.9152,20,0.58,0.983,5,0.545,0.9237,102,0
IWM190906P146,2019-08-30,2019-08-30 09:34:29,0.56,0.9491,150,0.54,0.9152,54,0.58,0.983,5,0.55,0.9322,102,0
IWM190906P146,2019-08-30,2019-08-30 09:34:30,0.56,0.9491,150,0.54,0.9152,173,0.58,0.983,5,0.55,0.9322,102,0
IWM190906P146,2019-08-30,2019-08-30 09:34:30,0.55,0.9322,119,0.54,0.9152,76,0.58,0.983,5,0.545,0.9237,102,0
IWM190906P146,2019-08-30,2019-08-30 09:34:31,0.56,0.9491,211,0.54,0.9152,158,0.58,0.983,5,0.55,0.9322,102,0
IWM190906P146,2019-08-30,2019-08-30 09:34:32,0.56,0.9491,211,0.54,0.9152,20,0.58,0.983,5,0.55,0.9322,102,0
IWM190906P146,2019-08-30,2019-08-30 09:34:33,0.56,0.9491,211,0.54,0.9152,20,0.58,0.983,5,0.55,0.9322,102,0
IWM190906P146,2019-08-30,2019-08-30 09:34:34,0.56,0.9491,211,0.54,0.9152,10,0.58,0.983,5,0.55,0.9322,102,0
IWM190906P146,2019-08-30,2019-08-30 09:34:35,0.56,0.9491,211,0.53,0.8983,598,0.58,0.983,5,0.545,0.9237,102,0
IWM190906P146,2019-08-30,2019-08-30 09:34:35,0.56,0.9491,211,0.53,0.8983,543,0.58,0.983,5,0.545,0.9237,102,0
IWM190906P146,2019-08-30,2019-08-30 09:34:36,0.55,0.9322,165,0.53,0.8983,163,0.58,0.983,5,0.54,0.9152,102,0
IWM190906P146,2019-08-30,2019-08-30 09:34:36,0.55,0.9322,217,0.53,0.8983,97,0.58,0.983,5,0.54,0.9152,102,0
IWM190906P146,2019-08-30,2019-08-30 09:34:37,0.55,0.9322,234,0.53,0.8983,20,0.58,0.983,5,0.54,0.9152,102,0
IWM190906P146,2019-08-30,2019-08-30 09:34:37,0.55,0.9322,234,0.53,0.8983,4,0.58,0.983,5,0.54,0.9152,102,0
IWM190906P146,2019-08-30,2019-08-30 09:34:38,0.55,0.9322,234,0.54,0.9152,1,0.56,0.9491,11,0.545,0.9237,3492,3390
IWM190906P146,2019-08-30,2019-08-30 09:34:38,0.55,0.9322,234,0.53,0.8983,20,0.58,0.983,5,0.54,0.9152,102,0
IWM190906P146,2019-08-30,2019-08-30 09:34:39,0.55,0.9322,234,0.56,0.9491,135,0.56,0.9491,1,0.555,0.9406,5292,0
IWM190906P146,2019-08-30,2019-08-30 09:34:39,0.55,0.9322,234,0.53,0.8983,233,0.56,0.9491,1,0.54,0.9152,5292,1800
IWM190906P146,2019-08-30,2019-08-30 09:34:40,0.57,0.9661,629,0.53,0.8983,719,0.56,0.9491,1,0.55,0.9322,5301,9
IWM190906P146,2019-08-30,2019-08-30 09:34:40,0.57,0.9661,605,0.54,0.9152,13,0.56,0.9491,1,0.555,0.9406,5753,452
IWM190906P146,2019-08-30,2019-08-30 09:34:41,0.56,0.9491,1,0.55,0.9322,102,0.56,0.9491,1,0.555,0.9406,5754,1
IWM190906P146,2019-08-30,2019-08-30 09:34:41,0.57,0.9661,550,0.54,0.9152,20,0.56,0.9491,1,0.555,0.9406,5753,0
IWM190906P146,2019-08-30,2019-08-30 09:34:42,0.56,0.9491,1,0.55,0.9322,102,0.56,0.9491,1,0.555,0.9406,5754,0
IWM190906P146,2019-08-30,2019-08-30 09:34:43,0.57,0.9661,206,0.56,0.9491,165,0.56,0.9491,1,0.565,0.9576,5754,0
IWM190906P146,2019-08-30,2019-08-30 09:34:43,0.57,0.9661,43,0.56,0.9491,165,0.56,0.9491,1,0.565,0.9576,5754,0
IWM190906P146,2019-08-30,2019-08-30 09:34:44,0.56,0.9491,210,0.55,0.9322,4,0.56,0.9491,97,0.555,0.9406,6016,262
IWM190906P146,2019-08-30,2019-08-30 09:34:44,0.56,0.9491,10,0.55,0.9322,97,0.56,0.9491,97,0.555,0.9406,6016,0
IWM190906P146,2019-08-30,2019-08-30 09:34:45,0.57,0.9661,31,0.56,0.9491,97,0.56,0.9491,97,0.565,0.9576,6016,0
IWM190906P146,2019-08-30,2019-08-30 09:34:45,0.57,0.9661,10,0.55,0.9322,24,0.56,0.9491,97,0.56,0.9491,6016,0
IWM190906P146,2019-08-30,2019-08-30 09:34:46,0.57,0.9661,4,0.55,0.9322,24,0.56,0.9491,97,0.56,0.9491,6016,0
IWM190906P146,2019-08-30,2019-08-30 09:34:47,0.57,0.9661,4,0.55,0.9322,24,0.56,0.9491,97,0.56,0.9491,6016,0
IWM190906P146,2019-08-30,2019-08-30 09:34:47,0.57,0.9661,39,0.56,0.9491,4,0.56,0.9491,97,0.565,0.9576,6016,0
IWM190906P146,2019-08-30,2019-08-30 09:34:48,0.57,0.9661,39,0.56,0.9491,4,0.56,0.9491,97,0.565,0.9576,6016,0
IWM190906P146,2019-08-30,2019-08-30 09:34:48,0.57,0.9661,39,0.55,0.9322,10,0.56,0.9491,97,0.56,0.9491,6016,0
IWM190906P146,2019-08-30,2019-08-30 09:34:49,0.57,0.9661,150,0.55,0.9322,43,0.56,0.9491,97,0.56,0.9491,6016,0
IWM190906P146,2019-08-30,2019-08-30 09:34:49,0.57,0.9661,150,0.55,0.9322,20,0.56,0.9491,97,0.56,0.9491,6016,0
IWM190906P146,2019-08-30,2019-08-30 09:34:50,0.57,0.9661,150,0.55,0.9322,20,0.56,0.9491,97,0.56,0.9491,6016,0
IWM190906P146,2019-08-30,2019-08-30 09:34:51,0.57,0.9661,150,0.55,0.9322,20,0.56,0.9491,97,0.56,0.9491,6016,0
IWM190906P146,2019-08-30,2019-08-30 09:34:51,0.56,0.9491,50,0.55,0.9322,4,0.56,0.9491,97,0.555,0.9406,6016,0
IWM190906P146,2019-08-30,2019-08-30 09:34:52,0.56,0.9491,150,0.55,0.9322,6,0.56,0.9491,97,0.555,0.9406,6016,0
IWM190906P146,2019-08-30,2019-08-30 09:34:53,0.57,0.9661,40,0.55,0.9322,83,0.56,0.9491,97,0.56,0.9491,6016,0
IWM190906P146,2019-08-30,2019-08-30 09:34:53,0.56,0.9491,150,0.55,0.9322,6,0.56,0.9491,97,0.555,0.9406,6016,0
IWM190906P146,2019-08-30,2019-08-30 09:34:54,0.57,0.9661,111,0.55,0.9322,38,0.56,0.9491,97,0.56,0.9491,6016,0
IWM190906P146,2019-08-30,2019-08-30 09:34:54,0.57,0.9661,111,0.55,0.9322,29,0.56,0.9491,97,0.56,0.9491,6016,0
IWM190906P146,2019-08-30,2019-08-30 09:34:55,0.57,0.9661,111,0.55,0.9322,29,0.56,0.9491,97,0.56,0.9491,6016,0
IWM190906P146,2019-08-30,2019-08-30 09:34:56,0.57,0.9661,111,0.55,0.9322,38,0.56,0.9491,97,0.56,0.9491,6016,0
IWM190906P146,2019-08-30,2019-08-30 09:34:57,0.57,0.9661,111,0.56,0.9491,4,0.56,0.9491,97,0.565,0.9576,6016,0
IWM190906P146,2019-08-30,2019-08-30 09:34:58,0.57,0.9661,111,0.55,0.9322,10,0.56,0.9491,97,0.56,0.9491,6016,0
IWM190906P146,2019-08-30,2019-08-30 09:34:58,0.57,0.9661,111,0.55,0.9322,76,0.56,0.9491,97,0.56,0.9491,6016,0
IWM190906P146,2019-08-30,2019-08-30 09:34:59,0.57,0.9661,111,0.56,0.9491,4,0.56,0.9491,97,0.565,0.9576,6016,0
IWM190906P146,2019-08-30,2019-08-30 09:35:00,0.58,0.983,150,0.56,0.9491,50,0.56,0.9491,97,0.57,0.9661,6016,0
IWM190906P146,2019-08-30,2019-08-30 09:35:00,0.58,0.983,150,0.56,0.9491,6,0.56,0.9491,97,0.57,0.9661,6016,0
IWM190906P146,2019-08-30,2019-08-30 09:35:01,0.57,0.9661,50,0.56,0.9491,6,0.56,0.9491,97,0.565,0.9576,6016,0
IWM190906P146,2019-08-30,2019-08-30 09:35:02,0.57,0.9661,55,0.56,0.9491,4,0.56,0.9491,97,0.565,0.9576,6016,0
IWM190906P146,2019-08-30,2019-08-30 09:35:02,0.57,0.9661,55,0.56,0.9491,17,0.56,0.9491,97,0.565,0.9576,6016,0
IWM190906P146,2019-08-30,2019-08-30 09:35:03,0.57,0.9661,55,0.56,0.9491,4,0.56,0.9491,97,0.565,0.9576,6016,0
IWM190906P146,2019-08-30,2019-08-30 09:35:03,0.57,0.9661,55,0.55,0.9322,4,0.56,0.9491,97,0.56,0.9491,6016,0
IWM190906P146,2019-08-30,2019-08-30 09:35:04,0.57,0.9661,55,0.55,0.9322,10,0.56,0.9491,97,0.56,0.9491,6016,0
IWM190906P146,2019-08-30,2019-08-30 09:35:05,0.57,0.9661,55,0.55,0.9322,10,0.56,0.9491,97,0.56,0.9491,6016,0
IWM190906P146,2019-08-30,2019-08-30 09:35:06,0.57,0.9661,55,0.55,0.9322,96,0.56,0.9491,97,0.56,0.9491,6016,0
IWM190906P146,2019-08-30,2019-08-30 09:35:06,0.57,0.9661,55,0.55,0.9322,130,0.56,0.9491,97,0.56,0.9491,6016,0
IWM190906P146,2019-08-30,2019-08-30 09:35:07,0.56,0.9491,149,0.55,0.9322,10,0.56,0.9491,97,0.555,0.9406,6016,0
IWM190906P146,2019-08-30,2019-08-30 09:35:07,0.56,0.9491,20,0.55,0.9322,96,0.56,0.9491,97,0.555,0.9406,6016,0
IWM190906P146,2019-08-30,2019-08-30 09:35:08,0.56,0.9491,94,0.55,0.9322,4,0.56,0.9491,97,0.555,0.9406,6016,0
IWM190906P146,2019-08-30,2019-08-30 09:35:08,0.56,0.9491,94,0.55,0.9322,10,0.56,0.9491,97,0.555,0.9406,6016,0
IWM190906P146,2019-08-30,2019-08-30 09:35:09,0.56,0.9491,94,0.55,0.9322,4,0.56,0.9491,97,0.555,0.9406,6016,0
IWM190906P146,2019-08-30,2019-08-30 09:35:10,0.56,0.9491,94,0.55,0.9322,4,0.53,0.8983,1,0.555,0.9406,6017,0
IWM190906P146,2019-08-30,2019-08-30 09:35:10,0.56,0.9491,94,0.55,0.9322,4,0.56,0.9491,97,0.555,0.9406,6017,1
IWM190906P146,2019-08-30,2019-08-30 09:35:11,0.56,0.9491,154,0.55,0.9322,4,0.53,0.8983,1,0.555,0.9406,6017,0
IWM190906P146,2019-08-30,2019-08-30 09:35:12,0.56,0.9491,154,0.54,0.9152,20,0.53,0.8983,1,0.55,0.9322,6017,0
IWM190906P146,2019-08-30,2019-08-30 09:35:12,0.56,0.9491,154,0.54,0.9152,4,0.53,0.8983,1,0.55,0.9322,6017,0
IWM190906P146,2019-08-30,2019-08-30 09:35:13,0.56,0.9491,154,0.55,0.9322,4,0.53,0.8983,1,0.555,0.9406,6017,0
IWM190906P146,2019-08-30,2019-08-30 09:35:13,0.56,0.9491,124,0.54,0.9152,6,0.53,0.8983,1,0.55,0.9322,6017,0
IWM190906P146,2019-08-30,2019-08-30 09:35:14,0.56,0.9491,163,0.55,0.9322,4,0.53,0.8983,1,0.555,0.9406,6017,0
IWM190906P146,2019-08-30,2019-08-30 09:35:14,0.56,0.9491,163,0.54,0.9152,6,0.53,0.8983,1,0.55,0.9322,6017,0
IWM190906P146,2019-08-30,2019-08-30 09:35:15,0.56,0.9491,163,0.55,0.9322,4,0.53,0.8983,1,0.555,0.9406,6017,0
IWM190906P146,2019-08-30,2019-08-30 09:35:16,0.56,0.9491,163,0.55,0.9322,4,0.53,0.8983,1,0.555,0.9406,6017,0
IWM190906P146,2019-08-30,2019-08-30 09:35:17,0.56,0.9491,163,0.55,0.9322,4,0.53,0.8983,1,0.555,0.9406,6017,0
IWM190906P146,2019-08-30,2019-08-30 09:35:18,0.56,0.9491,94,0.55,0.9322,4,0.53,0.8983,1,0.555,0.9406,6017,0
IWM190906P146,2019-08-30,2019-08-30 09:35:19,0.56,0.9491,136,0.55,0.9322,4,0.53,0.8983,1,0.555,0.9406,6017,0
IWM190906P146,2019-08-30,2019-08-30 09:35:19,0.56,0.9491,70,0.55,0.9322,4,0.53,0.8983,1,0.555,0.9406,6017,0
IWM190906P146,2019-08-30,2019-08-30 09:35:20,0.56,0.9491,136,0.55,0.9322,4,0.53,0.8983,1,0.555,0.9406,6017,0
IWM190906P146,2019-08-30,2019-08-30 09:35:21,0.56,0.9491,111,0.55,0.9322,4,0.53,0.8983,1,0.555,0.9406,6017,0
IWM190906P146,2019-08-30,2019-08-30 09:35:21,0.56,0.9491,136,0.55,0.9322,4,0.53,0.8983,1,0.555,0.9406,6017,0
IWM190906P146,2019-08-30,2019-08-30 09:35:22,0.56,0.9491,163,0.54,0.9152,4,0.53,0.8983,1,0.55,0.9322,6017,0
IWM190906P146,2019-08-30,2019-08-30 09:35:22,0.56,0.9491,168,0.54,0.9152,4,0.53,0.8983,1,0.55,0.9322,6017,0
IWM190906P146,2019-08-30,2019-08-30 09:35:23,0.56,0.9491,162,0.54,0.9152,4,0.53,0.8983,1,0.55,0.9322,6017,0
IWM190906P146,2019-08-30,2019-08-30 09:35:23,0.56,0.9491,163,0.54,0.9152,10,0.53,0.8983,1,0.55,0.9322,6017,0
IWM190906P146,2019-08-30,2019-08-30 09:35:24,0.56,0.9491,350,0.54,0.9152,4,0.53,0.8983,1,0.55,0.9322,6017,0
IWM190906P146,2019-08-30,2019-08-30 09:35:24,0.56,0.9491,350,0.54,0.9152,6,0.53,0.8983,1,0.55,0.9322,6017,0
IWM190906P146,2019-08-30,2019-08-30 09:35:25,0.56,0.9491,368,0.55,0.9322,4,0.53,0.8983,1,0.555,0.9406,6017,0
IWM190906P146,2019-08-30,2019-08-30 09:35:26,0.56,0.9491,183,0.54,0.9152,20,0.53,0.8983,1,0.55,0.9322,6017,0
IWM190906P146,2019-08-30,2019-08-30 09:35:27,0.56,0.9491,190,0.54,0.9152,4,0.53,0.8983,1,0.55,0.9322,6017,0
IWM190906P146,2019-08-30,2019-08-30 09:35:28,0.56,0.9491,190,0.54,0.9152,4,0.53,0.8983,1,0.55,0.9322,6017,0
IWM190906P146,2019-08-30,2019-08-30 09:35:29,0.56,0.9491,462,0.54,0.9152,4,0.53,0.8983,1,0.55,0.9322,6017,0
IWM190906P146,2019-08-30,2019-08-30 09:35:30,0.56,0.9491,222,0.54,0.9152,4,0.53,0.8983,1,0.55,0.9322,6017,0
IWM190906P146,2019-08-30,2019-08-30 09:35:31,0.56,0.9491,222,0.54,0.9152,4,0.53,0.8983,1,0.55,0.9322,6017,0
IWM190906P146,2019-08-30,2019-08-30 09:35:32,0.56,0.9491,222,0.54,0.9152,6,0.53,0.8983,1,0.55,0.9322,6017,0
IWM190906P146,2019-08-30,2019-08-30 09:35:33,0.56,0.9491,222,0.55,0.9322,4,0.53,0.8983,1,0.555,0.9406,6017,0
IWM190906P146,2019-08-30,2019-08-30 09:35:34,0.56,0.9491,222,0.55,0.9322,4,0.53,0.8983,1,0.555,0.9406,6017,0
IWM190906P146,2019-08-30,2019-08-30 09:35:35,0.56,0.9491,222,0.54,0.9152,10,0.53,0.8983,1,0.55,0.9322,6017,0
IWM190906P146,2019-08-30,2019-08-30 09:35:35,0.56,0.9491,222,0.55,0.9322,4,0.53,0.8983,1,0.555,0.9406,6017,0
IWM190906P146,2019-08-30,2019-08-30 09:35:36,0.56,0.9491,339,0.54,0.9152,4,0.53,0.8983,1,0.55,0.9322,6017,0
IWM190906P146,2019-08-30,2019-08-30 09:35:36,0.56,0.9491,564,0.53,0.8983,40,0.53,0.8983,1,0.545,0.9237,6017,0
IWM190906P146,2019-08-30,2019-08-30 09:35:37,0.56,0.9491,564,0.53,0.8983,133,0.53,0.8983,1,0.545,0.9237,6017,0
IWM190906P146,2019-08-30,2019-08-30 09:35:37,0.56,0.9491,564,0.53,0.8983,98,0.53,0.8983,1,0.545,0.9237,6017,0
IWM190906P146,2019-08-30,2019-08-30 09:35:38,0.56,0.9491,564,0.53,0.8983,133,0.53,0.8983,1,0.545,0.9237,6017,0
IWM190906P146,2019-08-30,2019-08-30 09:35:39,0.56,0.9491,675,0.53,0.8983,133,0.53,0.8983,1,0.545,0.9237,6017,0
IWM190906P146,2019-08-30,2019-08-30 09:35:40,0.56,0.9491,481,0.53,0.8983,133,0.53,0.8983,1,0.545,0.9237,6017,0
IWM190906P146,2019-08-30,2019-08-30 09:35:40,0.56,0.9491,222,0.53,0.8983,89,0.53,0.8983,1,0.545,0.9237,6017,0
IWM190906P146,2019-08-30,2019-08-30 09:35:41,0.56,0.9491,222,0.53,0.8983,56,0.53,0.8983,1,0.545,0.9237,6017,0
IWM190906P146,2019-08-30,2019-08-30 09:35:42,0.56,0.9491,412,0.53,0.8983,56,0.53,0.8983,1,0.545,0.9237,6017,0
IWM190906P146,2019-08-30,2019-08-30 09:35:42,0.56,0.9491,238,0.53,0.8983,47,0.53,0.8983,1,0.545,0.9237,6017,0
IWM190906P146,2019-08-30,2019-08-30 09:35:43,0.56,0.9491,238,0.53,0.8983,47,0.53,0.8983,1,0.545,0.9237,6017,0
IWM190906P146,2019-08-30,2019-08-30 09:35:43,0.56,0.9491,238,0.53,0.8983,208,0.53,0.8983,1,0.545,0.9237,6017,0
IWM190906P146,2019-08-30,2019-08-30 09:35:44,0.56,0.9491,424,0.53,0.8983,208,0.53,0.8983,1,0.545,0.9237,6017,0
IWM190906P146,2019-08-30,2019-08-30 09:35:44,0.56,0.9491,424,0.53,0.8983,281,0.53,0.8983,1,0.545,0.9237,6017,0
IWM190906P146,2019-08-30,2019-08-30 09:35:45,0.56,0.9491,424,0.53,0.8983,459,0.53,0.8983,1,0.545,0.9237,6017,0
IWM190906P146,2019-08-30,2019-08-30 09:35:45,0.56,0.9491,222,0.53,0.8983,530,0.53,0.8983,1,0.545,0.9237,6017,0
IWM190906P146,2019-08-30,2019-08-30 09:35:46,0.56,0.9491,222,0.53,0.8983,530,0.53,0.8983,1,0.545,0.9237,6017,0
IWM190906P146,2019-08-30,2019-08-30 09:35:47,0.56,0.9491,222,0.54,0.9152,20,0.53,0.8983,1,0.55,0.9322,6017,0
IWM190906P146,2019-08-30,2019-08-30 09:35:48,0.56,0.9491,186,0.54,0.9152,34,0.53,0.8983,1,0.55,0.9322,6017,0
IWM190906P146,2019-08-30,2019-08-30 09:35:48,0.56,0.9491,222,0.54,0.9152,34,0.53,0.8983,1,0.55,0.9322,6017,0
IWM190906P146,2019-08-30,2019-08-30 09:35:49,0.56,0.9491,186,0.54,0.9152,25,0.53,0.8983,1,0.55,0.9322,6017,0
IWM190906P146,2019-08-30,2019-08-30 09:35:50,0.56,0.9491,222,0.54,0.9152,20,0.53,0.8983,1,0.55,0.9322,6017,0
IWM190906P146,2019-08-30,2019-08-30 09:35:50,0.56,0.9491,222,0.54,0.9152,25,0.53,0.8983,1,0.55,0.9322,6017,0
IWM190906P146,2019-08-30,2019-08-30 09:35:51,0.56,0.9491,194,0.54,0.9152,20,0.53,0.8983,1,0.55,0.9322,6017,0
IWM190906P146,2019-08-30,2019-08-30 09:35:52,0.56,0.9491,194,0.54,0.9152,20,0.53,0.8983,1,0.55,0.9322,6017,0
IWM190906P146,2019-08-30,2019-08-30 09:35:52,0.56,0.9491,168,0.54,0.9152,38,0.53,0.8983,1,0.55,0.9322,6017,0
IWM190906P146,2019-08-30,2019-08-30 09:35:53,0.56,0.9491,168,0.54,0.9152,38,0.53,0.8983,1,0.55,0.9322,6017,0
IWM190906P146,2019-08-30,2019-08-30 09:35:54,0.56,0.9491,168,0.54,0.9152,38,0.53,0.8983,1,0.55,0.9322,6017,0
IWM190906P146,2019-08-30,2019-08-30 09:35:55,0.56,0.9491,108,0.54,0.9152,20,0.53,0.8983,1,0.55,0.9322,6017,0
IWM190906P146,2019-08-30,2019-08-30 09:35:55,0.55,0.9322,39,0.54,0.9152,20,0.53,0.8983,1,0.545,0.9237,6017,0
IWM190906P146,2019-08-30,2019-08-30 09:35:56,0.55,0.9322,66,0.53,0.8983,509,0.53,0.8983,1,0.54,0.9152,6017,0
IWM190906P146,2019-08-30,2019-08-30 09:35:57,0.55,0.9322,66,0.53,0.8983,175,0.53,0.8983,1,0.54,0.9152,6017,0
IWM190906P146,2019-08-30,2019-08-30 09:35:57,0.55,0.9322,66,0.53,0.8983,91,0.53,0.8983,1,0.54,0.9152,6017,0
IWM190906P146,2019-08-30,2019-08-30 09:35:58,0.55,0.9322,30,0.53,0.8983,175,0.53,0.8983,1,0.54,0.9152,6017,0
IWM190906P146,2019-08-30,2019-08-30 09:35:58,0.55,0.9322,73,0.53,0.8983,175,0.53,0.8983,1,0.54,0.9152,6017,0
IWM190906P146,2019-08-30,2019-08-30 09:35:59,0.55,0.9322,39,0.53,0.8983,175,0.53,0.8983,1,0.54,0.9152,6017,0
IWM190906P146,2019-08-30,2019-08-30 09:35:59,0.55,0.9322,30,0.53,0.8983,175,0.53,0.8983,1,0.54,0.9152,6017,0
IWM190906P146,2019-08-30,2019-08-30 09:36:00,0.55,0.9322,39,0.53,0.8983,309,0.53,0.8983,1,0.54,0.9152,6017,0
IWM190906P146,2019-08-30,2019-08-30 09:36:00,0.55,0.9322,79,0.53,0.8983,472,0.53,0.8983,1,0.54,0.9152,6017,0
IWM190906P146,2019-08-30,2019-08-30 09:36:01,0.55,0.9322,79,0.53,0.8983,472,0.53,0.8983,1,0.54,0.9152,6017,0
IWM190906P146,2019-08-30,2019-08-30 09:36:02,0.55,0.9322,36,0.53,0.8983,472,0.53,0.8983,1,0.54,0.9152,6017,0
IWM190906P146,2019-08-30,2019-08-30 09:36:02,0.55,0.9322,100,0.53,0.8983,472,0.53,0.8983,1,0.54,0.9152,6017,0
IWM190906P146,2019-08-30,2019-08-30 09:36:03,0.55,0.9322,100,0.53,0.8983,472,0.53,0.8983,1,0.54,0.9152,6017,0
IWM190906P146,2019-08-30,2019-08-30 09:36:03,0.55,0.9322,117,0.53,0.8983,472,0.53,0.8983,1,0.54,0.9152,6017,0
IWM190906P146,2019-08-30,2019-08-30 09:36:04,0.55,0.9322,100,0.54,0.9152,20,0.53,0.8983,1,0.545,0.9237,6017,0
IWM190906P146,2019-08-30,2019-08-30 09:36:04,0.55,0.9322,100,0.54,0.9152,30,0.53,0.8983,1,0.545,0.9237,6017,0
IWM190906P146,2019-08-30,2019-08-30 09:36:05,0.56,0.9491,253,0.54,0.9152,31,0.53,0.8983,1,0.55,0.9322,6017,0
IWM190906P146,2019-08-30,2019-08-30 09:36:05,0.56,0.9491,252,0.54,0.9152,40,0.53,0.8983,1,0.55,0.9322,6017,0
IWM190906P146,2019-08-30,2019-08-30 09:36:06,0.56,0.9491,253,0.54,0.9152,40,0.53,0.8983,1,0.55,0.9322,6017,0
IWM190906P146,2019-08-30,2019-08-30 09:36:07,0.56,0.9491,212,0.54,0.9152,40,0.53,0.8983,1,0.55,0.9322,6017,0
IWM190906P146,2019-08-30,2019-08-30 09:36:07,0.56,0.9491,215,0.54,0.9152,40,0.53,0.8983,1,0.55,0.9322,6017,0
IWM190906P146,2019-08-30,2019-08-30 09:36:08,0.56,0.9491,215,0.54,0.9152,164,0.53,0.8983,1,0.55,0.9322,6017,0
IWM190906P146,2019-08-30,2019-08-30 09:36:09,0.56,0.9491,215,0.54,0.9152,164,0.53,0.8983,1,0.55,0.9322,6017,0
IWM190906P146,2019-08-30,2019-08-30 09:36:10,0.56,0.9491,250,0.54,0.9152,40,0.53,0.8983,1,0.55,0.9322,6017,0
IWM190906P146,2019-08-30,2019-08-30 09:36:10,0.56,0.9491,250,0.54,0.9152,107,0.53,0.8983,1,0.55,0.9322,6017,0
IWM190906P146,2019-08-30,2019-08-30 09:36:11,0.56,0.9491,250,0.54,0.9152,31,0.53,0.8983,1,0.55,0.9322,6017,0
IWM190906P146,2019-08-30,2019-08-30 09:36:12,0.56,0.9491,162,0.54,0.9152,31,0.53,0.8983,1,0.55,0.9322,6017,0
IWM190906P146,2019-08-30,2019-08-30 09:36:12,0.56,0.9491,222,0.54,0.9152,154,0.53,0.8983,1,0.55,0.9322,6017,0
IWM190906P146,2019-08-30,2019-08-30 09:36:13,0.56,0.9491,89,0.54,0.9152,281,0.53,0.8983,1,0.55,0.9322,6017,0
IWM190906P146,2019-08-30,2019-08-30 09:36:14,0.56,0.9491,106,0.54,0.9152,530,0.53,0.8983,1,0.55,0.9322,6017,0
IWM190906P146,2019-08-30,2019-08-30 09:36:14,0.56,0.9491,106,0.54,0.9152,372,0.53,0.8983,1,0.55,0.9322,6017,0
IWM190906P146,2019-08-30,2019-08-30 09:36:15,0.56,0.9491,158,0.54,0.9152,138,0.53,0.8983,1,0.55,0.9322,6017,0
IWM190906P146,2019-08-30,2019-08-30 09:36:15,0.56,0.9491,182,0.54,0.9152,138,0.53,0.8983,1,0.55,0.9322,6017,0
IWM190906P146,2019-08-30,2019-08-30 09:36:16,0.56,0.9491,182,0.54,0.9152,138,0.53,0.8983,1,0.55,0.9322,6017,0
IWM190906P146,2019-08-30,2019-08-30 09:36:17,0.56,0.9491,182,0.54,0.9152,138,0.53,0.8983,1,0.55,0.9322,6017,0
IWM190906P146,2019-08-30,2019-08-30 09:36:17,0.56,0.9491,182,0.55,0.9322,4,0.53,0.8983,1,0.555,0.9406,6017,0
IWM190906P146,2019-08-30,2019-08-30 09:36:18,0.56,0.9491,160,0.55,0.9322,4,0.53,0.8983,1,0.555,0.9406,6017,0
IWM190906P146,2019-08-30,2019-08-30 09:36:19,0.56,0.9491,216,0.55,0.9322,4,0.53,0.8983,1,0.555,0.9406,6017,0
IWM190906P146,2019-08-30,2019-08-30 09:36:20,0.56,0.9491,216,0.55,0.9322,4,0.53,0.8983,1,0.555,0.9406,6017,0
IWM190906P146,2019-08-30,2019-08-30 09:36:21,0.56,0.9491,216,0.55,0.9322,4,0.53,0.8983,1,0.555,0.9406,6017,0
IWM190906P146,2019-08-30,2019-08-30 09:36:21,0.56,0.9491,270,0.55,0.9322,4,0.53,0.8983,1,0.555,0.9406,6017,0
IWM190906P146,2019-08-30,2019-08-30 09:36:22,0.56,0.9491,270,0.55,0.9322,4,0.53,0.8983,1,0.555,0.9406,6017,0
IWM190906P146,2019-08-30,2019-08-30 09:36:23,0.56,0.9491,270,0.55,0.9322,4,0.53,0.8983,1,0.555,0.9406,6017,0
IWM190906P146,2019-08-30,2019-08-30 09:36:24,0.56,0.9491,233,0.55,0.9322,4,0.53,0.8983,1,0.555,0.9406,6017,0
IWM190906P146,2019-08-30,2019-08-30 09:36:24,0.56,0.9491,286,0.55,0.9322,4,0.53,0.8983,1,0.555,0.9406,6017,0
IWM190906P146,2019-08-30,2019-08-30 09:36:25,0.56,0.9491,286,0.55,0.9322,4,0.53,0.8983,1,0.555,0.9406,6017,0
IWM190906P146,2019-08-30,2019-08-30 09:36:26,0.56,0.9491,286,0.55,0.9322,4,0.53,0.8983,1,0.555,0.9406,6017,0
IWM190906P146,2019-08-30,2019-08-30 09:36:26,0.56,0.9491,301,0.55,0.9322,4,0.53,0.8983,1,0.555,0.9406,6017,0
IWM190906P146,2019-08-30,2019-08-30 09:36:27,0.56,0.9491,406,0.54,0.9152,20,0.53,0.8983,1,0.55,0.9322,6017,0
IWM190906P146,2019-08-30,2019-08-30 09:36:28,0.56,0.9491,404,0.54,0.9152,20,0.53,0.8983,1,0.55,0.9322,6017,0
IWM190906P146,2019-08-30,2019-08-30 09:36:29,0.56,0.9491,404,0.54,0.9152,20,0.53,0.8983,1,0.55,0.9322,6017,0
IWM190906P146,2019-08-30,2019-08-30 09:36:30,0.56,0.9491,404,0.54,0.9152,10,0.53,0.8983,1,0.55,0.9322,6017,0
IWM190906P146,2019-08-30,2019-08-30 09:36:30,0.56,0.9491,402,0.55,0.9322,4,0.53,0.8983,1,0.555,0.9406,6017,0
IWM190906P146,2019-08-30,2019-08-30 09:36:31,0.56,0.9491,404,0.55,0.9322,4,0.53,0.8983,1,0.555,0.9406,6017,0
IWM190906P146,2019-08-30,2019-08-30 09:36:32,0.56,0.9491,404,0.55,0.9322,4,0.53,0.8983,1,0.555,0.9406,6017,0
IWM190906P146,2019-08-30,2019-08-30 09:36:33,0.56,0.9491,404,0.55,0.9322,4,0.53,0.8983,1,0.555,0.9406,6017,0
IWM190906P146,2019-08-30,2019-08-30 09:36:34,0.56,0.9491,431,0.55,0.9322,4,0.53,0.8983,1,0.555,0.9406,6017,0
IWM190906P146,2019-08-30,2019-08-30 09:36:35,0.56,0.9491,431,0.55,0.9322,4,0.53,0.8983,1,0.555,0.9406,6017,0
IWM190906P146,2019-08-30,2019-08-30 09:36:36,0.56,0.9491,431,0.55,0.9322,4,0.53,0.8983,1,0.555,0.9406,6017,0
IWM190906P146,2019-08-30,2019-08-30 09:36:37,0.56,0.9491,215,0.53,0.8983,594,0.53,0.8983,1,0.545,0.9237,6017,0
IWM190906P146,2019-08-30,2019-08-30 09:36:37,0.56,0.9491,228,0.53,0.8983,600,0.53,0.8983,1,0.545,0.9237,6017,0
IWM190906P146,2019-08-30,2019-08-30 09:36:38,0.56,0.9491,210,0.53,0.8983,699,0.53,0.8983,1,0.545,0.9237,6017,0
IWM190906P146,2019-08-30,2019-08-30 09:36:38,0.56,0.9491,228,0.53,0.8983,699,0.53,0.8983,1,0.545,0.9237,6017,0
IWM190906P146,2019-08-30,2019-08-30 09:36:39,0.56,0.9491,94,0.53,0.8983,610,0.53,0.8983,1,0.545,0.9237,6017,0
IWM190906P146,2019-08-30,2019-08-30 09:36:39,0.56,0.9491,220,0.53,0.8983,709,0.53,0.8983,1,0.545,0.9237,6017,0
IWM190906P146,2019-08-30,2019-08-30 09:36:40,0.56,0.9491,72,0.53,0.8983,804,0.53,0.8983,1,0.545,0.9237,6017,0
IWM190906P146,2019-08-30,2019-08-30 09:36:40,0.56,0.9491,166,0.54,0.9152,319,0.53,0.8983,1,0.55,0.9322,6017,0
IWM190906P146,2019-08-30,2019-08-30 09:36:41,0.56,0.9491,136,0.54,0.9152,319,0.53,0.8983,1,0.55,0.9322,6017,0
IWM190906P146,2019-08-30,2019-08-30 09:36:41,0.57,0.9661,292,0.54,0.9152,462,0.53,0.8983,1,0.555,0.9406,6017,0
IWM190906P146,2019-08-30,2019-08-30 09:36:42,0.57,0.9661,146,0.55,0.9322,99,0.53,0.8983,1,0.56,0.9491,6017,0
IWM190906P146,2019-08-30,2019-08-30 09:36:42,0.57,0.9661,317,0.54,0.9152,432,0.53,0.8983,1,0.555,0.9406,6017,0
IWM190906P146,2019-08-30,2019-08-30 09:36:43,0.57,0.9661,160,0.55,0.9322,157,0.53,0.8983,1,0.56,0.9491,6017,0
IWM190906P146,2019-08-30,2019-08-30 09:36:43,0.57,0.9661,88,0.55,0.9322,281,0.53,0.8983,1,0.56,0.9491,6017,0
IWM190906P146,2019-08-30,2019-08-30 09:36:44,0.57,0.9661,72,0.55,0.9322,281,0.53,0.8983,1,0.56,0.9491,6017,0
IWM190906P146,2019-08-30,2019-08-30 09:36:44,0.57,0.9661,50,0.56,0.9491,20,0.53,0.8983,1,0.565,0.9576,6017,0
IWM190906P146,2019-08-30,2019-08-30 09:36:45,0.57,0.9661,50,0.56,0.9491,150,0.53,0.8983,1,0.565,0.9576,6017,0
IWM190906P146,2019-08-30,2019-08-30 09:36:46,0.58,0.983,89,0.56,0.9491,201,0.53,0.8983,1,0.57,0.9661,6017,0
IWM190906P146,2019-08-30,2019-08-30 09:36:46,0.57,0.9661,50,0.56,0.9491,20,0.53,0.8983,1,0.565,0.9576,6017,0
IWM190906P146,2019-08-30,2019-08-30 09:36:47,0.58,0.983,129,0.56,0.9491,212,0.53,0.8983,1,0.57,0.9661,6017,0
IWM190906P146,2019-08-30,2019-08-30 09:36:48,0.58,0.983,148,0.57,0.9661,10,0.53,0.8983,1,0.575,0.9745,6017,0
IWM190906P146,2019-08-30,2019-08-30 09:36:48,0.58,0.983,78,0.57,0.9661,20,0.53,0.8983,1,0.575,0.9745,6017,0
IWM190906P146,2019-08-30,2019-08-30 09:36:49,0.58,0.983,88,0.57,0.9661,20,0.53,0.8983,1,0.575,0.9745,6017,0
IWM190906P146,2019-08-30,2019-08-30 09:36:49,0.58,0.983,32,0.57,0.9661,20,0.53,0.8983,1,0.575,0.9745,6017,0
IWM190906P146,2019-08-30,2019-08-30 09:36:50,0.58,0.983,50,0.57,0.9661,20,0.53,0.8983,1,0.575,0.9745,6017,0
IWM190906P146,2019-08-30,2019-08-30 09:36:50,0.58,0.983,56,0.57,0.9661,10,0.53,0.8983,1,0.575,0.9745,6017,0
IWM190906P146,2019-08-30,2019-08-30 09:36:51,0.58,0.983,131,0.57,0.9661,20,0.53,0.8983,1,0.575,0.9745,6017,0
IWM190906P146,2019-08-30,2019-08-30 09:36:51,0.58,0.983,20,0.57,0.9661,20,0.53,0.8983,1,0.575,0.9745,6017,0
IWM190906P146,2019-08-30,2019-08-30 09:36:52,0.58,0.983,20,0.57,0.9661,361,0.53,0.8983,1,0.575,0.9745,6017,0
IWM190906P146,2019-08-30,2019-08-30 09:36:53,0.59,1.0,176,0.58,0.983,10,0.53,0.8983,1,0.585,0.9915,6017,0
IWM190906P146,2019-08-30,2019-08-30 09:36:53,0.59,1.0,171,0.58,0.983,20,0.53,0.8983,1,0.585,0.9915,6017,0
IWM190906P146,2019-08-30,2019-08-30 09:36:54,0.59,1.0,224,0.58,0.983,20,0.53,0.8983,1,0.585,0.9915,6017,0
IWM190906P146,2019-08-30,2019-08-30 09:36:55,0.59,1.0,229,0.58,0.983,20,0.53,0.8983,1,0.585,0.9915,6017,0
IWM190906P146,2019-08-30,2019-08-30 09:36:55,0.59,1.0,179,0.58,0.983,20,0.53,0.8983,1,0.585,0.9915,6017,0
IWM190906P146,2019-08-30,2019-08-30 09:36:56,0.59,1.0,45,0.58,0.983,20,0.53,0.8983,1,0.585,0.9915,6017,0
IWM190906P146,2019-08-30,2019-08-30 09:36:57,0.59,1.0,26,0.58,0.983,20,0.53,0.8983,1,0.585,0.9915,6017,0
IWM190906P146,2019-08-30,2019-08-30 09:36:57,0.59,1.0,45,0.58,0.983,20,0.53,0.8983,1,0.585,0.9915,6017,0
IWM190906P146,2019-08-30,2019-08-30 09:36:58,0.59,1.0,163,0.58,0.983,20,0.53,0.8983,1,0.585,0.9915,6017,0
IWM190906P146,2019-08-30,2019-08-30 09:36:59,0.59,1.0,163,0.58,0.983,20,0.53,0.8983,1,0.585,0.9915,6017,0
IWM190906P146,2019-08-30,2019-08-30 09:37:00,0.59,1.0,116,0.58,0.983,20,0.53,0.8983,1,0.585,0.9915,6017,0
IWM190906P146,2019-08-30,2019-08-30 09:37:00,0.59,1.0,156,0.58,0.983,20,0.53,0.8983,1,0.585,0.9915,6017,0
IWM190906P146,2019-08-30,2019-08-30 09:37:01,0.59,1.0,41,0.58,0.983,30,0.53,0.8983,1,0.585,0.9915,6017,0
IWM190906P146,2019-08-30,2019-08-30 09:37:01,0.59,1.0,92,0.58,0.983,30,0.53,0.8983,1,0.585,0.9915,6017,0
IWM190906P146,2019-08-30,2019-08-30 09:37:02,0.59,1.0,26,0.58,0.983,30,0.53,0.8983,1,0.585,0.9915,6017,0
IWM190906P146,2019-08-30,2019-08-30 09:37:03,0.59,1.0,26,0.58,0.983,30,0.53,0.8983,1,0.585,0.9915,6017,0
IWM190906P146,2019-08-30,2019-08-30 09:37:04,0.59,1.0,26,0.58,0.983,29,0.53,0.8983,1,0.585,0.9915,6017,0
IWM190906P146,2019-08-30,2019-08-30 09:37:04,0.59,1.0,26,0.58,0.983,197,0.53,0.8983,1,0.585,0.9915,6017,0
IWM190906P146,2019-08-30,2019-08-30 09:37:05,0.59,1.0,89,0.57,0.9661,198,0.53,0.8983,1,0.58,0.983,6017,0
IWM190906P146,2019-08-30,2019-08-30 09:37:05,0.59,1.0,26,0.58,0.983,65,0.53,0.8983,1,0.585,0.9915,6017,0
IWM190906P146,2019-08-30,2019-08-30 09:37:06,0.59,1.0,99,0.58,0.983,10,0.53,0.8983,1,0.585,0.9915,6017,0
IWM190906P146,2019-08-30,2019-08-30 09:37:06,0.59,1.0,110,0.58,0.983,4,0.53,0.8983,1,0.585,0.9915,6017,0
IWM190906P146,2019-08-30,2019-08-30 09:37:07,0.59,1.0,155,0.58,0.983,20,0.53,0.8983,1,0.585,0.9915,6017,0
IWM190906P146,2019-08-30,2019-08-30 09:37:08,0.59,1.0,155,0.58,0.983,20,0.53,0.8983,1,0.585,0.9915,6017,0
IWM190906P146,2019-08-30,2019-08-30 09:37:09,0.59,1.0,155,0.58,0.983,20,0.53,0.8983,1,0.585,0.9915,6017,0
IWM190906P146,2019-08-30,2019-08-30 09:37:10,0.59,1.0,155,0.58,0.983,20,0.53,0.8983,1,0.585,0.9915,6017,0
IWM190906P146,2019-08-30,2019-08-30 09:37:11,0.59,1.0,46,0.58,0.983,20,0.53,0.8983,1,0.585,0.9915,6017,0
IWM190906P146,2019-08-30,2019-08-30 09:37:12,0.59,1.0,73,0.58,0.983,20,0.53,0.8983,1,0.585,0.9915,6017,0
IWM190906P146,2019-08-30,2019-08-30 09:37:13,0.59,1.0,73,0.58,0.983,20,0.53,0.8983,1,0.585,0.9915,6017,0
IWM190906P146,2019-08-30,2019-08-30 09:37:14,0.59,1.0,76,0.58,0.983,20,0.53,0.8983,1,0.585,0.9915,6017,0
IWM190906P146,2019-08-30,2019-08-30 09:37:14,0.59,1.0,46,0.58,0.983,20,0.53,0.8983,1,0.585,0.9915,6017,0
IWM190906P146,2019-08-30,2019-08-30 09:37:15,0.59,1.0,46,0.58,0.983,20,0.53,0.8983,1,0.585,0.9915,6017,0
IWM190906P146,2019-08-30,2019-08-30 09:37:16,0.59,1.0,16,0.58,0.983,20,0.53,0.8983,1,0.585,0.9915,6017,0
IWM190906P146,2019-08-30,2019-08-30 09:37:16,0.59,1.0,26,0.58,0.983,20,0.53,0.8983,1,0.585,0.9915,6017,0
IWM190906P146,2019-08-30,2019-08-30 09:37:17,0.59,1.0,16,0.58,0.983,20,0.53,0.8983,1,0.585,0.9915,6017,0
IWM190906P146,2019-08-30,2019-08-30 09:37:17,0.59,1.0,16,0.58,0.983,425,0.53,0.8983,1,0.585,0.9915,6017,0
IWM190906P146,2019-08-30,2019-08-30 09:37:18,0.59,1.0,59,0.58,0.983,20,0.53,0.8983,1,0.585,0.9915,6017,0
IWM190906P146,2019-08-30,2019-08-30 09:37:18,0.59,1.0,47,0.58,0.983,425,0.53,0.8983,1,0.585,0.9915,6017,0
IWM190906P146,2019-08-30,2019-08-30 09:37:19,0.59,1.0,26,0.58,0.983,20,0.53,0.8983,1,0.585,0.9915,6017,0
IWM190906P146,2019-08-30,2019-08-30 09:37:20,0.59,1.0,26,0.58,0.983,20,0.53,0.8983,1,0.585,0.9915,6017,0
IWM190906P146,2019-08-30,2019-08-30 09:37:21,0.59,1.0,26,0.58,0.983,20,0.53,0.8983,1,0.585,0.9915,6017,0
IWM190906P146,2019-08-30,2019-08-30 09:37:22,0.59,1.0,26,0.58,0.983,20,0.53,0.8983,1,0.585,0.9915,6017,0
IWM190906P146,2019-08-30,2019-08-30 09:37:23,0.59,1.0,66,0.58,0.983,20,0.53,0.8983,1,0.585,0.9915,6017,0
IWM190906P146,2019-08-30,2019-08-30 09:37:24,0.59,1.0,144,0.58,0.983,20,0.53,0.8983,1,0.585,0.9915,6017,0
IWM190906P146,2019-08-30,2019-08-30 09:37:24,0.59,1.0,106,0.58,0.983,20,0.53,0.8983,1,0.585,0.9915,6017,0
IWM190906P146,2019-08-30,2019-08-30 09:37:25,0.59,1.0,80,0.58,0.983,20,0.53,0.8983,1,0.585,0.9915,6017,0
IWM190906P146,2019-08-30,2019-08-30 09:37:26,0.59,1.0,80,0.58,0.983,20,0.53,0.8983,1,0.585,0.9915,6017,0
IWM190906P146,2019-08-30,2019-08-30 09:37:27,0.59,1.0,367,0.57,0.9661,475,0.53,0.8983,1,0.58,0.983,6017,0
IWM190906P146,2019-08-30,2019-08-30 09:37:27,0.59,1.0,252,0.58,0.983,20,0.53,0.8983,1,0.585,0.9915,6017,0
IWM190906P146,2019-08-30,2019-08-30 09:37:28,0.58,0.983,95,0.57,0.9661,20,0.53,0.8983,1,0.575,0.9745,6017,0
IWM190906P146,2019-08-30,2019-08-30 09:37:28,0.58,0.983,95,0.57,0.9661,475,0.53,0.8983,1,0.575,0.9745,6017,0
IWM190906P146,2019-08-30,2019-08-30 09:37:29,0.58,0.983,158,0.57,0.9661,10,0.53,0.8983,1,0.575,0.9745,6017,0
IWM190906P146,2019-08-30,2019-08-30 09:37:29,0.58,0.983,95,0.57,0.9661,10,0.53,0.8983,1,0.575,0.9745,6017,0
IWM190906P146,2019-08-30,2019-08-30 09:37:30,0.58,0.983,95,0.57,0.9661,10,0.53,0.8983,1,0.575,0.9745,6017,0
IWM190906P146,2019-08-30,2019-08-30 09:37:31,0.58,0.983,20,0.57,0.9661,10,0.53,0.8983,1,0.575,0.9745,6017,0
IWM190906P146,2019-08-30,2019-08-30 09:37:31,0.58,0.983,95,0.57,0.9661,10,0.53,0.8983,1,0.575,0.9745,6017,0
IWM190906P146,2019-08-30,2019-08-30 09:37:32,0.58,0.983,52,0.57,0.9661,30,0.53,0.8983,1,0.575,0.9745,6017,0
IWM190906P146,2019-08-30,2019-08-30 09:37:33,0.58,0.983,199,0.57,0.9661,20,0.53,0.8983,1,0.575,0.9745,6017,0
IWM190906P146,2019-08-30,2019-08-30 09:37:33,0.58,0.983,45,0.57,0.9661,30,0.53,0.8983,1,0.575,0.9745,6017,0
IWM190906P146,2019-08-30,2019-08-30 09:37:34,0.58,0.983,199,0.57,0.9661,20,0.53,0.8983,1,0.575,0.9745,6017,0
IWM190906P146,2019-08-30,2019-08-30 09:37:34,0.58,0.983,203,0.57,0.9661,20,0.53,0.8983,1,0.575,0.9745,6017,0
IWM190906P146,2019-08-30,2019-08-30 09:37:35,0.58,0.983,371,0.57,0.9661,20,0.53,0.8983,1,0.575,0.9745,6017,0
IWM190906P146,2019-08-30,2019-08-30 09:37:36,0.58,0.983,323,0.57,0.9661,20,0.53,0.8983,1,0.575,0.9745,6017,0
IWM190906P146,2019-08-30,2019-08-30 09:37:37,0.58,0.983,323,0.57,0.9661,20,0.53,0.8983,1,0.575,0.9745,6017,0
IWM190906P146,2019-08-30,2019-08-30 09:37:38,0.58,0.983,140,0.57,0.9661,20,0.53,0.8983,1,0.575,0.9745,6017,0
IWM190906P146,2019-08-30,2019-08-30 09:37:38,0.58,0.983,228,0.57,0.9661,4,0.53,0.8983,1,0.575,0.9745,6017,0
IWM190906P146,2019-08-30,2019-08-30 09:37:39,0.58,0.983,301,0.57,0.9661,4,0.53,0.8983,1,0.575,0.9745,6017,0
IWM190906P146,2019-08-30,2019-08-30 09:37:39,0.58,0.983,228,0.57,0.9661,4,0.53,0.8983,1,0.575,0.9745,6017,0
IWM190906P146,2019-08-30,2019-08-30 09:37:40,0.58,0.983,301,0.57,0.9661,4,0.53,0.8983,1,0.575,0.9745,6017,0
IWM190906P146,2019-08-30,2019-08-30 09:37:40,0.58,0.983,164,0.57,0.9661,4,0.53,0.8983,1,0.575,0.9745,6017,0
IWM190906P146,2019-08-30,2019-08-30 09:37:41,0.58,0.983,183,0.57,0.9661,20,0.53,0.8983,1,0.575,0.9745,6017,0
IWM190906P146,2019-08-30,2019-08-30 09:37:41,0.58,0.983,172,0.57,0.9661,20,0.53,0.8983,1,0.575,0.9745,6017,0
IWM190906P146,2019-08-30,2019-08-30 09:37:42,0.58,0.983,92,0.57,0.9661,20,0.53,0.8983,1,0.575,0.9745,6017,0
IWM190906P146,2019-08-30,2019-08-30 09:37:42,0.58,0.983,64,0.57,0.9661,20,0.53,0.8983,1,0.575,0.9745,6017,0
IWM190906P146,2019-08-30,2019-08-30 09:37:43,0.58,0.983,26,0.57,0.9661,20,0.53,0.8983,1,0.575,0.9745,6017,0
IWM190906P146,2019-08-30,2019-08-30 09:37:43,0.58,0.983,84,0.57,0.9661,20,0.53,0.8983,1,0.575,0.9745,6017,0
IWM190906P146,2019-08-30,2019-08-30 09:37:44,0.58,0.983,30,0.57,0.9661,20,0.53,0.8983,1,0.575,0.9745,6017,0
IWM190906P146,2019-08-30,2019-08-30 09:37:45,0.58,0.983,185,0.57,0.9661,10,0.53,0.8983,1,0.575,0.9745,6017,0
IWM190906P146,2019-08-30,2019-08-30 09:37:45,0.58,0.983,36,0.57,0.9661,20,0.53,0.8983,1,0.575,0.9745,6017,0
IWM190906P146,2019-08-30,2019-08-30 09:37:46,0.58,0.983,185,0.57,0.9661,4,0.53,0.8983,1,0.575,0.9745,6017,0
IWM190906P146,2019-08-30,2019-08-30 09:37:47,0.58,0.983,250,0.56,0.9491,10,0.53,0.8983,1,0.57,0.9661,6017,0
IWM190906P146,2019-08-30,2019-08-30 09:37:47,0.58,0.983,310,0.56,0.9491,20,0.53,0.8983,1,0.57,0.9661,6017,0
IWM190906P146,2019-08-30,2019-08-30 09:37:48,0.58,0.983,234,0.56,0.9491,20,0.53,0.8983,1,0.57,0.9661,6017,0
IWM190906P146,2019-08-30,2019-08-30 09:37:48,0.58,0.983,368,0.56,0.9491,20,0.53,0.8983,1,0.57,0.9661,6017,0
IWM190906P146,2019-08-30,2019-08-30 09:37:49,0.58,0.983,254,0.57,0.9661,4,0.53,0.8983,1,0.575,0.9745,6017,0
IWM190906P146,2019-08-30,2019-08-30 09:37:49,0.58,0.983,134,0.57,0.9661,20,0.53,0.8983,1,0.575,0.9745,6017,0
IWM190906P146,2019-08-30,2019-08-30 09:37:50,0.58,0.983,255,0.57,0.9661,4,0.53,0.8983,1,0.575,0.9745,6017,0
IWM190906P146,2019-08-30,2019-08-30 09:37:50,0.58,0.983,203,0.57,0.9661,20,0.53,0.8983,1,0.575,0.9745,6017,0
IWM190906P146,2019-08-30,2019-08-30 09:37:51,0.58,0.983,203,0.57,0.9661,20,0.53,0.8983,1,0.575,0.9745,6017,0
IWM190906P146,2019-08-30,2019-08-30 09:37:51,0.58,0.983,203,0.57,0.9661,10,0.53,0.8983,1,0.575,0.9745,6017,0
IWM190906P146,2019-08-30,2019-08-30 09:37:52,0.58,0.983,203,0.57,0.9661,10,0.53,0.8983,1,0.575,0.9745,6017,0
IWM190906P146,2019-08-30,2019-08-30 09:37:53,0.58,0.983,203,0.57,0.9661,10,0.53,0.8983,1,0.575,0.9745,6017,0
IWM190906P146,2019-08-30,2019-08-30 09:37:54,0.58,0.983,203,0.57,0.9661,4,0.53,0.8983,1,0.575,0.9745,6017,0
IWM190906P146,2019-08-30,2019-08-30 09:37:54,0.58,0.983,203,0.57,0.9661,20,0.53,0.8983,1,0.575,0.9745,6017,0
IWM190906P146,2019-08-30,2019-08-30 09:37:55,0.58,0.983,318,0.57,0.9661,4,0.53,0.8983,1,0.575,0.9745,6017,0
IWM190906P146,2019-08-30,2019-08-30 09:37:56,0.58,0.983,318,0.57,0.9661,4,0.53,0.8983,1,0.575,0.9745,6017,0
IWM190906P146,2019-08-30,2019-08-30 09:37:57,0.58,0.983,221,0.57,0.9661,4,0.53,0.8983,1,0.575,0.9745,6017,0
IWM190906P146,2019-08-30,2019-08-30 09:37:57,0.58,0.983,318,0.57,0.9661,4,0.53,0.8983,1,0.575,0.9745,6017,0
IWM190906P146,2019-08-30,2019-08-30 09:37:58,0.58,0.983,274,0.57,0.9661,4,0.53,0.8983,1,0.575,0.9745,6017,0
IWM190906P146,2019-08-30,2019-08-30 09:37:59,0.58,0.983,274,0.57,0.9661,4,0.53,0.8983,1,0.575,0.9745,6017,0
IWM190906P146,2019-08-30,2019-08-30 09:38:00,0.58,0.983,152,0.57,0.9661,4,0.53,0.8983,1,0.575,0.9745,6017,0
IWM190906P146,2019-08-30,2019-08-30 09:38:00,0.58,0.983,246,0.57,0.9661,20,0.53,0.8983,1,0.575,0.9745,6017,0
IWM190906P146,2019-08-30,2019-08-30 09:38:01,0.58,0.983,80,0.57,0.9661,10,0.53,0.8983,1,0.575,0.9745,6017,0
IWM190906P146,2019-08-30,2019-08-30 09:38:01,0.58,0.983,246,0.57,0.9661,20,0.53,0.8983,1,0.575,0.9745,6017,0
IWM190906P146,2019-08-30,2019-08-30 09:38:02,0.58,0.983,107,0.57,0.9661,10,0.53,0.8983,1,0.575,0.9745,6017,0
IWM190906P146,2019-08-30,2019-08-30 09:38:02,0.58,0.983,80,0.57,0.9661,10,0.53,0.8983,1,0.575,0.9745,6017,0
IWM190906P146,2019-08-30,2019-08-30 09:38:03,0.58,0.983,274,0.56,0.9491,30,0.53,0.8983,1,0.57,0.9661,6017,0
IWM190906P146,2019-08-30,2019-08-30 09:38:03,0.58,0.983,229,0.56,0.9491,30,0.53,0.8983,1,0.57,0.9661,6017,0
IWM190906P146,2019-08-30,2019-08-30 09:38:04,0.58,0.983,275,0.57,0.9661,10,0.53,0.8983,1,0.575,0.9745,6017,0
IWM190906P146,2019-08-30,2019-08-30 09:38:05,0.58,0.983,275,0.57,0.9661,4,0.53,0.8983,1,0.575,0.9745,6017,0
IWM190906P146,2019-08-30,2019-08-30 09:38:06,0.58,0.983,275,0.57,0.9661,4,0.53,0.8983,1,0.575,0.9745,6017,0
IWM190906P146,2019-08-30,2019-08-30 09:38:07,0.58,0.983,229,0.57,0.9661,10,0.53,0.8983,1,0.575,0.9745,6017,0
IWM190906P146,2019-08-30,2019-08-30 09:38:07,0.58,0.983,275,0.57,0.9661,4,0.53,0.8983,1,0.575,0.9745,6017,0
IWM190906P146,2019-08-30,2019-08-30 09:38:08,0.58,0.983,120,0.57,0.9661,10,0.53,0.8983,1,0.575,0.9745,6017,0
IWM190906P146,2019-08-30,2019-08-30 09:38:08,0.58,0.983,229,0.57,0.9661,10,0.53,0.8983,1,0.575,0.9745,6017,0
IWM190906P146,2019-08-30,2019-08-30 09:38:09,0.58,0.983,255,0.57,0.9661,20,0.53,0.8983,1,0.575,0.9745,6017,0
IWM190906P146,2019-08-30,2019-08-30 09:38:09,0.58,0.983,170,0.57,0.9661,20,0.53,0.8983,1,0.575,0.9745,6017,0
IWM190906P146,2019-08-30,2019-08-30 09:38:10,0.58,0.983,170,0.57,0.9661,20,0.53,0.8983,1,0.575,0.9745,6017,0
IWM190906P146,2019-08-30,2019-08-30 09:38:10,0.58,0.983,255,0.57,0.9661,20,0.53,0.8983,1,0.575,0.9745,6017,0
IWM190906P146,2019-08-30,2019-08-30 09:38:11,0.58,0.983,170,0.57,0.9661,20,0.53,0.8983,1,0.575,0.9745,6017,0
IWM190906P146,2019-08-30,2019-08-30 09:38:12,0.58,0.983,170,0.57,0.9661,20,0.53,0.8983,1,0.575,0.9745,6017,0
IWM190906P146,2019-08-30,2019-08-30 09:38:12,0.58,0.983,213,0.57,0.9661,20,0.53,0.8983,1,0.575,0.9745,6017,0
IWM190906P146,2019-08-30,2019-08-30 09:38:13,0.58,0.983,213,0.57,0.9661,20,0.53,0.8983,1,0.575,0.9745,6017,0
IWM190906P146,2019-08-30,2019-08-30 09:38:14,0.58,0.983,146,0.57,0.9661,10,0.53,0.8983,1,0.575,0.9745,6017,0
IWM190906P146,2019-08-30,2019-08-30 09:38:14,0.58,0.983,213,0.57,0.9661,20,0.53,0.8983,1,0.575,0.9745,6017,0
IWM190906P146,2019-08-30,2019-08-30 09:38:15,0.58,0.983,130,0.57,0.9661,10,0.53,0.8983,1,0.575,0.9745,6017,0
IWM190906P146,2019-08-30,2019-08-30 09:38:16,0.58,0.983,107,0.57,0.9661,20,0.53,0.8983,1,0.575,0.9745,6017,0
IWM190906P146,2019-08-30,2019-08-30 09:38:17,0.58,0.983,107,0.57,0.9661,20,0.53,0.8983,1,0.575,0.9745,6017,0
IWM190906P146,2019-08-30,2019-08-30 09:38:18,0.58,0.983,95,0.57,0.9661,30,0.53,0.8983,1,0.575,0.9745,6017,0
IWM190906P146,2019-08-30,2019-08-30 09:38:19,0.59,1.0,292,0.57,0.9661,30,0.53,0.8983,1,0.58,0.983,6017,0
IWM190906P146,2019-08-30,2019-08-30 09:38:19,0.59,1.0,352,0.57,0.9661,30,0.53,0.8983,1,0.58,0.983,6017,0
IWM190906P146,2019-08-30,2019-08-30 09:38:20,0.59,1.0,352,0.57,0.9661,30,0.53,0.8983,1,0.58,0.983,6017,0
IWM190906P146,2019-08-30,2019-08-30 09:38:21,0.59,1.0,262,0.57,0.9661,30,0.53,0.8983,1,0.58,0.983,6017,0
IWM190906P146,2019-08-30,2019-08-30 09:38:21,0.59,1.0,189,0.57,0.9661,30,0.53,0.8983,1,0.58,0.983,6017,0
IWM190906P146,2019-08-30,2019-08-30 09:38:22,0.59,1.0,130,0.58,0.983,6,0.53,0.8983,1,0.585,0.9915,6017,0
IWM190906P146,2019-08-30,2019-08-30 09:38:22,0.59,1.0,189,0.57,0.9661,30,0.53,0.8983,1,0.58,0.983,6017,0
IWM190906P146,2019-08-30,2019-08-30 09:38:23,0.6,1.0169,302,0.58,0.983,20,0.53,0.8983,1,0.59,1.0,6017,0
IWM190906P146,2019-08-30,2019-08-30 09:38:23,0.59,1.0,118,0.58,0.983,20,0.53,0.8983,1,0.585,0.9915,6017,0
IWM190906P146,2019-08-30,2019-08-30 09:38:24,0.6,1.0169,452,0.58,0.983,42,0.53,0.8983,1,0.59,1.0,6017,0
IWM190906P146,2019-08-30,2019-08-30 09:38:24,0.6,1.0169,452,0.58,0.983,20,0.53,0.8983,1,0.59,1.0,6017,0
IWM190906P146,2019-08-30,2019-08-30 09:38:25,0.6,1.0169,452,0.58,0.983,30,0.53,0.8983,1,0.59,1.0,6017,0
IWM190906P146,2019-08-30,2019-08-30 09:38:26,0.59,1.0,210,0.58,0.983,10,0.53,0.8983,1,0.585,0.9915,6017,0
IWM190906P146,2019-08-30,2019-08-30 09:38:26,0.6,1.0169,452,0.58,0.983,30,0.53,0.8983,1,0.59,1.0,6017,0
IWM190906P146,2019-08-30,2019-08-30 09:38:27,0.59,1.0,210,0.58,0.983,10,0.53,0.8983,1,0.585,0.9915,6017,0
IWM190906P146,2019-08-30,2019-08-30 09:38:28,0.59,1.0,391,0.58,0.983,10,0.53,0.8983,1,0.585,0.9915,6017,0
IWM190906P146,2019-08-30,2019-08-30 09:38:28,0.59,1.0,267,0.58,0.983,10,0.53,0.8983,1,0.585,0.9915,6017,0
IWM190906P146,2019-08-30,2019-08-30 09:38:29,0.59,1.0,391,0.58,0.983,10,0.53,0.8983,1,0.585,0.9915,6017,0
IWM190906P146,2019-08-30,2019-08-30 09:38:30,0.59,1.0,391,0.58,0.983,6,0.53,0.8983,1,0.585,0.9915,6017,0
IWM190906P146,2019-08-30,2019-08-30 09:38:31,0.59,1.0,391,0.58,0.983,6,0.53,0.8983,1,0.585,0.9915,6017,0
IWM190906P146,2019-08-30,2019-08-30 09:38:32,0.59,1.0,391,0.58,0.983,2,0.53,0.8983,1,0.585,0.9915,6017,0
IWM190906P146,2019-08-30,2019-08-30 09:38:32,0.59,1.0,391,0.58,0.983,6,0.53,0.8983,1,0.585,0.9915,6017,0
IWM190906P146,2019-08-30,2019-08-30 09:38:33,0.59,1.0,703,0.57,0.9661,10,0.53,0.8983,1,0.58,0.983,6017,0
IWM190906P146,2019-08-30,2019-08-30 09:38:33,0.59,1.0,391,0.57,0.9661,30,0.53,0.8983,1,0.58,0.983,6017,0
IWM190906P146,2019-08-30,2019-08-30 09:38:34,0.58,0.983,66,0.57,0.9661,30,0.53,0.8983,1,0.575,0.9745,6017,0
IWM190906P146,2019-08-30,2019-08-30 09:38:35,0.59,1.0,408,0.57,0.9661,31,0.53,0.8983,1,0.58,0.983,6017,0
IWM190906P146,2019-08-30,2019-08-30 09:38:36,0.59,1.0,350,0.57,0.9661,31,0.53,0.8983,1,0.58,0.983,6017,0
IWM190906P146,2019-08-30,2019-08-30 09:38:37,0.59,1.0,350,0.57,0.9661,31,0.53,0.8983,1,0.58,0.983,6017,0
IWM190906P146,2019-08-30,2019-08-30 09:38:38,0.59,1.0,350,0.57,0.9661,31,0.53,0.8983,1,0.58,0.983,6017,0
IWM190906P146,2019-08-30,2019-08-30 09:38:39,0.58,0.983,221,0.58,0.983,4,0.53,0.8983,1,0.58,0.983,6017,0
IWM190906P146,2019-08-30,2019-08-30 09:38:39,0.59,1.0,344,0.58,0.983,4,0.53,0.8983,1,0.585,0.9915,6017,0
IWM190906P146,2019-08-30,2019-08-30 09:38:40,0.58,0.983,221,0.58,0.983,4,0.53,0.8983,1,0.58,0.983,6017,0
IWM190906P146,2019-08-30,2019-08-30 09:38:41,0.58,0.983,351,0.58,0.983,4,0.53,0.8983,1,0.58,0.983,6017,0
IWM190906P146,2019-08-30,2019-08-30 09:38:41,0.58,0.983,361,0.58,0.983,4,0.53,0.8983,1,0.58,0.983,6017,0
IWM190906P146,2019-08-30,2019-08-30 09:38:42,0.58,0.983,351,0.56,0.9491,15,0.53,0.8983,1,0.57,0.9661,6017,0
IWM190906P146,2019-08-30,2019-08-30 09:38:43,0.58,0.983,374,0.56,0.9491,10,0.53,0.8983,1,0.57,0.9661,6017,0
IWM190906P146,2019-08-30,2019-08-30 09:38:43,0.58,0.983,351,0.57,0.9661,4,0.53,0.8983,1,0.575,0.9745,6017,0
IWM190906P146,2019-08-30,2019-08-30 09:38:44,0.58,0.983,374,0.56,0.9491,10,0.53,0.8983,1,0.57,0.9661,6017,0
IWM190906P146,2019-08-30,2019-08-30 09:38:45,0.58,0.983,374,0.56,0.9491,10,0.53,0.8983,1,0.57,0.9661,6017,0
IWM190906P146,2019-08-30,2019-08-30 09:38:46,0.58,0.983,374,0.56,0.9491,10,0.53,0.8983,1,0.57,0.9661,6017,0
IWM190906P146,2019-08-30,2019-08-30 09:38:47,0.58,0.983,407,0.56,0.9491,10,0.53,0.8983,1,0.57,0.9661,6017,0
IWM190906P146,2019-08-30,2019-08-30 09:38:47,0.58,0.983,374,0.56,0.9491,10,0.53,0.8983,1,0.57,0.9661,6017,0
IWM190906P146,2019-08-30,2019-08-30 09:38:48,0.58,0.983,428,0.56,0.9491,20,0.53,0.8983,1,0.57,0.9661,6017,0
IWM190906P146,2019-08-30,2019-08-30 09:38:48,0.58,0.983,407,0.56,0.9491,10,0.53,0.8983,1,0.57,0.9661,6017,0
IWM190906P146,2019-08-30,2019-08-30 09:38:49,0.58,0.983,428,0.56,0.9491,20,0.53,0.8983,1,0.57,0.9661,6017,0
IWM190906P146,2019-08-30,2019-08-30 09:38:50,0.58,0.983,428,0.56,0.9491,20,0.53,0.8983,1,0.57,0.9661,6017,0
IWM190906P146,2019-08-30,2019-08-30 09:38:51,0.58,0.983,428,0.56,0.9491,20,0.53,0.8983,1,0.57,0.9661,6017,0
IWM190906P146,2019-08-30,2019-08-30 09:38:52,0.58,0.983,397,0.56,0.9491,20,0.53,0.8983,1,0.57,0.9661,6017,0
IWM190906P146,2019-08-30,2019-08-30 09:38:52,0.58,0.983,407,0.56,0.9491,20,0.53,0.8983,1,0.57,0.9661,6017,0
IWM190906P146,2019-08-30,2019-08-30 09:38:53,0.58,0.983,397,0.56,0.9491,20,0.53,0.8983,1,0.57,0.9661,6017,0
IWM190906P146,2019-08-30,2019-08-30 09:38:54,0.58,0.983,397,0.57,0.9661,4,0.53,0.8983,1,0.575,0.9745,6017,0
IWM190906P146,2019-08-30,2019-08-30 09:38:55,0.58,0.983,570,0.56,0.9491,29,0.53,0.8983,1,0.57,0.9661,6017,0
IWM190906P146,2019-08-30,2019-08-30 09:38:55,0.58,0.983,407,0.57,0.9661,4,0.53,0.8983,1,0.575,0.9745,6017,0
IWM190906P146,2019-08-30,2019-08-30 09:38:56,0.58,0.983,407,0.57,0.9661,4,0.53,0.8983,1,0.575,0.9745,6017,0
IWM190906P146,2019-08-30,2019-08-30 09:38:57,0.58,0.983,397,0.57,0.9661,4,0.53,0.8983,1,0.575,0.9745,6017,0
IWM190906P146,2019-08-30,2019-08-30 09:38:57,0.58,0.983,407,0.57,0.9661,4,0.53,0.8983,1,0.575,0.9745,6017,0
IWM190906P146,2019-08-30,2019-08-30 09:38:58,0.58,0.983,397,0.57,0.9661,4,0.53,0.8983,1,0.575,0.9745,6017,0
IWM190906P146,2019-08-30,2019-08-30 09:38:59,0.58,0.983,444,0.56,0.9491,20,0.53,0.8983,1,0.57,0.9661,6017,0
IWM190906P146,2019-08-30,2019-08-30 09:38:59,0.58,0.983,572,0.56,0.9491,10,0.53,0.8983,1,0.57,0.9661,6017,0
IWM190906P146,2019-08-30,2019-08-30 09:39:00,0.58,0.983,444,0.56,0.9491,20,0.53,0.8983,1,0.57,0.9661,6017,0
IWM190906P146,2019-08-30,2019-08-30 09:39:00,0.58,0.983,572,0.56,0.9491,20,0.53,0.8983,1,0.57,0.9661,6017,0
IWM190906P146,2019-08-30,2019-08-30 09:39:01,0.58,0.983,431,0.57,0.9661,4,0.53,0.8983,1,0.575,0.9745,6017,0
IWM190906P146,2019-08-30,2019-08-30 09:39:02,0.57,0.9661,335,0.56,0.9491,20,0.53,0.8983,1,0.565,0.9576,6017,0
IWM190906P146,2019-08-30,2019-08-30 09:39:02,0.57,0.9661,320,0.56,0.9491,20,0.53,0.8983,1,0.565,0.9576,6017,0
IWM190906P146,2019-08-30,2019-08-30 09:39:03,0.57,0.9661,335,0.56,0.9491,20,0.53,0.8983,1,0.565,0.9576,6017,0
IWM190906P146,2019-08-30,2019-08-30 09:39:04,0.57,0.9661,412,0.56,0.9491,20,0.53,0.8983,1,0.565,0.9576,6017,0
IWM190906P146,2019-08-30,2019-08-30 09:39:04,0.57,0.9661,356,0.56,0.9491,20,0.53,0.8983,1,0.565,0.9576,6017,0
IWM190906P146,2019-08-30,2019-08-30 09:39:05,0.57,0.9661,356,0.56,0.9491,20,0.53,0.8983,1,0.565,0.9576,6017,0
IWM190906P146,2019-08-30,2019-08-30 09:39:06,0.57,0.9661,356,0.56,0.9491,20,0.53,0.8983,1,0.565,0.9576,6017,0
IWM190906P146,2019-08-30,2019-08-30 09:39:07,0.56,0.9491,101,0.55,0.9322,4,0.53,0.8983,1,0.555,0.9406,6017,0
IWM190906P146,2019-08-30,2019-08-30 09:39:07,0.57,0.9661,356,0.56,0.9491,20,0.53,0.8983,1,0.565,0.9576,6017,0
IWM190906P146,2019-08-30,2019-08-30 09:39:08,0.56,0.9491,159,0.55,0.9322,10,0.53,0.8983,1,0.555,0.9406,6017,0
IWM190906P146,2019-08-30,2019-08-30 09:39:09,0.56,0.9491,159,0.55,0.9322,10,0.53,0.8983,1,0.555,0.9406,6017,0
IWM190906P146,2019-08-30,2019-08-30 09:39:09,0.56,0.9491,272,0.55,0.9322,10,0.53,0.8983,1,0.555,0.9406,6017,0
IWM190906P146,2019-08-30,2019-08-30 09:39:10,0.56,0.9491,272,0.55,0.9322,10,0.53,0.8983,1,0.555,0.9406,6017,0
IWM190906P146,2019-08-30,2019-08-30 09:39:10,0.56,0.9491,282,0.55,0.9322,10,0.53,0.8983,1,0.555,0.9406,6017,0
IWM190906P146,2019-08-30,2019-08-30 09:39:11,0.56,0.9491,272,0.55,0.9322,10,0.53,0.8983,1,0.555,0.9406,6017,0
IWM190906P146,2019-08-30,2019-08-30 09:39:11,0.56,0.9491,272,0.55,0.9322,4,0.53,0.8983,1,0.555,0.9406,6017,0
IWM190906P146,2019-08-30,2019-08-30 09:39:12,0.56,0.9491,272,0.55,0.9322,6,0.53,0.8983,1,0.555,0.9406,6017,0
IWM190906P146,2019-08-30,2019-08-30 09:39:13,0.56,0.9491,22,0.55,0.9322,30,0.53,0.8983,1,0.555,0.9406,6017,0
IWM190906P146,2019-08-30,2019-08-30 09:39:13,0.57,0.9661,150,0.55,0.9322,30,0.53,0.8983,1,0.56,0.9491,6017,0
IWM190906P146,2019-08-30,2019-08-30 09:39:14,0.57,0.9661,324,0.55,0.9322,30,0.53,0.8983,1,0.56,0.9491,6017,0
IWM190906P146,2019-08-30,2019-08-30 09:39:15,0.57,0.9661,324,0.56,0.9491,6,0.53,0.8983,1,0.565,0.9576,6017,0
IWM190906P146,2019-08-30,2019-08-30 09:39:16,0.57,0.9661,314,0.56,0.9491,6,0.53,0.8983,1,0.565,0.9576,6017,0
IWM190906P146,2019-08-30,2019-08-30 09:39:17,0.57,0.9661,314,0.56,0.9491,6,0.53,0.8983,1,0.565,0.9576,6017,0
IWM190906P146,2019-08-30,2019-08-30 09:39:18,0.57,0.9661,314,0.56,0.9491,6,0.53,0.8983,1,0.565,0.9576,6017,0
IWM190906P146,2019-08-30,2019-08-30 09:39:19,0.57,0.9661,314,0.56,0.9491,6,0.53,0.8983,1,0.565,0.9576,6017,0
IWM190906P146,2019-08-30,2019-08-30 09:39:20,0.57,0.9661,314,0.56,0.9491,6,0.53,0.8983,1,0.565,0.9576,6017,0
IWM190906P146,2019-08-30,2019-08-30 09:39:20,0.57,0.9661,314,0.56,0.9491,4,0.53,0.8983,1,0.565,0.9576,6017,0
IWM190906P146,2019-08-30,2019-08-30 09:39:21,0.57,0.9661,314,0.56,0.9491,4,0.53,0.8983,1,0.565,0.9576,6017,0
IWM190906P146,2019-08-30,2019-08-30 09:39:21,0.57,0.9661,20,0.56,0.9491,30,0.53,0.8983,1,0.565,0.9576,6017,0
IWM190906P146,2019-08-30,2019-08-30 09:39:22,0.57,0.9661,101,0.56,0.9491,6,0.53,0.8983,1,0.565,0.9576,6017,0
IWM190906P146,2019-08-30,2019-08-30 09:39:22,0.57,0.9661,304,0.56,0.9491,6,0.53,0.8983,1,0.565,0.9576,6017,0
IWM190906P146,2019-08-30,2019-08-30 09:39:23,0.57,0.9661,304,0.56,0.9491,6,0.53,0.8983,1,0.565,0.9576,6017,0
IWM190906P146,2019-08-30,2019-08-30 09:39:24,0.57,0.9661,304,0.56,0.9491,6,0.53,0.8983,1,0.565,0.9576,6017,0
IWM190906P146,2019-08-30,2019-08-30 09:39:25,0.57,0.9661,571,0.55,0.9322,15,0.53,0.8983,1,0.56,0.9491,6017,0
IWM190906P146,2019-08-30,2019-08-30 09:39:26,0.57,0.9661,268,0.55,0.9322,15,0.53,0.8983,1,0.56,0.9491,6017,0
IWM190906P146,2019-08-30,2019-08-30 09:39:26,0.57,0.9661,367,0.56,0.9491,6,0.53,0.8983,1,0.565,0.9576,6017,0
IWM190906P146,2019-08-30,2019-08-30 09:39:27,0.57,0.9661,367,0.56,0.9491,6,0.53,0.8983,1,0.565,0.9576,6017,0
IWM190906P146,2019-08-30,2019-08-30 09:39:28,0.57,0.9661,367,0.56,0.9491,6,0.53,0.8983,1,0.565,0.9576,6017,0
IWM190906P146,2019-08-30,2019-08-30 09:39:29,0.57,0.9661,367,0.56,0.9491,6,0.53,0.8983,1,0.565,0.9576,6017,0
IWM190906P146,2019-08-30,2019-08-30 09:39:30,0.57,0.9661,431,0.56,0.9491,6,0.53,0.8983,1,0.565,0.9576,6017,0
IWM190906P146,2019-08-30,2019-08-30 09:39:31,0.57,0.9661,431,0.55,0.9322,29,0.53,0.8983,1,0.56,0.9491,6017,0
IWM190906P146,2019-08-30,2019-08-30 09:39:31,0.57,0.9661,518,0.55,0.9322,10,0.53,0.8983,1,0.56,0.9491,6017,0
IWM190906P146,2019-08-30,2019-08-30 09:39:32,0.57,0.9661,518,0.55,0.9322,10,0.53,0.8983,1,0.56,0.9491,6017,0
IWM190906P146,2019-08-30,2019-08-30 09:39:33,0.57,0.9661,518,0.55,0.9322,10,0.53,0.8983,1,0.56,0.9491,6017,0
IWM190906P146,2019-08-30,2019-08-30 09:39:33,0.56,0.9491,247,0.55,0.9322,10,0.53,0.8983,1,0.555,0.9406,6017,0
IWM190906P146,2019-08-30,2019-08-30 09:39:34,0.56,0.9491,287,0.55,0.9322,4,0.53,0.8983,1,0.555,0.9406,6017,0
IWM190906P146,2019-08-30,2019-08-30 09:39:35,0.56,0.9491,224,0.55,0.9322,4,0.53,0.8983,1,0.555,0.9406,6017,0
IWM190906P146,2019-08-30,2019-08-30 09:39:35,0.56,0.9491,200,0.55,0.9322,6,0.53,0.8983,1,0.555,0.9406,6017,0
IWM190906P146,2019-08-30,2019-08-30 09:39:36,0.56,0.9491,200,0.55,0.9322,6,0.53,0.8983,1,0.555,0.9406,6017,0
IWM190906P146,2019-08-30,2019-08-30 09:39:37,0.56,0.9491,200,0.55,0.9322,10,0.53,0.8983,1,0.555,0.9406,6017,0
IWM190906P146,2019-08-30,2019-08-30 09:39:38,0.56,0.9491,320,0.55,0.9322,10,0.53,0.8983,1,0.555,0.9406,6017,0
IWM190906P146,2019-08-30,2019-08-30 09:39:39,0.56,0.9491,194,0.55,0.9322,10,0.53,0.8983,1,0.555,0.9406,6017,0
IWM190906P146,2019-08-30,2019-08-30 09:39:39,0.56,0.9491,313,0.55,0.9322,10,0.53,0.8983,1,0.555,0.9406,6017,0
IWM190906P146,2019-08-30,2019-08-30 09:39:40,0.56,0.9491,271,0.55,0.9322,10,0.53,0.8983,1,0.555,0.9406,6017,0
IWM190906P146,2019-08-30,2019-08-30 09:39:40,0.56,0.9491,313,0.55,0.9322,10,0.53,0.8983,1,0.555,0.9406,6017,0
IWM190906P146,2019-08-30,2019-08-30 09:39:41,0.57,0.9661,268,0.55,0.9322,20,0.53,0.8983,1,0.56,0.9491,6017,0
IWM190906P146,2019-08-30,2019-08-30 09:39:41,0.56,0.9491,194,0.55,0.9322,20,0.53,0.8983,1,0.555,0.9406,6017,0
IWM190906P146,2019-08-30,2019-08-30 09:39:42,0.57,0.9661,376,0.55,0.9322,66,0.53,0.8983,1,0.56,0.9491,6017,0
IWM190906P146,2019-08-30,2019-08-30 09:39:43,0.57,0.9661,474,0.55,0.9322,66,0.53,0.8983,1,0.56,0.9491,6017,0
IWM190906P146,2019-08-30,2019-08-30 09:39:44,0.57,0.9661,516,0.55,0.9322,66,0.53,0.8983,1,0.56,0.9491,6017,0
IWM190906P146,2019-08-30,2019-08-30 09:39:45,0.57,0.9661,474,0.55,0.9322,66,0.53,0.8983,1,0.56,0.9491,6017,0
IWM190906P146,2019-08-30,2019-08-30 09:39:45,0.57,0.9661,474,0.55,0.9322,20,0.53,0.8983,1,0.56,0.9491,6017,0
IWM190906P146,2019-08-30,2019-08-30 09:39:46,0.56,0.9491,203,0.55,0.9322,20,0.53,0.8983,1,0.555,0.9406,6017,0
IWM190906P146,2019-08-30,2019-08-30 09:39:46,0.57,0.9661,474,0.55,0.9322,20,0.53,0.8983,1,0.56,0.9491,6017,0
IWM190906P146,2019-08-30,2019-08-30 09:39:47,0.56,0.9491,203,0.55,0.9322,20,0.53,0.8983,1,0.555,0.9406,6017,0
IWM190906P146,2019-08-30,2019-08-30 09:39:48,0.56,0.9491,213,0.55,0.9322,10,0.53,0.8983,1,0.555,0.9406,6017,0
IWM190906P146,2019-08-30,2019-08-30 09:39:48,0.56,0.9491,213,0.55,0.9322,20,0.53,0.8983,1,0.555,0.9406,6017,0
IWM190906P146,2019-08-30,2019-08-30 09:39:49,0.56,0.9491,213,0.55,0.9322,20,0.53,0.8983,1,0.555,0.9406,6017,0
IWM190906P146,2019-08-30,2019-08-30 09:39:50,0.56,0.9491,216,0.55,0.9322,20,0.53,0.8983,1,0.555,0.9406,6017,0
IWM190906P146,2019-08-30,2019-08-30 09:39:51,0.56,0.9491,213,0.55,0.9322,20,0.53,0.8983,1,0.555,0.9406,6017,0
IWM190906P146,2019-08-30,2019-08-30 09:39:52,0.57,0.9661,360,0.55,0.9322,58,0.53,0.8983,1,0.56,0.9491,6017,0
IWM190906P146,2019-08-30,2019-08-30 09:39:52,0.56,0.9491,39,0.55,0.9322,20,0.53,0.8983,1,0.555,0.9406,6017,0
IWM190906P146,2019-08-30,2019-08-30 09:39:53,0.56,0.9491,321,0.55,0.9322,20,0.53,0.8983,1,0.555,0.9406,6017,0
IWM190906P146,2019-08-30,2019-08-30 09:39:54,0.56,0.9491,321,0.55,0.9322,20,0.53,0.8983,1,0.555,0.9406,6017,0
IWM190906P146,2019-08-30,2019-08-30 09:39:55,0.56,0.9491,321,0.55,0.9322,20,0.53,0.8983,1,0.555,0.9406,6017,0
IWM190906P146,2019-08-30,2019-08-30 09:39:56,0.56,0.9491,321,0.55,0.9322,20,0.53,0.8983,1,0.555,0.9406,6017,0
IWM190906P146,2019-08-30,2019-08-30 09:39:56,0.56,0.9491,374,0.55,0.9322,10,0.53,0.8983,1,0.555,0.9406,6017,0
