symbol,Date,quote_time,ask_price,norm_ask_price,ask_size,bid_price,norm_bid_price,bid_size,last_trade_price,norm_last_trade_price,last_trade_size,mark_price,norm_mark_price,volume,Volume
SPY190719C298,2019-07-17,2019-07-17 09:30:00,2.21,1.0,5,2.16,0.9773,10,2.29,1.0361,15,2.185,0.9886,0,0
SPY190719C298,2019-07-17,2019-07-17 09:30:04,2.22,1.0045,67,2.19,0.9909,1,2.29,1.0361,15,2.205,0.9977,0,0
SPY190719C298,2019-07-17,2019-07-17 09:30:05,2.22,1.0045,1,2.19,0.9909,1,2.29,1.0361,15,2.205,0.9977,0,0
SPY190719C298,2019-07-17,2019-07-17 09:30:06,2.22,1.0045,1,2.17,0.9819,10,2.19,0.9909,6,2.195,0.9932,6,6
SPY190719C298,2019-07-17,2019-07-17 09:30:07,2.22,1.0045,1,2.17,0.9819,10,2.19,0.9909,6,2.195,0.9932,6,0
SPY190719C298,2019-07-17,2019-07-17 09:30:07,2.22,1.0045,1,2.17,0.9819,57,2.19,0.9909,6,2.195,0.9932,6,0
SPY190719C298,2019-07-17,2019-07-17 09:30:08,2.22,1.0045,1,2.17,0.9819,57,2.19,0.9909,6,2.195,0.9932,6,0
SPY190719C298,2019-07-17,2019-07-17 09:30:08,2.22,1.0045,10,2.18,0.9864,1,2.19,0.9909,6,2.2,0.9954,6,0
SPY190719C298,2019-07-17,2019-07-17 09:30:10,2.21,1.0,1,2.17,0.9819,1,2.19,0.9909,6,2.19,0.9909,6,0
SPY190719C298,2019-07-17,2019-07-17 09:30:10,2.22,1.0045,10,2.18,0.9864,10,2.19,0.9909,6,2.2,0.9954,6,0
SPY190719C298,2019-07-17,2019-07-17 09:30:11,2.16,0.9773,5,2.11,0.9547,5,2.19,0.9909,6,2.135,0.966,6,0
SPY190719C298,2019-07-17,2019-07-17 09:30:11,2.18,0.9864,1,2.15,0.9728,1,2.19,0.9909,6,2.165,0.9796,6,0
SPY190719C298,2019-07-17,2019-07-17 09:30:12,2.14,0.9683,1,2.11,0.9547,1,2.19,0.9909,6,2.125,0.9615,6,0
SPY190719C298,2019-07-17,2019-07-17 09:30:12,2.19,0.9909,10,2.16,0.9773,1,2.19,0.9909,6,2.175,0.9841,6,0
SPY190719C298,2019-07-17,2019-07-17 09:30:13,2.19,0.9909,10,2.15,0.9728,86,2.19,0.9909,6,2.17,0.9819,6,0
SPY190719C298,2019-07-17,2019-07-17 09:30:14,2.21,1.0,73,2.17,0.9819,20,2.19,0.9909,6,2.19,0.9909,6,0
SPY190719C298,2019-07-17,2019-07-17 09:30:14,2.2,0.9954,100,2.16,0.9773,1,2.19,0.9909,6,2.18,0.9864,6,0
SPY190719C298,2019-07-17,2019-07-17 09:30:15,2.21,1.0,10,2.17,0.9819,20,2.19,0.9909,6,2.19,0.9909,6,0
SPY190719C298,2019-07-17,2019-07-17 09:30:15,2.21,1.0,20,2.17,0.9819,10,2.19,0.9909,6,2.19,0.9909,6,0
SPY190719C298,2019-07-17,2019-07-17 09:30:16,2.21,1.0,20,2.17,0.9819,10,2.19,0.9909,6,2.19,0.9909,6,0
SPY190719C298,2019-07-17,2019-07-17 09:30:17,2.21,1.0,33,2.17,0.9819,57,2.19,0.9909,6,2.19,0.9909,6,0
SPY190719C298,2019-07-17,2019-07-17 09:30:17,2.21,1.0,20,2.17,0.9819,58,2.19,0.9909,6,2.19,0.9909,6,0
SPY190719C298,2019-07-17,2019-07-17 09:30:18,2.21,1.0,20,2.17,0.9819,57,2.19,0.9909,6,2.19,0.9909,6,0
SPY190719C298,2019-07-17,2019-07-17 09:30:18,2.21,1.0,33,2.17,0.9819,57,2.19,0.9909,6,2.19,0.9909,6,0
SPY190719C298,2019-07-17,2019-07-17 09:30:20,2.21,1.0,44,2.17,0.9819,10,2.19,0.9909,6,2.19,0.9909,6,0
SPY190719C298,2019-07-17,2019-07-17 09:30:21,2.19,0.9909,1,2.16,0.9773,1,2.19,0.9909,6,2.175,0.9841,6,0
SPY190719C298,2019-07-17,2019-07-17 09:30:23,2.19,0.9909,10,2.16,0.9773,1,2.19,0.9909,6,2.175,0.9841,6,0
SPY190719C298,2019-07-17,2019-07-17 09:30:24,2.18,0.9864,5,2.14,0.9683,101,2.19,0.9909,6,2.16,0.9773,6,0
SPY190719C298,2019-07-17,2019-07-17 09:30:25,2.17,0.9819,5,2.12,0.9592,1,2.19,0.9909,6,2.145,0.9705,6,0
SPY190719C298,2019-07-17,2019-07-17 09:30:26,2.18,0.9864,5,2.15,0.9728,10,2.19,0.9909,6,2.165,0.9796,6,0
SPY190719C298,2019-07-17,2019-07-17 09:30:27,2.19,0.9909,100,2.15,0.9728,10,2.19,0.9909,6,2.17,0.9819,6,0
SPY190719C298,2019-07-17,2019-07-17 09:30:28,2.19,0.9909,1,2.17,0.9819,10,2.19,0.9909,6,2.18,0.9864,6,0
SPY190719C298,2019-07-17,2019-07-17 09:30:29,2.2,0.9954,68,2.17,0.9819,10,2.19,0.9909,6,2.185,0.9886,6,0
SPY190719C298,2019-07-17,2019-07-17 09:30:30,2.2,0.9954,68,2.18,0.9864,1,2.19,0.9909,6,2.19,0.9909,6,0
SPY190719C298,2019-07-17,2019-07-17 09:30:31,2.21,1.0,100,2.18,0.9864,1,2.19,0.9909,6,2.195,0.9932,6,0
SPY190719C298,2019-07-17,2019-07-17 09:30:31,2.25,1.018,5,2.19,0.9909,5,2.19,0.9909,6,2.22,1.0045,6,0
SPY190719C298,2019-07-17,2019-07-17 09:30:33,2.24,1.0135,10,2.21,1.0,10,2.19,0.9909,6,2.225,1.0067,6,0
SPY190719C298,2019-07-17,2019-07-17 09:30:33,2.24,1.0135,10,2.2,0.9954,1,2.19,0.9909,6,2.22,1.0045,6,0
SPY190719C298,2019-07-17,2019-07-17 09:30:34,2.26,1.0226,100,2.22,1.0045,10,2.19,0.9909,6,2.24,1.0135,6,0
SPY190719C298,2019-07-17,2019-07-17 09:30:35,2.26,1.0226,100,2.23,1.009,1,2.19,0.9909,6,2.245,1.0158,6,0
SPY190719C298,2019-07-17,2019-07-17 09:30:36,2.25,1.018,10,2.22,1.0045,1,2.19,0.9909,6,2.235,1.0113,6,0
SPY190719C298,2019-07-17,2019-07-17 09:30:36,2.25,1.018,20,2.22,1.0045,1,2.19,0.9909,6,2.235,1.0113,6,0
SPY190719C298,2019-07-17,2019-07-17 09:30:37,2.25,1.018,67,2.22,1.0045,1,2.19,0.9909,6,2.235,1.0113,6,0
SPY190719C298,2019-07-17,2019-07-17 09:30:38,2.25,1.018,36,2.22,1.0045,1,2.19,0.9909,6,2.235,1.0113,6,0
SPY190719C298,2019-07-17,2019-07-17 09:30:38,2.25,1.018,36,2.2,0.9954,1,2.19,0.9909,6,2.225,1.0067,6,0
SPY190719C298,2019-07-17,2019-07-17 09:30:39,2.26,1.0226,100,2.23,1.009,1,2.19,0.9909,6,2.245,1.0158,6,0
SPY190719C298,2019-07-17,2019-07-17 09:30:40,2.26,1.0226,5,2.23,1.009,1,2.19,0.9909,6,2.245,1.0158,6,0
SPY190719C298,2019-07-17,2019-07-17 09:30:41,2.26,1.0226,5,2.23,1.009,1,2.19,0.9909,6,2.245,1.0158,6,0
SPY190719C298,2019-07-17,2019-07-17 09:30:42,2.26,1.0226,10,2.23,1.009,1,2.19,0.9909,6,2.245,1.0158,6,0
SPY190719C298,2019-07-17,2019-07-17 09:30:43,2.25,1.018,20,2.21,1.0,1,2.19,0.9909,6,2.23,1.009,6,0
SPY190719C298,2019-07-17,2019-07-17 09:30:44,2.24,1.0135,1,2.21,1.0,1,2.19,0.9909,6,2.225,1.0067,6,0
SPY190719C298,2019-07-17,2019-07-17 09:30:45,2.24,1.0135,100,2.2,0.9954,1,2.19,0.9909,6,2.22,1.0045,6,0
SPY190719C298,2019-07-17,2019-07-17 09:30:45,2.24,1.0135,1,2.19,0.9909,1,2.19,0.9909,6,2.215,1.0022,6,0
SPY190719C298,2019-07-17,2019-07-17 09:30:48,2.22,1.0045,10,2.19,0.9909,10,2.19,0.9909,6,2.205,0.9977,6,0
SPY190719C298,2019-07-17,2019-07-17 09:30:49,2.22,1.0045,1,2.19,0.9909,10,2.19,0.9909,6,2.205,0.9977,6,0
SPY190719C298,2019-07-17,2019-07-17 09:30:51,2.21,1.0,2,2.19,0.9909,10,2.19,0.9909,6,2.2,0.9954,6,0
SPY190719C298,2019-07-17,2019-07-17 09:30:52,2.24,1.0135,110,2.21,1.0,2,2.21,1.0,2,2.225,1.0067,8,2
SPY190719C298,2019-07-17,2019-07-17 09:30:53,2.24,1.0135,100,2.21,1.0,2,2.21,1.0,2,2.225,1.0067,8,0
SPY190719C298,2019-07-17,2019-07-17 09:30:54,2.24,1.0135,100,2.21,1.0,2,2.21,1.0,2,2.225,1.0067,8,0
SPY190719C298,2019-07-17,2019-07-17 09:30:55,2.24,1.0135,100,2.21,1.0,2,2.21,1.0,2,2.225,1.0067,8,0
SPY190719C298,2019-07-17,2019-07-17 09:30:56,2.24,1.0135,100,2.21,1.0,10,2.21,1.0,2,2.225,1.0067,8,0
SPY190719C298,2019-07-17,2019-07-17 09:30:57,2.24,1.0135,100,2.21,1.0,10,2.21,1.0,2,2.225,1.0067,8,0
SPY190719C298,2019-07-17,2019-07-17 09:30:58,2.24,1.0135,100,2.21,1.0,1,2.21,1.0,2,2.225,1.0067,8,0
SPY190719C298,2019-07-17,2019-07-17 09:30:59,2.24,1.0135,100,2.21,1.0,1,2.21,1.0,2,2.225,1.0067,8,0
SPY190719C298,2019-07-17,2019-07-17 09:31:00,2.25,1.018,20,2.22,1.0045,2,2.21,1.0,2,2.235,1.0113,8,0
SPY190719C298,2019-07-17,2019-07-17 09:31:01,2.25,1.018,172,2.22,1.0045,1,2.21,1.0,2,2.235,1.0113,8,0
SPY190719C298,2019-07-17,2019-07-17 09:31:01,2.24,1.0135,100,2.22,1.0045,1,2.21,1.0,2,2.23,1.009,8,0
SPY190719C298,2019-07-17,2019-07-17 09:31:02,2.25,1.018,167,2.22,1.0045,2,2.21,1.0,2,2.235,1.0113,8,0
SPY190719C298,2019-07-17,2019-07-17 09:31:03,2.26,1.0226,167,2.23,1.009,1,2.21,1.0,2,2.245,1.0158,8,0
SPY190719C298,2019-07-17,2019-07-17 09:31:03,2.25,1.018,167,2.22,1.0045,1,2.21,1.0,2,2.235,1.0113,8,0
SPY190719C298,2019-07-17,2019-07-17 09:31:04,2.26,1.0226,1,2.23,1.009,1,2.21,1.0,2,2.245,1.0158,8,0
SPY190719C298,2019-07-17,2019-07-17 09:31:04,2.26,1.0226,171,2.23,1.009,7,2.21,1.0,2,2.245,1.0158,8,0
SPY190719C298,2019-07-17,2019-07-17 09:31:05,2.26,1.0226,171,2.23,1.009,7,2.21,1.0,2,2.245,1.0158,8,0
SPY190719C298,2019-07-17,2019-07-17 09:31:06,2.25,1.018,44,2.22,1.0045,10,2.21,1.0,2,2.235,1.0113,8,0
SPY190719C298,2019-07-17,2019-07-17 09:31:07,2.28,1.0316,166,2.24,1.0135,10,2.21,1.0,2,2.26,1.0226,8,0
SPY190719C298,2019-07-17,2019-07-17 09:31:07,2.26,1.0226,178,2.22,1.0045,10,2.21,1.0,2,2.24,1.0135,8,0
SPY190719C298,2019-07-17,2019-07-17 09:31:08,2.28,1.0316,100,2.25,1.018,1,2.21,1.0,2,2.265,1.0248,8,0
SPY190719C298,2019-07-17,2019-07-17 09:31:08,2.28,1.0316,100,2.25,1.018,10,2.21,1.0,2,2.265,1.0248,8,0
SPY190719C298,2019-07-17,2019-07-17 09:31:09,2.29,1.0361,47,2.24,1.0135,100,2.21,1.0,2,2.265,1.0248,8,0
SPY190719C298,2019-07-17,2019-07-17 09:31:10,2.29,1.0361,100,2.25,1.018,83,2.21,1.0,2,2.27,1.0271,8,0
SPY190719C298,2019-07-17,2019-07-17 09:31:11,2.29,1.0361,171,2.25,1.018,3,2.21,1.0,2,2.27,1.0271,8,0
SPY190719C298,2019-07-17,2019-07-17 09:31:11,2.29,1.0361,171,2.26,1.0226,1,2.21,1.0,2,2.275,1.0294,8,0
SPY190719C298,2019-07-17,2019-07-17 09:31:12,2.29,1.0361,171,2.25,1.018,3,2.21,1.0,2,2.27,1.0271,8,0
SPY190719C298,2019-07-17,2019-07-17 09:31:13,2.3,1.0407,10,2.26,1.0226,1,2.21,1.0,2,2.28,1.0316,8,0
SPY190719C298,2019-07-17,2019-07-17 09:31:13,2.3,1.0407,65,2.26,1.0226,1,2.21,1.0,2,2.28,1.0316,8,0
SPY190719C298,2019-07-17,2019-07-17 09:31:14,2.3,1.0407,96,2.27,1.0271,2,2.21,1.0,2,2.285,1.0339,8,0
SPY190719C298,2019-07-17,2019-07-17 09:31:14,2.3,1.0407,10,2.27,1.0271,2,2.21,1.0,2,2.285,1.0339,8,0
SPY190719C298,2019-07-17,2019-07-17 09:31:15,2.3,1.0407,57,2.27,1.0271,106,2.21,1.0,2,2.285,1.0339,8,0
SPY190719C298,2019-07-17,2019-07-17 09:31:16,2.32,1.0497,166,2.29,1.0361,2,2.21,1.0,2,2.305,1.0429,8,0
SPY190719C298,2019-07-17,2019-07-17 09:31:16,2.3,1.0407,57,2.27,1.0271,59,2.21,1.0,2,2.285,1.0339,8,0
SPY190719C298,2019-07-17,2019-07-17 09:31:17,2.32,1.0497,166,2.29,1.0361,2,2.21,1.0,2,2.305,1.0429,8,0
SPY190719C298,2019-07-17,2019-07-17 09:31:17,2.32,1.0497,100,2.29,1.0361,2,2.21,1.0,2,2.305,1.0429,8,0
SPY190719C298,2019-07-17,2019-07-17 09:31:18,2.32,1.0497,166,2.28,1.0316,55,2.21,1.0,2,2.3,1.0407,8,0
SPY190719C298,2019-07-17,2019-07-17 09:31:18,2.32,1.0497,171,2.28,1.0316,55,2.21,1.0,2,2.3,1.0407,8,0
SPY190719C298,2019-07-17,2019-07-17 09:31:19,2.32,1.0497,166,2.28,1.0316,142,2.21,1.0,2,2.3,1.0407,8,0
SPY190719C298,2019-07-17,2019-07-17 09:31:20,2.32,1.0497,110,2.29,1.0361,1,2.21,1.0,2,2.305,1.0429,8,0
SPY190719C298,2019-07-17,2019-07-17 09:31:20,2.32,1.0497,110,2.28,1.0316,46,2.21,1.0,2,2.3,1.0407,8,0
SPY190719C298,2019-07-17,2019-07-17 09:31:21,2.32,1.0497,181,2.29,1.0361,1,2.21,1.0,2,2.305,1.0429,8,0
SPY190719C298,2019-07-17,2019-07-17 09:31:21,2.32,1.0497,110,2.29,1.0361,1,2.21,1.0,2,2.305,1.0429,8,0
SPY190719C298,2019-07-17,2019-07-17 09:31:22,2.32,1.0497,181,2.28,1.0316,10,2.21,1.0,2,2.3,1.0407,8,0
SPY190719C298,2019-07-17,2019-07-17 09:31:23,2.32,1.0497,100,2.28,1.0316,79,2.21,1.0,2,2.3,1.0407,8,0
SPY190719C298,2019-07-17,2019-07-17 09:31:23,2.31,1.0452,100,2.27,1.0271,75,2.21,1.0,2,2.29,1.0361,8,0
SPY190719C298,2019-07-17,2019-07-17 09:31:24,2.32,1.0497,100,2.28,1.0316,67,2.21,1.0,2,2.3,1.0407,8,0
SPY190719C298,2019-07-17,2019-07-17 09:31:25,2.32,1.0497,100,2.28,1.0316,167,2.21,1.0,2,2.3,1.0407,8,0
SPY190719C298,2019-07-17,2019-07-17 09:31:26,2.32,1.0497,66,2.29,1.0361,1,2.21,1.0,2,2.305,1.0429,8,0
SPY190719C298,2019-07-17,2019-07-17 09:31:26,2.34,1.0588,171,2.31,1.0452,1,2.21,1.0,2,2.325,1.052,8,0
SPY190719C298,2019-07-17,2019-07-17 09:31:27,2.34,1.0588,105,2.31,1.0452,1,2.21,1.0,2,2.325,1.052,8,0
SPY190719C298,2019-07-17,2019-07-17 09:31:27,2.34,1.0588,95,2.31,1.0452,1,2.21,1.0,2,2.325,1.052,8,0
SPY190719C298,2019-07-17,2019-07-17 09:31:28,2.34,1.0588,95,2.31,1.0452,1,2.21,1.0,2,2.325,1.052,8,0
SPY190719C298,2019-07-17,2019-07-17 09:31:29,2.34,1.0588,105,2.31,1.0452,1,2.21,1.0,2,2.325,1.052,8,0
SPY190719C298,2019-07-17,2019-07-17 09:31:30,2.34,1.0588,76,2.31,1.0452,1,2.21,1.0,2,2.325,1.052,8,0
SPY190719C298,2019-07-17,2019-07-17 09:31:30,2.34,1.0588,105,2.31,1.0452,1,2.21,1.0,2,2.325,1.052,8,0
SPY190719C298,2019-07-17,2019-07-17 09:31:31,2.34,1.0588,76,2.31,1.0452,1,2.21,1.0,2,2.325,1.052,8,0
SPY190719C298,2019-07-17,2019-07-17 09:31:32,2.32,1.0497,1,2.29,1.0361,1,2.21,1.0,2,2.305,1.0429,8,0
SPY190719C298,2019-07-17,2019-07-17 09:31:32,2.32,1.0497,171,2.28,1.0316,10,2.21,1.0,2,2.3,1.0407,8,0
SPY190719C298,2019-07-17,2019-07-17 09:31:35,2.31,1.0452,111,2.27,1.0271,1,2.21,1.0,2,2.29,1.0361,8,0
SPY190719C298,2019-07-17,2019-07-17 09:31:36,2.31,1.0452,105,2.27,1.0271,1,2.21,1.0,2,2.29,1.0361,8,0
SPY190719C298,2019-07-17,2019-07-17 09:31:38,2.31,1.0452,181,2.27,1.0271,10,2.21,1.0,2,2.29,1.0361,8,0
SPY190719C298,2019-07-17,2019-07-17 09:31:39,2.32,1.0497,110,2.28,1.0316,96,2.21,1.0,2,2.3,1.0407,8,0
SPY190719C298,2019-07-17,2019-07-17 09:31:39,2.32,1.0497,110,2.27,1.0271,167,2.21,1.0,2,2.295,1.0384,8,0
SPY190719C298,2019-07-17,2019-07-17 09:31:40,2.32,1.0497,110,2.29,1.0361,1,2.21,1.0,2,2.305,1.0429,8,0
SPY190719C298,2019-07-17,2019-07-17 09:31:44,2.33,1.0542,171,2.29,1.0361,10,2.21,1.0,2,2.31,1.0452,8,0
SPY190719C298,2019-07-17,2019-07-17 09:31:46,2.32,1.0497,1,2.29,1.0361,1,2.21,1.0,2,2.305,1.0429,8,0
SPY190719C298,2019-07-17,2019-07-17 09:31:47,2.32,1.0497,1,2.29,1.0361,10,2.21,1.0,2,2.305,1.0429,8,0
SPY190719C298,2019-07-17,2019-07-17 09:31:47,2.32,1.0497,1,2.3,1.0407,1,2.3,1.0407,1,2.31,1.0452,9,1
SPY190719C298,2019-07-17,2019-07-17 09:31:48,2.32,1.0497,1,2.29,1.0361,3,2.3,1.0407,1,2.305,1.0429,9,0
SPY190719C298,2019-07-17,2019-07-17 09:31:48,2.32,1.0497,10,2.29,1.0361,3,2.3,1.0407,1,2.305,1.0429,9,0
SPY190719C298,2019-07-17,2019-07-17 09:31:49,2.32,1.0497,10,2.29,1.0361,1,2.3,1.0407,1,2.305,1.0429,9,0
SPY190719C298,2019-07-17,2019-07-17 09:31:50,2.33,1.0542,100,2.29,1.0361,10,2.3,1.0407,1,2.31,1.0452,9,0
SPY190719C298,2019-07-17,2019-07-17 09:31:51,2.32,1.0497,1,2.29,1.0361,1,2.3,1.0407,1,2.305,1.0429,9,0
SPY190719C298,2019-07-17,2019-07-17 09:31:52,2.32,1.0497,1,2.29,1.0361,1,2.3,1.0407,1,2.305,1.0429,9,0
SPY190719C298,2019-07-17,2019-07-17 09:31:53,2.32,1.0497,1,2.29,1.0361,1,2.3,1.0407,1,2.305,1.0429,9,0
SPY190719C298,2019-07-17,2019-07-17 09:31:54,2.29,1.0361,170,2.25,1.018,1,2.3,1.0407,1,2.27,1.0271,9,0
SPY190719C298,2019-07-17,2019-07-17 09:31:55,2.28,1.0316,1,2.25,1.018,2,2.3,1.0407,1,2.265,1.0248,9,0
SPY190719C298,2019-07-17,2019-07-17 09:31:56,2.28,1.0316,1,2.25,1.018,10,2.3,1.0407,1,2.265,1.0248,9,0
SPY190719C298,2019-07-17,2019-07-17 09:31:56,2.29,1.0361,100,2.25,1.018,10,2.3,1.0407,1,2.27,1.0271,9,0
SPY190719C298,2019-07-17,2019-07-17 09:31:57,2.29,1.0361,100,2.25,1.018,10,2.3,1.0407,1,2.27,1.0271,9,0
SPY190719C298,2019-07-17,2019-07-17 09:31:58,2.28,1.0316,32,2.25,1.018,10,2.3,1.0407,1,2.265,1.0248,9,0
SPY190719C298,2019-07-17,2019-07-17 09:31:59,2.27,1.0271,1,2.25,1.018,10,2.3,1.0407,1,2.26,1.0226,9,0
SPY190719C298,2019-07-17,2019-07-17 09:32:00,2.25,1.018,1,2.22,1.0045,1,2.3,1.0407,1,2.235,1.0113,9,0
SPY190719C298,2019-07-17,2019-07-17 09:32:00,2.27,1.0271,100,2.23,1.009,10,2.3,1.0407,1,2.25,1.018,9,0
SPY190719C298,2019-07-17,2019-07-17 09:32:01,2.24,1.0135,111,2.19,0.9909,101,2.3,1.0407,1,2.215,1.0022,9,0
SPY190719C298,2019-07-17,2019-07-17 09:32:02,2.25,1.018,135,2.19,0.9909,5,2.3,1.0407,1,2.22,1.0045,9,0
SPY190719C298,2019-07-17,2019-07-17 09:32:02,2.24,1.0135,1,2.2,0.9954,66,2.3,1.0407,1,2.22,1.0045,9,0
SPY190719C298,2019-07-17,2019-07-17 09:32:03,2.24,1.0135,1,2.2,0.9954,66,2.3,1.0407,1,2.22,1.0045,9,0
SPY190719C298,2019-07-17,2019-07-17 09:32:04,2.24,1.0135,10,2.21,1.0,1,2.3,1.0407,1,2.225,1.0067,9,0
SPY190719C298,2019-07-17,2019-07-17 09:32:04,2.24,1.0135,41,2.21,1.0,1,2.3,1.0407,1,2.225,1.0067,9,0
SPY190719C298,2019-07-17,2019-07-17 09:32:05,2.24,1.0135,1,2.21,1.0,1,2.3,1.0407,1,2.225,1.0067,9,0
SPY190719C298,2019-07-17,2019-07-17 09:32:05,2.24,1.0135,41,2.21,1.0,1,2.3,1.0407,1,2.225,1.0067,9,0
SPY190719C298,2019-07-17,2019-07-17 09:32:06,2.24,1.0135,1,2.21,1.0,1,2.3,1.0407,1,2.225,1.0067,9,0
SPY190719C298,2019-07-17,2019-07-17 09:32:07,2.24,1.0135,10,2.21,1.0,10,2.3,1.0407,1,2.225,1.0067,9,0
SPY190719C298,2019-07-17,2019-07-17 09:32:07,2.24,1.0135,2,2.21,1.0,10,2.3,1.0407,1,2.225,1.0067,9,0
SPY190719C298,2019-07-17,2019-07-17 09:32:08,2.24,1.0135,1,2.21,1.0,10,2.3,1.0407,1,2.225,1.0067,9,0
SPY190719C298,2019-07-17,2019-07-17 09:32:09,2.24,1.0135,2,2.21,1.0,36,2.3,1.0407,1,2.225,1.0067,9,0
SPY190719C298,2019-07-17,2019-07-17 09:32:10,2.24,1.0135,10,2.2,0.9954,101,2.3,1.0407,1,2.22,1.0045,9,0
SPY190719C298,2019-07-17,2019-07-17 09:32:10,2.22,1.0045,1,2.19,0.9909,6,2.3,1.0407,1,2.205,0.9977,9,0
SPY190719C298,2019-07-17,2019-07-17 09:32:11,2.22,1.0045,1,2.18,0.9864,101,2.3,1.0407,1,2.2,0.9954,9,0
SPY190719C298,2019-07-17,2019-07-17 09:32:11,2.22,1.0045,1,2.18,0.9864,172,2.3,1.0407,1,2.2,0.9954,9,0
SPY190719C298,2019-07-17,2019-07-17 09:32:12,2.22,1.0045,1,2.18,0.9864,100,2.3,1.0407,1,2.2,0.9954,9,0
SPY190719C298,2019-07-17,2019-07-17 09:32:13,2.22,1.0045,48,2.19,0.9909,1,2.3,1.0407,1,2.205,0.9977,9,0
SPY190719C298,2019-07-17,2019-07-17 09:32:13,2.22,1.0045,76,2.18,0.9864,90,2.3,1.0407,1,2.2,0.9954,9,0
SPY190719C298,2019-07-17,2019-07-17 09:32:14,2.24,1.0135,167,2.2,0.9954,65,2.3,1.0407,1,2.22,1.0045,9,0
SPY190719C298,2019-07-17,2019-07-17 09:32:14,2.24,1.0135,167,2.2,0.9954,20,2.3,1.0407,1,2.22,1.0045,9,0
SPY190719C298,2019-07-17,2019-07-17 09:32:15,2.23,1.009,20,2.19,0.9909,47,2.3,1.0407,1,2.21,1.0,9,0
SPY190719C298,2019-07-17,2019-07-17 09:32:16,2.23,1.009,172,2.19,0.9909,74,2.3,1.0407,1,2.21,1.0,9,0
SPY190719C298,2019-07-17,2019-07-17 09:32:16,2.24,1.0135,153,2.2,0.9954,10,2.3,1.0407,1,2.22,1.0045,9,0
SPY190719C298,2019-07-17,2019-07-17 09:32:17,2.24,1.0135,163,2.2,0.9954,83,2.3,1.0407,1,2.22,1.0045,9,0
SPY190719C298,2019-07-17,2019-07-17 09:32:18,2.23,1.009,72,2.19,0.9909,10,2.3,1.0407,1,2.21,1.0,9,0
SPY190719C298,2019-07-17,2019-07-17 09:32:19,2.23,1.009,99,2.19,0.9909,75,2.3,1.0407,1,2.21,1.0,9,0
SPY190719C298,2019-07-17,2019-07-17 09:32:20,2.22,1.0045,1,2.19,0.9909,10,2.3,1.0407,1,2.205,0.9977,9,0
SPY190719C298,2019-07-17,2019-07-17 09:32:21,2.22,1.0045,1,2.19,0.9909,10,2.3,1.0407,1,2.205,0.9977,9,0
SPY190719C298,2019-07-17,2019-07-17 09:32:21,2.22,1.0045,10,2.19,0.9909,10,2.3,1.0407,1,2.205,0.9977,9,0
SPY190719C298,2019-07-17,2019-07-17 09:32:22,2.22,1.0045,1,2.19,0.9909,10,2.3,1.0407,1,2.205,0.9977,9,0
SPY190719C298,2019-07-17,2019-07-17 09:32:23,2.22,1.0045,10,2.19,0.9909,20,2.3,1.0407,1,2.205,0.9977,9,0
SPY190719C298,2019-07-17,2019-07-17 09:32:23,2.22,1.0045,1,2.19,0.9909,37,2.3,1.0407,1,2.205,0.9977,9,0
SPY190719C298,2019-07-17,2019-07-17 09:32:24,2.22,1.0045,1,2.19,0.9909,10,2.3,1.0407,1,2.205,0.9977,9,0
SPY190719C298,2019-07-17,2019-07-17 09:32:25,2.23,1.009,100,2.19,0.9909,45,2.3,1.0407,1,2.21,1.0,9,0
SPY190719C298,2019-07-17,2019-07-17 09:32:25,2.22,1.0045,1,2.19,0.9909,45,2.3,1.0407,1,2.205,0.9977,9,0
SPY190719C298,2019-07-17,2019-07-17 09:32:26,2.22,1.0045,8,2.19,0.9909,7,2.3,1.0407,1,2.205,0.9977,9,0
SPY190719C298,2019-07-17,2019-07-17 09:32:26,2.22,1.0045,38,2.19,0.9909,7,2.3,1.0407,1,2.205,0.9977,9,0
SPY190719C298,2019-07-17,2019-07-17 09:32:27,2.22,1.0045,47,2.19,0.9909,7,2.3,1.0407,1,2.205,0.9977,9,0
SPY190719C298,2019-07-17,2019-07-17 09:32:27,2.22,1.0045,7,2.19,0.9909,7,2.3,1.0407,1,2.205,0.9977,9,0
SPY190719C298,2019-07-17,2019-07-17 09:32:28,2.22,1.0045,7,2.19,0.9909,7,2.3,1.0407,1,2.205,0.9977,9,0
SPY190719C298,2019-07-17,2019-07-17 09:32:28,2.22,1.0045,7,2.19,0.9909,11,2.3,1.0407,1,2.205,0.9977,9,0
SPY190719C298,2019-07-17,2019-07-17 09:32:29,2.22,1.0045,27,2.19,0.9909,10,2.3,1.0407,1,2.205,0.9977,9,0
SPY190719C298,2019-07-17,2019-07-17 09:32:30,2.22,1.0045,77,2.19,0.9909,8,2.3,1.0407,1,2.205,0.9977,9,0
SPY190719C298,2019-07-17,2019-07-17 09:32:30,2.22,1.0045,31,2.19,0.9909,10,2.3,1.0407,1,2.205,0.9977,9,0
SPY190719C298,2019-07-17,2019-07-17 09:32:31,2.22,1.0045,17,2.19,0.9909,8,2.3,1.0407,1,2.205,0.9977,9,0
SPY190719C298,2019-07-17,2019-07-17 09:32:31,2.22,1.0045,10,2.19,0.9909,10,2.3,1.0407,1,2.205,0.9977,9,0
SPY190719C298,2019-07-17,2019-07-17 09:32:32,2.23,1.009,73,2.19,0.9909,35,2.3,1.0407,1,2.21,1.0,9,0
SPY190719C298,2019-07-17,2019-07-17 09:32:33,2.23,1.009,10,2.2,0.9954,20,2.3,1.0407,1,2.215,1.0022,9,0
SPY190719C298,2019-07-17,2019-07-17 09:32:34,2.25,1.018,172,2.21,1.0,35,2.3,1.0407,1,2.23,1.009,9,0
SPY190719C298,2019-07-17,2019-07-17 09:32:34,2.24,1.0135,7,2.21,1.0,1,2.3,1.0407,1,2.225,1.0067,9,0
SPY190719C298,2019-07-17,2019-07-17 09:32:35,2.24,1.0135,7,2.21,1.0,10,2.3,1.0407,1,2.225,1.0067,9,0
SPY190719C298,2019-07-17,2019-07-17 09:32:36,2.24,1.0135,10,2.21,1.0,48,2.3,1.0407,1,2.225,1.0067,9,0
SPY190719C298,2019-07-17,2019-07-17 09:32:36,2.25,1.018,172,2.21,1.0,51,2.3,1.0407,1,2.23,1.009,9,0
SPY190719C298,2019-07-17,2019-07-17 09:32:37,2.25,1.018,182,2.21,1.0,20,2.3,1.0407,1,2.23,1.009,9,0
SPY190719C298,2019-07-17,2019-07-17 09:32:38,2.24,1.0135,53,2.21,1.0,8,2.3,1.0407,1,2.225,1.0067,9,0
SPY190719C298,2019-07-17,2019-07-17 09:32:38,2.23,1.009,7,2.21,1.0,8,2.3,1.0407,1,2.22,1.0045,9,0
SPY190719C298,2019-07-17,2019-07-17 09:32:39,2.24,1.0135,10,2.21,1.0,8,2.3,1.0407,1,2.225,1.0067,9,0
SPY190719C298,2019-07-17,2019-07-17 09:32:40,2.26,1.0226,75,2.22,1.0045,144,2.3,1.0407,1,2.24,1.0135,9,0
SPY190719C298,2019-07-17,2019-07-17 09:32:40,2.25,1.018,1,2.22,1.0045,144,2.3,1.0407,1,2.235,1.0113,9,0
SPY190719C298,2019-07-17,2019-07-17 09:32:41,2.26,1.0226,93,2.23,1.009,7,2.3,1.0407,1,2.245,1.0158,9,0
SPY190719C298,2019-07-17,2019-07-17 09:32:41,2.26,1.0226,10,2.23,1.009,10,2.3,1.0407,1,2.245,1.0158,9,0
SPY190719C298,2019-07-17,2019-07-17 09:32:42,2.26,1.0226,45,2.23,1.009,10,2.3,1.0407,1,2.245,1.0158,9,0
SPY190719C298,2019-07-17,2019-07-17 09:32:42,2.25,1.018,7,2.23,1.009,10,2.3,1.0407,1,2.24,1.0135,9,0
SPY190719C298,2019-07-17,2019-07-17 09:32:43,2.25,1.018,6,2.21,1.0,128,2.3,1.0407,1,2.23,1.009,9,0
SPY190719C298,2019-07-17,2019-07-17 09:32:47,2.22,1.0045,27,2.19,0.9909,101,2.3,1.0407,1,2.205,0.9977,9,0
SPY190719C298,2019-07-17,2019-07-17 09:32:48,2.24,1.0135,8,2.21,1.0,8,2.3,1.0407,1,2.225,1.0067,9,0
SPY190719C298,2019-07-17,2019-07-17 09:32:49,2.25,1.018,45,2.22,1.0045,6,2.3,1.0407,1,2.235,1.0113,9,0
SPY190719C298,2019-07-17,2019-07-17 09:32:50,2.25,1.018,110,2.22,1.0045,8,2.3,1.0407,1,2.235,1.0113,9,0
SPY190719C298,2019-07-17,2019-07-17 09:32:50,2.24,1.0135,8,2.21,1.0,11,2.3,1.0407,1,2.225,1.0067,9,0
SPY190719C298,2019-07-17,2019-07-17 09:32:51,2.23,1.009,10,2.2,0.9954,30,2.3,1.0407,1,2.215,1.0022,9,0
SPY190719C298,2019-07-17,2019-07-17 09:32:52,2.23,1.009,7,2.21,1.0,8,2.3,1.0407,1,2.22,1.0045,9,0
SPY190719C298,2019-07-17,2019-07-17 09:32:52,2.24,1.0135,72,2.2,0.9954,43,2.3,1.0407,1,2.22,1.0045,9,0
SPY190719C298,2019-07-17,2019-07-17 09:32:53,2.23,1.009,7,2.2,0.9954,10,2.3,1.0407,1,2.215,1.0022,9,0
SPY190719C298,2019-07-17,2019-07-17 09:32:53,2.23,1.009,10,2.2,0.9954,10,2.3,1.0407,1,2.215,1.0022,9,0
SPY190719C298,2019-07-17,2019-07-17 09:32:54,2.23,1.009,7,2.2,0.9954,16,2.3,1.0407,1,2.215,1.0022,9,0
SPY190719C298,2019-07-17,2019-07-17 09:32:54,2.23,1.009,63,2.2,0.9954,12,2.3,1.0407,1,2.215,1.0022,9,0
SPY190719C298,2019-07-17,2019-07-17 09:32:55,2.26,1.0226,1,2.23,1.009,100,2.3,1.0407,1,2.245,1.0158,9,0
SPY190719C298,2019-07-17,2019-07-17 09:32:56,2.26,1.0226,33,2.23,1.009,10,2.3,1.0407,1,2.245,1.0158,9,0
SPY190719C298,2019-07-17,2019-07-17 09:32:57,2.25,1.018,7,2.23,1.009,9,2.3,1.0407,1,2.24,1.0135,9,0
SPY190719C298,2019-07-17,2019-07-17 09:32:57,2.26,1.0226,29,2.23,1.009,10,2.3,1.0407,1,2.245,1.0158,9,0
SPY190719C298,2019-07-17,2019-07-17 09:32:58,2.26,1.0226,10,2.23,1.009,12,2.3,1.0407,1,2.245,1.0158,9,0
SPY190719C298,2019-07-17,2019-07-17 09:32:58,2.26,1.0226,29,2.23,1.009,9,2.3,1.0407,1,2.245,1.0158,9,0
SPY190719C298,2019-07-17,2019-07-17 09:32:59,2.26,1.0226,10,2.23,1.009,12,2.3,1.0407,1,2.245,1.0158,9,0
SPY190719C298,2019-07-17,2019-07-17 09:33:00,2.26,1.0226,7,2.23,1.009,10,2.3,1.0407,1,2.245,1.0158,9,0
SPY190719C298,2019-07-17,2019-07-17 09:33:00,2.26,1.0226,10,2.24,1.0135,7,2.3,1.0407,1,2.25,1.018,9,0
SPY190719C298,2019-07-17,2019-07-17 09:33:01,2.26,1.0226,10,2.23,1.009,10,2.3,1.0407,1,2.245,1.0158,9,0
SPY190719C298,2019-07-17,2019-07-17 09:33:01,2.26,1.0226,55,2.23,1.009,10,2.3,1.0407,1,2.245,1.0158,9,0
SPY190719C298,2019-07-17,2019-07-17 09:33:02,2.24,1.0135,7,2.21,1.0,10,2.3,1.0407,1,2.225,1.0067,9,0
SPY190719C298,2019-07-17,2019-07-17 09:33:02,2.25,1.018,6,2.21,1.0,166,2.3,1.0407,1,2.23,1.009,9,0
SPY190719C298,2019-07-17,2019-07-17 09:33:03,2.24,1.0135,10,2.21,1.0,18,2.3,1.0407,1,2.225,1.0067,9,0
SPY190719C298,2019-07-17,2019-07-17 09:33:04,2.24,1.0135,10,2.21,1.0,16,2.3,1.0407,1,2.225,1.0067,9,0
SPY190719C298,2019-07-17,2019-07-17 09:33:04,2.24,1.0135,10,2.21,1.0,10,2.3,1.0407,1,2.225,1.0067,9,0
SPY190719C298,2019-07-17,2019-07-17 09:33:05,2.24,1.0135,41,2.21,1.0,16,2.3,1.0407,1,2.225,1.0067,9,0
SPY190719C298,2019-07-17,2019-07-17 09:33:05,2.24,1.0135,20,2.21,1.0,16,2.3,1.0407,1,2.225,1.0067,9,0
SPY190719C298,2019-07-17,2019-07-17 09:33:06,2.24,1.0135,10,2.21,1.0,16,2.3,1.0407,1,2.225,1.0067,9,0
SPY190719C298,2019-07-17,2019-07-17 09:33:07,2.24,1.0135,10,2.21,1.0,10,2.3,1.0407,1,2.225,1.0067,9,0
SPY190719C298,2019-07-17,2019-07-17 09:33:07,2.24,1.0135,30,2.21,1.0,16,2.3,1.0407,1,2.225,1.0067,9,0
SPY190719C298,2019-07-17,2019-07-17 09:33:08,2.24,1.0135,10,2.21,1.0,43,2.3,1.0407,1,2.225,1.0067,9,0
SPY190719C298,2019-07-17,2019-07-17 09:33:09,2.25,1.018,75,2.22,1.0045,10,2.3,1.0407,1,2.235,1.0113,9,0
SPY190719C298,2019-07-17,2019-07-17 09:33:09,2.25,1.018,101,2.21,1.0,8,2.3,1.0407,1,2.23,1.009,9,0
SPY190719C298,2019-07-17,2019-07-17 09:33:10,2.24,1.0135,10,2.22,1.0045,11,2.3,1.0407,1,2.23,1.009,9,0
SPY190719C298,2019-07-17,2019-07-17 09:33:10,2.24,1.0135,20,2.21,1.0,10,2.3,1.0407,1,2.225,1.0067,9,0
SPY190719C298,2019-07-17,2019-07-17 09:33:11,2.24,1.0135,34,2.21,1.0,20,2.3,1.0407,1,2.225,1.0067,9,0
SPY190719C298,2019-07-17,2019-07-17 09:33:12,2.24,1.0135,7,2.21,1.0,8,2.3,1.0407,1,2.225,1.0067,9,0
SPY190719C298,2019-07-17,2019-07-17 09:33:13,2.24,1.0135,7,2.21,1.0,18,2.3,1.0407,1,2.225,1.0067,9,0
SPY190719C298,2019-07-17,2019-07-17 09:33:13,2.24,1.0135,30,2.21,1.0,11,2.3,1.0407,1,2.225,1.0067,9,0
SPY190719C298,2019-07-17,2019-07-17 09:33:14,2.24,1.0135,8,2.21,1.0,17,2.3,1.0407,1,2.225,1.0067,9,0
SPY190719C298,2019-07-17,2019-07-17 09:33:14,2.24,1.0135,10,2.21,1.0,14,2.3,1.0407,1,2.225,1.0067,9,0
SPY190719C298,2019-07-17,2019-07-17 09:33:15,2.24,1.0135,8,2.21,1.0,10,2.3,1.0407,1,2.225,1.0067,9,0
SPY190719C298,2019-07-17,2019-07-17 09:33:15,2.24,1.0135,42,2.21,1.0,11,2.3,1.0407,1,2.225,1.0067,9,0
SPY190719C298,2019-07-17,2019-07-17 09:33:16,2.24,1.0135,10,2.21,1.0,11,2.3,1.0407,1,2.225,1.0067,9,0
SPY190719C298,2019-07-17,2019-07-17 09:33:17,2.24,1.0135,10,2.21,1.0,13,2.3,1.0407,1,2.225,1.0067,9,0
SPY190719C298,2019-07-17,2019-07-17 09:33:18,2.24,1.0135,10,2.21,1.0,13,2.3,1.0407,1,2.225,1.0067,9,0
SPY190719C298,2019-07-17,2019-07-17 09:33:19,2.23,1.009,20,2.2,0.9954,8,2.3,1.0407,1,2.215,1.0022,9,0
SPY190719C298,2019-07-17,2019-07-17 09:33:19,2.24,1.0135,10,2.21,1.0,13,2.3,1.0407,1,2.225,1.0067,9,0
SPY190719C298,2019-07-17,2019-07-17 09:33:20,2.23,1.009,20,2.2,0.9954,7,2.3,1.0407,1,2.215,1.0022,9,0
SPY190719C298,2019-07-17,2019-07-17 09:33:21,2.23,1.009,20,2.2,0.9954,7,2.3,1.0407,1,2.215,1.0022,9,0
SPY190719C298,2019-07-17,2019-07-17 09:33:21,2.21,1.0,8,2.18,0.9864,8,2.3,1.0407,1,2.195,0.9932,9,0
SPY190719C298,2019-07-17,2019-07-17 09:33:22,2.21,1.0,12,2.18,0.9864,11,2.3,1.0407,1,2.195,0.9932,9,0
SPY190719C298,2019-07-17,2019-07-17 09:33:22,2.21,1.0,20,2.18,0.9864,7,2.3,1.0407,1,2.195,0.9932,9,0
SPY190719C298,2019-07-17,2019-07-17 09:33:23,2.19,0.9909,6,2.16,0.9773,6,2.3,1.0407,1,2.175,0.9841,9,0
SPY190719C298,2019-07-17,2019-07-17 09:33:24,2.18,0.9864,10,2.15,0.9728,11,2.3,1.0407,1,2.165,0.9796,9,0
SPY190719C298,2019-07-17,2019-07-17 09:33:24,2.18,0.9864,7,2.15,0.9728,7,2.3,1.0407,1,2.165,0.9796,9,0
SPY190719C298,2019-07-17,2019-07-17 09:33:25,2.17,0.9819,20,2.14,0.9683,8,2.3,1.0407,1,2.155,0.9751,9,0
SPY190719C298,2019-07-17,2019-07-17 09:33:25,2.17,0.9819,8,2.15,0.9728,10,2.3,1.0407,1,2.16,0.9773,9,0
SPY190719C298,2019-07-17,2019-07-17 09:33:26,2.17,0.9819,7,2.14,0.9683,7,2.3,1.0407,1,2.155,0.9751,9,0
SPY190719C298,2019-07-17,2019-07-17 09:33:27,2.17,0.9819,10,2.14,0.9683,12,2.3,1.0407,1,2.155,0.9751,9,0
SPY190719C298,2019-07-17,2019-07-17 09:33:27,2.17,0.9819,10,2.14,0.9683,7,2.3,1.0407,1,2.155,0.9751,9,0
SPY190719C298,2019-07-17,2019-07-17 09:33:28,2.19,0.9909,10,2.14,0.9683,16,2.3,1.0407,1,2.165,0.9796,9,0
SPY190719C298,2019-07-17,2019-07-17 09:33:28,2.19,0.9909,20,2.15,0.9728,20,2.3,1.0407,1,2.17,0.9819,9,0
SPY190719C298,2019-07-17,2019-07-17 09:33:29,2.19,0.9909,20,2.16,0.9773,8,2.3,1.0407,1,2.175,0.9841,9,0
SPY190719C298,2019-07-17,2019-07-17 09:33:30,2.19,0.9909,10,2.16,0.9773,13,2.3,1.0407,1,2.175,0.9841,9,0
SPY190719C298,2019-07-17,2019-07-17 09:33:31,2.19,0.9909,10,2.16,0.9773,9,2.3,1.0407,1,2.175,0.9841,9,0
SPY190719C298,2019-07-17,2019-07-17 09:33:32,2.19,0.9909,20,2.16,0.9773,10,2.3,1.0407,1,2.175,0.9841,9,0
SPY190719C298,2019-07-17,2019-07-17 09:33:32,2.19,0.9909,20,2.16,0.9773,8,2.3,1.0407,1,2.175,0.9841,9,0
SPY190719C298,2019-07-17,2019-07-17 09:33:33,2.19,0.9909,20,2.16,0.9773,12,2.3,1.0407,1,2.175,0.9841,9,0
SPY190719C298,2019-07-17,2019-07-17 09:33:33,2.19,0.9909,20,2.16,0.9773,7,2.3,1.0407,1,2.175,0.9841,9,0
SPY190719C298,2019-07-17,2019-07-17 09:33:34,2.19,0.9909,20,2.15,0.9728,100,2.3,1.0407,1,2.17,0.9819,9,0
SPY190719C298,2019-07-17,2019-07-17 09:33:35,2.19,0.9909,20,2.15,0.9728,106,2.3,1.0407,1,2.17,0.9819,9,0
SPY190719C298,2019-07-17,2019-07-17 09:33:36,2.19,0.9909,10,2.15,0.9728,106,2.3,1.0407,1,2.17,0.9819,9,0
SPY190719C298,2019-07-17,2019-07-17 09:33:36,2.2,0.9954,1,2.16,0.9773,13,2.3,1.0407,1,2.18,0.9864,9,0
SPY190719C298,2019-07-17,2019-07-17 09:33:37,2.19,0.9909,10,2.16,0.9773,13,2.3,1.0407,1,2.175,0.9841,9,0
SPY190719C298,2019-07-17,2019-07-17 09:33:37,2.19,0.9909,10,2.16,0.9773,8,2.3,1.0407,1,2.175,0.9841,9,0
SPY190719C298,2019-07-17,2019-07-17 09:33:38,2.19,0.9909,10,2.16,0.9773,8,2.3,1.0407,1,2.175,0.9841,9,0
SPY190719C298,2019-07-17,2019-07-17 09:33:39,2.19,0.9909,20,2.16,0.9773,10,2.3,1.0407,1,2.175,0.9841,9,0
SPY190719C298,2019-07-17,2019-07-17 09:33:39,2.19,0.9909,20,2.17,0.9819,8,2.3,1.0407,1,2.18,0.9864,9,0
SPY190719C298,2019-07-17,2019-07-17 09:33:40,2.19,0.9909,10,2.16,0.9773,9,2.3,1.0407,1,2.175,0.9841,9,0
SPY190719C298,2019-07-17,2019-07-17 09:33:41,2.19,0.9909,10,2.17,0.9819,7,2.3,1.0407,1,2.18,0.9864,9,0
SPY190719C298,2019-07-17,2019-07-17 09:33:41,2.19,0.9909,2,2.16,0.9773,8,2.3,1.0407,1,2.175,0.9841,9,0
SPY190719C298,2019-07-17,2019-07-17 09:33:42,2.18,0.9864,20,2.14,0.9683,163,2.3,1.0407,1,2.16,0.9773,9,0
SPY190719C298,2019-07-17,2019-07-17 09:33:43,2.17,0.9819,11,2.15,0.9728,7,2.3,1.0407,1,2.16,0.9773,9,0
SPY190719C298,2019-07-17,2019-07-17 09:33:43,2.19,0.9909,8,2.15,0.9728,8,2.3,1.0407,1,2.17,0.9819,9,0
SPY190719C298,2019-07-17,2019-07-17 09:33:44,2.19,0.9909,8,2.16,0.9773,7,2.3,1.0407,1,2.175,0.9841,9,0
SPY190719C298,2019-07-17,2019-07-17 09:33:45,2.18,0.9864,77,2.15,0.9728,3,2.3,1.0407,1,2.165,0.9796,9,0
SPY190719C298,2019-07-17,2019-07-17 09:33:45,2.18,0.9864,5,2.15,0.9728,7,2.3,1.0407,1,2.165,0.9796,9,0
SPY190719C298,2019-07-17,2019-07-17 09:33:46,2.17,0.9819,20,2.15,0.9728,1,2.3,1.0407,1,2.16,0.9773,9,0
SPY190719C298,2019-07-17,2019-07-17 09:33:47,2.17,0.9819,1,2.14,0.9683,1,2.3,1.0407,1,2.155,0.9751,9,0
SPY190719C298,2019-07-17,2019-07-17 09:33:47,2.18,0.9864,10,2.15,0.9728,2,2.3,1.0407,1,2.165,0.9796,9,0
SPY190719C298,2019-07-17,2019-07-17 09:33:48,2.17,0.9819,1,2.15,0.9728,7,2.3,1.0407,1,2.16,0.9773,9,0
SPY190719C298,2019-07-17,2019-07-17 09:33:48,2.17,0.9819,1,2.14,0.9683,1,2.3,1.0407,1,2.155,0.9751,9,0
SPY190719C298,2019-07-17,2019-07-17 09:33:49,2.17,0.9819,20,2.14,0.9683,9,2.3,1.0407,1,2.155,0.9751,9,0
SPY190719C298,2019-07-17,2019-07-17 09:33:49,2.17,0.9819,1,2.14,0.9683,12,2.3,1.0407,1,2.155,0.9751,9,0
SPY190719C298,2019-07-17,2019-07-17 09:33:50,2.19,0.9909,68,2.15,0.9728,1,2.3,1.0407,1,2.17,0.9819,9,0
SPY190719C298,2019-07-17,2019-07-17 09:33:50,2.19,0.9909,20,2.15,0.9728,111,2.3,1.0407,1,2.17,0.9819,9,0
SPY190719C298,2019-07-17,2019-07-17 09:33:51,2.19,0.9909,20,2.16,0.9773,8,2.3,1.0407,1,2.175,0.9841,9,0
SPY190719C298,2019-07-17,2019-07-17 09:33:52,2.21,1.0,73,2.17,0.9819,141,2.3,1.0407,1,2.19,0.9909,9,0
SPY190719C298,2019-07-17,2019-07-17 09:33:52,2.19,0.9909,20,2.16,0.9773,13,2.3,1.0407,1,2.175,0.9841,9,0
SPY190719C298,2019-07-17,2019-07-17 09:33:53,2.2,0.9954,8,2.17,0.9819,7,2.3,1.0407,1,2.185,0.9886,9,0
SPY190719C298,2019-07-17,2019-07-17 09:33:53,2.2,0.9954,172,2.17,0.9819,7,2.3,1.0407,1,2.185,0.9886,9,0
SPY190719C298,2019-07-17,2019-07-17 09:33:54,2.19,0.9909,10,2.17,0.9819,11,2.3,1.0407,1,2.18,0.9864,9,0
SPY190719C298,2019-07-17,2019-07-17 09:33:55,2.19,0.9909,34,2.15,0.9728,52,2.3,1.0407,1,2.17,0.9819,9,0
SPY190719C298,2019-07-17,2019-07-17 09:33:55,2.19,0.9909,34,2.14,0.9683,10,2.3,1.0407,1,2.165,0.9796,9,0
SPY190719C298,2019-07-17,2019-07-17 09:33:56,2.18,0.9864,7,2.15,0.9728,8,2.3,1.0407,1,2.165,0.9796,9,0
SPY190719C298,2019-07-17,2019-07-17 09:33:56,2.17,0.9819,10,2.15,0.9728,7,2.3,1.0407,1,2.16,0.9773,9,0
SPY190719C298,2019-07-17,2019-07-17 09:33:57,2.18,0.9864,73,2.16,0.9773,7,2.3,1.0407,1,2.17,0.9819,9,0
SPY190719C298,2019-07-17,2019-07-17 09:33:58,2.19,0.9909,33,2.16,0.9773,8,2.3,1.0407,1,2.175,0.9841,9,0
SPY190719C298,2019-07-17,2019-07-17 09:33:58,2.19,0.9909,29,2.16,0.9773,11,2.3,1.0407,1,2.175,0.9841,9,0
SPY190719C298,2019-07-17,2019-07-17 09:33:59,2.19,0.9909,20,2.16,0.9773,30,2.3,1.0407,1,2.175,0.9841,9,0
SPY190719C298,2019-07-17,2019-07-17 09:33:59,2.2,0.9954,60,2.16,0.9773,27,2.3,1.0407,1,2.18,0.9864,9,0
SPY190719C298,2019-07-17,2019-07-17 09:34:00,2.19,0.9909,10,2.16,0.9773,7,2.3,1.0407,1,2.175,0.9841,9,0
SPY190719C298,2019-07-17,2019-07-17 09:34:01,2.19,0.9909,44,2.16,0.9773,8,2.3,1.0407,1,2.175,0.9841,9,0
SPY190719C298,2019-07-17,2019-07-17 09:34:01,2.19,0.9909,43,2.16,0.9773,11,2.3,1.0407,1,2.175,0.9841,9,0
SPY190719C298,2019-07-17,2019-07-17 09:34:02,2.19,0.9909,20,2.16,0.9773,12,2.3,1.0407,1,2.175,0.9841,9,0
SPY190719C298,2019-07-17,2019-07-17 09:34:03,2.19,0.9909,56,2.16,0.9773,16,2.3,1.0407,1,2.175,0.9841,9,0
SPY190719C298,2019-07-17,2019-07-17 09:34:03,2.19,0.9909,20,2.16,0.9773,16,2.3,1.0407,1,2.175,0.9841,9,0
SPY190719C298,2019-07-17,2019-07-17 09:34:04,2.19,0.9909,45,2.16,0.9773,16,2.3,1.0407,1,2.175,0.9841,9,0
SPY190719C298,2019-07-17,2019-07-17 09:34:04,2.19,0.9909,55,2.16,0.9773,16,2.3,1.0407,1,2.175,0.9841,9,0
SPY190719C298,2019-07-17,2019-07-17 09:34:05,2.19,0.9909,67,2.16,0.9773,16,2.3,1.0407,1,2.175,0.9841,9,0
SPY190719C298,2019-07-17,2019-07-17 09:34:06,2.19,0.9909,67,2.16,0.9773,16,2.3,1.0407,1,2.175,0.9841,9,0
SPY190719C298,2019-07-17,2019-07-17 09:34:06,2.19,0.9909,33,2.16,0.9773,7,2.3,1.0407,1,2.175,0.9841,9,0
SPY190719C298,2019-07-17,2019-07-17 09:34:07,2.19,0.9909,73,2.16,0.9773,10,2.3,1.0407,1,2.175,0.9841,9,0
SPY190719C298,2019-07-17,2019-07-17 09:34:07,2.19,0.9909,33,2.16,0.9773,8,2.3,1.0407,1,2.175,0.9841,9,0
SPY190719C298,2019-07-17,2019-07-17 09:34:08,2.19,0.9909,73,2.16,0.9773,17,2.3,1.0407,1,2.175,0.9841,9,0
SPY190719C298,2019-07-17,2019-07-17 09:34:09,2.19,0.9909,84,2.15,0.9728,95,2.3,1.0407,1,2.17,0.9819,9,0
SPY190719C298,2019-07-17,2019-07-17 09:34:09,2.19,0.9909,73,2.16,0.9773,17,2.3,1.0407,1,2.175,0.9841,9,0
SPY190719C298,2019-07-17,2019-07-17 09:34:10,2.2,0.9954,179,2.16,0.9773,7,2.3,1.0407,1,2.18,0.9864,9,0
SPY190719C298,2019-07-17,2019-07-17 09:34:12,2.19,0.9909,8,2.16,0.9773,10,2.3,1.0407,1,2.175,0.9841,9,0
SPY190719C298,2019-07-17,2019-07-17 09:34:14,2.21,1.0,84,2.18,0.9864,20,2.3,1.0407,1,2.195,0.9932,9,0
SPY190719C298,2019-07-17,2019-07-17 09:34:15,2.22,1.0045,8,2.19,0.9909,8,2.3,1.0407,1,2.205,0.9977,9,0
SPY190719C298,2019-07-17,2019-07-17 09:34:16,2.21,1.0,20,2.18,0.9864,46,2.3,1.0407,1,2.195,0.9932,9,0
SPY190719C298,2019-07-17,2019-07-17 09:34:16,2.21,1.0,10,2.18,0.9864,59,2.3,1.0407,1,2.195,0.9932,9,0
SPY190719C298,2019-07-17,2019-07-17 09:34:17,2.22,1.0045,20,2.19,0.9909,7,2.3,1.0407,1,2.205,0.9977,9,0
SPY190719C298,2019-07-17,2019-07-17 09:34:18,2.21,1.0,72,2.17,0.9819,68,2.3,1.0407,1,2.19,0.9909,9,0
SPY190719C298,2019-07-17,2019-07-17 09:34:19,2.2,0.9954,10,2.18,0.9864,8,2.3,1.0407,1,2.19,0.9909,9,0
SPY190719C298,2019-07-17,2019-07-17 09:34:20,2.21,1.0,35,2.18,0.9864,10,2.3,1.0407,1,2.195,0.9932,9,0
SPY190719C298,2019-07-17,2019-07-17 09:34:21,2.21,1.0,10,2.18,0.9864,10,2.3,1.0407,1,2.195,0.9932,9,0
SPY190719C298,2019-07-17,2019-07-17 09:34:21,2.23,1.009,28,2.19,0.9909,110,2.3,1.0407,1,2.21,1.0,9,0
SPY190719C298,2019-07-17,2019-07-17 09:34:22,2.23,1.009,7,2.2,0.9954,7,2.3,1.0407,1,2.215,1.0022,9,0
SPY190719C298,2019-07-17,2019-07-17 09:34:23,2.24,1.0135,10,2.22,1.0045,7,2.3,1.0407,1,2.23,1.009,9,0
SPY190719C298,2019-07-17,2019-07-17 09:34:23,2.24,1.0135,7,2.22,1.0045,7,2.3,1.0407,1,2.23,1.009,9,0
SPY190719C298,2019-07-17,2019-07-17 09:34:24,2.24,1.0135,10,2.21,1.0,51,2.3,1.0407,1,2.225,1.0067,9,0
SPY190719C298,2019-07-17,2019-07-17 09:34:28,2.26,1.0226,10,2.23,1.009,8,2.3,1.0407,1,2.245,1.0158,9,0
SPY190719C298,2019-07-17,2019-07-17 09:34:29,2.26,1.0226,10,2.23,1.009,8,2.3,1.0407,1,2.245,1.0158,9,0
SPY190719C298,2019-07-17,2019-07-17 09:34:30,2.26,1.0226,7,2.23,1.009,8,2.3,1.0407,1,2.245,1.0158,9,0
SPY190719C298,2019-07-17,2019-07-17 09:34:31,2.26,1.0226,10,2.23,1.009,15,2.3,1.0407,1,2.245,1.0158,9,0
SPY190719C298,2019-07-17,2019-07-17 09:34:31,2.26,1.0226,52,2.23,1.009,8,2.3,1.0407,1,2.245,1.0158,9,0
SPY190719C298,2019-07-17,2019-07-17 09:34:32,2.26,1.0226,10,2.24,1.0135,7,2.3,1.0407,1,2.25,1.018,9,0
SPY190719C298,2019-07-17,2019-07-17 09:34:32,2.26,1.0226,3,2.24,1.0135,7,2.3,1.0407,1,2.25,1.018,9,0
SPY190719C298,2019-07-17,2019-07-17 09:34:33,2.26,1.0226,10,2.24,1.0135,7,2.3,1.0407,1,2.25,1.018,9,0
SPY190719C298,2019-07-17,2019-07-17 09:34:34,2.27,1.0271,27,2.24,1.0135,7,2.3,1.0407,1,2.255,1.0203,9,0
SPY190719C298,2019-07-17,2019-07-17 09:34:34,2.27,1.0271,37,2.24,1.0135,11,2.3,1.0407,1,2.255,1.0203,9,0
SPY190719C298,2019-07-17,2019-07-17 09:34:35,2.27,1.0271,37,2.24,1.0135,11,2.3,1.0407,1,2.255,1.0203,9,0
SPY190719C298,2019-07-17,2019-07-17 09:34:35,2.28,1.0316,1,2.25,1.018,10,2.3,1.0407,1,2.265,1.0248,9,0
SPY190719C298,2019-07-17,2019-07-17 09:34:36,2.28,1.0316,10,2.26,1.0226,7,2.3,1.0407,1,2.27,1.0271,9,0
SPY190719C298,2019-07-17,2019-07-17 09:34:36,2.28,1.0316,10,2.26,1.0226,11,2.3,1.0407,1,2.27,1.0271,9,0
SPY190719C298,2019-07-17,2019-07-17 09:34:37,2.28,1.0316,10,2.26,1.0226,1,2.3,1.0407,1,2.27,1.0271,9,0
SPY190719C298,2019-07-17,2019-07-17 09:34:37,2.28,1.0316,10,2.26,1.0226,7,2.3,1.0407,1,2.27,1.0271,9,0
SPY190719C298,2019-07-17,2019-07-17 09:34:38,2.28,1.0316,10,2.26,1.0226,11,2.3,1.0407,1,2.27,1.0271,9,0
SPY190719C298,2019-07-17,2019-07-17 09:34:39,2.28,1.0316,10,2.25,1.018,12,2.3,1.0407,1,2.265,1.0248,9,0
SPY190719C298,2019-07-17,2019-07-17 09:34:39,2.28,1.0316,10,2.25,1.018,10,2.3,1.0407,1,2.265,1.0248,9,0
SPY190719C298,2019-07-17,2019-07-17 09:34:40,2.28,1.0316,10,2.26,1.0226,7,2.3,1.0407,1,2.27,1.0271,9,0
SPY190719C298,2019-07-17,2019-07-17 09:34:40,2.28,1.0316,10,2.26,1.0226,11,2.3,1.0407,1,2.27,1.0271,9,0
SPY190719C298,2019-07-17,2019-07-17 09:34:51,2.3,1.0407,20,2.27,1.0271,43,2.3,1.0407,1,2.285,1.0339,9,0
SPY190719C298,2019-07-17,2019-07-17 09:34:55,2.31,1.0452,10,2.29,1.0361,1,2.3,1.0407,1,2.3,1.0407,9,0
SPY190719C298,2019-07-17,2019-07-17 09:34:56,2.3,1.0407,8,2.27,1.0271,10,2.3,1.0407,1,2.285,1.0339,9,0
SPY190719C298,2019-07-17,2019-07-17 09:34:56,2.31,1.0452,10,2.28,1.0316,66,2.3,1.0407,1,2.295,1.0384,9,0
SPY190719C298,2019-07-17,2019-07-17 09:34:57,2.3,1.0407,10,2.28,1.0316,1,2.3,1.0407,1,2.29,1.0361,9,0
SPY190719C298,2019-07-17,2019-07-17 09:34:58,2.3,1.0407,7,2.28,1.0316,2,2.3,1.0407,1,2.29,1.0361,9,0
SPY190719C298,2019-07-17,2019-07-17 09:34:58,2.3,1.0407,10,2.28,1.0316,1,2.3,1.0407,1,2.29,1.0361,9,0
SPY190719C298,2019-07-17,2019-07-17 09:34:59,2.32,1.0497,20,2.29,1.0361,10,2.3,1.0407,1,2.305,1.0429,9,0
SPY190719C298,2019-07-17,2019-07-17 09:35:00,2.32,1.0497,20,2.29,1.0361,10,2.3,1.0407,1,2.305,1.0429,9,0
SPY190719C298,2019-07-17,2019-07-17 09:35:01,2.34,1.0588,6,2.31,1.0452,10,2.3,1.0407,1,2.325,1.052,9,0
SPY190719C298,2019-07-17,2019-07-17 09:35:01,2.34,1.0588,8,2.31,1.0452,10,2.3,1.0407,1,2.325,1.052,9,0
SPY190719C298,2019-07-17,2019-07-17 09:35:02,2.34,1.0588,8,2.31,1.0452,10,2.3,1.0407,1,2.325,1.052,9,0
SPY190719C298,2019-07-17,2019-07-17 09:35:02,2.34,1.0588,10,2.31,1.0452,10,2.3,1.0407,1,2.325,1.052,9,0
SPY190719C298,2019-07-17,2019-07-17 09:35:03,2.34,1.0588,10,2.31,1.0452,10,2.3,1.0407,1,2.325,1.052,9,0
SPY190719C298,2019-07-17,2019-07-17 09:35:03,2.33,1.0542,165,2.29,1.0361,8,2.3,1.0407,1,2.31,1.0452,9,0
SPY190719C298,2019-07-17,2019-07-17 09:35:04,2.32,1.0497,16,2.29,1.0361,8,2.3,1.0407,1,2.305,1.0429,9,0
SPY190719C298,2019-07-17,2019-07-17 09:35:04,2.32,1.0497,16,2.29,1.0361,18,2.3,1.0407,1,2.305,1.0429,9,0
SPY190719C298,2019-07-17,2019-07-17 09:35:05,2.32,1.0497,10,2.29,1.0361,10,2.3,1.0407,1,2.305,1.0429,9,0
SPY190719C298,2019-07-17,2019-07-17 09:35:06,2.34,1.0588,7,2.3,1.0407,170,2.3,1.0407,1,2.32,1.0497,9,0
SPY190719C298,2019-07-17,2019-07-17 09:35:06,2.33,1.0542,8,2.3,1.0407,170,2.3,1.0407,1,2.315,1.0475,9,0
SPY190719C298,2019-07-17,2019-07-17 09:35:07,2.35,1.0633,67,2.33,1.0542,6,2.3,1.0407,1,2.34,1.0588,9,0
SPY190719C298,2019-07-17,2019-07-17 09:35:07,2.35,1.0633,67,2.3,1.0407,170,2.3,1.0407,1,2.325,1.052,9,0
SPY190719C298,2019-07-17,2019-07-17 09:35:08,2.36,1.0678,66,2.33,1.0542,1,2.3,1.0407,1,2.345,1.061,9,0
SPY190719C298,2019-07-17,2019-07-17 09:35:09,2.36,1.0678,32,2.33,1.0542,13,2.3,1.0407,1,2.345,1.061,9,0
SPY190719C298,2019-07-17,2019-07-17 09:35:10,2.36,1.0678,32,2.33,1.0542,9,2.3,1.0407,1,2.345,1.061,9,0
SPY190719C298,2019-07-17,2019-07-17 09:35:10,2.37,1.0723,20,2.33,1.0542,101,2.3,1.0407,1,2.35,1.0633,9,0
SPY190719C298,2019-07-17,2019-07-17 09:35:11,2.37,1.0723,7,2.35,1.0633,11,2.3,1.0407,1,2.36,1.0678,9,0
SPY190719C298,2019-07-17,2019-07-17 09:35:11,2.38,1.0769,83,2.34,1.0588,7,2.3,1.0407,1,2.36,1.0678,9,0
SPY190719C298,2019-07-17,2019-07-17 09:35:12,2.37,1.0723,7,2.35,1.0633,1,2.3,1.0407,1,2.36,1.0678,9,0
SPY190719C298,2019-07-17,2019-07-17 09:35:13,2.38,1.0769,92,2.35,1.0633,7,2.3,1.0407,1,2.365,1.0701,9,0
SPY190719C298,2019-07-17,2019-07-17 09:35:13,2.37,1.0723,7,2.35,1.0633,7,2.3,1.0407,1,2.36,1.0678,9,0
SPY190719C298,2019-07-17,2019-07-17 09:35:14,2.37,1.0723,8,2.33,1.0542,100,2.3,1.0407,1,2.35,1.0633,9,0
SPY190719C298,2019-07-17,2019-07-17 09:35:14,2.37,1.0723,11,2.35,1.0633,4,2.3,1.0407,1,2.36,1.0678,9,0
SPY190719C298,2019-07-17,2019-07-17 09:35:15,2.37,1.0723,180,2.33,1.0542,101,2.3,1.0407,1,2.35,1.0633,9,0
SPY190719C298,2019-07-17,2019-07-17 09:35:15,2.37,1.0723,110,2.33,1.0542,101,2.3,1.0407,1,2.35,1.0633,9,0
SPY190719C298,2019-07-17,2019-07-17 09:35:16,2.36,1.0678,8,2.33,1.0542,7,2.3,1.0407,1,2.345,1.061,9,0
SPY190719C298,2019-07-17,2019-07-17 09:35:17,2.35,1.0633,171,2.31,1.0452,10,2.3,1.0407,1,2.33,1.0542,9,0
SPY190719C298,2019-07-17,2019-07-17 09:35:17,2.36,1.0678,45,2.33,1.0542,1,2.3,1.0407,1,2.345,1.061,9,0
SPY190719C298,2019-07-17,2019-07-17 09:35:18,2.34,1.0588,165,2.3,1.0407,6,2.3,1.0407,1,2.32,1.0497,9,0
SPY190719C298,2019-07-17,2019-07-17 09:35:18,2.34,1.0588,53,2.31,1.0452,12,2.3,1.0407,1,2.325,1.052,9,0
SPY190719C298,2019-07-17,2019-07-17 09:35:19,2.33,1.0542,7,2.3,1.0407,106,2.3,1.0407,1,2.315,1.0475,9,0
SPY190719C298,2019-07-17,2019-07-17 09:35:20,2.34,1.0588,7,2.31,1.0452,44,2.3,1.0407,1,2.325,1.052,9,0
SPY190719C298,2019-07-17,2019-07-17 09:35:21,2.33,1.0542,7,2.31,1.0452,8,2.3,1.0407,1,2.32,1.0497,9,0
SPY190719C298,2019-07-17,2019-07-17 09:35:21,2.34,1.0588,51,2.31,1.0452,44,2.3,1.0407,1,2.325,1.052,9,0
SPY190719C298,2019-07-17,2019-07-17 09:35:22,2.34,1.0588,10,2.31,1.0452,8,2.3,1.0407,1,2.325,1.052,9,0
SPY190719C298,2019-07-17,2019-07-17 09:35:23,2.34,1.0588,49,2.31,1.0452,11,2.3,1.0407,1,2.325,1.052,9,0
SPY190719C298,2019-07-17,2019-07-17 09:35:23,2.34,1.0588,10,2.31,1.0452,9,2.3,1.0407,1,2.325,1.052,9,0
SPY190719C298,2019-07-17,2019-07-17 09:35:24,2.34,1.0588,12,2.31,1.0452,12,2.3,1.0407,1,2.325,1.052,9,0
SPY190719C298,2019-07-17,2019-07-17 09:35:24,2.34,1.0588,18,2.31,1.0452,12,2.3,1.0407,1,2.325,1.052,9,0
SPY190719C298,2019-07-17,2019-07-17 09:35:25,2.34,1.0588,12,2.31,1.0452,12,2.3,1.0407,1,2.325,1.052,9,0
SPY190719C298,2019-07-17,2019-07-17 09:35:25,2.34,1.0588,10,2.32,1.0497,7,2.3,1.0407,1,2.33,1.0542,9,0
SPY190719C298,2019-07-17,2019-07-17 09:35:26,2.34,1.0588,10,2.31,1.0452,10,2.3,1.0407,1,2.325,1.052,9,0
SPY190719C298,2019-07-17,2019-07-17 09:35:27,2.34,1.0588,20,2.31,1.0452,10,2.3,1.0407,1,2.325,1.052,9,0
SPY190719C298,2019-07-17,2019-07-17 09:35:28,2.34,1.0588,20,2.31,1.0452,10,2.3,1.0407,1,2.325,1.052,9,0
SPY190719C298,2019-07-17,2019-07-17 09:35:29,2.34,1.0588,20,2.31,1.0452,10,2.3,1.0407,1,2.325,1.052,9,0
SPY190719C298,2019-07-17,2019-07-17 09:35:30,2.34,1.0588,20,2.31,1.0452,10,2.3,1.0407,1,2.325,1.052,9,0
SPY190719C298,2019-07-17,2019-07-17 09:35:30,2.34,1.0588,10,2.31,1.0452,10,2.3,1.0407,1,2.325,1.052,9,0
SPY190719C298,2019-07-17,2019-07-17 09:35:31,2.34,1.0588,20,2.31,1.0452,41,2.3,1.0407,1,2.325,1.052,9,0
SPY190719C298,2019-07-17,2019-07-17 09:35:32,2.34,1.0588,20,2.31,1.0452,41,2.3,1.0407,1,2.325,1.052,9,0
SPY190719C298,2019-07-17,2019-07-17 09:35:33,2.33,1.0542,8,2.3,1.0407,171,2.3,1.0407,1,2.315,1.0475,9,0
SPY190719C298,2019-07-17,2019-07-17 09:35:33,2.33,1.0542,10,2.3,1.0407,1,2.3,1.0407,1,2.315,1.0475,9,0
SPY190719C298,2019-07-17,2019-07-17 09:35:34,2.33,1.0542,10,2.3,1.0407,8,2.3,1.0407,1,2.315,1.0475,9,0
SPY190719C298,2019-07-17,2019-07-17 09:35:35,2.32,1.0497,7,2.3,1.0407,1,2.3,1.0407,1,2.31,1.0452,9,0
SPY190719C298,2019-07-17,2019-07-17 09:35:35,2.32,1.0497,11,2.28,1.0316,53,2.3,1.0407,1,2.3,1.0407,9,0
SPY190719C298,2019-07-17,2019-07-17 09:35:36,2.31,1.0452,11,2.27,1.0271,94,2.3,1.0407,1,2.29,1.0361,9,0
SPY190719C298,2019-07-17,2019-07-17 09:35:36,2.31,1.0452,12,2.28,1.0316,10,2.3,1.0407,1,2.295,1.0384,9,0
SPY190719C298,2019-07-17,2019-07-17 09:35:37,2.32,1.0497,10,2.29,1.0361,101,2.3,1.0407,1,2.305,1.0429,9,0
SPY190719C298,2019-07-17,2019-07-17 09:35:37,2.32,1.0497,20,2.29,1.0361,10,2.3,1.0407,1,2.305,1.0429,9,0
SPY190719C298,2019-07-17,2019-07-17 09:35:38,2.32,1.0497,20,2.29,1.0361,10,2.3,1.0407,1,2.305,1.0429,9,0
SPY190719C298,2019-07-17,2019-07-17 09:35:39,2.32,1.0497,20,2.29,1.0361,10,2.3,1.0407,1,2.305,1.0429,9,0
SPY190719C298,2019-07-17,2019-07-17 09:35:40,2.34,1.0588,166,2.3,1.0407,149,2.3,1.0407,1,2.32,1.0497,9,0
SPY190719C298,2019-07-17,2019-07-17 09:35:40,2.33,1.0542,172,2.29,1.0361,10,2.3,1.0407,1,2.31,1.0452,9,0
SPY190719C298,2019-07-17,2019-07-17 09:35:41,2.34,1.0588,20,2.3,1.0407,149,2.3,1.0407,1,2.32,1.0497,9,0
SPY190719C298,2019-07-17,2019-07-17 09:35:41,2.34,1.0588,18,2.31,1.0452,9,2.3,1.0407,1,2.325,1.052,9,0
SPY190719C298,2019-07-17,2019-07-17 09:35:42,2.34,1.0588,18,2.31,1.0452,9,2.3,1.0407,1,2.325,1.052,9,0
SPY190719C298,2019-07-17,2019-07-17 09:35:43,2.32,1.0497,10,2.29,1.0361,101,2.3,1.0407,1,2.305,1.0429,9,0
SPY190719C298,2019-07-17,2019-07-17 09:35:43,2.34,1.0588,8,2.31,1.0452,7,2.3,1.0407,1,2.325,1.052,9,0
SPY190719C298,2019-07-17,2019-07-17 09:35:44,2.32,1.0497,51,2.29,1.0361,11,2.3,1.0407,1,2.305,1.0429,9,0
SPY190719C298,2019-07-17,2019-07-17 09:35:44,2.32,1.0497,8,2.29,1.0361,10,2.3,1.0407,1,2.305,1.0429,9,0
SPY190719C298,2019-07-17,2019-07-17 09:35:45,2.3,1.0407,12,2.27,1.0271,32,2.3,1.0407,1,2.285,1.0339,9,0
SPY190719C298,2019-07-17,2019-07-17 09:35:45,2.31,1.0452,10,2.27,1.0271,71,2.3,1.0407,1,2.29,1.0361,9,0
SPY190719C298,2019-07-17,2019-07-17 09:35:46,2.3,1.0407,12,2.27,1.0271,41,2.3,1.0407,1,2.285,1.0339,9,0
SPY190719C298,2019-07-17,2019-07-17 09:35:47,2.31,1.0452,101,2.27,1.0271,41,2.3,1.0407,1,2.29,1.0361,9,0
SPY190719C298,2019-07-17,2019-07-17 09:35:48,2.3,1.0407,7,2.28,1.0316,7,2.3,1.0407,1,2.29,1.0361,9,0
SPY190719C298,2019-07-17,2019-07-17 09:35:48,2.3,1.0407,1,2.28,1.0316,7,2.3,1.0407,1,2.29,1.0361,9,0
SPY190719C298,2019-07-17,2019-07-17 09:35:49,2.3,1.0407,10,2.27,1.0271,37,2.3,1.0407,1,2.285,1.0339,9,0
SPY190719C298,2019-07-17,2019-07-17 09:35:49,2.3,1.0407,10,2.28,1.0316,10,2.3,1.0407,1,2.29,1.0361,9,0
SPY190719C298,2019-07-17,2019-07-17 09:35:50,2.29,1.0361,7,2.27,1.0271,10,2.3,1.0407,1,2.28,1.0316,9,0
SPY190719C298,2019-07-17,2019-07-17 09:35:50,2.29,1.0361,12,2.26,1.0226,12,2.3,1.0407,1,2.275,1.0294,9,0
SPY190719C298,2019-07-17,2019-07-17 09:35:51,2.29,1.0361,12,2.26,1.0226,13,2.3,1.0407,1,2.275,1.0294,9,0
SPY190719C298,2019-07-17,2019-07-17 09:35:52,2.29,1.0361,9,2.27,1.0271,7,2.3,1.0407,1,2.28,1.0316,9,0
SPY190719C298,2019-07-17,2019-07-17 09:35:52,2.29,1.0361,9,2.26,1.0226,13,2.3,1.0407,1,2.275,1.0294,9,0
SPY190719C298,2019-07-17,2019-07-17 09:35:53,2.29,1.0361,10,2.26,1.0226,9,2.3,1.0407,1,2.275,1.0294,9,0
SPY190719C298,2019-07-17,2019-07-17 09:35:53,2.29,1.0361,49,2.26,1.0226,13,2.3,1.0407,1,2.275,1.0294,9,0
SPY190719C298,2019-07-17,2019-07-17 09:35:54,2.29,1.0361,63,2.26,1.0226,9,2.3,1.0407,1,2.275,1.0294,9,0
SPY190719C298,2019-07-17,2019-07-17 09:35:54,2.29,1.0361,7,2.26,1.0226,11,2.3,1.0407,1,2.275,1.0294,9,0
SPY190719C298,2019-07-17,2019-07-17 09:35:55,2.3,1.0407,111,2.26,1.0226,11,2.3,1.0407,1,2.28,1.0316,9,0
SPY190719C298,2019-07-17,2019-07-17 09:35:56,2.29,1.0361,8,2.26,1.0226,8,2.3,1.0407,1,2.275,1.0294,9,0
SPY190719C298,2019-07-17,2019-07-17 09:35:56,2.28,1.0316,7,2.26,1.0226,6,2.3,1.0407,1,2.27,1.0271,9,0
SPY190719C298,2019-07-17,2019-07-17 09:35:57,2.26,1.0226,6,2.23,1.009,87,2.3,1.0407,1,2.245,1.0158,9,0
SPY190719C298,2019-07-17,2019-07-17 09:35:57,2.27,1.0271,142,2.23,1.009,66,2.3,1.0407,1,2.25,1.018,9,0
SPY190719C298,2019-07-17,2019-07-17 09:35:58,2.25,1.018,10,2.21,1.0,167,2.3,1.0407,1,2.23,1.009,9,0
SPY190719C298,2019-07-17,2019-07-17 09:35:58,2.24,1.0135,8,2.21,1.0,65,2.3,1.0407,1,2.225,1.0067,9,0
SPY190719C298,2019-07-17,2019-07-17 09:35:59,2.23,1.009,8,2.2,0.9954,8,2.3,1.0407,1,2.215,1.0022,9,0
SPY190719C298,2019-07-17,2019-07-17 09:36:00,2.23,1.009,8,2.2,0.9954,101,2.3,1.0407,1,2.215,1.0022,9,0
SPY190719C298,2019-07-17,2019-07-17 09:36:00,2.23,1.009,8,2.2,0.9954,13,2.3,1.0407,1,2.215,1.0022,9,0
SPY190719C298,2019-07-17,2019-07-17 09:36:01,2.23,1.009,8,2.18,0.9864,29,2.3,1.0407,1,2.205,0.9977,9,0
SPY190719C298,2019-07-17,2019-07-17 09:36:02,2.21,1.0,12,2.17,0.9819,10,2.3,1.0407,1,2.19,0.9909,9,0
SPY190719C298,2019-07-17,2019-07-17 09:36:02,2.21,1.0,12,2.18,0.9864,8,2.3,1.0407,1,2.195,0.9932,9,0
SPY190719C298,2019-07-17,2019-07-17 09:36:03,2.2,0.9954,6,2.17,0.9819,39,2.3,1.0407,1,2.185,0.9886,9,0
SPY190719C298,2019-07-17,2019-07-17 09:36:03,2.19,0.9909,8,2.16,0.9773,14,2.3,1.0407,1,2.175,0.9841,9,0
SPY190719C298,2019-07-17,2019-07-17 09:36:04,2.19,0.9909,20,2.16,0.9773,10,2.3,1.0407,1,2.175,0.9841,9,0
SPY190719C298,2019-07-17,2019-07-17 09:36:04,2.19,0.9909,8,2.16,0.9773,9,2.3,1.0407,1,2.175,0.9841,9,0
SPY190719C298,2019-07-17,2019-07-17 09:36:05,2.18,0.9864,106,2.14,0.9683,155,2.3,1.0407,1,2.16,0.9773,9,0
SPY190719C298,2019-07-17,2019-07-17 09:36:05,2.19,0.9909,20,2.16,0.9773,1,2.3,1.0407,1,2.175,0.9841,9,0
SPY190719C298,2019-07-17,2019-07-17 09:36:06,2.17,0.9819,20,2.14,0.9683,126,2.3,1.0407,1,2.155,0.9751,9,0
SPY190719C298,2019-07-17,2019-07-17 09:36:07,2.17,0.9819,11,2.14,0.9683,11,2.3,1.0407,1,2.155,0.9751,9,0
SPY190719C298,2019-07-17,2019-07-17 09:36:07,2.17,0.9819,20,2.14,0.9683,101,2.3,1.0407,1,2.155,0.9751,9,0
SPY190719C298,2019-07-17,2019-07-17 09:36:08,2.15,0.9728,13,2.12,0.9592,18,2.3,1.0407,1,2.135,0.966,9,0
SPY190719C298,2019-07-17,2019-07-17 09:36:08,2.17,0.9819,100,2.13,0.9638,1,2.3,1.0407,1,2.15,0.9728,9,0
SPY190719C298,2019-07-17,2019-07-17 09:36:09,2.15,0.9728,8,2.12,0.9592,11,2.3,1.0407,1,2.135,0.966,9,0
SPY190719C298,2019-07-17,2019-07-17 09:36:09,2.16,0.9773,49,2.12,0.9592,46,2.3,1.0407,1,2.14,0.9683,9,0
SPY190719C298,2019-07-17,2019-07-17 09:36:10,2.15,0.9728,1,2.12,0.9592,6,2.3,1.0407,1,2.135,0.966,9,0
SPY190719C298,2019-07-17,2019-07-17 09:36:11,2.15,0.9728,1,2.13,0.9638,8,2.3,1.0407,1,2.14,0.9683,9,0
SPY190719C298,2019-07-17,2019-07-17 09:36:11,2.15,0.9728,10,2.12,0.9592,9,2.3,1.0407,1,2.135,0.966,9,0
SPY190719C298,2019-07-17,2019-07-17 09:36:12,2.15,0.9728,1,2.13,0.9638,11,2.3,1.0407,1,2.14,0.9683,9,0
SPY190719C298,2019-07-17,2019-07-17 09:36:12,2.15,0.9728,13,2.13,0.9638,10,2.3,1.0407,1,2.14,0.9683,9,0
SPY190719C298,2019-07-17,2019-07-17 09:36:13,2.16,0.9773,53,2.13,0.9638,12,2.3,1.0407,1,2.145,0.9705,9,0
SPY190719C298,2019-07-17,2019-07-17 09:36:13,2.15,0.9728,10,2.13,0.9638,11,2.3,1.0407,1,2.14,0.9683,9,0
SPY190719C298,2019-07-17,2019-07-17 09:36:14,2.16,0.9773,53,2.13,0.9638,8,2.3,1.0407,1,2.145,0.9705,9,0
SPY190719C298,2019-07-17,2019-07-17 09:36:15,2.16,0.9773,49,2.13,0.9638,8,2.3,1.0407,1,2.145,0.9705,9,0
SPY190719C298,2019-07-17,2019-07-17 09:36:15,2.16,0.9773,53,2.13,0.9638,6,2.3,1.0407,1,2.145,0.9705,9,0
SPY190719C298,2019-07-17,2019-07-17 09:36:16,2.17,0.9819,68,2.14,0.9683,1,2.3,1.0407,1,2.155,0.9751,9,0
SPY190719C298,2019-07-17,2019-07-17 09:36:16,2.17,0.9819,10,2.14,0.9683,10,2.3,1.0407,1,2.155,0.9751,9,0
SPY190719C298,2019-07-17,2019-07-17 09:36:17,2.17,0.9819,8,2.13,0.9638,8,2.3,1.0407,1,2.15,0.9728,9,0
SPY190719C298,2019-07-17,2019-07-17 09:36:17,2.17,0.9819,60,2.14,0.9683,14,2.3,1.0407,1,2.155,0.9751,9,0
SPY190719C298,2019-07-17,2019-07-17 09:36:18,2.17,0.9819,53,2.14,0.9683,10,2.3,1.0407,1,2.155,0.9751,9,0
SPY190719C298,2019-07-17,2019-07-17 09:36:18,2.2,0.9954,100,2.16,0.9773,7,2.3,1.0407,1,2.18,0.9864,9,0
SPY190719C298,2019-07-17,2019-07-17 09:36:19,2.2,0.9954,47,2.16,0.9773,12,2.3,1.0407,1,2.18,0.9864,9,0
SPY190719C298,2019-07-17,2019-07-17 09:36:19,2.2,0.9954,47,2.17,0.9819,8,2.3,1.0407,1,2.185,0.9886,9,0
SPY190719C298,2019-07-17,2019-07-17 09:36:20,2.2,0.9954,47,2.16,0.9773,12,2.3,1.0407,1,2.18,0.9864,9,0
SPY190719C298,2019-07-17,2019-07-17 09:36:21,2.19,0.9909,12,2.16,0.9773,16,2.3,1.0407,1,2.175,0.9841,9,0
SPY190719C298,2019-07-17,2019-07-17 09:36:21,2.19,0.9909,6,2.17,0.9819,8,2.3,1.0407,1,2.18,0.9864,9,0
SPY190719C298,2019-07-17,2019-07-17 09:36:22,2.19,0.9909,36,2.15,0.9728,10,2.3,1.0407,1,2.17,0.9819,9,0
SPY190719C298,2019-07-17,2019-07-17 09:36:22,2.19,0.9909,6,2.17,0.9819,8,2.3,1.0407,1,2.18,0.9864,9,0
SPY190719C298,2019-07-17,2019-07-17 09:36:23,2.18,0.9864,111,2.15,0.9728,10,2.3,1.0407,1,2.165,0.9796,9,0
SPY190719C298,2019-07-17,2019-07-17 09:36:23,2.18,0.9864,1,2.15,0.9728,134,2.3,1.0407,1,2.165,0.9796,9,0
SPY190719C298,2019-07-17,2019-07-17 09:36:24,2.18,0.9864,159,2.15,0.9728,16,2.3,1.0407,1,2.165,0.9796,9,0
SPY190719C298,2019-07-17,2019-07-17 09:36:25,2.18,0.9864,159,2.15,0.9728,10,2.3,1.0407,1,2.165,0.9796,9,0
SPY190719C298,2019-07-17,2019-07-17 09:36:25,2.16,0.9773,100,2.12,0.9592,100,2.3,1.0407,1,2.14,0.9683,9,0
SPY190719C298,2019-07-17,2019-07-17 09:36:26,2.15,0.9728,7,2.13,0.9638,11,2.3,1.0407,1,2.14,0.9683,9,0
SPY190719C298,2019-07-17,2019-07-17 09:36:26,2.16,0.9773,82,2.13,0.9638,8,2.3,1.0407,1,2.145,0.9705,9,0
SPY190719C298,2019-07-17,2019-07-17 09:36:27,2.15,0.9728,10,2.12,0.9592,6,2.3,1.0407,1,2.135,0.966,9,0
SPY190719C298,2019-07-17,2019-07-17 09:36:28,2.14,0.9683,30,2.11,0.9547,8,2.3,1.0407,1,2.125,0.9615,9,0
SPY190719C298,2019-07-17,2019-07-17 09:36:28,2.14,0.9683,60,2.12,0.9592,7,2.3,1.0407,1,2.13,0.9638,9,0
SPY190719C298,2019-07-17,2019-07-17 09:36:29,2.14,0.9683,89,2.12,0.9592,7,2.3,1.0407,1,2.13,0.9638,9,0
SPY190719C298,2019-07-17,2019-07-17 09:36:29,2.15,0.9728,16,2.12,0.9592,7,2.3,1.0407,1,2.135,0.966,9,0
SPY190719C298,2019-07-17,2019-07-17 09:36:30,2.15,0.9728,44,2.12,0.9592,33,2.3,1.0407,1,2.135,0.966,9,0
SPY190719C298,2019-07-17,2019-07-17 09:36:31,2.14,0.9683,74,2.11,0.9547,8,2.3,1.0407,1,2.125,0.9615,9,0
SPY190719C298,2019-07-17,2019-07-17 09:36:32,2.14,0.9683,65,2.11,0.9547,10,2.3,1.0407,1,2.125,0.9615,9,0
SPY190719C298,2019-07-17,2019-07-17 09:36:33,2.14,0.9683,85,2.11,0.9547,7,2.3,1.0407,1,2.125,0.9615,9,0
SPY190719C298,2019-07-17,2019-07-17 09:36:34,2.14,0.9683,85,2.11,0.9547,7,2.3,1.0407,1,2.125,0.9615,9,0
SPY190719C298,2019-07-17,2019-07-17 09:36:34,2.14,0.9683,95,2.11,0.9547,11,2.3,1.0407,1,2.125,0.9615,9,0
SPY190719C298,2019-07-17,2019-07-17 09:36:35,2.14,0.9683,55,2.11,0.9547,17,2.3,1.0407,1,2.125,0.9615,9,0
SPY190719C298,2019-07-17,2019-07-17 09:36:35,2.14,0.9683,105,2.11,0.9547,14,2.3,1.0407,1,2.125,0.9615,9,0
SPY190719C298,2019-07-17,2019-07-17 09:36:36,2.13,0.9638,10,2.11,0.9547,17,2.3,1.0407,1,2.12,0.9592,9,0
SPY190719C298,2019-07-17,2019-07-17 09:36:37,2.13,0.9638,10,2.11,0.9547,17,2.3,1.0407,1,2.12,0.9592,9,0
SPY190719C298,2019-07-17,2019-07-17 09:36:38,2.14,0.9683,92,2.12,0.9592,7,2.3,1.0407,1,2.13,0.9638,9,0
SPY190719C298,2019-07-17,2019-07-17 09:36:38,2.14,0.9683,92,2.11,0.9547,17,2.3,1.0407,1,2.125,0.9615,9,0
SPY190719C298,2019-07-17,2019-07-17 09:36:39,2.14,0.9683,92,2.11,0.9547,17,2.3,1.0407,1,2.125,0.9615,9,0
SPY190719C298,2019-07-17,2019-07-17 09:36:39,2.15,0.9728,178,2.12,0.9592,17,2.3,1.0407,1,2.135,0.966,9,0
SPY190719C298,2019-07-17,2019-07-17 09:36:40,2.16,0.9773,173,2.12,0.9592,7,2.3,1.0407,1,2.14,0.9683,9,0
SPY190719C298,2019-07-17,2019-07-17 09:36:40,2.16,0.9773,173,2.12,0.9592,70,2.3,1.0407,1,2.14,0.9683,9,0
SPY190719C298,2019-07-17,2019-07-17 09:36:41,2.17,0.9819,68,2.14,0.9683,10,2.15,0.9728,1,2.155,0.9751,19,6
SPY190719C298,2019-07-17,2019-07-17 09:36:41,2.17,0.9819,68,2.13,0.9638,6,2.14,0.9683,2,2.15,0.9728,13,4
SPY190719C298,2019-07-17,2019-07-17 09:36:42,2.17,0.9819,68,2.14,0.9683,10,2.15,0.9728,1,2.155,0.9751,19,0
SPY190719C298,2019-07-17,2019-07-17 09:36:43,2.17,0.9819,7,2.15,0.9728,7,2.15,0.9728,1,2.16,0.9773,19,0
SPY190719C298,2019-07-17,2019-07-17 09:36:43,2.18,0.9864,180,2.15,0.9728,7,2.15,0.9728,1,2.165,0.9796,19,0
SPY190719C298,2019-07-17,2019-07-17 09:36:44,2.17,0.9819,31,2.15,0.9728,7,2.15,0.9728,1,2.16,0.9773,19,0
SPY190719C298,2019-07-17,2019-07-17 09:36:44,2.18,0.9864,64,2.15,0.9728,8,2.15,0.9728,1,2.165,0.9796,19,0
SPY190719C298,2019-07-17,2019-07-17 09:36:45,2.19,0.9909,7,2.16,0.9773,10,2.15,0.9728,1,2.175,0.9841,19,0
SPY190719C298,2019-07-17,2019-07-17 09:36:45,2.19,0.9909,7,2.17,0.9819,1,2.15,0.9728,1,2.18,0.9864,19,0
SPY190719C298,2019-07-17,2019-07-17 09:36:46,2.19,0.9909,168,2.15,0.9728,145,2.15,0.9728,1,2.17,0.9819,19,0
SPY190719C298,2019-07-17,2019-07-17 09:36:46,2.19,0.9909,10,2.15,0.9728,100,2.15,0.9728,1,2.17,0.9819,19,0
SPY190719C298,2019-07-17,2019-07-17 09:36:47,2.19,0.9909,110,2.16,0.9773,10,2.15,0.9728,1,2.175,0.9841,19,0
SPY190719C298,2019-07-17,2019-07-17 09:36:48,2.19,0.9909,110,2.16,0.9773,17,2.15,0.9728,1,2.175,0.9841,19,0
SPY190719C298,2019-07-17,2019-07-17 09:36:48,2.19,0.9909,110,2.16,0.9773,7,2.15,0.9728,1,2.175,0.9841,19,0
SPY190719C298,2019-07-17,2019-07-17 09:36:49,2.19,0.9909,110,2.16,0.9773,10,2.15,0.9728,1,2.175,0.9841,19,0
SPY190719C298,2019-07-17,2019-07-17 09:36:49,2.18,0.9864,20,2.15,0.9728,7,2.15,0.9728,1,2.165,0.9796,19,0
SPY190719C298,2019-07-17,2019-07-17 09:36:50,2.19,0.9909,8,2.16,0.9773,8,2.15,0.9728,1,2.175,0.9841,19,0
SPY190719C298,2019-07-17,2019-07-17 09:36:50,2.18,0.9864,172,2.15,0.9728,10,2.15,0.9728,1,2.165,0.9796,19,0
SPY190719C298,2019-07-17,2019-07-17 09:36:51,2.19,0.9909,101,2.16,0.9773,10,2.15,0.9728,1,2.175,0.9841,19,0
SPY190719C298,2019-07-17,2019-07-17 09:36:51,2.19,0.9909,110,2.16,0.9773,10,2.15,0.9728,1,2.175,0.9841,19,0
SPY190719C298,2019-07-17,2019-07-17 09:36:52,2.18,0.9864,7,2.15,0.9728,8,2.15,0.9728,1,2.165,0.9796,19,0
SPY190719C298,2019-07-17,2019-07-17 09:36:53,2.19,0.9909,77,2.15,0.9728,172,2.15,0.9728,1,2.17,0.9819,19,0
SPY190719C298,2019-07-17,2019-07-17 09:36:53,2.19,0.9909,85,2.15,0.9728,172,2.15,0.9728,1,2.17,0.9819,19,0
SPY190719C298,2019-07-17,2019-07-17 09:36:54,2.19,0.9909,100,2.16,0.9773,10,2.15,0.9728,1,2.175,0.9841,19,0
SPY190719C298,2019-07-17,2019-07-17 09:36:54,2.19,0.9909,10,2.16,0.9773,6,2.15,0.9728,1,2.175,0.9841,19,0
SPY190719C298,2019-07-17,2019-07-17 09:36:55,2.19,0.9909,110,2.16,0.9773,7,2.15,0.9728,1,2.175,0.9841,19,0
SPY190719C298,2019-07-17,2019-07-17 09:36:55,2.19,0.9909,100,2.16,0.9773,10,2.15,0.9728,1,2.175,0.9841,19,0
SPY190719C298,2019-07-17,2019-07-17 09:36:56,2.19,0.9909,110,2.15,0.9728,7,2.15,0.9728,1,2.17,0.9819,19,0
SPY190719C298,2019-07-17,2019-07-17 09:36:57,2.17,0.9819,10,2.14,0.9683,8,2.15,0.9728,1,2.155,0.9751,19,0
SPY190719C298,2019-07-17,2019-07-17 09:36:57,2.17,0.9819,7,2.15,0.9728,7,2.15,0.9728,1,2.16,0.9773,19,0
SPY190719C298,2019-07-17,2019-07-17 09:36:58,2.17,0.9819,10,2.14,0.9683,9,2.15,0.9728,1,2.155,0.9751,19,0
SPY190719C298,2019-07-17,2019-07-17 09:36:58,2.17,0.9819,10,2.14,0.9683,35,2.15,0.9728,1,2.155,0.9751,19,0
SPY190719C298,2019-07-17,2019-07-17 09:36:59,2.15,0.9728,7,2.13,0.9638,7,2.15,0.9728,1,2.14,0.9683,19,0
SPY190719C298,2019-07-17,2019-07-17 09:37:00,2.15,0.9728,8,2.13,0.9638,7,2.15,0.9728,1,2.14,0.9683,19,0
SPY190719C298,2019-07-17,2019-07-17 09:37:00,2.15,0.9728,10,2.13,0.9638,11,2.15,0.9728,1,2.14,0.9683,19,0
SPY190719C298,2019-07-17,2019-07-17 09:37:01,2.15,0.9728,7,2.13,0.9638,12,2.15,0.9728,1,2.14,0.9683,19,0
SPY190719C298,2019-07-17,2019-07-17 09:37:02,2.15,0.9728,8,2.12,0.9592,68,2.15,0.9728,1,2.135,0.966,19,0
SPY190719C298,2019-07-17,2019-07-17 09:37:02,2.16,0.9773,107,2.13,0.9638,7,2.15,0.9728,1,2.145,0.9705,19,0
SPY190719C298,2019-07-17,2019-07-17 09:37:03,2.17,0.9819,153,2.13,0.9638,11,2.15,0.9728,1,2.15,0.9728,19,0
SPY190719C298,2019-07-17,2019-07-17 09:37:03,2.15,0.9728,7,2.13,0.9638,7,2.15,0.9728,1,2.14,0.9683,19,0
SPY190719C298,2019-07-17,2019-07-17 09:37:04,2.16,0.9773,7,2.13,0.9638,17,2.15,0.9728,1,2.145,0.9705,19,0
SPY190719C298,2019-07-17,2019-07-17 09:37:04,2.16,0.9773,10,2.12,0.9592,141,2.15,0.9728,1,2.14,0.9683,19,0
SPY190719C298,2019-07-17,2019-07-17 09:37:05,2.16,0.9773,54,2.13,0.9638,10,2.15,0.9728,1,2.145,0.9705,19,0
SPY190719C298,2019-07-17,2019-07-17 09:37:06,2.16,0.9773,47,2.14,0.9683,7,2.15,0.9728,1,2.15,0.9728,19,0
SPY190719C298,2019-07-17,2019-07-17 09:37:06,2.16,0.9773,47,2.13,0.9638,10,2.15,0.9728,1,2.145,0.9705,19,0
SPY190719C298,2019-07-17,2019-07-17 09:37:07,2.16,0.9773,43,2.14,0.9683,7,2.15,0.9728,1,2.15,0.9728,19,0
SPY190719C298,2019-07-17,2019-07-17 09:37:08,2.16,0.9773,79,2.13,0.9638,10,2.15,0.9728,1,2.145,0.9705,19,0
SPY190719C298,2019-07-17,2019-07-17 09:37:08,2.16,0.9773,29,2.13,0.9638,25,2.15,0.9728,1,2.145,0.9705,19,0
SPY190719C298,2019-07-17,2019-07-17 09:37:09,2.17,0.9819,8,2.14,0.9683,8,2.15,0.9728,1,2.155,0.9751,19,0
SPY190719C298,2019-07-17,2019-07-17 09:37:10,2.17,0.9819,8,2.15,0.9728,7,2.15,0.9728,1,2.16,0.9773,19,0
SPY190719C298,2019-07-17,2019-07-17 09:37:10,2.17,0.9819,2,2.15,0.9728,7,2.15,0.9728,1,2.16,0.9773,19,0
SPY190719C298,2019-07-17,2019-07-17 09:37:11,2.16,0.9773,7,2.14,0.9683,7,2.15,0.9728,1,2.15,0.9728,19,0
SPY190719C298,2019-07-17,2019-07-17 09:37:12,2.17,0.9819,10,2.14,0.9683,10,2.15,0.9728,1,2.155,0.9751,19,0
SPY190719C298,2019-07-17,2019-07-17 09:37:12,2.16,0.9773,7,2.14,0.9683,7,2.15,0.9728,1,2.15,0.9728,19,0
SPY190719C298,2019-07-17,2019-07-17 09:37:13,2.16,0.9773,8,2.13,0.9638,7,2.15,0.9728,1,2.145,0.9705,19,0
SPY190719C298,2019-07-17,2019-07-17 09:37:14,2.15,0.9728,7,2.13,0.9638,12,2.15,0.9728,1,2.14,0.9683,19,0
SPY190719C298,2019-07-17,2019-07-17 09:37:14,2.16,0.9773,97,2.13,0.9638,8,2.15,0.9728,1,2.145,0.9705,19,0
SPY190719C298,2019-07-17,2019-07-17 09:37:15,2.15,0.9728,10,2.13,0.9638,12,2.15,0.9728,1,2.14,0.9683,19,0
SPY190719C298,2019-07-17,2019-07-17 09:37:15,2.16,0.9773,69,2.13,0.9638,13,2.15,0.9728,1,2.145,0.9705,19,0
SPY190719C298,2019-07-17,2019-07-17 09:37:16,2.15,0.9728,10,2.13,0.9638,13,2.15,0.9728,1,2.14,0.9683,19,0
SPY190719C298,2019-07-17,2019-07-17 09:37:17,2.15,0.9728,178,2.11,0.9547,10,2.15,0.9728,1,2.13,0.9638,19,0
SPY190719C298,2019-07-17,2019-07-17 09:37:17,2.15,0.9728,8,2.13,0.9638,13,2.15,0.9728,1,2.14,0.9683,19,0
SPY190719C298,2019-07-17,2019-07-17 09:37:18,2.14,0.9683,56,2.11,0.9547,16,2.15,0.9728,1,2.125,0.9615,19,0
SPY190719C298,2019-07-17,2019-07-17 09:37:18,2.14,0.9683,56,2.11,0.9547,10,2.15,0.9728,1,2.125,0.9615,19,0
SPY190719C298,2019-07-17,2019-07-17 09:37:19,2.14,0.9683,56,2.11,0.9547,11,2.15,0.9728,1,2.125,0.9615,19,0
SPY190719C298,2019-07-17,2019-07-17 09:37:19,2.15,0.9728,100,2.12,0.9592,131,2.15,0.9728,1,2.135,0.966,19,0
SPY190719C298,2019-07-17,2019-07-17 09:37:20,2.15,0.9728,101,2.12,0.9592,10,2.15,0.9728,1,2.135,0.966,19,0
SPY190719C298,2019-07-17,2019-07-17 09:37:21,2.14,0.9683,17,2.12,0.9592,10,2.15,0.9728,1,2.13,0.9638,19,0
SPY190719C298,2019-07-17,2019-07-17 09:37:21,2.14,0.9683,7,2.12,0.9592,10,2.15,0.9728,1,2.13,0.9638,19,0
SPY190719C298,2019-07-17,2019-07-17 09:37:23,2.14,0.9683,17,2.12,0.9592,6,2.15,0.9728,1,2.13,0.9638,19,0
SPY190719C298,2019-07-17,2019-07-17 09:37:23,2.14,0.9683,17,2.12,0.9592,9,2.15,0.9728,1,2.13,0.9638,19,0
SPY190719C298,2019-07-17,2019-07-17 09:37:24,2.15,0.9728,17,2.13,0.9638,7,2.15,0.9728,1,2.14,0.9683,19,0
SPY190719C298,2019-07-17,2019-07-17 09:37:25,2.15,0.9728,22,2.13,0.9638,7,2.15,0.9728,1,2.14,0.9683,19,0
SPY190719C298,2019-07-17,2019-07-17 09:37:25,2.15,0.9728,1,2.13,0.9638,17,2.15,0.9728,1,2.14,0.9683,19,0
SPY190719C298,2019-07-17,2019-07-17 09:37:26,2.17,0.9819,174,2.13,0.9638,17,2.15,0.9728,1,2.15,0.9728,19,0
SPY190719C298,2019-07-17,2019-07-17 09:37:26,2.16,0.9773,7,2.14,0.9683,7,2.15,0.9728,1,2.15,0.9728,19,0
SPY190719C298,2019-07-17,2019-07-17 09:37:27,2.16,0.9773,1,2.14,0.9683,7,2.15,0.9728,1,2.15,0.9728,19,0
SPY190719C298,2019-07-17,2019-07-17 09:37:28,2.16,0.9773,7,2.14,0.9683,7,2.15,0.9728,1,2.15,0.9728,19,0
SPY190719C298,2019-07-17,2019-07-17 09:37:29,2.16,0.9773,47,2.13,0.9638,10,2.15,0.9728,1,2.145,0.9705,19,0
SPY190719C298,2019-07-17,2019-07-17 09:37:29,2.16,0.9773,36,2.13,0.9638,10,2.15,0.9728,1,2.145,0.9705,19,0
SPY190719C298,2019-07-17,2019-07-17 09:37:30,2.18,0.9864,105,2.13,0.9638,12,2.15,0.9728,1,2.155,0.9751,19,0
SPY190719C298,2019-07-17,2019-07-17 09:37:31,2.17,0.9819,10,2.14,0.9683,8,2.15,0.9728,1,2.155,0.9751,19,0
SPY190719C298,2019-07-17,2019-07-17 09:37:32,2.15,0.9728,7,2.13,0.9638,8,2.15,0.9728,1,2.14,0.9683,19,0
SPY190719C298,2019-07-17,2019-07-17 09:37:32,2.16,0.9773,10,2.14,0.9683,7,2.15,0.9728,1,2.15,0.9728,19,0
SPY190719C298,2019-07-17,2019-07-17 09:37:33,2.14,0.9683,10,2.12,0.9592,7,2.15,0.9728,1,2.13,0.9638,19,0
SPY190719C298,2019-07-17,2019-07-17 09:37:33,2.14,0.9683,8,2.11,0.9547,69,2.15,0.9728,1,2.125,0.9615,19,0
SPY190719C298,2019-07-17,2019-07-17 09:37:34,2.14,0.9683,10,2.12,0.9592,7,2.15,0.9728,1,2.13,0.9638,19,0
SPY190719C298,2019-07-17,2019-07-17 09:37:35,2.14,0.9683,31,2.12,0.9592,7,2.15,0.9728,1,2.13,0.9638,19,0
SPY190719C298,2019-07-17,2019-07-17 09:37:36,2.14,0.9683,31,2.12,0.9592,11,2.15,0.9728,1,2.13,0.9638,19,0
SPY190719C298,2019-07-17,2019-07-17 09:37:37,2.14,0.9683,10,2.11,0.9547,17,2.15,0.9728,1,2.125,0.9615,19,0
SPY190719C298,2019-07-17,2019-07-17 09:37:38,2.14,0.9683,22,2.12,0.9592,7,2.15,0.9728,1,2.13,0.9638,19,0
SPY190719C298,2019-07-17,2019-07-17 09:37:38,2.14,0.9683,22,2.12,0.9592,1,2.15,0.9728,1,2.13,0.9638,19,0
SPY190719C298,2019-07-17,2019-07-17 09:37:39,2.14,0.9683,47,2.11,0.9547,17,2.15,0.9728,1,2.125,0.9615,19,0
SPY190719C298,2019-07-17,2019-07-17 09:37:40,2.14,0.9683,22,2.11,0.9547,17,2.15,0.9728,1,2.125,0.9615,19,0
SPY190719C298,2019-07-17,2019-07-17 09:37:40,2.14,0.9683,22,2.12,0.9592,11,2.15,0.9728,1,2.13,0.9638,19,0
SPY190719C298,2019-07-17,2019-07-17 09:37:41,2.14,0.9683,10,2.12,0.9592,27,2.15,0.9728,1,2.13,0.9638,19,0
SPY190719C298,2019-07-17,2019-07-17 09:37:41,2.14,0.9683,7,2.12,0.9592,27,2.15,0.9728,1,2.13,0.9638,19,0
SPY190719C298,2019-07-17,2019-07-17 09:37:42,2.15,0.9728,10,2.13,0.9638,11,2.15,0.9728,1,2.14,0.9683,19,0
SPY190719C298,2019-07-17,2019-07-17 09:37:42,2.16,0.9773,183,2.13,0.9638,7,2.15,0.9728,1,2.145,0.9705,19,0
SPY190719C298,2019-07-17,2019-07-17 09:37:43,2.16,0.9773,78,2.14,0.9683,7,2.15,0.9728,1,2.15,0.9728,19,0
SPY190719C298,2019-07-17,2019-07-17 09:37:44,2.16,0.9773,78,2.13,0.9638,97,2.15,0.9728,1,2.145,0.9705,19,0
SPY190719C298,2019-07-17,2019-07-17 09:37:44,2.17,0.9819,62,2.14,0.9683,1,2.15,0.9728,1,2.155,0.9751,19,0
SPY190719C298,2019-07-17,2019-07-17 09:37:45,2.16,0.9773,10,2.13,0.9638,101,2.15,0.9728,1,2.145,0.9705,19,0
SPY190719C298,2019-07-17,2019-07-17 09:37:46,2.16,0.9773,43,2.14,0.9683,7,2.15,0.9728,1,2.15,0.9728,19,0
SPY190719C298,2019-07-17,2019-07-17 09:37:46,2.16,0.9773,33,2.13,0.9638,12,2.15,0.9728,1,2.145,0.9705,19,0
SPY190719C298,2019-07-17,2019-07-17 09:37:47,2.16,0.9773,8,2.14,0.9683,7,2.15,0.9728,1,2.15,0.9728,19,0
SPY190719C298,2019-07-17,2019-07-17 09:37:48,2.17,0.9819,10,2.14,0.9683,10,2.15,0.9728,1,2.155,0.9751,19,0
SPY190719C298,2019-07-17,2019-07-17 09:37:48,2.18,0.9864,71,2.15,0.9728,12,2.15,0.9728,1,2.165,0.9796,19,0
SPY190719C298,2019-07-17,2019-07-17 09:37:49,2.19,0.9909,10,2.16,0.9773,8,2.15,0.9728,1,2.175,0.9841,19,0
SPY190719C298,2019-07-17,2019-07-17 09:37:50,2.19,0.9909,1,2.17,0.9819,7,2.15,0.9728,1,2.18,0.9864,19,0
SPY190719C298,2019-07-17,2019-07-17 09:37:50,2.19,0.9909,1,2.16,0.9773,10,2.15,0.9728,1,2.175,0.9841,19,0
SPY190719C298,2019-07-17,2019-07-17 09:37:51,2.2,0.9954,1,2.17,0.9819,10,2.15,0.9728,1,2.185,0.9886,19,0
SPY190719C298,2019-07-17,2019-07-17 09:37:52,2.2,0.9954,17,2.17,0.9819,10,2.15,0.9728,1,2.185,0.9886,19,0
SPY190719C298,2019-07-17,2019-07-17 09:37:52,2.19,0.9909,7,2.17,0.9819,1,2.15,0.9728,1,2.18,0.9864,19,0
SPY190719C298,2019-07-17,2019-07-17 09:37:53,2.2,0.9954,86,2.17,0.9819,10,2.15,0.9728,1,2.185,0.9886,19,0
SPY190719C298,2019-07-17,2019-07-17 09:37:54,2.21,1.0,26,2.18,0.9864,18,2.15,0.9728,1,2.195,0.9932,19,0
SPY190719C298,2019-07-17,2019-07-17 09:37:54,2.21,1.0,100,2.18,0.9864,8,2.15,0.9728,1,2.195,0.9932,19,0
SPY190719C298,2019-07-17,2019-07-17 09:37:55,2.21,1.0,26,2.18,0.9864,101,2.15,0.9728,1,2.195,0.9932,19,0
SPY190719C298,2019-07-17,2019-07-17 09:37:56,2.21,1.0,28,2.18,0.9864,101,2.15,0.9728,1,2.195,0.9932,19,0
SPY190719C298,2019-07-17,2019-07-17 09:37:57,2.2,0.9954,7,2.17,0.9819,8,2.15,0.9728,1,2.185,0.9886,19,0
SPY190719C298,2019-07-17,2019-07-17 09:37:58,2.2,0.9954,100,2.17,0.9819,3,2.15,0.9728,1,2.185,0.9886,19,0
SPY190719C298,2019-07-17,2019-07-17 09:37:58,2.21,1.0,101,2.18,0.9864,10,2.15,0.9728,1,2.195,0.9932,19,0
SPY190719C298,2019-07-17,2019-07-17 09:37:59,2.21,1.0,8,2.18,0.9864,10,2.15,0.9728,1,2.195,0.9932,19,0
SPY190719C298,2019-07-17,2019-07-17 09:37:59,2.21,1.0,7,2.18,0.9864,10,2.15,0.9728,1,2.195,0.9932,19,0
SPY190719C298,2019-07-17,2019-07-17 09:38:00,2.22,1.0045,48,2.19,0.9909,12,2.15,0.9728,1,2.205,0.9977,19,0
SPY190719C298,2019-07-17,2019-07-17 09:38:01,2.24,1.0135,172,2.2,0.9954,67,2.15,0.9728,1,2.22,1.0045,19,0
SPY190719C298,2019-07-17,2019-07-17 09:38:02,2.23,1.009,7,2.21,1.0,1,2.15,0.9728,1,2.22,1.0045,19,0
SPY190719C298,2019-07-17,2019-07-17 09:38:03,2.24,1.0135,63,2.2,0.9954,78,2.15,0.9728,1,2.22,1.0045,19,0
SPY190719C298,2019-07-17,2019-07-17 09:38:03,2.25,1.018,174,2.22,1.0045,1,2.15,0.9728,1,2.235,1.0113,19,0
SPY190719C298,2019-07-17,2019-07-17 09:38:04,2.25,1.018,110,2.22,1.0045,10,2.15,0.9728,1,2.235,1.0113,19,0
SPY190719C298,2019-07-17,2019-07-17 09:38:04,2.24,1.0135,7,2.22,1.0045,10,2.15,0.9728,1,2.23,1.009,19,0
SPY190719C298,2019-07-17,2019-07-17 09:38:05,2.24,1.0135,7,2.22,1.0045,10,2.15,0.9728,1,2.23,1.009,19,0
SPY190719C298,2019-07-17,2019-07-17 09:38:06,2.24,1.0135,7,2.22,1.0045,10,2.15,0.9728,1,2.23,1.009,19,0
SPY190719C298,2019-07-17,2019-07-17 09:38:07,2.24,1.0135,7,2.22,1.0045,7,2.15,0.9728,1,2.23,1.009,19,0
SPY190719C298,2019-07-17,2019-07-17 09:38:07,2.24,1.0135,10,2.21,1.0,10,2.15,0.9728,1,2.225,1.0067,19,0
SPY190719C298,2019-07-17,2019-07-17 09:38:08,2.24,1.0135,10,2.22,1.0045,10,2.15,0.9728,1,2.23,1.009,19,0
SPY190719C298,2019-07-17,2019-07-17 09:38:08,2.25,1.018,7,2.22,1.0045,10,2.15,0.9728,1,2.235,1.0113,19,0
SPY190719C298,2019-07-17,2019-07-17 09:38:09,2.25,1.018,7,2.22,1.0045,10,2.15,0.9728,1,2.235,1.0113,19,0
SPY190719C298,2019-07-17,2019-07-17 09:38:10,2.26,1.0226,173,2.22,1.0045,168,2.15,0.9728,1,2.24,1.0135,19,0
SPY190719C298,2019-07-17,2019-07-17 09:38:10,2.25,1.018,20,2.22,1.0045,10,2.15,0.9728,1,2.235,1.0113,19,0
SPY190719C298,2019-07-17,2019-07-17 09:38:11,2.25,1.018,20,2.23,1.009,1,2.15,0.9728,1,2.24,1.0135,19,0
SPY190719C298,2019-07-17,2019-07-17 09:38:11,2.25,1.018,20,2.22,1.0045,10,2.15,0.9728,1,2.235,1.0113,19,0
SPY190719C298,2019-07-17,2019-07-17 09:38:12,2.25,1.018,20,2.23,1.009,1,2.15,0.9728,1,2.24,1.0135,19,0
SPY190719C298,2019-07-17,2019-07-17 09:38:13,2.25,1.018,38,2.21,1.0,10,2.15,0.9728,1,2.23,1.009,19,0
SPY190719C298,2019-07-17,2019-07-17 09:38:13,2.23,1.009,10,2.21,1.0,1,2.15,0.9728,1,2.22,1.0045,19,0
SPY190719C298,2019-07-17,2019-07-17 09:38:14,2.24,1.0135,7,2.21,1.0,101,2.15,0.9728,1,2.225,1.0067,19,0
SPY190719C298,2019-07-17,2019-07-17 09:38:14,2.23,1.009,10,2.21,1.0,12,2.15,0.9728,1,2.22,1.0045,19,0
SPY190719C298,2019-07-17,2019-07-17 09:38:15,2.23,1.009,10,2.21,1.0,1,2.15,0.9728,1,2.22,1.0045,19,0
SPY190719C298,2019-07-17,2019-07-17 09:38:15,2.23,1.009,10,2.21,1.0,11,2.15,0.9728,1,2.22,1.0045,19,0
SPY190719C298,2019-07-17,2019-07-17 09:38:16,2.23,1.009,8,2.21,1.0,1,2.15,0.9728,1,2.22,1.0045,19,0
SPY190719C298,2019-07-17,2019-07-17 09:38:16,2.23,1.009,10,2.21,1.0,1,2.15,0.9728,1,2.22,1.0045,19,0
SPY190719C298,2019-07-17,2019-07-17 09:38:17,2.23,1.009,18,2.21,1.0,1,2.15,0.9728,1,2.22,1.0045,19,0
SPY190719C298,2019-07-17,2019-07-17 09:38:18,2.23,1.009,18,2.21,1.0,1,2.15,0.9728,1,2.22,1.0045,19,0
SPY190719C298,2019-07-17,2019-07-17 09:38:18,2.23,1.009,8,2.21,1.0,1,2.15,0.9728,1,2.22,1.0045,19,0
SPY190719C298,2019-07-17,2019-07-17 09:38:19,2.22,1.0045,10,2.21,1.0,1,2.15,0.9728,1,2.215,1.0022,19,0
SPY190719C298,2019-07-17,2019-07-17 09:38:20,2.22,1.0045,8,2.19,0.9909,149,2.15,0.9728,1,2.205,0.9977,19,0
SPY190719C298,2019-07-17,2019-07-17 09:38:20,2.22,1.0045,10,2.21,1.0,1,2.15,0.9728,1,2.215,1.0022,19,0
SPY190719C298,2019-07-17,2019-07-17 09:38:21,2.22,1.0045,8,2.19,0.9909,149,2.15,0.9728,1,2.205,0.9977,19,0
SPY190719C298,2019-07-17,2019-07-17 09:38:21,2.22,1.0045,7,2.2,0.9954,11,2.15,0.9728,1,2.21,1.0,19,0
SPY190719C298,2019-07-17,2019-07-17 09:38:22,2.22,1.0045,8,2.2,0.9954,1,2.15,0.9728,1,2.21,1.0,19,0
SPY190719C298,2019-07-17,2019-07-17 09:38:23,2.22,1.0045,8,2.19,0.9909,110,2.15,0.9728,1,2.205,0.9977,19,0
SPY190719C298,2019-07-17,2019-07-17 09:38:23,2.22,1.0045,18,2.19,0.9909,12,2.15,0.9728,1,2.205,0.9977,19,0
SPY190719C298,2019-07-17,2019-07-17 09:38:24,2.21,1.0,7,2.19,0.9909,10,2.15,0.9728,1,2.2,0.9954,19,0
SPY190719C298,2019-07-17,2019-07-17 09:38:25,2.21,1.0,17,2.19,0.9909,1,2.15,0.9728,1,2.2,0.9954,19,0
SPY190719C298,2019-07-17,2019-07-17 09:38:25,2.21,1.0,17,2.19,0.9909,10,2.15,0.9728,1,2.2,0.9954,19,0
SPY190719C298,2019-07-17,2019-07-17 09:38:26,2.21,1.0,17,2.19,0.9909,13,2.15,0.9728,1,2.2,0.9954,19,0
SPY190719C298,2019-07-17,2019-07-17 09:38:26,2.21,1.0,11,2.19,0.9909,2,2.15,0.9728,1,2.2,0.9954,19,0
SPY190719C298,2019-07-17,2019-07-17 09:38:27,2.22,1.0045,145,2.19,0.9909,3,2.15,0.9728,1,2.205,0.9977,19,0
SPY190719C298,2019-07-17,2019-07-17 09:38:27,2.21,1.0,7,2.19,0.9909,13,2.15,0.9728,1,2.2,0.9954,19,0
SPY190719C298,2019-07-17,2019-07-17 09:38:28,2.21,1.0,7,2.19,0.9909,9,2.15,0.9728,1,2.2,0.9954,19,0
SPY190719C298,2019-07-17,2019-07-17 09:38:29,2.23,1.009,8,2.2,0.9954,28,2.15,0.9728,1,2.215,1.0022,19,0
SPY190719C298,2019-07-17,2019-07-17 09:38:30,2.25,1.018,173,2.21,1.0,12,2.15,0.9728,1,2.23,1.009,19,0
SPY190719C298,2019-07-17,2019-07-17 09:38:30,2.25,1.018,78,2.22,1.0045,10,2.15,0.9728,1,2.235,1.0113,19,0
SPY190719C298,2019-07-17,2019-07-17 09:38:31,2.25,1.018,78,2.22,1.0045,17,2.15,0.9728,1,2.235,1.0113,19,0
SPY190719C298,2019-07-17,2019-07-17 09:38:32,2.25,1.018,78,2.22,1.0045,8,2.15,0.9728,1,2.235,1.0113,19,0
SPY190719C298,2019-07-17,2019-07-17 09:38:33,2.23,1.009,9,2.2,0.9954,7,2.15,0.9728,1,2.215,1.0022,19,0
SPY190719C298,2019-07-17,2019-07-17 09:38:33,2.23,1.009,65,2.2,0.9954,10,2.15,0.9728,1,2.215,1.0022,19,0
SPY190719C298,2019-07-17,2019-07-17 09:38:34,2.23,1.009,8,2.21,1.0,1,2.15,0.9728,1,2.22,1.0045,19,0
SPY190719C298,2019-07-17,2019-07-17 09:38:34,2.24,1.0135,168,2.21,1.0,1,2.15,0.9728,1,2.225,1.0067,19,0
SPY190719C298,2019-07-17,2019-07-17 09:38:35,2.24,1.0135,168,2.2,0.9954,52,2.15,0.9728,1,2.22,1.0045,19,0
SPY190719C298,2019-07-17,2019-07-17 09:38:36,2.23,1.009,7,2.21,1.0,13,2.15,0.9728,1,2.22,1.0045,19,0
SPY190719C298,2019-07-17,2019-07-17 09:38:36,2.25,1.018,173,2.22,1.0045,7,2.15,0.9728,1,2.235,1.0113,19,0
SPY190719C298,2019-07-17,2019-07-17 09:38:37,2.24,1.0135,7,2.22,1.0045,8,2.15,0.9728,1,2.23,1.009,19,0
SPY190719C298,2019-07-17,2019-07-17 09:38:38,2.24,1.0135,7,2.21,1.0,10,2.15,0.9728,1,2.225,1.0067,19,0
SPY190719C298,2019-07-17,2019-07-17 09:38:38,2.23,1.009,8,2.21,1.0,1,2.15,0.9728,1,2.22,1.0045,19,0
SPY190719C298,2019-07-17,2019-07-17 09:38:39,2.23,1.009,33,2.2,0.9954,14,2.15,0.9728,1,2.215,1.0022,19,0
SPY190719C298,2019-07-17,2019-07-17 09:38:39,2.23,1.009,8,2.21,1.0,1,2.15,0.9728,1,2.22,1.0045,19,0
SPY190719C298,2019-07-17,2019-07-17 09:38:40,2.23,1.009,162,2.2,0.9954,9,2.15,0.9728,1,2.215,1.0022,19,0
SPY190719C298,2019-07-17,2019-07-17 09:38:41,2.23,1.009,7,2.21,1.0,1,2.15,0.9728,1,2.22,1.0045,19,0
SPY190719C298,2019-07-17,2019-07-17 09:38:42,2.24,1.0135,7,2.22,1.0045,8,2.15,0.9728,1,2.23,1.009,19,0
SPY190719C298,2019-07-17,2019-07-17 09:38:42,2.25,1.018,73,2.22,1.0045,1,2.15,0.9728,1,2.235,1.0113,19,0
SPY190719C298,2019-07-17,2019-07-17 09:38:43,2.24,1.0135,10,2.21,1.0,10,2.15,0.9728,1,2.225,1.0067,19,0
SPY190719C298,2019-07-17,2019-07-17 09:38:44,2.23,1.009,10,2.21,1.0,10,2.15,0.9728,1,2.22,1.0045,19,0
SPY190719C298,2019-07-17,2019-07-17 09:38:45,2.23,1.009,10,2.21,1.0,10,2.15,0.9728,1,2.22,1.0045,19,0
SPY190719C298,2019-07-17,2019-07-17 09:38:45,2.23,1.009,38,2.2,0.9954,18,2.15,0.9728,1,2.215,1.0022,19,0
SPY190719C298,2019-07-17,2019-07-17 09:38:46,2.23,1.009,10,2.2,0.9954,10,2.15,0.9728,1,2.215,1.0022,19,0
SPY190719C298,2019-07-17,2019-07-17 09:38:47,2.23,1.009,100,2.2,0.9954,1,2.15,0.9728,1,2.215,1.0022,19,0
SPY190719C298,2019-07-17,2019-07-17 09:38:47,2.23,1.009,158,2.2,0.9954,17,2.15,0.9728,1,2.215,1.0022,19,0
SPY190719C298,2019-07-17,2019-07-17 09:38:48,2.23,1.009,158,2.2,0.9954,17,2.15,0.9728,1,2.215,1.0022,19,0
SPY190719C298,2019-07-17,2019-07-17 09:38:48,2.23,1.009,158,2.19,0.9909,10,2.15,0.9728,1,2.21,1.0,19,0
SPY190719C298,2019-07-17,2019-07-17 09:38:49,2.21,1.0,7,2.19,0.9909,18,2.15,0.9728,1,2.2,0.9954,19,0
SPY190719C298,2019-07-17,2019-07-17 09:38:49,2.22,1.0045,7,2.19,0.9909,18,2.15,0.9728,1,2.205,0.9977,19,0
SPY190719C298,2019-07-17,2019-07-17 09:38:50,2.23,1.009,168,2.2,0.9954,7,2.15,0.9728,1,2.215,1.0022,19,0
SPY190719C298,2019-07-17,2019-07-17 09:38:50,2.23,1.009,110,2.19,0.9909,101,2.15,0.9728,1,2.21,1.0,19,0
SPY190719C298,2019-07-17,2019-07-17 09:38:51,2.23,1.009,100,2.19,0.9909,12,2.15,0.9728,1,2.21,1.0,19,0
SPY190719C298,2019-07-17,2019-07-17 09:38:52,2.22,1.0045,7,2.2,0.9954,1,2.15,0.9728,1,2.21,1.0,19,0
SPY190719C298,2019-07-17,2019-07-17 09:38:52,2.23,1.009,100,2.2,0.9954,101,2.15,0.9728,1,2.215,1.0022,19,0
SPY190719C298,2019-07-17,2019-07-17 09:38:53,2.22,1.0045,7,2.19,0.9909,12,2.15,0.9728,1,2.205,0.9977,19,0
SPY190719C298,2019-07-17,2019-07-17 09:38:53,2.22,1.0045,8,2.19,0.9909,12,2.15,0.9728,1,2.205,0.9977,19,0
SPY190719C298,2019-07-17,2019-07-17 09:38:54,2.22,1.0045,9,2.19,0.9909,10,2.15,0.9728,1,2.205,0.9977,19,0
SPY190719C298,2019-07-17,2019-07-17 09:38:54,2.21,1.0,7,2.19,0.9909,10,2.15,0.9728,1,2.2,0.9954,19,0
SPY190719C298,2019-07-17,2019-07-17 09:38:55,2.22,1.0045,6,2.2,0.9954,10,2.15,0.9728,1,2.21,1.0,19,0
SPY190719C298,2019-07-17,2019-07-17 09:38:56,2.22,1.0045,13,2.19,0.9909,10,2.15,0.9728,1,2.205,0.9977,19,0
SPY190719C298,2019-07-17,2019-07-17 09:38:56,2.21,1.0,7,2.19,0.9909,10,2.15,0.9728,1,2.2,0.9954,19,0
SPY190719C298,2019-07-17,2019-07-17 09:38:57,2.21,1.0,10,2.19,0.9909,11,2.15,0.9728,1,2.2,0.9954,19,0
SPY190719C298,2019-07-17,2019-07-17 09:38:58,2.21,1.0,7,2.19,0.9909,10,2.15,0.9728,1,2.2,0.9954,19,0
SPY190719C298,2019-07-17,2019-07-17 09:38:58,2.21,1.0,7,2.19,0.9909,16,2.15,0.9728,1,2.2,0.9954,19,0
SPY190719C298,2019-07-17,2019-07-17 09:38:59,2.21,1.0,10,2.19,0.9909,10,2.15,0.9728,1,2.2,0.9954,19,0
SPY190719C298,2019-07-17,2019-07-17 09:38:59,2.21,1.0,7,2.19,0.9909,34,2.15,0.9728,1,2.2,0.9954,19,0
SPY190719C298,2019-07-17,2019-07-17 09:39:00,2.21,1.0,7,2.19,0.9909,44,2.15,0.9728,1,2.2,0.9954,19,0
SPY190719C298,2019-07-17,2019-07-17 09:39:01,2.23,1.009,10,2.21,1.0,1,2.15,0.9728,1,2.22,1.0045,19,0
SPY190719C298,2019-07-17,2019-07-17 09:39:02,2.23,1.009,40,2.2,0.9954,10,2.15,0.9728,1,2.215,1.0022,19,0
SPY190719C298,2019-07-17,2019-07-17 09:39:03,2.23,1.009,48,2.2,0.9954,10,2.15,0.9728,1,2.215,1.0022,19,0
SPY190719C298,2019-07-17,2019-07-17 09:39:03,2.23,1.009,31,2.21,1.0,1,2.15,0.9728,1,2.22,1.0045,19,0
SPY190719C298,2019-07-17,2019-07-17 09:39:04,2.23,1.009,31,2.21,1.0,12,2.15,0.9728,1,2.22,1.0045,19,0
SPY190719C298,2019-07-17,2019-07-17 09:39:04,2.23,1.009,31,2.21,1.0,1,2.15,0.9728,1,2.22,1.0045,19,0
SPY190719C298,2019-07-17,2019-07-17 09:39:05,2.23,1.009,7,2.21,1.0,1,2.15,0.9728,1,2.22,1.0045,19,0
SPY190719C298,2019-07-17,2019-07-17 09:39:05,2.23,1.009,31,2.21,1.0,1,2.15,0.9728,1,2.22,1.0045,19,0
SPY190719C298,2019-07-17,2019-07-17 09:39:06,2.22,1.0045,20,2.19,0.9909,10,2.15,0.9728,1,2.205,0.9977,19,0
SPY190719C298,2019-07-17,2019-07-17 09:39:06,2.23,1.009,7,2.19,0.9909,10,2.15,0.9728,1,2.21,1.0,19,0
SPY190719C298,2019-07-17,2019-07-17 09:39:07,2.23,1.009,8,2.2,0.9954,8,2.15,0.9728,1,2.215,1.0022,19,0
SPY190719C298,2019-07-17,2019-07-17 09:39:07,2.22,1.0045,20,2.2,0.9954,1,2.15,0.9728,1,2.21,1.0,19,0
SPY190719C298,2019-07-17,2019-07-17 09:39:08,2.23,1.009,10,2.19,0.9909,168,2.15,0.9728,1,2.21,1.0,19,0
SPY190719C298,2019-07-17,2019-07-17 09:39:09,2.22,1.0045,8,2.19,0.9909,12,2.15,0.9728,1,2.205,0.9977,19,0
SPY190719C298,2019-07-17,2019-07-17 09:39:09,2.22,1.0045,16,2.19,0.9909,55,2.15,0.9728,1,2.205,0.9977,19,0
SPY190719C298,2019-07-17,2019-07-17 09:39:10,2.23,1.009,7,2.21,1.0,1,2.15,0.9728,1,2.22,1.0045,19,0
SPY190719C298,2019-07-17,2019-07-17 09:39:11,2.22,1.0045,7,2.2,0.9954,7,2.15,0.9728,1,2.21,1.0,19,0
SPY190719C298,2019-07-17,2019-07-17 09:39:11,2.23,1.009,111,2.2,0.9954,10,2.15,0.9728,1,2.215,1.0022,19,0
SPY190719C298,2019-07-17,2019-07-17 09:39:12,2.23,1.009,11,2.19,0.9909,38,2.15,0.9728,1,2.21,1.0,19,0
SPY190719C298,2019-07-17,2019-07-17 09:39:12,2.23,1.009,10,2.2,0.9954,147,2.15,0.9728,1,2.215,1.0022,19,0
SPY190719C298,2019-07-17,2019-07-17 09:39:13,2.23,1.009,10,2.21,1.0,8,2.15,0.9728,1,2.22,1.0045,19,0
SPY190719C298,2019-07-17,2019-07-17 09:39:14,2.24,1.0135,1,2.22,1.0045,1,2.15,0.9728,1,2.23,1.009,19,0
SPY190719C298,2019-07-17,2019-07-17 09:39:14,2.24,1.0135,7,2.21,1.0,8,2.15,0.9728,1,2.225,1.0067,19,0
SPY190719C298,2019-07-17,2019-07-17 09:39:15,2.25,1.018,8,2.22,1.0045,8,2.15,0.9728,1,2.235,1.0113,19,0
SPY190719C298,2019-07-17,2019-07-17 09:39:15,2.24,1.0135,1,2.22,1.0045,1,2.15,0.9728,1,2.23,1.009,19,0
SPY190719C298,2019-07-17,2019-07-17 09:39:16,2.25,1.018,7,2.23,1.009,13,2.15,0.9728,1,2.24,1.0135,19,0
SPY190719C298,2019-07-17,2019-07-17 09:39:17,2.25,1.018,7,2.23,1.009,10,2.15,0.9728,1,2.24,1.0135,19,0
SPY190719C298,2019-07-17,2019-07-17 09:39:18,2.25,1.018,7,2.23,1.009,10,2.15,0.9728,1,2.24,1.0135,19,0
SPY190719C298,2019-07-17,2019-07-17 09:39:19,2.25,1.018,10,2.23,1.009,10,2.15,0.9728,1,2.24,1.0135,19,0
SPY190719C298,2019-07-17,2019-07-17 09:39:20,2.25,1.018,10,2.23,1.009,10,2.15,0.9728,1,2.24,1.0135,19,0
SPY190719C298,2019-07-17,2019-07-17 09:39:21,2.25,1.018,10,2.23,1.009,10,2.15,0.9728,1,2.24,1.0135,19,0
SPY190719C298,2019-07-17,2019-07-17 09:39:22,2.25,1.018,7,2.23,1.009,10,2.15,0.9728,1,2.24,1.0135,19,0
SPY190719C298,2019-07-17,2019-07-17 09:39:23,2.25,1.018,10,2.23,1.009,10,2.15,0.9728,1,2.24,1.0135,19,0
SPY190719C298,2019-07-17,2019-07-17 09:39:24,2.25,1.018,7,2.23,1.009,10,2.15,0.9728,1,2.24,1.0135,19,0
SPY190719C298,2019-07-17,2019-07-17 09:39:24,2.25,1.018,10,2.23,1.009,10,2.15,0.9728,1,2.24,1.0135,19,0
SPY190719C298,2019-07-17,2019-07-17 09:39:25,2.25,1.018,10,2.23,1.009,10,2.15,0.9728,1,2.24,1.0135,19,0
SPY190719C298,2019-07-17,2019-07-17 09:39:26,2.25,1.018,10,2.23,1.009,10,2.15,0.9728,1,2.24,1.0135,19,0
SPY190719C298,2019-07-17,2019-07-17 09:39:27,2.25,1.018,10,2.23,1.009,10,2.15,0.9728,1,2.24,1.0135,19,0
SPY190719C298,2019-07-17,2019-07-17 09:39:28,2.25,1.018,10,2.23,1.009,10,2.15,0.9728,1,2.24,1.0135,19,0
SPY190719C298,2019-07-17,2019-07-17 09:39:29,2.25,1.018,10,2.23,1.009,10,2.15,0.9728,1,2.24,1.0135,19,0
SPY190719C298,2019-07-17,2019-07-17 09:39:29,2.26,1.0226,7,2.23,1.009,10,2.15,0.9728,1,2.245,1.0158,19,0
SPY190719C298,2019-07-17,2019-07-17 09:39:30,2.26,1.0226,8,2.23,1.009,10,2.15,0.9728,1,2.245,1.0158,19,0
SPY190719C298,2019-07-17,2019-07-17 09:39:30,2.25,1.018,7,2.23,1.009,10,2.15,0.9728,1,2.24,1.0135,19,0
SPY190719C298,2019-07-17,2019-07-17 09:39:31,2.25,1.018,7,2.23,1.009,10,2.15,0.9728,1,2.24,1.0135,19,0
SPY190719C298,2019-07-17,2019-07-17 09:39:32,2.25,1.018,10,2.23,1.009,10,2.15,0.9728,1,2.24,1.0135,19,0
SPY190719C298,2019-07-17,2019-07-17 09:39:32,2.25,1.018,9,2.23,1.009,10,2.15,0.9728,1,2.24,1.0135,19,0
SPY190719C298,2019-07-17,2019-07-17 09:39:33,2.25,1.018,10,2.23,1.009,10,2.15,0.9728,1,2.24,1.0135,19,0
SPY190719C298,2019-07-17,2019-07-17 09:39:34,2.25,1.018,6,2.23,1.009,10,2.15,0.9728,1,2.24,1.0135,19,0
SPY190719C298,2019-07-17,2019-07-17 09:39:35,2.25,1.018,7,2.23,1.009,10,2.15,0.9728,1,2.24,1.0135,19,0
SPY190719C298,2019-07-17,2019-07-17 09:39:35,2.26,1.0226,7,2.23,1.009,10,2.15,0.9728,1,2.245,1.0158,19,0
SPY190719C298,2019-07-17,2019-07-17 09:39:36,2.28,1.0316,172,2.24,1.0135,6,2.15,0.9728,1,2.26,1.0226,19,0
SPY190719C298,2019-07-17,2019-07-17 09:39:36,2.27,1.0271,7,2.25,1.018,8,2.15,0.9728,1,2.26,1.0226,19,0
SPY190719C298,2019-07-17,2019-07-17 09:39:37,2.27,1.0271,10,2.25,1.018,8,2.15,0.9728,1,2.26,1.0226,19,0
SPY190719C298,2019-07-17,2019-07-17 09:39:38,2.28,1.0316,3,2.25,1.018,10,2.15,0.9728,1,2.265,1.0248,19,0
SPY190719C298,2019-07-17,2019-07-17 09:39:38,2.29,1.0361,172,2.26,1.0226,1,2.15,0.9728,1,2.275,1.0294,19,0
SPY190719C298,2019-07-17,2019-07-17 09:39:39,2.28,1.0316,7,2.26,1.0226,1,2.15,0.9728,1,2.27,1.0271,19,0
SPY190719C298,2019-07-17,2019-07-17 09:39:39,2.28,1.0316,11,2.25,1.018,101,2.15,0.9728,1,2.265,1.0248,19,0
SPY190719C298,2019-07-17,2019-07-17 09:39:40,2.29,1.0361,7,2.26,1.0226,10,2.15,0.9728,1,2.275,1.0294,19,0
SPY190719C298,2019-07-17,2019-07-17 09:39:40,2.28,1.0316,7,2.26,1.0226,10,2.15,0.9728,1,2.27,1.0271,19,0
SPY190719C298,2019-07-17,2019-07-17 09:39:41,2.3,1.0407,41,2.27,1.0271,101,2.15,0.9728,1,2.285,1.0339,19,0
SPY190719C298,2019-07-17,2019-07-17 09:39:41,2.29,1.0361,7,2.26,1.0226,10,2.15,0.9728,1,2.275,1.0294,19,0
SPY190719C298,2019-07-17,2019-07-17 09:39:42,2.3,1.0407,41,2.27,1.0271,101,2.15,0.9728,1,2.285,1.0339,19,0
SPY190719C298,2019-07-17,2019-07-17 09:39:43,2.31,1.0452,11,2.29,1.0361,100,2.15,0.9728,1,2.3,1.0407,19,0
SPY190719C298,2019-07-17,2019-07-17 09:39:43,2.31,1.0452,8,2.29,1.0361,1,2.15,0.9728,1,2.3,1.0407,19,0
SPY190719C298,2019-07-17,2019-07-17 09:39:44,2.31,1.0452,10,2.3,1.0407,2,2.15,0.9728,1,2.305,1.0429,19,0
SPY190719C298,2019-07-17,2019-07-17 09:39:44,2.31,1.0452,7,2.28,1.0316,167,2.15,0.9728,1,2.295,1.0384,19,0
SPY190719C298,2019-07-17,2019-07-17 09:39:45,2.31,1.0452,8,2.3,1.0407,2,2.15,0.9728,1,2.305,1.0429,19,0
SPY190719C298,2019-07-17,2019-07-17 09:39:45,2.31,1.0452,7,2.3,1.0407,4,2.15,0.9728,1,2.305,1.0429,19,0
SPY190719C298,2019-07-17,2019-07-17 09:39:46,2.31,1.0452,11,2.29,1.0361,10,2.3,1.0407,2,2.3,1.0407,21,2
SPY190719C298,2019-07-17,2019-07-17 09:39:47,2.31,1.0452,10,2.29,1.0361,10,2.3,1.0407,2,2.3,1.0407,21,0
SPY190719C298,2019-07-17,2019-07-17 09:39:48,2.32,1.0497,75,2.29,1.0361,7,2.3,1.0407,2,2.305,1.0429,21,0
SPY190719C298,2019-07-17,2019-07-17 09:39:48,2.31,1.0452,10,2.29,1.0361,10,2.3,1.0407,2,2.3,1.0407,21,0
SPY190719C298,2019-07-17,2019-07-17 09:39:49,2.33,1.0542,1,2.31,1.0452,2,2.3,1.0407,2,2.32,1.0497,21,0
SPY190719C298,2019-07-17,2019-07-17 09:39:50,2.34,1.0588,143,2.31,1.0452,1,2.3,1.0407,2,2.325,1.052,21,0
SPY190719C298,2019-07-17,2019-07-17 09:39:50,2.34,1.0588,143,2.31,1.0452,2,2.3,1.0407,2,2.325,1.052,21,0
SPY190719C298,2019-07-17,2019-07-17 09:39:51,2.33,1.0542,8,2.31,1.0452,1,2.3,1.0407,2,2.32,1.0497,21,0
SPY190719C298,2019-07-17,2019-07-17 09:39:51,2.34,1.0588,110,2.31,1.0452,1,2.3,1.0407,2,2.325,1.052,21,0
SPY190719C298,2019-07-17,2019-07-17 09:39:52,2.32,1.0497,181,2.28,1.0316,101,2.3,1.0407,10,2.3,1.0407,31,10
SPY190719C298,2019-07-17,2019-07-17 09:39:52,2.31,1.0452,8,2.28,1.0316,17,2.3,1.0407,10,2.295,1.0384,31,0
SPY190719C298,2019-07-17,2019-07-17 09:39:53,2.32,1.0497,119,2.29,1.0361,1,2.3,1.0407,10,2.305,1.0429,31,0
SPY190719C298,2019-07-17,2019-07-17 09:39:54,2.31,1.0452,8,2.29,1.0361,1,2.3,1.0407,10,2.3,1.0407,31,0
SPY190719C298,2019-07-17,2019-07-17 09:39:54,2.31,1.0452,11,2.29,1.0361,1,2.3,1.0407,10,2.3,1.0407,31,0
SPY190719C298,2019-07-17,2019-07-17 09:39:55,2.31,1.0452,10,2.29,1.0361,1,2.3,1.0407,10,2.3,1.0407,31,0
SPY190719C298,2019-07-17,2019-07-17 09:39:55,2.31,1.0452,12,2.29,1.0361,1,2.3,1.0407,10,2.3,1.0407,31,0
SPY190719C298,2019-07-17,2019-07-17 09:39:56,2.31,1.0452,10,2.29,1.0361,1,2.3,1.0407,10,2.3,1.0407,31,0
SPY190719C298,2019-07-17,2019-07-17 09:39:56,2.31,1.0452,28,2.29,1.0361,1,2.3,1.0407,10,2.3,1.0407,31,0
SPY190719C298,2019-07-17,2019-07-17 09:39:57,2.31,1.0452,60,2.29,1.0361,1,2.3,1.0407,10,2.3,1.0407,31,0
SPY190719C298,2019-07-17,2019-07-17 09:39:58,2.29,1.0361,10,2.27,1.0271,1,2.3,1.0407,10,2.28,1.0316,31,0
SPY190719C298,2019-07-17,2019-07-17 09:39:58,2.3,1.0407,173,2.26,1.0226,10,2.3,1.0407,10,2.28,1.0316,31,0
SPY190719C298,2019-07-17,2019-07-17 09:39:59,2.27,1.0271,11,2.23,1.009,7,2.3,1.0407,10,2.25,1.018,31,0
SPY190719C298,2019-07-17,2019-07-17 09:39:59,2.27,1.0271,11,2.23,1.009,11,2.3,1.0407,10,2.25,1.018,31,0
SPY190719C298,2019-07-17,2019-07-17 09:40:00,2.26,1.0226,11,2.23,1.009,7,2.3,1.0407,10,2.245,1.0158,31,0
SPY190719C298,2019-07-17,2019-07-17 09:40:00,2.26,1.0226,17,2.23,1.009,7,2.3,1.0407,10,2.245,1.0158,31,0
SPY190719C298,2019-07-17,2019-07-17 09:40:01,2.26,1.0226,17,2.23,1.009,11,2.3,1.0407,10,2.245,1.0158,31,0
SPY190719C298,2019-07-17,2019-07-17 09:40:02,2.28,1.0316,106,2.24,1.0135,6,2.3,1.0407,10,2.26,1.0226,31,0
SPY190719C298,2019-07-17,2019-07-17 09:40:02,2.27,1.0271,38,2.24,1.0135,101,2.3,1.0407,10,2.255,1.0203,31,0
SPY190719C298,2019-07-17,2019-07-17 09:40:03,2.3,1.0407,171,2.26,1.0226,100,2.3,1.0407,10,2.28,1.0316,31,0
SPY190719C298,2019-07-17,2019-07-17 09:40:03,2.3,1.0407,172,2.27,1.0271,7,2.3,1.0407,10,2.285,1.0339,31,0
SPY190719C298,2019-07-17,2019-07-17 09:40:04,2.3,1.0407,172,2.27,1.0271,11,2.3,1.0407,10,2.285,1.0339,31,0
SPY190719C298,2019-07-17,2019-07-17 09:40:04,2.3,1.0407,172,2.27,1.0271,1,2.3,1.0407,10,2.285,1.0339,31,0
SPY190719C298,2019-07-17,2019-07-17 09:40:05,2.29,1.0361,8,2.27,1.0271,1,2.3,1.0407,10,2.28,1.0316,31,0
SPY190719C298,2019-07-17,2019-07-17 09:40:06,2.29,1.0361,10,2.27,1.0271,1,2.3,1.0407,10,2.28,1.0316,31,0
SPY190719C298,2019-07-17,2019-07-17 09:40:06,2.31,1.0452,49,2.27,1.0271,101,2.3,1.0407,10,2.29,1.0361,31,0
SPY190719C298,2019-07-17,2019-07-17 09:40:07,2.31,1.0452,49,2.29,1.0361,10,2.3,1.0407,10,2.3,1.0407,31,0
SPY190719C298,2019-07-17,2019-07-17 09:40:07,2.32,1.0497,7,2.31,1.0452,1,2.3,1.0407,10,2.315,1.0475,31,0
SPY190719C298,2019-07-17,2019-07-17 09:40:08,2.32,1.0497,7,2.31,1.0452,1,2.3,1.0407,10,2.315,1.0475,31,0
SPY190719C298,2019-07-17,2019-07-17 09:40:08,2.33,1.0542,39,2.31,1.0452,1,2.3,1.0407,10,2.32,1.0497,31,0
SPY190719C298,2019-07-17,2019-07-17 09:40:09,2.34,1.0588,107,2.31,1.0452,1,2.3,1.0407,10,2.325,1.052,31,0
SPY190719C298,2019-07-17,2019-07-17 09:40:09,2.33,1.0542,8,2.31,1.0452,2,2.3,1.0407,10,2.32,1.0497,31,0
SPY190719C298,2019-07-17,2019-07-17 09:40:10,2.31,1.0452,6,2.28,1.0316,10,2.3,1.0407,10,2.295,1.0384,31,0
SPY190719C298,2019-07-17,2019-07-17 09:40:10,2.32,1.0497,20,2.29,1.0361,10,2.3,1.0407,10,2.305,1.0429,31,0
SPY190719C298,2019-07-17,2019-07-17 09:40:11,2.31,1.0452,10,2.28,1.0316,10,2.3,1.0407,10,2.295,1.0384,31,0
SPY190719C298,2019-07-17,2019-07-17 09:40:12,2.31,1.0452,18,2.29,1.0361,8,2.3,1.0407,10,2.3,1.0407,31,0
SPY190719C298,2019-07-17,2019-07-17 09:40:12,2.31,1.0452,28,2.28,1.0316,10,2.3,1.0407,10,2.295,1.0384,31,0
SPY190719C298,2019-07-17,2019-07-17 09:40:13,2.31,1.0452,18,2.29,1.0361,1,2.3,1.0407,10,2.3,1.0407,31,0
SPY190719C298,2019-07-17,2019-07-17 09:40:13,2.31,1.0452,8,2.29,1.0361,3,2.3,1.0407,10,2.3,1.0407,31,0
SPY190719C298,2019-07-17,2019-07-17 09:40:14,2.31,1.0452,8,2.29,1.0361,10,2.3,1.0407,10,2.3,1.0407,31,0
SPY190719C298,2019-07-17,2019-07-17 09:40:14,2.31,1.0452,8,2.3,1.0407,1,2.3,1.0407,10,2.305,1.0429,31,0
SPY190719C298,2019-07-17,2019-07-17 09:40:15,2.31,1.0452,10,2.3,1.0407,1,2.3,1.0407,10,2.305,1.0429,31,0
SPY190719C298,2019-07-17,2019-07-17 09:40:16,2.31,1.0452,1,2.3,1.0407,8,2.3,1.0407,10,2.305,1.0429,31,0
SPY190719C298,2019-07-17,2019-07-17 09:40:17,2.31,1.0452,10,2.3,1.0407,1,2.3,1.0407,10,2.305,1.0429,31,0
SPY190719C298,2019-07-17,2019-07-17 09:40:17,2.32,1.0497,100,2.3,1.0407,1,2.3,1.0407,10,2.31,1.0452,31,0
SPY190719C298,2019-07-17,2019-07-17 09:40:18,2.32,1.0497,100,2.3,1.0407,7,2.3,1.0407,10,2.31,1.0452,31,0
SPY190719C298,2019-07-17,2019-07-17 09:40:19,2.33,1.0542,66,2.28,1.0316,171,2.3,1.0407,10,2.305,1.0429,31,0
SPY190719C298,2019-07-17,2019-07-17 09:40:19,2.33,1.0542,66,2.31,1.0452,8,2.3,1.0407,10,2.32,1.0497,31,0
SPY190719C298,2019-07-17,2019-07-17 09:40:20,2.33,1.0542,66,2.3,1.0407,101,2.3,1.0407,10,2.315,1.0475,31,0
SPY190719C298,2019-07-17,2019-07-17 09:40:20,2.33,1.0542,33,2.31,1.0452,1,2.3,1.0407,10,2.32,1.0497,31,0
SPY190719C298,2019-07-17,2019-07-17 09:40:21,2.33,1.0542,33,2.31,1.0452,8,2.3,1.0407,10,2.32,1.0497,31,0
SPY190719C298,2019-07-17,2019-07-17 09:40:22,2.33,1.0542,10,2.32,1.0497,1,2.3,1.0407,10,2.325,1.052,31,0
SPY190719C298,2019-07-17,2019-07-17 09:40:23,2.33,1.0542,10,2.32,1.0497,1,2.3,1.0407,10,2.325,1.052,31,0
SPY190719C298,2019-07-17,2019-07-17 09:40:24,2.34,1.0588,6,2.32,1.0497,6,2.3,1.0407,10,2.33,1.0542,31,0
SPY190719C298,2019-07-17,2019-07-17 09:40:24,2.35,1.0633,104,2.32,1.0497,11,2.3,1.0407,10,2.335,1.0565,31,0
SPY190719C298,2019-07-17,2019-07-17 09:40:25,2.34,1.0588,7,2.33,1.0542,1,2.3,1.0407,10,2.335,1.0565,31,0
SPY190719C298,2019-07-17,2019-07-17 09:40:26,2.34,1.0588,7,2.33,1.0542,1,2.3,1.0407,10,2.335,1.0565,31,0
SPY190719C298,2019-07-17,2019-07-17 09:40:26,2.34,1.0588,10,2.33,1.0542,1,2.3,1.0407,10,2.335,1.0565,31,0
SPY190719C298,2019-07-17,2019-07-17 09:40:27,2.34,1.0588,7,2.33,1.0542,1,2.3,1.0407,10,2.335,1.0565,31,0
SPY190719C298,2019-07-17,2019-07-17 09:40:28,2.34,1.0588,7,2.33,1.0542,1,2.3,1.0407,10,2.335,1.0565,31,0
SPY190719C298,2019-07-17,2019-07-17 09:40:28,2.35,1.0633,104,2.33,1.0542,1,2.3,1.0407,10,2.34,1.0588,31,0
SPY190719C298,2019-07-17,2019-07-17 09:40:29,2.35,1.0633,104,2.33,1.0542,1,2.3,1.0407,10,2.34,1.0588,31,0
SPY190719C298,2019-07-17,2019-07-17 09:40:29,2.34,1.0588,7,2.33,1.0542,1,2.3,1.0407,10,2.335,1.0565,31,0
SPY190719C298,2019-07-17,2019-07-17 09:40:30,2.34,1.0588,7,2.33,1.0542,1,2.3,1.0407,10,2.335,1.0565,31,0
SPY190719C298,2019-07-17,2019-07-17 09:40:31,2.35,1.0633,100,2.33,1.0542,1,2.3,1.0407,10,2.34,1.0588,31,0
SPY190719C298,2019-07-17,2019-07-17 09:40:32,2.35,1.0633,94,2.33,1.0542,1,2.3,1.0407,10,2.34,1.0588,31,0
SPY190719C298,2019-07-17,2019-07-17 09:40:32,2.35,1.0633,94,2.33,1.0542,8,2.3,1.0407,10,2.34,1.0588,31,0
SPY190719C298,2019-07-17,2019-07-17 09:40:33,2.35,1.0633,50,2.33,1.0542,1,2.3,1.0407,10,2.34,1.0588,31,0
SPY190719C298,2019-07-17,2019-07-17 09:40:33,2.35,1.0633,94,2.33,1.0542,8,2.3,1.0407,10,2.34,1.0588,31,0
SPY190719C298,2019-07-17,2019-07-17 09:40:34,2.37,1.0723,43,2.34,1.0588,101,2.3,1.0407,10,2.355,1.0656,31,0
SPY190719C298,2019-07-17,2019-07-17 09:40:34,2.37,1.0723,41,2.35,1.0633,1,2.3,1.0407,10,2.36,1.0678,31,0
SPY190719C298,2019-07-17,2019-07-17 09:40:35,2.36,1.0678,7,2.35,1.0633,1,2.3,1.0407,10,2.355,1.0656,31,0
SPY190719C298,2019-07-17,2019-07-17 09:40:35,2.36,1.0678,10,2.35,1.0633,1,2.3,1.0407,10,2.355,1.0656,31,0
SPY190719C298,2019-07-17,2019-07-17 09:40:36,2.36,1.0678,10,2.35,1.0633,1,2.3,1.0407,10,2.355,1.0656,31,0
SPY190719C298,2019-07-17,2019-07-17 09:40:37,2.35,1.0633,1,2.32,1.0497,1,2.3,1.0407,10,2.335,1.0565,31,0
SPY190719C298,2019-07-17,2019-07-17 09:40:37,2.36,1.0678,10,2.35,1.0633,1,2.3,1.0407,10,2.355,1.0656,31,0
SPY190719C298,2019-07-17,2019-07-17 09:40:38,2.35,1.0633,1,2.32,1.0497,101,2.3,1.0407,10,2.335,1.0565,31,0
SPY190719C298,2019-07-17,2019-07-17 09:40:38,2.35,1.0633,8,2.33,1.0542,1,2.3,1.0407,10,2.34,1.0588,31,0
SPY190719C298,2019-07-17,2019-07-17 09:40:39,2.34,1.0588,7,2.33,1.0542,1,2.3,1.0407,10,2.335,1.0565,31,0
SPY190719C298,2019-07-17,2019-07-17 09:40:39,2.34,1.0588,10,2.33,1.0542,1,2.3,1.0407,10,2.335,1.0565,31,0
SPY190719C298,2019-07-17,2019-07-17 09:40:40,2.34,1.0588,8,2.33,1.0542,1,2.3,1.0407,10,2.335,1.0565,31,0
SPY190719C298,2019-07-17,2019-07-17 09:40:41,2.35,1.0633,8,2.34,1.0588,1,2.3,1.0407,10,2.345,1.061,31,0
SPY190719C298,2019-07-17,2019-07-17 09:40:41,2.34,1.0588,7,2.33,1.0542,1,2.3,1.0407,10,2.335,1.0565,31,0
SPY190719C298,2019-07-17,2019-07-17 09:40:42,2.35,1.0633,6,2.34,1.0588,1,2.3,1.0407,10,2.345,1.061,31,0
SPY190719C298,2019-07-17,2019-07-17 09:40:43,2.35,1.0633,10,2.33,1.0542,1,2.3,1.0407,10,2.34,1.0588,31,0
SPY190719C298,2019-07-17,2019-07-17 09:40:43,2.35,1.0633,43,2.33,1.0542,1,2.3,1.0407,10,2.34,1.0588,31,0
SPY190719C298,2019-07-17,2019-07-17 09:40:44,2.36,1.0678,171,2.33,1.0542,100,2.3,1.0407,10,2.345,1.061,31,0
SPY190719C298,2019-07-17,2019-07-17 09:40:45,2.34,1.0588,10,2.32,1.0497,17,2.3,1.0407,10,2.33,1.0542,31,0
SPY190719C298,2019-07-17,2019-07-17 09:40:45,2.35,1.0633,9,2.33,1.0542,1,2.3,1.0407,10,2.34,1.0588,31,0
SPY190719C298,2019-07-17,2019-07-17 09:40:46,2.35,1.0633,25,2.32,1.0497,17,2.3,1.0407,10,2.335,1.0565,31,0
SPY190719C298,2019-07-17,2019-07-17 09:40:46,2.34,1.0588,10,2.32,1.0497,17,2.3,1.0407,10,2.33,1.0542,31,0
SPY190719C298,2019-07-17,2019-07-17 09:40:47,2.35,1.0633,6,2.32,1.0497,17,2.3,1.0407,10,2.335,1.0565,31,0
SPY190719C298,2019-07-17,2019-07-17 09:40:48,2.35,1.0633,28,2.32,1.0497,17,2.3,1.0407,10,2.335,1.0565,31,0
SPY190719C298,2019-07-17,2019-07-17 09:40:49,2.34,1.0588,7,2.33,1.0542,1,2.3,1.0407,10,2.335,1.0565,31,0
SPY190719C298,2019-07-17,2019-07-17 09:40:50,2.34,1.0588,7,2.34,1.0588,1,2.3,1.0407,10,2.34,1.0588,31,0
SPY190719C298,2019-07-17,2019-07-17 09:40:50,2.35,1.0633,8,2.34,1.0588,1,2.3,1.0407,10,2.345,1.061,31,0
SPY190719C298,2019-07-17,2019-07-17 09:40:51,2.36,1.0678,65,2.34,1.0588,10,2.3,1.0407,10,2.35,1.0633,31,0
SPY190719C298,2019-07-17,2019-07-17 09:40:52,2.37,1.0723,65,2.35,1.0633,1,2.3,1.0407,10,2.36,1.0678,31,0
SPY190719C298,2019-07-17,2019-07-17 09:40:52,2.37,1.0723,75,2.34,1.0588,101,2.3,1.0407,10,2.355,1.0656,31,0
SPY190719C298,2019-07-17,2019-07-17 09:40:53,2.37,1.0723,10,2.35,1.0633,1,2.3,1.0407,10,2.36,1.0678,31,0
SPY190719C298,2019-07-17,2019-07-17 09:40:54,2.35,1.0633,7,2.33,1.0542,1,2.3,1.0407,10,2.34,1.0588,31,0
SPY190719C298,2019-07-17,2019-07-17 09:40:54,2.38,1.0769,170,2.35,1.0633,1,2.3,1.0407,10,2.365,1.0701,31,0
SPY190719C298,2019-07-17,2019-07-17 09:40:55,2.35,1.0633,9,2.33,1.0542,1,2.3,1.0407,10,2.34,1.0588,31,0
SPY190719C298,2019-07-17,2019-07-17 09:40:56,2.34,1.0588,5,2.31,1.0452,100,2.3,1.0407,10,2.325,1.052,31,0
SPY190719C298,2019-07-17,2019-07-17 09:40:57,2.34,1.0588,48,2.31,1.0452,100,2.3,1.0407,10,2.325,1.052,31,0
SPY190719C298,2019-07-17,2019-07-17 09:40:57,2.33,1.0542,67,2.31,1.0452,8,2.3,1.0407,10,2.32,1.0497,31,0
SPY190719C298,2019-07-17,2019-07-17 09:40:58,2.33,1.0542,67,2.31,1.0452,12,2.3,1.0407,10,2.32,1.0497,31,0
