symbol,Date,quote_time,ask_price,norm_ask_price,ask_size,bid_price,norm_bid_price,bid_size,last_trade_price,norm_last_trade_price,last_trade_size,mark_price,norm_mark_price,volume,Volume
SPY190802C295,2019-08-01,2019-08-01 09:34:34,3.54,1.0,10,3.49,0.9858,67,3.22,0.9096,2,3.515,0.9929,30,30
SPY190802C295,2019-08-01,2019-08-01 09:34:35,3.54,1.0,62,3.49,0.9858,110,3.22,0.9096,2,3.515,0.9929,30,0
SPY190802C295,2019-08-01,2019-08-01 09:34:36,3.53,0.9971,10,3.47,0.9802,10,3.22,0.9096,2,3.5,0.9887,30,0
SPY190802C295,2019-08-01,2019-08-01 09:34:36,3.68,1.0395,16,3.5,0.9887,2,3.22,0.9096,2,3.59,1.0141,30,0
SPY190802C295,2019-08-01,2019-08-01 09:34:37,3.53,0.9971,125,3.47,0.9802,106,3.22,0.9096,2,3.5,0.9887,30,0
SPY190802C295,2019-08-01,2019-08-01 09:34:37,3.53,0.9971,106,3.47,0.9802,106,3.22,0.9096,2,3.5,0.9887,30,0
SPY190802C295,2019-08-01,2019-08-01 09:34:38,3.53,0.9971,77,3.47,0.9802,7,3.22,0.9096,2,3.5,0.9887,30,0
SPY190802C295,2019-08-01,2019-08-01 09:34:39,3.51,0.9915,10,3.44,0.9717,10,3.22,0.9096,2,3.475,0.9816,30,0
SPY190802C295,2019-08-01,2019-08-01 09:34:39,3.49,0.9858,10,3.43,0.9689,114,3.22,0.9096,2,3.46,0.9774,30,0
SPY190802C295,2019-08-01,2019-08-01 09:34:40,3.47,0.9802,8,3.44,0.9717,12,3.22,0.9096,2,3.455,0.9759,30,0
SPY190802C295,2019-08-01,2019-08-01 09:34:40,3.47,0.9802,8,3.44,0.9717,8,3.22,0.9096,2,3.455,0.9759,30,0
SPY190802C295,2019-08-01,2019-08-01 09:34:41,3.48,0.983,10,3.43,0.9689,127,3.22,0.9096,2,3.455,0.9759,30,0
SPY190802C295,2019-08-01,2019-08-01 09:34:42,3.46,0.9774,10,3.4,0.9604,86,3.22,0.9096,2,3.43,0.9689,30,0
SPY190802C295,2019-08-01,2019-08-01 09:34:42,3.48,0.983,10,3.43,0.9689,64,3.22,0.9096,2,3.455,0.9759,30,0
SPY190802C295,2019-08-01,2019-08-01 09:34:43,3.46,0.9774,10,3.41,0.9632,108,3.22,0.9096,2,3.435,0.9703,30,0
SPY190802C295,2019-08-01,2019-08-01 09:34:43,3.46,0.9774,10,3.41,0.9632,50,3.22,0.9096,2,3.435,0.9703,30,0
SPY190802C295,2019-08-01,2019-08-01 09:34:44,3.46,0.9774,10,3.39,0.9576,210,3.22,0.9096,2,3.425,0.9675,30,0
SPY190802C295,2019-08-01,2019-08-01 09:34:44,3.45,0.9745,8,3.42,0.9661,8,3.22,0.9096,2,3.435,0.9703,30,0
SPY190802C295,2019-08-01,2019-08-01 09:34:45,3.45,0.9745,8,3.42,0.9661,8,3.22,0.9096,2,3.435,0.9703,30,0
SPY190802C295,2019-08-01,2019-08-01 09:34:45,3.47,0.9802,103,3.41,0.9632,5,3.22,0.9096,2,3.44,0.9717,30,0
SPY190802C295,2019-08-01,2019-08-01 09:34:46,3.47,0.9802,127,3.41,0.9632,97,3.22,0.9096,2,3.44,0.9717,30,0
SPY190802C295,2019-08-01,2019-08-01 09:34:47,3.48,0.983,127,3.42,0.9661,10,3.22,0.9096,2,3.45,0.9745,30,0
SPY190802C295,2019-08-01,2019-08-01 09:34:47,3.47,0.9802,75,3.4,0.9604,10,3.22,0.9096,2,3.435,0.9703,30,0
SPY190802C295,2019-08-01,2019-08-01 09:34:48,3.48,0.983,81,3.43,0.9689,99,3.22,0.9096,2,3.455,0.9759,30,0
SPY190802C295,2019-08-01,2019-08-01 09:34:48,3.49,0.9858,162,3.43,0.9689,10,3.22,0.9096,2,3.46,0.9774,30,0
SPY190802C295,2019-08-01,2019-08-01 09:34:49,3.47,0.9802,5,3.42,0.9661,78,3.22,0.9096,2,3.445,0.9731,30,0
SPY190802C295,2019-08-01,2019-08-01 09:34:49,3.48,0.983,44,3.42,0.9661,78,3.22,0.9096,2,3.45,0.9745,30,0
SPY190802C295,2019-08-01,2019-08-01 09:34:50,3.57,1.0084,100,3.48,0.983,5,3.22,0.9096,2,3.525,0.9957,30,0
SPY190802C295,2019-08-01,2019-08-01 09:34:50,3.52,0.9943,100,3.4,0.9604,100,3.22,0.9096,2,3.46,0.9774,30,0
SPY190802C295,2019-08-01,2019-08-01 09:34:51,3.51,0.9915,88,3.44,0.9717,8,3.22,0.9096,2,3.475,0.9816,30,0
SPY190802C295,2019-08-01,2019-08-01 09:34:52,3.52,0.9943,20,3.45,0.9745,10,3.22,0.9096,2,3.485,0.9844,30,0
SPY190802C295,2019-08-01,2019-08-01 09:34:52,3.52,0.9943,20,3.45,0.9745,8,3.22,0.9096,2,3.485,0.9844,30,0
SPY190802C295,2019-08-01,2019-08-01 09:34:53,3.51,0.9915,68,3.45,0.9745,86,3.22,0.9096,2,3.48,0.983,30,0
SPY190802C295,2019-08-01,2019-08-01 09:34:53,3.51,0.9915,68,3.46,0.9774,67,3.22,0.9096,2,3.485,0.9844,30,0
SPY190802C295,2019-08-01,2019-08-01 09:34:54,3.51,0.9915,68,3.48,0.983,8,3.22,0.9096,2,3.495,0.9872,30,0
SPY190802C295,2019-08-01,2019-08-01 09:34:55,3.49,0.9858,10,3.43,0.9689,10,3.22,0.9096,2,3.46,0.9774,30,0
SPY190802C295,2019-08-01,2019-08-01 09:34:55,3.5,0.9887,8,3.45,0.9745,100,3.22,0.9096,2,3.475,0.9816,30,0
SPY190802C295,2019-08-01,2019-08-01 09:34:56,3.48,0.983,10,3.34,0.9435,2,3.22,0.9096,2,3.41,0.9632,30,0
SPY190802C295,2019-08-01,2019-08-01 09:34:56,3.49,0.9858,10,3.42,0.9661,10,3.22,0.9096,2,3.455,0.9759,30,0
SPY190802C295,2019-08-01,2019-08-01 09:34:57,3.53,0.9971,10,3.46,0.9774,10,3.22,0.9096,2,3.495,0.9872,30,0
SPY190802C295,2019-08-01,2019-08-01 09:34:58,3.52,0.9943,104,3.42,0.9661,10,3.22,0.9096,2,3.47,0.9802,30,0
SPY190802C295,2019-08-01,2019-08-01 09:34:58,3.53,0.9971,153,3.46,0.9774,50,3.22,0.9096,2,3.495,0.9872,30,0
SPY190802C295,2019-08-01,2019-08-01 09:34:59,3.49,0.9858,8,3.44,0.9717,10,3.22,0.9096,2,3.465,0.9788,30,0
SPY190802C295,2019-08-01,2019-08-01 09:35:00,3.49,0.9858,12,3.47,0.9802,8,3.22,0.9096,2,3.48,0.983,30,0
SPY190802C295,2019-08-01,2019-08-01 09:35:00,3.5,0.9887,10,3.44,0.9717,100,3.22,0.9096,2,3.47,0.9802,30,0
SPY190802C295,2019-08-01,2019-08-01 09:35:01,3.52,0.9943,5,3.46,0.9774,5,3.22,0.9096,2,3.49,0.9858,30,0
SPY190802C295,2019-08-01,2019-08-01 09:35:01,3.52,0.9943,10,3.45,0.9745,10,3.22,0.9096,2,3.485,0.9844,30,0
SPY190802C295,2019-08-01,2019-08-01 09:35:02,3.51,0.9915,10,3.47,0.9802,8,3.22,0.9096,2,3.49,0.9858,30,0
SPY190802C295,2019-08-01,2019-08-01 09:35:02,3.52,0.9943,10,3.46,0.9774,5,3.22,0.9096,2,3.49,0.9858,30,0
SPY190802C295,2019-08-01,2019-08-01 09:35:03,3.56,1.0056,2,3.46,0.9774,2,3.22,0.9096,2,3.51,0.9915,30,0
SPY190802C295,2019-08-01,2019-08-01 09:35:03,3.51,0.9915,10,3.45,0.9745,10,3.22,0.9096,2,3.48,0.983,30,0
SPY190802C295,2019-08-01,2019-08-01 09:35:04,3.53,0.9971,10,3.46,0.9774,2,3.22,0.9096,2,3.495,0.9872,30,0
SPY190802C295,2019-08-01,2019-08-01 09:35:04,3.52,0.9943,10,3.47,0.9802,10,3.22,0.9096,2,3.495,0.9872,30,0
SPY190802C295,2019-08-01,2019-08-01 09:35:05,3.54,1.0,10,3.48,0.983,10,3.22,0.9096,2,3.51,0.9915,30,0
SPY190802C295,2019-08-01,2019-08-01 09:35:06,3.54,1.0,10,3.48,0.983,177,3.22,0.9096,2,3.51,0.9915,30,0
SPY190802C295,2019-08-01,2019-08-01 09:35:06,3.53,0.9971,5,3.5,0.9887,8,3.22,0.9096,2,3.515,0.9929,30,0
SPY190802C295,2019-08-01,2019-08-01 09:35:07,3.52,0.9943,10,3.47,0.9802,120,3.22,0.9096,2,3.495,0.9872,30,0
SPY190802C295,2019-08-01,2019-08-01 09:35:07,3.54,1.0,36,3.5,0.9887,8,3.22,0.9096,2,3.52,0.9943,30,0
SPY190802C295,2019-08-01,2019-08-01 09:35:08,3.52,0.9943,10,3.46,0.9774,98,3.22,0.9096,2,3.49,0.9858,30,0
SPY190802C295,2019-08-01,2019-08-01 09:35:08,3.52,0.9943,10,3.48,0.983,10,3.22,0.9096,2,3.5,0.9887,30,0
SPY190802C295,2019-08-01,2019-08-01 09:35:09,3.52,0.9943,86,3.46,0.9774,63,3.22,0.9096,2,3.49,0.9858,30,0
SPY190802C295,2019-08-01,2019-08-01 09:35:10,3.62,1.0225,8,3.48,0.983,6,3.22,0.9096,2,3.55,1.0028,30,0
SPY190802C295,2019-08-01,2019-08-01 09:35:10,3.5,0.9887,10,3.47,0.9802,8,3.22,0.9096,2,3.485,0.9844,30,0
SPY190802C295,2019-08-01,2019-08-01 09:35:11,3.5,0.9887,10,3.43,0.9689,136,3.22,0.9096,2,3.465,0.9788,30,0
SPY190802C295,2019-08-01,2019-08-01 09:35:11,3.51,0.9915,10,3.45,0.9745,109,3.22,0.9096,2,3.48,0.983,30,0
SPY190802C295,2019-08-01,2019-08-01 09:35:12,3.47,0.9802,10,3.43,0.9689,81,3.22,0.9096,2,3.45,0.9745,30,0
SPY190802C295,2019-08-01,2019-08-01 09:35:12,3.48,0.983,10,3.43,0.9689,50,3.22,0.9096,2,3.455,0.9759,30,0
SPY190802C295,2019-08-01,2019-08-01 09:35:13,3.47,0.9802,8,3.43,0.9689,133,3.22,0.9096,2,3.45,0.9745,30,0
SPY190802C295,2019-08-01,2019-08-01 09:35:13,3.48,0.983,10,3.43,0.9689,5,3.22,0.9096,2,3.455,0.9759,30,0
SPY190802C295,2019-08-01,2019-08-01 09:35:14,3.61,1.0197,2,3.43,0.9689,41,3.22,0.9096,2,3.52,0.9943,30,0
SPY190802C295,2019-08-01,2019-08-01 09:35:15,3.5,0.9887,49,3.44,0.9717,136,3.22,0.9096,2,3.47,0.9802,30,0
SPY190802C295,2019-08-01,2019-08-01 09:35:15,3.5,0.9887,49,3.45,0.9745,33,3.22,0.9096,2,3.475,0.9816,30,0
SPY190802C295,2019-08-01,2019-08-01 09:35:16,3.5,0.9887,36,3.46,0.9774,8,3.22,0.9096,2,3.48,0.983,30,0
SPY190802C295,2019-08-01,2019-08-01 09:35:16,3.48,0.983,8,3.47,0.9802,8,3.22,0.9096,2,3.475,0.9816,30,0
SPY190802C295,2019-08-01,2019-08-01 09:35:17,3.48,0.983,8,3.44,0.9717,105,3.22,0.9096,2,3.46,0.9774,30,0
SPY190802C295,2019-08-01,2019-08-01 09:35:17,3.49,0.9858,53,3.44,0.9717,100,3.22,0.9096,2,3.465,0.9788,30,0
SPY190802C295,2019-08-01,2019-08-01 09:35:18,3.55,1.0028,5,3.44,0.9717,68,3.22,0.9096,2,3.495,0.9872,30,0
SPY190802C295,2019-08-01,2019-08-01 09:35:18,3.55,1.0028,5,3.44,0.9717,5,3.22,0.9096,2,3.495,0.9872,30,0
SPY190802C295,2019-08-01,2019-08-01 09:35:19,3.5,0.9887,10,3.44,0.9717,100,3.22,0.9096,2,3.47,0.9802,30,0
SPY190802C295,2019-08-01,2019-08-01 09:35:20,3.6,1.0169,8,3.48,0.983,2,3.22,0.9096,2,3.54,1.0,30,0
SPY190802C295,2019-08-01,2019-08-01 09:35:20,3.5,0.9887,10,3.44,0.9717,10,3.48,0.983,4,3.47,0.9802,38,8
SPY190802C295,2019-08-01,2019-08-01 09:35:21,3.61,1.0197,5,3.44,0.9717,120,3.48,0.983,4,3.525,0.9957,38,0
SPY190802C295,2019-08-01,2019-08-01 09:35:21,3.61,1.0197,5,3.44,0.9717,8,3.48,0.983,4,3.525,0.9957,38,0
SPY190802C295,2019-08-01,2019-08-01 09:35:22,3.51,0.9915,10,3.47,0.9802,8,3.48,0.983,4,3.49,0.9858,38,0
SPY190802C295,2019-08-01,2019-08-01 09:35:23,3.5,0.9887,10,3.45,0.9745,46,3.48,0.983,4,3.475,0.9816,38,0
SPY190802C295,2019-08-01,2019-08-01 09:35:24,3.52,0.9943,100,3.47,0.9802,10,3.5,0.9887,5,3.495,0.9872,43,5
SPY190802C295,2019-08-01,2019-08-01 09:35:24,3.52,0.9943,105,3.45,0.9745,10,3.48,0.983,4,3.485,0.9844,38,0
SPY190802C295,2019-08-01,2019-08-01 09:35:25,3.52,0.9943,100,3.47,0.9802,100,3.48,0.983,2,3.495,0.9872,47,4
SPY190802C295,2019-08-01,2019-08-01 09:35:25,3.54,1.0,68,3.47,0.9802,100,3.48,0.983,2,3.505,0.9901,47,0
SPY190802C295,2019-08-01,2019-08-01 09:35:26,3.52,0.9943,10,3.47,0.9802,100,3.48,0.983,2,3.495,0.9872,47,0
SPY190802C295,2019-08-01,2019-08-01 09:35:26,3.54,1.0,10,3.48,0.983,5,3.48,0.983,2,3.51,0.9915,47,0
SPY190802C295,2019-08-01,2019-08-01 09:35:27,3.53,0.9971,10,3.47,0.9802,10,3.48,0.983,2,3.5,0.9887,47,0
SPY190802C295,2019-08-01,2019-08-01 09:35:28,3.53,0.9971,67,3.47,0.9802,100,3.48,0.983,2,3.5,0.9887,47,0
SPY190802C295,2019-08-01,2019-08-01 09:35:28,3.52,0.9943,5,3.47,0.9802,120,3.48,0.983,2,3.495,0.9872,47,0
SPY190802C295,2019-08-01,2019-08-01 09:35:29,3.52,0.9943,8,3.49,0.9858,8,3.48,0.983,2,3.505,0.9901,47,0
SPY190802C295,2019-08-01,2019-08-01 09:35:29,3.52,0.9943,100,3.47,0.9802,83,3.48,0.983,2,3.495,0.9872,47,0
SPY190802C295,2019-08-01,2019-08-01 09:35:30,3.54,1.0,100,3.49,0.9858,10,3.48,0.983,2,3.515,0.9929,47,0
SPY190802C295,2019-08-01,2019-08-01 09:35:30,3.54,1.0,100,3.49,0.9858,44,3.48,0.983,2,3.515,0.9929,47,0
SPY190802C295,2019-08-01,2019-08-01 09:35:31,3.53,0.9971,10,3.48,0.983,90,3.48,0.983,2,3.505,0.9901,47,0
SPY190802C295,2019-08-01,2019-08-01 09:35:32,3.54,1.0,10,3.48,0.983,10,3.48,0.983,2,3.51,0.9915,47,0
SPY190802C295,2019-08-01,2019-08-01 09:35:32,3.54,1.0,100,3.42,0.9661,252,3.48,0.983,2,3.48,0.983,47,0
SPY190802C295,2019-08-01,2019-08-01 09:35:33,3.54,1.0,87,3.49,0.9858,95,3.48,0.983,2,3.515,0.9929,47,0
SPY190802C295,2019-08-01,2019-08-01 09:35:33,3.55,1.0028,100,3.5,0.9887,10,3.48,0.983,2,3.525,0.9957,47,0
SPY190802C295,2019-08-01,2019-08-01 09:35:34,3.55,1.0028,5,3.42,0.9661,252,3.48,0.983,2,3.485,0.9844,47,0
SPY190802C295,2019-08-01,2019-08-01 09:35:34,3.56,1.0056,10,3.49,0.9858,10,3.48,0.983,2,3.525,0.9957,47,0
SPY190802C295,2019-08-01,2019-08-01 09:35:35,3.55,1.0028,25,3.52,0.9943,8,3.48,0.983,2,3.535,0.9985,47,0
SPY190802C295,2019-08-01,2019-08-01 09:35:35,3.55,1.0028,8,3.52,0.9943,8,3.48,0.983,2,3.535,0.9985,47,0
SPY190802C295,2019-08-01,2019-08-01 09:35:36,3.56,1.0056,107,3.51,0.9915,10,3.48,0.983,2,3.535,0.9985,47,0
SPY190802C295,2019-08-01,2019-08-01 09:35:37,3.56,1.0056,10,3.51,0.9915,82,3.48,0.983,2,3.535,0.9985,47,0
SPY190802C295,2019-08-01,2019-08-01 09:35:37,3.59,1.0141,10,3.53,0.9971,49,3.53,0.9971,2,3.56,1.0056,49,2
SPY190802C295,2019-08-01,2019-08-01 09:35:38,3.59,1.0141,105,3.53,0.9971,105,3.53,0.9971,2,3.56,1.0056,49,0
SPY190802C295,2019-08-01,2019-08-01 09:35:39,3.56,1.0056,8,3.51,0.9915,120,3.53,0.9971,2,3.535,0.9985,49,0
SPY190802C295,2019-08-01,2019-08-01 09:35:39,3.57,1.0084,10,3.51,0.9915,103,3.53,0.9971,2,3.54,1.0,49,0
SPY190802C295,2019-08-01,2019-08-01 09:35:40,3.55,1.0028,5,3.44,0.9717,100,3.53,0.9971,2,3.495,0.9872,49,0
SPY190802C295,2019-08-01,2019-08-01 09:35:41,3.54,1.0,5,3.49,0.9858,5,3.53,0.9971,2,3.515,0.9929,49,0
SPY190802C295,2019-08-01,2019-08-01 09:35:41,3.54,1.0,10,3.45,0.9745,5,3.53,0.9971,2,3.495,0.9872,49,0
SPY190802C295,2019-08-01,2019-08-01 09:35:42,3.55,1.0028,10,3.48,0.983,10,3.53,0.9971,2,3.515,0.9929,49,0
SPY190802C295,2019-08-01,2019-08-01 09:35:42,3.54,1.0,10,3.46,0.9774,5,3.53,0.9971,2,3.5,0.9887,49,0
SPY190802C295,2019-08-01,2019-08-01 09:35:43,3.58,1.0112,10,3.43,0.9689,8,3.53,0.9971,2,3.505,0.9901,49,0
SPY190802C295,2019-08-01,2019-08-01 09:35:43,3.61,1.0197,8,3.43,0.9689,8,3.53,0.9971,2,3.52,0.9943,49,0
SPY190802C295,2019-08-01,2019-08-01 09:35:44,3.56,1.0056,10,3.51,0.9915,10,3.53,0.9971,2,3.535,0.9985,49,0
SPY190802C295,2019-08-01,2019-08-01 09:35:45,3.54,1.0,8,3.5,0.9887,10,3.53,0.9971,2,3.52,0.9943,49,0
SPY190802C295,2019-08-01,2019-08-01 09:35:45,3.56,1.0056,5,3.51,0.9915,5,3.53,0.9971,2,3.535,0.9985,49,0
SPY190802C295,2019-08-01,2019-08-01 09:35:46,3.56,1.0056,92,3.51,0.9915,10,3.53,0.9971,2,3.535,0.9985,49,0
SPY190802C295,2019-08-01,2019-08-01 09:35:46,3.56,1.0056,92,3.5,0.9887,10,3.53,0.9971,2,3.53,0.9971,49,0
SPY190802C295,2019-08-01,2019-08-01 09:35:47,3.56,1.0056,92,3.52,0.9943,8,3.53,0.9971,2,3.54,1.0,49,0
SPY190802C295,2019-08-01,2019-08-01 09:35:48,3.56,1.0056,10,3.5,0.9887,10,3.53,0.9971,2,3.53,0.9971,49,0
SPY190802C295,2019-08-01,2019-08-01 09:35:48,3.56,1.0056,10,3.51,0.9915,42,3.53,0.9971,2,3.535,0.9985,49,0
SPY190802C295,2019-08-01,2019-08-01 09:35:49,3.55,1.0028,8,3.52,0.9943,8,3.53,0.9971,2,3.535,0.9985,49,0
SPY190802C295,2019-08-01,2019-08-01 09:35:49,3.55,1.0028,8,3.51,0.9915,100,3.53,0.9971,2,3.53,0.9971,49,0
SPY190802C295,2019-08-01,2019-08-01 09:35:50,3.57,1.0084,128,3.51,0.9915,100,3.53,0.9971,2,3.54,1.0,49,0
SPY190802C295,2019-08-01,2019-08-01 09:35:50,3.63,1.0254,5,3.51,0.9915,5,3.53,0.9971,2,3.57,1.0084,49,0
SPY190802C295,2019-08-01,2019-08-01 09:35:51,3.63,1.0254,103,3.51,0.9915,103,3.53,0.9971,2,3.57,1.0084,49,0
SPY190802C295,2019-08-01,2019-08-01 09:35:52,3.58,1.0112,8,3.56,1.0056,8,3.53,0.9971,2,3.57,1.0084,49,0
SPY190802C295,2019-08-01,2019-08-01 09:35:52,3.59,1.0141,10,3.54,1.0,8,3.53,0.9971,2,3.565,1.007,49,0
SPY190802C295,2019-08-01,2019-08-01 09:35:53,3.57,1.0084,8,3.56,1.0056,8,3.53,0.9971,2,3.565,1.007,49,0
SPY190802C295,2019-08-01,2019-08-01 09:35:53,3.59,1.0141,120,3.54,1.0,36,3.53,0.9971,2,3.565,1.007,49,0
SPY190802C295,2019-08-01,2019-08-01 09:35:54,3.58,1.0112,10,3.43,0.9689,125,3.53,0.9971,2,3.505,0.9901,49,0
SPY190802C295,2019-08-01,2019-08-01 09:35:55,3.58,1.0112,5,3.53,0.9971,76,3.53,0.9971,2,3.555,1.0042,49,0
SPY190802C295,2019-08-01,2019-08-01 09:35:55,3.58,1.0112,100,3.52,0.9943,68,3.53,0.9971,2,3.55,1.0028,49,0
SPY190802C295,2019-08-01,2019-08-01 09:35:56,3.57,1.0084,6,3.52,0.9943,68,3.53,0.9971,2,3.545,1.0014,49,0
SPY190802C295,2019-08-01,2019-08-01 09:35:56,3.58,1.0112,10,3.52,0.9943,68,3.53,0.9971,2,3.55,1.0028,49,0
SPY190802C295,2019-08-01,2019-08-01 09:35:57,3.57,1.0084,61,3.52,0.9943,100,3.53,0.9971,2,3.545,1.0014,49,0
SPY190802C295,2019-08-01,2019-08-01 09:35:57,3.56,1.0056,8,3.53,0.9971,8,3.53,0.9971,2,3.545,1.0014,49,0
SPY190802C295,2019-08-01,2019-08-01 09:35:58,3.57,1.0084,136,3.51,0.9915,90,3.53,0.9971,2,3.54,1.0,49,0
SPY190802C295,2019-08-01,2019-08-01 09:35:59,3.56,1.0056,8,3.5,0.9887,63,3.53,0.9971,2,3.53,0.9971,49,0
SPY190802C295,2019-08-01,2019-08-01 09:35:59,3.54,1.0,8,3.51,0.9915,8,3.53,0.9971,2,3.525,0.9957,49,0
SPY190802C295,2019-08-01,2019-08-01 09:36:00,3.54,1.0,5,3.46,0.9774,100,3.53,0.9971,2,3.5,0.9887,49,0
SPY190802C295,2019-08-01,2019-08-01 09:36:00,3.51,0.9915,8,3.5,0.9887,20,3.53,0.9971,2,3.505,0.9901,49,0
SPY190802C295,2019-08-01,2019-08-01 09:36:01,3.54,1.0,10,3.47,0.9802,10,3.53,0.9971,2,3.505,0.9901,49,0
SPY190802C295,2019-08-01,2019-08-01 09:36:02,3.55,1.0028,120,3.48,0.983,10,3.53,0.9971,2,3.515,0.9929,49,0
SPY190802C295,2019-08-01,2019-08-01 09:36:02,3.55,1.0028,79,3.49,0.9858,10,3.53,0.9971,2,3.52,0.9943,49,0
SPY190802C295,2019-08-01,2019-08-01 09:36:03,3.55,1.0028,120,3.48,0.983,10,3.53,0.9971,2,3.515,0.9929,49,0
SPY190802C295,2019-08-01,2019-08-01 09:36:03,3.54,1.0,10,3.51,0.9915,8,3.53,0.9971,2,3.525,0.9957,49,0
SPY190802C295,2019-08-01,2019-08-01 09:36:04,3.55,1.0028,100,3.5,0.9887,111,3.53,0.9971,2,3.525,0.9957,49,0
SPY190802C295,2019-08-01,2019-08-01 09:36:05,3.54,1.0,8,3.51,0.9915,8,3.53,0.9971,2,3.525,0.9957,49,0
SPY190802C295,2019-08-01,2019-08-01 09:36:05,3.54,1.0,8,3.52,0.9943,8,3.53,0.9971,2,3.53,0.9971,49,0
SPY190802C295,2019-08-01,2019-08-01 09:36:06,3.56,1.0056,2,3.53,0.9971,8,3.53,0.9971,2,3.545,1.0014,55,6
SPY190802C295,2019-08-01,2019-08-01 09:36:06,3.54,1.0,8,3.52,0.9943,8,3.53,0.9971,2,3.53,0.9971,49,0
SPY190802C295,2019-08-01,2019-08-01 09:36:07,3.57,1.0084,10,3.52,0.9943,65,3.54,1.0,30,3.545,1.0014,93,38
SPY190802C295,2019-08-01,2019-08-01 09:36:07,3.57,1.0084,10,3.52,0.9943,65,3.54,1.0,30,3.545,1.0014,93,0
SPY190802C295,2019-08-01,2019-08-01 09:36:08,3.57,1.0084,71,3.52,0.9943,10,3.54,1.0,30,3.545,1.0014,93,0
SPY190802C295,2019-08-01,2019-08-01 09:36:08,3.57,1.0084,10,3.54,1.0,2,3.54,1.0,30,3.555,1.0042,93,0
SPY190802C295,2019-08-01,2019-08-01 09:36:09,3.57,1.0084,71,3.52,0.9943,10,3.54,1.0,30,3.545,1.0014,93,0
SPY190802C295,2019-08-01,2019-08-01 09:36:10,3.56,1.0056,8,3.53,0.9971,9,3.54,1.0,30,3.545,1.0014,93,0
SPY190802C295,2019-08-01,2019-08-01 09:36:10,3.56,1.0056,8,3.53,0.9971,12,3.54,1.0,30,3.545,1.0014,93,0
SPY190802C295,2019-08-01,2019-08-01 09:36:11,3.55,1.0028,8,3.54,1.0,8,3.54,1.0,30,3.545,1.0014,93,0
SPY190802C295,2019-08-01,2019-08-01 09:36:11,3.56,1.0056,8,3.54,1.0,8,3.54,1.0,30,3.55,1.0028,93,0
SPY190802C295,2019-08-01,2019-08-01 09:36:12,3.58,1.0112,10,3.5,0.9887,10,3.54,1.0,30,3.54,1.0,93,0
SPY190802C295,2019-08-01,2019-08-01 09:36:12,3.57,1.0084,44,3.52,0.9943,44,3.54,1.0,30,3.545,1.0014,93,0
SPY190802C295,2019-08-01,2019-08-01 09:36:13,3.61,1.0197,5,3.47,0.9802,5,3.54,1.0,30,3.54,1.0,93,0
SPY190802C295,2019-08-01,2019-08-01 09:36:13,3.62,1.0225,120,3.46,0.9774,120,3.54,1.0,30,3.54,1.0,93,0
SPY190802C295,2019-08-01,2019-08-01 09:36:14,3.59,1.0141,10,3.54,1.0,10,3.54,1.0,30,3.565,1.007,93,0
SPY190802C295,2019-08-01,2019-08-01 09:36:15,3.59,1.0141,10,3.54,1.0,10,3.54,1.0,30,3.565,1.007,93,0
SPY190802C295,2019-08-01,2019-08-01 09:36:15,3.57,1.0084,10,3.52,0.9943,10,3.54,1.0,30,3.545,1.0014,93,0
SPY190802C295,2019-08-01,2019-08-01 09:36:16,3.57,1.0084,124,3.51,0.9915,135,3.54,1.0,30,3.54,1.0,93,0
SPY190802C295,2019-08-01,2019-08-01 09:36:16,3.57,1.0084,49,3.53,0.9971,8,3.54,1.0,30,3.55,1.0028,93,0
SPY190802C295,2019-08-01,2019-08-01 09:36:17,3.56,1.0056,10,3.52,0.9943,10,3.54,1.0,30,3.54,1.0,93,0
SPY190802C295,2019-08-01,2019-08-01 09:36:17,3.57,1.0084,100,3.52,0.9943,10,3.54,1.0,30,3.545,1.0014,93,0
SPY190802C295,2019-08-01,2019-08-01 09:36:18,3.57,1.0084,100,3.52,0.9943,38,3.54,1.0,30,3.545,1.0014,93,0
SPY190802C295,2019-08-01,2019-08-01 09:36:18,3.57,1.0084,100,3.52,0.9943,55,3.54,1.0,30,3.545,1.0014,93,0
SPY190802C295,2019-08-01,2019-08-01 09:36:19,3.56,1.0056,8,3.53,0.9971,8,3.54,1.0,30,3.545,1.0014,93,0
SPY190802C295,2019-08-01,2019-08-01 09:36:20,3.55,1.0028,2,3.53,0.9971,8,3.54,1.0,30,3.54,1.0,93,0
SPY190802C295,2019-08-01,2019-08-01 09:36:20,3.56,1.0056,8,3.54,1.0,8,3.54,1.0,30,3.55,1.0028,93,0
SPY190802C295,2019-08-01,2019-08-01 09:36:21,3.55,1.0028,2,3.53,0.9971,8,3.54,1.0,30,3.54,1.0,93,0
SPY190802C295,2019-08-01,2019-08-01 09:36:21,3.56,1.0056,30,3.43,0.9689,125,3.54,1.0,30,3.495,0.9872,93,0
SPY190802C295,2019-08-01,2019-08-01 09:36:22,3.56,1.0056,10,3.43,0.9689,125,3.54,1.0,30,3.495,0.9872,93,0
SPY190802C295,2019-08-01,2019-08-01 09:36:22,3.55,1.0028,10,3.51,0.9915,8,3.54,1.0,30,3.53,0.9971,93,0
SPY190802C295,2019-08-01,2019-08-01 09:36:23,3.53,0.9971,10,3.49,0.9858,30,3.54,1.0,30,3.51,0.9915,93,0
SPY190802C295,2019-08-01,2019-08-01 09:36:23,3.53,0.9971,10,3.48,0.983,112,3.54,1.0,30,3.505,0.9901,93,0
SPY190802C295,2019-08-01,2019-08-01 09:36:24,3.55,1.0028,4,3.41,0.9632,8,3.54,1.0,30,3.48,0.983,93,0
SPY190802C295,2019-08-01,2019-08-01 09:36:25,3.51,0.9915,2,3.47,0.9802,2,3.48,0.983,2,3.49,0.9858,95,2
SPY190802C295,2019-08-01,2019-08-01 09:36:25,3.51,0.9915,5,3.48,0.983,8,3.48,0.983,2,3.495,0.9872,95,0
SPY190802C295,2019-08-01,2019-08-01 09:36:26,3.5,0.9887,5,3.4,0.9604,5,3.48,0.983,2,3.45,0.9745,95,0
SPY190802C295,2019-08-01,2019-08-01 09:36:26,3.48,0.983,8,3.45,0.9745,8,3.48,0.983,2,3.465,0.9788,95,0
SPY190802C295,2019-08-01,2019-08-01 09:36:27,3.48,0.983,5,3.43,0.9689,64,3.48,0.983,2,3.455,0.9759,95,0
SPY190802C295,2019-08-01,2019-08-01 09:36:27,3.48,0.983,8,3.45,0.9745,9,3.48,0.983,2,3.465,0.9788,95,0
SPY190802C295,2019-08-01,2019-08-01 09:36:28,3.47,0.9802,10,3.38,0.9548,10,3.48,0.983,2,3.425,0.9675,95,0
SPY190802C295,2019-08-01,2019-08-01 09:36:28,3.48,0.983,5,3.42,0.9661,100,3.48,0.983,2,3.45,0.9745,95,0
SPY190802C295,2019-08-01,2019-08-01 09:36:29,3.46,0.9774,8,3.39,0.9576,5,3.48,0.983,2,3.425,0.9675,95,0
SPY190802C295,2019-08-01,2019-08-01 09:36:30,3.46,0.9774,164,3.39,0.9576,5,3.48,0.983,2,3.425,0.9675,95,0
SPY190802C295,2019-08-01,2019-08-01 09:36:30,3.46,0.9774,164,3.38,0.9548,169,3.48,0.983,2,3.42,0.9661,95,0
SPY190802C295,2019-08-01,2019-08-01 09:36:31,3.44,0.9717,46,3.38,0.9548,92,3.48,0.983,2,3.41,0.9632,95,0
SPY190802C295,2019-08-01,2019-08-01 09:36:31,3.44,0.9717,10,3.39,0.9576,5,3.48,0.983,2,3.415,0.9646,95,0
SPY190802C295,2019-08-01,2019-08-01 09:36:32,3.53,0.9971,5,3.41,0.9632,8,3.48,0.983,2,3.47,0.9802,95,0
SPY190802C295,2019-08-01,2019-08-01 09:36:32,3.45,0.9745,10,3.4,0.9604,8,3.48,0.983,2,3.425,0.9675,95,0
SPY190802C295,2019-08-01,2019-08-01 09:36:33,3.47,0.9802,10,3.41,0.9632,100,3.44,0.9717,8,3.44,0.9717,103,8
SPY190802C295,2019-08-01,2019-08-01 09:36:33,3.46,0.9774,2,3.42,0.9661,20,3.44,0.9717,8,3.44,0.9717,103,0
SPY190802C295,2019-08-01,2019-08-01 09:36:34,3.46,0.9774,2,3.42,0.9661,100,3.44,0.9717,8,3.44,0.9717,103,0
SPY190802C295,2019-08-01,2019-08-01 09:36:35,3.46,0.9774,20,3.41,0.9632,10,3.44,0.9717,8,3.435,0.9703,103,0
SPY190802C295,2019-08-01,2019-08-01 09:36:35,3.46,0.9774,8,3.43,0.9689,11,3.44,0.9717,8,3.445,0.9731,103,0
SPY190802C295,2019-08-01,2019-08-01 09:36:36,3.45,0.9745,10,3.41,0.9632,10,3.44,0.9717,8,3.43,0.9689,103,0
SPY190802C295,2019-08-01,2019-08-01 09:36:36,3.45,0.9745,10,3.43,0.9689,8,3.44,0.9717,8,3.44,0.9717,103,0
SPY190802C295,2019-08-01,2019-08-01 09:36:37,3.45,0.9745,20,3.42,0.9661,12,3.44,0.9717,8,3.435,0.9703,103,0
SPY190802C295,2019-08-01,2019-08-01 09:36:37,3.45,0.9745,10,3.42,0.9661,4,3.44,0.9717,8,3.435,0.9703,103,0
SPY190802C295,2019-08-01,2019-08-01 09:36:38,3.47,0.9802,10,3.41,0.9632,20,3.44,0.9717,8,3.44,0.9717,103,0
SPY190802C295,2019-08-01,2019-08-01 09:36:39,3.47,0.9802,10,3.43,0.9689,8,3.44,0.9717,8,3.45,0.9745,103,0
SPY190802C295,2019-08-01,2019-08-01 09:36:39,3.55,1.0028,5,3.44,0.9717,5,3.44,0.9717,8,3.495,0.9872,103,0
SPY190802C295,2019-08-01,2019-08-01 09:36:40,3.53,0.9971,6,3.45,0.9745,6,3.44,0.9717,8,3.49,0.9858,103,0
SPY190802C295,2019-08-01,2019-08-01 09:36:40,3.47,0.9802,6,3.44,0.9717,6,3.44,0.9717,8,3.455,0.9759,103,0
SPY190802C295,2019-08-01,2019-08-01 09:36:41,3.47,0.9802,12,3.44,0.9717,6,3.44,0.9717,8,3.455,0.9759,103,0
SPY190802C295,2019-08-01,2019-08-01 09:36:42,3.47,0.9802,6,3.43,0.9689,100,3.44,0.9717,8,3.45,0.9745,103,0
SPY190802C295,2019-08-01,2019-08-01 09:36:43,3.47,0.9802,12,3.44,0.9717,12,3.44,0.9717,8,3.455,0.9759,103,0
SPY190802C295,2019-08-01,2019-08-01 09:36:43,3.44,0.9717,8,3.43,0.9689,2,3.44,0.9717,8,3.435,0.9703,103,0
SPY190802C295,2019-08-01,2019-08-01 09:36:44,3.45,0.9745,14,3.43,0.9689,17,3.44,0.9717,8,3.44,0.9717,103,0
SPY190802C295,2019-08-01,2019-08-01 09:36:45,3.45,0.9745,8,3.41,0.9632,20,3.44,0.9717,8,3.43,0.9689,103,0
SPY190802C295,2019-08-01,2019-08-01 09:36:45,3.47,0.9802,10,3.42,0.9661,10,3.44,0.9717,8,3.445,0.9731,103,0
SPY190802C295,2019-08-01,2019-08-01 09:36:46,3.44,0.9717,14,3.42,0.9661,14,3.44,0.9717,8,3.43,0.9689,103,0
SPY190802C295,2019-08-01,2019-08-01 09:36:46,3.45,0.9745,14,3.43,0.9689,14,3.44,0.9717,8,3.44,0.9717,103,0
SPY190802C295,2019-08-01,2019-08-01 09:36:47,3.44,0.9717,8,3.43,0.9689,8,3.44,0.9717,8,3.435,0.9703,103,0
SPY190802C295,2019-08-01,2019-08-01 09:36:48,3.44,0.9717,8,3.43,0.9689,8,3.44,0.9717,8,3.435,0.9703,103,0
SPY190802C295,2019-08-01,2019-08-01 09:36:49,3.47,0.9802,7,3.44,0.9717,6,3.44,0.9717,8,3.455,0.9759,103,0
SPY190802C295,2019-08-01,2019-08-01 09:36:49,3.47,0.9802,10,3.43,0.9689,90,3.44,0.9717,8,3.45,0.9745,103,0
SPY190802C295,2019-08-01,2019-08-01 09:36:50,3.44,0.9717,8,3.42,0.9661,8,3.44,0.9717,8,3.43,0.9689,103,0
SPY190802C295,2019-08-01,2019-08-01 09:36:50,3.44,0.9717,14,3.42,0.9661,14,3.44,0.9717,8,3.43,0.9689,103,0
SPY190802C295,2019-08-01,2019-08-01 09:36:51,3.44,0.9717,8,3.42,0.9661,8,3.44,0.9717,8,3.43,0.9689,103,0
SPY190802C295,2019-08-01,2019-08-01 09:36:51,3.45,0.9745,6,3.43,0.9689,2,3.44,0.9717,8,3.44,0.9717,103,0
SPY190802C295,2019-08-01,2019-08-01 09:36:52,3.44,0.9717,8,3.42,0.9661,8,3.44,0.9717,8,3.43,0.9689,103,0
SPY190802C295,2019-08-01,2019-08-01 09:36:53,3.46,0.9774,56,3.42,0.9661,39,3.44,0.9717,8,3.44,0.9717,103,0
SPY190802C295,2019-08-01,2019-08-01 09:36:54,3.44,0.9717,8,3.42,0.9661,8,3.44,0.9717,8,3.43,0.9689,103,0
SPY190802C295,2019-08-01,2019-08-01 09:36:54,3.44,0.9717,6,3.41,0.9632,121,3.44,0.9717,8,3.425,0.9675,103,0
SPY190802C295,2019-08-01,2019-08-01 09:36:55,3.44,0.9717,6,3.42,0.9661,6,3.44,0.9717,8,3.43,0.9689,103,0
SPY190802C295,2019-08-01,2019-08-01 09:36:55,3.45,0.9745,10,3.42,0.9661,6,3.44,0.9717,8,3.435,0.9703,103,0
SPY190802C295,2019-08-01,2019-08-01 09:36:56,3.46,0.9774,14,3.44,0.9717,14,3.44,0.9717,8,3.45,0.9745,103,0
SPY190802C295,2019-08-01,2019-08-01 09:36:56,3.5,0.9887,63,3.44,0.9717,70,3.44,0.9717,8,3.47,0.9802,103,0
SPY190802C295,2019-08-01,2019-08-01 09:36:57,3.49,0.9858,1,3.44,0.9717,100,3.44,0.9717,8,3.465,0.9788,103,0
SPY190802C295,2019-08-01,2019-08-01 09:36:57,3.51,0.9915,5,3.47,0.9802,6,3.44,0.9717,8,3.49,0.9858,103,0
SPY190802C295,2019-08-01,2019-08-01 09:36:58,3.47,0.9802,1,3.44,0.9717,2,3.44,0.9717,8,3.455,0.9759,103,0
SPY190802C295,2019-08-01,2019-08-01 09:36:59,3.47,0.9802,15,3.45,0.9745,17,3.44,0.9717,8,3.46,0.9774,103,0
SPY190802C295,2019-08-01,2019-08-01 09:36:59,3.47,0.9802,8,3.45,0.9745,11,3.44,0.9717,8,3.46,0.9774,103,0
SPY190802C295,2019-08-01,2019-08-01 09:37:00,3.46,0.9774,14,3.44,0.9717,18,3.44,0.9717,8,3.45,0.9745,103,0
SPY190802C295,2019-08-01,2019-08-01 09:37:00,3.46,0.9774,12,3.44,0.9717,12,3.44,0.9717,8,3.45,0.9745,103,0
SPY190802C295,2019-08-01,2019-08-01 09:37:01,3.46,0.9774,14,3.44,0.9717,14,3.44,0.9717,8,3.45,0.9745,103,0
SPY190802C295,2019-08-01,2019-08-01 09:37:01,3.46,0.9774,15,3.44,0.9717,14,3.44,0.9717,8,3.45,0.9745,103,0
SPY190802C295,2019-08-01,2019-08-01 09:37:02,3.48,0.983,6,3.46,0.9774,6,3.44,0.9717,8,3.47,0.9802,103,0
SPY190802C295,2019-08-01,2019-08-01 09:37:02,3.47,0.9802,6,3.45,0.9745,6,3.44,0.9717,8,3.46,0.9774,103,0
SPY190802C295,2019-08-01,2019-08-01 09:37:03,3.48,0.983,8,3.47,0.9802,8,3.44,0.9717,8,3.475,0.9816,103,0
SPY190802C295,2019-08-01,2019-08-01 09:37:04,3.46,0.9774,6,3.44,0.9717,6,3.44,0.9717,8,3.45,0.9745,103,0
SPY190802C295,2019-08-01,2019-08-01 09:37:04,3.48,0.983,7,3.45,0.9745,3,3.44,0.9717,8,3.465,0.9788,103,0
SPY190802C295,2019-08-01,2019-08-01 09:37:05,3.46,0.9774,6,3.44,0.9717,7,3.44,0.9717,8,3.45,0.9745,103,0
SPY190802C295,2019-08-01,2019-08-01 09:37:05,3.45,0.9745,14,3.43,0.9689,14,3.44,0.9717,8,3.44,0.9717,103,0
SPY190802C295,2019-08-01,2019-08-01 09:37:06,3.47,0.9802,1,3.44,0.9717,8,3.44,0.9717,8,3.455,0.9759,103,0
SPY190802C295,2019-08-01,2019-08-01 09:37:06,3.47,0.9802,14,3.45,0.9745,8,3.44,0.9717,8,3.46,0.9774,103,0
SPY190802C295,2019-08-01,2019-08-01 09:37:07,3.46,0.9774,8,3.44,0.9717,8,3.44,0.9717,8,3.45,0.9745,103,0
SPY190802C295,2019-08-01,2019-08-01 09:37:08,3.46,0.9774,2,3.43,0.9689,65,3.44,0.9717,8,3.445,0.9731,103,0
SPY190802C295,2019-08-01,2019-08-01 09:37:08,3.48,0.983,37,3.44,0.9717,2,3.44,0.9717,8,3.46,0.9774,103,0
SPY190802C295,2019-08-01,2019-08-01 09:37:09,3.46,0.9774,8,3.44,0.9717,2,3.44,0.9717,8,3.45,0.9745,103,0
SPY190802C295,2019-08-01,2019-08-01 09:37:09,3.46,0.9774,1,3.43,0.9689,8,3.44,0.9717,8,3.445,0.9731,103,0
SPY190802C295,2019-08-01,2019-08-01 09:37:10,3.44,0.9717,14,3.42,0.9661,90,3.44,0.9717,8,3.43,0.9689,103,0
SPY190802C295,2019-08-01,2019-08-01 09:37:10,3.45,0.9745,6,3.43,0.9689,6,3.44,0.9717,8,3.44,0.9717,103,0
SPY190802C295,2019-08-01,2019-08-01 09:37:11,3.44,0.9717,8,3.42,0.9661,8,3.44,0.9717,8,3.43,0.9689,103,0
SPY190802C295,2019-08-01,2019-08-01 09:37:11,3.44,0.9717,8,3.42,0.9661,12,3.44,0.9717,8,3.43,0.9689,103,0
SPY190802C295,2019-08-01,2019-08-01 09:37:12,3.45,0.9745,8,3.42,0.9661,40,3.44,0.9717,8,3.435,0.9703,103,0
SPY190802C295,2019-08-01,2019-08-01 09:37:13,3.45,0.9745,6,3.42,0.9661,1,3.44,0.9717,8,3.435,0.9703,103,0
SPY190802C295,2019-08-01,2019-08-01 09:37:13,3.45,0.9745,10,3.41,0.9632,120,3.44,0.9717,8,3.43,0.9689,103,0
SPY190802C295,2019-08-01,2019-08-01 09:37:14,3.42,0.9661,14,3.41,0.9632,2,3.44,0.9717,8,3.415,0.9646,103,0
SPY190802C295,2019-08-01,2019-08-01 09:37:14,3.42,0.9661,14,3.4,0.9604,64,3.44,0.9717,8,3.41,0.9632,103,0
SPY190802C295,2019-08-01,2019-08-01 09:37:15,3.42,0.9661,14,3.4,0.9604,79,3.44,0.9717,8,3.41,0.9632,103,0
SPY190802C295,2019-08-01,2019-08-01 09:37:15,3.44,0.9717,6,3.42,0.9661,6,3.44,0.9717,8,3.43,0.9689,103,0
SPY190802C295,2019-08-01,2019-08-01 09:37:16,3.44,0.9717,6,3.41,0.9632,57,3.44,0.9717,8,3.425,0.9675,103,0
SPY190802C295,2019-08-01,2019-08-01 09:37:16,3.44,0.9717,6,3.41,0.9632,7,3.44,0.9717,8,3.425,0.9675,103,0
SPY190802C295,2019-08-01,2019-08-01 09:37:17,3.42,0.9661,12,3.4,0.9604,38,3.44,0.9717,8,3.41,0.9632,103,0
SPY190802C295,2019-08-01,2019-08-01 09:37:18,3.42,0.9661,8,3.41,0.9632,8,3.44,0.9717,8,3.415,0.9646,103,0
SPY190802C295,2019-08-01,2019-08-01 09:37:18,3.42,0.9661,14,3.4,0.9604,14,3.44,0.9717,8,3.41,0.9632,103,0
SPY190802C295,2019-08-01,2019-08-01 09:37:19,3.42,0.9661,8,3.4,0.9604,8,3.44,0.9717,8,3.41,0.9632,103,0
SPY190802C295,2019-08-01,2019-08-01 09:37:19,3.42,0.9661,14,3.41,0.9632,10,3.44,0.9717,8,3.415,0.9646,103,0
SPY190802C295,2019-08-01,2019-08-01 09:37:20,3.42,0.9661,14,3.4,0.9604,14,3.44,0.9717,8,3.41,0.9632,103,0
SPY190802C295,2019-08-01,2019-08-01 09:37:20,3.42,0.9661,14,3.4,0.9604,19,3.44,0.9717,8,3.41,0.9632,103,0
SPY190802C295,2019-08-01,2019-08-01 09:37:21,3.4,0.9604,14,3.38,0.9548,84,3.44,0.9717,8,3.39,0.9576,103,0
SPY190802C295,2019-08-01,2019-08-01 09:37:21,3.42,0.9661,14,3.4,0.9604,14,3.44,0.9717,8,3.41,0.9632,103,0
SPY190802C295,2019-08-01,2019-08-01 09:37:22,3.4,0.9604,14,3.38,0.9548,18,3.44,0.9717,8,3.39,0.9576,103,0
SPY190802C295,2019-08-01,2019-08-01 09:37:23,3.4,0.9604,8,3.38,0.9548,9,3.44,0.9717,8,3.39,0.9576,103,0
SPY190802C295,2019-08-01,2019-08-01 09:37:23,3.39,0.9576,2,3.38,0.9548,9,3.44,0.9717,8,3.385,0.9562,103,0
SPY190802C295,2019-08-01,2019-08-01 09:37:24,3.4,0.9604,6,3.37,0.9519,6,3.44,0.9717,8,3.385,0.9562,103,0
SPY190802C295,2019-08-01,2019-08-01 09:37:24,3.4,0.9604,8,3.38,0.9548,8,3.44,0.9717,8,3.39,0.9576,103,0
SPY190802C295,2019-08-01,2019-08-01 09:37:25,3.4,0.9604,14,3.38,0.9548,1,3.4,0.9604,6,3.39,0.9576,111,8
SPY190802C295,2019-08-01,2019-08-01 09:37:25,3.4,0.9604,14,3.37,0.9519,171,3.4,0.9604,6,3.385,0.9562,111,0
SPY190802C295,2019-08-01,2019-08-01 09:37:26,3.42,0.9661,6,3.39,0.9576,6,3.4,0.9604,6,3.405,0.9618,111,0
SPY190802C295,2019-08-01,2019-08-01 09:37:27,3.4,0.9604,6,3.37,0.9519,170,3.4,0.9604,6,3.385,0.9562,111,0
SPY190802C295,2019-08-01,2019-08-01 09:37:28,3.42,0.9661,10,3.37,0.9519,170,3.4,0.9604,6,3.395,0.959,111,0
SPY190802C295,2019-08-01,2019-08-01 09:37:28,3.39,0.9576,8,3.38,0.9548,8,3.4,0.9604,6,3.385,0.9562,111,0
SPY190802C295,2019-08-01,2019-08-01 09:37:29,3.4,0.9604,8,3.39,0.9576,8,3.4,0.9604,6,3.395,0.959,111,0
SPY190802C295,2019-08-01,2019-08-01 09:37:29,3.4,0.9604,14,3.38,0.9548,14,3.4,0.9604,6,3.39,0.9576,111,0
SPY190802C295,2019-08-01,2019-08-01 09:37:30,3.4,0.9604,14,3.38,0.9548,14,3.4,0.9604,6,3.39,0.9576,111,0
SPY190802C295,2019-08-01,2019-08-01 09:37:30,3.4,0.9604,8,3.38,0.9548,8,3.4,0.9604,6,3.39,0.9576,111,0
SPY190802C295,2019-08-01,2019-08-01 09:37:31,3.39,0.9576,6,3.37,0.9519,6,3.4,0.9604,6,3.38,0.9548,111,0
SPY190802C295,2019-08-01,2019-08-01 09:37:32,3.38,0.9548,14,3.36,0.9491,14,3.4,0.9604,6,3.37,0.9519,111,0
SPY190802C295,2019-08-01,2019-08-01 09:37:32,3.38,0.9548,6,3.36,0.9491,9,3.4,0.9604,6,3.37,0.9519,111,0
SPY190802C295,2019-08-01,2019-08-01 09:37:33,3.37,0.9519,8,3.36,0.9491,8,3.4,0.9604,6,3.365,0.9505,111,0
SPY190802C295,2019-08-01,2019-08-01 09:37:33,3.38,0.9548,14,3.36,0.9491,14,3.4,0.9604,6,3.37,0.9519,111,0
SPY190802C295,2019-08-01,2019-08-01 09:37:34,3.37,0.9519,6,3.35,0.9463,6,3.4,0.9604,6,3.36,0.9491,111,0
SPY190802C295,2019-08-01,2019-08-01 09:37:34,3.37,0.9519,6,3.35,0.9463,2,3.4,0.9604,6,3.36,0.9491,111,0
SPY190802C295,2019-08-01,2019-08-01 09:37:35,3.37,0.9519,14,3.36,0.9491,12,3.4,0.9604,6,3.365,0.9505,111,0
SPY190802C295,2019-08-01,2019-08-01 09:37:36,3.37,0.9519,14,3.36,0.9491,2,3.4,0.9604,6,3.365,0.9505,111,0
SPY190802C295,2019-08-01,2019-08-01 09:37:36,3.37,0.9519,2,3.37,0.9519,1,3.37,0.9519,2,3.37,0.9519,113,2
SPY190802C295,2019-08-01,2019-08-01 09:37:37,3.38,0.9548,6,3.36,0.9491,10,3.37,0.9519,2,3.37,0.9519,113,0
SPY190802C295,2019-08-01,2019-08-01 09:37:37,3.39,0.9576,10,3.37,0.9519,9,3.37,0.9519,2,3.38,0.9548,113,0
SPY190802C295,2019-08-01,2019-08-01 09:37:38,3.41,0.9632,1,3.38,0.9548,100,3.37,0.9519,2,3.395,0.959,113,0
SPY190802C295,2019-08-01,2019-08-01 09:37:38,3.39,0.9576,10,3.37,0.9519,14,3.37,0.9519,2,3.38,0.9548,113,0
SPY190802C295,2019-08-01,2019-08-01 09:37:39,3.4,0.9604,6,3.37,0.9519,6,3.37,0.9519,2,3.385,0.9562,113,0
SPY190802C295,2019-08-01,2019-08-01 09:37:39,3.41,0.9632,7,3.38,0.9548,19,3.37,0.9519,2,3.395,0.959,113,0
SPY190802C295,2019-08-01,2019-08-01 09:37:40,3.39,0.9576,14,3.37,0.9519,14,3.37,0.9519,2,3.38,0.9548,113,0
SPY190802C295,2019-08-01,2019-08-01 09:37:41,3.38,0.9548,8,3.36,0.9491,8,3.37,0.9519,2,3.37,0.9519,113,0
SPY190802C295,2019-08-01,2019-08-01 09:37:41,3.39,0.9576,8,3.36,0.9491,1,3.37,0.9519,2,3.375,0.9533,113,0
SPY190802C295,2019-08-01,2019-08-01 09:37:42,3.38,0.9548,14,3.36,0.9491,21,3.37,0.9519,2,3.37,0.9519,113,0
SPY190802C295,2019-08-01,2019-08-01 09:37:42,3.38,0.9548,14,3.36,0.9491,14,3.37,0.9519,2,3.37,0.9519,113,0
SPY190802C295,2019-08-01,2019-08-01 09:37:43,3.39,0.9576,6,3.36,0.9491,6,3.37,0.9519,2,3.375,0.9533,113,0
SPY190802C295,2019-08-01,2019-08-01 09:37:43,3.38,0.9548,8,3.36,0.9491,12,3.37,0.9519,2,3.37,0.9519,113,0
SPY190802C295,2019-08-01,2019-08-01 09:37:44,3.38,0.9548,6,3.36,0.9491,6,3.37,0.9519,2,3.37,0.9519,113,0
SPY190802C295,2019-08-01,2019-08-01 09:37:44,3.38,0.9548,8,3.37,0.9519,3,3.37,0.9519,2,3.375,0.9533,113,0
SPY190802C295,2019-08-01,2019-08-01 09:37:45,3.39,0.9576,14,3.37,0.9519,14,3.37,0.9519,2,3.38,0.9548,113,0
SPY190802C295,2019-08-01,2019-08-01 09:37:46,3.38,0.9548,2,3.36,0.9491,8,3.37,0.9519,2,3.37,0.9519,113,0
SPY190802C295,2019-08-01,2019-08-01 09:37:46,3.4,0.9604,66,3.36,0.9491,6,3.37,0.9519,2,3.38,0.9548,113,0
SPY190802C295,2019-08-01,2019-08-01 09:37:47,3.37,0.9519,8,3.36,0.9491,2,3.37,0.9519,2,3.365,0.9505,113,0
SPY190802C295,2019-08-01,2019-08-01 09:37:47,3.38,0.9548,8,3.36,0.9491,9,3.37,0.9519,2,3.37,0.9519,113,0
SPY190802C295,2019-08-01,2019-08-01 09:37:48,3.38,0.9548,8,3.36,0.9491,8,3.37,0.9519,2,3.37,0.9519,113,0
SPY190802C295,2019-08-01,2019-08-01 09:37:49,3.38,0.9548,1,3.34,0.9435,165,3.37,0.9519,2,3.36,0.9491,113,0
SPY190802C295,2019-08-01,2019-08-01 09:37:49,3.38,0.9548,6,3.36,0.9491,6,3.37,0.9519,2,3.37,0.9519,113,0
SPY190802C295,2019-08-01,2019-08-01 09:37:50,3.41,0.9632,7,3.38,0.9548,6,3.37,0.9519,2,3.395,0.959,113,0
SPY190802C295,2019-08-01,2019-08-01 09:37:51,3.4,0.9604,6,3.38,0.9548,9,3.37,0.9519,2,3.39,0.9576,113,0
SPY190802C295,2019-08-01,2019-08-01 09:37:51,3.4,0.9604,7,3.38,0.9548,12,3.37,0.9519,2,3.39,0.9576,113,0
SPY190802C295,2019-08-01,2019-08-01 09:37:52,3.4,0.9604,7,3.38,0.9548,6,3.37,0.9519,2,3.39,0.9576,113,0
SPY190802C295,2019-08-01,2019-08-01 09:37:52,3.4,0.9604,6,3.39,0.9576,14,3.37,0.9519,2,3.395,0.959,113,0
SPY190802C295,2019-08-01,2019-08-01 09:37:53,3.41,0.9632,10,3.39,0.9576,6,3.37,0.9519,2,3.4,0.9604,113,0
SPY190802C295,2019-08-01,2019-08-01 09:37:53,3.41,0.9632,10,3.37,0.9519,128,3.37,0.9519,2,3.39,0.9576,113,0
SPY190802C295,2019-08-01,2019-08-01 09:37:54,3.43,0.9689,47,3.39,0.9576,100,3.37,0.9519,2,3.41,0.9632,113,0
SPY190802C295,2019-08-01,2019-08-01 09:37:55,3.42,0.9661,8,3.4,0.9604,8,3.37,0.9519,2,3.41,0.9632,113,0
SPY190802C295,2019-08-01,2019-08-01 09:37:56,3.42,0.9661,8,3.4,0.9604,8,3.37,0.9519,2,3.41,0.9632,113,0
SPY190802C295,2019-08-01,2019-08-01 09:37:56,3.42,0.9661,9,3.4,0.9604,8,3.37,0.9519,2,3.41,0.9632,113,0
SPY190802C295,2019-08-01,2019-08-01 09:37:57,3.42,0.9661,8,3.39,0.9576,100,3.37,0.9519,2,3.405,0.9618,113,0
SPY190802C295,2019-08-01,2019-08-01 09:37:58,3.44,0.9717,6,3.42,0.9661,10,3.37,0.9519,2,3.43,0.9689,113,0
SPY190802C295,2019-08-01,2019-08-01 09:37:58,3.42,0.9661,8,3.39,0.9576,100,3.37,0.9519,2,3.405,0.9618,113,0
SPY190802C295,2019-08-01,2019-08-01 09:37:59,3.46,0.9774,13,3.44,0.9717,6,3.37,0.9519,2,3.45,0.9745,113,0
SPY190802C295,2019-08-01,2019-08-01 09:38:00,3.44,0.9717,14,3.42,0.9661,14,3.37,0.9519,2,3.43,0.9689,113,0
SPY190802C295,2019-08-01,2019-08-01 09:38:00,3.46,0.9774,15,3.44,0.9717,21,3.37,0.9519,2,3.45,0.9745,113,0
SPY190802C295,2019-08-01,2019-08-01 09:38:01,3.44,0.9717,10,3.41,0.9632,6,3.37,0.9519,2,3.425,0.9675,113,0
SPY190802C295,2019-08-01,2019-08-01 09:38:01,3.42,0.9661,2,3.41,0.9632,2,3.37,0.9519,2,3.415,0.9646,113,0
SPY190802C295,2019-08-01,2019-08-01 09:38:02,3.41,0.9632,7,3.39,0.9576,6,3.37,0.9519,2,3.4,0.9604,113,0
SPY190802C295,2019-08-01,2019-08-01 09:38:03,3.42,0.9661,7,3.4,0.9604,6,3.37,0.9519,2,3.41,0.9632,113,0
SPY190802C295,2019-08-01,2019-08-01 09:38:03,3.41,0.9632,11,3.39,0.9576,9,3.37,0.9519,2,3.4,0.9604,113,0
SPY190802C295,2019-08-01,2019-08-01 09:38:04,3.42,0.9661,7,3.4,0.9604,6,3.37,0.9519,2,3.41,0.9632,113,0
SPY190802C295,2019-08-01,2019-08-01 09:38:04,3.42,0.9661,14,3.4,0.9604,17,3.37,0.9519,2,3.41,0.9632,113,0
SPY190802C295,2019-08-01,2019-08-01 09:38:05,3.42,0.9661,8,3.41,0.9632,8,3.37,0.9519,2,3.415,0.9646,113,0
SPY190802C295,2019-08-01,2019-08-01 09:38:05,3.42,0.9661,1,3.38,0.9548,30,3.37,0.9519,2,3.4,0.9604,113,0
SPY190802C295,2019-08-01,2019-08-01 09:38:06,3.42,0.9661,7,3.4,0.9604,6,3.37,0.9519,2,3.41,0.9632,113,0
SPY190802C295,2019-08-01,2019-08-01 09:38:07,3.43,0.9689,2,3.42,0.9661,14,3.37,0.9519,2,3.425,0.9675,113,0
SPY190802C295,2019-08-01,2019-08-01 09:38:08,3.43,0.9689,7,3.4,0.9604,6,3.37,0.9519,2,3.415,0.9646,113,0
SPY190802C295,2019-08-01,2019-08-01 09:38:08,3.45,0.9745,5,3.4,0.9604,73,3.37,0.9519,2,3.425,0.9675,113,0
SPY190802C295,2019-08-01,2019-08-01 09:38:09,3.44,0.9717,6,3.42,0.9661,103,3.37,0.9519,2,3.43,0.9689,113,0
SPY190802C295,2019-08-01,2019-08-01 09:38:09,3.44,0.9717,6,3.43,0.9689,6,3.37,0.9519,2,3.435,0.9703,113,0
SPY190802C295,2019-08-01,2019-08-01 09:38:10,3.45,0.9745,2,3.44,0.9717,18,3.37,0.9519,2,3.445,0.9731,113,0
SPY190802C295,2019-08-01,2019-08-01 09:38:10,3.46,0.9774,15,3.44,0.9717,18,3.37,0.9519,2,3.45,0.9745,113,0
SPY190802C295,2019-08-01,2019-08-01 09:38:11,3.45,0.9745,7,3.42,0.9661,59,3.37,0.9519,2,3.435,0.9703,113,0
SPY190802C295,2019-08-01,2019-08-01 09:38:12,3.46,0.9774,7,3.42,0.9661,107,3.37,0.9519,2,3.44,0.9717,113,0
SPY190802C295,2019-08-01,2019-08-01 09:38:12,3.46,0.9774,10,3.43,0.9689,6,3.37,0.9519,2,3.445,0.9731,113,0
SPY190802C295,2019-08-01,2019-08-01 09:38:13,3.46,0.9774,1,3.45,0.9745,8,3.37,0.9519,2,3.455,0.9759,113,0
SPY190802C295,2019-08-01,2019-08-01 09:38:13,3.46,0.9774,1,3.44,0.9717,8,3.37,0.9519,2,3.45,0.9745,113,0
SPY190802C295,2019-08-01,2019-08-01 09:38:14,3.46,0.9774,2,3.45,0.9745,8,3.37,0.9519,2,3.455,0.9759,113,0
SPY190802C295,2019-08-01,2019-08-01 09:38:14,3.46,0.9774,8,3.45,0.9745,8,3.37,0.9519,2,3.455,0.9759,113,0
SPY190802C295,2019-08-01,2019-08-01 09:38:15,3.48,0.983,8,3.45,0.9745,8,3.37,0.9519,2,3.465,0.9788,113,0
SPY190802C295,2019-08-01,2019-08-01 09:38:15,3.48,0.983,10,3.44,0.9717,1,3.37,0.9519,2,3.46,0.9774,113,0
SPY190802C295,2019-08-01,2019-08-01 09:38:16,3.49,0.9858,7,3.46,0.9774,6,3.37,0.9519,2,3.475,0.9816,113,0
SPY190802C295,2019-08-01,2019-08-01 09:38:17,3.49,0.9858,1,3.44,0.9717,5,3.37,0.9519,2,3.465,0.9788,113,0
SPY190802C295,2019-08-01,2019-08-01 09:38:18,3.5,0.9887,9,3.47,0.9802,8,3.37,0.9519,2,3.485,0.9844,113,0
SPY190802C295,2019-08-01,2019-08-01 09:38:18,3.51,0.9915,5,3.45,0.9745,126,3.37,0.9519,2,3.48,0.983,113,0
SPY190802C295,2019-08-01,2019-08-01 09:38:19,3.49,0.9858,10,3.44,0.9717,80,3.37,0.9519,2,3.465,0.9788,113,0
SPY190802C295,2019-08-01,2019-08-01 09:38:20,3.5,0.9887,1,3.47,0.9802,8,3.37,0.9519,2,3.485,0.9844,113,0
SPY190802C295,2019-08-01,2019-08-01 09:38:20,3.49,0.9858,33,3.44,0.9717,37,3.37,0.9519,2,3.465,0.9788,113,0
SPY190802C295,2019-08-01,2019-08-01 09:38:21,3.49,0.9858,9,3.46,0.9774,8,3.37,0.9519,2,3.475,0.9816,113,0
SPY190802C295,2019-08-01,2019-08-01 09:38:21,3.5,0.9887,1,3.47,0.9802,8,3.37,0.9519,2,3.485,0.9844,113,0
SPY190802C295,2019-08-01,2019-08-01 09:38:22,3.49,0.9858,56,3.44,0.9717,121,3.37,0.9519,2,3.465,0.9788,113,0
SPY190802C295,2019-08-01,2019-08-01 09:38:22,3.49,0.9858,43,3.44,0.9717,100,3.37,0.9519,2,3.465,0.9788,113,0
SPY190802C295,2019-08-01,2019-08-01 09:38:23,3.48,0.983,8,3.46,0.9774,12,3.37,0.9519,2,3.47,0.9802,113,0
SPY190802C295,2019-08-01,2019-08-01 09:38:23,3.49,0.9858,10,3.45,0.9745,1,3.37,0.9519,2,3.47,0.9802,113,0
SPY190802C295,2019-08-01,2019-08-01 09:38:24,3.49,0.9858,10,3.44,0.9717,91,3.37,0.9519,2,3.465,0.9788,113,0
SPY190802C295,2019-08-01,2019-08-01 09:38:25,3.48,0.983,1,3.44,0.9717,77,3.37,0.9519,2,3.46,0.9774,113,0
SPY190802C295,2019-08-01,2019-08-01 09:38:25,3.48,0.983,10,3.44,0.9717,157,3.37,0.9519,2,3.46,0.9774,113,0
SPY190802C295,2019-08-01,2019-08-01 09:38:26,3.48,0.983,1,3.44,0.9717,21,3.37,0.9519,2,3.46,0.9774,113,0
SPY190802C295,2019-08-01,2019-08-01 09:38:26,3.47,0.9802,2,3.42,0.9661,116,3.37,0.9519,2,3.445,0.9731,113,0
SPY190802C295,2019-08-01,2019-08-01 09:38:27,3.45,0.9745,2,3.42,0.9661,20,3.37,0.9519,2,3.435,0.9703,113,0
SPY190802C295,2019-08-01,2019-08-01 09:38:27,3.47,0.9802,51,3.42,0.9661,100,3.37,0.9519,2,3.445,0.9731,113,0
SPY190802C295,2019-08-01,2019-08-01 09:38:28,3.46,0.9774,1,3.43,0.9689,2,3.37,0.9519,2,3.445,0.9731,113,0
SPY190802C295,2019-08-01,2019-08-01 09:38:28,3.47,0.9802,21,3.43,0.9689,12,3.37,0.9519,2,3.45,0.9745,113,0
SPY190802C295,2019-08-01,2019-08-01 09:38:29,3.44,0.9717,8,3.42,0.9661,8,3.37,0.9519,2,3.43,0.9689,113,0
SPY190802C295,2019-08-01,2019-08-01 09:38:30,3.44,0.9717,8,3.42,0.9661,8,3.37,0.9519,2,3.43,0.9689,113,0
SPY190802C295,2019-08-01,2019-08-01 09:38:31,3.53,0.9971,10,3.38,0.9548,165,3.37,0.9519,2,3.455,0.9759,113,0
SPY190802C295,2019-08-01,2019-08-01 09:38:31,3.44,0.9717,10,3.39,0.9576,100,3.37,0.9519,2,3.415,0.9646,113,0
SPY190802C295,2019-08-01,2019-08-01 09:38:32,3.45,0.9745,10,3.41,0.9632,100,3.37,0.9519,2,3.43,0.9689,113,0
SPY190802C295,2019-08-01,2019-08-01 09:38:32,3.44,0.9717,1,3.4,0.9604,101,3.37,0.9519,2,3.42,0.9661,113,0
SPY190802C295,2019-08-01,2019-08-01 09:38:33,3.44,0.9717,1,3.4,0.9604,155,3.37,0.9519,2,3.42,0.9661,113,0
SPY190802C295,2019-08-01,2019-08-01 09:38:34,3.44,0.9717,1,3.4,0.9604,121,3.37,0.9519,2,3.42,0.9661,113,0
SPY190802C295,2019-08-01,2019-08-01 09:38:34,3.45,0.9745,8,3.42,0.9661,8,3.37,0.9519,2,3.435,0.9703,113,0
SPY190802C295,2019-08-01,2019-08-01 09:38:35,3.44,0.9717,1,3.4,0.9604,185,3.37,0.9519,2,3.42,0.9661,113,0
SPY190802C295,2019-08-01,2019-08-01 09:38:35,3.45,0.9745,10,3.41,0.9632,100,3.37,0.9519,2,3.43,0.9689,113,0
SPY190802C295,2019-08-01,2019-08-01 09:38:36,3.44,0.9717,1,3.41,0.9632,8,3.37,0.9519,2,3.425,0.9675,113,0
SPY190802C295,2019-08-01,2019-08-01 09:38:36,3.44,0.9717,11,3.4,0.9604,10,3.37,0.9519,2,3.42,0.9661,113,0
SPY190802C295,2019-08-01,2019-08-01 09:38:37,3.42,0.9661,1,3.38,0.9548,1,3.37,0.9519,2,3.4,0.9604,113,0
SPY190802C295,2019-08-01,2019-08-01 09:38:38,3.41,0.9632,8,3.38,0.9548,1,3.37,0.9519,2,3.395,0.959,113,0
SPY190802C295,2019-08-01,2019-08-01 09:38:38,3.42,0.9661,9,3.4,0.9604,8,3.37,0.9519,2,3.41,0.9632,113,0
SPY190802C295,2019-08-01,2019-08-01 09:38:39,3.42,0.9661,7,3.38,0.9548,6,3.37,0.9519,2,3.4,0.9604,113,0
SPY190802C295,2019-08-01,2019-08-01 09:38:40,3.4,0.9604,6,3.37,0.9519,9,3.37,0.9519,2,3.385,0.9562,113,0
SPY190802C295,2019-08-01,2019-08-01 09:38:40,3.4,0.9604,14,3.38,0.9548,14,3.37,0.9519,2,3.39,0.9576,113,0
SPY190802C295,2019-08-01,2019-08-01 09:38:41,3.41,0.9632,8,3.39,0.9576,14,3.37,0.9519,2,3.4,0.9604,113,0
SPY190802C295,2019-08-01,2019-08-01 09:38:41,3.4,0.9604,14,3.38,0.9548,8,3.37,0.9519,2,3.39,0.9576,113,0
SPY190802C295,2019-08-01,2019-08-01 09:38:42,3.4,0.9604,6,3.38,0.9548,6,3.37,0.9519,2,3.39,0.9576,113,0
SPY190802C295,2019-08-01,2019-08-01 09:38:42,3.4,0.9604,6,3.38,0.9548,7,3.37,0.9519,2,3.39,0.9576,113,0
SPY190802C295,2019-08-01,2019-08-01 09:38:43,3.42,0.9661,8,3.4,0.9604,8,3.37,0.9519,2,3.41,0.9632,113,0
SPY190802C295,2019-08-01,2019-08-01 09:38:44,3.46,0.9774,5,3.41,0.9632,100,3.37,0.9519,2,3.435,0.9703,113,0
SPY190802C295,2019-08-01,2019-08-01 09:38:44,3.42,0.9661,8,3.39,0.9576,100,3.37,0.9519,2,3.405,0.9618,113,0
SPY190802C295,2019-08-01,2019-08-01 09:38:45,3.45,0.9745,1,3.42,0.9661,100,3.37,0.9519,2,3.435,0.9703,113,0
SPY190802C295,2019-08-01,2019-08-01 09:38:46,3.44,0.9717,9,3.41,0.9632,100,3.37,0.9519,2,3.425,0.9675,113,0
SPY190802C295,2019-08-01,2019-08-01 09:38:46,3.45,0.9745,1,3.41,0.9632,100,3.37,0.9519,2,3.43,0.9689,113,0
SPY190802C295,2019-08-01,2019-08-01 09:38:47,3.43,0.9689,6,3.41,0.9632,6,3.37,0.9519,2,3.42,0.9661,113,0
SPY190802C295,2019-08-01,2019-08-01 09:38:47,3.44,0.9717,15,3.42,0.9661,14,3.37,0.9519,2,3.43,0.9689,113,0
SPY190802C295,2019-08-01,2019-08-01 09:38:48,3.43,0.9689,8,3.42,0.9661,6,3.37,0.9519,2,3.425,0.9675,113,0
SPY190802C295,2019-08-01,2019-08-01 09:38:49,3.44,0.9717,14,3.42,0.9661,17,3.37,0.9519,2,3.43,0.9689,113,0
SPY190802C295,2019-08-01,2019-08-01 09:38:49,3.43,0.9689,6,3.42,0.9661,6,3.37,0.9519,2,3.425,0.9675,113,0
SPY190802C295,2019-08-01,2019-08-01 09:38:50,3.43,0.9689,6,3.41,0.9632,6,3.37,0.9519,2,3.42,0.9661,113,0
SPY190802C295,2019-08-01,2019-08-01 09:38:50,3.43,0.9689,6,3.41,0.9632,9,3.37,0.9519,2,3.42,0.9661,113,0
SPY190802C295,2019-08-01,2019-08-01 09:38:51,3.45,0.9745,1,3.42,0.9661,8,3.37,0.9519,2,3.435,0.9703,113,0
SPY190802C295,2019-08-01,2019-08-01 09:38:51,3.43,0.9689,14,3.42,0.9661,2,3.37,0.9519,2,3.425,0.9675,113,0
SPY190802C295,2019-08-01,2019-08-01 09:38:52,3.44,0.9717,6,3.42,0.9661,120,3.37,0.9519,2,3.43,0.9689,113,0
SPY190802C295,2019-08-01,2019-08-01 09:38:53,3.45,0.9745,1,3.42,0.9661,120,3.37,0.9519,2,3.435,0.9703,113,0
SPY190802C295,2019-08-01,2019-08-01 09:38:53,3.46,0.9774,15,3.44,0.9717,14,3.37,0.9519,2,3.45,0.9745,113,0
SPY190802C295,2019-08-01,2019-08-01 09:38:54,3.48,0.983,6,3.45,0.9745,7,3.37,0.9519,2,3.465,0.9788,113,0
SPY190802C295,2019-08-01,2019-08-01 09:38:54,3.48,0.983,6,3.46,0.9774,6,3.37,0.9519,2,3.47,0.9802,113,0
SPY190802C295,2019-08-01,2019-08-01 09:38:55,3.47,0.9802,7,3.44,0.9717,6,3.37,0.9519,2,3.455,0.9759,113,0
SPY190802C295,2019-08-01,2019-08-01 09:38:56,3.48,0.983,6,3.45,0.9745,9,3.37,0.9519,2,3.465,0.9788,113,0
SPY190802C295,2019-08-01,2019-08-01 09:38:56,3.48,0.983,14,3.47,0.9802,1,3.37,0.9519,2,3.475,0.9816,113,0
SPY190802C295,2019-08-01,2019-08-01 09:38:57,3.5,0.9887,7,3.47,0.9802,6,3.37,0.9519,2,3.485,0.9844,113,0
SPY190802C295,2019-08-01,2019-08-01 09:38:57,3.49,0.9858,6,3.47,0.9802,6,3.37,0.9519,2,3.48,0.983,113,0
SPY190802C295,2019-08-01,2019-08-01 09:38:58,3.48,0.983,6,3.46,0.9774,9,3.37,0.9519,2,3.47,0.9802,113,0
SPY190802C295,2019-08-01,2019-08-01 09:38:59,3.48,0.983,14,3.46,0.9774,17,3.37,0.9519,2,3.47,0.9802,113,0
SPY190802C295,2019-08-01,2019-08-01 09:38:59,3.49,0.9858,8,3.46,0.9774,6,3.37,0.9519,2,3.475,0.9816,113,0
SPY190802C295,2019-08-01,2019-08-01 09:39:00,3.52,0.9943,9,3.5,0.9887,14,3.37,0.9519,2,3.51,0.9915,113,0
SPY190802C295,2019-08-01,2019-08-01 09:39:00,3.53,0.9971,62,3.5,0.9887,16,3.37,0.9519,2,3.515,0.9929,113,0
SPY190802C295,2019-08-01,2019-08-01 09:39:01,3.55,1.0028,68,3.5,0.9887,5,3.37,0.9519,2,3.525,0.9957,113,0
SPY190802C295,2019-08-01,2019-08-01 09:39:02,3.55,1.0028,7,3.52,0.9943,9,3.37,0.9519,2,3.535,0.9985,113,0
SPY190802C295,2019-08-01,2019-08-01 09:39:02,3.54,1.0,2,3.51,0.9915,8,3.37,0.9519,2,3.525,0.9957,113,0
SPY190802C295,2019-08-01,2019-08-01 09:39:03,3.57,1.0084,10,3.55,1.0028,6,3.37,0.9519,2,3.56,1.0056,113,0
SPY190802C295,2019-08-01,2019-08-01 09:39:03,3.55,1.0028,10,3.53,0.9971,8,3.37,0.9519,2,3.54,1.0,113,0
SPY190802C295,2019-08-01,2019-08-01 09:39:04,3.58,1.0112,15,3.56,1.0056,14,3.37,0.9519,2,3.57,1.0084,113,0
SPY190802C295,2019-08-01,2019-08-01 09:39:04,3.57,1.0084,2,3.55,1.0028,8,3.37,0.9519,2,3.56,1.0056,113,0
SPY190802C295,2019-08-01,2019-08-01 09:39:05,3.6,1.0169,6,3.58,1.0112,6,3.37,0.9519,2,3.59,1.0141,113,0
SPY190802C295,2019-08-01,2019-08-01 09:39:06,3.6,1.0169,6,3.58,1.0112,6,3.37,0.9519,2,3.59,1.0141,113,0
SPY190802C295,2019-08-01,2019-08-01 09:39:06,3.62,1.0225,14,3.6,1.0169,14,3.37,0.9519,2,3.61,1.0197,113,0
SPY190802C295,2019-08-01,2019-08-01 09:39:07,3.62,1.0225,6,3.6,1.0169,6,3.37,0.9519,2,3.61,1.0197,113,0
SPY190802C295,2019-08-01,2019-08-01 09:39:07,3.62,1.0225,6,3.6,1.0169,12,3.37,0.9519,2,3.61,1.0197,113,0
SPY190802C295,2019-08-01,2019-08-01 09:39:08,3.64,1.0282,6,3.61,1.0197,6,3.37,0.9519,2,3.625,1.024,113,0
SPY190802C295,2019-08-01,2019-08-01 09:39:08,3.62,1.0225,6,3.6,1.0169,6,3.37,0.9519,2,3.61,1.0197,113,0
SPY190802C295,2019-08-01,2019-08-01 09:39:09,3.64,1.0282,8,3.63,1.0254,2,3.37,0.9519,2,3.635,1.0268,113,0
SPY190802C295,2019-08-01,2019-08-01 09:39:10,3.65,1.031,9,3.62,1.0225,9,3.37,0.9519,2,3.635,1.0268,113,0
SPY190802C295,2019-08-01,2019-08-01 09:39:10,3.65,1.031,8,3.62,1.0225,12,3.37,0.9519,2,3.635,1.0268,113,0
SPY190802C295,2019-08-01,2019-08-01 09:39:11,3.65,1.031,10,3.62,1.0225,2,3.37,0.9519,2,3.635,1.0268,113,0
SPY190802C295,2019-08-01,2019-08-01 09:39:11,3.65,1.031,10,3.63,1.0254,8,3.37,0.9519,2,3.64,1.0282,113,0
SPY190802C295,2019-08-01,2019-08-01 09:39:12,3.65,1.031,29,3.61,1.0197,80,3.37,0.9519,2,3.63,1.0254,113,0
SPY190802C295,2019-08-01,2019-08-01 09:39:12,3.64,1.0282,1,3.6,1.0169,36,3.37,0.9519,2,3.62,1.0225,113,0
SPY190802C295,2019-08-01,2019-08-01 09:39:13,3.64,1.0282,8,3.61,1.0197,8,3.37,0.9519,2,3.625,1.024,113,0
SPY190802C295,2019-08-01,2019-08-01 09:39:13,3.65,1.031,10,3.63,1.0254,8,3.37,0.9519,2,3.64,1.0282,113,0
SPY190802C295,2019-08-01,2019-08-01 09:39:14,3.64,1.0282,8,3.62,1.0225,9,3.37,0.9519,2,3.63,1.0254,113,0
SPY190802C295,2019-08-01,2019-08-01 09:39:15,3.65,1.031,10,3.62,1.0225,8,3.37,0.9519,2,3.635,1.0268,113,0
SPY190802C295,2019-08-01,2019-08-01 09:39:15,3.64,1.0282,8,3.63,1.0254,2,3.37,0.9519,2,3.635,1.0268,113,0
SPY190802C295,2019-08-01,2019-08-01 09:39:16,3.64,1.0282,8,3.62,1.0225,8,3.37,0.9519,2,3.63,1.0254,113,0
SPY190802C295,2019-08-01,2019-08-01 09:39:16,3.65,1.031,10,3.62,1.0225,8,3.37,0.9519,2,3.635,1.0268,113,0
SPY190802C295,2019-08-01,2019-08-01 09:39:17,3.64,1.0282,8,3.63,1.0254,8,3.37,0.9519,2,3.635,1.0268,113,0
SPY190802C295,2019-08-01,2019-08-01 09:39:17,3.65,1.031,10,3.63,1.0254,8,3.37,0.9519,2,3.64,1.0282,113,0
SPY190802C295,2019-08-01,2019-08-01 09:39:18,3.65,1.031,10,3.6,1.0169,103,3.37,0.9519,2,3.625,1.024,113,0
SPY190802C295,2019-08-01,2019-08-01 09:39:19,3.61,1.0197,1,3.58,1.0112,2,3.37,0.9519,2,3.595,1.0155,113,0
SPY190802C295,2019-08-01,2019-08-01 09:39:19,3.65,1.031,10,3.6,1.0169,87,3.37,0.9519,2,3.625,1.024,113,0
SPY190802C295,2019-08-01,2019-08-01 09:39:20,3.6,1.0169,8,3.58,1.0112,8,3.37,0.9519,2,3.59,1.0141,113,0
SPY190802C295,2019-08-01,2019-08-01 09:39:20,3.6,1.0169,3,3.58,1.0112,2,3.37,0.9519,2,3.59,1.0141,113,0
SPY190802C295,2019-08-01,2019-08-01 09:39:21,3.61,1.0197,83,3.56,1.0056,109,3.37,0.9519,2,3.585,1.0127,113,0
SPY190802C295,2019-08-01,2019-08-01 09:39:21,3.62,1.0225,113,3.56,1.0056,109,3.37,0.9519,2,3.59,1.0141,113,0
SPY190802C295,2019-08-01,2019-08-01 09:39:22,3.61,1.0197,2,3.57,1.0084,2,3.37,0.9519,2,3.59,1.0141,113,0
SPY190802C295,2019-08-01,2019-08-01 09:39:22,3.6,1.0169,8,3.58,1.0112,8,3.6,1.0169,2,3.59,1.0141,115,2
SPY190802C295,2019-08-01,2019-08-01 09:39:23,3.66,1.0338,150,3.56,1.0056,88,3.6,1.0169,2,3.61,1.0197,115,0
SPY190802C295,2019-08-01,2019-08-01 09:39:24,3.61,1.0197,8,3.58,1.0112,8,3.6,1.0169,2,3.595,1.0155,115,0
SPY190802C295,2019-08-01,2019-08-01 09:39:24,3.65,1.031,120,3.56,1.0056,120,3.6,1.0169,2,3.605,1.0183,115,0
SPY190802C295,2019-08-01,2019-08-01 09:39:25,3.64,1.0282,79,3.58,1.0112,38,3.6,1.0169,2,3.61,1.0197,115,0
SPY190802C295,2019-08-01,2019-08-01 09:39:25,3.63,1.0254,5,3.53,0.9971,5,3.6,1.0169,2,3.58,1.0112,115,0
SPY190802C295,2019-08-01,2019-08-01 09:39:26,3.63,1.0254,5,3.48,0.983,100,3.6,1.0169,2,3.555,1.0042,115,0
SPY190802C295,2019-08-01,2019-08-01 09:39:26,3.76,1.0621,5,3.49,0.9858,5,3.6,1.0169,2,3.625,1.024,115,0
SPY190802C295,2019-08-01,2019-08-01 09:39:27,3.74,1.0564,10,3.6,1.0169,145,3.6,1.0169,2,3.67,1.0367,115,0
SPY190802C295,2019-08-01,2019-08-01 09:39:27,3.73,1.0536,5,3.6,1.0169,145,3.6,1.0169,2,3.665,1.0353,115,0
SPY190802C295,2019-08-01,2019-08-01 09:39:28,3.72,1.0508,6,3.63,1.0254,2,3.6,1.0169,2,3.675,1.0381,115,0
SPY190802C295,2019-08-01,2019-08-01 09:39:29,3.7,1.0451,8,3.62,1.0225,9,3.6,1.0169,2,3.66,1.0338,115,0
SPY190802C295,2019-08-01,2019-08-01 09:39:29,3.7,1.0451,100,3.62,1.0225,9,3.6,1.0169,2,3.66,1.0338,115,0
SPY190802C295,2019-08-01,2019-08-01 09:39:30,3.69,1.0423,8,3.62,1.0225,11,3.6,1.0169,2,3.655,1.0324,115,0
SPY190802C295,2019-08-01,2019-08-01 09:39:31,3.69,1.0423,100,3.6,1.0169,25,3.6,1.0169,2,3.645,1.0296,115,0
SPY190802C295,2019-08-01,2019-08-01 09:39:31,3.72,1.0508,11,3.6,1.0169,29,3.6,1.0169,2,3.66,1.0338,115,0
SPY190802C295,2019-08-01,2019-08-01 09:39:32,3.72,1.0508,161,3.6,1.0169,25,3.6,1.0169,25,3.66,1.0338,140,25
SPY190802C295,2019-08-01,2019-08-01 09:39:32,3.7,1.0451,2,3.57,1.0084,101,3.61,1.0197,50,3.635,1.0268,190,50
SPY190802C295,2019-08-01,2019-08-01 09:39:33,3.69,1.0423,157,3.51,0.9915,101,3.61,1.0197,50,3.6,1.0169,190,0
SPY190802C295,2019-08-01,2019-08-01 09:39:33,3.69,1.0423,8,3.57,1.0084,5,3.61,1.0197,50,3.63,1.0254,190,0
SPY190802C295,2019-08-01,2019-08-01 09:39:34,3.67,1.0367,100,3.53,0.9971,8,3.61,1.0197,50,3.6,1.0169,190,0
SPY190802C295,2019-08-01,2019-08-01 09:39:34,3.63,1.0254,17,3.56,1.0056,2,3.61,1.0197,50,3.595,1.0155,190,0
SPY190802C295,2019-08-01,2019-08-01 09:39:35,3.64,1.0282,104,3.56,1.0056,100,3.61,1.0197,50,3.6,1.0169,190,0
SPY190802C295,2019-08-01,2019-08-01 09:39:36,3.68,1.0395,68,3.57,1.0084,5,3.61,1.0197,50,3.625,1.024,190,0
SPY190802C295,2019-08-01,2019-08-01 09:39:36,3.73,1.0536,10,3.57,1.0084,5,3.61,1.0197,50,3.65,1.031,190,0
SPY190802C295,2019-08-01,2019-08-01 09:39:37,3.72,1.0508,8,3.59,1.0141,8,3.61,1.0197,50,3.655,1.0324,190,0
SPY190802C295,2019-08-01,2019-08-01 09:39:37,3.71,1.048,100,3.58,1.0112,69,3.61,1.0197,50,3.645,1.0296,190,0
SPY190802C295,2019-08-01,2019-08-01 09:39:38,3.69,1.0423,102,3.59,1.0141,8,3.61,1.0197,50,3.64,1.0282,190,0
SPY190802C295,2019-08-01,2019-08-01 09:39:39,3.68,1.0395,152,3.52,0.9943,152,3.61,1.0197,50,3.6,1.0169,190,0
SPY190802C295,2019-08-01,2019-08-01 09:39:40,3.66,1.0338,2,3.52,0.9943,228,3.61,1.0197,50,3.59,1.0141,190,0
SPY190802C295,2019-08-01,2019-08-01 09:39:41,3.63,1.0254,8,3.58,1.0112,8,3.61,1.0197,50,3.605,1.0183,190,0
SPY190802C295,2019-08-01,2019-08-01 09:39:41,3.65,1.031,100,3.56,1.0056,8,3.61,1.0197,50,3.605,1.0183,190,0
SPY190802C295,2019-08-01,2019-08-01 09:39:42,3.63,1.0254,100,3.57,1.0084,57,3.61,1.0197,50,3.6,1.0169,190,0
SPY190802C295,2019-08-01,2019-08-01 09:39:42,3.61,1.0197,2,3.58,1.0112,8,3.61,1.0197,50,3.595,1.0155,190,0
SPY190802C295,2019-08-01,2019-08-01 09:39:43,3.62,1.0225,10,3.57,1.0084,62,3.61,1.0197,50,3.595,1.0155,190,0
SPY190802C295,2019-08-01,2019-08-01 09:39:43,3.62,1.0225,68,3.57,1.0084,62,3.61,1.0197,50,3.595,1.0155,190,0
SPY190802C295,2019-08-01,2019-08-01 09:39:44,3.63,1.0254,5,3.52,0.9943,5,3.61,1.0197,50,3.575,1.0098,190,0
SPY190802C295,2019-08-01,2019-08-01 09:39:44,3.63,1.0254,75,3.59,1.0141,8,3.61,1.0197,50,3.61,1.0197,190,0
SPY190802C295,2019-08-01,2019-08-01 09:39:45,3.75,1.0593,5,3.48,0.983,5,3.61,1.0197,50,3.615,1.0211,190,0
SPY190802C295,2019-08-01,2019-08-01 09:39:46,3.74,1.0564,5,3.48,0.983,101,3.61,1.0197,50,3.61,1.0197,190,0
SPY190802C295,2019-08-01,2019-08-01 09:39:46,3.67,1.0367,2,3.51,0.9915,5,3.61,1.0197,50,3.59,1.0141,190,0
SPY190802C295,2019-08-01,2019-08-01 09:39:47,3.67,1.0367,3,3.52,0.9943,3,3.61,1.0197,50,3.595,1.0155,190,0
SPY190802C295,2019-08-01,2019-08-01 09:39:47,3.66,1.0338,5,3.52,0.9943,5,3.61,1.0197,50,3.59,1.0141,190,0
SPY190802C295,2019-08-01,2019-08-01 09:39:48,3.65,1.031,5,3.54,1.0,5,3.61,1.0197,50,3.595,1.0155,190,0
SPY190802C295,2019-08-01,2019-08-01 09:39:49,3.62,1.0225,5,3.57,1.0084,5,3.61,1.0197,50,3.595,1.0155,190,0
SPY190802C295,2019-08-01,2019-08-01 09:39:49,3.64,1.0282,8,3.56,1.0056,8,3.61,1.0197,50,3.6,1.0169,190,0
SPY190802C295,2019-08-01,2019-08-01 09:39:50,3.61,1.0197,5,3.55,1.0028,147,3.61,1.0197,50,3.58,1.0112,190,0
SPY190802C295,2019-08-01,2019-08-01 09:39:50,3.61,1.0197,5,3.58,1.0112,8,3.61,1.0197,50,3.595,1.0155,190,0
SPY190802C295,2019-08-01,2019-08-01 09:39:51,3.6,1.0169,8,3.56,1.0056,2,3.61,1.0197,50,3.58,1.0112,190,0
SPY190802C295,2019-08-01,2019-08-01 09:39:52,3.7,1.0451,5,3.45,0.9745,5,3.61,1.0197,50,3.575,1.0098,190,0
SPY190802C295,2019-08-01,2019-08-01 09:39:52,3.6,1.0169,5,3.53,0.9971,68,3.61,1.0197,50,3.565,1.007,190,0
SPY190802C295,2019-08-01,2019-08-01 09:39:53,3.67,1.0367,5,3.5,0.9887,5,3.61,1.0197,50,3.585,1.0127,190,0
SPY190802C295,2019-08-01,2019-08-01 09:39:53,3.69,1.0423,5,3.48,0.983,5,3.61,1.0197,50,3.585,1.0127,190,0
SPY190802C295,2019-08-01,2019-08-01 09:39:54,3.65,1.031,2,3.51,0.9915,2,3.61,1.0197,50,3.58,1.0112,190,0
SPY190802C295,2019-08-01,2019-08-01 09:39:54,3.61,1.0197,5,3.53,0.9971,8,3.61,1.0197,50,3.57,1.0084,190,0
SPY190802C295,2019-08-01,2019-08-01 09:39:55,3.58,1.0112,3,3.53,0.9971,51,3.61,1.0197,50,3.555,1.0042,190,0
SPY190802C295,2019-08-01,2019-08-01 09:39:55,3.59,1.0141,8,3.53,0.9971,62,3.61,1.0197,50,3.56,1.0056,190,0
SPY190802C295,2019-08-01,2019-08-01 09:39:56,3.71,1.048,5,3.45,0.9745,369,3.61,1.0197,50,3.58,1.0112,190,0
SPY190802C295,2019-08-01,2019-08-01 09:39:57,3.59,1.0141,10,3.55,1.0028,62,3.61,1.0197,50,3.57,1.0084,190,0
SPY190802C295,2019-08-01,2019-08-01 09:39:57,3.59,1.0141,8,3.56,1.0056,8,3.61,1.0197,50,3.575,1.0098,190,0
SPY190802C295,2019-08-01,2019-08-01 09:39:58,3.6,1.0169,2,3.54,1.0,77,3.61,1.0197,50,3.57,1.0084,190,0
SPY190802C295,2019-08-01,2019-08-01 09:39:58,3.63,1.0254,5,3.47,0.9802,369,3.61,1.0197,50,3.55,1.0028,190,0
SPY190802C295,2019-08-01,2019-08-01 09:39:59,3.63,1.0254,5,3.58,1.0112,5,3.61,1.0197,50,3.605,1.0183,190,0
SPY190802C295,2019-08-01,2019-08-01 09:40:00,3.59,1.0141,8,3.55,1.0028,145,3.61,1.0197,50,3.57,1.0084,190,0
SPY190802C295,2019-08-01,2019-08-01 09:40:01,3.6,1.0169,8,3.57,1.0084,12,3.61,1.0197,50,3.585,1.0127,190,0
SPY190802C295,2019-08-01,2019-08-01 09:40:01,3.73,1.0536,5,3.58,1.0112,110,3.61,1.0197,50,3.655,1.0324,190,0
SPY190802C295,2019-08-01,2019-08-01 09:40:02,3.67,1.0367,5,3.59,1.0141,12,3.61,1.0197,50,3.63,1.0254,190,0
SPY190802C295,2019-08-01,2019-08-01 09:40:03,3.66,1.0338,10,3.58,1.0112,5,3.61,1.0197,50,3.62,1.0225,190,0
SPY190802C295,2019-08-01,2019-08-01 09:40:03,3.66,1.0338,5,3.59,1.0141,8,3.61,1.0197,50,3.625,1.024,190,0
SPY190802C295,2019-08-01,2019-08-01 09:40:04,3.61,1.0197,2,3.55,1.0028,8,3.61,1.0197,50,3.58,1.0112,190,0
SPY190802C295,2019-08-01,2019-08-01 09:40:04,3.64,1.0282,5,3.53,0.9971,5,3.61,1.0197,50,3.585,1.0127,190,0
SPY190802C295,2019-08-01,2019-08-01 09:40:05,3.6,1.0169,5,3.55,1.0028,68,3.61,1.0197,50,3.575,1.0098,190,0
SPY190802C295,2019-08-01,2019-08-01 09:40:06,3.61,1.0197,5,3.55,1.0028,110,3.61,1.0197,50,3.58,1.0112,190,0
SPY190802C295,2019-08-01,2019-08-01 09:40:06,3.6,1.0169,5,3.55,1.0028,64,3.61,1.0197,50,3.575,1.0098,190,0
SPY190802C295,2019-08-01,2019-08-01 09:40:07,3.59,1.0141,17,3.54,1.0,88,3.61,1.0197,50,3.565,1.007,190,0
SPY190802C295,2019-08-01,2019-08-01 09:40:07,3.6,1.0169,120,3.54,1.0,88,3.61,1.0197,50,3.57,1.0084,190,0
SPY190802C295,2019-08-01,2019-08-01 09:40:08,3.57,1.0084,8,3.55,1.0028,8,3.61,1.0197,50,3.56,1.0056,190,0
SPY190802C295,2019-08-01,2019-08-01 09:40:09,3.59,1.0141,66,3.56,1.0056,2,3.61,1.0197,50,3.575,1.0098,190,0
SPY190802C295,2019-08-01,2019-08-01 09:40:09,3.57,1.0084,8,3.54,1.0,68,3.61,1.0197,50,3.555,1.0042,190,0
SPY190802C295,2019-08-01,2019-08-01 09:40:10,3.58,1.0112,5,3.53,0.9971,5,3.61,1.0197,50,3.555,1.0042,190,0
SPY190802C295,2019-08-01,2019-08-01 09:40:10,3.58,1.0112,5,3.44,0.9717,44,3.61,1.0197,50,3.51,0.9915,190,0
SPY190802C295,2019-08-01,2019-08-01 09:40:11,3.57,1.0084,5,3.44,0.9717,8,3.61,1.0197,50,3.505,0.9901,190,0
SPY190802C295,2019-08-01,2019-08-01 09:40:12,3.55,1.0028,8,3.46,0.9774,8,3.61,1.0197,50,3.505,0.9901,190,0
SPY190802C295,2019-08-01,2019-08-01 09:40:12,3.56,1.0056,5,3.45,0.9745,5,3.61,1.0197,50,3.505,0.9901,190,0
SPY190802C295,2019-08-01,2019-08-01 09:40:13,3.54,1.0,8,3.47,0.9802,12,3.61,1.0197,50,3.505,0.9901,190,0
SPY190802C295,2019-08-01,2019-08-01 09:40:13,3.54,1.0,12,3.51,0.9915,8,3.61,1.0197,50,3.525,0.9957,190,0
SPY190802C295,2019-08-01,2019-08-01 09:40:14,3.56,1.0056,106,3.5,0.9887,56,3.61,1.0197,50,3.53,0.9971,190,0
SPY190802C295,2019-08-01,2019-08-01 09:40:14,3.56,1.0056,63,3.49,0.9858,63,3.61,1.0197,50,3.525,0.9957,190,0
SPY190802C295,2019-08-01,2019-08-01 09:40:15,3.62,1.0225,5,3.43,0.9689,5,3.61,1.0197,50,3.525,0.9957,190,0
SPY190802C295,2019-08-01,2019-08-01 09:40:16,3.62,1.0225,5,3.43,0.9689,5,3.61,1.0197,50,3.525,0.9957,190,0
SPY190802C295,2019-08-01,2019-08-01 09:40:16,3.61,1.0197,5,3.46,0.9774,8,3.61,1.0197,50,3.535,0.9985,190,0
SPY190802C295,2019-08-01,2019-08-01 09:40:17,3.6,1.0169,5,3.47,0.9802,5,3.61,1.0197,50,3.535,0.9985,190,0
SPY190802C295,2019-08-01,2019-08-01 09:40:17,3.57,1.0084,2,3.49,0.9858,2,3.61,1.0197,50,3.53,0.9971,190,0
SPY190802C295,2019-08-01,2019-08-01 09:40:18,3.53,0.9971,10,3.49,0.9858,2,3.61,1.0197,50,3.51,0.9915,190,0
SPY190802C295,2019-08-01,2019-08-01 09:40:19,3.64,1.0282,5,3.41,0.9632,5,3.61,1.0197,50,3.525,0.9957,190,0
SPY190802C295,2019-08-01,2019-08-01 09:40:20,3.52,0.9943,8,3.46,0.9774,8,3.61,1.0197,50,3.49,0.9858,190,0
SPY190802C295,2019-08-01,2019-08-01 09:40:20,3.56,1.0056,2,3.43,0.9689,2,3.61,1.0197,50,3.495,0.9872,190,0
SPY190802C295,2019-08-01,2019-08-01 09:40:21,3.52,0.9943,47,3.46,0.9774,87,3.61,1.0197,50,3.49,0.9858,190,0
SPY190802C295,2019-08-01,2019-08-01 09:40:21,3.52,0.9943,20,3.45,0.9745,8,3.61,1.0197,50,3.485,0.9844,190,0
SPY190802C295,2019-08-01,2019-08-01 09:40:22,3.51,0.9915,25,3.48,0.983,8,3.61,1.0197,50,3.495,0.9872,190,0
SPY190802C295,2019-08-01,2019-08-01 09:40:22,3.5,0.9887,8,3.48,0.983,8,3.61,1.0197,50,3.49,0.9858,190,0
SPY190802C295,2019-08-01,2019-08-01 09:40:23,3.52,0.9943,64,3.38,0.9548,5,3.61,1.0197,50,3.45,0.9745,190,0
SPY190802C295,2019-08-01,2019-08-01 09:40:24,3.51,0.9915,8,3.44,0.9717,5,3.61,1.0197,50,3.475,0.9816,190,0
SPY190802C295,2019-08-01,2019-08-01 09:40:24,3.53,0.9971,52,3.42,0.9661,8,3.61,1.0197,50,3.475,0.9816,190,0
SPY190802C295,2019-08-01,2019-08-01 09:40:25,3.52,0.9943,33,3.47,0.9802,5,3.61,1.0197,50,3.495,0.9872,190,0
SPY190802C295,2019-08-01,2019-08-01 09:40:25,3.5,0.9887,8,3.45,0.9745,5,3.61,1.0197,50,3.475,0.9816,190,0
SPY190802C295,2019-08-01,2019-08-01 09:40:26,3.53,0.9971,120,3.47,0.9802,88,3.61,1.0197,50,3.5,0.9887,190,0
SPY190802C295,2019-08-01,2019-08-01 09:40:27,3.53,0.9971,120,3.48,0.983,1,3.61,1.0197,50,3.505,0.9901,190,0
SPY190802C295,2019-08-01,2019-08-01 09:40:27,3.66,1.0338,8,3.4,0.9604,8,3.61,1.0197,50,3.53,0.9971,190,0
SPY190802C295,2019-08-01,2019-08-01 09:40:28,3.63,1.0254,21,3.41,0.9632,5,3.61,1.0197,50,3.52,0.9943,190,0
SPY190802C295,2019-08-01,2019-08-01 09:40:28,3.6,1.0169,5,3.43,0.9689,5,3.61,1.0197,50,3.515,0.9929,190,0
SPY190802C295,2019-08-01,2019-08-01 09:40:29,3.59,1.0141,5,3.42,0.9661,8,3.61,1.0197,50,3.505,0.9901,190,0
SPY190802C295,2019-08-01,2019-08-01 09:40:30,3.53,0.9971,2,3.37,0.9519,2,3.61,1.0197,50,3.45,0.9745,190,0
SPY190802C295,2019-08-01,2019-08-01 09:40:30,3.52,0.9943,8,3.38,0.9548,8,3.61,1.0197,50,3.45,0.9745,190,0
SPY190802C295,2019-08-01,2019-08-01 09:40:31,3.52,0.9943,31,3.48,0.983,48,3.61,1.0197,50,3.5,0.9887,190,0
SPY190802C295,2019-08-01,2019-08-01 09:40:31,3.63,1.0254,5,3.39,0.9576,191,3.61,1.0197,50,3.51,0.9915,190,0
SPY190802C295,2019-08-01,2019-08-01 09:40:32,3.62,1.0225,5,3.4,0.9604,5,3.61,1.0197,50,3.51,0.9915,190,0
SPY190802C295,2019-08-01,2019-08-01 09:40:32,3.6,1.0169,8,3.42,0.9661,2,3.61,1.0197,50,3.51,0.9915,190,0
SPY190802C295,2019-08-01,2019-08-01 09:40:33,3.56,1.0056,2,3.44,0.9717,8,3.61,1.0197,50,3.5,0.9887,190,0
SPY190802C295,2019-08-01,2019-08-01 09:40:33,3.58,1.0112,2,3.43,0.9689,5,3.61,1.0197,50,3.505,0.9901,190,0
SPY190802C295,2019-08-01,2019-08-01 09:40:34,3.54,1.0,2,3.48,0.983,8,3.61,1.0197,50,3.51,0.9915,190,0
SPY190802C295,2019-08-01,2019-08-01 09:40:35,3.52,0.9943,8,3.48,0.983,8,3.61,1.0197,50,3.5,0.9887,190,0
SPY190802C295,2019-08-01,2019-08-01 09:40:35,3.53,0.9971,8,3.48,0.983,8,3.61,1.0197,50,3.505,0.9901,190,0
SPY190802C295,2019-08-01,2019-08-01 09:40:36,3.51,0.9915,8,3.48,0.983,8,3.61,1.0197,50,3.495,0.9872,190,0
SPY190802C295,2019-08-01,2019-08-01 09:40:37,3.51,0.9915,8,3.47,0.9802,68,3.61,1.0197,50,3.49,0.9858,190,0
SPY190802C295,2019-08-01,2019-08-01 09:40:38,3.52,0.9943,2,3.48,0.983,32,3.61,1.0197,50,3.5,0.9887,190,0
SPY190802C295,2019-08-01,2019-08-01 09:40:38,3.51,0.9915,8,3.49,0.9858,8,3.61,1.0197,50,3.5,0.9887,190,0
SPY190802C295,2019-08-01,2019-08-01 09:40:39,3.52,0.9943,2,3.48,0.983,43,3.61,1.0197,50,3.5,0.9887,190,0
SPY190802C295,2019-08-01,2019-08-01 09:40:40,3.51,0.9915,8,3.49,0.9858,8,3.61,1.0197,50,3.5,0.9887,190,0
SPY190802C295,2019-08-01,2019-08-01 09:40:40,3.54,1.0,48,3.49,0.9858,8,3.61,1.0197,50,3.515,0.9929,190,0
SPY190802C295,2019-08-01,2019-08-01 09:40:41,3.51,0.9915,2,3.46,0.9774,113,3.61,1.0197,50,3.485,0.9844,190,0
SPY190802C295,2019-08-01,2019-08-01 09:40:41,3.51,0.9915,2,3.47,0.9802,8,3.61,1.0197,50,3.49,0.9858,190,0
SPY190802C295,2019-08-01,2019-08-01 09:40:43,3.51,0.9915,31,3.45,0.9745,5,3.61,1.0197,50,3.48,0.983,190,0
SPY190802C295,2019-08-01,2019-08-01 09:40:43,3.49,0.9858,8,3.45,0.9745,69,3.61,1.0197,50,3.47,0.9802,190,0
SPY190802C295,2019-08-01,2019-08-01 09:40:44,3.58,1.0112,12,3.43,0.9689,8,3.61,1.0197,50,3.505,0.9901,190,0
SPY190802C295,2019-08-01,2019-08-01 09:40:44,3.64,1.0282,21,3.39,0.9576,10,3.61,1.0197,50,3.515,0.9929,190,0
SPY190802C295,2019-08-01,2019-08-01 09:40:45,3.55,1.0028,8,3.45,0.9745,8,3.61,1.0197,50,3.5,0.9887,190,0
SPY190802C295,2019-08-01,2019-08-01 09:40:46,3.55,1.0028,9,3.46,0.9774,17,3.61,1.0197,50,3.505,0.9901,190,0
SPY190802C295,2019-08-01,2019-08-01 09:40:46,3.54,1.0,10,3.46,0.9774,11,3.61,1.0197,50,3.5,0.9887,190,0
SPY190802C295,2019-08-01,2019-08-01 09:40:47,3.53,0.9971,5,3.46,0.9774,11,3.61,1.0197,50,3.495,0.9872,190,0
SPY190802C295,2019-08-01,2019-08-01 09:40:47,3.54,1.0,52,3.46,0.9774,5,3.61,1.0197,50,3.5,0.9887,190,0
SPY190802C295,2019-08-01,2019-08-01 09:40:48,3.52,0.9943,8,3.46,0.9774,8,3.61,1.0197,50,3.49,0.9858,190,0
SPY190802C295,2019-08-01,2019-08-01 09:40:49,3.51,0.9915,5,3.45,0.9745,69,3.61,1.0197,50,3.48,0.983,190,0
SPY190802C295,2019-08-01,2019-08-01 09:40:49,3.48,0.983,2,3.45,0.9745,12,3.61,1.0197,50,3.465,0.9788,190,0
SPY190802C295,2019-08-01,2019-08-01 09:40:50,3.49,0.9858,8,3.47,0.9802,8,3.61,1.0197,50,3.48,0.983,190,0
SPY190802C295,2019-08-01,2019-08-01 09:40:51,3.51,0.9915,10,3.42,0.9661,104,3.61,1.0197,50,3.465,0.9788,190,0
SPY190802C295,2019-08-01,2019-08-01 09:40:51,3.51,0.9915,5,3.41,0.9632,5,3.61,1.0197,50,3.46,0.9774,190,0
SPY190802C295,2019-08-01,2019-08-01 09:40:52,3.5,0.9887,8,3.44,0.9717,8,3.61,1.0197,50,3.47,0.9802,190,0
SPY190802C295,2019-08-01,2019-08-01 09:40:52,3.5,0.9887,2,3.47,0.9802,2,3.61,1.0197,50,3.485,0.9844,190,0
SPY190802C295,2019-08-01,2019-08-01 09:40:53,3.5,0.9887,37,3.46,0.9774,3,3.61,1.0197,50,3.48,0.983,190,0
SPY190802C295,2019-08-01,2019-08-01 09:40:54,3.5,0.9887,77,3.44,0.9717,55,3.61,1.0197,50,3.47,0.9802,190,0
SPY190802C295,2019-08-01,2019-08-01 09:40:55,3.61,1.0197,1,3.39,0.9576,5,3.61,1.0197,50,3.5,0.9887,190,0
SPY190802C295,2019-08-01,2019-08-01 09:40:55,3.5,0.9887,120,3.44,0.9717,9,3.61,1.0197,50,3.47,0.9802,190,0
SPY190802C295,2019-08-01,2019-08-01 09:40:56,3.48,0.983,100,3.43,0.9689,8,3.61,1.0197,50,3.455,0.9759,190,0
SPY190802C295,2019-08-01,2019-08-01 09:40:57,3.47,0.9802,5,3.42,0.9661,5,3.61,1.0197,50,3.445,0.9731,190,0
SPY190802C295,2019-08-01,2019-08-01 09:40:57,3.48,0.983,169,3.42,0.9661,88,3.61,1.0197,50,3.45,0.9745,190,0
SPY190802C295,2019-08-01,2019-08-01 09:40:58,3.48,0.983,20,3.42,0.9661,100,3.61,1.0197,50,3.45,0.9745,190,0
SPY190802C295,2019-08-01,2019-08-01 09:41:01,3.49,0.9858,169,3.41,0.9632,100,3.61,1.0197,50,3.45,0.9745,190,0
SPY190802C295,2019-08-01,2019-08-01 09:41:02,3.47,0.9802,8,3.44,0.9717,110,3.61,1.0197,50,3.455,0.9759,190,0
SPY190802C295,2019-08-01,2019-08-01 09:41:03,3.51,0.9915,91,3.44,0.9717,44,3.61,1.0197,50,3.475,0.9816,190,0
SPY190802C295,2019-08-01,2019-08-01 09:41:04,3.55,1.0028,8,3.45,0.9745,8,3.61,1.0197,50,3.5,0.9887,190,0
SPY190802C295,2019-08-01,2019-08-01 09:41:05,3.5,0.9887,8,3.44,0.9717,69,3.61,1.0197,50,3.47,0.9802,190,0
SPY190802C295,2019-08-01,2019-08-01 09:41:05,3.51,0.9915,5,3.45,0.9745,8,3.61,1.0197,50,3.48,0.983,190,0
SPY190802C295,2019-08-01,2019-08-01 09:41:06,3.47,0.9802,2,3.42,0.9661,169,3.61,1.0197,50,3.445,0.9731,190,0
SPY190802C295,2019-08-01,2019-08-01 09:41:07,3.48,0.983,50,3.42,0.9661,120,3.61,1.0197,50,3.45,0.9745,190,0
SPY190802C295,2019-08-01,2019-08-01 09:41:08,3.59,1.0141,111,3.42,0.9661,120,3.61,1.0197,50,3.505,0.9901,190,0
SPY190802C295,2019-08-01,2019-08-01 09:41:09,3.52,0.9943,5,3.43,0.9689,12,3.61,1.0197,50,3.475,0.9816,190,0
SPY190802C295,2019-08-01,2019-08-01 09:41:10,3.51,0.9915,5,3.43,0.9689,78,3.61,1.0197,50,3.47,0.9802,190,0
SPY190802C295,2019-08-01,2019-08-01 09:41:11,3.46,0.9774,8,3.41,0.9632,164,3.61,1.0197,50,3.435,0.9703,190,0
SPY190802C295,2019-08-01,2019-08-01 09:41:11,3.5,0.9887,100,3.43,0.9689,82,3.61,1.0197,50,3.465,0.9788,190,0
SPY190802C295,2019-08-01,2019-08-01 09:41:12,3.45,0.9745,8,3.43,0.9689,14,3.61,1.0197,50,3.44,0.9717,190,0
SPY190802C295,2019-08-01,2019-08-01 09:41:13,3.47,0.9802,89,3.41,0.9632,164,3.61,1.0197,50,3.44,0.9717,190,0
SPY190802C295,2019-08-01,2019-08-01 09:41:14,3.48,0.983,116,3.43,0.9689,71,3.61,1.0197,50,3.455,0.9759,190,0
SPY190802C295,2019-08-01,2019-08-01 09:41:14,3.46,0.9774,8,3.42,0.9661,169,3.61,1.0197,50,3.44,0.9717,190,0
SPY190802C295,2019-08-01,2019-08-01 09:41:16,3.47,0.9802,69,3.42,0.9661,69,3.61,1.0197,50,3.445,0.9731,190,0
SPY190802C295,2019-08-01,2019-08-01 09:41:17,3.47,0.9802,5,3.42,0.9661,169,3.61,1.0197,50,3.445,0.9731,190,0
SPY190802C295,2019-08-01,2019-08-01 09:41:17,3.46,0.9774,169,3.41,0.9632,87,3.61,1.0197,50,3.435,0.9703,190,0
SPY190802C295,2019-08-01,2019-08-01 09:41:18,3.43,0.9689,8,3.41,0.9632,12,3.61,1.0197,50,3.42,0.9661,190,0
SPY190802C295,2019-08-01,2019-08-01 09:41:19,3.43,0.9689,14,3.41,0.9632,20,3.61,1.0197,50,3.42,0.9661,190,0
SPY190802C295,2019-08-01,2019-08-01 09:41:19,3.43,0.9689,8,3.41,0.9632,73,3.61,1.0197,50,3.42,0.9661,190,0
SPY190802C295,2019-08-01,2019-08-01 09:41:20,3.43,0.9689,14,3.41,0.9632,75,3.61,1.0197,50,3.42,0.9661,190,0
SPY190802C295,2019-08-01,2019-08-01 09:41:21,3.44,0.9717,14,3.42,0.9661,20,3.61,1.0197,50,3.43,0.9689,190,0
SPY190802C295,2019-08-01,2019-08-01 09:41:21,3.43,0.9689,14,3.41,0.9632,75,3.61,1.0197,50,3.42,0.9661,190,0
SPY190802C295,2019-08-01,2019-08-01 09:41:22,3.45,0.9745,61,3.41,0.9632,100,3.61,1.0197,50,3.43,0.9689,190,0
SPY190802C295,2019-08-01,2019-08-01 09:41:22,3.44,0.9717,6,3.42,0.9661,10,3.61,1.0197,50,3.43,0.9689,190,0
SPY190802C295,2019-08-01,2019-08-01 09:41:23,3.44,0.9717,6,3.42,0.9661,100,3.61,1.0197,50,3.43,0.9689,190,0
SPY190802C295,2019-08-01,2019-08-01 09:41:23,3.45,0.9745,8,3.41,0.9632,100,3.61,1.0197,50,3.43,0.9689,190,0
SPY190802C295,2019-08-01,2019-08-01 09:41:24,3.47,0.9802,12,3.44,0.9717,12,3.61,1.0197,50,3.455,0.9759,190,0
SPY190802C295,2019-08-01,2019-08-01 09:41:25,3.49,0.9858,12,3.44,0.9717,12,3.61,1.0197,50,3.465,0.9788,190,0
SPY190802C295,2019-08-01,2019-08-01 09:41:25,3.46,0.9774,12,3.44,0.9717,16,3.61,1.0197,50,3.45,0.9745,190,0
SPY190802C295,2019-08-01,2019-08-01 09:41:26,3.45,0.9745,8,3.44,0.9717,13,3.61,1.0197,50,3.445,0.9731,190,0
SPY190802C295,2019-08-01,2019-08-01 09:41:26,3.46,0.9774,14,3.44,0.9717,14,3.61,1.0197,50,3.45,0.9745,190,0
SPY190802C295,2019-08-01,2019-08-01 09:41:27,3.46,0.9774,14,3.44,0.9717,14,3.61,1.0197,50,3.45,0.9745,190,0
SPY190802C295,2019-08-01,2019-08-01 09:41:27,3.45,0.9745,8,3.44,0.9717,2,3.61,1.0197,50,3.445,0.9731,190,0
SPY190802C295,2019-08-01,2019-08-01 09:41:28,3.46,0.9774,6,3.44,0.9717,10,3.61,1.0197,50,3.45,0.9745,190,0
SPY190802C295,2019-08-01,2019-08-01 09:41:29,3.48,0.983,6,3.46,0.9774,14,3.61,1.0197,50,3.47,0.9802,190,0
SPY190802C295,2019-08-01,2019-08-01 09:41:30,3.48,0.983,6,3.46,0.9774,6,3.61,1.0197,50,3.47,0.9802,190,0
SPY190802C295,2019-08-01,2019-08-01 09:41:31,3.48,0.983,14,3.45,0.9745,6,3.61,1.0197,50,3.465,0.9788,190,0
SPY190802C295,2019-08-01,2019-08-01 09:41:31,3.45,0.9745,14,3.43,0.9689,140,3.61,1.0197,50,3.44,0.9717,190,0
SPY190802C295,2019-08-01,2019-08-01 09:41:32,3.48,0.983,6,3.4,0.9604,6,3.61,1.0197,50,3.44,0.9717,190,0
SPY190802C295,2019-08-01,2019-08-01 09:41:32,3.49,0.9858,5,3.44,0.9717,5,3.61,1.0197,50,3.465,0.9788,190,0
SPY190802C295,2019-08-01,2019-08-01 09:41:33,3.48,0.983,6,3.4,0.9604,6,3.61,1.0197,50,3.44,0.9717,190,0
SPY190802C295,2019-08-01,2019-08-01 09:41:34,3.49,0.9858,6,3.44,0.9717,6,3.61,1.0197,50,3.465,0.9788,190,0
SPY190802C295,2019-08-01,2019-08-01 09:41:34,3.49,0.9858,8,3.47,0.9802,14,3.61,1.0197,50,3.48,0.983,190,0
SPY190802C295,2019-08-01,2019-08-01 09:41:35,3.48,0.983,6,3.45,0.9745,85,3.61,1.0197,50,3.465,0.9788,190,0
SPY190802C295,2019-08-01,2019-08-01 09:41:35,3.47,0.9802,6,3.45,0.9745,85,3.61,1.0197,50,3.46,0.9774,190,0
SPY190802C295,2019-08-01,2019-08-01 09:41:36,3.47,0.9802,6,3.45,0.9745,85,3.61,1.0197,50,3.46,0.9774,190,0
SPY190802C295,2019-08-01,2019-08-01 09:41:36,3.47,0.9802,14,3.45,0.9745,85,3.61,1.0197,50,3.46,0.9774,190,0
SPY190802C295,2019-08-01,2019-08-01 09:41:37,3.47,0.9802,14,3.46,0.9774,8,3.61,1.0197,50,3.465,0.9788,190,0
SPY190802C295,2019-08-01,2019-08-01 09:41:38,3.47,0.9802,6,3.43,0.9689,6,3.61,1.0197,50,3.45,0.9745,190,0
SPY190802C295,2019-08-01,2019-08-01 09:41:38,3.6,1.0169,191,3.36,0.9491,10,3.61,1.0197,50,3.48,0.983,190,0
SPY190802C295,2019-08-01,2019-08-01 09:41:39,3.46,0.9774,12,3.44,0.9717,6,3.61,1.0197,50,3.45,0.9745,190,0
SPY190802C295,2019-08-01,2019-08-01 09:41:39,3.5,0.9887,5,3.45,0.9745,8,3.61,1.0197,50,3.475,0.9816,190,0
SPY190802C295,2019-08-01,2019-08-01 09:41:40,3.5,0.9887,120,3.45,0.9745,74,3.61,1.0197,50,3.475,0.9816,190,0
SPY190802C295,2019-08-01,2019-08-01 09:41:40,3.49,0.9858,26,3.45,0.9745,8,3.61,1.0197,50,3.47,0.9802,190,0
SPY190802C295,2019-08-01,2019-08-01 09:41:41,3.49,0.9858,2,3.46,0.9774,17,3.61,1.0197,50,3.475,0.9816,190,0
SPY190802C295,2019-08-01,2019-08-01 09:41:42,3.61,1.0197,5,3.41,0.9632,5,3.61,1.0197,50,3.51,0.9915,190,0
SPY190802C295,2019-08-01,2019-08-01 09:41:42,3.53,0.9971,5,3.47,0.9802,5,3.61,1.0197,50,3.5,0.9887,190,0
SPY190802C295,2019-08-01,2019-08-01 09:41:43,3.66,1.0338,125,3.43,0.9689,5,3.61,1.0197,50,3.545,1.0014,190,0
SPY190802C295,2019-08-01,2019-08-01 09:41:43,3.61,1.0197,5,3.41,0.9632,5,3.61,1.0197,50,3.51,0.9915,190,0
SPY190802C295,2019-08-01,2019-08-01 09:41:44,3.59,1.0141,2,3.41,0.9632,5,3.61,1.0197,50,3.5,0.9887,190,0
SPY190802C295,2019-08-01,2019-08-01 09:41:45,3.57,1.0084,2,3.42,0.9661,5,3.61,1.0197,50,3.495,0.9872,190,0
SPY190802C295,2019-08-01,2019-08-01 09:41:45,3.57,1.0084,5,3.42,0.9661,5,3.61,1.0197,50,3.495,0.9872,190,0
SPY190802C295,2019-08-01,2019-08-01 09:41:46,3.56,1.0056,5,3.44,0.9717,2,3.61,1.0197,50,3.5,0.9887,190,0
SPY190802C295,2019-08-01,2019-08-01 09:41:46,3.55,1.0028,10,3.47,0.9802,2,3.61,1.0197,50,3.51,0.9915,190,0
SPY190802C295,2019-08-01,2019-08-01 09:41:47,3.53,0.9971,5,3.46,0.9774,71,3.61,1.0197,50,3.495,0.9872,190,0
SPY190802C295,2019-08-01,2019-08-01 09:41:48,3.52,0.9943,5,3.46,0.9774,71,3.61,1.0197,50,3.49,0.9858,190,0
SPY190802C295,2019-08-01,2019-08-01 09:41:48,3.65,1.031,125,3.39,0.9576,125,3.61,1.0197,50,3.52,0.9943,190,0
SPY190802C295,2019-08-01,2019-08-01 09:41:49,3.53,0.9971,120,3.4,0.9604,5,3.61,1.0197,50,3.465,0.9788,190,0
SPY190802C295,2019-08-01,2019-08-01 09:41:49,3.53,0.9971,68,3.4,0.9604,5,3.61,1.0197,50,3.465,0.9788,190,0
SPY190802C295,2019-08-01,2019-08-01 09:41:50,3.52,0.9943,8,3.42,0.9661,5,3.61,1.0197,50,3.47,0.9802,190,0
SPY190802C295,2019-08-01,2019-08-01 09:41:51,3.52,0.9943,63,3.44,0.9717,2,3.61,1.0197,50,3.48,0.983,190,0
SPY190802C295,2019-08-01,2019-08-01 09:41:51,3.52,0.9943,63,3.42,0.9661,107,3.61,1.0197,50,3.47,0.9802,190,0
SPY190802C295,2019-08-01,2019-08-01 09:41:52,3.5,0.9887,17,3.46,0.9774,8,3.61,1.0197,50,3.48,0.983,190,0
SPY190802C295,2019-08-01,2019-08-01 09:41:52,3.5,0.9887,10,3.46,0.9774,62,3.61,1.0197,50,3.48,0.983,190,0
SPY190802C295,2019-08-01,2019-08-01 09:41:53,3.5,0.9887,3,3.47,0.9802,52,3.61,1.0197,50,3.485,0.9844,190,0
SPY190802C295,2019-08-01,2019-08-01 09:41:54,3.51,0.9915,63,3.47,0.9802,72,3.61,1.0197,50,3.49,0.9858,190,0
SPY190802C295,2019-08-01,2019-08-01 09:41:54,3.51,0.9915,52,3.47,0.9802,74,3.61,1.0197,50,3.49,0.9858,190,0
SPY190802C295,2019-08-01,2019-08-01 09:41:55,3.51,0.9915,72,3.48,0.983,2,3.61,1.0197,50,3.495,0.9872,190,0
SPY190802C295,2019-08-01,2019-08-01 09:41:55,3.51,0.9915,2,3.48,0.983,5,3.61,1.0197,50,3.495,0.9872,190,0
SPY190802C295,2019-08-01,2019-08-01 09:41:56,3.54,1.0,2,3.43,0.9689,2,3.61,1.0197,50,3.485,0.9844,190,0
SPY190802C295,2019-08-01,2019-08-01 09:41:56,3.53,0.9971,68,3.48,0.983,8,3.61,1.0197,50,3.505,0.9901,190,0
SPY190802C295,2019-08-01,2019-08-01 09:41:57,3.54,1.0,8,3.49,0.9858,5,3.61,1.0197,50,3.515,0.9929,190,0
SPY190802C295,2019-08-01,2019-08-01 09:41:58,3.52,0.9943,8,3.49,0.9858,44,3.61,1.0197,50,3.505,0.9901,190,0
SPY190802C295,2019-08-01,2019-08-01 09:41:58,3.53,0.9971,2,3.5,0.9887,5,3.61,1.0197,50,3.515,0.9929,190,0
SPY190802C295,2019-08-01,2019-08-01 09:41:59,3.55,1.0028,82,3.5,0.9887,120,3.53,0.9971,6,3.525,0.9957,196,6
SPY190802C295,2019-08-01,2019-08-01 09:41:59,3.55,1.0028,82,3.5,0.9887,120,3.53,0.9971,6,3.525,0.9957,196,0
SPY190802C295,2019-08-01,2019-08-01 09:42:00,3.55,1.0028,82,3.52,0.9943,8,3.53,0.9971,6,3.535,0.9985,196,0
SPY190802C295,2019-08-01,2019-08-01 09:42:01,3.61,1.0197,2,3.53,0.9971,19,3.53,0.9971,6,3.57,1.0084,196,0
SPY190802C295,2019-08-01,2019-08-01 09:42:02,3.6,1.0169,152,3.5,0.9887,124,3.53,0.9971,6,3.55,1.0028,196,0
SPY190802C295,2019-08-01,2019-08-01 09:42:02,3.62,1.0225,3,3.53,0.9971,11,3.53,0.9971,6,3.575,1.0098,196,0
SPY190802C295,2019-08-01,2019-08-01 09:42:03,3.58,1.0112,5,3.47,0.9802,5,3.53,0.9971,6,3.525,0.9957,196,0
SPY190802C295,2019-08-01,2019-08-01 09:42:03,3.59,1.0141,6,3.46,0.9774,6,3.53,0.9971,6,3.525,0.9957,196,0
SPY190802C295,2019-08-01,2019-08-01 09:42:04,3.58,1.0112,8,3.48,0.983,7,3.53,0.9971,6,3.53,0.9971,196,0
SPY190802C295,2019-08-01,2019-08-01 09:42:05,3.62,1.0225,2,3.5,0.9887,5,3.53,0.9971,6,3.56,1.0056,196,0
SPY190802C295,2019-08-01,2019-08-01 09:42:05,3.66,1.0338,5,3.49,0.9858,6,3.53,0.9971,6,3.575,1.0098,196,0
SPY190802C295,2019-08-01,2019-08-01 09:42:06,3.61,1.0197,5,3.52,0.9943,57,3.53,0.9971,6,3.565,1.007,196,0
SPY190802C295,2019-08-01,2019-08-01 09:42:06,3.6,1.0169,5,3.52,0.9943,58,3.53,0.9971,6,3.56,1.0056,196,0
SPY190802C295,2019-08-01,2019-08-01 09:42:07,3.58,1.0112,5,3.46,0.9774,5,3.53,0.9971,6,3.52,0.9943,196,0
SPY190802C295,2019-08-01,2019-08-01 09:42:07,3.6,1.0169,20,3.44,0.9717,191,3.53,0.9971,6,3.52,0.9943,196,0
SPY190802C295,2019-08-01,2019-08-01 09:42:08,3.58,1.0112,5,3.46,0.9774,5,3.53,0.9971,6,3.52,0.9943,196,0
SPY190802C295,2019-08-01,2019-08-01 09:42:09,3.57,1.0084,5,3.47,0.9802,5,3.53,0.9971,6,3.52,0.9943,196,0
SPY190802C295,2019-08-01,2019-08-01 09:42:09,3.64,1.0282,5,3.46,0.9774,5,3.53,0.9971,6,3.55,1.0028,196,0
SPY190802C295,2019-08-01,2019-08-01 09:42:10,3.6,1.0169,2,3.46,0.9774,6,3.53,0.9971,6,3.53,0.9971,196,0
SPY190802C295,2019-08-01,2019-08-01 09:42:11,3.64,1.0282,8,3.48,0.983,8,3.53,0.9971,6,3.56,1.0056,196,0
SPY190802C295,2019-08-01,2019-08-01 09:42:11,3.64,1.0282,5,3.48,0.983,5,3.53,0.9971,6,3.56,1.0056,196,0
SPY190802C295,2019-08-01,2019-08-01 09:42:12,3.64,1.0282,104,3.48,0.983,104,3.53,0.9971,6,3.56,1.0056,196,0
SPY190802C295,2019-08-01,2019-08-01 09:42:13,3.61,1.0197,2,3.51,0.9915,8,3.53,0.9971,6,3.56,1.0056,196,0
SPY190802C295,2019-08-01,2019-08-01 09:42:13,3.63,1.0254,5,3.49,0.9858,5,3.53,0.9971,6,3.56,1.0056,196,0
SPY190802C295,2019-08-01,2019-08-01 09:42:14,3.63,1.0254,63,3.53,0.9971,5,3.53,0.9971,6,3.58,1.0112,196,0
SPY190802C295,2019-08-01,2019-08-01 09:42:14,3.6,1.0169,103,3.52,0.9943,103,3.53,0.9971,6,3.56,1.0056,196,0
SPY190802C295,2019-08-01,2019-08-01 09:42:15,3.62,1.0225,6,3.53,0.9971,5,3.53,0.9971,6,3.575,1.0098,196,0
SPY190802C295,2019-08-01,2019-08-01 09:42:16,3.62,1.0225,119,3.58,1.0112,8,3.53,0.9971,6,3.6,1.0169,196,0
SPY190802C295,2019-08-01,2019-08-01 09:42:16,3.61,1.0197,8,3.53,0.9971,5,3.53,0.9971,6,3.57,1.0084,196,0
SPY190802C295,2019-08-01,2019-08-01 09:42:17,3.61,1.0197,8,3.53,0.9971,5,3.53,0.9971,6,3.57,1.0084,196,0
SPY190802C295,2019-08-01,2019-08-01 09:42:17,3.62,1.0225,100,3.51,0.9915,5,3.53,0.9971,6,3.565,1.007,196,0
SPY190802C295,2019-08-01,2019-08-01 09:42:18,3.6,1.0169,8,3.52,0.9943,152,3.53,0.9971,6,3.56,1.0056,196,0
SPY190802C295,2019-08-01,2019-08-01 09:42:18,3.61,1.0197,65,3.53,0.9971,5,3.53,0.9971,6,3.57,1.0084,196,0
SPY190802C295,2019-08-01,2019-08-01 09:42:19,3.68,1.0395,5,3.54,1.0,5,3.53,0.9971,6,3.61,1.0197,196,0
SPY190802C295,2019-08-01,2019-08-01 09:42:20,3.72,1.0508,5,3.52,0.9943,5,3.53,0.9971,6,3.62,1.0225,196,0
SPY190802C295,2019-08-01,2019-08-01 09:42:20,3.71,1.048,2,3.52,0.9943,8,3.53,0.9971,6,3.615,1.0211,196,0
SPY190802C295,2019-08-01,2019-08-01 09:42:21,3.69,1.0423,6,3.53,0.9971,6,3.53,0.9971,6,3.61,1.0197,196,0
SPY190802C295,2019-08-01,2019-08-01 09:42:21,3.67,1.0367,8,3.56,1.0056,8,3.53,0.9971,6,3.615,1.0211,196,0
SPY190802C295,2019-08-01,2019-08-01 09:42:22,3.66,1.0338,5,3.57,1.0084,5,3.53,0.9971,6,3.615,1.0211,196,0
SPY190802C295,2019-08-01,2019-08-01 09:42:23,3.66,1.0338,93,3.57,1.0084,103,3.53,0.9971,6,3.615,1.0211,196,0
SPY190802C295,2019-08-01,2019-08-01 09:42:23,3.67,1.0367,79,3.58,1.0112,5,3.53,0.9971,6,3.625,1.024,196,0
SPY190802C295,2019-08-01,2019-08-01 09:42:24,3.64,1.0282,2,3.58,1.0112,5,3.53,0.9971,6,3.61,1.0197,196,0
SPY190802C295,2019-08-01,2019-08-01 09:42:24,3.75,1.0593,5,3.58,1.0112,5,3.53,0.9971,6,3.665,1.0353,196,0
SPY190802C295,2019-08-01,2019-08-01 09:42:25,3.74,1.0564,5,3.59,1.0141,5,3.53,0.9971,6,3.665,1.0353,196,0
SPY190802C295,2019-08-01,2019-08-01 09:42:26,3.7,1.0451,2,3.6,1.0169,5,3.53,0.9971,6,3.65,1.031,196,0
SPY190802C295,2019-08-01,2019-08-01 09:42:26,3.69,1.0423,8,3.61,1.0197,8,3.53,0.9971,6,3.65,1.031,196,0
SPY190802C295,2019-08-01,2019-08-01 09:42:27,3.66,1.0338,2,3.63,1.0254,8,3.53,0.9971,6,3.645,1.0296,196,0
SPY190802C295,2019-08-01,2019-08-01 09:42:27,3.68,1.0395,5,3.61,1.0197,8,3.53,0.9971,6,3.645,1.0296,196,0
SPY190802C295,2019-08-01,2019-08-01 09:42:28,3.65,1.031,5,3.61,1.0197,8,3.53,0.9971,6,3.63,1.0254,196,0
SPY190802C295,2019-08-01,2019-08-01 09:42:28,3.66,1.0338,5,3.6,1.0169,67,3.53,0.9971,6,3.63,1.0254,196,0
SPY190802C295,2019-08-01,2019-08-01 09:42:29,3.76,1.0621,8,3.62,1.0225,5,3.53,0.9971,6,3.69,1.0423,196,0
SPY190802C295,2019-08-01,2019-08-01 09:42:30,3.7,1.0451,8,3.58,1.0112,8,3.53,0.9971,6,3.64,1.0282,196,0
SPY190802C295,2019-08-01,2019-08-01 09:42:30,3.75,1.0593,5,3.55,1.0028,5,3.53,0.9971,6,3.65,1.031,196,0
SPY190802C295,2019-08-01,2019-08-01 09:42:31,3.7,1.0451,8,3.57,1.0084,5,3.53,0.9971,6,3.635,1.0268,196,0
SPY190802C295,2019-08-01,2019-08-01 09:42:31,3.7,1.0451,2,3.57,1.0084,5,3.53,0.9971,6,3.635,1.0268,196,0
SPY190802C295,2019-08-01,2019-08-01 09:42:32,3.75,1.0593,5,3.54,1.0,5,3.53,0.9971,6,3.645,1.0296,196,0
SPY190802C295,2019-08-01,2019-08-01 09:42:32,3.69,1.0423,5,3.54,1.0,5,3.53,0.9971,6,3.615,1.0211,196,0
SPY190802C295,2019-08-01,2019-08-01 09:42:33,3.67,1.0367,8,3.54,1.0,5,3.53,0.9971,6,3.605,1.0183,196,0
SPY190802C295,2019-08-01,2019-08-01 09:42:34,3.65,1.031,8,3.55,1.0028,120,3.53,0.9971,6,3.6,1.0169,196,0
SPY190802C295,2019-08-01,2019-08-01 09:42:34,3.69,1.0423,5,3.62,1.0225,5,3.53,0.9971,6,3.655,1.0324,196,0
SPY190802C295,2019-08-01,2019-08-01 09:42:35,3.67,1.0367,2,3.63,1.0254,11,3.53,0.9971,6,3.65,1.031,196,0
SPY190802C295,2019-08-01,2019-08-01 09:42:35,3.68,1.0395,2,3.63,1.0254,8,3.53,0.9971,6,3.655,1.0324,196,0
SPY190802C295,2019-08-01,2019-08-01 09:42:36,3.67,1.0367,8,3.64,1.0282,11,3.53,0.9971,6,3.655,1.0324,196,0
SPY190802C295,2019-08-01,2019-08-01 09:42:37,3.76,1.0621,5,3.62,1.0225,67,3.53,0.9971,6,3.69,1.0423,196,0
SPY190802C295,2019-08-01,2019-08-01 09:42:38,3.74,1.0564,5,3.63,1.0254,8,3.53,0.9971,6,3.685,1.0409,196,0
SPY190802C295,2019-08-01,2019-08-01 09:42:38,3.75,1.0593,5,3.63,1.0254,5,3.53,0.9971,6,3.69,1.0423,196,0
SPY190802C295,2019-08-01,2019-08-01 09:42:39,3.73,1.0536,5,3.63,1.0254,5,3.53,0.9971,6,3.68,1.0395,196,0
SPY190802C295,2019-08-01,2019-08-01 09:42:39,3.71,1.048,2,3.61,1.0197,1,3.53,0.9971,6,3.66,1.0338,196,0
SPY190802C295,2019-08-01,2019-08-01 09:42:40,3.73,1.0536,7,3.63,1.0254,8,3.53,0.9971,6,3.68,1.0395,196,0
SPY190802C295,2019-08-01,2019-08-01 09:42:41,3.72,1.0508,8,3.64,1.0282,2,3.53,0.9971,6,3.68,1.0395,196,0
SPY190802C295,2019-08-01,2019-08-01 09:42:41,3.73,1.0536,5,3.63,1.0254,6,3.53,0.9971,6,3.68,1.0395,196,0
SPY190802C295,2019-08-01,2019-08-01 09:42:42,3.72,1.0508,8,3.65,1.031,5,3.53,0.9971,6,3.685,1.0409,196,0
SPY190802C295,2019-08-01,2019-08-01 09:42:42,3.75,1.0593,5,3.65,1.031,5,3.53,0.9971,6,3.7,1.0451,196,0
SPY190802C295,2019-08-01,2019-08-01 09:42:43,3.81,1.0762,5,3.64,1.0282,5,3.53,0.9971,6,3.725,1.0522,196,0
SPY190802C295,2019-08-01,2019-08-01 09:42:43,3.82,1.079,10,3.65,1.031,2,3.53,0.9971,6,3.735,1.055,196,0
SPY190802C295,2019-08-01,2019-08-01 09:42:44,3.84,1.0847,5,3.65,1.031,10,3.53,0.9971,6,3.745,1.0579,196,0
SPY190802C295,2019-08-01,2019-08-01 09:42:45,3.79,1.0706,5,3.66,1.0338,5,3.53,0.9971,6,3.725,1.0522,196,0
SPY190802C295,2019-08-01,2019-08-01 09:42:45,3.81,1.0762,2,3.65,1.031,10,3.53,0.9971,6,3.73,1.0536,196,0
SPY190802C295,2019-08-01,2019-08-01 09:42:46,3.81,1.0762,8,3.68,1.0395,8,3.53,0.9971,6,3.745,1.0579,196,0
SPY190802C295,2019-08-01,2019-08-01 09:42:47,3.78,1.0677,2,3.7,1.0451,8,3.53,0.9971,6,3.74,1.0564,196,0
SPY190802C295,2019-08-01,2019-08-01 09:42:47,3.75,1.0593,2,3.71,1.048,8,3.53,0.9971,6,3.73,1.0536,196,0
SPY190802C295,2019-08-01,2019-08-01 09:42:48,3.77,1.0649,5,3.71,1.048,7,3.53,0.9971,6,3.74,1.0564,196,0
SPY190802C295,2019-08-01,2019-08-01 09:42:49,3.75,1.0593,2,3.74,1.0564,8,3.53,0.9971,6,3.745,1.0579,196,0
SPY190802C295,2019-08-01,2019-08-01 09:42:49,3.75,1.0593,8,3.74,1.0564,8,3.53,0.9971,6,3.745,1.0579,196,0
SPY190802C295,2019-08-01,2019-08-01 09:42:50,3.77,1.0649,66,3.74,1.0564,8,3.53,0.9971,6,3.755,1.0607,196,0
SPY190802C295,2019-08-01,2019-08-01 09:42:51,3.81,1.0762,2,3.73,1.0536,8,3.53,0.9971,6,3.77,1.0649,196,0
SPY190802C295,2019-08-01,2019-08-01 09:42:51,3.82,1.079,8,3.74,1.0564,8,3.53,0.9971,6,3.78,1.0677,196,0
SPY190802C295,2019-08-01,2019-08-01 09:42:52,3.81,1.0762,5,3.76,1.0621,5,3.53,0.9971,6,3.785,1.0692,196,0
SPY190802C295,2019-08-01,2019-08-01 09:42:53,3.85,1.0875,1,3.77,1.0649,5,3.53,0.9971,6,3.81,1.0762,196,0
SPY190802C295,2019-08-01,2019-08-01 09:42:54,3.84,1.0847,9,3.78,1.0677,5,3.53,0.9971,6,3.81,1.0762,196,0
SPY190802C295,2019-08-01,2019-08-01 09:42:55,3.84,1.0847,50,3.78,1.0677,1,3.53,0.9971,6,3.81,1.0762,196,0
SPY190802C295,2019-08-01,2019-08-01 09:42:55,3.85,1.0875,1,3.71,1.048,15,3.53,0.9971,6,3.78,1.0677,196,0
SPY190802C295,2019-08-01,2019-08-01 09:42:56,3.83,1.0819,5,3.73,1.0536,5,3.53,0.9971,6,3.78,1.0677,196,0
SPY190802C295,2019-08-01,2019-08-01 09:42:57,3.82,1.079,5,3.72,1.0508,5,3.53,0.9971,6,3.77,1.0649,196,0
SPY190802C295,2019-08-01,2019-08-01 09:42:58,3.8,1.0734,5,3.7,1.0451,80,3.53,0.9971,6,3.75,1.0593,196,0
SPY190802C295,2019-08-01,2019-08-01 09:42:58,3.78,1.0677,5,3.7,1.0451,5,3.53,0.9971,6,3.74,1.0564,196,0
SPY190802C295,2019-08-01,2019-08-01 09:42:59,3.82,1.079,6,3.69,1.0423,100,3.53,0.9971,6,3.755,1.0607,196,0
SPY190802C295,2019-08-01,2019-08-01 09:42:59,3.81,1.0762,5,3.7,1.0451,5,3.53,0.9971,6,3.755,1.0607,196,0
SPY190802C295,2019-08-01,2019-08-01 09:43:01,3.76,1.0621,93,3.66,1.0338,5,3.81,1.0762,1,3.71,1.048,197,1
SPY190802C295,2019-08-01,2019-08-01 09:43:02,3.74,1.0564,2,3.64,1.0282,98,3.81,1.0762,1,3.69,1.0423,197,0
SPY190802C295,2019-08-01,2019-08-01 09:43:02,3.74,1.0564,5,3.64,1.0282,47,3.81,1.0762,1,3.69,1.0423,197,0
SPY190802C295,2019-08-01,2019-08-01 09:43:03,3.73,1.0536,81,3.61,1.0197,103,3.81,1.0762,1,3.67,1.0367,197,0
SPY190802C295,2019-08-01,2019-08-01 09:43:03,3.72,1.0508,2,3.62,1.0225,2,3.81,1.0762,1,3.67,1.0367,197,0
SPY190802C295,2019-08-01,2019-08-01 09:43:04,3.79,1.0706,205,3.62,1.0225,191,3.81,1.0762,1,3.705,1.0466,197,0
SPY190802C295,2019-08-01,2019-08-01 09:43:05,3.78,1.0677,5,3.63,1.0254,366,3.81,1.0762,1,3.705,1.0466,197,0
SPY190802C295,2019-08-01,2019-08-01 09:43:05,3.79,1.0706,53,3.62,1.0225,191,3.81,1.0762,1,3.705,1.0466,197,0
SPY190802C295,2019-08-01,2019-08-01 09:43:06,3.77,1.0649,100,3.64,1.0282,154,3.81,1.0762,1,3.705,1.0466,197,0
SPY190802C295,2019-08-01,2019-08-01 09:43:06,3.78,1.0677,103,3.64,1.0282,5,3.81,1.0762,1,3.71,1.048,197,0
SPY190802C295,2019-08-01,2019-08-01 09:43:07,3.77,1.0649,5,3.64,1.0282,154,3.81,1.0762,1,3.705,1.0466,197,0
SPY190802C295,2019-08-01,2019-08-01 09:43:07,3.77,1.0649,100,3.65,1.031,100,3.81,1.0762,1,3.71,1.048,197,0
SPY190802C295,2019-08-01,2019-08-01 09:43:08,3.76,1.0621,11,3.66,1.0338,11,3.81,1.0762,1,3.71,1.048,197,0
SPY190802C295,2019-08-01,2019-08-01 09:43:09,3.74,1.0564,101,3.68,1.0395,5,3.81,1.0762,1,3.71,1.048,197,0
SPY190802C295,2019-08-01,2019-08-01 09:43:09,3.72,1.0508,2,3.7,1.0451,2,3.81,1.0762,1,3.71,1.048,197,0
SPY190802C295,2019-08-01,2019-08-01 09:43:10,3.72,1.0508,8,3.69,1.0423,8,3.81,1.0762,1,3.705,1.0466,197,0
SPY190802C295,2019-08-01,2019-08-01 09:43:10,3.74,1.0564,101,3.68,1.0395,6,3.81,1.0762,1,3.71,1.048,197,0
SPY190802C295,2019-08-01,2019-08-01 09:43:11,3.73,1.0536,5,3.61,1.0197,103,3.81,1.0762,1,3.67,1.0367,197,0
SPY190802C295,2019-08-01,2019-08-01 09:43:11,3.72,1.0508,100,3.61,1.0197,15,3.81,1.0762,1,3.665,1.0353,197,0
SPY190802C295,2019-08-01,2019-08-01 09:43:12,3.78,1.0677,8,3.63,1.0254,8,3.81,1.0762,1,3.705,1.0466,197,0
SPY190802C295,2019-08-01,2019-08-01 09:43:13,3.74,1.0564,8,3.63,1.0254,100,3.81,1.0762,1,3.685,1.0409,197,0
SPY190802C295,2019-08-01,2019-08-01 09:43:13,3.73,1.0536,9,3.65,1.031,8,3.81,1.0762,1,3.69,1.0423,197,0
SPY190802C295,2019-08-01,2019-08-01 09:43:14,3.72,1.0508,5,3.68,1.0395,9,3.7,1.0451,3,3.7,1.0451,202,5
SPY190802C295,2019-08-01,2019-08-01 09:43:14,3.73,1.0536,9,3.68,1.0395,9,3.81,1.0762,1,3.705,1.0466,197,0
SPY190802C295,2019-08-01,2019-08-01 09:43:15,3.7,1.0451,8,3.68,1.0395,8,3.7,1.0451,3,3.69,1.0423,202,0
SPY190802C295,2019-08-01,2019-08-01 09:43:16,3.7,1.0451,8,3.68,1.0395,8,3.7,1.0451,3,3.69,1.0423,202,0
SPY190802C295,2019-08-01,2019-08-01 09:43:16,3.78,1.0677,5,3.64,1.0282,8,3.7,1.0451,3,3.71,1.048,202,0
SPY190802C295,2019-08-01,2019-08-01 09:43:17,3.78,1.0677,2,3.64,1.0282,100,3.7,1.0451,3,3.71,1.048,202,0
SPY190802C295,2019-08-01,2019-08-01 09:43:18,3.77,1.0649,2,3.64,1.0282,5,3.7,1.0451,3,3.705,1.0466,202,0
SPY190802C295,2019-08-01,2019-08-01 09:43:19,3.78,1.0677,100,3.63,1.0254,5,3.7,1.0451,3,3.705,1.0466,202,0
SPY190802C295,2019-08-01,2019-08-01 09:43:19,3.76,1.0621,5,3.64,1.0282,5,3.7,1.0451,3,3.7,1.0451,202,0
SPY190802C295,2019-08-01,2019-08-01 09:43:20,3.74,1.0564,8,3.67,1.0367,5,3.7,1.0451,3,3.705,1.0466,202,0
SPY190802C295,2019-08-01,2019-08-01 09:43:20,3.75,1.0593,115,3.65,1.031,103,3.7,1.0451,3,3.7,1.0451,202,0
SPY190802C295,2019-08-01,2019-08-01 09:43:21,3.74,1.0564,10,3.68,1.0395,5,3.7,1.0451,3,3.71,1.048,202,0
SPY190802C295,2019-08-01,2019-08-01 09:43:22,3.71,1.048,5,3.65,1.031,100,3.7,1.0451,3,3.68,1.0395,202,0
SPY190802C295,2019-08-01,2019-08-01 09:43:22,3.72,1.0508,2,3.65,1.031,8,3.7,1.0451,3,3.685,1.0409,202,0
SPY190802C295,2019-08-01,2019-08-01 09:43:23,3.71,1.048,5,3.65,1.031,171,3.7,1.0451,3,3.68,1.0395,202,0
SPY190802C295,2019-08-01,2019-08-01 09:43:23,3.8,1.0734,10,3.66,1.0338,5,3.7,1.0451,3,3.73,1.0536,202,0
SPY190802C295,2019-08-01,2019-08-01 09:43:24,3.79,1.0706,103,3.66,1.0338,5,3.7,1.0451,3,3.725,1.0522,202,0
SPY190802C295,2019-08-01,2019-08-01 09:43:24,3.75,1.0593,8,3.66,1.0338,5,3.7,1.0451,3,3.705,1.0466,202,0
SPY190802C295,2019-08-01,2019-08-01 09:43:25,3.74,1.0564,102,3.69,1.0423,8,3.7,1.0451,3,3.715,1.0494,202,0
SPY190802C295,2019-08-01,2019-08-01 09:43:26,3.73,1.0536,8,3.67,1.0367,82,3.7,1.0451,3,3.7,1.0451,202,0
SPY190802C295,2019-08-01,2019-08-01 09:43:26,3.73,1.0536,5,3.69,1.0423,8,3.7,1.0451,3,3.71,1.048,202,0
SPY190802C295,2019-08-01,2019-08-01 09:43:27,3.81,1.0762,10,3.68,1.0395,5,3.7,1.0451,3,3.745,1.0579,202,0
SPY190802C295,2019-08-01,2019-08-01 09:43:27,3.73,1.0536,103,3.67,1.0367,32,3.7,1.0451,3,3.7,1.0451,202,0
SPY190802C295,2019-08-01,2019-08-01 09:43:28,3.74,1.0564,5,3.7,1.0451,2,3.7,1.0451,3,3.72,1.0508,202,0
SPY190802C295,2019-08-01,2019-08-01 09:43:29,3.82,1.079,25,3.6,1.0169,191,3.7,1.0451,3,3.71,1.048,202,0
SPY190802C295,2019-08-01,2019-08-01 09:43:29,3.74,1.0564,103,3.66,1.0338,5,3.7,1.0451,3,3.7,1.0451,202,0
SPY190802C295,2019-08-01,2019-08-01 09:43:30,3.71,1.048,5,3.66,1.0338,8,3.7,1.0451,3,3.685,1.0409,202,0
SPY190802C295,2019-08-01,2019-08-01 09:43:30,3.72,1.0508,15,3.66,1.0338,8,3.7,1.0451,3,3.69,1.0423,202,0
SPY190802C295,2019-08-01,2019-08-01 09:43:31,3.7,1.0451,7,3.65,1.031,49,3.7,1.0451,3,3.675,1.0381,202,0
SPY190802C295,2019-08-01,2019-08-01 09:43:32,3.81,1.0762,8,3.58,1.0112,5,3.7,1.0451,3,3.695,1.0437,202,0
SPY190802C295,2019-08-01,2019-08-01 09:43:32,3.7,1.0451,7,3.59,1.0141,5,3.7,1.0451,3,3.645,1.0296,202,0
SPY190802C295,2019-08-01,2019-08-01 09:43:33,3.69,1.0423,5,3.62,1.0225,5,3.7,1.0451,3,3.655,1.0324,202,0
SPY190802C295,2019-08-01,2019-08-01 09:43:33,3.8,1.0734,5,3.59,1.0141,5,3.7,1.0451,3,3.695,1.0437,202,0
SPY190802C295,2019-08-01,2019-08-01 09:43:34,3.7,1.0451,136,3.63,1.0254,5,3.7,1.0451,3,3.665,1.0353,202,0
SPY190802C295,2019-08-01,2019-08-01 09:43:34,3.7,1.0451,136,3.62,1.0225,102,3.7,1.0451,3,3.66,1.0338,202,0
SPY190802C295,2019-08-01,2019-08-01 09:43:35,3.69,1.0423,5,3.62,1.0225,5,3.7,1.0451,3,3.655,1.0324,202,0
SPY190802C295,2019-08-01,2019-08-01 09:43:36,3.68,1.0395,79,3.63,1.0254,74,3.7,1.0451,3,3.655,1.0324,202,0
SPY190802C295,2019-08-01,2019-08-01 09:43:36,3.68,1.0395,8,3.63,1.0254,8,3.7,1.0451,3,3.655,1.0324,202,0
SPY190802C295,2019-08-01,2019-08-01 09:43:37,3.67,1.0367,8,3.61,1.0197,82,3.7,1.0451,3,3.64,1.0282,202,0
SPY190802C295,2019-08-01,2019-08-01 09:43:38,3.66,1.0338,5,3.61,1.0197,82,3.7,1.0451,3,3.635,1.0268,202,0
SPY190802C295,2019-08-01,2019-08-01 09:43:38,3.75,1.0593,10,3.61,1.0197,8,3.7,1.0451,3,3.68,1.0395,202,0
SPY190802C295,2019-08-01,2019-08-01 09:43:39,3.77,1.0649,2,3.6,1.0169,88,3.7,1.0451,3,3.685,1.0409,202,0
SPY190802C295,2019-08-01,2019-08-01 09:43:40,3.76,1.0621,366,3.53,0.9971,5,3.7,1.0451,3,3.645,1.0296,202,0
SPY190802C295,2019-08-01,2019-08-01 09:43:41,3.66,1.0338,5,3.55,1.0028,5,3.7,1.0451,3,3.605,1.0183,202,0
SPY190802C295,2019-08-01,2019-08-01 09:43:42,3.65,1.031,8,3.59,1.0141,5,3.7,1.0451,3,3.62,1.0225,202,0
SPY190802C295,2019-08-01,2019-08-01 09:43:42,3.64,1.0282,5,3.58,1.0112,5,3.7,1.0451,3,3.61,1.0197,202,0
SPY190802C295,2019-08-01,2019-08-01 09:43:43,3.76,1.0621,15,3.5,0.9887,125,3.7,1.0451,3,3.63,1.0254,202,0
SPY190802C295,2019-08-01,2019-08-01 09:43:44,3.74,1.0564,8,3.54,1.0,5,3.7,1.0451,3,3.64,1.0282,202,0
SPY190802C295,2019-08-01,2019-08-01 09:43:44,3.64,1.0282,8,3.56,1.0056,5,3.7,1.0451,3,3.6,1.0169,202,0
SPY190802C295,2019-08-01,2019-08-01 09:43:45,3.63,1.0254,2,3.59,1.0141,2,3.7,1.0451,3,3.61,1.0197,202,0
SPY190802C295,2019-08-01,2019-08-01 09:43:46,3.65,1.031,36,3.6,1.0169,5,3.7,1.0451,3,3.625,1.024,202,0
SPY190802C295,2019-08-01,2019-08-01 09:43:46,3.7,1.0451,2,3.52,0.9943,103,3.7,1.0451,3,3.61,1.0197,202,0
SPY190802C295,2019-08-01,2019-08-01 09:43:47,3.65,1.031,8,3.59,1.0141,5,3.7,1.0451,3,3.62,1.0225,202,0
SPY190802C295,2019-08-01,2019-08-01 09:43:47,3.65,1.031,8,3.56,1.0056,102,3.7,1.0451,3,3.605,1.0183,202,0
SPY190802C295,2019-08-01,2019-08-01 09:43:48,3.65,1.031,10,3.61,1.0197,5,3.7,1.0451,3,3.63,1.0254,202,0
SPY190802C295,2019-08-01,2019-08-01 09:43:49,3.64,1.0282,2,3.61,1.0197,10,3.7,1.0451,3,3.625,1.024,202,0
SPY190802C295,2019-08-01,2019-08-01 09:43:49,3.65,1.031,10,3.61,1.0197,8,3.7,1.0451,3,3.63,1.0254,202,0
SPY190802C295,2019-08-01,2019-08-01 09:43:50,3.66,1.0338,82,3.63,1.0254,8,3.7,1.0451,3,3.645,1.0296,202,0
SPY190802C295,2019-08-01,2019-08-01 09:43:50,3.65,1.031,8,3.63,1.0254,8,3.7,1.0451,3,3.64,1.0282,202,0
SPY190802C295,2019-08-01,2019-08-01 09:43:51,3.66,1.0338,102,3.61,1.0197,84,3.7,1.0451,3,3.635,1.0268,202,0
SPY190802C295,2019-08-01,2019-08-01 09:43:52,3.64,1.0282,8,3.6,1.0169,37,3.7,1.0451,3,3.62,1.0225,202,0
SPY190802C295,2019-08-01,2019-08-01 09:43:52,3.65,1.031,8,3.61,1.0197,84,3.7,1.0451,3,3.63,1.0254,202,0
SPY190802C295,2019-08-01,2019-08-01 09:43:53,3.62,1.0225,8,3.59,1.0141,80,3.7,1.0451,3,3.605,1.0183,202,0
SPY190802C295,2019-08-01,2019-08-01 09:43:53,3.63,1.0254,5,3.57,1.0084,67,3.7,1.0451,3,3.6,1.0169,202,0
SPY190802C295,2019-08-01,2019-08-01 09:43:54,3.63,1.0254,5,3.57,1.0084,67,3.7,1.0451,3,3.6,1.0169,202,0
SPY190802C295,2019-08-01,2019-08-01 09:43:54,3.63,1.0254,8,3.52,0.9943,8,3.7,1.0451,3,3.575,1.0098,202,0
SPY190802C295,2019-08-01,2019-08-01 09:43:55,3.62,1.0225,8,3.56,1.0056,8,3.7,1.0451,3,3.59,1.0141,202,0
SPY190802C295,2019-08-01,2019-08-01 09:43:55,3.62,1.0225,5,3.54,1.0,8,3.7,1.0451,3,3.58,1.0112,202,0
SPY190802C295,2019-08-01,2019-08-01 09:43:56,3.62,1.0225,8,3.56,1.0056,8,3.7,1.0451,3,3.59,1.0141,202,0
SPY190802C295,2019-08-01,2019-08-01 09:43:57,3.62,1.0225,5,3.54,1.0,5,3.7,1.0451,3,3.58,1.0112,202,0
SPY190802C295,2019-08-01,2019-08-01 09:43:57,3.63,1.0254,120,3.53,0.9971,5,3.7,1.0451,3,3.58,1.0112,202,0
SPY190802C295,2019-08-01,2019-08-01 09:43:58,3.74,1.0564,8,3.55,1.0028,6,3.7,1.0451,3,3.645,1.0296,202,0
SPY190802C295,2019-08-01,2019-08-01 09:43:58,3.62,1.0225,5,3.55,1.0028,5,3.7,1.0451,3,3.585,1.0127,202,0
SPY190802C295,2019-08-01,2019-08-01 09:43:59,3.64,1.0282,2,3.57,1.0084,34,3.7,1.0451,3,3.605,1.0183,202,0
SPY190802C295,2019-08-01,2019-08-01 09:43:59,3.73,1.0536,104,3.56,1.0056,104,3.7,1.0451,3,3.645,1.0296,202,0
SPY190802C295,2019-08-01,2019-08-01 09:44:00,3.63,1.0254,7,3.57,1.0084,57,3.7,1.0451,3,3.6,1.0169,202,0
