symbol,Date,quote_time,ask_price,norm_ask_price,ask_size,bid_price,norm_bid_price,bid_size,last_trade_price,norm_last_trade_price,last_trade_size,mark_price,norm_mark_price,volume,Volume
SPY190522P282,2019-05-20,2019-05-20 09:32:13,1.22,1.0,51,1.21,0.9918,210,1.21,0.9918,6,1.215,0.9959,663,663
SPY190522P282,2019-05-20,2019-05-20 09:32:14,1.22,1.0,12,1.2,0.9836,223,1.21,0.9918,6,1.21,0.9918,663,0
SPY190522P282,2019-05-20,2019-05-20 09:32:15,1.21,0.9918,63,1.2,0.9836,230,1.21,0.9918,6,1.205,0.9877,663,0
SPY190522P282,2019-05-20,2019-05-20 09:32:16,1.22,1.0,36,1.21,0.9918,206,1.21,0.9918,6,1.215,0.9959,663,0
SPY190522P282,2019-05-20,2019-05-20 09:32:17,1.22,1.0,93,1.2,0.9836,223,1.21,0.9918,6,1.21,0.9918,663,0
SPY190522P282,2019-05-20,2019-05-20 09:32:18,1.22,1.0,140,1.2,0.9836,195,1.21,0.9918,6,1.21,0.9918,663,0
SPY190522P282,2019-05-20,2019-05-20 09:32:19,1.22,1.0,150,1.2,0.9836,195,1.21,0.9918,6,1.21,0.9918,663,0
SPY190522P282,2019-05-20,2019-05-20 09:32:20,1.22,1.0,176,1.2,0.9836,290,1.21,0.9918,6,1.21,0.9918,663,0
SPY190522P282,2019-05-20,2019-05-20 09:32:21,1.22,1.0,5,1.21,0.9918,241,1.21,0.9918,6,1.215,0.9959,663,0
SPY190522P282,2019-05-20,2019-05-20 09:32:22,1.22,1.0,100,1.21,0.9918,115,1.21,0.9918,3,1.215,0.9959,668,5
SPY190522P282,2019-05-20,2019-05-20 09:32:23,1.22,1.0,129,1.21,0.9918,48,1.21,0.9918,2,1.215,0.9959,672,4
SPY190522P282,2019-05-20,2019-05-20 09:32:24,1.22,1.0,157,1.21,0.9918,181,1.21,0.9918,2,1.215,0.9959,672,0
SPY190522P282,2019-05-20,2019-05-20 09:32:24,1.22,1.0,129,1.21,0.9918,275,1.21,0.9918,2,1.215,0.9959,672,0
SPY190522P282,2019-05-20,2019-05-20 09:32:26,1.22,1.0,11,1.21,0.9918,277,1.21,0.9918,2,1.215,0.9959,672,0
SPY190522P282,2019-05-20,2019-05-20 09:32:27,1.22,1.0,8,1.21,0.9918,507,1.21,0.9918,2,1.215,0.9959,672,0
SPY190522P282,2019-05-20,2019-05-20 09:32:27,1.22,1.0,100,1.21,0.9918,203,1.21,0.9918,4,1.215,0.9959,676,4
SPY190522P282,2019-05-20,2019-05-20 09:32:28,1.22,1.0,100,1.21,0.9918,203,1.21,0.9918,4,1.215,0.9959,676,0
SPY190522P282,2019-05-20,2019-05-20 09:32:29,1.22,1.0,156,1.2,0.9836,323,1.21,0.9918,3,1.21,0.9918,686,10
SPY190522P282,2019-05-20,2019-05-20 09:32:31,1.22,1.0,83,1.21,0.9918,1,1.21,0.9918,3,1.215,0.9959,686,0
SPY190522P282,2019-05-20,2019-05-20 09:32:31,1.22,1.0,50,1.21,0.9918,1,1.21,0.9918,3,1.215,0.9959,686,0
SPY190522P282,2019-05-20,2019-05-20 09:32:32,1.22,1.0,502,1.19,0.9754,338,1.21,0.9918,1,1.205,0.9877,687,1
SPY190522P282,2019-05-20,2019-05-20 09:32:34,1.22,1.0,312,1.19,0.9754,394,1.21,0.9918,1,1.205,0.9877,687,0
SPY190522P282,2019-05-20,2019-05-20 09:32:35,1.21,0.9918,203,1.18,0.9672,60,1.21,0.9918,1,1.195,0.9795,687,0
SPY190522P282,2019-05-20,2019-05-20 09:32:36,1.21,0.9918,482,1.17,0.959,1025,1.21,0.9918,1,1.19,0.9754,687,0
SPY190522P282,2019-05-20,2019-05-20 09:32:37,1.21,0.9918,496,1.18,0.9672,408,1.21,0.9918,1,1.195,0.9795,687,0
SPY190522P282,2019-05-20,2019-05-20 09:32:38,1.2,0.9836,60,1.18,0.9672,188,1.21,0.9918,1,1.19,0.9754,687,0
SPY190522P282,2019-05-20,2019-05-20 09:32:40,1.2,0.9836,7,1.18,0.9672,499,1.21,0.9918,1,1.19,0.9754,687,0
SPY190522P282,2019-05-20,2019-05-20 09:32:41,1.2,0.9836,7,1.19,0.9754,466,1.21,0.9918,1,1.195,0.9795,687,0
SPY190522P282,2019-05-20,2019-05-20 09:32:42,1.2,0.9836,1,1.19,0.9754,758,1.21,0.9918,1,1.195,0.9795,687,0
SPY190522P282,2019-05-20,2019-05-20 09:32:43,1.2,0.9836,1,1.19,0.9754,1087,1.21,0.9918,1,1.195,0.9795,687,0
SPY190522P282,2019-05-20,2019-05-20 09:32:44,1.2,0.9836,7,1.2,0.9836,1,1.2,0.9836,1,1.2,0.9836,688,1
SPY190522P282,2019-05-20,2019-05-20 09:32:45,1.21,0.9918,84,1.2,0.9836,370,1.2,0.9836,1,1.205,0.9877,688,0
SPY190522P282,2019-05-20,2019-05-20 09:32:46,1.22,1.0,150,1.2,0.9836,488,1.2,0.9836,1,1.21,0.9918,688,0
SPY190522P282,2019-05-20,2019-05-20 09:32:47,1.22,1.0,105,1.21,0.9918,358,1.2,0.9836,1,1.215,0.9959,688,0
SPY190522P282,2019-05-20,2019-05-20 09:32:48,1.22,1.0,142,1.2,0.9836,571,1.2,0.9836,1,1.21,0.9918,688,0
SPY190522P282,2019-05-20,2019-05-20 09:32:49,1.22,1.0,37,1.2,0.9836,103,1.2,0.9836,1,1.21,0.9918,688,0
SPY190522P282,2019-05-20,2019-05-20 09:32:50,1.22,1.0,157,1.19,0.9754,297,1.2,0.9836,1,1.205,0.9877,688,0
SPY190522P282,2019-05-20,2019-05-20 09:32:51,1.22,1.0,151,1.2,0.9836,182,1.2,0.9836,1,1.21,0.9918,688,0
SPY190522P282,2019-05-20,2019-05-20 09:32:52,1.22,1.0,153,1.19,0.9754,275,1.2,0.9836,1,1.205,0.9877,688,0
SPY190522P282,2019-05-20,2019-05-20 09:32:53,1.22,1.0,766,1.18,0.9672,684,1.2,0.9836,1,1.2,0.9836,688,0
SPY190522P282,2019-05-20,2019-05-20 09:32:54,1.2,0.9836,586,1.17,0.959,276,1.2,0.9836,1,1.185,0.9713,688,0
SPY190522P282,2019-05-20,2019-05-20 09:32:55,1.2,0.9836,155,1.17,0.959,699,1.2,0.9836,1,1.185,0.9713,688,0
SPY190522P282,2019-05-20,2019-05-20 09:32:56,1.2,0.9836,50,1.18,0.9672,260,1.2,0.9836,1,1.19,0.9754,688,0
SPY190522P282,2019-05-20,2019-05-20 09:32:57,1.2,0.9836,10,1.18,0.9672,47,1.2,0.9836,1,1.19,0.9754,688,0
SPY190522P282,2019-05-20,2019-05-20 09:32:58,1.22,1.0,775,1.18,0.9672,1073,1.2,0.9836,1,1.2,0.9836,688,0
SPY190522P282,2019-05-20,2019-05-20 09:32:59,1.21,0.9918,232,1.18,0.9672,1073,1.2,0.9836,1,1.195,0.9795,688,0
SPY190522P282,2019-05-20,2019-05-20 09:33:00,1.21,0.9918,280,1.18,0.9672,63,1.2,0.9836,1,1.195,0.9795,688,0
SPY190522P282,2019-05-20,2019-05-20 09:33:01,1.2,0.9836,576,1.16,0.9508,392,1.2,0.9836,1,1.18,0.9672,688,0
SPY190522P282,2019-05-20,2019-05-20 09:33:02,1.2,0.9836,92,1.17,0.959,337,1.2,0.9836,1,1.185,0.9713,688,0
SPY190522P282,2019-05-20,2019-05-20 09:33:03,1.2,0.9836,119,1.17,0.959,907,1.2,0.9836,1,1.185,0.9713,688,0
SPY190522P282,2019-05-20,2019-05-20 09:33:04,1.21,0.9918,130,1.19,0.9754,419,1.2,0.9836,1,1.2,0.9836,688,0
SPY190522P282,2019-05-20,2019-05-20 09:33:05,1.21,0.9918,111,1.18,0.9672,782,1.2,0.9836,15,1.195,0.9795,703,15
SPY190522P282,2019-05-20,2019-05-20 09:33:06,1.21,0.9918,172,1.19,0.9754,278,1.2,0.9836,15,1.2,0.9836,703,0
SPY190522P282,2019-05-20,2019-05-20 09:33:07,1.21,0.9918,6,1.19,0.9754,103,1.2,0.9836,15,1.2,0.9836,703,0
SPY190522P282,2019-05-20,2019-05-20 09:33:08,1.2,0.9836,1,1.19,0.9754,373,1.2,0.9836,1,1.195,0.9795,704,1
SPY190522P282,2019-05-20,2019-05-20 09:33:09,1.21,0.9918,50,1.2,0.9836,230,1.2,0.9836,1,1.205,0.9877,704,0
SPY190522P282,2019-05-20,2019-05-20 09:33:10,1.22,1.0,171,1.2,0.9836,246,1.2,0.9836,1,1.21,0.9918,704,0
SPY190522P282,2019-05-20,2019-05-20 09:33:11,1.22,1.0,158,1.19,0.9754,352,1.2,0.9836,1,1.205,0.9877,704,0
SPY190522P282,2019-05-20,2019-05-20 09:33:12,1.22,1.0,191,1.19,0.9754,352,1.2,0.9836,1,1.205,0.9877,704,0
SPY190522P282,2019-05-20,2019-05-20 09:33:14,1.22,1.0,764,1.19,0.9754,365,1.19,0.9754,1,1.205,0.9877,705,1
SPY190522P282,2019-05-20,2019-05-20 09:33:15,1.21,0.9918,155,1.19,0.9754,1,1.19,0.9754,1,1.2,0.9836,705,0
SPY190522P282,2019-05-20,2019-05-20 09:33:16,1.22,1.0,171,1.19,0.9754,254,1.19,0.9754,1,1.205,0.9877,705,0
SPY190522P282,2019-05-20,2019-05-20 09:33:17,1.22,1.0,298,1.19,0.9754,695,1.19,0.9754,1,1.205,0.9877,705,0
SPY190522P282,2019-05-20,2019-05-20 09:33:18,1.22,1.0,238,1.19,0.9754,771,1.19,0.9754,1,1.205,0.9877,705,0
SPY190522P282,2019-05-20,2019-05-20 09:33:19,1.22,1.0,687,1.18,0.9672,411,1.19,0.9754,1,1.2,0.9836,705,0
SPY190522P282,2019-05-20,2019-05-20 09:33:20,1.21,0.9918,171,1.19,0.9754,80,1.19,0.9754,1,1.2,0.9836,705,0
SPY190522P282,2019-05-20,2019-05-20 09:33:20,1.21,0.9918,191,1.19,0.9754,382,1.19,0.9754,1,1.2,0.9836,705,0
SPY190522P282,2019-05-20,2019-05-20 09:33:21,1.21,0.9918,556,1.18,0.9672,753,1.19,0.9754,1,1.195,0.9795,705,0
SPY190522P282,2019-05-20,2019-05-20 09:33:22,1.21,0.9918,624,1.18,0.9672,771,1.19,0.9754,1,1.195,0.9795,705,0
SPY190522P282,2019-05-20,2019-05-20 09:33:23,1.2,0.9836,767,1.17,0.959,732,1.2,0.9836,1,1.185,0.9713,706,1
SPY190522P282,2019-05-20,2019-05-20 09:33:24,1.19,0.9754,192,1.17,0.959,486,1.2,0.9836,1,1.18,0.9672,706,0
SPY190522P282,2019-05-20,2019-05-20 09:33:25,1.2,0.9836,537,1.16,0.9508,603,1.2,0.9836,1,1.18,0.9672,706,0
SPY190522P282,2019-05-20,2019-05-20 09:33:26,1.18,0.9672,60,1.15,0.9426,453,1.18,0.9672,1,1.165,0.9549,707,1
SPY190522P282,2019-05-20,2019-05-20 09:33:27,1.18,0.9672,50,1.17,0.959,60,1.18,0.9672,1,1.175,0.9631,707,0
SPY190522P282,2019-05-20,2019-05-20 09:33:28,1.19,0.9754,188,1.16,0.9508,1101,1.18,0.9672,1,1.175,0.9631,707,0
SPY190522P282,2019-05-20,2019-05-20 09:33:30,1.19,0.9754,191,1.16,0.9508,110,1.18,0.9672,1,1.175,0.9631,707,0
SPY190522P282,2019-05-20,2019-05-20 09:33:31,1.19,0.9754,50,1.17,0.959,111,1.18,0.9672,1,1.18,0.9672,707,0
SPY190522P282,2019-05-20,2019-05-20 09:33:32,1.2,0.9836,188,1.17,0.959,422,1.18,0.9672,1,1.185,0.9713,707,0
SPY190522P282,2019-05-20,2019-05-20 09:33:33,1.18,0.9672,1,1.15,0.9426,667,1.18,0.9672,1,1.165,0.9549,707,0
SPY190522P282,2019-05-20,2019-05-20 09:33:34,1.18,0.9672,9,1.16,0.9508,271,1.18,0.9672,1,1.17,0.959,707,0
SPY190522P282,2019-05-20,2019-05-20 09:33:35,1.18,0.9672,145,1.15,0.9426,1010,1.18,0.9672,1,1.165,0.9549,707,0
SPY190522P282,2019-05-20,2019-05-20 09:33:36,1.17,0.959,150,1.14,0.9344,830,1.18,0.9672,1,1.155,0.9467,707,0
SPY190522P282,2019-05-20,2019-05-20 09:33:38,1.17,0.959,172,1.14,0.9344,830,1.18,0.9672,1,1.155,0.9467,707,0
SPY190522P282,2019-05-20,2019-05-20 09:33:39,1.17,0.959,50,1.16,0.9508,1,1.16,0.9508,5,1.165,0.9549,712,5
SPY190522P282,2019-05-20,2019-05-20 09:33:40,1.17,0.959,50,1.16,0.9508,436,1.17,0.959,1,1.165,0.9549,713,1
SPY190522P282,2019-05-20,2019-05-20 09:33:41,1.18,0.9672,1,1.17,0.959,786,1.17,0.959,1,1.175,0.9631,713,0
SPY190522P282,2019-05-20,2019-05-20 09:33:42,1.18,0.9672,1,1.17,0.959,49,1.17,0.959,1,1.175,0.9631,714,1
SPY190522P282,2019-05-20,2019-05-20 09:33:43,1.18,0.9672,1,1.17,0.959,1,1.17,0.959,1,1.175,0.9631,714,0
SPY190522P282,2019-05-20,2019-05-20 09:33:44,1.18,0.9672,6,1.16,0.9508,206,1.17,0.959,1,1.17,0.959,714,0
SPY190522P282,2019-05-20,2019-05-20 09:33:45,1.18,0.9672,151,1.16,0.9508,244,1.17,0.959,1,1.17,0.959,714,0
SPY190522P282,2019-05-20,2019-05-20 09:33:46,1.18,0.9672,68,1.16,0.9508,571,1.16,0.9508,1,1.17,0.959,715,1
SPY190522P282,2019-05-20,2019-05-20 09:33:47,1.18,0.9672,143,1.15,0.9426,900,1.16,0.9508,1,1.165,0.9549,715,0
SPY190522P282,2019-05-20,2019-05-20 09:33:48,1.18,0.9672,739,1.15,0.9426,534,1.16,0.9508,1,1.165,0.9549,715,0
SPY190522P282,2019-05-20,2019-05-20 09:33:49,1.18,0.9672,142,1.15,0.9426,453,1.16,0.9508,1,1.165,0.9549,715,0
SPY190522P282,2019-05-20,2019-05-20 09:33:50,1.18,0.9672,143,1.16,0.9508,58,1.16,0.9508,1,1.17,0.959,715,0
SPY190522P282,2019-05-20,2019-05-20 09:33:51,1.18,0.9672,111,1.16,0.9508,571,1.16,0.9508,1,1.17,0.959,715,0
SPY190522P282,2019-05-20,2019-05-20 09:33:52,1.18,0.9672,192,1.15,0.9426,327,1.16,0.9508,1,1.165,0.9549,715,0
SPY190522P282,2019-05-20,2019-05-20 09:33:53,1.18,0.9672,698,1.15,0.9426,256,1.16,0.9508,1,1.165,0.9549,715,0
SPY190522P282,2019-05-20,2019-05-20 09:33:55,1.18,0.9672,477,1.15,0.9426,646,1.16,0.9508,1,1.165,0.9549,715,0
SPY190522P282,2019-05-20,2019-05-20 09:33:56,1.18,0.9672,152,1.15,0.9426,752,1.16,0.9508,1,1.165,0.9549,715,0
SPY190522P282,2019-05-20,2019-05-20 09:33:57,1.18,0.9672,221,1.15,0.9426,777,1.16,0.9508,7,1.165,0.9549,722,7
SPY190522P282,2019-05-20,2019-05-20 09:33:58,1.18,0.9672,156,1.15,0.9426,756,1.16,0.9508,7,1.165,0.9549,722,0
SPY190522P282,2019-05-20,2019-05-20 09:33:59,1.18,0.9672,5,1.16,0.9508,435,1.16,0.9508,7,1.17,0.959,722,0
SPY190522P282,2019-05-20,2019-05-20 09:34:00,1.18,0.9672,173,1.16,0.9508,50,1.16,0.9508,7,1.17,0.959,722,0
SPY190522P282,2019-05-20,2019-05-20 09:34:00,1.18,0.9672,156,1.16,0.9508,50,1.16,0.9508,7,1.17,0.959,722,0
SPY190522P282,2019-05-20,2019-05-20 09:34:01,1.17,0.959,11,1.15,0.9426,341,1.16,0.9508,7,1.16,0.9508,722,0
SPY190522P282,2019-05-20,2019-05-20 09:34:02,1.17,0.959,10,1.16,0.9508,72,1.16,0.9508,7,1.165,0.9549,722,0
SPY190522P282,2019-05-20,2019-05-20 09:34:03,1.17,0.959,1,1.16,0.9508,724,1.16,0.9508,7,1.165,0.9549,722,0
SPY190522P282,2019-05-20,2019-05-20 09:34:04,1.17,0.959,7,1.16,0.9508,65,1.16,0.9508,7,1.165,0.9549,722,0
SPY190522P282,2019-05-20,2019-05-20 09:34:06,1.17,0.959,59,1.15,0.9426,283,1.16,0.9508,7,1.16,0.9508,722,0
SPY190522P282,2019-05-20,2019-05-20 09:34:07,1.17,0.959,83,1.15,0.9426,504,1.16,0.9508,7,1.16,0.9508,722,0
SPY190522P282,2019-05-20,2019-05-20 09:34:08,1.17,0.959,36,1.15,0.9426,234,1.16,0.9508,7,1.16,0.9508,722,0
SPY190522P282,2019-05-20,2019-05-20 09:34:09,1.17,0.959,36,1.15,0.9426,206,1.16,0.9508,7,1.16,0.9508,722,0
SPY190522P282,2019-05-20,2019-05-20 09:34:10,1.17,0.959,39,1.15,0.9426,1052,1.16,0.9508,7,1.16,0.9508,722,0
SPY190522P282,2019-05-20,2019-05-20 09:34:11,1.17,0.959,14,1.15,0.9426,689,1.16,0.9508,7,1.16,0.9508,722,0
SPY190522P282,2019-05-20,2019-05-20 09:34:12,1.17,0.959,3,1.16,0.9508,234,1.16,0.9508,7,1.165,0.9549,722,0
SPY190522P282,2019-05-20,2019-05-20 09:34:13,1.18,0.9672,5,1.17,0.959,234,1.17,0.959,1,1.175,0.9631,726,4
SPY190522P282,2019-05-20,2019-05-20 09:34:14,1.18,0.9672,5,1.17,0.959,809,1.17,0.959,1,1.175,0.9631,726,0
SPY190522P282,2019-05-20,2019-05-20 09:34:15,1.18,0.9672,5,1.17,0.959,611,1.17,0.959,1,1.175,0.9631,726,0
SPY190522P282,2019-05-20,2019-05-20 09:34:17,1.18,0.9672,5,1.17,0.959,351,1.17,0.959,1,1.175,0.9631,726,0
SPY190522P282,2019-05-20,2019-05-20 09:34:18,1.18,0.9672,57,1.16,0.9508,303,1.17,0.959,1,1.17,0.959,726,0
SPY190522P282,2019-05-20,2019-05-20 09:34:19,1.18,0.9672,116,1.16,0.9508,303,1.17,0.959,1,1.17,0.959,726,0
SPY190522P282,2019-05-20,2019-05-20 09:34:20,1.18,0.9672,116,1.16,0.9508,303,1.17,0.959,1,1.17,0.959,726,0
SPY190522P282,2019-05-20,2019-05-20 09:34:21,1.18,0.9672,84,1.15,0.9426,199,1.17,0.959,1,1.165,0.9549,726,0
SPY190522P282,2019-05-20,2019-05-20 09:34:23,1.18,0.9672,7,1.16,0.9508,432,1.17,0.959,1,1.17,0.959,726,0
SPY190522P282,2019-05-20,2019-05-20 09:34:24,1.18,0.9672,192,1.16,0.9508,28,1.17,0.959,1,1.17,0.959,726,0
SPY190522P282,2019-05-20,2019-05-20 09:34:25,1.18,0.9672,155,1.16,0.9508,110,1.16,0.9508,3,1.17,0.959,729,3
SPY190522P282,2019-05-20,2019-05-20 09:34:26,1.18,0.9672,98,1.16,0.9508,234,1.16,0.9508,3,1.17,0.959,729,0
SPY190522P282,2019-05-20,2019-05-20 09:34:27,1.18,0.9672,144,1.16,0.9508,50,1.16,0.9508,3,1.17,0.959,729,0
SPY190522P282,2019-05-20,2019-05-20 09:34:28,1.18,0.9672,39,1.16,0.9508,234,1.16,0.9508,3,1.17,0.959,729,0
SPY190522P282,2019-05-20,2019-05-20 09:34:29,1.18,0.9672,5,1.17,0.959,107,1.17,0.959,3,1.175,0.9631,732,3
SPY190522P282,2019-05-20,2019-05-20 09:34:30,1.18,0.9672,5,1.17,0.959,577,1.17,0.959,3,1.175,0.9631,732,0
SPY190522P282,2019-05-20,2019-05-20 09:34:32,1.18,0.9672,5,1.17,0.959,604,1.17,0.959,3,1.175,0.9631,732,0
SPY190522P282,2019-05-20,2019-05-20 09:34:33,1.18,0.9672,5,1.17,0.959,383,1.17,0.959,3,1.175,0.9631,732,0
SPY190522P282,2019-05-20,2019-05-20 09:34:34,1.18,0.9672,5,1.17,0.959,50,1.17,0.959,3,1.175,0.9631,732,0
SPY190522P282,2019-05-20,2019-05-20 09:34:35,1.18,0.9672,5,1.16,0.9508,571,1.17,0.959,3,1.17,0.959,732,0
SPY190522P282,2019-05-20,2019-05-20 09:34:37,1.18,0.9672,5,1.16,0.9508,1129,1.17,0.959,3,1.17,0.959,732,0
SPY190522P282,2019-05-20,2019-05-20 09:34:38,1.18,0.9672,87,1.16,0.9508,1098,1.17,0.959,3,1.17,0.959,732,0
SPY190522P282,2019-05-20,2019-05-20 09:34:39,1.18,0.9672,87,1.16,0.9508,1188,1.17,0.959,3,1.17,0.959,732,0
SPY190522P282,2019-05-20,2019-05-20 09:34:40,1.18,0.9672,78,1.16,0.9508,1364,1.17,0.959,3,1.17,0.959,732,0
SPY190522P282,2019-05-20,2019-05-20 09:34:41,1.18,0.9672,332,1.15,0.9426,338,1.17,0.959,3,1.165,0.9549,732,0
SPY190522P282,2019-05-20,2019-05-20 09:34:43,1.18,0.9672,5,1.16,0.9508,950,1.17,0.959,3,1.17,0.959,732,0
SPY190522P282,2019-05-20,2019-05-20 09:34:44,1.18,0.9672,181,1.16,0.9508,76,1.16,0.9508,4,1.17,0.959,737,5
SPY190522P282,2019-05-20,2019-05-20 09:34:46,1.18,0.9672,55,1.16,0.9508,457,1.16,0.9508,4,1.17,0.959,737,0
SPY190522P282,2019-05-20,2019-05-20 09:34:47,1.18,0.9672,5,1.16,0.9508,592,1.16,0.9508,4,1.17,0.959,737,0
SPY190522P282,2019-05-20,2019-05-20 09:34:48,1.18,0.9672,5,1.17,0.959,379,1.16,0.9508,4,1.175,0.9631,737,0
SPY190522P282,2019-05-20,2019-05-20 09:34:49,1.2,0.9836,148,1.18,0.9672,260,1.18,0.9672,5,1.19,0.9754,742,5
SPY190522P282,2019-05-20,2019-05-20 09:34:51,1.21,0.9918,51,1.19,0.9754,383,1.18,0.9672,5,1.2,0.9836,742,0
SPY190522P282,2019-05-20,2019-05-20 09:34:52,1.22,1.0,148,1.2,0.9836,98,1.18,0.9672,5,1.21,0.9918,742,0
SPY190522P282,2019-05-20,2019-05-20 09:34:53,1.22,1.0,13,1.21,0.9918,230,1.21,0.9918,2,1.215,0.9959,744,2
SPY190522P282,2019-05-20,2019-05-20 09:34:55,1.22,1.0,1060,1.18,0.9672,501,1.21,0.9918,2,1.2,0.9836,744,0
SPY190522P282,2019-05-20,2019-05-20 09:34:56,1.21,0.9918,51,1.19,0.9754,356,1.21,0.9918,2,1.2,0.9836,744,0
SPY190522P282,2019-05-20,2019-05-20 09:34:57,1.21,0.9918,50,1.18,0.9672,586,1.21,0.9918,2,1.195,0.9795,744,0
SPY190522P282,2019-05-20,2019-05-20 09:34:58,1.22,1.0,72,1.19,0.9754,799,1.21,0.9918,2,1.205,0.9877,744,0
SPY190522P282,2019-05-20,2019-05-20 09:34:59,1.22,1.0,60,1.2,0.9836,230,1.21,0.9918,2,1.21,0.9918,744,0
SPY190522P282,2019-05-20,2019-05-20 09:35:00,1.22,1.0,147,1.19,0.9754,443,1.21,0.9918,2,1.205,0.9877,744,0
SPY190522P282,2019-05-20,2019-05-20 09:35:01,1.21,0.9918,1,1.19,0.9754,655,1.21,0.9918,1,1.2,0.9836,745,1
SPY190522P282,2019-05-20,2019-05-20 09:35:02,1.22,1.0,685,1.19,0.9754,748,1.21,0.9918,1,1.205,0.9877,745,0
SPY190522P282,2019-05-20,2019-05-20 09:35:04,1.21,0.9918,171,1.18,0.9672,1025,1.21,0.9918,1,1.195,0.9795,746,1
SPY190522P282,2019-05-20,2019-05-20 09:35:05,1.21,0.9918,71,1.18,0.9672,457,1.21,0.9918,1,1.195,0.9795,746,0
SPY190522P282,2019-05-20,2019-05-20 09:35:06,1.21,0.9918,130,1.18,0.9672,794,1.21,0.9918,1,1.195,0.9795,746,0
SPY190522P282,2019-05-20,2019-05-20 09:35:07,1.21,0.9918,6,1.19,0.9754,609,1.21,0.9918,1,1.2,0.9836,747,1
SPY190522P282,2019-05-20,2019-05-20 09:35:08,1.21,0.9918,70,1.19,0.9754,686,1.21,0.9918,1,1.2,0.9836,747,0
SPY190522P282,2019-05-20,2019-05-20 09:35:09,1.21,0.9918,50,1.19,0.9754,686,1.21,0.9918,1,1.2,0.9836,747,0
SPY190522P282,2019-05-20,2019-05-20 09:35:10,1.21,0.9918,10,1.19,0.9754,29,1.21,0.9918,1,1.2,0.9836,747,0
SPY190522P282,2019-05-20,2019-05-20 09:35:11,1.22,1.0,102,1.19,0.9754,623,1.21,0.9918,1,1.205,0.9877,747,0
SPY190522P282,2019-05-20,2019-05-20 09:35:12,1.22,1.0,207,1.19,0.9754,623,1.21,0.9918,1,1.205,0.9877,747,0
SPY190522P282,2019-05-20,2019-05-20 09:35:13,1.24,1.0163,50,1.22,1.0,202,1.22,1.0,5,1.23,1.0081,752,5
SPY190522P282,2019-05-20,2019-05-20 09:35:14,1.25,1.0245,101,1.22,1.0,376,1.22,1.0,5,1.235,1.0122,752,0
SPY190522P282,2019-05-20,2019-05-20 09:35:15,1.24,1.0163,50,1.22,1.0,468,1.22,1.0,5,1.23,1.0081,752,0
SPY190522P282,2019-05-20,2019-05-20 09:35:16,1.24,1.0163,150,1.22,1.0,621,1.22,1.0,5,1.23,1.0081,752,0
SPY190522P282,2019-05-20,2019-05-20 09:35:17,1.24,1.0163,110,1.21,0.9918,570,1.22,1.0,5,1.225,1.004,752,0
SPY190522P282,2019-05-20,2019-05-20 09:35:18,1.23,1.0081,107,1.21,0.9918,503,1.22,1.0,5,1.22,1.0,752,0
SPY190522P282,2019-05-20,2019-05-20 09:35:19,1.23,1.0081,35,1.21,0.9918,344,1.22,1.0,5,1.22,1.0,752,0
SPY190522P282,2019-05-20,2019-05-20 09:35:21,1.23,1.0081,50,1.21,0.9918,509,1.22,1.0,5,1.22,1.0,752,0
SPY190522P282,2019-05-20,2019-05-20 09:35:22,1.22,1.0,110,1.2,0.9836,465,1.22,1.0,5,1.21,0.9918,752,0
SPY190522P282,2019-05-20,2019-05-20 09:35:23,1.23,1.0081,102,1.21,0.9918,304,1.22,1.0,5,1.22,1.0,752,0
SPY190522P282,2019-05-20,2019-05-20 09:35:24,1.23,1.0081,398,1.21,0.9918,406,1.22,1.0,5,1.22,1.0,752,0
SPY190522P282,2019-05-20,2019-05-20 09:35:25,1.23,1.0081,60,1.21,0.9918,346,1.22,1.0,5,1.22,1.0,752,0
SPY190522P282,2019-05-20,2019-05-20 09:35:26,1.24,1.0163,170,1.22,1.0,303,1.22,1.0,5,1.23,1.0081,752,0
SPY190522P282,2019-05-20,2019-05-20 09:35:27,1.24,1.0163,110,1.22,1.0,297,1.22,1.0,5,1.23,1.0081,752,0
SPY190522P282,2019-05-20,2019-05-20 09:35:28,1.26,1.0327,833,1.23,1.0081,405,1.23,1.0081,1,1.245,1.0204,753,1
SPY190522P282,2019-05-20,2019-05-20 09:35:29,1.26,1.0327,199,1.23,1.0081,325,1.23,1.0081,1,1.245,1.0204,753,0
SPY190522P282,2019-05-20,2019-05-20 09:35:31,1.26,1.0327,295,1.24,1.0163,148,1.23,1.0081,1,1.25,1.0245,753,0
SPY190522P282,2019-05-20,2019-05-20 09:35:32,1.26,1.0327,171,1.24,1.0163,49,1.23,1.0081,1,1.25,1.0245,753,0
SPY190522P282,2019-05-20,2019-05-20 09:35:33,1.26,1.0327,227,1.24,1.0163,49,1.23,1.0081,1,1.25,1.0245,753,0
SPY190522P282,2019-05-20,2019-05-20 09:35:35,1.26,1.0327,744,1.24,1.0163,1,1.24,1.0163,1,1.25,1.0245,762,9
SPY190522P282,2019-05-20,2019-05-20 09:35:36,1.26,1.0327,655,1.24,1.0163,1,1.24,1.0163,1,1.25,1.0245,762,0
SPY190522P282,2019-05-20,2019-05-20 09:35:37,1.28,1.0491,60,1.23,1.0081,679,1.26,1.0327,1,1.255,1.0286,763,1
SPY190522P282,2019-05-20,2019-05-20 09:35:38,1.28,1.0491,74,1.25,1.0245,247,1.26,1.0327,1,1.265,1.0368,763,0
SPY190522P282,2019-05-20,2019-05-20 09:35:39,1.28,1.0491,50,1.26,1.0327,142,1.26,1.0327,1,1.27,1.0409,763,0
SPY190522P282,2019-05-20,2019-05-20 09:35:40,1.29,1.0573,155,1.26,1.0327,349,1.27,1.0409,3,1.275,1.045,776,13
SPY190522P282,2019-05-20,2019-05-20 09:35:42,1.28,1.0491,226,1.26,1.0327,13,1.26,1.0327,1,1.27,1.0409,777,1
SPY190522P282,2019-05-20,2019-05-20 09:35:43,1.28,1.0491,293,1.24,1.0163,175,1.27,1.0409,1,1.26,1.0327,778,1
SPY190522P282,2019-05-20,2019-05-20 09:35:44,1.27,1.0409,571,1.24,1.0163,571,1.24,1.0163,1,1.255,1.0286,779,1
SPY190522P282,2019-05-20,2019-05-20 09:35:45,1.28,1.0491,51,1.25,1.0245,469,1.24,1.0163,1,1.265,1.0368,779,0
SPY190522P282,2019-05-20,2019-05-20 09:35:46,1.28,1.0491,16,1.25,1.0245,704,1.24,1.0163,1,1.265,1.0368,779,0
SPY190522P282,2019-05-20,2019-05-20 09:35:47,1.28,1.0491,27,1.25,1.0245,60,1.24,1.0163,1,1.265,1.0368,779,0
SPY190522P282,2019-05-20,2019-05-20 09:35:48,1.28,1.0491,108,1.26,1.0327,109,1.24,1.0163,1,1.27,1.0409,779,0
SPY190522P282,2019-05-20,2019-05-20 09:35:49,1.28,1.0491,108,1.27,1.0409,7,1.24,1.0163,1,1.275,1.045,779,0
SPY190522P282,2019-05-20,2019-05-20 09:35:50,1.28,1.0491,102,1.27,1.0409,7,1.24,1.0163,1,1.275,1.045,779,0
SPY190522P282,2019-05-20,2019-05-20 09:35:51,1.31,1.0737,287,1.27,1.0409,393,1.24,1.0163,1,1.29,1.0573,779,0
SPY190522P282,2019-05-20,2019-05-20 09:35:53,1.31,1.0737,192,1.27,1.0409,286,1.24,1.0163,1,1.29,1.0573,779,0
SPY190522P282,2019-05-20,2019-05-20 09:35:54,1.3,1.0655,110,1.27,1.0409,872,1.24,1.0163,1,1.285,1.0532,779,0
SPY190522P282,2019-05-20,2019-05-20 09:35:55,1.31,1.0737,105,1.28,1.0491,459,1.24,1.0163,1,1.295,1.0614,779,0
SPY190522P282,2019-05-20,2019-05-20 09:35:56,1.32,1.0819,586,1.29,1.0573,368,1.3,1.0655,2,1.305,1.0696,781,2
SPY190522P282,2019-05-20,2019-05-20 09:35:57,1.32,1.0819,148,1.3,1.0655,50,1.3,1.0655,2,1.31,1.0737,781,0
SPY190522P282,2019-05-20,2019-05-20 09:35:58,1.34,1.0983,215,1.3,1.0655,877,1.3,1.0655,2,1.32,1.0819,781,0
SPY190522P282,2019-05-20,2019-05-20 09:35:59,1.33,1.0901,158,1.31,1.0737,3,1.3,1.0655,2,1.32,1.0819,781,0
SPY190522P282,2019-05-20,2019-05-20 09:36:00,1.34,1.0983,109,1.32,1.0819,50,1.3,1.0655,2,1.33,1.0901,781,0
SPY190522P282,2019-05-20,2019-05-20 09:36:01,1.34,1.0983,143,1.31,1.0737,565,1.34,1.0983,3,1.325,1.086,784,3
SPY190522P282,2019-05-20,2019-05-20 09:36:02,1.36,1.1147,20,1.32,1.0819,226,1.33,1.0901,84,1.34,1.0983,884,100
SPY190522P282,2019-05-20,2019-05-20 09:36:03,1.36,1.1147,261,1.32,1.0819,448,1.33,1.0901,10,1.34,1.0983,894,10
SPY190522P282,2019-05-20,2019-05-20 09:36:04,1.36,1.1147,328,1.33,1.0901,110,1.33,1.0901,10,1.345,1.1024,894,0
SPY190522P282,2019-05-20,2019-05-20 09:36:05,1.36,1.1147,168,1.33,1.0901,357,1.33,1.0901,10,1.345,1.1024,894,0
SPY190522P282,2019-05-20,2019-05-20 09:36:06,1.36,1.1147,111,1.33,1.0901,469,1.33,1.0901,10,1.345,1.1024,894,0
SPY190522P282,2019-05-20,2019-05-20 09:36:08,1.36,1.1147,1,1.34,1.0983,110,1.36,1.1147,1,1.35,1.1065,895,1
SPY190522P282,2019-05-20,2019-05-20 09:36:09,1.36,1.1147,150,1.33,1.0901,422,1.36,1.1147,1,1.345,1.1024,895,0
SPY190522P282,2019-05-20,2019-05-20 09:36:10,1.36,1.1147,149,1.34,1.0983,312,1.36,1.1147,5,1.35,1.1065,904,0
SPY190522P282,2019-05-20,2019-05-20 09:36:10,1.36,1.1147,146,1.33,1.0901,420,1.36,1.1147,5,1.345,1.1024,904,9
SPY190522P282,2019-05-20,2019-05-20 09:36:11,1.36,1.1147,49,1.34,1.0983,293,1.36,1.1147,5,1.35,1.1065,904,0
SPY190522P282,2019-05-20,2019-05-20 09:36:12,1.37,1.1229,744,1.33,1.0901,769,1.36,1.1147,5,1.35,1.1065,904,0
SPY190522P282,2019-05-20,2019-05-20 09:36:13,1.36,1.1147,50,1.34,1.0983,312,1.36,1.1147,5,1.35,1.1065,904,0
SPY190522P282,2019-05-20,2019-05-20 09:36:14,1.37,1.1229,118,1.34,1.0983,343,1.36,1.1147,5,1.355,1.1106,904,0
SPY190522P282,2019-05-20,2019-05-20 09:36:15,1.38,1.1311,455,1.35,1.1065,100,1.36,1.1147,5,1.365,1.1188,904,0
SPY190522P282,2019-05-20,2019-05-20 09:36:16,1.38,1.1311,101,1.36,1.1147,50,1.37,1.1229,10,1.37,1.1229,914,10
SPY190522P282,2019-05-20,2019-05-20 09:36:17,1.38,1.1311,7,1.35,1.1065,573,1.37,1.1229,10,1.365,1.1188,914,0
SPY190522P282,2019-05-20,2019-05-20 09:36:18,1.38,1.1311,245,1.35,1.1065,396,1.37,1.1229,10,1.365,1.1188,914,0
SPY190522P282,2019-05-20,2019-05-20 09:36:19,1.39,1.1393,567,1.36,1.1147,144,1.37,1.1229,10,1.375,1.127,914,0
SPY190522P282,2019-05-20,2019-05-20 09:36:20,1.39,1.1393,183,1.37,1.1229,100,1.37,1.1229,10,1.38,1.1311,914,0
SPY190522P282,2019-05-20,2019-05-20 09:36:21,1.39,1.1393,12,1.37,1.1229,1,1.37,1.1229,10,1.38,1.1311,914,0
SPY190522P282,2019-05-20,2019-05-20 09:36:22,1.39,1.1393,10,1.36,1.1147,101,1.37,1.1229,10,1.375,1.127,914,0
SPY190522P282,2019-05-20,2019-05-20 09:36:23,1.38,1.1311,10,1.36,1.1147,3,1.37,1.1229,10,1.37,1.1229,914,0
SPY190522P282,2019-05-20,2019-05-20 09:36:24,1.38,1.1311,84,1.36,1.1147,3,1.37,1.1229,1,1.37,1.1229,915,1
SPY190522P282,2019-05-20,2019-05-20 09:36:25,1.36,1.1147,2,1.34,1.0983,100,1.36,1.1147,1,1.35,1.1065,918,3
SPY190522P282,2019-05-20,2019-05-20 09:36:26,1.36,1.1147,92,1.33,1.0901,6,1.36,1.1147,1,1.345,1.1024,920,2
SPY190522P282,2019-05-20,2019-05-20 09:36:27,1.37,1.1229,431,1.34,1.0983,131,1.36,1.1147,1,1.355,1.1106,920,0
SPY190522P282,2019-05-20,2019-05-20 09:36:28,1.37,1.1229,491,1.35,1.1065,1,1.36,1.1147,1,1.36,1.1147,920,0
SPY190522P282,2019-05-20,2019-05-20 09:36:29,1.39,1.1393,272,1.35,1.1065,1,1.36,1.1147,1,1.37,1.1229,920,0
SPY190522P282,2019-05-20,2019-05-20 09:36:30,1.38,1.1311,93,1.36,1.1147,72,1.36,1.1147,1,1.37,1.1229,920,0
SPY190522P282,2019-05-20,2019-05-20 09:36:31,1.39,1.1393,240,1.36,1.1147,407,1.36,1.1147,1,1.375,1.127,920,0
SPY190522P282,2019-05-20,2019-05-20 09:36:33,1.39,1.1393,409,1.36,1.1147,126,1.36,1.1147,1,1.375,1.127,920,0
SPY190522P282,2019-05-20,2019-05-20 09:36:34,1.39,1.1393,506,1.35,1.1065,925,1.36,1.1147,1,1.37,1.1229,920,0
SPY190522P282,2019-05-20,2019-05-20 09:36:35,1.39,1.1393,665,1.36,1.1147,60,1.36,1.1147,1,1.375,1.127,920,0
SPY190522P282,2019-05-20,2019-05-20 09:36:36,1.39,1.1393,444,1.35,1.1065,905,1.36,1.1147,1,1.37,1.1229,920,0
SPY190522P282,2019-05-20,2019-05-20 09:36:37,1.39,1.1393,149,1.36,1.1147,100,1.36,1.1147,1,1.375,1.127,920,0
SPY190522P282,2019-05-20,2019-05-20 09:36:39,1.4,1.1475,97,1.37,1.1229,170,1.36,1.1147,1,1.385,1.1352,920,0
SPY190522P282,2019-05-20,2019-05-20 09:36:40,1.4,1.1475,55,1.37,1.1229,96,1.36,1.1147,1,1.385,1.1352,920,0
SPY190522P282,2019-05-20,2019-05-20 09:36:41,1.4,1.1475,291,1.37,1.1229,573,1.36,1.1147,1,1.385,1.1352,920,0
SPY190522P282,2019-05-20,2019-05-20 09:36:42,1.4,1.1475,156,1.37,1.1229,790,1.36,1.1147,1,1.385,1.1352,920,0
SPY190522P282,2019-05-20,2019-05-20 09:36:43,1.4,1.1475,7,1.37,1.1229,622,1.36,1.1147,1,1.385,1.1352,920,0
SPY190522P282,2019-05-20,2019-05-20 09:36:44,1.4,1.1475,181,1.37,1.1229,315,1.36,1.1147,1,1.385,1.1352,920,0
SPY190522P282,2019-05-20,2019-05-20 09:36:45,1.4,1.1475,446,1.37,1.1229,100,1.36,1.1147,1,1.385,1.1352,920,0
SPY190522P282,2019-05-20,2019-05-20 09:36:46,1.4,1.1475,493,1.37,1.1229,100,1.36,1.1147,1,1.385,1.1352,920,0
SPY190522P282,2019-05-20,2019-05-20 09:36:47,1.4,1.1475,382,1.37,1.1229,50,1.4,1.1475,1,1.385,1.1352,921,1
SPY190522P282,2019-05-20,2019-05-20 09:36:48,1.39,1.1393,91,1.37,1.1229,100,1.4,1.1475,1,1.38,1.1311,921,0
SPY190522P282,2019-05-20,2019-05-20 09:36:49,1.38,1.1311,76,1.36,1.1147,50,1.4,1.1475,1,1.37,1.1229,921,0
SPY190522P282,2019-05-20,2019-05-20 09:36:50,1.38,1.1311,46,1.36,1.1147,71,1.4,1.1475,1,1.37,1.1229,921,0
SPY190522P282,2019-05-20,2019-05-20 09:36:51,1.38,1.1311,156,1.36,1.1147,50,1.4,1.1475,1,1.37,1.1229,921,0
SPY190522P282,2019-05-20,2019-05-20 09:36:52,1.38,1.1311,60,1.36,1.1147,157,1.4,1.1475,1,1.37,1.1229,921,0
SPY190522P282,2019-05-20,2019-05-20 09:36:53,1.4,1.1475,72,1.36,1.1147,304,1.4,1.1475,1,1.38,1.1311,921,0
SPY190522P282,2019-05-20,2019-05-20 09:36:54,1.4,1.1475,429,1.37,1.1229,96,1.4,1.1475,1,1.385,1.1352,921,0
SPY190522P282,2019-05-20,2019-05-20 09:36:55,1.41,1.1557,300,1.38,1.1311,157,1.39,1.1393,1,1.395,1.1434,922,1
SPY190522P282,2019-05-20,2019-05-20 09:36:56,1.41,1.1557,407,1.38,1.1311,100,1.39,1.1393,1,1.395,1.1434,922,0
SPY190522P282,2019-05-20,2019-05-20 09:36:57,1.41,1.1557,376,1.39,1.1393,1,1.39,1.1393,1,1.4,1.1475,922,0
SPY190522P282,2019-05-20,2019-05-20 09:36:58,1.41,1.1557,179,1.39,1.1393,73,1.39,1.1393,1,1.4,1.1475,922,0
SPY190522P282,2019-05-20,2019-05-20 09:36:59,1.41,1.1557,361,1.39,1.1393,1,1.39,1.1393,1,1.4,1.1475,922,0
SPY190522P282,2019-05-20,2019-05-20 09:37:00,1.41,1.1557,200,1.39,1.1393,1,1.39,1.1393,1,1.4,1.1475,922,0
SPY190522P282,2019-05-20,2019-05-20 09:37:01,1.41,1.1557,376,1.39,1.1393,1,1.39,1.1393,1,1.4,1.1475,922,0
SPY190522P282,2019-05-20,2019-05-20 09:37:02,1.41,1.1557,79,1.39,1.1393,69,1.39,1.1393,1,1.4,1.1475,922,0
SPY190522P282,2019-05-20,2019-05-20 09:37:04,1.41,1.1557,10,1.39,1.1393,101,1.39,1.1393,1,1.4,1.1475,922,0
SPY190522P282,2019-05-20,2019-05-20 09:37:05,1.41,1.1557,62,1.4,1.1475,1,1.39,1.1393,1,1.405,1.1516,922,0
SPY190522P282,2019-05-20,2019-05-20 09:37:06,1.41,1.1557,109,1.4,1.1475,1,1.39,1.1393,1,1.405,1.1516,922,0
SPY190522P282,2019-05-20,2019-05-20 09:37:07,1.41,1.1557,427,1.39,1.1393,1,1.4,1.1475,1,1.4,1.1475,923,1
SPY190522P282,2019-05-20,2019-05-20 09:37:08,1.41,1.1557,606,1.39,1.1393,1,1.4,1.1475,1,1.4,1.1475,923,0
SPY190522P282,2019-05-20,2019-05-20 09:37:09,1.4,1.1475,97,1.39,1.1393,1,1.39,1.1393,1,1.395,1.1434,924,1
SPY190522P282,2019-05-20,2019-05-20 09:37:10,1.4,1.1475,206,1.39,1.1393,1,1.39,1.1393,1,1.395,1.1434,924,0
SPY190522P282,2019-05-20,2019-05-20 09:37:11,1.41,1.1557,298,1.39,1.1393,1,1.39,1.1393,1,1.4,1.1475,924,0
SPY190522P282,2019-05-20,2019-05-20 09:37:12,1.41,1.1557,198,1.39,1.1393,1,1.39,1.1393,1,1.4,1.1475,924,0
SPY190522P282,2019-05-20,2019-05-20 09:37:13,1.41,1.1557,453,1.39,1.1393,1,1.39,1.1393,1,1.4,1.1475,924,0
SPY190522P282,2019-05-20,2019-05-20 09:37:14,1.41,1.1557,676,1.39,1.1393,1,1.39,1.1393,1,1.4,1.1475,924,0
SPY190522P282,2019-05-20,2019-05-20 09:37:15,1.4,1.1475,109,1.39,1.1393,1,1.39,1.1393,1,1.395,1.1434,925,1
SPY190522P282,2019-05-20,2019-05-20 09:37:15,1.4,1.1475,100,1.39,1.1393,1,1.39,1.1393,1,1.395,1.1434,924,0
SPY190522P282,2019-05-20,2019-05-20 09:37:16,1.41,1.1557,350,1.39,1.1393,1,1.39,1.1393,1,1.4,1.1475,925,0
SPY190522P282,2019-05-20,2019-05-20 09:37:17,1.4,1.1475,50,1.39,1.1393,1,1.39,1.1393,1,1.395,1.1434,925,0
SPY190522P282,2019-05-20,2019-05-20 09:37:18,1.4,1.1475,124,1.39,1.1393,1,1.39,1.1393,1,1.395,1.1434,925,0
SPY190522P282,2019-05-20,2019-05-20 09:37:19,1.4,1.1475,168,1.39,1.1393,1,1.39,1.1393,1,1.395,1.1434,925,0
SPY190522P282,2019-05-20,2019-05-20 09:37:20,1.4,1.1475,168,1.39,1.1393,1,1.39,1.1393,1,1.395,1.1434,925,0
SPY190522P282,2019-05-20,2019-05-20 09:37:21,1.39,1.1393,343,1.37,1.1229,1,1.39,1.1393,1,1.38,1.1311,926,1
SPY190522P282,2019-05-20,2019-05-20 09:37:23,1.39,1.1393,207,1.37,1.1229,1,1.39,1.1393,1,1.38,1.1311,926,0
SPY190522P282,2019-05-20,2019-05-20 09:37:24,1.38,1.1311,442,1.36,1.1147,50,1.37,1.1229,1,1.37,1.1229,927,1
SPY190522P282,2019-05-20,2019-05-20 09:37:25,1.38,1.1311,67,1.36,1.1147,100,1.37,1.1229,1,1.37,1.1229,927,0
SPY190522P282,2019-05-20,2019-05-20 09:37:26,1.4,1.1475,113,1.37,1.1229,270,1.37,1.1229,1,1.385,1.1352,927,0
SPY190522P282,2019-05-20,2019-05-20 09:37:28,1.39,1.1393,30,1.37,1.1229,100,1.37,1.1229,1,1.38,1.1311,927,0
SPY190522P282,2019-05-20,2019-05-20 09:37:29,1.4,1.1475,381,1.37,1.1229,231,1.37,1.1229,1,1.385,1.1352,927,0
SPY190522P282,2019-05-20,2019-05-20 09:37:30,1.41,1.1557,92,1.38,1.1311,237,1.37,1.1229,1,1.395,1.1434,927,0
SPY190522P282,2019-05-20,2019-05-20 09:37:32,1.4,1.1475,50,1.38,1.1311,549,1.37,1.1229,1,1.39,1.1393,927,0
SPY190522P282,2019-05-20,2019-05-20 09:37:33,1.4,1.1475,50,1.38,1.1311,206,1.37,1.1229,1,1.39,1.1393,927,0
SPY190522P282,2019-05-20,2019-05-20 09:37:34,1.4,1.1475,111,1.38,1.1311,89,1.37,1.1229,1,1.39,1.1393,927,0
SPY190522P282,2019-05-20,2019-05-20 09:37:36,1.4,1.1475,10,1.38,1.1311,152,1.37,1.1229,1,1.39,1.1393,927,0
SPY190522P282,2019-05-20,2019-05-20 09:37:37,1.41,1.1557,106,1.38,1.1311,500,1.37,1.1229,1,1.395,1.1434,927,0
SPY190522P282,2019-05-20,2019-05-20 09:37:38,1.41,1.1557,100,1.38,1.1311,386,1.37,1.1229,1,1.395,1.1434,927,0
SPY190522P282,2019-05-20,2019-05-20 09:37:39,1.41,1.1557,100,1.38,1.1311,602,1.37,1.1229,1,1.395,1.1434,927,0
SPY190522P282,2019-05-20,2019-05-20 09:37:40,1.41,1.1557,132,1.39,1.1393,100,1.37,1.1229,1,1.4,1.1475,927,0
SPY190522P282,2019-05-20,2019-05-20 09:37:41,1.41,1.1557,133,1.39,1.1393,100,1.37,1.1229,1,1.4,1.1475,927,0
SPY190522P282,2019-05-20,2019-05-20 09:37:43,1.41,1.1557,92,1.39,1.1393,361,1.37,1.1229,1,1.4,1.1475,927,0
SPY190522P282,2019-05-20,2019-05-20 09:37:44,1.42,1.1639,50,1.4,1.1475,175,1.37,1.1229,1,1.41,1.1557,927,0
SPY190522P282,2019-05-20,2019-05-20 09:37:45,1.43,1.1721,151,1.41,1.1557,192,1.42,1.1639,5,1.42,1.1639,932,5
SPY190522P282,2019-05-20,2019-05-20 09:37:46,1.44,1.1803,155,1.41,1.1557,116,1.42,1.1639,5,1.425,1.168,932,0
SPY190522P282,2019-05-20,2019-05-20 09:37:47,1.43,1.1721,20,1.41,1.1557,483,1.42,1.1639,5,1.42,1.1639,932,0
SPY190522P282,2019-05-20,2019-05-20 09:37:49,1.44,1.1803,123,1.42,1.1639,150,1.42,1.1639,5,1.43,1.1721,932,0
SPY190522P282,2019-05-20,2019-05-20 09:37:50,1.45,1.1885,864,1.41,1.1557,709,1.42,1.1639,5,1.43,1.1721,932,0
SPY190522P282,2019-05-20,2019-05-20 09:37:51,1.44,1.1803,118,1.41,1.1557,559,1.42,1.1639,5,1.425,1.168,932,0
SPY190522P282,2019-05-20,2019-05-20 09:37:52,1.45,1.1885,86,1.43,1.1721,222,1.42,1.1639,5,1.44,1.1803,932,0
SPY190522P282,2019-05-20,2019-05-20 09:37:54,1.46,1.1967,531,1.43,1.1721,531,1.42,1.1639,5,1.445,1.1844,932,0
SPY190522P282,2019-05-20,2019-05-20 09:37:55,1.45,1.1885,154,1.42,1.1639,550,1.44,1.1803,1,1.435,1.1762,933,1
SPY190522P282,2019-05-20,2019-05-20 09:37:56,1.45,1.1885,154,1.42,1.1639,896,1.44,1.1803,1,1.435,1.1762,933,0
SPY190522P282,2019-05-20,2019-05-20 09:37:57,1.45,1.1885,154,1.43,1.1721,1,1.44,1.1803,1,1.44,1.1803,933,0
SPY190522P282,2019-05-20,2019-05-20 09:37:58,1.45,1.1885,110,1.43,1.1721,358,1.44,1.1803,1,1.44,1.1803,933,0
SPY190522P282,2019-05-20,2019-05-20 09:37:59,1.44,1.1803,100,1.41,1.1557,283,1.43,1.1721,1,1.425,1.168,934,1
SPY190522P282,2019-05-20,2019-05-20 09:38:00,1.44,1.1803,270,1.41,1.1557,475,1.43,1.1721,1,1.425,1.168,934,0
SPY190522P282,2019-05-20,2019-05-20 09:38:01,1.43,1.1721,100,1.41,1.1557,205,1.43,1.1721,1,1.42,1.1639,934,0
SPY190522P282,2019-05-20,2019-05-20 09:38:02,1.46,1.1967,150,1.42,1.1639,656,1.43,1.1721,1,1.44,1.1803,934,0
SPY190522P282,2019-05-20,2019-05-20 09:38:04,1.48,1.2131,6,1.45,1.1885,288,1.43,1.1721,1,1.465,1.2008,934,0
SPY190522P282,2019-05-20,2019-05-20 09:38:05,1.49,1.2213,255,1.45,1.1885,458,1.43,1.1721,1,1.47,1.2049,934,0
SPY190522P282,2019-05-20,2019-05-20 09:38:06,1.49,1.2213,80,1.46,1.1967,461,1.43,1.1721,1,1.475,1.209,934,0
SPY190522P282,2019-05-20,2019-05-20 09:38:07,1.49,1.2213,80,1.46,1.1967,461,1.43,1.1721,1,1.475,1.209,934,0
SPY190522P282,2019-05-20,2019-05-20 09:38:08,1.49,1.2213,98,1.46,1.1967,566,1.43,1.1721,1,1.475,1.209,934,0
SPY190522P282,2019-05-20,2019-05-20 09:38:09,1.49,1.2213,141,1.46,1.1967,566,1.43,1.1721,1,1.475,1.209,934,0
SPY190522P282,2019-05-20,2019-05-20 09:38:10,1.49,1.2213,51,1.47,1.2049,100,1.46,1.1967,10,1.48,1.2131,944,10
SPY190522P282,2019-05-20,2019-05-20 09:38:12,1.49,1.2213,51,1.49,1.2213,535,1.5,1.2295,2,1.49,1.2213,956,12
SPY190522P282,2019-05-20,2019-05-20 09:38:13,1.53,1.254,72,1.5,1.2295,400,1.5,1.2295,2,1.515,1.2418,956,0
SPY190522P282,2019-05-20,2019-05-20 09:38:14,1.53,1.254,101,1.5,1.2295,150,1.5,1.2295,2,1.515,1.2418,956,0
SPY190522P282,2019-05-20,2019-05-20 09:38:15,1.53,1.254,38,1.5,1.2295,96,1.5,1.2295,2,1.515,1.2418,956,0
SPY190522P282,2019-05-20,2019-05-20 09:38:16,1.53,1.254,7,1.5,1.2295,636,1.5,1.2295,2,1.515,1.2418,956,0
SPY190522P282,2019-05-20,2019-05-20 09:38:17,1.54,1.2622,866,1.49,1.2213,370,1.52,1.2459,30,1.515,1.2418,986,30
SPY190522P282,2019-05-20,2019-05-20 09:38:18,1.52,1.2459,100,1.5,1.2295,300,1.52,1.2459,30,1.51,1.2377,986,0
SPY190522P282,2019-05-20,2019-05-20 09:38:19,1.53,1.254,274,1.5,1.2295,100,1.52,1.2459,30,1.515,1.2418,986,0
SPY190522P282,2019-05-20,2019-05-20 09:38:21,1.53,1.254,53,1.5,1.2295,343,1.52,1.2459,30,1.515,1.2418,986,0
SPY190522P282,2019-05-20,2019-05-20 09:38:22,1.54,1.2622,16,1.52,1.2459,100,1.52,1.2459,30,1.53,1.254,986,0
SPY190522P282,2019-05-20,2019-05-20 09:38:23,1.55,1.2704,60,1.52,1.2459,400,1.52,1.2459,30,1.535,1.2581,986,0
SPY190522P282,2019-05-20,2019-05-20 09:38:24,1.55,1.2704,60,1.52,1.2459,6,1.52,1.2459,30,1.535,1.2581,986,0
SPY190522P282,2019-05-20,2019-05-20 09:38:25,1.55,1.2704,73,1.52,1.2459,363,1.52,1.2459,30,1.535,1.2581,986,0
SPY190522P282,2019-05-20,2019-05-20 09:38:26,1.55,1.2704,139,1.52,1.2459,101,1.52,1.2459,30,1.535,1.2581,986,0
SPY190522P282,2019-05-20,2019-05-20 09:38:28,1.55,1.2704,102,1.52,1.2459,170,1.52,1.2459,30,1.535,1.2581,986,0
SPY190522P282,2019-05-20,2019-05-20 09:38:28,1.55,1.2704,74,1.52,1.2459,170,1.52,1.2459,30,1.535,1.2581,986,0
SPY190522P282,2019-05-20,2019-05-20 09:38:30,1.55,1.2704,156,1.53,1.254,55,1.52,1.2459,30,1.54,1.2622,986,0
SPY190522P282,2019-05-20,2019-05-20 09:38:31,1.55,1.2704,108,1.53,1.254,60,1.52,1.2459,30,1.54,1.2622,986,0
SPY190522P282,2019-05-20,2019-05-20 09:38:33,1.56,1.2786,66,1.54,1.2622,1,1.54,1.2622,10,1.55,1.2704,996,10
SPY190522P282,2019-05-20,2019-05-20 09:38:34,1.57,1.2868,151,1.54,1.2622,2,1.54,1.2622,10,1.555,1.2745,996,0
SPY190522P282,2019-05-20,2019-05-20 09:38:35,1.57,1.2868,507,1.54,1.2622,100,1.54,1.2622,10,1.555,1.2745,996,0
SPY190522P282,2019-05-20,2019-05-20 09:38:37,1.59,1.3032,261,1.55,1.2704,100,1.54,1.2622,10,1.57,1.2868,996,0
SPY190522P282,2019-05-20,2019-05-20 09:38:38,1.58,1.295,748,1.54,1.2622,573,1.54,1.2622,10,1.56,1.2786,996,0
SPY190522P282,2019-05-20,2019-05-20 09:38:39,1.56,1.2786,1,1.54,1.2622,50,1.54,1.2622,10,1.55,1.2704,996,0
SPY190522P282,2019-05-20,2019-05-20 09:38:40,1.58,1.295,10,1.55,1.2704,351,1.57,1.2868,1,1.565,1.2827,997,1
SPY190522P282,2019-05-20,2019-05-20 09:38:41,1.58,1.295,100,1.55,1.2704,100,1.57,1.2868,1,1.565,1.2827,997,0
SPY190522P282,2019-05-20,2019-05-20 09:38:43,1.58,1.295,445,1.55,1.2704,50,1.57,1.2868,1,1.565,1.2827,997,0
SPY190522P282,2019-05-20,2019-05-20 09:38:44,1.57,1.2868,84,1.54,1.2622,494,1.57,1.2868,1,1.555,1.2745,997,0
SPY190522P282,2019-05-20,2019-05-20 09:38:45,1.57,1.2868,84,1.54,1.2622,152,1.57,1.2868,1,1.555,1.2745,998,1
SPY190522P282,2019-05-20,2019-05-20 09:38:46,1.57,1.2868,150,1.54,1.2622,400,1.57,1.2868,1,1.555,1.2745,998,0
SPY190522P282,2019-05-20,2019-05-20 09:38:48,1.56,1.2786,6,1.52,1.2459,6,1.57,1.2868,1,1.54,1.2622,998,0
SPY190522P282,2019-05-20,2019-05-20 09:38:49,1.55,1.2704,365,1.52,1.2459,61,1.54,1.2622,5,1.535,1.2581,1003,5
SPY190522P282,2019-05-20,2019-05-20 09:38:51,1.53,1.254,152,1.49,1.2213,487,1.51,1.2377,1,1.51,1.2377,1004,1
SPY190522P282,2019-05-20,2019-05-20 09:38:52,1.56,1.2786,380,1.52,1.2459,90,1.55,1.2704,6,1.54,1.2622,1010,6
SPY190522P282,2019-05-20,2019-05-20 09:38:53,1.53,1.254,250,1.5,1.2295,73,1.55,1.2704,6,1.515,1.2418,1010,0
SPY190522P282,2019-05-20,2019-05-20 09:38:54,1.51,1.2377,50,1.48,1.2131,111,1.55,1.2704,6,1.495,1.2254,1010,0
SPY190522P282,2019-05-20,2019-05-20 09:38:55,1.5,1.2295,516,1.47,1.2049,100,1.5,1.2295,9,1.485,1.2172,1019,9
SPY190522P282,2019-05-20,2019-05-20 09:38:56,1.48,1.2131,340,1.44,1.1803,219,1.5,1.2295,9,1.46,1.1967,1019,0
SPY190522P282,2019-05-20,2019-05-20 09:38:57,1.48,1.2131,96,1.45,1.1885,159,1.5,1.2295,9,1.465,1.2008,1019,0
SPY190522P282,2019-05-20,2019-05-20 09:38:58,1.47,1.2049,100,1.44,1.1803,139,1.5,1.2295,9,1.455,1.1926,1019,0
SPY190522P282,2019-05-20,2019-05-20 09:39:00,1.47,1.2049,150,1.44,1.1803,147,1.5,1.2295,9,1.455,1.1926,1019,0
SPY190522P282,2019-05-20,2019-05-20 09:39:00,1.47,1.2049,296,1.44,1.1803,8,1.5,1.2295,9,1.455,1.1926,1019,0
SPY190522P282,2019-05-20,2019-05-20 09:39:02,1.47,1.2049,42,1.44,1.1803,100,1.5,1.2295,9,1.455,1.1926,1019,0
SPY190522P282,2019-05-20,2019-05-20 09:39:03,1.47,1.2049,436,1.44,1.1803,7,1.5,1.2295,9,1.455,1.1926,1019,0
SPY190522P282,2019-05-20,2019-05-20 09:39:05,1.46,1.1967,136,1.44,1.1803,10,1.5,1.2295,9,1.45,1.1885,1019,0
SPY190522P282,2019-05-20,2019-05-20 09:39:06,1.47,1.2049,305,1.46,1.1967,249,1.5,1.2295,9,1.465,1.2008,1019,0
SPY190522P282,2019-05-20,2019-05-20 09:39:08,1.51,1.2377,150,1.46,1.1967,209,1.5,1.2295,6,1.485,1.2172,1025,6
SPY190522P282,2019-05-20,2019-05-20 09:39:09,1.49,1.2213,50,1.46,1.1967,400,1.5,1.2295,6,1.475,1.209,1025,0
SPY190522P282,2019-05-20,2019-05-20 09:39:10,1.5,1.2295,1,1.47,1.2049,97,1.5,1.2295,6,1.485,1.2172,1025,0
SPY190522P282,2019-05-20,2019-05-20 09:39:12,1.5,1.2295,153,1.48,1.2131,65,1.5,1.2295,6,1.49,1.2213,1025,0
SPY190522P282,2019-05-20,2019-05-20 09:39:13,1.51,1.2377,151,1.48,1.2131,60,1.5,1.2295,1,1.495,1.2254,1026,1
SPY190522P282,2019-05-20,2019-05-20 09:39:14,1.5,1.2295,201,1.47,1.2049,121,1.48,1.2131,1,1.485,1.2172,1027,1
SPY190522P282,2019-05-20,2019-05-20 09:39:16,1.5,1.2295,409,1.46,1.1967,911,1.48,1.2131,1,1.48,1.2131,1027,0
SPY190522P282,2019-05-20,2019-05-20 09:39:18,1.48,1.2131,100,1.46,1.1967,156,1.48,1.2131,1,1.47,1.2049,1027,0
SPY190522P282,2019-05-20,2019-05-20 09:39:19,1.48,1.2131,100,1.46,1.1967,1,1.48,1.2131,1,1.47,1.2049,1027,0
SPY190522P282,2019-05-20,2019-05-20 09:39:21,1.48,1.2131,504,1.45,1.1885,175,1.48,1.2131,1,1.465,1.2008,1029,2
SPY190522P282,2019-05-20,2019-05-20 09:39:22,1.48,1.2131,404,1.45,1.1885,175,1.48,1.2131,1,1.465,1.2008,1029,0
SPY190522P282,2019-05-20,2019-05-20 09:39:24,1.48,1.2131,100,1.45,1.1885,175,1.48,1.2131,1,1.465,1.2008,1029,0
SPY190522P282,2019-05-20,2019-05-20 09:39:25,1.48,1.2131,170,1.45,1.1885,193,1.48,1.2131,1,1.465,1.2008,1029,0
SPY190522P282,2019-05-20,2019-05-20 09:39:28,1.49,1.2213,50,1.47,1.2049,100,1.48,1.2131,1,1.48,1.2131,1029,0
SPY190522P282,2019-05-20,2019-05-20 09:39:29,1.5,1.2295,118,1.46,1.1967,586,1.48,1.2131,1,1.48,1.2131,1029,0
SPY190522P282,2019-05-20,2019-05-20 09:39:31,1.51,1.2377,100,1.48,1.2131,297,1.5,1.2295,20,1.495,1.2254,1049,20
SPY190522P282,2019-05-20,2019-05-20 09:39:32,1.51,1.2377,153,1.48,1.2131,298,1.5,1.2295,25,1.495,1.2254,1074,25
SPY190522P282,2019-05-20,2019-05-20 09:39:33,1.5,1.2295,228,1.46,1.1967,731,1.5,1.2295,25,1.48,1.2131,1074,0
SPY190522P282,2019-05-20,2019-05-20 09:39:34,1.5,1.2295,622,1.46,1.1967,608,1.5,1.2295,25,1.48,1.2131,1074,0
SPY190522P282,2019-05-20,2019-05-20 09:39:36,1.5,1.2295,291,1.46,1.1967,416,1.5,1.2295,25,1.48,1.2131,1074,0
SPY190522P282,2019-05-20,2019-05-20 09:39:37,1.5,1.2295,92,1.47,1.2049,358,1.5,1.2295,25,1.485,1.2172,1074,0
SPY190522P282,2019-05-20,2019-05-20 09:39:39,1.5,1.2295,300,1.45,1.1885,621,1.5,1.2295,25,1.475,1.209,1074,0
SPY190522P282,2019-05-20,2019-05-20 09:39:40,1.49,1.2213,469,1.45,1.1885,523,1.5,1.2295,25,1.47,1.2049,1074,0
SPY190522P282,2019-05-20,2019-05-20 09:39:41,1.47,1.2049,100,1.45,1.1885,50,1.5,1.2295,25,1.46,1.1967,1074,0
SPY190522P282,2019-05-20,2019-05-20 09:39:43,1.44,1.1803,297,1.4,1.1475,469,1.44,1.1803,1,1.42,1.1639,1075,1
SPY190522P282,2019-05-20,2019-05-20 09:39:44,1.44,1.1803,262,1.4,1.1475,377,1.44,1.1803,1,1.42,1.1639,1075,0
SPY190522P282,2019-05-20,2019-05-20 09:39:46,1.43,1.1721,536,1.4,1.1475,24,1.44,1.1803,1,1.415,1.1598,1075,0
SPY190522P282,2019-05-20,2019-05-20 09:39:48,1.41,1.1557,323,1.38,1.1311,241,1.4,1.1475,3,1.395,1.1434,1078,3
SPY190522P282,2019-05-20,2019-05-20 09:39:49,1.43,1.1721,10,1.4,1.1475,279,1.4,1.1475,1,1.415,1.1598,1083,5
SPY190522P282,2019-05-20,2019-05-20 09:39:50,1.43,1.1721,115,1.39,1.1393,336,1.4,1.1475,1,1.41,1.1557,1084,1
SPY190522P282,2019-05-20,2019-05-20 09:39:52,1.49,1.2213,350,1.43,1.1721,186,1.44,1.1803,8,1.46,1.1967,1092,8
SPY190522P282,2019-05-20,2019-05-20 09:39:53,1.46,1.1967,75,1.43,1.1721,578,1.46,1.1967,1,1.445,1.1844,1093,1
SPY190522P282,2019-05-20,2019-05-20 09:39:55,1.45,1.1885,40,1.43,1.1721,333,1.44,1.1803,1,1.44,1.1803,1094,1
SPY190522P282,2019-05-20,2019-05-20 09:39:56,1.45,1.1885,19,1.44,1.1803,286,1.44,1.1803,1,1.445,1.1844,1094,0
SPY190522P282,2019-05-20,2019-05-20 09:39:58,1.49,1.2213,71,1.47,1.2049,131,1.44,1.1803,1,1.48,1.2131,1094,0
SPY190522P282,2019-05-20,2019-05-20 09:39:59,1.5,1.2295,361,1.48,1.2131,186,1.48,1.2131,1,1.49,1.2213,1100,6
SPY190522P282,2019-05-20,2019-05-20 09:40:00,1.49,1.2213,29,1.47,1.2049,352,1.48,1.2131,1,1.48,1.2131,1100,0
SPY190522P282,2019-05-20,2019-05-20 09:40:01,1.47,1.2049,134,1.45,1.1885,139,1.47,1.2049,1,1.46,1.1967,1101,1
SPY190522P282,2019-05-20,2019-05-20 09:40:03,1.47,1.2049,130,1.45,1.1885,107,1.47,1.2049,1,1.46,1.1967,1101,0
SPY190522P282,2019-05-20,2019-05-20 09:40:04,1.47,1.2049,81,1.45,1.1885,220,1.47,1.2049,1,1.46,1.1967,1101,0
SPY190522P282,2019-05-20,2019-05-20 09:40:05,1.46,1.1967,113,1.43,1.1721,370,1.45,1.1885,2,1.445,1.1844,1103,2
SPY190522P282,2019-05-20,2019-05-20 09:40:06,1.47,1.2049,92,1.45,1.1885,237,1.45,1.1885,2,1.46,1.1967,1103,0
SPY190522P282,2019-05-20,2019-05-20 09:40:07,1.47,1.2049,57,1.45,1.1885,298,1.46,1.1967,135,1.46,1.1967,1238,135
SPY190522P282,2019-05-20,2019-05-20 09:40:08,1.47,1.2049,132,1.45,1.1885,138,1.46,1.1967,135,1.46,1.1967,1238,0
SPY190522P282,2019-05-20,2019-05-20 09:40:09,1.46,1.1967,100,1.44,1.1803,331,1.46,1.1967,135,1.45,1.1885,1238,0
SPY190522P282,2019-05-20,2019-05-20 09:40:10,1.46,1.1967,100,1.44,1.1803,331,1.46,1.1967,135,1.45,1.1885,1238,0
SPY190522P282,2019-05-20,2019-05-20 09:40:11,1.47,1.2049,170,1.44,1.1803,281,1.46,1.1967,135,1.455,1.1926,1238,0
SPY190522P282,2019-05-20,2019-05-20 09:40:12,1.46,1.1967,50,1.45,1.1885,214,1.46,1.1967,135,1.455,1.1926,1238,0
SPY190522P282,2019-05-20,2019-05-20 09:40:13,1.46,1.1967,121,1.44,1.1803,187,1.46,1.1967,135,1.45,1.1885,1238,0
SPY190522P282,2019-05-20,2019-05-20 09:40:14,1.46,1.1967,370,1.44,1.1803,27,1.46,1.1967,135,1.45,1.1885,1238,0
SPY190522P282,2019-05-20,2019-05-20 09:40:15,1.47,1.2049,346,1.44,1.1803,358,1.46,1.1967,135,1.455,1.1926,1238,0
SPY190522P282,2019-05-20,2019-05-20 09:40:16,1.46,1.1967,103,1.44,1.1803,290,1.46,1.1967,135,1.45,1.1885,1238,0
SPY190522P282,2019-05-20,2019-05-20 09:40:17,1.46,1.1967,100,1.44,1.1803,113,1.46,1.1967,135,1.45,1.1885,1238,0
SPY190522P282,2019-05-20,2019-05-20 09:40:18,1.47,1.2049,256,1.43,1.1721,331,1.46,1.1967,135,1.45,1.1885,1238,0
SPY190522P282,2019-05-20,2019-05-20 09:40:19,1.45,1.1885,100,1.43,1.1721,332,1.46,1.1967,135,1.44,1.1803,1238,0
SPY190522P282,2019-05-20,2019-05-20 09:40:20,1.45,1.1885,450,1.42,1.1639,20,1.46,1.1967,135,1.435,1.1762,1238,0
SPY190522P282,2019-05-20,2019-05-20 09:40:21,1.44,1.1803,150,1.41,1.1557,27,1.46,1.1967,135,1.425,1.168,1238,0
SPY190522P282,2019-05-20,2019-05-20 09:40:22,1.42,1.1639,100,1.4,1.1475,51,1.42,1.1639,1,1.41,1.1557,1239,1
SPY190522P282,2019-05-20,2019-05-20 09:40:23,1.44,1.1803,10,1.42,1.1639,58,1.42,1.1639,1,1.43,1.1721,1239,0
SPY190522P282,2019-05-20,2019-05-20 09:40:24,1.43,1.1721,170,1.4,1.1475,51,1.42,1.1639,1,1.415,1.1598,1239,0
SPY190522P282,2019-05-20,2019-05-20 09:40:25,1.42,1.1639,153,1.39,1.1393,608,1.42,1.1639,1,1.405,1.1516,1239,0
SPY190522P282,2019-05-20,2019-05-20 09:40:26,1.43,1.1721,104,1.41,1.1557,141,1.42,1.1639,1,1.42,1.1639,1239,0
SPY190522P282,2019-05-20,2019-05-20 09:40:28,1.44,1.1803,332,1.41,1.1557,293,1.42,1.1639,1,1.425,1.168,1239,0
SPY190522P282,2019-05-20,2019-05-20 09:40:29,1.44,1.1803,100,1.41,1.1557,540,1.42,1.1639,1,1.425,1.168,1239,0
SPY190522P282,2019-05-20,2019-05-20 09:40:30,1.45,1.1885,350,1.41,1.1557,333,1.42,1.1639,1,1.43,1.1721,1239,0
SPY190522P282,2019-05-20,2019-05-20 09:40:31,1.44,1.1803,297,1.41,1.1557,107,1.42,1.1639,1,1.425,1.168,1239,0
SPY190522P282,2019-05-20,2019-05-20 09:40:32,1.43,1.1721,300,1.39,1.1393,284,1.42,1.1639,1,1.41,1.1557,1239,0
SPY190522P282,2019-05-20,2019-05-20 09:40:33,1.42,1.1639,61,1.39,1.1393,434,1.42,1.1639,1,1.405,1.1516,1239,0
SPY190522P282,2019-05-20,2019-05-20 09:40:33,1.42,1.1639,60,1.4,1.1475,54,1.42,1.1639,1,1.41,1.1557,1239,0
SPY190522P282,2019-05-20,2019-05-20 09:40:34,1.43,1.1721,198,1.4,1.1475,286,1.42,1.1639,1,1.415,1.1598,1239,0
SPY190522P282,2019-05-20,2019-05-20 09:40:36,1.43,1.1721,50,1.41,1.1557,85,1.42,1.1639,1,1.42,1.1639,1239,0
SPY190522P282,2019-05-20,2019-05-20 09:40:37,1.42,1.1639,149,1.4,1.1475,50,1.42,1.1639,1,1.41,1.1557,1239,0
SPY190522P282,2019-05-20,2019-05-20 09:40:38,1.43,1.1721,163,1.4,1.1475,50,1.42,1.1639,1,1.415,1.1598,1239,0
SPY190522P282,2019-05-20,2019-05-20 09:40:39,1.43,1.1721,172,1.4,1.1475,281,1.42,1.1639,1,1.415,1.1598,1239,0
SPY190522P282,2019-05-20,2019-05-20 09:40:40,1.42,1.1639,3,1.41,1.1557,116,1.42,1.1639,1,1.415,1.1598,1239,0
SPY190522P282,2019-05-20,2019-05-20 09:40:41,1.45,1.1885,16,1.42,1.1639,496,1.42,1.1639,3,1.435,1.1762,1242,3
SPY190522P282,2019-05-20,2019-05-20 09:40:42,1.45,1.1885,507,1.41,1.1557,370,1.42,1.1639,3,1.43,1.1721,1242,0
SPY190522P282,2019-05-20,2019-05-20 09:40:43,1.45,1.1885,561,1.42,1.1639,361,1.42,1.1639,3,1.435,1.1762,1242,0
SPY190522P282,2019-05-20,2019-05-20 09:40:44,1.45,1.1885,540,1.42,1.1639,84,1.42,1.1639,3,1.435,1.1762,1242,0
SPY190522P282,2019-05-20,2019-05-20 09:40:45,1.43,1.1721,103,1.41,1.1557,50,1.42,1.1639,3,1.42,1.1639,1242,0
SPY190522P282,2019-05-20,2019-05-20 09:40:46,1.44,1.1803,75,1.41,1.1557,490,1.42,1.1639,3,1.425,1.168,1242,0
SPY190522P282,2019-05-20,2019-05-20 09:40:47,1.44,1.1803,77,1.42,1.1639,114,1.42,1.1639,3,1.43,1.1721,1242,0
SPY190522P282,2019-05-20,2019-05-20 09:40:48,1.45,1.1885,153,1.42,1.1639,265,1.42,1.1639,3,1.435,1.1762,1242,0
SPY190522P282,2019-05-20,2019-05-20 09:40:49,1.45,1.1885,473,1.42,1.1639,50,1.42,1.1639,3,1.435,1.1762,1242,0
SPY190522P282,2019-05-20,2019-05-20 09:40:50,1.45,1.1885,50,1.42,1.1639,50,1.42,1.1639,3,1.435,1.1762,1242,0
SPY190522P282,2019-05-20,2019-05-20 09:40:51,1.45,1.1885,401,1.42,1.1639,100,1.42,1.1639,3,1.435,1.1762,1242,0
SPY190522P282,2019-05-20,2019-05-20 09:40:52,1.45,1.1885,196,1.42,1.1639,89,1.42,1.1639,3,1.435,1.1762,1242,0
SPY190522P282,2019-05-20,2019-05-20 09:40:53,1.45,1.1885,405,1.42,1.1639,131,1.42,1.1639,3,1.435,1.1762,1242,0
SPY190522P282,2019-05-20,2019-05-20 09:40:54,1.47,1.2049,76,1.44,1.1803,443,1.42,1.1639,3,1.455,1.1926,1242,0
SPY190522P282,2019-05-20,2019-05-20 09:40:55,1.47,1.2049,125,1.44,1.1803,758,1.42,1.1639,3,1.455,1.1926,1242,0
SPY190522P282,2019-05-20,2019-05-20 09:40:56,1.47,1.2049,269,1.45,1.1885,87,1.42,1.1639,3,1.46,1.1967,1242,0
SPY190522P282,2019-05-20,2019-05-20 09:40:57,1.47,1.2049,300,1.43,1.1721,398,1.42,1.1639,3,1.45,1.1885,1242,0
SPY190522P282,2019-05-20,2019-05-20 09:40:58,1.47,1.2049,633,1.42,1.1639,8,1.42,1.1639,3,1.445,1.1844,1242,0
SPY190522P282,2019-05-20,2019-05-20 09:40:59,1.44,1.1803,451,1.41,1.1557,10,1.42,1.1639,3,1.425,1.168,1242,0
SPY190522P282,2019-05-20,2019-05-20 09:41:00,1.43,1.1721,154,1.4,1.1475,148,1.42,1.1639,3,1.415,1.1598,1242,0
SPY190522P282,2019-05-20,2019-05-20 09:41:01,1.43,1.1721,150,1.4,1.1475,112,1.42,1.1639,3,1.415,1.1598,1242,0
SPY190522P282,2019-05-20,2019-05-20 09:41:02,1.43,1.1721,633,1.4,1.1475,100,1.42,1.1639,3,1.415,1.1598,1242,0
SPY190522P282,2019-05-20,2019-05-20 09:41:03,1.43,1.1721,524,1.4,1.1475,545,1.42,1.1639,3,1.415,1.1598,1242,0
SPY190522P282,2019-05-20,2019-05-20 09:41:04,1.43,1.1721,524,1.4,1.1475,471,1.42,1.1639,3,1.415,1.1598,1242,0
SPY190522P282,2019-05-20,2019-05-20 09:41:05,1.43,1.1721,524,1.4,1.1475,463,1.42,1.1639,3,1.415,1.1598,1242,0
SPY190522P282,2019-05-20,2019-05-20 09:41:06,1.43,1.1721,513,1.4,1.1475,384,1.42,1.1639,3,1.415,1.1598,1242,0
SPY190522P282,2019-05-20,2019-05-20 09:41:07,1.43,1.1721,531,1.39,1.1393,384,1.42,1.1639,3,1.41,1.1557,1242,0
SPY190522P282,2019-05-20,2019-05-20 09:41:08,1.43,1.1721,602,1.4,1.1475,428,1.42,1.1639,3,1.415,1.1598,1242,0
SPY190522P282,2019-05-20,2019-05-20 09:41:09,1.43,1.1721,700,1.4,1.1475,85,1.42,1.1639,3,1.415,1.1598,1242,0
SPY190522P282,2019-05-20,2019-05-20 09:41:10,1.41,1.1557,1,1.39,1.1393,170,1.42,1.1639,3,1.4,1.1475,1242,0
SPY190522P282,2019-05-20,2019-05-20 09:41:11,1.41,1.1557,450,1.38,1.1311,100,1.42,1.1639,3,1.395,1.1434,1242,0
SPY190522P282,2019-05-20,2019-05-20 09:41:12,1.41,1.1557,256,1.38,1.1311,55,1.42,1.1639,3,1.395,1.1434,1242,0
SPY190522P282,2019-05-20,2019-05-20 09:41:13,1.4,1.1475,96,1.38,1.1311,25,1.42,1.1639,3,1.39,1.1393,1242,0
SPY190522P282,2019-05-20,2019-05-20 09:41:14,1.4,1.1475,130,1.38,1.1311,50,1.42,1.1639,3,1.39,1.1393,1242,0
SPY190522P282,2019-05-20,2019-05-20 09:41:15,1.4,1.1475,130,1.38,1.1311,38,1.42,1.1639,3,1.39,1.1393,1242,0
SPY190522P282,2019-05-20,2019-05-20 09:41:16,1.4,1.1475,151,1.38,1.1311,50,1.42,1.1639,3,1.39,1.1393,1242,0
SPY190522P282,2019-05-20,2019-05-20 09:41:17,1.4,1.1475,150,1.37,1.1229,494,1.42,1.1639,3,1.385,1.1352,1242,0
SPY190522P282,2019-05-20,2019-05-20 09:41:18,1.4,1.1475,106,1.38,1.1311,106,1.42,1.1639,3,1.39,1.1393,1242,0
SPY190522P282,2019-05-20,2019-05-20 09:41:19,1.4,1.1475,778,1.37,1.1229,199,1.42,1.1639,3,1.385,1.1352,1242,0
SPY190522P282,2019-05-20,2019-05-20 09:41:20,1.39,1.1393,75,1.35,1.1065,232,1.42,1.1639,3,1.37,1.1229,1242,0
SPY190522P282,2019-05-20,2019-05-20 09:41:21,1.39,1.1393,50,1.35,1.1065,190,1.42,1.1639,3,1.37,1.1229,1242,0
SPY190522P282,2019-05-20,2019-05-20 09:41:22,1.39,1.1393,691,1.36,1.1147,393,1.42,1.1639,3,1.375,1.127,1242,0
SPY190522P282,2019-05-20,2019-05-20 09:41:23,1.38,1.1311,150,1.35,1.1065,100,1.42,1.1639,3,1.365,1.1188,1242,0
SPY190522P282,2019-05-20,2019-05-20 09:41:24,1.37,1.1229,100,1.35,1.1065,100,1.42,1.1639,3,1.36,1.1147,1242,0
SPY190522P282,2019-05-20,2019-05-20 09:41:25,1.37,1.1229,228,1.34,1.0983,529,1.42,1.1639,3,1.355,1.1106,1242,0
SPY190522P282,2019-05-20,2019-05-20 09:41:26,1.37,1.1229,103,1.34,1.0983,349,1.42,1.1639,3,1.355,1.1106,1242,0
SPY190522P282,2019-05-20,2019-05-20 09:41:27,1.37,1.1229,100,1.35,1.1065,100,1.42,1.1639,3,1.36,1.1147,1242,0
SPY190522P282,2019-05-20,2019-05-20 09:41:28,1.37,1.1229,50,1.36,1.1147,100,1.42,1.1639,3,1.365,1.1188,1242,0
SPY190522P282,2019-05-20,2019-05-20 09:41:29,1.38,1.1311,12,1.37,1.1229,50,1.42,1.1639,3,1.375,1.127,1242,0
SPY190522P282,2019-05-20,2019-05-20 09:41:30,1.38,1.1311,69,1.36,1.1147,427,1.42,1.1639,3,1.37,1.1229,1242,0
SPY190522P282,2019-05-20,2019-05-20 09:41:31,1.38,1.1311,39,1.36,1.1147,374,1.42,1.1639,3,1.37,1.1229,1242,0
SPY190522P282,2019-05-20,2019-05-20 09:41:32,1.38,1.1311,12,1.37,1.1229,458,1.42,1.1639,3,1.375,1.127,1242,0
SPY190522P282,2019-05-20,2019-05-20 09:41:33,1.38,1.1311,62,1.36,1.1147,129,1.42,1.1639,3,1.37,1.1229,1242,0
SPY190522P282,2019-05-20,2019-05-20 09:41:34,1.38,1.1311,12,1.37,1.1229,545,1.42,1.1639,3,1.375,1.127,1242,0
SPY190522P282,2019-05-20,2019-05-20 09:41:35,1.38,1.1311,50,1.36,1.1147,346,1.42,1.1639,3,1.37,1.1229,1242,0
SPY190522P282,2019-05-20,2019-05-20 09:41:36,1.38,1.1311,12,1.37,1.1229,245,1.42,1.1639,3,1.375,1.127,1242,0
SPY190522P282,2019-05-20,2019-05-20 09:41:37,1.38,1.1311,12,1.37,1.1229,60,1.42,1.1639,3,1.375,1.127,1242,0
SPY190522P282,2019-05-20,2019-05-20 09:41:38,1.38,1.1311,110,1.36,1.1147,50,1.37,1.1229,1,1.37,1.1229,1243,1
SPY190522P282,2019-05-20,2019-05-20 09:41:39,1.38,1.1311,561,1.35,1.1065,573,1.37,1.1229,1,1.365,1.1188,1243,0
SPY190522P282,2019-05-20,2019-05-20 09:41:40,1.38,1.1311,399,1.35,1.1065,573,1.37,1.1229,1,1.365,1.1188,1243,0
SPY190522P282,2019-05-20,2019-05-20 09:41:41,1.38,1.1311,399,1.35,1.1065,673,1.37,1.1229,1,1.365,1.1188,1243,0
SPY190522P282,2019-05-20,2019-05-20 09:41:42,1.37,1.1229,7,1.35,1.1065,481,1.37,1.1229,1,1.36,1.1147,1243,0
SPY190522P282,2019-05-20,2019-05-20 09:41:43,1.38,1.1311,486,1.34,1.0983,387,1.37,1.1229,1,1.36,1.1147,1243,0
SPY190522P282,2019-05-20,2019-05-20 09:41:44,1.36,1.1147,100,1.34,1.0983,110,1.37,1.1229,1,1.35,1.1065,1243,0
SPY190522P282,2019-05-20,2019-05-20 09:41:45,1.36,1.1147,100,1.33,1.0901,173,1.33,1.0901,3,1.345,1.1024,1251,8
SPY190522P282,2019-05-20,2019-05-20 09:41:46,1.36,1.1147,524,1.33,1.0901,361,1.33,1.0901,3,1.345,1.1024,1251,0
SPY190522P282,2019-05-20,2019-05-20 09:41:47,1.36,1.1147,524,1.33,1.0901,84,1.33,1.0901,3,1.345,1.1024,1251,0
SPY190522P282,2019-05-20,2019-05-20 09:41:48,1.36,1.1147,110,1.34,1.0983,20,1.33,1.0901,3,1.35,1.1065,1251,0
SPY190522P282,2019-05-20,2019-05-20 09:41:49,1.36,1.1147,287,1.33,1.0901,517,1.33,1.0901,3,1.345,1.1024,1251,0
SPY190522P282,2019-05-20,2019-05-20 09:41:50,1.36,1.1147,626,1.34,1.0983,19,1.33,1.0901,3,1.35,1.1065,1251,0
SPY190522P282,2019-05-20,2019-05-20 09:41:51,1.35,1.1065,131,1.33,1.0901,55,1.33,1.0901,1,1.34,1.0983,1252,1
SPY190522P282,2019-05-20,2019-05-20 09:41:52,1.33,1.0901,206,1.3,1.0655,149,1.33,1.0901,4,1.315,1.0778,1256,4
SPY190522P282,2019-05-20,2019-05-20 09:41:53,1.35,1.1065,50,1.32,1.0819,106,1.33,1.0901,4,1.335,1.0942,1256,0
SPY190522P282,2019-05-20,2019-05-20 09:41:54,1.35,1.1065,150,1.33,1.0901,20,1.33,1.0901,4,1.34,1.0983,1256,0
SPY190522P282,2019-05-20,2019-05-20 09:41:55,1.35,1.1065,167,1.33,1.0901,37,1.33,1.0901,4,1.34,1.0983,1256,0
SPY190522P282,2019-05-20,2019-05-20 09:41:56,1.36,1.1147,154,1.34,1.0983,25,1.33,1.0901,4,1.35,1.1065,1256,0
SPY190522P282,2019-05-20,2019-05-20 09:41:57,1.35,1.1065,110,1.33,1.0901,77,1.33,1.0901,4,1.34,1.0983,1256,0
SPY190522P282,2019-05-20,2019-05-20 09:41:58,1.35,1.1065,6,1.33,1.0901,24,1.33,1.0901,4,1.34,1.0983,1256,0
SPY190522P282,2019-05-20,2019-05-20 09:41:59,1.35,1.1065,160,1.33,1.0901,77,1.33,1.0901,4,1.34,1.0983,1256,0
SPY190522P282,2019-05-20,2019-05-20 09:42:00,1.35,1.1065,493,1.33,1.0901,41,1.33,1.0901,4,1.34,1.0983,1256,0
SPY190522P282,2019-05-20,2019-05-20 09:42:00,1.35,1.1065,110,1.33,1.0901,78,1.33,1.0901,4,1.34,1.0983,1256,0
SPY190522P282,2019-05-20,2019-05-20 09:42:02,1.36,1.1147,28,1.34,1.0983,87,1.35,1.1065,1,1.35,1.1065,1263,7
SPY190522P282,2019-05-20,2019-05-20 09:42:03,1.37,1.1229,106,1.34,1.0983,88,1.36,1.1147,1,1.355,1.1106,1264,1
SPY190522P282,2019-05-20,2019-05-20 09:42:04,1.35,1.1065,117,1.33,1.0901,25,1.34,1.0983,20,1.34,1.0983,1289,25
SPY190522P282,2019-05-20,2019-05-20 09:42:05,1.37,1.1229,71,1.34,1.0983,193,1.34,1.0983,20,1.355,1.1106,1289,0
SPY190522P282,2019-05-20,2019-05-20 09:42:06,1.36,1.1147,170,1.33,1.0901,17,1.34,1.0983,20,1.345,1.1024,1289,0
SPY190522P282,2019-05-20,2019-05-20 09:42:07,1.35,1.1065,67,1.33,1.0901,17,1.34,1.0983,20,1.34,1.0983,1289,0
SPY190522P282,2019-05-20,2019-05-20 09:42:09,1.34,1.0983,3,1.31,1.0737,118,1.34,1.0983,1,1.325,1.086,1290,1
SPY190522P282,2019-05-20,2019-05-20 09:42:10,1.34,1.0983,100,1.32,1.0819,90,1.34,1.0983,1,1.33,1.0901,1290,0
SPY190522P282,2019-05-20,2019-05-20 09:42:11,1.35,1.1065,144,1.33,1.0901,274,1.34,1.0983,1,1.34,1.0983,1290,0
SPY190522P282,2019-05-20,2019-05-20 09:42:13,1.36,1.1147,50,1.34,1.0983,244,1.34,1.0983,1,1.35,1.1065,1290,0
SPY190522P282,2019-05-20,2019-05-20 09:42:14,1.36,1.1147,114,1.33,1.0901,343,1.34,1.0983,1,1.345,1.1024,1290,0
SPY190522P282,2019-05-20,2019-05-20 09:42:15,1.36,1.1147,596,1.33,1.0901,69,1.34,1.0983,1,1.345,1.1024,1290,0
SPY190522P282,2019-05-20,2019-05-20 09:42:16,1.35,1.1065,60,1.32,1.0819,361,1.34,1.0983,1,1.335,1.0942,1290,0
SPY190522P282,2019-05-20,2019-05-20 09:42:17,1.36,1.1147,573,1.33,1.0901,167,1.34,1.0983,1,1.345,1.1024,1290,0
SPY190522P282,2019-05-20,2019-05-20 09:42:18,1.35,1.1065,153,1.32,1.0819,84,1.34,1.0983,1,1.335,1.0942,1290,0
SPY190522P282,2019-05-20,2019-05-20 09:42:19,1.34,1.0983,100,1.32,1.0819,84,1.34,1.0983,1,1.33,1.0901,1290,0
SPY190522P282,2019-05-20,2019-05-20 09:42:20,1.35,1.1065,100,1.33,1.0901,427,1.34,1.0983,1,1.34,1.0983,1290,0
SPY190522P282,2019-05-20,2019-05-20 09:42:21,1.35,1.1065,106,1.33,1.0901,546,1.34,1.0983,1,1.34,1.0983,1290,0
SPY190522P282,2019-05-20,2019-05-20 09:42:22,1.35,1.1065,121,1.33,1.0901,598,1.34,1.0983,1,1.34,1.0983,1290,0
SPY190522P282,2019-05-20,2019-05-20 09:42:24,1.35,1.1065,71,1.32,1.0819,123,1.34,1.0983,1,1.335,1.0942,1290,0
SPY190522P282,2019-05-20,2019-05-20 09:42:25,1.35,1.1065,119,1.31,1.0737,125,1.34,1.0983,1,1.33,1.0901,1290,0
SPY190522P282,2019-05-20,2019-05-20 09:42:26,1.34,1.0983,9,1.32,1.0819,656,1.34,1.0983,1,1.33,1.0901,1290,0
SPY190522P282,2019-05-20,2019-05-20 09:42:27,1.34,1.0983,450,1.31,1.0737,25,1.34,1.0983,1,1.325,1.086,1290,0
SPY190522P282,2019-05-20,2019-05-20 09:42:28,1.33,1.0901,220,1.3,1.0655,1,1.34,1.0983,1,1.315,1.0778,1290,0
SPY190522P282,2019-05-20,2019-05-20 09:42:29,1.33,1.0901,226,1.3,1.0655,153,1.34,1.0983,1,1.315,1.0778,1290,0
SPY190522P282,2019-05-20,2019-05-20 09:42:30,1.33,1.0901,150,1.3,1.0655,214,1.34,1.0983,1,1.315,1.0778,1290,0
SPY190522P282,2019-05-20,2019-05-20 09:42:31,1.32,1.0819,6,1.3,1.0655,101,1.34,1.0983,1,1.31,1.0737,1290,0
SPY190522P282,2019-05-20,2019-05-20 09:42:32,1.32,1.0819,100,1.3,1.0655,1,1.34,1.0983,1,1.31,1.0737,1290,0
SPY190522P282,2019-05-20,2019-05-20 09:42:33,1.32,1.0819,151,1.3,1.0655,74,1.34,1.0983,1,1.31,1.0737,1290,0
SPY190522P282,2019-05-20,2019-05-20 09:42:34,1.32,1.0819,538,1.3,1.0655,27,1.34,1.0983,1,1.31,1.0737,1290,0
SPY190522P282,2019-05-20,2019-05-20 09:42:35,1.31,1.0737,213,1.28,1.0491,160,1.3,1.0655,1,1.295,1.0614,1292,2
SPY190522P282,2019-05-20,2019-05-20 09:42:36,1.31,1.0737,120,1.28,1.0491,329,1.3,1.0655,1,1.295,1.0614,1292,0
SPY190522P282,2019-05-20,2019-05-20 09:42:38,1.32,1.0819,345,1.29,1.0573,345,1.3,1.0655,1,1.305,1.0696,1292,0
SPY190522P282,2019-05-20,2019-05-20 09:42:39,1.31,1.0737,294,1.28,1.0491,329,1.3,1.0655,1,1.295,1.0614,1292,0
SPY190522P282,2019-05-20,2019-05-20 09:42:40,1.29,1.0573,351,1.26,1.0327,26,1.25,1.0245,1,1.275,1.045,1293,1
SPY190522P282,2019-05-20,2019-05-20 09:42:41,1.27,1.0409,287,1.25,1.0245,18,1.25,1.0245,1,1.26,1.0327,1293,0
SPY190522P282,2019-05-20,2019-05-20 09:42:43,1.27,1.0409,381,1.25,1.0245,19,1.25,1.0245,1,1.26,1.0327,1293,0
SPY190522P282,2019-05-20,2019-05-20 09:42:44,1.27,1.0409,287,1.24,1.0163,594,1.25,1.0245,1,1.255,1.0286,1293,0
SPY190522P282,2019-05-20,2019-05-20 09:42:45,1.27,1.0409,107,1.25,1.0245,59,1.25,1.0245,1,1.26,1.0327,1293,0
SPY190522P282,2019-05-20,2019-05-20 09:42:47,1.27,1.0409,114,1.25,1.0245,27,1.25,1.0245,1,1.26,1.0327,1293,0
SPY190522P282,2019-05-20,2019-05-20 09:42:48,1.26,1.0327,515,1.23,1.0081,203,1.26,1.0327,3,1.245,1.0204,1303,10
SPY190522P282,2019-05-20,2019-05-20 09:42:49,1.26,1.0327,255,1.23,1.0081,277,1.26,1.0327,3,1.245,1.0204,1303,0
SPY190522P282,2019-05-20,2019-05-20 09:42:50,1.25,1.0245,210,1.23,1.0081,6,1.26,1.0327,3,1.24,1.0163,1303,0
SPY190522P282,2019-05-20,2019-05-20 09:42:51,1.25,1.0245,248,1.23,1.0081,41,1.26,1.0327,3,1.24,1.0163,1303,0
SPY190522P282,2019-05-20,2019-05-20 09:42:52,1.26,1.0327,18,1.24,1.0163,868,1.26,1.0327,3,1.25,1.0245,1303,0
SPY190522P282,2019-05-20,2019-05-20 09:42:54,1.26,1.0327,12,1.25,1.0245,159,1.25,1.0245,2,1.255,1.0286,1305,0
SPY190522P282,2019-05-20,2019-05-20 09:42:54,1.26,1.0327,12,1.25,1.0245,253,1.25,1.0245,2,1.255,1.0286,1305,2
SPY190522P282,2019-05-20,2019-05-20 09:42:56,1.28,1.0491,70,1.26,1.0327,66,1.26,1.0327,12,1.27,1.0409,1318,13
SPY190522P282,2019-05-20,2019-05-20 09:42:57,1.29,1.0573,168,1.26,1.0327,636,1.26,1.0327,12,1.275,1.045,1318,0
SPY190522P282,2019-05-20,2019-05-20 09:42:58,1.28,1.0491,145,1.26,1.0327,67,1.26,1.0327,12,1.27,1.0409,1318,0
SPY190522P282,2019-05-20,2019-05-20 09:43:00,1.3,1.0655,150,1.27,1.0409,118,1.26,1.0327,12,1.285,1.0532,1318,0
SPY190522P282,2019-05-20,2019-05-20 09:43:00,1.29,1.0573,122,1.27,1.0409,154,1.26,1.0327,12,1.28,1.0491,1318,0
SPY190522P282,2019-05-20,2019-05-20 09:43:01,1.29,1.0573,153,1.26,1.0327,25,1.26,1.0327,12,1.275,1.045,1318,0
SPY190522P282,2019-05-20,2019-05-20 09:43:03,1.24,1.0163,140,1.22,1.0,152,1.26,1.0327,12,1.23,1.0081,1318,0
SPY190522P282,2019-05-20,2019-05-20 09:43:03,1.26,1.0327,153,1.24,1.0163,547,1.26,1.0327,12,1.25,1.0245,1318,0
SPY190522P282,2019-05-20,2019-05-20 09:43:05,1.25,1.0245,538,1.22,1.0,611,1.26,1.0327,12,1.235,1.0122,1318,0
SPY190522P282,2019-05-20,2019-05-20 09:43:06,1.25,1.0245,150,1.23,1.0081,142,1.26,1.0327,12,1.24,1.0163,1318,0
SPY190522P282,2019-05-20,2019-05-20 09:43:07,1.26,1.0327,50,1.24,1.0163,281,1.26,1.0327,12,1.25,1.0245,1318,0
SPY190522P282,2019-05-20,2019-05-20 09:43:09,1.26,1.0327,14,1.24,1.0163,256,1.26,1.0327,12,1.25,1.0245,1318,0
SPY190522P282,2019-05-20,2019-05-20 09:43:10,1.27,1.0409,50,1.26,1.0327,15,1.26,1.0327,12,1.265,1.0368,1318,0
SPY190522P282,2019-05-20,2019-05-20 09:43:12,1.28,1.0491,109,1.26,1.0327,59,1.26,1.0327,12,1.27,1.0409,1318,0
SPY190522P282,2019-05-20,2019-05-20 09:43:13,1.27,1.0409,131,1.23,1.0081,138,1.26,1.0327,12,1.25,1.0245,1318,0
SPY190522P282,2019-05-20,2019-05-20 09:43:15,1.25,1.0245,33,1.24,1.0163,108,1.26,1.0327,12,1.245,1.0204,1318,0
SPY190522P282,2019-05-20,2019-05-20 09:43:16,1.26,1.0327,117,1.24,1.0163,60,1.26,1.0327,12,1.25,1.0245,1318,0
SPY190522P282,2019-05-20,2019-05-20 09:43:17,1.27,1.0409,50,1.26,1.0327,73,1.26,1.0327,12,1.265,1.0368,1318,0
SPY190522P282,2019-05-20,2019-05-20 09:43:18,1.28,1.0491,160,1.26,1.0327,74,1.26,1.0327,12,1.27,1.0409,1318,0
SPY190522P282,2019-05-20,2019-05-20 09:43:20,1.28,1.0491,6,1.26,1.0327,27,1.26,1.0327,12,1.27,1.0409,1318,0
SPY190522P282,2019-05-20,2019-05-20 09:43:21,1.28,1.0491,646,1.25,1.0245,535,1.26,1.0327,12,1.265,1.0368,1318,0
SPY190522P282,2019-05-20,2019-05-20 09:43:22,1.28,1.0491,59,1.26,1.0327,416,1.26,1.0327,12,1.27,1.0409,1318,0
SPY190522P282,2019-05-20,2019-05-20 09:43:23,1.27,1.0409,50,1.26,1.0327,126,1.26,1.0327,12,1.265,1.0368,1318,0
SPY190522P282,2019-05-20,2019-05-20 09:43:24,1.28,1.0491,50,1.26,1.0327,158,1.26,1.0327,12,1.27,1.0409,1318,0
SPY190522P282,2019-05-20,2019-05-20 09:43:25,1.29,1.0573,586,1.27,1.0409,18,1.26,1.0327,12,1.28,1.0491,1318,0
SPY190522P282,2019-05-20,2019-05-20 09:43:27,1.29,1.0573,561,1.27,1.0409,18,1.26,1.0327,12,1.28,1.0491,1318,0
SPY190522P282,2019-05-20,2019-05-20 09:43:28,1.28,1.0491,123,1.25,1.0245,248,1.26,1.0327,12,1.265,1.0368,1318,0
SPY190522P282,2019-05-20,2019-05-20 09:43:30,1.28,1.0491,72,1.26,1.0327,118,1.26,1.0327,12,1.27,1.0409,1318,0
SPY190522P282,2019-05-20,2019-05-20 09:43:31,1.28,1.0491,108,1.27,1.0409,12,1.26,1.0327,12,1.275,1.045,1318,0
SPY190522P282,2019-05-20,2019-05-20 09:43:32,1.3,1.0655,164,1.27,1.0409,586,1.26,1.0327,12,1.285,1.0532,1318,0
SPY190522P282,2019-05-20,2019-05-20 09:43:34,1.3,1.0655,153,1.28,1.0491,72,1.3,1.0655,55,1.29,1.0573,1373,55
SPY190522P282,2019-05-20,2019-05-20 09:43:35,1.3,1.0655,256,1.28,1.0491,76,1.3,1.0655,55,1.29,1.0573,1373,0
SPY190522P282,2019-05-20,2019-05-20 09:43:36,1.3,1.0655,256,1.28,1.0491,126,1.3,1.0655,55,1.29,1.0573,1373,0
SPY190522P282,2019-05-20,2019-05-20 09:43:38,1.32,1.0819,287,1.29,1.0573,174,1.3,1.0655,55,1.305,1.0696,1373,0
SPY190522P282,2019-05-20,2019-05-20 09:43:39,1.32,1.0819,586,1.3,1.0655,18,1.3,1.0655,55,1.31,1.0737,1373,0
SPY190522P282,2019-05-20,2019-05-20 09:43:40,1.32,1.0819,123,1.3,1.0655,72,1.3,1.0655,55,1.31,1.0737,1373,0
SPY190522P282,2019-05-20,2019-05-20 09:43:41,1.34,1.0983,100,1.32,1.0819,23,1.3,1.0655,55,1.33,1.0901,1373,0
SPY190522P282,2019-05-20,2019-05-20 09:43:43,1.32,1.0819,1,1.31,1.0737,126,1.32,1.0819,20,1.315,1.0778,1393,20
SPY190522P282,2019-05-20,2019-05-20 09:43:44,1.33,1.0901,99,1.31,1.0737,156,1.32,1.0819,20,1.32,1.0819,1393,0
SPY190522P282,2019-05-20,2019-05-20 09:43:45,1.33,1.0901,63,1.31,1.0737,366,1.32,1.0819,20,1.32,1.0819,1393,0
SPY190522P282,2019-05-20,2019-05-20 09:43:46,1.33,1.0901,63,1.31,1.0737,155,1.32,1.0819,20,1.32,1.0819,1393,0
SPY190522P282,2019-05-20,2019-05-20 09:43:48,1.33,1.0901,277,1.31,1.0737,49,1.32,1.0819,20,1.32,1.0819,1393,0
SPY190522P282,2019-05-20,2019-05-20 09:43:49,1.32,1.0819,231,1.3,1.0655,141,1.32,1.0819,20,1.31,1.0737,1393,0
SPY190522P282,2019-05-20,2019-05-20 09:43:51,1.33,1.0901,671,1.31,1.0737,101,1.32,1.0819,20,1.32,1.0819,1393,0
SPY190522P282,2019-05-20,2019-05-20 09:43:52,1.32,1.0819,214,1.3,1.0655,14,1.31,1.0737,2,1.31,1.0737,1395,2
SPY190522P282,2019-05-20,2019-05-20 09:43:53,1.32,1.0819,266,1.29,1.0573,167,1.31,1.0737,2,1.305,1.0696,1395,0
SPY190522P282,2019-05-20,2019-05-20 09:43:54,1.33,1.0901,110,1.31,1.0737,123,1.31,1.0737,2,1.32,1.0819,1395,0
SPY190522P282,2019-05-20,2019-05-20 09:43:55,1.33,1.0901,110,1.31,1.0737,126,1.31,1.0737,2,1.32,1.0819,1395,0
SPY190522P282,2019-05-20,2019-05-20 09:43:57,1.33,1.0901,425,1.3,1.0655,24,1.31,1.0737,2,1.315,1.0778,1395,0
SPY190522P282,2019-05-20,2019-05-20 09:43:58,1.31,1.0737,247,1.29,1.0573,16,1.31,1.0737,2,1.3,1.0655,1395,0
SPY190522P282,2019-05-20,2019-05-20 09:44:00,1.33,1.0901,430,1.3,1.0655,37,1.31,1.0737,1,1.315,1.0778,1396,1
SPY190522P282,2019-05-20,2019-05-20 09:44:00,1.32,1.0819,66,1.3,1.0655,57,1.31,1.0737,1,1.31,1.0737,1396,0
SPY190522P282,2019-05-20,2019-05-20 09:44:02,1.31,1.0737,65,1.3,1.0655,20,1.31,1.0737,1,1.305,1.0696,1396,0
SPY190522P282,2019-05-20,2019-05-20 09:44:03,1.32,1.0819,581,1.3,1.0655,10,1.31,1.0737,1,1.31,1.0737,1396,0
SPY190522P282,2019-05-20,2019-05-20 09:44:04,1.31,1.0737,46,1.3,1.0655,73,1.31,1.0737,1,1.305,1.0696,1396,0
SPY190522P282,2019-05-20,2019-05-20 09:44:05,1.31,1.0737,46,1.29,1.0573,514,1.31,1.0737,1,1.3,1.0655,1396,0
SPY190522P282,2019-05-20,2019-05-20 09:44:07,1.31,1.0737,109,1.29,1.0573,94,1.31,1.0737,1,1.3,1.0655,1396,0
SPY190522P282,2019-05-20,2019-05-20 09:44:08,1.31,1.0737,141,1.29,1.0573,110,1.31,1.0737,1,1.3,1.0655,1396,0
SPY190522P282,2019-05-20,2019-05-20 09:44:09,1.3,1.0655,126,1.28,1.0491,50,1.31,1.0737,1,1.29,1.0573,1396,0
SPY190522P282,2019-05-20,2019-05-20 09:44:10,1.3,1.0655,191,1.28,1.0491,20,1.31,1.0737,1,1.29,1.0573,1396,0
SPY190522P282,2019-05-20,2019-05-20 09:44:11,1.3,1.0655,490,1.28,1.0491,38,1.31,1.0737,1,1.29,1.0573,1396,0
SPY190522P282,2019-05-20,2019-05-20 09:44:13,1.3,1.0655,6,1.29,1.0573,20,1.31,1.0737,1,1.295,1.0614,1396,0
SPY190522P282,2019-05-20,2019-05-20 09:44:14,1.32,1.0819,138,1.3,1.0655,97,1.31,1.0737,1,1.31,1.0737,1396,0
SPY190522P282,2019-05-20,2019-05-20 09:44:15,1.32,1.0819,126,1.3,1.0655,66,1.31,1.0737,1,1.31,1.0737,1396,0
SPY190522P282,2019-05-20,2019-05-20 09:44:16,1.33,1.0901,126,1.31,1.0737,141,1.31,1.0737,1,1.32,1.0819,1396,0
SPY190522P282,2019-05-20,2019-05-20 09:44:17,1.34,1.0983,65,1.31,1.0737,150,1.31,1.0737,1,1.325,1.086,1396,0
SPY190522P282,2019-05-20,2019-05-20 09:44:19,1.35,1.1065,14,1.32,1.0819,159,1.31,1.0737,1,1.335,1.0942,1396,0
SPY190522P282,2019-05-20,2019-05-20 09:44:22,1.33,1.0901,62,1.31,1.0737,357,1.32,1.0819,1,1.32,1.0819,1497,101
SPY190522P282,2019-05-20,2019-05-20 09:44:24,1.33,1.0901,200,1.29,1.0573,293,1.32,1.0819,1,1.31,1.0737,1497,0
SPY190522P282,2019-05-20,2019-05-20 09:44:25,1.32,1.0819,60,1.3,1.0655,368,1.32,1.0819,1,1.31,1.0737,1497,0
SPY190522P282,2019-05-20,2019-05-20 09:44:27,1.32,1.0819,60,1.3,1.0655,365,1.32,1.0819,1,1.31,1.0737,1497,0
SPY190522P282,2019-05-20,2019-05-20 09:44:28,1.33,1.0901,6,1.31,1.0737,100,1.32,1.0819,1,1.32,1.0819,1497,0
SPY190522P282,2019-05-20,2019-05-20 09:44:30,1.33,1.0901,61,1.31,1.0737,618,1.32,1.0819,1,1.32,1.0819,1497,0
SPY190522P282,2019-05-20,2019-05-20 09:44:31,1.32,1.0819,22,1.31,1.0737,146,1.32,1.0819,1,1.315,1.0778,1497,0
SPY190522P282,2019-05-20,2019-05-20 09:44:33,1.32,1.0819,61,1.3,1.0655,60,1.32,1.0819,1,1.31,1.0737,1497,0
SPY190522P282,2019-05-20,2019-05-20 09:44:34,1.31,1.0737,6,1.27,1.0409,192,1.32,1.0819,1,1.29,1.0573,1497,0
SPY190522P282,2019-05-20,2019-05-20 09:44:36,1.3,1.0655,60,1.28,1.0491,162,1.3,1.0655,1,1.29,1.0573,1498,1
SPY190522P282,2019-05-20,2019-05-20 09:44:37,1.29,1.0573,60,1.28,1.0491,16,1.3,1.0655,1,1.285,1.0532,1498,0
SPY190522P282,2019-05-20,2019-05-20 09:44:39,1.3,1.0655,63,1.28,1.0491,22,1.3,1.0655,1,1.29,1.0573,1498,0
SPY190522P282,2019-05-20,2019-05-20 09:44:40,1.29,1.0573,208,1.26,1.0327,522,1.26,1.0327,1,1.275,1.045,1499,1
SPY190522P282,2019-05-20,2019-05-20 09:44:42,1.27,1.0409,19,1.26,1.0327,119,1.26,1.0327,1,1.265,1.0368,1499,0
SPY190522P282,2019-05-20,2019-05-20 09:44:43,1.28,1.0491,146,1.26,1.0327,102,1.26,1.0327,1,1.27,1.0409,1499,0
SPY190522P282,2019-05-20,2019-05-20 09:44:45,1.26,1.0327,63,1.24,1.0163,185,1.26,1.0327,1,1.25,1.0245,1499,0
SPY190522P282,2019-05-20,2019-05-20 09:44:46,1.26,1.0327,129,1.24,1.0163,155,1.26,1.0327,1,1.25,1.0245,1499,0
SPY190522P282,2019-05-20,2019-05-20 09:44:48,1.26,1.0327,72,1.24,1.0163,124,1.26,1.0327,1,1.25,1.0245,1499,0
SPY190522P282,2019-05-20,2019-05-20 09:44:50,1.26,1.0327,114,1.25,1.0245,23,1.26,1.0327,1,1.255,1.0286,1499,0
SPY190522P282,2019-05-20,2019-05-20 09:44:51,1.26,1.0327,171,1.23,1.0081,360,1.26,1.0327,1,1.245,1.0204,1499,0
SPY190522P282,2019-05-20,2019-05-20 09:44:53,1.24,1.0163,151,1.22,1.0,203,1.26,1.0327,1,1.23,1.0081,1499,0
SPY190522P282,2019-05-20,2019-05-20 09:44:55,1.24,1.0163,80,1.22,1.0,50,1.26,1.0327,1,1.23,1.0081,1499,0
SPY190522P282,2019-05-20,2019-05-20 09:44:56,1.26,1.0327,358,1.23,1.0081,106,1.24,1.0163,80,1.245,1.0204,1579,80
SPY190522P282,2019-05-20,2019-05-20 09:44:57,1.26,1.0327,360,1.24,1.0163,51,1.24,1.0163,80,1.25,1.0245,1579,0
SPY190522P282,2019-05-20,2019-05-20 09:44:59,1.26,1.0327,26,1.24,1.0163,142,1.24,1.0163,80,1.25,1.0245,1579,0
SPY190522P282,2019-05-20,2019-05-20 09:45:00,1.26,1.0327,145,1.24,1.0163,126,1.24,1.0163,80,1.25,1.0245,1579,0
SPY190522P282,2019-05-20,2019-05-20 09:45:01,1.25,1.0245,16,1.23,1.0081,75,1.24,1.0163,80,1.24,1.0163,1579,0
SPY190522P282,2019-05-20,2019-05-20 09:45:02,1.23,1.0081,14,1.22,1.0,12,1.24,1.0163,80,1.225,1.004,1579,0
SPY190522P282,2019-05-20,2019-05-20 09:45:04,1.23,1.0081,411,1.21,0.9918,23,1.24,1.0163,80,1.22,1.0,1579,0
SPY190522P282,2019-05-20,2019-05-20 09:45:05,1.22,1.0,71,1.2,0.9836,175,1.24,1.0163,80,1.21,0.9918,1579,0
SPY190522P282,2019-05-20,2019-05-20 09:45:06,1.19,0.9754,300,1.15,0.9426,13,1.24,1.0163,80,1.17,0.959,1579,0
SPY190522P282,2019-05-20,2019-05-20 09:45:07,1.18,0.9672,60,1.15,0.9426,653,1.24,1.0163,80,1.165,0.9549,1579,0
SPY190522P282,2019-05-20,2019-05-20 09:45:09,1.17,0.959,64,1.15,0.9426,127,1.24,1.0163,80,1.16,0.9508,1579,0
SPY190522P282,2019-05-20,2019-05-20 09:45:10,1.16,0.9508,51,1.15,0.9426,49,1.24,1.0163,80,1.155,0.9467,1579,0
SPY190522P282,2019-05-20,2019-05-20 09:45:11,1.16,0.9508,59,1.14,0.9344,1,1.16,0.9508,1,1.15,0.9426,1581,2
SPY190522P282,2019-05-20,2019-05-20 09:45:12,1.14,0.9344,50,1.12,0.918,51,1.16,0.9508,1,1.13,0.9262,1581,0
SPY190522P282,2019-05-20,2019-05-20 09:45:13,1.14,0.9344,460,1.13,0.9262,17,1.16,0.9508,1,1.135,0.9303,1581,0
SPY190522P282,2019-05-20,2019-05-20 09:45:15,1.14,0.9344,426,1.11,0.9098,251,1.16,0.9508,1,1.125,0.9221,1581,0
SPY190522P282,2019-05-20,2019-05-20 09:45:16,1.14,0.9344,460,1.12,0.918,8,1.16,0.9508,1,1.13,0.9262,1581,0
SPY190522P282,2019-05-20,2019-05-20 09:45:17,1.14,0.9344,1,1.13,0.9262,88,1.16,0.9508,1,1.135,0.9303,1581,0
SPY190522P282,2019-05-20,2019-05-20 09:45:18,1.14,0.9344,1,1.12,0.918,595,1.16,0.9508,1,1.13,0.9262,1581,0
SPY190522P282,2019-05-20,2019-05-20 09:45:19,1.14,0.9344,36,1.13,0.9262,23,1.16,0.9508,1,1.135,0.9303,1581,0
SPY190522P282,2019-05-20,2019-05-20 09:45:20,1.14,0.9344,86,1.12,0.918,340,1.16,0.9508,1,1.13,0.9262,1581,0
SPY190522P282,2019-05-20,2019-05-20 09:45:22,1.15,0.9426,1,1.13,0.9262,172,1.14,0.9344,1,1.14,0.9344,1582,1
SPY190522P282,2019-05-20,2019-05-20 09:45:23,1.15,0.9426,1,1.13,0.9262,115,1.14,0.9344,1,1.14,0.9344,1582,0
SPY190522P282,2019-05-20,2019-05-20 09:45:24,1.15,0.9426,64,1.13,0.9262,31,1.14,0.9344,1,1.14,0.9344,1582,0
SPY190522P282,2019-05-20,2019-05-20 09:45:25,1.14,0.9344,202,1.12,0.918,37,1.14,0.9344,1,1.13,0.9262,1582,0
SPY190522P282,2019-05-20,2019-05-20 09:45:26,1.14,0.9344,199,1.12,0.918,66,1.14,0.9344,1,1.13,0.9262,1582,0
SPY190522P282,2019-05-20,2019-05-20 09:45:27,1.14,0.9344,79,1.12,0.918,15,1.14,0.9344,1,1.13,0.9262,1582,0
SPY190522P282,2019-05-20,2019-05-20 09:45:29,1.15,0.9426,242,1.13,0.9262,20,1.14,0.9344,1,1.14,0.9344,1582,0
SPY190522P282,2019-05-20,2019-05-20 09:45:30,1.15,0.9426,111,1.13,0.9262,122,1.14,0.9344,1,1.14,0.9344,1582,0
SPY190522P282,2019-05-20,2019-05-20 09:45:31,1.14,0.9344,110,1.11,0.9098,608,1.14,0.9344,1,1.125,0.9221,1582,0
SPY190522P282,2019-05-20,2019-05-20 09:45:33,1.15,0.9426,85,1.12,0.918,83,1.14,0.9344,1,1.135,0.9303,1582,0
SPY190522P282,2019-05-20,2019-05-20 09:45:34,1.14,0.9344,109,1.12,0.918,87,1.14,0.9344,1,1.13,0.9262,1582,0
SPY190522P282,2019-05-20,2019-05-20 09:45:35,1.15,0.9426,521,1.13,0.9262,17,1.14,0.9344,1,1.14,0.9344,1582,0
SPY190522P282,2019-05-20,2019-05-20 09:45:36,1.15,0.9426,783,1.13,0.9262,9,1.14,0.9344,1,1.14,0.9344,1582,0
SPY190522P282,2019-05-20,2019-05-20 09:45:37,1.15,0.9426,840,1.13,0.9262,17,1.14,0.9344,1,1.14,0.9344,1582,0
SPY190522P282,2019-05-20,2019-05-20 09:45:39,1.14,0.9344,110,1.12,0.918,162,1.14,0.9344,1,1.13,0.9262,1582,0
SPY190522P282,2019-05-20,2019-05-20 09:45:40,1.15,0.9426,854,1.12,0.918,301,1.13,0.9262,1,1.135,0.9303,1583,1
SPY190522P282,2019-05-20,2019-05-20 09:45:41,1.14,0.9344,149,1.13,0.9262,22,1.13,0.9262,1,1.135,0.9303,1583,0
SPY190522P282,2019-05-20,2019-05-20 09:45:42,1.14,0.9344,517,1.11,0.9098,514,1.13,0.9262,1,1.125,0.9221,1583,0
SPY190522P282,2019-05-20,2019-05-20 09:45:43,1.11,0.9098,350,1.08,0.8852,62,1.13,0.9262,1,1.095,0.8975,1583,0
SPY190522P282,2019-05-20,2019-05-20 09:45:44,1.1,0.9016,350,1.07,0.877,16,1.13,0.9262,1,1.085,0.8893,1583,0
SPY190522P282,2019-05-20,2019-05-20 09:45:45,1.09,0.8934,66,1.07,0.877,116,1.13,0.9262,1,1.08,0.8852,1583,0
SPY190522P282,2019-05-20,2019-05-20 09:45:47,1.1,0.9016,466,1.08,0.8852,91,1.13,0.9262,1,1.09,0.8934,1583,0
SPY190522P282,2019-05-20,2019-05-20 09:45:48,1.1,0.9016,110,1.08,0.8852,142,1.13,0.9262,1,1.09,0.8934,1583,0
SPY190522P282,2019-05-20,2019-05-20 09:45:49,1.09,0.8934,90,1.07,0.877,7,1.13,0.9262,1,1.08,0.8852,1583,0
SPY190522P282,2019-05-20,2019-05-20 09:45:50,1.09,0.8934,699,1.06,0.8688,661,1.13,0.9262,1,1.075,0.8811,1583,0
SPY190522P282,2019-05-20,2019-05-20 09:45:51,1.09,0.8934,514,1.07,0.877,16,1.07,0.877,20,1.08,0.8852,1603,20
SPY190522P282,2019-05-20,2019-05-20 09:45:52,1.1,0.9016,658,1.07,0.877,563,1.08,0.8852,29,1.085,0.8893,1632,29
SPY190522P282,2019-05-20,2019-05-20 09:45:53,1.1,0.9016,561,1.07,0.877,787,1.08,0.8852,29,1.085,0.8893,1632,0
SPY190522P282,2019-05-20,2019-05-20 09:45:54,1.1,0.9016,63,1.09,0.8934,22,1.08,0.8852,29,1.095,0.8975,1632,0
SPY190522P282,2019-05-20,2019-05-20 09:45:56,1.13,0.9262,150,1.09,0.8934,167,1.08,0.8852,29,1.11,0.9098,1632,0
SPY190522P282,2019-05-20,2019-05-20 09:45:57,1.13,0.9262,98,1.09,0.8934,218,1.08,0.8852,29,1.11,0.9098,1632,0
SPY190522P282,2019-05-20,2019-05-20 09:45:58,1.12,0.918,117,1.1,0.9016,12,1.08,0.8852,29,1.11,0.9098,1632,0
SPY190522P282,2019-05-20,2019-05-20 09:46:00,1.11,0.9098,50,1.1,0.9016,12,1.08,0.8852,29,1.105,0.9057,1632,0
SPY190522P282,2019-05-20,2019-05-20 09:46:00,1.12,0.918,136,1.1,0.9016,12,1.08,0.8852,29,1.11,0.9098,1632,0
SPY190522P282,2019-05-20,2019-05-20 09:46:02,1.13,0.9262,245,1.11,0.9098,239,1.11,0.9098,1,1.12,0.918,1633,1
SPY190522P282,2019-05-20,2019-05-20 09:46:03,1.14,0.9344,97,1.12,0.918,119,1.12,0.918,2,1.13,0.9262,1635,2
SPY190522P282,2019-05-20,2019-05-20 09:46:04,1.13,0.9262,55,1.11,0.9098,33,1.12,0.918,2,1.12,0.918,1637,2
SPY190522P282,2019-05-20,2019-05-20 09:46:05,1.13,0.9262,50,1.11,0.9098,461,1.12,0.918,2,1.12,0.918,1637,0
SPY190522P282,2019-05-20,2019-05-20 09:46:07,1.13,0.9262,504,1.11,0.9098,40,1.12,0.918,2,1.12,0.918,1637,0
SPY190522P282,2019-05-20,2019-05-20 09:46:08,1.13,0.9262,107,1.1,0.9016,126,1.12,0.918,2,1.115,0.9139,1637,0
SPY190522P282,2019-05-20,2019-05-20 09:46:09,1.12,0.918,630,1.1,0.9016,63,1.12,0.918,2,1.11,0.9098,1637,0
SPY190522P282,2019-05-20,2019-05-20 09:46:11,1.11,0.9098,202,1.09,0.8934,25,1.12,0.918,2,1.1,0.9016,1637,0
SPY190522P282,2019-05-20,2019-05-20 09:46:12,1.1,0.9016,577,1.07,0.877,339,1.12,0.918,2,1.085,0.8893,1637,0
SPY190522P282,2019-05-20,2019-05-20 09:46:13,1.08,0.8852,115,1.06,0.8688,136,1.12,0.918,2,1.07,0.877,1637,0
SPY190522P282,2019-05-20,2019-05-20 09:46:14,1.08,0.8852,178,1.06,0.8688,136,1.12,0.918,2,1.07,0.877,1637,0
SPY190522P282,2019-05-20,2019-05-20 09:46:16,1.06,0.8688,67,1.04,0.8524,83,1.12,0.918,2,1.05,0.8606,1637,0
SPY190522P282,2019-05-20,2019-05-20 09:46:17,1.06,0.8688,400,1.05,0.8606,12,1.12,0.918,2,1.055,0.8647,1637,0
SPY190522P282,2019-05-20,2019-05-20 09:46:18,1.06,0.8688,294,1.04,0.8524,146,1.12,0.918,2,1.05,0.8606,1637,0
SPY190522P282,2019-05-20,2019-05-20 09:46:19,1.07,0.877,679,1.04,0.8524,63,1.12,0.918,2,1.055,0.8647,1637,0
SPY190522P282,2019-05-20,2019-05-20 09:46:20,1.07,0.877,108,1.05,0.8606,122,1.12,0.918,2,1.06,0.8688,1637,0
SPY190522P282,2019-05-20,2019-05-20 09:46:21,1.06,0.8688,66,1.05,0.8606,102,1.12,0.918,2,1.055,0.8647,1637,0
SPY190522P282,2019-05-20,2019-05-20 09:46:23,1.07,0.877,437,1.05,0.8606,107,1.12,0.918,2,1.06,0.8688,1637,0
SPY190522P282,2019-05-20,2019-05-20 09:46:24,1.07,0.877,437,1.05,0.8606,71,1.12,0.918,2,1.06,0.8688,1637,0
SPY190522P282,2019-05-20,2019-05-20 09:46:25,1.06,0.8688,110,1.04,0.8524,116,1.12,0.918,2,1.05,0.8606,1637,0
SPY190522P282,2019-05-20,2019-05-20 09:46:26,1.05,0.8606,50,1.04,0.8524,110,1.12,0.918,2,1.045,0.8565,1637,0
SPY190522P282,2019-05-20,2019-05-20 09:46:27,1.04,0.8524,55,1.03,0.8442,479,1.12,0.918,2,1.035,0.8483,1637,0
SPY190522P282,2019-05-20,2019-05-20 09:46:29,1.04,0.8524,55,1.03,0.8442,343,1.12,0.918,2,1.035,0.8483,1637,0
SPY190522P282,2019-05-20,2019-05-20 09:46:30,1.04,0.8524,55,1.03,0.8442,343,1.12,0.918,2,1.035,0.8483,1637,0
SPY190522P282,2019-05-20,2019-05-20 09:46:31,1.04,0.8524,55,1.03,0.8442,224,1.12,0.918,2,1.035,0.8483,1637,0
SPY190522P282,2019-05-20,2019-05-20 09:46:32,1.04,0.8524,55,1.03,0.8442,464,1.12,0.918,2,1.035,0.8483,1637,0
SPY190522P282,2019-05-20,2019-05-20 09:46:33,1.05,0.8606,6,1.03,0.8442,504,1.04,0.8524,52,1.04,0.8524,1692,55
SPY190522P282,2019-05-20,2019-05-20 09:46:34,1.05,0.8606,686,1.02,0.836,510,1.04,0.8524,52,1.035,0.8483,1692,0
SPY190522P282,2019-05-20,2019-05-20 09:46:36,1.04,0.8524,65,1.03,0.8442,6,1.04,0.8524,52,1.035,0.8483,1692,0
SPY190522P282,2019-05-20,2019-05-20 09:46:37,1.04,0.8524,122,1.02,0.836,50,1.04,0.8524,52,1.03,0.8442,1692,0
SPY190522P282,2019-05-20,2019-05-20 09:46:39,1.04,0.8524,490,1.03,0.8442,30,1.04,0.8524,52,1.035,0.8483,1692,0
SPY190522P282,2019-05-20,2019-05-20 09:46:40,1.03,0.8442,115,1.01,0.8278,31,1.04,0.8524,52,1.02,0.836,1692,0
SPY190522P282,2019-05-20,2019-05-20 09:46:41,1.04,0.8524,200,1.01,0.8278,559,1.04,0.8524,52,1.025,0.8401,1692,0
SPY190522P282,2019-05-20,2019-05-20 09:46:42,1.04,0.8524,637,1.02,0.836,29,1.04,0.8524,52,1.03,0.8442,1692,0
SPY190522P282,2019-05-20,2019-05-20 09:46:44,1.03,0.8442,437,1.02,0.836,23,1.04,0.8524,52,1.025,0.8401,1692,0
SPY190522P282,2019-05-20,2019-05-20 09:46:45,1.03,0.8442,437,1.02,0.836,16,1.04,0.8524,52,1.025,0.8401,1692,0
SPY190522P282,2019-05-20,2019-05-20 09:46:47,1.03,0.8442,437,1.01,0.8278,56,1.04,0.8524,52,1.02,0.836,1692,0
SPY190522P282,2019-05-20,2019-05-20 09:46:48,1.03,0.8442,437,1.01,0.8278,60,1.04,0.8524,52,1.02,0.836,1692,0
SPY190522P282,2019-05-20,2019-05-20 09:46:49,1.03,0.8442,130,1.02,0.836,23,1.04,0.8524,52,1.025,0.8401,1692,0
SPY190522P282,2019-05-20,2019-05-20 09:46:50,1.02,0.836,120,1.0,0.8196,140,1.04,0.8524,52,1.01,0.8278,1692,0
SPY190522P282,2019-05-20,2019-05-20 09:46:51,1.02,0.836,120,1.01,0.8278,23,1.04,0.8524,52,1.015,0.8319,1692,0
SPY190522P282,2019-05-20,2019-05-20 09:46:53,1.03,0.8442,120,1.01,0.8278,140,1.04,0.8524,52,1.02,0.836,1692,0
SPY190522P282,2019-05-20,2019-05-20 09:46:54,1.03,0.8442,12,1.01,0.8278,746,1.04,0.8524,52,1.02,0.836,1692,0
SPY190522P282,2019-05-20,2019-05-20 09:46:55,1.03,0.8442,6,1.01,0.8278,504,1.04,0.8524,52,1.02,0.836,1692,0
SPY190522P282,2019-05-20,2019-05-20 09:46:56,1.03,0.8442,50,1.02,0.836,24,1.04,0.8524,52,1.025,0.8401,1692,0
SPY190522P282,2019-05-20,2019-05-20 09:46:57,1.03,0.8442,12,1.02,0.836,24,1.04,0.8524,52,1.025,0.8401,1692,0
SPY190522P282,2019-05-20,2019-05-20 09:46:58,1.03,0.8442,50,1.02,0.836,30,1.04,0.8524,52,1.025,0.8401,1692,0
SPY190522P282,2019-05-20,2019-05-20 09:46:59,1.03,0.8442,12,1.02,0.836,61,1.04,0.8524,52,1.025,0.8401,1692,0
SPY190522P282,2019-05-20,2019-05-20 09:47:00,1.03,0.8442,12,1.02,0.836,61,1.04,0.8524,52,1.025,0.8401,1692,0
SPY190522P282,2019-05-20,2019-05-20 09:47:02,1.06,0.8688,222,1.03,0.8442,557,1.03,0.8442,6,1.045,0.8565,1698,6
SPY190522P282,2019-05-20,2019-05-20 09:47:03,1.03,0.8442,70,1.02,0.836,89,1.03,0.8442,6,1.025,0.8401,1698,0
SPY190522P282,2019-05-20,2019-05-20 09:47:04,1.02,0.836,378,1.0,0.8196,84,1.02,0.836,4,1.01,0.8278,1704,6
SPY190522P282,2019-05-20,2019-05-20 09:47:05,1.02,0.836,413,1.0,0.8196,59,1.02,0.836,4,1.01,0.8278,1704,0
SPY190522P282,2019-05-20,2019-05-20 09:47:06,1.02,0.836,106,1.0,0.8196,45,1.02,0.836,4,1.01,0.8278,1704,0
SPY190522P282,2019-05-20,2019-05-20 09:47:07,1.02,0.836,453,1.01,0.8278,26,1.02,0.836,4,1.015,0.8319,1704,0
SPY190522P282,2019-05-20,2019-05-20 09:47:08,1.02,0.836,50,1.0,0.8196,471,1.02,0.836,1,1.01,0.8278,1705,1
SPY190522P282,2019-05-20,2019-05-20 09:47:10,1.02,0.836,150,1.0,0.8196,120,1.02,0.836,1,1.01,0.8278,1705,0
SPY190522P282,2019-05-20,2019-05-20 09:47:11,1.04,0.8524,291,1.01,0.8278,227,1.02,0.836,1,1.025,0.8401,1705,0
SPY190522P282,2019-05-20,2019-05-20 09:47:12,1.05,0.8606,50,1.03,0.8442,413,1.02,0.836,1,1.04,0.8524,1705,0
SPY190522P282,2019-05-20,2019-05-20 09:47:13,1.05,0.8606,224,1.03,0.8442,26,1.02,0.836,1,1.04,0.8524,1705,0
SPY190522P282,2019-05-20,2019-05-20 09:47:14,1.04,0.8524,169,1.03,0.8442,20,1.02,0.836,1,1.035,0.8483,1705,0
SPY190522P282,2019-05-20,2019-05-20 09:47:15,1.04,0.8524,224,1.02,0.836,150,1.02,0.836,1,1.03,0.8442,1705,0
SPY190522P282,2019-05-20,2019-05-20 09:47:17,1.04,0.8524,70,1.03,0.8442,67,1.02,0.836,1,1.035,0.8483,1705,0
SPY190522P282,2019-05-20,2019-05-20 09:47:18,1.05,0.8606,290,1.02,0.836,589,1.02,0.836,1,1.035,0.8483,1705,0
SPY190522P282,2019-05-20,2019-05-20 09:47:19,1.04,0.8524,42,1.03,0.8442,20,1.02,0.836,1,1.035,0.8483,1705,0
SPY190522P282,2019-05-20,2019-05-20 09:47:20,1.05,0.8606,127,1.03,0.8442,350,1.02,0.836,1,1.04,0.8524,1705,0
SPY190522P282,2019-05-20,2019-05-20 09:47:21,1.06,0.8688,690,1.04,0.8524,22,1.02,0.836,1,1.05,0.8606,1705,0
SPY190522P282,2019-05-20,2019-05-20 09:47:22,1.06,0.8688,833,1.04,0.8524,26,1.02,0.836,1,1.05,0.8606,1705,0
SPY190522P282,2019-05-20,2019-05-20 09:47:23,1.05,0.8606,263,1.03,0.8442,59,1.02,0.836,1,1.04,0.8524,1705,0
SPY190522P282,2019-05-20,2019-05-20 09:47:24,1.05,0.8606,189,1.03,0.8442,59,1.02,0.836,1,1.04,0.8524,1705,0
SPY190522P282,2019-05-20,2019-05-20 09:47:25,1.05,0.8606,637,1.04,0.8524,26,1.02,0.836,1,1.045,0.8565,1705,0
SPY190522P282,2019-05-20,2019-05-20 09:47:26,1.04,0.8524,51,1.03,0.8442,15,1.02,0.836,1,1.035,0.8483,1705,0
SPY190522P282,2019-05-20,2019-05-20 09:47:27,1.04,0.8524,2,1.03,0.8442,215,1.02,0.836,1,1.035,0.8483,1705,0
SPY190522P282,2019-05-20,2019-05-20 09:47:28,1.04,0.8524,2,1.03,0.8442,541,1.02,0.836,1,1.035,0.8483,1705,0
SPY190522P282,2019-05-20,2019-05-20 09:47:29,1.05,0.8606,1,1.04,0.8524,67,1.04,0.8524,2,1.045,0.8565,1707,2
SPY190522P282,2019-05-20,2019-05-20 09:47:30,1.05,0.8606,11,1.04,0.8524,20,1.04,0.8524,2,1.045,0.8565,1707,0
SPY190522P282,2019-05-20,2019-05-20 09:47:31,1.05,0.8606,1,1.04,0.8524,137,1.04,0.8524,2,1.045,0.8565,1707,0
SPY190522P282,2019-05-20,2019-05-20 09:47:32,1.05,0.8606,1,1.04,0.8524,137,1.04,0.8524,2,1.045,0.8565,1707,0
SPY190522P282,2019-05-20,2019-05-20 09:47:33,1.06,0.8688,10,1.05,0.8606,139,1.05,0.8606,1,1.055,0.8647,1708,1
SPY190522P282,2019-05-20,2019-05-20 09:47:34,1.06,0.8688,10,1.05,0.8606,211,1.05,0.8606,1,1.055,0.8647,1708,0
SPY190522P282,2019-05-20,2019-05-20 09:47:36,1.06,0.8688,10,1.05,0.8606,229,1.05,0.8606,1,1.055,0.8647,1708,0
SPY190522P282,2019-05-20,2019-05-20 09:47:38,1.06,0.8688,10,1.05,0.8606,559,1.05,0.8606,1,1.055,0.8647,1708,0
SPY190522P282,2019-05-20,2019-05-20 09:47:39,1.06,0.8688,10,1.05,0.8606,559,1.05,0.8606,1,1.055,0.8647,1708,0
SPY190522P282,2019-05-20,2019-05-20 09:47:40,1.08,0.8852,191,1.06,0.8688,84,1.06,0.8688,10,1.07,0.877,1718,10
SPY190522P282,2019-05-20,2019-05-20 09:47:42,1.08,0.8852,472,1.06,0.8688,119,1.06,0.8688,10,1.07,0.877,1718,0
SPY190522P282,2019-05-20,2019-05-20 09:47:43,1.08,0.8852,110,1.06,0.8688,511,1.06,0.8688,10,1.07,0.877,1718,0
SPY190522P282,2019-05-20,2019-05-20 09:47:44,1.08,0.8852,50,1.06,0.8688,489,1.06,0.8688,10,1.07,0.877,1718,0
SPY190522P282,2019-05-20,2019-05-20 09:47:45,1.08,0.8852,202,1.06,0.8688,110,1.08,0.8852,2,1.07,0.877,1720,2
SPY190522P282,2019-05-20,2019-05-20 09:47:47,1.07,0.877,109,1.06,0.8688,5,1.08,0.8852,2,1.065,0.8729,1720,0
SPY190522P282,2019-05-20,2019-05-20 09:47:48,1.07,0.877,177,1.06,0.8688,5,1.08,0.8852,2,1.065,0.8729,1720,0
SPY190522P282,2019-05-20,2019-05-20 09:47:49,1.06,0.8688,1,1.04,0.8524,453,1.06,0.8688,1,1.05,0.8606,1721,1
SPY190522P282,2019-05-20,2019-05-20 09:47:50,1.07,0.877,426,1.04,0.8524,494,1.06,0.8688,1,1.055,0.8647,1721,0
SPY190522P282,2019-05-20,2019-05-20 09:47:51,1.07,0.877,60,1.06,0.8688,1,1.06,0.8688,1,1.065,0.8729,1721,0
SPY190522P282,2019-05-20,2019-05-20 09:47:52,1.08,0.8852,430,1.06,0.8688,1,1.06,0.8688,1,1.07,0.877,1721,0
SPY190522P282,2019-05-20,2019-05-20 09:47:54,1.08,0.8852,430,1.06,0.8688,1,1.06,0.8688,1,1.07,0.877,1721,0
SPY190522P282,2019-05-20,2019-05-20 09:47:55,1.06,0.8688,1,1.04,0.8524,50,1.06,0.8688,1,1.05,0.8606,1722,1
SPY190522P282,2019-05-20,2019-05-20 09:47:56,1.08,0.8852,99,1.05,0.8606,400,1.06,0.8688,1,1.065,0.8729,1722,0
SPY190522P282,2019-05-20,2019-05-20 09:47:57,1.09,0.8934,110,1.06,0.8688,433,1.06,0.8688,1,1.075,0.8811,1722,0
SPY190522P282,2019-05-20,2019-05-20 09:47:58,1.1,0.9016,426,1.08,0.8852,60,1.06,0.8688,1,1.09,0.8934,1722,0
SPY190522P282,2019-05-20,2019-05-20 09:47:59,1.11,0.9098,290,1.09,0.8934,30,1.06,0.8688,1,1.1,0.9016,1722,0
SPY190522P282,2019-05-20,2019-05-20 09:48:00,1.11,0.9098,384,1.08,0.8852,601,1.06,0.8688,1,1.095,0.8975,1722,0
SPY190522P282,2019-05-20,2019-05-20 09:48:01,1.11,0.9098,151,1.09,0.8934,142,1.06,0.8688,1,1.1,0.9016,1722,0
SPY190522P282,2019-05-20,2019-05-20 09:48:02,1.11,0.9098,102,1.09,0.8934,110,1.11,0.9098,1,1.1,0.9016,1723,1
SPY190522P282,2019-05-20,2019-05-20 09:48:04,1.12,0.918,535,1.09,0.8934,696,1.11,0.9098,1,1.105,0.9057,1723,0
SPY190522P282,2019-05-20,2019-05-20 09:48:05,1.13,0.9262,525,1.1,0.9016,760,1.11,0.9098,1,1.115,0.9139,1723,0
SPY190522P282,2019-05-20,2019-05-20 09:48:06,1.13,0.9262,147,1.1,0.9016,983,1.11,0.9098,1,1.115,0.9139,1723,0
SPY190522P282,2019-05-20,2019-05-20 09:48:08,1.15,0.9426,427,1.12,0.918,501,1.11,0.9098,1,1.135,0.9303,1723,0
SPY190522P282,2019-05-20,2019-05-20 09:48:09,1.15,0.9426,423,1.12,0.918,765,1.11,0.9098,1,1.135,0.9303,1723,0
SPY190522P282,2019-05-20,2019-05-20 09:48:10,1.15,0.9426,693,1.12,0.918,765,1.11,0.9098,1,1.135,0.9303,1723,0
SPY190522P282,2019-05-20,2019-05-20 09:48:11,1.15,0.9426,438,1.12,0.918,492,1.11,0.9098,1,1.135,0.9303,1723,0
SPY190522P282,2019-05-20,2019-05-20 09:48:12,1.15,0.9426,99,1.13,0.9262,96,1.11,0.9098,1,1.14,0.9344,1723,0
SPY190522P282,2019-05-20,2019-05-20 09:48:13,1.14,0.9344,9,1.12,0.918,61,1.11,0.9098,1,1.13,0.9262,1723,0
SPY190522P282,2019-05-20,2019-05-20 09:48:14,1.14,0.9344,50,1.12,0.918,508,1.15,0.9426,10,1.13,0.9262,1733,10
SPY190522P282,2019-05-20,2019-05-20 09:48:16,1.14,0.9344,50,1.12,0.918,612,1.15,0.9426,10,1.13,0.9262,1733,0
SPY190522P282,2019-05-20,2019-05-20 09:48:17,1.15,0.9426,719,1.12,0.918,489,1.15,0.9426,10,1.135,0.9303,1733,0
SPY190522P282,2019-05-20,2019-05-20 09:48:18,1.15,0.9426,235,1.13,0.9262,141,1.15,0.9426,10,1.14,0.9344,1733,0
SPY190522P282,2019-05-20,2019-05-20 09:48:19,1.18,0.9672,111,1.16,0.9508,110,1.13,0.9262,1,1.17,0.959,1734,1
SPY190522P282,2019-05-20,2019-05-20 09:48:20,1.18,0.9672,111,1.16,0.9508,417,1.13,0.9262,1,1.17,0.959,1734,0
SPY190522P282,2019-05-20,2019-05-20 09:48:21,1.18,0.9672,347,1.15,0.9426,668,1.13,0.9262,1,1.165,0.9549,1734,0
SPY190522P282,2019-05-20,2019-05-20 09:48:23,1.19,0.9754,383,1.16,0.9508,140,1.17,0.959,1,1.175,0.9631,1735,1
SPY190522P282,2019-05-20,2019-05-20 09:48:24,1.18,0.9672,87,1.16,0.9508,139,1.17,0.959,1,1.17,0.959,1735,0
SPY190522P282,2019-05-20,2019-05-20 09:48:25,1.18,0.9672,102,1.16,0.9508,540,1.17,0.959,1,1.17,0.959,1735,0
SPY190522P282,2019-05-20,2019-05-20 09:48:26,1.18,0.9672,6,1.16,0.9508,762,1.17,0.959,1,1.17,0.959,1735,0
SPY190522P282,2019-05-20,2019-05-20 09:48:28,1.19,0.9754,151,1.17,0.959,2,1.17,0.959,1,1.18,0.9672,1735,0
SPY190522P282,2019-05-20,2019-05-20 09:48:29,1.19,0.9754,887,1.17,0.959,2,1.17,0.959,1,1.18,0.9672,1735,0
SPY190522P282,2019-05-20,2019-05-20 09:48:30,1.19,0.9754,478,1.17,0.959,3,1.17,0.959,1,1.18,0.9672,1735,0
SPY190522P282,2019-05-20,2019-05-20 09:48:31,1.19,0.9754,201,1.17,0.959,70,1.17,0.959,1,1.18,0.9672,1735,0
SPY190522P282,2019-05-20,2019-05-20 09:48:32,1.19,0.9754,350,1.17,0.959,2,1.17,0.959,1,1.18,0.9672,1735,0
SPY190522P282,2019-05-20,2019-05-20 09:48:33,1.19,0.9754,268,1.17,0.959,150,1.17,0.959,1,1.18,0.9672,1735,0
SPY190522P282,2019-05-20,2019-05-20 09:48:34,1.19,0.9754,110,1.17,0.959,50,1.17,0.959,1,1.18,0.9672,1735,0
SPY190522P282,2019-05-20,2019-05-20 09:48:35,1.19,0.9754,146,1.17,0.959,8,1.17,0.959,1,1.18,0.9672,1735,0
SPY190522P282,2019-05-20,2019-05-20 09:48:37,1.19,0.9754,110,1.17,0.959,139,1.17,0.959,1,1.18,0.9672,1735,0
SPY190522P282,2019-05-20,2019-05-20 09:48:38,1.19,0.9754,110,1.17,0.959,144,1.17,0.959,1,1.18,0.9672,1736,1
SPY190522P282,2019-05-20,2019-05-20 09:48:39,1.18,0.9672,6,1.17,0.959,2,1.17,0.959,1,1.175,0.9631,1736,0
SPY190522P282,2019-05-20,2019-05-20 09:48:41,1.18,0.9672,50,1.17,0.959,2,1.17,0.959,1,1.175,0.9631,1736,0
SPY190522P282,2019-05-20,2019-05-20 09:48:42,1.2,0.9836,290,1.18,0.9672,400,1.17,0.959,1,1.19,0.9754,1736,0
SPY190522P282,2019-05-20,2019-05-20 09:48:44,1.2,0.9836,628,1.17,0.959,1023,1.17,0.959,1,1.185,0.9713,1736,0
SPY190522P282,2019-05-20,2019-05-20 09:48:45,1.19,0.9754,78,1.17,0.959,110,1.17,0.959,1,1.18,0.9672,1736,0
SPY190522P282,2019-05-20,2019-05-20 09:48:46,1.19,0.9754,490,1.15,0.9426,317,1.17,0.959,2,1.17,0.959,1738,2
SPY190522P282,2019-05-20,2019-05-20 09:48:47,1.19,0.9754,110,1.16,0.9508,551,1.17,0.959,2,1.175,0.9631,1738,0
SPY190522P282,2019-05-20,2019-05-20 09:48:48,1.19,0.9754,50,1.16,0.9508,1068,1.17,0.959,2,1.175,0.9631,1738,0
SPY190522P282,2019-05-20,2019-05-20 09:48:50,1.19,0.9754,51,1.17,0.959,500,1.17,0.959,2,1.18,0.9672,1738,0
SPY190522P282,2019-05-20,2019-05-20 09:48:51,1.2,0.9836,715,1.17,0.959,201,1.17,0.959,2,1.185,0.9713,1738,0
SPY190522P282,2019-05-20,2019-05-20 09:48:52,1.19,0.9754,110,1.17,0.959,139,1.17,0.959,2,1.18,0.9672,1738,0
SPY190522P282,2019-05-20,2019-05-20 09:48:53,1.19,0.9754,588,1.17,0.959,139,1.17,0.959,2,1.18,0.9672,1738,0
SPY190522P282,2019-05-20,2019-05-20 09:48:54,1.19,0.9754,720,1.16,0.9508,259,1.17,0.959,2,1.175,0.9631,1738,0
SPY190522P282,2019-05-20,2019-05-20 09:48:55,1.19,0.9754,720,1.16,0.9508,116,1.17,0.959,2,1.175,0.9631,1738,0
SPY190522P282,2019-05-20,2019-05-20 09:48:56,1.17,0.959,150,1.15,0.9426,48,1.17,0.959,2,1.16,0.9508,1738,0
SPY190522P282,2019-05-20,2019-05-20 09:48:57,1.17,0.959,725,1.15,0.9426,32,1.17,0.959,2,1.16,0.9508,1738,0
SPY190522P282,2019-05-20,2019-05-20 09:48:59,1.16,0.9508,653,1.13,0.9262,863,1.17,0.959,2,1.145,0.9385,1738,0
SPY190522P282,2019-05-20,2019-05-20 09:49:00,1.14,0.9344,50,1.12,0.918,146,1.17,0.959,2,1.13,0.9262,1738,0
SPY190522P282,2019-05-20,2019-05-20 09:49:00,1.14,0.9344,110,1.12,0.918,555,1.17,0.959,2,1.13,0.9262,1738,0
SPY190522P282,2019-05-20,2019-05-20 09:49:02,1.16,0.9508,131,1.13,0.9262,72,1.17,0.959,2,1.145,0.9385,1738,0
SPY190522P282,2019-05-20,2019-05-20 09:49:03,1.16,0.9508,206,1.14,0.9344,141,1.17,0.959,2,1.15,0.9426,1738,0
SPY190522P282,2019-05-20,2019-05-20 09:49:04,1.17,0.959,143,1.14,0.9344,888,1.17,0.959,2,1.155,0.9467,1738,0
SPY190522P282,2019-05-20,2019-05-20 09:49:05,1.17,0.959,110,1.15,0.9426,541,1.17,0.959,2,1.16,0.9508,1738,0
SPY190522P282,2019-05-20,2019-05-20 09:49:06,1.2,0.9836,70,1.17,0.959,432,1.17,0.959,2,1.185,0.9713,1738,0
SPY190522P282,2019-05-20,2019-05-20 09:49:07,1.2,0.9836,97,1.17,0.959,204,1.17,0.959,2,1.185,0.9713,1738,0
SPY190522P282,2019-05-20,2019-05-20 09:49:08,1.2,0.9836,206,1.17,0.959,584,1.17,0.959,2,1.185,0.9713,1738,0
SPY190522P282,2019-05-20,2019-05-20 09:49:09,1.2,0.9836,599,1.17,0.959,594,1.17,0.959,2,1.185,0.9713,1738,0
SPY190522P282,2019-05-20,2019-05-20 09:49:10,1.21,0.9918,106,1.18,0.9672,139,1.17,0.959,2,1.195,0.9795,1738,0
SPY190522P282,2019-05-20,2019-05-20 09:49:11,1.2,0.9836,110,1.18,0.9672,141,1.17,0.959,2,1.19,0.9754,1738,0
SPY190522P282,2019-05-20,2019-05-20 09:49:12,1.2,0.9836,301,1.17,0.959,517,1.17,0.959,2,1.185,0.9713,1738,0
SPY190522P282,2019-05-20,2019-05-20 09:49:13,1.21,0.9918,130,1.18,0.9672,545,1.17,0.959,2,1.195,0.9795,1738,0
SPY190522P282,2019-05-20,2019-05-20 09:49:14,1.21,0.9918,130,1.18,0.9672,545,1.17,0.959,2,1.195,0.9795,1738,0
SPY190522P282,2019-05-20,2019-05-20 09:49:15,1.2,0.9836,51,1.19,0.9754,92,1.17,0.959,2,1.195,0.9795,1738,0
SPY190522P282,2019-05-20,2019-05-20 09:49:16,1.22,1.0,568,1.18,0.9672,50,1.17,0.959,2,1.2,0.9836,1738,0
SPY190522P282,2019-05-20,2019-05-20 09:49:17,1.2,0.9836,51,1.18,0.9672,290,1.17,0.959,2,1.19,0.9754,1738,0
SPY190522P282,2019-05-20,2019-05-20 09:49:18,1.21,0.9918,206,1.19,0.9754,110,1.17,0.959,2,1.2,0.9836,1738,0
SPY190522P282,2019-05-20,2019-05-20 09:49:19,1.21,0.9918,206,1.19,0.9754,95,1.17,0.959,2,1.2,0.9836,1738,0
SPY190522P282,2019-05-20,2019-05-20 09:49:20,1.22,1.0,658,1.19,0.9754,658,1.17,0.959,2,1.205,0.9877,1738,0
SPY190522P282,2019-05-20,2019-05-20 09:49:21,1.21,0.9918,110,1.19,0.9754,50,1.17,0.959,2,1.2,0.9836,1738,0
SPY190522P282,2019-05-20,2019-05-20 09:49:22,1.21,0.9918,925,1.17,0.959,400,1.17,0.959,2,1.19,0.9754,1738,0
SPY190522P282,2019-05-20,2019-05-20 09:49:23,1.2,0.9836,595,1.17,0.959,858,1.17,0.959,2,1.185,0.9713,1738,0
SPY190522P282,2019-05-20,2019-05-20 09:49:24,1.2,0.9836,479,1.17,0.959,199,1.17,0.959,2,1.185,0.9713,1738,0
SPY190522P282,2019-05-20,2019-05-20 09:49:25,1.18,0.9672,442,1.15,0.9426,150,1.17,0.959,2,1.165,0.9549,1738,0
SPY190522P282,2019-05-20,2019-05-20 09:49:26,1.17,0.959,110,1.15,0.9426,181,1.17,0.959,2,1.16,0.9508,1738,0
SPY190522P282,2019-05-20,2019-05-20 09:49:28,1.18,0.9672,725,1.15,0.9426,449,1.17,0.959,2,1.165,0.9549,1738,0
SPY190522P282,2019-05-20,2019-05-20 09:49:29,1.19,0.9754,100,1.16,0.9508,881,1.17,0.959,2,1.175,0.9631,1738,0
SPY190522P282,2019-05-20,2019-05-20 09:49:30,1.19,0.9754,677,1.17,0.959,50,1.17,0.959,2,1.18,0.9672,1738,0
SPY190522P282,2019-05-20,2019-05-20 09:49:31,1.18,0.9672,367,1.16,0.9508,200,1.17,0.959,2,1.17,0.959,1738,0
SPY190522P282,2019-05-20,2019-05-20 09:49:32,1.19,0.9754,435,1.16,0.9508,558,1.17,0.959,2,1.175,0.9631,1738,0
SPY190522P282,2019-05-20,2019-05-20 09:49:33,1.17,0.959,340,1.13,0.9262,10,1.17,0.959,2,1.15,0.9426,1738,0
SPY190522P282,2019-05-20,2019-05-20 09:49:34,1.17,0.959,676,1.14,0.9344,111,1.17,0.959,2,1.155,0.9467,1738,0
SPY190522P282,2019-05-20,2019-05-20 09:49:35,1.16,0.9508,302,1.14,0.9344,410,1.17,0.959,2,1.15,0.9426,1738,0
SPY190522P282,2019-05-20,2019-05-20 09:49:36,1.18,0.9672,637,1.15,0.9426,762,1.17,0.959,2,1.165,0.9549,1738,0
SPY190522P282,2019-05-20,2019-05-20 09:49:37,1.17,0.959,411,1.15,0.9426,77,1.17,0.959,2,1.16,0.9508,1738,0
SPY190522P282,2019-05-20,2019-05-20 09:49:38,1.17,0.959,517,1.15,0.9426,64,1.17,0.959,2,1.16,0.9508,1738,0
SPY190522P282,2019-05-20,2019-05-20 09:49:39,1.17,0.959,512,1.15,0.9426,64,1.17,0.959,2,1.16,0.9508,1738,0
