symbol,Date,quote_time,ask_price,norm_ask_price,ask_size,bid_price,norm_bid_price,bid_size,last_trade_price,norm_last_trade_price,last_trade_size,mark_price,norm_mark_price,volume,Volume
IWM190920C156,2019-09-18,2019-09-18 09:30:02,2.27,1.0,17,2.08,0.9162,17,2.11,0.9295,5,2.175,0.9581,0,0
IWM190920C156,2019-09-18,2019-09-18 09:30:02,2.26,0.9955,22,2.08,0.9162,17,2.11,0.9295,5,2.17,0.9559,0,0
IWM190920C156,2019-09-18,2019-09-18 09:30:03,2.26,0.9955,22,2.08,0.9162,28,2.11,0.9295,5,2.17,0.9559,0,0
IWM190920C156,2019-09-18,2019-09-18 09:30:03,2.26,0.9955,22,2.08,0.9162,17,2.11,0.9295,5,2.17,0.9559,0,0
IWM190920C156,2019-09-18,2019-09-18 09:30:04,2.28,1.0044,22,2.1,0.9251,17,2.11,0.9295,5,2.19,0.9647,0,0
IWM190920C156,2019-09-18,2019-09-18 09:30:05,2.25,0.9911,160,2.13,0.9383,160,2.11,0.9295,5,2.19,0.9647,0,0
IWM190920C156,2019-09-18,2019-09-18 09:30:06,2.25,0.9911,160,2.13,0.9383,160,2.11,0.9295,5,2.19,0.9647,0,0
IWM190920C156,2019-09-18,2019-09-18 09:30:07,2.24,0.9867,160,2.12,0.9339,160,2.11,0.9295,5,2.18,0.9603,0,0
IWM190920C156,2019-09-18,2019-09-18 09:30:08,2.24,0.9867,160,2.12,0.9339,160,2.11,0.9295,5,2.18,0.9603,0,0
IWM190920C156,2019-09-18,2019-09-18 09:30:09,2.23,0.9823,128,2.12,0.9339,160,2.11,0.9295,5,2.175,0.9581,0,0
IWM190920C156,2019-09-18,2019-09-18 09:30:09,2.23,0.9823,227,2.12,0.9339,160,2.11,0.9295,5,2.175,0.9581,0,0
IWM190920C156,2019-09-18,2019-09-18 09:30:10,2.23,0.9823,177,2.14,0.9427,179,2.11,0.9295,5,2.185,0.9625,0,0
IWM190920C156,2019-09-18,2019-09-18 09:30:11,2.23,0.9823,177,2.14,0.9427,1,2.11,0.9295,5,2.185,0.9625,0,0
IWM190920C156,2019-09-18,2019-09-18 09:30:11,2.23,0.9823,177,2.13,0.9383,128,2.11,0.9295,5,2.18,0.9603,0,0
IWM190920C156,2019-09-18,2019-09-18 09:30:12,2.23,0.9823,177,2.13,0.9383,128,2.11,0.9295,5,2.18,0.9603,0,0
IWM190920C156,2019-09-18,2019-09-18 09:30:12,2.23,0.9823,172,2.13,0.9383,128,2.11,0.9295,5,2.18,0.9603,0,0
IWM190920C156,2019-09-18,2019-09-18 09:30:13,2.24,0.9867,172,2.14,0.9427,168,2.11,0.9295,5,2.19,0.9647,0,0
IWM190920C156,2019-09-18,2019-09-18 09:30:13,2.23,0.9823,10,2.15,0.9471,166,2.11,0.9295,5,2.19,0.9647,0,0
IWM190920C156,2019-09-18,2019-09-18 09:30:14,2.23,0.9823,112,2.15,0.9471,12,2.11,0.9295,5,2.19,0.9647,0,0
IWM190920C156,2019-09-18,2019-09-18 09:30:14,2.23,0.9823,112,2.15,0.9471,20,2.11,0.9295,5,2.19,0.9647,0,0
IWM190920C156,2019-09-18,2019-09-18 09:30:15,2.23,0.9823,66,2.15,0.9471,170,2.11,0.9295,5,2.19,0.9647,0,0
IWM190920C156,2019-09-18,2019-09-18 09:30:15,2.21,0.9735,136,2.13,0.9383,24,2.11,0.9295,5,2.17,0.9559,0,0
IWM190920C156,2019-09-18,2019-09-18 09:30:16,2.24,0.9867,182,2.15,0.9471,171,2.11,0.9295,5,2.195,0.9669,0,0
IWM190920C156,2019-09-18,2019-09-18 09:30:16,2.24,0.9867,177,2.15,0.9471,137,2.11,0.9295,5,2.195,0.9669,0,0
IWM190920C156,2019-09-18,2019-09-18 09:30:17,2.24,0.9867,177,2.15,0.9471,137,2.11,0.9295,5,2.195,0.9669,0,0
IWM190920C156,2019-09-18,2019-09-18 09:30:17,2.23,0.9823,197,2.14,0.9427,139,2.11,0.9295,5,2.185,0.9625,0,0
IWM190920C156,2019-09-18,2019-09-18 09:30:18,2.21,0.9735,132,2.13,0.9383,161,2.11,0.9295,5,2.17,0.9559,0,0
IWM190920C156,2019-09-18,2019-09-18 09:30:18,2.21,0.9735,155,2.12,0.9339,187,2.11,0.9295,5,2.165,0.9537,0,0
IWM190920C156,2019-09-18,2019-09-18 09:30:19,2.21,0.9735,156,2.12,0.9339,187,2.11,0.9295,5,2.165,0.9537,0,0
IWM190920C156,2019-09-18,2019-09-18 09:30:20,2.21,0.9735,156,2.12,0.9339,129,2.11,0.9295,5,2.165,0.9537,0,0
IWM190920C156,2019-09-18,2019-09-18 09:30:20,2.21,0.9735,156,2.12,0.9339,191,2.11,0.9295,5,2.165,0.9537,0,0
IWM190920C156,2019-09-18,2019-09-18 09:30:21,2.19,0.9647,119,2.11,0.9295,119,2.11,0.9295,5,2.15,0.9471,0,0
IWM190920C156,2019-09-18,2019-09-18 09:30:21,2.2,0.9691,154,2.11,0.9295,252,2.11,0.9295,5,2.155,0.9493,0,0
IWM190920C156,2019-09-18,2019-09-18 09:30:22,2.2,0.9691,1,2.11,0.9295,145,2.11,0.9295,5,2.155,0.9493,0,0
IWM190920C156,2019-09-18,2019-09-18 09:30:22,2.19,0.9647,16,2.11,0.9295,126,2.11,0.9295,5,2.15,0.9471,0,0
IWM190920C156,2019-09-18,2019-09-18 09:30:23,2.19,0.9647,168,2.1,0.9251,181,2.11,0.9295,5,2.145,0.9449,0,0
IWM190920C156,2019-09-18,2019-09-18 09:30:23,2.18,0.9603,32,2.09,0.9207,14,2.11,0.9295,5,2.135,0.9405,0,0
IWM190920C156,2019-09-18,2019-09-18 09:30:24,2.16,0.9515,21,2.09,0.9207,19,2.11,0.9295,5,2.125,0.9361,0,0
IWM190920C156,2019-09-18,2019-09-18 09:30:25,2.15,0.9471,19,2.08,0.9162,40,2.11,0.9295,5,2.115,0.9317,0,0
IWM190920C156,2019-09-18,2019-09-18 09:30:25,2.15,0.9471,19,2.08,0.9162,26,2.11,0.9295,5,2.115,0.9317,0,0
IWM190920C156,2019-09-18,2019-09-18 09:30:26,2.14,0.9427,22,2.07,0.9118,24,2.11,0.9295,5,2.105,0.9273,0,0
IWM190920C156,2019-09-18,2019-09-18 09:30:27,2.16,0.9515,19,2.09,0.9207,19,2.11,0.9295,5,2.125,0.9361,0,0
IWM190920C156,2019-09-18,2019-09-18 09:30:27,2.14,0.9427,50,2.07,0.9118,24,2.11,0.9295,5,2.105,0.9273,0,0
IWM190920C156,2019-09-18,2019-09-18 09:30:28,2.17,0.9559,60,2.11,0.9295,19,2.11,0.9295,5,2.14,0.9427,0,0
IWM190920C156,2019-09-18,2019-09-18 09:30:28,2.18,0.9603,19,2.09,0.9207,19,2.11,0.9295,5,2.135,0.9405,0,0
IWM190920C156,2019-09-18,2019-09-18 09:30:29,2.17,0.9559,19,2.11,0.9295,19,2.11,0.9295,5,2.14,0.9427,0,0
IWM190920C156,2019-09-18,2019-09-18 09:30:30,2.18,0.9603,19,2.12,0.9339,19,2.11,0.9295,5,2.15,0.9471,0,0
IWM190920C156,2019-09-18,2019-09-18 09:30:30,2.17,0.9559,50,2.11,0.9295,24,2.11,0.9295,5,2.14,0.9427,0,0
IWM190920C156,2019-09-18,2019-09-18 09:30:31,2.18,0.9603,86,2.12,0.9339,24,2.11,0.9295,5,2.15,0.9471,0,0
IWM190920C156,2019-09-18,2019-09-18 09:30:31,2.18,0.9603,25,2.12,0.9339,24,2.11,0.9295,5,2.15,0.9471,0,0
IWM190920C156,2019-09-18,2019-09-18 09:30:32,2.18,0.9603,86,2.12,0.9339,24,2.11,0.9295,5,2.15,0.9471,0,0
IWM190920C156,2019-09-18,2019-09-18 09:30:33,2.18,0.9603,86,2.12,0.9339,10,2.11,0.9295,5,2.15,0.9471,0,0
IWM190920C156,2019-09-18,2019-09-18 09:30:33,2.18,0.9603,86,2.12,0.9339,24,2.11,0.9295,5,2.15,0.9471,0,0
IWM190920C156,2019-09-18,2019-09-18 09:30:34,2.18,0.9603,101,2.12,0.9339,19,2.11,0.9295,5,2.15,0.9471,0,0
IWM190920C156,2019-09-18,2019-09-18 09:30:34,2.18,0.9603,101,2.12,0.9339,10,2.11,0.9295,5,2.15,0.9471,0,0
IWM190920C156,2019-09-18,2019-09-18 09:30:35,2.18,0.9603,101,2.12,0.9339,24,2.11,0.9295,5,2.15,0.9471,0,0
IWM190920C156,2019-09-18,2019-09-18 09:30:35,2.17,0.9559,19,2.11,0.9295,25,2.11,0.9295,5,2.14,0.9427,0,0
IWM190920C156,2019-09-18,2019-09-18 09:30:36,2.17,0.9559,19,2.11,0.9295,25,2.11,0.9295,5,2.14,0.9427,0,0
IWM190920C156,2019-09-18,2019-09-18 09:30:37,2.17,0.9559,19,2.11,0.9295,25,2.11,0.9295,5,2.14,0.9427,0,0
IWM190920C156,2019-09-18,2019-09-18 09:30:38,2.17,0.9559,19,2.11,0.9295,25,2.11,0.9295,5,2.14,0.9427,0,0
IWM190920C156,2019-09-18,2019-09-18 09:30:39,2.17,0.9559,19,2.11,0.9295,25,2.11,0.9295,5,2.14,0.9427,0,0
IWM190920C156,2019-09-18,2019-09-18 09:30:40,2.17,0.9559,19,2.11,0.9295,25,2.11,0.9295,5,2.14,0.9427,0,0
IWM190920C156,2019-09-18,2019-09-18 09:30:41,2.17,0.9559,19,2.11,0.9295,25,2.11,0.9295,5,2.14,0.9427,0,0
IWM190920C156,2019-09-18,2019-09-18 09:30:42,2.17,0.9559,19,2.11,0.9295,25,2.11,0.9295,5,2.14,0.9427,0,0
IWM190920C156,2019-09-18,2019-09-18 09:30:43,2.16,0.9515,101,2.11,0.9295,25,2.11,0.9295,5,2.135,0.9405,0,0
IWM190920C156,2019-09-18,2019-09-18 09:30:43,2.16,0.9515,19,2.11,0.9295,25,2.11,0.9295,5,2.135,0.9405,0,0
IWM190920C156,2019-09-18,2019-09-18 09:30:44,2.16,0.9515,19,2.11,0.9295,25,2.11,0.9295,5,2.135,0.9405,0,0
IWM190920C156,2019-09-18,2019-09-18 09:30:45,2.16,0.9515,91,2.11,0.9295,25,2.11,0.9295,5,2.135,0.9405,0,0
IWM190920C156,2019-09-18,2019-09-18 09:30:45,2.16,0.9515,101,2.11,0.9295,25,2.11,0.9295,5,2.135,0.9405,0,0
IWM190920C156,2019-09-18,2019-09-18 09:30:46,2.16,0.9515,19,2.11,0.9295,25,2.11,0.9295,5,2.135,0.9405,0,0
IWM190920C156,2019-09-18,2019-09-18 09:30:46,2.16,0.9515,36,2.11,0.9295,25,2.11,0.9295,5,2.135,0.9405,0,0
IWM190920C156,2019-09-18,2019-09-18 09:30:47,2.16,0.9515,65,2.11,0.9295,24,2.11,0.9295,5,2.135,0.9405,0,0
IWM190920C156,2019-09-18,2019-09-18 09:30:47,2.16,0.9515,86,2.11,0.9295,24,2.11,0.9295,5,2.135,0.9405,0,0
IWM190920C156,2019-09-18,2019-09-18 09:30:48,2.16,0.9515,86,2.11,0.9295,24,2.11,0.9295,5,2.135,0.9405,0,0
IWM190920C156,2019-09-18,2019-09-18 09:30:49,2.16,0.9515,86,2.11,0.9295,24,2.11,0.9295,5,2.135,0.9405,0,0
IWM190920C156,2019-09-18,2019-09-18 09:30:50,2.18,0.9603,60,2.12,0.9339,28,2.11,0.9295,5,2.15,0.9471,0,0
IWM190920C156,2019-09-18,2019-09-18 09:30:50,2.17,0.9559,19,2.12,0.9339,27,2.11,0.9295,5,2.145,0.9449,0,0
IWM190920C156,2019-09-18,2019-09-18 09:30:51,2.17,0.9559,19,2.11,0.9295,29,2.11,0.9295,5,2.14,0.9427,0,0
IWM190920C156,2019-09-18,2019-09-18 09:30:51,2.17,0.9559,19,2.11,0.9295,148,2.11,0.9295,5,2.14,0.9427,0,0
IWM190920C156,2019-09-18,2019-09-18 09:30:52,2.17,0.9559,60,2.11,0.9295,49,2.11,0.9295,5,2.14,0.9427,0,0
IWM190920C156,2019-09-18,2019-09-18 09:30:52,2.16,0.9515,20,2.11,0.9295,59,2.11,0.9295,5,2.135,0.9405,0,0
IWM190920C156,2019-09-18,2019-09-18 09:30:53,2.14,0.9427,120,2.1,0.9251,28,2.11,0.9295,5,2.12,0.9339,0,0
IWM190920C156,2019-09-18,2019-09-18 09:30:53,2.16,0.9515,35,2.1,0.9251,28,2.11,0.9295,5,2.13,0.9383,0,0
IWM190920C156,2019-09-18,2019-09-18 09:30:54,2.14,0.9427,19,2.09,0.9207,42,2.11,0.9295,5,2.115,0.9317,0,0
IWM190920C156,2019-09-18,2019-09-18 09:30:54,2.14,0.9427,19,2.09,0.9207,21,2.11,0.9295,5,2.115,0.9317,0,0
IWM190920C156,2019-09-18,2019-09-18 09:30:55,2.16,0.9515,70,2.1,0.9251,41,2.11,0.9295,5,2.13,0.9383,0,0
IWM190920C156,2019-09-18,2019-09-18 09:30:56,2.15,0.9471,91,2.1,0.9251,31,2.11,0.9295,5,2.125,0.9361,0,0
IWM190920C156,2019-09-18,2019-09-18 09:30:56,2.16,0.9515,101,2.1,0.9251,51,2.11,0.9295,5,2.13,0.9383,0,0
IWM190920C156,2019-09-18,2019-09-18 09:30:57,2.15,0.9471,91,2.1,0.9251,26,2.11,0.9295,5,2.125,0.9361,0,0
IWM190920C156,2019-09-18,2019-09-18 09:30:57,2.15,0.9471,19,2.1,0.9251,22,2.11,0.9295,5,2.125,0.9361,0,0
IWM190920C156,2019-09-18,2019-09-18 09:30:58,2.14,0.9427,19,2.08,0.9162,32,2.11,0.9295,5,2.11,0.9295,0,0
IWM190920C156,2019-09-18,2019-09-18 09:30:58,2.15,0.9471,75,2.09,0.9207,31,2.11,0.9295,5,2.12,0.9339,0,0
IWM190920C156,2019-09-18,2019-09-18 09:30:59,2.14,0.9427,41,2.08,0.9162,32,2.11,0.9295,5,2.11,0.9295,0,0
IWM190920C156,2019-09-18,2019-09-18 09:30:59,2.12,0.9339,35,2.07,0.9118,31,2.11,0.9295,5,2.095,0.9229,0,0
IWM190920C156,2019-09-18,2019-09-18 09:31:00,2.11,0.9295,139,2.05,0.903,152,2.11,0.9295,5,2.08,0.9162,0,0
IWM190920C156,2019-09-18,2019-09-18 09:31:00,2.08,0.9162,19,2.03,0.8942,31,2.11,0.9295,5,2.055,0.9052,0,0
IWM190920C156,2019-09-18,2019-09-18 09:31:01,2.09,0.9207,19,2.03,0.8942,6,2.11,0.9295,5,2.06,0.9074,0,0
IWM190920C156,2019-09-18,2019-09-18 09:31:01,2.08,0.9162,19,2.03,0.8942,31,2.11,0.9295,5,2.055,0.9052,0,0
IWM190920C156,2019-09-18,2019-09-18 09:31:02,2.08,0.9162,19,2.02,0.8898,151,2.11,0.9295,5,2.05,0.903,0,0
IWM190920C156,2019-09-18,2019-09-18 09:31:03,2.08,0.9162,19,2.02,0.8898,151,2.11,0.9295,5,2.05,0.903,0,0
IWM190920C156,2019-09-18,2019-09-18 09:31:03,2.08,0.9162,101,2.02,0.8898,151,2.11,0.9295,5,2.05,0.903,0,0
IWM190920C156,2019-09-18,2019-09-18 09:31:04,2.09,0.9207,19,2.03,0.8942,27,2.11,0.9295,5,2.06,0.9074,0,0
IWM190920C156,2019-09-18,2019-09-18 09:31:04,2.08,0.9162,25,2.03,0.8942,27,2.11,0.9295,5,2.055,0.9052,0,0
IWM190920C156,2019-09-18,2019-09-18 09:31:05,2.08,0.9162,19,2.02,0.8898,69,2.11,0.9295,5,2.05,0.903,0,0
IWM190920C156,2019-09-18,2019-09-18 09:31:05,2.07,0.9118,25,2.02,0.8898,69,2.11,0.9295,5,2.045,0.9008,0,0
IWM190920C156,2019-09-18,2019-09-18 09:31:06,2.07,0.9118,41,2.02,0.8898,69,2.11,0.9295,5,2.045,0.9008,0,0
IWM190920C156,2019-09-18,2019-09-18 09:31:06,2.06,0.9074,50,1.99,0.8766,138,2.02,0.8898,1,2.025,0.892,1,1
IWM190920C156,2019-09-18,2019-09-18 09:31:07,2.06,0.9074,19,2.0,0.881,21,2.02,0.8898,1,2.03,0.8942,1,0
IWM190920C156,2019-09-18,2019-09-18 09:31:07,2.06,0.9074,50,1.99,0.8766,138,2.02,0.8898,1,2.025,0.892,1,0
IWM190920C156,2019-09-18,2019-09-18 09:31:08,2.05,0.903,25,1.98,0.8722,251,2.02,0.8898,1,2.015,0.8876,1,0
IWM190920C156,2019-09-18,2019-09-18 09:31:08,2.05,0.903,25,1.98,0.8722,241,2.02,0.8898,1,2.015,0.8876,1,0
IWM190920C156,2019-09-18,2019-09-18 09:31:09,2.05,0.903,101,1.98,0.8722,251,2.02,0.8898,1,2.015,0.8876,1,0
IWM190920C156,2019-09-18,2019-09-18 09:31:09,2.05,0.903,101,1.98,0.8722,24,2.02,0.8898,1,2.015,0.8876,1,0
IWM190920C156,2019-09-18,2019-09-18 09:31:10,2.04,0.8986,19,1.98,0.8722,39,2.02,0.8898,1,2.01,0.8854,1,0
IWM190920C156,2019-09-18,2019-09-18 09:31:11,2.05,0.903,19,1.98,0.8722,134,2.02,0.8898,1,2.015,0.8876,1,0
IWM190920C156,2019-09-18,2019-09-18 09:31:11,2.05,0.903,25,1.98,0.8722,134,2.02,0.8898,1,2.015,0.8876,1,0
IWM190920C156,2019-09-18,2019-09-18 09:31:12,2.05,0.903,106,1.98,0.8722,134,2.02,0.8898,1,2.015,0.8876,1,0
IWM190920C156,2019-09-18,2019-09-18 09:31:13,2.05,0.903,116,1.99,0.8766,24,2.02,0.8898,1,2.02,0.8898,1,0
IWM190920C156,2019-09-18,2019-09-18 09:31:13,2.04,0.8986,19,1.98,0.8722,7,2.02,0.8898,1,2.01,0.8854,1,0
IWM190920C156,2019-09-18,2019-09-18 09:31:14,2.03,0.8942,19,1.97,0.8678,142,2.02,0.8898,1,2.0,0.881,1,0
IWM190920C156,2019-09-18,2019-09-18 09:31:14,2.03,0.8942,19,1.99,0.8766,42,2.02,0.8898,1,2.01,0.8854,1,0
IWM190920C156,2019-09-18,2019-09-18 09:31:15,2.06,0.9074,19,2.0,0.881,35,2.02,0.8898,1,2.03,0.8942,1,0
IWM190920C156,2019-09-18,2019-09-18 09:31:15,2.06,0.9074,19,2.0,0.881,22,2.02,0.8898,1,2.03,0.8942,1,0
IWM190920C156,2019-09-18,2019-09-18 09:31:16,2.06,0.9074,20,2.0,0.881,133,2.02,0.8898,1,2.03,0.8942,1,0
IWM190920C156,2019-09-18,2019-09-18 09:31:16,2.06,0.9074,20,2.0,0.881,35,2.02,0.8898,1,2.03,0.8942,1,0
IWM190920C156,2019-09-18,2019-09-18 09:31:17,2.04,0.8986,101,1.97,0.8678,138,2.02,0.8898,1,2.005,0.8832,1,0
IWM190920C156,2019-09-18,2019-09-18 09:31:17,2.04,0.8986,101,1.98,0.8722,6,2.02,0.8898,1,2.01,0.8854,1,0
IWM190920C156,2019-09-18,2019-09-18 09:31:18,2.03,0.8942,19,1.98,0.8722,22,2.02,0.8898,1,2.005,0.8832,1,0
IWM190920C156,2019-09-18,2019-09-18 09:31:18,2.04,0.8986,20,1.97,0.8678,138,2.02,0.8898,1,2.005,0.8832,1,0
IWM190920C156,2019-09-18,2019-09-18 09:31:19,2.04,0.8986,25,1.98,0.8722,23,2.02,0.8898,1,2.01,0.8854,1,0
IWM190920C156,2019-09-18,2019-09-18 09:31:19,2.04,0.8986,31,1.98,0.8722,23,2.02,0.8898,1,2.01,0.8854,1,0
IWM190920C156,2019-09-18,2019-09-18 09:31:20,2.04,0.8986,31,1.98,0.8722,55,2.02,0.8898,1,2.01,0.8854,1,0
IWM190920C156,2019-09-18,2019-09-18 09:31:20,2.06,0.9074,19,2.0,0.881,40,2.02,0.8898,1,2.03,0.8942,1,0
IWM190920C156,2019-09-18,2019-09-18 09:31:21,2.07,0.9118,19,2.01,0.8854,27,2.02,0.8898,1,2.04,0.8986,1,0
IWM190920C156,2019-09-18,2019-09-18 09:31:21,2.06,0.9074,19,2.0,0.881,112,2.02,0.8898,1,2.03,0.8942,1,0
IWM190920C156,2019-09-18,2019-09-18 09:31:22,2.07,0.9118,19,2.01,0.8854,27,2.02,0.8898,1,2.04,0.8986,1,0
IWM190920C156,2019-09-18,2019-09-18 09:31:23,2.08,0.9162,19,2.01,0.8854,81,2.02,0.8898,1,2.045,0.9008,1,0
IWM190920C156,2019-09-18,2019-09-18 09:31:23,2.07,0.9118,19,2.01,0.8854,47,2.02,0.8898,1,2.04,0.8986,1,0
IWM190920C156,2019-09-18,2019-09-18 09:31:24,2.08,0.9162,19,2.03,0.8942,19,2.02,0.8898,1,2.055,0.9052,1,0
IWM190920C156,2019-09-18,2019-09-18 09:31:24,2.09,0.9207,19,2.03,0.8942,36,2.02,0.8898,1,2.06,0.9074,1,0
IWM190920C156,2019-09-18,2019-09-18 09:31:25,2.09,0.9207,19,2.03,0.8942,56,2.02,0.8898,1,2.06,0.9074,1,0
IWM190920C156,2019-09-18,2019-09-18 09:31:25,2.09,0.9207,19,2.03,0.8942,37,2.02,0.8898,1,2.06,0.9074,1,0
IWM190920C156,2019-09-18,2019-09-18 09:31:26,2.09,0.9207,20,2.04,0.8986,39,2.02,0.8898,1,2.065,0.9096,1,0
IWM190920C156,2019-09-18,2019-09-18 09:31:27,2.09,0.9207,20,2.04,0.8986,39,2.02,0.8898,1,2.065,0.9096,1,0
IWM190920C156,2019-09-18,2019-09-18 09:31:28,2.08,0.9162,19,2.03,0.8942,28,2.02,0.8898,1,2.055,0.9052,1,0
IWM190920C156,2019-09-18,2019-09-18 09:31:29,2.08,0.9162,19,2.02,0.8898,145,2.02,0.8898,1,2.05,0.903,1,0
IWM190920C156,2019-09-18,2019-09-18 09:31:29,2.08,0.9162,25,2.02,0.8898,33,2.02,0.8898,1,2.05,0.903,1,0
IWM190920C156,2019-09-18,2019-09-18 09:31:30,2.08,0.9162,25,2.02,0.8898,145,2.02,0.8898,1,2.05,0.903,1,0
IWM190920C156,2019-09-18,2019-09-18 09:31:31,2.11,0.9295,19,2.05,0.903,19,2.02,0.8898,1,2.08,0.9162,1,0
IWM190920C156,2019-09-18,2019-09-18 09:31:31,2.11,0.9295,19,2.05,0.903,22,2.02,0.8898,1,2.08,0.9162,1,0
IWM190920C156,2019-09-18,2019-09-18 09:31:32,2.11,0.9295,25,2.05,0.903,134,2.02,0.8898,1,2.08,0.9162,1,0
IWM190920C156,2019-09-18,2019-09-18 09:31:32,2.11,0.9295,19,2.05,0.903,23,2.02,0.8898,1,2.08,0.9162,1,0
IWM190920C156,2019-09-18,2019-09-18 09:31:33,2.1,0.9251,19,2.04,0.8986,23,2.02,0.8898,1,2.07,0.9118,1,0
IWM190920C156,2019-09-18,2019-09-18 09:31:33,2.11,0.9295,19,2.05,0.903,23,2.02,0.8898,1,2.08,0.9162,1,0
IWM190920C156,2019-09-18,2019-09-18 09:31:34,2.1,0.9251,19,2.04,0.8986,30,2.02,0.8898,1,2.07,0.9118,1,0
IWM190920C156,2019-09-18,2019-09-18 09:31:34,2.1,0.9251,19,2.04,0.8986,40,2.02,0.8898,1,2.07,0.9118,1,0
IWM190920C156,2019-09-18,2019-09-18 09:31:35,2.1,0.9251,31,2.04,0.8986,71,2.02,0.8898,1,2.07,0.9118,1,0
IWM190920C156,2019-09-18,2019-09-18 09:31:35,2.1,0.9251,30,2.04,0.8986,51,2.02,0.8898,1,2.07,0.9118,1,0
IWM190920C156,2019-09-18,2019-09-18 09:31:36,2.1,0.9251,31,2.04,0.8986,86,2.02,0.8898,1,2.07,0.9118,1,0
IWM190920C156,2019-09-18,2019-09-18 09:31:37,2.1,0.9251,41,2.04,0.8986,76,2.02,0.8898,1,2.07,0.9118,1,0
IWM190920C156,2019-09-18,2019-09-18 09:31:37,2.1,0.9251,19,2.04,0.8986,28,2.02,0.8898,1,2.07,0.9118,1,0
IWM190920C156,2019-09-18,2019-09-18 09:31:38,2.1,0.9251,20,2.04,0.8986,28,2.02,0.8898,1,2.07,0.9118,1,0
IWM190920C156,2019-09-18,2019-09-18 09:31:38,2.1,0.9251,19,2.04,0.8986,133,2.02,0.8898,1,2.07,0.9118,1,0
IWM190920C156,2019-09-18,2019-09-18 09:31:39,2.1,0.9251,19,2.04,0.8986,84,2.02,0.8898,1,2.07,0.9118,1,0
IWM190920C156,2019-09-18,2019-09-18 09:31:39,2.1,0.9251,19,2.04,0.8986,26,2.02,0.8898,1,2.07,0.9118,1,0
IWM190920C156,2019-09-18,2019-09-18 09:31:40,2.1,0.9251,19,2.04,0.8986,84,2.02,0.8898,1,2.07,0.9118,1,0
IWM190920C156,2019-09-18,2019-09-18 09:31:40,2.11,0.9295,19,2.05,0.903,39,2.02,0.8898,1,2.08,0.9162,1,0
IWM190920C156,2019-09-18,2019-09-18 09:31:41,2.11,0.9295,51,2.05,0.903,58,2.02,0.8898,1,2.08,0.9162,1,0
IWM190920C156,2019-09-18,2019-09-18 09:31:41,2.11,0.9295,20,2.05,0.903,55,2.02,0.8898,1,2.08,0.9162,1,0
IWM190920C156,2019-09-18,2019-09-18 09:31:42,2.1,0.9251,19,2.04,0.8986,25,2.02,0.8898,1,2.07,0.9118,1,0
IWM190920C156,2019-09-18,2019-09-18 09:31:42,2.11,0.9295,25,2.05,0.903,20,2.02,0.8898,1,2.08,0.9162,1,0
IWM190920C156,2019-09-18,2019-09-18 09:31:43,2.1,0.9251,20,2.04,0.8986,25,2.02,0.8898,1,2.07,0.9118,1,0
IWM190920C156,2019-09-18,2019-09-18 09:31:44,2.1,0.9251,30,2.05,0.903,19,2.02,0.8898,1,2.075,0.914,1,0
IWM190920C156,2019-09-18,2019-09-18 09:31:45,2.1,0.9251,31,2.04,0.8986,25,2.02,0.8898,1,2.07,0.9118,1,0
IWM190920C156,2019-09-18,2019-09-18 09:31:46,2.1,0.9251,31,2.05,0.903,10,2.02,0.8898,1,2.075,0.914,1,0
IWM190920C156,2019-09-18,2019-09-18 09:31:46,2.1,0.9251,20,2.05,0.903,10,2.02,0.8898,1,2.075,0.914,1,0
IWM190920C156,2019-09-18,2019-09-18 09:31:47,2.08,0.9162,19,2.02,0.8898,125,2.02,0.8898,1,2.05,0.903,1,0
IWM190920C156,2019-09-18,2019-09-18 09:31:47,2.09,0.9207,91,2.02,0.8898,130,2.02,0.8898,1,2.055,0.9052,1,0
IWM190920C156,2019-09-18,2019-09-18 09:31:48,2.09,0.9207,19,2.03,0.8942,19,2.02,0.8898,1,2.06,0.9074,1,0
IWM190920C156,2019-09-18,2019-09-18 09:31:48,2.08,0.9162,10,2.03,0.8942,19,2.02,0.8898,1,2.055,0.9052,1,0
IWM190920C156,2019-09-18,2019-09-18 09:31:49,2.09,0.9207,30,2.03,0.8942,19,2.02,0.8898,1,2.06,0.9074,1,0
IWM190920C156,2019-09-18,2019-09-18 09:31:50,2.09,0.9207,19,2.04,0.8986,21,2.02,0.8898,1,2.065,0.9096,1,0
IWM190920C156,2019-09-18,2019-09-18 09:31:51,2.09,0.9207,20,2.04,0.8986,21,2.02,0.8898,1,2.065,0.9096,1,0
IWM190920C156,2019-09-18,2019-09-18 09:31:51,2.09,0.9207,20,2.04,0.8986,22,2.02,0.8898,1,2.065,0.9096,1,0
IWM190920C156,2019-09-18,2019-09-18 09:31:52,2.09,0.9207,19,2.03,0.8942,132,2.02,0.8898,1,2.06,0.9074,1,0
IWM190920C156,2019-09-18,2019-09-18 09:31:52,2.09,0.9207,19,2.04,0.8986,21,2.02,0.8898,1,2.065,0.9096,1,0
IWM190920C156,2019-09-18,2019-09-18 09:31:53,2.09,0.9207,19,2.04,0.8986,21,2.02,0.8898,1,2.065,0.9096,1,0
IWM190920C156,2019-09-18,2019-09-18 09:31:55,2.1,0.9251,19,2.06,0.9074,19,2.02,0.8898,1,2.08,0.9162,1,0
IWM190920C156,2019-09-18,2019-09-18 09:31:55,2.1,0.9251,19,2.04,0.8986,105,2.02,0.8898,1,2.07,0.9118,1,0
IWM190920C156,2019-09-18,2019-09-18 09:31:56,2.1,0.9251,19,2.06,0.9074,19,2.02,0.8898,1,2.08,0.9162,1,0
IWM190920C156,2019-09-18,2019-09-18 09:31:57,2.1,0.9251,19,2.06,0.9074,19,2.02,0.8898,1,2.08,0.9162,1,0
IWM190920C156,2019-09-18,2019-09-18 09:31:57,2.1,0.9251,20,2.06,0.9074,22,2.02,0.8898,1,2.08,0.9162,1,0
IWM190920C156,2019-09-18,2019-09-18 09:31:58,2.1,0.9251,19,2.06,0.9074,19,2.02,0.8898,1,2.08,0.9162,1,0
IWM190920C156,2019-09-18,2019-09-18 09:31:58,2.1,0.9251,19,2.05,0.903,105,2.02,0.8898,1,2.075,0.914,1,0
IWM190920C156,2019-09-18,2019-09-18 09:31:59,2.1,0.9251,20,2.05,0.903,105,2.02,0.8898,1,2.075,0.914,1,0
IWM190920C156,2019-09-18,2019-09-18 09:32:00,2.1,0.9251,20,2.06,0.9074,22,2.02,0.8898,1,2.08,0.9162,1,0
IWM190920C156,2019-09-18,2019-09-18 09:32:00,2.1,0.9251,20,2.05,0.903,42,2.02,0.8898,1,2.075,0.914,1,0
IWM190920C156,2019-09-18,2019-09-18 09:32:01,2.09,0.9207,41,2.03,0.8942,25,2.05,0.903,2,2.06,0.9074,6,0
IWM190920C156,2019-09-18,2019-09-18 09:32:01,2.09,0.9207,60,2.03,0.8942,25,2.05,0.903,2,2.06,0.9074,6,5
IWM190920C156,2019-09-18,2019-09-18 09:32:02,2.08,0.9162,19,2.03,0.8942,25,2.05,0.903,2,2.055,0.9052,6,0
IWM190920C156,2019-09-18,2019-09-18 09:32:02,2.09,0.9207,41,2.03,0.8942,25,2.05,0.903,2,2.06,0.9074,6,0
IWM190920C156,2019-09-18,2019-09-18 09:32:03,2.09,0.9207,41,2.03,0.8942,25,2.05,0.903,2,2.06,0.9074,6,0
IWM190920C156,2019-09-18,2019-09-18 09:32:03,2.09,0.9207,83,2.03,0.8942,25,2.05,0.903,2,2.06,0.9074,6,0
IWM190920C156,2019-09-18,2019-09-18 09:32:04,2.07,0.9118,19,2.04,0.8986,24,2.05,0.903,2,2.055,0.9052,6,0
IWM190920C156,2019-09-18,2019-09-18 09:32:04,2.07,0.9118,38,2.03,0.8942,24,2.05,0.903,2,2.05,0.903,6,0
IWM190920C156,2019-09-18,2019-09-18 09:32:05,2.06,0.9074,19,2.03,0.8942,24,2.05,0.903,2,2.045,0.9008,6,0
IWM190920C156,2019-09-18,2019-09-18 09:32:05,2.07,0.9118,18,2.04,0.8986,24,2.05,0.903,2,2.055,0.9052,6,0
IWM190920C156,2019-09-18,2019-09-18 09:32:06,2.07,0.9118,21,2.04,0.8986,24,2.05,0.903,2,2.055,0.9052,6,0
IWM190920C156,2019-09-18,2019-09-18 09:32:06,2.07,0.9118,36,2.04,0.8986,24,2.05,0.903,2,2.055,0.9052,6,0
IWM190920C156,2019-09-18,2019-09-18 09:32:07,2.08,0.9162,75,2.04,0.8986,47,2.05,0.903,2,2.06,0.9074,6,0
IWM190920C156,2019-09-18,2019-09-18 09:32:07,2.08,0.9162,36,2.04,0.8986,24,2.05,0.903,2,2.06,0.9074,6,0
IWM190920C156,2019-09-18,2019-09-18 09:32:08,2.08,0.9162,85,2.04,0.8986,57,2.05,0.903,2,2.06,0.9074,6,0
IWM190920C156,2019-09-18,2019-09-18 09:32:09,2.08,0.9162,19,2.05,0.903,24,2.05,0.903,2,2.065,0.9096,6,0
IWM190920C156,2019-09-18,2019-09-18 09:32:10,2.08,0.9162,19,2.05,0.903,24,2.05,0.903,2,2.065,0.9096,6,0
IWM190920C156,2019-09-18,2019-09-18 09:32:10,2.1,0.9251,32,2.06,0.9074,19,2.05,0.903,2,2.08,0.9162,6,0
IWM190920C156,2019-09-18,2019-09-18 09:32:11,2.1,0.9251,19,2.07,0.9118,19,2.05,0.903,2,2.085,0.9185,6,0
IWM190920C156,2019-09-18,2019-09-18 09:32:11,2.11,0.9295,29,2.07,0.9118,19,2.05,0.903,2,2.09,0.9207,6,0
IWM190920C156,2019-09-18,2019-09-18 09:32:12,2.11,0.9295,19,2.08,0.9162,19,2.05,0.903,2,2.095,0.9229,6,0
IWM190920C156,2019-09-18,2019-09-18 09:32:13,2.11,0.9295,19,2.08,0.9162,19,2.05,0.903,2,2.095,0.9229,6,0
IWM190920C156,2019-09-18,2019-09-18 09:32:13,2.11,0.9295,19,2.08,0.9162,22,2.05,0.903,2,2.095,0.9229,6,0
IWM190920C156,2019-09-18,2019-09-18 09:32:14,2.11,0.9295,19,2.08,0.9162,19,2.05,0.903,2,2.095,0.9229,6,0
IWM190920C156,2019-09-18,2019-09-18 09:32:14,2.11,0.9295,7,2.08,0.9162,19,2.05,0.903,2,2.095,0.9229,6,0
IWM190920C156,2019-09-18,2019-09-18 09:32:15,2.11,0.9295,7,2.08,0.9162,24,2.05,0.903,2,2.095,0.9229,6,0
IWM190920C156,2019-09-18,2019-09-18 09:32:16,2.11,0.9295,19,2.06,0.9074,155,2.05,0.903,2,2.085,0.9185,6,0
IWM190920C156,2019-09-18,2019-09-18 09:32:16,2.1,0.9251,19,2.06,0.9074,160,2.05,0.903,2,2.08,0.9162,6,0
IWM190920C156,2019-09-18,2019-09-18 09:32:17,2.1,0.9251,20,2.06,0.9074,160,2.05,0.903,2,2.08,0.9162,6,0
IWM190920C156,2019-09-18,2019-09-18 09:32:18,2.09,0.9207,19,2.05,0.903,29,2.05,0.903,2,2.07,0.9118,6,0
IWM190920C156,2019-09-18,2019-09-18 09:32:18,2.1,0.9251,20,2.06,0.9074,160,2.05,0.903,2,2.08,0.9162,6,0
IWM190920C156,2019-09-18,2019-09-18 09:32:19,2.09,0.9207,19,2.05,0.903,29,2.05,0.903,2,2.07,0.9118,6,0
IWM190920C156,2019-09-18,2019-09-18 09:32:20,2.09,0.9207,19,2.05,0.903,43,2.05,0.903,2,2.07,0.9118,6,0
IWM190920C156,2019-09-18,2019-09-18 09:32:20,2.08,0.9162,19,2.05,0.903,29,2.05,0.903,2,2.065,0.9096,6,0
IWM190920C156,2019-09-18,2019-09-18 09:32:21,2.08,0.9162,19,2.05,0.903,29,2.05,0.903,2,2.065,0.9096,6,0
IWM190920C156,2019-09-18,2019-09-18 09:32:22,2.07,0.9118,19,2.03,0.8942,170,2.05,0.903,2,2.05,0.903,6,0
IWM190920C156,2019-09-18,2019-09-18 09:32:22,2.08,0.9162,19,2.05,0.903,43,2.05,0.903,2,2.065,0.9096,6,0
IWM190920C156,2019-09-18,2019-09-18 09:32:23,2.07,0.9118,19,2.03,0.8942,160,2.05,0.903,2,2.05,0.903,6,0
IWM190920C156,2019-09-18,2019-09-18 09:32:24,2.07,0.9118,19,2.03,0.8942,160,2.05,0.903,2,2.05,0.903,6,0
IWM190920C156,2019-09-18,2019-09-18 09:32:25,2.07,0.9118,19,2.03,0.8942,160,2.05,0.903,2,2.05,0.903,6,0
IWM190920C156,2019-09-18,2019-09-18 09:32:26,2.07,0.9118,19,2.03,0.8942,160,2.05,0.903,2,2.05,0.903,6,0
IWM190920C156,2019-09-18,2019-09-18 09:32:27,2.07,0.9118,19,2.03,0.8942,160,2.05,0.903,2,2.05,0.903,6,0
IWM190920C156,2019-09-18,2019-09-18 09:32:27,2.07,0.9118,19,2.03,0.8942,253,2.05,0.903,2,2.05,0.903,6,0
IWM190920C156,2019-09-18,2019-09-18 09:32:28,2.06,0.9074,19,2.03,0.8942,19,2.05,0.903,2,2.045,0.9008,6,0
IWM190920C156,2019-09-18,2019-09-18 09:32:28,2.06,0.9074,19,2.02,0.8898,174,2.05,0.903,2,2.04,0.8986,6,0
IWM190920C156,2019-09-18,2019-09-18 09:32:29,2.06,0.9074,19,2.03,0.8942,19,2.05,0.903,2,2.045,0.9008,6,0
IWM190920C156,2019-09-18,2019-09-18 09:32:30,2.06,0.9074,19,2.03,0.8942,19,2.05,0.903,2,2.045,0.9008,6,0
IWM190920C156,2019-09-18,2019-09-18 09:32:30,2.08,0.9162,19,2.04,0.8986,32,2.05,0.903,2,2.06,0.9074,6,0
IWM190920C156,2019-09-18,2019-09-18 09:32:31,2.08,0.9162,19,2.05,0.903,19,2.05,0.903,2,2.065,0.9096,6,0
IWM190920C156,2019-09-18,2019-09-18 09:32:31,2.09,0.9207,19,2.06,0.9074,19,2.05,0.903,2,2.075,0.914,6,0
IWM190920C156,2019-09-18,2019-09-18 09:32:32,2.08,0.9162,19,2.05,0.903,249,2.05,0.903,2,2.065,0.9096,6,0
IWM190920C156,2019-09-18,2019-09-18 09:32:32,2.08,0.9162,19,2.05,0.903,19,2.05,0.903,2,2.065,0.9096,6,0
IWM190920C156,2019-09-18,2019-09-18 09:32:33,2.07,0.9118,19,2.04,0.8986,256,2.05,0.903,2,2.055,0.9052,6,0
IWM190920C156,2019-09-18,2019-09-18 09:32:33,2.07,0.9118,19,2.04,0.8986,269,2.05,0.903,2,2.055,0.9052,6,0
IWM190920C156,2019-09-18,2019-09-18 09:32:34,2.07,0.9118,19,2.04,0.8986,269,2.05,0.903,2,2.055,0.9052,6,0
IWM190920C156,2019-09-18,2019-09-18 09:32:35,2.08,0.9162,19,2.04,0.8986,273,2.05,0.903,2,2.06,0.9074,6,0
IWM190920C156,2019-09-18,2019-09-18 09:32:35,2.07,0.9118,19,2.04,0.8986,273,2.05,0.903,2,2.055,0.9052,6,0
IWM190920C156,2019-09-18,2019-09-18 09:32:36,2.07,0.9118,19,2.04,0.8986,154,2.05,0.903,2,2.055,0.9052,6,0
IWM190920C156,2019-09-18,2019-09-18 09:32:36,2.07,0.9118,19,2.04,0.8986,283,2.05,0.903,2,2.055,0.9052,6,0
IWM190920C156,2019-09-18,2019-09-18 09:32:37,2.07,0.9118,19,2.04,0.8986,244,2.05,0.903,2,2.055,0.9052,6,0
IWM190920C156,2019-09-18,2019-09-18 09:32:38,2.09,0.9207,19,2.05,0.903,260,2.05,0.903,2,2.07,0.9118,6,0
IWM190920C156,2019-09-18,2019-09-18 09:32:38,2.08,0.9162,19,2.04,0.8986,244,2.05,0.903,2,2.06,0.9074,6,0
IWM190920C156,2019-09-18,2019-09-18 09:32:39,2.09,0.9207,19,2.06,0.9074,19,2.05,0.903,2,2.075,0.914,6,0
IWM190920C156,2019-09-18,2019-09-18 09:32:40,2.09,0.9207,19,2.06,0.9074,19,2.05,0.903,2,2.075,0.914,6,0
IWM190920C156,2019-09-18,2019-09-18 09:32:41,2.09,0.9207,19,2.06,0.9074,158,2.05,0.903,2,2.075,0.914,6,0
IWM190920C156,2019-09-18,2019-09-18 09:32:43,2.08,0.9162,19,2.05,0.903,262,2.05,0.903,2,2.065,0.9096,6,0
IWM190920C156,2019-09-18,2019-09-18 09:32:43,2.07,0.9118,19,2.04,0.8986,164,2.05,0.903,2,2.055,0.9052,6,0
IWM190920C156,2019-09-18,2019-09-18 09:32:44,2.07,0.9118,19,2.04,0.8986,238,2.05,0.903,2,2.055,0.9052,6,0
IWM190920C156,2019-09-18,2019-09-18 09:32:44,2.07,0.9118,19,2.04,0.8986,284,2.05,0.903,2,2.055,0.9052,6,0
IWM190920C156,2019-09-18,2019-09-18 09:32:45,2.07,0.9118,19,2.04,0.8986,238,2.05,0.903,2,2.055,0.9052,6,0
IWM190920C156,2019-09-18,2019-09-18 09:32:45,2.05,0.903,6,2.02,0.8898,12,2.04,0.8986,4,2.035,0.8964,10,4
IWM190920C156,2019-09-18,2019-09-18 09:32:46,2.06,0.9074,33,2.02,0.8898,159,2.04,0.8986,4,2.04,0.8986,10,0
IWM190920C156,2019-09-18,2019-09-18 09:32:46,2.06,0.9074,33,2.01,0.8854,278,2.04,0.8986,4,2.035,0.8964,10,0
IWM190920C156,2019-09-18,2019-09-18 09:32:47,2.07,0.9118,19,2.04,0.8986,19,2.04,0.8986,4,2.055,0.9052,10,0
IWM190920C156,2019-09-18,2019-09-18 09:32:47,2.07,0.9118,19,2.03,0.8942,257,2.04,0.8986,4,2.05,0.903,10,0
IWM190920C156,2019-09-18,2019-09-18 09:32:48,2.07,0.9118,19,2.03,0.8942,158,2.04,0.8986,4,2.05,0.903,10,0
IWM190920C156,2019-09-18,2019-09-18 09:32:48,2.07,0.9118,19,2.03,0.8942,246,2.04,0.8986,4,2.05,0.903,10,0
IWM190920C156,2019-09-18,2019-09-18 09:32:49,2.06,0.9074,19,2.03,0.8942,158,2.04,0.8986,4,2.045,0.9008,10,0
IWM190920C156,2019-09-18,2019-09-18 09:32:49,2.06,0.9074,19,2.02,0.8898,158,2.04,0.8986,4,2.04,0.8986,10,0
IWM190920C156,2019-09-18,2019-09-18 09:32:50,2.06,0.9074,39,2.02,0.8898,139,2.04,0.8986,4,2.04,0.8986,10,0
IWM190920C156,2019-09-18,2019-09-18 09:32:50,2.05,0.903,19,2.03,0.8942,158,2.04,0.8986,4,2.04,0.8986,10,0
IWM190920C156,2019-09-18,2019-09-18 09:32:51,2.04,0.8986,19,2.01,0.8854,170,2.04,0.8986,4,2.025,0.892,10,0
IWM190920C156,2019-09-18,2019-09-18 09:32:51,2.06,0.9074,39,2.02,0.8898,266,2.04,0.8986,4,2.04,0.8986,10,0
IWM190920C156,2019-09-18,2019-09-18 09:32:52,2.05,0.903,29,2.01,0.8854,170,2.04,0.8986,4,2.03,0.8942,10,0
IWM190920C156,2019-09-18,2019-09-18 09:32:52,2.05,0.903,19,2.02,0.8898,19,2.04,0.8986,4,2.035,0.8964,10,0
IWM190920C156,2019-09-18,2019-09-18 09:32:53,2.06,0.9074,19,2.03,0.8942,139,2.04,0.8986,4,2.045,0.9008,10,0
IWM190920C156,2019-09-18,2019-09-18 09:32:53,2.06,0.9074,32,2.03,0.8942,19,2.04,0.8986,4,2.045,0.9008,10,0
IWM190920C156,2019-09-18,2019-09-18 09:32:54,2.06,0.9074,29,2.03,0.8942,19,2.04,0.8986,4,2.045,0.9008,10,0
IWM190920C156,2019-09-18,2019-09-18 09:32:54,2.06,0.9074,29,2.02,0.8898,158,2.04,0.8986,4,2.04,0.8986,10,0
IWM190920C156,2019-09-18,2019-09-18 09:32:55,2.05,0.903,19,2.02,0.8898,19,2.04,0.8986,4,2.035,0.8964,10,0
IWM190920C156,2019-09-18,2019-09-18 09:32:55,2.04,0.8986,19,2.01,0.8854,257,2.04,0.8986,4,2.025,0.892,10,0
IWM190920C156,2019-09-18,2019-09-18 09:32:56,2.05,0.903,19,2.01,0.8854,277,2.04,0.8986,4,2.03,0.8942,10,0
IWM190920C156,2019-09-18,2019-09-18 09:32:57,2.05,0.903,19,2.01,0.8854,277,2.04,0.8986,4,2.03,0.8942,10,0
IWM190920C156,2019-09-18,2019-09-18 09:32:57,2.05,0.903,19,2.02,0.8898,19,2.04,0.8986,4,2.035,0.8964,10,0
IWM190920C156,2019-09-18,2019-09-18 09:32:58,2.04,0.8986,19,1.99,0.8766,20,2.04,0.8986,4,2.015,0.8876,10,0
IWM190920C156,2019-09-18,2019-09-18 09:32:59,2.04,0.8986,32,2.0,0.881,237,2.04,0.8986,4,2.02,0.8898,10,0
IWM190920C156,2019-09-18,2019-09-18 09:33:00,2.02,0.8898,19,1.99,0.8766,278,2.04,0.8986,4,2.005,0.8832,10,0
IWM190920C156,2019-09-18,2019-09-18 09:33:00,2.04,0.8986,32,2.0,0.881,19,2.04,0.8986,4,2.02,0.8898,10,0
IWM190920C156,2019-09-18,2019-09-18 09:33:01,2.01,0.8854,19,1.97,0.8678,158,2.04,0.8986,4,1.99,0.8766,10,0
IWM190920C156,2019-09-18,2019-09-18 09:33:01,2.0,0.881,19,1.97,0.8678,139,2.04,0.8986,4,1.985,0.8744,10,0
IWM190920C156,2019-09-18,2019-09-18 09:33:02,1.99,0.8766,19,1.95,0.859,20,2.04,0.8986,4,1.97,0.8678,10,0
IWM190920C156,2019-09-18,2019-09-18 09:33:02,2.02,0.8898,29,1.98,0.8722,265,2.04,0.8986,4,2.0,0.881,10,0
IWM190920C156,2019-09-18,2019-09-18 09:33:03,2.01,0.8854,19,1.98,0.8722,158,2.04,0.8986,4,1.995,0.8788,10,0
IWM190920C156,2019-09-18,2019-09-18 09:33:03,2.01,0.8854,19,1.98,0.8722,265,2.04,0.8986,4,1.995,0.8788,10,0
IWM190920C156,2019-09-18,2019-09-18 09:33:04,2.05,0.903,32,2.01,0.8854,20,2.04,0.8986,4,2.03,0.8942,10,0
IWM190920C156,2019-09-18,2019-09-18 09:33:04,2.03,0.8942,19,2.0,0.881,277,2.04,0.8986,4,2.015,0.8876,10,0
IWM190920C156,2019-09-18,2019-09-18 09:33:05,2.04,0.8986,19,2.0,0.881,288,2.04,0.8986,4,2.02,0.8898,10,0
IWM190920C156,2019-09-18,2019-09-18 09:33:05,2.03,0.8942,19,2.0,0.881,189,2.04,0.8986,4,2.015,0.8876,10,0
IWM190920C156,2019-09-18,2019-09-18 09:33:06,2.04,0.8986,19,2.01,0.8854,19,2.04,0.8986,4,2.025,0.892,10,0
IWM190920C156,2019-09-18,2019-09-18 09:33:06,2.04,0.8986,19,2.0,0.881,282,2.04,0.8986,4,2.02,0.8898,10,0
IWM190920C156,2019-09-18,2019-09-18 09:33:07,2.03,0.8942,19,2.0,0.881,282,2.04,0.8986,4,2.015,0.8876,10,0
IWM190920C156,2019-09-18,2019-09-18 09:33:08,2.03,0.8942,19,2.0,0.881,282,2.04,0.8986,4,2.015,0.8876,10,0
IWM190920C156,2019-09-18,2019-09-18 09:33:09,2.03,0.8942,19,2.0,0.881,158,2.04,0.8986,4,2.015,0.8876,10,0
IWM190920C156,2019-09-18,2019-09-18 09:33:09,2.05,0.903,32,2.01,0.8854,19,2.04,0.8986,4,2.03,0.8942,10,0
IWM190920C156,2019-09-18,2019-09-18 09:33:10,2.05,0.903,19,2.02,0.8898,21,2.04,0.8986,4,2.035,0.8964,10,0
IWM190920C156,2019-09-18,2019-09-18 09:33:10,2.05,0.903,32,2.01,0.8854,27,2.04,0.8986,4,2.03,0.8942,10,0
IWM190920C156,2019-09-18,2019-09-18 09:33:11,2.05,0.903,19,2.02,0.8898,21,2.04,0.8986,4,2.035,0.8964,10,0
IWM190920C156,2019-09-18,2019-09-18 09:33:12,2.05,0.903,19,2.02,0.8898,19,2.04,0.8986,4,2.035,0.8964,10,0
IWM190920C156,2019-09-18,2019-09-18 09:33:12,2.05,0.903,19,2.01,0.8854,26,2.04,0.8986,4,2.03,0.8942,10,0
IWM190920C156,2019-09-18,2019-09-18 09:33:13,2.03,0.8942,19,2.0,0.881,19,2.04,0.8986,4,2.015,0.8876,10,0
IWM190920C156,2019-09-18,2019-09-18 09:33:13,2.05,0.903,19,2.01,0.8854,26,2.04,0.8986,4,2.03,0.8942,10,0
IWM190920C156,2019-09-18,2019-09-18 09:33:14,2.03,0.8942,19,2.0,0.881,19,2.04,0.8986,4,2.015,0.8876,10,0
IWM190920C156,2019-09-18,2019-09-18 09:33:14,2.03,0.8942,19,2.01,0.8854,19,2.04,0.8986,4,2.02,0.8898,10,0
IWM190920C156,2019-09-18,2019-09-18 09:33:15,2.03,0.8942,19,1.99,0.8766,34,2.04,0.8986,4,2.01,0.8854,10,0
IWM190920C156,2019-09-18,2019-09-18 09:33:16,2.04,0.8986,19,2.01,0.8854,19,2.04,0.8986,4,2.025,0.892,10,0
IWM190920C156,2019-09-18,2019-09-18 09:33:16,2.03,0.8942,19,1.99,0.8766,24,2.04,0.8986,4,2.01,0.8854,10,0
IWM190920C156,2019-09-18,2019-09-18 09:33:17,2.04,0.8986,19,2.01,0.8854,19,2.04,0.8986,4,2.025,0.892,10,0
IWM190920C156,2019-09-18,2019-09-18 09:33:18,2.04,0.8986,19,2.01,0.8854,19,2.04,0.8986,4,2.025,0.892,10,0
IWM190920C156,2019-09-18,2019-09-18 09:33:19,2.04,0.8986,19,2.01,0.8854,19,2.04,0.8986,4,2.025,0.892,10,0
IWM190920C156,2019-09-18,2019-09-18 09:33:20,2.04,0.8986,19,2.01,0.8854,48,2.04,0.8986,4,2.025,0.892,10,0
IWM190920C156,2019-09-18,2019-09-18 09:33:20,2.04,0.8986,19,2.01,0.8854,19,2.04,0.8986,4,2.025,0.892,10,0
IWM190920C156,2019-09-18,2019-09-18 09:33:21,2.05,0.903,19,2.02,0.8898,19,2.04,0.8986,4,2.035,0.8964,10,0
IWM190920C156,2019-09-18,2019-09-18 09:33:21,2.05,0.903,19,2.01,0.8854,172,2.04,0.8986,4,2.03,0.8942,10,0
IWM190920C156,2019-09-18,2019-09-18 09:33:22,2.04,0.8986,19,2.01,0.8854,258,2.04,0.8986,4,2.025,0.892,10,0
IWM190920C156,2019-09-18,2019-09-18 09:33:22,2.03,0.8942,19,2.0,0.881,139,2.04,0.8986,4,2.015,0.8876,10,0
IWM190920C156,2019-09-18,2019-09-18 09:33:23,2.03,0.8942,19,2.0,0.881,139,2.04,0.8986,4,2.015,0.8876,10,0
IWM190920C156,2019-09-18,2019-09-18 09:33:23,2.04,0.8986,19,2.01,0.8854,19,2.04,0.8986,4,2.025,0.892,10,0
IWM190920C156,2019-09-18,2019-09-18 09:33:24,2.03,0.8942,19,2.01,0.8854,19,2.04,0.8986,4,2.02,0.8898,10,0
IWM190920C156,2019-09-18,2019-09-18 09:33:24,2.04,0.8986,19,2.01,0.8854,19,2.04,0.8986,4,2.025,0.892,10,0
IWM190920C156,2019-09-18,2019-09-18 09:33:25,2.03,0.8942,19,2.0,0.881,19,2.04,0.8986,4,2.015,0.8876,10,0
IWM190920C156,2019-09-18,2019-09-18 09:33:26,2.03,0.8942,19,2.0,0.881,21,2.04,0.8986,4,2.015,0.8876,10,0
IWM190920C156,2019-09-18,2019-09-18 09:33:26,2.03,0.8942,19,2.0,0.881,19,2.04,0.8986,4,2.015,0.8876,10,0
IWM190920C156,2019-09-18,2019-09-18 09:33:27,2.03,0.8942,19,2.0,0.881,19,2.04,0.8986,4,2.015,0.8876,10,0
IWM190920C156,2019-09-18,2019-09-18 09:33:27,2.03,0.8942,19,1.99,0.8766,240,2.04,0.8986,4,2.01,0.8854,10,0
IWM190920C156,2019-09-18,2019-09-18 09:33:28,2.03,0.8942,19,2.0,0.881,192,2.04,0.8986,4,2.015,0.8876,10,0
IWM190920C156,2019-09-18,2019-09-18 09:33:29,2.06,0.9074,19,2.02,0.8898,158,2.04,0.8986,4,2.04,0.8986,10,0
IWM190920C156,2019-09-18,2019-09-18 09:33:29,2.05,0.903,19,2.02,0.8898,158,2.04,0.8986,4,2.035,0.8964,10,0
IWM190920C156,2019-09-18,2019-09-18 09:33:30,2.05,0.903,19,2.02,0.8898,327,2.04,0.8986,4,2.035,0.8964,10,0
IWM190920C156,2019-09-18,2019-09-18 09:33:30,2.05,0.903,19,2.02,0.8898,181,2.04,0.8986,4,2.035,0.8964,10,0
IWM190920C156,2019-09-18,2019-09-18 09:33:31,2.05,0.903,19,2.02,0.8898,277,2.04,0.8986,4,2.035,0.8964,10,0
IWM190920C156,2019-09-18,2019-09-18 09:33:32,2.05,0.903,19,2.02,0.8898,277,2.04,0.8986,4,2.035,0.8964,10,0
IWM190920C156,2019-09-18,2019-09-18 09:33:33,2.05,0.903,19,2.02,0.8898,277,2.04,0.8986,4,2.035,0.8964,10,0
IWM190920C156,2019-09-18,2019-09-18 09:33:34,2.05,0.903,19,2.02,0.8898,277,2.04,0.8986,4,2.035,0.8964,10,0
IWM190920C156,2019-09-18,2019-09-18 09:33:34,2.05,0.903,19,2.02,0.8898,364,2.04,0.8986,4,2.035,0.8964,10,0
IWM190920C156,2019-09-18,2019-09-18 09:33:35,2.06,0.9074,19,2.02,0.8898,364,2.04,0.8986,4,2.04,0.8986,10,0
IWM190920C156,2019-09-18,2019-09-18 09:33:35,2.05,0.903,19,2.02,0.8898,364,2.04,0.8986,4,2.035,0.8964,10,0
IWM190920C156,2019-09-18,2019-09-18 09:33:36,2.05,0.903,19,2.02,0.8898,303,2.04,0.8986,4,2.035,0.8964,10,0
IWM190920C156,2019-09-18,2019-09-18 09:33:36,2.06,0.9074,19,2.03,0.8942,19,2.04,0.8986,4,2.045,0.9008,10,0
IWM190920C156,2019-09-18,2019-09-18 09:33:37,2.04,0.8986,19,2.0,0.881,185,2.04,0.8986,4,2.02,0.8898,10,0
IWM190920C156,2019-09-18,2019-09-18 09:33:37,2.06,0.9074,19,2.01,0.8854,20,2.04,0.8986,4,2.035,0.8964,10,0
IWM190920C156,2019-09-18,2019-09-18 09:33:38,2.04,0.8986,19,2.01,0.8854,158,2.04,0.8986,4,2.025,0.892,10,0
IWM190920C156,2019-09-18,2019-09-18 09:33:39,2.04,0.8986,19,2.01,0.8854,158,2.04,0.8986,4,2.025,0.892,10,0
IWM190920C156,2019-09-18,2019-09-18 09:33:39,2.05,0.903,19,2.01,0.8854,158,2.04,0.8986,4,2.03,0.8942,10,0
IWM190920C156,2019-09-18,2019-09-18 09:33:40,2.05,0.903,19,2.02,0.8898,19,2.04,0.8986,4,2.035,0.8964,10,0
IWM190920C156,2019-09-18,2019-09-18 09:33:41,2.05,0.903,19,2.02,0.8898,25,2.04,0.8986,4,2.035,0.8964,10,0
IWM190920C156,2019-09-18,2019-09-18 09:33:41,2.07,0.9118,33,2.02,0.8898,19,2.04,0.8986,4,2.045,0.9008,10,0
IWM190920C156,2019-09-18,2019-09-18 09:33:42,2.04,0.8986,19,2.01,0.8854,158,2.04,0.8986,4,2.025,0.892,10,0
IWM190920C156,2019-09-18,2019-09-18 09:33:42,2.05,0.903,19,2.02,0.8898,25,2.04,0.8986,4,2.035,0.8964,10,0
IWM190920C156,2019-09-18,2019-09-18 09:33:43,2.04,0.8986,19,2.01,0.8854,364,2.04,0.8986,4,2.025,0.892,10,0
IWM190920C156,2019-09-18,2019-09-18 09:33:44,2.04,0.8986,19,2.01,0.8854,364,2.04,0.8986,4,2.025,0.892,10,0
IWM190920C156,2019-09-18,2019-09-18 09:33:44,2.04,0.8986,19,2.01,0.8854,139,2.04,0.8986,4,2.025,0.892,10,0
IWM190920C156,2019-09-18,2019-09-18 09:33:45,2.04,0.8986,19,2.01,0.8854,139,2.04,0.8986,4,2.025,0.892,10,0
IWM190920C156,2019-09-18,2019-09-18 09:33:46,2.04,0.8986,19,2.01,0.8854,139,2.04,0.8986,4,2.025,0.892,10,0
IWM190920C156,2019-09-18,2019-09-18 09:33:47,2.02,0.8898,19,1.99,0.8766,175,2.04,0.8986,4,2.005,0.8832,10,0
IWM190920C156,2019-09-18,2019-09-18 09:33:47,2.02,0.8898,19,1.99,0.8766,266,2.04,0.8986,4,2.005,0.8832,10,0
IWM190920C156,2019-09-18,2019-09-18 09:33:48,2.03,0.8942,19,2.0,0.881,19,2.04,0.8986,4,2.015,0.8876,10,0
IWM190920C156,2019-09-18,2019-09-18 09:33:49,2.02,0.8898,19,1.99,0.8766,297,2.04,0.8986,4,2.005,0.8832,10,0
IWM190920C156,2019-09-18,2019-09-18 09:33:49,2.02,0.8898,19,1.99,0.8766,270,2.04,0.8986,4,2.005,0.8832,10,0
IWM190920C156,2019-09-18,2019-09-18 09:33:50,2.03,0.8942,19,2.0,0.881,19,2.04,0.8986,4,2.015,0.8876,10,0
IWM190920C156,2019-09-18,2019-09-18 09:33:50,2.03,0.8942,19,1.99,0.8766,139,2.04,0.8986,4,2.01,0.8854,10,0
IWM190920C156,2019-09-18,2019-09-18 09:33:51,2.03,0.8942,19,2.0,0.881,158,2.04,0.8986,4,2.015,0.8876,10,0
IWM190920C156,2019-09-18,2019-09-18 09:33:51,2.02,0.8898,19,1.99,0.8766,139,2.04,0.8986,4,2.005,0.8832,10,0
IWM190920C156,2019-09-18,2019-09-18 09:33:52,2.02,0.8898,19,1.99,0.8766,158,2.04,0.8986,4,2.005,0.8832,10,0
IWM190920C156,2019-09-18,2019-09-18 09:33:52,2.04,0.8986,32,1.99,0.8766,358,2.04,0.8986,4,2.015,0.8876,10,0
IWM190920C156,2019-09-18,2019-09-18 09:33:53,2.03,0.8942,19,2.0,0.881,19,2.04,0.8986,4,2.015,0.8876,10,0
IWM190920C156,2019-09-18,2019-09-18 09:33:54,2.03,0.8942,19,2.0,0.881,203,2.04,0.8986,4,2.015,0.8876,10,0
IWM190920C156,2019-09-18,2019-09-18 09:33:54,2.03,0.8942,19,2.0,0.881,369,2.04,0.8986,4,2.015,0.8876,10,0
IWM190920C156,2019-09-18,2019-09-18 09:33:55,2.03,0.8942,19,1.99,0.8766,279,2.04,0.8986,4,2.01,0.8854,10,0
IWM190920C156,2019-09-18,2019-09-18 09:33:55,2.03,0.8942,19,2.0,0.881,65,2.04,0.8986,4,2.015,0.8876,10,0
IWM190920C156,2019-09-18,2019-09-18 09:33:56,2.01,0.8854,1,1.99,0.8766,355,2.04,0.8986,4,2.0,0.881,10,0
IWM190920C156,2019-09-18,2019-09-18 09:33:56,2.04,0.8986,19,2.0,0.881,65,2.04,0.8986,4,2.02,0.8898,10,0
IWM190920C156,2019-09-18,2019-09-18 09:33:57,2.01,0.8854,1,1.99,0.8766,355,2.04,0.8986,4,2.0,0.881,10,0
IWM190920C156,2019-09-18,2019-09-18 09:33:58,2.01,0.8854,1,1.99,0.8766,294,2.04,0.8986,4,2.0,0.881,10,0
IWM190920C156,2019-09-18,2019-09-18 09:33:58,2.01,0.8854,19,1.98,0.8722,159,2.04,0.8986,4,1.995,0.8788,10,0
IWM190920C156,2019-09-18,2019-09-18 09:33:59,2.01,0.8854,19,1.98,0.8722,241,2.04,0.8986,4,1.995,0.8788,10,0
IWM190920C156,2019-09-18,2019-09-18 09:33:59,2.01,0.8854,19,1.98,0.8722,278,2.04,0.8986,4,1.995,0.8788,10,0
IWM190920C156,2019-09-18,2019-09-18 09:34:00,2.01,0.8854,19,1.98,0.8722,278,2.04,0.8986,4,1.995,0.8788,10,0
IWM190920C156,2019-09-18,2019-09-18 09:34:01,1.99,0.8766,19,1.96,0.8634,360,2.04,0.8986,4,1.975,0.87,10,0
IWM190920C156,2019-09-18,2019-09-18 09:34:01,2.0,0.881,19,1.96,0.8634,272,2.04,0.8986,4,1.98,0.8722,10,0
IWM190920C156,2019-09-18,2019-09-18 09:34:02,1.99,0.8766,19,1.96,0.8634,360,2.04,0.8986,4,1.975,0.87,10,0
IWM190920C156,2019-09-18,2019-09-18 09:34:03,1.98,0.8722,19,1.96,0.8634,272,2.04,0.8986,4,1.97,0.8678,10,0
IWM190920C156,2019-09-18,2019-09-18 09:34:03,1.97,0.8678,19,1.93,0.8502,186,1.96,0.8634,1,1.95,0.859,11,1
IWM190920C156,2019-09-18,2019-09-18 09:34:04,1.96,0.8634,19,1.93,0.8502,149,1.96,0.8634,1,1.945,0.8568,11,0
IWM190920C156,2019-09-18,2019-09-18 09:34:04,1.96,0.8634,19,1.93,0.8502,186,1.96,0.8634,1,1.945,0.8568,11,0
IWM190920C156,2019-09-18,2019-09-18 09:34:05,1.96,0.8634,19,1.92,0.8458,415,1.96,0.8634,1,1.94,0.8546,11,0
IWM190920C156,2019-09-18,2019-09-18 09:34:05,1.96,0.8634,19,1.92,0.8458,356,1.96,0.8634,1,1.94,0.8546,11,0
IWM190920C156,2019-09-18,2019-09-18 09:34:06,1.94,0.8546,19,1.91,0.8414,208,1.96,0.8634,1,1.925,0.848,11,0
IWM190920C156,2019-09-18,2019-09-18 09:34:06,1.95,0.859,19,1.91,0.8414,208,1.96,0.8634,1,1.93,0.8502,11,0
IWM190920C156,2019-09-18,2019-09-18 09:34:07,1.94,0.8546,19,1.91,0.8414,208,1.96,0.8634,1,1.925,0.848,11,0
IWM190920C156,2019-09-18,2019-09-18 09:34:07,1.95,0.859,4,1.92,0.8458,263,1.96,0.8634,1,1.935,0.8524,11,0
IWM190920C156,2019-09-18,2019-09-18 09:34:08,1.96,0.8634,19,1.92,0.8458,281,1.96,0.8634,1,1.94,0.8546,11,0
IWM190920C156,2019-09-18,2019-09-18 09:34:08,1.95,0.859,19,1.92,0.8458,281,1.96,0.8634,1,1.935,0.8524,11,0
IWM190920C156,2019-09-18,2019-09-18 09:34:09,1.95,0.859,19,1.92,0.8458,322,1.96,0.8634,1,1.935,0.8524,11,0
IWM190920C156,2019-09-18,2019-09-18 09:34:09,1.95,0.859,19,1.92,0.8458,276,1.96,0.8634,1,1.935,0.8524,11,0
IWM190920C156,2019-09-18,2019-09-18 09:34:10,1.96,0.8634,19,1.92,0.8458,322,1.96,0.8634,1,1.94,0.8546,11,0
IWM190920C156,2019-09-18,2019-09-18 09:34:10,1.96,0.8634,19,1.93,0.8502,149,1.96,0.8634,1,1.945,0.8568,11,0
IWM190920C156,2019-09-18,2019-09-18 09:34:11,1.96,0.8634,19,1.93,0.8502,302,1.96,0.8634,1,1.945,0.8568,11,0
IWM190920C156,2019-09-18,2019-09-18 09:34:12,1.96,0.8634,19,1.93,0.8502,302,1.96,0.8634,1,1.945,0.8568,11,0
IWM190920C156,2019-09-18,2019-09-18 09:34:13,1.96,0.8634,19,1.94,0.8546,19,1.96,0.8634,1,1.95,0.859,11,0
IWM190920C156,2019-09-18,2019-09-18 09:34:13,1.97,0.8678,19,1.94,0.8546,168,1.96,0.8634,1,1.955,0.8612,11,0
IWM190920C156,2019-09-18,2019-09-18 09:34:14,1.96,0.8634,19,1.93,0.8502,181,1.96,0.8634,1,1.945,0.8568,11,0
IWM190920C156,2019-09-18,2019-09-18 09:34:14,1.96,0.8634,19,1.93,0.8502,293,1.96,0.8634,1,1.945,0.8568,11,0
IWM190920C156,2019-09-18,2019-09-18 09:34:15,1.97,0.8678,36,1.93,0.8502,262,1.96,0.8634,1,1.95,0.859,11,0
IWM190920C156,2019-09-18,2019-09-18 09:34:15,1.96,0.8634,19,1.93,0.8502,293,1.96,0.8634,1,1.945,0.8568,11,0
IWM190920C156,2019-09-18,2019-09-18 09:34:16,1.97,0.8678,36,1.93,0.8502,262,1.96,0.8634,1,1.95,0.859,11,0
IWM190920C156,2019-09-18,2019-09-18 09:34:16,1.96,0.8634,19,1.93,0.8502,182,1.96,0.8634,1,1.945,0.8568,11,0
IWM190920C156,2019-09-18,2019-09-18 09:34:17,1.96,0.8634,19,1.93,0.8502,182,1.96,0.8634,1,1.945,0.8568,11,0
IWM190920C156,2019-09-18,2019-09-18 09:34:17,1.96,0.8634,19,1.93,0.8502,276,1.96,0.8634,1,1.945,0.8568,11,0
IWM190920C156,2019-09-18,2019-09-18 09:34:18,1.96,0.8634,19,1.92,0.8458,389,1.96,0.8634,1,1.94,0.8546,11,0
IWM190920C156,2019-09-18,2019-09-18 09:34:19,1.96,0.8634,19,1.92,0.8458,389,1.96,0.8634,1,1.94,0.8546,11,0
IWM190920C156,2019-09-18,2019-09-18 09:34:20,1.96,0.8634,19,1.92,0.8458,389,1.96,0.8634,1,1.94,0.8546,11,0
IWM190920C156,2019-09-18,2019-09-18 09:34:21,1.96,0.8634,19,1.92,0.8458,343,1.96,0.8634,1,1.94,0.8546,11,0
IWM190920C156,2019-09-18,2019-09-18 09:34:21,1.96,0.8634,19,1.92,0.8458,354,1.96,0.8634,1,1.94,0.8546,11,0
IWM190920C156,2019-09-18,2019-09-18 09:34:22,1.96,0.8634,19,1.93,0.8502,368,1.96,0.8634,1,1.945,0.8568,11,0
IWM190920C156,2019-09-18,2019-09-18 09:34:22,1.97,0.8678,19,1.94,0.8546,170,1.96,0.8634,1,1.955,0.8612,11,0
IWM190920C156,2019-09-18,2019-09-18 09:34:23,1.96,0.8634,19,1.93,0.8502,411,1.96,0.8634,1,1.945,0.8568,11,0
IWM190920C156,2019-09-18,2019-09-18 09:34:23,1.96,0.8634,19,1.93,0.8502,360,1.96,0.8634,1,1.945,0.8568,11,0
IWM190920C156,2019-09-18,2019-09-18 09:34:24,1.96,0.8634,19,1.93,0.8502,170,1.96,0.8634,1,1.945,0.8568,11,0
IWM190920C156,2019-09-18,2019-09-18 09:34:25,1.96,0.8634,10,1.93,0.8502,269,1.96,0.8634,1,1.945,0.8568,11,0
IWM190920C156,2019-09-18,2019-09-18 09:34:26,1.97,0.8678,19,1.94,0.8546,205,1.96,0.8634,1,1.955,0.8612,11,0
IWM190920C156,2019-09-18,2019-09-18 09:34:26,1.97,0.8678,19,1.94,0.8546,149,1.96,0.8634,1,1.955,0.8612,11,0
IWM190920C156,2019-09-18,2019-09-18 09:34:27,1.97,0.8678,19,1.93,0.8502,170,1.96,0.8634,1,1.95,0.859,11,0
IWM190920C156,2019-09-18,2019-09-18 09:34:27,1.95,0.859,19,1.93,0.8502,170,1.96,0.8634,1,1.94,0.8546,11,0
IWM190920C156,2019-09-18,2019-09-18 09:34:28,1.95,0.859,19,1.93,0.8502,149,1.96,0.8634,1,1.94,0.8546,11,0
IWM190920C156,2019-09-18,2019-09-18 09:34:29,1.95,0.859,19,1.92,0.8458,149,1.96,0.8634,1,1.935,0.8524,11,0
IWM190920C156,2019-09-18,2019-09-18 09:34:29,1.95,0.859,19,1.93,0.8502,149,1.96,0.8634,1,1.94,0.8546,11,0
IWM190920C156,2019-09-18,2019-09-18 09:34:30,1.95,0.859,19,1.92,0.8458,149,1.96,0.8634,1,1.935,0.8524,11,0
IWM190920C156,2019-09-18,2019-09-18 09:34:31,1.95,0.859,19,1.93,0.8502,149,1.96,0.8634,1,1.94,0.8546,11,0
IWM190920C156,2019-09-18,2019-09-18 09:34:31,1.95,0.859,19,1.93,0.8502,267,1.96,0.8634,1,1.94,0.8546,11,0
IWM190920C156,2019-09-18,2019-09-18 09:34:32,1.96,0.8634,19,1.93,0.8502,149,1.96,0.8634,1,1.945,0.8568,11,0
IWM190920C156,2019-09-18,2019-09-18 09:34:32,1.95,0.859,19,1.92,0.8458,149,1.96,0.8634,1,1.935,0.8524,11,0
IWM190920C156,2019-09-18,2019-09-18 09:34:33,1.95,0.859,19,1.91,0.8414,170,1.96,0.8634,1,1.93,0.8502,11,0
IWM190920C156,2019-09-18,2019-09-18 09:34:33,1.95,0.859,19,1.91,0.8414,267,1.96,0.8634,1,1.93,0.8502,11,0
IWM190920C156,2019-09-18,2019-09-18 09:34:34,1.95,0.859,19,1.91,0.8414,303,1.96,0.8634,1,1.93,0.8502,11,0
IWM190920C156,2019-09-18,2019-09-18 09:34:34,1.95,0.859,19,1.92,0.8458,207,1.96,0.8634,1,1.935,0.8524,11,0
IWM190920C156,2019-09-18,2019-09-18 09:34:35,1.94,0.8546,19,1.92,0.8458,149,1.96,0.8634,1,1.93,0.8502,11,0
IWM190920C156,2019-09-18,2019-09-18 09:34:35,1.95,0.859,19,1.92,0.8458,207,1.96,0.8634,1,1.935,0.8524,11,0
IWM190920C156,2019-09-18,2019-09-18 09:34:36,1.95,0.859,33,1.91,0.8414,271,1.96,0.8634,1,1.93,0.8502,11,0
IWM190920C156,2019-09-18,2019-09-18 09:34:36,1.95,0.859,33,1.92,0.8458,220,1.96,0.8634,1,1.935,0.8524,11,0
IWM190920C156,2019-09-18,2019-09-18 09:34:37,1.93,0.8502,19,1.91,0.8414,149,1.96,0.8634,1,1.92,0.8458,11,0
IWM190920C156,2019-09-18,2019-09-18 09:34:38,1.93,0.8502,19,1.91,0.8414,149,1.96,0.8634,1,1.92,0.8458,11,0
IWM190920C156,2019-09-18,2019-09-18 09:34:39,1.93,0.8502,19,1.91,0.8414,149,1.96,0.8634,1,1.92,0.8458,11,0
IWM190920C156,2019-09-18,2019-09-18 09:34:40,1.93,0.8502,21,1.9,0.837,149,1.96,0.8634,1,1.915,0.8436,11,0
IWM190920C156,2019-09-18,2019-09-18 09:34:41,1.96,0.8634,19,1.92,0.8458,182,1.96,0.8634,1,1.94,0.8546,11,0
IWM190920C156,2019-09-18,2019-09-18 09:34:41,1.93,0.8502,21,1.9,0.837,149,1.96,0.8634,1,1.915,0.8436,11,0
IWM190920C156,2019-09-18,2019-09-18 09:34:42,1.96,0.8634,66,1.92,0.8458,149,1.96,0.8634,1,1.94,0.8546,11,0
IWM190920C156,2019-09-18,2019-09-18 09:34:42,1.95,0.859,19,1.92,0.8458,149,1.96,0.8634,1,1.935,0.8524,11,0
IWM190920C156,2019-09-18,2019-09-18 09:34:43,1.95,0.859,19,1.92,0.8458,149,1.96,0.8634,1,1.935,0.8524,11,0
IWM190920C156,2019-09-18,2019-09-18 09:34:43,1.95,0.859,19,1.92,0.8458,215,1.96,0.8634,1,1.935,0.8524,11,0
IWM190920C156,2019-09-18,2019-09-18 09:34:44,1.95,0.859,19,1.92,0.8458,170,1.96,0.8634,1,1.935,0.8524,11,0
IWM190920C156,2019-09-18,2019-09-18 09:34:45,1.95,0.859,19,1.92,0.8458,149,1.96,0.8634,1,1.935,0.8524,11,0
IWM190920C156,2019-09-18,2019-09-18 09:34:46,1.94,0.8546,19,1.92,0.8458,149,1.96,0.8634,1,1.93,0.8502,11,0
IWM190920C156,2019-09-18,2019-09-18 09:34:46,1.95,0.859,19,1.92,0.8458,149,1.96,0.8634,1,1.935,0.8524,11,0
IWM190920C156,2019-09-18,2019-09-18 09:34:47,1.94,0.8546,19,1.92,0.8458,201,1.96,0.8634,1,1.93,0.8502,11,0
IWM190920C156,2019-09-18,2019-09-18 09:34:48,1.95,0.859,19,1.92,0.8458,275,1.96,0.8634,1,1.935,0.8524,11,0
IWM190920C156,2019-09-18,2019-09-18 09:34:49,1.94,0.8546,19,1.91,0.8414,149,1.96,0.8634,1,1.925,0.848,11,0
IWM190920C156,2019-09-18,2019-09-18 09:34:49,1.93,0.8502,19,1.91,0.8414,149,1.96,0.8634,1,1.92,0.8458,11,0
IWM190920C156,2019-09-18,2019-09-18 09:34:50,1.93,0.8502,19,1.91,0.8414,149,1.96,0.8634,1,1.92,0.8458,11,0
IWM190920C156,2019-09-18,2019-09-18 09:34:51,1.94,0.8546,19,1.91,0.8414,168,1.96,0.8634,1,1.925,0.848,11,0
IWM190920C156,2019-09-18,2019-09-18 09:34:51,1.94,0.8546,19,1.92,0.8458,255,1.96,0.8634,1,1.93,0.8502,11,0
IWM190920C156,2019-09-18,2019-09-18 09:34:52,1.95,0.859,19,1.92,0.8458,279,1.96,0.8634,1,1.935,0.8524,11,0
IWM190920C156,2019-09-18,2019-09-18 09:34:52,1.95,0.859,19,1.92,0.8458,229,1.96,0.8634,1,1.935,0.8524,11,0
IWM190920C156,2019-09-18,2019-09-18 09:34:53,1.94,0.8546,19,1.91,0.8414,259,1.96,0.8634,1,1.925,0.848,11,0
IWM190920C156,2019-09-18,2019-09-18 09:34:53,1.95,0.859,19,1.91,0.8414,203,1.96,0.8634,1,1.93,0.8502,11,0
IWM190920C156,2019-09-18,2019-09-18 09:34:54,1.94,0.8546,19,1.9,0.837,265,1.96,0.8634,1,1.92,0.8458,11,0
IWM190920C156,2019-09-18,2019-09-18 09:34:54,1.94,0.8546,19,1.9,0.837,269,1.96,0.8634,1,1.92,0.8458,11,0
IWM190920C156,2019-09-18,2019-09-18 09:34:55,1.93,0.8502,60,1.88,0.8281,170,1.96,0.8634,1,1.905,0.8392,11,0
IWM190920C156,2019-09-18,2019-09-18 09:34:55,1.94,0.8546,19,1.9,0.837,269,1.96,0.8634,1,1.92,0.8458,11,0
IWM190920C156,2019-09-18,2019-09-18 09:34:56,1.91,0.8414,19,1.88,0.8281,286,1.91,0.8414,1,1.895,0.8348,12,0
IWM190920C156,2019-09-18,2019-09-18 09:34:56,1.93,0.8502,138,1.88,0.8281,280,1.91,0.8414,1,1.905,0.8392,12,1
IWM190920C156,2019-09-18,2019-09-18 09:34:57,1.91,0.8414,22,1.88,0.8281,149,1.91,0.8414,1,1.895,0.8348,12,0
IWM190920C156,2019-09-18,2019-09-18 09:34:58,1.91,0.8414,19,1.88,0.8281,149,1.91,0.8414,1,1.895,0.8348,12,0
IWM190920C156,2019-09-18,2019-09-18 09:34:58,1.91,0.8414,22,1.88,0.8281,149,1.91,0.8414,1,1.895,0.8348,12,0
IWM190920C156,2019-09-18,2019-09-18 09:34:59,1.91,0.8414,24,1.88,0.8281,149,1.91,0.8414,1,1.895,0.8348,12,0
IWM190920C156,2019-09-18,2019-09-18 09:34:59,1.91,0.8414,24,1.88,0.8281,232,1.91,0.8414,1,1.895,0.8348,12,0
IWM190920C156,2019-09-18,2019-09-18 09:35:00,1.91,0.8414,19,1.88,0.8281,209,1.91,0.8414,1,1.895,0.8348,12,0
IWM190920C156,2019-09-18,2019-09-18 09:35:00,1.91,0.8414,24,1.88,0.8281,232,1.91,0.8414,1,1.895,0.8348,12,0
IWM190920C156,2019-09-18,2019-09-18 09:35:01,1.9,0.837,19,1.87,0.8237,149,1.91,0.8414,1,1.885,0.8303,12,0
IWM190920C156,2019-09-18,2019-09-18 09:35:01,1.89,0.8325,23,1.86,0.8193,289,1.91,0.8414,1,1.875,0.8259,12,0
IWM190920C156,2019-09-18,2019-09-18 09:35:02,1.89,0.8325,27,1.86,0.8193,338,1.91,0.8414,1,1.875,0.8259,12,0
IWM190920C156,2019-09-18,2019-09-18 09:35:02,1.89,0.8325,27,1.86,0.8193,327,1.91,0.8414,1,1.875,0.8259,12,0
IWM190920C156,2019-09-18,2019-09-18 09:35:03,1.9,0.837,27,1.87,0.8237,279,1.91,0.8414,1,1.885,0.8303,12,0
IWM190920C156,2019-09-18,2019-09-18 09:35:03,1.9,0.837,53,1.87,0.8237,219,1.91,0.8414,1,1.885,0.8303,12,0
IWM190920C156,2019-09-18,2019-09-18 09:35:04,1.9,0.837,28,1.86,0.8193,19,1.91,0.8414,1,1.88,0.8281,12,0
IWM190920C156,2019-09-18,2019-09-18 09:35:04,1.89,0.8325,19,1.87,0.8237,10,1.91,0.8414,1,1.88,0.8281,12,0
IWM190920C156,2019-09-18,2019-09-18 09:35:05,1.89,0.8325,22,1.85,0.8149,274,1.91,0.8414,1,1.87,0.8237,12,0
IWM190920C156,2019-09-18,2019-09-18 09:35:05,1.89,0.8325,24,1.86,0.8193,159,1.91,0.8414,1,1.875,0.8259,12,0
IWM190920C156,2019-09-18,2019-09-18 09:35:06,1.88,0.8281,19,1.85,0.8149,160,1.91,0.8414,1,1.865,0.8215,12,0
IWM190920C156,2019-09-18,2019-09-18 09:35:06,1.88,0.8281,28,1.84,0.8105,176,1.91,0.8414,1,1.86,0.8193,12,0
IWM190920C156,2019-09-18,2019-09-18 09:35:07,1.9,0.837,25,1.87,0.8237,19,1.91,0.8414,1,1.885,0.8303,12,0
IWM190920C156,2019-09-18,2019-09-18 09:35:07,1.9,0.837,22,1.87,0.8237,159,1.91,0.8414,1,1.885,0.8303,12,0
IWM190920C156,2019-09-18,2019-09-18 09:35:08,1.92,0.8458,19,1.89,0.8325,159,1.91,0.8414,1,1.905,0.8392,12,0
IWM190920C156,2019-09-18,2019-09-18 09:35:08,1.9,0.837,19,1.87,0.8237,19,1.91,0.8414,1,1.885,0.8303,12,0
IWM190920C156,2019-09-18,2019-09-18 09:35:09,1.93,0.8502,8,1.9,0.837,334,1.91,0.8414,1,1.915,0.8436,12,0
IWM190920C156,2019-09-18,2019-09-18 09:35:09,1.92,0.8458,21,1.88,0.8281,159,1.91,0.8414,1,1.9,0.837,12,0
IWM190920C156,2019-09-18,2019-09-18 09:35:10,1.92,0.8458,19,1.89,0.8325,160,1.91,0.8414,1,1.905,0.8392,12,0
IWM190920C156,2019-09-18,2019-09-18 09:35:10,1.92,0.8458,19,1.88,0.8281,206,1.91,0.8414,1,1.9,0.837,12,0
IWM190920C156,2019-09-18,2019-09-18 09:35:11,1.92,0.8458,19,1.88,0.8281,293,1.91,0.8414,1,1.9,0.837,12,0
IWM190920C156,2019-09-18,2019-09-18 09:35:12,1.94,0.8546,21,1.91,0.8414,140,1.91,0.8414,1,1.925,0.848,12,0
IWM190920C156,2019-09-18,2019-09-18 09:35:12,1.92,0.8458,19,1.89,0.8325,140,1.91,0.8414,1,1.905,0.8392,12,0
IWM190920C156,2019-09-18,2019-09-18 09:35:13,1.93,0.8502,19,1.9,0.837,159,1.91,0.8414,1,1.915,0.8436,12,0
IWM190920C156,2019-09-18,2019-09-18 09:35:14,1.92,0.8458,19,1.89,0.8325,249,1.91,0.8414,1,1.905,0.8392,12,0
IWM190920C156,2019-09-18,2019-09-18 09:35:14,1.92,0.8458,19,1.89,0.8325,277,1.91,0.8414,1,1.905,0.8392,12,0
IWM190920C156,2019-09-18,2019-09-18 09:35:15,1.92,0.8458,19,1.89,0.8325,277,1.91,0.8414,1,1.905,0.8392,12,0
IWM190920C156,2019-09-18,2019-09-18 09:35:15,1.92,0.8458,19,1.89,0.8325,249,1.91,0.8414,1,1.905,0.8392,12,0
IWM190920C156,2019-09-18,2019-09-18 09:35:16,1.93,0.8502,19,1.9,0.837,271,1.91,0.8414,1,1.915,0.8436,12,0
IWM190920C156,2019-09-18,2019-09-18 09:35:16,1.93,0.8502,19,1.89,0.8325,281,1.91,0.8414,1,1.91,0.8414,12,0
IWM190920C156,2019-09-18,2019-09-18 09:35:17,1.93,0.8502,22,1.9,0.837,151,1.91,0.8414,1,1.915,0.8436,12,0
IWM190920C156,2019-09-18,2019-09-18 09:35:17,1.93,0.8502,22,1.9,0.837,24,1.91,0.8414,1,1.915,0.8436,12,0
IWM190920C156,2019-09-18,2019-09-18 09:35:18,1.93,0.8502,24,1.9,0.837,151,1.91,0.8414,1,1.915,0.8436,12,0
IWM190920C156,2019-09-18,2019-09-18 09:35:18,1.93,0.8502,22,1.9,0.837,151,1.91,0.8414,1,1.915,0.8436,12,0
IWM190920C156,2019-09-18,2019-09-18 09:35:19,1.93,0.8502,24,1.9,0.837,151,1.91,0.8414,1,1.915,0.8436,12,0
IWM190920C156,2019-09-18,2019-09-18 09:35:20,1.93,0.8502,24,1.89,0.8325,170,1.91,0.8414,1,1.91,0.8414,12,0
IWM190920C156,2019-09-18,2019-09-18 09:35:20,1.93,0.8502,24,1.9,0.837,151,1.91,0.8414,1,1.915,0.8436,12,0
IWM190920C156,2019-09-18,2019-09-18 09:35:21,1.92,0.8458,19,1.89,0.8325,279,1.91,0.8414,1,1.905,0.8392,12,0
IWM190920C156,2019-09-18,2019-09-18 09:35:21,1.93,0.8502,24,1.89,0.8325,279,1.91,0.8414,1,1.91,0.8414,12,0
IWM190920C156,2019-09-18,2019-09-18 09:35:22,1.92,0.8458,19,1.88,0.8281,271,1.91,0.8414,1,1.9,0.837,12,0
IWM190920C156,2019-09-18,2019-09-18 09:35:23,1.91,0.8414,19,1.88,0.8281,271,1.91,0.8414,1,1.895,0.8348,12,0
IWM190920C156,2019-09-18,2019-09-18 09:35:24,1.91,0.8414,20,1.86,0.8193,140,1.91,0.8414,1,1.885,0.8303,12,0
IWM190920C156,2019-09-18,2019-09-18 09:35:25,1.91,0.8414,39,1.85,0.8149,140,1.91,0.8414,1,1.88,0.8281,12,0
IWM190920C156,2019-09-18,2019-09-18 09:35:25,1.91,0.8414,108,1.85,0.8149,140,1.91,0.8414,1,1.88,0.8281,12,0
IWM190920C156,2019-09-18,2019-09-18 09:35:26,1.89,0.8325,32,1.85,0.8149,159,1.91,0.8414,1,1.87,0.8237,12,0
IWM190920C156,2019-09-18,2019-09-18 09:35:26,1.88,0.8281,19,1.85,0.8149,173,1.91,0.8414,1,1.865,0.8215,12,0
IWM190920C156,2019-09-18,2019-09-18 09:35:27,1.9,0.837,19,1.86,0.8193,159,1.91,0.8414,1,1.88,0.8281,12,0
IWM190920C156,2019-09-18,2019-09-18 09:35:27,1.9,0.837,19,1.86,0.8193,173,1.91,0.8414,1,1.88,0.8281,12,0
IWM190920C156,2019-09-18,2019-09-18 09:35:28,1.91,0.8414,19,1.88,0.8281,272,1.91,0.8414,1,1.895,0.8348,12,0
IWM190920C156,2019-09-18,2019-09-18 09:35:28,1.91,0.8414,19,1.88,0.8281,172,1.91,0.8414,1,1.895,0.8348,12,0
IWM190920C156,2019-09-18,2019-09-18 09:35:29,1.91,0.8414,19,1.87,0.8237,258,1.91,0.8414,1,1.89,0.8325,12,0
IWM190920C156,2019-09-18,2019-09-18 09:35:29,1.91,0.8414,19,1.87,0.8237,140,1.91,0.8414,1,1.89,0.8325,12,0
IWM190920C156,2019-09-18,2019-09-18 09:35:30,1.9,0.837,23,1.86,0.8193,244,1.91,0.8414,1,1.88,0.8281,12,0
IWM190920C156,2019-09-18,2019-09-18 09:35:30,1.9,0.837,23,1.86,0.8193,273,1.91,0.8414,1,1.88,0.8281,12,0
IWM190920C156,2019-09-18,2019-09-18 09:35:31,1.91,0.8414,23,1.88,0.8281,219,1.91,0.8414,1,1.895,0.8348,12,0
IWM190920C156,2019-09-18,2019-09-18 09:35:32,1.9,0.837,19,1.87,0.8237,140,1.91,0.8414,1,1.885,0.8303,12,0
IWM190920C156,2019-09-18,2019-09-18 09:35:32,1.91,0.8414,23,1.88,0.8281,140,1.91,0.8414,1,1.895,0.8348,12,0
IWM190920C156,2019-09-18,2019-09-18 09:35:33,1.9,0.837,19,1.87,0.8237,159,1.91,0.8414,1,1.885,0.8303,12,0
IWM190920C156,2019-09-18,2019-09-18 09:35:33,1.9,0.837,21,1.87,0.8237,159,1.91,0.8414,1,1.885,0.8303,12,0
IWM190920C156,2019-09-18,2019-09-18 09:35:34,1.9,0.837,21,1.87,0.8237,140,1.91,0.8414,1,1.885,0.8303,12,0
IWM190920C156,2019-09-18,2019-09-18 09:35:35,1.9,0.837,19,1.87,0.8237,159,1.91,0.8414,1,1.885,0.8303,12,0
IWM190920C156,2019-09-18,2019-09-18 09:35:35,1.9,0.837,21,1.87,0.8237,140,1.91,0.8414,1,1.885,0.8303,12,0
IWM190920C156,2019-09-18,2019-09-18 09:35:36,1.9,0.837,21,1.87,0.8237,159,1.91,0.8414,1,1.885,0.8303,12,0
IWM190920C156,2019-09-18,2019-09-18 09:35:36,1.89,0.8325,19,1.87,0.8237,140,1.91,0.8414,1,1.88,0.8281,12,0
IWM190920C156,2019-09-18,2019-09-18 09:35:37,1.89,0.8325,19,1.87,0.8237,140,1.91,0.8414,1,1.88,0.8281,12,0
IWM190920C156,2019-09-18,2019-09-18 09:35:37,1.9,0.837,29,1.87,0.8237,140,1.91,0.8414,1,1.885,0.8303,12,0
IWM190920C156,2019-09-18,2019-09-18 09:35:38,1.9,0.837,29,1.87,0.8237,140,1.91,0.8414,1,1.885,0.8303,12,0
IWM190920C156,2019-09-18,2019-09-18 09:35:38,1.9,0.837,21,1.87,0.8237,159,1.91,0.8414,1,1.885,0.8303,12,0
IWM190920C156,2019-09-18,2019-09-18 09:35:39,1.9,0.837,19,1.87,0.8237,159,1.91,0.8414,1,1.885,0.8303,12,0
IWM190920C156,2019-09-18,2019-09-18 09:35:39,1.91,0.8414,21,1.88,0.8281,19,1.91,0.8414,1,1.895,0.8348,12,0
IWM190920C156,2019-09-18,2019-09-18 09:35:40,1.92,0.8458,21,1.88,0.8281,272,1.91,0.8414,1,1.9,0.837,12,0
IWM190920C156,2019-09-18,2019-09-18 09:35:40,1.92,0.8458,21,1.88,0.8281,282,1.91,0.8414,1,1.9,0.837,12,0
IWM190920C156,2019-09-18,2019-09-18 09:35:41,1.91,0.8414,19,1.88,0.8281,282,1.91,0.8414,1,1.895,0.8348,12,0
IWM190920C156,2019-09-18,2019-09-18 09:35:42,1.94,0.8546,41,1.9,0.837,272,1.91,0.8414,1,1.92,0.8458,12,0
IWM190920C156,2019-09-18,2019-09-18 09:35:42,1.91,0.8414,19,1.88,0.8281,282,1.91,0.8414,1,1.895,0.8348,12,0
IWM190920C156,2019-09-18,2019-09-18 09:35:43,1.93,0.8502,19,1.9,0.837,183,1.91,0.8414,1,1.915,0.8436,12,0
IWM190920C156,2019-09-18,2019-09-18 09:35:43,1.93,0.8502,19,1.9,0.837,159,1.91,0.8414,1,1.915,0.8436,12,0
IWM190920C156,2019-09-18,2019-09-18 09:35:44,1.93,0.8502,19,1.9,0.837,282,1.91,0.8414,1,1.915,0.8436,12,0
IWM190920C156,2019-09-18,2019-09-18 09:35:44,1.93,0.8502,19,1.9,0.837,180,1.91,0.8414,1,1.915,0.8436,12,0
IWM190920C156,2019-09-18,2019-09-18 09:35:45,1.93,0.8502,19,1.9,0.837,282,1.91,0.8414,1,1.915,0.8436,12,0
IWM190920C156,2019-09-18,2019-09-18 09:35:46,1.93,0.8502,19,1.9,0.837,315,1.91,0.8414,1,1.915,0.8436,12,0
IWM190920C156,2019-09-18,2019-09-18 09:35:46,1.93,0.8502,19,1.9,0.837,365,1.91,0.8414,1,1.915,0.8436,12,0
IWM190920C156,2019-09-18,2019-09-18 09:35:47,1.93,0.8502,19,1.9,0.837,162,1.91,0.8414,1,1.915,0.8436,12,0
IWM190920C156,2019-09-18,2019-09-18 09:35:47,1.92,0.8458,21,1.89,0.8325,163,1.91,0.8414,1,1.905,0.8392,12,0
IWM190920C156,2019-09-18,2019-09-18 09:35:48,1.92,0.8458,19,1.89,0.8325,21,1.91,0.8414,1,1.905,0.8392,12,0
IWM190920C156,2019-09-18,2019-09-18 09:35:48,1.92,0.8458,23,1.89,0.8325,19,1.91,0.8414,1,1.905,0.8392,12,0
IWM190920C156,2019-09-18,2019-09-18 09:35:50,1.92,0.8458,21,1.89,0.8325,81,1.91,0.8414,1,1.905,0.8392,12,0
IWM190920C156,2019-09-18,2019-09-18 09:35:50,1.92,0.8458,21,1.89,0.8325,159,1.91,0.8414,1,1.905,0.8392,12,0
IWM190920C156,2019-09-18,2019-09-18 09:35:51,1.92,0.8458,21,1.88,0.8281,183,1.91,0.8414,1,1.9,0.837,12,0
IWM190920C156,2019-09-18,2019-09-18 09:35:51,1.91,0.8414,21,1.87,0.8237,305,1.91,0.8414,1,1.89,0.8325,12,0
IWM190920C156,2019-09-18,2019-09-18 09:35:52,1.91,0.8414,21,1.87,0.8237,305,1.91,0.8414,1,1.89,0.8325,12,0
IWM190920C156,2019-09-18,2019-09-18 09:35:52,1.91,0.8414,19,1.88,0.8281,278,1.91,0.8414,1,1.895,0.8348,12,0
IWM190920C156,2019-09-18,2019-09-18 09:35:53,1.92,0.8458,19,1.89,0.8325,221,1.91,0.8414,1,1.905,0.8392,12,0
IWM190920C156,2019-09-18,2019-09-18 09:35:53,1.92,0.8458,23,1.89,0.8325,19,1.91,0.8414,1,1.905,0.8392,12,0
IWM190920C156,2019-09-18,2019-09-18 09:35:54,1.92,0.8458,23,1.89,0.8325,25,1.91,0.8414,1,1.905,0.8392,12,0
IWM190920C156,2019-09-18,2019-09-18 09:35:54,1.92,0.8458,23,1.89,0.8325,19,1.91,0.8414,1,1.905,0.8392,12,0
IWM190920C156,2019-09-18,2019-09-18 09:35:55,1.93,0.8502,23,1.9,0.837,19,1.91,0.8414,1,1.915,0.8436,12,0
IWM190920C156,2019-09-18,2019-09-18 09:35:56,1.92,0.8458,21,1.89,0.8325,162,1.91,0.8414,1,1.905,0.8392,12,0
IWM190920C156,2019-09-18,2019-09-18 09:35:56,1.92,0.8458,21,1.89,0.8325,19,1.91,0.8414,1,1.905,0.8392,12,0
IWM190920C156,2019-09-18,2019-09-18 09:35:57,1.9,0.837,19,1.87,0.8237,162,1.91,0.8414,1,1.885,0.8303,12,0
IWM190920C156,2019-09-18,2019-09-18 09:35:57,1.92,0.8458,26,1.88,0.8281,373,1.91,0.8414,1,1.9,0.837,12,0
IWM190920C156,2019-09-18,2019-09-18 09:35:58,1.91,0.8414,24,1.87,0.8237,279,1.91,0.8414,1,1.89,0.8325,12,0
IWM190920C156,2019-09-18,2019-09-18 09:35:58,1.9,0.837,22,1.87,0.8237,281,1.91,0.8414,1,1.885,0.8303,12,0
IWM190920C156,2019-09-18,2019-09-18 09:35:59,1.9,0.837,19,1.87,0.8237,281,1.91,0.8414,1,1.885,0.8303,12,0
IWM190920C156,2019-09-18,2019-09-18 09:35:59,1.91,0.8414,22,1.87,0.8237,281,1.91,0.8414,1,1.89,0.8325,12,0
IWM190920C156,2019-09-18,2019-09-18 09:36:00,1.91,0.8414,22,1.87,0.8237,19,1.91,0.8414,1,1.89,0.8325,12,0
IWM190920C156,2019-09-18,2019-09-18 09:36:00,1.9,0.837,22,1.86,0.8193,176,1.91,0.8414,1,1.88,0.8281,12,0
IWM190920C156,2019-09-18,2019-09-18 09:36:01,1.91,0.8414,24,1.88,0.8281,172,1.91,0.8414,1,1.895,0.8348,12,0
IWM190920C156,2019-09-18,2019-09-18 09:36:01,1.9,0.837,21,1.87,0.8237,159,1.91,0.8414,1,1.885,0.8303,12,0
IWM190920C156,2019-09-18,2019-09-18 09:36:02,1.89,0.8325,22,1.86,0.8193,278,1.91,0.8414,1,1.875,0.8259,12,0
IWM190920C156,2019-09-18,2019-09-18 09:36:02,1.89,0.8325,19,1.87,0.8237,140,1.91,0.8414,1,1.88,0.8281,12,0
IWM190920C156,2019-09-18,2019-09-18 09:36:03,1.89,0.8325,19,1.86,0.8193,173,1.91,0.8414,1,1.875,0.8259,12,0
IWM190920C156,2019-09-18,2019-09-18 09:36:03,1.89,0.8325,24,1.86,0.8193,140,1.91,0.8414,1,1.875,0.8259,12,0
IWM190920C156,2019-09-18,2019-09-18 09:36:04,1.89,0.8325,21,1.86,0.8193,302,1.91,0.8414,1,1.875,0.8259,12,0
IWM190920C156,2019-09-18,2019-09-18 09:36:05,1.89,0.8325,23,1.86,0.8193,279,1.91,0.8414,1,1.875,0.8259,12,0
IWM190920C156,2019-09-18,2019-09-18 09:36:05,1.89,0.8325,21,1.86,0.8193,318,1.91,0.8414,1,1.875,0.8259,12,0
IWM190920C156,2019-09-18,2019-09-18 09:36:06,1.88,0.8281,22,1.85,0.8149,285,1.91,0.8414,1,1.865,0.8215,12,0
IWM190920C156,2019-09-18,2019-09-18 09:36:06,1.89,0.8325,24,1.86,0.8193,279,1.91,0.8414,1,1.875,0.8259,12,0
IWM190920C156,2019-09-18,2019-09-18 09:36:07,1.89,0.8325,31,1.85,0.8149,232,1.91,0.8414,1,1.87,0.8237,12,0
IWM190920C156,2019-09-18,2019-09-18 09:36:08,1.89,0.8325,31,1.85,0.8149,364,1.91,0.8414,1,1.87,0.8237,12,0
IWM190920C156,2019-09-18,2019-09-18 09:36:08,1.89,0.8325,22,1.85,0.8149,364,1.91,0.8414,1,1.87,0.8237,12,0
IWM190920C156,2019-09-18,2019-09-18 09:36:09,1.89,0.8325,24,1.86,0.8193,19,1.91,0.8414,1,1.875,0.8259,12,0
IWM190920C156,2019-09-18,2019-09-18 09:36:09,1.89,0.8325,24,1.85,0.8149,278,1.91,0.8414,1,1.87,0.8237,12,0
IWM190920C156,2019-09-18,2019-09-18 09:36:10,1.89,0.8325,24,1.85,0.8149,359,1.91,0.8414,1,1.87,0.8237,12,0
IWM190920C156,2019-09-18,2019-09-18 09:36:11,1.89,0.8325,24,1.85,0.8149,359,1.91,0.8414,1,1.87,0.8237,12,0
IWM190920C156,2019-09-18,2019-09-18 09:36:11,1.88,0.8281,19,1.85,0.8149,359,1.91,0.8414,1,1.865,0.8215,12,0
IWM190920C156,2019-09-18,2019-09-18 09:36:12,1.88,0.8281,16,1.85,0.8149,52,1.91,0.8414,1,1.865,0.8215,12,0
IWM190920C156,2019-09-18,2019-09-18 09:36:12,1.87,0.8237,19,1.84,0.8105,309,1.91,0.8414,1,1.855,0.8171,12,0
IWM190920C156,2019-09-18,2019-09-18 09:36:13,1.88,0.8281,24,1.85,0.8149,274,1.91,0.8414,1,1.865,0.8215,12,0
IWM190920C156,2019-09-18,2019-09-18 09:36:13,1.88,0.8281,19,1.85,0.8149,221,1.91,0.8414,1,1.865,0.8215,12,0
IWM190920C156,2019-09-18,2019-09-18 09:36:14,1.88,0.8281,19,1.85,0.8149,80,1.91,0.8414,1,1.865,0.8215,12,0
IWM190920C156,2019-09-18,2019-09-18 09:36:14,1.88,0.8281,24,1.85,0.8149,44,1.91,0.8414,1,1.865,0.8215,12,0
IWM190920C156,2019-09-18,2019-09-18 09:36:15,1.9,0.837,34,1.86,0.8193,351,1.91,0.8414,1,1.88,0.8281,12,0
IWM190920C156,2019-09-18,2019-09-18 09:36:15,1.88,0.8281,19,1.86,0.8193,351,1.91,0.8414,1,1.87,0.8237,12,0
IWM190920C156,2019-09-18,2019-09-18 09:36:16,1.9,0.837,34,1.87,0.8237,159,1.91,0.8414,1,1.885,0.8303,12,0
IWM190920C156,2019-09-18,2019-09-18 09:36:16,1.9,0.837,19,1.87,0.8237,277,1.91,0.8414,1,1.885,0.8303,12,0
IWM190920C156,2019-09-18,2019-09-18 09:36:17,1.91,0.8414,19,1.89,0.8325,99,1.91,0.8414,1,1.9,0.837,12,0
IWM190920C156,2019-09-18,2019-09-18 09:36:17,1.92,0.8458,23,1.89,0.8325,159,1.91,0.8414,1,1.905,0.8392,12,0
IWM190920C156,2019-09-18,2019-09-18 09:36:18,1.92,0.8458,23,1.89,0.8325,20,1.91,0.8414,1,1.905,0.8392,12,0
IWM190920C156,2019-09-18,2019-09-18 09:36:18,1.93,0.8502,19,1.9,0.837,25,1.91,0.8414,1,1.915,0.8436,12,0
IWM190920C156,2019-09-18,2019-09-18 09:36:19,1.93,0.8502,19,1.9,0.837,150,1.91,0.8414,1,1.915,0.8436,12,0
IWM190920C156,2019-09-18,2019-09-18 09:36:19,1.92,0.8458,19,1.9,0.837,140,1.91,0.8414,1,1.91,0.8414,12,0
IWM190920C156,2019-09-18,2019-09-18 09:36:20,1.92,0.8458,19,1.89,0.8325,293,1.91,0.8414,1,1.905,0.8392,12,0
IWM190920C156,2019-09-18,2019-09-18 09:36:20,1.92,0.8458,19,1.9,0.837,140,1.91,0.8414,1,1.91,0.8414,12,0
IWM190920C156,2019-09-18,2019-09-18 09:36:21,1.92,0.8458,19,1.89,0.8325,140,1.91,0.8414,1,1.905,0.8392,12,0
IWM190920C156,2019-09-18,2019-09-18 09:36:22,1.92,0.8458,27,1.89,0.8325,19,1.91,0.8414,1,1.905,0.8392,12,0
IWM190920C156,2019-09-18,2019-09-18 09:36:22,1.93,0.8502,30,1.9,0.837,22,1.91,0.8414,1,1.915,0.8436,12,0
IWM190920C156,2019-09-18,2019-09-18 09:36:23,1.93,0.8502,19,1.9,0.837,159,1.91,0.8414,1,1.915,0.8436,12,0
IWM190920C156,2019-09-18,2019-09-18 09:36:24,1.95,0.859,19,1.92,0.8458,159,1.91,0.8414,1,1.935,0.8524,12,0
IWM190920C156,2019-09-18,2019-09-18 09:36:24,1.95,0.859,38,1.92,0.8458,159,1.91,0.8414,1,1.935,0.8524,12,0
IWM190920C156,2019-09-18,2019-09-18 09:36:25,1.96,0.8634,24,1.94,0.8546,221,1.91,0.8414,1,1.95,0.859,12,0
IWM190920C156,2019-09-18,2019-09-18 09:36:25,1.98,0.8722,38,1.95,0.859,90,1.91,0.8414,1,1.965,0.8656,12,0
IWM190920C156,2019-09-18,2019-09-18 09:36:26,1.98,0.8722,38,1.95,0.859,140,1.91,0.8414,1,1.965,0.8656,12,0
IWM190920C156,2019-09-18,2019-09-18 09:36:26,1.96,0.8634,19,1.93,0.8502,210,1.91,0.8414,1,1.945,0.8568,12,0
IWM190920C156,2019-09-18,2019-09-18 09:36:27,1.96,0.8634,19,1.93,0.8502,348,1.91,0.8414,1,1.945,0.8568,12,0
IWM190920C156,2019-09-18,2019-09-18 09:36:27,1.97,0.8678,39,1.94,0.8546,19,1.91,0.8414,1,1.955,0.8612,12,0
IWM190920C156,2019-09-18,2019-09-18 09:36:28,1.97,0.8678,19,1.94,0.8546,79,1.91,0.8414,1,1.955,0.8612,12,0
IWM190920C156,2019-09-18,2019-09-18 09:36:28,1.96,0.8634,19,1.93,0.8502,348,1.91,0.8414,1,1.945,0.8568,12,0
IWM190920C156,2019-09-18,2019-09-18 09:36:29,1.97,0.8678,19,1.93,0.8502,337,1.91,0.8414,1,1.95,0.859,12,0
IWM190920C156,2019-09-18,2019-09-18 09:36:30,1.97,0.8678,19,1.93,0.8502,337,1.91,0.8414,1,1.95,0.859,12,0
IWM190920C156,2019-09-18,2019-09-18 09:36:31,1.95,0.859,19,1.92,0.8458,163,1.91,0.8414,1,1.935,0.8524,12,0
IWM190920C156,2019-09-18,2019-09-18 09:36:32,1.95,0.859,39,1.92,0.8458,160,1.91,0.8414,1,1.935,0.8524,12,0
IWM190920C156,2019-09-18,2019-09-18 09:36:32,1.95,0.859,39,1.93,0.8502,86,1.91,0.8414,1,1.94,0.8546,12,0
IWM190920C156,2019-09-18,2019-09-18 09:36:33,1.96,0.8634,52,1.92,0.8458,160,1.91,0.8414,1,1.94,0.8546,12,0
IWM190920C156,2019-09-18,2019-09-18 09:36:33,1.95,0.859,30,1.92,0.8458,276,1.91,0.8414,1,1.935,0.8524,12,0
IWM190920C156,2019-09-18,2019-09-18 09:36:34,1.95,0.859,30,1.91,0.8414,266,1.91,0.8414,1,1.93,0.8502,12,0
IWM190920C156,2019-09-18,2019-09-18 09:36:34,1.95,0.859,19,1.91,0.8414,266,1.91,0.8414,1,1.93,0.8502,12,0
IWM190920C156,2019-09-18,2019-09-18 09:36:35,1.95,0.859,39,1.92,0.8458,280,1.91,0.8414,1,1.935,0.8524,12,0
IWM190920C156,2019-09-18,2019-09-18 09:36:35,1.95,0.859,19,1.92,0.8458,280,1.91,0.8414,1,1.935,0.8524,12,0
IWM190920C156,2019-09-18,2019-09-18 09:36:36,1.95,0.859,39,1.92,0.8458,160,1.91,0.8414,1,1.935,0.8524,12,0
IWM190920C156,2019-09-18,2019-09-18 09:36:36,1.95,0.859,61,1.91,0.8414,296,1.91,0.8414,1,1.93,0.8502,12,0
IWM190920C156,2019-09-18,2019-09-18 09:36:37,1.95,0.859,39,1.92,0.8458,32,1.91,0.8414,1,1.935,0.8524,12,0
IWM190920C156,2019-09-18,2019-09-18 09:36:37,1.95,0.859,61,1.91,0.8414,280,1.91,0.8414,1,1.93,0.8502,12,0
IWM190920C156,2019-09-18,2019-09-18 09:36:38,1.95,0.859,39,1.92,0.8458,19,1.91,0.8414,1,1.935,0.8524,12,0
IWM190920C156,2019-09-18,2019-09-18 09:36:38,1.95,0.859,51,1.92,0.8458,19,1.91,0.8414,1,1.935,0.8524,12,0
IWM190920C156,2019-09-18,2019-09-18 09:36:39,1.95,0.859,51,1.92,0.8458,27,1.91,0.8414,1,1.935,0.8524,12,0
IWM190920C156,2019-09-18,2019-09-18 09:36:39,1.93,0.8502,19,1.9,0.837,326,1.91,0.8414,1,1.915,0.8436,12,0
IWM190920C156,2019-09-18,2019-09-18 09:36:40,1.93,0.8502,19,1.9,0.837,272,1.91,0.8414,1,1.915,0.8436,12,0
IWM190920C156,2019-09-18,2019-09-18 09:36:41,1.93,0.8502,19,1.9,0.837,272,1.91,0.8414,1,1.915,0.8436,12,0
IWM190920C156,2019-09-18,2019-09-18 09:36:41,1.93,0.8502,19,1.89,0.8325,194,1.91,0.8414,1,1.91,0.8414,12,0
IWM190920C156,2019-09-18,2019-09-18 09:36:42,1.91,0.8414,19,1.88,0.8281,192,1.91,0.8414,1,1.895,0.8348,12,0
IWM190920C156,2019-09-18,2019-09-18 09:36:43,1.92,0.8458,19,1.89,0.8325,283,1.91,0.8414,1,1.905,0.8392,12,0
IWM190920C156,2019-09-18,2019-09-18 09:36:43,1.92,0.8458,45,1.88,0.8281,385,1.91,0.8414,1,1.9,0.837,12,0
IWM190920C156,2019-09-18,2019-09-18 09:36:44,1.94,0.8546,39,1.91,0.8414,173,1.91,0.8414,1,1.925,0.848,12,0
IWM190920C156,2019-09-18,2019-09-18 09:36:45,1.94,0.8546,59,1.91,0.8414,262,1.91,0.8414,1,1.925,0.848,12,0
IWM190920C156,2019-09-18,2019-09-18 09:36:46,1.93,0.8502,39,1.9,0.837,196,1.91,0.8414,1,1.915,0.8436,12,0
IWM190920C156,2019-09-18,2019-09-18 09:36:46,1.93,0.8502,49,1.9,0.837,283,1.91,0.8414,1,1.915,0.8436,12,0
IWM190920C156,2019-09-18,2019-09-18 09:36:47,1.91,0.8414,39,1.87,0.8237,191,1.91,0.8414,1,1.89,0.8325,12,0
IWM190920C156,2019-09-18,2019-09-18 09:36:47,1.92,0.8458,19,1.89,0.8325,373,1.91,0.8414,1,1.905,0.8392,12,0
IWM190920C156,2019-09-18,2019-09-18 09:36:48,1.92,0.8458,30,1.89,0.8325,141,1.91,0.8414,1,1.905,0.8392,12,0
IWM190920C156,2019-09-18,2019-09-18 09:36:48,1.92,0.8458,19,1.89,0.8325,141,1.91,0.8414,1,1.905,0.8392,12,0
IWM190920C156,2019-09-18,2019-09-18 09:36:49,1.92,0.8458,19,1.89,0.8325,141,1.91,0.8414,1,1.905,0.8392,12,0
IWM190920C156,2019-09-18,2019-09-18 09:36:49,1.92,0.8458,38,1.89,0.8325,281,1.91,0.8414,1,1.905,0.8392,12,0
IWM190920C156,2019-09-18,2019-09-18 09:36:50,1.93,0.8502,38,1.89,0.8325,281,1.91,0.8414,1,1.91,0.8414,12,0
IWM190920C156,2019-09-18,2019-09-18 09:36:50,1.92,0.8458,35,1.89,0.8325,281,1.91,0.8414,1,1.905,0.8392,12,0
IWM190920C156,2019-09-18,2019-09-18 09:36:51,1.92,0.8458,20,1.89,0.8325,5,1.91,0.8414,1,1.905,0.8392,12,0
IWM190920C156,2019-09-18,2019-09-18 09:36:51,1.91,0.8414,39,1.88,0.8281,274,1.91,0.8414,1,1.895,0.8348,12,0
IWM190920C156,2019-09-18,2019-09-18 09:36:52,1.9,0.837,59,1.87,0.8237,255,1.91,0.8414,1,1.885,0.8303,12,0
IWM190920C156,2019-09-18,2019-09-18 09:36:52,1.9,0.837,49,1.87,0.8237,164,1.91,0.8414,1,1.885,0.8303,12,0
IWM190920C156,2019-09-18,2019-09-18 09:36:53,1.89,0.8325,19,1.86,0.8193,278,1.91,0.8414,1,1.875,0.8259,12,0
IWM190920C156,2019-09-18,2019-09-18 09:36:53,1.89,0.8325,66,1.86,0.8193,241,1.91,0.8414,1,1.875,0.8259,12,0
IWM190920C156,2019-09-18,2019-09-18 09:36:54,1.9,0.837,39,1.86,0.8193,180,1.91,0.8414,1,1.88,0.8281,12,0
IWM190920C156,2019-09-18,2019-09-18 09:36:54,1.9,0.837,39,1.86,0.8193,321,1.91,0.8414,1,1.88,0.8281,12,0
IWM190920C156,2019-09-18,2019-09-18 09:36:55,1.89,0.8325,39,1.86,0.8193,19,1.91,0.8414,1,1.875,0.8259,12,0
IWM190920C156,2019-09-18,2019-09-18 09:36:55,1.88,0.8281,39,1.85,0.8149,296,1.91,0.8414,1,1.865,0.8215,12,0
IWM190920C156,2019-09-18,2019-09-18 09:36:56,1.89,0.8325,51,1.86,0.8193,43,1.91,0.8414,1,1.875,0.8259,12,0
IWM190920C156,2019-09-18,2019-09-18 09:36:56,1.89,0.8325,51,1.86,0.8193,41,1.91,0.8414,1,1.875,0.8259,12,0
IWM190920C156,2019-09-18,2019-09-18 09:36:57,1.89,0.8325,51,1.86,0.8193,106,1.91,0.8414,1,1.875,0.8259,12,0
IWM190920C156,2019-09-18,2019-09-18 09:36:57,1.88,0.8281,39,1.85,0.8149,365,1.91,0.8414,1,1.865,0.8215,12,0
IWM190920C156,2019-09-18,2019-09-18 09:36:58,1.88,0.8281,39,1.85,0.8149,365,1.91,0.8414,1,1.865,0.8215,12,0
IWM190920C156,2019-09-18,2019-09-18 09:36:58,1.89,0.8325,51,1.85,0.8149,338,1.91,0.8414,1,1.87,0.8237,12,0
IWM190920C156,2019-09-18,2019-09-18 09:36:59,1.88,0.8281,39,1.86,0.8193,173,1.91,0.8414,1,1.87,0.8237,12,0
IWM190920C156,2019-09-18,2019-09-18 09:36:59,1.9,0.837,39,1.87,0.8237,290,1.91,0.8414,1,1.885,0.8303,12,0
IWM190920C156,2019-09-18,2019-09-18 09:37:00,1.9,0.837,66,1.87,0.8237,290,1.91,0.8414,1,1.885,0.8303,12,0
IWM190920C156,2019-09-18,2019-09-18 09:37:01,1.88,0.8281,19,1.85,0.8149,141,1.91,0.8414,1,1.865,0.8215,12,0
IWM190920C156,2019-09-18,2019-09-18 09:37:01,1.87,0.8237,39,1.85,0.8149,10,1.91,0.8414,1,1.86,0.8193,12,0
IWM190920C156,2019-09-18,2019-09-18 09:37:02,1.87,0.8237,51,1.84,0.8105,333,1.91,0.8414,1,1.855,0.8171,12,0
IWM190920C156,2019-09-18,2019-09-18 09:37:02,1.87,0.8237,20,1.85,0.8149,10,1.91,0.8414,1,1.86,0.8193,12,0
IWM190920C156,2019-09-18,2019-09-18 09:37:03,1.87,0.8237,20,1.84,0.8105,256,1.91,0.8414,1,1.855,0.8171,12,0
IWM190920C156,2019-09-18,2019-09-18 09:37:03,1.88,0.8281,41,1.84,0.8105,141,1.91,0.8414,1,1.86,0.8193,12,0
IWM190920C156,2019-09-18,2019-09-18 09:37:04,1.86,0.8193,39,1.83,0.8061,163,1.91,0.8414,1,1.845,0.8127,12,0
IWM190920C156,2019-09-18,2019-09-18 09:37:04,1.87,0.8237,39,1.84,0.8105,234,1.91,0.8414,1,1.855,0.8171,12,0
IWM190920C156,2019-09-18,2019-09-18 09:37:05,1.88,0.8281,39,1.85,0.8149,160,1.91,0.8414,1,1.865,0.8215,12,0
IWM190920C156,2019-09-18,2019-09-18 09:37:05,1.87,0.8237,39,1.84,0.8105,253,1.91,0.8414,1,1.855,0.8171,12,0
IWM190920C156,2019-09-18,2019-09-18 09:37:06,1.88,0.8281,51,1.85,0.8149,93,1.91,0.8414,1,1.865,0.8215,12,0
IWM190920C156,2019-09-18,2019-09-18 09:37:06,1.87,0.8237,51,1.84,0.8105,167,1.91,0.8414,1,1.855,0.8171,12,0
IWM190920C156,2019-09-18,2019-09-18 09:37:07,1.88,0.8281,51,1.85,0.8149,215,1.91,0.8414,1,1.865,0.8215,12,0
IWM190920C156,2019-09-18,2019-09-18 09:37:07,1.88,0.8281,51,1.85,0.8149,93,1.91,0.8414,1,1.865,0.8215,12,0
IWM190920C156,2019-09-18,2019-09-18 09:37:08,1.89,0.8325,39,1.86,0.8193,293,1.91,0.8414,1,1.875,0.8259,12,0
IWM190920C156,2019-09-18,2019-09-18 09:37:08,1.89,0.8325,39,1.86,0.8193,241,1.91,0.8414,1,1.875,0.8259,12,0
IWM190920C156,2019-09-18,2019-09-18 09:37:09,1.89,0.8325,20,1.86,0.8193,187,1.91,0.8414,1,1.875,0.8259,12,0
IWM190920C156,2019-09-18,2019-09-18 09:37:09,1.89,0.8325,39,1.86,0.8193,166,1.91,0.8414,1,1.875,0.8259,12,0
IWM190920C156,2019-09-18,2019-09-18 09:37:10,1.89,0.8325,39,1.86,0.8193,166,1.91,0.8414,1,1.875,0.8259,12,0
IWM190920C156,2019-09-18,2019-09-18 09:37:11,1.89,0.8325,39,1.86,0.8193,166,1.91,0.8414,1,1.875,0.8259,12,0
IWM190920C156,2019-09-18,2019-09-18 09:37:11,1.89,0.8325,39,1.86,0.8193,145,1.91,0.8414,1,1.875,0.8259,12,0
IWM190920C156,2019-09-18,2019-09-18 09:37:12,1.89,0.8325,39,1.86,0.8193,164,1.91,0.8414,1,1.875,0.8259,12,0
IWM190920C156,2019-09-18,2019-09-18 09:37:13,1.89,0.8325,39,1.86,0.8193,164,1.91,0.8414,1,1.875,0.8259,12,0
IWM190920C156,2019-09-18,2019-09-18 09:37:14,1.88,0.8281,19,1.86,0.8193,164,1.91,0.8414,1,1.87,0.8237,12,0
IWM190920C156,2019-09-18,2019-09-18 09:37:14,1.88,0.8281,19,1.85,0.8149,248,1.91,0.8414,1,1.865,0.8215,12,0
IWM190920C156,2019-09-18,2019-09-18 09:37:15,1.88,0.8281,39,1.85,0.8149,248,1.91,0.8414,1,1.865,0.8215,12,0
IWM190920C156,2019-09-18,2019-09-18 09:37:15,1.89,0.8325,39,1.86,0.8193,256,1.91,0.8414,1,1.875,0.8259,12,0
IWM190920C156,2019-09-18,2019-09-18 09:37:16,1.9,0.837,39,1.87,0.8237,92,1.91,0.8414,1,1.885,0.8303,12,0
IWM190920C156,2019-09-18,2019-09-18 09:37:16,1.9,0.837,39,1.87,0.8237,98,1.91,0.8414,1,1.885,0.8303,12,0
IWM190920C156,2019-09-18,2019-09-18 09:37:17,1.89,0.8325,47,1.86,0.8193,141,1.91,0.8414,1,1.875,0.8259,12,0
IWM190920C156,2019-09-18,2019-09-18 09:37:17,1.89,0.8325,39,1.87,0.8237,79,1.91,0.8414,1,1.88,0.8281,12,0
IWM190920C156,2019-09-18,2019-09-18 09:37:18,1.88,0.8281,39,1.85,0.8149,93,1.91,0.8414,1,1.865,0.8215,12,0
IWM190920C156,2019-09-18,2019-09-18 09:37:18,1.89,0.8325,47,1.86,0.8193,83,1.91,0.8414,1,1.875,0.8259,12,0
IWM190920C156,2019-09-18,2019-09-18 09:37:19,1.89,0.8325,39,1.85,0.8149,254,1.91,0.8414,1,1.87,0.8237,12,0
IWM190920C156,2019-09-18,2019-09-18 09:37:19,1.88,0.8281,39,1.85,0.8149,93,1.91,0.8414,1,1.865,0.8215,12,0
IWM190920C156,2019-09-18,2019-09-18 09:37:20,1.89,0.8325,39,1.86,0.8193,232,1.91,0.8414,1,1.875,0.8259,12,0
IWM190920C156,2019-09-18,2019-09-18 09:37:20,1.89,0.8325,39,1.86,0.8193,239,1.91,0.8414,1,1.875,0.8259,12,0
IWM190920C156,2019-09-18,2019-09-18 09:37:21,1.88,0.8281,19,1.86,0.8193,145,1.91,0.8414,1,1.87,0.8237,12,0
IWM190920C156,2019-09-18,2019-09-18 09:37:21,1.88,0.8281,39,1.85,0.8149,211,1.91,0.8414,1,1.865,0.8215,12,0
IWM190920C156,2019-09-18,2019-09-18 09:37:22,1.88,0.8281,39,1.85,0.8149,164,1.91,0.8414,1,1.865,0.8215,12,0
IWM190920C156,2019-09-18,2019-09-18 09:37:23,1.88,0.8281,39,1.85,0.8149,164,1.91,0.8414,1,1.865,0.8215,12,0
IWM190920C156,2019-09-18,2019-09-18 09:37:24,1.88,0.8281,39,1.85,0.8149,164,1.91,0.8414,1,1.865,0.8215,12,0
IWM190920C156,2019-09-18,2019-09-18 09:37:25,1.89,0.8325,39,1.86,0.8193,91,1.91,0.8414,1,1.875,0.8259,12,0
IWM190920C156,2019-09-18,2019-09-18 09:37:25,1.89,0.8325,39,1.86,0.8193,102,1.91,0.8414,1,1.875,0.8259,12,0
IWM190920C156,2019-09-18,2019-09-18 09:37:26,1.89,0.8325,39,1.86,0.8193,91,1.91,0.8414,1,1.875,0.8259,12,0
IWM190920C156,2019-09-18,2019-09-18 09:37:27,1.89,0.8325,39,1.86,0.8193,235,1.91,0.8414,1,1.875,0.8259,12,0
IWM190920C156,2019-09-18,2019-09-18 09:37:28,1.89,0.8325,39,1.86,0.8193,235,1.91,0.8414,1,1.875,0.8259,12,0
IWM190920C156,2019-09-18,2019-09-18 09:37:29,1.92,0.8458,39,1.89,0.8325,19,1.91,0.8414,1,1.905,0.8392,12,0
IWM190920C156,2019-09-18,2019-09-18 09:37:30,1.92,0.8458,19,1.89,0.8325,242,1.91,0.8414,1,1.905,0.8392,12,0
IWM190920C156,2019-09-18,2019-09-18 09:37:30,1.92,0.8458,19,1.89,0.8325,248,1.91,0.8414,1,1.905,0.8392,12,0
IWM190920C156,2019-09-18,2019-09-18 09:37:31,1.92,0.8458,39,1.89,0.8325,97,1.91,0.8414,1,1.905,0.8392,12,0
IWM190920C156,2019-09-18,2019-09-18 09:37:31,1.92,0.8458,39,1.89,0.8325,78,1.91,0.8414,1,1.905,0.8392,12,0
IWM190920C156,2019-09-18,2019-09-18 09:37:32,1.93,0.8502,39,1.9,0.837,91,1.91,0.8414,1,1.915,0.8436,12,0
IWM190920C156,2019-09-18,2019-09-18 09:37:33,1.94,0.8546,39,1.91,0.8414,90,1.91,0.8414,1,1.925,0.848,12,0
IWM190920C156,2019-09-18,2019-09-18 09:37:33,1.94,0.8546,39,1.91,0.8414,95,1.91,0.8414,1,1.925,0.848,12,0
IWM190920C156,2019-09-18,2019-09-18 09:37:34,1.95,0.859,39,1.91,0.8414,259,1.91,0.8414,1,1.93,0.8502,12,0
IWM190920C156,2019-09-18,2019-09-18 09:37:34,1.95,0.859,39,1.91,0.8414,165,1.91,0.8414,1,1.93,0.8502,12,0
IWM190920C156,2019-09-18,2019-09-18 09:37:35,1.94,0.8546,19,1.91,0.8414,175,1.91,0.8414,1,1.925,0.848,12,0
IWM190920C156,2019-09-18,2019-09-18 09:37:36,1.95,0.859,39,1.92,0.8458,79,1.91,0.8414,1,1.935,0.8524,12,0
IWM190920C156,2019-09-18,2019-09-18 09:37:36,1.95,0.859,19,1.92,0.8458,117,1.91,0.8414,1,1.935,0.8524,12,0
IWM190920C156,2019-09-18,2019-09-18 09:37:37,1.95,0.859,34,1.92,0.8458,103,1.91,0.8414,1,1.935,0.8524,12,0
IWM190920C156,2019-09-18,2019-09-18 09:37:37,1.95,0.859,19,1.92,0.8458,117,1.91,0.8414,1,1.935,0.8524,12,0
IWM190920C156,2019-09-18,2019-09-18 09:37:38,1.95,0.859,19,1.92,0.8458,103,1.91,0.8414,1,1.935,0.8524,12,0
IWM190920C156,2019-09-18,2019-09-18 09:37:38,1.95,0.859,34,1.92,0.8458,103,1.91,0.8414,1,1.935,0.8524,12,0
IWM190920C156,2019-09-18,2019-09-18 09:37:39,1.95,0.859,39,1.92,0.8458,103,1.91,0.8414,1,1.935,0.8524,12,0
IWM190920C156,2019-09-18,2019-09-18 09:37:40,1.95,0.859,39,1.92,0.8458,103,1.91,0.8414,1,1.935,0.8524,12,0
IWM190920C156,2019-09-18,2019-09-18 09:37:41,1.95,0.859,39,1.92,0.8458,101,1.91,0.8414,1,1.935,0.8524,12,0
IWM190920C156,2019-09-18,2019-09-18 09:37:42,1.95,0.859,39,1.92,0.8458,101,1.91,0.8414,1,1.935,0.8524,12,0
IWM190920C156,2019-09-18,2019-09-18 09:37:43,1.95,0.859,47,1.92,0.8458,122,1.91,0.8414,1,1.935,0.8524,12,0
IWM190920C156,2019-09-18,2019-09-18 09:37:43,1.96,0.8634,39,1.92,0.8458,120,1.91,0.8414,1,1.94,0.8546,12,0
IWM190920C156,2019-09-18,2019-09-18 09:37:44,1.95,0.859,47,1.92,0.8458,122,1.91,0.8414,1,1.935,0.8524,12,0
IWM190920C156,2019-09-18,2019-09-18 09:37:45,1.95,0.859,35,1.92,0.8458,122,1.91,0.8414,1,1.935,0.8524,12,0
IWM190920C156,2019-09-18,2019-09-18 09:37:45,1.95,0.859,55,1.92,0.8458,122,1.91,0.8414,1,1.935,0.8524,12,0
IWM190920C156,2019-09-18,2019-09-18 09:37:46,1.93,0.8502,19,1.9,0.837,166,1.91,0.8414,1,1.915,0.8436,12,0
IWM190920C156,2019-09-18,2019-09-18 09:37:46,1.95,0.859,53,1.91,0.8414,88,1.91,0.8414,1,1.93,0.8502,12,0
IWM190920C156,2019-09-18,2019-09-18 09:37:47,1.93,0.8502,19,1.9,0.837,166,1.91,0.8414,1,1.915,0.8436,12,0
IWM190920C156,2019-09-18,2019-09-18 09:37:48,1.93,0.8502,47,1.9,0.837,164,1.91,0.8414,1,1.915,0.8436,12,0
IWM190920C156,2019-09-18,2019-09-18 09:37:49,1.93,0.8502,47,1.9,0.837,164,1.91,0.8414,1,1.915,0.8436,12,0
IWM190920C156,2019-09-18,2019-09-18 09:37:50,1.93,0.8502,47,1.9,0.837,164,1.91,0.8414,1,1.915,0.8436,12,0
IWM190920C156,2019-09-18,2019-09-18 09:37:50,1.94,0.8546,12,1.91,0.8414,89,1.91,0.8414,1,1.925,0.848,12,0
IWM190920C156,2019-09-18,2019-09-18 09:37:51,1.94,0.8546,39,1.91,0.8414,88,1.91,0.8414,1,1.925,0.848,12,0
IWM190920C156,2019-09-18,2019-09-18 09:37:51,1.94,0.8546,47,1.91,0.8414,88,1.91,0.8414,1,1.925,0.848,12,0
IWM190920C156,2019-09-18,2019-09-18 09:37:52,1.94,0.8546,67,1.91,0.8414,88,1.91,0.8414,1,1.925,0.848,12,0
IWM190920C156,2019-09-18,2019-09-18 09:37:52,1.94,0.8546,71,1.91,0.8414,69,1.91,0.8414,1,1.925,0.848,12,0
IWM190920C156,2019-09-18,2019-09-18 09:37:53,1.94,0.8546,16,1.91,0.8414,99,1.91,0.8414,1,1.925,0.848,12,0
IWM190920C156,2019-09-18,2019-09-18 09:37:53,1.94,0.8546,71,1.91,0.8414,69,1.91,0.8414,1,1.925,0.848,12,0
IWM190920C156,2019-09-18,2019-09-18 09:37:54,1.94,0.8546,8,1.91,0.8414,240,1.91,0.8414,1,1.925,0.848,12,0
IWM190920C156,2019-09-18,2019-09-18 09:37:54,1.94,0.8546,8,1.91,0.8414,264,1.91,0.8414,1,1.925,0.848,12,0
IWM190920C156,2019-09-18,2019-09-18 09:37:55,1.93,0.8502,35,1.9,0.837,160,1.91,0.8414,1,1.915,0.8436,12,0
IWM190920C156,2019-09-18,2019-09-18 09:37:55,1.94,0.8546,8,1.91,0.8414,264,1.91,0.8414,1,1.925,0.848,12,0
IWM190920C156,2019-09-18,2019-09-18 09:37:56,1.93,0.8502,35,1.9,0.837,18,1.91,0.8414,1,1.915,0.8436,12,0
IWM190920C156,2019-09-18,2019-09-18 09:37:56,1.93,0.8502,100,1.9,0.837,69,1.91,0.8414,1,1.915,0.8436,12,0
IWM190920C156,2019-09-18,2019-09-18 09:37:57,1.93,0.8502,100,1.9,0.837,69,1.91,0.8414,1,1.915,0.8436,12,0
IWM190920C156,2019-09-18,2019-09-18 09:37:58,1.92,0.8458,56,1.89,0.8325,111,1.91,0.8414,1,1.905,0.8392,12,0
IWM190920C156,2019-09-18,2019-09-18 09:37:58,1.93,0.8502,90,1.9,0.837,69,1.91,0.8414,1,1.915,0.8436,12,0
IWM190920C156,2019-09-18,2019-09-18 09:37:59,1.92,0.8458,37,1.89,0.8325,74,1.91,0.8414,1,1.905,0.8392,12,0
IWM190920C156,2019-09-18,2019-09-18 09:37:59,1.92,0.8458,56,1.89,0.8325,74,1.92,0.8458,1,1.905,0.8392,13,1
IWM190920C156,2019-09-18,2019-09-18 09:38:00,1.92,0.8458,80,1.89,0.8325,74,1.92,0.8458,1,1.905,0.8392,13,0
IWM190920C156,2019-09-18,2019-09-18 09:38:00,1.93,0.8502,19,1.9,0.837,19,1.92,0.8458,1,1.915,0.8436,13,0
IWM190920C156,2019-09-18,2019-09-18 09:38:01,1.94,0.8546,72,1.91,0.8414,111,1.92,0.8458,1,1.925,0.848,13,0
IWM190920C156,2019-09-18,2019-09-18 09:38:01,1.93,0.8502,19,1.91,0.8414,68,1.92,0.8458,1,1.92,0.8458,13,0
IWM190920C156,2019-09-18,2019-09-18 09:38:02,1.93,0.8502,65,1.9,0.837,98,1.92,0.8458,1,1.915,0.8436,13,0
IWM190920C156,2019-09-18,2019-09-18 09:38:02,1.94,0.8546,41,1.91,0.8414,87,1.92,0.8458,1,1.925,0.848,13,0
IWM190920C156,2019-09-18,2019-09-18 09:38:03,1.94,0.8546,45,1.91,0.8414,111,1.92,0.8458,1,1.925,0.848,13,0
IWM190920C156,2019-09-18,2019-09-18 09:38:03,1.94,0.8546,30,1.91,0.8414,86,1.92,0.8458,1,1.925,0.848,13,0
IWM190920C156,2019-09-18,2019-09-18 09:38:04,1.94,0.8546,30,1.91,0.8414,86,1.92,0.8458,1,1.925,0.848,13,0
IWM190920C156,2019-09-18,2019-09-18 09:38:05,1.95,0.859,71,1.92,0.8458,86,1.92,0.8458,1,1.935,0.8524,13,0
IWM190920C156,2019-09-18,2019-09-18 09:38:05,1.95,0.859,85,1.92,0.8458,86,1.92,0.8458,1,1.935,0.8524,13,0
IWM190920C156,2019-09-18,2019-09-18 09:38:06,1.95,0.859,95,1.92,0.8458,110,1.92,0.8458,1,1.935,0.8524,13,0
IWM190920C156,2019-09-18,2019-09-18 09:38:06,1.95,0.859,76,1.92,0.8458,127,1.92,0.8458,1,1.935,0.8524,13,0
IWM190920C156,2019-09-18,2019-09-18 09:38:07,1.96,0.8634,57,1.92,0.8458,244,1.92,0.8458,1,1.94,0.8546,13,0
IWM190920C156,2019-09-18,2019-09-18 09:38:08,1.96,0.8634,96,1.92,0.8458,247,1.92,0.8458,1,1.94,0.8546,13,0
IWM190920C156,2019-09-18,2019-09-18 09:38:08,1.95,0.859,19,1.92,0.8458,227,1.92,0.8458,1,1.935,0.8524,13,0
IWM190920C156,2019-09-18,2019-09-18 09:38:09,1.95,0.859,19,1.92,0.8458,227,1.92,0.8458,1,1.935,0.8524,13,0
IWM190920C156,2019-09-18,2019-09-18 09:38:09,1.95,0.859,29,1.92,0.8458,251,1.92,0.8458,1,1.935,0.8524,13,0
IWM190920C156,2019-09-18,2019-09-18 09:38:10,1.95,0.859,70,1.92,0.8458,110,1.92,0.8458,1,1.935,0.8524,13,0
IWM190920C156,2019-09-18,2019-09-18 09:38:10,1.95,0.859,29,1.92,0.8458,251,1.92,0.8458,1,1.935,0.8524,13,0
IWM190920C156,2019-09-18,2019-09-18 09:38:11,1.94,0.8546,89,1.91,0.8414,10,1.92,0.8458,1,1.925,0.848,13,0
IWM190920C156,2019-09-18,2019-09-18 09:38:11,1.93,0.8502,19,1.9,0.837,160,1.92,0.8458,1,1.915,0.8436,13,0
IWM190920C156,2019-09-18,2019-09-18 09:38:12,1.93,0.8502,73,1.9,0.837,160,1.92,0.8458,1,1.915,0.8436,13,0
IWM190920C156,2019-09-18,2019-09-18 09:38:12,1.93,0.8502,73,1.9,0.837,209,1.92,0.8458,1,1.915,0.8436,13,0
IWM190920C156,2019-09-18,2019-09-18 09:38:13,1.93,0.8502,105,1.9,0.837,87,1.92,0.8458,1,1.915,0.8436,13,0
IWM190920C156,2019-09-18,2019-09-18 09:38:13,1.93,0.8502,81,1.9,0.837,87,1.92,0.8458,1,1.915,0.8436,13,0
IWM190920C156,2019-09-18,2019-09-18 09:38:14,1.94,0.8546,86,1.91,0.8414,86,1.92,0.8458,1,1.925,0.848,13,0
IWM190920C156,2019-09-18,2019-09-18 09:38:14,1.94,0.8546,86,1.9,0.837,171,1.92,0.8458,1,1.92,0.8458,13,0
IWM190920C156,2019-09-18,2019-09-18 09:38:15,1.94,0.8546,86,1.9,0.837,171,1.92,0.8458,1,1.92,0.8458,13,0
IWM190920C156,2019-09-18,2019-09-18 09:38:15,1.93,0.8502,29,1.9,0.837,207,1.92,0.8458,1,1.915,0.8436,13,0
IWM190920C156,2019-09-18,2019-09-18 09:38:16,1.93,0.8502,29,1.9,0.837,195,1.92,0.8458,1,1.915,0.8436,13,0
IWM190920C156,2019-09-18,2019-09-18 09:38:16,1.93,0.8502,29,1.89,0.8325,174,1.92,0.8458,1,1.91,0.8414,13,0
IWM190920C156,2019-09-18,2019-09-18 09:38:17,1.93,0.8502,87,1.9,0.837,79,1.92,0.8458,1,1.915,0.8436,13,0
IWM190920C156,2019-09-18,2019-09-18 09:38:17,1.93,0.8502,29,1.89,0.8325,174,1.92,0.8458,1,1.91,0.8414,13,0
IWM190920C156,2019-09-18,2019-09-18 09:38:18,1.93,0.8502,87,1.89,0.8325,175,1.92,0.8458,1,1.91,0.8414,13,0
IWM190920C156,2019-09-18,2019-09-18 09:38:18,1.92,0.8458,19,1.89,0.8325,199,1.92,0.8458,1,1.905,0.8392,13,0
IWM190920C156,2019-09-18,2019-09-18 09:38:19,1.93,0.8502,99,1.9,0.837,108,1.92,0.8458,1,1.915,0.8436,13,0
IWM190920C156,2019-09-18,2019-09-18 09:38:19,1.93,0.8502,99,1.9,0.837,132,1.92,0.8458,1,1.915,0.8436,13,0
IWM190920C156,2019-09-18,2019-09-18 09:38:20,1.93,0.8502,123,1.9,0.837,132,1.92,0.8458,1,1.915,0.8436,13,0
IWM190920C156,2019-09-18,2019-09-18 09:38:21,1.94,0.8546,86,1.91,0.8414,79,1.92,0.8458,1,1.925,0.848,13,0
IWM190920C156,2019-09-18,2019-09-18 09:38:21,1.93,0.8502,57,1.9,0.837,273,1.92,0.8458,1,1.915,0.8436,13,0
IWM190920C156,2019-09-18,2019-09-18 09:38:22,1.94,0.8546,62,1.91,0.8414,117,1.92,0.8458,1,1.925,0.848,13,0
IWM190920C156,2019-09-18,2019-09-18 09:38:22,1.95,0.859,86,1.92,0.8458,86,1.92,0.8458,1,1.935,0.8524,13,0
IWM190920C156,2019-09-18,2019-09-18 09:38:23,1.96,0.8634,70,1.93,0.8502,86,1.92,0.8458,1,1.945,0.8568,13,0
IWM190920C156,2019-09-18,2019-09-18 09:38:23,1.96,0.8634,70,1.92,0.8458,192,1.92,0.8458,1,1.94,0.8546,13,0
IWM190920C156,2019-09-18,2019-09-18 09:38:24,1.96,0.8634,70,1.92,0.8458,192,1.92,0.8458,1,1.94,0.8546,13,0
IWM190920C156,2019-09-18,2019-09-18 09:38:25,1.95,0.859,59,1.92,0.8458,216,1.92,0.8458,1,1.935,0.8524,13,0
IWM190920C156,2019-09-18,2019-09-18 09:38:25,1.96,0.8634,70,1.92,0.8458,192,1.92,0.8458,1,1.94,0.8546,13,0
IWM190920C156,2019-09-18,2019-09-18 09:38:26,1.93,0.8502,19,1.9,0.837,32,1.92,0.8458,1,1.915,0.8436,13,0
IWM190920C156,2019-09-18,2019-09-18 09:38:26,1.93,0.8502,19,1.9,0.837,19,1.92,0.8458,1,1.915,0.8436,13,0
IWM190920C156,2019-09-18,2019-09-18 09:38:27,1.93,0.8502,29,1.9,0.837,48,1.92,0.8458,1,1.915,0.8436,13,0
IWM190920C156,2019-09-18,2019-09-18 09:38:27,1.93,0.8502,19,1.9,0.837,86,1.92,0.8458,1,1.915,0.8436,13,0
IWM190920C156,2019-09-18,2019-09-18 09:38:28,1.93,0.8502,23,1.9,0.837,86,1.92,0.8458,1,1.915,0.8436,13,0
IWM190920C156,2019-09-18,2019-09-18 09:38:28,1.93,0.8502,33,1.9,0.837,110,1.92,0.8458,1,1.915,0.8436,13,0
IWM190920C156,2019-09-18,2019-09-18 09:38:29,1.93,0.8502,19,1.9,0.837,86,1.92,0.8458,1,1.915,0.8436,13,0
IWM190920C156,2019-09-18,2019-09-18 09:38:29,1.94,0.8546,52,1.91,0.8414,86,1.92,0.8458,1,1.925,0.848,13,0
IWM190920C156,2019-09-18,2019-09-18 09:38:30,1.94,0.8546,52,1.91,0.8414,86,1.92,0.8458,1,1.925,0.848,13,0
IWM190920C156,2019-09-18,2019-09-18 09:38:30,1.94,0.8546,76,1.91,0.8414,85,1.92,0.8458,1,1.925,0.848,13,0
IWM190920C156,2019-09-18,2019-09-18 09:38:31,1.95,0.859,85,1.92,0.8458,85,1.92,0.8458,1,1.935,0.8524,13,0
IWM190920C156,2019-09-18,2019-09-18 09:38:31,1.95,0.859,74,1.92,0.8458,85,1.92,0.8458,1,1.935,0.8524,13,0
IWM190920C156,2019-09-18,2019-09-18 09:38:32,1.95,0.859,109,1.91,0.8414,196,1.92,0.8458,1,1.93,0.8502,13,0
IWM190920C156,2019-09-18,2019-09-18 09:38:32,1.95,0.859,87,1.92,0.8458,45,1.92,0.8458,1,1.935,0.8524,13,0
IWM190920C156,2019-09-18,2019-09-18 09:38:33,1.95,0.859,96,1.92,0.8458,141,1.92,0.8458,1,1.935,0.8524,13,0
IWM190920C156,2019-09-18,2019-09-18 09:38:34,1.96,0.8634,85,1.93,0.8502,72,1.92,0.8458,1,1.945,0.8568,13,0
IWM190920C156,2019-09-18,2019-09-18 09:38:34,1.95,0.859,106,1.92,0.8458,109,1.92,0.8458,1,1.935,0.8524,13,0
IWM190920C156,2019-09-18,2019-09-18 09:38:35,1.96,0.8634,85,1.92,0.8458,192,1.92,0.8458,1,1.94,0.8546,13,0
IWM190920C156,2019-09-18,2019-09-18 09:38:35,1.95,0.859,56,1.92,0.8458,216,1.92,0.8458,1,1.935,0.8524,13,0
IWM190920C156,2019-09-18,2019-09-18 09:38:36,1.95,0.859,29,1.92,0.8458,212,1.92,0.8458,1,1.935,0.8524,13,0
IWM190920C156,2019-09-18,2019-09-18 09:38:36,1.95,0.859,19,1.92,0.8458,212,1.92,0.8458,1,1.935,0.8524,13,0
IWM190920C156,2019-09-18,2019-09-18 09:38:37,1.96,0.8634,84,1.93,0.8502,117,1.92,0.8458,1,1.945,0.8568,13,0
IWM190920C156,2019-09-18,2019-09-18 09:38:37,1.96,0.8634,84,1.93,0.8502,79,1.92,0.8458,1,1.945,0.8568,13,0
IWM190920C156,2019-09-18,2019-09-18 09:38:38,1.96,0.8634,64,1.93,0.8502,141,1.92,0.8458,1,1.945,0.8568,13,0
IWM190920C156,2019-09-18,2019-09-18 09:38:38,1.96,0.8634,66,1.93,0.8502,141,1.92,0.8458,1,1.945,0.8568,13,0
IWM190920C156,2019-09-18,2019-09-18 09:38:39,1.96,0.8634,64,1.93,0.8502,141,1.92,0.8458,1,1.945,0.8568,13,0
IWM190920C156,2019-09-18,2019-09-18 09:38:39,1.96,0.8634,88,1.93,0.8502,141,1.92,0.8458,1,1.945,0.8568,13,0
IWM190920C156,2019-09-18,2019-09-18 09:38:40,1.96,0.8634,88,1.93,0.8502,141,1.92,0.8458,1,1.945,0.8568,13,0
IWM190920C156,2019-09-18,2019-09-18 09:38:41,1.96,0.8634,88,1.93,0.8502,141,1.92,0.8458,1,1.945,0.8568,13,0
IWM190920C156,2019-09-18,2019-09-18 09:38:41,1.96,0.8634,69,1.93,0.8502,282,1.92,0.8458,1,1.945,0.8568,13,0
IWM190920C156,2019-09-18,2019-09-18 09:38:42,1.96,0.8634,88,1.93,0.8502,282,1.92,0.8458,1,1.945,0.8568,13,0
IWM190920C156,2019-09-18,2019-09-18 09:38:43,1.96,0.8634,88,1.93,0.8502,282,1.92,0.8458,1,1.945,0.8568,13,0
IWM190920C156,2019-09-18,2019-09-18 09:38:44,1.95,0.859,39,1.91,0.8414,160,1.92,0.8458,1,1.93,0.8502,13,0
IWM190920C156,2019-09-18,2019-09-18 09:38:44,1.96,0.8634,88,1.93,0.8502,282,1.92,0.8458,1,1.945,0.8568,13,0
IWM190920C156,2019-09-18,2019-09-18 09:38:45,1.94,0.8546,33,1.92,0.8458,66,1.92,0.8458,1,1.93,0.8502,13,0
IWM190920C156,2019-09-18,2019-09-18 09:38:45,1.95,0.859,64,1.91,0.8414,185,1.92,0.8458,1,1.93,0.8502,13,0
IWM190920C156,2019-09-18,2019-09-18 09:38:46,1.94,0.8546,33,1.92,0.8458,66,1.92,0.8458,1,1.93,0.8502,13,0
IWM190920C156,2019-09-18,2019-09-18 09:38:46,1.94,0.8546,2,1.92,0.8458,66,1.92,0.8458,1,1.93,0.8502,13,0
IWM190920C156,2019-09-18,2019-09-18 09:38:47,1.95,0.859,7,1.92,0.8458,212,1.92,0.8458,1,1.935,0.8524,13,0
IWM190920C156,2019-09-18,2019-09-18 09:38:47,1.95,0.859,7,1.92,0.8458,170,1.92,0.8458,1,1.935,0.8524,13,0
IWM190920C156,2019-09-18,2019-09-18 09:38:48,1.95,0.859,7,1.93,0.8502,29,1.92,0.8458,1,1.94,0.8546,13,0
IWM190920C156,2019-09-18,2019-09-18 09:38:48,1.95,0.859,23,1.93,0.8502,19,1.92,0.8458,1,1.94,0.8546,13,0
IWM190920C156,2019-09-18,2019-09-18 09:38:49,1.95,0.859,7,1.93,0.8502,19,1.92,0.8458,1,1.94,0.8546,13,0
IWM190920C156,2019-09-18,2019-09-18 09:38:49,1.95,0.859,23,1.93,0.8502,19,1.92,0.8458,1,1.94,0.8546,13,0
IWM190920C156,2019-09-18,2019-09-18 09:38:50,1.95,0.859,7,1.93,0.8502,51,1.92,0.8458,1,1.94,0.8546,13,0
IWM190920C156,2019-09-18,2019-09-18 09:38:50,1.96,0.8634,19,1.93,0.8502,51,1.92,0.8458,1,1.945,0.8568,13,0
IWM190920C156,2019-09-18,2019-09-18 09:38:51,1.97,0.8678,60,1.93,0.8502,35,1.92,0.8458,1,1.95,0.859,13,0
IWM190920C156,2019-09-18,2019-09-18 09:38:52,1.97,0.8678,60,1.93,0.8502,141,1.92,0.8458,1,1.95,0.859,13,0
IWM190920C156,2019-09-18,2019-09-18 09:38:52,1.97,0.8678,127,1.93,0.8502,202,1.92,0.8458,1,1.95,0.859,13,0
IWM190920C156,2019-09-18,2019-09-18 09:38:53,1.96,0.8634,54,1.94,0.8546,75,1.92,0.8458,1,1.95,0.859,13,0
IWM190920C156,2019-09-18,2019-09-18 09:38:53,1.96,0.8634,25,1.94,0.8546,94,1.92,0.8458,1,1.95,0.859,13,0
IWM190920C156,2019-09-18,2019-09-18 09:38:54,1.98,0.8722,84,1.95,0.859,32,1.92,0.8458,1,1.965,0.8656,13,0
IWM190920C156,2019-09-18,2019-09-18 09:38:54,1.98,0.8722,84,1.95,0.859,44,1.92,0.8458,1,1.965,0.8656,13,0
IWM190920C156,2019-09-18,2019-09-18 09:38:55,1.99,0.8766,38,1.95,0.859,175,1.92,0.8458,1,1.97,0.8678,13,0
IWM190920C156,2019-09-18,2019-09-18 09:38:55,1.98,0.8722,69,1.95,0.859,44,1.92,0.8458,1,1.965,0.8656,13,0
IWM190920C156,2019-09-18,2019-09-18 09:38:56,1.99,0.8766,38,1.96,0.8634,29,1.92,0.8458,1,1.975,0.87,13,0
IWM190920C156,2019-09-18,2019-09-18 09:38:56,1.99,0.8766,38,1.95,0.859,278,1.92,0.8458,1,1.97,0.8678,13,0
IWM190920C156,2019-09-18,2019-09-18 09:38:57,1.99,0.8766,21,1.95,0.859,195,1.92,0.8458,1,1.97,0.8678,13,0
IWM190920C156,2019-09-18,2019-09-18 09:38:57,1.99,0.8766,21,1.96,0.8634,54,1.92,0.8458,1,1.975,0.87,13,0
IWM190920C156,2019-09-18,2019-09-18 09:38:58,1.98,0.8722,19,1.96,0.8634,79,1.92,0.8458,1,1.97,0.8678,13,0
IWM190920C156,2019-09-18,2019-09-18 09:38:58,1.99,0.8766,21,1.95,0.859,212,1.92,0.8458,1,1.97,0.8678,13,0
IWM190920C156,2019-09-18,2019-09-18 09:38:59,1.99,0.8766,83,1.96,0.8634,79,1.92,0.8458,1,1.975,0.87,13,0
IWM190920C156,2019-09-18,2019-09-18 09:39:00,1.99,0.8766,98,1.96,0.8634,109,1.92,0.8458,1,1.975,0.87,13,0
IWM190920C156,2019-09-18,2019-09-18 09:39:01,1.99,0.8766,19,1.96,0.8634,274,1.92,0.8458,1,1.975,0.87,13,0
IWM190920C156,2019-09-18,2019-09-18 09:39:01,1.99,0.8766,98,1.96,0.8634,133,1.92,0.8458,1,1.975,0.87,13,0
IWM190920C156,2019-09-18,2019-09-18 09:39:02,2.0,0.881,66,1.97,0.8678,29,1.92,0.8458,1,1.985,0.8744,13,0
IWM190920C156,2019-09-18,2019-09-18 09:39:02,1.99,0.8766,19,1.96,0.8634,279,1.92,0.8458,1,1.975,0.87,13,0
IWM190920C156,2019-09-18,2019-09-18 09:39:03,2.0,0.881,77,1.97,0.8678,19,1.92,0.8458,1,1.985,0.8744,13,0
IWM190920C156,2019-09-18,2019-09-18 09:39:03,2.0,0.881,66,1.96,0.8634,346,1.92,0.8458,1,1.98,0.8722,13,0
IWM190920C156,2019-09-18,2019-09-18 09:39:04,1.99,0.8766,39,1.97,0.8678,54,1.92,0.8458,1,1.98,0.8722,13,0
IWM190920C156,2019-09-18,2019-09-18 09:39:05,1.99,0.8766,57,1.97,0.8678,54,1.92,0.8458,1,1.98,0.8722,13,0
IWM190920C156,2019-09-18,2019-09-18 09:39:05,1.99,0.8766,39,1.97,0.8678,54,1.92,0.8458,1,1.98,0.8722,13,0
IWM190920C156,2019-09-18,2019-09-18 09:39:06,1.99,0.8766,57,1.97,0.8678,54,1.92,0.8458,1,1.98,0.8722,13,0
IWM190920C156,2019-09-18,2019-09-18 09:39:07,1.98,0.8722,29,1.95,0.859,33,1.97,0.8678,1,1.965,0.8656,14,0
IWM190920C156,2019-09-18,2019-09-18 09:39:07,1.97,0.8678,29,1.94,0.8546,19,1.97,0.8678,1,1.955,0.8612,14,1
IWM190920C156,2019-09-18,2019-09-18 09:39:08,1.98,0.8722,19,1.96,0.8634,79,1.97,0.8678,1,1.97,0.8678,14,0
IWM190920C156,2019-09-18,2019-09-18 09:39:09,1.98,0.8722,19,1.96,0.8634,79,1.97,0.8678,1,1.97,0.8678,14,0
IWM190920C156,2019-09-18,2019-09-18 09:39:09,1.99,0.8766,29,1.96,0.8634,143,1.97,0.8678,1,1.975,0.87,14,0
IWM190920C156,2019-09-18,2019-09-18 09:39:10,1.98,0.8722,19,1.96,0.8634,79,1.97,0.8678,1,1.97,0.8678,14,0
IWM190920C156,2019-09-18,2019-09-18 09:39:11,1.98,0.8722,19,1.96,0.8634,79,1.97,0.8678,1,1.97,0.8678,14,0
IWM190920C156,2019-09-18,2019-09-18 09:39:12,1.98,0.8722,19,1.96,0.8634,79,1.97,0.8678,1,1.97,0.8678,14,0
IWM190920C156,2019-09-18,2019-09-18 09:39:13,1.98,0.8722,19,1.94,0.8546,180,1.97,0.8678,1,1.96,0.8634,14,0
IWM190920C156,2019-09-18,2019-09-18 09:39:13,1.99,0.8766,60,1.96,0.8634,19,1.97,0.8678,1,1.975,0.87,14,0
IWM190920C156,2019-09-18,2019-09-18 09:39:14,1.99,0.8766,68,1.96,0.8634,29,1.97,0.8678,1,1.975,0.87,14,0
IWM190920C156,2019-09-18,2019-09-18 09:39:14,1.99,0.8766,78,1.96,0.8634,19,1.97,0.8678,1,1.975,0.87,14,0
IWM190920C156,2019-09-18,2019-09-18 09:39:15,2.0,0.881,23,1.97,0.8678,29,1.97,0.8678,1,1.985,0.8744,14,0
