symbol,Date,quote_time,ask_price,norm_ask_price,ask_size,bid_price,norm_bid_price,bid_size,last_trade_price,norm_last_trade_price,last_trade_size,mark_price,norm_mark_price,volume,Volume
SPY190828C293,2019-08-27,2019-08-27 09:30:00,0.42,1.0,1,0.2,0.4761,1,0.26,0.619,15,0.31,0.738,21,21
SPY190828C293,2019-08-27,2019-08-27 09:30:01,0.42,1.0,1,0.2,0.4761,1,0.26,0.619,15,0.31,0.738,21,0
SPY190828C293,2019-08-27,2019-08-27 09:30:01,0.28,0.6666,204,0.25,0.5952,489,0.26,0.619,15,0.265,0.6309,21,0
SPY190828C293,2019-08-27,2019-08-27 09:30:02,0.27,0.6428,166,0.25,0.5952,489,0.27,0.6428,1,0.26,0.619,22,1
SPY190828C293,2019-08-27,2019-08-27 09:30:02,0.27,0.6428,180,0.25,0.5952,1075,0.27,0.6428,1,0.26,0.619,22,0
SPY190828C293,2019-08-27,2019-08-27 09:30:03,0.27,0.6428,100,0.25,0.5952,955,0.27,0.6428,1,0.26,0.619,22,0
SPY190828C293,2019-08-27,2019-08-27 09:30:03,0.27,0.6428,166,0.25,0.5952,1075,0.27,0.6428,1,0.26,0.619,22,0
SPY190828C293,2019-08-27,2019-08-27 09:30:04,0.27,0.6428,1174,0.25,0.5952,955,0.27,0.6428,1,0.26,0.619,22,0
SPY190828C293,2019-08-27,2019-08-27 09:30:04,0.27,0.6428,192,0.25,0.5952,955,0.27,0.6428,1,0.26,0.619,22,0
SPY190828C293,2019-08-27,2019-08-27 09:30:05,0.26,0.619,144,0.25,0.5952,955,0.27,0.6428,1,0.255,0.6071,22,0
SPY190828C293,2019-08-27,2019-08-27 09:30:05,0.26,0.619,130,0.25,0.5952,955,0.27,0.6428,1,0.255,0.6071,22,0
SPY190828C293,2019-08-27,2019-08-27 09:30:06,0.26,0.619,144,0.25,0.5952,955,0.27,0.6428,1,0.255,0.6071,22,0
SPY190828C293,2019-08-27,2019-08-27 09:30:07,0.26,0.619,144,0.24,0.5714,549,0.27,0.6428,1,0.25,0.5952,22,0
SPY190828C293,2019-08-27,2019-08-27 09:30:08,0.26,0.619,420,0.24,0.5714,789,0.27,0.6428,1,0.25,0.5952,22,0
SPY190828C293,2019-08-27,2019-08-27 09:30:08,0.26,0.619,144,0.24,0.5714,549,0.27,0.6428,1,0.25,0.5952,22,0
SPY190828C293,2019-08-27,2019-08-27 09:30:09,0.26,0.619,420,0.24,0.5714,789,0.27,0.6428,1,0.25,0.5952,22,0
SPY190828C293,2019-08-27,2019-08-27 09:30:10,0.26,0.619,420,0.24,0.5714,789,0.27,0.6428,1,0.25,0.5952,22,0
SPY190828C293,2019-08-27,2019-08-27 09:30:11,0.26,0.619,360,0.24,0.5714,693,0.27,0.6428,1,0.25,0.5952,22,0
SPY190828C293,2019-08-27,2019-08-27 09:30:12,0.26,0.619,300,0.24,0.5714,693,0.27,0.6428,1,0.25,0.5952,22,0
SPY190828C293,2019-08-27,2019-08-27 09:30:13,0.26,0.619,300,0.24,0.5714,693,0.27,0.6428,1,0.25,0.5952,22,0
SPY190828C293,2019-08-27,2019-08-27 09:30:14,0.26,0.619,300,0.24,0.5714,693,0.27,0.6428,1,0.25,0.5952,22,0
SPY190828C293,2019-08-27,2019-08-27 09:30:15,0.26,0.619,300,0.24,0.5714,693,0.27,0.6428,1,0.25,0.5952,22,0
SPY190828C293,2019-08-27,2019-08-27 09:30:16,0.26,0.619,300,0.24,0.5714,693,0.27,0.6428,1,0.25,0.5952,22,0
SPY190828C293,2019-08-27,2019-08-27 09:30:17,0.26,0.619,300,0.24,0.5714,693,0.27,0.6428,1,0.25,0.5952,22,0
SPY190828C293,2019-08-27,2019-08-27 09:30:18,0.26,0.619,300,0.25,0.5952,138,0.27,0.6428,1,0.255,0.6071,22,0
SPY190828C293,2019-08-27,2019-08-27 09:30:18,0.26,0.619,300,0.24,0.5714,693,0.27,0.6428,1,0.25,0.5952,22,0
SPY190828C293,2019-08-27,2019-08-27 09:30:19,0.26,0.619,300,0.25,0.5952,138,0.27,0.6428,1,0.255,0.6071,22,0
SPY190828C293,2019-08-27,2019-08-27 09:30:20,0.26,0.619,300,0.25,0.5952,138,0.27,0.6428,1,0.255,0.6071,22,0
SPY190828C293,2019-08-27,2019-08-27 09:30:21,0.26,0.619,300,0.25,0.5952,138,0.27,0.6428,1,0.255,0.6071,22,0
SPY190828C293,2019-08-27,2019-08-27 09:30:22,0.26,0.619,300,0.25,0.5952,138,0.27,0.6428,1,0.255,0.6071,22,0
SPY190828C293,2019-08-27,2019-08-27 09:30:23,0.26,0.619,300,0.25,0.5952,138,0.27,0.6428,1,0.255,0.6071,22,0
SPY190828C293,2019-08-27,2019-08-27 09:30:24,0.26,0.619,300,0.25,0.5952,148,0.27,0.6428,1,0.255,0.6071,22,0
SPY190828C293,2019-08-27,2019-08-27 09:30:25,0.26,0.619,180,0.25,0.5952,148,0.25,0.5952,1,0.255,0.6071,23,1
SPY190828C293,2019-08-27,2019-08-27 09:30:25,0.26,0.619,180,0.25,0.5952,138,0.25,0.5952,1,0.255,0.6071,23,0
SPY190828C293,2019-08-27,2019-08-27 09:30:26,0.26,0.619,464,0.25,0.5952,138,0.25,0.5952,1,0.255,0.6071,23,0
SPY190828C293,2019-08-27,2019-08-27 09:30:26,0.25,0.5952,120,0.24,0.5714,281,0.25,0.5952,1,0.245,0.5833,23,0
SPY190828C293,2019-08-27,2019-08-27 09:30:27,0.26,0.619,846,0.24,0.5714,727,0.25,0.5952,2,0.25,0.5952,25,0
SPY190828C293,2019-08-27,2019-08-27 09:30:27,0.26,0.619,1064,0.25,0.5952,5,0.25,0.5952,2,0.255,0.6071,25,2
SPY190828C293,2019-08-27,2019-08-27 09:30:28,0.26,0.619,1593,0.25,0.5952,41,0.26,0.619,1,0.255,0.6071,26,1
SPY190828C293,2019-08-27,2019-08-27 09:30:28,0.26,0.619,1034,0.25,0.5952,100,0.26,0.619,1,0.255,0.6071,26,0
SPY190828C293,2019-08-27,2019-08-27 09:30:29,0.26,0.619,1913,0.24,0.5714,425,0.26,0.619,1,0.25,0.5952,26,0
SPY190828C293,2019-08-27,2019-08-27 09:30:29,0.26,0.619,1592,0.25,0.5952,100,0.26,0.619,1,0.255,0.6071,26,0
SPY190828C293,2019-08-27,2019-08-27 09:30:30,0.26,0.619,494,0.25,0.5952,305,0.26,0.619,1,0.255,0.6071,26,0
SPY190828C293,2019-08-27,2019-08-27 09:30:30,0.26,0.619,912,0.25,0.5952,305,0.26,0.619,1,0.255,0.6071,26,0
SPY190828C293,2019-08-27,2019-08-27 09:30:31,0.26,0.619,658,0.25,0.5952,305,0.26,0.619,1,0.255,0.6071,26,0
SPY190828C293,2019-08-27,2019-08-27 09:30:32,0.26,0.619,658,0.25,0.5952,305,0.26,0.619,1,0.255,0.6071,26,0
SPY190828C293,2019-08-27,2019-08-27 09:30:33,0.26,0.619,658,0.25,0.5952,305,0.26,0.619,1,0.255,0.6071,26,0
SPY190828C293,2019-08-27,2019-08-27 09:30:34,0.26,0.619,937,0.25,0.5952,81,0.25,0.5952,2,0.255,0.6071,28,2
SPY190828C293,2019-08-27,2019-08-27 09:30:34,0.26,0.619,658,0.25,0.5952,305,0.26,0.619,1,0.255,0.6071,26,0
SPY190828C293,2019-08-27,2019-08-27 09:30:35,0.26,0.619,1509,0.25,0.5952,305,0.25,0.5952,2,0.255,0.6071,28,0
SPY190828C293,2019-08-27,2019-08-27 09:30:36,0.26,0.619,1144,0.25,0.5952,305,0.25,0.5952,2,0.255,0.6071,28,0
SPY190828C293,2019-08-27,2019-08-27 09:30:36,0.26,0.619,1509,0.25,0.5952,305,0.25,0.5952,2,0.255,0.6071,28,0
SPY190828C293,2019-08-27,2019-08-27 09:30:37,0.26,0.619,1661,0.25,0.5952,305,0.25,0.5952,2,0.255,0.6071,28,0
SPY190828C293,2019-08-27,2019-08-27 09:30:37,0.26,0.619,1623,0.25,0.5952,1126,0.25,0.5952,2,0.255,0.6071,28,0
SPY190828C293,2019-08-27,2019-08-27 09:30:38,0.26,0.619,2138,0.25,0.5952,31,0.25,0.5952,2,0.255,0.6071,28,0
SPY190828C293,2019-08-27,2019-08-27 09:30:38,0.26,0.619,2006,0.25,0.5952,1480,0.25,0.5952,2,0.255,0.6071,28,0
SPY190828C293,2019-08-27,2019-08-27 09:30:39,0.25,0.5952,180,0.24,0.5714,420,0.25,0.5952,2,0.245,0.5833,28,0
SPY190828C293,2019-08-27,2019-08-27 09:30:39,0.26,0.619,1106,0.25,0.5952,50,0.25,0.5952,2,0.255,0.6071,28,0
SPY190828C293,2019-08-27,2019-08-27 09:30:40,0.25,0.5952,180,0.24,0.5714,1215,0.25,0.5952,2,0.245,0.5833,28,0
SPY190828C293,2019-08-27,2019-08-27 09:30:41,0.25,0.5952,130,0.24,0.5714,1171,0.25,0.5952,2,0.245,0.5833,28,0
SPY190828C293,2019-08-27,2019-08-27 09:30:41,0.25,0.5952,130,0.24,0.5714,1880,0.25,0.5952,2,0.245,0.5833,28,0
SPY190828C293,2019-08-27,2019-08-27 09:30:42,0.25,0.5952,209,0.24,0.5714,1880,0.25,0.5952,2,0.245,0.5833,28,0
SPY190828C293,2019-08-27,2019-08-27 09:30:42,0.25,0.5952,201,0.24,0.5714,1880,0.25,0.5952,2,0.245,0.5833,28,0
SPY190828C293,2019-08-27,2019-08-27 09:30:43,0.25,0.5952,375,0.24,0.5714,1880,0.25,0.5952,2,0.245,0.5833,28,0
SPY190828C293,2019-08-27,2019-08-27 09:30:43,0.25,0.5952,314,0.24,0.5714,1880,0.25,0.5952,2,0.245,0.5833,28,0
SPY190828C293,2019-08-27,2019-08-27 09:30:44,0.25,0.5952,120,0.24,0.5714,1201,0.25,0.5952,2,0.245,0.5833,28,0
SPY190828C293,2019-08-27,2019-08-27 09:30:44,0.25,0.5952,131,0.24,0.5714,1035,0.25,0.5952,2,0.245,0.5833,28,0
SPY190828C293,2019-08-27,2019-08-27 09:30:45,0.25,0.5952,130,0.24,0.5714,2116,0.25,0.5952,2,0.245,0.5833,28,0
SPY190828C293,2019-08-27,2019-08-27 09:30:45,0.25,0.5952,130,0.24,0.5714,1800,0.25,0.5952,2,0.245,0.5833,28,0
SPY190828C293,2019-08-27,2019-08-27 09:30:46,0.25,0.5952,130,0.24,0.5714,2116,0.25,0.5952,2,0.245,0.5833,28,0
SPY190828C293,2019-08-27,2019-08-27 09:30:46,0.25,0.5952,78,0.24,0.5714,2506,0.25,0.5952,2,0.245,0.5833,28,0
SPY190828C293,2019-08-27,2019-08-27 09:30:47,0.25,0.5952,121,0.24,0.5714,1361,0.24,0.5714,2,0.245,0.5833,30,0
SPY190828C293,2019-08-27,2019-08-27 09:30:47,0.25,0.5952,41,0.24,0.5714,884,0.24,0.5714,2,0.245,0.5833,30,2
SPY190828C293,2019-08-27,2019-08-27 09:30:48,0.25,0.5952,121,0.24,0.5714,1353,0.24,0.5714,2,0.245,0.5833,30,0
SPY190828C293,2019-08-27,2019-08-27 09:30:49,0.25,0.5952,121,0.24,0.5714,192,0.24,0.5714,2,0.245,0.5833,30,0
SPY190828C293,2019-08-27,2019-08-27 09:30:49,0.25,0.5952,121,0.24,0.5714,1367,0.24,0.5714,2,0.245,0.5833,30,0
SPY190828C293,2019-08-27,2019-08-27 09:30:50,0.25,0.5952,255,0.24,0.5714,1292,0.24,0.5714,2,0.245,0.5833,30,0
SPY190828C293,2019-08-27,2019-08-27 09:30:50,0.25,0.5952,146,0.24,0.5714,862,0.24,0.5714,2,0.245,0.5833,30,0
SPY190828C293,2019-08-27,2019-08-27 09:30:51,0.25,0.5952,361,0.24,0.5714,1365,0.24,0.5714,2,0.245,0.5833,30,0
SPY190828C293,2019-08-27,2019-08-27 09:30:52,0.25,0.5952,469,0.24,0.5714,1105,0.24,0.5714,2,0.245,0.5833,30,0
SPY190828C293,2019-08-27,2019-08-27 09:30:52,0.25,0.5952,16,0.24,0.5714,1966,0.24,0.5714,2,0.245,0.5833,30,0
SPY190828C293,2019-08-27,2019-08-27 09:30:53,0.25,0.5952,1,0.24,0.5714,2544,0.24,0.5714,2,0.245,0.5833,30,0
SPY190828C293,2019-08-27,2019-08-27 09:30:53,0.25,0.5952,1,0.24,0.5714,1824,0.24,0.5714,2,0.245,0.5833,30,0
SPY190828C293,2019-08-27,2019-08-27 09:30:54,0.26,0.619,3757,0.24,0.5714,2731,0.24,0.5714,2,0.25,0.5952,30,0
SPY190828C293,2019-08-27,2019-08-27 09:30:55,0.25,0.5952,31,0.24,0.5714,2731,0.24,0.5714,2,0.245,0.5833,30,0
SPY190828C293,2019-08-27,2019-08-27 09:30:56,0.25,0.5952,31,0.24,0.5714,2731,0.24,0.5714,2,0.245,0.5833,30,0
SPY190828C293,2019-08-27,2019-08-27 09:30:57,0.25,0.5952,31,0.24,0.5714,2731,0.24,0.5714,2,0.245,0.5833,30,0
SPY190828C293,2019-08-27,2019-08-27 09:30:58,0.26,0.619,1946,0.24,0.5714,2413,0.25,0.5952,3,0.25,0.5952,34,4
SPY190828C293,2019-08-27,2019-08-27 09:30:58,0.25,0.5952,41,0.24,0.5714,2413,0.25,0.5952,3,0.245,0.5833,34,0
SPY190828C293,2019-08-27,2019-08-27 09:30:59,0.26,0.619,1640,0.24,0.5714,2413,0.25,0.5952,3,0.25,0.5952,34,0
SPY190828C293,2019-08-27,2019-08-27 09:30:59,0.26,0.619,1248,0.25,0.5952,120,0.25,0.5952,3,0.255,0.6071,34,0
SPY190828C293,2019-08-27,2019-08-27 09:31:00,0.26,0.619,1959,0.25,0.5952,120,0.25,0.5952,3,0.255,0.6071,34,0
SPY190828C293,2019-08-27,2019-08-27 09:31:00,0.26,0.619,1681,0.25,0.5952,151,0.25,0.5952,3,0.255,0.6071,34,0
SPY190828C293,2019-08-27,2019-08-27 09:31:01,0.26,0.619,486,0.25,0.5952,151,0.25,0.5952,3,0.255,0.6071,34,0
SPY190828C293,2019-08-27,2019-08-27 09:31:01,0.26,0.619,337,0.25,0.5952,151,0.25,0.5952,3,0.255,0.6071,34,0
SPY190828C293,2019-08-27,2019-08-27 09:31:02,0.26,0.619,172,0.25,0.5952,689,0.25,0.5952,3,0.255,0.6071,34,0
SPY190828C293,2019-08-27,2019-08-27 09:31:02,0.26,0.619,172,0.25,0.5952,201,0.25,0.5952,3,0.255,0.6071,34,0
SPY190828C293,2019-08-27,2019-08-27 09:31:03,0.26,0.619,10,0.25,0.5952,2480,0.25,0.5952,75,0.255,0.6071,135,0
SPY190828C293,2019-08-27,2019-08-27 09:31:03,0.26,0.619,10,0.25,0.5952,2480,0.25,0.5952,75,0.255,0.6071,135,101
SPY190828C293,2019-08-27,2019-08-27 09:31:04,0.26,0.619,10,0.25,0.5952,2284,0.25,0.5952,75,0.255,0.6071,135,0
SPY190828C293,2019-08-27,2019-08-27 09:31:05,0.26,0.619,51,0.25,0.5952,1467,0.25,0.5952,75,0.255,0.6071,135,0
SPY190828C293,2019-08-27,2019-08-27 09:31:05,0.26,0.619,75,0.25,0.5952,2412,0.25,0.5952,75,0.255,0.6071,135,0
SPY190828C293,2019-08-27,2019-08-27 09:31:06,0.26,0.619,182,0.25,0.5952,1653,0.25,0.5952,75,0.255,0.6071,135,0
SPY190828C293,2019-08-27,2019-08-27 09:31:07,0.26,0.619,211,0.25,0.5952,1653,0.25,0.5952,75,0.255,0.6071,135,0
SPY190828C293,2019-08-27,2019-08-27 09:31:07,0.26,0.619,211,0.25,0.5952,2279,0.25,0.5952,75,0.255,0.6071,135,0
SPY190828C293,2019-08-27,2019-08-27 09:31:08,0.26,0.619,211,0.25,0.5952,2371,0.25,0.5952,75,0.255,0.6071,135,0
SPY190828C293,2019-08-27,2019-08-27 09:31:08,0.26,0.619,211,0.25,0.5952,2337,0.25,0.5952,75,0.255,0.6071,135,0
SPY190828C293,2019-08-27,2019-08-27 09:31:09,0.26,0.619,211,0.25,0.5952,1297,0.25,0.5952,75,0.255,0.6071,135,0
SPY190828C293,2019-08-27,2019-08-27 09:31:10,0.26,0.619,211,0.25,0.5952,1059,0.25,0.5952,75,0.255,0.6071,135,0
SPY190828C293,2019-08-27,2019-08-27 09:31:11,0.26,0.619,1555,0.25,0.5952,31,0.25,0.5952,75,0.255,0.6071,135,0
SPY190828C293,2019-08-27,2019-08-27 09:31:11,0.26,0.619,211,0.25,0.5952,344,0.25,0.5952,75,0.255,0.6071,135,0
SPY190828C293,2019-08-27,2019-08-27 09:31:12,0.26,0.619,1420,0.25,0.5952,31,0.25,0.5952,75,0.255,0.6071,135,0
SPY190828C293,2019-08-27,2019-08-27 09:31:12,0.26,0.619,1382,0.25,0.5952,41,0.25,0.5952,75,0.255,0.6071,135,0
SPY190828C293,2019-08-27,2019-08-27 09:31:13,0.26,0.619,979,0.25,0.5952,41,0.25,0.5952,75,0.255,0.6071,135,0
SPY190828C293,2019-08-27,2019-08-27 09:31:13,0.26,0.619,551,0.25,0.5952,41,0.25,0.5952,75,0.255,0.6071,135,0
SPY190828C293,2019-08-27,2019-08-27 09:31:14,0.25,0.5952,263,0.24,0.5714,364,0.25,0.5952,10,0.245,0.5833,145,0
SPY190828C293,2019-08-27,2019-08-27 09:31:14,0.26,0.619,2399,0.25,0.5952,41,0.25,0.5952,10,0.255,0.6071,145,10
SPY190828C293,2019-08-27,2019-08-27 09:31:15,0.25,0.5952,184,0.24,0.5714,374,0.24,0.5714,1,0.245,0.5833,146,1
SPY190828C293,2019-08-27,2019-08-27 09:31:15,0.25,0.5952,279,0.24,0.5714,120,0.24,0.5714,1,0.245,0.5833,146,0
SPY190828C293,2019-08-27,2019-08-27 09:31:16,0.25,0.5952,356,0.24,0.5714,120,0.24,0.5714,1,0.245,0.5833,146,0
SPY190828C293,2019-08-27,2019-08-27 09:31:16,0.25,0.5952,380,0.24,0.5714,120,0.24,0.5714,1,0.245,0.5833,146,0
SPY190828C293,2019-08-27,2019-08-27 09:31:17,0.25,0.5952,390,0.24,0.5714,120,0.24,0.5714,1,0.245,0.5833,146,0
SPY190828C293,2019-08-27,2019-08-27 09:31:17,0.25,0.5952,480,0.24,0.5714,120,0.24,0.5714,1,0.245,0.5833,146,0
SPY190828C293,2019-08-27,2019-08-27 09:31:18,0.25,0.5952,320,0.24,0.5714,120,0.24,0.5714,1,0.245,0.5833,146,0
SPY190828C293,2019-08-27,2019-08-27 09:31:18,0.25,0.5952,389,0.24,0.5714,120,0.24,0.5714,1,0.245,0.5833,146,0
SPY190828C293,2019-08-27,2019-08-27 09:31:19,0.25,0.5952,2103,0.24,0.5714,31,0.24,0.5714,1,0.245,0.5833,147,1
SPY190828C293,2019-08-27,2019-08-27 09:31:19,0.25,0.5952,450,0.24,0.5714,120,0.24,0.5714,1,0.245,0.5833,146,0
SPY190828C293,2019-08-27,2019-08-27 09:31:20,0.25,0.5952,2103,0.24,0.5714,41,0.24,0.5714,1,0.245,0.5833,147,0
SPY190828C293,2019-08-27,2019-08-27 09:31:20,0.25,0.5952,2281,0.24,0.5714,10,0.24,0.5714,1,0.245,0.5833,147,0
SPY190828C293,2019-08-27,2019-08-27 09:31:21,0.24,0.5714,380,0.23,0.5476,1918,0.24,0.5714,1,0.235,0.5595,147,0
SPY190828C293,2019-08-27,2019-08-27 09:31:21,0.25,0.5952,2810,0.23,0.5476,966,0.24,0.5714,1,0.24,0.5714,147,0
SPY190828C293,2019-08-27,2019-08-27 09:31:22,0.25,0.5952,1016,0.23,0.5476,966,0.24,0.5714,1,0.24,0.5714,147,0
SPY190828C293,2019-08-27,2019-08-27 09:31:22,0.24,0.5714,347,0.23,0.5476,370,0.24,0.5714,1,0.235,0.5595,147,0
SPY190828C293,2019-08-27,2019-08-27 09:31:23,0.24,0.5714,382,0.23,0.5476,370,0.24,0.5714,1,0.235,0.5595,147,0
SPY190828C293,2019-08-27,2019-08-27 09:31:24,0.24,0.5714,382,0.23,0.5476,380,0.24,0.5714,1,0.235,0.5595,147,0
SPY190828C293,2019-08-27,2019-08-27 09:31:25,0.24,0.5714,388,0.23,0.5476,328,0.24,0.5714,1,0.235,0.5595,147,0
SPY190828C293,2019-08-27,2019-08-27 09:31:25,0.24,0.5714,530,0.23,0.5476,328,0.24,0.5714,1,0.235,0.5595,147,0
SPY190828C293,2019-08-27,2019-08-27 09:31:26,0.24,0.5714,388,0.23,0.5476,10,0.24,0.5714,1,0.235,0.5595,147,0
SPY190828C293,2019-08-27,2019-08-27 09:31:26,0.24,0.5714,1127,0.22,0.5238,1622,0.24,0.5714,1,0.23,0.5476,147,0
SPY190828C293,2019-08-27,2019-08-27 09:31:27,0.24,0.5714,371,0.23,0.5476,265,0.24,0.5714,1,0.235,0.5595,147,0
SPY190828C293,2019-08-27,2019-08-27 09:31:27,0.24,0.5714,376,0.23,0.5476,200,0.24,0.5714,1,0.235,0.5595,147,0
SPY190828C293,2019-08-27,2019-08-27 09:31:28,0.24,0.5714,371,0.23,0.5476,196,0.24,0.5714,1,0.235,0.5595,147,0
SPY190828C293,2019-08-27,2019-08-27 09:31:28,0.24,0.5714,371,0.23,0.5476,265,0.24,0.5714,1,0.235,0.5595,147,0
SPY190828C293,2019-08-27,2019-08-27 09:31:29,0.24,0.5714,371,0.23,0.5476,371,0.24,0.5714,1,0.235,0.5595,147,0
SPY190828C293,2019-08-27,2019-08-27 09:31:30,0.24,0.5714,371,0.23,0.5476,610,0.24,0.5714,1,0.235,0.5595,147,0
SPY190828C293,2019-08-27,2019-08-27 09:31:30,0.24,0.5714,371,0.23,0.5476,1569,0.24,0.5714,1,0.235,0.5595,147,0
SPY190828C293,2019-08-27,2019-08-27 09:31:31,0.24,0.5714,151,0.23,0.5476,482,0.24,0.5714,1,0.235,0.5595,147,0
SPY190828C293,2019-08-27,2019-08-27 09:31:31,0.24,0.5714,386,0.23,0.5476,610,0.24,0.5714,1,0.235,0.5595,147,0
SPY190828C293,2019-08-27,2019-08-27 09:31:32,0.24,0.5714,421,0.23,0.5476,1037,0.24,0.5714,1,0.235,0.5595,147,0
SPY190828C293,2019-08-27,2019-08-27 09:31:32,0.24,0.5714,613,0.23,0.5476,862,0.24,0.5714,1,0.235,0.5595,147,0
SPY190828C293,2019-08-27,2019-08-27 09:31:33,0.24,0.5714,436,0.23,0.5476,555,0.24,0.5714,1,0.235,0.5595,147,0
SPY190828C293,2019-08-27,2019-08-27 09:31:33,0.24,0.5714,742,0.23,0.5476,580,0.24,0.5714,1,0.235,0.5595,147,0
SPY190828C293,2019-08-27,2019-08-27 09:31:34,0.24,0.5714,970,0.23,0.5476,182,0.24,0.5714,1,0.235,0.5595,147,0
SPY190828C293,2019-08-27,2019-08-27 09:31:34,0.24,0.5714,1410,0.23,0.5476,580,0.24,0.5714,1,0.235,0.5595,147,0
SPY190828C293,2019-08-27,2019-08-27 09:31:35,0.24,0.5714,353,0.23,0.5476,182,0.24,0.5714,1,0.235,0.5595,147,0
SPY190828C293,2019-08-27,2019-08-27 09:31:35,0.24,0.5714,31,0.22,0.5238,205,0.24,0.5714,1,0.23,0.5476,147,0
SPY190828C293,2019-08-27,2019-08-27 09:31:36,0.23,0.5476,375,0.22,0.5238,1155,0.24,0.5714,1,0.225,0.5357,147,0
SPY190828C293,2019-08-27,2019-08-27 09:31:36,0.24,0.5714,285,0.22,0.5238,1326,0.24,0.5714,1,0.23,0.5476,147,0
SPY190828C293,2019-08-27,2019-08-27 09:31:37,0.23,0.5476,356,0.22,0.5238,1155,0.24,0.5714,1,0.225,0.5357,147,0
SPY190828C293,2019-08-27,2019-08-27 09:31:37,0.23,0.5476,261,0.22,0.5238,2714,0.24,0.5714,1,0.225,0.5357,147,0
SPY190828C293,2019-08-27,2019-08-27 09:31:38,0.23,0.5476,261,0.22,0.5238,2554,0.24,0.5714,1,0.225,0.5357,147,0
SPY190828C293,2019-08-27,2019-08-27 09:31:39,0.23,0.5476,261,0.22,0.5238,2554,0.24,0.5714,1,0.225,0.5357,147,0
SPY190828C293,2019-08-27,2019-08-27 09:31:40,0.23,0.5476,261,0.22,0.5238,2554,0.24,0.5714,1,0.225,0.5357,147,0
SPY190828C293,2019-08-27,2019-08-27 09:31:41,0.23,0.5476,261,0.22,0.5238,1738,0.24,0.5714,1,0.225,0.5357,147,0
SPY190828C293,2019-08-27,2019-08-27 09:31:41,0.23,0.5476,252,0.22,0.5238,1738,0.24,0.5714,1,0.225,0.5357,147,0
SPY190828C293,2019-08-27,2019-08-27 09:31:42,0.23,0.5476,252,0.22,0.5238,2435,0.24,0.5714,1,0.225,0.5357,147,0
SPY190828C293,2019-08-27,2019-08-27 09:31:42,0.23,0.5476,252,0.22,0.5238,325,0.24,0.5714,1,0.225,0.5357,147,0
SPY190828C293,2019-08-27,2019-08-27 09:31:43,0.23,0.5476,339,0.22,0.5238,1715,0.24,0.5714,1,0.225,0.5357,147,0
SPY190828C293,2019-08-27,2019-08-27 09:31:43,0.23,0.5476,252,0.22,0.5238,1069,0.24,0.5714,1,0.225,0.5357,147,0
SPY190828C293,2019-08-27,2019-08-27 09:31:44,0.23,0.5476,339,0.22,0.5238,1715,0.24,0.5714,1,0.225,0.5357,147,0
SPY190828C293,2019-08-27,2019-08-27 09:31:45,0.23,0.5476,341,0.22,0.5238,1744,0.24,0.5714,1,0.225,0.5357,147,0
SPY190828C293,2019-08-27,2019-08-27 09:31:45,0.23,0.5476,341,0.22,0.5238,1633,0.24,0.5714,1,0.225,0.5357,147,0
SPY190828C293,2019-08-27,2019-08-27 09:31:46,0.23,0.5476,252,0.22,0.5238,1219,0.24,0.5714,1,0.225,0.5357,147,0
SPY190828C293,2019-08-27,2019-08-27 09:31:46,0.23,0.5476,341,0.22,0.5238,1219,0.24,0.5714,1,0.225,0.5357,147,0
SPY190828C293,2019-08-27,2019-08-27 09:31:47,0.23,0.5476,252,0.22,0.5238,224,0.24,0.5714,1,0.225,0.5357,147,0
SPY190828C293,2019-08-27,2019-08-27 09:31:47,0.23,0.5476,252,0.22,0.5238,1000,0.24,0.5714,1,0.225,0.5357,147,0
SPY190828C293,2019-08-27,2019-08-27 09:31:48,0.23,0.5476,1,0.22,0.5238,2200,0.24,0.5714,1,0.225,0.5357,147,0
SPY190828C293,2019-08-27,2019-08-27 09:31:48,0.23,0.5476,252,0.22,0.5238,2404,0.24,0.5714,1,0.225,0.5357,147,0
SPY190828C293,2019-08-27,2019-08-27 09:31:49,0.23,0.5476,1,0.22,0.5238,3613,0.24,0.5714,1,0.225,0.5357,147,0
SPY190828C293,2019-08-27,2019-08-27 09:31:49,0.23,0.5476,319,0.22,0.5238,3613,0.24,0.5714,1,0.225,0.5357,147,0
SPY190828C293,2019-08-27,2019-08-27 09:31:50,0.23,0.5476,319,0.22,0.5238,1779,0.24,0.5714,1,0.225,0.5357,147,0
SPY190828C293,2019-08-27,2019-08-27 09:31:51,0.23,0.5476,261,0.22,0.5238,711,0.24,0.5714,1,0.225,0.5357,147,0
SPY190828C293,2019-08-27,2019-08-27 09:31:51,0.23,0.5476,1,0.22,0.5238,711,0.24,0.5714,1,0.225,0.5357,147,0
SPY190828C293,2019-08-27,2019-08-27 09:31:52,0.23,0.5476,261,0.22,0.5238,151,0.24,0.5714,1,0.225,0.5357,147,0
SPY190828C293,2019-08-27,2019-08-27 09:31:52,0.23,0.5476,364,0.22,0.5238,185,0.24,0.5714,1,0.225,0.5357,147,0
SPY190828C293,2019-08-27,2019-08-27 09:31:53,0.23,0.5476,261,0.22,0.5238,362,0.24,0.5714,1,0.225,0.5357,147,0
SPY190828C293,2019-08-27,2019-08-27 09:31:53,0.23,0.5476,261,0.22,0.5238,835,0.24,0.5714,1,0.225,0.5357,147,0
SPY190828C293,2019-08-27,2019-08-27 09:31:54,0.23,0.5476,353,0.22,0.5238,180,0.24,0.5714,1,0.225,0.5357,147,0
SPY190828C293,2019-08-27,2019-08-27 09:31:54,0.23,0.5476,377,0.22,0.5238,180,0.24,0.5714,1,0.225,0.5357,147,0
SPY190828C293,2019-08-27,2019-08-27 09:31:55,0.23,0.5476,353,0.22,0.5238,161,0.24,0.5714,1,0.225,0.5357,147,0
SPY190828C293,2019-08-27,2019-08-27 09:31:56,0.23,0.5476,353,0.22,0.5238,151,0.24,0.5714,1,0.225,0.5357,147,0
SPY190828C293,2019-08-27,2019-08-27 09:31:57,0.23,0.5476,353,0.22,0.5238,161,0.24,0.5714,1,0.225,0.5357,147,0
SPY190828C293,2019-08-27,2019-08-27 09:31:57,0.23,0.5476,353,0.22,0.5238,172,0.24,0.5714,1,0.225,0.5357,147,0
SPY190828C293,2019-08-27,2019-08-27 09:31:58,0.23,0.5476,353,0.22,0.5238,161,0.24,0.5714,1,0.225,0.5357,147,0
SPY190828C293,2019-08-27,2019-08-27 09:31:58,0.23,0.5476,353,0.22,0.5238,172,0.24,0.5714,1,0.225,0.5357,147,0
SPY190828C293,2019-08-27,2019-08-27 09:31:59,0.23,0.5476,376,0.22,0.5238,173,0.24,0.5714,1,0.225,0.5357,147,0
SPY190828C293,2019-08-27,2019-08-27 09:31:59,0.23,0.5476,261,0.22,0.5238,173,0.24,0.5714,1,0.225,0.5357,147,0
SPY190828C293,2019-08-27,2019-08-27 09:32:00,0.23,0.5476,261,0.22,0.5238,166,0.24,0.5714,1,0.225,0.5357,147,0
SPY190828C293,2019-08-27,2019-08-27 09:32:00,0.22,0.5238,294,0.21,0.5,2099,0.24,0.5714,1,0.215,0.5119,147,0
SPY190828C293,2019-08-27,2019-08-27 09:32:01,0.22,0.5238,294,0.21,0.5,2592,0.24,0.5714,1,0.215,0.5119,147,0
SPY190828C293,2019-08-27,2019-08-27 09:32:02,0.22,0.5238,294,0.21,0.5,3824,0.24,0.5714,1,0.215,0.5119,147,0
SPY190828C293,2019-08-27,2019-08-27 09:32:02,0.22,0.5238,294,0.21,0.5,2592,0.24,0.5714,1,0.215,0.5119,147,0
SPY190828C293,2019-08-27,2019-08-27 09:32:03,0.22,0.5238,294,0.21,0.5,2463,0.24,0.5714,1,0.215,0.5119,147,0
SPY190828C293,2019-08-27,2019-08-27 09:32:03,0.22,0.5238,294,0.21,0.5,2976,0.24,0.5714,1,0.215,0.5119,147,0
SPY190828C293,2019-08-27,2019-08-27 09:32:04,0.22,0.5238,55,0.21,0.5,1149,0.24,0.5714,1,0.215,0.5119,147,0
SPY190828C293,2019-08-27,2019-08-27 09:32:04,0.22,0.5238,375,0.21,0.5,2064,0.24,0.5714,1,0.215,0.5119,147,0
SPY190828C293,2019-08-27,2019-08-27 09:32:05,0.22,0.5238,375,0.21,0.5,2961,0.24,0.5714,1,0.215,0.5119,147,0
SPY190828C293,2019-08-27,2019-08-27 09:32:05,0.22,0.5238,375,0.21,0.5,1204,0.24,0.5714,1,0.215,0.5119,147,0
SPY190828C293,2019-08-27,2019-08-27 09:32:06,0.22,0.5238,574,0.21,0.5,161,0.24,0.5714,1,0.215,0.5119,147,0
SPY190828C293,2019-08-27,2019-08-27 09:32:07,0.22,0.5238,389,0.21,0.5,171,0.24,0.5714,1,0.215,0.5119,147,0
SPY190828C293,2019-08-27,2019-08-27 09:32:07,0.22,0.5238,317,0.21,0.5,171,0.24,0.5714,1,0.215,0.5119,147,0
SPY190828C293,2019-08-27,2019-08-27 09:32:08,0.22,0.5238,207,0.21,0.5,171,0.24,0.5714,1,0.215,0.5119,147,0
SPY190828C293,2019-08-27,2019-08-27 09:32:08,0.22,0.5238,506,0.21,0.5,161,0.24,0.5714,1,0.215,0.5119,147,0
SPY190828C293,2019-08-27,2019-08-27 09:32:09,0.22,0.5238,1693,0.21,0.5,161,0.24,0.5714,1,0.215,0.5119,147,0
SPY190828C293,2019-08-27,2019-08-27 09:32:09,0.22,0.5238,1275,0.21,0.5,59,0.24,0.5714,1,0.215,0.5119,147,0
SPY190828C293,2019-08-27,2019-08-27 09:32:10,0.21,0.5,260,0.2,0.4761,2164,0.24,0.5714,1,0.205,0.488,147,0
SPY190828C293,2019-08-27,2019-08-27 09:32:10,0.22,0.5238,1203,0.2,0.4761,2164,0.24,0.5714,1,0.21,0.5,147,0
SPY190828C293,2019-08-27,2019-08-27 09:32:11,0.21,0.5,260,0.2,0.4761,2514,0.24,0.5714,1,0.205,0.488,147,0
SPY190828C293,2019-08-27,2019-08-27 09:32:11,0.21,0.5,260,0.2,0.4761,2670,0.24,0.5714,1,0.205,0.488,147,0
SPY190828C293,2019-08-27,2019-08-27 09:32:12,0.21,0.5,260,0.2,0.4761,2670,0.24,0.5714,1,0.205,0.488,147,0
SPY190828C293,2019-08-27,2019-08-27 09:32:12,0.22,0.5238,398,0.21,0.5,1898,0.21,0.5,1,0.215,0.5119,148,1
SPY190828C293,2019-08-27,2019-08-27 09:32:13,0.22,0.5238,553,0.21,0.5,1486,0.21,0.5,1,0.215,0.5119,148,0
SPY190828C293,2019-08-27,2019-08-27 09:32:13,0.22,0.5238,553,0.21,0.5,1521,0.21,0.5,1,0.215,0.5119,148,0
SPY190828C293,2019-08-27,2019-08-27 09:32:14,0.22,0.5238,398,0.21,0.5,3327,0.21,0.5,1,0.215,0.5119,148,0
SPY190828C293,2019-08-27,2019-08-27 09:32:14,0.22,0.5238,548,0.21,0.5,2454,0.21,0.5,1,0.215,0.5119,148,0
SPY190828C293,2019-08-27,2019-08-27 09:32:15,0.22,0.5238,10,0.21,0.5,3239,0.21,0.5,1,0.215,0.5119,148,0
SPY190828C293,2019-08-27,2019-08-27 09:32:15,0.22,0.5238,398,0.21,0.5,3327,0.21,0.5,1,0.215,0.5119,148,0
SPY190828C293,2019-08-27,2019-08-27 09:32:16,0.22,0.5238,10,0.21,0.5,3579,0.21,0.5,1,0.215,0.5119,148,0
SPY190828C293,2019-08-27,2019-08-27 09:32:17,0.22,0.5238,282,0.21,0.5,3579,0.21,0.5,1,0.215,0.5119,148,0
SPY190828C293,2019-08-27,2019-08-27 09:32:17,0.22,0.5238,332,0.21,0.5,1727,0.21,0.5,1,0.215,0.5119,148,0
SPY190828C293,2019-08-27,2019-08-27 09:32:18,0.22,0.5238,332,0.21,0.5,2229,0.22,0.5238,30,0.215,0.5119,178,30
SPY190828C293,2019-08-27,2019-08-27 09:32:18,0.22,0.5238,332,0.21,0.5,2229,0.21,0.5,1,0.215,0.5119,148,0
SPY190828C293,2019-08-27,2019-08-27 09:32:19,0.22,0.5238,332,0.21,0.5,1147,0.22,0.5238,20,0.215,0.5119,228,0
SPY190828C293,2019-08-27,2019-08-27 09:32:19,0.22,0.5238,332,0.21,0.5,2458,0.22,0.5238,20,0.215,0.5119,228,50
SPY190828C293,2019-08-27,2019-08-27 09:32:20,0.22,0.5238,332,0.21,0.5,1147,0.22,0.5238,20,0.215,0.5119,228,0
SPY190828C293,2019-08-27,2019-08-27 09:32:20,0.22,0.5238,330,0.21,0.5,2227,0.22,0.5238,20,0.215,0.5119,228,0
SPY190828C293,2019-08-27,2019-08-27 09:32:21,0.22,0.5238,330,0.21,0.5,3571,0.22,0.5238,20,0.215,0.5119,228,0
SPY190828C293,2019-08-27,2019-08-27 09:32:21,0.22,0.5238,330,0.21,0.5,2400,0.22,0.5238,20,0.215,0.5119,228,0
SPY190828C293,2019-08-27,2019-08-27 09:32:22,0.22,0.5238,10,0.21,0.5,1516,0.21,0.5,28,0.215,0.5119,546,318
SPY190828C293,2019-08-27,2019-08-27 09:32:22,0.22,0.5238,224,0.21,0.5,2679,0.21,0.5,28,0.215,0.5119,546,0
SPY190828C293,2019-08-27,2019-08-27 09:32:23,0.22,0.5238,224,0.21,0.5,2833,0.22,0.5238,2,0.215,0.5119,548,2
SPY190828C293,2019-08-27,2019-08-27 09:32:23,0.22,0.5238,224,0.21,0.5,2921,0.21,0.5,28,0.215,0.5119,546,0
SPY190828C293,2019-08-27,2019-08-27 09:32:24,0.22,0.5238,224,0.21,0.5,2833,0.22,0.5238,2,0.215,0.5119,548,0
SPY190828C293,2019-08-27,2019-08-27 09:32:25,0.22,0.5238,205,0.21,0.5,4182,0.22,0.5238,2,0.215,0.5119,548,0
SPY190828C293,2019-08-27,2019-08-27 09:32:25,0.22,0.5238,224,0.21,0.5,4118,0.22,0.5238,2,0.215,0.5119,548,0
SPY190828C293,2019-08-27,2019-08-27 09:32:26,0.22,0.5238,205,0.21,0.5,1777,0.22,0.5238,2,0.215,0.5119,548,0
SPY190828C293,2019-08-27,2019-08-27 09:32:26,0.22,0.5238,205,0.21,0.5,4041,0.22,0.5238,2,0.215,0.5119,548,0
SPY190828C293,2019-08-27,2019-08-27 09:32:27,0.22,0.5238,205,0.21,0.5,3801,0.22,0.5238,2,0.215,0.5119,548,0
SPY190828C293,2019-08-27,2019-08-27 09:32:27,0.22,0.5238,205,0.21,0.5,3808,0.22,0.5238,2,0.215,0.5119,548,0
SPY190828C293,2019-08-27,2019-08-27 09:32:28,0.22,0.5238,205,0.21,0.5,2591,0.22,0.5238,2,0.215,0.5119,548,0
SPY190828C293,2019-08-27,2019-08-27 09:32:29,0.22,0.5238,205,0.21,0.5,3784,0.22,0.5238,2,0.215,0.5119,548,0
SPY190828C293,2019-08-27,2019-08-27 09:32:30,0.22,0.5238,205,0.21,0.5,2070,0.22,0.5238,2,0.215,0.5119,548,0
SPY190828C293,2019-08-27,2019-08-27 09:32:31,0.22,0.5238,205,0.21,0.5,2070,0.22,0.5238,2,0.215,0.5119,548,0
SPY190828C293,2019-08-27,2019-08-27 09:32:31,0.22,0.5238,205,0.21,0.5,2416,0.22,0.5238,2,0.215,0.5119,548,0
SPY190828C293,2019-08-27,2019-08-27 09:32:32,0.22,0.5238,205,0.21,0.5,2676,0.22,0.5238,2,0.215,0.5119,548,0
SPY190828C293,2019-08-27,2019-08-27 09:32:33,0.22,0.5238,10,0.21,0.5,2634,0.22,0.5238,2,0.215,0.5119,548,0
SPY190828C293,2019-08-27,2019-08-27 09:32:33,0.22,0.5238,10,0.21,0.5,2676,0.22,0.5238,2,0.215,0.5119,548,0
SPY190828C293,2019-08-27,2019-08-27 09:32:34,0.22,0.5238,10,0.21,0.5,3887,0.22,0.5238,2,0.215,0.5119,548,0
SPY190828C293,2019-08-27,2019-08-27 09:32:35,0.22,0.5238,10,0.21,0.5,3130,0.22,0.5238,2,0.215,0.5119,548,0
SPY190828C293,2019-08-27,2019-08-27 09:32:35,0.22,0.5238,10,0.21,0.5,2679,0.22,0.5238,2,0.215,0.5119,548,0
SPY190828C293,2019-08-27,2019-08-27 09:32:36,0.22,0.5238,10,0.21,0.5,2960,0.22,0.5238,2,0.215,0.5119,548,0
SPY190828C293,2019-08-27,2019-08-27 09:32:36,0.22,0.5238,10,0.21,0.5,4256,0.22,0.5238,2,0.215,0.5119,548,0
SPY190828C293,2019-08-27,2019-08-27 09:32:37,0.22,0.5238,10,0.21,0.5,2960,0.22,0.5238,2,0.215,0.5119,548,0
SPY190828C293,2019-08-27,2019-08-27 09:32:37,0.22,0.5238,10,0.21,0.5,4505,0.22,0.5238,2,0.215,0.5119,548,0
SPY190828C293,2019-08-27,2019-08-27 09:32:38,0.22,0.5238,10,0.21,0.5,4254,0.22,0.5238,1,0.215,0.5119,549,0
SPY190828C293,2019-08-27,2019-08-27 09:32:38,0.22,0.5238,10,0.21,0.5,4254,0.22,0.5238,1,0.215,0.5119,549,1
SPY190828C293,2019-08-27,2019-08-27 09:32:39,0.22,0.5238,10,0.21,0.5,4477,0.22,0.5238,1,0.215,0.5119,549,0
SPY190828C293,2019-08-27,2019-08-27 09:32:39,0.22,0.5238,10,0.21,0.5,4254,0.22,0.5238,1,0.215,0.5119,549,0
SPY190828C293,2019-08-27,2019-08-27 09:32:40,0.22,0.5238,10,0.21,0.5,4477,0.22,0.5238,1,0.215,0.5119,549,0
SPY190828C293,2019-08-27,2019-08-27 09:32:41,0.22,0.5238,10,0.21,0.5,3267,0.22,0.5238,1,0.215,0.5119,549,0
SPY190828C293,2019-08-27,2019-08-27 09:32:42,0.23,0.5476,326,0.22,0.5238,985,0.22,0.5238,8,0.225,0.5357,567,18
SPY190828C293,2019-08-27,2019-08-27 09:32:42,0.23,0.5476,326,0.22,0.5238,2205,0.22,0.5238,8,0.225,0.5357,567,0
SPY190828C293,2019-08-27,2019-08-27 09:32:43,0.23,0.5476,325,0.22,0.5238,1995,0.22,0.5238,8,0.225,0.5357,567,0
SPY190828C293,2019-08-27,2019-08-27 09:32:43,0.23,0.5476,325,0.22,0.5238,1922,0.22,0.5238,8,0.225,0.5357,567,0
SPY190828C293,2019-08-27,2019-08-27 09:32:44,0.23,0.5476,31,0.22,0.5238,1033,0.22,0.5238,8,0.225,0.5357,567,0
SPY190828C293,2019-08-27,2019-08-27 09:32:44,0.23,0.5476,270,0.22,0.5238,1035,0.22,0.5238,8,0.225,0.5357,567,0
SPY190828C293,2019-08-27,2019-08-27 09:32:45,0.23,0.5476,270,0.22,0.5238,1091,0.22,0.5238,8,0.225,0.5357,567,0
SPY190828C293,2019-08-27,2019-08-27 09:32:46,0.23,0.5476,270,0.22,0.5238,1091,0.22,0.5238,8,0.225,0.5357,567,0
SPY190828C293,2019-08-27,2019-08-27 09:32:47,0.23,0.5476,270,0.22,0.5238,1263,0.22,0.5238,8,0.225,0.5357,567,0
SPY190828C293,2019-08-27,2019-08-27 09:32:47,0.23,0.5476,270,0.22,0.5238,1091,0.22,0.5238,8,0.225,0.5357,567,0
SPY190828C293,2019-08-27,2019-08-27 09:32:48,0.23,0.5476,270,0.22,0.5238,1193,0.22,0.5238,8,0.225,0.5357,567,0
SPY190828C293,2019-08-27,2019-08-27 09:32:49,0.23,0.5476,270,0.22,0.5238,1193,0.22,0.5238,8,0.225,0.5357,567,0
SPY190828C293,2019-08-27,2019-08-27 09:32:49,0.23,0.5476,268,0.22,0.5238,1193,0.22,0.5238,8,0.225,0.5357,567,0
SPY190828C293,2019-08-27,2019-08-27 09:32:50,0.23,0.5476,268,0.22,0.5238,1693,0.22,0.5238,8,0.225,0.5357,567,0
SPY190828C293,2019-08-27,2019-08-27 09:32:50,0.23,0.5476,268,0.22,0.5238,1193,0.22,0.5238,8,0.225,0.5357,567,0
SPY190828C293,2019-08-27,2019-08-27 09:32:51,0.23,0.5476,268,0.22,0.5238,1693,0.22,0.5238,8,0.225,0.5357,567,0
SPY190828C293,2019-08-27,2019-08-27 09:32:51,0.23,0.5476,268,0.22,0.5238,3326,0.22,0.5238,8,0.225,0.5357,567,0
SPY190828C293,2019-08-27,2019-08-27 09:32:52,0.23,0.5476,268,0.22,0.5238,3326,0.22,0.5238,8,0.225,0.5357,567,0
SPY190828C293,2019-08-27,2019-08-27 09:32:53,0.23,0.5476,268,0.22,0.5238,2264,0.22,0.5238,8,0.225,0.5357,567,0
SPY190828C293,2019-08-27,2019-08-27 09:32:53,0.23,0.5476,298,0.22,0.5238,2264,0.22,0.5238,8,0.225,0.5357,567,0
SPY190828C293,2019-08-27,2019-08-27 09:32:54,0.23,0.5476,412,0.22,0.5238,500,0.22,0.5238,8,0.225,0.5357,567,0
SPY190828C293,2019-08-27,2019-08-27 09:32:54,0.23,0.5476,412,0.22,0.5238,833,0.22,0.5238,8,0.225,0.5357,567,0
SPY190828C293,2019-08-27,2019-08-27 09:32:55,0.23,0.5476,310,0.22,0.5238,833,0.22,0.5238,8,0.225,0.5357,567,0
SPY190828C293,2019-08-27,2019-08-27 09:32:55,0.23,0.5476,435,0.22,0.5238,833,0.22,0.5238,8,0.225,0.5357,567,0
SPY190828C293,2019-08-27,2019-08-27 09:32:56,0.23,0.5476,299,0.22,0.5238,833,0.22,0.5238,8,0.225,0.5357,567,0
SPY190828C293,2019-08-27,2019-08-27 09:32:57,0.23,0.5476,299,0.22,0.5238,946,0.22,0.5238,8,0.225,0.5357,567,0
SPY190828C293,2019-08-27,2019-08-27 09:32:57,0.23,0.5476,299,0.22,0.5238,1601,0.22,0.5238,8,0.225,0.5357,567,0
SPY190828C293,2019-08-27,2019-08-27 09:32:58,0.23,0.5476,299,0.22,0.5238,1601,0.22,0.5238,8,0.225,0.5357,567,0
SPY190828C293,2019-08-27,2019-08-27 09:32:59,0.23,0.5476,299,0.22,0.5238,1601,0.22,0.5238,8,0.225,0.5357,567,0
SPY190828C293,2019-08-27,2019-08-27 09:32:59,0.23,0.5476,299,0.22,0.5238,1601,0.22,0.5238,2,0.225,0.5357,569,2
SPY190828C293,2019-08-27,2019-08-27 09:33:00,0.23,0.5476,299,0.22,0.5238,2580,0.22,0.5238,2,0.225,0.5357,569,0
SPY190828C293,2019-08-27,2019-08-27 09:33:01,0.23,0.5476,355,0.22,0.5238,1874,0.22,0.5238,2,0.225,0.5357,569,0
SPY190828C293,2019-08-27,2019-08-27 09:33:01,0.23,0.5476,299,0.22,0.5238,2580,0.22,0.5238,2,0.225,0.5357,569,0
SPY190828C293,2019-08-27,2019-08-27 09:33:02,0.23,0.5476,355,0.22,0.5238,1836,0.22,0.5238,2,0.225,0.5357,569,0
SPY190828C293,2019-08-27,2019-08-27 09:33:02,0.23,0.5476,355,0.22,0.5238,1117,0.22,0.5238,2,0.225,0.5357,569,0
SPY190828C293,2019-08-27,2019-08-27 09:33:03,0.23,0.5476,355,0.22,0.5238,2025,0.22,0.5238,2,0.225,0.5357,569,0
SPY190828C293,2019-08-27,2019-08-27 09:33:03,0.23,0.5476,355,0.22,0.5238,1775,0.22,0.5238,2,0.225,0.5357,569,0
SPY190828C293,2019-08-27,2019-08-27 09:33:04,0.23,0.5476,355,0.22,0.5238,4050,0.22,0.5238,2,0.225,0.5357,569,0
SPY190828C293,2019-08-27,2019-08-27 09:33:05,0.23,0.5476,355,0.22,0.5238,4281,0.22,0.5238,2,0.225,0.5357,569,0
SPY190828C293,2019-08-27,2019-08-27 09:33:05,0.23,0.5476,355,0.22,0.5238,4055,0.22,0.5238,2,0.225,0.5357,569,0
SPY190828C293,2019-08-27,2019-08-27 09:33:06,0.23,0.5476,355,0.22,0.5238,4055,0.22,0.5238,2,0.225,0.5357,569,0
SPY190828C293,2019-08-27,2019-08-27 09:33:06,0.23,0.5476,355,0.22,0.5238,3041,0.22,0.5238,2,0.225,0.5357,569,0
SPY190828C293,2019-08-27,2019-08-27 09:33:07,0.23,0.5476,279,0.22,0.5238,4055,0.22,0.5238,2,0.225,0.5357,569,0
SPY190828C293,2019-08-27,2019-08-27 09:33:08,0.23,0.5476,279,0.22,0.5238,4046,0.22,0.5238,2,0.225,0.5357,569,0
SPY190828C293,2019-08-27,2019-08-27 09:33:08,0.23,0.5476,279,0.22,0.5238,2829,0.22,0.5238,2,0.225,0.5357,569,0
SPY190828C293,2019-08-27,2019-08-27 09:33:09,0.23,0.5476,365,0.22,0.5238,4046,0.22,0.5238,2,0.225,0.5357,569,0
SPY190828C293,2019-08-27,2019-08-27 09:33:09,0.23,0.5476,279,0.22,0.5238,2221,0.22,0.5238,2,0.225,0.5357,569,0
SPY190828C293,2019-08-27,2019-08-27 09:33:10,0.23,0.5476,279,0.22,0.5238,3703,0.22,0.5238,2,0.225,0.5357,569,0
SPY190828C293,2019-08-27,2019-08-27 09:33:10,0.23,0.5476,279,0.22,0.5238,2221,0.22,0.5238,2,0.225,0.5357,569,0
SPY190828C293,2019-08-27,2019-08-27 09:33:11,0.23,0.5476,279,0.22,0.5238,2830,0.22,0.5238,2,0.225,0.5357,569,0
SPY190828C293,2019-08-27,2019-08-27 09:33:12,0.23,0.5476,279,0.22,0.5238,4054,0.22,0.5238,2,0.225,0.5357,569,0
SPY190828C293,2019-08-27,2019-08-27 09:33:12,0.23,0.5476,279,0.22,0.5238,2830,0.22,0.5238,2,0.225,0.5357,569,0
SPY190828C293,2019-08-27,2019-08-27 09:33:13,0.23,0.5476,663,0.22,0.5238,3702,0.22,0.5238,2,0.225,0.5357,569,0
SPY190828C293,2019-08-27,2019-08-27 09:33:13,0.23,0.5476,279,0.22,0.5238,4054,0.22,0.5238,2,0.225,0.5357,569,0
SPY190828C293,2019-08-27,2019-08-27 09:33:14,0.23,0.5476,560,0.22,0.5238,608,0.22,0.5238,2,0.225,0.5357,569,0
SPY190828C293,2019-08-27,2019-08-27 09:33:14,0.23,0.5476,858,0.22,0.5238,2330,0.22,0.5238,2,0.225,0.5357,569,0
SPY190828C293,2019-08-27,2019-08-27 09:33:15,0.23,0.5476,656,0.22,0.5238,965,0.22,0.5238,2,0.225,0.5357,569,0
SPY190828C293,2019-08-27,2019-08-27 09:33:15,0.23,0.5476,560,0.22,0.5238,2217,0.22,0.5238,2,0.225,0.5357,569,0
SPY190828C293,2019-08-27,2019-08-27 09:33:16,0.23,0.5476,947,0.22,0.5238,965,0.22,0.5238,2,0.225,0.5357,569,0
SPY190828C293,2019-08-27,2019-08-27 09:33:16,0.23,0.5476,656,0.22,0.5238,965,0.22,0.5238,2,0.225,0.5357,569,0
SPY190828C293,2019-08-27,2019-08-27 09:33:17,0.23,0.5476,937,0.22,0.5238,1421,0.22,0.5238,2,0.225,0.5357,569,0
SPY190828C293,2019-08-27,2019-08-27 09:33:17,0.23,0.5476,656,0.22,0.5238,1684,0.22,0.5238,2,0.225,0.5357,569,0
SPY190828C293,2019-08-27,2019-08-27 09:33:18,0.23,0.5476,1264,0.22,0.5238,945,0.22,0.5238,2,0.225,0.5357,569,0
SPY190828C293,2019-08-27,2019-08-27 09:33:18,0.23,0.5476,867,0.22,0.5238,170,0.22,0.5238,2,0.225,0.5357,569,0
SPY190828C293,2019-08-27,2019-08-27 09:33:19,0.23,0.5476,1501,0.22,0.5238,125,0.22,0.5238,2,0.225,0.5357,569,0
SPY190828C293,2019-08-27,2019-08-27 09:33:19,0.23,0.5476,1355,0.22,0.5238,1014,0.22,0.5238,2,0.225,0.5357,569,0
SPY190828C293,2019-08-27,2019-08-27 09:33:20,0.23,0.5476,1829,0.22,0.5238,51,0.22,0.5238,2,0.225,0.5357,569,0
SPY190828C293,2019-08-27,2019-08-27 09:33:20,0.23,0.5476,3100,0.22,0.5238,125,0.22,0.5238,2,0.225,0.5357,569,0
SPY190828C293,2019-08-27,2019-08-27 09:33:21,0.22,0.5238,207,0.21,0.5,4481,0.22,0.5238,2,0.215,0.5119,569,0
SPY190828C293,2019-08-27,2019-08-27 09:33:21,0.23,0.5476,1829,0.21,0.5,3018,0.22,0.5238,2,0.22,0.5238,569,0
SPY190828C293,2019-08-27,2019-08-27 09:33:22,0.22,0.5238,207,0.21,0.5,4260,0.22,0.5238,2,0.215,0.5119,569,0
SPY190828C293,2019-08-27,2019-08-27 09:33:22,0.22,0.5238,207,0.21,0.5,4481,0.22,0.5238,2,0.215,0.5119,569,0
SPY190828C293,2019-08-27,2019-08-27 09:33:23,0.22,0.5238,207,0.21,0.5,4475,0.22,0.5238,2,0.215,0.5119,569,0
SPY190828C293,2019-08-27,2019-08-27 09:33:23,0.22,0.5238,207,0.21,0.5,2750,0.22,0.5238,2,0.215,0.5119,569,0
SPY190828C293,2019-08-27,2019-08-27 09:33:24,0.22,0.5238,207,0.22,0.5238,41,0.22,0.5238,2,0.22,0.5238,569,0
SPY190828C293,2019-08-27,2019-08-27 09:33:24,0.22,0.5238,207,0.21,0.5,1406,0.22,0.5238,2,0.215,0.5119,569,0
SPY190828C293,2019-08-27,2019-08-27 09:33:25,0.23,0.5476,2472,0.22,0.5238,10,0.22,0.5238,2,0.225,0.5357,569,0
SPY190828C293,2019-08-27,2019-08-27 09:33:25,0.22,0.5238,235,0.21,0.5,2664,0.22,0.5238,2,0.215,0.5119,569,0
SPY190828C293,2019-08-27,2019-08-27 09:33:26,0.23,0.5476,1192,0.22,0.5238,597,0.22,0.5238,2,0.225,0.5357,569,0
SPY190828C293,2019-08-27,2019-08-27 09:33:26,0.22,0.5238,235,0.21,0.5,2099,0.22,0.5238,2,0.215,0.5119,569,0
SPY190828C293,2019-08-27,2019-08-27 09:33:27,0.23,0.5476,1192,0.22,0.5238,1028,0.22,0.5238,2,0.225,0.5357,569,0
SPY190828C293,2019-08-27,2019-08-27 09:33:28,0.23,0.5476,1769,0.22,0.5238,61,0.22,0.5238,2,0.225,0.5357,569,0
SPY190828C293,2019-08-27,2019-08-27 09:33:28,0.23,0.5476,1781,0.21,0.5,1516,0.22,0.5238,2,0.22,0.5238,569,0
SPY190828C293,2019-08-27,2019-08-27 09:33:29,0.23,0.5476,1978,0.22,0.5238,31,0.22,0.5238,2,0.225,0.5357,569,0
SPY190828C293,2019-08-27,2019-08-27 09:33:29,0.23,0.5476,2074,0.22,0.5238,31,0.22,0.5238,50,0.225,0.5357,619,50
SPY190828C293,2019-08-27,2019-08-27 09:33:30,0.23,0.5476,2145,0.22,0.5238,31,0.22,0.5238,50,0.225,0.5357,619,0
SPY190828C293,2019-08-27,2019-08-27 09:33:30,0.23,0.5476,2074,0.22,0.5238,31,0.22,0.5238,50,0.225,0.5357,619,0
SPY190828C293,2019-08-27,2019-08-27 09:33:31,0.23,0.5476,1752,0.22,0.5238,31,0.22,0.5238,50,0.225,0.5357,619,0
SPY190828C293,2019-08-27,2019-08-27 09:33:31,0.23,0.5476,2145,0.22,0.5238,31,0.22,0.5238,50,0.225,0.5357,619,0
SPY190828C293,2019-08-27,2019-08-27 09:33:32,0.23,0.5476,1636,0.22,0.5238,597,0.22,0.5238,50,0.225,0.5357,619,0
SPY190828C293,2019-08-27,2019-08-27 09:33:32,0.23,0.5476,1636,0.22,0.5238,82,0.22,0.5238,50,0.225,0.5357,619,0
SPY190828C293,2019-08-27,2019-08-27 09:33:33,0.23,0.5476,1515,0.22,0.5238,597,0.22,0.5238,50,0.225,0.5357,619,0
SPY190828C293,2019-08-27,2019-08-27 09:33:33,0.23,0.5476,1956,0.22,0.5238,60,0.22,0.5238,50,0.225,0.5357,619,0
SPY190828C293,2019-08-27,2019-08-27 09:33:34,0.23,0.5476,1965,0.22,0.5238,82,0.22,0.5238,50,0.225,0.5357,619,0
SPY190828C293,2019-08-27,2019-08-27 09:33:34,0.23,0.5476,1965,0.22,0.5238,169,0.22,0.5238,50,0.225,0.5357,619,0
SPY190828C293,2019-08-27,2019-08-27 09:33:35,0.23,0.5476,1911,0.22,0.5238,82,0.22,0.5238,50,0.225,0.5357,619,0
SPY190828C293,2019-08-27,2019-08-27 09:33:35,0.23,0.5476,1965,0.22,0.5238,82,0.22,0.5238,50,0.225,0.5357,619,0
SPY190828C293,2019-08-27,2019-08-27 09:33:36,0.23,0.5476,2174,0.22,0.5238,112,0.22,0.5238,50,0.225,0.5357,619,0
SPY190828C293,2019-08-27,2019-08-27 09:33:36,0.23,0.5476,2148,0.22,0.5238,122,0.22,0.5238,50,0.225,0.5357,619,0
SPY190828C293,2019-08-27,2019-08-27 09:33:37,0.23,0.5476,985,0.22,0.5238,112,0.22,0.5238,50,0.225,0.5357,619,0
SPY190828C293,2019-08-27,2019-08-27 09:33:37,0.23,0.5476,1515,0.22,0.5238,59,0.22,0.5238,50,0.225,0.5357,619,0
SPY190828C293,2019-08-27,2019-08-27 09:33:38,0.23,0.5476,1950,0.22,0.5238,59,0.22,0.5238,50,0.225,0.5357,619,0
SPY190828C293,2019-08-27,2019-08-27 09:33:38,0.23,0.5476,1515,0.22,0.5238,624,0.22,0.5238,50,0.225,0.5357,619,0
SPY190828C293,2019-08-27,2019-08-27 09:33:39,0.23,0.5476,2585,0.22,0.5238,73,0.22,0.5238,50,0.225,0.5357,619,0
SPY190828C293,2019-08-27,2019-08-27 09:33:39,0.23,0.5476,3468,0.22,0.5238,73,0.22,0.5238,50,0.225,0.5357,619,0
SPY190828C293,2019-08-27,2019-08-27 09:33:40,0.23,0.5476,1728,0.22,0.5238,55,0.22,0.5238,50,0.225,0.5357,619,0
SPY190828C293,2019-08-27,2019-08-27 09:33:40,0.23,0.5476,1962,0.22,0.5238,123,0.22,0.5238,50,0.225,0.5357,619,0
SPY190828C293,2019-08-27,2019-08-27 09:33:41,0.23,0.5476,549,0.22,0.5238,1208,0.22,0.5238,50,0.225,0.5357,619,0
SPY190828C293,2019-08-27,2019-08-27 09:33:41,0.23,0.5476,1728,0.22,0.5238,55,0.22,0.5238,50,0.225,0.5357,619,0
SPY190828C293,2019-08-27,2019-08-27 09:33:42,0.23,0.5476,541,0.22,0.5238,1369,0.22,0.5238,50,0.225,0.5357,619,0
SPY190828C293,2019-08-27,2019-08-27 09:33:43,0.23,0.5476,541,0.22,0.5238,1565,0.22,0.5238,50,0.225,0.5357,619,0
SPY190828C293,2019-08-27,2019-08-27 09:33:43,0.23,0.5476,883,0.22,0.5238,1565,0.22,0.5238,50,0.225,0.5357,619,0
SPY190828C293,2019-08-27,2019-08-27 09:33:44,0.23,0.5476,387,0.22,0.5238,1680,0.22,0.5238,50,0.225,0.5357,619,0
SPY190828C293,2019-08-27,2019-08-27 09:33:44,0.23,0.5476,883,0.22,0.5238,1730,0.22,0.5238,50,0.225,0.5357,619,0
SPY190828C293,2019-08-27,2019-08-27 09:33:45,0.23,0.5476,877,0.22,0.5238,1680,0.22,0.5238,50,0.225,0.5357,619,0
SPY190828C293,2019-08-27,2019-08-27 09:33:45,0.23,0.5476,387,0.22,0.5238,1680,0.22,0.5238,50,0.225,0.5357,619,0
SPY190828C293,2019-08-27,2019-08-27 09:33:46,0.23,0.5476,692,0.22,0.5238,597,0.22,0.5238,50,0.225,0.5357,619,0
SPY190828C293,2019-08-27,2019-08-27 09:33:46,0.23,0.5476,927,0.22,0.5238,597,0.22,0.5238,50,0.225,0.5357,619,0
SPY190828C293,2019-08-27,2019-08-27 09:33:47,0.23,0.5476,1140,0.22,0.5238,996,0.22,0.5238,50,0.225,0.5357,669,50
SPY190828C293,2019-08-27,2019-08-27 09:33:47,0.23,0.5476,1140,0.22,0.5238,996,0.22,0.5238,50,0.225,0.5357,669,0
SPY190828C293,2019-08-27,2019-08-27 09:33:48,0.23,0.5476,1167,0.22,0.5238,996,0.22,0.5238,50,0.225,0.5357,669,0
SPY190828C293,2019-08-27,2019-08-27 09:33:48,0.23,0.5476,1795,0.22,0.5238,996,0.22,0.5238,50,0.225,0.5357,669,0
SPY190828C293,2019-08-27,2019-08-27 09:33:49,0.23,0.5476,2770,0.22,0.5238,1227,0.22,0.5238,50,0.225,0.5357,669,0
SPY190828C293,2019-08-27,2019-08-27 09:33:50,0.23,0.5476,1890,0.22,0.5238,996,0.22,0.5238,50,0.225,0.5357,669,0
SPY190828C293,2019-08-27,2019-08-27 09:33:50,0.23,0.5476,2919,0.22,0.5238,1663,0.22,0.5238,50,0.225,0.5357,669,0
SPY190828C293,2019-08-27,2019-08-27 09:33:51,0.23,0.5476,2196,0.22,0.5238,1146,0.22,0.5238,50,0.225,0.5357,669,0
SPY190828C293,2019-08-27,2019-08-27 09:33:51,0.23,0.5476,2919,0.22,0.5238,1663,0.22,0.5238,50,0.225,0.5357,669,0
SPY190828C293,2019-08-27,2019-08-27 09:33:52,0.23,0.5476,1941,0.22,0.5238,398,0.22,0.5238,50,0.225,0.5357,669,0
SPY190828C293,2019-08-27,2019-08-27 09:33:52,0.23,0.5476,1941,0.22,0.5238,1146,0.22,0.5238,50,0.225,0.5357,669,0
SPY190828C293,2019-08-27,2019-08-27 09:33:53,0.23,0.5476,3131,0.22,0.5238,804,0.22,0.5238,50,0.225,0.5357,669,0
SPY190828C293,2019-08-27,2019-08-27 09:33:53,0.23,0.5476,2860,0.22,0.5238,1036,0.22,0.5238,50,0.225,0.5357,669,0
SPY190828C293,2019-08-27,2019-08-27 09:33:54,0.23,0.5476,3131,0.22,0.5238,1358,0.22,0.5238,50,0.225,0.5357,669,0
SPY190828C293,2019-08-27,2019-08-27 09:33:54,0.23,0.5476,1039,0.22,0.5238,733,0.22,0.5238,50,0.225,0.5357,669,0
SPY190828C293,2019-08-27,2019-08-27 09:33:55,0.23,0.5476,1299,0.22,0.5238,927,0.22,0.5238,50,0.225,0.5357,669,0
SPY190828C293,2019-08-27,2019-08-27 09:33:55,0.23,0.5476,548,0.22,0.5238,937,0.22,0.5238,50,0.225,0.5357,669,0
SPY190828C293,2019-08-27,2019-08-27 09:33:56,0.23,0.5476,925,0.22,0.5238,937,0.22,0.5238,50,0.225,0.5357,669,0
SPY190828C293,2019-08-27,2019-08-27 09:33:57,0.23,0.5476,925,0.22,0.5238,689,0.22,0.5238,50,0.225,0.5357,669,0
SPY190828C293,2019-08-27,2019-08-27 09:33:57,0.23,0.5476,1325,0.22,0.5238,1273,0.22,0.5238,50,0.225,0.5357,669,0
SPY190828C293,2019-08-27,2019-08-27 09:33:58,0.23,0.5476,979,0.22,0.5238,505,0.22,0.5238,50,0.225,0.5357,669,0
SPY190828C293,2019-08-27,2019-08-27 09:33:58,0.23,0.5476,1325,0.22,0.5238,1273,0.22,0.5238,50,0.225,0.5357,669,0
SPY190828C293,2019-08-27,2019-08-27 09:33:59,0.23,0.5476,979,0.22,0.5238,2429,0.22,0.5238,50,0.225,0.5357,669,0
SPY190828C293,2019-08-27,2019-08-27 09:33:59,0.23,0.5476,979,0.22,0.5238,1324,0.22,0.5238,50,0.225,0.5357,669,0
SPY190828C293,2019-08-27,2019-08-27 09:34:00,0.23,0.5476,632,0.22,0.5238,3502,0.22,0.5238,50,0.225,0.5357,669,0
SPY190828C293,2019-08-27,2019-08-27 09:34:00,0.23,0.5476,979,0.22,0.5238,2505,0.22,0.5238,50,0.225,0.5357,669,0
SPY190828C293,2019-08-27,2019-08-27 09:34:01,0.23,0.5476,632,0.22,0.5238,3502,0.22,0.5238,50,0.225,0.5357,669,0
SPY190828C293,2019-08-27,2019-08-27 09:34:01,0.23,0.5476,946,0.22,0.5238,934,0.22,0.5238,50,0.225,0.5357,669,0
SPY190828C293,2019-08-27,2019-08-27 09:34:02,0.23,0.5476,844,0.22,0.5238,3001,0.22,0.5238,50,0.225,0.5357,669,0
SPY190828C293,2019-08-27,2019-08-27 09:34:03,0.23,0.5476,844,0.22,0.5238,1647,0.22,0.5238,50,0.225,0.5357,669,0
SPY190828C293,2019-08-27,2019-08-27 09:34:03,0.23,0.5476,1152,0.22,0.5238,205,0.22,0.5238,50,0.225,0.5357,669,0
SPY190828C293,2019-08-27,2019-08-27 09:34:04,0.23,0.5476,1152,0.22,0.5238,205,0.22,0.5238,50,0.225,0.5357,669,0
SPY190828C293,2019-08-27,2019-08-27 09:34:04,0.23,0.5476,1271,0.22,0.5238,31,0.22,0.5238,50,0.225,0.5357,669,0
SPY190828C293,2019-08-27,2019-08-27 09:34:05,0.23,0.5476,2122,0.22,0.5238,6,0.22,0.5238,50,0.225,0.5357,669,0
SPY190828C293,2019-08-27,2019-08-27 09:34:05,0.23,0.5476,2404,0.22,0.5238,1,0.22,0.5238,50,0.225,0.5357,669,0
SPY190828C293,2019-08-27,2019-08-27 09:34:06,0.23,0.5476,2404,0.22,0.5238,31,0.22,0.5238,50,0.225,0.5357,669,0
SPY190828C293,2019-08-27,2019-08-27 09:34:06,0.23,0.5476,3698,0.22,0.5238,41,0.22,0.5238,50,0.225,0.5357,669,0
SPY190828C293,2019-08-27,2019-08-27 09:34:07,0.23,0.5476,4198,0.22,0.5238,1,0.22,0.5238,50,0.225,0.5357,669,0
SPY190828C293,2019-08-27,2019-08-27 09:34:08,0.23,0.5476,2396,0.22,0.5238,1,0.22,0.5238,50,0.225,0.5357,669,0
SPY190828C293,2019-08-27,2019-08-27 09:34:08,0.23,0.5476,4635,0.22,0.5238,1,0.22,0.5238,50,0.225,0.5357,669,0
SPY190828C293,2019-08-27,2019-08-27 09:34:09,0.23,0.5476,5029,0.22,0.5238,1,0.22,0.5238,50,0.225,0.5357,669,0
SPY190828C293,2019-08-27,2019-08-27 09:34:10,0.23,0.5476,5079,0.22,0.5238,1,0.22,0.5238,50,0.225,0.5357,669,0
SPY190828C293,2019-08-27,2019-08-27 09:34:11,0.23,0.5476,5247,0.22,0.5238,1,0.22,0.5238,50,0.225,0.5357,669,0
SPY190828C293,2019-08-27,2019-08-27 09:34:11,0.23,0.5476,5195,0.22,0.5238,1,0.22,0.5238,50,0.225,0.5357,669,0
SPY190828C293,2019-08-27,2019-08-27 09:34:12,0.22,0.5238,1824,0.21,0.5,696,0.22,0.5238,1,0.215,0.5119,670,0
SPY190828C293,2019-08-27,2019-08-27 09:34:12,0.23,0.5476,5681,0.22,0.5238,1,0.22,0.5238,1,0.225,0.5357,670,1
SPY190828C293,2019-08-27,2019-08-27 09:34:13,0.22,0.5238,1857,0.21,0.5,696,0.22,0.5238,1,0.215,0.5119,670,0
SPY190828C293,2019-08-27,2019-08-27 09:34:13,0.22,0.5238,3374,0.21,0.5,1046,0.22,0.5238,1,0.215,0.5119,670,0
SPY190828C293,2019-08-27,2019-08-27 09:34:14,0.22,0.5238,1457,0.21,0.5,260,0.22,0.5238,1,0.215,0.5119,670,0
SPY190828C293,2019-08-27,2019-08-27 09:34:14,0.22,0.5238,3374,0.21,0.5,980,0.22,0.5238,1,0.215,0.5119,670,0
SPY190828C293,2019-08-27,2019-08-27 09:34:15,0.22,0.5238,3708,0.21,0.5,31,0.22,0.5238,1,0.215,0.5119,670,0
SPY190828C293,2019-08-27,2019-08-27 09:34:15,0.22,0.5238,1631,0.21,0.5,260,0.22,0.5238,1,0.215,0.5119,670,0
SPY190828C293,2019-08-27,2019-08-27 09:34:16,0.22,0.5238,4167,0.21,0.5,31,0.22,0.5238,1,0.215,0.5119,670,0
SPY190828C293,2019-08-27,2019-08-27 09:34:17,0.22,0.5238,542,0.21,0.5,1055,0.22,0.5238,1,0.215,0.5119,670,0
SPY190828C293,2019-08-27,2019-08-27 09:34:17,0.22,0.5238,788,0.21,0.5,666,0.22,0.5238,1,0.215,0.5119,670,0
SPY190828C293,2019-08-27,2019-08-27 09:34:18,0.22,0.5238,522,0.21,0.5,1924,0.22,0.5238,1,0.215,0.5119,670,0
SPY190828C293,2019-08-27,2019-08-27 09:34:18,0.22,0.5238,542,0.21,0.5,1055,0.22,0.5238,1,0.215,0.5119,670,0
SPY190828C293,2019-08-27,2019-08-27 09:34:19,0.22,0.5238,542,0.21,0.5,1924,0.22,0.5238,1,0.215,0.5119,670,0
SPY190828C293,2019-08-27,2019-08-27 09:34:19,0.22,0.5238,493,0.21,0.5,2553,0.22,0.5238,1,0.215,0.5119,670,0
SPY190828C293,2019-08-27,2019-08-27 09:34:20,0.23,0.5476,3127,0.22,0.5238,10,0.22,0.5238,1,0.225,0.5357,670,0
SPY190828C293,2019-08-27,2019-08-27 09:34:20,0.22,0.5238,493,0.21,0.5,2003,0.22,0.5238,1,0.215,0.5119,670,0
SPY190828C293,2019-08-27,2019-08-27 09:34:21,0.23,0.5476,3127,0.22,0.5238,31,0.22,0.5238,1,0.225,0.5357,670,0
SPY190828C293,2019-08-27,2019-08-27 09:34:22,0.23,0.5476,3660,0.22,0.5238,31,0.22,0.5238,1,0.225,0.5357,670,0
SPY190828C293,2019-08-27,2019-08-27 09:34:22,0.23,0.5476,3386,0.22,0.5238,31,0.22,0.5238,1,0.225,0.5357,670,0
SPY190828C293,2019-08-27,2019-08-27 09:34:23,0.23,0.5476,3426,0.22,0.5238,31,0.22,0.5238,1,0.225,0.5357,670,0
SPY190828C293,2019-08-27,2019-08-27 09:34:24,0.23,0.5476,3644,0.22,0.5238,36,0.22,0.5238,5,0.225,0.5357,675,5
SPY190828C293,2019-08-27,2019-08-27 09:34:24,0.23,0.5476,3644,0.22,0.5238,36,0.22,0.5238,5,0.225,0.5357,675,0
SPY190828C293,2019-08-27,2019-08-27 09:34:25,0.23,0.5476,3476,0.21,0.5,2243,0.22,0.5238,5,0.22,0.5238,675,0
SPY190828C293,2019-08-27,2019-08-27 09:34:25,0.23,0.5476,4776,0.22,0.5238,31,0.22,0.5238,5,0.225,0.5357,675,0
SPY190828C293,2019-08-27,2019-08-27 09:34:26,0.23,0.5476,2621,0.22,0.5238,41,0.22,0.5238,5,0.225,0.5357,675,0
SPY190828C293,2019-08-27,2019-08-27 09:34:26,0.23,0.5476,3426,0.22,0.5238,41,0.22,0.5238,5,0.225,0.5357,675,0
SPY190828C293,2019-08-27,2019-08-27 09:34:27,0.23,0.5476,3159,0.22,0.5238,31,0.22,0.5238,5,0.225,0.5357,675,0
SPY190828C293,2019-08-27,2019-08-27 09:34:27,0.23,0.5476,2384,0.22,0.5238,31,0.22,0.5238,5,0.225,0.5357,675,0
SPY190828C293,2019-08-27,2019-08-27 09:34:28,0.23,0.5476,3382,0.22,0.5238,213,0.22,0.5238,1,0.225,0.5357,676,1
SPY190828C293,2019-08-27,2019-08-27 09:34:28,0.23,0.5476,3153,0.22,0.5238,213,0.22,0.5238,1,0.225,0.5357,676,0
SPY190828C293,2019-08-27,2019-08-27 09:34:29,0.23,0.5476,3153,0.22,0.5238,223,0.22,0.5238,1,0.225,0.5357,676,0
SPY190828C293,2019-08-27,2019-08-27 09:34:29,0.23,0.5476,3153,0.22,0.5238,171,0.22,0.5238,1,0.225,0.5357,676,0
SPY190828C293,2019-08-27,2019-08-27 09:34:30,0.23,0.5476,3372,0.22,0.5238,857,0.22,0.5238,1,0.225,0.5357,676,0
SPY190828C293,2019-08-27,2019-08-27 09:34:30,0.23,0.5476,3372,0.22,0.5238,248,0.22,0.5238,1,0.225,0.5357,676,0
SPY190828C293,2019-08-27,2019-08-27 09:34:31,0.23,0.5476,2609,0.22,0.5238,59,0.22,0.5238,1,0.225,0.5357,676,0
SPY190828C293,2019-08-27,2019-08-27 09:34:31,0.23,0.5476,3109,0.22,0.5238,73,0.22,0.5238,5,0.225,0.5357,681,5
SPY190828C293,2019-08-27,2019-08-27 09:34:32,0.23,0.5476,3109,0.22,0.5238,41,0.22,0.5238,5,0.225,0.5357,681,0
SPY190828C293,2019-08-27,2019-08-27 09:34:32,0.23,0.5476,4589,0.22,0.5238,41,0.22,0.5238,5,0.225,0.5357,686,5
SPY190828C293,2019-08-27,2019-08-27 09:34:33,0.23,0.5476,3436,0.21,0.5,3316,0.22,0.5238,5,0.22,0.5238,686,0
SPY190828C293,2019-08-27,2019-08-27 09:34:33,0.23,0.5476,4626,0.21,0.5,3316,0.23,0.5476,5,0.22,0.5238,691,5
SPY190828C293,2019-08-27,2019-08-27 09:34:34,0.23,0.5476,4626,0.22,0.5238,31,0.23,0.5476,5,0.225,0.5357,691,0
SPY190828C293,2019-08-27,2019-08-27 09:34:34,0.23,0.5476,3335,0.21,0.5,2541,0.23,0.5476,5,0.22,0.5238,691,0
SPY190828C293,2019-08-27,2019-08-27 09:34:35,0.23,0.5476,4592,0.21,0.5,3346,0.23,0.5476,5,0.22,0.5238,691,0
SPY190828C293,2019-08-27,2019-08-27 09:34:35,0.23,0.5476,4592,0.21,0.5,436,0.23,0.5476,5,0.22,0.5238,691,0
SPY190828C293,2019-08-27,2019-08-27 09:34:36,0.22,0.5238,351,0.21,0.5,3346,0.23,0.5476,5,0.215,0.5119,691,0
SPY190828C293,2019-08-27,2019-08-27 09:34:37,0.22,0.5238,493,0.21,0.5,3371,0.23,0.5476,5,0.215,0.5119,691,0
SPY190828C293,2019-08-27,2019-08-27 09:34:37,0.22,0.5238,199,0.21,0.5,3371,0.23,0.5476,5,0.215,0.5119,691,0
SPY190828C293,2019-08-27,2019-08-27 09:34:38,0.22,0.5238,510,0.21,0.5,3371,0.23,0.5476,5,0.215,0.5119,691,0
SPY190828C293,2019-08-27,2019-08-27 09:34:38,0.22,0.5238,510,0.21,0.5,2665,0.23,0.5476,5,0.215,0.5119,691,0
SPY190828C293,2019-08-27,2019-08-27 09:34:39,0.22,0.5238,475,0.21,0.5,1458,0.23,0.5476,5,0.215,0.5119,691,0
SPY190828C293,2019-08-27,2019-08-27 09:34:39,0.22,0.5238,475,0.21,0.5,2063,0.23,0.5476,5,0.215,0.5119,691,0
SPY190828C293,2019-08-27,2019-08-27 09:34:40,0.22,0.5238,475,0.21,0.5,2668,0.23,0.5476,5,0.215,0.5119,691,0
SPY190828C293,2019-08-27,2019-08-27 09:34:40,0.22,0.5238,475,0.21,0.5,3257,0.23,0.5476,5,0.215,0.5119,691,0
SPY190828C293,2019-08-27,2019-08-27 09:34:41,0.22,0.5238,37,0.21,0.5,1451,0.23,0.5476,5,0.215,0.5119,691,0
SPY190828C293,2019-08-27,2019-08-27 09:34:41,0.22,0.5238,475,0.21,0.5,3257,0.23,0.5476,5,0.215,0.5119,691,0
SPY190828C293,2019-08-27,2019-08-27 09:34:42,0.23,0.5476,3995,0.21,0.5,3858,0.23,0.5476,5,0.22,0.5238,691,0
SPY190828C293,2019-08-27,2019-08-27 09:34:42,0.23,0.5476,3995,0.22,0.5238,31,0.23,0.5476,5,0.225,0.5357,691,0
SPY190828C293,2019-08-27,2019-08-27 09:34:43,0.23,0.5476,2809,0.22,0.5238,31,0.23,0.5476,5,0.225,0.5357,691,0
SPY190828C293,2019-08-27,2019-08-27 09:34:43,0.23,0.5476,3114,0.22,0.5238,31,0.23,0.5476,5,0.225,0.5357,691,0
SPY190828C293,2019-08-27,2019-08-27 09:34:44,0.23,0.5476,3114,0.22,0.5238,41,0.23,0.5476,5,0.225,0.5357,691,0
SPY190828C293,2019-08-27,2019-08-27 09:34:45,0.23,0.5476,3114,0.22,0.5238,41,0.23,0.5476,5,0.225,0.5357,691,0
SPY190828C293,2019-08-27,2019-08-27 09:34:45,0.23,0.5476,2863,0.22,0.5238,41,0.23,0.5476,5,0.225,0.5357,691,0
SPY190828C293,2019-08-27,2019-08-27 09:34:46,0.23,0.5476,4568,0.22,0.5238,10,0.23,0.5476,5,0.225,0.5357,691,0
SPY190828C293,2019-08-27,2019-08-27 09:34:46,0.23,0.5476,4571,0.21,0.5,4263,0.23,0.5476,5,0.22,0.5238,691,0
SPY190828C293,2019-08-27,2019-08-27 09:34:47,0.23,0.5476,3363,0.22,0.5238,31,0.23,0.5476,5,0.225,0.5357,691,0
SPY190828C293,2019-08-27,2019-08-27 09:34:47,0.23,0.5476,4630,0.22,0.5238,41,0.23,0.5476,5,0.225,0.5357,691,0
SPY190828C293,2019-08-27,2019-08-27 09:34:48,0.23,0.5476,4630,0.22,0.5238,41,0.23,0.5476,5,0.225,0.5357,691,0
SPY190828C293,2019-08-27,2019-08-27 09:34:48,0.23,0.5476,4571,0.22,0.5238,31,0.23,0.5476,5,0.225,0.5357,691,0
SPY190828C293,2019-08-27,2019-08-27 09:34:49,0.22,0.5238,1,0.21,0.5,1378,0.22,0.5238,13,0.215,0.5119,704,13
SPY190828C293,2019-08-27,2019-08-27 09:34:49,0.22,0.5238,1,0.21,0.5,2167,0.22,0.5238,13,0.215,0.5119,704,0
SPY190828C293,2019-08-27,2019-08-27 09:34:50,0.22,0.5238,288,0.21,0.5,3478,0.22,0.5238,13,0.215,0.5119,704,0
SPY190828C293,2019-08-27,2019-08-27 09:34:50,0.22,0.5238,174,0.21,0.5,3478,0.22,0.5238,13,0.215,0.5119,704,0
SPY190828C293,2019-08-27,2019-08-27 09:34:51,0.22,0.5238,134,0.21,0.5,3283,0.22,0.5238,13,0.215,0.5119,704,0
SPY190828C293,2019-08-27,2019-08-27 09:34:51,0.22,0.5238,511,0.21,0.5,3283,0.22,0.5238,13,0.215,0.5119,704,0
SPY190828C293,2019-08-27,2019-08-27 09:34:52,0.22,0.5238,92,0.21,0.5,3498,0.22,0.5238,13,0.215,0.5119,704,0
SPY190828C293,2019-08-27,2019-08-27 09:34:52,0.22,0.5238,102,0.21,0.5,3548,0.22,0.5238,13,0.215,0.5119,704,0
SPY190828C293,2019-08-27,2019-08-27 09:34:53,0.22,0.5238,506,0.21,0.5,3498,0.22,0.5238,13,0.215,0.5119,704,0
SPY190828C293,2019-08-27,2019-08-27 09:34:53,0.22,0.5238,44,0.21,0.5,3891,0.22,0.5238,13,0.215,0.5119,704,0
SPY190828C293,2019-08-27,2019-08-27 09:34:54,0.22,0.5238,24,0.21,0.5,3891,0.22,0.5238,13,0.215,0.5119,704,0
SPY190828C293,2019-08-27,2019-08-27 09:34:54,0.23,0.5476,2972,0.22,0.5238,41,0.22,0.5238,13,0.225,0.5357,704,0
SPY190828C293,2019-08-27,2019-08-27 09:34:55,0.22,0.5238,130,0.21,0.5,3303,0.22,0.5238,13,0.215,0.5119,704,0
SPY190828C293,2019-08-27,2019-08-27 09:34:55,0.23,0.5476,1706,0.22,0.5238,41,0.22,0.5238,13,0.225,0.5357,704,0
SPY190828C293,2019-08-27,2019-08-27 09:34:56,0.23,0.5476,2050,0.22,0.5238,5,0.22,0.5238,13,0.225,0.5357,704,0
SPY190828C293,2019-08-27,2019-08-27 09:34:56,0.23,0.5476,2050,0.22,0.5238,31,0.22,0.5238,13,0.225,0.5357,704,0
SPY190828C293,2019-08-27,2019-08-27 09:34:57,0.23,0.5476,3083,0.22,0.5238,31,0.22,0.5238,13,0.225,0.5357,704,0
SPY190828C293,2019-08-27,2019-08-27 09:34:57,0.23,0.5476,2829,0.22,0.5238,31,0.22,0.5238,13,0.225,0.5357,704,0
SPY190828C293,2019-08-27,2019-08-27 09:34:58,0.23,0.5476,2041,0.22,0.5238,64,0.22,0.5238,13,0.225,0.5357,704,0
SPY190828C293,2019-08-27,2019-08-27 09:34:59,0.23,0.5476,4215,0.22,0.5238,59,0.22,0.5238,13,0.225,0.5357,704,0
SPY190828C293,2019-08-27,2019-08-27 09:34:59,0.23,0.5476,4215,0.22,0.5238,64,0.22,0.5238,13,0.225,0.5357,704,0
SPY190828C293,2019-08-27,2019-08-27 09:35:00,0.23,0.5476,4825,0.22,0.5238,41,0.22,0.5238,13,0.225,0.5357,704,0
SPY190828C293,2019-08-27,2019-08-27 09:35:00,0.23,0.5476,1057,0.22,0.5238,676,0.22,0.5238,13,0.225,0.5357,704,0
SPY190828C293,2019-08-27,2019-08-27 09:35:01,0.23,0.5476,2815,0.22,0.5238,1682,0.22,0.5238,13,0.225,0.5357,704,0
SPY190828C293,2019-08-27,2019-08-27 09:35:01,0.23,0.5476,1057,0.22,0.5238,676,0.22,0.5238,13,0.225,0.5357,704,0
SPY190828C293,2019-08-27,2019-08-27 09:35:02,0.23,0.5476,3390,0.22,0.5238,1205,0.22,0.5238,13,0.225,0.5357,704,0
SPY190828C293,2019-08-27,2019-08-27 09:35:02,0.23,0.5476,3124,0.22,0.5238,1293,0.22,0.5238,13,0.225,0.5357,704,0
SPY190828C293,2019-08-27,2019-08-27 09:35:03,0.23,0.5476,1317,0.22,0.5238,676,0.22,0.5238,13,0.225,0.5357,704,0
SPY190828C293,2019-08-27,2019-08-27 09:35:03,0.23,0.5476,1535,0.22,0.5238,676,0.22,0.5238,13,0.225,0.5357,704,0
SPY190828C293,2019-08-27,2019-08-27 09:35:04,0.23,0.5476,1910,0.22,0.5238,676,0.22,0.5238,13,0.225,0.5357,704,0
SPY190828C293,2019-08-27,2019-08-27 09:35:04,0.23,0.5476,223,0.22,0.5238,676,0.23,0.5476,1,0.225,0.5357,711,7
SPY190828C293,2019-08-27,2019-08-27 09:35:05,0.24,0.5714,116,0.22,0.5238,1563,0.23,0.5476,10,0.23,0.5476,724,0
SPY190828C293,2019-08-27,2019-08-27 09:35:05,0.23,0.5476,12,0.22,0.5238,1245,0.23,0.5476,10,0.225,0.5357,724,13
SPY190828C293,2019-08-27,2019-08-27 09:35:06,0.24,0.5714,182,0.23,0.5476,387,0.23,0.5476,4,0.235,0.5595,728,0
SPY190828C293,2019-08-27,2019-08-27 09:35:06,0.24,0.5714,130,0.23,0.5476,837,0.23,0.5476,4,0.235,0.5595,728,4
SPY190828C293,2019-08-27,2019-08-27 09:35:07,0.24,0.5714,497,0.23,0.5476,331,0.23,0.5476,4,0.235,0.5595,728,0
SPY190828C293,2019-08-27,2019-08-27 09:35:07,0.24,0.5714,442,0.23,0.5476,331,0.23,0.5476,4,0.235,0.5595,728,0
SPY190828C293,2019-08-27,2019-08-27 09:35:08,0.24,0.5714,3051,0.23,0.5476,393,0.23,0.5476,4,0.235,0.5595,728,0
SPY190828C293,2019-08-27,2019-08-27 09:35:08,0.24,0.5714,1163,0.23,0.5476,294,0.23,0.5476,4,0.235,0.5595,728,0
SPY190828C293,2019-08-27,2019-08-27 09:35:09,0.24,0.5714,1163,0.23,0.5476,294,0.23,0.5476,4,0.235,0.5595,728,0
SPY190828C293,2019-08-27,2019-08-27 09:35:10,0.24,0.5714,1503,0.23,0.5476,453,0.23,0.5476,4,0.235,0.5595,728,0
SPY190828C293,2019-08-27,2019-08-27 09:35:10,0.24,0.5714,2169,0.23,0.5476,676,0.23,0.5476,4,0.235,0.5595,728,0
SPY190828C293,2019-08-27,2019-08-27 09:35:11,0.24,0.5714,2592,0.23,0.5476,453,0.23,0.5476,4,0.235,0.5595,728,0
SPY190828C293,2019-08-27,2019-08-27 09:35:11,0.24,0.5714,2635,0.23,0.5476,604,0.23,0.5476,4,0.235,0.5595,728,0
SPY190828C293,2019-08-27,2019-08-27 09:35:12,0.24,0.5714,2635,0.23,0.5476,604,0.23,0.5476,4,0.235,0.5595,728,0
SPY190828C293,2019-08-27,2019-08-27 09:35:12,0.24,0.5714,2635,0.23,0.5476,906,0.23,0.5476,4,0.235,0.5595,728,0
SPY190828C293,2019-08-27,2019-08-27 09:35:13,0.24,0.5714,3733,0.23,0.5476,1345,0.23,0.5476,4,0.235,0.5595,728,0
SPY190828C293,2019-08-27,2019-08-27 09:35:13,0.24,0.5714,3733,0.23,0.5476,1402,0.23,0.5476,4,0.235,0.5595,728,0
SPY190828C293,2019-08-27,2019-08-27 09:35:14,0.24,0.5714,1649,0.23,0.5476,10,0.24,0.5714,25,0.235,0.5595,753,25
SPY190828C293,2019-08-27,2019-08-27 09:35:14,0.24,0.5714,2685,0.23,0.5476,10,0.23,0.5476,4,0.235,0.5595,728,0
SPY190828C293,2019-08-27,2019-08-27 09:35:15,0.24,0.5714,2655,0.23,0.5476,604,0.24,0.5714,25,0.235,0.5595,753,0
SPY190828C293,2019-08-27,2019-08-27 09:35:15,0.24,0.5714,2906,0.22,0.5238,1601,0.24,0.5714,25,0.23,0.5476,753,0
SPY190828C293,2019-08-27,2019-08-27 09:35:16,0.24,0.5714,2430,0.22,0.5238,2381,0.24,0.5714,25,0.23,0.5476,753,0
SPY190828C293,2019-08-27,2019-08-27 09:35:16,0.24,0.5714,2430,0.22,0.5238,2151,0.24,0.5714,25,0.23,0.5476,753,0
SPY190828C293,2019-08-27,2019-08-27 09:35:17,0.24,0.5714,2430,0.22,0.5238,2350,0.24,0.5714,25,0.23,0.5476,753,0
SPY190828C293,2019-08-27,2019-08-27 09:35:17,0.23,0.5476,151,0.22,0.5238,2109,0.24,0.5714,25,0.225,0.5357,753,0
SPY190828C293,2019-08-27,2019-08-27 09:35:18,0.23,0.5476,151,0.22,0.5238,2425,0.24,0.5714,25,0.225,0.5357,753,0
SPY190828C293,2019-08-27,2019-08-27 09:35:19,0.23,0.5476,180,0.22,0.5238,3641,0.24,0.5714,25,0.225,0.5357,753,0
SPY190828C293,2019-08-27,2019-08-27 09:35:20,0.23,0.5476,176,0.22,0.5238,2425,0.24,0.5714,25,0.225,0.5357,753,0
SPY190828C293,2019-08-27,2019-08-27 09:35:20,0.23,0.5476,126,0.22,0.5238,2425,0.24,0.5714,25,0.225,0.5357,753,0
SPY190828C293,2019-08-27,2019-08-27 09:35:21,0.23,0.5476,446,0.22,0.5238,3626,0.24,0.5714,25,0.225,0.5357,753,0
SPY190828C293,2019-08-27,2019-08-27 09:35:21,0.23,0.5476,133,0.22,0.5238,4432,0.24,0.5714,25,0.225,0.5357,753,0
SPY190828C293,2019-08-27,2019-08-27 09:35:22,0.23,0.5476,133,0.22,0.5238,4432,0.24,0.5714,25,0.225,0.5357,753,0
SPY190828C293,2019-08-27,2019-08-27 09:35:22,0.23,0.5476,126,0.22,0.5238,4395,0.24,0.5714,25,0.225,0.5357,753,0
SPY190828C293,2019-08-27,2019-08-27 09:35:23,0.23,0.5476,151,0.22,0.5238,4058,0.23,0.5476,1,0.225,0.5357,754,0
SPY190828C293,2019-08-27,2019-08-27 09:35:23,0.23,0.5476,151,0.22,0.5238,4426,0.23,0.5476,1,0.225,0.5357,754,1
SPY190828C293,2019-08-27,2019-08-27 09:35:24,0.23,0.5476,120,0.22,0.5238,3764,0.23,0.5476,1,0.225,0.5357,754,0
SPY190828C293,2019-08-27,2019-08-27 09:35:24,0.23,0.5476,156,0.22,0.5238,4380,0.23,0.5476,1,0.225,0.5357,754,0
SPY190828C293,2019-08-27,2019-08-27 09:35:26,0.23,0.5476,150,0.22,0.5238,4264,0.23,0.5476,1,0.225,0.5357,754,0
SPY190828C293,2019-08-27,2019-08-27 09:35:27,0.23,0.5476,150,0.22,0.5238,4289,0.23,0.5476,1,0.225,0.5357,754,0
SPY190828C293,2019-08-27,2019-08-27 09:35:28,0.23,0.5476,150,0.22,0.5238,4331,0.23,0.5476,1,0.225,0.5357,755,1
SPY190828C293,2019-08-27,2019-08-27 09:35:28,0.23,0.5476,119,0.22,0.5238,4281,0.23,0.5476,1,0.225,0.5357,755,0
SPY190828C293,2019-08-27,2019-08-27 09:35:29,0.23,0.5476,119,0.22,0.5238,4331,0.23,0.5476,1,0.225,0.5357,755,0
SPY190828C293,2019-08-27,2019-08-27 09:35:29,0.23,0.5476,10,0.22,0.5238,3770,0.23,0.5476,1,0.225,0.5357,755,0
SPY190828C293,2019-08-27,2019-08-27 09:35:30,0.23,0.5476,41,0.22,0.5238,4035,0.23,0.5476,1,0.225,0.5357,755,0
SPY190828C293,2019-08-27,2019-08-27 09:35:31,0.23,0.5476,31,0.22,0.5238,4035,0.23,0.5476,1,0.225,0.5357,755,0
SPY190828C293,2019-08-27,2019-08-27 09:35:32,0.23,0.5476,31,0.22,0.5238,3820,0.22,0.5238,6,0.225,0.5357,761,0
SPY190828C293,2019-08-27,2019-08-27 09:35:32,0.23,0.5476,31,0.22,0.5238,3820,0.22,0.5238,6,0.225,0.5357,761,6
SPY190828C293,2019-08-27,2019-08-27 09:35:33,0.23,0.5476,41,0.22,0.5238,3820,0.22,0.5238,6,0.225,0.5357,761,0
SPY190828C293,2019-08-27,2019-08-27 09:35:34,0.23,0.5476,41,0.22,0.5238,3820,0.22,0.5238,6,0.225,0.5357,761,0
SPY190828C293,2019-08-27,2019-08-27 09:35:35,0.23,0.5476,41,0.22,0.5238,1785,0.22,0.5238,6,0.225,0.5357,761,0
SPY190828C293,2019-08-27,2019-08-27 09:35:35,0.23,0.5476,41,0.22,0.5238,3820,0.22,0.5238,6,0.225,0.5357,761,0
SPY190828C293,2019-08-27,2019-08-27 09:35:36,0.23,0.5476,41,0.22,0.5238,1785,0.22,0.5238,6,0.225,0.5357,761,0
SPY190828C293,2019-08-27,2019-08-27 09:35:36,0.23,0.5476,41,0.22,0.5238,4007,0.22,0.5238,6,0.225,0.5357,761,0
SPY190828C293,2019-08-27,2019-08-27 09:35:37,0.23,0.5476,41,0.22,0.5238,4007,0.22,0.5238,6,0.225,0.5357,761,0
SPY190828C293,2019-08-27,2019-08-27 09:35:37,0.23,0.5476,31,0.22,0.5238,4007,0.22,0.5238,6,0.225,0.5357,761,0
SPY190828C293,2019-08-27,2019-08-27 09:35:38,0.23,0.5476,31,0.22,0.5238,2450,0.22,0.5238,6,0.225,0.5357,761,0
SPY190828C293,2019-08-27,2019-08-27 09:35:38,0.23,0.5476,10,0.22,0.5238,3738,0.22,0.5238,6,0.225,0.5357,761,0
SPY190828C293,2019-08-27,2019-08-27 09:35:39,0.23,0.5476,10,0.22,0.5238,1922,0.22,0.5238,6,0.225,0.5357,761,0
SPY190828C293,2019-08-27,2019-08-27 09:35:39,0.23,0.5476,41,0.22,0.5238,4376,0.22,0.5238,6,0.225,0.5357,761,0
SPY190828C293,2019-08-27,2019-08-27 09:35:40,0.23,0.5476,41,0.22,0.5238,4376,0.22,0.5238,6,0.225,0.5357,761,0
SPY190828C293,2019-08-27,2019-08-27 09:35:41,0.23,0.5476,41,0.22,0.5238,2714,0.22,0.5238,6,0.225,0.5357,761,0
SPY190828C293,2019-08-27,2019-08-27 09:35:41,0.23,0.5476,41,0.22,0.5238,4277,0.22,0.5238,6,0.225,0.5357,761,0
SPY190828C293,2019-08-27,2019-08-27 09:35:42,0.23,0.5476,31,0.22,0.5238,2654,0.22,0.5238,6,0.225,0.5357,761,0
SPY190828C293,2019-08-27,2019-08-27 09:35:43,0.23,0.5476,31,0.22,0.5238,2649,0.22,0.5238,6,0.225,0.5357,761,0
SPY190828C293,2019-08-27,2019-08-27 09:35:43,0.23,0.5476,32,0.22,0.5238,2649,0.22,0.5238,6,0.225,0.5357,761,0
SPY190828C293,2019-08-27,2019-08-27 09:35:44,0.23,0.5476,32,0.22,0.5238,3789,0.22,0.5238,6,0.225,0.5357,761,0
SPY190828C293,2019-08-27,2019-08-27 09:35:44,0.23,0.5476,50,0.22,0.5238,3935,0.23,0.5476,15,0.225,0.5357,778,17
SPY190828C293,2019-08-27,2019-08-27 09:35:45,0.24,0.5714,16,0.23,0.5476,3041,0.23,0.5476,10,0.235,0.5595,788,0
SPY190828C293,2019-08-27,2019-08-27 09:35:45,0.23,0.5476,10,0.23,0.5476,500,0.23,0.5476,10,0.23,0.5476,788,10
SPY190828C293,2019-08-27,2019-08-27 09:35:46,0.24,0.5714,31,0.23,0.5476,3041,0.23,0.5476,10,0.235,0.5595,788,0
SPY190828C293,2019-08-27,2019-08-27 09:35:46,0.24,0.5714,31,0.23,0.5476,3622,0.23,0.5476,10,0.235,0.5595,788,0
SPY190828C293,2019-08-27,2019-08-27 09:35:47,0.24,0.5714,31,0.23,0.5476,4272,0.23,0.5476,10,0.235,0.5595,788,0
SPY190828C293,2019-08-27,2019-08-27 09:35:47,0.24,0.5714,31,0.23,0.5476,4072,0.23,0.5476,10,0.235,0.5595,788,0
SPY190828C293,2019-08-27,2019-08-27 09:35:48,0.24,0.5714,31,0.23,0.5476,2838,0.23,0.5476,10,0.235,0.5595,788,0
SPY190828C293,2019-08-27,2019-08-27 09:35:48,0.24,0.5714,31,0.23,0.5476,3118,0.23,0.5476,10,0.235,0.5595,788,0
SPY190828C293,2019-08-27,2019-08-27 09:35:49,0.24,0.5714,2,0.23,0.5476,2838,0.23,0.5476,10,0.235,0.5595,788,0
SPY190828C293,2019-08-27,2019-08-27 09:35:49,0.24,0.5714,31,0.23,0.5476,4127,0.23,0.5476,10,0.235,0.5595,788,0
SPY190828C293,2019-08-27,2019-08-27 09:35:50,0.25,0.5952,1784,0.23,0.5476,2838,0.24,0.5714,2,0.24,0.5714,790,2
SPY190828C293,2019-08-27,2019-08-27 09:35:50,0.25,0.5952,1142,0.23,0.5476,2091,0.24,0.5714,2,0.24,0.5714,790,0
SPY190828C293,2019-08-27,2019-08-27 09:35:51,0.25,0.5952,2134,0.24,0.5714,31,0.24,0.5714,2,0.245,0.5833,790,0
SPY190828C293,2019-08-27,2019-08-27 09:35:51,0.25,0.5952,1999,0.24,0.5714,31,0.24,0.5714,2,0.245,0.5833,790,0
SPY190828C293,2019-08-27,2019-08-27 09:35:52,0.25,0.5952,2850,0.23,0.5476,977,0.24,0.5714,2,0.24,0.5714,790,0
SPY190828C293,2019-08-27,2019-08-27 09:35:52,0.24,0.5714,180,0.23,0.5476,2724,0.24,0.5714,2,0.235,0.5595,790,0
SPY190828C293,2019-08-27,2019-08-27 09:35:53,0.24,0.5714,722,0.23,0.5476,801,0.24,0.5714,2,0.235,0.5595,790,0
SPY190828C293,2019-08-27,2019-08-27 09:35:53,0.24,0.5714,266,0.23,0.5476,801,0.24,0.5714,2,0.235,0.5595,790,0
SPY190828C293,2019-08-27,2019-08-27 09:35:54,0.24,0.5714,1086,0.23,0.5476,801,0.24,0.5714,2,0.235,0.5595,790,0
SPY190828C293,2019-08-27,2019-08-27 09:35:54,0.24,0.5714,1486,0.23,0.5476,801,0.24,0.5714,2,0.235,0.5595,790,0
SPY190828C293,2019-08-27,2019-08-27 09:35:55,0.24,0.5714,3249,0.23,0.5476,586,0.24,0.5714,2,0.235,0.5595,790,0
SPY190828C293,2019-08-27,2019-08-27 09:35:55,0.24,0.5714,3299,0.23,0.5476,586,0.24,0.5714,2,0.235,0.5595,790,0
SPY190828C293,2019-08-27,2019-08-27 09:35:56,0.24,0.5714,1587,0.23,0.5476,649,0.24,0.5714,2,0.235,0.5595,790,0
SPY190828C293,2019-08-27,2019-08-27 09:35:56,0.24,0.5714,1656,0.23,0.5476,649,0.24,0.5714,2,0.235,0.5595,790,0
SPY190828C293,2019-08-27,2019-08-27 09:35:57,0.24,0.5714,1793,0.23,0.5476,649,0.24,0.5714,2,0.235,0.5595,790,0
SPY190828C293,2019-08-27,2019-08-27 09:35:57,0.24,0.5714,3949,0.23,0.5476,649,0.24,0.5714,2,0.235,0.5595,790,0
SPY190828C293,2019-08-27,2019-08-27 09:35:58,0.24,0.5714,4449,0.23,0.5476,41,0.22,0.5238,17,0.235,0.5595,807,0
SPY190828C293,2019-08-27,2019-08-27 09:35:58,0.24,0.5714,4449,0.23,0.5476,41,0.22,0.5238,17,0.235,0.5595,807,17
SPY190828C293,2019-08-27,2019-08-27 09:35:59,0.24,0.5714,5042,0.23,0.5476,1,0.22,0.5238,8,0.235,0.5595,815,8
SPY190828C293,2019-08-27,2019-08-27 09:35:59,0.24,0.5714,1624,0.23,0.5476,1,0.22,0.5238,8,0.235,0.5595,815,0
SPY190828C293,2019-08-27,2019-08-27 09:36:00,0.24,0.5714,3441,0.23,0.5476,31,0.22,0.5238,8,0.235,0.5595,815,0
SPY190828C293,2019-08-27,2019-08-27 09:36:00,0.24,0.5714,2887,0.23,0.5476,31,0.22,0.5238,8,0.235,0.5595,815,0
SPY190828C293,2019-08-27,2019-08-27 09:36:01,0.24,0.5714,2770,0.23,0.5476,932,0.22,0.5238,8,0.235,0.5595,815,0
SPY190828C293,2019-08-27,2019-08-27 09:36:01,0.24,0.5714,3690,0.23,0.5476,41,0.22,0.5238,8,0.235,0.5595,815,0
SPY190828C293,2019-08-27,2019-08-27 09:36:02,0.25,0.5952,636,0.23,0.5476,2566,0.22,0.5238,8,0.24,0.5714,815,0
SPY190828C293,2019-08-27,2019-08-27 09:36:02,0.25,0.5952,1696,0.23,0.5476,2492,0.22,0.5238,8,0.24,0.5714,815,0
SPY190828C293,2019-08-27,2019-08-27 09:36:03,0.25,0.5952,2889,0.24,0.5714,31,0.22,0.5238,8,0.245,0.5833,815,0
SPY190828C293,2019-08-27,2019-08-27 09:36:04,0.25,0.5952,3703,0.24,0.5714,41,0.22,0.5238,8,0.245,0.5833,815,0
SPY190828C293,2019-08-27,2019-08-27 09:36:04,0.25,0.5952,2220,0.24,0.5714,31,0.22,0.5238,8,0.245,0.5833,815,0
SPY190828C293,2019-08-27,2019-08-27 09:36:05,0.25,0.5952,3313,0.24,0.5714,78,0.22,0.5238,8,0.245,0.5833,815,0
SPY190828C293,2019-08-27,2019-08-27 09:36:05,0.25,0.5952,3197,0.24,0.5714,34,0.22,0.5238,8,0.245,0.5833,815,0
SPY190828C293,2019-08-27,2019-08-27 09:36:06,0.25,0.5952,3197,0.24,0.5714,31,0.22,0.5238,8,0.245,0.5833,815,0
SPY190828C293,2019-08-27,2019-08-27 09:36:06,0.25,0.5952,3197,0.24,0.5714,34,0.22,0.5238,8,0.245,0.5833,815,0
SPY190828C293,2019-08-27,2019-08-27 09:36:07,0.25,0.5952,2164,0.24,0.5714,585,0.25,0.5952,1,0.245,0.5833,816,0
SPY190828C293,2019-08-27,2019-08-27 09:36:07,0.25,0.5952,2489,0.24,0.5714,31,0.25,0.5952,1,0.245,0.5833,816,1
SPY190828C293,2019-08-27,2019-08-27 09:36:08,0.25,0.5952,2164,0.24,0.5714,870,0.25,0.5952,1,0.245,0.5833,816,0
SPY190828C293,2019-08-27,2019-08-27 09:36:08,0.25,0.5952,1926,0.24,0.5714,870,0.25,0.5952,1,0.245,0.5833,816,0
SPY190828C293,2019-08-27,2019-08-27 09:36:09,0.25,0.5952,1926,0.24,0.5714,197,0.25,0.5952,1,0.245,0.5833,816,0
SPY190828C293,2019-08-27,2019-08-27 09:36:09,0.25,0.5952,1926,0.23,0.5476,966,0.25,0.5952,1,0.24,0.5714,816,0
SPY190828C293,2019-08-27,2019-08-27 09:36:10,0.25,0.5952,1950,0.23,0.5476,2760,0.25,0.5952,1,0.24,0.5714,816,0
SPY190828C293,2019-08-27,2019-08-27 09:36:10,0.25,0.5952,1610,0.23,0.5476,2676,0.25,0.5952,1,0.24,0.5714,816,0
SPY190828C293,2019-08-27,2019-08-27 09:36:11,0.25,0.5952,846,0.24,0.5714,41,0.23,0.5476,98,0.245,0.5833,914,98
SPY190828C293,2019-08-27,2019-08-27 09:36:11,0.25,0.5952,1309,0.24,0.5714,41,0.25,0.5952,1,0.245,0.5833,816,0
SPY190828C293,2019-08-27,2019-08-27 09:36:12,0.25,0.5952,3085,0.23,0.5476,3504,0.23,0.5476,98,0.24,0.5714,914,0
SPY190828C293,2019-08-27,2019-08-27 09:36:12,0.25,0.5952,2194,0.23,0.5476,1872,0.23,0.5476,98,0.24,0.5714,914,0
SPY190828C293,2019-08-27,2019-08-27 09:36:13,0.25,0.5952,1240,0.23,0.5476,1509,0.23,0.5476,98,0.24,0.5714,914,0
SPY190828C293,2019-08-27,2019-08-27 09:36:13,0.25,0.5952,1381,0.23,0.5476,966,0.23,0.5476,98,0.24,0.5714,914,0
SPY190828C293,2019-08-27,2019-08-27 09:36:14,0.24,0.5714,239,0.23,0.5476,999,0.23,0.5476,98,0.235,0.5595,914,0
SPY190828C293,2019-08-27,2019-08-27 09:36:14,0.24,0.5714,239,0.23,0.5476,1625,0.23,0.5476,98,0.235,0.5595,914,0
SPY190828C293,2019-08-27,2019-08-27 09:36:15,0.24,0.5714,120,0.23,0.5476,2178,0.23,0.5476,98,0.235,0.5595,914,0
SPY190828C293,2019-08-27,2019-08-27 09:36:15,0.24,0.5714,180,0.23,0.5476,999,0.23,0.5476,98,0.235,0.5595,914,0
SPY190828C293,2019-08-27,2019-08-27 09:36:16,0.24,0.5714,716,0.23,0.5476,1327,0.23,0.5476,98,0.235,0.5595,914,0
SPY190828C293,2019-08-27,2019-08-27 09:36:16,0.24,0.5714,120,0.23,0.5476,2178,0.23,0.5476,98,0.235,0.5595,914,0
SPY190828C293,2019-08-27,2019-08-27 09:36:17,0.24,0.5714,288,0.23,0.5476,999,0.23,0.5476,98,0.235,0.5595,914,0
SPY190828C293,2019-08-27,2019-08-27 09:36:17,0.24,0.5714,716,0.23,0.5476,1567,0.23,0.5476,98,0.235,0.5595,914,0
SPY190828C293,2019-08-27,2019-08-27 09:36:18,0.24,0.5714,720,0.23,0.5476,985,0.24,0.5714,1,0.235,0.5595,915,1
SPY190828C293,2019-08-27,2019-08-27 09:36:18,0.24,0.5714,734,0.23,0.5476,985,0.24,0.5714,1,0.235,0.5595,915,0
SPY190828C293,2019-08-27,2019-08-27 09:36:19,0.24,0.5714,750,0.23,0.5476,1220,0.24,0.5714,1,0.235,0.5595,915,0
SPY190828C293,2019-08-27,2019-08-27 09:36:19,0.24,0.5714,734,0.23,0.5476,1220,0.24,0.5714,1,0.235,0.5595,915,0
SPY190828C293,2019-08-27,2019-08-27 09:36:20,0.24,0.5714,2389,0.23,0.5476,1220,0.24,0.5714,1,0.235,0.5595,915,0
SPY190828C293,2019-08-27,2019-08-27 09:36:20,0.24,0.5714,2069,0.23,0.5476,1220,0.24,0.5714,1,0.235,0.5595,915,0
SPY190828C293,2019-08-27,2019-08-27 09:36:21,0.24,0.5714,2328,0.23,0.5476,31,0.24,0.5714,1,0.235,0.5595,915,0
SPY190828C293,2019-08-27,2019-08-27 09:36:21,0.24,0.5714,2544,0.23,0.5476,31,0.24,0.5714,1,0.235,0.5595,915,0
SPY190828C293,2019-08-27,2019-08-27 09:36:22,0.23,0.5476,2259,0.22,0.5238,31,0.23,0.5476,1,0.225,0.5357,917,0
SPY190828C293,2019-08-27,2019-08-27 09:36:22,0.23,0.5476,710,0.22,0.5238,195,0.23,0.5476,1,0.225,0.5357,917,2
SPY190828C293,2019-08-27,2019-08-27 09:36:23,0.23,0.5476,3206,0.22,0.5238,41,0.23,0.5476,1,0.225,0.5357,917,0
SPY190828C293,2019-08-27,2019-08-27 09:36:23,0.23,0.5476,2269,0.21,0.5,1542,0.23,0.5476,1,0.22,0.5238,917,0
SPY190828C293,2019-08-27,2019-08-27 09:36:24,0.23,0.5476,1092,0.22,0.5238,5,0.23,0.5476,1,0.225,0.5357,917,0
SPY190828C293,2019-08-27,2019-08-27 09:36:24,0.23,0.5476,827,0.21,0.5,667,0.23,0.5476,1,0.22,0.5238,917,0
SPY190828C293,2019-08-27,2019-08-27 09:36:25,0.23,0.5476,1029,0.22,0.5238,1105,0.23,0.5476,1,0.225,0.5357,918,1
SPY190828C293,2019-08-27,2019-08-27 09:36:26,0.23,0.5476,621,0.22,0.5238,522,0.23,0.5476,1,0.225,0.5357,918,0
SPY190828C293,2019-08-27,2019-08-27 09:36:26,0.23,0.5476,1029,0.22,0.5238,1105,0.23,0.5476,1,0.225,0.5357,918,0
SPY190828C293,2019-08-27,2019-08-27 09:36:27,0.23,0.5476,676,0.22,0.5238,976,0.23,0.5476,1,0.225,0.5357,918,0
SPY190828C293,2019-08-27,2019-08-27 09:36:27,0.23,0.5476,544,0.22,0.5238,976,0.23,0.5476,1,0.225,0.5357,918,0
SPY190828C293,2019-08-27,2019-08-27 09:36:28,0.23,0.5476,760,0.22,0.5238,946,0.23,0.5476,1,0.225,0.5357,918,0
SPY190828C293,2019-08-27,2019-08-27 09:36:29,0.23,0.5476,770,0.22,0.5238,1319,0.23,0.5476,1,0.225,0.5357,918,0
SPY190828C293,2019-08-27,2019-08-27 09:36:29,0.23,0.5476,760,0.22,0.5238,946,0.23,0.5476,1,0.225,0.5357,918,0
SPY190828C293,2019-08-27,2019-08-27 09:36:30,0.23,0.5476,760,0.22,0.5238,1319,0.23,0.5476,1,0.225,0.5357,918,0
SPY190828C293,2019-08-27,2019-08-27 09:36:30,0.23,0.5476,1498,0.22,0.5238,585,0.23,0.5476,1,0.225,0.5357,918,0
SPY190828C293,2019-08-27,2019-08-27 09:36:31,0.23,0.5476,713,0.22,0.5238,1019,0.23,0.5476,1,0.225,0.5357,918,0
SPY190828C293,2019-08-27,2019-08-27 09:36:31,0.23,0.5476,2306,0.22,0.5238,905,0.23,0.5476,1,0.225,0.5357,918,0
SPY190828C293,2019-08-27,2019-08-27 09:36:32,0.24,0.5714,3105,0.23,0.5476,31,0.23,0.5476,1,0.235,0.5595,918,0
SPY190828C293,2019-08-27,2019-08-27 09:36:32,0.24,0.5714,3105,0.22,0.5238,2968,0.23,0.5476,1,0.23,0.5476,918,0
SPY190828C293,2019-08-27,2019-08-27 09:36:33,0.24,0.5714,3609,0.23,0.5476,31,0.23,0.5476,1,0.235,0.5595,918,0
SPY190828C293,2019-08-27,2019-08-27 09:36:33,0.24,0.5714,3105,0.23,0.5476,31,0.23,0.5476,1,0.235,0.5595,918,0
SPY190828C293,2019-08-27,2019-08-27 09:36:34,0.24,0.5714,1328,0.22,0.5238,674,0.23,0.5476,1,0.23,0.5476,918,0
SPY190828C293,2019-08-27,2019-08-27 09:36:34,0.23,0.5476,460,0.22,0.5238,200,0.23,0.5476,1,0.225,0.5357,918,0
SPY190828C293,2019-08-27,2019-08-27 09:36:35,0.24,0.5714,2490,0.22,0.5238,2127,0.23,0.5476,1,0.23,0.5476,918,0
SPY190828C293,2019-08-27,2019-08-27 09:36:35,0.23,0.5476,1509,0.22,0.5238,981,0.23,0.5476,1,0.225,0.5357,918,0
SPY190828C293,2019-08-27,2019-08-27 09:36:36,0.24,0.5714,4052,0.23,0.5476,31,0.23,0.5476,1,0.235,0.5595,918,0
SPY190828C293,2019-08-27,2019-08-27 09:36:36,0.24,0.5714,2634,0.22,0.5238,1987,0.23,0.5476,1,0.23,0.5476,918,0
SPY190828C293,2019-08-27,2019-08-27 09:36:37,0.24,0.5714,3631,0.23,0.5476,31,0.23,0.5476,1,0.235,0.5595,918,0
SPY190828C293,2019-08-27,2019-08-27 09:36:37,0.23,0.5476,10,0.22,0.5238,3388,0.23,0.5476,1,0.225,0.5357,918,0
SPY190828C293,2019-08-27,2019-08-27 09:36:38,0.23,0.5476,41,0.22,0.5238,1305,0.23,0.5476,1,0.225,0.5357,918,0
SPY190828C293,2019-08-27,2019-08-27 09:36:38,0.23,0.5476,41,0.22,0.5238,3388,0.23,0.5476,1,0.225,0.5357,918,0
SPY190828C293,2019-08-27,2019-08-27 09:36:39,0.23,0.5476,2078,0.22,0.5238,260,0.23,0.5476,1,0.225,0.5357,918,0
SPY190828C293,2019-08-27,2019-08-27 09:36:39,0.23,0.5476,1804,0.22,0.5238,260,0.23,0.5476,1,0.225,0.5357,918,0
SPY190828C293,2019-08-27,2019-08-27 09:36:40,0.23,0.5476,3755,0.22,0.5238,31,0.23,0.5476,1,0.225,0.5357,918,0
SPY190828C293,2019-08-27,2019-08-27 09:36:40,0.23,0.5476,3755,0.22,0.5238,159,0.23,0.5476,1,0.225,0.5357,918,0
SPY190828C293,2019-08-27,2019-08-27 09:36:41,0.23,0.5476,3523,0.22,0.5238,125,0.23,0.5476,2,0.225,0.5357,920,2
SPY190828C293,2019-08-27,2019-08-27 09:36:41,0.23,0.5476,2543,0.22,0.5238,125,0.23,0.5476,2,0.225,0.5357,920,0
SPY190828C293,2019-08-27,2019-08-27 09:36:42,0.23,0.5476,716,0.22,0.5238,539,0.23,0.5476,2,0.225,0.5357,920,0
SPY190828C293,2019-08-27,2019-08-27 09:36:42,0.23,0.5476,2543,0.22,0.5238,125,0.23,0.5476,2,0.225,0.5357,920,0
SPY190828C293,2019-08-27,2019-08-27 09:36:43,0.23,0.5476,716,0.22,0.5238,539,0.23,0.5476,2,0.225,0.5357,920,0
SPY190828C293,2019-08-27,2019-08-27 09:36:43,0.23,0.5476,716,0.22,0.5238,809,0.23,0.5476,2,0.225,0.5357,920,0
SPY190828C293,2019-08-27,2019-08-27 09:36:44,0.23,0.5476,716,0.22,0.5238,1836,0.23,0.5476,2,0.225,0.5357,920,0
SPY190828C293,2019-08-27,2019-08-27 09:36:44,0.23,0.5476,716,0.22,0.5238,1576,0.23,0.5476,2,0.225,0.5357,920,0
SPY190828C293,2019-08-27,2019-08-27 09:36:45,0.23,0.5476,834,0.22,0.5238,1565,0.23,0.5476,2,0.225,0.5357,920,0
SPY190828C293,2019-08-27,2019-08-27 09:36:45,0.23,0.5476,926,0.22,0.5238,1565,0.23,0.5476,2,0.225,0.5357,920,0
SPY190828C293,2019-08-27,2019-08-27 09:36:46,0.23,0.5476,1896,0.22,0.5238,1497,0.23,0.5476,2,0.225,0.5357,920,0
SPY190828C293,2019-08-27,2019-08-27 09:36:46,0.23,0.5476,926,0.22,0.5238,1565,0.23,0.5476,2,0.225,0.5357,920,0
SPY190828C293,2019-08-27,2019-08-27 09:36:47,0.23,0.5476,1242,0.22,0.5238,718,0.23,0.5476,2,0.225,0.5357,920,0
SPY190828C293,2019-08-27,2019-08-27 09:36:47,0.23,0.5476,773,0.22,0.5238,1436,0.23,0.5476,2,0.225,0.5357,920,0
SPY190828C293,2019-08-27,2019-08-27 09:36:48,0.23,0.5476,773,0.22,0.5238,1436,0.23,0.5476,2,0.225,0.5357,920,0
SPY190828C293,2019-08-27,2019-08-27 09:36:48,0.23,0.5476,2572,0.22,0.5238,495,0.23,0.5476,2,0.225,0.5357,920,0
SPY190828C293,2019-08-27,2019-08-27 09:36:49,0.23,0.5476,2572,0.22,0.5238,718,0.23,0.5476,2,0.225,0.5357,920,0
SPY190828C293,2019-08-27,2019-08-27 09:36:49,0.23,0.5476,2572,0.22,0.5238,1299,0.23,0.5476,2,0.225,0.5357,920,0
SPY190828C293,2019-08-27,2019-08-27 09:36:50,0.23,0.5476,3249,0.22,0.5238,1204,0.23,0.5476,2,0.225,0.5357,920,0
SPY190828C293,2019-08-27,2019-08-27 09:36:50,0.23,0.5476,2068,0.22,0.5238,257,0.23,0.5476,2,0.225,0.5357,920,0
SPY190828C293,2019-08-27,2019-08-27 09:36:51,0.23,0.5476,2558,0.22,0.5238,1158,0.23,0.5476,2,0.225,0.5357,920,0
SPY190828C293,2019-08-27,2019-08-27 09:36:51,0.23,0.5476,3249,0.22,0.5238,1204,0.23,0.5476,2,0.225,0.5357,920,0
SPY190828C293,2019-08-27,2019-08-27 09:36:52,0.23,0.5476,2186,0.22,0.5238,938,0.23,0.5476,2,0.225,0.5357,920,0
SPY190828C293,2019-08-27,2019-08-27 09:36:52,0.23,0.5476,3293,0.22,0.5238,718,0.23,0.5476,2,0.225,0.5357,920,0
SPY190828C293,2019-08-27,2019-08-27 09:36:53,0.23,0.5476,3293,0.22,0.5238,589,0.23,0.5476,2,0.225,0.5357,920,0
SPY190828C293,2019-08-27,2019-08-27 09:36:53,0.23,0.5476,3338,0.22,0.5238,981,0.23,0.5476,2,0.225,0.5357,920,0
SPY190828C293,2019-08-27,2019-08-27 09:36:54,0.23,0.5476,2679,0.22,0.5238,636,0.23,0.5476,2,0.225,0.5357,920,0
SPY190828C293,2019-08-27,2019-08-27 09:36:55,0.23,0.5476,2353,0.22,0.5238,636,0.23,0.5476,2,0.225,0.5357,920,0
SPY190828C293,2019-08-27,2019-08-27 09:36:55,0.23,0.5476,2145,0.22,0.5238,209,0.23,0.5476,2,0.225,0.5357,920,0
SPY190828C293,2019-08-27,2019-08-27 09:36:56,0.23,0.5476,2074,0.22,0.5238,616,0.23,0.5476,2,0.225,0.5357,920,0
SPY190828C293,2019-08-27,2019-08-27 09:36:56,0.23,0.5476,2795,0.22,0.5238,1180,0.23,0.5476,2,0.225,0.5357,920,0
SPY190828C293,2019-08-27,2019-08-27 09:36:57,0.23,0.5476,3114,0.22,0.5238,1190,0.23,0.5476,2,0.225,0.5357,920,0
SPY190828C293,2019-08-27,2019-08-27 09:36:57,0.23,0.5476,1045,0.22,0.5238,1180,0.23,0.5476,2,0.225,0.5357,920,0
SPY190828C293,2019-08-27,2019-08-27 09:36:58,0.23,0.5476,2320,0.22,0.5238,1078,0.23,0.5476,2,0.225,0.5357,920,0
SPY190828C293,2019-08-27,2019-08-27 09:36:58,0.23,0.5476,3114,0.22,0.5238,1190,0.23,0.5476,2,0.225,0.5357,920,0
SPY190828C293,2019-08-27,2019-08-27 09:36:59,0.23,0.5476,3354,0.22,0.5238,1533,0.23,0.5476,2,0.225,0.5357,920,0
SPY190828C293,2019-08-27,2019-08-27 09:36:59,0.23,0.5476,3427,0.22,0.5238,1533,0.23,0.5476,2,0.225,0.5357,920,0
SPY190828C293,2019-08-27,2019-08-27 09:37:00,0.23,0.5476,2240,0.22,0.5238,816,0.23,0.5476,2,0.225,0.5357,920,0
SPY190828C293,2019-08-27,2019-08-27 09:37:00,0.23,0.5476,2240,0.22,0.5238,741,0.23,0.5476,2,0.225,0.5357,920,0
SPY190828C293,2019-08-27,2019-08-27 09:37:01,0.23,0.5476,758,0.22,0.5238,3371,0.23,0.5476,2,0.225,0.5357,920,0
SPY190828C293,2019-08-27,2019-08-27 09:37:02,0.23,0.5476,49,0.22,0.5238,2042,0.23,0.5476,2,0.225,0.5357,920,0
SPY190828C293,2019-08-27,2019-08-27 09:37:02,0.23,0.5476,441,0.22,0.5238,1220,0.23,0.5476,2,0.225,0.5357,920,0
SPY190828C293,2019-08-27,2019-08-27 09:37:03,0.23,0.5476,49,0.23,0.5476,5,0.23,0.5476,2,0.23,0.5476,920,0
SPY190828C293,2019-08-27,2019-08-27 09:37:03,0.24,0.5714,2455,0.23,0.5476,41,0.23,0.5476,2,0.235,0.5595,920,0
SPY190828C293,2019-08-27,2019-08-27 09:37:04,0.24,0.5714,3873,0.23,0.5476,1,0.23,0.5476,3,0.235,0.5595,923,3
SPY190828C293,2019-08-27,2019-08-27 09:37:04,0.23,0.5476,180,0.22,0.5238,1990,0.23,0.5476,2,0.225,0.5357,925,2
SPY190828C293,2019-08-27,2019-08-27 09:37:05,0.24,0.5714,893,0.22,0.5238,1990,0.23,0.5476,2,0.23,0.5476,925,0
SPY190828C293,2019-08-27,2019-08-27 09:37:05,0.24,0.5714,1272,0.23,0.5476,604,0.23,0.5476,2,0.235,0.5595,925,0
SPY190828C293,2019-08-27,2019-08-27 09:37:06,0.24,0.5714,260,0.23,0.5476,666,0.24,0.5714,5,0.235,0.5595,930,5
SPY190828C293,2019-08-27,2019-08-27 09:37:06,0.24,0.5714,457,0.23,0.5476,1404,0.24,0.5714,5,0.235,0.5595,930,0
SPY190828C293,2019-08-27,2019-08-27 09:37:07,0.24,0.5714,238,0.23,0.5476,1404,0.24,0.5714,5,0.235,0.5595,930,0
SPY190828C293,2019-08-27,2019-08-27 09:37:07,0.24,0.5714,238,0.23,0.5476,1482,0.24,0.5714,5,0.235,0.5595,930,0
SPY190828C293,2019-08-27,2019-08-27 09:37:08,0.24,0.5714,222,0.23,0.5476,2276,0.24,0.5714,5,0.235,0.5595,930,0
SPY190828C293,2019-08-27,2019-08-27 09:37:08,0.24,0.5714,161,0.23,0.5476,1392,0.24,0.5714,5,0.235,0.5595,930,0
SPY190828C293,2019-08-27,2019-08-27 09:37:09,0.24,0.5714,2134,0.23,0.5476,2140,0.24,0.5714,5,0.235,0.5595,930,0
SPY190828C293,2019-08-27,2019-08-27 09:37:09,0.24,0.5714,757,0.23,0.5476,1124,0.24,0.5714,5,0.235,0.5595,930,0
SPY190828C293,2019-08-27,2019-08-27 09:37:10,0.24,0.5714,1694,0.23,0.5476,1387,0.24,0.5714,5,0.235,0.5595,930,0
SPY190828C293,2019-08-27,2019-08-27 09:37:10,0.24,0.5714,2612,0.23,0.5476,2342,0.24,0.5714,5,0.235,0.5595,930,0
SPY190828C293,2019-08-27,2019-08-27 09:37:11,0.24,0.5714,1498,0.23,0.5476,200,0.24,0.5714,5,0.235,0.5595,930,0
SPY190828C293,2019-08-27,2019-08-27 09:37:11,0.24,0.5714,2352,0.23,0.5476,871,0.24,0.5714,5,0.235,0.5595,930,0
SPY190828C293,2019-08-27,2019-08-27 09:37:12,0.24,0.5714,1772,0.23,0.5476,250,0.24,0.5714,5,0.235,0.5595,930,0
SPY190828C293,2019-08-27,2019-08-27 09:37:12,0.24,0.5714,1772,0.23,0.5476,179,0.24,0.5714,5,0.235,0.5595,930,0
SPY190828C293,2019-08-27,2019-08-27 09:37:13,0.24,0.5714,3750,0.23,0.5476,210,0.24,0.5714,5,0.235,0.5595,930,0
SPY190828C293,2019-08-27,2019-08-27 09:37:13,0.24,0.5714,3750,0.23,0.5476,200,0.24,0.5714,5,0.235,0.5595,930,0
SPY190828C293,2019-08-27,2019-08-27 09:37:14,0.24,0.5714,3750,0.23,0.5476,985,0.24,0.5714,5,0.235,0.5595,930,0
SPY190828C293,2019-08-27,2019-08-27 09:37:14,0.24,0.5714,3750,0.23,0.5476,210,0.24,0.5714,5,0.235,0.5595,930,0
SPY190828C293,2019-08-27,2019-08-27 09:37:15,0.24,0.5714,3534,0.23,0.5476,787,0.24,0.5714,5,0.235,0.5595,930,0
SPY190828C293,2019-08-27,2019-08-27 09:37:15,0.24,0.5714,2458,0.23,0.5476,435,0.24,0.5714,5,0.235,0.5595,930,0
SPY190828C293,2019-08-27,2019-08-27 09:37:16,0.24,0.5714,2458,0.23,0.5476,10,0.24,0.5714,5,0.235,0.5595,930,0
SPY190828C293,2019-08-27,2019-08-27 09:37:16,0.23,0.5476,120,0.22,0.5238,2419,0.24,0.5714,5,0.225,0.5357,930,0
SPY190828C293,2019-08-27,2019-08-27 09:37:17,0.23,0.5476,161,0.22,0.5238,1196,0.24,0.5714,5,0.225,0.5357,930,0
SPY190828C293,2019-08-27,2019-08-27 09:37:17,0.23,0.5476,120,0.22,0.5238,2576,0.24,0.5714,5,0.225,0.5357,930,0
SPY190828C293,2019-08-27,2019-08-27 09:37:18,0.23,0.5476,224,0.22,0.5238,2450,0.24,0.5714,5,0.225,0.5357,930,0
SPY190828C293,2019-08-27,2019-08-27 09:37:18,0.23,0.5476,1340,0.22,0.5238,2450,0.24,0.5714,5,0.225,0.5357,930,0
SPY190828C293,2019-08-27,2019-08-27 09:37:19,0.23,0.5476,1166,0.22,0.5238,1442,0.24,0.5714,5,0.225,0.5357,930,0
SPY190828C293,2019-08-27,2019-08-27 09:37:19,0.24,0.5714,1391,0.22,0.5238,1422,0.24,0.5714,5,0.23,0.5476,930,0
SPY190828C293,2019-08-27,2019-08-27 09:37:20,0.24,0.5714,1371,0.23,0.5476,435,0.24,0.5714,5,0.235,0.5595,930,0
SPY190828C293,2019-08-27,2019-08-27 09:37:20,0.24,0.5714,1391,0.23,0.5476,435,0.24,0.5714,5,0.235,0.5595,930,0
SPY190828C293,2019-08-27,2019-08-27 09:37:21,0.24,0.5714,4062,0.23,0.5476,873,0.24,0.5714,5,0.235,0.5595,930,0
SPY190828C293,2019-08-27,2019-08-27 09:37:22,0.24,0.5714,1470,0.23,0.5476,596,0.24,0.5714,5,0.235,0.5595,930,0
SPY190828C293,2019-08-27,2019-08-27 09:37:22,0.24,0.5714,2868,0.23,0.5476,442,0.24,0.5714,5,0.235,0.5595,930,0
SPY190828C293,2019-08-27,2019-08-27 09:37:23,0.24,0.5714,2989,0.23,0.5476,442,0.24,0.5714,5,0.235,0.5595,930,0
SPY190828C293,2019-08-27,2019-08-27 09:37:24,0.24,0.5714,2957,0.23,0.5476,435,0.24,0.5714,5,0.235,0.5595,930,0
SPY190828C293,2019-08-27,2019-08-27 09:37:25,0.24,0.5714,2747,0.23,0.5476,435,0.24,0.5714,5,0.235,0.5595,930,0
SPY190828C293,2019-08-27,2019-08-27 09:37:26,0.24,0.5714,3038,0.23,0.5476,836,0.24,0.5714,5,0.235,0.5595,930,0
SPY190828C293,2019-08-27,2019-08-27 09:37:27,0.24,0.5714,3992,0.23,0.5476,435,0.24,0.5714,5,0.235,0.5595,930,0
SPY190828C293,2019-08-27,2019-08-27 09:37:27,0.24,0.5714,3923,0.23,0.5476,974,0.24,0.5714,5,0.235,0.5595,930,0
SPY190828C293,2019-08-27,2019-08-27 09:37:28,0.24,0.5714,3605,0.23,0.5476,1602,0.24,0.5714,5,0.235,0.5595,930,0
SPY190828C293,2019-08-27,2019-08-27 09:37:28,0.24,0.5714,1848,0.23,0.5476,1064,0.24,0.5714,5,0.235,0.5595,930,0
SPY190828C293,2019-08-27,2019-08-27 09:37:29,0.24,0.5714,2901,0.23,0.5476,459,0.24,0.5714,5,0.235,0.5595,930,0
SPY190828C293,2019-08-27,2019-08-27 09:37:29,0.24,0.5714,2435,0.23,0.5476,172,0.24,0.5714,5,0.235,0.5595,930,0
SPY190828C293,2019-08-27,2019-08-27 09:37:30,0.24,0.5714,2423,0.23,0.5476,459,0.24,0.5714,5,0.235,0.5595,930,0
SPY190828C293,2019-08-27,2019-08-27 09:37:30,0.24,0.5714,2965,0.23,0.5476,447,0.24,0.5714,5,0.235,0.5595,930,0
SPY190828C293,2019-08-27,2019-08-27 09:37:31,0.24,0.5714,2965,0.23,0.5476,447,0.24,0.5714,5,0.235,0.5595,930,0
SPY190828C293,2019-08-27,2019-08-27 09:37:31,0.24,0.5714,3291,0.23,0.5476,10,0.24,0.5714,5,0.235,0.5595,930,0
SPY190828C293,2019-08-27,2019-08-27 09:37:32,0.24,0.5714,3622,0.23,0.5476,1054,0.24,0.5714,5,0.235,0.5595,930,0
SPY190828C293,2019-08-27,2019-08-27 09:37:33,0.24,0.5714,3482,0.23,0.5476,1272,0.24,0.5714,5,0.235,0.5595,930,0
SPY190828C293,2019-08-27,2019-08-27 09:37:33,0.24,0.5714,3622,0.23,0.5476,1054,0.24,0.5714,5,0.235,0.5595,930,0
SPY190828C293,2019-08-27,2019-08-27 09:37:34,0.24,0.5714,3482,0.23,0.5476,1272,0.24,0.5714,5,0.235,0.5595,935,5
SPY190828C293,2019-08-27,2019-08-27 09:37:34,0.24,0.5714,2950,0.23,0.5476,1466,0.24,0.5714,5,0.235,0.5595,935,0
SPY190828C293,2019-08-27,2019-08-27 09:37:35,0.24,0.5714,2950,0.23,0.5476,1466,0.24,0.5714,5,0.235,0.5595,935,0
SPY190828C293,2019-08-27,2019-08-27 09:37:35,0.24,0.5714,2417,0.23,0.5476,888,0.24,0.5714,5,0.235,0.5595,935,0
SPY190828C293,2019-08-27,2019-08-27 09:37:36,0.24,0.5714,3481,0.23,0.5476,1339,0.24,0.5714,5,0.235,0.5595,935,0
SPY190828C293,2019-08-27,2019-08-27 09:37:37,0.24,0.5714,2433,0.23,0.5476,465,0.24,0.5714,5,0.235,0.5595,935,0
SPY190828C293,2019-08-27,2019-08-27 09:37:37,0.24,0.5714,2035,0.23,0.5476,1016,0.24,0.5714,5,0.235,0.5595,935,0
SPY190828C293,2019-08-27,2019-08-27 09:37:38,0.24,0.5714,3569,0.23,0.5476,968,0.24,0.5714,5,0.235,0.5595,935,0
SPY190828C293,2019-08-27,2019-08-27 09:37:38,0.24,0.5714,2035,0.23,0.5476,1016,0.24,0.5714,5,0.235,0.5595,935,0
SPY190828C293,2019-08-27,2019-08-27 09:37:39,0.24,0.5714,3829,0.23,0.5476,1228,0.24,0.5714,5,0.235,0.5595,935,0
SPY190828C293,2019-08-27,2019-08-27 09:37:39,0.24,0.5714,4234,0.23,0.5476,1511,0.24,0.5714,5,0.235,0.5595,935,0
SPY190828C293,2019-08-27,2019-08-27 09:37:40,0.24,0.5714,4234,0.23,0.5476,1429,0.24,0.5714,5,0.235,0.5595,935,0
SPY190828C293,2019-08-27,2019-08-27 09:37:40,0.24,0.5714,4234,0.23,0.5476,1241,0.24,0.5714,5,0.235,0.5595,935,0
SPY190828C293,2019-08-27,2019-08-27 09:37:41,0.24,0.5714,3065,0.23,0.5476,1241,0.23,0.5476,22,0.235,0.5595,957,22
SPY190828C293,2019-08-27,2019-08-27 09:37:41,0.24,0.5714,4393,0.23,0.5476,1433,0.23,0.5476,22,0.235,0.5595,957,0
SPY190828C293,2019-08-27,2019-08-27 09:37:42,0.24,0.5714,3113,0.23,0.5476,1433,0.23,0.5476,22,0.235,0.5595,957,0
SPY190828C293,2019-08-27,2019-08-27 09:37:42,0.24,0.5714,2912,0.23,0.5476,1241,0.23,0.5476,22,0.235,0.5595,957,0
SPY190828C293,2019-08-27,2019-08-27 09:37:43,0.24,0.5714,1786,0.23,0.5476,585,0.23,0.5476,22,0.235,0.5595,957,0
SPY190828C293,2019-08-27,2019-08-27 09:37:43,0.24,0.5714,2702,0.23,0.5476,585,0.23,0.5476,22,0.235,0.5595,957,0
SPY190828C293,2019-08-27,2019-08-27 09:37:44,0.24,0.5714,4142,0.23,0.5476,193,0.23,0.5476,22,0.235,0.5595,957,0
SPY190828C293,2019-08-27,2019-08-27 09:37:44,0.24,0.5714,2945,0.23,0.5476,1009,0.23,0.5476,22,0.235,0.5595,957,0
SPY190828C293,2019-08-27,2019-08-27 09:37:45,0.24,0.5714,3302,0.23,0.5476,10,0.23,0.5476,22,0.235,0.5595,957,0
SPY190828C293,2019-08-27,2019-08-27 09:37:46,0.24,0.5714,3351,0.23,0.5476,10,0.23,0.5476,22,0.235,0.5595,957,0
SPY190828C293,2019-08-27,2019-08-27 09:37:46,0.24,0.5714,3244,0.23,0.5476,31,0.23,0.5476,22,0.235,0.5595,957,0
SPY190828C293,2019-08-27,2019-08-27 09:37:47,0.24,0.5714,2078,0.22,0.5238,2278,0.23,0.5476,22,0.23,0.5476,957,0
SPY190828C293,2019-08-27,2019-08-27 09:37:47,0.24,0.5714,3307,0.22,0.5238,2278,0.24,0.5714,4,0.23,0.5476,961,4
SPY190828C293,2019-08-27,2019-08-27 09:37:48,0.23,0.5476,838,0.22,0.5238,425,0.24,0.5714,4,0.225,0.5357,961,0
SPY190828C293,2019-08-27,2019-08-27 09:37:48,0.23,0.5476,938,0.22,0.5238,1150,0.24,0.5714,4,0.225,0.5357,961,0
SPY190828C293,2019-08-27,2019-08-27 09:37:49,0.23,0.5476,1923,0.22,0.5238,728,0.24,0.5714,4,0.225,0.5357,961,0
SPY190828C293,2019-08-27,2019-08-27 09:37:49,0.23,0.5476,1414,0.22,0.5238,806,0.24,0.5714,4,0.225,0.5357,961,0
SPY190828C293,2019-08-27,2019-08-27 09:37:50,0.23,0.5476,2333,0.22,0.5238,933,0.24,0.5714,4,0.225,0.5357,961,0
SPY190828C293,2019-08-27,2019-08-27 09:37:50,0.23,0.5476,2064,0.22,0.5238,588,0.24,0.5714,4,0.225,0.5357,961,0
SPY190828C293,2019-08-27,2019-08-27 09:37:51,0.23,0.5476,1392,0.22,0.5238,204,0.24,0.5714,4,0.225,0.5357,961,0
SPY190828C293,2019-08-27,2019-08-27 09:37:52,0.23,0.5476,2572,0.22,0.5238,854,0.24,0.5714,4,0.225,0.5357,961,0
SPY190828C293,2019-08-27,2019-08-27 09:37:52,0.23,0.5476,3767,0.22,0.5238,854,0.24,0.5714,4,0.225,0.5357,961,0
SPY190828C293,2019-08-27,2019-08-27 09:37:53,0.23,0.5476,3536,0.22,0.5238,31,0.22,0.5238,9,0.225,0.5357,970,9
SPY190828C293,2019-08-27,2019-08-27 09:37:53,0.23,0.5476,3509,0.22,0.5238,31,0.22,0.5238,9,0.225,0.5357,970,0
SPY190828C293,2019-08-27,2019-08-27 09:37:54,0.23,0.5476,3509,0.22,0.5238,201,0.22,0.5238,9,0.225,0.5357,970,0
SPY190828C293,2019-08-27,2019-08-27 09:37:54,0.23,0.5476,3789,0.22,0.5238,201,0.22,0.5238,9,0.225,0.5357,970,0
SPY190828C293,2019-08-27,2019-08-27 09:37:55,0.23,0.5476,1101,0.22,0.5238,665,0.22,0.5238,9,0.225,0.5357,970,0
SPY190828C293,2019-08-27,2019-08-27 09:37:55,0.23,0.5476,3789,0.22,0.5238,31,0.22,0.5238,9,0.225,0.5357,970,0
SPY190828C293,2019-08-27,2019-08-27 09:37:56,0.23,0.5476,867,0.22,0.5238,1611,0.22,0.5238,9,0.225,0.5357,970,0
SPY190828C293,2019-08-27,2019-08-27 09:37:56,0.23,0.5476,867,0.22,0.5238,1331,0.22,0.5238,9,0.225,0.5357,970,0
SPY190828C293,2019-08-27,2019-08-27 09:37:57,0.23,0.5476,867,0.22,0.5238,1611,0.22,0.5238,9,0.225,0.5357,970,0
SPY190828C293,2019-08-27,2019-08-27 09:37:58,0.23,0.5476,151,0.22,0.5238,2502,0.22,0.5238,9,0.225,0.5357,970,0
SPY190828C293,2019-08-27,2019-08-27 09:37:58,0.23,0.5476,120,0.22,0.5238,1611,0.22,0.5238,9,0.225,0.5357,970,0
SPY190828C293,2019-08-27,2019-08-27 09:37:59,0.23,0.5476,151,0.22,0.5238,2502,0.22,0.5238,9,0.225,0.5357,970,0
SPY190828C293,2019-08-27,2019-08-27 09:37:59,0.23,0.5476,120,0.22,0.5238,2502,0.22,0.5238,9,0.225,0.5357,970,0
SPY190828C293,2019-08-27,2019-08-27 09:38:00,0.24,0.5714,1103,0.23,0.5476,804,0.22,0.5238,9,0.235,0.5595,970,0
SPY190828C293,2019-08-27,2019-08-27 09:38:01,0.24,0.5714,611,0.23,0.5476,1166,0.22,0.5238,9,0.235,0.5595,970,0
SPY190828C293,2019-08-27,2019-08-27 09:38:01,0.24,0.5714,611,0.23,0.5476,1944,0.22,0.5238,9,0.235,0.5595,970,0
SPY190828C293,2019-08-27,2019-08-27 09:38:02,0.24,0.5714,2850,0.23,0.5476,616,0.22,0.5238,9,0.235,0.5595,970,0
SPY190828C293,2019-08-27,2019-08-27 09:38:02,0.24,0.5714,1534,0.23,0.5476,201,0.22,0.5238,9,0.235,0.5595,970,0
SPY190828C293,2019-08-27,2019-08-27 09:38:03,0.24,0.5714,3103,0.23,0.5476,616,0.22,0.5238,9,0.235,0.5595,970,0
SPY190828C293,2019-08-27,2019-08-27 09:38:03,0.24,0.5714,3088,0.23,0.5476,954,0.22,0.5238,9,0.235,0.5595,970,0
SPY190828C293,2019-08-27,2019-08-27 09:38:04,0.24,0.5714,3028,0.23,0.5476,954,0.22,0.5238,9,0.235,0.5595,970,0
SPY190828C293,2019-08-27,2019-08-27 09:38:04,0.24,0.5714,2467,0.23,0.5476,730,0.22,0.5238,9,0.235,0.5595,970,0
SPY190828C293,2019-08-27,2019-08-27 09:38:05,0.24,0.5714,2536,0.23,0.5476,1774,0.22,0.5238,9,0.235,0.5595,970,0
SPY190828C293,2019-08-27,2019-08-27 09:38:05,0.24,0.5714,2925,0.23,0.5476,1377,0.22,0.5238,9,0.235,0.5595,970,0
SPY190828C293,2019-08-27,2019-08-27 09:38:06,0.24,0.5714,2197,0.23,0.5476,870,0.22,0.5238,9,0.235,0.5595,970,0
SPY190828C293,2019-08-27,2019-08-27 09:38:07,0.24,0.5714,2197,0.23,0.5476,876,0.22,0.5238,9,0.235,0.5595,970,0
SPY190828C293,2019-08-27,2019-08-27 09:38:08,0.24,0.5714,2197,0.23,0.5476,876,0.22,0.5238,9,0.235,0.5595,970,0
SPY190828C293,2019-08-27,2019-08-27 09:38:09,0.24,0.5714,1819,0.22,0.5238,1442,0.22,0.5238,9,0.23,0.5476,970,0
SPY190828C293,2019-08-27,2019-08-27 09:38:09,0.24,0.5714,1486,0.23,0.5476,31,0.22,0.5238,9,0.235,0.5595,970,0
SPY190828C293,2019-08-27,2019-08-27 09:38:10,0.24,0.5714,2204,0.23,0.5476,1008,0.22,0.5238,9,0.235,0.5595,970,0
SPY190828C293,2019-08-27,2019-08-27 09:38:10,0.24,0.5714,1759,0.23,0.5476,1360,0.22,0.5238,9,0.235,0.5595,970,0
SPY190828C293,2019-08-27,2019-08-27 09:38:11,0.24,0.5714,1550,0.23,0.5476,1306,0.22,0.5238,9,0.235,0.5595,970,0
SPY190828C293,2019-08-27,2019-08-27 09:38:11,0.24,0.5714,584,0.23,0.5476,1792,0.22,0.5238,9,0.235,0.5595,970,0
SPY190828C293,2019-08-27,2019-08-27 09:38:12,0.24,0.5714,2080,0.23,0.5476,1963,0.22,0.5238,9,0.235,0.5595,970,0
SPY190828C293,2019-08-27,2019-08-27 09:38:12,0.24,0.5714,2340,0.23,0.5476,1963,0.22,0.5238,9,0.235,0.5595,970,0
SPY190828C293,2019-08-27,2019-08-27 09:38:13,0.24,0.5714,2277,0.23,0.5476,1963,0.22,0.5238,9,0.235,0.5595,970,0
SPY190828C293,2019-08-27,2019-08-27 09:38:13,0.24,0.5714,1572,0.23,0.5476,666,0.22,0.5238,9,0.235,0.5595,970,0
SPY190828C293,2019-08-27,2019-08-27 09:38:14,0.24,0.5714,1792,0.23,0.5476,1228,0.22,0.5238,9,0.235,0.5595,970,0
SPY190828C293,2019-08-27,2019-08-27 09:38:14,0.24,0.5714,1165,0.23,0.5476,837,0.22,0.5238,9,0.235,0.5595,970,0
SPY190828C293,2019-08-27,2019-08-27 09:38:15,0.24,0.5714,3776,0.23,0.5476,1246,0.22,0.5238,9,0.235,0.5595,970,0
SPY190828C293,2019-08-27,2019-08-27 09:38:15,0.24,0.5714,3721,0.23,0.5476,577,0.22,0.5238,9,0.235,0.5595,970,0
SPY190828C293,2019-08-27,2019-08-27 09:38:16,0.24,0.5714,3721,0.23,0.5476,888,0.22,0.5238,9,0.235,0.5595,970,0
SPY190828C293,2019-08-27,2019-08-27 09:38:17,0.24,0.5714,3613,0.23,0.5476,1091,0.22,0.5238,9,0.235,0.5595,970,0
SPY190828C293,2019-08-27,2019-08-27 09:38:17,0.24,0.5714,2830,0.23,0.5476,1091,0.22,0.5238,9,0.235,0.5595,970,0
SPY190828C293,2019-08-27,2019-08-27 09:38:18,0.24,0.5714,1663,0.23,0.5476,218,0.22,0.5238,9,0.235,0.5595,970,0
SPY190828C293,2019-08-27,2019-08-27 09:38:18,0.24,0.5714,3746,0.23,0.5476,941,0.22,0.5238,9,0.235,0.5595,970,0
SPY190828C293,2019-08-27,2019-08-27 09:38:19,0.24,0.5714,3579,0.23,0.5476,935,0.22,0.5238,9,0.235,0.5595,970,0
SPY190828C293,2019-08-27,2019-08-27 09:38:19,0.24,0.5714,3384,0.23,0.5476,218,0.22,0.5238,9,0.235,0.5595,970,0
SPY190828C293,2019-08-27,2019-08-27 09:38:20,0.24,0.5714,3570,0.23,0.5476,1567,0.22,0.5238,9,0.235,0.5595,970,0
SPY190828C293,2019-08-27,2019-08-27 09:38:20,0.24,0.5714,3710,0.23,0.5476,1411,0.22,0.5238,9,0.235,0.5595,970,0
SPY190828C293,2019-08-27,2019-08-27 09:38:21,0.24,0.5714,2601,0.23,0.5476,204,0.22,0.5238,9,0.235,0.5595,970,0
SPY190828C293,2019-08-27,2019-08-27 09:38:21,0.24,0.5714,3506,0.23,0.5476,1285,0.22,0.5238,9,0.235,0.5595,970,0
SPY190828C293,2019-08-27,2019-08-27 09:38:22,0.24,0.5714,3620,0.22,0.5238,2143,0.22,0.5238,9,0.23,0.5476,970,0
SPY190828C293,2019-08-27,2019-08-27 09:38:22,0.24,0.5714,2575,0.23,0.5476,31,0.22,0.5238,9,0.235,0.5595,970,0
SPY190828C293,2019-08-27,2019-08-27 09:38:23,0.23,0.5476,41,0.22,0.5238,2143,0.24,0.5714,1,0.225,0.5357,971,0
SPY190828C293,2019-08-27,2019-08-27 09:38:23,0.23,0.5476,10,0.22,0.5238,2143,0.24,0.5714,1,0.225,0.5357,971,1
SPY190828C293,2019-08-27,2019-08-27 09:38:24,0.23,0.5476,151,0.22,0.5238,2482,0.24,0.5714,1,0.225,0.5357,971,0
