symbol,Date,quote_time,ask_price,norm_ask_price,ask_size,bid_price,norm_bid_price,bid_size,last_trade_price,norm_last_trade_price,last_trade_size,mark_price,norm_mark_price,volume,Volume
IWM190920P158,2019-09-17,2019-09-17 09:30:00,1.47,1.0,11,1.44,0.9795,93,1.4,0.9523,1,1.455,0.9897,9104,9104
IWM190920P158,2019-09-17,2019-09-17 09:30:00,1.79,1.2176,4,1.56,1.0612,34,1.66,1.1292,1,1.675,1.1394,1,-9103
IWM190920P158,2019-09-17,2019-09-17 09:30:01,1.79,1.2176,4,1.56,1.0612,34,1.66,1.1292,1,1.675,1.1394,1,0
IWM190920P158,2019-09-17,2019-09-17 09:30:01,1.79,1.2176,4,1.56,1.0612,34,1.67,1.136,1,1.675,1.1394,2,1
IWM190920P158,2019-09-17,2019-09-17 09:30:02,1.79,1.2176,4,1.56,1.0612,34,1.67,1.136,1,1.675,1.1394,2,0
IWM190920P158,2019-09-17,2019-09-17 09:30:02,1.79,1.2176,4,1.59,1.0816,34,1.67,1.136,1,1.69,1.1496,2,0
IWM190920P158,2019-09-17,2019-09-17 09:30:03,1.75,1.1904,8,1.59,1.0816,34,1.67,1.136,1,1.67,1.136,2,0
IWM190920P158,2019-09-17,2019-09-17 09:30:04,1.75,1.1904,8,1.59,1.0816,34,1.67,1.136,1,1.67,1.136,2,0
IWM190920P158,2019-09-17,2019-09-17 09:30:05,1.75,1.1904,8,1.59,1.0816,34,1.67,1.136,1,1.67,1.136,2,0
IWM190920P158,2019-09-17,2019-09-17 09:30:06,1.75,1.1904,8,1.59,1.0816,94,1.67,1.136,1,1.67,1.136,2,0
IWM190920P158,2019-09-17,2019-09-17 09:30:07,1.75,1.1904,8,1.59,1.0816,275,1.67,1.136,1,1.67,1.136,2,0
IWM190920P158,2019-09-17,2019-09-17 09:30:08,1.75,1.1904,8,1.6,1.0884,193,1.67,1.136,1,1.675,1.1394,2,0
IWM190920P158,2019-09-17,2019-09-17 09:30:08,1.75,1.1904,8,1.6,1.0884,233,1.67,1.136,1,1.675,1.1394,2,0
IWM190920P158,2019-09-17,2019-09-17 09:30:09,1.67,1.136,112,1.6,1.0884,284,1.67,1.136,1,1.635,1.1122,2,0
IWM190920P158,2019-09-17,2019-09-17 09:30:09,1.67,1.136,116,1.6,1.0884,175,1.75,1.1904,8,1.635,1.1122,10,8
IWM190920P158,2019-09-17,2019-09-17 09:30:10,1.67,1.136,10,1.6,1.0884,175,1.75,1.1904,8,1.635,1.1122,10,0
IWM190920P158,2019-09-17,2019-09-17 09:30:11,1.67,1.136,4,1.6,1.0884,175,1.8,1.2244,100,1.635,1.1122,112,0
IWM190920P158,2019-09-17,2019-09-17 09:30:11,1.67,1.136,10,1.6,1.0884,185,1.8,1.2244,100,1.635,1.1122,112,102
IWM190920P158,2019-09-17,2019-09-17 09:30:12,1.68,1.1428,4,1.6,1.0884,212,1.8,1.2244,100,1.64,1.1156,112,0
IWM190920P158,2019-09-17,2019-09-17 09:30:13,1.68,1.1428,4,1.62,1.102,235,1.82,1.238,20,1.65,1.1224,132,0
IWM190920P158,2019-09-17,2019-09-17 09:30:13,1.68,1.1428,4,1.6,1.0884,212,1.82,1.238,20,1.64,1.1156,132,20
IWM190920P158,2019-09-17,2019-09-17 09:30:14,1.74,1.1836,116,1.67,1.136,320,1.82,1.238,20,1.705,1.1598,132,0
IWM190920P158,2019-09-17,2019-09-17 09:30:14,1.74,1.1836,116,1.68,1.1428,23,1.82,1.238,20,1.71,1.1632,132,0
IWM190920P158,2019-09-17,2019-09-17 09:30:15,1.74,1.1836,116,1.8,1.2244,128,1.82,1.238,20,1.77,1.204,132,0
IWM190920P158,2019-09-17,2019-09-17 09:30:15,1.74,1.1836,116,1.75,1.1904,197,1.82,1.238,20,1.745,1.187,132,0
IWM190920P158,2019-09-17,2019-09-17 09:30:16,1.82,1.238,20,1.83,1.2448,36,1.82,1.238,20,1.825,1.2414,132,0
IWM190920P158,2019-09-17,2019-09-17 09:30:16,1.82,1.238,20,1.78,1.2108,145,1.82,1.238,20,1.8,1.2244,132,0
IWM190920P158,2019-09-17,2019-09-17 09:30:17,1.87,1.2721,47,1.8,1.2244,169,1.82,1.238,20,1.835,1.2482,132,0
IWM190920P158,2019-09-17,2019-09-17 09:30:17,1.87,1.2721,54,1.8,1.2244,178,1.82,1.238,20,1.835,1.2482,132,0
IWM190920P158,2019-09-17,2019-09-17 09:30:18,1.87,1.2721,31,1.8,1.2244,295,1.82,1.238,20,1.835,1.2482,132,0
IWM190920P158,2019-09-17,2019-09-17 09:30:18,1.87,1.2721,95,1.8,1.2244,216,1.82,1.238,20,1.835,1.2482,132,0
IWM190920P158,2019-09-17,2019-09-17 09:30:19,1.88,1.2789,4,1.82,1.238,265,1.82,1.238,20,1.85,1.2585,132,0
IWM190920P158,2019-09-17,2019-09-17 09:30:19,1.88,1.2789,4,1.82,1.238,240,1.82,1.238,20,1.85,1.2585,132,0
IWM190920P158,2019-09-17,2019-09-17 09:30:20,1.88,1.2789,4,1.82,1.238,265,1.82,1.238,20,1.85,1.2585,132,0
IWM190920P158,2019-09-17,2019-09-17 09:30:21,1.88,1.2789,10,1.83,1.2448,280,1.82,1.238,20,1.855,1.2619,132,0
IWM190920P158,2019-09-17,2019-09-17 09:30:21,1.88,1.2789,10,1.88,1.2789,105,1.82,1.238,20,1.88,1.2789,132,0
IWM190920P158,2019-09-17,2019-09-17 09:30:22,1.88,1.2789,10,1.95,1.3265,120,1.9,1.2925,100,1.915,1.3027,232,100
IWM190920P158,2019-09-17,2019-09-17 09:30:22,1.88,1.2789,10,1.96,1.3333,105,1.9,1.2925,100,1.92,1.3061,232,0
IWM190920P158,2019-09-17,2019-09-17 09:30:23,2.09,1.4217,267,1.98,1.3469,147,1.98,1.3469,3,2.035,1.3843,345,0
IWM190920P158,2019-09-17,2019-09-17 09:30:23,2.1,1.4285,187,2.02,1.3741,105,1.98,1.3469,3,2.06,1.4013,345,113
IWM190920P158,2019-09-17,2019-09-17 09:30:24,2.09,1.4217,20,1.98,1.3469,147,1.98,1.3469,3,2.035,1.3843,345,0
IWM190920P158,2019-09-17,2019-09-17 09:30:24,2.09,1.4217,20,2.02,1.3741,113,1.98,1.3469,3,2.055,1.3979,345,0
IWM190920P158,2019-09-17,2019-09-17 09:30:25,2.09,1.4217,20,2.03,1.3809,365,1.98,1.3469,3,2.06,1.4013,345,0
IWM190920P158,2019-09-17,2019-09-17 09:30:25,2.09,1.4217,20,2.03,1.3809,310,1.98,1.3469,3,2.06,1.4013,345,0
IWM190920P158,2019-09-17,2019-09-17 09:30:26,2.09,1.4217,150,2.03,1.3809,300,1.98,1.3469,3,2.06,1.4013,345,0
IWM190920P158,2019-09-17,2019-09-17 09:30:27,2.05,1.3945,23,1.98,1.3469,13,2.03,1.3809,6,2.015,1.3707,358,0
IWM190920P158,2019-09-17,2019-09-17 09:30:27,2.09,1.4217,150,1.98,1.3469,75,2.03,1.3809,6,2.035,1.3843,358,13
IWM190920P158,2019-09-17,2019-09-17 09:30:28,2.05,1.3945,111,1.98,1.3469,20,2.03,1.3809,6,2.015,1.3707,358,0
IWM190920P158,2019-09-17,2019-09-17 09:30:28,2.05,1.3945,183,1.97,1.3401,49,2.03,1.3809,6,2.01,1.3673,358,0
IWM190920P158,2019-09-17,2019-09-17 09:30:29,2.09,1.4217,17,2.0,1.3605,192,2.03,1.3809,6,2.045,1.3911,358,0
IWM190920P158,2019-09-17,2019-09-17 09:30:29,2.09,1.4217,150,2.0,1.3605,242,2.03,1.3809,6,2.045,1.3911,358,0
IWM190920P158,2019-09-17,2019-09-17 09:30:30,2.07,1.4081,200,2.0,1.3605,143,2.03,1.3809,6,2.035,1.3843,358,0
IWM190920P158,2019-09-17,2019-09-17 09:30:30,2.07,1.4081,251,1.97,1.3401,46,2.03,1.3809,6,2.02,1.3741,358,0
IWM190920P158,2019-09-17,2019-09-17 09:30:31,2.06,1.4013,150,1.97,1.3401,20,2.03,1.3809,6,2.015,1.3707,358,0
IWM190920P158,2019-09-17,2019-09-17 09:30:31,2.06,1.4013,150,1.97,1.3401,29,2.03,1.3809,6,2.015,1.3707,358,0
IWM190920P158,2019-09-17,2019-09-17 09:30:32,2.06,1.4013,150,1.96,1.3333,210,1.99,1.3537,10,2.01,1.3673,368,10
IWM190920P158,2019-09-17,2019-09-17 09:30:32,2.05,1.3945,150,1.94,1.3197,154,1.99,1.3537,10,1.995,1.3571,368,0
IWM190920P158,2019-09-17,2019-09-17 09:30:33,2.05,1.3945,409,1.94,1.3197,259,1.99,1.3537,10,1.995,1.3571,368,0
IWM190920P158,2019-09-17,2019-09-17 09:30:33,2.05,1.3945,223,1.94,1.3197,172,1.99,1.3537,10,1.995,1.3571,368,0
IWM190920P158,2019-09-17,2019-09-17 09:30:34,1.98,1.3469,22,1.94,1.3197,90,1.99,1.3537,10,1.96,1.3333,368,0
IWM190920P158,2019-09-17,2019-09-17 09:30:34,2.0,1.3605,23,1.94,1.3197,90,1.99,1.3537,10,1.97,1.3401,368,0
IWM190920P158,2019-09-17,2019-09-17 09:30:35,1.94,1.3197,13,1.9,1.2925,13,1.99,1.3537,10,1.92,1.3061,368,0
IWM190920P158,2019-09-17,2019-09-17 09:30:35,1.94,1.3197,13,1.9,1.2925,24,1.99,1.3537,10,1.92,1.3061,368,0
IWM190920P158,2019-09-17,2019-09-17 09:30:36,1.94,1.3197,34,1.91,1.2993,13,1.99,1.3537,10,1.925,1.3095,368,0
IWM190920P158,2019-09-17,2019-09-17 09:30:37,1.93,1.3129,107,1.89,1.2857,10,1.99,1.3537,10,1.91,1.2993,368,0
IWM190920P158,2019-09-17,2019-09-17 09:30:37,1.93,1.3129,13,1.89,1.2857,10,1.99,1.3537,10,1.91,1.2993,368,0
IWM190920P158,2019-09-17,2019-09-17 09:30:38,1.93,1.3129,22,1.89,1.2857,10,1.99,1.3537,10,1.91,1.2993,368,0
IWM190920P158,2019-09-17,2019-09-17 09:30:38,1.93,1.3129,107,1.89,1.2857,10,1.99,1.3537,10,1.91,1.2993,368,0
IWM190920P158,2019-09-17,2019-09-17 09:30:39,1.93,1.3129,49,1.9,1.2925,13,1.99,1.3537,10,1.915,1.3027,368,0
IWM190920P158,2019-09-17,2019-09-17 09:30:40,1.93,1.3129,49,1.89,1.2857,13,1.99,1.3537,10,1.91,1.2993,368,0
IWM190920P158,2019-09-17,2019-09-17 09:30:40,1.96,1.3333,13,1.9,1.2925,12,1.99,1.3537,10,1.93,1.3129,368,0
IWM190920P158,2019-09-17,2019-09-17 09:30:41,1.96,1.3333,104,1.9,1.2925,13,1.99,1.3537,10,1.93,1.3129,368,0
IWM190920P158,2019-09-17,2019-09-17 09:30:42,1.96,1.3333,104,1.92,1.3061,13,1.99,1.3537,10,1.94,1.3197,368,0
IWM190920P158,2019-09-17,2019-09-17 09:30:43,1.95,1.3265,150,1.89,1.2857,13,1.99,1.3537,10,1.92,1.3061,368,0
IWM190920P158,2019-09-17,2019-09-17 09:30:43,1.96,1.3333,13,1.89,1.2857,13,1.99,1.3537,10,1.925,1.3095,368,0
IWM190920P158,2019-09-17,2019-09-17 09:30:44,1.97,1.3401,13,1.91,1.2993,13,1.99,1.3537,10,1.94,1.3197,368,0
IWM190920P158,2019-09-17,2019-09-17 09:30:44,1.95,1.3265,32,1.89,1.2857,34,1.99,1.3537,10,1.92,1.3061,368,0
IWM190920P158,2019-09-17,2019-09-17 09:30:45,1.98,1.3469,150,1.92,1.3061,13,1.99,1.3537,10,1.95,1.3265,368,0
IWM190920P158,2019-09-17,2019-09-17 09:30:45,1.97,1.3401,13,1.94,1.3197,13,1.99,1.3537,10,1.955,1.3299,368,0
IWM190920P158,2019-09-17,2019-09-17 09:30:46,1.97,1.3401,37,1.94,1.3197,17,1.95,1.3265,2,1.955,1.3299,370,2
IWM190920P158,2019-09-17,2019-09-17 09:30:46,1.97,1.3401,37,1.94,1.3197,17,1.95,1.3265,1,1.955,1.3299,371,1
IWM190920P158,2019-09-17,2019-09-17 09:30:47,1.97,1.3401,126,1.93,1.3129,13,1.95,1.3265,1,1.95,1.3265,371,0
IWM190920P158,2019-09-17,2019-09-17 09:30:47,1.98,1.3469,150,1.94,1.3197,17,1.95,1.3265,1,1.96,1.3333,371,0
IWM190920P158,2019-09-17,2019-09-17 09:30:48,1.97,1.3401,126,1.93,1.3129,13,1.93,1.3129,1,1.95,1.3265,372,0
IWM190920P158,2019-09-17,2019-09-17 09:30:48,1.97,1.3401,126,1.93,1.3129,13,1.93,1.3129,1,1.95,1.3265,372,1
IWM190920P158,2019-09-17,2019-09-17 09:30:49,1.97,1.3401,126,1.93,1.3129,13,1.93,1.3129,1,1.95,1.3265,372,0
IWM190920P158,2019-09-17,2019-09-17 09:30:50,1.97,1.3401,70,1.93,1.3129,13,1.93,1.3129,1,1.95,1.3265,372,0
IWM190920P158,2019-09-17,2019-09-17 09:30:51,1.98,1.3469,97,1.94,1.3197,13,1.93,1.3129,1,1.96,1.3333,372,0
IWM190920P158,2019-09-17,2019-09-17 09:30:51,1.97,1.3401,70,1.94,1.3197,13,1.93,1.3129,1,1.955,1.3299,372,0
IWM190920P158,2019-09-17,2019-09-17 09:30:52,2.0,1.3605,141,1.94,1.3197,13,1.93,1.3129,1,1.97,1.3401,372,0
IWM190920P158,2019-09-17,2019-09-17 09:30:52,2.0,1.3605,141,1.94,1.3197,21,1.93,1.3129,1,1.97,1.3401,372,0
IWM190920P158,2019-09-17,2019-09-17 09:30:53,2.0,1.3605,141,1.94,1.3197,13,1.93,1.3129,1,1.97,1.3401,372,0
IWM190920P158,2019-09-17,2019-09-17 09:30:53,1.99,1.3537,119,1.94,1.3197,13,1.93,1.3129,1,1.965,1.3367,372,0
IWM190920P158,2019-09-17,2019-09-17 09:30:54,1.99,1.3537,121,1.94,1.3197,13,1.93,1.3129,1,1.965,1.3367,372,0
IWM190920P158,2019-09-17,2019-09-17 09:30:55,1.99,1.3537,121,1.94,1.3197,22,1.93,1.3129,1,1.965,1.3367,372,0
IWM190920P158,2019-09-17,2019-09-17 09:30:55,1.99,1.3537,121,1.94,1.3197,13,1.93,1.3129,1,1.965,1.3367,372,0
IWM190920P158,2019-09-17,2019-09-17 09:30:56,1.99,1.3537,194,1.93,1.3129,13,1.93,1.3129,1,1.96,1.3333,372,0
IWM190920P158,2019-09-17,2019-09-17 09:30:56,1.99,1.3537,177,1.93,1.3129,13,1.93,1.3129,1,1.96,1.3333,372,0
IWM190920P158,2019-09-17,2019-09-17 09:30:57,1.96,1.3333,13,1.92,1.3061,18,1.93,1.3129,1,1.94,1.3197,372,0
IWM190920P158,2019-09-17,2019-09-17 09:30:57,1.96,1.3333,145,1.92,1.3061,13,1.93,1.3129,1,1.94,1.3197,372,0
IWM190920P158,2019-09-17,2019-09-17 09:30:58,1.96,1.3333,58,1.92,1.3061,13,1.93,1.3129,1,1.94,1.3197,372,0
IWM190920P158,2019-09-17,2019-09-17 09:30:59,1.96,1.3333,58,1.93,1.3129,13,1.93,1.3129,1,1.945,1.3231,372,0
IWM190920P158,2019-09-17,2019-09-17 09:30:59,1.96,1.3333,60,1.93,1.3129,13,1.93,1.3129,1,1.945,1.3231,372,0
IWM190920P158,2019-09-17,2019-09-17 09:31:00,1.91,1.2993,17,1.81,1.2312,8,1.93,1.3129,1,1.86,1.2653,372,0
IWM190920P158,2019-09-17,2019-09-17 09:31:00,1.99,1.3537,99,1.81,1.2312,8,1.93,1.3129,1,1.9,1.2925,372,0
IWM190920P158,2019-09-17,2019-09-17 09:31:01,1.94,1.3197,66,1.91,1.2993,13,1.93,1.3129,1,1.925,1.3095,372,0
IWM190920P158,2019-09-17,2019-09-17 09:31:01,1.96,1.3333,13,1.91,1.2993,13,1.93,1.3129,1,1.935,1.3163,372,0
IWM190920P158,2019-09-17,2019-09-17 09:31:02,1.92,1.3061,106,1.83,1.2448,18,1.93,1.3129,1,1.875,1.2755,372,0
IWM190920P158,2019-09-17,2019-09-17 09:31:02,1.94,1.3197,68,1.91,1.2993,13,1.93,1.3129,1,1.925,1.3095,372,0
IWM190920P158,2019-09-17,2019-09-17 09:31:03,1.89,1.2857,63,1.84,1.2517,13,1.93,1.3129,1,1.865,1.2687,372,0
IWM190920P158,2019-09-17,2019-09-17 09:31:03,1.9,1.2925,13,1.85,1.2585,13,1.93,1.3129,1,1.875,1.2755,372,0
IWM190920P158,2019-09-17,2019-09-17 09:31:04,1.86,1.2653,25,1.83,1.2448,13,1.93,1.3129,1,1.845,1.2551,372,0
IWM190920P158,2019-09-17,2019-09-17 09:31:04,1.89,1.2857,25,1.84,1.2517,13,1.93,1.3129,1,1.865,1.2687,372,0
IWM190920P158,2019-09-17,2019-09-17 09:31:05,1.87,1.2721,44,1.85,1.2585,20,1.93,1.3129,1,1.86,1.2653,372,0
IWM190920P158,2019-09-17,2019-09-17 09:31:05,1.88,1.2789,67,1.84,1.2517,13,1.93,1.3129,1,1.86,1.2653,372,0
IWM190920P158,2019-09-17,2019-09-17 09:31:06,1.87,1.2721,142,1.83,1.2448,13,1.93,1.3129,1,1.85,1.2585,372,0
IWM190920P158,2019-09-17,2019-09-17 09:31:06,1.89,1.2857,85,1.83,1.2448,25,1.93,1.3129,1,1.86,1.2653,372,0
IWM190920P158,2019-09-17,2019-09-17 09:31:07,1.88,1.2789,51,1.85,1.2585,13,1.93,1.3129,1,1.865,1.2687,372,0
IWM190920P158,2019-09-17,2019-09-17 09:31:07,1.89,1.2857,92,1.85,1.2585,13,1.93,1.3129,1,1.87,1.2721,372,0
IWM190920P158,2019-09-17,2019-09-17 09:31:08,1.92,1.3061,110,1.85,1.2585,20,1.93,1.3129,1,1.885,1.2823,372,0
IWM190920P158,2019-09-17,2019-09-17 09:31:08,1.92,1.3061,13,1.85,1.2585,13,1.93,1.3129,1,1.885,1.2823,372,0
IWM190920P158,2019-09-17,2019-09-17 09:31:09,1.92,1.3061,10,1.85,1.2585,13,1.93,1.3129,1,1.885,1.2823,372,0
IWM190920P158,2019-09-17,2019-09-17 09:31:09,1.9,1.2925,69,1.86,1.2653,13,1.93,1.3129,1,1.88,1.2789,372,0
IWM190920P158,2019-09-17,2019-09-17 09:31:10,1.9,1.2925,13,1.86,1.2653,13,1.93,1.3129,1,1.88,1.2789,372,0
IWM190920P158,2019-09-17,2019-09-17 09:31:10,1.89,1.2857,19,1.86,1.2653,13,1.93,1.3129,1,1.875,1.2755,372,0
IWM190920P158,2019-09-17,2019-09-17 09:31:11,1.89,1.2857,49,1.86,1.2653,13,1.93,1.3129,1,1.875,1.2755,372,0
IWM190920P158,2019-09-17,2019-09-17 09:31:12,1.88,1.2789,77,1.84,1.2517,9,1.93,1.3129,1,1.86,1.2653,372,0
IWM190920P158,2019-09-17,2019-09-17 09:31:12,1.89,1.2857,49,1.84,1.2517,9,1.93,1.3129,1,1.865,1.2687,372,0
IWM190920P158,2019-09-17,2019-09-17 09:31:13,1.86,1.2653,22,1.83,1.2448,12,1.83,1.2448,6,1.845,1.2551,378,6
IWM190920P158,2019-09-17,2019-09-17 09:31:14,1.85,1.2585,13,1.82,1.238,13,1.83,1.2448,6,1.835,1.2482,378,0
IWM190920P158,2019-09-17,2019-09-17 09:31:14,1.86,1.2653,44,1.82,1.238,13,1.83,1.2448,6,1.84,1.2517,378,0
IWM190920P158,2019-09-17,2019-09-17 09:31:15,1.86,1.2653,25,1.83,1.2448,22,1.83,1.2448,6,1.845,1.2551,378,0
IWM190920P158,2019-09-17,2019-09-17 09:31:15,1.86,1.2653,25,1.82,1.238,13,1.83,1.2448,6,1.84,1.2517,378,0
IWM190920P158,2019-09-17,2019-09-17 09:31:16,1.86,1.2653,50,1.81,1.2312,13,1.83,1.2448,6,1.835,1.2482,378,0
IWM190920P158,2019-09-17,2019-09-17 09:31:16,1.87,1.2721,84,1.84,1.2517,13,1.83,1.2448,6,1.855,1.2619,378,0
IWM190920P158,2019-09-17,2019-09-17 09:31:17,1.85,1.2585,16,1.82,1.238,7,1.83,1.2448,6,1.835,1.2482,378,0
IWM190920P158,2019-09-17,2019-09-17 09:31:17,1.86,1.2653,13,1.81,1.2312,96,1.83,1.2448,6,1.835,1.2482,378,0
IWM190920P158,2019-09-17,2019-09-17 09:31:18,1.85,1.2585,29,1.82,1.238,20,1.83,1.2448,6,1.835,1.2482,378,0
IWM190920P158,2019-09-17,2019-09-17 09:31:18,1.85,1.2585,35,1.81,1.2312,17,1.83,1.2448,6,1.83,1.2448,378,0
IWM190920P158,2019-09-17,2019-09-17 09:31:19,1.85,1.2585,75,1.81,1.2312,17,1.83,1.2448,6,1.83,1.2448,378,0
IWM190920P158,2019-09-17,2019-09-17 09:31:20,1.84,1.2517,13,1.81,1.2312,20,1.83,1.2448,6,1.825,1.2414,378,0
IWM190920P158,2019-09-17,2019-09-17 09:31:20,1.84,1.2517,20,1.81,1.2312,13,1.83,1.2448,6,1.825,1.2414,378,0
IWM190920P158,2019-09-17,2019-09-17 09:31:21,1.83,1.2448,47,1.79,1.2176,20,1.83,1.2448,6,1.81,1.2312,378,0
IWM190920P158,2019-09-17,2019-09-17 09:31:21,1.84,1.2517,20,1.81,1.2312,13,1.83,1.2448,6,1.825,1.2414,378,0
IWM190920P158,2019-09-17,2019-09-17 09:31:22,1.83,1.2448,31,1.79,1.2176,25,1.83,1.2448,6,1.81,1.2312,378,0
IWM190920P158,2019-09-17,2019-09-17 09:31:22,1.83,1.2448,31,1.79,1.2176,20,1.83,1.2448,6,1.81,1.2312,378,0
IWM190920P158,2019-09-17,2019-09-17 09:31:23,1.91,1.2993,64,1.8,1.2244,13,1.83,1.2448,6,1.855,1.2619,378,0
IWM190920P158,2019-09-17,2019-09-17 09:31:23,1.84,1.2517,13,1.81,1.2312,13,1.83,1.2448,6,1.825,1.2414,378,0
IWM190920P158,2019-09-17,2019-09-17 09:31:24,1.84,1.2517,13,1.81,1.2312,25,1.83,1.2448,6,1.825,1.2414,378,0
IWM190920P158,2019-09-17,2019-09-17 09:31:24,1.86,1.2653,15,1.82,1.238,18,1.83,1.2448,6,1.84,1.2517,378,0
IWM190920P158,2019-09-17,2019-09-17 09:31:25,1.85,1.2585,13,1.82,1.238,17,1.83,1.2448,6,1.835,1.2482,378,0
IWM190920P158,2019-09-17,2019-09-17 09:31:25,1.85,1.2585,15,1.82,1.238,17,1.83,1.2448,6,1.835,1.2482,378,0
IWM190920P158,2019-09-17,2019-09-17 09:31:26,1.79,1.2176,13,1.77,1.204,20,1.83,1.2448,6,1.78,1.2108,378,0
IWM190920P158,2019-09-17,2019-09-17 09:31:26,1.79,1.2176,15,1.75,1.1904,25,1.83,1.2448,6,1.77,1.204,378,0
IWM190920P158,2019-09-17,2019-09-17 09:31:27,1.78,1.2108,13,1.75,1.1904,26,1.83,1.2448,6,1.765,1.2006,378,0
IWM190920P158,2019-09-17,2019-09-17 09:31:28,1.86,1.2653,122,1.75,1.1904,20,1.83,1.2448,6,1.805,1.2278,378,0
IWM190920P158,2019-09-17,2019-09-17 09:31:28,1.8,1.2244,15,1.76,1.1972,12,1.83,1.2448,6,1.78,1.2108,378,0
IWM190920P158,2019-09-17,2019-09-17 09:31:29,1.83,1.2448,62,1.76,1.1972,113,1.83,1.2448,6,1.795,1.221,378,0
IWM190920P158,2019-09-17,2019-09-17 09:31:29,1.82,1.238,16,1.79,1.2176,20,1.83,1.2448,6,1.805,1.2278,378,0
IWM190920P158,2019-09-17,2019-09-17 09:31:30,1.8,1.2244,13,1.77,1.204,33,1.83,1.2448,6,1.785,1.2142,378,0
IWM190920P158,2019-09-17,2019-09-17 09:31:31,1.81,1.2312,19,1.77,1.204,23,1.83,1.2448,6,1.79,1.2176,378,0
IWM190920P158,2019-09-17,2019-09-17 09:31:31,1.82,1.238,14,1.78,1.2108,23,1.83,1.2448,6,1.8,1.2244,378,0
IWM190920P158,2019-09-17,2019-09-17 09:31:32,1.8,1.2244,15,1.78,1.2108,13,1.83,1.2448,6,1.79,1.2176,378,0
IWM190920P158,2019-09-17,2019-09-17 09:31:32,1.82,1.238,13,1.78,1.2108,23,1.83,1.2448,6,1.8,1.2244,378,0
IWM190920P158,2019-09-17,2019-09-17 09:31:33,1.81,1.2312,28,1.78,1.2108,13,1.83,1.2448,6,1.795,1.221,378,0
IWM190920P158,2019-09-17,2019-09-17 09:31:33,1.83,1.2448,13,1.78,1.2108,13,1.83,1.2448,6,1.805,1.2278,378,0
IWM190920P158,2019-09-17,2019-09-17 09:31:34,1.83,1.2448,14,1.81,1.2312,13,1.83,1.2448,6,1.82,1.238,378,0
IWM190920P158,2019-09-17,2019-09-17 09:31:34,1.82,1.238,2,1.79,1.2176,23,1.83,1.2448,6,1.805,1.2278,378,0
IWM190920P158,2019-09-17,2019-09-17 09:31:35,1.83,1.2448,18,1.8,1.2244,131,1.82,1.238,15,1.815,1.2346,393,15
IWM190920P158,2019-09-17,2019-09-17 09:31:35,1.84,1.2517,13,1.81,1.2312,13,1.83,1.2448,6,1.825,1.2414,378,0
IWM190920P158,2019-09-17,2019-09-17 09:31:36,1.84,1.2517,21,1.8,1.2244,13,1.82,1.238,15,1.82,1.238,393,0
IWM190920P158,2019-09-17,2019-09-17 09:31:36,1.81,1.2312,13,1.78,1.2108,23,1.82,1.238,15,1.795,1.221,393,0
IWM190920P158,2019-09-17,2019-09-17 09:31:37,1.82,1.238,17,1.79,1.2176,34,1.82,1.238,15,1.805,1.2278,393,0
IWM190920P158,2019-09-17,2019-09-17 09:31:37,1.82,1.238,17,1.79,1.2176,24,1.82,1.238,15,1.805,1.2278,393,0
IWM190920P158,2019-09-17,2019-09-17 09:31:38,1.82,1.238,17,1.79,1.2176,44,1.82,1.238,15,1.805,1.2278,393,0
IWM190920P158,2019-09-17,2019-09-17 09:31:38,1.83,1.2448,32,1.79,1.2176,17,1.82,1.238,15,1.81,1.2312,393,0
IWM190920P158,2019-09-17,2019-09-17 09:31:39,1.82,1.238,13,1.79,1.2176,19,1.82,1.238,15,1.805,1.2278,393,0
IWM190920P158,2019-09-17,2019-09-17 09:31:39,1.82,1.238,13,1.79,1.2176,34,1.82,1.238,15,1.805,1.2278,393,0
IWM190920P158,2019-09-17,2019-09-17 09:31:40,1.82,1.238,19,1.79,1.2176,29,1.82,1.238,15,1.805,1.2278,393,0
IWM190920P158,2019-09-17,2019-09-17 09:31:40,1.82,1.238,19,1.78,1.2108,22,1.81,1.2312,1,1.8,1.2244,399,6
IWM190920P158,2019-09-17,2019-09-17 09:31:41,1.81,1.2312,35,1.78,1.2108,23,1.81,1.2312,1,1.795,1.221,399,0
IWM190920P158,2019-09-17,2019-09-17 09:31:41,1.81,1.2312,13,1.79,1.2176,13,1.81,1.2312,1,1.8,1.2244,399,0
IWM190920P158,2019-09-17,2019-09-17 09:31:42,1.81,1.2312,13,1.78,1.2108,15,1.81,1.2312,1,1.795,1.221,399,0
IWM190920P158,2019-09-17,2019-09-17 09:31:42,1.81,1.2312,56,1.78,1.2108,21,1.81,1.2312,1,1.795,1.221,399,0
IWM190920P158,2019-09-17,2019-09-17 09:31:43,1.81,1.2312,14,1.78,1.2108,23,1.81,1.2312,1,1.795,1.221,399,0
IWM190920P158,2019-09-17,2019-09-17 09:31:43,1.81,1.2312,25,1.78,1.2108,23,1.81,1.2312,1,1.795,1.221,399,0
IWM190920P158,2019-09-17,2019-09-17 09:31:44,1.8,1.2244,19,1.77,1.204,70,1.81,1.2312,1,1.785,1.2142,399,0
IWM190920P158,2019-09-17,2019-09-17 09:31:44,1.8,1.2244,14,1.77,1.204,19,1.81,1.2312,1,1.785,1.2142,399,0
IWM190920P158,2019-09-17,2019-09-17 09:31:45,1.81,1.2312,13,1.78,1.2108,17,1.81,1.2312,1,1.795,1.221,399,0
IWM190920P158,2019-09-17,2019-09-17 09:31:45,1.8,1.2244,13,1.77,1.204,70,1.81,1.2312,1,1.785,1.2142,399,0
IWM190920P158,2019-09-17,2019-09-17 09:31:46,1.81,1.2312,13,1.78,1.2108,24,1.81,1.2312,1,1.795,1.221,399,0
IWM190920P158,2019-09-17,2019-09-17 09:31:47,1.81,1.2312,13,1.8,1.2244,13,1.81,1.2312,1,1.805,1.2278,399,0
IWM190920P158,2019-09-17,2019-09-17 09:31:47,1.82,1.238,13,1.79,1.2176,29,1.81,1.2312,1,1.805,1.2278,399,0
IWM190920P158,2019-09-17,2019-09-17 09:31:48,1.81,1.2312,14,1.79,1.2176,22,1.81,1.2312,1,1.8,1.2244,399,0
IWM190920P158,2019-09-17,2019-09-17 09:31:48,1.83,1.2448,23,1.79,1.2176,13,1.81,1.2312,1,1.81,1.2312,399,0
IWM190920P158,2019-09-17,2019-09-17 09:31:49,1.81,1.2312,26,1.78,1.2108,29,1.81,1.2312,1,1.795,1.221,399,0
IWM190920P158,2019-09-17,2019-09-17 09:31:49,1.81,1.2312,14,1.79,1.2176,17,1.81,1.2312,1,1.8,1.2244,399,0
IWM190920P158,2019-09-17,2019-09-17 09:31:50,1.83,1.2448,28,1.8,1.2244,20,1.82,1.238,3,1.815,1.2346,408,4
IWM190920P158,2019-09-17,2019-09-17 09:31:50,1.82,1.238,13,1.8,1.2244,1,1.81,1.2312,2,1.81,1.2312,404,5
IWM190920P158,2019-09-17,2019-09-17 09:31:51,1.82,1.238,13,1.79,1.2176,13,1.82,1.238,3,1.805,1.2278,408,0
IWM190920P158,2019-09-17,2019-09-17 09:31:51,1.81,1.2312,25,1.78,1.2108,18,1.82,1.238,3,1.795,1.221,408,0
IWM190920P158,2019-09-17,2019-09-17 09:31:52,1.81,1.2312,42,1.78,1.2108,62,1.82,1.238,3,1.795,1.221,408,0
IWM190920P158,2019-09-17,2019-09-17 09:31:52,1.81,1.2312,13,1.78,1.2108,47,1.82,1.238,3,1.795,1.221,408,0
IWM190920P158,2019-09-17,2019-09-17 09:31:53,1.82,1.238,23,1.78,1.2108,26,1.82,1.238,3,1.8,1.2244,408,0
IWM190920P158,2019-09-17,2019-09-17 09:31:53,1.82,1.238,29,1.79,1.2176,21,1.82,1.238,3,1.805,1.2278,408,0
IWM190920P158,2019-09-17,2019-09-17 09:31:54,1.82,1.238,13,1.79,1.2176,20,1.82,1.238,3,1.805,1.2278,408,0
IWM190920P158,2019-09-17,2019-09-17 09:31:54,1.81,1.2312,23,1.78,1.2108,26,1.82,1.238,3,1.795,1.221,408,0
IWM190920P158,2019-09-17,2019-09-17 09:31:55,1.81,1.2312,14,1.79,1.2176,17,1.82,1.238,3,1.8,1.2244,408,0
IWM190920P158,2019-09-17,2019-09-17 09:31:55,1.82,1.238,59,1.79,1.2176,24,1.82,1.238,3,1.805,1.2278,408,0
IWM190920P158,2019-09-17,2019-09-17 09:31:56,1.82,1.238,14,1.79,1.2176,26,1.82,1.238,3,1.805,1.2278,408,0
IWM190920P158,2019-09-17,2019-09-17 09:31:56,1.82,1.238,14,1.79,1.2176,81,1.82,1.238,3,1.805,1.2278,408,0
IWM190920P158,2019-09-17,2019-09-17 09:31:57,1.81,1.2312,14,1.79,1.2176,35,1.82,1.238,3,1.8,1.2244,408,0
IWM190920P158,2019-09-17,2019-09-17 09:31:58,1.81,1.2312,13,1.78,1.2108,14,1.82,1.238,3,1.795,1.221,408,0
IWM190920P158,2019-09-17,2019-09-17 09:31:58,1.81,1.2312,14,1.78,1.2108,21,1.82,1.238,3,1.795,1.221,408,0
IWM190920P158,2019-09-17,2019-09-17 09:31:59,1.81,1.2312,14,1.78,1.2108,1,1.82,1.238,3,1.795,1.221,408,0
IWM190920P158,2019-09-17,2019-09-17 09:31:59,1.81,1.2312,14,1.78,1.2108,20,1.82,1.238,3,1.795,1.221,408,0
IWM190920P158,2019-09-17,2019-09-17 09:32:00,1.91,1.2993,13,1.78,1.2108,16,1.79,1.2176,1,1.845,1.2551,418,10
IWM190920P158,2019-09-17,2019-09-17 09:32:00,1.79,1.2176,17,1.76,1.1972,28,1.82,1.238,3,1.775,1.2074,408,0
IWM190920P158,2019-09-17,2019-09-17 09:32:01,1.83,1.2448,25,1.8,1.2244,17,1.79,1.2176,1,1.815,1.2346,418,0
IWM190920P158,2019-09-17,2019-09-17 09:32:01,1.83,1.2448,38,1.8,1.2244,4,1.79,1.2176,1,1.815,1.2346,418,0
IWM190920P158,2019-09-17,2019-09-17 09:32:02,1.82,1.238,54,1.79,1.2176,25,1.79,1.2176,1,1.805,1.2278,418,0
IWM190920P158,2019-09-17,2019-09-17 09:32:03,1.81,1.2312,40,1.79,1.2176,25,1.79,1.2176,1,1.8,1.2244,418,0
IWM190920P158,2019-09-17,2019-09-17 09:32:03,1.8,1.2244,43,1.78,1.2108,17,1.79,1.2176,1,1.79,1.2176,418,0
IWM190920P158,2019-09-17,2019-09-17 09:32:04,1.8,1.2244,13,1.77,1.204,17,1.8,1.2244,12,1.785,1.2142,430,12
IWM190920P158,2019-09-17,2019-09-17 09:32:04,1.8,1.2244,70,1.77,1.204,17,1.8,1.2244,12,1.785,1.2142,430,0
IWM190920P158,2019-09-17,2019-09-17 09:32:05,1.79,1.2176,50,1.76,1.1972,38,1.8,1.2244,12,1.775,1.2074,430,0
IWM190920P158,2019-09-17,2019-09-17 09:32:05,1.77,1.204,25,1.75,1.1904,6,1.8,1.2244,12,1.76,1.1972,430,0
IWM190920P158,2019-09-17,2019-09-17 09:32:06,1.77,1.204,44,1.74,1.1836,29,1.8,1.2244,12,1.755,1.1938,430,0
IWM190920P158,2019-09-17,2019-09-17 09:32:06,1.77,1.204,44,1.75,1.1904,7,1.8,1.2244,12,1.76,1.1972,430,0
IWM190920P158,2019-09-17,2019-09-17 09:32:07,1.8,1.2244,13,1.75,1.1904,67,1.77,1.204,15,1.775,1.2074,462,0
IWM190920P158,2019-09-17,2019-09-17 09:32:07,1.81,1.2312,13,1.76,1.1972,13,1.77,1.204,15,1.785,1.2142,462,32
IWM190920P158,2019-09-17,2019-09-17 09:32:08,1.78,1.2108,13,1.75,1.1904,77,1.77,1.204,15,1.765,1.2006,462,0
IWM190920P158,2019-09-17,2019-09-17 09:32:08,1.77,1.204,13,1.75,1.1904,3,1.77,1.204,15,1.76,1.1972,462,0
IWM190920P158,2019-09-17,2019-09-17 09:32:09,1.81,1.2312,26,1.74,1.1836,22,1.77,1.204,15,1.775,1.2074,462,0
IWM190920P158,2019-09-17,2019-09-17 09:32:09,1.76,1.1972,13,1.73,1.1768,19,1.77,1.204,15,1.745,1.187,462,0
IWM190920P158,2019-09-17,2019-09-17 09:32:10,1.79,1.2176,13,1.74,1.1836,15,1.77,1.204,15,1.765,1.2006,462,0
IWM190920P158,2019-09-17,2019-09-17 09:32:10,1.77,1.204,13,1.74,1.1836,20,1.77,1.204,15,1.755,1.1938,462,0
IWM190920P158,2019-09-17,2019-09-17 09:32:11,1.76,1.1972,13,1.74,1.1836,20,1.77,1.204,15,1.75,1.1904,462,0
IWM190920P158,2019-09-17,2019-09-17 09:32:11,1.77,1.204,13,1.74,1.1836,13,1.77,1.204,15,1.755,1.1938,462,0
IWM190920P158,2019-09-17,2019-09-17 09:32:12,1.78,1.2108,26,1.72,1.17,29,1.77,1.204,15,1.75,1.1904,462,0
IWM190920P158,2019-09-17,2019-09-17 09:32:12,1.77,1.204,13,1.74,1.1836,20,1.77,1.204,15,1.755,1.1938,462,0
IWM190920P158,2019-09-17,2019-09-17 09:32:13,1.74,1.1836,13,1.7,1.1564,29,1.77,1.204,15,1.72,1.17,462,0
IWM190920P158,2019-09-17,2019-09-17 09:32:13,1.74,1.1836,13,1.71,1.1632,24,1.77,1.204,15,1.725,1.1734,462,0
IWM190920P158,2019-09-17,2019-09-17 09:32:14,1.74,1.1836,13,1.71,1.1632,38,1.77,1.204,15,1.725,1.1734,462,0
IWM190920P158,2019-09-17,2019-09-17 09:32:14,1.74,1.1836,13,1.71,1.1632,28,1.77,1.204,15,1.725,1.1734,462,0
IWM190920P158,2019-09-17,2019-09-17 09:32:15,1.78,1.2108,20,1.73,1.1768,4,1.77,1.204,15,1.755,1.1938,462,0
IWM190920P158,2019-09-17,2019-09-17 09:32:15,1.76,1.1972,14,1.72,1.17,23,1.77,1.204,15,1.74,1.1836,462,0
IWM190920P158,2019-09-17,2019-09-17 09:32:16,1.77,1.204,42,1.74,1.1836,15,1.77,1.204,15,1.755,1.1938,462,0
IWM190920P158,2019-09-17,2019-09-17 09:32:16,1.77,1.204,42,1.73,1.1768,41,1.77,1.204,15,1.75,1.1904,462,0
IWM190920P158,2019-09-17,2019-09-17 09:32:17,1.77,1.204,31,1.74,1.1836,27,1.77,1.204,15,1.755,1.1938,462,0
IWM190920P158,2019-09-17,2019-09-17 09:32:17,1.77,1.204,25,1.74,1.1836,22,1.77,1.204,15,1.755,1.1938,462,0
IWM190920P158,2019-09-17,2019-09-17 09:32:18,1.79,1.2176,25,1.76,1.1972,16,1.77,1.204,15,1.775,1.2074,462,0
IWM190920P158,2019-09-17,2019-09-17 09:32:18,1.78,1.2108,25,1.74,1.1836,27,1.77,1.204,15,1.76,1.1972,462,0
IWM190920P158,2019-09-17,2019-09-17 09:32:19,1.79,1.2176,25,1.76,1.1972,43,1.77,1.204,15,1.775,1.2074,462,0
IWM190920P158,2019-09-17,2019-09-17 09:32:20,1.79,1.2176,20,1.76,1.1972,43,1.77,1.204,15,1.775,1.2074,462,0
IWM190920P158,2019-09-17,2019-09-17 09:32:20,1.79,1.2176,25,1.76,1.1972,43,1.77,1.204,15,1.775,1.2074,462,0
IWM190920P158,2019-09-17,2019-09-17 09:32:21,1.79,1.2176,20,1.76,1.1972,74,1.78,1.2108,1,1.775,1.2074,466,4
IWM190920P158,2019-09-17,2019-09-17 09:32:21,1.78,1.2108,14,1.76,1.1972,82,1.78,1.2108,1,1.77,1.204,466,0
IWM190920P158,2019-09-17,2019-09-17 09:32:22,1.79,1.2176,77,1.76,1.1972,56,1.78,1.2108,1,1.775,1.2074,466,0
IWM190920P158,2019-09-17,2019-09-17 09:32:22,1.79,1.2176,77,1.76,1.1972,67,1.78,1.2108,1,1.775,1.2074,466,0
IWM190920P158,2019-09-17,2019-09-17 09:32:23,1.79,1.2176,77,1.76,1.1972,56,1.79,1.2176,1,1.775,1.2074,483,17
IWM190920P158,2019-09-17,2019-09-17 09:32:23,1.8,1.2244,33,1.77,1.204,30,1.79,1.2176,1,1.785,1.2142,483,0
IWM190920P158,2019-09-17,2019-09-17 09:32:24,1.8,1.2244,13,1.77,1.204,21,1.79,1.2176,1,1.785,1.2142,483,0
IWM190920P158,2019-09-17,2019-09-17 09:32:25,1.8,1.2244,13,1.77,1.204,32,1.79,1.2176,1,1.785,1.2142,483,0
IWM190920P158,2019-09-17,2019-09-17 09:32:26,1.8,1.2244,29,1.77,1.204,29,1.79,1.2176,1,1.785,1.2142,483,0
IWM190920P158,2019-09-17,2019-09-17 09:32:26,1.81,1.2312,25,1.78,1.2108,25,1.79,1.2176,1,1.795,1.221,483,0
IWM190920P158,2019-09-17,2019-09-17 09:32:27,1.85,1.2585,51,1.8,1.2244,45,1.81,1.2312,12,1.825,1.2414,495,12
IWM190920P158,2019-09-17,2019-09-17 09:32:27,1.81,1.2312,25,1.79,1.2176,17,1.79,1.2176,1,1.8,1.2244,483,0
IWM190920P158,2019-09-17,2019-09-17 09:32:28,1.84,1.2517,20,1.8,1.2244,56,1.81,1.2312,12,1.82,1.238,495,0
IWM190920P158,2019-09-17,2019-09-17 09:32:28,1.83,1.2448,13,1.79,1.2176,48,1.81,1.2312,12,1.81,1.2312,495,0
IWM190920P158,2019-09-17,2019-09-17 09:32:29,1.83,1.2448,22,1.8,1.2244,4,1.81,1.2312,12,1.815,1.2346,495,0
IWM190920P158,2019-09-17,2019-09-17 09:32:30,1.85,1.2585,20,1.79,1.2176,39,1.81,1.2312,12,1.82,1.238,495,0
IWM190920P158,2019-09-17,2019-09-17 09:32:30,1.82,1.238,13,1.79,1.2176,39,1.81,1.2312,12,1.805,1.2278,495,0
IWM190920P158,2019-09-17,2019-09-17 09:32:31,1.83,1.2448,13,1.81,1.2312,15,1.81,1.2312,12,1.82,1.238,495,0
IWM190920P158,2019-09-17,2019-09-17 09:32:31,1.85,1.2585,13,1.81,1.2312,15,1.81,1.2312,12,1.83,1.2448,495,0
IWM190920P158,2019-09-17,2019-09-17 09:32:32,1.83,1.2448,13,1.81,1.2312,33,1.81,1.2312,12,1.82,1.238,495,0
IWM190920P158,2019-09-17,2019-09-17 09:32:32,1.83,1.2448,13,1.81,1.2312,4,1.81,1.2312,12,1.82,1.238,495,0
IWM190920P158,2019-09-17,2019-09-17 09:32:33,1.84,1.2517,40,1.81,1.2312,43,1.81,1.2312,12,1.825,1.2414,495,0
IWM190920P158,2019-09-17,2019-09-17 09:32:33,1.85,1.2585,61,1.82,1.238,38,1.81,1.2312,12,1.835,1.2482,495,0
IWM190920P158,2019-09-17,2019-09-17 09:32:34,1.86,1.2653,68,1.83,1.2448,33,1.81,1.2312,12,1.845,1.2551,495,0
IWM190920P158,2019-09-17,2019-09-17 09:32:35,1.86,1.2653,68,1.83,1.2448,42,1.81,1.2312,12,1.845,1.2551,495,0
IWM190920P158,2019-09-17,2019-09-17 09:32:36,1.86,1.2653,68,1.83,1.2448,42,1.81,1.2312,12,1.845,1.2551,495,0
IWM190920P158,2019-09-17,2019-09-17 09:32:36,1.86,1.2653,68,1.83,1.2448,22,1.81,1.2312,12,1.845,1.2551,495,0
IWM190920P158,2019-09-17,2019-09-17 09:32:37,1.86,1.2653,42,1.83,1.2448,22,1.81,1.2312,12,1.845,1.2551,495,0
IWM190920P158,2019-09-17,2019-09-17 09:32:38,1.86,1.2653,42,1.83,1.2448,23,1.81,1.2312,12,1.845,1.2551,495,0
IWM190920P158,2019-09-17,2019-09-17 09:32:38,1.86,1.2653,57,1.83,1.2448,22,1.81,1.2312,12,1.845,1.2551,495,0
IWM190920P158,2019-09-17,2019-09-17 09:32:39,1.86,1.2653,57,1.83,1.2448,2,1.81,1.2312,12,1.845,1.2551,495,0
IWM190920P158,2019-09-17,2019-09-17 09:32:39,1.86,1.2653,57,1.83,1.2448,22,1.81,1.2312,12,1.845,1.2551,495,0
IWM190920P158,2019-09-17,2019-09-17 09:32:40,1.85,1.2585,25,1.81,1.2312,22,1.81,1.2312,12,1.83,1.2448,495,0
IWM190920P158,2019-09-17,2019-09-17 09:32:40,1.85,1.2585,13,1.81,1.2312,22,1.81,1.2312,12,1.83,1.2448,495,0
IWM190920P158,2019-09-17,2019-09-17 09:32:41,1.86,1.2653,63,1.83,1.2448,30,1.81,1.2312,12,1.845,1.2551,495,0
IWM190920P158,2019-09-17,2019-09-17 09:32:41,1.84,1.2517,13,1.81,1.2312,19,1.81,1.2312,12,1.825,1.2414,495,0
IWM190920P158,2019-09-17,2019-09-17 09:32:42,1.85,1.2585,50,1.82,1.238,22,1.81,1.2312,12,1.835,1.2482,495,0
IWM190920P158,2019-09-17,2019-09-17 09:32:42,1.84,1.2517,25,1.81,1.2312,19,1.81,1.2312,12,1.825,1.2414,495,0
IWM190920P158,2019-09-17,2019-09-17 09:32:43,1.85,1.2585,50,1.82,1.238,20,1.81,1.2312,12,1.835,1.2482,495,0
IWM190920P158,2019-09-17,2019-09-17 09:32:43,1.85,1.2585,50,1.83,1.2448,10,1.81,1.2312,12,1.84,1.2517,495,0
IWM190920P158,2019-09-17,2019-09-17 09:32:44,1.85,1.2585,50,1.82,1.238,6,1.81,1.2312,12,1.835,1.2482,495,0
IWM190920P158,2019-09-17,2019-09-17 09:32:44,1.84,1.2517,25,1.82,1.238,6,1.81,1.2312,12,1.83,1.2448,495,0
IWM190920P158,2019-09-17,2019-09-17 09:32:45,1.85,1.2585,50,1.82,1.238,29,1.81,1.2312,12,1.835,1.2482,495,0
IWM190920P158,2019-09-17,2019-09-17 09:32:45,1.85,1.2585,50,1.82,1.238,22,1.81,1.2312,12,1.835,1.2482,495,0
IWM190920P158,2019-09-17,2019-09-17 09:32:46,1.85,1.2585,50,1.82,1.238,29,1.81,1.2312,12,1.835,1.2482,495,0
IWM190920P158,2019-09-17,2019-09-17 09:32:46,1.85,1.2585,93,1.82,1.238,29,1.81,1.2312,12,1.835,1.2482,495,0
IWM190920P158,2019-09-17,2019-09-17 09:32:47,1.85,1.2585,93,1.82,1.238,29,1.81,1.2312,12,1.835,1.2482,495,0
IWM190920P158,2019-09-17,2019-09-17 09:32:48,1.87,1.2721,23,1.85,1.2585,5,1.81,1.2312,12,1.86,1.2653,495,0
IWM190920P158,2019-09-17,2019-09-17 09:32:48,1.87,1.2721,23,1.85,1.2585,10,1.81,1.2312,12,1.86,1.2653,495,0
IWM190920P158,2019-09-17,2019-09-17 09:32:49,1.87,1.2721,38,1.84,1.2517,37,1.81,1.2312,12,1.855,1.2619,495,0
IWM190920P158,2019-09-17,2019-09-17 09:32:49,1.87,1.2721,38,1.84,1.2517,24,1.81,1.2312,12,1.855,1.2619,495,0
IWM190920P158,2019-09-17,2019-09-17 09:32:50,1.87,1.2721,38,1.84,1.2517,37,1.81,1.2312,12,1.855,1.2619,495,0
IWM190920P158,2019-09-17,2019-09-17 09:32:50,1.87,1.2721,25,1.84,1.2517,108,1.81,1.2312,12,1.855,1.2619,495,0
IWM190920P158,2019-09-17,2019-09-17 09:32:51,1.87,1.2721,10,1.83,1.2448,10,1.81,1.2312,12,1.85,1.2585,495,0
IWM190920P158,2019-09-17,2019-09-17 09:32:51,1.85,1.2585,50,1.82,1.238,16,1.81,1.2312,12,1.835,1.2482,495,0
IWM190920P158,2019-09-17,2019-09-17 09:32:52,1.89,1.2857,25,1.86,1.2653,13,1.81,1.2312,12,1.875,1.2755,495,0
IWM190920P158,2019-09-17,2019-09-17 09:32:52,1.91,1.2993,16,1.84,1.2517,40,1.81,1.2312,12,1.875,1.2755,495,0
IWM190920P158,2019-09-17,2019-09-17 09:32:53,1.89,1.2857,10,1.87,1.2721,26,1.81,1.2312,12,1.88,1.2789,495,0
IWM190920P158,2019-09-17,2019-09-17 09:32:53,1.9,1.2925,25,1.86,1.2653,26,1.81,1.2312,12,1.88,1.2789,495,0
IWM190920P158,2019-09-17,2019-09-17 09:32:54,1.89,1.2857,23,1.87,1.2721,10,1.81,1.2312,12,1.88,1.2789,495,0
IWM190920P158,2019-09-17,2019-09-17 09:32:55,1.88,1.2789,13,1.86,1.2653,3,1.81,1.2312,12,1.87,1.2721,495,0
IWM190920P158,2019-09-17,2019-09-17 09:32:55,1.88,1.2789,43,1.86,1.2653,2,1.81,1.2312,12,1.87,1.2721,495,0
IWM190920P158,2019-09-17,2019-09-17 09:32:56,1.96,1.3333,150,1.86,1.2653,155,1.81,1.2312,12,1.91,1.2993,495,0
IWM190920P158,2019-09-17,2019-09-17 09:32:56,1.97,1.3401,35,1.87,1.2721,13,1.81,1.2312,12,1.92,1.3061,495,0
IWM190920P158,2019-09-17,2019-09-17 09:32:57,1.94,1.3197,25,1.88,1.2789,13,1.81,1.2312,12,1.91,1.2993,495,0
IWM190920P158,2019-09-17,2019-09-17 09:32:58,1.91,1.2993,24,1.88,1.2789,22,1.81,1.2312,12,1.895,1.2891,495,0
IWM190920P158,2019-09-17,2019-09-17 09:32:58,1.91,1.2993,54,1.88,1.2789,22,1.81,1.2312,12,1.895,1.2891,495,0
IWM190920P158,2019-09-17,2019-09-17 09:32:59,1.91,1.2993,70,1.89,1.2857,1,1.81,1.2312,12,1.9,1.2925,495,0
IWM190920P158,2019-09-17,2019-09-17 09:32:59,1.91,1.2993,60,1.88,1.2789,13,1.81,1.2312,12,1.895,1.2891,495,0
IWM190920P158,2019-09-17,2019-09-17 09:33:00,1.9,1.2925,48,1.87,1.2721,26,1.81,1.2312,12,1.885,1.2823,495,0
IWM190920P158,2019-09-17,2019-09-17 09:33:00,1.9,1.2925,48,1.88,1.2789,10,1.81,1.2312,12,1.89,1.2857,495,0
IWM190920P158,2019-09-17,2019-09-17 09:33:01,1.91,1.2993,36,1.88,1.2789,28,1.81,1.2312,12,1.895,1.2891,495,0
IWM190920P158,2019-09-17,2019-09-17 09:33:01,1.91,1.2993,13,1.89,1.2857,2,1.81,1.2312,12,1.9,1.2925,495,0
IWM190920P158,2019-09-17,2019-09-17 09:33:02,1.93,1.3129,25,1.9,1.2925,17,1.81,1.2312,12,1.915,1.3027,495,0
IWM190920P158,2019-09-17,2019-09-17 09:33:02,1.92,1.3061,91,1.9,1.2925,17,1.81,1.2312,12,1.91,1.2993,495,0
IWM190920P158,2019-09-17,2019-09-17 09:33:03,1.92,1.3061,49,1.9,1.2925,23,1.81,1.2312,12,1.91,1.2993,495,0
IWM190920P158,2019-09-17,2019-09-17 09:33:03,1.92,1.3061,11,1.9,1.2925,23,1.81,1.2312,12,1.91,1.2993,495,0
IWM190920P158,2019-09-17,2019-09-17 09:33:04,1.95,1.3265,13,1.92,1.3061,3,1.81,1.2312,12,1.935,1.3163,495,0
IWM190920P158,2019-09-17,2019-09-17 09:33:04,1.95,1.3265,96,1.93,1.3129,10,1.81,1.2312,12,1.94,1.3197,495,0
IWM190920P158,2019-09-17,2019-09-17 09:33:05,1.95,1.3265,59,1.92,1.3061,7,1.81,1.2312,12,1.935,1.3163,495,0
IWM190920P158,2019-09-17,2019-09-17 09:33:05,1.94,1.3197,42,1.91,1.2993,49,1.81,1.2312,12,1.925,1.3095,495,0
IWM190920P158,2019-09-17,2019-09-17 09:33:06,1.96,1.3333,25,1.93,1.3129,24,1.81,1.2312,12,1.945,1.3231,495,0
IWM190920P158,2019-09-17,2019-09-17 09:33:06,1.97,1.3401,35,1.93,1.3129,24,1.81,1.2312,12,1.95,1.3265,495,0
IWM190920P158,2019-09-17,2019-09-17 09:33:07,1.96,1.3333,47,1.94,1.3197,23,1.81,1.2312,12,1.95,1.3265,495,0
IWM190920P158,2019-09-17,2019-09-17 09:33:07,1.97,1.3401,83,1.94,1.3197,23,1.81,1.2312,12,1.955,1.3299,495,0
IWM190920P158,2019-09-17,2019-09-17 09:33:08,1.96,1.3333,47,1.94,1.3197,23,1.81,1.2312,12,1.95,1.3265,495,0
IWM190920P158,2019-09-17,2019-09-17 09:33:08,1.96,1.3333,47,1.94,1.3197,24,1.81,1.2312,12,1.95,1.3265,495,0
IWM190920P158,2019-09-17,2019-09-17 09:33:09,1.95,1.3265,58,1.92,1.3061,25,1.81,1.2312,12,1.935,1.3163,495,0
IWM190920P158,2019-09-17,2019-09-17 09:33:09,1.96,1.3333,65,1.94,1.3197,24,1.81,1.2312,12,1.95,1.3265,495,0
IWM190920P158,2019-09-17,2019-09-17 09:33:10,1.94,1.3197,47,1.92,1.3061,10,1.81,1.2312,12,1.93,1.3129,495,0
IWM190920P158,2019-09-17,2019-09-17 09:33:10,1.95,1.3265,58,1.92,1.3061,25,1.81,1.2312,12,1.935,1.3163,495,0
IWM190920P158,2019-09-17,2019-09-17 09:33:11,1.94,1.3197,59,1.92,1.3061,8,1.81,1.2312,12,1.93,1.3129,495,0
IWM190920P158,2019-09-17,2019-09-17 09:33:11,1.94,1.3197,47,1.92,1.3061,10,1.81,1.2312,12,1.93,1.3129,495,0
IWM190920P158,2019-09-17,2019-09-17 09:33:12,1.94,1.3197,78,1.92,1.3061,12,1.92,1.3061,1,1.93,1.3129,496,0
IWM190920P158,2019-09-17,2019-09-17 09:33:12,1.94,1.3197,78,1.92,1.3061,8,1.92,1.3061,1,1.93,1.3129,496,1
IWM190920P158,2019-09-17,2019-09-17 09:33:13,1.92,1.3061,40,1.88,1.2789,17,1.92,1.3061,1,1.9,1.2925,496,0
IWM190920P158,2019-09-17,2019-09-17 09:33:13,1.93,1.3129,74,1.91,1.2993,16,1.92,1.3061,1,1.92,1.3061,496,0
IWM190920P158,2019-09-17,2019-09-17 09:33:14,1.9,1.2925,25,1.88,1.2789,25,1.92,1.3061,1,1.89,1.2857,496,0
IWM190920P158,2019-09-17,2019-09-17 09:33:14,1.91,1.2993,67,1.89,1.2857,5,1.92,1.3061,1,1.9,1.2925,496,0
IWM190920P158,2019-09-17,2019-09-17 09:33:15,1.91,1.2993,45,1.89,1.2857,2,1.92,1.3061,1,1.9,1.2925,496,0
IWM190920P158,2019-09-17,2019-09-17 09:33:15,1.91,1.2993,38,1.89,1.2857,15,1.92,1.3061,1,1.9,1.2925,496,0
IWM190920P158,2019-09-17,2019-09-17 09:33:16,1.9,1.2925,37,1.88,1.2789,15,1.92,1.3061,1,1.89,1.2857,496,0
IWM190920P158,2019-09-17,2019-09-17 09:33:17,1.91,1.2993,12,1.88,1.2789,15,1.92,1.3061,1,1.895,1.2891,496,0
IWM190920P158,2019-09-17,2019-09-17 09:33:17,1.92,1.3061,62,1.89,1.2857,19,1.92,1.3061,1,1.905,1.2959,496,0
IWM190920P158,2019-09-17,2019-09-17 09:33:18,1.9,1.2925,13,1.87,1.2721,178,1.92,1.3061,1,1.885,1.2823,496,0
IWM190920P158,2019-09-17,2019-09-17 09:33:18,1.91,1.2993,15,1.88,1.2789,13,1.92,1.3061,1,1.895,1.2891,496,0
IWM190920P158,2019-09-17,2019-09-17 09:33:19,1.91,1.2993,41,1.89,1.2857,2,1.92,1.3061,1,1.9,1.2925,496,0
IWM190920P158,2019-09-17,2019-09-17 09:33:19,1.91,1.2993,58,1.89,1.2857,2,1.92,1.3061,1,1.9,1.2925,496,0
IWM190920P158,2019-09-17,2019-09-17 09:33:20,1.9,1.2925,82,1.87,1.2721,22,1.89,1.2857,9,1.885,1.2823,515,0
IWM190920P158,2019-09-17,2019-09-17 09:33:20,1.9,1.2925,82,1.87,1.2721,16,1.89,1.2857,9,1.885,1.2823,515,19
IWM190920P158,2019-09-17,2019-09-17 09:33:21,1.9,1.2925,82,1.87,1.2721,22,1.89,1.2857,9,1.885,1.2823,515,0
IWM190920P158,2019-09-17,2019-09-17 09:33:22,1.89,1.2857,36,1.87,1.2721,13,1.89,1.2857,9,1.88,1.2789,515,0
IWM190920P158,2019-09-17,2019-09-17 09:33:22,1.89,1.2857,11,1.87,1.2721,13,1.89,1.2857,9,1.88,1.2789,515,0
IWM190920P158,2019-09-17,2019-09-17 09:33:23,1.89,1.2857,44,1.86,1.2653,13,1.89,1.2857,9,1.875,1.2755,515,0
IWM190920P158,2019-09-17,2019-09-17 09:33:23,1.88,1.2789,30,1.85,1.2585,29,1.89,1.2857,9,1.865,1.2687,515,0
IWM190920P158,2019-09-17,2019-09-17 09:33:24,1.88,1.2789,43,1.85,1.2585,29,1.89,1.2857,9,1.865,1.2687,515,0
IWM190920P158,2019-09-17,2019-09-17 09:33:25,1.88,1.2789,43,1.85,1.2585,29,1.89,1.2857,9,1.865,1.2687,515,0
IWM190920P158,2019-09-17,2019-09-17 09:33:25,1.88,1.2789,89,1.85,1.2585,25,1.89,1.2857,9,1.865,1.2687,515,0
IWM190920P158,2019-09-17,2019-09-17 09:33:26,1.88,1.2789,64,1.85,1.2585,25,1.89,1.2857,9,1.865,1.2687,515,0
IWM190920P158,2019-09-17,2019-09-17 09:33:26,1.88,1.2789,64,1.86,1.2653,9,1.89,1.2857,9,1.87,1.2721,515,0
IWM190920P158,2019-09-17,2019-09-17 09:33:27,1.88,1.2789,44,1.85,1.2585,13,1.89,1.2857,9,1.865,1.2687,515,0
IWM190920P158,2019-09-17,2019-09-17 09:33:27,1.9,1.2925,32,1.87,1.2721,16,1.89,1.2857,9,1.885,1.2823,515,0
IWM190920P158,2019-09-17,2019-09-17 09:33:28,1.91,1.2993,32,1.88,1.2789,19,1.89,1.2857,9,1.895,1.2891,515,0
IWM190920P158,2019-09-17,2019-09-17 09:33:28,1.91,1.2993,16,1.89,1.2857,13,1.89,1.2857,9,1.9,1.2925,515,0
IWM190920P158,2019-09-17,2019-09-17 09:33:29,1.92,1.3061,13,1.9,1.2925,15,1.89,1.2857,9,1.91,1.2993,515,0
IWM190920P158,2019-09-17,2019-09-17 09:33:29,1.92,1.3061,15,1.9,1.2925,15,1.89,1.2857,9,1.91,1.2993,515,0
IWM190920P158,2019-09-17,2019-09-17 09:33:30,1.94,1.3197,21,1.91,1.2993,15,1.89,1.2857,9,1.925,1.3095,515,0
IWM190920P158,2019-09-17,2019-09-17 09:33:30,1.95,1.3265,32,1.93,1.3129,15,1.89,1.2857,9,1.94,1.3197,515,0
IWM190920P158,2019-09-17,2019-09-17 09:33:31,1.96,1.3333,35,1.94,1.3197,1,1.94,1.3197,1,1.95,1.3265,516,1
IWM190920P158,2019-09-17,2019-09-17 09:33:31,1.96,1.3333,35,1.94,1.3197,13,1.94,1.3197,1,1.95,1.3265,516,0
IWM190920P158,2019-09-17,2019-09-17 09:33:32,1.97,1.3401,23,1.94,1.3197,13,1.94,1.3197,1,1.955,1.3299,516,0
IWM190920P158,2019-09-17,2019-09-17 09:33:32,1.97,1.3401,32,1.94,1.3197,13,1.94,1.3197,1,1.955,1.3299,516,0
IWM190920P158,2019-09-17,2019-09-17 09:33:33,1.99,1.3537,32,1.96,1.3333,15,1.94,1.3197,1,1.975,1.3435,516,0
IWM190920P158,2019-09-17,2019-09-17 09:33:33,1.97,1.3401,15,1.95,1.3265,19,1.94,1.3197,1,1.96,1.3333,516,0
IWM190920P158,2019-09-17,2019-09-17 09:33:34,1.97,1.3401,25,1.95,1.3265,19,1.94,1.3197,1,1.96,1.3333,516,0
IWM190920P158,2019-09-17,2019-09-17 09:33:34,1.98,1.3469,32,1.96,1.3333,10,1.94,1.3197,1,1.97,1.3401,516,0
IWM190920P158,2019-09-17,2019-09-17 09:33:35,1.98,1.3469,13,1.94,1.3197,13,1.94,1.3197,1,1.96,1.3333,516,0
IWM190920P158,2019-09-17,2019-09-17 09:33:36,1.97,1.3401,18,1.95,1.3265,15,1.95,1.3265,1,1.96,1.3333,517,1
IWM190920P158,2019-09-17,2019-09-17 09:33:36,1.97,1.3401,27,1.95,1.3265,2,1.94,1.3197,1,1.96,1.3333,516,0
IWM190920P158,2019-09-17,2019-09-17 09:33:37,1.96,1.3333,13,1.93,1.3129,13,1.95,1.3265,1,1.945,1.3231,517,0
IWM190920P158,2019-09-17,2019-09-17 09:33:37,1.97,1.3401,18,1.95,1.3265,15,1.95,1.3265,1,1.96,1.3333,517,0
IWM190920P158,2019-09-17,2019-09-17 09:33:38,1.97,1.3401,40,1.94,1.3197,13,1.95,1.3265,1,1.955,1.3299,517,0
IWM190920P158,2019-09-17,2019-09-17 09:33:38,1.96,1.3333,10,1.94,1.3197,13,1.95,1.3265,1,1.95,1.3265,517,0
IWM190920P158,2019-09-17,2019-09-17 09:33:39,1.97,1.3401,48,1.94,1.3197,18,1.95,1.3265,1,1.955,1.3299,517,0
IWM190920P158,2019-09-17,2019-09-17 09:33:39,1.97,1.3401,32,1.94,1.3197,13,1.95,1.3265,1,1.955,1.3299,517,0
IWM190920P158,2019-09-17,2019-09-17 09:33:40,1.97,1.3401,48,1.95,1.3265,18,1.95,1.3265,1,1.96,1.3333,517,0
IWM190920P158,2019-09-17,2019-09-17 09:33:40,1.97,1.3401,48,1.95,1.3265,13,1.95,1.3265,1,1.96,1.3333,517,0
IWM190920P158,2019-09-17,2019-09-17 09:33:41,1.98,1.3469,44,1.95,1.3265,18,1.95,1.3265,1,1.965,1.3367,517,0
IWM190920P158,2019-09-17,2019-09-17 09:33:42,1.98,1.3469,44,1.95,1.3265,18,1.95,1.3265,1,1.965,1.3367,517,0
IWM190920P158,2019-09-17,2019-09-17 09:33:42,1.99,1.3537,29,1.96,1.3333,18,1.95,1.3265,1,1.975,1.3435,517,0
IWM190920P158,2019-09-17,2019-09-17 09:33:43,1.98,1.3469,31,1.95,1.3265,15,1.97,1.3401,10,1.965,1.3367,527,10
IWM190920P158,2019-09-17,2019-09-17 09:33:43,1.99,1.3537,23,1.96,1.3333,25,1.95,1.3265,1,1.975,1.3435,517,0
IWM190920P158,2019-09-17,2019-09-17 09:33:44,1.98,1.3469,34,1.97,1.3401,15,1.97,1.3401,10,1.975,1.3435,527,0
IWM190920P158,2019-09-17,2019-09-17 09:33:44,2.0,1.3605,40,1.99,1.3537,13,2.0,1.3605,2,1.995,1.3571,531,4
IWM190920P158,2019-09-17,2019-09-17 09:33:45,2.0,1.3605,41,1.99,1.3537,15,2.0,1.3605,7,1.995,1.3571,549,9
IWM190920P158,2019-09-17,2019-09-17 09:33:45,2.0,1.3605,40,1.99,1.3537,15,2.0,1.3605,3,1.995,1.3571,540,9
IWM190920P158,2019-09-17,2019-09-17 09:33:46,2.0,1.3605,41,1.97,1.3401,15,2.0,1.3605,7,1.985,1.3503,549,0
IWM190920P158,2019-09-17,2019-09-17 09:33:47,2.0,1.3605,38,1.96,1.3333,13,2.0,1.3605,7,1.98,1.3469,549,0
IWM190920P158,2019-09-17,2019-09-17 09:33:47,2.0,1.3605,38,1.97,1.3401,15,2.0,1.3605,7,1.985,1.3503,549,0
IWM190920P158,2019-09-17,2019-09-17 09:33:48,1.98,1.3469,38,1.94,1.3197,13,2.0,1.3605,7,1.96,1.3333,549,0
IWM190920P158,2019-09-17,2019-09-17 09:33:48,1.99,1.3537,31,1.96,1.3333,29,2.0,1.3605,7,1.975,1.3435,549,0
IWM190920P158,2019-09-17,2019-09-17 09:33:49,1.98,1.3469,33,1.95,1.3265,15,2.0,1.3605,7,1.965,1.3367,549,0
IWM190920P158,2019-09-17,2019-09-17 09:33:49,1.98,1.3469,28,1.97,1.3401,3,2.0,1.3605,7,1.975,1.3435,549,0
IWM190920P158,2019-09-17,2019-09-17 09:33:50,1.97,1.3401,25,1.94,1.3197,13,2.0,1.3605,7,1.955,1.3299,549,0
IWM190920P158,2019-09-17,2019-09-17 09:33:51,1.97,1.3401,24,1.95,1.3265,15,1.95,1.3265,1,1.96,1.3333,564,15
IWM190920P158,2019-09-17,2019-09-17 09:33:51,1.98,1.3469,19,1.95,1.3265,15,1.95,1.3265,1,1.965,1.3367,564,0
IWM190920P158,2019-09-17,2019-09-17 09:33:52,1.98,1.3469,19,1.96,1.3333,13,1.95,1.3265,1,1.97,1.3401,564,0
IWM190920P158,2019-09-17,2019-09-17 09:33:52,1.98,1.3469,32,1.95,1.3265,15,1.95,1.3265,1,1.965,1.3367,564,0
IWM190920P158,2019-09-17,2019-09-17 09:33:53,1.98,1.3469,42,1.94,1.3197,19,1.95,1.3265,1,1.96,1.3333,564,0
IWM190920P158,2019-09-17,2019-09-17 09:33:53,1.98,1.3469,52,1.94,1.3197,19,1.95,1.3265,1,1.96,1.3333,564,0
IWM190920P158,2019-09-17,2019-09-17 09:33:54,1.97,1.3401,30,1.94,1.3197,13,1.95,1.3265,1,1.955,1.3299,564,0
IWM190920P158,2019-09-17,2019-09-17 09:33:54,1.97,1.3401,35,1.94,1.3197,15,1.95,1.3265,1,1.955,1.3299,564,0
IWM190920P158,2019-09-17,2019-09-17 09:33:55,1.96,1.3333,27,1.93,1.3129,13,1.95,1.3265,1,1.945,1.3231,564,0
IWM190920P158,2019-09-17,2019-09-17 09:33:55,1.97,1.3401,29,1.94,1.3197,15,1.95,1.3265,1,1.955,1.3299,564,0
IWM190920P158,2019-09-17,2019-09-17 09:33:56,1.95,1.3265,28,1.92,1.3061,25,1.95,1.3265,1,1.935,1.3163,564,0
IWM190920P158,2019-09-17,2019-09-17 09:33:56,1.97,1.3401,38,1.93,1.3129,13,1.95,1.3265,1,1.95,1.3265,564,0
IWM190920P158,2019-09-17,2019-09-17 09:33:57,1.95,1.3265,15,1.92,1.3061,25,1.95,1.3265,1,1.935,1.3163,564,0
IWM190920P158,2019-09-17,2019-09-17 09:33:57,1.95,1.3265,27,1.93,1.3129,2,1.95,1.3265,1,1.94,1.3197,564,0
IWM190920P158,2019-09-17,2019-09-17 09:33:58,1.95,1.3265,31,1.92,1.3061,13,1.95,1.3265,1,1.935,1.3163,564,0
IWM190920P158,2019-09-17,2019-09-17 09:33:58,1.95,1.3265,33,1.92,1.3061,13,1.95,1.3265,1,1.935,1.3163,564,0
IWM190920P158,2019-09-17,2019-09-17 09:33:59,1.95,1.3265,37,1.92,1.3061,26,1.95,1.3265,1,1.935,1.3163,564,0
IWM190920P158,2019-09-17,2019-09-17 09:33:59,1.95,1.3265,37,1.92,1.3061,17,1.95,1.3265,1,1.935,1.3163,564,0
IWM190920P158,2019-09-17,2019-09-17 09:34:00,1.95,1.3265,42,1.93,1.3129,2,1.95,1.3265,1,1.94,1.3197,564,0
IWM190920P158,2019-09-17,2019-09-17 09:34:00,1.96,1.3333,36,1.93,1.3129,15,1.95,1.3265,1,1.945,1.3231,564,0
IWM190920P158,2019-09-17,2019-09-17 09:34:01,1.96,1.3333,13,1.93,1.3129,15,1.95,1.3265,1,1.945,1.3231,564,0
IWM190920P158,2019-09-17,2019-09-17 09:34:01,1.95,1.3265,18,1.92,1.3061,19,1.95,1.3265,1,1.935,1.3163,564,0
IWM190920P158,2019-09-17,2019-09-17 09:34:02,1.94,1.3197,45,1.91,1.2993,22,1.95,1.3265,1,1.925,1.3095,564,0
IWM190920P158,2019-09-17,2019-09-17 09:34:02,1.94,1.3197,29,1.91,1.2993,15,1.95,1.3265,1,1.925,1.3095,564,0
IWM190920P158,2019-09-17,2019-09-17 09:34:03,1.94,1.3197,45,1.91,1.2993,22,1.95,1.3265,1,1.925,1.3095,564,0
IWM190920P158,2019-09-17,2019-09-17 09:34:03,1.93,1.3129,24,1.9,1.2925,22,1.95,1.3265,1,1.915,1.3027,564,0
IWM190920P158,2019-09-17,2019-09-17 09:34:04,1.92,1.3061,45,1.89,1.2857,15,1.95,1.3265,1,1.905,1.2959,564,0
IWM190920P158,2019-09-17,2019-09-17 09:34:04,1.92,1.3061,30,1.89,1.2857,19,1.95,1.3265,1,1.905,1.2959,564,0
IWM190920P158,2019-09-17,2019-09-17 09:34:05,1.91,1.2993,47,1.88,1.2789,19,1.95,1.3265,1,1.895,1.2891,564,0
IWM190920P158,2019-09-17,2019-09-17 09:34:05,1.9,1.2925,1,1.89,1.2857,13,1.91,1.2993,10,1.895,1.2891,574,10
IWM190920P158,2019-09-17,2019-09-17 09:34:06,1.9,1.2925,18,1.87,1.2721,22,1.91,1.2993,10,1.885,1.2823,574,0
IWM190920P158,2019-09-17,2019-09-17 09:34:06,1.91,1.2993,13,1.88,1.2789,13,1.91,1.2993,10,1.895,1.2891,574,0
IWM190920P158,2019-09-17,2019-09-17 09:34:07,1.89,1.2857,13,1.86,1.2653,19,1.91,1.2993,10,1.875,1.2755,574,0
IWM190920P158,2019-09-17,2019-09-17 09:34:08,1.89,1.2857,18,1.86,1.2653,19,1.91,1.2993,10,1.875,1.2755,574,0
IWM190920P158,2019-09-17,2019-09-17 09:34:09,1.89,1.2857,10,1.86,1.2653,29,1.86,1.2653,1,1.875,1.2755,576,2
IWM190920P158,2019-09-17,2019-09-17 09:34:09,1.89,1.2857,24,1.86,1.2653,19,1.91,1.2993,10,1.875,1.2755,574,0
IWM190920P158,2019-09-17,2019-09-17 09:34:10,1.9,1.2925,13,1.87,1.2721,15,1.86,1.2653,1,1.885,1.2823,576,0
IWM190920P158,2019-09-17,2019-09-17 09:34:10,1.9,1.2925,18,1.87,1.2721,15,1.86,1.2653,1,1.885,1.2823,576,0
IWM190920P158,2019-09-17,2019-09-17 09:34:11,1.89,1.2857,18,1.86,1.2653,22,1.86,1.2653,1,1.875,1.2755,576,0
IWM190920P158,2019-09-17,2019-09-17 09:34:11,1.89,1.2857,13,1.84,1.2517,150,1.86,1.2653,1,1.865,1.2687,576,0
IWM190920P158,2019-09-17,2019-09-17 09:34:12,1.87,1.2721,13,1.84,1.2517,13,1.86,1.2653,1,1.855,1.2619,576,0
IWM190920P158,2019-09-17,2019-09-17 09:34:12,1.87,1.2721,18,1.84,1.2517,15,1.86,1.2653,1,1.855,1.2619,576,0
IWM190920P158,2019-09-17,2019-09-17 09:34:13,1.87,1.2721,13,1.84,1.2517,13,1.86,1.2653,1,1.855,1.2619,576,0
IWM190920P158,2019-09-17,2019-09-17 09:34:13,1.85,1.2585,20,1.81,1.2312,25,1.86,1.2653,1,1.83,1.2448,576,0
IWM190920P158,2019-09-17,2019-09-17 09:34:14,1.82,1.238,13,1.8,1.2244,5,1.86,1.2653,1,1.81,1.2312,576,0
IWM190920P158,2019-09-17,2019-09-17 09:34:14,1.83,1.2448,18,1.79,1.2176,43,1.86,1.2653,1,1.81,1.2312,576,0
IWM190920P158,2019-09-17,2019-09-17 09:34:15,1.81,1.2312,13,1.78,1.2108,25,1.86,1.2653,1,1.795,1.221,576,0
IWM190920P158,2019-09-17,2019-09-17 09:34:15,1.82,1.238,18,1.79,1.2176,25,1.86,1.2653,1,1.805,1.2278,576,0
IWM190920P158,2019-09-17,2019-09-17 09:34:16,1.81,1.2312,13,1.78,1.2108,25,1.86,1.2653,1,1.795,1.221,576,0
IWM190920P158,2019-09-17,2019-09-17 09:34:17,1.82,1.238,27,1.79,1.2176,17,1.86,1.2653,1,1.805,1.2278,576,0
IWM190920P158,2019-09-17,2019-09-17 09:34:17,1.81,1.2312,15,1.78,1.2108,21,1.86,1.2653,1,1.795,1.221,576,0
IWM190920P158,2019-09-17,2019-09-17 09:34:18,1.8,1.2244,10,1.78,1.2108,7,1.86,1.2653,1,1.79,1.2176,576,0
IWM190920P158,2019-09-17,2019-09-17 09:34:18,1.8,1.2244,13,1.78,1.2108,7,1.86,1.2653,1,1.79,1.2176,576,0
IWM190920P158,2019-09-17,2019-09-17 09:34:19,1.8,1.2244,27,1.77,1.204,46,1.86,1.2653,1,1.785,1.2142,576,0
IWM190920P158,2019-09-17,2019-09-17 09:34:19,1.8,1.2244,13,1.77,1.204,25,1.86,1.2653,1,1.785,1.2142,576,0
IWM190920P158,2019-09-17,2019-09-17 09:34:20,1.8,1.2244,27,1.77,1.204,46,1.86,1.2653,1,1.785,1.2142,576,0
IWM190920P158,2019-09-17,2019-09-17 09:34:20,1.8,1.2244,27,1.77,1.204,60,1.86,1.2653,1,1.785,1.2142,576,0
IWM190920P158,2019-09-17,2019-09-17 09:34:21,1.81,1.2312,18,1.78,1.2108,19,1.86,1.2653,1,1.795,1.221,576,0
IWM190920P158,2019-09-17,2019-09-17 09:34:21,1.81,1.2312,13,1.76,1.1972,13,1.86,1.2653,1,1.785,1.2142,576,0
IWM190920P158,2019-09-17,2019-09-17 09:34:22,1.79,1.2176,18,1.76,1.1972,67,1.79,1.2176,5,1.775,1.2074,581,5
IWM190920P158,2019-09-17,2019-09-17 09:34:22,1.81,1.2312,18,1.78,1.2108,19,1.86,1.2653,1,1.795,1.221,576,0
IWM190920P158,2019-09-17,2019-09-17 09:34:23,1.79,1.2176,3,1.76,1.1972,25,1.79,1.2176,5,1.775,1.2074,581,0
IWM190920P158,2019-09-17,2019-09-17 09:34:23,1.79,1.2176,27,1.76,1.1972,50,1.79,1.2176,5,1.775,1.2074,581,0
IWM190920P158,2019-09-17,2019-09-17 09:34:24,1.8,1.2244,13,1.77,1.204,19,1.79,1.2176,5,1.785,1.2142,581,0
IWM190920P158,2019-09-17,2019-09-17 09:34:24,1.8,1.2244,16,1.77,1.204,19,1.79,1.2176,5,1.785,1.2142,581,0
IWM190920P158,2019-09-17,2019-09-17 09:34:25,1.8,1.2244,15,1.76,1.1972,50,1.79,1.2176,5,1.78,1.2108,581,0
IWM190920P158,2019-09-17,2019-09-17 09:34:25,1.8,1.2244,15,1.77,1.204,19,1.79,1.2176,5,1.785,1.2142,581,0
IWM190920P158,2019-09-17,2019-09-17 09:34:26,1.79,1.2176,13,1.76,1.1972,16,1.79,1.2176,5,1.775,1.2074,581,0
IWM190920P158,2019-09-17,2019-09-17 09:34:27,1.78,1.2108,20,1.76,1.1972,2,1.76,1.1972,10,1.77,1.204,591,0
IWM190920P158,2019-09-17,2019-09-17 09:34:27,1.78,1.2108,13,1.74,1.1836,39,1.76,1.1972,10,1.76,1.1972,591,10
IWM190920P158,2019-09-17,2019-09-17 09:34:28,1.78,1.2108,13,1.75,1.1904,26,1.76,1.1972,10,1.765,1.2006,591,0
IWM190920P158,2019-09-17,2019-09-17 09:34:28,1.79,1.2176,19,1.75,1.1904,26,1.76,1.1972,10,1.77,1.204,591,0
IWM190920P158,2019-09-17,2019-09-17 09:34:29,1.79,1.2176,13,1.76,1.1972,57,1.76,1.1972,10,1.775,1.2074,591,0
IWM190920P158,2019-09-17,2019-09-17 09:34:29,1.8,1.2244,24,1.77,1.204,13,1.76,1.1972,10,1.785,1.2142,591,0
IWM190920P158,2019-09-17,2019-09-17 09:34:30,1.78,1.2108,18,1.75,1.1904,40,1.76,1.1972,10,1.765,1.2006,591,0
IWM190920P158,2019-09-17,2019-09-17 09:34:30,1.78,1.2108,18,1.75,1.1904,55,1.76,1.1972,10,1.765,1.2006,591,0
IWM190920P158,2019-09-17,2019-09-17 09:34:31,1.79,1.2176,13,1.77,1.204,4,1.76,1.1972,10,1.78,1.2108,591,0
IWM190920P158,2019-09-17,2019-09-17 09:34:31,1.79,1.2176,18,1.76,1.1972,25,1.76,1.1972,10,1.775,1.2074,591,0
IWM190920P158,2019-09-17,2019-09-17 09:34:32,1.79,1.2176,18,1.77,1.204,29,1.79,1.2176,5,1.78,1.2108,622,31
IWM190920P158,2019-09-17,2019-09-17 09:34:33,1.84,1.2517,12,1.8,1.2244,19,1.79,1.2176,5,1.82,1.238,622,0
IWM190920P158,2019-09-17,2019-09-17 09:34:33,1.84,1.2517,29,1.8,1.2244,19,1.79,1.2176,5,1.82,1.238,622,0
IWM190920P158,2019-09-17,2019-09-17 09:34:34,1.84,1.2517,13,1.81,1.2312,20,1.79,1.2176,5,1.825,1.2414,622,0
IWM190920P158,2019-09-17,2019-09-17 09:34:35,1.84,1.2517,16,1.81,1.2312,20,1.79,1.2176,5,1.825,1.2414,622,0
IWM190920P158,2019-09-17,2019-09-17 09:34:35,1.84,1.2517,13,1.82,1.238,4,1.79,1.2176,5,1.83,1.2448,622,0
IWM190920P158,2019-09-17,2019-09-17 09:34:36,1.85,1.2585,18,1.83,1.2448,5,1.83,1.2448,2,1.84,1.2517,624,2
IWM190920P158,2019-09-17,2019-09-17 09:34:36,1.85,1.2585,18,1.83,1.2448,1,1.79,1.2176,5,1.84,1.2517,622,0
IWM190920P158,2019-09-17,2019-09-17 09:34:37,1.87,1.2721,18,1.84,1.2517,19,1.83,1.2448,2,1.855,1.2619,624,0
IWM190920P158,2019-09-17,2019-09-17 09:34:37,1.86,1.2653,13,1.84,1.2517,9,1.83,1.2448,2,1.85,1.2585,624,0
IWM190920P158,2019-09-17,2019-09-17 09:34:38,1.85,1.2585,13,1.84,1.2517,6,1.83,1.2448,2,1.845,1.2551,624,0
IWM190920P158,2019-09-17,2019-09-17 09:34:38,1.84,1.2517,26,1.81,1.2312,15,1.83,1.2448,2,1.825,1.2414,624,0
IWM190920P158,2019-09-17,2019-09-17 09:34:39,1.84,1.2517,17,1.82,1.238,2,1.83,1.2448,2,1.83,1.2448,624,0
IWM190920P158,2019-09-17,2019-09-17 09:34:39,1.84,1.2517,18,1.82,1.238,2,1.83,1.2448,2,1.83,1.2448,624,0
IWM190920P158,2019-09-17,2019-09-17 09:34:40,1.84,1.2517,28,1.82,1.238,9,1.83,1.2448,2,1.83,1.2448,624,0
IWM190920P158,2019-09-17,2019-09-17 09:34:40,1.83,1.2448,18,1.8,1.2244,18,1.83,1.2448,2,1.815,1.2346,624,0
IWM190920P158,2019-09-17,2019-09-17 09:34:41,1.82,1.238,13,1.79,1.2176,23,1.83,1.2448,2,1.805,1.2278,624,0
IWM190920P158,2019-09-17,2019-09-17 09:34:41,1.8,1.2244,13,1.78,1.2108,6,1.83,1.2448,2,1.79,1.2176,624,0
IWM190920P158,2019-09-17,2019-09-17 09:34:42,1.8,1.2244,29,1.78,1.2108,6,1.83,1.2448,2,1.79,1.2176,624,0
IWM190920P158,2019-09-17,2019-09-17 09:34:42,1.81,1.2312,37,1.78,1.2108,16,1.83,1.2448,2,1.795,1.221,624,0
IWM190920P158,2019-09-17,2019-09-17 09:34:43,1.8,1.2244,18,1.77,1.204,15,1.83,1.2448,2,1.785,1.2142,624,0
IWM190920P158,2019-09-17,2019-09-17 09:34:43,1.8,1.2244,18,1.77,1.204,13,1.83,1.2448,2,1.785,1.2142,624,0
IWM190920P158,2019-09-17,2019-09-17 09:34:44,1.79,1.2176,28,1.76,1.1972,22,1.83,1.2448,2,1.775,1.2074,624,0
IWM190920P158,2019-09-17,2019-09-17 09:34:45,1.79,1.2176,41,1.75,1.1904,19,1.83,1.2448,2,1.77,1.204,624,0
IWM190920P158,2019-09-17,2019-09-17 09:34:45,1.79,1.2176,41,1.76,1.1972,15,1.83,1.2448,2,1.775,1.2074,624,0
IWM190920P158,2019-09-17,2019-09-17 09:34:46,1.79,1.2176,41,1.75,1.1904,19,1.83,1.2448,2,1.77,1.204,624,0
IWM190920P158,2019-09-17,2019-09-17 09:34:47,1.77,1.204,13,1.75,1.1904,19,1.83,1.2448,2,1.76,1.1972,624,0
IWM190920P158,2019-09-17,2019-09-17 09:34:48,1.79,1.2176,16,1.76,1.1972,15,1.83,1.2448,2,1.775,1.2074,624,0
IWM190920P158,2019-09-17,2019-09-17 09:34:49,1.79,1.2176,13,1.76,1.1972,13,1.83,1.2448,2,1.775,1.2074,624,0
IWM190920P158,2019-09-17,2019-09-17 09:34:50,1.78,1.2108,16,1.75,1.1904,22,1.83,1.2448,2,1.765,1.2006,624,0
IWM190920P158,2019-09-17,2019-09-17 09:34:51,1.78,1.2108,13,1.76,1.1972,2,1.83,1.2448,2,1.77,1.204,624,0
IWM190920P158,2019-09-17,2019-09-17 09:34:51,1.78,1.2108,19,1.75,1.1904,29,1.83,1.2448,2,1.765,1.2006,624,0
IWM190920P158,2019-09-17,2019-09-17 09:34:52,1.78,1.2108,13,1.76,1.1972,10,1.83,1.2448,2,1.77,1.204,624,0
IWM190920P158,2019-09-17,2019-09-17 09:34:52,1.78,1.2108,13,1.75,1.1904,13,1.83,1.2448,2,1.765,1.2006,624,0
IWM190920P158,2019-09-17,2019-09-17 09:34:53,1.74,1.1836,13,1.7,1.1564,58,1.83,1.2448,2,1.72,1.17,624,0
IWM190920P158,2019-09-17,2019-09-17 09:34:53,1.76,1.1972,18,1.7,1.1564,33,1.83,1.2448,2,1.73,1.1768,624,0
IWM190920P158,2019-09-17,2019-09-17 09:34:54,1.77,1.204,31,1.73,1.1768,13,1.83,1.2448,2,1.75,1.1904,624,0
IWM190920P158,2019-09-17,2019-09-17 09:34:54,1.77,1.204,23,1.74,1.1836,15,1.83,1.2448,2,1.755,1.1938,624,0
IWM190920P158,2019-09-17,2019-09-17 09:34:55,1.77,1.204,23,1.74,1.1836,13,1.83,1.2448,2,1.755,1.1938,624,0
IWM190920P158,2019-09-17,2019-09-17 09:34:55,1.77,1.204,23,1.74,1.1836,32,1.83,1.2448,2,1.755,1.1938,624,0
IWM190920P158,2019-09-17,2019-09-17 09:34:56,1.78,1.2108,13,1.75,1.1904,27,1.83,1.2448,2,1.765,1.2006,624,0
IWM190920P158,2019-09-17,2019-09-17 09:34:56,1.77,1.204,13,1.75,1.1904,5,1.83,1.2448,2,1.76,1.1972,624,0
IWM190920P158,2019-09-17,2019-09-17 09:34:57,1.78,1.2108,47,1.75,1.1904,23,1.83,1.2448,2,1.765,1.2006,624,0
IWM190920P158,2019-09-17,2019-09-17 09:34:57,1.77,1.204,13,1.74,1.1836,25,1.83,1.2448,2,1.755,1.1938,624,0
IWM190920P158,2019-09-17,2019-09-17 09:34:58,1.8,1.2244,13,1.76,1.1972,3,1.83,1.2448,2,1.78,1.2108,624,0
IWM190920P158,2019-09-17,2019-09-17 09:34:58,1.78,1.2108,29,1.76,1.1972,3,1.83,1.2448,2,1.77,1.204,624,0
IWM190920P158,2019-09-17,2019-09-17 09:34:59,1.79,1.2176,13,1.77,1.204,3,1.83,1.2448,2,1.78,1.2108,624,0
IWM190920P158,2019-09-17,2019-09-17 09:34:59,1.79,1.2176,13,1.76,1.1972,22,1.83,1.2448,2,1.775,1.2074,624,0
IWM190920P158,2019-09-17,2019-09-17 09:35:00,1.8,1.2244,29,1.77,1.204,2,1.83,1.2448,2,1.785,1.2142,624,0
IWM190920P158,2019-09-17,2019-09-17 09:35:00,1.79,1.2176,16,1.76,1.1972,19,1.83,1.2448,2,1.775,1.2074,624,0
IWM190920P158,2019-09-17,2019-09-17 09:35:01,1.8,1.2244,33,1.76,1.1972,19,1.83,1.2448,2,1.78,1.2108,624,0
IWM190920P158,2019-09-17,2019-09-17 09:35:01,1.8,1.2244,25,1.77,1.204,10,1.83,1.2448,2,1.785,1.2142,624,0
IWM190920P158,2019-09-17,2019-09-17 09:35:02,1.76,1.1972,13,1.74,1.1836,3,1.83,1.2448,2,1.75,1.1904,624,0
IWM190920P158,2019-09-17,2019-09-17 09:35:02,1.76,1.1972,16,1.72,1.17,25,1.83,1.2448,2,1.74,1.1836,624,0
IWM190920P158,2019-09-17,2019-09-17 09:35:03,1.74,1.1836,13,1.71,1.1632,19,1.83,1.2448,2,1.725,1.1734,624,0
IWM190920P158,2019-09-17,2019-09-17 09:35:03,1.76,1.1972,16,1.71,1.1632,22,1.83,1.2448,2,1.735,1.1802,624,0
IWM190920P158,2019-09-17,2019-09-17 09:35:04,1.74,1.1836,3,1.68,1.1428,171,1.83,1.2448,2,1.71,1.1632,624,0
IWM190920P158,2019-09-17,2019-09-17 09:35:04,1.74,1.1836,24,1.71,1.1632,19,1.83,1.2448,2,1.725,1.1734,624,0
IWM190920P158,2019-09-17,2019-09-17 09:35:05,1.72,1.17,25,1.7,1.1564,3,1.83,1.2448,2,1.71,1.1632,624,0
IWM190920P158,2019-09-17,2019-09-17 09:35:05,1.74,1.1836,16,1.7,1.1564,22,1.83,1.2448,2,1.72,1.17,624,0
IWM190920P158,2019-09-17,2019-09-17 09:35:06,1.72,1.17,16,1.71,1.1632,3,1.83,1.2448,2,1.715,1.1666,624,0
IWM190920P158,2019-09-17,2019-09-17 09:35:06,1.72,1.17,16,1.69,1.1496,16,1.83,1.2448,2,1.705,1.1598,624,0
IWM190920P158,2019-09-17,2019-09-17 09:35:07,1.76,1.1972,36,1.73,1.1768,1,1.83,1.2448,2,1.745,1.187,624,0
IWM190920P158,2019-09-17,2019-09-17 09:35:08,1.75,1.1904,13,1.72,1.17,16,1.83,1.2448,2,1.735,1.1802,624,0
IWM190920P158,2019-09-17,2019-09-17 09:35:09,1.75,1.1904,13,1.72,1.17,24,1.83,1.2448,2,1.735,1.1802,624,0
IWM190920P158,2019-09-17,2019-09-17 09:35:10,1.77,1.204,18,1.75,1.1904,2,1.75,1.1904,2,1.76,1.1972,626,2
IWM190920P158,2019-09-17,2019-09-17 09:35:10,1.77,1.204,63,1.72,1.17,53,1.75,1.1904,2,1.745,1.187,626,0
IWM190920P158,2019-09-17,2019-09-17 09:35:11,1.76,1.1972,13,1.73,1.1768,14,1.75,1.1904,2,1.745,1.187,626,0
IWM190920P158,2019-09-17,2019-09-17 09:35:11,1.77,1.204,63,1.72,1.17,53,1.75,1.1904,2,1.745,1.187,626,0
IWM190920P158,2019-09-17,2019-09-17 09:35:12,1.76,1.1972,13,1.74,1.1836,4,1.75,1.1904,2,1.75,1.1904,626,0
IWM190920P158,2019-09-17,2019-09-17 09:35:12,1.78,1.2108,29,1.74,1.1836,21,1.75,1.1904,2,1.76,1.1972,626,0
IWM190920P158,2019-09-17,2019-09-17 09:35:13,1.78,1.2108,13,1.75,1.1904,25,1.75,1.1904,2,1.765,1.2006,626,0
IWM190920P158,2019-09-17,2019-09-17 09:35:13,1.79,1.2176,29,1.76,1.1972,12,1.75,1.1904,2,1.775,1.2074,626,0
IWM190920P158,2019-09-17,2019-09-17 09:35:14,1.77,1.204,37,1.73,1.1768,37,1.75,1.1904,2,1.75,1.1904,626,0
IWM190920P158,2019-09-17,2019-09-17 09:35:14,1.79,1.2176,29,1.76,1.1972,12,1.75,1.1904,2,1.775,1.2074,626,0
IWM190920P158,2019-09-17,2019-09-17 09:35:15,1.78,1.2108,29,1.74,1.1836,19,1.75,1.1904,2,1.76,1.1972,626,0
IWM190920P158,2019-09-17,2019-09-17 09:35:15,1.78,1.2108,27,1.75,1.1904,18,1.75,1.1904,2,1.765,1.2006,626,0
IWM190920P158,2019-09-17,2019-09-17 09:35:16,1.8,1.2244,13,1.77,1.204,25,1.75,1.1904,2,1.785,1.2142,626,0
IWM190920P158,2019-09-17,2019-09-17 09:35:16,1.8,1.2244,29,1.77,1.204,13,1.75,1.1904,2,1.785,1.2142,626,0
IWM190920P158,2019-09-17,2019-09-17 09:35:17,1.82,1.238,16,1.79,1.2176,18,1.75,1.1904,2,1.805,1.2278,626,0
IWM190920P158,2019-09-17,2019-09-17 09:35:17,1.81,1.2312,11,1.79,1.2176,18,1.75,1.1904,2,1.8,1.2244,626,0
IWM190920P158,2019-09-17,2019-09-17 09:35:18,1.86,1.2653,63,1.82,1.238,54,1.82,1.238,1,1.84,1.2517,637,11
IWM190920P158,2019-09-17,2019-09-17 09:35:18,1.84,1.2517,28,1.81,1.2312,18,1.82,1.238,1,1.825,1.2414,637,0
IWM190920P158,2019-09-17,2019-09-17 09:35:19,1.85,1.2585,18,1.82,1.238,37,1.82,1.238,1,1.835,1.2482,637,0
IWM190920P158,2019-09-17,2019-09-17 09:35:20,1.85,1.2585,18,1.83,1.2448,4,1.82,1.238,1,1.84,1.2517,637,0
IWM190920P158,2019-09-17,2019-09-17 09:35:20,1.86,1.2653,68,1.8,1.2244,21,1.82,1.238,1,1.83,1.2448,637,0
IWM190920P158,2019-09-17,2019-09-17 09:35:21,1.83,1.2448,37,1.8,1.2244,15,1.82,1.238,1,1.815,1.2346,637,0
IWM190920P158,2019-09-17,2019-09-17 09:35:21,1.83,1.2448,17,1.8,1.2244,50,1.82,1.238,1,1.815,1.2346,637,0
IWM190920P158,2019-09-17,2019-09-17 09:35:22,1.82,1.238,13,1.79,1.2176,19,1.82,1.238,1,1.805,1.2278,637,0
IWM190920P158,2019-09-17,2019-09-17 09:35:22,1.83,1.2448,35,1.8,1.2244,14,1.82,1.238,1,1.815,1.2346,637,0
IWM190920P158,2019-09-17,2019-09-17 09:35:23,1.85,1.2585,13,1.81,1.2312,252,1.82,1.238,1,1.83,1.2448,637,0
IWM190920P158,2019-09-17,2019-09-17 09:35:23,1.84,1.2517,13,1.81,1.2312,50,1.82,1.238,1,1.825,1.2414,637,0
IWM190920P158,2019-09-17,2019-09-17 09:35:24,1.84,1.2517,13,1.81,1.2312,37,1.82,1.238,1,1.825,1.2414,637,0
IWM190920P158,2019-09-17,2019-09-17 09:35:24,1.84,1.2517,13,1.81,1.2312,252,1.82,1.238,1,1.825,1.2414,637,0
IWM190920P158,2019-09-17,2019-09-17 09:35:25,1.86,1.2653,13,1.83,1.2448,22,1.82,1.238,1,1.845,1.2551,637,0
IWM190920P158,2019-09-17,2019-09-17 09:35:26,1.87,1.2721,35,1.84,1.2517,37,1.82,1.238,1,1.855,1.2619,637,0
IWM190920P158,2019-09-17,2019-09-17 09:35:26,1.87,1.2721,35,1.84,1.2517,56,1.82,1.238,1,1.855,1.2619,637,0
IWM190920P158,2019-09-17,2019-09-17 09:35:27,1.86,1.2653,56,1.83,1.2448,22,1.82,1.238,1,1.845,1.2551,637,0
IWM190920P158,2019-09-17,2019-09-17 09:35:27,1.86,1.2653,37,1.83,1.2448,15,1.82,1.238,1,1.845,1.2551,637,0
IWM190920P158,2019-09-17,2019-09-17 09:35:28,1.86,1.2653,37,1.83,1.2448,15,1.82,1.238,1,1.845,1.2551,637,0
IWM190920P158,2019-09-17,2019-09-17 09:35:29,1.86,1.2653,36,1.83,1.2448,19,1.82,1.238,1,1.845,1.2551,637,0
IWM190920P158,2019-09-17,2019-09-17 09:35:30,1.85,1.2585,20,1.83,1.2448,2,1.82,1.238,1,1.84,1.2517,637,0
IWM190920P158,2019-09-17,2019-09-17 09:35:30,1.86,1.2653,29,1.84,1.2517,2,1.82,1.238,1,1.85,1.2585,637,0
IWM190920P158,2019-09-17,2019-09-17 09:35:31,1.87,1.2721,36,1.84,1.2517,15,1.82,1.238,1,1.855,1.2619,637,0
IWM190920P158,2019-09-17,2019-09-17 09:35:31,1.86,1.2653,13,1.84,1.2517,2,1.82,1.238,1,1.85,1.2585,637,0
IWM190920P158,2019-09-17,2019-09-17 09:35:32,1.87,1.2721,49,1.84,1.2517,15,1.82,1.238,1,1.855,1.2619,637,0
IWM190920P158,2019-09-17,2019-09-17 09:35:33,1.87,1.2721,59,1.84,1.2517,1,1.82,1.238,1,1.855,1.2619,637,0
IWM190920P158,2019-09-17,2019-09-17 09:35:33,1.87,1.2721,36,1.84,1.2517,14,1.82,1.238,1,1.855,1.2619,637,0
IWM190920P158,2019-09-17,2019-09-17 09:35:34,1.87,1.2721,36,1.84,1.2517,14,1.82,1.238,1,1.855,1.2619,637,0
IWM190920P158,2019-09-17,2019-09-17 09:35:34,1.87,1.2721,33,1.84,1.2517,14,1.82,1.238,1,1.855,1.2619,637,0
IWM190920P158,2019-09-17,2019-09-17 09:35:35,1.85,1.2585,44,1.82,1.238,25,1.82,1.238,1,1.835,1.2482,637,0
IWM190920P158,2019-09-17,2019-09-17 09:35:35,1.86,1.2653,13,1.84,1.2517,5,1.82,1.238,1,1.85,1.2585,637,0
IWM190920P158,2019-09-17,2019-09-17 09:35:36,1.85,1.2585,36,1.83,1.2448,10,1.82,1.238,1,1.84,1.2517,637,0
IWM190920P158,2019-09-17,2019-09-17 09:35:36,1.85,1.2585,20,1.83,1.2448,5,1.82,1.238,1,1.84,1.2517,637,0
IWM190920P158,2019-09-17,2019-09-17 09:35:37,1.85,1.2585,46,1.83,1.2448,10,1.82,1.238,1,1.84,1.2517,637,0
IWM190920P158,2019-09-17,2019-09-17 09:35:38,1.85,1.2585,23,1.82,1.238,27,1.82,1.238,1,1.835,1.2482,637,0
IWM190920P158,2019-09-17,2019-09-17 09:35:38,1.85,1.2585,50,1.83,1.2448,10,1.82,1.238,1,1.84,1.2517,637,0
IWM190920P158,2019-09-17,2019-09-17 09:35:39,1.86,1.2653,13,1.83,1.2448,35,1.82,1.238,1,1.845,1.2551,637,0
IWM190920P158,2019-09-17,2019-09-17 09:35:40,1.88,1.2789,29,1.85,1.2585,20,1.82,1.238,1,1.865,1.2687,637,0
IWM190920P158,2019-09-17,2019-09-17 09:35:40,1.88,1.2789,20,1.85,1.2585,20,1.82,1.238,1,1.865,1.2687,637,0
IWM190920P158,2019-09-17,2019-09-17 09:35:41,1.88,1.2789,22,1.86,1.2653,15,1.82,1.238,1,1.87,1.2721,637,0
IWM190920P158,2019-09-17,2019-09-17 09:35:41,1.88,1.2789,53,1.85,1.2585,4,1.82,1.238,1,1.865,1.2687,637,0
IWM190920P158,2019-09-17,2019-09-17 09:35:42,1.88,1.2789,5,1.86,1.2653,15,1.82,1.238,1,1.87,1.2721,637,0
IWM190920P158,2019-09-17,2019-09-17 09:35:42,1.9,1.2925,13,1.87,1.2721,15,1.82,1.238,1,1.885,1.2823,637,0
IWM190920P158,2019-09-17,2019-09-17 09:35:43,1.89,1.2857,21,1.86,1.2653,13,1.82,1.238,1,1.875,1.2755,637,0
IWM190920P158,2019-09-17,2019-09-17 09:35:43,1.9,1.2925,27,1.87,1.2721,36,1.82,1.238,1,1.885,1.2823,637,0
IWM190920P158,2019-09-17,2019-09-17 09:35:44,1.85,1.2585,54,1.82,1.238,10,1.82,1.238,1,1.835,1.2482,637,0
IWM190920P158,2019-09-17,2019-09-17 09:35:44,1.85,1.2585,61,1.83,1.2448,7,1.82,1.238,1,1.84,1.2517,637,0
IWM190920P158,2019-09-17,2019-09-17 09:35:45,1.85,1.2585,78,1.82,1.238,23,1.82,1.238,1,1.835,1.2482,637,0
IWM190920P158,2019-09-17,2019-09-17 09:35:45,1.84,1.2517,13,1.82,1.238,10,1.82,1.238,1,1.83,1.2448,637,0
IWM190920P158,2019-09-17,2019-09-17 09:35:46,1.84,1.2517,35,1.81,1.2312,22,1.82,1.238,1,1.825,1.2414,637,0
IWM190920P158,2019-09-17,2019-09-17 09:35:46,1.85,1.2585,35,1.82,1.238,23,1.82,1.238,1,1.835,1.2482,637,0
IWM190920P158,2019-09-17,2019-09-17 09:35:47,1.83,1.2448,28,1.8,1.2244,35,1.82,1.238,1,1.815,1.2346,637,0
IWM190920P158,2019-09-17,2019-09-17 09:35:47,1.84,1.2517,62,1.81,1.2312,15,1.82,1.238,1,1.825,1.2414,637,0
IWM190920P158,2019-09-17,2019-09-17 09:35:48,1.84,1.2517,13,1.82,1.238,2,1.82,1.238,1,1.83,1.2448,637,0
IWM190920P158,2019-09-17,2019-09-17 09:35:48,1.83,1.2448,22,1.8,1.2244,35,1.82,1.238,1,1.815,1.2346,637,0
IWM190920P158,2019-09-17,2019-09-17 09:35:49,1.84,1.2517,13,1.82,1.238,2,1.82,1.238,1,1.83,1.2448,637,0
IWM190920P158,2019-09-17,2019-09-17 09:35:50,1.83,1.2448,25,1.8,1.2244,35,1.82,1.238,1,1.815,1.2346,637,0
IWM190920P158,2019-09-17,2019-09-17 09:35:51,1.85,1.2585,31,1.82,1.238,12,1.82,1.238,1,1.835,1.2482,637,0
IWM190920P158,2019-09-17,2019-09-17 09:35:51,1.84,1.2517,35,1.81,1.2312,15,1.82,1.238,1,1.825,1.2414,637,0
IWM190920P158,2019-09-17,2019-09-17 09:35:52,1.85,1.2585,35,1.82,1.238,4,1.82,1.238,1,1.835,1.2482,637,0
IWM190920P158,2019-09-17,2019-09-17 09:35:52,1.85,1.2585,31,1.82,1.238,27,1.82,1.238,1,1.835,1.2482,637,0
IWM190920P158,2019-09-17,2019-09-17 09:35:53,1.86,1.2653,57,1.83,1.2448,25,1.82,1.238,1,1.845,1.2551,637,0
IWM190920P158,2019-09-17,2019-09-17 09:35:53,1.86,1.2653,39,1.83,1.2448,34,1.82,1.238,1,1.845,1.2551,637,0
IWM190920P158,2019-09-17,2019-09-17 09:35:54,1.86,1.2653,39,1.83,1.2448,25,1.82,1.238,1,1.845,1.2551,637,0
IWM190920P158,2019-09-17,2019-09-17 09:35:54,1.85,1.2585,35,1.83,1.2448,26,1.82,1.238,1,1.84,1.2517,637,0
IWM190920P158,2019-09-17,2019-09-17 09:35:55,1.85,1.2585,35,1.84,1.2517,4,1.82,1.238,1,1.845,1.2551,637,0
IWM190920P158,2019-09-17,2019-09-17 09:35:55,1.87,1.2721,72,1.84,1.2517,16,1.82,1.238,1,1.855,1.2619,637,0
IWM190920P158,2019-09-17,2019-09-17 09:35:56,1.86,1.2653,30,1.83,1.2448,35,1.82,1.238,1,1.845,1.2551,637,0
IWM190920P158,2019-09-17,2019-09-17 09:35:56,1.85,1.2585,28,1.82,1.238,35,1.82,1.238,1,1.835,1.2482,637,0
IWM190920P158,2019-09-17,2019-09-17 09:35:57,1.84,1.2517,19,1.82,1.238,10,1.82,1.238,1,1.83,1.2448,637,0
IWM190920P158,2019-09-17,2019-09-17 09:35:57,1.85,1.2585,28,1.82,1.238,28,1.82,1.238,1,1.835,1.2482,637,0
IWM190920P158,2019-09-17,2019-09-17 09:35:58,1.85,1.2585,36,1.83,1.2448,3,1.82,1.238,1,1.84,1.2517,637,0
IWM190920P158,2019-09-17,2019-09-17 09:35:58,1.85,1.2585,36,1.83,1.2448,2,1.82,1.238,1,1.84,1.2517,637,0
IWM190920P158,2019-09-17,2019-09-17 09:35:59,1.86,1.2653,23,1.83,1.2448,20,1.82,1.238,1,1.845,1.2551,637,0
IWM190920P158,2019-09-17,2019-09-17 09:36:00,1.86,1.2653,13,1.84,1.2517,2,1.82,1.238,1,1.85,1.2585,637,0
IWM190920P158,2019-09-17,2019-09-17 09:36:00,1.84,1.2517,19,1.83,1.2448,34,1.82,1.238,1,1.835,1.2482,637,0
IWM190920P158,2019-09-17,2019-09-17 09:36:01,1.83,1.2448,4,1.8,1.2244,34,1.82,1.238,1,1.815,1.2346,637,0
IWM190920P158,2019-09-17,2019-09-17 09:36:01,1.84,1.2517,13,1.82,1.238,31,1.82,1.238,1,1.83,1.2448,637,0
IWM190920P158,2019-09-17,2019-09-17 09:36:02,1.83,1.2448,8,1.81,1.2312,22,1.82,1.238,1,1.82,1.238,637,0
IWM190920P158,2019-09-17,2019-09-17 09:36:03,1.82,1.238,34,1.8,1.2244,4,1.82,1.238,1,1.81,1.2312,637,0
IWM190920P158,2019-09-17,2019-09-17 09:36:03,1.84,1.2517,51,1.81,1.2312,22,1.82,1.238,1,1.825,1.2414,637,0
IWM190920P158,2019-09-17,2019-09-17 09:36:04,1.82,1.238,32,1.8,1.2244,4,1.82,1.238,1,1.81,1.2312,637,0
IWM190920P158,2019-09-17,2019-09-17 09:36:04,1.81,1.2312,34,1.78,1.2108,34,1.82,1.238,1,1.795,1.221,637,0
IWM190920P158,2019-09-17,2019-09-17 09:36:05,1.81,1.2312,11,1.79,1.2176,3,1.82,1.238,1,1.8,1.2244,637,0
IWM190920P158,2019-09-17,2019-09-17 09:36:05,1.79,1.2176,13,1.77,1.204,21,1.82,1.238,1,1.78,1.2108,637,0
IWM190920P158,2019-09-17,2019-09-17 09:36:06,1.8,1.2244,29,1.77,1.204,16,1.82,1.238,1,1.785,1.2142,637,0
IWM190920P158,2019-09-17,2019-09-17 09:36:06,1.8,1.2244,34,1.77,1.204,56,1.82,1.238,1,1.785,1.2142,637,0
IWM190920P158,2019-09-17,2019-09-17 09:36:07,1.8,1.2244,19,1.78,1.2108,47,1.82,1.238,1,1.79,1.2176,637,0
IWM190920P158,2019-09-17,2019-09-17 09:36:07,1.81,1.2312,34,1.78,1.2108,34,1.82,1.238,1,1.795,1.221,637,0
IWM190920P158,2019-09-17,2019-09-17 09:36:08,1.81,1.2312,21,1.77,1.204,71,1.82,1.238,1,1.79,1.2176,637,0
IWM190920P158,2019-09-17,2019-09-17 09:36:08,1.81,1.2312,25,1.78,1.2108,34,1.82,1.238,1,1.795,1.221,637,0
IWM190920P158,2019-09-17,2019-09-17 09:36:09,1.8,1.2244,19,1.78,1.2108,6,1.82,1.238,1,1.79,1.2176,637,0
IWM190920P158,2019-09-17,2019-09-17 09:36:10,1.82,1.238,6,1.8,1.2244,17,1.82,1.238,1,1.81,1.2312,637,0
IWM190920P158,2019-09-17,2019-09-17 09:36:10,1.82,1.238,8,1.8,1.2244,38,1.82,1.238,1,1.81,1.2312,637,0
IWM190920P158,2019-09-17,2019-09-17 09:36:11,1.82,1.238,21,1.79,1.2176,35,1.82,1.238,1,1.805,1.2278,637,0
IWM190920P158,2019-09-17,2019-09-17 09:36:11,1.82,1.238,21,1.8,1.2244,12,1.82,1.238,1,1.81,1.2312,637,0
IWM190920P158,2019-09-17,2019-09-17 09:36:12,1.82,1.238,31,1.79,1.2176,14,1.82,1.238,1,1.805,1.2278,637,0
IWM190920P158,2019-09-17,2019-09-17 09:36:12,1.82,1.238,31,1.79,1.2176,34,1.82,1.238,1,1.805,1.2278,637,0
IWM190920P158,2019-09-17,2019-09-17 09:36:13,1.82,1.238,21,1.8,1.2244,17,1.82,1.238,1,1.81,1.2312,637,0
IWM190920P158,2019-09-17,2019-09-17 09:36:13,1.85,1.2585,38,1.82,1.238,38,1.82,1.238,1,1.835,1.2482,637,0
IWM190920P158,2019-09-17,2019-09-17 09:36:14,1.85,1.2585,38,1.82,1.238,4,1.82,1.238,1,1.835,1.2482,637,0
IWM190920P158,2019-09-17,2019-09-17 09:36:14,1.83,1.2448,60,1.82,1.238,10,1.82,1.238,1,1.825,1.2414,637,0
IWM190920P158,2019-09-17,2019-09-17 09:36:15,1.83,1.2448,60,1.82,1.238,17,1.82,1.238,1,1.825,1.2414,637,0
IWM190920P158,2019-09-17,2019-09-17 09:36:16,1.83,1.2448,60,1.81,1.2312,22,1.82,1.238,1,1.82,1.238,637,0
IWM190920P158,2019-09-17,2019-09-17 09:36:17,1.82,1.238,6,1.8,1.2244,34,1.82,1.238,1,1.81,1.2312,637,0
IWM190920P158,2019-09-17,2019-09-17 09:36:17,1.82,1.238,8,1.8,1.2244,25,1.82,1.238,1,1.81,1.2312,637,0
IWM190920P158,2019-09-17,2019-09-17 09:36:18,1.82,1.238,34,1.79,1.2176,34,1.82,1.238,1,1.805,1.2278,637,0
IWM190920P158,2019-09-17,2019-09-17 09:36:18,1.82,1.238,26,1.79,1.2176,34,1.82,1.238,1,1.805,1.2278,637,0
IWM190920P158,2019-09-17,2019-09-17 09:36:19,1.83,1.2448,60,1.81,1.2312,13,1.82,1.238,1,1.82,1.238,637,0
IWM190920P158,2019-09-17,2019-09-17 09:36:19,1.82,1.238,31,1.79,1.2176,34,1.82,1.238,1,1.805,1.2278,637,0
IWM190920P158,2019-09-17,2019-09-17 09:36:20,1.83,1.2448,60,1.8,1.2244,19,1.82,1.238,1,1.815,1.2346,637,0
IWM190920P158,2019-09-17,2019-09-17 09:36:20,1.82,1.238,31,1.79,1.2176,51,1.82,1.238,1,1.805,1.2278,637,0
IWM190920P158,2019-09-17,2019-09-17 09:36:21,1.83,1.2448,60,1.81,1.2312,4,1.82,1.238,4,1.82,1.238,641,4
IWM190920P158,2019-09-17,2019-09-17 09:36:21,1.83,1.2448,60,1.81,1.2312,4,1.82,1.238,4,1.82,1.238,641,0
IWM190920P158,2019-09-17,2019-09-17 09:36:22,1.83,1.2448,51,1.8,1.2244,47,1.82,1.238,4,1.815,1.2346,641,0
IWM190920P158,2019-09-17,2019-09-17 09:36:23,1.83,1.2448,13,1.8,1.2244,34,1.82,1.238,4,1.815,1.2346,641,0
IWM190920P158,2019-09-17,2019-09-17 09:36:23,1.83,1.2448,16,1.8,1.2244,34,1.82,1.238,4,1.815,1.2346,641,0
IWM190920P158,2019-09-17,2019-09-17 09:36:24,1.82,1.238,13,1.8,1.2244,10,1.82,1.238,4,1.81,1.2312,641,0
IWM190920P158,2019-09-17,2019-09-17 09:36:24,1.82,1.238,3,1.8,1.2244,42,1.82,1.238,4,1.81,1.2312,641,0
IWM190920P158,2019-09-17,2019-09-17 09:36:25,1.82,1.238,18,1.79,1.2176,67,1.82,1.238,4,1.805,1.2278,641,0
IWM190920P158,2019-09-17,2019-09-17 09:36:25,1.82,1.238,13,1.8,1.2244,10,1.82,1.238,4,1.81,1.2312,641,0
IWM190920P158,2019-09-17,2019-09-17 09:36:26,1.81,1.2312,13,1.79,1.2176,40,1.82,1.238,4,1.8,1.2244,641,0
IWM190920P158,2019-09-17,2019-09-17 09:36:26,1.82,1.238,35,1.78,1.2108,190,1.82,1.238,4,1.8,1.2244,641,0
IWM190920P158,2019-09-17,2019-09-17 09:36:27,1.82,1.238,28,1.79,1.2176,44,1.82,1.238,4,1.805,1.2278,641,0
IWM190920P158,2019-09-17,2019-09-17 09:36:27,1.81,1.2312,4,1.79,1.2176,16,1.82,1.238,4,1.8,1.2244,641,0
IWM190920P158,2019-09-17,2019-09-17 09:36:28,1.82,1.238,28,1.79,1.2176,44,1.82,1.238,4,1.805,1.2278,641,0
IWM190920P158,2019-09-17,2019-09-17 09:36:28,1.83,1.2448,19,1.8,1.2244,34,1.82,1.238,4,1.815,1.2346,641,0
IWM190920P158,2019-09-17,2019-09-17 09:36:29,1.82,1.238,6,1.8,1.2244,17,1.82,1.238,4,1.81,1.2312,641,0
IWM190920P158,2019-09-17,2019-09-17 09:36:30,1.85,1.2585,13,1.83,1.2448,34,1.82,1.238,4,1.84,1.2517,641,0
IWM190920P158,2019-09-17,2019-09-17 09:36:30,1.85,1.2585,13,1.83,1.2448,4,1.82,1.238,4,1.84,1.2517,641,0
IWM190920P158,2019-09-17,2019-09-17 09:36:31,1.85,1.2585,13,1.84,1.2517,34,1.82,1.238,4,1.845,1.2551,641,0
IWM190920P158,2019-09-17,2019-09-17 09:36:31,1.87,1.2721,13,1.85,1.2585,4,1.82,1.238,4,1.86,1.2653,641,0
IWM190920P158,2019-09-17,2019-09-17 09:36:32,1.87,1.2721,18,1.84,1.2517,50,1.82,1.238,4,1.855,1.2619,641,0
IWM190920P158,2019-09-17,2019-09-17 09:36:32,1.87,1.2721,13,1.85,1.2585,5,1.82,1.238,4,1.86,1.2653,641,0
IWM190920P158,2019-09-17,2019-09-17 09:36:33,1.88,1.2789,21,1.85,1.2585,33,1.82,1.238,4,1.865,1.2687,641,0
IWM190920P158,2019-09-17,2019-09-17 09:36:33,1.87,1.2721,13,1.85,1.2585,5,1.82,1.238,4,1.86,1.2653,641,0
IWM190920P158,2019-09-17,2019-09-17 09:36:34,1.88,1.2789,13,1.86,1.2653,50,1.82,1.238,4,1.87,1.2721,641,0
IWM190920P158,2019-09-17,2019-09-17 09:36:34,1.88,1.2789,13,1.86,1.2653,2,1.82,1.238,4,1.87,1.2721,641,0
IWM190920P158,2019-09-17,2019-09-17 09:36:35,1.88,1.2789,13,1.86,1.2653,2,1.82,1.238,4,1.87,1.2721,641,0
IWM190920P158,2019-09-17,2019-09-17 09:36:35,1.88,1.2789,13,1.86,1.2653,6,1.82,1.238,4,1.87,1.2721,641,0
IWM190920P158,2019-09-17,2019-09-17 09:36:36,1.88,1.2789,13,1.86,1.2653,50,1.82,1.238,4,1.87,1.2721,641,0
IWM190920P158,2019-09-17,2019-09-17 09:36:36,1.89,1.2857,46,1.86,1.2653,46,1.82,1.238,4,1.875,1.2755,641,0
IWM190920P158,2019-09-17,2019-09-17 09:36:37,1.87,1.2721,18,1.85,1.2585,33,1.82,1.238,4,1.86,1.2653,641,0
IWM190920P158,2019-09-17,2019-09-17 09:36:37,1.88,1.2789,22,1.85,1.2585,69,1.82,1.238,4,1.865,1.2687,641,0
IWM190920P158,2019-09-17,2019-09-17 09:36:38,1.88,1.2789,22,1.85,1.2585,46,1.82,1.238,4,1.865,1.2687,641,0
IWM190920P158,2019-09-17,2019-09-17 09:36:38,1.88,1.2789,22,1.85,1.2585,69,1.82,1.238,4,1.865,1.2687,641,0
IWM190920P158,2019-09-17,2019-09-17 09:36:39,1.88,1.2789,22,1.86,1.2653,18,1.82,1.238,4,1.87,1.2721,641,0
IWM190920P158,2019-09-17,2019-09-17 09:36:39,1.88,1.2789,9,1.86,1.2653,33,1.82,1.238,4,1.87,1.2721,641,0
IWM190920P158,2019-09-17,2019-09-17 09:36:40,1.88,1.2789,10,1.86,1.2653,18,1.82,1.238,4,1.87,1.2721,641,0
IWM190920P158,2019-09-17,2019-09-17 09:36:41,1.9,1.2925,100,1.88,1.2789,17,1.88,1.2789,8,1.89,1.2857,664,23
IWM190920P158,2019-09-17,2019-09-17 09:36:41,1.9,1.2925,100,1.87,1.2721,32,1.88,1.2789,8,1.885,1.2823,664,0
IWM190920P158,2019-09-17,2019-09-17 09:36:42,1.9,1.2925,100,1.88,1.2789,2,1.88,1.2789,1,1.89,1.2857,665,1
IWM190920P158,2019-09-17,2019-09-17 09:36:42,1.9,1.2925,100,1.87,1.2721,32,1.88,1.2789,8,1.885,1.2823,664,0
IWM190920P158,2019-09-17,2019-09-17 09:36:43,1.93,1.3129,13,1.9,1.2925,16,1.92,1.3061,7,1.915,1.3027,772,7
IWM190920P158,2019-09-17,2019-09-17 09:36:43,1.9,1.2925,100,1.88,1.2789,6,1.9,1.2925,58,1.89,1.2857,765,100
IWM190920P158,2019-09-17,2019-09-17 09:36:44,1.93,1.3129,13,1.9,1.2925,20,1.92,1.3061,7,1.915,1.3027,772,0
IWM190920P158,2019-09-17,2019-09-17 09:36:44,1.92,1.3061,13,1.9,1.2925,30,1.92,1.3061,7,1.91,1.2993,772,0
IWM190920P158,2019-09-17,2019-09-17 09:36:45,1.92,1.3061,13,1.89,1.2857,25,1.92,1.3061,4,1.905,1.2959,779,0
IWM190920P158,2019-09-17,2019-09-17 09:36:45,1.94,1.3197,13,1.9,1.2925,21,1.92,1.3061,4,1.92,1.3061,779,7
IWM190920P158,2019-09-17,2019-09-17 09:36:46,1.93,1.3129,25,1.89,1.2857,27,1.92,1.3061,4,1.91,1.2993,779,0
IWM190920P158,2019-09-17,2019-09-17 09:36:47,1.93,1.3129,25,1.91,1.2993,2,1.92,1.3061,4,1.92,1.3061,779,0
IWM190920P158,2019-09-17,2019-09-17 09:36:47,1.93,1.3129,13,1.91,1.2993,21,1.92,1.3061,4,1.92,1.3061,779,0
IWM190920P158,2019-09-17,2019-09-17 09:36:48,1.93,1.3129,13,1.91,1.2993,21,1.92,1.3061,4,1.92,1.3061,779,0
IWM190920P158,2019-09-17,2019-09-17 09:36:48,1.92,1.3061,19,1.89,1.2857,33,1.92,1.3061,4,1.905,1.2959,779,0
IWM190920P158,2019-09-17,2019-09-17 09:36:49,1.91,1.2993,127,1.9,1.2925,4,1.91,1.2993,1,1.905,1.2959,793,14
IWM190920P158,2019-09-17,2019-09-17 09:36:49,1.92,1.3061,19,1.89,1.2857,37,1.92,1.3061,4,1.905,1.2959,779,0
IWM190920P158,2019-09-17,2019-09-17 09:36:50,1.91,1.2993,140,1.89,1.2857,33,1.91,1.2993,1,1.9,1.2925,793,0
IWM190920P158,2019-09-17,2019-09-17 09:36:50,1.91,1.2993,140,1.89,1.2857,29,1.91,1.2993,1,1.9,1.2925,793,0
IWM190920P158,2019-09-17,2019-09-17 09:36:51,1.92,1.3061,23,1.9,1.2925,30,1.91,1.2993,1,1.91,1.2993,793,0
IWM190920P158,2019-09-17,2019-09-17 09:36:51,1.92,1.3061,50,1.89,1.2857,48,1.91,1.2993,1,1.905,1.2959,793,0
IWM190920P158,2019-09-17,2019-09-17 09:36:52,1.92,1.3061,22,1.89,1.2857,33,1.91,1.2993,1,1.905,1.2959,793,0
IWM190920P158,2019-09-17,2019-09-17 09:36:52,1.92,1.3061,33,1.89,1.2857,26,1.91,1.2993,1,1.905,1.2959,793,0
IWM190920P158,2019-09-17,2019-09-17 09:36:53,1.92,1.3061,35,1.89,1.2857,26,1.91,1.2993,1,1.905,1.2959,793,0
IWM190920P158,2019-09-17,2019-09-17 09:36:54,1.91,1.2993,13,1.89,1.2857,20,1.91,1.2993,1,1.9,1.2925,793,0
IWM190920P158,2019-09-17,2019-09-17 09:36:54,1.92,1.3061,26,1.9,1.2925,5,1.91,1.2993,1,1.91,1.2993,793,0
IWM190920P158,2019-09-17,2019-09-17 09:36:55,1.9,1.2925,30,1.87,1.2721,33,1.91,1.2993,1,1.885,1.2823,793,0
IWM190920P158,2019-09-17,2019-09-17 09:36:55,1.9,1.2925,26,1.87,1.2721,33,1.91,1.2993,1,1.885,1.2823,793,0
IWM190920P158,2019-09-17,2019-09-17 09:36:56,1.9,1.2925,30,1.87,1.2721,33,1.91,1.2993,1,1.885,1.2823,793,0
IWM190920P158,2019-09-17,2019-09-17 09:36:57,1.91,1.2993,13,1.89,1.2857,19,1.9,1.2925,1,1.9,1.2925,794,1
IWM190920P158,2019-09-17,2019-09-17 09:36:57,1.92,1.3061,25,1.89,1.2857,19,1.9,1.2925,1,1.905,1.2959,794,0
IWM190920P158,2019-09-17,2019-09-17 09:36:58,1.92,1.3061,25,1.89,1.2857,39,1.9,1.2925,1,1.905,1.2959,794,0
IWM190920P158,2019-09-17,2019-09-17 09:36:59,1.93,1.3129,13,1.9,1.2925,28,1.9,1.2925,1,1.915,1.3027,794,0
IWM190920P158,2019-09-17,2019-09-17 09:36:59,1.94,1.3197,25,1.91,1.2993,27,1.9,1.2925,1,1.925,1.3095,794,0
IWM190920P158,2019-09-17,2019-09-17 09:37:00,1.93,1.3129,13,1.91,1.2993,27,1.9,1.2925,1,1.92,1.3061,794,0
IWM190920P158,2019-09-17,2019-09-17 09:37:00,1.93,1.3129,13,1.91,1.2993,14,1.9,1.2925,1,1.92,1.3061,794,0
IWM190920P158,2019-09-17,2019-09-17 09:37:01,1.95,1.3265,50,1.92,1.3061,46,1.9,1.2925,1,1.935,1.3163,794,0
IWM190920P158,2019-09-17,2019-09-17 09:37:01,1.95,1.3265,16,1.92,1.3061,28,1.9,1.2925,1,1.935,1.3163,794,0
IWM190920P158,2019-09-17,2019-09-17 09:37:02,1.93,1.3129,16,1.9,1.2925,25,1.9,1.2925,1,1.915,1.3027,794,0
IWM190920P158,2019-09-17,2019-09-17 09:37:02,1.94,1.3197,13,1.92,1.3061,15,1.9,1.2925,1,1.93,1.3129,794,0
IWM190920P158,2019-09-17,2019-09-17 09:37:03,1.93,1.3129,16,1.9,1.2925,38,1.9,1.2925,1,1.915,1.3027,794,0
IWM190920P158,2019-09-17,2019-09-17 09:37:03,1.93,1.3129,23,1.9,1.2925,20,1.9,1.2925,1,1.915,1.3027,794,0
IWM190920P158,2019-09-17,2019-09-17 09:37:04,1.92,1.3061,13,1.9,1.2925,20,1.9,1.2925,1,1.91,1.2993,794,0
IWM190920P158,2019-09-17,2019-09-17 09:37:04,1.92,1.3061,13,1.9,1.2925,36,1.9,1.2925,1,1.91,1.2993,794,0
IWM190920P158,2019-09-17,2019-09-17 09:37:05,1.94,1.3197,36,1.92,1.3061,7,1.9,1.2925,1,1.93,1.3129,794,0
IWM190920P158,2019-09-17,2019-09-17 09:37:06,1.95,1.3265,13,1.93,1.3129,20,1.9,1.2925,1,1.94,1.3197,794,0
IWM190920P158,2019-09-17,2019-09-17 09:37:07,1.94,1.3197,13,1.92,1.3061,77,1.94,1.3197,13,1.93,1.3129,807,0
IWM190920P158,2019-09-17,2019-09-17 09:37:07,1.95,1.3265,15,1.92,1.3061,46,1.94,1.3197,13,1.935,1.3163,807,13
IWM190920P158,2019-09-17,2019-09-17 09:37:08,1.93,1.3129,13,1.91,1.2993,20,1.94,1.3197,13,1.92,1.3061,807,0
IWM190920P158,2019-09-17,2019-09-17 09:37:08,1.94,1.3197,30,1.91,1.2993,33,1.94,1.3197,13,1.925,1.3095,807,0
IWM190920P158,2019-09-17,2019-09-17 09:37:09,1.93,1.3129,13,1.91,1.2993,18,1.94,1.3197,13,1.92,1.3061,807,0
IWM190920P158,2019-09-17,2019-09-17 09:37:09,1.93,1.3129,25,1.91,1.2993,10,1.94,1.3197,13,1.92,1.3061,807,0
IWM190920P158,2019-09-17,2019-09-17 09:37:10,1.91,1.2993,52,1.88,1.2789,42,1.94,1.3197,13,1.895,1.2891,807,0
IWM190920P158,2019-09-17,2019-09-17 09:37:10,1.92,1.3061,31,1.88,1.2789,28,1.94,1.3197,13,1.9,1.2925,807,0
IWM190920P158,2019-09-17,2019-09-17 09:37:11,1.91,1.2993,52,1.88,1.2789,47,1.94,1.3197,13,1.895,1.2891,807,0
IWM190920P158,2019-09-17,2019-09-17 09:37:11,1.9,1.2925,33,1.86,1.2653,51,1.94,1.3197,13,1.88,1.2789,807,0
IWM190920P158,2019-09-17,2019-09-17 09:37:12,1.88,1.2789,7,1.86,1.2653,21,1.94,1.3197,13,1.87,1.2721,807,0
IWM190920P158,2019-09-17,2019-09-17 09:37:12,1.89,1.2857,51,1.86,1.2653,21,1.94,1.3197,13,1.875,1.2755,807,0
IWM190920P158,2019-09-17,2019-09-17 09:37:13,1.88,1.2789,13,1.86,1.2653,21,1.94,1.3197,13,1.87,1.2721,807,0
IWM190920P158,2019-09-17,2019-09-17 09:37:13,1.89,1.2857,51,1.86,1.2653,14,1.94,1.3197,13,1.875,1.2755,807,0
IWM190920P158,2019-09-17,2019-09-17 09:37:14,1.9,1.2925,40,1.87,1.2721,13,1.94,1.3197,13,1.885,1.2823,807,0
IWM190920P158,2019-09-17,2019-09-17 09:37:15,1.9,1.2925,40,1.89,1.2857,2,1.94,1.3197,13,1.895,1.2891,807,0
IWM190920P158,2019-09-17,2019-09-17 09:37:15,1.93,1.3129,25,1.89,1.2857,25,1.94,1.3197,13,1.91,1.2993,807,0
IWM190920P158,2019-09-17,2019-09-17 09:37:16,1.91,1.2993,19,1.88,1.2789,35,1.94,1.3197,13,1.895,1.2891,807,0
IWM190920P158,2019-09-17,2019-09-17 09:37:16,1.92,1.3061,13,1.9,1.2925,13,1.94,1.3197,13,1.91,1.2993,807,0
IWM190920P158,2019-09-17,2019-09-17 09:37:17,1.91,1.2993,47,1.89,1.2857,14,1.94,1.3197,13,1.9,1.2925,807,0
IWM190920P158,2019-09-17,2019-09-17 09:37:17,1.91,1.2993,33,1.89,1.2857,14,1.94,1.3197,13,1.9,1.2925,807,0
IWM190920P158,2019-09-17,2019-09-17 09:37:18,1.91,1.2993,27,1.89,1.2857,19,1.94,1.3197,13,1.9,1.2925,807,0
IWM190920P158,2019-09-17,2019-09-17 09:37:18,1.91,1.2993,33,1.89,1.2857,14,1.94,1.3197,13,1.9,1.2925,807,0
IWM190920P158,2019-09-17,2019-09-17 09:37:19,1.91,1.2993,27,1.89,1.2857,19,1.94,1.3197,13,1.9,1.2925,807,0
IWM190920P158,2019-09-17,2019-09-17 09:37:19,1.91,1.2993,46,1.88,1.2789,21,1.94,1.3197,13,1.895,1.2891,807,0
IWM190920P158,2019-09-17,2019-09-17 09:37:20,1.91,1.2993,41,1.88,1.2789,21,1.94,1.3197,13,1.895,1.2891,807,0
IWM190920P158,2019-09-17,2019-09-17 09:37:20,1.92,1.3061,35,1.89,1.2857,39,1.94,1.3197,13,1.905,1.2959,807,0
IWM190920P158,2019-09-17,2019-09-17 09:37:21,1.91,1.2993,32,1.89,1.2857,26,1.94,1.3197,13,1.9,1.2925,807,0
IWM190920P158,2019-09-17,2019-09-17 09:37:21,1.92,1.3061,219,1.9,1.2925,19,1.92,1.3061,10,1.91,1.2993,817,10
IWM190920P158,2019-09-17,2019-09-17 09:37:22,1.95,1.3265,15,1.91,1.2993,20,1.92,1.3061,5,1.93,1.3129,822,5
IWM190920P158,2019-09-17,2019-09-17 09:37:22,1.94,1.3197,13,1.92,1.3061,33,1.92,1.3061,5,1.93,1.3129,822,0
IWM190920P158,2019-09-17,2019-09-17 09:37:23,1.96,1.3333,12,1.93,1.3129,33,1.94,1.3197,3,1.945,1.3231,834,12
IWM190920P158,2019-09-17,2019-09-17 09:37:23,1.97,1.3401,22,1.95,1.3265,33,1.94,1.3197,3,1.96,1.3333,834,0
IWM190920P158,2019-09-17,2019-09-17 09:37:24,1.97,1.3401,9,1.95,1.3265,46,1.94,1.3197,3,1.96,1.3333,834,0
IWM190920P158,2019-09-17,2019-09-17 09:37:24,1.97,1.3401,22,1.95,1.3265,46,1.94,1.3197,3,1.96,1.3333,834,0
IWM190920P158,2019-09-17,2019-09-17 09:37:25,1.98,1.3469,38,1.95,1.3265,61,1.94,1.3197,3,1.965,1.3367,834,0
IWM190920P158,2019-09-17,2019-09-17 09:37:25,1.98,1.3469,37,1.95,1.3265,37,1.94,1.3197,3,1.965,1.3367,834,0
IWM190920P158,2019-09-17,2019-09-17 09:37:26,1.98,1.3469,12,1.96,1.3333,33,1.94,1.3197,3,1.97,1.3401,834,0
IWM190920P158,2019-09-17,2019-09-17 09:37:26,1.99,1.3537,25,1.97,1.3401,14,1.94,1.3197,3,1.98,1.3469,834,0
IWM190920P158,2019-09-17,2019-09-17 09:37:27,1.99,1.3537,56,1.96,1.3333,50,1.94,1.3197,3,1.975,1.3435,834,0
IWM190920P158,2019-09-17,2019-09-17 09:37:27,1.99,1.3537,3,1.97,1.3401,24,1.94,1.3197,3,1.98,1.3469,834,0
IWM190920P158,2019-09-17,2019-09-17 09:37:28,1.99,1.3537,7,1.97,1.3401,33,1.94,1.3197,3,1.98,1.3469,834,0
IWM190920P158,2019-09-17,2019-09-17 09:37:28,1.97,1.3401,16,1.96,1.3333,13,1.94,1.3197,3,1.965,1.3367,834,0
IWM190920P158,2019-09-17,2019-09-17 09:37:29,1.99,1.3537,20,1.97,1.3401,50,1.94,1.3197,3,1.98,1.3469,834,0
IWM190920P158,2019-09-17,2019-09-17 09:37:29,1.99,1.3537,17,1.97,1.3401,50,1.94,1.3197,3,1.98,1.3469,834,0
IWM190920P158,2019-09-17,2019-09-17 09:37:30,1.98,1.3469,28,1.95,1.3265,46,1.94,1.3197,3,1.965,1.3367,834,0
IWM190920P158,2019-09-17,2019-09-17 09:37:30,1.99,1.3537,37,1.96,1.3333,25,1.94,1.3197,3,1.975,1.3435,834,0
IWM190920P158,2019-09-17,2019-09-17 09:37:31,1.98,1.3469,12,1.96,1.3333,33,1.94,1.3197,3,1.97,1.3401,834,0
IWM190920P158,2019-09-17,2019-09-17 09:37:31,1.98,1.3469,12,1.96,1.3333,39,1.94,1.3197,3,1.97,1.3401,834,0
IWM190920P158,2019-09-17,2019-09-17 09:37:32,1.98,1.3469,13,1.95,1.3265,33,1.94,1.3197,3,1.965,1.3367,834,0
IWM190920P158,2019-09-17,2019-09-17 09:37:33,1.97,1.3401,1,1.95,1.3265,25,1.94,1.3197,3,1.96,1.3333,834,0
IWM190920P158,2019-09-17,2019-09-17 09:37:33,1.97,1.3401,13,1.95,1.3265,25,1.94,1.3197,3,1.96,1.3333,834,0
IWM190920P158,2019-09-17,2019-09-17 09:37:34,1.97,1.3401,18,1.94,1.3197,13,1.96,1.3333,1,1.955,1.3299,855,21
IWM190920P158,2019-09-17,2019-09-17 09:37:34,1.97,1.3401,32,1.94,1.3197,19,1.96,1.3333,1,1.955,1.3299,855,0
IWM190920P158,2019-09-17,2019-09-17 09:37:35,1.97,1.3401,45,1.94,1.3197,25,1.96,1.3333,1,1.955,1.3299,855,0
IWM190920P158,2019-09-17,2019-09-17 09:37:35,1.97,1.3401,33,1.94,1.3197,25,1.96,1.3333,1,1.955,1.3299,855,0
IWM190920P158,2019-09-17,2019-09-17 09:37:36,1.97,1.3401,12,1.95,1.3265,13,1.96,1.3333,1,1.96,1.3333,855,0
IWM190920P158,2019-09-17,2019-09-17 09:37:36,1.99,1.3537,25,1.96,1.3333,22,1.96,1.3333,1,1.975,1.3435,855,0
IWM190920P158,2019-09-17,2019-09-17 09:37:37,1.99,1.3537,8,1.98,1.3469,13,1.96,1.3333,1,1.985,1.3503,855,0
IWM190920P158,2019-09-17,2019-09-17 09:37:37,1.99,1.3537,8,1.97,1.3401,22,1.96,1.3333,1,1.98,1.3469,855,0
IWM190920P158,2019-09-17,2019-09-17 09:37:38,1.99,1.3537,8,1.98,1.3469,17,1.96,1.3333,1,1.985,1.3503,855,0
IWM190920P158,2019-09-17,2019-09-17 09:37:38,1.99,1.3537,8,1.98,1.3469,13,1.96,1.3333,1,1.985,1.3503,855,0
IWM190920P158,2019-09-17,2019-09-17 09:37:39,2.0,1.3605,131,1.97,1.3401,34,1.96,1.3333,1,1.985,1.3503,855,0
IWM190920P158,2019-09-17,2019-09-17 09:37:39,2.0,1.3605,131,1.98,1.3469,15,1.96,1.3333,1,1.99,1.3537,855,0
IWM190920P158,2019-09-17,2019-09-17 09:37:40,2.0,1.3605,131,1.98,1.3469,15,1.96,1.3333,1,1.99,1.3537,855,0
IWM190920P158,2019-09-17,2019-09-17 09:37:41,2.0,1.3605,131,1.98,1.3469,15,1.96,1.3333,1,1.99,1.3537,855,0
IWM190920P158,2019-09-17,2019-09-17 09:37:41,2.02,1.3741,15,2.0,1.3605,140,2.0,1.3605,100,2.01,1.3673,986,131
IWM190920P158,2019-09-17,2019-09-17 09:37:42,2.09,1.4217,67,2.01,1.3673,278,2.05,1.3945,3,2.05,1.3945,994,0
IWM190920P158,2019-09-17,2019-09-17 09:37:42,2.05,1.3945,3,2.01,1.3673,213,2.05,1.3945,3,2.03,1.3809,994,8
IWM190920P158,2019-09-17,2019-09-17 09:37:43,2.07,1.4081,35,2.04,1.3877,35,2.05,1.3945,3,2.055,1.3979,994,0
IWM190920P158,2019-09-17,2019-09-17 09:37:43,2.07,1.4081,13,2.04,1.3877,35,2.05,1.3945,3,2.055,1.3979,994,0
IWM190920P158,2019-09-17,2019-09-17 09:37:44,2.07,1.4081,53,2.04,1.3877,53,2.05,1.3945,3,2.055,1.3979,994,0
IWM190920P158,2019-09-17,2019-09-17 09:37:44,2.06,1.4013,13,2.04,1.3877,22,2.05,1.3945,3,2.05,1.3945,994,0
IWM190920P158,2019-09-17,2019-09-17 09:37:45,2.07,1.4081,32,2.04,1.3877,35,2.05,1.3945,3,2.055,1.3979,994,0
IWM190920P158,2019-09-17,2019-09-17 09:37:46,2.08,1.4149,40,2.04,1.3877,35,2.05,1.3945,3,2.06,1.4013,994,0
IWM190920P158,2019-09-17,2019-09-17 09:37:46,2.09,1.4217,41,2.06,1.4013,35,2.05,1.3945,3,2.075,1.4115,994,0
IWM190920P158,2019-09-17,2019-09-17 09:37:47,2.08,1.4149,13,2.05,1.3945,48,2.05,1.3945,3,2.065,1.4047,994,0
IWM190920P158,2019-09-17,2019-09-17 09:37:48,2.08,1.4149,28,2.04,1.3877,14,2.05,1.3945,3,2.06,1.4013,994,0
IWM190920P158,2019-09-17,2019-09-17 09:37:48,2.09,1.4217,25,2.06,1.4013,48,2.05,1.3945,3,2.075,1.4115,994,0
IWM190920P158,2019-09-17,2019-09-17 09:37:49,2.09,1.4217,10,2.06,1.4013,35,2.05,1.3945,3,2.075,1.4115,994,0
IWM190920P158,2019-09-17,2019-09-17 09:37:49,2.09,1.4217,35,2.06,1.4013,35,2.05,1.3945,3,2.075,1.4115,994,0
IWM190920P158,2019-09-17,2019-09-17 09:37:50,2.09,1.4217,23,2.05,1.3945,10,2.05,1.3945,3,2.07,1.4081,994,0
IWM190920P158,2019-09-17,2019-09-17 09:37:50,2.09,1.4217,23,2.05,1.3945,35,2.05,1.3945,3,2.07,1.4081,994,0
IWM190920P158,2019-09-17,2019-09-17 09:37:51,2.07,1.4081,13,2.04,1.3877,13,2.05,1.3945,3,2.055,1.3979,994,0
IWM190920P158,2019-09-17,2019-09-17 09:37:52,2.06,1.4013,25,1.99,1.3537,10,2.05,1.3945,3,2.025,1.3775,994,0
IWM190920P158,2019-09-17,2019-09-17 09:37:52,2.06,1.4013,35,2.03,1.3809,13,2.05,1.3945,3,2.045,1.3911,994,0
IWM190920P158,2019-09-17,2019-09-17 09:37:53,2.05,1.3945,7,2.02,1.3741,48,2.05,1.3945,3,2.035,1.3843,994,0
IWM190920P158,2019-09-17,2019-09-17 09:37:53,2.05,1.3945,35,2.02,1.3741,48,2.05,1.3945,3,2.035,1.3843,994,0
IWM190920P158,2019-09-17,2019-09-17 09:37:54,2.05,1.3945,7,2.02,1.3741,13,2.05,1.3945,3,2.035,1.3843,994,0
IWM190920P158,2019-09-17,2019-09-17 09:37:55,2.09,1.4217,25,2.02,1.3741,28,2.05,1.3945,3,2.055,1.3979,994,0
IWM190920P158,2019-09-17,2019-09-17 09:37:55,2.05,1.3945,7,2.03,1.3809,13,2.05,1.3945,3,2.04,1.3877,994,0
IWM190920P158,2019-09-17,2019-09-17 09:37:56,2.09,1.4217,13,2.04,1.3877,13,2.05,1.3945,3,2.065,1.4047,994,0
IWM190920P158,2019-09-17,2019-09-17 09:37:56,2.09,1.4217,13,2.06,1.4013,13,2.05,1.3945,3,2.075,1.4115,994,0
IWM190920P158,2019-09-17,2019-09-17 09:37:57,2.09,1.4217,13,2.05,1.3945,52,2.05,1.3945,3,2.07,1.4081,994,0
IWM190920P158,2019-09-17,2019-09-17 09:37:57,2.08,1.4149,48,2.05,1.3945,35,2.05,1.3945,3,2.065,1.4047,994,0
IWM190920P158,2019-09-17,2019-09-17 09:37:58,2.06,1.4013,13,2.03,1.3809,35,2.05,1.3945,3,2.045,1.3911,994,0
IWM190920P158,2019-09-17,2019-09-17 09:37:58,2.06,1.4013,13,2.03,1.3809,24,2.05,1.3945,3,2.045,1.3911,994,0
IWM190920P158,2019-09-17,2019-09-17 09:37:59,2.05,1.3945,35,2.03,1.3809,27,2.05,1.3945,3,2.04,1.3877,994,0
IWM190920P158,2019-09-17,2019-09-17 09:37:59,2.06,1.4013,13,2.03,1.3809,13,2.05,1.3945,3,2.045,1.3911,994,0
IWM190920P158,2019-09-17,2019-09-17 09:38:00,2.05,1.3945,35,2.03,1.3809,27,2.05,1.3945,3,2.04,1.3877,994,0
IWM190920P158,2019-09-17,2019-09-17 09:38:00,2.08,1.4149,17,2.04,1.3877,14,2.05,1.3945,3,2.06,1.4013,994,0
IWM190920P158,2019-09-17,2019-09-17 09:38:01,2.08,1.4149,41,2.04,1.3877,21,2.05,1.3945,3,2.06,1.4013,994,0
IWM190920P158,2019-09-17,2019-09-17 09:38:02,2.08,1.4149,30,2.05,1.3945,13,2.05,1.3945,3,2.065,1.4047,994,0
IWM190920P158,2019-09-17,2019-09-17 09:38:02,2.09,1.4217,25,2.06,1.4013,31,2.05,1.3945,3,2.075,1.4115,994,0
IWM190920P158,2019-09-17,2019-09-17 09:38:03,2.07,1.4081,13,2.05,1.3945,22,2.05,1.3945,3,2.06,1.4013,994,0
IWM190920P158,2019-09-17,2019-09-17 09:38:03,2.08,1.4149,7,2.05,1.3945,35,2.05,1.3945,3,2.065,1.4047,994,0
IWM190920P158,2019-09-17,2019-09-17 09:38:04,2.08,1.4149,48,2.06,1.4013,17,2.05,1.3945,3,2.07,1.4081,994,0
IWM190920P158,2019-09-17,2019-09-17 09:38:05,2.08,1.4149,76,2.05,1.3945,35,2.05,1.3945,3,2.065,1.4047,994,0
IWM190920P158,2019-09-17,2019-09-17 09:38:05,2.08,1.4149,4,2.04,1.3877,10,2.05,1.3945,3,2.06,1.4013,994,0
IWM190920P158,2019-09-17,2019-09-17 09:38:06,2.06,1.4013,14,2.0,1.3605,29,2.05,1.3945,3,2.03,1.3809,994,0
IWM190920P158,2019-09-17,2019-09-17 09:38:06,2.04,1.3877,13,2.0,1.3605,13,2.05,1.3945,3,2.02,1.3741,994,0
IWM190920P158,2019-09-17,2019-09-17 09:38:07,2.03,1.3809,25,2.0,1.3605,35,2.05,1.3945,3,2.015,1.3707,994,0
IWM190920P158,2019-09-17,2019-09-17 09:38:08,2.02,1.3741,13,1.99,1.3537,35,2.05,1.3945,3,2.005,1.3639,994,0
IWM190920P158,2019-09-17,2019-09-17 09:38:08,2.03,1.3809,26,2.0,1.3605,29,2.05,1.3945,3,2.015,1.3707,994,0
IWM190920P158,2019-09-17,2019-09-17 09:38:09,2.01,1.3673,35,1.99,1.3537,13,2.05,1.3945,3,2.0,1.3605,994,0
IWM190920P158,2019-09-17,2019-09-17 09:38:09,2.03,1.3809,26,2.0,1.3605,29,2.05,1.3945,3,2.015,1.3707,994,0
IWM190920P158,2019-09-17,2019-09-17 09:38:10,2.01,1.3673,35,1.99,1.3537,26,2.05,1.3945,3,2.0,1.3605,994,0
IWM190920P158,2019-09-17,2019-09-17 09:38:10,2.01,1.3673,48,1.99,1.3537,13,2.05,1.3945,3,2.0,1.3605,994,0
IWM190920P158,2019-09-17,2019-09-17 09:38:11,2.0,1.3605,33,1.98,1.3469,24,2.05,1.3945,3,1.99,1.3537,994,0
IWM190920P158,2019-09-17,2019-09-17 09:38:11,2.0,1.3605,46,1.97,1.3401,48,2.05,1.3945,3,1.985,1.3503,994,0
IWM190920P158,2019-09-17,2019-09-17 09:38:12,2.03,1.3809,48,2.0,1.3605,48,2.05,1.3945,3,2.015,1.3707,994,0
IWM190920P158,2019-09-17,2019-09-17 09:38:13,2.03,1.3809,48,2.0,1.3605,48,2.05,1.3945,3,2.015,1.3707,994,0
IWM190920P158,2019-09-17,2019-09-17 09:38:13,2.03,1.3809,72,2.0,1.3605,48,2.05,1.3945,3,2.015,1.3707,994,0
IWM190920P158,2019-09-17,2019-09-17 09:38:14,2.04,1.3877,13,2.02,1.3741,13,2.05,1.3945,3,2.03,1.3809,994,0
IWM190920P158,2019-09-17,2019-09-17 09:38:14,2.06,1.4013,13,2.03,1.3809,48,2.05,1.3945,3,2.045,1.3911,994,0
IWM190920P158,2019-09-17,2019-09-17 09:38:15,2.05,1.3945,45,2.03,1.3809,35,2.05,1.3945,3,2.04,1.3877,994,0
IWM190920P158,2019-09-17,2019-09-17 09:38:15,2.04,1.3877,72,2.0,1.3605,48,2.05,1.3945,3,2.02,1.3741,994,0
IWM190920P158,2019-09-17,2019-09-17 09:38:16,2.07,1.4081,13,2.05,1.3945,22,2.05,1.3945,3,2.06,1.4013,994,0
IWM190920P158,2019-09-17,2019-09-17 09:38:16,2.08,1.4149,13,2.02,1.3741,35,2.05,1.3945,3,2.05,1.3945,994,0
IWM190920P158,2019-09-17,2019-09-17 09:38:17,2.07,1.4081,35,2.05,1.3945,35,2.05,1.3945,3,2.06,1.4013,994,0
IWM190920P158,2019-09-17,2019-09-17 09:38:17,2.07,1.4081,35,2.05,1.3945,22,2.05,1.3945,3,2.06,1.4013,994,0
IWM190920P158,2019-09-17,2019-09-17 09:38:18,2.09,1.4217,13,2.07,1.4081,35,2.05,1.3945,3,2.08,1.4149,994,0
IWM190920P158,2019-09-17,2019-09-17 09:38:19,2.08,1.4149,13,2.06,1.4013,35,2.05,1.3945,3,2.07,1.4081,994,0
IWM190920P158,2019-09-17,2019-09-17 09:38:19,2.08,1.4149,13,2.05,1.3945,35,2.05,1.3945,3,2.065,1.4047,994,0
IWM190920P158,2019-09-17,2019-09-17 09:38:20,2.09,1.4217,13,2.06,1.4013,35,2.05,1.3945,3,2.075,1.4115,994,0
IWM190920P158,2019-09-17,2019-09-17 09:38:20,2.08,1.4149,53,2.05,1.3945,53,2.05,1.3945,3,2.065,1.4047,994,0
IWM190920P158,2019-09-17,2019-09-17 09:38:21,2.09,1.4217,13,2.06,1.4013,35,2.05,1.3945,3,2.075,1.4115,994,0
IWM190920P158,2019-09-17,2019-09-17 09:38:22,2.09,1.4217,13,2.07,1.4081,23,2.05,1.3945,3,2.08,1.4149,994,0
IWM190920P158,2019-09-17,2019-09-17 09:38:22,2.09,1.4217,32,2.07,1.4081,23,2.05,1.3945,3,2.08,1.4149,994,0
IWM190920P158,2019-09-17,2019-09-17 09:38:23,2.09,1.4217,45,2.06,1.4013,48,2.05,1.3945,3,2.075,1.4115,994,0
IWM190920P158,2019-09-17,2019-09-17 09:38:24,2.09,1.4217,45,2.06,1.4013,35,2.05,1.3945,3,2.075,1.4115,994,0
IWM190920P158,2019-09-17,2019-09-17 09:38:25,2.09,1.4217,68,2.06,1.4013,53,2.05,1.3945,3,2.075,1.4115,994,0
IWM190920P158,2019-09-17,2019-09-17 09:38:26,2.08,1.4149,48,2.05,1.3945,35,2.05,1.3945,3,2.065,1.4047,994,0
IWM190920P158,2019-09-17,2019-09-17 09:38:26,2.07,1.4081,35,2.02,1.3741,13,2.05,1.3945,3,2.045,1.3911,994,0
IWM190920P158,2019-09-17,2019-09-17 09:38:27,2.06,1.4013,35,2.03,1.3809,48,2.05,1.3945,3,2.045,1.3911,994,0
IWM190920P158,2019-09-17,2019-09-17 09:38:28,2.04,1.3877,13,2.01,1.3673,35,2.05,1.3945,3,2.025,1.3775,994,0
IWM190920P158,2019-09-17,2019-09-17 09:38:28,2.04,1.3877,13,2.01,1.3673,13,2.03,1.3809,29,2.025,1.3775,1023,29
IWM190920P158,2019-09-17,2019-09-17 09:38:29,2.06,1.4013,13,2.02,1.3741,13,2.03,1.3809,29,2.04,1.3877,1023,0
IWM190920P158,2019-09-17,2019-09-17 09:38:29,2.06,1.4013,13,2.03,1.3809,48,2.03,1.3809,29,2.045,1.3911,1023,0
IWM190920P158,2019-09-17,2019-09-17 09:38:30,2.05,1.3945,13,2.02,1.3741,35,2.03,1.3809,29,2.035,1.3843,1023,0
IWM190920P158,2019-09-17,2019-09-17 09:38:31,2.04,1.3877,13,2.02,1.3741,22,2.03,1.3809,29,2.03,1.3809,1023,0
IWM190920P158,2019-09-17,2019-09-17 09:38:31,2.04,1.3877,20,2.02,1.3741,22,2.03,1.3809,29,2.03,1.3809,1023,0
IWM190920P158,2019-09-17,2019-09-17 09:38:32,2.04,1.3877,13,2.01,1.3673,13,2.03,1.3809,29,2.025,1.3775,1023,0
IWM190920P158,2019-09-17,2019-09-17 09:38:32,2.05,1.3945,13,2.01,1.3673,13,2.03,1.3809,29,2.03,1.3809,1023,0
IWM190920P158,2019-09-17,2019-09-17 09:38:33,2.04,1.3877,13,2.01,1.3673,22,2.03,1.3809,29,2.025,1.3775,1023,0
IWM190920P158,2019-09-17,2019-09-17 09:38:33,2.03,1.3809,13,2.01,1.3673,22,2.03,1.3809,29,2.02,1.3741,1023,0
IWM190920P158,2019-09-17,2019-09-17 09:38:34,2.03,1.3809,13,2.01,1.3673,22,2.03,1.3809,29,2.02,1.3741,1023,0
IWM190920P158,2019-09-17,2019-09-17 09:38:34,2.03,1.3809,13,2.0,1.3605,35,2.03,1.3809,29,2.015,1.3707,1023,0
