symbol,Date,quote_time,ask_price,norm_ask_price,ask_size,bid_price,norm_bid_price,bid_size,last_trade_price,norm_last_trade_price,last_trade_size,mark_price,norm_mark_price,volume,Volume
IWM191115C162,2019-11-08,2019-11-08 09:30:00,0.19,0.9047,43,0.12,0.5714,43,0.2,0.9523,29,0.155,0.738,0,-11157
IWM191115C162,2019-11-08,2019-11-08 09:30:00,0.21,1.0,1041,0.19,0.9047,656,0.2,0.9523,29,0.2,0.9523,11157,11157
IWM191115C162,2019-11-08,2019-11-08 09:30:01,0.18,0.8571,21,0.12,0.5714,43,0.2,0.9523,29,0.15,0.7142,0,0
IWM191115C162,2019-11-08,2019-11-08 09:30:02,0.18,0.8571,21,0.12,0.5714,43,0.2,0.9523,29,0.15,0.7142,1,1
IWM191115C162,2019-11-08,2019-11-08 09:30:03,0.17,0.8095,180,0.13,0.619,210,0.16,0.7619,1,0.15,0.7142,1,0
IWM191115C162,2019-11-08,2019-11-08 09:30:04,0.17,0.8095,750,0.13,0.619,604,0.16,0.7619,1,0.15,0.7142,1,0
IWM191115C162,2019-11-08,2019-11-08 09:30:05,0.17,0.8095,750,0.13,0.619,604,0.16,0.7619,1,0.15,0.7142,1,0
IWM191115C162,2019-11-08,2019-11-08 09:30:06,0.17,0.8095,863,0.14,0.6666,113,0.16,0.7619,1,0.155,0.738,1,0
IWM191115C162,2019-11-08,2019-11-08 09:30:06,0.17,0.8095,828,0.14,0.6666,113,0.16,0.7619,1,0.155,0.738,1,0
IWM191115C162,2019-11-08,2019-11-08 09:30:07,0.17,0.8095,828,0.14,0.6666,113,0.16,0.7619,1,0.155,0.738,1,0
IWM191115C162,2019-11-08,2019-11-08 09:30:07,0.17,0.8095,838,0.14,0.6666,153,0.16,0.7619,1,0.155,0.738,1,0
IWM191115C162,2019-11-08,2019-11-08 09:30:08,0.17,0.8095,838,0.14,0.6666,153,0.16,0.7619,1,0.155,0.738,1,0
IWM191115C162,2019-11-08,2019-11-08 09:30:09,0.17,0.8095,838,0.14,0.6666,153,0.16,0.7619,1,0.155,0.738,1,0
IWM191115C162,2019-11-08,2019-11-08 09:30:09,0.17,0.8095,838,0.14,0.6666,153,0.16,0.7619,1,0.155,0.738,9,8
IWM191115C162,2019-11-08,2019-11-08 09:30:10,0.17,0.8095,1311,0.14,0.6666,235,0.15,0.7142,8,0.155,0.738,9,0
IWM191115C162,2019-11-08,2019-11-08 09:30:10,0.17,0.8095,838,0.14,0.6666,153,0.15,0.7142,8,0.155,0.738,9,0
IWM191115C162,2019-11-08,2019-11-08 09:30:11,0.17,0.8095,1016,0.14,0.6666,189,0.15,0.7142,8,0.155,0.738,9,0
IWM191115C162,2019-11-08,2019-11-08 09:30:11,0.17,0.8095,940,0.14,0.6666,123,0.15,0.7142,8,0.155,0.738,9,0
IWM191115C162,2019-11-08,2019-11-08 09:30:12,0.17,0.8095,1016,0.14,0.6666,179,0.15,0.7142,8,0.155,0.738,9,0
IWM191115C162,2019-11-08,2019-11-08 09:30:12,0.17,0.8095,1016,0.14,0.6666,189,0.15,0.7142,8,0.155,0.738,9,0
IWM191115C162,2019-11-08,2019-11-08 09:30:13,0.16,0.7619,20,0.13,0.619,549,0.15,0.7142,8,0.145,0.6904,9,0
IWM191115C162,2019-11-08,2019-11-08 09:30:13,0.17,0.8095,610,0.13,0.619,649,0.15,0.7142,8,0.15,0.7142,9,0
IWM191115C162,2019-11-08,2019-11-08 09:30:14,0.16,0.7619,150,0.13,0.619,528,0.15,0.7142,8,0.145,0.6904,9,0
IWM191115C162,2019-11-08,2019-11-08 09:30:14,0.17,0.8095,724,0.13,0.619,821,0.15,0.7142,8,0.15,0.7142,9,0
IWM191115C162,2019-11-08,2019-11-08 09:30:15,0.16,0.7619,352,0.13,0.619,528,0.15,0.7142,8,0.145,0.6904,9,0
IWM191115C162,2019-11-08,2019-11-08 09:30:16,0.15,0.7142,1,0.13,0.619,528,0.15,0.7142,8,0.14,0.6666,9,0
IWM191115C162,2019-11-08,2019-11-08 09:30:16,0.16,0.7619,847,0.13,0.619,20,0.15,0.7142,8,0.145,0.6904,9,0
IWM191115C162,2019-11-08,2019-11-08 09:30:17,0.16,0.7619,1112,0.13,0.619,10,0.15,0.7142,8,0.145,0.6904,9,0
IWM191115C162,2019-11-08,2019-11-08 09:30:17,0.16,0.7619,1107,0.13,0.619,20,0.15,0.7142,8,0.145,0.6904,9,0
IWM191115C162,2019-11-08,2019-11-08 09:30:18,0.16,0.7619,1159,0.12,0.5714,983,0.15,0.7142,8,0.14,0.6666,9,0
IWM191115C162,2019-11-08,2019-11-08 09:30:18,0.15,0.7142,625,0.12,0.5714,36,0.15,0.7142,8,0.135,0.6428,9,0
IWM191115C162,2019-11-08,2019-11-08 09:30:19,0.15,0.7142,423,0.11,0.5238,909,0.15,0.7142,8,0.13,0.619,9,0
IWM191115C162,2019-11-08,2019-11-08 09:30:19,0.15,0.7142,625,0.12,0.5714,30,0.15,0.7142,8,0.135,0.6428,9,0
IWM191115C162,2019-11-08,2019-11-08 09:30:20,0.15,0.7142,1263,0.12,0.5714,612,0.15,0.7142,8,0.135,0.6428,9,0
IWM191115C162,2019-11-08,2019-11-08 09:30:20,0.15,0.7142,1013,0.12,0.5714,511,0.15,0.7142,8,0.135,0.6428,9,0
IWM191115C162,2019-11-08,2019-11-08 09:30:21,0.15,0.7142,1037,0.12,0.5714,633,0.15,0.7142,8,0.135,0.6428,9,0
IWM191115C162,2019-11-08,2019-11-08 09:30:21,0.15,0.7142,919,0.12,0.5714,699,0.15,0.7142,8,0.135,0.6428,9,0
IWM191115C162,2019-11-08,2019-11-08 09:30:22,0.15,0.7142,20,0.13,0.619,20,0.15,0.7142,8,0.14,0.6666,9,0
IWM191115C162,2019-11-08,2019-11-08 09:30:22,0.15,0.7142,741,0.13,0.619,20,0.15,0.7142,8,0.14,0.6666,9,0
IWM191115C162,2019-11-08,2019-11-08 09:30:23,0.15,0.7142,20,0.13,0.619,462,0.15,0.7142,8,0.14,0.6666,9,0
IWM191115C162,2019-11-08,2019-11-08 09:30:24,0.16,0.7619,1017,0.13,0.619,352,0.15,0.7142,8,0.145,0.6904,9,0
IWM191115C162,2019-11-08,2019-11-08 09:30:24,0.16,0.7619,1017,0.13,0.619,672,0.15,0.7142,8,0.145,0.6904,9,0
IWM191115C162,2019-11-08,2019-11-08 09:30:25,0.16,0.7619,1418,0.13,0.619,576,0.15,0.7142,8,0.145,0.6904,9,0
IWM191115C162,2019-11-08,2019-11-08 09:30:25,0.16,0.7619,1418,0.13,0.619,622,0.15,0.7142,8,0.145,0.6904,9,0
IWM191115C162,2019-11-08,2019-11-08 09:30:26,0.15,0.7142,1,0.13,0.619,533,0.15,0.7142,8,0.14,0.6666,9,0
IWM191115C162,2019-11-08,2019-11-08 09:30:27,0.15,0.7142,370,0.13,0.619,253,0.15,0.7142,8,0.14,0.6666,9,0
IWM191115C162,2019-11-08,2019-11-08 09:30:28,0.15,0.7142,688,0.13,0.619,253,0.15,0.7142,8,0.14,0.6666,9,0
IWM191115C162,2019-11-08,2019-11-08 09:30:28,0.15,0.7142,688,0.13,0.619,249,0.15,0.7142,8,0.14,0.6666,9,0
IWM191115C162,2019-11-08,2019-11-08 09:30:29,0.15,0.7142,688,0.13,0.619,162,0.15,0.7142,8,0.14,0.6666,9,0
IWM191115C162,2019-11-08,2019-11-08 09:30:30,0.15,0.7142,854,0.13,0.619,70,0.15,0.7142,8,0.14,0.6666,9,0
IWM191115C162,2019-11-08,2019-11-08 09:30:30,0.15,0.7142,948,0.13,0.619,162,0.15,0.7142,8,0.14,0.6666,9,0
IWM191115C162,2019-11-08,2019-11-08 09:30:31,0.15,0.7142,1114,0.13,0.619,70,0.15,0.7142,8,0.14,0.6666,9,0
IWM191115C162,2019-11-08,2019-11-08 09:30:32,0.15,0.7142,1254,0.12,0.5714,909,0.15,0.7142,8,0.135,0.6428,9,0
IWM191115C162,2019-11-08,2019-11-08 09:30:32,0.15,0.7142,1129,0.12,0.5714,1295,0.15,0.7142,8,0.135,0.6428,9,0
IWM191115C162,2019-11-08,2019-11-08 09:30:33,0.15,0.7142,1331,0.12,0.5714,1433,0.15,0.7142,8,0.135,0.6428,9,0
IWM191115C162,2019-11-08,2019-11-08 09:30:33,0.15,0.7142,1402,0.12,0.5714,1433,0.15,0.7142,8,0.135,0.6428,9,0
IWM191115C162,2019-11-08,2019-11-08 09:30:34,0.15,0.7142,1352,0.12,0.5714,1437,0.15,0.7142,8,0.135,0.6428,9,0
IWM191115C162,2019-11-08,2019-11-08 09:30:34,0.15,0.7142,1352,0.12,0.5714,1347,0.15,0.7142,8,0.135,0.6428,9,0
IWM191115C162,2019-11-08,2019-11-08 09:30:35,0.15,0.7142,1352,0.12,0.5714,1437,0.15,0.7142,8,0.135,0.6428,9,0
IWM191115C162,2019-11-08,2019-11-08 09:30:35,0.15,0.7142,1352,0.12,0.5714,1578,0.15,0.7142,8,0.135,0.6428,9,0
IWM191115C162,2019-11-08,2019-11-08 09:30:36,0.15,0.7142,1092,0.13,0.619,169,0.15,0.7142,8,0.14,0.6666,9,0
IWM191115C162,2019-11-08,2019-11-08 09:30:36,0.15,0.7142,1007,0.13,0.619,316,0.15,0.7142,8,0.14,0.6666,9,0
IWM191115C162,2019-11-08,2019-11-08 09:30:37,0.15,0.7142,947,0.13,0.619,195,0.15,0.7142,8,0.14,0.6666,9,0
IWM191115C162,2019-11-08,2019-11-08 09:30:37,0.15,0.7142,1045,0.13,0.619,100,0.15,0.7142,8,0.14,0.6666,9,0
IWM191115C162,2019-11-08,2019-11-08 09:30:38,0.15,0.7142,1045,0.13,0.619,195,0.15,0.7142,8,0.14,0.6666,9,0
IWM191115C162,2019-11-08,2019-11-08 09:30:38,0.15,0.7142,1522,0.13,0.619,195,0.15,0.7142,8,0.14,0.6666,9,0
IWM191115C162,2019-11-08,2019-11-08 09:30:39,0.15,0.7142,438,0.13,0.619,320,0.15,0.7142,8,0.14,0.6666,9,0
IWM191115C162,2019-11-08,2019-11-08 09:30:39,0.15,0.7142,1045,0.13,0.619,195,0.15,0.7142,8,0.14,0.6666,9,0
IWM191115C162,2019-11-08,2019-11-08 09:30:40,0.15,0.7142,1220,0.13,0.619,160,0.15,0.7142,8,0.14,0.6666,9,0
IWM191115C162,2019-11-08,2019-11-08 09:30:40,0.15,0.7142,1813,0.13,0.619,791,0.15,0.7142,8,0.14,0.6666,9,0
IWM191115C162,2019-11-08,2019-11-08 09:30:41,0.15,0.7142,1689,0.13,0.619,60,0.15,0.7142,8,0.14,0.6666,9,0
IWM191115C162,2019-11-08,2019-11-08 09:30:41,0.15,0.7142,1389,0.13,0.619,160,0.15,0.7142,8,0.14,0.6666,9,0
IWM191115C162,2019-11-08,2019-11-08 09:30:42,0.15,0.7142,1639,0.13,0.619,122,0.15,0.7142,8,0.14,0.6666,9,0
IWM191115C162,2019-11-08,2019-11-08 09:30:42,0.15,0.7142,1796,0.13,0.619,227,0.15,0.7142,8,0.14,0.6666,9,0
IWM191115C162,2019-11-08,2019-11-08 09:30:43,0.15,0.7142,1796,0.13,0.619,386,0.15,0.7142,8,0.14,0.6666,9,0
IWM191115C162,2019-11-08,2019-11-08 09:30:43,0.15,0.7142,1796,0.13,0.619,227,0.15,0.7142,8,0.14,0.6666,9,0
IWM191115C162,2019-11-08,2019-11-08 09:30:44,0.15,0.7142,1796,0.13,0.619,903,0.15,0.7142,8,0.14,0.6666,9,0
IWM191115C162,2019-11-08,2019-11-08 09:30:45,0.15,0.7142,1086,0.13,0.619,160,0.15,0.7142,8,0.14,0.6666,9,0
IWM191115C162,2019-11-08,2019-11-08 09:30:45,0.15,0.7142,1796,0.13,0.619,963,0.15,0.7142,8,0.14,0.6666,9,0
IWM191115C162,2019-11-08,2019-11-08 09:30:46,0.15,0.7142,826,0.13,0.619,150,0.15,0.7142,8,0.14,0.6666,9,0
IWM191115C162,2019-11-08,2019-11-08 09:30:46,0.15,0.7142,1637,0.13,0.619,150,0.15,0.7142,8,0.14,0.6666,9,0
IWM191115C162,2019-11-08,2019-11-08 09:30:47,0.15,0.7142,1076,0.13,0.619,75,0.15,0.7142,8,0.14,0.6666,9,0
IWM191115C162,2019-11-08,2019-11-08 09:30:47,0.15,0.7142,1931,0.13,0.619,168,0.15,0.7142,8,0.14,0.6666,9,0
IWM191115C162,2019-11-08,2019-11-08 09:30:48,0.15,0.7142,1981,0.13,0.619,168,0.15,0.7142,8,0.14,0.6666,9,0
IWM191115C162,2019-11-08,2019-11-08 09:30:48,0.15,0.7142,1931,0.13,0.619,168,0.15,0.7142,8,0.14,0.6666,9,0
IWM191115C162,2019-11-08,2019-11-08 09:30:49,0.15,0.7142,1981,0.13,0.619,168,0.15,0.7142,8,0.14,0.6666,9,0
IWM191115C162,2019-11-08,2019-11-08 09:30:50,0.15,0.7142,1981,0.13,0.619,161,0.15,0.7142,8,0.14,0.6666,9,0
IWM191115C162,2019-11-08,2019-11-08 09:30:50,0.15,0.7142,1981,0.13,0.619,168,0.15,0.7142,8,0.14,0.6666,9,0
IWM191115C162,2019-11-08,2019-11-08 09:30:51,0.15,0.7142,1981,0.13,0.619,160,0.15,0.7142,8,0.14,0.6666,9,0
IWM191115C162,2019-11-08,2019-11-08 09:30:52,0.15,0.7142,1981,0.13,0.619,167,0.15,0.7142,8,0.14,0.6666,9,0
IWM191115C162,2019-11-08,2019-11-08 09:30:53,0.15,0.7142,2031,0.13,0.619,34,0.15,0.7142,8,0.14,0.6666,9,0
IWM191115C162,2019-11-08,2019-11-08 09:30:54,0.15,0.7142,1681,0.13,0.619,34,0.15,0.7142,8,0.14,0.6666,9,0
IWM191115C162,2019-11-08,2019-11-08 09:30:55,0.15,0.7142,1681,0.13,0.619,34,0.15,0.7142,8,0.14,0.6666,9,0
IWM191115C162,2019-11-08,2019-11-08 09:30:55,0.15,0.7142,1731,0.13,0.619,34,0.15,0.7142,8,0.14,0.6666,9,0
IWM191115C162,2019-11-08,2019-11-08 09:30:56,0.15,0.7142,1731,0.13,0.619,34,0.15,0.7142,8,0.14,0.6666,9,0
IWM191115C162,2019-11-08,2019-11-08 09:30:57,0.15,0.7142,1731,0.12,0.5714,1343,0.15,0.7142,8,0.135,0.6428,9,0
IWM191115C162,2019-11-08,2019-11-08 09:30:58,0.15,0.7142,1587,0.12,0.5714,1453,0.15,0.7142,8,0.135,0.6428,9,0
IWM191115C162,2019-11-08,2019-11-08 09:30:58,0.15,0.7142,1846,0.12,0.5714,1453,0.15,0.7142,8,0.135,0.6428,9,0
IWM191115C162,2019-11-08,2019-11-08 09:30:59,0.15,0.7142,1580,0.12,0.5714,1453,0.15,0.7142,8,0.135,0.6428,9,0
IWM191115C162,2019-11-08,2019-11-08 09:31:00,0.15,0.7142,1174,0.12,0.5714,687,0.15,0.7142,8,0.135,0.6428,9,0
IWM191115C162,2019-11-08,2019-11-08 09:31:00,0.15,0.7142,1886,0.12,0.5714,795,0.15,0.7142,8,0.135,0.6428,9,0
IWM191115C162,2019-11-08,2019-11-08 09:31:01,0.14,0.6666,10,0.12,0.5714,795,0.15,0.7142,8,0.13,0.619,9,0
IWM191115C162,2019-11-08,2019-11-08 09:31:01,0.15,0.7142,1886,0.12,0.5714,795,0.15,0.7142,8,0.135,0.6428,9,0
IWM191115C162,2019-11-08,2019-11-08 09:31:02,0.14,0.6666,743,0.12,0.5714,363,0.15,0.7142,8,0.13,0.619,9,0
IWM191115C162,2019-11-08,2019-11-08 09:31:02,0.14,0.6666,780,0.12,0.5714,798,0.15,0.7142,8,0.13,0.619,9,0
IWM191115C162,2019-11-08,2019-11-08 09:31:03,0.14,0.6666,1204,0.12,0.5714,1045,0.15,0.7142,8,0.13,0.619,9,0
IWM191115C162,2019-11-08,2019-11-08 09:31:04,0.14,0.6666,1204,0.12,0.5714,776,0.15,0.7142,8,0.13,0.619,9,0
IWM191115C162,2019-11-08,2019-11-08 09:31:04,0.14,0.6666,1204,0.12,0.5714,1071,0.15,0.7142,8,0.13,0.619,9,0
IWM191115C162,2019-11-08,2019-11-08 09:31:05,0.14,0.6666,1504,0.12,0.5714,893,0.15,0.7142,8,0.13,0.619,9,0
IWM191115C162,2019-11-08,2019-11-08 09:31:05,0.14,0.6666,1504,0.12,0.5714,938,0.15,0.7142,8,0.13,0.619,9,0
IWM191115C162,2019-11-08,2019-11-08 09:31:06,0.14,0.6666,1617,0.12,0.5714,180,0.15,0.7142,8,0.13,0.619,9,0
IWM191115C162,2019-11-08,2019-11-08 09:31:07,0.14,0.6666,1702,0.12,0.5714,180,0.15,0.7142,8,0.13,0.619,9,0
IWM191115C162,2019-11-08,2019-11-08 09:31:08,0.14,0.6666,1271,0.12,0.5714,102,0.15,0.7142,8,0.13,0.619,9,0
IWM191115C162,2019-11-08,2019-11-08 09:31:08,0.14,0.6666,1702,0.12,0.5714,180,0.15,0.7142,8,0.13,0.619,9,0
IWM191115C162,2019-11-08,2019-11-08 09:31:09,0.14,0.6666,1803,0.12,0.5714,196,0.15,0.7142,8,0.13,0.619,9,0
IWM191115C162,2019-11-08,2019-11-08 09:31:09,0.14,0.6666,1803,0.12,0.5714,42,0.15,0.7142,8,0.13,0.619,9,0
IWM191115C162,2019-11-08,2019-11-08 09:31:10,0.14,0.6666,1358,0.12,0.5714,196,0.15,0.7142,8,0.13,0.619,9,0
IWM191115C162,2019-11-08,2019-11-08 09:31:10,0.14,0.6666,1803,0.12,0.5714,196,0.15,0.7142,8,0.13,0.619,9,0
IWM191115C162,2019-11-08,2019-11-08 09:31:11,0.13,0.619,53,0.12,0.5714,236,0.15,0.7142,8,0.125,0.5952,9,0
IWM191115C162,2019-11-08,2019-11-08 09:31:11,0.13,0.619,50,0.12,0.5714,196,0.15,0.7142,8,0.125,0.5952,9,0
IWM191115C162,2019-11-08,2019-11-08 09:31:12,0.14,0.6666,345,0.12,0.5714,161,0.15,0.7142,8,0.13,0.619,9,0
IWM191115C162,2019-11-08,2019-11-08 09:31:12,0.14,0.6666,1643,0.12,0.5714,1005,0.15,0.7142,8,0.13,0.619,9,0
IWM191115C162,2019-11-08,2019-11-08 09:31:13,0.14,0.6666,583,0.12,0.5714,900,0.15,0.7142,8,0.13,0.619,9,0
IWM191115C162,2019-11-08,2019-11-08 09:31:13,0.14,0.6666,1695,0.12,0.5714,1005,0.15,0.7142,8,0.13,0.619,9,0
IWM191115C162,2019-11-08,2019-11-08 09:31:14,0.14,0.6666,1416,0.12,0.5714,492,0.15,0.7142,8,0.13,0.619,9,0
IWM191115C162,2019-11-08,2019-11-08 09:31:14,0.14,0.6666,2044,0.12,0.5714,1136,0.15,0.7142,8,0.13,0.619,9,0
IWM191115C162,2019-11-08,2019-11-08 09:31:15,0.13,0.619,36,0.12,0.5714,559,0.15,0.7142,8,0.125,0.5952,9,0
IWM191115C162,2019-11-08,2019-11-08 09:31:15,0.13,0.619,36,0.12,0.5714,392,0.15,0.7142,8,0.125,0.5952,9,0
IWM191115C162,2019-11-08,2019-11-08 09:31:16,0.13,0.619,55,0.12,0.5714,348,0.15,0.7142,8,0.125,0.5952,9,0
IWM191115C162,2019-11-08,2019-11-08 09:31:16,0.13,0.619,55,0.12,0.5714,254,0.15,0.7142,8,0.125,0.5952,9,0
IWM191115C162,2019-11-08,2019-11-08 09:31:17,0.13,0.619,55,0.12,0.5714,238,0.15,0.7142,8,0.125,0.5952,9,0
IWM191115C162,2019-11-08,2019-11-08 09:31:17,0.14,0.6666,388,0.12,0.5714,238,0.15,0.7142,8,0.13,0.619,9,0
IWM191115C162,2019-11-08,2019-11-08 09:31:18,0.14,0.6666,1084,0.12,0.5714,400,0.15,0.7142,8,0.13,0.619,9,0
IWM191115C162,2019-11-08,2019-11-08 09:31:18,0.14,0.6666,1269,0.12,0.5714,400,0.15,0.7142,8,0.13,0.619,9,0
IWM191115C162,2019-11-08,2019-11-08 09:31:19,0.13,0.619,10,0.12,0.5714,272,0.15,0.7142,8,0.125,0.5952,9,0
IWM191115C162,2019-11-08,2019-11-08 09:31:19,0.13,0.619,20,0.12,0.5714,272,0.15,0.7142,8,0.125,0.5952,9,0
IWM191115C162,2019-11-08,2019-11-08 09:31:20,0.14,0.6666,981,0.12,0.5714,289,0.15,0.7142,8,0.13,0.619,9,0
IWM191115C162,2019-11-08,2019-11-08 09:31:20,0.13,0.619,71,0.12,0.5714,266,0.15,0.7142,8,0.125,0.5952,9,0
IWM191115C162,2019-11-08,2019-11-08 09:31:21,0.13,0.619,41,0.12,0.5714,266,0.15,0.7142,8,0.125,0.5952,9,0
IWM191115C162,2019-11-08,2019-11-08 09:31:21,0.13,0.619,32,0.12,0.5714,266,0.15,0.7142,8,0.125,0.5952,9,0
IWM191115C162,2019-11-08,2019-11-08 09:31:22,0.14,0.6666,1796,0.12,0.5714,259,0.15,0.7142,8,0.13,0.619,9,0
IWM191115C162,2019-11-08,2019-11-08 09:31:22,0.13,0.619,10,0.12,0.5714,273,0.15,0.7142,8,0.125,0.5952,9,0
IWM191115C162,2019-11-08,2019-11-08 09:31:23,0.14,0.6666,550,0.12,0.5714,652,0.15,0.7142,8,0.13,0.619,9,0
IWM191115C162,2019-11-08,2019-11-08 09:31:23,0.14,0.6666,1591,0.12,0.5714,528,0.15,0.7142,8,0.13,0.619,9,0
IWM191115C162,2019-11-08,2019-11-08 09:31:24,0.14,0.6666,1591,0.12,0.5714,646,0.15,0.7142,8,0.13,0.619,9,0
IWM191115C162,2019-11-08,2019-11-08 09:31:25,0.14,0.6666,1561,0.12,0.5714,1099,0.15,0.7142,8,0.13,0.619,9,0
IWM191115C162,2019-11-08,2019-11-08 09:31:25,0.14,0.6666,1617,0.12,0.5714,942,0.15,0.7142,8,0.13,0.619,9,0
IWM191115C162,2019-11-08,2019-11-08 09:31:26,0.14,0.6666,1617,0.12,0.5714,754,0.15,0.7142,8,0.13,0.619,9,0
IWM191115C162,2019-11-08,2019-11-08 09:31:26,0.14,0.6666,1617,0.12,0.5714,425,0.15,0.7142,8,0.13,0.619,9,0
IWM191115C162,2019-11-08,2019-11-08 09:31:27,0.13,0.619,32,0.12,0.5714,425,0.15,0.7142,8,0.125,0.5952,9,0
IWM191115C162,2019-11-08,2019-11-08 09:31:27,0.14,0.6666,1426,0.12,0.5714,843,0.15,0.7142,8,0.13,0.619,9,0
IWM191115C162,2019-11-08,2019-11-08 09:31:28,0.14,0.6666,1426,0.12,0.5714,843,0.15,0.7142,8,0.13,0.619,9,0
IWM191115C162,2019-11-08,2019-11-08 09:31:28,0.14,0.6666,2166,0.12,0.5714,749,0.15,0.7142,8,0.13,0.619,9,0
IWM191115C162,2019-11-08,2019-11-08 09:31:29,0.14,0.6666,2166,0.12,0.5714,782,0.15,0.7142,8,0.13,0.619,9,0
IWM191115C162,2019-11-08,2019-11-08 09:31:29,0.14,0.6666,1660,0.12,0.5714,914,0.15,0.7142,8,0.13,0.619,9,0
IWM191115C162,2019-11-08,2019-11-08 09:31:30,0.14,0.6666,1630,0.12,0.5714,914,0.15,0.7142,8,0.13,0.619,9,0
IWM191115C162,2019-11-08,2019-11-08 09:31:30,0.14,0.6666,1660,0.12,0.5714,914,0.15,0.7142,8,0.13,0.619,9,0
IWM191115C162,2019-11-08,2019-11-08 09:31:31,0.13,0.619,38,0.12,0.5714,997,0.15,0.7142,8,0.125,0.5952,9,0
IWM191115C162,2019-11-08,2019-11-08 09:31:32,0.13,0.619,54,0.12,0.5714,997,0.15,0.7142,8,0.125,0.5952,9,0
IWM191115C162,2019-11-08,2019-11-08 09:31:33,0.13,0.619,54,0.12,0.5714,997,0.15,0.7142,8,0.125,0.5952,9,0
IWM191115C162,2019-11-08,2019-11-08 09:31:34,0.13,0.619,54,0.12,0.5714,997,0.15,0.7142,8,0.125,0.5952,9,0
IWM191115C162,2019-11-08,2019-11-08 09:31:34,0.14,0.6666,1536,0.12,0.5714,1144,0.15,0.7142,8,0.13,0.619,9,0
IWM191115C162,2019-11-08,2019-11-08 09:31:35,0.14,0.6666,2066,0.12,0.5714,1144,0.15,0.7142,8,0.13,0.619,9,0
IWM191115C162,2019-11-08,2019-11-08 09:31:36,0.14,0.6666,1859,0.12,0.5714,1380,0.15,0.7142,8,0.13,0.619,9,0
IWM191115C162,2019-11-08,2019-11-08 09:31:36,0.14,0.6666,1780,0.12,0.5714,1034,0.15,0.7142,8,0.13,0.619,9,0
IWM191115C162,2019-11-08,2019-11-08 09:31:37,0.14,0.6666,2377,0.12,0.5714,1380,0.15,0.7142,8,0.13,0.619,9,0
IWM191115C162,2019-11-08,2019-11-08 09:31:37,0.14,0.6666,1816,0.12,0.5714,1380,0.15,0.7142,8,0.13,0.619,9,0
IWM191115C162,2019-11-08,2019-11-08 09:31:38,0.14,0.6666,2322,0.12,0.5714,1410,0.15,0.7142,8,0.13,0.619,9,0
IWM191115C162,2019-11-08,2019-11-08 09:31:38,0.14,0.6666,1492,0.12,0.5714,646,0.15,0.7142,8,0.13,0.619,9,0
IWM191115C162,2019-11-08,2019-11-08 09:31:39,0.14,0.6666,2238,0.12,0.5714,1402,0.15,0.7142,8,0.13,0.619,9,0
IWM191115C162,2019-11-08,2019-11-08 09:31:39,0.14,0.6666,2244,0.12,0.5714,1372,0.15,0.7142,8,0.13,0.619,9,0
IWM191115C162,2019-11-08,2019-11-08 09:31:40,0.14,0.6666,2238,0.12,0.5714,1402,0.15,0.7142,8,0.13,0.619,9,0
IWM191115C162,2019-11-08,2019-11-08 09:31:41,0.14,0.6666,2238,0.12,0.5714,1402,0.15,0.7142,8,0.13,0.619,9,0
IWM191115C162,2019-11-08,2019-11-08 09:31:42,0.14,0.6666,2183,0.12,0.5714,1457,0.15,0.7142,8,0.13,0.619,9,0
IWM191115C162,2019-11-08,2019-11-08 09:31:42,0.14,0.6666,2072,0.12,0.5714,1135,0.15,0.7142,8,0.13,0.619,9,0
IWM191115C162,2019-11-08,2019-11-08 09:31:43,0.14,0.6666,2427,0.12,0.5714,1500,0.15,0.7142,8,0.13,0.619,9,0
IWM191115C162,2019-11-08,2019-11-08 09:31:44,0.14,0.6666,2427,0.12,0.5714,1500,0.15,0.7142,8,0.13,0.619,9,0
IWM191115C162,2019-11-08,2019-11-08 09:31:44,0.14,0.6666,2300,0.12,0.5714,1500,0.15,0.7142,8,0.13,0.619,9,0
IWM191115C162,2019-11-08,2019-11-08 09:31:45,0.14,0.6666,2300,0.12,0.5714,1555,0.15,0.7142,8,0.13,0.619,9,0
IWM191115C162,2019-11-08,2019-11-08 09:31:46,0.14,0.6666,2300,0.12,0.5714,1555,0.15,0.7142,8,0.13,0.619,9,0
IWM191115C162,2019-11-08,2019-11-08 09:31:46,0.14,0.6666,2289,0.12,0.5714,1724,0.15,0.7142,8,0.13,0.619,9,0
IWM191115C162,2019-11-08,2019-11-08 09:31:47,0.14,0.6666,2289,0.12,0.5714,1724,0.15,0.7142,8,0.13,0.619,9,0
IWM191115C162,2019-11-08,2019-11-08 09:31:48,0.14,0.6666,2417,0.12,0.5714,1724,0.15,0.7142,8,0.13,0.619,9,0
IWM191115C162,2019-11-08,2019-11-08 09:31:48,0.14,0.6666,2289,0.12,0.5714,1779,0.15,0.7142,8,0.13,0.619,9,0
IWM191115C162,2019-11-08,2019-11-08 09:31:49,0.14,0.6666,2289,0.12,0.5714,1724,0.15,0.7142,8,0.13,0.619,9,0
IWM191115C162,2019-11-08,2019-11-08 09:31:49,0.14,0.6666,2289,0.12,0.5714,1725,0.15,0.7142,8,0.13,0.619,9,0
IWM191115C162,2019-11-08,2019-11-08 09:31:50,0.14,0.6666,2289,0.12,0.5714,1725,0.15,0.7142,8,0.13,0.619,9,0
IWM191115C162,2019-11-08,2019-11-08 09:31:50,0.14,0.6666,2289,0.12,0.5714,1501,0.15,0.7142,8,0.13,0.619,9,0
IWM191115C162,2019-11-08,2019-11-08 09:31:51,0.14,0.6666,948,0.12,0.5714,1501,0.15,0.7142,8,0.13,0.619,9,0
IWM191115C162,2019-11-08,2019-11-08 09:31:51,0.14,0.6666,1173,0.13,0.619,7,0.15,0.7142,8,0.135,0.6428,9,0
IWM191115C162,2019-11-08,2019-11-08 09:31:52,0.14,0.6666,231,0.13,0.619,53,0.15,0.7142,8,0.135,0.6428,9,0
IWM191115C162,2019-11-08,2019-11-08 09:31:52,0.14,0.6666,369,0.13,0.619,186,0.15,0.7142,8,0.135,0.6428,9,0
IWM191115C162,2019-11-08,2019-11-08 09:31:53,0.14,0.6666,1224,0.13,0.619,254,0.15,0.7142,8,0.135,0.6428,9,0
IWM191115C162,2019-11-08,2019-11-08 09:31:53,0.14,0.6666,1001,0.13,0.619,254,0.15,0.7142,8,0.135,0.6428,9,0
IWM191115C162,2019-11-08,2019-11-08 09:31:54,0.14,0.6666,96,0.13,0.619,147,0.15,0.7142,8,0.135,0.6428,9,0
IWM191115C162,2019-11-08,2019-11-08 09:31:54,0.14,0.6666,68,0.13,0.619,668,0.15,0.7142,8,0.135,0.6428,9,0
IWM191115C162,2019-11-08,2019-11-08 09:31:55,0.14,0.6666,91,0.13,0.619,907,0.15,0.7142,8,0.135,0.6428,9,0
IWM191115C162,2019-11-08,2019-11-08 09:31:55,0.14,0.6666,91,0.13,0.619,851,0.15,0.7142,8,0.135,0.6428,9,0
IWM191115C162,2019-11-08,2019-11-08 09:31:56,0.14,0.6666,142,0.13,0.619,851,0.15,0.7142,8,0.135,0.6428,9,0
IWM191115C162,2019-11-08,2019-11-08 09:31:56,0.15,0.7142,1536,0.13,0.619,722,0.15,0.7142,8,0.14,0.6666,9,0
IWM191115C162,2019-11-08,2019-11-08 09:31:57,0.14,0.6666,1,0.13,0.619,1267,0.15,0.7142,8,0.135,0.6428,9,0
IWM191115C162,2019-11-08,2019-11-08 09:31:57,0.15,0.7142,2449,0.13,0.619,1267,0.15,0.7142,8,0.14,0.6666,9,0
IWM191115C162,2019-11-08,2019-11-08 09:31:58,0.14,0.6666,240,0.13,0.619,326,0.15,0.7142,8,0.135,0.6428,9,0
IWM191115C162,2019-11-08,2019-11-08 09:31:58,0.14,0.6666,1148,0.13,0.619,386,0.15,0.7142,8,0.135,0.6428,9,0
IWM191115C162,2019-11-08,2019-11-08 09:31:59,0.14,0.6666,1493,0.13,0.619,317,0.15,0.7142,8,0.135,0.6428,9,0
IWM191115C162,2019-11-08,2019-11-08 09:32:00,0.14,0.6666,1325,0.13,0.619,414,0.15,0.7142,8,0.135,0.6428,9,0
IWM191115C162,2019-11-08,2019-11-08 09:32:00,0.14,0.6666,1436,0.13,0.619,341,0.15,0.7142,8,0.135,0.6428,9,0
IWM191115C162,2019-11-08,2019-11-08 09:32:01,0.14,0.6666,1420,0.13,0.619,247,0.15,0.7142,8,0.135,0.6428,9,0
IWM191115C162,2019-11-08,2019-11-08 09:32:01,0.15,0.7142,640,0.13,0.619,406,0.15,0.7142,8,0.14,0.6666,9,0
IWM191115C162,2019-11-08,2019-11-08 09:32:02,0.15,0.7142,1719,0.13,0.619,1205,0.15,0.7142,8,0.14,0.6666,9,0
IWM191115C162,2019-11-08,2019-11-08 09:32:03,0.15,0.7142,2283,0.13,0.619,1066,0.15,0.7142,8,0.14,0.6666,9,0
IWM191115C162,2019-11-08,2019-11-08 09:32:03,0.15,0.7142,1594,0.13,0.619,582,0.15,0.7142,8,0.14,0.6666,9,0
IWM191115C162,2019-11-08,2019-11-08 09:32:04,0.15,0.7142,2583,0.13,0.619,1366,0.15,0.7142,8,0.14,0.6666,9,0
IWM191115C162,2019-11-08,2019-11-08 09:32:05,0.15,0.7142,2583,0.13,0.619,1366,0.15,0.7142,8,0.14,0.6666,9,0
IWM191115C162,2019-11-08,2019-11-08 09:32:05,0.15,0.7142,2352,0.13,0.619,1010,0.15,0.7142,8,0.14,0.6666,9,0
IWM191115C162,2019-11-08,2019-11-08 09:32:06,0.15,0.7142,2090,0.13,0.619,1139,0.15,0.7142,8,0.14,0.6666,9,0
IWM191115C162,2019-11-08,2019-11-08 09:32:06,0.15,0.7142,2090,0.13,0.619,1169,0.15,0.7142,8,0.14,0.6666,9,0
IWM191115C162,2019-11-08,2019-11-08 09:32:07,0.14,0.6666,606,0.13,0.619,264,0.15,0.7142,8,0.135,0.6428,9,0
IWM191115C162,2019-11-08,2019-11-08 09:32:07,0.14,0.6666,774,0.13,0.619,307,0.15,0.7142,8,0.135,0.6428,9,0
IWM191115C162,2019-11-08,2019-11-08 09:32:08,0.14,0.6666,450,0.13,0.619,37,0.15,0.7142,8,0.135,0.6428,9,0
IWM191115C162,2019-11-08,2019-11-08 09:32:08,0.14,0.6666,1032,0.13,0.619,307,0.15,0.7142,8,0.135,0.6428,9,0
IWM191115C162,2019-11-08,2019-11-08 09:32:09,0.14,0.6666,584,0.13,0.619,217,0.15,0.7142,8,0.135,0.6428,9,0
IWM191115C162,2019-11-08,2019-11-08 09:32:09,0.14,0.6666,1082,0.13,0.619,217,0.15,0.7142,8,0.135,0.6428,9,0
IWM191115C162,2019-11-08,2019-11-08 09:32:10,0.15,0.7142,2050,0.13,0.619,499,0.15,0.7142,8,0.14,0.6666,9,0
IWM191115C162,2019-11-08,2019-11-08 09:32:10,0.15,0.7142,737,0.13,0.619,217,0.15,0.7142,8,0.14,0.6666,9,0
IWM191115C162,2019-11-08,2019-11-08 09:32:11,0.14,0.6666,298,0.13,0.619,776,0.15,0.7142,8,0.135,0.6428,9,0
IWM191115C162,2019-11-08,2019-11-08 09:32:11,0.14,0.6666,240,0.13,0.619,776,0.15,0.7142,8,0.135,0.6428,9,0
IWM191115C162,2019-11-08,2019-11-08 09:32:12,0.14,0.6666,205,0.13,0.619,776,0.15,0.7142,8,0.135,0.6428,9,0
IWM191115C162,2019-11-08,2019-11-08 09:32:12,0.14,0.6666,205,0.13,0.619,899,0.15,0.7142,8,0.135,0.6428,9,0
IWM191115C162,2019-11-08,2019-11-08 09:32:13,0.14,0.6666,189,0.13,0.619,869,0.15,0.7142,8,0.135,0.6428,9,0
IWM191115C162,2019-11-08,2019-11-08 09:32:13,0.14,0.6666,205,0.13,0.619,899,0.15,0.7142,8,0.135,0.6428,9,0
IWM191115C162,2019-11-08,2019-11-08 09:32:14,0.14,0.6666,232,0.13,0.619,886,0.15,0.7142,8,0.135,0.6428,9,0
IWM191115C162,2019-11-08,2019-11-08 09:32:15,0.14,0.6666,189,0.13,0.619,1013,0.15,0.7142,8,0.135,0.6428,9,0
IWM191115C162,2019-11-08,2019-11-08 09:32:15,0.14,0.6666,189,0.13,0.619,887,0.15,0.7142,8,0.135,0.6428,9,0
IWM191115C162,2019-11-08,2019-11-08 09:32:16,0.14,0.6666,189,0.13,0.619,970,0.15,0.7142,8,0.135,0.6428,9,0
IWM191115C162,2019-11-08,2019-11-08 09:32:16,0.14,0.6666,379,0.13,0.619,1099,0.15,0.7142,8,0.135,0.6428,9,0
IWM191115C162,2019-11-08,2019-11-08 09:32:17,0.14,0.6666,356,0.13,0.619,1152,0.15,0.7142,8,0.135,0.6428,9,0
IWM191115C162,2019-11-08,2019-11-08 09:32:18,0.14,0.6666,24,0.13,0.619,941,0.15,0.7142,8,0.135,0.6428,9,0
IWM191115C162,2019-11-08,2019-11-08 09:32:18,0.14,0.6666,356,0.13,0.619,1152,0.15,0.7142,8,0.135,0.6428,9,0
IWM191115C162,2019-11-08,2019-11-08 09:32:19,0.15,0.7142,2390,0.13,0.619,1241,0.15,0.7142,8,0.14,0.6666,9,0
IWM191115C162,2019-11-08,2019-11-08 09:32:19,0.15,0.7142,1799,0.13,0.619,1291,0.15,0.7142,8,0.14,0.6666,9,0
IWM191115C162,2019-11-08,2019-11-08 09:32:20,0.15,0.7142,2210,0.13,0.619,1310,0.15,0.7142,8,0.14,0.6666,9,0
IWM191115C162,2019-11-08,2019-11-08 09:32:20,0.15,0.7142,2541,0.13,0.619,1310,0.15,0.7142,8,0.14,0.6666,9,0
IWM191115C162,2019-11-08,2019-11-08 09:32:21,0.14,0.6666,240,0.13,0.619,282,0.15,0.7142,8,0.135,0.6428,9,0
IWM191115C162,2019-11-08,2019-11-08 09:32:21,0.14,0.6666,232,0.13,0.619,356,0.15,0.7142,8,0.135,0.6428,9,0
IWM191115C162,2019-11-08,2019-11-08 09:32:22,0.14,0.6666,240,0.13,0.619,281,0.15,0.7142,8,0.135,0.6428,9,0
IWM191115C162,2019-11-08,2019-11-08 09:32:23,0.14,0.6666,625,0.13,0.619,298,0.15,0.7142,8,0.135,0.6428,9,0
IWM191115C162,2019-11-08,2019-11-08 09:32:23,0.14,0.6666,598,0.13,0.619,281,0.15,0.7142,8,0.135,0.6428,9,0
IWM191115C162,2019-11-08,2019-11-08 09:32:24,0.14,0.6666,904,0.13,0.619,249,0.15,0.7142,8,0.135,0.6428,9,0
IWM191115C162,2019-11-08,2019-11-08 09:32:25,0.14,0.6666,904,0.13,0.619,249,0.15,0.7142,8,0.135,0.6428,9,0
IWM191115C162,2019-11-08,2019-11-08 09:32:25,0.14,0.6666,854,0.13,0.619,249,0.15,0.7142,8,0.135,0.6428,9,0
IWM191115C162,2019-11-08,2019-11-08 09:32:26,0.14,0.6666,1666,0.13,0.619,249,0.15,0.7142,8,0.135,0.6428,9,0
IWM191115C162,2019-11-08,2019-11-08 09:32:26,0.14,0.6666,854,0.13,0.619,249,0.15,0.7142,8,0.135,0.6428,9,0
IWM191115C162,2019-11-08,2019-11-08 09:32:27,0.14,0.6666,1666,0.13,0.619,249,0.15,0.7142,8,0.135,0.6428,9,0
IWM191115C162,2019-11-08,2019-11-08 09:32:27,0.14,0.6666,1668,0.13,0.619,249,0.15,0.7142,8,0.135,0.6428,9,0
IWM191115C162,2019-11-08,2019-11-08 09:32:28,0.14,0.6666,1512,0.13,0.619,249,0.15,0.7142,8,0.135,0.6428,9,0
IWM191115C162,2019-11-08,2019-11-08 09:32:28,0.14,0.6666,1618,0.13,0.619,249,0.15,0.7142,8,0.135,0.6428,9,0
IWM191115C162,2019-11-08,2019-11-08 09:32:29,0.14,0.6666,1560,0.13,0.619,249,0.15,0.7142,8,0.135,0.6428,9,0
IWM191115C162,2019-11-08,2019-11-08 09:32:29,0.14,0.6666,1512,0.13,0.619,249,0.15,0.7142,8,0.135,0.6428,9,0
IWM191115C162,2019-11-08,2019-11-08 09:32:30,0.14,0.6666,1560,0.13,0.619,249,0.15,0.7142,8,0.135,0.6428,9,0
IWM191115C162,2019-11-08,2019-11-08 09:32:31,0.14,0.6666,1560,0.13,0.619,249,0.15,0.7142,8,0.135,0.6428,9,0
IWM191115C162,2019-11-08,2019-11-08 09:32:32,0.14,0.6666,1560,0.13,0.619,165,0.15,0.7142,8,0.135,0.6428,9,0
IWM191115C162,2019-11-08,2019-11-08 09:32:32,0.14,0.6666,1560,0.13,0.619,249,0.15,0.7142,8,0.135,0.6428,9,0
IWM191115C162,2019-11-08,2019-11-08 09:32:33,0.14,0.6666,2008,0.13,0.619,33,0.15,0.7142,8,0.135,0.6428,9,0
IWM191115C162,2019-11-08,2019-11-08 09:32:34,0.14,0.6666,2026,0.12,0.5714,1358,0.15,0.7142,8,0.13,0.619,9,0
IWM191115C162,2019-11-08,2019-11-08 09:32:34,0.14,0.6666,2203,0.12,0.5714,1543,0.15,0.7142,8,0.13,0.619,9,0
IWM191115C162,2019-11-08,2019-11-08 09:32:35,0.14,0.6666,2067,0.12,0.5714,1257,0.15,0.7142,8,0.13,0.619,9,0
IWM191115C162,2019-11-08,2019-11-08 09:32:35,0.14,0.6666,1505,0.12,0.5714,1257,0.15,0.7142,8,0.13,0.619,9,0
IWM191115C162,2019-11-08,2019-11-08 09:32:36,0.14,0.6666,2192,0.12,0.5714,1583,0.15,0.7142,8,0.13,0.619,9,0
IWM191115C162,2019-11-08,2019-11-08 09:32:37,0.14,0.6666,1152,0.12,0.5714,859,0.15,0.7142,8,0.13,0.619,9,0
IWM191115C162,2019-11-08,2019-11-08 09:32:37,0.14,0.6666,1938,0.12,0.5714,1341,0.15,0.7142,8,0.13,0.619,9,0
IWM191115C162,2019-11-08,2019-11-08 09:32:38,0.14,0.6666,1937,0.12,0.5714,1706,0.15,0.7142,8,0.13,0.619,9,0
IWM191115C162,2019-11-08,2019-11-08 09:32:39,0.14,0.6666,1937,0.12,0.5714,1706,0.15,0.7142,8,0.13,0.619,9,0
IWM191115C162,2019-11-08,2019-11-08 09:32:40,0.14,0.6666,1937,0.12,0.5714,1706,0.15,0.7142,8,0.13,0.619,9,0
IWM191115C162,2019-11-08,2019-11-08 09:32:41,0.14,0.6666,1780,0.12,0.5714,1706,0.15,0.7142,8,0.13,0.619,9,0
IWM191115C162,2019-11-08,2019-11-08 09:32:41,0.14,0.6666,1937,0.12,0.5714,1706,0.15,0.7142,8,0.13,0.619,9,0
IWM191115C162,2019-11-08,2019-11-08 09:32:42,0.14,0.6666,539,0.12,0.5714,809,0.15,0.7142,8,0.13,0.619,9,0
IWM191115C162,2019-11-08,2019-11-08 09:32:42,0.14,0.6666,1342,0.12,0.5714,1336,0.15,0.7142,8,0.13,0.619,9,0
IWM191115C162,2019-11-08,2019-11-08 09:32:43,0.14,0.6666,2021,0.12,0.5714,1702,0.15,0.7142,8,0.13,0.619,9,0
IWM191115C162,2019-11-08,2019-11-08 09:32:43,0.14,0.6666,2197,0.12,0.5714,1652,0.15,0.7142,8,0.13,0.619,9,0
IWM191115C162,2019-11-08,2019-11-08 09:32:44,0.14,0.6666,2277,0.12,0.5714,1701,0.15,0.7142,8,0.13,0.619,9,0
IWM191115C162,2019-11-08,2019-11-08 09:32:44,0.14,0.6666,2277,0.12,0.5714,1651,0.15,0.7142,8,0.13,0.619,9,0
IWM191115C162,2019-11-08,2019-11-08 09:32:45,0.14,0.6666,2327,0.12,0.5714,1651,0.15,0.7142,8,0.13,0.619,9,0
IWM191115C162,2019-11-08,2019-11-08 09:32:45,0.14,0.6666,2377,0.12,0.5714,1601,0.15,0.7142,8,0.13,0.619,9,0
IWM191115C162,2019-11-08,2019-11-08 09:32:46,0.14,0.6666,2327,0.12,0.5714,1651,0.15,0.7142,8,0.13,0.619,9,0
IWM191115C162,2019-11-08,2019-11-08 09:32:46,0.14,0.6666,1815,0.12,0.5714,1651,0.15,0.7142,8,0.13,0.619,9,0
IWM191115C162,2019-11-08,2019-11-08 09:32:47,0.14,0.6666,2136,0.12,0.5714,1701,0.15,0.7142,8,0.13,0.619,9,0
IWM191115C162,2019-11-08,2019-11-08 09:32:47,0.14,0.6666,2136,0.13,0.619,32,0.15,0.7142,8,0.135,0.6428,9,0
IWM191115C162,2019-11-08,2019-11-08 09:32:48,0.14,0.6666,2136,0.13,0.619,32,0.15,0.7142,8,0.135,0.6428,9,0
IWM191115C162,2019-11-08,2019-11-08 09:32:49,0.14,0.6666,2136,0.13,0.619,32,0.15,0.7142,8,0.135,0.6428,9,0
IWM191115C162,2019-11-08,2019-11-08 09:32:50,0.14,0.6666,1537,0.12,0.5714,1411,0.15,0.7142,8,0.13,0.619,9,0
IWM191115C162,2019-11-08,2019-11-08 09:32:50,0.14,0.6666,1815,0.12,0.5714,714,0.15,0.7142,8,0.13,0.619,9,0
IWM191115C162,2019-11-08,2019-11-08 09:32:51,0.13,0.619,10,0.12,0.5714,1411,0.15,0.7142,8,0.125,0.5952,9,0
IWM191115C162,2019-11-08,2019-11-08 09:32:51,0.13,0.619,10,0.12,0.5714,1410,0.15,0.7142,8,0.125,0.5952,9,0
IWM191115C162,2019-11-08,2019-11-08 09:32:52,0.14,0.6666,2206,0.12,0.5714,1341,0.15,0.7142,8,0.13,0.619,9,0
IWM191115C162,2019-11-08,2019-11-08 09:32:52,0.14,0.6666,2481,0.12,0.5714,1460,0.15,0.7142,8,0.13,0.619,9,0
IWM191115C162,2019-11-08,2019-11-08 09:32:53,0.14,0.6666,2506,0.12,0.5714,1678,0.15,0.7142,8,0.13,0.619,9,0
IWM191115C162,2019-11-08,2019-11-08 09:32:53,0.14,0.6666,2506,0.12,0.5714,1628,0.15,0.7142,8,0.13,0.619,9,0
IWM191115C162,2019-11-08,2019-11-08 09:32:54,0.14,0.6666,1945,0.12,0.5714,1678,0.15,0.7142,8,0.13,0.619,9,0
IWM191115C162,2019-11-08,2019-11-08 09:32:54,0.14,0.6666,1816,0.12,0.5714,1628,0.15,0.7142,8,0.13,0.619,9,0
IWM191115C162,2019-11-08,2019-11-08 09:32:55,0.14,0.6666,1766,0.12,0.5714,1678,0.15,0.7142,8,0.13,0.619,9,0
IWM191115C162,2019-11-08,2019-11-08 09:32:55,0.14,0.6666,2377,0.12,0.5714,1678,0.15,0.7142,8,0.13,0.619,9,0
IWM191115C162,2019-11-08,2019-11-08 09:32:56,0.14,0.6666,2327,0.12,0.5714,1678,0.15,0.7142,8,0.13,0.619,9,0
IWM191115C162,2019-11-08,2019-11-08 09:32:57,0.14,0.6666,1509,0.12,0.5714,1678,0.15,0.7142,8,0.13,0.619,9,0
IWM191115C162,2019-11-08,2019-11-08 09:32:57,0.14,0.6666,2327,0.12,0.5714,1678,0.15,0.7142,8,0.13,0.619,9,0
IWM191115C162,2019-11-08,2019-11-08 09:32:58,0.14,0.6666,2296,0.12,0.5714,1721,0.15,0.7142,8,0.13,0.619,9,0
IWM191115C162,2019-11-08,2019-11-08 09:32:58,0.14,0.6666,1735,0.12,0.5714,1721,0.15,0.7142,8,0.13,0.619,9,0
IWM191115C162,2019-11-08,2019-11-08 09:32:59,0.14,0.6666,2296,0.12,0.5714,1721,0.15,0.7142,8,0.13,0.619,9,0
IWM191115C162,2019-11-08,2019-11-08 09:33:00,0.14,0.6666,2296,0.12,0.5714,1721,0.15,0.7142,8,0.13,0.619,9,0
IWM191115C162,2019-11-08,2019-11-08 09:33:00,0.14,0.6666,1393,0.12,0.5714,1729,0.15,0.7142,8,0.13,0.619,9,0
IWM191115C162,2019-11-08,2019-11-08 09:33:01,0.14,0.6666,2334,0.12,0.5714,1729,0.15,0.7142,8,0.13,0.619,9,0
IWM191115C162,2019-11-08,2019-11-08 09:33:01,0.14,0.6666,2334,0.12,0.5714,1779,0.15,0.7142,8,0.13,0.619,9,0
IWM191115C162,2019-11-08,2019-11-08 09:33:02,0.14,0.6666,2384,0.12,0.5714,1729,0.15,0.7142,8,0.13,0.619,9,0
IWM191115C162,2019-11-08,2019-11-08 09:33:02,0.14,0.6666,2458,0.12,0.5714,1814,0.15,0.7142,8,0.13,0.619,9,0
IWM191115C162,2019-11-08,2019-11-08 09:33:03,0.14,0.6666,2458,0.12,0.5714,1828,0.15,0.7142,8,0.13,0.619,9,0
IWM191115C162,2019-11-08,2019-11-08 09:33:03,0.14,0.6666,2458,0.12,0.5714,844,0.15,0.7142,8,0.13,0.619,9,0
IWM191115C162,2019-11-08,2019-11-08 09:33:04,0.14,0.6666,1379,0.12,0.5714,1591,0.15,0.7142,8,0.13,0.619,9,0
IWM191115C162,2019-11-08,2019-11-08 09:33:04,0.14,0.6666,2151,0.12,0.5714,1709,0.15,0.7142,8,0.13,0.619,9,0
IWM191115C162,2019-11-08,2019-11-08 09:33:05,0.14,0.6666,2151,0.12,0.5714,1709,0.15,0.7142,8,0.13,0.619,9,0
IWM191115C162,2019-11-08,2019-11-08 09:33:06,0.14,0.6666,1760,0.13,0.619,156,0.15,0.7142,8,0.135,0.6428,9,0
IWM191115C162,2019-11-08,2019-11-08 09:33:06,0.14,0.6666,2151,0.13,0.619,156,0.15,0.7142,8,0.135,0.6428,9,0
IWM191115C162,2019-11-08,2019-11-08 09:33:07,0.14,0.6666,1760,0.13,0.619,156,0.15,0.7142,8,0.135,0.6428,9,0
IWM191115C162,2019-11-08,2019-11-08 09:33:07,0.14,0.6666,1713,0.13,0.619,156,0.15,0.7142,8,0.135,0.6428,9,0
IWM191115C162,2019-11-08,2019-11-08 09:33:08,0.14,0.6666,1533,0.13,0.619,104,0.15,0.7142,8,0.135,0.6428,9,0
IWM191115C162,2019-11-08,2019-11-08 09:33:08,0.14,0.6666,1470,0.13,0.619,89,0.15,0.7142,8,0.135,0.6428,9,0
IWM191115C162,2019-11-08,2019-11-08 09:33:09,0.14,0.6666,1533,0.13,0.619,87,0.15,0.7142,8,0.135,0.6428,9,0
IWM191115C162,2019-11-08,2019-11-08 09:33:09,0.14,0.6666,1533,0.13,0.619,179,0.15,0.7142,8,0.135,0.6428,9,0
IWM191115C162,2019-11-08,2019-11-08 09:33:10,0.14,0.6666,1915,0.12,0.5714,1577,0.15,0.7142,8,0.13,0.619,9,0
IWM191115C162,2019-11-08,2019-11-08 09:33:10,0.14,0.6666,1533,0.13,0.619,179,0.15,0.7142,8,0.135,0.6428,9,0
IWM191115C162,2019-11-08,2019-11-08 09:33:11,0.14,0.6666,1369,0.12,0.5714,1585,0.15,0.7142,8,0.13,0.619,9,0
IWM191115C162,2019-11-08,2019-11-08 09:33:11,0.14,0.6666,2061,0.12,0.5714,1661,0.15,0.7142,8,0.13,0.619,9,0
IWM191115C162,2019-11-08,2019-11-08 09:33:12,0.14,0.6666,1698,0.12,0.5714,1718,0.15,0.7142,8,0.13,0.619,9,0
IWM191115C162,2019-11-08,2019-11-08 09:33:13,0.14,0.6666,2259,0.12,0.5714,1711,0.15,0.7142,8,0.13,0.619,9,0
IWM191115C162,2019-11-08,2019-11-08 09:33:13,0.14,0.6666,1385,0.13,0.619,22,0.15,0.7142,8,0.135,0.6428,9,0
IWM191115C162,2019-11-08,2019-11-08 09:33:14,0.14,0.6666,2364,0.13,0.619,40,0.15,0.7142,8,0.135,0.6428,9,0
IWM191115C162,2019-11-08,2019-11-08 09:33:14,0.14,0.6666,2364,0.13,0.619,337,0.15,0.7142,8,0.135,0.6428,9,0
IWM191115C162,2019-11-08,2019-11-08 09:33:15,0.14,0.6666,2364,0.13,0.619,375,0.15,0.7142,8,0.135,0.6428,9,0
IWM191115C162,2019-11-08,2019-11-08 09:33:16,0.14,0.6666,2364,0.13,0.619,311,0.15,0.7142,8,0.135,0.6428,9,0
IWM191115C162,2019-11-08,2019-11-08 09:33:16,0.14,0.6666,2371,0.13,0.619,40,0.15,0.7142,8,0.135,0.6428,9,0
IWM191115C162,2019-11-08,2019-11-08 09:33:17,0.14,0.6666,2461,0.13,0.619,22,0.15,0.7142,8,0.135,0.6428,9,0
IWM191115C162,2019-11-08,2019-11-08 09:33:17,0.14,0.6666,2461,0.13,0.619,39,0.15,0.7142,8,0.135,0.6428,9,0
IWM191115C162,2019-11-08,2019-11-08 09:33:18,0.14,0.6666,2461,0.13,0.619,22,0.15,0.7142,8,0.135,0.6428,9,0
IWM191115C162,2019-11-08,2019-11-08 09:33:18,0.14,0.6666,2516,0.13,0.619,10,0.15,0.7142,8,0.135,0.6428,9,0
IWM191115C162,2019-11-08,2019-11-08 09:33:19,0.14,0.6666,2516,0.13,0.619,14,0.15,0.7142,8,0.135,0.6428,9,0
IWM191115C162,2019-11-08,2019-11-08 09:33:19,0.14,0.6666,2516,0.13,0.619,16,0.15,0.7142,8,0.135,0.6428,9,0
IWM191115C162,2019-11-08,2019-11-08 09:33:20,0.14,0.6666,1771,0.13,0.619,8,0.15,0.7142,8,0.135,0.6428,9,0
IWM191115C162,2019-11-08,2019-11-08 09:33:20,0.14,0.6666,1826,0.13,0.619,10,0.15,0.7142,8,0.135,0.6428,9,0
IWM191115C162,2019-11-08,2019-11-08 09:33:21,0.13,0.619,75,0.12,0.5714,975,0.15,0.7142,8,0.125,0.5952,9,0
IWM191115C162,2019-11-08,2019-11-08 09:33:21,0.13,0.619,640,0.12,0.5714,1302,0.15,0.7142,8,0.125,0.5952,9,0
IWM191115C162,2019-11-08,2019-11-08 09:33:22,0.13,0.619,1293,0.12,0.5714,1135,0.15,0.7142,8,0.125,0.5952,9,0
IWM191115C162,2019-11-08,2019-11-08 09:33:22,0.13,0.619,903,0.12,0.5714,1261,0.15,0.7142,8,0.125,0.5952,9,0
IWM191115C162,2019-11-08,2019-11-08 09:33:23,0.13,0.619,1620,0.12,0.5714,1043,0.15,0.7142,8,0.125,0.5952,9,0
IWM191115C162,2019-11-08,2019-11-08 09:33:23,0.13,0.619,1293,0.12,0.5714,1135,0.15,0.7142,8,0.125,0.5952,9,0
IWM191115C162,2019-11-08,2019-11-08 09:33:24,0.13,0.619,1482,0.12,0.5714,1043,0.15,0.7142,8,0.125,0.5952,9,0
IWM191115C162,2019-11-08,2019-11-08 09:33:24,0.13,0.619,1124,0.12,0.5714,1210,0.15,0.7142,8,0.125,0.5952,9,0
IWM191115C162,2019-11-08,2019-11-08 09:33:25,0.14,0.6666,2818,0.12,0.5714,1577,0.15,0.7142,8,0.13,0.619,9,0
IWM191115C162,2019-11-08,2019-11-08 09:33:25,0.14,0.6666,1915,0.12,0.5714,1294,0.15,0.7142,8,0.13,0.619,9,0
IWM191115C162,2019-11-08,2019-11-08 09:33:26,0.13,0.619,244,0.12,0.5714,1492,0.15,0.7142,8,0.125,0.5952,9,0
IWM191115C162,2019-11-08,2019-11-08 09:33:26,0.14,0.6666,2818,0.12,0.5714,1577,0.15,0.7142,8,0.13,0.619,9,0
IWM191115C162,2019-11-08,2019-11-08 09:33:27,0.13,0.619,283,0.12,0.5714,1664,0.15,0.7142,8,0.125,0.5952,9,0
IWM191115C162,2019-11-08,2019-11-08 09:33:27,0.13,0.619,293,0.12,0.5714,1492,0.15,0.7142,8,0.125,0.5952,9,0
IWM191115C162,2019-11-08,2019-11-08 09:33:28,0.13,0.619,283,0.12,0.5714,1664,0.15,0.7142,8,0.125,0.5952,9,0
IWM191115C162,2019-11-08,2019-11-08 09:33:28,0.13,0.619,283,0.12,0.5714,1535,0.15,0.7142,8,0.125,0.5952,9,0
IWM191115C162,2019-11-08,2019-11-08 09:33:29,0.13,0.619,283,0.12,0.5714,1562,0.15,0.7142,8,0.125,0.5952,9,0
IWM191115C162,2019-11-08,2019-11-08 09:33:29,0.13,0.619,283,0.12,0.5714,1507,0.15,0.7142,8,0.125,0.5952,9,0
IWM191115C162,2019-11-08,2019-11-08 09:33:30,0.13,0.619,283,0.12,0.5714,1562,0.15,0.7142,8,0.125,0.5952,9,0
IWM191115C162,2019-11-08,2019-11-08 09:33:30,0.13,0.619,283,0.12,0.5714,1445,0.15,0.7142,8,0.125,0.5952,9,0
IWM191115C162,2019-11-08,2019-11-08 09:33:31,0.13,0.619,283,0.12,0.5714,1445,0.15,0.7142,8,0.125,0.5952,9,0
IWM191115C162,2019-11-08,2019-11-08 09:33:32,0.13,0.619,283,0.12,0.5714,1445,0.15,0.7142,8,0.125,0.5952,9,0
IWM191115C162,2019-11-08,2019-11-08 09:33:33,0.13,0.619,283,0.12,0.5714,1445,0.15,0.7142,8,0.125,0.5952,9,0
IWM191115C162,2019-11-08,2019-11-08 09:33:33,0.13,0.619,283,0.12,0.5714,1550,0.15,0.7142,8,0.125,0.5952,9,0
IWM191115C162,2019-11-08,2019-11-08 09:33:34,0.13,0.619,283,0.12,0.5714,1550,0.15,0.7142,8,0.125,0.5952,9,0
IWM191115C162,2019-11-08,2019-11-08 09:33:35,0.13,0.619,283,0.12,0.5714,1550,0.15,0.7142,8,0.125,0.5952,9,0
IWM191115C162,2019-11-08,2019-11-08 09:33:35,0.14,0.6666,2669,0.12,0.5714,1550,0.15,0.7142,8,0.13,0.619,9,0
IWM191115C162,2019-11-08,2019-11-08 09:33:36,0.14,0.6666,2855,0.12,0.5714,1754,0.15,0.7142,8,0.13,0.619,9,0
IWM191115C162,2019-11-08,2019-11-08 09:33:36,0.14,0.6666,2905,0.12,0.5714,1851,0.15,0.7142,8,0.13,0.619,9,0
IWM191115C162,2019-11-08,2019-11-08 09:33:37,0.14,0.6666,2905,0.12,0.5714,1651,0.15,0.7142,8,0.13,0.619,9,0
IWM191115C162,2019-11-08,2019-11-08 09:33:38,0.14,0.6666,2075,0.12,0.5714,1651,0.15,0.7142,8,0.13,0.619,9,0
IWM191115C162,2019-11-08,2019-11-08 09:33:39,0.14,0.6666,2075,0.12,0.5714,1651,0.15,0.7142,8,0.13,0.619,9,0
IWM191115C162,2019-11-08,2019-11-08 09:33:40,0.13,0.619,352,0.12,0.5714,1390,0.15,0.7142,8,0.125,0.5952,9,0
IWM191115C162,2019-11-08,2019-11-08 09:33:40,0.14,0.6666,2040,0.12,0.5714,1482,0.15,0.7142,8,0.13,0.619,9,0
IWM191115C162,2019-11-08,2019-11-08 09:33:41,0.13,0.619,909,0.12,0.5714,1129,0.15,0.7142,8,0.125,0.5952,9,0
IWM191115C162,2019-11-08,2019-11-08 09:33:41,0.13,0.619,1073,0.12,0.5714,1320,0.15,0.7142,8,0.125,0.5952,9,0
IWM191115C162,2019-11-08,2019-11-08 09:33:42,0.13,0.619,1289,0.12,0.5714,1545,0.15,0.7142,8,0.125,0.5952,9,0
IWM191115C162,2019-11-08,2019-11-08 09:33:42,0.13,0.619,909,0.12,0.5714,1256,0.15,0.7142,8,0.125,0.5952,9,0
IWM191115C162,2019-11-08,2019-11-08 09:33:43,0.13,0.619,1485,0.12,0.5714,1551,0.15,0.7142,8,0.125,0.5952,9,0
IWM191115C162,2019-11-08,2019-11-08 09:33:43,0.13,0.619,1541,0.12,0.5714,1428,0.15,0.7142,8,0.125,0.5952,9,0
IWM191115C162,2019-11-08,2019-11-08 09:33:44,0.13,0.619,915,0.12,0.5714,1619,0.15,0.7142,8,0.125,0.5952,9,0
IWM191115C162,2019-11-08,2019-11-08 09:33:44,0.13,0.619,885,0.12,0.5714,1319,0.15,0.7142,8,0.125,0.5952,9,0
IWM191115C162,2019-11-08,2019-11-08 09:33:45,0.14,0.6666,1879,0.12,0.5714,1832,0.15,0.7142,8,0.13,0.619,9,0
IWM191115C162,2019-11-08,2019-11-08 09:33:45,0.14,0.6666,1945,0.12,0.5714,1561,0.15,0.7142,8,0.13,0.619,9,0
IWM191115C162,2019-11-08,2019-11-08 09:33:46,0.14,0.6666,2858,0.12,0.5714,1989,0.15,0.7142,8,0.13,0.619,9,0
IWM191115C162,2019-11-08,2019-11-08 09:33:46,0.14,0.6666,2558,0.12,0.5714,1634,0.15,0.7142,8,0.13,0.619,9,0
IWM191115C162,2019-11-08,2019-11-08 09:33:47,0.14,0.6666,2717,0.12,0.5714,1934,0.15,0.7142,8,0.13,0.619,9,0
IWM191115C162,2019-11-08,2019-11-08 09:33:48,0.14,0.6666,2717,0.12,0.5714,1989,0.15,0.7142,8,0.13,0.619,9,0
IWM191115C162,2019-11-08,2019-11-08 09:33:49,0.14,0.6666,2636,0.12,0.5714,2077,0.15,0.7142,8,0.13,0.619,9,0
IWM191115C162,2019-11-08,2019-11-08 09:33:49,0.14,0.6666,2611,0.12,0.5714,1989,0.15,0.7142,8,0.13,0.619,9,0
IWM191115C162,2019-11-08,2019-11-08 09:33:50,0.14,0.6666,2636,0.12,0.5714,2077,0.15,0.7142,8,0.13,0.619,9,0
IWM191115C162,2019-11-08,2019-11-08 09:33:51,0.14,0.6666,1826,0.12,0.5714,1988,0.15,0.7142,8,0.13,0.619,9,0
IWM191115C162,2019-11-08,2019-11-08 09:33:51,0.14,0.6666,1721,0.12,0.5714,1988,0.15,0.7142,8,0.13,0.619,9,0
IWM191115C162,2019-11-08,2019-11-08 09:33:52,0.14,0.6666,1714,0.12,0.5714,1988,0.15,0.7142,8,0.13,0.619,9,0
IWM191115C162,2019-11-08,2019-11-08 09:33:53,0.14,0.6666,1994,0.12,0.5714,1505,0.15,0.7142,8,0.13,0.619,9,0
IWM191115C162,2019-11-08,2019-11-08 09:33:53,0.14,0.6666,1774,0.12,0.5714,944,0.15,0.7142,8,0.13,0.619,9,0
IWM191115C162,2019-11-08,2019-11-08 09:33:54,0.14,0.6666,2555,0.12,0.5714,1814,0.15,0.7142,8,0.13,0.619,9,0
IWM191115C162,2019-11-08,2019-11-08 09:33:54,0.14,0.6666,1774,0.12,0.5714,1730,0.15,0.7142,8,0.13,0.619,9,0
IWM191115C162,2019-11-08,2019-11-08 09:33:55,0.14,0.6666,2132,0.12,0.5714,1814,0.15,0.7142,8,0.13,0.619,9,0
IWM191115C162,2019-11-08,2019-11-08 09:33:56,0.14,0.6666,2559,0.12,0.5714,1217,0.15,0.7142,8,0.13,0.619,9,0
IWM191115C162,2019-11-08,2019-11-08 09:33:56,0.14,0.6666,2530,0.12,0.5714,1814,0.15,0.7142,8,0.13,0.619,9,0
IWM191115C162,2019-11-08,2019-11-08 09:33:57,0.14,0.6666,2530,0.12,0.5714,1814,0.15,0.7142,8,0.13,0.619,9,0
IWM191115C162,2019-11-08,2019-11-08 09:33:57,0.14,0.6666,1969,0.12,0.5714,1814,0.15,0.7142,8,0.13,0.619,9,0
IWM191115C162,2019-11-08,2019-11-08 09:33:58,0.14,0.6666,2530,0.12,0.5714,1814,0.15,0.7142,8,0.13,0.619,9,0
IWM191115C162,2019-11-08,2019-11-08 09:33:58,0.14,0.6666,1969,0.12,0.5714,1814,0.15,0.7142,8,0.13,0.619,9,0
IWM191115C162,2019-11-08,2019-11-08 09:33:59,0.14,0.6666,2530,0.12,0.5714,1814,0.15,0.7142,8,0.13,0.619,9,0
IWM191115C162,2019-11-08,2019-11-08 09:34:00,0.14,0.6666,2475,0.12,0.5714,1814,0.15,0.7142,8,0.13,0.619,9,0
IWM191115C162,2019-11-08,2019-11-08 09:34:00,0.14,0.6666,2468,0.13,0.619,404,0.15,0.7142,8,0.135,0.6428,9,0
IWM191115C162,2019-11-08,2019-11-08 09:34:01,0.14,0.6666,758,0.13,0.619,224,0.15,0.7142,8,0.135,0.6428,9,0
IWM191115C162,2019-11-08,2019-11-08 09:34:01,0.14,0.6666,2047,0.13,0.619,237,0.15,0.7142,8,0.135,0.6428,9,0
IWM191115C162,2019-11-08,2019-11-08 09:34:02,0.14,0.6666,813,0.13,0.619,442,0.15,0.7142,8,0.135,0.6428,9,0
IWM191115C162,2019-11-08,2019-11-08 09:34:03,0.14,0.6666,1640,0.13,0.619,1074,0.15,0.7142,8,0.135,0.6428,9,0
IWM191115C162,2019-11-08,2019-11-08 09:34:03,0.14,0.6666,1463,0.13,0.619,1142,0.15,0.7142,8,0.135,0.6428,9,0
IWM191115C162,2019-11-08,2019-11-08 09:34:04,0.14,0.6666,218,0.13,0.619,1574,0.15,0.7142,8,0.135,0.6428,9,0
IWM191115C162,2019-11-08,2019-11-08 09:34:05,0.14,0.6666,218,0.13,0.619,1699,0.15,0.7142,8,0.135,0.6428,9,0
IWM191115C162,2019-11-08,2019-11-08 09:34:05,0.15,0.7142,1425,0.13,0.619,1699,0.15,0.7142,8,0.14,0.6666,9,0
IWM191115C162,2019-11-08,2019-11-08 09:34:06,0.15,0.7142,2058,0.13,0.619,1399,0.15,0.7142,8,0.14,0.6666,9,0
IWM191115C162,2019-11-08,2019-11-08 09:34:06,0.15,0.7142,1868,0.13,0.619,1699,0.15,0.7142,8,0.14,0.6666,9,0
IWM191115C162,2019-11-08,2019-11-08 09:34:07,0.15,0.7142,2068,0.13,0.619,1754,0.15,0.7142,8,0.14,0.6666,9,0
IWM191115C162,2019-11-08,2019-11-08 09:34:08,0.15,0.7142,2112,0.13,0.619,1250,0.15,0.7142,8,0.14,0.6666,9,0
IWM191115C162,2019-11-08,2019-11-08 09:34:08,0.15,0.7142,2357,0.14,0.6666,7,0.15,0.7142,8,0.145,0.6904,9,0
IWM191115C162,2019-11-08,2019-11-08 09:34:09,0.15,0.7142,1618,0.14,0.6666,100,0.15,0.7142,8,0.145,0.6904,9,0
IWM191115C162,2019-11-08,2019-11-08 09:34:09,0.15,0.7142,2357,0.14,0.6666,37,0.15,0.7142,8,0.145,0.6904,9,0
IWM191115C162,2019-11-08,2019-11-08 09:34:10,0.15,0.7142,2353,0.14,0.6666,96,0.15,0.7142,8,0.145,0.6904,9,0
IWM191115C162,2019-11-08,2019-11-08 09:34:10,0.15,0.7142,2236,0.14,0.6666,100,0.15,0.7142,8,0.145,0.6904,9,0
IWM191115C162,2019-11-08,2019-11-08 09:34:11,0.15,0.7142,2236,0.14,0.6666,166,0.15,0.7142,8,0.145,0.6904,9,0
IWM191115C162,2019-11-08,2019-11-08 09:34:11,0.15,0.7142,1230,0.14,0.6666,139,0.15,0.7142,8,0.145,0.6904,9,0
IWM191115C162,2019-11-08,2019-11-08 09:34:12,0.15,0.7142,1969,0.14,0.6666,191,0.15,0.7142,8,0.145,0.6904,9,0
IWM191115C162,2019-11-08,2019-11-08 09:34:12,0.15,0.7142,1914,0.14,0.6666,182,0.15,0.7142,8,0.145,0.6904,9,0
IWM191115C162,2019-11-08,2019-11-08 09:34:13,0.15,0.7142,1988,0.14,0.6666,182,0.15,0.7142,8,0.145,0.6904,9,0
IWM191115C162,2019-11-08,2019-11-08 09:34:13,0.15,0.7142,2105,0.14,0.6666,23,0.15,0.7142,8,0.145,0.6904,9,0
IWM191115C162,2019-11-08,2019-11-08 09:34:14,0.15,0.7142,2458,0.14,0.6666,131,0.15,0.7142,8,0.145,0.6904,9,0
IWM191115C162,2019-11-08,2019-11-08 09:34:14,0.15,0.7142,2513,0.14,0.6666,131,0.15,0.7142,8,0.145,0.6904,9,0
IWM191115C162,2019-11-08,2019-11-08 09:34:15,0.15,0.7142,2513,0.14,0.6666,3,0.15,0.7142,8,0.145,0.6904,9,0
IWM191115C162,2019-11-08,2019-11-08 09:34:15,0.15,0.7142,2146,0.13,0.619,1570,0.15,0.7142,8,0.14,0.6666,9,0
IWM191115C162,2019-11-08,2019-11-08 09:34:16,0.15,0.7142,1812,0.13,0.619,1274,0.15,0.7142,8,0.14,0.6666,9,0
IWM191115C162,2019-11-08,2019-11-08 09:34:16,0.15,0.7142,1738,0.13,0.619,1614,0.15,0.7142,8,0.14,0.6666,9,0
IWM191115C162,2019-11-08,2019-11-08 09:34:17,0.15,0.7142,1738,0.13,0.619,1559,0.15,0.7142,8,0.14,0.6666,9,0
IWM191115C162,2019-11-08,2019-11-08 09:34:17,0.15,0.7142,2358,0.13,0.619,1886,0.15,0.7142,8,0.14,0.6666,9,0
IWM191115C162,2019-11-08,2019-11-08 09:34:18,0.15,0.7142,2308,0.13,0.619,1791,0.15,0.7142,8,0.14,0.6666,9,0
IWM191115C162,2019-11-08,2019-11-08 09:34:18,0.15,0.7142,1668,0.13,0.619,1791,0.15,0.7142,8,0.14,0.6666,9,0
IWM191115C162,2019-11-08,2019-11-08 09:34:19,0.15,0.7142,1780,0.13,0.619,1791,0.15,0.7142,8,0.14,0.6666,9,0
IWM191115C162,2019-11-08,2019-11-08 09:34:20,0.15,0.7142,2346,0.13,0.619,1770,0.15,0.7142,8,0.14,0.6666,9,0
IWM191115C162,2019-11-08,2019-11-08 09:34:20,0.15,0.7142,2346,0.13,0.619,1720,0.15,0.7142,8,0.14,0.6666,9,0
IWM191115C162,2019-11-08,2019-11-08 09:34:21,0.15,0.7142,2457,0.13,0.619,1704,0.15,0.7142,8,0.14,0.6666,9,0
IWM191115C162,2019-11-08,2019-11-08 09:34:22,0.15,0.7142,1630,0.13,0.619,1704,0.15,0.7142,8,0.14,0.6666,9,0
IWM191115C162,2019-11-08,2019-11-08 09:34:22,0.15,0.7142,2407,0.13,0.619,1704,0.15,0.7142,8,0.14,0.6666,9,0
IWM191115C162,2019-11-08,2019-11-08 09:34:23,0.15,0.7142,1630,0.13,0.619,1704,0.15,0.7142,8,0.14,0.6666,9,0
IWM191115C162,2019-11-08,2019-11-08 09:34:23,0.15,0.7142,1805,0.13,0.619,1804,0.15,0.7142,8,0.14,0.6666,9,0
IWM191115C162,2019-11-08,2019-11-08 09:34:24,0.15,0.7142,1438,0.13,0.619,1537,0.15,0.7142,8,0.14,0.6666,9,0
IWM191115C162,2019-11-08,2019-11-08 09:34:24,0.15,0.7142,2189,0.13,0.619,1830,0.15,0.7142,8,0.14,0.6666,9,0
IWM191115C162,2019-11-08,2019-11-08 09:34:25,0.15,0.7142,2014,0.13,0.619,1780,0.15,0.7142,8,0.14,0.6666,9,0
IWM191115C162,2019-11-08,2019-11-08 09:34:26,0.15,0.7142,1793,0.13,0.619,1780,0.15,0.7142,8,0.14,0.6666,9,0
IWM191115C162,2019-11-08,2019-11-08 09:34:26,0.15,0.7142,1618,0.13,0.619,1780,0.15,0.7142,8,0.14,0.6666,9,0
IWM191115C162,2019-11-08,2019-11-08 09:34:27,0.15,0.7142,2356,0.13,0.619,1780,0.15,0.7142,8,0.14,0.6666,9,0
IWM191115C162,2019-11-08,2019-11-08 09:34:28,0.15,0.7142,2356,0.13,0.619,1538,0.15,0.7142,8,0.14,0.6666,9,0
IWM191115C162,2019-11-08,2019-11-08 09:34:28,0.15,0.7142,2012,0.13,0.619,1538,0.15,0.7142,8,0.14,0.6666,9,0
IWM191115C162,2019-11-08,2019-11-08 09:34:29,0.15,0.7142,2249,0.13,0.619,1763,0.15,0.7142,8,0.14,0.6666,9,0
IWM191115C162,2019-11-08,2019-11-08 09:34:30,0.15,0.7142,2249,0.13,0.619,1763,0.15,0.7142,8,0.14,0.6666,9,0
IWM191115C162,2019-11-08,2019-11-08 09:34:30,0.15,0.7142,2249,0.13,0.619,1813,0.15,0.7142,8,0.14,0.6666,9,0
IWM191115C162,2019-11-08,2019-11-08 09:34:31,0.15,0.7142,990,0.14,0.6666,10,0.15,0.7142,8,0.145,0.6904,9,0
IWM191115C162,2019-11-08,2019-11-08 09:34:31,0.15,0.7142,2199,0.13,0.619,1813,0.15,0.7142,8,0.14,0.6666,9,0
IWM191115C162,2019-11-08,2019-11-08 09:34:32,0.15,0.7142,837,0.13,0.619,802,0.15,0.7142,8,0.14,0.6666,9,0
IWM191115C162,2019-11-08,2019-11-08 09:34:32,0.15,0.7142,1466,0.13,0.619,1288,0.15,0.7142,8,0.14,0.6666,9,0
IWM191115C162,2019-11-08,2019-11-08 09:34:33,0.15,0.7142,1466,0.13,0.619,1357,0.15,0.7142,8,0.14,0.6666,9,0
IWM191115C162,2019-11-08,2019-11-08 09:34:34,0.15,0.7142,1466,0.14,0.6666,47,0.15,0.7142,8,0.145,0.6904,9,0
IWM191115C162,2019-11-08,2019-11-08 09:34:34,0.15,0.7142,984,0.14,0.6666,9,0.15,0.7142,8,0.145,0.6904,9,0
IWM191115C162,2019-11-08,2019-11-08 09:34:35,0.15,0.7142,1322,0.14,0.6666,231,0.15,0.7142,8,0.145,0.6904,9,0
IWM191115C162,2019-11-08,2019-11-08 09:34:36,0.15,0.7142,380,0.14,0.6666,530,0.15,0.7142,8,0.145,0.6904,9,0
IWM191115C162,2019-11-08,2019-11-08 09:34:36,0.15,0.7142,263,0.14,0.6666,893,0.15,0.7142,8,0.145,0.6904,9,0
IWM191115C162,2019-11-08,2019-11-08 09:34:37,0.15,0.7142,263,0.14,0.6666,1010,0.15,0.7142,8,0.145,0.6904,9,0
IWM191115C162,2019-11-08,2019-11-08 09:34:37,0.15,0.7142,263,0.14,0.6666,893,0.15,0.7142,8,0.145,0.6904,9,0
IWM191115C162,2019-11-08,2019-11-08 09:34:38,0.15,0.7142,166,0.14,0.6666,740,0.15,0.7142,8,0.145,0.6904,9,0
IWM191115C162,2019-11-08,2019-11-08 09:34:38,0.15,0.7142,263,0.14,0.6666,1010,0.15,0.7142,8,0.145,0.6904,9,0
IWM191115C162,2019-11-08,2019-11-08 09:34:39,0.15,0.7142,41,0.14,0.6666,1040,0.15,0.7142,8,0.145,0.6904,9,0
IWM191115C162,2019-11-08,2019-11-08 09:34:39,0.15,0.7142,58,0.14,0.6666,1040,0.15,0.7142,8,0.145,0.6904,9,0
IWM191115C162,2019-11-08,2019-11-08 09:34:40,0.15,0.7142,37,0.14,0.6666,1297,0.15,0.7142,8,0.145,0.6904,9,0
IWM191115C162,2019-11-08,2019-11-08 09:34:40,0.16,0.7619,1480,0.14,0.6666,761,0.15,0.7142,8,0.15,0.7142,9,0
IWM191115C162,2019-11-08,2019-11-08 09:34:41,0.16,0.7619,1978,0.14,0.6666,1247,0.15,0.7142,8,0.15,0.7142,9,0
IWM191115C162,2019-11-08,2019-11-08 09:34:41,0.16,0.7619,917,0.14,0.6666,1247,0.15,0.7142,8,0.15,0.7142,9,0
IWM191115C162,2019-11-08,2019-11-08 09:34:42,0.16,0.7619,1978,0.14,0.6666,1287,0.15,0.7142,8,0.15,0.7142,9,0
IWM191115C162,2019-11-08,2019-11-08 09:34:42,0.16,0.7619,2338,0.14,0.6666,1287,0.15,0.7142,8,0.15,0.7142,9,0
IWM191115C162,2019-11-08,2019-11-08 09:34:43,0.16,0.7619,1978,0.14,0.6666,1309,0.15,0.7142,8,0.15,0.7142,9,0
IWM191115C162,2019-11-08,2019-11-08 09:34:44,0.15,0.7142,269,0.14,0.6666,1309,0.15,0.7142,8,0.145,0.6904,9,0
IWM191115C162,2019-11-08,2019-11-08 09:34:45,0.15,0.7142,1075,0.14,0.6666,1034,0.15,0.7142,8,0.145,0.6904,9,0
IWM191115C162,2019-11-08,2019-11-08 09:34:45,0.15,0.7142,269,0.14,0.6666,1309,0.15,0.7142,8,0.145,0.6904,9,0
IWM191115C162,2019-11-08,2019-11-08 09:34:46,0.15,0.7142,1257,0.14,0.6666,1170,0.15,0.7142,8,0.145,0.6904,9,0
IWM191115C162,2019-11-08,2019-11-08 09:34:47,0.15,0.7142,1234,0.14,0.6666,1170,0.15,0.7142,8,0.145,0.6904,9,0
IWM191115C162,2019-11-08,2019-11-08 09:34:47,0.15,0.7142,1257,0.14,0.6666,1170,0.15,0.7142,8,0.145,0.6904,9,0
IWM191115C162,2019-11-08,2019-11-08 09:34:48,0.15,0.7142,1276,0.14,0.6666,1170,0.15,0.7142,8,0.145,0.6904,9,0
IWM191115C162,2019-11-08,2019-11-08 09:34:49,0.15,0.7142,1511,0.14,0.6666,1024,0.15,0.7142,8,0.145,0.6904,9,0
IWM191115C162,2019-11-08,2019-11-08 09:34:50,0.15,0.7142,1461,0.14,0.6666,1024,0.15,0.7142,8,0.145,0.6904,9,0
IWM191115C162,2019-11-08,2019-11-08 09:34:51,0.15,0.7142,1461,0.14,0.6666,1281,0.15,0.7142,8,0.145,0.6904,9,0
IWM191115C162,2019-11-08,2019-11-08 09:34:52,0.15,0.7142,1270,0.14,0.6666,1183,0.15,0.7142,8,0.145,0.6904,9,0
IWM191115C162,2019-11-08,2019-11-08 09:34:53,0.15,0.7142,1320,0.14,0.6666,1001,0.15,0.7142,8,0.145,0.6904,9,0
IWM191115C162,2019-11-08,2019-11-08 09:34:53,0.15,0.7142,1270,0.14,0.6666,1054,0.15,0.7142,8,0.145,0.6904,9,0
IWM191115C162,2019-11-08,2019-11-08 09:34:54,0.15,0.7142,1318,0.14,0.6666,998,0.15,0.7142,8,0.145,0.6904,9,0
IWM191115C162,2019-11-08,2019-11-08 09:34:54,0.15,0.7142,1703,0.14,0.6666,1038,0.15,0.7142,8,0.145,0.6904,9,0
IWM191115C162,2019-11-08,2019-11-08 09:34:55,0.15,0.7142,1703,0.14,0.6666,1038,0.15,0.7142,8,0.145,0.6904,9,0
IWM191115C162,2019-11-08,2019-11-08 09:34:56,0.15,0.7142,1703,0.14,0.6666,1038,0.15,0.7142,8,0.145,0.6904,9,0
IWM191115C162,2019-11-08,2019-11-08 09:34:57,0.15,0.7142,1703,0.14,0.6666,1104,0.15,0.7142,8,0.145,0.6904,9,0
IWM191115C162,2019-11-08,2019-11-08 09:34:58,0.15,0.7142,1753,0.14,0.6666,1032,0.15,0.7142,8,0.145,0.6904,9,0
IWM191115C162,2019-11-08,2019-11-08 09:34:58,0.15,0.7142,1753,0.14,0.6666,1097,0.15,0.7142,8,0.145,0.6904,9,0
IWM191115C162,2019-11-08,2019-11-08 09:34:59,0.15,0.7142,1753,0.14,0.6666,1039,0.15,0.7142,8,0.145,0.6904,9,0
IWM191115C162,2019-11-08,2019-11-08 09:35:00,0.15,0.7142,717,0.13,0.619,467,0.15,0.7142,8,0.14,0.6666,9,0
IWM191115C162,2019-11-08,2019-11-08 09:35:00,0.15,0.7142,1753,0.14,0.6666,426,0.15,0.7142,8,0.145,0.6904,9,0
IWM191115C162,2019-11-08,2019-11-08 09:35:01,0.15,0.7142,1023,0.13,0.619,972,0.15,0.7142,8,0.14,0.6666,9,0
IWM191115C162,2019-11-08,2019-11-08 09:35:01,0.15,0.7142,1138,0.13,0.619,1222,0.15,0.7142,8,0.14,0.6666,9,0
IWM191115C162,2019-11-08,2019-11-08 09:35:02,0.15,0.7142,1342,0.14,0.6666,41,0.15,0.7142,8,0.145,0.6904,9,0
IWM191115C162,2019-11-08,2019-11-08 09:35:03,0.15,0.7142,2013,0.14,0.6666,41,0.15,0.7142,8,0.145,0.6904,9,0
IWM191115C162,2019-11-08,2019-11-08 09:35:03,0.15,0.7142,2373,0.14,0.6666,41,0.15,0.7142,8,0.145,0.6904,9,0
IWM191115C162,2019-11-08,2019-11-08 09:35:04,0.15,0.7142,1726,0.14,0.6666,41,0.15,0.7142,8,0.145,0.6904,9,0
IWM191115C162,2019-11-08,2019-11-08 09:35:04,0.15,0.7142,1932,0.13,0.619,686,0.15,0.7142,8,0.14,0.6666,9,0
IWM191115C162,2019-11-08,2019-11-08 09:35:05,0.14,0.6666,1604,0.13,0.619,1348,0.15,0.7142,8,0.135,0.6428,9,0
IWM191115C162,2019-11-08,2019-11-08 09:35:05,0.14,0.6666,2211,0.13,0.619,1001,0.15,0.7142,8,0.135,0.6428,9,0
IWM191115C162,2019-11-08,2019-11-08 09:35:06,0.14,0.6666,2222,0.13,0.619,688,0.15,0.7142,8,0.135,0.6428,9,0
IWM191115C162,2019-11-08,2019-11-08 09:35:07,0.14,0.6666,2222,0.13,0.619,688,0.15,0.7142,8,0.135,0.6428,9,0
IWM191115C162,2019-11-08,2019-11-08 09:35:07,0.14,0.6666,2172,0.13,0.619,688,0.15,0.7142,8,0.135,0.6428,9,0
IWM191115C162,2019-11-08,2019-11-08 09:35:08,0.14,0.6666,2271,0.13,0.619,570,0.15,0.7142,8,0.135,0.6428,9,0
IWM191115C162,2019-11-08,2019-11-08 09:35:08,0.14,0.6666,2271,0.13,0.619,564,0.15,0.7142,8,0.135,0.6428,9,0
IWM191115C162,2019-11-08,2019-11-08 09:35:09,0.14,0.6666,1525,0.13,0.619,399,0.15,0.7142,8,0.135,0.6428,9,0
IWM191115C162,2019-11-08,2019-11-08 09:35:10,0.14,0.6666,1275,0.13,0.619,299,0.15,0.7142,8,0.135,0.6428,9,0
IWM191115C162,2019-11-08,2019-11-08 09:35:10,0.14,0.6666,2289,0.13,0.619,659,0.15,0.7142,8,0.135,0.6428,9,0
IWM191115C162,2019-11-08,2019-11-08 09:35:11,0.14,0.6666,1376,0.13,0.619,453,0.15,0.7142,8,0.135,0.6428,9,0
IWM191115C162,2019-11-08,2019-11-08 09:35:11,0.14,0.6666,2186,0.13,0.619,536,0.15,0.7142,8,0.135,0.6428,9,0
IWM191115C162,2019-11-08,2019-11-08 09:35:12,0.14,0.6666,2236,0.13,0.619,536,0.15,0.7142,8,0.135,0.6428,9,0
IWM191115C162,2019-11-08,2019-11-08 09:35:13,0.14,0.6666,1237,0.13,0.619,536,0.15,0.7142,8,0.135,0.6428,9,0
IWM191115C162,2019-11-08,2019-11-08 09:35:13,0.14,0.6666,2186,0.13,0.619,536,0.15,0.7142,8,0.135,0.6428,9,0
IWM191115C162,2019-11-08,2019-11-08 09:35:14,0.14,0.6666,2113,0.13,0.619,99,0.15,0.7142,8,0.135,0.6428,9,0
IWM191115C162,2019-11-08,2019-11-08 09:35:14,0.14,0.6666,2463,0.13,0.619,99,0.15,0.7142,8,0.135,0.6428,9,0
IWM191115C162,2019-11-08,2019-11-08 09:35:15,0.14,0.6666,1664,0.12,0.5714,1300,0.15,0.7142,8,0.13,0.619,9,0
IWM191115C162,2019-11-08,2019-11-08 09:35:15,0.14,0.6666,2463,0.13,0.619,99,0.15,0.7142,8,0.135,0.6428,9,0
IWM191115C162,2019-11-08,2019-11-08 09:35:16,0.14,0.6666,2119,0.12,0.5714,1633,0.15,0.7142,8,0.13,0.619,9,0
IWM191115C162,2019-11-08,2019-11-08 09:35:16,0.14,0.6666,2112,0.12,0.5714,1633,0.15,0.7142,8,0.13,0.619,9,0
IWM191115C162,2019-11-08,2019-11-08 09:35:17,0.13,0.619,355,0.12,0.5714,1627,0.15,0.7142,8,0.125,0.5952,9,0
IWM191115C162,2019-11-08,2019-11-08 09:35:17,0.14,0.6666,2542,0.12,0.5714,1707,0.15,0.7142,8,0.13,0.619,9,0
IWM191115C162,2019-11-08,2019-11-08 09:35:18,0.13,0.619,1151,0.12,0.5714,1748,0.15,0.7142,8,0.125,0.5952,9,0
IWM191115C162,2019-11-08,2019-11-08 09:35:19,0.13,0.619,1760,0.12,0.5714,1301,0.15,0.7142,8,0.125,0.5952,9,0
IWM191115C162,2019-11-08,2019-11-08 09:35:19,0.13,0.619,1406,0.12,0.5714,1181,0.15,0.7142,8,0.125,0.5952,9,0
IWM191115C162,2019-11-08,2019-11-08 09:35:20,0.13,0.619,1961,0.12,0.5714,1317,0.15,0.7142,8,0.125,0.5952,9,0
IWM191115C162,2019-11-08,2019-11-08 09:35:20,0.13,0.619,1706,0.12,0.5714,1462,0.15,0.7142,8,0.125,0.5952,9,0
IWM191115C162,2019-11-08,2019-11-08 09:35:21,0.13,0.619,1759,0.12,0.5714,1538,0.15,0.7142,8,0.125,0.5952,9,0
IWM191115C162,2019-11-08,2019-11-08 09:35:21,0.13,0.619,1160,0.12,0.5714,1078,0.15,0.7142,8,0.125,0.5952,9,0
IWM191115C162,2019-11-08,2019-11-08 09:35:22,0.13,0.619,1789,0.12,0.5714,1431,0.15,0.7142,8,0.125,0.5952,9,0
IWM191115C162,2019-11-08,2019-11-08 09:35:22,0.13,0.619,1759,0.12,0.5714,1299,0.15,0.7142,8,0.125,0.5952,9,0
IWM191115C162,2019-11-08,2019-11-08 09:35:23,0.13,0.619,1789,0.12,0.5714,1295,0.15,0.7142,8,0.125,0.5952,9,0
IWM191115C162,2019-11-08,2019-11-08 09:35:23,0.13,0.619,1844,0.12,0.5714,1299,0.15,0.7142,8,0.125,0.5952,9,0
IWM191115C162,2019-11-08,2019-11-08 09:35:24,0.13,0.619,2036,0.12,0.5714,1259,0.15,0.7142,8,0.125,0.5952,9,0
IWM191115C162,2019-11-08,2019-11-08 09:35:25,0.13,0.619,1789,0.12,0.5714,1295,0.15,0.7142,8,0.125,0.5952,9,0
IWM191115C162,2019-11-08,2019-11-08 09:35:25,0.13,0.619,1789,0.12,0.5714,1261,0.15,0.7142,8,0.125,0.5952,9,0
IWM191115C162,2019-11-08,2019-11-08 09:35:26,0.13,0.619,1759,0.12,0.5714,1341,0.15,0.7142,8,0.125,0.5952,9,0
IWM191115C162,2019-11-08,2019-11-08 09:35:26,0.13,0.619,1759,0.12,0.5714,1346,0.15,0.7142,8,0.125,0.5952,9,0
IWM191115C162,2019-11-08,2019-11-08 09:35:27,0.14,0.6666,1606,0.12,0.5714,1300,0.15,0.7142,8,0.13,0.619,9,0
IWM191115C162,2019-11-08,2019-11-08 09:35:27,0.13,0.619,1619,0.12,0.5714,1583,0.15,0.7142,8,0.125,0.5952,9,0
IWM191115C162,2019-11-08,2019-11-08 09:35:28,0.13,0.619,371,0.12,0.5714,1087,0.15,0.7142,8,0.125,0.5952,9,0
IWM191115C162,2019-11-08,2019-11-08 09:35:28,0.14,0.6666,1606,0.12,0.5714,1226,0.15,0.7142,8,0.13,0.619,9,0
IWM191115C162,2019-11-08,2019-11-08 09:35:29,0.13,0.619,357,0.12,0.5714,1666,0.15,0.7142,8,0.125,0.5952,9,0
IWM191115C162,2019-11-08,2019-11-08 09:35:29,0.13,0.619,289,0.12,0.5714,1816,0.15,0.7142,8,0.125,0.5952,9,0
IWM191115C162,2019-11-08,2019-11-08 09:35:30,0.13,0.619,289,0.12,0.5714,1871,0.15,0.7142,8,0.125,0.5952,9,0
IWM191115C162,2019-11-08,2019-11-08 09:35:31,0.14,0.6666,1784,0.12,0.5714,1368,0.15,0.7142,8,0.13,0.619,9,0
IWM191115C162,2019-11-08,2019-11-08 09:35:31,0.14,0.6666,2557,0.12,0.5714,1806,0.15,0.7142,8,0.13,0.619,9,0
IWM191115C162,2019-11-08,2019-11-08 09:35:32,0.14,0.6666,2484,0.12,0.5714,1602,0.15,0.7142,8,0.13,0.619,9,0
IWM191115C162,2019-11-08,2019-11-08 09:35:32,0.14,0.6666,2784,0.12,0.5714,1902,0.15,0.7142,8,0.13,0.619,9,0
IWM191115C162,2019-11-08,2019-11-08 09:35:33,0.14,0.6666,1703,0.12,0.5714,1507,0.15,0.7142,8,0.13,0.619,9,0
IWM191115C162,2019-11-08,2019-11-08 09:35:33,0.14,0.6666,1443,0.12,0.5714,1257,0.15,0.7142,8,0.13,0.619,9,0
IWM191115C162,2019-11-08,2019-11-08 09:35:34,0.14,0.6666,2182,0.13,0.619,79,0.15,0.7142,8,0.135,0.6428,9,0
IWM191115C162,2019-11-08,2019-11-08 09:35:35,0.14,0.6666,2850,0.13,0.619,79,0.15,0.7142,8,0.135,0.6428,9,0
IWM191115C162,2019-11-08,2019-11-08 09:35:36,0.14,0.6666,2850,0.13,0.619,79,0.15,0.7142,8,0.135,0.6428,9,0
IWM191115C162,2019-11-08,2019-11-08 09:35:37,0.14,0.6666,2009,0.12,0.5714,1867,0.15,0.7142,8,0.13,0.619,9,0
IWM191115C162,2019-11-08,2019-11-08 09:35:37,0.14,0.6666,2850,0.13,0.619,79,0.15,0.7142,8,0.135,0.6428,9,0
IWM191115C162,2019-11-08,2019-11-08 09:35:38,0.13,0.619,550,0.12,0.5714,1940,0.15,0.7142,8,0.125,0.5952,9,0
IWM191115C162,2019-11-08,2019-11-08 09:35:38,0.13,0.619,600,0.12,0.5714,1867,0.15,0.7142,8,0.125,0.5952,9,0
IWM191115C162,2019-11-08,2019-11-08 09:35:39,0.13,0.619,308,0.12,0.5714,1885,0.15,0.7142,8,0.125,0.5952,9,0
IWM191115C162,2019-11-08,2019-11-08 09:35:39,0.13,0.619,550,0.12,0.5714,1940,0.15,0.7142,8,0.125,0.5952,9,0
IWM191115C162,2019-11-08,2019-11-08 09:35:40,0.13,0.619,706,0.12,0.5714,1761,0.15,0.7142,8,0.125,0.5952,9,0
IWM191115C162,2019-11-08,2019-11-08 09:35:41,0.13,0.619,906,0.12,0.5714,1704,0.15,0.7142,8,0.125,0.5952,9,0
IWM191115C162,2019-11-08,2019-11-08 09:35:41,0.13,0.619,805,0.12,0.5714,1723,0.15,0.7142,8,0.125,0.5952,9,0
IWM191115C162,2019-11-08,2019-11-08 09:35:42,0.13,0.619,896,0.12,0.5714,1668,0.15,0.7142,8,0.125,0.5952,9,0
IWM191115C162,2019-11-08,2019-11-08 09:35:43,0.13,0.619,1990,0.12,0.5714,1587,0.15,0.7142,8,0.125,0.5952,9,0
IWM191115C162,2019-11-08,2019-11-08 09:35:43,0.13,0.619,896,0.12,0.5714,1668,0.15,0.7142,8,0.125,0.5952,9,0
IWM191115C162,2019-11-08,2019-11-08 09:35:44,0.13,0.619,1990,0.12,0.5714,1575,0.15,0.7142,8,0.125,0.5952,9,0
IWM191115C162,2019-11-08,2019-11-08 09:35:44,0.13,0.619,1990,0.12,0.5714,1275,0.15,0.7142,8,0.125,0.5952,9,0
IWM191115C162,2019-11-08,2019-11-08 09:35:45,0.13,0.619,2124,0.12,0.5714,975,0.15,0.7142,8,0.125,0.5952,9,0
IWM191115C162,2019-11-08,2019-11-08 09:35:45,0.13,0.619,2179,0.12,0.5714,969,0.15,0.7142,8,0.125,0.5952,9,0
IWM191115C162,2019-11-08,2019-11-08 09:35:46,0.13,0.619,2124,0.12,0.5714,975,0.15,0.7142,8,0.125,0.5952,9,0
IWM191115C162,2019-11-08,2019-11-08 09:35:46,0.13,0.619,1984,0.12,0.5714,975,0.15,0.7142,8,0.125,0.5952,9,0
IWM191115C162,2019-11-08,2019-11-08 09:35:47,0.13,0.619,1684,0.12,0.5714,1275,0.15,0.7142,8,0.125,0.5952,9,0
IWM191115C162,2019-11-08,2019-11-08 09:35:47,0.13,0.619,1739,0.12,0.5714,975,0.15,0.7142,8,0.125,0.5952,9,0
IWM191115C162,2019-11-08,2019-11-08 09:35:48,0.13,0.619,1684,0.12,0.5714,975,0.15,0.7142,8,0.125,0.5952,9,0
IWM191115C162,2019-11-08,2019-11-08 09:35:49,0.13,0.619,1684,0.12,0.5714,752,0.15,0.7142,8,0.125,0.5952,9,0
IWM191115C162,2019-11-08,2019-11-08 09:35:49,0.13,0.619,1684,0.12,0.5714,1052,0.15,0.7142,8,0.125,0.5952,9,0
IWM191115C162,2019-11-08,2019-11-08 09:35:50,0.13,0.619,1684,0.12,0.5714,1052,0.15,0.7142,8,0.125,0.5952,9,0
IWM191115C162,2019-11-08,2019-11-08 09:35:50,0.13,0.619,1739,0.12,0.5714,976,0.15,0.7142,8,0.125,0.5952,9,0
IWM191115C162,2019-11-08,2019-11-08 09:35:51,0.13,0.619,1739,0.12,0.5714,752,0.15,0.7142,8,0.125,0.5952,9,0
IWM191115C162,2019-11-08,2019-11-08 09:35:51,0.13,0.619,1684,0.12,0.5714,995,0.15,0.7142,8,0.125,0.5952,9,0
IWM191115C162,2019-11-08,2019-11-08 09:35:52,0.13,0.619,1684,0.12,0.5714,1052,0.15,0.7142,8,0.125,0.5952,9,0
IWM191115C162,2019-11-08,2019-11-08 09:35:52,0.13,0.619,1240,0.12,0.5714,1052,0.15,0.7142,8,0.125,0.5952,9,0
IWM191115C162,2019-11-08,2019-11-08 09:35:53,0.13,0.619,1535,0.12,0.5714,907,0.15,0.7142,8,0.125,0.5952,9,0
IWM191115C162,2019-11-08,2019-11-08 09:35:53,0.13,0.619,1742,0.12,0.5714,904,0.15,0.7142,8,0.125,0.5952,9,0
IWM191115C162,2019-11-08,2019-11-08 09:35:54,0.13,0.619,1535,0.12,0.5714,907,0.15,0.7142,8,0.125,0.5952,9,0
IWM191115C162,2019-11-08,2019-11-08 09:35:55,0.13,0.619,1765,0.12,0.5714,985,0.15,0.7142,8,0.125,0.5952,9,0
IWM191115C162,2019-11-08,2019-11-08 09:35:55,0.13,0.619,1535,0.12,0.5714,907,0.15,0.7142,8,0.125,0.5952,9,0
IWM191115C162,2019-11-08,2019-11-08 09:35:56,0.13,0.619,1765,0.12,0.5714,494,0.15,0.7142,8,0.125,0.5952,9,0
IWM191115C162,2019-11-08,2019-11-08 09:35:56,0.13,0.619,1998,0.12,0.5714,789,0.15,0.7142,8,0.125,0.5952,9,0
IWM191115C162,2019-11-08,2019-11-08 09:35:57,0.13,0.619,2298,0.12,0.5714,746,0.15,0.7142,8,0.125,0.5952,9,0
IWM191115C162,2019-11-08,2019-11-08 09:35:58,0.13,0.619,2298,0.12,0.5714,746,0.15,0.7142,8,0.125,0.5952,9,0
IWM191115C162,2019-11-08,2019-11-08 09:35:59,0.13,0.619,2298,0.12,0.5714,746,0.15,0.7142,8,0.125,0.5952,9,0
IWM191115C162,2019-11-08,2019-11-08 09:36:00,0.13,0.619,1716,0.12,0.5714,366,0.15,0.7142,8,0.125,0.5952,9,0
IWM191115C162,2019-11-08,2019-11-08 09:36:00,0.13,0.619,2298,0.12,0.5714,746,0.15,0.7142,8,0.125,0.5952,9,0
IWM191115C162,2019-11-08,2019-11-08 09:36:01,0.13,0.619,2519,0.12,0.5714,310,0.15,0.7142,8,0.125,0.5952,9,0
IWM191115C162,2019-11-08,2019-11-08 09:36:02,0.13,0.619,2413,0.12,0.5714,475,0.15,0.7142,8,0.125,0.5952,9,0
IWM191115C162,2019-11-08,2019-11-08 09:36:03,0.13,0.619,2413,0.12,0.5714,475,0.15,0.7142,8,0.125,0.5952,9,0
IWM191115C162,2019-11-08,2019-11-08 09:36:03,0.13,0.619,2410,0.12,0.5714,475,0.15,0.7142,8,0.125,0.5952,9,0
IWM191115C162,2019-11-08,2019-11-08 09:36:04,0.13,0.619,2355,0.12,0.5714,475,0.15,0.7142,8,0.125,0.5952,9,0
IWM191115C162,2019-11-08,2019-11-08 09:36:04,0.13,0.619,2410,0.12,0.5714,475,0.15,0.7142,8,0.125,0.5952,9,0
IWM191115C162,2019-11-08,2019-11-08 09:36:05,0.13,0.619,2410,0.12,0.5714,475,0.15,0.7142,8,0.125,0.5952,9,0
IWM191115C162,2019-11-08,2019-11-08 09:36:06,0.13,0.619,2379,0.11,0.5238,1204,0.15,0.7142,8,0.12,0.5714,9,0
IWM191115C162,2019-11-08,2019-11-08 09:36:06,0.13,0.619,2410,0.12,0.5714,475,0.15,0.7142,8,0.125,0.5952,9,0
IWM191115C162,2019-11-08,2019-11-08 09:36:07,0.13,0.619,1976,0.11,0.5238,1204,0.15,0.7142,8,0.12,0.5714,9,0
IWM191115C162,2019-11-08,2019-11-08 09:36:07,0.13,0.619,2533,0.12,0.5714,157,0.15,0.7142,8,0.125,0.5952,9,0
IWM191115C162,2019-11-08,2019-11-08 09:36:08,0.13,0.619,2496,0.12,0.5714,79,0.15,0.7142,8,0.125,0.5952,9,0
IWM191115C162,2019-11-08,2019-11-08 09:36:09,0.13,0.619,2496,0.12,0.5714,94,0.15,0.7142,8,0.125,0.5952,9,0
IWM191115C162,2019-11-08,2019-11-08 09:36:10,0.13,0.619,2496,0.12,0.5714,94,0.15,0.7142,8,0.125,0.5952,9,0
IWM191115C162,2019-11-08,2019-11-08 09:36:10,0.13,0.619,2538,0.12,0.5714,15,0.15,0.7142,8,0.125,0.5952,9,0
IWM191115C162,2019-11-08,2019-11-08 09:36:11,0.13,0.619,1981,0.11,0.5238,1673,0.15,0.7142,8,0.12,0.5714,9,0
IWM191115C162,2019-11-08,2019-11-08 09:36:11,0.13,0.619,1981,0.12,0.5714,101,0.15,0.7142,8,0.125,0.5952,9,0
IWM191115C162,2019-11-08,2019-11-08 09:36:12,0.13,0.619,2838,0.12,0.5714,101,0.15,0.7142,8,0.125,0.5952,9,0
IWM191115C162,2019-11-08,2019-11-08 09:36:13,0.13,0.619,2838,0.12,0.5714,101,0.15,0.7142,8,0.125,0.5952,9,0
IWM191115C162,2019-11-08,2019-11-08 09:36:14,0.13,0.619,2838,0.12,0.5714,101,0.15,0.7142,8,0.125,0.5952,9,0
IWM191115C162,2019-11-08,2019-11-08 09:36:14,0.13,0.619,2084,0.12,0.5714,241,0.15,0.7142,8,0.125,0.5952,9,0
IWM191115C162,2019-11-08,2019-11-08 09:36:15,0.13,0.619,2084,0.12,0.5714,680,0.15,0.7142,8,0.125,0.5952,9,0
IWM191115C162,2019-11-08,2019-11-08 09:36:15,0.13,0.619,2084,0.12,0.5714,723,0.15,0.7142,8,0.125,0.5952,9,0
IWM191115C162,2019-11-08,2019-11-08 09:36:16,0.13,0.619,1363,0.12,0.5714,772,0.15,0.7142,8,0.125,0.5952,9,0
IWM191115C162,2019-11-08,2019-11-08 09:36:16,0.13,0.619,1706,0.12,0.5714,257,0.15,0.7142,8,0.125,0.5952,9,0
IWM191115C162,2019-11-08,2019-11-08 09:36:17,0.13,0.619,955,0.12,0.5714,785,0.15,0.7142,8,0.125,0.5952,9,0
IWM191115C162,2019-11-08,2019-11-08 09:36:18,0.13,0.619,955,0.12,0.5714,785,0.15,0.7142,8,0.125,0.5952,9,0
IWM191115C162,2019-11-08,2019-11-08 09:36:19,0.13,0.619,955,0.12,0.5714,785,0.15,0.7142,8,0.125,0.5952,9,0
IWM191115C162,2019-11-08,2019-11-08 09:36:19,0.14,0.6666,1127,0.12,0.5714,640,0.15,0.7142,8,0.13,0.619,9,0
IWM191115C162,2019-11-08,2019-11-08 09:36:20,0.14,0.6666,1575,0.12,0.5714,945,0.15,0.7142,8,0.13,0.619,9,0
IWM191115C162,2019-11-08,2019-11-08 09:36:20,0.14,0.6666,2022,0.12,0.5714,790,0.15,0.7142,8,0.13,0.619,9,0
IWM191115C162,2019-11-08,2019-11-08 09:36:21,0.14,0.6666,1477,0.12,0.5714,664,0.15,0.7142,8,0.13,0.619,9,0
IWM191115C162,2019-11-08,2019-11-08 09:36:21,0.14,0.6666,1592,0.12,0.5714,1460,0.15,0.7142,8,0.13,0.619,9,0
IWM191115C162,2019-11-08,2019-11-08 09:36:22,0.14,0.6666,2143,0.12,0.5714,1599,0.15,0.7142,8,0.13,0.619,9,0
IWM191115C162,2019-11-08,2019-11-08 09:36:22,0.14,0.6666,2143,0.12,0.5714,1654,0.15,0.7142,8,0.13,0.619,9,0
IWM191115C162,2019-11-08,2019-11-08 09:36:23,0.14,0.6666,2143,0.12,0.5714,1664,0.15,0.7142,8,0.13,0.619,9,0
IWM191115C162,2019-11-08,2019-11-08 09:36:23,0.14,0.6666,2143,0.12,0.5714,1719,0.15,0.7142,8,0.13,0.619,9,0
IWM191115C162,2019-11-08,2019-11-08 09:36:24,0.14,0.6666,2143,0.12,0.5714,1719,0.15,0.7142,8,0.13,0.619,9,0
IWM191115C162,2019-11-08,2019-11-08 09:36:24,0.14,0.6666,2143,0.12,0.5714,1664,0.15,0.7142,8,0.13,0.619,9,0
IWM191115C162,2019-11-08,2019-11-08 09:36:25,0.14,0.6666,2143,0.12,0.5714,1719,0.15,0.7142,8,0.13,0.619,9,0
IWM191115C162,2019-11-08,2019-11-08 09:36:26,0.14,0.6666,1976,0.12,0.5714,1765,0.15,0.7142,8,0.13,0.619,9,0
IWM191115C162,2019-11-08,2019-11-08 09:36:26,0.14,0.6666,2443,0.12,0.5714,1890,0.15,0.7142,8,0.13,0.619,9,0
IWM191115C162,2019-11-08,2019-11-08 09:36:27,0.13,0.619,366,0.12,0.5714,1628,0.15,0.7142,8,0.125,0.5952,9,0
IWM191115C162,2019-11-08,2019-11-08 09:36:28,0.13,0.619,829,0.12,0.5714,1425,0.15,0.7142,8,0.125,0.5952,9,0
IWM191115C162,2019-11-08,2019-11-08 09:36:28,0.13,0.619,262,0.12,0.5714,705,0.15,0.7142,8,0.125,0.5952,9,0
IWM191115C162,2019-11-08,2019-11-08 09:36:29,0.13,0.619,829,0.12,0.5714,1425,0.15,0.7142,8,0.125,0.5952,9,0
IWM191115C162,2019-11-08,2019-11-08 09:36:30,0.13,0.619,829,0.12,0.5714,1425,0.15,0.7142,8,0.125,0.5952,9,0
IWM191115C162,2019-11-08,2019-11-08 09:36:30,0.13,0.619,829,0.12,0.5714,1512,0.15,0.7142,8,0.125,0.5952,9,0
IWM191115C162,2019-11-08,2019-11-08 09:36:31,0.13,0.619,829,0.12,0.5714,1578,0.15,0.7142,8,0.125,0.5952,9,0
IWM191115C162,2019-11-08,2019-11-08 09:36:31,0.13,0.619,829,0.12,0.5714,1512,0.15,0.7142,8,0.125,0.5952,9,0
IWM191115C162,2019-11-08,2019-11-08 09:36:32,0.13,0.619,829,0.12,0.5714,1523,0.15,0.7142,8,0.125,0.5952,9,0
IWM191115C162,2019-11-08,2019-11-08 09:36:33,0.13,0.619,366,0.12,0.5714,1578,0.15,0.7142,8,0.125,0.5952,9,0
IWM191115C162,2019-11-08,2019-11-08 09:36:34,0.13,0.619,366,0.12,0.5714,1578,0.15,0.7142,8,0.125,0.5952,9,0
IWM191115C162,2019-11-08,2019-11-08 09:36:35,0.13,0.619,241,0.12,0.5714,1578,0.15,0.7142,8,0.125,0.5952,9,0
IWM191115C162,2019-11-08,2019-11-08 09:36:35,0.13,0.619,366,0.12,0.5714,1578,0.15,0.7142,8,0.125,0.5952,9,0
IWM191115C162,2019-11-08,2019-11-08 09:36:36,0.13,0.619,366,0.12,0.5714,1523,0.15,0.7142,8,0.125,0.5952,9,0
IWM191115C162,2019-11-08,2019-11-08 09:36:36,0.13,0.619,366,0.12,0.5714,1468,0.15,0.7142,8,0.125,0.5952,9,0
IWM191115C162,2019-11-08,2019-11-08 09:36:37,0.13,0.619,366,0.12,0.5714,1593,0.15,0.7142,8,0.125,0.5952,9,0
IWM191115C162,2019-11-08,2019-11-08 09:36:38,0.14,0.6666,2019,0.12,0.5714,1670,0.15,0.7142,8,0.13,0.619,9,0
IWM191115C162,2019-11-08,2019-11-08 09:36:38,0.14,0.6666,2564,0.12,0.5714,1789,0.15,0.7142,8,0.13,0.619,9,0
IWM191115C162,2019-11-08,2019-11-08 09:36:39,0.14,0.6666,1773,0.13,0.619,772,0.15,0.7142,8,0.135,0.6428,9,0
IWM191115C162,2019-11-08,2019-11-08 09:36:39,0.14,0.6666,1840,0.13,0.619,772,0.15,0.7142,8,0.135,0.6428,9,0
IWM191115C162,2019-11-08,2019-11-08 09:36:40,0.14,0.6666,2128,0.13,0.619,743,0.15,0.7142,8,0.135,0.6428,9,0
IWM191115C162,2019-11-08,2019-11-08 09:36:40,0.14,0.6666,1840,0.13,0.619,772,0.15,0.7142,8,0.135,0.6428,9,0
IWM191115C162,2019-11-08,2019-11-08 09:36:41,0.14,0.6666,1624,0.13,0.619,902,0.15,0.7142,8,0.135,0.6428,9,0
IWM191115C162,2019-11-08,2019-11-08 09:36:41,0.14,0.6666,965,0.13,0.619,743,0.15,0.7142,8,0.135,0.6428,9,0
IWM191115C162,2019-11-08,2019-11-08 09:36:42,0.14,0.6666,1624,0.13,0.619,939,0.15,0.7142,8,0.135,0.6428,9,0
IWM191115C162,2019-11-08,2019-11-08 09:36:42,0.14,0.6666,1559,0.13,0.619,939,0.15,0.7142,8,0.135,0.6428,9,0
IWM191115C162,2019-11-08,2019-11-08 09:36:43,0.14,0.6666,1081,0.13,0.619,389,0.15,0.7142,8,0.135,0.6428,9,0
IWM191115C162,2019-11-08,2019-11-08 09:36:43,0.14,0.6666,2217,0.13,0.619,267,0.15,0.7142,8,0.135,0.6428,9,0
IWM191115C162,2019-11-08,2019-11-08 09:36:44,0.14,0.6666,1551,0.13,0.619,268,0.15,0.7142,8,0.135,0.6428,9,0
IWM191115C162,2019-11-08,2019-11-08 09:36:44,0.14,0.6666,1551,0.13,0.619,358,0.15,0.7142,8,0.135,0.6428,9,0
IWM191115C162,2019-11-08,2019-11-08 09:36:45,0.14,0.6666,2367,0.13,0.619,79,0.15,0.7142,8,0.135,0.6428,9,0
IWM191115C162,2019-11-08,2019-11-08 09:36:45,0.14,0.6666,652,0.13,0.619,307,0.15,0.7142,8,0.135,0.6428,9,0
IWM191115C162,2019-11-08,2019-11-08 09:36:46,0.14,0.6666,574,0.13,0.619,814,0.15,0.7142,8,0.135,0.6428,9,0
IWM191115C162,2019-11-08,2019-11-08 09:36:46,0.14,0.6666,420,0.13,0.619,459,0.15,0.7142,8,0.135,0.6428,9,0
IWM191115C162,2019-11-08,2019-11-08 09:36:47,0.14,0.6666,574,0.13,0.619,705,0.15,0.7142,8,0.135,0.6428,9,0
IWM191115C162,2019-11-08,2019-11-08 09:36:47,0.14,0.6666,1873,0.13,0.619,492,0.15,0.7142,8,0.135,0.6428,9,0
IWM191115C162,2019-11-08,2019-11-08 09:36:48,0.14,0.6666,2153,0.13,0.619,545,0.15,0.7142,8,0.135,0.6428,9,0
IWM191115C162,2019-11-08,2019-11-08 09:36:49,0.14,0.6666,2153,0.13,0.619,545,0.15,0.7142,8,0.135,0.6428,9,0
IWM191115C162,2019-11-08,2019-11-08 09:36:49,0.14,0.6666,2098,0.13,0.619,545,0.15,0.7142,8,0.135,0.6428,9,0
IWM191115C162,2019-11-08,2019-11-08 09:36:50,0.14,0.6666,1957,0.13,0.619,160,0.15,0.7142,8,0.135,0.6428,9,0
IWM191115C162,2019-11-08,2019-11-08 09:36:50,0.14,0.6666,2379,0.13,0.619,271,0.15,0.7142,8,0.135,0.6428,9,0
IWM191115C162,2019-11-08,2019-11-08 09:36:51,0.14,0.6666,2379,0.13,0.619,271,0.15,0.7142,8,0.135,0.6428,9,0
IWM191115C162,2019-11-08,2019-11-08 09:36:52,0.14,0.6666,2379,0.13,0.619,271,0.15,0.7142,8,0.135,0.6428,9,0
IWM191115C162,2019-11-08,2019-11-08 09:36:52,0.14,0.6666,704,0.13,0.619,296,0.15,0.7142,8,0.135,0.6428,9,0
IWM191115C162,2019-11-08,2019-11-08 09:36:53,0.14,0.6666,1349,0.13,0.619,296,0.15,0.7142,8,0.135,0.6428,9,0
IWM191115C162,2019-11-08,2019-11-08 09:36:53,0.14,0.6666,962,0.13,0.619,296,0.15,0.7142,8,0.135,0.6428,9,0
IWM191115C162,2019-11-08,2019-11-08 09:36:54,0.14,0.6666,2084,0.13,0.619,739,0.15,0.7142,8,0.135,0.6428,9,0
IWM191115C162,2019-11-08,2019-11-08 09:36:54,0.14,0.6666,2213,0.13,0.619,739,0.15,0.7142,8,0.135,0.6428,9,0
IWM191115C162,2019-11-08,2019-11-08 09:36:55,0.14,0.6666,2213,0.13,0.619,739,0.15,0.7142,8,0.135,0.6428,9,0
IWM191115C162,2019-11-08,2019-11-08 09:36:55,0.14,0.6666,2213,0.13,0.619,681,0.15,0.7142,8,0.135,0.6428,9,0
IWM191115C162,2019-11-08,2019-11-08 09:36:56,0.14,0.6666,2268,0.13,0.619,391,0.15,0.7142,8,0.135,0.6428,9,0
IWM191115C162,2019-11-08,2019-11-08 09:36:56,0.14,0.6666,2229,0.13,0.619,651,0.15,0.7142,8,0.135,0.6428,9,0
IWM191115C162,2019-11-08,2019-11-08 09:36:57,0.14,0.6666,2229,0.13,0.619,651,0.15,0.7142,8,0.135,0.6428,9,0
IWM191115C162,2019-11-08,2019-11-08 09:36:58,0.14,0.6666,1300,0.13,0.619,413,0.15,0.7142,8,0.135,0.6428,9,0
IWM191115C162,2019-11-08,2019-11-08 09:36:58,0.14,0.6666,1910,0.13,0.619,242,0.15,0.7142,8,0.135,0.6428,9,0
IWM191115C162,2019-11-08,2019-11-08 09:36:59,0.14,0.6666,726,0.13,0.619,464,0.15,0.7142,8,0.135,0.6428,9,0
IWM191115C162,2019-11-08,2019-11-08 09:36:59,0.14,0.6666,1295,0.13,0.619,688,0.15,0.7142,8,0.135,0.6428,9,0
IWM191115C162,2019-11-08,2019-11-08 09:37:00,0.14,0.6666,850,0.13,0.619,282,0.15,0.7142,8,0.135,0.6428,9,0
IWM191115C162,2019-11-08,2019-11-08 09:37:00,0.14,0.6666,1404,0.13,0.619,688,0.15,0.7142,8,0.135,0.6428,9,0
IWM191115C162,2019-11-08,2019-11-08 09:37:01,0.14,0.6666,899,0.13,0.619,886,0.15,0.7142,8,0.135,0.6428,9,0
IWM191115C162,2019-11-08,2019-11-08 09:37:01,0.14,0.6666,519,0.13,0.619,574,0.15,0.7142,8,0.135,0.6428,9,0
IWM191115C162,2019-11-08,2019-11-08 09:37:02,0.14,0.6666,627,0.13,0.619,787,0.15,0.7142,8,0.135,0.6428,9,0
IWM191115C162,2019-11-08,2019-11-08 09:37:02,0.14,0.6666,242,0.13,0.619,387,0.15,0.7142,8,0.135,0.6428,9,0
IWM191115C162,2019-11-08,2019-11-08 09:37:03,0.14,0.6666,454,0.13,0.619,499,0.15,0.7142,8,0.135,0.6428,9,0
IWM191115C162,2019-11-08,2019-11-08 09:37:03,0.14,0.6666,150,0.13,0.619,713,0.15,0.7142,8,0.135,0.6428,9,0
IWM191115C162,2019-11-08,2019-11-08 09:37:04,0.14,0.6666,1050,0.13,0.619,777,0.15,0.7142,8,0.135,0.6428,9,0
IWM191115C162,2019-11-08,2019-11-08 09:37:04,0.14,0.6666,1877,0.13,0.619,614,0.15,0.7142,8,0.135,0.6428,9,0
IWM191115C162,2019-11-08,2019-11-08 09:37:05,0.14,0.6666,2193,0.13,0.619,386,0.15,0.7142,8,0.135,0.6428,9,0
IWM191115C162,2019-11-08,2019-11-08 09:37:05,0.14,0.6666,1476,0.13,0.619,404,0.15,0.7142,8,0.135,0.6428,9,0
IWM191115C162,2019-11-08,2019-11-08 09:37:06,0.14,0.6666,2193,0.13,0.619,457,0.15,0.7142,8,0.135,0.6428,9,0
IWM191115C162,2019-11-08,2019-11-08 09:37:06,0.14,0.6666,1769,0.13,0.619,457,0.15,0.7142,8,0.135,0.6428,9,0
IWM191115C162,2019-11-08,2019-11-08 09:37:07,0.14,0.6666,1631,0.13,0.619,100,0.15,0.7142,8,0.135,0.6428,9,0
IWM191115C162,2019-11-08,2019-11-08 09:37:07,0.14,0.6666,2335,0.13,0.619,100,0.15,0.7142,8,0.135,0.6428,9,0
IWM191115C162,2019-11-08,2019-11-08 09:37:08,0.14,0.6666,2340,0.13,0.619,438,0.15,0.7142,8,0.135,0.6428,9,0
IWM191115C162,2019-11-08,2019-11-08 09:37:09,0.14,0.6666,2535,0.13,0.619,504,0.15,0.7142,8,0.135,0.6428,9,0
IWM191115C162,2019-11-08,2019-11-08 09:37:10,0.14,0.6666,1965,0.13,0.619,504,0.15,0.7142,8,0.135,0.6428,9,0
IWM191115C162,2019-11-08,2019-11-08 09:37:10,0.14,0.6666,2262,0.13,0.619,504,0.15,0.7142,8,0.135,0.6428,9,0
IWM191115C162,2019-11-08,2019-11-08 09:37:11,0.14,0.6666,440,0.13,0.619,505,0.15,0.7142,8,0.135,0.6428,9,0
IWM191115C162,2019-11-08,2019-11-08 09:37:11,0.14,0.6666,2317,0.13,0.619,505,0.15,0.7142,8,0.135,0.6428,9,0
IWM191115C162,2019-11-08,2019-11-08 09:37:12,0.14,0.6666,2332,0.12,0.5714,1606,0.15,0.7142,8,0.13,0.619,9,0
IWM191115C162,2019-11-08,2019-11-08 09:37:12,0.14,0.6666,1852,0.12,0.5714,1227,0.15,0.7142,8,0.13,0.619,9,0
IWM191115C162,2019-11-08,2019-11-08 09:37:13,0.14,0.6666,2632,0.12,0.5714,1553,0.15,0.7142,8,0.13,0.619,9,0
IWM191115C162,2019-11-08,2019-11-08 09:37:14,0.13,0.619,62,0.12,0.5714,1632,0.15,0.7142,8,0.125,0.5952,9,0
IWM191115C162,2019-11-08,2019-11-08 09:37:14,0.14,0.6666,2117,0.12,0.5714,1888,0.15,0.7142,8,0.13,0.619,9,0
IWM191115C162,2019-11-08,2019-11-08 09:37:15,0.14,0.6666,2174,0.12,0.5714,2052,0.15,0.7142,8,0.13,0.619,9,0
IWM191115C162,2019-11-08,2019-11-08 09:37:15,0.14,0.6666,2174,0.13,0.619,58,0.15,0.7142,8,0.135,0.6428,9,0
IWM191115C162,2019-11-08,2019-11-08 09:37:16,0.14,0.6666,841,0.13,0.619,36,0.15,0.7142,8,0.135,0.6428,9,0
IWM191115C162,2019-11-08,2019-11-08 09:37:16,0.14,0.6666,2174,0.13,0.619,58,0.15,0.7142,8,0.135,0.6428,9,0
IWM191115C162,2019-11-08,2019-11-08 09:37:17,0.14,0.6666,2066,0.13,0.619,21,0.15,0.7142,8,0.135,0.6428,9,0
IWM191115C162,2019-11-08,2019-11-08 09:37:17,0.14,0.6666,1757,0.13,0.619,21,0.15,0.7142,8,0.135,0.6428,9,0
IWM191115C162,2019-11-08,2019-11-08 09:37:18,0.14,0.6666,2256,0.13,0.619,262,0.15,0.7142,8,0.135,0.6428,9,0
IWM191115C162,2019-11-08,2019-11-08 09:37:18,0.14,0.6666,1645,0.13,0.619,425,0.15,0.7142,8,0.135,0.6428,9,0
IWM191115C162,2019-11-08,2019-11-08 09:37:19,0.14,0.6666,2256,0.13,0.619,262,0.15,0.7142,8,0.135,0.6428,9,0
IWM191115C162,2019-11-08,2019-11-08 09:37:20,0.14,0.6666,1266,0.13,0.619,84,0.15,0.7142,8,0.135,0.6428,9,0
IWM191115C162,2019-11-08,2019-11-08 09:37:20,0.14,0.6666,2138,0.13,0.619,84,0.15,0.7142,8,0.135,0.6428,9,0
IWM191115C162,2019-11-08,2019-11-08 09:37:21,0.14,0.6666,835,0.13,0.619,398,0.15,0.7142,8,0.135,0.6428,9,0
IWM191115C162,2019-11-08,2019-11-08 09:37:21,0.14,0.6666,2438,0.13,0.619,91,0.15,0.7142,8,0.135,0.6428,9,0
IWM191115C162,2019-11-08,2019-11-08 09:37:22,0.14,0.6666,1057,0.13,0.619,434,0.15,0.7142,8,0.135,0.6428,9,0
IWM191115C162,2019-11-08,2019-11-08 09:37:22,0.14,0.6666,1625,0.13,0.619,398,0.15,0.7142,8,0.135,0.6428,9,0
IWM191115C162,2019-11-08,2019-11-08 09:37:23,0.14,0.6666,1880,0.12,0.5714,1552,0.15,0.7142,8,0.13,0.619,9,0
IWM191115C162,2019-11-08,2019-11-08 09:37:23,0.14,0.6666,2546,0.12,0.5714,1863,0.15,0.7142,8,0.13,0.619,9,0
IWM191115C162,2019-11-08,2019-11-08 09:37:24,0.14,0.6666,2546,0.13,0.619,100,0.15,0.7142,8,0.135,0.6428,9,0
IWM191115C162,2019-11-08,2019-11-08 09:37:25,0.14,0.6666,2818,0.13,0.619,117,0.15,0.7142,8,0.135,0.6428,9,0
IWM191115C162,2019-11-08,2019-11-08 09:37:25,0.14,0.6666,2811,0.13,0.619,118,0.15,0.7142,8,0.135,0.6428,9,0
IWM191115C162,2019-11-08,2019-11-08 09:37:26,0.14,0.6666,2818,0.13,0.619,117,0.15,0.7142,8,0.135,0.6428,9,0
IWM191115C162,2019-11-08,2019-11-08 09:37:27,0.14,0.6666,2818,0.13,0.619,117,0.15,0.7142,8,0.135,0.6428,9,0
IWM191115C162,2019-11-08,2019-11-08 09:37:28,0.14,0.6666,2818,0.13,0.619,117,0.15,0.7142,8,0.135,0.6428,9,0
IWM191115C162,2019-11-08,2019-11-08 09:37:29,0.14,0.6666,2474,0.13,0.619,130,0.15,0.7142,8,0.135,0.6428,9,0
IWM191115C162,2019-11-08,2019-11-08 09:37:29,0.14,0.6666,2774,0.13,0.619,96,0.15,0.7142,8,0.135,0.6428,9,0
IWM191115C162,2019-11-08,2019-11-08 09:37:30,0.14,0.6666,2839,0.13,0.619,96,0.15,0.7142,8,0.135,0.6428,9,0
IWM191115C162,2019-11-08,2019-11-08 09:37:30,0.14,0.6666,2838,0.13,0.619,96,0.15,0.7142,8,0.135,0.6428,9,0
IWM191115C162,2019-11-08,2019-11-08 09:37:31,0.14,0.6666,2839,0.12,0.5714,2292,0.15,0.7142,8,0.13,0.619,9,0
IWM191115C162,2019-11-08,2019-11-08 09:37:31,0.14,0.6666,2839,0.13,0.619,4,0.15,0.7142,8,0.135,0.6428,9,0
IWM191115C162,2019-11-08,2019-11-08 09:37:32,0.14,0.6666,2839,0.13,0.619,4,0.15,0.7142,8,0.135,0.6428,9,0
IWM191115C162,2019-11-08,2019-11-08 09:37:33,0.14,0.6666,2837,0.13,0.619,26,0.15,0.7142,8,0.135,0.6428,9,0
IWM191115C162,2019-11-08,2019-11-08 09:37:34,0.14,0.6666,2837,0.13,0.619,26,0.15,0.7142,8,0.135,0.6428,9,0
IWM191115C162,2019-11-08,2019-11-08 09:37:35,0.14,0.6666,1350,0.12,0.5714,418,0.15,0.7142,8,0.13,0.619,9,0
IWM191115C162,2019-11-08,2019-11-08 09:37:35,0.14,0.6666,2837,0.13,0.619,26,0.15,0.7142,8,0.135,0.6428,9,0
IWM191115C162,2019-11-08,2019-11-08 09:37:36,0.14,0.6666,2330,0.13,0.619,80,0.15,0.7142,8,0.135,0.6428,9,0
IWM191115C162,2019-11-08,2019-11-08 09:37:36,0.14,0.6666,2330,0.12,0.5714,1908,0.15,0.7142,8,0.13,0.619,9,0
IWM191115C162,2019-11-08,2019-11-08 09:37:37,0.14,0.6666,1769,0.13,0.619,79,0.15,0.7142,8,0.135,0.6428,9,0
IWM191115C162,2019-11-08,2019-11-08 09:37:37,0.14,0.6666,2815,0.13,0.619,121,0.15,0.7142,8,0.135,0.6428,9,0
IWM191115C162,2019-11-08,2019-11-08 09:37:38,0.14,0.6666,2192,0.13,0.619,80,0.15,0.7142,8,0.135,0.6428,9,0
IWM191115C162,2019-11-08,2019-11-08 09:37:38,0.14,0.6666,2822,0.13,0.619,118,0.15,0.7142,8,0.135,0.6428,9,0
IWM191115C162,2019-11-08,2019-11-08 09:37:39,0.14,0.6666,3025,0.13,0.619,80,0.15,0.7142,8,0.135,0.6428,9,0
IWM191115C162,2019-11-08,2019-11-08 09:37:40,0.14,0.6666,2749,0.13,0.619,79,0.15,0.7142,8,0.135,0.6428,9,0
IWM191115C162,2019-11-08,2019-11-08 09:37:40,0.14,0.6666,2749,0.13,0.619,94,0.15,0.7142,8,0.135,0.6428,9,0
IWM191115C162,2019-11-08,2019-11-08 09:37:41,0.14,0.6666,2653,0.13,0.619,352,0.15,0.7142,8,0.135,0.6428,9,0
IWM191115C162,2019-11-08,2019-11-08 09:37:41,0.14,0.6666,1609,0.13,0.619,94,0.15,0.7142,8,0.135,0.6428,9,0
IWM191115C162,2019-11-08,2019-11-08 09:37:42,0.14,0.6666,2653,0.13,0.619,437,0.15,0.7142,8,0.135,0.6428,9,0
IWM191115C162,2019-11-08,2019-11-08 09:37:42,0.14,0.6666,2660,0.13,0.619,437,0.15,0.7142,8,0.135,0.6428,9,0
IWM191115C162,2019-11-08,2019-11-08 09:37:43,0.14,0.6666,2660,0.13,0.619,177,0.15,0.7142,8,0.135,0.6428,9,0
IWM191115C162,2019-11-08,2019-11-08 09:37:44,0.14,0.6666,1020,0.13,0.619,510,0.15,0.7142,8,0.135,0.6428,9,0
IWM191115C162,2019-11-08,2019-11-08 09:37:44,0.14,0.6666,2660,0.13,0.619,182,0.15,0.7142,8,0.135,0.6428,9,0
IWM191115C162,2019-11-08,2019-11-08 09:37:45,0.14,0.6666,1375,0.13,0.619,618,0.15,0.7142,8,0.135,0.6428,9,0
IWM191115C162,2019-11-08,2019-11-08 09:37:45,0.14,0.6666,1375,0.13,0.619,510,0.15,0.7142,8,0.135,0.6428,9,0
IWM191115C162,2019-11-08,2019-11-08 09:37:46,0.14,0.6666,1375,0.13,0.619,510,0.15,0.7142,8,0.135,0.6428,9,0
IWM191115C162,2019-11-08,2019-11-08 09:37:47,0.14,0.6666,1375,0.13,0.619,510,0.15,0.7142,8,0.135,0.6428,9,0
IWM191115C162,2019-11-08,2019-11-08 09:37:48,0.14,0.6666,1375,0.13,0.619,510,0.15,0.7142,8,0.135,0.6428,9,0
IWM191115C162,2019-11-08,2019-11-08 09:37:48,0.14,0.6666,1375,0.13,0.619,500,0.15,0.7142,8,0.135,0.6428,9,0
IWM191115C162,2019-11-08,2019-11-08 09:37:49,0.14,0.6666,1375,0.13,0.619,500,0.15,0.7142,8,0.135,0.6428,9,0
IWM191115C162,2019-11-08,2019-11-08 09:37:50,0.14,0.6666,1794,0.13,0.619,378,0.15,0.7142,8,0.135,0.6428,9,0
IWM191115C162,2019-11-08,2019-11-08 09:37:50,0.14,0.6666,1794,0.13,0.619,500,0.15,0.7142,8,0.135,0.6428,9,0
IWM191115C162,2019-11-08,2019-11-08 09:37:51,0.14,0.6666,1794,0.13,0.619,487,0.15,0.7142,8,0.135,0.6428,9,0
IWM191115C162,2019-11-08,2019-11-08 09:37:51,0.14,0.6666,1794,0.13,0.619,375,0.15,0.7142,8,0.135,0.6428,9,0
IWM191115C162,2019-11-08,2019-11-08 09:37:52,0.14,0.6666,1849,0.13,0.619,375,0.15,0.7142,8,0.135,0.6428,9,0
IWM191115C162,2019-11-08,2019-11-08 09:37:52,0.14,0.6666,1794,0.13,0.619,434,0.15,0.7142,8,0.135,0.6428,9,0
IWM191115C162,2019-11-08,2019-11-08 09:37:53,0.14,0.6666,1794,0.13,0.619,434,0.15,0.7142,8,0.135,0.6428,9,0
IWM191115C162,2019-11-08,2019-11-08 09:37:54,0.14,0.6666,1794,0.13,0.619,434,0.15,0.7142,8,0.135,0.6428,9,0
IWM191115C162,2019-11-08,2019-11-08 09:37:55,0.14,0.6666,1398,0.13,0.619,423,0.15,0.7142,8,0.135,0.6428,9,0
IWM191115C162,2019-11-08,2019-11-08 09:37:55,0.14,0.6666,884,0.13,0.619,434,0.15,0.7142,8,0.135,0.6428,9,0
IWM191115C162,2019-11-08,2019-11-08 09:37:56,0.14,0.6666,1698,0.13,0.619,423,0.15,0.7142,8,0.135,0.6428,9,0
IWM191115C162,2019-11-08,2019-11-08 09:37:57,0.14,0.6666,1698,0.13,0.619,423,0.15,0.7142,8,0.135,0.6428,9,0
IWM191115C162,2019-11-08,2019-11-08 09:37:57,0.14,0.6666,1753,0.13,0.619,423,0.15,0.7142,8,0.135,0.6428,9,0
IWM191115C162,2019-11-08,2019-11-08 09:37:58,0.14,0.6666,1753,0.13,0.619,423,0.15,0.7142,8,0.135,0.6428,9,0
IWM191115C162,2019-11-08,2019-11-08 09:37:59,0.14,0.6666,1753,0.13,0.619,362,0.15,0.7142,8,0.135,0.6428,9,0
IWM191115C162,2019-11-08,2019-11-08 09:37:59,0.14,0.6666,1808,0.13,0.619,423,0.15,0.7142,8,0.135,0.6428,9,0
IWM191115C162,2019-11-08,2019-11-08 09:38:00,0.14,0.6666,1804,0.13,0.619,275,0.15,0.7142,8,0.135,0.6428,9,0
IWM191115C162,2019-11-08,2019-11-08 09:38:00,0.14,0.6666,1753,0.13,0.619,362,0.15,0.7142,8,0.135,0.6428,9,0
IWM191115C162,2019-11-08,2019-11-08 09:38:01,0.14,0.6666,1723,0.13,0.619,338,0.15,0.7142,8,0.135,0.6428,9,0
IWM191115C162,2019-11-08,2019-11-08 09:38:01,0.14,0.6666,1730,0.13,0.619,327,0.15,0.7142,8,0.135,0.6428,9,0
IWM191115C162,2019-11-08,2019-11-08 09:38:02,0.14,0.6666,1984,0.13,0.619,265,0.15,0.7142,8,0.135,0.6428,9,0
IWM191115C162,2019-11-08,2019-11-08 09:38:02,0.14,0.6666,1730,0.13,0.619,327,0.15,0.7142,8,0.135,0.6428,9,0
IWM191115C162,2019-11-08,2019-11-08 09:38:03,0.14,0.6666,1984,0.13,0.619,265,0.15,0.7142,8,0.135,0.6428,9,0
IWM191115C162,2019-11-08,2019-11-08 09:38:04,0.14,0.6666,1984,0.13,0.619,265,0.15,0.7142,8,0.135,0.6428,9,0
IWM191115C162,2019-11-08,2019-11-08 09:38:04,0.14,0.6666,1984,0.13,0.619,349,0.15,0.7142,8,0.135,0.6428,9,0
IWM191115C162,2019-11-08,2019-11-08 09:38:05,0.14,0.6666,2115,0.13,0.619,335,0.15,0.7142,8,0.135,0.6428,9,0
IWM191115C162,2019-11-08,2019-11-08 09:38:05,0.14,0.6666,1815,0.13,0.619,419,0.15,0.7142,8,0.135,0.6428,9,0
IWM191115C162,2019-11-08,2019-11-08 09:38:06,0.14,0.6666,2115,0.13,0.619,472,0.15,0.7142,8,0.135,0.6428,9,0
IWM191115C162,2019-11-08,2019-11-08 09:38:06,0.14,0.6666,2115,0.13,0.619,335,0.15,0.7142,8,0.135,0.6428,9,0
IWM191115C162,2019-11-08,2019-11-08 09:38:07,0.14,0.6666,2115,0.13,0.619,472,0.15,0.7142,8,0.135,0.6428,9,0
IWM191115C162,2019-11-08,2019-11-08 09:38:07,0.14,0.6666,906,0.13,0.619,1059,0.15,0.7142,8,0.135,0.6428,9,0
IWM191115C162,2019-11-08,2019-11-08 09:38:08,0.14,0.6666,976,0.13,0.619,1194,0.15,0.7142,8,0.135,0.6428,9,0
IWM191115C162,2019-11-08,2019-11-08 09:38:08,0.14,0.6666,1098,0.13,0.619,1089,0.15,0.7142,8,0.135,0.6428,9,0
IWM191115C162,2019-11-08,2019-11-08 09:38:09,0.15,0.7142,2677,0.13,0.619,1759,0.15,0.7142,8,0.14,0.6666,9,0
IWM191115C162,2019-11-08,2019-11-08 09:38:10,0.15,0.7142,2677,0.13,0.619,1759,0.15,0.7142,8,0.14,0.6666,9,0
IWM191115C162,2019-11-08,2019-11-08 09:38:11,0.15,0.7142,2076,0.13,0.619,2003,0.15,0.7142,8,0.14,0.6666,9,0
IWM191115C162,2019-11-08,2019-11-08 09:38:12,0.15,0.7142,2376,0.14,0.6666,399,0.15,0.7142,8,0.145,0.6904,9,0
IWM191115C162,2019-11-08,2019-11-08 09:38:13,0.15,0.7142,2376,0.14,0.6666,399,0.15,0.7142,8,0.145,0.6904,9,0
IWM191115C162,2019-11-08,2019-11-08 09:38:14,0.15,0.7142,2053,0.14,0.6666,195,0.15,0.7142,8,0.145,0.6904,9,0
IWM191115C162,2019-11-08,2019-11-08 09:38:14,0.15,0.7142,2138,0.14,0.6666,195,0.15,0.7142,8,0.145,0.6904,9,0
IWM191115C162,2019-11-08,2019-11-08 09:38:15,0.15,0.7142,2438,0.14,0.6666,96,0.15,0.7142,8,0.145,0.6904,9,0
IWM191115C162,2019-11-08,2019-11-08 09:38:15,0.15,0.7142,2438,0.14,0.6666,79,0.15,0.7142,8,0.145,0.6904,9,0
IWM191115C162,2019-11-08,2019-11-08 09:38:16,0.15,0.7142,2438,0.14,0.6666,91,0.15,0.7142,8,0.145,0.6904,9,0
IWM191115C162,2019-11-08,2019-11-08 09:38:17,0.15,0.7142,2431,0.14,0.6666,248,0.15,0.7142,8,0.145,0.6904,9,0
IWM191115C162,2019-11-08,2019-11-08 09:38:17,0.15,0.7142,2431,0.14,0.6666,202,0.15,0.7142,8,0.145,0.6904,9,0
IWM191115C162,2019-11-08,2019-11-08 09:38:18,0.15,0.7142,1677,0.14,0.6666,265,0.15,0.7142,8,0.145,0.6904,9,0
IWM191115C162,2019-11-08,2019-11-08 09:38:18,0.15,0.7142,2366,0.14,0.6666,269,0.15,0.7142,8,0.145,0.6904,9,0
IWM191115C162,2019-11-08,2019-11-08 09:38:19,0.15,0.7142,1677,0.14,0.6666,101,0.15,0.7142,8,0.145,0.6904,9,0
IWM191115C162,2019-11-08,2019-11-08 09:38:19,0.15,0.7142,1677,0.14,0.6666,283,0.15,0.7142,8,0.145,0.6904,9,0
IWM191115C162,2019-11-08,2019-11-08 09:38:20,0.15,0.7142,1622,0.14,0.6666,194,0.15,0.7142,8,0.145,0.6904,9,0
IWM191115C162,2019-11-08,2019-11-08 09:38:20,0.15,0.7142,1677,0.14,0.6666,332,0.15,0.7142,8,0.145,0.6904,9,0
IWM191115C162,2019-11-08,2019-11-08 09:38:21,0.15,0.7142,1955,0.14,0.6666,79,0.15,0.7142,8,0.145,0.6904,9,0
IWM191115C162,2019-11-08,2019-11-08 09:38:21,0.15,0.7142,1572,0.14,0.6666,252,0.15,0.7142,8,0.145,0.6904,9,0
IWM191115C162,2019-11-08,2019-11-08 09:38:22,0.15,0.7142,2027,0.14,0.6666,189,0.15,0.7142,8,0.145,0.6904,9,0
IWM191115C162,2019-11-08,2019-11-08 09:38:22,0.15,0.7142,2255,0.14,0.6666,100,0.15,0.7142,8,0.145,0.6904,9,0
IWM191115C162,2019-11-08,2019-11-08 09:38:23,0.15,0.7142,2327,0.14,0.6666,230,0.15,0.7142,8,0.145,0.6904,9,0
IWM191115C162,2019-11-08,2019-11-08 09:38:23,0.15,0.7142,2327,0.14,0.6666,189,0.15,0.7142,8,0.145,0.6904,9,0
IWM191115C162,2019-11-08,2019-11-08 09:38:24,0.15,0.7142,2197,0.14,0.6666,230,0.15,0.7142,8,0.145,0.6904,9,0
IWM191115C162,2019-11-08,2019-11-08 09:38:25,0.15,0.7142,2056,0.14,0.6666,230,0.15,0.7142,8,0.145,0.6904,9,0
IWM191115C162,2019-11-08,2019-11-08 09:38:25,0.15,0.7142,1911,0.14,0.6666,230,0.15,0.7142,8,0.145,0.6904,9,0
IWM191115C162,2019-11-08,2019-11-08 09:38:26,0.15,0.7142,2011,0.14,0.6666,230,0.15,0.7142,8,0.145,0.6904,9,0
IWM191115C162,2019-11-08,2019-11-08 09:38:26,0.15,0.7142,1961,0.14,0.6666,230,0.15,0.7142,8,0.145,0.6904,9,0
IWM191115C162,2019-11-08,2019-11-08 09:38:27,0.15,0.7142,1961,0.14,0.6666,230,0.15,0.7142,8,0.145,0.6904,9,0
IWM191115C162,2019-11-08,2019-11-08 09:38:27,0.15,0.7142,2011,0.14,0.6666,230,0.15,0.7142,8,0.145,0.6904,9,0
IWM191115C162,2019-11-08,2019-11-08 09:38:28,0.15,0.7142,1491,0.14,0.6666,200,0.15,0.7142,8,0.145,0.6904,9,0
IWM191115C162,2019-11-08,2019-11-08 09:38:29,0.15,0.7142,1974,0.14,0.6666,208,0.15,0.7142,8,0.145,0.6904,9,0
IWM191115C162,2019-11-08,2019-11-08 09:38:30,0.15,0.7142,1916,0.14,0.6666,286,0.15,0.7142,8,0.145,0.6904,9,0
IWM191115C162,2019-11-08,2019-11-08 09:38:31,0.15,0.7142,1996,0.14,0.6666,301,0.15,0.7142,8,0.145,0.6904,9,0
IWM191115C162,2019-11-08,2019-11-08 09:38:31,0.15,0.7142,2019,0.14,0.6666,301,0.15,0.7142,8,0.145,0.6904,9,0
IWM191115C162,2019-11-08,2019-11-08 09:38:32,0.15,0.7142,1996,0.14,0.6666,301,0.15,0.7142,8,0.145,0.6904,9,0
IWM191115C162,2019-11-08,2019-11-08 09:38:32,0.15,0.7142,2046,0.14,0.6666,301,0.15,0.7142,8,0.145,0.6904,9,0
IWM191115C162,2019-11-08,2019-11-08 09:38:33,0.15,0.7142,1343,0.14,0.6666,281,0.15,0.7142,8,0.145,0.6904,9,0
IWM191115C162,2019-11-08,2019-11-08 09:38:33,0.15,0.7142,2046,0.14,0.6666,301,0.15,0.7142,8,0.145,0.6904,9,0
IWM191115C162,2019-11-08,2019-11-08 09:38:34,0.15,0.7142,1952,0.14,0.6666,281,0.15,0.7142,8,0.145,0.6904,9,0
IWM191115C162,2019-11-08,2019-11-08 09:38:35,0.15,0.7142,1952,0.14,0.6666,280,0.15,0.7142,8,0.145,0.6904,9,0
IWM191115C162,2019-11-08,2019-11-08 09:38:35,0.15,0.7142,1952,0.14,0.6666,281,0.15,0.7142,8,0.145,0.6904,9,0
IWM191115C162,2019-11-08,2019-11-08 09:38:36,0.15,0.7142,1952,0.14,0.6666,373,0.15,0.7142,8,0.145,0.6904,9,0
IWM191115C162,2019-11-08,2019-11-08 09:38:37,0.15,0.7142,1952,0.14,0.6666,373,0.15,0.7142,8,0.145,0.6904,9,0
IWM191115C162,2019-11-08,2019-11-08 09:38:37,0.15,0.7142,908,0.14,0.6666,721,0.15,0.7142,8,0.145,0.6904,9,0
IWM191115C162,2019-11-08,2019-11-08 09:38:38,0.15,0.7142,908,0.14,0.6666,721,0.15,0.7142,8,0.145,0.6904,9,0
IWM191115C162,2019-11-08,2019-11-08 09:38:39,0.15,0.7142,164,0.14,0.6666,721,0.15,0.7142,8,0.145,0.6904,9,0
IWM191115C162,2019-11-08,2019-11-08 09:38:40,0.16,0.7619,1608,0.14,0.6666,1240,0.15,0.7142,8,0.15,0.7142,9,0
IWM191115C162,2019-11-08,2019-11-08 09:38:40,0.16,0.7619,1608,0.14,0.6666,1371,0.15,0.7142,8,0.15,0.7142,9,0
IWM191115C162,2019-11-08,2019-11-08 09:38:41,0.16,0.7619,1865,0.14,0.6666,1232,0.15,0.7142,8,0.15,0.7142,9,0
IWM191115C162,2019-11-08,2019-11-08 09:38:41,0.16,0.7619,1858,0.14,0.6666,1232,0.15,0.7142,8,0.15,0.7142,9,0
IWM191115C162,2019-11-08,2019-11-08 09:38:42,0.16,0.7619,1898,0.14,0.6666,1222,0.15,0.7142,8,0.15,0.7142,9,0
IWM191115C162,2019-11-08,2019-11-08 09:38:42,0.16,0.7619,1858,0.14,0.6666,1232,0.15,0.7142,8,0.15,0.7142,9,0
IWM191115C162,2019-11-08,2019-11-08 09:38:43,0.15,0.7142,39,0.14,0.6666,1221,0.15,0.7142,8,0.145,0.6904,9,0
IWM191115C162,2019-11-08,2019-11-08 09:38:43,0.16,0.7619,2309,0.14,0.6666,1222,0.15,0.7142,8,0.15,0.7142,9,0
IWM191115C162,2019-11-08,2019-11-08 09:38:44,0.16,0.7619,1660,0.14,0.6666,1227,0.15,0.7142,8,0.15,0.7142,9,0
IWM191115C162,2019-11-08,2019-11-08 09:38:44,0.16,0.7619,1909,0.14,0.6666,1228,0.15,0.7142,8,0.15,0.7142,9,0
IWM191115C162,2019-11-08,2019-11-08 09:38:45,0.16,0.7619,1909,0.14,0.6666,1228,0.15,0.7142,8,0.15,0.7142,9,0
IWM191115C162,2019-11-08,2019-11-08 09:38:46,0.16,0.7619,1909,0.14,0.6666,1228,0.15,0.7142,8,0.15,0.7142,9,0
IWM191115C162,2019-11-08,2019-11-08 09:38:47,0.16,0.7619,1909,0.14,0.6666,1228,0.15,0.7142,8,0.15,0.7142,9,0
IWM191115C162,2019-11-08,2019-11-08 09:38:48,0.15,0.7142,91,0.14,0.6666,1228,0.15,0.7142,8,0.145,0.6904,9,0
IWM191115C162,2019-11-08,2019-11-08 09:38:48,0.15,0.7142,75,0.14,0.6666,1228,0.15,0.7142,8,0.145,0.6904,9,0
IWM191115C162,2019-11-08,2019-11-08 09:38:49,0.15,0.7142,62,0.14,0.6666,1231,0.15,0.7142,8,0.145,0.6904,9,0
IWM191115C162,2019-11-08,2019-11-08 09:38:49,0.15,0.7142,107,0.14,0.6666,1228,0.15,0.7142,8,0.145,0.6904,9,0
IWM191115C162,2019-11-08,2019-11-08 09:38:50,0.15,0.7142,62,0.14,0.6666,1231,0.15,0.7142,8,0.145,0.6904,9,0
IWM191115C162,2019-11-08,2019-11-08 09:38:50,0.16,0.7619,1748,0.14,0.6666,1692,0.15,0.7142,8,0.15,0.7142,9,0
IWM191115C162,2019-11-08,2019-11-08 09:38:51,0.16,0.7619,2250,0.14,0.6666,1692,0.15,0.7142,8,0.15,0.7142,9,0
IWM191115C162,2019-11-08,2019-11-08 09:38:51,0.16,0.7619,1748,0.14,0.6666,1692,0.15,0.7142,8,0.15,0.7142,9,0
IWM191115C162,2019-11-08,2019-11-08 09:38:52,0.16,0.7619,1640,0.14,0.6666,1138,0.15,0.7142,8,0.15,0.7142,9,0
IWM191115C162,2019-11-08,2019-11-08 09:38:52,0.16,0.7619,2462,0.14,0.6666,1722,0.15,0.7142,8,0.15,0.7142,9,0
IWM191115C162,2019-11-08,2019-11-08 09:38:53,0.16,0.7619,1690,0.14,0.6666,1296,0.15,0.7142,8,0.15,0.7142,9,0
IWM191115C162,2019-11-08,2019-11-08 09:38:53,0.16,0.7619,1690,0.14,0.6666,1088,0.15,0.7142,8,0.15,0.7142,9,0
IWM191115C162,2019-11-08,2019-11-08 09:38:54,0.16,0.7619,2508,0.14,0.6666,1723,0.15,0.7142,8,0.15,0.7142,9,0
IWM191115C162,2019-11-08,2019-11-08 09:38:54,0.16,0.7619,2458,0.14,0.6666,1723,0.15,0.7142,8,0.15,0.7142,9,0
IWM191115C162,2019-11-08,2019-11-08 09:38:55,0.16,0.7619,2458,0.14,0.6666,1773,0.15,0.7142,8,0.15,0.7142,9,0
IWM191115C162,2019-11-08,2019-11-08 09:38:55,0.16,0.7619,2508,0.14,0.6666,1723,0.15,0.7142,8,0.15,0.7142,9,0
IWM191115C162,2019-11-08,2019-11-08 09:38:56,0.15,0.7142,9,0.14,0.6666,1088,0.15,0.7142,8,0.145,0.6904,9,0
IWM191115C162,2019-11-08,2019-11-08 09:38:57,0.15,0.7142,65,0.14,0.6666,1088,0.15,0.7142,8,0.145,0.6904,9,0
IWM191115C162,2019-11-08,2019-11-08 09:38:58,0.15,0.7142,139,0.14,0.6666,1722,0.15,0.7142,8,0.145,0.6904,9,0
IWM191115C162,2019-11-08,2019-11-08 09:38:58,0.15,0.7142,63,0.14,0.6666,1088,0.15,0.7142,8,0.145,0.6904,9,0
IWM191115C162,2019-11-08,2019-11-08 09:38:59,0.15,0.7142,17,0.14,0.6666,1722,0.15,0.7142,8,0.145,0.6904,9,0
IWM191115C162,2019-11-08,2019-11-08 09:38:59,0.15,0.7142,136,0.14,0.6666,1722,0.15,0.7142,8,0.145,0.6904,9,0
IWM191115C162,2019-11-08,2019-11-08 09:39:00,0.15,0.7142,136,0.14,0.6666,1722,0.15,0.7142,8,0.145,0.6904,9,0
IWM191115C162,2019-11-08,2019-11-08 09:39:01,0.16,0.7619,1985,0.14,0.6666,1722,0.15,0.7142,8,0.15,0.7142,9,0
IWM191115C162,2019-11-08,2019-11-08 09:39:02,0.16,0.7619,2180,0.14,0.6666,1773,0.15,0.7142,8,0.15,0.7142,9,0
IWM191115C162,2019-11-08,2019-11-08 09:39:02,0.16,0.7619,2180,0.15,0.7142,78,0.15,0.7142,8,0.155,0.738,9,0
IWM191115C162,2019-11-08,2019-11-08 09:39:03,0.16,0.7619,2180,0.15,0.7142,78,0.15,0.7142,8,0.155,0.738,9,0
IWM191115C162,2019-11-08,2019-11-08 09:39:03,0.16,0.7619,2180,0.15,0.7142,152,0.15,0.7142,8,0.155,0.738,9,0
IWM191115C162,2019-11-08,2019-11-08 09:39:04,0.16,0.7619,1497,0.15,0.7142,310,0.15,0.7142,8,0.155,0.738,9,0
IWM191115C162,2019-11-08,2019-11-08 09:39:04,0.16,0.7619,2180,0.15,0.7142,143,0.15,0.7142,8,0.155,0.738,9,0
IWM191115C162,2019-11-08,2019-11-08 09:39:05,0.16,0.7619,2204,0.15,0.7142,310,0.15,0.7142,8,0.155,0.738,9,0
IWM191115C162,2019-11-08,2019-11-08 09:39:06,0.16,0.7619,2154,0.15,0.7142,270,0.15,0.7142,8,0.155,0.738,9,0
