symbol,Date,quote_time,ask_price,norm_ask_price,ask_size,bid_price,norm_bid_price,bid_size,last_trade_price,norm_last_trade_price,last_trade_size,mark_price,norm_mark_price,volume,Volume
SPY190805P292,2019-08-02,2019-08-02 09:30:12,1.13,1.0,5,1.09,0.9646,5,1.06,0.938,100,1.11,0.9823,102,102
SPY190805P292,2019-08-02,2019-08-02 09:30:37,1.1,0.9734,5,1.08,0.9557,110,1.09,0.9646,55,1.09,0.9646,204,102
SPY190805P292,2019-08-02,2019-08-02 09:30:47,1.13,1.0,140,1.1,0.9734,5,1.11,0.9823,1,1.115,0.9867,205,1
SPY190805P292,2019-08-02,2019-08-02 09:30:53,1.14,1.0088,148,1.09,0.9646,369,1.11,0.9823,1,1.115,0.9867,205,0
SPY190805P292,2019-08-02,2019-08-02 09:30:55,1.13,1.0,5,1.1,0.9734,131,1.11,0.9823,1,1.115,0.9867,205,0
SPY190805P292,2019-08-02,2019-08-02 09:30:56,1.12,0.9911,5,1.09,0.9646,201,1.11,0.9823,1,1.105,0.9778,205,0
SPY190805P292,2019-08-02,2019-08-02 09:30:56,1.14,1.0088,84,1.11,0.9823,1,1.11,0.9823,5,1.125,0.9955,210,5
SPY190805P292,2019-08-02,2019-08-02 09:30:57,1.13,1.0,134,1.1,0.9734,426,1.11,0.9823,19,1.115,0.9867,326,116
SPY190805P292,2019-08-02,2019-08-02 09:30:59,1.13,1.0,5,1.1,0.9734,376,1.11,0.9823,19,1.115,0.9867,326,0
SPY190805P292,2019-08-02,2019-08-02 09:31:00,1.13,1.0,5,1.11,0.9823,5,1.11,0.9823,19,1.12,0.9911,326,0
SPY190805P292,2019-08-02,2019-08-02 09:31:01,1.13,1.0,5,1.11,0.9823,5,1.11,0.9823,19,1.12,0.9911,326,0
SPY190805P292,2019-08-02,2019-08-02 09:31:03,1.17,1.0353,5,1.14,1.0088,60,1.11,0.9823,19,1.155,1.0221,326,0
SPY190805P292,2019-08-02,2019-08-02 09:31:05,1.2,1.0619,179,1.15,1.0176,66,1.21,1.0707,3,1.175,1.0398,334,8
SPY190805P292,2019-08-02,2019-08-02 09:31:07,1.19,1.053,60,1.15,1.0176,360,1.21,1.0707,3,1.17,1.0353,334,0
SPY190805P292,2019-08-02,2019-08-02 09:31:07,1.2,1.0619,261,1.16,1.0265,491,1.21,1.0707,3,1.18,1.0442,334,0
SPY190805P292,2019-08-02,2019-08-02 09:31:08,1.21,1.0707,133,1.17,1.0353,496,1.21,1.0707,3,1.19,1.053,334,0
SPY190805P292,2019-08-02,2019-08-02 09:31:11,1.22,1.0796,139,1.19,1.053,5,1.2,1.0619,5,1.205,1.0663,339,5
SPY190805P292,2019-08-02,2019-08-02 09:31:13,1.25,1.1061,126,1.21,1.0707,496,1.2,1.0619,5,1.23,1.0884,339,0
SPY190805P292,2019-08-02,2019-08-02 09:31:14,1.25,1.1061,176,1.21,1.0707,100,1.2,1.0619,5,1.23,1.0884,339,0
SPY190805P292,2019-08-02,2019-08-02 09:31:15,1.25,1.1061,176,1.22,1.0796,106,1.22,1.0796,18,1.235,1.0929,387,48
SPY190805P292,2019-08-02,2019-08-02 09:31:17,1.29,1.1415,20,1.25,1.1061,51,1.22,1.0796,95,1.27,1.1238,482,95
SPY190805P292,2019-08-02,2019-08-02 09:31:18,1.3,1.1504,5,1.26,1.115,50,1.22,1.0796,95,1.28,1.1327,482,0
SPY190805P292,2019-08-02,2019-08-02 09:31:19,1.3,1.1504,5,1.26,1.115,393,1.22,1.0796,95,1.28,1.1327,482,0
SPY190805P292,2019-08-02,2019-08-02 09:31:21,1.33,1.1769,5,1.3,1.1504,5,1.3,1.1504,1,1.315,1.1637,483,1
SPY190805P292,2019-08-02,2019-08-02 09:31:24,1.3,1.1504,10,1.25,1.1061,50,1.3,1.1504,1,1.275,1.1283,483,0
SPY190805P292,2019-08-02,2019-08-02 09:31:26,1.29,1.1415,5,1.25,1.1061,60,1.3,1.1504,1,1.27,1.1238,483,0
SPY190805P292,2019-08-02,2019-08-02 09:31:27,1.28,1.1327,5,1.25,1.1061,71,1.3,1.1504,1,1.265,1.1194,483,0
SPY190805P292,2019-08-02,2019-08-02 09:31:27,1.27,1.1238,132,1.23,1.0884,50,1.3,1.1504,1,1.25,1.1061,483,0
SPY190805P292,2019-08-02,2019-08-02 09:31:29,1.25,1.1061,133,1.21,1.0707,122,1.3,1.1504,1,1.23,1.0884,483,0
SPY190805P292,2019-08-02,2019-08-02 09:31:30,1.25,1.1061,35,1.21,1.0707,100,1.3,1.1504,1,1.23,1.0884,483,0
SPY190805P292,2019-08-02,2019-08-02 09:31:31,1.25,1.1061,174,1.21,1.0707,128,1.3,1.1504,1,1.23,1.0884,483,0
SPY190805P292,2019-08-02,2019-08-02 09:31:33,1.27,1.1238,100,1.23,1.0884,483,1.3,1.1504,1,1.25,1.1061,483,0
SPY190805P292,2019-08-02,2019-08-02 09:31:34,1.27,1.1238,60,1.23,1.0884,904,1.3,1.1504,1,1.25,1.1061,483,0
SPY190805P292,2019-08-02,2019-08-02 09:31:35,1.3,1.1504,264,1.25,1.1061,1,1.3,1.1504,1,1.275,1.1283,483,0
SPY190805P292,2019-08-02,2019-08-02 09:31:36,1.28,1.1327,6,1.25,1.1061,5,1.3,1.1504,1,1.265,1.1194,483,0
SPY190805P292,2019-08-02,2019-08-02 09:31:37,1.28,1.1327,1,1.25,1.1061,1,1.3,1.1504,1,1.265,1.1194,483,0
SPY190805P292,2019-08-02,2019-08-02 09:31:38,1.27,1.1238,5,1.25,1.1061,1,1.3,1.1504,1,1.26,1.115,483,0
SPY190805P292,2019-08-02,2019-08-02 09:31:39,1.28,1.1327,100,1.25,1.1061,1,1.3,1.1504,1,1.265,1.1194,483,0
SPY190805P292,2019-08-02,2019-08-02 09:31:40,1.28,1.1327,110,1.25,1.1061,5,1.3,1.1504,1,1.265,1.1194,483,0
SPY190805P292,2019-08-02,2019-08-02 09:31:41,1.28,1.1327,110,1.25,1.1061,5,1.3,1.1504,1,1.265,1.1194,483,0
SPY190805P292,2019-08-02,2019-08-02 09:31:42,1.27,1.1238,5,1.23,1.0884,99,1.3,1.1504,1,1.25,1.1061,483,0
SPY190805P292,2019-08-02,2019-08-02 09:31:42,1.26,1.115,1,1.22,1.0796,50,1.25,1.1061,1,1.24,1.0973,484,1
SPY190805P292,2019-08-02,2019-08-02 09:31:43,1.28,1.1327,279,1.22,1.0796,360,1.25,1.1061,1,1.25,1.1061,484,0
SPY190805P292,2019-08-02,2019-08-02 09:31:44,1.28,1.1327,1,1.25,1.1061,50,1.25,1.1061,1,1.265,1.1194,484,0
SPY190805P292,2019-08-02,2019-08-02 09:31:44,1.3,1.1504,101,1.22,1.0796,60,1.25,1.1061,1,1.26,1.115,484,0
SPY190805P292,2019-08-02,2019-08-02 09:31:45,1.29,1.1415,8,1.25,1.1061,5,1.25,1.1061,1,1.27,1.1238,484,0
SPY190805P292,2019-08-02,2019-08-02 09:31:45,1.3,1.1504,82,1.24,1.0973,60,1.25,1.1061,1,1.27,1.1238,484,0
SPY190805P292,2019-08-02,2019-08-02 09:31:46,1.29,1.1415,5,1.25,1.1061,5,1.25,1.1061,1,1.27,1.1238,484,0
SPY190805P292,2019-08-02,2019-08-02 09:31:47,1.29,1.1415,132,1.25,1.1061,5,1.25,1.1061,1,1.27,1.1238,484,0
SPY190805P292,2019-08-02,2019-08-02 09:31:47,1.29,1.1415,5,1.26,1.115,5,1.25,1.1061,1,1.275,1.1283,484,0
SPY190805P292,2019-08-02,2019-08-02 09:31:48,1.28,1.1327,5,1.24,1.0973,5,1.25,1.1061,1,1.26,1.115,484,0
SPY190805P292,2019-08-02,2019-08-02 09:31:49,1.27,1.1238,174,1.22,1.0796,360,1.25,1.1061,1,1.245,1.1017,484,0
SPY190805P292,2019-08-02,2019-08-02 09:31:50,1.3,1.1504,133,1.23,1.0884,123,1.25,1.1061,1,1.265,1.1194,484,0
SPY190805P292,2019-08-02,2019-08-02 09:31:51,1.29,1.1415,143,1.24,1.0973,5,1.25,1.1061,1,1.265,1.1194,484,0
SPY190805P292,2019-08-02,2019-08-02 09:31:54,1.25,1.1061,132,1.21,1.0707,128,1.25,1.1061,2,1.23,1.0884,486,2
SPY190805P292,2019-08-02,2019-08-02 09:31:58,1.19,1.053,110,1.14,1.0088,365,1.25,1.1061,2,1.165,1.0309,486,0
SPY190805P292,2019-08-02,2019-08-02 09:31:59,1.17,1.0353,126,1.13,1.0,80,1.25,1.1061,2,1.15,1.0176,486,0
SPY190805P292,2019-08-02,2019-08-02 09:31:59,1.18,1.0442,131,1.14,1.0088,5,1.25,1.1061,2,1.16,1.0265,486,0
SPY190805P292,2019-08-02,2019-08-02 09:32:00,1.18,1.0442,100,1.12,0.9911,60,1.25,1.1061,2,1.15,1.0176,486,0
SPY190805P292,2019-08-02,2019-08-02 09:32:01,1.15,1.0176,5,1.11,0.9823,100,1.25,1.1061,2,1.13,1.0,486,0
SPY190805P292,2019-08-02,2019-08-02 09:32:01,1.16,1.0265,208,1.11,0.9823,100,1.25,1.1061,2,1.135,1.0044,486,0
SPY190805P292,2019-08-02,2019-08-02 09:32:03,1.14,1.0088,5,1.1,0.9734,100,1.25,1.1061,2,1.12,0.9911,486,0
SPY190805P292,2019-08-02,2019-08-02 09:32:03,1.15,1.0176,329,1.1,0.9734,72,1.25,1.1061,2,1.125,0.9955,486,0
SPY190805P292,2019-08-02,2019-08-02 09:32:04,1.17,1.0353,100,1.11,0.9823,100,1.25,1.1061,2,1.14,1.0088,486,0
SPY190805P292,2019-08-02,2019-08-02 09:32:05,1.18,1.0442,72,1.12,0.9911,72,1.25,1.1061,2,1.15,1.0176,486,0
SPY190805P292,2019-08-02,2019-08-02 09:32:07,1.15,1.0176,60,1.12,0.9911,5,1.25,1.1061,2,1.135,1.0044,486,0
SPY190805P292,2019-08-02,2019-08-02 09:32:11,1.11,0.9823,5,1.07,0.9469,100,1.25,1.1061,2,1.09,0.9646,486,0
SPY190805P292,2019-08-02,2019-08-02 09:32:12,1.11,0.9823,100,1.07,0.9469,100,1.25,1.1061,2,1.09,0.9646,486,0
SPY190805P292,2019-08-02,2019-08-02 09:32:13,1.09,0.9646,8,1.05,0.9292,125,1.25,1.1061,2,1.07,0.9469,486,0
SPY190805P292,2019-08-02,2019-08-02 09:32:14,1.1,0.9734,66,1.05,0.9292,99,1.25,1.1061,2,1.075,0.9513,486,0
SPY190805P292,2019-08-02,2019-08-02 09:32:14,1.08,0.9557,5,1.05,0.9292,5,1.25,1.1061,2,1.065,0.9424,486,0
SPY190805P292,2019-08-02,2019-08-02 09:32:15,1.09,0.9646,5,1.05,0.9292,389,1.25,1.1061,2,1.07,0.9469,486,0
SPY190805P292,2019-08-02,2019-08-02 09:32:16,1.09,0.9646,5,1.05,0.9292,142,1.25,1.1061,2,1.07,0.9469,486,0
SPY190805P292,2019-08-02,2019-08-02 09:32:16,1.08,0.9557,5,1.04,0.9203,5,1.25,1.1061,2,1.06,0.938,486,0
SPY190805P292,2019-08-02,2019-08-02 09:32:17,1.08,0.9557,5,1.04,0.9203,142,1.25,1.1061,2,1.06,0.938,486,0
SPY190805P292,2019-08-02,2019-08-02 09:32:18,1.07,0.9469,5,1.04,0.9203,100,1.25,1.1061,2,1.055,0.9336,486,0
SPY190805P292,2019-08-02,2019-08-02 09:32:19,1.08,0.9557,60,1.03,0.9115,508,1.25,1.1061,2,1.055,0.9336,486,0
SPY190805P292,2019-08-02,2019-08-02 09:32:19,1.08,0.9557,5,1.03,0.9115,508,1.25,1.1061,2,1.055,0.9336,486,0
SPY190805P292,2019-08-02,2019-08-02 09:32:21,1.1,0.9734,110,1.06,0.938,1,1.25,1.1061,2,1.08,0.9557,486,0
SPY190805P292,2019-08-02,2019-08-02 09:32:22,1.09,0.9646,142,1.06,0.938,1,1.25,1.1061,2,1.075,0.9513,486,0
SPY190805P292,2019-08-02,2019-08-02 09:32:22,1.08,0.9557,5,1.06,0.938,1,1.25,1.1061,2,1.07,0.9469,486,0
SPY190805P292,2019-08-02,2019-08-02 09:32:23,1.09,0.9646,100,1.06,0.938,1,1.25,1.1061,2,1.075,0.9513,486,0
SPY190805P292,2019-08-02,2019-08-02 09:32:23,1.09,0.9646,142,1.06,0.938,1,1.25,1.1061,2,1.075,0.9513,486,0
SPY190805P292,2019-08-02,2019-08-02 09:32:24,1.09,0.9646,100,1.06,0.938,1,1.25,1.1061,2,1.075,0.9513,486,0
SPY190805P292,2019-08-02,2019-08-02 09:32:25,1.09,0.9646,142,1.06,0.938,1,1.25,1.1061,2,1.075,0.9513,486,0
SPY190805P292,2019-08-02,2019-08-02 09:32:26,1.1,0.9734,72,1.06,0.938,1,1.25,1.1061,2,1.08,0.9557,486,0
SPY190805P292,2019-08-02,2019-08-02 09:32:27,1.08,0.9557,5,1.06,0.938,1,1.25,1.1061,2,1.07,0.9469,486,0
SPY190805P292,2019-08-02,2019-08-02 09:32:28,1.09,0.9646,51,1.06,0.938,119,1.06,0.938,1,1.075,0.9513,487,1
SPY190805P292,2019-08-02,2019-08-02 09:32:29,1.1,0.9734,5,1.07,0.9469,119,1.06,0.938,1,1.085,0.9601,487,0
SPY190805P292,2019-08-02,2019-08-02 09:32:30,1.11,0.9823,154,1.07,0.9469,156,1.06,0.938,1,1.09,0.9646,487,0
SPY190805P292,2019-08-02,2019-08-02 09:32:30,1.11,0.9823,154,1.08,0.9557,5,1.06,0.938,1,1.095,0.969,487,0
SPY190805P292,2019-08-02,2019-08-02 09:32:31,1.11,0.9823,159,1.07,0.9469,5,1.06,0.938,1,1.09,0.9646,487,0
SPY190805P292,2019-08-02,2019-08-02 09:32:32,1.1,0.9734,36,1.07,0.9469,119,1.06,0.938,1,1.085,0.9601,487,0
SPY190805P292,2019-08-02,2019-08-02 09:32:33,1.08,0.9557,173,1.04,0.9203,161,1.06,0.938,1,1.06,0.938,487,0
SPY190805P292,2019-08-02,2019-08-02 09:32:33,1.09,0.9646,33,1.05,0.9292,119,1.06,0.938,1,1.07,0.9469,487,0
SPY190805P292,2019-08-02,2019-08-02 09:32:34,1.08,0.9557,173,1.04,0.9203,162,1.06,0.938,1,1.06,0.938,487,0
SPY190805P292,2019-08-02,2019-08-02 09:32:34,1.08,0.9557,173,1.04,0.9203,142,1.06,0.938,1,1.06,0.938,487,0
SPY190805P292,2019-08-02,2019-08-02 09:32:35,1.11,0.9823,110,1.07,0.9469,121,1.06,0.938,1,1.09,0.9646,487,0
SPY190805P292,2019-08-02,2019-08-02 09:32:36,1.12,0.9911,73,1.09,0.9646,5,1.06,0.938,1,1.105,0.9778,487,0
SPY190805P292,2019-08-02,2019-08-02 09:32:36,1.12,0.9911,93,1.08,0.9557,121,1.06,0.938,1,1.1,0.9734,487,0
SPY190805P292,2019-08-02,2019-08-02 09:32:37,1.1,0.9734,133,1.06,0.938,21,1.06,0.938,1,1.08,0.9557,487,0
SPY190805P292,2019-08-02,2019-08-02 09:32:38,1.1,0.9734,133,1.06,0.938,21,1.06,0.938,1,1.08,0.9557,487,0
SPY190805P292,2019-08-02,2019-08-02 09:32:39,1.08,0.9557,100,1.05,0.9292,182,1.06,0.938,1,1.065,0.9424,487,0
SPY190805P292,2019-08-02,2019-08-02 09:32:39,1.08,0.9557,83,1.05,0.9292,182,1.06,0.938,1,1.065,0.9424,487,0
SPY190805P292,2019-08-02,2019-08-02 09:32:40,1.08,0.9557,121,1.05,0.9292,205,1.06,0.938,1,1.065,0.9424,487,0
SPY190805P292,2019-08-02,2019-08-02 09:32:41,1.11,0.9823,173,1.07,0.9469,58,1.06,0.938,1,1.09,0.9646,487,0
SPY190805P292,2019-08-02,2019-08-02 09:32:42,1.09,0.9646,126,1.06,0.938,163,1.06,0.938,1,1.075,0.9513,487,0
SPY190805P292,2019-08-02,2019-08-02 09:32:43,1.09,0.9646,100,1.07,0.9469,123,1.06,0.938,1,1.08,0.9557,487,0
SPY190805P292,2019-08-02,2019-08-02 09:32:43,1.09,0.9646,100,1.06,0.938,163,1.06,0.938,1,1.075,0.9513,487,0
SPY190805P292,2019-08-02,2019-08-02 09:32:44,1.1,0.9734,23,1.07,0.9469,86,1.06,0.938,1,1.085,0.9601,487,0
SPY190805P292,2019-08-02,2019-08-02 09:32:45,1.1,0.9734,174,1.06,0.938,164,1.06,0.938,1,1.08,0.9557,487,0
SPY190805P292,2019-08-02,2019-08-02 09:32:46,1.09,0.9646,17,1.06,0.938,304,1.06,0.938,1,1.075,0.9513,487,0
SPY190805P292,2019-08-02,2019-08-02 09:32:47,1.09,0.9646,94,1.06,0.938,169,1.06,0.938,1,1.075,0.9513,487,0
SPY190805P292,2019-08-02,2019-08-02 09:32:48,1.08,0.9557,17,1.05,0.9292,168,1.06,0.938,1,1.065,0.9424,487,0
SPY190805P292,2019-08-02,2019-08-02 09:32:49,1.09,0.9646,5,1.05,0.9292,178,1.06,0.938,1,1.07,0.9469,487,0
SPY190805P292,2019-08-02,2019-08-02 09:32:50,1.09,0.9646,37,1.06,0.938,3,1.06,0.938,1,1.075,0.9513,487,0
SPY190805P292,2019-08-02,2019-08-02 09:32:51,1.08,0.9557,5,1.06,0.938,6,1.06,0.938,1,1.07,0.9469,487,0
SPY190805P292,2019-08-02,2019-08-02 09:32:52,1.07,0.9469,5,1.05,0.9292,96,1.06,0.938,1,1.06,0.938,487,0
SPY190805P292,2019-08-02,2019-08-02 09:32:53,1.07,0.9469,100,1.04,0.9203,133,1.06,0.938,1,1.055,0.9336,487,0
SPY190805P292,2019-08-02,2019-08-02 09:32:53,1.07,0.9469,111,1.04,0.9203,234,1.06,0.938,1,1.055,0.9336,487,0
SPY190805P292,2019-08-02,2019-08-02 09:32:54,1.07,0.9469,100,1.04,0.9203,133,1.06,0.938,1,1.055,0.9336,487,0
SPY190805P292,2019-08-02,2019-08-02 09:32:55,1.07,0.9469,174,1.04,0.9203,69,1.06,0.938,1,1.055,0.9336,487,0
SPY190805P292,2019-08-02,2019-08-02 09:32:56,1.08,0.9557,174,1.05,0.9292,65,1.06,0.938,1,1.065,0.9424,487,0
SPY190805P292,2019-08-02,2019-08-02 09:32:57,1.09,0.9646,174,1.06,0.938,31,1.06,0.938,1,1.075,0.9513,487,0
SPY190805P292,2019-08-02,2019-08-02 09:32:58,1.1,0.9734,174,1.06,0.938,175,1.06,0.938,1,1.08,0.9557,487,0
SPY190805P292,2019-08-02,2019-08-02 09:32:59,1.1,0.9734,159,1.07,0.9469,170,1.06,0.938,1,1.085,0.9601,487,0
SPY190805P292,2019-08-02,2019-08-02 09:32:59,1.1,0.9734,100,1.07,0.9469,306,1.06,0.938,1,1.085,0.9601,487,0
SPY190805P292,2019-08-02,2019-08-02 09:33:00,1.14,1.0088,96,1.08,0.9557,114,1.06,0.938,1,1.11,0.9823,487,0
SPY190805P292,2019-08-02,2019-08-02 09:33:01,1.13,1.0,174,1.1,0.9734,94,1.06,0.938,1,1.115,0.9867,487,0
SPY190805P292,2019-08-02,2019-08-02 09:33:03,1.13,1.0,174,1.1,0.9734,133,1.11,0.9823,25,1.115,0.9867,512,25
SPY190805P292,2019-08-02,2019-08-02 09:33:05,1.09,0.9646,174,1.06,0.938,43,1.11,0.9823,25,1.075,0.9513,512,0
SPY190805P292,2019-08-02,2019-08-02 09:33:05,1.09,0.9646,33,1.06,0.938,15,1.11,0.9823,25,1.075,0.9513,512,0
SPY190805P292,2019-08-02,2019-08-02 09:33:06,1.1,0.9734,5,1.07,0.9469,153,1.11,0.9823,25,1.085,0.9601,512,0
SPY190805P292,2019-08-02,2019-08-02 09:33:07,1.1,0.9734,5,1.07,0.9469,137,1.11,0.9823,25,1.085,0.9601,512,0
SPY190805P292,2019-08-02,2019-08-02 09:33:08,1.09,0.9646,100,1.06,0.938,77,1.11,0.9823,25,1.075,0.9513,512,0
SPY190805P292,2019-08-02,2019-08-02 09:33:09,1.12,0.9911,5,1.09,0.9646,81,1.11,0.9823,25,1.105,0.9778,512,0
SPY190805P292,2019-08-02,2019-08-02 09:33:10,1.12,0.9911,86,1.09,0.9646,6,1.11,0.9823,25,1.105,0.9778,512,0
SPY190805P292,2019-08-02,2019-08-02 09:33:10,1.11,0.9823,159,1.07,0.9469,114,1.11,0.9823,25,1.09,0.9646,512,0
SPY190805P292,2019-08-02,2019-08-02 09:33:11,1.08,0.9557,5,1.05,0.9292,5,1.11,0.9823,25,1.065,0.9424,512,0
SPY190805P292,2019-08-02,2019-08-02 09:33:12,1.08,0.9557,92,1.04,0.9203,35,1.11,0.9823,25,1.06,0.938,512,0
SPY190805P292,2019-08-02,2019-08-02 09:33:12,1.08,0.9557,93,1.04,0.9203,167,1.11,0.9823,25,1.06,0.938,512,0
SPY190805P292,2019-08-02,2019-08-02 09:33:13,1.07,0.9469,143,1.04,0.9203,132,1.11,0.9823,25,1.055,0.9336,512,0
SPY190805P292,2019-08-02,2019-08-02 09:33:14,1.07,0.9469,1,1.07,0.9469,6,1.07,0.9469,6,1.07,0.9469,518,6
SPY190805P292,2019-08-02,2019-08-02 09:33:14,1.08,0.9557,234,1.05,0.9292,91,1.11,0.9823,25,1.065,0.9424,512,0
SPY190805P292,2019-08-02,2019-08-02 09:33:15,1.09,0.9646,225,1.05,0.9292,23,1.07,0.9469,6,1.07,0.9469,518,0
SPY190805P292,2019-08-02,2019-08-02 09:33:16,1.07,0.9469,1,1.06,0.938,21,1.07,0.9469,1,1.065,0.9424,525,7
SPY190805P292,2019-08-02,2019-08-02 09:33:16,1.08,0.9557,171,1.06,0.938,6,1.07,0.9469,6,1.07,0.9469,518,0
SPY190805P292,2019-08-02,2019-08-02 09:33:17,1.11,0.9823,202,1.08,0.9557,6,1.07,0.9469,1,1.095,0.969,525,0
SPY190805P292,2019-08-02,2019-08-02 09:33:18,1.09,0.9646,60,1.07,0.9469,6,1.07,0.9469,1,1.08,0.9557,525,0
SPY190805P292,2019-08-02,2019-08-02 09:33:18,1.1,0.9734,60,1.06,0.938,86,1.07,0.9469,1,1.08,0.9557,525,0
SPY190805P292,2019-08-02,2019-08-02 09:33:19,1.1,0.9734,157,1.06,0.938,165,1.07,0.9469,1,1.08,0.9557,525,0
SPY190805P292,2019-08-02,2019-08-02 09:33:20,1.11,0.9823,165,1.07,0.9469,5,1.07,0.9469,1,1.09,0.9646,525,0
SPY190805P292,2019-08-02,2019-08-02 09:33:21,1.1,0.9734,127,1.08,0.9557,5,1.07,0.9469,1,1.09,0.9646,525,0
SPY190805P292,2019-08-02,2019-08-02 09:33:22,1.12,0.9911,33,1.09,0.9646,6,1.07,0.9469,1,1.105,0.9778,525,0
SPY190805P292,2019-08-02,2019-08-02 09:33:23,1.11,0.9823,124,1.08,0.9557,160,1.07,0.9469,1,1.095,0.969,525,0
SPY190805P292,2019-08-02,2019-08-02 09:33:23,1.11,0.9823,124,1.09,0.9646,6,1.07,0.9469,1,1.1,0.9734,525,0
SPY190805P292,2019-08-02,2019-08-02 09:33:24,1.1,0.9734,67,1.08,0.9557,69,1.07,0.9469,1,1.09,0.9646,525,0
SPY190805P292,2019-08-02,2019-08-02 09:33:24,1.11,0.9823,33,1.06,0.938,83,1.07,0.9469,1,1.085,0.9601,525,0
SPY190805P292,2019-08-02,2019-08-02 09:33:25,1.1,0.9734,164,1.08,0.9557,6,1.07,0.9469,1,1.09,0.9646,525,0
SPY190805P292,2019-08-02,2019-08-02 09:33:26,1.09,0.9646,33,1.06,0.938,142,1.07,0.9469,1,1.075,0.9513,525,0
SPY190805P292,2019-08-02,2019-08-02 09:33:26,1.1,0.9734,133,1.07,0.9469,115,1.07,0.9469,1,1.085,0.9601,525,0
SPY190805P292,2019-08-02,2019-08-02 09:33:27,1.09,0.9646,33,1.06,0.938,142,1.07,0.9469,1,1.075,0.9513,525,0
SPY190805P292,2019-08-02,2019-08-02 09:33:27,1.09,0.9646,100,1.06,0.938,66,1.07,0.9469,1,1.075,0.9513,525,0
SPY190805P292,2019-08-02,2019-08-02 09:33:28,1.09,0.9646,100,1.08,0.9557,6,1.07,0.9469,1,1.085,0.9601,525,0
SPY190805P292,2019-08-02,2019-08-02 09:33:29,1.09,0.9646,148,1.06,0.938,60,1.07,0.9469,1,1.075,0.9513,525,0
SPY190805P292,2019-08-02,2019-08-02 09:33:29,1.08,0.9557,302,1.06,0.938,38,1.07,0.9469,1,1.07,0.9469,525,0
SPY190805P292,2019-08-02,2019-08-02 09:33:30,1.08,0.9557,276,1.05,0.9292,5,1.07,0.9469,1,1.065,0.9424,525,0
SPY190805P292,2019-08-02,2019-08-02 09:33:30,1.08,0.9557,318,1.06,0.938,6,1.07,0.9469,1,1.07,0.9469,525,0
SPY190805P292,2019-08-02,2019-08-02 09:33:31,1.08,0.9557,357,1.05,0.9292,142,1.07,0.9469,1,1.065,0.9424,525,0
SPY190805P292,2019-08-02,2019-08-02 09:33:32,1.1,0.9734,180,1.08,0.9557,29,1.07,0.9469,1,1.09,0.9646,525,0
SPY190805P292,2019-08-02,2019-08-02 09:33:32,1.08,0.9557,221,1.06,0.938,6,1.07,0.9469,1,1.07,0.9469,525,0
SPY190805P292,2019-08-02,2019-08-02 09:33:33,1.07,0.9469,5,1.03,0.9115,170,1.07,0.9469,1,1.05,0.9292,525,0
SPY190805P292,2019-08-02,2019-08-02 09:33:34,1.08,0.9557,315,1.03,0.9115,170,1.07,0.9469,1,1.055,0.9336,525,0
SPY190805P292,2019-08-02,2019-08-02 09:33:35,1.08,0.9557,329,1.04,0.9203,183,1.07,0.9469,1,1.06,0.938,525,0
SPY190805P292,2019-08-02,2019-08-02 09:33:35,1.08,0.9557,329,1.04,0.9203,170,1.07,0.9469,1,1.06,0.938,525,0
SPY190805P292,2019-08-02,2019-08-02 09:33:36,1.07,0.9469,133,1.04,0.9203,129,1.07,0.9469,1,1.055,0.9336,525,0
SPY190805P292,2019-08-02,2019-08-02 09:33:37,1.06,0.938,220,1.02,0.9026,1,1.07,0.9469,1,1.04,0.9203,525,0
SPY190805P292,2019-08-02,2019-08-02 09:33:37,1.07,0.9469,276,1.04,0.9203,230,1.07,0.9469,1,1.055,0.9336,525,0
SPY190805P292,2019-08-02,2019-08-02 09:33:38,1.05,0.9292,180,1.02,0.9026,225,1.07,0.9469,1,1.035,0.9159,525,0
SPY190805P292,2019-08-02,2019-08-02 09:33:39,1.07,0.9469,371,1.04,0.9203,145,1.07,0.9469,1,1.055,0.9336,525,0
SPY190805P292,2019-08-02,2019-08-02 09:33:39,1.05,0.9292,102,1.03,0.9115,88,1.07,0.9469,1,1.04,0.9203,525,0
SPY190805P292,2019-08-02,2019-08-02 09:33:40,1.07,0.9469,180,1.04,0.9203,225,1.07,0.9469,1,1.055,0.9336,525,0
SPY190805P292,2019-08-02,2019-08-02 09:33:40,1.07,0.9469,248,1.04,0.9203,225,1.07,0.9469,1,1.055,0.9336,525,0
SPY190805P292,2019-08-02,2019-08-02 09:33:41,1.07,0.9469,218,1.04,0.9203,230,1.07,0.9469,1,1.055,0.9336,525,0
SPY190805P292,2019-08-02,2019-08-02 09:33:42,1.07,0.9469,222,1.05,0.9292,5,1.07,0.9469,1,1.06,0.938,525,0
SPY190805P292,2019-08-02,2019-08-02 09:33:42,1.08,0.9557,137,1.06,0.938,25,1.07,0.9469,1,1.07,0.9469,525,0
SPY190805P292,2019-08-02,2019-08-02 09:33:43,1.1,0.9734,329,1.06,0.938,179,1.07,0.9469,1,1.08,0.9557,525,0
SPY190805P292,2019-08-02,2019-08-02 09:33:43,1.09,0.9646,180,1.06,0.938,187,1.07,0.9469,1,1.075,0.9513,525,0
SPY190805P292,2019-08-02,2019-08-02 09:33:44,1.08,0.9557,180,1.06,0.938,202,1.07,0.9469,1,1.07,0.9469,525,0
SPY190805P292,2019-08-02,2019-08-02 09:33:45,1.08,0.9557,221,1.05,0.9292,241,1.07,0.9469,1,1.065,0.9424,525,0
SPY190805P292,2019-08-02,2019-08-02 09:33:45,1.09,0.9646,212,1.05,0.9292,231,1.07,0.9469,1,1.07,0.9469,525,0
SPY190805P292,2019-08-02,2019-08-02 09:33:46,1.1,0.9734,125,1.08,0.9557,6,1.07,0.9469,1,1.09,0.9646,525,0
SPY190805P292,2019-08-02,2019-08-02 09:33:48,1.13,1.0,161,1.1,0.9734,86,1.1,0.9734,1,1.115,0.9867,527,2
SPY190805P292,2019-08-02,2019-08-02 09:33:49,1.12,0.9911,17,1.1,0.9734,110,1.1,0.9734,1,1.11,0.9823,527,0
SPY190805P292,2019-08-02,2019-08-02 09:33:50,1.13,1.0,230,1.1,0.9734,86,1.1,0.9734,1,1.115,0.9867,527,0
SPY190805P292,2019-08-02,2019-08-02 09:33:51,1.12,0.9911,15,1.1,0.9734,389,1.1,0.9734,1,1.11,0.9823,527,0
SPY190805P292,2019-08-02,2019-08-02 09:33:52,1.15,1.0176,225,1.11,0.9823,81,1.1,0.9734,1,1.13,1.0,527,0
SPY190805P292,2019-08-02,2019-08-02 09:33:54,1.13,1.0,15,1.12,0.9911,6,1.1,0.9734,1,1.125,0.9955,527,0
SPY190805P292,2019-08-02,2019-08-02 09:33:55,1.13,1.0,15,1.12,0.9911,114,1.1,0.9734,1,1.125,0.9955,527,0
SPY190805P292,2019-08-02,2019-08-02 09:33:56,1.14,1.0088,29,1.13,1.0,6,1.1,0.9734,1,1.135,1.0044,527,0
SPY190805P292,2019-08-02,2019-08-02 09:33:56,1.15,1.0176,180,1.12,0.9911,233,1.1,0.9734,1,1.135,1.0044,527,0
SPY190805P292,2019-08-02,2019-08-02 09:33:57,1.15,1.0176,309,1.12,0.9911,10,1.1,0.9734,1,1.135,1.0044,527,0
SPY190805P292,2019-08-02,2019-08-02 09:33:58,1.14,1.0088,15,1.11,0.9823,712,1.1,0.9734,1,1.125,0.9955,527,0
SPY190805P292,2019-08-02,2019-08-02 09:34:00,1.13,1.0,141,1.1,0.9734,501,1.1,0.9734,1,1.115,0.9867,527,0
SPY190805P292,2019-08-02,2019-08-02 09:34:01,1.13,1.0,15,1.12,0.9911,6,1.1,0.9734,1,1.125,0.9955,527,0
SPY190805P292,2019-08-02,2019-08-02 09:34:03,1.11,0.9823,177,1.09,0.9646,6,1.1,0.9734,1,1.1,0.9734,527,0
SPY190805P292,2019-08-02,2019-08-02 09:34:04,1.12,0.9911,149,1.09,0.9646,31,1.1,0.9734,1,1.105,0.9778,527,0
SPY190805P292,2019-08-02,2019-08-02 09:34:05,1.12,0.9911,302,1.09,0.9646,64,1.1,0.9734,1,1.105,0.9778,527,0
SPY190805P292,2019-08-02,2019-08-02 09:34:06,1.09,0.9646,113,1.05,0.9292,133,1.1,0.9734,1,1.07,0.9469,527,0
SPY190805P292,2019-08-02,2019-08-02 09:34:08,1.05,0.9292,28,1.03,0.9115,112,1.1,0.9734,1,1.04,0.9203,527,0
SPY190805P292,2019-08-02,2019-08-02 09:34:11,1.07,0.9469,350,1.05,0.9292,6,1.1,0.9734,1,1.06,0.938,527,0
SPY190805P292,2019-08-02,2019-08-02 09:34:12,1.07,0.9469,146,1.04,0.9203,33,1.1,0.9734,1,1.055,0.9336,527,0
SPY190805P292,2019-08-02,2019-08-02 09:34:12,1.07,0.9469,139,1.04,0.9203,178,1.1,0.9734,1,1.055,0.9336,527,0
SPY190805P292,2019-08-02,2019-08-02 09:34:13,1.08,0.9557,100,1.07,0.9469,6,1.1,0.9734,1,1.075,0.9513,527,0
SPY190805P292,2019-08-02,2019-08-02 09:34:14,1.09,0.9646,15,1.08,0.9557,6,1.1,0.9734,1,1.085,0.9601,527,0
SPY190805P292,2019-08-02,2019-08-02 09:34:15,1.1,0.9734,29,1.09,0.9646,117,1.1,0.9734,1,1.095,0.969,527,0
SPY190805P292,2019-08-02,2019-08-02 09:34:17,1.09,0.9646,15,1.05,0.9292,5,1.1,0.9734,1,1.07,0.9469,528,1
SPY190805P292,2019-08-02,2019-08-02 09:34:18,1.08,0.9557,111,1.06,0.938,6,1.1,0.9734,1,1.07,0.9469,528,0
SPY190805P292,2019-08-02,2019-08-02 09:34:19,1.07,0.9469,1,1.06,0.938,6,1.1,0.9734,1,1.065,0.9424,528,0
SPY190805P292,2019-08-02,2019-08-02 09:34:20,1.07,0.9469,1,1.05,0.9292,212,1.07,0.9469,1,1.06,0.938,529,1
SPY190805P292,2019-08-02,2019-08-02 09:34:21,1.11,0.9823,60,1.07,0.9469,48,1.07,0.9469,1,1.09,0.9646,529,0
SPY190805P292,2019-08-02,2019-08-02 09:34:21,1.09,0.9646,108,1.07,0.9469,48,1.07,0.9469,1,1.08,0.9557,529,0
SPY190805P292,2019-08-02,2019-08-02 09:34:22,1.11,0.9823,11,1.08,0.9557,133,1.07,0.9469,1,1.095,0.969,529,0
SPY190805P292,2019-08-02,2019-08-02 09:34:23,1.12,0.9911,322,1.09,0.9646,5,1.07,0.9469,1,1.105,0.9778,529,0
SPY190805P292,2019-08-02,2019-08-02 09:34:24,1.12,0.9911,22,1.09,0.9646,174,1.07,0.9469,1,1.105,0.9778,529,0
SPY190805P292,2019-08-02,2019-08-02 09:34:24,1.13,1.0,27,1.09,0.9646,235,1.07,0.9469,1,1.11,0.9823,529,0
SPY190805P292,2019-08-02,2019-08-02 09:34:25,1.11,0.9823,180,1.09,0.9646,37,1.07,0.9469,1,1.1,0.9734,529,0
SPY190805P292,2019-08-02,2019-08-02 09:34:26,1.13,1.0,128,1.11,0.9823,6,1.07,0.9469,1,1.12,0.9911,529,0
SPY190805P292,2019-08-02,2019-08-02 09:34:26,1.13,1.0,138,1.11,0.9823,6,1.07,0.9469,1,1.12,0.9911,529,0
SPY190805P292,2019-08-02,2019-08-02 09:34:27,1.13,1.0,180,1.11,0.9823,6,1.07,0.9469,1,1.12,0.9911,529,0
SPY190805P292,2019-08-02,2019-08-02 09:34:28,1.13,1.0,96,1.11,0.9823,6,1.07,0.9469,1,1.12,0.9911,529,0
SPY190805P292,2019-08-02,2019-08-02 09:34:29,1.1,0.9734,117,1.08,0.9557,6,1.07,0.9469,1,1.09,0.9646,529,0
SPY190805P292,2019-08-02,2019-08-02 09:34:29,1.11,0.9823,11,1.09,0.9646,33,1.07,0.9469,1,1.1,0.9734,529,0
SPY190805P292,2019-08-02,2019-08-02 09:34:30,1.1,0.9734,88,1.08,0.9557,6,1.07,0.9469,1,1.09,0.9646,529,0
SPY190805P292,2019-08-02,2019-08-02 09:34:31,1.13,1.0,22,1.12,0.9911,6,1.07,0.9469,1,1.125,0.9955,529,0
SPY190805P292,2019-08-02,2019-08-02 09:34:31,1.11,0.9823,180,1.08,0.9557,93,1.07,0.9469,1,1.095,0.969,529,0
SPY190805P292,2019-08-02,2019-08-02 09:34:32,1.14,1.0088,96,1.11,0.9823,172,1.07,0.9469,1,1.125,0.9955,529,0
SPY190805P292,2019-08-02,2019-08-02 09:34:33,1.14,1.0088,113,1.12,0.9911,35,1.07,0.9469,1,1.13,1.0,529,0
SPY190805P292,2019-08-02,2019-08-02 09:34:33,1.14,1.0088,22,1.12,0.9911,6,1.07,0.9469,1,1.13,1.0,529,0
SPY190805P292,2019-08-02,2019-08-02 09:34:34,1.14,1.0088,224,1.11,0.9823,39,1.07,0.9469,1,1.125,0.9955,529,0
SPY190805P292,2019-08-02,2019-08-02 09:34:35,1.13,1.0,102,1.11,0.9823,6,1.07,0.9469,1,1.12,0.9911,529,0
SPY190805P292,2019-08-02,2019-08-02 09:34:35,1.13,1.0,85,1.11,0.9823,12,1.07,0.9469,1,1.12,0.9911,529,0
SPY190805P292,2019-08-02,2019-08-02 09:34:36,1.13,1.0,21,1.11,0.9823,6,1.07,0.9469,1,1.12,0.9911,529,0
SPY190805P292,2019-08-02,2019-08-02 09:34:39,1.14,1.0088,178,1.11,0.9823,6,1.07,0.9469,1,1.125,0.9955,529,0
SPY190805P292,2019-08-02,2019-08-02 09:34:43,1.11,0.9823,90,1.1,0.9734,6,1.07,0.9469,1,1.105,0.9778,529,0
SPY190805P292,2019-08-02,2019-08-02 09:34:43,1.12,0.9911,109,1.11,0.9823,6,1.07,0.9469,1,1.115,0.9867,529,0
SPY190805P292,2019-08-02,2019-08-02 09:34:44,1.13,1.0,156,1.12,0.9911,6,1.07,0.9469,1,1.125,0.9955,529,0
SPY190805P292,2019-08-02,2019-08-02 09:34:45,1.14,1.0088,90,1.12,0.9911,20,1.07,0.9469,1,1.13,1.0,529,0
SPY190805P292,2019-08-02,2019-08-02 09:34:46,1.14,1.0088,174,1.12,0.9911,6,1.07,0.9469,1,1.13,1.0,529,0
SPY190805P292,2019-08-02,2019-08-02 09:34:54,1.14,1.0088,17,1.12,0.9911,6,1.12,0.9911,6,1.13,1.0,535,6
SPY190805P292,2019-08-02,2019-08-02 09:35:01,1.11,0.9823,317,1.08,0.9557,93,1.12,0.9911,6,1.095,0.969,535,0
SPY190805P292,2019-08-02,2019-08-02 09:35:07,1.08,0.9557,5,1.07,0.9469,6,1.09,0.9646,5,1.075,0.9513,540,5
SPY190805P292,2019-08-02,2019-08-02 09:35:09,1.1,0.9734,5,1.08,0.9557,66,1.09,0.9646,5,1.09,0.9646,540,0
SPY190805P292,2019-08-02,2019-08-02 09:35:11,1.13,1.0,113,1.1,0.9734,60,1.09,0.9646,5,1.115,0.9867,540,0
SPY190805P292,2019-08-02,2019-08-02 09:35:12,1.12,0.9911,60,1.1,0.9734,6,1.09,0.9646,5,1.11,0.9823,540,0
SPY190805P292,2019-08-02,2019-08-02 09:35:12,1.12,0.9911,60,1.1,0.9734,33,1.09,0.9646,5,1.11,0.9823,540,0
SPY190805P292,2019-08-02,2019-08-02 09:35:15,1.14,1.0088,100,1.12,0.9911,36,1.12,0.9911,4,1.13,1.0,544,4
SPY190805P292,2019-08-02,2019-08-02 09:35:20,1.23,1.0884,218,1.18,1.0442,168,1.12,0.9911,4,1.205,1.0663,544,0
SPY190805P292,2019-08-02,2019-08-02 09:35:21,1.22,1.0796,5,1.19,1.053,104,1.12,0.9911,4,1.205,1.0663,544,0
SPY190805P292,2019-08-02,2019-08-02 09:35:22,1.24,1.0973,56,1.2,1.0619,81,1.12,0.9911,4,1.22,1.0796,544,0
SPY190805P292,2019-08-02,2019-08-02 09:35:23,1.29,1.1415,231,1.23,1.0884,50,1.12,0.9911,4,1.26,1.115,544,0
SPY190805P292,2019-08-02,2019-08-02 09:35:23,1.26,1.115,45,1.23,1.0884,11,1.12,0.9911,4,1.245,1.1017,544,0
SPY190805P292,2019-08-02,2019-08-02 09:35:27,1.28,1.1327,61,1.26,1.115,6,1.12,0.9911,4,1.27,1.1238,544,0
SPY190805P292,2019-08-02,2019-08-02 09:35:30,1.26,1.115,30,1.25,1.1061,6,1.12,0.9911,4,1.255,1.1106,544,0
SPY190805P292,2019-08-02,2019-08-02 09:35:31,1.25,1.1061,28,1.24,1.0973,79,1.12,0.9911,4,1.245,1.1017,544,0
SPY190805P292,2019-08-02,2019-08-02 09:35:31,1.25,1.1061,5,1.23,1.0884,10,1.12,0.9911,4,1.24,1.0973,544,0
SPY190805P292,2019-08-02,2019-08-02 09:35:37,1.3,1.1504,144,1.28,1.1327,18,1.24,1.0973,8,1.29,1.1415,552,8
SPY190805P292,2019-08-02,2019-08-02 09:35:44,1.33,1.1769,18,1.31,1.1592,29,1.24,1.0973,8,1.32,1.1681,552,0
SPY190805P292,2019-08-02,2019-08-02 09:35:45,1.35,1.1946,6,1.32,1.1681,6,1.24,1.0973,8,1.335,1.1814,552,0
SPY190805P292,2019-08-02,2019-08-02 09:35:46,1.36,1.2035,6,1.34,1.1858,6,1.24,1.0973,8,1.35,1.1946,552,0
SPY190805P292,2019-08-02,2019-08-02 09:35:47,1.36,1.2035,6,1.34,1.1858,29,1.24,1.0973,8,1.35,1.1946,552,0
SPY190805P292,2019-08-02,2019-08-02 09:35:48,1.39,1.23,207,1.35,1.1946,6,1.24,1.0973,8,1.37,1.2123,552,0
SPY190805P292,2019-08-02,2019-08-02 09:35:48,1.38,1.2212,6,1.35,1.1946,29,1.24,1.0973,8,1.365,1.2079,552,0
SPY190805P292,2019-08-02,2019-08-02 09:35:49,1.37,1.2123,204,1.34,1.1858,96,1.24,1.0973,8,1.355,1.1991,552,0
SPY190805P292,2019-08-02,2019-08-02 09:35:50,1.37,1.2123,5,1.34,1.1858,84,1.36,1.2035,1,1.355,1.1991,553,0
SPY190805P292,2019-08-02,2019-08-02 09:35:50,1.37,1.2123,5,1.34,1.1858,40,1.36,1.2035,1,1.355,1.1991,553,1
SPY190805P292,2019-08-02,2019-08-02 09:35:51,1.38,1.2212,5,1.35,1.1946,27,1.36,1.2035,1,1.365,1.2079,553,0
SPY190805P292,2019-08-02,2019-08-02 09:35:52,1.38,1.2212,87,1.35,1.1946,6,1.36,1.2035,1,1.365,1.2079,553,0
SPY190805P292,2019-08-02,2019-08-02 09:35:52,1.38,1.2212,6,1.36,1.2035,30,1.36,1.2035,1,1.37,1.2123,553,0
SPY190805P292,2019-08-02,2019-08-02 09:35:54,1.38,1.2212,173,1.35,1.1946,1,1.37,1.2123,7,1.365,1.2079,566,13
SPY190805P292,2019-08-02,2019-08-02 09:35:57,1.36,1.2035,5,1.35,1.1946,6,1.35,1.1946,5,1.355,1.1991,596,30
SPY190805P292,2019-08-02,2019-08-02 09:35:57,1.36,1.2035,127,1.35,1.1946,1,1.35,1.1946,1,1.355,1.1991,597,1
SPY190805P292,2019-08-02,2019-08-02 09:36:20,1.33,1.1769,208,1.3,1.1504,6,1.32,1.1681,1,1.315,1.1637,845,248
SPY190805P292,2019-08-02,2019-08-02 09:36:21,1.33,1.1769,27,1.29,1.1415,6,1.32,1.1681,1,1.31,1.1592,845,0
SPY190805P292,2019-08-02,2019-08-02 09:36:24,1.27,1.1238,1,1.26,1.115,6,1.27,1.1238,1,1.265,1.1194,846,1
SPY190805P292,2019-08-02,2019-08-02 09:36:25,1.28,1.1327,360,1.25,1.1061,6,1.27,1.1238,1,1.265,1.1194,846,0
SPY190805P292,2019-08-02,2019-08-02 09:36:26,1.26,1.115,272,1.23,1.0884,6,1.27,1.1238,1,1.245,1.1017,846,0
SPY190805P292,2019-08-02,2019-08-02 09:36:29,1.22,1.0796,5,1.21,1.0707,6,1.23,1.0884,2,1.215,1.0752,848,2
SPY190805P292,2019-08-02,2019-08-02 09:36:31,1.21,1.0707,81,1.18,1.0442,6,1.23,1.0884,2,1.195,1.0575,848,0
SPY190805P292,2019-08-02,2019-08-02 09:36:32,1.2,1.0619,100,1.17,1.0353,6,1.23,1.0884,2,1.185,1.0486,848,0
SPY190805P292,2019-08-02,2019-08-02 09:36:33,1.2,1.0619,100,1.17,1.0353,29,1.23,1.0884,2,1.185,1.0486,848,0
SPY190805P292,2019-08-02,2019-08-02 09:36:33,1.2,1.0619,216,1.18,1.0442,6,1.23,1.0884,2,1.19,1.053,848,0
SPY190805P292,2019-08-02,2019-08-02 09:36:34,1.19,1.053,83,1.18,1.0442,6,1.23,1.0884,2,1.185,1.0486,848,0
SPY190805P292,2019-08-02,2019-08-02 09:36:34,1.2,1.0619,216,1.18,1.0442,6,1.23,1.0884,2,1.19,1.053,848,0
SPY190805P292,2019-08-02,2019-08-02 09:36:35,1.21,1.0707,232,1.18,1.0442,6,1.23,1.0884,2,1.195,1.0575,848,0
SPY190805P292,2019-08-02,2019-08-02 09:36:36,1.21,1.0707,204,1.18,1.0442,6,1.23,1.0884,2,1.195,1.0575,848,0
SPY190805P292,2019-08-02,2019-08-02 09:36:37,1.21,1.0707,83,1.2,1.0619,6,1.23,1.0884,2,1.205,1.0663,848,0
SPY190805P292,2019-08-02,2019-08-02 09:36:38,1.23,1.0884,200,1.21,1.0707,6,1.23,1.0884,2,1.22,1.0796,848,0
SPY190805P292,2019-08-02,2019-08-02 09:36:39,1.26,1.115,217,1.23,1.0884,6,1.23,1.0884,2,1.245,1.1017,848,0
SPY190805P292,2019-08-02,2019-08-02 09:36:39,1.24,1.0973,210,1.22,1.0796,6,1.23,1.0884,2,1.23,1.0884,848,0
SPY190805P292,2019-08-02,2019-08-02 09:36:40,1.28,1.1327,145,1.24,1.0973,29,1.23,1.0884,2,1.26,1.115,848,0
SPY190805P292,2019-08-02,2019-08-02 09:36:41,1.28,1.1327,145,1.25,1.1061,29,1.23,1.0884,2,1.265,1.1194,848,0
SPY190805P292,2019-08-02,2019-08-02 09:36:41,1.29,1.1415,88,1.27,1.1238,6,1.23,1.0884,2,1.28,1.1327,848,0
SPY190805P292,2019-08-02,2019-08-02 09:36:42,1.3,1.1504,88,1.28,1.1327,6,1.23,1.0884,2,1.29,1.1415,848,0
SPY190805P292,2019-08-02,2019-08-02 09:36:43,1.35,1.1946,231,1.29,1.1415,39,1.23,1.0884,2,1.32,1.1681,848,0
SPY190805P292,2019-08-02,2019-08-02 09:36:44,1.31,1.1592,6,1.29,1.1415,6,1.23,1.0884,2,1.3,1.1504,848,0
SPY190805P292,2019-08-02,2019-08-02 09:36:45,1.34,1.1858,88,1.32,1.1681,6,1.33,1.1769,1,1.33,1.1769,850,1
SPY190805P292,2019-08-02,2019-08-02 09:36:45,1.31,1.1592,6,1.29,1.1415,29,1.34,1.1858,1,1.3,1.1504,849,1
SPY190805P292,2019-08-02,2019-08-02 09:36:46,1.34,1.1858,6,1.31,1.1592,29,1.33,1.1769,1,1.325,1.1725,850,0
SPY190805P292,2019-08-02,2019-08-02 09:36:47,1.34,1.1858,7,1.32,1.1681,21,1.33,1.1769,1,1.33,1.1769,850,0
SPY190805P292,2019-08-02,2019-08-02 09:36:48,1.34,1.1858,7,1.31,1.1592,32,1.33,1.1769,1,1.325,1.1725,850,0
SPY190805P292,2019-08-02,2019-08-02 09:36:48,1.34,1.1858,89,1.31,1.1592,29,1.33,1.1769,1,1.325,1.1725,850,0
SPY190805P292,2019-08-02,2019-08-02 09:36:49,1.33,1.1769,1,1.31,1.1592,25,1.33,1.1769,1,1.32,1.1681,850,0
SPY190805P292,2019-08-02,2019-08-02 09:36:49,1.33,1.1769,7,1.3,1.1504,31,1.33,1.1769,1,1.315,1.1637,850,0
SPY190805P292,2019-08-02,2019-08-02 09:36:50,1.33,1.1769,1,1.28,1.1327,50,1.33,1.1769,1,1.305,1.1548,850,0
SPY190805P292,2019-08-02,2019-08-02 09:36:51,1.31,1.1592,12,1.26,1.115,59,1.33,1.1769,1,1.285,1.1371,850,0
SPY190805P292,2019-08-02,2019-08-02 09:36:51,1.32,1.1681,98,1.3,1.1504,6,1.33,1.1769,1,1.31,1.1592,850,0
SPY190805P292,2019-08-02,2019-08-02 09:36:52,1.31,1.1592,82,1.29,1.1415,6,1.31,1.1592,3,1.3,1.1504,853,3
SPY190805P292,2019-08-02,2019-08-02 09:36:53,1.3,1.1504,83,1.26,1.115,61,1.31,1.1592,3,1.28,1.1327,853,0
SPY190805P292,2019-08-02,2019-08-02 09:36:54,1.27,1.1238,104,1.23,1.0884,79,1.31,1.1592,3,1.25,1.1061,853,0
SPY190805P292,2019-08-02,2019-08-02 09:36:54,1.28,1.1327,17,1.26,1.115,6,1.31,1.1592,3,1.27,1.1238,853,0
SPY190805P292,2019-08-02,2019-08-02 09:36:55,1.25,1.1061,132,1.22,1.0796,31,1.31,1.1592,3,1.235,1.0929,853,0
SPY190805P292,2019-08-02,2019-08-02 09:36:55,1.25,1.1061,99,1.22,1.0796,15,1.31,1.1592,3,1.235,1.0929,853,0
SPY190805P292,2019-08-02,2019-08-02 09:36:56,1.26,1.115,144,1.24,1.0973,6,1.31,1.1592,3,1.25,1.1061,853,0
SPY190805P292,2019-08-02,2019-08-02 09:36:57,1.27,1.1238,88,1.24,1.0973,24,1.31,1.1592,3,1.255,1.1106,853,0
SPY190805P292,2019-08-02,2019-08-02 09:36:57,1.26,1.115,94,1.24,1.0973,6,1.31,1.1592,3,1.25,1.1061,853,0
SPY190805P292,2019-08-02,2019-08-02 09:36:58,1.27,1.1238,148,1.24,1.0973,22,1.31,1.1592,3,1.255,1.1106,853,0
SPY190805P292,2019-08-02,2019-08-02 09:36:58,1.27,1.1238,138,1.25,1.1061,6,1.31,1.1592,3,1.26,1.115,853,0
SPY190805P292,2019-08-02,2019-08-02 09:36:59,1.27,1.1238,167,1.25,1.1061,6,1.31,1.1592,3,1.26,1.115,853,0
SPY190805P292,2019-08-02,2019-08-02 09:36:59,1.26,1.115,6,1.24,1.0973,16,1.31,1.1592,3,1.25,1.1061,853,0
SPY190805P292,2019-08-02,2019-08-02 09:37:00,1.27,1.1238,90,1.24,1.0973,29,1.31,1.1592,3,1.255,1.1106,853,0
SPY190805P292,2019-08-02,2019-08-02 09:37:01,1.29,1.1415,82,1.25,1.1061,68,1.31,1.1592,3,1.27,1.1238,853,0
SPY190805P292,2019-08-02,2019-08-02 09:37:01,1.3,1.1504,6,1.27,1.1238,18,1.31,1.1592,3,1.285,1.1371,853,0
SPY190805P292,2019-08-02,2019-08-02 09:37:02,1.3,1.1504,6,1.27,1.1238,28,1.31,1.1592,3,1.285,1.1371,853,0
SPY190805P292,2019-08-02,2019-08-02 09:37:03,1.3,1.1504,6,1.27,1.1238,35,1.31,1.1592,3,1.285,1.1371,853,0
SPY190805P292,2019-08-02,2019-08-02 09:37:04,1.31,1.1592,101,1.28,1.1327,28,1.31,1.1592,3,1.295,1.146,853,0
SPY190805P292,2019-08-02,2019-08-02 09:37:05,1.32,1.1681,6,1.28,1.1327,82,1.31,1.1592,3,1.3,1.1504,853,0
SPY190805P292,2019-08-02,2019-08-02 09:37:05,1.33,1.1769,12,1.3,1.1504,28,1.31,1.1592,3,1.315,1.1637,853,0
SPY190805P292,2019-08-02,2019-08-02 09:37:06,1.34,1.1858,122,1.3,1.1504,6,1.31,1.1592,3,1.32,1.1681,853,0
SPY190805P292,2019-08-02,2019-08-02 09:37:07,1.31,1.1592,6,1.29,1.1415,6,1.31,1.1592,3,1.3,1.1504,853,0
SPY190805P292,2019-08-02,2019-08-02 09:37:07,1.34,1.1858,129,1.31,1.1592,28,1.31,1.1592,3,1.325,1.1725,853,0
SPY190805P292,2019-08-02,2019-08-02 09:37:09,1.3,1.1504,7,1.28,1.1327,6,1.31,1.1592,3,1.29,1.1415,853,0
SPY190805P292,2019-08-02,2019-08-02 09:37:10,1.3,1.1504,19,1.29,1.1415,6,1.31,1.1592,3,1.295,1.146,853,0
SPY190805P292,2019-08-02,2019-08-02 09:37:11,1.29,1.1415,19,1.27,1.1238,12,1.31,1.1592,3,1.28,1.1327,853,0
SPY190805P292,2019-08-02,2019-08-02 09:37:12,1.3,1.1504,179,1.27,1.1238,30,1.31,1.1592,3,1.285,1.1371,853,0
SPY190805P292,2019-08-02,2019-08-02 09:37:13,1.28,1.1327,198,1.26,1.115,5,1.31,1.1592,3,1.27,1.1238,853,0
SPY190805P292,2019-08-02,2019-08-02 09:37:13,1.27,1.1238,101,1.24,1.0973,6,1.26,1.115,5,1.255,1.1106,858,5
SPY190805P292,2019-08-02,2019-08-02 09:37:14,1.27,1.1238,174,1.24,1.0973,6,1.26,1.115,5,1.255,1.1106,858,0
SPY190805P292,2019-08-02,2019-08-02 09:37:15,1.28,1.1327,209,1.26,1.115,6,1.26,1.115,5,1.27,1.1238,858,0
SPY190805P292,2019-08-02,2019-08-02 09:37:21,1.28,1.1327,82,1.27,1.1238,6,1.28,1.1327,20,1.275,1.1283,878,20
SPY190805P292,2019-08-02,2019-08-02 09:37:25,1.27,1.1238,82,1.25,1.1061,113,1.28,1.1327,20,1.26,1.115,878,0
SPY190805P292,2019-08-02,2019-08-02 09:37:29,1.29,1.1415,174,1.28,1.1327,29,1.29,1.1415,1,1.285,1.1371,879,0
SPY190805P292,2019-08-02,2019-08-02 09:37:29,1.29,1.1415,6,1.27,1.1238,100,1.29,1.1415,1,1.28,1.1327,879,1
SPY190805P292,2019-08-02,2019-08-02 09:37:30,1.29,1.1415,274,1.28,1.1327,6,1.29,1.1415,1,1.285,1.1371,879,0
SPY190805P292,2019-08-02,2019-08-02 09:37:32,1.3,1.1504,219,1.29,1.1415,6,1.29,1.1415,1,1.295,1.146,880,0
SPY190805P292,2019-08-02,2019-08-02 09:37:32,1.3,1.1504,219,1.28,1.1327,157,1.29,1.1415,1,1.29,1.1415,880,1
SPY190805P292,2019-08-02,2019-08-02 09:37:33,1.31,1.1592,275,1.29,1.1415,111,1.29,1.1415,1,1.3,1.1504,880,0
SPY190805P292,2019-08-02,2019-08-02 09:37:35,1.33,1.1769,215,1.29,1.1415,111,1.29,1.1415,1,1.31,1.1592,880,0
SPY190805P292,2019-08-02,2019-08-02 09:37:35,1.35,1.1946,200,1.32,1.1681,132,1.29,1.1415,1,1.335,1.1814,880,0
SPY190805P292,2019-08-02,2019-08-02 09:37:36,1.35,1.1946,106,1.33,1.1769,152,1.35,1.1946,3,1.34,1.1858,886,0
SPY190805P292,2019-08-02,2019-08-02 09:37:36,1.35,1.1946,1,1.33,1.1769,149,1.35,1.1946,3,1.34,1.1858,886,6
SPY190805P292,2019-08-02,2019-08-02 09:37:37,1.34,1.1858,6,1.32,1.1681,22,1.35,1.1946,3,1.33,1.1769,886,0
SPY190805P292,2019-08-02,2019-08-02 09:37:37,1.35,1.1946,143,1.33,1.1769,100,1.35,1.1946,3,1.34,1.1858,886,0
SPY190805P292,2019-08-02,2019-08-02 09:37:39,1.34,1.1858,107,1.33,1.1769,148,1.35,1.1946,3,1.335,1.1814,886,0
SPY190805P292,2019-08-02,2019-08-02 09:37:40,1.33,1.1769,143,1.31,1.1592,152,1.35,1.1946,3,1.32,1.1681,886,0
SPY190805P292,2019-08-02,2019-08-02 09:37:41,1.32,1.1681,143,1.32,1.1681,6,1.35,1.1946,3,1.32,1.1681,886,0
SPY190805P292,2019-08-02,2019-08-02 09:37:42,1.33,1.1769,7,1.3,1.1504,6,1.31,1.1592,1,1.315,1.1637,893,0
SPY190805P292,2019-08-02,2019-08-02 09:37:42,1.33,1.1769,496,1.3,1.1504,5,1.31,1.1592,1,1.315,1.1637,893,7
SPY190805P292,2019-08-02,2019-08-02 09:37:45,1.32,1.1681,6,1.3,1.1504,6,1.31,1.1592,1,1.31,1.1592,893,0
SPY190805P292,2019-08-02,2019-08-02 09:37:46,1.32,1.1681,6,1.31,1.1592,108,1.31,1.1592,1,1.315,1.1637,893,0
SPY190805P292,2019-08-02,2019-08-02 09:37:47,1.33,1.1769,6,1.3,1.1504,154,1.31,1.1592,1,1.315,1.1637,893,0
SPY190805P292,2019-08-02,2019-08-02 09:37:47,1.31,1.1592,6,1.28,1.1327,154,1.31,1.1592,1,1.295,1.146,893,0
SPY190805P292,2019-08-02,2019-08-02 09:37:48,1.29,1.1415,7,1.26,1.115,27,1.27,1.1238,1,1.275,1.1283,894,1
SPY190805P292,2019-08-02,2019-08-02 09:37:49,1.28,1.1327,50,1.26,1.115,118,1.27,1.1238,1,1.27,1.1238,894,0
SPY190805P292,2019-08-02,2019-08-02 09:37:49,1.28,1.1327,50,1.25,1.1061,121,1.27,1.1238,1,1.265,1.1194,894,0
SPY190805P292,2019-08-02,2019-08-02 09:37:50,1.29,1.1415,82,1.25,1.1061,1,1.27,1.1238,1,1.27,1.1238,894,0
SPY190805P292,2019-08-02,2019-08-02 09:37:50,1.29,1.1415,88,1.27,1.1238,60,1.27,1.1238,1,1.28,1.1327,894,0
SPY190805P292,2019-08-02,2019-08-02 09:37:51,1.29,1.1415,174,1.25,1.1061,1,1.27,1.1238,1,1.27,1.1238,894,0
SPY190805P292,2019-08-02,2019-08-02 09:37:52,1.28,1.1327,82,1.27,1.1238,6,1.27,1.1238,1,1.275,1.1283,894,0
SPY190805P292,2019-08-02,2019-08-02 09:37:52,1.31,1.1592,211,1.3,1.1504,6,1.27,1.1238,1,1.305,1.1548,894,0
SPY190805P292,2019-08-02,2019-08-02 09:37:53,1.31,1.1592,245,1.28,1.1327,87,1.27,1.1238,1,1.295,1.146,894,0
SPY190805P292,2019-08-02,2019-08-02 09:37:53,1.31,1.1592,203,1.29,1.1415,29,1.27,1.1238,1,1.3,1.1504,894,0
SPY190805P292,2019-08-02,2019-08-02 09:37:54,1.31,1.1592,270,1.29,1.1415,29,1.27,1.1238,1,1.3,1.1504,894,0
SPY190805P292,2019-08-02,2019-08-02 09:37:55,1.31,1.1592,138,1.29,1.1415,15,1.27,1.1238,1,1.3,1.1504,894,0
SPY190805P292,2019-08-02,2019-08-02 09:37:55,1.29,1.1415,82,1.27,1.1238,116,1.27,1.1238,1,1.28,1.1327,894,0
SPY190805P292,2019-08-02,2019-08-02 09:37:56,1.31,1.1592,102,1.29,1.1415,29,1.27,1.1238,1,1.3,1.1504,894,0
SPY190805P292,2019-08-02,2019-08-02 09:37:56,1.29,1.1415,6,1.28,1.1327,33,1.27,1.1238,1,1.285,1.1371,894,0
SPY190805P292,2019-08-02,2019-08-02 09:37:57,1.33,1.1769,100,1.29,1.1415,126,1.27,1.1238,1,1.31,1.1592,894,0
SPY190805P292,2019-08-02,2019-08-02 09:37:58,1.32,1.1681,95,1.28,1.1327,155,1.27,1.1238,1,1.3,1.1504,894,0
SPY190805P292,2019-08-02,2019-08-02 09:37:59,1.29,1.1415,174,1.27,1.1238,97,1.27,1.1238,1,1.28,1.1327,894,0
SPY190805P292,2019-08-02,2019-08-02 09:37:59,1.32,1.1681,95,1.29,1.1415,95,1.27,1.1238,1,1.305,1.1548,894,0
SPY190805P292,2019-08-02,2019-08-02 09:38:01,1.28,1.1327,6,1.26,1.115,26,1.27,1.1238,1,1.27,1.1238,894,0
SPY190805P292,2019-08-02,2019-08-02 09:38:02,1.27,1.1238,533,1.25,1.1061,1,1.26,1.115,20,1.26,1.115,914,20
SPY190805P292,2019-08-02,2019-08-02 09:38:03,1.28,1.1327,403,1.25,1.1061,120,1.26,1.115,20,1.265,1.1194,914,0
SPY190805P292,2019-08-02,2019-08-02 09:38:03,1.29,1.1415,453,1.25,1.1061,29,1.26,1.115,20,1.27,1.1238,914,0
SPY190805P292,2019-08-02,2019-08-02 09:38:04,1.26,1.115,50,1.24,1.0973,83,1.25,1.1061,1,1.25,1.1061,915,0
SPY190805P292,2019-08-02,2019-08-02 09:38:04,1.26,1.115,50,1.23,1.0884,155,1.25,1.1061,1,1.245,1.1017,915,1
SPY190805P292,2019-08-02,2019-08-02 09:38:05,1.27,1.1238,269,1.24,1.0973,156,1.25,1.1061,1,1.255,1.1106,915,0
SPY190805P292,2019-08-02,2019-08-02 09:38:06,1.25,1.1061,410,1.2,1.0619,82,1.25,1.1061,1,1.225,1.084,915,0
SPY190805P292,2019-08-02,2019-08-02 09:38:07,1.24,1.0973,186,1.21,1.0707,119,1.23,1.0884,6,1.225,1.084,955,40
SPY190805P292,2019-08-02,2019-08-02 09:38:08,1.24,1.0973,196,1.22,1.0796,119,1.23,1.0884,6,1.23,1.0884,955,0
SPY190805P292,2019-08-02,2019-08-02 09:38:09,1.24,1.0973,143,1.22,1.0796,100,1.23,1.0884,1,1.23,1.0884,963,8
SPY190805P292,2019-08-02,2019-08-02 09:38:10,1.26,1.115,204,1.2,1.0619,79,1.24,1.0973,5,1.23,1.0884,992,29
SPY190805P292,2019-08-02,2019-08-02 09:38:11,1.24,1.0973,82,1.23,1.0884,5,1.24,1.0973,5,1.235,1.0929,992,0
SPY190805P292,2019-08-02,2019-08-02 09:38:12,1.27,1.1238,172,1.23,1.0884,5,1.24,1.0973,5,1.25,1.1061,992,0
SPY190805P292,2019-08-02,2019-08-02 09:38:13,1.29,1.1415,389,1.24,1.0973,13,1.24,1.0973,5,1.265,1.1194,992,0
SPY190805P292,2019-08-02,2019-08-02 09:38:13,1.28,1.1327,60,1.24,1.0973,29,1.24,1.0973,5,1.26,1.115,992,0
SPY190805P292,2019-08-02,2019-08-02 09:38:14,1.28,1.1327,56,1.26,1.115,26,1.24,1.0973,5,1.27,1.1238,992,0
SPY190805P292,2019-08-02,2019-08-02 09:38:15,1.3,1.1504,6,1.27,1.1238,11,1.24,1.0973,5,1.285,1.1371,992,0
SPY190805P292,2019-08-02,2019-08-02 09:38:16,1.29,1.1415,6,1.27,1.1238,247,1.27,1.1238,1,1.28,1.1327,993,1
SPY190805P292,2019-08-02,2019-08-02 09:38:17,1.28,1.1327,6,1.27,1.1238,5,1.27,1.1238,5,1.275,1.1283,1113,120
SPY190805P292,2019-08-02,2019-08-02 09:38:18,1.28,1.1327,6,1.27,1.1238,5,1.27,1.1238,5,1.275,1.1283,1113,0
SPY190805P292,2019-08-02,2019-08-02 09:38:19,1.28,1.1327,50,1.26,1.115,100,1.27,1.1238,5,1.27,1.1238,1130,17
SPY190805P292,2019-08-02,2019-08-02 09:38:19,1.27,1.1238,1,1.26,1.115,100,1.27,1.1238,5,1.265,1.1194,1130,0
SPY190805P292,2019-08-02,2019-08-02 09:38:20,1.28,1.1327,50,1.27,1.1238,5,1.27,1.1238,5,1.275,1.1283,1135,5
SPY190805P292,2019-08-02,2019-08-02 09:38:21,1.3,1.1504,79,1.26,1.115,156,1.27,1.1238,5,1.28,1.1327,1135,0
SPY190805P292,2019-08-02,2019-08-02 09:38:22,1.29,1.1415,70,1.27,1.1238,151,1.28,1.1327,5,1.28,1.1327,1158,23
SPY190805P292,2019-08-02,2019-08-02 09:38:22,1.29,1.1415,60,1.27,1.1238,5,1.28,1.1327,67,1.28,1.1327,1231,73
SPY190805P292,2019-08-02,2019-08-02 09:38:23,1.27,1.1238,6,1.25,1.1061,6,1.26,1.115,5,1.26,1.115,1242,11
SPY190805P292,2019-08-02,2019-08-02 09:38:25,1.26,1.115,6,1.25,1.1061,6,1.25,1.1061,1,1.255,1.1106,1248,6
SPY190805P292,2019-08-02,2019-08-02 09:38:29,1.28,1.1327,6,1.25,1.1061,129,1.25,1.1061,1,1.265,1.1194,1248,0
SPY190805P292,2019-08-02,2019-08-02 09:38:32,1.25,1.1061,51,1.22,1.0796,29,1.25,1.1061,1,1.235,1.0929,1248,0
SPY190805P292,2019-08-02,2019-08-02 09:38:35,1.22,1.0796,6,1.2,1.0619,50,1.22,1.0796,1,1.21,1.0707,1361,113
SPY190805P292,2019-08-02,2019-08-02 09:38:36,1.23,1.0884,420,1.21,1.0707,6,1.22,1.0796,1,1.22,1.0796,1361,0
SPY190805P292,2019-08-02,2019-08-02 09:38:37,1.23,1.0884,420,1.2,1.0619,5,1.22,1.0796,1,1.215,1.0752,1361,0
SPY190805P292,2019-08-02,2019-08-02 09:38:38,1.22,1.0796,360,1.19,1.053,6,1.22,1.0796,1,1.205,1.0663,1361,0
SPY190805P292,2019-08-02,2019-08-02 09:38:39,1.23,1.0884,360,1.2,1.0619,5,1.22,1.0796,1,1.215,1.0752,1361,0
SPY190805P292,2019-08-02,2019-08-02 09:38:40,1.24,1.0973,360,1.22,1.0796,6,1.22,1.0796,6,1.23,1.0884,1367,6
SPY190805P292,2019-08-02,2019-08-02 09:38:41,1.24,1.0973,360,1.19,1.053,5,1.22,1.0796,6,1.215,1.0752,1367,0
SPY190805P292,2019-08-02,2019-08-02 09:38:41,1.24,1.0973,420,1.22,1.0796,1,1.22,1.0796,6,1.23,1.0884,1367,0
SPY190805P292,2019-08-02,2019-08-02 09:38:49,1.23,1.0884,6,1.2,1.0619,9,1.22,1.0796,1,1.215,1.0752,1368,1
SPY190805P292,2019-08-02,2019-08-02 09:38:50,1.25,1.1061,72,1.2,1.0619,80,1.22,1.0796,1,1.225,1.084,1368,0
SPY190805P292,2019-08-02,2019-08-02 09:38:51,1.25,1.1061,72,1.21,1.0707,5,1.22,1.0796,1,1.23,1.0884,1368,0
SPY190805P292,2019-08-02,2019-08-02 09:38:53,1.24,1.0973,72,1.22,1.0796,5,1.22,1.0796,6,1.23,1.0884,1374,6
SPY190805P292,2019-08-02,2019-08-02 09:38:53,1.25,1.1061,67,1.23,1.0884,6,1.22,1.0796,6,1.24,1.0973,1374,0
SPY190805P292,2019-08-02,2019-08-02 09:38:54,1.25,1.1061,67,1.23,1.0884,100,1.22,1.0796,6,1.24,1.0973,1374,0
SPY190805P292,2019-08-02,2019-08-02 09:38:54,1.25,1.1061,66,1.23,1.0884,6,1.22,1.0796,6,1.24,1.0973,1374,0
SPY190805P292,2019-08-02,2019-08-02 09:38:56,1.23,1.0884,6,1.21,1.0707,100,1.22,1.0796,6,1.22,1.0796,1374,0
SPY190805P292,2019-08-02,2019-08-02 09:38:57,1.25,1.1061,435,1.2,1.0619,60,1.22,1.0796,6,1.225,1.084,1374,0
SPY190805P292,2019-08-02,2019-08-02 09:38:59,1.24,1.0973,7,1.2,1.0619,156,1.22,1.0796,6,1.22,1.0796,1374,0
SPY190805P292,2019-08-02,2019-08-02 09:39:00,1.2,1.0619,83,1.19,1.053,6,1.22,1.0796,1,1.195,1.0575,1375,0
SPY190805P292,2019-08-02,2019-08-02 09:39:00,1.21,1.0707,176,1.2,1.0619,73,1.22,1.0796,1,1.205,1.0663,1375,1
SPY190805P292,2019-08-02,2019-08-02 09:39:04,1.18,1.0442,105,1.16,1.0265,6,1.15,1.0176,12,1.17,1.0353,1467,92
SPY190805P292,2019-08-02,2019-08-02 09:39:06,1.18,1.0442,89,1.17,1.0353,6,1.17,1.0353,2,1.175,1.0398,1475,8
SPY190805P292,2019-08-02,2019-08-02 09:39:07,1.17,1.0353,193,1.15,1.0176,100,1.16,1.0265,8,1.16,1.0265,1483,8
SPY190805P292,2019-08-02,2019-08-02 09:39:08,1.15,1.0176,145,1.13,1.0,75,1.16,1.0265,8,1.14,1.0088,1483,0
SPY190805P292,2019-08-02,2019-08-02 09:39:09,1.15,1.0176,109,1.14,1.0088,93,1.16,1.0265,8,1.145,1.0132,1483,0
SPY190805P292,2019-08-02,2019-08-02 09:39:10,1.16,1.0265,83,1.15,1.0176,94,1.16,1.0265,8,1.155,1.0221,1483,0
SPY190805P292,2019-08-02,2019-08-02 09:39:10,1.17,1.0353,92,1.17,1.0353,6,1.16,1.0265,8,1.17,1.0353,1483,0
SPY190805P292,2019-08-02,2019-08-02 09:39:11,1.18,1.0442,205,1.16,1.0265,74,1.16,1.0265,8,1.17,1.0353,1483,0
SPY190805P292,2019-08-02,2019-08-02 09:39:12,1.17,1.0353,93,1.15,1.0176,22,1.16,1.0265,8,1.16,1.0265,1483,0
SPY190805P292,2019-08-02,2019-08-02 09:39:12,1.18,1.0442,176,1.15,1.0176,221,1.16,1.0265,8,1.165,1.0309,1483,0
SPY190805P292,2019-08-02,2019-08-02 09:39:13,1.16,1.0265,15,1.14,1.0088,26,1.16,1.0265,8,1.15,1.0176,1483,0
SPY190805P292,2019-08-02,2019-08-02 09:39:14,1.16,1.0265,15,1.15,1.0176,100,1.16,1.0265,8,1.155,1.0221,1483,0
SPY190805P292,2019-08-02,2019-08-02 09:39:15,1.16,1.0265,174,1.14,1.0088,100,1.16,1.0265,8,1.15,1.0176,1483,0
SPY190805P292,2019-08-02,2019-08-02 09:39:15,1.16,1.0265,29,1.14,1.0088,100,1.16,1.0265,8,1.15,1.0176,1483,0
SPY190805P292,2019-08-02,2019-08-02 09:39:16,1.15,1.0176,29,1.14,1.0088,6,1.16,1.0265,8,1.145,1.0132,1483,0
SPY190805P292,2019-08-02,2019-08-02 09:39:17,1.15,1.0176,15,1.14,1.0088,6,1.16,1.0265,8,1.145,1.0132,1483,0
SPY190805P292,2019-08-02,2019-08-02 09:39:17,1.15,1.0176,29,1.14,1.0088,6,1.16,1.0265,8,1.145,1.0132,1483,0
SPY190805P292,2019-08-02,2019-08-02 09:39:18,1.15,1.0176,176,1.13,1.0,6,1.16,1.0265,8,1.14,1.0088,1483,0
SPY190805P292,2019-08-02,2019-08-02 09:39:19,1.15,1.0176,93,1.13,1.0,6,1.16,1.0265,8,1.14,1.0088,1483,0
SPY190805P292,2019-08-02,2019-08-02 09:39:19,1.15,1.0176,176,1.13,1.0,6,1.16,1.0265,8,1.14,1.0088,1483,0
SPY190805P292,2019-08-02,2019-08-02 09:39:20,1.14,1.0088,177,1.11,0.9823,158,1.16,1.0265,8,1.125,0.9955,1483,0
SPY190805P292,2019-08-02,2019-08-02 09:39:21,1.13,1.0,16,1.12,0.9911,100,1.16,1.0265,8,1.125,0.9955,1483,0
SPY190805P292,2019-08-02,2019-08-02 09:39:21,1.13,1.0,16,1.12,0.9911,6,1.16,1.0265,8,1.125,0.9955,1483,0
SPY190805P292,2019-08-02,2019-08-02 09:39:22,1.14,1.0088,176,1.12,0.9911,6,1.16,1.0265,8,1.13,1.0,1483,0
SPY190805P292,2019-08-02,2019-08-02 09:39:23,1.14,1.0088,176,1.12,0.9911,6,1.16,1.0265,8,1.13,1.0,1483,0
SPY190805P292,2019-08-02,2019-08-02 09:39:23,1.13,1.0,16,1.12,0.9911,69,1.16,1.0265,8,1.125,0.9955,1483,0
SPY190805P292,2019-08-02,2019-08-02 09:39:25,1.13,1.0,91,1.12,0.9911,6,1.16,1.0265,8,1.125,0.9955,1483,0
SPY190805P292,2019-08-02,2019-08-02 09:39:26,1.13,1.0,32,1.12,0.9911,6,1.16,1.0265,8,1.125,0.9955,1483,0
SPY190805P292,2019-08-02,2019-08-02 09:39:27,1.13,1.0,99,1.12,0.9911,6,1.16,1.0265,8,1.125,0.9955,1483,0
SPY190805P292,2019-08-02,2019-08-02 09:39:27,1.13,1.0,93,1.12,0.9911,6,1.16,1.0265,8,1.125,0.9955,1483,0
SPY190805P292,2019-08-02,2019-08-02 09:39:28,1.09,0.9646,16,1.08,0.9557,6,1.16,1.0265,8,1.085,0.9601,1483,0
SPY190805P292,2019-08-02,2019-08-02 09:39:28,1.1,0.9734,108,1.07,0.9469,164,1.16,1.0265,8,1.085,0.9601,1483,0
SPY190805P292,2019-08-02,2019-08-02 09:39:29,1.09,0.9646,32,1.08,0.9557,100,1.16,1.0265,8,1.085,0.9601,1483,0
SPY190805P292,2019-08-02,2019-08-02 09:39:30,1.09,0.9646,32,1.08,0.9557,6,1.16,1.0265,8,1.085,0.9601,1483,0
SPY190805P292,2019-08-02,2019-08-02 09:39:30,1.09,0.9646,16,1.08,0.9557,75,1.16,1.0265,8,1.085,0.9601,1483,0
SPY190805P292,2019-08-02,2019-08-02 09:39:31,1.1,0.9734,225,1.09,0.9646,6,1.16,1.0265,8,1.095,0.969,1483,0
SPY190805P292,2019-08-02,2019-08-02 09:39:32,1.11,0.9823,392,1.09,0.9646,29,1.16,1.0265,8,1.1,0.9734,1483,0
SPY190805P292,2019-08-02,2019-08-02 09:39:33,1.06,0.938,16,1.05,0.9292,6,1.16,1.0265,8,1.055,0.9336,1483,0
SPY190805P292,2019-08-02,2019-08-02 09:39:33,1.09,0.9646,107,1.07,0.9469,6,1.16,1.0265,8,1.08,0.9557,1483,0
SPY190805P292,2019-08-02,2019-08-02 09:39:35,1.06,0.938,106,1.04,0.9203,6,1.16,1.0265,8,1.05,0.9292,1483,0
SPY190805P292,2019-08-02,2019-08-02 09:39:36,1.05,0.9292,32,1.03,0.9115,6,1.16,1.0265,8,1.04,0.9203,1483,0
SPY190805P292,2019-08-02,2019-08-02 09:39:38,1.04,0.9203,86,1.01,0.8938,78,1.16,1.0265,8,1.025,0.907,1483,0
SPY190805P292,2019-08-02,2019-08-02 09:39:39,1.05,0.9292,1,1.03,0.9115,6,1.04,0.9203,8,1.04,0.9203,1491,8
SPY190805P292,2019-08-02,2019-08-02 09:39:40,1.05,0.9292,1,1.04,0.9203,70,1.04,0.9203,8,1.045,0.9247,1491,0
SPY190805P292,2019-08-02,2019-08-02 09:39:41,1.07,0.9469,92,1.04,0.9203,88,1.07,0.9469,10,1.055,0.9336,1502,11
SPY190805P292,2019-08-02,2019-08-02 09:39:42,1.1,0.9734,181,1.06,0.938,213,1.07,0.9469,10,1.08,0.9557,1502,0
SPY190805P292,2019-08-02,2019-08-02 09:39:43,1.1,0.9734,181,1.07,0.9469,26,1.07,0.9469,10,1.085,0.9601,1502,0
SPY190805P292,2019-08-02,2019-08-02 09:39:44,1.1,0.9734,30,1.07,0.9469,133,1.07,0.9469,10,1.085,0.9601,1502,0
SPY190805P292,2019-08-02,2019-08-02 09:39:44,1.1,0.9734,32,1.07,0.9469,232,1.07,0.9469,10,1.085,0.9601,1502,0
SPY190805P292,2019-08-02,2019-08-02 09:39:45,1.11,0.9823,320,1.08,0.9557,100,1.07,0.9469,10,1.095,0.969,1502,0
SPY190805P292,2019-08-02,2019-08-02 09:39:45,1.09,0.9646,32,1.07,0.9469,34,1.07,0.9469,10,1.08,0.9557,1502,0
SPY190805P292,2019-08-02,2019-08-02 09:39:46,1.09,0.9646,32,1.07,0.9469,100,1.07,0.9469,10,1.08,0.9557,1502,0
SPY190805P292,2019-08-02,2019-08-02 09:39:47,1.08,0.9557,188,1.06,0.938,33,1.07,0.9469,10,1.07,0.9469,1502,0
SPY190805P292,2019-08-02,2019-08-02 09:39:48,1.07,0.9469,186,1.05,0.9292,23,1.07,0.9469,10,1.06,0.938,1502,0
SPY190805P292,2019-08-02,2019-08-02 09:39:49,1.06,0.938,22,1.04,0.9203,30,1.07,0.9469,10,1.05,0.9292,1502,0
SPY190805P292,2019-08-02,2019-08-02 09:39:50,1.07,0.9469,16,1.06,0.938,6,1.07,0.9469,10,1.065,0.9424,1502,0
SPY190805P292,2019-08-02,2019-08-02 09:39:50,1.08,0.9557,117,1.07,0.9469,6,1.07,0.9469,10,1.075,0.9513,1502,0
SPY190805P292,2019-08-02,2019-08-02 09:39:51,1.09,0.9646,124,1.07,0.9469,13,1.07,0.9469,10,1.08,0.9557,1502,0
SPY190805P292,2019-08-02,2019-08-02 09:39:53,1.08,0.9557,32,1.06,0.938,29,1.07,0.9469,10,1.07,0.9469,1502,0
SPY190805P292,2019-08-02,2019-08-02 09:39:54,1.08,0.9557,69,1.06,0.938,20,1.07,0.9469,10,1.07,0.9469,1502,0
SPY190805P292,2019-08-02,2019-08-02 09:39:55,1.07,0.9469,32,1.05,0.9292,88,1.07,0.9469,1,1.06,0.938,1503,1
SPY190805P292,2019-08-02,2019-08-02 09:39:56,1.08,0.9557,5,1.05,0.9292,105,1.07,0.9469,1,1.065,0.9424,1503,0
SPY190805P292,2019-08-02,2019-08-02 09:39:56,1.08,0.9557,66,1.07,0.9469,6,1.07,0.9469,1,1.075,0.9513,1503,0
SPY190805P292,2019-08-02,2019-08-02 09:39:57,1.09,0.9646,20,1.07,0.9469,6,1.07,0.9469,1,1.08,0.9557,1503,0
SPY190805P292,2019-08-02,2019-08-02 09:39:58,1.11,0.9823,30,1.1,0.9734,6,1.09,0.9646,18,1.105,0.9778,1523,0
SPY190805P292,2019-08-02,2019-08-02 09:39:58,1.11,0.9823,59,1.08,0.9557,47,1.09,0.9646,18,1.095,0.969,1523,20
SPY190805P292,2019-08-02,2019-08-02 09:39:59,1.14,1.0088,164,1.09,0.9646,6,1.09,0.9646,18,1.115,0.9867,1523,0
SPY190805P292,2019-08-02,2019-08-02 09:39:59,1.13,1.0,21,1.12,0.9911,6,1.09,0.9646,18,1.125,0.9955,1523,0
SPY190805P292,2019-08-02,2019-08-02 09:40:00,1.14,1.0088,32,1.12,0.9911,6,1.09,0.9646,18,1.13,1.0,1523,0
SPY190805P292,2019-08-02,2019-08-02 09:40:01,1.13,1.0,3,1.11,0.9823,10,1.09,0.9646,18,1.12,0.9911,1523,0
SPY190805P292,2019-08-02,2019-08-02 09:40:01,1.13,1.0,3,1.12,0.9911,6,1.09,0.9646,18,1.125,0.9955,1523,0
SPY190805P292,2019-08-02,2019-08-02 09:40:02,1.15,1.0176,39,1.13,1.0,6,1.15,1.0176,2,1.14,1.0088,1528,0
SPY190805P292,2019-08-02,2019-08-02 09:40:02,1.15,1.0176,39,1.13,1.0,6,1.15,1.0176,2,1.14,1.0088,1528,5
SPY190805P292,2019-08-02,2019-08-02 09:40:03,1.15,1.0176,36,1.13,1.0,6,1.15,1.0176,2,1.14,1.0088,1528,0
SPY190805P292,2019-08-02,2019-08-02 09:40:04,1.15,1.0176,6,1.14,1.0088,6,1.15,1.0176,2,1.145,1.0132,1528,0
SPY190805P292,2019-08-02,2019-08-02 09:40:05,1.16,1.0265,7,1.14,1.0088,36,1.15,1.0176,5,1.15,1.0176,1553,25
SPY190805P292,2019-08-02,2019-08-02 09:40:06,1.16,1.0265,24,1.14,1.0088,33,1.15,1.0176,5,1.15,1.0176,1553,0
SPY190805P292,2019-08-02,2019-08-02 09:40:07,1.14,1.0088,6,1.12,0.9911,66,1.15,1.0176,5,1.13,1.0,1553,0
SPY190805P292,2019-08-02,2019-08-02 09:40:07,1.14,1.0088,24,1.12,0.9911,33,1.15,1.0176,5,1.13,1.0,1553,0
SPY190805P292,2019-08-02,2019-08-02 09:40:08,1.14,1.0088,6,1.12,0.9911,93,1.15,1.0176,5,1.13,1.0,1553,0
SPY190805P292,2019-08-02,2019-08-02 09:40:09,1.15,1.0176,6,1.13,1.0,77,1.15,1.0176,5,1.14,1.0088,1553,0
SPY190805P292,2019-08-02,2019-08-02 09:40:09,1.17,1.0353,92,1.13,1.0,77,1.15,1.0176,5,1.15,1.0176,1553,0
SPY190805P292,2019-08-02,2019-08-02 09:40:10,1.21,1.0707,243,1.15,1.0176,30,1.15,1.0176,5,1.18,1.0442,1553,0
SPY190805P292,2019-08-02,2019-08-02 09:40:11,1.2,1.0619,32,1.17,1.0353,6,1.15,1.0176,5,1.185,1.0486,1553,0
SPY190805P292,2019-08-02,2019-08-02 09:40:12,1.2,1.0619,32,1.17,1.0353,83,1.15,1.0176,5,1.185,1.0486,1553,0
SPY190805P292,2019-08-02,2019-08-02 09:40:12,1.2,1.0619,99,1.17,1.0353,83,1.15,1.0176,5,1.185,1.0486,1553,0
SPY190805P292,2019-08-02,2019-08-02 09:40:13,1.21,1.0707,6,1.2,1.0619,17,1.15,1.0176,5,1.205,1.0663,1553,0
SPY190805P292,2019-08-02,2019-08-02 09:40:14,1.21,1.0707,6,1.19,1.053,148,1.15,1.0176,5,1.2,1.0619,1553,0
SPY190805P292,2019-08-02,2019-08-02 09:40:14,1.2,1.0619,32,1.19,1.053,49,1.15,1.0176,5,1.195,1.0575,1553,0
SPY190805P292,2019-08-02,2019-08-02 09:40:15,1.2,1.0619,245,1.19,1.053,48,1.19,1.053,1,1.195,1.0575,1554,1
SPY190805P292,2019-08-02,2019-08-02 09:40:16,1.18,1.0442,6,1.15,1.0176,148,1.19,1.053,1,1.165,1.0309,1562,3
SPY190805P292,2019-08-02,2019-08-02 09:40:16,1.2,1.0619,166,1.19,1.053,43,1.19,1.053,4,1.195,1.0575,1559,5
SPY190805P292,2019-08-02,2019-08-02 09:40:17,1.19,1.053,79,1.17,1.0353,43,1.19,1.053,1,1.18,1.0442,1562,0
SPY190805P292,2019-08-02,2019-08-02 09:40:17,1.18,1.0442,71,1.16,1.0265,43,1.19,1.053,1,1.17,1.0353,1562,0
SPY190805P292,2019-08-02,2019-08-02 09:40:18,1.18,1.0442,6,1.17,1.0353,1,1.19,1.053,1,1.175,1.0398,1562,0
SPY190805P292,2019-08-02,2019-08-02 09:40:19,1.17,1.0353,32,1.14,1.0088,152,1.17,1.0353,1,1.155,1.0221,1563,1
SPY190805P292,2019-08-02,2019-08-02 09:40:19,1.18,1.0442,63,1.17,1.0353,1,1.19,1.053,1,1.175,1.0398,1562,0
SPY190805P292,2019-08-02,2019-08-02 09:40:20,1.17,1.0353,32,1.14,1.0088,201,1.17,1.0353,1,1.155,1.0221,1563,0
SPY190805P292,2019-08-02,2019-08-02 09:40:21,1.19,1.053,342,1.17,1.0353,6,1.17,1.0353,1,1.18,1.0442,1563,0
SPY190805P292,2019-08-02,2019-08-02 09:40:21,1.2,1.0619,373,1.18,1.0442,6,1.17,1.0353,1,1.19,1.053,1563,0
SPY190805P292,2019-08-02,2019-08-02 09:40:22,1.19,1.053,232,1.16,1.0265,136,1.17,1.0353,1,1.175,1.0398,1563,0
SPY190805P292,2019-08-02,2019-08-02 09:40:23,1.19,1.053,27,1.17,1.0353,77,1.17,1.0353,1,1.18,1.0442,1563,0
SPY190805P292,2019-08-02,2019-08-02 09:40:24,1.18,1.0442,14,1.17,1.0353,78,1.17,1.0353,1,1.175,1.0398,1563,0
SPY190805P292,2019-08-02,2019-08-02 09:40:25,1.19,1.053,256,1.17,1.0353,6,1.17,1.0353,1,1.18,1.0442,1563,0
SPY190805P292,2019-08-02,2019-08-02 09:40:25,1.19,1.053,24,1.17,1.0353,43,1.17,1.0353,1,1.18,1.0442,1563,0
SPY190805P292,2019-08-02,2019-08-02 09:40:26,1.19,1.053,146,1.17,1.0353,6,1.17,1.0353,1,1.18,1.0442,1563,0
SPY190805P292,2019-08-02,2019-08-02 09:40:27,1.19,1.053,42,1.17,1.0353,35,1.17,1.0353,1,1.18,1.0442,1563,0
SPY190805P292,2019-08-02,2019-08-02 09:40:28,1.19,1.053,87,1.17,1.0353,35,1.17,1.0353,1,1.18,1.0442,1563,0
SPY190805P292,2019-08-02,2019-08-02 09:40:28,1.19,1.053,114,1.18,1.0442,6,1.17,1.0353,1,1.185,1.0486,1563,0
SPY190805P292,2019-08-02,2019-08-02 09:40:29,1.19,1.053,27,1.17,1.0353,33,1.17,1.0353,1,1.18,1.0442,1563,0
SPY190805P292,2019-08-02,2019-08-02 09:40:30,1.21,1.0707,124,1.19,1.053,6,1.17,1.0353,1,1.2,1.0619,1563,0
SPY190805P292,2019-08-02,2019-08-02 09:40:30,1.2,1.0619,86,1.17,1.0353,43,1.17,1.0353,1,1.185,1.0486,1563,0
SPY190805P292,2019-08-02,2019-08-02 09:40:31,1.22,1.0796,84,1.2,1.0619,43,1.17,1.0353,1,1.21,1.0707,1563,0
SPY190805P292,2019-08-02,2019-08-02 09:40:31,1.21,1.0707,25,1.19,1.053,36,1.17,1.0353,1,1.2,1.0619,1563,0
SPY190805P292,2019-08-02,2019-08-02 09:40:32,1.22,1.0796,84,1.2,1.0619,36,1.17,1.0353,1,1.21,1.0707,1563,0
SPY190805P292,2019-08-02,2019-08-02 09:40:33,1.24,1.0973,113,1.21,1.0707,77,1.17,1.0353,1,1.225,1.084,1563,0
SPY190805P292,2019-08-02,2019-08-02 09:40:33,1.24,1.0973,104,1.22,1.0796,17,1.17,1.0353,1,1.23,1.0884,1563,0
SPY190805P292,2019-08-02,2019-08-02 09:40:34,1.24,1.0973,272,1.22,1.0796,39,1.17,1.0353,1,1.23,1.0884,1563,0
SPY190805P292,2019-08-02,2019-08-02 09:40:35,1.24,1.0973,376,1.22,1.0796,26,1.17,1.0353,1,1.23,1.0884,1563,0
SPY190805P292,2019-08-02,2019-08-02 09:40:35,1.24,1.0973,31,1.22,1.0796,17,1.17,1.0353,1,1.23,1.0884,1563,0
SPY190805P292,2019-08-02,2019-08-02 09:40:36,1.27,1.1238,146,1.23,1.0884,60,1.17,1.0353,1,1.25,1.1061,1563,0
SPY190805P292,2019-08-02,2019-08-02 09:40:37,1.26,1.115,6,1.23,1.0884,183,1.17,1.0353,1,1.245,1.1017,1563,0
SPY190805P292,2019-08-02,2019-08-02 09:40:38,1.27,1.1238,178,1.24,1.0973,26,1.17,1.0353,1,1.255,1.1106,1563,0
SPY190805P292,2019-08-02,2019-08-02 09:40:38,1.27,1.1238,178,1.24,1.0973,151,1.17,1.0353,1,1.255,1.1106,1563,0
SPY190805P292,2019-08-02,2019-08-02 09:40:39,1.25,1.1061,6,1.23,1.0884,100,1.17,1.0353,1,1.24,1.0973,1563,0
SPY190805P292,2019-08-02,2019-08-02 09:40:40,1.25,1.1061,6,1.23,1.0884,43,1.17,1.0353,1,1.24,1.0973,1563,0
SPY190805P292,2019-08-02,2019-08-02 09:40:41,1.24,1.0973,178,1.21,1.0707,43,1.17,1.0353,1,1.225,1.084,1563,0
SPY190805P292,2019-08-02,2019-08-02 09:40:42,1.24,1.0973,225,1.21,1.0707,43,1.17,1.0353,1,1.225,1.084,1563,0
SPY190805P292,2019-08-02,2019-08-02 09:40:43,1.26,1.115,177,1.24,1.0973,35,1.24,1.0973,10,1.25,1.1061,1573,0
SPY190805P292,2019-08-02,2019-08-02 09:40:43,1.27,1.1238,117,1.21,1.0707,33,1.24,1.0973,10,1.24,1.0973,1573,10
SPY190805P292,2019-08-02,2019-08-02 09:40:44,1.26,1.115,177,1.24,1.0973,33,1.24,1.0973,10,1.25,1.1061,1573,0
SPY190805P292,2019-08-02,2019-08-02 09:40:45,1.26,1.115,242,1.22,1.0796,94,1.25,1.1061,1,1.24,1.0973,1574,1
SPY190805P292,2019-08-02,2019-08-02 09:40:45,1.24,1.0973,204,1.22,1.0796,27,1.25,1.1061,1,1.23,1.0884,1574,0
SPY190805P292,2019-08-02,2019-08-02 09:40:46,1.24,1.0973,97,1.21,1.0707,36,1.25,1.1061,1,1.225,1.084,1574,0
SPY190805P292,2019-08-02,2019-08-02 09:40:47,1.23,1.0884,177,1.2,1.0619,33,1.25,1.1061,1,1.215,1.0752,1574,0
SPY190805P292,2019-08-02,2019-08-02 09:40:47,1.22,1.0796,83,1.2,1.0619,27,1.25,1.1061,1,1.21,1.0707,1574,0
SPY190805P292,2019-08-02,2019-08-02 09:40:49,1.25,1.1061,132,1.24,1.0973,33,1.25,1.1061,1,1.245,1.1017,1574,0
SPY190805P292,2019-08-02,2019-08-02 09:40:49,1.25,1.1061,365,1.23,1.0884,6,1.25,1.1061,1,1.24,1.0973,1574,0
SPY190805P292,2019-08-02,2019-08-02 09:40:50,1.26,1.115,343,1.24,1.0973,47,1.25,1.1061,1,1.25,1.1061,1574,0
SPY190805P292,2019-08-02,2019-08-02 09:40:51,1.25,1.1061,5,1.22,1.0796,33,1.25,1.1061,1,1.235,1.0929,1574,0
SPY190805P292,2019-08-02,2019-08-02 09:40:51,1.25,1.1061,1,1.22,1.0796,74,1.25,1.1061,1,1.235,1.0929,1574,0
SPY190805P292,2019-08-02,2019-08-02 09:40:52,1.28,1.1327,177,1.25,1.1061,83,1.25,1.1061,1,1.265,1.1194,1574,0
SPY190805P292,2019-08-02,2019-08-02 09:40:53,1.28,1.1327,186,1.26,1.115,17,1.25,1.1061,1,1.27,1.1238,1574,0
SPY190805P292,2019-08-02,2019-08-02 09:40:54,1.29,1.1415,77,1.27,1.1238,44,1.25,1.1061,1,1.28,1.1327,1574,0
SPY190805P292,2019-08-02,2019-08-02 09:40:54,1.29,1.1415,174,1.26,1.115,80,1.25,1.1061,1,1.275,1.1283,1574,0
SPY190805P292,2019-08-02,2019-08-02 09:40:55,1.29,1.1415,174,1.27,1.1238,34,1.25,1.1061,1,1.28,1.1327,1574,0
SPY190805P292,2019-08-02,2019-08-02 09:40:56,1.29,1.1415,6,1.27,1.1238,40,1.25,1.1061,1,1.28,1.1327,1574,0
SPY190805P292,2019-08-02,2019-08-02 09:40:57,1.29,1.1415,11,1.27,1.1238,30,1.25,1.1061,1,1.28,1.1327,1574,0
SPY190805P292,2019-08-02,2019-08-02 09:40:57,1.3,1.1504,266,1.27,1.1238,28,1.25,1.1061,1,1.285,1.1371,1574,0
SPY190805P292,2019-08-02,2019-08-02 09:40:58,1.3,1.1504,106,1.27,1.1238,109,1.25,1.1061,1,1.285,1.1371,1574,0
SPY190805P292,2019-08-02,2019-08-02 09:40:58,1.3,1.1504,6,1.28,1.1327,26,1.25,1.1061,1,1.29,1.1415,1574,0
SPY190805P292,2019-08-02,2019-08-02 09:40:59,1.28,1.1327,6,1.25,1.1061,118,1.25,1.1061,1,1.265,1.1194,1574,0
SPY190805P292,2019-08-02,2019-08-02 09:41:00,1.27,1.1238,6,1.24,1.0973,50,1.25,1.1061,1,1.255,1.1106,1574,0
SPY190805P292,2019-08-02,2019-08-02 09:41:01,1.28,1.1327,235,1.27,1.1238,14,1.27,1.1238,6,1.275,1.1283,1585,11
SPY190805P292,2019-08-02,2019-08-02 09:41:02,1.27,1.1238,171,1.26,1.115,3,1.27,1.1238,3,1.265,1.1194,1599,14
SPY190805P292,2019-08-02,2019-08-02 09:41:03,1.27,1.1238,86,1.25,1.1061,6,1.27,1.1238,3,1.26,1.115,1599,0
SPY190805P292,2019-08-02,2019-08-02 09:41:04,1.26,1.115,89,1.24,1.0973,6,1.27,1.1238,3,1.25,1.1061,1599,0
SPY190805P292,2019-08-02,2019-08-02 09:41:04,1.27,1.1238,254,1.24,1.0973,95,1.27,1.1238,3,1.255,1.1106,1599,0
SPY190805P292,2019-08-02,2019-08-02 09:41:05,1.26,1.115,89,1.23,1.0884,80,1.27,1.1238,3,1.245,1.1017,1599,0
SPY190805P292,2019-08-02,2019-08-02 09:41:05,1.26,1.115,174,1.23,1.0884,30,1.27,1.1238,3,1.245,1.1017,1599,0
SPY190805P292,2019-08-02,2019-08-02 09:41:06,1.26,1.115,88,1.23,1.0884,40,1.27,1.1238,3,1.245,1.1017,1599,0
SPY190805P292,2019-08-02,2019-08-02 09:41:07,1.25,1.1061,88,1.23,1.0884,30,1.27,1.1238,3,1.24,1.0973,1599,0
SPY190805P292,2019-08-02,2019-08-02 09:41:08,1.25,1.1061,6,1.23,1.0884,30,1.27,1.1238,3,1.24,1.0973,1599,0
SPY190805P292,2019-08-02,2019-08-02 09:41:08,1.26,1.115,174,1.24,1.0973,6,1.27,1.1238,3,1.25,1.1061,1599,0
SPY190805P292,2019-08-02,2019-08-02 09:41:09,1.26,1.115,57,1.23,1.0884,100,1.27,1.1238,3,1.245,1.1017,1599,0
SPY190805P292,2019-08-02,2019-08-02 09:41:09,1.26,1.115,9,1.24,1.0973,30,1.27,1.1238,3,1.25,1.1061,1599,0
SPY190805P292,2019-08-02,2019-08-02 09:41:10,1.27,1.1238,174,1.25,1.1061,6,1.27,1.1238,3,1.26,1.115,1599,0
SPY190805P292,2019-08-02,2019-08-02 09:41:11,1.28,1.1327,284,1.25,1.1061,69,1.27,1.1238,3,1.265,1.1194,1599,0
SPY190805P292,2019-08-02,2019-08-02 09:41:11,1.28,1.1327,451,1.26,1.115,30,1.27,1.1238,3,1.27,1.1238,1599,0
SPY190805P292,2019-08-02,2019-08-02 09:41:13,1.28,1.1327,6,1.27,1.1238,6,1.27,1.1238,3,1.275,1.1283,1599,0
SPY190805P292,2019-08-02,2019-08-02 09:41:13,1.29,1.1415,229,1.27,1.1238,30,1.27,1.1238,3,1.28,1.1327,1599,0
SPY190805P292,2019-08-02,2019-08-02 09:41:14,1.27,1.1238,174,1.25,1.1061,30,1.27,1.1238,3,1.26,1.115,1599,0
SPY190805P292,2019-08-02,2019-08-02 09:41:16,1.26,1.115,85,1.25,1.1061,6,1.24,1.0973,25,1.255,1.1106,1624,25
SPY190805P292,2019-08-02,2019-08-02 09:41:18,1.27,1.1238,57,1.26,1.115,6,1.24,1.0973,25,1.265,1.1194,1624,0
SPY190805P292,2019-08-02,2019-08-02 09:41:19,1.29,1.1415,183,1.25,1.1061,20,1.24,1.0973,25,1.27,1.1238,1624,0
SPY190805P292,2019-08-02,2019-08-02 09:41:20,1.27,1.1238,45,1.26,1.115,6,1.24,1.0973,25,1.265,1.1194,1624,0
SPY190805P292,2019-08-02,2019-08-02 09:41:21,1.27,1.1238,45,1.25,1.1061,6,1.24,1.0973,25,1.26,1.115,1624,0
SPY190805P292,2019-08-02,2019-08-02 09:41:22,1.26,1.115,16,1.24,1.0973,20,1.24,1.0973,25,1.25,1.1061,1624,0
SPY190805P292,2019-08-02,2019-08-02 09:41:25,1.21,1.0707,174,1.18,1.0442,29,1.24,1.0973,25,1.195,1.0575,1624,0
SPY190805P292,2019-08-02,2019-08-02 09:41:27,1.25,1.1061,175,1.22,1.0796,6,1.24,1.0973,25,1.235,1.0929,1624,0
SPY190805P292,2019-08-02,2019-08-02 09:41:28,1.23,1.0884,6,1.21,1.0707,19,1.24,1.0973,25,1.22,1.0796,1624,0
SPY190805P292,2019-08-02,2019-08-02 09:41:29,1.24,1.0973,273,1.22,1.0796,6,1.24,1.0973,25,1.23,1.0884,1624,0
SPY190805P292,2019-08-02,2019-08-02 09:41:30,1.23,1.0884,6,1.21,1.0707,20,1.24,1.0973,25,1.22,1.0796,1624,0
SPY190805P292,2019-08-02,2019-08-02 09:41:30,1.24,1.0973,50,1.22,1.0796,22,1.24,1.0973,25,1.23,1.0884,1624,0
SPY190805P292,2019-08-02,2019-08-02 09:41:31,1.24,1.0973,6,1.21,1.0707,158,1.24,1.0973,25,1.225,1.084,1624,0
SPY190805P292,2019-08-02,2019-08-02 09:41:33,1.23,1.0884,6,1.21,1.0707,25,1.24,1.0973,25,1.22,1.0796,1624,0
SPY190805P292,2019-08-02,2019-08-02 09:41:33,1.24,1.0973,301,1.2,1.0619,158,1.24,1.0973,25,1.22,1.0796,1624,0
SPY190805P292,2019-08-02,2019-08-02 09:41:34,1.23,1.0884,16,1.21,1.0707,27,1.24,1.0973,25,1.22,1.0796,1624,0
SPY190805P292,2019-08-02,2019-08-02 09:41:35,1.22,1.0796,16,1.2,1.0619,27,1.24,1.0973,25,1.21,1.0707,1624,0
SPY190805P292,2019-08-02,2019-08-02 09:41:36,1.21,1.0707,174,1.18,1.0442,58,1.24,1.0973,25,1.195,1.0575,1624,0
SPY190805P292,2019-08-02,2019-08-02 09:41:37,1.21,1.0707,48,1.19,1.053,6,1.24,1.0973,25,1.2,1.0619,1624,0
SPY190805P292,2019-08-02,2019-08-02 09:41:38,1.22,1.0796,6,1.2,1.0619,6,1.24,1.0973,25,1.21,1.0707,1624,0
SPY190805P292,2019-08-02,2019-08-02 09:41:38,1.22,1.0796,16,1.21,1.0707,6,1.24,1.0973,25,1.215,1.0752,1624,0
SPY190805P292,2019-08-02,2019-08-02 09:41:40,1.21,1.0707,16,1.19,1.053,27,1.24,1.0973,25,1.2,1.0619,1624,0
SPY190805P292,2019-08-02,2019-08-02 09:41:41,1.22,1.0796,16,1.2,1.0619,6,1.24,1.0973,25,1.21,1.0707,1624,0
SPY190805P292,2019-08-02,2019-08-02 09:41:42,1.24,1.0973,6,1.22,1.0796,116,1.24,1.0973,25,1.23,1.0884,1624,0
SPY190805P292,2019-08-02,2019-08-02 09:41:42,1.24,1.0973,6,1.22,1.0796,29,1.24,1.0973,25,1.23,1.0884,1624,0
SPY190805P292,2019-08-02,2019-08-02 09:41:44,1.24,1.0973,25,1.21,1.0707,96,1.24,1.0973,25,1.225,1.084,1624,0
SPY190805P292,2019-08-02,2019-08-02 09:41:45,1.24,1.0973,16,1.21,1.0707,81,1.24,1.0973,25,1.225,1.084,1624,0
SPY190805P292,2019-08-02,2019-08-02 09:41:46,1.25,1.1061,95,1.21,1.0707,173,1.24,1.0973,25,1.23,1.0884,1624,0
SPY190805P292,2019-08-02,2019-08-02 09:41:47,1.23,1.0884,6,1.21,1.0707,104,1.24,1.0973,25,1.22,1.0796,1624,0
SPY190805P292,2019-08-02,2019-08-02 09:41:48,1.22,1.0796,6,1.21,1.0707,23,1.24,1.0973,25,1.215,1.0752,1624,0
SPY190805P292,2019-08-02,2019-08-02 09:41:49,1.22,1.0796,385,1.17,1.0353,10,1.21,1.0707,10,1.195,1.0575,1634,10
SPY190805P292,2019-08-02,2019-08-02 09:41:50,1.2,1.0619,6,1.17,1.0353,65,1.21,1.0707,10,1.185,1.0486,1634,0
SPY190805P292,2019-08-02,2019-08-02 09:41:51,1.19,1.053,18,1.17,1.0353,35,1.21,1.0707,10,1.18,1.0442,1634,0
SPY190805P292,2019-08-02,2019-08-02 09:41:51,1.2,1.0619,230,1.17,1.0353,35,1.21,1.0707,10,1.185,1.0486,1634,0
SPY190805P292,2019-08-02,2019-08-02 09:41:52,1.19,1.053,25,1.17,1.0353,43,1.21,1.0707,10,1.18,1.0442,1634,0
SPY190805P292,2019-08-02,2019-08-02 09:41:52,1.19,1.053,89,1.17,1.0353,35,1.21,1.0707,10,1.18,1.0442,1634,0
SPY190805P292,2019-08-02,2019-08-02 09:41:53,1.2,1.0619,361,1.17,1.0353,35,1.21,1.0707,10,1.185,1.0486,1634,0
SPY190805P292,2019-08-02,2019-08-02 09:41:54,1.19,1.053,25,1.17,1.0353,35,1.21,1.0707,10,1.18,1.0442,1634,0
SPY190805P292,2019-08-02,2019-08-02 09:41:54,1.18,1.0442,25,1.17,1.0353,10,1.17,1.0353,10,1.175,1.0398,1644,10
SPY190805P292,2019-08-02,2019-08-02 09:41:55,1.17,1.0353,25,1.14,1.0088,159,1.17,1.0353,10,1.155,1.0221,1644,0
SPY190805P292,2019-08-02,2019-08-02 09:41:56,1.16,1.0265,6,1.15,1.0176,67,1.17,1.0353,10,1.155,1.0221,1644,0
SPY190805P292,2019-08-02,2019-08-02 09:41:57,1.17,1.0353,6,1.16,1.0265,96,1.17,1.0353,10,1.165,1.0309,1644,0
SPY190805P292,2019-08-02,2019-08-02 09:41:57,1.17,1.0353,6,1.16,1.0265,121,1.17,1.0353,10,1.165,1.0309,1644,0
SPY190805P292,2019-08-02,2019-08-02 09:41:58,1.19,1.053,228,1.16,1.0265,30,1.18,1.0442,7,1.175,1.0398,1651,7
SPY190805P292,2019-08-02,2019-08-02 09:41:59,1.18,1.0442,6,1.15,1.0176,232,1.18,1.0442,7,1.165,1.0309,1651,0
SPY190805P292,2019-08-02,2019-08-02 09:42:00,1.15,1.0176,83,1.12,0.9911,160,1.18,1.0442,7,1.135,1.0044,1651,0
SPY190805P292,2019-08-02,2019-08-02 09:42:00,1.17,1.0353,25,1.14,1.0088,163,1.18,1.0442,7,1.155,1.0221,1651,0
SPY190805P292,2019-08-02,2019-08-02 09:42:01,1.16,1.0265,6,1.14,1.0088,30,1.18,1.0442,7,1.15,1.0176,1651,0
SPY190805P292,2019-08-02,2019-08-02 09:42:02,1.21,1.0707,120,1.17,1.0353,209,1.18,1.0442,7,1.19,1.053,1651,0
SPY190805P292,2019-08-02,2019-08-02 09:42:03,1.21,1.0707,120,1.18,1.0442,130,1.18,1.0442,7,1.195,1.0575,1651,0
SPY190805P292,2019-08-02,2019-08-02 09:42:03,1.21,1.0707,120,1.2,1.0619,337,1.21,1.0707,112,1.205,1.0663,1771,120
SPY190805P292,2019-08-02,2019-08-02 09:42:04,1.34,1.1858,208,1.24,1.0973,205,1.21,1.0707,112,1.29,1.1415,1771,0
SPY190805P292,2019-08-02,2019-08-02 09:42:05,1.31,1.1592,205,1.28,1.1327,130,1.21,1.0707,112,1.295,1.146,1771,0
SPY190805P292,2019-08-02,2019-08-02 09:42:06,1.35,1.1946,13,1.29,1.1415,115,1.21,1.0707,112,1.32,1.1681,1771,0
SPY190805P292,2019-08-02,2019-08-02 09:42:07,1.3,1.1504,6,1.27,1.1238,6,1.21,1.0707,112,1.285,1.1371,1771,0
SPY190805P292,2019-08-02,2019-08-02 09:42:07,1.32,1.1681,6,1.29,1.1415,6,1.21,1.0707,112,1.305,1.1548,1771,0
SPY190805P292,2019-08-02,2019-08-02 09:42:08,1.31,1.1592,13,1.28,1.1327,40,1.21,1.0707,112,1.295,1.146,1771,0
SPY190805P292,2019-08-02,2019-08-02 09:42:08,1.3,1.1504,6,1.29,1.1415,6,1.21,1.0707,112,1.295,1.146,1771,0
SPY190805P292,2019-08-02,2019-08-02 09:42:09,1.31,1.1592,7,1.28,1.1327,112,1.21,1.0707,112,1.295,1.146,1771,0
SPY190805P292,2019-08-02,2019-08-02 09:42:10,1.33,1.1769,205,1.29,1.1415,6,1.3,1.1504,3,1.31,1.1592,1774,3
SPY190805P292,2019-08-02,2019-08-02 09:42:10,1.33,1.1769,32,1.3,1.1504,33,1.3,1.1504,3,1.315,1.1637,1774,0
SPY190805P292,2019-08-02,2019-08-02 09:42:11,1.35,1.1946,159,1.33,1.1769,6,1.3,1.1504,3,1.34,1.1858,1774,0
SPY190805P292,2019-08-02,2019-08-02 09:42:12,1.38,1.2212,6,1.36,1.2035,19,1.3,1.1504,3,1.37,1.2123,1774,0
SPY190805P292,2019-08-02,2019-08-02 09:42:12,1.36,1.2035,6,1.33,1.1769,50,1.3,1.1504,3,1.345,1.1902,1774,0
SPY190805P292,2019-08-02,2019-08-02 09:42:13,1.36,1.2035,6,1.32,1.1681,140,1.3,1.1504,3,1.34,1.1858,1774,0
SPY190805P292,2019-08-02,2019-08-02 09:42:14,1.34,1.1858,100,1.32,1.1681,6,1.3,1.1504,3,1.33,1.1769,1774,0
SPY190805P292,2019-08-02,2019-08-02 09:42:14,1.35,1.1946,1,1.32,1.1681,30,1.3,1.1504,3,1.335,1.1814,1774,0
SPY190805P292,2019-08-02,2019-08-02 09:42:15,1.34,1.1858,96,1.31,1.1592,131,1.3,1.1504,3,1.325,1.1725,1774,0
SPY190805P292,2019-08-02,2019-08-02 09:42:15,1.33,1.1769,101,1.31,1.1592,81,1.3,1.1504,3,1.32,1.1681,1774,0
SPY190805P292,2019-08-02,2019-08-02 09:42:16,1.34,1.1858,95,1.32,1.1681,71,1.3,1.1504,3,1.33,1.1769,1774,0
SPY190805P292,2019-08-02,2019-08-02 09:42:16,1.34,1.1858,96,1.32,1.1681,6,1.3,1.1504,3,1.33,1.1769,1774,0
SPY190805P292,2019-08-02,2019-08-02 09:42:17,1.34,1.1858,106,1.32,1.1681,10,1.3,1.1504,3,1.33,1.1769,1774,0
SPY190805P292,2019-08-02,2019-08-02 09:42:18,1.33,1.1769,101,1.29,1.1415,6,1.3,1.1504,3,1.31,1.1592,1774,0
SPY190805P292,2019-08-02,2019-08-02 09:42:19,1.31,1.1592,55,1.28,1.1327,30,1.3,1.1504,3,1.295,1.146,1774,0
SPY190805P292,2019-08-02,2019-08-02 09:42:19,1.31,1.1592,55,1.28,1.1327,61,1.3,1.1504,3,1.295,1.146,1774,0
SPY190805P292,2019-08-02,2019-08-02 09:42:20,1.32,1.1681,20,1.29,1.1415,63,1.3,1.1504,3,1.305,1.1548,1774,0
SPY190805P292,2019-08-02,2019-08-02 09:42:21,1.3,1.1504,11,1.28,1.1327,6,1.3,1.1504,3,1.29,1.1415,1774,0
SPY190805P292,2019-08-02,2019-08-02 09:42:21,1.32,1.1681,20,1.26,1.115,113,1.3,1.1504,3,1.29,1.1415,1774,0
SPY190805P292,2019-08-02,2019-08-02 09:42:22,1.31,1.1592,67,1.29,1.1415,6,1.3,1.1504,1,1.3,1.1504,1775,1
SPY190805P292,2019-08-02,2019-08-02 09:42:22,1.3,1.1504,11,1.28,1.1327,6,1.3,1.1504,3,1.29,1.1415,1774,0
SPY190805P292,2019-08-02,2019-08-02 09:42:23,1.31,1.1592,67,1.29,1.1415,7,1.3,1.1504,1,1.3,1.1504,1775,0
SPY190805P292,2019-08-02,2019-08-02 09:42:24,1.31,1.1592,11,1.29,1.1415,10,1.3,1.1504,1,1.3,1.1504,1775,0
SPY190805P292,2019-08-02,2019-08-02 09:42:24,1.31,1.1592,11,1.29,1.1415,6,1.3,1.1504,1,1.3,1.1504,1775,0
SPY190805P292,2019-08-02,2019-08-02 09:42:25,1.31,1.1592,101,1.29,1.1415,10,1.3,1.1504,1,1.3,1.1504,1775,0
SPY190805P292,2019-08-02,2019-08-02 09:42:25,1.31,1.1592,220,1.27,1.1238,37,1.3,1.1504,1,1.29,1.1415,1775,0
SPY190805P292,2019-08-02,2019-08-02 09:42:26,1.29,1.1415,153,1.27,1.1238,37,1.3,1.1504,1,1.28,1.1327,1775,0
SPY190805P292,2019-08-02,2019-08-02 09:42:27,1.27,1.1238,181,1.24,1.0973,40,1.3,1.1504,1,1.255,1.1106,1775,0
SPY190805P292,2019-08-02,2019-08-02 09:42:27,1.27,1.1238,93,1.25,1.1061,6,1.3,1.1504,1,1.26,1.115,1775,0
SPY190805P292,2019-08-02,2019-08-02 09:42:28,1.27,1.1238,93,1.26,1.115,6,1.3,1.1504,1,1.265,1.1194,1775,0
SPY190805P292,2019-08-02,2019-08-02 09:42:29,1.27,1.1238,82,1.25,1.1061,30,1.3,1.1504,1,1.26,1.115,1775,0
SPY190805P292,2019-08-02,2019-08-02 09:42:29,1.27,1.1238,189,1.24,1.0973,78,1.3,1.1504,1,1.255,1.1106,1775,0
SPY190805P292,2019-08-02,2019-08-02 09:42:30,1.28,1.1327,85,1.27,1.1238,6,1.3,1.1504,1,1.275,1.1283,1775,0
SPY190805P292,2019-08-02,2019-08-02 09:42:31,1.28,1.1327,97,1.26,1.115,30,1.3,1.1504,1,1.27,1.1238,1775,0
SPY190805P292,2019-08-02,2019-08-02 09:42:31,1.29,1.1415,206,1.26,1.115,6,1.3,1.1504,1,1.275,1.1283,1775,0
SPY190805P292,2019-08-02,2019-08-02 09:42:32,1.28,1.1327,189,1.25,1.1061,30,1.3,1.1504,1,1.265,1.1194,1775,0
SPY190805P292,2019-08-02,2019-08-02 09:42:33,1.28,1.1327,95,1.27,1.1238,6,1.3,1.1504,1,1.275,1.1283,1775,0
SPY190805P292,2019-08-02,2019-08-02 09:42:33,1.29,1.1415,105,1.26,1.115,18,1.3,1.1504,1,1.275,1.1283,1775,0
SPY190805P292,2019-08-02,2019-08-02 09:42:34,1.29,1.1415,98,1.26,1.115,113,1.3,1.1504,1,1.275,1.1283,1775,0
SPY190805P292,2019-08-02,2019-08-02 09:42:35,1.28,1.1327,6,1.26,1.115,18,1.3,1.1504,1,1.27,1.1238,1775,0
SPY190805P292,2019-08-02,2019-08-02 09:42:35,1.28,1.1327,6,1.26,1.115,6,1.3,1.1504,1,1.27,1.1238,1775,0
SPY190805P292,2019-08-02,2019-08-02 09:42:36,1.28,1.1327,29,1.26,1.115,21,1.3,1.1504,1,1.27,1.1238,1775,0
SPY190805P292,2019-08-02,2019-08-02 09:42:36,1.28,1.1327,20,1.27,1.1238,6,1.3,1.1504,1,1.275,1.1283,1775,0
SPY190805P292,2019-08-02,2019-08-02 09:42:37,1.28,1.1327,22,1.24,1.0973,35,1.3,1.1504,1,1.26,1.115,1775,0
SPY190805P292,2019-08-02,2019-08-02 09:42:38,1.26,1.115,52,1.24,1.0973,6,1.3,1.1504,1,1.25,1.1061,1775,0
SPY190805P292,2019-08-02,2019-08-02 09:42:38,1.26,1.115,17,1.24,1.0973,6,1.3,1.1504,1,1.25,1.1061,1775,0
SPY190805P292,2019-08-02,2019-08-02 09:42:39,1.27,1.1238,187,1.24,1.0973,28,1.3,1.1504,1,1.255,1.1106,1775,0
SPY190805P292,2019-08-02,2019-08-02 09:42:39,1.28,1.1327,88,1.22,1.0796,36,1.3,1.1504,1,1.25,1.1061,1775,0
SPY190805P292,2019-08-02,2019-08-02 09:42:40,1.25,1.1061,174,1.21,1.0707,31,1.3,1.1504,1,1.23,1.0884,1775,0
SPY190805P292,2019-08-02,2019-08-02 09:42:41,1.26,1.115,229,1.22,1.0796,36,1.3,1.1504,1,1.24,1.0973,1775,0
SPY190805P292,2019-08-02,2019-08-02 09:42:41,1.26,1.115,248,1.22,1.0796,31,1.3,1.1504,1,1.24,1.0973,1775,0
SPY190805P292,2019-08-02,2019-08-02 09:42:42,1.25,1.1061,17,1.23,1.0884,28,1.3,1.1504,1,1.24,1.0973,1775,0
SPY190805P292,2019-08-02,2019-08-02 09:42:43,1.26,1.115,55,1.23,1.0884,76,1.3,1.1504,1,1.245,1.1017,1775,0
SPY190805P292,2019-08-02,2019-08-02 09:42:43,1.26,1.115,55,1.23,1.0884,38,1.3,1.1504,1,1.245,1.1017,1775,0
SPY190805P292,2019-08-02,2019-08-02 09:42:44,1.25,1.1061,60,1.2,1.0619,134,1.3,1.1504,1,1.225,1.084,1775,0
SPY190805P292,2019-08-02,2019-08-02 09:42:45,1.24,1.0973,6,1.21,1.0707,114,1.3,1.1504,1,1.225,1.084,1775,0
SPY190805P292,2019-08-02,2019-08-02 09:42:45,1.24,1.0973,6,1.21,1.0707,89,1.3,1.1504,1,1.225,1.084,1775,0
SPY190805P292,2019-08-02,2019-08-02 09:42:46,1.24,1.0973,6,1.22,1.0796,24,1.3,1.1504,1,1.23,1.0884,1775,0
SPY190805P292,2019-08-02,2019-08-02 09:42:47,1.26,1.115,6,1.23,1.0884,64,1.3,1.1504,1,1.245,1.1017,1775,0
SPY190805P292,2019-08-02,2019-08-02 09:42:47,1.26,1.115,117,1.23,1.0884,24,1.3,1.1504,1,1.245,1.1017,1775,0
SPY190805P292,2019-08-02,2019-08-02 09:42:48,1.26,1.115,6,1.24,1.0973,26,1.3,1.1504,1,1.25,1.1061,1775,0
SPY190805P292,2019-08-02,2019-08-02 09:42:49,1.3,1.1504,10,1.27,1.1238,16,1.3,1.1504,1,1.285,1.1371,1775,0
SPY190805P292,2019-08-02,2019-08-02 09:42:49,1.28,1.1327,6,1.26,1.115,24,1.3,1.1504,1,1.27,1.1238,1775,0
SPY190805P292,2019-08-02,2019-08-02 09:42:50,1.3,1.1504,10,1.28,1.1327,16,1.3,1.1504,1,1.29,1.1415,1775,0
SPY190805P292,2019-08-02,2019-08-02 09:42:51,1.3,1.1504,10,1.29,1.1415,25,1.3,1.1504,1,1.295,1.146,1775,0
SPY190805P292,2019-08-02,2019-08-02 09:42:52,1.3,1.1504,10,1.28,1.1327,149,1.3,1.1504,1,1.29,1.1415,1775,0
SPY190805P292,2019-08-02,2019-08-02 09:42:53,1.3,1.1504,10,1.28,1.1327,149,1.3,1.1504,1,1.29,1.1415,1775,0
SPY190805P292,2019-08-02,2019-08-02 09:42:53,1.35,1.1946,60,1.3,1.1504,40,1.3,1.1504,10,1.325,1.1725,1785,10
SPY190805P292,2019-08-02,2019-08-02 09:42:54,1.32,1.1681,6,1.3,1.1504,26,1.3,1.1504,10,1.31,1.1592,1785,0
SPY190805P292,2019-08-02,2019-08-02 09:42:55,1.32,1.1681,5,1.28,1.1327,29,1.3,1.1504,10,1.3,1.1504,1785,0
SPY190805P292,2019-08-02,2019-08-02 09:42:56,1.31,1.1592,6,1.28,1.1327,29,1.3,1.1504,10,1.295,1.146,1785,0
SPY190805P292,2019-08-02,2019-08-02 09:42:56,1.3,1.1504,6,1.28,1.1327,66,1.3,1.1504,10,1.29,1.1415,1785,0
SPY190805P292,2019-08-02,2019-08-02 09:42:57,1.33,1.1769,22,1.29,1.1415,29,1.3,1.1504,10,1.31,1.1592,1785,0
SPY190805P292,2019-08-02,2019-08-02 09:42:58,1.32,1.1681,21,1.3,1.1504,21,1.3,1.1504,10,1.31,1.1592,1785,0
SPY190805P292,2019-08-02,2019-08-02 09:42:59,1.3,1.1504,90,1.27,1.1238,136,1.3,1.1504,10,1.285,1.1371,1785,0
SPY190805P292,2019-08-02,2019-08-02 09:43:00,1.31,1.1592,192,1.28,1.1327,28,1.3,1.1504,10,1.295,1.146,1785,0
SPY190805P292,2019-08-02,2019-08-02 09:43:00,1.3,1.1504,99,1.26,1.115,253,1.3,1.1504,10,1.28,1.1327,1785,0
SPY190805P292,2019-08-02,2019-08-02 09:43:01,1.3,1.1504,71,1.28,1.1327,38,1.3,1.1504,10,1.29,1.1415,1785,0
SPY190805P292,2019-08-02,2019-08-02 09:43:02,1.3,1.1504,55,1.28,1.1327,28,1.3,1.1504,10,1.29,1.1415,1785,0
SPY190805P292,2019-08-02,2019-08-02 09:43:03,1.28,1.1327,143,1.25,1.1061,7,1.3,1.1504,10,1.265,1.1194,1785,0
SPY190805P292,2019-08-02,2019-08-02 09:43:03,1.28,1.1327,17,1.25,1.1061,36,1.3,1.1504,10,1.265,1.1194,1785,0
SPY190805P292,2019-08-02,2019-08-02 09:43:04,1.28,1.1327,193,1.26,1.115,30,1.3,1.1504,10,1.27,1.1238,1785,0
SPY190805P292,2019-08-02,2019-08-02 09:43:05,1.29,1.1415,22,1.26,1.115,25,1.3,1.1504,10,1.275,1.1283,1785,0
SPY190805P292,2019-08-02,2019-08-02 09:43:05,1.29,1.1415,143,1.27,1.1238,6,1.3,1.1504,10,1.28,1.1327,1785,0
SPY190805P292,2019-08-02,2019-08-02 09:43:06,1.28,1.1327,5,1.25,1.1061,90,1.3,1.1504,10,1.265,1.1194,1785,0
SPY190805P292,2019-08-02,2019-08-02 09:43:07,1.28,1.1327,92,1.25,1.1061,140,1.3,1.1504,10,1.265,1.1194,1785,0
SPY190805P292,2019-08-02,2019-08-02 09:43:07,1.3,1.1504,96,1.26,1.115,205,1.3,1.1504,10,1.28,1.1327,1785,0
SPY190805P292,2019-08-02,2019-08-02 09:43:08,1.29,1.1415,127,1.26,1.115,30,1.3,1.1504,10,1.275,1.1283,1785,0
SPY190805P292,2019-08-02,2019-08-02 09:43:09,1.28,1.1327,117,1.25,1.1061,40,1.3,1.1504,10,1.265,1.1194,1785,0
SPY190805P292,2019-08-02,2019-08-02 09:43:10,1.27,1.1238,117,1.23,1.0884,5,1.3,1.1504,10,1.25,1.1061,1785,0
SPY190805P292,2019-08-02,2019-08-02 09:43:10,1.27,1.1238,17,1.25,1.1061,6,1.3,1.1504,10,1.26,1.115,1785,0
SPY190805P292,2019-08-02,2019-08-02 09:43:11,1.26,1.115,6,1.23,1.0884,146,1.3,1.1504,10,1.245,1.1017,1785,0
SPY190805P292,2019-08-02,2019-08-02 09:43:11,1.26,1.115,188,1.22,1.0796,182,1.3,1.1504,10,1.24,1.0973,1785,0
SPY190805P292,2019-08-02,2019-08-02 09:43:12,1.25,1.1061,113,1.22,1.0796,129,1.3,1.1504,10,1.235,1.0929,1785,0
SPY190805P292,2019-08-02,2019-08-02 09:43:13,1.25,1.1061,163,1.22,1.0796,70,1.3,1.1504,10,1.235,1.0929,1785,0
SPY190805P292,2019-08-02,2019-08-02 09:43:14,1.27,1.1238,64,1.23,1.0884,6,1.3,1.1504,10,1.25,1.1061,1785,0
SPY190805P292,2019-08-02,2019-08-02 09:43:14,1.27,1.1238,20,1.24,1.0973,33,1.3,1.1504,10,1.255,1.1106,1785,0
SPY190805P292,2019-08-02,2019-08-02 09:43:15,1.27,1.1238,6,1.25,1.1061,6,1.3,1.1504,10,1.26,1.115,1785,0
SPY190805P292,2019-08-02,2019-08-02 09:43:16,1.25,1.1061,6,1.23,1.0884,6,1.3,1.1504,10,1.24,1.0973,1785,0
SPY190805P292,2019-08-02,2019-08-02 09:43:16,1.26,1.115,6,1.24,1.0973,35,1.3,1.1504,10,1.25,1.1061,1785,0
SPY190805P292,2019-08-02,2019-08-02 09:43:17,1.26,1.115,291,1.23,1.0884,36,1.3,1.1504,10,1.245,1.1017,1785,0
SPY190805P292,2019-08-02,2019-08-02 09:43:18,1.27,1.1238,94,1.25,1.1061,6,1.3,1.1504,10,1.26,1.115,1785,0
SPY190805P292,2019-08-02,2019-08-02 09:43:19,1.27,1.1238,117,1.24,1.0973,62,1.3,1.1504,10,1.255,1.1106,1785,0
SPY190805P292,2019-08-02,2019-08-02 09:43:19,1.26,1.115,88,1.24,1.0973,6,1.3,1.1504,10,1.25,1.1061,1785,0
SPY190805P292,2019-08-02,2019-08-02 09:43:20,1.25,1.1061,57,1.22,1.0796,198,1.3,1.1504,10,1.235,1.0929,1785,0
SPY190805P292,2019-08-02,2019-08-02 09:43:20,1.26,1.115,104,1.24,1.0973,6,1.3,1.1504,10,1.25,1.1061,1785,0
SPY190805P292,2019-08-02,2019-08-02 09:43:21,1.25,1.1061,17,1.23,1.0884,30,1.3,1.1504,10,1.24,1.0973,1785,0
SPY190805P292,2019-08-02,2019-08-02 09:43:21,1.25,1.1061,17,1.23,1.0884,6,1.3,1.1504,10,1.24,1.0973,1785,0
SPY190805P292,2019-08-02,2019-08-02 09:43:22,1.24,1.0973,112,1.22,1.0796,80,1.3,1.1504,10,1.23,1.0884,1785,0
SPY190805P292,2019-08-02,2019-08-02 09:43:23,1.23,1.0884,17,1.21,1.0707,187,1.3,1.1504,10,1.22,1.0796,1785,0
SPY190805P292,2019-08-02,2019-08-02 09:43:23,1.22,1.0796,6,1.2,1.0619,33,1.3,1.1504,10,1.21,1.0707,1785,0
SPY190805P292,2019-08-02,2019-08-02 09:43:24,1.23,1.0884,265,1.2,1.0619,65,1.3,1.1504,10,1.215,1.0752,1785,0
SPY190805P292,2019-08-02,2019-08-02 09:43:24,1.22,1.0796,17,1.2,1.0619,33,1.3,1.1504,10,1.21,1.0707,1785,0
SPY190805P292,2019-08-02,2019-08-02 09:43:25,1.23,1.0884,139,1.21,1.0707,6,1.3,1.1504,10,1.22,1.0796,1785,0
SPY190805P292,2019-08-02,2019-08-02 09:43:26,1.23,1.0884,57,1.21,1.0707,33,1.3,1.1504,10,1.22,1.0796,1785,0
SPY190805P292,2019-08-02,2019-08-02 09:43:26,1.25,1.1061,67,1.19,1.053,21,1.3,1.1504,10,1.22,1.0796,1785,0
SPY190805P292,2019-08-02,2019-08-02 09:43:27,1.23,1.0884,100,1.21,1.0707,6,1.3,1.1504,10,1.22,1.0796,1785,0
SPY190805P292,2019-08-02,2019-08-02 09:43:28,1.23,1.0884,100,1.21,1.0707,6,1.3,1.1504,10,1.22,1.0796,1785,0
SPY190805P292,2019-08-02,2019-08-02 09:43:28,1.24,1.0973,138,1.22,1.0796,6,1.3,1.1504,10,1.23,1.0884,1785,0
SPY190805P292,2019-08-02,2019-08-02 09:43:29,1.24,1.0973,138,1.22,1.0796,6,1.3,1.1504,10,1.23,1.0884,1785,0
SPY190805P292,2019-08-02,2019-08-02 09:43:30,1.25,1.1061,6,1.23,1.0884,85,1.3,1.1504,10,1.24,1.0973,1785,0
SPY190805P292,2019-08-02,2019-08-02 09:43:30,1.25,1.1061,71,1.23,1.0884,6,1.3,1.1504,10,1.24,1.0973,1785,0
SPY190805P292,2019-08-02,2019-08-02 09:43:31,1.25,1.1061,43,1.22,1.0796,260,1.3,1.1504,10,1.235,1.0929,1785,0
SPY190805P292,2019-08-02,2019-08-02 09:43:32,1.25,1.1061,117,1.23,1.0884,30,1.3,1.1504,10,1.24,1.0973,1785,0
SPY190805P292,2019-08-02,2019-08-02 09:43:32,1.24,1.0973,17,1.22,1.0796,130,1.3,1.1504,10,1.23,1.0884,1785,0
SPY190805P292,2019-08-02,2019-08-02 09:43:33,1.25,1.1061,6,1.24,1.0973,63,1.3,1.1504,10,1.245,1.1017,1785,0
SPY190805P292,2019-08-02,2019-08-02 09:43:33,1.25,1.1061,6,1.23,1.0884,56,1.3,1.1504,10,1.24,1.0973,1785,0
SPY190805P292,2019-08-02,2019-08-02 09:43:34,1.27,1.1238,366,1.25,1.1061,26,1.3,1.1504,10,1.26,1.115,1785,0
SPY190805P292,2019-08-02,2019-08-02 09:43:35,1.27,1.1238,17,1.25,1.1061,77,1.3,1.1504,10,1.26,1.115,1785,0
SPY190805P292,2019-08-02,2019-08-02 09:43:35,1.27,1.1238,17,1.25,1.1061,30,1.3,1.1504,10,1.26,1.115,1785,0
SPY190805P292,2019-08-02,2019-08-02 09:43:36,1.27,1.1238,17,1.25,1.1061,67,1.3,1.1504,10,1.26,1.115,1785,0
SPY190805P292,2019-08-02,2019-08-02 09:43:36,1.27,1.1238,6,1.25,1.1061,67,1.3,1.1504,10,1.26,1.115,1785,0
SPY190805P292,2019-08-02,2019-08-02 09:43:37,1.27,1.1238,17,1.25,1.1061,77,1.3,1.1504,10,1.26,1.115,1785,0
SPY190805P292,2019-08-02,2019-08-02 09:43:38,1.26,1.115,17,1.24,1.0973,87,1.3,1.1504,10,1.25,1.1061,1785,0
SPY190805P292,2019-08-02,2019-08-02 09:43:39,1.29,1.1415,309,1.25,1.1061,158,1.3,1.1504,10,1.27,1.1238,1785,0
SPY190805P292,2019-08-02,2019-08-02 09:43:39,1.27,1.1238,6,1.26,1.115,105,1.3,1.1504,10,1.265,1.1194,1785,0
SPY190805P292,2019-08-02,2019-08-02 09:43:40,1.29,1.1415,6,1.27,1.1238,30,1.3,1.1504,10,1.28,1.1327,1785,0
SPY190805P292,2019-08-02,2019-08-02 09:43:40,1.27,1.1238,6,1.26,1.115,29,1.3,1.1504,10,1.265,1.1194,1785,0
SPY190805P292,2019-08-02,2019-08-02 09:43:41,1.31,1.1592,193,1.28,1.1327,18,1.3,1.1504,10,1.295,1.146,1785,0
SPY190805P292,2019-08-02,2019-08-02 09:43:42,1.31,1.1592,6,1.29,1.1415,18,1.3,1.1504,10,1.3,1.1504,1785,0
SPY190805P292,2019-08-02,2019-08-02 09:43:43,1.29,1.1415,6,1.27,1.1238,80,1.3,1.1504,10,1.28,1.1327,1785,0
SPY190805P292,2019-08-02,2019-08-02 09:43:44,1.28,1.1327,17,1.26,1.115,28,1.3,1.1504,10,1.27,1.1238,1785,0
SPY190805P292,2019-08-02,2019-08-02 09:43:45,1.28,1.1327,17,1.26,1.115,28,1.3,1.1504,10,1.27,1.1238,1785,0
SPY190805P292,2019-08-02,2019-08-02 09:43:46,1.27,1.1238,6,1.25,1.1061,95,1.3,1.1504,10,1.26,1.115,1785,0
SPY190805P292,2019-08-02,2019-08-02 09:43:47,1.27,1.1238,16,1.25,1.1061,85,1.27,1.1238,1,1.26,1.115,1786,1
SPY190805P292,2019-08-02,2019-08-02 09:43:47,1.29,1.1415,251,1.26,1.115,71,1.27,1.1238,1,1.275,1.1283,1786,0
SPY190805P292,2019-08-02,2019-08-02 09:43:48,1.28,1.1327,6,1.26,1.115,122,1.29,1.1415,6,1.27,1.1238,1792,6
SPY190805P292,2019-08-02,2019-08-02 09:43:48,1.28,1.1327,17,1.26,1.115,63,1.29,1.1415,6,1.27,1.1238,1792,0
SPY190805P292,2019-08-02,2019-08-02 09:43:49,1.28,1.1327,17,1.26,1.115,63,1.29,1.1415,6,1.27,1.1238,1792,0
SPY190805P292,2019-08-02,2019-08-02 09:43:50,1.28,1.1327,90,1.26,1.115,23,1.29,1.1415,6,1.27,1.1238,1792,0
SPY190805P292,2019-08-02,2019-08-02 09:43:50,1.28,1.1327,6,1.26,1.115,20,1.29,1.1415,6,1.27,1.1238,1792,0
SPY190805P292,2019-08-02,2019-08-02 09:43:51,1.28,1.1327,17,1.26,1.115,100,1.29,1.1415,6,1.27,1.1238,1792,0
SPY190805P292,2019-08-02,2019-08-02 09:43:52,1.28,1.1327,218,1.26,1.115,25,1.29,1.1415,6,1.27,1.1238,1792,0
SPY190805P292,2019-08-02,2019-08-02 09:43:52,1.27,1.1238,17,1.25,1.1061,23,1.29,1.1415,6,1.26,1.115,1792,0
SPY190805P292,2019-08-02,2019-08-02 09:43:53,1.29,1.1415,307,1.26,1.115,7,1.28,1.1327,10,1.275,1.1283,1802,10
SPY190805P292,2019-08-02,2019-08-02 09:43:54,1.29,1.1415,194,1.26,1.115,75,1.28,1.1327,10,1.275,1.1283,1802,0
SPY190805P292,2019-08-02,2019-08-02 09:43:54,1.28,1.1327,17,1.26,1.115,75,1.28,1.1327,10,1.27,1.1238,1802,0
SPY190805P292,2019-08-02,2019-08-02 09:43:55,1.28,1.1327,174,1.26,1.115,5,1.28,1.1327,10,1.27,1.1238,1802,0
SPY190805P292,2019-08-02,2019-08-02 09:43:56,1.28,1.1327,174,1.26,1.115,5,1.28,1.1327,10,1.27,1.1238,1802,0
SPY190805P292,2019-08-02,2019-08-02 09:43:56,1.29,1.1415,105,1.27,1.1238,6,1.28,1.1327,10,1.28,1.1327,1802,0
SPY190805P292,2019-08-02,2019-08-02 09:43:58,1.3,1.1504,206,1.28,1.1327,5,1.28,1.1327,10,1.29,1.1415,1802,0
SPY190805P292,2019-08-02,2019-08-02 09:43:59,1.31,1.1592,17,1.3,1.1504,18,1.28,1.1327,10,1.305,1.1548,1802,0
SPY190805P292,2019-08-02,2019-08-02 09:44:00,1.32,1.1681,17,1.31,1.1592,5,1.28,1.1327,10,1.315,1.1637,1802,0
SPY190805P292,2019-08-02,2019-08-02 09:44:00,1.33,1.1769,97,1.31,1.1592,5,1.28,1.1327,10,1.32,1.1681,1802,0
SPY190805P292,2019-08-02,2019-08-02 09:44:01,1.32,1.1681,82,1.3,1.1504,6,1.28,1.1327,10,1.31,1.1592,1802,0
SPY190805P292,2019-08-02,2019-08-02 09:44:02,1.32,1.1681,88,1.3,1.1504,6,1.28,1.1327,10,1.31,1.1592,1802,0
SPY190805P292,2019-08-02,2019-08-02 09:44:02,1.31,1.1592,17,1.3,1.1504,6,1.28,1.1327,10,1.305,1.1548,1802,0
SPY190805P292,2019-08-02,2019-08-02 09:44:03,1.31,1.1592,17,1.29,1.1415,6,1.28,1.1327,10,1.3,1.1504,1802,0
SPY190805P292,2019-08-02,2019-08-02 09:44:04,1.31,1.1592,17,1.3,1.1504,6,1.28,1.1327,10,1.305,1.1548,1802,0
SPY190805P292,2019-08-02,2019-08-02 09:44:04,1.31,1.1592,1,1.29,1.1415,67,1.31,1.1592,8,1.3,1.1504,1827,25
SPY190805P292,2019-08-02,2019-08-02 09:44:05,1.31,1.1592,314,1.28,1.1327,91,1.31,1.1592,8,1.295,1.146,1827,0
SPY190805P292,2019-08-02,2019-08-02 09:44:06,1.3,1.1504,156,1.28,1.1327,16,1.31,1.1592,8,1.29,1.1415,1827,0
SPY190805P292,2019-08-02,2019-08-02 09:44:06,1.28,1.1327,5,1.26,1.115,55,1.31,1.1592,8,1.27,1.1238,1827,0
SPY190805P292,2019-08-02,2019-08-02 09:44:07,1.29,1.1415,254,1.26,1.115,55,1.31,1.1592,8,1.275,1.1283,1827,0
SPY190805P292,2019-08-02,2019-08-02 09:44:07,1.29,1.1415,77,1.26,1.115,55,1.31,1.1592,8,1.275,1.1283,1827,0
SPY190805P292,2019-08-02,2019-08-02 09:44:08,1.3,1.1504,189,1.28,1.1327,75,1.31,1.1592,8,1.29,1.1415,1827,0
SPY190805P292,2019-08-02,2019-08-02 09:44:09,1.29,1.1415,14,1.27,1.1238,32,1.31,1.1592,8,1.28,1.1327,1827,0
SPY190805P292,2019-08-02,2019-08-02 09:44:10,1.29,1.1415,5,1.27,1.1238,32,1.31,1.1592,8,1.28,1.1327,1827,0
SPY190805P292,2019-08-02,2019-08-02 09:44:11,1.3,1.1504,9,1.28,1.1327,18,1.31,1.1592,8,1.29,1.1415,1827,0
SPY190805P292,2019-08-02,2019-08-02 09:44:11,1.3,1.1504,174,1.28,1.1327,18,1.31,1.1592,8,1.29,1.1415,1827,0
SPY190805P292,2019-08-02,2019-08-02 09:44:12,1.3,1.1504,174,1.28,1.1327,56,1.31,1.1592,8,1.29,1.1415,1827,0
SPY190805P292,2019-08-02,2019-08-02 09:44:13,1.3,1.1504,174,1.28,1.1327,56,1.31,1.1592,8,1.29,1.1415,1827,0
SPY190805P292,2019-08-02,2019-08-02 09:44:13,1.31,1.1592,174,1.29,1.1415,88,1.31,1.1592,8,1.3,1.1504,1827,0
SPY190805P292,2019-08-02,2019-08-02 09:44:14,1.29,1.1415,14,1.28,1.1327,6,1.31,1.1592,8,1.285,1.1371,1827,0
SPY190805P292,2019-08-02,2019-08-02 09:44:15,1.29,1.1415,14,1.27,1.1238,128,1.31,1.1592,8,1.28,1.1327,1827,0
SPY190805P292,2019-08-02,2019-08-02 09:44:15,1.3,1.1504,213,1.27,1.1238,128,1.31,1.1592,8,1.285,1.1371,1827,0
SPY190805P292,2019-08-02,2019-08-02 09:44:16,1.29,1.1415,5,1.27,1.1238,28,1.31,1.1592,8,1.28,1.1327,1827,0
SPY190805P292,2019-08-02,2019-08-02 09:44:16,1.3,1.1504,213,1.27,1.1238,128,1.31,1.1592,8,1.285,1.1371,1827,0
SPY190805P292,2019-08-02,2019-08-02 09:44:17,1.3,1.1504,213,1.28,1.1327,6,1.31,1.1592,8,1.29,1.1415,1827,0
SPY190805P292,2019-08-02,2019-08-02 09:44:18,1.29,1.1415,11,1.27,1.1238,92,1.31,1.1592,8,1.28,1.1327,1827,0
SPY190805P292,2019-08-02,2019-08-02 09:44:18,1.3,1.1504,62,1.27,1.1238,6,1.31,1.1592,8,1.285,1.1371,1827,0
SPY190805P292,2019-08-02,2019-08-02 09:44:19,1.31,1.1592,302,1.28,1.1327,88,1.31,1.1592,8,1.295,1.146,1827,0
SPY190805P292,2019-08-02,2019-08-02 09:44:20,1.3,1.1504,6,1.28,1.1327,36,1.31,1.1592,8,1.29,1.1415,1827,0
SPY190805P292,2019-08-02,2019-08-02 09:44:20,1.31,1.1592,302,1.28,1.1327,88,1.31,1.1592,8,1.295,1.146,1827,0
SPY190805P292,2019-08-02,2019-08-02 09:44:21,1.31,1.1592,339,1.27,1.1238,6,1.31,1.1592,8,1.29,1.1415,1827,0
SPY190805P292,2019-08-02,2019-08-02 09:44:22,1.31,1.1592,16,1.28,1.1327,156,1.31,1.1592,8,1.295,1.146,1827,0
SPY190805P292,2019-08-02,2019-08-02 09:44:22,1.31,1.1592,10,1.29,1.1415,6,1.31,1.1592,8,1.3,1.1504,1827,0
SPY190805P292,2019-08-02,2019-08-02 09:44:23,1.31,1.1592,174,1.29,1.1415,33,1.31,1.1592,8,1.3,1.1504,1827,0
SPY190805P292,2019-08-02,2019-08-02 09:44:23,1.3,1.1504,6,1.28,1.1327,128,1.31,1.1592,8,1.29,1.1415,1827,0
SPY190805P292,2019-08-02,2019-08-02 09:44:24,1.31,1.1592,25,1.29,1.1415,33,1.31,1.1592,8,1.3,1.1504,1827,0
SPY190805P292,2019-08-02,2019-08-02 09:44:25,1.31,1.1592,49,1.29,1.1415,6,1.31,1.1592,8,1.3,1.1504,1827,0
SPY190805P292,2019-08-02,2019-08-02 09:44:25,1.31,1.1592,49,1.29,1.1415,30,1.31,1.1592,8,1.3,1.1504,1827,0
SPY190805P292,2019-08-02,2019-08-02 09:44:26,1.31,1.1592,11,1.29,1.1415,71,1.31,1.1592,8,1.3,1.1504,1827,0
SPY190805P292,2019-08-02,2019-08-02 09:44:27,1.31,1.1592,11,1.29,1.1415,71,1.31,1.1592,8,1.3,1.1504,1827,0
SPY190805P292,2019-08-02,2019-08-02 09:44:27,1.31,1.1592,6,1.29,1.1415,30,1.31,1.1592,8,1.3,1.1504,1827,0
SPY190805P292,2019-08-02,2019-08-02 09:44:28,1.3,1.1504,16,1.29,1.1415,89,1.31,1.1592,8,1.295,1.146,1827,0
SPY190805P292,2019-08-02,2019-08-02 09:44:28,1.3,1.1504,6,1.28,1.1327,113,1.31,1.1592,8,1.29,1.1415,1827,0
SPY190805P292,2019-08-02,2019-08-02 09:44:29,1.3,1.1504,11,1.28,1.1327,144,1.31,1.1592,8,1.29,1.1415,1827,0
SPY190805P292,2019-08-02,2019-08-02 09:44:30,1.31,1.1592,174,1.29,1.1415,111,1.31,1.1592,8,1.3,1.1504,1827,0
SPY190805P292,2019-08-02,2019-08-02 09:44:30,1.32,1.1681,56,1.3,1.1504,19,1.31,1.1592,8,1.31,1.1592,1827,0
SPY190805P292,2019-08-02,2019-08-02 09:44:31,1.33,1.1769,177,1.28,1.1327,75,1.31,1.1592,8,1.305,1.1548,1827,0
SPY190805P292,2019-08-02,2019-08-02 09:44:32,1.34,1.1858,82,1.31,1.1592,69,1.31,1.1592,8,1.325,1.1725,1827,0
SPY190805P292,2019-08-02,2019-08-02 09:44:32,1.33,1.1769,100,1.31,1.1592,130,1.31,1.1592,8,1.32,1.1681,1827,0
SPY190805P292,2019-08-02,2019-08-02 09:44:33,1.34,1.1858,94,1.33,1.1769,64,1.31,1.1592,8,1.335,1.1814,1827,0
SPY190805P292,2019-08-02,2019-08-02 09:44:34,1.34,1.1858,82,1.33,1.1769,30,1.31,1.1592,8,1.335,1.1814,1827,0
SPY190805P292,2019-08-02,2019-08-02 09:44:34,1.34,1.1858,82,1.33,1.1769,68,1.31,1.1592,8,1.335,1.1814,1827,0
SPY190805P292,2019-08-02,2019-08-02 09:44:35,1.35,1.1946,6,1.33,1.1769,154,1.31,1.1592,8,1.34,1.1858,1827,0
SPY190805P292,2019-08-02,2019-08-02 09:44:35,1.34,1.1858,82,1.32,1.1681,156,1.31,1.1592,8,1.33,1.1769,1827,0
SPY190805P292,2019-08-02,2019-08-02 09:44:36,1.35,1.1946,174,1.33,1.1769,141,1.31,1.1592,8,1.34,1.1858,1827,0
SPY190805P292,2019-08-02,2019-08-02 09:44:37,1.35,1.1946,174,1.33,1.1769,141,1.31,1.1592,8,1.34,1.1858,1827,0
SPY190805P292,2019-08-02,2019-08-02 09:44:38,1.37,1.2123,260,1.33,1.1769,15,1.31,1.1592,8,1.35,1.1946,1827,0
SPY190805P292,2019-08-02,2019-08-02 09:44:38,1.34,1.1858,6,1.33,1.1769,80,1.31,1.1592,8,1.335,1.1814,1827,0
SPY190805P292,2019-08-02,2019-08-02 09:44:40,1.35,1.1946,174,1.33,1.1769,86,1.31,1.1592,8,1.34,1.1858,1827,0
SPY190805P292,2019-08-02,2019-08-02 09:44:40,1.35,1.1946,92,1.33,1.1769,71,1.31,1.1592,8,1.34,1.1858,1827,0
SPY190805P292,2019-08-02,2019-08-02 09:44:41,1.33,1.1769,174,1.32,1.1681,6,1.31,1.1592,8,1.325,1.1725,1827,0
SPY190805P292,2019-08-02,2019-08-02 09:44:42,1.33,1.1769,174,1.31,1.1592,124,1.31,1.1592,8,1.32,1.1681,1827,0
SPY190805P292,2019-08-02,2019-08-02 09:44:42,1.33,1.1769,174,1.31,1.1592,6,1.31,1.1592,8,1.32,1.1681,1827,0
SPY190805P292,2019-08-02,2019-08-02 09:44:43,1.32,1.1681,229,1.3,1.1504,5,1.31,1.1592,8,1.31,1.1592,1827,0
SPY190805P292,2019-08-02,2019-08-02 09:44:43,1.31,1.1592,174,1.3,1.1504,6,1.31,1.1592,8,1.305,1.1548,1827,0
SPY190805P292,2019-08-02,2019-08-02 09:44:44,1.31,1.1592,174,1.3,1.1504,6,1.31,1.1592,8,1.305,1.1548,1827,0
SPY190805P292,2019-08-02,2019-08-02 09:44:45,1.31,1.1592,174,1.3,1.1504,6,1.31,1.1592,8,1.305,1.1548,1827,0
SPY190805P292,2019-08-02,2019-08-02 09:44:45,1.31,1.1592,174,1.29,1.1415,156,1.31,1.1592,8,1.3,1.1504,1827,0
SPY190805P292,2019-08-02,2019-08-02 09:44:46,1.31,1.1592,174,1.3,1.1504,6,1.31,1.1592,8,1.305,1.1548,1827,0
SPY190805P292,2019-08-02,2019-08-02 09:44:47,1.31,1.1592,225,1.29,1.1415,34,1.31,1.1592,8,1.3,1.1504,1827,0
SPY190805P292,2019-08-02,2019-08-02 09:44:48,1.31,1.1592,143,1.3,1.1504,6,1.31,1.1592,8,1.305,1.1548,1827,0
SPY190805P292,2019-08-02,2019-08-02 09:44:49,1.32,1.1681,82,1.3,1.1504,34,1.31,1.1592,8,1.31,1.1592,1827,0
SPY190805P292,2019-08-02,2019-08-02 09:44:50,1.33,1.1769,224,1.31,1.1592,114,1.31,1.1592,8,1.32,1.1681,1827,0
SPY190805P292,2019-08-02,2019-08-02 09:44:50,1.33,1.1769,104,1.31,1.1592,6,1.31,1.1592,8,1.32,1.1681,1827,0
SPY190805P292,2019-08-02,2019-08-02 09:44:51,1.34,1.1858,105,1.33,1.1769,61,1.31,1.1592,8,1.335,1.1814,1827,0
SPY190805P292,2019-08-02,2019-08-02 09:44:52,1.34,1.1858,174,1.33,1.1769,45,1.31,1.1592,8,1.335,1.1814,1827,0
SPY190805P292,2019-08-02,2019-08-02 09:44:52,1.34,1.1858,174,1.33,1.1769,52,1.31,1.1592,8,1.335,1.1814,1827,0
SPY190805P292,2019-08-02,2019-08-02 09:44:53,1.34,1.1858,105,1.29,1.1415,75,1.31,1.1592,8,1.315,1.1637,1827,0
SPY190805P292,2019-08-02,2019-08-02 09:44:54,1.31,1.1592,183,1.29,1.1415,153,1.31,1.1592,8,1.3,1.1504,1827,0
SPY190805P292,2019-08-02,2019-08-02 09:44:55,1.31,1.1592,90,1.3,1.1504,6,1.31,1.1592,8,1.305,1.1548,1827,0
SPY190805P292,2019-08-02,2019-08-02 09:44:56,1.32,1.1681,136,1.3,1.1504,59,1.31,1.1592,8,1.31,1.1592,1827,0
SPY190805P292,2019-08-02,2019-08-02 09:44:57,1.33,1.1769,113,1.32,1.1681,21,1.31,1.1592,8,1.325,1.1725,1827,0
SPY190805P292,2019-08-02,2019-08-02 09:44:57,1.34,1.1858,209,1.31,1.1592,30,1.31,1.1592,8,1.325,1.1725,1827,0
