symbol,Date,quote_time,ask_price,norm_ask_price,ask_size,bid_price,norm_bid_price,bid_size,last_trade_price,norm_last_trade_price,last_trade_size,mark_price,norm_mark_price,volume,Volume
IWM191011C151,2019-10-07,2019-10-07 09:30:00,0.79,1.0,313,0.76,0.962,380,0.0,0.0,1548,0.775,0.981,922,922
IWM191011C151,2019-10-07,2019-10-07 09:30:01,0.63,0.7974,19,0.55,0.6962,19,0.0,0.0,1548,0.59,0.7468,0,-922
IWM191011C151,2019-10-07,2019-10-07 09:30:02,0.63,0.7974,19,0.55,0.6962,19,0.0,0.0,1548,0.59,0.7468,0,0
IWM191011C151,2019-10-07,2019-10-07 09:30:03,0.63,0.7974,19,0.55,0.6962,33,0.0,0.0,1548,0.59,0.7468,0,0
IWM191011C151,2019-10-07,2019-10-07 09:30:04,0.63,0.7974,19,0.55,0.6962,33,0.57,0.7215,1,0.59,0.7468,1,1
IWM191011C151,2019-10-07,2019-10-07 09:30:05,0.66,0.8354,370,0.55,0.6962,33,0.57,0.7215,1,0.605,0.7658,1,0
IWM191011C151,2019-10-07,2019-10-07 09:30:05,0.65,0.8227,75,0.55,0.6962,33,0.57,0.7215,1,0.6,0.7594,1,0
IWM191011C151,2019-10-07,2019-10-07 09:30:06,0.66,0.8354,28,0.55,0.6962,33,0.57,0.7215,1,0.605,0.7658,1,0
IWM191011C151,2019-10-07,2019-10-07 09:30:06,0.66,0.8354,250,0.55,0.6962,33,0.57,0.7215,1,0.605,0.7658,1,0
IWM191011C151,2019-10-07,2019-10-07 09:30:07,0.68,0.8607,430,0.55,0.6962,33,0.57,0.7215,1,0.615,0.7784,1,0
IWM191011C151,2019-10-07,2019-10-07 09:30:08,0.68,0.8607,430,0.57,0.7215,28,0.66,0.8354,1,0.625,0.7911,2,0
IWM191011C151,2019-10-07,2019-10-07 09:30:08,0.68,0.8607,430,0.57,0.7215,28,0.66,0.8354,1,0.625,0.7911,2,1
IWM191011C151,2019-10-07,2019-10-07 09:30:09,0.66,0.8354,10,0.56,0.7088,386,0.66,0.8354,1,0.61,0.7721,2,0
IWM191011C151,2019-10-07,2019-10-07 09:30:09,0.65,0.8227,10,0.57,0.7215,28,0.66,0.8354,1,0.61,0.7721,2,0
IWM191011C151,2019-10-07,2019-10-07 09:30:10,0.65,0.8227,10,0.57,0.7215,281,0.66,0.8354,1,0.61,0.7721,2,0
IWM191011C151,2019-10-07,2019-10-07 09:30:10,0.66,0.8354,10,0.56,0.7088,386,0.66,0.8354,1,0.61,0.7721,2,0
IWM191011C151,2019-10-07,2019-10-07 09:30:11,0.68,0.8607,13,0.57,0.7215,281,0.66,0.8354,1,0.625,0.7911,2,0
IWM191011C151,2019-10-07,2019-10-07 09:30:11,0.66,0.8354,10,0.57,0.7215,281,0.66,0.8354,1,0.615,0.7784,2,0
IWM191011C151,2019-10-07,2019-10-07 09:30:12,0.69,0.8734,10,0.58,0.7341,249,0.66,0.8354,1,0.635,0.8037,2,0
IWM191011C151,2019-10-07,2019-10-07 09:30:12,0.68,0.8607,13,0.57,0.7215,291,0.66,0.8354,1,0.625,0.7911,2,0
IWM191011C151,2019-10-07,2019-10-07 09:30:13,0.69,0.8734,10,0.58,0.7341,249,0.66,0.8354,1,0.635,0.8037,2,0
IWM191011C151,2019-10-07,2019-10-07 09:30:14,0.68,0.8607,28,0.6,0.7594,146,0.66,0.8354,1,0.64,0.8101,2,0
IWM191011C151,2019-10-07,2019-10-07 09:30:14,0.68,0.8607,28,0.6,0.7594,95,0.66,0.8354,1,0.64,0.8101,2,0
IWM191011C151,2019-10-07,2019-10-07 09:30:15,0.68,0.8607,28,0.6,0.7594,167,0.66,0.8354,1,0.64,0.8101,2,0
IWM191011C151,2019-10-07,2019-10-07 09:30:15,0.68,0.8607,28,0.6,0.7594,172,0.66,0.8354,1,0.64,0.8101,2,0
IWM191011C151,2019-10-07,2019-10-07 09:30:16,0.66,0.8354,90,0.6,0.7594,225,0.66,0.8354,1,0.63,0.7974,2,0
IWM191011C151,2019-10-07,2019-10-07 09:30:16,0.66,0.8354,90,0.6,0.7594,172,0.66,0.8354,1,0.63,0.7974,2,0
IWM191011C151,2019-10-07,2019-10-07 09:30:17,0.64,0.8101,251,0.58,0.7341,132,0.66,0.8354,1,0.61,0.7721,2,0
IWM191011C151,2019-10-07,2019-10-07 09:30:17,0.66,0.8354,90,0.6,0.7594,126,0.66,0.8354,1,0.63,0.7974,2,0
IWM191011C151,2019-10-07,2019-10-07 09:30:18,0.62,0.7848,176,0.56,0.7088,195,0.66,0.8354,1,0.59,0.7468,2,0
IWM191011C151,2019-10-07,2019-10-07 09:30:18,0.62,0.7848,350,0.56,0.7088,267,0.66,0.8354,1,0.59,0.7468,2,0
IWM191011C151,2019-10-07,2019-10-07 09:30:19,0.63,0.7974,172,0.57,0.7215,296,0.66,0.8354,1,0.6,0.7594,2,0
IWM191011C151,2019-10-07,2019-10-07 09:30:19,0.63,0.7974,85,0.58,0.7341,309,0.66,0.8354,1,0.605,0.7658,2,0
IWM191011C151,2019-10-07,2019-10-07 09:30:20,0.63,0.7974,85,0.58,0.7341,309,0.66,0.8354,1,0.605,0.7658,2,0
IWM191011C151,2019-10-07,2019-10-07 09:30:20,0.63,0.7974,247,0.58,0.7341,497,0.66,0.8354,1,0.605,0.7658,2,0
IWM191011C151,2019-10-07,2019-10-07 09:30:21,0.63,0.7974,220,0.58,0.7341,369,0.66,0.8354,1,0.605,0.7658,2,0
IWM191011C151,2019-10-07,2019-10-07 09:30:21,0.63,0.7974,247,0.58,0.7341,526,0.66,0.8354,1,0.605,0.7658,2,0
IWM191011C151,2019-10-07,2019-10-07 09:30:22,0.64,0.8101,108,0.58,0.7341,475,0.66,0.8354,1,0.61,0.7721,2,0
IWM191011C151,2019-10-07,2019-10-07 09:30:22,0.64,0.8101,440,0.58,0.7341,527,0.66,0.8354,1,0.61,0.7721,2,0
IWM191011C151,2019-10-07,2019-10-07 09:30:23,0.64,0.8101,233,0.6,0.7594,16,0.66,0.8354,1,0.62,0.7848,2,0
IWM191011C151,2019-10-07,2019-10-07 09:30:23,0.64,0.8101,435,0.6,0.7594,16,0.66,0.8354,1,0.62,0.7848,2,0
IWM191011C151,2019-10-07,2019-10-07 09:30:24,0.64,0.8101,425,0.58,0.7341,519,0.66,0.8354,1,0.61,0.7721,2,0
IWM191011C151,2019-10-07,2019-10-07 09:30:24,0.65,0.8227,152,0.59,0.7468,46,0.66,0.8354,1,0.62,0.7848,2,0
IWM191011C151,2019-10-07,2019-10-07 09:30:25,0.64,0.8101,1,0.6,0.7594,16,0.66,0.8354,1,0.62,0.7848,2,0
IWM191011C151,2019-10-07,2019-10-07 09:30:25,0.65,0.8227,118,0.6,0.7594,16,0.66,0.8354,1,0.625,0.7911,2,0
IWM191011C151,2019-10-07,2019-10-07 09:30:26,0.65,0.8227,118,0.6,0.7594,83,0.66,0.8354,1,0.625,0.7911,2,0
IWM191011C151,2019-10-07,2019-10-07 09:30:27,0.66,0.8354,302,0.6,0.7594,288,0.66,0.8354,1,0.63,0.7974,2,0
IWM191011C151,2019-10-07,2019-10-07 09:30:27,0.65,0.8227,1,0.6,0.7594,327,0.66,0.8354,1,0.625,0.7911,2,0
IWM191011C151,2019-10-07,2019-10-07 09:30:28,0.66,0.8354,302,0.6,0.7594,459,0.66,0.8354,1,0.63,0.7974,2,0
IWM191011C151,2019-10-07,2019-10-07 09:30:28,0.65,0.8227,76,0.6,0.7594,459,0.66,0.8354,1,0.625,0.7911,2,0
IWM191011C151,2019-10-07,2019-10-07 09:30:29,0.64,0.8101,1,0.61,0.7721,20,0.66,0.8354,1,0.625,0.7911,2,0
IWM191011C151,2019-10-07,2019-10-07 09:30:29,0.65,0.8227,76,0.6,0.7594,113,0.66,0.8354,1,0.625,0.7911,2,0
IWM191011C151,2019-10-07,2019-10-07 09:30:30,0.65,0.8227,170,0.61,0.7721,20,0.66,0.8354,1,0.63,0.7974,2,0
IWM191011C151,2019-10-07,2019-10-07 09:30:30,0.65,0.8227,243,0.62,0.7848,20,0.66,0.8354,1,0.635,0.8037,2,0
IWM191011C151,2019-10-07,2019-10-07 09:30:31,0.63,0.7974,159,0.61,0.7721,20,0.66,0.8354,1,0.62,0.7848,2,0
IWM191011C151,2019-10-07,2019-10-07 09:30:31,0.65,0.8227,439,0.62,0.7848,20,0.66,0.8354,1,0.635,0.8037,2,0
IWM191011C151,2019-10-07,2019-10-07 09:30:32,0.63,0.7974,161,0.61,0.7721,20,0.66,0.8354,1,0.62,0.7848,2,0
IWM191011C151,2019-10-07,2019-10-07 09:30:32,0.63,0.7974,251,0.61,0.7721,26,0.66,0.8354,1,0.62,0.7848,2,0
IWM191011C151,2019-10-07,2019-10-07 09:30:33,0.63,0.7974,159,0.61,0.7721,56,0.66,0.8354,1,0.62,0.7848,2,0
IWM191011C151,2019-10-07,2019-10-07 09:30:33,0.63,0.7974,405,0.61,0.7721,20,0.66,0.8354,1,0.62,0.7848,2,0
IWM191011C151,2019-10-07,2019-10-07 09:30:34,0.65,0.8227,325,0.62,0.7848,1,0.66,0.8354,1,0.635,0.8037,2,0
IWM191011C151,2019-10-07,2019-10-07 09:30:34,0.63,0.7974,159,0.61,0.7721,20,0.66,0.8354,1,0.62,0.7848,2,0
IWM191011C151,2019-10-07,2019-10-07 09:30:35,0.64,0.8101,128,0.62,0.7848,158,0.66,0.8354,1,0.63,0.7974,2,0
IWM191011C151,2019-10-07,2019-10-07 09:30:35,0.64,0.8101,8,0.63,0.7974,20,0.66,0.8354,1,0.635,0.8037,2,0
IWM191011C151,2019-10-07,2019-10-07 09:30:36,0.64,0.8101,10,0.63,0.7974,29,0.66,0.8354,1,0.635,0.8037,2,0
IWM191011C151,2019-10-07,2019-10-07 09:30:37,0.64,0.8101,10,0.63,0.7974,29,0.66,0.8354,1,0.635,0.8037,2,0
IWM191011C151,2019-10-07,2019-10-07 09:30:37,0.64,0.8101,10,0.63,0.7974,20,0.66,0.8354,1,0.635,0.8037,2,0
IWM191011C151,2019-10-07,2019-10-07 09:30:38,0.64,0.8101,10,0.63,0.7974,26,0.66,0.8354,1,0.635,0.8037,2,0
IWM191011C151,2019-10-07,2019-10-07 09:30:39,0.64,0.8101,5,0.63,0.7974,28,0.66,0.8354,1,0.635,0.8037,2,0
IWM191011C151,2019-10-07,2019-10-07 09:30:39,0.64,0.8101,112,0.62,0.7848,8,0.66,0.8354,1,0.63,0.7974,2,0
IWM191011C151,2019-10-07,2019-10-07 09:30:40,0.65,0.8227,243,0.63,0.7974,28,0.66,0.8354,1,0.64,0.8101,2,0
IWM191011C151,2019-10-07,2019-10-07 09:30:40,0.65,0.8227,218,0.63,0.7974,28,0.66,0.8354,1,0.64,0.8101,2,0
IWM191011C151,2019-10-07,2019-10-07 09:30:41,0.65,0.8227,313,0.63,0.7974,28,0.66,0.8354,1,0.64,0.8101,2,0
IWM191011C151,2019-10-07,2019-10-07 09:30:41,0.65,0.8227,37,0.63,0.7974,28,0.66,0.8354,1,0.64,0.8101,2,0
IWM191011C151,2019-10-07,2019-10-07 09:30:42,0.64,0.8101,128,0.63,0.7974,28,0.66,0.8354,1,0.635,0.8037,2,0
IWM191011C151,2019-10-07,2019-10-07 09:30:43,0.64,0.8101,381,0.62,0.7848,27,0.66,0.8354,1,0.63,0.7974,2,0
IWM191011C151,2019-10-07,2019-10-07 09:30:43,0.64,0.8101,330,0.62,0.7848,27,0.66,0.8354,1,0.63,0.7974,2,0
IWM191011C151,2019-10-07,2019-10-07 09:30:44,0.64,0.8101,431,0.62,0.7848,27,0.66,0.8354,1,0.63,0.7974,2,0
IWM191011C151,2019-10-07,2019-10-07 09:30:45,0.64,0.8101,481,0.62,0.7848,24,0.66,0.8354,1,0.63,0.7974,2,0
IWM191011C151,2019-10-07,2019-10-07 09:30:45,0.64,0.8101,481,0.62,0.7848,27,0.66,0.8354,1,0.63,0.7974,2,0
IWM191011C151,2019-10-07,2019-10-07 09:30:46,0.64,0.8101,352,0.62,0.7848,24,0.66,0.8354,1,0.63,0.7974,2,0
IWM191011C151,2019-10-07,2019-10-07 09:30:46,0.64,0.8101,352,0.62,0.7848,27,0.66,0.8354,1,0.63,0.7974,2,0
IWM191011C151,2019-10-07,2019-10-07 09:30:47,0.64,0.8101,562,0.62,0.7848,29,0.66,0.8354,1,0.63,0.7974,2,0
IWM191011C151,2019-10-07,2019-10-07 09:30:47,0.64,0.8101,468,0.62,0.7848,29,0.66,0.8354,1,0.63,0.7974,2,0
IWM191011C151,2019-10-07,2019-10-07 09:30:48,0.64,0.8101,728,0.62,0.7848,29,0.66,0.8354,1,0.63,0.7974,2,0
IWM191011C151,2019-10-07,2019-10-07 09:30:48,0.64,0.8101,699,0.62,0.7848,29,0.66,0.8354,1,0.63,0.7974,2,0
IWM191011C151,2019-10-07,2019-10-07 09:30:49,0.64,0.8101,699,0.62,0.7848,29,0.66,0.8354,1,0.63,0.7974,2,0
IWM191011C151,2019-10-07,2019-10-07 09:30:50,0.64,0.8101,646,0.62,0.7848,32,0.66,0.8354,1,0.63,0.7974,2,0
IWM191011C151,2019-10-07,2019-10-07 09:30:51,0.64,0.8101,728,0.62,0.7848,49,0.66,0.8354,1,0.63,0.7974,2,0
IWM191011C151,2019-10-07,2019-10-07 09:30:51,0.64,0.8101,128,0.62,0.7848,279,0.66,0.8354,1,0.63,0.7974,2,0
IWM191011C151,2019-10-07,2019-10-07 09:30:52,0.65,0.8227,626,0.63,0.7974,28,0.66,0.8354,1,0.64,0.8101,2,0
IWM191011C151,2019-10-07,2019-10-07 09:30:52,0.65,0.8227,636,0.62,0.7848,279,0.66,0.8354,1,0.635,0.8037,2,0
IWM191011C151,2019-10-07,2019-10-07 09:30:53,0.65,0.8227,533,0.63,0.7974,28,0.66,0.8354,1,0.64,0.8101,2,0
IWM191011C151,2019-10-07,2019-10-07 09:30:53,0.64,0.8101,128,0.63,0.7974,28,0.66,0.8354,1,0.635,0.8037,2,0
IWM191011C151,2019-10-07,2019-10-07 09:30:54,0.64,0.8101,561,0.62,0.7848,27,0.66,0.8354,1,0.63,0.7974,2,0
IWM191011C151,2019-10-07,2019-10-07 09:30:54,0.64,0.8101,191,0.63,0.7974,28,0.66,0.8354,1,0.635,0.8037,2,0
IWM191011C151,2019-10-07,2019-10-07 09:30:55,0.63,0.7974,142,0.62,0.7848,20,0.66,0.8354,1,0.625,0.7911,2,0
IWM191011C151,2019-10-07,2019-10-07 09:30:55,0.63,0.7974,575,0.62,0.7848,20,0.66,0.8354,1,0.625,0.7911,2,0
IWM191011C151,2019-10-07,2019-10-07 09:30:56,0.63,0.7974,626,0.61,0.7721,24,0.66,0.8354,1,0.62,0.7848,2,0
IWM191011C151,2019-10-07,2019-10-07 09:30:57,0.63,0.7974,626,0.61,0.7721,24,0.66,0.8354,1,0.62,0.7848,2,0
IWM191011C151,2019-10-07,2019-10-07 09:30:57,0.63,0.7974,626,0.61,0.7721,28,0.66,0.8354,1,0.62,0.7848,2,0
IWM191011C151,2019-10-07,2019-10-07 09:30:58,0.63,0.7974,626,0.61,0.7721,28,0.66,0.8354,1,0.62,0.7848,2,0
IWM191011C151,2019-10-07,2019-10-07 09:30:59,0.63,0.7974,574,0.6,0.7594,291,0.66,0.8354,1,0.615,0.7784,2,0
IWM191011C151,2019-10-07,2019-10-07 09:30:59,0.63,0.7974,537,0.62,0.7848,20,0.66,0.8354,1,0.625,0.7911,2,0
IWM191011C151,2019-10-07,2019-10-07 09:31:00,0.63,0.7974,537,0.62,0.7848,20,0.66,0.8354,1,0.625,0.7911,2,0
IWM191011C151,2019-10-07,2019-10-07 09:31:00,0.62,0.7848,397,0.6,0.7594,41,0.66,0.8354,1,0.61,0.7721,2,0
IWM191011C151,2019-10-07,2019-10-07 09:31:01,0.61,0.7721,128,0.59,0.7468,187,0.66,0.8354,1,0.6,0.7594,2,0
IWM191011C151,2019-10-07,2019-10-07 09:31:01,0.61,0.7721,202,0.6,0.7594,22,0.66,0.8354,1,0.605,0.7658,2,0
IWM191011C151,2019-10-07,2019-10-07 09:31:02,0.61,0.7721,202,0.6,0.7594,20,0.66,0.8354,1,0.605,0.7658,2,0
IWM191011C151,2019-10-07,2019-10-07 09:31:02,0.61,0.7721,189,0.6,0.7594,28,0.66,0.8354,1,0.605,0.7658,2,0
IWM191011C151,2019-10-07,2019-10-07 09:31:03,0.61,0.7721,499,0.6,0.7594,28,0.66,0.8354,1,0.605,0.7658,2,0
IWM191011C151,2019-10-07,2019-10-07 09:31:03,0.61,0.7721,334,0.6,0.7594,28,0.66,0.8354,1,0.605,0.7658,2,0
IWM191011C151,2019-10-07,2019-10-07 09:31:04,0.62,0.7848,199,0.6,0.7594,42,0.66,0.8354,1,0.61,0.7721,2,0
IWM191011C151,2019-10-07,2019-10-07 09:31:04,0.61,0.7721,499,0.6,0.7594,28,0.66,0.8354,1,0.605,0.7658,2,0
IWM191011C151,2019-10-07,2019-10-07 09:31:05,0.63,0.7974,527,0.61,0.7721,20,0.66,0.8354,1,0.62,0.7848,2,0
IWM191011C151,2019-10-07,2019-10-07 09:31:05,0.63,0.7974,356,0.6,0.7594,378,0.66,0.8354,1,0.615,0.7784,2,0
IWM191011C151,2019-10-07,2019-10-07 09:31:06,0.64,0.8101,893,0.61,0.7721,97,0.66,0.8354,1,0.625,0.7911,2,0
IWM191011C151,2019-10-07,2019-10-07 09:31:06,0.63,0.7974,75,0.61,0.7721,97,0.66,0.8354,1,0.62,0.7848,2,0
IWM191011C151,2019-10-07,2019-10-07 09:31:07,0.63,0.7974,220,0.62,0.7848,29,0.66,0.8354,1,0.625,0.7911,2,0
IWM191011C151,2019-10-07,2019-10-07 09:31:07,0.63,0.7974,220,0.61,0.7721,20,0.66,0.8354,1,0.62,0.7848,2,0
IWM191011C151,2019-10-07,2019-10-07 09:31:08,0.64,0.8101,529,0.62,0.7848,22,0.66,0.8354,1,0.63,0.7974,2,0
IWM191011C151,2019-10-07,2019-10-07 09:31:08,0.63,0.7974,220,0.61,0.7721,68,0.66,0.8354,1,0.62,0.7848,2,0
IWM191011C151,2019-10-07,2019-10-07 09:31:09,0.64,0.8101,529,0.62,0.7848,32,0.66,0.8354,1,0.63,0.7974,2,0
IWM191011C151,2019-10-07,2019-10-07 09:31:09,0.64,0.8101,529,0.62,0.7848,17,0.66,0.8354,1,0.63,0.7974,2,0
IWM191011C151,2019-10-07,2019-10-07 09:31:10,0.64,0.8101,474,0.62,0.7848,32,0.66,0.8354,1,0.63,0.7974,2,0
IWM191011C151,2019-10-07,2019-10-07 09:31:10,0.64,0.8101,729,0.62,0.7848,32,0.66,0.8354,1,0.63,0.7974,2,0
IWM191011C151,2019-10-07,2019-10-07 09:31:11,0.63,0.7974,346,0.61,0.7721,20,0.66,0.8354,1,0.62,0.7848,2,0
IWM191011C151,2019-10-07,2019-10-07 09:31:11,0.64,0.8101,729,0.62,0.7848,32,0.66,0.8354,1,0.63,0.7974,2,0
IWM191011C151,2019-10-07,2019-10-07 09:31:12,0.62,0.7848,1,0.6,0.7594,109,0.66,0.8354,1,0.61,0.7721,2,0
IWM191011C151,2019-10-07,2019-10-07 09:31:12,0.62,0.7848,10,0.61,0.7721,20,0.66,0.8354,1,0.615,0.7784,2,0
IWM191011C151,2019-10-07,2019-10-07 09:31:13,0.62,0.7848,30,0.61,0.7721,31,0.66,0.8354,1,0.615,0.7784,2,0
IWM191011C151,2019-10-07,2019-10-07 09:31:13,0.62,0.7848,20,0.61,0.7721,31,0.66,0.8354,1,0.615,0.7784,2,0
IWM191011C151,2019-10-07,2019-10-07 09:31:14,0.62,0.7848,20,0.61,0.7721,31,0.66,0.8354,1,0.615,0.7784,2,0
IWM191011C151,2019-10-07,2019-10-07 09:31:14,0.63,0.7974,717,0.61,0.7721,28,0.66,0.8354,1,0.62,0.7848,2,0
IWM191011C151,2019-10-07,2019-10-07 09:31:15,0.63,0.7974,855,0.6,0.7594,31,0.66,0.8354,1,0.615,0.7784,2,0
IWM191011C151,2019-10-07,2019-10-07 09:31:15,0.62,0.7848,296,0.6,0.7594,32,0.66,0.8354,1,0.61,0.7721,2,0
IWM191011C151,2019-10-07,2019-10-07 09:31:16,0.62,0.7848,795,0.59,0.7468,26,0.66,0.8354,1,0.605,0.7658,2,0
IWM191011C151,2019-10-07,2019-10-07 09:31:17,0.62,0.7848,618,0.6,0.7594,30,0.66,0.8354,1,0.61,0.7721,2,0
IWM191011C151,2019-10-07,2019-10-07 09:31:17,0.62,0.7848,900,0.6,0.7594,30,0.66,0.8354,1,0.61,0.7721,2,0
IWM191011C151,2019-10-07,2019-10-07 09:31:18,0.62,0.7848,780,0.6,0.7594,31,0.66,0.8354,1,0.61,0.7721,2,0
IWM191011C151,2019-10-07,2019-10-07 09:31:18,0.62,0.7848,869,0.6,0.7594,31,0.66,0.8354,1,0.61,0.7721,2,0
IWM191011C151,2019-10-07,2019-10-07 09:31:19,0.62,0.7848,280,0.6,0.7594,31,0.66,0.8354,1,0.61,0.7721,2,0
IWM191011C151,2019-10-07,2019-10-07 09:31:19,0.62,0.7848,332,0.6,0.7594,31,0.66,0.8354,1,0.61,0.7721,2,0
IWM191011C151,2019-10-07,2019-10-07 09:31:20,0.62,0.7848,350,0.6,0.7594,31,0.66,0.8354,1,0.61,0.7721,2,0
IWM191011C151,2019-10-07,2019-10-07 09:31:20,0.62,0.7848,275,0.6,0.7594,31,0.66,0.8354,1,0.61,0.7721,2,0
IWM191011C151,2019-10-07,2019-10-07 09:31:21,0.62,0.7848,302,0.6,0.7594,31,0.66,0.8354,1,0.61,0.7721,2,0
IWM191011C151,2019-10-07,2019-10-07 09:31:21,0.62,0.7848,658,0.6,0.7594,31,0.66,0.8354,1,0.61,0.7721,2,0
IWM191011C151,2019-10-07,2019-10-07 09:31:22,0.62,0.7848,693,0.6,0.7594,31,0.66,0.8354,1,0.61,0.7721,2,0
IWM191011C151,2019-10-07,2019-10-07 09:31:22,0.62,0.7848,629,0.6,0.7594,31,0.66,0.8354,1,0.61,0.7721,2,0
IWM191011C151,2019-10-07,2019-10-07 09:31:23,0.61,0.7721,196,0.59,0.7468,30,0.66,0.8354,1,0.6,0.7594,2,0
IWM191011C151,2019-10-07,2019-10-07 09:31:23,0.61,0.7721,196,0.6,0.7594,10,0.66,0.8354,1,0.605,0.7658,2,0
IWM191011C151,2019-10-07,2019-10-07 09:31:24,0.61,0.7721,196,0.59,0.7468,30,0.66,0.8354,1,0.6,0.7594,2,0
IWM191011C151,2019-10-07,2019-10-07 09:31:24,0.61,0.7721,206,0.59,0.7468,29,0.66,0.8354,1,0.6,0.7594,2,0
IWM191011C151,2019-10-07,2019-10-07 09:31:25,0.61,0.7721,221,0.59,0.7468,29,0.66,0.8354,1,0.6,0.7594,2,0
IWM191011C151,2019-10-07,2019-10-07 09:31:25,0.61,0.7721,138,0.59,0.7468,32,0.66,0.8354,1,0.6,0.7594,2,0
IWM191011C151,2019-10-07,2019-10-07 09:31:26,0.61,0.7721,212,0.6,0.7594,20,0.66,0.8354,1,0.605,0.7658,2,0
IWM191011C151,2019-10-07,2019-10-07 09:31:26,0.61,0.7721,190,0.6,0.7594,20,0.66,0.8354,1,0.605,0.7658,2,0
IWM191011C151,2019-10-07,2019-10-07 09:31:27,0.62,0.7848,138,0.61,0.7721,20,0.66,0.8354,1,0.615,0.7784,2,0
IWM191011C151,2019-10-07,2019-10-07 09:31:27,0.62,0.7848,148,0.61,0.7721,20,0.66,0.8354,1,0.615,0.7784,2,0
IWM191011C151,2019-10-07,2019-10-07 09:31:28,0.63,0.7974,818,0.61,0.7721,22,0.66,0.8354,1,0.62,0.7848,2,0
IWM191011C151,2019-10-07,2019-10-07 09:31:28,0.63,0.7974,813,0.61,0.7721,22,0.66,0.8354,1,0.62,0.7848,2,0
IWM191011C151,2019-10-07,2019-10-07 09:31:29,0.63,0.7974,813,0.61,0.7721,29,0.66,0.8354,1,0.62,0.7848,2,0
IWM191011C151,2019-10-07,2019-10-07 09:31:30,0.63,0.7974,703,0.61,0.7721,29,0.66,0.8354,1,0.62,0.7848,2,0
IWM191011C151,2019-10-07,2019-10-07 09:31:30,0.63,0.7974,813,0.61,0.7721,29,0.66,0.8354,1,0.62,0.7848,2,0
IWM191011C151,2019-10-07,2019-10-07 09:31:31,0.63,0.7974,703,0.61,0.7721,29,0.66,0.8354,1,0.62,0.7848,2,0
IWM191011C151,2019-10-07,2019-10-07 09:31:32,0.63,0.7974,703,0.61,0.7721,29,0.66,0.8354,1,0.62,0.7848,2,0
IWM191011C151,2019-10-07,2019-10-07 09:31:33,0.63,0.7974,821,0.61,0.7721,29,0.66,0.8354,1,0.62,0.7848,2,0
IWM191011C151,2019-10-07,2019-10-07 09:31:33,0.63,0.7974,703,0.61,0.7721,29,0.66,0.8354,1,0.62,0.7848,2,0
IWM191011C151,2019-10-07,2019-10-07 09:31:34,0.62,0.7848,165,0.6,0.7594,2,0.66,0.8354,1,0.61,0.7721,2,0
IWM191011C151,2019-10-07,2019-10-07 09:31:35,0.61,0.7721,215,0.59,0.7468,28,0.66,0.8354,1,0.6,0.7594,2,0
IWM191011C151,2019-10-07,2019-10-07 09:31:35,0.62,0.7848,846,0.59,0.7468,27,0.66,0.8354,1,0.605,0.7658,2,0
IWM191011C151,2019-10-07,2019-10-07 09:31:36,0.61,0.7721,215,0.59,0.7468,28,0.66,0.8354,1,0.6,0.7594,2,0
IWM191011C151,2019-10-07,2019-10-07 09:31:36,0.61,0.7721,229,0.59,0.7468,28,0.66,0.8354,1,0.6,0.7594,2,0
IWM191011C151,2019-10-07,2019-10-07 09:31:37,0.62,0.7848,630,0.6,0.7594,11,0.66,0.8354,1,0.61,0.7721,2,0
IWM191011C151,2019-10-07,2019-10-07 09:31:37,0.61,0.7721,205,0.6,0.7594,20,0.66,0.8354,1,0.605,0.7658,2,0
IWM191011C151,2019-10-07,2019-10-07 09:31:38,0.62,0.7848,283,0.6,0.7594,143,0.66,0.8354,1,0.61,0.7721,2,0
IWM191011C151,2019-10-07,2019-10-07 09:31:38,0.62,0.7848,30,0.6,0.7594,143,0.66,0.8354,1,0.61,0.7721,2,0
IWM191011C151,2019-10-07,2019-10-07 09:31:39,0.63,0.7974,888,0.6,0.7594,143,0.66,0.8354,1,0.615,0.7784,2,0
IWM191011C151,2019-10-07,2019-10-07 09:31:39,0.63,0.7974,888,0.61,0.7721,22,0.66,0.8354,1,0.62,0.7848,2,0
IWM191011C151,2019-10-07,2019-10-07 09:31:40,0.63,0.7974,1150,0.61,0.7721,29,0.66,0.8354,1,0.62,0.7848,2,0
IWM191011C151,2019-10-07,2019-10-07 09:31:41,0.63,0.7974,274,0.61,0.7721,28,0.66,0.8354,1,0.62,0.7848,2,0
IWM191011C151,2019-10-07,2019-10-07 09:31:41,0.63,0.7974,83,0.61,0.7721,193,0.66,0.8354,1,0.62,0.7848,2,0
IWM191011C151,2019-10-07,2019-10-07 09:31:42,0.64,0.8101,373,0.61,0.7721,239,0.62,0.7848,16,0.625,0.7911,421,0
IWM191011C151,2019-10-07,2019-10-07 09:31:42,0.64,0.8101,373,0.61,0.7721,305,0.62,0.7848,16,0.625,0.7911,421,419
IWM191011C151,2019-10-07,2019-10-07 09:31:43,0.64,0.8101,373,0.61,0.7721,229,0.62,0.7848,16,0.625,0.7911,421,0
IWM191011C151,2019-10-07,2019-10-07 09:31:43,0.64,0.8101,373,0.61,0.7721,318,0.62,0.7848,16,0.625,0.7911,421,0
IWM191011C151,2019-10-07,2019-10-07 09:31:44,0.64,0.8101,373,0.61,0.7721,318,0.62,0.7848,70,0.625,0.7911,491,70
IWM191011C151,2019-10-07,2019-10-07 09:31:44,0.64,0.8101,373,0.61,0.7721,260,0.62,0.7848,70,0.625,0.7911,491,0
IWM191011C151,2019-10-07,2019-10-07 09:31:45,0.62,0.7848,84,0.61,0.7721,300,0.62,0.7848,70,0.615,0.7784,491,0
IWM191011C151,2019-10-07,2019-10-07 09:31:45,0.62,0.7848,14,0.61,0.7721,220,0.62,0.7848,70,0.615,0.7784,561,70
IWM191011C151,2019-10-07,2019-10-07 09:31:46,0.62,0.7848,83,0.6,0.7594,375,0.62,0.7848,70,0.61,0.7721,561,0
IWM191011C151,2019-10-07,2019-10-07 09:31:46,0.62,0.7848,14,0.6,0.7594,384,0.62,0.7848,70,0.61,0.7721,561,0
IWM191011C151,2019-10-07,2019-10-07 09:31:47,0.63,0.7974,148,0.61,0.7721,111,0.62,0.7848,70,0.62,0.7848,561,0
IWM191011C151,2019-10-07,2019-10-07 09:31:47,0.63,0.7974,524,0.6,0.7594,214,0.62,0.7848,70,0.615,0.7784,561,0
IWM191011C151,2019-10-07,2019-10-07 09:31:48,0.63,0.7974,595,0.6,0.7594,410,0.62,0.7848,70,0.615,0.7784,561,0
IWM191011C151,2019-10-07,2019-10-07 09:31:48,0.63,0.7974,594,0.6,0.7594,410,0.62,0.7848,70,0.615,0.7784,561,0
IWM191011C151,2019-10-07,2019-10-07 09:31:49,0.62,0.7848,20,0.6,0.7594,410,0.62,0.7848,70,0.61,0.7721,561,0
IWM191011C151,2019-10-07,2019-10-07 09:31:49,0.62,0.7848,20,0.6,0.7594,344,0.62,0.7848,70,0.61,0.7721,561,0
IWM191011C151,2019-10-07,2019-10-07 09:31:50,0.62,0.7848,101,0.6,0.7594,259,0.62,0.7848,70,0.61,0.7721,561,0
IWM191011C151,2019-10-07,2019-10-07 09:31:50,0.62,0.7848,101,0.6,0.7594,328,0.62,0.7848,70,0.61,0.7721,561,0
IWM191011C151,2019-10-07,2019-10-07 09:31:51,0.62,0.7848,242,0.6,0.7594,310,0.62,0.7848,70,0.61,0.7721,561,0
IWM191011C151,2019-10-07,2019-10-07 09:31:51,0.62,0.7848,321,0.6,0.7594,190,0.62,0.7848,70,0.61,0.7721,561,0
IWM191011C151,2019-10-07,2019-10-07 09:31:52,0.61,0.7721,101,0.59,0.7468,133,0.62,0.7848,70,0.6,0.7594,561,0
IWM191011C151,2019-10-07,2019-10-07 09:31:52,0.61,0.7721,101,0.59,0.7468,136,0.62,0.7848,70,0.6,0.7594,561,0
IWM191011C151,2019-10-07,2019-10-07 09:31:53,0.61,0.7721,101,0.59,0.7468,141,0.62,0.7848,70,0.6,0.7594,561,0
IWM191011C151,2019-10-07,2019-10-07 09:31:54,0.61,0.7721,111,0.59,0.7468,141,0.62,0.7848,70,0.6,0.7594,561,0
IWM191011C151,2019-10-07,2019-10-07 09:31:54,0.61,0.7721,122,0.59,0.7468,268,0.62,0.7848,70,0.6,0.7594,561,0
IWM191011C151,2019-10-07,2019-10-07 09:31:55,0.61,0.7721,193,0.59,0.7468,96,0.62,0.7848,70,0.6,0.7594,561,0
IWM191011C151,2019-10-07,2019-10-07 09:31:55,0.61,0.7721,193,0.59,0.7468,202,0.62,0.7848,70,0.6,0.7594,561,0
IWM191011C151,2019-10-07,2019-10-07 09:31:56,0.61,0.7721,218,0.59,0.7468,192,0.62,0.7848,70,0.6,0.7594,561,0
IWM191011C151,2019-10-07,2019-10-07 09:31:56,0.61,0.7721,81,0.59,0.7468,272,0.62,0.7848,70,0.6,0.7594,561,0
IWM191011C151,2019-10-07,2019-10-07 09:31:57,0.61,0.7721,81,0.59,0.7468,394,0.62,0.7848,70,0.6,0.7594,561,0
IWM191011C151,2019-10-07,2019-10-07 09:31:57,0.61,0.7721,81,0.59,0.7468,373,0.62,0.7848,70,0.6,0.7594,561,0
IWM191011C151,2019-10-07,2019-10-07 09:31:58,0.61,0.7721,81,0.59,0.7468,394,0.62,0.7848,70,0.6,0.7594,561,0
IWM191011C151,2019-10-07,2019-10-07 09:31:59,0.61,0.7721,81,0.59,0.7468,347,0.62,0.7848,70,0.6,0.7594,561,0
IWM191011C151,2019-10-07,2019-10-07 09:31:59,0.61,0.7721,81,0.59,0.7468,360,0.62,0.7848,70,0.6,0.7594,561,0
IWM191011C151,2019-10-07,2019-10-07 09:32:00,0.61,0.7721,81,0.59,0.7468,318,0.62,0.7848,70,0.6,0.7594,561,0
IWM191011C151,2019-10-07,2019-10-07 09:32:00,0.61,0.7721,101,0.59,0.7468,316,0.62,0.7848,70,0.6,0.7594,561,0
IWM191011C151,2019-10-07,2019-10-07 09:32:01,0.61,0.7721,146,0.59,0.7468,150,0.62,0.7848,70,0.6,0.7594,561,0
IWM191011C151,2019-10-07,2019-10-07 09:32:01,0.61,0.7721,652,0.59,0.7468,42,0.62,0.7848,70,0.6,0.7594,561,0
IWM191011C151,2019-10-07,2019-10-07 09:32:02,0.59,0.7468,103,0.57,0.7215,143,0.62,0.7848,70,0.58,0.7341,561,0
IWM191011C151,2019-10-07,2019-10-07 09:32:02,0.59,0.7468,103,0.57,0.7215,364,0.62,0.7848,70,0.58,0.7341,561,0
IWM191011C151,2019-10-07,2019-10-07 09:32:03,0.59,0.7468,103,0.57,0.7215,364,0.62,0.7848,70,0.58,0.7341,561,0
IWM191011C151,2019-10-07,2019-10-07 09:32:03,0.59,0.7468,114,0.57,0.7215,364,0.62,0.7848,70,0.58,0.7341,561,0
IWM191011C151,2019-10-07,2019-10-07 09:32:04,0.59,0.7468,114,0.57,0.7215,324,0.62,0.7848,70,0.58,0.7341,561,0
IWM191011C151,2019-10-07,2019-10-07 09:32:04,0.59,0.7468,83,0.57,0.7215,382,0.62,0.7848,70,0.58,0.7341,561,0
IWM191011C151,2019-10-07,2019-10-07 09:32:05,0.6,0.7594,392,0.58,0.7341,76,0.62,0.7848,70,0.59,0.7468,561,0
IWM191011C151,2019-10-07,2019-10-07 09:32:05,0.59,0.7468,83,0.58,0.7341,233,0.62,0.7848,70,0.585,0.7405,561,0
IWM191011C151,2019-10-07,2019-10-07 09:32:06,0.6,0.7594,392,0.58,0.7341,131,0.62,0.7848,70,0.59,0.7468,561,0
IWM191011C151,2019-10-07,2019-10-07 09:32:06,0.6,0.7594,364,0.58,0.7341,83,0.62,0.7848,70,0.59,0.7468,561,0
IWM191011C151,2019-10-07,2019-10-07 09:32:07,0.6,0.7594,364,0.58,0.7341,143,0.62,0.7848,70,0.59,0.7468,561,0
IWM191011C151,2019-10-07,2019-10-07 09:32:07,0.6,0.7594,404,0.58,0.7341,143,0.62,0.7848,70,0.59,0.7468,561,0
IWM191011C151,2019-10-07,2019-10-07 09:32:08,0.6,0.7594,404,0.58,0.7341,191,0.62,0.7848,70,0.59,0.7468,561,0
IWM191011C151,2019-10-07,2019-10-07 09:32:08,0.6,0.7594,404,0.58,0.7341,142,0.62,0.7848,70,0.59,0.7468,561,0
IWM191011C151,2019-10-07,2019-10-07 09:32:09,0.6,0.7594,395,0.58,0.7341,142,0.62,0.7848,70,0.59,0.7468,561,0
IWM191011C151,2019-10-07,2019-10-07 09:32:09,0.6,0.7594,364,0.58,0.7341,152,0.62,0.7848,70,0.59,0.7468,561,0
IWM191011C151,2019-10-07,2019-10-07 09:32:10,0.59,0.7468,20,0.58,0.7341,10,0.62,0.7848,70,0.585,0.7405,561,0
IWM191011C151,2019-10-07,2019-10-07 09:32:11,0.59,0.7468,20,0.58,0.7341,83,0.62,0.7848,70,0.585,0.7405,561,0
IWM191011C151,2019-10-07,2019-10-07 09:32:11,0.59,0.7468,20,0.58,0.7341,20,0.62,0.7848,70,0.585,0.7405,561,0
IWM191011C151,2019-10-07,2019-10-07 09:32:12,0.59,0.7468,38,0.58,0.7341,83,0.62,0.7848,70,0.585,0.7405,561,0
IWM191011C151,2019-10-07,2019-10-07 09:32:12,0.6,0.7594,217,0.58,0.7341,90,0.62,0.7848,70,0.59,0.7468,561,0
IWM191011C151,2019-10-07,2019-10-07 09:32:13,0.59,0.7468,20,0.58,0.7341,93,0.62,0.7848,70,0.585,0.7405,561,0
IWM191011C151,2019-10-07,2019-10-07 09:32:13,0.6,0.7594,485,0.58,0.7341,198,0.62,0.7848,70,0.59,0.7468,561,0
IWM191011C151,2019-10-07,2019-10-07 09:32:14,0.6,0.7594,279,0.58,0.7341,235,0.62,0.7848,70,0.59,0.7468,561,0
IWM191011C151,2019-10-07,2019-10-07 09:32:14,0.6,0.7594,404,0.58,0.7341,222,0.62,0.7848,70,0.59,0.7468,561,0
IWM191011C151,2019-10-07,2019-10-07 09:32:15,0.6,0.7594,279,0.58,0.7341,235,0.62,0.7848,70,0.59,0.7468,561,0
IWM191011C151,2019-10-07,2019-10-07 09:32:16,0.6,0.7594,300,0.58,0.7341,142,0.62,0.7848,70,0.59,0.7468,561,0
IWM191011C151,2019-10-07,2019-10-07 09:32:16,0.6,0.7594,279,0.58,0.7341,235,0.62,0.7848,70,0.59,0.7468,561,0
IWM191011C151,2019-10-07,2019-10-07 09:32:17,0.6,0.7594,300,0.58,0.7341,262,0.62,0.7848,70,0.59,0.7468,561,0
IWM191011C151,2019-10-07,2019-10-07 09:32:18,0.6,0.7594,310,0.58,0.7341,297,0.62,0.7848,70,0.59,0.7468,561,0
IWM191011C151,2019-10-07,2019-10-07 09:32:19,0.6,0.7594,303,0.58,0.7341,297,0.62,0.7848,70,0.59,0.7468,561,0
IWM191011C151,2019-10-07,2019-10-07 09:32:19,0.6,0.7594,303,0.58,0.7341,266,0.62,0.7848,70,0.59,0.7468,561,0
IWM191011C151,2019-10-07,2019-10-07 09:32:20,0.6,0.7594,330,0.58,0.7341,266,0.62,0.7848,70,0.59,0.7468,561,0
IWM191011C151,2019-10-07,2019-10-07 09:32:20,0.6,0.7594,308,0.58,0.7341,297,0.62,0.7848,70,0.59,0.7468,561,0
IWM191011C151,2019-10-07,2019-10-07 09:32:21,0.6,0.7594,308,0.58,0.7341,307,0.62,0.7848,70,0.59,0.7468,561,0
IWM191011C151,2019-10-07,2019-10-07 09:32:22,0.6,0.7594,298,0.58,0.7341,211,0.62,0.7848,70,0.59,0.7468,561,0
IWM191011C151,2019-10-07,2019-10-07 09:32:23,0.59,0.7468,115,0.58,0.7341,83,0.62,0.7848,70,0.585,0.7405,561,0
IWM191011C151,2019-10-07,2019-10-07 09:32:23,0.6,0.7594,298,0.58,0.7341,557,0.62,0.7848,70,0.59,0.7468,561,0
IWM191011C151,2019-10-07,2019-10-07 09:32:24,0.59,0.7468,470,0.58,0.7341,5,0.62,0.7848,70,0.585,0.7405,561,0
IWM191011C151,2019-10-07,2019-10-07 09:32:24,0.59,0.7468,850,0.58,0.7341,5,0.62,0.7848,70,0.585,0.7405,561,0
IWM191011C151,2019-10-07,2019-10-07 09:32:25,0.58,0.7341,141,0.56,0.7088,213,0.58,0.7341,5,0.57,0.7215,566,0
IWM191011C151,2019-10-07,2019-10-07 09:32:25,0.58,0.7341,20,0.58,0.7341,5,0.58,0.7341,5,0.58,0.7341,566,5
IWM191011C151,2019-10-07,2019-10-07 09:32:26,0.58,0.7341,178,0.56,0.7088,213,0.58,0.7341,5,0.57,0.7215,566,0
IWM191011C151,2019-10-07,2019-10-07 09:32:26,0.58,0.7341,141,0.56,0.7088,213,0.58,0.7341,5,0.57,0.7215,566,0
IWM191011C151,2019-10-07,2019-10-07 09:32:27,0.58,0.7341,178,0.56,0.7088,213,0.58,0.7341,5,0.57,0.7215,566,0
IWM191011C151,2019-10-07,2019-10-07 09:32:28,0.58,0.7341,216,0.56,0.7088,253,0.58,0.7341,5,0.57,0.7215,566,0
IWM191011C151,2019-10-07,2019-10-07 09:32:28,0.58,0.7341,84,0.56,0.7088,263,0.58,0.7341,5,0.57,0.7215,566,0
IWM191011C151,2019-10-07,2019-10-07 09:32:29,0.59,0.7468,84,0.57,0.7215,353,0.58,0.7341,5,0.58,0.7341,566,0
IWM191011C151,2019-10-07,2019-10-07 09:32:29,0.59,0.7468,137,0.57,0.7215,129,0.58,0.7341,5,0.58,0.7341,566,0
IWM191011C151,2019-10-07,2019-10-07 09:32:30,0.59,0.7468,84,0.57,0.7215,229,0.58,0.7341,5,0.58,0.7341,566,0
IWM191011C151,2019-10-07,2019-10-07 09:32:30,0.59,0.7468,84,0.57,0.7215,486,0.58,0.7341,5,0.58,0.7341,566,0
IWM191011C151,2019-10-07,2019-10-07 09:32:31,0.6,0.7594,144,0.58,0.7341,62,0.58,0.7341,5,0.59,0.7468,566,0
IWM191011C151,2019-10-07,2019-10-07 09:32:31,0.6,0.7594,144,0.58,0.7341,56,0.58,0.7341,5,0.59,0.7468,566,0
IWM191011C151,2019-10-07,2019-10-07 09:32:32,0.6,0.7594,292,0.58,0.7341,163,0.58,0.7341,5,0.59,0.7468,566,0
IWM191011C151,2019-10-07,2019-10-07 09:32:32,0.6,0.7594,397,0.58,0.7341,163,0.58,0.7341,5,0.59,0.7468,566,0
IWM191011C151,2019-10-07,2019-10-07 09:32:33,0.6,0.7594,416,0.58,0.7341,163,0.58,0.7341,5,0.59,0.7468,566,0
IWM191011C151,2019-10-07,2019-10-07 09:32:33,0.6,0.7594,526,0.58,0.7341,163,0.58,0.7341,5,0.59,0.7468,566,0
IWM191011C151,2019-10-07,2019-10-07 09:32:34,0.6,0.7594,309,0.58,0.7341,163,0.58,0.7341,5,0.59,0.7468,566,0
IWM191011C151,2019-10-07,2019-10-07 09:32:35,0.6,0.7594,400,0.58,0.7341,176,0.58,0.7341,5,0.59,0.7468,566,0
IWM191011C151,2019-10-07,2019-10-07 09:32:36,0.59,0.7468,20,0.58,0.7341,38,0.58,0.7341,5,0.585,0.7405,566,0
IWM191011C151,2019-10-07,2019-10-07 09:32:37,0.59,0.7468,33,0.57,0.7215,336,0.58,0.7341,5,0.58,0.7341,566,0
IWM191011C151,2019-10-07,2019-10-07 09:32:38,0.59,0.7468,385,0.57,0.7215,43,0.58,0.7341,5,0.58,0.7341,566,0
IWM191011C151,2019-10-07,2019-10-07 09:32:38,0.59,0.7468,67,0.57,0.7215,136,0.58,0.7341,5,0.58,0.7341,566,0
IWM191011C151,2019-10-07,2019-10-07 09:32:39,0.59,0.7468,659,0.57,0.7215,20,0.58,0.7341,5,0.58,0.7341,566,0
IWM191011C151,2019-10-07,2019-10-07 09:32:39,0.59,0.7468,466,0.57,0.7215,113,0.58,0.7341,5,0.58,0.7341,566,0
IWM191011C151,2019-10-07,2019-10-07 09:32:40,0.59,0.7468,75,0.57,0.7215,169,0.58,0.7341,5,0.58,0.7341,566,0
IWM191011C151,2019-10-07,2019-10-07 09:32:40,0.58,0.7341,91,0.56,0.7088,129,0.58,0.7341,5,0.57,0.7215,566,0
IWM191011C151,2019-10-07,2019-10-07 09:32:41,0.59,0.7468,31,0.58,0.7341,4,0.58,0.7341,5,0.585,0.7405,566,0
IWM191011C151,2019-10-07,2019-10-07 09:32:41,0.59,0.7468,75,0.57,0.7215,244,0.58,0.7341,5,0.58,0.7341,566,0
IWM191011C151,2019-10-07,2019-10-07 09:32:42,0.59,0.7468,31,0.58,0.7341,11,0.58,0.7341,5,0.585,0.7405,566,0
IWM191011C151,2019-10-07,2019-10-07 09:32:42,0.59,0.7468,31,0.58,0.7341,4,0.58,0.7341,5,0.585,0.7405,566,0
IWM191011C151,2019-10-07,2019-10-07 09:32:43,0.6,0.7594,20,0.58,0.7341,331,0.58,0.7341,5,0.59,0.7468,566,0
IWM191011C151,2019-10-07,2019-10-07 09:32:43,0.6,0.7594,20,0.58,0.7341,211,0.58,0.7341,5,0.59,0.7468,566,0
IWM191011C151,2019-10-07,2019-10-07 09:32:44,0.6,0.7594,20,0.58,0.7341,364,0.58,0.7341,5,0.59,0.7468,566,0
IWM191011C151,2019-10-07,2019-10-07 09:32:45,0.61,0.7721,663,0.59,0.7468,138,0.58,0.7341,5,0.6,0.7594,566,0
IWM191011C151,2019-10-07,2019-10-07 09:32:46,0.61,0.7721,477,0.59,0.7468,298,0.58,0.7341,5,0.6,0.7594,566,0
IWM191011C151,2019-10-07,2019-10-07 09:32:47,0.61,0.7721,630,0.59,0.7468,279,0.58,0.7341,5,0.6,0.7594,566,0
IWM191011C151,2019-10-07,2019-10-07 09:32:48,0.61,0.7721,520,0.59,0.7468,279,0.58,0.7341,5,0.6,0.7594,566,0
IWM191011C151,2019-10-07,2019-10-07 09:32:48,0.6,0.7594,14,0.59,0.7468,197,0.58,0.7341,5,0.595,0.7531,566,0
IWM191011C151,2019-10-07,2019-10-07 09:32:49,0.6,0.7594,20,0.59,0.7468,61,0.58,0.7341,5,0.595,0.7531,566,0
IWM191011C151,2019-10-07,2019-10-07 09:32:50,0.6,0.7594,20,0.59,0.7468,53,0.58,0.7341,5,0.595,0.7531,566,0
IWM191011C151,2019-10-07,2019-10-07 09:32:50,0.6,0.7594,20,0.59,0.7468,146,0.58,0.7341,5,0.595,0.7531,566,0
IWM191011C151,2019-10-07,2019-10-07 09:32:51,0.6,0.7594,14,0.59,0.7468,218,0.58,0.7341,5,0.595,0.7531,566,0
IWM191011C151,2019-10-07,2019-10-07 09:32:51,0.62,0.7848,136,0.6,0.7594,14,0.6,0.7594,10,0.61,0.7721,576,10
IWM191011C151,2019-10-07,2019-10-07 09:32:52,0.62,0.7848,231,0.61,0.7721,44,0.63,0.7974,3,0.615,0.7784,579,3
IWM191011C151,2019-10-07,2019-10-07 09:32:52,0.62,0.7848,140,0.61,0.7721,14,0.6,0.7594,10,0.615,0.7784,576,0
IWM191011C151,2019-10-07,2019-10-07 09:32:53,0.63,0.7974,325,0.61,0.7721,199,0.63,0.7974,3,0.62,0.7848,579,0
IWM191011C151,2019-10-07,2019-10-07 09:32:53,0.63,0.7974,295,0.61,0.7721,151,0.63,0.7974,3,0.62,0.7848,579,0
IWM191011C151,2019-10-07,2019-10-07 09:32:54,0.62,0.7848,17,0.61,0.7721,243,0.63,0.7974,3,0.615,0.7784,579,0
IWM191011C151,2019-10-07,2019-10-07 09:32:54,0.62,0.7848,17,0.61,0.7721,251,0.63,0.7974,3,0.615,0.7784,579,0
IWM191011C151,2019-10-07,2019-10-07 09:32:55,0.62,0.7848,17,0.61,0.7721,251,0.63,0.7974,3,0.615,0.7784,579,0
IWM191011C151,2019-10-07,2019-10-07 09:32:55,0.63,0.7974,679,0.61,0.7721,285,0.63,0.7974,3,0.62,0.7848,579,0
IWM191011C151,2019-10-07,2019-10-07 09:32:56,0.63,0.7974,491,0.61,0.7721,319,0.63,0.7974,3,0.62,0.7848,579,0
IWM191011C151,2019-10-07,2019-10-07 09:32:56,0.63,0.7974,473,0.61,0.7721,319,0.63,0.7974,3,0.62,0.7848,579,0
IWM191011C151,2019-10-07,2019-10-07 09:32:57,0.62,0.7848,17,0.61,0.7721,280,0.63,0.7974,3,0.615,0.7784,579,0
IWM191011C151,2019-10-07,2019-10-07 09:32:58,0.65,0.8227,565,0.61,0.7721,566,0.63,0.7974,3,0.63,0.7974,579,0
IWM191011C151,2019-10-07,2019-10-07 09:32:58,0.62,0.7848,10,0.61,0.7721,280,0.63,0.7974,3,0.615,0.7784,579,0
IWM191011C151,2019-10-07,2019-10-07 09:32:59,0.64,0.8101,256,0.62,0.7848,417,0.62,0.7848,162,0.63,0.7974,1167,588
IWM191011C151,2019-10-07,2019-10-07 09:33:00,0.64,0.8101,146,0.63,0.7974,159,0.62,0.7848,162,0.635,0.8037,1167,0
IWM191011C151,2019-10-07,2019-10-07 09:33:00,0.64,0.8101,146,0.63,0.7974,113,0.62,0.7848,162,0.635,0.8037,1167,0
IWM191011C151,2019-10-07,2019-10-07 09:33:01,0.65,0.8227,227,0.63,0.7974,177,0.62,0.7848,162,0.64,0.8101,1167,0
IWM191011C151,2019-10-07,2019-10-07 09:33:02,0.64,0.8101,184,0.62,0.7848,137,0.62,0.7848,162,0.63,0.7974,1167,0
IWM191011C151,2019-10-07,2019-10-07 09:33:03,0.63,0.7974,325,0.62,0.7848,84,0.62,0.7848,162,0.625,0.7911,1167,0
IWM191011C151,2019-10-07,2019-10-07 09:33:03,0.63,0.7974,186,0.62,0.7848,170,0.62,0.7848,162,0.625,0.7911,1167,0
IWM191011C151,2019-10-07,2019-10-07 09:33:04,0.65,0.8227,224,0.62,0.7848,522,0.62,0.7848,162,0.635,0.8037,1167,0
IWM191011C151,2019-10-07,2019-10-07 09:33:05,0.65,0.8227,512,0.62,0.7848,598,0.62,0.7848,162,0.635,0.8037,1167,0
IWM191011C151,2019-10-07,2019-10-07 09:33:05,0.65,0.8227,189,0.63,0.7974,183,0.62,0.7848,162,0.64,0.8101,1167,0
IWM191011C151,2019-10-07,2019-10-07 09:33:06,0.65,0.8227,379,0.63,0.7974,518,0.62,0.7848,162,0.64,0.8101,1167,0
IWM191011C151,2019-10-07,2019-10-07 09:33:06,0.65,0.8227,283,0.63,0.7974,518,0.62,0.7848,162,0.64,0.8101,1167,0
IWM191011C151,2019-10-07,2019-10-07 09:33:07,0.65,0.8227,283,0.63,0.7974,726,0.62,0.7848,162,0.64,0.8101,1167,0
IWM191011C151,2019-10-07,2019-10-07 09:33:08,0.65,0.8227,283,0.63,0.7974,435,0.62,0.7848,162,0.64,0.8101,1167,0
IWM191011C151,2019-10-07,2019-10-07 09:33:08,0.65,0.8227,283,0.63,0.7974,549,0.62,0.7848,162,0.64,0.8101,1167,0
IWM191011C151,2019-10-07,2019-10-07 09:33:09,0.64,0.8101,22,0.63,0.7974,405,0.62,0.7848,162,0.635,0.8037,1167,0
IWM191011C151,2019-10-07,2019-10-07 09:33:09,0.64,0.8101,22,0.63,0.7974,529,0.62,0.7848,162,0.635,0.8037,1167,0
IWM191011C151,2019-10-07,2019-10-07 09:33:10,0.64,0.8101,340,0.63,0.7974,60,0.62,0.7848,162,0.635,0.8037,1167,0
IWM191011C151,2019-10-07,2019-10-07 09:33:11,0.64,0.8101,362,0.62,0.7848,193,0.62,0.7848,162,0.63,0.7974,1167,0
IWM191011C151,2019-10-07,2019-10-07 09:33:11,0.64,0.8101,401,0.62,0.7848,386,0.62,0.7848,162,0.63,0.7974,1167,0
IWM191011C151,2019-10-07,2019-10-07 09:33:12,0.64,0.8101,401,0.62,0.7848,538,0.62,0.7848,162,0.63,0.7974,1167,0
IWM191011C151,2019-10-07,2019-10-07 09:33:12,0.63,0.7974,22,0.62,0.7848,515,0.62,0.7848,162,0.625,0.7911,1167,0
IWM191011C151,2019-10-07,2019-10-07 09:33:13,0.63,0.7974,22,0.62,0.7848,515,0.62,0.7848,162,0.625,0.7911,1167,0
IWM191011C151,2019-10-07,2019-10-07 09:33:13,0.63,0.7974,22,0.62,0.7848,505,0.62,0.7848,162,0.625,0.7911,1167,0
IWM191011C151,2019-10-07,2019-10-07 09:33:14,0.64,0.8101,22,0.63,0.7974,172,0.62,0.7848,162,0.635,0.8037,1167,0
IWM191011C151,2019-10-07,2019-10-07 09:33:14,0.65,0.8227,289,0.63,0.7974,34,0.62,0.7848,162,0.64,0.8101,1167,0
IWM191011C151,2019-10-07,2019-10-07 09:33:15,0.64,0.8101,22,0.63,0.7974,468,0.62,0.7848,162,0.635,0.8037,1167,0
IWM191011C151,2019-10-07,2019-10-07 09:33:15,0.64,0.8101,22,0.63,0.7974,507,0.62,0.7848,162,0.635,0.8037,1167,0
IWM191011C151,2019-10-07,2019-10-07 09:33:16,0.64,0.8101,22,0.63,0.7974,507,0.62,0.7848,162,0.635,0.8037,1167,0
IWM191011C151,2019-10-07,2019-10-07 09:33:17,0.64,0.8101,22,0.63,0.7974,450,0.62,0.7848,162,0.635,0.8037,1167,0
IWM191011C151,2019-10-07,2019-10-07 09:33:17,0.64,0.8101,22,0.63,0.7974,453,0.62,0.7848,162,0.635,0.8037,1167,0
IWM191011C151,2019-10-07,2019-10-07 09:33:18,0.64,0.8101,22,0.63,0.7974,180,0.62,0.7848,162,0.635,0.8037,1167,0
IWM191011C151,2019-10-07,2019-10-07 09:33:18,0.64,0.8101,22,0.63,0.7974,453,0.62,0.7848,162,0.635,0.8037,1167,0
IWM191011C151,2019-10-07,2019-10-07 09:33:19,0.63,0.7974,22,0.62,0.7848,360,0.62,0.7848,162,0.625,0.7911,1167,0
IWM191011C151,2019-10-07,2019-10-07 09:33:19,0.64,0.8101,135,0.62,0.7848,305,0.62,0.7848,162,0.63,0.7974,1167,0
IWM191011C151,2019-10-07,2019-10-07 09:33:20,0.63,0.7974,22,0.62,0.7848,360,0.62,0.7848,162,0.625,0.7911,1167,0
IWM191011C151,2019-10-07,2019-10-07 09:33:20,0.64,0.8101,298,0.62,0.7848,404,0.62,0.7848,162,0.63,0.7974,1167,0
IWM191011C151,2019-10-07,2019-10-07 09:33:21,0.63,0.7974,22,0.62,0.7848,401,0.62,0.7848,162,0.625,0.7911,1167,0
IWM191011C151,2019-10-07,2019-10-07 09:33:21,0.63,0.7974,22,0.62,0.7848,441,0.62,0.7848,162,0.625,0.7911,1167,0
IWM191011C151,2019-10-07,2019-10-07 09:33:22,0.63,0.7974,22,0.62,0.7848,441,0.62,0.7848,162,0.625,0.7911,1167,0
IWM191011C151,2019-10-07,2019-10-07 09:33:22,0.64,0.8101,163,0.62,0.7848,441,0.62,0.7848,162,0.63,0.7974,1167,0
IWM191011C151,2019-10-07,2019-10-07 09:33:23,0.64,0.8101,3,0.62,0.7848,688,0.62,0.7848,162,0.63,0.7974,1167,0
IWM191011C151,2019-10-07,2019-10-07 09:33:23,0.64,0.8101,163,0.62,0.7848,441,0.62,0.7848,162,0.63,0.7974,1167,0
IWM191011C151,2019-10-07,2019-10-07 09:33:24,0.64,0.8101,6,0.63,0.7974,398,0.62,0.7848,162,0.635,0.8037,1167,0
IWM191011C151,2019-10-07,2019-10-07 09:33:24,0.64,0.8101,6,0.63,0.7974,269,0.62,0.7848,162,0.635,0.8037,1167,0
IWM191011C151,2019-10-07,2019-10-07 09:33:25,0.65,0.8227,363,0.63,0.7974,433,0.62,0.7848,162,0.64,0.8101,1167,0
IWM191011C151,2019-10-07,2019-10-07 09:33:25,0.65,0.8227,296,0.63,0.7974,412,0.62,0.7848,162,0.64,0.8101,1167,0
IWM191011C151,2019-10-07,2019-10-07 09:33:26,0.65,0.8227,296,0.63,0.7974,412,0.62,0.7848,162,0.64,0.8101,1167,0
IWM191011C151,2019-10-07,2019-10-07 09:33:27,0.65,0.8227,303,0.63,0.7974,372,0.62,0.7848,162,0.64,0.8101,1167,0
IWM191011C151,2019-10-07,2019-10-07 09:33:27,0.64,0.8101,22,0.63,0.7974,372,0.62,0.7848,162,0.635,0.8037,1167,0
IWM191011C151,2019-10-07,2019-10-07 09:33:28,0.64,0.8101,84,0.62,0.7848,261,0.62,0.7848,162,0.63,0.7974,1167,0
IWM191011C151,2019-10-07,2019-10-07 09:33:28,0.64,0.8101,84,0.62,0.7848,290,0.62,0.7848,162,0.63,0.7974,1167,0
IWM191011C151,2019-10-07,2019-10-07 09:33:29,0.64,0.8101,50,0.62,0.7848,556,0.62,0.7848,162,0.63,0.7974,1167,0
IWM191011C151,2019-10-07,2019-10-07 09:33:29,0.63,0.7974,22,0.62,0.7848,290,0.62,0.7848,162,0.625,0.7911,1167,0
IWM191011C151,2019-10-07,2019-10-07 09:33:30,0.64,0.8101,104,0.62,0.7848,556,0.62,0.7848,162,0.63,0.7974,1167,0
IWM191011C151,2019-10-07,2019-10-07 09:33:30,0.64,0.8101,70,0.62,0.7848,556,0.62,0.7848,162,0.63,0.7974,1167,0
IWM191011C151,2019-10-07,2019-10-07 09:33:31,0.64,0.8101,50,0.62,0.7848,404,0.62,0.7848,162,0.63,0.7974,1167,0
IWM191011C151,2019-10-07,2019-10-07 09:33:31,0.64,0.8101,87,0.62,0.7848,556,0.62,0.7848,162,0.63,0.7974,1167,0
IWM191011C151,2019-10-07,2019-10-07 09:33:32,0.64,0.8101,10,0.62,0.7848,404,0.62,0.7848,162,0.63,0.7974,1167,0
IWM191011C151,2019-10-07,2019-10-07 09:33:32,0.64,0.8101,20,0.62,0.7848,404,0.62,0.7848,162,0.63,0.7974,1167,0
IWM191011C151,2019-10-07,2019-10-07 09:33:33,0.64,0.8101,1,0.63,0.7974,232,0.62,0.7848,162,0.635,0.8037,1167,0
IWM191011C151,2019-10-07,2019-10-07 09:33:33,0.64,0.8101,1,0.63,0.7974,244,0.62,0.7848,162,0.635,0.8037,1167,0
IWM191011C151,2019-10-07,2019-10-07 09:33:34,0.64,0.8101,22,0.63,0.7974,428,0.62,0.7848,162,0.635,0.8037,1167,0
IWM191011C151,2019-10-07,2019-10-07 09:33:34,0.65,0.8227,9,0.64,0.8101,33,0.62,0.7848,162,0.645,0.8164,1167,0
IWM191011C151,2019-10-07,2019-10-07 09:33:35,0.65,0.8227,132,0.63,0.7974,154,0.62,0.7848,162,0.64,0.8101,1167,0
IWM191011C151,2019-10-07,2019-10-07 09:33:35,0.65,0.8227,9,0.64,0.8101,13,0.62,0.7848,162,0.645,0.8164,1167,0
IWM191011C151,2019-10-07,2019-10-07 09:33:36,0.65,0.8227,271,0.63,0.7974,448,0.62,0.7848,162,0.64,0.8101,1167,0
IWM191011C151,2019-10-07,2019-10-07 09:33:36,0.65,0.8227,256,0.63,0.7974,208,0.62,0.7848,162,0.64,0.8101,1167,0
IWM191011C151,2019-10-07,2019-10-07 09:33:37,0.65,0.8227,312,0.63,0.7974,438,0.62,0.7848,162,0.64,0.8101,1167,0
IWM191011C151,2019-10-07,2019-10-07 09:33:37,0.65,0.8227,271,0.63,0.7974,438,0.62,0.7848,162,0.64,0.8101,1167,0
IWM191011C151,2019-10-07,2019-10-07 09:33:38,0.65,0.8227,271,0.63,0.7974,438,0.62,0.7848,162,0.64,0.8101,1167,0
IWM191011C151,2019-10-07,2019-10-07 09:33:38,0.65,0.8227,271,0.63,0.7974,448,0.62,0.7848,162,0.64,0.8101,1167,0
IWM191011C151,2019-10-07,2019-10-07 09:33:39,0.65,0.8227,271,0.63,0.7974,611,0.62,0.7848,162,0.64,0.8101,1167,0
IWM191011C151,2019-10-07,2019-10-07 09:33:39,0.65,0.8227,22,0.63,0.7974,634,0.62,0.7848,162,0.64,0.8101,1167,0
IWM191011C151,2019-10-07,2019-10-07 09:33:40,0.65,0.8227,22,0.63,0.7974,624,0.62,0.7848,162,0.64,0.8101,1167,0
IWM191011C151,2019-10-07,2019-10-07 09:33:41,0.65,0.8227,22,0.64,0.8101,257,0.62,0.7848,162,0.645,0.8164,1167,0
IWM191011C151,2019-10-07,2019-10-07 09:33:41,0.65,0.8227,22,0.64,0.8101,274,0.62,0.7848,162,0.645,0.8164,1167,0
IWM191011C151,2019-10-07,2019-10-07 09:33:42,0.65,0.8227,22,0.64,0.8101,274,0.62,0.7848,162,0.645,0.8164,1167,0
IWM191011C151,2019-10-07,2019-10-07 09:33:43,0.65,0.8227,22,0.64,0.8101,451,0.62,0.7848,162,0.645,0.8164,1167,0
IWM191011C151,2019-10-07,2019-10-07 09:33:44,0.65,0.8227,106,0.64,0.8101,10,0.62,0.7848,162,0.645,0.8164,1167,0
IWM191011C151,2019-10-07,2019-10-07 09:33:44,0.65,0.8227,249,0.64,0.8101,10,0.62,0.7848,162,0.645,0.8164,1167,0
IWM191011C151,2019-10-07,2019-10-07 09:33:45,0.65,0.8227,249,0.63,0.7974,115,0.62,0.7848,162,0.64,0.8101,1167,0
IWM191011C151,2019-10-07,2019-10-07 09:33:46,0.64,0.8101,20,0.63,0.7974,10,0.62,0.7848,162,0.635,0.8037,1167,0
IWM191011C151,2019-10-07,2019-10-07 09:33:46,0.64,0.8101,20,0.63,0.7974,14,0.62,0.7848,162,0.635,0.8037,1167,0
IWM191011C151,2019-10-07,2019-10-07 09:33:47,0.64,0.8101,22,0.63,0.7974,10,0.62,0.7848,162,0.635,0.8037,1167,0
IWM191011C151,2019-10-07,2019-10-07 09:33:47,0.65,0.8227,467,0.63,0.7974,45,0.62,0.7848,162,0.64,0.8101,1167,0
IWM191011C151,2019-10-07,2019-10-07 09:33:48,0.64,0.8101,270,0.62,0.7848,157,0.62,0.7848,162,0.63,0.7974,1167,0
IWM191011C151,2019-10-07,2019-10-07 09:33:48,0.64,0.8101,307,0.62,0.7848,479,0.62,0.7848,162,0.63,0.7974,1167,0
IWM191011C151,2019-10-07,2019-10-07 09:33:49,0.63,0.7974,22,0.62,0.7848,489,0.62,0.7848,162,0.625,0.7911,1167,0
IWM191011C151,2019-10-07,2019-10-07 09:33:49,0.64,0.8101,307,0.62,0.7848,489,0.62,0.7848,162,0.63,0.7974,1167,0
IWM191011C151,2019-10-07,2019-10-07 09:33:50,0.64,0.8101,432,0.62,0.7848,450,0.62,0.7848,162,0.63,0.7974,1167,0
IWM191011C151,2019-10-07,2019-10-07 09:33:50,0.64,0.8101,451,0.62,0.7848,457,0.62,0.7848,162,0.63,0.7974,1167,0
IWM191011C151,2019-10-07,2019-10-07 09:33:51,0.63,0.7974,22,0.62,0.7848,447,0.62,0.7848,162,0.625,0.7911,1167,0
IWM191011C151,2019-10-07,2019-10-07 09:33:52,0.63,0.7974,22,0.62,0.7848,472,0.62,0.7848,162,0.625,0.7911,1167,0
IWM191011C151,2019-10-07,2019-10-07 09:33:52,0.63,0.7974,22,0.62,0.7848,447,0.62,0.7848,162,0.625,0.7911,1167,0
IWM191011C151,2019-10-07,2019-10-07 09:33:53,0.63,0.7974,9,0.62,0.7848,452,0.62,0.7848,162,0.625,0.7911,1167,0
IWM191011C151,2019-10-07,2019-10-07 09:33:53,0.63,0.7974,22,0.62,0.7848,452,0.62,0.7848,162,0.625,0.7911,1167,0
IWM191011C151,2019-10-07,2019-10-07 09:33:54,0.63,0.7974,22,0.62,0.7848,361,0.62,0.7848,162,0.625,0.7911,1167,0
IWM191011C151,2019-10-07,2019-10-07 09:33:54,0.64,0.8101,334,0.62,0.7848,403,0.62,0.7848,162,0.63,0.7974,1167,0
IWM191011C151,2019-10-07,2019-10-07 09:33:55,0.63,0.7974,22,0.62,0.7848,436,0.62,0.7848,162,0.625,0.7911,1167,0
IWM191011C151,2019-10-07,2019-10-07 09:33:55,0.63,0.7974,22,0.62,0.7848,403,0.62,0.7848,162,0.625,0.7911,1167,0
IWM191011C151,2019-10-07,2019-10-07 09:33:56,0.63,0.7974,22,0.62,0.7848,372,0.62,0.7848,162,0.625,0.7911,1167,0
IWM191011C151,2019-10-07,2019-10-07 09:33:56,0.63,0.7974,22,0.62,0.7848,436,0.62,0.7848,162,0.625,0.7911,1167,0
IWM191011C151,2019-10-07,2019-10-07 09:33:57,0.63,0.7974,22,0.62,0.7848,390,0.62,0.7848,162,0.625,0.7911,1167,0
IWM191011C151,2019-10-07,2019-10-07 09:33:57,0.63,0.7974,22,0.62,0.7848,374,0.62,0.7848,162,0.625,0.7911,1167,0
IWM191011C151,2019-10-07,2019-10-07 09:33:58,0.63,0.7974,22,0.62,0.7848,390,0.62,0.7848,162,0.625,0.7911,1167,0
IWM191011C151,2019-10-07,2019-10-07 09:33:58,0.63,0.7974,20,0.62,0.7848,390,0.62,0.7848,162,0.625,0.7911,1167,0
IWM191011C151,2019-10-07,2019-10-07 09:33:59,0.64,0.8101,700,0.62,0.7848,380,0.62,0.7848,162,0.63,0.7974,1167,0
IWM191011C151,2019-10-07,2019-10-07 09:33:59,0.64,0.8101,548,0.62,0.7848,268,0.62,0.7848,162,0.63,0.7974,1167,0
IWM191011C151,2019-10-07,2019-10-07 09:34:00,0.64,0.8101,496,0.62,0.7848,236,0.62,0.7848,162,0.63,0.7974,1167,0
IWM191011C151,2019-10-07,2019-10-07 09:34:00,0.64,0.8101,700,0.62,0.7848,338,0.62,0.7848,162,0.63,0.7974,1167,0
IWM191011C151,2019-10-07,2019-10-07 09:34:01,0.64,0.8101,417,0.62,0.7848,337,0.62,0.7848,162,0.63,0.7974,1167,0
IWM191011C151,2019-10-07,2019-10-07 09:34:02,0.64,0.8101,436,0.62,0.7848,51,0.62,0.7848,162,0.63,0.7974,1167,0
IWM191011C151,2019-10-07,2019-10-07 09:34:02,0.64,0.8101,528,0.62,0.7848,51,0.62,0.7848,162,0.63,0.7974,1167,0
IWM191011C151,2019-10-07,2019-10-07 09:34:03,0.63,0.7974,40,0.62,0.7848,285,0.62,0.7848,1,0.625,0.7911,1168,1
IWM191011C151,2019-10-07,2019-10-07 09:34:03,0.63,0.7974,22,0.62,0.7848,284,0.62,0.7848,162,0.625,0.7911,1167,0
IWM191011C151,2019-10-07,2019-10-07 09:34:04,0.62,0.7848,289,0.6,0.7594,101,0.62,0.7848,1,0.61,0.7721,1168,0
IWM191011C151,2019-10-07,2019-10-07 09:34:04,0.62,0.7848,163,0.61,0.7721,171,0.62,0.7848,1,0.615,0.7784,1168,0
IWM191011C151,2019-10-07,2019-10-07 09:34:05,0.62,0.7848,273,0.6,0.7594,129,0.62,0.7848,1,0.61,0.7721,1168,0
IWM191011C151,2019-10-07,2019-10-07 09:34:06,0.62,0.7848,533,0.6,0.7594,305,0.62,0.7848,1,0.61,0.7721,1168,0
IWM191011C151,2019-10-07,2019-10-07 09:34:06,0.62,0.7848,460,0.6,0.7594,305,0.62,0.7848,1,0.61,0.7721,1168,0
IWM191011C151,2019-10-07,2019-10-07 09:34:07,0.61,0.7721,308,0.59,0.7468,83,0.62,0.7848,1,0.6,0.7594,1168,0
IWM191011C151,2019-10-07,2019-10-07 09:34:07,0.6,0.7594,22,0.59,0.7468,145,0.62,0.7848,1,0.595,0.7531,1168,0
IWM191011C151,2019-10-07,2019-10-07 09:34:08,0.61,0.7721,255,0.59,0.7468,602,0.62,0.7848,1,0.6,0.7594,1168,0
IWM191011C151,2019-10-07,2019-10-07 09:34:09,0.6,0.7594,22,0.59,0.7468,380,0.62,0.7848,1,0.595,0.7531,1168,0
IWM191011C151,2019-10-07,2019-10-07 09:34:09,0.6,0.7594,22,0.59,0.7468,518,0.62,0.7848,1,0.595,0.7531,1168,0
IWM191011C151,2019-10-07,2019-10-07 09:34:10,0.6,0.7594,3,0.59,0.7468,514,0.62,0.7848,1,0.595,0.7531,1168,0
IWM191011C151,2019-10-07,2019-10-07 09:34:11,0.6,0.7594,163,0.59,0.7468,83,0.62,0.7848,1,0.595,0.7531,1168,0
IWM191011C151,2019-10-07,2019-10-07 09:34:11,0.6,0.7594,311,0.58,0.7341,273,0.6,0.7594,5,0.59,0.7468,1173,5
IWM191011C151,2019-10-07,2019-10-07 09:34:12,0.6,0.7594,320,0.59,0.7468,22,0.6,0.7594,5,0.595,0.7531,1173,0
IWM191011C151,2019-10-07,2019-10-07 09:34:12,0.6,0.7594,320,0.58,0.7341,431,0.6,0.7594,5,0.59,0.7468,1173,0
IWM191011C151,2019-10-07,2019-10-07 09:34:13,0.59,0.7468,22,0.58,0.7341,425,0.6,0.7594,5,0.585,0.7405,1173,0
IWM191011C151,2019-10-07,2019-10-07 09:34:13,0.59,0.7468,22,0.58,0.7341,458,0.6,0.7594,5,0.585,0.7405,1173,0
IWM191011C151,2019-10-07,2019-10-07 09:34:14,0.59,0.7468,22,0.58,0.7341,516,0.6,0.7594,5,0.585,0.7405,1173,0
IWM191011C151,2019-10-07,2019-10-07 09:34:14,0.59,0.7468,22,0.58,0.7341,476,0.6,0.7594,5,0.585,0.7405,1173,0
IWM191011C151,2019-10-07,2019-10-07 09:34:15,0.6,0.7594,240,0.59,0.7468,82,0.6,0.7594,5,0.595,0.7531,1173,0
IWM191011C151,2019-10-07,2019-10-07 09:34:15,0.59,0.7468,16,0.58,0.7341,193,0.6,0.7594,5,0.585,0.7405,1173,0
IWM191011C151,2019-10-07,2019-10-07 09:34:16,0.59,0.7468,59,0.58,0.7341,75,0.6,0.7594,5,0.585,0.7405,1173,0
IWM191011C151,2019-10-07,2019-10-07 09:34:17,0.59,0.7468,83,0.58,0.7341,158,0.6,0.7594,5,0.585,0.7405,1173,0
IWM191011C151,2019-10-07,2019-10-07 09:34:17,0.59,0.7468,91,0.58,0.7341,82,0.6,0.7594,5,0.585,0.7405,1173,0
IWM191011C151,2019-10-07,2019-10-07 09:34:18,0.59,0.7468,569,0.57,0.7215,95,0.6,0.7594,5,0.58,0.7341,1173,0
IWM191011C151,2019-10-07,2019-10-07 09:34:18,0.59,0.7468,164,0.57,0.7215,90,0.6,0.7594,5,0.58,0.7341,1173,0
IWM191011C151,2019-10-07,2019-10-07 09:34:19,0.59,0.7468,522,0.57,0.7215,308,0.6,0.7594,5,0.58,0.7341,1173,0
IWM191011C151,2019-10-07,2019-10-07 09:34:19,0.59,0.7468,314,0.57,0.7215,205,0.6,0.7594,5,0.58,0.7341,1173,0
IWM191011C151,2019-10-07,2019-10-07 09:34:20,0.59,0.7468,759,0.57,0.7215,210,0.6,0.7594,5,0.58,0.7341,1173,0
IWM191011C151,2019-10-07,2019-10-07 09:34:20,0.59,0.7468,398,0.57,0.7215,210,0.6,0.7594,5,0.58,0.7341,1173,0
IWM191011C151,2019-10-07,2019-10-07 09:34:21,0.58,0.7341,55,0.56,0.7088,545,0.6,0.7594,5,0.57,0.7215,1173,0
IWM191011C151,2019-10-07,2019-10-07 09:34:22,0.58,0.7341,72,0.56,0.7088,545,0.6,0.7594,5,0.57,0.7215,1173,0
IWM191011C151,2019-10-07,2019-10-07 09:34:22,0.58,0.7341,72,0.56,0.7088,348,0.6,0.7594,5,0.57,0.7215,1173,0
IWM191011C151,2019-10-07,2019-10-07 09:34:23,0.58,0.7341,72,0.56,0.7088,492,0.6,0.7594,5,0.57,0.7215,1173,0
IWM191011C151,2019-10-07,2019-10-07 09:34:23,0.58,0.7341,88,0.56,0.7088,260,0.6,0.7594,5,0.57,0.7215,1173,0
IWM191011C151,2019-10-07,2019-10-07 09:34:24,0.57,0.7215,59,0.56,0.7088,10,0.6,0.7594,5,0.565,0.7151,1173,0
IWM191011C151,2019-10-07,2019-10-07 09:34:25,0.56,0.7088,54,0.55,0.6962,240,0.6,0.7594,5,0.555,0.7025,1173,0
IWM191011C151,2019-10-07,2019-10-07 09:34:25,0.57,0.7215,155,0.55,0.6962,271,0.6,0.7594,5,0.56,0.7088,1173,0
IWM191011C151,2019-10-07,2019-10-07 09:34:26,0.56,0.7088,22,0.55,0.6962,615,0.6,0.7594,5,0.555,0.7025,1173,0
IWM191011C151,2019-10-07,2019-10-07 09:34:26,0.55,0.6962,22,0.54,0.6835,200,0.6,0.7594,5,0.545,0.6898,1173,0
IWM191011C151,2019-10-07,2019-10-07 09:34:27,0.57,0.7215,321,0.55,0.6962,665,0.6,0.7594,5,0.56,0.7088,1173,0
IWM191011C151,2019-10-07,2019-10-07 09:34:27,0.56,0.7088,22,0.55,0.6962,615,0.6,0.7594,5,0.555,0.7025,1173,0
IWM191011C151,2019-10-07,2019-10-07 09:34:28,0.57,0.7215,260,0.56,0.7088,3,0.6,0.7594,5,0.565,0.7151,1173,0
IWM191011C151,2019-10-07,2019-10-07 09:34:28,0.57,0.7215,260,0.56,0.7088,191,0.6,0.7594,5,0.565,0.7151,1173,0
IWM191011C151,2019-10-07,2019-10-07 09:34:29,0.58,0.7341,85,0.56,0.7088,590,0.6,0.7594,5,0.57,0.7215,1173,0
IWM191011C151,2019-10-07,2019-10-07 09:34:29,0.58,0.7341,87,0.56,0.7088,363,0.6,0.7594,5,0.57,0.7215,1173,0
IWM191011C151,2019-10-07,2019-10-07 09:34:30,0.58,0.7341,90,0.57,0.7215,5,0.6,0.7594,5,0.575,0.7278,1173,0
IWM191011C151,2019-10-07,2019-10-07 09:34:30,0.57,0.7215,1,0.56,0.7088,122,0.6,0.7594,5,0.565,0.7151,1173,0
IWM191011C151,2019-10-07,2019-10-07 09:34:31,0.57,0.7215,15,0.56,0.7088,425,0.6,0.7594,5,0.565,0.7151,1173,0
IWM191011C151,2019-10-07,2019-10-07 09:34:31,0.57,0.7215,15,0.56,0.7088,230,0.6,0.7594,5,0.565,0.7151,1173,0
IWM191011C151,2019-10-07,2019-10-07 09:34:32,0.58,0.7341,361,0.56,0.7088,442,0.6,0.7594,5,0.57,0.7215,1173,0
IWM191011C151,2019-10-07,2019-10-07 09:34:32,0.57,0.7215,15,0.56,0.7088,442,0.6,0.7594,5,0.565,0.7151,1173,0
IWM191011C151,2019-10-07,2019-10-07 09:34:33,0.58,0.7341,617,0.56,0.7088,377,0.6,0.7594,5,0.57,0.7215,1173,0
IWM191011C151,2019-10-07,2019-10-07 09:34:33,0.58,0.7341,577,0.56,0.7088,377,0.6,0.7594,5,0.57,0.7215,1173,0
IWM191011C151,2019-10-07,2019-10-07 09:34:34,0.58,0.7341,577,0.56,0.7088,283,0.6,0.7594,5,0.57,0.7215,1173,0
IWM191011C151,2019-10-07,2019-10-07 09:34:34,0.57,0.7215,111,0.56,0.7088,10,0.6,0.7594,5,0.565,0.7151,1173,0
IWM191011C151,2019-10-07,2019-10-07 09:34:35,0.57,0.7215,87,0.56,0.7088,6,0.6,0.7594,5,0.565,0.7151,1173,0
IWM191011C151,2019-10-07,2019-10-07 09:34:35,0.57,0.7215,98,0.56,0.7088,7,0.6,0.7594,5,0.565,0.7151,1173,0
IWM191011C151,2019-10-07,2019-10-07 09:34:36,0.57,0.7215,194,0.56,0.7088,118,0.6,0.7594,5,0.565,0.7151,1173,0
IWM191011C151,2019-10-07,2019-10-07 09:34:36,0.57,0.7215,194,0.56,0.7088,88,0.6,0.7594,5,0.565,0.7151,1173,0
IWM191011C151,2019-10-07,2019-10-07 09:34:37,0.58,0.7341,73,0.56,0.7088,655,0.6,0.7594,5,0.57,0.7215,1173,0
IWM191011C151,2019-10-07,2019-10-07 09:34:37,0.58,0.7341,190,0.56,0.7088,620,0.6,0.7594,5,0.57,0.7215,1173,0
IWM191011C151,2019-10-07,2019-10-07 09:34:38,0.58,0.7341,283,0.57,0.7215,24,0.6,0.7594,5,0.575,0.7278,1173,0
IWM191011C151,2019-10-07,2019-10-07 09:34:38,0.58,0.7341,295,0.57,0.7215,24,0.6,0.7594,5,0.575,0.7278,1173,0
IWM191011C151,2019-10-07,2019-10-07 09:34:39,0.58,0.7341,283,0.57,0.7215,37,0.6,0.7594,5,0.575,0.7278,1173,0
IWM191011C151,2019-10-07,2019-10-07 09:34:40,0.58,0.7341,486,0.56,0.7088,86,0.6,0.7594,5,0.57,0.7215,1173,0
IWM191011C151,2019-10-07,2019-10-07 09:34:40,0.58,0.7341,520,0.57,0.7215,11,0.6,0.7594,5,0.575,0.7278,1173,0
IWM191011C151,2019-10-07,2019-10-07 09:34:41,0.58,0.7341,558,0.56,0.7088,87,0.6,0.7594,5,0.57,0.7215,1173,0
IWM191011C151,2019-10-07,2019-10-07 09:34:41,0.58,0.7341,558,0.56,0.7088,101,0.6,0.7594,5,0.57,0.7215,1173,0
IWM191011C151,2019-10-07,2019-10-07 09:34:42,0.58,0.7341,624,0.56,0.7088,23,0.6,0.7594,5,0.57,0.7215,1173,0
IWM191011C151,2019-10-07,2019-10-07 09:34:42,0.58,0.7341,464,0.56,0.7088,105,0.6,0.7594,5,0.57,0.7215,1173,0
IWM191011C151,2019-10-07,2019-10-07 09:34:43,0.58,0.7341,464,0.56,0.7088,89,0.6,0.7594,5,0.57,0.7215,1173,0
IWM191011C151,2019-10-07,2019-10-07 09:34:43,0.58,0.7341,341,0.56,0.7088,380,0.6,0.7594,5,0.57,0.7215,1173,0
IWM191011C151,2019-10-07,2019-10-07 09:34:44,0.58,0.7341,116,0.56,0.7088,473,0.57,0.7215,1,0.57,0.7215,1681,503
IWM191011C151,2019-10-07,2019-10-07 09:34:44,0.58,0.7341,341,0.56,0.7088,624,0.57,0.7215,5,0.57,0.7215,1178,5
IWM191011C151,2019-10-07,2019-10-07 09:34:45,0.58,0.7341,354,0.57,0.7215,121,0.57,0.7215,120,0.575,0.7278,2272,591
IWM191011C151,2019-10-07,2019-10-07 09:34:45,0.58,0.7341,459,0.57,0.7215,1,0.57,0.7215,120,0.575,0.7278,2272,0
IWM191011C151,2019-10-07,2019-10-07 09:34:46,0.58,0.7341,304,0.57,0.7215,5,0.57,0.7215,120,0.575,0.7278,2272,0
IWM191011C151,2019-10-07,2019-10-07 09:34:46,0.58,0.7341,181,0.57,0.7215,5,0.57,0.7215,120,0.575,0.7278,2272,0
IWM191011C151,2019-10-07,2019-10-07 09:34:47,0.58,0.7341,22,0.57,0.7215,67,0.57,0.7215,120,0.575,0.7278,2272,0
IWM191011C151,2019-10-07,2019-10-07 09:34:47,0.58,0.7341,24,0.57,0.7215,91,0.57,0.7215,120,0.575,0.7278,2272,0
IWM191011C151,2019-10-07,2019-10-07 09:34:48,0.59,0.7468,178,0.57,0.7215,166,0.57,0.7215,120,0.58,0.7341,2272,0
IWM191011C151,2019-10-07,2019-10-07 09:34:48,0.59,0.7468,120,0.57,0.7215,267,0.57,0.7215,120,0.58,0.7341,2272,0
IWM191011C151,2019-10-07,2019-10-07 09:34:49,0.59,0.7468,202,0.57,0.7215,267,0.57,0.7215,120,0.58,0.7341,2272,0
IWM191011C151,2019-10-07,2019-10-07 09:34:49,0.59,0.7468,290,0.57,0.7215,480,0.57,0.7215,120,0.58,0.7341,2272,0
IWM191011C151,2019-10-07,2019-10-07 09:34:50,0.59,0.7468,512,0.56,0.7088,220,0.57,0.7215,120,0.575,0.7278,2272,0
IWM191011C151,2019-10-07,2019-10-07 09:34:50,0.59,0.7468,288,0.57,0.7215,70,0.57,0.7215,120,0.58,0.7341,2272,0
IWM191011C151,2019-10-07,2019-10-07 09:34:51,0.58,0.7341,22,0.57,0.7215,2,0.57,0.7215,120,0.575,0.7278,2272,0
IWM191011C151,2019-10-07,2019-10-07 09:34:51,0.58,0.7341,22,0.57,0.7215,118,0.57,0.7215,120,0.575,0.7278,2272,0
IWM191011C151,2019-10-07,2019-10-07 09:34:52,0.59,0.7468,110,0.57,0.7215,366,0.57,0.7215,120,0.58,0.7341,2272,0
IWM191011C151,2019-10-07,2019-10-07 09:34:52,0.59,0.7468,335,0.57,0.7215,496,0.57,0.7215,120,0.58,0.7341,2272,0
IWM191011C151,2019-10-07,2019-10-07 09:34:53,0.59,0.7468,292,0.57,0.7215,373,0.57,0.7215,120,0.58,0.7341,2272,0
IWM191011C151,2019-10-07,2019-10-07 09:34:53,0.59,0.7468,207,0.57,0.7215,333,0.57,0.7215,120,0.58,0.7341,2272,0
IWM191011C151,2019-10-07,2019-10-07 09:34:54,0.59,0.7468,254,0.57,0.7215,540,0.57,0.7215,120,0.58,0.7341,2272,0
IWM191011C151,2019-10-07,2019-10-07 09:34:54,0.59,0.7468,207,0.57,0.7215,500,0.57,0.7215,120,0.58,0.7341,2272,0
IWM191011C151,2019-10-07,2019-10-07 09:34:55,0.59,0.7468,343,0.57,0.7215,536,0.57,0.7215,120,0.58,0.7341,2272,0
IWM191011C151,2019-10-07,2019-10-07 09:34:55,0.59,0.7468,347,0.57,0.7215,540,0.57,0.7215,120,0.58,0.7341,2272,0
IWM191011C151,2019-10-07,2019-10-07 09:34:56,0.59,0.7468,254,0.57,0.7215,540,0.57,0.7215,120,0.58,0.7341,2272,0
IWM191011C151,2019-10-07,2019-10-07 09:34:56,0.59,0.7468,267,0.57,0.7215,540,0.57,0.7215,120,0.58,0.7341,2272,0
IWM191011C151,2019-10-07,2019-10-07 09:34:57,0.59,0.7468,351,0.57,0.7215,381,0.57,0.7215,120,0.58,0.7341,2272,0
IWM191011C151,2019-10-07,2019-10-07 09:34:57,0.59,0.7468,351,0.57,0.7215,373,0.57,0.7215,120,0.58,0.7341,2272,0
IWM191011C151,2019-10-07,2019-10-07 09:34:58,0.59,0.7468,24,0.57,0.7215,390,0.57,0.7215,120,0.58,0.7341,2272,0
IWM191011C151,2019-10-07,2019-10-07 09:34:59,0.59,0.7468,46,0.57,0.7215,452,0.57,0.7215,120,0.58,0.7341,2272,0
IWM191011C151,2019-10-07,2019-10-07 09:34:59,0.59,0.7468,22,0.57,0.7215,452,0.57,0.7215,120,0.58,0.7341,2272,0
IWM191011C151,2019-10-07,2019-10-07 09:35:00,0.59,0.7468,33,0.57,0.7215,557,0.57,0.7215,120,0.58,0.7341,2272,0
IWM191011C151,2019-10-07,2019-10-07 09:35:00,0.59,0.7468,32,0.57,0.7215,557,0.57,0.7215,120,0.58,0.7341,2272,0
IWM191011C151,2019-10-07,2019-10-07 09:35:01,0.6,0.7594,299,0.58,0.7341,75,0.57,0.7215,120,0.59,0.7468,2272,0
IWM191011C151,2019-10-07,2019-10-07 09:35:01,0.59,0.7468,22,0.58,0.7341,95,0.57,0.7215,120,0.585,0.7405,2272,0
IWM191011C151,2019-10-07,2019-10-07 09:35:02,0.59,0.7468,141,0.57,0.7215,80,0.57,0.7215,120,0.58,0.7341,2272,0
IWM191011C151,2019-10-07,2019-10-07 09:35:02,0.58,0.7341,78,0.57,0.7215,85,0.57,0.7215,120,0.575,0.7278,2272,0
IWM191011C151,2019-10-07,2019-10-07 09:35:03,0.57,0.7215,45,0.56,0.7088,75,0.57,0.7215,120,0.565,0.7151,2272,0
IWM191011C151,2019-10-07,2019-10-07 09:35:03,0.57,0.7215,57,0.56,0.7088,83,0.57,0.7215,120,0.565,0.7151,2272,0
IWM191011C151,2019-10-07,2019-10-07 09:35:04,0.57,0.7215,45,0.56,0.7088,83,0.57,0.7215,120,0.565,0.7151,2272,0
IWM191011C151,2019-10-07,2019-10-07 09:35:04,0.56,0.7088,32,0.55,0.6962,192,0.57,0.7215,120,0.555,0.7025,2272,0
IWM191011C151,2019-10-07,2019-10-07 09:35:05,0.56,0.7088,30,0.55,0.6962,145,0.57,0.7215,120,0.555,0.7025,2272,0
IWM191011C151,2019-10-07,2019-10-07 09:35:05,0.56,0.7088,33,0.55,0.6962,117,0.57,0.7215,120,0.555,0.7025,2272,0
IWM191011C151,2019-10-07,2019-10-07 09:35:06,0.56,0.7088,31,0.54,0.6835,403,0.57,0.7215,120,0.55,0.6962,2272,0
IWM191011C151,2019-10-07,2019-10-07 09:35:06,0.55,0.6962,4,0.54,0.6835,334,0.57,0.7215,120,0.545,0.6898,2272,0
IWM191011C151,2019-10-07,2019-10-07 09:35:07,0.56,0.7088,99,0.54,0.6835,536,0.57,0.7215,120,0.55,0.6962,2272,0
IWM191011C151,2019-10-07,2019-10-07 09:35:07,0.57,0.7215,165,0.55,0.6962,224,0.57,0.7215,120,0.56,0.7088,2272,0
IWM191011C151,2019-10-07,2019-10-07 09:35:08,0.56,0.7088,2,0.55,0.6962,402,0.57,0.7215,120,0.555,0.7025,2272,0
IWM191011C151,2019-10-07,2019-10-07 09:35:08,0.56,0.7088,2,0.55,0.6962,287,0.57,0.7215,120,0.555,0.7025,2272,0
IWM191011C151,2019-10-07,2019-10-07 09:35:09,0.56,0.7088,133,0.55,0.6962,210,0.57,0.7215,120,0.555,0.7025,2272,0
IWM191011C151,2019-10-07,2019-10-07 09:35:09,0.56,0.7088,12,0.55,0.6962,210,0.57,0.7215,120,0.555,0.7025,2272,0
IWM191011C151,2019-10-07,2019-10-07 09:35:10,0.56,0.7088,111,0.55,0.6962,210,0.57,0.7215,120,0.555,0.7025,2272,0
IWM191011C151,2019-10-07,2019-10-07 09:35:10,0.56,0.7088,136,0.55,0.6962,210,0.57,0.7215,120,0.555,0.7025,2272,0
IWM191011C151,2019-10-07,2019-10-07 09:35:11,0.56,0.7088,136,0.54,0.6835,344,0.57,0.7215,120,0.55,0.6962,2272,0
IWM191011C151,2019-10-07,2019-10-07 09:35:11,0.56,0.7088,259,0.54,0.6835,410,0.57,0.7215,120,0.55,0.6962,2272,0
IWM191011C151,2019-10-07,2019-10-07 09:35:12,0.57,0.7215,405,0.55,0.6962,253,0.57,0.7215,120,0.56,0.7088,2272,0
IWM191011C151,2019-10-07,2019-10-07 09:35:12,0.56,0.7088,85,0.54,0.6835,410,0.57,0.7215,120,0.55,0.6962,2272,0
IWM191011C151,2019-10-07,2019-10-07 09:35:13,0.56,0.7088,23,0.55,0.6962,281,0.57,0.7215,120,0.555,0.7025,2272,0
IWM191011C151,2019-10-07,2019-10-07 09:35:13,0.58,0.7341,56,0.56,0.7088,99,0.57,0.7215,120,0.57,0.7215,2272,0
IWM191011C151,2019-10-07,2019-10-07 09:35:14,0.58,0.7341,336,0.56,0.7088,308,0.57,0.7215,120,0.57,0.7215,2272,0
IWM191011C151,2019-10-07,2019-10-07 09:35:15,0.58,0.7341,73,0.56,0.7088,535,0.57,0.7215,120,0.57,0.7215,2272,0
IWM191011C151,2019-10-07,2019-10-07 09:35:15,0.58,0.7341,50,0.56,0.7088,535,0.57,0.7215,120,0.57,0.7215,2272,0
IWM191011C151,2019-10-07,2019-10-07 09:35:16,0.59,0.7468,261,0.57,0.7215,237,0.57,0.7215,120,0.58,0.7341,2272,0
IWM191011C151,2019-10-07,2019-10-07 09:35:16,0.58,0.7341,22,0.57,0.7215,275,0.57,0.7215,120,0.575,0.7278,2272,0
IWM191011C151,2019-10-07,2019-10-07 09:35:17,0.6,0.7594,210,0.58,0.7341,99,0.57,0.7215,120,0.59,0.7468,2272,0
IWM191011C151,2019-10-07,2019-10-07 09:35:17,0.59,0.7468,87,0.57,0.7215,204,0.57,0.7215,120,0.58,0.7341,2272,0
IWM191011C151,2019-10-07,2019-10-07 09:35:18,0.6,0.7594,102,0.59,0.7468,39,0.57,0.7215,120,0.595,0.7531,2272,0
IWM191011C151,2019-10-07,2019-10-07 09:35:18,0.6,0.7594,136,0.59,0.7468,39,0.57,0.7215,120,0.595,0.7531,2272,0
IWM191011C151,2019-10-07,2019-10-07 09:35:19,0.6,0.7594,136,0.59,0.7468,59,0.57,0.7215,120,0.595,0.7531,2272,0
IWM191011C151,2019-10-07,2019-10-07 09:35:19,0.6,0.7594,84,0.59,0.7468,80,0.57,0.7215,120,0.595,0.7531,2272,0
IWM191011C151,2019-10-07,2019-10-07 09:35:20,0.61,0.7721,197,0.59,0.7468,59,0.57,0.7215,120,0.6,0.7594,2272,0
IWM191011C151,2019-10-07,2019-10-07 09:35:20,0.61,0.7721,320,0.59,0.7468,474,0.57,0.7215,120,0.6,0.7594,2272,0
IWM191011C151,2019-10-07,2019-10-07 09:35:21,0.61,0.7721,361,0.59,0.7468,393,0.57,0.7215,120,0.6,0.7594,2272,0
IWM191011C151,2019-10-07,2019-10-07 09:35:21,0.61,0.7721,320,0.59,0.7468,474,0.57,0.7215,120,0.6,0.7594,2272,0
IWM191011C151,2019-10-07,2019-10-07 09:35:22,0.61,0.7721,120,0.59,0.7468,577,0.57,0.7215,120,0.6,0.7594,2272,0
IWM191011C151,2019-10-07,2019-10-07 09:35:22,0.61,0.7721,304,0.59,0.7468,393,0.57,0.7215,120,0.6,0.7594,2272,0
IWM191011C151,2019-10-07,2019-10-07 09:35:23,0.61,0.7721,116,0.59,0.7468,567,0.57,0.7215,120,0.6,0.7594,2272,0
IWM191011C151,2019-10-07,2019-10-07 09:35:23,0.61,0.7721,95,0.59,0.7468,577,0.57,0.7215,120,0.6,0.7594,2272,0
IWM191011C151,2019-10-07,2019-10-07 09:35:24,0.61,0.7721,113,0.59,0.7468,616,0.57,0.7215,120,0.6,0.7594,2272,0
IWM191011C151,2019-10-07,2019-10-07 09:35:24,0.61,0.7721,88,0.59,0.7468,665,0.57,0.7215,120,0.6,0.7594,2272,0
IWM191011C151,2019-10-07,2019-10-07 09:35:25,0.61,0.7721,13,0.6,0.7594,214,0.57,0.7215,120,0.605,0.7658,2272,0
IWM191011C151,2019-10-07,2019-10-07 09:35:25,0.61,0.7721,13,0.6,0.7594,233,0.57,0.7215,120,0.605,0.7658,2272,0
IWM191011C151,2019-10-07,2019-10-07 09:35:26,0.61,0.7721,22,0.6,0.7594,214,0.57,0.7215,120,0.605,0.7658,2272,0
IWM191011C151,2019-10-07,2019-10-07 09:35:26,0.61,0.7721,22,0.6,0.7594,234,0.57,0.7215,120,0.605,0.7658,2272,0
IWM191011C151,2019-10-07,2019-10-07 09:35:27,0.61,0.7721,13,0.6,0.7594,249,0.57,0.7215,120,0.605,0.7658,2272,0
IWM191011C151,2019-10-07,2019-10-07 09:35:27,0.61,0.7721,22,0.6,0.7594,204,0.57,0.7215,120,0.605,0.7658,2272,0
IWM191011C151,2019-10-07,2019-10-07 09:35:28,0.61,0.7721,22,0.6,0.7594,374,0.57,0.7215,120,0.605,0.7658,2272,0
IWM191011C151,2019-10-07,2019-10-07 09:35:29,0.62,0.7848,119,0.6,0.7594,374,0.57,0.7215,120,0.61,0.7721,2272,0
IWM191011C151,2019-10-07,2019-10-07 09:35:29,0.62,0.7848,62,0.6,0.7594,374,0.57,0.7215,120,0.61,0.7721,2272,0
IWM191011C151,2019-10-07,2019-10-07 09:35:30,0.62,0.7848,73,0.6,0.7594,497,0.57,0.7215,120,0.61,0.7721,2272,0
IWM191011C151,2019-10-07,2019-10-07 09:35:30,0.62,0.7848,73,0.6,0.7594,525,0.57,0.7215,120,0.61,0.7721,2272,0
IWM191011C151,2019-10-07,2019-10-07 09:35:31,0.62,0.7848,192,0.6,0.7594,497,0.57,0.7215,120,0.61,0.7721,2272,0
IWM191011C151,2019-10-07,2019-10-07 09:35:31,0.62,0.7848,125,0.6,0.7594,487,0.57,0.7215,120,0.61,0.7721,2272,0
IWM191011C151,2019-10-07,2019-10-07 09:35:32,0.62,0.7848,405,0.6,0.7594,185,0.57,0.7215,120,0.61,0.7721,2272,0
IWM191011C151,2019-10-07,2019-10-07 09:35:32,0.62,0.7848,125,0.6,0.7594,487,0.57,0.7215,120,0.61,0.7721,2272,0
IWM191011C151,2019-10-07,2019-10-07 09:35:33,0.62,0.7848,711,0.59,0.7468,139,0.57,0.7215,120,0.605,0.7658,2272,0
IWM191011C151,2019-10-07,2019-10-07 09:35:33,0.62,0.7848,652,0.59,0.7468,139,0.57,0.7215,120,0.605,0.7658,2272,0
IWM191011C151,2019-10-07,2019-10-07 09:35:34,0.6,0.7594,93,0.58,0.7341,410,0.57,0.7215,120,0.59,0.7468,2272,0
IWM191011C151,2019-10-07,2019-10-07 09:35:34,0.6,0.7594,25,0.59,0.7468,318,0.57,0.7215,120,0.595,0.7531,2272,0
IWM191011C151,2019-10-07,2019-10-07 09:35:35,0.6,0.7594,64,0.58,0.7341,389,0.57,0.7215,120,0.59,0.7468,2272,0
IWM191011C151,2019-10-07,2019-10-07 09:35:35,0.6,0.7594,64,0.59,0.7468,90,0.57,0.7215,120,0.595,0.7531,2272,0
IWM191011C151,2019-10-07,2019-10-07 09:35:36,0.6,0.7594,146,0.57,0.7215,90,0.57,0.7215,120,0.585,0.7405,2272,0
IWM191011C151,2019-10-07,2019-10-07 09:35:36,0.6,0.7594,64,0.58,0.7341,389,0.57,0.7215,120,0.59,0.7468,2272,0
IWM191011C151,2019-10-07,2019-10-07 09:35:37,0.6,0.7594,2,0.57,0.7215,110,0.57,0.7215,120,0.585,0.7405,2272,0
IWM191011C151,2019-10-07,2019-10-07 09:35:37,0.59,0.7468,169,0.57,0.7215,138,0.57,0.7215,120,0.58,0.7341,2272,0
IWM191011C151,2019-10-07,2019-10-07 09:35:38,0.6,0.7594,2,0.58,0.7341,372,0.57,0.7215,120,0.59,0.7468,2272,0
IWM191011C151,2019-10-07,2019-10-07 09:35:38,0.6,0.7594,22,0.58,0.7341,347,0.57,0.7215,120,0.59,0.7468,2272,0
IWM191011C151,2019-10-07,2019-10-07 09:35:39,0.6,0.7594,99,0.58,0.7341,514,0.57,0.7215,120,0.59,0.7468,2272,0
IWM191011C151,2019-10-07,2019-10-07 09:35:39,0.6,0.7594,99,0.58,0.7341,476,0.57,0.7215,120,0.59,0.7468,2272,0
IWM191011C151,2019-10-07,2019-10-07 09:35:40,0.6,0.7594,123,0.58,0.7341,542,0.57,0.7215,120,0.59,0.7468,2272,0
IWM191011C151,2019-10-07,2019-10-07 09:35:40,0.59,0.7468,2,0.58,0.7341,34,0.57,0.7215,120,0.585,0.7405,2272,0
IWM191011C151,2019-10-07,2019-10-07 09:35:41,0.59,0.7468,10,0.58,0.7341,34,0.57,0.7215,120,0.585,0.7405,2272,0
IWM191011C151,2019-10-07,2019-10-07 09:35:41,0.59,0.7468,85,0.57,0.7215,347,0.57,0.7215,120,0.58,0.7341,2272,0
IWM191011C151,2019-10-07,2019-10-07 09:35:42,0.59,0.7468,144,0.57,0.7215,464,0.57,0.7215,120,0.58,0.7341,2272,0
IWM191011C151,2019-10-07,2019-10-07 09:35:42,0.59,0.7468,136,0.57,0.7215,160,0.57,0.7215,120,0.58,0.7341,2272,0
IWM191011C151,2019-10-07,2019-10-07 09:35:43,0.58,0.7341,22,0.57,0.7215,677,0.57,0.7215,120,0.575,0.7278,2272,0
IWM191011C151,2019-10-07,2019-10-07 09:35:43,0.59,0.7468,154,0.57,0.7215,677,0.57,0.7215,120,0.58,0.7341,2272,0
IWM191011C151,2019-10-07,2019-10-07 09:35:44,0.58,0.7341,9,0.57,0.7215,473,0.57,0.7215,120,0.575,0.7278,2272,0
IWM191011C151,2019-10-07,2019-10-07 09:35:45,0.58,0.7341,22,0.57,0.7215,335,0.57,0.7215,120,0.575,0.7278,2272,0
IWM191011C151,2019-10-07,2019-10-07 09:35:45,0.58,0.7341,9,0.57,0.7215,643,0.57,0.7215,120,0.575,0.7278,2272,0
IWM191011C151,2019-10-07,2019-10-07 09:35:46,0.58,0.7341,17,0.57,0.7215,85,0.57,0.7215,120,0.575,0.7278,2272,0
IWM191011C151,2019-10-07,2019-10-07 09:35:46,0.59,0.7468,140,0.57,0.7215,660,0.57,0.7215,120,0.58,0.7341,2272,0
IWM191011C151,2019-10-07,2019-10-07 09:35:47,0.59,0.7468,116,0.58,0.7341,82,0.57,0.7215,120,0.585,0.7405,2272,0
IWM191011C151,2019-10-07,2019-10-07 09:35:47,0.59,0.7468,71,0.57,0.7215,387,0.57,0.7215,120,0.58,0.7341,2272,0
IWM191011C151,2019-10-07,2019-10-07 09:35:48,0.59,0.7468,254,0.57,0.7215,300,0.57,0.7215,120,0.58,0.7341,2272,0
IWM191011C151,2019-10-07,2019-10-07 09:35:48,0.58,0.7341,22,0.57,0.7215,54,0.57,0.7215,120,0.575,0.7278,2272,0
IWM191011C151,2019-10-07,2019-10-07 09:35:49,0.58,0.7341,22,0.57,0.7215,166,0.57,0.7215,120,0.575,0.7278,2272,0
IWM191011C151,2019-10-07,2019-10-07 09:35:49,0.58,0.7341,1,0.56,0.7088,269,0.57,0.7215,120,0.57,0.7215,2272,0
IWM191011C151,2019-10-07,2019-10-07 09:35:50,0.59,0.7468,268,0.57,0.7215,115,0.57,0.7215,120,0.58,0.7341,2272,0
IWM191011C151,2019-10-07,2019-10-07 09:35:50,0.59,0.7468,130,0.57,0.7215,352,0.57,0.7215,120,0.58,0.7341,2272,0
IWM191011C151,2019-10-07,2019-10-07 09:35:51,0.59,0.7468,73,0.57,0.7215,585,0.57,0.7215,120,0.58,0.7341,2272,0
IWM191011C151,2019-10-07,2019-10-07 09:35:51,0.58,0.7341,9,0.57,0.7215,402,0.57,0.7215,120,0.575,0.7278,2272,0
IWM191011C151,2019-10-07,2019-10-07 09:35:52,0.59,0.7468,33,0.58,0.7341,10,0.57,0.7215,120,0.585,0.7405,2272,0
IWM191011C151,2019-10-07,2019-10-07 09:35:52,0.6,0.7594,84,0.58,0.7341,112,0.57,0.7215,120,0.59,0.7468,2272,0
IWM191011C151,2019-10-07,2019-10-07 09:35:53,0.59,0.7468,195,0.57,0.7215,465,0.57,0.7215,120,0.58,0.7341,2272,0
IWM191011C151,2019-10-07,2019-10-07 09:35:53,0.59,0.7468,195,0.57,0.7215,473,0.57,0.7215,120,0.58,0.7341,2272,0
IWM191011C151,2019-10-07,2019-10-07 09:35:54,0.59,0.7468,198,0.57,0.7215,473,0.57,0.7215,120,0.58,0.7341,2272,0
IWM191011C151,2019-10-07,2019-10-07 09:35:54,0.59,0.7468,5,0.58,0.7341,216,0.57,0.7215,120,0.585,0.7405,2272,0
IWM191011C151,2019-10-07,2019-10-07 09:35:55,0.59,0.7468,22,0.58,0.7341,346,0.57,0.7215,120,0.585,0.7405,2272,0
IWM191011C151,2019-10-07,2019-10-07 09:35:56,0.6,0.7594,195,0.58,0.7341,669,0.57,0.7215,120,0.59,0.7468,2272,0
IWM191011C151,2019-10-07,2019-10-07 09:35:56,0.6,0.7594,179,0.58,0.7341,669,0.57,0.7215,120,0.59,0.7468,2272,0
IWM191011C151,2019-10-07,2019-10-07 09:35:57,0.6,0.7594,213,0.58,0.7341,315,0.57,0.7215,120,0.59,0.7468,2272,0
IWM191011C151,2019-10-07,2019-10-07 09:35:57,0.6,0.7594,195,0.58,0.7341,644,0.57,0.7215,120,0.59,0.7468,2272,0
IWM191011C151,2019-10-07,2019-10-07 09:35:58,0.6,0.7594,165,0.58,0.7341,726,0.59,0.7468,1,0.59,0.7468,2273,0
IWM191011C151,2019-10-07,2019-10-07 09:35:58,0.6,0.7594,312,0.58,0.7341,376,0.57,0.7215,120,0.59,0.7468,2273,1
IWM191011C151,2019-10-07,2019-10-07 09:35:59,0.59,0.7468,22,0.58,0.7341,482,0.59,0.7468,1,0.585,0.7405,2273,0
IWM191011C151,2019-10-07,2019-10-07 09:36:00,0.6,0.7594,43,0.58,0.7341,763,0.59,0.7468,1,0.59,0.7468,2273,0
IWM191011C151,2019-10-07,2019-10-07 09:36:00,0.6,0.7594,10,0.58,0.7341,762,0.59,0.7468,1,0.59,0.7468,2273,0
IWM191011C151,2019-10-07,2019-10-07 09:36:01,0.6,0.7594,16,0.59,0.7468,93,0.59,0.7468,1,0.595,0.7531,2273,0
IWM191011C151,2019-10-07,2019-10-07 09:36:01,0.62,0.7848,86,0.6,0.7594,90,0.59,0.7468,1,0.61,0.7721,2273,0
IWM191011C151,2019-10-07,2019-10-07 09:36:02,0.61,0.7721,79,0.6,0.7594,83,0.59,0.7468,1,0.605,0.7658,2273,0
IWM191011C151,2019-10-07,2019-10-07 09:36:02,0.61,0.7721,235,0.59,0.7468,308,0.59,0.7468,1,0.6,0.7594,2273,0
IWM191011C151,2019-10-07,2019-10-07 09:36:03,0.6,0.7594,20,0.59,0.7468,224,0.59,0.7468,1,0.595,0.7531,2273,0
IWM191011C151,2019-10-07,2019-10-07 09:36:04,0.6,0.7594,10,0.59,0.7468,282,0.59,0.7468,1,0.595,0.7531,2273,0
IWM191011C151,2019-10-07,2019-10-07 09:36:04,0.6,0.7594,10,0.59,0.7468,130,0.59,0.7468,1,0.595,0.7531,2273,0
IWM191011C151,2019-10-07,2019-10-07 09:36:05,0.6,0.7594,10,0.59,0.7468,379,0.59,0.7468,1,0.595,0.7531,2273,0
IWM191011C151,2019-10-07,2019-10-07 09:36:05,0.6,0.7594,7,0.59,0.7468,83,0.59,0.7468,1,0.595,0.7531,2273,0
IWM191011C151,2019-10-07,2019-10-07 09:36:06,0.6,0.7594,44,0.59,0.7468,83,0.59,0.7468,1,0.595,0.7531,2273,0
IWM191011C151,2019-10-07,2019-10-07 09:36:06,0.6,0.7594,7,0.59,0.7468,83,0.59,0.7468,1,0.595,0.7531,2273,0
IWM191011C151,2019-10-07,2019-10-07 09:36:07,0.6,0.7594,150,0.58,0.7341,292,0.59,0.7468,1,0.59,0.7468,2273,0
IWM191011C151,2019-10-07,2019-10-07 09:36:07,0.6,0.7594,131,0.58,0.7341,292,0.59,0.7468,1,0.59,0.7468,2273,0
IWM191011C151,2019-10-07,2019-10-07 09:36:08,0.6,0.7594,150,0.58,0.7341,294,0.59,0.7468,1,0.59,0.7468,2273,0
IWM191011C151,2019-10-07,2019-10-07 09:36:08,0.6,0.7594,150,0.58,0.7341,473,0.59,0.7468,1,0.59,0.7468,2273,0
IWM191011C151,2019-10-07,2019-10-07 09:36:09,0.6,0.7594,362,0.57,0.7215,437,0.59,0.7468,1,0.585,0.7405,2273,0
IWM191011C151,2019-10-07,2019-10-07 09:36:09,0.6,0.7594,383,0.57,0.7215,249,0.59,0.7468,1,0.585,0.7405,2273,0
IWM191011C151,2019-10-07,2019-10-07 09:36:10,0.6,0.7594,219,0.57,0.7215,520,0.59,0.7468,1,0.585,0.7405,2273,0
IWM191011C151,2019-10-07,2019-10-07 09:36:10,0.59,0.7468,22,0.57,0.7215,226,0.59,0.7468,1,0.58,0.7341,2273,0
IWM191011C151,2019-10-07,2019-10-07 09:36:11,0.59,0.7468,175,0.58,0.7341,7,0.59,0.7468,1,0.585,0.7405,2273,0
IWM191011C151,2019-10-07,2019-10-07 09:36:11,0.59,0.7468,22,0.57,0.7215,189,0.59,0.7468,1,0.58,0.7341,2273,0
IWM191011C151,2019-10-07,2019-10-07 09:36:12,0.59,0.7468,92,0.58,0.7341,7,0.59,0.7468,1,0.585,0.7405,2273,0
IWM191011C151,2019-10-07,2019-10-07 09:36:12,0.59,0.7468,139,0.57,0.7215,231,0.59,0.7468,1,0.58,0.7341,2273,0
IWM191011C151,2019-10-07,2019-10-07 09:36:13,0.59,0.7468,271,0.57,0.7215,102,0.59,0.7468,1,0.58,0.7341,2273,0
IWM191011C151,2019-10-07,2019-10-07 09:36:14,0.59,0.7468,269,0.57,0.7215,50,0.59,0.7468,1,0.58,0.7341,2273,0
IWM191011C151,2019-10-07,2019-10-07 09:36:15,0.59,0.7468,264,0.57,0.7215,106,0.59,0.7468,1,0.58,0.7341,2273,0
IWM191011C151,2019-10-07,2019-10-07 09:36:15,0.58,0.7341,22,0.57,0.7215,220,0.59,0.7468,1,0.575,0.7278,2273,0
IWM191011C151,2019-10-07,2019-10-07 09:36:16,0.59,0.7468,169,0.58,0.7341,4,0.59,0.7468,1,0.585,0.7405,2273,0
IWM191011C151,2019-10-07,2019-10-07 09:36:16,0.59,0.7468,125,0.57,0.7215,321,0.59,0.7468,1,0.58,0.7341,2273,0
IWM191011C151,2019-10-07,2019-10-07 09:36:17,0.59,0.7468,152,0.57,0.7215,503,0.59,0.7468,1,0.58,0.7341,2273,0
IWM191011C151,2019-10-07,2019-10-07 09:36:17,0.59,0.7468,152,0.58,0.7341,8,0.59,0.7468,1,0.585,0.7405,2273,0
IWM191011C151,2019-10-07,2019-10-07 09:36:18,0.58,0.7341,56,0.57,0.7215,131,0.59,0.7468,1,0.575,0.7278,2273,0
IWM191011C151,2019-10-07,2019-10-07 09:36:18,0.59,0.7468,167,0.57,0.7215,199,0.59,0.7468,1,0.58,0.7341,2273,0
IWM191011C151,2019-10-07,2019-10-07 09:36:19,0.57,0.7215,22,0.56,0.7088,279,0.59,0.7468,1,0.565,0.7151,2273,0
IWM191011C151,2019-10-07,2019-10-07 09:36:19,0.58,0.7341,66,0.56,0.7088,188,0.59,0.7468,1,0.57,0.7215,2273,0
IWM191011C151,2019-10-07,2019-10-07 09:36:20,0.58,0.7341,22,0.57,0.7215,247,0.59,0.7468,1,0.575,0.7278,2273,0
IWM191011C151,2019-10-07,2019-10-07 09:36:20,0.59,0.7468,65,0.57,0.7215,269,0.59,0.7468,1,0.58,0.7341,2273,0
IWM191011C151,2019-10-07,2019-10-07 09:36:21,0.59,0.7468,91,0.58,0.7341,34,0.59,0.7468,1,0.585,0.7405,2273,0
IWM191011C151,2019-10-07,2019-10-07 09:36:21,0.59,0.7468,25,0.57,0.7215,238,0.59,0.7468,1,0.58,0.7341,2273,0
IWM191011C151,2019-10-07,2019-10-07 09:36:22,0.58,0.7341,18,0.57,0.7215,118,0.59,0.7468,1,0.575,0.7278,2273,0
IWM191011C151,2019-10-07,2019-10-07 09:36:22,0.58,0.7341,36,0.57,0.7215,75,0.59,0.7468,1,0.575,0.7278,2273,0
IWM191011C151,2019-10-07,2019-10-07 09:36:23,0.58,0.7341,36,0.57,0.7215,182,0.59,0.7468,1,0.575,0.7278,2273,0
IWM191011C151,2019-10-07,2019-10-07 09:36:23,0.58,0.7341,36,0.56,0.7088,378,0.59,0.7468,1,0.57,0.7215,2273,0
IWM191011C151,2019-10-07,2019-10-07 09:36:24,0.58,0.7341,36,0.56,0.7088,619,0.59,0.7468,1,0.57,0.7215,2273,0
IWM191011C151,2019-10-07,2019-10-07 09:36:24,0.58,0.7341,36,0.57,0.7215,15,0.59,0.7468,1,0.575,0.7278,2273,0
IWM191011C151,2019-10-07,2019-10-07 09:36:25,0.58,0.7341,50,0.56,0.7088,899,0.59,0.7468,1,0.57,0.7215,2273,0
IWM191011C151,2019-10-07,2019-10-07 09:36:26,0.58,0.7341,119,0.56,0.7088,680,0.59,0.7468,1,0.57,0.7215,2273,0
IWM191011C151,2019-10-07,2019-10-07 09:36:26,0.58,0.7341,95,0.56,0.7088,899,0.59,0.7468,1,0.57,0.7215,2273,0
IWM191011C151,2019-10-07,2019-10-07 09:36:27,0.58,0.7341,135,0.56,0.7088,655,0.59,0.7468,1,0.57,0.7215,2273,0
IWM191011C151,2019-10-07,2019-10-07 09:36:27,0.58,0.7341,184,0.56,0.7088,655,0.59,0.7468,1,0.57,0.7215,2273,0
IWM191011C151,2019-10-07,2019-10-07 09:36:28,0.58,0.7341,83,0.57,0.7215,61,0.59,0.7468,1,0.575,0.7278,2273,0
IWM191011C151,2019-10-07,2019-10-07 09:36:28,0.58,0.7341,123,0.57,0.7215,123,0.59,0.7468,1,0.575,0.7278,2273,0
IWM191011C151,2019-10-07,2019-10-07 09:36:29,0.59,0.7468,67,0.57,0.7215,451,0.59,0.7468,1,0.58,0.7341,2273,0
IWM191011C151,2019-10-07,2019-10-07 09:36:29,0.59,0.7468,48,0.57,0.7215,421,0.59,0.7468,1,0.58,0.7341,2273,0
IWM191011C151,2019-10-07,2019-10-07 09:36:30,0.59,0.7468,129,0.57,0.7215,165,0.59,0.7468,1,0.58,0.7341,2273,0
IWM191011C151,2019-10-07,2019-10-07 09:36:30,0.59,0.7468,69,0.58,0.7341,91,0.59,0.7468,1,0.585,0.7405,2273,0
IWM191011C151,2019-10-07,2019-10-07 09:36:31,0.59,0.7468,361,0.57,0.7215,24,0.59,0.7468,1,0.58,0.7341,2273,0
IWM191011C151,2019-10-07,2019-10-07 09:36:31,0.59,0.7468,218,0.57,0.7215,114,0.59,0.7468,1,0.58,0.7341,2273,0
IWM191011C151,2019-10-07,2019-10-07 09:36:32,0.58,0.7341,265,0.57,0.7215,11,0.59,0.7468,1,0.575,0.7278,2273,0
IWM191011C151,2019-10-07,2019-10-07 09:36:32,0.58,0.7341,92,0.57,0.7215,35,0.59,0.7468,1,0.575,0.7278,2273,0
IWM191011C151,2019-10-07,2019-10-07 09:36:33,0.58,0.7341,313,0.55,0.6962,142,0.59,0.7468,1,0.565,0.7151,2273,0
IWM191011C151,2019-10-07,2019-10-07 09:36:33,0.58,0.7341,454,0.55,0.6962,492,0.59,0.7468,1,0.565,0.7151,2273,0
IWM191011C151,2019-10-07,2019-10-07 09:36:34,0.57,0.7215,161,0.55,0.6962,148,0.59,0.7468,1,0.56,0.7088,2273,0
IWM191011C151,2019-10-07,2019-10-07 09:36:34,0.56,0.7088,15,0.55,0.6962,306,0.59,0.7468,1,0.555,0.7025,2273,0
IWM191011C151,2019-10-07,2019-10-07 09:36:35,0.57,0.7215,213,0.55,0.6962,129,0.59,0.7468,1,0.56,0.7088,2273,0
IWM191011C151,2019-10-07,2019-10-07 09:36:35,0.57,0.7215,467,0.55,0.6962,12,0.59,0.7468,1,0.56,0.7088,2273,0
IWM191011C151,2019-10-07,2019-10-07 09:36:36,0.56,0.7088,92,0.55,0.6962,89,0.59,0.7468,1,0.555,0.7025,2273,0
IWM191011C151,2019-10-07,2019-10-07 09:36:37,0.56,0.7088,21,0.55,0.6962,82,0.59,0.7468,1,0.555,0.7025,2273,0
IWM191011C151,2019-10-07,2019-10-07 09:36:37,0.56,0.7088,15,0.55,0.6962,188,0.59,0.7468,1,0.555,0.7025,2273,0
IWM191011C151,2019-10-07,2019-10-07 09:36:38,0.56,0.7088,22,0.55,0.6962,203,0.59,0.7468,1,0.555,0.7025,2273,0
IWM191011C151,2019-10-07,2019-10-07 09:36:38,0.56,0.7088,22,0.55,0.6962,225,0.59,0.7468,1,0.555,0.7025,2273,0
IWM191011C151,2019-10-07,2019-10-07 09:36:39,0.56,0.7088,40,0.54,0.6835,248,0.59,0.7468,1,0.55,0.6962,2273,0
IWM191011C151,2019-10-07,2019-10-07 09:36:39,0.56,0.7088,32,0.55,0.6962,26,0.59,0.7468,1,0.555,0.7025,2273,0
IWM191011C151,2019-10-07,2019-10-07 09:36:40,0.56,0.7088,153,0.54,0.6835,456,0.59,0.7468,1,0.55,0.6962,2273,0
IWM191011C151,2019-10-07,2019-10-07 09:36:41,0.56,0.7088,228,0.54,0.6835,384,0.59,0.7468,1,0.55,0.6962,2273,0
IWM191011C151,2019-10-07,2019-10-07 09:36:41,0.56,0.7088,136,0.54,0.6835,286,0.59,0.7468,1,0.55,0.6962,2273,0
IWM191011C151,2019-10-07,2019-10-07 09:36:42,0.56,0.7088,179,0.54,0.6835,385,0.59,0.7468,1,0.55,0.6962,2273,0
IWM191011C151,2019-10-07,2019-10-07 09:36:42,0.56,0.7088,173,0.54,0.6835,269,0.59,0.7468,1,0.55,0.6962,2273,0
IWM191011C151,2019-10-07,2019-10-07 09:36:43,0.55,0.6962,17,0.54,0.6835,75,0.59,0.7468,1,0.545,0.6898,2273,0
IWM191011C151,2019-10-07,2019-10-07 09:36:43,0.56,0.7088,173,0.54,0.6835,79,0.59,0.7468,1,0.55,0.6962,2273,0
IWM191011C151,2019-10-07,2019-10-07 09:36:44,0.55,0.6962,17,0.54,0.6835,201,0.59,0.7468,1,0.545,0.6898,2273,0
IWM191011C151,2019-10-07,2019-10-07 09:36:44,0.55,0.6962,22,0.54,0.6835,4,0.59,0.7468,1,0.545,0.6898,2273,0
IWM191011C151,2019-10-07,2019-10-07 09:36:45,0.55,0.6962,37,0.53,0.6708,648,0.59,0.7468,1,0.54,0.6835,2273,0
IWM191011C151,2019-10-07,2019-10-07 09:36:45,0.55,0.6962,67,0.54,0.6835,4,0.59,0.7468,1,0.545,0.6898,2273,0
IWM191011C151,2019-10-07,2019-10-07 09:36:46,0.55,0.6962,184,0.53,0.6708,401,0.59,0.7468,1,0.54,0.6835,2273,0
IWM191011C151,2019-10-07,2019-10-07 09:36:46,0.55,0.6962,28,0.53,0.6708,539,0.59,0.7468,1,0.54,0.6835,2273,0
IWM191011C151,2019-10-07,2019-10-07 09:36:47,0.55,0.6962,157,0.53,0.6708,411,0.59,0.7468,1,0.54,0.6835,2273,0
IWM191011C151,2019-10-07,2019-10-07 09:36:48,0.55,0.6962,109,0.53,0.6708,284,0.59,0.7468,1,0.54,0.6835,2273,0
IWM191011C151,2019-10-07,2019-10-07 09:36:48,0.55,0.6962,157,0.53,0.6708,547,0.59,0.7468,1,0.54,0.6835,2273,0
IWM191011C151,2019-10-07,2019-10-07 09:36:49,0.55,0.6962,109,0.53,0.6708,105,0.59,0.7468,1,0.54,0.6835,2273,0
IWM191011C151,2019-10-07,2019-10-07 09:36:49,0.54,0.6835,33,0.53,0.6708,105,0.59,0.7468,1,0.535,0.6772,2273,0
IWM191011C151,2019-10-07,2019-10-07 09:36:50,0.54,0.6835,33,0.53,0.6708,81,0.59,0.7468,1,0.535,0.6772,2273,0
IWM191011C151,2019-10-07,2019-10-07 09:36:50,0.54,0.6835,33,0.53,0.6708,93,0.59,0.7468,1,0.535,0.6772,2273,0
IWM191011C151,2019-10-07,2019-10-07 09:36:51,0.54,0.6835,22,0.53,0.6708,41,0.59,0.7468,1,0.535,0.6772,2273,0
IWM191011C151,2019-10-07,2019-10-07 09:36:51,0.54,0.6835,46,0.53,0.6708,10,0.59,0.7468,1,0.535,0.6772,2273,0
IWM191011C151,2019-10-07,2019-10-07 09:36:52,0.54,0.6835,22,0.52,0.6582,645,0.59,0.7468,1,0.53,0.6708,2273,0
IWM191011C151,2019-10-07,2019-10-07 09:36:52,0.54,0.6835,22,0.52,0.6582,189,0.59,0.7468,1,0.53,0.6708,2273,0
IWM191011C151,2019-10-07,2019-10-07 09:36:53,0.54,0.6835,28,0.53,0.6708,12,0.59,0.7468,1,0.535,0.6772,2273,0
IWM191011C151,2019-10-07,2019-10-07 09:36:53,0.54,0.6835,28,0.53,0.6708,28,0.59,0.7468,1,0.535,0.6772,2273,0
IWM191011C151,2019-10-07,2019-10-07 09:36:54,0.55,0.6962,245,0.53,0.6708,422,0.59,0.7468,1,0.54,0.6835,2273,0
IWM191011C151,2019-10-07,2019-10-07 09:36:54,0.54,0.6835,28,0.53,0.6708,110,0.59,0.7468,1,0.535,0.6772,2273,0
IWM191011C151,2019-10-07,2019-10-07 09:36:55,0.55,0.6962,277,0.53,0.6708,370,0.59,0.7468,1,0.54,0.6835,2273,0
IWM191011C151,2019-10-07,2019-10-07 09:36:55,0.55,0.6962,277,0.53,0.6708,183,0.59,0.7468,1,0.54,0.6835,2273,0
IWM191011C151,2019-10-07,2019-10-07 09:36:56,0.55,0.6962,277,0.53,0.6708,183,0.59,0.7468,1,0.54,0.6835,2273,0
IWM191011C151,2019-10-07,2019-10-07 09:36:57,0.55,0.6962,277,0.53,0.6708,173,0.59,0.7468,1,0.54,0.6835,2273,0
IWM191011C151,2019-10-07,2019-10-07 09:36:57,0.54,0.6835,22,0.53,0.6708,173,0.59,0.7468,1,0.535,0.6772,2273,0
IWM191011C151,2019-10-07,2019-10-07 09:36:58,0.54,0.6835,184,0.52,0.6582,203,0.59,0.7468,1,0.53,0.6708,2273,0
IWM191011C151,2019-10-07,2019-10-07 09:36:58,0.54,0.6835,204,0.52,0.6582,320,0.59,0.7468,1,0.53,0.6708,2273,0
IWM191011C151,2019-10-07,2019-10-07 09:36:59,0.54,0.6835,236,0.52,0.6582,310,0.59,0.7468,1,0.53,0.6708,2273,0
IWM191011C151,2019-10-07,2019-10-07 09:36:59,0.54,0.6835,214,0.52,0.6582,360,0.59,0.7468,1,0.53,0.6708,2273,0
IWM191011C151,2019-10-07,2019-10-07 09:37:00,0.54,0.6835,190,0.52,0.6582,465,0.59,0.7468,1,0.53,0.6708,2273,0
IWM191011C151,2019-10-07,2019-10-07 09:37:00,0.54,0.6835,236,0.52,0.6582,421,0.59,0.7468,1,0.53,0.6708,2273,0
IWM191011C151,2019-10-07,2019-10-07 09:37:01,0.53,0.6708,22,0.52,0.6582,275,0.59,0.7468,1,0.525,0.6645,2273,0
IWM191011C151,2019-10-07,2019-10-07 09:37:01,0.53,0.6708,22,0.52,0.6582,285,0.59,0.7468,1,0.525,0.6645,2273,0
IWM191011C151,2019-10-07,2019-10-07 09:37:02,0.54,0.6835,200,0.52,0.6582,312,0.59,0.7468,1,0.53,0.6708,2273,0
IWM191011C151,2019-10-07,2019-10-07 09:37:02,0.54,0.6835,240,0.52,0.6582,215,0.59,0.7468,1,0.53,0.6708,2273,0
IWM191011C151,2019-10-07,2019-10-07 09:37:03,0.54,0.6835,292,0.52,0.6582,195,0.59,0.7468,1,0.53,0.6708,2273,0
IWM191011C151,2019-10-07,2019-10-07 09:37:03,0.54,0.6835,292,0.52,0.6582,284,0.59,0.7468,1,0.53,0.6708,2273,0
IWM191011C151,2019-10-07,2019-10-07 09:37:04,0.54,0.6835,212,0.52,0.6582,120,0.59,0.7468,1,0.53,0.6708,2273,0
IWM191011C151,2019-10-07,2019-10-07 09:37:04,0.54,0.6835,292,0.52,0.6582,323,0.59,0.7468,1,0.53,0.6708,2273,0
IWM191011C151,2019-10-07,2019-10-07 09:37:05,0.54,0.6835,293,0.52,0.6582,173,0.59,0.7468,1,0.53,0.6708,2273,0
IWM191011C151,2019-10-07,2019-10-07 09:37:06,0.52,0.6582,15,0.52,0.6582,173,0.59,0.7468,1,0.52,0.6582,2273,0
IWM191011C151,2019-10-07,2019-10-07 09:37:06,0.53,0.6708,178,0.51,0.6455,202,0.59,0.7468,1,0.52,0.6582,2273,0
IWM191011C151,2019-10-07,2019-10-07 09:37:07,0.52,0.6582,15,0.51,0.6455,234,0.59,0.7468,1,0.515,0.6518,2273,0
IWM191011C151,2019-10-07,2019-10-07 09:37:07,0.53,0.6708,223,0.51,0.6455,461,0.59,0.7468,1,0.52,0.6582,2273,0
IWM191011C151,2019-10-07,2019-10-07 09:37:08,0.52,0.6582,15,0.51,0.6455,334,0.59,0.7468,1,0.515,0.6518,2273,0
IWM191011C151,2019-10-07,2019-10-07 09:37:08,0.53,0.6708,87,0.52,0.6582,8,0.59,0.7468,1,0.525,0.6645,2273,0
IWM191011C151,2019-10-07,2019-10-07 09:37:09,0.52,0.6582,22,0.51,0.6455,203,0.59,0.7468,1,0.515,0.6518,2273,0
IWM191011C151,2019-10-07,2019-10-07 09:37:09,0.52,0.6582,22,0.51,0.6455,140,0.59,0.7468,1,0.515,0.6518,2273,0
IWM191011C151,2019-10-07,2019-10-07 09:37:10,0.53,0.6708,184,0.51,0.6455,560,0.59,0.7468,1,0.52,0.6582,2273,0
IWM191011C151,2019-10-07,2019-10-07 09:37:10,0.53,0.6708,136,0.51,0.6455,348,0.59,0.7468,1,0.52,0.6582,2273,0
IWM191011C151,2019-10-07,2019-10-07 09:37:11,0.53,0.6708,184,0.51,0.6455,560,0.59,0.7468,1,0.52,0.6582,2273,0
IWM191011C151,2019-10-07,2019-10-07 09:37:11,0.53,0.6708,184,0.51,0.6455,315,0.59,0.7468,1,0.52,0.6582,2273,0
IWM191011C151,2019-10-07,2019-10-07 09:37:12,0.53,0.6708,188,0.51,0.6455,545,0.59,0.7468,1,0.52,0.6582,2273,0
IWM191011C151,2019-10-07,2019-10-07 09:37:12,0.53,0.6708,154,0.51,0.6455,411,0.59,0.7468,1,0.52,0.6582,2273,0
IWM191011C151,2019-10-07,2019-10-07 09:37:13,0.53,0.6708,381,0.51,0.6455,545,0.59,0.7468,1,0.52,0.6582,2273,0
IWM191011C151,2019-10-07,2019-10-07 09:37:13,0.52,0.6582,22,0.51,0.6455,169,0.59,0.7468,1,0.515,0.6518,2273,0
IWM191011C151,2019-10-07,2019-10-07 09:37:14,0.52,0.6582,22,0.51,0.6455,275,0.59,0.7468,1,0.515,0.6518,2273,0
IWM191011C151,2019-10-07,2019-10-07 09:37:15,0.52,0.6582,87,0.51,0.6455,165,0.59,0.7468,1,0.515,0.6518,2273,0
IWM191011C151,2019-10-07,2019-10-07 09:37:15,0.52,0.6582,22,0.51,0.6455,147,0.59,0.7468,1,0.515,0.6518,2273,0
IWM191011C151,2019-10-07,2019-10-07 09:37:16,0.52,0.6582,155,0.5,0.6329,374,0.59,0.7468,1,0.51,0.6455,2273,0
IWM191011C151,2019-10-07,2019-10-07 09:37:16,0.52,0.6582,56,0.5,0.6329,185,0.59,0.7468,1,0.51,0.6455,2273,0
IWM191011C151,2019-10-07,2019-10-07 09:37:17,0.52,0.6582,155,0.5,0.6329,285,0.59,0.7468,1,0.51,0.6455,2273,0
IWM191011C151,2019-10-07,2019-10-07 09:37:17,0.52,0.6582,165,0.5,0.6329,687,0.59,0.7468,1,0.51,0.6455,2273,0
IWM191011C151,2019-10-07,2019-10-07 09:37:18,0.52,0.6582,179,0.5,0.6329,609,0.59,0.7468,1,0.51,0.6455,2273,0
IWM191011C151,2019-10-07,2019-10-07 09:37:18,0.52,0.6582,191,0.5,0.6329,610,0.59,0.7468,1,0.51,0.6455,2273,0
IWM191011C151,2019-10-07,2019-10-07 09:37:19,0.53,0.6708,83,0.51,0.6455,110,0.59,0.7468,1,0.52,0.6582,2273,0
IWM191011C151,2019-10-07,2019-10-07 09:37:19,0.52,0.6582,2,0.51,0.6455,15,0.59,0.7468,1,0.515,0.6518,2273,0
IWM191011C151,2019-10-07,2019-10-07 09:37:20,0.53,0.6708,197,0.51,0.6455,539,0.52,0.6582,1,0.52,0.6582,2277,0
IWM191011C151,2019-10-07,2019-10-07 09:37:20,0.53,0.6708,197,0.51,0.6455,539,0.52,0.6582,1,0.52,0.6582,2277,4
IWM191011C151,2019-10-07,2019-10-07 09:37:21,0.53,0.6708,145,0.51,0.6455,573,0.52,0.6582,1,0.52,0.6582,2277,0
IWM191011C151,2019-10-07,2019-10-07 09:37:22,0.53,0.6708,17,0.51,0.6455,333,0.52,0.6582,1,0.52,0.6582,2829,552
IWM191011C151,2019-10-07,2019-10-07 09:37:22,0.53,0.6708,71,0.51,0.6455,481,0.52,0.6582,1,0.52,0.6582,2832,3
IWM191011C151,2019-10-07,2019-10-07 09:37:23,0.53,0.6708,180,0.51,0.6455,796,0.52,0.6582,17,0.52,0.6582,3155,323
IWM191011C151,2019-10-07,2019-10-07 09:37:23,0.53,0.6708,70,0.51,0.6455,796,0.52,0.6582,17,0.52,0.6582,3155,0
IWM191011C151,2019-10-07,2019-10-07 09:37:24,0.53,0.6708,145,0.51,0.6455,802,0.52,0.6582,24,0.52,0.6582,3274,119
IWM191011C151,2019-10-07,2019-10-07 09:37:25,0.53,0.6708,22,0.51,0.6455,802,0.52,0.6582,24,0.52,0.6582,3274,0
IWM191011C151,2019-10-07,2019-10-07 09:37:25,0.53,0.6708,97,0.51,0.6455,802,0.52,0.6582,24,0.52,0.6582,3274,0
IWM191011C151,2019-10-07,2019-10-07 09:37:26,0.53,0.6708,22,0.52,0.6582,256,0.52,0.6582,24,0.525,0.6645,3274,0
IWM191011C151,2019-10-07,2019-10-07 09:37:26,0.53,0.6708,109,0.52,0.6582,92,0.52,0.6582,24,0.525,0.6645,3274,0
IWM191011C151,2019-10-07,2019-10-07 09:37:27,0.54,0.6835,209,0.53,0.6708,1,0.52,0.6582,24,0.535,0.6772,3274,0
IWM191011C151,2019-10-07,2019-10-07 09:37:27,0.54,0.6835,148,0.53,0.6708,1,0.52,0.6582,24,0.535,0.6772,3274,0
IWM191011C151,2019-10-07,2019-10-07 09:37:28,0.54,0.6835,261,0.52,0.6582,419,0.52,0.6582,24,0.53,0.6708,3274,0
IWM191011C151,2019-10-07,2019-10-07 09:37:29,0.53,0.6708,22,0.52,0.6582,260,0.52,0.6582,24,0.525,0.6645,3274,0
IWM191011C151,2019-10-07,2019-10-07 09:37:29,0.54,0.6835,170,0.52,0.6582,611,0.52,0.6582,24,0.53,0.6708,3274,0
IWM191011C151,2019-10-07,2019-10-07 09:37:30,0.54,0.6835,50,0.52,0.6582,497,0.52,0.6582,24,0.53,0.6708,3274,0
IWM191011C151,2019-10-07,2019-10-07 09:37:30,0.54,0.6835,170,0.52,0.6582,760,0.52,0.6582,24,0.53,0.6708,3274,0
IWM191011C151,2019-10-07,2019-10-07 09:37:31,0.54,0.6835,67,0.52,0.6582,179,0.52,0.6582,24,0.53,0.6708,3274,0
IWM191011C151,2019-10-07,2019-10-07 09:37:31,0.54,0.6835,50,0.52,0.6582,355,0.52,0.6582,24,0.53,0.6708,3274,0
IWM191011C151,2019-10-07,2019-10-07 09:37:32,0.54,0.6835,87,0.52,0.6582,204,0.52,0.6582,24,0.53,0.6708,3274,0
IWM191011C151,2019-10-07,2019-10-07 09:37:32,0.54,0.6835,87,0.52,0.6582,399,0.52,0.6582,24,0.53,0.6708,3274,0
IWM191011C151,2019-10-07,2019-10-07 09:37:33,0.54,0.6835,87,0.52,0.6582,413,0.52,0.6582,24,0.53,0.6708,3274,0
IWM191011C151,2019-10-07,2019-10-07 09:37:33,0.54,0.6835,87,0.52,0.6582,533,0.52,0.6582,24,0.53,0.6708,3274,0
IWM191011C151,2019-10-07,2019-10-07 09:37:34,0.53,0.6708,202,0.51,0.6455,232,0.52,0.6582,24,0.52,0.6582,3274,0
IWM191011C151,2019-10-07,2019-10-07 09:37:34,0.54,0.6835,87,0.52,0.6582,196,0.52,0.6582,24,0.53,0.6708,3274,0
IWM191011C151,2019-10-07,2019-10-07 09:37:35,0.53,0.6708,315,0.51,0.6455,711,0.52,0.6582,24,0.52,0.6582,3274,0
IWM191011C151,2019-10-07,2019-10-07 09:37:35,0.53,0.6708,370,0.51,0.6455,432,0.52,0.6582,24,0.52,0.6582,3274,0
IWM191011C151,2019-10-07,2019-10-07 09:37:36,0.53,0.6708,315,0.51,0.6455,812,0.52,0.6582,24,0.52,0.6582,3274,0
IWM191011C151,2019-10-07,2019-10-07 09:37:36,0.53,0.6708,355,0.51,0.6455,474,0.52,0.6582,24,0.52,0.6582,3274,0
IWM191011C151,2019-10-07,2019-10-07 09:37:37,0.53,0.6708,422,0.51,0.6455,605,0.52,0.6582,24,0.52,0.6582,3274,0
IWM191011C151,2019-10-07,2019-10-07 09:37:37,0.53,0.6708,334,0.51,0.6455,638,0.52,0.6582,24,0.52,0.6582,3274,0
IWM191011C151,2019-10-07,2019-10-07 09:37:38,0.53,0.6708,616,0.51,0.6455,598,0.52,0.6582,24,0.52,0.6582,3274,0
IWM191011C151,2019-10-07,2019-10-07 09:37:38,0.53,0.6708,380,0.51,0.6455,598,0.52,0.6582,24,0.52,0.6582,3274,0
IWM191011C151,2019-10-07,2019-10-07 09:37:39,0.53,0.6708,214,0.51,0.6455,749,0.52,0.6582,24,0.52,0.6582,3274,0
IWM191011C151,2019-10-07,2019-10-07 09:37:39,0.53,0.6708,577,0.51,0.6455,749,0.52,0.6582,24,0.52,0.6582,3274,0
IWM191011C151,2019-10-07,2019-10-07 09:37:40,0.53,0.6708,368,0.51,0.6455,786,0.52,0.6582,24,0.52,0.6582,3274,0
IWM191011C151,2019-10-07,2019-10-07 09:37:40,0.53,0.6708,368,0.51,0.6455,768,0.52,0.6582,24,0.52,0.6582,3274,0
IWM191011C151,2019-10-07,2019-10-07 09:37:41,0.53,0.6708,445,0.51,0.6455,805,0.52,0.6582,24,0.52,0.6582,3274,0
IWM191011C151,2019-10-07,2019-10-07 09:37:42,0.53,0.6708,54,0.52,0.6582,76,0.52,0.6582,24,0.525,0.6645,3274,0
IWM191011C151,2019-10-07,2019-10-07 09:37:43,0.52,0.6582,22,0.51,0.6455,704,0.52,0.6582,24,0.515,0.6518,3274,0
IWM191011C151,2019-10-07,2019-10-07 09:37:43,0.53,0.6708,141,0.51,0.6455,704,0.52,0.6582,24,0.52,0.6582,3274,0
IWM191011C151,2019-10-07,2019-10-07 09:37:44,0.53,0.6708,349,0.51,0.6455,704,0.52,0.6582,24,0.52,0.6582,3274,0
IWM191011C151,2019-10-07,2019-10-07 09:37:44,0.53,0.6708,294,0.51,0.6455,704,0.52,0.6582,24,0.52,0.6582,3274,0
IWM191011C151,2019-10-07,2019-10-07 09:37:45,0.53,0.6708,411,0.51,0.6455,704,0.52,0.6582,24,0.52,0.6582,3274,0
IWM191011C151,2019-10-07,2019-10-07 09:37:46,0.53,0.6708,96,0.52,0.6582,32,0.52,0.6582,24,0.525,0.6645,3274,0
IWM191011C151,2019-10-07,2019-10-07 09:37:47,0.53,0.6708,212,0.51,0.6455,394,0.52,0.6582,24,0.52,0.6582,3274,0
IWM191011C151,2019-10-07,2019-10-07 09:37:47,0.53,0.6708,212,0.52,0.6582,32,0.52,0.6582,24,0.525,0.6645,3274,0
IWM191011C151,2019-10-07,2019-10-07 09:37:48,0.53,0.6708,216,0.51,0.6455,625,0.52,0.6582,24,0.52,0.6582,3274,0
IWM191011C151,2019-10-07,2019-10-07 09:37:49,0.53,0.6708,216,0.51,0.6455,625,0.52,0.6582,24,0.52,0.6582,3274,0
IWM191011C151,2019-10-07,2019-10-07 09:37:50,0.53,0.6708,285,0.51,0.6455,625,0.52,0.6582,24,0.52,0.6582,3274,0
IWM191011C151,2019-10-07,2019-10-07 09:37:51,0.53,0.6708,285,0.51,0.6455,625,0.52,0.6582,24,0.52,0.6582,3274,0
IWM191011C151,2019-10-07,2019-10-07 09:37:52,0.53,0.6708,285,0.51,0.6455,625,0.52,0.6582,24,0.52,0.6582,3274,0
IWM191011C151,2019-10-07,2019-10-07 09:37:52,0.53,0.6708,285,0.51,0.6455,605,0.52,0.6582,24,0.52,0.6582,3274,0
IWM191011C151,2019-10-07,2019-10-07 09:37:53,0.53,0.6708,285,0.51,0.6455,615,0.52,0.6582,24,0.52,0.6582,3274,0
IWM191011C151,2019-10-07,2019-10-07 09:37:53,0.53,0.6708,285,0.51,0.6455,659,0.52,0.6582,24,0.52,0.6582,3274,0
IWM191011C151,2019-10-07,2019-10-07 09:37:54,0.53,0.6708,285,0.51,0.6455,615,0.52,0.6582,24,0.52,0.6582,3274,0
IWM191011C151,2019-10-07,2019-10-07 09:37:55,0.53,0.6708,202,0.51,0.6455,615,0.52,0.6582,24,0.52,0.6582,3274,0
IWM191011C151,2019-10-07,2019-10-07 09:37:56,0.53,0.6708,148,0.52,0.6582,1,0.52,0.6582,24,0.525,0.6645,3274,0
IWM191011C151,2019-10-07,2019-10-07 09:37:56,0.53,0.6708,179,0.52,0.6582,84,0.52,0.6582,24,0.525,0.6645,3274,0
IWM191011C151,2019-10-07,2019-10-07 09:37:57,0.53,0.6708,148,0.52,0.6582,2,0.52,0.6582,24,0.525,0.6645,3274,0
IWM191011C151,2019-10-07,2019-10-07 09:37:58,0.53,0.6708,264,0.51,0.6455,594,0.52,0.6582,24,0.52,0.6582,3274,0
IWM191011C151,2019-10-07,2019-10-07 09:37:58,0.53,0.6708,264,0.51,0.6455,604,0.52,0.6582,24,0.52,0.6582,3274,0
IWM191011C151,2019-10-07,2019-10-07 09:37:59,0.53,0.6708,398,0.51,0.6455,610,0.52,0.6582,24,0.52,0.6582,3274,0
IWM191011C151,2019-10-07,2019-10-07 09:37:59,0.53,0.6708,306,0.51,0.6455,594,0.52,0.6582,24,0.52,0.6582,3274,0
IWM191011C151,2019-10-07,2019-10-07 09:38:00,0.52,0.6582,24,0.51,0.6455,191,0.52,0.6582,24,0.515,0.6518,3274,0
IWM191011C151,2019-10-07,2019-10-07 09:38:00,0.53,0.6708,444,0.5,0.6329,118,0.52,0.6582,24,0.515,0.6518,3274,0
IWM191011C151,2019-10-07,2019-10-07 09:38:01,0.52,0.6582,115,0.51,0.6455,135,0.52,0.6582,24,0.515,0.6518,3274,0
IWM191011C151,2019-10-07,2019-10-07 09:38:01,0.52,0.6582,24,0.51,0.6455,278,0.52,0.6582,24,0.515,0.6518,3274,0
IWM191011C151,2019-10-07,2019-10-07 09:38:02,0.52,0.6582,306,0.5,0.6329,515,0.52,0.6582,24,0.51,0.6455,3274,0
IWM191011C151,2019-10-07,2019-10-07 09:38:03,0.52,0.6582,379,0.5,0.6329,515,0.52,0.6582,24,0.51,0.6455,3274,0
IWM191011C151,2019-10-07,2019-10-07 09:38:04,0.52,0.6582,551,0.5,0.6329,582,0.52,0.6582,24,0.51,0.6455,3274,0
IWM191011C151,2019-10-07,2019-10-07 09:38:04,0.52,0.6582,551,0.5,0.6329,684,0.52,0.6582,24,0.51,0.6455,3274,0
IWM191011C151,2019-10-07,2019-10-07 09:38:05,0.52,0.6582,70,0.51,0.6455,85,0.52,0.6582,24,0.515,0.6518,3274,0
IWM191011C151,2019-10-07,2019-10-07 09:38:05,0.52,0.6582,125,0.5,0.6329,478,0.52,0.6582,24,0.51,0.6455,3274,0
IWM191011C151,2019-10-07,2019-10-07 09:38:06,0.52,0.6582,70,0.51,0.6455,257,0.52,0.6582,24,0.515,0.6518,3274,0
IWM191011C151,2019-10-07,2019-10-07 09:38:06,0.52,0.6582,37,0.51,0.6455,386,0.52,0.6582,24,0.515,0.6518,3274,0
IWM191011C151,2019-10-07,2019-10-07 09:38:07,0.52,0.6582,37,0.51,0.6455,386,0.52,0.6582,24,0.515,0.6518,3274,0
IWM191011C151,2019-10-07,2019-10-07 09:38:08,0.52,0.6582,27,0.51,0.6455,346,0.52,0.6582,24,0.515,0.6518,3274,0
IWM191011C151,2019-10-07,2019-10-07 09:38:08,0.52,0.6582,52,0.5,0.6329,219,0.52,0.6582,24,0.51,0.6455,3274,0
IWM191011C151,2019-10-07,2019-10-07 09:38:09,0.52,0.6582,191,0.5,0.6329,753,0.52,0.6582,24,0.51,0.6455,3274,0
IWM191011C151,2019-10-07,2019-10-07 09:38:09,0.52,0.6582,258,0.5,0.6329,712,0.52,0.6582,24,0.51,0.6455,3274,0
IWM191011C151,2019-10-07,2019-10-07 09:38:10,0.51,0.6455,63,0.5,0.6329,445,0.52,0.6582,24,0.505,0.6392,3274,0
IWM191011C151,2019-10-07,2019-10-07 09:38:10,0.51,0.6455,48,0.5,0.6329,445,0.52,0.6582,24,0.505,0.6392,3274,0
IWM191011C151,2019-10-07,2019-10-07 09:38:11,0.51,0.6455,93,0.5,0.6329,150,0.52,0.6582,24,0.505,0.6392,3274,0
IWM191011C151,2019-10-07,2019-10-07 09:38:11,0.51,0.6455,93,0.5,0.6329,58,0.52,0.6582,24,0.505,0.6392,3274,0
IWM191011C151,2019-10-07,2019-10-07 09:38:12,0.51,0.6455,318,0.5,0.6329,58,0.52,0.6582,24,0.505,0.6392,3274,0
IWM191011C151,2019-10-07,2019-10-07 09:38:12,0.51,0.6455,314,0.5,0.6329,58,0.52,0.6582,24,0.505,0.6392,3274,0
IWM191011C151,2019-10-07,2019-10-07 09:38:13,0.51,0.6455,314,0.5,0.6329,82,0.52,0.6582,24,0.505,0.6392,3274,0
IWM191011C151,2019-10-07,2019-10-07 09:38:13,0.51,0.6455,314,0.5,0.6329,84,0.52,0.6582,24,0.505,0.6392,3274,0
IWM191011C151,2019-10-07,2019-10-07 09:38:14,0.51,0.6455,411,0.5,0.6329,11,0.52,0.6582,24,0.505,0.6392,3274,0
IWM191011C151,2019-10-07,2019-10-07 09:38:14,0.51,0.6455,457,0.5,0.6329,8,0.52,0.6582,24,0.505,0.6392,3274,0
IWM191011C151,2019-10-07,2019-10-07 09:38:15,0.51,0.6455,347,0.49,0.6202,844,0.52,0.6582,24,0.5,0.6329,3274,0
IWM191011C151,2019-10-07,2019-10-07 09:38:15,0.51,0.6455,106,0.5,0.6329,219,0.52,0.6582,24,0.505,0.6392,3274,0
IWM191011C151,2019-10-07,2019-10-07 09:38:16,0.51,0.6455,197,0.5,0.6329,219,0.52,0.6582,24,0.505,0.6392,3274,0
IWM191011C151,2019-10-07,2019-10-07 09:38:17,0.51,0.6455,256,0.5,0.6329,33,0.52,0.6582,24,0.505,0.6392,3274,0
IWM191011C151,2019-10-07,2019-10-07 09:38:17,0.51,0.6455,232,0.5,0.6329,42,0.52,0.6582,24,0.505,0.6392,3274,0
IWM191011C151,2019-10-07,2019-10-07 09:38:18,0.51,0.6455,258,0.5,0.6329,48,0.52,0.6582,24,0.505,0.6392,3274,0
IWM191011C151,2019-10-07,2019-10-07 09:38:18,0.51,0.6455,232,0.5,0.6329,181,0.52,0.6582,24,0.505,0.6392,3274,0
IWM191011C151,2019-10-07,2019-10-07 09:38:19,0.51,0.6455,64,0.5,0.6329,264,0.52,0.6582,24,0.505,0.6392,3274,0
IWM191011C151,2019-10-07,2019-10-07 09:38:19,0.51,0.6455,288,0.5,0.6329,181,0.52,0.6582,24,0.505,0.6392,3274,0
IWM191011C151,2019-10-07,2019-10-07 09:38:20,0.51,0.6455,13,0.5,0.6329,381,0.52,0.6582,24,0.505,0.6392,3274,0
IWM191011C151,2019-10-07,2019-10-07 09:38:20,0.51,0.6455,13,0.5,0.6329,357,0.52,0.6582,24,0.505,0.6392,3274,0
IWM191011C151,2019-10-07,2019-10-07 09:38:21,0.51,0.6455,13,0.5,0.6329,381,0.52,0.6582,24,0.505,0.6392,3274,0
IWM191011C151,2019-10-07,2019-10-07 09:38:21,0.52,0.6582,446,0.5,0.6329,337,0.52,0.6582,24,0.51,0.6455,3274,0
IWM191011C151,2019-10-07,2019-10-07 09:38:22,0.52,0.6582,446,0.5,0.6329,476,0.52,0.6582,24,0.51,0.6455,3274,0
IWM191011C151,2019-10-07,2019-10-07 09:38:23,0.52,0.6582,389,0.5,0.6329,552,0.52,0.6582,24,0.51,0.6455,3274,0
IWM191011C151,2019-10-07,2019-10-07 09:38:23,0.52,0.6582,433,0.5,0.6329,515,0.52,0.6582,24,0.51,0.6455,3274,0
IWM191011C151,2019-10-07,2019-10-07 09:38:24,0.52,0.6582,433,0.5,0.6329,342,0.52,0.6582,24,0.51,0.6455,3274,0
IWM191011C151,2019-10-07,2019-10-07 09:38:24,0.52,0.6582,489,0.5,0.6329,342,0.52,0.6582,24,0.51,0.6455,3274,0
