symbol,Date,quote_time,ask_price,norm_ask_price,ask_size,bid_price,norm_bid_price,bid_size,last_trade_price,norm_last_trade_price,last_trade_size,mark_price,norm_mark_price,volume,Volume
IWM190913P153,2019-09-11,2019-09-11 09:30:00,0.64,1.0,16,0.36,0.5625,16,0.74,1.1562,1,0.5,0.7812,0,0
IWM190913P153,2019-09-11,2019-09-11 09:30:00,0.53,0.8281,30,0.46,0.7187,30,0.74,1.1562,1,0.495,0.7734,0,0
IWM190913P153,2019-09-11,2019-09-11 09:30:01,0.53,0.8281,30,0.46,0.7187,30,0.74,1.1562,1,0.495,0.7734,0,0
IWM190913P153,2019-09-11,2019-09-11 09:30:02,0.53,0.8281,30,0.46,0.7187,30,0.74,1.1562,1,0.495,0.7734,0,0
IWM190913P153,2019-09-11,2019-09-11 09:30:03,0.64,1.0,24,0.36,0.5625,24,0.74,1.1562,1,0.5,0.7812,0,0
IWM190913P153,2019-09-11,2019-09-11 09:30:03,0.53,0.8281,30,0.45,0.7031,30,0.74,1.1562,1,0.49,0.7656,0,0
IWM190913P153,2019-09-11,2019-09-11 09:30:04,0.54,0.8437,30,0.46,0.7187,30,0.74,1.1562,1,0.5,0.7812,0,0
IWM190913P153,2019-09-11,2019-09-11 09:30:05,0.54,0.8437,30,0.46,0.7187,30,0.74,1.1562,1,0.5,0.7812,0,0
IWM190913P153,2019-09-11,2019-09-11 09:30:05,0.53,0.8281,30,0.46,0.7187,30,0.74,1.1562,1,0.495,0.7734,0,0
IWM190913P153,2019-09-11,2019-09-11 09:30:06,0.53,0.8281,30,0.46,0.7187,30,0.74,1.1562,1,0.495,0.7734,0,0
IWM190913P153,2019-09-11,2019-09-11 09:30:07,0.55,0.8593,75,0.48,0.75,75,0.74,1.1562,1,0.515,0.8046,0,0
IWM190913P153,2019-09-11,2019-09-11 09:30:07,0.53,0.8281,30,0.46,0.7187,30,0.74,1.1562,1,0.495,0.7734,0,0
IWM190913P153,2019-09-11,2019-09-11 09:30:08,0.53,0.8281,10,0.5,0.7812,10,0.74,1.1562,1,0.515,0.8046,0,0
IWM190913P153,2019-09-11,2019-09-11 09:30:08,0.55,0.8593,60,0.5,0.7812,127,0.74,1.1562,1,0.525,0.8203,0,0
IWM190913P153,2019-09-11,2019-09-11 09:30:09,0.53,0.8281,10,0.5,0.7812,10,0.74,1.1562,1,0.515,0.8046,0,0
IWM190913P153,2019-09-11,2019-09-11 09:30:09,0.53,0.8281,10,0.49,0.7656,145,0.74,1.1562,1,0.51,0.7968,0,0
IWM190913P153,2019-09-11,2019-09-11 09:30:10,0.53,0.8281,10,0.49,0.7656,145,0.74,1.1562,1,0.51,0.7968,0,0
IWM190913P153,2019-09-11,2019-09-11 09:30:10,0.53,0.8281,10,0.5,0.7812,144,0.74,1.1562,1,0.515,0.8046,0,0
IWM190913P153,2019-09-11,2019-09-11 09:30:11,0.53,0.8281,10,0.5,0.7812,175,0.74,1.1562,1,0.515,0.8046,0,0
IWM190913P153,2019-09-11,2019-09-11 09:30:12,0.53,0.8281,10,0.5,0.7812,191,0.74,1.1562,1,0.515,0.8046,0,0
IWM190913P153,2019-09-11,2019-09-11 09:30:13,0.53,0.8281,10,0.5,0.7812,20,0.74,1.1562,1,0.515,0.8046,0,0
IWM190913P153,2019-09-11,2019-09-11 09:30:13,0.53,0.8281,10,0.5,0.7812,126,0.74,1.1562,1,0.515,0.8046,0,0
IWM190913P153,2019-09-11,2019-09-11 09:30:14,0.53,0.8281,20,0.5,0.7812,52,0.74,1.1562,1,0.515,0.8046,0,0
IWM190913P153,2019-09-11,2019-09-11 09:30:14,0.54,0.8437,68,0.51,0.7968,126,0.74,1.1562,1,0.525,0.8203,0,0
IWM190913P153,2019-09-11,2019-09-11 09:30:15,0.54,0.8437,68,0.5,0.7812,187,0.74,1.1562,1,0.52,0.8125,0,0
IWM190913P153,2019-09-11,2019-09-11 09:30:15,0.54,0.8437,68,0.51,0.7968,60,0.74,1.1562,1,0.525,0.8203,0,0
IWM190913P153,2019-09-11,2019-09-11 09:30:16,0.54,0.8437,68,0.5,0.7812,187,0.74,1.1562,1,0.52,0.8125,0,0
IWM190913P153,2019-09-11,2019-09-11 09:30:17,0.54,0.8437,68,0.5,0.7812,187,0.74,1.1562,1,0.52,0.8125,0,0
IWM190913P153,2019-09-11,2019-09-11 09:30:17,0.54,0.8437,68,0.5,0.7812,205,0.74,1.1562,1,0.52,0.8125,0,0
IWM190913P153,2019-09-11,2019-09-11 09:30:18,0.54,0.8437,68,0.51,0.7968,165,0.74,1.1562,1,0.525,0.8203,0,0
IWM190913P153,2019-09-11,2019-09-11 09:30:18,0.54,0.8437,68,0.51,0.7968,196,0.74,1.1562,1,0.525,0.8203,0,0
IWM190913P153,2019-09-11,2019-09-11 09:30:19,0.55,0.8593,10,0.51,0.7968,196,0.74,1.1562,1,0.53,0.8281,0,0
IWM190913P153,2019-09-11,2019-09-11 09:30:20,0.55,0.8593,60,0.52,0.8125,126,0.74,1.1562,1,0.535,0.8359,0,0
IWM190913P153,2019-09-11,2019-09-11 09:30:20,0.55,0.8593,60,0.51,0.7968,2,0.74,1.1562,1,0.53,0.8281,0,0
IWM190913P153,2019-09-11,2019-09-11 09:30:21,0.55,0.8593,61,0.5,0.7812,216,0.74,1.1562,1,0.525,0.8203,0,0
IWM190913P153,2019-09-11,2019-09-11 09:30:21,0.55,0.8593,134,0.51,0.7968,2,0.74,1.1562,1,0.53,0.8281,0,0
IWM190913P153,2019-09-11,2019-09-11 09:30:22,0.55,0.8593,61,0.5,0.7812,216,0.74,1.1562,1,0.525,0.8203,0,0
IWM190913P153,2019-09-11,2019-09-11 09:30:22,0.55,0.8593,162,0.5,0.7812,216,0.74,1.1562,1,0.525,0.8203,0,0
IWM190913P153,2019-09-11,2019-09-11 09:30:23,0.55,0.8593,162,0.5,0.7812,135,0.74,1.1562,1,0.525,0.8203,0,0
IWM190913P153,2019-09-11,2019-09-11 09:30:23,0.55,0.8593,162,0.5,0.7812,20,0.74,1.1562,1,0.525,0.8203,0,0
IWM190913P153,2019-09-11,2019-09-11 09:30:24,0.54,0.8437,60,0.5,0.7812,20,0.74,1.1562,1,0.52,0.8125,0,0
IWM190913P153,2019-09-11,2019-09-11 09:30:24,0.54,0.8437,60,0.49,0.7656,261,0.74,1.1562,1,0.515,0.8046,0,0
IWM190913P153,2019-09-11,2019-09-11 09:30:25,0.54,0.8437,171,0.49,0.7656,261,0.74,1.1562,1,0.515,0.8046,0,0
IWM190913P153,2019-09-11,2019-09-11 09:30:25,0.54,0.8437,197,0.49,0.7656,261,0.74,1.1562,1,0.515,0.8046,0,0
IWM190913P153,2019-09-11,2019-09-11 09:30:26,0.53,0.8281,25,0.51,0.7968,13,0.74,1.1562,1,0.52,0.8125,0,0
IWM190913P153,2019-09-11,2019-09-11 09:30:26,0.54,0.8437,293,0.5,0.7812,37,0.74,1.1562,1,0.52,0.8125,0,0
IWM190913P153,2019-09-11,2019-09-11 09:30:27,0.53,0.8281,253,0.51,0.7968,13,0.74,1.1562,1,0.52,0.8125,0,0
IWM190913P153,2019-09-11,2019-09-11 09:30:27,0.53,0.8281,253,0.5,0.7812,29,0.74,1.1562,1,0.515,0.8046,0,0
IWM190913P153,2019-09-11,2019-09-11 09:30:28,0.53,0.8281,121,0.5,0.7812,13,0.74,1.1562,1,0.515,0.8046,0,0
IWM190913P153,2019-09-11,2019-09-11 09:30:28,0.53,0.8281,100,0.5,0.7812,29,0.74,1.1562,1,0.515,0.8046,0,0
IWM190913P153,2019-09-11,2019-09-11 09:30:29,0.53,0.8281,234,0.5,0.7812,13,0.74,1.1562,1,0.515,0.8046,0,0
IWM190913P153,2019-09-11,2019-09-11 09:30:31,0.53,0.8281,395,0.5,0.7812,14,0.74,1.1562,1,0.515,0.8046,0,0
IWM190913P153,2019-09-11,2019-09-11 09:30:32,0.53,0.8281,210,0.5,0.7812,14,0.74,1.1562,1,0.515,0.8046,0,0
IWM190913P153,2019-09-11,2019-09-11 09:30:32,0.53,0.8281,395,0.5,0.7812,14,0.74,1.1562,1,0.515,0.8046,0,0
IWM190913P153,2019-09-11,2019-09-11 09:30:33,0.53,0.8281,115,0.51,0.7968,29,0.74,1.1562,1,0.52,0.8125,0,0
IWM190913P153,2019-09-11,2019-09-11 09:30:33,0.53,0.8281,115,0.51,0.7968,14,0.74,1.1562,1,0.52,0.8125,0,0
IWM190913P153,2019-09-11,2019-09-11 09:30:34,0.53,0.8281,75,0.51,0.7968,19,0.74,1.1562,1,0.52,0.8125,0,0
IWM190913P153,2019-09-11,2019-09-11 09:30:34,0.53,0.8281,79,0.51,0.7968,29,0.74,1.1562,1,0.52,0.8125,0,0
IWM190913P153,2019-09-11,2019-09-11 09:30:35,0.53,0.8281,135,0.51,0.7968,16,0.74,1.1562,1,0.52,0.8125,0,0
IWM190913P153,2019-09-11,2019-09-11 09:30:35,0.53,0.8281,210,0.51,0.7968,14,0.74,1.1562,1,0.52,0.8125,0,0
IWM190913P153,2019-09-11,2019-09-11 09:30:36,0.53,0.8281,210,0.51,0.7968,14,0.74,1.1562,1,0.52,0.8125,0,0
IWM190913P153,2019-09-11,2019-09-11 09:30:37,0.53,0.8281,83,0.52,0.8125,13,0.74,1.1562,1,0.525,0.8203,0,0
IWM190913P153,2019-09-11,2019-09-11 09:30:37,0.53,0.8281,101,0.51,0.7968,24,0.74,1.1562,1,0.52,0.8125,0,0
IWM190913P153,2019-09-11,2019-09-11 09:30:38,0.53,0.8281,94,0.52,0.8125,13,0.74,1.1562,1,0.525,0.8203,0,0
IWM190913P153,2019-09-11,2019-09-11 09:30:38,0.53,0.8281,83,0.52,0.8125,13,0.74,1.1562,1,0.525,0.8203,0,0
IWM190913P153,2019-09-11,2019-09-11 09:30:39,0.53,0.8281,178,0.52,0.8125,13,0.74,1.1562,1,0.525,0.8203,0,0
IWM190913P153,2019-09-11,2019-09-11 09:30:40,0.53,0.8281,129,0.51,0.7968,27,0.74,1.1562,1,0.52,0.8125,0,0
IWM190913P153,2019-09-11,2019-09-11 09:30:40,0.53,0.8281,178,0.51,0.7968,14,0.74,1.1562,1,0.52,0.8125,0,0
IWM190913P153,2019-09-11,2019-09-11 09:30:41,0.53,0.8281,129,0.52,0.8125,13,0.74,1.1562,1,0.525,0.8203,0,0
IWM190913P153,2019-09-11,2019-09-11 09:30:41,0.53,0.8281,54,0.52,0.8125,13,0.74,1.1562,1,0.525,0.8203,0,0
IWM190913P153,2019-09-11,2019-09-11 09:30:42,0.54,0.8437,50,0.53,0.8281,13,0.74,1.1562,1,0.535,0.8359,0,0
IWM190913P153,2019-09-11,2019-09-11 09:30:42,0.53,0.8281,54,0.52,0.8125,13,0.74,1.1562,1,0.525,0.8203,0,0
IWM190913P153,2019-09-11,2019-09-11 09:30:43,0.54,0.8437,54,0.53,0.8281,13,0.74,1.1562,1,0.535,0.8359,0,0
IWM190913P153,2019-09-11,2019-09-11 09:30:43,0.54,0.8437,179,0.52,0.8125,16,0.74,1.1562,1,0.53,0.8281,0,0
IWM190913P153,2019-09-11,2019-09-11 09:30:44,0.54,0.8437,34,0.52,0.8125,16,0.74,1.1562,1,0.53,0.8281,0,0
IWM190913P153,2019-09-11,2019-09-11 09:30:44,0.54,0.8437,156,0.52,0.8125,16,0.74,1.1562,1,0.53,0.8281,0,0
IWM190913P153,2019-09-11,2019-09-11 09:30:45,0.54,0.8437,307,0.52,0.8125,15,0.74,1.1562,1,0.53,0.8281,0,0
IWM190913P153,2019-09-11,2019-09-11 09:30:45,0.54,0.8437,283,0.52,0.8125,15,0.74,1.1562,1,0.53,0.8281,0,0
IWM190913P153,2019-09-11,2019-09-11 09:30:46,0.54,0.8437,361,0.52,0.8125,14,0.74,1.1562,1,0.53,0.8281,0,0
IWM190913P153,2019-09-11,2019-09-11 09:30:47,0.54,0.8437,401,0.51,0.7968,57,0.74,1.1562,1,0.525,0.8203,0,0
IWM190913P153,2019-09-11,2019-09-11 09:30:47,0.53,0.8281,87,0.51,0.7968,57,0.74,1.1562,1,0.52,0.8125,0,0
IWM190913P153,2019-09-11,2019-09-11 09:30:48,0.53,0.8281,87,0.51,0.7968,57,0.74,1.1562,1,0.52,0.8125,0,0
IWM190913P153,2019-09-11,2019-09-11 09:30:48,0.54,0.8437,293,0.51,0.7968,47,0.74,1.1562,1,0.525,0.8203,0,0
IWM190913P153,2019-09-11,2019-09-11 09:30:49,0.53,0.8281,245,0.5,0.7812,73,0.74,1.1562,1,0.515,0.8046,0,0
IWM190913P153,2019-09-11,2019-09-11 09:30:49,0.54,0.8437,293,0.51,0.7968,57,0.74,1.1562,1,0.525,0.8203,0,0
IWM190913P153,2019-09-11,2019-09-11 09:30:50,0.52,0.8125,60,0.5,0.7812,29,0.74,1.1562,1,0.51,0.7968,0,0
IWM190913P153,2019-09-11,2019-09-11 09:30:50,0.52,0.8125,248,0.5,0.7812,29,0.74,1.1562,1,0.51,0.7968,0,0
IWM190913P153,2019-09-11,2019-09-11 09:30:51,0.52,0.8125,285,0.5,0.7812,29,0.74,1.1562,1,0.51,0.7968,0,0
IWM190913P153,2019-09-11,2019-09-11 09:30:51,0.52,0.8125,311,0.5,0.7812,13,0.74,1.1562,1,0.51,0.7968,0,0
IWM190913P153,2019-09-11,2019-09-11 09:30:52,0.53,0.8281,254,0.5,0.7812,13,0.74,1.1562,1,0.515,0.8046,0,0
IWM190913P153,2019-09-11,2019-09-11 09:30:52,0.53,0.8281,254,0.5,0.7812,56,0.74,1.1562,1,0.515,0.8046,0,0
IWM190913P153,2019-09-11,2019-09-11 09:30:53,0.53,0.8281,327,0.51,0.7968,13,0.74,1.1562,1,0.52,0.8125,0,0
IWM190913P153,2019-09-11,2019-09-11 09:30:53,0.53,0.8281,367,0.5,0.7812,56,0.74,1.1562,1,0.515,0.8046,0,0
IWM190913P153,2019-09-11,2019-09-11 09:30:54,0.52,0.8125,79,0.5,0.7812,14,0.74,1.1562,1,0.51,0.7968,0,0
IWM190913P153,2019-09-11,2019-09-11 09:30:54,0.52,0.8125,79,0.5,0.7812,15,0.74,1.1562,1,0.51,0.7968,0,0
IWM190913P153,2019-09-11,2019-09-11 09:30:55,0.52,0.8125,170,0.5,0.7812,55,0.74,1.1562,1,0.51,0.7968,0,0
IWM190913P153,2019-09-11,2019-09-11 09:30:55,0.52,0.8125,164,0.5,0.7812,14,0.74,1.1562,1,0.51,0.7968,0,0
IWM190913P153,2019-09-11,2019-09-11 09:30:56,0.52,0.8125,90,0.5,0.7812,43,0.74,1.1562,1,0.51,0.7968,0,0
IWM190913P153,2019-09-11,2019-09-11 09:30:56,0.52,0.8125,90,0.5,0.7812,25,0.74,1.1562,1,0.51,0.7968,0,0
IWM190913P153,2019-09-11,2019-09-11 09:30:57,0.52,0.8125,90,0.5,0.7812,50,0.74,1.1562,1,0.51,0.7968,0,0
IWM190913P153,2019-09-11,2019-09-11 09:30:57,0.53,0.8281,324,0.5,0.7812,50,0.74,1.1562,1,0.515,0.8046,0,0
IWM190913P153,2019-09-11,2019-09-11 09:30:58,0.53,0.8281,125,0.51,0.7968,41,0.74,1.1562,1,0.52,0.8125,0,0
IWM190913P153,2019-09-11,2019-09-11 09:30:58,0.53,0.8281,183,0.51,0.7968,14,0.74,1.1562,1,0.52,0.8125,0,0
IWM190913P153,2019-09-11,2019-09-11 09:30:59,0.53,0.8281,136,0.51,0.7968,20,0.74,1.1562,1,0.52,0.8125,0,0
IWM190913P153,2019-09-11,2019-09-11 09:30:59,0.53,0.8281,85,0.52,0.8125,13,0.74,1.1562,1,0.525,0.8203,0,0
IWM190913P153,2019-09-11,2019-09-11 09:31:00,0.53,0.8281,85,0.52,0.8125,40,0.74,1.1562,1,0.525,0.8203,0,0
IWM190913P153,2019-09-11,2019-09-11 09:31:01,0.56,0.875,129,0.53,0.8281,100,0.74,1.1562,1,0.545,0.8515,0,0
IWM190913P153,2019-09-11,2019-09-11 09:31:01,0.55,0.8593,242,0.53,0.8281,25,0.74,1.1562,1,0.54,0.8437,0,0
IWM190913P153,2019-09-11,2019-09-11 09:31:02,0.57,0.8906,84,0.54,0.8437,13,0.54,0.8437,2,0.555,0.8671,2,2
IWM190913P153,2019-09-11,2019-09-11 09:31:02,0.56,0.875,212,0.54,0.8437,16,0.74,1.1562,1,0.55,0.8593,0,0
IWM190913P153,2019-09-11,2019-09-11 09:31:03,0.57,0.8906,72,0.55,0.8593,84,0.54,0.8437,2,0.56,0.875,2,0
IWM190913P153,2019-09-11,2019-09-11 09:31:03,0.57,0.8906,72,0.54,0.8437,214,0.54,0.8437,2,0.555,0.8671,2,0
IWM190913P153,2019-09-11,2019-09-11 09:31:04,0.57,0.8906,72,0.56,0.875,23,0.54,0.8437,2,0.565,0.8828,2,0
IWM190913P153,2019-09-11,2019-09-11 09:31:04,0.57,0.8906,72,0.56,0.875,13,0.54,0.8437,2,0.565,0.8828,2,0
IWM190913P153,2019-09-11,2019-09-11 09:31:05,0.57,0.8906,72,0.56,0.875,25,0.54,0.8437,2,0.565,0.8828,2,0
IWM190913P153,2019-09-11,2019-09-11 09:31:05,0.57,0.8906,72,0.55,0.8593,120,0.54,0.8437,2,0.56,0.875,2,0
IWM190913P153,2019-09-11,2019-09-11 09:31:06,0.57,0.8906,72,0.55,0.8593,115,0.54,0.8437,2,0.56,0.875,2,0
IWM190913P153,2019-09-11,2019-09-11 09:31:06,0.57,0.8906,72,0.55,0.8593,72,0.54,0.8437,2,0.56,0.875,2,0
IWM190913P153,2019-09-11,2019-09-11 09:31:07,0.56,0.875,17,0.55,0.8593,13,0.54,0.8437,2,0.555,0.8671,2,0
IWM190913P153,2019-09-11,2019-09-11 09:31:07,0.56,0.875,139,0.54,0.8437,16,0.54,0.8437,2,0.55,0.8593,2,0
IWM190913P153,2019-09-11,2019-09-11 09:31:08,0.56,0.875,269,0.53,0.8281,77,0.54,0.8437,2,0.545,0.8515,2,0
IWM190913P153,2019-09-11,2019-09-11 09:31:08,0.56,0.875,249,0.54,0.8437,1,0.54,0.8437,2,0.55,0.8593,2,0
IWM190913P153,2019-09-11,2019-09-11 09:31:09,0.56,0.875,370,0.54,0.8437,13,0.54,0.8437,2,0.55,0.8593,2,0
IWM190913P153,2019-09-11,2019-09-11 09:31:09,0.56,0.875,297,0.53,0.8281,77,0.54,0.8437,2,0.545,0.8515,2,0
IWM190913P153,2019-09-11,2019-09-11 09:31:10,0.55,0.8593,15,0.53,0.8281,30,0.54,0.8437,2,0.54,0.8437,2,0
IWM190913P153,2019-09-11,2019-09-11 09:31:10,0.56,0.875,435,0.53,0.8281,60,0.54,0.8437,2,0.545,0.8515,2,0
IWM190913P153,2019-09-11,2019-09-11 09:31:11,0.56,0.875,174,0.54,0.8437,37,0.54,0.8437,2,0.55,0.8593,2,0
IWM190913P153,2019-09-11,2019-09-11 09:31:11,0.56,0.875,375,0.53,0.8281,75,0.54,0.8437,2,0.545,0.8515,2,0
IWM190913P153,2019-09-11,2019-09-11 09:31:12,0.56,0.875,378,0.54,0.8437,13,0.54,0.8437,2,0.55,0.8593,2,0
IWM190913P153,2019-09-11,2019-09-11 09:31:12,0.56,0.875,174,0.54,0.8437,41,0.54,0.8437,2,0.55,0.8593,2,0
IWM190913P153,2019-09-11,2019-09-11 09:31:13,0.56,0.875,426,0.54,0.8437,13,0.54,0.8437,2,0.55,0.8593,2,0
IWM190913P153,2019-09-11,2019-09-11 09:31:13,0.56,0.875,378,0.53,0.8281,47,0.54,0.8437,2,0.545,0.8515,2,0
IWM190913P153,2019-09-11,2019-09-11 09:31:14,0.56,0.875,224,0.54,0.8437,20,0.54,0.8437,2,0.55,0.8593,2,0
IWM190913P153,2019-09-11,2019-09-11 09:31:14,0.56,0.875,426,0.53,0.8281,61,0.54,0.8437,2,0.545,0.8515,2,0
IWM190913P153,2019-09-11,2019-09-11 09:31:15,0.56,0.875,90,0.55,0.8593,13,0.54,0.8437,2,0.555,0.8671,2,0
IWM190913P153,2019-09-11,2019-09-11 09:31:15,0.56,0.875,172,0.54,0.8437,20,0.54,0.8437,2,0.55,0.8593,2,0
IWM190913P153,2019-09-11,2019-09-11 09:31:16,0.56,0.875,104,0.54,0.8437,13,0.54,0.8437,2,0.55,0.8593,2,0
IWM190913P153,2019-09-11,2019-09-11 09:31:16,0.56,0.875,326,0.54,0.8437,13,0.54,0.8437,2,0.55,0.8593,2,0
IWM190913P153,2019-09-11,2019-09-11 09:31:17,0.56,0.875,376,0.54,0.8437,15,0.54,0.8437,1,0.55,0.8593,3,0
IWM190913P153,2019-09-11,2019-09-11 09:31:17,0.56,0.875,256,0.54,0.8437,15,0.54,0.8437,1,0.55,0.8593,3,1
IWM190913P153,2019-09-11,2019-09-11 09:31:18,0.55,0.8593,101,0.53,0.8281,13,0.54,0.8437,1,0.54,0.8437,3,0
IWM190913P153,2019-09-11,2019-09-11 09:31:18,0.56,0.875,376,0.54,0.8437,1,0.54,0.8437,1,0.55,0.8593,3,0
IWM190913P153,2019-09-11,2019-09-11 09:31:19,0.55,0.8593,318,0.53,0.8281,13,0.54,0.8437,1,0.54,0.8437,3,0
IWM190913P153,2019-09-11,2019-09-11 09:31:20,0.55,0.8593,318,0.53,0.8281,13,0.54,0.8437,1,0.54,0.8437,3,0
IWM190913P153,2019-09-11,2019-09-11 09:31:20,0.55,0.8593,318,0.53,0.8281,16,0.54,0.8437,1,0.54,0.8437,3,0
IWM190913P153,2019-09-11,2019-09-11 09:31:21,0.55,0.8593,288,0.53,0.8281,14,0.54,0.8437,1,0.54,0.8437,3,0
IWM190913P153,2019-09-11,2019-09-11 09:31:21,0.55,0.8593,288,0.53,0.8281,15,0.54,0.8437,1,0.54,0.8437,3,0
IWM190913P153,2019-09-11,2019-09-11 09:31:22,0.55,0.8593,294,0.53,0.8281,15,0.54,0.8437,1,0.54,0.8437,3,0
IWM190913P153,2019-09-11,2019-09-11 09:31:22,0.55,0.8593,184,0.53,0.8281,15,0.54,0.8437,1,0.54,0.8437,3,0
IWM190913P153,2019-09-11,2019-09-11 09:31:23,0.55,0.8593,333,0.53,0.8281,14,0.54,0.8437,1,0.54,0.8437,3,0
IWM190913P153,2019-09-11,2019-09-11 09:31:24,0.55,0.8593,189,0.53,0.8281,13,0.54,0.8437,1,0.54,0.8437,3,0
IWM190913P153,2019-09-11,2019-09-11 09:31:24,0.55,0.8593,333,0.53,0.8281,14,0.54,0.8437,1,0.54,0.8437,3,0
IWM190913P153,2019-09-11,2019-09-11 09:31:25,0.55,0.8593,221,0.53,0.8281,14,0.54,0.8437,1,0.54,0.8437,3,0
IWM190913P153,2019-09-11,2019-09-11 09:31:25,0.55,0.8593,337,0.53,0.8281,14,0.54,0.8437,1,0.54,0.8437,3,0
IWM190913P153,2019-09-11,2019-09-11 09:31:26,0.55,0.8593,389,0.53,0.8281,14,0.54,0.8437,1,0.54,0.8437,3,0
IWM190913P153,2019-09-11,2019-09-11 09:31:26,0.55,0.8593,337,0.53,0.8281,14,0.54,0.8437,1,0.54,0.8437,3,0
IWM190913P153,2019-09-11,2019-09-11 09:31:27,0.55,0.8593,279,0.53,0.8281,50,0.54,0.8437,1,0.54,0.8437,3,0
IWM190913P153,2019-09-11,2019-09-11 09:31:27,0.55,0.8593,279,0.53,0.8281,22,0.54,0.8437,1,0.54,0.8437,3,0
IWM190913P153,2019-09-11,2019-09-11 09:31:28,0.55,0.8593,320,0.53,0.8281,22,0.54,0.8437,1,0.54,0.8437,3,0
IWM190913P153,2019-09-11,2019-09-11 09:31:28,0.55,0.8593,327,0.53,0.8281,22,0.54,0.8437,1,0.54,0.8437,3,0
IWM190913P153,2019-09-11,2019-09-11 09:31:29,0.55,0.8593,333,0.53,0.8281,22,0.54,0.8437,1,0.54,0.8437,3,0
IWM190913P153,2019-09-11,2019-09-11 09:31:30,0.55,0.8593,338,0.53,0.8281,22,0.54,0.8437,1,0.54,0.8437,3,0
IWM190913P153,2019-09-11,2019-09-11 09:31:31,0.55,0.8593,306,0.53,0.8281,22,0.54,0.8437,1,0.54,0.8437,3,0
IWM190913P153,2019-09-11,2019-09-11 09:31:31,0.54,0.8437,298,0.52,0.8125,60,0.54,0.8437,1,0.53,0.8281,3,0
IWM190913P153,2019-09-11,2019-09-11 09:31:32,0.54,0.8437,299,0.52,0.8125,15,0.54,0.8437,1,0.53,0.8281,3,0
IWM190913P153,2019-09-11,2019-09-11 09:31:32,0.54,0.8437,299,0.52,0.8125,19,0.54,0.8437,1,0.53,0.8281,3,0
IWM190913P153,2019-09-11,2019-09-11 09:31:33,0.54,0.8437,299,0.52,0.8125,19,0.54,0.8437,1,0.53,0.8281,3,0
IWM190913P153,2019-09-11,2019-09-11 09:31:34,0.54,0.8437,299,0.52,0.8125,19,0.54,0.8437,1,0.53,0.8281,3,0
IWM190913P153,2019-09-11,2019-09-11 09:31:35,0.53,0.8281,84,0.51,0.7968,62,0.54,0.8437,1,0.52,0.8125,3,0
IWM190913P153,2019-09-11,2019-09-11 09:31:35,0.54,0.8437,299,0.52,0.8125,19,0.54,0.8437,1,0.53,0.8281,3,0
IWM190913P153,2019-09-11,2019-09-11 09:31:36,0.53,0.8281,49,0.51,0.7968,80,0.54,0.8437,1,0.52,0.8125,3,0
IWM190913P153,2019-09-11,2019-09-11 09:31:36,0.53,0.8281,84,0.51,0.7968,65,0.54,0.8437,1,0.52,0.8125,3,0
IWM190913P153,2019-09-11,2019-09-11 09:31:37,0.53,0.8281,173,0.51,0.7968,92,0.54,0.8437,1,0.52,0.8125,3,0
IWM190913P153,2019-09-11,2019-09-11 09:31:37,0.53,0.8281,49,0.51,0.7968,80,0.54,0.8437,1,0.52,0.8125,3,0
IWM190913P153,2019-09-11,2019-09-11 09:31:38,0.53,0.8281,173,0.51,0.7968,73,0.54,0.8437,1,0.52,0.8125,3,0
IWM190913P153,2019-09-11,2019-09-11 09:31:39,0.53,0.8281,173,0.51,0.7968,62,0.54,0.8437,1,0.52,0.8125,3,0
IWM190913P153,2019-09-11,2019-09-11 09:31:39,0.53,0.8281,173,0.51,0.7968,73,0.54,0.8437,1,0.52,0.8125,3,0
IWM190913P153,2019-09-11,2019-09-11 09:31:40,0.51,0.7968,25,0.49,0.7656,73,0.54,0.8437,1,0.5,0.7812,3,0
IWM190913P153,2019-09-11,2019-09-11 09:31:40,0.52,0.8125,94,0.5,0.7812,54,0.54,0.8437,1,0.51,0.7968,3,0
IWM190913P153,2019-09-11,2019-09-11 09:31:41,0.51,0.7968,203,0.49,0.7656,83,0.54,0.8437,1,0.5,0.7812,3,0
IWM190913P153,2019-09-11,2019-09-11 09:31:41,0.51,0.7968,173,0.5,0.7812,13,0.54,0.8437,1,0.505,0.789,3,0
IWM190913P153,2019-09-11,2019-09-11 09:31:42,0.51,0.7968,275,0.49,0.7656,83,0.54,0.8437,1,0.5,0.7812,3,0
IWM190913P153,2019-09-11,2019-09-11 09:31:42,0.51,0.7968,248,0.49,0.7656,72,0.54,0.8437,1,0.5,0.7812,3,0
IWM190913P153,2019-09-11,2019-09-11 09:31:43,0.51,0.7968,9,0.49,0.7656,72,0.54,0.8437,1,0.5,0.7812,3,0
IWM190913P153,2019-09-11,2019-09-11 09:31:43,0.51,0.7968,9,0.49,0.7656,79,0.54,0.8437,1,0.5,0.7812,3,0
IWM190913P153,2019-09-11,2019-09-11 09:31:44,0.5,0.7812,30,0.49,0.7656,13,0.54,0.8437,1,0.495,0.7734,3,0
IWM190913P153,2019-09-11,2019-09-11 09:31:44,0.51,0.7968,327,0.49,0.7656,67,0.54,0.8437,1,0.5,0.7812,3,0
IWM190913P153,2019-09-11,2019-09-11 09:31:45,0.51,0.7968,248,0.49,0.7656,50,0.54,0.8437,1,0.5,0.7812,3,0
IWM190913P153,2019-09-11,2019-09-11 09:31:45,0.51,0.7968,225,0.49,0.7656,50,0.54,0.8437,1,0.5,0.7812,3,0
IWM190913P153,2019-09-11,2019-09-11 09:31:46,0.51,0.7968,88,0.49,0.7656,50,0.54,0.8437,1,0.5,0.7812,3,0
IWM190913P153,2019-09-11,2019-09-11 09:31:46,0.52,0.8125,102,0.5,0.7812,13,0.54,0.8437,1,0.51,0.7968,3,0
IWM190913P153,2019-09-11,2019-09-11 09:31:47,0.51,0.7968,164,0.49,0.7656,50,0.54,0.8437,1,0.5,0.7812,3,0
IWM190913P153,2019-09-11,2019-09-11 09:31:47,0.51,0.7968,143,0.49,0.7656,50,0.54,0.8437,1,0.5,0.7812,3,0
IWM190913P153,2019-09-11,2019-09-11 09:31:48,0.51,0.7968,164,0.49,0.7656,14,0.54,0.8437,1,0.5,0.7812,3,0
IWM190913P153,2019-09-11,2019-09-11 09:31:48,0.5,0.7812,43,0.48,0.75,14,0.54,0.8437,1,0.49,0.7656,3,0
IWM190913P153,2019-09-11,2019-09-11 09:31:49,0.49,0.7656,60,0.48,0.75,14,0.54,0.8437,1,0.485,0.7578,3,0
IWM190913P153,2019-09-11,2019-09-11 09:31:49,0.5,0.7812,269,0.48,0.75,14,0.54,0.8437,1,0.49,0.7656,3,0
IWM190913P153,2019-09-11,2019-09-11 09:31:50,0.5,0.7812,281,0.49,0.7656,13,0.54,0.8437,1,0.495,0.7734,3,0
IWM190913P153,2019-09-11,2019-09-11 09:31:50,0.5,0.7812,229,0.48,0.75,16,0.54,0.8437,1,0.49,0.7656,3,0
IWM190913P153,2019-09-11,2019-09-11 09:31:51,0.5,0.7812,274,0.48,0.75,50,0.54,0.8437,1,0.49,0.7656,3,0
IWM190913P153,2019-09-11,2019-09-11 09:31:51,0.5,0.7812,220,0.48,0.75,50,0.54,0.8437,1,0.49,0.7656,3,0
IWM190913P153,2019-09-11,2019-09-11 09:31:52,0.5,0.7812,250,0.48,0.75,44,0.54,0.8437,1,0.49,0.7656,3,0
IWM190913P153,2019-09-11,2019-09-11 09:31:52,0.5,0.7812,314,0.48,0.75,50,0.54,0.8437,1,0.49,0.7656,3,0
IWM190913P153,2019-09-11,2019-09-11 09:31:53,0.5,0.7812,220,0.48,0.75,43,0.54,0.8437,1,0.49,0.7656,3,0
IWM190913P153,2019-09-11,2019-09-11 09:31:53,0.5,0.7812,250,0.48,0.75,43,0.54,0.8437,1,0.49,0.7656,3,0
IWM190913P153,2019-09-11,2019-09-11 09:31:54,0.51,0.7968,295,0.49,0.7656,16,0.54,0.8437,1,0.5,0.7812,3,0
IWM190913P153,2019-09-11,2019-09-11 09:31:55,0.51,0.7968,226,0.49,0.7656,13,0.54,0.8437,1,0.5,0.7812,3,0
IWM190913P153,2019-09-11,2019-09-11 09:31:55,0.52,0.8125,205,0.5,0.7812,16,0.54,0.8437,1,0.51,0.7968,3,0
IWM190913P153,2019-09-11,2019-09-11 09:31:56,0.52,0.8125,205,0.5,0.7812,16,0.54,0.8437,1,0.51,0.7968,3,0
IWM190913P153,2019-09-11,2019-09-11 09:31:56,0.51,0.7968,81,0.5,0.7812,16,0.54,0.8437,1,0.505,0.789,3,0
IWM190913P153,2019-09-11,2019-09-11 09:31:57,0.51,0.7968,83,0.5,0.7812,16,0.54,0.8437,1,0.505,0.789,3,0
IWM190913P153,2019-09-11,2019-09-11 09:31:57,0.52,0.8125,159,0.5,0.7812,65,0.54,0.8437,1,0.51,0.7968,3,0
IWM190913P153,2019-09-11,2019-09-11 09:31:58,0.52,0.8125,208,0.5,0.7812,62,0.54,0.8437,1,0.51,0.7968,3,0
IWM190913P153,2019-09-11,2019-09-11 09:31:58,0.52,0.8125,159,0.5,0.7812,68,0.54,0.8437,1,0.51,0.7968,3,0
IWM190913P153,2019-09-11,2019-09-11 09:31:59,0.52,0.8125,208,0.51,0.7968,13,0.54,0.8437,1,0.515,0.8046,3,0
IWM190913P153,2019-09-11,2019-09-11 09:31:59,0.52,0.8125,227,0.51,0.7968,13,0.54,0.8437,1,0.515,0.8046,3,0
IWM190913P153,2019-09-11,2019-09-11 09:32:00,0.52,0.8125,73,0.51,0.7968,13,0.54,0.8437,1,0.515,0.8046,3,0
IWM190913P153,2019-09-11,2019-09-11 09:32:00,0.52,0.8125,13,0.51,0.7968,28,0.54,0.8437,1,0.515,0.8046,3,0
IWM190913P153,2019-09-11,2019-09-11 09:32:01,0.52,0.8125,71,0.51,0.7968,13,0.54,0.8437,1,0.515,0.8046,3,0
IWM190913P153,2019-09-11,2019-09-11 09:32:01,0.53,0.8281,319,0.51,0.7968,13,0.54,0.8437,1,0.52,0.8125,3,0
IWM190913P153,2019-09-11,2019-09-11 09:32:02,0.53,0.8281,319,0.51,0.7968,13,0.54,0.8437,1,0.52,0.8125,3,0
IWM190913P153,2019-09-11,2019-09-11 09:32:02,0.53,0.8281,339,0.51,0.7968,77,0.54,0.8437,1,0.52,0.8125,3,0
IWM190913P153,2019-09-11,2019-09-11 09:32:03,0.53,0.8281,339,0.51,0.7968,77,0.54,0.8437,1,0.52,0.8125,3,0
IWM190913P153,2019-09-11,2019-09-11 09:32:03,0.53,0.8281,241,0.51,0.7968,77,0.54,0.8437,1,0.52,0.8125,3,0
IWM190913P153,2019-09-11,2019-09-11 09:32:05,0.53,0.8281,15,0.52,0.8125,55,0.54,0.8437,1,0.525,0.8203,3,0
IWM190913P153,2019-09-11,2019-09-11 09:32:05,0.53,0.8281,299,0.51,0.7968,134,0.54,0.8437,1,0.52,0.8125,3,0
IWM190913P153,2019-09-11,2019-09-11 09:32:06,0.54,0.8437,14,0.53,0.8281,25,0.54,0.8437,1,0.535,0.8359,3,0
IWM190913P153,2019-09-11,2019-09-11 09:32:06,0.54,0.8437,14,0.53,0.8281,104,0.54,0.8437,1,0.535,0.8359,3,0
IWM190913P153,2019-09-11,2019-09-11 09:32:07,0.55,0.8593,299,0.53,0.8281,104,0.54,0.8437,1,0.54,0.8437,3,0
IWM190913P153,2019-09-11,2019-09-11 09:32:07,0.55,0.8593,383,0.53,0.8281,104,0.54,0.8437,1,0.54,0.8437,3,0
IWM190913P153,2019-09-11,2019-09-11 09:32:08,0.56,0.875,122,0.54,0.8437,25,0.54,0.8437,1,0.55,0.8593,3,0
IWM190913P153,2019-09-11,2019-09-11 09:32:08,0.56,0.875,204,0.54,0.8437,25,0.54,0.8437,1,0.55,0.8593,3,0
IWM190913P153,2019-09-11,2019-09-11 09:32:09,0.56,0.875,137,0.54,0.8437,160,0.54,0.8437,1,0.55,0.8593,3,0
IWM190913P153,2019-09-11,2019-09-11 09:32:09,0.57,0.8906,171,0.55,0.8593,137,0.54,0.8437,1,0.56,0.875,3,0
IWM190913P153,2019-09-11,2019-09-11 09:32:10,0.56,0.875,91,0.55,0.8593,71,0.54,0.8437,1,0.555,0.8671,3,0
IWM190913P153,2019-09-11,2019-09-11 09:32:10,0.57,0.8906,253,0.55,0.8593,137,0.54,0.8437,1,0.56,0.875,3,0
IWM190913P153,2019-09-11,2019-09-11 09:32:11,0.57,0.8906,210,0.55,0.8593,26,0.54,0.8437,1,0.56,0.875,3,0
IWM190913P153,2019-09-11,2019-09-11 09:32:11,0.57,0.8906,272,0.55,0.8593,115,0.54,0.8437,1,0.56,0.875,3,0
IWM190913P153,2019-09-11,2019-09-11 09:32:12,0.56,0.875,32,0.55,0.8593,29,0.54,0.8437,1,0.555,0.8671,3,0
IWM190913P153,2019-09-11,2019-09-11 09:32:13,0.56,0.875,155,0.54,0.8437,133,0.54,0.8437,1,0.55,0.8593,3,0
IWM190913P153,2019-09-11,2019-09-11 09:32:13,0.56,0.875,92,0.54,0.8437,156,0.54,0.8437,1,0.55,0.8593,3,0
IWM190913P153,2019-09-11,2019-09-11 09:32:14,0.56,0.875,13,0.55,0.8593,32,0.54,0.8437,1,0.555,0.8671,3,0
IWM190913P153,2019-09-11,2019-09-11 09:32:14,0.57,0.8906,260,0.55,0.8593,73,0.54,0.8437,1,0.56,0.875,3,0
IWM190913P153,2019-09-11,2019-09-11 09:32:15,0.57,0.8906,92,0.55,0.8593,190,0.54,0.8437,1,0.56,0.875,3,0
IWM190913P153,2019-09-11,2019-09-11 09:32:15,0.57,0.8906,91,0.55,0.8593,120,0.54,0.8437,1,0.56,0.875,3,0
IWM190913P153,2019-09-11,2019-09-11 09:32:16,0.57,0.8906,92,0.55,0.8593,126,0.54,0.8437,1,0.56,0.875,3,0
IWM190913P153,2019-09-11,2019-09-11 09:32:16,0.57,0.8906,92,0.55,0.8593,190,0.54,0.8437,1,0.56,0.875,3,0
IWM190913P153,2019-09-11,2019-09-11 09:32:17,0.57,0.8906,79,0.55,0.8593,186,0.54,0.8437,1,0.56,0.875,3,0
IWM190913P153,2019-09-11,2019-09-11 09:32:17,0.57,0.8906,188,0.55,0.8593,186,0.54,0.8437,1,0.56,0.875,3,0
IWM190913P153,2019-09-11,2019-09-11 09:32:18,0.58,0.9062,19,0.57,0.8906,13,0.54,0.8437,1,0.575,0.8984,3,0
IWM190913P153,2019-09-11,2019-09-11 09:32:18,0.57,0.8906,79,0.56,0.875,13,0.54,0.8437,1,0.565,0.8828,3,0
IWM190913P153,2019-09-11,2019-09-11 09:32:19,0.58,0.9062,19,0.57,0.8906,84,0.54,0.8437,1,0.575,0.8984,3,0
IWM190913P153,2019-09-11,2019-09-11 09:32:19,0.6,0.9375,215,0.58,0.9062,34,0.54,0.8437,1,0.59,0.9218,3,0
IWM190913P153,2019-09-11,2019-09-11 09:32:20,0.6,0.9375,325,0.58,0.9062,50,0.54,0.8437,1,0.59,0.9218,3,0
IWM190913P153,2019-09-11,2019-09-11 09:32:21,0.59,0.9218,47,0.58,0.9062,34,0.54,0.8437,1,0.585,0.914,3,0
IWM190913P153,2019-09-11,2019-09-11 09:32:21,0.6,0.9375,258,0.58,0.9062,120,0.54,0.8437,1,0.59,0.9218,3,0
IWM190913P153,2019-09-11,2019-09-11 09:32:22,0.59,0.9218,47,0.57,0.8906,120,0.54,0.8437,1,0.58,0.9062,3,0
IWM190913P153,2019-09-11,2019-09-11 09:32:22,0.59,0.9218,47,0.57,0.8906,144,0.54,0.8437,1,0.58,0.9062,3,0
IWM190913P153,2019-09-11,2019-09-11 09:32:23,0.59,0.9218,37,0.57,0.8906,120,0.54,0.8437,1,0.58,0.9062,3,0
IWM190913P153,2019-09-11,2019-09-11 09:32:23,0.59,0.9218,54,0.57,0.8906,120,0.54,0.8437,1,0.58,0.9062,3,0
IWM190913P153,2019-09-11,2019-09-11 09:32:24,0.59,0.9218,226,0.57,0.8906,66,0.54,0.8437,1,0.58,0.9062,3,0
IWM190913P153,2019-09-11,2019-09-11 09:32:24,0.59,0.9218,249,0.57,0.8906,32,0.54,0.8437,1,0.58,0.9062,3,0
IWM190913P153,2019-09-11,2019-09-11 09:32:25,0.58,0.9062,271,0.56,0.875,35,0.54,0.8437,1,0.57,0.8906,3,0
IWM190913P153,2019-09-11,2019-09-11 09:32:25,0.59,0.9218,386,0.56,0.875,120,0.54,0.8437,1,0.575,0.8984,3,0
IWM190913P153,2019-09-11,2019-09-11 09:32:26,0.58,0.9062,500,0.55,0.8593,110,0.54,0.8437,1,0.565,0.8828,3,0
IWM190913P153,2019-09-11,2019-09-11 09:32:26,0.58,0.9062,300,0.56,0.875,37,0.54,0.8437,1,0.57,0.8906,3,0
IWM190913P153,2019-09-11,2019-09-11 09:32:27,0.58,0.9062,325,0.56,0.875,16,0.54,0.8437,1,0.57,0.8906,3,0
IWM190913P153,2019-09-11,2019-09-11 09:32:28,0.58,0.9062,90,0.56,0.875,100,0.54,0.8437,1,0.57,0.8906,3,0
IWM190913P153,2019-09-11,2019-09-11 09:32:28,0.58,0.9062,113,0.56,0.875,57,0.54,0.8437,1,0.57,0.8906,3,0
IWM190913P153,2019-09-11,2019-09-11 09:32:29,0.58,0.9062,65,0.56,0.875,47,0.54,0.8437,1,0.57,0.8906,3,0
IWM190913P153,2019-09-11,2019-09-11 09:32:29,0.58,0.9062,65,0.56,0.875,57,0.54,0.8437,1,0.57,0.8906,3,0
IWM190913P153,2019-09-11,2019-09-11 09:32:30,0.58,0.9062,84,0.56,0.875,57,0.54,0.8437,1,0.57,0.8906,3,0
IWM190913P153,2019-09-11,2019-09-11 09:32:30,0.58,0.9062,236,0.55,0.8593,62,0.54,0.8437,1,0.565,0.8828,3,0
IWM190913P153,2019-09-11,2019-09-11 09:32:31,0.57,0.8906,192,0.55,0.8593,72,0.54,0.8437,1,0.56,0.875,3,0
IWM190913P153,2019-09-11,2019-09-11 09:32:31,0.57,0.8906,132,0.55,0.8593,35,0.54,0.8437,1,0.56,0.875,3,0
IWM190913P153,2019-09-11,2019-09-11 09:32:32,0.57,0.8906,156,0.55,0.8593,35,0.54,0.8437,1,0.56,0.875,3,0
IWM190913P153,2019-09-11,2019-09-11 09:32:32,0.57,0.8906,179,0.55,0.8593,35,0.54,0.8437,1,0.56,0.875,3,0
IWM190913P153,2019-09-11,2019-09-11 09:32:33,0.57,0.8906,138,0.55,0.8593,35,0.54,0.8437,1,0.56,0.875,3,0
IWM190913P153,2019-09-11,2019-09-11 09:32:33,0.57,0.8906,138,0.55,0.8593,74,0.54,0.8437,1,0.56,0.875,3,0
IWM190913P153,2019-09-11,2019-09-11 09:32:34,0.57,0.8906,92,0.55,0.8593,63,0.54,0.8437,1,0.56,0.875,3,0
IWM190913P153,2019-09-11,2019-09-11 09:32:34,0.57,0.8906,83,0.55,0.8593,63,0.54,0.8437,1,0.56,0.875,3,0
IWM190913P153,2019-09-11,2019-09-11 09:32:35,0.57,0.8906,40,0.56,0.875,13,0.54,0.8437,1,0.565,0.8828,3,0
IWM190913P153,2019-09-11,2019-09-11 09:32:35,0.56,0.875,48,0.55,0.8593,15,0.54,0.8437,1,0.555,0.8671,3,0
IWM190913P153,2019-09-11,2019-09-11 09:32:36,0.57,0.8906,333,0.55,0.8593,14,0.54,0.8437,1,0.56,0.875,3,0
IWM190913P153,2019-09-11,2019-09-11 09:32:36,0.56,0.875,22,0.55,0.8593,13,0.54,0.8437,1,0.555,0.8671,3,0
IWM190913P153,2019-09-11,2019-09-11 09:32:37,0.57,0.8906,453,0.55,0.8593,14,0.54,0.8437,1,0.56,0.875,3,0
IWM190913P153,2019-09-11,2019-09-11 09:32:38,0.57,0.8906,257,0.54,0.8437,120,0.54,0.8437,1,0.555,0.8671,3,0
IWM190913P153,2019-09-11,2019-09-11 09:32:38,0.57,0.8906,257,0.55,0.8593,21,0.54,0.8437,1,0.56,0.875,3,0
IWM190913P153,2019-09-11,2019-09-11 09:32:39,0.57,0.8906,34,0.56,0.875,25,0.54,0.8437,1,0.565,0.8828,3,0
IWM190913P153,2019-09-11,2019-09-11 09:32:39,0.57,0.8906,257,0.55,0.8593,70,0.54,0.8437,1,0.56,0.875,3,0
IWM190913P153,2019-09-11,2019-09-11 09:32:40,0.58,0.9062,19,0.57,0.8906,24,0.54,0.8437,1,0.575,0.8984,3,0
IWM190913P153,2019-09-11,2019-09-11 09:32:40,0.57,0.8906,39,0.56,0.875,30,0.54,0.8437,1,0.565,0.8828,3,0
IWM190913P153,2019-09-11,2019-09-11 09:32:41,0.58,0.9062,19,0.57,0.8906,24,0.54,0.8437,1,0.575,0.8984,3,0
IWM190913P153,2019-09-11,2019-09-11 09:32:41,0.58,0.9062,19,0.57,0.8906,57,0.54,0.8437,1,0.575,0.8984,3,0
IWM190913P153,2019-09-11,2019-09-11 09:32:42,0.6,0.9375,300,0.58,0.9062,93,0.54,0.8437,1,0.59,0.9218,3,0
IWM190913P153,2019-09-11,2019-09-11 09:32:42,0.59,0.9218,133,0.58,0.9062,93,0.54,0.8437,1,0.585,0.914,3,0
IWM190913P153,2019-09-11,2019-09-11 09:32:43,0.6,0.9375,144,0.58,0.9062,106,0.54,0.8437,1,0.59,0.9218,3,0
IWM190913P153,2019-09-11,2019-09-11 09:32:44,0.62,0.9687,16,0.61,0.9531,37,0.6,0.9375,11,0.615,0.9609,14,0
IWM190913P153,2019-09-11,2019-09-11 09:32:44,0.61,0.9531,25,0.6,0.9375,23,0.6,0.9375,11,0.605,0.9453,14,11
IWM190913P153,2019-09-11,2019-09-11 09:32:45,0.62,0.9687,16,0.61,0.9531,83,0.6,0.9375,11,0.615,0.9609,14,0
IWM190913P153,2019-09-11,2019-09-11 09:32:45,0.62,0.9687,16,0.61,0.9531,37,0.6,0.9375,11,0.615,0.9609,14,0
IWM190913P153,2019-09-11,2019-09-11 09:32:46,0.62,0.9687,16,0.62,0.9687,25,0.6,0.9375,11,0.62,0.9687,14,0
IWM190913P153,2019-09-11,2019-09-11 09:32:46,0.62,0.9687,16,0.61,0.9531,83,0.6,0.9375,11,0.615,0.9609,14,0
IWM190913P153,2019-09-11,2019-09-11 09:32:47,0.63,0.9843,23,0.61,0.9531,109,0.6,0.9375,11,0.62,0.9687,14,0
IWM190913P153,2019-09-11,2019-09-11 09:32:47,0.63,0.9843,33,0.61,0.9531,109,0.6,0.9375,11,0.62,0.9687,14,0
IWM190913P153,2019-09-11,2019-09-11 09:32:48,0.63,0.9843,62,0.61,0.9531,109,0.6,0.9375,11,0.62,0.9687,14,0
IWM190913P153,2019-09-11,2019-09-11 09:32:48,0.63,0.9843,23,0.61,0.9531,103,0.6,0.9375,11,0.62,0.9687,14,0
IWM190913P153,2019-09-11,2019-09-11 09:32:49,0.62,0.9687,169,0.6,0.9375,29,0.6,0.9375,11,0.61,0.9531,14,0
IWM190913P153,2019-09-11,2019-09-11 09:32:49,0.62,0.9687,200,0.6,0.9375,29,0.6,0.9375,11,0.61,0.9531,14,0
IWM190913P153,2019-09-11,2019-09-11 09:32:50,0.62,0.9687,100,0.61,0.9531,11,0.6,0.9375,11,0.615,0.9609,14,0
IWM190913P153,2019-09-11,2019-09-11 09:32:51,0.62,0.9687,37,0.61,0.9531,11,0.6,0.9375,11,0.615,0.9609,14,0
IWM190913P153,2019-09-11,2019-09-11 09:32:52,0.62,0.9687,15,0.61,0.9531,11,0.6,0.9375,11,0.615,0.9609,14,0
IWM190913P153,2019-09-11,2019-09-11 09:32:52,0.62,0.9687,78,0.61,0.9531,11,0.6,0.9375,11,0.615,0.9609,14,0
IWM190913P153,2019-09-11,2019-09-11 09:32:53,0.62,0.9687,78,0.61,0.9531,11,0.6,0.9375,11,0.615,0.9609,14,0
IWM190913P153,2019-09-11,2019-09-11 09:32:53,0.62,0.9687,23,0.61,0.9531,11,0.6,0.9375,11,0.615,0.9609,14,0
IWM190913P153,2019-09-11,2019-09-11 09:32:54,0.63,0.9843,439,0.61,0.9531,11,0.6,0.9375,11,0.62,0.9687,14,0
IWM190913P153,2019-09-11,2019-09-11 09:32:54,0.63,0.9843,348,0.61,0.9531,11,0.6,0.9375,11,0.62,0.9687,14,0
IWM190913P153,2019-09-11,2019-09-11 09:32:55,0.63,0.9843,368,0.61,0.9531,41,0.6,0.9375,11,0.62,0.9687,14,0
IWM190913P153,2019-09-11,2019-09-11 09:32:55,0.63,0.9843,368,0.61,0.9531,42,0.6,0.9375,11,0.62,0.9687,14,0
IWM190913P153,2019-09-11,2019-09-11 09:32:56,0.63,0.9843,368,0.61,0.9531,42,0.6,0.9375,11,0.62,0.9687,14,0
IWM190913P153,2019-09-11,2019-09-11 09:32:56,0.63,0.9843,429,0.61,0.9531,39,0.6,0.9375,11,0.62,0.9687,14,0
IWM190913P153,2019-09-11,2019-09-11 09:32:57,0.62,0.9687,79,0.61,0.9531,29,0.6,0.9375,11,0.615,0.9609,14,0
IWM190913P153,2019-09-11,2019-09-11 09:32:57,0.62,0.9687,83,0.6,0.9375,120,0.6,0.9375,11,0.61,0.9531,14,0
IWM190913P153,2019-09-11,2019-09-11 09:32:58,0.63,0.9843,345,0.61,0.9531,32,0.6,0.9375,11,0.62,0.9687,14,0
IWM190913P153,2019-09-11,2019-09-11 09:32:59,0.63,0.9843,197,0.61,0.9531,58,0.6,0.9375,11,0.62,0.9687,14,0
IWM190913P153,2019-09-11,2019-09-11 09:32:59,0.63,0.9843,307,0.61,0.9531,58,0.6,0.9375,11,0.62,0.9687,14,0
IWM190913P153,2019-09-11,2019-09-11 09:33:00,0.63,0.9843,197,0.61,0.9531,58,0.6,0.9375,11,0.62,0.9687,14,0
IWM190913P153,2019-09-11,2019-09-11 09:33:00,0.63,0.9843,73,0.61,0.9531,120,0.6,0.9375,11,0.62,0.9687,14,0
IWM190913P153,2019-09-11,2019-09-11 09:33:01,0.63,0.9843,73,0.62,0.9687,20,0.6,0.9375,11,0.625,0.9765,14,0
IWM190913P153,2019-09-11,2019-09-11 09:33:01,0.64,1.0,137,0.62,0.9687,20,0.6,0.9375,11,0.63,0.9843,14,0
IWM190913P153,2019-09-11,2019-09-11 09:33:02,0.64,1.0,43,0.63,0.9843,34,0.6,0.9375,11,0.635,0.9921,14,0
IWM190913P153,2019-09-11,2019-09-11 09:33:02,0.64,1.0,128,0.62,0.9687,97,0.6,0.9375,11,0.63,0.9843,14,0
IWM190913P153,2019-09-11,2019-09-11 09:33:03,0.64,1.0,18,0.63,0.9843,37,0.6,0.9375,11,0.635,0.9921,14,0
IWM190913P153,2019-09-11,2019-09-11 09:33:03,0.64,1.0,29,0.63,0.9843,37,0.6,0.9375,11,0.635,0.9921,14,0
IWM190913P153,2019-09-11,2019-09-11 09:33:04,0.64,1.0,5,0.63,0.9843,37,0.6,0.9375,11,0.635,0.9921,14,0
IWM190913P153,2019-09-11,2019-09-11 09:33:04,0.65,1.0156,11,0.64,1.0,34,0.6,0.9375,11,0.645,1.0078,14,0
IWM190913P153,2019-09-11,2019-09-11 09:33:05,0.65,1.0156,211,0.63,0.9843,38,0.6,0.9375,11,0.64,1.0,14,0
IWM190913P153,2019-09-11,2019-09-11 09:33:05,0.65,1.0156,11,0.64,1.0,34,0.6,0.9375,11,0.645,1.0078,14,0
IWM190913P153,2019-09-11,2019-09-11 09:33:06,0.65,1.0156,103,0.63,0.9843,82,0.6,0.9375,11,0.64,1.0,14,0
IWM190913P153,2019-09-11,2019-09-11 09:33:06,0.65,1.0156,23,0.64,1.0,39,0.6,0.9375,11,0.645,1.0078,14,0
IWM190913P153,2019-09-11,2019-09-11 09:33:07,0.65,1.0156,11,0.64,1.0,32,0.6,0.9375,11,0.645,1.0078,14,0
IWM190913P153,2019-09-11,2019-09-11 09:33:07,0.66,1.0312,299,0.64,1.0,32,0.6,0.9375,11,0.65,1.0156,14,0
IWM190913P153,2019-09-11,2019-09-11 09:33:08,0.65,1.0156,32,0.63,0.9843,92,0.6,0.9375,11,0.64,1.0,14,0
IWM190913P153,2019-09-11,2019-09-11 09:33:08,0.66,1.0312,380,0.64,1.0,43,0.6,0.9375,11,0.65,1.0156,14,0
IWM190913P153,2019-09-11,2019-09-11 09:33:09,0.65,1.0156,45,0.63,0.9843,82,0.6,0.9375,11,0.64,1.0,14,0
IWM190913P153,2019-09-11,2019-09-11 09:33:09,0.66,1.0312,79,0.65,1.0156,7,0.6,0.9375,11,0.655,1.0234,14,0
IWM190913P153,2019-09-11,2019-09-11 09:33:10,0.66,1.0312,188,0.64,1.0,39,0.6,0.9375,11,0.65,1.0156,14,0
IWM190913P153,2019-09-11,2019-09-11 09:33:10,0.66,1.0312,126,0.64,1.0,39,0.6,0.9375,11,0.65,1.0156,14,0
IWM190913P153,2019-09-11,2019-09-11 09:33:11,0.66,1.0312,274,0.64,1.0,50,0.6,0.9375,11,0.65,1.0156,14,0
IWM190913P153,2019-09-11,2019-09-11 09:33:11,0.66,1.0312,70,0.65,1.0156,49,0.6,0.9375,11,0.655,1.0234,14,0
IWM190913P153,2019-09-11,2019-09-11 09:33:12,0.66,1.0312,49,0.65,1.0156,53,0.6,0.9375,11,0.655,1.0234,14,0
IWM190913P153,2019-09-11,2019-09-11 09:33:12,0.66,1.0312,49,0.65,1.0156,44,0.6,0.9375,11,0.655,1.0234,14,0
IWM190913P153,2019-09-11,2019-09-11 09:33:13,0.66,1.0312,49,0.65,1.0156,98,0.6,0.9375,11,0.655,1.0234,14,0
IWM190913P153,2019-09-11,2019-09-11 09:33:13,0.67,1.0468,31,0.65,1.0156,98,0.6,0.9375,11,0.66,1.0312,14,0
IWM190913P153,2019-09-11,2019-09-11 09:33:14,0.67,1.0468,18,0.66,1.0312,22,0.6,0.9375,11,0.665,1.039,14,0
IWM190913P153,2019-09-11,2019-09-11 09:33:14,0.68,1.0625,281,0.66,1.0312,32,0.6,0.9375,11,0.67,1.0468,14,0
IWM190913P153,2019-09-11,2019-09-11 09:33:15,0.67,1.0468,18,0.66,1.0312,22,0.6,0.9375,11,0.665,1.039,14,0
IWM190913P153,2019-09-11,2019-09-11 09:33:15,0.68,1.0625,281,0.66,1.0312,43,0.6,0.9375,11,0.67,1.0468,14,0
IWM190913P153,2019-09-11,2019-09-11 09:33:16,0.68,1.0625,269,0.66,1.0312,39,0.6,0.9375,11,0.67,1.0468,14,0
IWM190913P153,2019-09-11,2019-09-11 09:33:17,0.69,1.0781,332,0.67,1.0468,37,0.6,0.9375,11,0.68,1.0625,14,0
IWM190913P153,2019-09-11,2019-09-11 09:33:17,0.68,1.0625,83,0.67,1.0468,7,0.6,0.9375,11,0.675,1.0546,14,0
IWM190913P153,2019-09-11,2019-09-11 09:33:18,0.68,1.0625,83,0.66,1.0312,50,0.6,0.9375,11,0.67,1.0468,14,0
IWM190913P153,2019-09-11,2019-09-11 09:33:18,0.68,1.0625,276,0.66,1.0312,49,0.6,0.9375,11,0.67,1.0468,14,0
IWM190913P153,2019-09-11,2019-09-11 09:33:19,0.68,1.0625,209,0.66,1.0312,51,0.6,0.9375,11,0.67,1.0468,14,0
IWM190913P153,2019-09-11,2019-09-11 09:33:19,0.68,1.0625,101,0.67,1.0468,7,0.6,0.9375,11,0.675,1.0546,14,0
IWM190913P153,2019-09-11,2019-09-11 09:33:20,0.68,1.0625,22,0.67,1.0468,17,0.6,0.9375,11,0.675,1.0546,14,0
IWM190913P153,2019-09-11,2019-09-11 09:33:20,0.68,1.0625,109,0.67,1.0468,8,0.6,0.9375,11,0.675,1.0546,14,0
IWM190913P153,2019-09-11,2019-09-11 09:33:21,0.68,1.0625,22,0.67,1.0468,8,0.6,0.9375,11,0.675,1.0546,14,0
IWM190913P153,2019-09-11,2019-09-11 09:33:21,0.68,1.0625,155,0.66,1.0312,28,0.6,0.9375,11,0.67,1.0468,14,0
IWM190913P153,2019-09-11,2019-09-11 09:33:22,0.67,1.0468,84,0.65,1.0156,89,0.6,0.9375,11,0.66,1.0312,14,0
IWM190913P153,2019-09-11,2019-09-11 09:33:22,0.68,1.0625,23,0.66,1.0312,14,0.6,0.9375,11,0.67,1.0468,14,0
IWM190913P153,2019-09-11,2019-09-11 09:33:23,0.66,1.0312,13,0.65,1.0156,77,0.6,0.9375,11,0.655,1.0234,14,0
IWM190913P153,2019-09-11,2019-09-11 09:33:23,0.66,1.0312,19,0.65,1.0156,14,0.6,0.9375,11,0.655,1.0234,14,0
IWM190913P153,2019-09-11,2019-09-11 09:33:24,0.66,1.0312,194,0.64,1.0,84,0.6,0.9375,11,0.65,1.0156,14,0
IWM190913P153,2019-09-11,2019-09-11 09:33:24,0.65,1.0156,107,0.64,1.0,5,0.6,0.9375,11,0.645,1.0078,14,0
IWM190913P153,2019-09-11,2019-09-11 09:33:25,0.65,1.0156,13,0.64,1.0,5,0.6,0.9375,11,0.645,1.0078,14,0
IWM190913P153,2019-09-11,2019-09-11 09:33:26,0.66,1.0312,263,0.64,1.0,32,0.6,0.9375,11,0.65,1.0156,14,0
IWM190913P153,2019-09-11,2019-09-11 09:33:26,0.65,1.0156,13,0.64,1.0,5,0.6,0.9375,11,0.645,1.0078,14,0
IWM190913P153,2019-09-11,2019-09-11 09:33:27,0.66,1.0312,103,0.64,1.0,72,0.6,0.9375,11,0.65,1.0156,14,0
IWM190913P153,2019-09-11,2019-09-11 09:33:27,0.66,1.0312,103,0.64,1.0,101,0.6,0.9375,11,0.65,1.0156,14,0
IWM190913P153,2019-09-11,2019-09-11 09:33:28,0.66,1.0312,103,0.64,1.0,91,0.6,0.9375,11,0.65,1.0156,14,0
IWM190913P153,2019-09-11,2019-09-11 09:33:28,0.66,1.0312,32,0.65,1.0156,33,0.6,0.9375,11,0.655,1.0234,14,0
IWM190913P153,2019-09-11,2019-09-11 09:33:29,0.67,1.0468,18,0.66,1.0312,13,0.6,0.9375,11,0.665,1.039,14,0
IWM190913P153,2019-09-11,2019-09-11 09:33:29,0.67,1.0468,1,0.66,1.0312,5,0.6,0.9375,11,0.665,1.039,14,0
IWM190913P153,2019-09-11,2019-09-11 09:33:30,0.67,1.0468,86,0.65,1.0156,99,0.6,0.9375,11,0.66,1.0312,14,0
IWM190913P153,2019-09-11,2019-09-11 09:33:30,0.67,1.0468,16,0.65,1.0156,99,0.6,0.9375,11,0.66,1.0312,14,0
IWM190913P153,2019-09-11,2019-09-11 09:33:31,0.68,1.0625,18,0.67,1.0468,17,0.6,0.9375,11,0.675,1.0546,14,0
IWM190913P153,2019-09-11,2019-09-11 09:33:31,0.68,1.0625,62,0.67,1.0468,30,0.6,0.9375,11,0.675,1.0546,14,0
IWM190913P153,2019-09-11,2019-09-11 09:33:32,0.68,1.0625,18,0.67,1.0468,42,0.6,0.9375,11,0.675,1.0546,14,0
IWM190913P153,2019-09-11,2019-09-11 09:33:32,0.68,1.0625,34,0.67,1.0468,13,0.6,0.9375,11,0.675,1.0546,14,0
IWM190913P153,2019-09-11,2019-09-11 09:33:33,0.69,1.0781,71,0.67,1.0468,55,0.6,0.9375,11,0.68,1.0625,14,0
IWM190913P153,2019-09-11,2019-09-11 09:33:33,0.69,1.0781,71,0.67,1.0468,126,0.6,0.9375,11,0.68,1.0625,14,0
IWM190913P153,2019-09-11,2019-09-11 09:33:34,0.69,1.0781,71,0.68,1.0625,40,0.6,0.9375,11,0.685,1.0703,14,0
IWM190913P153,2019-09-11,2019-09-11 09:33:35,0.69,1.0781,16,0.68,1.0625,32,0.6,0.9375,11,0.685,1.0703,14,0
IWM190913P153,2019-09-11,2019-09-11 09:33:35,0.68,1.0625,26,0.65,1.0156,36,0.6,0.9375,11,0.665,1.039,14,0
IWM190913P153,2019-09-11,2019-09-11 09:33:36,0.67,1.0468,67,0.65,1.0156,47,0.6,0.9375,11,0.66,1.0312,14,0
IWM190913P153,2019-09-11,2019-09-11 09:33:36,0.67,1.0468,177,0.65,1.0156,47,0.6,0.9375,11,0.66,1.0312,14,0
IWM190913P153,2019-09-11,2019-09-11 09:33:37,0.68,1.0625,108,0.65,1.0156,19,0.6,0.9375,11,0.665,1.039,14,0
IWM190913P153,2019-09-11,2019-09-11 09:33:37,0.68,1.0625,131,0.65,1.0156,19,0.6,0.9375,11,0.665,1.039,14,0
IWM190913P153,2019-09-11,2019-09-11 09:33:38,0.68,1.0625,199,0.65,1.0156,19,0.6,0.9375,11,0.665,1.039,14,0
IWM190913P153,2019-09-11,2019-09-11 09:33:38,0.68,1.0625,199,0.66,1.0312,70,0.6,0.9375,11,0.67,1.0468,14,0
IWM190913P153,2019-09-11,2019-09-11 09:33:39,0.66,1.0312,24,0.65,1.0156,19,0.6,0.9375,11,0.655,1.0234,14,0
IWM190913P153,2019-09-11,2019-09-11 09:33:40,0.67,1.0468,255,0.65,1.0156,71,0.6,0.9375,11,0.66,1.0312,14,0
IWM190913P153,2019-09-11,2019-09-11 09:33:40,0.66,1.0312,13,0.65,1.0156,19,0.6,0.9375,11,0.655,1.0234,14,0
IWM190913P153,2019-09-11,2019-09-11 09:33:41,0.66,1.0312,94,0.64,1.0,21,0.6,0.9375,11,0.65,1.0156,14,0
IWM190913P153,2019-09-11,2019-09-11 09:33:41,0.66,1.0312,13,0.65,1.0156,5,0.6,0.9375,11,0.655,1.0234,14,0
IWM190913P153,2019-09-11,2019-09-11 09:33:42,0.67,1.0468,267,0.65,1.0156,63,0.6,0.9375,11,0.66,1.0312,14,0
IWM190913P153,2019-09-11,2019-09-11 09:33:42,0.66,1.0312,24,0.65,1.0156,30,0.6,0.9375,11,0.655,1.0234,14,0
IWM190913P153,2019-09-11,2019-09-11 09:33:43,0.67,1.0468,229,0.65,1.0156,78,0.6,0.9375,11,0.66,1.0312,14,0
IWM190913P153,2019-09-11,2019-09-11 09:33:43,0.67,1.0468,229,0.65,1.0156,40,0.6,0.9375,11,0.66,1.0312,14,0
IWM190913P153,2019-09-11,2019-09-11 09:33:44,0.67,1.0468,132,0.65,1.0156,106,0.6,0.9375,11,0.66,1.0312,14,0
IWM190913P153,2019-09-11,2019-09-11 09:33:44,0.67,1.0468,132,0.65,1.0156,42,0.6,0.9375,11,0.66,1.0312,14,0
IWM190913P153,2019-09-11,2019-09-11 09:33:45,0.68,1.0625,13,0.67,1.0468,5,0.6,0.9375,11,0.675,1.0546,14,0
IWM190913P153,2019-09-11,2019-09-11 09:33:45,0.68,1.0625,19,0.66,1.0312,120,0.6,0.9375,11,0.67,1.0468,14,0
IWM190913P153,2019-09-11,2019-09-11 09:33:46,0.68,1.0625,62,0.66,1.0312,49,0.6,0.9375,11,0.67,1.0468,14,0
IWM190913P153,2019-09-11,2019-09-11 09:33:46,0.68,1.0625,80,0.66,1.0312,38,0.6,0.9375,11,0.67,1.0468,14,0
IWM190913P153,2019-09-11,2019-09-11 09:33:47,0.68,1.0625,100,0.66,1.0312,120,0.6,0.9375,11,0.67,1.0468,14,0
IWM190913P153,2019-09-11,2019-09-11 09:33:47,0.69,1.0781,243,0.66,1.0312,120,0.6,0.9375,11,0.675,1.0546,14,0
IWM190913P153,2019-09-11,2019-09-11 09:33:48,0.69,1.0781,243,0.66,1.0312,120,0.6,0.9375,11,0.675,1.0546,14,0
IWM190913P153,2019-09-11,2019-09-11 09:33:48,0.69,1.0781,252,0.66,1.0312,120,0.6,0.9375,11,0.675,1.0546,14,0
IWM190913P153,2019-09-11,2019-09-11 09:33:49,0.68,1.0625,13,0.67,1.0468,44,0.6,0.9375,11,0.675,1.0546,14,0
IWM190913P153,2019-09-11,2019-09-11 09:33:49,0.69,1.0781,243,0.66,1.0312,120,0.6,0.9375,11,0.675,1.0546,14,0
IWM190913P153,2019-09-11,2019-09-11 09:33:50,0.69,1.0781,124,0.67,1.0468,39,0.6,0.9375,11,0.68,1.0625,14,0
IWM190913P153,2019-09-11,2019-09-11 09:33:51,0.69,1.0781,228,0.67,1.0468,59,0.6,0.9375,11,0.68,1.0625,14,0
IWM190913P153,2019-09-11,2019-09-11 09:33:51,0.69,1.0781,124,0.67,1.0468,89,0.6,0.9375,11,0.68,1.0625,14,0
IWM190913P153,2019-09-11,2019-09-11 09:33:52,0.69,1.0781,68,0.67,1.0468,110,0.6,0.9375,11,0.68,1.0625,14,0
IWM190913P153,2019-09-11,2019-09-11 09:33:52,0.69,1.0781,165,0.67,1.0468,120,0.6,0.9375,11,0.68,1.0625,14,0
IWM190913P153,2019-09-11,2019-09-11 09:33:53,0.69,1.0781,165,0.67,1.0468,74,0.6,0.9375,11,0.68,1.0625,14,0
IWM190913P153,2019-09-11,2019-09-11 09:33:53,0.69,1.0781,229,0.67,1.0468,74,0.6,0.9375,11,0.68,1.0625,14,0
IWM190913P153,2019-09-11,2019-09-11 09:33:54,0.69,1.0781,150,0.67,1.0468,84,0.6,0.9375,11,0.68,1.0625,14,0
IWM190913P153,2019-09-11,2019-09-11 09:33:54,0.68,1.0625,26,0.66,1.0312,50,0.6,0.9375,11,0.67,1.0468,14,0
IWM190913P153,2019-09-11,2019-09-11 09:33:55,0.67,1.0468,136,0.65,1.0156,89,0.6,0.9375,11,0.66,1.0312,14,0
IWM190913P153,2019-09-11,2019-09-11 09:33:55,0.67,1.0468,75,0.66,1.0312,19,0.6,0.9375,11,0.665,1.039,14,0
IWM190913P153,2019-09-11,2019-09-11 09:33:56,0.67,1.0468,176,0.65,1.0156,46,0.6,0.9375,11,0.66,1.0312,14,0
IWM190913P153,2019-09-11,2019-09-11 09:33:56,0.66,1.0312,26,0.65,1.0156,56,0.6,0.9375,11,0.655,1.0234,14,0
IWM190913P153,2019-09-11,2019-09-11 09:33:57,0.67,1.0468,43,0.66,1.0312,16,0.6,0.9375,11,0.665,1.039,14,0
IWM190913P153,2019-09-11,2019-09-11 09:33:58,0.67,1.0468,215,0.65,1.0156,120,0.6,0.9375,11,0.66,1.0312,14,0
IWM190913P153,2019-09-11,2019-09-11 09:33:58,0.67,1.0468,215,0.65,1.0156,66,0.6,0.9375,11,0.66,1.0312,14,0
IWM190913P153,2019-09-11,2019-09-11 09:33:59,0.67,1.0468,43,0.65,1.0156,120,0.6,0.9375,11,0.66,1.0312,14,0
IWM190913P153,2019-09-11,2019-09-11 09:33:59,0.67,1.0468,43,0.66,1.0312,92,0.6,0.9375,11,0.665,1.039,14,0
IWM190913P153,2019-09-11,2019-09-11 09:34:00,0.68,1.0625,2,0.67,1.0468,22,0.6,0.9375,11,0.675,1.0546,14,0
IWM190913P153,2019-09-11,2019-09-11 09:34:00,0.69,1.0781,187,0.67,1.0468,101,0.6,0.9375,11,0.68,1.0625,14,0
IWM190913P153,2019-09-11,2019-09-11 09:34:01,0.7,1.0937,52,0.68,1.0625,120,0.6,0.9375,11,0.69,1.0781,14,0
IWM190913P153,2019-09-11,2019-09-11 09:34:01,0.7,1.0937,63,0.68,1.0625,107,0.6,0.9375,11,0.69,1.0781,14,0
IWM190913P153,2019-09-11,2019-09-11 09:34:02,0.7,1.0937,18,0.69,1.0781,46,0.6,0.9375,11,0.695,1.0859,14,0
IWM190913P153,2019-09-11,2019-09-11 09:34:02,0.7,1.0937,33,0.69,1.0781,33,0.6,0.9375,11,0.695,1.0859,14,0
IWM190913P153,2019-09-11,2019-09-11 09:34:03,0.71,1.1093,95,0.7,1.0937,36,0.6,0.9375,11,0.705,1.1015,14,0
IWM190913P153,2019-09-11,2019-09-11 09:34:03,0.7,1.0937,18,0.69,1.0781,75,0.6,0.9375,11,0.695,1.0859,14,0
IWM190913P153,2019-09-11,2019-09-11 09:34:04,0.71,1.1093,31,0.69,1.0781,45,0.6,0.9375,11,0.7,1.0937,14,0
IWM190913P153,2019-09-11,2019-09-11 09:34:04,0.71,1.1093,31,0.69,1.0781,43,0.6,0.9375,11,0.7,1.0937,14,0
IWM190913P153,2019-09-11,2019-09-11 09:34:05,0.72,1.125,60,0.71,1.1093,5,0.6,0.9375,11,0.715,1.1171,14,0
IWM190913P153,2019-09-11,2019-09-11 09:34:06,0.72,1.125,58,0.71,1.1093,45,0.6,0.9375,11,0.715,1.1171,14,0
IWM190913P153,2019-09-11,2019-09-11 09:34:07,0.72,1.125,18,0.71,1.1093,44,0.6,0.9375,11,0.715,1.1171,14,0
IWM190913P153,2019-09-11,2019-09-11 09:34:07,0.72,1.125,18,0.71,1.1093,85,0.6,0.9375,11,0.715,1.1171,14,0
IWM190913P153,2019-09-11,2019-09-11 09:34:08,0.72,1.125,73,0.7,1.0937,12,0.6,0.9375,11,0.71,1.1093,14,0
IWM190913P153,2019-09-11,2019-09-11 09:34:08,0.72,1.125,132,0.7,1.0937,56,0.6,0.9375,11,0.71,1.1093,14,0
IWM190913P153,2019-09-11,2019-09-11 09:34:09,0.71,1.1093,203,0.69,1.0781,70,0.6,0.9375,11,0.7,1.0937,14,0
IWM190913P153,2019-09-11,2019-09-11 09:34:09,0.71,1.1093,83,0.7,1.0937,12,0.6,0.9375,11,0.705,1.1015,14,0
IWM190913P153,2019-09-11,2019-09-11 09:34:10,0.7,1.0937,13,0.69,1.0781,56,0.6,0.9375,11,0.695,1.0859,14,0
IWM190913P153,2019-09-11,2019-09-11 09:34:10,0.7,1.0937,26,0.69,1.0781,25,0.6,0.9375,11,0.695,1.0859,14,0
IWM190913P153,2019-09-11,2019-09-11 09:34:11,0.69,1.0781,13,0.68,1.0625,61,0.6,0.9375,11,0.685,1.0703,14,0
IWM190913P153,2019-09-11,2019-09-11 09:34:11,0.7,1.0937,137,0.68,1.0625,89,0.6,0.9375,11,0.69,1.0781,14,0
IWM190913P153,2019-09-11,2019-09-11 09:34:12,0.7,1.0937,96,0.68,1.0625,89,0.6,0.9375,11,0.69,1.0781,14,0
IWM190913P153,2019-09-11,2019-09-11 09:34:12,0.71,1.1093,219,0.68,1.0625,99,0.6,0.9375,11,0.695,1.0859,14,0
IWM190913P153,2019-09-11,2019-09-11 09:34:13,0.7,1.0937,28,0.68,1.0625,89,0.6,0.9375,11,0.69,1.0781,14,0
IWM190913P153,2019-09-11,2019-09-11 09:34:13,0.71,1.1093,124,0.69,1.0781,87,0.6,0.9375,11,0.7,1.0937,14,0
IWM190913P153,2019-09-11,2019-09-11 09:34:14,0.71,1.1093,94,0.69,1.0781,122,0.6,0.9375,11,0.7,1.0937,14,0
IWM190913P153,2019-09-11,2019-09-11 09:34:14,0.71,1.1093,27,0.69,1.0781,114,0.6,0.9375,11,0.7,1.0937,14,0
IWM190913P153,2019-09-11,2019-09-11 09:34:15,0.72,1.125,264,0.7,1.0937,45,0.6,0.9375,11,0.71,1.1093,14,0
IWM190913P153,2019-09-11,2019-09-11 09:34:15,0.72,1.125,168,0.7,1.0937,45,0.6,0.9375,11,0.71,1.1093,14,0
IWM190913P153,2019-09-11,2019-09-11 09:34:16,0.7,1.0937,13,0.7,1.0937,42,0.6,0.9375,11,0.7,1.0937,14,0
IWM190913P153,2019-09-11,2019-09-11 09:34:16,0.7,1.0937,13,0.69,1.0781,52,0.6,0.9375,11,0.695,1.0859,14,0
IWM190913P153,2019-09-11,2019-09-11 09:34:17,0.71,1.1093,119,0.69,1.0781,104,0.6,0.9375,11,0.7,1.0937,14,0
IWM190913P153,2019-09-11,2019-09-11 09:34:17,0.7,1.0937,21,0.69,1.0781,64,0.6,0.9375,11,0.695,1.0859,14,0
IWM190913P153,2019-09-11,2019-09-11 09:34:18,0.71,1.1093,43,0.69,1.0781,104,0.6,0.9375,11,0.7,1.0937,14,0
IWM190913P153,2019-09-11,2019-09-11 09:34:18,0.71,1.1093,43,0.69,1.0781,58,0.6,0.9375,11,0.7,1.0937,14,0
IWM190913P153,2019-09-11,2019-09-11 09:34:19,0.7,1.0937,52,0.68,1.0625,120,0.6,0.9375,11,0.69,1.0781,14,0
IWM190913P153,2019-09-11,2019-09-11 09:34:19,0.7,1.0937,60,0.68,1.0625,120,0.6,0.9375,11,0.69,1.0781,14,0
IWM190913P153,2019-09-11,2019-09-11 09:34:20,0.7,1.0937,60,0.68,1.0625,110,0.6,0.9375,11,0.69,1.0781,14,0
IWM190913P153,2019-09-11,2019-09-11 09:34:20,0.7,1.0937,83,0.68,1.0625,120,0.6,0.9375,11,0.69,1.0781,14,0
IWM190913P153,2019-09-11,2019-09-11 09:34:21,0.7,1.0937,34,0.69,1.0781,107,0.6,0.9375,11,0.695,1.0859,14,0
IWM190913P153,2019-09-11,2019-09-11 09:34:21,0.7,1.0937,83,0.68,1.0625,113,0.6,0.9375,11,0.69,1.0781,14,0
IWM190913P153,2019-09-11,2019-09-11 09:34:22,0.7,1.0937,19,0.69,1.0781,82,0.6,0.9375,11,0.695,1.0859,14,0
IWM190913P153,2019-09-11,2019-09-11 09:34:23,0.7,1.0937,78,0.68,1.0625,106,0.6,0.9375,11,0.69,1.0781,14,0
IWM190913P153,2019-09-11,2019-09-11 09:34:23,0.7,1.0937,83,0.68,1.0625,116,0.6,0.9375,11,0.69,1.0781,14,0
IWM190913P153,2019-09-11,2019-09-11 09:34:24,0.7,1.0937,78,0.68,1.0625,96,0.6,0.9375,11,0.69,1.0781,14,0
IWM190913P153,2019-09-11,2019-09-11 09:34:24,0.7,1.0937,78,0.68,1.0625,84,0.6,0.9375,11,0.69,1.0781,14,0
IWM190913P153,2019-09-11,2019-09-11 09:34:25,0.7,1.0937,6,0.68,1.0625,90,0.6,0.9375,11,0.69,1.0781,14,0
IWM190913P153,2019-09-11,2019-09-11 09:34:25,0.7,1.0937,108,0.68,1.0625,68,0.6,0.9375,11,0.69,1.0781,14,0
IWM190913P153,2019-09-11,2019-09-11 09:34:26,0.7,1.0937,6,0.68,1.0625,120,0.6,0.9375,11,0.69,1.0781,14,0
IWM190913P153,2019-09-11,2019-09-11 09:34:26,0.7,1.0937,6,0.69,1.0781,73,0.6,0.9375,11,0.695,1.0859,14,0
IWM190913P153,2019-09-11,2019-09-11 09:34:27,0.7,1.0937,6,0.69,1.0781,19,0.6,0.9375,11,0.695,1.0859,14,0
IWM190913P153,2019-09-11,2019-09-11 09:34:27,0.7,1.0937,6,0.68,1.0625,120,0.6,0.9375,11,0.69,1.0781,14,0
IWM190913P153,2019-09-11,2019-09-11 09:34:28,0.7,1.0937,70,0.68,1.0625,110,0.6,0.9375,11,0.69,1.0781,14,0
IWM190913P153,2019-09-11,2019-09-11 09:34:28,0.7,1.0937,201,0.67,1.0468,89,0.6,0.9375,11,0.685,1.0703,14,0
IWM190913P153,2019-09-11,2019-09-11 09:34:29,0.69,1.0781,170,0.67,1.0468,64,0.6,0.9375,11,0.68,1.0625,14,0
IWM190913P153,2019-09-11,2019-09-11 09:34:29,0.69,1.0781,153,0.67,1.0468,97,0.6,0.9375,11,0.68,1.0625,14,0
IWM190913P153,2019-09-11,2019-09-11 09:34:30,0.69,1.0781,144,0.67,1.0468,58,0.6,0.9375,11,0.68,1.0625,14,0
IWM190913P153,2019-09-11,2019-09-11 09:34:30,0.68,1.0625,167,0.66,1.0312,96,0.6,0.9375,11,0.67,1.0468,14,0
IWM190913P153,2019-09-11,2019-09-11 09:34:31,0.68,1.0625,182,0.67,1.0468,5,0.6,0.9375,11,0.675,1.0546,14,0
IWM190913P153,2019-09-11,2019-09-11 09:34:31,0.68,1.0625,60,0.66,1.0312,96,0.6,0.9375,11,0.67,1.0468,14,0
IWM190913P153,2019-09-11,2019-09-11 09:34:32,0.67,1.0468,5,0.66,1.0312,56,0.6,0.9375,11,0.665,1.039,14,0
IWM190913P153,2019-09-11,2019-09-11 09:34:32,0.67,1.0468,5,0.66,1.0312,82,0.6,0.9375,11,0.665,1.039,14,0
IWM190913P153,2019-09-11,2019-09-11 09:34:33,0.68,1.0625,21,0.67,1.0468,21,0.6,0.9375,11,0.675,1.0546,14,0
IWM190913P153,2019-09-11,2019-09-11 09:34:33,0.68,1.0625,115,0.67,1.0468,21,0.6,0.9375,11,0.675,1.0546,14,0
IWM190913P153,2019-09-11,2019-09-11 09:34:34,0.68,1.0625,21,0.67,1.0468,41,0.6,0.9375,11,0.675,1.0546,14,0
IWM190913P153,2019-09-11,2019-09-11 09:34:34,0.68,1.0625,360,0.67,1.0468,21,0.6,0.9375,11,0.675,1.0546,14,0
IWM190913P153,2019-09-11,2019-09-11 09:34:35,0.69,1.0781,51,0.67,1.0468,84,0.6,0.9375,11,0.68,1.0625,14,0
IWM190913P153,2019-09-11,2019-09-11 09:34:35,0.68,1.0625,21,0.67,1.0468,11,0.6,0.9375,11,0.675,1.0546,14,0
IWM190913P153,2019-09-11,2019-09-11 09:34:36,0.69,1.0781,51,0.68,1.0625,73,0.6,0.9375,11,0.685,1.0703,14,0
IWM190913P153,2019-09-11,2019-09-11 09:34:36,0.69,1.0781,51,0.68,1.0625,29,0.6,0.9375,11,0.685,1.0703,14,0
IWM190913P153,2019-09-11,2019-09-11 09:34:37,0.69,1.0781,85,0.68,1.0625,72,0.6,0.9375,11,0.685,1.0703,14,0
IWM190913P153,2019-09-11,2019-09-11 09:34:37,0.69,1.0781,51,0.68,1.0625,73,0.6,0.9375,11,0.685,1.0703,14,0
IWM190913P153,2019-09-11,2019-09-11 09:34:38,0.69,1.0781,135,0.67,1.0468,61,0.6,0.9375,11,0.68,1.0625,14,0
IWM190913P153,2019-09-11,2019-09-11 09:34:38,0.69,1.0781,218,0.67,1.0468,61,0.6,0.9375,11,0.68,1.0625,14,0
IWM190913P153,2019-09-11,2019-09-11 09:34:39,0.68,1.0625,3,0.67,1.0468,92,0.6,0.9375,11,0.675,1.0546,14,0
IWM190913P153,2019-09-11,2019-09-11 09:34:40,0.69,1.0781,97,0.67,1.0468,92,0.6,0.9375,11,0.68,1.0625,14,0
IWM190913P153,2019-09-11,2019-09-11 09:34:40,0.69,1.0781,72,0.67,1.0468,88,0.6,0.9375,11,0.68,1.0625,14,0
IWM190913P153,2019-09-11,2019-09-11 09:34:41,0.69,1.0781,85,0.68,1.0625,43,0.6,0.9375,11,0.685,1.0703,14,0
IWM190913P153,2019-09-11,2019-09-11 09:34:41,0.69,1.0781,92,0.68,1.0625,21,0.6,0.9375,11,0.685,1.0703,14,0
IWM190913P153,2019-09-11,2019-09-11 09:34:42,0.71,1.1093,162,0.69,1.0781,96,0.6,0.9375,11,0.7,1.0937,14,0
IWM190913P153,2019-09-11,2019-09-11 09:34:42,0.69,1.0781,72,0.68,1.0625,98,0.6,0.9375,11,0.685,1.0703,14,0
IWM190913P153,2019-09-11,2019-09-11 09:34:43,0.71,1.1093,93,0.69,1.0781,96,0.6,0.9375,11,0.7,1.0937,14,0
IWM190913P153,2019-09-11,2019-09-11 09:34:43,0.7,1.0937,6,0.69,1.0781,64,0.6,0.9375,11,0.695,1.0859,14,0
IWM190913P153,2019-09-11,2019-09-11 09:34:44,0.7,1.0937,5,0.69,1.0781,46,0.6,0.9375,11,0.695,1.0859,14,0
IWM190913P153,2019-09-11,2019-09-11 09:34:44,0.7,1.0937,6,0.69,1.0781,46,0.6,0.9375,11,0.695,1.0859,14,0
IWM190913P153,2019-09-11,2019-09-11 09:34:45,0.71,1.1093,72,0.7,1.0937,21,0.6,0.9375,11,0.705,1.1015,14,0
IWM190913P153,2019-09-11,2019-09-11 09:34:45,0.71,1.1093,85,0.7,1.0937,5,0.6,0.9375,11,0.705,1.1015,14,0
IWM190913P153,2019-09-11,2019-09-11 09:34:46,0.71,1.1093,85,0.69,1.0781,107,0.6,0.9375,11,0.7,1.0937,14,0
IWM190913P153,2019-09-11,2019-09-11 09:34:46,0.71,1.1093,333,0.69,1.0781,71,0.6,0.9375,11,0.7,1.0937,14,0
IWM190913P153,2019-09-11,2019-09-11 09:34:47,0.71,1.1093,31,0.69,1.0781,44,0.6,0.9375,11,0.7,1.0937,14,0
IWM190913P153,2019-09-11,2019-09-11 09:34:47,0.71,1.1093,23,0.7,1.0937,33,0.6,0.9375,11,0.705,1.1015,14,0
IWM190913P153,2019-09-11,2019-09-11 09:34:48,0.71,1.1093,33,0.69,1.0781,108,0.6,0.9375,11,0.7,1.0937,14,0
IWM190913P153,2019-09-11,2019-09-11 09:34:48,0.71,1.1093,181,0.69,1.0781,31,0.6,0.9375,11,0.7,1.0937,14,0
IWM190913P153,2019-09-11,2019-09-11 09:34:49,0.7,1.0937,70,0.68,1.0625,120,0.6,0.9375,11,0.69,1.0781,14,0
IWM190913P153,2019-09-11,2019-09-11 09:34:49,0.7,1.0937,57,0.68,1.0625,271,0.6,0.9375,11,0.69,1.0781,14,0
IWM190913P153,2019-09-11,2019-09-11 09:34:50,0.7,1.0937,70,0.68,1.0625,120,0.6,0.9375,11,0.69,1.0781,14,0
IWM190913P153,2019-09-11,2019-09-11 09:34:50,0.71,1.1093,72,0.69,1.0781,90,0.6,0.9375,11,0.7,1.0937,14,0
IWM190913P153,2019-09-11,2019-09-11 09:34:51,0.71,1.1093,35,0.7,1.0937,43,0.6,0.9375,11,0.705,1.1015,14,0
IWM190913P153,2019-09-11,2019-09-11 09:34:51,0.71,1.1093,72,0.7,1.0937,43,0.6,0.9375,11,0.705,1.1015,14,0
IWM190913P153,2019-09-11,2019-09-11 09:34:52,0.71,1.1093,35,0.7,1.0937,43,0.6,0.9375,11,0.705,1.1015,14,0
IWM190913P153,2019-09-11,2019-09-11 09:34:53,0.71,1.1093,15,0.7,1.0937,112,0.6,0.9375,11,0.705,1.1015,14,0
IWM190913P153,2019-09-11,2019-09-11 09:34:53,0.71,1.1093,15,0.7,1.0937,43,0.6,0.9375,11,0.705,1.1015,14,0
IWM190913P153,2019-09-11,2019-09-11 09:34:54,0.71,1.1093,49,0.7,1.0937,43,0.6,0.9375,11,0.705,1.1015,14,0
IWM190913P153,2019-09-11,2019-09-11 09:34:55,0.71,1.1093,104,0.69,1.0781,68,0.6,0.9375,11,0.7,1.0937,14,0
IWM190913P153,2019-09-11,2019-09-11 09:34:55,0.71,1.1093,25,0.69,1.0781,68,0.6,0.9375,11,0.7,1.0937,14,0
IWM190913P153,2019-09-11,2019-09-11 09:34:56,0.71,1.1093,25,0.69,1.0781,120,0.6,0.9375,11,0.7,1.0937,14,0
IWM190913P153,2019-09-11,2019-09-11 09:34:56,0.71,1.1093,38,0.69,1.0781,101,0.6,0.9375,11,0.7,1.0937,14,0
IWM190913P153,2019-09-11,2019-09-11 09:34:57,0.71,1.1093,38,0.69,1.0781,182,0.6,0.9375,11,0.7,1.0937,14,0
IWM190913P153,2019-09-11,2019-09-11 09:34:57,0.71,1.1093,97,0.69,1.0781,66,0.6,0.9375,11,0.7,1.0937,14,0
IWM190913P153,2019-09-11,2019-09-11 09:34:58,0.71,1.1093,276,0.69,1.0781,71,0.6,0.9375,11,0.7,1.0937,14,0
IWM190913P153,2019-09-11,2019-09-11 09:34:58,0.71,1.1093,25,0.69,1.0781,71,0.6,0.9375,11,0.7,1.0937,14,0
IWM190913P153,2019-09-11,2019-09-11 09:34:59,0.71,1.1093,12,0.7,1.0937,30,0.71,1.1093,25,0.705,1.1015,39,25
IWM190913P153,2019-09-11,2019-09-11 09:34:59,0.71,1.1093,12,0.69,1.0781,117,0.71,1.1093,25,0.7,1.0937,39,0
IWM190913P153,2019-09-11,2019-09-11 09:35:00,0.71,1.1093,12,0.7,1.0937,35,0.71,1.1093,25,0.705,1.1015,39,0
IWM190913P153,2019-09-11,2019-09-11 09:35:00,0.71,1.1093,12,0.7,1.0937,105,0.71,1.1093,10,0.705,1.1015,49,10
IWM190913P153,2019-09-11,2019-09-11 09:35:01,0.72,1.125,3,0.71,1.1093,21,0.71,1.1093,10,0.715,1.1171,49,0
IWM190913P153,2019-09-11,2019-09-11 09:35:01,0.72,1.125,9,0.71,1.1093,120,0.71,1.1093,10,0.715,1.1171,49,0
IWM190913P153,2019-09-11,2019-09-11 09:35:02,0.72,1.125,9,0.71,1.1093,94,0.71,1.1093,10,0.715,1.1171,49,0
IWM190913P153,2019-09-11,2019-09-11 09:35:02,0.72,1.125,9,0.71,1.1093,92,0.71,1.1093,10,0.715,1.1171,49,0
IWM190913P153,2019-09-11,2019-09-11 09:35:03,0.73,1.1406,45,0.72,1.125,116,0.71,1.1093,10,0.725,1.1328,49,0
IWM190913P153,2019-09-11,2019-09-11 09:35:03,0.73,1.1406,21,0.72,1.125,30,0.71,1.1093,10,0.725,1.1328,49,0
IWM190913P153,2019-09-11,2019-09-11 09:35:04,0.72,1.125,9,0.71,1.1093,67,0.71,1.1093,10,0.715,1.1171,49,0
IWM190913P153,2019-09-11,2019-09-11 09:35:04,0.72,1.125,75,0.71,1.1093,48,0.71,1.1093,10,0.715,1.1171,49,0
IWM190913P153,2019-09-11,2019-09-11 09:35:05,0.73,1.1406,6,0.71,1.1093,98,0.71,1.1093,10,0.72,1.125,49,0
IWM190913P153,2019-09-11,2019-09-11 09:35:05,0.73,1.1406,6,0.72,1.125,87,0.71,1.1093,10,0.725,1.1328,49,0
IWM190913P153,2019-09-11,2019-09-11 09:35:06,0.73,1.1406,6,0.72,1.125,87,0.71,1.1093,10,0.725,1.1328,49,0
IWM190913P153,2019-09-11,2019-09-11 09:35:06,0.74,1.1562,71,0.73,1.1406,17,0.71,1.1093,10,0.735,1.1484,49,0
IWM190913P153,2019-09-11,2019-09-11 09:35:07,0.74,1.1562,71,0.73,1.1406,69,0.71,1.1093,10,0.735,1.1484,49,0
IWM190913P153,2019-09-11,2019-09-11 09:35:07,0.74,1.1562,58,0.73,1.1406,78,0.71,1.1093,10,0.735,1.1484,49,0
IWM190913P153,2019-09-11,2019-09-11 09:35:08,0.75,1.1718,140,0.73,1.1406,87,0.71,1.1093,10,0.74,1.1562,49,0
IWM190913P153,2019-09-11,2019-09-11 09:35:08,0.75,1.1718,140,0.73,1.1406,120,0.71,1.1093,10,0.74,1.1562,49,0
IWM190913P153,2019-09-11,2019-09-11 09:35:09,0.75,1.1718,83,0.73,1.1406,113,0.71,1.1093,10,0.74,1.1562,49,0
IWM190913P153,2019-09-11,2019-09-11 09:35:10,0.74,1.1562,18,0.73,1.1406,113,0.71,1.1093,10,0.735,1.1484,49,0
IWM190913P153,2019-09-11,2019-09-11 09:35:10,0.75,1.1718,44,0.73,1.1406,104,0.71,1.1093,10,0.74,1.1562,49,0
IWM190913P153,2019-09-11,2019-09-11 09:35:11,0.75,1.1718,2,0.74,1.1562,160,0.71,1.1093,10,0.745,1.164,49,0
IWM190913P153,2019-09-11,2019-09-11 09:35:11,0.75,1.1718,2,0.74,1.1562,110,0.71,1.1093,10,0.745,1.164,49,0
IWM190913P153,2019-09-11,2019-09-11 09:35:12,0.75,1.1718,44,0.73,1.1406,63,0.75,1.1718,1,0.74,1.1562,52,0
IWM190913P153,2019-09-11,2019-09-11 09:35:12,0.75,1.1718,1,0.75,1.1718,1,0.75,1.1718,1,0.75,1.1718,52,3
IWM190913P153,2019-09-11,2019-09-11 09:35:13,0.74,1.1562,13,0.73,1.1406,26,0.75,1.1718,1,0.735,1.1484,52,0
IWM190913P153,2019-09-11,2019-09-11 09:35:13,0.74,1.1562,45,0.72,1.125,110,0.75,1.1718,1,0.73,1.1406,52,0
IWM190913P153,2019-09-11,2019-09-11 09:35:14,0.74,1.1562,60,0.72,1.125,85,0.75,1.1718,1,0.73,1.1406,52,0
IWM190913P153,2019-09-11,2019-09-11 09:35:14,0.74,1.1562,45,0.72,1.125,95,0.75,1.1718,1,0.73,1.1406,52,0
IWM190913P153,2019-09-11,2019-09-11 09:35:15,0.74,1.1562,45,0.72,1.125,95,0.75,1.1718,1,0.73,1.1406,52,0
IWM190913P153,2019-09-11,2019-09-11 09:35:15,0.74,1.1562,71,0.72,1.125,49,0.75,1.1718,1,0.73,1.1406,52,0
IWM190913P153,2019-09-11,2019-09-11 09:35:16,0.73,1.1406,42,0.72,1.125,78,0.75,1.1718,1,0.725,1.1328,52,0
IWM190913P153,2019-09-11,2019-09-11 09:35:16,0.73,1.1406,16,0.72,1.125,109,0.75,1.1718,1,0.725,1.1328,52,0
IWM190913P153,2019-09-11,2019-09-11 09:35:17,0.74,1.1562,53,0.72,1.125,139,0.75,1.1718,1,0.73,1.1406,52,0
IWM190913P153,2019-09-11,2019-09-11 09:35:17,0.74,1.1562,265,0.72,1.125,74,0.75,1.1718,1,0.73,1.1406,52,0
IWM190913P153,2019-09-11,2019-09-11 09:35:18,0.74,1.1562,121,0.72,1.125,116,0.75,1.1718,1,0.73,1.1406,52,0
IWM190913P153,2019-09-11,2019-09-11 09:35:18,0.74,1.1562,87,0.72,1.125,217,0.75,1.1718,1,0.73,1.1406,52,0
IWM190913P153,2019-09-11,2019-09-11 09:35:19,0.74,1.1562,19,0.72,1.125,116,0.75,1.1718,1,0.73,1.1406,52,0
IWM190913P153,2019-09-11,2019-09-11 09:35:20,0.74,1.1562,19,0.73,1.1406,32,0.75,1.1718,1,0.735,1.1484,52,0
IWM190913P153,2019-09-11,2019-09-11 09:35:20,0.73,1.1406,25,0.71,1.1093,110,0.75,1.1718,1,0.72,1.125,52,0
IWM190913P153,2019-09-11,2019-09-11 09:35:21,0.74,1.1562,19,0.73,1.1406,89,0.75,1.1718,1,0.735,1.1484,52,0
IWM190913P153,2019-09-11,2019-09-11 09:35:21,0.74,1.1562,25,0.73,1.1406,89,0.75,1.1718,1,0.735,1.1484,52,0
IWM190913P153,2019-09-11,2019-09-11 09:35:22,0.75,1.1718,196,0.73,1.1406,89,0.75,1.1718,1,0.74,1.1562,52,0
IWM190913P153,2019-09-11,2019-09-11 09:35:22,0.74,1.1562,19,0.73,1.1406,58,0.75,1.1718,1,0.735,1.1484,52,0
IWM190913P153,2019-09-11,2019-09-11 09:35:23,0.75,1.1718,71,0.73,1.1406,120,0.75,1.1718,1,0.74,1.1562,52,0
IWM190913P153,2019-09-11,2019-09-11 09:35:24,0.74,1.1562,41,0.73,1.1406,57,0.75,1.1718,1,0.735,1.1484,52,0
IWM190913P153,2019-09-11,2019-09-11 09:35:24,0.75,1.1718,71,0.73,1.1406,110,0.75,1.1718,1,0.74,1.1562,52,0
IWM190913P153,2019-09-11,2019-09-11 09:35:25,0.75,1.1718,58,0.73,1.1406,113,0.75,1.1718,1,0.74,1.1562,52,0
IWM190913P153,2019-09-11,2019-09-11 09:35:25,0.75,1.1718,58,0.73,1.1406,57,0.75,1.1718,1,0.74,1.1562,52,0
IWM190913P153,2019-09-11,2019-09-11 09:35:26,0.75,1.1718,93,0.73,1.1406,51,0.75,1.1718,1,0.74,1.1562,52,0
IWM190913P153,2019-09-11,2019-09-11 09:35:27,0.74,1.1562,13,0.73,1.1406,36,0.75,1.1718,1,0.735,1.1484,52,0
IWM190913P153,2019-09-11,2019-09-11 09:35:27,0.75,1.1718,57,0.73,1.1406,118,0.75,1.1718,1,0.74,1.1562,52,0
IWM190913P153,2019-09-11,2019-09-11 09:35:28,0.75,1.1718,81,0.72,1.125,131,0.75,1.1718,1,0.735,1.1484,52,0
IWM190913P153,2019-09-11,2019-09-11 09:35:28,0.75,1.1718,57,0.73,1.1406,178,0.75,1.1718,1,0.74,1.1562,52,0
IWM190913P153,2019-09-11,2019-09-11 09:35:29,0.74,1.1562,39,0.72,1.125,84,0.75,1.1718,1,0.73,1.1406,52,0
IWM190913P153,2019-09-11,2019-09-11 09:35:29,0.74,1.1562,39,0.72,1.125,120,0.75,1.1718,1,0.73,1.1406,52,0
IWM190913P153,2019-09-11,2019-09-11 09:35:30,0.74,1.1562,59,0.72,1.125,120,0.75,1.1718,1,0.73,1.1406,52,0
IWM190913P153,2019-09-11,2019-09-11 09:35:30,0.74,1.1562,59,0.73,1.1406,32,0.75,1.1718,1,0.735,1.1484,52,0
IWM190913P153,2019-09-11,2019-09-11 09:35:31,0.74,1.1562,26,0.73,1.1406,12,0.75,1.1718,1,0.735,1.1484,52,0
IWM190913P153,2019-09-11,2019-09-11 09:35:31,0.73,1.1406,3,0.72,1.125,57,0.75,1.1718,1,0.725,1.1328,52,0
IWM190913P153,2019-09-11,2019-09-11 09:35:32,0.72,1.125,35,0.71,1.1093,105,0.75,1.1718,1,0.715,1.1171,52,0
IWM190913P153,2019-09-11,2019-09-11 09:35:32,0.73,1.1406,39,0.71,1.1093,105,0.75,1.1718,1,0.72,1.125,52,0
IWM190913P153,2019-09-11,2019-09-11 09:35:33,0.72,1.125,35,0.7,1.0937,180,0.75,1.1718,1,0.71,1.1093,52,0
IWM190913P153,2019-09-11,2019-09-11 09:35:33,0.72,1.125,19,0.71,1.1093,47,0.75,1.1718,1,0.715,1.1171,52,0
IWM190913P153,2019-09-11,2019-09-11 09:35:34,0.72,1.125,50,0.71,1.1093,97,0.75,1.1718,1,0.715,1.1171,52,0
IWM190913P153,2019-09-11,2019-09-11 09:35:34,0.73,1.1406,269,0.71,1.1093,97,0.75,1.1718,1,0.72,1.125,52,0
IWM190913P153,2019-09-11,2019-09-11 09:35:35,0.72,1.125,4,0.71,1.1093,73,0.75,1.1718,1,0.715,1.1171,52,0
IWM190913P153,2019-09-11,2019-09-11 09:35:36,0.73,1.1406,186,0.71,1.1093,83,0.75,1.1718,1,0.72,1.125,52,0
IWM190913P153,2019-09-11,2019-09-11 09:35:36,0.72,1.125,4,0.71,1.1093,83,0.75,1.1718,1,0.715,1.1171,52,0
IWM190913P153,2019-09-11,2019-09-11 09:35:37,0.73,1.1406,121,0.71,1.1093,46,0.75,1.1718,1,0.72,1.125,52,0
IWM190913P153,2019-09-11,2019-09-11 09:35:37,0.73,1.1406,121,0.71,1.1093,81,0.75,1.1718,1,0.72,1.125,52,0
IWM190913P153,2019-09-11,2019-09-11 09:35:38,0.73,1.1406,145,0.71,1.1093,144,0.75,1.1718,1,0.72,1.125,52,0
IWM190913P153,2019-09-11,2019-09-11 09:35:38,0.73,1.1406,145,0.71,1.1093,81,0.75,1.1718,1,0.72,1.125,52,0
IWM190913P153,2019-09-11,2019-09-11 09:35:39,0.73,1.1406,145,0.71,1.1093,144,0.75,1.1718,1,0.72,1.125,52,0
IWM190913P153,2019-09-11,2019-09-11 09:35:40,0.72,1.125,53,0.71,1.1093,43,0.75,1.1718,1,0.715,1.1171,52,0
IWM190913P153,2019-09-11,2019-09-11 09:35:40,0.73,1.1406,42,0.71,1.1093,201,0.75,1.1718,1,0.72,1.125,52,0
IWM190913P153,2019-09-11,2019-09-11 09:35:41,0.74,1.1562,72,0.72,1.125,120,0.75,1.1718,1,0.73,1.1406,52,0
IWM190913P153,2019-09-11,2019-09-11 09:35:41,0.74,1.1562,189,0.72,1.125,90,0.75,1.1718,1,0.73,1.1406,52,0
IWM190913P153,2019-09-11,2019-09-11 09:35:42,0.74,1.1562,18,0.72,1.125,10,0.75,1.1718,1,0.73,1.1406,52,0
IWM190913P153,2019-09-11,2019-09-11 09:35:42,0.74,1.1562,18,0.73,1.1406,30,0.75,1.1718,1,0.735,1.1484,52,0
IWM190913P153,2019-09-11,2019-09-11 09:35:43,0.73,1.1406,65,0.72,1.125,11,0.75,1.1718,1,0.725,1.1328,52,0
IWM190913P153,2019-09-11,2019-09-11 09:35:43,0.73,1.1406,13,0.72,1.125,11,0.75,1.1718,1,0.725,1.1328,52,0
IWM190913P153,2019-09-11,2019-09-11 09:35:44,0.73,1.1406,13,0.71,1.1093,263,0.75,1.1718,1,0.72,1.125,52,0
IWM190913P153,2019-09-11,2019-09-11 09:35:45,0.74,1.1562,58,0.72,1.125,49,0.75,1.1718,1,0.73,1.1406,52,0
IWM190913P153,2019-09-11,2019-09-11 09:35:45,0.74,1.1562,101,0.72,1.125,92,0.75,1.1718,1,0.73,1.1406,52,0
IWM190913P153,2019-09-11,2019-09-11 09:35:46,0.74,1.1562,229,0.72,1.125,54,0.75,1.1718,1,0.73,1.1406,52,0
IWM190913P153,2019-09-11,2019-09-11 09:35:46,0.73,1.1406,8,0.72,1.125,49,0.75,1.1718,1,0.725,1.1328,52,0
IWM190913P153,2019-09-11,2019-09-11 09:35:47,0.74,1.1562,16,0.73,1.1406,31,0.75,1.1718,1,0.735,1.1484,52,0
IWM190913P153,2019-09-11,2019-09-11 09:35:47,0.74,1.1562,24,0.73,1.1406,31,0.75,1.1718,1,0.735,1.1484,52,0
IWM190913P153,2019-09-11,2019-09-11 09:35:48,0.75,1.1718,83,0.73,1.1406,100,0.75,1.1718,1,0.74,1.1562,52,0
IWM190913P153,2019-09-11,2019-09-11 09:35:48,0.75,1.1718,113,0.73,1.1406,70,0.75,1.1718,1,0.74,1.1562,52,0
IWM190913P153,2019-09-11,2019-09-11 09:35:49,0.74,1.1562,89,0.72,1.125,62,0.75,1.1718,1,0.73,1.1406,52,0
IWM190913P153,2019-09-11,2019-09-11 09:35:49,0.75,1.1718,138,0.72,1.125,71,0.75,1.1718,1,0.735,1.1484,52,0
IWM190913P153,2019-09-11,2019-09-11 09:35:50,0.74,1.1562,18,0.72,1.125,125,0.75,1.1718,1,0.73,1.1406,52,0
IWM190913P153,2019-09-11,2019-09-11 09:35:51,0.74,1.1562,19,0.73,1.1406,53,0.75,1.1718,1,0.735,1.1484,52,0
IWM190913P153,2019-09-11,2019-09-11 09:35:51,0.74,1.1562,19,0.73,1.1406,31,0.75,1.1718,1,0.735,1.1484,52,0
IWM190913P153,2019-09-11,2019-09-11 09:35:52,0.74,1.1562,19,0.71,1.1093,120,0.75,1.1718,1,0.725,1.1328,52,0
IWM190913P153,2019-09-11,2019-09-11 09:35:52,0.74,1.1562,19,0.71,1.1093,50,0.75,1.1718,1,0.725,1.1328,52,0
IWM190913P153,2019-09-11,2019-09-11 09:35:53,0.72,1.125,65,0.71,1.1093,55,0.75,1.1718,1,0.715,1.1171,52,0
IWM190913P153,2019-09-11,2019-09-11 09:35:53,0.72,1.125,105,0.7,1.0937,86,0.75,1.1718,1,0.71,1.1093,52,0
IWM190913P153,2019-09-11,2019-09-11 09:35:54,0.72,1.125,105,0.7,1.0937,82,0.75,1.1718,1,0.71,1.1093,52,0
IWM190913P153,2019-09-11,2019-09-11 09:35:54,0.72,1.125,34,0.71,1.1093,71,0.75,1.1718,1,0.715,1.1171,52,0
IWM190913P153,2019-09-11,2019-09-11 09:35:55,0.73,1.1406,100,0.71,1.1093,108,0.75,1.1718,1,0.72,1.125,52,0
IWM190913P153,2019-09-11,2019-09-11 09:35:56,0.73,1.1406,119,0.71,1.1093,119,0.75,1.1718,1,0.72,1.125,52,0
IWM190913P153,2019-09-11,2019-09-11 09:35:56,0.73,1.1406,119,0.71,1.1093,64,0.75,1.1718,1,0.72,1.125,52,0
IWM190913P153,2019-09-11,2019-09-11 09:35:57,0.73,1.1406,39,0.71,1.1093,76,0.75,1.1718,1,0.72,1.125,52,0
IWM190913P153,2019-09-11,2019-09-11 09:35:57,0.73,1.1406,18,0.72,1.125,31,0.75,1.1718,1,0.725,1.1328,52,0
IWM190913P153,2019-09-11,2019-09-11 09:35:58,0.73,1.1406,27,0.71,1.1093,52,0.75,1.1718,1,0.72,1.125,52,0
IWM190913P153,2019-09-11,2019-09-11 09:35:58,0.73,1.1406,26,0.71,1.1093,59,0.75,1.1718,1,0.72,1.125,52,0
IWM190913P153,2019-09-11,2019-09-11 09:35:59,0.73,1.1406,79,0.71,1.1093,69,0.75,1.1718,1,0.72,1.125,52,0
IWM190913P153,2019-09-11,2019-09-11 09:35:59,0.73,1.1406,42,0.71,1.1093,69,0.75,1.1718,1,0.72,1.125,52,0
IWM190913P153,2019-09-11,2019-09-11 09:36:00,0.74,1.1562,186,0.72,1.125,61,0.75,1.1718,1,0.73,1.1406,52,0
IWM190913P153,2019-09-11,2019-09-11 09:36:00,0.73,1.1406,48,0.71,1.1093,111,0.75,1.1718,1,0.72,1.125,52,0
IWM190913P153,2019-09-11,2019-09-11 09:36:01,0.74,1.1562,65,0.73,1.1406,17,0.75,1.1718,1,0.735,1.1484,52,0
IWM190913P153,2019-09-11,2019-09-11 09:36:01,0.74,1.1562,19,0.73,1.1406,71,0.75,1.1718,1,0.735,1.1484,52,0
IWM190913P153,2019-09-11,2019-09-11 09:36:02,0.74,1.1562,15,0.72,1.125,106,0.75,1.1718,1,0.73,1.1406,52,0
IWM190913P153,2019-09-11,2019-09-11 09:36:02,0.74,1.1562,23,0.72,1.125,106,0.75,1.1718,1,0.73,1.1406,52,0
IWM190913P153,2019-09-11,2019-09-11 09:36:03,0.74,1.1562,3,0.72,1.125,196,0.75,1.1718,1,0.73,1.1406,52,0
IWM190913P153,2019-09-11,2019-09-11 09:36:03,0.74,1.1562,1,0.73,1.1406,150,0.75,1.1718,1,0.735,1.1484,52,0
IWM190913P153,2019-09-11,2019-09-11 09:36:04,0.74,1.1562,1,0.73,1.1406,157,0.75,1.1718,1,0.735,1.1484,52,0
IWM190913P153,2019-09-11,2019-09-11 09:36:04,0.74,1.1562,1,0.73,1.1406,223,0.75,1.1718,1,0.735,1.1484,52,0
IWM190913P153,2019-09-11,2019-09-11 09:36:05,0.73,1.1406,1,0.72,1.125,46,0.75,1.1718,1,0.725,1.1328,52,0
IWM190913P153,2019-09-11,2019-09-11 09:36:05,0.74,1.1562,73,0.72,1.125,67,0.75,1.1718,1,0.73,1.1406,52,0
IWM190913P153,2019-09-11,2019-09-11 09:36:06,0.74,1.1562,33,0.73,1.1406,72,0.75,1.1718,1,0.735,1.1484,52,0
IWM190913P153,2019-09-11,2019-09-11 09:36:07,0.74,1.1562,1,0.73,1.1406,91,0.75,1.1718,1,0.735,1.1484,52,0
IWM190913P153,2019-09-11,2019-09-11 09:36:07,0.75,1.1718,72,0.74,1.1562,1,0.74,1.1562,1,0.745,1.164,53,1
IWM190913P153,2019-09-11,2019-09-11 09:36:08,0.75,1.1718,17,0.73,1.1406,120,0.74,1.1562,1,0.74,1.1562,53,0
IWM190913P153,2019-09-11,2019-09-11 09:36:08,0.75,1.1718,72,0.74,1.1562,13,0.74,1.1562,1,0.745,1.164,53,0
IWM190913P153,2019-09-11,2019-09-11 09:36:09,0.75,1.1718,80,0.73,1.1406,120,0.74,1.1562,1,0.74,1.1562,53,0
IWM190913P153,2019-09-11,2019-09-11 09:36:09,0.75,1.1718,67,0.73,1.1406,111,0.74,1.1562,1,0.74,1.1562,53,0
IWM190913P153,2019-09-11,2019-09-11 09:36:10,0.75,1.1718,71,0.73,1.1406,101,0.74,1.1562,1,0.74,1.1562,53,0
IWM190913P153,2019-09-11,2019-09-11 09:36:10,0.75,1.1718,47,0.73,1.1406,110,0.74,1.1562,1,0.74,1.1562,53,0
IWM190913P153,2019-09-11,2019-09-11 09:36:11,0.75,1.1718,35,0.73,1.1406,72,0.74,1.1562,1,0.74,1.1562,53,0
IWM190913P153,2019-09-11,2019-09-11 09:36:11,0.75,1.1718,31,0.73,1.1406,248,0.74,1.1562,1,0.74,1.1562,53,0
IWM190913P153,2019-09-11,2019-09-11 09:36:12,0.75,1.1718,47,0.73,1.1406,103,0.74,1.1562,1,0.74,1.1562,53,0
IWM190913P153,2019-09-11,2019-09-11 09:36:13,0.74,1.1562,45,0.73,1.1406,37,0.74,1.1562,1,0.735,1.1484,53,0
IWM190913P153,2019-09-11,2019-09-11 09:36:13,0.74,1.1562,30,0.72,1.125,154,0.74,1.1562,1,0.73,1.1406,53,0
IWM190913P153,2019-09-11,2019-09-11 09:36:14,0.74,1.1562,110,0.72,1.125,90,0.74,1.1562,1,0.73,1.1406,53,0
IWM190913P153,2019-09-11,2019-09-11 09:36:14,0.74,1.1562,72,0.72,1.125,108,0.74,1.1562,1,0.73,1.1406,53,0
IWM190913P153,2019-09-11,2019-09-11 09:36:15,0.75,1.1718,119,0.73,1.1406,80,0.74,1.1562,1,0.74,1.1562,53,0
IWM190913P153,2019-09-11,2019-09-11 09:36:15,0.75,1.1718,129,0.73,1.1406,38,0.74,1.1562,1,0.74,1.1562,53,0
IWM190913P153,2019-09-11,2019-09-11 09:36:16,0.74,1.1562,17,0.73,1.1406,72,0.74,1.1562,1,0.735,1.1484,53,0
IWM190913P153,2019-09-11,2019-09-11 09:36:16,0.74,1.1562,17,0.73,1.1406,101,0.74,1.1562,1,0.735,1.1484,53,0
IWM190913P153,2019-09-11,2019-09-11 09:36:17,0.75,1.1718,116,0.73,1.1406,88,0.74,1.1562,1,0.74,1.1562,53,0
IWM190913P153,2019-09-11,2019-09-11 09:36:17,0.75,1.1718,116,0.73,1.1406,141,0.74,1.1562,1,0.74,1.1562,53,0
IWM190913P153,2019-09-11,2019-09-11 09:36:18,0.75,1.1718,116,0.73,1.1406,131,0.74,1.1562,1,0.74,1.1562,53,0
IWM190913P153,2019-09-11,2019-09-11 09:36:18,0.75,1.1718,89,0.73,1.1406,115,0.74,1.1562,1,0.74,1.1562,53,0
IWM190913P153,2019-09-11,2019-09-11 09:36:19,0.74,1.1562,30,0.73,1.1406,15,0.74,1.1562,1,0.735,1.1484,53,0
IWM190913P153,2019-09-11,2019-09-11 09:36:19,0.74,1.1562,17,0.73,1.1406,31,0.74,1.1562,1,0.735,1.1484,53,0
IWM190913P153,2019-09-11,2019-09-11 09:36:20,0.74,1.1562,17,0.73,1.1406,92,0.74,1.1562,1,0.735,1.1484,53,0
IWM190913P153,2019-09-11,2019-09-11 09:36:20,0.75,1.1718,134,0.74,1.1562,6,0.74,1.1562,1,0.745,1.164,53,0
IWM190913P153,2019-09-11,2019-09-11 09:36:21,0.76,1.1875,1,0.74,1.1562,47,0.74,1.1562,1,0.75,1.1718,53,0
IWM190913P153,2019-09-11,2019-09-11 09:36:21,0.76,1.1875,1,0.75,1.1718,150,0.74,1.1562,1,0.755,1.1796,53,0
IWM190913P153,2019-09-11,2019-09-11 09:36:22,0.76,1.1875,16,0.74,1.1562,246,0.74,1.1562,1,0.75,1.1718,53,0
IWM190913P153,2019-09-11,2019-09-11 09:36:22,0.76,1.1875,2,0.75,1.1718,96,0.74,1.1562,1,0.755,1.1796,53,0
IWM190913P153,2019-09-11,2019-09-11 09:36:23,0.76,1.1875,15,0.75,1.1718,106,0.74,1.1562,1,0.755,1.1796,53,0
IWM190913P153,2019-09-11,2019-09-11 09:36:23,0.76,1.1875,1,0.75,1.1718,119,0.74,1.1562,1,0.755,1.1796,53,0
IWM190913P153,2019-09-11,2019-09-11 09:36:24,0.76,1.1875,2,0.75,1.1718,96,0.74,1.1562,1,0.755,1.1796,53,0
IWM190913P153,2019-09-11,2019-09-11 09:36:24,0.76,1.1875,1,0.75,1.1718,131,0.74,1.1562,1,0.755,1.1796,53,0
IWM190913P153,2019-09-11,2019-09-11 09:36:25,0.77,1.2031,36,0.76,1.1875,84,0.74,1.1562,1,0.765,1.1953,53,0
IWM190913P153,2019-09-11,2019-09-11 09:36:25,0.77,1.2031,66,0.75,1.1718,100,0.74,1.1562,1,0.76,1.1875,53,0
IWM190913P153,2019-09-11,2019-09-11 09:36:26,0.77,1.2031,69,0.75,1.1718,130,0.74,1.1562,1,0.76,1.1875,53,0
IWM190913P153,2019-09-11,2019-09-11 09:36:26,0.77,1.2031,69,0.75,1.1718,100,0.74,1.1562,1,0.76,1.1875,53,0
IWM190913P153,2019-09-11,2019-09-11 09:36:27,0.76,1.1875,11,0.75,1.1718,58,0.74,1.1562,1,0.755,1.1796,53,0
IWM190913P153,2019-09-11,2019-09-11 09:36:27,0.77,1.2031,69,0.75,1.1718,110,0.74,1.1562,1,0.76,1.1875,53,0
IWM190913P153,2019-09-11,2019-09-11 09:36:28,0.76,1.1875,36,0.75,1.1718,58,0.74,1.1562,1,0.755,1.1796,53,0
IWM190913P153,2019-09-11,2019-09-11 09:36:28,0.77,1.2031,184,0.75,1.1718,58,0.74,1.1562,1,0.76,1.1875,53,0
IWM190913P153,2019-09-11,2019-09-11 09:36:29,0.77,1.2031,184,0.75,1.1718,118,0.74,1.1562,1,0.76,1.1875,53,0
IWM190913P153,2019-09-11,2019-09-11 09:36:29,0.77,1.2031,36,0.75,1.1718,118,0.74,1.1562,1,0.76,1.1875,53,0
IWM190913P153,2019-09-11,2019-09-11 09:36:30,0.77,1.2031,36,0.75,1.1718,172,0.74,1.1562,1,0.76,1.1875,53,0
IWM190913P153,2019-09-11,2019-09-11 09:36:30,0.77,1.2031,102,0.74,1.1562,82,0.74,1.1562,1,0.755,1.1796,53,0
IWM190913P153,2019-09-11,2019-09-11 09:36:31,0.76,1.1875,114,0.74,1.1562,102,0.74,1.1562,1,0.75,1.1718,53,0
IWM190913P153,2019-09-11,2019-09-11 09:36:32,0.76,1.1875,90,0.74,1.1562,44,0.74,1.1562,1,0.75,1.1718,53,0
IWM190913P153,2019-09-11,2019-09-11 09:36:32,0.76,1.1875,47,0.74,1.1562,120,0.74,1.1562,1,0.75,1.1718,53,0
IWM190913P153,2019-09-11,2019-09-11 09:36:33,0.75,1.1718,13,0.74,1.1562,44,0.74,1.1562,1,0.745,1.164,53,0
IWM190913P153,2019-09-11,2019-09-11 09:36:33,0.74,1.1562,30,0.72,1.125,120,0.74,1.1562,1,0.73,1.1406,53,0
IWM190913P153,2019-09-11,2019-09-11 09:36:34,0.74,1.1562,73,0.72,1.125,120,0.74,1.1562,1,0.73,1.1406,53,0
IWM190913P153,2019-09-11,2019-09-11 09:36:34,0.74,1.1562,73,0.73,1.1406,10,0.74,1.1562,1,0.735,1.1484,53,0
IWM190913P153,2019-09-11,2019-09-11 09:36:35,0.73,1.1406,39,0.72,1.125,46,0.74,1.1562,1,0.725,1.1328,53,0
IWM190913P153,2019-09-11,2019-09-11 09:36:35,0.74,1.1562,85,0.72,1.125,36,0.74,1.1562,1,0.73,1.1406,53,0
IWM190913P153,2019-09-11,2019-09-11 09:36:36,0.73,1.1406,13,0.72,1.125,33,0.74,1.1562,1,0.725,1.1328,53,0
IWM190913P153,2019-09-11,2019-09-11 09:36:37,0.75,1.1718,100,0.73,1.1406,117,0.74,1.1562,1,0.74,1.1562,53,0
IWM190913P153,2019-09-11,2019-09-11 09:36:37,0.74,1.1562,16,0.73,1.1406,117,0.74,1.1562,1,0.735,1.1484,53,0
IWM190913P153,2019-09-11,2019-09-11 09:36:38,0.75,1.1718,62,0.74,1.1562,22,0.74,1.1562,1,0.745,1.164,53,0
IWM190913P153,2019-09-11,2019-09-11 09:36:38,0.75,1.1718,62,0.73,1.1406,179,0.74,1.1562,1,0.74,1.1562,53,0
IWM190913P153,2019-09-11,2019-09-11 09:36:39,0.75,1.1718,16,0.74,1.1562,115,0.74,1.1562,1,0.745,1.164,53,0
IWM190913P153,2019-09-11,2019-09-11 09:36:39,0.77,1.2031,181,0.74,1.1562,100,0.74,1.1562,1,0.755,1.1796,53,0
IWM190913P153,2019-09-11,2019-09-11 09:36:40,0.76,1.1875,16,0.74,1.1562,110,0.74,1.1562,1,0.75,1.1718,53,0
IWM190913P153,2019-09-11,2019-09-11 09:36:40,0.76,1.1875,16,0.75,1.1718,35,0.74,1.1562,1,0.755,1.1796,53,0
IWM190913P153,2019-09-11,2019-09-11 09:36:41,0.76,1.1875,16,0.75,1.1718,28,0.74,1.1562,1,0.755,1.1796,53,0
IWM190913P153,2019-09-11,2019-09-11 09:36:42,0.76,1.1875,16,0.75,1.1718,74,0.74,1.1562,1,0.755,1.1796,53,0
IWM190913P153,2019-09-11,2019-09-11 09:36:43,0.77,1.2031,203,0.75,1.1718,59,0.74,1.1562,1,0.76,1.1875,53,0
IWM190913P153,2019-09-11,2019-09-11 09:36:43,0.77,1.2031,313,0.75,1.1718,84,0.74,1.1562,1,0.76,1.1875,53,0
IWM190913P153,2019-09-11,2019-09-11 09:36:44,0.76,1.1875,15,0.75,1.1718,59,0.74,1.1562,1,0.755,1.1796,53,0
IWM190913P153,2019-09-11,2019-09-11 09:36:44,0.76,1.1875,35,0.75,1.1718,59,0.74,1.1562,1,0.755,1.1796,53,0
IWM190913P153,2019-09-11,2019-09-11 09:36:45,0.77,1.2031,170,0.75,1.1718,64,0.74,1.1562,1,0.76,1.1875,53,0
IWM190913P153,2019-09-11,2019-09-11 09:36:45,0.77,1.2031,170,0.75,1.1718,94,0.74,1.1562,1,0.76,1.1875,53,0
IWM190913P153,2019-09-11,2019-09-11 09:36:46,0.76,1.1875,3,0.75,1.1718,74,0.74,1.1562,1,0.755,1.1796,53,0
IWM190913P153,2019-09-11,2019-09-11 09:36:46,0.76,1.1875,1,0.75,1.1718,74,0.74,1.1562,1,0.755,1.1796,53,0
IWM190913P153,2019-09-11,2019-09-11 09:36:47,0.77,1.2031,73,0.76,1.1875,22,0.74,1.1562,1,0.765,1.1953,53,0
IWM190913P153,2019-09-11,2019-09-11 09:36:47,0.77,1.2031,73,0.75,1.1718,116,0.74,1.1562,1,0.76,1.1875,53,0
IWM190913P153,2019-09-11,2019-09-11 09:36:48,0.77,1.2031,16,0.76,1.1875,86,0.74,1.1562,1,0.765,1.1953,53,0
IWM190913P153,2019-09-11,2019-09-11 09:36:49,0.78,1.2187,80,0.76,1.1875,130,0.74,1.1562,1,0.77,1.2031,53,0
IWM190913P153,2019-09-11,2019-09-11 09:36:50,0.78,1.2187,85,0.76,1.1875,107,0.74,1.1562,1,0.77,1.2031,53,0
IWM190913P153,2019-09-11,2019-09-11 09:36:50,0.77,1.2031,36,0.76,1.1875,59,0.74,1.1562,1,0.765,1.1953,53,0
IWM190913P153,2019-09-11,2019-09-11 09:36:51,0.77,1.2031,23,0.76,1.1875,88,0.74,1.1562,1,0.765,1.1953,53,0
IWM190913P153,2019-09-11,2019-09-11 09:36:51,0.77,1.2031,7,0.76,1.1875,99,0.74,1.1562,1,0.765,1.1953,53,0
IWM190913P153,2019-09-11,2019-09-11 09:36:52,0.77,1.2031,3,0.76,1.1875,71,0.74,1.1562,1,0.765,1.1953,53,0
IWM190913P153,2019-09-11,2019-09-11 09:36:52,0.77,1.2031,3,0.76,1.1875,66,0.74,1.1562,1,0.765,1.1953,53,0
IWM190913P153,2019-09-11,2019-09-11 09:36:53,0.77,1.2031,11,0.76,1.1875,69,0.74,1.1562,1,0.765,1.1953,53,0
IWM190913P153,2019-09-11,2019-09-11 09:36:53,0.77,1.2031,29,0.76,1.1875,69,0.74,1.1562,1,0.765,1.1953,53,0
IWM190913P153,2019-09-11,2019-09-11 09:36:54,0.77,1.2031,56,0.75,1.1718,120,0.74,1.1562,1,0.76,1.1875,53,0
IWM190913P153,2019-09-11,2019-09-11 09:36:54,0.77,1.2031,38,0.76,1.1875,40,0.74,1.1562,1,0.765,1.1953,53,0
IWM190913P153,2019-09-11,2019-09-11 09:36:55,0.78,1.2187,73,0.76,1.1875,88,0.74,1.1562,1,0.77,1.2031,53,0
IWM190913P153,2019-09-11,2019-09-11 09:36:55,0.77,1.2031,47,0.76,1.1875,26,0.74,1.1562,1,0.765,1.1953,53,0
IWM190913P153,2019-09-11,2019-09-11 09:36:56,0.78,1.2187,73,0.76,1.1875,118,0.74,1.1562,1,0.77,1.2031,53,0
IWM190913P153,2019-09-11,2019-09-11 09:36:57,0.78,1.2187,28,0.75,1.1718,16,0.74,1.1562,1,0.765,1.1953,53,0
IWM190913P153,2019-09-11,2019-09-11 09:36:57,0.78,1.2187,28,0.77,1.2031,103,0.74,1.1562,1,0.775,1.2109,53,0
IWM190913P153,2019-09-11,2019-09-11 09:36:58,0.79,1.2343,64,0.78,1.2187,61,0.74,1.1562,1,0.785,1.2265,53,0
IWM190913P153,2019-09-11,2019-09-11 09:36:58,0.78,1.2187,4,0.77,1.2031,103,0.74,1.1562,1,0.775,1.2109,53,0
IWM190913P153,2019-09-11,2019-09-11 09:36:59,0.8,1.25,56,0.79,1.2343,37,0.74,1.1562,1,0.795,1.2421,53,0
IWM190913P153,2019-09-11,2019-09-11 09:36:59,0.79,1.2343,16,0.78,1.2187,59,0.74,1.1562,1,0.785,1.2265,53,0
IWM190913P153,2019-09-11,2019-09-11 09:37:00,0.81,1.2656,36,0.79,1.2343,118,0.74,1.1562,1,0.8,1.25,53,0
IWM190913P153,2019-09-11,2019-09-11 09:37:00,0.81,1.2656,44,0.79,1.2343,193,0.74,1.1562,1,0.8,1.25,53,0
IWM190913P153,2019-09-11,2019-09-11 09:37:01,0.8,1.25,16,0.79,1.2343,152,0.74,1.1562,1,0.795,1.2421,53,0
IWM190913P153,2019-09-11,2019-09-11 09:37:01,0.81,1.2656,20,0.79,1.2343,194,0.74,1.1562,1,0.8,1.25,53,0
IWM190913P153,2019-09-11,2019-09-11 09:37:02,0.8,1.25,73,0.79,1.2343,86,0.74,1.1562,1,0.795,1.2421,53,0
IWM190913P153,2019-09-11,2019-09-11 09:37:02,0.8,1.25,30,0.79,1.2343,73,0.74,1.1562,1,0.795,1.2421,53,0
IWM190913P153,2019-09-11,2019-09-11 09:37:03,0.81,1.2656,43,0.79,1.2343,79,0.74,1.1562,1,0.8,1.25,53,0
IWM190913P153,2019-09-11,2019-09-11 09:37:03,0.81,1.2656,31,0.79,1.2343,129,0.74,1.1562,1,0.8,1.25,53,0
IWM190913P153,2019-09-11,2019-09-11 09:37:04,0.81,1.2656,31,0.79,1.2343,99,0.74,1.1562,1,0.8,1.25,53,0
IWM190913P153,2019-09-11,2019-09-11 09:37:04,0.81,1.2656,73,0.79,1.2343,99,0.74,1.1562,1,0.8,1.25,53,0
IWM190913P153,2019-09-11,2019-09-11 09:37:05,0.81,1.2656,1,0.8,1.25,47,0.74,1.1562,1,0.805,1.2578,53,0
IWM190913P153,2019-09-11,2019-09-11 09:37:05,0.81,1.2656,24,0.79,1.2343,120,0.74,1.1562,1,0.8,1.25,53,0
IWM190913P153,2019-09-11,2019-09-11 09:37:06,0.8,1.25,29,0.78,1.2187,101,0.74,1.1562,1,0.79,1.2343,53,0
IWM190913P153,2019-09-11,2019-09-11 09:37:07,0.79,1.2343,2,0.78,1.2187,23,0.74,1.1562,1,0.785,1.2265,53,0
IWM190913P153,2019-09-11,2019-09-11 09:37:07,0.8,1.25,44,0.77,1.2031,132,0.74,1.1562,1,0.785,1.2265,53,0
IWM190913P153,2019-09-11,2019-09-11 09:37:08,0.8,1.25,73,0.78,1.2187,84,0.74,1.1562,1,0.79,1.2343,53,0
IWM190913P153,2019-09-11,2019-09-11 09:37:08,0.79,1.2343,2,0.78,1.2187,23,0.74,1.1562,1,0.785,1.2265,53,0
IWM190913P153,2019-09-11,2019-09-11 09:37:09,0.81,1.2656,36,0.8,1.25,7,0.74,1.1562,1,0.805,1.2578,53,0
IWM190913P153,2019-09-11,2019-09-11 09:37:09,0.81,1.2656,51,0.79,1.2343,73,0.74,1.1562,1,0.8,1.25,53,0
IWM190913P153,2019-09-11,2019-09-11 09:37:10,0.81,1.2656,60,0.8,1.25,7,0.74,1.1562,1,0.805,1.2578,53,0
IWM190913P153,2019-09-11,2019-09-11 09:37:10,0.81,1.2656,11,0.8,1.25,7,0.74,1.1562,1,0.805,1.2578,53,0
IWM190913P153,2019-09-11,2019-09-11 09:37:11,0.81,1.2656,50,0.79,1.2343,77,0.74,1.1562,1,0.8,1.25,53,0
IWM190913P153,2019-09-11,2019-09-11 09:37:11,0.81,1.2656,76,0.79,1.2343,100,0.74,1.1562,1,0.8,1.25,53,0
IWM190913P153,2019-09-11,2019-09-11 09:37:12,0.8,1.25,11,0.79,1.2343,89,0.74,1.1562,1,0.795,1.2421,53,0
IWM190913P153,2019-09-11,2019-09-11 09:37:12,0.8,1.25,36,0.78,1.2187,47,0.74,1.1562,1,0.79,1.2343,53,0
IWM190913P153,2019-09-11,2019-09-11 09:37:13,0.8,1.25,36,0.78,1.2187,86,0.74,1.1562,1,0.79,1.2343,53,0
IWM190913P153,2019-09-11,2019-09-11 09:37:13,0.8,1.25,85,0.78,1.2187,63,0.74,1.1562,1,0.79,1.2343,53,0
IWM190913P153,2019-09-11,2019-09-11 09:37:14,0.8,1.25,11,0.78,1.2187,170,0.74,1.1562,1,0.79,1.2343,53,0
IWM190913P153,2019-09-11,2019-09-11 09:37:14,0.8,1.25,11,0.78,1.2187,115,0.74,1.1562,1,0.79,1.2343,53,0
IWM190913P153,2019-09-11,2019-09-11 09:37:15,0.81,1.2656,5,0.8,1.25,85,0.74,1.1562,1,0.805,1.2578,53,0
IWM190913P153,2019-09-11,2019-09-11 09:37:15,0.81,1.2656,5,0.8,1.25,72,0.74,1.1562,1,0.805,1.2578,53,0
IWM190913P153,2019-09-11,2019-09-11 09:37:16,0.84,1.3125,26,0.82,1.2812,110,0.74,1.1562,1,0.83,1.2968,53,0
IWM190913P153,2019-09-11,2019-09-11 09:37:16,0.85,1.3281,65,0.8,1.25,215,0.74,1.1562,1,0.825,1.289,53,0
IWM190913P153,2019-09-11,2019-09-11 09:37:17,0.84,1.3125,26,0.82,1.2812,194,0.74,1.1562,1,0.83,1.2968,53,0
IWM190913P153,2019-09-11,2019-09-11 09:37:17,0.84,1.3125,39,0.82,1.2812,84,0.74,1.1562,1,0.83,1.2968,53,0
IWM190913P153,2019-09-11,2019-09-11 09:37:18,0.83,1.2968,13,0.81,1.2656,29,0.74,1.1562,1,0.82,1.2812,53,0
IWM190913P153,2019-09-11,2019-09-11 09:37:18,0.84,1.3125,31,0.82,1.2812,96,0.74,1.1562,1,0.83,1.2968,53,0
IWM190913P153,2019-09-11,2019-09-11 09:37:19,0.83,1.2968,39,0.81,1.2656,106,0.74,1.1562,1,0.82,1.2812,53,0
IWM190913P153,2019-09-11,2019-09-11 09:37:19,0.83,1.2968,39,0.81,1.2656,96,0.74,1.1562,1,0.82,1.2812,53,0
IWM190913P153,2019-09-11,2019-09-11 09:37:20,0.83,1.2968,26,0.81,1.2656,454,0.74,1.1562,1,0.82,1.2812,53,0
IWM190913P153,2019-09-11,2019-09-11 09:37:20,0.83,1.2968,26,0.81,1.2656,239,0.74,1.1562,1,0.82,1.2812,53,0
IWM190913P153,2019-09-11,2019-09-11 09:37:21,0.83,1.2968,13,0.82,1.2812,65,0.74,1.1562,1,0.825,1.289,53,0
IWM190913P153,2019-09-11,2019-09-11 09:37:21,0.84,1.3125,55,0.83,1.2968,36,0.74,1.1562,1,0.835,1.3046,53,0
IWM190913P153,2019-09-11,2019-09-11 09:37:22,0.85,1.3281,16,0.83,1.2968,396,0.74,1.1562,1,0.84,1.3125,53,0
IWM190913P153,2019-09-11,2019-09-11 09:37:22,0.85,1.3281,16,0.83,1.2968,364,0.74,1.1562,1,0.84,1.3125,53,0
IWM190913P153,2019-09-11,2019-09-11 09:37:23,0.85,1.3281,19,0.83,1.2968,396,0.74,1.1562,1,0.84,1.3125,53,0
IWM190913P153,2019-09-11,2019-09-11 09:37:23,0.85,1.3281,6,0.83,1.2968,235,0.74,1.1562,1,0.84,1.3125,53,0
IWM190913P153,2019-09-11,2019-09-11 09:37:24,0.85,1.3281,3,0.83,1.2968,265,0.74,1.1562,1,0.84,1.3125,53,0
IWM190913P153,2019-09-11,2019-09-11 09:37:24,0.85,1.3281,9,0.83,1.2968,442,0.74,1.1562,1,0.84,1.3125,53,0
IWM190913P153,2019-09-11,2019-09-11 09:37:25,0.85,1.3281,28,0.84,1.3125,12,0.74,1.1562,1,0.845,1.3203,53,0
IWM190913P153,2019-09-11,2019-09-11 09:37:25,0.85,1.3281,114,0.83,1.2968,39,0.74,1.1562,1,0.84,1.3125,53,0
IWM190913P153,2019-09-11,2019-09-11 09:37:26,0.85,1.3281,197,0.83,1.2968,39,0.74,1.1562,1,0.84,1.3125,53,0
IWM190913P153,2019-09-11,2019-09-11 09:37:27,0.85,1.3281,234,0.83,1.2968,58,0.74,1.1562,1,0.84,1.3125,53,0
IWM190913P153,2019-09-11,2019-09-11 09:37:27,0.85,1.3281,74,0.83,1.2968,58,0.74,1.1562,1,0.84,1.3125,53,0
IWM190913P153,2019-09-11,2019-09-11 09:37:28,0.85,1.3281,74,0.83,1.2968,52,0.74,1.1562,1,0.84,1.3125,53,0
IWM190913P153,2019-09-11,2019-09-11 09:37:28,0.85,1.3281,169,0.83,1.2968,52,0.74,1.1562,1,0.84,1.3125,53,0
IWM190913P153,2019-09-11,2019-09-11 09:37:29,0.86,1.3437,73,0.84,1.3125,73,0.74,1.1562,1,0.85,1.3281,53,0
IWM190913P153,2019-09-11,2019-09-11 09:37:29,0.86,1.3437,73,0.84,1.3125,112,0.74,1.1562,1,0.85,1.3281,53,0
IWM190913P153,2019-09-11,2019-09-11 09:37:30,0.86,1.3437,38,0.84,1.3125,114,0.74,1.1562,1,0.85,1.3281,53,0
IWM190913P153,2019-09-11,2019-09-11 09:37:30,0.86,1.3437,16,0.85,1.3281,69,0.74,1.1562,1,0.855,1.3359,53,0
IWM190913P153,2019-09-11,2019-09-11 09:37:31,0.86,1.3437,44,0.85,1.3281,54,0.74,1.1562,1,0.855,1.3359,53,0
IWM190913P153,2019-09-11,2019-09-11 09:37:32,0.84,1.3125,20,0.83,1.2968,18,0.74,1.1562,1,0.835,1.3046,53,0
IWM190913P153,2019-09-11,2019-09-11 09:37:32,0.84,1.3125,86,0.82,1.2812,10,0.74,1.1562,1,0.83,1.2968,53,0
IWM190913P153,2019-09-11,2019-09-11 09:37:33,0.82,1.2812,13,0.81,1.2656,10,0.74,1.1562,1,0.815,1.2734,53,0
IWM190913P153,2019-09-11,2019-09-11 09:37:33,0.83,1.2968,62,0.81,1.2656,28,0.74,1.1562,1,0.82,1.2812,53,0
IWM190913P153,2019-09-11,2019-09-11 09:37:34,0.82,1.2812,56,0.8,1.25,32,0.74,1.1562,1,0.81,1.2656,53,0
IWM190913P153,2019-09-11,2019-09-11 09:37:34,0.82,1.2812,39,0.8,1.25,72,0.74,1.1562,1,0.81,1.2656,53,0
IWM190913P153,2019-09-11,2019-09-11 09:37:35,0.82,1.2812,74,0.8,1.25,25,0.74,1.1562,1,0.81,1.2656,53,0
IWM190913P153,2019-09-11,2019-09-11 09:37:35,0.82,1.2812,26,0.8,1.25,83,0.74,1.1562,1,0.81,1.2656,53,0
IWM190913P153,2019-09-11,2019-09-11 09:37:36,0.83,1.2968,164,0.8,1.25,91,0.74,1.1562,1,0.815,1.2734,53,0
IWM190913P153,2019-09-11,2019-09-11 09:37:36,0.83,1.2968,217,0.81,1.2656,24,0.74,1.1562,1,0.82,1.2812,53,0
IWM190913P153,2019-09-11,2019-09-11 09:37:37,0.83,1.2968,30,0.81,1.2656,109,0.74,1.1562,1,0.82,1.2812,53,0
IWM190913P153,2019-09-11,2019-09-11 09:37:37,0.84,1.3125,27,0.82,1.2812,57,0.74,1.1562,1,0.83,1.2968,53,0
IWM190913P153,2019-09-11,2019-09-11 09:37:38,0.84,1.3125,221,0.81,1.2656,115,0.74,1.1562,1,0.825,1.289,53,0
IWM190913P153,2019-09-11,2019-09-11 09:37:38,0.84,1.3125,92,0.81,1.2656,79,0.74,1.1562,1,0.825,1.289,53,0
IWM190913P153,2019-09-11,2019-09-11 09:37:39,0.84,1.3125,73,0.82,1.2812,60,0.74,1.1562,1,0.83,1.2968,53,0
IWM190913P153,2019-09-11,2019-09-11 09:37:39,0.84,1.3125,103,0.82,1.2812,47,0.74,1.1562,1,0.83,1.2968,53,0
IWM190913P153,2019-09-11,2019-09-11 09:37:40,0.83,1.2968,1,0.82,1.2812,47,0.74,1.1562,1,0.825,1.289,53,0
IWM190913P153,2019-09-11,2019-09-11 09:37:41,0.84,1.3125,289,0.81,1.2656,99,0.74,1.1562,1,0.825,1.289,53,0
IWM190913P153,2019-09-11,2019-09-11 09:37:41,0.82,1.2812,13,0.81,1.2656,43,0.74,1.1562,1,0.815,1.2734,53,0
IWM190913P153,2019-09-11,2019-09-11 09:37:42,0.82,1.2812,13,0.8,1.25,164,0.74,1.1562,1,0.81,1.2656,53,0
IWM190913P153,2019-09-11,2019-09-11 09:37:43,0.83,1.2968,240,0.81,1.2656,27,0.74,1.1562,1,0.82,1.2812,53,0
IWM190913P153,2019-09-11,2019-09-11 09:37:43,0.82,1.2812,43,0.8,1.25,125,0.74,1.1562,1,0.81,1.2656,53,0
IWM190913P153,2019-09-11,2019-09-11 09:37:44,0.82,1.2812,30,0.8,1.25,72,0.74,1.1562,1,0.81,1.2656,53,0
IWM190913P153,2019-09-11,2019-09-11 09:37:44,0.82,1.2812,112,0.8,1.25,72,0.74,1.1562,1,0.81,1.2656,53,0
IWM190913P153,2019-09-11,2019-09-11 09:37:45,0.82,1.2812,61,0.8,1.25,72,0.74,1.1562,1,0.81,1.2656,53,0
IWM190913P153,2019-09-11,2019-09-11 09:37:45,0.82,1.2812,112,0.8,1.25,57,0.74,1.1562,1,0.81,1.2656,53,0
IWM190913P153,2019-09-11,2019-09-11 09:37:46,0.81,1.2656,61,0.8,1.25,10,0.74,1.1562,1,0.805,1.2578,53,0
IWM190913P153,2019-09-11,2019-09-11 09:37:46,0.81,1.2656,72,0.8,1.25,10,0.74,1.1562,1,0.805,1.2578,53,0
IWM190913P153,2019-09-11,2019-09-11 09:37:47,0.81,1.2656,89,0.8,1.25,10,0.74,1.1562,1,0.805,1.2578,53,0
IWM190913P153,2019-09-11,2019-09-11 09:37:47,0.81,1.2656,95,0.79,1.2343,37,0.74,1.1562,1,0.8,1.25,53,0
IWM190913P153,2019-09-11,2019-09-11 09:37:48,0.8,1.25,85,0.78,1.2187,94,0.74,1.1562,1,0.79,1.2343,53,0
IWM190913P153,2019-09-11,2019-09-11 09:37:48,0.81,1.2656,119,0.79,1.2343,16,0.74,1.1562,1,0.8,1.25,53,0
IWM190913P153,2019-09-11,2019-09-11 09:37:49,0.81,1.2656,119,0.79,1.2343,95,0.74,1.1562,1,0.8,1.25,53,0
IWM190913P153,2019-09-11,2019-09-11 09:37:50,0.82,1.2812,31,0.8,1.25,65,0.74,1.1562,1,0.81,1.2656,53,0
IWM190913P153,2019-09-11,2019-09-11 09:37:50,0.82,1.2812,47,0.8,1.25,31,0.74,1.1562,1,0.81,1.2656,53,0
IWM190913P153,2019-09-11,2019-09-11 09:37:51,0.82,1.2812,97,0.8,1.25,104,0.74,1.1562,1,0.81,1.2656,53,0
IWM190913P153,2019-09-11,2019-09-11 09:37:51,0.82,1.2812,57,0.8,1.25,104,0.74,1.1562,1,0.81,1.2656,53,0
IWM190913P153,2019-09-11,2019-09-11 09:37:52,0.83,1.2968,207,0.8,1.25,180,0.74,1.1562,1,0.815,1.2734,53,0
IWM190913P153,2019-09-11,2019-09-11 09:37:52,0.83,1.2968,76,0.81,1.2656,68,0.74,1.1562,1,0.82,1.2812,53,0
IWM190913P153,2019-09-11,2019-09-11 09:37:53,0.81,1.2656,13,0.8,1.25,66,0.74,1.1562,1,0.805,1.2578,53,0
IWM190913P153,2019-09-11,2019-09-11 09:37:53,0.81,1.2656,15,0.8,1.25,10,0.74,1.1562,1,0.805,1.2578,53,0
IWM190913P153,2019-09-11,2019-09-11 09:37:54,0.82,1.2812,56,0.8,1.25,51,0.74,1.1562,1,0.81,1.2656,53,0
IWM190913P153,2019-09-11,2019-09-11 09:37:54,0.82,1.2812,56,0.8,1.25,77,0.74,1.1562,1,0.81,1.2656,53,0
IWM190913P153,2019-09-11,2019-09-11 09:37:55,0.82,1.2812,76,0.8,1.25,70,0.74,1.1562,1,0.81,1.2656,53,0
IWM190913P153,2019-09-11,2019-09-11 09:37:55,0.81,1.2656,13,0.8,1.25,66,0.74,1.1562,1,0.805,1.2578,53,0
IWM190913P153,2019-09-11,2019-09-11 09:37:56,0.81,1.2656,58,0.79,1.2343,184,0.74,1.1562,1,0.8,1.25,53,0
IWM190913P153,2019-09-11,2019-09-11 09:37:56,0.81,1.2656,96,0.79,1.2343,24,0.74,1.1562,1,0.8,1.25,53,0
IWM190913P153,2019-09-11,2019-09-11 09:37:57,0.82,1.2812,49,0.8,1.25,158,0.74,1.1562,1,0.81,1.2656,53,0
IWM190913P153,2019-09-11,2019-09-11 09:37:57,0.81,1.2656,2,0.79,1.2343,92,0.74,1.1562,1,0.8,1.25,53,0
IWM190913P153,2019-09-11,2019-09-11 09:37:58,0.82,1.2812,49,0.8,1.25,123,0.74,1.1562,1,0.81,1.2656,53,0
IWM190913P153,2019-09-11,2019-09-11 09:37:58,0.81,1.2656,14,0.8,1.25,112,0.74,1.1562,1,0.805,1.2578,53,0
IWM190913P153,2019-09-11,2019-09-11 09:37:59,0.81,1.2656,48,0.8,1.25,94,0.74,1.1562,1,0.805,1.2578,53,0
IWM190913P153,2019-09-11,2019-09-11 09:37:59,0.82,1.2812,90,0.8,1.25,87,0.74,1.1562,1,0.81,1.2656,53,0
IWM190913P153,2019-09-11,2019-09-11 09:38:00,0.81,1.2656,58,0.79,1.2343,93,0.74,1.1562,1,0.8,1.25,53,0
IWM190913P153,2019-09-11,2019-09-11 09:38:00,0.8,1.25,21,0.79,1.2343,43,0.74,1.1562,1,0.795,1.2421,53,0
IWM190913P153,2019-09-11,2019-09-11 09:38:01,0.81,1.2656,103,0.78,1.2187,110,0.74,1.1562,1,0.795,1.2421,53,0
IWM190913P153,2019-09-11,2019-09-11 09:38:01,0.81,1.2656,111,0.79,1.2343,45,0.74,1.1562,1,0.8,1.25,53,0
IWM190913P153,2019-09-11,2019-09-11 09:38:02,0.81,1.2656,253,0.79,1.2343,52,0.74,1.1562,1,0.8,1.25,53,0
IWM190913P153,2019-09-11,2019-09-11 09:38:03,0.81,1.2656,91,0.79,1.2343,68,0.74,1.1562,1,0.8,1.25,53,0
IWM190913P153,2019-09-11,2019-09-11 09:38:03,0.81,1.2656,198,0.8,1.25,10,0.74,1.1562,1,0.805,1.2578,53,0
IWM190913P153,2019-09-11,2019-09-11 09:38:04,0.8,1.25,14,0.79,1.2343,68,0.74,1.1562,1,0.795,1.2421,53,0
IWM190913P153,2019-09-11,2019-09-11 09:38:04,0.81,1.2656,16,0.79,1.2343,68,0.74,1.1562,1,0.8,1.25,53,0
IWM190913P153,2019-09-11,2019-09-11 09:38:05,0.81,1.2656,65,0.79,1.2343,84,0.74,1.1562,1,0.8,1.25,53,0
IWM190913P153,2019-09-11,2019-09-11 09:38:05,0.81,1.2656,43,0.79,1.2343,71,0.74,1.1562,1,0.8,1.25,53,0
IWM190913P153,2019-09-11,2019-09-11 09:38:06,0.82,1.2812,85,0.8,1.25,84,0.74,1.1562,1,0.81,1.2656,53,0
IWM190913P153,2019-09-11,2019-09-11 09:38:06,0.81,1.2656,29,0.8,1.25,10,0.74,1.1562,1,0.805,1.2578,53,0
IWM190913P153,2019-09-11,2019-09-11 09:38:07,0.8,1.25,70,0.79,1.2343,41,0.74,1.1562,1,0.795,1.2421,53,0
IWM190913P153,2019-09-11,2019-09-11 09:38:07,0.82,1.2812,85,0.8,1.25,99,0.74,1.1562,1,0.81,1.2656,53,0
IWM190913P153,2019-09-11,2019-09-11 09:38:08,0.79,1.2343,50,0.77,1.2031,81,0.74,1.1562,1,0.78,1.2187,53,0
IWM190913P153,2019-09-11,2019-09-11 09:38:08,0.8,1.25,87,0.78,1.2187,85,0.74,1.1562,1,0.79,1.2343,53,0
IWM190913P153,2019-09-11,2019-09-11 09:38:09,0.79,1.2343,52,0.77,1.2031,58,0.74,1.1562,1,0.78,1.2187,53,0
IWM190913P153,2019-09-11,2019-09-11 09:38:09,0.79,1.2343,75,0.77,1.2031,65,0.74,1.1562,1,0.78,1.2187,53,0
IWM190913P153,2019-09-11,2019-09-11 09:38:10,0.78,1.2187,66,0.76,1.1875,139,0.74,1.1562,1,0.77,1.2031,53,0
IWM190913P153,2019-09-11,2019-09-11 09:38:10,0.78,1.2187,41,0.76,1.1875,62,0.74,1.1562,1,0.77,1.2031,53,0
IWM190913P153,2019-09-11,2019-09-11 09:38:11,0.77,1.2031,86,0.75,1.1718,55,0.74,1.1562,1,0.76,1.1875,53,0
IWM190913P153,2019-09-11,2019-09-11 09:38:11,0.77,1.2031,7,0.76,1.1875,23,0.74,1.1562,1,0.765,1.1953,53,0
IWM190913P153,2019-09-11,2019-09-11 09:38:12,0.77,1.2031,30,0.76,1.1875,38,0.77,1.2031,25,0.765,1.1953,78,25
IWM190913P153,2019-09-11,2019-09-11 09:38:12,0.77,1.2031,14,0.76,1.1875,63,0.74,1.1562,1,0.765,1.1953,53,0
IWM190913P153,2019-09-11,2019-09-11 09:38:13,0.77,1.2031,30,0.75,1.1718,257,0.77,1.2031,25,0.76,1.1875,78,0
IWM190913P153,2019-09-11,2019-09-11 09:38:13,0.77,1.2031,30,0.75,1.1718,118,0.77,1.2031,25,0.76,1.1875,78,0
IWM190913P153,2019-09-11,2019-09-11 09:38:14,0.77,1.2031,45,0.75,1.1718,232,0.77,1.2031,25,0.76,1.1875,78,0
IWM190913P153,2019-09-11,2019-09-11 09:38:14,0.77,1.2031,57,0.75,1.1718,113,0.77,1.2031,25,0.76,1.1875,78,0
IWM190913P153,2019-09-11,2019-09-11 09:38:15,0.77,1.2031,36,0.75,1.1718,280,0.77,1.2031,25,0.76,1.1875,78,0
IWM190913P153,2019-09-11,2019-09-11 09:38:15,0.77,1.2031,61,0.75,1.1718,115,0.77,1.2031,25,0.76,1.1875,78,0
IWM190913P153,2019-09-11,2019-09-11 09:38:16,0.76,1.1875,60,0.74,1.1562,115,0.77,1.2031,25,0.75,1.1718,78,0
IWM190913P153,2019-09-11,2019-09-11 09:38:16,0.76,1.1875,60,0.75,1.1718,117,0.77,1.2031,25,0.755,1.1796,78,0
IWM190913P153,2019-09-11,2019-09-11 09:38:17,0.75,1.1718,20,0.74,1.1562,1,0.77,1.2031,25,0.745,1.164,78,0
IWM190913P153,2019-09-11,2019-09-11 09:38:18,0.75,1.1718,29,0.74,1.1562,75,0.77,1.2031,25,0.745,1.164,78,0
IWM190913P153,2019-09-11,2019-09-11 09:38:19,0.76,1.1875,31,0.74,1.1562,233,0.77,1.2031,25,0.75,1.1718,78,0
IWM190913P153,2019-09-11,2019-09-11 09:38:19,0.75,1.1718,9,0.74,1.1562,39,0.77,1.2031,25,0.745,1.164,78,0
IWM190913P153,2019-09-11,2019-09-11 09:38:20,0.75,1.1718,28,0.74,1.1562,315,0.77,1.2031,25,0.745,1.164,78,0
IWM190913P153,2019-09-11,2019-09-11 09:38:20,0.76,1.1875,31,0.74,1.1562,305,0.77,1.2031,25,0.75,1.1718,78,0
IWM190913P153,2019-09-11,2019-09-11 09:38:21,0.76,1.1875,75,0.74,1.1562,269,0.77,1.2031,25,0.75,1.1718,78,0
IWM190913P153,2019-09-11,2019-09-11 09:38:21,0.76,1.1875,44,0.74,1.1562,53,0.77,1.2031,25,0.75,1.1718,78,0
IWM190913P153,2019-09-11,2019-09-11 09:38:22,0.76,1.1875,47,0.74,1.1562,98,0.77,1.2031,25,0.75,1.1718,78,0
IWM190913P153,2019-09-11,2019-09-11 09:38:22,0.75,1.1718,79,0.74,1.1562,51,0.74,1.1562,1,0.745,1.164,79,1
IWM190913P153,2019-09-11,2019-09-11 09:38:23,0.74,1.1562,65,0.72,1.125,183,0.74,1.1562,1,0.73,1.1406,79,0
IWM190913P153,2019-09-11,2019-09-11 09:38:23,0.74,1.1562,77,0.72,1.125,176,0.74,1.1562,1,0.73,1.1406,79,0
IWM190913P153,2019-09-11,2019-09-11 09:38:24,0.74,1.1562,77,0.72,1.125,169,0.74,1.1562,1,0.73,1.1406,79,0
IWM190913P153,2019-09-11,2019-09-11 09:38:24,0.74,1.1562,77,0.72,1.125,176,0.74,1.1562,1,0.73,1.1406,79,0
IWM190913P153,2019-09-11,2019-09-11 09:38:25,0.74,1.1562,103,0.72,1.125,110,0.74,1.1562,1,0.73,1.1406,79,0
IWM190913P153,2019-09-11,2019-09-11 09:38:25,0.74,1.1562,73,0.72,1.125,106,0.74,1.1562,1,0.73,1.1406,79,0
IWM190913P153,2019-09-11,2019-09-11 09:38:26,0.73,1.1406,39,0.72,1.125,31,0.74,1.1562,1,0.725,1.1328,79,0
IWM190913P153,2019-09-11,2019-09-11 09:38:26,0.73,1.1406,26,0.72,1.125,46,0.74,1.1562,1,0.725,1.1328,79,0
IWM190913P153,2019-09-11,2019-09-11 09:38:27,0.73,1.1406,65,0.71,1.1093,167,0.74,1.1562,1,0.72,1.125,79,0
IWM190913P153,2019-09-11,2019-09-11 09:38:27,0.73,1.1406,71,0.71,1.1093,58,0.74,1.1562,1,0.72,1.125,79,0
