symbol,Date,quote_time,ask_price,norm_ask_price,ask_size,bid_price,norm_bid_price,bid_size,last_trade_price,norm_last_trade_price,last_trade_size,mark_price,norm_mark_price,volume,Volume
SPY190802C300,2019-08-01,2019-08-01 09:30:29,0.36,1.0,1092,0.35,0.9722,1,0.35,0.9722,1,0.355,0.9861,44,44
SPY190802C300,2019-08-01,2019-08-01 09:30:31,0.36,1.0,2012,0.35,0.9722,25,0.36,1.0,4,0.355,0.9861,48,4
SPY190802C300,2019-08-01,2019-08-01 09:30:32,0.36,1.0,2012,0.35,0.9722,97,0.36,1.0,4,0.355,0.9861,48,0
SPY190802C300,2019-08-01,2019-08-01 09:30:33,0.36,1.0,2012,0.35,0.9722,25,0.36,1.0,1,0.355,0.9861,49,1
SPY190802C300,2019-08-01,2019-08-01 09:30:34,0.36,1.0,1669,0.35,0.9722,97,0.36,1.0,1,0.355,0.9861,49,0
SPY190802C300,2019-08-01,2019-08-01 09:30:34,0.36,1.0,1482,0.35,0.9722,25,0.36,1.0,1,0.355,0.9861,49,0
SPY190802C300,2019-08-01,2019-08-01 09:30:35,0.36,1.0,363,0.35,0.9722,210,0.36,1.0,1,0.355,0.9861,49,0
SPY190802C300,2019-08-01,2019-08-01 09:30:36,0.36,1.0,528,0.35,0.9722,210,0.36,1.0,1,0.355,0.9861,50,1
SPY190802C300,2019-08-01,2019-08-01 09:30:36,0.36,1.0,906,0.35,0.9722,210,0.36,1.0,1,0.355,0.9861,50,0
SPY190802C300,2019-08-01,2019-08-01 09:30:37,0.36,1.0,1116,0.35,0.9722,25,0.36,1.0,1,0.355,0.9861,50,0
SPY190802C300,2019-08-01,2019-08-01 09:30:37,0.36,1.0,1478,0.35,0.9722,25,0.36,1.0,1,0.355,0.9861,50,0
SPY190802C300,2019-08-01,2019-08-01 09:30:38,0.35,0.9722,439,0.34,0.9444,123,0.35,0.9722,25,0.345,0.9583,87,0
SPY190802C300,2019-08-01,2019-08-01 09:30:38,0.36,1.0,1628,0.35,0.9722,25,0.35,0.9722,25,0.355,0.9861,87,37
SPY190802C300,2019-08-01,2019-08-01 09:30:39,0.35,0.9722,5,0.34,0.9444,123,0.35,0.9722,25,0.345,0.9583,87,0
SPY190802C300,2019-08-01,2019-08-01 09:30:40,0.35,0.9722,185,0.34,0.9444,5,0.35,0.9722,25,0.345,0.9583,87,0
SPY190802C300,2019-08-01,2019-08-01 09:30:40,0.35,0.9722,538,0.34,0.9444,5,0.35,0.9722,25,0.345,0.9583,87,0
SPY190802C300,2019-08-01,2019-08-01 09:30:41,0.35,0.9722,393,0.34,0.9444,5,0.35,0.9722,25,0.345,0.9583,87,0
SPY190802C300,2019-08-01,2019-08-01 09:30:41,0.35,0.9722,388,0.34,0.9444,5,0.35,0.9722,25,0.345,0.9583,87,0
SPY190802C300,2019-08-01,2019-08-01 09:30:42,0.36,1.0,434,0.35,0.9722,2,0.35,0.9722,25,0.355,0.9861,87,0
SPY190802C300,2019-08-01,2019-08-01 09:30:43,0.36,1.0,1811,0.35,0.9722,2,0.35,0.9722,25,0.355,0.9861,87,0
SPY190802C300,2019-08-01,2019-08-01 09:30:43,0.36,1.0,1020,0.35,0.9722,2,0.36,1.0,3,0.355,0.9861,94,7
SPY190802C300,2019-08-01,2019-08-01 09:30:44,0.36,1.0,1499,0.35,0.9722,2,0.36,1.0,3,0.355,0.9861,94,0
SPY190802C300,2019-08-01,2019-08-01 09:30:45,0.36,1.0,1734,0.35,0.9722,2,0.36,1.0,1,0.355,0.9861,95,1
SPY190802C300,2019-08-01,2019-08-01 09:30:45,0.36,1.0,1788,0.35,0.9722,2,0.35,0.9722,4,0.355,0.9861,105,10
SPY190802C300,2019-08-01,2019-08-01 09:30:46,0.36,1.0,1232,0.35,0.9722,2,0.35,0.9722,4,0.355,0.9861,105,0
SPY190802C300,2019-08-01,2019-08-01 09:30:46,0.36,1.0,5,0.35,0.9722,80,0.35,0.9722,4,0.355,0.9861,105,0
SPY190802C300,2019-08-01,2019-08-01 09:30:47,0.36,1.0,5,0.35,0.9722,313,0.35,0.9722,40,0.355,0.9861,145,40
SPY190802C300,2019-08-01,2019-08-01 09:30:47,0.37,1.0277,1632,0.35,0.9722,313,0.35,0.9722,40,0.36,1.0,145,0
SPY190802C300,2019-08-01,2019-08-01 09:30:48,0.36,1.0,5,0.35,0.9722,468,0.35,0.9722,40,0.355,0.9861,145,0
SPY190802C300,2019-08-01,2019-08-01 09:30:49,0.36,1.0,5,0.35,0.9722,320,0.35,0.9722,40,0.355,0.9861,145,0
SPY190802C300,2019-08-01,2019-08-01 09:30:49,0.36,1.0,5,0.35,0.9722,915,0.35,0.9722,40,0.355,0.9861,145,0
SPY190802C300,2019-08-01,2019-08-01 09:30:50,0.37,1.0277,1040,0.36,1.0,20,0.35,0.9722,40,0.365,1.0138,145,0
SPY190802C300,2019-08-01,2019-08-01 09:30:50,0.37,1.0277,1040,0.35,0.9722,915,0.35,0.9722,40,0.36,1.0,145,0
SPY190802C300,2019-08-01,2019-08-01 09:30:51,0.37,1.0277,755,0.36,1.0,20,0.35,0.9722,40,0.365,1.0138,145,0
SPY190802C300,2019-08-01,2019-08-01 09:30:51,0.37,1.0277,1924,0.36,1.0,20,0.35,0.9722,40,0.365,1.0138,145,0
SPY190802C300,2019-08-01,2019-08-01 09:30:52,0.37,1.0277,684,0.36,1.0,170,0.35,0.9722,40,0.365,1.0138,145,0
SPY190802C300,2019-08-01,2019-08-01 09:30:52,0.37,1.0277,1024,0.36,1.0,20,0.35,0.9722,40,0.365,1.0138,145,0
SPY190802C300,2019-08-01,2019-08-01 09:30:53,0.37,1.0277,391,0.36,1.0,170,0.35,0.9722,40,0.365,1.0138,145,0
SPY190802C300,2019-08-01,2019-08-01 09:30:54,0.37,1.0277,1502,0.36,1.0,20,0.35,0.9722,40,0.365,1.0138,145,0
SPY190802C300,2019-08-01,2019-08-01 09:30:54,0.37,1.0277,1280,0.36,1.0,20,0.37,1.0277,4,0.365,1.0138,149,4
SPY190802C300,2019-08-01,2019-08-01 09:30:55,0.37,1.0277,2015,0.36,1.0,20,0.37,1.0277,4,0.365,1.0138,149,0
SPY190802C300,2019-08-01,2019-08-01 09:30:55,0.37,1.0277,2323,0.36,1.0,20,0.37,1.0277,4,0.365,1.0138,149,0
SPY190802C300,2019-08-01,2019-08-01 09:30:56,0.37,1.0277,279,0.36,1.0,168,0.37,1.0277,3,0.365,1.0138,152,3
SPY190802C300,2019-08-01,2019-08-01 09:30:56,0.37,1.0277,281,0.36,1.0,168,0.37,1.0277,3,0.365,1.0138,152,0
SPY190802C300,2019-08-01,2019-08-01 09:30:57,0.37,1.0277,544,0.36,1.0,168,0.37,1.0277,3,0.365,1.0138,152,0
SPY190802C300,2019-08-01,2019-08-01 09:30:58,0.37,1.0277,754,0.36,1.0,168,0.37,1.0277,3,0.365,1.0138,152,0
SPY190802C300,2019-08-01,2019-08-01 09:30:58,0.37,1.0277,120,0.36,1.0,369,0.37,1.0277,3,0.365,1.0138,152,0
SPY190802C300,2019-08-01,2019-08-01 09:30:59,0.37,1.0277,349,0.36,1.0,216,0.37,1.0277,3,0.365,1.0138,152,0
SPY190802C300,2019-08-01,2019-08-01 09:31:00,0.37,1.0277,100,0.36,1.0,100,0.37,1.0277,3,0.365,1.0138,152,0
SPY190802C300,2019-08-01,2019-08-01 09:31:00,0.37,1.0277,349,0.36,1.0,216,0.37,1.0277,3,0.365,1.0138,152,0
SPY190802C300,2019-08-01,2019-08-01 09:31:01,0.37,1.0277,100,0.36,1.0,279,0.37,1.0277,3,0.365,1.0138,152,0
SPY190802C300,2019-08-01,2019-08-01 09:31:01,0.37,1.0277,154,0.36,1.0,279,0.37,1.0277,3,0.365,1.0138,152,0
SPY190802C300,2019-08-01,2019-08-01 09:31:02,0.37,1.0277,154,0.36,1.0,279,0.37,1.0277,3,0.365,1.0138,152,0
SPY190802C300,2019-08-01,2019-08-01 09:31:03,0.37,1.0277,154,0.36,1.0,798,0.37,1.0277,3,0.365,1.0138,152,0
SPY190802C300,2019-08-01,2019-08-01 09:31:03,0.37,1.0277,154,0.36,1.0,684,0.37,1.0277,3,0.365,1.0138,152,0
SPY190802C300,2019-08-01,2019-08-01 09:31:04,0.37,1.0277,200,0.36,1.0,912,0.37,1.0277,3,0.365,1.0138,152,0
SPY190802C300,2019-08-01,2019-08-01 09:31:04,0.37,1.0277,174,0.36,1.0,798,0.37,1.0277,3,0.365,1.0138,152,0
SPY190802C300,2019-08-01,2019-08-01 09:31:05,0.37,1.0277,100,0.36,1.0,947,0.36,1.0,3,0.365,1.0138,155,0
SPY190802C300,2019-08-01,2019-08-01 09:31:05,0.37,1.0277,282,0.36,1.0,912,0.36,1.0,3,0.365,1.0138,155,3
SPY190802C300,2019-08-01,2019-08-01 09:31:06,0.38,1.0555,559,0.37,1.0277,5,0.37,1.0277,1,0.375,1.0416,156,0
SPY190802C300,2019-08-01,2019-08-01 09:31:06,0.38,1.0555,512,0.37,1.0277,5,0.37,1.0277,1,0.375,1.0416,156,1
SPY190802C300,2019-08-01,2019-08-01 09:31:07,0.38,1.0555,609,0.37,1.0277,5,0.37,1.0277,1,0.375,1.0416,156,0
SPY190802C300,2019-08-01,2019-08-01 09:31:08,0.38,1.0555,657,0.37,1.0277,5,0.38,1.0555,29,0.375,1.0416,186,30
SPY190802C300,2019-08-01,2019-08-01 09:31:08,0.38,1.0555,461,0.37,1.0277,5,0.38,1.0555,29,0.375,1.0416,186,0
SPY190802C300,2019-08-01,2019-08-01 09:31:09,0.38,1.0555,461,0.37,1.0277,5,0.38,1.0555,29,0.375,1.0416,186,0
SPY190802C300,2019-08-01,2019-08-01 09:31:09,0.38,1.0555,441,0.37,1.0277,5,0.38,1.0555,29,0.375,1.0416,186,0
SPY190802C300,2019-08-01,2019-08-01 09:31:10,0.38,1.0555,1,0.37,1.0277,379,0.38,1.0555,29,0.375,1.0416,186,0
SPY190802C300,2019-08-01,2019-08-01 09:31:11,0.39,1.0833,97,0.37,1.0277,50,0.38,1.0555,29,0.38,1.0555,186,0
SPY190802C300,2019-08-01,2019-08-01 09:31:11,0.38,1.0555,90,0.37,1.0277,67,0.38,1.0555,29,0.375,1.0416,186,0
SPY190802C300,2019-08-01,2019-08-01 09:31:12,0.38,1.0555,335,0.37,1.0277,166,0.38,1.0555,5,0.375,1.0416,191,5
SPY190802C300,2019-08-01,2019-08-01 09:31:12,0.38,1.0555,143,0.37,1.0277,103,0.38,1.0555,29,0.375,1.0416,186,0
SPY190802C300,2019-08-01,2019-08-01 09:31:13,0.38,1.0555,365,0.37,1.0277,72,0.38,1.0555,15,0.375,1.0416,211,20
SPY190802C300,2019-08-01,2019-08-01 09:31:13,0.38,1.0555,349,0.37,1.0277,166,0.38,1.0555,5,0.375,1.0416,191,0
SPY190802C300,2019-08-01,2019-08-01 09:31:14,0.38,1.0555,386,0.37,1.0277,72,0.38,1.0555,5,0.375,1.0416,216,5
SPY190802C300,2019-08-01,2019-08-01 09:31:16,0.38,1.0555,1,0.37,1.0277,89,0.38,1.0555,5,0.375,1.0416,216,0
SPY190802C300,2019-08-01,2019-08-01 09:31:17,0.38,1.0555,4,0.37,1.0277,458,0.38,1.0555,1,0.375,1.0416,233,0
SPY190802C300,2019-08-01,2019-08-01 09:31:17,0.38,1.0555,4,0.37,1.0277,458,0.38,1.0555,1,0.375,1.0416,233,17
SPY190802C300,2019-08-01,2019-08-01 09:31:18,0.38,1.0555,141,0.37,1.0277,191,0.38,1.0555,1,0.375,1.0416,233,0
SPY190802C300,2019-08-01,2019-08-01 09:31:19,0.38,1.0555,151,0.37,1.0277,240,0.38,1.0555,1,0.375,1.0416,233,0
SPY190802C300,2019-08-01,2019-08-01 09:31:20,0.38,1.0555,20,0.37,1.0277,50,0.38,1.0555,1,0.375,1.0416,233,0
SPY190802C300,2019-08-01,2019-08-01 09:31:20,0.38,1.0555,245,0.37,1.0277,180,0.38,1.0555,5,0.375,1.0416,238,5
SPY190802C300,2019-08-01,2019-08-01 09:31:21,0.38,1.0555,425,0.37,1.0277,180,0.38,1.0555,5,0.375,1.0416,238,0
SPY190802C300,2019-08-01,2019-08-01 09:31:22,0.38,1.0555,259,0.37,1.0277,180,0.38,1.0555,10,0.375,1.0416,248,10
SPY190802C300,2019-08-01,2019-08-01 09:31:22,0.38,1.0555,425,0.37,1.0277,180,0.38,1.0555,5,0.375,1.0416,238,0
SPY190802C300,2019-08-01,2019-08-01 09:31:24,0.39,1.0833,229,0.38,1.0555,335,0.38,1.0555,1,0.385,1.0694,249,1
SPY190802C300,2019-08-01,2019-08-01 09:31:25,0.39,1.0833,217,0.38,1.0555,100,0.38,1.0555,1,0.385,1.0694,249,0
SPY190802C300,2019-08-01,2019-08-01 09:31:26,0.39,1.0833,265,0.38,1.0555,1,0.38,1.0555,1,0.385,1.0694,249,0
SPY190802C300,2019-08-01,2019-08-01 09:31:27,0.39,1.0833,45,0.38,1.0555,7,0.38,1.0555,1,0.385,1.0694,249,0
SPY190802C300,2019-08-01,2019-08-01 09:31:27,0.39,1.0833,328,0.38,1.0555,3,0.38,1.0555,1,0.385,1.0694,249,0
SPY190802C300,2019-08-01,2019-08-01 09:31:28,0.39,1.0833,265,0.38,1.0555,7,0.39,1.0833,25,0.385,1.0694,300,51
SPY190802C300,2019-08-01,2019-08-01 09:31:28,0.39,1.0833,345,0.38,1.0555,7,0.39,1.0833,25,0.385,1.0694,300,0
SPY190802C300,2019-08-01,2019-08-01 09:31:29,0.39,1.0833,265,0.38,1.0555,100,0.39,1.0833,25,0.385,1.0694,300,0
SPY190802C300,2019-08-01,2019-08-01 09:31:29,0.39,1.0833,802,0.38,1.0555,7,0.39,1.0833,25,0.385,1.0694,300,0
SPY190802C300,2019-08-01,2019-08-01 09:31:30,0.39,1.0833,460,0.38,1.0555,7,0.39,1.0833,25,0.385,1.0694,300,0
SPY190802C300,2019-08-01,2019-08-01 09:31:31,0.39,1.0833,460,0.37,1.0277,450,0.38,1.0555,7,0.38,1.0555,310,0
SPY190802C300,2019-08-01,2019-08-01 09:31:31,0.39,1.0833,460,0.37,1.0277,291,0.38,1.0555,7,0.38,1.0555,310,10
SPY190802C300,2019-08-01,2019-08-01 09:31:32,0.38,1.0555,316,0.37,1.0277,126,0.38,1.0555,7,0.375,1.0416,310,0
SPY190802C300,2019-08-01,2019-08-01 09:31:32,0.38,1.0555,245,0.37,1.0277,309,0.38,1.0555,7,0.375,1.0416,310,0
SPY190802C300,2019-08-01,2019-08-01 09:31:33,0.38,1.0555,161,0.37,1.0277,782,0.38,1.0555,7,0.375,1.0416,310,0
SPY190802C300,2019-08-01,2019-08-01 09:31:33,0.38,1.0555,226,0.37,1.0277,850,0.38,1.0555,7,0.375,1.0416,310,0
SPY190802C300,2019-08-01,2019-08-01 09:31:34,0.38,1.0555,240,0.37,1.0277,94,0.38,1.0555,1,0.375,1.0416,311,1
SPY190802C300,2019-08-01,2019-08-01 09:31:34,0.38,1.0555,500,0.37,1.0277,400,0.38,1.0555,1,0.375,1.0416,311,0
SPY190802C300,2019-08-01,2019-08-01 09:31:35,0.38,1.0555,245,0.37,1.0277,480,0.38,1.0555,1,0.375,1.0416,311,0
SPY190802C300,2019-08-01,2019-08-01 09:31:36,0.38,1.0555,5,0.37,1.0277,916,0.38,1.0555,1,0.375,1.0416,311,0
SPY190802C300,2019-08-01,2019-08-01 09:31:36,0.38,1.0555,1,0.37,1.0277,803,0.38,1.0555,1,0.375,1.0416,311,0
SPY190802C300,2019-08-01,2019-08-01 09:31:37,0.38,1.0555,5,0.37,1.0277,916,0.38,1.0555,1,0.375,1.0416,311,0
SPY190802C300,2019-08-01,2019-08-01 09:31:38,0.38,1.0555,2,0.38,1.0555,191,0.38,1.0555,2,0.38,1.0555,319,8
SPY190802C300,2019-08-01,2019-08-01 09:31:38,0.38,1.0555,5,0.37,1.0277,916,0.38,1.0555,1,0.375,1.0416,311,0
SPY190802C300,2019-08-01,2019-08-01 09:31:39,0.39,1.0833,10,0.38,1.0555,191,0.38,1.0555,3,0.385,1.0694,322,3
SPY190802C300,2019-08-01,2019-08-01 09:31:39,0.39,1.0833,245,0.38,1.0555,621,0.38,1.0555,3,0.385,1.0694,322,0
SPY190802C300,2019-08-01,2019-08-01 09:31:40,0.39,1.0833,355,0.38,1.0555,611,0.38,1.0555,3,0.385,1.0694,322,0
SPY190802C300,2019-08-01,2019-08-01 09:31:41,0.39,1.0833,355,0.38,1.0555,611,0.38,1.0555,3,0.385,1.0694,322,0
SPY190802C300,2019-08-01,2019-08-01 09:31:41,0.39,1.0833,335,0.38,1.0555,611,0.38,1.0555,3,0.385,1.0694,322,0
SPY190802C300,2019-08-01,2019-08-01 09:31:42,0.4,1.1111,245,0.39,1.0833,294,0.38,1.0555,3,0.395,1.0972,322,0
SPY190802C300,2019-08-01,2019-08-01 09:31:42,0.39,1.0833,50,0.38,1.0555,611,0.38,1.0555,3,0.385,1.0694,322,0
SPY190802C300,2019-08-01,2019-08-01 09:31:43,0.4,1.1111,230,0.39,1.0833,296,0.38,1.0555,3,0.395,1.0972,322,0
SPY190802C300,2019-08-01,2019-08-01 09:31:43,0.4,1.1111,230,0.39,1.0833,291,0.38,1.0555,3,0.395,1.0972,322,0
SPY190802C300,2019-08-01,2019-08-01 09:31:44,0.4,1.1111,120,0.38,1.0555,263,0.4,1.1111,20,0.39,1.0833,504,0
SPY190802C300,2019-08-01,2019-08-01 09:31:44,0.4,1.1111,100,0.39,1.0833,480,0.4,1.1111,20,0.395,1.0972,504,182
SPY190802C300,2019-08-01,2019-08-01 09:31:45,0.39,1.0833,5,0.38,1.0555,263,0.4,1.1111,20,0.385,1.0694,504,0
SPY190802C300,2019-08-01,2019-08-01 09:31:46,0.39,1.0833,370,0.38,1.0555,294,0.38,1.0555,1,0.385,1.0694,505,1
SPY190802C300,2019-08-01,2019-08-01 09:31:46,0.39,1.0833,850,0.38,1.0555,294,0.39,1.0833,1,0.385,1.0694,506,1
SPY190802C300,2019-08-01,2019-08-01 09:31:47,0.39,1.0833,718,0.37,1.0277,568,0.39,1.0833,2,0.38,1.0555,525,2
SPY190802C300,2019-08-01,2019-08-01 09:31:47,0.39,1.0833,686,0.37,1.0277,294,0.38,1.0555,17,0.38,1.0555,523,17
SPY190802C300,2019-08-01,2019-08-01 09:31:48,0.39,1.0833,250,0.38,1.0555,294,0.39,1.0833,2,0.385,1.0694,525,0
SPY190802C300,2019-08-01,2019-08-01 09:31:49,0.39,1.0833,5,0.38,1.0555,815,0.39,1.0833,1,0.385,1.0694,526,0
SPY190802C300,2019-08-01,2019-08-01 09:31:49,0.39,1.0833,5,0.38,1.0555,611,0.39,1.0833,1,0.385,1.0694,526,1
SPY190802C300,2019-08-01,2019-08-01 09:31:50,0.4,1.1111,93,0.38,1.0555,191,0.39,1.0833,1,0.39,1.0833,526,0
SPY190802C300,2019-08-01,2019-08-01 09:31:50,0.39,1.0833,156,0.38,1.0555,294,0.39,1.0833,1,0.385,1.0694,526,0
SPY190802C300,2019-08-01,2019-08-01 09:31:51,0.39,1.0833,5,0.38,1.0555,411,0.39,1.0833,1,0.385,1.0694,526,0
SPY190802C300,2019-08-01,2019-08-01 09:31:52,0.38,1.0555,10,0.37,1.0277,69,0.38,1.0555,3,0.375,1.0416,529,3
SPY190802C300,2019-08-01,2019-08-01 09:31:52,0.38,1.0555,74,0.37,1.0277,1000,0.39,1.0833,1,0.375,1.0416,526,0
SPY190802C300,2019-08-01,2019-08-01 09:31:53,0.38,1.0555,122,0.36,1.0,706,0.38,1.0555,3,0.37,1.0277,529,0
SPY190802C300,2019-08-01,2019-08-01 09:31:53,0.38,1.0555,10,0.36,1.0,787,0.38,1.0555,3,0.37,1.0277,529,0
SPY190802C300,2019-08-01,2019-08-01 09:31:54,0.38,1.0555,2,0.36,1.0,400,0.38,1.0555,3,0.37,1.0277,529,0
SPY190802C300,2019-08-01,2019-08-01 09:31:55,0.38,1.0555,10,0.36,1.0,915,0.38,1.0555,5,0.37,1.0277,534,5
SPY190802C300,2019-08-01,2019-08-01 09:31:55,0.38,1.0555,5,0.36,1.0,915,0.38,1.0555,5,0.37,1.0277,534,0
SPY190802C300,2019-08-01,2019-08-01 09:31:56,0.37,1.0277,6,0.35,0.9722,400,0.38,1.0555,5,0.36,1.0,534,0
SPY190802C300,2019-08-01,2019-08-01 09:31:56,0.36,1.0,99,0.35,0.9722,251,0.35,0.9722,10,0.355,0.9861,546,12
SPY190802C300,2019-08-01,2019-08-01 09:31:57,0.35,0.9722,204,0.34,0.9444,6,0.35,0.9722,120,0.345,0.9583,676,0
SPY190802C300,2019-08-01,2019-08-01 09:31:57,0.35,0.9722,177,0.34,0.9444,6,0.35,0.9722,120,0.345,0.9583,676,130
SPY190802C300,2019-08-01,2019-08-01 09:31:58,0.35,0.9722,44,0.34,0.9444,400,0.35,0.9722,120,0.345,0.9583,676,0
SPY190802C300,2019-08-01,2019-08-01 09:31:59,0.35,0.9722,6,0.34,0.9444,621,0.35,0.9722,120,0.345,0.9583,676,0
SPY190802C300,2019-08-01,2019-08-01 09:31:59,0.35,0.9722,31,0.34,0.9444,130,0.35,0.9722,120,0.345,0.9583,676,0
SPY190802C300,2019-08-01,2019-08-01 09:32:00,0.35,0.9722,98,0.34,0.9444,127,0.35,0.9722,3,0.345,0.9583,679,3
SPY190802C300,2019-08-01,2019-08-01 09:32:00,0.35,0.9722,98,0.34,0.9444,127,0.35,0.9722,3,0.345,0.9583,679,0
SPY190802C300,2019-08-01,2019-08-01 09:32:01,0.34,0.9444,1,0.33,0.9166,6,0.34,0.9444,1,0.335,0.9305,689,7
SPY190802C300,2019-08-01,2019-08-01 09:32:01,0.35,0.9722,444,0.32,0.8888,480,0.34,0.9444,3,0.335,0.9305,682,3
SPY190802C300,2019-08-01,2019-08-01 09:32:02,0.33,0.9166,1,0.33,0.9166,6,0.33,0.9166,2,0.33,0.9166,693,4
SPY190802C300,2019-08-01,2019-08-01 09:32:03,0.34,0.9444,269,0.33,0.9166,6,0.33,0.9166,3,0.335,0.9305,697,4
SPY190802C300,2019-08-01,2019-08-01 09:32:03,0.34,0.9444,156,0.33,0.9166,713,0.33,0.9166,3,0.335,0.9305,697,0
SPY190802C300,2019-08-01,2019-08-01 09:32:04,0.34,0.9444,5,0.33,0.9166,450,0.33,0.9166,3,0.335,0.9305,697,0
SPY190802C300,2019-08-01,2019-08-01 09:32:04,0.34,0.9444,209,0.33,0.9166,206,0.33,0.9166,3,0.335,0.9305,697,0
SPY190802C300,2019-08-01,2019-08-01 09:32:05,0.32,0.8888,5,0.32,0.8888,6,0.33,0.9166,3,0.32,0.8888,697,0
SPY190802C300,2019-08-01,2019-08-01 09:32:05,0.33,0.9166,5,0.33,0.9166,6,0.33,0.9166,3,0.33,0.9166,697,0
SPY190802C300,2019-08-01,2019-08-01 09:32:06,0.33,0.9166,3,0.31,0.8611,400,0.33,0.9166,3,0.32,0.8888,697,0
SPY190802C300,2019-08-01,2019-08-01 09:32:07,0.34,0.9444,256,0.32,0.8888,818,0.33,0.9166,3,0.33,0.9166,697,0
SPY190802C300,2019-08-01,2019-08-01 09:32:07,0.35,0.9722,240,0.32,0.8888,611,0.33,0.9166,3,0.335,0.9305,697,0
SPY190802C300,2019-08-01,2019-08-01 09:32:08,0.33,0.9166,5,0.32,0.8888,1328,0.33,0.9166,3,0.325,0.9027,697,0
SPY190802C300,2019-08-01,2019-08-01 09:32:08,0.34,0.9444,62,0.32,0.8888,1025,0.33,0.9166,3,0.33,0.9166,697,0
SPY190802C300,2019-08-01,2019-08-01 09:32:09,0.34,0.9444,337,0.32,0.8888,700,0.33,0.9166,3,0.33,0.9166,697,0
SPY190802C300,2019-08-01,2019-08-01 09:32:09,0.34,0.9444,337,0.32,0.8888,400,0.33,0.9166,3,0.33,0.9166,697,0
SPY190802C300,2019-08-01,2019-08-01 09:32:10,0.34,0.9444,139,0.33,0.9166,24,0.33,0.9166,3,0.335,0.9305,697,0
SPY190802C300,2019-08-01,2019-08-01 09:32:10,0.34,0.9444,126,0.33,0.9166,6,0.33,0.9166,3,0.335,0.9305,697,0
SPY190802C300,2019-08-01,2019-08-01 09:32:11,0.33,0.9166,5,0.32,0.8888,400,0.33,0.9166,5,0.325,0.9027,707,10
SPY190802C300,2019-08-01,2019-08-01 09:32:12,0.34,0.9444,275,0.33,0.9166,6,0.33,0.9166,5,0.335,0.9305,707,0
SPY190802C300,2019-08-01,2019-08-01 09:32:13,0.35,0.9722,276,0.33,0.9166,459,0.33,0.9166,5,0.34,0.9444,707,0
SPY190802C300,2019-08-01,2019-08-01 09:32:13,0.35,0.9722,276,0.34,0.9444,6,0.33,0.9166,5,0.345,0.9583,707,0
SPY190802C300,2019-08-01,2019-08-01 09:32:14,0.35,0.9722,276,0.34,0.9444,12,0.33,0.9166,5,0.345,0.9583,707,0
SPY190802C300,2019-08-01,2019-08-01 09:32:14,0.35,0.9722,441,0.34,0.9444,30,0.35,0.9722,1,0.345,0.9583,708,1
SPY190802C300,2019-08-01,2019-08-01 09:32:15,0.35,0.9722,441,0.34,0.9444,6,0.35,0.9722,1,0.345,0.9583,708,0
SPY190802C300,2019-08-01,2019-08-01 09:32:16,0.35,0.9722,431,0.34,0.9444,6,0.35,0.9722,1,0.345,0.9583,708,0
SPY190802C300,2019-08-01,2019-08-01 09:32:16,0.35,0.9722,441,0.34,0.9444,6,0.35,0.9722,1,0.345,0.9583,708,0
SPY190802C300,2019-08-01,2019-08-01 09:32:17,0.36,1.0,100,0.35,0.9722,30,0.35,0.9722,1,0.355,0.9861,711,1
SPY190802C300,2019-08-01,2019-08-01 09:32:17,0.35,0.9722,5,0.34,0.9444,485,0.35,0.9722,1,0.345,0.9583,710,2
SPY190802C300,2019-08-01,2019-08-01 09:32:18,0.37,1.0277,246,0.35,0.9722,6,0.35,0.9722,1,0.36,1.0,711,0
SPY190802C300,2019-08-01,2019-08-01 09:32:18,0.36,1.0,258,0.35,0.9722,30,0.35,0.9722,1,0.355,0.9861,711,0
SPY190802C300,2019-08-01,2019-08-01 09:32:19,0.36,1.0,258,0.35,0.9722,6,0.36,1.0,5,0.355,0.9861,716,5
SPY190802C300,2019-08-01,2019-08-01 09:32:20,0.36,1.0,258,0.35,0.9722,24,0.36,1.0,5,0.355,0.9861,716,0
SPY190802C300,2019-08-01,2019-08-01 09:32:20,0.36,1.0,100,0.35,0.9722,6,0.36,1.0,5,0.355,0.9861,716,0
SPY190802C300,2019-08-01,2019-08-01 09:32:21,0.36,1.0,21,0.35,0.9722,400,0.36,1.0,5,0.355,0.9861,716,0
SPY190802C300,2019-08-01,2019-08-01 09:32:21,0.36,1.0,348,0.35,0.9722,24,0.36,1.0,5,0.355,0.9861,716,0
SPY190802C300,2019-08-01,2019-08-01 09:32:22,0.36,1.0,120,0.35,0.9722,575,0.36,1.0,5,0.355,0.9861,716,0
SPY190802C300,2019-08-01,2019-08-01 09:32:23,0.38,1.0555,1007,0.37,1.0277,6,0.36,1.0,5,0.375,1.0416,716,0
SPY190802C300,2019-08-01,2019-08-01 09:32:23,0.38,1.0555,62,0.36,1.0,400,0.36,1.0,5,0.37,1.0277,716,0
SPY190802C300,2019-08-01,2019-08-01 09:32:24,0.37,1.0277,74,0.36,1.0,30,0.36,1.0,5,0.365,1.0138,716,0
SPY190802C300,2019-08-01,2019-08-01 09:32:24,0.38,1.0555,1007,0.36,1.0,400,0.36,1.0,5,0.37,1.0277,716,0
SPY190802C300,2019-08-01,2019-08-01 09:32:25,0.37,1.0277,100,0.35,0.9722,75,0.36,1.0,5,0.36,1.0,716,0
SPY190802C300,2019-08-01,2019-08-01 09:32:26,0.36,1.0,12,0.35,0.9722,6,0.36,1.0,5,0.355,0.9861,716,0
SPY190802C300,2019-08-01,2019-08-01 09:32:26,0.36,1.0,293,0.35,0.9722,400,0.36,1.0,5,0.355,0.9861,716,0
SPY190802C300,2019-08-01,2019-08-01 09:32:27,0.36,1.0,293,0.35,0.9722,6,0.35,0.9722,1,0.355,0.9861,717,1
SPY190802C300,2019-08-01,2019-08-01 09:32:27,0.36,1.0,382,0.35,0.9722,30,0.35,0.9722,1,0.355,0.9861,717,0
SPY190802C300,2019-08-01,2019-08-01 09:32:28,0.36,1.0,402,0.35,0.9722,6,0.35,0.9722,1,0.355,0.9861,717,0
SPY190802C300,2019-08-01,2019-08-01 09:32:29,0.35,0.9722,293,0.34,0.9444,90,0.35,0.9722,1,0.345,0.9583,717,0
SPY190802C300,2019-08-01,2019-08-01 09:32:29,0.35,0.9722,293,0.34,0.9444,96,0.35,0.9722,1,0.345,0.9583,717,0
SPY190802C300,2019-08-01,2019-08-01 09:32:30,0.35,0.9722,293,0.34,0.9444,90,0.35,0.9722,1,0.345,0.9583,717,0
SPY190802C300,2019-08-01,2019-08-01 09:32:30,0.35,0.9722,290,0.34,0.9444,485,0.35,0.9722,1,0.345,0.9583,717,0
SPY190802C300,2019-08-01,2019-08-01 09:32:31,0.35,0.9722,58,0.34,0.9444,30,0.34,0.9444,7,0.345,0.9583,752,35
SPY190802C300,2019-08-01,2019-08-01 09:32:32,0.35,0.9722,50,0.34,0.9444,236,0.34,0.9444,7,0.345,0.9583,752,0
SPY190802C300,2019-08-01,2019-08-01 09:32:32,0.35,0.9722,212,0.34,0.9444,400,0.34,0.9444,7,0.345,0.9583,752,0
SPY190802C300,2019-08-01,2019-08-01 09:32:33,0.36,1.0,251,0.35,0.9722,400,0.34,0.9444,7,0.355,0.9861,752,0
SPY190802C300,2019-08-01,2019-08-01 09:32:33,0.36,1.0,24,0.35,0.9722,480,0.34,0.9444,7,0.355,0.9861,752,0
SPY190802C300,2019-08-01,2019-08-01 09:32:34,0.36,1.0,15,0.35,0.9722,575,0.35,0.9722,1,0.355,0.9861,753,1
SPY190802C300,2019-08-01,2019-08-01 09:32:34,0.36,1.0,236,0.35,0.9722,676,0.35,0.9722,1,0.355,0.9861,753,0
SPY190802C300,2019-08-01,2019-08-01 09:32:35,0.36,1.0,236,0.35,0.9722,661,0.35,0.9722,1,0.355,0.9861,753,0
SPY190802C300,2019-08-01,2019-08-01 09:32:36,0.36,1.0,10,0.35,0.9722,56,0.35,0.9722,6,0.355,0.9861,759,6
SPY190802C300,2019-08-01,2019-08-01 09:32:36,0.36,1.0,236,0.35,0.9722,661,0.35,0.9722,1,0.355,0.9861,753,0
SPY190802C300,2019-08-01,2019-08-01 09:32:37,0.36,1.0,5,0.35,0.9722,554,0.35,0.9722,6,0.355,0.9861,759,0
SPY190802C300,2019-08-01,2019-08-01 09:32:37,0.36,1.0,10,0.35,0.9722,6,0.35,0.9722,6,0.355,0.9861,759,0
SPY190802C300,2019-08-01,2019-08-01 09:32:38,0.36,1.0,6,0.35,0.9722,115,0.35,0.9722,6,0.355,0.9861,759,0
SPY190802C300,2019-08-01,2019-08-01 09:32:38,0.36,1.0,5,0.35,0.9722,485,0.35,0.9722,6,0.355,0.9861,759,0
SPY190802C300,2019-08-01,2019-08-01 09:32:39,0.36,1.0,74,0.35,0.9722,400,0.35,0.9722,6,0.355,0.9861,759,0
SPY190802C300,2019-08-01,2019-08-01 09:32:39,0.36,1.0,258,0.35,0.9722,20,0.35,0.9722,6,0.355,0.9861,759,0
SPY190802C300,2019-08-01,2019-08-01 09:32:40,0.36,1.0,348,0.35,0.9722,20,0.35,0.9722,6,0.355,0.9861,759,0
SPY190802C300,2019-08-01,2019-08-01 09:32:41,0.36,1.0,348,0.35,0.9722,20,0.35,0.9722,6,0.355,0.9861,759,0
SPY190802C300,2019-08-01,2019-08-01 09:32:41,0.36,1.0,5,0.35,0.9722,20,0.35,0.9722,6,0.355,0.9861,759,0
SPY190802C300,2019-08-01,2019-08-01 09:32:42,0.36,1.0,258,0.35,0.9722,24,0.35,0.9722,6,0.355,0.9861,759,0
SPY190802C300,2019-08-01,2019-08-01 09:32:43,0.36,1.0,293,0.35,0.9722,30,0.35,0.9722,6,0.355,0.9861,759,0
SPY190802C300,2019-08-01,2019-08-01 09:32:44,0.36,1.0,413,0.35,0.9722,20,0.35,0.9722,6,0.355,0.9861,759,0
SPY190802C300,2019-08-01,2019-08-01 09:32:44,0.36,1.0,293,0.35,0.9722,20,0.35,0.9722,6,0.355,0.9861,759,0
SPY190802C300,2019-08-01,2019-08-01 09:32:45,0.36,1.0,479,0.33,0.9166,485,0.35,0.9722,7,0.345,0.9583,786,27
SPY190802C300,2019-08-01,2019-08-01 09:32:45,0.36,1.0,413,0.35,0.9722,20,0.35,0.9722,6,0.355,0.9861,759,0
SPY190802C300,2019-08-01,2019-08-01 09:32:46,0.35,0.9722,341,0.34,0.9444,6,0.35,0.9722,7,0.345,0.9583,786,0
SPY190802C300,2019-08-01,2019-08-01 09:32:46,0.35,0.9722,93,0.34,0.9444,24,0.35,0.9722,7,0.345,0.9583,786,0
SPY190802C300,2019-08-01,2019-08-01 09:32:47,0.35,0.9722,93,0.34,0.9444,24,0.35,0.9722,7,0.345,0.9583,786,0
SPY190802C300,2019-08-01,2019-08-01 09:32:48,0.36,1.0,126,0.34,0.9444,96,0.35,0.9722,7,0.35,0.9722,786,0
SPY190802C300,2019-08-01,2019-08-01 09:32:48,0.35,0.9722,100,0.34,0.9444,114,0.35,0.9722,7,0.345,0.9583,786,0
SPY190802C300,2019-08-01,2019-08-01 09:32:49,0.35,0.9722,5,0.34,0.9444,26,0.35,0.9722,7,0.345,0.9583,786,0
SPY190802C300,2019-08-01,2019-08-01 09:32:49,0.35,0.9722,258,0.34,0.9444,44,0.35,0.9722,7,0.345,0.9583,786,0
SPY190802C300,2019-08-01,2019-08-01 09:32:50,0.35,0.9722,5,0.34,0.9444,186,0.34,0.9444,20,0.345,0.9583,806,0
SPY190802C300,2019-08-01,2019-08-01 09:32:50,0.35,0.9722,258,0.34,0.9444,805,0.34,0.9444,20,0.345,0.9583,806,20
SPY190802C300,2019-08-01,2019-08-01 09:32:51,0.35,0.9722,378,0.33,0.9166,874,0.34,0.9444,20,0.34,0.9444,806,0
SPY190802C300,2019-08-01,2019-08-01 09:32:52,0.34,0.9444,78,0.33,0.9166,156,0.34,0.9444,20,0.335,0.9305,806,0
SPY190802C300,2019-08-01,2019-08-01 09:32:52,0.34,0.9444,5,0.33,0.9166,156,0.34,0.9444,20,0.335,0.9305,806,0
SPY190802C300,2019-08-01,2019-08-01 09:32:53,0.34,0.9444,5,0.32,0.8888,738,0.34,0.9444,20,0.33,0.9166,806,0
SPY190802C300,2019-08-01,2019-08-01 09:32:53,0.35,0.9722,93,0.33,0.9166,156,0.34,0.9444,20,0.34,0.9444,806,0
SPY190802C300,2019-08-01,2019-08-01 09:32:54,0.33,0.9166,5,0.33,0.9166,1,0.34,0.9444,17,0.33,0.9166,839,33
SPY190802C300,2019-08-01,2019-08-01 09:32:54,0.34,0.9444,7,0.33,0.9166,6,0.34,0.9444,17,0.335,0.9305,839,0
SPY190802C300,2019-08-01,2019-08-01 09:32:55,0.34,0.9444,1,0.33,0.9166,1224,0.34,0.9444,10,0.335,0.9305,859,0
SPY190802C300,2019-08-01,2019-08-01 09:32:55,0.34,0.9444,5,0.33,0.9166,25,0.34,0.9444,10,0.335,0.9305,859,20
SPY190802C300,2019-08-01,2019-08-01 09:32:56,0.34,0.9444,5,0.33,0.9166,94,0.34,0.9444,10,0.335,0.9305,859,0
SPY190802C300,2019-08-01,2019-08-01 09:32:57,0.34,0.9444,5,0.33,0.9166,100,0.34,0.9444,10,0.335,0.9305,859,0
SPY190802C300,2019-08-01,2019-08-01 09:32:58,0.34,0.9444,276,0.33,0.9166,6,0.34,0.9444,10,0.335,0.9305,859,0
SPY190802C300,2019-08-01,2019-08-01 09:32:58,0.34,0.9444,20,0.33,0.9166,1,0.34,0.9444,10,0.335,0.9305,859,0
SPY190802C300,2019-08-01,2019-08-01 09:32:59,0.34,0.9444,396,0.33,0.9166,1,0.34,0.9444,1,0.335,0.9305,861,2
SPY190802C300,2019-08-01,2019-08-01 09:32:59,0.34,0.9444,311,0.33,0.9166,1,0.34,0.9444,10,0.335,0.9305,859,0
SPY190802C300,2019-08-01,2019-08-01 09:33:00,0.34,0.9444,177,0.33,0.9166,6,0.34,0.9444,1,0.335,0.9305,861,0
SPY190802C300,2019-08-01,2019-08-01 09:33:01,0.34,0.9444,311,0.33,0.9166,12,0.34,0.9444,1,0.335,0.9305,861,0
SPY190802C300,2019-08-01,2019-08-01 09:33:01,0.34,0.9444,57,0.33,0.9166,6,0.34,0.9444,1,0.335,0.9305,861,0
SPY190802C300,2019-08-01,2019-08-01 09:33:02,0.34,0.9444,45,0.33,0.9166,122,0.34,0.9444,1,0.335,0.9305,862,1
SPY190802C300,2019-08-01,2019-08-01 09:33:03,0.34,0.9444,45,0.34,0.9444,6,0.35,0.9722,2,0.34,0.9444,866,2
SPY190802C300,2019-08-01,2019-08-01 09:33:03,0.34,0.9444,45,0.33,0.9166,660,0.34,0.9444,1,0.335,0.9305,864,2
SPY190802C300,2019-08-01,2019-08-01 09:33:04,0.34,0.9444,45,0.34,0.9444,12,0.35,0.9722,2,0.34,0.9444,866,0
SPY190802C300,2019-08-01,2019-08-01 09:33:04,0.34,0.9444,45,0.34,0.9444,400,0.35,0.9722,2,0.34,0.9444,866,0
SPY190802C300,2019-08-01,2019-08-01 09:33:05,0.35,0.9722,5,0.34,0.9444,753,0.35,0.9722,2,0.345,0.9583,866,0
SPY190802C300,2019-08-01,2019-08-01 09:33:05,0.35,0.9722,5,0.34,0.9444,747,0.35,0.9722,2,0.345,0.9583,866,0
SPY190802C300,2019-08-01,2019-08-01 09:33:06,0.36,1.0,396,0.35,0.9722,400,0.35,0.9722,2,0.355,0.9861,866,0
SPY190802C300,2019-08-01,2019-08-01 09:33:06,0.36,1.0,456,0.34,0.9444,1582,0.35,0.9722,2,0.35,0.9722,866,0
SPY190802C300,2019-08-01,2019-08-01 09:33:07,0.36,1.0,232,0.35,0.9722,846,0.35,0.9722,2,0.355,0.9861,866,0
SPY190802C300,2019-08-01,2019-08-01 09:33:08,0.37,1.0277,200,0.35,0.9722,642,0.36,1.0,1,0.36,1.0,874,8
SPY190802C300,2019-08-01,2019-08-01 09:33:08,0.37,1.0277,368,0.36,1.0,6,0.36,1.0,1,0.365,1.0138,874,0
SPY190802C300,2019-08-01,2019-08-01 09:33:09,0.36,1.0,5,0.35,0.9722,730,0.36,1.0,1,0.355,0.9861,874,0
SPY190802C300,2019-08-01,2019-08-01 09:33:09,0.36,1.0,5,0.36,1.0,6,0.36,1.0,2,0.36,1.0,881,7
SPY190802C300,2019-08-01,2019-08-01 09:33:10,0.37,1.0277,922,0.36,1.0,6,0.36,1.0,2,0.365,1.0138,881,0
SPY190802C300,2019-08-01,2019-08-01 09:33:10,0.36,1.0,5,0.35,0.9722,832,0.36,1.0,2,0.355,0.9861,881,0
SPY190802C300,2019-08-01,2019-08-01 09:33:11,0.36,1.0,100,0.35,0.9722,50,0.36,1.0,1,0.355,0.9861,882,0
SPY190802C300,2019-08-01,2019-08-01 09:33:11,0.36,1.0,100,0.35,0.9722,113,0.36,1.0,1,0.355,0.9861,882,1
SPY190802C300,2019-08-01,2019-08-01 09:33:12,0.36,1.0,100,0.35,0.9722,50,0.36,1.0,1,0.355,0.9861,882,0
SPY190802C300,2019-08-01,2019-08-01 09:33:13,0.36,1.0,5,0.35,0.9722,910,0.36,1.0,1,0.355,0.9861,882,0
SPY190802C300,2019-08-01,2019-08-01 09:33:13,0.36,1.0,1036,0.35,0.9722,2,0.36,1.0,1,0.355,0.9861,882,0
SPY190802C300,2019-08-01,2019-08-01 09:33:14,0.36,1.0,5,0.35,0.9722,797,0.36,1.0,1,0.355,0.9861,882,0
SPY190802C300,2019-08-01,2019-08-01 09:33:14,0.36,1.0,5,0.35,0.9722,873,0.36,1.0,1,0.355,0.9861,882,0
SPY190802C300,2019-08-01,2019-08-01 09:33:15,0.36,1.0,5,0.35,0.9722,617,0.36,1.0,5,0.355,0.9861,887,5
SPY190802C300,2019-08-01,2019-08-01 09:33:15,0.36,1.0,5,0.35,0.9722,891,0.36,1.0,1,0.355,0.9861,882,0
SPY190802C300,2019-08-01,2019-08-01 09:33:16,0.36,1.0,5,0.35,0.9722,617,0.36,1.0,5,0.355,0.9861,887,0
SPY190802C300,2019-08-01,2019-08-01 09:33:16,0.36,1.0,5,0.35,0.9722,617,0.36,1.0,1,0.355,0.9861,888,1
SPY190802C300,2019-08-01,2019-08-01 09:33:17,0.37,1.0277,1047,0.36,1.0,49,0.36,1.0,1,0.365,1.0138,888,0
SPY190802C300,2019-08-01,2019-08-01 09:33:17,0.36,1.0,5,0.36,1.0,6,0.36,1.0,1,0.36,1.0,888,0
SPY190802C300,2019-08-01,2019-08-01 09:33:18,0.37,1.0277,396,0.36,1.0,58,0.36,1.0,1,0.365,1.0138,888,0
SPY190802C300,2019-08-01,2019-08-01 09:33:19,0.37,1.0277,267,0.36,1.0,538,0.36,1.0,1,0.365,1.0138,888,0
SPY190802C300,2019-08-01,2019-08-01 09:33:19,0.37,1.0277,100,0.36,1.0,538,0.36,1.0,1,0.365,1.0138,888,0
SPY190802C300,2019-08-01,2019-08-01 09:33:20,0.37,1.0277,262,0.36,1.0,646,0.36,1.0,1,0.365,1.0138,888,0
SPY190802C300,2019-08-01,2019-08-01 09:33:20,0.37,1.0277,401,0.36,1.0,504,0.36,1.0,1,0.365,1.0138,888,0
SPY190802C300,2019-08-01,2019-08-01 09:33:21,0.37,1.0277,254,0.36,1.0,646,0.36,1.0,1,0.365,1.0138,888,0
SPY190802C300,2019-08-01,2019-08-01 09:33:21,0.37,1.0277,26,0.36,1.0,400,0.36,1.0,1,0.365,1.0138,888,0
SPY190802C300,2019-08-01,2019-08-01 09:33:22,0.37,1.0277,100,0.36,1.0,767,0.36,1.0,1,0.365,1.0138,888,0
SPY190802C300,2019-08-01,2019-08-01 09:33:23,0.37,1.0277,285,0.36,1.0,790,0.36,1.0,1,0.365,1.0138,888,0
SPY190802C300,2019-08-01,2019-08-01 09:33:23,0.37,1.0277,285,0.36,1.0,682,0.36,1.0,1,0.365,1.0138,888,0
SPY190802C300,2019-08-01,2019-08-01 09:33:24,0.37,1.0277,123,0.36,1.0,573,0.36,1.0,1,0.365,1.0138,888,0
SPY190802C300,2019-08-01,2019-08-01 09:33:24,0.37,1.0277,281,0.36,1.0,483,0.36,1.0,1,0.365,1.0138,888,0
SPY190802C300,2019-08-01,2019-08-01 09:33:25,0.37,1.0277,327,0.36,1.0,3,0.37,1.0277,2,0.365,1.0138,890,2
SPY190802C300,2019-08-01,2019-08-01 09:33:26,0.38,1.0555,369,0.36,1.0,400,0.37,1.0277,2,0.37,1.0277,890,0
SPY190802C300,2019-08-01,2019-08-01 09:33:26,0.37,1.0277,279,0.36,1.0,640,0.37,1.0277,2,0.365,1.0138,890,0
SPY190802C300,2019-08-01,2019-08-01 09:33:27,0.38,1.0555,18,0.37,1.0277,6,0.37,1.0277,2,0.375,1.0416,890,0
SPY190802C300,2019-08-01,2019-08-01 09:33:27,0.38,1.0555,101,0.37,1.0277,559,0.37,1.0277,2,0.375,1.0416,890,0
SPY190802C300,2019-08-01,2019-08-01 09:33:28,0.38,1.0555,263,0.37,1.0277,559,0.37,1.0277,2,0.375,1.0416,890,0
SPY190802C300,2019-08-01,2019-08-01 09:33:29,0.38,1.0555,1,0.38,1.0555,6,0.38,1.0555,1,0.38,1.0555,892,2
SPY190802C300,2019-08-01,2019-08-01 09:33:29,0.39,1.0833,443,0.37,1.0277,1111,0.38,1.0555,1,0.38,1.0555,892,0
SPY190802C300,2019-08-01,2019-08-01 09:33:30,0.38,1.0555,5,0.37,1.0277,1220,0.38,1.0555,1,0.375,1.0416,892,0
SPY190802C300,2019-08-01,2019-08-01 09:33:30,0.38,1.0555,6,0.37,1.0277,808,0.38,1.0555,1,0.375,1.0416,892,0
SPY190802C300,2019-08-01,2019-08-01 09:33:31,0.38,1.0555,286,0.37,1.0277,228,0.38,1.0555,1,0.375,1.0416,892,0
SPY190802C300,2019-08-01,2019-08-01 09:33:32,0.38,1.0555,286,0.37,1.0277,617,0.38,1.0555,1,0.375,1.0416,892,0
SPY190802C300,2019-08-01,2019-08-01 09:33:32,0.39,1.0833,829,0.37,1.0277,840,0.38,1.0555,1,0.38,1.0555,892,0
SPY190802C300,2019-08-01,2019-08-01 09:33:33,0.39,1.0833,289,0.38,1.0555,619,0.38,1.0555,1,0.385,1.0694,893,1
SPY190802C300,2019-08-01,2019-08-01 09:33:33,0.38,1.0555,5,0.37,1.0277,717,0.38,1.0555,1,0.375,1.0416,892,0
SPY190802C300,2019-08-01,2019-08-01 09:33:34,0.39,1.0833,751,0.37,1.0277,1141,0.38,1.0555,1,0.38,1.0555,893,0
SPY190802C300,2019-08-01,2019-08-01 09:33:34,0.39,1.0833,364,0.38,1.0555,115,0.38,1.0555,1,0.385,1.0694,893,0
SPY190802C300,2019-08-01,2019-08-01 09:33:35,0.39,1.0833,711,0.38,1.0555,24,0.38,1.0555,1,0.385,1.0694,893,0
SPY190802C300,2019-08-01,2019-08-01 09:33:35,0.39,1.0833,357,0.38,1.0555,499,0.38,1.0555,1,0.385,1.0694,893,0
SPY190802C300,2019-08-01,2019-08-01 09:33:36,0.39,1.0833,357,0.38,1.0555,499,0.38,1.0555,1,0.385,1.0694,893,0
SPY190802C300,2019-08-01,2019-08-01 09:33:37,0.39,1.0833,357,0.38,1.0555,499,0.38,1.0555,1,0.385,1.0694,893,0
SPY190802C300,2019-08-01,2019-08-01 09:33:37,0.39,1.0833,357,0.38,1.0555,533,0.38,1.0555,1,0.385,1.0694,893,0
SPY190802C300,2019-08-01,2019-08-01 09:33:38,0.39,1.0833,3,0.38,1.0555,400,0.39,1.0833,2,0.385,1.0694,895,2
SPY190802C300,2019-08-01,2019-08-01 09:33:38,0.4,1.1111,75,0.39,1.0833,480,0.38,1.0555,1,0.395,1.0972,893,0
SPY190802C300,2019-08-01,2019-08-01 09:33:39,0.4,1.1111,210,0.39,1.0833,605,0.39,1.0833,2,0.395,1.0972,895,0
SPY190802C300,2019-08-01,2019-08-01 09:33:39,0.4,1.1111,210,0.39,1.0833,790,0.39,1.0833,2,0.395,1.0972,895,0
SPY190802C300,2019-08-01,2019-08-01 09:33:40,0.4,1.1111,130,0.39,1.0833,561,0.39,1.0833,2,0.395,1.0972,895,0
SPY190802C300,2019-08-01,2019-08-01 09:33:40,0.4,1.1111,210,0.39,1.0833,790,0.39,1.0833,2,0.395,1.0972,895,0
SPY190802C300,2019-08-01,2019-08-01 09:33:41,0.4,1.1111,10,0.39,1.0833,1327,0.39,1.0833,2,0.395,1.0972,895,0
SPY190802C300,2019-08-01,2019-08-01 09:33:42,0.4,1.1111,10,0.39,1.0833,1691,0.39,1.0833,2,0.395,1.0972,895,0
SPY190802C300,2019-08-01,2019-08-01 09:33:42,0.4,1.1111,75,0.39,1.0833,1036,0.39,1.0833,2,0.395,1.0972,895,0
SPY190802C300,2019-08-01,2019-08-01 09:33:43,0.41,1.1388,9,0.4,1.1111,590,0.41,1.1388,2,0.405,1.125,909,0
SPY190802C300,2019-08-01,2019-08-01 09:33:43,0.41,1.1388,197,0.4,1.1111,542,0.41,1.1388,2,0.405,1.125,909,14
SPY190802C300,2019-08-01,2019-08-01 09:33:44,0.41,1.1388,5,0.4,1.1111,674,0.41,1.1388,2,0.405,1.125,909,0
SPY190802C300,2019-08-01,2019-08-01 09:33:44,0.42,1.1666,50,0.4,1.1111,838,0.41,1.1388,2,0.41,1.1388,909,0
SPY190802C300,2019-08-01,2019-08-01 09:33:45,0.43,1.1944,345,0.4,1.1111,838,0.41,1.1388,2,0.415,1.1527,909,0
SPY190802C300,2019-08-01,2019-08-01 09:33:46,0.42,1.1666,278,0.41,1.1388,52,0.42,1.1666,1,0.415,1.1527,910,0
SPY190802C300,2019-08-01,2019-08-01 09:33:46,0.42,1.1666,5,0.41,1.1388,497,0.42,1.1666,1,0.415,1.1527,910,1
SPY190802C300,2019-08-01,2019-08-01 09:33:47,0.42,1.1666,30,0.41,1.1388,23,0.42,1.1666,1,0.415,1.1527,910,0
SPY190802C300,2019-08-01,2019-08-01 09:33:47,0.42,1.1666,254,0.41,1.1388,497,0.42,1.1666,1,0.415,1.1527,910,0
SPY190802C300,2019-08-01,2019-08-01 09:33:48,0.42,1.1666,825,0.41,1.1388,17,0.42,1.1666,1,0.415,1.1527,910,0
SPY190802C300,2019-08-01,2019-08-01 09:33:48,0.42,1.1666,786,0.41,1.1388,17,0.42,1.1666,1,0.415,1.1527,910,0
SPY190802C300,2019-08-01,2019-08-01 09:33:49,0.41,1.1388,639,0.4,1.1111,2,0.42,1.1666,1,0.405,1.125,910,0
SPY190802C300,2019-08-01,2019-08-01 09:33:49,0.41,1.1388,49,0.4,1.1111,719,0.42,1.1666,1,0.405,1.125,910,0
SPY190802C300,2019-08-01,2019-08-01 09:33:50,0.41,1.1388,639,0.4,1.1111,2,0.42,1.1666,1,0.405,1.125,910,0
SPY190802C300,2019-08-01,2019-08-01 09:33:51,0.4,1.1111,253,0.39,1.0833,638,0.4,1.1111,30,0.395,1.0972,963,50
SPY190802C300,2019-08-01,2019-08-01 09:33:51,0.4,1.1111,173,0.39,1.0833,500,0.4,1.1111,2,0.395,1.0972,913,3
SPY190802C300,2019-08-01,2019-08-01 09:33:52,0.4,1.1111,1053,0.39,1.0833,24,0.39,1.0833,58,0.395,1.0972,1021,58
SPY190802C300,2019-08-01,2019-08-01 09:33:52,0.4,1.1111,253,0.39,1.0833,167,0.4,1.1111,30,0.395,1.0972,963,0
SPY190802C300,2019-08-01,2019-08-01 09:33:53,0.4,1.1111,128,0.39,1.0833,6,0.39,1.0833,55,0.395,1.0972,1094,55
SPY190802C300,2019-08-01,2019-08-01 09:33:53,0.39,1.0833,55,0.39,1.0833,24,0.39,1.0833,18,0.39,1.0833,1039,18
SPY190802C300,2019-08-01,2019-08-01 09:33:54,0.4,1.1111,337,0.39,1.0833,656,0.39,1.0833,72,0.395,1.0972,1168,0
SPY190802C300,2019-08-01,2019-08-01 09:33:54,0.4,1.1111,337,0.39,1.0833,656,0.39,1.0833,72,0.395,1.0972,1168,74
SPY190802C300,2019-08-01,2019-08-01 09:33:55,0.4,1.1111,313,0.39,1.0833,647,0.39,1.0833,14,0.395,1.0972,1240,72
SPY190802C300,2019-08-01,2019-08-01 09:33:56,0.4,1.1111,68,0.39,1.0833,647,0.39,1.0833,1,0.395,1.0972,1241,1
SPY190802C300,2019-08-01,2019-08-01 09:33:56,0.4,1.1111,333,0.39,1.0833,721,0.39,1.0833,15,0.395,1.0972,1308,67
SPY190802C300,2019-08-01,2019-08-01 09:33:57,0.4,1.1111,164,0.39,1.0833,713,0.39,1.0833,15,0.395,1.0972,1308,0
SPY190802C300,2019-08-01,2019-08-01 09:34:00,0.4,1.1111,336,0.39,1.0833,754,0.39,1.0833,15,0.395,1.0972,1439,131
SPY190802C300,2019-08-01,2019-08-01 09:34:34,0.42,1.1666,263,0.41,1.1388,702,0.42,1.1666,1,0.415,1.1527,2076,637
SPY190802C300,2019-08-01,2019-08-01 09:34:35,0.42,1.1666,70,0.41,1.1388,702,0.42,1.1666,1,0.415,1.1527,2076,0
SPY190802C300,2019-08-01,2019-08-01 09:34:36,0.42,1.1666,268,0.41,1.1388,61,0.42,1.1666,1,0.415,1.1527,2076,0
SPY190802C300,2019-08-01,2019-08-01 09:34:36,0.42,1.1666,403,0.41,1.1388,5,0.42,1.1666,1,0.415,1.1527,2076,0
SPY190802C300,2019-08-01,2019-08-01 09:34:37,0.42,1.1666,446,0.41,1.1388,15,0.42,1.1666,1,0.415,1.1527,2077,1
SPY190802C300,2019-08-01,2019-08-01 09:34:37,0.42,1.1666,446,0.41,1.1388,15,0.42,1.1666,1,0.415,1.1527,2076,0
SPY190802C300,2019-08-01,2019-08-01 09:34:38,0.42,1.1666,51,0.41,1.1388,15,0.41,1.1388,2,0.415,1.1527,2084,7
SPY190802C300,2019-08-01,2019-08-01 09:34:38,0.42,1.1666,919,0.41,1.1388,15,0.42,1.1666,1,0.415,1.1527,2077,0
SPY190802C300,2019-08-01,2019-08-01 09:34:39,0.41,1.1388,213,0.4,1.1111,712,0.41,1.1388,1,0.405,1.125,2094,10
SPY190802C300,2019-08-01,2019-08-01 09:34:39,0.41,1.1388,1069,0.4,1.1111,20,0.41,1.1388,1,0.405,1.125,2094,0
SPY190802C300,2019-08-01,2019-08-01 09:34:40,0.41,1.1388,1313,0.4,1.1111,20,0.41,1.1388,1,0.405,1.125,2104,10
SPY190802C300,2019-08-01,2019-08-01 09:34:41,0.41,1.1388,1324,0.4,1.1111,20,0.41,1.1388,1,0.405,1.125,2104,0
SPY190802C300,2019-08-01,2019-08-01 09:34:41,0.41,1.1388,1409,0.4,1.1111,20,0.41,1.1388,1,0.405,1.125,2104,0
SPY190802C300,2019-08-01,2019-08-01 09:34:42,0.41,1.1388,1610,0.4,1.1111,15,0.4,1.1111,2,0.405,1.125,2112,8
SPY190802C300,2019-08-01,2019-08-01 09:34:42,0.4,1.1111,567,0.39,1.0833,1,0.4,1.1111,1,0.395,1.0972,2129,17
SPY190802C300,2019-08-01,2019-08-01 09:34:43,0.4,1.1111,730,0.39,1.0833,45,0.4,1.1111,1,0.395,1.0972,2129,0
SPY190802C300,2019-08-01,2019-08-01 09:34:43,0.4,1.1111,740,0.39,1.0833,1,0.4,1.1111,1,0.395,1.0972,2129,0
SPY190802C300,2019-08-01,2019-08-01 09:34:44,0.4,1.1111,374,0.39,1.0833,49,0.4,1.1111,1,0.395,1.0972,2129,0
SPY190802C300,2019-08-01,2019-08-01 09:34:44,0.4,1.1111,337,0.39,1.0833,129,0.4,1.1111,1,0.395,1.0972,2129,0
SPY190802C300,2019-08-01,2019-08-01 09:34:45,0.4,1.1111,337,0.39,1.0833,129,0.4,1.1111,1,0.395,1.0972,2129,0
SPY190802C300,2019-08-01,2019-08-01 09:34:46,0.4,1.1111,94,0.39,1.0833,49,0.4,1.1111,1,0.395,1.0972,2129,0
SPY190802C300,2019-08-01,2019-08-01 09:34:46,0.4,1.1111,349,0.39,1.0833,1,0.4,1.1111,1,0.395,1.0972,2129,0
SPY190802C300,2019-08-01,2019-08-01 09:34:47,0.4,1.1111,337,0.39,1.0833,1,0.4,1.1111,1,0.395,1.0972,2129,0
SPY190802C300,2019-08-01,2019-08-01 09:34:47,0.4,1.1111,337,0.39,1.0833,6,0.4,1.1111,1,0.395,1.0972,2130,1
SPY190802C300,2019-08-01,2019-08-01 09:34:48,0.4,1.1111,5,0.39,1.0833,751,0.4,1.1111,1,0.395,1.0972,2130,0
SPY190802C300,2019-08-01,2019-08-01 09:34:48,0.4,1.1111,259,0.39,1.0833,841,0.4,1.1111,8,0.395,1.0972,2138,8
SPY190802C300,2019-08-01,2019-08-01 09:34:49,0.4,1.1111,314,0.39,1.0833,984,0.4,1.1111,8,0.395,1.0972,2138,0
SPY190802C300,2019-08-01,2019-08-01 09:34:49,0.4,1.1111,314,0.39,1.0833,161,0.4,1.1111,8,0.395,1.0972,2138,0
SPY190802C300,2019-08-01,2019-08-01 09:34:50,0.41,1.1388,5,0.4,1.1111,359,0.41,1.1388,5,0.405,1.125,2148,10
SPY190802C300,2019-08-01,2019-08-01 09:34:50,0.41,1.1388,267,0.4,1.1111,88,0.4,1.1111,1,0.405,1.125,2149,1
SPY190802C300,2019-08-01,2019-08-01 09:34:51,0.41,1.1388,234,0.4,1.1111,171,0.41,1.1388,22,0.405,1.125,2244,95
SPY190802C300,2019-08-01,2019-08-01 09:34:52,0.41,1.1388,5,0.4,1.1111,689,0.41,1.1388,22,0.405,1.125,2244,0
SPY190802C300,2019-08-01,2019-08-01 09:34:52,0.41,1.1388,39,0.4,1.1111,130,0.41,1.1388,22,0.405,1.125,2244,0
SPY190802C300,2019-08-01,2019-08-01 09:34:53,0.41,1.1388,268,0.4,1.1111,293,0.41,1.1388,22,0.405,1.125,2244,0
SPY190802C300,2019-08-01,2019-08-01 09:34:53,0.41,1.1388,268,0.4,1.1111,248,0.41,1.1388,22,0.405,1.125,2244,0
SPY190802C300,2019-08-01,2019-08-01 09:34:54,0.41,1.1388,348,0.4,1.1111,248,0.41,1.1388,5,0.405,1.125,2249,5
SPY190802C300,2019-08-01,2019-08-01 09:34:55,0.41,1.1388,348,0.4,1.1111,122,0.41,1.1388,5,0.405,1.125,2249,0
SPY190802C300,2019-08-01,2019-08-01 09:34:55,0.41,1.1388,571,0.4,1.1111,142,0.41,1.1388,5,0.405,1.125,2249,0
SPY190802C300,2019-08-01,2019-08-01 09:34:56,0.41,1.1388,5,0.4,1.1111,507,0.41,1.1388,5,0.405,1.125,2249,0
SPY190802C300,2019-08-01,2019-08-01 09:34:56,0.41,1.1388,960,0.4,1.1111,40,0.41,1.1388,5,0.405,1.125,2249,0
SPY190802C300,2019-08-01,2019-08-01 09:34:57,0.41,1.1388,5,0.4,1.1111,406,0.41,1.1388,5,0.405,1.125,2249,0
SPY190802C300,2019-08-01,2019-08-01 09:34:58,0.41,1.1388,711,0.4,1.1111,40,0.41,1.1388,5,0.405,1.125,2249,0
SPY190802C300,2019-08-01,2019-08-01 09:34:58,0.41,1.1388,5,0.4,1.1111,207,0.41,1.1388,5,0.405,1.125,2249,0
SPY190802C300,2019-08-01,2019-08-01 09:34:59,0.41,1.1388,365,0.4,1.1111,175,0.41,1.1388,5,0.405,1.125,2249,0
SPY190802C300,2019-08-01,2019-08-01 09:34:59,0.41,1.1388,365,0.4,1.1111,155,0.41,1.1388,5,0.405,1.125,2249,0
SPY190802C300,2019-08-01,2019-08-01 09:35:00,0.41,1.1388,331,0.4,1.1111,221,0.41,1.1388,5,0.405,1.125,2249,0
SPY190802C300,2019-08-01,2019-08-01 09:35:01,0.41,1.1388,6,0.4,1.1111,119,0.41,1.1388,5,0.405,1.125,2249,0
SPY190802C300,2019-08-01,2019-08-01 09:35:01,0.41,1.1388,6,0.4,1.1111,44,0.41,1.1388,5,0.405,1.125,2249,0
SPY190802C300,2019-08-01,2019-08-01 09:35:02,0.41,1.1388,6,0.4,1.1111,229,0.41,1.1388,5,0.405,1.125,2249,0
SPY190802C300,2019-08-01,2019-08-01 09:35:02,0.41,1.1388,50,0.4,1.1111,122,0.41,1.1388,2,0.405,1.125,2251,2
SPY190802C300,2019-08-01,2019-08-01 09:35:03,0.41,1.1388,70,0.4,1.1111,119,0.41,1.1388,2,0.405,1.125,2251,0
SPY190802C300,2019-08-01,2019-08-01 09:35:03,0.41,1.1388,310,0.4,1.1111,223,0.41,1.1388,2,0.405,1.125,2251,0
SPY190802C300,2019-08-01,2019-08-01 09:35:04,0.41,1.1388,100,0.4,1.1111,525,0.41,1.1388,2,0.405,1.125,2251,0
SPY190802C300,2019-08-01,2019-08-01 09:35:04,0.41,1.1388,100,0.4,1.1111,746,0.41,1.1388,2,0.405,1.125,2251,0
SPY190802C300,2019-08-01,2019-08-01 09:35:05,0.42,1.1666,268,0.4,1.1111,480,0.41,1.1388,3,0.41,1.1388,2254,3
SPY190802C300,2019-08-01,2019-08-01 09:35:06,0.42,1.1666,234,0.41,1.1388,6,0.41,1.1388,3,0.415,1.1527,2254,0
SPY190802C300,2019-08-01,2019-08-01 09:35:06,0.42,1.1666,110,0.41,1.1388,73,0.42,1.1666,10,0.415,1.1527,2264,10
SPY190802C300,2019-08-01,2019-08-01 09:35:07,0.41,1.1388,5,0.4,1.1111,878,0.42,1.1666,10,0.405,1.125,2264,0
SPY190802C300,2019-08-01,2019-08-01 09:35:07,0.42,1.1666,234,0.41,1.1388,44,0.42,1.1666,10,0.415,1.1527,2264,0
SPY190802C300,2019-08-01,2019-08-01 09:35:08,0.41,1.1388,5,0.4,1.1111,838,0.42,1.1666,10,0.405,1.125,2264,0
SPY190802C300,2019-08-01,2019-08-01 09:35:08,0.42,1.1666,1189,0.4,1.1111,422,0.42,1.1666,10,0.41,1.1388,2264,0
SPY190802C300,2019-08-01,2019-08-01 09:35:09,0.41,1.1388,43,0.4,1.1111,278,0.4,1.1111,1,0.405,1.125,2265,1
SPY190802C300,2019-08-01,2019-08-01 09:35:09,0.41,1.1388,231,0.4,1.1111,279,0.4,1.1111,1,0.405,1.125,2265,0
SPY190802C300,2019-08-01,2019-08-01 09:35:10,0.41,1.1388,131,0.4,1.1111,130,0.4,1.1111,1,0.405,1.125,2265,0
SPY190802C300,2019-08-01,2019-08-01 09:35:10,0.41,1.1388,210,0.4,1.1111,231,0.4,1.1111,1,0.405,1.125,2265,0
SPY190802C300,2019-08-01,2019-08-01 09:35:11,0.41,1.1388,282,0.4,1.1111,333,0.4,1.1111,1,0.405,1.125,2265,0
SPY190802C300,2019-08-01,2019-08-01 09:35:12,0.41,1.1388,377,0.4,1.1111,51,0.4,1.1111,10,0.405,1.125,2275,10
SPY190802C300,2019-08-01,2019-08-01 09:35:12,0.41,1.1388,416,0.4,1.1111,30,0.4,1.1111,10,0.405,1.125,2265,0
SPY190802C300,2019-08-01,2019-08-01 09:35:13,0.41,1.1388,817,0.4,1.1111,51,0.4,1.1111,10,0.405,1.125,2275,0
SPY190802C300,2019-08-01,2019-08-01 09:35:13,0.41,1.1388,1358,0.4,1.1111,50,0.4,1.1111,10,0.405,1.125,2275,0
SPY190802C300,2019-08-01,2019-08-01 09:35:14,0.41,1.1388,484,0.4,1.1111,50,0.41,1.1388,5,0.405,1.125,2282,7
SPY190802C300,2019-08-01,2019-08-01 09:35:14,0.41,1.1388,454,0.4,1.1111,50,0.41,1.1388,5,0.405,1.125,2282,0
SPY190802C300,2019-08-01,2019-08-01 09:35:15,0.41,1.1388,259,0.4,1.1111,254,0.41,1.1388,5,0.405,1.125,2282,0
SPY190802C300,2019-08-01,2019-08-01 09:35:15,0.41,1.1388,307,0.4,1.1111,50,0.41,1.1388,5,0.405,1.125,2282,0
SPY190802C300,2019-08-01,2019-08-01 09:35:16,0.41,1.1388,359,0.4,1.1111,144,0.41,1.1388,5,0.405,1.125,2282,0
SPY190802C300,2019-08-01,2019-08-01 09:35:17,0.41,1.1388,314,0.4,1.1111,144,0.41,1.1388,5,0.405,1.125,2282,0
SPY190802C300,2019-08-01,2019-08-01 09:35:17,0.41,1.1388,347,0.4,1.1111,57,0.41,1.1388,5,0.405,1.125,2282,0
SPY190802C300,2019-08-01,2019-08-01 09:35:18,0.41,1.1388,314,0.4,1.1111,146,0.41,1.1388,5,0.405,1.125,2282,0
SPY190802C300,2019-08-01,2019-08-01 09:35:18,0.41,1.1388,372,0.4,1.1111,50,0.41,1.1388,5,0.405,1.125,2282,0
SPY190802C300,2019-08-01,2019-08-01 09:35:19,0.41,1.1388,368,0.4,1.1111,144,0.41,1.1388,5,0.405,1.125,2282,0
SPY190802C300,2019-08-01,2019-08-01 09:35:19,0.41,1.1388,314,0.4,1.1111,50,0.41,1.1388,5,0.405,1.125,2282,0
SPY190802C300,2019-08-01,2019-08-01 09:35:20,0.41,1.1388,368,0.4,1.1111,144,0.4,1.1111,2,0.405,1.125,2286,4
SPY190802C300,2019-08-01,2019-08-01 09:35:20,0.41,1.1388,320,0.4,1.1111,166,0.4,1.1111,2,0.405,1.125,2286,0
SPY190802C300,2019-08-01,2019-08-01 09:35:21,0.41,1.1388,302,0.4,1.1111,101,0.4,1.1111,2,0.405,1.125,2286,0
SPY190802C300,2019-08-01,2019-08-01 09:35:22,0.41,1.1388,302,0.4,1.1111,134,0.41,1.1388,15,0.405,1.125,2301,15
SPY190802C300,2019-08-01,2019-08-01 09:35:23,0.41,1.1388,248,0.4,1.1111,134,0.41,1.1388,15,0.405,1.125,2301,0
SPY190802C300,2019-08-01,2019-08-01 09:35:23,0.41,1.1388,207,0.4,1.1111,266,0.41,1.1388,15,0.405,1.125,2301,0
SPY190802C300,2019-08-01,2019-08-01 09:35:24,0.41,1.1388,103,0.4,1.1111,926,0.41,1.1388,15,0.405,1.125,2301,0
SPY190802C300,2019-08-01,2019-08-01 09:35:25,0.41,1.1388,103,0.4,1.1111,976,0.41,1.1388,2,0.405,1.125,2305,2
SPY190802C300,2019-08-01,2019-08-01 09:35:25,0.41,1.1388,117,0.4,1.1111,926,0.41,1.1388,2,0.405,1.125,2303,2
SPY190802C300,2019-08-01,2019-08-01 09:35:26,0.41,1.1388,67,0.4,1.1111,975,0.4,1.1111,32,0.405,1.125,2362,57
SPY190802C300,2019-08-01,2019-08-01 09:35:26,0.41,1.1388,103,0.4,1.1111,894,0.41,1.1388,2,0.405,1.125,2305,0
SPY190802C300,2019-08-01,2019-08-01 09:35:27,0.41,1.1388,14,0.4,1.1111,864,0.4,1.1111,55,0.405,1.125,2417,55
SPY190802C300,2019-08-01,2019-08-01 09:35:28,0.41,1.1388,43,0.4,1.1111,816,0.4,1.1111,64,0.405,1.125,2569,94
SPY190802C300,2019-08-01,2019-08-01 09:35:28,0.41,1.1388,14,0.4,1.1111,1023,0.4,1.1111,58,0.405,1.125,2475,58
SPY190802C300,2019-08-01,2019-08-01 09:35:29,0.41,1.1388,50,0.4,1.1111,442,0.4,1.1111,74,0.405,1.125,2645,76
SPY190802C300,2019-08-01,2019-08-01 09:35:29,0.41,1.1388,50,0.4,1.1111,442,0.4,1.1111,69,0.405,1.125,2714,69
SPY190802C300,2019-08-01,2019-08-01 09:35:30,0.41,1.1388,14,0.4,1.1111,1279,0.4,1.1111,31,0.405,1.125,2819,105
SPY190802C300,2019-08-01,2019-08-01 09:35:30,0.41,1.1388,71,0.4,1.1111,1190,0.4,1.1111,62,0.405,1.125,2881,62
SPY190802C300,2019-08-01,2019-08-01 09:35:31,0.41,1.1388,59,0.4,1.1111,1254,0.41,1.1388,12,0.405,1.125,2945,62
SPY190802C300,2019-08-01,2019-08-01 09:35:31,0.41,1.1388,71,0.4,1.1111,1190,0.41,1.1388,2,0.405,1.125,2883,2
SPY190802C300,2019-08-01,2019-08-01 09:35:32,0.42,1.1666,257,0.4,1.1111,816,0.41,1.1388,1,0.41,1.1388,3036,91
SPY190802C300,2019-08-01,2019-08-01 09:35:33,0.42,1.1666,241,0.41,1.1388,250,0.41,1.1388,45,0.415,1.1527,3098,62
SPY190802C300,2019-08-01,2019-08-01 09:35:33,0.42,1.1666,241,0.41,1.1388,390,0.41,1.1388,62,0.415,1.1527,3160,62
SPY190802C300,2019-08-01,2019-08-01 09:35:34,0.42,1.1666,6,0.41,1.1388,302,0.41,1.1388,24,0.415,1.1527,3281,0
SPY190802C300,2019-08-01,2019-08-01 09:35:34,0.42,1.1666,6,0.41,1.1388,206,0.41,1.1388,24,0.415,1.1527,3281,121
SPY190802C300,2019-08-01,2019-08-01 09:35:35,0.42,1.1666,5,0.41,1.1388,1114,0.41,1.1388,44,0.415,1.1527,3401,120
SPY190802C300,2019-08-01,2019-08-01 09:35:35,0.42,1.1666,5,0.41,1.1388,1120,0.42,1.1666,5,0.415,1.1527,3406,5
SPY190802C300,2019-08-01,2019-08-01 09:35:36,0.42,1.1666,5,0.41,1.1388,1120,0.42,1.1666,5,0.415,1.1527,3406,0
SPY190802C300,2019-08-01,2019-08-01 09:35:37,0.42,1.1666,5,0.41,1.1388,1120,0.42,1.1666,5,0.415,1.1527,3406,0
SPY190802C300,2019-08-01,2019-08-01 09:35:37,0.43,1.1944,5,0.42,1.1666,320,0.44,1.2222,1,0.425,1.1805,3407,1
SPY190802C300,2019-08-01,2019-08-01 09:35:38,0.43,1.1944,224,0.42,1.1666,586,0.44,1.2222,1,0.425,1.1805,3407,0
SPY190802C300,2019-08-01,2019-08-01 09:35:39,0.43,1.1944,322,0.42,1.1666,160,0.44,1.2222,1,0.425,1.1805,3407,0
SPY190802C300,2019-08-01,2019-08-01 09:35:39,0.43,1.1944,224,0.42,1.1666,476,0.44,1.2222,1,0.425,1.1805,3407,0
SPY190802C300,2019-08-01,2019-08-01 09:35:40,0.43,1.1944,413,0.42,1.1666,2,0.44,1.2222,1,0.425,1.1805,3407,0
SPY190802C300,2019-08-01,2019-08-01 09:35:41,0.41,1.1388,252,0.4,1.1111,62,0.42,1.1666,2,0.405,1.125,3409,0
SPY190802C300,2019-08-01,2019-08-01 09:35:41,0.42,1.1666,214,0.41,1.1388,122,0.42,1.1666,2,0.415,1.1527,3409,2
SPY190802C300,2019-08-01,2019-08-01 09:35:42,0.41,1.1388,6,0.4,1.1111,501,0.42,1.1666,2,0.405,1.125,3409,0
SPY190802C300,2019-08-01,2019-08-01 09:35:42,0.42,1.1666,12,0.4,1.1111,491,0.42,1.1666,2,0.41,1.1388,3409,0
SPY190802C300,2019-08-01,2019-08-01 09:35:43,0.42,1.1666,5,0.41,1.1388,971,0.42,1.1666,2,0.415,1.1527,3409,0
SPY190802C300,2019-08-01,2019-08-01 09:35:43,0.42,1.1666,252,0.41,1.1388,164,0.42,1.1666,2,0.415,1.1527,3409,0
SPY190802C300,2019-08-01,2019-08-01 09:35:44,0.42,1.1666,5,0.41,1.1388,1077,0.42,1.1666,3,0.415,1.1527,3412,3
SPY190802C300,2019-08-01,2019-08-01 09:35:45,0.42,1.1666,5,0.41,1.1388,847,0.42,1.1666,3,0.415,1.1527,3412,0
SPY190802C300,2019-08-01,2019-08-01 09:35:45,0.42,1.1666,6,0.41,1.1388,610,0.41,1.1388,4,0.415,1.1527,3416,4
SPY190802C300,2019-08-01,2019-08-01 09:35:46,0.42,1.1666,249,0.41,1.1388,265,0.41,1.1388,4,0.415,1.1527,3416,0
SPY190802C300,2019-08-01,2019-08-01 09:35:46,0.42,1.1666,2,0.41,1.1388,965,0.41,1.1388,4,0.415,1.1527,3416,0
SPY190802C300,2019-08-01,2019-08-01 09:35:47,0.43,1.1944,332,0.42,1.1666,6,0.41,1.1388,4,0.425,1.1805,3416,0
SPY190802C300,2019-08-01,2019-08-01 09:35:47,0.43,1.1944,332,0.41,1.1388,932,0.41,1.1388,4,0.42,1.1666,3416,0
SPY190802C300,2019-08-01,2019-08-01 09:35:48,0.42,1.1666,31,0.41,1.1388,509,0.41,1.1388,4,0.415,1.1527,3416,0
SPY190802C300,2019-08-01,2019-08-01 09:35:48,0.42,1.1666,5,0.41,1.1388,930,0.41,1.1388,1,0.415,1.1527,3417,1
SPY190802C300,2019-08-01,2019-08-01 09:35:49,0.42,1.1666,5,0.41,1.1388,930,0.41,1.1388,1,0.415,1.1527,3417,0
SPY190802C300,2019-08-01,2019-08-01 09:35:50,0.42,1.1666,5,0.41,1.1388,307,0.41,1.1388,1,0.415,1.1527,3417,0
SPY190802C300,2019-08-01,2019-08-01 09:35:50,0.42,1.1666,5,0.41,1.1388,1004,0.41,1.1388,1,0.415,1.1527,3417,0
SPY190802C300,2019-08-01,2019-08-01 09:35:51,0.43,1.1944,92,0.42,1.1666,121,0.41,1.1388,1,0.425,1.1805,3417,0
SPY190802C300,2019-08-01,2019-08-01 09:35:51,0.43,1.1944,223,0.42,1.1666,205,0.41,1.1388,1,0.425,1.1805,3417,0
SPY190802C300,2019-08-01,2019-08-01 09:35:52,0.43,1.1944,100,0.42,1.1666,718,0.41,1.1388,1,0.425,1.1805,3417,0
SPY190802C300,2019-08-01,2019-08-01 09:35:52,0.43,1.1944,225,0.42,1.1666,701,0.41,1.1388,1,0.425,1.1805,3417,0
SPY190802C300,2019-08-01,2019-08-01 09:35:53,0.43,1.1944,5,0.42,1.1666,838,0.42,1.1666,5,0.425,1.1805,3422,5
SPY190802C300,2019-08-01,2019-08-01 09:35:53,0.43,1.1944,12,0.42,1.1666,838,0.42,1.1666,5,0.425,1.1805,3422,0
SPY190802C300,2019-08-01,2019-08-01 09:35:54,0.43,1.1944,7,0.42,1.1666,412,0.42,1.1666,5,0.425,1.1805,3422,0
SPY190802C300,2019-08-01,2019-08-01 09:35:55,0.43,1.1944,252,0.42,1.1666,110,0.43,1.1944,5,0.425,1.1805,3427,5
SPY190802C300,2019-08-01,2019-08-01 09:35:55,0.43,1.1944,5,0.42,1.1666,282,0.42,1.1666,5,0.425,1.1805,3422,0
SPY190802C300,2019-08-01,2019-08-01 09:35:56,0.43,1.1944,223,0.42,1.1666,225,0.43,1.1944,1,0.425,1.1805,3428,1
SPY190802C300,2019-08-01,2019-08-01 09:35:56,0.43,1.1944,223,0.42,1.1666,200,0.43,1.1944,5,0.425,1.1805,3427,0
SPY190802C300,2019-08-01,2019-08-01 09:35:57,0.43,1.1944,222,0.42,1.1666,177,0.43,1.1944,50,0.425,1.1805,3478,50
SPY190802C300,2019-08-01,2019-08-01 09:35:57,0.43,1.1944,222,0.42,1.1666,177,0.43,1.1944,1,0.425,1.1805,3428,0
SPY190802C300,2019-08-01,2019-08-01 09:35:58,0.43,1.1944,237,0.42,1.1666,35,0.43,1.1944,50,0.425,1.1805,3478,0
SPY190802C300,2019-08-01,2019-08-01 09:35:59,0.43,1.1944,335,0.42,1.1666,1,0.43,1.1944,20,0.425,1.1805,3598,20
SPY190802C300,2019-08-01,2019-08-01 09:35:59,0.43,1.1944,281,0.42,1.1666,1,0.43,1.1944,100,0.425,1.1805,3578,100
SPY190802C300,2019-08-01,2019-08-01 09:36:00,0.41,1.1388,7,0.4,1.1111,144,0.42,1.1666,1,0.405,1.125,3599,1
SPY190802C300,2019-08-01,2019-08-01 09:36:01,0.41,1.1388,5,0.4,1.1111,1140,0.42,1.1666,1,0.405,1.125,3599,0
SPY190802C300,2019-08-01,2019-08-01 09:36:01,0.41,1.1388,5,0.4,1.1111,515,0.42,1.1666,1,0.405,1.125,3599,0
SPY190802C300,2019-08-01,2019-08-01 09:36:02,0.42,1.1666,129,0.41,1.1388,226,0.42,1.1666,1,0.415,1.1527,3599,0
SPY190802C300,2019-08-01,2019-08-01 09:36:02,0.42,1.1666,25,0.41,1.1388,226,0.42,1.1666,1,0.415,1.1527,3599,0
SPY190802C300,2019-08-01,2019-08-01 09:36:03,0.42,1.1666,6,0.41,1.1388,990,0.42,1.1666,1,0.415,1.1527,3599,0
SPY190802C300,2019-08-01,2019-08-01 09:36:03,0.42,1.1666,129,0.41,1.1388,372,0.42,1.1666,1,0.415,1.1527,3599,0
SPY190802C300,2019-08-01,2019-08-01 09:36:04,0.42,1.1666,12,0.41,1.1388,990,0.42,1.1666,1,0.415,1.1527,3599,0
SPY190802C300,2019-08-01,2019-08-01 09:36:05,0.42,1.1666,6,0.41,1.1388,990,0.42,1.1666,1,0.415,1.1527,3599,0
SPY190802C300,2019-08-01,2019-08-01 09:36:06,0.42,1.1666,5,0.42,1.1666,6,0.41,1.1388,1,0.42,1.1666,3602,3
SPY190802C300,2019-08-01,2019-08-01 09:36:06,0.43,1.1944,322,0.42,1.1666,12,0.42,1.1666,15,0.425,1.1805,3621,19
SPY190802C300,2019-08-01,2019-08-01 09:36:07,0.44,1.2222,38,0.42,1.1666,26,0.42,1.1666,15,0.43,1.1944,3621,0
SPY190802C300,2019-08-01,2019-08-01 09:36:07,0.43,1.1944,7,0.42,1.1666,48,0.42,1.1666,15,0.425,1.1805,3621,0
SPY190802C300,2019-08-01,2019-08-01 09:36:08,0.43,1.1944,245,0.42,1.1666,273,0.42,1.1666,15,0.425,1.1805,3621,0
SPY190802C300,2019-08-01,2019-08-01 09:36:09,0.43,1.1944,245,0.42,1.1666,273,0.42,1.1666,15,0.425,1.1805,3621,0
SPY190802C300,2019-08-01,2019-08-01 09:36:10,0.43,1.1944,223,0.42,1.1666,132,0.42,1.1666,15,0.425,1.1805,3621,0
SPY190802C300,2019-08-01,2019-08-01 09:36:10,0.43,1.1944,245,0.42,1.1666,273,0.42,1.1666,15,0.425,1.1805,3621,0
SPY190802C300,2019-08-01,2019-08-01 09:36:11,0.43,1.1944,303,0.42,1.1666,132,0.42,1.1666,15,0.425,1.1805,3621,0
SPY190802C300,2019-08-01,2019-08-01 09:36:12,0.43,1.1944,303,0.42,1.1666,132,0.42,1.1666,15,0.425,1.1805,3621,0
SPY190802C300,2019-08-01,2019-08-01 09:36:12,0.43,1.1944,240,0.42,1.1666,62,0.42,1.1666,15,0.425,1.1805,3621,0
SPY190802C300,2019-08-01,2019-08-01 09:36:13,0.43,1.1944,223,0.42,1.1666,5,0.42,1.1666,15,0.425,1.1805,3621,0
SPY190802C300,2019-08-01,2019-08-01 09:36:14,0.43,1.1944,5,0.42,1.1666,945,0.42,1.1666,15,0.425,1.1805,3621,0
SPY190802C300,2019-08-01,2019-08-01 09:36:15,0.43,1.1944,30,0.42,1.1666,787,0.42,1.1666,15,0.425,1.1805,3621,0
SPY190802C300,2019-08-01,2019-08-01 09:36:15,0.43,1.1944,314,0.42,1.1666,264,0.42,1.1666,15,0.425,1.1805,3621,0
SPY190802C300,2019-08-01,2019-08-01 09:36:16,0.43,1.1944,6,0.42,1.1666,75,0.42,1.1666,15,0.425,1.1805,3621,0
SPY190802C300,2019-08-01,2019-08-01 09:36:16,0.43,1.1944,303,0.42,1.1666,137,0.42,1.1666,15,0.425,1.1805,3621,0
SPY190802C300,2019-08-01,2019-08-01 09:36:17,0.43,1.1944,314,0.42,1.1666,141,0.43,1.1944,5,0.425,1.1805,3626,5
SPY190802C300,2019-08-01,2019-08-01 09:36:17,0.43,1.1944,303,0.42,1.1666,137,0.42,1.1666,15,0.425,1.1805,3621,0
SPY190802C300,2019-08-01,2019-08-01 09:36:18,0.43,1.1944,303,0.42,1.1666,141,0.43,1.1944,5,0.425,1.1805,3626,0
SPY190802C300,2019-08-01,2019-08-01 09:36:18,0.43,1.1944,314,0.42,1.1666,141,0.43,1.1944,5,0.425,1.1805,3626,0
SPY190802C300,2019-08-01,2019-08-01 09:36:19,0.43,1.1944,303,0.42,1.1666,141,0.43,1.1944,5,0.425,1.1805,3626,0
SPY190802C300,2019-08-01,2019-08-01 09:36:20,0.43,1.1944,223,0.42,1.1666,214,0.43,1.1944,5,0.425,1.1805,3626,0
SPY190802C300,2019-08-01,2019-08-01 09:36:20,0.43,1.1944,223,0.42,1.1666,132,0.43,1.1944,5,0.425,1.1805,3626,0
SPY190802C300,2019-08-01,2019-08-01 09:36:21,0.43,1.1944,1,0.41,1.1388,963,0.43,1.1944,10,0.42,1.1666,3636,0
SPY190802C300,2019-08-01,2019-08-01 09:36:21,0.43,1.1944,223,0.42,1.1666,214,0.43,1.1944,10,0.425,1.1805,3636,10
SPY190802C300,2019-08-01,2019-08-01 09:36:22,0.42,1.1666,6,0.41,1.1388,912,0.43,1.1944,10,0.415,1.1527,3636,0
SPY190802C300,2019-08-01,2019-08-01 09:36:22,0.43,1.1944,1,0.41,1.1388,912,0.43,1.1944,10,0.42,1.1666,3636,0
SPY190802C300,2019-08-01,2019-08-01 09:36:23,0.42,1.1666,6,0.41,1.1388,270,0.41,1.1388,2,0.415,1.1527,3638,2
SPY190802C300,2019-08-01,2019-08-01 09:36:24,0.42,1.1666,12,0.41,1.1388,44,0.41,1.1388,2,0.415,1.1527,3638,0
SPY190802C300,2019-08-01,2019-08-01 09:36:24,0.42,1.1666,12,0.41,1.1388,80,0.42,1.1666,2,0.415,1.1527,3640,2
SPY190802C300,2019-08-01,2019-08-01 09:36:25,0.42,1.1666,223,0.41,1.1388,20,0.41,1.1388,1,0.415,1.1527,3641,1
SPY190802C300,2019-08-01,2019-08-01 09:36:25,0.41,1.1388,6,0.4,1.1111,120,0.41,1.1388,1,0.405,1.125,3661,20
SPY190802C300,2019-08-01,2019-08-01 09:36:26,0.41,1.1388,226,0.4,1.1111,120,0.41,1.1388,1,0.405,1.125,3661,0
SPY190802C300,2019-08-01,2019-08-01 09:36:26,0.41,1.1388,216,0.4,1.1111,94,0.41,1.1388,1,0.405,1.125,3661,0
SPY190802C300,2019-08-01,2019-08-01 09:36:27,0.41,1.1388,216,0.4,1.1111,125,0.41,1.1388,1,0.405,1.125,3661,0
SPY190802C300,2019-08-01,2019-08-01 09:36:27,0.41,1.1388,308,0.4,1.1111,69,0.41,1.1388,1,0.405,1.125,3661,0
SPY190802C300,2019-08-01,2019-08-01 09:36:28,0.4,1.1111,1,0.39,1.0833,426,0.4,1.1111,3,0.395,1.0972,3681,20
SPY190802C300,2019-08-01,2019-08-01 09:36:28,0.41,1.1388,987,0.4,1.1111,20,0.41,1.1388,1,0.405,1.125,3661,0
SPY190802C300,2019-08-01,2019-08-01 09:36:29,0.4,1.1111,206,0.39,1.0833,59,0.4,1.1111,3,0.395,1.0972,3681,0
SPY190802C300,2019-08-01,2019-08-01 09:36:30,0.4,1.1111,81,0.39,1.0833,45,0.4,1.1111,3,0.395,1.0972,3681,0
SPY190802C300,2019-08-01,2019-08-01 09:36:30,0.4,1.1111,323,0.39,1.0833,1,0.4,1.1111,3,0.395,1.0972,3681,0
SPY190802C300,2019-08-01,2019-08-01 09:36:31,0.4,1.1111,123,0.39,1.0833,44,0.4,1.1111,3,0.395,1.0972,3681,0
SPY190802C300,2019-08-01,2019-08-01 09:36:31,0.4,1.1111,787,0.39,1.0833,1,0.4,1.1111,3,0.395,1.0972,3681,0
SPY190802C300,2019-08-01,2019-08-01 09:36:32,0.4,1.1111,7,0.39,1.0833,111,0.4,1.1111,4,0.395,1.0972,3685,4
SPY190802C300,2019-08-01,2019-08-01 09:36:33,0.4,1.1111,7,0.39,1.0833,989,0.41,1.1388,4,0.395,1.0972,3689,4
SPY190802C300,2019-08-01,2019-08-01 09:36:33,0.4,1.1111,7,0.39,1.0833,262,0.4,1.1111,4,0.395,1.0972,3685,0
SPY190802C300,2019-08-01,2019-08-01 09:36:34,0.4,1.1111,5,0.39,1.0833,1913,0.41,1.1388,4,0.395,1.0972,3689,0
SPY190802C300,2019-08-01,2019-08-01 09:36:35,0.4,1.1111,5,0.39,1.0833,1943,0.41,1.1388,4,0.395,1.0972,3689,0
SPY190802C300,2019-08-01,2019-08-01 09:36:35,0.4,1.1111,5,0.39,1.0833,1169,0.41,1.1388,4,0.395,1.0972,3689,0
SPY190802C300,2019-08-01,2019-08-01 09:36:36,0.4,1.1111,338,0.39,1.0833,347,0.4,1.1111,100,0.395,1.0972,3789,100
SPY190802C300,2019-08-01,2019-08-01 09:36:36,0.4,1.1111,338,0.39,1.0833,427,0.4,1.1111,100,0.395,1.0972,3789,0
SPY190802C300,2019-08-01,2019-08-01 09:36:37,0.4,1.1111,338,0.39,1.0833,406,0.4,1.1111,100,0.395,1.0972,3789,0
SPY190802C300,2019-08-01,2019-08-01 09:36:38,0.4,1.1111,5,0.39,1.0833,494,0.39,1.0833,4,0.395,1.0972,3809,20
SPY190802C300,2019-08-01,2019-08-01 09:36:38,0.4,1.1111,5,0.39,1.0833,494,0.39,1.0833,4,0.395,1.0972,3809,0
SPY190802C300,2019-08-01,2019-08-01 09:36:39,0.4,1.1111,5,0.39,1.0833,1011,0.39,1.0833,4,0.395,1.0972,3809,0
SPY190802C300,2019-08-01,2019-08-01 09:36:39,0.4,1.1111,5,0.39,1.0833,1237,0.39,1.0833,4,0.395,1.0972,3809,0
SPY190802C300,2019-08-01,2019-08-01 09:36:40,0.41,1.1388,258,0.4,1.1111,168,0.39,1.0833,4,0.405,1.125,3809,0
SPY190802C300,2019-08-01,2019-08-01 09:36:40,0.41,1.1388,258,0.4,1.1111,86,0.39,1.0833,4,0.405,1.125,3809,0
SPY190802C300,2019-08-01,2019-08-01 09:36:41,0.41,1.1388,1070,0.4,1.1111,152,0.4,1.1111,100,0.405,1.125,3909,100
SPY190802C300,2019-08-01,2019-08-01 09:36:42,0.41,1.1388,1070,0.4,1.1111,146,0.4,1.1111,100,0.405,1.125,3909,0
SPY190802C300,2019-08-01,2019-08-01 09:36:43,0.4,1.1111,5,0.39,1.0833,1808,0.4,1.1111,100,0.395,1.0972,3909,0
SPY190802C300,2019-08-01,2019-08-01 09:36:43,0.4,1.1111,5,0.39,1.0833,2068,0.4,1.1111,100,0.395,1.0972,3909,0
SPY190802C300,2019-08-01,2019-08-01 09:36:44,0.4,1.1111,100,0.39,1.0833,1709,0.4,1.1111,100,0.395,1.0972,3909,0
SPY190802C300,2019-08-01,2019-08-01 09:36:44,0.4,1.1111,5,0.39,1.0833,1574,0.4,1.1111,2,0.395,1.0972,3911,2
SPY190802C300,2019-08-01,2019-08-01 09:36:45,0.4,1.1111,3,0.39,1.0833,835,0.4,1.1111,27,0.395,1.0972,3938,27
SPY190802C300,2019-08-01,2019-08-01 09:36:46,0.4,1.1111,270,0.39,1.0833,367,0.39,1.0833,1,0.395,1.0972,3939,1
SPY190802C300,2019-08-01,2019-08-01 09:36:46,0.4,1.1111,357,0.39,1.0833,240,0.39,1.0833,1,0.395,1.0972,3939,0
SPY190802C300,2019-08-01,2019-08-01 09:36:47,0.4,1.1111,357,0.39,1.0833,240,0.39,1.0833,1,0.395,1.0972,3939,0
SPY190802C300,2019-08-01,2019-08-01 09:36:48,0.4,1.1111,357,0.39,1.0833,690,0.39,1.0833,1,0.395,1.0972,3939,0
SPY190802C300,2019-08-01,2019-08-01 09:36:48,0.4,1.1111,374,0.39,1.0833,211,0.39,1.0833,1,0.395,1.0972,3939,0
SPY190802C300,2019-08-01,2019-08-01 09:36:49,0.4,1.1111,5,0.39,1.0833,784,0.39,1.0833,1,0.395,1.0972,3939,0
SPY190802C300,2019-08-01,2019-08-01 09:36:50,0.4,1.1111,5,0.39,1.0833,741,0.39,1.0833,1,0.395,1.0972,3939,0
SPY190802C300,2019-08-01,2019-08-01 09:36:50,0.4,1.1111,266,0.39,1.0833,687,0.4,1.1111,1,0.395,1.0972,3940,1
SPY190802C300,2019-08-01,2019-08-01 09:36:51,0.4,1.1111,310,0.39,1.0833,687,0.39,1.0833,1,0.395,1.0972,3941,1
SPY190802C300,2019-08-01,2019-08-01 09:36:51,0.4,1.1111,455,0.39,1.0833,678,0.39,1.0833,1,0.395,1.0972,3941,0
SPY190802C300,2019-08-01,2019-08-01 09:36:52,0.4,1.1111,455,0.39,1.0833,678,0.39,1.0833,1,0.395,1.0972,3941,0
SPY190802C300,2019-08-01,2019-08-01 09:36:52,0.4,1.1111,1053,0.39,1.0833,678,0.39,1.0833,6,0.395,1.0972,3947,6
SPY190802C300,2019-08-01,2019-08-01 09:36:53,0.4,1.1111,80,0.39,1.0833,678,0.39,1.0833,6,0.395,1.0972,3947,0
SPY190802C300,2019-08-01,2019-08-01 09:36:54,0.4,1.1111,354,0.39,1.0833,947,0.39,1.0833,6,0.395,1.0972,3947,0
SPY190802C300,2019-08-01,2019-08-01 09:36:54,0.4,1.1111,354,0.39,1.0833,416,0.39,1.0833,6,0.395,1.0972,3947,0
SPY190802C300,2019-08-01,2019-08-01 09:36:55,0.4,1.1111,628,0.39,1.0833,840,0.39,1.0833,6,0.395,1.0972,3947,0
SPY190802C300,2019-08-01,2019-08-01 09:36:55,0.4,1.1111,628,0.39,1.0833,965,0.39,1.0833,6,0.395,1.0972,3947,0
SPY190802C300,2019-08-01,2019-08-01 09:36:56,0.4,1.1111,234,0.39,1.0833,872,0.39,1.0833,6,0.395,1.0972,3947,0
SPY190802C300,2019-08-01,2019-08-01 09:36:56,0.4,1.1111,50,0.39,1.0833,872,0.4,1.1111,1,0.395,1.0972,3948,1
SPY190802C300,2019-08-01,2019-08-01 09:36:57,0.41,1.1388,89,0.4,1.1111,180,0.4,1.1111,1,0.405,1.125,3948,0
SPY190802C300,2019-08-01,2019-08-01 09:36:57,0.42,1.1666,456,0.4,1.1111,642,0.4,1.1111,1,0.41,1.1388,3948,0
SPY190802C300,2019-08-01,2019-08-01 09:36:58,0.41,1.1388,1335,0.4,1.1111,144,0.4,1.1111,1,0.405,1.125,3948,0
SPY190802C300,2019-08-01,2019-08-01 09:36:58,0.41,1.1388,351,0.4,1.1111,144,0.4,1.1111,1,0.405,1.125,3948,0
SPY190802C300,2019-08-01,2019-08-01 09:36:59,0.41,1.1388,1274,0.4,1.1111,110,0.4,1.1111,1,0.405,1.125,3948,0
SPY190802C300,2019-08-01,2019-08-01 09:37:00,0.41,1.1388,1274,0.4,1.1111,128,0.4,1.1111,1,0.405,1.125,3948,0
SPY190802C300,2019-08-01,2019-08-01 09:37:00,0.41,1.1388,1070,0.4,1.1111,416,0.4,1.1111,1,0.405,1.125,3948,0
SPY190802C300,2019-08-01,2019-08-01 09:37:01,0.41,1.1388,1070,0.4,1.1111,56,0.4,1.1111,1,0.405,1.125,3948,0
SPY190802C300,2019-08-01,2019-08-01 09:37:01,0.41,1.1388,1790,0.4,1.1111,6,0.41,1.1388,1,0.405,1.125,3949,1
SPY190802C300,2019-08-01,2019-08-01 09:37:02,0.41,1.1388,1790,0.4,1.1111,9,0.41,1.1388,1,0.405,1.125,3949,0
SPY190802C300,2019-08-01,2019-08-01 09:37:02,0.41,1.1388,466,0.4,1.1111,677,0.41,1.1388,1,0.405,1.125,3949,0
SPY190802C300,2019-08-01,2019-08-01 09:37:03,0.41,1.1388,466,0.4,1.1111,677,0.41,1.1388,1,0.405,1.125,3949,0
SPY190802C300,2019-08-01,2019-08-01 09:37:03,0.41,1.1388,260,0.4,1.1111,554,0.41,1.1388,1,0.405,1.125,3949,0
SPY190802C300,2019-08-01,2019-08-01 09:37:04,0.41,1.1388,260,0.4,1.1111,96,0.41,1.1388,1,0.405,1.125,3949,0
SPY190802C300,2019-08-01,2019-08-01 09:37:05,0.41,1.1388,459,0.4,1.1111,78,0.41,1.1388,1,0.405,1.125,3949,0
SPY190802C300,2019-08-01,2019-08-01 09:37:05,0.41,1.1388,700,0.4,1.1111,78,0.41,1.1388,1,0.405,1.125,3949,0
SPY190802C300,2019-08-01,2019-08-01 09:37:06,0.4,1.1111,12,0.39,1.0833,491,0.4,1.1111,2,0.395,1.0972,3951,2
SPY190802C300,2019-08-01,2019-08-01 09:37:06,0.4,1.1111,142,0.39,1.0833,928,0.4,1.1111,2,0.395,1.0972,3951,0
SPY190802C300,2019-08-01,2019-08-01 09:37:07,0.4,1.1111,142,0.39,1.0833,928,0.4,1.1111,2,0.395,1.0972,3951,0
SPY190802C300,2019-08-01,2019-08-01 09:37:07,0.41,1.1388,479,0.4,1.1111,24,0.4,1.1111,2,0.405,1.125,3951,0
SPY190802C300,2019-08-01,2019-08-01 09:37:08,0.41,1.1388,868,0.4,1.1111,87,0.4,1.1111,2,0.405,1.125,3951,0
SPY190802C300,2019-08-01,2019-08-01 09:37:09,0.4,1.1111,100,0.39,1.0833,728,0.4,1.1111,2,0.395,1.0972,3951,0
SPY190802C300,2019-08-01,2019-08-01 09:37:09,0.4,1.1111,194,0.39,1.0833,399,0.4,1.1111,2,0.395,1.0972,3951,0
SPY190802C300,2019-08-01,2019-08-01 09:37:10,0.4,1.1111,6,0.39,1.0833,694,0.4,1.1111,20,0.395,1.0972,3971,20
SPY190802C300,2019-08-01,2019-08-01 09:37:10,0.4,1.1111,6,0.39,1.0833,399,0.4,1.1111,2,0.395,1.0972,3951,0
SPY190802C300,2019-08-01,2019-08-01 09:37:11,0.4,1.1111,617,0.39,1.0833,476,0.4,1.1111,20,0.395,1.0972,3971,0
SPY190802C300,2019-08-01,2019-08-01 09:37:11,0.4,1.1111,822,0.39,1.0833,155,0.4,1.1111,20,0.395,1.0972,3971,0
SPY190802C300,2019-08-01,2019-08-01 09:37:12,0.4,1.1111,554,0.39,1.0833,239,0.4,1.1111,1,0.395,1.0972,3972,0
SPY190802C300,2019-08-01,2019-08-01 09:37:12,0.4,1.1111,414,0.39,1.0833,842,0.4,1.1111,1,0.395,1.0972,3972,1
SPY190802C300,2019-08-01,2019-08-01 09:37:13,0.4,1.1111,554,0.39,1.0833,416,0.4,1.1111,1,0.395,1.0972,3972,0
SPY190802C300,2019-08-01,2019-08-01 09:37:13,0.4,1.1111,1347,0.39,1.0833,416,0.4,1.1111,1,0.395,1.0972,3972,0
SPY190802C300,2019-08-01,2019-08-01 09:37:14,0.4,1.1111,1337,0.39,1.0833,416,0.4,1.1111,1,0.395,1.0972,3972,0
SPY190802C300,2019-08-01,2019-08-01 09:37:15,0.4,1.1111,1508,0.39,1.0833,416,0.4,1.1111,1,0.395,1.0972,3972,0
SPY190802C300,2019-08-01,2019-08-01 09:37:16,0.4,1.1111,383,0.39,1.0833,239,0.4,1.1111,23,0.395,1.0972,4047,75
SPY190802C300,2019-08-01,2019-08-01 09:37:16,0.4,1.1111,383,0.39,1.0833,239,0.4,1.1111,23,0.395,1.0972,4047,0
SPY190802C300,2019-08-01,2019-08-01 09:37:17,0.4,1.1111,692,0.39,1.0833,197,0.4,1.1111,23,0.395,1.0972,4047,0
SPY190802C300,2019-08-01,2019-08-01 09:37:17,0.4,1.1111,1463,0.39,1.0833,14,0.4,1.1111,23,0.395,1.0972,4047,0
SPY190802C300,2019-08-01,2019-08-01 09:37:18,0.4,1.1111,1476,0.39,1.0833,6,0.4,1.1111,23,0.395,1.0972,4047,0
SPY190802C300,2019-08-01,2019-08-01 09:37:19,0.4,1.1111,1729,0.39,1.0833,6,0.4,1.1111,23,0.395,1.0972,4047,0
SPY190802C300,2019-08-01,2019-08-01 09:37:20,0.4,1.1111,1476,0.39,1.0833,1,0.4,1.1111,23,0.395,1.0972,4047,0
SPY190802C300,2019-08-01,2019-08-01 09:37:21,0.4,1.1111,1476,0.39,1.0833,1,0.4,1.1111,23,0.395,1.0972,4047,0
SPY190802C300,2019-08-01,2019-08-01 09:37:21,0.39,1.0833,256,0.38,1.0555,187,0.39,1.0833,1,0.385,1.0694,4049,2
SPY190802C300,2019-08-01,2019-08-01 09:37:22,0.39,1.0833,433,0.38,1.0555,145,0.39,1.0833,1,0.385,1.0694,4049,0
SPY190802C300,2019-08-01,2019-08-01 09:37:23,0.39,1.0833,433,0.38,1.0555,137,0.39,1.0833,1,0.385,1.0694,4049,0
SPY190802C300,2019-08-01,2019-08-01 09:37:23,0.39,1.0833,248,0.38,1.0555,137,0.39,1.0833,1,0.385,1.0694,4049,0
SPY190802C300,2019-08-01,2019-08-01 09:37:24,0.38,1.0555,6,0.37,1.0277,527,0.39,1.0833,1,0.375,1.0416,4049,0
SPY190802C300,2019-08-01,2019-08-01 09:37:24,0.39,1.0833,505,0.38,1.0555,137,0.39,1.0833,1,0.385,1.0694,4049,0
SPY190802C300,2019-08-01,2019-08-01 09:37:25,0.39,1.0833,441,0.38,1.0555,169,0.39,1.0833,1,0.385,1.0694,4049,0
SPY190802C300,2019-08-01,2019-08-01 09:37:25,0.39,1.0833,184,0.38,1.0555,167,0.39,1.0833,1,0.385,1.0694,4049,0
SPY190802C300,2019-08-01,2019-08-01 09:37:26,0.39,1.0833,229,0.38,1.0555,289,0.39,1.0833,1,0.385,1.0694,4049,0
SPY190802C300,2019-08-01,2019-08-01 09:37:27,0.39,1.0833,337,0.38,1.0555,511,0.39,1.0833,1,0.385,1.0694,4049,0
SPY190802C300,2019-08-01,2019-08-01 09:37:27,0.39,1.0833,337,0.38,1.0555,729,0.39,1.0833,1,0.385,1.0694,4049,0
SPY190802C300,2019-08-01,2019-08-01 09:37:28,0.39,1.0833,256,0.38,1.0555,552,0.39,1.0833,1,0.385,1.0694,4049,0
SPY190802C300,2019-08-01,2019-08-01 09:37:28,0.39,1.0833,507,0.38,1.0555,210,0.39,1.0833,1,0.385,1.0694,4049,0
SPY190802C300,2019-08-01,2019-08-01 09:37:29,0.39,1.0833,911,0.38,1.0555,392,0.39,1.0833,1,0.385,1.0694,4049,0
SPY190802C300,2019-08-01,2019-08-01 09:37:29,0.39,1.0833,911,0.38,1.0555,210,0.39,1.0833,1,0.385,1.0694,4049,0
SPY190802C300,2019-08-01,2019-08-01 09:37:30,0.39,1.0833,276,0.38,1.0555,298,0.39,1.0833,1,0.385,1.0694,4049,0
SPY190802C300,2019-08-01,2019-08-01 09:37:30,0.39,1.0833,276,0.38,1.0555,388,0.39,1.0833,1,0.385,1.0694,4049,0
SPY190802C300,2019-08-01,2019-08-01 09:37:31,0.38,1.0555,5,0.37,1.0277,290,0.39,1.0833,1,0.375,1.0416,4049,0
SPY190802C300,2019-08-01,2019-08-01 09:37:32,0.38,1.0555,199,0.37,1.0277,441,0.39,1.0833,1,0.375,1.0416,4049,0
SPY190802C300,2019-08-01,2019-08-01 09:37:32,0.38,1.0555,199,0.37,1.0277,410,0.39,1.0833,1,0.375,1.0416,4049,0
SPY190802C300,2019-08-01,2019-08-01 09:37:33,0.38,1.0555,174,0.37,1.0277,441,0.39,1.0833,1,0.375,1.0416,4049,0
SPY190802C300,2019-08-01,2019-08-01 09:37:33,0.38,1.0555,174,0.37,1.0277,518,0.39,1.0833,1,0.375,1.0416,4049,0
SPY190802C300,2019-08-01,2019-08-01 09:37:34,0.38,1.0555,275,0.37,1.0277,231,0.39,1.0833,1,0.375,1.0416,4049,0
SPY190802C300,2019-08-01,2019-08-01 09:37:34,0.38,1.0555,275,0.37,1.0277,472,0.39,1.0833,1,0.375,1.0416,4049,0
SPY190802C300,2019-08-01,2019-08-01 09:37:35,0.38,1.0555,370,0.37,1.0277,1044,0.39,1.0833,1,0.375,1.0416,4049,0
SPY190802C300,2019-08-01,2019-08-01 09:37:35,0.38,1.0555,400,0.37,1.0277,657,0.39,1.0833,1,0.375,1.0416,4049,0
SPY190802C300,2019-08-01,2019-08-01 09:37:36,0.38,1.0555,370,0.37,1.0277,1267,0.39,1.0833,1,0.375,1.0416,4049,0
SPY190802C300,2019-08-01,2019-08-01 09:37:37,0.38,1.0555,352,0.37,1.0277,2171,0.39,1.0833,1,0.375,1.0416,4049,0
SPY190802C300,2019-08-01,2019-08-01 09:37:37,0.38,1.0555,370,0.37,1.0277,1554,0.39,1.0833,1,0.375,1.0416,4049,0
SPY190802C300,2019-08-01,2019-08-01 09:37:38,0.38,1.0555,352,0.37,1.0277,1458,0.38,1.0555,2,0.375,1.0416,4051,2
SPY190802C300,2019-08-01,2019-08-01 09:37:38,0.38,1.0555,1,0.37,1.0277,1458,0.38,1.0555,2,0.375,1.0416,4051,0
SPY190802C300,2019-08-01,2019-08-01 09:37:39,0.38,1.0555,6,0.37,1.0277,3399,0.38,1.0555,1,0.375,1.0416,4053,0
SPY190802C300,2019-08-01,2019-08-01 09:37:39,0.39,1.0833,275,0.38,1.0555,5,0.38,1.0555,1,0.385,1.0694,4053,2
SPY190802C300,2019-08-01,2019-08-01 09:37:40,0.38,1.0555,145,0.37,1.0277,2065,0.38,1.0555,1,0.375,1.0416,4053,0
SPY190802C300,2019-08-01,2019-08-01 09:37:40,0.38,1.0555,145,0.37,1.0277,1942,0.38,1.0555,1,0.375,1.0416,4053,0
SPY190802C300,2019-08-01,2019-08-01 09:37:41,0.38,1.0555,145,0.37,1.0277,1942,0.38,1.0555,1,0.375,1.0416,4053,0
SPY190802C300,2019-08-01,2019-08-01 09:37:42,0.38,1.0555,145,0.37,1.0277,1772,0.38,1.0555,1,0.375,1.0416,4053,0
SPY190802C300,2019-08-01,2019-08-01 09:37:42,0.38,1.0555,145,0.37,1.0277,1942,0.38,1.0555,1,0.375,1.0416,4053,0
SPY190802C300,2019-08-01,2019-08-01 09:37:43,0.38,1.0555,145,0.37,1.0277,2639,0.37,1.0277,3,0.375,1.0416,4056,3
SPY190802C300,2019-08-01,2019-08-01 09:37:43,0.38,1.0555,145,0.37,1.0277,1408,0.37,1.0277,2,0.375,1.0416,4058,2
SPY190802C300,2019-08-01,2019-08-01 09:37:44,0.38,1.0555,145,0.37,1.0277,315,0.37,1.0277,2,0.375,1.0416,4058,0
SPY190802C300,2019-08-01,2019-08-01 09:37:44,0.38,1.0555,145,0.37,1.0277,1156,0.37,1.0277,2,0.375,1.0416,4058,0
SPY190802C300,2019-08-01,2019-08-01 09:37:45,0.38,1.0555,145,0.37,1.0277,777,0.37,1.0277,2,0.375,1.0416,4058,0
SPY190802C300,2019-08-01,2019-08-01 09:37:46,0.38,1.0555,136,0.37,1.0277,623,0.37,1.0277,2,0.375,1.0416,4058,0
SPY190802C300,2019-08-01,2019-08-01 09:37:47,0.38,1.0555,405,0.37,1.0277,121,0.37,1.0277,2,0.375,1.0416,4058,0
SPY190802C300,2019-08-01,2019-08-01 09:37:47,0.38,1.0555,428,0.37,1.0277,184,0.37,1.0277,2,0.375,1.0416,4058,0
SPY190802C300,2019-08-01,2019-08-01 09:37:48,0.38,1.0555,359,0.37,1.0277,436,0.37,1.0277,2,0.375,1.0416,4058,0
SPY190802C300,2019-08-01,2019-08-01 09:37:49,0.38,1.0555,294,0.37,1.0277,167,0.37,1.0277,2,0.375,1.0416,4058,0
SPY190802C300,2019-08-01,2019-08-01 09:37:49,0.38,1.0555,359,0.37,1.0277,399,0.37,1.0277,2,0.375,1.0416,4058,0
SPY190802C300,2019-08-01,2019-08-01 09:37:50,0.38,1.0555,1,0.37,1.0277,803,0.37,1.0277,2,0.375,1.0416,4058,0
SPY190802C300,2019-08-01,2019-08-01 09:37:50,0.38,1.0555,1,0.37,1.0277,1724,0.37,1.0277,2,0.375,1.0416,4058,0
SPY190802C300,2019-08-01,2019-08-01 09:37:51,0.38,1.0555,1,0.37,1.0277,1972,0.37,1.0277,2,0.375,1.0416,4058,0
SPY190802C300,2019-08-01,2019-08-01 09:37:52,0.38,1.0555,1,0.37,1.0277,2050,0.37,1.0277,2,0.375,1.0416,4058,0
SPY190802C300,2019-08-01,2019-08-01 09:37:52,0.38,1.0555,1,0.37,1.0277,2050,0.37,1.0277,3,0.375,1.0416,4061,3
SPY190802C300,2019-08-01,2019-08-01 09:37:53,0.38,1.0555,1,0.37,1.0277,3086,0.37,1.0277,3,0.375,1.0416,4061,0
SPY190802C300,2019-08-01,2019-08-01 09:37:54,0.39,1.0833,411,0.38,1.0555,5,0.38,1.0555,1,0.385,1.0694,4062,1
SPY190802C300,2019-08-01,2019-08-01 09:37:55,0.39,1.0833,406,0.38,1.0555,260,0.39,1.0833,1,0.385,1.0694,4063,0
SPY190802C300,2019-08-01,2019-08-01 09:37:55,0.39,1.0833,411,0.38,1.0555,170,0.39,1.0833,1,0.385,1.0694,4063,1
SPY190802C300,2019-08-01,2019-08-01 09:37:56,0.39,1.0833,391,0.38,1.0555,790,0.39,1.0833,1,0.385,1.0694,4063,0
SPY190802C300,2019-08-01,2019-08-01 09:37:56,0.39,1.0833,391,0.38,1.0555,754,0.39,1.0833,1,0.385,1.0694,4063,0
SPY190802C300,2019-08-01,2019-08-01 09:37:57,0.39,1.0833,391,0.38,1.0555,754,0.39,1.0833,1,0.385,1.0694,4063,0
SPY190802C300,2019-08-01,2019-08-01 09:37:57,0.39,1.0833,391,0.38,1.0555,876,0.38,1.0555,1,0.385,1.0694,4064,1
SPY190802C300,2019-08-01,2019-08-01 09:37:58,0.39,1.0833,391,0.38,1.0555,1404,0.38,1.0555,1,0.385,1.0694,4064,0
SPY190802C300,2019-08-01,2019-08-01 09:37:59,0.4,1.1111,202,0.39,1.0833,70,0.39,1.0833,10,0.395,1.0972,4075,11
SPY190802C300,2019-08-01,2019-08-01 09:37:59,0.4,1.1111,202,0.39,1.0833,661,0.39,1.0833,10,0.395,1.0972,4075,0
SPY190802C300,2019-08-01,2019-08-01 09:38:00,0.4,1.1111,202,0.39,1.0833,416,0.39,1.0833,10,0.395,1.0972,4075,0
SPY190802C300,2019-08-01,2019-08-01 09:38:00,0.39,1.0833,6,0.38,1.0555,1626,0.39,1.0833,10,0.385,1.0694,4075,0
SPY190802C300,2019-08-01,2019-08-01 09:38:01,0.39,1.0833,50,0.38,1.0555,1582,0.39,1.0833,10,0.385,1.0694,4075,0
SPY190802C300,2019-08-01,2019-08-01 09:38:02,0.39,1.0833,132,0.38,1.0555,1166,0.39,1.0833,10,0.385,1.0694,4075,0
SPY190802C300,2019-08-01,2019-08-01 09:38:02,0.39,1.0833,517,0.37,1.0277,1843,0.39,1.0833,10,0.38,1.0555,4075,0
SPY190802C300,2019-08-01,2019-08-01 09:38:03,0.39,1.0833,373,0.38,1.0555,799,0.39,1.0833,10,0.385,1.0694,4075,0
SPY190802C300,2019-08-01,2019-08-01 09:38:03,0.39,1.0833,441,0.38,1.0555,88,0.39,1.0833,10,0.385,1.0694,4075,0
SPY190802C300,2019-08-01,2019-08-01 09:38:04,0.39,1.0833,403,0.38,1.0555,694,0.39,1.0833,10,0.385,1.0694,4075,0
SPY190802C300,2019-08-01,2019-08-01 09:38:05,0.39,1.0833,269,0.38,1.0555,776,0.39,1.0833,10,0.385,1.0694,4075,0
SPY190802C300,2019-08-01,2019-08-01 09:38:05,0.39,1.0833,283,0.38,1.0555,534,0.39,1.0833,10,0.385,1.0694,4075,0
SPY190802C300,2019-08-01,2019-08-01 09:38:06,0.39,1.0833,291,0.38,1.0555,446,0.39,1.0833,5,0.385,1.0694,4080,5
SPY190802C300,2019-08-01,2019-08-01 09:38:06,0.39,1.0833,389,0.38,1.0555,776,0.39,1.0833,10,0.385,1.0694,4075,0
SPY190802C300,2019-08-01,2019-08-01 09:38:07,0.39,1.0833,471,0.38,1.0555,529,0.39,1.0833,5,0.385,1.0694,4080,0
SPY190802C300,2019-08-01,2019-08-01 09:38:07,0.39,1.0833,220,0.38,1.0555,770,0.39,1.0833,5,0.385,1.0694,4080,0
SPY190802C300,2019-08-01,2019-08-01 09:38:08,0.39,1.0833,220,0.38,1.0555,782,0.39,1.0833,5,0.385,1.0694,4080,0
SPY190802C300,2019-08-01,2019-08-01 09:38:08,0.39,1.0833,94,0.38,1.0555,508,0.39,1.0833,1,0.385,1.0694,4081,1
SPY190802C300,2019-08-01,2019-08-01 09:38:09,0.39,1.0833,90,0.38,1.0555,620,0.39,1.0833,1,0.385,1.0694,4081,0
SPY190802C300,2019-08-01,2019-08-01 09:38:10,0.39,1.0833,5,0.38,1.0555,1017,0.39,1.0833,1,0.385,1.0694,4081,0
SPY190802C300,2019-08-01,2019-08-01 09:38:10,0.4,1.1111,885,0.38,1.0555,889,0.39,1.0833,1,0.39,1.0833,4081,0
SPY190802C300,2019-08-01,2019-08-01 09:38:11,0.39,1.0833,347,0.38,1.0555,701,0.39,1.0833,28,0.385,1.0694,4279,198
SPY190802C300,2019-08-01,2019-08-01 09:38:11,0.39,1.0833,347,0.38,1.0555,701,0.39,1.0833,28,0.385,1.0694,4279,0
SPY190802C300,2019-08-01,2019-08-01 09:38:12,0.39,1.0833,116,0.38,1.0555,826,0.39,1.0833,28,0.385,1.0694,4279,0
SPY190802C300,2019-08-01,2019-08-01 09:38:12,0.39,1.0833,96,0.38,1.0555,826,0.39,1.0833,28,0.385,1.0694,4279,0
SPY190802C300,2019-08-01,2019-08-01 09:38:13,0.39,1.0833,80,0.38,1.0555,826,0.39,1.0833,28,0.385,1.0694,4279,0
SPY190802C300,2019-08-01,2019-08-01 09:38:14,0.39,1.0833,164,0.38,1.0555,1614,0.39,1.0833,28,0.385,1.0694,4279,0
SPY190802C300,2019-08-01,2019-08-01 09:38:14,0.39,1.0833,80,0.38,1.0555,1179,0.39,1.0833,28,0.385,1.0694,4279,0
SPY190802C300,2019-08-01,2019-08-01 09:38:15,0.4,1.1111,489,0.38,1.0555,1614,0.39,1.0833,28,0.39,1.0833,4279,0
SPY190802C300,2019-08-01,2019-08-01 09:38:15,0.4,1.1111,376,0.38,1.0555,1614,0.39,1.0833,28,0.39,1.0833,4279,0
SPY190802C300,2019-08-01,2019-08-01 09:38:16,0.4,1.1111,223,0.39,1.0833,586,0.39,1.0833,28,0.395,1.0972,4279,0
SPY190802C300,2019-08-01,2019-08-01 09:38:16,0.4,1.1111,10,0.39,1.0833,597,0.39,1.0833,28,0.395,1.0972,4279,0
SPY190802C300,2019-08-01,2019-08-01 09:38:17,0.4,1.1111,223,0.39,1.0833,586,0.39,1.0833,28,0.395,1.0972,4279,0
SPY190802C300,2019-08-01,2019-08-01 09:38:18,0.4,1.1111,199,0.39,1.0833,627,0.39,1.0833,28,0.395,1.0972,4279,0
SPY190802C300,2019-08-01,2019-08-01 09:38:19,0.4,1.1111,459,0.39,1.0833,656,0.39,1.0833,28,0.395,1.0972,4279,0
SPY190802C300,2019-08-01,2019-08-01 09:38:19,0.4,1.1111,199,0.39,1.0833,809,0.39,1.0833,28,0.395,1.0972,4279,0
SPY190802C300,2019-08-01,2019-08-01 09:38:20,0.4,1.1111,10,0.39,1.0833,804,0.39,1.0833,28,0.395,1.0972,4279,0
SPY190802C300,2019-08-01,2019-08-01 09:38:21,0.4,1.1111,191,0.39,1.0833,671,0.39,1.0833,28,0.395,1.0972,4279,0
SPY190802C300,2019-08-01,2019-08-01 09:38:21,0.4,1.1111,374,0.39,1.0833,671,0.39,1.0833,28,0.395,1.0972,4279,0
SPY190802C300,2019-08-01,2019-08-01 09:38:22,0.4,1.1111,868,0.39,1.0833,671,0.39,1.0833,28,0.395,1.0972,4279,0
SPY190802C300,2019-08-01,2019-08-01 09:38:22,0.4,1.1111,1570,0.39,1.0833,69,0.39,1.0833,28,0.395,1.0972,4279,0
SPY190802C300,2019-08-01,2019-08-01 09:38:23,0.4,1.1111,1544,0.39,1.0833,69,0.39,1.0833,28,0.395,1.0972,4279,0
SPY190802C300,2019-08-01,2019-08-01 09:38:24,0.4,1.1111,247,0.39,1.0833,88,0.39,1.0833,28,0.395,1.0972,4279,0
SPY190802C300,2019-08-01,2019-08-01 09:38:24,0.4,1.1111,292,0.39,1.0833,135,0.39,1.0833,28,0.395,1.0972,4279,0
SPY190802C300,2019-08-01,2019-08-01 09:38:25,0.4,1.1111,292,0.39,1.0833,181,0.39,1.0833,28,0.395,1.0972,4279,0
SPY190802C300,2019-08-01,2019-08-01 09:38:25,0.4,1.1111,750,0.39,1.0833,69,0.39,1.0833,1,0.395,1.0972,4319,40
SPY190802C300,2019-08-01,2019-08-01 09:38:26,0.4,1.1111,1916,0.39,1.0833,69,0.39,1.0833,2,0.395,1.0972,4321,2
SPY190802C300,2019-08-01,2019-08-01 09:38:26,0.4,1.1111,1736,0.39,1.0833,2,0.39,1.0833,2,0.395,1.0972,4321,0
SPY190802C300,2019-08-01,2019-08-01 09:38:27,0.4,1.1111,2701,0.39,1.0833,2,0.39,1.0833,2,0.395,1.0972,4321,0
SPY190802C300,2019-08-01,2019-08-01 09:38:28,0.4,1.1111,1834,0.39,1.0833,2,0.39,1.0833,2,0.395,1.0972,4321,0
SPY190802C300,2019-08-01,2019-08-01 09:38:28,0.4,1.1111,2459,0.39,1.0833,2,0.39,1.0833,2,0.395,1.0972,4321,0
SPY190802C300,2019-08-01,2019-08-01 09:38:29,0.39,1.0833,259,0.37,1.0277,1309,0.39,1.0833,2,0.38,1.0555,4327,6
SPY190802C300,2019-08-01,2019-08-01 09:38:29,0.4,1.1111,2068,0.39,1.0833,2,0.39,1.0833,2,0.395,1.0972,4321,0
SPY190802C300,2019-08-01,2019-08-01 09:38:30,0.38,1.0555,30,0.37,1.0277,712,0.39,1.0833,1,0.375,1.0416,4328,1
SPY190802C300,2019-08-01,2019-08-01 09:38:30,0.39,1.0833,882,0.37,1.0277,3402,0.39,1.0833,2,0.38,1.0555,4327,0
SPY190802C300,2019-08-01,2019-08-01 09:38:31,0.39,1.0833,231,0.37,1.0277,359,0.39,1.0833,1,0.38,1.0555,4328,0
SPY190802C300,2019-08-01,2019-08-01 09:38:31,0.38,1.0555,65,0.37,1.0277,359,0.39,1.0833,1,0.375,1.0416,4328,0
SPY190802C300,2019-08-01,2019-08-01 09:38:32,0.39,1.0833,405,0.37,1.0277,1138,0.39,1.0833,1,0.38,1.0555,4328,0
SPY190802C300,2019-08-01,2019-08-01 09:38:33,0.39,1.0833,457,0.37,1.0277,2024,0.39,1.0833,1,0.38,1.0555,4328,0
SPY190802C300,2019-08-01,2019-08-01 09:38:33,0.39,1.0833,844,0.37,1.0277,2024,0.39,1.0833,1,0.38,1.0555,4328,0
SPY190802C300,2019-08-01,2019-08-01 09:38:34,0.39,1.0833,623,0.37,1.0277,2024,0.39,1.0833,1,0.38,1.0555,4328,0
SPY190802C300,2019-08-01,2019-08-01 09:38:34,0.39,1.0833,623,0.38,1.0555,480,0.39,1.0833,1,0.385,1.0694,4328,0
SPY190802C300,2019-08-01,2019-08-01 09:38:35,0.39,1.0833,671,0.37,1.0277,1402,0.39,1.0833,1,0.38,1.0555,4328,0
SPY190802C300,2019-08-01,2019-08-01 09:38:35,0.38,1.0555,51,0.37,1.0277,2202,0.39,1.0833,1,0.375,1.0416,4328,0
SPY190802C300,2019-08-01,2019-08-01 09:38:36,0.39,1.0833,652,0.37,1.0277,2364,0.39,1.0833,1,0.38,1.0555,4328,0
SPY190802C300,2019-08-01,2019-08-01 09:38:37,0.38,1.0555,166,0.37,1.0277,531,0.39,1.0833,1,0.375,1.0416,4328,0
SPY190802C300,2019-08-01,2019-08-01 09:38:38,0.38,1.0555,222,0.37,1.0277,531,0.39,1.0833,1,0.375,1.0416,4328,0
SPY190802C300,2019-08-01,2019-08-01 09:38:39,0.38,1.0555,194,0.37,1.0277,612,0.39,1.0833,1,0.375,1.0416,4328,0
SPY190802C300,2019-08-01,2019-08-01 09:38:39,0.38,1.0555,194,0.37,1.0277,621,0.39,1.0833,1,0.375,1.0416,4328,0
SPY190802C300,2019-08-01,2019-08-01 09:38:40,0.38,1.0555,347,0.37,1.0277,1,0.39,1.0833,1,0.375,1.0416,4328,0
SPY190802C300,2019-08-01,2019-08-01 09:38:40,0.38,1.0555,194,0.37,1.0277,1,0.39,1.0833,1,0.375,1.0416,4328,0
SPY190802C300,2019-08-01,2019-08-01 09:38:41,0.38,1.0555,461,0.37,1.0277,1,0.39,1.0833,1,0.375,1.0416,4328,0
SPY190802C300,2019-08-01,2019-08-01 09:38:41,0.38,1.0555,197,0.37,1.0277,1,0.39,1.0833,1,0.375,1.0416,4328,0
SPY190802C300,2019-08-01,2019-08-01 09:38:42,0.38,1.0555,881,0.37,1.0277,1,0.39,1.0833,1,0.375,1.0416,4328,0
SPY190802C300,2019-08-01,2019-08-01 09:38:42,0.38,1.0555,144,0.37,1.0277,1,0.39,1.0833,1,0.375,1.0416,4328,0
SPY190802C300,2019-08-01,2019-08-01 09:38:43,0.38,1.0555,137,0.37,1.0277,359,0.37,1.0277,3,0.375,1.0416,4331,3
SPY190802C300,2019-08-01,2019-08-01 09:38:44,0.38,1.0555,124,0.37,1.0277,575,0.37,1.0277,3,0.375,1.0416,4331,0
SPY190802C300,2019-08-01,2019-08-01 09:38:45,0.38,1.0555,5,0.37,1.0277,1018,0.37,1.0277,3,0.375,1.0416,4331,0
SPY190802C300,2019-08-01,2019-08-01 09:38:45,0.39,1.0833,100,0.38,1.0555,480,0.38,1.0555,1,0.385,1.0694,4332,1
SPY190802C300,2019-08-01,2019-08-01 09:38:46,0.38,1.0555,42,0.37,1.0277,2307,0.38,1.0555,1,0.375,1.0416,4333,1
SPY190802C300,2019-08-01,2019-08-01 09:38:46,0.38,1.0555,24,0.38,1.0555,20,0.38,1.0555,1,0.38,1.0555,4332,0
SPY190802C300,2019-08-01,2019-08-01 09:38:47,0.38,1.0555,42,0.37,1.0277,1600,0.38,1.0555,1,0.375,1.0416,4333,0
SPY190802C300,2019-08-01,2019-08-01 09:38:48,0.38,1.0555,42,0.37,1.0277,2489,0.38,1.0555,3,0.375,1.0416,4336,3
SPY190802C300,2019-08-01,2019-08-01 09:38:48,0.38,1.0555,52,0.37,1.0277,1599,0.38,1.0555,3,0.375,1.0416,4336,0
SPY190802C300,2019-08-01,2019-08-01 09:38:49,0.38,1.0555,52,0.37,1.0277,1599,0.38,1.0555,3,0.375,1.0416,4336,0
SPY190802C300,2019-08-01,2019-08-01 09:38:50,0.38,1.0555,52,0.37,1.0277,1599,0.38,1.0555,3,0.375,1.0416,4336,0
SPY190802C300,2019-08-01,2019-08-01 09:38:51,0.38,1.0555,52,0.37,1.0277,1599,0.38,1.0555,3,0.375,1.0416,4336,0
SPY190802C300,2019-08-01,2019-08-01 09:38:52,0.38,1.0555,10,0.37,1.0277,1599,0.38,1.0555,3,0.375,1.0416,4336,0
SPY190802C300,2019-08-01,2019-08-01 09:38:53,0.39,1.0833,128,0.38,1.0555,520,0.38,1.0555,10,0.385,1.0694,4347,11
SPY190802C300,2019-08-01,2019-08-01 09:38:54,0.4,1.1111,228,0.38,1.0555,1573,0.38,1.0555,10,0.39,1.0833,4347,0
SPY190802C300,2019-08-01,2019-08-01 09:38:54,0.39,1.0833,139,0.38,1.0555,1573,0.38,1.0555,10,0.385,1.0694,4347,0
SPY190802C300,2019-08-01,2019-08-01 09:38:55,0.4,1.1111,347,0.39,1.0833,605,0.38,1.0555,10,0.395,1.0972,4347,0
SPY190802C300,2019-08-01,2019-08-01 09:38:55,0.4,1.1111,396,0.39,1.0833,202,0.4,1.1111,5,0.395,1.0972,4352,5
SPY190802C300,2019-08-01,2019-08-01 09:38:56,0.4,1.1111,396,0.39,1.0833,202,0.4,1.1111,5,0.395,1.0972,4352,0
SPY190802C300,2019-08-01,2019-08-01 09:38:57,0.4,1.1111,230,0.39,1.0833,738,0.39,1.0833,10,0.395,1.0972,4362,10
SPY190802C300,2019-08-01,2019-08-01 09:38:57,0.4,1.1111,230,0.39,1.0833,801,0.39,1.0833,10,0.395,1.0972,4362,0
SPY190802C300,2019-08-01,2019-08-01 09:38:58,0.4,1.1111,237,0.39,1.0833,172,0.39,1.0833,10,0.395,1.0972,4362,0
SPY190802C300,2019-08-01,2019-08-01 09:38:58,0.4,1.1111,382,0.39,1.0833,200,0.39,1.0833,10,0.395,1.0972,4362,0
SPY190802C300,2019-08-01,2019-08-01 09:38:59,0.4,1.1111,410,0.39,1.0833,248,0.39,1.0833,10,0.395,1.0972,4362,0
SPY190802C300,2019-08-01,2019-08-01 09:39:00,0.4,1.1111,10,0.39,1.0833,1248,0.4,1.1111,2,0.395,1.0972,4374,12
SPY190802C300,2019-08-01,2019-08-01 09:39:00,0.4,1.1111,212,0.39,1.0833,904,0.39,1.0833,10,0.395,1.0972,4362,0
SPY190802C300,2019-08-01,2019-08-01 09:39:01,0.41,1.1388,279,0.4,1.1111,183,0.4,1.1111,2,0.405,1.125,4374,0
SPY190802C300,2019-08-01,2019-08-01 09:39:02,0.41,1.1388,100,0.4,1.1111,804,0.4,1.1111,2,0.405,1.125,4374,0
SPY190802C300,2019-08-01,2019-08-01 09:39:02,0.41,1.1388,100,0.4,1.1111,1168,0.41,1.1388,1,0.405,1.125,4375,1
SPY190802C300,2019-08-01,2019-08-01 09:39:03,0.42,1.1666,210,0.41,1.1388,796,0.41,1.1388,10,0.415,1.1527,4387,12
SPY190802C300,2019-08-01,2019-08-01 09:39:03,0.41,1.1388,100,0.4,1.1111,1168,0.41,1.1388,1,0.405,1.125,4375,0
SPY190802C300,2019-08-01,2019-08-01 09:39:04,0.42,1.1666,210,0.41,1.1388,796,0.41,1.1388,10,0.415,1.1527,4387,0
SPY190802C300,2019-08-01,2019-08-01 09:39:04,0.43,1.1944,547,0.42,1.1666,115,0.42,1.1666,10,0.425,1.1805,4412,25
SPY190802C300,2019-08-01,2019-08-01 09:39:05,0.43,1.1944,5,0.42,1.1666,582,0.42,1.1666,10,0.425,1.1805,4412,0
SPY190802C300,2019-08-01,2019-08-01 09:39:05,0.43,1.1944,235,0.42,1.1666,123,0.42,1.1666,10,0.425,1.1805,4412,0
SPY190802C300,2019-08-01,2019-08-01 09:39:06,0.43,1.1944,5,0.42,1.1666,917,0.42,1.1666,10,0.425,1.1805,4412,0
SPY190802C300,2019-08-01,2019-08-01 09:39:07,0.44,1.2222,303,0.43,1.1944,156,0.42,1.1666,10,0.435,1.2083,4412,0
SPY190802C300,2019-08-01,2019-08-01 09:39:08,0.44,1.2222,5,0.43,1.1944,988,0.42,1.1666,10,0.435,1.2083,4412,0
SPY190802C300,2019-08-01,2019-08-01 09:39:08,0.44,1.2222,313,0.43,1.1944,242,0.42,1.1666,10,0.435,1.2083,4412,0
SPY190802C300,2019-08-01,2019-08-01 09:39:09,0.45,1.25,358,0.44,1.2222,12,0.42,1.1666,10,0.445,1.2361,4412,0
SPY190802C300,2019-08-01,2019-08-01 09:39:09,0.44,1.2222,5,0.43,1.1944,928,0.42,1.1666,10,0.435,1.2083,4412,0
SPY190802C300,2019-08-01,2019-08-01 09:39:10,0.44,1.2222,5,0.43,1.1944,928,0.42,1.1666,10,0.435,1.2083,4412,0
SPY190802C300,2019-08-01,2019-08-01 09:39:11,0.45,1.25,1281,0.44,1.2222,99,0.45,1.25,1,0.445,1.2361,4413,1
SPY190802C300,2019-08-01,2019-08-01 09:39:11,0.44,1.2222,5,0.44,1.2222,113,0.42,1.1666,10,0.44,1.2222,4412,0
SPY190802C300,2019-08-01,2019-08-01 09:39:12,0.45,1.25,832,0.44,1.2222,20,0.45,1.25,1,0.445,1.2361,4413,0
SPY190802C300,2019-08-01,2019-08-01 09:39:12,0.45,1.25,1830,0.44,1.2222,56,0.45,1.25,1,0.445,1.2361,4413,0
SPY190802C300,2019-08-01,2019-08-01 09:39:13,0.45,1.25,1168,0.43,1.1944,738,0.43,1.1944,5,0.44,1.2222,4418,5
SPY190802C300,2019-08-01,2019-08-01 09:39:13,0.45,1.25,967,0.44,1.2222,5,0.43,1.1944,5,0.445,1.2361,4418,0
SPY190802C300,2019-08-01,2019-08-01 09:39:14,0.45,1.25,967,0.44,1.2222,103,0.43,1.1944,5,0.445,1.2361,4418,0
SPY190802C300,2019-08-01,2019-08-01 09:39:14,0.45,1.25,1192,0.44,1.2222,9,0.43,1.1944,20,0.445,1.2361,4438,20
SPY190802C300,2019-08-01,2019-08-01 09:39:15,0.45,1.25,974,0.44,1.2222,148,0.43,1.1944,20,0.445,1.2361,4438,0
SPY190802C300,2019-08-01,2019-08-01 09:39:16,0.45,1.25,974,0.44,1.2222,148,0.43,1.1944,20,0.445,1.2361,4438,0
SPY190802C300,2019-08-01,2019-08-01 09:39:16,0.45,1.25,1581,0.44,1.2222,148,0.43,1.1944,20,0.445,1.2361,4438,0
SPY190802C300,2019-08-01,2019-08-01 09:39:17,0.45,1.25,957,0.44,1.2222,148,0.43,1.1944,20,0.445,1.2361,4438,0
SPY190802C300,2019-08-01,2019-08-01 09:39:17,0.45,1.25,1088,0.44,1.2222,148,0.43,1.1944,20,0.445,1.2361,4438,0
SPY190802C300,2019-08-01,2019-08-01 09:39:18,0.45,1.25,25,0.44,1.2222,148,0.44,1.2222,2,0.445,1.2361,4440,2
SPY190802C300,2019-08-01,2019-08-01 09:39:19,0.44,1.2222,534,0.43,1.1944,100,0.44,1.2222,2,0.435,1.2083,4440,0
SPY190802C300,2019-08-01,2019-08-01 09:39:19,0.44,1.2222,5,0.43,1.1944,45,0.44,1.2222,2,0.435,1.2083,4440,0
SPY190802C300,2019-08-01,2019-08-01 09:39:20,0.43,1.1944,6,0.42,1.1666,1137,0.44,1.2222,1,0.425,1.1805,4441,0
SPY190802C300,2019-08-01,2019-08-01 09:39:20,0.43,1.1944,6,0.43,1.1944,49,0.44,1.2222,1,0.43,1.1944,4441,1
SPY190802C300,2019-08-01,2019-08-01 09:39:21,0.43,1.1944,100,0.42,1.1666,536,0.44,1.2222,1,0.425,1.1805,4441,0
SPY190802C300,2019-08-01,2019-08-01 09:39:21,0.43,1.1944,6,0.42,1.1666,843,0.44,1.2222,1,0.425,1.1805,4441,0
SPY190802C300,2019-08-01,2019-08-01 09:39:22,0.43,1.1944,5,0.42,1.1666,843,0.44,1.2222,1,0.425,1.1805,4441,0
SPY190802C300,2019-08-01,2019-08-01 09:39:22,0.43,1.1944,119,0.42,1.1666,359,0.43,1.1944,1,0.425,1.1805,4442,1
SPY190802C300,2019-08-01,2019-08-01 09:39:23,0.43,1.1944,119,0.42,1.1666,359,0.43,1.1944,1,0.425,1.1805,4442,0
SPY190802C300,2019-08-01,2019-08-01 09:39:24,0.43,1.1944,135,0.42,1.1666,359,0.43,1.1944,1,0.425,1.1805,4442,0
SPY190802C300,2019-08-01,2019-08-01 09:39:24,0.43,1.1944,115,0.42,1.1666,342,0.43,1.1944,1,0.425,1.1805,4442,0
SPY190802C300,2019-08-01,2019-08-01 09:39:25,0.44,1.2222,333,0.43,1.1944,5,0.43,1.1944,1,0.435,1.2083,4442,0
SPY190802C300,2019-08-01,2019-08-01 09:39:25,0.44,1.2222,423,0.43,1.1944,5,0.43,1.1944,1,0.435,1.2083,4442,0
SPY190802C300,2019-08-01,2019-08-01 09:39:26,0.44,1.2222,208,0.43,1.1944,258,0.43,1.1944,1,0.435,1.2083,4442,0
SPY190802C300,2019-08-01,2019-08-01 09:39:26,0.44,1.2222,243,0.43,1.1944,5,0.43,1.1944,1,0.435,1.2083,4442,0
SPY190802C300,2019-08-01,2019-08-01 09:39:27,0.45,1.25,569,0.43,1.1944,818,0.43,1.1944,1,0.44,1.2222,4442,0
SPY190802C300,2019-08-01,2019-08-01 09:39:27,0.45,1.25,1088,0.44,1.2222,5,0.43,1.1944,1,0.445,1.2361,4442,0
SPY190802C300,2019-08-01,2019-08-01 09:39:28,0.45,1.25,1088,0.44,1.2222,5,0.43,1.1944,1,0.445,1.2361,4442,0
SPY190802C300,2019-08-01,2019-08-01 09:39:29,0.45,1.25,1050,0.44,1.2222,158,0.43,1.1944,1,0.445,1.2361,4442,0
SPY190802C300,2019-08-01,2019-08-01 09:39:29,0.45,1.25,244,0.44,1.2222,258,0.43,1.1944,1,0.445,1.2361,4442,0
SPY190802C300,2019-08-01,2019-08-01 09:39:30,0.44,1.2222,30,0.43,1.1944,338,0.43,1.1944,1,0.435,1.2083,4442,0
SPY190802C300,2019-08-01,2019-08-01 09:39:30,0.45,1.25,1050,0.44,1.2222,158,0.43,1.1944,1,0.445,1.2361,4442,0
SPY190802C300,2019-08-01,2019-08-01 09:39:31,0.44,1.2222,205,0.43,1.1944,503,0.43,1.1944,1,0.435,1.2083,4442,0
SPY190802C300,2019-08-01,2019-08-01 09:39:32,0.44,1.2222,168,0.43,1.1944,693,0.43,1.1944,1,0.435,1.2083,4442,0
SPY190802C300,2019-08-01,2019-08-01 09:39:32,0.44,1.2222,236,0.43,1.1944,284,0.43,1.1944,1,0.435,1.2083,4442,0
SPY190802C300,2019-08-01,2019-08-01 09:39:33,0.44,1.2222,811,0.43,1.1944,5,0.43,1.1944,1,0.435,1.2083,4442,0
SPY190802C300,2019-08-01,2019-08-01 09:39:33,0.44,1.2222,600,0.43,1.1944,242,0.43,1.1944,1,0.435,1.2083,4442,0
SPY190802C300,2019-08-01,2019-08-01 09:39:34,0.44,1.2222,734,0.43,1.1944,242,0.43,1.1944,1,0.435,1.2083,4442,0
SPY190802C300,2019-08-01,2019-08-01 09:39:34,0.44,1.2222,623,0.43,1.1944,282,0.43,1.1944,1,0.435,1.2083,4442,0
SPY190802C300,2019-08-01,2019-08-01 09:39:35,0.44,1.2222,184,0.43,1.1944,351,0.43,1.1944,1,0.435,1.2083,4442,0
SPY190802C300,2019-08-01,2019-08-01 09:39:36,0.44,1.2222,263,0.43,1.1944,254,0.43,1.1944,1,0.435,1.2083,4442,0
SPY190802C300,2019-08-01,2019-08-01 09:39:36,0.45,1.25,1378,0.43,1.1944,351,0.43,1.1944,1,0.44,1.2222,4442,0
SPY190802C300,2019-08-01,2019-08-01 09:39:37,0.44,1.2222,263,0.43,1.1944,263,0.43,1.1944,1,0.435,1.2083,4442,0
SPY190802C300,2019-08-01,2019-08-01 09:39:37,0.44,1.2222,263,0.43,1.1944,333,0.43,1.1944,1,0.435,1.2083,4442,0
SPY190802C300,2019-08-01,2019-08-01 09:39:38,0.44,1.2222,302,0.43,1.1944,271,0.43,1.1944,1,0.435,1.2083,4442,0
SPY190802C300,2019-08-01,2019-08-01 09:39:38,0.44,1.2222,302,0.43,1.1944,220,0.43,1.1944,1,0.435,1.2083,4442,0
SPY190802C300,2019-08-01,2019-08-01 09:39:39,0.44,1.2222,477,0.43,1.1944,20,0.43,1.1944,1,0.435,1.2083,4442,0
SPY190802C300,2019-08-01,2019-08-01 09:39:40,0.44,1.2222,818,0.43,1.1944,100,0.43,1.1944,1,0.435,1.2083,4442,0
SPY190802C300,2019-08-01,2019-08-01 09:39:41,0.44,1.2222,790,0.43,1.1944,218,0.43,1.1944,1,0.435,1.2083,4442,0
SPY190802C300,2019-08-01,2019-08-01 09:39:41,0.44,1.2222,768,0.43,1.1944,149,0.43,1.1944,1,0.435,1.2083,4442,0
SPY190802C300,2019-08-01,2019-08-01 09:39:42,0.44,1.2222,1805,0.43,1.1944,149,0.43,1.1944,1,0.435,1.2083,4442,0
SPY190802C300,2019-08-01,2019-08-01 09:39:42,0.44,1.2222,1598,0.43,1.1944,5,0.43,1.1944,1,0.435,1.2083,4442,0
SPY190802C300,2019-08-01,2019-08-01 09:39:43,0.44,1.2222,1444,0.43,1.1944,149,0.43,1.1944,1,0.435,1.2083,4442,0
SPY190802C300,2019-08-01,2019-08-01 09:39:43,0.44,1.2222,1444,0.43,1.1944,111,0.43,1.1944,1,0.435,1.2083,4442,0
SPY190802C300,2019-08-01,2019-08-01 09:39:44,0.44,1.2222,497,0.43,1.1944,111,0.43,1.1944,1,0.435,1.2083,4442,0
SPY190802C300,2019-08-01,2019-08-01 09:39:44,0.44,1.2222,497,0.43,1.1944,270,0.43,1.1944,1,0.435,1.2083,4442,0
SPY190802C300,2019-08-01,2019-08-01 09:39:45,0.44,1.2222,324,0.43,1.1944,254,0.43,1.1944,1,0.435,1.2083,4442,0
SPY190802C300,2019-08-01,2019-08-01 09:39:46,0.44,1.2222,755,0.43,1.1944,209,0.43,1.1944,1,0.435,1.2083,4442,0
SPY190802C300,2019-08-01,2019-08-01 09:39:46,0.44,1.2222,381,0.43,1.1944,209,0.43,1.1944,1,0.435,1.2083,4442,0
SPY190802C300,2019-08-01,2019-08-01 09:39:47,0.44,1.2222,381,0.43,1.1944,209,0.43,1.1944,1,0.435,1.2083,4442,0
SPY190802C300,2019-08-01,2019-08-01 09:39:47,0.44,1.2222,143,0.43,1.1944,154,0.43,1.1944,1,0.435,1.2083,4442,0
SPY190802C300,2019-08-01,2019-08-01 09:39:48,0.44,1.2222,925,0.43,1.1944,196,0.43,1.1944,1,0.435,1.2083,4442,0
SPY190802C300,2019-08-01,2019-08-01 09:39:49,0.44,1.2222,925,0.43,1.1944,145,0.43,1.1944,1,0.435,1.2083,4442,0
SPY190802C300,2019-08-01,2019-08-01 09:39:50,0.44,1.2222,185,0.42,1.1666,258,0.43,1.1944,1,0.43,1.1944,4442,0
SPY190802C300,2019-08-01,2019-08-01 09:39:50,0.44,1.2222,1844,0.43,1.1944,145,0.43,1.1944,1,0.435,1.2083,4442,0
SPY190802C300,2019-08-01,2019-08-01 09:39:51,0.43,1.1944,88,0.42,1.1666,20,0.43,1.1944,1,0.425,1.1805,4442,0
SPY190802C300,2019-08-01,2019-08-01 09:39:51,0.43,1.1944,150,0.42,1.1666,293,0.43,1.1944,1,0.425,1.1805,4442,0
SPY190802C300,2019-08-01,2019-08-01 09:39:52,0.43,1.1944,88,0.41,1.1388,629,0.43,1.1944,1,0.42,1.1666,4442,0
SPY190802C300,2019-08-01,2019-08-01 09:39:53,0.42,1.1666,6,0.41,1.1388,1037,0.43,1.1944,1,0.415,1.1527,4442,0
SPY190802C300,2019-08-01,2019-08-01 09:39:54,0.42,1.1666,10,0.41,1.1388,1037,0.43,1.1944,1,0.415,1.1527,4442,0
SPY190802C300,2019-08-01,2019-08-01 09:39:54,0.42,1.1666,10,0.41,1.1388,1104,0.43,1.1944,1,0.415,1.1527,4442,0
SPY190802C300,2019-08-01,2019-08-01 09:39:55,0.42,1.1666,35,0.41,1.1388,1037,0.43,1.1944,1,0.415,1.1527,4442,0
SPY190802C300,2019-08-01,2019-08-01 09:39:55,0.42,1.1666,51,0.41,1.1388,1037,0.43,1.1944,1,0.415,1.1527,4442,0
SPY190802C300,2019-08-01,2019-08-01 09:39:56,0.44,1.2222,307,0.42,1.1666,5,0.44,1.2222,4,0.43,1.1944,4452,10
SPY190802C300,2019-08-01,2019-08-01 09:39:56,0.44,1.2222,317,0.42,1.1666,5,0.43,1.1944,1,0.43,1.1944,4442,0
SPY190802C300,2019-08-01,2019-08-01 09:39:57,0.43,1.1944,5,0.42,1.1666,268,0.44,1.2222,4,0.425,1.1805,4452,0
SPY190802C300,2019-08-01,2019-08-01 09:39:58,0.43,1.1944,203,0.42,1.1666,268,0.44,1.2222,4,0.425,1.1805,4452,0
SPY190802C300,2019-08-01,2019-08-01 09:39:58,0.43,1.1944,30,0.42,1.1666,928,0.44,1.2222,4,0.425,1.1805,4452,0
SPY190802C300,2019-08-01,2019-08-01 09:39:59,0.43,1.1944,30,0.42,1.1666,1438,0.44,1.2222,4,0.425,1.1805,4452,0
SPY190802C300,2019-08-01,2019-08-01 09:40:00,0.43,1.1944,49,0.42,1.1666,1030,0.44,1.2222,4,0.425,1.1805,4452,0
SPY190802C300,2019-08-01,2019-08-01 09:40:00,0.43,1.1944,30,0.42,1.1666,303,0.44,1.2222,4,0.425,1.1805,4452,0
SPY190802C300,2019-08-01,2019-08-01 09:40:01,0.43,1.1944,30,0.42,1.1666,828,0.44,1.2222,4,0.425,1.1805,4452,0
SPY190802C300,2019-08-01,2019-08-01 09:40:02,0.43,1.1944,30,0.42,1.1666,2600,0.44,1.2222,4,0.425,1.1805,4452,0
SPY190802C300,2019-08-01,2019-08-01 09:40:03,0.43,1.1944,30,0.42,1.1666,2407,0.44,1.2222,4,0.425,1.1805,4452,0
SPY190802C300,2019-08-01,2019-08-01 09:40:04,0.43,1.1944,30,0.42,1.1666,1188,0.44,1.2222,4,0.425,1.1805,4452,0
SPY190802C300,2019-08-01,2019-08-01 09:40:04,0.43,1.1944,30,0.42,1.1666,1445,0.44,1.2222,4,0.425,1.1805,4452,0
SPY190802C300,2019-08-01,2019-08-01 09:40:05,0.43,1.1944,219,0.42,1.1666,376,0.43,1.1944,5,0.425,1.1805,4458,0
SPY190802C300,2019-08-01,2019-08-01 09:40:05,0.43,1.1944,51,0.42,1.1666,353,0.43,1.1944,5,0.425,1.1805,4458,6
SPY190802C300,2019-08-01,2019-08-01 09:40:06,0.43,1.1944,237,0.42,1.1666,376,0.43,1.1944,5,0.425,1.1805,4458,0
SPY190802C300,2019-08-01,2019-08-01 09:40:07,0.43,1.1944,321,0.42,1.1666,376,0.43,1.1944,50,0.425,1.1805,4508,50
SPY190802C300,2019-08-01,2019-08-01 09:40:07,0.43,1.1944,449,0.42,1.1666,376,0.43,1.1944,50,0.425,1.1805,4508,0
