symbol,Date,quote_time,ask_price,norm_ask_price,ask_size,bid_price,norm_bid_price,bid_size,last_trade_price,norm_last_trade_price,last_trade_size,mark_price,norm_mark_price,volume,Volume
SPY190807P285,2019-08-05,2019-08-05 09:35:00,1.54,1.0,60,1.52,0.987,100,1.52,0.987,10,1.53,0.9935,571,571
SPY190807P285,2019-08-05,2019-08-05 09:35:00,1.55,1.0064,2,1.53,0.9935,33,1.55,1.0064,2,1.54,1.0,581,10
SPY190807P285,2019-08-05,2019-08-05 09:35:01,1.58,1.0259,173,1.53,0.9935,159,1.55,1.0064,2,1.555,1.0097,581,0
SPY190807P285,2019-08-05,2019-08-05 09:35:01,1.55,1.0064,90,1.53,0.9935,5,1.55,1.0064,2,1.54,1.0,581,0
SPY190807P285,2019-08-05,2019-08-05 09:35:02,1.54,1.0,60,1.51,0.9805,12,1.55,1.0064,2,1.525,0.9902,581,0
SPY190807P285,2019-08-05,2019-08-05 09:35:02,1.54,1.0,34,1.53,0.9935,100,1.55,1.0064,2,1.535,0.9967,581,0
SPY190807P285,2019-08-05,2019-08-05 09:35:03,1.56,1.0129,389,1.52,0.987,5,1.54,1.0,20,1.54,1.0,601,20
SPY190807P285,2019-08-05,2019-08-05 09:35:03,1.54,1.0,134,1.52,0.987,80,1.54,1.0,20,1.53,0.9935,601,0
SPY190807P285,2019-08-05,2019-08-05 09:35:04,1.54,1.0,90,1.51,0.9805,33,1.54,1.0,20,1.525,0.9902,601,0
SPY190807P285,2019-08-05,2019-08-05 09:35:04,1.53,0.9935,94,1.51,0.9805,5,1.54,1.0,20,1.52,0.987,601,0
SPY190807P285,2019-08-05,2019-08-05 09:35:05,1.55,1.0064,140,1.5,0.974,19,1.53,0.9935,3,1.525,0.9902,604,3
SPY190807P285,2019-08-05,2019-08-05 09:35:05,1.53,0.9935,94,1.51,0.9805,19,1.54,1.0,20,1.52,0.987,601,0
SPY190807P285,2019-08-05,2019-08-05 09:35:06,1.55,1.0064,140,1.52,0.987,5,1.53,0.9935,3,1.535,0.9967,604,0
SPY190807P285,2019-08-05,2019-08-05 09:35:07,1.54,1.0,214,1.51,0.9805,45,1.53,0.9935,3,1.525,0.9902,604,0
SPY190807P285,2019-08-05,2019-08-05 09:35:07,1.53,0.9935,60,1.51,0.9805,16,1.53,0.9935,3,1.52,0.987,604,0
SPY190807P285,2019-08-05,2019-08-05 09:35:08,1.53,0.9935,264,1.49,0.9675,60,1.53,0.9935,3,1.51,0.9805,604,0
SPY190807P285,2019-08-05,2019-08-05 09:35:08,1.53,0.9935,298,1.5,0.974,7,1.53,0.9935,3,1.515,0.9837,604,0
SPY190807P285,2019-08-05,2019-08-05 09:35:09,1.53,0.9935,536,1.49,0.9675,77,1.53,0.9935,3,1.51,0.9805,604,0
SPY190807P285,2019-08-05,2019-08-05 09:35:09,1.52,0.987,164,1.49,0.9675,16,1.53,0.9935,3,1.505,0.9772,604,0
SPY190807P285,2019-08-05,2019-08-05 09:35:10,1.52,0.987,235,1.49,0.9675,16,1.53,0.9935,3,1.505,0.9772,604,0
SPY190807P285,2019-08-05,2019-08-05 09:35:10,1.5,0.974,162,1.48,0.961,1,1.53,0.9935,3,1.49,0.9675,604,0
SPY190807P285,2019-08-05,2019-08-05 09:35:11,1.51,0.9805,140,1.48,0.961,15,1.53,0.9935,3,1.495,0.9707,604,0
SPY190807P285,2019-08-05,2019-08-05 09:35:11,1.49,0.9675,34,1.48,0.961,71,1.53,0.9935,3,1.485,0.9642,604,0
SPY190807P285,2019-08-05,2019-08-05 09:35:12,1.51,0.9805,77,1.49,0.9675,5,1.53,0.9935,3,1.5,0.974,604,0
SPY190807P285,2019-08-05,2019-08-05 09:35:12,1.51,0.9805,94,1.49,0.9675,5,1.53,0.9935,3,1.5,0.974,604,0
SPY190807P285,2019-08-05,2019-08-05 09:35:13,1.51,0.9805,77,1.49,0.9675,5,1.53,0.9935,3,1.5,0.974,604,0
SPY190807P285,2019-08-05,2019-08-05 09:35:14,1.51,0.9805,94,1.49,0.9675,33,1.53,0.9935,3,1.5,0.974,604,0
SPY190807P285,2019-08-05,2019-08-05 09:35:14,1.51,0.9805,94,1.48,0.961,60,1.53,0.9935,3,1.495,0.9707,604,0
SPY190807P285,2019-08-05,2019-08-05 09:35:15,1.51,0.9805,94,1.49,0.9675,22,1.53,0.9935,3,1.5,0.974,604,0
SPY190807P285,2019-08-05,2019-08-05 09:35:15,1.52,0.987,20,1.5,0.974,16,1.53,0.9935,3,1.51,0.9805,604,0
SPY190807P285,2019-08-05,2019-08-05 09:35:16,1.52,0.987,100,1.5,0.974,5,1.53,0.9935,3,1.51,0.9805,604,0
SPY190807P285,2019-08-05,2019-08-05 09:35:16,1.51,0.9805,60,1.5,0.974,48,1.53,0.9935,3,1.505,0.9772,604,0
SPY190807P285,2019-08-05,2019-08-05 09:35:17,1.53,0.9935,77,1.5,0.974,33,1.53,0.9935,3,1.515,0.9837,604,0
SPY190807P285,2019-08-05,2019-08-05 09:35:18,1.52,0.987,60,1.5,0.974,33,1.53,0.9935,3,1.51,0.9805,604,0
SPY190807P285,2019-08-05,2019-08-05 09:35:18,1.52,0.987,75,1.51,0.9805,5,1.53,0.9935,3,1.515,0.9837,604,0
SPY190807P285,2019-08-05,2019-08-05 09:35:19,1.53,0.9935,60,1.52,0.987,100,1.53,0.9935,3,1.525,0.9902,604,0
SPY190807P285,2019-08-05,2019-08-05 09:35:19,1.53,0.9935,75,1.51,0.9805,28,1.53,0.9935,3,1.52,0.987,604,0
SPY190807P285,2019-08-05,2019-08-05 09:35:20,1.53,0.9935,94,1.51,0.9805,100,1.53,0.9935,3,1.52,0.987,604,0
SPY190807P285,2019-08-05,2019-08-05 09:35:21,1.55,1.0064,134,1.52,0.987,40,1.53,0.9935,3,1.535,0.9967,604,0
SPY190807P285,2019-08-05,2019-08-05 09:35:21,1.55,1.0064,134,1.53,0.9935,43,1.53,0.9935,3,1.54,1.0,604,0
SPY190807P285,2019-08-05,2019-08-05 09:35:22,1.55,1.0064,70,1.53,0.9935,87,1.53,0.9935,3,1.54,1.0,604,0
SPY190807P285,2019-08-05,2019-08-05 09:35:22,1.55,1.0064,60,1.53,0.9935,5,1.53,0.9935,3,1.54,1.0,604,0
SPY190807P285,2019-08-05,2019-08-05 09:35:23,1.55,1.0064,70,1.53,0.9935,77,1.53,0.9935,3,1.54,1.0,604,0
SPY190807P285,2019-08-05,2019-08-05 09:35:23,1.55,1.0064,70,1.53,0.9935,75,1.53,0.9935,3,1.54,1.0,604,0
SPY190807P285,2019-08-05,2019-08-05 09:35:24,1.55,1.0064,70,1.53,0.9935,16,1.53,0.9935,3,1.54,1.0,604,0
SPY190807P285,2019-08-05,2019-08-05 09:35:24,1.55,1.0064,10,1.52,0.987,7,1.53,0.9935,3,1.535,0.9967,604,0
SPY190807P285,2019-08-05,2019-08-05 09:35:25,1.54,1.0,80,1.52,0.987,13,1.53,0.9935,3,1.53,0.9935,604,0
SPY190807P285,2019-08-05,2019-08-05 09:35:25,1.54,1.0,70,1.52,0.987,13,1.53,0.9935,3,1.53,0.9935,604,0
SPY190807P285,2019-08-05,2019-08-05 09:35:26,1.54,1.0,76,1.52,0.987,154,1.54,1.0,35,1.53,0.9935,639,35
SPY190807P285,2019-08-05,2019-08-05 09:35:26,1.54,1.0,76,1.53,0.9935,69,1.54,1.0,35,1.535,0.9967,639,0
SPY190807P285,2019-08-05,2019-08-05 09:35:27,1.53,0.9935,89,1.51,0.9805,163,1.54,1.0,35,1.52,0.987,639,0
SPY190807P285,2019-08-05,2019-08-05 09:35:27,1.54,1.0,60,1.52,0.987,124,1.54,1.0,35,1.53,0.9935,639,0
SPY190807P285,2019-08-05,2019-08-05 09:35:28,1.52,0.987,34,1.5,0.974,163,1.54,1.0,35,1.51,0.9805,639,0
SPY190807P285,2019-08-05,2019-08-05 09:35:28,1.53,0.9935,117,1.51,0.9805,106,1.54,1.0,35,1.52,0.987,639,0
SPY190807P285,2019-08-05,2019-08-05 09:35:29,1.52,0.987,60,1.5,0.974,128,1.54,1.0,35,1.51,0.9805,639,0
SPY190807P285,2019-08-05,2019-08-05 09:35:29,1.52,0.987,77,1.5,0.974,163,1.54,1.0,35,1.51,0.9805,639,0
SPY190807P285,2019-08-05,2019-08-05 09:35:30,1.53,0.9935,94,1.51,0.9805,16,1.54,1.0,35,1.52,0.987,639,0
SPY190807P285,2019-08-05,2019-08-05 09:35:30,1.53,0.9935,94,1.51,0.9805,128,1.54,1.0,35,1.52,0.987,639,0
SPY190807P285,2019-08-05,2019-08-05 09:35:31,1.54,1.0,134,1.51,0.9805,18,1.54,1.0,35,1.525,0.9902,639,0
SPY190807P285,2019-08-05,2019-08-05 09:35:31,1.54,1.0,94,1.51,0.9805,18,1.54,1.0,35,1.525,0.9902,639,0
SPY190807P285,2019-08-05,2019-08-05 09:35:32,1.53,0.9935,1,1.52,0.987,128,1.53,0.9935,40,1.525,0.9902,679,0
SPY190807P285,2019-08-05,2019-08-05 09:35:32,1.53,0.9935,1,1.52,0.987,128,1.53,0.9935,40,1.525,0.9902,679,40
SPY190807P285,2019-08-05,2019-08-05 09:35:33,1.55,1.0064,60,1.53,0.9935,187,1.53,0.9935,40,1.54,1.0,679,0
SPY190807P285,2019-08-05,2019-08-05 09:35:33,1.54,1.0,20,1.52,0.987,162,1.53,0.9935,40,1.53,0.9935,679,0
SPY190807P285,2019-08-05,2019-08-05 09:35:34,1.55,1.0064,60,1.53,0.9935,154,1.53,0.9935,40,1.54,1.0,679,0
SPY190807P285,2019-08-05,2019-08-05 09:35:35,1.55,1.0064,70,1.53,0.9935,153,1.53,0.9935,40,1.54,1.0,679,0
SPY190807P285,2019-08-05,2019-08-05 09:35:35,1.55,1.0064,72,1.53,0.9935,116,1.53,0.9935,40,1.54,1.0,679,0
SPY190807P285,2019-08-05,2019-08-05 09:35:36,1.55,1.0064,72,1.53,0.9935,131,1.53,0.9935,40,1.54,1.0,679,0
SPY190807P285,2019-08-05,2019-08-05 09:35:37,1.55,1.0064,72,1.53,0.9935,146,1.53,0.9935,40,1.54,1.0,679,0
SPY190807P285,2019-08-05,2019-08-05 09:35:38,1.55,1.0064,151,1.53,0.9935,31,1.53,0.9935,40,1.54,1.0,679,0
SPY190807P285,2019-08-05,2019-08-05 09:35:38,1.55,1.0064,151,1.52,0.987,172,1.53,0.9935,40,1.535,0.9967,679,0
SPY190807P285,2019-08-05,2019-08-05 09:35:39,1.54,1.0,102,1.52,0.987,97,1.53,0.9935,40,1.53,0.9935,679,0
SPY190807P285,2019-08-05,2019-08-05 09:35:39,1.55,1.0064,151,1.52,0.987,172,1.53,0.9935,40,1.535,0.9967,679,0
SPY190807P285,2019-08-05,2019-08-05 09:35:40,1.54,1.0,102,1.52,0.987,120,1.53,0.9935,40,1.53,0.9935,679,0
SPY190807P285,2019-08-05,2019-08-05 09:35:40,1.54,1.0,70,1.5,0.974,327,1.53,0.9935,40,1.52,0.987,679,0
SPY190807P285,2019-08-05,2019-08-05 09:35:41,1.53,0.9935,60,1.51,0.9805,4,1.53,0.9935,40,1.52,0.987,679,0
SPY190807P285,2019-08-05,2019-08-05 09:35:41,1.54,1.0,90,1.52,0.987,134,1.53,0.9935,40,1.53,0.9935,679,0
SPY190807P285,2019-08-05,2019-08-05 09:35:42,1.54,1.0,90,1.52,0.987,101,1.53,0.9935,40,1.53,0.9935,679,0
SPY190807P285,2019-08-05,2019-08-05 09:35:42,1.54,1.0,119,1.52,0.987,150,1.53,0.9935,40,1.53,0.9935,679,0
SPY190807P285,2019-08-05,2019-08-05 09:35:43,1.54,1.0,90,1.52,0.987,172,1.53,0.9935,40,1.53,0.9935,679,0
SPY190807P285,2019-08-05,2019-08-05 09:35:43,1.54,1.0,70,1.52,0.987,167,1.53,0.9935,40,1.53,0.9935,679,0
SPY190807P285,2019-08-05,2019-08-05 09:35:44,1.54,1.0,90,1.52,0.987,172,1.53,0.9935,40,1.53,0.9935,679,0
SPY190807P285,2019-08-05,2019-08-05 09:35:45,1.52,0.987,12,1.5,0.974,66,1.53,0.9935,40,1.51,0.9805,679,0
SPY190807P285,2019-08-05,2019-08-05 09:35:45,1.53,0.9935,100,1.5,0.974,194,1.53,0.9935,40,1.515,0.9837,679,0
SPY190807P285,2019-08-05,2019-08-05 09:35:46,1.54,1.0,93,1.52,0.987,112,1.53,0.9935,40,1.53,0.9935,679,0
SPY190807P285,2019-08-05,2019-08-05 09:35:46,1.53,0.9935,71,1.51,0.9805,115,1.53,0.9935,40,1.52,0.987,679,0
SPY190807P285,2019-08-05,2019-08-05 09:35:47,1.53,0.9935,60,1.51,0.9805,156,1.53,0.9935,40,1.52,0.987,679,0
SPY190807P285,2019-08-05,2019-08-05 09:35:47,1.53,0.9935,60,1.52,0.987,5,1.53,0.9935,40,1.525,0.9902,679,0
SPY190807P285,2019-08-05,2019-08-05 09:35:48,1.53,0.9935,93,1.51,0.9805,133,1.53,0.9935,40,1.52,0.987,679,0
SPY190807P285,2019-08-05,2019-08-05 09:35:48,1.53,0.9935,77,1.51,0.9805,172,1.53,0.9935,40,1.52,0.987,679,0
SPY190807P285,2019-08-05,2019-08-05 09:35:49,1.53,0.9935,77,1.51,0.9805,178,1.53,0.9935,40,1.52,0.987,679,0
SPY190807P285,2019-08-05,2019-08-05 09:35:49,1.54,1.0,60,1.52,0.987,33,1.53,0.9935,40,1.53,0.9935,679,0
SPY190807P285,2019-08-05,2019-08-05 09:35:50,1.55,1.0064,120,1.52,0.987,171,1.53,0.9935,40,1.535,0.9967,679,0
SPY190807P285,2019-08-05,2019-08-05 09:35:50,1.57,1.0194,357,1.53,0.9935,171,1.53,0.9935,40,1.55,1.0064,679,0
SPY190807P285,2019-08-05,2019-08-05 09:35:51,1.56,1.0129,100,1.54,1.0,132,1.53,0.9935,40,1.55,1.0064,679,0
SPY190807P285,2019-08-05,2019-08-05 09:35:51,1.56,1.0129,150,1.53,0.9935,171,1.53,0.9935,40,1.545,1.0032,679,0
SPY190807P285,2019-08-05,2019-08-05 09:35:52,1.56,1.0129,100,1.54,1.0,132,1.53,0.9935,40,1.55,1.0064,679,0
SPY190807P285,2019-08-05,2019-08-05 09:35:52,1.56,1.0129,144,1.53,0.9935,172,1.53,0.9935,40,1.545,1.0032,679,0
SPY190807P285,2019-08-05,2019-08-05 09:35:53,1.55,1.0064,100,1.53,0.9935,83,1.53,0.9935,40,1.54,1.0,679,0
SPY190807P285,2019-08-05,2019-08-05 09:35:53,1.56,1.0129,149,1.53,0.9935,156,1.53,0.9935,40,1.545,1.0032,679,0
SPY190807P285,2019-08-05,2019-08-05 09:35:54,1.55,1.0064,60,1.53,0.9935,44,1.53,0.9935,40,1.54,1.0,679,0
SPY190807P285,2019-08-05,2019-08-05 09:35:54,1.55,1.0064,60,1.54,1.0,83,1.53,0.9935,40,1.545,1.0032,679,0
SPY190807P285,2019-08-05,2019-08-05 09:35:55,1.55,1.0064,26,1.54,1.0,117,1.53,0.9935,40,1.545,1.0032,679,0
SPY190807P285,2019-08-05,2019-08-05 09:35:55,1.55,1.0064,77,1.54,1.0,5,1.53,0.9935,40,1.545,1.0032,679,0
SPY190807P285,2019-08-05,2019-08-05 09:35:56,1.55,1.0064,26,1.54,1.0,117,1.53,0.9935,40,1.545,1.0032,679,0
SPY190807P285,2019-08-05,2019-08-05 09:35:57,1.55,1.0064,1,1.54,1.0,132,1.53,0.9935,40,1.545,1.0032,679,0
SPY190807P285,2019-08-05,2019-08-05 09:35:58,1.57,1.0194,60,1.55,1.0064,5,1.55,1.0064,1,1.56,1.0129,680,0
SPY190807P285,2019-08-05,2019-08-05 09:35:58,1.57,1.0194,90,1.54,1.0,96,1.55,1.0064,1,1.555,1.0097,680,1
SPY190807P285,2019-08-05,2019-08-05 09:35:59,1.57,1.0194,93,1.55,1.0064,121,1.55,1.0064,1,1.56,1.0129,680,0
SPY190807P285,2019-08-05,2019-08-05 09:35:59,1.57,1.0194,110,1.54,1.0,171,1.55,1.0064,1,1.555,1.0097,680,0
SPY190807P285,2019-08-05,2019-08-05 09:36:00,1.57,1.0194,72,1.55,1.0064,140,1.55,1.0064,1,1.56,1.0129,680,0
SPY190807P285,2019-08-05,2019-08-05 09:36:00,1.57,1.0194,133,1.55,1.0064,63,1.55,1.0064,1,1.56,1.0129,680,0
SPY190807P285,2019-08-05,2019-08-05 09:36:01,1.57,1.0194,60,1.55,1.0064,97,1.55,1.0064,1,1.56,1.0129,680,0
SPY190807P285,2019-08-05,2019-08-05 09:36:01,1.57,1.0194,93,1.55,1.0064,85,1.55,1.0064,1,1.56,1.0129,680,0
SPY190807P285,2019-08-05,2019-08-05 09:36:02,1.58,1.0259,33,1.55,1.0064,162,1.55,1.0064,1,1.565,1.0162,680,0
SPY190807P285,2019-08-05,2019-08-05 09:36:02,1.58,1.0259,85,1.56,1.0129,163,1.55,1.0064,1,1.57,1.0194,680,0
SPY190807P285,2019-08-05,2019-08-05 09:36:03,1.58,1.0259,85,1.57,1.0194,5,1.55,1.0064,1,1.575,1.0227,680,0
SPY190807P285,2019-08-05,2019-08-05 09:36:03,1.59,1.0324,149,1.57,1.0194,5,1.55,1.0064,1,1.58,1.0259,680,0
SPY190807P285,2019-08-05,2019-08-05 09:36:04,1.6,1.0389,93,1.58,1.0259,24,1.55,1.0064,1,1.59,1.0324,680,0
SPY190807P285,2019-08-05,2019-08-05 09:36:04,1.59,1.0324,72,1.57,1.0194,162,1.55,1.0064,1,1.58,1.0259,680,0
SPY190807P285,2019-08-05,2019-08-05 09:36:05,1.6,1.0389,3,1.58,1.0259,582,1.55,1.0064,1,1.59,1.0324,680,0
SPY190807P285,2019-08-05,2019-08-05 09:36:05,1.6,1.0389,3,1.59,1.0324,175,1.55,1.0064,1,1.595,1.0357,680,0
SPY190807P285,2019-08-05,2019-08-05 09:36:06,1.6,1.0389,3,1.59,1.0324,159,1.55,1.0064,1,1.595,1.0357,680,0
SPY190807P285,2019-08-05,2019-08-05 09:36:06,1.62,1.0519,110,1.6,1.0389,156,1.6,1.0389,1,1.61,1.0454,684,4
SPY190807P285,2019-08-05,2019-08-05 09:36:07,1.62,1.0519,72,1.6,1.0389,161,1.6,1.0389,1,1.61,1.0454,684,0
SPY190807P285,2019-08-05,2019-08-05 09:36:08,1.62,1.0519,60,1.6,1.0389,100,1.62,1.0519,10,1.61,1.0454,694,10
SPY190807P285,2019-08-05,2019-08-05 09:36:08,1.61,1.0454,33,1.58,1.0259,372,1.62,1.0519,10,1.595,1.0357,694,0
SPY190807P285,2019-08-05,2019-08-05 09:36:09,1.62,1.0519,72,1.59,1.0324,5,1.62,1.0519,10,1.605,1.0422,694,0
SPY190807P285,2019-08-05,2019-08-05 09:36:10,1.61,1.0454,17,1.6,1.0389,5,1.62,1.0519,10,1.605,1.0422,694,0
SPY190807P285,2019-08-05,2019-08-05 09:36:10,1.62,1.0519,77,1.6,1.0389,5,1.62,1.0519,10,1.61,1.0454,694,0
SPY190807P285,2019-08-05,2019-08-05 09:36:11,1.61,1.0454,17,1.6,1.0389,16,1.62,1.0519,10,1.605,1.0422,694,0
SPY190807P285,2019-08-05,2019-08-05 09:36:11,1.61,1.0454,17,1.6,1.0389,100,1.62,1.0519,10,1.605,1.0422,694,0
SPY190807P285,2019-08-05,2019-08-05 09:36:12,1.62,1.0519,79,1.6,1.0389,115,1.62,1.0519,10,1.61,1.0454,694,0
SPY190807P285,2019-08-05,2019-08-05 09:36:12,1.62,1.0519,72,1.6,1.0389,100,1.62,1.0519,10,1.61,1.0454,694,0
SPY190807P285,2019-08-05,2019-08-05 09:36:13,1.62,1.0519,93,1.6,1.0389,127,1.62,1.0519,10,1.61,1.0454,694,0
SPY190807P285,2019-08-05,2019-08-05 09:36:13,1.62,1.0519,80,1.6,1.0389,142,1.62,1.0519,10,1.61,1.0454,694,0
SPY190807P285,2019-08-05,2019-08-05 09:36:14,1.64,1.0649,5,1.6,1.0389,113,1.61,1.0454,30,1.62,1.0519,724,30
SPY190807P285,2019-08-05,2019-08-05 09:36:14,1.62,1.0519,93,1.6,1.0389,142,1.62,1.0519,10,1.61,1.0454,694,0
SPY190807P285,2019-08-05,2019-08-05 09:36:15,1.63,1.0584,80,1.61,1.0454,150,1.63,1.0584,1,1.62,1.0519,725,1
SPY190807P285,2019-08-05,2019-08-05 09:36:15,1.63,1.0584,80,1.61,1.0454,173,1.61,1.0454,30,1.62,1.0519,724,0
SPY190807P285,2019-08-05,2019-08-05 09:36:16,1.63,1.0584,80,1.61,1.0454,150,1.63,1.0584,1,1.62,1.0519,725,0
SPY190807P285,2019-08-05,2019-08-05 09:36:16,1.63,1.0584,93,1.61,1.0454,128,1.63,1.0584,1,1.62,1.0519,725,0
SPY190807P285,2019-08-05,2019-08-05 09:36:17,1.63,1.0584,183,1.6,1.0389,163,1.61,1.0454,18,1.615,1.0487,743,18
SPY190807P285,2019-08-05,2019-08-05 09:36:17,1.63,1.0584,208,1.6,1.0389,163,1.63,1.0584,1,1.615,1.0487,725,0
SPY190807P285,2019-08-05,2019-08-05 09:36:18,1.62,1.0519,17,1.6,1.0389,150,1.61,1.0454,18,1.61,1.0454,743,0
SPY190807P285,2019-08-05,2019-08-05 09:36:18,1.62,1.0519,33,1.6,1.0389,150,1.61,1.0454,18,1.61,1.0454,743,0
SPY190807P285,2019-08-05,2019-08-05 09:36:19,1.62,1.0519,17,1.6,1.0389,150,1.61,1.0454,18,1.61,1.0454,743,0
SPY190807P285,2019-08-05,2019-08-05 09:36:19,1.62,1.0519,17,1.61,1.0454,117,1.61,1.0454,18,1.615,1.0487,743,0
SPY190807P285,2019-08-05,2019-08-05 09:36:20,1.63,1.0584,128,1.61,1.0454,16,1.61,1.0454,18,1.62,1.0519,743,0
SPY190807P285,2019-08-05,2019-08-05 09:36:20,1.63,1.0584,81,1.61,1.0454,140,1.61,1.0454,18,1.62,1.0519,743,0
SPY190807P285,2019-08-05,2019-08-05 09:36:21,1.63,1.0584,81,1.61,1.0454,85,1.61,1.0454,18,1.62,1.0519,743,0
SPY190807P285,2019-08-05,2019-08-05 09:36:21,1.63,1.0584,81,1.61,1.0454,70,1.61,1.0454,18,1.62,1.0519,743,0
SPY190807P285,2019-08-05,2019-08-05 09:36:22,1.63,1.0584,81,1.61,1.0454,69,1.61,1.0454,18,1.62,1.0519,743,0
SPY190807P285,2019-08-05,2019-08-05 09:36:22,1.63,1.0584,81,1.61,1.0454,83,1.61,1.0454,18,1.62,1.0519,743,0
SPY190807P285,2019-08-05,2019-08-05 09:36:23,1.63,1.0584,66,1.62,1.0519,5,1.61,1.0454,18,1.625,1.0551,743,0
SPY190807P285,2019-08-05,2019-08-05 09:36:23,1.63,1.0584,81,1.62,1.0519,100,1.61,1.0454,18,1.625,1.0551,743,0
SPY190807P285,2019-08-05,2019-08-05 09:36:24,1.62,1.0519,60,1.61,1.0454,5,1.62,1.0519,1,1.615,1.0487,744,1
SPY190807P285,2019-08-05,2019-08-05 09:36:24,1.63,1.0584,117,1.61,1.0454,161,1.61,1.0454,18,1.62,1.0519,743,0
SPY190807P285,2019-08-05,2019-08-05 09:36:25,1.62,1.0519,60,1.61,1.0454,5,1.62,1.0519,1,1.615,1.0487,744,0
SPY190807P285,2019-08-05,2019-08-05 09:36:25,1.62,1.0519,60,1.61,1.0454,8,1.62,1.0519,1,1.615,1.0487,745,1
SPY190807P285,2019-08-05,2019-08-05 09:36:26,1.62,1.0519,234,1.61,1.0454,32,1.61,1.0454,31,1.615,1.0487,777,32
SPY190807P285,2019-08-05,2019-08-05 09:36:26,1.62,1.0519,234,1.59,1.0324,124,1.61,1.0454,31,1.605,1.0422,777,0
SPY190807P285,2019-08-05,2019-08-05 09:36:27,1.62,1.0519,79,1.6,1.0389,150,1.61,1.0454,31,1.61,1.0454,777,0
SPY190807P285,2019-08-05,2019-08-05 09:36:27,1.62,1.0519,234,1.6,1.0389,132,1.61,1.0454,31,1.61,1.0454,777,0
SPY190807P285,2019-08-05,2019-08-05 09:36:28,1.62,1.0519,79,1.6,1.0389,135,1.61,1.0454,31,1.61,1.0454,777,0
SPY190807P285,2019-08-05,2019-08-05 09:36:28,1.62,1.0519,79,1.6,1.0389,132,1.61,1.0454,31,1.61,1.0454,777,0
SPY190807P285,2019-08-05,2019-08-05 09:36:29,1.62,1.0519,79,1.6,1.0389,132,1.61,1.0454,31,1.61,1.0454,777,0
SPY190807P285,2019-08-05,2019-08-05 09:36:29,1.63,1.0584,150,1.61,1.0454,56,1.61,1.0454,31,1.62,1.0519,777,0
SPY190807P285,2019-08-05,2019-08-05 09:36:30,1.63,1.0584,150,1.61,1.0454,35,1.61,1.0454,31,1.62,1.0519,777,0
SPY190807P285,2019-08-05,2019-08-05 09:36:30,1.63,1.0584,150,1.61,1.0454,16,1.61,1.0454,31,1.62,1.0519,777,0
SPY190807P285,2019-08-05,2019-08-05 09:36:31,1.61,1.0454,93,1.6,1.0389,16,1.61,1.0454,31,1.605,1.0422,777,0
SPY190807P285,2019-08-05,2019-08-05 09:36:31,1.62,1.0519,489,1.6,1.0389,47,1.61,1.0454,31,1.61,1.0454,777,0
SPY190807P285,2019-08-05,2019-08-05 09:36:32,1.61,1.0454,58,1.6,1.0389,16,1.61,1.0454,31,1.605,1.0422,777,0
SPY190807P285,2019-08-05,2019-08-05 09:36:32,1.62,1.0519,438,1.6,1.0389,31,1.61,1.0454,31,1.61,1.0454,777,0
SPY190807P285,2019-08-05,2019-08-05 09:36:33,1.62,1.0519,72,1.61,1.0454,16,1.61,1.0454,31,1.615,1.0487,777,0
SPY190807P285,2019-08-05,2019-08-05 09:36:33,1.62,1.0519,72,1.6,1.0389,88,1.61,1.0454,31,1.61,1.0454,777,0
SPY190807P285,2019-08-05,2019-08-05 09:36:34,1.62,1.0519,72,1.6,1.0389,88,1.61,1.0454,31,1.61,1.0454,777,0
SPY190807P285,2019-08-05,2019-08-05 09:36:35,1.62,1.0519,72,1.6,1.0389,100,1.61,1.0454,31,1.61,1.0454,777,0
SPY190807P285,2019-08-05,2019-08-05 09:36:35,1.62,1.0519,80,1.6,1.0389,149,1.61,1.0454,31,1.61,1.0454,777,0
SPY190807P285,2019-08-05,2019-08-05 09:36:36,1.63,1.0584,360,1.6,1.0389,149,1.61,1.0454,31,1.615,1.0487,777,0
SPY190807P285,2019-08-05,2019-08-05 09:36:36,1.62,1.0519,80,1.6,1.0389,156,1.61,1.0454,31,1.61,1.0454,777,0
SPY190807P285,2019-08-05,2019-08-05 09:36:37,1.62,1.0519,80,1.6,1.0389,149,1.61,1.0454,31,1.61,1.0454,777,0
SPY190807P285,2019-08-05,2019-08-05 09:36:38,1.62,1.0519,80,1.6,1.0389,149,1.61,1.0454,31,1.61,1.0454,777,0
SPY190807P285,2019-08-05,2019-08-05 09:36:39,1.62,1.0519,80,1.6,1.0389,128,1.61,1.0454,31,1.61,1.0454,777,0
SPY190807P285,2019-08-05,2019-08-05 09:36:39,1.62,1.0519,80,1.6,1.0389,221,1.61,1.0454,31,1.61,1.0454,777,0
SPY190807P285,2019-08-05,2019-08-05 09:36:40,1.63,1.0584,80,1.61,1.0454,132,1.61,1.0454,65,1.62,1.0519,877,0
SPY190807P285,2019-08-05,2019-08-05 09:36:40,1.63,1.0584,80,1.61,1.0454,132,1.61,1.0454,65,1.62,1.0519,877,100
SPY190807P285,2019-08-05,2019-08-05 09:36:41,1.63,1.0584,80,1.61,1.0454,111,1.61,1.0454,65,1.62,1.0519,877,0
SPY190807P285,2019-08-05,2019-08-05 09:36:41,1.63,1.0584,80,1.61,1.0454,123,1.61,1.0454,65,1.62,1.0519,877,0
SPY190807P285,2019-08-05,2019-08-05 09:36:42,1.63,1.0584,80,1.62,1.0519,16,1.61,1.0454,65,1.625,1.0551,877,0
SPY190807P285,2019-08-05,2019-08-05 09:36:42,1.63,1.0584,17,1.61,1.0454,150,1.61,1.0454,65,1.62,1.0519,877,0
SPY190807P285,2019-08-05,2019-08-05 09:36:43,1.63,1.0584,93,1.61,1.0454,146,1.61,1.0454,65,1.62,1.0519,877,0
SPY190807P285,2019-08-05,2019-08-05 09:36:44,1.63,1.0584,150,1.61,1.0454,5,1.61,1.0454,65,1.62,1.0519,877,0
SPY190807P285,2019-08-05,2019-08-05 09:36:44,1.62,1.0519,33,1.61,1.0454,5,1.61,1.0454,65,1.615,1.0487,877,0
SPY190807P285,2019-08-05,2019-08-05 09:36:45,1.63,1.0584,144,1.61,1.0454,5,1.61,1.0454,65,1.62,1.0519,877,0
SPY190807P285,2019-08-05,2019-08-05 09:36:45,1.62,1.0519,86,1.6,1.0389,135,1.61,1.0454,65,1.61,1.0454,877,0
SPY190807P285,2019-08-05,2019-08-05 09:36:46,1.62,1.0519,86,1.6,1.0389,135,1.61,1.0454,65,1.61,1.0454,877,0
SPY190807P285,2019-08-05,2019-08-05 09:36:46,1.62,1.0519,60,1.61,1.0454,5,1.61,1.0454,65,1.615,1.0487,877,0
SPY190807P285,2019-08-05,2019-08-05 09:36:47,1.62,1.0519,60,1.6,1.0389,5,1.61,1.0454,65,1.61,1.0454,877,0
SPY190807P285,2019-08-05,2019-08-05 09:36:47,1.63,1.0584,126,1.61,1.0454,123,1.61,1.0454,65,1.62,1.0519,877,0
SPY190807P285,2019-08-05,2019-08-05 09:36:48,1.63,1.0584,86,1.61,1.0454,123,1.61,1.0454,65,1.62,1.0519,877,0
SPY190807P285,2019-08-05,2019-08-05 09:36:48,1.63,1.0584,76,1.61,1.0454,159,1.61,1.0454,65,1.62,1.0519,877,0
SPY190807P285,2019-08-05,2019-08-05 09:36:49,1.63,1.0584,76,1.61,1.0454,159,1.61,1.0454,65,1.62,1.0519,877,0
SPY190807P285,2019-08-05,2019-08-05 09:36:50,1.63,1.0584,133,1.61,1.0454,5,1.62,1.0519,5,1.62,1.0519,882,0
SPY190807P285,2019-08-05,2019-08-05 09:36:50,1.63,1.0584,150,1.61,1.0454,15,1.62,1.0519,5,1.62,1.0519,882,5
SPY190807P285,2019-08-05,2019-08-05 09:36:51,1.63,1.0584,133,1.61,1.0454,5,1.62,1.0519,5,1.62,1.0519,882,0
SPY190807P285,2019-08-05,2019-08-05 09:36:52,1.63,1.0584,133,1.62,1.0519,5,1.62,1.0519,5,1.625,1.0551,882,0
SPY190807P285,2019-08-05,2019-08-05 09:36:52,1.63,1.0584,133,1.61,1.0454,123,1.62,1.0519,5,1.62,1.0519,882,0
SPY190807P285,2019-08-05,2019-08-05 09:36:53,1.63,1.0584,133,1.62,1.0519,5,1.62,1.0519,5,1.625,1.0551,882,0
SPY190807P285,2019-08-05,2019-08-05 09:36:54,1.63,1.0584,80,1.62,1.0519,5,1.62,1.0519,5,1.625,1.0551,882,0
SPY190807P285,2019-08-05,2019-08-05 09:36:54,1.65,1.0714,582,1.62,1.0519,5,1.63,1.0584,5,1.635,1.0616,887,5
SPY190807P285,2019-08-05,2019-08-05 09:36:55,1.63,1.0584,33,1.62,1.0519,5,1.62,1.0519,1,1.625,1.0551,888,1
SPY190807P285,2019-08-05,2019-08-05 09:36:55,1.64,1.0649,100,1.62,1.0519,5,1.63,1.0584,5,1.63,1.0584,887,0
SPY190807P285,2019-08-05,2019-08-05 09:36:56,1.63,1.0584,33,1.62,1.0519,5,1.62,1.0519,1,1.625,1.0551,888,0
SPY190807P285,2019-08-05,2019-08-05 09:36:57,1.63,1.0584,33,1.62,1.0519,5,1.62,1.0519,1,1.625,1.0551,888,0
SPY190807P285,2019-08-05,2019-08-05 09:36:57,1.63,1.0584,93,1.61,1.0454,100,1.63,1.0584,5,1.62,1.0519,893,5
SPY190807P285,2019-08-05,2019-08-05 09:36:58,1.63,1.0584,93,1.61,1.0454,100,1.63,1.0584,5,1.62,1.0519,893,0
SPY190807P285,2019-08-05,2019-08-05 09:36:58,1.63,1.0584,1,1.61,1.0454,100,1.63,1.0584,5,1.62,1.0519,893,0
SPY190807P285,2019-08-05,2019-08-05 09:36:59,1.64,1.0649,149,1.63,1.0584,1,1.63,1.0584,5,1.635,1.0616,893,0
SPY190807P285,2019-08-05,2019-08-05 09:36:59,1.64,1.0649,330,1.62,1.0519,135,1.63,1.0584,5,1.63,1.0584,893,0
SPY190807P285,2019-08-05,2019-08-05 09:37:00,1.65,1.0714,184,1.62,1.0519,135,1.63,1.0584,5,1.635,1.0616,893,0
SPY190807P285,2019-08-05,2019-08-05 09:37:00,1.64,1.0649,117,1.62,1.0519,23,1.63,1.0584,5,1.63,1.0584,893,0
SPY190807P285,2019-08-05,2019-08-05 09:37:01,1.65,1.0714,93,1.63,1.0584,120,1.63,1.0584,5,1.64,1.0649,893,0
SPY190807P285,2019-08-05,2019-08-05 09:37:02,1.65,1.0714,89,1.63,1.0584,157,1.63,1.0584,5,1.64,1.0649,893,0
SPY190807P285,2019-08-05,2019-08-05 09:37:02,1.65,1.0714,77,1.63,1.0584,5,1.63,1.0584,5,1.64,1.0649,893,0
SPY190807P285,2019-08-05,2019-08-05 09:37:03,1.65,1.0714,73,1.64,1.0649,5,1.63,1.0584,5,1.645,1.0681,893,0
SPY190807P285,2019-08-05,2019-08-05 09:37:04,1.65,1.0714,79,1.63,1.0584,147,1.63,1.0584,5,1.64,1.0649,893,0
SPY190807P285,2019-08-05,2019-08-05 09:37:05,1.64,1.0649,33,1.63,1.0584,135,1.63,1.0584,5,1.635,1.0616,893,0
SPY190807P285,2019-08-05,2019-08-05 09:37:05,1.65,1.0714,94,1.64,1.0649,5,1.63,1.0584,5,1.645,1.0681,893,0
SPY190807P285,2019-08-05,2019-08-05 09:37:06,1.64,1.0649,60,1.63,1.0584,3,1.63,1.0584,5,1.635,1.0616,893,0
SPY190807P285,2019-08-05,2019-08-05 09:37:06,1.65,1.0714,94,1.64,1.0649,5,1.63,1.0584,5,1.645,1.0681,893,0
SPY190807P285,2019-08-05,2019-08-05 09:37:07,1.64,1.0649,60,1.6,1.0389,100,1.63,1.0584,3,1.62,1.0519,896,3
SPY190807P285,2019-08-05,2019-08-05 09:37:07,1.65,1.0714,360,1.6,1.0389,15,1.63,1.0584,3,1.625,1.0551,896,0
SPY190807P285,2019-08-05,2019-08-05 09:37:08,1.65,1.0714,1,1.62,1.0519,104,1.63,1.0584,3,1.635,1.0616,896,0
SPY190807P285,2019-08-05,2019-08-05 09:37:08,1.64,1.0649,33,1.63,1.0584,5,1.63,1.0584,3,1.635,1.0616,896,0
SPY190807P285,2019-08-05,2019-08-05 09:37:09,1.65,1.0714,34,1.63,1.0584,5,1.63,1.0584,3,1.64,1.0649,896,0
SPY190807P285,2019-08-05,2019-08-05 09:37:09,1.65,1.0714,110,1.63,1.0584,5,1.63,1.0584,3,1.64,1.0649,896,0
SPY190807P285,2019-08-05,2019-08-05 09:37:10,1.65,1.0714,110,1.62,1.0519,137,1.63,1.0584,3,1.635,1.0616,896,0
SPY190807P285,2019-08-05,2019-08-05 09:37:10,1.65,1.0714,110,1.63,1.0584,100,1.63,1.0584,3,1.64,1.0649,896,0
SPY190807P285,2019-08-05,2019-08-05 09:37:11,1.65,1.0714,110,1.63,1.0584,150,1.63,1.0584,3,1.64,1.0649,896,0
SPY190807P285,2019-08-05,2019-08-05 09:37:12,1.64,1.0649,93,1.62,1.0519,100,1.63,1.0584,3,1.63,1.0584,896,0
SPY190807P285,2019-08-05,2019-08-05 09:37:12,1.64,1.0649,33,1.63,1.0584,15,1.63,1.0584,3,1.635,1.0616,896,0
SPY190807P285,2019-08-05,2019-08-05 09:37:13,1.64,1.0649,93,1.62,1.0519,115,1.63,1.0584,3,1.63,1.0584,896,0
SPY190807P285,2019-08-05,2019-08-05 09:37:13,1.63,1.0584,33,1.62,1.0519,5,1.63,1.0584,3,1.625,1.0551,896,0
SPY190807P285,2019-08-05,2019-08-05 09:37:14,1.63,1.0584,23,1.61,1.0454,170,1.63,1.0584,1,1.62,1.0519,897,1
SPY190807P285,2019-08-05,2019-08-05 09:37:14,1.64,1.0649,234,1.61,1.0454,192,1.63,1.0584,3,1.625,1.0551,896,0
SPY190807P285,2019-08-05,2019-08-05 09:37:15,1.64,1.0649,100,1.61,1.0454,170,1.63,1.0584,1,1.625,1.0551,897,0
SPY190807P285,2019-08-05,2019-08-05 09:37:16,1.64,1.0649,109,1.62,1.0519,155,1.63,1.0584,2,1.63,1.0584,899,0
SPY190807P285,2019-08-05,2019-08-05 09:37:16,1.63,1.0584,30,1.62,1.0519,5,1.63,1.0584,2,1.625,1.0551,899,2
SPY190807P285,2019-08-05,2019-08-05 09:37:17,1.64,1.0649,93,1.62,1.0519,76,1.63,1.0584,2,1.63,1.0584,899,0
SPY190807P285,2019-08-05,2019-08-05 09:37:17,1.64,1.0649,33,1.63,1.0584,123,1.64,1.0649,1,1.635,1.0616,900,1
SPY190807P285,2019-08-05,2019-08-05 09:37:18,1.65,1.0714,5,1.64,1.0649,5,1.64,1.0649,1,1.645,1.0681,900,0
SPY190807P285,2019-08-05,2019-08-05 09:37:18,1.65,1.0714,77,1.63,1.0584,135,1.64,1.0649,1,1.64,1.0649,900,0
SPY190807P285,2019-08-05,2019-08-05 09:37:19,1.65,1.0714,1,1.64,1.0649,5,1.64,1.0649,1,1.645,1.0681,900,0
SPY190807P285,2019-08-05,2019-08-05 09:37:19,1.65,1.0714,24,1.64,1.0649,5,1.64,1.0649,1,1.645,1.0681,900,0
SPY190807P285,2019-08-05,2019-08-05 09:37:20,1.65,1.0714,93,1.63,1.0584,135,1.64,1.0649,1,1.64,1.0649,900,0
SPY190807P285,2019-08-05,2019-08-05 09:37:21,1.65,1.0714,1,1.61,1.0454,23,1.64,1.0649,10,1.63,1.0584,910,0
SPY190807P285,2019-08-05,2019-08-05 09:37:21,1.65,1.0714,93,1.63,1.0584,135,1.64,1.0649,10,1.64,1.0649,910,10
SPY190807P285,2019-08-05,2019-08-05 09:37:22,1.64,1.0649,33,1.61,1.0454,139,1.64,1.0649,10,1.625,1.0551,910,0
SPY190807P285,2019-08-05,2019-08-05 09:37:22,1.65,1.0714,90,1.61,1.0454,139,1.64,1.0649,10,1.63,1.0584,910,0
SPY190807P285,2019-08-05,2019-08-05 09:37:23,1.64,1.0649,48,1.62,1.0519,150,1.64,1.0649,10,1.63,1.0584,910,0
SPY190807P285,2019-08-05,2019-08-05 09:37:23,1.64,1.0649,48,1.6,1.0389,261,1.64,1.0649,10,1.62,1.0519,910,0
SPY190807P285,2019-08-05,2019-08-05 09:37:24,1.63,1.0584,72,1.61,1.0454,5,1.64,1.0649,10,1.62,1.0519,910,0
SPY190807P285,2019-08-05,2019-08-05 09:37:24,1.62,1.0519,17,1.6,1.0389,154,1.64,1.0649,10,1.61,1.0454,910,0
SPY190807P285,2019-08-05,2019-08-05 09:37:25,1.63,1.0584,133,1.61,1.0454,5,1.64,1.0649,10,1.62,1.0519,910,0
SPY190807P285,2019-08-05,2019-08-05 09:37:26,1.63,1.0584,360,1.61,1.0454,5,1.64,1.0649,10,1.62,1.0519,910,0
SPY190807P285,2019-08-05,2019-08-05 09:37:26,1.62,1.0519,31,1.61,1.0454,5,1.64,1.0649,10,1.615,1.0487,910,0
SPY190807P285,2019-08-05,2019-08-05 09:37:27,1.62,1.0519,31,1.6,1.0389,158,1.64,1.0649,10,1.61,1.0454,910,0
SPY190807P285,2019-08-05,2019-08-05 09:37:28,1.62,1.0519,31,1.61,1.0454,5,1.64,1.0649,10,1.615,1.0487,910,0
SPY190807P285,2019-08-05,2019-08-05 09:37:28,1.62,1.0519,31,1.6,1.0389,158,1.64,1.0649,10,1.61,1.0454,910,0
SPY190807P285,2019-08-05,2019-08-05 09:37:29,1.63,1.0584,72,1.61,1.0454,125,1.64,1.0649,10,1.62,1.0519,910,0
SPY190807P285,2019-08-05,2019-08-05 09:37:29,1.63,1.0584,78,1.61,1.0454,125,1.64,1.0649,10,1.62,1.0519,910,0
SPY190807P285,2019-08-05,2019-08-05 09:37:30,1.63,1.0584,78,1.61,1.0454,125,1.64,1.0649,10,1.62,1.0519,910,0
SPY190807P285,2019-08-05,2019-08-05 09:37:31,1.63,1.0584,78,1.61,1.0454,196,1.64,1.0649,10,1.62,1.0519,910,0
SPY190807P285,2019-08-05,2019-08-05 09:37:31,1.63,1.0584,78,1.61,1.0454,66,1.64,1.0649,10,1.62,1.0519,910,0
SPY190807P285,2019-08-05,2019-08-05 09:37:32,1.64,1.0649,620,1.62,1.0519,5,1.64,1.0649,10,1.63,1.0584,910,0
SPY190807P285,2019-08-05,2019-08-05 09:37:32,1.63,1.0584,133,1.61,1.0454,3,1.64,1.0649,10,1.62,1.0519,910,0
SPY190807P285,2019-08-05,2019-08-05 09:37:33,1.64,1.0649,552,1.62,1.0519,78,1.64,1.0649,10,1.63,1.0584,910,0
SPY190807P285,2019-08-05,2019-08-05 09:37:33,1.64,1.0649,620,1.61,1.0454,196,1.64,1.0649,10,1.625,1.0551,910,0
SPY190807P285,2019-08-05,2019-08-05 09:37:34,1.64,1.0649,78,1.63,1.0584,5,1.64,1.0649,10,1.635,1.0616,910,0
SPY190807P285,2019-08-05,2019-08-05 09:37:34,1.64,1.0649,78,1.62,1.0519,106,1.64,1.0649,10,1.63,1.0584,910,0
SPY190807P285,2019-08-05,2019-08-05 09:37:35,1.65,1.0714,110,1.63,1.0584,5,1.64,1.0649,10,1.64,1.0649,910,0
SPY190807P285,2019-08-05,2019-08-05 09:37:35,1.64,1.0649,17,1.63,1.0584,5,1.64,1.0649,10,1.635,1.0616,910,0
SPY190807P285,2019-08-05,2019-08-05 09:37:36,1.65,1.0714,1,1.62,1.0519,174,1.64,1.0649,10,1.635,1.0616,910,0
SPY190807P285,2019-08-05,2019-08-05 09:37:36,1.65,1.0714,188,1.62,1.0519,175,1.64,1.0649,10,1.635,1.0616,910,0
SPY190807P285,2019-08-05,2019-08-05 09:37:37,1.65,1.0714,61,1.63,1.0584,112,1.65,1.0714,3,1.64,1.0649,915,5
SPY190807P285,2019-08-05,2019-08-05 09:37:37,1.64,1.0649,33,1.62,1.0519,159,1.64,1.0649,10,1.63,1.0584,910,0
SPY190807P285,2019-08-05,2019-08-05 09:37:38,1.65,1.0714,107,1.63,1.0584,114,1.65,1.0714,3,1.64,1.0649,915,0
SPY190807P285,2019-08-05,2019-08-05 09:37:38,1.65,1.0714,107,1.63,1.0584,107,1.65,1.0714,3,1.64,1.0649,915,0
SPY190807P285,2019-08-05,2019-08-05 09:37:39,1.65,1.0714,110,1.63,1.0584,42,1.64,1.0649,1,1.64,1.0649,916,1
SPY190807P285,2019-08-05,2019-08-05 09:37:39,1.65,1.0714,128,1.63,1.0584,60,1.65,1.0714,3,1.64,1.0649,915,0
SPY190807P285,2019-08-05,2019-08-05 09:37:40,1.65,1.0714,488,1.62,1.0519,220,1.64,1.0649,1,1.635,1.0616,916,0
SPY190807P285,2019-08-05,2019-08-05 09:37:40,1.64,1.0649,77,1.62,1.0519,160,1.64,1.0649,1,1.63,1.0584,916,0
SPY190807P285,2019-08-05,2019-08-05 09:37:41,1.64,1.0649,109,1.62,1.0519,160,1.64,1.0649,1,1.63,1.0584,916,0
SPY190807P285,2019-08-05,2019-08-05 09:37:41,1.64,1.0649,105,1.62,1.0519,160,1.64,1.0649,1,1.63,1.0584,916,0
SPY190807P285,2019-08-05,2019-08-05 09:37:42,1.64,1.0649,60,1.62,1.0519,71,1.64,1.0649,1,1.63,1.0584,916,0
SPY190807P285,2019-08-05,2019-08-05 09:37:42,1.65,1.0714,440,1.62,1.0519,73,1.64,1.0649,1,1.635,1.0616,916,0
SPY190807P285,2019-08-05,2019-08-05 09:37:43,1.65,1.0714,170,1.63,1.0584,68,1.64,1.0649,1,1.64,1.0649,916,0
SPY190807P285,2019-08-05,2019-08-05 09:37:43,1.64,1.0649,25,1.63,1.0584,83,1.64,1.0649,1,1.635,1.0616,916,0
SPY190807P285,2019-08-05,2019-08-05 09:37:44,1.64,1.0649,17,1.63,1.0584,78,1.64,1.0649,2,1.635,1.0616,918,2
SPY190807P285,2019-08-05,2019-08-05 09:37:44,1.64,1.0649,17,1.63,1.0584,71,1.64,1.0649,1,1.635,1.0616,916,0
SPY190807P285,2019-08-05,2019-08-05 09:37:45,1.65,1.0714,118,1.63,1.0584,63,1.64,1.0649,2,1.64,1.0649,918,0
SPY190807P285,2019-08-05,2019-08-05 09:37:45,1.65,1.0714,93,1.63,1.0584,68,1.64,1.0649,2,1.64,1.0649,918,0
SPY190807P285,2019-08-05,2019-08-05 09:37:46,1.64,1.0649,84,1.62,1.0519,131,1.64,1.0649,2,1.63,1.0584,918,0
SPY190807P285,2019-08-05,2019-08-05 09:37:46,1.64,1.0649,79,1.63,1.0584,5,1.64,1.0649,2,1.635,1.0616,918,0
SPY190807P285,2019-08-05,2019-08-05 09:37:47,1.64,1.0649,79,1.62,1.0519,79,1.64,1.0649,2,1.63,1.0584,918,0
SPY190807P285,2019-08-05,2019-08-05 09:37:47,1.64,1.0649,93,1.62,1.0519,79,1.64,1.0649,2,1.63,1.0584,918,0
SPY190807P285,2019-08-05,2019-08-05 09:37:48,1.65,1.0714,552,1.63,1.0584,96,1.64,1.0649,2,1.64,1.0649,918,0
SPY190807P285,2019-08-05,2019-08-05 09:37:48,1.65,1.0714,330,1.63,1.0584,5,1.64,1.0649,2,1.64,1.0649,918,0
SPY190807P285,2019-08-05,2019-08-05 09:37:49,1.64,1.0649,121,1.62,1.0519,151,1.64,1.0649,2,1.63,1.0584,918,0
SPY190807P285,2019-08-05,2019-08-05 09:37:50,1.63,1.0584,60,1.62,1.0519,89,1.64,1.0649,2,1.625,1.0551,918,0
SPY190807P285,2019-08-05,2019-08-05 09:37:50,1.63,1.0584,60,1.61,1.0454,50,1.64,1.0649,2,1.62,1.0519,918,0
SPY190807P285,2019-08-05,2019-08-05 09:37:51,1.64,1.0649,100,1.62,1.0519,89,1.64,1.0649,2,1.63,1.0584,918,0
SPY190807P285,2019-08-05,2019-08-05 09:37:51,1.64,1.0649,100,1.63,1.0584,60,1.64,1.0649,2,1.635,1.0616,918,0
SPY190807P285,2019-08-05,2019-08-05 09:37:52,1.65,1.0714,16,1.63,1.0584,162,1.64,1.0649,2,1.64,1.0649,918,0
SPY190807P285,2019-08-05,2019-08-05 09:37:52,1.65,1.0714,16,1.64,1.0649,31,1.64,1.0649,2,1.645,1.0681,918,0
SPY190807P285,2019-08-05,2019-08-05 09:37:53,1.65,1.0714,16,1.63,1.0584,251,1.63,1.0584,6,1.64,1.0649,924,6
SPY190807P285,2019-08-05,2019-08-05 09:37:53,1.65,1.0714,16,1.64,1.0649,15,1.63,1.0584,6,1.645,1.0681,924,0
SPY190807P285,2019-08-05,2019-08-05 09:37:54,1.65,1.0714,2,1.64,1.0649,144,1.65,1.0714,1,1.645,1.0681,927,3
SPY190807P285,2019-08-05,2019-08-05 09:37:54,1.67,1.0844,203,1.64,1.0649,141,1.65,1.0714,1,1.655,1.0746,927,0
SPY190807P285,2019-08-05,2019-08-05 09:37:55,1.66,1.0779,16,1.64,1.0649,141,1.65,1.0714,1,1.65,1.0714,927,0
SPY190807P285,2019-08-05,2019-08-05 09:37:55,1.66,1.0779,167,1.63,1.0584,226,1.65,1.0714,1,1.645,1.0681,927,0
SPY190807P285,2019-08-05,2019-08-05 09:37:56,1.66,1.0779,160,1.64,1.0649,36,1.64,1.0649,1,1.65,1.0714,928,0
SPY190807P285,2019-08-05,2019-08-05 09:37:56,1.66,1.0779,324,1.63,1.0584,241,1.64,1.0649,1,1.645,1.0681,928,1
SPY190807P285,2019-08-05,2019-08-05 09:37:57,1.66,1.0779,102,1.64,1.0649,36,1.64,1.0649,1,1.65,1.0714,928,0
SPY190807P285,2019-08-05,2019-08-05 09:37:57,1.66,1.0779,60,1.64,1.0649,86,1.64,1.0649,1,1.65,1.0714,928,0
SPY190807P285,2019-08-05,2019-08-05 09:37:58,1.66,1.0779,84,1.64,1.0649,71,1.64,1.0649,1,1.65,1.0714,928,0
SPY190807P285,2019-08-05,2019-08-05 09:37:59,1.67,1.0844,274,1.65,1.0714,31,1.64,1.0649,1,1.66,1.0779,928,0
SPY190807P285,2019-08-05,2019-08-05 09:37:59,1.67,1.0844,561,1.65,1.0714,31,1.64,1.0649,1,1.66,1.0779,928,0
SPY190807P285,2019-08-05,2019-08-05 09:38:00,1.66,1.0779,84,1.65,1.0714,31,1.64,1.0649,1,1.655,1.0746,928,0
SPY190807P285,2019-08-05,2019-08-05 09:38:00,1.66,1.0779,76,1.65,1.0714,31,1.64,1.0649,1,1.655,1.0746,928,0
SPY190807P285,2019-08-05,2019-08-05 09:38:01,1.65,1.0714,76,1.63,1.0584,23,1.65,1.0714,20,1.64,1.0649,948,20
SPY190807P285,2019-08-05,2019-08-05 09:38:01,1.65,1.0714,102,1.63,1.0584,61,1.65,1.0714,20,1.64,1.0649,948,0
SPY190807P285,2019-08-05,2019-08-05 09:38:02,1.65,1.0714,76,1.63,1.0584,83,1.65,1.0714,20,1.64,1.0649,948,0
SPY190807P285,2019-08-05,2019-08-05 09:38:02,1.65,1.0714,111,1.63,1.0584,83,1.65,1.0714,20,1.64,1.0649,948,0
SPY190807P285,2019-08-05,2019-08-05 09:38:03,1.65,1.0714,113,1.63,1.0584,73,1.65,1.0714,20,1.64,1.0649,948,0
SPY190807P285,2019-08-05,2019-08-05 09:38:03,1.66,1.0779,145,1.63,1.0584,226,1.65,1.0714,20,1.645,1.0681,948,0
SPY190807P285,2019-08-05,2019-08-05 09:38:04,1.66,1.0779,245,1.63,1.0584,58,1.65,1.0714,20,1.645,1.0681,948,0
SPY190807P285,2019-08-05,2019-08-05 09:38:04,1.66,1.0779,345,1.63,1.0584,226,1.65,1.0714,20,1.645,1.0681,948,0
SPY190807P285,2019-08-05,2019-08-05 09:38:05,1.66,1.0779,377,1.63,1.0584,91,1.65,1.0714,20,1.645,1.0681,948,0
SPY190807P285,2019-08-05,2019-08-05 09:38:06,1.65,1.0714,495,1.62,1.0519,81,1.65,1.0714,20,1.635,1.0616,948,0
SPY190807P285,2019-08-05,2019-08-05 09:38:06,1.65,1.0714,145,1.63,1.0584,31,1.65,1.0714,20,1.64,1.0649,948,0
SPY190807P285,2019-08-05,2019-08-05 09:38:07,1.62,1.0519,603,1.59,1.0324,98,1.65,1.0714,20,1.605,1.0422,948,0
SPY190807P285,2019-08-05,2019-08-05 09:38:07,1.63,1.0584,498,1.6,1.0389,5,1.65,1.0714,20,1.615,1.0487,948,0
SPY190807P285,2019-08-05,2019-08-05 09:38:08,1.61,1.0454,5,1.58,1.0259,35,1.65,1.0714,20,1.595,1.0357,948,0
SPY190807P285,2019-08-05,2019-08-05 09:38:08,1.61,1.0454,432,1.58,1.0259,131,1.65,1.0714,20,1.595,1.0357,948,0
SPY190807P285,2019-08-05,2019-08-05 09:38:09,1.6,1.0389,50,1.58,1.0259,31,1.65,1.0714,20,1.59,1.0324,948,0
SPY190807P285,2019-08-05,2019-08-05 09:38:09,1.61,1.0454,60,1.58,1.0259,131,1.65,1.0714,20,1.595,1.0357,948,0
SPY190807P285,2019-08-05,2019-08-05 09:38:10,1.61,1.0454,595,1.58,1.0259,79,1.65,1.0714,20,1.595,1.0357,948,0
SPY190807P285,2019-08-05,2019-08-05 09:38:10,1.59,1.0324,360,1.52,0.987,360,1.65,1.0714,20,1.555,1.0097,948,0
SPY190807P285,2019-08-05,2019-08-05 09:38:11,1.59,1.0324,595,1.56,1.0129,138,1.65,1.0714,20,1.575,1.0227,948,0
SPY190807P285,2019-08-05,2019-08-05 09:38:11,1.59,1.0324,595,1.56,1.0129,145,1.65,1.0714,20,1.575,1.0227,948,0
SPY190807P285,2019-08-05,2019-08-05 09:38:12,1.59,1.0324,595,1.56,1.0129,138,1.65,1.0714,20,1.575,1.0227,948,0
SPY190807P285,2019-08-05,2019-08-05 09:38:12,1.59,1.0324,884,1.57,1.0194,86,1.65,1.0714,20,1.58,1.0259,948,0
SPY190807P285,2019-08-05,2019-08-05 09:38:13,1.59,1.0324,590,1.56,1.0129,72,1.65,1.0714,20,1.575,1.0227,948,0
SPY190807P285,2019-08-05,2019-08-05 09:38:14,1.59,1.0324,360,1.56,1.0129,47,1.65,1.0714,20,1.575,1.0227,948,0
SPY190807P285,2019-08-05,2019-08-05 09:38:14,1.58,1.0259,593,1.55,1.0064,141,1.58,1.0259,1,1.565,1.0162,949,1
SPY190807P285,2019-08-05,2019-08-05 09:38:15,1.58,1.0259,495,1.55,1.0064,52,1.58,1.0259,1,1.565,1.0162,949,0
SPY190807P285,2019-08-05,2019-08-05 09:38:16,1.58,1.0259,595,1.56,1.0129,77,1.58,1.0259,1,1.57,1.0194,949,0
SPY190807P285,2019-08-05,2019-08-05 09:38:16,1.58,1.0259,495,1.55,1.0064,83,1.58,1.0259,1,1.565,1.0162,949,0
SPY190807P285,2019-08-05,2019-08-05 09:38:17,1.58,1.0259,32,1.56,1.0129,100,1.58,1.0259,1,1.57,1.0194,949,0
SPY190807P285,2019-08-05,2019-08-05 09:38:17,1.58,1.0259,595,1.56,1.0129,77,1.58,1.0259,1,1.57,1.0194,949,0
SPY190807P285,2019-08-05,2019-08-05 09:38:18,1.59,1.0324,116,1.57,1.0194,60,1.58,1.0259,1,1.58,1.0259,949,0
SPY190807P285,2019-08-05,2019-08-05 09:38:18,1.59,1.0324,130,1.57,1.0194,76,1.58,1.0259,1,1.58,1.0259,949,0
SPY190807P285,2019-08-05,2019-08-05 09:38:19,1.59,1.0324,130,1.57,1.0194,87,1.58,1.0259,1,1.58,1.0259,949,0
SPY190807P285,2019-08-05,2019-08-05 09:38:19,1.59,1.0324,151,1.57,1.0194,60,1.58,1.0259,1,1.58,1.0259,949,0
SPY190807P285,2019-08-05,2019-08-05 09:38:20,1.59,1.0324,426,1.56,1.0129,440,1.58,1.0259,1,1.575,1.0227,949,0
SPY190807P285,2019-08-05,2019-08-05 09:38:20,1.59,1.0324,426,1.57,1.0194,60,1.58,1.0259,1,1.58,1.0259,949,0
SPY190807P285,2019-08-05,2019-08-05 09:38:21,1.59,1.0324,480,1.56,1.0129,180,1.58,1.0259,1,1.575,1.0227,949,0
SPY190807P285,2019-08-05,2019-08-05 09:38:21,1.59,1.0324,424,1.56,1.0129,288,1.58,1.0259,1,1.575,1.0227,949,0
SPY190807P285,2019-08-05,2019-08-05 09:38:22,1.59,1.0324,420,1.57,1.0194,60,1.58,1.0259,1,1.58,1.0259,949,0
SPY190807P285,2019-08-05,2019-08-05 09:38:22,1.59,1.0324,424,1.57,1.0194,60,1.58,1.0259,1,1.58,1.0259,949,0
SPY190807P285,2019-08-05,2019-08-05 09:38:23,1.58,1.0259,75,1.56,1.0129,220,1.58,1.0259,1,1.57,1.0194,949,0
SPY190807P285,2019-08-05,2019-08-05 09:38:23,1.59,1.0324,108,1.56,1.0129,282,1.58,1.0259,1,1.575,1.0227,949,0
SPY190807P285,2019-08-05,2019-08-05 09:38:24,1.58,1.0259,50,1.55,1.0064,232,1.58,1.0259,1,1.565,1.0162,949,0
SPY190807P285,2019-08-05,2019-08-05 09:38:24,1.58,1.0259,5,1.55,1.0064,232,1.58,1.0259,1,1.565,1.0162,949,0
SPY190807P285,2019-08-05,2019-08-05 09:38:25,1.58,1.0259,206,1.56,1.0129,5,1.58,1.0259,1,1.57,1.0194,949,0
SPY190807P285,2019-08-05,2019-08-05 09:38:25,1.58,1.0259,211,1.55,1.0064,247,1.58,1.0259,1,1.565,1.0162,949,0
SPY190807P285,2019-08-05,2019-08-05 09:38:26,1.58,1.0259,376,1.56,1.0129,131,1.58,1.0259,1,1.57,1.0194,949,0
SPY190807P285,2019-08-05,2019-08-05 09:38:26,1.58,1.0259,76,1.56,1.0129,30,1.58,1.0259,1,1.57,1.0194,949,0
SPY190807P285,2019-08-05,2019-08-05 09:38:27,1.58,1.0259,495,1.55,1.0064,151,1.58,1.0259,1,1.565,1.0162,949,0
SPY190807P285,2019-08-05,2019-08-05 09:38:27,1.58,1.0259,376,1.56,1.0129,5,1.58,1.0259,1,1.57,1.0194,949,0
SPY190807P285,2019-08-05,2019-08-05 09:38:28,1.57,1.0194,376,1.55,1.0064,80,1.58,1.0259,1,1.56,1.0129,949,0
SPY190807P285,2019-08-05,2019-08-05 09:38:28,1.58,1.0259,973,1.55,1.0064,96,1.58,1.0259,1,1.565,1.0162,949,0
SPY190807P285,2019-08-05,2019-08-05 09:38:29,1.57,1.0194,603,1.54,1.0,150,1.58,1.0259,1,1.555,1.0097,949,0
SPY190807P285,2019-08-05,2019-08-05 09:38:29,1.57,1.0194,373,1.55,1.0064,80,1.58,1.0259,1,1.56,1.0129,949,0
SPY190807P285,2019-08-05,2019-08-05 09:38:30,1.59,1.0324,518,1.55,1.0064,135,1.58,1.0259,1,1.57,1.0194,949,0
SPY190807P285,2019-08-05,2019-08-05 09:38:30,1.59,1.0324,690,1.55,1.0064,460,1.58,1.0259,1,1.57,1.0194,949,0
SPY190807P285,2019-08-05,2019-08-05 09:38:31,1.58,1.0259,111,1.56,1.0129,68,1.58,1.0259,1,1.57,1.0194,949,0
SPY190807P285,2019-08-05,2019-08-05 09:38:31,1.58,1.0259,111,1.56,1.0129,31,1.58,1.0259,1,1.57,1.0194,949,0
SPY190807P285,2019-08-05,2019-08-05 09:38:32,1.59,1.0324,393,1.56,1.0129,131,1.58,1.0259,1,1.575,1.0227,949,0
SPY190807P285,2019-08-05,2019-08-05 09:38:32,1.59,1.0324,395,1.56,1.0129,31,1.58,1.0259,1,1.575,1.0227,949,0
SPY190807P285,2019-08-05,2019-08-05 09:38:33,1.59,1.0324,393,1.56,1.0129,110,1.58,1.0259,1,1.575,1.0227,949,0
SPY190807P285,2019-08-05,2019-08-05 09:38:33,1.59,1.0324,95,1.57,1.0194,84,1.58,1.0259,1,1.58,1.0259,949,0
SPY190807P285,2019-08-05,2019-08-05 09:38:34,1.59,1.0324,60,1.57,1.0194,135,1.58,1.0259,1,1.58,1.0259,949,0
SPY190807P285,2019-08-05,2019-08-05 09:38:34,1.59,1.0324,60,1.57,1.0194,100,1.58,1.0259,1,1.58,1.0259,949,0
SPY190807P285,2019-08-05,2019-08-05 09:38:35,1.59,1.0324,60,1.57,1.0194,143,1.58,1.0259,1,1.58,1.0259,949,0
SPY190807P285,2019-08-05,2019-08-05 09:38:36,1.59,1.0324,94,1.58,1.0259,106,1.58,1.0259,1,1.585,1.0292,949,0
SPY190807P285,2019-08-05,2019-08-05 09:38:36,1.59,1.0324,94,1.57,1.0194,143,1.58,1.0259,1,1.58,1.0259,949,0
SPY190807P285,2019-08-05,2019-08-05 09:38:37,1.6,1.0389,60,1.59,1.0324,46,1.58,1.0259,1,1.595,1.0357,949,0
SPY190807P285,2019-08-05,2019-08-05 09:38:37,1.6,1.0389,371,1.58,1.0259,113,1.58,1.0259,1,1.59,1.0324,949,0
SPY190807P285,2019-08-05,2019-08-05 09:38:38,1.61,1.0454,309,1.58,1.0259,165,1.58,1.0259,1,1.595,1.0357,949,0
SPY190807P285,2019-08-05,2019-08-05 09:38:38,1.61,1.0454,309,1.58,1.0259,239,1.58,1.0259,1,1.595,1.0357,949,0
SPY190807P285,2019-08-05,2019-08-05 09:38:39,1.61,1.0454,309,1.59,1.0324,46,1.58,1.0259,1,1.6,1.0389,949,0
SPY190807P285,2019-08-05,2019-08-05 09:38:39,1.61,1.0454,309,1.59,1.0324,30,1.58,1.0259,1,1.6,1.0389,949,0
SPY190807P285,2019-08-05,2019-08-05 09:38:40,1.61,1.0454,309,1.58,1.0259,103,1.58,1.0259,1,1.595,1.0357,949,0
SPY190807P285,2019-08-05,2019-08-05 09:38:41,1.59,1.0324,60,1.57,1.0194,140,1.58,1.0259,1,1.58,1.0259,949,0
SPY190807P285,2019-08-05,2019-08-05 09:38:41,1.61,1.0454,309,1.58,1.0259,103,1.58,1.0259,1,1.595,1.0357,949,0
SPY190807P285,2019-08-05,2019-08-05 09:38:42,1.59,1.0324,117,1.57,1.0194,140,1.58,1.0259,1,1.58,1.0259,949,0
SPY190807P285,2019-08-05,2019-08-05 09:38:42,1.59,1.0324,60,1.57,1.0194,140,1.58,1.0259,1,1.58,1.0259,949,0
SPY190807P285,2019-08-05,2019-08-05 09:38:43,1.6,1.0389,449,1.57,1.0194,166,1.58,1.0259,1,1.585,1.0292,949,0
SPY190807P285,2019-08-05,2019-08-05 09:38:43,1.6,1.0389,449,1.57,1.0194,60,1.58,1.0259,1,1.585,1.0292,949,0
SPY190807P285,2019-08-05,2019-08-05 09:38:44,1.6,1.0389,451,1.57,1.0194,166,1.58,1.0259,1,1.585,1.0292,949,0
SPY190807P285,2019-08-05,2019-08-05 09:38:44,1.6,1.0389,149,1.58,1.0259,16,1.58,1.0259,1,1.59,1.0324,949,0
SPY190807P285,2019-08-05,2019-08-05 09:38:45,1.6,1.0389,448,1.57,1.0194,192,1.58,1.0259,1,1.585,1.0292,949,0
SPY190807P285,2019-08-05,2019-08-05 09:38:45,1.6,1.0389,383,1.58,1.0259,31,1.58,1.0259,1,1.59,1.0324,949,0
SPY190807P285,2019-08-05,2019-08-05 09:38:46,1.6,1.0389,383,1.58,1.0259,100,1.58,1.0259,1,1.59,1.0324,949,0
SPY190807P285,2019-08-05,2019-08-05 09:38:46,1.6,1.0389,383,1.58,1.0259,72,1.58,1.0259,1,1.59,1.0324,949,0
SPY190807P285,2019-08-05,2019-08-05 09:38:47,1.6,1.0389,108,1.58,1.0259,109,1.58,1.0259,1,1.59,1.0324,949,0
SPY190807P285,2019-08-05,2019-08-05 09:38:47,1.61,1.0454,463,1.58,1.0259,165,1.58,1.0259,1,1.595,1.0357,949,0
SPY190807P285,2019-08-05,2019-08-05 09:38:48,1.61,1.0454,463,1.58,1.0259,165,1.58,1.0259,1,1.595,1.0357,949,0
SPY190807P285,2019-08-05,2019-08-05 09:38:48,1.61,1.0454,463,1.59,1.0324,14,1.58,1.0259,1,1.6,1.0389,949,0
SPY190807P285,2019-08-05,2019-08-05 09:38:49,1.61,1.0454,214,1.58,1.0259,137,1.58,1.0259,1,1.595,1.0357,949,0
SPY190807P285,2019-08-05,2019-08-05 09:38:49,1.61,1.0454,110,1.59,1.0324,41,1.58,1.0259,1,1.6,1.0389,949,0
SPY190807P285,2019-08-05,2019-08-05 09:38:50,1.61,1.0454,117,1.58,1.0259,195,1.58,1.0259,1,1.595,1.0357,949,0
SPY190807P285,2019-08-05,2019-08-05 09:38:51,1.61,1.0454,60,1.59,1.0324,53,1.58,1.0259,1,1.6,1.0389,949,0
SPY190807P285,2019-08-05,2019-08-05 09:38:51,1.62,1.0519,557,1.59,1.0324,66,1.58,1.0259,1,1.605,1.0422,949,0
SPY190807P285,2019-08-05,2019-08-05 09:38:52,1.62,1.0519,466,1.6,1.0389,17,1.58,1.0259,1,1.61,1.0454,949,0
SPY190807P285,2019-08-05,2019-08-05 09:38:52,1.62,1.0519,557,1.6,1.0389,17,1.58,1.0259,1,1.61,1.0454,949,0
SPY190807P285,2019-08-05,2019-08-05 09:38:53,1.61,1.0454,100,1.6,1.0389,71,1.58,1.0259,1,1.605,1.0422,949,0
SPY190807P285,2019-08-05,2019-08-05 09:38:53,1.62,1.0519,466,1.6,1.0389,41,1.58,1.0259,1,1.61,1.0454,949,0
SPY190807P285,2019-08-05,2019-08-05 09:38:54,1.61,1.0454,346,1.59,1.0324,143,1.58,1.0259,1,1.6,1.0389,949,0
SPY190807P285,2019-08-05,2019-08-05 09:38:55,1.61,1.0454,346,1.59,1.0324,143,1.58,1.0259,1,1.6,1.0389,949,0
SPY190807P285,2019-08-05,2019-08-05 09:38:55,1.61,1.0454,166,1.59,1.0324,100,1.58,1.0259,1,1.6,1.0389,949,0
SPY190807P285,2019-08-05,2019-08-05 09:38:56,1.62,1.0519,60,1.59,1.0324,5,1.58,1.0259,1,1.605,1.0422,949,0
SPY190807P285,2019-08-05,2019-08-05 09:38:56,1.62,1.0519,124,1.59,1.0324,163,1.58,1.0259,1,1.605,1.0422,949,0
SPY190807P285,2019-08-05,2019-08-05 09:38:57,1.61,1.0454,206,1.59,1.0324,55,1.58,1.0259,1,1.6,1.0389,949,0
SPY190807P285,2019-08-05,2019-08-05 09:38:57,1.62,1.0519,124,1.59,1.0324,163,1.58,1.0259,1,1.605,1.0422,949,0
SPY190807P285,2019-08-05,2019-08-05 09:38:58,1.61,1.0454,60,1.59,1.0324,157,1.58,1.0259,1,1.6,1.0389,949,0
SPY190807P285,2019-08-05,2019-08-05 09:38:58,1.62,1.0519,260,1.59,1.0324,157,1.58,1.0259,1,1.605,1.0422,949,0
SPY190807P285,2019-08-05,2019-08-05 09:38:59,1.62,1.0519,226,1.6,1.0389,156,1.58,1.0259,1,1.61,1.0454,949,0
SPY190807P285,2019-08-05,2019-08-05 09:38:59,1.61,1.0454,77,1.59,1.0324,157,1.58,1.0259,1,1.6,1.0389,949,0
SPY190807P285,2019-08-05,2019-08-05 09:39:00,1.65,1.0714,91,1.61,1.0454,122,1.58,1.0259,1,1.63,1.0584,949,0
SPY190807P285,2019-08-05,2019-08-05 09:39:00,1.62,1.0519,226,1.6,1.0389,34,1.58,1.0259,1,1.61,1.0454,949,0
SPY190807P285,2019-08-05,2019-08-05 09:39:01,1.65,1.0714,72,1.63,1.0584,135,1.58,1.0259,1,1.64,1.0649,949,0
SPY190807P285,2019-08-05,2019-08-05 09:39:01,1.66,1.0779,140,1.63,1.0584,122,1.58,1.0259,1,1.645,1.0681,949,0
SPY190807P285,2019-08-05,2019-08-05 09:39:02,1.64,1.0649,16,1.63,1.0584,63,1.58,1.0259,1,1.635,1.0616,949,0
SPY190807P285,2019-08-05,2019-08-05 09:39:03,1.65,1.0714,60,1.63,1.0584,16,1.58,1.0259,1,1.64,1.0649,949,0
SPY190807P285,2019-08-05,2019-08-05 09:39:03,1.65,1.0714,31,1.63,1.0584,156,1.58,1.0259,1,1.64,1.0649,949,0
SPY190807P285,2019-08-05,2019-08-05 09:39:04,1.65,1.0714,31,1.63,1.0584,156,1.58,1.0259,1,1.64,1.0649,949,0
SPY190807P285,2019-08-05,2019-08-05 09:39:04,1.65,1.0714,335,1.63,1.0584,50,1.58,1.0259,1,1.64,1.0649,949,0
SPY190807P285,2019-08-05,2019-08-05 09:39:05,1.65,1.0714,250,1.61,1.0454,212,1.58,1.0259,1,1.63,1.0584,949,0
SPY190807P285,2019-08-05,2019-08-05 09:39:05,1.64,1.0649,83,1.62,1.0519,171,1.58,1.0259,1,1.63,1.0584,949,0
SPY190807P285,2019-08-05,2019-08-05 09:39:06,1.63,1.0584,175,1.59,1.0324,60,1.58,1.0259,1,1.61,1.0454,949,0
SPY190807P285,2019-08-05,2019-08-05 09:39:06,1.64,1.0649,83,1.62,1.0519,47,1.58,1.0259,1,1.63,1.0584,949,0
SPY190807P285,2019-08-05,2019-08-05 09:39:07,1.64,1.0649,175,1.61,1.0454,156,1.58,1.0259,1,1.625,1.0551,949,0
SPY190807P285,2019-08-05,2019-08-05 09:39:07,1.64,1.0649,90,1.61,1.0454,5,1.58,1.0259,1,1.625,1.0551,949,0
SPY190807P285,2019-08-05,2019-08-05 09:39:08,1.63,1.0584,91,1.61,1.0454,156,1.63,1.0584,1,1.62,1.0519,950,0
SPY190807P285,2019-08-05,2019-08-05 09:39:08,1.63,1.0584,91,1.61,1.0454,156,1.63,1.0584,1,1.62,1.0519,950,1
SPY190807P285,2019-08-05,2019-08-05 09:39:09,1.62,1.0519,31,1.61,1.0454,97,1.63,1.0584,1,1.615,1.0487,950,0
SPY190807P285,2019-08-05,2019-08-05 09:39:10,1.62,1.0519,60,1.61,1.0454,97,1.63,1.0584,1,1.615,1.0487,950,0
SPY190807P285,2019-08-05,2019-08-05 09:39:10,1.62,1.0519,150,1.61,1.0454,97,1.63,1.0584,1,1.615,1.0487,950,0
SPY190807P285,2019-08-05,2019-08-05 09:39:11,1.61,1.0454,82,1.59,1.0324,156,1.63,1.0584,1,1.6,1.0389,950,0
SPY190807P285,2019-08-05,2019-08-05 09:39:11,1.61,1.0454,60,1.6,1.0389,5,1.63,1.0584,1,1.605,1.0422,950,0
SPY190807P285,2019-08-05,2019-08-05 09:39:12,1.61,1.0454,82,1.59,1.0324,156,1.63,1.0584,1,1.6,1.0389,950,0
SPY190807P285,2019-08-05,2019-08-05 09:39:12,1.61,1.0454,82,1.6,1.0389,5,1.63,1.0584,1,1.605,1.0422,950,0
SPY190807P285,2019-08-05,2019-08-05 09:39:13,1.61,1.0454,82,1.6,1.0389,133,1.63,1.0584,1,1.605,1.0422,950,0
SPY190807P285,2019-08-05,2019-08-05 09:39:13,1.62,1.0519,60,1.6,1.0389,148,1.63,1.0584,1,1.61,1.0454,950,0
SPY190807P285,2019-08-05,2019-08-05 09:39:14,1.63,1.0584,330,1.6,1.0389,284,1.63,1.0584,1,1.615,1.0487,950,0
SPY190807P285,2019-08-05,2019-08-05 09:39:14,1.62,1.0519,16,1.6,1.0389,66,1.63,1.0584,1,1.61,1.0454,950,0
SPY190807P285,2019-08-05,2019-08-05 09:39:15,1.62,1.0519,31,1.6,1.0389,156,1.63,1.0584,1,1.61,1.0454,950,0
SPY190807P285,2019-08-05,2019-08-05 09:39:16,1.64,1.0649,100,1.61,1.0454,151,1.63,1.0584,1,1.625,1.0551,950,0
SPY190807P285,2019-08-05,2019-08-05 09:39:16,1.64,1.0649,131,1.62,1.0519,105,1.63,1.0584,1,1.63,1.0584,950,0
SPY190807P285,2019-08-05,2019-08-05 09:39:17,1.64,1.0649,360,1.61,1.0454,100,1.63,1.0584,1,1.625,1.0551,950,0
SPY190807P285,2019-08-05,2019-08-05 09:39:17,1.64,1.0649,131,1.62,1.0519,90,1.63,1.0584,1,1.63,1.0584,950,0
SPY190807P285,2019-08-05,2019-08-05 09:39:18,1.62,1.0519,91,1.61,1.0454,280,1.62,1.0519,4,1.615,1.0487,1005,55
SPY190807P285,2019-08-05,2019-08-05 09:39:18,1.63,1.0584,268,1.61,1.0454,5,1.63,1.0584,1,1.62,1.0519,950,0
SPY190807P285,2019-08-05,2019-08-05 09:39:19,1.62,1.0519,91,1.61,1.0454,99,1.62,1.0519,4,1.615,1.0487,1005,0
SPY190807P285,2019-08-05,2019-08-05 09:39:19,1.62,1.0519,31,1.61,1.0454,99,1.62,1.0519,4,1.615,1.0487,1005,0
SPY190807P285,2019-08-05,2019-08-05 09:39:20,1.63,1.0584,91,1.61,1.0454,175,1.62,1.0519,4,1.62,1.0519,1005,0
SPY190807P285,2019-08-05,2019-08-05 09:39:20,1.63,1.0584,91,1.61,1.0454,209,1.62,1.0519,4,1.62,1.0519,1005,0
SPY190807P285,2019-08-05,2019-08-05 09:39:21,1.63,1.0584,91,1.61,1.0454,191,1.62,1.0519,4,1.62,1.0519,1005,0
SPY190807P285,2019-08-05,2019-08-05 09:39:21,1.63,1.0584,117,1.61,1.0454,218,1.62,1.0519,4,1.62,1.0519,1005,0
SPY190807P285,2019-08-05,2019-08-05 09:39:22,1.63,1.0584,91,1.61,1.0454,100,1.62,1.0519,4,1.62,1.0519,1005,0
SPY190807P285,2019-08-05,2019-08-05 09:39:23,1.64,1.0649,20,1.62,1.0519,101,1.62,1.0519,4,1.63,1.0584,1005,0
SPY190807P285,2019-08-05,2019-08-05 09:39:23,1.65,1.0714,16,1.62,1.0519,101,1.62,1.0519,4,1.635,1.0616,1005,0
SPY190807P285,2019-08-05,2019-08-05 09:39:24,1.64,1.0649,10,1.62,1.0519,95,1.62,1.0519,4,1.63,1.0584,1005,0
SPY190807P285,2019-08-05,2019-08-05 09:39:24,1.64,1.0649,20,1.63,1.0584,3,1.62,1.0519,4,1.635,1.0616,1005,0
SPY190807P285,2019-08-05,2019-08-05 09:39:25,1.64,1.0649,16,1.63,1.0584,3,1.62,1.0519,4,1.635,1.0616,1005,0
SPY190807P285,2019-08-05,2019-08-05 09:39:25,1.65,1.0714,135,1.63,1.0584,3,1.62,1.0519,4,1.64,1.0649,1005,0
SPY190807P285,2019-08-05,2019-08-05 09:39:26,1.64,1.0649,16,1.63,1.0584,5,1.62,1.0519,4,1.635,1.0616,1005,0
SPY190807P285,2019-08-05,2019-08-05 09:39:26,1.64,1.0649,31,1.63,1.0584,60,1.62,1.0519,4,1.635,1.0616,1005,0
SPY190807P285,2019-08-05,2019-08-05 09:39:27,1.66,1.0779,533,1.63,1.0584,3,1.62,1.0519,4,1.645,1.0681,1005,0
SPY190807P285,2019-08-05,2019-08-05 09:39:27,1.64,1.0649,31,1.63,1.0584,47,1.62,1.0519,4,1.635,1.0616,1005,0
SPY190807P285,2019-08-05,2019-08-05 09:39:28,1.65,1.0714,16,1.63,1.0584,72,1.62,1.0519,4,1.64,1.0649,1005,0
SPY190807P285,2019-08-05,2019-08-05 09:39:29,1.65,1.0714,16,1.63,1.0584,87,1.62,1.0519,4,1.64,1.0649,1005,0
SPY190807P285,2019-08-05,2019-08-05 09:39:29,1.66,1.0779,350,1.64,1.0649,93,1.62,1.0519,4,1.65,1.0714,1005,0
SPY190807P285,2019-08-05,2019-08-05 09:39:30,1.66,1.0779,384,1.64,1.0649,100,1.62,1.0519,4,1.65,1.0714,1005,0
SPY190807P285,2019-08-05,2019-08-05 09:39:30,1.66,1.0779,350,1.64,1.0649,100,1.62,1.0519,4,1.65,1.0714,1005,0
SPY190807P285,2019-08-05,2019-08-05 09:39:31,1.66,1.0779,72,1.64,1.0649,105,1.62,1.0519,4,1.65,1.0714,1005,0
SPY190807P285,2019-08-05,2019-08-05 09:39:31,1.66,1.0779,77,1.64,1.0649,100,1.62,1.0519,4,1.65,1.0714,1005,0
SPY190807P285,2019-08-05,2019-08-05 09:39:32,1.66,1.0779,71,1.65,1.0714,66,1.62,1.0519,4,1.655,1.0746,1005,0
SPY190807P285,2019-08-05,2019-08-05 09:39:33,1.66,1.0779,71,1.65,1.0714,66,1.62,1.0519,4,1.655,1.0746,1005,0
SPY190807P285,2019-08-05,2019-08-05 09:39:33,1.66,1.0779,60,1.64,1.0649,164,1.62,1.0519,4,1.65,1.0714,1005,0
SPY190807P285,2019-08-05,2019-08-05 09:39:34,1.66,1.0779,60,1.64,1.0649,118,1.62,1.0519,4,1.65,1.0714,1005,0
SPY190807P285,2019-08-05,2019-08-05 09:39:35,1.66,1.0779,60,1.65,1.0714,65,1.62,1.0519,4,1.655,1.0746,1005,0
SPY190807P285,2019-08-05,2019-08-05 09:39:35,1.67,1.0844,76,1.65,1.0714,82,1.62,1.0519,4,1.66,1.0779,1005,0
SPY190807P285,2019-08-05,2019-08-05 09:39:36,1.67,1.0844,91,1.65,1.0714,139,1.62,1.0519,4,1.66,1.0779,1005,0
SPY190807P285,2019-08-05,2019-08-05 09:39:37,1.67,1.0844,79,1.66,1.0779,45,1.62,1.0519,4,1.665,1.0811,1005,0
SPY190807P285,2019-08-05,2019-08-05 09:39:37,1.67,1.0844,79,1.66,1.0779,5,1.62,1.0519,4,1.665,1.0811,1005,0
SPY190807P285,2019-08-05,2019-08-05 09:39:38,1.67,1.0844,79,1.64,1.0649,22,1.62,1.0519,4,1.655,1.0746,1005,0
SPY190807P285,2019-08-05,2019-08-05 09:39:38,1.67,1.0844,261,1.65,1.0714,122,1.62,1.0519,4,1.66,1.0779,1005,0
SPY190807P285,2019-08-05,2019-08-05 09:39:39,1.67,1.0844,85,1.65,1.0714,153,1.62,1.0519,4,1.66,1.0779,1005,0
SPY190807P285,2019-08-05,2019-08-05 09:39:39,1.67,1.0844,73,1.65,1.0714,153,1.62,1.0519,4,1.66,1.0779,1005,0
SPY190807P285,2019-08-05,2019-08-05 09:39:40,1.67,1.0844,125,1.65,1.0714,150,1.62,1.0519,4,1.66,1.0779,1005,0
SPY190807P285,2019-08-05,2019-08-05 09:39:40,1.67,1.0844,85,1.65,1.0714,187,1.62,1.0519,4,1.66,1.0779,1005,0
SPY190807P285,2019-08-05,2019-08-05 09:39:41,1.67,1.0844,125,1.65,1.0714,150,1.62,1.0519,4,1.66,1.0779,1005,0
SPY190807P285,2019-08-05,2019-08-05 09:39:41,1.66,1.0779,76,1.64,1.0649,164,1.62,1.0519,4,1.65,1.0714,1005,0
SPY190807P285,2019-08-05,2019-08-05 09:39:42,1.65,1.0714,166,1.63,1.0584,3,1.62,1.0519,4,1.64,1.0649,1005,0
SPY190807P285,2019-08-05,2019-08-05 09:39:43,1.64,1.0649,91,1.63,1.0584,94,1.62,1.0519,4,1.635,1.0616,1005,0
SPY190807P285,2019-08-05,2019-08-05 09:39:43,1.64,1.0649,78,1.63,1.0584,5,1.62,1.0519,4,1.635,1.0616,1005,0
SPY190807P285,2019-08-05,2019-08-05 09:39:44,1.64,1.0649,78,1.63,1.0584,3,1.62,1.0519,4,1.635,1.0616,1005,0
SPY190807P285,2019-08-05,2019-08-05 09:39:44,1.64,1.0649,31,1.63,1.0584,3,1.62,1.0519,4,1.635,1.0616,1005,0
SPY190807P285,2019-08-05,2019-08-05 09:39:45,1.64,1.0649,25,1.63,1.0584,3,1.64,1.0649,1,1.635,1.0616,1008,3
SPY190807P285,2019-08-05,2019-08-05 09:39:45,1.64,1.0649,31,1.63,1.0584,3,1.62,1.0519,4,1.635,1.0616,1005,0
SPY190807P285,2019-08-05,2019-08-05 09:39:46,1.64,1.0649,25,1.63,1.0584,3,1.64,1.0649,1,1.635,1.0616,1008,0
SPY190807P285,2019-08-05,2019-08-05 09:39:46,1.63,1.0584,91,1.61,1.0454,150,1.63,1.0584,3,1.62,1.0519,1011,3
SPY190807P285,2019-08-05,2019-08-05 09:39:47,1.63,1.0584,91,1.61,1.0454,150,1.63,1.0584,3,1.62,1.0519,1011,0
SPY190807P285,2019-08-05,2019-08-05 09:39:48,1.63,1.0584,91,1.61,1.0454,150,1.63,1.0584,3,1.62,1.0519,1011,0
SPY190807P285,2019-08-05,2019-08-05 09:39:48,1.63,1.0584,173,1.6,1.0389,30,1.63,1.0584,3,1.615,1.0487,1011,0
SPY190807P285,2019-08-05,2019-08-05 09:39:49,1.61,1.0454,60,1.58,1.0259,34,1.63,1.0584,3,1.595,1.0357,1011,0
SPY190807P285,2019-08-05,2019-08-05 09:39:49,1.61,1.0454,78,1.59,1.0324,117,1.63,1.0584,3,1.6,1.0389,1011,0
SPY190807P285,2019-08-05,2019-08-05 09:39:50,1.61,1.0454,91,1.59,1.0324,117,1.63,1.0584,3,1.6,1.0389,1011,0
SPY190807P285,2019-08-05,2019-08-05 09:39:51,1.6,1.0389,268,1.58,1.0259,1,1.63,1.0584,3,1.59,1.0324,1011,0
SPY190807P285,2019-08-05,2019-08-05 09:39:51,1.61,1.0454,91,1.59,1.0324,102,1.63,1.0584,3,1.6,1.0389,1011,0
SPY190807P285,2019-08-05,2019-08-05 09:39:52,1.6,1.0389,75,1.58,1.0259,145,1.63,1.0584,3,1.59,1.0324,1011,0
SPY190807P285,2019-08-05,2019-08-05 09:39:52,1.6,1.0389,180,1.58,1.0259,5,1.63,1.0584,3,1.59,1.0324,1011,0
SPY190807P285,2019-08-05,2019-08-05 09:39:53,1.59,1.0324,60,1.58,1.0259,154,1.63,1.0584,3,1.585,1.0292,1011,0
SPY190807P285,2019-08-05,2019-08-05 09:39:53,1.6,1.0389,60,1.58,1.0259,154,1.63,1.0584,3,1.59,1.0324,1011,0
SPY190807P285,2019-08-05,2019-08-05 09:39:54,1.59,1.0324,60,1.58,1.0259,1,1.63,1.0584,3,1.585,1.0292,1011,0
SPY190807P285,2019-08-05,2019-08-05 09:39:55,1.59,1.0324,80,1.58,1.0259,1,1.58,1.0259,1,1.585,1.0292,1012,1
SPY190807P285,2019-08-05,2019-08-05 09:39:55,1.58,1.0259,31,1.56,1.0129,205,1.58,1.0259,1,1.57,1.0194,1012,0
SPY190807P285,2019-08-05,2019-08-05 09:39:56,1.57,1.0194,166,1.53,0.9935,5,1.58,1.0259,1,1.55,1.0064,1012,0
SPY190807P285,2019-08-05,2019-08-05 09:39:56,1.58,1.0259,91,1.56,1.0129,168,1.58,1.0259,1,1.57,1.0194,1012,0
SPY190807P285,2019-08-05,2019-08-05 09:39:57,1.57,1.0194,166,1.54,1.0,16,1.57,1.0194,15,1.555,1.0097,1027,15
SPY190807P285,2019-08-05,2019-08-05 09:39:57,1.57,1.0194,116,1.54,1.0,16,1.57,1.0194,15,1.555,1.0097,1027,0
SPY190807P285,2019-08-05,2019-08-05 09:39:58,1.56,1.0129,66,1.54,1.0,66,1.57,1.0194,15,1.55,1.0064,1027,0
SPY190807P285,2019-08-05,2019-08-05 09:39:58,1.56,1.0129,101,1.54,1.0,100,1.57,1.0194,15,1.55,1.0064,1027,0
SPY190807P285,2019-08-05,2019-08-05 09:39:59,1.56,1.0129,101,1.54,1.0,5,1.57,1.0194,15,1.55,1.0064,1027,0
SPY190807P285,2019-08-05,2019-08-05 09:40:00,1.55,1.0064,60,1.54,1.0,5,1.57,1.0194,15,1.545,1.0032,1027,0
SPY190807P285,2019-08-05,2019-08-05 09:40:00,1.55,1.0064,135,1.53,0.9935,149,1.57,1.0194,15,1.54,1.0,1027,0
SPY190807P285,2019-08-05,2019-08-05 09:40:01,1.55,1.0064,101,1.54,1.0,5,1.54,1.0,4,1.545,1.0032,1055,0
SPY190807P285,2019-08-05,2019-08-05 09:40:01,1.55,1.0064,101,1.54,1.0,5,1.54,1.0,4,1.545,1.0032,1055,28
SPY190807P285,2019-08-05,2019-08-05 09:40:02,1.55,1.0064,45,1.53,0.9935,72,1.54,1.0,4,1.54,1.0,1055,0
SPY190807P285,2019-08-05,2019-08-05 09:40:02,1.55,1.0064,60,1.54,1.0,5,1.54,1.0,4,1.545,1.0032,1055,0
SPY190807P285,2019-08-05,2019-08-05 09:40:03,1.57,1.0194,80,1.54,1.0,10,1.54,1.0,4,1.555,1.0097,1055,0
SPY190807P285,2019-08-05,2019-08-05 09:40:03,1.57,1.0194,111,1.54,1.0,16,1.54,1.0,4,1.555,1.0097,1055,0
SPY190807P285,2019-08-05,2019-08-05 09:40:04,1.57,1.0194,72,1.55,1.0064,5,1.54,1.0,4,1.56,1.0129,1055,0
SPY190807P285,2019-08-05,2019-08-05 09:40:04,1.57,1.0194,80,1.55,1.0064,5,1.54,1.0,4,1.56,1.0129,1055,0
SPY190807P285,2019-08-05,2019-08-05 09:40:05,1.57,1.0194,77,1.55,1.0064,152,1.54,1.0,4,1.56,1.0129,1055,0
SPY190807P285,2019-08-05,2019-08-05 09:40:05,1.57,1.0194,60,1.55,1.0064,16,1.54,1.0,4,1.56,1.0129,1055,0
SPY190807P285,2019-08-05,2019-08-05 09:40:06,1.57,1.0194,77,1.55,1.0064,152,1.54,1.0,4,1.56,1.0129,1055,0
SPY190807P285,2019-08-05,2019-08-05 09:40:06,1.57,1.0194,77,1.55,1.0064,139,1.54,1.0,4,1.56,1.0129,1055,0
SPY190807P285,2019-08-05,2019-08-05 09:40:07,1.58,1.0259,60,1.55,1.0064,100,1.54,1.0,4,1.565,1.0162,1055,0
SPY190807P285,2019-08-05,2019-08-05 09:40:07,1.57,1.0194,77,1.55,1.0064,152,1.54,1.0,4,1.56,1.0129,1055,0
SPY190807P285,2019-08-05,2019-08-05 09:40:08,1.6,1.0389,131,1.57,1.0194,5,1.54,1.0,4,1.585,1.0292,1055,0
SPY190807P285,2019-08-05,2019-08-05 09:40:08,1.59,1.0324,66,1.56,1.0129,199,1.54,1.0,4,1.575,1.0227,1055,0
SPY190807P285,2019-08-05,2019-08-05 09:40:09,1.6,1.0389,131,1.57,1.0194,5,1.54,1.0,4,1.585,1.0292,1055,0
SPY190807P285,2019-08-05,2019-08-05 09:40:09,1.59,1.0324,91,1.57,1.0194,499,1.54,1.0,4,1.58,1.0259,1055,0
SPY190807P285,2019-08-05,2019-08-05 09:40:10,1.59,1.0324,16,1.57,1.0194,5,1.59,1.0324,1,1.58,1.0259,1056,1
SPY190807P285,2019-08-05,2019-08-05 09:40:10,1.59,1.0324,91,1.56,1.0129,420,1.54,1.0,4,1.575,1.0227,1055,0
SPY190807P285,2019-08-05,2019-08-05 09:40:11,1.6,1.0389,131,1.56,1.0129,149,1.59,1.0324,1,1.58,1.0259,1056,0
SPY190807P285,2019-08-05,2019-08-05 09:40:11,1.59,1.0324,220,1.57,1.0194,5,1.59,1.0324,1,1.58,1.0259,1056,0
SPY190807P285,2019-08-05,2019-08-05 09:40:12,1.59,1.0324,30,1.58,1.0259,5,1.59,1.0324,1,1.585,1.0292,1056,0
SPY190807P285,2019-08-05,2019-08-05 09:40:12,1.6,1.0389,100,1.57,1.0194,473,1.59,1.0324,1,1.585,1.0292,1056,0
SPY190807P285,2019-08-05,2019-08-05 09:40:13,1.6,1.0389,181,1.58,1.0259,139,1.59,1.0324,1,1.59,1.0324,1056,0
SPY190807P285,2019-08-05,2019-08-05 09:40:14,1.6,1.0389,79,1.58,1.0259,5,1.59,1.0324,1,1.59,1.0324,1056,0
SPY190807P285,2019-08-05,2019-08-05 09:40:14,1.6,1.0389,60,1.58,1.0259,360,1.59,1.0324,1,1.59,1.0324,1056,0
SPY190807P285,2019-08-05,2019-08-05 09:40:15,1.61,1.0454,23,1.58,1.0259,115,1.59,1.0324,1,1.595,1.0357,1056,0
SPY190807P285,2019-08-05,2019-08-05 09:40:15,1.62,1.0519,60,1.59,1.0324,554,1.59,1.0324,1,1.605,1.0422,1056,0
SPY190807P285,2019-08-05,2019-08-05 09:40:16,1.63,1.0584,71,1.61,1.0454,100,1.59,1.0324,1,1.62,1.0519,1056,0
SPY190807P285,2019-08-05,2019-08-05 09:40:16,1.63,1.0584,80,1.6,1.0389,60,1.59,1.0324,1,1.615,1.0487,1056,0
SPY190807P285,2019-08-05,2019-08-05 09:40:17,1.64,1.0649,71,1.61,1.0454,495,1.59,1.0324,1,1.625,1.0551,1056,0
SPY190807P285,2019-08-05,2019-08-05 09:40:17,1.64,1.0649,71,1.62,1.0519,135,1.59,1.0324,1,1.63,1.0584,1056,0
SPY190807P285,2019-08-05,2019-08-05 09:40:18,1.65,1.0714,87,1.63,1.0584,5,1.59,1.0324,1,1.64,1.0649,1056,0
SPY190807P285,2019-08-05,2019-08-05 09:40:18,1.66,1.0779,150,1.63,1.0584,5,1.59,1.0324,1,1.645,1.0681,1056,0
SPY190807P285,2019-08-05,2019-08-05 09:40:19,1.66,1.0779,150,1.63,1.0584,13,1.59,1.0324,1,1.645,1.0681,1056,0
SPY190807P285,2019-08-05,2019-08-05 09:40:19,1.65,1.0714,76,1.63,1.0584,495,1.59,1.0324,1,1.64,1.0649,1056,0
SPY190807P285,2019-08-05,2019-08-05 09:40:20,1.65,1.0714,76,1.64,1.0649,5,1.59,1.0324,1,1.645,1.0681,1056,0
SPY190807P285,2019-08-05,2019-08-05 09:40:20,1.66,1.0779,131,1.64,1.0649,100,1.59,1.0324,1,1.65,1.0714,1056,0
SPY190807P285,2019-08-05,2019-08-05 09:40:21,1.66,1.0779,2,1.64,1.0649,510,1.59,1.0324,1,1.65,1.0714,1056,0
SPY190807P285,2019-08-05,2019-08-05 09:40:21,1.66,1.0779,60,1.64,1.0649,100,1.59,1.0324,1,1.65,1.0714,1056,0
SPY190807P285,2019-08-05,2019-08-05 09:40:22,1.66,1.0779,2,1.65,1.0714,5,1.66,1.0779,2,1.655,1.0746,1058,2
SPY190807P285,2019-08-05,2019-08-05 09:40:22,1.68,1.0909,66,1.65,1.0714,3,1.66,1.0779,2,1.665,1.0811,1058,0
SPY190807P285,2019-08-05,2019-08-05 09:40:23,1.68,1.0909,350,1.65,1.0714,5,1.66,1.0779,2,1.665,1.0811,1058,0
SPY190807P285,2019-08-05,2019-08-05 09:40:23,1.67,1.0844,116,1.65,1.0714,5,1.66,1.0779,2,1.66,1.0779,1058,0
SPY190807P285,2019-08-05,2019-08-05 09:40:24,1.68,1.0909,197,1.65,1.0714,5,1.66,1.0779,2,1.665,1.0811,1058,0
SPY190807P285,2019-08-05,2019-08-05 09:40:24,1.68,1.0909,268,1.65,1.0714,111,1.66,1.0779,2,1.665,1.0811,1058,0
SPY190807P285,2019-08-05,2019-08-05 09:40:25,1.68,1.0909,200,1.66,1.0779,5,1.66,1.0779,2,1.67,1.0844,1058,0
SPY190807P285,2019-08-05,2019-08-05 09:40:25,1.68,1.0909,113,1.65,1.0714,510,1.66,1.0779,2,1.665,1.0811,1058,0
SPY190807P285,2019-08-05,2019-08-05 09:40:26,1.69,1.0974,65,1.66,1.0779,473,1.68,1.0909,2,1.675,1.0876,1060,2
SPY190807P285,2019-08-05,2019-08-05 09:40:26,1.68,1.0909,77,1.66,1.0779,60,1.66,1.0779,2,1.67,1.0844,1058,0
SPY190807P285,2019-08-05,2019-08-05 09:40:27,1.69,1.0974,16,1.67,1.0844,483,1.68,1.0909,2,1.68,1.0909,1060,0
SPY190807P285,2019-08-05,2019-08-05 09:40:27,1.69,1.0974,65,1.67,1.0844,5,1.68,1.0909,2,1.68,1.0909,1060,0
SPY190807P285,2019-08-05,2019-08-05 09:40:28,1.7,1.1038,36,1.67,1.0844,570,1.68,1.0909,2,1.685,1.0941,1060,0
SPY190807P285,2019-08-05,2019-08-05 09:40:28,1.7,1.1038,31,1.68,1.0909,83,1.68,1.0909,2,1.69,1.0974,1060,0
SPY190807P285,2019-08-05,2019-08-05 09:40:29,1.7,1.1038,31,1.68,1.0909,5,1.68,1.0909,2,1.69,1.0974,1060,0
SPY190807P285,2019-08-05,2019-08-05 09:40:30,1.7,1.1038,23,1.68,1.0909,5,1.68,1.0909,2,1.69,1.0974,1060,0
SPY190807P285,2019-08-05,2019-08-05 09:40:30,1.7,1.1038,31,1.67,1.0844,377,1.68,1.0909,2,1.685,1.0941,1060,0
SPY190807P285,2019-08-05,2019-08-05 09:40:31,1.7,1.1038,2,1.68,1.0909,142,1.68,1.0909,2,1.69,1.0974,1060,0
SPY190807P285,2019-08-05,2019-08-05 09:40:31,1.7,1.1038,23,1.68,1.0909,110,1.68,1.0909,2,1.69,1.0974,1060,0
SPY190807P285,2019-08-05,2019-08-05 09:40:32,1.7,1.1038,2,1.69,1.0974,64,1.68,1.0909,2,1.695,1.1006,1060,0
SPY190807P285,2019-08-05,2019-08-05 09:40:32,1.7,1.1038,2,1.69,1.0974,8,1.68,1.0909,2,1.695,1.1006,1060,0
SPY190807P285,2019-08-05,2019-08-05 09:40:33,1.72,1.1168,25,1.69,1.0974,498,1.7,1.1038,1,1.705,1.1071,1063,0
SPY190807P285,2019-08-05,2019-08-05 09:40:33,1.72,1.1168,77,1.69,1.0974,498,1.7,1.1038,1,1.705,1.1071,1063,3
SPY190807P285,2019-08-05,2019-08-05 09:40:34,1.73,1.1233,30,1.71,1.1103,100,1.7,1.1038,1,1.72,1.1168,1063,0
SPY190807P285,2019-08-05,2019-08-05 09:40:34,1.73,1.1233,75,1.7,1.1038,72,1.7,1.1038,1,1.715,1.1136,1063,0
SPY190807P285,2019-08-05,2019-08-05 09:40:35,1.74,1.1298,50,1.71,1.1103,484,1.7,1.1038,1,1.725,1.1201,1063,0
SPY190807P285,2019-08-05,2019-08-05 09:40:35,1.73,1.1233,30,1.71,1.1103,100,1.7,1.1038,1,1.72,1.1168,1063,0
SPY190807P285,2019-08-05,2019-08-05 09:40:36,1.73,1.1233,66,1.71,1.1103,115,1.7,1.1038,1,1.72,1.1168,1063,0
SPY190807P285,2019-08-05,2019-08-05 09:40:37,1.71,1.1103,31,1.69,1.0974,28,1.71,1.1103,1,1.7,1.1038,1064,0
SPY190807P285,2019-08-05,2019-08-05 09:40:37,1.71,1.1103,31,1.69,1.0974,8,1.71,1.1103,1,1.7,1.1038,1064,1
SPY190807P285,2019-08-05,2019-08-05 09:40:38,1.71,1.1103,91,1.69,1.0974,74,1.71,1.1103,1,1.7,1.1038,1064,0
SPY190807P285,2019-08-05,2019-08-05 09:40:39,1.7,1.1038,100,1.69,1.0974,8,1.71,1.1103,1,1.695,1.1006,1064,0
SPY190807P285,2019-08-05,2019-08-05 09:40:39,1.7,1.1038,78,1.66,1.0779,360,1.69,1.0974,8,1.68,1.0909,1072,8
SPY190807P285,2019-08-05,2019-08-05 09:40:40,1.68,1.0909,66,1.65,1.0714,5,1.69,1.0974,8,1.665,1.0811,1072,0
SPY190807P285,2019-08-05,2019-08-05 09:40:40,1.68,1.0909,66,1.65,1.0714,365,1.69,1.0974,8,1.665,1.0811,1072,0
SPY190807P285,2019-08-05,2019-08-05 09:40:41,1.68,1.0909,76,1.65,1.0714,3,1.69,1.0974,8,1.665,1.0811,1072,0
SPY190807P285,2019-08-05,2019-08-05 09:40:41,1.68,1.0909,138,1.65,1.0714,506,1.69,1.0974,8,1.665,1.0811,1072,0
SPY190807P285,2019-08-05,2019-08-05 09:40:42,1.67,1.0844,60,1.64,1.0649,420,1.67,1.0844,8,1.655,1.0746,1082,0
SPY190807P285,2019-08-05,2019-08-05 09:40:42,1.68,1.0909,1,1.66,1.0779,93,1.67,1.0844,8,1.67,1.0844,1082,10
SPY190807P285,2019-08-05,2019-08-05 09:40:43,1.67,1.0844,80,1.65,1.0714,87,1.67,1.0844,8,1.66,1.0779,1082,0
SPY190807P285,2019-08-05,2019-08-05 09:40:43,1.68,1.0909,181,1.65,1.0714,360,1.67,1.0844,8,1.665,1.0811,1082,0
SPY190807P285,2019-08-05,2019-08-05 09:40:44,1.68,1.0909,156,1.65,1.0714,488,1.67,1.0844,8,1.665,1.0811,1082,0
SPY190807P285,2019-08-05,2019-08-05 09:40:44,1.68,1.0909,176,1.65,1.0714,503,1.67,1.0844,8,1.665,1.0811,1082,0
SPY190807P285,2019-08-05,2019-08-05 09:40:45,1.68,1.0909,176,1.65,1.0714,503,1.67,1.0844,8,1.665,1.0811,1082,0
SPY190807P285,2019-08-05,2019-08-05 09:40:45,1.68,1.0909,176,1.65,1.0714,548,1.67,1.0844,8,1.665,1.0811,1082,0
SPY190807P285,2019-08-05,2019-08-05 09:40:46,1.68,1.0909,142,1.65,1.0714,491,1.67,1.0844,8,1.665,1.0811,1082,0
SPY190807P285,2019-08-05,2019-08-05 09:40:46,1.68,1.0909,142,1.65,1.0714,506,1.67,1.0844,8,1.665,1.0811,1082,0
SPY190807P285,2019-08-05,2019-08-05 09:40:47,1.67,1.0844,231,1.65,1.0714,360,1.67,1.0844,8,1.66,1.0779,1082,0
SPY190807P285,2019-08-05,2019-08-05 09:40:47,1.68,1.0909,274,1.65,1.0714,491,1.67,1.0844,8,1.665,1.0811,1082,0
SPY190807P285,2019-08-05,2019-08-05 09:40:48,1.66,1.0779,16,1.64,1.0649,5,1.67,1.0844,8,1.65,1.0714,1082,0
SPY190807P285,2019-08-05,2019-08-05 09:40:48,1.67,1.0844,450,1.64,1.0649,491,1.67,1.0844,8,1.655,1.0746,1082,0
SPY190807P285,2019-08-05,2019-08-05 09:40:49,1.67,1.0844,77,1.62,1.0519,131,1.67,1.0844,8,1.645,1.0681,1082,0
SPY190807P285,2019-08-05,2019-08-05 09:40:49,1.65,1.0714,76,1.63,1.0584,16,1.66,1.0779,1,1.64,1.0649,1083,1
SPY190807P285,2019-08-05,2019-08-05 09:40:50,1.65,1.0714,350,1.62,1.0519,460,1.66,1.0779,1,1.635,1.0616,1083,0
SPY190807P285,2019-08-05,2019-08-05 09:40:50,1.65,1.0714,412,1.62,1.0519,131,1.66,1.0779,1,1.635,1.0616,1083,0
SPY190807P285,2019-08-05,2019-08-05 09:40:51,1.65,1.0714,60,1.62,1.0519,420,1.66,1.0779,1,1.635,1.0616,1083,0
SPY190807P285,2019-08-05,2019-08-05 09:40:51,1.65,1.0714,60,1.63,1.0584,5,1.66,1.0779,1,1.64,1.0649,1083,0
SPY190807P285,2019-08-05,2019-08-05 09:40:52,1.65,1.0714,82,1.63,1.0584,85,1.66,1.0779,1,1.64,1.0649,1083,0
SPY190807P285,2019-08-05,2019-08-05 09:40:52,1.65,1.0714,72,1.62,1.0519,420,1.66,1.0779,1,1.635,1.0616,1083,0
SPY190807P285,2019-08-05,2019-08-05 09:40:53,1.65,1.0714,210,1.62,1.0519,66,1.65,1.0714,2,1.635,1.0616,1085,0
SPY190807P285,2019-08-05,2019-08-05 09:40:53,1.65,1.0714,210,1.62,1.0519,131,1.65,1.0714,2,1.635,1.0616,1085,2
SPY190807P285,2019-08-05,2019-08-05 09:40:54,1.63,1.0584,31,1.6,1.0389,360,1.65,1.0714,2,1.615,1.0487,1085,0
SPY190807P285,2019-08-05,2019-08-05 09:40:54,1.64,1.0649,150,1.61,1.0454,131,1.65,1.0714,2,1.625,1.0551,1085,0
SPY190807P285,2019-08-05,2019-08-05 09:40:55,1.65,1.0714,60,1.63,1.0584,397,1.65,1.0714,19,1.64,1.0649,1104,0
SPY190807P285,2019-08-05,2019-08-05 09:40:55,1.65,1.0714,466,1.62,1.0519,360,1.65,1.0714,19,1.635,1.0616,1104,19
SPY190807P285,2019-08-05,2019-08-05 09:40:56,1.65,1.0714,60,1.63,1.0584,457,1.65,1.0714,1,1.64,1.0649,1105,1
SPY190807P285,2019-08-05,2019-08-05 09:40:57,1.65,1.0714,60,1.64,1.0649,405,1.65,1.0714,1,1.645,1.0681,1105,0
SPY190807P285,2019-08-05,2019-08-05 09:40:57,1.65,1.0714,60,1.63,1.0584,126,1.65,1.0714,1,1.64,1.0649,1105,0
SPY190807P285,2019-08-05,2019-08-05 09:40:58,1.66,1.0779,134,1.64,1.0649,360,1.65,1.0714,1,1.65,1.0714,1105,0
SPY190807P285,2019-08-05,2019-08-05 09:40:58,1.66,1.0779,134,1.63,1.0584,551,1.65,1.0714,1,1.645,1.0681,1105,0
SPY190807P285,2019-08-05,2019-08-05 09:40:59,1.64,1.0649,31,1.63,1.0584,141,1.65,1.0714,1,1.635,1.0616,1105,0
SPY190807P285,2019-08-05,2019-08-05 09:40:59,1.65,1.0714,170,1.62,1.0519,482,1.65,1.0714,1,1.635,1.0616,1105,0
SPY190807P285,2019-08-05,2019-08-05 09:41:00,1.65,1.0714,139,1.62,1.0519,482,1.65,1.0714,1,1.635,1.0616,1105,0
SPY190807P285,2019-08-05,2019-08-05 09:41:00,1.64,1.0649,121,1.62,1.0519,94,1.65,1.0714,1,1.63,1.0584,1105,0
SPY190807P285,2019-08-05,2019-08-05 09:41:01,1.64,1.0649,121,1.62,1.0519,360,1.65,1.0714,1,1.63,1.0584,1105,0
SPY190807P285,2019-08-05,2019-08-05 09:41:02,1.64,1.0649,121,1.62,1.0519,393,1.65,1.0714,1,1.63,1.0584,1105,0
SPY190807P285,2019-08-05,2019-08-05 09:41:03,1.66,1.0779,282,1.64,1.0649,360,1.65,1.0714,1,1.65,1.0714,1105,0
SPY190807P285,2019-08-05,2019-08-05 09:41:03,1.65,1.0714,185,1.63,1.0584,365,1.65,1.0714,1,1.64,1.0649,1105,0
SPY190807P285,2019-08-05,2019-08-05 09:41:04,1.66,1.0779,156,1.62,1.0519,60,1.65,1.0714,1,1.64,1.0649,1105,0
SPY190807P285,2019-08-05,2019-08-05 09:41:04,1.64,1.0649,91,1.62,1.0519,443,1.65,1.0714,1,1.63,1.0584,1105,0
SPY190807P285,2019-08-05,2019-08-05 09:41:05,1.64,1.0649,16,1.62,1.0519,438,1.65,1.0714,1,1.63,1.0584,1105,0
SPY190807P285,2019-08-05,2019-08-05 09:41:05,1.64,1.0649,96,1.62,1.0519,438,1.65,1.0714,1,1.63,1.0584,1105,0
SPY190807P285,2019-08-05,2019-08-05 09:41:06,1.64,1.0649,16,1.62,1.0519,438,1.65,1.0714,1,1.63,1.0584,1105,0
SPY190807P285,2019-08-05,2019-08-05 09:41:07,1.64,1.0649,16,1.62,1.0519,438,1.65,1.0714,1,1.63,1.0584,1105,0
SPY190807P285,2019-08-05,2019-08-05 09:41:08,1.64,1.0649,16,1.62,1.0519,438,1.65,1.0714,1,1.63,1.0584,1105,0
SPY190807P285,2019-08-05,2019-08-05 09:41:09,1.62,1.0519,31,1.6,1.0389,591,1.63,1.0584,2,1.61,1.0454,1107,2
SPY190807P285,2019-08-05,2019-08-05 09:41:09,1.63,1.0584,92,1.61,1.0454,5,1.63,1.0584,2,1.62,1.0519,1107,0
SPY190807P285,2019-08-05,2019-08-05 09:41:10,1.63,1.0584,1,1.61,1.0454,657,1.63,1.0584,2,1.62,1.0519,1107,0
SPY190807P285,2019-08-05,2019-08-05 09:41:10,1.63,1.0584,87,1.61,1.0454,420,1.63,1.0584,2,1.62,1.0519,1107,0
SPY190807P285,2019-08-05,2019-08-05 09:41:11,1.63,1.0584,1,1.61,1.0454,591,1.63,1.0584,2,1.62,1.0519,1107,0
SPY190807P285,2019-08-05,2019-08-05 09:41:11,1.63,1.0584,1,1.61,1.0454,657,1.63,1.0584,2,1.62,1.0519,1107,0
SPY190807P285,2019-08-05,2019-08-05 09:41:12,1.62,1.0519,31,1.61,1.0454,596,1.63,1.0584,2,1.615,1.0487,1107,0
SPY190807P285,2019-08-05,2019-08-05 09:41:12,1.63,1.0584,96,1.6,1.0389,536,1.63,1.0584,2,1.615,1.0487,1107,0
SPY190807P285,2019-08-05,2019-08-05 09:41:13,1.63,1.0584,32,1.61,1.0454,580,1.63,1.0584,2,1.62,1.0519,1107,0
SPY190807P285,2019-08-05,2019-08-05 09:41:13,1.63,1.0584,32,1.61,1.0454,248,1.63,1.0584,2,1.62,1.0519,1107,0
SPY190807P285,2019-08-05,2019-08-05 09:41:14,1.65,1.0714,160,1.63,1.0584,25,1.63,1.0584,1,1.64,1.0649,1108,1
SPY190807P285,2019-08-05,2019-08-05 09:41:14,1.65,1.0714,160,1.62,1.0519,160,1.63,1.0584,1,1.635,1.0616,1108,0
SPY190807P285,2019-08-05,2019-08-05 09:41:15,1.64,1.0649,113,1.61,1.0454,648,1.63,1.0584,1,1.625,1.0551,1108,0
SPY190807P285,2019-08-05,2019-08-05 09:41:15,1.64,1.0649,113,1.61,1.0454,628,1.63,1.0584,1,1.625,1.0551,1108,0
SPY190807P285,2019-08-05,2019-08-05 09:41:16,1.63,1.0584,31,1.61,1.0454,460,1.63,1.0584,1,1.62,1.0519,1108,0
SPY190807P285,2019-08-05,2019-08-05 09:41:17,1.63,1.0584,31,1.61,1.0454,534,1.63,1.0584,1,1.62,1.0519,1108,0
SPY190807P285,2019-08-05,2019-08-05 09:41:17,1.63,1.0584,31,1.61,1.0454,486,1.63,1.0584,1,1.62,1.0519,1108,0
SPY190807P285,2019-08-05,2019-08-05 09:41:18,1.63,1.0584,31,1.61,1.0454,534,1.63,1.0584,1,1.62,1.0519,1108,0
SPY190807P285,2019-08-05,2019-08-05 09:41:18,1.63,1.0584,31,1.61,1.0454,516,1.63,1.0584,1,1.62,1.0519,1108,0
SPY190807P285,2019-08-05,2019-08-05 09:41:19,1.66,1.0779,236,1.63,1.0584,131,1.63,1.0584,1,1.645,1.0681,1108,0
SPY190807P285,2019-08-05,2019-08-05 09:41:19,1.66,1.0779,151,1.61,1.0454,110,1.63,1.0584,1,1.635,1.0616,1108,0
SPY190807P285,2019-08-05,2019-08-05 09:41:20,1.66,1.0779,235,1.63,1.0584,491,1.63,1.0584,1,1.645,1.0681,1108,0
SPY190807P285,2019-08-05,2019-08-05 09:41:20,1.66,1.0779,206,1.63,1.0584,491,1.63,1.0584,1,1.645,1.0681,1108,0
SPY190807P285,2019-08-05,2019-08-05 09:41:21,1.66,1.0779,206,1.63,1.0584,491,1.63,1.0584,1,1.645,1.0681,1108,0
SPY190807P285,2019-08-05,2019-08-05 09:41:21,1.66,1.0779,417,1.63,1.0584,491,1.63,1.0584,1,1.645,1.0681,1108,0
SPY190807P285,2019-08-05,2019-08-05 09:41:22,1.65,1.0714,126,1.63,1.0584,491,1.63,1.0584,1,1.64,1.0649,1108,0
SPY190807P285,2019-08-05,2019-08-05 09:41:22,1.65,1.0714,31,1.63,1.0584,491,1.63,1.0584,1,1.64,1.0649,1108,0
SPY190807P285,2019-08-05,2019-08-05 09:41:23,1.65,1.0714,210,1.62,1.0519,428,1.63,1.0584,1,1.635,1.0616,1108,0
SPY190807P285,2019-08-05,2019-08-05 09:41:23,1.65,1.0714,213,1.62,1.0519,245,1.63,1.0584,1,1.635,1.0616,1108,0
SPY190807P285,2019-08-05,2019-08-05 09:41:24,1.64,1.0649,23,1.62,1.0519,245,1.63,1.0584,1,1.63,1.0584,1108,0
SPY190807P285,2019-08-05,2019-08-05 09:41:24,1.65,1.0714,213,1.62,1.0519,245,1.63,1.0584,1,1.635,1.0616,1108,0
SPY190807P285,2019-08-05,2019-08-05 09:41:25,1.65,1.0714,406,1.62,1.0519,121,1.63,1.0584,1,1.635,1.0616,1108,0
SPY190807P285,2019-08-05,2019-08-05 09:41:26,1.64,1.0649,181,1.61,1.0454,917,1.63,1.0584,1,1.625,1.0551,1108,0
SPY190807P285,2019-08-05,2019-08-05 09:41:26,1.64,1.0649,181,1.61,1.0454,893,1.63,1.0584,1,1.625,1.0551,1108,0
SPY190807P285,2019-08-05,2019-08-05 09:41:27,1.64,1.0649,181,1.61,1.0454,59,1.63,1.0584,1,1.625,1.0551,1108,0
SPY190807P285,2019-08-05,2019-08-05 09:41:27,1.63,1.0584,214,1.61,1.0454,1,1.63,1.0584,1,1.62,1.0519,1108,0
SPY190807P285,2019-08-05,2019-08-05 09:41:28,1.63,1.0584,214,1.61,1.0454,1,1.63,1.0584,1,1.62,1.0519,1108,0
SPY190807P285,2019-08-05,2019-08-05 09:41:29,1.62,1.0519,21,1.61,1.0454,1,1.63,1.0584,1,1.615,1.0487,1108,0
SPY190807P285,2019-08-05,2019-08-05 09:41:29,1.63,1.0584,214,1.61,1.0454,1,1.63,1.0584,1,1.62,1.0519,1108,0
SPY190807P285,2019-08-05,2019-08-05 09:41:30,1.62,1.0519,175,1.61,1.0454,1,1.61,1.0454,1,1.615,1.0487,1109,1
SPY190807P285,2019-08-05,2019-08-05 09:41:30,1.61,1.0454,1,1.59,1.0324,183,1.61,1.0454,1,1.6,1.0389,1109,0
SPY190807P285,2019-08-05,2019-08-05 09:41:31,1.63,1.0584,277,1.59,1.0324,425,1.61,1.0454,1,1.61,1.0454,1109,0
SPY190807P285,2019-08-05,2019-08-05 09:41:31,1.61,1.0454,66,1.59,1.0324,102,1.61,1.0454,1,1.6,1.0389,1109,0
SPY190807P285,2019-08-05,2019-08-05 09:41:32,1.61,1.0454,128,1.58,1.0259,131,1.61,1.0454,1,1.595,1.0357,1109,0
SPY190807P285,2019-08-05,2019-08-05 09:41:32,1.62,1.0519,141,1.59,1.0324,557,1.61,1.0454,1,1.605,1.0422,1109,0
SPY190807P285,2019-08-05,2019-08-05 09:41:33,1.6,1.0389,31,1.58,1.0259,534,1.61,1.0454,1,1.59,1.0324,1109,0
SPY190807P285,2019-08-05,2019-08-05 09:41:33,1.6,1.0389,31,1.58,1.0259,483,1.61,1.0454,1,1.59,1.0324,1109,0
SPY190807P285,2019-08-05,2019-08-05 09:41:34,1.62,1.0519,100,1.59,1.0324,16,1.6,1.0389,3,1.605,1.0422,1112,3
SPY190807P285,2019-08-05,2019-08-05 09:41:34,1.62,1.0519,100,1.58,1.0259,440,1.6,1.0389,3,1.6,1.0389,1112,0
SPY190807P285,2019-08-05,2019-08-05 09:41:35,1.61,1.0454,196,1.58,1.0259,462,1.6,1.0389,3,1.595,1.0357,1112,0
SPY190807P285,2019-08-05,2019-08-05 09:41:35,1.61,1.0454,196,1.58,1.0259,1010,1.6,1.0389,3,1.595,1.0357,1112,0
SPY190807P285,2019-08-05,2019-08-05 09:41:36,1.63,1.0584,308,1.59,1.0324,260,1.6,1.0389,3,1.61,1.0454,1112,0
SPY190807P285,2019-08-05,2019-08-05 09:41:36,1.63,1.0584,308,1.59,1.0324,361,1.6,1.0389,3,1.61,1.0454,1112,0
SPY190807P285,2019-08-05,2019-08-05 09:41:37,1.63,1.0584,423,1.59,1.0324,483,1.6,1.0389,3,1.61,1.0454,1112,0
SPY190807P285,2019-08-05,2019-08-05 09:41:37,1.62,1.0519,152,1.59,1.0324,483,1.6,1.0389,3,1.605,1.0422,1112,0
SPY190807P285,2019-08-05,2019-08-05 09:41:38,1.63,1.0584,23,1.61,1.0454,110,1.6,1.0389,3,1.62,1.0519,1112,0
SPY190807P285,2019-08-05,2019-08-05 09:41:38,1.64,1.0649,181,1.61,1.0454,266,1.61,1.0454,1,1.625,1.0551,1113,1
SPY190807P285,2019-08-05,2019-08-05 09:41:39,1.64,1.0649,264,1.61,1.0454,270,1.61,1.0454,1,1.625,1.0551,1113,0
SPY190807P285,2019-08-05,2019-08-05 09:41:39,1.63,1.0584,166,1.61,1.0454,77,1.61,1.0454,1,1.62,1.0519,1113,0
SPY190807P285,2019-08-05,2019-08-05 09:41:40,1.63,1.0584,67,1.61,1.0454,5,1.61,1.0454,1,1.62,1.0519,1113,0
SPY190807P285,2019-08-05,2019-08-05 09:41:41,1.63,1.0584,90,1.6,1.0389,435,1.61,1.0454,1,1.615,1.0487,1113,0
SPY190807P285,2019-08-05,2019-08-05 09:41:41,1.63,1.0584,167,1.6,1.0389,168,1.61,1.0454,1,1.615,1.0487,1113,0
SPY190807P285,2019-08-05,2019-08-05 09:41:42,1.63,1.0584,263,1.6,1.0389,184,1.61,1.0454,1,1.615,1.0487,1113,0
SPY190807P285,2019-08-05,2019-08-05 09:41:42,1.63,1.0584,223,1.6,1.0389,502,1.61,1.0454,1,1.615,1.0487,1113,0
SPY190807P285,2019-08-05,2019-08-05 09:41:43,1.63,1.0584,5,1.61,1.0454,5,1.61,1.0454,1,1.62,1.0519,1113,0
SPY190807P285,2019-08-05,2019-08-05 09:41:43,1.64,1.0649,60,1.61,1.0454,60,1.61,1.0454,1,1.625,1.0551,1113,0
SPY190807P285,2019-08-05,2019-08-05 09:41:44,1.63,1.0584,83,1.61,1.0454,118,1.61,1.0454,1,1.62,1.0519,1113,0
SPY190807P285,2019-08-05,2019-08-05 09:41:45,1.63,1.0584,83,1.61,1.0454,118,1.61,1.0454,1,1.62,1.0519,1113,0
SPY190807P285,2019-08-05,2019-08-05 09:41:45,1.64,1.0649,432,1.61,1.0454,225,1.61,1.0454,1,1.625,1.0551,1113,0
SPY190807P285,2019-08-05,2019-08-05 09:41:46,1.64,1.0649,84,1.62,1.0519,132,1.61,1.0454,1,1.63,1.0584,1113,0
SPY190807P285,2019-08-05,2019-08-05 09:41:46,1.64,1.0649,91,1.62,1.0519,76,1.61,1.0454,1,1.63,1.0584,1113,0
SPY190807P285,2019-08-05,2019-08-05 09:41:47,1.65,1.0714,79,1.63,1.0584,93,1.63,1.0584,43,1.64,1.0649,1233,0
SPY190807P285,2019-08-05,2019-08-05 09:41:47,1.65,1.0714,119,1.63,1.0584,25,1.63,1.0584,43,1.64,1.0649,1233,120
SPY190807P285,2019-08-05,2019-08-05 09:41:48,1.65,1.0714,91,1.63,1.0584,130,1.63,1.0584,43,1.64,1.0649,1233,0
SPY190807P285,2019-08-05,2019-08-05 09:41:48,1.65,1.0714,77,1.63,1.0584,115,1.63,1.0584,43,1.64,1.0649,1233,0
SPY190807P285,2019-08-05,2019-08-05 09:41:49,1.65,1.0714,91,1.63,1.0584,127,1.63,1.0584,43,1.64,1.0649,1233,0
SPY190807P285,2019-08-05,2019-08-05 09:41:49,1.65,1.0714,60,1.63,1.0584,127,1.63,1.0584,43,1.64,1.0649,1233,0
SPY190807P285,2019-08-05,2019-08-05 09:41:50,1.65,1.0714,31,1.63,1.0584,555,1.63,1.0584,43,1.64,1.0649,1233,0
SPY190807P285,2019-08-05,2019-08-05 09:41:50,1.67,1.0844,266,1.64,1.0649,503,1.63,1.0584,43,1.655,1.0746,1233,0
SPY190807P285,2019-08-05,2019-08-05 09:41:51,1.67,1.0844,282,1.64,1.0649,518,1.63,1.0584,43,1.655,1.0746,1233,0
SPY190807P285,2019-08-05,2019-08-05 09:41:51,1.67,1.0844,414,1.64,1.0649,518,1.63,1.0584,43,1.655,1.0746,1233,0
SPY190807P285,2019-08-05,2019-08-05 09:41:52,1.67,1.0844,76,1.64,1.0649,274,1.63,1.0584,43,1.655,1.0746,1233,0
SPY190807P285,2019-08-05,2019-08-05 09:41:52,1.69,1.0974,31,1.67,1.0844,550,1.63,1.0584,43,1.68,1.0909,1233,0
SPY190807P285,2019-08-05,2019-08-05 09:41:53,1.69,1.0974,23,1.67,1.0844,404,1.63,1.0584,43,1.68,1.0909,1233,0
SPY190807P285,2019-08-05,2019-08-05 09:41:53,1.7,1.1038,31,1.67,1.0844,404,1.63,1.0584,43,1.685,1.0941,1233,0
SPY190807P285,2019-08-05,2019-08-05 09:41:54,1.69,1.0974,23,1.67,1.0844,490,1.63,1.0584,43,1.68,1.0909,1233,0
SPY190807P285,2019-08-05,2019-08-05 09:41:54,1.7,1.1038,36,1.67,1.0844,490,1.63,1.0584,43,1.685,1.0941,1233,0
SPY190807P285,2019-08-05,2019-08-05 09:41:55,1.7,1.1038,132,1.67,1.0844,60,1.63,1.0584,43,1.685,1.0941,1233,0
SPY190807P285,2019-08-05,2019-08-05 09:41:55,1.7,1.1038,32,1.67,1.0844,126,1.63,1.0584,43,1.685,1.0941,1233,0
SPY190807P285,2019-08-05,2019-08-05 09:41:56,1.69,1.0974,31,1.68,1.0909,7,1.63,1.0584,43,1.685,1.0941,1233,0
SPY190807P285,2019-08-05,2019-08-05 09:41:57,1.69,1.0974,31,1.67,1.0844,22,1.63,1.0584,43,1.68,1.0909,1233,0
SPY190807P285,2019-08-05,2019-08-05 09:41:57,1.69,1.0974,60,1.67,1.0844,42,1.63,1.0584,43,1.68,1.0909,1233,0
SPY190807P285,2019-08-05,2019-08-05 09:41:58,1.69,1.0974,60,1.67,1.0844,42,1.63,1.0584,43,1.68,1.0909,1233,0
SPY190807P285,2019-08-05,2019-08-05 09:41:58,1.69,1.0974,85,1.67,1.0844,8,1.63,1.0584,43,1.68,1.0909,1233,0
SPY190807P285,2019-08-05,2019-08-05 09:41:59,1.69,1.0974,84,1.67,1.0844,110,1.63,1.0584,43,1.68,1.0909,1233,0
SPY190807P285,2019-08-05,2019-08-05 09:41:59,1.69,1.0974,85,1.67,1.0844,74,1.63,1.0584,43,1.68,1.0909,1233,0
SPY190807P285,2019-08-05,2019-08-05 09:42:00,1.69,1.0974,31,1.67,1.0844,505,1.63,1.0584,43,1.68,1.0909,1233,0
SPY190807P285,2019-08-05,2019-08-05 09:42:00,1.69,1.0974,84,1.67,1.0844,505,1.63,1.0584,43,1.68,1.0909,1233,0
SPY190807P285,2019-08-05,2019-08-05 09:42:01,1.69,1.0974,31,1.67,1.0844,550,1.63,1.0584,43,1.68,1.0909,1233,0
SPY190807P285,2019-08-05,2019-08-05 09:42:02,1.7,1.1038,31,1.67,1.0844,370,1.63,1.0584,43,1.685,1.0941,1233,0
SPY190807P285,2019-08-05,2019-08-05 09:42:02,1.7,1.1038,100,1.67,1.0844,590,1.63,1.0584,43,1.685,1.0941,1233,0
SPY190807P285,2019-08-05,2019-08-05 09:42:03,1.7,1.1038,31,1.68,1.0909,5,1.63,1.0584,43,1.69,1.0974,1233,0
SPY190807P285,2019-08-05,2019-08-05 09:42:03,1.7,1.1038,31,1.67,1.0844,790,1.63,1.0584,43,1.685,1.0941,1233,0
SPY190807P285,2019-08-05,2019-08-05 09:42:04,1.7,1.1038,1,1.68,1.0909,5,1.63,1.0584,43,1.69,1.0974,1233,0
SPY190807P285,2019-08-05,2019-08-05 09:42:04,1.7,1.1038,31,1.68,1.0909,5,1.63,1.0584,43,1.69,1.0974,1233,0
SPY190807P285,2019-08-05,2019-08-05 09:42:05,1.7,1.1038,32,1.68,1.0909,5,1.63,1.0584,43,1.69,1.0974,1233,0
SPY190807P285,2019-08-05,2019-08-05 09:42:05,1.7,1.1038,32,1.69,1.0974,5,1.63,1.0584,43,1.695,1.1006,1233,0
SPY190807P285,2019-08-05,2019-08-05 09:42:06,1.7,1.1038,31,1.69,1.0974,5,1.63,1.0584,43,1.695,1.1006,1233,0
SPY190807P285,2019-08-05,2019-08-05 09:42:06,1.7,1.1038,32,1.69,1.0974,10,1.63,1.0584,43,1.695,1.1006,1233,0
SPY190807P285,2019-08-05,2019-08-05 09:42:07,1.7,1.1038,1,1.69,1.0974,5,1.7,1.1038,8,1.695,1.1006,1241,8
SPY190807P285,2019-08-05,2019-08-05 09:42:07,1.7,1.1038,32,1.69,1.0974,8,1.63,1.0584,43,1.695,1.1006,1233,0
SPY190807P285,2019-08-05,2019-08-05 09:42:08,1.7,1.1038,27,1.69,1.0974,5,1.7,1.1038,8,1.695,1.1006,1241,0
SPY190807P285,2019-08-05,2019-08-05 09:42:08,1.7,1.1038,27,1.69,1.0974,84,1.7,1.1038,8,1.695,1.1006,1241,0
SPY190807P285,2019-08-05,2019-08-05 09:42:09,1.7,1.1038,52,1.69,1.0974,1,1.7,1.1038,8,1.695,1.1006,1241,0
SPY190807P285,2019-08-05,2019-08-05 09:42:09,1.7,1.1038,97,1.69,1.0974,1,1.7,1.1038,8,1.695,1.1006,1241,0
SPY190807P285,2019-08-05,2019-08-05 09:42:10,1.7,1.1038,61,1.69,1.0974,1,1.7,1.1038,8,1.695,1.1006,1241,0
SPY190807P285,2019-08-05,2019-08-05 09:42:10,1.7,1.1038,1,1.69,1.0974,5,1.7,1.1038,8,1.695,1.1006,1241,0
SPY190807P285,2019-08-05,2019-08-05 09:42:11,1.7,1.1038,1,1.69,1.0974,1,1.7,1.1038,8,1.695,1.1006,1241,0
SPY190807P285,2019-08-05,2019-08-05 09:42:12,1.72,1.1168,31,1.69,1.0974,62,1.7,1.1038,1,1.705,1.1071,1242,1
SPY190807P285,2019-08-05,2019-08-05 09:42:12,1.72,1.1168,31,1.7,1.1038,194,1.72,1.1168,20,1.71,1.1103,1262,20
SPY190807P285,2019-08-05,2019-08-05 09:42:13,1.72,1.1168,97,1.7,1.1038,77,1.72,1.1168,20,1.71,1.1103,1262,0
SPY190807P285,2019-08-05,2019-08-05 09:42:13,1.73,1.1233,190,1.7,1.1038,453,1.72,1.1168,20,1.715,1.1136,1262,0
SPY190807P285,2019-08-05,2019-08-05 09:42:14,1.73,1.1233,96,1.7,1.1038,15,1.72,1.1168,20,1.715,1.1136,1262,0
SPY190807P285,2019-08-05,2019-08-05 09:42:14,1.73,1.1233,108,1.71,1.1103,31,1.72,1.1168,20,1.72,1.1168,1262,0
SPY190807P285,2019-08-05,2019-08-05 09:42:15,1.73,1.1233,168,1.71,1.1103,31,1.72,1.1168,20,1.72,1.1168,1262,0
SPY190807P285,2019-08-05,2019-08-05 09:42:15,1.74,1.1298,150,1.71,1.1103,46,1.72,1.1168,20,1.725,1.1201,1262,0
SPY190807P285,2019-08-05,2019-08-05 09:42:16,1.73,1.1233,131,1.71,1.1103,113,1.72,1.1168,20,1.72,1.1168,1262,0
SPY190807P285,2019-08-05,2019-08-05 09:42:16,1.74,1.1298,565,1.71,1.1103,100,1.72,1.1168,20,1.725,1.1201,1262,0
SPY190807P285,2019-08-05,2019-08-05 09:42:17,1.72,1.1168,31,1.7,1.1038,221,1.72,1.1168,20,1.71,1.1103,1262,0
SPY190807P285,2019-08-05,2019-08-05 09:42:17,1.73,1.1233,128,1.71,1.1103,33,1.72,1.1168,20,1.72,1.1168,1262,0
SPY190807P285,2019-08-05,2019-08-05 09:42:18,1.73,1.1233,169,1.7,1.1038,581,1.72,1.1168,20,1.715,1.1136,1262,0
SPY190807P285,2019-08-05,2019-08-05 09:42:18,1.73,1.1233,166,1.7,1.1038,175,1.72,1.1168,20,1.715,1.1136,1262,0
SPY190807P285,2019-08-05,2019-08-05 09:42:19,1.73,1.1233,126,1.71,1.1103,31,1.72,1.1168,20,1.72,1.1168,1262,0
SPY190807P285,2019-08-05,2019-08-05 09:42:19,1.73,1.1233,126,1.71,1.1103,16,1.72,1.1168,20,1.72,1.1168,1262,0
SPY190807P285,2019-08-05,2019-08-05 09:42:20,1.72,1.1168,31,1.69,1.0974,144,1.72,1.1168,20,1.705,1.1071,1262,0
SPY190807P285,2019-08-05,2019-08-05 09:42:21,1.71,1.1103,81,1.69,1.0974,1,1.72,1.1168,20,1.7,1.1038,1262,0
SPY190807P285,2019-08-05,2019-08-05 09:42:21,1.71,1.1103,206,1.69,1.0974,1,1.72,1.1168,20,1.7,1.1038,1262,0
SPY190807P285,2019-08-05,2019-08-05 09:42:22,1.74,1.1298,180,1.69,1.0974,1,1.72,1.1168,20,1.715,1.1136,1262,0
SPY190807P285,2019-08-05,2019-08-05 09:42:22,1.71,1.1103,143,1.69,1.0974,1,1.72,1.1168,20,1.7,1.1038,1262,0
SPY190807P285,2019-08-05,2019-08-05 09:42:23,1.7,1.1038,150,1.69,1.0974,1,1.7,1.1038,1,1.695,1.1006,1263,1
SPY190807P285,2019-08-05,2019-08-05 09:42:23,1.71,1.1103,160,1.69,1.0974,1,1.72,1.1168,20,1.7,1.1038,1262,0
SPY190807P285,2019-08-05,2019-08-05 09:42:24,1.69,1.0974,91,1.66,1.0779,519,1.69,1.0974,1,1.675,1.0876,1265,0
SPY190807P285,2019-08-05,2019-08-05 09:42:24,1.69,1.0974,105,1.66,1.0779,519,1.69,1.0974,1,1.675,1.0876,1265,2
SPY190807P285,2019-08-05,2019-08-05 09:42:25,1.69,1.0974,5,1.67,1.0844,53,1.69,1.0974,1,1.68,1.0909,1265,0
SPY190807P285,2019-08-05,2019-08-05 09:42:25,1.69,1.0974,141,1.66,1.0779,994,1.69,1.0974,1,1.675,1.0876,1265,0
SPY190807P285,2019-08-05,2019-08-05 09:42:26,1.69,1.0974,141,1.67,1.0844,16,1.69,1.0974,1,1.68,1.0909,1265,0
SPY190807P285,2019-08-05,2019-08-05 09:42:26,1.69,1.0974,141,1.66,1.0779,1024,1.69,1.0974,1,1.675,1.0876,1265,0
SPY190807P285,2019-08-05,2019-08-05 09:42:27,1.68,1.0909,31,1.67,1.0844,50,1.69,1.0974,1,1.675,1.0876,1265,0
SPY190807P285,2019-08-05,2019-08-05 09:42:27,1.69,1.0974,147,1.67,1.0844,16,1.69,1.0974,1,1.68,1.0909,1265,0
SPY190807P285,2019-08-05,2019-08-05 09:42:28,1.7,1.1038,136,1.67,1.0844,178,1.69,1.0974,1,1.685,1.0941,1265,0
SPY190807P285,2019-08-05,2019-08-05 09:42:28,1.68,1.0909,16,1.66,1.0779,110,1.69,1.0974,1,1.67,1.0844,1265,0
SPY190807P285,2019-08-05,2019-08-05 09:42:29,1.7,1.1038,81,1.68,1.0909,5,1.69,1.0974,1,1.69,1.0974,1265,0
SPY190807P285,2019-08-05,2019-08-05 09:42:29,1.7,1.1038,16,1.67,1.0844,435,1.69,1.0974,1,1.685,1.0941,1265,0
SPY190807P285,2019-08-05,2019-08-05 09:42:30,1.7,1.1038,81,1.68,1.0909,5,1.69,1.0974,1,1.69,1.0974,1265,0
SPY190807P285,2019-08-05,2019-08-05 09:42:30,1.69,1.0974,31,1.68,1.0909,80,1.69,1.0974,1,1.685,1.0941,1265,0
SPY190807P285,2019-08-05,2019-08-05 09:42:31,1.69,1.0974,132,1.66,1.0779,100,1.69,1.0974,1,1.675,1.0876,1265,0
SPY190807P285,2019-08-05,2019-08-05 09:42:31,1.69,1.0974,197,1.66,1.0779,119,1.69,1.0974,1,1.675,1.0876,1265,0
SPY190807P285,2019-08-05,2019-08-05 09:42:32,1.7,1.1038,31,1.67,1.0844,3,1.69,1.0974,1,1.685,1.0941,1265,0
SPY190807P285,2019-08-05,2019-08-05 09:42:32,1.7,1.1038,136,1.67,1.0844,31,1.69,1.0974,1,1.685,1.0941,1265,0
SPY190807P285,2019-08-05,2019-08-05 09:42:33,1.7,1.1038,101,1.67,1.0844,125,1.69,1.0974,1,1.685,1.0941,1265,0
SPY190807P285,2019-08-05,2019-08-05 09:42:33,1.7,1.1038,181,1.67,1.0844,125,1.69,1.0974,1,1.685,1.0941,1265,0
SPY190807P285,2019-08-05,2019-08-05 09:42:34,1.7,1.1038,461,1.67,1.0844,125,1.69,1.0974,1,1.685,1.0941,1265,0
SPY190807P285,2019-08-05,2019-08-05 09:42:34,1.7,1.1038,595,1.67,1.0844,125,1.69,1.0974,1,1.685,1.0941,1265,0
SPY190807P285,2019-08-05,2019-08-05 09:42:35,1.69,1.0974,91,1.67,1.0844,5,1.69,1.0974,1,1.68,1.0909,1265,0
SPY190807P285,2019-08-05,2019-08-05 09:42:35,1.7,1.1038,103,1.68,1.0909,31,1.69,1.0974,1,1.69,1.0974,1265,0
SPY190807P285,2019-08-05,2019-08-05 09:42:36,1.71,1.1103,32,1.69,1.0974,94,1.69,1.0974,1,1.7,1.1038,1265,0
SPY190807P285,2019-08-05,2019-08-05 09:42:36,1.71,1.1103,1,1.68,1.0909,460,1.69,1.0974,1,1.695,1.1006,1265,0
SPY190807P285,2019-08-05,2019-08-05 09:42:37,1.71,1.1103,1,1.7,1.1038,31,1.71,1.1103,1,1.705,1.1071,1266,1
SPY190807P285,2019-08-05,2019-08-05 09:42:37,1.72,1.1168,91,1.7,1.1038,31,1.71,1.1103,1,1.71,1.1103,1266,0
SPY190807P285,2019-08-05,2019-08-05 09:42:38,1.72,1.1168,91,1.7,1.1038,144,1.71,1.1103,1,1.71,1.1103,1266,0
SPY190807P285,2019-08-05,2019-08-05 09:42:39,1.73,1.1233,120,1.71,1.1103,71,1.71,1.1103,1,1.72,1.1168,1266,0
SPY190807P285,2019-08-05,2019-08-05 09:42:39,1.72,1.1168,18,1.7,1.1038,211,1.71,1.1103,1,1.71,1.1103,1266,0
SPY190807P285,2019-08-05,2019-08-05 09:42:40,1.72,1.1168,48,1.7,1.1038,104,1.71,1.1103,1,1.71,1.1103,1266,0
SPY190807P285,2019-08-05,2019-08-05 09:42:40,1.72,1.1168,18,1.7,1.1038,104,1.71,1.1103,1,1.71,1.1103,1266,0
SPY190807P285,2019-08-05,2019-08-05 09:42:41,1.73,1.1233,161,1.7,1.1038,104,1.71,1.1103,1,1.715,1.1136,1266,0
SPY190807P285,2019-08-05,2019-08-05 09:42:42,1.72,1.1168,116,1.7,1.1038,95,1.71,1.1103,1,1.71,1.1103,1266,0
SPY190807P285,2019-08-05,2019-08-05 09:42:42,1.73,1.1233,161,1.7,1.1038,119,1.71,1.1103,1,1.715,1.1136,1266,0
SPY190807P285,2019-08-05,2019-08-05 09:42:43,1.72,1.1168,280,1.69,1.0974,5,1.71,1.1103,1,1.705,1.1071,1266,0
SPY190807P285,2019-08-05,2019-08-05 09:42:43,1.72,1.1168,90,1.69,1.0974,506,1.71,1.1103,1,1.705,1.1071,1266,0
SPY190807P285,2019-08-05,2019-08-05 09:42:44,1.71,1.1103,60,1.69,1.0974,145,1.71,1.1103,1,1.7,1.1038,1266,0
SPY190807P285,2019-08-05,2019-08-05 09:42:44,1.71,1.1103,60,1.69,1.0974,161,1.71,1.1103,1,1.7,1.1038,1266,0
SPY190807P285,2019-08-05,2019-08-05 09:42:45,1.71,1.1103,148,1.69,1.0974,74,1.71,1.1103,1,1.7,1.1038,1266,0
SPY190807P285,2019-08-05,2019-08-05 09:42:45,1.71,1.1103,135,1.68,1.0909,236,1.71,1.1103,1,1.695,1.1006,1266,0
SPY190807P285,2019-08-05,2019-08-05 09:42:46,1.72,1.1168,96,1.69,1.0974,44,1.71,1.1103,1,1.705,1.1071,1266,0
SPY190807P285,2019-08-05,2019-08-05 09:42:46,1.7,1.1038,31,1.69,1.0974,31,1.71,1.1103,1,1.695,1.1006,1266,0
SPY190807P285,2019-08-05,2019-08-05 09:42:47,1.7,1.1038,65,1.68,1.0909,59,1.71,1.1103,1,1.69,1.0974,1266,0
SPY190807P285,2019-08-05,2019-08-05 09:42:47,1.7,1.1038,65,1.69,1.0974,31,1.71,1.1103,1,1.695,1.1006,1266,0
SPY190807P285,2019-08-05,2019-08-05 09:42:48,1.72,1.1168,190,1.69,1.0974,521,1.71,1.1103,1,1.705,1.1071,1266,0
SPY190807P285,2019-08-05,2019-08-05 09:42:48,1.72,1.1168,190,1.69,1.0974,236,1.71,1.1103,1,1.705,1.1071,1266,0
SPY190807P285,2019-08-05,2019-08-05 09:42:49,1.72,1.1168,190,1.69,1.0974,581,1.71,1.1103,1,1.705,1.1071,1266,0
SPY190807P285,2019-08-05,2019-08-05 09:42:49,1.72,1.1168,60,1.7,1.1038,95,1.71,1.1103,1,1.71,1.1103,1266,0
SPY190807P285,2019-08-05,2019-08-05 09:42:50,1.72,1.1168,60,1.7,1.1038,80,1.71,1.1103,1,1.71,1.1103,1266,0
SPY190807P285,2019-08-05,2019-08-05 09:42:50,1.74,1.1298,202,1.71,1.1103,68,1.71,1.1103,1,1.725,1.1201,1266,0
SPY190807P285,2019-08-05,2019-08-05 09:42:51,1.74,1.1298,91,1.72,1.1168,61,1.71,1.1103,1,1.73,1.1233,1266,0
SPY190807P285,2019-08-05,2019-08-05 09:42:51,1.73,1.1233,60,1.71,1.1103,443,1.71,1.1103,1,1.72,1.1168,1266,0
SPY190807P285,2019-08-05,2019-08-05 09:42:52,1.74,1.1298,91,1.72,1.1168,99,1.71,1.1103,1,1.73,1.1233,1266,0
SPY190807P285,2019-08-05,2019-08-05 09:42:53,1.75,1.1363,161,1.73,1.1233,36,1.71,1.1103,1,1.74,1.1298,1266,0
SPY190807P285,2019-08-05,2019-08-05 09:42:53,1.75,1.1363,161,1.72,1.1168,221,1.71,1.1103,1,1.735,1.1266,1266,0
SPY190807P285,2019-08-05,2019-08-05 09:42:54,1.75,1.1363,102,1.73,1.1233,64,1.71,1.1103,1,1.74,1.1298,1266,0
SPY190807P285,2019-08-05,2019-08-05 09:42:54,1.75,1.1363,157,1.73,1.1233,37,1.71,1.1103,1,1.74,1.1298,1266,0
SPY190807P285,2019-08-05,2019-08-05 09:42:55,1.75,1.1363,96,1.72,1.1168,568,1.71,1.1103,1,1.735,1.1266,1266,0
SPY190807P285,2019-08-05,2019-08-05 09:42:55,1.75,1.1363,6,1.73,1.1233,114,1.71,1.1103,1,1.74,1.1298,1266,0
SPY190807P285,2019-08-05,2019-08-05 09:42:56,1.74,1.1298,25,1.73,1.1233,35,1.71,1.1103,1,1.735,1.1266,1266,0
SPY190807P285,2019-08-05,2019-08-05 09:42:56,1.75,1.1363,11,1.73,1.1233,80,1.71,1.1103,1,1.74,1.1298,1266,0
SPY190807P285,2019-08-05,2019-08-05 09:42:57,1.75,1.1363,6,1.74,1.1298,101,1.75,1.1363,1,1.745,1.1331,1267,1
SPY190807P285,2019-08-05,2019-08-05 09:42:57,1.75,1.1363,6,1.74,1.1298,131,1.75,1.1363,1,1.745,1.1331,1267,0
SPY190807P285,2019-08-05,2019-08-05 09:42:58,1.75,1.1363,6,1.74,1.1298,587,1.75,1.1363,1,1.745,1.1331,1268,1
SPY190807P285,2019-08-05,2019-08-05 09:42:58,1.75,1.1363,6,1.74,1.1298,422,1.75,1.1363,1,1.745,1.1331,1267,0
SPY190807P285,2019-08-05,2019-08-05 09:42:59,1.75,1.1363,5,1.74,1.1298,458,1.75,1.1363,1,1.745,1.1331,1268,0
SPY190807P285,2019-08-05,2019-08-05 09:42:59,1.75,1.1363,5,1.74,1.1298,587,1.75,1.1363,1,1.745,1.1331,1268,0
SPY190807P285,2019-08-05,2019-08-05 09:43:00,1.77,1.1493,103,1.74,1.1298,298,1.75,1.1363,5,1.755,1.1396,1273,5
SPY190807P285,2019-08-05,2019-08-05 09:43:00,1.77,1.1493,112,1.75,1.1363,160,1.75,1.1363,5,1.76,1.1428,1273,0
SPY190807P285,2019-08-05,2019-08-05 09:43:01,1.76,1.1428,78,1.74,1.1298,131,1.75,1.1363,5,1.75,1.1363,1273,0
SPY190807P285,2019-08-05,2019-08-05 09:43:01,1.76,1.1428,78,1.74,1.1298,153,1.75,1.1363,5,1.75,1.1363,1273,0
SPY190807P285,2019-08-05,2019-08-05 09:43:02,1.77,1.1493,346,1.74,1.1298,133,1.75,1.1363,5,1.755,1.1396,1273,0
SPY190807P285,2019-08-05,2019-08-05 09:43:02,1.78,1.1558,60,1.75,1.1363,305,1.75,1.1363,5,1.765,1.1461,1273,0
SPY190807P285,2019-08-05,2019-08-05 09:43:03,1.77,1.1493,80,1.75,1.1363,131,1.75,1.1363,5,1.76,1.1428,1273,0
SPY190807P285,2019-08-05,2019-08-05 09:43:04,1.77,1.1493,80,1.75,1.1363,227,1.75,1.1363,5,1.76,1.1428,1273,0
SPY190807P285,2019-08-05,2019-08-05 09:43:05,1.77,1.1493,31,1.75,1.1363,212,1.75,1.1363,5,1.76,1.1428,1273,0
SPY190807P285,2019-08-05,2019-08-05 09:43:05,1.77,1.1493,80,1.75,1.1363,227,1.75,1.1363,5,1.76,1.1428,1273,0
SPY190807P285,2019-08-05,2019-08-05 09:43:06,1.77,1.1493,31,1.76,1.1428,35,1.75,1.1363,5,1.765,1.1461,1273,0
SPY190807P285,2019-08-05,2019-08-05 09:43:07,1.77,1.1493,31,1.76,1.1428,74,1.75,1.1363,5,1.765,1.1461,1273,0
SPY190807P285,2019-08-05,2019-08-05 09:43:07,1.78,1.1558,50,1.76,1.1428,89,1.75,1.1363,5,1.77,1.1493,1273,0
SPY190807P285,2019-08-05,2019-08-05 09:43:08,1.78,1.1558,202,1.76,1.1428,72,1.75,1.1363,5,1.77,1.1493,1273,0
SPY190807P285,2019-08-05,2019-08-05 09:43:08,1.78,1.1558,165,1.75,1.1363,60,1.75,1.1363,5,1.765,1.1461,1273,0
SPY190807P285,2019-08-05,2019-08-05 09:43:09,1.78,1.1558,60,1.75,1.1363,160,1.75,1.1363,5,1.765,1.1461,1273,0
SPY190807P285,2019-08-05,2019-08-05 09:43:09,1.77,1.1493,91,1.75,1.1363,71,1.75,1.1363,5,1.76,1.1428,1273,0
SPY190807P285,2019-08-05,2019-08-05 09:43:10,1.78,1.1558,110,1.76,1.1428,64,1.75,1.1363,5,1.77,1.1493,1273,0
SPY190807P285,2019-08-05,2019-08-05 09:43:10,1.78,1.1558,291,1.75,1.1363,220,1.75,1.1363,5,1.765,1.1461,1273,0
SPY190807P285,2019-08-05,2019-08-05 09:43:11,1.77,1.1493,160,1.75,1.1363,35,1.75,1.1363,5,1.76,1.1428,1273,0
SPY190807P285,2019-08-05,2019-08-05 09:43:11,1.77,1.1493,204,1.75,1.1363,94,1.75,1.1363,5,1.76,1.1428,1273,0
SPY190807P285,2019-08-05,2019-08-05 09:43:12,1.77,1.1493,204,1.75,1.1363,94,1.75,1.1363,5,1.76,1.1428,1273,0
SPY190807P285,2019-08-05,2019-08-05 09:43:12,1.77,1.1493,204,1.74,1.1298,221,1.75,1.1363,5,1.755,1.1396,1273,0
SPY190807P285,2019-08-05,2019-08-05 09:43:13,1.76,1.1428,31,1.75,1.1363,16,1.75,1.1363,5,1.755,1.1396,1273,0
SPY190807P285,2019-08-05,2019-08-05 09:43:14,1.76,1.1428,5,1.74,1.1298,100,1.75,1.1363,5,1.75,1.1363,1273,0
SPY190807P285,2019-08-05,2019-08-05 09:43:14,1.77,1.1493,221,1.74,1.1298,160,1.75,1.1363,5,1.755,1.1396,1273,0
