symbol,Date,quote_time,ask_price,norm_ask_price,ask_size,bid_price,norm_bid_price,bid_size,last_trade_price,norm_last_trade_price,last_trade_size,mark_price,norm_mark_price,volume,Volume
SPY190830C292,2019-08-28,2019-08-28 09:30:00,0.44,1.0,250,0.16,0.3636,4,0.37,0.8409,6,0.3,0.6818,0,0
SPY190830C292,2019-08-28,2019-08-28 09:30:01,0.29,0.659,10,0.25,0.5681,10,0.27,0.6136,1,0.27,0.6136,1,1
SPY190830C292,2019-08-28,2019-08-28 09:30:01,0.29,0.659,10,0.26,0.5909,884,0.27,0.6136,1,0.275,0.625,1,0
SPY190830C292,2019-08-28,2019-08-28 09:30:02,0.29,0.659,265,0.26,0.5909,884,0.27,0.6136,1,0.275,0.625,1,0
SPY190830C292,2019-08-28,2019-08-28 09:30:02,0.28,0.6363,360,0.26,0.5909,1124,0.27,0.6136,1,0.27,0.6136,1,0
SPY190830C292,2019-08-28,2019-08-28 09:30:03,0.28,0.6363,360,0.26,0.5909,1124,0.27,0.6136,1,0.27,0.6136,1,0
SPY190830C292,2019-08-28,2019-08-28 09:30:03,0.28,0.6363,300,0.26,0.5909,1124,0.27,0.6136,1,0.27,0.6136,1,0
SPY190830C292,2019-08-28,2019-08-28 09:30:04,0.28,0.6363,300,0.26,0.5909,826,0.27,0.6136,1,0.27,0.6136,1,0
SPY190830C292,2019-08-28,2019-08-28 09:30:04,0.28,0.6363,180,0.26,0.5909,1069,0.27,0.6136,1,0.27,0.6136,1,0
SPY190830C292,2019-08-28,2019-08-28 09:30:05,0.29,0.659,143,0.27,0.6136,828,0.27,0.6136,1,0.28,0.6363,1,0
SPY190830C292,2019-08-28,2019-08-28 09:30:05,0.3,0.6818,480,0.27,0.6136,1087,0.27,0.6136,1,0.285,0.6477,1,0
SPY190830C292,2019-08-28,2019-08-28 09:30:06,0.3,0.6818,480,0.27,0.6136,1087,0.27,0.6136,1,0.285,0.6477,1,0
SPY190830C292,2019-08-28,2019-08-28 09:30:07,0.3,0.6818,300,0.27,0.6136,1087,0.27,0.6136,1,0.285,0.6477,1,0
SPY190830C292,2019-08-28,2019-08-28 09:30:08,0.3,0.6818,2,0.28,0.6363,724,0.27,0.6136,1,0.29,0.659,1,0
SPY190830C292,2019-08-28,2019-08-28 09:30:09,0.3,0.6818,143,0.28,0.6363,1204,0.27,0.6136,1,0.29,0.659,1,0
SPY190830C292,2019-08-28,2019-08-28 09:30:10,0.3,0.6818,143,0.28,0.6363,1204,0.27,0.6136,1,0.29,0.659,1,0
SPY190830C292,2019-08-28,2019-08-28 09:30:11,0.3,0.6818,143,0.28,0.6363,1204,0.27,0.6136,1,0.29,0.659,1,0
SPY190830C292,2019-08-28,2019-08-28 09:30:12,0.3,0.6818,143,0.28,0.6363,1204,0.27,0.6136,1,0.29,0.659,1,0
SPY190830C292,2019-08-28,2019-08-28 09:30:13,0.3,0.6818,143,0.28,0.6363,1204,0.27,0.6136,1,0.29,0.659,1,0
SPY190830C292,2019-08-28,2019-08-28 09:30:14,0.3,0.6818,143,0.28,0.6363,1204,0.27,0.6136,1,0.29,0.659,1,0
SPY190830C292,2019-08-28,2019-08-28 09:30:15,0.3,0.6818,143,0.28,0.6363,1204,0.27,0.6136,1,0.29,0.659,1,0
SPY190830C292,2019-08-28,2019-08-28 09:30:16,0.3,0.6818,156,0.29,0.659,608,0.28,0.6363,1,0.295,0.6704,2,1
SPY190830C292,2019-08-28,2019-08-28 09:30:16,0.3,0.6818,143,0.28,0.6363,1204,0.27,0.6136,1,0.29,0.659,1,0
SPY190830C292,2019-08-28,2019-08-28 09:30:17,0.3,0.6818,156,0.29,0.659,608,0.28,0.6363,1,0.295,0.6704,2,0
SPY190830C292,2019-08-28,2019-08-28 09:30:18,0.3,0.6818,156,0.29,0.659,443,0.28,0.6363,1,0.295,0.6704,2,0
SPY190830C292,2019-08-28,2019-08-28 09:30:18,0.3,0.6818,156,0.29,0.659,608,0.28,0.6363,1,0.295,0.6704,2,0
SPY190830C292,2019-08-28,2019-08-28 09:30:19,0.3,0.6818,2,0.29,0.659,393,0.28,0.6363,1,0.295,0.6704,2,0
SPY190830C292,2019-08-28,2019-08-28 09:30:19,0.3,0.6818,2,0.29,0.659,756,0.28,0.6363,1,0.295,0.6704,2,0
SPY190830C292,2019-08-28,2019-08-28 09:30:20,0.3,0.6818,2,0.29,0.659,756,0.28,0.6363,1,0.295,0.6704,2,0
SPY190830C292,2019-08-28,2019-08-28 09:30:21,0.3,0.6818,2,0.29,0.659,756,0.28,0.6363,1,0.295,0.6704,2,0
SPY190830C292,2019-08-28,2019-08-28 09:30:22,0.3,0.6818,2,0.29,0.659,756,0.28,0.6363,1,0.295,0.6704,2,0
SPY190830C292,2019-08-28,2019-08-28 09:30:23,0.3,0.6818,2,0.29,0.659,756,0.29,0.659,1,0.295,0.6704,5,3
SPY190830C292,2019-08-28,2019-08-28 09:30:23,0.3,0.6818,2,0.29,0.659,756,0.28,0.6363,1,0.295,0.6704,2,0
SPY190830C292,2019-08-28,2019-08-28 09:30:24,0.3,0.6818,2,0.29,0.659,758,0.29,0.659,1,0.295,0.6704,10,5
SPY190830C292,2019-08-28,2019-08-28 09:30:24,0.3,0.6818,240,0.28,0.6363,361,0.29,0.659,1,0.29,0.659,10,0
SPY190830C292,2019-08-28,2019-08-28 09:30:25,0.29,0.659,5,0.28,0.6363,599,0.29,0.659,1,0.285,0.6477,10,0
SPY190830C292,2019-08-28,2019-08-28 09:30:26,0.3,0.6818,1471,0.28,0.6363,599,0.29,0.659,1,0.29,0.659,10,0
SPY190830C292,2019-08-28,2019-08-28 09:30:27,0.3,0.6818,2,0.29,0.659,758,0.29,0.659,1,0.295,0.6704,10,0
SPY190830C292,2019-08-28,2019-08-28 09:30:27,0.3,0.6818,180,0.28,0.6363,1504,0.29,0.659,1,0.29,0.659,10,0
SPY190830C292,2019-08-28,2019-08-28 09:30:28,0.29,0.659,206,0.28,0.6363,624,0.29,0.659,1,0.285,0.6477,10,0
SPY190830C292,2019-08-28,2019-08-28 09:30:28,0.3,0.6818,2,0.29,0.659,498,0.29,0.659,1,0.295,0.6704,10,0
SPY190830C292,2019-08-28,2019-08-28 09:30:29,0.29,0.659,600,0.28,0.6363,20,0.29,0.659,1,0.285,0.6477,10,0
SPY190830C292,2019-08-28,2019-08-28 09:30:29,0.29,0.659,240,0.28,0.6363,636,0.29,0.659,1,0.285,0.6477,10,0
SPY190830C292,2019-08-28,2019-08-28 09:30:30,0.29,0.659,605,0.28,0.6363,66,0.29,0.659,1,0.285,0.6477,10,0
SPY190830C292,2019-08-28,2019-08-28 09:30:30,0.3,0.6818,930,0.28,0.6363,50,0.29,0.659,1,0.29,0.659,10,0
SPY190830C292,2019-08-28,2019-08-28 09:30:31,0.3,0.6818,1205,0.29,0.659,1128,0.29,0.659,1,0.295,0.6704,10,0
SPY190830C292,2019-08-28,2019-08-28 09:30:31,0.3,0.6818,1205,0.29,0.659,240,0.29,0.659,1,0.295,0.6704,10,0
SPY190830C292,2019-08-28,2019-08-28 09:30:32,0.3,0.6818,1205,0.29,0.659,758,0.29,0.659,1,0.295,0.6704,10,0
SPY190830C292,2019-08-28,2019-08-28 09:30:33,0.3,0.6818,1205,0.29,0.659,169,0.29,0.659,1,0.295,0.6704,10,0
SPY190830C292,2019-08-28,2019-08-28 09:30:34,0.3,0.6818,1205,0.29,0.659,169,0.29,0.659,1,0.295,0.6704,10,0
SPY190830C292,2019-08-28,2019-08-28 09:30:35,0.3,0.6818,345,0.28,0.6363,456,0.29,0.659,1,0.29,0.659,10,0
SPY190830C292,2019-08-28,2019-08-28 09:30:35,0.3,0.6818,369,0.28,0.6363,718,0.29,0.659,1,0.29,0.659,10,0
SPY190830C292,2019-08-28,2019-08-28 09:30:36,0.3,0.6818,448,0.28,0.6363,718,0.29,0.659,1,0.29,0.659,10,0
SPY190830C292,2019-08-28,2019-08-28 09:30:36,0.3,0.6818,1872,0.29,0.659,50,0.29,0.659,1,0.295,0.6704,10,0
SPY190830C292,2019-08-28,2019-08-28 09:30:37,0.29,0.659,50,0.28,0.6363,1040,0.29,0.659,1,0.285,0.6477,10,0
SPY190830C292,2019-08-28,2019-08-28 09:30:38,0.29,0.659,50,0.29,0.659,2,0.28,0.6363,4,0.29,0.659,14,4
SPY190830C292,2019-08-28,2019-08-28 09:30:38,0.29,0.659,5,0.28,0.6363,629,0.28,0.6363,4,0.285,0.6477,14,0
SPY190830C292,2019-08-28,2019-08-28 09:30:39,0.29,0.659,305,0.28,0.6363,1817,0.28,0.6363,4,0.285,0.6477,14,0
SPY190830C292,2019-08-28,2019-08-28 09:30:39,0.29,0.659,5,0.28,0.6363,2768,0.28,0.6363,4,0.285,0.6477,14,0
SPY190830C292,2019-08-28,2019-08-28 09:30:40,0.29,0.659,1657,0.28,0.6363,50,0.28,0.6363,4,0.285,0.6477,14,0
SPY190830C292,2019-08-28,2019-08-28 09:30:40,0.29,0.659,1184,0.28,0.6363,1200,0.28,0.6363,4,0.285,0.6477,14,0
SPY190830C292,2019-08-28,2019-08-28 09:30:41,0.29,0.659,308,0.28,0.6363,828,0.28,0.6363,4,0.285,0.6477,14,0
SPY190830C292,2019-08-28,2019-08-28 09:30:41,0.29,0.659,2283,0.28,0.6363,260,0.28,0.6363,4,0.285,0.6477,14,0
SPY190830C292,2019-08-28,2019-08-28 09:30:42,0.29,0.659,1010,0.28,0.6363,730,0.28,0.6363,4,0.285,0.6477,14,0
SPY190830C292,2019-08-28,2019-08-28 09:30:42,0.29,0.659,1913,0.28,0.6363,1085,0.28,0.6363,4,0.285,0.6477,14,0
SPY190830C292,2019-08-28,2019-08-28 09:30:43,0.29,0.659,1010,0.28,0.6363,953,0.28,0.6363,4,0.285,0.6477,14,0
SPY190830C292,2019-08-28,2019-08-28 09:30:43,0.29,0.659,1182,0.28,0.6363,1556,0.28,0.6363,4,0.285,0.6477,14,0
SPY190830C292,2019-08-28,2019-08-28 09:30:44,0.29,0.659,1790,0.28,0.6363,1314,0.28,0.6363,4,0.285,0.6477,14,0
SPY190830C292,2019-08-28,2019-08-28 09:30:44,0.29,0.659,1768,0.28,0.6363,1250,0.28,0.6363,4,0.285,0.6477,14,0
SPY190830C292,2019-08-28,2019-08-28 09:30:45,0.29,0.659,1543,0.28,0.6363,207,0.28,0.6363,4,0.285,0.6477,14,0
SPY190830C292,2019-08-28,2019-08-28 09:30:45,0.29,0.659,1010,0.28,0.6363,641,0.28,0.6363,4,0.285,0.6477,14,0
SPY190830C292,2019-08-28,2019-08-28 09:30:46,0.29,0.659,1082,0.28,0.6363,996,0.28,0.6363,4,0.285,0.6477,14,0
SPY190830C292,2019-08-28,2019-08-28 09:30:47,0.29,0.659,1082,0.28,0.6363,996,0.28,0.6363,4,0.285,0.6477,14,0
SPY190830C292,2019-08-28,2019-08-28 09:30:47,0.29,0.659,1028,0.28,0.6363,641,0.28,0.6363,4,0.285,0.6477,14,0
SPY190830C292,2019-08-28,2019-08-28 09:30:48,0.29,0.659,2137,0.28,0.6363,1152,0.28,0.6363,4,0.285,0.6477,14,0
SPY190830C292,2019-08-28,2019-08-28 09:30:48,0.29,0.659,1278,0.28,0.6363,641,0.28,0.6363,4,0.285,0.6477,14,0
SPY190830C292,2019-08-28,2019-08-28 09:30:49,0.29,0.659,2191,0.28,0.6363,1152,0.28,0.6363,4,0.285,0.6477,14,0
SPY190830C292,2019-08-28,2019-08-28 09:30:49,0.29,0.659,2191,0.28,0.6363,1418,0.28,0.6363,4,0.285,0.6477,14,0
SPY190830C292,2019-08-28,2019-08-28 09:30:50,0.29,0.659,1695,0.28,0.6363,21,0.28,0.6363,4,0.285,0.6477,14,0
SPY190830C292,2019-08-28,2019-08-28 09:30:50,0.29,0.659,2137,0.28,0.6363,1113,0.28,0.6363,4,0.285,0.6477,14,0
SPY190830C292,2019-08-28,2019-08-28 09:30:51,0.29,0.659,2200,0.28,0.6363,542,0.28,0.6363,4,0.285,0.6477,14,0
SPY190830C292,2019-08-28,2019-08-28 09:30:51,0.29,0.659,2587,0.28,0.6363,674,0.28,0.6363,4,0.285,0.6477,14,0
SPY190830C292,2019-08-28,2019-08-28 09:30:52,0.29,0.659,3191,0.28,0.6363,1236,0.28,0.6363,4,0.285,0.6477,14,0
SPY190830C292,2019-08-28,2019-08-28 09:30:52,0.29,0.659,3191,0.28,0.6363,958,0.28,0.6363,4,0.285,0.6477,14,0
SPY190830C292,2019-08-28,2019-08-28 09:30:53,0.29,0.659,3137,0.28,0.6363,1028,0.28,0.6363,4,0.285,0.6477,14,0
SPY190830C292,2019-08-28,2019-08-28 09:30:53,0.29,0.659,2674,0.28,0.6363,21,0.28,0.6363,4,0.285,0.6477,14,0
SPY190830C292,2019-08-28,2019-08-28 09:30:54,0.29,0.659,2542,0.28,0.6363,21,0.28,0.6363,4,0.285,0.6477,14,0
SPY190830C292,2019-08-28,2019-08-28 09:30:54,0.29,0.659,3184,0.28,0.6363,21,0.28,0.6363,4,0.285,0.6477,14,0
SPY190830C292,2019-08-28,2019-08-28 09:30:55,0.29,0.659,3406,0.28,0.6363,21,0.28,0.6363,1,0.285,0.6477,37,23
SPY190830C292,2019-08-28,2019-08-28 09:30:56,0.28,0.6363,1082,0.27,0.6136,179,0.28,0.6363,1,0.275,0.625,37,0
SPY190830C292,2019-08-28,2019-08-28 09:30:56,0.28,0.6363,1082,0.27,0.6136,310,0.28,0.6363,1,0.275,0.625,37,0
SPY190830C292,2019-08-28,2019-08-28 09:30:57,0.28,0.6363,1200,0.27,0.6136,16,0.28,0.6363,1,0.275,0.625,37,0
SPY190830C292,2019-08-28,2019-08-28 09:30:57,0.28,0.6363,1926,0.27,0.6136,16,0.28,0.6363,1,0.275,0.625,37,0
SPY190830C292,2019-08-28,2019-08-28 09:30:58,0.28,0.6363,1926,0.27,0.6136,542,0.28,0.6363,1,0.275,0.625,37,0
SPY190830C292,2019-08-28,2019-08-28 09:30:58,0.28,0.6363,1926,0.27,0.6136,66,0.28,0.6363,1,0.275,0.625,37,0
SPY190830C292,2019-08-28,2019-08-28 09:30:59,0.28,0.6363,256,0.27,0.6136,1319,0.28,0.6363,1,0.275,0.625,37,0
SPY190830C292,2019-08-28,2019-08-28 09:30:59,0.28,0.6363,1872,0.27,0.6136,536,0.28,0.6363,1,0.275,0.625,37,0
SPY190830C292,2019-08-28,2019-08-28 09:31:00,0.28,0.6363,455,0.27,0.6136,714,0.28,0.6363,1,0.275,0.625,37,0
SPY190830C292,2019-08-28,2019-08-28 09:31:00,0.28,0.6363,1047,0.27,0.6136,216,0.28,0.6363,1,0.275,0.625,37,0
SPY190830C292,2019-08-28,2019-08-28 09:31:01,0.28,0.6363,1047,0.27,0.6136,216,0.28,0.6363,1,0.275,0.625,37,0
SPY190830C292,2019-08-28,2019-08-28 09:31:01,0.28,0.6363,1377,0.27,0.6136,50,0.28,0.6363,1,0.275,0.625,37,0
SPY190830C292,2019-08-28,2019-08-28 09:31:02,0.28,0.6363,2109,0.27,0.6136,2,0.28,0.6363,1,0.275,0.625,37,0
SPY190830C292,2019-08-28,2019-08-28 09:31:02,0.28,0.6363,1836,0.27,0.6136,2,0.28,0.6363,1,0.275,0.625,37,0
SPY190830C292,2019-08-28,2019-08-28 09:31:03,0.28,0.6363,1836,0.27,0.6136,50,0.28,0.6363,1,0.275,0.625,37,0
SPY190830C292,2019-08-28,2019-08-28 09:31:03,0.28,0.6363,1883,0.27,0.6136,16,0.28,0.6363,1,0.275,0.625,37,0
SPY190830C292,2019-08-28,2019-08-28 09:31:04,0.28,0.6363,1020,0.27,0.6136,16,0.28,0.6363,1,0.275,0.625,37,0
SPY190830C292,2019-08-28,2019-08-28 09:31:04,0.28,0.6363,1573,0.27,0.6136,554,0.28,0.6363,1,0.275,0.625,37,0
SPY190830C292,2019-08-28,2019-08-28 09:31:05,0.28,0.6363,1573,0.27,0.6136,264,0.28,0.6363,1,0.275,0.625,37,0
SPY190830C292,2019-08-28,2019-08-28 09:31:05,0.28,0.6363,184,0.27,0.6136,394,0.28,0.6363,1,0.275,0.625,37,0
SPY190830C292,2019-08-28,2019-08-28 09:31:06,0.28,0.6363,1073,0.27,0.6136,264,0.27,0.6136,1,0.275,0.625,39,2
SPY190830C292,2019-08-28,2019-08-28 09:31:06,0.28,0.6363,1767,0.27,0.6136,264,0.27,0.6136,1,0.275,0.625,39,0
SPY190830C292,2019-08-28,2019-08-28 09:31:07,0.28,0.6363,1767,0.27,0.6136,264,0.27,0.6136,1,0.275,0.625,39,0
SPY190830C292,2019-08-28,2019-08-28 09:31:08,0.28,0.6363,1767,0.27,0.6136,197,0.27,0.6136,1,0.275,0.625,39,0
SPY190830C292,2019-08-28,2019-08-28 09:31:08,0.28,0.6363,1767,0.27,0.6136,247,0.27,0.6136,1,0.275,0.625,39,0
SPY190830C292,2019-08-28,2019-08-28 09:31:09,0.28,0.6363,2622,0.27,0.6136,197,0.27,0.6136,1,0.275,0.625,39,0
SPY190830C292,2019-08-28,2019-08-28 09:31:10,0.28,0.6363,1767,0.27,0.6136,66,0.27,0.6136,1,0.275,0.625,42,0
SPY190830C292,2019-08-28,2019-08-28 09:31:10,0.28,0.6363,3375,0.27,0.6136,197,0.27,0.6136,1,0.275,0.625,42,3
SPY190830C292,2019-08-28,2019-08-28 09:31:11,0.28,0.6363,1767,0.27,0.6136,233,0.27,0.6136,1,0.275,0.625,42,0
SPY190830C292,2019-08-28,2019-08-28 09:31:12,0.28,0.6363,2137,0.26,0.5909,2287,0.27,0.6136,1,0.27,0.6136,42,0
SPY190830C292,2019-08-28,2019-08-28 09:31:13,0.27,0.6136,16,0.26,0.5909,4137,0.27,0.6136,1,0.265,0.6022,42,0
SPY190830C292,2019-08-28,2019-08-28 09:31:13,0.27,0.6136,16,0.26,0.5909,3201,0.27,0.6136,1,0.265,0.6022,42,0
SPY190830C292,2019-08-28,2019-08-28 09:31:14,0.27,0.6136,50,0.26,0.5909,2720,0.27,0.6136,1,0.265,0.6022,42,0
SPY190830C292,2019-08-28,2019-08-28 09:31:14,0.27,0.6136,105,0.26,0.5909,4011,0.27,0.6136,1,0.265,0.6022,42,0
SPY190830C292,2019-08-28,2019-08-28 09:31:15,0.27,0.6136,67,0.26,0.5909,4301,0.27,0.6136,1,0.265,0.6022,42,0
SPY190830C292,2019-08-28,2019-08-28 09:31:15,0.27,0.6136,67,0.26,0.5909,4011,0.27,0.6136,1,0.265,0.6022,42,0
SPY190830C292,2019-08-28,2019-08-28 09:31:16,0.27,0.6136,1,0.26,0.5909,3118,0.27,0.6136,1,0.265,0.6022,42,0
SPY190830C292,2019-08-28,2019-08-28 09:31:17,0.27,0.6136,1,0.26,0.5909,2798,0.27,0.6136,1,0.265,0.6022,42,0
SPY190830C292,2019-08-28,2019-08-28 09:31:18,0.27,0.6136,67,0.26,0.5909,1834,0.27,0.6136,1,0.265,0.6022,42,0
SPY190830C292,2019-08-28,2019-08-28 09:31:18,0.27,0.6136,67,0.26,0.5909,2394,0.27,0.6136,1,0.265,0.6022,42,0
SPY190830C292,2019-08-28,2019-08-28 09:31:19,0.27,0.6136,1,0.26,0.5909,1834,0.27,0.6136,1,0.265,0.6022,42,0
SPY190830C292,2019-08-28,2019-08-28 09:31:19,0.27,0.6136,67,0.26,0.5909,3496,0.27,0.6136,1,0.265,0.6022,42,0
SPY190830C292,2019-08-28,2019-08-28 09:31:20,0.27,0.6136,1,0.26,0.5909,2426,0.27,0.6136,1,0.265,0.6022,42,0
SPY190830C292,2019-08-28,2019-08-28 09:31:20,0.27,0.6136,1,0.26,0.5909,3240,0.27,0.6136,1,0.265,0.6022,42,0
SPY190830C292,2019-08-28,2019-08-28 09:31:21,0.27,0.6136,1,0.26,0.5909,4248,0.27,0.6136,1,0.265,0.6022,42,0
SPY190830C292,2019-08-28,2019-08-28 09:31:21,0.27,0.6136,1,0.26,0.5909,4721,0.27,0.6136,1,0.265,0.6022,42,0
SPY190830C292,2019-08-28,2019-08-28 09:31:22,0.27,0.6136,1,0.26,0.5909,2565,0.27,0.6136,1,0.265,0.6022,42,0
SPY190830C292,2019-08-28,2019-08-28 09:31:22,0.27,0.6136,1,0.26,0.5909,4463,0.27,0.6136,1,0.265,0.6022,42,0
SPY190830C292,2019-08-28,2019-08-28 09:31:23,0.27,0.6136,1,0.26,0.5909,2763,0.27,0.6136,1,0.265,0.6022,42,0
SPY190830C292,2019-08-28,2019-08-28 09:31:23,0.27,0.6136,1,0.26,0.5909,4463,0.27,0.6136,1,0.265,0.6022,42,0
SPY190830C292,2019-08-28,2019-08-28 09:31:24,0.27,0.6136,1,0.26,0.5909,4193,0.27,0.6136,1,0.265,0.6022,42,0
SPY190830C292,2019-08-28,2019-08-28 09:31:25,0.27,0.6136,1,0.26,0.5909,1964,0.27,0.6136,1,0.265,0.6022,42,0
SPY190830C292,2019-08-28,2019-08-28 09:31:25,0.27,0.6136,1,0.26,0.5909,4219,0.27,0.6136,1,0.265,0.6022,42,0
SPY190830C292,2019-08-28,2019-08-28 09:31:26,0.27,0.6136,1,0.26,0.5909,2296,0.27,0.6136,1,0.265,0.6022,42,0
SPY190830C292,2019-08-28,2019-08-28 09:31:26,0.27,0.6136,1,0.26,0.5909,4219,0.27,0.6136,1,0.265,0.6022,42,0
SPY190830C292,2019-08-28,2019-08-28 09:31:27,0.27,0.6136,2,0.26,0.5909,2250,0.27,0.6136,1,0.265,0.6022,42,0
SPY190830C292,2019-08-28,2019-08-28 09:31:27,0.27,0.6136,52,0.26,0.5909,3418,0.27,0.6136,1,0.265,0.6022,42,0
SPY190830C292,2019-08-28,2019-08-28 09:31:28,0.27,0.6136,52,0.26,0.5909,3368,0.27,0.6136,1,0.265,0.6022,42,0
SPY190830C292,2019-08-28,2019-08-28 09:31:28,0.27,0.6136,69,0.26,0.5909,2352,0.27,0.6136,1,0.265,0.6022,42,0
SPY190830C292,2019-08-28,2019-08-28 09:31:29,0.27,0.6136,69,0.26,0.5909,3576,0.27,0.6136,1,0.265,0.6022,42,0
SPY190830C292,2019-08-28,2019-08-28 09:31:29,0.27,0.6136,17,0.26,0.5909,3576,0.27,0.6136,1,0.265,0.6022,42,0
SPY190830C292,2019-08-28,2019-08-28 09:31:30,0.27,0.6136,4,0.26,0.5909,3119,0.27,0.6136,1,0.265,0.6022,42,0
SPY190830C292,2019-08-28,2019-08-28 09:31:30,0.27,0.6136,17,0.26,0.5909,3576,0.27,0.6136,1,0.265,0.6022,42,0
SPY190830C292,2019-08-28,2019-08-28 09:31:31,0.27,0.6136,67,0.26,0.5909,4472,0.26,0.5909,3,0.265,0.6022,53,0
SPY190830C292,2019-08-28,2019-08-28 09:31:31,0.27,0.6136,4,0.26,0.5909,4613,0.26,0.5909,3,0.265,0.6022,53,11
SPY190830C292,2019-08-28,2019-08-28 09:31:32,0.27,0.6136,67,0.26,0.5909,2432,0.26,0.5909,3,0.265,0.6022,53,0
SPY190830C292,2019-08-28,2019-08-28 09:31:32,0.27,0.6136,199,0.26,0.5909,2432,0.26,0.5909,3,0.265,0.6022,53,0
SPY190830C292,2019-08-28,2019-08-28 09:31:33,0.27,0.6136,199,0.26,0.5909,2432,0.26,0.5909,3,0.265,0.6022,53,0
SPY190830C292,2019-08-28,2019-08-28 09:31:33,0.27,0.6136,199,0.26,0.5909,1333,0.26,0.5909,3,0.265,0.6022,53,0
SPY190830C292,2019-08-28,2019-08-28 09:31:34,0.27,0.6136,238,0.26,0.5909,734,0.26,0.5909,3,0.265,0.6022,53,0
SPY190830C292,2019-08-28,2019-08-28 09:31:34,0.27,0.6136,316,0.26,0.5909,16,0.26,0.5909,3,0.265,0.6022,53,0
SPY190830C292,2019-08-28,2019-08-28 09:31:35,0.27,0.6136,314,0.26,0.5909,146,0.26,0.5909,3,0.265,0.6022,53,0
SPY190830C292,2019-08-28,2019-08-28 09:31:36,0.27,0.6136,485,0.26,0.5909,146,0.26,0.5909,3,0.265,0.6022,53,0
SPY190830C292,2019-08-28,2019-08-28 09:31:37,0.27,0.6136,320,0.26,0.5909,2480,0.27,0.6136,4,0.265,0.6022,57,4
SPY190830C292,2019-08-28,2019-08-28 09:31:37,0.27,0.6136,244,0.26,0.5909,1450,0.26,0.5909,3,0.265,0.6022,53,0
SPY190830C292,2019-08-28,2019-08-28 09:31:38,0.27,0.6136,229,0.26,0.5909,1450,0.27,0.6136,4,0.265,0.6022,57,0
SPY190830C292,2019-08-28,2019-08-28 09:31:38,0.27,0.6136,181,0.26,0.5909,70,0.27,0.6136,4,0.265,0.6022,57,0
SPY190830C292,2019-08-28,2019-08-28 09:31:39,0.27,0.6136,2289,0.26,0.5909,4,0.27,0.6136,4,0.265,0.6022,57,0
SPY190830C292,2019-08-28,2019-08-28 09:31:39,0.27,0.6136,1919,0.26,0.5909,4,0.27,0.6136,4,0.265,0.6022,57,0
SPY190830C292,2019-08-28,2019-08-28 09:31:40,0.27,0.6136,2289,0.26,0.5909,4,0.27,0.6136,4,0.265,0.6022,57,0
SPY190830C292,2019-08-28,2019-08-28 09:31:40,0.27,0.6136,1997,0.26,0.5909,4,0.27,0.6136,4,0.265,0.6022,57,0
SPY190830C292,2019-08-28,2019-08-28 09:31:41,0.27,0.6136,2496,0.26,0.5909,4,0.27,0.6136,4,0.265,0.6022,57,0
SPY190830C292,2019-08-28,2019-08-28 09:31:42,0.27,0.6136,2367,0.26,0.5909,4,0.27,0.6136,4,0.265,0.6022,57,0
SPY190830C292,2019-08-28,2019-08-28 09:31:42,0.27,0.6136,2496,0.26,0.5909,4,0.27,0.6136,4,0.265,0.6022,57,0
SPY190830C292,2019-08-28,2019-08-28 09:31:43,0.27,0.6136,2111,0.26,0.5909,4,0.27,0.6136,4,0.265,0.6022,57,0
SPY190830C292,2019-08-28,2019-08-28 09:31:43,0.27,0.6136,3299,0.26,0.5909,1,0.26,0.5909,3,0.265,0.6022,60,3
SPY190830C292,2019-08-28,2019-08-28 09:31:44,0.27,0.6136,2851,0.26,0.5909,1,0.26,0.5909,3,0.265,0.6022,60,0
SPY190830C292,2019-08-28,2019-08-28 09:31:44,0.27,0.6136,1813,0.26,0.5909,1,0.26,0.5909,3,0.265,0.6022,60,0
SPY190830C292,2019-08-28,2019-08-28 09:31:45,0.27,0.6136,3158,0.26,0.5909,1,0.27,0.6136,2,0.265,0.6022,68,8
SPY190830C292,2019-08-28,2019-08-28 09:31:45,0.27,0.6136,2929,0.26,0.5909,1,0.26,0.5909,3,0.265,0.6022,60,0
SPY190830C292,2019-08-28,2019-08-28 09:31:46,0.27,0.6136,3420,0.26,0.5909,1,0.27,0.6136,2,0.265,0.6022,68,0
SPY190830C292,2019-08-28,2019-08-28 09:31:47,0.26,0.5909,356,0.25,0.5681,511,0.26,0.5909,1,0.255,0.5795,69,1
SPY190830C292,2019-08-28,2019-08-28 09:31:47,0.26,0.5909,468,0.25,0.5681,511,0.26,0.5909,1,0.255,0.5795,69,0
SPY190830C292,2019-08-28,2019-08-28 09:31:48,0.26,0.5909,2128,0.25,0.5681,511,0.26,0.5909,1,0.255,0.5795,69,0
SPY190830C292,2019-08-28,2019-08-28 09:31:48,0.26,0.5909,1909,0.25,0.5681,511,0.26,0.5909,1,0.255,0.5795,69,0
SPY190830C292,2019-08-28,2019-08-28 09:31:49,0.26,0.5909,2465,0.25,0.5681,6,0.26,0.5909,1,0.255,0.5795,69,0
SPY190830C292,2019-08-28,2019-08-28 09:31:49,0.26,0.5909,2921,0.25,0.5681,6,0.26,0.5909,1,0.255,0.5795,69,0
SPY190830C292,2019-08-28,2019-08-28 09:31:50,0.26,0.5909,1372,0.25,0.5681,6,0.26,0.5909,1,0.255,0.5795,69,0
SPY190830C292,2019-08-28,2019-08-28 09:31:50,0.26,0.5909,2110,0.25,0.5681,6,0.26,0.5909,1,0.255,0.5795,69,0
SPY190830C292,2019-08-28,2019-08-28 09:31:51,0.26,0.5909,4372,0.25,0.5681,6,0.26,0.5909,1,0.255,0.5795,69,0
SPY190830C292,2019-08-28,2019-08-28 09:31:51,0.26,0.5909,3402,0.25,0.5681,6,0.26,0.5909,1,0.255,0.5795,69,0
SPY190830C292,2019-08-28,2019-08-28 09:31:52,0.26,0.5909,3476,0.25,0.5681,6,0.26,0.5909,1,0.255,0.5795,69,0
SPY190830C292,2019-08-28,2019-08-28 09:31:52,0.26,0.5909,1924,0.25,0.5681,6,0.26,0.5909,1,0.255,0.5795,69,0
SPY190830C292,2019-08-28,2019-08-28 09:31:53,0.25,0.5681,168,0.24,0.5454,110,0.25,0.5681,6,0.245,0.5568,77,8
SPY190830C292,2019-08-28,2019-08-28 09:31:53,0.26,0.5909,2957,0.25,0.5681,6,0.26,0.5909,1,0.255,0.5795,69,0
SPY190830C292,2019-08-28,2019-08-28 09:31:54,0.25,0.5681,648,0.24,0.5454,137,0.25,0.5681,6,0.245,0.5568,77,0
SPY190830C292,2019-08-28,2019-08-28 09:31:54,0.25,0.5681,648,0.24,0.5454,113,0.25,0.5681,6,0.245,0.5568,77,0
SPY190830C292,2019-08-28,2019-08-28 09:31:55,0.25,0.5681,1845,0.24,0.5454,63,0.25,0.5681,6,0.245,0.5568,77,0
SPY190830C292,2019-08-28,2019-08-28 09:31:55,0.25,0.5681,1978,0.24,0.5454,63,0.25,0.5681,6,0.245,0.5568,77,0
SPY190830C292,2019-08-28,2019-08-28 09:31:56,0.25,0.5681,1250,0.24,0.5454,110,0.25,0.5681,6,0.245,0.5568,77,0
SPY190830C292,2019-08-28,2019-08-28 09:31:56,0.25,0.5681,1250,0.24,0.5454,131,0.25,0.5681,6,0.245,0.5568,77,0
SPY190830C292,2019-08-28,2019-08-28 09:31:57,0.25,0.5681,1896,0.24,0.5454,444,0.25,0.5681,6,0.245,0.5568,77,0
SPY190830C292,2019-08-28,2019-08-28 09:31:57,0.25,0.5681,2816,0.24,0.5454,110,0.25,0.5681,6,0.245,0.5568,77,0
SPY190830C292,2019-08-28,2019-08-28 09:31:58,0.25,0.5681,1470,0.24,0.5454,457,0.25,0.5681,6,0.245,0.5568,77,0
SPY190830C292,2019-08-28,2019-08-28 09:31:58,0.25,0.5681,1470,0.24,0.5454,444,0.24,0.5454,1,0.245,0.5568,77,0
SPY190830C292,2019-08-28,2019-08-28 09:31:59,0.25,0.5681,2070,0.24,0.5454,110,0.24,0.5454,1,0.245,0.5568,78,1
SPY190830C292,2019-08-28,2019-08-28 09:31:59,0.25,0.5681,2070,0.24,0.5454,110,0.24,0.5454,1,0.245,0.5568,78,0
SPY190830C292,2019-08-28,2019-08-28 09:32:00,0.25,0.5681,2487,0.24,0.5454,298,0.24,0.5454,1,0.245,0.5568,78,0
SPY190830C292,2019-08-28,2019-08-28 09:32:01,0.25,0.5681,1149,0.24,0.5454,173,0.24,0.5454,1,0.245,0.5568,78,0
SPY190830C292,2019-08-28,2019-08-28 09:32:01,0.25,0.5681,1718,0.24,0.5454,63,0.24,0.5454,1,0.245,0.5568,78,0
SPY190830C292,2019-08-28,2019-08-28 09:32:02,0.25,0.5681,1149,0.24,0.5454,41,0.24,0.5454,1,0.245,0.5568,78,0
SPY190830C292,2019-08-28,2019-08-28 09:32:02,0.25,0.5681,1849,0.24,0.5454,21,0.24,0.5454,1,0.245,0.5568,78,0
SPY190830C292,2019-08-28,2019-08-28 09:32:03,0.25,0.5681,3901,0.24,0.5454,10,0.24,0.5454,1,0.245,0.5568,78,0
SPY190830C292,2019-08-28,2019-08-28 09:32:04,0.25,0.5681,2913,0.24,0.5454,10,0.24,0.5454,1,0.245,0.5568,78,0
SPY190830C292,2019-08-28,2019-08-28 09:32:04,0.25,0.5681,2661,0.24,0.5454,10,0.24,0.5454,1,0.245,0.5568,78,0
SPY190830C292,2019-08-28,2019-08-28 09:32:05,0.25,0.5681,2302,0.24,0.5454,10,0.24,0.5454,1,0.245,0.5568,78,0
SPY190830C292,2019-08-28,2019-08-28 09:32:05,0.25,0.5681,3307,0.24,0.5454,10,0.24,0.5454,1,0.245,0.5568,78,0
SPY190830C292,2019-08-28,2019-08-28 09:32:06,0.25,0.5681,3307,0.24,0.5454,10,0.24,0.5454,1,0.245,0.5568,78,0
SPY190830C292,2019-08-28,2019-08-28 09:32:07,0.25,0.5681,3307,0.24,0.5454,63,0.24,0.5454,1,0.245,0.5568,78,0
SPY190830C292,2019-08-28,2019-08-28 09:32:07,0.25,0.5681,2661,0.24,0.5454,63,0.24,0.5454,1,0.245,0.5568,78,0
SPY190830C292,2019-08-28,2019-08-28 09:32:08,0.25,0.5681,2661,0.24,0.5454,63,0.24,0.5454,1,0.245,0.5568,78,0
SPY190830C292,2019-08-28,2019-08-28 09:32:09,0.25,0.5681,4431,0.24,0.5454,84,0.24,0.5454,1,0.245,0.5568,78,0
SPY190830C292,2019-08-28,2019-08-28 09:32:09,0.25,0.5681,4014,0.24,0.5454,21,0.24,0.5454,1,0.245,0.5568,78,0
SPY190830C292,2019-08-28,2019-08-28 09:32:10,0.25,0.5681,4012,0.24,0.5454,84,0.24,0.5454,1,0.245,0.5568,78,0
SPY190830C292,2019-08-28,2019-08-28 09:32:10,0.25,0.5681,3714,0.24,0.5454,84,0.24,0.5454,1,0.245,0.5568,78,0
SPY190830C292,2019-08-28,2019-08-28 09:32:11,0.25,0.5681,3300,0.24,0.5454,84,0.24,0.5454,3,0.245,0.5568,81,3
SPY190830C292,2019-08-28,2019-08-28 09:32:11,0.24,0.5454,965,0.23,0.5227,84,0.24,0.5454,10,0.235,0.534,91,10
SPY190830C292,2019-08-28,2019-08-28 09:32:12,0.24,0.5454,1384,0.23,0.5227,63,0.24,0.5454,10,0.235,0.534,91,0
SPY190830C292,2019-08-28,2019-08-28 09:32:12,0.24,0.5454,2410,0.23,0.5227,63,0.24,0.5454,10,0.235,0.534,91,0
SPY190830C292,2019-08-28,2019-08-28 09:32:13,0.24,0.5454,2226,0.23,0.5227,21,0.24,0.5454,10,0.235,0.534,91,0
SPY190830C292,2019-08-28,2019-08-28 09:32:13,0.24,0.5454,3110,0.23,0.5227,5,0.24,0.5454,10,0.235,0.534,91,0
SPY190830C292,2019-08-28,2019-08-28 09:32:14,0.24,0.5454,2226,0.23,0.5227,21,0.24,0.5454,10,0.235,0.534,91,0
SPY190830C292,2019-08-28,2019-08-28 09:32:15,0.24,0.5454,2773,0.23,0.5227,21,0.24,0.5454,10,0.235,0.534,91,0
SPY190830C292,2019-08-28,2019-08-28 09:32:15,0.24,0.5454,3206,0.23,0.5227,5,0.24,0.5454,10,0.235,0.534,91,0
SPY190830C292,2019-08-28,2019-08-28 09:32:16,0.24,0.5454,3154,0.23,0.5227,21,0.24,0.5454,10,0.235,0.534,91,0
SPY190830C292,2019-08-28,2019-08-28 09:32:16,0.24,0.5454,3580,0.23,0.5227,21,0.24,0.5454,10,0.235,0.534,91,0
SPY190830C292,2019-08-28,2019-08-28 09:32:17,0.24,0.5454,4663,0.23,0.5227,5,0.24,0.5454,10,0.235,0.534,91,0
SPY190830C292,2019-08-28,2019-08-28 09:32:17,0.24,0.5454,4663,0.23,0.5227,63,0.24,0.5454,10,0.235,0.534,91,0
SPY190830C292,2019-08-28,2019-08-28 09:32:18,0.24,0.5454,2950,0.23,0.5227,63,0.23,0.5227,5,0.235,0.534,96,5
SPY190830C292,2019-08-28,2019-08-28 09:32:18,0.24,0.5454,2950,0.23,0.5227,63,0.23,0.5227,5,0.235,0.534,96,0
SPY190830C292,2019-08-28,2019-08-28 09:32:19,0.24,0.5454,2313,0.23,0.5227,18,0.23,0.5227,5,0.235,0.534,96,0
SPY190830C292,2019-08-28,2019-08-28 09:32:19,0.24,0.5454,2313,0.23,0.5227,107,0.23,0.5227,5,0.235,0.534,96,0
SPY190830C292,2019-08-28,2019-08-28 09:32:20,0.24,0.5454,3525,0.23,0.5227,5,0.23,0.5227,5,0.235,0.534,96,0
SPY190830C292,2019-08-28,2019-08-28 09:32:20,0.24,0.5454,4784,0.23,0.5227,5,0.23,0.5227,5,0.235,0.534,96,0
SPY190830C292,2019-08-28,2019-08-28 09:32:21,0.24,0.5454,3426,0.23,0.5227,5,0.23,0.5227,5,0.235,0.534,96,0
SPY190830C292,2019-08-28,2019-08-28 09:32:21,0.24,0.5454,3937,0.23,0.5227,5,0.23,0.5227,5,0.235,0.534,96,0
SPY190830C292,2019-08-28,2019-08-28 09:32:22,0.24,0.5454,3828,0.23,0.5227,5,0.23,0.5227,5,0.235,0.534,96,0
SPY190830C292,2019-08-28,2019-08-28 09:32:23,0.24,0.5454,3983,0.23,0.5227,5,0.23,0.5227,5,0.235,0.534,96,0
SPY190830C292,2019-08-28,2019-08-28 09:32:24,0.24,0.5454,3747,0.23,0.5227,5,0.23,0.5227,5,0.235,0.534,96,0
SPY190830C292,2019-08-28,2019-08-28 09:32:24,0.24,0.5454,4531,0.23,0.5227,5,0.23,0.5227,5,0.235,0.534,96,0
SPY190830C292,2019-08-28,2019-08-28 09:32:25,0.24,0.5454,5203,0.23,0.5227,5,0.23,0.5227,5,0.235,0.534,96,0
SPY190830C292,2019-08-28,2019-08-28 09:32:25,0.24,0.5454,4786,0.23,0.5227,5,0.23,0.5227,5,0.235,0.534,96,0
SPY190830C292,2019-08-28,2019-08-28 09:32:26,0.24,0.5454,3825,0.23,0.5227,5,0.23,0.5227,75,0.235,0.534,171,75
SPY190830C292,2019-08-28,2019-08-28 09:32:26,0.24,0.5454,3526,0.23,0.5227,5,0.23,0.5227,5,0.235,0.534,96,0
SPY190830C292,2019-08-28,2019-08-28 09:32:27,0.24,0.5454,5253,0.23,0.5227,5,0.23,0.5227,75,0.235,0.534,171,0
SPY190830C292,2019-08-28,2019-08-28 09:32:27,0.24,0.5454,4827,0.23,0.5227,5,0.23,0.5227,75,0.235,0.534,171,0
SPY190830C292,2019-08-28,2019-08-28 09:32:28,0.24,0.5454,2029,0.23,0.5227,5,0.23,0.5227,75,0.235,0.534,171,0
SPY190830C292,2019-08-28,2019-08-28 09:32:28,0.24,0.5454,2007,0.23,0.5227,5,0.23,0.5227,75,0.235,0.534,171,0
SPY190830C292,2019-08-28,2019-08-28 09:32:29,0.24,0.5454,3732,0.23,0.5227,81,0.23,0.5227,75,0.235,0.534,171,0
SPY190830C292,2019-08-28,2019-08-28 09:32:29,0.24,0.5454,3374,0.23,0.5227,81,0.23,0.5227,75,0.235,0.534,171,0
SPY190830C292,2019-08-28,2019-08-28 09:32:30,0.24,0.5454,5723,0.23,0.5227,81,0.23,0.5227,75,0.235,0.534,171,0
SPY190830C292,2019-08-28,2019-08-28 09:32:30,0.24,0.5454,6162,0.23,0.5227,63,0.23,0.5227,75,0.235,0.534,171,0
SPY190830C292,2019-08-28,2019-08-28 09:32:31,0.24,0.5454,6162,0.23,0.5227,84,0.23,0.5227,75,0.235,0.534,171,0
SPY190830C292,2019-08-28,2019-08-28 09:32:31,0.24,0.5454,3732,0.23,0.5227,63,0.23,0.5227,75,0.235,0.534,171,0
SPY190830C292,2019-08-28,2019-08-28 09:32:32,0.24,0.5454,4890,0.23,0.5227,63,0.23,0.5227,75,0.235,0.534,171,0
SPY190830C292,2019-08-28,2019-08-28 09:32:32,0.24,0.5454,6279,0.23,0.5227,63,0.23,0.5227,75,0.235,0.534,171,0
SPY190830C292,2019-08-28,2019-08-28 09:32:33,0.24,0.5454,6279,0.23,0.5227,63,0.23,0.5227,75,0.235,0.534,171,0
SPY190830C292,2019-08-28,2019-08-28 09:32:33,0.24,0.5454,5538,0.22,0.5,455,0.23,0.5227,4,0.23,0.5227,180,9
SPY190830C292,2019-08-28,2019-08-28 09:32:34,0.23,0.5227,1974,0.22,0.5,2,0.23,0.5227,4,0.225,0.5113,180,0
SPY190830C292,2019-08-28,2019-08-28 09:32:34,0.23,0.5227,350,0.22,0.5,207,0.23,0.5227,4,0.225,0.5113,180,0
SPY190830C292,2019-08-28,2019-08-28 09:32:35,0.23,0.5227,2626,0.22,0.5,2,0.23,0.5227,4,0.225,0.5113,180,0
SPY190830C292,2019-08-28,2019-08-28 09:32:35,0.23,0.5227,2017,0.22,0.5,2,0.23,0.5227,4,0.225,0.5113,180,0
SPY190830C292,2019-08-28,2019-08-28 09:32:36,0.22,0.5,211,0.21,0.4772,498,0.22,0.5,1,0.215,0.4886,184,0
SPY190830C292,2019-08-28,2019-08-28 09:32:36,0.22,0.5,418,0.21,0.4772,1229,0.22,0.5,1,0.215,0.4886,184,4
SPY190830C292,2019-08-28,2019-08-28 09:32:37,0.22,0.5,245,0.21,0.4772,213,0.22,0.5,1,0.215,0.4886,184,0
SPY190830C292,2019-08-28,2019-08-28 09:32:37,0.22,0.5,277,0.21,0.4772,565,0.22,0.5,1,0.215,0.4886,184,0
SPY190830C292,2019-08-28,2019-08-28 09:32:38,0.22,0.5,758,0.21,0.4772,565,0.22,0.5,2,0.215,0.4886,186,0
SPY190830C292,2019-08-28,2019-08-28 09:32:38,0.22,0.5,277,0.21,0.4772,712,0.22,0.5,2,0.215,0.4886,186,2
SPY190830C292,2019-08-28,2019-08-28 09:32:39,0.22,0.5,93,0.22,0.5,96,0.22,0.5,2,0.22,0.5,186,0
SPY190830C292,2019-08-28,2019-08-28 09:32:39,0.22,0.5,154,0.22,0.5,174,0.22,0.5,2,0.22,0.5,186,0
SPY190830C292,2019-08-28,2019-08-28 09:32:40,0.22,0.5,300,0.21,0.4772,1010,0.22,0.5,2,0.215,0.4886,186,0
SPY190830C292,2019-08-28,2019-08-28 09:32:40,0.22,0.5,459,0.22,0.5,96,0.22,0.5,2,0.22,0.5,186,0
SPY190830C292,2019-08-28,2019-08-28 09:32:41,0.23,0.5227,3017,0.21,0.4772,1347,0.22,0.5,2,0.22,0.5,186,0
SPY190830C292,2019-08-28,2019-08-28 09:32:41,0.22,0.5,30,0.21,0.4772,1764,0.22,0.5,2,0.215,0.4886,186,0
SPY190830C292,2019-08-28,2019-08-28 09:32:42,0.22,0.5,23,0.21,0.4772,2233,0.22,0.5,2,0.215,0.4886,186,0
SPY190830C292,2019-08-28,2019-08-28 09:32:43,0.23,0.5227,2013,0.21,0.4772,1023,0.22,0.5,2,0.22,0.5,186,0
SPY190830C292,2019-08-28,2019-08-28 09:32:43,0.22,0.5,5,0.21,0.4772,1541,0.22,0.5,2,0.215,0.4886,186,0
SPY190830C292,2019-08-28,2019-08-28 09:32:44,0.23,0.5227,2013,0.21,0.4772,1982,0.22,0.5,2,0.22,0.5,186,0
SPY190830C292,2019-08-28,2019-08-28 09:32:44,0.23,0.5227,2013,0.22,0.5,353,0.22,0.5,2,0.225,0.5113,186,0
SPY190830C292,2019-08-28,2019-08-28 09:32:45,0.23,0.5227,2289,0.22,0.5,374,0.22,0.5,2,0.225,0.5113,186,0
SPY190830C292,2019-08-28,2019-08-28 09:32:46,0.23,0.5227,1566,0.22,0.5,553,0.22,0.5,4,0.225,0.5113,190,0
SPY190830C292,2019-08-28,2019-08-28 09:32:46,0.23,0.5227,2289,0.22,0.5,323,0.22,0.5,4,0.225,0.5113,190,4
SPY190830C292,2019-08-28,2019-08-28 09:32:47,0.23,0.5227,1601,0.22,0.5,532,0.22,0.5,4,0.225,0.5113,190,0
SPY190830C292,2019-08-28,2019-08-28 09:32:48,0.23,0.5227,1566,0.22,0.5,454,0.22,0.5,4,0.225,0.5113,190,0
SPY190830C292,2019-08-28,2019-08-28 09:32:48,0.23,0.5227,1566,0.22,0.5,568,0.22,0.5,4,0.225,0.5113,190,0
SPY190830C292,2019-08-28,2019-08-28 09:32:49,0.23,0.5227,1507,0.22,0.5,162,0.22,0.5,4,0.225,0.5113,190,0
SPY190830C292,2019-08-28,2019-08-28 09:32:49,0.23,0.5227,2318,0.22,0.5,18,0.22,0.5,4,0.225,0.5113,190,0
SPY190830C292,2019-08-28,2019-08-28 09:32:50,0.23,0.5227,2201,0.22,0.5,63,0.22,0.5,4,0.225,0.5113,190,0
SPY190830C292,2019-08-28,2019-08-28 09:32:50,0.23,0.5227,1601,0.22,0.5,369,0.22,0.5,4,0.225,0.5113,190,0
SPY190830C292,2019-08-28,2019-08-28 09:32:51,0.23,0.5227,1601,0.22,0.5,318,0.22,0.5,4,0.225,0.5113,190,0
SPY190830C292,2019-08-28,2019-08-28 09:32:52,0.23,0.5227,1601,0.22,0.5,599,0.22,0.5,4,0.225,0.5113,190,0
SPY190830C292,2019-08-28,2019-08-28 09:32:52,0.23,0.5227,1566,0.22,0.5,578,0.22,0.5,4,0.225,0.5113,190,0
SPY190830C292,2019-08-28,2019-08-28 09:32:53,0.23,0.5227,2423,0.22,0.5,599,0.22,0.5,4,0.225,0.5113,190,0
SPY190830C292,2019-08-28,2019-08-28 09:32:53,0.23,0.5227,2423,0.22,0.5,578,0.22,0.5,4,0.225,0.5113,190,0
SPY190830C292,2019-08-28,2019-08-28 09:32:54,0.23,0.5227,1601,0.22,0.5,560,0.22,0.5,4,0.225,0.5113,190,0
SPY190830C292,2019-08-28,2019-08-28 09:32:55,0.23,0.5227,1525,0.22,0.5,643,0.22,0.5,1,0.225,0.5113,211,0
SPY190830C292,2019-08-28,2019-08-28 09:32:55,0.23,0.5227,1525,0.22,0.5,643,0.22,0.5,1,0.225,0.5113,211,21
SPY190830C292,2019-08-28,2019-08-28 09:32:56,0.23,0.5227,459,0.22,0.5,1566,0.22,0.5,1,0.225,0.5113,211,0
SPY190830C292,2019-08-28,2019-08-28 09:32:56,0.23,0.5227,154,0.22,0.5,1566,0.22,0.5,1,0.225,0.5113,211,0
SPY190830C292,2019-08-28,2019-08-28 09:32:57,0.23,0.5227,388,0.22,0.5,1566,0.22,0.5,1,0.225,0.5113,211,0
SPY190830C292,2019-08-28,2019-08-28 09:32:57,0.23,0.5227,388,0.22,0.5,1799,0.22,0.5,1,0.225,0.5113,211,0
SPY190830C292,2019-08-28,2019-08-28 09:32:58,0.24,0.5454,2162,0.22,0.5,1382,0.22,0.5,1,0.23,0.5227,211,0
SPY190830C292,2019-08-28,2019-08-28 09:32:58,0.24,0.5454,2579,0.22,0.5,1799,0.22,0.5,1,0.23,0.5227,211,0
SPY190830C292,2019-08-28,2019-08-28 09:32:59,0.24,0.5454,2021,0.23,0.5227,5,0.22,0.5,1,0.235,0.534,211,0
SPY190830C292,2019-08-28,2019-08-28 09:32:59,0.24,0.5454,2079,0.22,0.5,1382,0.22,0.5,1,0.23,0.5227,211,0
SPY190830C292,2019-08-28,2019-08-28 09:33:00,0.24,0.5454,2021,0.23,0.5227,5,0.22,0.5,1,0.235,0.534,211,0
SPY190830C292,2019-08-28,2019-08-28 09:33:00,0.23,0.5227,84,0.23,0.5227,5,0.22,0.5,1,0.23,0.5227,211,0
SPY190830C292,2019-08-28,2019-08-28 09:33:01,0.24,0.5454,1872,0.22,0.5,1010,0.22,0.5,1,0.23,0.5227,211,0
SPY190830C292,2019-08-28,2019-08-28 09:33:01,0.24,0.5454,2201,0.23,0.5227,104,0.22,0.5,1,0.235,0.534,211,0
SPY190830C292,2019-08-28,2019-08-28 09:33:02,0.24,0.5454,2201,0.23,0.5227,480,0.22,0.5,1,0.235,0.534,211,0
SPY190830C292,2019-08-28,2019-08-28 09:33:02,0.24,0.5454,2201,0.23,0.5227,104,0.22,0.5,1,0.235,0.534,211,0
SPY190830C292,2019-08-28,2019-08-28 09:33:03,0.24,0.5454,2201,0.23,0.5227,284,0.22,0.5,1,0.235,0.534,211,0
SPY190830C292,2019-08-28,2019-08-28 09:33:03,0.24,0.5454,2201,0.23,0.5227,520,0.22,0.5,1,0.235,0.534,211,0
SPY190830C292,2019-08-28,2019-08-28 09:33:04,0.24,0.5454,2201,0.23,0.5227,595,0.22,0.5,1,0.235,0.534,211,0
SPY190830C292,2019-08-28,2019-08-28 09:33:05,0.24,0.5454,2201,0.23,0.5227,775,0.22,0.5,1,0.235,0.534,211,0
SPY190830C292,2019-08-28,2019-08-28 09:33:05,0.24,0.5454,2350,0.23,0.5227,1576,0.22,0.5,1,0.235,0.534,211,0
SPY190830C292,2019-08-28,2019-08-28 09:33:06,0.24,0.5454,1566,0.23,0.5227,1414,0.22,0.5,1,0.235,0.534,211,0
SPY190830C292,2019-08-28,2019-08-28 09:33:06,0.24,0.5454,1566,0.23,0.5227,1612,0.23,0.5227,6,0.235,0.534,217,6
SPY190830C292,2019-08-28,2019-08-28 09:33:07,0.24,0.5454,1298,0.23,0.5227,2054,0.23,0.5227,6,0.235,0.534,217,0
SPY190830C292,2019-08-28,2019-08-28 09:33:07,0.24,0.5454,1566,0.23,0.5227,1612,0.23,0.5227,6,0.235,0.534,217,0
SPY190830C292,2019-08-28,2019-08-28 09:33:08,0.24,0.5454,1566,0.23,0.5227,2471,0.23,0.5227,6,0.235,0.534,217,0
SPY190830C292,2019-08-28,2019-08-28 09:33:09,0.24,0.5454,303,0.23,0.5227,1541,0.23,0.5227,6,0.235,0.534,217,0
SPY190830C292,2019-08-28,2019-08-28 09:33:09,0.24,0.5454,457,0.23,0.5227,2327,0.23,0.5227,6,0.235,0.534,217,0
SPY190830C292,2019-08-28,2019-08-28 09:33:10,0.24,0.5454,84,0.23,0.5227,2138,0.23,0.5227,6,0.235,0.534,217,0
SPY190830C292,2019-08-28,2019-08-28 09:33:10,0.24,0.5454,305,0.23,0.5227,2555,0.23,0.5227,6,0.235,0.534,217,0
SPY190830C292,2019-08-28,2019-08-28 09:33:11,0.24,0.5454,84,0.23,0.5227,2357,0.23,0.5227,6,0.235,0.534,217,0
SPY190830C292,2019-08-28,2019-08-28 09:33:11,0.24,0.5454,63,0.23,0.5227,2357,0.23,0.5227,6,0.235,0.534,217,0
SPY190830C292,2019-08-28,2019-08-28 09:33:12,0.24,0.5454,235,0.23,0.5227,2568,0.23,0.5227,6,0.235,0.534,217,0
SPY190830C292,2019-08-28,2019-08-28 09:33:12,0.24,0.5454,9,0.23,0.5227,1184,0.23,0.5227,6,0.235,0.534,217,0
SPY190830C292,2019-08-28,2019-08-28 09:33:13,0.24,0.5454,271,0.23,0.5227,2568,0.23,0.5227,6,0.235,0.534,217,0
SPY190830C292,2019-08-28,2019-08-28 09:33:13,0.24,0.5454,224,0.23,0.5227,2762,0.23,0.5227,6,0.235,0.534,217,0
SPY190830C292,2019-08-28,2019-08-28 09:33:14,0.24,0.5454,224,0.23,0.5227,2762,0.23,0.5227,6,0.235,0.534,217,0
SPY190830C292,2019-08-28,2019-08-28 09:33:15,0.24,0.5454,224,0.23,0.5227,1963,0.23,0.5227,6,0.235,0.534,217,0
SPY190830C292,2019-08-28,2019-08-28 09:33:15,0.24,0.5454,224,0.23,0.5227,2380,0.23,0.5227,6,0.235,0.534,217,0
SPY190830C292,2019-08-28,2019-08-28 09:33:16,0.24,0.5454,490,0.23,0.5227,1601,0.23,0.5227,6,0.235,0.534,217,0
SPY190830C292,2019-08-28,2019-08-28 09:33:16,0.24,0.5454,309,0.23,0.5227,2380,0.23,0.5227,6,0.235,0.534,217,0
SPY190830C292,2019-08-28,2019-08-28 09:33:17,0.24,0.5454,113,0.23,0.5227,2152,0.23,0.5227,6,0.235,0.534,217,0
SPY190830C292,2019-08-28,2019-08-28 09:33:17,0.24,0.5454,309,0.23,0.5227,2380,0.23,0.5227,6,0.235,0.534,217,0
SPY190830C292,2019-08-28,2019-08-28 09:33:18,0.24,0.5454,4,0.23,0.5227,2534,0.23,0.5227,6,0.235,0.534,217,0
SPY190830C292,2019-08-28,2019-08-28 09:33:18,0.24,0.5454,63,0.23,0.5227,1184,0.23,0.5227,6,0.235,0.534,217,0
SPY190830C292,2019-08-28,2019-08-28 09:33:19,0.24,0.5454,19,0.23,0.5227,2569,0.23,0.5227,6,0.235,0.534,217,0
SPY190830C292,2019-08-28,2019-08-28 09:33:19,0.24,0.5454,113,0.23,0.5227,2569,0.23,0.5227,6,0.235,0.534,217,0
SPY190830C292,2019-08-28,2019-08-28 09:33:20,0.24,0.5454,725,0.23,0.5227,2143,0.23,0.5227,6,0.235,0.534,217,0
SPY190830C292,2019-08-28,2019-08-28 09:33:20,0.24,0.5454,559,0.23,0.5227,2569,0.23,0.5227,6,0.235,0.534,217,0
SPY190830C292,2019-08-28,2019-08-28 09:33:21,0.24,0.5454,1493,0.23,0.5227,2143,0.23,0.5227,6,0.235,0.534,217,0
SPY190830C292,2019-08-28,2019-08-28 09:33:22,0.24,0.5454,1297,0.23,0.5227,2565,0.23,0.5227,6,0.235,0.534,217,0
SPY190830C292,2019-08-28,2019-08-28 09:33:22,0.24,0.5454,432,0.23,0.5227,1722,0.23,0.5227,6,0.235,0.534,217,0
SPY190830C292,2019-08-28,2019-08-28 09:33:23,0.24,0.5454,113,0.23,0.5227,2565,0.23,0.5227,6,0.235,0.534,217,0
SPY190830C292,2019-08-28,2019-08-28 09:33:23,0.24,0.5454,219,0.23,0.5227,2139,0.23,0.5227,6,0.235,0.534,217,0
SPY190830C292,2019-08-28,2019-08-28 09:33:24,0.24,0.5454,63,0.23,0.5227,2792,0.23,0.5227,6,0.235,0.534,217,0
SPY190830C292,2019-08-28,2019-08-28 09:33:24,0.24,0.5454,343,0.23,0.5227,2366,0.23,0.5227,6,0.235,0.534,217,0
SPY190830C292,2019-08-28,2019-08-28 09:33:25,0.24,0.5454,343,0.23,0.5227,2298,0.23,0.5227,6,0.235,0.534,217,0
SPY190830C292,2019-08-28,2019-08-28 09:33:25,0.24,0.5454,309,0.23,0.5227,2246,0.23,0.5227,6,0.235,0.534,217,0
SPY190830C292,2019-08-28,2019-08-28 09:33:26,0.24,0.5454,309,0.23,0.5227,2246,0.23,0.5227,6,0.235,0.534,217,0
SPY190830C292,2019-08-28,2019-08-28 09:33:27,0.24,0.5454,175,0.23,0.5227,2055,0.23,0.5227,6,0.235,0.534,217,0
SPY190830C292,2019-08-28,2019-08-28 09:33:27,0.24,0.5454,309,0.23,0.5227,1328,0.23,0.5227,6,0.235,0.534,217,0
SPY190830C292,2019-08-28,2019-08-28 09:33:28,0.24,0.5454,175,0.23,0.5227,1897,0.23,0.5227,6,0.235,0.534,217,0
SPY190830C292,2019-08-28,2019-08-28 09:33:28,0.24,0.5454,480,0.23,0.5227,1328,0.23,0.5227,6,0.235,0.534,217,0
SPY190830C292,2019-08-28,2019-08-28 09:33:29,0.24,0.5454,480,0.23,0.5227,1328,0.23,0.5227,6,0.235,0.534,217,0
SPY190830C292,2019-08-28,2019-08-28 09:33:30,0.24,0.5454,63,0.23,0.5227,1619,0.23,0.5227,6,0.235,0.534,217,0
SPY190830C292,2019-08-28,2019-08-28 09:33:30,0.24,0.5454,480,0.23,0.5227,2036,0.23,0.5227,6,0.235,0.534,217,0
SPY190830C292,2019-08-28,2019-08-28 09:33:31,0.24,0.5454,8,0.23,0.5227,1815,0.23,0.5227,6,0.235,0.534,217,0
SPY190830C292,2019-08-28,2019-08-28 09:33:31,0.24,0.5454,308,0.23,0.5227,2232,0.23,0.5227,6,0.235,0.534,217,0
SPY190830C292,2019-08-28,2019-08-28 09:33:32,0.24,0.5454,4,0.23,0.5227,1452,0.23,0.5227,6,0.235,0.534,217,0
SPY190830C292,2019-08-28,2019-08-28 09:33:32,0.24,0.5454,4,0.23,0.5227,2402,0.23,0.5227,6,0.235,0.534,217,0
SPY190830C292,2019-08-28,2019-08-28 09:33:33,0.24,0.5454,4,0.23,0.5227,1985,0.23,0.5227,6,0.235,0.534,217,0
SPY190830C292,2019-08-28,2019-08-28 09:33:33,0.24,0.5454,4,0.23,0.5227,2402,0.23,0.5227,6,0.235,0.534,217,0
SPY190830C292,2019-08-28,2019-08-28 09:33:34,0.24,0.5454,305,0.23,0.5227,2402,0.23,0.5227,6,0.235,0.534,217,0
SPY190830C292,2019-08-28,2019-08-28 09:33:35,0.25,0.5681,2700,0.24,0.5454,1,0.24,0.5454,1,0.245,0.5568,244,27
SPY190830C292,2019-08-28,2019-08-28 09:33:35,0.24,0.5454,113,0.23,0.5227,846,0.23,0.5227,6,0.235,0.534,217,0
SPY190830C292,2019-08-28,2019-08-28 09:33:36,0.25,0.5681,2430,0.24,0.5454,355,0.24,0.5454,1,0.245,0.5568,244,0
SPY190830C292,2019-08-28,2019-08-28 09:33:36,0.25,0.5681,2537,0.24,0.5454,355,0.24,0.5454,1,0.245,0.5568,244,0
SPY190830C292,2019-08-28,2019-08-28 09:33:37,0.25,0.5681,2430,0.24,0.5454,390,0.24,0.5454,1,0.245,0.5568,244,0
SPY190830C292,2019-08-28,2019-08-28 09:33:37,0.25,0.5681,2430,0.24,0.5454,408,0.24,0.5454,1,0.245,0.5568,244,0
SPY190830C292,2019-08-28,2019-08-28 09:33:38,0.25,0.5681,3073,0.24,0.5454,355,0.24,0.5454,1,0.245,0.5568,244,0
SPY190830C292,2019-08-28,2019-08-28 09:33:38,0.25,0.5681,3073,0.24,0.5454,423,0.24,0.5454,1,0.245,0.5568,244,0
SPY190830C292,2019-08-28,2019-08-28 09:33:39,0.25,0.5681,2690,0.24,0.5454,355,0.24,0.5454,1,0.245,0.5568,247,3
SPY190830C292,2019-08-28,2019-08-28 09:33:39,0.25,0.5681,3617,0.24,0.5454,355,0.24,0.5454,1,0.245,0.5568,244,0
SPY190830C292,2019-08-28,2019-08-28 09:33:40,0.25,0.5681,2690,0.24,0.5454,355,0.24,0.5454,1,0.245,0.5568,247,0
SPY190830C292,2019-08-28,2019-08-28 09:33:40,0.25,0.5681,3116,0.24,0.5454,355,0.24,0.5454,1,0.245,0.5568,250,3
SPY190830C292,2019-08-28,2019-08-28 09:33:41,0.25,0.5681,4295,0.24,0.5454,355,0.24,0.5454,1,0.245,0.5568,253,3
SPY190830C292,2019-08-28,2019-08-28 09:33:41,0.25,0.5681,4295,0.24,0.5454,355,0.24,0.5454,1,0.245,0.5568,250,0
SPY190830C292,2019-08-28,2019-08-28 09:33:42,0.25,0.5681,4295,0.24,0.5454,354,0.24,0.5454,1,0.245,0.5568,253,0
SPY190830C292,2019-08-28,2019-08-28 09:33:42,0.25,0.5681,4295,0.24,0.5454,355,0.24,0.5454,1,0.245,0.5568,253,0
SPY190830C292,2019-08-28,2019-08-28 09:33:43,0.25,0.5681,4295,0.24,0.5454,354,0.24,0.5454,1,0.245,0.5568,253,0
SPY190830C292,2019-08-28,2019-08-28 09:33:44,0.25,0.5681,4275,0.24,0.5454,354,0.24,0.5454,1,0.245,0.5568,253,0
SPY190830C292,2019-08-28,2019-08-28 09:33:45,0.25,0.5681,4275,0.24,0.5454,354,0.24,0.5454,1,0.245,0.5568,253,0
SPY190830C292,2019-08-28,2019-08-28 09:33:46,0.25,0.5681,2880,0.24,0.5454,336,0.24,0.5454,1,0.245,0.5568,382,0
SPY190830C292,2019-08-28,2019-08-28 09:33:46,0.25,0.5681,2880,0.24,0.5454,336,0.24,0.5454,1,0.245,0.5568,382,129
SPY190830C292,2019-08-28,2019-08-28 09:33:47,0.25,0.5681,3473,0.24,0.5454,336,0.24,0.5454,1,0.245,0.5568,382,0
SPY190830C292,2019-08-28,2019-08-28 09:33:47,0.25,0.5681,3506,0.24,0.5454,336,0.24,0.5454,1,0.245,0.5568,382,0
SPY190830C292,2019-08-28,2019-08-28 09:33:48,0.25,0.5681,3473,0.24,0.5454,336,0.24,0.5454,1,0.245,0.5568,382,0
SPY190830C292,2019-08-28,2019-08-28 09:33:48,0.25,0.5681,3473,0.24,0.5454,334,0.24,0.5454,1,0.245,0.5568,384,2
SPY190830C292,2019-08-28,2019-08-28 09:33:49,0.24,0.5454,2118,0.23,0.5227,39,0.24,0.5454,118,0.235,0.534,718,0
SPY190830C292,2019-08-28,2019-08-28 09:33:49,0.24,0.5454,1500,0.24,0.5454,329,0.24,0.5454,118,0.24,0.5454,718,334
SPY190830C292,2019-08-28,2019-08-28 09:33:50,0.24,0.5454,2726,0.23,0.5227,63,0.24,0.5454,118,0.235,0.534,718,0
SPY190830C292,2019-08-28,2019-08-28 09:33:50,0.24,0.5454,3143,0.23,0.5227,59,0.24,0.5454,118,0.235,0.534,718,0
SPY190830C292,2019-08-28,2019-08-28 09:33:51,0.24,0.5454,3143,0.23,0.5227,21,0.24,0.5454,118,0.235,0.534,718,0
SPY190830C292,2019-08-28,2019-08-28 09:33:52,0.24,0.5454,3143,0.23,0.5227,74,0.24,0.5454,118,0.235,0.534,718,0
SPY190830C292,2019-08-28,2019-08-28 09:33:52,0.24,0.5454,2118,0.22,0.5,2730,0.24,0.5454,118,0.23,0.5227,718,0
SPY190830C292,2019-08-28,2019-08-28 09:33:53,0.24,0.5454,3318,0.22,0.5,2730,0.24,0.5454,118,0.23,0.5227,718,0
SPY190830C292,2019-08-28,2019-08-28 09:33:53,0.24,0.5454,3735,0.22,0.5,2891,0.24,0.5454,118,0.23,0.5227,718,0
SPY190830C292,2019-08-28,2019-08-28 09:33:54,0.23,0.5227,334,0.22,0.5,2596,0.24,0.5454,118,0.225,0.5113,718,0
SPY190830C292,2019-08-28,2019-08-28 09:33:54,0.23,0.5227,334,0.22,0.5,2267,0.24,0.5454,118,0.225,0.5113,718,0
SPY190830C292,2019-08-28,2019-08-28 09:33:55,0.23,0.5227,334,0.22,0.5,2596,0.24,0.5454,118,0.225,0.5113,718,0
SPY190830C292,2019-08-28,2019-08-28 09:33:55,0.23,0.5227,600,0.22,0.5,2339,0.24,0.5454,118,0.225,0.5113,718,0
SPY190830C292,2019-08-28,2019-08-28 09:33:56,0.23,0.5227,2070,0.22,0.5,1689,0.24,0.5454,118,0.225,0.5113,718,0
SPY190830C292,2019-08-28,2019-08-28 09:33:57,0.23,0.5227,1653,0.22,0.5,2,0.24,0.5454,118,0.225,0.5113,718,0
SPY190830C292,2019-08-28,2019-08-28 09:33:57,0.23,0.5227,2542,0.22,0.5,2,0.24,0.5454,118,0.225,0.5113,718,0
SPY190830C292,2019-08-28,2019-08-28 09:33:58,0.23,0.5227,2503,0.22,0.5,2,0.24,0.5454,118,0.225,0.5113,718,0
SPY190830C292,2019-08-28,2019-08-28 09:33:59,0.23,0.5227,2268,0.22,0.5,2,0.24,0.5454,118,0.225,0.5113,718,0
SPY190830C292,2019-08-28,2019-08-28 09:33:59,0.23,0.5227,3617,0.22,0.5,2,0.24,0.5454,118,0.225,0.5113,718,0
SPY190830C292,2019-08-28,2019-08-28 09:34:00,0.23,0.5227,2013,0.22,0.5,288,0.24,0.5454,118,0.225,0.5113,718,0
SPY190830C292,2019-08-28,2019-08-28 09:34:00,0.23,0.5227,2013,0.22,0.5,63,0.24,0.5454,118,0.225,0.5113,718,0
SPY190830C292,2019-08-28,2019-08-28 09:34:01,0.23,0.5227,2289,0.22,0.5,437,0.24,0.5454,118,0.225,0.5113,718,0
SPY190830C292,2019-08-28,2019-08-28 09:34:01,0.23,0.5227,2369,0.22,0.5,407,0.24,0.5454,118,0.225,0.5113,718,0
SPY190830C292,2019-08-28,2019-08-28 09:34:02,0.23,0.5227,2289,0.22,0.5,437,0.24,0.5454,118,0.225,0.5113,718,0
SPY190830C292,2019-08-28,2019-08-28 09:34:02,0.23,0.5227,2678,0.22,0.5,437,0.24,0.5454,118,0.225,0.5113,718,0
SPY190830C292,2019-08-28,2019-08-28 09:34:03,0.23,0.5227,2351,0.22,0.5,81,0.24,0.5454,118,0.225,0.5113,718,0
SPY190830C292,2019-08-28,2019-08-28 09:34:03,0.23,0.5227,1934,0.22,0.5,380,0.24,0.5454,118,0.225,0.5113,718,0
SPY190830C292,2019-08-28,2019-08-28 09:34:04,0.23,0.5227,1934,0.22,0.5,69,0.24,0.5454,118,0.225,0.5113,718,0
SPY190830C292,2019-08-28,2019-08-28 09:34:05,0.23,0.5227,2390,0.22,0.5,155,0.22,0.5,1,0.225,0.5113,719,1
SPY190830C292,2019-08-28,2019-08-28 09:34:05,0.23,0.5227,2537,0.22,0.5,370,0.24,0.5454,118,0.225,0.5113,718,0
SPY190830C292,2019-08-28,2019-08-28 09:34:06,0.23,0.5227,2390,0.22,0.5,155,0.22,0.5,1,0.225,0.5113,719,0
SPY190830C292,2019-08-28,2019-08-28 09:34:06,0.23,0.5227,2348,0.22,0.5,110,0.22,0.5,1,0.225,0.5113,719,0
SPY190830C292,2019-08-28,2019-08-28 09:34:07,0.23,0.5227,1800,0.22,0.5,100,0.22,0.5,1,0.225,0.5113,719,0
SPY190830C292,2019-08-28,2019-08-28 09:34:08,0.23,0.5227,2886,0.22,0.5,5,0.22,0.5,1,0.225,0.5113,719,0
SPY190830C292,2019-08-28,2019-08-28 09:34:09,0.23,0.5227,189,0.22,0.5,1766,0.22,0.5,1,0.225,0.5113,719,0
SPY190830C292,2019-08-28,2019-08-28 09:34:09,0.23,0.5227,2886,0.22,0.5,63,0.22,0.5,1,0.225,0.5113,719,0
SPY190830C292,2019-08-28,2019-08-28 09:34:10,0.23,0.5227,100,0.22,0.5,2120,0.22,0.5,1,0.225,0.5113,719,0
SPY190830C292,2019-08-28,2019-08-28 09:34:10,0.23,0.5227,189,0.22,0.5,2120,0.22,0.5,1,0.225,0.5113,719,0
SPY190830C292,2019-08-28,2019-08-28 09:34:11,0.23,0.5227,1760,0.22,0.5,669,0.22,0.5,1,0.225,0.5113,719,0
SPY190830C292,2019-08-28,2019-08-28 09:34:12,0.23,0.5227,1755,0.22,0.5,429,0.22,0.5,1,0.225,0.5113,719,0
SPY190830C292,2019-08-28,2019-08-28 09:34:12,0.23,0.5227,1863,0.22,0.5,390,0.22,0.5,1,0.225,0.5113,719,0
SPY190830C292,2019-08-28,2019-08-28 09:34:13,0.23,0.5227,1928,0.22,0.5,464,0.22,0.5,1,0.225,0.5113,719,0
SPY190830C292,2019-08-28,2019-08-28 09:34:13,0.23,0.5227,1755,0.22,0.5,464,0.22,0.5,1,0.225,0.5113,719,0
SPY190830C292,2019-08-28,2019-08-28 09:34:14,0.23,0.5227,2499,0.22,0.5,2,0.22,0.5,1,0.225,0.5113,719,0
SPY190830C292,2019-08-28,2019-08-28 09:34:14,0.23,0.5227,2916,0.22,0.5,459,0.22,0.5,1,0.225,0.5113,719,0
SPY190830C292,2019-08-28,2019-08-28 09:34:15,0.23,0.5227,2473,0.22,0.5,335,0.22,0.5,1,0.225,0.5113,719,0
SPY190830C292,2019-08-28,2019-08-28 09:34:15,0.23,0.5227,2507,0.22,0.5,2,0.22,0.5,1,0.225,0.5113,719,0
SPY190830C292,2019-08-28,2019-08-28 09:34:16,0.23,0.5227,2924,0.22,0.5,2,0.22,0.5,1,0.225,0.5113,719,0
SPY190830C292,2019-08-28,2019-08-28 09:34:16,0.23,0.5227,2627,0.22,0.5,2,0.22,0.5,1,0.225,0.5113,719,0
SPY190830C292,2019-08-28,2019-08-28 09:34:17,0.23,0.5227,2627,0.22,0.5,2,0.22,0.5,1,0.225,0.5113,719,0
SPY190830C292,2019-08-28,2019-08-28 09:34:17,0.23,0.5227,2786,0.22,0.5,2,0.22,0.5,1,0.225,0.5113,719,0
SPY190830C292,2019-08-28,2019-08-28 09:34:18,0.23,0.5227,3039,0.22,0.5,2,0.22,0.5,1,0.225,0.5113,719,0
SPY190830C292,2019-08-28,2019-08-28 09:34:18,0.23,0.5227,4067,0.22,0.5,2,0.22,0.5,1,0.225,0.5113,719,0
SPY190830C292,2019-08-28,2019-08-28 09:34:19,0.23,0.5227,4067,0.22,0.5,2,0.22,0.5,1,0.225,0.5113,719,0
SPY190830C292,2019-08-28,2019-08-28 09:34:20,0.23,0.5227,4067,0.22,0.5,2,0.22,0.5,1,0.225,0.5113,719,0
SPY190830C292,2019-08-28,2019-08-28 09:34:21,0.23,0.5227,2431,0.22,0.5,2,0.22,0.5,1,0.225,0.5113,719,0
SPY190830C292,2019-08-28,2019-08-28 09:34:21,0.23,0.5227,2994,0.22,0.5,2,0.22,0.5,1,0.225,0.5113,719,0
SPY190830C292,2019-08-28,2019-08-28 09:34:22,0.23,0.5227,2994,0.22,0.5,2,0.22,0.5,1,0.225,0.5113,719,0
SPY190830C292,2019-08-28,2019-08-28 09:34:23,0.23,0.5227,3786,0.22,0.5,2,0.22,0.5,1,0.225,0.5113,719,0
SPY190830C292,2019-08-28,2019-08-28 09:34:24,0.23,0.5227,3786,0.22,0.5,2,0.22,0.5,1,0.225,0.5113,719,0
SPY190830C292,2019-08-28,2019-08-28 09:34:25,0.23,0.5227,2312,0.22,0.5,2,0.22,0.5,1,0.225,0.5113,719,0
SPY190830C292,2019-08-28,2019-08-28 09:34:25,0.23,0.5227,2822,0.22,0.5,2,0.22,0.5,1,0.225,0.5113,719,0
SPY190830C292,2019-08-28,2019-08-28 09:34:26,0.23,0.5227,2347,0.22,0.5,2,0.22,0.5,1,0.225,0.5113,719,0
SPY190830C292,2019-08-28,2019-08-28 09:34:26,0.23,0.5227,4050,0.22,0.5,2,0.22,0.5,1,0.225,0.5113,719,0
SPY190830C292,2019-08-28,2019-08-28 09:34:27,0.23,0.5227,4057,0.22,0.5,2,0.22,0.5,1,0.225,0.5113,719,0
SPY190830C292,2019-08-28,2019-08-28 09:34:28,0.23,0.5227,2347,0.22,0.5,21,0.22,0.5,1,0.225,0.5113,719,0
SPY190830C292,2019-08-28,2019-08-28 09:34:28,0.23,0.5227,3018,0.22,0.5,95,0.22,0.5,1,0.225,0.5113,719,0
SPY190830C292,2019-08-28,2019-08-28 09:34:29,0.23,0.5227,3223,0.22,0.5,84,0.22,0.5,1,0.225,0.5113,719,0
SPY190830C292,2019-08-28,2019-08-28 09:34:29,0.23,0.5227,2347,0.22,0.5,21,0.22,0.5,1,0.225,0.5113,719,0
SPY190830C292,2019-08-28,2019-08-28 09:34:30,0.23,0.5227,2201,0.22,0.5,84,0.22,0.5,1,0.225,0.5113,719,0
SPY190830C292,2019-08-28,2019-08-28 09:34:30,0.23,0.5227,3263,0.22,0.5,84,0.22,0.5,1,0.225,0.5113,719,0
SPY190830C292,2019-08-28,2019-08-28 09:34:31,0.23,0.5227,3263,0.22,0.5,84,0.22,0.5,1,0.225,0.5113,719,0
SPY190830C292,2019-08-28,2019-08-28 09:34:32,0.23,0.5227,1762,0.22,0.5,102,0.22,0.5,1,0.225,0.5113,719,0
SPY190830C292,2019-08-28,2019-08-28 09:34:32,0.23,0.5227,3226,0.22,0.5,10,0.22,0.5,1,0.225,0.5113,719,0
SPY190830C292,2019-08-28,2019-08-28 09:34:33,0.23,0.5227,2895,0.22,0.5,133,0.22,0.5,1,0.225,0.5113,719,0
SPY190830C292,2019-08-28,2019-08-28 09:34:33,0.23,0.5227,3458,0.22,0.5,389,0.22,0.5,1,0.225,0.5113,719,0
SPY190830C292,2019-08-28,2019-08-28 09:34:34,0.23,0.5227,2895,0.22,0.5,49,0.22,0.5,1,0.225,0.5113,719,0
SPY190830C292,2019-08-28,2019-08-28 09:34:34,0.23,0.5227,2895,0.22,0.5,133,0.22,0.5,1,0.225,0.5113,719,0
SPY190830C292,2019-08-28,2019-08-28 09:34:35,0.23,0.5227,3186,0.22,0.5,18,0.22,0.5,1,0.225,0.5113,719,0
SPY190830C292,2019-08-28,2019-08-28 09:34:35,0.23,0.5227,2895,0.22,0.5,98,0.22,0.5,1,0.225,0.5113,719,0
SPY190830C292,2019-08-28,2019-08-28 09:34:36,0.23,0.5227,2909,0.22,0.5,20,0.22,0.5,1,0.225,0.5113,719,0
SPY190830C292,2019-08-28,2019-08-28 09:34:36,0.23,0.5227,1929,0.22,0.5,335,0.22,0.5,1,0.225,0.5113,719,0
SPY190830C292,2019-08-28,2019-08-28 09:34:37,0.23,0.5227,2987,0.22,0.5,521,0.22,0.5,1,0.225,0.5113,719,0
SPY190830C292,2019-08-28,2019-08-28 09:34:38,0.23,0.5227,2802,0.22,0.5,1773,0.22,0.5,1,0.225,0.5113,719,0
SPY190830C292,2019-08-28,2019-08-28 09:34:39,0.23,0.5227,2947,0.22,0.5,1773,0.22,0.5,1,0.225,0.5113,719,0
SPY190830C292,2019-08-28,2019-08-28 09:34:40,0.23,0.5227,2802,0.22,0.5,1830,0.22,0.5,1,0.225,0.5113,719,0
SPY190830C292,2019-08-28,2019-08-28 09:34:41,0.23,0.5227,950,0.22,0.5,1812,0.22,0.5,1,0.225,0.5113,719,0
SPY190830C292,2019-08-28,2019-08-28 09:34:41,0.23,0.5227,801,0.22,0.5,1812,0.22,0.5,1,0.225,0.5113,719,0
SPY190830C292,2019-08-28,2019-08-28 09:34:42,0.23,0.5227,1790,0.22,0.5,1779,0.22,0.5,1,0.225,0.5113,719,0
SPY190830C292,2019-08-28,2019-08-28 09:34:42,0.23,0.5227,1190,0.22,0.5,1779,0.22,0.5,1,0.225,0.5113,719,0
SPY190830C292,2019-08-28,2019-08-28 09:34:43,0.23,0.5227,1190,0.22,0.5,2076,0.22,0.5,1,0.225,0.5113,719,0
SPY190830C292,2019-08-28,2019-08-28 09:34:43,0.23,0.5227,1190,0.22,0.5,1779,0.22,0.5,1,0.225,0.5113,719,0
SPY190830C292,2019-08-28,2019-08-28 09:34:44,0.23,0.5227,1592,0.22,0.5,1353,0.22,0.5,1,0.225,0.5113,719,0
SPY190830C292,2019-08-28,2019-08-28 09:34:44,0.23,0.5227,1673,0.22,0.5,38,0.22,0.5,1,0.225,0.5113,719,0
SPY190830C292,2019-08-28,2019-08-28 09:34:45,0.23,0.5227,3211,0.22,0.5,38,0.22,0.5,1,0.225,0.5113,719,0
SPY190830C292,2019-08-28,2019-08-28 09:34:46,0.23,0.5227,2396,0.22,0.5,1,0.22,0.5,2,0.225,0.5113,723,4
SPY190830C292,2019-08-28,2019-08-28 09:34:46,0.23,0.5227,2396,0.22,0.5,38,0.22,0.5,1,0.225,0.5113,719,0
SPY190830C292,2019-08-28,2019-08-28 09:34:47,0.23,0.5227,1872,0.21,0.4772,1272,0.22,0.5,2,0.22,0.5,723,0
SPY190830C292,2019-08-28,2019-08-28 09:34:47,0.22,0.5,5,0.22,0.5,1,0.22,0.5,2,0.22,0.5,723,0
SPY190830C292,2019-08-28,2019-08-28 09:34:48,0.23,0.5227,2004,0.21,0.4772,1474,0.22,0.5,2,0.22,0.5,723,0
SPY190830C292,2019-08-28,2019-08-28 09:34:49,0.23,0.5227,1668,0.21,0.4772,1773,0.22,0.5,2,0.22,0.5,723,0
SPY190830C292,2019-08-28,2019-08-28 09:34:49,0.23,0.5227,1587,0.22,0.5,11,0.22,0.5,2,0.225,0.5113,723,0
SPY190830C292,2019-08-28,2019-08-28 09:34:50,0.22,0.5,305,0.21,0.4772,1773,0.22,0.5,2,0.215,0.4886,723,0
SPY190830C292,2019-08-28,2019-08-28 09:34:50,0.22,0.5,63,0.21,0.4772,1773,0.22,0.5,2,0.215,0.4886,723,0
SPY190830C292,2019-08-28,2019-08-28 09:34:51,0.22,0.5,305,0.21,0.4772,1773,0.22,0.5,2,0.215,0.4886,723,0
SPY190830C292,2019-08-28,2019-08-28 09:34:51,0.22,0.5,454,0.21,0.4772,1268,0.22,0.5,2,0.215,0.4886,723,0
SPY190830C292,2019-08-28,2019-08-28 09:34:52,0.22,0.5,1395,0.21,0.4772,543,0.22,0.5,2,0.215,0.4886,723,0
SPY190830C292,2019-08-28,2019-08-28 09:34:53,0.22,0.5,2197,0.21,0.4772,480,0.22,0.5,2,0.215,0.4886,723,0
SPY190830C292,2019-08-28,2019-08-28 09:34:53,0.22,0.5,1395,0.21,0.4772,543,0.22,0.5,2,0.215,0.4886,723,0
SPY190830C292,2019-08-28,2019-08-28 09:34:54,0.22,0.5,2164,0.21,0.4772,546,0.22,0.5,2,0.215,0.4886,723,0
SPY190830C292,2019-08-28,2019-08-28 09:34:55,0.22,0.5,2164,0.21,0.4772,564,0.22,0.5,2,0.215,0.4886,723,0
SPY190830C292,2019-08-28,2019-08-28 09:34:55,0.22,0.5,2305,0.21,0.4772,564,0.22,0.5,2,0.215,0.4886,723,0
SPY190830C292,2019-08-28,2019-08-28 09:34:56,0.22,0.5,1749,0.21,0.4772,564,0.22,0.5,2,0.215,0.4886,723,0
SPY190830C292,2019-08-28,2019-08-28 09:34:56,0.22,0.5,1697,0.21,0.4772,732,0.22,0.5,2,0.215,0.4886,723,0
SPY190830C292,2019-08-28,2019-08-28 09:34:57,0.22,0.5,1697,0.21,0.4772,732,0.22,0.5,2,0.215,0.4886,723,0
SPY190830C292,2019-08-28,2019-08-28 09:34:57,0.22,0.5,1010,0.21,0.4772,711,0.22,0.5,2,0.215,0.4886,723,0
SPY190830C292,2019-08-28,2019-08-28 09:34:58,0.23,0.5227,3413,0.21,0.4772,2447,0.22,0.5,2,0.22,0.5,723,0
SPY190830C292,2019-08-28,2019-08-28 09:34:58,0.23,0.5227,3548,0.22,0.5,41,0.22,0.5,1,0.225,0.5113,724,1
SPY190830C292,2019-08-28,2019-08-28 09:34:59,0.22,0.5,63,0.21,0.4772,1961,0.22,0.5,1,0.215,0.4886,724,0
SPY190830C292,2019-08-28,2019-08-28 09:34:59,0.23,0.5227,3548,0.22,0.5,46,0.22,0.5,1,0.225,0.5113,724,0
SPY190830C292,2019-08-28,2019-08-28 09:35:00,0.22,0.5,1292,0.21,0.4772,1174,0.22,0.5,1,0.215,0.4886,724,0
SPY190830C292,2019-08-28,2019-08-28 09:35:00,0.22,0.5,2435,0.21,0.4772,525,0.22,0.5,1,0.215,0.4886,724,0
SPY190830C292,2019-08-28,2019-08-28 09:35:01,0.22,0.5,2435,0.21,0.4772,334,0.22,0.5,1,0.215,0.4886,724,0
SPY190830C292,2019-08-28,2019-08-28 09:35:01,0.22,0.5,3046,0.21,0.4772,4,0.22,0.5,1,0.215,0.4886,724,0
SPY190830C292,2019-08-28,2019-08-28 09:35:02,0.22,0.5,3046,0.21,0.4772,4,0.22,0.5,1,0.215,0.4886,724,0
SPY190830C292,2019-08-28,2019-08-28 09:35:02,0.22,0.5,3184,0.21,0.4772,4,0.22,0.5,1,0.215,0.4886,724,0
SPY190830C292,2019-08-28,2019-08-28 09:35:03,0.22,0.5,2010,0.21,0.4772,32,0.22,0.5,1,0.215,0.4886,724,0
SPY190830C292,2019-08-28,2019-08-28 09:35:03,0.22,0.5,2877,0.21,0.4772,4,0.22,0.5,1,0.215,0.4886,724,0
SPY190830C292,2019-08-28,2019-08-28 09:35:04,0.22,0.5,2348,0.21,0.4772,32,0.22,0.5,1,0.215,0.4886,724,0
SPY190830C292,2019-08-28,2019-08-28 09:35:04,0.22,0.5,2486,0.21,0.4772,575,0.22,0.5,1,0.215,0.4886,724,0
SPY190830C292,2019-08-28,2019-08-28 09:35:05,0.22,0.5,2260,0.21,0.4772,547,0.22,0.5,1,0.215,0.4886,724,0
SPY190830C292,2019-08-28,2019-08-28 09:35:05,0.22,0.5,2260,0.21,0.4772,575,0.22,0.5,1,0.215,0.4886,724,0
SPY190830C292,2019-08-28,2019-08-28 09:35:06,0.22,0.5,2761,0.21,0.4772,32,0.22,0.5,1,0.215,0.4886,724,0
SPY190830C292,2019-08-28,2019-08-28 09:35:06,0.22,0.5,1960,0.21,0.4772,547,0.22,0.5,1,0.215,0.4886,724,0
SPY190830C292,2019-08-28,2019-08-28 09:35:07,0.22,0.5,3237,0.21,0.4772,4,0.22,0.5,1,0.215,0.4886,724,0
SPY190830C292,2019-08-28,2019-08-28 09:35:07,0.22,0.5,1960,0.21,0.4772,484,0.22,0.5,1,0.215,0.4886,724,0
SPY190830C292,2019-08-28,2019-08-28 09:35:08,0.22,0.5,600,0.21,0.4772,447,0.22,0.5,1,0.215,0.4886,724,0
SPY190830C292,2019-08-28,2019-08-28 09:35:08,0.22,0.5,615,0.21,0.4772,447,0.22,0.5,1,0.215,0.4886,724,0
SPY190830C292,2019-08-28,2019-08-28 09:35:09,0.22,0.5,19,0.21,0.4772,1440,0.22,0.5,1,0.215,0.4886,724,0
SPY190830C292,2019-08-28,2019-08-28 09:35:09,0.22,0.5,1048,0.21,0.4772,1362,0.22,0.5,1,0.215,0.4886,724,0
SPY190830C292,2019-08-28,2019-08-28 09:35:10,0.22,0.5,324,0.21,0.4772,1866,0.22,0.5,1,0.215,0.4886,724,0
SPY190830C292,2019-08-28,2019-08-28 09:35:10,0.22,0.5,406,0.21,0.4772,1866,0.22,0.5,1,0.215,0.4886,724,0
SPY190830C292,2019-08-28,2019-08-28 09:35:11,0.22,0.5,877,0.21,0.4772,2079,0.22,0.5,1,0.215,0.4886,724,0
SPY190830C292,2019-08-28,2019-08-28 09:35:11,0.22,0.5,1815,0.21,0.4772,1461,0.22,0.5,1,0.215,0.4886,724,0
SPY190830C292,2019-08-28,2019-08-28 09:35:12,0.22,0.5,1339,0.21,0.4772,1113,0.22,0.5,1,0.215,0.4886,724,0
SPY190830C292,2019-08-28,2019-08-28 09:35:12,0.22,0.5,1237,0.21,0.4772,163,0.22,0.5,1,0.215,0.4886,724,0
SPY190830C292,2019-08-28,2019-08-28 09:35:13,0.22,0.5,1237,0.21,0.4772,279,0.22,0.5,1,0.215,0.4886,724,0
SPY190830C292,2019-08-28,2019-08-28 09:35:13,0.22,0.5,1660,0.21,0.4772,100,0.22,0.5,1,0.215,0.4886,724,0
SPY190830C292,2019-08-28,2019-08-28 09:35:14,0.22,0.5,168,0.21,0.4772,604,0.22,0.5,1,0.215,0.4886,724,0
SPY190830C292,2019-08-28,2019-08-28 09:35:15,0.23,0.5227,513,0.22,0.5,33,0.22,0.5,1,0.225,0.5113,724,0
SPY190830C292,2019-08-28,2019-08-28 09:35:15,0.23,0.5227,1268,0.22,0.5,199,0.22,0.5,1,0.225,0.5113,725,1
SPY190830C292,2019-08-28,2019-08-28 09:35:16,0.22,0.5,84,0.21,0.4772,2755,0.22,0.5,1,0.215,0.4886,725,0
SPY190830C292,2019-08-28,2019-08-28 09:35:16,0.23,0.5227,1387,0.22,0.5,21,0.22,0.5,1,0.225,0.5113,725,0
SPY190830C292,2019-08-28,2019-08-28 09:35:17,0.22,0.5,154,0.21,0.4772,2343,0.22,0.5,1,0.215,0.4886,725,0
SPY190830C292,2019-08-28,2019-08-28 09:35:17,0.22,0.5,154,0.21,0.4772,2755,0.22,0.5,1,0.215,0.4886,725,0
SPY190830C292,2019-08-28,2019-08-28 09:35:18,0.22,0.5,154,0.21,0.4772,2343,0.22,0.5,1,0.215,0.4886,725,0
SPY190830C292,2019-08-28,2019-08-28 09:35:18,0.23,0.5227,2153,0.21,0.4772,2755,0.22,0.5,1,0.22,0.5,725,0
SPY190830C292,2019-08-28,2019-08-28 09:35:19,0.23,0.5227,1589,0.21,0.4772,2343,0.22,0.5,1,0.22,0.5,725,0
SPY190830C292,2019-08-28,2019-08-28 09:35:19,0.23,0.5227,1730,0.21,0.4772,2343,0.22,0.5,1,0.22,0.5,725,0
SPY190830C292,2019-08-28,2019-08-28 09:35:20,0.23,0.5227,2065,0.21,0.4772,2343,0.22,0.5,1,0.22,0.5,725,0
SPY190830C292,2019-08-28,2019-08-28 09:35:20,0.23,0.5227,2065,0.22,0.5,74,0.22,0.5,1,0.225,0.5113,725,0
SPY190830C292,2019-08-28,2019-08-28 09:35:21,0.23,0.5227,1924,0.22,0.5,228,0.22,0.5,1,0.225,0.5113,725,0
SPY190830C292,2019-08-28,2019-08-28 09:35:22,0.23,0.5227,2442,0.22,0.5,184,0.22,0.5,1,0.225,0.5113,725,0
SPY190830C292,2019-08-28,2019-08-28 09:35:22,0.23,0.5227,2442,0.22,0.5,228,0.22,0.5,1,0.225,0.5113,725,0
SPY190830C292,2019-08-28,2019-08-28 09:35:23,0.23,0.5227,2442,0.22,0.5,220,0.22,0.5,1,0.225,0.5113,725,0
SPY190830C292,2019-08-28,2019-08-28 09:35:23,0.23,0.5227,1748,0.22,0.5,197,0.22,0.5,1,0.225,0.5113,725,0
SPY190830C292,2019-08-28,2019-08-28 09:35:24,0.23,0.5227,1925,0.22,0.5,209,0.22,0.5,1,0.225,0.5113,725,0
SPY190830C292,2019-08-28,2019-08-28 09:35:24,0.23,0.5227,1925,0.22,0.5,320,0.22,0.5,1,0.225,0.5113,725,0
SPY190830C292,2019-08-28,2019-08-28 09:35:25,0.23,0.5227,1184,0.22,0.5,121,0.22,0.5,1,0.225,0.5113,725,0
SPY190830C292,2019-08-28,2019-08-28 09:35:25,0.23,0.5227,1925,0.22,0.5,373,0.22,0.5,1,0.225,0.5113,725,0
SPY190830C292,2019-08-28,2019-08-28 09:35:26,0.23,0.5227,417,0.22,0.5,1040,0.22,0.5,1,0.225,0.5113,725,0
SPY190830C292,2019-08-28,2019-08-28 09:35:26,0.23,0.5227,1184,0.22,0.5,1440,0.22,0.5,1,0.225,0.5113,725,0
SPY190830C292,2019-08-28,2019-08-28 09:35:27,0.23,0.5227,264,0.22,0.5,1861,0.22,0.5,1,0.225,0.5113,725,0
SPY190830C292,2019-08-28,2019-08-28 09:35:27,0.23,0.5227,264,0.22,0.5,2476,0.22,0.5,1,0.225,0.5113,725,0
SPY190830C292,2019-08-28,2019-08-28 09:35:28,0.23,0.5227,1773,0.22,0.5,1876,0.22,0.5,1,0.225,0.5113,725,0
SPY190830C292,2019-08-28,2019-08-28 09:35:28,0.23,0.5227,1596,0.22,0.5,1660,0.22,0.5,1,0.225,0.5113,725,0
SPY190830C292,2019-08-28,2019-08-28 09:35:29,0.23,0.5227,1837,0.22,0.5,1776,0.22,0.5,1,0.225,0.5113,725,0
SPY190830C292,2019-08-28,2019-08-28 09:35:30,0.23,0.5227,1411,0.22,0.5,216,0.22,0.5,1,0.225,0.5113,726,0
SPY190830C292,2019-08-28,2019-08-28 09:35:30,0.23,0.5227,1837,0.22,0.5,789,0.22,0.5,1,0.225,0.5113,726,1
SPY190830C292,2019-08-28,2019-08-28 09:35:31,0.23,0.5227,2437,0.22,0.5,216,0.22,0.5,1,0.225,0.5113,726,0
SPY190830C292,2019-08-28,2019-08-28 09:35:31,0.23,0.5227,2095,0.22,0.5,216,0.22,0.5,1,0.225,0.5113,726,0
SPY190830C292,2019-08-28,2019-08-28 09:35:32,0.23,0.5227,1528,0.22,0.5,516,0.22,0.5,1,0.225,0.5113,726,0
SPY190830C292,2019-08-28,2019-08-28 09:35:32,0.23,0.5227,2437,0.22,0.5,216,0.22,0.5,1,0.225,0.5113,726,0
SPY190830C292,2019-08-28,2019-08-28 09:35:33,0.23,0.5227,1528,0.22,0.5,533,0.22,0.5,1,0.225,0.5113,726,0
SPY190830C292,2019-08-28,2019-08-28 09:35:33,0.23,0.5227,1528,0.22,0.5,516,0.22,0.5,1,0.225,0.5113,726,0
SPY190830C292,2019-08-28,2019-08-28 09:35:34,0.23,0.5227,1572,0.22,0.5,516,0.22,0.5,1,0.225,0.5113,726,0
SPY190830C292,2019-08-28,2019-08-28 09:35:34,0.23,0.5227,2172,0.22,0.5,516,0.22,0.5,1,0.225,0.5113,726,0
SPY190830C292,2019-08-28,2019-08-28 09:35:35,0.23,0.5227,1825,0.22,0.5,498,0.22,0.5,1,0.225,0.5113,726,0
SPY190830C292,2019-08-28,2019-08-28 09:35:35,0.23,0.5227,1572,0.22,0.5,516,0.22,0.5,1,0.225,0.5113,726,0
SPY190830C292,2019-08-28,2019-08-28 09:35:36,0.23,0.5227,1184,0.22,0.5,516,0.22,0.5,1,0.225,0.5113,726,0
SPY190830C292,2019-08-28,2019-08-28 09:35:36,0.23,0.5227,1825,0.22,0.5,498,0.22,0.5,1,0.225,0.5113,726,0
SPY190830C292,2019-08-28,2019-08-28 09:35:37,0.23,0.5227,1645,0.22,0.5,516,0.22,0.5,1,0.225,0.5113,727,1
SPY190830C292,2019-08-28,2019-08-28 09:35:37,0.23,0.5227,1645,0.22,0.5,516,0.22,0.5,1,0.225,0.5113,727,0
SPY190830C292,2019-08-28,2019-08-28 09:35:38,0.23,0.5227,1660,0.22,0.5,516,0.22,0.5,1,0.225,0.5113,727,0
SPY190830C292,2019-08-28,2019-08-28 09:35:38,0.23,0.5227,1187,0.22,0.5,516,0.22,0.5,1,0.225,0.5113,727,0
SPY190830C292,2019-08-28,2019-08-28 09:35:39,0.23,0.5227,1010,0.22,0.5,516,0.22,0.5,1,0.225,0.5113,727,0
SPY190830C292,2019-08-28,2019-08-28 09:35:39,0.23,0.5227,1645,0.22,0.5,516,0.22,0.5,1,0.225,0.5113,727,0
SPY190830C292,2019-08-28,2019-08-28 09:35:40,0.23,0.5227,1645,0.22,0.5,516,0.22,0.5,1,0.225,0.5113,727,0
SPY190830C292,2019-08-28,2019-08-28 09:35:41,0.23,0.5227,910,0.22,0.5,516,0.22,0.5,1,0.225,0.5113,727,0
SPY190830C292,2019-08-28,2019-08-28 09:35:41,0.23,0.5227,2066,0.22,0.5,441,0.22,0.5,1,0.225,0.5113,727,0
SPY190830C292,2019-08-28,2019-08-28 09:35:42,0.23,0.5227,2666,0.22,0.5,100,0.22,0.5,1,0.225,0.5113,727,0
SPY190830C292,2019-08-28,2019-08-28 09:35:43,0.23,0.5227,2666,0.22,0.5,131,0.22,0.5,4,0.225,0.5113,731,0
SPY190830C292,2019-08-28,2019-08-28 09:35:43,0.23,0.5227,2666,0.22,0.5,81,0.22,0.5,4,0.225,0.5113,731,4
SPY190830C292,2019-08-28,2019-08-28 09:35:44,0.22,0.5,21,0.22,0.5,18,0.22,0.5,4,0.22,0.5,731,0
SPY190830C292,2019-08-28,2019-08-28 09:35:44,0.23,0.5227,2190,0.22,0.5,131,0.22,0.5,4,0.225,0.5113,731,0
SPY190830C292,2019-08-28,2019-08-28 09:35:45,0.22,0.5,612,0.21,0.4772,3167,0.22,0.5,4,0.215,0.4886,731,0
SPY190830C292,2019-08-28,2019-08-28 09:35:45,0.22,0.5,576,0.21,0.4772,3167,0.22,0.5,4,0.215,0.4886,731,0
SPY190830C292,2019-08-28,2019-08-28 09:35:46,0.22,0.5,758,0.21,0.4772,2429,0.22,0.5,4,0.215,0.4886,731,0
SPY190830C292,2019-08-28,2019-08-28 09:35:46,0.22,0.5,182,0.21,0.4772,1993,0.22,0.5,4,0.215,0.4886,731,0
SPY190830C292,2019-08-28,2019-08-28 09:35:47,0.22,0.5,427,0.21,0.4772,2193,0.22,0.5,4,0.215,0.4886,731,0
SPY190830C292,2019-08-28,2019-08-28 09:35:47,0.22,0.5,758,0.21,0.4772,2193,0.22,0.5,4,0.215,0.4886,731,0
SPY190830C292,2019-08-28,2019-08-28 09:35:48,0.22,0.5,182,0.21,0.4772,2193,0.22,0.5,4,0.215,0.4886,731,0
SPY190830C292,2019-08-28,2019-08-28 09:35:48,0.23,0.5227,2030,0.22,0.5,281,0.22,0.5,4,0.225,0.5113,731,0
SPY190830C292,2019-08-28,2019-08-28 09:35:49,0.23,0.5227,2442,0.22,0.5,538,0.22,0.5,4,0.225,0.5113,731,0
SPY190830C292,2019-08-28,2019-08-28 09:35:49,0.23,0.5227,2583,0.22,0.5,538,0.22,0.5,4,0.225,0.5113,731,0
SPY190830C292,2019-08-28,2019-08-28 09:35:50,0.23,0.5227,2442,0.22,0.5,475,0.22,0.5,4,0.225,0.5113,731,0
SPY190830C292,2019-08-28,2019-08-28 09:35:50,0.23,0.5227,1479,0.22,0.5,457,0.22,0.5,4,0.225,0.5113,731,0
SPY190830C292,2019-08-28,2019-08-28 09:35:51,0.23,0.5227,1479,0.22,0.5,951,0.22,0.5,4,0.225,0.5113,731,0
SPY190830C292,2019-08-28,2019-08-28 09:35:52,0.23,0.5227,1478,0.22,0.5,960,0.22,0.5,4,0.225,0.5113,731,0
SPY190830C292,2019-08-28,2019-08-28 09:35:52,0.23,0.5227,1478,0.22,0.5,972,0.22,0.5,4,0.225,0.5113,731,0
SPY190830C292,2019-08-28,2019-08-28 09:35:53,0.23,0.5227,1010,0.22,0.5,939,0.22,0.5,4,0.225,0.5113,731,0
SPY190830C292,2019-08-28,2019-08-28 09:35:53,0.23,0.5227,1478,0.22,0.5,939,0.22,0.5,4,0.225,0.5113,731,0
SPY190830C292,2019-08-28,2019-08-28 09:35:54,0.23,0.5227,1610,0.22,0.5,1864,0.22,0.5,4,0.225,0.5113,731,0
SPY190830C292,2019-08-28,2019-08-28 09:35:54,0.23,0.5227,1281,0.22,0.5,1081,0.22,0.5,4,0.225,0.5113,731,0
SPY190830C292,2019-08-28,2019-08-28 09:35:55,0.23,0.5227,1431,0.22,0.5,1864,0.22,0.5,4,0.225,0.5113,731,0
SPY190830C292,2019-08-28,2019-08-28 09:35:55,0.23,0.5227,1431,0.22,0.5,2280,0.22,0.5,4,0.225,0.5113,731,0
SPY190830C292,2019-08-28,2019-08-28 09:35:56,0.23,0.5227,1824,0.22,0.5,2280,0.22,0.5,4,0.225,0.5113,731,0
SPY190830C292,2019-08-28,2019-08-28 09:35:57,0.23,0.5227,1505,0.22,0.5,2832,0.22,0.5,4,0.225,0.5113,731,0
SPY190830C292,2019-08-28,2019-08-28 09:35:57,0.23,0.5227,1684,0.22,0.5,2280,0.22,0.5,4,0.225,0.5113,731,0
SPY190830C292,2019-08-28,2019-08-28 09:35:58,0.23,0.5227,305,0.22,0.5,3014,0.22,0.5,4,0.225,0.5113,731,0
SPY190830C292,2019-08-28,2019-08-28 09:35:58,0.23,0.5227,1505,0.22,0.5,2832,0.22,0.5,4,0.225,0.5113,731,0
SPY190830C292,2019-08-28,2019-08-28 09:35:59,0.23,0.5227,305,0.22,0.5,2598,0.22,0.5,4,0.225,0.5113,731,0
SPY190830C292,2019-08-28,2019-08-28 09:35:59,0.23,0.5227,229,0.22,0.5,2598,0.22,0.5,4,0.225,0.5113,731,0
SPY190830C292,2019-08-28,2019-08-28 09:36:00,0.23,0.5227,21,0.22,0.5,2482,0.22,0.5,4,0.225,0.5113,731,0
SPY190830C292,2019-08-28,2019-08-28 09:36:00,0.23,0.5227,229,0.22,0.5,2598,0.22,0.5,4,0.225,0.5113,731,0
SPY190830C292,2019-08-28,2019-08-28 09:36:01,0.23,0.5227,366,0.22,0.5,2482,0.22,0.5,4,0.225,0.5113,731,0
SPY190830C292,2019-08-28,2019-08-28 09:36:01,0.23,0.5227,1174,0.22,0.5,1406,0.22,0.5,4,0.225,0.5113,731,0
SPY190830C292,2019-08-28,2019-08-28 09:36:02,0.23,0.5227,1504,0.22,0.5,1882,0.22,0.5,4,0.225,0.5113,731,0
SPY190830C292,2019-08-28,2019-08-28 09:36:02,0.23,0.5227,1327,0.22,0.5,1882,0.22,0.5,4,0.225,0.5113,731,0
SPY190830C292,2019-08-28,2019-08-28 09:36:03,0.23,0.5227,1327,0.22,0.5,1882,0.22,0.5,4,0.225,0.5113,731,0
SPY190830C292,2019-08-28,2019-08-28 09:36:03,0.23,0.5227,498,0.22,0.5,2482,0.22,0.5,4,0.225,0.5113,731,0
SPY190830C292,2019-08-28,2019-08-28 09:36:04,0.23,0.5227,394,0.22,0.5,2482,0.22,0.5,4,0.225,0.5113,731,0
SPY190830C292,2019-08-28,2019-08-28 09:36:04,0.23,0.5227,318,0.22,0.5,2482,0.22,0.5,4,0.225,0.5113,731,0
SPY190830C292,2019-08-28,2019-08-28 09:36:05,0.23,0.5227,394,0.22,0.5,1882,0.22,0.5,4,0.225,0.5113,731,0
SPY190830C292,2019-08-28,2019-08-28 09:36:06,0.23,0.5227,480,0.22,0.5,1882,0.22,0.5,4,0.225,0.5113,731,0
SPY190830C292,2019-08-28,2019-08-28 09:36:06,0.23,0.5227,1635,0.22,0.5,1882,0.22,0.5,4,0.225,0.5113,731,0
SPY190830C292,2019-08-28,2019-08-28 09:36:07,0.23,0.5227,1768,0.22,0.5,1882,0.22,0.5,4,0.225,0.5113,731,0
SPY190830C292,2019-08-28,2019-08-28 09:36:07,0.23,0.5227,1424,0.22,0.5,375,0.22,0.5,4,0.225,0.5113,731,0
SPY190830C292,2019-08-28,2019-08-28 09:36:08,0.23,0.5227,2428,0.21,0.4772,2711,0.22,0.5,1,0.22,0.5,732,0
SPY190830C292,2019-08-28,2019-08-28 09:36:08,0.23,0.5227,1424,0.22,0.5,265,0.22,0.5,1,0.225,0.5113,732,1
SPY190830C292,2019-08-28,2019-08-28 09:36:09,0.22,0.5,53,0.21,0.4772,2711,0.22,0.5,1,0.215,0.4886,732,0
SPY190830C292,2019-08-28,2019-08-28 09:36:09,0.22,0.5,300,0.21,0.4772,2711,0.22,0.5,1,0.215,0.4886,732,0
SPY190830C292,2019-08-28,2019-08-28 09:36:10,0.23,0.5227,2580,0.22,0.5,452,0.22,0.5,1,0.225,0.5113,732,0
SPY190830C292,2019-08-28,2019-08-28 09:36:10,0.22,0.5,21,0.21,0.4772,2711,0.22,0.5,1,0.215,0.4886,732,0
SPY190830C292,2019-08-28,2019-08-28 09:36:11,0.23,0.5227,1660,0.22,0.5,459,0.22,0.5,1,0.225,0.5113,732,0
SPY190830C292,2019-08-28,2019-08-28 09:36:11,0.23,0.5227,1843,0.22,0.5,63,0.22,0.5,1,0.225,0.5113,732,0
SPY190830C292,2019-08-28,2019-08-28 09:36:12,0.23,0.5227,1843,0.22,0.5,459,0.22,0.5,1,0.225,0.5113,732,0
SPY190830C292,2019-08-28,2019-08-28 09:36:12,0.23,0.5227,2044,0.22,0.5,459,0.22,0.5,1,0.225,0.5113,732,0
SPY190830C292,2019-08-28,2019-08-28 09:36:13,0.23,0.5227,1797,0.22,0.5,5,0.22,0.5,1,0.225,0.5113,732,0
SPY190830C292,2019-08-28,2019-08-28 09:36:13,0.23,0.5227,2044,0.22,0.5,5,0.22,0.5,1,0.225,0.5113,732,0
SPY190830C292,2019-08-28,2019-08-28 09:36:14,0.23,0.5227,1797,0.22,0.5,230,0.22,0.5,1,0.225,0.5113,732,0
SPY190830C292,2019-08-28,2019-08-28 09:36:14,0.23,0.5227,2035,0.22,0.5,230,0.22,0.5,1,0.225,0.5113,732,0
SPY190830C292,2019-08-28,2019-08-28 09:36:15,0.23,0.5227,1797,0.22,0.5,230,0.22,0.5,1,0.225,0.5113,732,0
SPY190830C292,2019-08-28,2019-08-28 09:36:15,0.23,0.5227,2044,0.22,0.5,230,0.22,0.5,1,0.225,0.5113,732,0
SPY190830C292,2019-08-28,2019-08-28 09:36:16,0.23,0.5227,2397,0.22,0.5,38,0.22,0.5,1,0.225,0.5113,732,0
SPY190830C292,2019-08-28,2019-08-28 09:36:17,0.23,0.5227,2397,0.22,0.5,38,0.22,0.5,1,0.225,0.5113,732,0
SPY190830C292,2019-08-28,2019-08-28 09:36:17,0.22,0.5,21,0.22,0.5,38,0.22,0.5,1,0.22,0.5,732,0
SPY190830C292,2019-08-28,2019-08-28 09:36:18,0.23,0.5227,2397,0.22,0.5,5,0.22,0.5,1,0.225,0.5113,732,0
SPY190830C292,2019-08-28,2019-08-28 09:36:18,0.23,0.5227,2397,0.21,0.4772,2655,0.22,0.5,1,0.22,0.5,732,0
SPY190830C292,2019-08-28,2019-08-28 09:36:19,0.23,0.5227,480,0.22,0.5,154,0.22,0.5,1,0.225,0.5113,732,0
SPY190830C292,2019-08-28,2019-08-28 09:36:19,0.23,0.5227,758,0.22,0.5,154,0.22,0.5,1,0.225,0.5113,732,0
SPY190830C292,2019-08-28,2019-08-28 09:36:20,0.23,0.5227,506,0.22,0.5,454,0.22,0.5,1,0.225,0.5113,732,0
SPY190830C292,2019-08-28,2019-08-28 09:36:20,0.23,0.5227,252,0.22,0.5,330,0.22,0.5,1,0.225,0.5113,732,0
SPY190830C292,2019-08-28,2019-08-28 09:36:21,0.23,0.5227,1611,0.22,0.5,1783,0.22,0.5,1,0.225,0.5113,732,0
SPY190830C292,2019-08-28,2019-08-28 09:36:21,0.23,0.5227,1436,0.22,0.5,1871,0.22,0.5,1,0.225,0.5113,732,0
SPY190830C292,2019-08-28,2019-08-28 09:36:22,0.23,0.5227,758,0.22,0.5,758,0.22,0.5,1,0.225,0.5113,732,0
SPY190830C292,2019-08-28,2019-08-28 09:36:22,0.23,0.5227,1292,0.22,0.5,1174,0.22,0.5,1,0.225,0.5113,732,0
SPY190830C292,2019-08-28,2019-08-28 09:36:23,0.23,0.5227,796,0.22,0.5,796,0.22,0.5,1,0.225,0.5113,732,0
SPY190830C292,2019-08-28,2019-08-28 09:36:23,0.23,0.5227,758,0.22,0.5,469,0.22,0.5,1,0.225,0.5113,732,0
SPY190830C292,2019-08-28,2019-08-28 09:36:24,0.23,0.5227,796,0.22,0.5,796,0.22,0.5,1,0.225,0.5113,732,0
SPY190830C292,2019-08-28,2019-08-28 09:36:24,0.23,0.5227,1180,0.22,0.5,1144,0.22,0.5,1,0.225,0.5113,732,0
SPY190830C292,2019-08-28,2019-08-28 09:36:25,0.23,0.5227,100,0.22,0.5,3129,0.22,0.5,1,0.225,0.5113,732,0
SPY190830C292,2019-08-28,2019-08-28 09:36:25,0.23,0.5227,21,0.22,0.5,3129,0.22,0.5,1,0.225,0.5113,732,0
SPY190830C292,2019-08-28,2019-08-28 09:36:26,0.23,0.5227,21,0.22,0.5,3769,0.22,0.5,1,0.225,0.5113,732,0
SPY190830C292,2019-08-28,2019-08-28 09:36:27,0.23,0.5227,21,0.22,0.5,3129,0.22,0.5,1,0.225,0.5113,732,0
SPY190830C292,2019-08-28,2019-08-28 09:36:27,0.23,0.5227,223,0.22,0.5,3769,0.22,0.5,1,0.225,0.5113,732,0
SPY190830C292,2019-08-28,2019-08-28 09:36:28,0.23,0.5227,1,0.22,0.5,3333,0.22,0.5,1,0.225,0.5113,732,0
SPY190830C292,2019-08-28,2019-08-28 09:36:28,0.23,0.5227,1,0.22,0.5,2348,0.22,0.5,1,0.225,0.5113,732,0
SPY190830C292,2019-08-28,2019-08-28 09:36:29,0.23,0.5227,1,0.22,0.5,3084,0.22,0.5,1,0.225,0.5113,732,0
SPY190830C292,2019-08-28,2019-08-28 09:36:29,0.23,0.5227,1,0.22,0.5,3560,0.22,0.5,1,0.225,0.5113,732,0
SPY190830C292,2019-08-28,2019-08-28 09:36:30,0.23,0.5227,1,0.22,0.5,3691,0.22,0.5,1,0.225,0.5113,732,0
SPY190830C292,2019-08-28,2019-08-28 09:36:30,0.23,0.5227,1,0.22,0.5,2699,0.22,0.5,1,0.225,0.5113,732,0
SPY190830C292,2019-08-28,2019-08-28 09:36:31,0.23,0.5227,1,0.22,0.5,4344,0.23,0.5227,1,0.225,0.5113,733,0
SPY190830C292,2019-08-28,2019-08-28 09:36:31,0.23,0.5227,1,0.22,0.5,3918,0.23,0.5227,1,0.225,0.5113,733,1
SPY190830C292,2019-08-28,2019-08-28 09:36:32,0.23,0.5227,1,0.22,0.5,2099,0.23,0.5227,1,0.225,0.5113,733,0
SPY190830C292,2019-08-28,2019-08-28 09:36:32,0.23,0.5227,1,0.22,0.5,4344,0.23,0.5227,1,0.225,0.5113,733,0
SPY190830C292,2019-08-28,2019-08-28 09:36:33,0.23,0.5227,1,0.23,0.5227,317,0.23,0.5227,1,0.23,0.5227,734,1
SPY190830C292,2019-08-28,2019-08-28 09:36:33,0.23,0.5227,1,0.22,0.5,3729,0.23,0.5227,1,0.225,0.5113,733,0
SPY190830C292,2019-08-28,2019-08-28 09:36:34,0.24,0.5454,1010,0.23,0.5227,245,0.23,0.5227,1,0.235,0.534,734,0
SPY190830C292,2019-08-28,2019-08-28 09:36:34,0.24,0.5454,1568,0.23,0.5227,978,0.23,0.5227,1,0.235,0.534,734,0
SPY190830C292,2019-08-28,2019-08-28 09:36:35,0.24,0.5454,1254,0.23,0.5227,2412,0.23,0.5227,1,0.235,0.534,734,0
SPY190830C292,2019-08-28,2019-08-28 09:36:35,0.24,0.5454,1568,0.23,0.5227,1830,0.23,0.5227,1,0.235,0.534,734,0
SPY190830C292,2019-08-28,2019-08-28 09:36:36,0.24,0.5454,1254,0.23,0.5227,2412,0.23,0.5227,1,0.235,0.534,734,0
SPY190830C292,2019-08-28,2019-08-28 09:36:36,0.24,0.5454,1301,0.23,0.5227,2412,0.23,0.5227,1,0.235,0.534,734,0
SPY190830C292,2019-08-28,2019-08-28 09:36:37,0.24,0.5454,1274,0.23,0.5227,2412,0.23,0.5227,1,0.235,0.534,734,0
SPY190830C292,2019-08-28,2019-08-28 09:36:38,0.24,0.5454,1010,0.23,0.5227,2299,0.23,0.5227,1,0.235,0.534,734,0
SPY190830C292,2019-08-28,2019-08-28 09:36:38,0.24,0.5454,1251,0.23,0.5227,1568,0.23,0.5227,1,0.235,0.534,734,0
SPY190830C292,2019-08-28,2019-08-28 09:36:39,0.24,0.5454,63,0.23,0.5227,2540,0.23,0.5227,1,0.235,0.534,734,0
SPY190830C292,2019-08-28,2019-08-28 09:36:40,0.24,0.5454,93,0.23,0.5227,3280,0.24,0.5454,1,0.235,0.534,735,1
SPY190830C292,2019-08-28,2019-08-28 09:36:41,0.24,0.5454,63,0.23,0.5227,3280,0.24,0.5454,1,0.235,0.534,735,0
SPY190830C292,2019-08-28,2019-08-28 09:36:42,0.25,0.5681,1040,0.23,0.5227,2305,0.24,0.5454,4,0.24,0.5454,739,4
SPY190830C292,2019-08-28,2019-08-28 09:36:42,0.24,0.5454,63,0.23,0.5227,3280,0.24,0.5454,1,0.235,0.534,735,0
SPY190830C292,2019-08-28,2019-08-28 09:36:43,0.25,0.5681,1040,0.24,0.5454,1756,0.24,0.5454,4,0.245,0.5568,739,0
SPY190830C292,2019-08-28,2019-08-28 09:36:43,0.25,0.5681,1417,0.24,0.5454,2415,0.24,0.5454,4,0.245,0.5568,739,0
SPY190830C292,2019-08-28,2019-08-28 09:36:44,0.25,0.5681,1417,0.24,0.5454,2354,0.24,0.5454,4,0.245,0.5568,739,0
SPY190830C292,2019-08-28,2019-08-28 09:36:45,0.25,0.5681,1742,0.24,0.5454,1782,0.24,0.5454,4,0.245,0.5568,739,0
SPY190830C292,2019-08-28,2019-08-28 09:36:46,0.25,0.5681,1179,0.24,0.5454,231,0.24,0.5454,4,0.245,0.5568,739,0
SPY190830C292,2019-08-28,2019-08-28 09:36:46,0.25,0.5681,1353,0.24,0.5454,1621,0.24,0.5454,4,0.245,0.5568,739,0
SPY190830C292,2019-08-28,2019-08-28 09:36:47,0.25,0.5681,1010,0.24,0.5454,5,0.24,0.5454,4,0.245,0.5568,739,0
SPY190830C292,2019-08-28,2019-08-28 09:36:47,0.25,0.5681,1166,0.24,0.5454,186,0.24,0.5454,4,0.245,0.5568,739,0
SPY190830C292,2019-08-28,2019-08-28 09:36:48,0.25,0.5681,1763,0.24,0.5454,241,0.24,0.5454,4,0.245,0.5568,739,0
SPY190830C292,2019-08-28,2019-08-28 09:36:48,0.25,0.5681,1379,0.23,0.5227,2484,0.24,0.5454,4,0.24,0.5454,739,0
SPY190830C292,2019-08-28,2019-08-28 09:36:49,0.25,0.5681,1379,0.23,0.5227,4058,0.24,0.5454,4,0.24,0.5454,739,0
SPY190830C292,2019-08-28,2019-08-28 09:36:49,0.25,0.5681,1379,0.24,0.5454,63,0.24,0.5454,4,0.245,0.5568,739,0
SPY190830C292,2019-08-28,2019-08-28 09:36:50,0.25,0.5681,1379,0.24,0.5454,84,0.24,0.5454,4,0.245,0.5568,739,0
SPY190830C292,2019-08-28,2019-08-28 09:36:50,0.25,0.5681,1979,0.24,0.5454,21,0.24,0.5454,4,0.245,0.5568,739,0
SPY190830C292,2019-08-28,2019-08-28 09:36:51,0.25,0.5681,1979,0.24,0.5454,21,0.24,0.5454,4,0.245,0.5568,739,0
SPY190830C292,2019-08-28,2019-08-28 09:36:52,0.24,0.5454,154,0.23,0.5227,3182,0.24,0.5454,4,0.235,0.534,739,0
SPY190830C292,2019-08-28,2019-08-28 09:36:52,0.25,0.5681,1979,0.23,0.5227,2250,0.24,0.5454,4,0.24,0.5454,739,0
SPY190830C292,2019-08-28,2019-08-28 09:36:53,0.24,0.5454,154,0.23,0.5227,3182,0.24,0.5454,4,0.235,0.534,739,0
SPY190830C292,2019-08-28,2019-08-28 09:36:53,0.24,0.5454,245,0.23,0.5227,2097,0.24,0.5454,4,0.235,0.534,739,0
SPY190830C292,2019-08-28,2019-08-28 09:36:54,0.24,0.5454,1174,0.23,0.5227,2697,0.24,0.5454,4,0.235,0.534,739,0
SPY190830C292,2019-08-28,2019-08-28 09:36:54,0.24,0.5454,1051,0.23,0.5227,2697,0.24,0.5454,4,0.235,0.534,739,0
SPY190830C292,2019-08-28,2019-08-28 09:36:55,0.24,0.5454,182,0.23,0.5227,2241,0.24,0.5454,4,0.235,0.534,739,0
SPY190830C292,2019-08-28,2019-08-28 09:36:55,0.24,0.5454,758,0.23,0.5227,1429,0.24,0.5454,4,0.235,0.534,739,0
SPY190830C292,2019-08-28,2019-08-28 09:36:56,0.24,0.5454,245,0.23,0.5227,2910,0.24,0.5454,4,0.235,0.534,739,0
SPY190830C292,2019-08-28,2019-08-28 09:36:56,0.24,0.5454,368,0.23,0.5227,2435,0.24,0.5454,4,0.235,0.534,739,0
SPY190830C292,2019-08-28,2019-08-28 09:36:57,0.24,0.5454,245,0.23,0.5227,1835,0.24,0.5454,4,0.235,0.534,739,0
SPY190830C292,2019-08-28,2019-08-28 09:36:57,0.24,0.5454,245,0.23,0.5227,2078,0.24,0.5454,4,0.235,0.534,739,0
SPY190830C292,2019-08-28,2019-08-28 09:36:58,0.24,0.5454,1010,0.23,0.5227,2078,0.24,0.5454,4,0.235,0.534,739,0
SPY190830C292,2019-08-28,2019-08-28 09:36:58,0.24,0.5454,261,0.23,0.5227,2078,0.24,0.5454,4,0.235,0.534,739,0
SPY190830C292,2019-08-28,2019-08-28 09:36:59,0.24,0.5454,1193,0.23,0.5227,2078,0.24,0.5454,4,0.235,0.534,739,0
SPY190830C292,2019-08-28,2019-08-28 09:36:59,0.24,0.5454,1254,0.23,0.5227,2078,0.24,0.5454,4,0.235,0.534,739,0
SPY190830C292,2019-08-28,2019-08-28 09:37:00,0.24,0.5454,1783,0.23,0.5227,208,0.24,0.5454,4,0.235,0.534,739,0
SPY190830C292,2019-08-28,2019-08-28 09:37:00,0.24,0.5454,1254,0.23,0.5227,2078,0.24,0.5454,4,0.235,0.534,739,0
SPY190830C292,2019-08-28,2019-08-28 09:37:01,0.24,0.5454,1783,0.23,0.5227,208,0.24,0.5454,4,0.235,0.534,739,0
SPY190830C292,2019-08-28,2019-08-28 09:37:01,0.24,0.5454,1783,0.23,0.5227,84,0.24,0.5454,4,0.235,0.534,739,0
SPY190830C292,2019-08-28,2019-08-28 09:37:02,0.24,0.5454,2383,0.23,0.5227,54,0.24,0.5454,4,0.235,0.534,739,0
SPY190830C292,2019-08-28,2019-08-28 09:37:02,0.24,0.5454,2383,0.23,0.5227,49,0.24,0.5454,4,0.235,0.534,739,0
SPY190830C292,2019-08-28,2019-08-28 09:37:03,0.24,0.5454,2383,0.23,0.5227,49,0.24,0.5454,4,0.235,0.534,739,0
SPY190830C292,2019-08-28,2019-08-28 09:37:03,0.24,0.5454,2383,0.23,0.5227,54,0.24,0.5454,4,0.235,0.534,739,0
SPY190830C292,2019-08-28,2019-08-28 09:37:04,0.24,0.5454,2383,0.23,0.5227,46,0.23,0.5227,1,0.235,0.534,743,4
SPY190830C292,2019-08-28,2019-08-28 09:37:04,0.24,0.5454,2383,0.23,0.5227,46,0.23,0.5227,1,0.235,0.534,743,0
SPY190830C292,2019-08-28,2019-08-28 09:37:05,0.24,0.5454,2383,0.23,0.5227,46,0.23,0.5227,1,0.235,0.534,743,0
SPY190830C292,2019-08-28,2019-08-28 09:37:06,0.24,0.5454,2383,0.23,0.5227,46,0.23,0.5227,1,0.235,0.534,743,0
SPY190830C292,2019-08-28,2019-08-28 09:37:07,0.24,0.5454,2921,0.23,0.5227,46,0.23,0.5227,1,0.235,0.534,744,1
SPY190830C292,2019-08-28,2019-08-28 09:37:07,0.24,0.5454,2383,0.23,0.5227,46,0.23,0.5227,1,0.235,0.534,743,0
SPY190830C292,2019-08-28,2019-08-28 09:37:08,0.24,0.5454,3339,0.23,0.5227,41,0.23,0.5227,1,0.235,0.534,749,5
SPY190830C292,2019-08-28,2019-08-28 09:37:08,0.24,0.5454,3339,0.23,0.5227,41,0.23,0.5227,1,0.235,0.534,749,0
SPY190830C292,2019-08-28,2019-08-28 09:37:09,0.24,0.5454,3339,0.23,0.5227,41,0.23,0.5227,1,0.235,0.534,749,0
SPY190830C292,2019-08-28,2019-08-28 09:37:10,0.24,0.5454,3339,0.23,0.5227,41,0.23,0.5227,1,0.235,0.534,749,0
SPY190830C292,2019-08-28,2019-08-28 09:37:10,0.24,0.5454,3477,0.23,0.5227,41,0.23,0.5227,1,0.235,0.534,749,0
SPY190830C292,2019-08-28,2019-08-28 09:37:11,0.24,0.5454,3701,0.23,0.5227,41,0.23,0.5227,1,0.235,0.534,749,0
SPY190830C292,2019-08-28,2019-08-28 09:37:11,0.24,0.5454,3477,0.23,0.5227,41,0.23,0.5227,1,0.235,0.534,749,0
SPY190830C292,2019-08-28,2019-08-28 09:37:12,0.24,0.5454,3701,0.23,0.5227,41,0.23,0.5227,1,0.235,0.534,749,0
SPY190830C292,2019-08-28,2019-08-28 09:37:13,0.24,0.5454,3285,0.23,0.5227,41,0.23,0.5227,1,0.235,0.534,749,0
SPY190830C292,2019-08-28,2019-08-28 09:37:13,0.24,0.5454,3098,0.23,0.5227,41,0.23,0.5227,1,0.235,0.534,749,0
SPY190830C292,2019-08-28,2019-08-28 09:37:14,0.24,0.5454,3098,0.23,0.5227,41,0.23,0.5227,1,0.235,0.534,749,0
SPY190830C292,2019-08-28,2019-08-28 09:37:14,0.24,0.5454,3052,0.23,0.5227,41,0.23,0.5227,1,0.235,0.534,749,0
SPY190830C292,2019-08-28,2019-08-28 09:37:15,0.24,0.5454,2753,0.23,0.5227,41,0.23,0.5227,1,0.235,0.534,749,0
SPY190830C292,2019-08-28,2019-08-28 09:37:15,0.24,0.5454,1784,0.23,0.5227,104,0.23,0.5227,1,0.235,0.534,749,0
SPY190830C292,2019-08-28,2019-08-28 09:37:16,0.24,0.5454,2380,0.23,0.5227,41,0.23,0.5227,1,0.235,0.534,749,0
SPY190830C292,2019-08-28,2019-08-28 09:37:16,0.24,0.5454,2952,0.23,0.5227,41,0.23,0.5227,1,0.235,0.534,749,0
SPY190830C292,2019-08-28,2019-08-28 09:37:17,0.24,0.5454,2380,0.23,0.5227,41,0.23,0.5227,1,0.235,0.534,749,0
SPY190830C292,2019-08-28,2019-08-28 09:37:17,0.24,0.5454,3584,0.23,0.5227,41,0.23,0.5227,1,0.235,0.534,749,0
SPY190830C292,2019-08-28,2019-08-28 09:37:18,0.24,0.5454,2683,0.23,0.5227,41,0.23,0.5227,1,0.235,0.534,749,0
SPY190830C292,2019-08-28,2019-08-28 09:37:18,0.24,0.5454,3101,0.23,0.5227,41,0.23,0.5227,1,0.235,0.534,749,0
SPY190830C292,2019-08-28,2019-08-28 09:37:19,0.24,0.5454,3849,0.23,0.5227,41,0.23,0.5227,1,0.235,0.534,749,0
SPY190830C292,2019-08-28,2019-08-28 09:37:20,0.24,0.5454,3849,0.23,0.5227,41,0.23,0.5227,1,0.235,0.534,749,0
SPY190830C292,2019-08-28,2019-08-28 09:37:21,0.24,0.5454,2541,0.23,0.5227,41,0.23,0.5227,1,0.235,0.534,749,0
SPY190830C292,2019-08-28,2019-08-28 09:37:21,0.24,0.5454,2380,0.23,0.5227,49,0.23,0.5227,1,0.235,0.534,749,0
SPY190830C292,2019-08-28,2019-08-28 09:37:22,0.24,0.5454,2513,0.23,0.5227,111,0.23,0.5227,1,0.235,0.534,749,0
SPY190830C292,2019-08-28,2019-08-28 09:37:22,0.24,0.5454,2931,0.23,0.5227,49,0.23,0.5227,1,0.235,0.534,749,0
SPY190830C292,2019-08-28,2019-08-28 09:37:23,0.24,0.5454,2513,0.23,0.5227,111,0.23,0.5227,1,0.235,0.534,749,0
SPY190830C292,2019-08-28,2019-08-28 09:37:23,0.24,0.5454,2931,0.23,0.5227,41,0.23,0.5227,1,0.235,0.534,749,0
SPY190830C292,2019-08-28,2019-08-28 09:37:24,0.24,0.5454,1962,0.23,0.5227,41,0.23,0.5227,1,0.235,0.534,749,0
SPY190830C292,2019-08-28,2019-08-28 09:37:24,0.24,0.5454,3043,0.23,0.5227,41,0.23,0.5227,1,0.235,0.534,749,0
SPY190830C292,2019-08-28,2019-08-28 09:37:25,0.24,0.5454,3043,0.23,0.5227,103,0.23,0.5227,1,0.235,0.534,749,0
SPY190830C292,2019-08-28,2019-08-28 09:37:25,0.24,0.5454,1962,0.23,0.5227,41,0.23,0.5227,1,0.235,0.534,749,0
SPY190830C292,2019-08-28,2019-08-28 09:37:26,0.24,0.5454,2513,0.23,0.5227,54,0.23,0.5227,1,0.235,0.534,749,0
SPY190830C292,2019-08-28,2019-08-28 09:37:26,0.24,0.5454,2380,0.23,0.5227,103,0.23,0.5227,1,0.235,0.534,749,0
SPY190830C292,2019-08-28,2019-08-28 09:37:27,0.24,0.5454,1962,0.23,0.5227,41,0.23,0.5227,1,0.235,0.534,749,0
SPY190830C292,2019-08-28,2019-08-28 09:37:27,0.24,0.5454,2380,0.23,0.5227,110,0.23,0.5227,1,0.235,0.534,749,0
SPY190830C292,2019-08-28,2019-08-28 09:37:28,0.24,0.5454,2380,0.23,0.5227,170,0.23,0.5227,1,0.235,0.534,749,0
SPY190830C292,2019-08-28,2019-08-28 09:37:29,0.24,0.5454,2380,0.23,0.5227,170,0.23,0.5227,1,0.235,0.534,749,0
SPY190830C292,2019-08-28,2019-08-28 09:37:30,0.24,0.5454,2931,0.23,0.5227,77,0.23,0.5227,1,0.235,0.534,749,0
SPY190830C292,2019-08-28,2019-08-28 09:37:30,0.24,0.5454,2931,0.23,0.5227,41,0.23,0.5227,1,0.235,0.534,749,0
SPY190830C292,2019-08-28,2019-08-28 09:37:31,0.24,0.5454,3059,0.23,0.5227,41,0.23,0.5227,1,0.235,0.534,749,0
SPY190830C292,2019-08-28,2019-08-28 09:37:32,0.24,0.5454,3059,0.23,0.5227,41,0.23,0.5227,1,0.235,0.534,749,0
SPY190830C292,2019-08-28,2019-08-28 09:37:33,0.24,0.5454,3059,0.23,0.5227,41,0.23,0.5227,1,0.235,0.534,749,0
SPY190830C292,2019-08-28,2019-08-28 09:37:33,0.24,0.5454,3059,0.23,0.5227,41,0.24,0.5454,4,0.235,0.534,753,4
SPY190830C292,2019-08-28,2019-08-28 09:37:34,0.24,0.5454,3059,0.23,0.5227,41,0.24,0.5454,4,0.235,0.534,753,0
SPY190830C292,2019-08-28,2019-08-28 09:37:35,0.24,0.5454,3059,0.23,0.5227,41,0.24,0.5454,4,0.235,0.534,753,0
SPY190830C292,2019-08-28,2019-08-28 09:37:36,0.24,0.5454,3059,0.23,0.5227,41,0.24,0.5454,4,0.235,0.534,753,0
SPY190830C292,2019-08-28,2019-08-28 09:37:36,0.24,0.5454,3208,0.23,0.5227,41,0.24,0.5454,4,0.235,0.534,753,0
SPY190830C292,2019-08-28,2019-08-28 09:37:37,0.24,0.5454,3208,0.23,0.5227,41,0.24,0.5454,4,0.235,0.534,753,0
SPY190830C292,2019-08-28,2019-08-28 09:37:38,0.24,0.5454,3208,0.23,0.5227,41,0.24,0.5454,4,0.235,0.534,753,0
SPY190830C292,2019-08-28,2019-08-28 09:37:39,0.24,0.5454,3208,0.23,0.5227,41,0.24,0.5454,4,0.235,0.534,753,0
SPY190830C292,2019-08-28,2019-08-28 09:37:40,0.24,0.5454,3714,0.23,0.5227,41,0.24,0.5454,4,0.235,0.534,753,0
SPY190830C292,2019-08-28,2019-08-28 09:37:40,0.24,0.5454,3208,0.23,0.5227,41,0.24,0.5454,4,0.235,0.534,753,0
SPY190830C292,2019-08-28,2019-08-28 09:37:41,0.24,0.5454,3208,0.23,0.5227,41,0.24,0.5454,4,0.235,0.534,753,0
SPY190830C292,2019-08-28,2019-08-28 09:37:41,0.24,0.5454,3714,0.23,0.5227,41,0.24,0.5454,4,0.235,0.534,753,0
SPY190830C292,2019-08-28,2019-08-28 09:37:42,0.24,0.5454,3707,0.23,0.5227,41,0.24,0.5454,4,0.235,0.534,753,0
SPY190830C292,2019-08-28,2019-08-28 09:37:42,0.24,0.5454,3208,0.23,0.5227,41,0.24,0.5454,4,0.235,0.534,753,0
SPY190830C292,2019-08-28,2019-08-28 09:37:43,0.24,0.5454,3031,0.23,0.5227,41,0.24,0.5454,4,0.235,0.534,753,0
SPY190830C292,2019-08-28,2019-08-28 09:37:43,0.24,0.5454,2380,0.23,0.5227,41,0.24,0.5454,4,0.235,0.534,753,0
SPY190830C292,2019-08-28,2019-08-28 09:37:44,0.24,0.5454,2380,0.23,0.5227,203,0.24,0.5454,4,0.235,0.534,753,0
SPY190830C292,2019-08-28,2019-08-28 09:37:44,0.24,0.5454,3031,0.23,0.5227,179,0.24,0.5454,4,0.235,0.534,753,0
SPY190830C292,2019-08-28,2019-08-28 09:37:45,0.24,0.5454,3370,0.23,0.5227,203,0.24,0.5454,4,0.235,0.534,753,0
SPY190830C292,2019-08-28,2019-08-28 09:37:45,0.24,0.5454,2931,0.23,0.5227,203,0.24,0.5454,4,0.235,0.534,753,0
SPY190830C292,2019-08-28,2019-08-28 09:37:46,0.24,0.5454,2382,0.23,0.5227,196,0.24,0.5454,4,0.235,0.534,753,0
SPY190830C292,2019-08-28,2019-08-28 09:37:47,0.24,0.5454,2382,0.23,0.5227,196,0.24,0.5454,4,0.235,0.534,753,0
SPY190830C292,2019-08-28,2019-08-28 09:37:47,0.24,0.5454,1782,0.23,0.5227,196,0.24,0.5454,4,0.235,0.534,753,0
SPY190830C292,2019-08-28,2019-08-28 09:37:48,0.24,0.5454,1782,0.23,0.5227,377,0.24,0.5454,4,0.235,0.534,753,0
SPY190830C292,2019-08-28,2019-08-28 09:37:48,0.24,0.5454,1782,0.23,0.5227,355,0.24,0.5454,4,0.235,0.534,753,0
SPY190830C292,2019-08-28,2019-08-28 09:37:49,0.24,0.5454,1782,0.23,0.5227,483,0.24,0.5454,4,0.235,0.534,753,0
SPY190830C292,2019-08-28,2019-08-28 09:37:50,0.24,0.5454,1782,0.23,0.5227,483,0.24,0.5454,4,0.235,0.534,753,0
SPY190830C292,2019-08-28,2019-08-28 09:37:51,0.24,0.5454,1782,0.23,0.5227,483,0.24,0.5454,4,0.235,0.534,753,0
SPY190830C292,2019-08-28,2019-08-28 09:37:52,0.24,0.5454,1782,0.23,0.5227,483,0.24,0.5454,4,0.235,0.534,753,0
SPY190830C292,2019-08-28,2019-08-28 09:37:53,0.24,0.5454,1602,0.23,0.5227,483,0.24,0.5454,4,0.235,0.534,753,0
SPY190830C292,2019-08-28,2019-08-28 09:37:53,0.24,0.5454,1010,0.23,0.5227,2661,0.24,0.5454,4,0.235,0.534,753,0
SPY190830C292,2019-08-28,2019-08-28 09:37:54,0.24,0.5454,299,0.23,0.5227,3207,0.24,0.5454,4,0.235,0.534,753,0
SPY190830C292,2019-08-28,2019-08-28 09:37:54,0.24,0.5454,1010,0.23,0.5227,2789,0.24,0.5454,4,0.235,0.534,753,0
SPY190830C292,2019-08-28,2019-08-28 09:37:55,0.24,0.5454,63,0.23,0.5227,2789,0.24,0.5454,4,0.235,0.534,753,0
SPY190830C292,2019-08-28,2019-08-28 09:37:56,0.24,0.5454,63,0.23,0.5227,3207,0.24,0.5454,4,0.235,0.534,753,0
SPY190830C292,2019-08-28,2019-08-28 09:37:56,0.24,0.5454,63,0.23,0.5227,3866,0.24,0.5454,4,0.235,0.534,753,0
SPY190830C292,2019-08-28,2019-08-28 09:37:57,0.24,0.5454,63,0.23,0.5227,2604,0.24,0.5454,4,0.235,0.534,753,0
SPY190830C292,2019-08-28,2019-08-28 09:37:57,0.24,0.5454,1,0.23,0.5227,2822,0.24,0.5454,4,0.235,0.534,753,0
SPY190830C292,2019-08-28,2019-08-28 09:37:58,0.24,0.5454,63,0.23,0.5227,2022,0.24,0.5454,4,0.235,0.534,753,0
SPY190830C292,2019-08-28,2019-08-28 09:37:58,0.24,0.5454,460,0.23,0.5227,2022,0.24,0.5454,4,0.235,0.534,753,0
SPY190830C292,2019-08-28,2019-08-28 09:37:59,0.24,0.5454,1725,0.23,0.5227,2331,0.24,0.5454,4,0.235,0.534,753,0
SPY190830C292,2019-08-28,2019-08-28 09:38:00,0.24,0.5454,1307,0.23,0.5227,1362,0.24,0.5454,1,0.235,0.534,754,1
SPY190830C292,2019-08-28,2019-08-28 09:38:00,0.24,0.5454,1725,0.23,0.5227,1413,0.24,0.5454,1,0.235,0.534,754,0
SPY190830C292,2019-08-28,2019-08-28 09:38:01,0.24,0.5454,1010,0.23,0.5227,218,0.24,0.5454,1,0.235,0.534,754,0
SPY190830C292,2019-08-28,2019-08-28 09:38:01,0.24,0.5454,1010,0.23,0.5227,213,0.24,0.5454,1,0.235,0.534,754,0
SPY190830C292,2019-08-28,2019-08-28 09:38:02,0.24,0.5454,1790,0.23,0.5227,346,0.24,0.5454,1,0.235,0.534,754,0
SPY190830C292,2019-08-28,2019-08-28 09:38:02,0.24,0.5454,1198,0.23,0.5227,218,0.24,0.5454,1,0.235,0.534,754,0
SPY190830C292,2019-08-28,2019-08-28 09:38:03,0.24,0.5454,1790,0.23,0.5227,346,0.24,0.5454,1,0.235,0.534,754,0
SPY190830C292,2019-08-28,2019-08-28 09:38:04,0.24,0.5454,1184,0.23,0.5227,346,0.24,0.5454,1,0.235,0.534,754,0
SPY190830C292,2019-08-28,2019-08-28 09:38:04,0.24,0.5454,1756,0.23,0.5227,701,0.24,0.5454,1,0.235,0.534,754,0
SPY190830C292,2019-08-28,2019-08-28 09:38:05,0.24,0.5454,1277,0.23,0.5227,2202,0.24,0.5454,1,0.235,0.534,754,0
SPY190830C292,2019-08-28,2019-08-28 09:38:05,0.24,0.5454,1010,0.23,0.5227,800,0.24,0.5454,1,0.235,0.534,754,0
SPY190830C292,2019-08-28,2019-08-28 09:38:06,0.24,0.5454,1010,0.23,0.5227,2460,0.24,0.5454,1,0.235,0.534,754,0
SPY190830C292,2019-08-28,2019-08-28 09:38:07,0.24,0.5454,1597,0.23,0.5227,2460,0.24,0.5454,1,0.235,0.534,754,0
SPY190830C292,2019-08-28,2019-08-28 09:38:08,0.24,0.5454,1010,0.23,0.5227,2202,0.24,0.5454,1,0.235,0.534,754,0
SPY190830C292,2019-08-28,2019-08-28 09:38:09,0.24,0.5454,1685,0.23,0.5227,1860,0.24,0.5454,1,0.235,0.534,754,0
SPY190830C292,2019-08-28,2019-08-28 09:38:09,0.24,0.5454,1685,0.23,0.5227,1795,0.24,0.5454,1,0.235,0.534,754,0
SPY190830C292,2019-08-28,2019-08-28 09:38:10,0.24,0.5454,1010,0.23,0.5227,1784,0.24,0.5454,1,0.235,0.534,754,0
SPY190830C292,2019-08-28,2019-08-28 09:38:10,0.24,0.5454,1343,0.23,0.5227,1977,0.24,0.5454,1,0.235,0.534,754,0
SPY190830C292,2019-08-28,2019-08-28 09:38:11,0.24,0.5454,1010,0.23,0.5227,2042,0.24,0.5454,1,0.235,0.534,754,0
SPY190830C292,2019-08-28,2019-08-28 09:38:11,0.24,0.5454,1010,0.23,0.5227,1616,0.24,0.5454,1,0.235,0.534,754,0
SPY190830C292,2019-08-28,2019-08-28 09:38:12,0.25,0.5681,1459,0.24,0.5454,102,0.24,0.5454,1,0.245,0.5568,754,0
SPY190830C292,2019-08-28,2019-08-28 09:38:12,0.25,0.5681,2013,0.24,0.5454,71,0.24,0.5454,1,0.245,0.5568,754,0
SPY190830C292,2019-08-28,2019-08-28 09:38:13,0.25,0.5681,1456,0.24,0.5454,21,0.24,0.5454,8,0.245,0.5568,762,8
SPY190830C292,2019-08-28,2019-08-28 09:38:13,0.25,0.5681,1456,0.24,0.5454,21,0.24,0.5454,8,0.245,0.5568,762,0
SPY190830C292,2019-08-28,2019-08-28 09:38:14,0.25,0.5681,1874,0.24,0.5454,126,0.24,0.5454,8,0.245,0.5568,762,0
SPY190830C292,2019-08-28,2019-08-28 09:38:14,0.25,0.5681,1448,0.24,0.5454,305,0.24,0.5454,8,0.245,0.5568,762,0
SPY190830C292,2019-08-28,2019-08-28 09:38:15,0.25,0.5681,1128,0.24,0.5454,722,0.24,0.5454,8,0.245,0.5568,762,0
SPY190830C292,2019-08-28,2019-08-28 09:38:16,0.25,0.5681,1685,0.24,0.5454,305,0.24,0.5454,8,0.245,0.5568,762,0
SPY190830C292,2019-08-28,2019-08-28 09:38:16,0.25,0.5681,1869,0.24,0.5454,305,0.24,0.5454,8,0.245,0.5568,762,0
SPY190830C292,2019-08-28,2019-08-28 09:38:17,0.25,0.5681,1869,0.24,0.5454,100,0.24,0.5454,8,0.245,0.5568,762,0
SPY190830C292,2019-08-28,2019-08-28 09:38:18,0.24,0.5454,154,0.23,0.5227,3942,0.24,0.5454,8,0.235,0.534,762,0
SPY190830C292,2019-08-28,2019-08-28 09:38:18,0.25,0.5681,2474,0.24,0.5454,5,0.24,0.5454,8,0.245,0.5568,762,0
SPY190830C292,2019-08-28,2019-08-28 09:38:19,0.24,0.5454,1,0.23,0.5227,3942,0.24,0.5454,8,0.235,0.534,762,0
SPY190830C292,2019-08-28,2019-08-28 09:38:19,0.24,0.5454,411,0.23,0.5227,3942,0.24,0.5454,8,0.235,0.534,762,0
SPY190830C292,2019-08-28,2019-08-28 09:38:20,0.24,0.5454,1,0.23,0.5227,4259,0.24,0.5454,8,0.235,0.534,762,0
SPY190830C292,2019-08-28,2019-08-28 09:38:20,0.24,0.5454,1,0.23,0.5227,3709,0.24,0.5454,8,0.235,0.534,762,0
SPY190830C292,2019-08-28,2019-08-28 09:38:21,0.24,0.5454,63,0.23,0.5227,4224,0.24,0.5454,8,0.235,0.534,762,0
SPY190830C292,2019-08-28,2019-08-28 09:38:21,0.24,0.5454,63,0.23,0.5227,4259,0.24,0.5454,8,0.235,0.534,762,0
SPY190830C292,2019-08-28,2019-08-28 09:38:22,0.24,0.5454,63,0.23,0.5227,4224,0.24,0.5454,8,0.235,0.534,762,0
SPY190830C292,2019-08-28,2019-08-28 09:38:23,0.24,0.5454,63,0.23,0.5227,4224,0.24,0.5454,8,0.235,0.534,762,0
SPY190830C292,2019-08-28,2019-08-28 09:38:24,0.24,0.5454,63,0.23,0.5227,4224,0.24,0.5454,8,0.235,0.534,762,0
SPY190830C292,2019-08-28,2019-08-28 09:38:25,0.24,0.5454,63,0.23,0.5227,4224,0.24,0.5454,8,0.235,0.534,762,0
SPY190830C292,2019-08-28,2019-08-28 09:38:26,0.24,0.5454,63,0.24,0.5454,100,0.24,0.5454,1,0.24,0.5454,764,2
SPY190830C292,2019-08-28,2019-08-28 09:38:26,0.25,0.5681,1690,0.24,0.5454,100,0.24,0.5454,1,0.245,0.5568,764,0
SPY190830C292,2019-08-28,2019-08-28 09:38:27,0.25,0.5681,1690,0.24,0.5454,109,0.24,0.5454,1,0.245,0.5568,764,0
SPY190830C292,2019-08-28,2019-08-28 09:38:27,0.25,0.5681,1690,0.24,0.5454,263,0.24,0.5454,1,0.245,0.5568,764,0
SPY190830C292,2019-08-28,2019-08-28 09:38:28,0.25,0.5681,1874,0.24,0.5454,252,0.24,0.5454,1,0.245,0.5568,764,0
SPY190830C292,2019-08-28,2019-08-28 09:38:29,0.25,0.5681,1874,0.24,0.5454,252,0.24,0.5454,1,0.245,0.5568,764,0
SPY190830C292,2019-08-28,2019-08-28 09:38:30,0.25,0.5681,1128,0.24,0.5454,134,0.24,0.5454,1,0.245,0.5568,764,0
SPY190830C292,2019-08-28,2019-08-28 09:38:30,0.25,0.5681,1874,0.24,0.5454,151,0.24,0.5454,1,0.245,0.5568,764,0
SPY190830C292,2019-08-28,2019-08-28 09:38:31,0.24,0.5454,5,0.23,0.5227,3709,0.24,0.5454,1,0.235,0.534,767,3
SPY190830C292,2019-08-28,2019-08-28 09:38:31,0.25,0.5681,1945,0.24,0.5454,5,0.24,0.5454,1,0.245,0.5568,764,0
SPY190830C292,2019-08-28,2019-08-28 09:38:32,0.25,0.5681,1874,0.23,0.5227,2528,0.23,0.5227,1,0.24,0.5454,768,1
SPY190830C292,2019-08-28,2019-08-28 09:38:32,0.25,0.5681,2718,0.24,0.5454,5,0.24,0.5454,1,0.245,0.5568,767,0
SPY190830C292,2019-08-28,2019-08-28 09:38:33,0.25,0.5681,2014,0.24,0.5454,5,0.23,0.5227,1,0.245,0.5568,768,0
SPY190830C292,2019-08-28,2019-08-28 09:38:34,0.25,0.5681,2014,0.24,0.5454,5,0.23,0.5227,1,0.245,0.5568,768,0
SPY190830C292,2019-08-28,2019-08-28 09:38:34,0.25,0.5681,2014,0.24,0.5454,21,0.23,0.5227,1,0.245,0.5568,768,0
SPY190830C292,2019-08-28,2019-08-28 09:38:35,0.24,0.5454,180,0.23,0.5227,3371,0.23,0.5227,1,0.235,0.534,768,0
SPY190830C292,2019-08-28,2019-08-28 09:38:35,0.25,0.5681,2474,0.23,0.5227,3709,0.23,0.5227,1,0.24,0.5454,768,0
SPY190830C292,2019-08-28,2019-08-28 09:38:36,0.24,0.5454,396,0.23,0.5227,3371,0.23,0.5227,1,0.235,0.534,768,0
SPY190830C292,2019-08-28,2019-08-28 09:38:37,0.24,0.5454,396,0.23,0.5227,3371,0.23,0.5227,1,0.235,0.534,768,0
SPY190830C292,2019-08-28,2019-08-28 09:38:37,0.24,0.5454,1516,0.23,0.5227,3283,0.23,0.5227,1,0.235,0.534,768,0
SPY190830C292,2019-08-28,2019-08-28 09:38:38,0.24,0.5454,1199,0.23,0.5227,3290,0.23,0.5227,1,0.235,0.534,768,0
SPY190830C292,2019-08-28,2019-08-28 09:38:38,0.24,0.5454,1010,0.23,0.5227,3290,0.23,0.5227,1,0.235,0.534,768,0
SPY190830C292,2019-08-28,2019-08-28 09:38:39,0.24,0.5454,1010,0.23,0.5227,3290,0.23,0.5227,1,0.235,0.534,768,0
SPY190830C292,2019-08-28,2019-08-28 09:38:40,0.24,0.5454,1010,0.23,0.5227,3045,0.23,0.5227,1,0.235,0.534,768,0
SPY190830C292,2019-08-28,2019-08-28 09:38:41,0.24,0.5454,180,0.23,0.5227,2872,0.23,0.5227,1,0.235,0.534,768,0
SPY190830C292,2019-08-28,2019-08-28 09:38:41,0.24,0.5454,400,0.23,0.5227,3290,0.23,0.5227,1,0.235,0.534,768,0
SPY190830C292,2019-08-28,2019-08-28 09:38:42,0.24,0.5454,180,0.23,0.5227,3290,0.23,0.5227,1,0.235,0.534,768,0
SPY190830C292,2019-08-28,2019-08-28 09:38:42,0.24,0.5454,485,0.23,0.5227,2447,0.23,0.5227,1,0.235,0.534,768,0
SPY190830C292,2019-08-28,2019-08-28 09:38:43,0.24,0.5454,1307,0.23,0.5227,2029,0.23,0.5227,1,0.235,0.534,768,0
SPY190830C292,2019-08-28,2019-08-28 09:38:43,0.24,0.5454,485,0.23,0.5227,2447,0.23,0.5227,1,0.235,0.534,768,0
SPY190830C292,2019-08-28,2019-08-28 09:38:44,0.24,0.5454,1343,0.23,0.5227,2744,0.23,0.5227,1,0.235,0.534,768,0
SPY190830C292,2019-08-28,2019-08-28 09:38:45,0.24,0.5454,63,0.23,0.5227,2989,0.23,0.5227,1,0.235,0.534,768,0
SPY190830C292,2019-08-28,2019-08-28 09:38:45,0.24,0.5454,300,0.23,0.5227,2744,0.23,0.5227,1,0.235,0.534,768,0
SPY190830C292,2019-08-28,2019-08-28 09:38:46,0.24,0.5454,180,0.23,0.5227,2989,0.23,0.5227,1,0.235,0.534,768,0
