symbol,Date,quote_time,ask_price,norm_ask_price,ask_size,bid_price,norm_bid_price,bid_size,last_trade_price,norm_last_trade_price,last_trade_size,mark_price,norm_mark_price,volume,Volume
SPY190712C299,2019-07-11,2019-07-11 09:30:00,0.72,1.0,5,0.71,0.9861,98,0.73,1.0138,7,0.715,0.993,37952,37952
SPY190712C299,2019-07-11,2019-07-11 09:30:05,0.96,1.3333,44,0.92,1.2777,523,0.9,1.25,1,0.94,1.3055,51,-37901
SPY190712C299,2019-07-11,2019-07-11 09:30:06,0.99,1.375,40,0.94,1.3055,40,0.9,1.25,1,0.965,1.3402,51,0
SPY190712C299,2019-07-11,2019-07-11 09:30:07,0.98,1.3611,7,0.94,1.3055,56,0.9,1.25,1,0.96,1.3333,51,0
SPY190712C299,2019-07-11,2019-07-11 09:30:08,0.99,1.375,40,0.94,1.3055,56,0.9,1.25,1,0.965,1.3402,51,0
SPY190712C299,2019-07-11,2019-07-11 09:30:08,0.98,1.3611,7,0.94,1.3055,56,0.9,1.25,1,0.96,1.3333,51,0
SPY190712C299,2019-07-11,2019-07-11 09:30:09,0.99,1.375,40,0.94,1.3055,56,0.9,1.25,1,0.965,1.3402,51,0
SPY190712C299,2019-07-11,2019-07-11 09:30:10,0.99,1.375,40,0.94,1.3055,56,0.9,1.25,1,0.965,1.3402,51,0
SPY190712C299,2019-07-11,2019-07-11 09:30:11,0.99,1.375,40,0.94,1.3055,56,0.9,1.25,1,0.965,1.3402,51,0
SPY190712C299,2019-07-11,2019-07-11 09:30:11,0.99,1.375,40,0.95,1.3194,64,0.9,1.25,1,0.97,1.3472,51,0
SPY190712C299,2019-07-11,2019-07-11 09:30:12,0.99,1.375,45,0.95,1.3194,64,0.9,1.25,1,0.97,1.3472,51,0
SPY190712C299,2019-07-11,2019-07-11 09:30:13,0.99,1.375,45,0.95,1.3194,64,0.9,1.25,1,0.97,1.3472,51,0
SPY190712C299,2019-07-11,2019-07-11 09:30:14,0.99,1.375,45,0.95,1.3194,64,0.9,1.25,1,0.97,1.3472,51,0
SPY190712C299,2019-07-11,2019-07-11 09:30:15,0.99,1.375,40,0.95,1.3194,64,0.9,1.25,1,0.97,1.3472,51,0
SPY190712C299,2019-07-11,2019-07-11 09:30:15,0.99,1.375,45,0.95,1.3194,64,0.9,1.25,1,0.97,1.3472,51,0
SPY190712C299,2019-07-11,2019-07-11 09:30:16,0.99,1.375,45,0.95,1.3194,64,0.94,1.3055,2,0.97,1.3472,53,2
SPY190712C299,2019-07-11,2019-07-11 09:30:16,0.99,1.375,45,0.96,1.3333,40,0.94,1.3055,2,0.975,1.3541,53,0
SPY190712C299,2019-07-11,2019-07-11 09:30:17,0.99,1.375,45,0.96,1.3333,45,0.94,1.3055,2,0.975,1.3541,53,0
SPY190712C299,2019-07-11,2019-07-11 09:30:17,0.98,1.3611,7,0.96,1.3333,45,0.94,1.3055,2,0.97,1.3472,53,0
SPY190712C299,2019-07-11,2019-07-11 09:30:18,0.99,1.375,45,0.96,1.3333,45,0.91,1.2638,1,0.975,1.3541,54,1
SPY190712C299,2019-07-11,2019-07-11 09:30:18,0.99,1.375,45,0.96,1.3333,45,0.94,1.3055,2,0.975,1.3541,53,0
SPY190712C299,2019-07-11,2019-07-11 09:30:19,0.99,1.375,45,0.96,1.3333,45,0.91,1.2638,1,0.975,1.3541,54,0
SPY190712C299,2019-07-11,2019-07-11 09:30:20,0.99,1.375,45,0.96,1.3333,45,0.91,1.2638,1,0.975,1.3541,54,0
SPY190712C299,2019-07-11,2019-07-11 09:30:21,0.99,1.375,45,0.96,1.3333,45,0.9,1.25,2,0.975,1.3541,57,2
SPY190712C299,2019-07-11,2019-07-11 09:30:21,0.99,1.375,45,0.96,1.3333,45,0.92,1.2777,1,0.975,1.3541,55,1
SPY190712C299,2019-07-11,2019-07-11 09:30:22,0.99,1.375,45,0.96,1.3333,45,0.9,1.25,2,0.975,1.3541,57,0
SPY190712C299,2019-07-11,2019-07-11 09:30:23,1.0,1.3888,128,0.96,1.3333,45,0.9,1.25,2,0.98,1.3611,57,0
SPY190712C299,2019-07-11,2019-07-11 09:30:24,1.0,1.3888,128,0.97,1.3472,20,0.9,1.25,2,0.985,1.368,57,0
SPY190712C299,2019-07-11,2019-07-11 09:30:25,1.0,1.3888,100,0.97,1.3472,60,0.9,1.25,1,0.985,1.368,58,1
SPY190712C299,2019-07-11,2019-07-11 09:30:25,1.0,1.3888,100,0.97,1.3472,60,0.9,1.25,1,0.985,1.368,58,0
SPY190712C299,2019-07-11,2019-07-11 09:30:26,1.0,1.3888,100,0.97,1.3472,60,0.9,1.25,1,0.985,1.368,58,0
SPY190712C299,2019-07-11,2019-07-11 09:30:27,1.0,1.3888,100,0.97,1.3472,60,0.9,1.25,1,0.985,1.368,58,0
SPY190712C299,2019-07-11,2019-07-11 09:30:28,1.0,1.3888,100,0.97,1.3472,128,0.9,1.25,1,0.985,1.368,58,0
SPY190712C299,2019-07-11,2019-07-11 09:30:29,0.98,1.3611,1,0.97,1.3472,40,0.9,1.25,1,0.975,1.3541,58,0
SPY190712C299,2019-07-11,2019-07-11 09:30:30,0.96,1.3333,120,0.93,1.2916,169,0.94,1.3055,10,0.945,1.3125,68,10
SPY190712C299,2019-07-11,2019-07-11 09:30:31,0.96,1.3333,107,0.93,1.2916,79,0.94,1.3055,10,0.945,1.3125,68,0
SPY190712C299,2019-07-11,2019-07-11 09:30:32,0.94,1.3055,7,0.92,1.2777,94,0.94,1.3055,10,0.93,1.2916,68,0
SPY190712C299,2019-07-11,2019-07-11 09:30:32,0.93,1.2916,5,0.91,1.2638,50,0.94,1.3055,10,0.92,1.2777,68,0
SPY190712C299,2019-07-11,2019-07-11 09:30:33,0.92,1.2777,48,0.9,1.25,23,0.94,1.3055,10,0.91,1.2638,68,0
SPY190712C299,2019-07-11,2019-07-11 09:30:34,0.95,1.3194,40,0.92,1.2777,131,0.94,1.3055,10,0.935,1.2986,68,0
SPY190712C299,2019-07-11,2019-07-11 09:30:34,0.9,1.25,40,0.88,1.2222,91,0.94,1.3055,10,0.89,1.2361,68,0
SPY190712C299,2019-07-11,2019-07-11 09:30:35,0.95,1.3194,5,0.94,1.3055,1,0.94,1.3055,10,0.945,1.3125,68,0
SPY190712C299,2019-07-11,2019-07-11 09:30:36,0.95,1.3194,50,0.94,1.3055,33,0.94,1.3055,10,0.945,1.3125,68,0
SPY190712C299,2019-07-11,2019-07-11 09:30:37,0.95,1.3194,49,0.94,1.3055,1,0.95,1.3194,5,0.945,1.3125,74,6
SPY190712C299,2019-07-11,2019-07-11 09:30:38,0.95,1.3194,49,0.93,1.2916,134,0.95,1.3194,5,0.94,1.3055,74,0
SPY190712C299,2019-07-11,2019-07-11 09:30:39,0.96,1.3333,1,0.95,1.3194,10,0.95,1.3194,20,0.955,1.3263,343,269
SPY190712C299,2019-07-11,2019-07-11 09:30:39,0.97,1.3472,92,0.94,1.3055,246,0.95,1.3194,20,0.955,1.3263,343,0
SPY190712C299,2019-07-11,2019-07-11 09:30:40,0.97,1.3472,92,0.95,1.3194,4,0.95,1.3194,20,0.96,1.3333,343,0
SPY190712C299,2019-07-11,2019-07-11 09:30:41,0.96,1.3333,1,0.95,1.3194,4,0.94,1.3055,1,0.955,1.3263,362,19
SPY190712C299,2019-07-11,2019-07-11 09:30:42,0.96,1.3333,1,0.95,1.3194,46,0.95,1.3194,4,0.955,1.3263,376,0
SPY190712C299,2019-07-11,2019-07-11 09:30:42,0.97,1.3472,103,0.95,1.3194,1,0.95,1.3194,4,0.96,1.3333,376,14
SPY190712C299,2019-07-11,2019-07-11 09:30:43,0.96,1.3333,1,0.95,1.3194,46,0.96,1.3333,1,0.955,1.3263,377,1
SPY190712C299,2019-07-11,2019-07-11 09:30:43,0.96,1.3333,1,0.95,1.3194,46,0.95,1.3194,4,0.955,1.3263,376,0
SPY190712C299,2019-07-11,2019-07-11 09:30:45,0.96,1.3333,45,0.95,1.3194,46,0.96,1.3333,3,0.955,1.3263,380,3
SPY190712C299,2019-07-11,2019-07-11 09:30:45,0.94,1.3055,1,0.92,1.2777,126,0.95,1.3194,16,0.93,1.2916,396,16
SPY190712C299,2019-07-11,2019-07-11 09:30:46,0.94,1.3055,99,0.92,1.2777,87,0.95,1.3194,16,0.93,1.2916,396,0
SPY190712C299,2019-07-11,2019-07-11 09:30:47,0.94,1.3055,49,0.92,1.2777,26,0.94,1.3055,2,0.93,1.2916,398,2
SPY190712C299,2019-07-11,2019-07-11 09:30:47,0.93,1.2916,40,0.91,1.2638,101,0.94,1.3055,2,0.92,1.2777,398,0
SPY190712C299,2019-07-11,2019-07-11 09:30:49,0.94,1.3055,68,0.92,1.2777,10,0.92,1.2777,3,0.93,1.2916,401,3
SPY190712C299,2019-07-11,2019-07-11 09:30:50,0.94,1.3055,1,0.93,1.2916,10,0.92,1.2777,3,0.935,1.2986,401,0
SPY190712C299,2019-07-11,2019-07-11 09:30:51,0.95,1.3194,42,0.93,1.2916,134,0.92,1.2777,3,0.94,1.3055,401,0
SPY190712C299,2019-07-11,2019-07-11 09:30:51,0.95,1.3194,17,0.93,1.2916,132,0.92,1.2777,3,0.94,1.3055,401,0
SPY190712C299,2019-07-11,2019-07-11 09:30:52,0.95,1.3194,17,0.94,1.3055,1,0.95,1.3194,50,0.945,1.3125,461,60
SPY190712C299,2019-07-11,2019-07-11 09:30:53,0.94,1.3055,7,0.92,1.2777,149,0.95,1.3194,50,0.93,1.2916,461,0
SPY190712C299,2019-07-11,2019-07-11 09:30:53,0.95,1.3194,42,0.93,1.2916,108,0.95,1.3194,50,0.94,1.3055,461,0
SPY190712C299,2019-07-11,2019-07-11 09:30:54,0.94,1.3055,8,0.93,1.2916,6,0.94,1.3055,1,0.935,1.2986,462,0
SPY190712C299,2019-07-11,2019-07-11 09:30:54,0.94,1.3055,7,0.92,1.2777,107,0.94,1.3055,1,0.93,1.2916,462,1
SPY190712C299,2019-07-11,2019-07-11 09:30:55,0.95,1.3194,52,0.93,1.2916,96,0.94,1.3055,1,0.94,1.3055,462,0
SPY190712C299,2019-07-11,2019-07-11 09:30:55,0.95,1.3194,68,0.93,1.2916,134,0.94,1.3055,1,0.94,1.3055,462,0
SPY190712C299,2019-07-11,2019-07-11 09:30:56,0.94,1.3055,1,0.93,1.2916,94,0.93,1.2916,20,0.935,1.2986,482,20
SPY190712C299,2019-07-11,2019-07-11 09:30:57,0.94,1.3055,47,0.92,1.2777,6,0.93,1.2916,10,0.93,1.2916,493,11
SPY190712C299,2019-07-11,2019-07-11 09:30:57,0.94,1.3055,47,0.92,1.2777,10,0.93,1.2916,10,0.93,1.2916,493,0
SPY190712C299,2019-07-11,2019-07-11 09:30:58,0.94,1.3055,166,0.91,1.2638,109,0.93,1.2916,10,0.925,1.2847,493,0
SPY190712C299,2019-07-11,2019-07-11 09:30:59,0.93,1.2916,10,0.91,1.2638,116,0.93,1.2916,10,0.92,1.2777,493,0
SPY190712C299,2019-07-11,2019-07-11 09:30:59,0.94,1.3055,208,0.91,1.2638,109,0.93,1.2916,10,0.925,1.2847,493,0
SPY190712C299,2019-07-11,2019-07-11 09:31:00,0.93,1.2916,159,0.91,1.2638,116,0.93,1.2916,1,0.92,1.2777,494,1
SPY190712C299,2019-07-11,2019-07-11 09:31:00,0.93,1.2916,198,0.91,1.2638,116,0.93,1.2916,1,0.92,1.2777,494,0
SPY190712C299,2019-07-11,2019-07-11 09:31:01,0.93,1.2916,238,0.91,1.2638,116,0.93,1.2916,2,0.92,1.2777,506,12
SPY190712C299,2019-07-11,2019-07-11 09:31:02,0.93,1.2916,64,0.91,1.2638,85,0.93,1.2916,3,0.92,1.2777,510,4
SPY190712C299,2019-07-11,2019-07-11 09:31:03,0.93,1.2916,47,0.91,1.2638,125,0.93,1.2916,3,0.92,1.2777,510,0
SPY190712C299,2019-07-11,2019-07-11 09:31:04,0.92,1.2777,2,0.91,1.2638,25,0.93,1.2916,3,0.915,1.2708,510,0
SPY190712C299,2019-07-11,2019-07-11 09:31:05,0.91,1.2638,1,0.9,1.25,84,0.91,1.2638,1,0.905,1.2569,535,0
SPY190712C299,2019-07-11,2019-07-11 09:31:05,0.91,1.2638,48,0.89,1.2361,94,0.91,1.2638,1,0.9,1.25,535,25
SPY190712C299,2019-07-11,2019-07-11 09:31:06,0.91,1.2638,1,0.9,1.25,107,0.91,1.2638,1,0.905,1.2569,535,0
SPY190712C299,2019-07-11,2019-07-11 09:31:07,0.91,1.2638,6,0.9,1.25,91,0.91,1.2638,1,0.905,1.2569,536,1
SPY190712C299,2019-07-11,2019-07-11 09:31:08,0.9,1.25,1,0.89,1.2361,96,0.91,1.2638,1,0.895,1.243,536,0
SPY190712C299,2019-07-11,2019-07-11 09:31:08,0.9,1.25,7,0.89,1.2361,91,0.91,1.2638,1,0.895,1.243,536,0
SPY190712C299,2019-07-11,2019-07-11 09:31:09,0.9,1.25,7,0.89,1.2361,70,0.91,1.2638,1,0.895,1.243,536,0
SPY190712C299,2019-07-11,2019-07-11 09:31:09,0.9,1.25,1,0.89,1.2361,84,0.91,1.2638,1,0.895,1.243,536,0
SPY190712C299,2019-07-11,2019-07-11 09:31:10,0.9,1.25,1,0.89,1.2361,51,0.91,1.2638,1,0.895,1.243,536,0
SPY190712C299,2019-07-11,2019-07-11 09:31:10,0.9,1.25,1,0.89,1.2361,81,0.91,1.2638,1,0.895,1.243,536,0
SPY190712C299,2019-07-11,2019-07-11 09:31:11,0.9,1.25,1,0.89,1.2361,31,0.91,1.2638,1,0.895,1.243,536,0
SPY190712C299,2019-07-11,2019-07-11 09:31:12,0.9,1.25,1,0.88,1.2222,149,0.91,1.2638,1,0.89,1.2361,536,0
SPY190712C299,2019-07-11,2019-07-11 09:31:13,0.91,1.2638,46,0.89,1.2361,190,0.89,1.2361,1,0.9,1.25,539,3
SPY190712C299,2019-07-11,2019-07-11 09:31:13,0.91,1.2638,46,0.89,1.2361,190,0.89,1.2361,1,0.9,1.25,539,0
SPY190712C299,2019-07-11,2019-07-11 09:31:14,0.91,1.2638,46,0.9,1.25,50,0.89,1.2361,1,0.905,1.2569,539,0
SPY190712C299,2019-07-11,2019-07-11 09:31:15,0.91,1.2638,46,0.9,1.25,91,0.9,1.25,10,0.905,1.2569,549,10
SPY190712C299,2019-07-11,2019-07-11 09:31:15,0.91,1.2638,46,0.9,1.25,91,0.89,1.2361,1,0.905,1.2569,539,0
SPY190712C299,2019-07-11,2019-07-11 09:31:16,0.91,1.2638,48,0.9,1.25,131,0.9,1.25,10,0.905,1.2569,549,0
SPY190712C299,2019-07-11,2019-07-11 09:31:17,0.91,1.2638,48,0.9,1.25,30,0.9,1.25,10,0.905,1.2569,549,0
SPY190712C299,2019-07-11,2019-07-11 09:31:17,0.91,1.2638,48,0.9,1.25,91,0.9,1.25,10,0.905,1.2569,549,0
SPY190712C299,2019-07-11,2019-07-11 09:31:18,0.9,1.25,422,0.88,1.2222,44,0.9,1.25,5,0.89,1.2361,554,5
SPY190712C299,2019-07-11,2019-07-11 09:31:19,0.89,1.2361,1,0.88,1.2222,42,0.9,1.25,5,0.885,1.2291,554,0
SPY190712C299,2019-07-11,2019-07-11 09:31:20,0.9,1.25,1,0.89,1.2361,62,0.9,1.25,5,0.895,1.243,554,0
SPY190712C299,2019-07-11,2019-07-11 09:31:20,0.91,1.2638,46,0.9,1.25,83,0.9,1.25,1,0.905,1.2569,555,1
SPY190712C299,2019-07-11,2019-07-11 09:31:21,0.91,1.2638,46,0.9,1.25,118,0.9,1.25,1,0.905,1.2569,555,0
SPY190712C299,2019-07-11,2019-07-11 09:31:22,0.91,1.2638,46,0.9,1.25,118,0.9,1.25,1,0.905,1.2569,555,0
SPY190712C299,2019-07-11,2019-07-11 09:31:22,0.91,1.2638,46,0.9,1.25,118,0.9,1.25,10,0.905,1.2569,565,10
SPY190712C299,2019-07-11,2019-07-11 09:31:23,0.91,1.2638,46,0.9,1.25,104,0.9,1.25,10,0.905,1.2569,565,0
SPY190712C299,2019-07-11,2019-07-11 09:31:24,0.91,1.2638,77,0.9,1.25,101,0.91,1.2638,5,0.905,1.2569,573,8
SPY190712C299,2019-07-11,2019-07-11 09:31:25,0.89,1.2361,462,0.87,1.2083,87,0.9,1.25,101,0.88,1.2222,674,0
SPY190712C299,2019-07-11,2019-07-11 09:31:25,0.89,1.2361,417,0.86,1.1944,106,0.9,1.25,101,0.875,1.2152,674,101
SPY190712C299,2019-07-11,2019-07-11 09:31:26,0.88,1.2222,1,0.87,1.2083,67,0.9,1.25,101,0.875,1.2152,674,0
SPY190712C299,2019-07-11,2019-07-11 09:31:26,0.89,1.2361,2,0.88,1.2222,30,0.9,1.25,101,0.885,1.2291,674,0
SPY190712C299,2019-07-11,2019-07-11 09:31:27,0.88,1.2222,2,0.87,1.2083,50,0.9,1.25,101,0.875,1.2152,674,0
SPY190712C299,2019-07-11,2019-07-11 09:31:28,0.88,1.2222,20,0.87,1.2083,24,0.9,1.25,101,0.875,1.2152,674,0
SPY190712C299,2019-07-11,2019-07-11 09:31:28,0.88,1.2222,2,0.86,1.1944,47,0.9,1.25,101,0.87,1.2083,674,0
SPY190712C299,2019-07-11,2019-07-11 09:31:29,0.88,1.2222,366,0.86,1.1944,156,0.9,1.25,101,0.87,1.2083,674,0
SPY190712C299,2019-07-11,2019-07-11 09:31:29,0.88,1.2222,331,0.86,1.1944,155,0.9,1.25,101,0.87,1.2083,674,0
SPY190712C299,2019-07-11,2019-07-11 09:31:30,0.87,1.2083,7,0.85,1.1805,98,0.9,1.25,101,0.86,1.1944,674,0
SPY190712C299,2019-07-11,2019-07-11 09:31:30,0.88,1.2222,366,0.86,1.1944,47,0.9,1.25,101,0.87,1.2083,674,0
SPY190712C299,2019-07-11,2019-07-11 09:31:31,0.87,1.2083,8,0.85,1.1805,133,0.9,1.25,101,0.86,1.1944,674,0
SPY190712C299,2019-07-11,2019-07-11 09:31:32,0.86,1.1944,7,0.85,1.1805,68,0.9,1.25,101,0.855,1.1875,674,0
SPY190712C299,2019-07-11,2019-07-11 09:31:32,0.87,1.2083,74,0.85,1.1805,133,0.9,1.25,101,0.86,1.1944,674,0
SPY190712C299,2019-07-11,2019-07-11 09:31:33,0.87,1.2083,429,0.84,1.1666,138,0.9,1.25,101,0.855,1.1875,674,0
SPY190712C299,2019-07-11,2019-07-11 09:31:33,0.87,1.2083,376,0.85,1.1805,61,0.9,1.25,101,0.86,1.1944,674,0
SPY190712C299,2019-07-11,2019-07-11 09:31:34,0.87,1.2083,6,0.86,1.1944,82,0.86,1.1944,3,0.865,1.2013,680,6
SPY190712C299,2019-07-11,2019-07-11 09:31:34,0.88,1.2222,9,0.86,1.1944,82,0.86,1.1944,3,0.87,1.2083,680,0
SPY190712C299,2019-07-11,2019-07-11 09:31:35,0.88,1.2222,9,0.86,1.1944,176,0.86,1.1944,3,0.87,1.2083,680,0
SPY190712C299,2019-07-11,2019-07-11 09:31:36,0.88,1.2222,1,0.87,1.2083,10,0.87,1.2083,2,0.875,1.2152,682,2
SPY190712C299,2019-07-11,2019-07-11 09:31:36,0.88,1.2222,9,0.86,1.1944,176,0.86,1.1944,3,0.87,1.2083,680,0
SPY190712C299,2019-07-11,2019-07-11 09:31:37,0.89,1.2361,429,0.87,1.2083,73,0.88,1.2222,2,0.88,1.2222,684,2
SPY190712C299,2019-07-11,2019-07-11 09:31:37,0.89,1.2361,93,0.88,1.2222,7,0.88,1.2222,2,0.885,1.2291,684,0
SPY190712C299,2019-07-11,2019-07-11 09:31:38,0.9,1.25,50,0.88,1.2222,10,0.88,1.2222,8,0.89,1.2361,703,19
SPY190712C299,2019-07-11,2019-07-11 09:31:39,0.9,1.25,100,0.89,1.2361,1,0.89,1.2361,1,0.895,1.243,704,1
SPY190712C299,2019-07-11,2019-07-11 09:31:39,0.91,1.2638,56,0.89,1.2361,32,0.89,1.2361,1,0.9,1.25,704,0
SPY190712C299,2019-07-11,2019-07-11 09:31:40,0.91,1.2638,148,0.89,1.2361,49,0.89,1.2361,1,0.9,1.25,704,0
SPY190712C299,2019-07-11,2019-07-11 09:31:40,0.91,1.2638,186,0.89,1.2361,49,0.89,1.2361,1,0.9,1.25,704,0
SPY190712C299,2019-07-11,2019-07-11 09:31:41,0.89,1.2361,1,0.88,1.2222,41,0.89,1.2361,1,0.885,1.2291,704,0
SPY190712C299,2019-07-11,2019-07-11 09:31:41,0.91,1.2638,148,0.89,1.2361,49,0.89,1.2361,1,0.9,1.25,704,0
SPY190712C299,2019-07-11,2019-07-11 09:31:42,0.9,1.25,1,0.89,1.2361,7,0.89,1.2361,1,0.895,1.243,705,1
SPY190712C299,2019-07-11,2019-07-11 09:31:43,0.9,1.25,1,0.89,1.2361,30,0.89,1.2361,1,0.895,1.243,705,0
SPY190712C299,2019-07-11,2019-07-11 09:31:43,0.9,1.25,48,0.89,1.2361,10,0.89,1.2361,1,0.895,1.243,705,0
SPY190712C299,2019-07-11,2019-07-11 09:31:44,0.9,1.25,237,0.87,1.2083,237,0.89,1.2361,1,0.885,1.2291,705,0
SPY190712C299,2019-07-11,2019-07-11 09:31:44,0.9,1.25,101,0.88,1.2222,10,0.89,1.2361,1,0.89,1.2361,705,0
SPY190712C299,2019-07-11,2019-07-11 09:31:45,0.9,1.25,1,0.89,1.2361,7,0.88,1.2222,1,0.895,1.243,706,1
SPY190712C299,2019-07-11,2019-07-11 09:31:45,0.9,1.25,97,0.88,1.2222,47,0.88,1.2222,1,0.89,1.2361,706,0
SPY190712C299,2019-07-11,2019-07-11 09:31:46,0.9,1.25,1,0.89,1.2361,8,0.89,1.2361,45,0.895,1.243,763,57
SPY190712C299,2019-07-11,2019-07-11 09:31:47,0.9,1.25,1,0.89,1.2361,28,0.89,1.2361,45,0.895,1.243,763,0
SPY190712C299,2019-07-11,2019-07-11 09:31:48,0.91,1.2638,139,0.89,1.2361,42,0.9,1.25,1,0.9,1.25,764,1
SPY190712C299,2019-07-11,2019-07-11 09:31:48,0.91,1.2638,139,0.89,1.2361,43,0.9,1.25,1,0.9,1.25,764,0
SPY190712C299,2019-07-11,2019-07-11 09:31:49,0.91,1.2638,20,0.89,1.2361,44,0.9,1.25,1,0.9,1.25,764,0
SPY190712C299,2019-07-11,2019-07-11 09:31:50,0.91,1.2638,63,0.9,1.25,49,0.9,1.25,1,0.905,1.2569,764,0
SPY190712C299,2019-07-11,2019-07-11 09:31:50,0.91,1.2638,63,0.9,1.25,41,0.9,1.25,1,0.905,1.2569,764,0
SPY190712C299,2019-07-11,2019-07-11 09:31:51,0.91,1.2638,63,0.9,1.25,41,0.9,1.25,1,0.905,1.2569,764,0
SPY190712C299,2019-07-11,2019-07-11 09:31:52,0.91,1.2638,20,0.9,1.25,32,0.9,1.25,1,0.905,1.2569,764,0
SPY190712C299,2019-07-11,2019-07-11 09:31:52,0.91,1.2638,20,0.9,1.25,92,0.9,1.25,1,0.905,1.2569,764,0
SPY190712C299,2019-07-11,2019-07-11 09:31:53,0.91,1.2638,51,0.9,1.25,81,0.91,1.2638,22,0.905,1.2569,789,25
SPY190712C299,2019-07-11,2019-07-11 09:31:54,0.91,1.2638,20,0.9,1.25,94,0.91,1.2638,22,0.905,1.2569,789,0
SPY190712C299,2019-07-11,2019-07-11 09:31:55,0.92,1.2777,91,0.91,1.2638,1,0.91,1.2638,1,0.915,1.2708,810,21
SPY190712C299,2019-07-11,2019-07-11 09:31:55,0.91,1.2638,20,0.9,1.25,98,0.91,1.2638,22,0.905,1.2569,789,0
SPY190712C299,2019-07-11,2019-07-11 09:31:56,0.91,1.2638,5,0.9,1.25,46,0.91,1.2638,1,0.905,1.2569,810,0
SPY190712C299,2019-07-11,2019-07-11 09:31:56,0.91,1.2638,96,0.9,1.25,46,0.91,1.2638,1,0.905,1.2569,810,0
SPY190712C299,2019-07-11,2019-07-11 09:31:57,0.91,1.2638,96,0.9,1.25,46,0.91,1.2638,1,0.905,1.2569,810,0
SPY190712C299,2019-07-11,2019-07-11 09:31:58,0.92,1.2777,136,0.9,1.25,86,0.91,1.2638,1,0.91,1.2638,810,0
SPY190712C299,2019-07-11,2019-07-11 09:31:59,0.92,1.2777,100,0.9,1.25,86,0.92,1.2777,6,0.91,1.2638,816,6
SPY190712C299,2019-07-11,2019-07-11 09:31:59,0.92,1.2777,136,0.9,1.25,84,0.91,1.2638,1,0.91,1.2638,810,0
SPY190712C299,2019-07-11,2019-07-11 09:32:00,0.91,1.2638,1,0.9,1.25,46,0.9,1.25,1,0.905,1.2569,817,1
SPY190712C299,2019-07-11,2019-07-11 09:32:01,0.91,1.2638,1,0.9,1.25,51,0.9,1.25,1,0.905,1.2569,817,0
SPY190712C299,2019-07-11,2019-07-11 09:32:01,0.91,1.2638,41,0.9,1.25,46,0.9,1.25,1,0.905,1.2569,817,0
SPY190712C299,2019-07-11,2019-07-11 09:32:02,0.9,1.25,7,0.89,1.2361,1,0.9,1.25,46,0.895,1.243,863,46
SPY190712C299,2019-07-11,2019-07-11 09:32:03,0.9,1.25,96,0.89,1.2361,1,0.9,1.25,46,0.895,1.243,863,0
SPY190712C299,2019-07-11,2019-07-11 09:32:03,0.9,1.25,96,0.89,1.2361,1,0.9,1.25,1,0.895,1.243,864,1
SPY190712C299,2019-07-11,2019-07-11 09:32:04,0.91,1.2638,6,0.89,1.2361,143,0.9,1.25,1,0.9,1.25,864,0
SPY190712C299,2019-07-11,2019-07-11 09:32:04,0.91,1.2638,7,0.89,1.2361,117,0.9,1.25,1,0.9,1.25,864,0
SPY190712C299,2019-07-11,2019-07-11 09:32:05,0.9,1.25,7,0.89,1.2361,1,0.89,1.2361,1,0.895,1.243,865,1
SPY190712C299,2019-07-11,2019-07-11 09:32:05,0.91,1.2638,7,0.89,1.2361,89,0.9,1.25,1,0.9,1.25,864,0
SPY190712C299,2019-07-11,2019-07-11 09:32:06,0.9,1.25,7,0.89,1.2361,1,0.89,1.2361,1,0.895,1.243,865,0
SPY190712C299,2019-07-11,2019-07-11 09:32:06,0.89,1.2361,9,0.89,1.2361,1,0.89,1.2361,1,0.89,1.2361,865,0
SPY190712C299,2019-07-11,2019-07-11 09:32:07,0.89,1.2361,15,0.87,1.2083,30,0.89,1.2361,1,0.88,1.2222,865,0
SPY190712C299,2019-07-11,2019-07-11 09:32:08,0.88,1.2222,6,0.86,1.1944,173,0.89,1.2361,1,0.87,1.2083,865,0
SPY190712C299,2019-07-11,2019-07-11 09:32:08,0.88,1.2222,1,0.87,1.2083,75,0.89,1.2361,1,0.875,1.2152,865,0
SPY190712C299,2019-07-11,2019-07-11 09:32:09,0.88,1.2222,7,0.87,1.2083,1,0.87,1.2083,75,0.875,1.2152,940,75
SPY190712C299,2019-07-11,2019-07-11 09:32:10,0.88,1.2222,4,0.86,1.1944,78,0.87,1.2083,75,0.87,1.2083,940,0
SPY190712C299,2019-07-11,2019-07-11 09:32:10,0.88,1.2222,30,0.87,1.2083,40,0.87,1.2083,75,0.875,1.2152,940,0
SPY190712C299,2019-07-11,2019-07-11 09:32:11,0.88,1.2222,7,0.87,1.2083,42,0.87,1.2083,75,0.875,1.2152,940,0
SPY190712C299,2019-07-11,2019-07-11 09:32:12,0.88,1.2222,7,0.87,1.2083,42,0.87,1.2083,75,0.875,1.2152,940,0
SPY190712C299,2019-07-11,2019-07-11 09:32:12,0.88,1.2222,7,0.87,1.2083,44,0.87,1.2083,75,0.875,1.2152,940,0
SPY190712C299,2019-07-11,2019-07-11 09:32:13,0.88,1.2222,30,0.87,1.2083,27,0.87,1.2083,75,0.875,1.2152,940,0
SPY190712C299,2019-07-11,2019-07-11 09:32:13,0.87,1.2083,7,0.86,1.1944,34,0.87,1.2083,75,0.865,1.2013,940,0
SPY190712C299,2019-07-11,2019-07-11 09:32:14,0.88,1.2222,93,0.86,1.1944,33,0.87,1.2083,75,0.87,1.2083,940,0
SPY190712C299,2019-07-11,2019-07-11 09:32:15,0.88,1.2222,151,0.86,1.1944,33,0.87,1.2083,75,0.87,1.2083,940,0
SPY190712C299,2019-07-11,2019-07-11 09:32:15,0.87,1.2083,100,0.85,1.1805,75,0.87,1.2083,75,0.86,1.1944,940,0
SPY190712C299,2019-07-11,2019-07-11 09:32:16,0.86,1.1944,6,0.85,1.1805,62,0.87,1.2083,75,0.855,1.1875,940,0
SPY190712C299,2019-07-11,2019-07-11 09:32:17,0.86,1.1944,93,0.85,1.1805,62,0.87,1.2083,75,0.855,1.1875,940,0
SPY190712C299,2019-07-11,2019-07-11 09:32:17,0.86,1.1944,105,0.85,1.1805,25,0.87,1.2083,75,0.855,1.1875,940,0
SPY190712C299,2019-07-11,2019-07-11 09:32:18,0.84,1.1666,7,0.83,1.1527,28,0.86,1.1944,4,0.835,1.1597,989,4
SPY190712C299,2019-07-11,2019-07-11 09:32:18,0.85,1.1805,1,0.84,1.1666,40,0.85,1.1805,25,0.845,1.1736,985,45
SPY190712C299,2019-07-11,2019-07-11 09:32:19,0.84,1.1666,1,0.82,1.1388,108,0.86,1.1944,4,0.83,1.1527,989,0
SPY190712C299,2019-07-11,2019-07-11 09:32:19,0.84,1.1666,1,0.83,1.1527,7,0.86,1.1944,4,0.835,1.1597,989,0
SPY190712C299,2019-07-11,2019-07-11 09:32:20,0.84,1.1666,90,0.82,1.1388,10,0.84,1.1666,1,0.83,1.1527,990,1
SPY190712C299,2019-07-11,2019-07-11 09:32:21,0.84,1.1666,12,0.82,1.1388,26,0.82,1.1388,6,0.83,1.1527,996,0
SPY190712C299,2019-07-11,2019-07-11 09:32:21,0.83,1.1527,40,0.82,1.1388,28,0.82,1.1388,6,0.825,1.1458,996,6
SPY190712C299,2019-07-11,2019-07-11 09:32:22,0.83,1.1527,92,0.81,1.125,40,0.82,1.1388,6,0.82,1.1388,996,0
SPY190712C299,2019-07-11,2019-07-11 09:32:23,0.82,1.1388,139,0.8,1.1111,40,0.82,1.1388,1,0.81,1.125,997,1
SPY190712C299,2019-07-11,2019-07-11 09:32:23,0.83,1.1527,92,0.81,1.125,40,0.82,1.1388,6,0.82,1.1388,996,0
SPY190712C299,2019-07-11,2019-07-11 09:32:24,0.82,1.1388,99,0.8,1.1111,40,0.82,1.1388,1,0.81,1.125,997,0
SPY190712C299,2019-07-11,2019-07-11 09:32:24,0.82,1.1388,65,0.8,1.1111,91,0.82,1.1388,3,0.81,1.125,1000,3
SPY190712C299,2019-07-11,2019-07-11 09:32:25,0.82,1.1388,115,0.8,1.1111,81,0.82,1.1388,3,0.81,1.125,1000,0
SPY190712C299,2019-07-11,2019-07-11 09:32:26,0.82,1.1388,85,0.8,1.1111,12,0.82,1.1388,3,0.81,1.125,1000,0
SPY190712C299,2019-07-11,2019-07-11 09:32:26,0.82,1.1388,85,0.8,1.1111,50,0.82,1.1388,3,0.81,1.125,1000,0
SPY190712C299,2019-07-11,2019-07-11 09:32:27,0.82,1.1388,76,0.8,1.1111,60,0.8,1.1111,4,0.81,1.125,1004,4
SPY190712C299,2019-07-11,2019-07-11 09:32:27,0.82,1.1388,117,0.8,1.1111,99,0.8,1.1111,4,0.81,1.125,1004,0
SPY190712C299,2019-07-11,2019-07-11 09:32:28,0.82,1.1388,63,0.8,1.1111,99,0.8,1.1111,4,0.81,1.125,1004,0
SPY190712C299,2019-07-11,2019-07-11 09:32:29,0.82,1.1388,63,0.8,1.1111,99,0.8,1.1111,4,0.81,1.125,1004,0
SPY190712C299,2019-07-11,2019-07-11 09:32:30,0.84,1.1666,102,0.82,1.1388,39,0.82,1.1388,1,0.83,1.1527,1035,31
SPY190712C299,2019-07-11,2019-07-11 09:32:30,0.85,1.1805,103,0.84,1.1666,36,0.82,1.1388,1,0.845,1.1736,1037,2
SPY190712C299,2019-07-11,2019-07-11 09:32:31,0.86,1.1944,1,0.85,1.1805,48,0.85,1.1805,1,0.855,1.1875,1039,2
SPY190712C299,2019-07-11,2019-07-11 09:32:32,0.86,1.1944,1,0.85,1.1805,76,0.85,1.1805,1,0.855,1.1875,1039,0
SPY190712C299,2019-07-11,2019-07-11 09:32:32,0.86,1.1944,1,0.85,1.1805,62,0.85,1.1805,1,0.855,1.1875,1039,0
SPY190712C299,2019-07-11,2019-07-11 09:32:33,0.86,1.1944,1,0.85,1.1805,76,0.85,1.1805,1,0.855,1.1875,1039,0
SPY190712C299,2019-07-11,2019-07-11 09:32:33,0.86,1.1944,1,0.85,1.1805,75,0.85,1.1805,1,0.855,1.1875,1039,0
SPY190712C299,2019-07-11,2019-07-11 09:32:34,0.85,1.1805,6,0.84,1.1666,10,0.85,1.1805,1,0.845,1.1736,1039,0
SPY190712C299,2019-07-11,2019-07-11 09:32:34,0.86,1.1944,6,0.85,1.1805,67,0.85,1.1805,1,0.855,1.1875,1039,0
SPY190712C299,2019-07-11,2019-07-11 09:32:35,0.85,1.1805,138,0.83,1.1527,90,0.85,1.1805,1,0.84,1.1666,1039,0
SPY190712C299,2019-07-11,2019-07-11 09:32:36,0.84,1.1666,7,0.82,1.1388,19,0.85,1.1805,1,0.83,1.1527,1039,0
SPY190712C299,2019-07-11,2019-07-11 09:32:36,0.84,1.1666,7,0.82,1.1388,89,0.85,1.1805,1,0.83,1.1527,1039,0
SPY190712C299,2019-07-11,2019-07-11 09:32:37,0.85,1.1805,6,0.83,1.1527,46,0.85,1.1805,1,0.84,1.1666,1039,0
SPY190712C299,2019-07-11,2019-07-11 09:32:38,0.85,1.1805,12,0.82,1.1388,81,0.85,1.1805,1,0.835,1.1597,1039,0
SPY190712C299,2019-07-11,2019-07-11 09:32:38,0.85,1.1805,7,0.83,1.1527,76,0.85,1.1805,1,0.84,1.1666,1039,0
SPY190712C299,2019-07-11,2019-07-11 09:32:39,0.85,1.1805,12,0.82,1.1388,69,0.85,1.1805,1,0.835,1.1597,1039,0
SPY190712C299,2019-07-11,2019-07-11 09:32:40,0.85,1.1805,141,0.83,1.1527,48,0.85,1.1805,1,0.84,1.1666,1039,0
SPY190712C299,2019-07-11,2019-07-11 09:32:41,0.84,1.1666,1,0.83,1.1527,1,0.83,1.1527,2,0.835,1.1597,1044,0
SPY190712C299,2019-07-11,2019-07-11 09:32:41,0.84,1.1666,1,0.82,1.1388,95,0.83,1.1527,2,0.83,1.1527,1044,5
SPY190712C299,2019-07-11,2019-07-11 09:32:42,0.84,1.1666,1,0.82,1.1388,72,0.83,1.1527,2,0.83,1.1527,1044,0
SPY190712C299,2019-07-11,2019-07-11 09:32:43,0.84,1.1666,1,0.82,1.1388,52,0.82,1.1388,1,0.83,1.1527,1045,1
SPY190712C299,2019-07-11,2019-07-11 09:32:43,0.85,1.1805,101,0.83,1.1527,45,0.85,1.1805,2,0.84,1.1666,1051,6
SPY190712C299,2019-07-11,2019-07-11 09:32:44,0.85,1.1805,151,0.83,1.1527,83,0.83,1.1527,1,0.84,1.1666,1052,1
SPY190712C299,2019-07-11,2019-07-11 09:32:44,0.85,1.1805,6,0.83,1.1527,62,0.85,1.1805,2,0.84,1.1666,1051,0
SPY190712C299,2019-07-11,2019-07-11 09:32:45,0.84,1.1666,7,0.83,1.1527,8,0.83,1.1527,1,0.835,1.1597,1052,0
SPY190712C299,2019-07-11,2019-07-11 09:32:45,0.84,1.1666,1,0.83,1.1527,8,0.83,1.1527,1,0.835,1.1597,1052,0
SPY190712C299,2019-07-11,2019-07-11 09:32:46,0.84,1.1666,7,0.82,1.1388,53,0.84,1.1666,5,0.83,1.1527,1062,10
SPY190712C299,2019-07-11,2019-07-11 09:32:47,0.83,1.1527,1,0.81,1.125,235,0.84,1.1666,11,0.82,1.1388,1098,36
SPY190712C299,2019-07-11,2019-07-11 09:32:47,0.83,1.1527,7,0.82,1.1388,53,0.84,1.1666,5,0.825,1.1458,1062,0
SPY190712C299,2019-07-11,2019-07-11 09:32:48,0.83,1.1527,2,0.81,1.125,360,0.82,1.1388,1,0.82,1.1388,1102,4
SPY190712C299,2019-07-11,2019-07-11 09:32:48,0.83,1.1527,2,0.82,1.1388,48,0.82,1.1388,1,0.825,1.1458,1102,0
SPY190712C299,2019-07-11,2019-07-11 09:32:49,0.83,1.1527,2,0.82,1.1388,50,0.82,1.1388,1,0.825,1.1458,1102,0
SPY190712C299,2019-07-11,2019-07-11 09:32:49,0.83,1.1527,2,0.82,1.1388,209,0.82,1.1388,1,0.825,1.1458,1102,0
SPY190712C299,2019-07-11,2019-07-11 09:32:50,0.83,1.1527,2,0.82,1.1388,73,0.82,1.1388,1,0.825,1.1458,1102,0
SPY190712C299,2019-07-11,2019-07-11 09:32:51,0.83,1.1527,2,0.82,1.1388,74,0.82,1.1388,1,0.825,1.1458,1102,0
SPY190712C299,2019-07-11,2019-07-11 09:32:52,0.83,1.1527,2,0.82,1.1388,132,0.82,1.1388,1,0.825,1.1458,1102,0
SPY190712C299,2019-07-11,2019-07-11 09:32:53,0.83,1.1527,2,0.82,1.1388,101,0.83,1.1527,1,0.825,1.1458,1103,0
SPY190712C299,2019-07-11,2019-07-11 09:32:53,0.83,1.1527,2,0.82,1.1388,145,0.83,1.1527,1,0.825,1.1458,1103,1
SPY190712C299,2019-07-11,2019-07-11 09:32:54,0.85,1.1805,100,0.83,1.1527,40,0.83,1.1527,2,0.84,1.1666,1106,3
SPY190712C299,2019-07-11,2019-07-11 09:32:54,0.85,1.1805,7,0.83,1.1527,73,0.83,1.1527,5,0.84,1.1666,1115,9
SPY190712C299,2019-07-11,2019-07-11 09:32:55,0.85,1.1805,7,0.83,1.1527,73,0.83,1.1527,5,0.84,1.1666,1115,0
SPY190712C299,2019-07-11,2019-07-11 09:32:56,0.85,1.1805,1,0.83,1.1527,152,0.83,1.1527,5,0.84,1.1666,1115,0
SPY190712C299,2019-07-11,2019-07-11 09:32:56,0.85,1.1805,7,0.83,1.1527,210,0.83,1.1527,5,0.84,1.1666,1115,0
SPY190712C299,2019-07-11,2019-07-11 09:32:57,0.86,1.1944,145,0.84,1.1666,40,0.83,1.1527,5,0.85,1.1805,1115,0
SPY190712C299,2019-07-11,2019-07-11 09:32:58,0.85,1.1805,5,0.84,1.1666,15,0.85,1.1805,5,0.845,1.1736,1208,93
SPY190712C299,2019-07-11,2019-07-11 09:32:58,0.86,1.1944,155,0.84,1.1666,15,0.83,1.1527,5,0.85,1.1805,1115,0
SPY190712C299,2019-07-11,2019-07-11 09:32:59,0.85,1.1805,6,0.83,1.1527,6,0.85,1.1805,98,0.84,1.1666,1403,195
SPY190712C299,2019-07-11,2019-07-11 09:33:00,0.84,1.1666,1,0.82,1.1388,187,0.85,1.1805,1,0.83,1.1527,1404,1
SPY190712C299,2019-07-11,2019-07-11 09:33:00,0.84,1.1666,1,0.82,1.1388,202,0.85,1.1805,1,0.83,1.1527,1404,0
SPY190712C299,2019-07-11,2019-07-11 09:33:01,0.85,1.1805,41,0.83,1.1527,124,0.85,1.1805,1,0.84,1.1666,1404,0
SPY190712C299,2019-07-11,2019-07-11 09:33:01,0.85,1.1805,1,0.83,1.1527,124,0.85,1.1805,1,0.84,1.1666,1404,0
SPY190712C299,2019-07-11,2019-07-11 09:33:02,0.86,1.1944,5,0.85,1.1805,140,0.85,1.1805,1,0.855,1.1875,1421,0
SPY190712C299,2019-07-11,2019-07-11 09:33:02,0.86,1.1944,5,0.84,1.1666,86,0.85,1.1805,1,0.85,1.1805,1421,17
SPY190712C299,2019-07-11,2019-07-11 09:33:03,0.86,1.1944,5,0.85,1.1805,84,0.85,1.1805,1,0.855,1.1875,1421,0
SPY190712C299,2019-07-11,2019-07-11 09:33:04,0.86,1.1944,5,0.85,1.1805,48,0.85,1.1805,1,0.855,1.1875,1421,0
SPY190712C299,2019-07-11,2019-07-11 09:33:04,0.88,1.2222,1,0.86,1.1944,56,0.86,1.1944,5,0.87,1.2083,1431,10
SPY190712C299,2019-07-11,2019-07-11 09:33:05,0.88,1.2222,1,0.86,1.1944,65,0.86,1.1944,5,0.87,1.2083,1431,0
SPY190712C299,2019-07-11,2019-07-11 09:33:05,0.88,1.2222,1,0.86,1.1944,3,0.88,1.2222,1,0.87,1.2083,1432,1
SPY190712C299,2019-07-11,2019-07-11 09:33:06,0.86,1.1944,48,0.85,1.1805,48,0.88,1.2222,1,0.855,1.1875,1432,0
SPY190712C299,2019-07-11,2019-07-11 09:33:06,0.86,1.1944,5,0.85,1.1805,48,0.88,1.2222,1,0.855,1.1875,1432,0
SPY190712C299,2019-07-11,2019-07-11 09:33:07,0.86,1.1944,48,0.85,1.1805,48,0.88,1.2222,1,0.855,1.1875,1432,0
SPY190712C299,2019-07-11,2019-07-11 09:33:08,0.86,1.1944,5,0.85,1.1805,87,0.85,1.1805,10,0.855,1.1875,1442,0
SPY190712C299,2019-07-11,2019-07-11 09:33:08,0.87,1.2083,60,0.85,1.1805,48,0.85,1.1805,10,0.86,1.1944,1442,10
SPY190712C299,2019-07-11,2019-07-11 09:33:09,0.86,1.1944,22,0.85,1.1805,87,0.85,1.1805,10,0.855,1.1875,1442,0
SPY190712C299,2019-07-11,2019-07-11 09:33:10,0.86,1.1944,68,0.85,1.1805,48,0.85,1.1805,10,0.855,1.1875,1442,0
SPY190712C299,2019-07-11,2019-07-11 09:33:10,0.86,1.1944,50,0.85,1.1805,87,0.85,1.1805,10,0.855,1.1875,1442,0
SPY190712C299,2019-07-11,2019-07-11 09:33:11,0.86,1.1944,45,0.85,1.1805,84,0.85,1.1805,10,0.855,1.1875,1442,0
SPY190712C299,2019-07-11,2019-07-11 09:33:12,0.86,1.1944,5,0.85,1.1805,48,0.85,1.1805,10,0.855,1.1875,1442,0
SPY190712C299,2019-07-11,2019-07-11 09:33:12,0.86,1.1944,45,0.85,1.1805,84,0.85,1.1805,10,0.855,1.1875,1442,0
SPY190712C299,2019-07-11,2019-07-11 09:33:13,0.86,1.1944,50,0.85,1.1805,89,0.85,1.1805,10,0.855,1.1875,1442,0
SPY190712C299,2019-07-11,2019-07-11 09:33:14,0.86,1.1944,100,0.85,1.1805,89,0.85,1.1805,10,0.855,1.1875,1442,0
SPY190712C299,2019-07-11,2019-07-11 09:33:14,0.86,1.1944,50,0.85,1.1805,89,0.85,1.1805,10,0.855,1.1875,1442,0
SPY190712C299,2019-07-11,2019-07-11 09:33:15,0.86,1.1944,90,0.84,1.1666,7,0.85,1.1805,48,0.85,1.1805,1501,0
SPY190712C299,2019-07-11,2019-07-11 09:33:15,0.85,1.1805,40,0.84,1.1666,7,0.85,1.1805,48,0.845,1.1736,1501,59
SPY190712C299,2019-07-11,2019-07-11 09:33:16,0.85,1.1805,7,0.83,1.1527,99,0.85,1.1805,48,0.84,1.1666,1501,0
SPY190712C299,2019-07-11,2019-07-11 09:33:17,0.85,1.1805,67,0.84,1.1666,2,0.85,1.1805,48,0.845,1.1736,1501,0
SPY190712C299,2019-07-11,2019-07-11 09:33:17,0.85,1.1805,47,0.84,1.1666,2,0.85,1.1805,48,0.845,1.1736,1501,0
SPY190712C299,2019-07-11,2019-07-11 09:33:18,0.85,1.1805,67,0.84,1.1666,2,0.85,1.1805,48,0.845,1.1736,1501,0
SPY190712C299,2019-07-11,2019-07-11 09:33:18,0.85,1.1805,66,0.84,1.1666,2,0.85,1.1805,48,0.845,1.1736,1501,0
SPY190712C299,2019-07-11,2019-07-11 09:33:19,0.84,1.1666,67,0.83,1.1527,30,0.84,1.1666,2,0.835,1.1597,1503,0
SPY190712C299,2019-07-11,2019-07-11 09:33:19,0.85,1.1805,67,0.84,1.1666,2,0.84,1.1666,2,0.845,1.1736,1503,2
SPY190712C299,2019-07-11,2019-07-11 09:33:20,0.85,1.1805,67,0.83,1.1527,102,0.84,1.1666,2,0.84,1.1666,1503,0
SPY190712C299,2019-07-11,2019-07-11 09:33:21,0.85,1.1805,46,0.83,1.1527,99,0.84,1.1666,2,0.84,1.1666,1503,0
SPY190712C299,2019-07-11,2019-07-11 09:33:21,0.85,1.1805,66,0.83,1.1527,101,0.84,1.1666,2,0.84,1.1666,1503,0
SPY190712C299,2019-07-11,2019-07-11 09:33:22,0.84,1.1666,2,0.83,1.1527,30,0.84,1.1666,2,0.835,1.1597,1503,0
SPY190712C299,2019-07-11,2019-07-11 09:33:23,0.84,1.1666,2,0.83,1.1527,101,0.84,1.1666,2,0.835,1.1597,1503,0
SPY190712C299,2019-07-11,2019-07-11 09:33:24,0.84,1.1666,6,0.83,1.1527,57,0.84,1.1666,2,0.835,1.1597,1503,0
SPY190712C299,2019-07-11,2019-07-11 09:33:24,0.84,1.1666,2,0.83,1.1527,95,0.84,1.1666,2,0.835,1.1597,1503,0
SPY190712C299,2019-07-11,2019-07-11 09:33:25,0.84,1.1666,48,0.83,1.1527,30,0.84,1.1666,2,0.835,1.1597,1503,0
SPY190712C299,2019-07-11,2019-07-11 09:33:25,0.84,1.1666,73,0.83,1.1527,30,0.84,1.1666,2,0.835,1.1597,1503,0
SPY190712C299,2019-07-11,2019-07-11 09:33:26,0.84,1.1666,48,0.83,1.1527,30,0.84,1.1666,2,0.835,1.1597,1503,0
SPY190712C299,2019-07-11,2019-07-11 09:33:27,0.84,1.1666,48,0.83,1.1527,30,0.84,1.1666,2,0.835,1.1597,1503,0
SPY190712C299,2019-07-11,2019-07-11 09:33:27,0.84,1.1666,83,0.83,1.1527,30,0.84,1.1666,2,0.835,1.1597,1503,0
SPY190712C299,2019-07-11,2019-07-11 09:33:28,0.84,1.1666,83,0.83,1.1527,30,0.84,1.1666,2,0.835,1.1597,1503,0
SPY190712C299,2019-07-11,2019-07-11 09:33:29,0.84,1.1666,99,0.83,1.1527,30,0.84,1.1666,2,0.835,1.1597,1503,0
SPY190712C299,2019-07-11,2019-07-11 09:33:29,0.83,1.1527,18,0.82,1.1388,13,0.82,1.1388,1,0.825,1.1458,1537,34
SPY190712C299,2019-07-11,2019-07-11 09:33:30,0.83,1.1527,18,0.82,1.1388,17,0.82,1.1388,1,0.825,1.1458,1537,0
SPY190712C299,2019-07-11,2019-07-11 09:33:31,0.83,1.1527,85,0.82,1.1388,25,0.82,1.1388,1,0.825,1.1458,1537,0
SPY190712C299,2019-07-11,2019-07-11 09:33:31,0.83,1.1527,50,0.82,1.1388,39,0.82,1.1388,1,0.825,1.1458,1537,0
SPY190712C299,2019-07-11,2019-07-11 09:33:32,0.83,1.1527,50,0.82,1.1388,40,0.82,1.1388,1,0.825,1.1458,1537,0
SPY190712C299,2019-07-11,2019-07-11 09:33:33,0.82,1.1388,20,0.81,1.125,32,0.82,1.1388,1,0.815,1.1319,1537,0
SPY190712C299,2019-07-11,2019-07-11 09:33:33,0.82,1.1388,20,0.81,1.125,59,0.82,1.1388,1,0.815,1.1319,1537,0
SPY190712C299,2019-07-11,2019-07-11 09:33:34,0.82,1.1388,20,0.81,1.125,92,0.82,1.1388,1,0.815,1.1319,1537,0
SPY190712C299,2019-07-11,2019-07-11 09:33:35,0.82,1.1388,16,0.81,1.125,258,0.82,1.1388,2,0.815,1.1319,1543,6
SPY190712C299,2019-07-11,2019-07-11 09:33:35,0.82,1.1388,20,0.81,1.125,81,0.82,1.1388,1,0.815,1.1319,1537,0
SPY190712C299,2019-07-11,2019-07-11 09:33:36,0.84,1.1666,294,0.82,1.1388,36,0.82,1.1388,6,0.83,1.1527,1559,6
SPY190712C299,2019-07-11,2019-07-11 09:33:36,0.82,1.1388,6,0.81,1.125,400,0.82,1.1388,10,0.815,1.1319,1553,10
SPY190712C299,2019-07-11,2019-07-11 09:33:37,0.83,1.1527,21,0.82,1.1388,29,0.82,1.1388,5,0.825,1.1458,1564,5
SPY190712C299,2019-07-11,2019-07-11 09:33:38,0.83,1.1527,40,0.82,1.1388,96,0.82,1.1388,5,0.825,1.1458,1564,0
SPY190712C299,2019-07-11,2019-07-11 09:33:38,0.83,1.1527,40,0.82,1.1388,104,0.82,1.1388,5,0.825,1.1458,1564,0
SPY190712C299,2019-07-11,2019-07-11 09:33:39,0.83,1.1527,41,0.82,1.1388,37,0.82,1.1388,5,0.825,1.1458,1564,0
SPY190712C299,2019-07-11,2019-07-11 09:33:39,0.83,1.1527,41,0.82,1.1388,97,0.82,1.1388,5,0.825,1.1458,1564,0
SPY190712C299,2019-07-11,2019-07-11 09:33:40,0.83,1.1527,40,0.82,1.1388,56,0.82,1.1388,5,0.825,1.1458,1564,0
SPY190712C299,2019-07-11,2019-07-11 09:33:41,0.84,1.1666,44,0.83,1.1527,15,0.82,1.1388,5,0.835,1.1597,1569,5
SPY190712C299,2019-07-11,2019-07-11 09:33:41,0.83,1.1527,40,0.82,1.1388,67,0.82,1.1388,5,0.825,1.1458,1564,0
SPY190712C299,2019-07-11,2019-07-11 09:33:42,0.84,1.1666,83,0.83,1.1527,25,0.84,1.1666,1,0.835,1.1597,1570,1
SPY190712C299,2019-07-11,2019-07-11 09:33:42,0.84,1.1666,102,0.82,1.1388,39,0.84,1.1666,1,0.83,1.1527,1570,0
SPY190712C299,2019-07-11,2019-07-11 09:33:43,0.84,1.1666,5,0.83,1.1527,37,0.84,1.1666,1,0.835,1.1597,1570,0
SPY190712C299,2019-07-11,2019-07-11 09:33:44,0.84,1.1666,5,0.83,1.1527,61,0.84,1.1666,1,0.835,1.1597,1570,0
SPY190712C299,2019-07-11,2019-07-11 09:33:45,0.84,1.1666,107,0.83,1.1527,12,0.84,1.1666,1,0.835,1.1597,1570,0
SPY190712C299,2019-07-11,2019-07-11 09:33:45,0.84,1.1666,471,0.83,1.1527,13,0.84,1.1666,1,0.835,1.1597,1570,0
SPY190712C299,2019-07-11,2019-07-11 09:33:46,0.84,1.1666,483,0.82,1.1388,34,0.84,1.1666,1,0.83,1.1527,1570,0
SPY190712C299,2019-07-11,2019-07-11 09:33:46,0.84,1.1666,483,0.82,1.1388,61,0.84,1.1666,1,0.83,1.1527,1570,0
SPY190712C299,2019-07-11,2019-07-11 09:33:47,0.83,1.1527,438,0.82,1.1388,2,0.84,1.1666,1,0.825,1.1458,1570,0
SPY190712C299,2019-07-11,2019-07-11 09:33:47,0.84,1.1666,483,0.82,1.1388,57,0.84,1.1666,1,0.83,1.1527,1570,0
SPY190712C299,2019-07-11,2019-07-11 09:33:48,0.83,1.1527,478,0.82,1.1388,2,0.84,1.1666,1,0.825,1.1458,1570,0
SPY190712C299,2019-07-11,2019-07-11 09:33:49,0.83,1.1527,165,0.82,1.1388,2,0.84,1.1666,1,0.825,1.1458,1570,0
SPY190712C299,2019-07-11,2019-07-11 09:33:49,0.83,1.1527,435,0.82,1.1388,2,0.84,1.1666,1,0.825,1.1458,1570,0
SPY190712C299,2019-07-11,2019-07-11 09:33:50,0.83,1.1527,853,0.82,1.1388,2,0.83,1.1527,5,0.825,1.1458,1575,5
SPY190712C299,2019-07-11,2019-07-11 09:33:50,0.83,1.1527,508,0.82,1.1388,2,0.83,1.1527,5,0.825,1.1458,1575,0
SPY190712C299,2019-07-11,2019-07-11 09:33:51,0.82,1.1388,130,0.81,1.125,25,0.82,1.1388,2,0.815,1.1319,1577,2
SPY190712C299,2019-07-11,2019-07-11 09:33:52,0.82,1.1388,78,0.81,1.125,42,0.82,1.1388,2,0.815,1.1319,1577,0
SPY190712C299,2019-07-11,2019-07-11 09:33:52,0.82,1.1388,57,0.81,1.125,25,0.82,1.1388,2,0.815,1.1319,1577,0
SPY190712C299,2019-07-11,2019-07-11 09:33:53,0.81,1.125,27,0.8,1.1111,75,0.82,1.1388,2,0.805,1.118,1577,0
SPY190712C299,2019-07-11,2019-07-11 09:33:53,0.81,1.125,8,0.8,1.1111,48,0.82,1.1388,2,0.805,1.118,1577,0
SPY190712C299,2019-07-11,2019-07-11 09:33:54,0.81,1.125,7,0.8,1.1111,2,0.82,1.1388,2,0.805,1.118,1577,0
SPY190712C299,2019-07-11,2019-07-11 09:33:55,0.8,1.1111,452,0.79,1.0972,25,0.78,1.0833,6,0.795,1.1041,1629,52
SPY190712C299,2019-07-11,2019-07-11 09:33:56,0.8,1.1111,1,0.79,1.0972,103,0.78,1.0833,6,0.795,1.1041,1629,0
SPY190712C299,2019-07-11,2019-07-11 09:33:56,0.8,1.1111,1,0.79,1.0972,153,0.78,1.0833,6,0.795,1.1041,1629,0
SPY190712C299,2019-07-11,2019-07-11 09:33:57,0.8,1.1111,1,0.79,1.0972,163,0.78,1.0833,6,0.795,1.1041,1629,0
SPY190712C299,2019-07-11,2019-07-11 09:33:58,0.81,1.125,23,0.8,1.1111,37,0.8,1.1111,2,0.805,1.118,1832,202
SPY190712C299,2019-07-11,2019-07-11 09:33:58,0.81,1.125,28,0.79,1.0972,163,0.8,1.1111,1,0.8,1.1111,1630,1
SPY190712C299,2019-07-11,2019-07-11 09:33:59,0.81,1.125,481,0.79,1.0972,110,0.8,1.1111,2,0.8,1.1111,1832,0
SPY190712C299,2019-07-11,2019-07-11 09:33:59,0.8,1.1111,27,0.79,1.0972,33,0.8,1.1111,2,0.795,1.1041,1832,0
SPY190712C299,2019-07-11,2019-07-11 09:34:00,0.81,1.125,422,0.79,1.0972,171,0.8,1.1111,2,0.8,1.1111,1832,0
SPY190712C299,2019-07-11,2019-07-11 09:34:01,0.82,1.1388,32,0.81,1.125,22,0.81,1.125,1,0.815,1.1319,1843,11
SPY190712C299,2019-07-11,2019-07-11 09:34:01,0.81,1.125,77,0.8,1.1111,29,0.8,1.1111,2,0.805,1.118,1832,0
SPY190712C299,2019-07-11,2019-07-11 09:34:02,0.82,1.1388,134,0.8,1.1111,161,0.81,1.125,1,0.81,1.125,1843,0
SPY190712C299,2019-07-11,2019-07-11 09:34:02,0.82,1.1388,27,0.81,1.125,22,0.81,1.125,1,0.815,1.1319,1843,0
SPY190712C299,2019-07-11,2019-07-11 09:34:03,0.83,1.1527,395,0.82,1.1388,24,0.81,1.125,1,0.825,1.1458,1843,0
SPY190712C299,2019-07-11,2019-07-11 09:34:04,0.84,1.1666,520,0.82,1.1388,59,0.81,1.125,1,0.83,1.1527,1843,0
SPY190712C299,2019-07-11,2019-07-11 09:34:04,0.83,1.1527,130,0.81,1.125,100,0.81,1.125,2,0.82,1.1388,1845,2
SPY190712C299,2019-07-11,2019-07-11 09:34:05,0.82,1.1388,27,0.81,1.125,37,0.81,1.125,1,0.815,1.1319,1846,1
SPY190712C299,2019-07-11,2019-07-11 09:34:05,0.83,1.1527,364,0.81,1.125,37,0.81,1.125,2,0.82,1.1388,1845,0
SPY190712C299,2019-07-11,2019-07-11 09:34:06,0.82,1.1388,50,0.81,1.125,26,0.81,1.125,1,0.815,1.1319,1846,0
SPY190712C299,2019-07-11,2019-07-11 09:34:07,0.82,1.1388,67,0.81,1.125,37,0.81,1.125,1,0.815,1.1319,1846,0
SPY190712C299,2019-07-11,2019-07-11 09:34:07,0.83,1.1527,526,0.81,1.125,23,0.81,1.125,1,0.82,1.1388,1846,0
SPY190712C299,2019-07-11,2019-07-11 09:34:08,0.84,1.1666,507,0.82,1.1388,83,0.82,1.1388,10,0.83,1.1527,1856,10
SPY190712C299,2019-07-11,2019-07-11 09:34:08,0.82,1.1388,27,0.81,1.125,38,0.81,1.125,1,0.815,1.1319,1846,0
SPY190712C299,2019-07-11,2019-07-11 09:34:09,0.84,1.1666,5,0.83,1.1527,22,0.82,1.1388,10,0.835,1.1597,1856,0
SPY190712C299,2019-07-11,2019-07-11 09:34:10,0.84,1.1666,29,0.83,1.1527,145,0.82,1.1388,10,0.835,1.1597,1856,0
SPY190712C299,2019-07-11,2019-07-11 09:34:10,0.84,1.1666,124,0.82,1.1388,159,0.82,1.1388,10,0.83,1.1527,1856,0
SPY190712C299,2019-07-11,2019-07-11 09:34:11,0.84,1.1666,27,0.83,1.1527,140,0.82,1.1388,3,0.835,1.1597,1867,11
SPY190712C299,2019-07-11,2019-07-11 09:34:11,0.84,1.1666,29,0.83,1.1527,150,0.82,1.1388,3,0.835,1.1597,1867,0
SPY190712C299,2019-07-11,2019-07-11 09:34:12,0.84,1.1666,5,0.83,1.1527,157,0.82,1.1388,3,0.835,1.1597,1867,0
SPY190712C299,2019-07-11,2019-07-11 09:34:13,0.84,1.1666,5,0.83,1.1527,157,0.82,1.1388,3,0.835,1.1597,1867,0
SPY190712C299,2019-07-11,2019-07-11 09:34:14,0.84,1.1666,5,0.83,1.1527,175,0.82,1.1388,3,0.835,1.1597,1867,0
SPY190712C299,2019-07-11,2019-07-11 09:34:14,0.84,1.1666,5,0.83,1.1527,355,0.82,1.1388,3,0.835,1.1597,1867,0
SPY190712C299,2019-07-11,2019-07-11 09:34:15,0.84,1.1666,5,0.83,1.1527,260,0.82,1.1388,3,0.835,1.1597,1867,0
SPY190712C299,2019-07-11,2019-07-11 09:34:15,0.84,1.1666,5,0.83,1.1527,355,0.82,1.1388,3,0.835,1.1597,1867,0
SPY190712C299,2019-07-11,2019-07-11 09:34:16,0.84,1.1666,5,0.83,1.1527,260,0.82,1.1388,3,0.835,1.1597,1867,0
SPY190712C299,2019-07-11,2019-07-11 09:34:17,0.85,1.1805,4,0.84,1.1666,101,0.84,1.1666,5,0.845,1.1736,1874,7
SPY190712C299,2019-07-11,2019-07-11 09:34:17,0.85,1.1805,4,0.84,1.1666,342,0.84,1.1666,5,0.845,1.1736,1874,0
SPY190712C299,2019-07-11,2019-07-11 09:34:18,0.85,1.1805,4,0.84,1.1666,542,0.84,1.1666,1,0.845,1.1736,1875,1
SPY190712C299,2019-07-11,2019-07-11 09:34:18,0.85,1.1805,4,0.84,1.1666,542,0.84,1.1666,5,0.845,1.1736,1874,0
SPY190712C299,2019-07-11,2019-07-11 09:34:19,0.85,1.1805,4,0.84,1.1666,555,0.84,1.1666,106,0.845,1.1736,2075,200
SPY190712C299,2019-07-11,2019-07-11 09:34:20,0.86,1.1944,7,0.85,1.1805,26,0.85,1.1805,4,0.855,1.1875,2079,4
SPY190712C299,2019-07-11,2019-07-11 09:34:20,0.85,1.1805,4,0.84,1.1666,202,0.84,1.1666,106,0.845,1.1736,2075,0
SPY190712C299,2019-07-11,2019-07-11 09:34:21,0.86,1.1944,1,0.85,1.1805,164,0.85,1.1805,1,0.855,1.1875,2080,1
SPY190712C299,2019-07-11,2019-07-11 09:34:21,0.86,1.1944,1,0.85,1.1805,328,0.85,1.1805,1,0.855,1.1875,2080,0
SPY190712C299,2019-07-11,2019-07-11 09:34:22,0.86,1.1944,1,0.85,1.1805,271,0.85,1.1805,1,0.855,1.1875,2081,1
SPY190712C299,2019-07-11,2019-07-11 09:34:22,0.86,1.1944,1,0.85,1.1805,406,0.85,1.1805,1,0.855,1.1875,2080,0
SPY190712C299,2019-07-11,2019-07-11 09:34:23,0.86,1.1944,1,0.85,1.1805,271,0.85,1.1805,10,0.855,1.1875,2091,10
SPY190712C299,2019-07-11,2019-07-11 09:34:24,0.86,1.1944,1,0.85,1.1805,374,0.85,1.1805,10,0.855,1.1875,2091,0
SPY190712C299,2019-07-11,2019-07-11 09:34:24,0.88,1.2222,92,0.87,1.2083,22,0.86,1.1944,1,0.875,1.2152,2092,1
SPY190712C299,2019-07-11,2019-07-11 09:34:25,0.89,1.2361,145,0.87,1.2083,45,0.86,1.1944,1,0.88,1.2222,2092,0
SPY190712C299,2019-07-11,2019-07-11 09:34:26,0.89,1.2361,25,0.88,1.2222,22,0.86,1.1944,1,0.885,1.2291,2092,0
SPY190712C299,2019-07-11,2019-07-11 09:34:26,0.89,1.2361,392,0.87,1.2083,68,0.86,1.1944,1,0.88,1.2222,2092,0
SPY190712C299,2019-07-11,2019-07-11 09:34:27,0.89,1.2361,6,0.89,1.2361,22,0.86,1.1944,1,0.89,1.2361,2092,0
SPY190712C299,2019-07-11,2019-07-11 09:34:28,0.89,1.2361,6,0.89,1.2361,35,0.9,1.25,1,0.89,1.2361,2093,1
SPY190712C299,2019-07-11,2019-07-11 09:34:28,0.89,1.2361,6,0.89,1.2361,35,0.9,1.25,10,0.89,1.2361,2103,10
SPY190712C299,2019-07-11,2019-07-11 09:34:29,0.92,1.2777,77,0.9,1.25,155,0.92,1.2777,5,0.91,1.2638,2129,0
SPY190712C299,2019-07-11,2019-07-11 09:34:29,0.92,1.2777,12,0.91,1.2638,63,0.92,1.2777,5,0.915,1.2708,2129,26
SPY190712C299,2019-07-11,2019-07-11 09:34:30,0.92,1.2777,203,0.9,1.25,48,0.92,1.2777,5,0.91,1.2638,2129,0
SPY190712C299,2019-07-11,2019-07-11 09:34:30,0.92,1.2777,677,0.9,1.25,48,0.92,1.2777,5,0.91,1.2638,2129,0
SPY190712C299,2019-07-11,2019-07-11 09:34:31,0.92,1.2777,103,0.9,1.25,142,0.92,1.2777,5,0.91,1.2638,2129,0
SPY190712C299,2019-07-11,2019-07-11 09:34:32,0.89,1.2361,64,0.88,1.2222,6,0.89,1.2361,5,0.885,1.2291,2134,5
SPY190712C299,2019-07-11,2019-07-11 09:34:34,0.89,1.2361,41,0.88,1.2222,24,0.89,1.2361,10,0.885,1.2291,2147,10
SPY190712C299,2019-07-11,2019-07-11 09:34:34,0.89,1.2361,27,0.87,1.2083,113,0.89,1.2361,3,0.88,1.2222,2137,3
SPY190712C299,2019-07-11,2019-07-11 09:34:35,0.9,1.25,60,0.88,1.2222,97,0.89,1.2361,10,0.89,1.2361,2147,0
SPY190712C299,2019-07-11,2019-07-11 09:34:36,0.9,1.25,123,0.88,1.2222,55,0.89,1.2361,10,0.89,1.2361,2147,0
SPY190712C299,2019-07-11,2019-07-11 09:34:37,0.9,1.25,94,0.89,1.2361,1,0.89,1.2361,10,0.895,1.243,2147,0
SPY190712C299,2019-07-11,2019-07-11 09:34:37,0.9,1.25,40,0.88,1.2222,208,0.88,1.2222,10,0.89,1.2361,2157,10
SPY190712C299,2019-07-11,2019-07-11 09:34:38,0.92,1.2777,219,0.9,1.25,103,0.88,1.2222,10,0.91,1.2638,2157,0
SPY190712C299,2019-07-11,2019-07-11 09:34:38,0.91,1.2638,99,0.9,1.25,55,0.88,1.2222,10,0.905,1.2569,2157,0
SPY190712C299,2019-07-11,2019-07-11 09:34:39,0.92,1.2777,55,0.9,1.25,103,0.88,1.2222,10,0.91,1.2638,2157,0
SPY190712C299,2019-07-11,2019-07-11 09:34:40,0.92,1.2777,33,0.91,1.2638,19,0.88,1.2222,10,0.915,1.2708,2157,0
SPY190712C299,2019-07-11,2019-07-11 09:34:40,0.92,1.2777,6,0.91,1.2638,90,0.88,1.2222,10,0.915,1.2708,2157,0
SPY190712C299,2019-07-11,2019-07-11 09:34:41,0.9,1.25,7,0.89,1.2361,19,0.88,1.2222,10,0.895,1.243,2157,0
SPY190712C299,2019-07-11,2019-07-11 09:34:41,0.92,1.2777,68,0.91,1.2638,24,0.88,1.2222,10,0.915,1.2708,2157,0
SPY190712C299,2019-07-11,2019-07-11 09:34:42,0.9,1.25,2,0.89,1.2361,23,0.88,1.2222,10,0.895,1.243,2157,0
SPY190712C299,2019-07-11,2019-07-11 09:34:43,0.92,1.2777,13,0.9,1.25,102,0.88,1.2222,10,0.91,1.2638,2157,0
SPY190712C299,2019-07-11,2019-07-11 09:34:43,0.92,1.2777,47,0.9,1.25,164,0.92,1.2777,1,0.91,1.2638,2158,1
SPY190712C299,2019-07-11,2019-07-11 09:34:44,0.92,1.2777,113,0.9,1.25,122,0.92,1.2777,1,0.91,1.2638,2158,0
SPY190712C299,2019-07-11,2019-07-11 09:34:45,0.92,1.2777,210,0.9,1.25,121,0.92,1.2777,1,0.91,1.2638,2158,0
SPY190712C299,2019-07-11,2019-07-11 09:34:45,0.92,1.2777,113,0.9,1.25,109,0.92,1.2777,1,0.91,1.2638,2158,0
SPY190712C299,2019-07-11,2019-07-11 09:34:46,0.91,1.2638,12,0.9,1.25,40,0.92,1.2777,1,0.905,1.2569,2158,0
SPY190712C299,2019-07-11,2019-07-11 09:34:47,0.91,1.2638,249,0.89,1.2361,84,0.92,1.2777,1,0.9,1.25,2158,0
SPY190712C299,2019-07-11,2019-07-11 09:34:48,0.91,1.2638,442,0.89,1.2361,60,0.92,1.2777,1,0.9,1.25,2158,0
SPY190712C299,2019-07-11,2019-07-11 09:34:49,0.91,1.2638,30,0.89,1.2361,44,0.92,1.2777,1,0.9,1.25,2158,0
SPY190712C299,2019-07-11,2019-07-11 09:34:49,0.91,1.2638,167,0.89,1.2361,99,0.92,1.2777,1,0.9,1.25,2158,0
SPY190712C299,2019-07-11,2019-07-11 09:34:50,0.91,1.2638,196,0.9,1.25,1,0.92,1.2777,1,0.905,1.2569,2158,0
SPY190712C299,2019-07-11,2019-07-11 09:34:50,0.91,1.2638,37,0.89,1.2361,160,0.92,1.2777,1,0.9,1.25,2158,0
SPY190712C299,2019-07-11,2019-07-11 09:34:51,0.91,1.2638,30,0.9,1.25,8,0.92,1.2777,1,0.905,1.2569,2158,0
SPY190712C299,2019-07-11,2019-07-11 09:34:52,0.9,1.25,7,0.89,1.2361,29,0.91,1.2638,1,0.895,1.243,2175,0
SPY190712C299,2019-07-11,2019-07-11 09:34:52,0.91,1.2638,37,0.9,1.25,21,0.91,1.2638,1,0.905,1.2569,2175,17
SPY190712C299,2019-07-11,2019-07-11 09:34:53,0.9,1.25,162,0.88,1.2222,41,0.91,1.2638,1,0.89,1.2361,2175,0
SPY190712C299,2019-07-11,2019-07-11 09:34:53,0.9,1.25,162,0.88,1.2222,70,0.91,1.2638,1,0.89,1.2361,2175,0
SPY190712C299,2019-07-11,2019-07-11 09:34:54,0.91,1.2638,320,0.89,1.2361,21,0.91,1.2638,1,0.9,1.25,2175,0
SPY190712C299,2019-07-11,2019-07-11 09:34:54,0.91,1.2638,481,0.89,1.2361,44,0.91,1.2638,1,0.9,1.25,2175,0
SPY190712C299,2019-07-11,2019-07-11 09:34:55,0.91,1.2638,481,0.89,1.2361,48,0.91,1.2638,1,0.9,1.25,2175,0
SPY190712C299,2019-07-11,2019-07-11 09:34:56,0.91,1.2638,320,0.89,1.2361,48,0.9,1.25,3,0.9,1.25,2208,33
SPY190712C299,2019-07-11,2019-07-11 09:34:56,0.91,1.2638,481,0.89,1.2361,48,0.91,1.2638,1,0.9,1.25,2175,0
SPY190712C299,2019-07-11,2019-07-11 09:34:57,0.92,1.2777,6,0.91,1.2638,163,0.91,1.2638,82,0.915,1.2708,2300,0
SPY190712C299,2019-07-11,2019-07-11 09:34:57,0.92,1.2777,6,0.91,1.2638,254,0.91,1.2638,82,0.915,1.2708,2300,92
SPY190712C299,2019-07-11,2019-07-11 09:34:58,0.92,1.2777,13,0.91,1.2638,19,0.91,1.2638,82,0.915,1.2708,2300,0
SPY190712C299,2019-07-11,2019-07-11 09:34:58,0.92,1.2777,6,0.91,1.2638,163,0.91,1.2638,82,0.915,1.2708,2300,0
SPY190712C299,2019-07-11,2019-07-11 09:34:59,0.92,1.2777,6,0.91,1.2638,117,0.91,1.2638,82,0.915,1.2708,2300,0
SPY190712C299,2019-07-11,2019-07-11 09:35:00,0.92,1.2777,13,0.91,1.2638,33,0.91,1.2638,82,0.915,1.2708,2300,0
SPY190712C299,2019-07-11,2019-07-11 09:35:00,0.92,1.2777,34,0.9,1.25,179,0.91,1.2638,82,0.91,1.2638,2300,0
SPY190712C299,2019-07-11,2019-07-11 09:35:01,0.92,1.2777,60,0.91,1.2638,19,0.92,1.2777,1,0.915,1.2708,2301,1
SPY190712C299,2019-07-11,2019-07-11 09:35:01,0.92,1.2777,59,0.91,1.2638,19,0.92,1.2777,1,0.915,1.2708,2301,0
SPY190712C299,2019-07-11,2019-07-11 09:35:02,0.92,1.2777,71,0.91,1.2638,19,0.92,1.2777,1,0.915,1.2708,2301,0
SPY190712C299,2019-07-11,2019-07-11 09:35:03,0.91,1.2638,197,0.89,1.2361,71,0.92,1.2777,1,0.9,1.25,2301,0
SPY190712C299,2019-07-11,2019-07-11 09:35:04,0.9,1.25,100,0.88,1.2222,15,0.92,1.2777,1,0.89,1.2361,2301,0
SPY190712C299,2019-07-11,2019-07-11 09:35:04,0.89,1.2361,70,0.87,1.2083,70,0.92,1.2777,1,0.88,1.2222,2301,0
SPY190712C299,2019-07-11,2019-07-11 09:35:05,0.91,1.2638,100,0.9,1.25,1,0.92,1.2777,1,0.905,1.2569,2301,0
SPY190712C299,2019-07-11,2019-07-11 09:35:05,0.9,1.25,174,0.88,1.2222,142,0.92,1.2777,1,0.89,1.2361,2301,0
SPY190712C299,2019-07-11,2019-07-11 09:35:06,0.91,1.2638,260,0.89,1.2361,79,0.92,1.2777,1,0.9,1.25,2301,0
SPY190712C299,2019-07-11,2019-07-11 09:35:07,0.91,1.2638,206,0.89,1.2361,77,0.92,1.2777,1,0.9,1.25,2301,0
SPY190712C299,2019-07-11,2019-07-11 09:35:07,0.91,1.2638,110,0.9,1.25,38,0.92,1.2777,1,0.905,1.2569,2301,0
SPY190712C299,2019-07-11,2019-07-11 09:35:08,0.92,1.2777,215,0.9,1.25,129,0.92,1.2777,1,0.91,1.2638,2301,0
SPY190712C299,2019-07-11,2019-07-11 09:35:08,0.92,1.2777,260,0.9,1.25,30,0.92,1.2777,1,0.91,1.2638,2301,0
SPY190712C299,2019-07-11,2019-07-11 09:35:09,0.92,1.2777,170,0.91,1.2638,1,0.91,1.2638,50,0.915,1.2708,2354,53
SPY190712C299,2019-07-11,2019-07-11 09:35:10,0.9,1.25,2,0.89,1.2361,23,0.92,1.2777,1,0.895,1.243,2355,0
SPY190712C299,2019-07-11,2019-07-11 09:35:10,0.92,1.2777,404,0.9,1.25,34,0.92,1.2777,1,0.91,1.2638,2355,1
SPY190712C299,2019-07-11,2019-07-11 09:35:11,0.92,1.2777,235,0.9,1.25,19,0.89,1.2361,5,0.91,1.2638,2360,5
SPY190712C299,2019-07-11,2019-07-11 09:35:12,0.92,1.2777,260,0.9,1.25,87,0.89,1.2361,5,0.91,1.2638,2360,0
SPY190712C299,2019-07-11,2019-07-11 09:35:12,0.91,1.2638,140,0.9,1.25,22,0.92,1.2777,1,0.905,1.2569,2361,1
SPY190712C299,2019-07-11,2019-07-11 09:35:13,0.92,1.2777,6,0.9,1.25,121,0.91,1.2638,1,0.91,1.2638,2362,1
SPY190712C299,2019-07-11,2019-07-11 09:35:13,0.92,1.2777,210,0.9,1.25,4,0.92,1.2777,1,0.91,1.2638,2361,0
SPY190712C299,2019-07-11,2019-07-11 09:35:14,0.92,1.2777,6,0.91,1.2638,123,0.91,1.2638,1,0.915,1.2708,2362,0
SPY190712C299,2019-07-11,2019-07-11 09:35:14,0.92,1.2777,6,0.91,1.2638,172,0.92,1.2777,6,0.915,1.2708,2368,6
SPY190712C299,2019-07-11,2019-07-11 09:35:15,0.93,1.2916,100,0.92,1.2777,19,0.92,1.2777,6,0.925,1.2847,2368,0
SPY190712C299,2019-07-11,2019-07-11 09:35:16,0.92,1.2777,106,0.91,1.2638,120,0.92,1.2777,6,0.915,1.2708,2368,0
SPY190712C299,2019-07-11,2019-07-11 09:35:16,0.92,1.2777,128,0.91,1.2638,31,0.92,1.2777,6,0.915,1.2708,2368,0
SPY190712C299,2019-07-11,2019-07-11 09:35:17,0.92,1.2777,103,0.9,1.25,138,0.92,1.2777,6,0.91,1.2638,2368,0
SPY190712C299,2019-07-11,2019-07-11 09:35:18,0.93,1.2916,217,0.91,1.2638,196,0.92,1.2777,6,0.92,1.2777,2368,0
SPY190712C299,2019-07-11,2019-07-11 09:35:18,0.92,1.2777,27,0.91,1.2638,95,0.92,1.2777,6,0.915,1.2708,2368,0
SPY190712C299,2019-07-11,2019-07-11 09:35:19,0.92,1.2777,54,0.91,1.2638,42,0.92,1.2777,14,0.915,1.2708,2382,14
SPY190712C299,2019-07-11,2019-07-11 09:35:19,0.92,1.2777,53,0.91,1.2638,42,0.92,1.2777,14,0.915,1.2708,2382,0
SPY190712C299,2019-07-11,2019-07-11 09:35:20,0.92,1.2777,53,0.91,1.2638,44,0.92,1.2777,14,0.915,1.2708,2382,0
SPY190712C299,2019-07-11,2019-07-11 09:35:20,0.92,1.2777,53,0.91,1.2638,19,0.92,1.2777,14,0.915,1.2708,2382,0
SPY190712C299,2019-07-11,2019-07-11 09:35:21,0.92,1.2777,27,0.91,1.2638,44,0.92,1.2777,14,0.915,1.2708,2382,0
SPY190712C299,2019-07-11,2019-07-11 09:35:22,0.92,1.2777,44,0.91,1.2638,19,0.92,1.2777,14,0.915,1.2708,2382,0
SPY190712C299,2019-07-11,2019-07-11 09:35:22,0.92,1.2777,27,0.9,1.25,162,0.92,1.2777,14,0.91,1.2638,2382,0
SPY190712C299,2019-07-11,2019-07-11 09:35:23,0.92,1.2777,124,0.9,1.25,202,0.92,1.2777,14,0.91,1.2638,2382,0
SPY190712C299,2019-07-11,2019-07-11 09:35:23,0.92,1.2777,209,0.91,1.2638,1,0.92,1.2777,14,0.915,1.2708,2382,0
SPY190712C299,2019-07-11,2019-07-11 09:35:24,0.92,1.2777,204,0.91,1.2638,1,0.92,1.2777,14,0.915,1.2708,2382,0
SPY190712C299,2019-07-11,2019-07-11 09:35:25,0.92,1.2777,227,0.9,1.25,81,0.91,1.2638,1,0.91,1.2638,2384,2
SPY190712C299,2019-07-11,2019-07-11 09:35:26,0.91,1.2638,1,0.9,1.25,63,0.91,1.2638,1,0.905,1.2569,2384,0
SPY190712C299,2019-07-11,2019-07-11 09:35:26,0.91,1.2638,100,0.9,1.25,4,0.91,1.2638,1,0.905,1.2569,2384,0
SPY190712C299,2019-07-11,2019-07-11 09:35:27,0.91,1.2638,185,0.9,1.25,4,0.91,1.2638,1,0.905,1.2569,2384,0
SPY190712C299,2019-07-11,2019-07-11 09:35:28,0.91,1.2638,10,0.9,1.25,4,0.91,1.2638,1,0.905,1.2569,2384,0
SPY190712C299,2019-07-11,2019-07-11 09:35:28,0.92,1.2777,199,0.9,1.25,177,0.91,1.2638,1,0.91,1.2638,2384,0
SPY190712C299,2019-07-11,2019-07-11 09:35:29,0.92,1.2777,224,0.9,1.25,178,0.91,1.2638,1,0.91,1.2638,2384,0
SPY190712C299,2019-07-11,2019-07-11 09:35:29,0.93,1.2916,191,0.9,1.25,178,0.91,1.2638,1,0.915,1.2708,2384,0
SPY190712C299,2019-07-11,2019-07-11 09:35:30,0.93,1.2916,7,0.92,1.2777,51,0.91,1.2638,1,0.925,1.2847,2384,0
SPY190712C299,2019-07-11,2019-07-11 09:35:31,0.93,1.2916,92,0.91,1.2638,335,0.93,1.2916,38,0.92,1.2777,2434,50
SPY190712C299,2019-07-11,2019-07-11 09:35:32,0.92,1.2777,169,0.91,1.2638,17,0.91,1.2638,1,0.915,1.2708,2435,1
SPY190712C299,2019-07-11,2019-07-11 09:35:33,0.92,1.2777,150,0.91,1.2638,4,0.91,1.2638,1,0.915,1.2708,2435,0
SPY190712C299,2019-07-11,2019-07-11 09:35:33,0.92,1.2777,7,0.91,1.2638,4,0.91,1.2638,1,0.915,1.2708,2435,0
SPY190712C299,2019-07-11,2019-07-11 09:35:34,0.92,1.2777,208,0.91,1.2638,4,0.91,1.2638,1,0.915,1.2708,2435,0
SPY190712C299,2019-07-11,2019-07-11 09:35:35,0.91,1.2638,153,0.9,1.25,4,0.91,1.2638,4,0.905,1.2569,2439,4
SPY190712C299,2019-07-11,2019-07-11 09:35:35,0.91,1.2638,179,0.9,1.25,4,0.91,1.2638,4,0.905,1.2569,2439,0
SPY190712C299,2019-07-11,2019-07-11 09:35:36,0.91,1.2638,44,0.9,1.25,116,0.91,1.2638,1,0.905,1.2569,2440,1
SPY190712C299,2019-07-11,2019-07-11 09:35:37,0.92,1.2777,236,0.9,1.25,1,0.9,1.25,3,0.91,1.2638,2443,3
SPY190712C299,2019-07-11,2019-07-11 09:35:37,0.91,1.2638,73,0.9,1.25,1,0.9,1.25,3,0.905,1.2569,2443,0
SPY190712C299,2019-07-11,2019-07-11 09:35:38,0.91,1.2638,90,0.9,1.25,1,0.9,1.25,3,0.905,1.2569,2443,0
SPY190712C299,2019-07-11,2019-07-11 09:35:38,0.91,1.2638,88,0.9,1.25,1,0.9,1.25,3,0.905,1.2569,2443,0
SPY190712C299,2019-07-11,2019-07-11 09:35:39,0.91,1.2638,105,0.9,1.25,1,0.9,1.25,3,0.905,1.2569,2443,0
SPY190712C299,2019-07-11,2019-07-11 09:35:40,0.9,1.25,47,0.89,1.2361,84,0.9,1.25,1,0.895,1.243,2444,1
SPY190712C299,2019-07-11,2019-07-11 09:35:40,0.9,1.25,31,0.89,1.2361,53,0.9,1.25,1,0.895,1.243,2444,0
SPY190712C299,2019-07-11,2019-07-11 09:35:41,0.9,1.25,7,0.89,1.2361,53,0.9,1.25,1,0.895,1.243,2444,0
SPY190712C299,2019-07-11,2019-07-11 09:35:42,0.89,1.2361,371,0.88,1.2222,1,0.9,1.25,1,0.885,1.2291,2444,0
SPY190712C299,2019-07-11,2019-07-11 09:35:43,0.89,1.2361,109,0.88,1.2222,1,0.89,1.2361,1,0.885,1.2291,2445,1
SPY190712C299,2019-07-11,2019-07-11 09:35:43,0.89,1.2361,71,0.88,1.2222,1,0.9,1.25,1,0.885,1.2291,2444,0
SPY190712C299,2019-07-11,2019-07-11 09:35:44,0.88,1.2222,352,0.87,1.2083,101,0.88,1.2222,1,0.875,1.2152,2446,1
SPY190712C299,2019-07-11,2019-07-11 09:35:44,0.87,1.2083,352,0.87,1.2083,101,0.88,1.2222,1,0.87,1.2083,2446,0
SPY190712C299,2019-07-11,2019-07-11 09:35:45,0.87,1.2083,362,0.86,1.1944,45,0.88,1.2222,1,0.865,1.2013,2446,0
SPY190712C299,2019-07-11,2019-07-11 09:35:46,0.86,1.1944,14,0.85,1.1805,41,0.86,1.1944,20,0.855,1.1875,2466,0
SPY190712C299,2019-07-11,2019-07-11 09:35:46,0.87,1.2083,28,0.86,1.1944,45,0.86,1.1944,20,0.865,1.2013,2466,20
SPY190712C299,2019-07-11,2019-07-11 09:35:47,0.86,1.1944,39,0.84,1.1666,171,0.86,1.1944,20,0.85,1.1805,2466,0
SPY190712C299,2019-07-11,2019-07-11 09:35:48,0.86,1.1944,331,0.85,1.1805,80,0.86,1.1944,1,0.855,1.1875,2469,1
SPY190712C299,2019-07-11,2019-07-11 09:35:48,0.86,1.1944,7,0.85,1.1805,91,0.85,1.1805,2,0.855,1.1875,2468,2
SPY190712C299,2019-07-11,2019-07-11 09:35:49,0.87,1.2083,6,0.85,1.1805,277,0.86,1.1944,1,0.86,1.1944,2469,0
SPY190712C299,2019-07-11,2019-07-11 09:35:50,0.88,1.2222,165,0.86,1.1944,161,0.86,1.1944,1,0.87,1.2083,2469,0
SPY190712C299,2019-07-11,2019-07-11 09:35:50,0.88,1.2222,439,0.86,1.1944,163,0.86,1.1944,1,0.87,1.2083,2469,0
SPY190712C299,2019-07-11,2019-07-11 09:35:51,0.88,1.2222,466,0.86,1.1944,154,0.86,1.1944,1,0.87,1.2083,2469,0
SPY190712C299,2019-07-11,2019-07-11 09:35:51,0.88,1.2222,10,0.87,1.2083,83,0.86,1.1944,1,0.875,1.2152,2469,0
SPY190712C299,2019-07-11,2019-07-11 09:35:52,0.89,1.2361,225,0.87,1.2083,103,0.86,1.1944,1,0.88,1.2222,2469,0
SPY190712C299,2019-07-11,2019-07-11 09:35:53,0.91,1.2638,39,0.89,1.2361,154,0.86,1.1944,1,0.9,1.25,2469,0
SPY190712C299,2019-07-11,2019-07-11 09:35:53,0.9,1.25,238,0.88,1.2222,70,0.86,1.1944,1,0.89,1.2361,2469,0
SPY190712C299,2019-07-11,2019-07-11 09:35:54,0.9,1.25,7,0.89,1.2361,61,0.86,1.1944,1,0.895,1.243,2469,0
SPY190712C299,2019-07-11,2019-07-11 09:35:55,0.91,1.2638,28,0.9,1.25,36,0.86,1.1944,1,0.905,1.2569,2469,0
SPY190712C299,2019-07-11,2019-07-11 09:35:55,0.91,1.2638,29,0.9,1.25,19,0.86,1.1944,1,0.905,1.2569,2469,0
SPY190712C299,2019-07-11,2019-07-11 09:35:56,0.91,1.2638,21,0.9,1.25,59,0.86,1.1944,1,0.905,1.2569,2469,0
SPY190712C299,2019-07-11,2019-07-11 09:35:56,0.91,1.2638,28,0.89,1.2361,202,0.86,1.1944,1,0.9,1.25,2469,0
SPY190712C299,2019-07-11,2019-07-11 09:35:57,0.9,1.25,3,0.89,1.2361,96,0.86,1.1944,1,0.895,1.243,2469,0
SPY190712C299,2019-07-11,2019-07-11 09:35:57,0.91,1.2638,105,0.89,1.2361,150,0.86,1.1944,1,0.9,1.25,2469,0
SPY190712C299,2019-07-11,2019-07-11 09:35:58,0.91,1.2638,111,0.89,1.2361,109,0.86,1.1944,1,0.9,1.25,2469,0
SPY190712C299,2019-07-11,2019-07-11 09:35:59,0.9,1.25,27,0.89,1.2361,52,0.86,1.1944,1,0.895,1.243,2469,0
SPY190712C299,2019-07-11,2019-07-11 09:35:59,0.9,1.25,27,0.89,1.2361,84,0.86,1.1944,1,0.895,1.243,2469,0
SPY190712C299,2019-07-11,2019-07-11 09:36:00,0.9,1.25,143,0.88,1.2222,212,0.86,1.1944,1,0.89,1.2361,2469,0
SPY190712C299,2019-07-11,2019-07-11 09:36:00,0.9,1.25,150,0.89,1.2361,54,0.86,1.1944,1,0.895,1.243,2469,0
SPY190712C299,2019-07-11,2019-07-11 09:36:01,0.9,1.25,60,0.89,1.2361,37,0.86,1.1944,1,0.895,1.243,2469,0
SPY190712C299,2019-07-11,2019-07-11 09:36:02,0.9,1.25,24,0.89,1.2361,77,0.86,1.1944,1,0.895,1.243,2469,0
SPY190712C299,2019-07-11,2019-07-11 09:36:02,0.9,1.25,79,0.88,1.2222,232,0.86,1.1944,1,0.89,1.2361,2469,0
SPY190712C299,2019-07-11,2019-07-11 09:36:03,0.9,1.25,20,0.89,1.2361,24,0.86,1.1944,1,0.895,1.243,2469,0
SPY190712C299,2019-07-11,2019-07-11 09:36:03,0.9,1.25,78,0.89,1.2361,24,0.86,1.1944,1,0.895,1.243,2469,0
SPY190712C299,2019-07-11,2019-07-11 09:36:04,0.89,1.2361,8,0.89,1.2361,1,0.89,1.2361,4,0.89,1.2361,2473,4
SPY190712C299,2019-07-11,2019-07-11 09:36:04,0.91,1.2638,264,0.89,1.2361,24,0.89,1.2361,4,0.9,1.25,2473,0
SPY190712C299,2019-07-11,2019-07-11 09:36:05,0.9,1.25,53,0.89,1.2361,46,0.89,1.2361,4,0.895,1.243,2473,0
SPY190712C299,2019-07-11,2019-07-11 09:36:06,0.9,1.25,7,0.88,1.2222,150,0.89,1.2361,4,0.89,1.2361,2473,0
SPY190712C299,2019-07-11,2019-07-11 09:36:06,0.89,1.2361,114,0.88,1.2222,42,0.89,1.2361,4,0.885,1.2291,2473,0
SPY190712C299,2019-07-11,2019-07-11 09:36:07,0.89,1.2361,155,0.88,1.2222,19,0.89,1.2361,4,0.885,1.2291,2473,0
SPY190712C299,2019-07-11,2019-07-11 09:36:07,0.9,1.25,28,0.88,1.2222,65,0.89,1.2361,4,0.89,1.2361,2473,0
SPY190712C299,2019-07-11,2019-07-11 09:36:08,0.89,1.2361,165,0.88,1.2222,19,0.89,1.2361,4,0.885,1.2291,2473,0
SPY190712C299,2019-07-11,2019-07-11 09:36:09,0.89,1.2361,104,0.88,1.2222,96,0.89,1.2361,10,0.885,1.2291,2483,0
SPY190712C299,2019-07-11,2019-07-11 09:36:09,0.89,1.2361,155,0.88,1.2222,46,0.89,1.2361,10,0.885,1.2291,2483,10
SPY190712C299,2019-07-11,2019-07-11 09:36:10,0.9,1.25,27,0.89,1.2361,55,0.89,1.2361,12,0.895,1.243,2495,12
SPY190712C299,2019-07-11,2019-07-11 09:36:11,0.9,1.25,19,0.9,1.25,35,0.9,1.25,20,0.9,1.25,2515,20
SPY190712C299,2019-07-11,2019-07-11 09:36:11,0.92,1.2777,27,0.91,1.2638,71,0.91,1.2638,2,0.915,1.2708,2519,4
SPY190712C299,2019-07-11,2019-07-11 09:36:12,0.92,1.2777,5,0.91,1.2638,164,0.92,1.2777,5,0.915,1.2708,2524,5
SPY190712C299,2019-07-11,2019-07-11 09:36:12,0.92,1.2777,27,0.91,1.2638,111,0.91,1.2638,2,0.915,1.2708,2519,0
SPY190712C299,2019-07-11,2019-07-11 09:36:13,0.92,1.2777,5,0.92,1.2777,199,0.92,1.2777,6,0.92,1.2777,2530,6
SPY190712C299,2019-07-11,2019-07-11 09:36:13,0.93,1.2916,1,0.92,1.2777,95,0.92,1.2777,5,0.925,1.2847,2535,5
SPY190712C299,2019-07-11,2019-07-11 09:36:14,0.93,1.2916,1,0.92,1.2777,95,0.92,1.2777,5,0.925,1.2847,2535,0
SPY190712C299,2019-07-11,2019-07-11 09:36:15,0.93,1.2916,1,0.92,1.2777,172,0.92,1.2777,5,0.925,1.2847,2535,0
SPY190712C299,2019-07-11,2019-07-11 09:36:15,0.93,1.2916,1,0.92,1.2777,126,0.92,1.2777,5,0.925,1.2847,2535,0
SPY190712C299,2019-07-11,2019-07-11 09:36:16,0.93,1.2916,1,0.92,1.2777,27,0.92,1.2777,5,0.925,1.2847,2535,0
SPY190712C299,2019-07-11,2019-07-11 09:36:16,0.93,1.2916,11,0.92,1.2777,26,0.92,1.2777,5,0.925,1.2847,2535,0
SPY190712C299,2019-07-11,2019-07-11 09:36:17,0.93,1.2916,11,0.92,1.2777,99,0.92,1.2777,5,0.925,1.2847,2535,0
SPY190712C299,2019-07-11,2019-07-11 09:36:18,0.93,1.2916,147,0.91,1.2638,51,0.93,1.2916,3,0.92,1.2777,2539,3
SPY190712C299,2019-07-11,2019-07-11 09:36:18,0.93,1.2916,100,0.92,1.2777,86,0.92,1.2777,1,0.925,1.2847,2536,1
SPY190712C299,2019-07-11,2019-07-11 09:36:19,0.93,1.2916,174,0.92,1.2777,19,0.92,1.2777,16,0.925,1.2847,2555,16
SPY190712C299,2019-07-11,2019-07-11 09:36:19,0.92,1.2777,29,0.91,1.2638,182,0.92,1.2777,16,0.915,1.2708,2555,0
SPY190712C299,2019-07-11,2019-07-11 09:36:20,0.93,1.2916,184,0.91,1.2638,182,0.91,1.2638,1,0.92,1.2777,2556,0
SPY190712C299,2019-07-11,2019-07-11 09:36:20,0.92,1.2777,29,0.91,1.2638,182,0.91,1.2638,1,0.915,1.2708,2556,1
SPY190712C299,2019-07-11,2019-07-11 09:36:21,0.93,1.2916,184,0.91,1.2638,182,0.91,1.2638,1,0.92,1.2777,2556,0
SPY190712C299,2019-07-11,2019-07-11 09:36:22,0.93,1.2916,127,0.92,1.2777,7,0.91,1.2638,1,0.925,1.2847,2556,0
SPY190712C299,2019-07-11,2019-07-11 09:36:22,0.93,1.2916,174,0.92,1.2777,13,0.91,1.2638,1,0.925,1.2847,2556,0
SPY190712C299,2019-07-11,2019-07-11 09:36:23,0.93,1.2916,127,0.92,1.2777,53,0.91,1.2638,1,0.925,1.2847,2556,0
SPY190712C299,2019-07-11,2019-07-11 09:36:24,0.93,1.2916,28,0.92,1.2777,87,0.92,1.2777,4,0.925,1.2847,2561,5
SPY190712C299,2019-07-11,2019-07-11 09:36:24,0.93,1.2916,1,0.92,1.2777,53,0.91,1.2638,1,0.925,1.2847,2556,0
SPY190712C299,2019-07-11,2019-07-11 09:36:25,0.93,1.2916,6,0.92,1.2777,90,0.92,1.2777,4,0.925,1.2847,2561,0
SPY190712C299,2019-07-11,2019-07-11 09:36:26,0.93,1.2916,6,0.92,1.2777,47,0.92,1.2777,4,0.925,1.2847,2561,0
SPY190712C299,2019-07-11,2019-07-11 09:36:26,0.93,1.2916,28,0.92,1.2777,48,0.92,1.2777,4,0.925,1.2847,2561,0
SPY190712C299,2019-07-11,2019-07-11 09:36:27,0.93,1.2916,6,0.92,1.2777,35,0.92,1.2777,4,0.925,1.2847,2561,0
SPY190712C299,2019-07-11,2019-07-11 09:36:28,0.93,1.2916,146,0.92,1.2777,53,0.92,1.2777,4,0.925,1.2847,2561,0
SPY190712C299,2019-07-11,2019-07-11 09:36:28,0.93,1.2916,6,0.92,1.2777,83,0.92,1.2777,4,0.925,1.2847,2561,0
SPY190712C299,2019-07-11,2019-07-11 09:36:29,0.93,1.2916,1,0.92,1.2777,53,0.92,1.2777,4,0.925,1.2847,2561,0
SPY190712C299,2019-07-11,2019-07-11 09:36:30,0.93,1.2916,121,0.92,1.2777,53,0.93,1.2916,3,0.925,1.2847,2564,0
SPY190712C299,2019-07-11,2019-07-11 09:36:30,0.93,1.2916,121,0.92,1.2777,53,0.93,1.2916,3,0.925,1.2847,2564,3
SPY190712C299,2019-07-11,2019-07-11 09:36:31,0.93,1.2916,1,0.92,1.2777,142,0.93,1.2916,3,0.925,1.2847,2564,0
SPY190712C299,2019-07-11,2019-07-11 09:36:32,0.93,1.2916,1,0.92,1.2777,178,0.93,1.2916,3,0.925,1.2847,2564,0
SPY190712C299,2019-07-11,2019-07-11 09:36:32,0.93,1.2916,1,0.92,1.2777,129,0.93,1.2916,3,0.925,1.2847,2564,0
SPY190712C299,2019-07-11,2019-07-11 09:36:33,0.93,1.2916,1,0.92,1.2777,291,0.93,1.2916,3,0.925,1.2847,2564,0
SPY190712C299,2019-07-11,2019-07-11 09:36:33,0.93,1.2916,1,0.92,1.2777,203,0.93,1.2916,3,0.925,1.2847,2564,0
SPY190712C299,2019-07-11,2019-07-11 09:36:34,0.93,1.2916,1,0.93,1.2916,68,0.93,1.2916,1,0.93,1.2916,2565,1
SPY190712C299,2019-07-11,2019-07-11 09:36:34,0.93,1.2916,1,0.92,1.2777,375,0.93,1.2916,3,0.925,1.2847,2564,0
SPY190712C299,2019-07-11,2019-07-11 09:36:35,0.93,1.2916,1,0.93,1.2916,84,0.94,1.3055,9,0.93,1.2916,2574,9
SPY190712C299,2019-07-11,2019-07-11 09:36:36,0.94,1.3055,300,0.93,1.2916,84,0.94,1.3055,9,0.935,1.2986,2574,0
SPY190712C299,2019-07-11,2019-07-11 09:36:37,0.94,1.3055,300,0.93,1.2916,84,0.94,1.3055,9,0.935,1.2986,2624,50
SPY190712C299,2019-07-11,2019-07-11 09:36:37,0.94,1.3055,300,0.93,1.2916,84,0.94,1.3055,9,0.935,1.2986,2574,0
SPY190712C299,2019-07-11,2019-07-11 09:36:38,0.94,1.3055,300,0.93,1.2916,79,0.93,1.2916,50,0.935,1.2986,2624,0
SPY190712C299,2019-07-11,2019-07-11 09:36:39,0.94,1.3055,300,0.93,1.2916,87,0.93,1.2916,50,0.935,1.2986,2624,0
SPY190712C299,2019-07-11,2019-07-11 09:36:40,0.94,1.3055,300,0.93,1.2916,103,0.93,1.2916,50,0.935,1.2986,2624,0
SPY190712C299,2019-07-11,2019-07-11 09:36:40,0.94,1.3055,300,0.93,1.2916,103,0.94,1.3055,5,0.935,1.2986,2629,5
SPY190712C299,2019-07-11,2019-07-11 09:36:41,0.94,1.3055,300,0.93,1.2916,47,0.94,1.3055,5,0.935,1.2986,2629,0
SPY190712C299,2019-07-11,2019-07-11 09:36:41,0.94,1.3055,300,0.93,1.2916,103,0.94,1.3055,5,0.935,1.2986,2629,0
SPY190712C299,2019-07-11,2019-07-11 09:36:42,0.94,1.3055,300,0.93,1.2916,71,0.94,1.3055,5,0.935,1.2986,2629,0
SPY190712C299,2019-07-11,2019-07-11 09:36:42,0.94,1.3055,300,0.93,1.2916,77,0.94,1.3055,5,0.935,1.2986,2629,0
SPY190712C299,2019-07-11,2019-07-11 09:36:43,0.94,1.3055,300,0.93,1.2916,71,0.94,1.3055,10,0.935,1.2986,2639,10
SPY190712C299,2019-07-11,2019-07-11 09:36:44,0.94,1.3055,322,0.93,1.2916,72,0.94,1.3055,5,0.935,1.2986,2644,0
SPY190712C299,2019-07-11,2019-07-11 09:36:44,0.94,1.3055,322,0.93,1.2916,72,0.94,1.3055,5,0.935,1.2986,2644,5
SPY190712C299,2019-07-11,2019-07-11 09:36:45,0.94,1.3055,300,0.93,1.2916,76,0.94,1.3055,5,0.935,1.2986,2644,0
SPY190712C299,2019-07-11,2019-07-11 09:36:45,0.94,1.3055,300,0.93,1.2916,42,0.94,1.3055,5,0.935,1.2986,2644,0
SPY190712C299,2019-07-11,2019-07-11 09:36:46,0.94,1.3055,299,0.93,1.2916,271,0.94,1.3055,1,0.935,1.2986,2645,1
SPY190712C299,2019-07-11,2019-07-11 09:36:47,0.94,1.3055,299,0.93,1.2916,38,0.94,1.3055,1,0.935,1.2986,2645,0
SPY190712C299,2019-07-11,2019-07-11 09:36:47,0.94,1.3055,299,0.93,1.2916,315,0.94,1.3055,1,0.935,1.2986,2645,0
SPY190712C299,2019-07-11,2019-07-11 09:36:48,0.94,1.3055,299,0.93,1.2916,114,0.94,1.3055,1,0.935,1.2986,2645,0
SPY190712C299,2019-07-11,2019-07-11 09:36:48,0.94,1.3055,299,0.93,1.2916,49,0.94,1.3055,1,0.935,1.2986,2645,0
SPY190712C299,2019-07-11,2019-07-11 09:36:49,0.93,1.2916,1,0.91,1.2638,120,0.93,1.2916,1,0.92,1.2777,2651,6
SPY190712C299,2019-07-11,2019-07-11 09:36:49,0.94,1.3055,299,0.93,1.2916,52,0.94,1.3055,1,0.935,1.2986,2645,0
SPY190712C299,2019-07-11,2019-07-11 09:36:50,0.94,1.3055,299,0.92,1.2777,100,0.93,1.2916,1,0.93,1.2916,2651,0
SPY190712C299,2019-07-11,2019-07-11 09:36:51,0.94,1.3055,309,0.92,1.2777,80,0.93,1.2916,9,0.93,1.2916,2660,9
SPY190712C299,2019-07-11,2019-07-11 09:36:51,0.94,1.3055,299,0.92,1.2777,73,0.93,1.2916,9,0.93,1.2916,2660,0
SPY190712C299,2019-07-11,2019-07-11 09:36:52,0.93,1.2916,28,0.91,1.2638,77,0.93,1.2916,9,0.92,1.2777,2660,0
SPY190712C299,2019-07-11,2019-07-11 09:36:52,0.93,1.2916,143,0.91,1.2638,136,0.93,1.2916,9,0.92,1.2777,2660,0
SPY190712C299,2019-07-11,2019-07-11 09:36:53,0.94,1.3055,299,0.93,1.2916,1,0.93,1.2916,9,0.935,1.2986,2660,0
SPY190712C299,2019-07-11,2019-07-11 09:36:53,0.94,1.3055,309,0.92,1.2777,27,0.93,1.2916,9,0.93,1.2916,2660,0
SPY190712C299,2019-07-11,2019-07-11 09:36:54,0.93,1.2916,14,0.92,1.2777,74,0.93,1.2916,9,0.925,1.2847,2660,0
SPY190712C299,2019-07-11,2019-07-11 09:36:55,0.92,1.2777,144,0.91,1.2638,35,0.93,1.2916,9,0.915,1.2708,2660,0
SPY190712C299,2019-07-11,2019-07-11 09:36:55,0.93,1.2916,69,0.91,1.2638,76,0.93,1.2916,9,0.92,1.2777,2660,0
SPY190712C299,2019-07-11,2019-07-11 09:36:56,0.93,1.2916,254,0.91,1.2638,56,0.93,1.2916,9,0.92,1.2777,2660,0
SPY190712C299,2019-07-11,2019-07-11 09:36:56,0.93,1.2916,254,0.91,1.2638,96,0.93,1.2916,9,0.92,1.2777,2660,0
SPY190712C299,2019-07-11,2019-07-11 09:36:57,0.93,1.2916,248,0.91,1.2638,56,0.93,1.2916,9,0.92,1.2777,2660,0
SPY190712C299,2019-07-11,2019-07-11 09:36:58,0.93,1.2916,261,0.91,1.2638,141,0.93,1.2916,9,0.92,1.2777,2660,0
SPY190712C299,2019-07-11,2019-07-11 09:36:58,0.93,1.2916,27,0.91,1.2638,56,0.93,1.2916,9,0.92,1.2777,2660,0
SPY190712C299,2019-07-11,2019-07-11 09:36:59,0.93,1.2916,271,0.91,1.2638,194,0.93,1.2916,9,0.92,1.2777,2660,0
SPY190712C299,2019-07-11,2019-07-11 09:37:00,0.93,1.2916,266,0.91,1.2638,309,0.93,1.2916,9,0.92,1.2777,2660,0
SPY190712C299,2019-07-11,2019-07-11 09:37:01,0.93,1.2916,266,0.91,1.2638,309,0.93,1.2916,9,0.92,1.2777,2660,0
SPY190712C299,2019-07-11,2019-07-11 09:37:02,0.93,1.2916,256,0.91,1.2638,309,0.93,1.2916,9,0.92,1.2777,2660,0
SPY190712C299,2019-07-11,2019-07-11 09:37:03,0.93,1.2916,256,0.91,1.2638,309,0.93,1.2916,9,0.92,1.2777,2660,0
SPY190712C299,2019-07-11,2019-07-11 09:37:04,0.92,1.2777,1,0.91,1.2638,309,0.93,1.2916,9,0.915,1.2708,2660,0
SPY190712C299,2019-07-11,2019-07-11 09:37:05,0.92,1.2777,1,0.91,1.2638,309,0.93,1.2916,9,0.915,1.2708,2660,0
SPY190712C299,2019-07-11,2019-07-11 09:37:06,0.91,1.2638,27,0.9,1.25,88,0.93,1.2916,9,0.905,1.2569,2660,0
SPY190712C299,2019-07-11,2019-07-11 09:37:06,0.92,1.2777,253,0.9,1.25,88,0.93,1.2916,9,0.91,1.2638,2660,0
SPY190712C299,2019-07-11,2019-07-11 09:37:07,0.91,1.2638,27,0.9,1.25,150,0.93,1.2916,9,0.905,1.2569,2660,0
SPY190712C299,2019-07-11,2019-07-11 09:37:07,0.92,1.2777,262,0.9,1.25,160,0.93,1.2916,9,0.91,1.2638,2660,0
SPY190712C299,2019-07-11,2019-07-11 09:37:08,0.91,1.2638,7,0.89,1.2361,264,0.93,1.2916,9,0.9,1.25,2660,0
SPY190712C299,2019-07-11,2019-07-11 09:37:08,0.91,1.2638,114,0.9,1.25,94,0.93,1.2916,9,0.905,1.2569,2660,0
SPY190712C299,2019-07-11,2019-07-11 09:37:09,0.92,1.2777,233,0.91,1.2638,1,0.93,1.2916,9,0.915,1.2708,2660,0
SPY190712C299,2019-07-11,2019-07-11 09:37:10,0.92,1.2777,7,0.91,1.2638,48,0.93,1.2916,9,0.915,1.2708,2660,0
SPY190712C299,2019-07-11,2019-07-11 09:37:11,0.92,1.2777,1,0.91,1.2638,123,0.93,1.2916,9,0.915,1.2708,2660,0
SPY190712C299,2019-07-11,2019-07-11 09:37:11,0.92,1.2777,28,0.91,1.2638,123,0.93,1.2916,9,0.915,1.2708,2660,0
SPY190712C299,2019-07-11,2019-07-11 09:37:12,0.92,1.2777,207,0.91,1.2638,1,0.93,1.2916,9,0.915,1.2708,2660,0
SPY190712C299,2019-07-11,2019-07-11 09:37:12,0.92,1.2777,70,0.91,1.2638,106,0.93,1.2916,9,0.915,1.2708,2660,0
SPY190712C299,2019-07-11,2019-07-11 09:37:13,0.92,1.2777,1,0.91,1.2638,170,0.93,1.2916,9,0.915,1.2708,2660,0
SPY190712C299,2019-07-11,2019-07-11 09:37:14,0.92,1.2777,1,0.91,1.2638,161,0.93,1.2916,9,0.915,1.2708,2660,0
SPY190712C299,2019-07-11,2019-07-11 09:37:14,0.92,1.2777,1,0.91,1.2638,141,0.93,1.2916,9,0.915,1.2708,2660,0
SPY190712C299,2019-07-11,2019-07-11 09:37:15,0.93,1.2916,101,0.91,1.2638,268,0.92,1.2777,1,0.92,1.2777,2670,10
SPY190712C299,2019-07-11,2019-07-11 09:37:15,0.93,1.2916,265,0.91,1.2638,148,0.92,1.2777,1,0.92,1.2777,2670,0
SPY190712C299,2019-07-11,2019-07-11 09:37:16,0.93,1.2916,259,0.91,1.2638,148,0.92,1.2777,1,0.92,1.2777,2670,0
SPY190712C299,2019-07-11,2019-07-11 09:37:17,0.93,1.2916,28,0.92,1.2777,114,0.92,1.2777,1,0.925,1.2847,2670,0
SPY190712C299,2019-07-11,2019-07-11 09:37:17,0.93,1.2916,219,0.92,1.2777,21,0.92,1.2777,1,0.925,1.2847,2670,0
SPY190712C299,2019-07-11,2019-07-11 09:37:18,0.93,1.2916,56,0.92,1.2777,83,0.92,1.2777,1,0.925,1.2847,2670,0
SPY190712C299,2019-07-11,2019-07-11 09:37:19,0.93,1.2916,29,0.92,1.2777,91,0.92,1.2777,1,0.925,1.2847,2670,0
SPY190712C299,2019-07-11,2019-07-11 09:37:19,0.93,1.2916,7,0.92,1.2777,83,0.92,1.2777,1,0.925,1.2847,2670,0
SPY190712C299,2019-07-11,2019-07-11 09:37:20,0.93,1.2916,1,0.92,1.2777,326,0.92,1.2777,1,0.925,1.2847,2670,0
SPY190712C299,2019-07-11,2019-07-11 09:37:20,0.93,1.2916,1,0.92,1.2777,343,0.92,1.2777,1,0.925,1.2847,2670,0
SPY190712C299,2019-07-11,2019-07-11 09:37:21,0.93,1.2916,1,0.93,1.2916,79,0.94,1.3055,5,0.93,1.2916,2676,6
SPY190712C299,2019-07-11,2019-07-11 09:37:22,0.94,1.3055,300,0.93,1.2916,154,0.94,1.3055,5,0.935,1.2986,2676,0
SPY190712C299,2019-07-11,2019-07-11 09:37:22,0.94,1.3055,300,0.93,1.2916,79,0.94,1.3055,5,0.935,1.2986,2676,0
SPY190712C299,2019-07-11,2019-07-11 09:37:23,0.94,1.3055,300,0.93,1.2916,158,0.94,1.3055,5,0.935,1.2986,2676,0
SPY190712C299,2019-07-11,2019-07-11 09:37:24,0.94,1.3055,300,0.93,1.2916,224,0.94,1.3055,300,0.935,1.2986,2976,300
SPY190712C299,2019-07-11,2019-07-11 09:37:25,0.95,1.3194,56,0.94,1.3055,33,0.94,1.3055,300,0.945,1.3125,2976,0
SPY190712C299,2019-07-11,2019-07-11 09:37:25,0.95,1.3194,64,0.94,1.3055,111,0.94,1.3055,300,0.945,1.3125,2976,0
SPY190712C299,2019-07-11,2019-07-11 09:37:26,0.95,1.3194,64,0.94,1.3055,61,0.94,1.3055,300,0.945,1.3125,2976,0
SPY190712C299,2019-07-11,2019-07-11 09:37:26,0.95,1.3194,64,0.94,1.3055,21,0.94,1.3055,300,0.945,1.3125,2976,0
SPY190712C299,2019-07-11,2019-07-11 09:37:27,0.94,1.3055,27,0.93,1.2916,111,0.94,1.3055,300,0.935,1.2986,2976,0
SPY190712C299,2019-07-11,2019-07-11 09:37:28,0.94,1.3055,25,0.93,1.2916,121,0.94,1.3055,50,0.935,1.2986,3026,50
SPY190712C299,2019-07-11,2019-07-11 09:37:28,0.94,1.3055,25,0.93,1.2916,121,0.94,1.3055,50,0.935,1.2986,3026,0
SPY190712C299,2019-07-11,2019-07-11 09:37:29,0.95,1.3194,261,0.93,1.2916,163,0.94,1.3055,50,0.94,1.3055,3026,0
SPY190712C299,2019-07-11,2019-07-11 09:37:30,0.94,1.3055,27,0.93,1.2916,80,0.94,1.3055,50,0.935,1.2986,3026,0
SPY190712C299,2019-07-11,2019-07-11 09:37:30,0.94,1.3055,29,0.93,1.2916,81,0.94,1.3055,50,0.935,1.2986,3026,0
SPY190712C299,2019-07-11,2019-07-11 09:37:31,0.94,1.3055,100,0.93,1.2916,61,0.93,1.2916,1,0.935,1.2986,3027,0
SPY190712C299,2019-07-11,2019-07-11 09:37:31,0.94,1.3055,42,0.93,1.2916,68,0.93,1.2916,1,0.935,1.2986,3027,1
SPY190712C299,2019-07-11,2019-07-11 09:37:32,0.94,1.3055,114,0.93,1.2916,61,0.93,1.2916,1,0.935,1.2986,3027,0
SPY190712C299,2019-07-11,2019-07-11 09:37:33,0.94,1.3055,166,0.93,1.2916,25,0.93,1.2916,1,0.935,1.2986,3027,0
SPY190712C299,2019-07-11,2019-07-11 09:37:34,0.94,1.3055,111,0.93,1.2916,111,0.93,1.2916,1,0.935,1.2986,3027,0
SPY190712C299,2019-07-11,2019-07-11 09:37:34,0.94,1.3055,111,0.94,1.3055,94,0.93,1.2916,1,0.94,1.3055,3027,0
SPY190712C299,2019-07-11,2019-07-11 09:37:35,0.95,1.3194,114,0.94,1.3055,21,0.93,1.2916,1,0.945,1.3125,3027,0
SPY190712C299,2019-07-11,2019-07-11 09:37:36,0.94,1.3055,66,0.93,1.2916,137,0.94,1.3055,5,0.935,1.2986,3032,5
SPY190712C299,2019-07-11,2019-07-11 09:37:37,0.94,1.3055,80,0.93,1.2916,61,0.94,1.3055,5,0.935,1.2986,3032,0
SPY190712C299,2019-07-11,2019-07-11 09:37:38,0.94,1.3055,158,0.92,1.2777,169,0.94,1.3055,5,0.93,1.2916,3032,0
SPY190712C299,2019-07-11,2019-07-11 09:37:38,0.94,1.3055,131,0.93,1.2916,10,0.94,1.3055,5,0.935,1.2986,3032,0
SPY190712C299,2019-07-11,2019-07-11 09:37:39,0.94,1.3055,158,0.93,1.2916,19,0.94,1.3055,5,0.935,1.2986,3032,0
SPY190712C299,2019-07-11,2019-07-11 09:37:40,0.94,1.3055,182,0.92,1.2777,329,0.94,1.3055,5,0.93,1.2916,3032,0
SPY190712C299,2019-07-11,2019-07-11 09:37:40,0.94,1.3055,168,0.93,1.2916,40,0.94,1.3055,5,0.935,1.2986,3032,0
SPY190712C299,2019-07-11,2019-07-11 09:37:41,0.95,1.3194,86,0.93,1.2916,169,0.94,1.3055,5,0.94,1.3055,3032,0
SPY190712C299,2019-07-11,2019-07-11 09:37:41,0.95,1.3194,240,0.93,1.2916,99,0.94,1.3055,5,0.94,1.3055,3032,0
SPY190712C299,2019-07-11,2019-07-11 09:37:42,0.95,1.3194,50,0.94,1.3055,10,0.94,1.3055,5,0.945,1.3125,3032,0
SPY190712C299,2019-07-11,2019-07-11 09:37:43,0.95,1.3194,50,0.94,1.3055,53,0.94,1.3055,5,0.945,1.3125,3032,0
SPY190712C299,2019-07-11,2019-07-11 09:37:44,0.95,1.3194,50,0.94,1.3055,77,0.94,1.3055,5,0.945,1.3125,3032,0
SPY190712C299,2019-07-11,2019-07-11 09:37:44,0.95,1.3194,50,0.94,1.3055,63,0.94,1.3055,5,0.945,1.3125,3032,0
SPY190712C299,2019-07-11,2019-07-11 09:37:45,0.95,1.3194,50,0.94,1.3055,53,0.94,1.3055,5,0.945,1.3125,3032,0
SPY190712C299,2019-07-11,2019-07-11 09:37:45,0.95,1.3194,144,0.94,1.3055,20,0.94,1.3055,5,0.945,1.3125,3032,0
SPY190712C299,2019-07-11,2019-07-11 09:37:46,0.95,1.3194,457,0.94,1.3055,14,0.94,1.3055,1,0.945,1.3125,3038,6
SPY190712C299,2019-07-11,2019-07-11 09:37:47,0.95,1.3194,256,0.94,1.3055,14,0.94,1.3055,1,0.945,1.3125,3038,0
SPY190712C299,2019-07-11,2019-07-11 09:37:48,0.95,1.3194,244,0.94,1.3055,14,0.94,1.3055,1,0.945,1.3125,3038,0
SPY190712C299,2019-07-11,2019-07-11 09:37:49,0.95,1.3194,244,0.94,1.3055,14,0.94,1.3055,1,0.945,1.3125,3038,0
SPY190712C299,2019-07-11,2019-07-11 09:37:50,0.95,1.3194,244,0.94,1.3055,9,0.94,1.3055,1,0.945,1.3125,3043,5
SPY190712C299,2019-07-11,2019-07-11 09:37:50,0.95,1.3194,234,0.94,1.3055,9,0.94,1.3055,1,0.945,1.3125,3043,0
SPY190712C299,2019-07-11,2019-07-11 09:37:51,0.95,1.3194,234,0.94,1.3055,9,0.94,1.3055,1,0.945,1.3125,3043,0
SPY190712C299,2019-07-11,2019-07-11 09:37:52,0.95,1.3194,234,0.94,1.3055,9,0.94,1.3055,1,0.945,1.3125,3043,0
SPY190712C299,2019-07-11,2019-07-11 09:37:52,0.95,1.3194,100,0.94,1.3055,9,0.94,1.3055,1,0.945,1.3125,3043,0
SPY190712C299,2019-07-11,2019-07-11 09:37:53,0.95,1.3194,234,0.94,1.3055,74,0.94,1.3055,1,0.945,1.3125,3043,0
SPY190712C299,2019-07-11,2019-07-11 09:37:53,0.95,1.3194,229,0.94,1.3055,37,0.94,1.3055,1,0.945,1.3125,3043,0
SPY190712C299,2019-07-11,2019-07-11 09:37:54,0.95,1.3194,65,0.94,1.3055,48,0.94,1.3055,1,0.945,1.3125,3043,0
SPY190712C299,2019-07-11,2019-07-11 09:37:55,0.95,1.3194,98,0.94,1.3055,48,0.95,1.3194,1,0.945,1.3125,3044,1
SPY190712C299,2019-07-11,2019-07-11 09:37:55,0.95,1.3194,98,0.94,1.3055,61,0.94,1.3055,1,0.945,1.3125,3045,1
SPY190712C299,2019-07-11,2019-07-11 09:37:56,0.95,1.3194,234,0.92,1.2777,174,0.94,1.3055,40,0.935,1.2986,3142,97
SPY190712C299,2019-07-11,2019-07-11 09:37:56,0.95,1.3194,342,0.92,1.2777,10,0.94,1.3055,40,0.935,1.2986,3142,0
SPY190712C299,2019-07-11,2019-07-11 09:37:57,0.94,1.3055,134,0.91,1.2638,145,0.94,1.3055,40,0.925,1.2847,3142,0
SPY190712C299,2019-07-11,2019-07-11 09:37:58,0.94,1.3055,134,0.91,1.2638,148,0.94,1.3055,40,0.925,1.2847,3142,0
SPY190712C299,2019-07-11,2019-07-11 09:37:59,0.93,1.2916,127,0.91,1.2638,179,0.94,1.3055,40,0.92,1.2777,3142,0
SPY190712C299,2019-07-11,2019-07-11 09:37:59,0.93,1.2916,127,0.92,1.2777,68,0.94,1.3055,40,0.925,1.2847,3142,0
SPY190712C299,2019-07-11,2019-07-11 09:38:00,0.94,1.3055,203,0.92,1.2777,123,0.94,1.3055,40,0.93,1.2916,3142,0
SPY190712C299,2019-07-11,2019-07-11 09:38:01,0.94,1.3055,124,0.92,1.2777,227,0.94,1.3055,40,0.93,1.2916,3142,0
SPY190712C299,2019-07-11,2019-07-11 09:38:02,0.94,1.3055,7,0.93,1.2916,26,0.94,1.3055,40,0.935,1.2986,3142,0
SPY190712C299,2019-07-11,2019-07-11 09:38:02,0.94,1.3055,7,0.93,1.2916,27,0.94,1.3055,40,0.935,1.2986,3142,0
SPY190712C299,2019-07-11,2019-07-11 09:38:03,0.95,1.3194,147,0.94,1.3055,24,0.94,1.3055,40,0.945,1.3125,3142,0
SPY190712C299,2019-07-11,2019-07-11 09:38:03,0.95,1.3194,50,0.93,1.2916,176,0.94,1.3055,40,0.94,1.3055,3142,0
SPY190712C299,2019-07-11,2019-07-11 09:38:04,0.95,1.3194,147,0.94,1.3055,64,0.94,1.3055,40,0.945,1.3125,3142,0
SPY190712C299,2019-07-11,2019-07-11 09:38:04,0.95,1.3194,104,0.93,1.2916,67,0.94,1.3055,40,0.94,1.3055,3142,0
SPY190712C299,2019-07-11,2019-07-11 09:38:05,0.95,1.3194,120,0.93,1.2916,67,0.94,1.3055,40,0.94,1.3055,3142,0
SPY190712C299,2019-07-11,2019-07-11 09:38:06,0.95,1.3194,100,0.94,1.3055,24,0.94,1.3055,40,0.945,1.3125,3142,0
SPY190712C299,2019-07-11,2019-07-11 09:38:06,0.95,1.3194,185,0.93,1.2916,57,0.94,1.3055,40,0.94,1.3055,3142,0
SPY190712C299,2019-07-11,2019-07-11 09:38:07,0.95,1.3194,65,0.94,1.3055,21,0.94,1.3055,40,0.945,1.3125,3142,0
SPY190712C299,2019-07-11,2019-07-11 09:38:08,0.95,1.3194,50,0.94,1.3055,81,0.94,1.3055,40,0.945,1.3125,3142,0
SPY190712C299,2019-07-11,2019-07-11 09:38:08,0.95,1.3194,50,0.94,1.3055,99,0.94,1.3055,3,0.945,1.3125,3145,3
SPY190712C299,2019-07-11,2019-07-11 09:38:09,0.97,1.3472,181,0.95,1.3194,65,0.97,1.3472,10,0.96,1.3333,3208,63
SPY190712C299,2019-07-11,2019-07-11 09:38:10,0.96,1.3333,27,0.95,1.3194,138,0.97,1.3472,10,0.955,1.3263,3208,0
SPY190712C299,2019-07-11,2019-07-11 09:38:10,0.96,1.3333,27,0.95,1.3194,243,0.97,1.3472,10,0.955,1.3263,3208,0
SPY190712C299,2019-07-11,2019-07-11 09:38:11,0.96,1.3333,27,0.96,1.3333,6,0.97,1.3472,10,0.96,1.3333,3208,0
SPY190712C299,2019-07-11,2019-07-11 09:38:12,0.97,1.3472,1,0.96,1.3333,12,0.97,1.3472,10,0.965,1.3402,3208,0
SPY190712C299,2019-07-11,2019-07-11 09:38:13,0.98,1.3611,412,0.97,1.3472,24,0.97,1.3472,10,0.975,1.3541,3218,0
SPY190712C299,2019-07-11,2019-07-11 09:38:13,0.98,1.3611,412,0.97,1.3472,24,0.97,1.3472,10,0.975,1.3541,3218,10
SPY190712C299,2019-07-11,2019-07-11 09:38:14,0.98,1.3611,400,0.97,1.3472,100,0.97,1.3472,3,0.975,1.3541,3647,429
SPY190712C299,2019-07-11,2019-07-11 09:38:15,1.0,1.3888,105,0.98,1.3611,137,0.99,1.375,2,0.99,1.375,3744,97
SPY190712C299,2019-07-11,2019-07-11 09:38:15,0.99,1.375,7,0.98,1.3611,194,0.99,1.375,2,0.985,1.368,3744,0
SPY190712C299,2019-07-11,2019-07-11 09:38:16,1.0,1.3888,10,0.98,1.3611,77,0.99,1.375,2,0.99,1.375,3744,0
SPY190712C299,2019-07-11,2019-07-11 09:38:17,1.0,1.3888,105,0.98,1.3611,68,0.99,1.375,2,0.99,1.375,3744,0
SPY190712C299,2019-07-11,2019-07-11 09:38:17,1.0,1.3888,105,0.98,1.3611,137,0.99,1.375,2,0.99,1.375,3744,0
SPY190712C299,2019-07-11,2019-07-11 09:38:18,1.0,1.3888,102,0.98,1.3611,79,0.99,1.375,2,0.99,1.375,3744,0
SPY190712C299,2019-07-11,2019-07-11 09:38:18,0.99,1.375,1,0.98,1.3611,79,0.99,1.375,2,0.985,1.368,3744,0
SPY190712C299,2019-07-11,2019-07-11 09:38:19,1.0,1.3888,5,0.99,1.375,130,0.99,1.375,2,0.995,1.3819,3744,0
SPY190712C299,2019-07-11,2019-07-11 09:38:20,1.0,1.3888,2,0.99,1.375,125,1.0,1.3888,1,0.995,1.3819,3757,13
SPY190712C299,2019-07-11,2019-07-11 09:38:20,1.0,1.3888,25,0.99,1.375,114,1.0,1.3888,1,0.995,1.3819,3758,1
SPY190712C299,2019-07-11,2019-07-11 09:38:21,1.0,1.3888,100,0.99,1.375,40,1.0,1.3888,1,0.995,1.3819,3758,0
SPY190712C299,2019-07-11,2019-07-11 09:38:22,1.0,1.3888,100,0.98,1.3611,135,1.0,1.3888,1,0.99,1.375,3758,0
SPY190712C299,2019-07-11,2019-07-11 09:38:22,1.0,1.3888,100,0.98,1.3611,332,1.0,1.3888,1,0.99,1.375,3758,0
SPY190712C299,2019-07-11,2019-07-11 09:38:23,0.99,1.375,1,0.98,1.3611,105,1.0,1.3888,1,0.985,1.368,3758,0
SPY190712C299,2019-07-11,2019-07-11 09:38:24,1.0,1.3888,110,0.98,1.3611,202,1.0,1.3888,1,0.99,1.375,3784,26
SPY190712C299,2019-07-11,2019-07-11 09:38:24,0.99,1.375,1,0.98,1.3611,124,1.0,1.3888,1,0.985,1.368,3758,0
SPY190712C299,2019-07-11,2019-07-11 09:38:25,1.0,1.3888,150,0.98,1.3611,202,1.0,1.3888,1,0.99,1.375,3784,0
SPY190712C299,2019-07-11,2019-07-11 09:38:25,1.0,1.3888,110,0.98,1.3611,202,1.0,1.3888,1,0.99,1.375,3784,0
SPY190712C299,2019-07-11,2019-07-11 09:38:26,0.99,1.375,141,0.98,1.3611,5,1.0,1.3888,1,0.985,1.368,3784,0
SPY190712C299,2019-07-11,2019-07-11 09:38:27,0.99,1.375,191,0.98,1.3611,5,1.0,1.3888,1,0.985,1.368,3784,0
SPY190712C299,2019-07-11,2019-07-11 09:38:28,0.98,1.3611,25,0.97,1.3472,10,0.97,1.3472,2,0.975,1.3541,3791,7
SPY190712C299,2019-07-11,2019-07-11 09:38:28,0.99,1.375,179,0.98,1.3611,5,1.0,1.3888,1,0.985,1.368,3784,0
SPY190712C299,2019-07-11,2019-07-11 09:38:29,0.98,1.3611,1,0.97,1.3472,10,0.98,1.3611,1,0.975,1.3541,3792,1
SPY190712C299,2019-07-11,2019-07-11 09:38:29,0.98,1.3611,1,0.97,1.3472,10,0.97,1.3472,2,0.975,1.3541,3791,0
SPY190712C299,2019-07-11,2019-07-11 09:38:30,0.98,1.3611,1,0.97,1.3472,20,0.98,1.3611,1,0.975,1.3541,3792,0
SPY190712C299,2019-07-11,2019-07-11 09:38:31,0.98,1.3611,25,0.97,1.3472,118,0.98,1.3611,1,0.975,1.3541,3792,0
SPY190712C299,2019-07-11,2019-07-11 09:38:31,0.98,1.3611,100,0.97,1.3472,32,0.99,1.375,1,0.975,1.3541,3793,1
SPY190712C299,2019-07-11,2019-07-11 09:38:32,0.98,1.3611,100,0.97,1.3472,10,0.98,1.3611,10,0.975,1.3541,3803,10
SPY190712C299,2019-07-11,2019-07-11 09:38:33,0.98,1.3611,1,0.97,1.3472,10,0.98,1.3611,10,0.975,1.3541,3803,0
SPY190712C299,2019-07-11,2019-07-11 09:38:34,0.98,1.3611,1,0.97,1.3472,10,0.98,1.3611,10,0.975,1.3541,3803,0
SPY190712C299,2019-07-11,2019-07-11 09:38:35,0.98,1.3611,1,0.97,1.3472,53,0.98,1.3611,10,0.975,1.3541,3803,0
SPY190712C299,2019-07-11,2019-07-11 09:38:36,0.98,1.3611,1,0.97,1.3472,89,0.98,1.3611,10,0.975,1.3541,3803,0
SPY190712C299,2019-07-11,2019-07-11 09:38:36,0.98,1.3611,1,0.97,1.3472,53,0.98,1.3611,10,0.975,1.3541,3803,0
SPY190712C299,2019-07-11,2019-07-11 09:38:37,0.98,1.3611,1,0.97,1.3472,63,0.98,1.3611,10,0.975,1.3541,3803,0
SPY190712C299,2019-07-11,2019-07-11 09:38:37,0.98,1.3611,1,0.97,1.3472,89,0.98,1.3611,10,0.975,1.3541,3803,0
SPY190712C299,2019-07-11,2019-07-11 09:38:38,0.98,1.3611,1,0.97,1.3472,63,0.98,1.3611,10,0.975,1.3541,3803,0
SPY190712C299,2019-07-11,2019-07-11 09:38:39,0.98,1.3611,2,0.97,1.3472,32,0.98,1.3611,10,0.975,1.3541,3803,0
SPY190712C299,2019-07-11,2019-07-11 09:38:39,0.98,1.3611,7,0.97,1.3472,32,0.98,1.3611,10,0.975,1.3541,3803,0
SPY190712C299,2019-07-11,2019-07-11 09:38:40,0.98,1.3611,2,0.97,1.3472,32,0.98,1.3611,10,0.975,1.3541,3803,0
SPY190712C299,2019-07-11,2019-07-11 09:38:41,0.98,1.3611,1,0.97,1.3472,48,0.98,1.3611,3,0.975,1.3541,3809,3
SPY190712C299,2019-07-11,2019-07-11 09:38:41,0.98,1.3611,1,0.97,1.3472,32,0.97,1.3472,3,0.975,1.3541,3806,3
SPY190712C299,2019-07-11,2019-07-11 09:38:42,0.98,1.3611,1,0.97,1.3472,11,0.98,1.3611,3,0.975,1.3541,3809,0
SPY190712C299,2019-07-11,2019-07-11 09:38:43,0.98,1.3611,2,0.97,1.3472,10,0.98,1.3611,3,0.975,1.3541,3809,0
SPY190712C299,2019-07-11,2019-07-11 09:38:44,0.98,1.3611,2,0.97,1.3472,10,0.98,1.3611,3,0.975,1.3541,3809,0
SPY190712C299,2019-07-11,2019-07-11 09:38:45,0.98,1.3611,2,0.97,1.3472,20,0.97,1.3472,15,0.975,1.3541,3824,15
SPY190712C299,2019-07-11,2019-07-11 09:38:45,0.98,1.3611,2,0.97,1.3472,17,0.97,1.3472,15,0.975,1.3541,3824,0
SPY190712C299,2019-07-11,2019-07-11 09:38:46,0.98,1.3611,2,0.97,1.3472,27,0.97,1.3472,15,0.975,1.3541,3824,0
SPY190712C299,2019-07-11,2019-07-11 09:38:47,0.98,1.3611,2,0.97,1.3472,27,0.97,1.3472,15,0.975,1.3541,3824,0
SPY190712C299,2019-07-11,2019-07-11 09:38:48,0.98,1.3611,2,0.97,1.3472,43,0.97,1.3472,15,0.975,1.3541,3824,0
SPY190712C299,2019-07-11,2019-07-11 09:38:49,1.0,1.3888,242,0.98,1.3611,77,0.98,1.3611,11,0.99,1.375,3837,11
SPY190712C299,2019-07-11,2019-07-11 09:38:49,1.0,1.3888,242,0.98,1.3611,30,0.98,1.3611,2,0.99,1.375,3826,2
SPY190712C299,2019-07-11,2019-07-11 09:38:50,0.99,1.375,100,0.98,1.3611,30,0.98,1.3611,11,0.985,1.368,3837,0
SPY190712C299,2019-07-11,2019-07-11 09:38:51,0.99,1.375,100,0.98,1.3611,31,0.98,1.3611,11,0.985,1.368,3837,0
SPY190712C299,2019-07-11,2019-07-11 09:38:51,0.99,1.375,100,0.98,1.3611,30,0.98,1.3611,11,0.985,1.368,3837,0
SPY190712C299,2019-07-11,2019-07-11 09:38:52,0.99,1.375,100,0.98,1.3611,31,0.98,1.3611,11,0.985,1.368,3837,0
SPY190712C299,2019-07-11,2019-07-11 09:38:53,0.99,1.375,334,0.98,1.3611,30,0.98,1.3611,1,0.985,1.368,3848,0
SPY190712C299,2019-07-11,2019-07-11 09:38:53,0.99,1.375,283,0.98,1.3611,30,0.98,1.3611,1,0.985,1.368,3848,11
SPY190712C299,2019-07-11,2019-07-11 09:38:54,0.99,1.375,334,0.98,1.3611,30,0.98,1.3611,1,0.985,1.368,3848,0
SPY190712C299,2019-07-11,2019-07-11 09:38:55,0.99,1.375,334,0.98,1.3611,30,0.98,1.3611,1,0.985,1.368,3848,0
SPY190712C299,2019-07-11,2019-07-11 09:38:55,0.97,1.3472,1,0.95,1.3194,165,0.97,1.3472,10,0.96,1.3333,3888,40
SPY190712C299,2019-07-11,2019-07-11 09:38:56,0.97,1.3472,7,0.95,1.3194,138,0.97,1.3472,10,0.96,1.3333,3888,0
SPY190712C299,2019-07-11,2019-07-11 09:38:56,0.97,1.3472,1,0.96,1.3333,84,0.97,1.3472,10,0.965,1.3402,3888,0
SPY190712C299,2019-07-11,2019-07-11 09:38:57,0.97,1.3472,1,0.95,1.3194,127,0.97,1.3472,10,0.96,1.3333,3888,0
SPY190712C299,2019-07-11,2019-07-11 09:38:57,0.97,1.3472,1,0.95,1.3194,316,0.97,1.3472,10,0.96,1.3333,3888,0
SPY190712C299,2019-07-11,2019-07-11 09:38:58,0.97,1.3472,146,0.95,1.3194,41,0.97,1.3472,10,0.96,1.3333,3888,0
SPY190712C299,2019-07-11,2019-07-11 09:38:59,0.95,1.3194,2,0.94,1.3055,32,0.97,1.3472,10,0.945,1.3125,3888,0
SPY190712C299,2019-07-11,2019-07-11 09:38:59,0.96,1.3333,7,0.94,1.3055,32,0.97,1.3472,10,0.95,1.3194,3888,0
SPY190712C299,2019-07-11,2019-07-11 09:39:00,0.95,1.3194,1,0.94,1.3055,48,0.97,1.3472,10,0.945,1.3125,3888,0
SPY190712C299,2019-07-11,2019-07-11 09:39:00,0.96,1.3333,62,0.93,1.2916,50,0.95,1.3194,5,0.945,1.3125,3893,5
SPY190712C299,2019-07-11,2019-07-11 09:39:01,0.94,1.3055,140,0.92,1.2777,133,0.95,1.3194,5,0.93,1.2916,3893,0
SPY190712C299,2019-07-11,2019-07-11 09:39:02,0.94,1.3055,48,0.92,1.2777,217,0.95,1.3194,5,0.93,1.2916,3893,0
SPY190712C299,2019-07-11,2019-07-11 09:39:02,0.94,1.3055,140,0.92,1.2777,202,0.95,1.3194,5,0.93,1.2916,3893,0
SPY190712C299,2019-07-11,2019-07-11 09:39:03,0.94,1.3055,67,0.92,1.2777,298,0.95,1.3194,5,0.93,1.2916,3893,0
SPY190712C299,2019-07-11,2019-07-11 09:39:04,0.95,1.3194,105,0.93,1.2916,164,0.95,1.3194,5,0.94,1.3055,3893,0
SPY190712C299,2019-07-11,2019-07-11 09:39:04,0.94,1.3055,140,0.92,1.2777,298,0.95,1.3194,5,0.93,1.2916,3893,0
SPY190712C299,2019-07-11,2019-07-11 09:39:05,0.97,1.3472,105,0.94,1.3055,48,0.95,1.3194,5,0.955,1.3263,3893,0
SPY190712C299,2019-07-11,2019-07-11 09:39:05,0.96,1.3333,200,0.94,1.3055,48,0.95,1.3194,5,0.95,1.3194,3893,0
SPY190712C299,2019-07-11,2019-07-11 09:39:06,0.97,1.3472,203,0.95,1.3194,156,0.95,1.3194,5,0.96,1.3333,3893,0
SPY190712C299,2019-07-11,2019-07-11 09:39:07,0.95,1.3194,7,0.94,1.3055,118,0.95,1.3194,5,0.945,1.3125,3893,0
SPY190712C299,2019-07-11,2019-07-11 09:39:07,0.95,1.3194,7,0.94,1.3055,32,0.95,1.3194,5,0.945,1.3125,3893,0
SPY190712C299,2019-07-11,2019-07-11 09:39:08,0.94,1.3055,1,0.93,1.2916,37,0.95,1.3194,5,0.935,1.2986,3893,0
SPY190712C299,2019-07-11,2019-07-11 09:39:08,0.95,1.3194,232,0.93,1.2916,40,0.95,1.3194,5,0.94,1.3055,3893,0
SPY190712C299,2019-07-11,2019-07-11 09:39:09,0.95,1.3194,351,0.93,1.2916,32,0.95,1.3194,5,0.94,1.3055,3893,0
SPY190712C299,2019-07-11,2019-07-11 09:39:10,0.95,1.3194,142,0.94,1.3055,1,0.95,1.3194,5,0.945,1.3125,3893,0
SPY190712C299,2019-07-11,2019-07-11 09:39:10,0.95,1.3194,242,0.93,1.2916,125,0.95,1.3194,5,0.94,1.3055,3893,0
SPY190712C299,2019-07-11,2019-07-11 09:39:11,0.95,1.3194,105,0.93,1.2916,32,0.94,1.3055,1,0.94,1.3055,3894,1
SPY190712C299,2019-07-11,2019-07-11 09:39:12,0.95,1.3194,234,0.93,1.2916,32,0.94,1.3055,1,0.94,1.3055,3894,0
SPY190712C299,2019-07-11,2019-07-11 09:39:12,0.96,1.3333,134,0.94,1.3055,20,0.94,1.3055,8,0.95,1.3194,4025,131
SPY190712C299,2019-07-11,2019-07-11 09:39:13,0.95,1.3194,130,0.94,1.3055,10,0.94,1.3055,8,0.945,1.3125,4025,0
SPY190712C299,2019-07-11,2019-07-11 09:39:14,0.95,1.3194,130,0.94,1.3055,53,0.94,1.3055,8,0.945,1.3125,4025,0
SPY190712C299,2019-07-11,2019-07-11 09:39:15,0.95,1.3194,94,0.94,1.3055,79,0.94,1.3055,1,0.945,1.3125,4156,131
SPY190712C299,2019-07-11,2019-07-11 09:39:15,0.95,1.3194,130,0.94,1.3055,54,0.94,1.3055,8,0.945,1.3125,4025,0
SPY190712C299,2019-07-11,2019-07-11 09:39:16,0.95,1.3194,106,0.94,1.3055,40,0.94,1.3055,18,0.945,1.3125,4174,18
SPY190712C299,2019-07-11,2019-07-11 09:39:17,0.96,1.3333,194,0.95,1.3194,1,0.94,1.3055,18,0.955,1.3263,4174,0
SPY190712C299,2019-07-11,2019-07-11 09:39:17,0.95,1.3194,89,0.94,1.3055,40,0.94,1.3055,18,0.945,1.3125,4174,0
SPY190712C299,2019-07-11,2019-07-11 09:39:18,0.95,1.3194,116,0.95,1.3194,25,0.95,1.3194,1,0.95,1.3194,4251,77
SPY190712C299,2019-07-11,2019-07-11 09:39:19,0.95,1.3194,112,0.94,1.3055,61,0.95,1.3194,1,0.945,1.3125,4251,0
SPY190712C299,2019-07-11,2019-07-11 09:39:20,0.95,1.3194,194,0.93,1.2916,40,0.94,1.3055,24,0.94,1.3055,4288,26
SPY190712C299,2019-07-11,2019-07-11 09:39:20,0.95,1.3194,43,0.94,1.3055,74,0.95,1.3194,1,0.945,1.3125,4262,11
SPY190712C299,2019-07-11,2019-07-11 09:39:21,0.95,1.3194,194,0.93,1.2916,97,0.94,1.3055,24,0.94,1.3055,4288,0
SPY190712C299,2019-07-11,2019-07-11 09:39:21,0.95,1.3194,194,0.94,1.3055,68,0.94,1.3055,24,0.945,1.3125,4288,0
SPY190712C299,2019-07-11,2019-07-11 09:39:22,0.95,1.3194,194,0.93,1.2916,100,0.94,1.3055,24,0.94,1.3055,4288,0
SPY190712C299,2019-07-11,2019-07-11 09:39:23,0.95,1.3194,40,0.94,1.3055,87,0.94,1.3055,24,0.945,1.3125,4288,0
SPY190712C299,2019-07-11,2019-07-11 09:39:23,0.95,1.3194,234,0.94,1.3055,36,0.94,1.3055,24,0.945,1.3125,4288,0
SPY190712C299,2019-07-11,2019-07-11 09:39:24,0.95,1.3194,120,0.94,1.3055,66,0.94,1.3055,24,0.945,1.3125,4288,0
SPY190712C299,2019-07-11,2019-07-11 09:39:25,0.95,1.3194,130,0.93,1.2916,102,0.94,1.3055,24,0.94,1.3055,4288,0
SPY190712C299,2019-07-11,2019-07-11 09:39:25,0.95,1.3194,120,0.93,1.2916,118,0.94,1.3055,24,0.94,1.3055,4288,0
SPY190712C299,2019-07-11,2019-07-11 09:39:26,0.95,1.3194,130,0.93,1.2916,102,0.94,1.3055,24,0.94,1.3055,4288,0
SPY190712C299,2019-07-11,2019-07-11 09:39:27,0.95,1.3194,134,0.94,1.3055,85,0.94,1.3055,1,0.945,1.3125,4289,1
SPY190712C299,2019-07-11,2019-07-11 09:39:27,0.95,1.3194,234,0.93,1.2916,69,0.94,1.3055,24,0.94,1.3055,4288,0
SPY190712C299,2019-07-11,2019-07-11 09:39:28,0.95,1.3194,134,0.94,1.3055,1,0.94,1.3055,1,0.945,1.3125,4289,0
SPY190712C299,2019-07-11,2019-07-11 09:39:29,0.95,1.3194,244,0.93,1.2916,98,0.94,1.3055,1,0.94,1.3055,4289,0
SPY190712C299,2019-07-11,2019-07-11 09:39:29,0.95,1.3194,244,0.93,1.2916,48,0.94,1.3055,1,0.94,1.3055,4289,0
SPY190712C299,2019-07-11,2019-07-11 09:39:30,0.95,1.3194,244,0.93,1.2916,98,0.94,1.3055,1,0.94,1.3055,4289,0
SPY190712C299,2019-07-11,2019-07-11 09:39:31,0.94,1.3055,5,0.93,1.2916,98,0.94,1.3055,1,0.935,1.2986,4289,0
SPY190712C299,2019-07-11,2019-07-11 09:39:31,0.95,1.3194,244,0.93,1.2916,125,0.94,1.3055,1,0.94,1.3055,4289,0
SPY190712C299,2019-07-11,2019-07-11 09:39:32,0.94,1.3055,134,0.92,1.2777,124,0.94,1.3055,1,0.93,1.2916,4289,0
SPY190712C299,2019-07-11,2019-07-11 09:39:33,0.95,1.3194,138,0.93,1.2916,110,0.94,1.3055,1,0.94,1.3055,4289,0
SPY190712C299,2019-07-11,2019-07-11 09:39:34,0.95,1.3194,148,0.93,1.2916,46,0.94,1.3055,1,0.94,1.3055,4289,0
SPY190712C299,2019-07-11,2019-07-11 09:39:34,0.95,1.3194,138,0.93,1.2916,135,0.94,1.3055,1,0.94,1.3055,4289,0
SPY190712C299,2019-07-11,2019-07-11 09:39:35,0.94,1.3055,6,0.93,1.2916,70,0.94,1.3055,1,0.935,1.2986,4289,0
SPY190712C299,2019-07-11,2019-07-11 09:39:36,0.94,1.3055,5,0.93,1.2916,70,0.94,1.3055,1,0.935,1.2986,4289,0
SPY190712C299,2019-07-11,2019-07-11 09:39:36,0.94,1.3055,7,0.93,1.2916,70,0.94,1.3055,1,0.935,1.2986,4289,0
SPY190712C299,2019-07-11,2019-07-11 09:39:37,0.94,1.3055,7,0.93,1.2916,70,0.94,1.3055,1,0.935,1.2986,4289,0
SPY190712C299,2019-07-11,2019-07-11 09:39:38,0.94,1.3055,6,0.93,1.2916,70,0.93,1.2916,1,0.935,1.2986,4290,1
SPY190712C299,2019-07-11,2019-07-11 09:39:38,0.94,1.3055,5,0.93,1.2916,98,0.93,1.2916,1,0.935,1.2986,4290,0
SPY190712C299,2019-07-11,2019-07-11 09:39:39,0.95,1.3194,234,0.94,1.3055,37,0.93,1.2916,1,0.945,1.3125,4290,0
SPY190712C299,2019-07-11,2019-07-11 09:39:39,0.95,1.3194,234,0.93,1.2916,98,0.93,1.2916,1,0.94,1.3055,4290,0
SPY190712C299,2019-07-11,2019-07-11 09:39:40,0.96,1.3333,46,0.94,1.3055,88,0.93,1.2916,1,0.95,1.3194,4290,0
SPY190712C299,2019-07-11,2019-07-11 09:39:41,0.96,1.3333,134,0.95,1.3194,43,0.93,1.2916,1,0.955,1.3263,4290,0
SPY190712C299,2019-07-11,2019-07-11 09:39:41,0.96,1.3333,134,0.95,1.3194,43,0.94,1.3055,2,0.955,1.3263,4295,5
SPY190712C299,2019-07-11,2019-07-11 09:39:42,0.96,1.3333,50,0.95,1.3194,37,0.94,1.3055,2,0.955,1.3263,4295,0
SPY190712C299,2019-07-11,2019-07-11 09:39:42,0.96,1.3333,134,0.94,1.3055,89,0.94,1.3055,2,0.95,1.3194,4295,0
SPY190712C299,2019-07-11,2019-07-11 09:39:43,0.97,1.3472,192,0.95,1.3194,71,0.94,1.3055,2,0.96,1.3333,4295,0
SPY190712C299,2019-07-11,2019-07-11 09:39:44,0.96,1.3333,7,0.95,1.3194,52,0.94,1.3055,2,0.955,1.3263,4295,0
SPY190712C299,2019-07-11,2019-07-11 09:39:45,0.96,1.3333,112,0.95,1.3194,52,0.96,1.3333,5,0.955,1.3263,4305,10
SPY190712C299,2019-07-11,2019-07-11 09:39:45,0.96,1.3333,7,0.95,1.3194,52,0.94,1.3055,2,0.955,1.3263,4295,0
SPY190712C299,2019-07-11,2019-07-11 09:39:46,0.96,1.3333,1,0.95,1.3194,52,0.96,1.3333,5,0.955,1.3263,4305,0
SPY190712C299,2019-07-11,2019-07-11 09:39:46,0.96,1.3333,1,0.95,1.3194,66,0.96,1.3333,5,0.955,1.3263,4305,0
SPY190712C299,2019-07-11,2019-07-11 09:39:47,0.96,1.3333,10,0.95,1.3194,76,0.96,1.3333,5,0.955,1.3263,4305,0
SPY190712C299,2019-07-11,2019-07-11 09:39:48,0.96,1.3333,26,0.95,1.3194,48,0.96,1.3333,5,0.955,1.3263,4305,0
SPY190712C299,2019-07-11,2019-07-11 09:39:49,0.96,1.3333,29,0.95,1.3194,48,0.95,1.3194,1,0.955,1.3263,4306,1
SPY190712C299,2019-07-11,2019-07-11 09:39:49,0.96,1.3333,51,0.95,1.3194,48,0.96,1.3333,5,0.955,1.3263,4305,0
SPY190712C299,2019-07-11,2019-07-11 09:39:50,0.96,1.3333,59,0.95,1.3194,48,0.95,1.3194,1,0.955,1.3263,4306,0
SPY190712C299,2019-07-11,2019-07-11 09:39:50,0.96,1.3333,10,0.95,1.3194,48,0.95,1.3194,1,0.955,1.3263,4306,0
SPY190712C299,2019-07-11,2019-07-11 09:39:51,0.96,1.3333,10,0.95,1.3194,48,0.95,1.3194,1,0.955,1.3263,4306,0
SPY190712C299,2019-07-11,2019-07-11 09:39:52,0.97,1.3472,7,0.95,1.3194,88,0.96,1.3333,10,0.96,1.3333,4316,10
SPY190712C299,2019-07-11,2019-07-11 09:39:52,0.97,1.3472,77,0.96,1.3333,26,0.96,1.3333,10,0.965,1.3402,4316,0
SPY190712C299,2019-07-11,2019-07-11 09:39:53,0.97,1.3472,97,0.96,1.3333,48,0.96,1.3333,10,0.965,1.3402,4316,0
SPY190712C299,2019-07-11,2019-07-11 09:39:53,0.97,1.3472,27,0.95,1.3194,75,0.96,1.3333,10,0.96,1.3333,4316,0
SPY190712C299,2019-07-11,2019-07-11 09:39:54,0.97,1.3472,7,0.95,1.3194,75,0.96,1.3333,10,0.96,1.3333,4316,0
SPY190712C299,2019-07-11,2019-07-11 09:39:55,0.97,1.3472,7,0.95,1.3194,75,0.96,1.3333,10,0.96,1.3333,4316,0
SPY190712C299,2019-07-11,2019-07-11 09:39:56,0.97,1.3472,7,0.96,1.3333,70,0.96,1.3333,10,0.965,1.3402,4316,0
SPY190712C299,2019-07-11,2019-07-11 09:39:56,0.97,1.3472,7,0.96,1.3333,49,0.96,1.3333,10,0.965,1.3402,4316,0
SPY190712C299,2019-07-11,2019-07-11 09:39:57,0.98,1.3611,232,0.96,1.3333,70,0.96,1.3333,10,0.97,1.3472,4316,0
SPY190712C299,2019-07-11,2019-07-11 09:39:58,0.98,1.3611,232,0.96,1.3333,70,0.96,1.3333,10,0.97,1.3472,4316,0
SPY190712C299,2019-07-11,2019-07-11 09:39:58,0.97,1.3472,232,0.96,1.3333,1,0.96,1.3333,1,0.965,1.3402,4317,1
SPY190712C299,2019-07-11,2019-07-11 09:39:59,0.97,1.3472,36,0.96,1.3333,69,0.97,1.3472,1,0.965,1.3402,4318,1
SPY190712C299,2019-07-11,2019-07-11 09:39:59,0.96,1.3333,7,0.96,1.3333,3,0.96,1.3333,1,0.96,1.3333,4317,0
SPY190712C299,2019-07-11,2019-07-11 09:40:00,0.97,1.3472,7,0.96,1.3333,69,0.97,1.3472,1,0.965,1.3402,4318,0
