symbol,Date,quote_time,ask_price,norm_ask_price,ask_size,bid_price,norm_bid_price,bid_size,last_trade_price,norm_last_trade_price,last_trade_size,mark_price,norm_mark_price,volume,Volume
SPY190715C303,2019-07-12,2019-07-12 09:30:00,0.03,1.0,2286,0.02,0.6666,2903,0.03,1.0,25,0.025,0.8333,1656,1656
SPY190715C303,2019-07-12,2019-07-12 09:30:05,0.04,1.3333,3357,0.03,1.0,10,0.04,1.3333,5,0.035,1.1666,5,-1651
SPY190715C303,2019-07-12,2019-07-12 09:30:06,0.04,1.3333,3362,0.03,1.0,10,0.04,1.3333,5,0.035,1.1666,5,0
SPY190715C303,2019-07-12,2019-07-12 09:30:07,0.04,1.3333,3362,0.03,1.0,10,0.04,1.3333,5,0.035,1.1666,5,0
SPY190715C303,2019-07-12,2019-07-12 09:30:08,0.04,1.3333,3362,0.03,1.0,10,0.04,1.3333,5,0.035,1.1666,5,0
SPY190715C303,2019-07-12,2019-07-12 09:30:09,0.04,1.3333,3362,0.03,1.0,10,0.04,1.3333,5,0.035,1.1666,5,0
SPY190715C303,2019-07-12,2019-07-12 09:30:10,0.04,1.3333,3257,0.03,1.0,10,0.04,1.3333,5,0.035,1.1666,5,0
SPY190715C303,2019-07-12,2019-07-12 09:30:11,0.04,1.3333,3257,0.03,1.0,10,0.04,1.3333,5,0.035,1.1666,5,0
SPY190715C303,2019-07-12,2019-07-12 09:30:12,0.04,1.3333,3257,0.03,1.0,10,0.04,1.3333,5,0.035,1.1666,5,0
SPY190715C303,2019-07-12,2019-07-12 09:30:13,0.04,1.3333,3257,0.03,1.0,10,0.04,1.3333,5,0.035,1.1666,5,0
SPY190715C303,2019-07-12,2019-07-12 09:30:14,0.04,1.3333,3257,0.03,1.0,10,0.04,1.3333,5,0.035,1.1666,5,0
SPY190715C303,2019-07-12,2019-07-12 09:30:15,0.04,1.3333,3257,0.03,1.0,10,0.04,1.3333,5,0.035,1.1666,5,0
SPY190715C303,2019-07-12,2019-07-12 09:30:15,0.04,1.3333,5078,0.03,1.0,10,0.04,1.3333,5,0.035,1.1666,5,0
SPY190715C303,2019-07-12,2019-07-12 09:30:16,0.04,1.3333,5196,0.03,1.0,10,0.04,1.3333,5,0.035,1.1666,5,0
SPY190715C303,2019-07-12,2019-07-12 09:30:16,0.04,1.3333,4032,0.03,1.0,10,0.04,1.3333,5,0.035,1.1666,5,0
SPY190715C303,2019-07-12,2019-07-12 09:30:17,0.04,1.3333,4032,0.03,1.0,10,0.04,1.3333,5,0.035,1.1666,5,0
SPY190715C303,2019-07-12,2019-07-12 09:30:18,0.04,1.3333,3534,0.03,1.0,10,0.04,1.3333,5,0.035,1.1666,5,0
SPY190715C303,2019-07-12,2019-07-12 09:30:19,0.04,1.3333,4030,0.03,1.0,10,0.04,1.3333,5,0.035,1.1666,5,0
SPY190715C303,2019-07-12,2019-07-12 09:30:19,0.04,1.3333,6835,0.03,1.0,10,0.04,1.3333,5,0.035,1.1666,5,0
SPY190715C303,2019-07-12,2019-07-12 09:30:20,0.04,1.3333,6837,0.03,1.0,10,0.04,1.3333,5,0.035,1.1666,5,0
SPY190715C303,2019-07-12,2019-07-12 09:30:21,0.04,1.3333,6837,0.03,1.0,10,0.04,1.3333,5,0.035,1.1666,5,0
SPY190715C303,2019-07-12,2019-07-12 09:30:22,0.04,1.3333,4764,0.03,1.0,10,0.04,1.3333,5,0.035,1.1666,5,0
SPY190715C303,2019-07-12,2019-07-12 09:30:22,0.04,1.3333,4266,0.03,1.0,10,0.04,1.3333,5,0.035,1.1666,5,0
SPY190715C303,2019-07-12,2019-07-12 09:30:23,0.04,1.3333,5228,0.03,1.0,10,0.04,1.3333,5,0.035,1.1666,5,0
SPY190715C303,2019-07-12,2019-07-12 09:30:24,0.04,1.3333,5302,0.03,1.0,10,0.04,1.3333,5,0.035,1.1666,5,0
SPY190715C303,2019-07-12,2019-07-12 09:30:25,0.04,1.3333,4765,0.03,1.0,10,0.04,1.3333,5,0.035,1.1666,5,0
SPY190715C303,2019-07-12,2019-07-12 09:30:26,0.04,1.3333,6890,0.03,1.0,10,0.04,1.3333,5,0.035,1.1666,5,0
SPY190715C303,2019-07-12,2019-07-12 09:30:26,0.04,1.3333,5228,0.03,1.0,10,0.04,1.3333,5,0.035,1.1666,5,0
SPY190715C303,2019-07-12,2019-07-12 09:30:27,0.04,1.3333,7247,0.03,1.0,621,0.04,1.3333,5,0.035,1.1666,5,0
SPY190715C303,2019-07-12,2019-07-12 09:30:27,0.04,1.3333,7247,0.03,1.0,10,0.04,1.3333,5,0.035,1.1666,5,0
SPY190715C303,2019-07-12,2019-07-12 09:30:28,0.04,1.3333,5585,0.03,1.0,621,0.04,1.3333,5,0.035,1.1666,5,0
SPY190715C303,2019-07-12,2019-07-12 09:30:28,0.04,1.3333,7247,0.03,1.0,10,0.04,1.3333,5,0.035,1.1666,5,0
SPY190715C303,2019-07-12,2019-07-12 09:30:29,0.04,1.3333,5585,0.03,1.0,621,0.04,1.3333,5,0.035,1.1666,5,0
SPY190715C303,2019-07-12,2019-07-12 09:30:30,0.04,1.3333,7246,0.03,1.0,621,0.04,1.3333,5,0.035,1.1666,5,0
SPY190715C303,2019-07-12,2019-07-12 09:30:31,0.04,1.3333,7246,0.03,1.0,10,0.04,1.3333,5,0.035,1.1666,5,0
SPY190715C303,2019-07-12,2019-07-12 09:30:31,0.04,1.3333,5673,0.03,1.0,621,0.04,1.3333,5,0.035,1.1666,5,0
SPY190715C303,2019-07-12,2019-07-12 09:30:32,0.04,1.3333,5673,0.03,1.0,621,0.04,1.3333,5,0.035,1.1666,5,0
SPY190715C303,2019-07-12,2019-07-12 09:30:33,0.04,1.3333,5673,0.03,1.0,621,0.04,1.3333,5,0.035,1.1666,5,0
SPY190715C303,2019-07-12,2019-07-12 09:30:34,0.04,1.3333,7247,0.03,1.0,621,0.04,1.3333,5,0.035,1.1666,5,0
SPY190715C303,2019-07-12,2019-07-12 09:30:34,0.04,1.3333,5673,0.03,1.0,621,0.04,1.3333,5,0.035,1.1666,5,0
SPY190715C303,2019-07-12,2019-07-12 09:30:35,0.04,1.3333,5673,0.03,1.0,621,0.04,1.3333,5,0.035,1.1666,5,0
SPY190715C303,2019-07-12,2019-07-12 09:30:36,0.04,1.3333,7232,0.03,1.0,621,0.04,1.3333,5,0.035,1.1666,5,0
SPY190715C303,2019-07-12,2019-07-12 09:30:37,0.04,1.3333,7232,0.03,1.0,621,0.04,1.3333,5,0.035,1.1666,5,0
SPY190715C303,2019-07-12,2019-07-12 09:30:38,0.04,1.3333,7232,0.03,1.0,621,0.04,1.3333,5,0.035,1.1666,5,0
SPY190715C303,2019-07-12,2019-07-12 09:30:39,0.04,1.3333,5683,0.03,1.0,621,0.04,1.3333,5,0.035,1.1666,5,0
SPY190715C303,2019-07-12,2019-07-12 09:30:39,0.04,1.3333,5699,0.03,1.0,621,0.04,1.3333,5,0.035,1.1666,5,0
SPY190715C303,2019-07-12,2019-07-12 09:30:40,0.04,1.3333,5199,0.03,1.0,621,0.04,1.3333,5,0.035,1.1666,5,0
SPY190715C303,2019-07-12,2019-07-12 09:30:41,0.04,1.3333,7248,0.03,1.0,621,0.04,1.3333,5,0.035,1.1666,5,0
SPY190715C303,2019-07-12,2019-07-12 09:30:42,0.04,1.3333,7248,0.03,1.0,621,0.04,1.3333,5,0.035,1.1666,5,0
SPY190715C303,2019-07-12,2019-07-12 09:30:43,0.04,1.3333,7137,0.03,1.0,621,0.04,1.3333,5,0.035,1.1666,5,0
SPY190715C303,2019-07-12,2019-07-12 09:30:43,0.04,1.3333,5568,0.03,1.0,621,0.04,1.3333,5,0.035,1.1666,5,0
SPY190715C303,2019-07-12,2019-07-12 09:30:45,0.04,1.3333,5689,0.03,1.0,621,0.04,1.3333,5,0.035,1.1666,5,0
SPY190715C303,2019-07-12,2019-07-12 09:30:46,0.04,1.3333,5689,0.03,1.0,621,0.04,1.3333,5,0.035,1.1666,5,0
SPY190715C303,2019-07-12,2019-07-12 09:30:47,0.04,1.3333,5689,0.03,1.0,621,0.04,1.3333,5,0.035,1.1666,5,0
SPY190715C303,2019-07-12,2019-07-12 09:30:48,0.04,1.3333,5689,0.03,1.0,621,0.04,1.3333,5,0.035,1.1666,5,0
SPY190715C303,2019-07-12,2019-07-12 09:30:48,0.04,1.3333,7250,0.03,1.0,631,0.04,1.3333,5,0.035,1.1666,5,0
SPY190715C303,2019-07-12,2019-07-12 09:30:50,0.04,1.3333,7313,0.03,1.0,621,0.04,1.3333,5,0.035,1.1666,5,0
SPY190715C303,2019-07-12,2019-07-12 09:30:51,0.04,1.3333,5751,0.03,1.0,631,0.04,1.3333,5,0.035,1.1666,5,0
SPY190715C303,2019-07-12,2019-07-12 09:30:51,0.04,1.3333,6501,0.03,1.0,631,0.04,1.3333,5,0.035,1.1666,5,0
SPY190715C303,2019-07-12,2019-07-12 09:30:55,0.04,1.3333,7326,0.03,1.0,631,0.04,1.3333,5,0.035,1.1666,5,0
SPY190715C303,2019-07-12,2019-07-12 09:30:56,0.04,1.3333,5768,0.03,1.0,300,0.04,1.3333,5,0.035,1.1666,5,0
SPY190715C303,2019-07-12,2019-07-12 09:30:57,0.04,1.3333,5768,0.03,1.0,131,0.04,1.3333,5,0.035,1.1666,5,0
SPY190715C303,2019-07-12,2019-07-12 09:30:58,0.04,1.3333,5768,0.03,1.0,131,0.04,1.3333,5,0.035,1.1666,5,0
SPY190715C303,2019-07-12,2019-07-12 09:30:59,0.04,1.3333,5758,0.03,1.0,131,0.04,1.3333,5,0.035,1.1666,5,0
SPY190715C303,2019-07-12,2019-07-12 09:31:00,0.04,1.3333,6325,0.03,1.0,105,0.04,1.3333,5,0.035,1.1666,5,0
SPY190715C303,2019-07-12,2019-07-12 09:31:01,0.04,1.3333,6325,0.03,1.0,105,0.04,1.3333,5,0.035,1.1666,5,0
SPY190715C303,2019-07-12,2019-07-12 09:31:01,0.04,1.3333,7910,0.03,1.0,631,0.04,1.3333,5,0.035,1.1666,5,0
SPY190715C303,2019-07-12,2019-07-12 09:31:02,0.04,1.3333,8112,0.03,1.0,631,0.04,1.3333,5,0.035,1.1666,5,0
SPY190715C303,2019-07-12,2019-07-12 09:31:03,0.04,1.3333,6533,0.03,1.0,131,0.04,1.3333,5,0.035,1.1666,5,0
SPY190715C303,2019-07-12,2019-07-12 09:31:04,0.04,1.3333,7920,0.03,1.0,131,0.04,1.3333,5,0.035,1.1666,5,0
SPY190715C303,2019-07-12,2019-07-12 09:31:05,0.04,1.3333,7910,0.03,1.0,131,0.04,1.3333,5,0.035,1.1666,5,0
SPY190715C303,2019-07-12,2019-07-12 09:31:06,0.04,1.3333,8115,0.03,1.0,631,0.04,1.3333,5,0.035,1.1666,5,0
SPY190715C303,2019-07-12,2019-07-12 09:31:06,0.04,1.3333,8115,0.03,1.0,131,0.04,1.3333,5,0.035,1.1666,5,0
SPY190715C303,2019-07-12,2019-07-12 09:31:07,0.04,1.3333,8115,0.03,1.0,631,0.04,1.3333,5,0.035,1.1666,5,0
SPY190715C303,2019-07-12,2019-07-12 09:31:08,0.04,1.3333,6531,0.03,1.0,631,0.04,1.3333,5,0.035,1.1666,5,0
SPY190715C303,2019-07-12,2019-07-12 09:31:09,0.04,1.3333,6531,0.03,1.0,131,0.04,1.3333,5,0.035,1.1666,5,0
SPY190715C303,2019-07-12,2019-07-12 09:31:10,0.04,1.3333,6531,0.03,1.0,131,0.04,1.3333,5,0.035,1.1666,5,0
SPY190715C303,2019-07-12,2019-07-12 09:31:11,0.04,1.3333,6531,0.03,1.0,10,0.04,1.3333,5,0.035,1.1666,5,0
SPY190715C303,2019-07-12,2019-07-12 09:31:12,0.04,1.3333,6531,0.03,1.0,10,0.04,1.3333,5,0.035,1.1666,5,0
SPY190715C303,2019-07-12,2019-07-12 09:31:14,0.04,1.3333,8120,0.03,1.0,10,0.04,1.3333,5,0.035,1.1666,5,0
SPY190715C303,2019-07-12,2019-07-12 09:31:15,0.04,1.3333,6531,0.03,1.0,131,0.03,1.0,5,0.035,1.1666,10,5
SPY190715C303,2019-07-12,2019-07-12 09:31:26,0.03,1.0,494,0.02,0.6666,6064,0.03,1.0,60,0.025,0.8333,80,70
SPY190715C303,2019-07-12,2019-07-12 09:31:31,0.03,1.0,160,0.02,0.6666,9200,0.03,1.0,1,0.025,0.8333,81,1
SPY190715C303,2019-07-12,2019-07-12 09:31:32,0.03,1.0,150,0.02,0.6666,9561,0.03,1.0,1,0.025,0.8333,81,0
SPY190715C303,2019-07-12,2019-07-12 09:31:32,0.03,1.0,160,0.02,0.6666,7978,0.03,1.0,1,0.025,0.8333,81,0
SPY190715C303,2019-07-12,2019-07-12 09:31:33,0.03,1.0,160,0.02,0.6666,7978,0.03,1.0,1,0.025,0.8333,81,0
SPY190715C303,2019-07-12,2019-07-12 09:31:34,0.03,1.0,160,0.02,0.6666,9561,0.03,1.0,1,0.025,0.8333,81,0
SPY190715C303,2019-07-12,2019-07-12 09:31:34,0.03,1.0,145,0.02,0.6666,9561,0.03,1.0,15,0.025,0.8333,106,25
SPY190715C303,2019-07-12,2019-07-12 09:31:35,0.03,1.0,133,0.02,0.6666,9561,0.03,1.0,15,0.025,0.8333,106,0
SPY190715C303,2019-07-12,2019-07-12 09:31:36,0.03,1.0,133,0.02,0.6666,9561,0.03,1.0,15,0.025,0.8333,106,0
SPY190715C303,2019-07-12,2019-07-12 09:31:37,0.03,1.0,128,0.02,0.6666,9561,0.03,1.0,15,0.025,0.8333,106,0
SPY190715C303,2019-07-12,2019-07-12 09:31:38,0.03,1.0,138,0.02,0.6666,7978,0.03,1.0,15,0.025,0.8333,106,0
SPY190715C303,2019-07-12,2019-07-12 09:31:38,0.03,1.0,148,0.02,0.6666,7978,0.03,1.0,15,0.025,0.8333,106,0
SPY190715C303,2019-07-12,2019-07-12 09:31:39,0.03,1.0,148,0.02,0.6666,7978,0.03,1.0,15,0.025,0.8333,106,0
SPY190715C303,2019-07-12,2019-07-12 09:31:40,0.03,1.0,148,0.02,0.6666,7978,0.03,1.0,15,0.025,0.8333,106,0
SPY190715C303,2019-07-12,2019-07-12 09:31:41,0.03,1.0,431,0.02,0.6666,7978,0.03,1.0,15,0.025,0.8333,106,0
SPY190715C303,2019-07-12,2019-07-12 09:31:41,0.03,1.0,148,0.02,0.6666,7978,0.03,1.0,15,0.025,0.8333,106,0
SPY190715C303,2019-07-12,2019-07-12 09:31:42,0.03,1.0,470,0.02,0.6666,9568,0.03,1.0,15,0.025,0.8333,106,0
SPY190715C303,2019-07-12,2019-07-12 09:31:43,0.03,1.0,1745,0.02,0.6666,7769,0.03,1.0,15,0.025,0.8333,106,0
SPY190715C303,2019-07-12,2019-07-12 09:31:43,0.03,1.0,431,0.02,0.6666,8609,0.03,1.0,15,0.025,0.8333,106,0
SPY190715C303,2019-07-12,2019-07-12 09:31:44,0.03,1.0,931,0.02,0.6666,7045,0.03,1.0,15,0.025,0.8333,106,0
SPY190715C303,2019-07-12,2019-07-12 09:31:44,0.03,1.0,931,0.02,0.6666,6329,0.03,1.0,15,0.025,0.8333,106,0
SPY190715C303,2019-07-12,2019-07-12 09:31:45,0.03,1.0,931,0.02,0.6666,6329,0.03,1.0,15,0.025,0.8333,106,0
SPY190715C303,2019-07-12,2019-07-12 09:31:46,0.03,1.0,1023,0.02,0.6666,6329,0.03,1.0,15,0.025,0.8333,106,0
SPY190715C303,2019-07-12,2019-07-12 09:31:47,0.03,1.0,1856,0.02,0.6666,7731,0.03,1.0,1,0.025,0.8333,107,1
SPY190715C303,2019-07-12,2019-07-12 09:31:47,0.03,1.0,1023,0.02,0.6666,6329,0.03,1.0,15,0.025,0.8333,106,0
SPY190715C303,2019-07-12,2019-07-12 09:31:49,0.03,1.0,1856,0.02,0.6666,7731,0.03,1.0,1,0.025,0.8333,107,0
SPY190715C303,2019-07-12,2019-07-12 09:31:50,0.03,1.0,1856,0.02,0.6666,7731,0.03,1.0,1,0.025,0.8333,107,0
SPY190715C303,2019-07-12,2019-07-12 09:31:50,0.03,1.0,1023,0.02,0.6666,7731,0.03,1.0,1,0.025,0.8333,107,0
SPY190715C303,2019-07-12,2019-07-12 09:31:51,0.03,1.0,1023,0.02,0.6666,7731,0.03,1.0,1,0.025,0.8333,107,0
SPY190715C303,2019-07-12,2019-07-12 09:31:52,0.03,1.0,1127,0.02,0.6666,6189,0.03,1.0,1,0.025,0.8333,107,0
SPY190715C303,2019-07-12,2019-07-12 09:31:53,0.03,1.0,1127,0.02,0.6666,6189,0.03,1.0,1,0.025,0.8333,107,0
SPY190715C303,2019-07-12,2019-07-12 09:31:54,0.03,1.0,1990,0.02,0.6666,7731,0.03,1.0,1,0.025,0.8333,107,0
SPY190715C303,2019-07-12,2019-07-12 09:31:55,0.03,1.0,1990,0.02,0.6666,7731,0.03,1.0,1,0.025,0.8333,107,0
SPY190715C303,2019-07-12,2019-07-12 09:31:56,0.03,1.0,1990,0.02,0.6666,7731,0.03,1.0,1,0.025,0.8333,107,0
SPY190715C303,2019-07-12,2019-07-12 09:31:57,0.03,1.0,1990,0.02,0.6666,7731,0.03,1.0,1,0.025,0.8333,107,0
SPY190715C303,2019-07-12,2019-07-12 09:31:57,0.03,1.0,2003,0.02,0.6666,7731,0.03,1.0,1,0.025,0.8333,107,0
SPY190715C303,2019-07-12,2019-07-12 09:31:58,0.03,1.0,2003,0.02,0.6666,7731,0.03,1.0,1,0.025,0.8333,107,0
SPY190715C303,2019-07-12,2019-07-12 09:31:59,0.03,1.0,2003,0.02,0.6666,7731,0.03,1.0,1,0.025,0.8333,107,0
SPY190715C303,2019-07-12,2019-07-12 09:31:59,0.03,1.0,1035,0.02,0.6666,7399,0.03,1.0,1,0.025,0.8333,107,0
SPY190715C303,2019-07-12,2019-07-12 09:32:00,0.03,1.0,1035,0.02,0.6666,7399,0.03,1.0,1,0.025,0.8333,107,0
SPY190715C303,2019-07-12,2019-07-12 09:32:01,0.03,1.0,1214,0.02,0.6666,7399,0.03,1.0,1,0.025,0.8333,107,0
SPY190715C303,2019-07-12,2019-07-12 09:32:02,0.03,1.0,1214,0.02,0.6666,7729,0.03,1.0,1,0.025,0.8333,107,0
SPY190715C303,2019-07-12,2019-07-12 09:32:03,0.03,1.0,1515,0.02,0.6666,6177,0.03,1.0,1,0.025,0.8333,107,0
SPY190715C303,2019-07-12,2019-07-12 09:32:03,0.03,1.0,1515,0.02,0.6666,7729,0.03,1.0,1,0.025,0.8333,107,0
SPY190715C303,2019-07-12,2019-07-12 09:32:04,0.03,1.0,2026,0.02,0.6666,7715,0.03,1.0,1,0.025,0.8333,107,0
SPY190715C303,2019-07-12,2019-07-12 09:32:05,0.03,1.0,2026,0.02,0.6666,7715,0.03,1.0,1,0.025,0.8333,107,0
SPY190715C303,2019-07-12,2019-07-12 09:32:05,0.03,1.0,2026,0.02,0.6666,7715,0.03,1.0,2,0.025,0.8333,109,2
SPY190715C303,2019-07-12,2019-07-12 09:32:06,0.03,1.0,1103,0.02,0.6666,8608,0.03,1.0,2,0.025,0.8333,109,0
SPY190715C303,2019-07-12,2019-07-12 09:32:07,0.03,1.0,535,0.02,0.6666,7045,0.03,1.0,2,0.025,0.8333,109,0
SPY190715C303,2019-07-12,2019-07-12 09:32:08,0.03,1.0,1119,0.02,0.6666,8853,0.03,1.0,2,0.025,0.8333,109,0
SPY190715C303,2019-07-12,2019-07-12 09:32:08,0.03,1.0,1119,0.02,0.6666,7665,0.03,1.0,2,0.025,0.8333,109,0
SPY190715C303,2019-07-12,2019-07-12 09:32:09,0.03,1.0,1119,0.02,0.6666,8302,0.03,1.0,2,0.025,0.8333,109,0
SPY190715C303,2019-07-12,2019-07-12 09:32:10,0.03,1.0,1119,0.02,0.6666,8302,0.03,1.0,2,0.025,0.8333,109,0
SPY190715C303,2019-07-12,2019-07-12 09:32:11,0.03,1.0,1119,0.02,0.6666,7802,0.03,1.0,2,0.025,0.8333,109,0
SPY190715C303,2019-07-12,2019-07-12 09:32:12,0.03,1.0,1119,0.02,0.6666,7802,0.03,1.0,2,0.025,0.8333,109,0
SPY190715C303,2019-07-12,2019-07-12 09:32:12,0.03,1.0,1119,0.02,0.6666,8302,0.03,1.0,2,0.025,0.8333,109,0
SPY190715C303,2019-07-12,2019-07-12 09:32:13,0.03,1.0,1119,0.02,0.6666,8302,0.03,1.0,2,0.025,0.8333,109,0
SPY190715C303,2019-07-12,2019-07-12 09:32:14,0.03,1.0,1119,0.02,0.6666,8302,0.03,1.0,2,0.025,0.8333,109,0
SPY190715C303,2019-07-12,2019-07-12 09:32:15,0.03,1.0,1119,0.02,0.6666,8302,0.03,1.0,2,0.025,0.8333,109,0
SPY190715C303,2019-07-12,2019-07-12 09:32:16,0.03,1.0,1119,0.02,0.6666,8302,0.03,1.0,2,0.025,0.8333,109,0
SPY190715C303,2019-07-12,2019-07-12 09:32:17,0.03,1.0,1119,0.02,0.6666,8302,0.03,1.0,2,0.025,0.8333,109,0
SPY190715C303,2019-07-12,2019-07-12 09:32:18,0.03,1.0,599,0.02,0.6666,6733,0.03,1.0,2,0.025,0.8333,109,0
SPY190715C303,2019-07-12,2019-07-12 09:32:18,0.03,1.0,785,0.02,0.6666,4916,0.03,1.0,2,0.025,0.8333,109,0
SPY190715C303,2019-07-12,2019-07-12 09:32:19,0.03,1.0,1349,0.02,0.6666,5212,0.03,1.0,2,0.025,0.8333,109,0
SPY190715C303,2019-07-12,2019-07-12 09:32:19,0.03,1.0,525,0.02,0.6666,5144,0.03,1.0,2,0.025,0.8333,109,0
SPY190715C303,2019-07-12,2019-07-12 09:32:20,0.03,1.0,423,0.02,0.6666,5144,0.03,1.0,2,0.025,0.8333,109,0
SPY190715C303,2019-07-12,2019-07-12 09:32:20,0.03,1.0,433,0.02,0.6666,6654,0.03,1.0,2,0.025,0.8333,109,0
SPY190715C303,2019-07-12,2019-07-12 09:32:21,0.03,1.0,251,0.02,0.6666,9121,0.03,1.0,2,0.025,0.8333,109,0
SPY190715C303,2019-07-12,2019-07-12 09:32:21,0.03,1.0,251,0.02,0.6666,6335,0.03,1.0,2,0.025,0.8333,109,0
SPY190715C303,2019-07-12,2019-07-12 09:32:22,0.03,1.0,206,0.02,0.6666,9121,0.03,1.0,2,0.025,0.8333,109,0
SPY190715C303,2019-07-12,2019-07-12 09:32:23,0.03,1.0,206,0.02,0.6666,9539,0.03,1.0,2,0.025,0.8333,109,0
SPY190715C303,2019-07-12,2019-07-12 09:32:24,0.03,1.0,509,0.02,0.6666,9461,0.03,1.0,2,0.025,0.8333,109,0
SPY190715C303,2019-07-12,2019-07-12 09:32:24,0.03,1.0,621,0.02,0.6666,9461,0.03,1.0,2,0.025,0.8333,109,0
SPY190715C303,2019-07-12,2019-07-12 09:32:25,0.03,1.0,621,0.02,0.6666,7902,0.03,1.0,2,0.025,0.8333,109,0
SPY190715C303,2019-07-12,2019-07-12 09:32:25,0.03,1.0,1048,0.02,0.6666,9473,0.03,1.0,2,0.025,0.8333,109,0
SPY190715C303,2019-07-12,2019-07-12 09:32:26,0.03,1.0,860,0.02,0.6666,9145,0.03,1.0,2,0.025,0.8333,109,0
SPY190715C303,2019-07-12,2019-07-12 09:32:27,0.03,1.0,769,0.02,0.6666,7920,0.03,1.0,2,0.025,0.8333,109,0
SPY190715C303,2019-07-12,2019-07-12 09:32:28,0.03,1.0,1681,0.02,0.6666,8264,0.03,1.0,2,0.025,0.8333,109,0
SPY190715C303,2019-07-12,2019-07-12 09:32:28,0.03,1.0,1594,0.02,0.6666,7920,0.03,1.0,2,0.025,0.8333,109,0
SPY190715C303,2019-07-12,2019-07-12 09:32:29,0.03,1.0,949,0.02,0.6666,7920,0.03,1.0,2,0.025,0.8333,109,0
SPY190715C303,2019-07-12,2019-07-12 09:32:30,0.03,1.0,991,0.02,0.6666,8245,0.03,1.0,2,0.025,0.8333,109,0
SPY190715C303,2019-07-12,2019-07-12 09:32:31,0.03,1.0,991,0.02,0.6666,7699,0.03,1.0,2,0.025,0.8333,109,0
SPY190715C303,2019-07-12,2019-07-12 09:32:32,0.03,1.0,423,0.02,0.6666,4729,0.03,1.0,2,0.025,0.8333,109,0
SPY190715C303,2019-07-12,2019-07-12 09:32:32,0.03,1.0,196,0.02,0.6666,4729,0.03,1.0,2,0.025,0.8333,109,0
SPY190715C303,2019-07-12,2019-07-12 09:32:33,0.03,1.0,433,0.02,0.6666,8056,0.03,1.0,2,0.025,0.8333,109,0
SPY190715C303,2019-07-12,2019-07-12 09:32:33,0.03,1.0,546,0.02,0.6666,6367,0.03,1.0,2,0.025,0.8333,109,0
SPY190715C303,2019-07-12,2019-07-12 09:32:34,0.03,1.0,1016,0.02,0.6666,8263,0.03,1.0,2,0.025,0.8333,109,0
SPY190715C303,2019-07-12,2019-07-12 09:32:34,0.03,1.0,433,0.02,0.6666,8253,0.03,1.0,2,0.025,0.8333,109,0
SPY190715C303,2019-07-12,2019-07-12 09:32:35,0.03,1.0,1016,0.02,0.6666,8263,0.03,1.0,2,0.025,0.8333,109,0
SPY190715C303,2019-07-12,2019-07-12 09:32:36,0.03,1.0,1016,0.02,0.6666,8263,0.03,1.0,2,0.025,0.8333,109,0
SPY190715C303,2019-07-12,2019-07-12 09:32:37,0.03,1.0,923,0.02,0.6666,6356,0.03,1.0,2,0.025,0.8333,109,0
SPY190715C303,2019-07-12,2019-07-12 09:32:37,0.03,1.0,923,0.02,0.6666,7894,0.03,1.0,2,0.025,0.8333,109,0
SPY190715C303,2019-07-12,2019-07-12 09:32:38,0.03,1.0,933,0.02,0.6666,7904,0.03,1.0,2,0.025,0.8333,109,0
SPY190715C303,2019-07-12,2019-07-12 09:32:39,0.03,1.0,1006,0.02,0.6666,8257,0.03,1.0,2,0.025,0.8333,109,0
SPY190715C303,2019-07-12,2019-07-12 09:32:40,0.03,1.0,1114,0.02,0.6666,8262,0.03,1.0,2,0.025,0.8333,109,0
SPY190715C303,2019-07-12,2019-07-12 09:32:40,0.03,1.0,1006,0.02,0.6666,8257,0.03,1.0,2,0.025,0.8333,109,0
SPY190715C303,2019-07-12,2019-07-12 09:32:41,0.03,1.0,1114,0.02,0.6666,6719,0.03,1.0,2,0.025,0.8333,109,0
SPY190715C303,2019-07-12,2019-07-12 09:32:42,0.03,1.0,1114,0.02,0.6666,6679,0.03,1.0,2,0.025,0.8333,109,0
SPY190715C303,2019-07-12,2019-07-12 09:32:42,0.03,1.0,1114,0.02,0.6666,6140,0.03,1.0,2,0.025,0.8333,109,0
SPY190715C303,2019-07-12,2019-07-12 09:32:43,0.03,1.0,1114,0.02,0.6666,6140,0.03,1.0,2,0.025,0.8333,109,0
SPY190715C303,2019-07-12,2019-07-12 09:32:44,0.03,1.0,1114,0.02,0.6666,6140,0.03,1.0,2,0.025,0.8333,109,0
SPY190715C303,2019-07-12,2019-07-12 09:32:44,0.03,1.0,2037,0.02,0.6666,5489,0.03,1.0,2,0.025,0.8333,109,0
SPY190715C303,2019-07-12,2019-07-12 09:32:45,0.03,1.0,2037,0.02,0.6666,5049,0.03,1.0,2,0.025,0.8333,109,0
SPY190715C303,2019-07-12,2019-07-12 09:32:46,0.03,1.0,2037,0.02,0.6666,5457,0.03,1.0,2,0.025,0.8333,109,0
SPY190715C303,2019-07-12,2019-07-12 09:32:47,0.03,1.0,2037,0.02,0.6666,5432,0.03,1.0,2,0.025,0.8333,109,0
SPY190715C303,2019-07-12,2019-07-12 09:32:48,0.03,1.0,1469,0.02,0.6666,5049,0.03,1.0,2,0.025,0.8333,109,0
SPY190715C303,2019-07-12,2019-07-12 09:32:48,0.03,1.0,1969,0.02,0.6666,3678,0.03,1.0,2,0.025,0.8333,109,0
SPY190715C303,2019-07-12,2019-07-12 09:32:49,0.03,1.0,1969,0.02,0.6666,5179,0.03,1.0,2,0.025,0.8333,109,0
SPY190715C303,2019-07-12,2019-07-12 09:32:49,0.03,1.0,1969,0.02,0.6666,6367,0.03,1.0,2,0.025,0.8333,109,0
SPY190715C303,2019-07-12,2019-07-12 09:32:50,0.03,1.0,2031,0.02,0.6666,5374,0.03,1.0,2,0.025,0.8333,109,0
SPY190715C303,2019-07-12,2019-07-12 09:32:50,0.03,1.0,2031,0.02,0.6666,5370,0.03,1.0,2,0.025,0.8333,109,0
SPY190715C303,2019-07-12,2019-07-12 09:32:51,0.03,1.0,2031,0.02,0.6666,4312,0.03,1.0,2,0.025,0.8333,109,0
SPY190715C303,2019-07-12,2019-07-12 09:32:51,0.03,1.0,2031,0.02,0.6666,4967,0.03,1.0,2,0.025,0.8333,109,0
SPY190715C303,2019-07-12,2019-07-12 09:32:52,0.03,1.0,2031,0.02,0.6666,4967,0.03,1.0,2,0.025,0.8333,109,0
SPY190715C303,2019-07-12,2019-07-12 09:32:53,0.03,1.0,2031,0.02,0.6666,4967,0.03,1.0,2,0.025,0.8333,109,0
SPY190715C303,2019-07-12,2019-07-12 09:32:54,0.03,1.0,2031,0.02,0.6666,5130,0.03,1.0,2,0.025,0.8333,109,0
SPY190715C303,2019-07-12,2019-07-12 09:32:55,0.03,1.0,2031,0.02,0.6666,7553,0.03,1.0,2,0.025,0.8333,109,0
SPY190715C303,2019-07-12,2019-07-12 09:32:56,0.03,1.0,2031,0.02,0.6666,7553,0.03,1.0,2,0.025,0.8333,109,0
SPY190715C303,2019-07-12,2019-07-12 09:32:57,0.03,1.0,2031,0.02,0.6666,7553,0.03,1.0,2,0.025,0.8333,109,0
SPY190715C303,2019-07-12,2019-07-12 09:32:58,0.03,1.0,3021,0.02,0.6666,7537,0.03,1.0,2,0.025,0.8333,109,0
SPY190715C303,2019-07-12,2019-07-12 09:32:58,0.03,1.0,3129,0.02,0.6666,7537,0.03,1.0,2,0.025,0.8333,109,0
SPY190715C303,2019-07-12,2019-07-12 09:32:59,0.03,1.0,3021,0.02,0.6666,7537,0.03,1.0,2,0.025,0.8333,109,0
SPY190715C303,2019-07-12,2019-07-12 09:32:59,0.03,1.0,2144,0.02,0.6666,7302,0.03,1.0,2,0.025,0.8333,109,0
SPY190715C303,2019-07-12,2019-07-12 09:33:00,0.03,1.0,2157,0.02,0.6666,7311,0.03,1.0,2,0.025,0.8333,109,0
SPY190715C303,2019-07-12,2019-07-12 09:33:00,0.03,1.0,2014,0.02,0.6666,7296,0.03,1.0,2,0.025,0.8333,109,0
SPY190715C303,2019-07-12,2019-07-12 09:33:01,0.03,1.0,2237,0.02,0.6666,7550,0.03,1.0,2,0.025,0.8333,109,0
SPY190715C303,2019-07-12,2019-07-12 09:33:02,0.03,1.0,2237,0.02,0.6666,7550,0.03,1.0,2,0.025,0.8333,109,0
SPY190715C303,2019-07-12,2019-07-12 09:33:03,0.03,1.0,2257,0.02,0.6666,7558,0.03,1.0,2,0.025,0.8333,109,0
SPY190715C303,2019-07-12,2019-07-12 09:33:03,0.03,1.0,1301,0.02,0.6666,6023,0.03,1.0,2,0.025,0.8333,109,0
SPY190715C303,2019-07-12,2019-07-12 09:33:04,0.03,1.0,2257,0.02,0.6666,7558,0.03,1.0,2,0.025,0.8333,109,0
SPY190715C303,2019-07-12,2019-07-12 09:33:05,0.03,1.0,2257,0.02,0.6666,7558,0.03,1.0,2,0.025,0.8333,109,0
SPY190715C303,2019-07-12,2019-07-12 09:33:06,0.03,1.0,2257,0.02,0.6666,7558,0.03,1.0,2,0.025,0.8333,109,0
SPY190715C303,2019-07-12,2019-07-12 09:33:07,0.03,1.0,2257,0.02,0.6666,7558,0.03,1.0,2,0.025,0.8333,109,0
SPY190715C303,2019-07-12,2019-07-12 09:33:08,0.03,1.0,2257,0.02,0.6666,7558,0.03,1.0,2,0.025,0.8333,109,0
SPY190715C303,2019-07-12,2019-07-12 09:33:09,0.03,1.0,2423,0.02,0.6666,7559,0.02,0.6666,35,0.025,0.8333,179,70
SPY190715C303,2019-07-12,2019-07-12 09:33:09,0.03,1.0,2423,0.02,0.6666,7559,0.02,0.6666,35,0.025,0.8333,179,0
SPY190715C303,2019-07-12,2019-07-12 09:33:10,0.03,1.0,1437,0.02,0.6666,6023,0.02,0.6666,35,0.025,0.8333,179,0
SPY190715C303,2019-07-12,2019-07-12 09:33:11,0.03,1.0,1437,0.02,0.6666,6023,0.02,0.6666,35,0.025,0.8333,179,0
SPY190715C303,2019-07-12,2019-07-12 09:33:12,0.03,1.0,2475,0.02,0.6666,7560,0.02,0.6666,35,0.025,0.8333,179,0
SPY190715C303,2019-07-12,2019-07-12 09:33:13,0.03,1.0,1357,0.02,0.6666,5784,0.02,0.6666,35,0.025,0.8333,179,0
SPY190715C303,2019-07-12,2019-07-12 09:33:13,0.03,1.0,1347,0.02,0.6666,5774,0.02,0.6666,35,0.025,0.8333,179,0
SPY190715C303,2019-07-12,2019-07-12 09:33:14,0.03,1.0,1357,0.02,0.6666,5784,0.02,0.6666,35,0.025,0.8333,179,0
SPY190715C303,2019-07-12,2019-07-12 09:33:14,0.03,1.0,2382,0.02,0.6666,7636,0.02,0.6666,35,0.025,0.8333,179,0
SPY190715C303,2019-07-12,2019-07-12 09:33:15,0.03,1.0,2382,0.02,0.6666,7636,0.02,0.6666,35,0.025,0.8333,179,0
SPY190715C303,2019-07-12,2019-07-12 09:33:16,0.03,1.0,3559,0.02,0.6666,9165,0.02,0.6666,35,0.025,0.8333,179,0
SPY190715C303,2019-07-12,2019-07-12 09:33:16,0.03,1.0,3171,0.02,0.6666,9165,0.02,0.6666,35,0.025,0.8333,179,0
SPY190715C303,2019-07-12,2019-07-12 09:33:17,0.03,1.0,3204,0.02,0.6666,9165,0.02,0.6666,35,0.025,0.8333,179,0
SPY190715C303,2019-07-12,2019-07-12 09:33:18,0.03,1.0,3204,0.02,0.6666,9165,0.02,0.6666,35,0.025,0.8333,179,0
SPY190715C303,2019-07-12,2019-07-12 09:33:19,0.03,1.0,3204,0.02,0.6666,9165,0.02,0.6666,35,0.025,0.8333,179,0
SPY190715C303,2019-07-12,2019-07-12 09:33:20,0.03,1.0,2009,0.02,0.6666,7591,0.02,0.6666,35,0.025,0.8333,179,0
SPY190715C303,2019-07-12,2019-07-12 09:33:20,0.03,1.0,3204,0.02,0.6666,9165,0.02,0.6666,35,0.025,0.8333,179,0
SPY190715C303,2019-07-12,2019-07-12 09:33:21,0.03,1.0,2801,0.02,0.6666,6976,0.02,0.6666,35,0.025,0.8333,179,0
SPY190715C303,2019-07-12,2019-07-12 09:33:21,0.03,1.0,2491,0.02,0.6666,5288,0.02,0.6666,35,0.025,0.8333,179,0
SPY190715C303,2019-07-12,2019-07-12 09:33:22,0.03,1.0,3005,0.02,0.6666,6868,0.02,0.6666,35,0.025,0.8333,179,0
SPY190715C303,2019-07-12,2019-07-12 09:33:23,0.03,1.0,3005,0.02,0.6666,6981,0.02,0.6666,35,0.025,0.8333,179,0
SPY190715C303,2019-07-12,2019-07-12 09:33:23,0.03,1.0,2666,0.02,0.6666,5491,0.02,0.6666,35,0.025,0.8333,179,0
SPY190715C303,2019-07-12,2019-07-12 09:33:24,0.03,1.0,2802,0.02,0.6666,7903,0.02,0.6666,10,0.025,0.8333,189,10
SPY190715C303,2019-07-12,2019-07-12 09:33:25,0.03,1.0,2676,0.02,0.6666,7903,0.02,0.6666,10,0.025,0.8333,189,0
SPY190715C303,2019-07-12,2019-07-12 09:33:25,0.03,1.0,2819,0.02,0.6666,8120,0.02,0.6666,10,0.025,0.8333,189,0
SPY190715C303,2019-07-12,2019-07-12 09:33:26,0.03,1.0,4009,0.02,0.6666,9695,0.02,0.6666,10,0.025,0.8333,189,0
SPY190715C303,2019-07-12,2019-07-12 09:33:26,0.03,1.0,3921,0.02,0.6666,9140,0.02,0.6666,10,0.025,0.8333,189,0
SPY190715C303,2019-07-12,2019-07-12 09:33:27,0.03,1.0,2864,0.02,0.6666,8161,0.02,0.6666,10,0.025,0.8333,189,0
SPY190715C303,2019-07-12,2019-07-12 09:33:27,0.03,1.0,3921,0.02,0.6666,9140,0.02,0.6666,10,0.025,0.8333,189,0
SPY190715C303,2019-07-12,2019-07-12 09:33:28,0.03,1.0,4021,0.02,0.6666,9730,0.02,0.6666,10,0.025,0.8333,189,0
SPY190715C303,2019-07-12,2019-07-12 09:33:29,0.03,1.0,4067,0.02,0.6666,9737,0.02,0.6666,10,0.025,0.8333,189,0
SPY190715C303,2019-07-12,2019-07-12 09:33:30,0.03,1.0,3916,0.02,0.6666,9128,0.02,0.6666,10,0.025,0.8333,189,0
SPY190715C303,2019-07-12,2019-07-12 09:33:30,0.03,1.0,3705,0.02,0.6666,9128,0.02,0.6666,10,0.025,0.8333,189,0
SPY190715C303,2019-07-12,2019-07-12 09:33:31,0.03,1.0,2532,0.02,0.6666,5163,0.02,0.6666,10,0.025,0.8333,189,0
SPY190715C303,2019-07-12,2019-07-12 09:33:32,0.03,1.0,2216,0.02,0.6666,5807,0.02,0.6666,10,0.025,0.8333,189,0
SPY190715C303,2019-07-12,2019-07-12 09:33:32,0.03,1.0,3401,0.02,0.6666,7038,0.02,0.6666,10,0.025,0.8333,189,0
SPY190715C303,2019-07-12,2019-07-12 09:33:33,0.03,1.0,4761,0.02,0.6666,9483,0.02,0.6666,10,0.025,0.8333,189,0
SPY190715C303,2019-07-12,2019-07-12 09:33:33,0.03,1.0,3401,0.02,0.6666,9483,0.02,0.6666,10,0.025,0.8333,189,0
SPY190715C303,2019-07-12,2019-07-12 09:33:34,0.03,1.0,2216,0.02,0.6666,7962,0.02,0.6666,10,0.025,0.8333,189,0
SPY190715C303,2019-07-12,2019-07-12 09:33:35,0.03,1.0,2216,0.02,0.6666,7962,0.02,0.6666,10,0.025,0.8333,189,0
SPY190715C303,2019-07-12,2019-07-12 09:33:36,0.03,1.0,4389,0.02,0.6666,9534,0.02,0.6666,10,0.025,0.8333,189,0
SPY190715C303,2019-07-12,2019-07-12 09:33:37,0.03,1.0,3102,0.02,0.6666,7962,0.02,0.6666,10,0.025,0.8333,189,0
SPY190715C303,2019-07-12,2019-07-12 09:33:38,0.03,1.0,3102,0.02,0.6666,7962,0.02,0.6666,10,0.025,0.8333,189,0
SPY190715C303,2019-07-12,2019-07-12 09:33:39,0.03,1.0,2988,0.02,0.6666,7594,0.02,0.6666,10,0.025,0.8333,189,0
SPY190715C303,2019-07-12,2019-07-12 09:33:39,0.03,1.0,2942,0.02,0.6666,7594,0.02,0.6666,10,0.025,0.8333,189,0
SPY190715C303,2019-07-12,2019-07-12 09:33:40,0.03,1.0,2942,0.02,0.6666,7594,0.02,0.6666,10,0.025,0.8333,189,0
SPY190715C303,2019-07-12,2019-07-12 09:33:40,0.03,1.0,4308,0.02,0.6666,9561,0.02,0.6666,10,0.025,0.8333,189,0
SPY190715C303,2019-07-12,2019-07-12 09:33:41,0.03,1.0,4308,0.02,0.6666,9561,0.02,0.6666,10,0.025,0.8333,189,0
SPY190715C303,2019-07-12,2019-07-12 09:33:42,0.03,1.0,4308,0.02,0.6666,9561,0.02,0.6666,10,0.025,0.8333,189,0
SPY190715C303,2019-07-12,2019-07-12 09:33:43,0.03,1.0,4225,0.02,0.6666,9176,0.02,0.6666,10,0.025,0.8333,189,0
SPY190715C303,2019-07-12,2019-07-12 09:33:43,0.03,1.0,4216,0.02,0.6666,9169,0.02,0.6666,10,0.025,0.8333,189,0
SPY190715C303,2019-07-12,2019-07-12 09:33:44,0.03,1.0,3067,0.02,0.6666,7977,0.02,0.6666,10,0.025,0.8333,189,0
SPY190715C303,2019-07-12,2019-07-12 09:33:44,0.03,1.0,4216,0.02,0.6666,9169,0.02,0.6666,10,0.025,0.8333,189,0
SPY190715C303,2019-07-12,2019-07-12 09:33:45,0.03,1.0,3067,0.02,0.6666,7977,0.02,0.6666,10,0.025,0.8333,189,0
SPY190715C303,2019-07-12,2019-07-12 09:33:46,0.03,1.0,3067,0.02,0.6666,7977,0.02,0.6666,10,0.025,0.8333,189,0
SPY190715C303,2019-07-12,2019-07-12 09:33:47,0.03,1.0,3067,0.02,0.6666,7977,0.02,0.6666,10,0.025,0.8333,189,0
SPY190715C303,2019-07-12,2019-07-12 09:33:48,0.03,1.0,4356,0.02,0.6666,9559,0.02,0.6666,10,0.025,0.8333,189,0
SPY190715C303,2019-07-12,2019-07-12 09:33:48,0.03,1.0,3067,0.02,0.6666,7977,0.02,0.6666,10,0.025,0.8333,189,0
SPY190715C303,2019-07-12,2019-07-12 09:33:49,0.03,1.0,4356,0.02,0.6666,9559,0.02,0.6666,10,0.025,0.8333,189,0
SPY190715C303,2019-07-12,2019-07-12 09:33:50,0.03,1.0,2942,0.02,0.6666,7594,0.02,0.6666,10,0.025,0.8333,189,0
SPY190715C303,2019-07-12,2019-07-12 09:33:51,0.03,1.0,4218,0.02,0.6666,9169,0.02,0.6666,10,0.025,0.8333,189,0
SPY190715C303,2019-07-12,2019-07-12 09:33:51,0.03,1.0,2942,0.02,0.6666,7594,0.02,0.6666,10,0.025,0.8333,189,0
SPY190715C303,2019-07-12,2019-07-12 09:33:52,0.03,1.0,2932,0.02,0.6666,5139,0.02,0.6666,10,0.025,0.8333,189,0
SPY190715C303,2019-07-12,2019-07-12 09:33:52,0.03,1.0,4255,0.02,0.6666,9496,0.02,0.6666,10,0.025,0.8333,189,0
SPY190715C303,2019-07-12,2019-07-12 09:33:53,0.03,1.0,2938,0.02,0.6666,7356,0.02,0.6666,10,0.025,0.8333,189,0
SPY190715C303,2019-07-12,2019-07-12 09:33:53,0.03,1.0,2938,0.02,0.6666,5870,0.02,0.6666,10,0.025,0.8333,189,0
SPY190715C303,2019-07-12,2019-07-12 09:33:54,0.03,1.0,4214,0.02,0.6666,6648,0.02,0.6666,10,0.025,0.8333,189,0
SPY190715C303,2019-07-12,2019-07-12 09:33:54,0.03,1.0,2928,0.02,0.6666,7525,0.02,0.6666,10,0.025,0.8333,189,0
SPY190715C303,2019-07-12,2019-07-12 09:33:55,0.03,1.0,4212,0.02,0.6666,9108,0.02,0.6666,10,0.025,0.8333,189,0
SPY190715C303,2019-07-12,2019-07-12 09:33:56,0.03,1.0,2938,0.02,0.6666,7535,0.02,0.6666,10,0.025,0.8333,189,0
SPY190715C303,2019-07-12,2019-07-12 09:33:57,0.03,1.0,4309,0.02,0.6666,9521,0.02,0.6666,10,0.025,0.8333,189,0
SPY190715C303,2019-07-12,2019-07-12 09:33:58,0.03,1.0,4309,0.02,0.6666,9521,0.02,0.6666,10,0.025,0.8333,189,0
SPY190715C303,2019-07-12,2019-07-12 09:33:59,0.03,1.0,4309,0.02,0.6666,9521,0.02,0.6666,10,0.025,0.8333,189,0
SPY190715C303,2019-07-12,2019-07-12 09:34:00,0.03,1.0,4309,0.02,0.6666,9521,0.02,0.6666,10,0.025,0.8333,189,0
SPY190715C303,2019-07-12,2019-07-12 09:34:01,0.03,1.0,3809,0.02,0.6666,4659,0.02,0.6666,10,0.025,0.8333,189,0
SPY190715C303,2019-07-12,2019-07-12 09:34:01,0.03,1.0,4259,0.02,0.6666,7197,0.02,0.6666,10,0.025,0.8333,189,0
SPY190715C303,2019-07-12,2019-07-12 09:34:02,0.03,1.0,3014,0.02,0.6666,8060,0.02,0.6666,10,0.025,0.8333,189,0
SPY190715C303,2019-07-12,2019-07-12 09:34:02,0.03,1.0,4269,0.02,0.6666,9581,0.02,0.6666,10,0.025,0.8333,189,0
SPY190715C303,2019-07-12,2019-07-12 09:34:03,0.03,1.0,4297,0.02,0.6666,9654,0.02,0.6666,10,0.025,0.8333,189,0
SPY190715C303,2019-07-12,2019-07-12 09:34:04,0.03,1.0,4297,0.02,0.6666,9643,0.02,0.6666,10,0.025,0.8333,189,0
SPY190715C303,2019-07-12,2019-07-12 09:34:04,0.03,1.0,4297,0.02,0.6666,9654,0.02,0.6666,10,0.025,0.8333,189,0
SPY190715C303,2019-07-12,2019-07-12 09:34:05,0.03,1.0,4297,0.02,0.6666,9643,0.02,0.6666,10,0.025,0.8333,189,0
SPY190715C303,2019-07-12,2019-07-12 09:34:05,0.03,1.0,3024,0.02,0.6666,8059,0.02,0.6666,10,0.025,0.8333,189,0
SPY190715C303,2019-07-12,2019-07-12 09:34:06,0.03,1.0,4297,0.02,0.6666,9643,0.02,0.6666,10,0.025,0.8333,189,0
SPY190715C303,2019-07-12,2019-07-12 09:34:07,0.03,1.0,4297,0.02,0.6666,9643,0.02,0.6666,10,0.025,0.8333,189,0
SPY190715C303,2019-07-12,2019-07-12 09:34:08,0.03,1.0,4297,0.02,0.6666,9643,0.02,0.6666,10,0.025,0.8333,189,0
SPY190715C303,2019-07-12,2019-07-12 09:34:09,0.03,1.0,4297,0.02,0.6666,9643,0.02,0.6666,10,0.025,0.8333,189,0
SPY190715C303,2019-07-12,2019-07-12 09:34:09,0.03,1.0,3024,0.02,0.6666,6365,0.02,0.6666,10,0.025,0.8333,189,0
SPY190715C303,2019-07-12,2019-07-12 09:34:10,0.03,1.0,4339,0.02,0.6666,6365,0.02,0.6666,10,0.025,0.8333,189,0
SPY190715C303,2019-07-12,2019-07-12 09:34:10,0.03,1.0,4296,0.02,0.6666,6365,0.02,0.6666,10,0.025,0.8333,189,0
SPY190715C303,2019-07-12,2019-07-12 09:34:11,0.03,1.0,3067,0.02,0.6666,6376,0.02,0.6666,10,0.025,0.8333,189,0
SPY190715C303,2019-07-12,2019-07-12 09:34:12,0.03,1.0,3203,0.02,0.6666,6309,0.02,0.6666,10,0.025,0.8333,189,0
SPY190715C303,2019-07-12,2019-07-12 09:34:12,0.03,1.0,3203,0.02,0.6666,6376,0.02,0.6666,10,0.025,0.8333,189,0
SPY190715C303,2019-07-12,2019-07-12 09:34:13,0.03,1.0,3203,0.02,0.6666,6293,0.02,0.6666,10,0.025,0.8333,189,0
SPY190715C303,2019-07-12,2019-07-12 09:34:13,0.03,1.0,3203,0.02,0.6666,5533,0.02,0.6666,10,0.025,0.8333,189,0
SPY190715C303,2019-07-12,2019-07-12 09:34:14,0.03,1.0,3203,0.02,0.6666,6071,0.02,0.6666,10,0.025,0.8333,189,0
SPY190715C303,2019-07-12,2019-07-12 09:34:15,0.03,1.0,4683,0.02,0.6666,7054,0.02,0.6666,10,0.025,0.8333,189,0
SPY190715C303,2019-07-12,2019-07-12 09:34:16,0.03,1.0,4683,0.02,0.6666,7054,0.02,0.6666,10,0.025,0.8333,189,0
SPY190715C303,2019-07-12,2019-07-12 09:34:17,0.03,1.0,3092,0.02,0.6666,5545,0.02,0.6666,10,0.025,0.8333,189,0
SPY190715C303,2019-07-12,2019-07-12 09:34:17,0.03,1.0,3236,0.02,0.6666,6821,0.02,0.6666,10,0.025,0.8333,189,0
SPY190715C303,2019-07-12,2019-07-12 09:34:18,0.03,1.0,3236,0.02,0.6666,6821,0.02,0.6666,10,0.025,0.8333,189,0
SPY190715C303,2019-07-12,2019-07-12 09:34:18,0.03,1.0,4543,0.02,0.6666,6648,0.02,0.6666,10,0.025,0.8333,189,0
SPY190715C303,2019-07-12,2019-07-12 09:34:19,0.03,1.0,4543,0.02,0.6666,9049,0.02,0.6666,10,0.025,0.8333,189,0
SPY190715C303,2019-07-12,2019-07-12 09:34:20,0.03,1.0,3236,0.02,0.6666,7540,0.02,0.6666,10,0.025,0.8333,189,0
SPY190715C303,2019-07-12,2019-07-12 09:34:21,0.03,1.0,3452,0.02,0.6666,7540,0.02,0.6666,10,0.025,0.8333,189,0
SPY190715C303,2019-07-12,2019-07-12 09:34:21,0.03,1.0,3236,0.02,0.6666,7540,0.02,0.6666,10,0.025,0.8333,189,0
SPY190715C303,2019-07-12,2019-07-12 09:34:22,0.03,1.0,3451,0.02,0.6666,7540,0.02,0.6666,10,0.025,0.8333,189,0
SPY190715C303,2019-07-12,2019-07-12 09:34:22,0.03,1.0,3236,0.02,0.6666,7540,0.02,0.6666,10,0.025,0.8333,189,0
SPY190715C303,2019-07-12,2019-07-12 09:34:23,0.03,1.0,3459,0.02,0.6666,7540,0.02,0.6666,10,0.025,0.8333,189,0
SPY190715C303,2019-07-12,2019-07-12 09:34:24,0.03,1.0,3451,0.02,0.6666,7540,0.02,0.6666,10,0.025,0.8333,189,0
SPY190715C303,2019-07-12,2019-07-12 09:34:25,0.03,1.0,3451,0.02,0.6666,7540,0.02,0.6666,10,0.025,0.8333,189,0
SPY190715C303,2019-07-12,2019-07-12 09:34:26,0.03,1.0,3451,0.02,0.6666,7540,0.02,0.6666,10,0.025,0.8333,189,0
SPY190715C303,2019-07-12,2019-07-12 09:34:26,0.03,1.0,4679,0.02,0.6666,9464,0.02,0.6666,10,0.025,0.8333,189,0
SPY190715C303,2019-07-12,2019-07-12 09:34:27,0.03,1.0,3451,0.02,0.6666,7891,0.02,0.6666,10,0.025,0.8333,189,0
SPY190715C303,2019-07-12,2019-07-12 09:34:28,0.03,1.0,4692,0.02,0.6666,9471,0.02,0.6666,10,0.025,0.8333,189,0
SPY190715C303,2019-07-12,2019-07-12 09:34:29,0.03,1.0,3451,0.02,0.6666,8116,0.02,0.6666,10,0.025,0.8333,189,0
SPY190715C303,2019-07-12,2019-07-12 09:34:29,0.03,1.0,4692,0.02,0.6666,9471,0.02,0.6666,10,0.025,0.8333,189,0
SPY190715C303,2019-07-12,2019-07-12 09:34:30,0.03,1.0,4692,0.02,0.6666,9701,0.02,0.6666,10,0.025,0.8333,189,0
SPY190715C303,2019-07-12,2019-07-12 09:34:31,0.03,1.0,4692,0.02,0.6666,9701,0.03,1.0,1,0.025,0.8333,190,0
SPY190715C303,2019-07-12,2019-07-12 09:34:31,0.03,1.0,4692,0.02,0.6666,9701,0.03,1.0,1,0.025,0.8333,190,1
SPY190715C303,2019-07-12,2019-07-12 09:34:32,0.03,1.0,4692,0.02,0.6666,9701,0.03,1.0,1,0.025,0.8333,190,0
SPY190715C303,2019-07-12,2019-07-12 09:34:33,0.03,1.0,3372,0.02,0.6666,8116,0.03,1.0,1,0.025,0.8333,190,0
SPY190715C303,2019-07-12,2019-07-12 09:34:34,0.03,1.0,3372,0.02,0.6666,8116,0.03,1.0,1,0.025,0.8333,190,0
SPY190715C303,2019-07-12,2019-07-12 09:34:34,0.03,1.0,4717,0.02,0.6666,9701,0.03,1.0,1,0.025,0.8333,190,0
SPY190715C303,2019-07-12,2019-07-12 09:34:35,0.03,1.0,3350,0.02,0.6666,8116,0.03,1.0,1,0.025,0.8333,190,0
SPY190715C303,2019-07-12,2019-07-12 09:34:36,0.03,1.0,3350,0.02,0.6666,8116,0.03,1.0,1,0.025,0.8333,190,0
SPY190715C303,2019-07-12,2019-07-12 09:34:37,0.03,1.0,4692,0.02,0.6666,9468,0.03,1.0,1,0.025,0.8333,190,0
SPY190715C303,2019-07-12,2019-07-12 09:34:37,0.03,1.0,3423,0.02,0.6666,8973,0.03,1.0,1,0.025,0.8333,190,0
SPY190715C303,2019-07-12,2019-07-12 09:34:38,0.03,1.0,4534,0.02,0.6666,9120,0.03,1.0,1,0.025,0.8333,190,0
SPY190715C303,2019-07-12,2019-07-12 09:34:39,0.03,1.0,3214,0.02,0.6666,7202,0.03,1.0,1,0.025,0.8333,190,0
SPY190715C303,2019-07-12,2019-07-12 09:34:39,0.03,1.0,4520,0.02,0.6666,8768,0.03,1.0,1,0.025,0.8333,190,0
SPY190715C303,2019-07-12,2019-07-12 09:34:40,0.03,1.0,4520,0.02,0.6666,8768,0.03,1.0,1,0.025,0.8333,190,0
SPY190715C303,2019-07-12,2019-07-12 09:34:40,0.03,1.0,3626,0.02,0.6666,7269,0.03,1.0,1,0.025,0.8333,190,0
SPY190715C303,2019-07-12,2019-07-12 09:34:41,0.03,1.0,4260,0.02,0.6666,9574,0.03,1.0,1,0.025,0.8333,190,0
SPY190715C303,2019-07-12,2019-07-12 09:34:41,0.03,1.0,4260,0.02,0.6666,8754,0.03,1.0,1,0.025,0.8333,190,0
SPY190715C303,2019-07-12,2019-07-12 09:34:42,0.03,1.0,4332,0.02,0.6666,9138,0.03,1.0,1,0.025,0.8333,190,0
SPY190715C303,2019-07-12,2019-07-12 09:34:43,0.03,1.0,4332,0.02,0.6666,9138,0.03,1.0,1,0.025,0.8333,190,0
SPY190715C303,2019-07-12,2019-07-12 09:34:44,0.03,1.0,4332,0.02,0.6666,9138,0.03,1.0,1,0.025,0.8333,190,0
SPY190715C303,2019-07-12,2019-07-12 09:34:45,0.03,1.0,4332,0.02,0.6666,9138,0.03,1.0,1,0.025,0.8333,190,0
SPY190715C303,2019-07-12,2019-07-12 09:34:46,0.03,1.0,4332,0.02,0.6666,9138,0.03,1.0,1,0.025,0.8333,190,0
SPY190715C303,2019-07-12,2019-07-12 09:34:47,0.03,1.0,4587,0.02,0.6666,9570,0.03,1.0,1,0.025,0.8333,190,0
SPY190715C303,2019-07-12,2019-07-12 09:34:48,0.03,1.0,4587,0.02,0.6666,9817,0.03,1.0,1,0.025,0.8333,190,0
SPY190715C303,2019-07-12,2019-07-12 09:34:49,0.03,1.0,3514,0.02,0.6666,8243,0.03,1.0,1,0.025,0.8333,190,0
SPY190715C303,2019-07-12,2019-07-12 09:34:49,0.03,1.0,4587,0.02,0.6666,9817,0.03,1.0,1,0.025,0.8333,190,0
SPY190715C303,2019-07-12,2019-07-12 09:34:50,0.03,1.0,4610,0.02,0.6666,10311,0.03,1.0,1,0.025,0.8333,190,0
SPY190715C303,2019-07-12,2019-07-12 09:34:50,0.03,1.0,4710,0.02,0.6666,10411,0.03,1.0,1,0.025,0.8333,190,0
SPY190715C303,2019-07-12,2019-07-12 09:34:51,0.03,1.0,4710,0.02,0.6666,10411,0.03,1.0,1,0.025,0.8333,190,0
SPY190715C303,2019-07-12,2019-07-12 09:34:52,0.03,1.0,4710,0.02,0.6666,10411,0.03,1.0,1,0.025,0.8333,190,0
SPY190715C303,2019-07-12,2019-07-12 09:34:53,0.03,1.0,4710,0.02,0.6666,10411,0.03,1.0,1,0.025,0.8333,190,0
SPY190715C303,2019-07-12,2019-07-12 09:34:54,0.03,1.0,4710,0.02,0.6666,10411,0.03,1.0,1,0.025,0.8333,190,0
SPY190715C303,2019-07-12,2019-07-12 09:34:55,0.03,1.0,4545,0.02,0.6666,9341,0.03,1.0,1,0.025,0.8333,190,0
SPY190715C303,2019-07-12,2019-07-12 09:34:56,0.03,1.0,4545,0.02,0.6666,9341,0.03,1.0,1,0.025,0.8333,190,0
SPY190715C303,2019-07-12,2019-07-12 09:34:56,0.03,1.0,4540,0.02,0.6666,9332,0.03,1.0,1,0.025,0.8333,190,0
SPY190715C303,2019-07-12,2019-07-12 09:34:57,0.03,1.0,4540,0.02,0.6666,9332,0.03,1.0,1,0.025,0.8333,190,0
SPY190715C303,2019-07-12,2019-07-12 09:34:57,0.03,1.0,3514,0.02,0.6666,6269,0.03,1.0,1,0.025,0.8333,190,0
SPY190715C303,2019-07-12,2019-07-12 09:34:58,0.03,1.0,2838,0.02,0.6666,4904,0.03,1.0,1,0.025,0.8333,190,0
SPY190715C303,2019-07-12,2019-07-12 09:34:58,0.03,1.0,3840,0.02,0.6666,7812,0.03,1.0,1,0.025,0.8333,190,0
SPY190715C303,2019-07-12,2019-07-12 09:34:59,0.03,1.0,4075,0.02,0.6666,7767,0.03,1.0,1,0.025,0.8333,190,0
SPY190715C303,2019-07-12,2019-07-12 09:35:00,0.03,1.0,3768,0.02,0.6666,7767,0.03,1.0,1,0.025,0.8333,190,0
SPY190715C303,2019-07-12,2019-07-12 09:35:00,0.03,1.0,3626,0.02,0.6666,7767,0.03,1.0,1,0.025,0.8333,190,0
SPY190715C303,2019-07-12,2019-07-12 09:35:01,0.03,1.0,5129,0.02,0.6666,9345,0.03,1.0,1,0.025,0.8333,190,0
SPY190715C303,2019-07-12,2019-07-12 09:35:02,0.03,1.0,4929,0.02,0.6666,9145,0.03,1.0,1,0.025,0.8333,190,0
SPY190715C303,2019-07-12,2019-07-12 09:35:02,0.03,1.0,5129,0.02,0.6666,9345,0.03,1.0,1,0.025,0.8333,190,0
SPY190715C303,2019-07-12,2019-07-12 09:35:03,0.03,1.0,4031,0.02,0.6666,5961,0.03,1.0,1,0.025,0.8333,190,0
SPY190715C303,2019-07-12,2019-07-12 09:35:03,0.03,1.0,3579,0.02,0.6666,4015,0.03,1.0,1,0.025,0.8333,190,0
SPY190715C303,2019-07-12,2019-07-12 09:35:04,0.03,1.0,4978,0.02,0.6666,9942,0.03,1.0,1,0.025,0.8333,190,0
SPY190715C303,2019-07-12,2019-07-12 09:35:05,0.03,1.0,4904,0.02,0.6666,9150,0.03,1.0,1,0.025,0.8333,190,0
SPY190715C303,2019-07-12,2019-07-12 09:35:05,0.03,1.0,5654,0.02,0.6666,9150,0.03,1.0,1,0.025,0.8333,190,0
SPY190715C303,2019-07-12,2019-07-12 09:35:06,0.03,1.0,3819,0.02,0.6666,7607,0.03,1.0,1,0.025,0.8333,190,0
SPY190715C303,2019-07-12,2019-07-12 09:35:06,0.03,1.0,4232,0.02,0.6666,7607,0.03,1.0,1,0.025,0.8333,190,0
SPY190715C303,2019-07-12,2019-07-12 09:35:07,0.03,1.0,4825,0.02,0.6666,9182,0.03,1.0,1,0.025,0.8333,190,0
SPY190715C303,2019-07-12,2019-07-12 09:35:07,0.03,1.0,4307,0.02,0.6666,7607,0.03,1.0,1,0.025,0.8333,190,0
SPY190715C303,2019-07-12,2019-07-12 09:35:08,0.03,1.0,5790,0.02,0.6666,9182,0.03,1.0,1,0.025,0.8333,190,0
SPY190715C303,2019-07-12,2019-07-12 09:35:09,0.03,1.0,4480,0.02,0.6666,5215,0.03,1.0,1,0.025,0.8333,190,0
SPY190715C303,2019-07-12,2019-07-12 09:35:09,0.03,1.0,4479,0.02,0.6666,5983,0.03,1.0,1,0.025,0.8333,190,0
SPY190715C303,2019-07-12,2019-07-12 09:35:10,0.03,1.0,6219,0.02,0.6666,5215,0.03,1.0,1,0.025,0.8333,190,0
SPY190715C303,2019-07-12,2019-07-12 09:35:10,0.03,1.0,5719,0.02,0.6666,4715,0.03,1.0,1,0.025,0.8333,190,0
SPY190715C303,2019-07-12,2019-07-12 09:35:11,0.03,1.0,5719,0.02,0.6666,4715,0.03,1.0,1,0.025,0.8333,190,0
SPY190715C303,2019-07-12,2019-07-12 09:35:11,0.03,1.0,7744,0.02,0.6666,8992,0.03,1.0,1,0.025,0.8333,190,0
SPY190715C303,2019-07-12,2019-07-12 09:35:12,0.03,1.0,4518,0.02,0.6666,6043,0.03,1.0,1,0.025,0.8333,190,0
SPY190715C303,2019-07-12,2019-07-12 09:35:12,0.03,1.0,5980,0.02,0.6666,7492,0.03,1.0,1,0.025,0.8333,190,0
SPY190715C303,2019-07-12,2019-07-12 09:35:13,0.03,1.0,7482,0.02,0.6666,9053,0.03,1.0,1,0.025,0.8333,190,0
SPY190715C303,2019-07-12,2019-07-12 09:35:14,0.03,1.0,7482,0.02,0.6666,9053,0.03,1.0,1,0.025,0.8333,190,0
SPY190715C303,2019-07-12,2019-07-12 09:35:14,0.03,1.0,7788,0.02,0.6666,9053,0.03,1.0,1,0.025,0.8333,190,0
SPY190715C303,2019-07-12,2019-07-12 09:35:15,0.03,1.0,6284,0.02,0.6666,7492,0.02,0.6666,7,0.025,0.8333,220,30
SPY190715C303,2019-07-12,2019-07-12 09:35:16,0.03,1.0,6284,0.02,0.6666,7492,0.02,0.6666,7,0.025,0.8333,220,0
SPY190715C303,2019-07-12,2019-07-12 09:35:17,0.03,1.0,4316,0.02,0.6666,5843,0.02,0.6666,7,0.025,0.8333,220,0
SPY190715C303,2019-07-12,2019-07-12 09:35:18,0.03,1.0,6078,0.02,0.6666,5315,0.02,0.6666,7,0.025,0.8333,220,0
SPY190715C303,2019-07-12,2019-07-12 09:35:18,0.03,1.0,5578,0.02,0.6666,4815,0.02,0.6666,7,0.025,0.8333,220,0
SPY190715C303,2019-07-12,2019-07-12 09:35:19,0.03,1.0,6350,0.02,0.6666,5361,0.02,0.6666,7,0.025,0.8333,220,0
SPY190715C303,2019-07-12,2019-07-12 09:35:19,0.03,1.0,6350,0.02,0.6666,7730,0.02,0.6666,7,0.025,0.8333,220,0
SPY190715C303,2019-07-12,2019-07-12 09:35:20,0.03,1.0,6350,0.02,0.6666,7730,0.03,1.0,2,0.025,0.8333,224,4
SPY190715C303,2019-07-12,2019-07-12 09:35:20,0.03,1.0,6350,0.02,0.6666,7730,0.02,0.6666,7,0.025,0.8333,220,0
SPY190715C303,2019-07-12,2019-07-12 09:35:21,0.03,1.0,6350,0.02,0.6666,7730,0.03,1.0,2,0.025,0.8333,224,0
SPY190715C303,2019-07-12,2019-07-12 09:35:22,0.03,1.0,6350,0.02,0.6666,7730,0.03,1.0,2,0.025,0.8333,224,0
SPY190715C303,2019-07-12,2019-07-12 09:35:23,0.03,1.0,7594,0.02,0.6666,9302,0.03,1.0,2,0.025,0.8333,224,0
SPY190715C303,2019-07-12,2019-07-12 09:35:23,0.03,1.0,6350,0.02,0.6666,7730,0.03,1.0,2,0.025,0.8333,224,0
SPY190715C303,2019-07-12,2019-07-12 09:35:24,0.03,1.0,6078,0.02,0.6666,7730,0.03,1.0,2,0.025,0.8333,224,0
SPY190715C303,2019-07-12,2019-07-12 09:35:24,0.03,1.0,7594,0.02,0.6666,9291,0.03,1.0,2,0.025,0.8333,224,0
SPY190715C303,2019-07-12,2019-07-12 09:35:25,0.03,1.0,7594,0.02,0.6666,9302,0.03,1.0,2,0.025,0.8333,224,0
SPY190715C303,2019-07-12,2019-07-12 09:35:26,0.03,1.0,6078,0.02,0.6666,7730,0.03,1.0,2,0.025,0.8333,224,0
SPY190715C303,2019-07-12,2019-07-12 09:35:26,0.03,1.0,7594,0.02,0.6666,9302,0.03,1.0,2,0.025,0.8333,224,0
SPY190715C303,2019-07-12,2019-07-12 09:35:27,0.03,1.0,6377,0.02,0.6666,7730,0.03,1.0,2,0.025,0.8333,224,0
SPY190715C303,2019-07-12,2019-07-12 09:35:28,0.03,1.0,6377,0.02,0.6666,7730,0.03,1.0,2,0.025,0.8333,224,0
SPY190715C303,2019-07-12,2019-07-12 09:35:29,0.03,1.0,6377,0.02,0.6666,3968,0.03,1.0,2,0.025,0.8333,224,0
SPY190715C303,2019-07-12,2019-07-12 09:35:30,0.03,1.0,6377,0.02,0.6666,4090,0.03,1.0,2,0.025,0.8333,224,0
SPY190715C303,2019-07-12,2019-07-12 09:35:31,0.03,1.0,7903,0.02,0.6666,5414,0.03,1.0,2,0.025,0.8333,224,0
SPY190715C303,2019-07-12,2019-07-12 09:35:31,0.03,1.0,5961,0.02,0.6666,3814,0.03,1.0,2,0.025,0.8333,224,0
SPY190715C303,2019-07-12,2019-07-12 09:35:32,0.03,1.0,7479,0.02,0.6666,7576,0.03,1.0,2,0.025,0.8333,224,0
SPY190715C303,2019-07-12,2019-07-12 09:35:32,0.03,1.0,7379,0.02,0.6666,4843,0.03,1.0,2,0.025,0.8333,224,0
SPY190715C303,2019-07-12,2019-07-12 09:35:33,0.03,1.0,6981,0.02,0.6666,7755,0.03,1.0,2,0.025,0.8333,224,0
SPY190715C303,2019-07-12,2019-07-12 09:35:33,0.03,1.0,8525,0.02,0.6666,8299,0.03,1.0,2,0.025,0.8333,224,0
SPY190715C303,2019-07-12,2019-07-12 09:35:34,0.03,1.0,8525,0.02,0.6666,9311,0.03,1.0,2,0.025,0.8333,224,0
SPY190715C303,2019-07-12,2019-07-12 09:35:35,0.03,1.0,6681,0.02,0.6666,7455,0.03,1.0,2,0.025,0.8333,224,0
SPY190715C303,2019-07-12,2019-07-12 09:35:35,0.03,1.0,8516,0.02,0.6666,9303,0.03,1.0,2,0.025,0.8333,224,0
SPY190715C303,2019-07-12,2019-07-12 09:35:36,0.03,1.0,7361,0.02,0.6666,8255,0.03,1.0,2,0.025,0.8333,224,0
SPY190715C303,2019-07-12,2019-07-12 09:35:36,0.03,1.0,6861,0.02,0.6666,7755,0.03,1.0,2,0.025,0.8333,224,0
SPY190715C303,2019-07-12,2019-07-12 09:35:37,0.03,1.0,8914,0.02,0.6666,9832,0.03,1.0,2,0.025,0.8333,224,0
SPY190715C303,2019-07-12,2019-07-12 09:35:38,0.03,1.0,7062,0.02,0.6666,8255,0.03,1.0,2,0.025,0.8333,224,0
SPY190715C303,2019-07-12,2019-07-12 09:35:38,0.03,1.0,8608,0.02,0.6666,9832,0.03,1.0,2,0.025,0.8333,224,0
SPY190715C303,2019-07-12,2019-07-12 09:35:39,0.03,1.0,8608,0.02,0.6666,9832,0.03,1.0,2,0.025,0.8333,224,0
SPY190715C303,2019-07-12,2019-07-12 09:35:40,0.03,1.0,8633,0.02,0.6666,9525,0.03,1.0,2,0.025,0.8333,224,0
SPY190715C303,2019-07-12,2019-07-12 09:35:40,0.03,1.0,8933,0.02,0.6666,9825,0.03,1.0,2,0.025,0.8333,224,0
SPY190715C303,2019-07-12,2019-07-12 09:35:41,0.03,1.0,7387,0.02,0.6666,8255,0.03,1.0,2,0.025,0.8333,224,0
SPY190715C303,2019-07-12,2019-07-12 09:35:41,0.03,1.0,8941,0.02,0.6666,9832,0.03,1.0,2,0.025,0.8333,224,0
SPY190715C303,2019-07-12,2019-07-12 09:35:42,0.03,1.0,7387,0.02,0.6666,8255,0.03,1.0,2,0.025,0.8333,224,0
SPY190715C303,2019-07-12,2019-07-12 09:35:42,0.03,1.0,7087,0.02,0.6666,7955,0.03,1.0,2,0.025,0.8333,224,0
SPY190715C303,2019-07-12,2019-07-12 09:35:43,0.03,1.0,8941,0.02,0.6666,9832,0.03,1.0,2,0.025,0.8333,224,0
SPY190715C303,2019-07-12,2019-07-12 09:35:44,0.03,1.0,6887,0.02,0.6666,7417,0.03,1.0,2,0.025,0.8333,224,0
SPY190715C303,2019-07-12,2019-07-12 09:35:45,0.03,1.0,8940,0.02,0.6666,9475,0.03,1.0,2,0.025,0.8333,224,0
SPY190715C303,2019-07-12,2019-07-12 09:35:45,0.03,1.0,8640,0.02,0.6666,9175,0.03,1.0,2,0.025,0.8333,224,0
SPY190715C303,2019-07-12,2019-07-12 09:35:46,0.03,1.0,8940,0.02,0.6666,9813,0.03,1.0,2,0.025,0.8333,224,0
SPY190715C303,2019-07-12,2019-07-12 09:35:46,0.03,1.0,8940,0.02,0.6666,9475,0.03,1.0,2,0.025,0.8333,224,0
SPY190715C303,2019-07-12,2019-07-12 09:35:47,0.03,1.0,8941,0.02,0.6666,9832,0.03,1.0,2,0.025,0.8333,224,0
SPY190715C303,2019-07-12,2019-07-12 09:35:48,0.03,1.0,8941,0.02,0.6666,9494,0.03,1.0,2,0.025,0.8333,224,0
SPY190715C303,2019-07-12,2019-07-12 09:35:49,0.03,1.0,7387,0.02,0.6666,8255,0.03,1.0,2,0.025,0.8333,224,0
SPY190715C303,2019-07-12,2019-07-12 09:35:50,0.03,1.0,7387,0.02,0.6666,8255,0.03,1.0,2,0.025,0.8333,224,0
SPY190715C303,2019-07-12,2019-07-12 09:35:51,0.03,1.0,7387,0.02,0.6666,6326,0.03,1.0,2,0.025,0.8333,224,0
SPY190715C303,2019-07-12,2019-07-12 09:35:52,0.03,1.0,8941,0.02,0.6666,7840,0.03,1.0,2,0.025,0.8333,224,0
SPY190715C303,2019-07-12,2019-07-12 09:35:53,0.03,1.0,8616,0.02,0.6666,9919,0.03,1.0,2,0.025,0.8333,224,0
SPY190715C303,2019-07-12,2019-07-12 09:35:53,0.03,1.0,8941,0.02,0.6666,9919,0.03,1.0,2,0.025,0.8333,224,0
SPY190715C303,2019-07-12,2019-07-12 09:35:54,0.03,1.0,8608,0.02,0.6666,7840,0.03,1.0,2,0.025,0.8333,224,0
SPY190715C303,2019-07-12,2019-07-12 09:35:54,0.03,1.0,8616,0.02,0.6666,9919,0.03,1.0,2,0.025,0.8333,224,0
SPY190715C303,2019-07-12,2019-07-12 09:35:55,0.03,1.0,8953,0.02,0.6666,7840,0.03,1.0,2,0.025,0.8333,224,0
SPY190715C303,2019-07-12,2019-07-12 09:35:56,0.03,1.0,6762,0.02,0.6666,4862,0.03,1.0,2,0.025,0.8333,224,0
SPY190715C303,2019-07-12,2019-07-12 09:35:56,0.03,1.0,8953,0.02,0.6666,7840,0.03,1.0,2,0.025,0.8333,224,0
SPY190715C303,2019-07-12,2019-07-12 09:35:57,0.03,1.0,8620,0.02,0.6666,6625,0.03,1.0,2,0.025,0.8333,224,0
SPY190715C303,2019-07-12,2019-07-12 09:35:58,0.03,1.0,6779,0.02,0.6666,5610,0.03,1.0,2,0.025,0.8333,224,0
SPY190715C303,2019-07-12,2019-07-12 09:35:58,0.03,1.0,8316,0.02,0.6666,7093,0.03,1.0,2,0.025,0.8333,224,0
SPY190715C303,2019-07-12,2019-07-12 09:35:59,0.03,1.0,8973,0.02,0.6666,7386,0.03,1.0,2,0.025,0.8333,224,0
SPY190715C303,2019-07-12,2019-07-12 09:35:59,0.03,1.0,8625,0.02,0.6666,7406,0.03,1.0,2,0.025,0.8333,224,0
SPY190715C303,2019-07-12,2019-07-12 09:36:00,0.03,1.0,8973,0.02,0.6666,7386,0.03,1.0,2,0.025,0.8333,224,0
SPY190715C303,2019-07-12,2019-07-12 09:36:01,0.03,1.0,8984,0.02,0.6666,7386,0.03,1.0,2,0.025,0.8333,224,0
SPY190715C303,2019-07-12,2019-07-12 09:36:01,0.03,1.0,8973,0.02,0.6666,7386,0.03,1.0,2,0.025,0.8333,224,0
SPY190715C303,2019-07-12,2019-07-12 09:36:02,0.03,1.0,8684,0.02,0.6666,7086,0.03,1.0,2,0.025,0.8333,224,0
SPY190715C303,2019-07-12,2019-07-12 09:36:02,0.03,1.0,8984,0.02,0.6666,7386,0.03,1.0,2,0.025,0.8333,224,0
SPY190715C303,2019-07-12,2019-07-12 09:36:03,0.03,1.0,8984,0.02,0.6666,7386,0.03,1.0,2,0.025,0.8333,224,0
SPY190715C303,2019-07-12,2019-07-12 09:36:03,0.03,1.0,7441,0.02,0.6666,5910,0.03,1.0,2,0.025,0.8333,224,0
SPY190715C303,2019-07-12,2019-07-12 09:36:04,0.03,1.0,8484,0.02,0.6666,6887,0.03,1.0,2,0.025,0.8333,224,0
SPY190715C303,2019-07-12,2019-07-12 09:36:05,0.03,1.0,7441,0.02,0.6666,5324,0.03,1.0,2,0.025,0.8333,224,0
SPY190715C303,2019-07-12,2019-07-12 09:36:06,0.03,1.0,7079,0.02,0.6666,3968,0.03,1.0,2,0.025,0.8333,224,0
SPY190715C303,2019-07-12,2019-07-12 09:36:06,0.03,1.0,7079,0.02,0.6666,6047,0.03,1.0,2,0.025,0.8333,224,0
SPY190715C303,2019-07-12,2019-07-12 09:36:07,0.03,1.0,7094,0.02,0.6666,6047,0.03,1.0,2,0.025,0.8333,224,0
SPY190715C303,2019-07-12,2019-07-12 09:36:08,0.03,1.0,8107,0.02,0.6666,5075,0.03,1.0,2,0.025,0.8333,224,0
SPY190715C303,2019-07-12,2019-07-12 09:36:08,0.03,1.0,5632,0.02,0.6666,3100,0.03,1.0,2,0.025,0.8333,224,0
SPY190715C303,2019-07-12,2019-07-12 09:36:09,0.03,1.0,5943,0.02,0.6666,3109,0.03,1.0,2,0.025,0.8333,224,0
SPY190715C303,2019-07-12,2019-07-12 09:36:10,0.03,1.0,5238,0.02,0.6666,3875,0.03,1.0,2,0.025,0.8333,224,0
SPY190715C303,2019-07-12,2019-07-12 09:36:10,0.03,1.0,6003,0.02,0.6666,4375,0.03,1.0,2,0.025,0.8333,224,0
SPY190715C303,2019-07-12,2019-07-12 09:36:11,0.03,1.0,5738,0.02,0.6666,4375,0.03,1.0,2,0.025,0.8333,224,0
SPY190715C303,2019-07-12,2019-07-12 09:36:11,0.03,1.0,6182,0.02,0.6666,4375,0.03,1.0,2,0.025,0.8333,224,0
SPY190715C303,2019-07-12,2019-07-12 09:36:12,0.03,1.0,6200,0.02,0.6666,5568,0.03,1.0,2,0.025,0.8333,224,0
SPY190715C303,2019-07-12,2019-07-12 09:36:13,0.03,1.0,8230,0.02,0.6666,7569,0.03,1.0,2,0.025,0.8333,224,0
SPY190715C303,2019-07-12,2019-07-12 09:36:14,0.03,1.0,8231,0.02,0.6666,7569,0.03,1.0,2,0.025,0.8333,224,0
SPY190715C303,2019-07-12,2019-07-12 09:36:14,0.03,1.0,6700,0.02,0.6666,6068,0.03,1.0,2,0.025,0.8333,224,0
SPY190715C303,2019-07-12,2019-07-12 09:36:15,0.03,1.0,6700,0.02,0.6666,6068,0.03,1.0,2,0.025,0.8333,224,0
SPY190715C303,2019-07-12,2019-07-12 09:36:16,0.03,1.0,6700,0.02,0.6666,6068,0.03,1.0,2,0.025,0.8333,224,0
SPY190715C303,2019-07-12,2019-07-12 09:36:17,0.03,1.0,7722,0.02,0.6666,5856,0.03,1.0,2,0.025,0.8333,224,0
SPY190715C303,2019-07-12,2019-07-12 09:36:17,0.03,1.0,6709,0.02,0.6666,6068,0.03,1.0,2,0.025,0.8333,224,0
SPY190715C303,2019-07-12,2019-07-12 09:36:18,0.03,1.0,7222,0.02,0.6666,5356,0.03,1.0,2,0.025,0.8333,224,0
SPY190715C303,2019-07-12,2019-07-12 09:36:18,0.03,1.0,6716,0.02,0.6666,5047,0.03,1.0,2,0.025,0.8333,224,0
SPY190715C303,2019-07-12,2019-07-12 09:36:19,0.03,1.0,6716,0.02,0.6666,5514,0.03,1.0,2,0.025,0.8333,224,0
SPY190715C303,2019-07-12,2019-07-12 09:36:20,0.03,1.0,6903,0.02,0.6666,5514,0.03,1.0,2,0.025,0.8333,224,0
SPY190715C303,2019-07-12,2019-07-12 09:36:21,0.03,1.0,6903,0.02,0.6666,5514,0.03,1.0,2,0.025,0.8333,224,0
SPY190715C303,2019-07-12,2019-07-12 09:36:22,0.03,1.0,6903,0.02,0.6666,5514,0.03,1.0,2,0.025,0.8333,224,0
SPY190715C303,2019-07-12,2019-07-12 09:36:22,0.03,1.0,7010,0.02,0.6666,5514,0.03,1.0,2,0.025,0.8333,224,0
SPY190715C303,2019-07-12,2019-07-12 09:36:23,0.03,1.0,7010,0.02,0.6666,5514,0.03,1.0,2,0.025,0.8333,224,0
SPY190715C303,2019-07-12,2019-07-12 09:36:24,0.03,1.0,7010,0.02,0.6666,5514,0.03,1.0,2,0.025,0.8333,224,0
SPY190715C303,2019-07-12,2019-07-12 09:36:25,0.03,1.0,6416,0.02,0.6666,5405,0.03,1.0,2,0.025,0.8333,224,0
SPY190715C303,2019-07-12,2019-07-12 09:36:25,0.03,1.0,7010,0.02,0.6666,5514,0.03,1.0,2,0.025,0.8333,224,0
SPY190715C303,2019-07-12,2019-07-12 09:36:26,0.03,1.0,6603,0.02,0.6666,5705,0.03,1.0,2,0.025,0.8333,224,0
SPY190715C303,2019-07-12,2019-07-12 09:36:27,0.03,1.0,6603,0.02,0.6666,5705,0.03,1.0,2,0.025,0.8333,224,0
SPY190715C303,2019-07-12,2019-07-12 09:36:28,0.03,1.0,8603,0.02,0.6666,7181,0.03,1.0,2,0.025,0.8333,224,0
SPY190715C303,2019-07-12,2019-07-12 09:36:29,0.03,1.0,8603,0.02,0.6666,7181,0.03,1.0,2,0.025,0.8333,224,0
SPY190715C303,2019-07-12,2019-07-12 09:36:30,0.03,1.0,8605,0.02,0.6666,7184,0.03,1.0,2,0.025,0.8333,224,0
SPY190715C303,2019-07-12,2019-07-12 09:36:31,0.03,1.0,8605,0.02,0.6666,7184,0.03,1.0,2,0.025,0.8333,224,0
SPY190715C303,2019-07-12,2019-07-12 09:36:32,0.03,1.0,7027,0.02,0.6666,5705,0.03,1.0,2,0.025,0.8333,224,0
SPY190715C303,2019-07-12,2019-07-12 09:36:33,0.03,1.0,7027,0.02,0.6666,5705,0.03,1.0,2,0.025,0.8333,224,0
SPY190715C303,2019-07-12,2019-07-12 09:36:33,0.03,1.0,8605,0.02,0.6666,7184,0.03,1.0,2,0.025,0.8333,224,0
SPY190715C303,2019-07-12,2019-07-12 09:36:34,0.03,1.0,5141,0.02,0.6666,4342,0.03,1.0,2,0.025,0.8333,224,0
SPY190715C303,2019-07-12,2019-07-12 09:36:34,0.03,1.0,7027,0.02,0.6666,5705,0.03,1.0,2,0.025,0.8333,224,0
SPY190715C303,2019-07-12,2019-07-12 09:36:35,0.03,1.0,8171,0.02,0.6666,7188,0.03,1.0,2,0.025,0.8333,224,0
SPY190715C303,2019-07-12,2019-07-12 09:36:35,0.03,1.0,6603,0.02,0.6666,5705,0.03,1.0,2,0.025,0.8333,224,0
SPY190715C303,2019-07-12,2019-07-12 09:36:36,0.03,1.0,8145,0.02,0.6666,7188,0.03,1.0,2,0.025,0.8333,224,0
SPY190715C303,2019-07-12,2019-07-12 09:36:37,0.03,1.0,8519,0.02,0.6666,7188,0.03,1.0,2,0.025,0.8333,224,0
SPY190715C303,2019-07-12,2019-07-12 09:36:38,0.03,1.0,8519,0.02,0.6666,7188,0.03,1.0,2,0.025,0.8333,224,0
SPY190715C303,2019-07-12,2019-07-12 09:36:39,0.03,1.0,6951,0.02,0.6666,5705,0.03,1.0,2,0.025,0.8333,224,0
SPY190715C303,2019-07-12,2019-07-12 09:36:39,0.03,1.0,8519,0.02,0.6666,7188,0.03,1.0,2,0.025,0.8333,224,0
SPY190715C303,2019-07-12,2019-07-12 09:36:40,0.03,1.0,8521,0.02,0.6666,7181,0.03,1.0,2,0.025,0.8333,224,0
SPY190715C303,2019-07-12,2019-07-12 09:36:41,0.03,1.0,9557,0.02,0.6666,7159,0.03,1.0,2,0.025,0.8333,224,0
SPY190715C303,2019-07-12,2019-07-12 09:36:41,0.03,1.0,7462,0.02,0.6666,5205,0.03,1.0,2,0.025,0.8333,224,0
SPY190715C303,2019-07-12,2019-07-12 09:36:42,0.03,1.0,8155,0.02,0.6666,7170,0.03,1.0,2,0.025,0.8333,224,0
SPY190715C303,2019-07-12,2019-07-12 09:36:42,0.03,1.0,8568,0.02,0.6666,7159,0.03,1.0,2,0.025,0.8333,224,0
SPY190715C303,2019-07-12,2019-07-12 09:36:43,0.03,1.0,6601,0.02,0.6666,5705,0.03,1.0,2,0.025,0.8333,224,0
SPY190715C303,2019-07-12,2019-07-12 09:36:43,0.03,1.0,9212,0.02,0.6666,7182,0.03,1.0,2,0.025,0.8333,224,0
SPY190715C303,2019-07-12,2019-07-12 09:36:44,0.03,1.0,9212,0.02,0.6666,7182,0.03,1.0,2,0.025,0.8333,224,0
SPY190715C303,2019-07-12,2019-07-12 09:36:45,0.03,1.0,9212,0.02,0.6666,7182,0.03,1.0,2,0.025,0.8333,224,0
SPY190715C303,2019-07-12,2019-07-12 09:36:45,0.03,1.0,9418,0.02,0.6666,7182,0.03,1.0,2,0.025,0.8333,224,0
SPY190715C303,2019-07-12,2019-07-12 09:36:46,0.03,1.0,9212,0.02,0.6666,7182,0.03,1.0,2,0.025,0.8333,224,0
SPY190715C303,2019-07-12,2019-07-12 09:36:47,0.03,1.0,9223,0.02,0.6666,7184,0.03,1.0,2,0.025,0.8333,224,0
SPY190715C303,2019-07-12,2019-07-12 09:36:47,0.03,1.0,9223,0.02,0.6666,7182,0.03,1.0,2,0.025,0.8333,224,0
SPY190715C303,2019-07-12,2019-07-12 09:36:48,0.03,1.0,7325,0.02,0.6666,5405,0.03,1.0,2,0.025,0.8333,224,0
SPY190715C303,2019-07-12,2019-07-12 09:36:49,0.03,1.0,9223,0.02,0.6666,7184,0.03,1.0,2,0.025,0.8333,224,0
SPY190715C303,2019-07-12,2019-07-12 09:36:49,0.03,1.0,7625,0.02,0.6666,5705,0.03,1.0,2,0.025,0.8333,224,0
SPY190715C303,2019-07-12,2019-07-12 09:36:50,0.03,1.0,9223,0.02,0.6666,7184,0.03,1.0,2,0.025,0.8333,224,0
SPY190715C303,2019-07-12,2019-07-12 09:36:51,0.03,1.0,6663,0.02,0.6666,4842,0.03,1.0,2,0.025,0.8333,224,0
SPY190715C303,2019-07-12,2019-07-12 09:36:51,0.03,1.0,7625,0.02,0.6666,5705,0.03,1.0,2,0.025,0.8333,224,0
SPY190715C303,2019-07-12,2019-07-12 09:36:52,0.03,1.0,9222,0.02,0.6666,7184,0.03,1.0,2,0.025,0.8333,224,0
SPY190715C303,2019-07-12,2019-07-12 09:36:52,0.03,1.0,7625,0.02,0.6666,5705,0.03,1.0,2,0.025,0.8333,224,0
SPY190715C303,2019-07-12,2019-07-12 09:36:53,0.03,1.0,8918,0.02,0.6666,6871,0.03,1.0,2,0.025,0.8333,224,0
SPY190715C303,2019-07-12,2019-07-12 09:36:54,0.03,1.0,7625,0.02,0.6666,5705,0.03,1.0,2,0.025,0.8333,224,0
SPY190715C303,2019-07-12,2019-07-12 09:36:55,0.03,1.0,7625,0.02,0.6666,5705,0.03,1.0,2,0.025,0.8333,224,0
SPY190715C303,2019-07-12,2019-07-12 09:36:56,0.03,1.0,6610,0.02,0.6666,5705,0.03,1.0,2,0.025,0.8333,224,0
SPY190715C303,2019-07-12,2019-07-12 09:36:56,0.03,1.0,6610,0.02,0.6666,5439,0.03,1.0,2,0.025,0.8333,224,0
SPY190715C303,2019-07-12,2019-07-12 09:36:57,0.03,1.0,6610,0.02,0.6666,5439,0.03,1.0,2,0.025,0.8333,224,0
SPY190715C303,2019-07-12,2019-07-12 09:36:57,0.03,1.0,7039,0.02,0.6666,6096,0.03,1.0,2,0.025,0.8333,224,0
SPY190715C303,2019-07-12,2019-07-12 09:36:58,0.03,1.0,7039,0.02,0.6666,6096,0.03,1.0,2,0.025,0.8333,224,0
SPY190715C303,2019-07-12,2019-07-12 09:36:59,0.03,1.0,7039,0.02,0.6666,8175,0.03,1.0,2,0.025,0.8333,224,0
SPY190715C303,2019-07-12,2019-07-12 09:37:00,0.03,1.0,7211,0.02,0.6666,6096,0.03,1.0,2,0.025,0.8333,224,0
SPY190715C303,2019-07-12,2019-07-12 09:37:00,0.03,1.0,7039,0.02,0.6666,8175,0.03,1.0,2,0.025,0.8333,224,0
SPY190715C303,2019-07-12,2019-07-12 09:37:01,0.03,1.0,7211,0.02,0.6666,8175,0.03,1.0,2,0.025,0.8333,224,0
SPY190715C303,2019-07-12,2019-07-12 09:37:02,0.03,1.0,6897,0.02,0.6666,7875,0.03,1.0,2,0.025,0.8333,224,0
SPY190715C303,2019-07-12,2019-07-12 09:37:02,0.03,1.0,8772,0.02,0.6666,9737,0.03,1.0,2,0.025,0.8333,224,0
SPY190715C303,2019-07-12,2019-07-12 09:37:03,0.03,1.0,8772,0.02,0.6666,9737,0.03,1.0,2,0.025,0.8333,224,0
SPY190715C303,2019-07-12,2019-07-12 09:37:03,0.03,1.0,8465,0.02,0.6666,9429,0.03,1.0,2,0.025,0.8333,224,0
SPY190715C303,2019-07-12,2019-07-12 09:37:04,0.03,1.0,7197,0.02,0.6666,8175,0.03,1.0,2,0.025,0.8333,224,0
SPY190715C303,2019-07-12,2019-07-12 09:37:05,0.03,1.0,7197,0.02,0.6666,8175,0.03,1.0,2,0.025,0.8333,224,0
SPY190715C303,2019-07-12,2019-07-12 09:37:06,0.03,1.0,7197,0.02,0.6666,6162,0.03,1.0,2,0.025,0.8333,224,0
SPY190715C303,2019-07-12,2019-07-12 09:37:06,0.03,1.0,7197,0.02,0.6666,8175,0.03,1.0,2,0.025,0.8333,224,0
SPY190715C303,2019-07-12,2019-07-12 09:37:07,0.03,1.0,7197,0.02,0.6666,4083,0.03,1.0,2,0.025,0.8333,224,0
SPY190715C303,2019-07-12,2019-07-12 09:37:08,0.03,1.0,9597,0.02,0.6666,7344,0.03,1.0,2,0.025,0.8333,224,0
SPY190715C303,2019-07-12,2019-07-12 09:37:08,0.03,1.0,9580,0.02,0.6666,7345,0.03,1.0,2,0.025,0.8333,224,0
SPY190715C303,2019-07-12,2019-07-12 09:37:09,0.03,1.0,7706,0.02,0.6666,5550,0.03,1.0,2,0.025,0.8333,224,0
SPY190715C303,2019-07-12,2019-07-12 09:37:09,0.03,1.0,9591,0.02,0.6666,7325,0.03,1.0,2,0.025,0.8333,224,0
SPY190715C303,2019-07-12,2019-07-12 09:37:10,0.03,1.0,9597,0.02,0.6666,7344,0.03,1.0,2,0.025,0.8333,224,0
SPY190715C303,2019-07-12,2019-07-12 09:37:10,0.03,1.0,9297,0.02,0.6666,7044,0.03,1.0,2,0.025,0.8333,224,0
SPY190715C303,2019-07-12,2019-07-12 09:37:11,0.03,1.0,9597,0.02,0.6666,7344,0.03,1.0,2,0.025,0.8333,224,0
SPY190715C303,2019-07-12,2019-07-12 09:37:12,0.03,1.0,9597,0.02,0.6666,7344,0.03,1.0,2,0.025,0.8333,224,0
SPY190715C303,2019-07-12,2019-07-12 09:37:13,0.03,1.0,10633,0.02,0.6666,7092,0.03,1.0,2,0.025,0.8333,224,0
SPY190715C303,2019-07-12,2019-07-12 09:37:13,0.03,1.0,10643,0.02,0.6666,7100,0.03,1.0,2,0.025,0.8333,224,0
SPY190715C303,2019-07-12,2019-07-12 09:37:14,0.03,1.0,10633,0.02,0.6666,7092,0.03,1.0,2,0.025,0.8333,224,0
SPY190715C303,2019-07-12,2019-07-12 09:37:15,0.03,1.0,9018,0.02,0.6666,5613,0.03,1.0,2,0.025,0.8333,224,0
SPY190715C303,2019-07-12,2019-07-12 09:37:15,0.03,1.0,10633,0.02,0.6666,7092,0.03,1.0,2,0.025,0.8333,224,0
SPY190715C303,2019-07-12,2019-07-12 09:37:16,0.03,1.0,9018,0.02,0.6666,5613,0.03,1.0,2,0.025,0.8333,224,0
SPY190715C303,2019-07-12,2019-07-12 09:37:16,0.03,1.0,9596,0.02,0.6666,7091,0.03,1.0,2,0.025,0.8333,224,0
SPY190715C303,2019-07-12,2019-07-12 09:37:17,0.03,1.0,9596,0.02,0.6666,7091,0.03,1.0,2,0.025,0.8333,224,0
SPY190715C303,2019-07-12,2019-07-12 09:37:18,0.03,1.0,9596,0.02,0.6666,7091,0.03,1.0,2,0.025,0.8333,224,0
SPY190715C303,2019-07-12,2019-07-12 09:37:19,0.03,1.0,9596,0.02,0.6666,7091,0.03,1.0,2,0.025,0.8333,224,0
SPY190715C303,2019-07-12,2019-07-12 09:37:34,0.03,1.0,6624,0.02,0.6666,5282,0.02,0.6666,1,0.025,0.8333,225,1
SPY190715C303,2019-07-12,2019-07-12 09:37:34,0.03,1.0,9521,0.02,0.6666,7242,0.02,0.6666,1,0.025,0.8333,225,0
SPY190715C303,2019-07-12,2019-07-12 09:37:35,0.03,1.0,8697,0.02,0.6666,7273,0.02,0.6666,1,0.025,0.8333,225,0
SPY190715C303,2019-07-12,2019-07-12 09:37:36,0.03,1.0,8697,0.02,0.6666,7268,0.02,0.6666,1,0.025,0.8333,225,0
SPY190715C303,2019-07-12,2019-07-12 09:37:37,0.03,1.0,8713,0.02,0.6666,7270,0.02,0.6666,1,0.025,0.8333,225,0
SPY190715C303,2019-07-12,2019-07-12 09:37:37,0.03,1.0,9518,0.02,0.6666,7240,0.02,0.6666,1,0.025,0.8333,225,0
SPY190715C303,2019-07-12,2019-07-12 09:38:12,0.03,1.0,10034,0.02,0.6666,6984,0.02,0.6666,1,0.025,0.8333,225,0
SPY190715C303,2019-07-12,2019-07-12 09:38:13,0.03,1.0,10034,0.02,0.6666,6234,0.02,0.6666,1,0.025,0.8333,225,0
SPY190715C303,2019-07-12,2019-07-12 09:38:16,0.03,1.0,10034,0.02,0.6666,6984,0.02,0.6666,1,0.025,0.8333,225,0
SPY190715C303,2019-07-12,2019-07-12 09:38:17,0.03,1.0,10035,0.02,0.6666,6984,0.03,1.0,1,0.025,0.8333,226,1
SPY190715C303,2019-07-12,2019-07-12 09:38:18,0.03,1.0,7164,0.02,0.6666,5583,0.03,1.0,1,0.025,0.8333,226,0
SPY190715C303,2019-07-12,2019-07-12 09:38:19,0.03,1.0,7164,0.02,0.6666,5583,0.03,1.0,1,0.025,0.8333,226,0
SPY190715C303,2019-07-12,2019-07-12 09:38:20,0.03,1.0,8739,0.02,0.6666,7050,0.03,1.0,1,0.025,0.8333,226,0
SPY190715C303,2019-07-12,2019-07-12 09:38:21,0.03,1.0,8559,0.02,0.6666,6517,0.03,1.0,1,0.025,0.8333,227,1
SPY190715C303,2019-07-12,2019-07-12 09:38:21,0.03,1.0,9064,0.02,0.6666,7050,0.03,1.0,1,0.025,0.8333,226,0
SPY190715C303,2019-07-12,2019-07-12 09:38:22,0.03,1.0,9070,0.02,0.6666,9201,0.03,1.0,1,0.025,0.8333,227,0
SPY190715C303,2019-07-12,2019-07-12 09:38:22,0.03,1.0,8559,0.02,0.6666,8596,0.03,1.0,1,0.025,0.8333,227,0
SPY190715C303,2019-07-12,2019-07-12 09:38:23,0.03,1.0,9070,0.02,0.6666,9201,0.03,1.0,1,0.025,0.8333,227,0
SPY190715C303,2019-07-12,2019-07-12 09:38:24,0.03,1.0,9070,0.02,0.6666,9201,0.03,1.0,1,0.025,0.8333,227,0
SPY190715C303,2019-07-12,2019-07-12 09:38:25,0.03,1.0,7489,0.02,0.6666,7662,0.03,1.0,1,0.025,0.8333,227,0
SPY190715C303,2019-07-12,2019-07-12 09:38:25,0.03,1.0,9070,0.02,0.6666,7048,0.03,1.0,1,0.025,0.8333,227,0
SPY190715C303,2019-07-12,2019-07-12 09:38:26,0.03,1.0,9070,0.02,0.6666,7048,0.03,1.0,1,0.025,0.8333,227,0
SPY190715C303,2019-07-12,2019-07-12 09:38:27,0.03,1.0,9064,0.02,0.6666,7036,0.03,1.0,1,0.025,0.8333,227,0
SPY190715C303,2019-07-12,2019-07-12 09:38:28,0.03,1.0,9052,0.02,0.6666,7036,0.03,1.0,1,0.025,0.8333,227,0
SPY190715C303,2019-07-12,2019-07-12 09:38:28,0.03,1.0,9064,0.02,0.6666,7036,0.03,1.0,1,0.025,0.8333,227,0
SPY190715C303,2019-07-12,2019-07-12 09:38:29,0.03,1.0,9052,0.02,0.6666,7036,0.03,1.0,1,0.025,0.8333,227,0
SPY190715C303,2019-07-12,2019-07-12 09:38:30,0.03,1.0,9052,0.02,0.6666,7036,0.03,1.0,1,0.025,0.8333,227,0
SPY190715C303,2019-07-12,2019-07-12 09:38:31,0.03,1.0,9052,0.02,0.6666,7036,0.03,1.0,1,0.025,0.8333,227,0
SPY190715C303,2019-07-12,2019-07-12 09:38:32,0.03,1.0,9052,0.02,0.6666,7036,0.03,1.0,1,0.025,0.8333,227,0
SPY190715C303,2019-07-12,2019-07-12 09:38:33,0.03,1.0,8090,0.02,0.6666,6004,0.03,1.0,1,0.025,0.8333,227,0
SPY190715C303,2019-07-12,2019-07-12 09:38:33,0.03,1.0,9052,0.02,0.6666,7036,0.03,1.0,1,0.025,0.8333,227,0
SPY190715C303,2019-07-12,2019-07-12 09:38:34,0.03,1.0,7152,0.02,0.6666,5583,0.03,1.0,1,0.025,0.8333,227,0
SPY190715C303,2019-07-12,2019-07-12 09:38:34,0.03,1.0,8726,0.02,0.6666,9201,0.03,1.0,1,0.025,0.8333,227,0
SPY190715C303,2019-07-12,2019-07-12 09:38:35,0.03,1.0,8726,0.02,0.6666,9201,0.03,1.0,1,0.025,0.8333,227,0
SPY190715C303,2019-07-12,2019-07-12 09:38:36,0.03,1.0,9153,0.02,0.6666,7122,0.03,1.0,1,0.025,0.8333,227,0
SPY190715C303,2019-07-12,2019-07-12 09:38:36,0.03,1.0,9153,0.02,0.6666,9201,0.03,1.0,1,0.025,0.8333,227,0
SPY190715C303,2019-07-12,2019-07-12 09:38:37,0.03,1.0,8726,0.02,0.6666,9201,0.03,1.0,1,0.025,0.8333,227,0
SPY190715C303,2019-07-12,2019-07-12 09:38:37,0.03,1.0,7152,0.02,0.6666,5583,0.03,1.0,1,0.025,0.8333,227,0
SPY190715C303,2019-07-12,2019-07-12 09:38:38,0.03,1.0,8726,0.02,0.6666,9201,0.03,1.0,1,0.025,0.8333,227,0
SPY190715C303,2019-07-12,2019-07-12 09:38:39,0.03,1.0,8718,0.02,0.6666,9201,0.03,1.0,1,0.025,0.8333,227,0
SPY190715C303,2019-07-12,2019-07-12 09:38:40,0.03,1.0,8718,0.02,0.6666,9201,0.03,1.0,1,0.025,0.8333,227,0
SPY190715C303,2019-07-12,2019-07-12 09:38:41,0.03,1.0,9133,0.02,0.6666,9201,0.03,1.0,1,0.025,0.8333,227,0
SPY190715C303,2019-07-12,2019-07-12 09:38:42,0.03,1.0,9133,0.02,0.6666,9201,0.03,1.0,1,0.025,0.8333,227,0
SPY190715C303,2019-07-12,2019-07-12 09:38:43,0.03,1.0,9142,0.02,0.6666,7122,0.03,1.0,1,0.025,0.8333,227,0
SPY190715C303,2019-07-12,2019-07-12 09:38:43,0.03,1.0,9142,0.02,0.6666,9201,0.03,1.0,1,0.025,0.8333,227,0
SPY190715C303,2019-07-12,2019-07-12 09:38:44,0.03,1.0,9138,0.02,0.6666,7048,0.03,1.0,1,0.025,0.8333,227,0
SPY190715C303,2019-07-12,2019-07-12 09:38:45,0.03,1.0,9138,0.02,0.6666,9127,0.03,1.0,1,0.025,0.8333,227,0
SPY190715C303,2019-07-12,2019-07-12 09:38:45,0.03,1.0,7555,0.02,0.6666,7662,0.03,1.0,1,0.025,0.8333,227,0
SPY190715C303,2019-07-12,2019-07-12 09:38:46,0.03,1.0,8774,0.02,0.6666,6836,0.03,1.0,1,0.025,0.8333,227,0
SPY190715C303,2019-07-12,2019-07-12 09:38:46,0.03,1.0,7555,0.02,0.6666,7662,0.03,1.0,1,0.025,0.8333,227,0
SPY190715C303,2019-07-12,2019-07-12 09:38:47,0.03,1.0,7207,0.02,0.6666,7316,0.03,1.0,1,0.025,0.8333,227,0
SPY190715C303,2019-07-12,2019-07-12 09:38:47,0.03,1.0,8774,0.02,0.6666,6836,0.03,1.0,1,0.025,0.8333,227,0
SPY190715C303,2019-07-12,2019-07-12 09:38:48,0.03,1.0,8782,0.02,0.6666,8849,0.03,1.0,1,0.025,0.8333,227,0
SPY190715C303,2019-07-12,2019-07-12 09:38:49,0.03,1.0,8782,0.02,0.6666,8849,0.03,1.0,1,0.025,0.8333,227,0
SPY190715C303,2019-07-12,2019-07-12 09:38:49,0.03,1.0,7207,0.02,0.6666,7316,0.03,1.0,1,0.025,0.8333,227,0
SPY190715C303,2019-07-12,2019-07-12 09:38:50,0.03,1.0,7570,0.02,0.6666,5777,0.03,1.0,1,0.025,0.8333,227,0
SPY190715C303,2019-07-12,2019-07-12 09:38:51,0.03,1.0,7570,0.02,0.6666,5777,0.03,1.0,1,0.025,0.8333,227,0
SPY190715C303,2019-07-12,2019-07-12 09:38:51,0.03,1.0,9153,0.02,0.6666,7259,0.03,1.0,1,0.025,0.8333,227,0
SPY190715C303,2019-07-12,2019-07-12 09:38:52,0.03,1.0,9153,0.02,0.6666,7259,0.03,1.0,1,0.025,0.8333,227,0
SPY190715C303,2019-07-12,2019-07-12 09:38:53,0.03,1.0,9153,0.02,0.6666,7259,0.03,1.0,1,0.025,0.8333,227,0
SPY190715C303,2019-07-12,2019-07-12 09:38:53,0.03,1.0,7570,0.02,0.6666,7856,0.03,1.0,1,0.025,0.8333,227,0
SPY190715C303,2019-07-12,2019-07-12 09:38:54,0.03,1.0,6108,0.02,0.6666,6324,0.03,1.0,1,0.025,0.8333,227,0
SPY190715C303,2019-07-12,2019-07-12 09:38:54,0.03,1.0,9153,0.02,0.6666,9405,0.03,1.0,1,0.025,0.8333,227,0
SPY190715C303,2019-07-12,2019-07-12 09:38:55,0.03,1.0,7544,0.02,0.6666,3848,0.03,1.0,1,0.025,0.8333,227,0
SPY190715C303,2019-07-12,2019-07-12 09:38:56,0.03,1.0,7544,0.02,0.6666,5607,0.03,1.0,1,0.025,0.8333,227,0
SPY190715C303,2019-07-12,2019-07-12 09:38:57,0.03,1.0,9960,0.02,0.6666,6772,0.03,1.0,1,0.025,0.8333,227,0
SPY190715C303,2019-07-12,2019-07-12 09:38:57,0.03,1.0,9660,0.02,0.6666,6472,0.03,1.0,1,0.025,0.8333,227,0
SPY190715C303,2019-07-12,2019-07-12 09:38:58,0.03,1.0,7181,0.02,0.6666,5375,0.03,1.0,1,0.025,0.8333,227,0
SPY190715C303,2019-07-12,2019-07-12 09:38:58,0.03,1.0,8765,0.02,0.6666,6830,0.03,1.0,1,0.025,0.8333,227,0
SPY190715C303,2019-07-12,2019-07-12 09:38:59,0.03,1.0,9591,0.02,0.6666,6804,0.03,1.0,1,0.025,0.8333,227,0
SPY190715C303,2019-07-12,2019-07-12 09:38:59,0.03,1.0,7181,0.02,0.6666,5375,0.03,1.0,1,0.025,0.8333,227,0
SPY190715C303,2019-07-12,2019-07-12 09:39:00,0.03,1.0,7181,0.02,0.6666,5372,0.03,1.0,1,0.025,0.8333,227,0
SPY190715C303,2019-07-12,2019-07-12 09:39:00,0.03,1.0,8772,0.02,0.6666,6830,0.03,1.0,1,0.025,0.8333,227,0
SPY190715C303,2019-07-12,2019-07-12 09:39:01,0.03,1.0,9000,0.02,0.6666,6830,0.03,1.0,1,0.025,0.8333,227,0
SPY190715C303,2019-07-12,2019-07-12 09:39:02,0.03,1.0,8756,0.02,0.6666,6830,0.03,1.0,1,0.025,0.8333,227,0
SPY190715C303,2019-07-12,2019-07-12 09:39:03,0.03,1.0,8756,0.02,0.6666,6830,0.03,1.0,1,0.025,0.8333,227,0
SPY190715C303,2019-07-12,2019-07-12 09:39:03,0.03,1.0,6881,0.02,0.6666,4031,0.03,1.0,1,0.025,0.8333,228,1
SPY190715C303,2019-07-12,2019-07-12 09:39:04,0.03,1.0,7136,0.02,0.6666,5242,0.03,1.0,1,0.025,0.8333,228,0
SPY190715C303,2019-07-12,2019-07-12 09:39:05,0.03,1.0,8710,0.02,0.6666,6700,0.03,1.0,1,0.025,0.8333,228,0
SPY190715C303,2019-07-12,2019-07-12 09:39:06,0.03,1.0,7136,0.02,0.6666,5242,0.03,1.0,1,0.025,0.8333,228,0
SPY190715C303,2019-07-12,2019-07-12 09:39:07,0.03,1.0,7136,0.02,0.6666,5242,0.03,1.0,1,0.025,0.8333,228,0
SPY190715C303,2019-07-12,2019-07-12 09:39:08,0.03,1.0,7136,0.02,0.6666,5242,0.03,1.0,1,0.025,0.8333,228,0
SPY190715C303,2019-07-12,2019-07-12 09:39:08,0.03,1.0,8699,0.02,0.6666,6699,0.03,1.0,1,0.025,0.8333,228,0
SPY190715C303,2019-07-12,2019-07-12 09:39:09,0.03,1.0,8699,0.02,0.6666,6699,0.03,1.0,1,0.025,0.8333,228,0
SPY190715C303,2019-07-12,2019-07-12 09:39:10,0.03,1.0,7714,0.02,0.6666,5629,0.03,1.0,1,0.025,0.8333,228,0
SPY190715C303,2019-07-12,2019-07-12 09:39:10,0.03,1.0,8699,0.02,0.6666,6699,0.03,1.0,1,0.025,0.8333,228,0
SPY190715C303,2019-07-12,2019-07-12 09:39:11,0.03,1.0,5663,0.02,0.6666,3728,0.03,1.0,1,0.025,0.8333,228,0
SPY190715C303,2019-07-12,2019-07-12 09:39:11,0.03,1.0,5694,0.02,0.6666,4505,0.03,1.0,1,0.025,0.8333,228,0
SPY190715C303,2019-07-12,2019-07-12 09:39:12,0.03,1.0,5694,0.02,0.6666,4434,0.03,1.0,1,0.025,0.8333,228,0
SPY190715C303,2019-07-12,2019-07-12 09:39:12,0.03,1.0,5901,0.02,0.6666,4384,0.03,1.0,1,0.025,0.8333,228,0
SPY190715C303,2019-07-12,2019-07-12 09:39:13,0.03,1.0,7445,0.02,0.6666,5117,0.03,1.0,1,0.025,0.8333,228,0
SPY190715C303,2019-07-12,2019-07-12 09:39:13,0.03,1.0,5901,0.02,0.6666,4384,0.03,1.0,1,0.025,0.8333,228,0
SPY190715C303,2019-07-12,2019-07-12 09:39:14,0.03,1.0,7445,0.02,0.6666,5117,0.03,1.0,1,0.025,0.8333,228,0
SPY190715C303,2019-07-12,2019-07-12 09:39:15,0.03,1.0,7233,0.02,0.6666,5117,0.03,1.0,1,0.025,0.8333,228,0
SPY190715C303,2019-07-12,2019-07-12 09:39:16,0.03,1.0,5694,0.02,0.6666,4343,0.03,1.0,1,0.025,0.8333,228,0
SPY190715C303,2019-07-12,2019-07-12 09:39:16,0.03,1.0,7233,0.02,0.6666,5117,0.03,1.0,1,0.025,0.8333,228,0
SPY190715C303,2019-07-12,2019-07-12 09:39:17,0.03,1.0,7233,0.02,0.6666,5117,0.03,1.0,1,0.025,0.8333,228,0
SPY190715C303,2019-07-12,2019-07-12 09:39:17,0.03,1.0,7227,0.02,0.6666,5117,0.03,1.0,1,0.025,0.8333,228,0
SPY190715C303,2019-07-12,2019-07-12 09:39:18,0.03,1.0,7227,0.02,0.6666,5117,0.03,1.0,1,0.025,0.8333,228,0
SPY190715C303,2019-07-12,2019-07-12 09:39:19,0.03,1.0,5231,0.02,0.6666,2953,0.03,1.0,1,0.025,0.8333,228,0
SPY190715C303,2019-07-12,2019-07-12 09:39:20,0.03,1.0,5068,0.02,0.6666,4779,0.03,1.0,1,0.025,0.8333,228,0
SPY190715C303,2019-07-12,2019-07-12 09:39:20,0.03,1.0,5231,0.02,0.6666,3650,0.03,1.0,1,0.025,0.8333,228,0
SPY190715C303,2019-07-12,2019-07-12 09:39:21,0.03,1.0,4537,0.02,0.6666,4250,0.03,1.0,1,0.025,0.8333,228,0
SPY190715C303,2019-07-12,2019-07-12 09:39:22,0.03,1.0,5038,0.02,0.6666,5233,0.03,1.0,1,0.025,0.8333,228,0
SPY190715C303,2019-07-12,2019-07-12 09:39:22,0.03,1.0,5038,0.02,0.6666,7910,0.03,1.0,1,0.025,0.8333,228,0
SPY190715C303,2019-07-12,2019-07-12 09:39:23,0.03,1.0,4760,0.02,0.6666,7312,0.03,1.0,1,0.025,0.8333,228,0
SPY190715C303,2019-07-12,2019-07-12 09:39:23,0.03,1.0,5049,0.02,0.6666,7910,0.03,1.0,1,0.025,0.8333,228,0
SPY190715C303,2019-07-12,2019-07-12 09:39:24,0.03,1.0,5081,0.02,0.6666,7312,0.03,1.0,1,0.025,0.8333,228,0
SPY190715C303,2019-07-12,2019-07-12 09:39:25,0.03,1.0,5081,0.02,0.6666,7350,0.03,1.0,1,0.025,0.8333,228,0
SPY190715C303,2019-07-12,2019-07-12 09:39:25,0.03,1.0,5081,0.02,0.6666,5233,0.03,1.0,1,0.025,0.8333,228,0
SPY190715C303,2019-07-12,2019-07-12 09:39:26,0.03,1.0,4996,0.02,0.6666,7131,0.03,1.0,1,0.025,0.8333,228,0
SPY190715C303,2019-07-12,2019-07-12 09:39:26,0.03,1.0,4290,0.02,0.6666,5639,0.03,1.0,1,0.025,0.8333,228,0
SPY190715C303,2019-07-12,2019-07-12 09:39:27,0.03,1.0,4996,0.02,0.6666,7131,0.03,1.0,1,0.025,0.8333,228,0
SPY190715C303,2019-07-12,2019-07-12 09:39:28,0.03,1.0,4378,0.02,0.6666,5939,0.03,1.0,1,0.025,0.8333,228,0
SPY190715C303,2019-07-12,2019-07-12 09:39:28,0.03,1.0,4996,0.02,0.6666,7431,0.03,1.0,1,0.025,0.8333,228,0
SPY190715C303,2019-07-12,2019-07-12 09:39:30,0.03,1.0,4763,0.02,0.6666,7431,0.03,1.0,1,0.025,0.8333,228,0
SPY190715C303,2019-07-12,2019-07-12 09:39:30,0.03,1.0,4997,0.02,0.6666,7431,0.03,1.0,1,0.025,0.8333,228,0
SPY190715C303,2019-07-12,2019-07-12 09:39:31,0.03,1.0,4763,0.02,0.6666,7431,0.03,1.0,1,0.025,0.8333,228,0
SPY190715C303,2019-07-12,2019-07-12 09:39:32,0.03,1.0,5037,0.02,0.6666,7431,0.03,1.0,1,0.025,0.8333,228,0
SPY190715C303,2019-07-12,2019-07-12 09:39:33,0.03,1.0,5035,0.02,0.6666,7448,0.03,1.0,1,0.025,0.8333,228,0
SPY190715C303,2019-07-12,2019-07-12 09:39:34,0.03,1.0,3484,0.02,0.6666,5939,0.03,1.0,1,0.025,0.8333,228,0
SPY190715C303,2019-07-12,2019-07-12 09:39:35,0.03,1.0,4058,0.02,0.6666,6931,0.03,1.0,1,0.025,0.8333,228,0
SPY190715C303,2019-07-12,2019-07-12 09:39:35,0.03,1.0,2099,0.02,0.6666,5439,0.03,1.0,1,0.025,0.8333,228,0
SPY190715C303,2019-07-12,2019-07-12 09:39:36,0.03,1.0,3947,0.02,0.6666,6902,0.03,1.0,1,0.025,0.8333,228,0
SPY190715C303,2019-07-12,2019-07-12 09:39:36,0.03,1.0,2769,0.02,0.6666,5439,0.03,1.0,1,0.025,0.8333,228,0
SPY190715C303,2019-07-12,2019-07-12 09:39:37,0.03,1.0,3947,0.02,0.6666,6778,0.03,1.0,1,0.025,0.8333,228,0
SPY190715C303,2019-07-12,2019-07-12 09:39:38,0.03,1.0,3759,0.02,0.6666,8315,0.03,1.0,1,0.025,0.8333,228,0
SPY190715C303,2019-07-12,2019-07-12 09:39:38,0.03,1.0,3609,0.02,0.6666,8315,0.03,1.0,1,0.025,0.8333,228,0
SPY190715C303,2019-07-12,2019-07-12 09:39:39,0.03,1.0,2510,0.02,0.6666,6778,0.03,1.0,1,0.025,0.8333,228,0
SPY190715C303,2019-07-12,2019-07-12 09:39:39,0.03,1.0,2019,0.02,0.6666,6778,0.03,1.0,1,0.025,0.8333,228,0
SPY190715C303,2019-07-12,2019-07-12 09:39:40,0.03,1.0,1848,0.02,0.6666,6778,0.03,1.0,1,0.025,0.8333,228,0
SPY190715C303,2019-07-12,2019-07-12 09:39:41,0.03,1.0,1728,0.02,0.6666,5235,0.03,1.0,1,0.025,0.8333,228,0
SPY190715C303,2019-07-12,2019-07-12 09:39:41,0.03,1.0,2790,0.02,0.6666,6133,0.03,1.0,1,0.025,0.8333,228,0
SPY190715C303,2019-07-12,2019-07-12 09:39:42,0.03,1.0,2790,0.02,0.6666,7911,0.03,1.0,1,0.025,0.8333,228,0
SPY190715C303,2019-07-12,2019-07-12 09:39:43,0.03,1.0,2790,0.02,0.6666,7911,0.03,1.0,1,0.025,0.8333,228,0
SPY190715C303,2019-07-12,2019-07-12 09:39:44,0.03,1.0,2790,0.02,0.6666,8322,0.03,1.0,1,0.025,0.8333,228,0
SPY190715C303,2019-07-12,2019-07-12 09:39:44,0.03,1.0,2790,0.02,0.6666,8015,0.03,1.0,1,0.025,0.8333,228,0
SPY190715C303,2019-07-12,2019-07-12 09:39:45,0.03,1.0,2790,0.02,0.6666,8331,0.03,1.0,1,0.025,0.8333,228,0
SPY190715C303,2019-07-12,2019-07-12 09:39:45,0.03,1.0,1792,0.02,0.6666,6792,0.03,1.0,1,0.025,0.8333,228,0
SPY190715C303,2019-07-12,2019-07-12 09:39:46,0.03,1.0,1792,0.02,0.6666,6792,0.03,1.0,1,0.025,0.8333,228,0
SPY190715C303,2019-07-12,2019-07-12 09:39:47,0.03,1.0,1792,0.02,0.6666,6485,0.03,1.0,1,0.025,0.8333,228,0
SPY190715C303,2019-07-12,2019-07-12 09:39:47,0.03,1.0,2790,0.02,0.6666,8015,0.03,1.0,1,0.025,0.8333,228,0
SPY190715C303,2019-07-12,2019-07-12 09:39:48,0.03,1.0,1792,0.02,0.6666,8101,0.03,1.0,1,0.025,0.8333,228,0
SPY190715C303,2019-07-12,2019-07-12 09:39:48,0.03,1.0,2790,0.02,0.6666,8015,0.03,1.0,1,0.025,0.8333,228,0
SPY190715C303,2019-07-12,2019-07-12 09:39:49,0.03,1.0,2790,0.02,0.6666,8027,0.03,1.0,1,0.025,0.8333,228,0
SPY190715C303,2019-07-12,2019-07-12 09:39:49,0.03,1.0,1792,0.02,0.6666,8101,0.03,1.0,1,0.025,0.8333,228,0
SPY190715C303,2019-07-12,2019-07-12 09:39:50,0.03,1.0,1404,0.02,0.6666,5295,0.03,1.0,1,0.025,0.8333,228,0
SPY190715C303,2019-07-12,2019-07-12 09:39:50,0.03,1.0,1012,0.02,0.6666,3642,0.03,1.0,1,0.025,0.8333,228,0
SPY190715C303,2019-07-12,2019-07-12 09:39:51,0.03,1.0,2399,0.02,0.6666,7874,0.03,1.0,1,0.025,0.8333,228,0
SPY190715C303,2019-07-12,2019-07-12 09:39:51,0.03,1.0,1904,0.02,0.6666,7290,0.03,1.0,1,0.025,0.8333,228,0
SPY190715C303,2019-07-12,2019-07-12 09:39:52,0.03,1.0,1904,0.02,0.6666,7980,0.03,1.0,1,0.025,0.8333,228,0
SPY190715C303,2019-07-12,2019-07-12 09:39:53,0.03,1.0,1904,0.02,0.6666,7980,0.03,1.0,1,0.025,0.8333,228,0
SPY190715C303,2019-07-12,2019-07-12 09:39:53,0.03,1.0,2547,0.02,0.6666,7965,0.03,1.0,1,0.025,0.8333,228,0
SPY190715C303,2019-07-12,2019-07-12 09:39:54,0.03,1.0,2547,0.02,0.6666,7965,0.03,1.0,1,0.025,0.8333,228,0
SPY190715C303,2019-07-12,2019-07-12 09:39:54,0.03,1.0,2547,0.02,0.6666,8323,0.03,1.0,1,0.025,0.8333,228,0
SPY190715C303,2019-07-12,2019-07-12 09:39:55,0.03,1.0,2547,0.02,0.6666,8323,0.03,1.0,1,0.025,0.8333,229,1
SPY190715C303,2019-07-12,2019-07-12 09:39:55,0.03,1.0,2547,0.02,0.6666,8323,0.03,1.0,1,0.025,0.8333,229,0
SPY190715C303,2019-07-12,2019-07-12 09:39:56,0.03,1.0,1747,0.02,0.6666,7523,0.03,1.0,1,0.025,0.8333,229,0
SPY190715C303,2019-07-12,2019-07-12 09:39:57,0.03,1.0,3968,0.02,0.6666,8341,0.03,1.0,1,0.025,0.8333,229,0
SPY190715C303,2019-07-12,2019-07-12 09:39:57,0.03,1.0,3142,0.02,0.6666,8341,0.03,1.0,1,0.025,0.8333,229,0
SPY190715C303,2019-07-12,2019-07-12 09:39:58,0.03,1.0,3968,0.02,0.6666,8341,0.03,1.0,1,0.025,0.8333,229,0
SPY190715C303,2019-07-12,2019-07-12 09:39:58,0.03,1.0,2991,0.02,0.6666,6819,0.03,1.0,1,0.025,0.8333,229,0
SPY190715C303,2019-07-12,2019-07-12 09:39:59,0.03,1.0,2991,0.02,0.6666,6819,0.03,1.0,1,0.025,0.8333,229,0
SPY190715C303,2019-07-12,2019-07-12 09:40:00,0.03,1.0,2322,0.02,0.6666,3442,0.03,1.0,1,0.025,0.8333,229,0
SPY190715C303,2019-07-12,2019-07-12 09:40:00,0.03,1.0,2491,0.02,0.6666,6819,0.03,1.0,1,0.025,0.8333,229,0
SPY190715C303,2019-07-12,2019-07-12 09:40:01,0.03,1.0,3205,0.02,0.6666,3650,0.03,1.0,1,0.025,0.8333,229,0
SPY190715C303,2019-07-12,2019-07-12 09:40:02,0.03,1.0,4114,0.02,0.6666,5223,0.03,1.0,1,0.025,0.8333,229,0
SPY190715C303,2019-07-12,2019-07-12 09:40:02,0.03,1.0,3714,0.02,0.6666,4307,0.03,1.0,1,0.025,0.8333,229,0
SPY190715C303,2019-07-12,2019-07-12 09:40:03,0.03,1.0,2594,0.02,0.6666,5880,0.03,1.0,1,0.025,0.8333,229,0
SPY190715C303,2019-07-12,2019-07-12 09:40:03,0.03,1.0,3012,0.02,0.6666,6894,0.03,1.0,1,0.025,0.8333,229,0
SPY190715C303,2019-07-12,2019-07-12 09:40:04,0.03,1.0,2502,0.02,0.6666,7125,0.03,1.0,1,0.025,0.8333,229,0
SPY190715C303,2019-07-12,2019-07-12 09:40:05,0.03,1.0,4116,0.02,0.6666,8786,0.03,1.0,1,0.025,0.8333,229,0
SPY190715C303,2019-07-12,2019-07-12 09:40:05,0.03,1.0,3638,0.02,0.6666,8658,0.03,1.0,1,0.025,0.8333,229,0
SPY190715C303,2019-07-12,2019-07-12 09:40:06,0.03,1.0,4116,0.02,0.6666,8786,0.03,1.0,1,0.025,0.8333,229,0
SPY190715C303,2019-07-12,2019-07-12 09:40:07,0.03,1.0,1904,0.02,0.6666,7292,0.03,1.0,1,0.025,0.8333,229,0
SPY190715C303,2019-07-12,2019-07-12 09:40:07,0.03,1.0,2911,0.02,0.6666,8790,0.03,1.0,1,0.025,0.8333,229,0
SPY190715C303,2019-07-12,2019-07-12 09:40:08,0.03,1.0,2911,0.02,0.6666,8790,0.03,1.0,1,0.025,0.8333,229,0
SPY190715C303,2019-07-12,2019-07-12 09:40:09,0.03,1.0,2911,0.02,0.6666,8790,0.03,1.0,1,0.025,0.8333,229,0
SPY190715C303,2019-07-12,2019-07-12 09:40:10,0.03,1.0,2911,0.02,0.6666,8790,0.03,1.0,1,0.025,0.8333,229,0
SPY190715C303,2019-07-12,2019-07-12 09:40:11,0.03,1.0,1312,0.02,0.6666,8435,0.03,1.0,1,0.025,0.8333,229,0
SPY190715C303,2019-07-12,2019-07-12 09:40:12,0.03,1.0,1312,0.02,0.6666,8435,0.03,1.0,1,0.025,0.8333,229,0
SPY190715C303,2019-07-12,2019-07-12 09:40:12,0.03,1.0,1312,0.02,0.6666,6972,0.03,1.0,1,0.025,0.8333,229,0
SPY190715C303,2019-07-12,2019-07-12 09:40:13,0.03,1.0,2841,0.02,0.6666,8777,0.03,1.0,1,0.025,0.8333,229,0
SPY190715C303,2019-07-12,2019-07-12 09:40:13,0.03,1.0,1312,0.02,0.6666,6027,0.03,1.0,1,0.025,0.8333,229,0
SPY190715C303,2019-07-12,2019-07-12 09:40:14,0.03,1.0,1312,0.02,0.6666,7068,0.03,1.0,1,0.025,0.8333,229,0
SPY190715C303,2019-07-12,2019-07-12 09:40:15,0.03,1.0,1312,0.02,0.6666,7380,0.03,1.0,1,0.025,0.8333,229,0
SPY190715C303,2019-07-12,2019-07-12 09:40:15,0.03,1.0,1312,0.02,0.6666,9654,0.03,1.0,1,0.025,0.8333,229,0
SPY190715C303,2019-07-12,2019-07-12 09:40:16,0.03,1.0,1228,0.02,0.6666,10056,0.03,1.0,1,0.025,0.8333,229,0
SPY190715C303,2019-07-12,2019-07-12 09:40:16,0.03,1.0,1312,0.02,0.6666,10056,0.03,1.0,1,0.025,0.8333,229,0
SPY190715C303,2019-07-12,2019-07-12 09:40:17,0.03,1.0,1228,0.02,0.6666,10056,0.03,1.0,1,0.025,0.8333,229,0
SPY190715C303,2019-07-12,2019-07-12 09:40:17,0.03,1.0,1228,0.02,0.6666,9795,0.03,1.0,1,0.025,0.8333,229,0
SPY190715C303,2019-07-12,2019-07-12 09:40:18,0.03,1.0,1228,0.02,0.6666,9796,0.03,1.0,1,0.025,0.8333,229,0
SPY190715C303,2019-07-12,2019-07-12 09:40:19,0.03,1.0,1228,0.02,0.6666,10207,0.03,1.0,1,0.025,0.8333,229,0
SPY190715C303,2019-07-12,2019-07-12 09:40:20,0.03,1.0,1228,0.02,0.6666,9795,0.03,1.0,1,0.025,0.8333,229,0
SPY190715C303,2019-07-12,2019-07-12 09:40:20,0.03,1.0,1228,0.02,0.6666,9284,0.03,1.0,1,0.025,0.8333,229,0
SPY190715C303,2019-07-12,2019-07-12 09:40:21,0.03,1.0,1228,0.02,0.6666,7906,0.03,1.0,1,0.025,0.8333,229,0
SPY190715C303,2019-07-12,2019-07-12 09:40:22,0.03,1.0,1228,0.02,0.6666,9190,0.03,1.0,1,0.025,0.8333,230,1
SPY190715C303,2019-07-12,2019-07-12 09:40:22,0.03,1.0,1228,0.02,0.6666,9190,0.03,1.0,1,0.025,0.8333,230,0
SPY190715C303,2019-07-12,2019-07-12 09:40:23,0.03,1.0,1228,0.02,0.6666,9258,0.03,1.0,1,0.025,0.8333,230,0
SPY190715C303,2019-07-12,2019-07-12 09:40:24,0.03,1.0,1228,0.02,0.6666,8845,0.03,1.0,1,0.025,0.8333,230,0
SPY190715C303,2019-07-12,2019-07-12 09:40:24,0.03,1.0,1228,0.02,0.6666,9258,0.03,1.0,1,0.025,0.8333,230,0
SPY190715C303,2019-07-12,2019-07-12 09:40:25,0.03,1.0,1228,0.02,0.6666,8845,0.03,1.0,1,0.025,0.8333,230,0
SPY190715C303,2019-07-12,2019-07-12 09:40:25,0.03,1.0,1228,0.02,0.6666,8833,0.03,1.0,1,0.025,0.8333,230,0
SPY190715C303,2019-07-12,2019-07-12 09:40:26,0.03,1.0,1228,0.02,0.6666,8834,0.03,1.0,1,0.025,0.8333,230,0
SPY190715C303,2019-07-12,2019-07-12 09:40:26,0.03,1.0,1228,0.02,0.6666,9263,0.03,1.0,1,0.025,0.8333,230,0
SPY190715C303,2019-07-12,2019-07-12 09:40:27,0.03,1.0,1228,0.02,0.6666,9263,0.03,1.0,1,0.025,0.8333,230,0
SPY190715C303,2019-07-12,2019-07-12 09:40:28,0.03,1.0,1219,0.02,0.6666,9218,0.03,1.0,1,0.025,0.8333,240,10
SPY190715C303,2019-07-12,2019-07-12 09:40:29,0.03,1.0,1219,0.02,0.6666,9228,0.03,1.0,1,0.025,0.8333,240,0
SPY190715C303,2019-07-12,2019-07-12 09:40:29,0.03,1.0,1219,0.02,0.6666,9218,0.03,1.0,1,0.025,0.8333,240,0
SPY190715C303,2019-07-12,2019-07-12 09:40:30,0.03,1.0,1219,0.02,0.6666,9228,0.03,1.0,1,0.025,0.8333,240,0
SPY190715C303,2019-07-12,2019-07-12 09:40:30,0.03,1.0,2662,0.02,0.6666,9228,0.03,1.0,1,0.025,0.8333,240,0
SPY190715C303,2019-07-12,2019-07-12 09:40:31,0.03,1.0,2662,0.02,0.6666,9214,0.03,1.0,1,0.025,0.8333,240,0
SPY190715C303,2019-07-12,2019-07-12 09:40:31,0.03,1.0,3122,0.02,0.6666,9227,0.03,1.0,1,0.025,0.8333,240,0
SPY190715C303,2019-07-12,2019-07-12 09:40:32,0.03,1.0,3122,0.02,0.6666,9227,0.03,1.0,1,0.025,0.8333,240,0
SPY190715C303,2019-07-12,2019-07-12 09:40:32,0.03,1.0,1706,0.02,0.6666,7295,0.03,1.0,1,0.025,0.8333,240,0
SPY190715C303,2019-07-12,2019-07-12 09:40:33,0.03,1.0,2631,0.02,0.6666,8834,0.03,1.0,1,0.025,0.8333,240,0
SPY190715C303,2019-07-12,2019-07-12 09:40:34,0.03,1.0,2001,0.02,0.6666,8834,0.03,1.0,1,0.025,0.8333,240,0
SPY190715C303,2019-07-12,2019-07-12 09:40:34,0.03,1.0,1706,0.02,0.6666,7781,0.03,1.0,1,0.025,0.8333,240,0
SPY190715C303,2019-07-12,2019-07-12 09:40:35,0.03,1.0,2001,0.02,0.6666,8834,0.03,1.0,1,0.025,0.8333,240,0
SPY190715C303,2019-07-12,2019-07-12 09:40:35,0.03,1.0,2801,0.02,0.6666,8834,0.03,1.0,1,0.025,0.8333,240,0
SPY190715C303,2019-07-12,2019-07-12 09:40:36,0.03,1.0,2801,0.02,0.6666,8834,0.03,1.0,1,0.025,0.8333,240,0
SPY190715C303,2019-07-12,2019-07-12 09:40:37,0.03,1.0,2909,0.02,0.6666,9233,0.03,1.0,1,0.025,0.8333,240,0
SPY190715C303,2019-07-12,2019-07-12 09:40:38,0.03,1.0,2109,0.02,0.6666,9233,0.03,1.0,1,0.025,0.8333,240,0
SPY190715C303,2019-07-12,2019-07-12 09:40:39,0.03,1.0,2952,0.02,0.6666,9233,0.03,1.0,1,0.025,0.8333,240,0
SPY190715C303,2019-07-12,2019-07-12 09:40:39,0.03,1.0,2109,0.02,0.6666,9233,0.03,1.0,1,0.025,0.8333,240,0
SPY190715C303,2019-07-12,2019-07-12 09:40:40,0.03,1.0,3452,0.02,0.6666,9733,0.03,1.0,1,0.025,0.8333,240,0
SPY190715C303,2019-07-12,2019-07-12 09:40:40,0.03,1.0,3796,0.02,0.6666,9733,0.03,1.0,1,0.025,0.8333,240,0
SPY190715C303,2019-07-12,2019-07-12 09:40:41,0.03,1.0,3796,0.02,0.6666,9733,0.03,1.0,1,0.025,0.8333,240,0
SPY190715C303,2019-07-12,2019-07-12 09:40:42,0.03,1.0,3796,0.02,0.6666,9733,0.03,1.0,1,0.025,0.8333,240,0
SPY190715C303,2019-07-12,2019-07-12 09:40:42,0.03,1.0,4265,0.02,0.6666,9733,0.03,1.0,1,0.025,0.8333,240,0
SPY190715C303,2019-07-12,2019-07-12 09:40:43,0.03,1.0,4265,0.02,0.6666,9733,0.03,1.0,1,0.025,0.8333,240,0
SPY190715C303,2019-07-12,2019-07-12 09:40:44,0.03,1.0,3202,0.02,0.6666,8383,0.03,1.0,1,0.025,0.8333,240,0
SPY190715C303,2019-07-12,2019-07-12 09:40:44,0.03,1.0,4265,0.02,0.6666,9733,0.03,1.0,1,0.025,0.8333,240,0
SPY190715C303,2019-07-12,2019-07-12 09:40:45,0.03,1.0,4376,0.02,0.6666,7046,0.03,1.0,1,0.025,0.8333,240,0
SPY190715C303,2019-07-12,2019-07-12 09:40:45,0.03,1.0,3214,0.02,0.6666,8021,0.03,1.0,1,0.025,0.8333,240,0
SPY190715C303,2019-07-12,2019-07-12 09:40:46,0.03,1.0,3214,0.02,0.6666,8021,0.03,1.0,1,0.025,0.8333,240,0
SPY190715C303,2019-07-12,2019-07-12 09:40:46,0.03,1.0,3099,0.02,0.6666,9981,0.03,1.0,1,0.025,0.8333,240,0
SPY190715C303,2019-07-12,2019-07-12 09:40:47,0.03,1.0,3451,0.02,0.6666,10046,0.03,1.0,1,0.025,0.8333,240,0
SPY190715C303,2019-07-12,2019-07-12 09:40:47,0.03,1.0,2301,0.02,0.6666,8469,0.03,1.0,1,0.025,0.8333,240,0
SPY190715C303,2019-07-12,2019-07-12 09:40:48,0.03,1.0,3221,0.02,0.6666,8469,0.03,1.0,1,0.025,0.8333,240,0
SPY190715C303,2019-07-12,2019-07-12 09:40:49,0.03,1.0,3888,0.02,0.6666,8070,0.03,1.0,1,0.025,0.8333,240,0
SPY190715C303,2019-07-12,2019-07-12 09:40:50,0.03,1.0,3113,0.02,0.6666,8070,0.03,1.0,1,0.025,0.8333,240,0
SPY190715C303,2019-07-12,2019-07-12 09:40:50,0.03,1.0,4061,0.02,0.6666,8070,0.03,1.0,1,0.025,0.8333,240,0
SPY190715C303,2019-07-12,2019-07-12 09:40:51,0.03,1.0,2193,0.02,0.6666,8070,0.03,1.0,1,0.025,0.8333,240,0
SPY190715C303,2019-07-12,2019-07-12 09:40:52,0.03,1.0,2193,0.02,0.6666,8070,0.03,1.0,1,0.025,0.8333,240,0
SPY190715C303,2019-07-12,2019-07-12 09:40:52,0.03,1.0,3317,0.02,0.6666,9639,0.03,1.0,1,0.025,0.8333,240,0
SPY190715C303,2019-07-12,2019-07-12 09:40:53,0.03,1.0,4779,0.02,0.6666,9639,0.03,1.0,1,0.025,0.8333,240,0
SPY190715C303,2019-07-12,2019-07-12 09:40:54,0.03,1.0,4779,0.02,0.6666,9639,0.03,1.0,1,0.025,0.8333,240,0
SPY190715C303,2019-07-12,2019-07-12 09:40:55,0.03,1.0,4798,0.02,0.6666,9632,0.03,1.0,1,0.025,0.8333,240,0
SPY190715C303,2019-07-12,2019-07-12 09:40:55,0.03,1.0,4349,0.02,0.6666,9632,0.03,1.0,1,0.025,0.8333,240,0
SPY190715C303,2019-07-12,2019-07-12 09:40:56,0.03,1.0,4349,0.02,0.6666,9632,0.03,1.0,1,0.025,0.8333,240,0
SPY190715C303,2019-07-12,2019-07-12 09:40:57,0.03,1.0,4317,0.02,0.6666,9640,0.03,1.0,1,0.025,0.8333,240,0
SPY190715C303,2019-07-12,2019-07-12 09:40:58,0.03,1.0,4446,0.02,0.6666,9640,0.03,1.0,1,0.025,0.8333,240,0
SPY190715C303,2019-07-12,2019-07-12 09:40:58,0.03,1.0,4317,0.02,0.6666,9640,0.03,1.0,1,0.025,0.8333,240,0
SPY190715C303,2019-07-12,2019-07-12 09:40:59,0.03,1.0,4317,0.02,0.6666,9640,0.03,1.0,1,0.025,0.8333,240,0
SPY190715C303,2019-07-12,2019-07-12 09:41:00,0.03,1.0,4112,0.02,0.6666,8439,0.03,1.0,1,0.025,0.8333,240,0
SPY190715C303,2019-07-12,2019-07-12 09:41:01,0.03,1.0,4458,0.02,0.6666,9640,0.03,1.0,1,0.025,0.8333,240,0
SPY190715C303,2019-07-12,2019-07-12 09:41:01,0.03,1.0,2096,0.02,0.6666,4007,0.03,1.0,1,0.025,0.8333,240,0
SPY190715C303,2019-07-12,2019-07-12 09:41:02,0.03,1.0,4413,0.02,0.6666,6068,0.03,1.0,1,0.025,0.8333,240,0
SPY190715C303,2019-07-12,2019-07-12 09:41:02,0.03,1.0,3736,0.02,0.6666,5752,0.03,1.0,1,0.025,0.8333,240,0
SPY190715C303,2019-07-12,2019-07-12 09:41:03,0.03,1.0,3326,0.02,0.6666,7688,0.03,1.0,1,0.025,0.8333,240,0
SPY190715C303,2019-07-12,2019-07-12 09:41:03,0.03,1.0,4630,0.02,0.6666,9249,0.03,1.0,1,0.025,0.8333,240,0
SPY190715C303,2019-07-12,2019-07-12 09:41:04,0.03,1.0,4108,0.02,0.6666,7188,0.03,1.0,1,0.025,0.8333,240,0
SPY190715C303,2019-07-12,2019-07-12 09:41:04,0.03,1.0,4108,0.02,0.6666,7688,0.03,1.0,1,0.025,0.8333,240,0
SPY190715C303,2019-07-12,2019-07-12 09:41:05,0.03,1.0,5335,0.02,0.6666,9249,0.03,1.0,1,0.025,0.8333,240,0
SPY190715C303,2019-07-12,2019-07-12 09:41:06,0.03,1.0,5335,0.02,0.6666,9249,0.03,1.0,1,0.025,0.8333,240,0
SPY190715C303,2019-07-12,2019-07-12 09:41:07,0.03,1.0,4036,0.02,0.6666,7688,0.03,1.0,1,0.025,0.8333,240,0
SPY190715C303,2019-07-12,2019-07-12 09:41:07,0.03,1.0,5399,0.02,0.6666,9975,0.03,1.0,1,0.025,0.8333,240,0
SPY190715C303,2019-07-12,2019-07-12 09:41:08,0.03,1.0,4173,0.02,0.6666,7688,0.03,1.0,4,0.025,0.8333,244,4
SPY190715C303,2019-07-12,2019-07-12 09:41:08,0.03,1.0,5399,0.02,0.6666,9975,0.03,1.0,1,0.025,0.8333,240,0
SPY190715C303,2019-07-12,2019-07-12 09:41:09,0.03,1.0,5556,0.02,0.6666,9249,0.03,1.0,4,0.025,0.8333,244,0
SPY190715C303,2019-07-12,2019-07-12 09:41:10,0.03,1.0,3984,0.02,0.6666,6174,0.03,1.0,4,0.025,0.8333,244,0
SPY190715C303,2019-07-12,2019-07-12 09:41:11,0.03,1.0,4109,0.02,0.6666,7688,0.03,1.0,4,0.025,0.8333,244,0
SPY190715C303,2019-07-12,2019-07-12 09:41:11,0.03,1.0,4848,0.02,0.6666,8723,0.03,1.0,4,0.025,0.8333,244,0
SPY190715C303,2019-07-12,2019-07-12 09:41:12,0.03,1.0,4230,0.02,0.6666,8350,0.03,1.0,4,0.025,0.8333,244,0
SPY190715C303,2019-07-12,2019-07-12 09:41:12,0.03,1.0,4109,0.02,0.6666,7188,0.03,1.0,4,0.025,0.8333,244,0
SPY190715C303,2019-07-12,2019-07-12 09:41:13,0.03,1.0,4230,0.02,0.6666,7688,0.03,1.0,4,0.025,0.8333,244,0
SPY190715C303,2019-07-12,2019-07-12 09:41:14,0.03,1.0,5621,0.02,0.6666,9249,0.03,1.0,4,0.025,0.8333,244,0
SPY190715C303,2019-07-12,2019-07-12 09:41:14,0.03,1.0,4614,0.02,0.6666,7688,0.03,1.0,4,0.025,0.8333,244,0
SPY190715C303,2019-07-12,2019-07-12 09:41:15,0.03,1.0,5404,0.02,0.6666,9249,0.03,1.0,4,0.025,0.8333,244,0
SPY190715C303,2019-07-12,2019-07-12 09:41:15,0.03,1.0,4013,0.02,0.6666,7688,0.03,1.0,4,0.025,0.8333,244,0
SPY190715C303,2019-07-12,2019-07-12 09:41:16,0.03,1.0,4691,0.02,0.6666,7688,0.03,1.0,4,0.025,0.8333,244,0
SPY190715C303,2019-07-12,2019-07-12 09:41:17,0.03,1.0,4601,0.02,0.6666,7688,0.03,1.0,4,0.025,0.8333,244,0
SPY190715C303,2019-07-12,2019-07-12 09:41:17,0.03,1.0,4002,0.02,0.6666,7388,0.03,1.0,4,0.025,0.8333,244,0
SPY190715C303,2019-07-12,2019-07-12 09:41:18,0.03,1.0,4601,0.02,0.6666,7688,0.03,1.0,4,0.025,0.8333,244,0
SPY190715C303,2019-07-12,2019-07-12 09:41:18,0.03,1.0,4601,0.02,0.6666,8214,0.03,1.0,4,0.025,0.8333,244,0
SPY190715C303,2019-07-12,2019-07-12 09:41:19,0.03,1.0,4601,0.02,0.6666,7688,0.03,1.0,4,0.025,0.8333,244,0
SPY190715C303,2019-07-12,2019-07-12 09:41:20,0.03,1.0,5382,0.02,0.6666,9249,0.03,1.0,4,0.025,0.8333,244,0
SPY190715C303,2019-07-12,2019-07-12 09:41:20,0.03,1.0,4156,0.02,0.6666,7688,0.03,1.0,4,0.025,0.8333,244,0
SPY190715C303,2019-07-12,2019-07-12 09:41:21,0.03,1.0,5382,0.02,0.6666,9249,0.03,1.0,4,0.025,0.8333,244,0
SPY190715C303,2019-07-12,2019-07-12 09:41:22,0.03,1.0,5597,0.02,0.6666,9249,0.03,1.0,4,0.025,0.8333,244,0
SPY190715C303,2019-07-12,2019-07-12 09:41:23,0.03,1.0,5597,0.02,0.6666,9249,0.03,1.0,4,0.025,0.8333,244,0
SPY190715C303,2019-07-12,2019-07-12 09:41:24,0.03,1.0,5597,0.02,0.6666,9249,0.03,1.0,4,0.025,0.8333,244,0
SPY190715C303,2019-07-12,2019-07-12 09:41:25,0.03,1.0,5597,0.02,0.6666,9249,0.03,1.0,4,0.025,0.8333,244,0
SPY190715C303,2019-07-12,2019-07-12 09:41:26,0.03,1.0,5849,0.02,0.6666,9249,0.03,1.0,4,0.025,0.8333,244,0
SPY190715C303,2019-07-12,2019-07-12 09:41:27,0.03,1.0,4641,0.02,0.6666,7688,0.03,1.0,4,0.025,0.8333,244,0
SPY190715C303,2019-07-12,2019-07-12 09:41:28,0.03,1.0,4641,0.02,0.6666,7688,0.03,1.0,4,0.025,0.8333,244,0
SPY190715C303,2019-07-12,2019-07-12 09:41:28,0.03,1.0,4641,0.02,0.6666,8479,0.03,1.0,4,0.025,0.8333,244,0
SPY190715C303,2019-07-12,2019-07-12 09:41:29,0.03,1.0,5677,0.02,0.6666,9266,0.03,1.0,4,0.025,0.8333,244,0
SPY190715C303,2019-07-12,2019-07-12 09:41:30,0.03,1.0,4131,0.02,0.6666,7752,0.03,1.0,4,0.025,0.8333,244,0
SPY190715C303,2019-07-12,2019-07-12 09:41:30,0.03,1.0,4608,0.02,0.6666,7752,0.03,1.0,4,0.025,0.8333,244,0
SPY190715C303,2019-07-12,2019-07-12 09:41:31,0.03,1.0,4267,0.02,0.6666,8212,0.03,1.0,4,0.025,0.8333,244,0
SPY190715C303,2019-07-12,2019-07-12 09:41:32,0.03,1.0,4722,0.02,0.6666,8212,0.03,1.0,4,0.025,0.8333,244,0
SPY190715C303,2019-07-12,2019-07-12 09:41:33,0.03,1.0,4581,0.02,0.6666,8979,0.03,1.0,4,0.025,0.8333,244,0
SPY190715C303,2019-07-12,2019-07-12 09:41:33,0.03,1.0,5160,0.02,0.6666,8212,0.03,1.0,4,0.025,0.8333,244,0
SPY190715C303,2019-07-12,2019-07-12 09:41:34,0.03,1.0,4581,0.02,0.6666,8212,0.03,1.0,4,0.025,0.8333,244,0
SPY190715C303,2019-07-12,2019-07-12 09:41:35,0.03,1.0,4581,0.02,0.6666,8212,0.03,1.0,4,0.025,0.8333,244,0
SPY190715C303,2019-07-12,2019-07-12 09:41:35,0.03,1.0,5160,0.02,0.6666,8212,0.03,1.0,4,0.025,0.8333,244,0
SPY190715C303,2019-07-12,2019-07-12 09:41:36,0.03,1.0,5360,0.02,0.6666,7712,0.03,1.0,4,0.025,0.8333,244,0
SPY190715C303,2019-07-12,2019-07-12 09:41:37,0.03,1.0,5882,0.02,0.6666,9760,0.03,1.0,4,0.025,0.8333,244,0
SPY190715C303,2019-07-12,2019-07-12 09:41:38,0.03,1.0,5320,0.02,0.6666,8212,0.03,1.0,4,0.025,0.8333,244,0
SPY190715C303,2019-07-12,2019-07-12 09:41:38,0.03,1.0,5918,0.02,0.6666,9784,0.03,1.0,4,0.025,0.8333,244,0
SPY190715C303,2019-07-12,2019-07-12 09:41:39,0.03,1.0,5456,0.02,0.6666,9348,0.03,1.0,4,0.025,0.8333,244,0
SPY190715C303,2019-07-12,2019-07-12 09:41:39,0.03,1.0,5918,0.02,0.6666,9784,0.03,1.0,4,0.025,0.8333,244,0
SPY190715C303,2019-07-12,2019-07-12 09:41:40,0.03,1.0,5756,0.02,0.6666,9648,0.03,1.0,4,0.025,0.8333,244,0
SPY190715C303,2019-07-12,2019-07-12 09:41:41,0.03,1.0,5320,0.02,0.6666,8092,0.03,1.0,4,0.025,0.8333,244,0
SPY190715C303,2019-07-12,2019-07-12 09:41:41,0.03,1.0,5756,0.02,0.6666,9648,0.03,1.0,4,0.025,0.8333,244,0
SPY190715C303,2019-07-12,2019-07-12 09:41:42,0.03,1.0,5796,0.02,0.6666,9650,0.03,1.0,1,0.025,0.8333,245,0
SPY190715C303,2019-07-12,2019-07-12 09:41:42,0.03,1.0,5320,0.02,0.6666,8092,0.03,1.0,1,0.025,0.8333,245,1
SPY190715C303,2019-07-12,2019-07-12 09:41:43,0.03,1.0,6027,0.02,0.6666,9182,0.03,1.0,1,0.025,0.8333,245,0
SPY190715C303,2019-07-12,2019-07-12 09:41:44,0.03,1.0,6041,0.02,0.6666,9170,0.03,1.0,1,0.025,0.8333,245,0
SPY190715C303,2019-07-12,2019-07-12 09:41:44,0.03,1.0,4616,0.02,0.6666,7624,0.03,1.0,1,0.025,0.8333,245,0
SPY190715C303,2019-07-12,2019-07-12 09:41:45,0.03,1.0,5795,0.02,0.6666,9169,0.03,1.0,1,0.025,0.8333,245,0
SPY190715C303,2019-07-12,2019-07-12 09:41:46,0.03,1.0,4977,0.02,0.6666,7624,0.03,1.0,1,0.025,0.8333,245,0
SPY190715C303,2019-07-12,2019-07-12 09:41:46,0.03,1.0,5608,0.02,0.6666,7624,0.03,1.0,1,0.025,0.8333,245,0
SPY190715C303,2019-07-12,2019-07-12 09:41:47,0.03,1.0,6132,0.02,0.6666,9170,0.03,1.0,1,0.025,0.8333,245,0
SPY190715C303,2019-07-12,2019-07-12 09:41:48,0.03,1.0,6132,0.02,0.6666,9170,0.03,1.0,1,0.025,0.8333,245,0
SPY190715C303,2019-07-12,2019-07-12 09:41:49,0.03,1.0,6132,0.02,0.6666,9170,0.03,1.0,1,0.025,0.8333,245,0
SPY190715C303,2019-07-12,2019-07-12 09:41:49,0.03,1.0,5796,0.02,0.6666,9170,0.03,1.0,1,0.025,0.8333,245,0
SPY190715C303,2019-07-12,2019-07-12 09:41:50,0.03,1.0,4889,0.02,0.6666,9170,0.03,1.0,1,0.025,0.8333,245,0
SPY190715C303,2019-07-12,2019-07-12 09:41:51,0.03,1.0,5797,0.02,0.6666,9170,0.03,1.0,1,0.025,0.8333,245,0
SPY190715C303,2019-07-12,2019-07-12 09:41:51,0.03,1.0,5226,0.02,0.6666,7624,0.03,1.0,1,0.025,0.8333,245,0
SPY190715C303,2019-07-12,2019-07-12 09:41:52,0.03,1.0,5432,0.02,0.6666,7624,0.03,1.0,1,0.025,0.8333,245,0
SPY190715C303,2019-07-12,2019-07-12 09:41:52,0.03,1.0,6075,0.02,0.6666,9170,0.03,1.0,1,0.025,0.8333,245,0
SPY190715C303,2019-07-12,2019-07-12 09:41:53,0.03,1.0,6075,0.02,0.6666,9170,0.03,1.0,1,0.025,0.8333,245,0
SPY190715C303,2019-07-12,2019-07-12 09:41:54,0.03,1.0,6075,0.02,0.6666,9170,0.03,1.0,1,0.025,0.8333,245,0
SPY190715C303,2019-07-12,2019-07-12 09:41:55,0.03,1.0,5772,0.02,0.6666,6818,0.03,1.0,1,0.025,0.8333,245,0
SPY190715C303,2019-07-12,2019-07-12 09:41:55,0.03,1.0,6075,0.02,0.6666,9170,0.03,1.0,1,0.025,0.8333,245,0
SPY190715C303,2019-07-12,2019-07-12 09:41:56,0.03,1.0,5772,0.02,0.6666,6818,0.03,1.0,1,0.025,0.8333,245,0
SPY190715C303,2019-07-12,2019-07-12 09:41:56,0.03,1.0,5772,0.02,0.6666,8834,0.03,1.0,1,0.025,0.8333,245,0
SPY190715C303,2019-07-12,2019-07-12 09:41:57,0.03,1.0,5796,0.02,0.6666,8931,0.03,1.0,1,0.025,0.8333,245,0
SPY190715C303,2019-07-12,2019-07-12 09:41:58,0.03,1.0,6007,0.02,0.6666,8943,0.03,1.0,1,0.025,0.8333,245,0
SPY190715C303,2019-07-12,2019-07-12 09:41:59,0.03,1.0,6007,0.02,0.6666,8931,0.03,1.0,1,0.025,0.8333,245,0
SPY190715C303,2019-07-12,2019-07-12 09:42:00,0.03,1.0,6007,0.02,0.6666,8931,0.03,1.0,1,0.025,0.8333,245,0
SPY190715C303,2019-07-12,2019-07-12 09:42:01,0.03,1.0,6007,0.02,0.6666,8931,0.03,1.0,1,0.025,0.8333,245,0
SPY190715C303,2019-07-12,2019-07-12 09:42:02,0.03,1.0,4585,0.02,0.6666,7378,0.03,1.0,1,0.025,0.8333,245,0
