symbol,Date,quote_time,ask_price,norm_ask_price,ask_size,bid_price,norm_bid_price,bid_size,last_trade_price,norm_last_trade_price,last_trade_size,mark_price,norm_mark_price,volume,Volume
IWM190920C154,2019-09-18,2019-09-18 09:30:02,3.97,0.9974,10,3.68,0.9246,17,3.79,0.9522,2,3.825,0.961,0,0
IWM190920C154,2019-09-18,2019-09-18 09:30:02,3.98,1.0,17,3.68,0.9246,17,3.79,0.9522,2,3.83,0.9623,0,0
IWM190920C154,2019-09-18,2019-09-18 09:30:03,3.97,0.9974,10,3.68,0.9246,17,3.79,0.9522,2,3.825,0.961,0,0
IWM190920C154,2019-09-18,2019-09-18 09:30:03,3.97,0.9974,10,3.68,0.9246,7,3.79,0.9522,2,3.825,0.961,0,0
IWM190920C154,2019-09-18,2019-09-18 09:30:04,3.97,0.9974,32,3.68,0.9246,7,3.79,0.9522,2,3.825,0.961,0,0
IWM190920C154,2019-09-18,2019-09-18 09:30:05,3.97,0.9974,32,3.68,0.9246,7,3.79,0.9522,2,3.825,0.961,0,0
IWM190920C154,2019-09-18,2019-09-18 09:30:06,3.97,0.9974,32,3.69,0.9271,43,3.79,0.9522,2,3.83,0.9623,0,0
IWM190920C154,2019-09-18,2019-09-18 09:30:06,3.97,0.9974,32,3.69,0.9271,21,3.79,0.9522,2,3.83,0.9623,0,0
IWM190920C154,2019-09-18,2019-09-18 09:30:07,3.97,0.9974,32,3.68,0.9246,7,3.79,0.9522,2,3.825,0.961,0,0
IWM190920C154,2019-09-18,2019-09-18 09:30:07,3.96,0.9949,22,3.67,0.9221,22,3.79,0.9522,2,3.815,0.9585,0,0
IWM190920C154,2019-09-18,2019-09-18 09:30:08,3.96,0.9949,22,3.67,0.9221,22,3.79,0.9522,2,3.815,0.9585,0,0
IWM190920C154,2019-09-18,2019-09-18 09:30:08,3.95,0.9924,23,3.67,0.9221,22,3.79,0.9522,2,3.81,0.9572,0,0
IWM190920C154,2019-09-18,2019-09-18 09:30:09,3.95,0.9924,23,3.67,0.9221,22,3.79,0.9522,2,3.81,0.9572,0,0
IWM190920C154,2019-09-18,2019-09-18 09:30:10,3.95,0.9924,23,3.67,0.9221,22,3.79,0.9522,2,3.81,0.9572,0,0
IWM190920C154,2019-09-18,2019-09-18 09:30:11,3.95,0.9924,23,3.67,0.9221,22,3.79,0.9522,2,3.81,0.9572,0,0
IWM190920C154,2019-09-18,2019-09-18 09:30:12,3.95,0.9924,23,3.67,0.9221,22,3.79,0.9522,2,3.81,0.9572,0,0
IWM190920C154,2019-09-18,2019-09-18 09:30:13,3.96,0.9949,100,3.7,0.9296,23,3.79,0.9522,2,3.83,0.9623,0,0
IWM190920C154,2019-09-18,2019-09-18 09:30:13,3.96,0.9949,50,3.7,0.9296,23,3.79,0.9522,2,3.83,0.9623,0,0
IWM190920C154,2019-09-18,2019-09-18 09:30:14,3.96,0.9949,50,3.7,0.9296,27,3.79,0.9522,2,3.83,0.9623,0,0
IWM190920C154,2019-09-18,2019-09-18 09:30:14,3.96,0.9949,50,3.7,0.9296,50,3.79,0.9522,2,3.83,0.9623,0,0
IWM190920C154,2019-09-18,2019-09-18 09:30:15,3.95,0.9924,26,3.7,0.9296,50,3.79,0.9522,2,3.825,0.961,0,0
IWM190920C154,2019-09-18,2019-09-18 09:30:15,3.97,0.9974,26,3.7,0.9296,50,3.79,0.9522,2,3.835,0.9635,0,0
IWM190920C154,2019-09-18,2019-09-18 09:30:16,3.97,0.9974,26,3.7,0.9296,50,3.79,0.9522,2,3.835,0.9635,0,0
IWM190920C154,2019-09-18,2019-09-18 09:30:17,3.96,0.9949,19,3.7,0.9296,60,3.79,0.9522,2,3.83,0.9623,0,0
IWM190920C154,2019-09-18,2019-09-18 09:30:17,3.97,0.9974,26,3.7,0.9296,50,3.79,0.9522,2,3.835,0.9635,0,0
IWM190920C154,2019-09-18,2019-09-18 09:30:18,3.92,0.9849,22,3.7,0.9296,50,3.79,0.9522,2,3.81,0.9572,0,0
IWM190920C154,2019-09-18,2019-09-18 09:30:18,3.94,0.9899,50,3.7,0.9296,50,3.79,0.9522,2,3.82,0.9597,0,0
IWM190920C154,2019-09-18,2019-09-18 09:30:19,3.92,0.9849,22,3.7,0.9296,50,3.79,0.9522,2,3.81,0.9572,0,0
IWM190920C154,2019-09-18,2019-09-18 09:30:20,3.92,0.9849,80,3.7,0.9296,50,3.79,0.9522,2,3.81,0.9572,0,0
IWM190920C154,2019-09-18,2019-09-18 09:30:21,3.91,0.9824,50,3.7,0.9296,74,3.79,0.9522,2,3.805,0.956,0,0
IWM190920C154,2019-09-18,2019-09-18 09:30:21,3.91,0.9824,19,3.7,0.9296,50,3.79,0.9522,2,3.805,0.956,0,0
IWM190920C154,2019-09-18,2019-09-18 09:30:22,3.91,0.9824,50,3.7,0.9296,80,3.79,0.9522,2,3.805,0.956,0,0
IWM190920C154,2019-09-18,2019-09-18 09:30:22,3.91,0.9824,50,3.7,0.9296,60,3.79,0.9522,2,3.805,0.956,0,0
IWM190920C154,2019-09-18,2019-09-18 09:30:23,3.89,0.9773,32,3.7,0.9296,58,3.79,0.9522,2,3.795,0.9535,0,0
IWM190920C154,2019-09-18,2019-09-18 09:30:23,3.91,0.9824,82,3.7,0.9296,80,3.79,0.9522,2,3.805,0.956,0,0
IWM190920C154,2019-09-18,2019-09-18 09:30:24,3.87,0.9723,50,3.66,0.9195,50,3.79,0.9522,2,3.765,0.9459,0,0
IWM190920C154,2019-09-18,2019-09-18 09:30:25,3.87,0.9723,50,3.65,0.917,10,3.79,0.9522,2,3.76,0.9447,0,0
IWM190920C154,2019-09-18,2019-09-18 09:30:26,3.84,0.9648,60,3.64,0.9145,75,3.79,0.9522,2,3.74,0.9396,0,0
IWM190920C154,2019-09-18,2019-09-18 09:30:26,3.85,0.9673,19,3.64,0.9145,80,3.79,0.9522,2,3.745,0.9409,0,0
IWM190920C154,2019-09-18,2019-09-18 09:30:27,3.84,0.9648,60,3.63,0.912,1,3.79,0.9522,2,3.735,0.9384,0,0
IWM190920C154,2019-09-18,2019-09-18 09:30:27,3.84,0.9648,80,3.64,0.9145,28,3.79,0.9522,2,3.74,0.9396,0,0
IWM190920C154,2019-09-18,2019-09-18 09:30:28,3.84,0.9648,20,3.63,0.912,83,3.79,0.9522,2,3.735,0.9384,0,0
IWM190920C154,2019-09-18,2019-09-18 09:30:28,3.89,0.9773,79,3.63,0.912,70,3.79,0.9522,2,3.76,0.9447,0,0
IWM190920C154,2019-09-18,2019-09-18 09:30:29,3.89,0.9773,79,3.63,0.912,91,3.79,0.9522,2,3.76,0.9447,0,0
IWM190920C154,2019-09-18,2019-09-18 09:30:30,3.89,0.9773,79,3.63,0.912,88,3.79,0.9522,2,3.76,0.9447,0,0
IWM190920C154,2019-09-18,2019-09-18 09:30:30,3.89,0.9773,79,3.63,0.912,130,3.79,0.9522,2,3.76,0.9447,0,0
IWM190920C154,2019-09-18,2019-09-18 09:30:31,3.89,0.9773,79,3.63,0.912,130,3.79,0.9522,2,3.76,0.9447,0,0
IWM190920C154,2019-09-18,2019-09-18 09:30:31,3.89,0.9773,79,3.63,0.912,145,3.79,0.9522,2,3.76,0.9447,0,0
IWM190920C154,2019-09-18,2019-09-18 09:30:32,3.89,0.9773,79,3.63,0.912,159,3.79,0.9522,2,3.76,0.9447,0,0
IWM190920C154,2019-09-18,2019-09-18 09:30:32,3.89,0.9773,79,3.63,0.912,145,3.79,0.9522,2,3.76,0.9447,0,0
IWM190920C154,2019-09-18,2019-09-18 09:30:33,3.89,0.9773,74,3.65,0.917,23,3.79,0.9522,2,3.77,0.9472,0,0
IWM190920C154,2019-09-18,2019-09-18 09:30:33,3.89,0.9773,79,3.63,0.912,159,3.79,0.9522,2,3.76,0.9447,0,0
IWM190920C154,2019-09-18,2019-09-18 09:30:34,3.89,0.9773,82,3.65,0.917,107,3.79,0.9522,2,3.77,0.9472,0,0
IWM190920C154,2019-09-18,2019-09-18 09:30:34,3.89,0.9773,106,3.65,0.917,118,3.79,0.9522,2,3.77,0.9472,0,0
IWM190920C154,2019-09-18,2019-09-18 09:30:35,3.89,0.9773,106,3.65,0.917,83,3.79,0.9522,2,3.77,0.9472,0,0
IWM190920C154,2019-09-18,2019-09-18 09:30:35,3.89,0.9773,106,3.65,0.917,96,3.79,0.9522,2,3.77,0.9472,0,0
IWM190920C154,2019-09-18,2019-09-18 09:30:36,3.89,0.9773,106,3.65,0.917,83,3.79,0.9522,2,3.77,0.9472,0,0
IWM190920C154,2019-09-18,2019-09-18 09:30:37,3.88,0.9748,19,3.65,0.917,82,3.79,0.9522,2,3.765,0.9459,0,0
IWM190920C154,2019-09-18,2019-09-18 09:30:38,3.88,0.9748,19,3.65,0.917,82,3.79,0.9522,2,3.765,0.9459,0,0
IWM190920C154,2019-09-18,2019-09-18 09:30:39,3.88,0.9748,20,3.65,0.917,100,3.79,0.9522,2,3.765,0.9459,0,0
IWM190920C154,2019-09-18,2019-09-18 09:30:39,3.88,0.9748,19,3.65,0.917,100,3.79,0.9522,2,3.765,0.9459,0,0
IWM190920C154,2019-09-18,2019-09-18 09:30:40,3.88,0.9748,20,3.65,0.917,100,3.79,0.9522,2,3.765,0.9459,0,0
IWM190920C154,2019-09-18,2019-09-18 09:30:41,3.88,0.9748,20,3.65,0.917,87,3.79,0.9522,2,3.765,0.9459,0,0
IWM190920C154,2019-09-18,2019-09-18 09:30:41,3.88,0.9748,20,3.65,0.917,100,3.79,0.9522,2,3.765,0.9459,0,0
IWM190920C154,2019-09-18,2019-09-18 09:30:42,3.88,0.9748,20,3.65,0.917,87,3.79,0.9522,2,3.765,0.9459,0,0
IWM190920C154,2019-09-18,2019-09-18 09:30:43,3.88,0.9748,20,3.65,0.917,87,3.79,0.9522,2,3.765,0.9459,0,0
IWM190920C154,2019-09-18,2019-09-18 09:30:43,3.88,0.9748,20,3.65,0.917,104,3.79,0.9522,2,3.765,0.9459,0,0
IWM190920C154,2019-09-18,2019-09-18 09:30:44,3.88,0.9748,20,3.65,0.917,104,3.79,0.9522,2,3.765,0.9459,0,0
IWM190920C154,2019-09-18,2019-09-18 09:30:45,3.88,0.9748,20,3.65,0.917,104,3.79,0.9522,2,3.765,0.9459,0,0
IWM190920C154,2019-09-18,2019-09-18 09:30:45,3.88,0.9748,53,3.65,0.917,114,3.79,0.9522,2,3.765,0.9459,0,0
IWM190920C154,2019-09-18,2019-09-18 09:30:46,3.88,0.9748,53,3.65,0.917,114,3.79,0.9522,2,3.765,0.9459,0,0
IWM190920C154,2019-09-18,2019-09-18 09:30:46,3.88,0.9748,53,3.65,0.917,115,3.79,0.9522,2,3.765,0.9459,0,0
IWM190920C154,2019-09-18,2019-09-18 09:30:47,3.87,0.9723,50,3.65,0.917,121,3.79,0.9522,2,3.76,0.9447,0,0
IWM190920C154,2019-09-18,2019-09-18 09:30:48,3.87,0.9723,74,3.65,0.917,121,3.79,0.9522,2,3.76,0.9447,0,0
IWM190920C154,2019-09-18,2019-09-18 09:30:49,3.87,0.9723,74,3.65,0.917,121,3.79,0.9522,2,3.76,0.9447,0,0
IWM190920C154,2019-09-18,2019-09-18 09:30:50,3.87,0.9723,74,3.65,0.917,138,3.79,0.9522,2,3.76,0.9447,0,0
IWM190920C154,2019-09-18,2019-09-18 09:30:50,3.87,0.9723,74,3.65,0.917,121,3.79,0.9522,2,3.76,0.9447,0,0
IWM190920C154,2019-09-18,2019-09-18 09:30:51,3.87,0.9723,74,3.65,0.917,138,3.79,0.9522,2,3.76,0.9447,0,0
IWM190920C154,2019-09-18,2019-09-18 09:30:52,3.87,0.9723,76,3.65,0.917,149,3.79,0.9522,2,3.76,0.9447,0,0
IWM190920C154,2019-09-18,2019-09-18 09:30:52,3.87,0.9723,76,3.65,0.917,132,3.79,0.9522,2,3.76,0.9447,0,0
IWM190920C154,2019-09-18,2019-09-18 09:30:53,3.85,0.9673,17,3.65,0.917,115,3.79,0.9522,2,3.75,0.9422,0,0
IWM190920C154,2019-09-18,2019-09-18 09:30:53,3.87,0.9723,108,3.65,0.917,105,3.79,0.9522,2,3.76,0.9447,0,0
IWM190920C154,2019-09-18,2019-09-18 09:30:54,3.85,0.9673,98,3.65,0.917,101,3.79,0.9522,2,3.75,0.9422,0,0
IWM190920C154,2019-09-18,2019-09-18 09:30:54,3.85,0.9673,107,3.65,0.917,96,3.79,0.9522,2,3.75,0.9422,0,0
IWM190920C154,2019-09-18,2019-09-18 09:30:55,3.85,0.9673,98,3.65,0.917,87,3.79,0.9522,2,3.75,0.9422,0,0
IWM190920C154,2019-09-18,2019-09-18 09:30:55,3.85,0.9673,98,3.65,0.917,108,3.79,0.9522,2,3.75,0.9422,0,0
IWM190920C154,2019-09-18,2019-09-18 09:30:56,3.85,0.9673,98,3.65,0.917,92,3.79,0.9522,2,3.75,0.9422,0,0
IWM190920C154,2019-09-18,2019-09-18 09:30:56,3.85,0.9673,98,3.65,0.917,108,3.79,0.9522,2,3.75,0.9422,0,0
IWM190920C154,2019-09-18,2019-09-18 09:30:57,3.85,0.9673,98,3.65,0.917,102,3.79,0.9522,2,3.75,0.9422,0,0
IWM190920C154,2019-09-18,2019-09-18 09:30:58,3.85,0.9673,101,3.65,0.917,50,3.79,0.9522,2,3.75,0.9422,0,0
IWM190920C154,2019-09-18,2019-09-18 09:30:58,3.85,0.9673,111,3.64,0.9145,80,3.79,0.9522,2,3.745,0.9409,0,0
IWM190920C154,2019-09-18,2019-09-18 09:30:59,3.84,0.9648,94,3.64,0.9145,50,3.79,0.9522,2,3.74,0.9396,0,0
IWM190920C154,2019-09-18,2019-09-18 09:30:59,3.84,0.9648,84,3.64,0.9145,50,3.79,0.9522,2,3.74,0.9396,0,0
IWM190920C154,2019-09-18,2019-09-18 09:31:00,3.83,0.9623,95,3.64,0.9145,50,3.79,0.9522,2,3.735,0.9384,0,0
IWM190920C154,2019-09-18,2019-09-18 09:31:00,3.81,0.9572,26,3.64,0.9145,20,3.79,0.9522,2,3.725,0.9359,0,0
IWM190920C154,2019-09-18,2019-09-18 09:31:01,3.79,0.9522,95,3.58,0.8994,115,3.79,0.9522,2,3.685,0.9258,0,0
IWM190920C154,2019-09-18,2019-09-18 09:31:01,3.78,0.9497,56,3.64,0.9145,3,3.79,0.9522,2,3.71,0.9321,0,0
IWM190920C154,2019-09-18,2019-09-18 09:31:02,3.79,0.9522,104,3.58,0.8994,137,3.79,0.9522,2,3.685,0.9258,0,0
IWM190920C154,2019-09-18,2019-09-18 09:31:02,3.79,0.9522,60,3.58,0.8994,140,3.79,0.9522,2,3.685,0.9258,0,0
IWM190920C154,2019-09-18,2019-09-18 09:31:03,3.79,0.9522,104,3.58,0.8994,137,3.79,0.9522,2,3.685,0.9258,0,0
IWM190920C154,2019-09-18,2019-09-18 09:31:03,3.79,0.9522,104,3.58,0.8994,147,3.79,0.9522,2,3.685,0.9258,0,0
IWM190920C154,2019-09-18,2019-09-18 09:31:04,3.79,0.9522,149,3.58,0.8994,144,3.79,0.9522,2,3.685,0.9258,0,0
IWM190920C154,2019-09-18,2019-09-18 09:31:04,3.79,0.9522,108,3.58,0.8994,145,3.79,0.9522,2,3.685,0.9258,0,0
IWM190920C154,2019-09-18,2019-09-18 09:31:05,3.77,0.9472,74,3.57,0.8969,10,3.79,0.9522,2,3.67,0.9221,0,0
IWM190920C154,2019-09-18,2019-09-18 09:31:05,3.77,0.9472,74,3.58,0.8994,59,3.79,0.9522,2,3.675,0.9233,0,0
IWM190920C154,2019-09-18,2019-09-18 09:31:06,3.75,0.9422,74,3.56,0.8944,21,3.79,0.9522,2,3.655,0.9183,0,0
IWM190920C154,2019-09-18,2019-09-18 09:31:06,3.75,0.9422,88,3.54,0.8894,119,3.79,0.9522,2,3.645,0.9158,0,0
IWM190920C154,2019-09-18,2019-09-18 09:31:07,3.75,0.9422,82,3.54,0.8894,86,3.79,0.9522,2,3.645,0.9158,0,0
IWM190920C154,2019-09-18,2019-09-18 09:31:07,3.75,0.9422,130,3.54,0.8894,83,3.79,0.9522,2,3.645,0.9158,0,0
IWM190920C154,2019-09-18,2019-09-18 09:31:08,3.74,0.9396,87,3.54,0.8894,117,3.79,0.9522,2,3.64,0.9145,0,0
IWM190920C154,2019-09-18,2019-09-18 09:31:08,3.74,0.9396,56,3.54,0.8894,117,3.79,0.9522,2,3.64,0.9145,0,0
IWM190920C154,2019-09-18,2019-09-18 09:31:09,3.73,0.9371,24,3.54,0.8894,117,3.79,0.9522,2,3.635,0.9133,0,0
IWM190920C154,2019-09-18,2019-09-18 09:31:10,3.73,0.9371,31,3.54,0.8894,117,3.79,0.9522,2,3.635,0.9133,0,0
IWM190920C154,2019-09-18,2019-09-18 09:31:11,3.74,0.9396,84,3.54,0.8894,115,3.79,0.9522,2,3.64,0.9145,0,0
IWM190920C154,2019-09-18,2019-09-18 09:31:12,3.74,0.9396,84,3.54,0.8894,115,3.79,0.9522,2,3.64,0.9145,0,0
IWM190920C154,2019-09-18,2019-09-18 09:31:13,3.74,0.9396,88,3.54,0.8894,27,3.79,0.9522,2,3.64,0.9145,0,0
IWM190920C154,2019-09-18,2019-09-18 09:31:13,3.74,0.9396,88,3.54,0.8894,127,3.79,0.9522,2,3.64,0.9145,0,0
IWM190920C154,2019-09-18,2019-09-18 09:31:14,3.72,0.9346,92,3.54,0.8894,10,3.79,0.9522,2,3.63,0.912,0,0
IWM190920C154,2019-09-18,2019-09-18 09:31:15,3.72,0.9346,74,3.54,0.8894,151,3.79,0.9522,2,3.63,0.912,0,0
IWM190920C154,2019-09-18,2019-09-18 09:31:15,3.72,0.9346,74,3.54,0.8894,141,3.79,0.9522,2,3.63,0.912,0,0
IWM190920C154,2019-09-18,2019-09-18 09:31:16,3.72,0.9346,84,3.54,0.8894,142,3.79,0.9522,2,3.63,0.912,0,0
IWM190920C154,2019-09-18,2019-09-18 09:31:17,3.72,0.9346,26,3.54,0.8894,7,3.79,0.9522,2,3.63,0.912,0,0
IWM190920C154,2019-09-18,2019-09-18 09:31:17,3.72,0.9346,122,3.53,0.8869,10,3.79,0.9522,2,3.625,0.9108,0,0
IWM190920C154,2019-09-18,2019-09-18 09:31:18,3.72,0.9346,132,3.53,0.8869,20,3.79,0.9522,2,3.625,0.9108,0,0
IWM190920C154,2019-09-18,2019-09-18 09:31:18,3.72,0.9346,132,3.53,0.8869,41,3.79,0.9522,2,3.625,0.9108,0,0
IWM190920C154,2019-09-18,2019-09-18 09:31:19,3.72,0.9346,132,3.53,0.8869,49,3.79,0.9522,2,3.625,0.9108,0,0
IWM190920C154,2019-09-18,2019-09-18 09:31:20,3.72,0.9346,83,3.53,0.8869,81,3.79,0.9522,2,3.625,0.9108,0,0
IWM190920C154,2019-09-18,2019-09-18 09:31:20,3.72,0.9346,95,3.53,0.8869,117,3.79,0.9522,2,3.625,0.9108,0,0
IWM190920C154,2019-09-18,2019-09-18 09:31:21,3.72,0.9346,95,3.53,0.8869,127,3.79,0.9522,2,3.625,0.9108,0,0
IWM190920C154,2019-09-18,2019-09-18 09:31:22,3.72,0.9346,95,3.53,0.8869,127,3.79,0.9522,2,3.625,0.9108,0,0
IWM190920C154,2019-09-18,2019-09-18 09:31:23,3.72,0.9346,95,3.53,0.8869,127,3.79,0.9522,2,3.625,0.9108,0,0
IWM190920C154,2019-09-18,2019-09-18 09:31:23,3.76,0.9447,23,3.53,0.8869,117,3.79,0.9522,2,3.645,0.9158,0,0
IWM190920C154,2019-09-18,2019-09-18 09:31:24,3.76,0.9447,14,3.53,0.8869,117,3.79,0.9522,2,3.645,0.9158,0,0
IWM190920C154,2019-09-18,2019-09-18 09:31:24,3.76,0.9447,101,3.53,0.8869,138,3.79,0.9522,2,3.645,0.9158,0,0
IWM190920C154,2019-09-18,2019-09-18 09:31:25,3.76,0.9447,101,3.53,0.8869,138,3.79,0.9522,2,3.645,0.9158,0,0
IWM190920C154,2019-09-18,2019-09-18 09:31:26,3.76,0.9447,91,3.54,0.8894,104,3.79,0.9522,2,3.65,0.917,0,0
IWM190920C154,2019-09-18,2019-09-18 09:31:27,3.78,0.9497,114,3.54,0.8894,184,3.79,0.9522,2,3.66,0.9195,0,0
IWM190920C154,2019-09-18,2019-09-18 09:31:28,3.78,0.9497,117,3.54,0.8894,183,3.79,0.9522,2,3.66,0.9195,0,0
IWM190920C154,2019-09-18,2019-09-18 09:31:29,3.78,0.9497,130,3.54,0.8894,183,3.79,0.9522,2,3.66,0.9195,0,0
IWM190920C154,2019-09-18,2019-09-18 09:31:30,3.78,0.9497,130,3.54,0.8894,183,3.79,0.9522,2,3.66,0.9195,0,0
IWM190920C154,2019-09-18,2019-09-18 09:31:30,3.78,0.9497,131,3.54,0.8894,185,3.79,0.9522,2,3.66,0.9195,0,0
IWM190920C154,2019-09-18,2019-09-18 09:31:31,3.78,0.9497,107,3.54,0.8894,201,3.79,0.9522,2,3.66,0.9195,0,0
IWM190920C154,2019-09-18,2019-09-18 09:31:31,3.78,0.9497,23,3.54,0.8894,152,3.79,0.9522,2,3.66,0.9195,0,0
IWM190920C154,2019-09-18,2019-09-18 09:31:32,3.78,0.9497,95,3.57,0.8969,124,3.79,0.9522,2,3.675,0.9233,0,0
IWM190920C154,2019-09-18,2019-09-18 09:31:33,3.78,0.9497,95,3.57,0.8969,124,3.79,0.9522,2,3.675,0.9233,0,0
IWM190920C154,2019-09-18,2019-09-18 09:31:33,3.78,0.9497,96,3.57,0.8969,124,3.79,0.9522,2,3.675,0.9233,0,0
IWM190920C154,2019-09-18,2019-09-18 09:31:34,3.78,0.9497,121,3.57,0.8969,127,3.79,0.9522,2,3.675,0.9233,0,0
IWM190920C154,2019-09-18,2019-09-18 09:31:35,3.78,0.9497,121,3.57,0.8969,127,3.79,0.9522,2,3.675,0.9233,0,0
IWM190920C154,2019-09-18,2019-09-18 09:31:36,3.78,0.9497,121,3.57,0.8969,127,3.79,0.9522,2,3.675,0.9233,0,0
IWM190920C154,2019-09-18,2019-09-18 09:31:37,3.78,0.9497,89,3.57,0.8969,87,3.79,0.9522,2,3.675,0.9233,0,0
IWM190920C154,2019-09-18,2019-09-18 09:31:37,3.78,0.9497,140,3.57,0.8969,127,3.79,0.9522,2,3.675,0.9233,0,0
IWM190920C154,2019-09-18,2019-09-18 09:31:38,3.78,0.9497,106,3.57,0.8969,141,3.79,0.9522,2,3.675,0.9233,0,0
IWM190920C154,2019-09-18,2019-09-18 09:31:39,3.78,0.9497,95,3.57,0.8969,141,3.79,0.9522,2,3.675,0.9233,0,0
IWM190920C154,2019-09-18,2019-09-18 09:31:39,3.78,0.9497,106,3.57,0.8969,141,3.79,0.9522,2,3.675,0.9233,0,0
IWM190920C154,2019-09-18,2019-09-18 09:31:40,3.78,0.9497,88,3.57,0.8969,144,3.79,0.9522,2,3.675,0.9233,0,0
IWM190920C154,2019-09-18,2019-09-18 09:31:40,3.78,0.9497,106,3.57,0.8969,141,3.79,0.9522,2,3.675,0.9233,0,0
IWM190920C154,2019-09-18,2019-09-18 09:31:41,3.78,0.9497,98,3.57,0.8969,144,3.79,0.9522,2,3.675,0.9233,0,0
IWM190920C154,2019-09-18,2019-09-18 09:31:41,3.78,0.9497,88,3.57,0.8969,144,3.79,0.9522,2,3.675,0.9233,0,0
IWM190920C154,2019-09-18,2019-09-18 09:31:42,3.78,0.9497,98,3.57,0.8969,144,3.79,0.9522,2,3.675,0.9233,0,0
IWM190920C154,2019-09-18,2019-09-18 09:31:42,3.78,0.9497,88,3.57,0.8969,120,3.79,0.9522,2,3.675,0.9233,0,0
IWM190920C154,2019-09-18,2019-09-18 09:31:43,3.78,0.9497,98,3.57,0.8969,143,3.79,0.9522,2,3.675,0.9233,0,0
IWM190920C154,2019-09-18,2019-09-18 09:31:43,3.78,0.9497,88,3.57,0.8969,143,3.79,0.9522,2,3.675,0.9233,0,0
IWM190920C154,2019-09-18,2019-09-18 09:31:44,3.78,0.9497,98,3.57,0.8969,143,3.79,0.9522,2,3.675,0.9233,0,0
IWM190920C154,2019-09-18,2019-09-18 09:31:45,3.78,0.9497,98,3.57,0.8969,143,3.79,0.9522,2,3.675,0.9233,0,0
IWM190920C154,2019-09-18,2019-09-18 09:31:46,3.78,0.9497,134,3.57,0.8969,143,3.79,0.9522,2,3.675,0.9233,0,0
IWM190920C154,2019-09-18,2019-09-18 09:31:47,3.77,0.9472,61,3.57,0.8969,127,3.79,0.9522,2,3.67,0.9221,0,0
IWM190920C154,2019-09-18,2019-09-18 09:31:48,3.77,0.9472,61,3.57,0.8969,127,3.79,0.9522,2,3.67,0.9221,0,0
IWM190920C154,2019-09-18,2019-09-18 09:31:49,3.77,0.9472,89,3.57,0.8969,127,3.79,0.9522,2,3.67,0.9221,0,0
IWM190920C154,2019-09-18,2019-09-18 09:31:49,3.77,0.9472,61,3.57,0.8969,127,3.79,0.9522,2,3.67,0.9221,0,0
IWM190920C154,2019-09-18,2019-09-18 09:31:50,3.77,0.9472,81,3.57,0.8969,127,3.79,0.9522,2,3.67,0.9221,0,0
IWM190920C154,2019-09-18,2019-09-18 09:31:51,3.77,0.9472,89,3.57,0.8969,127,3.79,0.9522,2,3.67,0.9221,0,0
IWM190920C154,2019-09-18,2019-09-18 09:31:51,3.77,0.9472,89,3.57,0.8969,130,3.79,0.9522,2,3.67,0.9221,0,0
IWM190920C154,2019-09-18,2019-09-18 09:31:52,3.77,0.9472,89,3.57,0.8969,129,3.79,0.9522,2,3.67,0.9221,0,0
IWM190920C154,2019-09-18,2019-09-18 09:31:53,3.77,0.9472,81,3.57,0.8969,129,3.79,0.9522,2,3.67,0.9221,0,0
IWM190920C154,2019-09-18,2019-09-18 09:31:53,3.77,0.9472,89,3.57,0.8969,129,3.79,0.9522,2,3.67,0.9221,0,0
IWM190920C154,2019-09-18,2019-09-18 09:31:55,3.77,0.9472,21,3.57,0.8969,129,3.79,0.9522,2,3.67,0.9221,0,0
IWM190920C154,2019-09-18,2019-09-18 09:31:56,3.77,0.9472,21,3.57,0.8969,129,3.79,0.9522,2,3.67,0.9221,0,0
IWM190920C154,2019-09-18,2019-09-18 09:31:57,3.77,0.9472,21,3.57,0.8969,129,3.79,0.9522,2,3.67,0.9221,0,0
IWM190920C154,2019-09-18,2019-09-18 09:31:57,3.77,0.9472,21,3.57,0.8969,156,3.79,0.9522,2,3.67,0.9221,0,0
IWM190920C154,2019-09-18,2019-09-18 09:31:58,3.79,0.9522,107,3.57,0.8969,158,3.79,0.9522,2,3.68,0.9246,0,0
IWM190920C154,2019-09-18,2019-09-18 09:31:59,3.79,0.9522,107,3.57,0.8969,158,3.79,0.9522,2,3.68,0.9246,0,0
IWM190920C154,2019-09-18,2019-09-18 09:31:59,3.79,0.9522,117,3.57,0.8969,158,3.79,0.9522,2,3.68,0.9246,0,0
IWM190920C154,2019-09-18,2019-09-18 09:32:00,3.79,0.9522,117,3.57,0.8969,160,3.79,0.9522,2,3.68,0.9246,0,0
IWM190920C154,2019-09-18,2019-09-18 09:32:00,3.79,0.9522,107,3.57,0.8969,160,3.79,0.9522,2,3.68,0.9246,0,0
IWM190920C154,2019-09-18,2019-09-18 09:32:01,3.76,0.9447,115,3.57,0.8969,127,3.79,0.9522,2,3.665,0.9208,0,0
IWM190920C154,2019-09-18,2019-09-18 09:32:02,3.76,0.9447,115,3.57,0.8969,127,3.79,0.9522,2,3.665,0.9208,0,0
IWM190920C154,2019-09-18,2019-09-18 09:32:03,3.76,0.9447,229,3.57,0.8969,227,3.79,0.9522,2,3.665,0.9208,0,0
IWM190920C154,2019-09-18,2019-09-18 09:32:03,3.76,0.9447,115,3.57,0.8969,127,3.79,0.9522,2,3.665,0.9208,0,0
IWM190920C154,2019-09-18,2019-09-18 09:32:04,3.76,0.9447,236,3.57,0.8969,230,3.79,0.9522,2,3.665,0.9208,0,0
IWM190920C154,2019-09-18,2019-09-18 09:32:04,3.76,0.9447,302,3.57,0.8969,272,3.79,0.9522,2,3.665,0.9208,0,0
IWM190920C154,2019-09-18,2019-09-18 09:32:05,3.76,0.9447,301,3.57,0.8969,214,3.79,0.9522,2,3.665,0.9208,0,0
IWM190920C154,2019-09-18,2019-09-18 09:32:05,3.76,0.9447,249,3.57,0.8969,220,3.79,0.9522,2,3.665,0.9208,0,0
IWM190920C154,2019-09-18,2019-09-18 09:32:06,3.76,0.9447,318,3.57,0.8969,216,3.79,0.9522,2,3.665,0.9208,0,0
IWM190920C154,2019-09-18,2019-09-18 09:32:07,3.76,0.9447,301,3.57,0.8969,216,3.79,0.9522,2,3.665,0.9208,0,0
IWM190920C154,2019-09-18,2019-09-18 09:32:08,3.76,0.9447,301,3.57,0.8969,216,3.79,0.9522,2,3.665,0.9208,0,0
IWM190920C154,2019-09-18,2019-09-18 09:32:08,3.76,0.9447,241,3.57,0.8969,179,3.79,0.9522,2,3.665,0.9208,0,0
IWM190920C154,2019-09-18,2019-09-18 09:32:09,3.76,0.9447,300,3.57,0.8969,248,3.79,0.9522,2,3.665,0.9208,0,0
IWM190920C154,2019-09-18,2019-09-18 09:32:09,3.76,0.9447,268,3.57,0.8969,211,3.79,0.9522,2,3.665,0.9208,0,0
IWM190920C154,2019-09-18,2019-09-18 09:32:10,3.76,0.9447,140,3.58,0.8994,162,3.79,0.9522,2,3.67,0.9221,0,0
IWM190920C154,2019-09-18,2019-09-18 09:32:10,3.76,0.9447,300,3.57,0.8969,248,3.79,0.9522,2,3.665,0.9208,0,0
IWM190920C154,2019-09-18,2019-09-18 09:32:11,3.76,0.9447,169,3.58,0.8994,255,3.79,0.9522,2,3.67,0.9221,0,0
IWM190920C154,2019-09-18,2019-09-18 09:32:12,3.76,0.9447,50,3.59,0.902,224,3.79,0.9522,2,3.675,0.9233,0,0
IWM190920C154,2019-09-18,2019-09-18 09:32:13,3.76,0.9447,29,3.59,0.902,319,3.79,0.9522,2,3.675,0.9233,0,0
IWM190920C154,2019-09-18,2019-09-18 09:32:13,3.76,0.9447,50,3.59,0.902,312,3.79,0.9522,2,3.675,0.9233,0,0
IWM190920C154,2019-09-18,2019-09-18 09:32:14,3.76,0.9447,29,3.59,0.902,319,3.79,0.9522,2,3.675,0.9233,0,0
IWM190920C154,2019-09-18,2019-09-18 09:32:15,3.76,0.9447,29,3.59,0.902,329,3.79,0.9522,2,3.675,0.9233,0,0
IWM190920C154,2019-09-18,2019-09-18 09:32:16,3.76,0.9447,23,3.59,0.902,318,3.79,0.9522,2,3.675,0.9233,0,0
IWM190920C154,2019-09-18,2019-09-18 09:32:16,3.76,0.9447,29,3.59,0.902,309,3.79,0.9522,2,3.675,0.9233,0,0
IWM190920C154,2019-09-18,2019-09-18 09:32:17,3.76,0.9447,107,3.59,0.902,318,3.79,0.9522,2,3.675,0.9233,0,0
IWM190920C154,2019-09-18,2019-09-18 09:32:17,3.76,0.9447,23,3.59,0.902,318,3.79,0.9522,2,3.675,0.9233,0,0
IWM190920C154,2019-09-18,2019-09-18 09:32:18,3.76,0.9447,107,3.59,0.902,318,3.79,0.9522,2,3.675,0.9233,0,0
IWM190920C154,2019-09-18,2019-09-18 09:32:18,3.76,0.9447,105,3.59,0.902,315,3.79,0.9522,2,3.675,0.9233,0,0
IWM190920C154,2019-09-18,2019-09-18 09:32:19,3.76,0.9447,95,3.59,0.902,318,3.79,0.9522,2,3.675,0.9233,0,0
IWM190920C154,2019-09-18,2019-09-18 09:32:19,3.76,0.9447,105,3.59,0.902,315,3.79,0.9522,2,3.675,0.9233,0,0
IWM190920C154,2019-09-18,2019-09-18 09:32:20,3.76,0.9447,95,3.59,0.902,318,3.79,0.9522,2,3.675,0.9233,0,0
IWM190920C154,2019-09-18,2019-09-18 09:32:21,3.76,0.9447,113,3.59,0.902,318,3.79,0.9522,2,3.675,0.9233,0,0
IWM190920C154,2019-09-18,2019-09-18 09:32:22,3.76,0.9447,113,3.59,0.902,318,3.79,0.9522,2,3.675,0.9233,0,0
IWM190920C154,2019-09-18,2019-09-18 09:32:22,3.76,0.9447,133,3.59,0.902,268,3.79,0.9522,2,3.675,0.9233,0,0
IWM190920C154,2019-09-18,2019-09-18 09:32:23,3.76,0.9447,158,3.59,0.902,249,3.79,0.9522,2,3.675,0.9233,0,0
IWM190920C154,2019-09-18,2019-09-18 09:32:24,3.76,0.9447,158,3.59,0.902,249,3.79,0.9522,2,3.675,0.9233,0,0
IWM190920C154,2019-09-18,2019-09-18 09:32:25,3.76,0.9447,158,3.59,0.902,249,3.79,0.9522,2,3.675,0.9233,0,0
IWM190920C154,2019-09-18,2019-09-18 09:32:26,3.76,0.9447,158,3.59,0.902,249,3.79,0.9522,2,3.675,0.9233,0,0
IWM190920C154,2019-09-18,2019-09-18 09:32:27,3.76,0.9447,158,3.59,0.902,249,3.79,0.9522,2,3.675,0.9233,0,0
IWM190920C154,2019-09-18,2019-09-18 09:32:27,3.76,0.9447,293,3.59,0.902,249,3.79,0.9522,2,3.675,0.9233,0,0
IWM190920C154,2019-09-18,2019-09-18 09:32:28,3.76,0.9447,298,3.59,0.902,213,3.79,0.9522,2,3.675,0.9233,0,0
IWM190920C154,2019-09-18,2019-09-18 09:32:29,3.76,0.9447,298,3.59,0.902,213,3.79,0.9522,2,3.675,0.9233,0,0
IWM190920C154,2019-09-18,2019-09-18 09:32:30,3.76,0.9447,283,3.59,0.902,260,3.79,0.9522,2,3.675,0.9233,0,0
IWM190920C154,2019-09-18,2019-09-18 09:32:30,3.76,0.9447,298,3.59,0.902,192,3.79,0.9522,2,3.675,0.9233,0,0
IWM190920C154,2019-09-18,2019-09-18 09:32:31,3.76,0.9447,282,3.59,0.902,290,3.79,0.9522,2,3.675,0.9233,0,0
IWM190920C154,2019-09-18,2019-09-18 09:32:31,3.76,0.9447,283,3.59,0.902,289,3.79,0.9522,2,3.675,0.9233,0,0
IWM190920C154,2019-09-18,2019-09-18 09:32:32,3.76,0.9447,282,3.59,0.902,290,3.79,0.9522,2,3.675,0.9233,0,0
IWM190920C154,2019-09-18,2019-09-18 09:32:33,3.76,0.9447,282,3.59,0.902,290,3.79,0.9522,2,3.675,0.9233,0,0
IWM190920C154,2019-09-18,2019-09-18 09:32:34,3.76,0.9447,282,3.59,0.902,290,3.79,0.9522,2,3.675,0.9233,0,0
IWM190920C154,2019-09-18,2019-09-18 09:32:35,3.76,0.9447,282,3.59,0.902,290,3.79,0.9522,2,3.675,0.9233,0,0
IWM190920C154,2019-09-18,2019-09-18 09:32:36,3.76,0.9447,262,3.59,0.902,271,3.79,0.9522,2,3.675,0.9233,0,0
IWM190920C154,2019-09-18,2019-09-18 09:32:36,3.76,0.9447,223,3.59,0.902,232,3.79,0.9522,2,3.675,0.9233,0,0
IWM190920C154,2019-09-18,2019-09-18 09:32:37,3.76,0.9447,262,3.59,0.902,271,3.79,0.9522,2,3.675,0.9233,0,0
IWM190920C154,2019-09-18,2019-09-18 09:32:38,3.76,0.9447,262,3.59,0.902,271,3.79,0.9522,2,3.675,0.9233,0,0
IWM190920C154,2019-09-18,2019-09-18 09:32:39,3.76,0.9447,262,3.59,0.902,271,3.79,0.9522,2,3.675,0.9233,0,0
IWM190920C154,2019-09-18,2019-09-18 09:32:40,3.76,0.9447,281,3.59,0.902,290,3.79,0.9522,2,3.675,0.9233,0,0
IWM190920C154,2019-09-18,2019-09-18 09:32:40,3.76,0.9447,262,3.59,0.902,271,3.79,0.9522,2,3.675,0.9233,0,0
IWM190920C154,2019-09-18,2019-09-18 09:32:41,3.76,0.9447,281,3.59,0.902,290,3.79,0.9522,2,3.675,0.9233,0,0
IWM190920C154,2019-09-18,2019-09-18 09:32:41,3.76,0.9447,223,3.59,0.902,290,3.79,0.9522,2,3.675,0.9233,0,0
IWM190920C154,2019-09-18,2019-09-18 09:32:43,3.76,0.9447,262,3.59,0.902,265,3.79,0.9522,2,3.675,0.9233,0,0
IWM190920C154,2019-09-18,2019-09-18 09:32:43,3.76,0.9447,281,3.59,0.902,290,3.79,0.9522,2,3.675,0.9233,0,0
IWM190920C154,2019-09-18,2019-09-18 09:32:44,3.76,0.9447,281,3.59,0.902,269,3.79,0.9522,2,3.675,0.9233,0,0
IWM190920C154,2019-09-18,2019-09-18 09:32:44,3.76,0.9447,281,3.59,0.902,265,3.79,0.9522,2,3.675,0.9233,0,0
IWM190920C154,2019-09-18,2019-09-18 09:32:45,3.76,0.9447,281,3.59,0.902,269,3.79,0.9522,2,3.675,0.9233,0,0
IWM190920C154,2019-09-18,2019-09-18 09:32:45,3.76,0.9447,211,3.57,0.8969,17,3.79,0.9522,2,3.665,0.9208,0,0
IWM190920C154,2019-09-18,2019-09-18 09:32:46,3.76,0.9447,279,3.59,0.902,47,3.79,0.9522,2,3.675,0.9233,0,0
IWM190920C154,2019-09-18,2019-09-18 09:32:47,3.76,0.9447,238,3.59,0.902,97,3.79,0.9522,2,3.675,0.9233,0,0
IWM190920C154,2019-09-18,2019-09-18 09:32:47,3.76,0.9447,296,3.59,0.902,112,3.79,0.9522,2,3.675,0.9233,0,0
IWM190920C154,2019-09-18,2019-09-18 09:32:48,3.76,0.9447,296,3.59,0.902,138,3.79,0.9522,2,3.675,0.9233,0,0
IWM190920C154,2019-09-18,2019-09-18 09:32:49,3.76,0.9447,297,3.59,0.902,47,3.79,0.9522,2,3.675,0.9233,0,0
IWM190920C154,2019-09-18,2019-09-18 09:32:49,3.76,0.9447,238,3.59,0.902,47,3.79,0.9522,2,3.675,0.9233,0,0
IWM190920C154,2019-09-18,2019-09-18 09:32:50,3.76,0.9447,238,3.59,0.902,47,3.79,0.9522,2,3.675,0.9233,0,0
IWM190920C154,2019-09-18,2019-09-18 09:32:50,3.76,0.9447,297,3.59,0.902,54,3.79,0.9522,2,3.675,0.9233,0,0
IWM190920C154,2019-09-18,2019-09-18 09:32:51,3.75,0.9422,36,3.59,0.902,47,3.79,0.9522,2,3.67,0.9221,0,0
IWM190920C154,2019-09-18,2019-09-18 09:32:51,3.75,0.9422,235,3.59,0.902,35,3.79,0.9522,2,3.67,0.9221,0,0
IWM190920C154,2019-09-18,2019-09-18 09:32:52,3.75,0.9422,235,3.59,0.902,35,3.79,0.9522,2,3.67,0.9221,0,0
IWM190920C154,2019-09-18,2019-09-18 09:32:52,3.75,0.9422,235,3.59,0.902,78,3.79,0.9522,2,3.67,0.9221,0,0
IWM190920C154,2019-09-18,2019-09-18 09:32:53,3.75,0.9422,210,3.59,0.902,144,3.79,0.9522,2,3.67,0.9221,0,0
IWM190920C154,2019-09-18,2019-09-18 09:32:54,3.75,0.9422,210,3.59,0.902,144,3.79,0.9522,2,3.67,0.9221,0,0
IWM190920C154,2019-09-18,2019-09-18 09:32:54,3.75,0.9422,285,3.59,0.902,177,3.79,0.9522,2,3.67,0.9221,0,0
IWM190920C154,2019-09-18,2019-09-18 09:32:55,3.75,0.9422,306,3.59,0.902,31,3.79,0.9522,2,3.67,0.9221,0,0
IWM190920C154,2019-09-18,2019-09-18 09:32:55,3.75,0.9422,306,3.59,0.902,107,3.79,0.9522,2,3.67,0.9221,0,0
IWM190920C154,2019-09-18,2019-09-18 09:32:56,3.74,0.9396,26,3.59,0.902,44,3.79,0.9522,2,3.665,0.9208,0,0
IWM190920C154,2019-09-18,2019-09-18 09:32:56,3.75,0.9422,306,3.59,0.902,34,3.79,0.9522,2,3.67,0.9221,0,0
IWM190920C154,2019-09-18,2019-09-18 09:32:57,3.74,0.9396,227,3.59,0.902,44,3.79,0.9522,2,3.665,0.9208,0,0
IWM190920C154,2019-09-18,2019-09-18 09:32:57,3.74,0.9396,250,3.59,0.902,44,3.79,0.9522,2,3.665,0.9208,0,0
IWM190920C154,2019-09-18,2019-09-18 09:32:58,3.73,0.9371,111,3.57,0.8969,35,3.79,0.9522,2,3.65,0.917,0,0
IWM190920C154,2019-09-18,2019-09-18 09:32:58,3.74,0.9396,253,3.59,0.902,44,3.79,0.9522,2,3.665,0.9208,0,0
IWM190920C154,2019-09-18,2019-09-18 09:32:59,3.73,0.9371,172,3.57,0.8969,57,3.79,0.9522,2,3.65,0.917,0,0
IWM190920C154,2019-09-18,2019-09-18 09:33:00,3.73,0.9371,236,3.57,0.8969,57,3.79,0.9522,2,3.65,0.917,0,0
IWM190920C154,2019-09-18,2019-09-18 09:33:00,3.73,0.9371,236,3.57,0.8969,46,3.79,0.9522,2,3.65,0.917,0,0
IWM190920C154,2019-09-18,2019-09-18 09:33:01,3.7,0.9296,115,3.53,0.8869,22,3.79,0.9522,2,3.615,0.9082,0,0
IWM190920C154,2019-09-18,2019-09-18 09:33:01,3.69,0.9271,63,3.53,0.8869,51,3.79,0.9522,2,3.61,0.907,0,0
IWM190920C154,2019-09-18,2019-09-18 09:33:02,3.69,0.9271,22,3.53,0.8869,20,3.79,0.9522,2,3.61,0.907,0,0
IWM190920C154,2019-09-18,2019-09-18 09:33:02,3.69,0.9271,150,3.53,0.8869,169,3.79,0.9522,2,3.61,0.907,0,0
IWM190920C154,2019-09-18,2019-09-18 09:33:03,3.69,0.9271,209,3.53,0.8869,170,3.79,0.9522,2,3.61,0.907,0,0
IWM190920C154,2019-09-18,2019-09-18 09:33:03,3.69,0.9271,274,3.53,0.8869,223,3.79,0.9522,2,3.61,0.907,0,0
IWM190920C154,2019-09-18,2019-09-18 09:33:04,3.69,0.9271,150,3.53,0.8869,125,3.79,0.9522,2,3.61,0.907,0,0
IWM190920C154,2019-09-18,2019-09-18 09:33:04,3.69,0.9271,128,3.53,0.8869,217,3.79,0.9522,2,3.61,0.907,0,0
IWM190920C154,2019-09-18,2019-09-18 09:33:05,3.69,0.9271,229,3.53,0.8869,328,3.79,0.9522,2,3.61,0.907,0,0
IWM190920C154,2019-09-18,2019-09-18 09:33:06,3.69,0.9271,229,3.53,0.8869,328,3.79,0.9522,2,3.61,0.907,0,0
IWM190920C154,2019-09-18,2019-09-18 09:33:07,3.69,0.9271,229,3.53,0.8869,328,3.79,0.9522,2,3.61,0.907,0,0
IWM190920C154,2019-09-18,2019-09-18 09:33:07,3.69,0.9271,229,3.53,0.8869,338,3.79,0.9522,2,3.61,0.907,0,0
IWM190920C154,2019-09-18,2019-09-18 09:33:08,3.69,0.9271,229,3.53,0.8869,338,3.79,0.9522,2,3.61,0.907,0,0
IWM190920C154,2019-09-18,2019-09-18 09:33:09,3.69,0.9271,151,3.53,0.8869,232,3.79,0.9522,2,3.61,0.907,0,0
IWM190920C154,2019-09-18,2019-09-18 09:33:09,3.69,0.9271,227,3.53,0.8869,312,3.79,0.9522,2,3.61,0.907,0,0
IWM190920C154,2019-09-18,2019-09-18 09:33:10,3.69,0.9271,202,3.53,0.8869,312,3.79,0.9522,2,3.61,0.907,0,0
IWM190920C154,2019-09-18,2019-09-18 09:33:10,3.69,0.9271,230,3.53,0.8869,312,3.79,0.9522,2,3.61,0.907,0,0
IWM190920C154,2019-09-18,2019-09-18 09:33:11,3.69,0.9271,89,3.53,0.8869,254,3.79,0.9522,2,3.61,0.907,0,0
IWM190920C154,2019-09-18,2019-09-18 09:33:12,3.69,0.9271,77,3.53,0.8869,317,3.79,0.9522,2,3.61,0.907,0,0
IWM190920C154,2019-09-18,2019-09-18 09:33:12,3.69,0.9271,89,3.53,0.8869,317,3.79,0.9522,2,3.61,0.907,0,0
IWM190920C154,2019-09-18,2019-09-18 09:33:13,3.69,0.9271,139,3.53,0.8869,318,3.79,0.9522,2,3.61,0.907,0,0
IWM190920C154,2019-09-18,2019-09-18 09:33:13,3.69,0.9271,89,3.53,0.8869,318,3.79,0.9522,2,3.61,0.907,0,0
IWM190920C154,2019-09-18,2019-09-18 09:33:14,3.69,0.9271,177,3.53,0.8869,295,3.79,0.9522,2,3.61,0.907,0,0
IWM190920C154,2019-09-18,2019-09-18 09:33:14,3.69,0.9271,177,3.53,0.8869,315,3.79,0.9522,2,3.61,0.907,0,0
IWM190920C154,2019-09-18,2019-09-18 09:33:15,3.69,0.9271,184,3.53,0.8869,318,3.79,0.9522,2,3.61,0.907,0,0
IWM190920C154,2019-09-18,2019-09-18 09:33:15,3.69,0.9271,184,3.53,0.8869,232,3.79,0.9522,2,3.61,0.907,0,0
IWM190920C154,2019-09-18,2019-09-18 09:33:16,3.69,0.9271,129,3.53,0.8869,223,3.79,0.9522,2,3.61,0.907,0,0
IWM190920C154,2019-09-18,2019-09-18 09:33:16,3.69,0.9271,184,3.53,0.8869,303,3.79,0.9522,2,3.61,0.907,0,0
IWM190920C154,2019-09-18,2019-09-18 09:33:17,3.69,0.9271,184,3.53,0.8869,303,3.79,0.9522,2,3.61,0.907,0,0
IWM190920C154,2019-09-18,2019-09-18 09:33:18,3.69,0.9271,184,3.53,0.8869,303,3.79,0.9522,2,3.61,0.907,0,0
IWM190920C154,2019-09-18,2019-09-18 09:33:19,3.69,0.9271,184,3.53,0.8869,277,3.79,0.9522,2,3.61,0.907,0,0
IWM190920C154,2019-09-18,2019-09-18 09:33:19,3.69,0.9271,184,3.53,0.8869,303,3.79,0.9522,2,3.61,0.907,0,0
IWM190920C154,2019-09-18,2019-09-18 09:33:20,3.69,0.9271,184,3.53,0.8869,277,3.79,0.9522,2,3.61,0.907,0,0
IWM190920C154,2019-09-18,2019-09-18 09:33:20,3.69,0.9271,156,3.53,0.8869,277,3.79,0.9522,2,3.61,0.907,0,0
IWM190920C154,2019-09-18,2019-09-18 09:33:21,3.69,0.9271,156,3.53,0.8869,277,3.79,0.9522,2,3.61,0.907,0,0
IWM190920C154,2019-09-18,2019-09-18 09:33:22,3.69,0.9271,101,3.53,0.8869,202,3.79,0.9522,2,3.61,0.907,0,0
IWM190920C154,2019-09-18,2019-09-18 09:33:22,3.69,0.9271,129,3.53,0.8869,190,3.79,0.9522,2,3.61,0.907,0,0
IWM190920C154,2019-09-18,2019-09-18 09:33:23,3.69,0.9271,140,3.53,0.8869,222,3.79,0.9522,2,3.61,0.907,0,0
IWM190920C154,2019-09-18,2019-09-18 09:33:23,3.69,0.9271,156,3.53,0.8869,293,3.79,0.9522,2,3.61,0.907,0,0
IWM190920C154,2019-09-18,2019-09-18 09:33:24,3.69,0.9271,156,3.53,0.8869,293,3.79,0.9522,2,3.61,0.907,0,0
IWM190920C154,2019-09-18,2019-09-18 09:33:24,3.69,0.9271,140,3.53,0.8869,213,3.79,0.9522,2,3.61,0.907,0,0
IWM190920C154,2019-09-18,2019-09-18 09:33:25,3.69,0.9271,140,3.53,0.8869,213,3.79,0.9522,2,3.61,0.907,0,0
IWM190920C154,2019-09-18,2019-09-18 09:33:26,3.69,0.9271,191,3.53,0.8869,281,3.79,0.9522,2,3.61,0.907,0,0
IWM190920C154,2019-09-18,2019-09-18 09:33:26,3.69,0.9271,191,3.53,0.8869,261,3.79,0.9522,2,3.61,0.907,0,0
IWM190920C154,2019-09-18,2019-09-18 09:33:27,3.69,0.9271,191,3.53,0.8869,281,3.79,0.9522,2,3.61,0.907,0,0
IWM190920C154,2019-09-18,2019-09-18 09:33:28,3.69,0.9271,191,3.53,0.8869,261,3.79,0.9522,2,3.61,0.907,0,0
IWM190920C154,2019-09-18,2019-09-18 09:33:28,3.69,0.9271,191,3.53,0.8869,281,3.79,0.9522,2,3.61,0.907,0,0
IWM190920C154,2019-09-18,2019-09-18 09:33:29,3.69,0.9271,191,3.53,0.8869,281,3.79,0.9522,2,3.61,0.907,0,0
IWM190920C154,2019-09-18,2019-09-18 09:33:29,3.69,0.9271,90,3.53,0.8869,293,3.79,0.9522,2,3.61,0.907,0,0
IWM190920C154,2019-09-18,2019-09-18 09:33:30,3.69,0.9271,130,3.54,0.8894,309,3.79,0.9522,2,3.615,0.9082,0,0
IWM190920C154,2019-09-18,2019-09-18 09:33:30,3.69,0.9271,90,3.54,0.8894,186,3.79,0.9522,2,3.615,0.9082,0,0
IWM190920C154,2019-09-18,2019-09-18 09:33:31,3.69,0.9271,90,3.54,0.8894,293,3.79,0.9522,2,3.615,0.9082,0,0
IWM190920C154,2019-09-18,2019-09-18 09:33:31,3.69,0.9271,133,3.54,0.8894,293,3.79,0.9522,2,3.615,0.9082,0,0
IWM190920C154,2019-09-18,2019-09-18 09:33:32,3.69,0.9271,90,3.54,0.8894,293,3.79,0.9522,2,3.615,0.9082,0,0
IWM190920C154,2019-09-18,2019-09-18 09:33:33,3.69,0.9271,118,3.54,0.8894,293,3.79,0.9522,2,3.615,0.9082,0,0
IWM190920C154,2019-09-18,2019-09-18 09:33:34,3.69,0.9271,118,3.54,0.8894,293,3.79,0.9522,2,3.615,0.9082,0,0
IWM190920C154,2019-09-18,2019-09-18 09:33:34,3.69,0.9271,90,3.54,0.8894,293,3.79,0.9522,2,3.615,0.9082,0,0
IWM190920C154,2019-09-18,2019-09-18 09:33:35,3.69,0.9271,90,3.54,0.8894,293,3.79,0.9522,2,3.615,0.9082,0,0
IWM190920C154,2019-09-18,2019-09-18 09:33:36,3.69,0.9271,45,3.54,0.8894,293,3.79,0.9522,2,3.615,0.9082,0,0
IWM190920C154,2019-09-18,2019-09-18 09:33:36,3.69,0.9271,34,3.54,0.8894,293,3.79,0.9522,2,3.615,0.9082,0,0
IWM190920C154,2019-09-18,2019-09-18 09:33:37,3.69,0.9271,131,3.54,0.8894,216,3.79,0.9522,2,3.615,0.9082,0,0
IWM190920C154,2019-09-18,2019-09-18 09:33:38,3.69,0.9271,181,3.54,0.8894,216,3.79,0.9522,2,3.615,0.9082,0,0
IWM190920C154,2019-09-18,2019-09-18 09:33:39,3.69,0.9271,135,3.54,0.8894,246,3.79,0.9522,2,3.615,0.9082,0,0
IWM190920C154,2019-09-18,2019-09-18 09:33:39,3.69,0.9271,164,3.54,0.8894,246,3.79,0.9522,2,3.615,0.9082,0,0
IWM190920C154,2019-09-18,2019-09-18 09:33:40,3.69,0.9271,135,3.54,0.8894,246,3.79,0.9522,2,3.615,0.9082,0,0
IWM190920C154,2019-09-18,2019-09-18 09:33:41,3.69,0.9271,108,3.54,0.8894,247,3.79,0.9522,2,3.615,0.9082,0,0
IWM190920C154,2019-09-18,2019-09-18 09:33:42,3.69,0.9271,108,3.54,0.8894,247,3.79,0.9522,2,3.615,0.9082,0,0
IWM190920C154,2019-09-18,2019-09-18 09:33:42,3.69,0.9271,147,3.54,0.8894,247,3.79,0.9522,2,3.615,0.9082,0,0
IWM190920C154,2019-09-18,2019-09-18 09:33:43,3.69,0.9271,160,3.54,0.8894,247,3.79,0.9522,2,3.615,0.9082,0,0
IWM190920C154,2019-09-18,2019-09-18 09:33:44,3.69,0.9271,160,3.54,0.8894,247,3.79,0.9522,2,3.615,0.9082,0,0
IWM190920C154,2019-09-18,2019-09-18 09:33:45,3.69,0.9271,160,3.54,0.8894,247,3.79,0.9522,2,3.615,0.9082,0,0
IWM190920C154,2019-09-18,2019-09-18 09:33:46,3.69,0.9271,160,3.54,0.8894,247,3.79,0.9522,2,3.615,0.9082,0,0
IWM190920C154,2019-09-18,2019-09-18 09:33:47,3.69,0.9271,181,3.54,0.8894,207,3.79,0.9522,2,3.615,0.9082,0,0
IWM190920C154,2019-09-18,2019-09-18 09:33:47,3.69,0.9271,136,3.54,0.8894,204,3.79,0.9522,2,3.615,0.9082,0,0
IWM190920C154,2019-09-18,2019-09-18 09:33:48,3.69,0.9271,181,3.54,0.8894,207,3.79,0.9522,2,3.615,0.9082,0,0
IWM190920C154,2019-09-18,2019-09-18 09:33:48,3.69,0.9271,167,3.54,0.8894,207,3.79,0.9522,2,3.615,0.9082,0,0
IWM190920C154,2019-09-18,2019-09-18 09:33:49,3.69,0.9271,184,3.54,0.8894,179,3.79,0.9522,2,3.615,0.9082,0,0
IWM190920C154,2019-09-18,2019-09-18 09:33:49,3.69,0.9271,167,3.54,0.8894,217,3.79,0.9522,2,3.615,0.9082,0,0
IWM190920C154,2019-09-18,2019-09-18 09:33:50,3.69,0.9271,184,3.54,0.8894,179,3.79,0.9522,2,3.615,0.9082,0,0
IWM190920C154,2019-09-18,2019-09-18 09:33:50,3.69,0.9271,217,3.54,0.8894,177,3.79,0.9522,2,3.615,0.9082,0,0
IWM190920C154,2019-09-18,2019-09-18 09:33:51,3.69,0.9271,228,3.54,0.8894,177,3.79,0.9522,2,3.615,0.9082,0,0
IWM190920C154,2019-09-18,2019-09-18 09:33:52,3.69,0.9271,169,3.54,0.8894,133,3.79,0.9522,2,3.615,0.9082,0,0
IWM190920C154,2019-09-18,2019-09-18 09:33:52,3.69,0.9271,169,3.54,0.8894,197,3.79,0.9522,2,3.615,0.9082,0,0
IWM190920C154,2019-09-18,2019-09-18 09:33:53,3.69,0.9271,171,3.54,0.8894,194,3.79,0.9522,2,3.615,0.9082,0,0
IWM190920C154,2019-09-18,2019-09-18 09:33:53,3.69,0.9271,171,3.54,0.8894,196,3.79,0.9522,2,3.615,0.9082,0,0
IWM190920C154,2019-09-18,2019-09-18 09:33:54,3.69,0.9271,171,3.54,0.8894,196,3.79,0.9522,2,3.615,0.9082,0,0
IWM190920C154,2019-09-18,2019-09-18 09:33:55,3.69,0.9271,169,3.54,0.8894,199,3.79,0.9522,2,3.615,0.9082,0,0
IWM190920C154,2019-09-18,2019-09-18 09:33:55,3.69,0.9271,171,3.54,0.8894,197,3.79,0.9522,2,3.615,0.9082,0,0
IWM190920C154,2019-09-18,2019-09-18 09:33:56,3.69,0.9271,188,3.54,0.8894,199,3.79,0.9522,2,3.615,0.9082,0,0
IWM190920C154,2019-09-18,2019-09-18 09:33:56,3.69,0.9271,137,3.54,0.8894,199,3.79,0.9522,2,3.615,0.9082,0,0
IWM190920C154,2019-09-18,2019-09-18 09:33:57,3.69,0.9271,188,3.54,0.8894,199,3.79,0.9522,2,3.615,0.9082,0,0
IWM190920C154,2019-09-18,2019-09-18 09:33:57,3.69,0.9271,190,3.54,0.8894,179,3.79,0.9522,2,3.615,0.9082,0,0
IWM190920C154,2019-09-18,2019-09-18 09:33:58,3.69,0.9271,156,3.54,0.8894,140,3.79,0.9522,2,3.615,0.9082,0,0
IWM190920C154,2019-09-18,2019-09-18 09:33:58,3.69,0.9271,218,3.54,0.8894,142,3.79,0.9522,2,3.615,0.9082,0,0
IWM190920C154,2019-09-18,2019-09-18 09:33:59,3.69,0.9271,221,3.54,0.8894,142,3.79,0.9522,2,3.615,0.9082,0,0
IWM190920C154,2019-09-18,2019-09-18 09:34:00,3.69,0.9271,221,3.54,0.8894,29,3.79,0.9522,2,3.615,0.9082,0,0
IWM190920C154,2019-09-18,2019-09-18 09:34:00,3.69,0.9271,221,3.54,0.8894,142,3.79,0.9522,2,3.615,0.9082,0,0
IWM190920C154,2019-09-18,2019-09-18 09:34:01,3.68,0.9246,356,3.53,0.8869,97,3.79,0.9522,2,3.605,0.9057,0,0
IWM190920C154,2019-09-18,2019-09-18 09:34:02,3.68,0.9246,320,3.53,0.8869,101,3.79,0.9522,2,3.605,0.9057,0,0
IWM190920C154,2019-09-18,2019-09-18 09:34:02,3.68,0.9246,317,3.53,0.8869,139,3.79,0.9522,2,3.605,0.9057,0,0
IWM190920C154,2019-09-18,2019-09-18 09:34:03,3.65,0.917,36,3.53,0.8869,24,3.79,0.9522,2,3.59,0.902,0,0
IWM190920C154,2019-09-18,2019-09-18 09:34:03,3.68,0.9246,320,3.53,0.8869,77,3.79,0.9522,2,3.605,0.9057,0,0
IWM190920C154,2019-09-18,2019-09-18 09:34:04,3.64,0.9145,326,3.49,0.8768,94,3.79,0.9522,2,3.565,0.8957,0,0
IWM190920C154,2019-09-18,2019-09-18 09:34:04,3.64,0.9145,326,3.49,0.8768,76,3.79,0.9522,2,3.565,0.8957,0,0
IWM190920C154,2019-09-18,2019-09-18 09:34:05,3.63,0.912,242,3.49,0.8768,112,3.79,0.9522,2,3.56,0.8944,0,0
IWM190920C154,2019-09-18,2019-09-18 09:34:05,3.62,0.9095,222,3.48,0.8743,32,3.79,0.9522,2,3.55,0.8919,0,0
IWM190920C154,2019-09-18,2019-09-18 09:34:06,3.62,0.9095,364,3.48,0.8743,20,3.79,0.9522,2,3.55,0.8919,0,0
IWM190920C154,2019-09-18,2019-09-18 09:34:06,3.62,0.9095,329,3.47,0.8718,24,3.79,0.9522,2,3.545,0.8907,0,0
IWM190920C154,2019-09-18,2019-09-18 09:34:07,3.62,0.9095,312,3.47,0.8718,74,3.79,0.9522,2,3.545,0.8907,0,0
IWM190920C154,2019-09-18,2019-09-18 09:34:07,3.62,0.9095,364,3.47,0.8718,121,3.79,0.9522,2,3.545,0.8907,0,0
IWM190920C154,2019-09-18,2019-09-18 09:34:08,3.62,0.9095,352,3.47,0.8718,131,3.79,0.9522,2,3.545,0.8907,0,0
IWM190920C154,2019-09-18,2019-09-18 09:34:08,3.62,0.9095,352,3.47,0.8718,143,3.79,0.9522,2,3.545,0.8907,0,0
IWM190920C154,2019-09-18,2019-09-18 09:34:09,3.62,0.9095,352,3.47,0.8718,143,3.79,0.9522,2,3.545,0.8907,0,0
IWM190920C154,2019-09-18,2019-09-18 09:34:09,3.62,0.9095,372,3.47,0.8718,143,3.79,0.9522,2,3.545,0.8907,0,0
IWM190920C154,2019-09-18,2019-09-18 09:34:10,3.62,0.9095,314,3.47,0.8718,158,3.79,0.9522,2,3.545,0.8907,0,0
IWM190920C154,2019-09-18,2019-09-18 09:34:10,3.62,0.9095,333,3.47,0.8718,143,3.79,0.9522,2,3.545,0.8907,0,0
IWM190920C154,2019-09-18,2019-09-18 09:34:11,3.62,0.9095,314,3.47,0.8718,159,3.79,0.9522,2,3.545,0.8907,0,0
IWM190920C154,2019-09-18,2019-09-18 09:34:12,3.62,0.9095,167,3.47,0.8718,181,3.79,0.9522,2,3.545,0.8907,0,0
IWM190920C154,2019-09-18,2019-09-18 09:34:12,3.62,0.9095,314,3.47,0.8718,159,3.79,0.9522,2,3.545,0.8907,0,0
IWM190920C154,2019-09-18,2019-09-18 09:34:13,3.62,0.9095,267,3.47,0.8718,195,3.79,0.9522,2,3.545,0.8907,0,0
IWM190920C154,2019-09-18,2019-09-18 09:34:13,3.62,0.9095,189,3.47,0.8718,192,3.79,0.9522,2,3.545,0.8907,0,0
IWM190920C154,2019-09-18,2019-09-18 09:34:14,3.62,0.9095,214,3.47,0.8718,168,3.79,0.9522,2,3.545,0.8907,0,0
IWM190920C154,2019-09-18,2019-09-18 09:34:14,3.62,0.9095,194,3.47,0.8718,166,3.79,0.9522,2,3.545,0.8907,0,0
IWM190920C154,2019-09-18,2019-09-18 09:34:15,3.62,0.9095,264,3.47,0.8718,159,3.79,0.9522,2,3.545,0.8907,0,0
IWM190920C154,2019-09-18,2019-09-18 09:34:15,3.62,0.9095,211,3.47,0.8718,159,3.79,0.9522,2,3.545,0.8907,0,0
IWM190920C154,2019-09-18,2019-09-18 09:34:16,3.62,0.9095,264,3.47,0.8718,170,3.79,0.9522,2,3.545,0.8907,0,0
IWM190920C154,2019-09-18,2019-09-18 09:34:16,3.62,0.9095,264,3.47,0.8718,159,3.79,0.9522,2,3.545,0.8907,0,0
IWM190920C154,2019-09-18,2019-09-18 09:34:17,3.62,0.9095,211,3.47,0.8718,165,3.54,0.8894,1,3.545,0.8907,1,1
IWM190920C154,2019-09-18,2019-09-18 09:34:17,3.62,0.9095,264,3.47,0.8718,103,3.54,0.8894,1,3.545,0.8907,1,0
IWM190920C154,2019-09-18,2019-09-18 09:34:18,3.62,0.9095,264,3.47,0.8718,149,3.54,0.8894,1,3.545,0.8907,1,0
IWM190920C154,2019-09-18,2019-09-18 09:34:19,3.62,0.9095,264,3.47,0.8718,149,3.54,0.8894,1,3.545,0.8907,1,0
IWM190920C154,2019-09-18,2019-09-18 09:34:20,3.62,0.9095,264,3.47,0.8718,160,3.54,0.8894,1,3.545,0.8907,1,0
IWM190920C154,2019-09-18,2019-09-18 09:34:21,3.62,0.9095,264,3.47,0.8718,160,3.54,0.8894,1,3.545,0.8907,1,0
IWM190920C154,2019-09-18,2019-09-18 09:34:22,3.62,0.9095,151,3.47,0.8718,138,3.54,0.8894,1,3.545,0.8907,1,0
IWM190920C154,2019-09-18,2019-09-18 09:34:22,3.62,0.9095,204,3.47,0.8718,186,3.54,0.8894,1,3.545,0.8907,1,0
IWM190920C154,2019-09-18,2019-09-18 09:34:23,3.62,0.9095,204,3.47,0.8718,186,3.54,0.8894,1,3.545,0.8907,1,0
IWM190920C154,2019-09-18,2019-09-18 09:34:24,3.62,0.9095,168,3.47,0.8718,186,3.54,0.8894,1,3.545,0.8907,1,0
IWM190920C154,2019-09-18,2019-09-18 09:34:24,3.62,0.9095,224,3.47,0.8718,168,3.54,0.8894,1,3.545,0.8907,1,0
IWM190920C154,2019-09-18,2019-09-18 09:34:25,3.62,0.9095,207,3.47,0.8718,194,3.54,0.8894,1,3.545,0.8907,1,0
IWM190920C154,2019-09-18,2019-09-18 09:34:25,3.62,0.9095,224,3.47,0.8718,168,3.54,0.8894,1,3.545,0.8907,1,0
IWM190920C154,2019-09-18,2019-09-18 09:34:26,3.62,0.9095,207,3.47,0.8718,194,3.54,0.8894,1,3.545,0.8907,1,0
IWM190920C154,2019-09-18,2019-09-18 09:34:27,3.62,0.9095,224,3.47,0.8718,177,3.54,0.8894,1,3.545,0.8907,1,0
IWM190920C154,2019-09-18,2019-09-18 09:34:27,3.62,0.9095,227,3.47,0.8718,177,3.54,0.8894,1,3.545,0.8907,1,0
IWM190920C154,2019-09-18,2019-09-18 09:34:28,3.62,0.9095,227,3.47,0.8718,177,3.54,0.8894,1,3.545,0.8907,1,0
IWM190920C154,2019-09-18,2019-09-18 09:34:29,3.62,0.9095,227,3.47,0.8718,177,3.54,0.8894,1,3.545,0.8907,1,0
IWM190920C154,2019-09-18,2019-09-18 09:34:29,3.62,0.9095,249,3.47,0.8718,131,3.54,0.8894,1,3.545,0.8907,1,0
IWM190920C154,2019-09-18,2019-09-18 09:34:30,3.62,0.9095,249,3.47,0.8718,134,3.54,0.8894,1,3.545,0.8907,1,0
IWM190920C154,2019-09-18,2019-09-18 09:34:30,3.62,0.9095,249,3.47,0.8718,131,3.54,0.8894,1,3.545,0.8907,1,0
IWM190920C154,2019-09-18,2019-09-18 09:34:31,3.62,0.9095,249,3.47,0.8718,134,3.54,0.8894,1,3.545,0.8907,1,0
IWM190920C154,2019-09-18,2019-09-18 09:34:31,3.62,0.9095,249,3.47,0.8718,145,3.54,0.8894,1,3.545,0.8907,1,0
IWM190920C154,2019-09-18,2019-09-18 09:34:32,3.62,0.9095,249,3.47,0.8718,128,3.54,0.8894,1,3.545,0.8907,1,0
IWM190920C154,2019-09-18,2019-09-18 09:34:32,3.62,0.9095,251,3.47,0.8718,128,3.54,0.8894,1,3.545,0.8907,1,0
IWM190920C154,2019-09-18,2019-09-18 09:34:33,3.62,0.9095,251,3.47,0.8718,84,3.54,0.8894,1,3.545,0.8907,1,0
IWM190920C154,2019-09-18,2019-09-18 09:34:33,3.62,0.9095,251,3.47,0.8718,105,3.54,0.8894,1,3.545,0.8907,1,0
IWM190920C154,2019-09-18,2019-09-18 09:34:34,3.62,0.9095,251,3.47,0.8718,157,3.54,0.8894,1,3.545,0.8907,1,0
IWM190920C154,2019-09-18,2019-09-18 09:34:34,3.62,0.9095,251,3.47,0.8718,84,3.54,0.8894,1,3.545,0.8907,1,0
IWM190920C154,2019-09-18,2019-09-18 09:34:35,3.62,0.9095,251,3.47,0.8718,120,3.54,0.8894,1,3.545,0.8907,1,0
IWM190920C154,2019-09-18,2019-09-18 09:34:35,3.62,0.9095,251,3.47,0.8718,103,3.54,0.8894,1,3.545,0.8907,1,0
IWM190920C154,2019-09-18,2019-09-18 09:34:36,3.61,0.907,186,3.46,0.8693,52,3.54,0.8894,1,3.535,0.8881,1,0
IWM190920C154,2019-09-18,2019-09-18 09:34:36,3.62,0.9095,251,3.47,0.8718,67,3.54,0.8894,1,3.545,0.8907,1,0
IWM190920C154,2019-09-18,2019-09-18 09:34:37,3.59,0.902,270,3.46,0.8693,64,3.54,0.8894,1,3.525,0.8856,1,0
IWM190920C154,2019-09-18,2019-09-18 09:34:37,3.59,0.902,394,3.46,0.8693,64,3.54,0.8894,1,3.525,0.8856,1,0
IWM190920C154,2019-09-18,2019-09-18 09:34:38,3.59,0.902,239,3.46,0.8693,79,3.54,0.8894,1,3.525,0.8856,1,0
IWM190920C154,2019-09-18,2019-09-18 09:34:39,3.59,0.902,317,3.46,0.8693,79,3.54,0.8894,1,3.525,0.8856,1,0
IWM190920C154,2019-09-18,2019-09-18 09:34:40,3.59,0.902,337,3.46,0.8693,79,3.54,0.8894,1,3.525,0.8856,1,0
IWM190920C154,2019-09-18,2019-09-18 09:34:40,3.59,0.902,336,3.46,0.8693,79,3.54,0.8894,1,3.525,0.8856,1,0
IWM190920C154,2019-09-18,2019-09-18 09:34:41,3.59,0.902,104,3.45,0.8668,114,3.54,0.8894,1,3.52,0.8844,1,0
IWM190920C154,2019-09-18,2019-09-18 09:34:41,3.59,0.902,336,3.45,0.8668,43,3.54,0.8894,1,3.52,0.8844,1,0
IWM190920C154,2019-09-18,2019-09-18 09:34:42,3.59,0.902,150,3.45,0.8668,176,3.54,0.8894,1,3.52,0.8844,1,0
IWM190920C154,2019-09-18,2019-09-18 09:34:42,3.59,0.902,205,3.45,0.8668,201,3.54,0.8894,1,3.52,0.8844,1,0
IWM190920C154,2019-09-18,2019-09-18 09:34:43,3.59,0.902,205,3.45,0.8668,258,3.54,0.8894,1,3.52,0.8844,1,0
IWM190920C154,2019-09-18,2019-09-18 09:34:43,3.59,0.902,205,3.45,0.8668,232,3.54,0.8894,1,3.52,0.8844,1,0
IWM190920C154,2019-09-18,2019-09-18 09:34:44,3.59,0.902,205,3.45,0.8668,232,3.54,0.8894,1,3.52,0.8844,1,0
IWM190920C154,2019-09-18,2019-09-18 09:34:44,3.59,0.902,215,3.45,0.8668,232,3.54,0.8894,1,3.52,0.8844,1,0
IWM190920C154,2019-09-18,2019-09-18 09:34:45,3.59,0.902,250,3.45,0.8668,222,3.54,0.8894,1,3.52,0.8844,1,0
IWM190920C154,2019-09-18,2019-09-18 09:34:45,3.59,0.902,250,3.45,0.8668,235,3.54,0.8894,1,3.52,0.8844,1,0
IWM190920C154,2019-09-18,2019-09-18 09:34:46,3.59,0.902,295,3.45,0.8668,235,3.54,0.8894,1,3.52,0.8844,1,0
IWM190920C154,2019-09-18,2019-09-18 09:34:46,3.59,0.902,275,3.45,0.8668,235,3.54,0.8894,1,3.52,0.8844,1,0
IWM190920C154,2019-09-18,2019-09-18 09:34:47,3.59,0.902,229,3.45,0.8668,235,3.54,0.8894,1,3.52,0.8844,1,0
IWM190920C154,2019-09-18,2019-09-18 09:34:47,3.59,0.902,295,3.45,0.8668,235,3.54,0.8894,1,3.52,0.8844,1,0
IWM190920C154,2019-09-18,2019-09-18 09:34:48,3.59,0.902,288,3.45,0.8668,235,3.54,0.8894,1,3.52,0.8844,1,0
IWM190920C154,2019-09-18,2019-09-18 09:34:49,3.59,0.902,308,3.45,0.8668,215,3.54,0.8894,1,3.52,0.8844,1,0
IWM190920C154,2019-09-18,2019-09-18 09:34:49,3.59,0.902,288,3.45,0.8668,168,3.54,0.8894,1,3.52,0.8844,1,0
IWM190920C154,2019-09-18,2019-09-18 09:34:50,3.59,0.902,308,3.45,0.8668,215,3.54,0.8894,1,3.52,0.8844,1,0
IWM190920C154,2019-09-18,2019-09-18 09:34:50,3.59,0.902,308,3.45,0.8668,171,3.54,0.8894,1,3.52,0.8844,1,0
IWM190920C154,2019-09-18,2019-09-18 09:34:51,3.59,0.902,287,3.45,0.8668,186,3.54,0.8894,1,3.52,0.8844,1,0
IWM190920C154,2019-09-18,2019-09-18 09:34:51,3.59,0.902,287,3.45,0.8668,167,3.54,0.8894,1,3.52,0.8844,1,0
IWM190920C154,2019-09-18,2019-09-18 09:34:52,3.59,0.902,287,3.45,0.8668,186,3.54,0.8894,1,3.52,0.8844,1,0
IWM190920C154,2019-09-18,2019-09-18 09:34:52,3.59,0.902,307,3.45,0.8668,167,3.54,0.8894,1,3.52,0.8844,1,0
IWM190920C154,2019-09-18,2019-09-18 09:34:53,3.59,0.902,249,3.45,0.8668,92,3.54,0.8894,1,3.52,0.8844,1,0
IWM190920C154,2019-09-18,2019-09-18 09:34:53,3.59,0.902,229,3.45,0.8668,119,3.54,0.8894,1,3.52,0.8844,1,0
IWM190920C154,2019-09-18,2019-09-18 09:34:54,3.59,0.902,259,3.45,0.8668,92,3.54,0.8894,1,3.52,0.8844,1,0
IWM190920C154,2019-09-18,2019-09-18 09:34:54,3.59,0.902,308,3.45,0.8668,131,3.54,0.8894,1,3.52,0.8844,1,0
IWM190920C154,2019-09-18,2019-09-18 09:34:55,3.59,0.902,250,3.42,0.8592,96,3.54,0.8894,1,3.505,0.8806,1,0
IWM190920C154,2019-09-18,2019-09-18 09:34:56,3.59,0.902,240,3.43,0.8618,68,3.54,0.8894,1,3.51,0.8819,1,0
IWM190920C154,2019-09-18,2019-09-18 09:34:56,3.57,0.8969,198,3.43,0.8618,65,3.54,0.8894,1,3.5,0.8793,1,0
IWM190920C154,2019-09-18,2019-09-18 09:34:57,3.57,0.8969,297,3.42,0.8592,60,3.54,0.8894,1,3.495,0.8781,1,0
IWM190920C154,2019-09-18,2019-09-18 09:34:57,3.57,0.8969,297,3.43,0.8618,84,3.54,0.8894,1,3.5,0.8793,1,0
IWM190920C154,2019-09-18,2019-09-18 09:34:58,3.57,0.8969,327,3.42,0.8592,105,3.54,0.8894,1,3.495,0.8781,1,0
IWM190920C154,2019-09-18,2019-09-18 09:34:58,3.57,0.8969,336,3.42,0.8592,42,3.54,0.8894,1,3.495,0.8781,1,0
IWM190920C154,2019-09-18,2019-09-18 09:34:59,3.57,0.8969,336,3.42,0.8592,104,3.54,0.8894,1,3.495,0.8781,1,0
IWM190920C154,2019-09-18,2019-09-18 09:35:00,3.57,0.8969,336,3.42,0.8592,104,3.54,0.8894,1,3.495,0.8781,1,0
IWM190920C154,2019-09-18,2019-09-18 09:35:00,3.57,0.8969,336,3.42,0.8592,131,3.54,0.8894,1,3.495,0.8781,1,0
IWM190920C154,2019-09-18,2019-09-18 09:35:01,3.55,0.8919,250,3.41,0.8567,25,3.54,0.8894,1,3.48,0.8743,1,0
IWM190920C154,2019-09-18,2019-09-18 09:35:01,3.57,0.8969,336,3.42,0.8592,143,3.54,0.8894,1,3.495,0.8781,1,0
IWM190920C154,2019-09-18,2019-09-18 09:35:02,3.55,0.8919,420,3.41,0.8567,25,3.54,0.8894,1,3.48,0.8743,1,0
IWM190920C154,2019-09-18,2019-09-18 09:35:02,3.55,0.8919,303,3.41,0.8567,25,3.54,0.8894,1,3.48,0.8743,1,0
IWM190920C154,2019-09-18,2019-09-18 09:35:03,3.55,0.8919,427,3.41,0.8567,128,3.54,0.8894,1,3.48,0.8743,1,0
IWM190920C154,2019-09-18,2019-09-18 09:35:03,3.55,0.8919,427,3.41,0.8567,118,3.54,0.8894,1,3.48,0.8743,1,0
IWM190920C154,2019-09-18,2019-09-18 09:35:04,3.55,0.8919,377,3.41,0.8567,34,3.54,0.8894,1,3.48,0.8743,1,0
IWM190920C154,2019-09-18,2019-09-18 09:35:04,3.55,0.8919,377,3.41,0.8567,113,3.54,0.8894,1,3.48,0.8743,1,0
IWM190920C154,2019-09-18,2019-09-18 09:35:05,3.55,0.8919,377,3.4,0.8542,23,3.54,0.8894,1,3.475,0.8731,1,0
IWM190920C154,2019-09-18,2019-09-18 09:35:05,3.55,0.8919,377,3.4,0.8542,78,3.54,0.8894,1,3.475,0.8731,1,0
IWM190920C154,2019-09-18,2019-09-18 09:35:06,3.55,0.8919,377,3.38,0.8492,169,3.54,0.8894,1,3.465,0.8706,1,0
IWM190920C154,2019-09-18,2019-09-18 09:35:06,3.54,0.8894,410,3.38,0.8492,169,3.54,0.8894,1,3.46,0.8693,1,0
IWM190920C154,2019-09-18,2019-09-18 09:35:07,3.54,0.8894,278,3.38,0.8492,171,3.54,0.8894,1,3.46,0.8693,1,0
IWM190920C154,2019-09-18,2019-09-18 09:35:07,3.54,0.8894,247,3.38,0.8492,169,3.54,0.8894,1,3.46,0.8693,1,0
IWM190920C154,2019-09-18,2019-09-18 09:35:08,3.54,0.8894,130,3.38,0.8492,141,3.54,0.8894,1,3.46,0.8693,1,0
IWM190920C154,2019-09-18,2019-09-18 09:35:08,3.54,0.8894,278,3.38,0.8492,171,3.54,0.8894,1,3.46,0.8693,1,0
IWM190920C154,2019-09-18,2019-09-18 09:35:09,3.54,0.8894,153,3.39,0.8517,310,3.54,0.8894,1,3.465,0.8706,1,0
IWM190920C154,2019-09-18,2019-09-18 09:35:09,3.54,0.8894,171,3.41,0.8567,84,3.54,0.8894,1,3.475,0.8731,1,0
IWM190920C154,2019-09-18,2019-09-18 09:35:10,3.54,0.8894,114,3.41,0.8567,97,3.54,0.8894,1,3.475,0.8731,1,0
IWM190920C154,2019-09-18,2019-09-18 09:35:10,3.54,0.8894,124,3.41,0.8567,286,3.54,0.8894,1,3.475,0.8731,1,0
IWM190920C154,2019-09-18,2019-09-18 09:35:11,3.54,0.8894,109,3.41,0.8567,176,3.54,0.8894,1,3.475,0.8731,1,0
IWM190920C154,2019-09-18,2019-09-18 09:35:11,3.54,0.8894,109,3.41,0.8567,221,3.54,0.8894,1,3.475,0.8731,1,0
IWM190920C154,2019-09-18,2019-09-18 09:35:12,3.54,0.8894,33,3.41,0.8567,243,3.54,0.8894,1,3.475,0.8731,1,0
IWM190920C154,2019-09-18,2019-09-18 09:35:12,3.54,0.8894,122,3.41,0.8567,303,3.54,0.8894,1,3.475,0.8731,1,0
IWM190920C154,2019-09-18,2019-09-18 09:35:13,3.54,0.8894,122,3.41,0.8567,303,3.54,0.8894,1,3.475,0.8731,1,0
IWM190920C154,2019-09-18,2019-09-18 09:35:13,3.54,0.8894,162,3.41,0.8567,285,3.54,0.8894,1,3.475,0.8731,1,0
IWM190920C154,2019-09-18,2019-09-18 09:35:14,3.54,0.8894,162,3.41,0.8567,285,3.54,0.8894,1,3.475,0.8731,1,0
IWM190920C154,2019-09-18,2019-09-18 09:35:15,3.54,0.8894,162,3.41,0.8567,285,3.54,0.8894,1,3.475,0.8731,1,0
IWM190920C154,2019-09-18,2019-09-18 09:35:15,3.54,0.8894,162,3.41,0.8567,305,3.54,0.8894,1,3.475,0.8731,1,0
IWM190920C154,2019-09-18,2019-09-18 09:35:16,3.54,0.8894,115,3.41,0.8567,246,3.54,0.8894,1,3.475,0.8731,1,0
IWM190920C154,2019-09-18,2019-09-18 09:35:16,3.56,0.8944,30,3.41,0.8567,306,3.54,0.8894,1,3.485,0.8756,1,0
IWM190920C154,2019-09-18,2019-09-18 09:35:17,3.55,0.8919,27,3.41,0.8567,306,3.54,0.8894,1,3.48,0.8743,1,0
IWM190920C154,2019-09-18,2019-09-18 09:35:17,3.56,0.8944,30,3.41,0.8567,306,3.54,0.8894,1,3.485,0.8756,1,0
IWM190920C154,2019-09-18,2019-09-18 09:35:18,3.55,0.8919,96,3.41,0.8567,306,3.54,0.8894,1,3.48,0.8743,1,0
IWM190920C154,2019-09-18,2019-09-18 09:35:19,3.55,0.8919,96,3.41,0.8567,306,3.54,0.8894,1,3.48,0.8743,1,0
IWM190920C154,2019-09-18,2019-09-18 09:35:20,3.55,0.8919,96,3.41,0.8567,306,3.54,0.8894,1,3.48,0.8743,1,0
IWM190920C154,2019-09-18,2019-09-18 09:35:21,3.55,0.8919,117,3.41,0.8567,306,3.54,0.8894,1,3.48,0.8743,1,0
IWM190920C154,2019-09-18,2019-09-18 09:35:21,3.55,0.8919,106,3.41,0.8567,306,3.54,0.8894,1,3.48,0.8743,1,0
IWM190920C154,2019-09-18,2019-09-18 09:35:22,3.55,0.8919,138,3.41,0.8567,284,3.54,0.8894,1,3.48,0.8743,1,0
IWM190920C154,2019-09-18,2019-09-18 09:35:22,3.55,0.8919,160,3.41,0.8567,284,3.54,0.8894,1,3.48,0.8743,1,0
IWM190920C154,2019-09-18,2019-09-18 09:35:23,3.55,0.8919,160,3.41,0.8567,258,3.54,0.8894,1,3.48,0.8743,1,0
IWM190920C154,2019-09-18,2019-09-18 09:35:23,3.55,0.8919,175,3.41,0.8567,258,3.54,0.8894,1,3.48,0.8743,1,0
IWM190920C154,2019-09-18,2019-09-18 09:35:24,3.52,0.8844,81,3.39,0.8517,130,3.54,0.8894,1,3.455,0.868,1,0
IWM190920C154,2019-09-18,2019-09-18 09:35:24,3.54,0.8894,10,3.41,0.8567,15,3.54,0.8894,1,3.475,0.8731,1,0
IWM190920C154,2019-09-18,2019-09-18 09:35:25,3.52,0.8844,123,3.39,0.8517,70,3.54,0.8894,1,3.455,0.868,1,0
IWM190920C154,2019-09-18,2019-09-18 09:35:25,3.52,0.8844,123,3.39,0.8517,13,3.54,0.8894,1,3.455,0.868,1,0
IWM190920C154,2019-09-18,2019-09-18 09:35:26,3.52,0.8844,297,3.38,0.8492,148,3.54,0.8894,1,3.45,0.8668,1,0
IWM190920C154,2019-09-18,2019-09-18 09:35:26,3.52,0.8844,160,3.38,0.8492,99,3.54,0.8894,1,3.45,0.8668,1,0
IWM190920C154,2019-09-18,2019-09-18 09:35:27,3.52,0.8844,200,3.38,0.8492,184,3.54,0.8894,1,3.45,0.8668,1,0
IWM190920C154,2019-09-18,2019-09-18 09:35:27,3.52,0.8844,200,3.38,0.8492,134,3.54,0.8894,1,3.45,0.8668,1,0
IWM190920C154,2019-09-18,2019-09-18 09:35:28,3.52,0.8844,135,3.38,0.8492,275,3.54,0.8894,1,3.45,0.8668,1,0
IWM190920C154,2019-09-18,2019-09-18 09:35:28,3.52,0.8844,200,3.38,0.8492,275,3.54,0.8894,1,3.45,0.8668,1,0
IWM190920C154,2019-09-18,2019-09-18 09:35:29,3.52,0.8844,183,3.38,0.8492,222,3.54,0.8894,1,3.45,0.8668,1,0
IWM190920C154,2019-09-18,2019-09-18 09:35:29,3.52,0.8844,168,3.38,0.8492,222,3.54,0.8894,1,3.45,0.8668,1,0
IWM190920C154,2019-09-18,2019-09-18 09:35:30,3.52,0.8844,183,3.38,0.8492,222,3.54,0.8894,1,3.45,0.8668,1,0
IWM190920C154,2019-09-18,2019-09-18 09:35:30,3.52,0.8844,183,3.38,0.8492,162,3.54,0.8894,1,3.45,0.8668,1,0
IWM190920C154,2019-09-18,2019-09-18 09:35:31,3.52,0.8844,168,3.38,0.8492,222,3.54,0.8894,1,3.45,0.8668,1,0
IWM190920C154,2019-09-18,2019-09-18 09:35:31,3.52,0.8844,168,3.38,0.8492,212,3.54,0.8894,1,3.45,0.8668,1,0
IWM190920C154,2019-09-18,2019-09-18 09:35:32,3.52,0.8844,130,3.38,0.8492,167,3.54,0.8894,1,3.45,0.8668,1,0
IWM190920C154,2019-09-18,2019-09-18 09:35:32,3.52,0.8844,117,3.38,0.8492,170,3.54,0.8894,1,3.45,0.8668,1,0
IWM190920C154,2019-09-18,2019-09-18 09:35:33,3.52,0.8844,130,3.38,0.8492,138,3.54,0.8894,1,3.45,0.8668,1,0
IWM190920C154,2019-09-18,2019-09-18 09:35:33,3.52,0.8844,130,3.38,0.8492,167,3.54,0.8894,1,3.45,0.8668,1,0
IWM190920C154,2019-09-18,2019-09-18 09:35:34,3.52,0.8844,130,3.38,0.8492,138,3.54,0.8894,1,3.45,0.8668,1,0
IWM190920C154,2019-09-18,2019-09-18 09:35:35,3.52,0.8844,130,3.38,0.8492,138,3.54,0.8894,1,3.45,0.8668,1,0
IWM190920C154,2019-09-18,2019-09-18 09:35:35,3.52,0.8844,130,3.38,0.8492,134,3.54,0.8894,1,3.45,0.8668,1,0
IWM190920C154,2019-09-18,2019-09-18 09:35:36,3.52,0.8844,130,3.38,0.8492,134,3.54,0.8894,1,3.45,0.8668,1,0
IWM190920C154,2019-09-18,2019-09-18 09:35:37,3.52,0.8844,130,3.38,0.8492,134,3.54,0.8894,1,3.45,0.8668,1,0
IWM190920C154,2019-09-18,2019-09-18 09:35:38,3.52,0.8844,173,3.38,0.8492,176,3.54,0.8894,1,3.45,0.8668,1,0
IWM190920C154,2019-09-18,2019-09-18 09:35:38,3.52,0.8844,233,3.38,0.8492,227,3.54,0.8894,1,3.45,0.8668,1,0
IWM190920C154,2019-09-18,2019-09-18 09:35:39,3.52,0.8844,167,3.38,0.8492,179,3.54,0.8894,1,3.45,0.8668,1,0
IWM190920C154,2019-09-18,2019-09-18 09:35:39,3.52,0.8844,221,3.38,0.8492,233,3.54,0.8894,1,3.45,0.8668,1,0
IWM190920C154,2019-09-18,2019-09-18 09:35:40,3.52,0.8844,167,3.38,0.8492,179,3.54,0.8894,1,3.45,0.8668,1,0
IWM190920C154,2019-09-18,2019-09-18 09:35:40,3.52,0.8844,177,3.38,0.8492,234,3.54,0.8894,1,3.45,0.8668,1,0
IWM190920C154,2019-09-18,2019-09-18 09:35:41,3.52,0.8844,177,3.38,0.8492,256,3.54,0.8894,1,3.45,0.8668,1,0
IWM190920C154,2019-09-18,2019-09-18 09:35:42,3.52,0.8844,177,3.38,0.8492,256,3.54,0.8894,1,3.45,0.8668,1,0
IWM190920C154,2019-09-18,2019-09-18 09:35:42,3.52,0.8844,43,3.39,0.8517,167,3.54,0.8894,1,3.455,0.868,1,0
IWM190920C154,2019-09-18,2019-09-18 09:35:43,3.54,0.8894,44,3.39,0.8517,301,3.54,0.8894,1,3.465,0.8706,1,0
IWM190920C154,2019-09-18,2019-09-18 09:35:43,3.52,0.8844,34,3.39,0.8517,270,3.54,0.8894,1,3.455,0.868,1,0
IWM190920C154,2019-09-18,2019-09-18 09:35:44,3.54,0.8894,112,3.4,0.8542,300,3.54,0.8894,1,3.47,0.8718,1,0
IWM190920C154,2019-09-18,2019-09-18 09:35:44,3.54,0.8894,59,3.4,0.8542,499,3.54,0.8894,1,3.47,0.8718,1,0
IWM190920C154,2019-09-18,2019-09-18 09:35:45,3.54,0.8894,128,3.4,0.8542,502,3.54,0.8894,1,3.47,0.8718,1,0
IWM190920C154,2019-09-18,2019-09-18 09:35:45,3.54,0.8894,59,3.4,0.8542,499,3.54,0.8894,1,3.47,0.8718,1,0
IWM190920C154,2019-09-18,2019-09-18 09:35:46,3.54,0.8894,72,3.41,0.8567,291,3.54,0.8894,1,3.475,0.8731,1,0
IWM190920C154,2019-09-18,2019-09-18 09:35:46,3.54,0.8894,72,3.41,0.8567,150,3.54,0.8894,1,3.475,0.8731,1,0
IWM190920C154,2019-09-18,2019-09-18 09:35:47,3.54,0.8894,116,3.41,0.8567,537,3.54,0.8894,1,3.475,0.8731,1,0
IWM190920C154,2019-09-18,2019-09-18 09:35:47,3.54,0.8894,177,3.41,0.8567,327,3.54,0.8894,1,3.475,0.8731,1,0
IWM190920C154,2019-09-18,2019-09-18 09:35:48,3.54,0.8894,178,3.41,0.8567,327,3.54,0.8894,1,3.475,0.8731,1,0
IWM190920C154,2019-09-18,2019-09-18 09:35:48,3.54,0.8894,179,3.41,0.8567,291,3.54,0.8894,1,3.475,0.8731,1,0
IWM190920C154,2019-09-18,2019-09-18 09:35:49,3.54,0.8894,136,3.41,0.8567,291,3.54,0.8894,1,3.475,0.8731,1,0
IWM190920C154,2019-09-18,2019-09-18 09:35:50,3.54,0.8894,179,3.41,0.8567,304,3.54,0.8894,1,3.475,0.8731,1,0
IWM190920C154,2019-09-18,2019-09-18 09:35:50,3.54,0.8894,179,3.41,0.8567,285,3.54,0.8894,1,3.475,0.8731,1,0
IWM190920C154,2019-09-18,2019-09-18 09:35:51,3.54,0.8894,179,3.41,0.8567,304,3.54,0.8894,1,3.475,0.8731,1,0
IWM190920C154,2019-09-18,2019-09-18 09:35:51,3.54,0.8894,195,3.41,0.8567,242,3.54,0.8894,1,3.475,0.8731,1,0
IWM190920C154,2019-09-18,2019-09-18 09:35:52,3.54,0.8894,195,3.41,0.8567,203,3.54,0.8894,1,3.475,0.8731,1,0
IWM190920C154,2019-09-18,2019-09-18 09:35:52,3.54,0.8894,195,3.41,0.8567,208,3.54,0.8894,1,3.475,0.8731,1,0
IWM190920C154,2019-09-18,2019-09-18 09:35:53,3.54,0.8894,178,3.41,0.8567,226,3.54,0.8894,1,3.475,0.8731,1,0
IWM190920C154,2019-09-18,2019-09-18 09:35:53,3.54,0.8894,182,3.41,0.8567,229,3.54,0.8894,1,3.475,0.8731,1,0
IWM190920C154,2019-09-18,2019-09-18 09:35:54,3.54,0.8894,182,3.41,0.8567,229,3.54,0.8894,1,3.475,0.8731,1,0
IWM190920C154,2019-09-18,2019-09-18 09:35:55,3.54,0.8894,130,3.41,0.8567,266,3.54,0.8894,1,3.475,0.8731,1,0
IWM190920C154,2019-09-18,2019-09-18 09:35:56,3.54,0.8894,130,3.41,0.8567,236,3.54,0.8894,1,3.475,0.8731,1,0
IWM190920C154,2019-09-18,2019-09-18 09:35:56,3.54,0.8894,176,3.41,0.8567,217,3.54,0.8894,1,3.475,0.8731,1,0
IWM190920C154,2019-09-18,2019-09-18 09:35:57,3.54,0.8894,239,3.41,0.8567,190,3.54,0.8894,1,3.475,0.8731,1,0
IWM190920C154,2019-09-18,2019-09-18 09:35:57,3.54,0.8894,176,3.41,0.8567,217,3.54,0.8894,1,3.475,0.8731,1,0
IWM190920C154,2019-09-18,2019-09-18 09:35:58,3.54,0.8894,243,3.41,0.8567,183,3.54,0.8894,1,3.475,0.8731,1,0
IWM190920C154,2019-09-18,2019-09-18 09:35:58,3.54,0.8894,244,3.41,0.8567,159,3.54,0.8894,1,3.475,0.8731,1,0
IWM190920C154,2019-09-18,2019-09-18 09:35:59,3.54,0.8894,245,3.41,0.8567,159,3.54,0.8894,1,3.475,0.8731,1,0
IWM190920C154,2019-09-18,2019-09-18 09:36:00,3.54,0.8894,243,3.41,0.8567,97,3.54,0.8894,1,3.475,0.8731,1,0
IWM190920C154,2019-09-18,2019-09-18 09:36:01,3.54,0.8894,188,3.41,0.8567,89,3.54,0.8894,1,3.475,0.8731,1,0
IWM190920C154,2019-09-18,2019-09-18 09:36:01,3.54,0.8894,216,3.41,0.8567,164,3.54,0.8894,1,3.475,0.8731,1,0
IWM190920C154,2019-09-18,2019-09-18 09:36:02,3.54,0.8894,216,3.41,0.8567,115,3.54,0.8894,1,3.475,0.8731,1,0
IWM190920C154,2019-09-18,2019-09-18 09:36:02,3.54,0.8894,217,3.41,0.8567,158,3.54,0.8894,1,3.475,0.8731,1,0
IWM190920C154,2019-09-18,2019-09-18 09:36:03,3.53,0.8869,150,3.41,0.8567,125,3.54,0.8894,1,3.47,0.8718,1,0
IWM190920C154,2019-09-18,2019-09-18 09:36:03,3.53,0.8869,237,3.4,0.8542,23,3.54,0.8894,1,3.465,0.8706,1,0
IWM190920C154,2019-09-18,2019-09-18 09:36:04,3.53,0.8869,310,3.4,0.8542,122,3.54,0.8894,1,3.465,0.8706,1,0
IWM190920C154,2019-09-18,2019-09-18 09:36:04,3.53,0.8869,241,3.4,0.8542,141,3.54,0.8894,1,3.465,0.8706,1,0
IWM190920C154,2019-09-18,2019-09-18 09:36:05,3.53,0.8869,310,3.4,0.8542,159,3.54,0.8894,1,3.465,0.8706,1,0
IWM190920C154,2019-09-18,2019-09-18 09:36:05,3.53,0.8869,310,3.4,0.8542,122,3.54,0.8894,1,3.465,0.8706,1,0
IWM190920C154,2019-09-18,2019-09-18 09:36:06,3.52,0.8844,346,3.4,0.8542,42,3.54,0.8894,1,3.46,0.8693,1,0
IWM190920C154,2019-09-18,2019-09-18 09:36:06,3.53,0.8869,310,3.4,0.8542,122,3.54,0.8894,1,3.465,0.8706,1,0
IWM190920C154,2019-09-18,2019-09-18 09:36:07,3.52,0.8844,307,3.4,0.8542,91,3.54,0.8894,1,3.46,0.8693,1,0
IWM190920C154,2019-09-18,2019-09-18 09:36:07,3.52,0.8844,307,3.4,0.8542,101,3.54,0.8894,1,3.46,0.8693,1,0
IWM190920C154,2019-09-18,2019-09-18 09:36:08,3.52,0.8844,307,3.4,0.8542,117,3.54,0.8894,1,3.46,0.8693,1,0
IWM190920C154,2019-09-18,2019-09-18 09:36:09,3.52,0.8844,307,3.4,0.8542,117,3.54,0.8894,1,3.46,0.8693,1,0
IWM190920C154,2019-09-18,2019-09-18 09:36:10,3.52,0.8844,307,3.4,0.8542,117,3.54,0.8894,1,3.46,0.8693,1,0
IWM190920C154,2019-09-18,2019-09-18 09:36:11,3.52,0.8844,307,3.4,0.8542,117,3.54,0.8894,1,3.46,0.8693,1,0
IWM190920C154,2019-09-18,2019-09-18 09:36:11,3.52,0.8844,307,3.4,0.8542,113,3.54,0.8894,1,3.46,0.8693,1,0
IWM190920C154,2019-09-18,2019-09-18 09:36:12,3.52,0.8844,197,3.39,0.8517,20,3.54,0.8894,1,3.455,0.868,1,0
IWM190920C154,2019-09-18,2019-09-18 09:36:12,3.52,0.8844,247,3.38,0.8492,99,3.54,0.8894,1,3.45,0.8668,1,0
IWM190920C154,2019-09-18,2019-09-18 09:36:13,3.52,0.8844,247,3.4,0.8542,22,3.54,0.8894,1,3.46,0.8693,1,0
IWM190920C154,2019-09-18,2019-09-18 09:36:13,3.52,0.8844,247,3.4,0.8542,62,3.54,0.8894,1,3.46,0.8693,1,0
IWM190920C154,2019-09-18,2019-09-18 09:36:14,3.52,0.8844,226,3.39,0.8517,79,3.54,0.8894,1,3.455,0.868,1,0
IWM190920C154,2019-09-18,2019-09-18 09:36:14,3.52,0.8844,247,3.4,0.8542,33,3.54,0.8894,1,3.46,0.8693,1,0
IWM190920C154,2019-09-18,2019-09-18 09:36:15,3.52,0.8844,288,3.39,0.8517,248,3.54,0.8894,1,3.455,0.868,1,0
IWM190920C154,2019-09-18,2019-09-18 09:36:15,3.52,0.8844,292,3.39,0.8517,248,3.54,0.8894,1,3.455,0.868,1,0
IWM190920C154,2019-09-18,2019-09-18 09:36:16,3.52,0.8844,177,3.39,0.8517,197,3.54,0.8894,1,3.455,0.868,1,0
IWM190920C154,2019-09-18,2019-09-18 09:36:16,3.52,0.8844,135,3.39,0.8517,251,3.54,0.8894,1,3.455,0.868,1,0
IWM190920C154,2019-09-18,2019-09-18 09:36:17,3.52,0.8844,124,3.41,0.8567,306,3.54,0.8894,1,3.465,0.8706,1,0
IWM190920C154,2019-09-18,2019-09-18 09:36:18,3.52,0.8844,77,3.41,0.8567,360,3.54,0.8894,1,3.465,0.8706,1,0
IWM190920C154,2019-09-18,2019-09-18 09:36:18,3.52,0.8844,123,3.41,0.8567,310,3.54,0.8894,1,3.465,0.8706,1,0
IWM190920C154,2019-09-18,2019-09-18 09:36:19,3.52,0.8844,160,3.42,0.8592,383,3.54,0.8894,1,3.47,0.8718,1,0
IWM190920C154,2019-09-18,2019-09-18 09:36:19,3.52,0.8844,160,3.42,0.8592,243,3.54,0.8894,1,3.47,0.8718,1,0
IWM190920C154,2019-09-18,2019-09-18 09:36:20,3.52,0.8844,160,3.42,0.8592,321,3.54,0.8894,1,3.47,0.8718,1,0
IWM190920C154,2019-09-18,2019-09-18 09:36:21,3.52,0.8844,65,3.42,0.8592,291,3.54,0.8894,1,3.47,0.8718,1,0
IWM190920C154,2019-09-18,2019-09-18 09:36:21,3.52,0.8844,160,3.42,0.8592,321,3.54,0.8894,1,3.47,0.8718,1,0
IWM190920C154,2019-09-18,2019-09-18 09:36:22,3.52,0.8844,45,3.42,0.8592,265,3.54,0.8894,1,3.47,0.8718,1,0
IWM190920C154,2019-09-18,2019-09-18 09:36:22,3.53,0.8869,25,3.43,0.8618,291,3.54,0.8894,1,3.48,0.8743,1,0
IWM190920C154,2019-09-18,2019-09-18 09:36:23,3.53,0.8869,36,3.43,0.8618,311,3.54,0.8894,1,3.48,0.8743,1,0
IWM190920C154,2019-09-18,2019-09-18 09:36:23,3.53,0.8869,25,3.43,0.8618,311,3.54,0.8894,1,3.48,0.8743,1,0
IWM190920C154,2019-09-18,2019-09-18 09:36:24,3.56,0.8944,57,3.45,0.8668,398,3.54,0.8894,1,3.505,0.8806,1,0
IWM190920C154,2019-09-18,2019-09-18 09:36:24,3.56,0.8944,76,3.45,0.8668,165,3.54,0.8894,1,3.505,0.8806,1,0
IWM190920C154,2019-09-18,2019-09-18 09:36:25,3.56,0.8944,57,3.46,0.8693,32,3.54,0.8894,1,3.51,0.8819,1,0
IWM190920C154,2019-09-18,2019-09-18 09:36:25,3.6,0.9045,59,3.48,0.8743,241,3.54,0.8894,1,3.54,0.8894,1,0
IWM190920C154,2019-09-18,2019-09-18 09:36:26,3.59,0.902,145,3.48,0.8743,278,3.54,0.8894,1,3.535,0.8881,1,0
IWM190920C154,2019-09-18,2019-09-18 09:36:26,3.6,0.9045,77,3.48,0.8743,259,3.54,0.8894,1,3.54,0.8894,1,0
IWM190920C154,2019-09-18,2019-09-18 09:36:27,3.59,0.902,121,3.48,0.8743,278,3.54,0.8894,1,3.535,0.8881,1,0
IWM190920C154,2019-09-18,2019-09-18 09:36:27,3.59,0.902,142,3.48,0.8743,278,3.54,0.8894,1,3.535,0.8881,1,0
IWM190920C154,2019-09-18,2019-09-18 09:36:28,3.59,0.902,79,3.48,0.8743,278,3.54,0.8894,1,3.535,0.8881,1,0
IWM190920C154,2019-09-18,2019-09-18 09:36:29,3.59,0.902,79,3.48,0.8743,278,3.54,0.8894,1,3.535,0.8881,1,0
IWM190920C154,2019-09-18,2019-09-18 09:36:30,3.59,0.902,118,3.48,0.8743,278,3.54,0.8894,1,3.535,0.8881,1,0
IWM190920C154,2019-09-18,2019-09-18 09:36:30,3.59,0.902,138,3.48,0.8743,100,3.54,0.8894,1,3.535,0.8881,1,0
IWM190920C154,2019-09-18,2019-09-18 09:36:31,3.58,0.8994,197,3.48,0.8743,134,3.54,0.8894,1,3.53,0.8869,1,0
IWM190920C154,2019-09-18,2019-09-18 09:36:31,3.57,0.8969,32,3.48,0.8743,134,3.54,0.8894,1,3.525,0.8856,1,0
IWM190920C154,2019-09-18,2019-09-18 09:36:32,3.57,0.8969,29,3.48,0.8743,161,3.54,0.8894,1,3.525,0.8856,1,0
IWM190920C154,2019-09-18,2019-09-18 09:36:32,3.57,0.8969,177,3.48,0.8743,128,3.54,0.8894,1,3.525,0.8856,1,0
IWM190920C154,2019-09-18,2019-09-18 09:36:33,3.57,0.8969,125,3.48,0.8743,200,3.54,0.8894,1,3.525,0.8856,1,0
IWM190920C154,2019-09-18,2019-09-18 09:36:33,3.57,0.8969,125,3.48,0.8743,134,3.54,0.8894,1,3.525,0.8856,1,0
IWM190920C154,2019-09-18,2019-09-18 09:36:34,3.57,0.8969,225,3.48,0.8743,80,3.54,0.8894,1,3.525,0.8856,1,0
IWM190920C154,2019-09-18,2019-09-18 09:36:35,3.57,0.8969,197,3.48,0.8743,50,3.54,0.8894,1,3.525,0.8856,1,0
IWM190920C154,2019-09-18,2019-09-18 09:36:35,3.57,0.8969,101,3.48,0.8743,60,3.54,0.8894,1,3.525,0.8856,1,0
IWM190920C154,2019-09-18,2019-09-18 09:36:36,3.57,0.8969,69,3.48,0.8743,60,3.54,0.8894,1,3.525,0.8856,1,0
IWM190920C154,2019-09-18,2019-09-18 09:36:36,3.57,0.8969,71,3.48,0.8743,60,3.54,0.8894,1,3.525,0.8856,1,0
IWM190920C154,2019-09-18,2019-09-18 09:36:37,3.57,0.8969,116,3.47,0.8718,43,3.54,0.8894,1,3.52,0.8844,1,0
IWM190920C154,2019-09-18,2019-09-18 09:36:37,3.57,0.8969,181,3.48,0.8743,17,3.54,0.8894,1,3.525,0.8856,1,0
IWM190920C154,2019-09-18,2019-09-18 09:36:38,3.57,0.8969,165,3.48,0.8743,26,3.54,0.8894,1,3.525,0.8856,1,0
IWM190920C154,2019-09-18,2019-09-18 09:36:39,3.57,0.8969,225,3.48,0.8743,48,3.54,0.8894,1,3.525,0.8856,1,0
IWM190920C154,2019-09-18,2019-09-18 09:36:39,3.57,0.8969,165,3.48,0.8743,84,3.54,0.8894,1,3.525,0.8856,1,0
IWM190920C154,2019-09-18,2019-09-18 09:36:40,3.55,0.8919,171,3.46,0.8693,29,3.54,0.8894,1,3.505,0.8806,1,0
IWM190920C154,2019-09-18,2019-09-18 09:36:40,3.55,0.8919,210,3.46,0.8693,84,3.54,0.8894,1,3.505,0.8806,1,0
IWM190920C154,2019-09-18,2019-09-18 09:36:41,3.55,0.8919,190,3.46,0.8693,124,3.54,0.8894,1,3.505,0.8806,1,0
IWM190920C154,2019-09-18,2019-09-18 09:36:41,3.55,0.8919,190,3.46,0.8693,136,3.54,0.8894,1,3.505,0.8806,1,0
IWM190920C154,2019-09-18,2019-09-18 09:36:42,3.53,0.8869,164,3.45,0.8668,19,3.54,0.8894,1,3.49,0.8768,1,0
IWM190920C154,2019-09-18,2019-09-18 09:36:42,3.54,0.8894,172,3.45,0.8668,55,3.54,0.8894,1,3.495,0.8781,1,0
IWM190920C154,2019-09-18,2019-09-18 09:36:43,3.52,0.8844,80,3.43,0.8618,96,3.54,0.8894,1,3.475,0.8731,1,0
IWM190920C154,2019-09-18,2019-09-18 09:36:43,3.53,0.8869,17,3.43,0.8618,147,3.54,0.8894,1,3.48,0.8743,1,0
IWM190920C154,2019-09-18,2019-09-18 09:36:45,3.54,0.8894,29,3.44,0.8643,326,3.54,0.8894,1,3.49,0.8768,1,0
IWM190920C154,2019-09-18,2019-09-18 09:36:46,3.54,0.8894,75,3.44,0.8643,212,3.54,0.8894,1,3.49,0.8768,1,0
IWM190920C154,2019-09-18,2019-09-18 09:36:46,3.54,0.8894,75,3.44,0.8643,215,3.54,0.8894,1,3.49,0.8768,1,0
IWM190920C154,2019-09-18,2019-09-18 09:36:47,3.54,0.8894,153,3.44,0.8643,212,3.54,0.8894,1,3.49,0.8768,1,0
IWM190920C154,2019-09-18,2019-09-18 09:36:47,3.52,0.8844,187,3.42,0.8592,92,3.54,0.8894,1,3.47,0.8718,1,0
IWM190920C154,2019-09-18,2019-09-18 09:36:48,3.52,0.8844,70,3.44,0.8643,109,3.54,0.8894,1,3.48,0.8743,1,0
IWM190920C154,2019-09-18,2019-09-18 09:36:48,3.52,0.8844,70,3.44,0.8643,177,3.54,0.8894,1,3.48,0.8743,1,0
IWM190920C154,2019-09-18,2019-09-18 09:36:49,3.52,0.8844,70,3.44,0.8643,177,3.54,0.8894,1,3.48,0.8743,1,0
IWM190920C154,2019-09-18,2019-09-18 09:36:50,3.52,0.8844,27,3.44,0.8643,222,3.54,0.8894,1,3.48,0.8743,1,0
IWM190920C154,2019-09-18,2019-09-18 09:36:50,3.52,0.8844,48,3.44,0.8643,205,3.54,0.8894,1,3.48,0.8743,1,0
IWM190920C154,2019-09-18,2019-09-18 09:36:51,3.52,0.8844,120,3.44,0.8643,29,3.54,0.8894,1,3.48,0.8743,1,0
IWM190920C154,2019-09-18,2019-09-18 09:36:51,3.52,0.8844,37,3.44,0.8643,7,3.54,0.8894,1,3.48,0.8743,1,0
IWM190920C154,2019-09-18,2019-09-18 09:36:52,3.5,0.8793,97,3.42,0.8592,46,3.54,0.8894,1,3.46,0.8693,1,0
IWM190920C154,2019-09-18,2019-09-18 09:36:52,3.51,0.8819,122,3.42,0.8592,71,3.54,0.8894,1,3.465,0.8706,1,0
IWM190920C154,2019-09-18,2019-09-18 09:36:53,3.49,0.8768,98,3.42,0.8592,20,3.54,0.8894,1,3.455,0.868,1,0
IWM190920C154,2019-09-18,2019-09-18 09:36:53,3.5,0.8793,103,3.42,0.8592,20,3.54,0.8894,1,3.46,0.8693,1,0
IWM190920C154,2019-09-18,2019-09-18 09:36:54,3.49,0.8768,98,3.42,0.8592,103,3.54,0.8894,1,3.455,0.868,1,0
IWM190920C154,2019-09-18,2019-09-18 09:36:54,3.49,0.8768,32,3.42,0.8592,20,3.54,0.8894,1,3.455,0.868,1,0
IWM190920C154,2019-09-18,2019-09-18 09:36:55,3.49,0.8768,145,3.4,0.8542,244,3.54,0.8894,1,3.445,0.8655,1,0
IWM190920C154,2019-09-18,2019-09-18 09:36:55,3.49,0.8768,197,3.4,0.8542,120,3.54,0.8894,1,3.445,0.8655,1,0
IWM190920C154,2019-09-18,2019-09-18 09:36:56,3.49,0.8768,140,3.4,0.8542,174,3.54,0.8894,1,3.445,0.8655,1,0
IWM190920C154,2019-09-18,2019-09-18 09:36:56,3.49,0.8768,145,3.4,0.8542,204,3.54,0.8894,1,3.445,0.8655,1,0
IWM190920C154,2019-09-18,2019-09-18 09:36:57,3.49,0.8768,105,3.4,0.8542,173,3.54,0.8894,1,3.445,0.8655,1,0
IWM190920C154,2019-09-18,2019-09-18 09:36:57,3.49,0.8768,140,3.4,0.8542,174,3.54,0.8894,1,3.445,0.8655,1,0
IWM190920C154,2019-09-18,2019-09-18 09:36:58,3.49,0.8768,155,3.4,0.8542,153,3.54,0.8894,1,3.445,0.8655,1,0
IWM190920C154,2019-09-18,2019-09-18 09:36:58,3.49,0.8768,140,3.4,0.8542,153,3.54,0.8894,1,3.445,0.8655,1,0
IWM190920C154,2019-09-18,2019-09-18 09:36:59,3.49,0.8768,10,3.4,0.8542,182,3.54,0.8894,1,3.445,0.8655,1,0
IWM190920C154,2019-09-18,2019-09-18 09:36:59,3.49,0.8768,155,3.4,0.8542,132,3.54,0.8894,1,3.445,0.8655,1,0
IWM190920C154,2019-09-18,2019-09-18 09:37:00,3.5,0.8793,39,3.4,0.8542,182,3.54,0.8894,1,3.45,0.8668,1,0
IWM190920C154,2019-09-18,2019-09-18 09:37:01,3.47,0.8718,43,3.4,0.8542,45,3.54,0.8894,1,3.435,0.863,1,0
IWM190920C154,2019-09-18,2019-09-18 09:37:01,3.47,0.8718,83,3.4,0.8542,52,3.54,0.8894,1,3.435,0.863,1,0
IWM190920C154,2019-09-18,2019-09-18 09:37:02,3.46,0.8693,16,3.39,0.8517,40,3.54,0.8894,1,3.425,0.8605,1,0
IWM190920C154,2019-09-18,2019-09-18 09:37:02,3.47,0.8718,119,3.39,0.8517,43,3.54,0.8894,1,3.43,0.8618,1,0
IWM190920C154,2019-09-18,2019-09-18 09:37:03,3.47,0.8718,32,3.39,0.8517,40,3.54,0.8894,1,3.43,0.8618,1,0
IWM190920C154,2019-09-18,2019-09-18 09:37:03,3.47,0.8718,57,3.39,0.8517,57,3.54,0.8894,1,3.43,0.8618,1,0
IWM190920C154,2019-09-18,2019-09-18 09:37:04,3.45,0.8668,60,3.38,0.8492,22,3.54,0.8894,1,3.415,0.858,1,0
IWM190920C154,2019-09-18,2019-09-18 09:37:04,3.45,0.8668,60,3.39,0.8517,28,3.54,0.8894,1,3.42,0.8592,1,0
IWM190920C154,2019-09-18,2019-09-18 09:37:05,3.47,0.8718,61,3.38,0.8492,168,3.54,0.8894,1,3.425,0.8605,1,0
IWM190920C154,2019-09-18,2019-09-18 09:37:05,3.46,0.8693,65,3.39,0.8517,13,3.54,0.8894,1,3.425,0.8605,1,0
IWM190920C154,2019-09-18,2019-09-18 09:37:06,3.47,0.8718,39,3.38,0.8492,208,3.54,0.8894,1,3.425,0.8605,1,0
IWM190920C154,2019-09-18,2019-09-18 09:37:06,3.47,0.8718,51,3.38,0.8492,161,3.54,0.8894,1,3.425,0.8605,1,0
IWM190920C154,2019-09-18,2019-09-18 09:37:07,3.47,0.8718,64,3.38,0.8492,213,3.54,0.8894,1,3.425,0.8605,1,0
IWM190920C154,2019-09-18,2019-09-18 09:37:07,3.47,0.8718,44,3.38,0.8492,90,3.54,0.8894,1,3.425,0.8605,1,0
IWM190920C154,2019-09-18,2019-09-18 09:37:08,3.48,0.8743,14,3.38,0.8492,198,3.54,0.8894,1,3.43,0.8618,1,0
IWM190920C154,2019-09-18,2019-09-18 09:37:08,3.49,0.8768,78,3.38,0.8492,215,3.54,0.8894,1,3.435,0.863,1,0
IWM190920C154,2019-09-18,2019-09-18 09:37:09,3.49,0.8768,38,3.38,0.8492,164,3.54,0.8894,1,3.435,0.863,1,0
IWM190920C154,2019-09-18,2019-09-18 09:37:09,3.49,0.8768,59,3.38,0.8492,164,3.54,0.8894,1,3.435,0.863,1,0
IWM190920C154,2019-09-18,2019-09-18 09:37:10,3.49,0.8768,38,3.38,0.8492,164,3.54,0.8894,1,3.435,0.863,1,0
IWM190920C154,2019-09-18,2019-09-18 09:37:11,3.49,0.8768,38,3.38,0.8492,164,3.54,0.8894,1,3.435,0.863,1,0
IWM190920C154,2019-09-18,2019-09-18 09:37:11,3.49,0.8768,73,3.38,0.8492,164,3.54,0.8894,1,3.435,0.863,1,0
IWM190920C154,2019-09-18,2019-09-18 09:37:12,3.49,0.8768,38,3.38,0.8492,164,3.54,0.8894,1,3.435,0.863,1,0
IWM190920C154,2019-09-18,2019-09-18 09:37:13,3.49,0.8768,77,3.38,0.8492,164,3.54,0.8894,1,3.435,0.863,1,0
IWM190920C154,2019-09-18,2019-09-18 09:37:14,3.49,0.8768,77,3.38,0.8492,164,3.54,0.8894,1,3.435,0.863,1,0
IWM190920C154,2019-09-18,2019-09-18 09:37:15,3.48,0.8743,31,3.38,0.8492,204,3.54,0.8894,1,3.43,0.8618,1,0
IWM190920C154,2019-09-18,2019-09-18 09:37:15,3.48,0.8743,32,3.38,0.8492,207,3.54,0.8894,1,3.43,0.8618,1,0
IWM190920C154,2019-09-18,2019-09-18 09:37:16,3.5,0.8793,64,3.38,0.8492,204,3.54,0.8894,1,3.44,0.8643,1,0
IWM190920C154,2019-09-18,2019-09-18 09:37:16,3.5,0.8793,74,3.38,0.8492,204,3.54,0.8894,1,3.44,0.8643,1,0
IWM190920C154,2019-09-18,2019-09-18 09:37:17,3.5,0.8793,105,3.38,0.8492,204,3.54,0.8894,1,3.44,0.8643,1,0
IWM190920C154,2019-09-18,2019-09-18 09:37:18,3.48,0.8743,124,3.38,0.8492,169,3.54,0.8894,1,3.43,0.8618,1,0
IWM190920C154,2019-09-18,2019-09-18 09:37:18,3.5,0.8793,105,3.38,0.8492,204,3.54,0.8894,1,3.44,0.8643,1,0
IWM190920C154,2019-09-18,2019-09-18 09:37:19,3.48,0.8743,74,3.38,0.8492,169,3.54,0.8894,1,3.43,0.8618,1,0
IWM190920C154,2019-09-18,2019-09-18 09:37:20,3.5,0.8793,58,3.38,0.8492,197,3.54,0.8894,1,3.44,0.8643,1,0
IWM190920C154,2019-09-18,2019-09-18 09:37:20,3.5,0.8793,88,3.38,0.8492,197,3.54,0.8894,1,3.44,0.8643,1,0
IWM190920C154,2019-09-18,2019-09-18 09:37:21,3.49,0.8768,67,3.38,0.8492,197,3.54,0.8894,1,3.435,0.863,1,0
IWM190920C154,2019-09-18,2019-09-18 09:37:22,3.49,0.8768,67,3.38,0.8492,167,3.54,0.8894,1,3.435,0.863,1,0
IWM190920C154,2019-09-18,2019-09-18 09:37:23,3.49,0.8768,67,3.38,0.8492,167,3.54,0.8894,1,3.435,0.863,1,0
IWM190920C154,2019-09-18,2019-09-18 09:37:24,3.49,0.8768,67,3.38,0.8492,167,3.54,0.8894,1,3.435,0.863,1,0
IWM190920C154,2019-09-18,2019-09-18 09:37:25,3.48,0.8743,48,3.38,0.8492,90,3.54,0.8894,1,3.43,0.8618,1,0
IWM190920C154,2019-09-18,2019-09-18 09:37:25,3.49,0.8768,51,3.38,0.8492,158,3.54,0.8894,1,3.435,0.863,1,0
IWM190920C154,2019-09-18,2019-09-18 09:37:26,3.49,0.8768,61,3.38,0.8492,189,3.54,0.8894,1,3.435,0.863,1,0
IWM190920C154,2019-09-18,2019-09-18 09:37:27,3.49,0.8768,63,3.38,0.8492,189,3.54,0.8894,1,3.435,0.863,1,0
IWM190920C154,2019-09-18,2019-09-18 09:37:27,3.49,0.8768,32,3.38,0.8492,189,3.54,0.8894,1,3.435,0.863,1,0
IWM190920C154,2019-09-18,2019-09-18 09:37:28,3.49,0.8768,32,3.38,0.8492,189,3.54,0.8894,1,3.435,0.863,1,0
IWM190920C154,2019-09-18,2019-09-18 09:37:29,3.5,0.8793,40,3.4,0.8542,142,3.54,0.8894,1,3.45,0.8668,1,0
IWM190920C154,2019-09-18,2019-09-18 09:37:29,3.52,0.8844,47,3.4,0.8542,208,3.54,0.8894,1,3.46,0.8693,1,0
IWM190920C154,2019-09-18,2019-09-18 09:37:30,3.53,0.8869,32,3.41,0.8567,339,3.54,0.8894,1,3.47,0.8718,1,0
IWM190920C154,2019-09-18,2019-09-18 09:37:30,3.54,0.8894,134,3.41,0.8567,359,3.54,0.8894,1,3.475,0.8731,1,0
IWM190920C154,2019-09-18,2019-09-18 09:37:31,3.53,0.8869,66,3.41,0.8567,339,3.54,0.8894,1,3.47,0.8718,1,0
IWM190920C154,2019-09-18,2019-09-18 09:37:32,3.53,0.8869,36,3.42,0.8592,275,3.54,0.8894,1,3.475,0.8731,1,0
IWM190920C154,2019-09-18,2019-09-18 09:37:32,3.53,0.8869,36,3.42,0.8592,145,3.54,0.8894,1,3.475,0.8731,1,0
IWM190920C154,2019-09-18,2019-09-18 09:37:33,3.53,0.8869,36,3.43,0.8618,242,3.54,0.8894,1,3.48,0.8743,1,0
IWM190920C154,2019-09-18,2019-09-18 09:37:33,3.54,0.8894,35,3.44,0.8643,106,3.54,0.8894,1,3.49,0.8768,1,0
IWM190920C154,2019-09-18,2019-09-18 09:37:34,3.55,0.8919,28,3.45,0.8668,212,3.54,0.8894,1,3.5,0.8793,1,0
IWM190920C154,2019-09-18,2019-09-18 09:37:34,3.54,0.8894,14,3.44,0.8643,327,3.54,0.8894,1,3.49,0.8768,1,0
IWM190920C154,2019-09-18,2019-09-18 09:37:35,3.57,0.8969,72,3.45,0.8668,235,3.54,0.8894,1,3.51,0.8819,1,0
IWM190920C154,2019-09-18,2019-09-18 09:37:35,3.57,0.8969,122,3.45,0.8668,285,3.54,0.8894,1,3.51,0.8819,1,0
IWM190920C154,2019-09-18,2019-09-18 09:37:36,3.57,0.8969,122,3.45,0.8668,285,3.54,0.8894,1,3.51,0.8819,1,0
IWM190920C154,2019-09-18,2019-09-18 09:37:36,3.57,0.8969,75,3.45,0.8668,305,3.54,0.8894,1,3.51,0.8819,1,0
IWM190920C154,2019-09-18,2019-09-18 09:37:37,3.57,0.8969,52,3.45,0.8668,305,3.54,0.8894,1,3.51,0.8819,1,0
IWM190920C154,2019-09-18,2019-09-18 09:37:38,3.57,0.8969,52,3.45,0.8668,244,3.54,0.8894,1,3.51,0.8819,1,0
IWM190920C154,2019-09-18,2019-09-18 09:37:38,3.57,0.8969,52,3.45,0.8668,314,3.54,0.8894,1,3.51,0.8819,1,0
IWM190920C154,2019-09-18,2019-09-18 09:37:39,3.57,0.8969,52,3.45,0.8668,224,3.54,0.8894,1,3.51,0.8819,1,0
IWM190920C154,2019-09-18,2019-09-18 09:37:39,3.57,0.8969,52,3.45,0.8668,244,3.54,0.8894,1,3.51,0.8819,1,0
IWM190920C154,2019-09-18,2019-09-18 09:37:40,3.57,0.8969,52,3.45,0.8668,244,3.54,0.8894,1,3.51,0.8819,1,0
IWM190920C154,2019-09-18,2019-09-18 09:37:41,3.57,0.8969,52,3.45,0.8668,224,3.54,0.8894,1,3.51,0.8819,1,0
IWM190920C154,2019-09-18,2019-09-18 09:37:42,3.57,0.8969,52,3.45,0.8668,224,3.54,0.8894,1,3.51,0.8819,1,0
IWM190920C154,2019-09-18,2019-09-18 09:37:42,3.57,0.8969,52,3.45,0.8668,244,3.54,0.8894,1,3.51,0.8819,1,0
IWM190920C154,2019-09-18,2019-09-18 09:37:43,3.57,0.8969,62,3.45,0.8668,254,3.54,0.8894,1,3.51,0.8819,1,0
IWM190920C154,2019-09-18,2019-09-18 09:37:44,3.57,0.8969,103,3.45,0.8668,254,3.54,0.8894,1,3.51,0.8819,1,0
IWM190920C154,2019-09-18,2019-09-18 09:37:44,3.57,0.8969,62,3.45,0.8668,254,3.54,0.8894,1,3.51,0.8819,1,0
IWM190920C154,2019-09-18,2019-09-18 09:37:45,3.57,0.8969,103,3.45,0.8668,254,3.54,0.8894,1,3.51,0.8819,1,0
IWM190920C154,2019-09-18,2019-09-18 09:37:45,3.57,0.8969,82,3.45,0.8668,234,3.54,0.8894,1,3.51,0.8819,1,0
IWM190920C154,2019-09-18,2019-09-18 09:37:46,3.56,0.8944,32,3.45,0.8668,165,3.54,0.8894,1,3.505,0.8806,1,0
IWM190920C154,2019-09-18,2019-09-18 09:37:47,3.55,0.8919,98,3.45,0.8668,165,3.54,0.8894,1,3.5,0.8793,1,0
IWM190920C154,2019-09-18,2019-09-18 09:37:47,3.55,0.8919,66,3.45,0.8668,165,3.54,0.8894,1,3.5,0.8793,1,0
IWM190920C154,2019-09-18,2019-09-18 09:37:48,3.55,0.8919,126,3.45,0.8668,165,3.54,0.8894,1,3.5,0.8793,1,0
IWM190920C154,2019-09-18,2019-09-18 09:37:48,3.55,0.8919,76,3.45,0.8668,145,3.54,0.8894,1,3.5,0.8793,1,0
IWM190920C154,2019-09-18,2019-09-18 09:37:49,3.55,0.8919,76,3.45,0.8668,145,3.54,0.8894,1,3.5,0.8793,1,0
IWM190920C154,2019-09-18,2019-09-18 09:37:49,3.55,0.8919,108,3.45,0.8668,145,3.54,0.8894,1,3.5,0.8793,1,0
IWM190920C154,2019-09-18,2019-09-18 09:37:50,3.55,0.8919,76,3.45,0.8668,145,3.54,0.8894,1,3.5,0.8793,1,0
IWM190920C154,2019-09-18,2019-09-18 09:37:50,3.55,0.8919,18,3.45,0.8668,145,3.54,0.8894,1,3.5,0.8793,1,0
IWM190920C154,2019-09-18,2019-09-18 09:37:51,3.55,0.8919,50,3.45,0.8668,151,3.54,0.8894,1,3.5,0.8793,1,0
IWM190920C154,2019-09-18,2019-09-18 09:37:51,3.55,0.8919,18,3.45,0.8668,145,3.54,0.8894,1,3.5,0.8793,1,0
IWM190920C154,2019-09-18,2019-09-18 09:37:52,3.55,0.8919,50,3.45,0.8668,151,3.54,0.8894,1,3.5,0.8793,1,0
IWM190920C154,2019-09-18,2019-09-18 09:37:52,3.55,0.8919,60,3.45,0.8668,151,3.54,0.8894,1,3.5,0.8793,1,0
IWM190920C154,2019-09-18,2019-09-18 09:37:53,3.55,0.8919,60,3.45,0.8668,127,3.54,0.8894,1,3.5,0.8793,1,0
IWM190920C154,2019-09-18,2019-09-18 09:37:54,3.55,0.8919,60,3.45,0.8668,187,3.54,0.8894,1,3.5,0.8793,1,0
IWM190920C154,2019-09-18,2019-09-18 09:37:55,3.55,0.8919,60,3.45,0.8668,187,3.54,0.8894,1,3.5,0.8793,1,0
IWM190920C154,2019-09-18,2019-09-18 09:37:56,3.54,0.8894,69,3.45,0.8668,81,3.54,0.8894,1,3.495,0.8781,1,0
IWM190920C154,2019-09-18,2019-09-18 09:37:56,3.55,0.8919,131,3.45,0.8668,138,3.54,0.8894,1,3.5,0.8793,1,0
IWM190920C154,2019-09-18,2019-09-18 09:37:57,3.54,0.8894,69,3.45,0.8668,91,3.54,0.8894,1,3.495,0.8781,1,0
IWM190920C154,2019-09-18,2019-09-18 09:37:58,3.54,0.8894,69,3.45,0.8668,91,3.54,0.8894,1,3.495,0.8781,1,0
IWM190920C154,2019-09-18,2019-09-18 09:37:58,3.54,0.8894,89,3.45,0.8668,100,3.54,0.8894,1,3.495,0.8781,1,0
IWM190920C154,2019-09-18,2019-09-18 09:37:59,3.54,0.8894,89,3.45,0.8668,86,3.54,0.8894,1,3.495,0.8781,1,0
IWM190920C154,2019-09-18,2019-09-18 09:37:59,3.54,0.8894,124,3.45,0.8668,65,3.54,0.8894,1,3.495,0.8781,1,0
IWM190920C154,2019-09-18,2019-09-18 09:38:00,3.53,0.8869,28,3.45,0.8668,36,3.54,0.8894,1,3.49,0.8768,1,0
IWM190920C154,2019-09-18,2019-09-18 09:38:00,3.53,0.8869,52,3.45,0.8668,12,3.54,0.8894,1,3.49,0.8768,1,0
IWM190920C154,2019-09-18,2019-09-18 09:38:01,3.53,0.8869,7,3.45,0.8668,113,3.54,0.8894,1,3.49,0.8768,1,0
IWM190920C154,2019-09-18,2019-09-18 09:38:01,3.53,0.8869,7,3.45,0.8668,123,3.54,0.8894,1,3.49,0.8768,1,0
IWM190920C154,2019-09-18,2019-09-18 09:38:02,3.54,0.8894,36,3.45,0.8668,113,3.54,0.8894,1,3.495,0.8781,1,0
IWM190920C154,2019-09-18,2019-09-18 09:38:02,3.54,0.8894,36,3.45,0.8668,150,3.54,0.8894,1,3.495,0.8781,1,0
IWM190920C154,2019-09-18,2019-09-18 09:38:03,3.55,0.8919,43,3.45,0.8668,142,3.54,0.8894,1,3.5,0.8793,1,0
IWM190920C154,2019-09-18,2019-09-18 09:38:03,3.55,0.8919,27,3.45,0.8668,113,3.54,0.8894,1,3.5,0.8793,1,0
IWM190920C154,2019-09-18,2019-09-18 09:38:04,3.55,0.8919,33,3.45,0.8668,173,3.54,0.8894,1,3.5,0.8793,1,0
IWM190920C154,2019-09-18,2019-09-18 09:38:05,3.55,0.8919,16,3.45,0.8668,183,3.54,0.8894,1,3.5,0.8793,1,0
IWM190920C154,2019-09-18,2019-09-18 09:38:06,3.55,0.8919,16,3.45,0.8668,183,3.54,0.8894,1,3.5,0.8793,1,0
IWM190920C154,2019-09-18,2019-09-18 09:38:06,3.55,0.8919,16,3.46,0.8693,187,3.54,0.8894,1,3.505,0.8806,1,0
IWM190920C154,2019-09-18,2019-09-18 09:38:07,3.56,0.8944,27,3.46,0.8693,236,3.54,0.8894,1,3.51,0.8819,1,0
IWM190920C154,2019-09-18,2019-09-18 09:38:07,3.58,0.8994,70,3.46,0.8693,236,3.54,0.8894,1,3.52,0.8844,1,0
IWM190920C154,2019-09-18,2019-09-18 09:38:08,3.58,0.8994,141,3.46,0.8693,296,3.54,0.8894,1,3.52,0.8844,1,0
IWM190920C154,2019-09-18,2019-09-18 09:38:08,3.58,0.8994,115,3.46,0.8693,296,3.54,0.8894,1,3.52,0.8844,1,0
IWM190920C154,2019-09-18,2019-09-18 09:38:09,3.58,0.8994,126,3.46,0.8693,296,3.54,0.8894,1,3.52,0.8844,1,0
IWM190920C154,2019-09-18,2019-09-18 09:38:10,3.58,0.8994,202,3.46,0.8693,296,3.54,0.8894,1,3.52,0.8844,1,0
IWM190920C154,2019-09-18,2019-09-18 09:38:10,3.58,0.8994,126,3.46,0.8693,296,3.54,0.8894,1,3.52,0.8844,1,0
IWM190920C154,2019-09-18,2019-09-18 09:38:11,3.55,0.8919,55,3.46,0.8693,114,3.54,0.8894,1,3.505,0.8806,1,0
IWM190920C154,2019-09-18,2019-09-18 09:38:11,3.56,0.8944,135,3.46,0.8693,177,3.54,0.8894,1,3.51,0.8819,1,0
IWM190920C154,2019-09-18,2019-09-18 09:38:12,3.55,0.8919,91,3.46,0.8693,112,3.54,0.8894,1,3.505,0.8806,1,0
IWM190920C154,2019-09-18,2019-09-18 09:38:12,3.55,0.8919,55,3.46,0.8693,114,3.54,0.8894,1,3.505,0.8806,1,0
IWM190920C154,2019-09-18,2019-09-18 09:38:13,3.55,0.8919,96,3.46,0.8693,49,3.54,0.8894,1,3.505,0.8806,1,0
IWM190920C154,2019-09-18,2019-09-18 09:38:13,3.55,0.8919,85,3.46,0.8693,112,3.54,0.8894,1,3.505,0.8806,1,0
IWM190920C154,2019-09-18,2019-09-18 09:38:14,3.55,0.8919,42,3.46,0.8693,127,3.54,0.8894,1,3.505,0.8806,1,0
IWM190920C154,2019-09-18,2019-09-18 09:38:14,3.55,0.8919,85,3.46,0.8693,77,3.54,0.8894,1,3.505,0.8806,1,0
IWM190920C154,2019-09-18,2019-09-18 09:38:15,3.55,0.8919,42,3.46,0.8693,109,3.54,0.8894,1,3.505,0.8806,1,0
IWM190920C154,2019-09-18,2019-09-18 09:38:16,3.54,0.8894,32,3.46,0.8693,44,3.54,0.8894,1,3.5,0.8793,1,0
IWM190920C154,2019-09-18,2019-09-18 09:38:16,3.55,0.8919,42,3.46,0.8693,109,3.54,0.8894,1,3.505,0.8806,1,0
IWM190920C154,2019-09-18,2019-09-18 09:38:17,3.54,0.8894,32,3.46,0.8693,44,3.54,0.8894,1,3.5,0.8793,1,0
IWM190920C154,2019-09-18,2019-09-18 09:38:17,3.53,0.8869,27,3.45,0.8668,75,3.54,0.8894,1,3.49,0.8768,1,0
IWM190920C154,2019-09-18,2019-09-18 09:38:18,3.54,0.8894,37,3.45,0.8668,75,3.54,0.8894,1,3.495,0.8781,1,0
IWM190920C154,2019-09-18,2019-09-18 09:38:18,3.54,0.8894,37,3.45,0.8668,149,3.54,0.8894,1,3.495,0.8781,1,0
IWM190920C154,2019-09-18,2019-09-18 09:38:19,3.54,0.8894,21,3.45,0.8668,114,3.54,0.8894,1,3.495,0.8781,1,0
IWM190920C154,2019-09-18,2019-09-18 09:38:20,3.54,0.8894,21,3.45,0.8668,114,3.54,0.8894,1,3.495,0.8781,1,0
IWM190920C154,2019-09-18,2019-09-18 09:38:21,3.54,0.8894,21,3.45,0.8668,109,3.54,0.8894,1,3.495,0.8781,1,0
IWM190920C154,2019-09-18,2019-09-18 09:38:21,3.54,0.8894,21,3.45,0.8668,114,3.54,0.8894,1,3.495,0.8781,1,0
IWM190920C154,2019-09-18,2019-09-18 09:38:22,3.57,0.8969,32,3.45,0.8668,141,3.54,0.8894,1,3.51,0.8819,1,0
IWM190920C154,2019-09-18,2019-09-18 09:38:22,3.54,0.8894,21,3.45,0.8668,141,3.54,0.8894,1,3.495,0.8781,1,0
IWM190920C154,2019-09-18,2019-09-18 09:38:23,3.57,0.8969,46,3.45,0.8668,196,3.54,0.8894,1,3.51,0.8819,1,0
IWM190920C154,2019-09-18,2019-09-18 09:38:23,3.57,0.8969,27,3.45,0.8668,196,3.54,0.8894,1,3.51,0.8819,1,0
IWM190920C154,2019-09-18,2019-09-18 09:38:24,3.57,0.8969,46,3.45,0.8668,196,3.54,0.8894,1,3.51,0.8819,1,0
IWM190920C154,2019-09-18,2019-09-18 09:38:25,3.57,0.8969,46,3.45,0.8668,196,3.54,0.8894,1,3.51,0.8819,1,0
IWM190920C154,2019-09-18,2019-09-18 09:38:26,3.56,0.8944,16,3.45,0.8668,137,3.54,0.8894,1,3.505,0.8806,1,0
IWM190920C154,2019-09-18,2019-09-18 09:38:26,3.55,0.8919,53,3.45,0.8668,147,3.54,0.8894,1,3.5,0.8793,1,0
IWM190920C154,2019-09-18,2019-09-18 09:38:27,3.55,0.8919,64,3.45,0.8668,164,3.54,0.8894,1,3.5,0.8793,1,0
IWM190920C154,2019-09-18,2019-09-18 09:38:27,3.55,0.8919,98,3.45,0.8668,164,3.54,0.8894,1,3.5,0.8793,1,0
IWM190920C154,2019-09-18,2019-09-18 09:38:28,3.55,0.8919,64,3.45,0.8668,164,3.54,0.8894,1,3.5,0.8793,1,0
IWM190920C154,2019-09-18,2019-09-18 09:38:28,3.55,0.8919,98,3.45,0.8668,164,3.54,0.8894,1,3.5,0.8793,1,0
IWM190920C154,2019-09-18,2019-09-18 09:38:29,3.55,0.8919,28,3.45,0.8668,164,3.54,0.8894,1,3.5,0.8793,1,0
IWM190920C154,2019-09-18,2019-09-18 09:38:29,3.55,0.8919,53,3.45,0.8668,164,3.54,0.8894,1,3.5,0.8793,1,0
IWM190920C154,2019-09-18,2019-09-18 09:38:30,3.55,0.8919,28,3.45,0.8668,164,3.54,0.8894,1,3.5,0.8793,1,0
IWM190920C154,2019-09-18,2019-09-18 09:38:31,3.56,0.8944,35,3.45,0.8668,192,3.54,0.8894,1,3.505,0.8806,1,0
IWM190920C154,2019-09-18,2019-09-18 09:38:31,3.56,0.8944,35,3.45,0.8668,212,3.54,0.8894,1,3.505,0.8806,1,0
IWM190920C154,2019-09-18,2019-09-18 09:38:32,3.57,0.8969,92,3.45,0.8668,192,3.54,0.8894,1,3.51,0.8819,1,0
IWM190920C154,2019-09-18,2019-09-18 09:38:32,3.57,0.8969,95,3.45,0.8668,192,3.54,0.8894,1,3.51,0.8819,1,0
IWM190920C154,2019-09-18,2019-09-18 09:38:33,3.57,0.8969,35,3.45,0.8668,212,3.54,0.8894,1,3.51,0.8819,1,0
IWM190920C154,2019-09-18,2019-09-18 09:38:34,3.57,0.8969,35,3.45,0.8668,212,3.54,0.8894,1,3.51,0.8819,1,0
IWM190920C154,2019-09-18,2019-09-18 09:38:35,3.57,0.8969,35,3.45,0.8668,212,3.54,0.8894,1,3.51,0.8819,1,0
IWM190920C154,2019-09-18,2019-09-18 09:38:36,3.57,0.8969,32,3.46,0.8693,166,3.54,0.8894,1,3.515,0.8831,1,0
IWM190920C154,2019-09-18,2019-09-18 09:38:37,3.57,0.8969,32,3.46,0.8693,166,3.54,0.8894,1,3.515,0.8831,1,0
IWM190920C154,2019-09-18,2019-09-18 09:38:37,3.57,0.8969,32,3.46,0.8693,186,3.54,0.8894,1,3.515,0.8831,1,0
IWM190920C154,2019-09-18,2019-09-18 09:38:38,3.58,0.8994,27,3.47,0.8718,186,3.54,0.8894,1,3.525,0.8856,1,0
IWM190920C154,2019-09-18,2019-09-18 09:38:38,3.58,0.8994,27,3.47,0.8718,236,3.54,0.8894,1,3.525,0.8856,1,0
IWM190920C154,2019-09-18,2019-09-18 09:38:39,3.58,0.8994,27,3.47,0.8718,236,3.54,0.8894,1,3.525,0.8856,1,0
IWM190920C154,2019-09-18,2019-09-18 09:38:40,3.58,0.8994,27,3.47,0.8718,236,3.54,0.8894,1,3.525,0.8856,1,0
IWM190920C154,2019-09-18,2019-09-18 09:38:41,3.58,0.8994,27,3.47,0.8718,236,3.54,0.8894,1,3.525,0.8856,1,0
IWM190920C154,2019-09-18,2019-09-18 09:38:42,3.58,0.8994,27,3.47,0.8718,236,3.54,0.8894,1,3.525,0.8856,1,0
IWM190920C154,2019-09-18,2019-09-18 09:38:43,3.58,0.8994,27,3.47,0.8718,236,3.54,0.8894,1,3.525,0.8856,1,0
IWM190920C154,2019-09-18,2019-09-18 09:38:44,3.57,0.8969,104,3.47,0.8718,112,3.54,0.8894,1,3.52,0.8844,1,0
IWM190920C154,2019-09-18,2019-09-18 09:38:44,3.58,0.8994,27,3.47,0.8718,236,3.54,0.8894,1,3.525,0.8856,1,0
IWM190920C154,2019-09-18,2019-09-18 09:38:45,3.57,0.8969,143,3.47,0.8718,157,3.54,0.8894,1,3.52,0.8844,1,0
IWM190920C154,2019-09-18,2019-09-18 09:38:46,3.56,0.8944,29,3.47,0.8718,157,3.54,0.8894,1,3.515,0.8831,1,0
IWM190920C154,2019-09-18,2019-09-18 09:38:47,3.57,0.8969,25,3.47,0.8718,184,3.54,0.8894,1,3.52,0.8844,1,0
IWM190920C154,2019-09-18,2019-09-18 09:38:48,3.57,0.8969,25,3.47,0.8718,184,3.54,0.8894,1,3.52,0.8844,1,0
IWM190920C154,2019-09-18,2019-09-18 09:38:49,3.57,0.8969,25,3.47,0.8718,184,3.54,0.8894,1,3.52,0.8844,1,0
IWM190920C154,2019-09-18,2019-09-18 09:38:50,3.58,0.8994,35,3.47,0.8718,184,3.54,0.8894,1,3.525,0.8856,1,0
IWM190920C154,2019-09-18,2019-09-18 09:38:50,3.58,0.8994,45,3.47,0.8718,184,3.54,0.8894,1,3.525,0.8856,1,0
IWM190920C154,2019-09-18,2019-09-18 09:38:51,3.58,0.8994,45,3.47,0.8718,184,3.54,0.8894,1,3.525,0.8856,1,0
IWM190920C154,2019-09-18,2019-09-18 09:38:52,3.58,0.8994,45,3.47,0.8718,184,3.54,0.8894,1,3.525,0.8856,1,0
IWM190920C154,2019-09-18,2019-09-18 09:38:53,3.58,0.8994,35,3.47,0.8718,216,3.54,0.8894,1,3.525,0.8856,1,0
IWM190920C154,2019-09-18,2019-09-18 09:38:53,3.58,0.8994,35,3.47,0.8718,184,3.54,0.8894,1,3.525,0.8856,1,0
IWM190920C154,2019-09-18,2019-09-18 09:38:54,3.6,0.9045,23,3.49,0.8768,195,3.54,0.8894,1,3.545,0.8907,1,0
IWM190920C154,2019-09-18,2019-09-18 09:38:54,3.6,0.9045,23,3.49,0.8768,254,3.54,0.8894,1,3.545,0.8907,1,0
IWM190920C154,2019-09-18,2019-09-18 09:38:55,3.6,0.9045,33,3.49,0.8768,264,3.54,0.8894,1,3.545,0.8907,1,0
IWM190920C154,2019-09-18,2019-09-18 09:38:55,3.6,0.9045,20,3.49,0.8768,254,3.54,0.8894,1,3.545,0.8907,1,0
IWM190920C154,2019-09-18,2019-09-18 09:38:56,3.62,0.9095,108,3.5,0.8793,213,3.54,0.8894,1,3.56,0.8944,1,0
IWM190920C154,2019-09-18,2019-09-18 09:38:56,3.62,0.9095,48,3.5,0.8793,238,3.54,0.8894,1,3.56,0.8944,1,0
IWM190920C154,2019-09-18,2019-09-18 09:38:57,3.62,0.9095,51,3.5,0.8793,268,3.54,0.8894,1,3.56,0.8944,1,0
IWM190920C154,2019-09-18,2019-09-18 09:38:57,3.62,0.9095,51,3.51,0.8819,102,3.54,0.8894,1,3.565,0.8957,1,0
IWM190920C154,2019-09-18,2019-09-18 09:38:58,3.61,0.907,95,3.51,0.8819,163,3.54,0.8894,1,3.56,0.8944,1,0
IWM190920C154,2019-09-18,2019-09-18 09:38:58,3.61,0.907,85,3.51,0.8819,128,3.54,0.8894,1,3.56,0.8944,1,0
IWM190920C154,2019-09-18,2019-09-18 09:38:59,3.61,0.907,95,3.51,0.8819,163,3.54,0.8894,1,3.56,0.8944,1,0
IWM190920C154,2019-09-18,2019-09-18 09:39:00,3.61,0.907,54,3.51,0.8819,163,3.54,0.8894,1,3.56,0.8944,1,0
IWM190920C154,2019-09-18,2019-09-18 09:39:01,3.61,0.907,35,3.51,0.8819,163,3.54,0.8894,1,3.56,0.8944,1,0
IWM190920C154,2019-09-18,2019-09-18 09:39:02,3.63,0.912,112,3.51,0.8819,163,3.54,0.8894,1,3.57,0.8969,1,0
IWM190920C154,2019-09-18,2019-09-18 09:39:02,3.63,0.912,125,3.51,0.8819,163,3.54,0.8894,1,3.57,0.8969,1,0
IWM190920C154,2019-09-18,2019-09-18 09:39:03,3.63,0.912,102,3.51,0.8819,163,3.54,0.8894,1,3.57,0.8969,1,0
IWM190920C154,2019-09-18,2019-09-18 09:39:03,3.63,0.912,112,3.51,0.8819,163,3.54,0.8894,1,3.57,0.8969,1,0
IWM190920C154,2019-09-18,2019-09-18 09:39:04,3.62,0.9095,98,3.51,0.8819,193,3.54,0.8894,1,3.565,0.8957,1,0
IWM190920C154,2019-09-18,2019-09-18 09:39:05,3.62,0.9095,98,3.51,0.8819,193,3.54,0.8894,1,3.565,0.8957,1,0
IWM190920C154,2019-09-18,2019-09-18 09:39:06,3.62,0.9095,98,3.51,0.8819,193,3.54,0.8894,1,3.565,0.8957,1,0
IWM190920C154,2019-09-18,2019-09-18 09:39:07,3.6,0.9045,20,3.51,0.8819,125,3.54,0.8894,1,3.555,0.8932,1,0
IWM190920C154,2019-09-18,2019-09-18 09:39:07,3.6,0.9045,85,3.51,0.8819,89,3.54,0.8894,1,3.555,0.8932,1,0
IWM190920C154,2019-09-18,2019-09-18 09:39:08,3.6,0.9045,20,3.51,0.8819,125,3.54,0.8894,1,3.555,0.8932,1,0
IWM190920C154,2019-09-18,2019-09-18 09:39:09,3.6,0.9045,20,3.51,0.8819,125,3.54,0.8894,1,3.555,0.8932,1,0
IWM190920C154,2019-09-18,2019-09-18 09:39:10,3.62,0.9095,143,3.51,0.8819,205,3.54,0.8894,1,3.565,0.8957,1,0
IWM190920C154,2019-09-18,2019-09-18 09:39:10,3.62,0.9095,177,3.51,0.8819,202,3.54,0.8894,1,3.565,0.8957,1,0
IWM190920C154,2019-09-18,2019-09-18 09:39:11,3.62,0.9095,203,3.51,0.8819,202,3.56,0.8944,60,3.565,0.8957,61,0
IWM190920C154,2019-09-18,2019-09-18 09:39:11,3.62,0.9095,203,3.51,0.8819,202,3.56,0.8944,60,3.565,0.8957,61,60
IWM190920C154,2019-09-18,2019-09-18 09:39:12,3.62,0.9095,203,3.51,0.8819,202,3.56,0.8944,60,3.565,0.8957,61,0
IWM190920C154,2019-09-18,2019-09-18 09:39:13,3.62,0.9095,203,3.51,0.8819,202,3.56,0.8944,60,3.565,0.8957,61,0
IWM190920C154,2019-09-18,2019-09-18 09:39:13,3.62,0.9095,234,3.51,0.8819,137,3.56,0.8944,60,3.565,0.8957,61,0
IWM190920C154,2019-09-18,2019-09-18 09:39:14,3.62,0.9095,196,3.51,0.8819,186,3.56,0.8944,60,3.565,0.8957,61,0
IWM190920C154,2019-09-18,2019-09-18 09:39:14,3.62,0.9095,185,3.51,0.8819,186,3.56,0.8944,60,3.565,0.8957,61,0
IWM190920C154,2019-09-18,2019-09-18 09:39:15,3.62,0.9095,60,3.51,0.8819,301,3.56,0.8944,60,3.565,0.8957,61,0
IWM190920C154,2019-09-18,2019-09-18 09:39:15,3.62,0.9095,185,3.51,0.8819,186,3.56,0.8944,60,3.565,0.8957,61,0
IWM190920C154,2019-09-18,2019-09-18 09:39:16,3.62,0.9095,21,3.51,0.8819,233,3.56,0.8944,60,3.565,0.8957,61,0
IWM190920C154,2019-09-18,2019-09-18 09:39:16,3.64,0.9145,57,3.53,0.8869,156,3.56,0.8944,60,3.585,0.9007,61,0
IWM190920C154,2019-09-18,2019-09-18 09:39:17,3.64,0.9145,28,3.54,0.8894,96,3.56,0.8944,60,3.59,0.902,61,0
IWM190920C154,2019-09-18,2019-09-18 09:39:17,3.63,0.912,13,3.53,0.8869,270,3.56,0.8944,60,3.58,0.8994,61,0
IWM190920C154,2019-09-18,2019-09-18 09:39:18,3.65,0.917,52,3.54,0.8894,320,3.56,0.8944,60,3.595,0.9032,61,0
IWM190920C154,2019-09-18,2019-09-18 09:39:18,3.64,0.9145,28,3.54,0.8894,253,3.56,0.8944,60,3.59,0.902,61,0
IWM190920C154,2019-09-18,2019-09-18 09:39:19,3.65,0.917,52,3.54,0.8894,320,3.56,0.8944,60,3.595,0.9032,61,0
IWM190920C154,2019-09-18,2019-09-18 09:39:20,3.65,0.917,79,3.55,0.8919,86,3.56,0.8944,60,3.6,0.9045,61,0
IWM190920C154,2019-09-18,2019-09-18 09:39:20,3.65,0.917,164,3.54,0.8894,261,3.56,0.8944,60,3.595,0.9032,61,0
IWM190920C154,2019-09-18,2019-09-18 09:39:21,3.65,0.917,37,3.55,0.8919,208,3.56,0.8944,60,3.6,0.9045,61,0
IWM190920C154,2019-09-18,2019-09-18 09:39:21,3.65,0.917,37,3.55,0.8919,234,3.56,0.8944,60,3.6,0.9045,61,0
IWM190920C154,2019-09-18,2019-09-18 09:39:22,3.65,0.917,37,3.55,0.8919,222,3.56,0.8944,60,3.6,0.9045,61,0
IWM190920C154,2019-09-18,2019-09-18 09:39:23,3.67,0.9221,45,3.57,0.8969,245,3.56,0.8944,60,3.62,0.9095,61,0
IWM190920C154,2019-09-18,2019-09-18 09:39:23,3.65,0.917,37,3.57,0.8969,213,3.56,0.8944,60,3.61,0.907,61,0
IWM190920C154,2019-09-18,2019-09-18 09:39:24,3.67,0.9221,51,3.57,0.8969,280,3.56,0.8944,60,3.62,0.9095,61,0
IWM190920C154,2019-09-18,2019-09-18 09:39:25,3.67,0.9221,20,3.58,0.8994,172,3.56,0.8944,60,3.625,0.9108,61,0
IWM190920C154,2019-09-18,2019-09-18 09:39:25,3.67,0.9221,20,3.58,0.8994,123,3.56,0.8944,60,3.625,0.9108,61,0
IWM190920C154,2019-09-18,2019-09-18 09:39:26,3.67,0.9221,20,3.58,0.8994,172,3.56,0.8944,60,3.625,0.9108,61,0
IWM190920C154,2019-09-18,2019-09-18 09:39:27,3.67,0.9221,20,3.58,0.8994,179,3.56,0.8944,60,3.625,0.9108,61,0
IWM190920C154,2019-09-18,2019-09-18 09:39:28,3.67,0.9221,20,3.58,0.8994,179,3.56,0.8944,60,3.625,0.9108,61,0
IWM190920C154,2019-09-18,2019-09-18 09:39:29,3.67,0.9221,20,3.58,0.8994,215,3.56,0.8944,60,3.625,0.9108,61,0
IWM190920C154,2019-09-18,2019-09-18 09:39:29,3.67,0.9221,20,3.58,0.8994,179,3.56,0.8944,60,3.625,0.9108,61,0
IWM190920C154,2019-09-18,2019-09-18 09:39:30,3.69,0.9271,62,3.59,0.902,193,3.56,0.8944,60,3.64,0.9145,61,0
IWM190920C154,2019-09-18,2019-09-18 09:39:30,3.69,0.9271,45,3.59,0.902,193,3.56,0.8944,60,3.64,0.9145,61,0
IWM190920C154,2019-09-18,2019-09-18 09:39:31,3.69,0.9271,29,3.6,0.9045,271,3.56,0.8944,60,3.645,0.9158,61,0
IWM190920C154,2019-09-18,2019-09-18 09:39:31,3.69,0.9271,45,3.59,0.902,214,3.56,0.8944,60,3.64,0.9145,61,0
IWM190920C154,2019-09-18,2019-09-18 09:39:32,3.69,0.9271,29,3.6,0.9045,242,3.56,0.8944,60,3.645,0.9158,61,0
IWM190920C154,2019-09-18,2019-09-18 09:39:32,3.71,0.9321,10,3.61,0.907,27,3.56,0.8944,60,3.66,0.9195,61,0
IWM190920C154,2019-09-18,2019-09-18 09:39:33,3.71,0.9321,71,3.61,0.907,290,3.56,0.8944,60,3.66,0.9195,61,0
IWM190920C154,2019-09-18,2019-09-18 09:39:33,3.72,0.9346,85,3.61,0.907,176,3.56,0.8944,60,3.665,0.9208,61,0
IWM190920C154,2019-09-18,2019-09-18 09:39:34,3.72,0.9346,25,3.61,0.907,281,3.56,0.8944,60,3.665,0.9208,61,0
IWM190920C154,2019-09-18,2019-09-18 09:39:34,3.71,0.9321,71,3.61,0.907,261,3.56,0.8944,60,3.66,0.9195,61,0
