symbol,Date,quote_time,ask_price,norm_ask_price,ask_size,bid_price,norm_bid_price,bid_size,last_trade_price,norm_last_trade_price,last_trade_size,mark_price,norm_mark_price,volume,Volume
SPY190724C298,2019-07-22,2019-07-22 09:41:19,0.92,1.0,130,0.9,0.9782,639,0.88,0.9565,1,0.91,0.9891,1451,1451
SPY190724C298,2019-07-22,2019-07-22 09:41:21,0.93,1.0108,10,0.91,0.9891,417,0.88,0.9565,1,0.92,1.0,1451,0
SPY190724C298,2019-07-22,2019-07-22 09:41:21,0.93,1.0108,117,0.91,0.9891,642,0.88,0.9565,1,0.92,1.0,1451,0
SPY190724C298,2019-07-22,2019-07-22 09:41:22,0.93,1.0108,112,0.91,0.9891,632,0.88,0.9565,1,0.92,1.0,1451,0
SPY190724C298,2019-07-22,2019-07-22 09:41:23,0.93,1.0108,50,0.92,1.0,125,0.88,0.9565,1,0.925,1.0054,1451,0
SPY190724C298,2019-07-22,2019-07-22 09:41:24,0.93,1.0108,50,0.92,1.0,125,0.88,0.9565,1,0.925,1.0054,1451,0
SPY190724C298,2019-07-22,2019-07-22 09:41:24,0.93,1.0108,50,0.92,1.0,125,0.93,1.0108,10,0.925,1.0054,1461,10
SPY190724C298,2019-07-22,2019-07-22 09:41:25,0.93,1.0108,62,0.92,1.0,165,0.93,1.0108,10,0.925,1.0054,1461,0
SPY190724C298,2019-07-22,2019-07-22 09:41:25,0.93,1.0108,62,0.92,1.0,85,0.93,1.0108,10,0.925,1.0054,1461,0
SPY190724C298,2019-07-22,2019-07-22 09:41:26,0.93,1.0108,75,0.92,1.0,73,0.93,1.0108,10,0.925,1.0054,1461,0
SPY190724C298,2019-07-22,2019-07-22 09:41:27,0.93,1.0108,73,0.92,1.0,91,0.93,1.0108,10,0.925,1.0054,1461,0
SPY190724C298,2019-07-22,2019-07-22 09:41:27,0.93,1.0108,114,0.92,1.0,40,0.93,1.0108,10,0.925,1.0054,1461,0
SPY190724C298,2019-07-22,2019-07-22 09:41:28,0.93,1.0108,73,0.92,1.0,83,0.93,1.0108,10,0.925,1.0054,1461,0
SPY190724C298,2019-07-22,2019-07-22 09:41:28,0.93,1.0108,147,0.92,1.0,84,0.93,1.0108,1,0.925,1.0054,1462,1
SPY190724C298,2019-07-22,2019-07-22 09:41:29,0.93,1.0108,147,0.92,1.0,84,0.93,1.0108,1,0.925,1.0054,1462,0
SPY190724C298,2019-07-22,2019-07-22 09:41:29,0.94,1.0217,575,0.92,1.0,82,0.93,1.0108,1,0.93,1.0108,1462,0
SPY190724C298,2019-07-22,2019-07-22 09:41:30,0.94,1.0217,813,0.92,1.0,140,0.93,1.0108,1,0.93,1.0108,1462,0
SPY190724C298,2019-07-22,2019-07-22 09:41:31,0.94,1.0217,218,0.92,1.0,140,0.92,1.0,5,0.93,1.0108,1467,5
SPY190724C298,2019-07-22,2019-07-22 09:41:31,0.95,1.0326,619,0.93,1.0108,93,0.92,1.0,5,0.94,1.0217,1467,0
SPY190724C298,2019-07-22,2019-07-22 09:41:32,0.95,1.0326,612,0.93,1.0108,107,0.92,1.0,5,0.94,1.0217,1467,0
SPY190724C298,2019-07-22,2019-07-22 09:41:32,0.95,1.0326,566,0.93,1.0108,93,0.92,1.0,5,0.94,1.0217,1467,0
SPY190724C298,2019-07-22,2019-07-22 09:41:33,0.94,1.0217,215,0.92,1.0,208,0.92,1.0,5,0.93,1.0108,1467,0
SPY190724C298,2019-07-22,2019-07-22 09:41:33,0.94,1.0217,119,0.93,1.0108,40,0.92,1.0,5,0.935,1.0163,1467,0
SPY190724C298,2019-07-22,2019-07-22 09:41:34,0.94,1.0217,477,0.92,1.0,317,0.92,1.0,5,0.93,1.0108,1467,0
SPY190724C298,2019-07-22,2019-07-22 09:41:34,0.94,1.0217,477,0.92,1.0,389,0.92,1.0,5,0.93,1.0108,1467,0
SPY190724C298,2019-07-22,2019-07-22 09:41:35,0.94,1.0217,9,0.93,1.0108,18,0.92,1.0,5,0.935,1.0163,1467,0
SPY190724C298,2019-07-22,2019-07-22 09:41:36,0.95,1.0326,585,0.93,1.0108,207,0.92,1.0,5,0.94,1.0217,1467,0
SPY190724C298,2019-07-22,2019-07-22 09:41:36,0.96,1.0434,228,0.93,1.0108,40,0.92,1.0,5,0.945,1.0271,1467,0
SPY190724C298,2019-07-22,2019-07-22 09:41:37,0.96,1.0434,585,0.94,1.0217,176,0.92,1.0,5,0.95,1.0326,1467,0
SPY190724C298,2019-07-22,2019-07-22 09:41:37,0.96,1.0434,471,0.94,1.0217,176,0.92,1.0,5,0.95,1.0326,1467,0
SPY190724C298,2019-07-22,2019-07-22 09:41:38,0.97,1.0543,122,0.95,1.0326,250,0.92,1.0,5,0.96,1.0434,1467,0
SPY190724C298,2019-07-22,2019-07-22 09:41:38,0.96,1.0434,585,0.94,1.0217,398,0.92,1.0,5,0.95,1.0326,1467,0
SPY190724C298,2019-07-22,2019-07-22 09:41:39,0.97,1.0543,532,0.95,1.0326,557,0.92,1.0,5,0.96,1.0434,1467,0
SPY190724C298,2019-07-22,2019-07-22 09:41:39,0.97,1.0543,122,0.95,1.0326,250,0.92,1.0,5,0.96,1.0434,1467,0
SPY190724C298,2019-07-22,2019-07-22 09:41:40,0.97,1.0543,532,0.95,1.0326,578,0.92,1.0,5,0.96,1.0434,1467,0
SPY190724C298,2019-07-22,2019-07-22 09:41:41,0.96,1.0434,416,0.95,1.0326,1,0.92,1.0,5,0.955,1.038,1467,0
SPY190724C298,2019-07-22,2019-07-22 09:41:41,0.97,1.0543,532,0.95,1.0326,578,0.92,1.0,5,0.96,1.0434,1467,0
SPY190724C298,2019-07-22,2019-07-22 09:41:42,0.96,1.0434,591,0.95,1.0326,36,0.92,1.0,5,0.955,1.038,1467,0
SPY190724C298,2019-07-22,2019-07-22 09:41:42,0.96,1.0434,529,0.95,1.0326,36,0.92,1.0,5,0.955,1.038,1467,0
SPY190724C298,2019-07-22,2019-07-22 09:41:43,0.97,1.0543,607,0.95,1.0326,119,0.92,1.0,5,0.96,1.0434,1467,0
SPY190724C298,2019-07-22,2019-07-22 09:41:43,0.97,1.0543,579,0.95,1.0326,1,0.92,1.0,5,0.96,1.0434,1467,0
SPY190724C298,2019-07-22,2019-07-22 09:41:44,0.97,1.0543,324,0.95,1.0326,543,0.92,1.0,5,0.96,1.0434,1467,0
SPY190724C298,2019-07-22,2019-07-22 09:41:44,0.97,1.0543,532,0.95,1.0326,119,0.92,1.0,5,0.96,1.0434,1467,0
SPY190724C298,2019-07-22,2019-07-22 09:41:45,0.97,1.0543,338,0.95,1.0326,543,0.92,1.0,5,0.96,1.0434,1467,0
SPY190724C298,2019-07-22,2019-07-22 09:41:46,0.97,1.0543,502,0.96,1.0434,10,0.92,1.0,5,0.965,1.0489,1467,0
SPY190724C298,2019-07-22,2019-07-22 09:41:46,0.97,1.0543,502,0.95,1.0326,491,0.92,1.0,5,0.96,1.0434,1467,0
SPY190724C298,2019-07-22,2019-07-22 09:41:47,0.97,1.0543,369,0.96,1.0434,10,0.92,1.0,5,0.965,1.0489,1467,0
SPY190724C298,2019-07-22,2019-07-22 09:41:47,0.97,1.0543,216,0.96,1.0434,10,0.92,1.0,5,0.965,1.0489,1467,0
SPY190724C298,2019-07-22,2019-07-22 09:41:48,0.97,1.0543,216,0.96,1.0434,10,0.92,1.0,5,0.965,1.0489,1467,0
SPY190724C298,2019-07-22,2019-07-22 09:41:48,0.97,1.0543,170,0.96,1.0434,10,0.92,1.0,5,0.965,1.0489,1467,0
SPY190724C298,2019-07-22,2019-07-22 09:41:49,0.97,1.0543,114,0.96,1.0434,10,0.92,1.0,5,0.965,1.0489,1467,0
SPY190724C298,2019-07-22,2019-07-22 09:41:49,0.97,1.0543,170,0.96,1.0434,10,0.92,1.0,5,0.965,1.0489,1467,0
SPY190724C298,2019-07-22,2019-07-22 09:41:50,0.97,1.0543,114,0.96,1.0434,10,0.92,1.0,5,0.965,1.0489,1467,0
SPY190724C298,2019-07-22,2019-07-22 09:41:51,0.97,1.0543,126,0.96,1.0434,10,0.92,1.0,5,0.965,1.0489,1467,0
SPY190724C298,2019-07-22,2019-07-22 09:41:52,0.97,1.0543,486,0.95,1.0326,338,0.96,1.0434,10,0.96,1.0434,1477,0
SPY190724C298,2019-07-22,2019-07-22 09:41:52,0.97,1.0543,533,0.96,1.0434,10,0.96,1.0434,10,0.965,1.0489,1477,10
SPY190724C298,2019-07-22,2019-07-22 09:41:53,0.97,1.0543,338,0.95,1.0326,428,0.96,1.0434,10,0.96,1.0434,1477,0
SPY190724C298,2019-07-22,2019-07-22 09:41:54,0.97,1.0543,467,0.95,1.0326,338,0.96,1.0434,10,0.96,1.0434,1477,0
SPY190724C298,2019-07-22,2019-07-22 09:41:54,0.96,1.0434,221,0.94,1.0217,205,0.96,1.0434,10,0.95,1.0326,1477,0
SPY190724C298,2019-07-22,2019-07-22 09:41:55,0.95,1.0326,425,0.93,1.0108,205,0.95,1.0326,2,0.94,1.0217,1479,2
SPY190724C298,2019-07-22,2019-07-22 09:41:55,0.95,1.0326,275,0.94,1.0217,204,0.95,1.0326,2,0.945,1.0271,1479,0
SPY190724C298,2019-07-22,2019-07-22 09:41:56,0.94,1.0217,176,0.93,1.0108,154,0.94,1.0217,1,0.935,1.0163,1489,4
SPY190724C298,2019-07-22,2019-07-22 09:41:56,0.95,1.0326,374,0.93,1.0108,154,0.93,1.0108,3,0.94,1.0217,1485,6
SPY190724C298,2019-07-22,2019-07-22 09:41:57,0.94,1.0217,217,0.92,1.0,136,0.93,1.0108,1,0.93,1.0108,1545,56
SPY190724C298,2019-07-22,2019-07-22 09:41:58,0.94,1.0217,543,0.92,1.0,136,0.93,1.0108,1,0.93,1.0108,1545,0
SPY190724C298,2019-07-22,2019-07-22 09:41:58,0.93,1.0108,50,0.92,1.0,136,0.93,1.0108,1,0.925,1.0054,1545,0
SPY190724C298,2019-07-22,2019-07-22 09:41:59,0.92,1.0,107,0.91,0.9891,22,0.93,1.0108,1,0.915,0.9945,1545,0
SPY190724C298,2019-07-22,2019-07-22 09:41:59,0.93,1.0108,489,0.91,0.9891,251,0.93,1.0108,1,0.92,1.0,1545,0
SPY190724C298,2019-07-22,2019-07-22 09:42:00,0.92,1.0,56,0.91,0.9891,42,0.93,1.0108,1,0.915,0.9945,1545,0
SPY190724C298,2019-07-22,2019-07-22 09:42:01,0.91,0.9891,73,0.9,0.9782,72,0.93,1.0108,1,0.905,0.9836,1545,0
SPY190724C298,2019-07-22,2019-07-22 09:42:01,0.92,1.0,70,0.9,0.9782,142,0.93,1.0108,1,0.91,0.9891,1545,0
SPY190724C298,2019-07-22,2019-07-22 09:42:02,0.91,0.9891,50,0.9,0.9782,72,0.93,1.0108,1,0.905,0.9836,1545,0
SPY190724C298,2019-07-22,2019-07-22 09:42:02,0.92,1.0,103,0.91,0.9891,60,0.93,1.0108,1,0.915,0.9945,1545,0
SPY190724C298,2019-07-22,2019-07-22 09:42:03,0.93,1.0108,505,0.91,0.9891,132,0.93,1.0108,1,0.92,1.0,1545,0
SPY190724C298,2019-07-22,2019-07-22 09:42:03,0.92,1.0,107,0.91,0.9891,42,0.93,1.0108,1,0.915,0.9945,1545,0
SPY190724C298,2019-07-22,2019-07-22 09:42:04,0.92,1.0,234,0.9,0.9782,158,0.93,1.0108,1,0.91,0.9891,1545,0
SPY190724C298,2019-07-22,2019-07-22 09:42:05,0.91,0.9891,63,0.89,0.9673,478,0.93,1.0108,1,0.9,0.9782,1545,0
SPY190724C298,2019-07-22,2019-07-22 09:42:05,0.91,0.9891,216,0.89,0.9673,656,0.93,1.0108,1,0.9,0.9782,1545,0
SPY190724C298,2019-07-22,2019-07-22 09:42:06,0.91,0.9891,74,0.9,0.9782,27,0.93,1.0108,1,0.905,0.9836,1545,0
SPY190724C298,2019-07-22,2019-07-22 09:42:06,0.91,0.9891,50,0.9,0.9782,84,0.93,1.0108,1,0.905,0.9836,1545,0
SPY190724C298,2019-07-22,2019-07-22 09:42:07,0.91,0.9891,50,0.9,0.9782,74,0.93,1.0108,1,0.905,0.9836,1545,0
SPY190724C298,2019-07-22,2019-07-22 09:42:07,0.92,1.0,379,0.9,0.9782,74,0.93,1.0108,1,0.91,0.9891,1545,0
SPY190724C298,2019-07-22,2019-07-22 09:42:08,0.92,1.0,462,0.91,0.9891,6,0.93,1.0108,1,0.915,0.9945,1545,0
SPY190724C298,2019-07-22,2019-07-22 09:42:08,0.92,1.0,119,0.91,0.9891,6,0.93,1.0108,1,0.915,0.9945,1545,0
SPY190724C298,2019-07-22,2019-07-22 09:42:09,0.92,1.0,129,0.9,0.9782,688,0.93,1.0108,1,0.91,0.9891,1545,0
SPY190724C298,2019-07-22,2019-07-22 09:42:10,0.92,1.0,139,0.9,0.9782,636,0.93,1.0108,1,0.91,0.9891,1545,0
SPY190724C298,2019-07-22,2019-07-22 09:42:10,0.92,1.0,129,0.9,0.9782,636,0.93,1.0108,1,0.91,0.9891,1545,0
SPY190724C298,2019-07-22,2019-07-22 09:42:11,0.92,1.0,295,0.9,0.9782,636,0.93,1.0108,1,0.91,0.9891,1545,0
SPY190724C298,2019-07-22,2019-07-22 09:42:11,0.92,1.0,126,0.9,0.9782,747,0.93,1.0108,1,0.91,0.9891,1545,0
SPY190724C298,2019-07-22,2019-07-22 09:42:12,0.92,1.0,68,0.9,0.9782,605,0.93,1.0108,1,0.91,0.9891,1545,0
SPY190724C298,2019-07-22,2019-07-22 09:42:12,0.93,1.0108,340,0.91,0.9891,423,0.93,1.0108,1,0.92,1.0,1545,0
SPY190724C298,2019-07-22,2019-07-22 09:42:13,0.94,1.0217,374,0.92,1.0,157,0.93,1.0108,1,0.93,1.0108,1545,0
SPY190724C298,2019-07-22,2019-07-22 09:42:13,0.93,1.0108,98,0.91,0.9891,717,0.93,1.0108,1,0.92,1.0,1545,0
SPY190724C298,2019-07-22,2019-07-22 09:42:14,0.93,1.0108,50,0.91,0.9891,265,0.93,1.0108,1,0.92,1.0,1545,0
SPY190724C298,2019-07-22,2019-07-22 09:42:15,0.93,1.0108,24,0.92,1.0,109,0.93,1.0108,1,0.925,1.0054,1545,0
SPY190724C298,2019-07-22,2019-07-22 09:42:15,0.94,1.0217,220,0.92,1.0,92,0.93,1.0108,1,0.93,1.0108,1545,0
SPY190724C298,2019-07-22,2019-07-22 09:42:16,0.93,1.0108,251,0.91,0.9891,198,0.93,1.0108,1,0.92,1.0,1545,0
SPY190724C298,2019-07-22,2019-07-22 09:42:16,0.93,1.0108,245,0.91,0.9891,478,0.93,1.0108,1,0.92,1.0,1545,0
SPY190724C298,2019-07-22,2019-07-22 09:42:17,0.93,1.0108,301,0.91,0.9891,572,0.93,1.0108,1,0.92,1.0,1545,0
SPY190724C298,2019-07-22,2019-07-22 09:42:17,0.93,1.0108,468,0.91,0.9891,478,0.93,1.0108,1,0.92,1.0,1545,0
SPY190724C298,2019-07-22,2019-07-22 09:42:18,0.93,1.0108,301,0.91,0.9891,861,0.93,1.0108,1,0.92,1.0,1545,0
SPY190724C298,2019-07-22,2019-07-22 09:42:19,0.93,1.0108,301,0.91,0.9891,642,0.93,1.0108,1,0.92,1.0,1545,0
SPY190724C298,2019-07-22,2019-07-22 09:42:19,0.93,1.0108,201,0.91,0.9891,911,0.93,1.0108,1,0.92,1.0,1545,0
SPY190724C298,2019-07-22,2019-07-22 09:42:20,0.93,1.0108,287,0.91,0.9891,985,0.93,1.0108,1,0.92,1.0,1545,0
SPY190724C298,2019-07-22,2019-07-22 09:42:20,0.93,1.0108,287,0.91,0.9891,1005,0.93,1.0108,1,0.92,1.0,1545,0
SPY190724C298,2019-07-22,2019-07-22 09:42:21,0.93,1.0108,450,0.91,0.9891,499,0.93,1.0108,1,0.92,1.0,1545,0
SPY190724C298,2019-07-22,2019-07-22 09:42:21,0.93,1.0108,556,0.91,0.9891,593,0.93,1.0108,1,0.92,1.0,1545,0
SPY190724C298,2019-07-22,2019-07-22 09:42:22,0.92,1.0,70,0.9,0.9782,911,0.93,1.0108,1,0.91,0.9891,1545,0
SPY190724C298,2019-07-22,2019-07-22 09:42:22,0.93,1.0108,388,0.91,0.9891,655,0.93,1.0108,1,0.92,1.0,1545,0
SPY190724C298,2019-07-22,2019-07-22 09:42:23,0.92,1.0,201,0.9,0.9782,994,0.93,1.0108,1,0.91,0.9891,1545,0
SPY190724C298,2019-07-22,2019-07-22 09:42:24,0.92,1.0,419,0.9,0.9782,994,0.93,1.0108,1,0.91,0.9891,1545,0
SPY190724C298,2019-07-22,2019-07-22 09:42:24,0.92,1.0,477,0.9,0.9782,974,0.93,1.0108,1,0.91,0.9891,1545,0
SPY190724C298,2019-07-22,2019-07-22 09:42:25,0.92,1.0,477,0.9,0.9782,974,0.93,1.0108,1,0.91,0.9891,1545,0
SPY190724C298,2019-07-22,2019-07-22 09:42:26,0.92,1.0,218,0.9,0.9782,1097,0.93,1.0108,1,0.91,0.9891,1545,0
SPY190724C298,2019-07-22,2019-07-22 09:42:26,0.92,1.0,218,0.9,0.9782,1286,0.93,1.0108,1,0.91,0.9891,1545,0
SPY190724C298,2019-07-22,2019-07-22 09:42:27,0.92,1.0,319,0.9,0.9782,982,0.93,1.0108,1,0.91,0.9891,1545,0
SPY190724C298,2019-07-22,2019-07-22 09:42:28,0.91,0.9891,196,0.89,0.9673,450,0.93,1.0108,1,0.9,0.9782,1545,0
SPY190724C298,2019-07-22,2019-07-22 09:42:28,0.92,1.0,396,0.9,0.9782,619,0.93,1.0108,1,0.91,0.9891,1545,0
SPY190724C298,2019-07-22,2019-07-22 09:42:29,0.91,0.9891,323,0.89,0.9673,653,0.93,1.0108,1,0.9,0.9782,1545,0
SPY190724C298,2019-07-22,2019-07-22 09:42:29,0.91,0.9891,324,0.89,0.9673,653,0.93,1.0108,1,0.9,0.9782,1545,0
SPY190724C298,2019-07-22,2019-07-22 09:42:30,0.91,0.9891,19,0.89,0.9673,695,0.93,1.0108,1,0.9,0.9782,1545,0
SPY190724C298,2019-07-22,2019-07-22 09:42:31,0.91,0.9891,59,0.89,0.9673,1166,0.93,1.0108,1,0.9,0.9782,1545,0
SPY190724C298,2019-07-22,2019-07-22 09:42:31,0.91,0.9891,59,0.9,0.9782,6,0.93,1.0108,1,0.905,0.9836,1545,0
SPY190724C298,2019-07-22,2019-07-22 09:42:32,0.91,0.9891,741,0.89,0.9673,754,0.93,1.0108,1,0.9,0.9782,1545,0
SPY190724C298,2019-07-22,2019-07-22 09:42:32,0.91,0.9891,556,0.89,0.9673,566,0.93,1.0108,1,0.9,0.9782,1545,0
SPY190724C298,2019-07-22,2019-07-22 09:42:33,0.91,0.9891,489,0.89,0.9673,398,0.93,1.0108,1,0.9,0.9782,1545,0
SPY190724C298,2019-07-22,2019-07-22 09:42:33,0.91,0.9891,604,0.89,0.9673,206,0.93,1.0108,1,0.9,0.9782,1545,0
SPY190724C298,2019-07-22,2019-07-22 09:42:34,0.91,0.9891,881,0.89,0.9673,358,0.93,1.0108,1,0.9,0.9782,1545,0
SPY190724C298,2019-07-22,2019-07-22 09:42:35,0.91,0.9891,881,0.89,0.9673,710,0.93,1.0108,1,0.9,0.9782,1545,0
SPY190724C298,2019-07-22,2019-07-22 09:42:35,0.91,0.9891,881,0.89,0.9673,482,0.93,1.0108,1,0.9,0.9782,1545,0
SPY190724C298,2019-07-22,2019-07-22 09:42:36,0.91,0.9891,881,0.89,0.9673,450,0.93,1.0108,1,0.9,0.9782,1545,0
SPY190724C298,2019-07-22,2019-07-22 09:42:37,0.92,1.0,457,0.9,0.9782,420,0.93,1.0108,1,0.91,0.9891,1545,0
SPY190724C298,2019-07-22,2019-07-22 09:42:37,0.91,0.9891,29,0.9,0.9782,178,0.93,1.0108,1,0.905,0.9836,1545,0
SPY190724C298,2019-07-22,2019-07-22 09:42:38,0.92,1.0,637,0.9,0.9782,363,0.93,1.0108,1,0.91,0.9891,1545,0
SPY190724C298,2019-07-22,2019-07-22 09:42:39,0.92,1.0,73,0.91,0.9891,71,0.93,1.0108,1,0.915,0.9945,1545,0
SPY190724C298,2019-07-22,2019-07-22 09:42:39,0.93,1.0108,272,0.91,0.9891,142,0.93,1.0108,1,0.92,1.0,1545,0
SPY190724C298,2019-07-22,2019-07-22 09:42:40,0.92,1.0,95,0.91,0.9891,110,0.93,1.0108,1,0.915,0.9945,1545,0
SPY190724C298,2019-07-22,2019-07-22 09:42:40,0.92,1.0,99,0.91,0.9891,3,0.93,1.0108,1,0.915,0.9945,1545,0
SPY190724C298,2019-07-22,2019-07-22 09:42:41,0.93,1.0108,695,0.91,0.9891,115,0.93,1.0108,1,0.92,1.0,1545,0
SPY190724C298,2019-07-22,2019-07-22 09:42:41,0.93,1.0108,456,0.91,0.9891,115,0.93,1.0108,1,0.92,1.0,1545,0
SPY190724C298,2019-07-22,2019-07-22 09:42:42,0.93,1.0108,504,0.92,1.0,13,0.93,1.0108,1,0.925,1.0054,1545,0
SPY190724C298,2019-07-22,2019-07-22 09:42:43,0.94,1.0217,291,0.92,1.0,167,0.93,1.0108,1,0.93,1.0108,1545,0
SPY190724C298,2019-07-22,2019-07-22 09:42:43,0.93,1.0108,135,0.92,1.0,157,0.93,1.0108,1,0.925,1.0054,1545,0
SPY190724C298,2019-07-22,2019-07-22 09:42:44,0.94,1.0217,24,0.92,1.0,455,0.93,1.0108,1,0.93,1.0108,1545,0
SPY190724C298,2019-07-22,2019-07-22 09:42:44,0.95,1.0326,352,0.92,1.0,455,0.93,1.0108,1,0.935,1.0163,1545,0
SPY190724C298,2019-07-22,2019-07-22 09:42:45,0.94,1.0217,188,0.93,1.0108,62,0.93,1.0108,1,0.935,1.0163,1545,0
SPY190724C298,2019-07-22,2019-07-22 09:42:45,0.95,1.0326,411,0.93,1.0108,92,0.93,1.0108,1,0.94,1.0217,1545,0
SPY190724C298,2019-07-22,2019-07-22 09:42:46,0.96,1.0434,350,0.94,1.0217,129,0.93,1.0108,1,0.95,1.0326,1545,0
SPY190724C298,2019-07-22,2019-07-22 09:42:46,0.95,1.0326,438,0.93,1.0108,154,0.93,1.0108,1,0.94,1.0217,1545,0
SPY190724C298,2019-07-22,2019-07-22 09:42:47,0.95,1.0326,94,0.93,1.0108,955,0.93,1.0108,1,0.94,1.0217,1545,0
SPY190724C298,2019-07-22,2019-07-22 09:42:47,0.96,1.0434,619,0.94,1.0217,95,0.93,1.0108,1,0.95,1.0326,1545,0
SPY190724C298,2019-07-22,2019-07-22 09:42:48,0.96,1.0434,656,0.94,1.0217,95,0.93,1.0108,1,0.95,1.0326,1545,0
SPY190724C298,2019-07-22,2019-07-22 09:42:49,0.95,1.0326,159,0.94,1.0217,122,0.93,1.0108,1,0.945,1.0271,1545,0
SPY190724C298,2019-07-22,2019-07-22 09:42:49,0.95,1.0326,159,0.94,1.0217,41,0.93,1.0108,1,0.945,1.0271,1545,0
SPY190724C298,2019-07-22,2019-07-22 09:42:50,0.96,1.0434,554,0.94,1.0217,109,0.93,1.0108,1,0.95,1.0326,1545,0
SPY190724C298,2019-07-22,2019-07-22 09:42:50,0.96,1.0434,510,0.94,1.0217,721,0.93,1.0108,1,0.95,1.0326,1545,0
SPY190724C298,2019-07-22,2019-07-22 09:42:51,0.96,1.0434,510,0.94,1.0217,1080,0.93,1.0108,1,0.95,1.0326,1545,0
SPY190724C298,2019-07-22,2019-07-22 09:42:51,0.96,1.0434,252,0.94,1.0217,281,0.93,1.0108,1,0.95,1.0326,1545,0
SPY190724C298,2019-07-22,2019-07-22 09:42:52,0.95,1.0326,389,0.94,1.0217,20,0.93,1.0108,1,0.945,1.0271,1545,0
SPY190724C298,2019-07-22,2019-07-22 09:42:53,0.95,1.0326,398,0.94,1.0217,20,0.93,1.0108,1,0.945,1.0271,1545,0
SPY190724C298,2019-07-22,2019-07-22 09:42:53,0.95,1.0326,614,0.94,1.0217,20,0.93,1.0108,1,0.945,1.0271,1545,0
SPY190724C298,2019-07-22,2019-07-22 09:42:54,0.95,1.0326,74,0.94,1.0217,190,0.95,1.0326,11,0.945,1.0271,1556,11
SPY190724C298,2019-07-22,2019-07-22 09:42:54,0.95,1.0326,74,0.94,1.0217,90,0.93,1.0108,1,0.945,1.0271,1545,0
SPY190724C298,2019-07-22,2019-07-22 09:42:55,0.96,1.0434,116,0.95,1.0326,130,0.95,1.0326,11,0.955,1.038,1556,0
SPY190724C298,2019-07-22,2019-07-22 09:42:55,0.96,1.0434,116,0.95,1.0326,83,0.95,1.0326,11,0.955,1.038,1556,0
SPY190724C298,2019-07-22,2019-07-22 09:42:56,0.96,1.0434,116,0.95,1.0326,83,0.95,1.0326,8,0.955,1.038,1564,8
SPY190724C298,2019-07-22,2019-07-22 09:42:56,0.96,1.0434,71,0.95,1.0326,86,0.95,1.0326,8,0.955,1.038,1564,0
SPY190724C298,2019-07-22,2019-07-22 09:42:57,0.96,1.0434,107,0.94,1.0217,310,0.95,1.0326,8,0.95,1.0326,1564,0
SPY190724C298,2019-07-22,2019-07-22 09:42:57,0.96,1.0434,112,0.95,1.0326,86,0.95,1.0326,8,0.955,1.038,1564,0
SPY190724C298,2019-07-22,2019-07-22 09:42:58,0.96,1.0434,218,0.95,1.0326,36,0.95,1.0326,8,0.955,1.038,1564,0
SPY190724C298,2019-07-22,2019-07-22 09:42:59,0.96,1.0434,218,0.95,1.0326,36,0.95,1.0326,8,0.955,1.038,1564,0
SPY190724C298,2019-07-22,2019-07-22 09:42:59,0.96,1.0434,324,0.94,1.0217,619,0.95,1.0326,8,0.95,1.0326,1564,0
SPY190724C298,2019-07-22,2019-07-22 09:43:00,0.96,1.0434,28,0.94,1.0217,155,0.95,1.0326,8,0.95,1.0326,1564,0
SPY190724C298,2019-07-22,2019-07-22 09:43:00,0.96,1.0434,218,0.94,1.0217,196,0.95,1.0326,8,0.95,1.0326,1564,0
SPY190724C298,2019-07-22,2019-07-22 09:43:01,0.96,1.0434,161,0.94,1.0217,598,0.95,1.0326,8,0.95,1.0326,1564,0
SPY190724C298,2019-07-22,2019-07-22 09:43:01,0.96,1.0434,180,0.94,1.0217,567,0.95,1.0326,8,0.95,1.0326,1564,0
SPY190724C298,2019-07-22,2019-07-22 09:43:02,0.96,1.0434,690,0.94,1.0217,225,0.95,1.0326,8,0.95,1.0326,1564,0
SPY190724C298,2019-07-22,2019-07-22 09:43:03,0.96,1.0434,690,0.94,1.0217,225,0.95,1.0326,8,0.95,1.0326,1564,0
SPY190724C298,2019-07-22,2019-07-22 09:43:03,0.95,1.0326,148,0.94,1.0217,35,0.95,1.0326,8,0.945,1.0271,1564,0
SPY190724C298,2019-07-22,2019-07-22 09:43:04,0.95,1.0326,143,0.94,1.0217,82,0.95,1.0326,8,0.945,1.0271,1564,0
SPY190724C298,2019-07-22,2019-07-22 09:43:04,0.95,1.0326,148,0.94,1.0217,85,0.95,1.0326,8,0.945,1.0271,1564,0
SPY190724C298,2019-07-22,2019-07-22 09:43:05,0.96,1.0434,471,0.94,1.0217,568,0.95,1.0326,8,0.95,1.0326,1564,0
SPY190724C298,2019-07-22,2019-07-22 09:43:05,0.96,1.0434,471,0.94,1.0217,951,0.95,1.0326,8,0.95,1.0326,1564,0
SPY190724C298,2019-07-22,2019-07-22 09:43:06,0.96,1.0434,471,0.95,1.0326,10,0.95,1.0326,8,0.955,1.038,1564,0
SPY190724C298,2019-07-22,2019-07-22 09:43:07,0.96,1.0434,186,0.95,1.0326,10,0.95,1.0326,8,0.955,1.038,1564,0
SPY190724C298,2019-07-22,2019-07-22 09:43:08,0.96,1.0434,186,0.95,1.0326,10,0.95,1.0326,8,0.955,1.038,1564,0
SPY190724C298,2019-07-22,2019-07-22 09:43:09,0.96,1.0434,186,0.95,1.0326,10,0.95,1.0326,8,0.955,1.038,1564,0
SPY190724C298,2019-07-22,2019-07-22 09:43:10,0.96,1.0434,186,0.95,1.0326,10,0.95,1.0326,8,0.955,1.038,1564,0
SPY190724C298,2019-07-22,2019-07-22 09:43:10,0.96,1.0434,186,0.95,1.0326,20,0.95,1.0326,8,0.955,1.038,1564,0
SPY190724C298,2019-07-22,2019-07-22 09:43:11,0.96,1.0434,27,0.95,1.0326,11,0.95,1.0326,8,0.955,1.038,1564,0
SPY190724C298,2019-07-22,2019-07-22 09:43:12,0.96,1.0434,1019,0.95,1.0326,11,0.96,1.0434,1,0.955,1.038,1565,1
SPY190724C298,2019-07-22,2019-07-22 09:43:12,0.95,1.0326,190,0.93,1.0108,569,0.95,1.0326,10,0.94,1.0217,1575,10
SPY190724C298,2019-07-22,2019-07-22 09:43:13,0.95,1.0326,190,0.93,1.0108,674,0.95,1.0326,10,0.94,1.0217,1575,0
SPY190724C298,2019-07-22,2019-07-22 09:43:13,0.96,1.0434,353,0.95,1.0326,7,0.97,1.0543,1,0.955,1.038,1576,1
SPY190724C298,2019-07-22,2019-07-22 09:43:14,0.95,1.0326,77,0.94,1.0217,162,0.96,1.0434,1,0.945,1.0271,1577,1
SPY190724C298,2019-07-22,2019-07-22 09:43:15,0.96,1.0434,390,0.94,1.0217,111,0.96,1.0434,1,0.95,1.0326,1577,0
SPY190724C298,2019-07-22,2019-07-22 09:43:15,0.96,1.0434,326,0.94,1.0217,162,0.96,1.0434,1,0.95,1.0326,1577,0
SPY190724C298,2019-07-22,2019-07-22 09:43:16,0.96,1.0434,473,0.94,1.0217,328,0.96,1.0434,1,0.95,1.0326,1577,0
SPY190724C298,2019-07-22,2019-07-22 09:43:16,0.96,1.0434,564,0.94,1.0217,245,0.96,1.0434,1,0.95,1.0326,1577,0
SPY190724C298,2019-07-22,2019-07-22 09:43:17,0.96,1.0434,604,0.94,1.0217,328,0.96,1.0434,1,0.95,1.0326,1577,0
SPY190724C298,2019-07-22,2019-07-22 09:43:17,0.95,1.0326,68,0.93,1.0108,412,0.96,1.0434,1,0.94,1.0217,1577,0
SPY190724C298,2019-07-22,2019-07-22 09:43:18,0.95,1.0326,354,0.94,1.0217,7,0.96,1.0434,1,0.945,1.0271,1577,0
SPY190724C298,2019-07-22,2019-07-22 09:43:18,0.95,1.0326,172,0.93,1.0108,618,0.96,1.0434,1,0.94,1.0217,1577,0
SPY190724C298,2019-07-22,2019-07-22 09:43:19,0.95,1.0326,218,0.93,1.0108,618,0.96,1.0434,1,0.94,1.0217,1577,0
SPY190724C298,2019-07-22,2019-07-22 09:43:20,0.95,1.0326,534,0.93,1.0108,584,0.96,1.0434,1,0.94,1.0217,1577,0
SPY190724C298,2019-07-22,2019-07-22 09:43:20,0.95,1.0326,484,0.93,1.0108,584,0.96,1.0434,1,0.94,1.0217,1577,0
SPY190724C298,2019-07-22,2019-07-22 09:43:21,0.95,1.0326,534,0.93,1.0108,584,0.96,1.0434,1,0.94,1.0217,1577,0
SPY190724C298,2019-07-22,2019-07-22 09:43:22,0.94,1.0217,190,0.93,1.0108,36,0.96,1.0434,1,0.935,1.0163,1577,0
SPY190724C298,2019-07-22,2019-07-22 09:43:22,0.95,1.0326,534,0.93,1.0108,584,0.96,1.0434,1,0.94,1.0217,1577,0
SPY190724C298,2019-07-22,2019-07-22 09:43:23,0.94,1.0217,219,0.92,1.0,566,0.96,1.0434,1,0.93,1.0108,1577,0
SPY190724C298,2019-07-22,2019-07-22 09:43:23,0.94,1.0217,219,0.92,1.0,514,0.96,1.0434,1,0.93,1.0108,1577,0
SPY190724C298,2019-07-22,2019-07-22 09:43:24,0.94,1.0217,190,0.93,1.0108,7,0.96,1.0434,1,0.935,1.0163,1577,0
SPY190724C298,2019-07-22,2019-07-22 09:43:24,0.94,1.0217,92,0.93,1.0108,107,0.94,1.0217,1,0.935,1.0163,1577,0
SPY190724C298,2019-07-22,2019-07-22 09:43:25,0.94,1.0217,92,0.93,1.0108,84,0.94,1.0217,1,0.935,1.0163,1578,1
SPY190724C298,2019-07-22,2019-07-22 09:43:26,0.94,1.0217,92,0.93,1.0108,43,0.94,1.0217,1,0.935,1.0163,1578,0
SPY190724C298,2019-07-22,2019-07-22 09:43:26,0.95,1.0326,508,0.94,1.0217,42,0.94,1.0217,1,0.945,1.0271,1578,0
SPY190724C298,2019-07-22,2019-07-22 09:43:27,0.95,1.0326,65,0.94,1.0217,43,0.94,1.0217,1,0.945,1.0271,1578,0
SPY190724C298,2019-07-22,2019-07-22 09:43:27,0.95,1.0326,111,0.94,1.0217,42,0.94,1.0217,1,0.945,1.0271,1578,0
SPY190724C298,2019-07-22,2019-07-22 09:43:28,0.94,1.0217,21,0.93,1.0108,117,0.94,1.0217,1,0.935,1.0163,1578,0
SPY190724C298,2019-07-22,2019-07-22 09:43:28,0.95,1.0326,65,0.94,1.0217,43,0.94,1.0217,1,0.945,1.0271,1578,0
SPY190724C298,2019-07-22,2019-07-22 09:43:29,0.95,1.0326,605,0.93,1.0108,172,0.94,1.0217,1,0.94,1.0217,1578,0
SPY190724C298,2019-07-22,2019-07-22 09:43:30,0.94,1.0217,133,0.93,1.0108,26,0.94,1.0217,1,0.935,1.0163,1578,0
SPY190724C298,2019-07-22,2019-07-22 09:43:31,0.94,1.0217,71,0.93,1.0108,26,0.94,1.0217,1,0.935,1.0163,1578,0
SPY190724C298,2019-07-22,2019-07-22 09:43:32,0.95,1.0326,621,0.93,1.0108,307,0.94,1.0217,1,0.94,1.0217,1578,0
SPY190724C298,2019-07-22,2019-07-22 09:43:32,0.94,1.0217,21,0.93,1.0108,95,0.94,1.0217,1,0.935,1.0163,1578,0
SPY190724C298,2019-07-22,2019-07-22 09:43:33,0.94,1.0217,102,0.93,1.0108,113,0.94,1.0217,1,0.935,1.0163,1578,0
SPY190724C298,2019-07-22,2019-07-22 09:43:33,0.95,1.0326,640,0.93,1.0108,307,0.94,1.0217,1,0.94,1.0217,1578,0
SPY190724C298,2019-07-22,2019-07-22 09:43:34,0.94,1.0217,21,0.93,1.0108,157,0.94,1.0217,1,0.935,1.0163,1578,0
SPY190724C298,2019-07-22,2019-07-22 09:43:35,0.94,1.0217,21,0.93,1.0108,177,0.94,1.0217,1,0.935,1.0163,1578,0
SPY190724C298,2019-07-22,2019-07-22 09:43:35,0.94,1.0217,21,0.93,1.0108,150,0.94,1.0217,1,0.935,1.0163,1578,0
SPY190724C298,2019-07-22,2019-07-22 09:43:36,0.95,1.0326,522,0.93,1.0108,150,0.94,1.0217,1,0.94,1.0217,1578,0
SPY190724C298,2019-07-22,2019-07-22 09:43:36,0.95,1.0326,471,0.93,1.0108,222,0.94,1.0217,1,0.94,1.0217,1578,0
SPY190724C298,2019-07-22,2019-07-22 09:43:37,0.95,1.0326,471,0.93,1.0108,244,0.94,1.0217,1,0.94,1.0217,1578,0
SPY190724C298,2019-07-22,2019-07-22 09:43:37,0.95,1.0326,363,0.94,1.0217,36,0.94,1.0217,1,0.945,1.0271,1578,0
SPY190724C298,2019-07-22,2019-07-22 09:43:38,0.95,1.0326,457,0.94,1.0217,36,0.94,1.0217,1,0.945,1.0271,1578,0
SPY190724C298,2019-07-22,2019-07-22 09:43:39,0.95,1.0326,457,0.94,1.0217,36,0.94,1.0217,1,0.945,1.0271,1578,0
SPY190724C298,2019-07-22,2019-07-22 09:43:40,0.95,1.0326,398,0.94,1.0217,7,0.94,1.0217,1,0.945,1.0271,1578,0
SPY190724C298,2019-07-22,2019-07-22 09:43:40,0.95,1.0326,398,0.93,1.0108,675,0.94,1.0217,1,0.94,1.0217,1578,0
SPY190724C298,2019-07-22,2019-07-22 09:43:41,0.95,1.0326,398,0.93,1.0108,675,0.94,1.0217,1,0.94,1.0217,1578,0
SPY190724C298,2019-07-22,2019-07-22 09:43:41,0.95,1.0326,469,0.94,1.0217,7,0.95,1.0326,1,0.945,1.0271,1580,2
SPY190724C298,2019-07-22,2019-07-22 09:43:42,0.95,1.0326,903,0.93,1.0108,966,0.95,1.0326,1,0.94,1.0217,1580,0
SPY190724C298,2019-07-22,2019-07-22 09:43:42,0.95,1.0326,619,0.93,1.0108,966,0.95,1.0326,1,0.94,1.0217,1580,0
SPY190724C298,2019-07-22,2019-07-22 09:43:43,0.95,1.0326,771,0.93,1.0108,42,0.95,1.0326,1,0.94,1.0217,1580,0
SPY190724C298,2019-07-22,2019-07-22 09:43:43,0.95,1.0326,771,0.93,1.0108,93,0.95,1.0326,1,0.94,1.0217,1580,0
SPY190724C298,2019-07-22,2019-07-22 09:43:44,0.95,1.0326,771,0.92,1.0,642,0.95,1.0326,1,0.935,1.0163,1580,0
SPY190724C298,2019-07-22,2019-07-22 09:43:45,0.94,1.0217,121,0.93,1.0108,71,0.95,1.0326,1,0.935,1.0163,1580,0
SPY190724C298,2019-07-22,2019-07-22 09:43:45,0.95,1.0326,771,0.92,1.0,822,0.95,1.0326,1,0.935,1.0163,1580,0
SPY190724C298,2019-07-22,2019-07-22 09:43:46,0.94,1.0217,21,0.93,1.0108,42,0.95,1.0326,1,0.935,1.0163,1580,0
SPY190724C298,2019-07-22,2019-07-22 09:43:46,0.95,1.0326,181,0.93,1.0108,501,0.95,1.0326,1,0.94,1.0217,1580,0
SPY190724C298,2019-07-22,2019-07-22 09:43:47,0.94,1.0217,139,0.93,1.0108,42,0.95,1.0326,1,0.935,1.0163,1580,0
SPY190724C298,2019-07-22,2019-07-22 09:43:47,0.94,1.0217,145,0.93,1.0108,36,0.95,1.0326,1,0.935,1.0163,1580,0
SPY190724C298,2019-07-22,2019-07-22 09:43:48,0.95,1.0326,526,0.93,1.0108,73,0.95,1.0326,1,0.94,1.0217,1580,0
SPY190724C298,2019-07-22,2019-07-22 09:43:49,0.94,1.0217,76,0.92,1.0,816,0.95,1.0326,1,0.93,1.0108,1580,0
SPY190724C298,2019-07-22,2019-07-22 09:43:49,0.94,1.0217,76,0.92,1.0,873,0.95,1.0326,1,0.93,1.0108,1580,0
SPY190724C298,2019-07-22,2019-07-22 09:43:50,0.94,1.0217,376,0.92,1.0,908,0.95,1.0326,1,0.93,1.0108,1580,0
SPY190724C298,2019-07-22,2019-07-22 09:43:51,0.94,1.0217,119,0.92,1.0,1104,0.95,1.0326,1,0.93,1.0108,1580,0
SPY190724C298,2019-07-22,2019-07-22 09:43:51,0.94,1.0217,533,0.92,1.0,908,0.95,1.0326,1,0.93,1.0108,1580,0
SPY190724C298,2019-07-22,2019-07-22 09:43:52,0.94,1.0217,122,0.93,1.0108,36,0.95,1.0326,1,0.935,1.0163,1580,0
SPY190724C298,2019-07-22,2019-07-22 09:43:53,0.94,1.0217,122,0.93,1.0108,7,0.95,1.0326,1,0.935,1.0163,1580,0
SPY190724C298,2019-07-22,2019-07-22 09:43:53,0.94,1.0217,424,0.92,1.0,742,0.95,1.0326,1,0.93,1.0108,1580,0
SPY190724C298,2019-07-22,2019-07-22 09:43:54,0.93,1.0108,5,0.92,1.0,62,0.95,1.0326,1,0.925,1.0054,1580,0
SPY190724C298,2019-07-22,2019-07-22 09:43:55,0.93,1.0108,50,0.91,0.9891,281,0.95,1.0326,1,0.92,1.0,1580,0
SPY190724C298,2019-07-22,2019-07-22 09:43:55,0.93,1.0108,190,0.91,0.9891,578,0.95,1.0326,1,0.92,1.0,1580,0
SPY190724C298,2019-07-22,2019-07-22 09:43:56,0.93,1.0108,608,0.91,0.9891,245,0.95,1.0326,1,0.92,1.0,1580,0
SPY190724C298,2019-07-22,2019-07-22 09:43:56,0.93,1.0108,608,0.91,0.9891,578,0.95,1.0326,1,0.92,1.0,1580,0
SPY190724C298,2019-07-22,2019-07-22 09:43:57,0.93,1.0108,514,0.91,0.9891,245,0.95,1.0326,1,0.92,1.0,1580,0
SPY190724C298,2019-07-22,2019-07-22 09:43:57,0.93,1.0108,562,0.91,0.9891,245,0.95,1.0326,1,0.92,1.0,1580,0
SPY190724C298,2019-07-22,2019-07-22 09:43:58,0.93,1.0108,602,0.91,0.9891,365,0.95,1.0326,1,0.92,1.0,1580,0
SPY190724C298,2019-07-22,2019-07-22 09:43:58,0.93,1.0108,562,0.91,0.9891,245,0.95,1.0326,1,0.92,1.0,1580,0
SPY190724C298,2019-07-22,2019-07-22 09:43:59,0.93,1.0108,562,0.91,0.9891,245,0.95,1.0326,1,0.92,1.0,1580,0
SPY190724C298,2019-07-22,2019-07-22 09:44:00,0.93,1.0108,562,0.91,0.9891,255,0.95,1.0326,1,0.92,1.0,1580,0
SPY190724C298,2019-07-22,2019-07-22 09:44:01,0.93,1.0108,540,0.91,0.9891,198,0.95,1.0326,1,0.92,1.0,1580,0
SPY190724C298,2019-07-22,2019-07-22 09:44:01,0.93,1.0108,540,0.91,0.9891,983,0.95,1.0326,1,0.92,1.0,1580,0
SPY190724C298,2019-07-22,2019-07-22 09:44:02,0.92,1.0,146,0.9,0.9782,358,0.95,1.0326,1,0.91,0.9891,1580,0
SPY190724C298,2019-07-22,2019-07-22 09:44:03,0.94,1.0217,60,0.91,0.9891,207,0.95,1.0326,1,0.925,1.0054,1580,0
SPY190724C298,2019-07-22,2019-07-22 09:44:03,0.93,1.0108,64,0.92,1.0,125,0.95,1.0326,1,0.925,1.0054,1580,0
SPY190724C298,2019-07-22,2019-07-22 09:44:04,0.93,1.0108,165,0.92,1.0,36,0.95,1.0326,1,0.925,1.0054,1580,0
SPY190724C298,2019-07-22,2019-07-22 09:44:05,0.93,1.0108,50,0.92,1.0,136,0.95,1.0326,1,0.925,1.0054,1580,0
SPY190724C298,2019-07-22,2019-07-22 09:44:05,0.94,1.0217,366,0.92,1.0,281,0.92,1.0,1,0.93,1.0108,1581,1
SPY190724C298,2019-07-22,2019-07-22 09:44:06,0.94,1.0217,519,0.92,1.0,188,0.92,1.0,1,0.93,1.0108,1581,0
SPY190724C298,2019-07-22,2019-07-22 09:44:06,0.93,1.0108,124,0.92,1.0,36,0.92,1.0,1,0.925,1.0054,1581,0
SPY190724C298,2019-07-22,2019-07-22 09:44:07,0.93,1.0108,135,0.92,1.0,7,0.92,1.0,1,0.925,1.0054,1581,0
SPY190724C298,2019-07-22,2019-07-22 09:44:07,0.93,1.0108,124,0.92,1.0,36,0.92,1.0,1,0.925,1.0054,1581,0
SPY190724C298,2019-07-22,2019-07-22 09:44:08,0.93,1.0108,470,0.92,1.0,7,0.92,1.0,1,0.925,1.0054,1581,0
SPY190724C298,2019-07-22,2019-07-22 09:44:08,0.93,1.0108,530,0.92,1.0,7,0.92,1.0,1,0.925,1.0054,1581,0
SPY190724C298,2019-07-22,2019-07-22 09:44:09,0.92,1.0,24,0.91,0.9891,248,0.92,1.0,1,0.915,0.9945,1581,0
SPY190724C298,2019-07-22,2019-07-22 09:44:10,0.92,1.0,293,0.91,0.9891,24,0.91,0.9891,1,0.915,0.9945,1582,1
SPY190724C298,2019-07-22,2019-07-22 09:44:10,0.92,1.0,484,0.9,0.9782,248,0.91,0.9891,1,0.91,0.9891,1582,0
SPY190724C298,2019-07-22,2019-07-22 09:44:11,0.92,1.0,816,0.9,0.9782,248,0.91,0.9891,1,0.91,0.9891,1582,0
SPY190724C298,2019-07-22,2019-07-22 09:44:11,0.91,0.9891,70,0.9,0.9782,198,0.91,0.9891,1,0.905,0.9836,1582,0
SPY190724C298,2019-07-22,2019-07-22 09:44:12,0.91,0.9891,70,0.9,0.9782,229,0.91,0.9891,1,0.905,0.9836,1582,0
SPY190724C298,2019-07-22,2019-07-22 09:44:12,0.91,0.9891,70,0.9,0.9782,198,0.91,0.9891,1,0.905,0.9836,1582,0
SPY190724C298,2019-07-22,2019-07-22 09:44:13,0.91,0.9891,70,0.9,0.9782,229,0.91,0.9891,1,0.905,0.9836,1582,0
SPY190724C298,2019-07-22,2019-07-22 09:44:13,0.92,1.0,544,0.9,0.9782,296,0.91,0.9891,1,0.91,0.9891,1582,0
SPY190724C298,2019-07-22,2019-07-22 09:44:14,0.92,1.0,549,0.9,0.9782,372,0.91,0.9891,1,0.91,0.9891,1582,0
SPY190724C298,2019-07-22,2019-07-22 09:44:14,0.92,1.0,549,0.9,0.9782,258,0.91,0.9891,1,0.91,0.9891,1582,0
SPY190724C298,2019-07-22,2019-07-22 09:44:15,0.92,1.0,549,0.91,0.9891,1,0.92,1.0,1,0.915,0.9945,1584,2
SPY190724C298,2019-07-22,2019-07-22 09:44:16,0.92,1.0,549,0.91,0.9891,1,0.92,1.0,1,0.915,0.9945,1584,0
SPY190724C298,2019-07-22,2019-07-22 09:44:16,0.92,1.0,591,0.91,0.9891,1,0.92,1.0,1,0.915,0.9945,1584,0
SPY190724C298,2019-07-22,2019-07-22 09:44:17,0.92,1.0,546,0.91,0.9891,7,0.92,1.0,1,0.915,0.9945,1584,0
SPY190724C298,2019-07-22,2019-07-22 09:44:17,0.92,1.0,419,0.91,0.9891,7,0.92,1.0,1,0.915,0.9945,1584,0
SPY190724C298,2019-07-22,2019-07-22 09:44:18,0.92,1.0,607,0.91,0.9891,7,0.92,1.0,1,0.915,0.9945,1584,0
SPY190724C298,2019-07-22,2019-07-22 09:44:19,0.92,1.0,364,0.91,0.9891,6,0.92,1.0,1,0.915,0.9945,1584,0
SPY190724C298,2019-07-22,2019-07-22 09:44:19,0.92,1.0,597,0.91,0.9891,6,0.92,1.0,1,0.915,0.9945,1584,0
SPY190724C298,2019-07-22,2019-07-22 09:44:20,0.92,1.0,597,0.91,0.9891,6,0.92,1.0,1,0.915,0.9945,1584,0
SPY190724C298,2019-07-22,2019-07-22 09:44:21,0.91,0.9891,98,0.9,0.9782,113,0.91,0.9891,1,0.905,0.9836,1585,1
SPY190724C298,2019-07-22,2019-07-22 09:44:21,0.92,1.0,844,0.91,0.9891,6,0.92,1.0,1,0.915,0.9945,1584,0
SPY190724C298,2019-07-22,2019-07-22 09:44:22,0.91,0.9891,124,0.9,0.9782,10,0.91,0.9891,1,0.905,0.9836,1585,0
SPY190724C298,2019-07-22,2019-07-22 09:44:22,0.91,0.9891,124,0.9,0.9782,113,0.91,0.9891,1,0.905,0.9836,1585,0
SPY190724C298,2019-07-22,2019-07-22 09:44:23,0.91,0.9891,124,0.9,0.9782,10,0.91,0.9891,1,0.905,0.9836,1585,0
SPY190724C298,2019-07-22,2019-07-22 09:44:24,0.91,0.9891,182,0.9,0.9782,10,0.91,0.9891,1,0.905,0.9836,1585,0
SPY190724C298,2019-07-22,2019-07-22 09:44:25,0.91,0.9891,62,0.9,0.9782,184,0.91,0.9891,1,0.905,0.9836,1585,0
SPY190724C298,2019-07-22,2019-07-22 09:44:26,0.92,1.0,29,0.9,0.9782,447,0.91,0.9891,1,0.91,0.9891,1585,0
SPY190724C298,2019-07-22,2019-07-22 09:44:27,0.92,1.0,146,0.9,0.9782,192,0.91,0.9891,1,0.91,0.9891,1585,0
SPY190724C298,2019-07-22,2019-07-22 09:44:27,0.92,1.0,146,0.91,0.9891,58,0.91,0.9891,1,0.915,0.9945,1585,0
SPY190724C298,2019-07-22,2019-07-22 09:44:28,0.92,1.0,122,0.91,0.9891,120,0.91,0.9891,1,0.915,0.9945,1585,0
SPY190724C298,2019-07-22,2019-07-22 09:44:28,0.93,1.0108,176,0.91,0.9891,198,0.91,0.9891,1,0.92,1.0,1585,0
SPY190724C298,2019-07-22,2019-07-22 09:44:29,0.93,1.0108,434,0.91,0.9891,248,0.91,0.9891,1,0.92,1.0,1585,0
SPY190724C298,2019-07-22,2019-07-22 09:44:30,0.93,1.0108,185,0.91,0.9891,212,0.91,0.9891,1,0.92,1.0,1585,0
SPY190724C298,2019-07-22,2019-07-22 09:44:31,0.93,1.0108,640,0.91,0.9891,212,0.91,0.9891,1,0.92,1.0,1585,0
SPY190724C298,2019-07-22,2019-07-22 09:44:31,0.93,1.0108,443,0.91,0.9891,212,0.91,0.9891,1,0.92,1.0,1585,0
SPY190724C298,2019-07-22,2019-07-22 09:44:32,0.93,1.0108,640,0.91,0.9891,212,0.91,0.9891,1,0.92,1.0,1585,0
SPY190724C298,2019-07-22,2019-07-22 09:44:32,0.93,1.0108,863,0.91,0.9891,212,0.91,0.9891,1,0.92,1.0,1585,0
SPY190724C298,2019-07-22,2019-07-22 09:44:33,0.93,1.0108,863,0.91,0.9891,212,0.91,0.9891,1,0.92,1.0,1585,0
SPY190724C298,2019-07-22,2019-07-22 09:44:33,0.93,1.0108,556,0.91,0.9891,230,0.91,0.9891,1,0.92,1.0,1585,0
SPY190724C298,2019-07-22,2019-07-22 09:44:34,0.93,1.0108,591,0.91,0.9891,230,0.91,0.9891,1,0.92,1.0,1585,0
SPY190724C298,2019-07-22,2019-07-22 09:44:34,0.93,1.0108,556,0.91,0.9891,230,0.91,0.9891,1,0.92,1.0,1585,0
SPY190724C298,2019-07-22,2019-07-22 09:44:35,0.93,1.0108,591,0.91,0.9891,301,0.91,0.9891,1,0.92,1.0,1585,0
SPY190724C298,2019-07-22,2019-07-22 09:44:36,0.93,1.0108,412,0.91,0.9891,240,0.91,0.9891,1,0.92,1.0,1585,0
SPY190724C298,2019-07-22,2019-07-22 09:44:37,0.93,1.0108,535,0.91,0.9891,180,0.91,0.9891,1,0.92,1.0,1585,0
SPY190724C298,2019-07-22,2019-07-22 09:44:37,0.92,1.0,70,0.91,0.9891,180,0.91,0.9891,1,0.915,0.9945,1585,0
SPY190724C298,2019-07-22,2019-07-22 09:44:38,0.92,1.0,70,0.91,0.9891,180,0.91,0.9891,1,0.915,0.9945,1585,0
SPY190724C298,2019-07-22,2019-07-22 09:44:39,0.92,1.0,292,0.9,0.9782,198,0.91,0.9891,1,0.91,0.9891,1585,0
SPY190724C298,2019-07-22,2019-07-22 09:44:39,0.92,1.0,70,0.91,0.9891,166,0.91,0.9891,1,0.915,0.9945,1585,0
SPY190724C298,2019-07-22,2019-07-22 09:44:40,0.92,1.0,149,0.91,0.9891,166,0.92,1.0,5,0.915,0.9945,1590,5
SPY190724C298,2019-07-22,2019-07-22 09:44:41,0.92,1.0,151,0.9,0.9782,461,0.92,1.0,5,0.91,0.9891,1590,0
SPY190724C298,2019-07-22,2019-07-22 09:44:41,0.92,1.0,258,0.9,0.9782,492,0.92,1.0,5,0.91,0.9891,1590,0
SPY190724C298,2019-07-22,2019-07-22 09:44:42,0.92,1.0,151,0.9,0.9782,215,0.92,1.0,5,0.91,0.9891,1590,0
SPY190724C298,2019-07-22,2019-07-22 09:44:42,0.92,1.0,444,0.9,0.9782,291,0.92,1.0,5,0.91,0.9891,1590,0
SPY190724C298,2019-07-22,2019-07-22 09:44:43,0.92,1.0,356,0.9,0.9782,579,0.92,1.0,5,0.91,0.9891,1590,0
SPY190724C298,2019-07-22,2019-07-22 09:44:43,0.92,1.0,365,0.9,0.9782,354,0.92,1.0,5,0.91,0.9891,1590,0
SPY190724C298,2019-07-22,2019-07-22 09:44:44,0.92,1.0,528,0.9,0.9782,416,0.92,1.0,5,0.91,0.9891,1590,0
SPY190724C298,2019-07-22,2019-07-22 09:44:45,0.92,1.0,438,0.9,0.9782,290,0.92,1.0,5,0.91,0.9891,1590,0
SPY190724C298,2019-07-22,2019-07-22 09:44:45,0.92,1.0,382,0.9,0.9782,258,0.92,1.0,5,0.91,0.9891,1590,0
SPY190724C298,2019-07-22,2019-07-22 09:44:46,0.92,1.0,74,0.91,0.9891,139,0.92,1.0,5,0.915,0.9945,1590,0
SPY190724C298,2019-07-22,2019-07-22 09:44:46,0.92,1.0,613,0.9,0.9782,337,0.92,1.0,5,0.91,0.9891,1590,0
SPY190724C298,2019-07-22,2019-07-22 09:44:47,0.92,1.0,74,0.91,0.9891,124,0.92,1.0,5,0.915,0.9945,1590,0
SPY190724C298,2019-07-22,2019-07-22 09:44:47,0.92,1.0,74,0.91,0.9891,100,0.92,1.0,5,0.915,0.9945,1590,0
SPY190724C298,2019-07-22,2019-07-22 09:44:48,0.92,1.0,74,0.91,0.9891,124,0.92,1.0,5,0.915,0.9945,1590,0
SPY190724C298,2019-07-22,2019-07-22 09:44:49,0.92,1.0,324,0.91,0.9891,2,0.92,1.0,5,0.915,0.9945,1590,0
SPY190724C298,2019-07-22,2019-07-22 09:44:50,0.92,1.0,324,0.91,0.9891,2,0.92,1.0,5,0.915,0.9945,1590,0
SPY190724C298,2019-07-22,2019-07-22 09:44:50,0.92,1.0,402,0.91,0.9891,2,0.92,1.0,5,0.915,0.9945,1590,0
SPY190724C298,2019-07-22,2019-07-22 09:44:51,0.92,1.0,341,0.91,0.9891,20,0.91,0.9891,1,0.915,0.9945,1591,1
SPY190724C298,2019-07-22,2019-07-22 09:44:51,0.92,1.0,643,0.91,0.9891,2,0.92,1.0,5,0.915,0.9945,1590,0
SPY190724C298,2019-07-22,2019-07-22 09:44:52,0.92,1.0,69,0.91,0.9891,177,0.91,0.9891,1,0.915,0.9945,1591,0
SPY190724C298,2019-07-22,2019-07-22 09:44:53,0.92,1.0,92,0.91,0.9891,146,0.91,0.9891,1,0.915,0.9945,1591,0
SPY190724C298,2019-07-22,2019-07-22 09:44:54,0.92,1.0,60,0.91,0.9891,188,0.91,0.9891,1,0.915,0.9945,1591,0
SPY190724C298,2019-07-22,2019-07-22 09:44:54,0.93,1.0108,982,0.91,0.9891,337,0.91,0.9891,1,0.92,1.0,1591,0
SPY190724C298,2019-07-22,2019-07-22 09:44:55,0.93,1.0108,584,0.91,0.9891,273,0.91,0.9891,1,0.92,1.0,1591,0
SPY190724C298,2019-07-22,2019-07-22 09:44:56,0.93,1.0108,851,0.91,0.9891,320,0.91,0.9891,1,0.92,1.0,1591,0
SPY190724C298,2019-07-22,2019-07-22 09:44:56,0.93,1.0108,851,0.91,0.9891,294,0.91,0.9891,1,0.92,1.0,1591,0
SPY190724C298,2019-07-22,2019-07-22 09:44:57,0.92,1.0,50,0.91,0.9891,160,0.91,0.9891,1,0.915,0.9945,1591,0
SPY190724C298,2019-07-22,2019-07-22 09:44:57,0.93,1.0108,851,0.91,0.9891,294,0.91,0.9891,1,0.92,1.0,1591,0
SPY190724C298,2019-07-22,2019-07-22 09:44:58,0.92,1.0,50,0.91,0.9891,160,0.91,0.9891,1,0.915,0.9945,1591,0
SPY190724C298,2019-07-22,2019-07-22 09:44:58,0.92,1.0,445,0.91,0.9891,82,0.91,0.9891,1,0.915,0.9945,1591,0
SPY190724C298,2019-07-22,2019-07-22 09:44:59,0.92,1.0,433,0.91,0.9891,1,0.91,0.9891,1,0.915,0.9945,1591,0
SPY190724C298,2019-07-22,2019-07-22 09:44:59,0.92,1.0,778,0.91,0.9891,1,0.91,0.9891,1,0.915,0.9945,1591,0
SPY190724C298,2019-07-22,2019-07-22 09:45:00,0.92,1.0,70,0.91,0.9891,172,0.91,0.9891,1,0.915,0.9945,1591,0
SPY190724C298,2019-07-22,2019-07-22 09:45:01,0.92,1.0,1,0.91,0.9891,368,0.91,0.9891,1,0.915,0.9945,1591,0
SPY190724C298,2019-07-22,2019-07-22 09:45:01,0.93,1.0108,680,0.91,0.9891,368,0.91,0.9891,1,0.92,1.0,1591,0
SPY190724C298,2019-07-22,2019-07-22 09:45:02,0.93,1.0108,680,0.91,0.9891,317,0.91,0.9891,1,0.92,1.0,1591,0
SPY190724C298,2019-07-22,2019-07-22 09:45:02,0.93,1.0108,623,0.91,0.9891,317,0.91,0.9891,1,0.92,1.0,1591,0
SPY190724C298,2019-07-22,2019-07-22 09:45:03,0.93,1.0108,541,0.92,1.0,40,0.91,0.9891,1,0.925,1.0054,1591,0
SPY190724C298,2019-07-22,2019-07-22 09:45:03,0.94,1.0217,482,0.92,1.0,40,0.92,1.0,1,0.93,1.0108,1592,1
SPY190724C298,2019-07-22,2019-07-22 09:45:04,0.94,1.0217,1043,0.92,1.0,252,0.92,1.0,1,0.93,1.0108,1592,0
SPY190724C298,2019-07-22,2019-07-22 09:45:05,0.94,1.0217,1048,0.92,1.0,440,0.92,1.0,1,0.93,1.0108,1592,0
SPY190724C298,2019-07-22,2019-07-22 09:45:05,0.94,1.0217,24,0.93,1.0108,188,0.92,1.0,1,0.935,1.0163,1592,0
SPY190724C298,2019-07-22,2019-07-22 09:45:06,0.94,1.0217,24,0.93,1.0108,188,0.92,1.0,1,0.935,1.0163,1592,0
SPY190724C298,2019-07-22,2019-07-22 09:45:06,0.95,1.0326,705,0.93,1.0108,63,0.92,1.0,1,0.94,1.0217,1592,0
SPY190724C298,2019-07-22,2019-07-22 09:45:07,0.95,1.0326,872,0.93,1.0108,198,0.92,1.0,1,0.94,1.0217,1592,0
SPY190724C298,2019-07-22,2019-07-22 09:45:08,0.95,1.0326,921,0.93,1.0108,198,0.92,1.0,1,0.94,1.0217,1592,0
SPY190724C298,2019-07-22,2019-07-22 09:45:08,0.95,1.0326,872,0.93,1.0108,294,0.92,1.0,1,0.94,1.0217,1592,0
SPY190724C298,2019-07-22,2019-07-22 09:45:09,0.95,1.0326,1001,0.93,1.0108,304,0.92,1.0,1,0.94,1.0217,1592,0
SPY190724C298,2019-07-22,2019-07-22 09:45:09,0.95,1.0326,921,0.93,1.0108,304,0.92,1.0,1,0.94,1.0217,1592,0
SPY190724C298,2019-07-22,2019-07-22 09:45:10,0.95,1.0326,921,0.93,1.0108,304,0.92,1.0,1,0.94,1.0217,1592,0
SPY190724C298,2019-07-22,2019-07-22 09:45:10,0.95,1.0326,1001,0.93,1.0108,304,0.92,1.0,1,0.94,1.0217,1592,0
SPY190724C298,2019-07-22,2019-07-22 09:45:11,0.95,1.0326,872,0.93,1.0108,304,0.92,1.0,1,0.94,1.0217,1592,0
SPY190724C298,2019-07-22,2019-07-22 09:45:11,0.95,1.0326,921,0.93,1.0108,304,0.92,1.0,1,0.94,1.0217,1592,0
SPY190724C298,2019-07-22,2019-07-22 09:45:12,0.95,1.0326,872,0.93,1.0108,304,0.92,1.0,1,0.94,1.0217,1592,0
SPY190724C298,2019-07-22,2019-07-22 09:45:12,0.95,1.0326,921,0.93,1.0108,377,0.92,1.0,1,0.94,1.0217,1592,0
SPY190724C298,2019-07-22,2019-07-22 09:45:13,0.95,1.0326,395,0.93,1.0108,378,0.92,1.0,1,0.94,1.0217,1592,0
SPY190724C298,2019-07-22,2019-07-22 09:45:14,0.95,1.0326,457,0.93,1.0108,378,0.92,1.0,1,0.94,1.0217,1592,0
SPY190724C298,2019-07-22,2019-07-22 09:45:14,0.95,1.0326,457,0.94,1.0217,71,0.92,1.0,1,0.945,1.0271,1592,0
SPY190724C298,2019-07-22,2019-07-22 09:45:15,0.95,1.0326,457,0.93,1.0108,362,0.92,1.0,1,0.94,1.0217,1592,0
SPY190724C298,2019-07-22,2019-07-22 09:45:15,0.95,1.0326,457,0.94,1.0217,71,0.92,1.0,1,0.945,1.0271,1592,0
SPY190724C298,2019-07-22,2019-07-22 09:45:16,0.95,1.0326,457,0.93,1.0108,474,0.92,1.0,1,0.94,1.0217,1592,0
SPY190724C298,2019-07-22,2019-07-22 09:45:16,0.95,1.0326,457,0.93,1.0108,398,0.92,1.0,1,0.94,1.0217,1592,0
SPY190724C298,2019-07-22,2019-07-22 09:45:17,0.95,1.0326,343,0.93,1.0108,648,0.92,1.0,1,0.94,1.0217,1592,0
SPY190724C298,2019-07-22,2019-07-22 09:45:17,0.95,1.0326,457,0.93,1.0108,398,0.92,1.0,1,0.94,1.0217,1592,0
SPY190724C298,2019-07-22,2019-07-22 09:45:18,0.95,1.0326,700,0.93,1.0108,641,0.92,1.0,1,0.94,1.0217,1592,0
SPY190724C298,2019-07-22,2019-07-22 09:45:19,0.95,1.0326,776,0.93,1.0108,641,0.92,1.0,1,0.94,1.0217,1592,0
SPY190724C298,2019-07-22,2019-07-22 09:45:19,0.95,1.0326,556,0.93,1.0108,641,0.92,1.0,1,0.94,1.0217,1592,0
SPY190724C298,2019-07-22,2019-07-22 09:45:20,0.95,1.0326,776,0.93,1.0108,528,0.92,1.0,1,0.94,1.0217,1592,0
SPY190724C298,2019-07-22,2019-07-22 09:45:20,0.95,1.0326,546,0.93,1.0108,640,0.92,1.0,1,0.94,1.0217,1592,0
SPY190724C298,2019-07-22,2019-07-22 09:45:21,0.95,1.0326,729,0.94,1.0217,6,0.92,1.0,1,0.945,1.0271,1592,0
SPY190724C298,2019-07-22,2019-07-22 09:45:21,0.95,1.0326,778,0.94,1.0217,1,0.92,1.0,1,0.945,1.0271,1592,0
SPY190724C298,2019-07-22,2019-07-22 09:45:22,0.94,1.0217,100,0.93,1.0108,422,0.94,1.0217,1,0.935,1.0163,1594,2
SPY190724C298,2019-07-22,2019-07-22 09:45:22,0.94,1.0217,60,0.93,1.0108,278,0.94,1.0217,1,0.935,1.0163,1595,1
SPY190724C298,2019-07-22,2019-07-22 09:45:23,0.94,1.0217,60,0.93,1.0108,335,0.94,1.0217,1,0.935,1.0163,1595,0
SPY190724C298,2019-07-22,2019-07-22 09:45:24,0.94,1.0217,60,0.93,1.0108,242,0.94,1.0217,1,0.935,1.0163,1595,0
SPY190724C298,2019-07-22,2019-07-22 09:45:24,0.94,1.0217,60,0.93,1.0108,286,0.94,1.0217,1,0.935,1.0163,1595,0
SPY190724C298,2019-07-22,2019-07-22 09:45:25,0.94,1.0217,60,0.93,1.0108,350,0.94,1.0217,1,0.935,1.0163,1595,0
SPY190724C298,2019-07-22,2019-07-22 09:45:25,0.94,1.0217,60,0.93,1.0108,428,0.94,1.0217,1,0.935,1.0163,1595,0
SPY190724C298,2019-07-22,2019-07-22 09:45:26,0.94,1.0217,60,0.93,1.0108,321,0.94,1.0217,1,0.935,1.0163,1595,0
SPY190724C298,2019-07-22,2019-07-22 09:45:27,0.95,1.0326,100,0.94,1.0217,177,0.94,1.0217,1,0.945,1.0271,1596,1
SPY190724C298,2019-07-22,2019-07-22 09:45:27,0.95,1.0326,204,0.94,1.0217,177,0.94,1.0217,1,0.945,1.0271,1596,0
SPY190724C298,2019-07-22,2019-07-22 09:45:28,0.95,1.0326,66,0.94,1.0217,295,0.94,1.0217,1,0.945,1.0271,1596,0
SPY190724C298,2019-07-22,2019-07-22 09:45:28,0.95,1.0326,66,0.94,1.0217,262,0.94,1.0217,1,0.945,1.0271,1596,0
SPY190724C298,2019-07-22,2019-07-22 09:45:29,0.95,1.0326,66,0.94,1.0217,285,0.95,1.0326,30,0.945,1.0271,1626,30
SPY190724C298,2019-07-22,2019-07-22 09:45:29,0.95,1.0326,66,0.94,1.0217,285,0.94,1.0217,1,0.945,1.0271,1596,0
SPY190724C298,2019-07-22,2019-07-22 09:45:30,0.95,1.0326,66,0.94,1.0217,177,0.95,1.0326,30,0.945,1.0271,1626,0
SPY190724C298,2019-07-22,2019-07-22 09:45:31,0.95,1.0326,66,0.94,1.0217,272,0.95,1.0326,30,0.945,1.0271,1626,0
SPY190724C298,2019-07-22,2019-07-22 09:45:31,0.95,1.0326,66,0.94,1.0217,203,0.95,1.0326,30,0.945,1.0271,1626,0
SPY190724C298,2019-07-22,2019-07-22 09:45:32,0.95,1.0326,66,0.94,1.0217,478,0.95,1.0326,30,0.945,1.0271,1626,0
SPY190724C298,2019-07-22,2019-07-22 09:45:32,0.95,1.0326,66,0.94,1.0217,574,0.95,1.0326,30,0.945,1.0271,1626,0
SPY190724C298,2019-07-22,2019-07-22 09:45:33,0.95,1.0326,66,0.94,1.0217,574,0.95,1.0326,30,0.945,1.0271,1626,0
SPY190724C298,2019-07-22,2019-07-22 09:45:34,0.95,1.0326,66,0.94,1.0217,392,0.95,1.0326,30,0.945,1.0271,1626,0
SPY190724C298,2019-07-22,2019-07-22 09:45:35,0.95,1.0326,81,0.94,1.0217,159,0.95,1.0326,30,0.945,1.0271,1626,0
SPY190724C298,2019-07-22,2019-07-22 09:45:35,0.95,1.0326,333,0.94,1.0217,159,0.95,1.0326,30,0.945,1.0271,1626,0
SPY190724C298,2019-07-22,2019-07-22 09:45:36,0.95,1.0326,70,0.94,1.0217,252,0.95,1.0326,30,0.945,1.0271,1626,0
SPY190724C298,2019-07-22,2019-07-22 09:45:36,0.95,1.0326,70,0.94,1.0217,187,0.95,1.0326,30,0.945,1.0271,1626,0
SPY190724C298,2019-07-22,2019-07-22 09:45:37,0.95,1.0326,70,0.94,1.0217,317,0.95,1.0326,30,0.945,1.0271,1626,0
SPY190724C298,2019-07-22,2019-07-22 09:45:38,0.95,1.0326,70,0.94,1.0217,307,0.95,1.0326,30,0.945,1.0271,1626,0
SPY190724C298,2019-07-22,2019-07-22 09:45:38,0.95,1.0326,70,0.94,1.0217,317,0.95,1.0326,30,0.945,1.0271,1626,0
SPY190724C298,2019-07-22,2019-07-22 09:45:39,0.96,1.0434,478,0.94,1.0217,331,0.95,1.0326,30,0.95,1.0326,1626,0
SPY190724C298,2019-07-22,2019-07-22 09:45:39,0.95,1.0326,50,0.94,1.0217,308,0.95,1.0326,30,0.945,1.0271,1626,0
SPY190724C298,2019-07-22,2019-07-22 09:45:40,0.95,1.0326,50,0.94,1.0217,472,0.95,1.0326,30,0.945,1.0271,1626,0
SPY190724C298,2019-07-22,2019-07-22 09:45:41,0.95,1.0326,50,0.94,1.0217,556,0.95,1.0326,30,0.945,1.0271,1626,0
SPY190724C298,2019-07-22,2019-07-22 09:45:42,0.95,1.0326,50,0.94,1.0217,556,0.95,1.0326,30,0.945,1.0271,1626,0
SPY190724C298,2019-07-22,2019-07-22 09:45:43,0.95,1.0326,50,0.94,1.0217,569,0.95,1.0326,30,0.945,1.0271,1626,0
SPY190724C298,2019-07-22,2019-07-22 09:45:43,0.95,1.0326,50,0.94,1.0217,540,0.95,1.0326,30,0.945,1.0271,1626,0
SPY190724C298,2019-07-22,2019-07-22 09:45:44,0.96,1.0434,56,0.95,1.0326,8,0.95,1.0326,30,0.955,1.038,1626,0
SPY190724C298,2019-07-22,2019-07-22 09:45:44,0.96,1.0434,479,0.95,1.0326,6,0.95,1.0326,30,0.955,1.038,1626,0
SPY190724C298,2019-07-22,2019-07-22 09:45:45,0.95,1.0326,50,0.94,1.0217,194,0.95,1.0326,30,0.945,1.0271,1626,0
SPY190724C298,2019-07-22,2019-07-22 09:45:45,0.95,1.0326,50,0.94,1.0217,213,0.95,1.0326,30,0.945,1.0271,1626,0
SPY190724C298,2019-07-22,2019-07-22 09:45:46,0.96,1.0434,474,0.94,1.0217,266,0.95,1.0326,30,0.95,1.0326,1626,0
SPY190724C298,2019-07-22,2019-07-22 09:45:46,0.96,1.0434,333,0.94,1.0217,223,0.95,1.0326,30,0.95,1.0326,1626,0
SPY190724C298,2019-07-22,2019-07-22 09:45:47,0.96,1.0434,333,0.94,1.0217,320,0.95,1.0326,30,0.95,1.0326,1626,0
SPY190724C298,2019-07-22,2019-07-22 09:45:48,0.96,1.0434,333,0.94,1.0217,320,0.95,1.0326,30,0.95,1.0326,1626,0
SPY190724C298,2019-07-22,2019-07-22 09:45:48,0.96,1.0434,333,0.95,1.0326,6,0.95,1.0326,30,0.955,1.038,1626,0
SPY190724C298,2019-07-22,2019-07-22 09:45:49,0.96,1.0434,460,0.94,1.0217,420,0.95,1.0326,30,0.95,1.0326,1626,0
SPY190724C298,2019-07-22,2019-07-22 09:45:49,0.96,1.0434,144,0.95,1.0326,6,0.95,1.0326,30,0.955,1.038,1626,0
SPY190724C298,2019-07-22,2019-07-22 09:45:50,0.95,1.0326,51,0.94,1.0217,216,0.95,1.0326,30,0.945,1.0271,1626,0
SPY190724C298,2019-07-22,2019-07-22 09:45:50,0.96,1.0434,540,0.94,1.0217,494,0.95,1.0326,30,0.95,1.0326,1626,0
SPY190724C298,2019-07-22,2019-07-22 09:45:51,0.95,1.0326,77,0.94,1.0217,286,0.95,1.0326,30,0.945,1.0271,1626,0
SPY190724C298,2019-07-22,2019-07-22 09:45:51,0.95,1.0326,60,0.94,1.0217,159,0.95,1.0326,30,0.945,1.0271,1626,0
SPY190724C298,2019-07-22,2019-07-22 09:45:52,0.95,1.0326,77,0.94,1.0217,159,0.95,1.0326,2,0.945,1.0271,1628,2
SPY190724C298,2019-07-22,2019-07-22 09:45:52,0.95,1.0326,60,0.94,1.0217,159,0.95,1.0326,30,0.945,1.0271,1626,0
SPY190724C298,2019-07-22,2019-07-22 09:45:53,0.94,1.0217,257,0.94,1.0217,114,0.95,1.0326,2,0.94,1.0217,1628,0
SPY190724C298,2019-07-22,2019-07-22 09:45:54,0.93,1.0108,205,0.9,0.9782,418,0.95,1.0326,2,0.915,0.9945,1628,0
SPY190724C298,2019-07-22,2019-07-22 09:45:54,0.94,1.0217,387,0.94,1.0217,114,0.95,1.0326,2,0.94,1.0217,1628,0
SPY190724C298,2019-07-22,2019-07-22 09:45:55,0.91,0.9891,270,0.89,0.9673,100,0.95,1.0326,2,0.9,0.9782,1628,0
SPY190724C298,2019-07-22,2019-07-22 09:45:55,0.9,0.9782,56,0.89,0.9673,20,0.95,1.0326,2,0.895,0.9728,1628,0
SPY190724C298,2019-07-22,2019-07-22 09:45:56,0.9,0.9782,16,0.89,0.9673,1,0.89,0.9673,2,0.895,0.9728,1632,4
SPY190724C298,2019-07-22,2019-07-22 09:45:56,0.91,0.9891,56,0.9,0.9782,11,0.89,0.9673,2,0.905,0.9836,1632,0
SPY190724C298,2019-07-22,2019-07-22 09:45:57,0.92,1.0,6,0.9,0.9782,147,0.89,0.9673,2,0.91,0.9891,1632,0
SPY190724C298,2019-07-22,2019-07-22 09:45:57,0.93,1.0108,136,0.92,1.0,122,0.89,0.9673,2,0.925,1.0054,1632,0
SPY190724C298,2019-07-22,2019-07-22 09:45:58,0.93,1.0108,87,0.92,1.0,122,0.89,0.9673,2,0.925,1.0054,1632,0
SPY190724C298,2019-07-22,2019-07-22 09:45:59,0.93,1.0108,87,0.92,1.0,122,0.89,0.9673,2,0.925,1.0054,1632,0
SPY190724C298,2019-07-22,2019-07-22 09:46:00,0.93,1.0108,87,0.92,1.0,122,0.89,0.9673,2,0.925,1.0054,1632,0
SPY190724C298,2019-07-22,2019-07-22 09:46:00,0.93,1.0108,79,0.92,1.0,122,0.89,0.9673,2,0.925,1.0054,1632,0
SPY190724C298,2019-07-22,2019-07-22 09:46:01,0.94,1.0217,87,0.93,1.0108,5,0.89,0.9673,2,0.935,1.0163,1632,0
SPY190724C298,2019-07-22,2019-07-22 09:46:01,0.94,1.0217,254,0.93,1.0108,7,0.89,0.9673,2,0.935,1.0163,1632,0
SPY190724C298,2019-07-22,2019-07-22 09:46:02,0.94,1.0217,46,0.93,1.0108,7,0.89,0.9673,2,0.935,1.0163,1632,0
SPY190724C298,2019-07-22,2019-07-22 09:46:02,0.94,1.0217,79,0.93,1.0108,7,0.89,0.9673,2,0.935,1.0163,1632,0
SPY190724C298,2019-07-22,2019-07-22 09:46:03,0.95,1.0326,77,0.94,1.0217,6,0.89,0.9673,2,0.945,1.0271,1632,0
SPY190724C298,2019-07-22,2019-07-22 09:46:04,0.94,1.0217,37,0.93,1.0108,130,0.89,0.9673,2,0.935,1.0163,1632,0
SPY190724C298,2019-07-22,2019-07-22 09:46:04,0.94,1.0217,37,0.93,1.0108,146,0.89,0.9673,2,0.935,1.0163,1632,0
SPY190724C298,2019-07-22,2019-07-22 09:46:05,0.94,1.0217,37,0.93,1.0108,148,0.89,0.9673,2,0.935,1.0163,1632,0
SPY190724C298,2019-07-22,2019-07-22 09:46:06,0.94,1.0217,37,0.93,1.0108,198,0.89,0.9673,2,0.935,1.0163,1632,0
SPY190724C298,2019-07-22,2019-07-22 09:46:06,0.94,1.0217,87,0.93,1.0108,130,0.89,0.9673,2,0.935,1.0163,1632,0
SPY190724C298,2019-07-22,2019-07-22 09:46:07,0.94,1.0217,37,0.93,1.0108,26,0.96,1.0434,1,0.935,1.0163,1633,1
SPY190724C298,2019-07-22,2019-07-22 09:46:08,0.94,1.0217,10,0.93,1.0108,166,0.94,1.0217,2,0.935,1.0163,1635,2
SPY190724C298,2019-07-22,2019-07-22 09:46:08,0.94,1.0217,10,0.93,1.0108,266,0.94,1.0217,2,0.935,1.0163,1635,0
SPY190724C298,2019-07-22,2019-07-22 09:46:09,0.94,1.0217,37,0.93,1.0108,6,0.94,1.0217,2,0.935,1.0163,1635,0
SPY190724C298,2019-07-22,2019-07-22 09:46:09,0.94,1.0217,37,0.93,1.0108,256,0.94,1.0217,2,0.935,1.0163,1635,0
SPY190724C298,2019-07-22,2019-07-22 09:46:10,0.94,1.0217,206,0.92,1.0,195,0.94,1.0217,2,0.93,1.0108,1635,0
SPY190724C298,2019-07-22,2019-07-22 09:46:10,0.94,1.0217,206,0.93,1.0108,115,0.94,1.0217,2,0.935,1.0163,1635,0
SPY190724C298,2019-07-22,2019-07-22 09:46:11,0.94,1.0217,206,0.92,1.0,195,0.94,1.0217,2,0.93,1.0108,1635,0
SPY190724C298,2019-07-22,2019-07-22 09:46:12,0.94,1.0217,206,0.92,1.0,195,0.94,1.0217,2,0.93,1.0108,1635,0
SPY190724C298,2019-07-22,2019-07-22 09:46:12,0.93,1.0108,37,0.92,1.0,165,0.94,1.0217,2,0.925,1.0054,1635,0
SPY190724C298,2019-07-22,2019-07-22 09:46:13,0.92,1.0,79,0.91,0.9891,120,0.93,1.0108,1,0.915,0.9945,1636,1
SPY190724C298,2019-07-22,2019-07-22 09:46:13,0.93,1.0108,87,0.92,1.0,165,0.94,1.0217,2,0.925,1.0054,1635,0
SPY190724C298,2019-07-22,2019-07-22 09:46:14,0.92,1.0,79,0.91,0.9891,138,0.93,1.0108,1,0.915,0.9945,1636,0
SPY190724C298,2019-07-22,2019-07-22 09:46:15,0.93,1.0108,6,0.92,1.0,200,0.92,1.0,8,0.925,1.0054,1644,0
SPY190724C298,2019-07-22,2019-07-22 09:46:15,0.93,1.0108,324,0.92,1.0,5,0.92,1.0,8,0.925,1.0054,1644,8
SPY190724C298,2019-07-22,2019-07-22 09:46:16,0.94,1.0217,229,0.93,1.0108,25,0.92,1.0,8,0.935,1.0163,1644,0
SPY190724C298,2019-07-22,2019-07-22 09:46:17,0.95,1.0326,383,0.93,1.0108,155,0.94,1.0217,10,0.94,1.0217,1654,10
SPY190724C298,2019-07-22,2019-07-22 09:46:17,0.94,1.0217,6,0.93,1.0108,155,0.94,1.0217,10,0.935,1.0163,1654,0
SPY190724C298,2019-07-22,2019-07-22 09:46:18,0.95,1.0326,383,0.93,1.0108,155,0.94,1.0217,10,0.94,1.0217,1654,0
SPY190724C298,2019-07-22,2019-07-22 09:46:18,0.94,1.0217,87,0.93,1.0108,165,0.94,1.0217,10,0.935,1.0163,1654,0
SPY190724C298,2019-07-22,2019-07-22 09:46:19,0.95,1.0326,541,0.94,1.0217,100,0.94,1.0217,10,0.945,1.0271,1654,0
SPY190724C298,2019-07-22,2019-07-22 09:46:19,0.95,1.0326,229,0.94,1.0217,120,0.94,1.0217,10,0.945,1.0271,1654,0
SPY190724C298,2019-07-22,2019-07-22 09:46:20,0.94,1.0217,87,0.93,1.0108,165,0.94,1.0217,10,0.935,1.0163,1654,0
SPY190724C298,2019-07-22,2019-07-22 09:46:20,0.95,1.0326,541,0.93,1.0108,205,0.94,1.0217,10,0.94,1.0217,1654,0
SPY190724C298,2019-07-22,2019-07-22 09:46:21,0.94,1.0217,87,0.93,1.0108,120,0.94,1.0217,10,0.935,1.0163,1654,0
SPY190724C298,2019-07-22,2019-07-22 09:46:22,0.94,1.0217,87,0.93,1.0108,120,0.94,1.0217,10,0.935,1.0163,1654,0
SPY190724C298,2019-07-22,2019-07-22 09:46:22,0.94,1.0217,561,0.93,1.0108,120,0.94,1.0217,10,0.935,1.0163,1654,0
SPY190724C298,2019-07-22,2019-07-22 09:46:23,0.94,1.0217,541,0.93,1.0108,7,0.94,1.0217,10,0.935,1.0163,1654,0
SPY190724C298,2019-07-22,2019-07-22 09:46:23,0.94,1.0217,351,0.93,1.0108,1,0.94,1.0217,10,0.935,1.0163,1654,0
SPY190724C298,2019-07-22,2019-07-22 09:46:24,0.94,1.0217,136,0.93,1.0108,1,0.94,1.0217,10,0.935,1.0163,1654,0
SPY190724C298,2019-07-22,2019-07-22 09:46:24,0.94,1.0217,150,0.93,1.0108,36,0.94,1.0217,10,0.935,1.0163,1654,0
SPY190724C298,2019-07-22,2019-07-22 09:46:25,0.94,1.0217,567,0.93,1.0108,1,0.94,1.0217,10,0.935,1.0163,1654,0
SPY190724C298,2019-07-22,2019-07-22 09:46:25,0.94,1.0217,768,0.93,1.0108,1,0.94,1.0217,10,0.935,1.0163,1654,0
SPY190724C298,2019-07-22,2019-07-22 09:46:26,0.94,1.0217,807,0.93,1.0108,1,0.94,1.0217,10,0.935,1.0163,1654,0
SPY190724C298,2019-07-22,2019-07-22 09:46:27,0.94,1.0217,897,0.93,1.0108,1,0.94,1.0217,10,0.935,1.0163,1654,0
SPY190724C298,2019-07-22,2019-07-22 09:46:27,0.94,1.0217,821,0.93,1.0108,1,0.94,1.0217,10,0.935,1.0163,1654,0
SPY190724C298,2019-07-22,2019-07-22 09:46:28,0.94,1.0217,909,0.93,1.0108,1,0.94,1.0217,10,0.935,1.0163,1654,0
SPY190724C298,2019-07-22,2019-07-22 09:46:28,0.93,1.0108,157,0.93,1.0108,1,0.94,1.0217,10,0.93,1.0108,1654,0
SPY190724C298,2019-07-22,2019-07-22 09:46:29,0.93,1.0108,588,0.92,1.0,6,0.93,1.0108,1,0.925,1.0054,1655,0
SPY190724C298,2019-07-22,2019-07-22 09:46:29,0.93,1.0108,927,0.92,1.0,6,0.93,1.0108,1,0.925,1.0054,1655,1
SPY190724C298,2019-07-22,2019-07-22 09:46:30,0.93,1.0108,510,0.92,1.0,7,0.93,1.0108,1,0.925,1.0054,1655,0
SPY190724C298,2019-07-22,2019-07-22 09:46:30,0.93,1.0108,574,0.92,1.0,6,0.93,1.0108,1,0.925,1.0054,1655,0
SPY190724C298,2019-07-22,2019-07-22 09:46:31,0.93,1.0108,936,0.92,1.0,6,0.93,1.0108,1,0.925,1.0054,1655,0
SPY190724C298,2019-07-22,2019-07-22 09:46:32,0.93,1.0108,936,0.92,1.0,6,0.93,1.0108,1,0.925,1.0054,1655,0
SPY190724C298,2019-07-22,2019-07-22 09:46:33,0.93,1.0108,746,0.92,1.0,6,0.93,1.0108,1,0.925,1.0054,1655,0
SPY190724C298,2019-07-22,2019-07-22 09:46:33,0.93,1.0108,936,0.92,1.0,6,0.93,1.0108,1,0.925,1.0054,1655,0
SPY190724C298,2019-07-22,2019-07-22 09:46:34,0.91,0.9891,10,0.91,0.9891,83,0.92,1.0,6,0.91,0.9891,1661,0
SPY190724C298,2019-07-22,2019-07-22 09:46:34,0.92,1.0,356,0.91,0.9891,83,0.92,1.0,6,0.915,0.9945,1661,6
SPY190724C298,2019-07-22,2019-07-22 09:46:35,0.92,1.0,86,0.91,0.9891,155,0.92,1.0,6,0.915,0.9945,1661,0
SPY190724C298,2019-07-22,2019-07-22 09:46:36,0.92,1.0,86,0.91,0.9891,205,0.92,1.0,6,0.915,0.9945,1661,0
SPY190724C298,2019-07-22,2019-07-22 09:46:37,0.92,1.0,86,0.91,0.9891,155,0.92,1.0,6,0.915,0.9945,1661,0
SPY190724C298,2019-07-22,2019-07-22 09:46:38,0.92,1.0,86,0.91,0.9891,155,0.92,1.0,6,0.915,0.9945,1661,0
SPY190724C298,2019-07-22,2019-07-22 09:46:39,0.92,1.0,86,0.91,0.9891,165,0.92,1.0,6,0.915,0.9945,1661,0
SPY190724C298,2019-07-22,2019-07-22 09:46:39,0.92,1.0,86,0.91,0.9891,205,0.92,1.0,6,0.915,0.9945,1661,0
SPY190724C298,2019-07-22,2019-07-22 09:46:40,0.92,1.0,92,0.91,0.9891,158,0.92,1.0,6,0.915,0.9945,1661,0
SPY190724C298,2019-07-22,2019-07-22 09:46:40,0.92,1.0,137,0.91,0.9891,158,0.92,1.0,6,0.915,0.9945,1661,0
SPY190724C298,2019-07-22,2019-07-22 09:46:41,0.92,1.0,92,0.91,0.9891,158,0.92,1.0,6,0.915,0.9945,1661,0
SPY190724C298,2019-07-22,2019-07-22 09:46:41,0.92,1.0,79,0.91,0.9891,159,0.92,1.0,6,0.915,0.9945,1661,0
SPY190724C298,2019-07-22,2019-07-22 09:46:42,0.93,1.0108,208,0.92,1.0,6,0.92,1.0,6,0.925,1.0054,1661,0
SPY190724C298,2019-07-22,2019-07-22 09:46:43,0.93,1.0108,121,0.92,1.0,6,0.92,1.0,6,0.925,1.0054,1661,0
SPY190724C298,2019-07-22,2019-07-22 09:46:43,0.93,1.0108,71,0.92,1.0,195,0.92,1.0,6,0.925,1.0054,1661,0
SPY190724C298,2019-07-22,2019-07-22 09:46:44,0.95,1.0326,357,0.93,1.0108,155,0.92,1.0,6,0.94,1.0217,1661,0
SPY190724C298,2019-07-22,2019-07-22 09:46:44,0.94,1.0217,60,0.93,1.0108,155,0.92,1.0,6,0.935,1.0163,1661,0
SPY190724C298,2019-07-22,2019-07-22 09:46:45,0.94,1.0217,9,0.93,1.0108,195,0.92,1.0,6,0.935,1.0163,1661,0
SPY190724C298,2019-07-22,2019-07-22 09:46:45,0.94,1.0217,385,0.92,1.0,196,0.92,1.0,6,0.93,1.0108,1661,0
SPY190724C298,2019-07-22,2019-07-22 09:46:46,0.94,1.0217,37,0.93,1.0108,205,0.92,1.0,6,0.935,1.0163,1661,0
SPY190724C298,2019-07-22,2019-07-22 09:46:47,0.94,1.0217,37,0.93,1.0108,120,0.92,1.0,6,0.935,1.0163,1661,0
SPY190724C298,2019-07-22,2019-07-22 09:46:47,0.94,1.0217,37,0.93,1.0108,205,0.92,1.0,6,0.935,1.0163,1661,0
SPY190724C298,2019-07-22,2019-07-22 09:46:48,0.94,1.0217,120,0.93,1.0108,133,0.92,1.0,6,0.935,1.0163,1661,0
SPY190724C298,2019-07-22,2019-07-22 09:46:48,0.94,1.0217,570,0.92,1.0,202,0.92,1.0,6,0.93,1.0108,1661,0
SPY190724C298,2019-07-22,2019-07-22 09:46:49,0.94,1.0217,70,0.93,1.0108,90,0.92,1.0,6,0.935,1.0163,1661,0
SPY190724C298,2019-07-22,2019-07-22 09:46:50,0.94,1.0217,70,0.93,1.0108,80,0.92,1.0,6,0.935,1.0163,1661,0
SPY190724C298,2019-07-22,2019-07-22 09:46:50,0.94,1.0217,70,0.93,1.0108,46,0.92,1.0,6,0.935,1.0163,1661,0
SPY190724C298,2019-07-22,2019-07-22 09:46:51,0.93,1.0108,50,0.92,1.0,188,0.92,1.0,6,0.925,1.0054,1661,0
SPY190724C298,2019-07-22,2019-07-22 09:46:52,0.93,1.0108,50,0.92,1.0,188,0.92,1.0,6,0.925,1.0054,1661,0
SPY190724C298,2019-07-22,2019-07-22 09:46:53,0.93,1.0108,50,0.92,1.0,188,0.92,1.0,6,0.925,1.0054,1661,0
SPY190724C298,2019-07-22,2019-07-22 09:46:53,0.93,1.0108,50,0.92,1.0,148,0.92,1.0,6,0.925,1.0054,1661,0
SPY190724C298,2019-07-22,2019-07-22 09:46:54,0.92,1.0,50,0.91,0.9891,178,0.92,1.0,6,0.915,0.9945,1661,0
SPY190724C298,2019-07-22,2019-07-22 09:46:54,0.93,1.0108,258,0.91,0.9891,178,0.92,1.0,6,0.92,1.0,1661,0
SPY190724C298,2019-07-22,2019-07-22 09:46:55,0.93,1.0108,339,0.91,0.9891,262,0.92,1.0,6,0.92,1.0,1661,0
SPY190724C298,2019-07-22,2019-07-22 09:46:56,0.93,1.0108,60,0.92,1.0,52,0.92,1.0,50,0.925,1.0054,1711,0
SPY190724C298,2019-07-22,2019-07-22 09:46:56,0.93,1.0108,219,0.92,1.0,52,0.92,1.0,50,0.925,1.0054,1711,50
SPY190724C298,2019-07-22,2019-07-22 09:46:57,0.95,1.0326,309,0.92,1.0,382,0.93,1.0108,1,0.935,1.0163,1713,2
SPY190724C298,2019-07-22,2019-07-22 09:46:57,0.93,1.0108,56,0.92,1.0,53,0.92,1.0,50,0.925,1.0054,1711,0
SPY190724C298,2019-07-22,2019-07-22 09:46:58,0.95,1.0326,420,0.93,1.0108,121,0.93,1.0108,1,0.94,1.0217,1716,0
SPY190724C298,2019-07-22,2019-07-22 09:46:58,0.95,1.0326,360,0.93,1.0108,118,0.93,1.0108,1,0.94,1.0217,1716,3
SPY190724C298,2019-07-22,2019-07-22 09:46:59,0.93,1.0108,37,0.92,1.0,196,0.93,1.0108,1,0.925,1.0054,1716,0
SPY190724C298,2019-07-22,2019-07-22 09:47:00,0.94,1.0217,339,0.92,1.0,228,0.93,1.0108,1,0.93,1.0108,1716,0
SPY190724C298,2019-07-22,2019-07-22 09:47:00,0.93,1.0108,37,0.92,1.0,196,0.93,1.0108,1,0.925,1.0054,1716,0
SPY190724C298,2019-07-22,2019-07-22 09:47:01,0.94,1.0217,115,0.93,1.0108,7,0.93,1.0108,1,0.935,1.0163,1716,0
SPY190724C298,2019-07-22,2019-07-22 09:47:01,0.94,1.0217,155,0.93,1.0108,5,0.93,1.0108,1,0.935,1.0163,1716,0
SPY190724C298,2019-07-22,2019-07-22 09:47:02,0.94,1.0217,218,0.93,1.0108,6,0.93,1.0108,1,0.935,1.0163,1716,0
SPY190724C298,2019-07-22,2019-07-22 09:47:02,0.94,1.0217,333,0.93,1.0108,6,0.93,1.0108,1,0.935,1.0163,1716,0
SPY190724C298,2019-07-22,2019-07-22 09:47:03,0.94,1.0217,57,0.93,1.0108,6,0.93,1.0108,1,0.935,1.0163,1716,0
SPY190724C298,2019-07-22,2019-07-22 09:47:03,0.94,1.0217,63,0.93,1.0108,6,0.93,1.0108,1,0.935,1.0163,1716,0
SPY190724C298,2019-07-22,2019-07-22 09:47:04,0.94,1.0217,6,0.93,1.0108,205,0.93,1.0108,1,0.935,1.0163,1716,0
SPY190724C298,2019-07-22,2019-07-22 09:47:04,0.94,1.0217,106,0.93,1.0108,205,0.93,1.0108,1,0.935,1.0163,1716,0
SPY190724C298,2019-07-22,2019-07-22 09:47:05,0.94,1.0217,57,0.93,1.0108,205,0.93,1.0108,1,0.935,1.0163,1716,0
SPY190724C298,2019-07-22,2019-07-22 09:47:06,0.95,1.0326,324,0.94,1.0217,7,0.93,1.0108,1,0.945,1.0271,1716,0
SPY190724C298,2019-07-22,2019-07-22 09:47:07,0.95,1.0326,87,0.94,1.0217,7,0.93,1.0108,1,0.945,1.0271,1716,0
SPY190724C298,2019-07-22,2019-07-22 09:47:07,0.95,1.0326,324,0.94,1.0217,7,0.93,1.0108,1,0.945,1.0271,1716,0
SPY190724C298,2019-07-22,2019-07-22 09:47:08,0.95,1.0326,77,0.94,1.0217,155,0.93,1.0108,1,0.945,1.0271,1716,0
SPY190724C298,2019-07-22,2019-07-22 09:47:08,0.95,1.0326,247,0.94,1.0217,7,0.93,1.0108,1,0.945,1.0271,1716,0
SPY190724C298,2019-07-22,2019-07-22 09:47:09,0.95,1.0326,77,0.94,1.0217,155,0.93,1.0108,1,0.945,1.0271,1716,0
SPY190724C298,2019-07-22,2019-07-22 09:47:10,0.95,1.0326,77,0.94,1.0217,155,0.93,1.0108,1,0.945,1.0271,1716,0
SPY190724C298,2019-07-22,2019-07-22 09:47:11,0.95,1.0326,77,0.94,1.0217,195,0.93,1.0108,1,0.945,1.0271,1716,0
SPY190724C298,2019-07-22,2019-07-22 09:47:11,0.95,1.0326,77,0.94,1.0217,245,0.93,1.0108,1,0.945,1.0271,1716,0
SPY190724C298,2019-07-22,2019-07-22 09:47:12,0.96,1.0434,648,0.94,1.0217,247,0.93,1.0108,1,0.95,1.0326,1716,0
SPY190724C298,2019-07-22,2019-07-22 09:47:12,0.96,1.0434,648,0.95,1.0326,7,0.93,1.0108,1,0.955,1.038,1716,0
SPY190724C298,2019-07-22,2019-07-22 09:47:13,0.96,1.0434,648,0.94,1.0217,279,0.96,1.0434,43,0.95,1.0326,1866,150
SPY190724C298,2019-07-22,2019-07-22 09:47:13,0.96,1.0434,648,0.94,1.0217,279,0.93,1.0108,1,0.95,1.0326,1716,0
SPY190724C298,2019-07-22,2019-07-22 09:47:14,0.96,1.0434,426,0.94,1.0217,575,0.96,1.0434,43,0.95,1.0326,1866,0
SPY190724C298,2019-07-22,2019-07-22 09:47:15,0.96,1.0434,426,0.94,1.0217,841,0.96,1.0434,43,0.95,1.0326,1866,0
SPY190724C298,2019-07-22,2019-07-22 09:47:15,0.96,1.0434,426,0.94,1.0217,543,0.96,1.0434,43,0.95,1.0326,1866,0
SPY190724C298,2019-07-22,2019-07-22 09:47:16,0.96,1.0434,601,0.94,1.0217,748,0.96,1.0434,43,0.95,1.0326,1866,0
SPY190724C298,2019-07-22,2019-07-22 09:47:16,0.96,1.0434,601,0.95,1.0326,1,0.96,1.0434,43,0.955,1.038,1866,0
SPY190724C298,2019-07-22,2019-07-22 09:47:17,0.98,1.0652,105,0.95,1.0326,292,0.96,1.0434,10,0.965,1.0489,1877,11
SPY190724C298,2019-07-22,2019-07-22 09:47:17,0.96,1.0434,37,0.95,1.0326,136,0.96,1.0434,43,0.955,1.038,1866,0
SPY190724C298,2019-07-22,2019-07-22 09:47:18,0.98,1.0652,235,0.95,1.0326,292,0.96,1.0434,50,0.965,1.0489,1927,50
SPY190724C298,2019-07-22,2019-07-22 09:47:18,0.96,1.0434,161,0.95,1.0326,100,0.96,1.0434,1,0.955,1.038,1928,1
SPY190724C298,2019-07-22,2019-07-22 09:47:19,0.96,1.0434,395,0.95,1.0326,118,0.96,1.0434,1,0.955,1.038,1928,0
SPY190724C298,2019-07-22,2019-07-22 09:47:19,0.96,1.0434,130,0.95,1.0326,118,0.96,1.0434,1,0.955,1.038,1928,0
SPY190724C298,2019-07-22,2019-07-22 09:47:20,0.97,1.0543,537,0.95,1.0326,281,0.96,1.0434,1,0.96,1.0434,1928,0
SPY190724C298,2019-07-22,2019-07-22 09:47:21,0.98,1.0652,349,0.96,1.0434,255,0.96,1.0434,1,0.97,1.0543,1928,0
SPY190724C298,2019-07-22,2019-07-22 09:47:21,0.98,1.0652,539,0.95,1.0326,281,0.96,1.0434,1,0.965,1.0489,1928,0
SPY190724C298,2019-07-22,2019-07-22 09:47:22,0.97,1.0543,106,0.96,1.0434,6,0.96,1.0434,1,0.965,1.0489,1928,0
SPY190724C298,2019-07-22,2019-07-22 09:47:22,0.98,1.0652,456,0.96,1.0434,138,0.96,1.0434,1,0.97,1.0543,1928,0
SPY190724C298,2019-07-22,2019-07-22 09:47:23,0.98,1.0652,349,0.97,1.0543,98,0.96,1.0434,1,0.975,1.0597,1928,0
SPY190724C298,2019-07-22,2019-07-22 09:47:23,0.98,1.0652,555,0.97,1.0543,46,0.96,1.0434,1,0.975,1.0597,1928,0
SPY190724C298,2019-07-22,2019-07-22 09:47:24,0.98,1.0652,555,0.96,1.0434,403,0.96,1.0434,1,0.97,1.0543,1928,0
SPY190724C298,2019-07-22,2019-07-22 09:47:24,0.98,1.0652,555,0.97,1.0543,36,0.96,1.0434,1,0.975,1.0597,1928,0
SPY190724C298,2019-07-22,2019-07-22 09:47:25,0.98,1.0652,349,0.97,1.0543,136,0.96,1.0434,1,0.975,1.0597,1928,0
SPY190724C298,2019-07-22,2019-07-22 09:47:26,0.98,1.0652,73,0.97,1.0543,146,0.98,1.0652,1,0.975,1.0597,1929,0
SPY190724C298,2019-07-22,2019-07-22 09:47:26,0.98,1.0652,218,0.97,1.0543,136,0.98,1.0652,1,0.975,1.0597,1929,1
SPY190724C298,2019-07-22,2019-07-22 09:47:27,0.98,1.0652,322,0.97,1.0543,146,0.98,1.0652,1,0.975,1.0597,1929,0
SPY190724C298,2019-07-22,2019-07-22 09:47:27,0.98,1.0652,218,0.97,1.0543,146,0.98,1.0652,1,0.975,1.0597,1929,0
SPY190724C298,2019-07-22,2019-07-22 09:47:28,0.98,1.0652,322,0.97,1.0543,136,0.98,1.0652,1,0.975,1.0597,1929,0
SPY190724C298,2019-07-22,2019-07-22 09:47:28,0.98,1.0652,313,0.96,1.0434,153,0.98,1.0652,1,0.97,1.0543,1929,0
SPY190724C298,2019-07-22,2019-07-22 09:47:29,0.98,1.0652,662,0.96,1.0434,153,0.98,1.0652,1,0.97,1.0543,1929,0
SPY190724C298,2019-07-22,2019-07-22 09:47:29,0.98,1.0652,349,0.97,1.0543,6,0.98,1.0652,1,0.975,1.0597,1929,0
SPY190724C298,2019-07-22,2019-07-22 09:47:30,0.99,1.076,504,0.97,1.0543,10,0.98,1.0652,1,0.98,1.0652,1929,0
SPY190724C298,2019-07-22,2019-07-22 09:47:31,0.98,1.0652,536,0.96,1.0434,387,0.98,1.0652,1,0.97,1.0543,1929,0
SPY190724C298,2019-07-22,2019-07-22 09:47:31,0.98,1.0652,297,0.96,1.0434,387,0.98,1.0652,1,0.97,1.0543,1929,0
SPY190724C298,2019-07-22,2019-07-22 09:47:32,0.97,1.0543,106,0.96,1.0434,34,0.98,1.0652,1,0.965,1.0489,1929,0
SPY190724C298,2019-07-22,2019-07-22 09:47:32,0.98,1.0652,536,0.97,1.0543,20,0.98,1.0652,1,0.975,1.0597,1929,0
SPY190724C298,2019-07-22,2019-07-22 09:47:33,0.97,1.0543,94,0.96,1.0434,151,0.98,1.0652,1,0.965,1.0489,1929,0
SPY190724C298,2019-07-22,2019-07-22 09:47:33,0.98,1.0652,242,0.96,1.0434,247,0.98,1.0652,1,0.97,1.0543,1929,0
SPY190724C298,2019-07-22,2019-07-22 09:47:34,0.98,1.0652,439,0.97,1.0543,25,0.98,1.0652,1,0.975,1.0597,1929,0
SPY190724C298,2019-07-22,2019-07-22 09:47:34,0.98,1.0652,505,0.97,1.0543,1,0.98,1.0652,1,0.975,1.0597,1929,0
SPY190724C298,2019-07-22,2019-07-22 09:47:35,0.97,1.0543,50,0.96,1.0434,153,0.98,1.0652,1,0.965,1.0489,1929,0
SPY190724C298,2019-07-22,2019-07-22 09:47:35,0.98,1.0652,247,0.97,1.0543,1,0.98,1.0652,1,0.975,1.0597,1929,0
SPY190724C298,2019-07-22,2019-07-22 09:47:36,0.96,1.0434,50,0.95,1.0326,598,0.98,1.0652,1,0.955,1.038,1929,0
SPY190724C298,2019-07-22,2019-07-22 09:47:37,0.96,1.0434,50,0.95,1.0326,246,0.96,1.0434,3,0.955,1.038,1932,3
SPY190724C298,2019-07-22,2019-07-22 09:47:37,0.96,1.0434,50,0.95,1.0326,209,0.98,1.0652,1,0.955,1.038,1929,0
SPY190724C298,2019-07-22,2019-07-22 09:47:38,0.97,1.0543,529,0.95,1.0326,302,0.96,1.0434,3,0.96,1.0434,1932,0
SPY190724C298,2019-07-22,2019-07-22 09:47:38,0.98,1.0652,613,0.96,1.0434,26,0.98,1.0652,1,0.97,1.0543,1933,1
SPY190724C298,2019-07-22,2019-07-22 09:47:39,0.98,1.0652,539,0.96,1.0434,152,0.98,1.0652,1,0.97,1.0543,1933,0
SPY190724C298,2019-07-22,2019-07-22 09:47:39,0.97,1.0543,60,0.96,1.0434,26,0.98,1.0652,1,0.965,1.0489,1933,0
SPY190724C298,2019-07-22,2019-07-22 09:47:40,0.98,1.0652,728,0.96,1.0434,110,0.98,1.0652,1,0.97,1.0543,1933,0
SPY190724C298,2019-07-22,2019-07-22 09:47:40,0.97,1.0543,118,0.96,1.0434,147,0.96,1.0434,2,0.965,1.0489,1935,2
SPY190724C298,2019-07-22,2019-07-22 09:47:41,0.97,1.0543,118,0.96,1.0434,147,0.96,1.0434,2,0.965,1.0489,1935,0
SPY190724C298,2019-07-22,2019-07-22 09:47:41,0.97,1.0543,324,0.96,1.0434,147,0.96,1.0434,2,0.965,1.0489,1935,0
SPY190724C298,2019-07-22,2019-07-22 09:47:42,0.97,1.0543,50,0.96,1.0434,5,0.96,1.0434,2,0.965,1.0489,1935,0
SPY190724C298,2019-07-22,2019-07-22 09:47:43,0.97,1.0543,333,0.96,1.0434,7,0.96,1.0434,2,0.965,1.0489,1935,0
SPY190724C298,2019-07-22,2019-07-22 09:47:43,0.97,1.0543,151,0.96,1.0434,1,0.96,1.0434,2,0.965,1.0489,1935,0
SPY190724C298,2019-07-22,2019-07-22 09:47:44,0.97,1.0543,92,0.96,1.0434,20,0.96,1.0434,2,0.965,1.0489,1935,0
SPY190724C298,2019-07-22,2019-07-22 09:47:44,0.97,1.0543,92,0.96,1.0434,152,0.96,1.0434,2,0.965,1.0489,1935,0
SPY190724C298,2019-07-22,2019-07-22 09:47:45,0.97,1.0543,92,0.96,1.0434,152,0.96,1.0434,2,0.965,1.0489,1935,0
SPY190724C298,2019-07-22,2019-07-22 09:47:45,0.98,1.0652,449,0.96,1.0434,292,0.96,1.0434,2,0.97,1.0543,1935,0
SPY190724C298,2019-07-22,2019-07-22 09:47:46,0.98,1.0652,224,0.97,1.0543,20,0.96,1.0434,2,0.975,1.0597,1935,0
SPY190724C298,2019-07-22,2019-07-22 09:47:47,0.98,1.0652,224,0.97,1.0543,39,0.96,1.0434,2,0.975,1.0597,1935,0
SPY190724C298,2019-07-22,2019-07-22 09:47:47,0.98,1.0652,80,0.97,1.0543,39,0.96,1.0434,2,0.975,1.0597,1935,0
SPY190724C298,2019-07-22,2019-07-22 09:47:48,0.98,1.0652,115,0.97,1.0543,46,0.96,1.0434,2,0.975,1.0597,1935,0
SPY190724C298,2019-07-22,2019-07-22 09:47:48,0.98,1.0652,195,0.97,1.0543,46,0.96,1.0434,2,0.975,1.0597,1935,0
SPY190724C298,2019-07-22,2019-07-22 09:47:49,0.98,1.0652,145,0.97,1.0543,46,0.96,1.0434,2,0.975,1.0597,1935,0
SPY190724C298,2019-07-22,2019-07-22 09:47:49,0.98,1.0652,80,0.97,1.0543,39,0.96,1.0434,2,0.975,1.0597,1935,0
SPY190724C298,2019-07-22,2019-07-22 09:47:50,0.98,1.0652,77,0.97,1.0543,39,0.96,1.0434,2,0.975,1.0597,1935,0
SPY190724C298,2019-07-22,2019-07-22 09:47:51,0.98,1.0652,72,0.97,1.0543,39,0.96,1.0434,2,0.975,1.0597,1935,0
SPY190724C298,2019-07-22,2019-07-22 09:47:51,0.98,1.0652,92,0.97,1.0543,50,0.96,1.0434,2,0.975,1.0597,1935,0
SPY190724C298,2019-07-22,2019-07-22 09:47:52,0.98,1.0652,92,0.97,1.0543,40,0.96,1.0434,2,0.975,1.0597,1935,0
SPY190724C298,2019-07-22,2019-07-22 09:47:52,0.98,1.0652,92,0.97,1.0543,50,0.96,1.0434,2,0.975,1.0597,1935,0
SPY190724C298,2019-07-22,2019-07-22 09:47:53,0.98,1.0652,254,0.97,1.0543,41,0.96,1.0434,2,0.975,1.0597,1935,0
SPY190724C298,2019-07-22,2019-07-22 09:47:53,0.98,1.0652,333,0.97,1.0543,40,0.96,1.0434,2,0.975,1.0597,1935,0
SPY190724C298,2019-07-22,2019-07-22 09:47:54,0.98,1.0652,333,0.97,1.0543,41,0.96,1.0434,2,0.975,1.0597,1935,0
SPY190724C298,2019-07-22,2019-07-22 09:47:54,0.99,1.076,165,0.97,1.0543,89,0.96,1.0434,2,0.98,1.0652,1935,0
SPY190724C298,2019-07-22,2019-07-22 09:47:55,0.98,1.0652,50,0.97,1.0543,171,0.96,1.0434,2,0.975,1.0597,1935,0
SPY190724C298,2019-07-22,2019-07-22 09:47:56,0.99,1.076,333,0.98,1.0652,11,0.96,1.0434,2,0.985,1.0706,1935,0
SPY190724C298,2019-07-22,2019-07-22 09:47:56,0.99,1.076,333,0.97,1.0543,236,0.96,1.0434,2,0.98,1.0652,1935,0
SPY190724C298,2019-07-22,2019-07-22 09:47:57,0.99,1.076,259,0.97,1.0543,660,0.96,1.0434,2,0.98,1.0652,1935,0
SPY190724C298,2019-07-22,2019-07-22 09:47:57,0.99,1.076,529,0.98,1.0652,39,0.96,1.0434,2,0.985,1.0706,1935,0
SPY190724C298,2019-07-22,2019-07-22 09:47:58,0.99,1.076,135,0.97,1.0543,471,0.96,1.0434,2,0.98,1.0652,1935,0
SPY190724C298,2019-07-22,2019-07-22 09:47:58,0.99,1.076,449,0.98,1.0652,7,0.96,1.0434,2,0.985,1.0706,1935,0
SPY190724C298,2019-07-22,2019-07-22 09:47:59,0.98,1.0652,50,0.97,1.0543,189,0.96,1.0434,2,0.975,1.0597,1935,0
SPY190724C298,2019-07-22,2019-07-22 09:48:00,0.98,1.0652,72,0.97,1.0543,149,0.96,1.0434,2,0.975,1.0597,1935,0
SPY190724C298,2019-07-22,2019-07-22 09:48:00,0.98,1.0652,60,0.97,1.0543,149,0.96,1.0434,2,0.975,1.0597,1935,0
SPY190724C298,2019-07-22,2019-07-22 09:48:01,0.98,1.0652,106,0.97,1.0543,139,0.96,1.0434,2,0.975,1.0597,1935,0
SPY190724C298,2019-07-22,2019-07-22 09:48:01,0.99,1.076,432,0.97,1.0543,189,0.96,1.0434,2,0.98,1.0652,1935,0
SPY190724C298,2019-07-22,2019-07-22 09:48:02,0.98,1.0652,59,0.97,1.0543,149,0.96,1.0434,2,0.975,1.0597,1935,0
SPY190724C298,2019-07-22,2019-07-22 09:48:02,0.98,1.0652,326,0.97,1.0543,139,0.96,1.0434,2,0.975,1.0597,1935,0
SPY190724C298,2019-07-22,2019-07-22 09:48:03,0.98,1.0652,92,0.97,1.0543,149,0.96,1.0434,2,0.975,1.0597,1935,0
SPY190724C298,2019-07-22,2019-07-22 09:48:04,0.98,1.0652,324,0.97,1.0543,11,0.96,1.0434,2,0.975,1.0597,1935,0
SPY190724C298,2019-07-22,2019-07-22 09:48:04,0.98,1.0652,324,0.97,1.0543,37,0.96,1.0434,2,0.975,1.0597,1935,0
SPY190724C298,2019-07-22,2019-07-22 09:48:05,0.98,1.0652,72,0.97,1.0543,49,0.96,1.0434,2,0.975,1.0597,1935,0
SPY190724C298,2019-07-22,2019-07-22 09:48:06,0.99,1.076,665,0.97,1.0543,281,0.96,1.0434,2,0.98,1.0652,1935,0
SPY190724C298,2019-07-22,2019-07-22 09:48:06,0.99,1.076,218,0.97,1.0543,205,0.96,1.0434,2,0.98,1.0652,1935,0
SPY190724C298,2019-07-22,2019-07-22 09:48:07,0.99,1.076,449,0.97,1.0543,239,0.96,1.0434,2,0.98,1.0652,1935,0
SPY190724C298,2019-07-22,2019-07-22 09:48:07,0.99,1.076,921,0.97,1.0543,249,0.96,1.0434,2,0.98,1.0652,1935,0
SPY190724C298,2019-07-22,2019-07-22 09:48:08,0.99,1.076,231,0.98,1.0652,5,0.96,1.0434,2,0.985,1.0706,1935,0
SPY190724C298,2019-07-22,2019-07-22 09:48:08,0.99,1.076,255,0.97,1.0543,318,0.96,1.0434,2,0.98,1.0652,1935,0
SPY190724C298,2019-07-22,2019-07-22 09:48:09,0.99,1.076,65,0.98,1.0652,5,0.96,1.0434,2,0.985,1.0706,1935,0
SPY190724C298,2019-07-22,2019-07-22 09:48:10,0.99,1.076,60,0.98,1.0652,152,0.96,1.0434,2,0.985,1.0706,1935,0
SPY190724C298,2019-07-22,2019-07-22 09:48:10,0.99,1.076,128,0.98,1.0652,112,0.96,1.0434,2,0.985,1.0706,1935,0
SPY190724C298,2019-07-22,2019-07-22 09:48:11,0.99,1.076,57,0.98,1.0652,135,0.96,1.0434,2,0.985,1.0706,1935,0
SPY190724C298,2019-07-22,2019-07-22 09:48:11,0.99,1.076,82,0.98,1.0652,135,0.96,1.0434,2,0.985,1.0706,1935,0
SPY190724C298,2019-07-22,2019-07-22 09:48:12,0.99,1.076,127,0.98,1.0652,130,0.96,1.0434,2,0.985,1.0706,1935,0
SPY190724C298,2019-07-22,2019-07-22 09:48:12,0.99,1.076,82,0.98,1.0652,135,0.96,1.0434,2,0.985,1.0706,1935,0
SPY190724C298,2019-07-22,2019-07-22 09:48:13,0.99,1.076,177,0.98,1.0652,130,0.96,1.0434,2,0.985,1.0706,1935,0
SPY190724C298,2019-07-22,2019-07-22 09:48:14,0.99,1.076,106,0.97,1.0543,942,0.96,1.0434,2,0.98,1.0652,1935,0
SPY190724C298,2019-07-22,2019-07-22 09:48:14,0.99,1.076,177,0.98,1.0652,130,0.96,1.0434,2,0.985,1.0706,1935,0
SPY190724C298,2019-07-22,2019-07-22 09:48:15,0.99,1.076,106,0.97,1.0543,1089,0.99,1.076,9,0.98,1.0652,1945,10
SPY190724C298,2019-07-22,2019-07-22 09:48:15,0.99,1.076,175,0.98,1.0652,1,0.99,1.076,9,0.985,1.0706,1945,0
SPY190724C298,2019-07-22,2019-07-22 09:48:16,0.99,1.076,55,0.98,1.0652,20,0.99,1.076,9,0.985,1.0706,1945,0
SPY190724C298,2019-07-22,2019-07-22 09:48:16,1.0,1.0869,447,0.98,1.0652,645,0.99,1.076,9,0.99,1.076,1945,0
SPY190724C298,2019-07-22,2019-07-22 09:48:17,1.0,1.0869,447,0.99,1.076,7,0.99,1.076,9,0.995,1.0815,1945,0
SPY190724C298,2019-07-22,2019-07-22 09:48:18,1.0,1.0869,270,0.98,1.0652,152,0.99,1.076,9,0.99,1.076,1945,0
SPY190724C298,2019-07-22,2019-07-22 09:48:18,1.0,1.0869,920,0.98,1.0652,146,0.99,1.076,9,0.99,1.076,1945,0
SPY190724C298,2019-07-22,2019-07-22 09:48:19,1.0,1.0869,424,0.98,1.0652,307,0.99,1.076,9,0.99,1.076,1945,0
SPY190724C298,2019-07-22,2019-07-22 09:48:20,1.0,1.0869,582,0.99,1.076,7,0.99,1.076,9,0.995,1.0815,1945,0
SPY190724C298,2019-07-22,2019-07-22 09:48:20,1.0,1.0869,620,0.99,1.076,7,0.99,1.076,9,0.995,1.0815,1945,0
SPY190724C298,2019-07-22,2019-07-22 09:48:21,1.0,1.0869,527,0.99,1.076,40,0.99,1.076,9,0.995,1.0815,1945,0
SPY190724C298,2019-07-22,2019-07-22 09:48:21,1.0,1.0869,527,0.99,1.076,7,0.99,1.076,9,0.995,1.0815,1945,0
SPY190724C298,2019-07-22,2019-07-22 09:48:22,1.0,1.0869,194,0.99,1.076,27,0.99,1.076,9,0.995,1.0815,1945,0
SPY190724C298,2019-07-22,2019-07-22 09:48:22,1.0,1.0869,194,0.99,1.076,40,0.99,1.076,9,0.995,1.0815,1945,0
SPY190724C298,2019-07-22,2019-07-22 09:48:23,1.0,1.0869,194,0.99,1.076,168,0.99,1.076,9,0.995,1.0815,1945,0
SPY190724C298,2019-07-22,2019-07-22 09:48:23,1.0,1.0869,194,0.99,1.076,114,0.99,1.076,9,0.995,1.0815,1945,0
SPY190724C298,2019-07-22,2019-07-22 09:48:24,1.0,1.0869,194,0.99,1.076,168,0.99,1.076,9,0.995,1.0815,1945,0
SPY190724C298,2019-07-22,2019-07-22 09:48:24,1.0,1.0869,115,0.99,1.076,26,0.99,1.076,9,0.995,1.0815,1945,0
SPY190724C298,2019-07-22,2019-07-22 09:48:25,1.0,1.0869,141,0.99,1.076,44,0.99,1.076,9,0.995,1.0815,1945,0
SPY190724C298,2019-07-22,2019-07-22 09:48:26,1.0,1.0869,191,0.99,1.076,76,0.99,1.076,9,0.995,1.0815,1945,0
SPY190724C298,2019-07-22,2019-07-22 09:48:27,1.0,1.0869,191,0.99,1.076,55,0.99,1.076,9,0.995,1.0815,1945,0
SPY190724C298,2019-07-22,2019-07-22 09:48:27,1.0,1.0869,12,0.99,1.076,166,0.99,1.076,9,0.995,1.0815,1945,0
SPY190724C298,2019-07-22,2019-07-22 09:48:28,1.01,1.0978,182,1.0,1.0869,1,1.0,1.0869,10,1.005,1.0923,1957,12
SPY190724C298,2019-07-22,2019-07-22 09:48:28,1.01,1.0978,159,1.0,1.0869,202,1.0,1.0869,10,1.005,1.0923,1957,0
SPY190724C298,2019-07-22,2019-07-22 09:48:29,1.01,1.0978,556,1.0,1.0869,60,1.0,1.0869,10,1.005,1.0923,1957,0
SPY190724C298,2019-07-22,2019-07-22 09:48:30,1.0,1.0869,762,0.97,1.0543,476,1.0,1.0869,60,0.985,1.0706,2017,60
SPY190724C298,2019-07-22,2019-07-22 09:48:30,0.99,1.076,159,0.98,1.0652,87,1.0,1.0869,60,0.985,1.0706,2017,0
SPY190724C298,2019-07-22,2019-07-22 09:48:31,1.0,1.0869,341,0.98,1.0652,48,1.0,1.0869,60,0.99,1.076,2017,0
SPY190724C298,2019-07-22,2019-07-22 09:48:31,0.99,1.076,179,0.97,1.0543,654,1.0,1.0869,60,0.98,1.0652,2017,0
SPY190724C298,2019-07-22,2019-07-22 09:48:32,0.99,1.076,33,0.97,1.0543,892,1.0,1.0869,60,0.98,1.0652,2017,0
SPY190724C298,2019-07-22,2019-07-22 09:48:33,1.0,1.0869,137,0.99,1.076,79,1.0,1.0869,60,0.995,1.0815,2017,0
SPY190724C298,2019-07-22,2019-07-22 09:48:33,0.99,1.076,50,0.98,1.0652,136,1.0,1.0869,60,0.985,1.0706,2017,0
SPY190724C298,2019-07-22,2019-07-22 09:48:34,1.01,1.0978,642,0.99,1.076,126,1.0,1.0869,60,1.0,1.0869,2017,0
SPY190724C298,2019-07-22,2019-07-22 09:48:35,1.01,1.0978,564,0.99,1.076,171,1.0,1.0869,60,1.0,1.0869,2017,0
SPY190724C298,2019-07-22,2019-07-22 09:48:35,1.01,1.0978,642,0.99,1.076,171,1.0,1.0869,60,1.0,1.0869,2017,0
SPY190724C298,2019-07-22,2019-07-22 09:48:36,1.01,1.0978,29,1.0,1.0869,154,1.0,1.0869,60,1.005,1.0923,2017,0
SPY190724C298,2019-07-22,2019-07-22 09:48:36,1.01,1.0978,1,1.0,1.0869,154,1.0,1.0869,60,1.005,1.0923,2017,0
SPY190724C298,2019-07-22,2019-07-22 09:48:37,1.01,1.0978,163,1.0,1.0869,36,1.0,1.0869,60,1.005,1.0923,2017,0
SPY190724C298,2019-07-22,2019-07-22 09:48:37,1.01,1.0978,29,1.0,1.0869,46,1.0,1.0869,60,1.005,1.0923,2017,0
SPY190724C298,2019-07-22,2019-07-22 09:48:38,1.01,1.0978,104,0.99,1.076,46,1.0,1.0869,60,1.0,1.0869,2017,0
SPY190724C298,2019-07-22,2019-07-22 09:48:38,1.01,1.0978,163,1.0,1.0869,36,1.0,1.0869,60,1.005,1.0923,2017,0
SPY190724C298,2019-07-22,2019-07-22 09:48:39,1.01,1.0978,751,0.99,1.076,46,1.0,1.0869,60,1.0,1.0869,2017,0
SPY190724C298,2019-07-22,2019-07-22 09:48:40,1.0,1.0869,240,0.99,1.076,71,1.0,1.0869,60,0.995,1.0815,2017,0
SPY190724C298,2019-07-22,2019-07-22 09:48:40,1.0,1.0869,214,0.99,1.076,20,1.0,1.0869,60,0.995,1.0815,2017,0
SPY190724C298,2019-07-22,2019-07-22 09:48:41,1.0,1.0869,164,0.99,1.076,36,1.0,1.0869,60,0.995,1.0815,2017,0
SPY190724C298,2019-07-22,2019-07-22 09:48:41,1.0,1.0869,164,0.99,1.076,46,1.0,1.0869,60,0.995,1.0815,2017,0
SPY190724C298,2019-07-22,2019-07-22 09:48:42,1.0,1.0869,164,0.99,1.076,46,1.0,1.0869,60,0.995,1.0815,2017,0
SPY190724C298,2019-07-22,2019-07-22 09:48:42,1.0,1.0869,85,0.99,1.076,81,1.0,1.0869,60,0.995,1.0815,2017,0
SPY190724C298,2019-07-22,2019-07-22 09:48:43,1.01,1.0978,660,0.99,1.076,121,1.0,1.0869,60,1.0,1.0869,2017,0
SPY190724C298,2019-07-22,2019-07-22 09:48:43,1.01,1.0978,660,0.99,1.076,91,1.0,1.0869,60,1.0,1.0869,2017,0
SPY190724C298,2019-07-22,2019-07-22 09:48:44,1.0,1.0869,73,0.99,1.076,71,1.0,1.0869,60,0.995,1.0815,2017,0
SPY190724C298,2019-07-22,2019-07-22 09:48:45,1.01,1.0978,230,0.99,1.076,262,1.0,1.0869,60,1.0,1.0869,2017,0
SPY190724C298,2019-07-22,2019-07-22 09:48:45,1.01,1.0978,193,0.99,1.076,348,1.0,1.0869,60,1.0,1.0869,2017,0
SPY190724C298,2019-07-22,2019-07-22 09:48:46,1.01,1.0978,189,1.0,1.0869,83,1.01,1.0978,4,1.005,1.0923,2022,5
SPY190724C298,2019-07-22,2019-07-22 09:48:46,1.01,1.0978,193,1.0,1.0869,46,1.0,1.0869,60,1.005,1.0923,2017,0
SPY190724C298,2019-07-22,2019-07-22 09:48:47,1.01,1.0978,108,1.0,1.0869,83,1.01,1.0978,4,1.005,1.0923,2022,0
SPY190724C298,2019-07-22,2019-07-22 09:48:47,1.02,1.1086,84,1.01,1.0978,44,1.01,1.0978,4,1.015,1.1032,2022,0
SPY190724C298,2019-07-22,2019-07-22 09:48:48,1.02,1.1086,219,1.0,1.0869,68,1.01,1.0978,4,1.01,1.0978,2022,0
SPY190724C298,2019-07-22,2019-07-22 09:48:49,1.01,1.0978,137,1.0,1.0869,80,1.01,1.0978,4,1.005,1.0923,2022,0
SPY190724C298,2019-07-22,2019-07-22 09:48:49,1.01,1.0978,242,1.0,1.0869,40,1.01,1.0978,4,1.005,1.0923,2022,0
SPY190724C298,2019-07-22,2019-07-22 09:48:50,1.01,1.0978,192,1.0,1.0869,20,1.01,1.0978,4,1.005,1.0923,2022,0
SPY190724C298,2019-07-22,2019-07-22 09:48:50,1.01,1.0978,192,1.0,1.0869,36,1.01,1.0978,4,1.005,1.0923,2022,0
SPY190724C298,2019-07-22,2019-07-22 09:48:51,1.01,1.0978,192,1.0,1.0869,6,1.01,1.0978,4,1.005,1.0923,2022,0
SPY190724C298,2019-07-22,2019-07-22 09:48:52,1.01,1.0978,192,1.0,1.0869,40,1.01,1.0978,4,1.005,1.0923,2022,0
SPY190724C298,2019-07-22,2019-07-22 09:48:53,1.01,1.0978,192,1.0,1.0869,80,1.01,1.0978,4,1.005,1.0923,2022,0
SPY190724C298,2019-07-22,2019-07-22 09:48:53,1.01,1.0978,192,1.0,1.0869,130,1.01,1.0978,4,1.005,1.0923,2022,0
SPY190724C298,2019-07-22,2019-07-22 09:48:54,1.02,1.1086,264,1.0,1.0869,460,1.01,1.0978,4,1.01,1.0978,2022,0
SPY190724C298,2019-07-22,2019-07-22 09:48:54,1.02,1.1086,188,1.0,1.0869,481,1.01,1.0978,4,1.01,1.0978,2022,0
SPY190724C298,2019-07-22,2019-07-22 09:48:55,1.01,1.0978,164,1.0,1.0869,97,1.01,1.0978,4,1.005,1.0923,2022,0
SPY190724C298,2019-07-22,2019-07-22 09:48:55,1.02,1.1086,188,1.0,1.0869,825,1.01,1.0978,4,1.01,1.0978,2022,0
SPY190724C298,2019-07-22,2019-07-22 09:48:56,1.02,1.1086,685,1.0,1.0869,83,1.02,1.1086,1,1.01,1.0978,2027,0
SPY190724C298,2019-07-22,2019-07-22 09:48:56,1.02,1.1086,670,1.0,1.0869,161,1.02,1.1086,1,1.01,1.0978,2027,5
SPY190724C298,2019-07-22,2019-07-22 09:48:57,1.01,1.0978,29,1.0,1.0869,83,1.02,1.1086,1,1.005,1.0923,2027,0
SPY190724C298,2019-07-22,2019-07-22 09:48:57,1.01,1.0978,144,1.0,1.0869,97,1.01,1.0978,1,1.005,1.0923,2028,1
SPY190724C298,2019-07-22,2019-07-22 09:48:58,1.01,1.0978,332,1.0,1.0869,40,1.01,1.0978,1,1.005,1.0923,2028,0
SPY190724C298,2019-07-22,2019-07-22 09:48:59,1.01,1.0978,198,1.0,1.0869,40,1.01,1.0978,1,1.005,1.0923,2028,0
SPY190724C298,2019-07-22,2019-07-22 09:48:59,1.01,1.0978,559,1.0,1.0869,40,1.01,1.0978,1,1.005,1.0923,2028,0
SPY190724C298,2019-07-22,2019-07-22 09:49:00,1.01,1.0978,113,1.01,1.0978,6,1.01,1.0978,1,1.01,1.0978,2028,0
SPY190724C298,2019-07-22,2019-07-22 09:49:00,1.01,1.0978,113,1.0,1.0869,62,1.01,1.0978,1,1.005,1.0923,2028,0
SPY190724C298,2019-07-22,2019-07-22 09:49:01,1.02,1.1086,571,1.01,1.0978,6,1.01,1.0978,1,1.015,1.1032,2028,0
SPY190724C298,2019-07-22,2019-07-22 09:49:02,1.02,1.1086,328,1.01,1.0978,6,1.01,1.0978,1,1.015,1.1032,2028,0
SPY190724C298,2019-07-22,2019-07-22 09:49:02,1.02,1.1086,639,1.01,1.0978,6,1.01,1.0978,1,1.015,1.1032,2028,0
SPY190724C298,2019-07-22,2019-07-22 09:49:03,1.01,1.0978,1,1.0,1.0869,45,1.01,1.0978,6,1.005,1.0923,2034,6
SPY190724C298,2019-07-22,2019-07-22 09:49:04,1.01,1.0978,113,1.0,1.0869,80,1.01,1.0978,6,1.005,1.0923,2034,0
SPY190724C298,2019-07-22,2019-07-22 09:49:04,1.01,1.0978,50,1.0,1.0869,80,1.01,1.0978,6,1.005,1.0923,2034,0
SPY190724C298,2019-07-22,2019-07-22 09:49:05,1.01,1.0978,113,1.0,1.0869,80,1.01,1.0978,6,1.005,1.0923,2034,0
SPY190724C298,2019-07-22,2019-07-22 09:49:06,1.03,1.1195,444,1.01,1.0978,70,1.01,1.0978,6,1.02,1.1086,2034,0
SPY190724C298,2019-07-22,2019-07-22 09:49:06,1.02,1.1086,164,1.0,1.0869,112,1.01,1.0978,6,1.01,1.0978,2034,0
SPY190724C298,2019-07-22,2019-07-22 09:49:07,1.02,1.1086,164,1.01,1.0978,120,1.01,1.0978,6,1.015,1.1032,2034,0
SPY190724C298,2019-07-22,2019-07-22 09:49:07,1.02,1.1086,164,1.0,1.0869,855,1.01,1.0978,6,1.01,1.0978,2034,0
SPY190724C298,2019-07-22,2019-07-22 09:49:08,1.03,1.1195,239,1.01,1.0978,50,1.01,1.0978,6,1.02,1.1086,2034,0
SPY190724C298,2019-07-22,2019-07-22 09:49:09,1.03,1.1195,293,1.01,1.0978,50,1.01,1.0978,6,1.02,1.1086,2034,0
SPY190724C298,2019-07-22,2019-07-22 09:49:09,1.03,1.1195,672,1.01,1.0978,78,1.01,1.0978,6,1.02,1.1086,2034,0
SPY190724C298,2019-07-22,2019-07-22 09:49:10,1.03,1.1195,681,1.02,1.1086,9,1.01,1.0978,6,1.025,1.1141,2034,0
SPY190724C298,2019-07-22,2019-07-22 09:49:10,1.03,1.1195,681,1.0,1.0869,856,1.01,1.0978,6,1.015,1.1032,2034,0
SPY190724C298,2019-07-22,2019-07-22 09:49:11,1.02,1.1086,1,1.01,1.0978,98,1.02,1.1086,9,1.015,1.1032,2044,9
SPY190724C298,2019-07-22,2019-07-22 09:49:11,1.02,1.1086,103,1.0,1.0869,856,1.01,1.0978,1,1.01,1.0978,2035,1
SPY190724C298,2019-07-22,2019-07-22 09:49:12,1.03,1.1195,140,1.01,1.0978,419,1.02,1.1086,9,1.02,1.1086,2044,0
SPY190724C298,2019-07-22,2019-07-22 09:49:12,1.03,1.1195,140,1.01,1.0978,330,1.02,1.1086,9,1.02,1.1086,2044,0
SPY190724C298,2019-07-22,2019-07-22 09:49:13,1.03,1.1195,286,1.01,1.0978,266,1.02,1.1086,9,1.02,1.1086,2044,0
SPY190724C298,2019-07-22,2019-07-22 09:49:13,1.02,1.1086,25,1.01,1.0978,118,1.02,1.1086,9,1.015,1.1032,2044,0
SPY190724C298,2019-07-22,2019-07-22 09:49:14,1.03,1.1195,672,1.01,1.0978,9,1.02,1.1086,9,1.02,1.1086,2044,0
SPY190724C298,2019-07-22,2019-07-22 09:49:15,1.02,1.1086,127,1.01,1.0978,79,1.02,1.1086,9,1.015,1.1032,2044,0
SPY190724C298,2019-07-22,2019-07-22 09:49:15,1.02,1.1086,46,1.01,1.0978,1,1.02,1.1086,9,1.015,1.1032,2044,0
SPY190724C298,2019-07-22,2019-07-22 09:49:16,1.02,1.1086,26,1.01,1.0978,36,1.02,1.1086,9,1.015,1.1032,2044,0
SPY190724C298,2019-07-22,2019-07-22 09:49:16,1.02,1.1086,127,1.01,1.0978,79,1.02,1.1086,9,1.015,1.1032,2044,0
SPY190724C298,2019-07-22,2019-07-22 09:49:17,1.02,1.1086,152,1.01,1.0978,36,1.01,1.0978,2,1.015,1.1032,2046,2
SPY190724C298,2019-07-22,2019-07-22 09:49:17,1.02,1.1086,75,1.01,1.0978,36,1.02,1.1086,9,1.015,1.1032,2044,0
SPY190724C298,2019-07-22,2019-07-22 09:49:18,1.02,1.1086,289,1.01,1.0978,1,1.01,1.0978,2,1.015,1.1032,2046,0
SPY190724C298,2019-07-22,2019-07-22 09:49:18,1.02,1.1086,113,1.0,1.0869,363,1.01,1.0978,2,1.01,1.0978,2046,0
SPY190724C298,2019-07-22,2019-07-22 09:49:19,1.02,1.1086,156,1.0,1.0869,540,1.01,1.0978,2,1.01,1.0978,2046,0
SPY190724C298,2019-07-22,2019-07-22 09:49:19,1.02,1.1086,75,1.01,1.0978,36,1.01,1.0978,2,1.015,1.1032,2046,0
SPY190724C298,2019-07-22,2019-07-22 09:49:20,1.02,1.1086,189,1.0,1.0869,417,1.01,1.0978,2,1.01,1.0978,2046,0
SPY190724C298,2019-07-22,2019-07-22 09:49:21,1.02,1.1086,184,1.0,1.0869,339,1.01,1.0978,2,1.01,1.0978,2046,0
SPY190724C298,2019-07-22,2019-07-22 09:49:22,1.01,1.0978,263,1.0,1.0869,5,1.0,1.0869,1,1.005,1.0923,2056,10
SPY190724C298,2019-07-22,2019-07-22 09:49:22,1.01,1.0978,25,1.0,1.0869,123,1.01,1.0978,2,1.005,1.0923,2046,0
SPY190724C298,2019-07-22,2019-07-22 09:49:23,1.01,1.0978,199,0.99,1.076,190,1.0,1.0869,1,1.0,1.0869,2056,0
SPY190724C298,2019-07-22,2019-07-22 09:49:24,1.01,1.0978,377,0.99,1.076,367,1.0,1.0869,1,1.0,1.0869,2056,0
SPY190724C298,2019-07-22,2019-07-22 09:49:24,1.01,1.0978,497,0.99,1.076,884,1.0,1.0869,1,1.0,1.0869,2056,0
SPY190724C298,2019-07-22,2019-07-22 09:49:25,1.01,1.0978,303,0.99,1.076,605,1.0,1.0869,2,1.0,1.0869,2058,2
SPY190724C298,2019-07-22,2019-07-22 09:49:25,1.01,1.0978,119,1.0,1.0869,20,1.0,1.0869,2,1.005,1.0923,2058,0
SPY190724C298,2019-07-22,2019-07-22 09:49:26,1.02,1.1086,278,1.0,1.0869,408,1.0,1.0869,2,1.01,1.0978,2058,0
SPY190724C298,2019-07-22,2019-07-22 09:49:27,1.02,1.1086,189,1.0,1.0869,40,1.0,1.0869,2,1.01,1.0978,2058,0
SPY190724C298,2019-07-22,2019-07-22 09:49:27,1.02,1.1086,278,1.0,1.0869,462,1.0,1.0869,2,1.01,1.0978,2058,0
SPY190724C298,2019-07-22,2019-07-22 09:49:28,1.01,1.0978,25,1.0,1.0869,46,1.0,1.0869,2,1.005,1.0923,2058,0
SPY190724C298,2019-07-22,2019-07-22 09:49:28,1.02,1.1086,191,1.0,1.0869,454,1.0,1.0869,2,1.01,1.0978,2058,0
SPY190724C298,2019-07-22,2019-07-22 09:49:29,1.02,1.1086,20,1.01,1.0978,76,1.0,1.0869,2,1.015,1.1032,2058,0
SPY190724C298,2019-07-22,2019-07-22 09:49:30,1.02,1.1086,25,1.01,1.0978,70,1.0,1.0869,2,1.015,1.1032,2058,0
SPY190724C298,2019-07-22,2019-07-22 09:49:30,1.02,1.1086,25,1.0,1.0869,630,1.0,1.0869,2,1.01,1.0978,2058,0
SPY190724C298,2019-07-22,2019-07-22 09:49:31,1.02,1.1086,25,1.01,1.0978,70,1.01,1.0978,1,1.015,1.1032,2059,0
SPY190724C298,2019-07-22,2019-07-22 09:49:31,1.02,1.1086,25,1.01,1.0978,70,1.01,1.0978,1,1.015,1.1032,2059,1
SPY190724C298,2019-07-22,2019-07-22 09:49:32,1.02,1.1086,14,1.01,1.0978,92,1.01,1.0978,1,1.015,1.1032,2059,0
SPY190724C298,2019-07-22,2019-07-22 09:49:32,1.03,1.1195,128,1.01,1.0978,131,1.01,1.0978,1,1.02,1.1086,2059,0
SPY190724C298,2019-07-22,2019-07-22 09:49:33,1.02,1.1086,2,1.01,1.0978,211,1.01,1.0978,1,1.015,1.1032,2059,0
SPY190724C298,2019-07-22,2019-07-22 09:49:33,1.02,1.1086,2,1.01,1.0978,92,1.01,1.0978,1,1.015,1.1032,2059,0
SPY190724C298,2019-07-22,2019-07-22 09:49:34,1.02,1.1086,25,1.01,1.0978,211,1.01,1.0978,1,1.015,1.1032,2059,0
SPY190724C298,2019-07-22,2019-07-22 09:49:35,1.03,1.1195,172,1.01,1.0978,514,1.01,1.0978,1,1.02,1.1086,2059,0
SPY190724C298,2019-07-22,2019-07-22 09:49:35,1.03,1.1195,172,1.02,1.1086,5,1.01,1.0978,1,1.025,1.1141,2059,0
SPY190724C298,2019-07-22,2019-07-22 09:49:36,1.03,1.1195,218,1.01,1.0978,716,1.01,1.0978,1,1.02,1.1086,2059,0
SPY190724C298,2019-07-22,2019-07-22 09:49:36,1.03,1.1195,139,1.01,1.0978,716,1.01,1.0978,1,1.02,1.1086,2059,0
SPY190724C298,2019-07-22,2019-07-22 09:49:37,1.03,1.1195,184,1.02,1.1086,36,1.01,1.0978,1,1.025,1.1141,2059,0
SPY190724C298,2019-07-22,2019-07-22 09:49:37,1.03,1.1195,184,1.02,1.1086,36,1.02,1.1086,3,1.025,1.1141,2062,3
SPY190724C298,2019-07-22,2019-07-22 09:49:39,1.02,1.1086,2,1.01,1.0978,136,1.01,1.0978,1,1.015,1.1032,2063,0
SPY190724C298,2019-07-22,2019-07-22 09:49:39,1.02,1.1086,2,1.01,1.0978,171,1.01,1.0978,1,1.015,1.1032,2063,1
SPY190724C298,2019-07-22,2019-07-22 09:49:40,1.03,1.1195,133,1.01,1.0978,153,1.01,1.0978,1,1.02,1.1086,2063,0
SPY190724C298,2019-07-22,2019-07-22 09:49:40,1.02,1.1086,2,1.01,1.0978,126,1.01,1.0978,1,1.015,1.1032,2063,0
SPY190724C298,2019-07-22,2019-07-22 09:49:41,1.02,1.1086,184,1.0,1.0869,540,1.01,1.0978,1,1.01,1.0978,2063,0
SPY190724C298,2019-07-22,2019-07-22 09:49:42,1.02,1.1086,177,1.01,1.0978,36,1.01,1.0978,1,1.015,1.1032,2063,0
SPY190724C298,2019-07-22,2019-07-22 09:49:43,1.02,1.1086,177,1.01,1.0978,36,1.01,1.0978,1,1.015,1.1032,2063,0
SPY190724C298,2019-07-22,2019-07-22 09:49:43,1.02,1.1086,172,1.01,1.0978,36,1.01,1.0978,1,1.015,1.1032,2063,0
SPY190724C298,2019-07-22,2019-07-22 09:49:44,1.02,1.1086,172,1.01,1.0978,36,1.01,1.0978,1,1.015,1.1032,2063,0
SPY190724C298,2019-07-22,2019-07-22 09:49:45,1.02,1.1086,172,1.01,1.0978,36,1.01,1.0978,1,1.015,1.1032,2063,0
SPY190724C298,2019-07-22,2019-07-22 09:49:46,1.02,1.1086,143,1.01,1.0978,46,1.02,1.1086,4,1.015,1.1032,2067,0
SPY190724C298,2019-07-22,2019-07-22 09:49:46,1.02,1.1086,114,1.01,1.0978,36,1.02,1.1086,4,1.015,1.1032,2067,4
SPY190724C298,2019-07-22,2019-07-22 09:49:47,1.02,1.1086,63,1.01,1.0978,46,1.02,1.1086,4,1.015,1.1032,2067,0
SPY190724C298,2019-07-22,2019-07-22 09:49:48,1.02,1.1086,63,1.01,1.0978,46,1.02,1.1086,4,1.015,1.1032,2067,0
SPY190724C298,2019-07-22,2019-07-22 09:49:48,1.02,1.1086,63,1.01,1.0978,136,1.02,1.1086,4,1.015,1.1032,2067,0
SPY190724C298,2019-07-22,2019-07-22 09:49:49,1.02,1.1086,133,1.01,1.0978,136,1.02,1.1086,4,1.015,1.1032,2067,0
SPY190724C298,2019-07-22,2019-07-22 09:49:49,1.02,1.1086,69,1.01,1.0978,136,1.02,1.1086,4,1.015,1.1032,2067,0
SPY190724C298,2019-07-22,2019-07-22 09:49:50,1.02,1.1086,153,1.01,1.0978,136,1.02,1.1086,4,1.015,1.1032,2067,0
SPY190724C298,2019-07-22,2019-07-22 09:49:50,1.02,1.1086,153,1.01,1.0978,128,1.02,1.1086,4,1.015,1.1032,2067,0
SPY190724C298,2019-07-22,2019-07-22 09:49:51,1.02,1.1086,154,1.01,1.0978,10,1.02,1.1086,4,1.015,1.1032,2067,0
SPY190724C298,2019-07-22,2019-07-22 09:49:51,1.02,1.1086,113,1.01,1.0978,128,1.02,1.1086,4,1.015,1.1032,2067,0
SPY190724C298,2019-07-22,2019-07-22 09:49:52,1.02,1.1086,91,1.01,1.0978,10,1.02,1.1086,4,1.015,1.1032,2067,0
SPY190724C298,2019-07-22,2019-07-22 09:49:53,1.02,1.1086,25,1.01,1.0978,379,1.02,1.1086,4,1.015,1.1032,2067,0
SPY190724C298,2019-07-22,2019-07-22 09:49:53,1.02,1.1086,69,1.01,1.0978,136,1.02,1.1086,4,1.015,1.1032,2067,0
SPY190724C298,2019-07-22,2019-07-22 09:49:54,1.02,1.1086,85,1.01,1.0978,146,1.02,1.1086,4,1.015,1.1032,2067,0
SPY190724C298,2019-07-22,2019-07-22 09:49:54,1.02,1.1086,75,1.01,1.0978,146,1.02,1.1086,4,1.015,1.1032,2067,0
SPY190724C298,2019-07-22,2019-07-22 09:49:55,1.02,1.1086,50,1.01,1.0978,158,1.02,1.1086,4,1.015,1.1032,2067,0
SPY190724C298,2019-07-22,2019-07-22 09:49:55,1.02,1.1086,1,1.01,1.0978,578,1.02,1.1086,2,1.015,1.1032,2070,3
SPY190724C298,2019-07-22,2019-07-22 09:49:56,1.03,1.1195,60,1.02,1.1086,137,1.02,1.1086,1,1.025,1.1141,2071,0
SPY190724C298,2019-07-22,2019-07-22 09:49:56,1.03,1.1195,60,1.02,1.1086,149,1.02,1.1086,1,1.025,1.1141,2071,1
SPY190724C298,2019-07-22,2019-07-22 09:49:57,1.03,1.1195,60,1.02,1.1086,137,1.02,1.1086,1,1.025,1.1141,2071,0
SPY190724C298,2019-07-22,2019-07-22 09:49:58,1.03,1.1195,316,1.02,1.1086,15,1.02,1.1086,1,1.025,1.1141,2071,0
SPY190724C298,2019-07-22,2019-07-22 09:49:58,1.03,1.1195,426,1.02,1.1086,137,1.02,1.1086,1,1.025,1.1141,2071,0
SPY190724C298,2019-07-22,2019-07-22 09:49:59,1.03,1.1195,660,1.02,1.1086,6,1.02,1.1086,1,1.025,1.1141,2071,0
SPY190724C298,2019-07-22,2019-07-22 09:50:00,1.03,1.1195,746,1.02,1.1086,6,1.02,1.1086,1,1.025,1.1141,2071,0
SPY190724C298,2019-07-22,2019-07-22 09:50:01,1.02,1.1086,317,1.01,1.0978,36,1.02,1.1086,6,1.015,1.1032,2077,6
SPY190724C298,2019-07-22,2019-07-22 09:50:02,1.02,1.1086,125,1.01,1.0978,46,1.02,1.1086,6,1.015,1.1032,2077,0
SPY190724C298,2019-07-22,2019-07-22 09:50:02,1.02,1.1086,172,1.01,1.0978,46,1.02,1.1086,6,1.015,1.1032,2077,0
SPY190724C298,2019-07-22,2019-07-22 09:50:03,1.02,1.1086,153,1.01,1.0978,55,1.02,1.1086,6,1.015,1.1032,2077,0
SPY190724C298,2019-07-22,2019-07-22 09:50:03,1.02,1.1086,125,1.01,1.0978,133,1.02,1.1086,6,1.015,1.1032,2077,0
SPY190724C298,2019-07-22,2019-07-22 09:50:04,1.02,1.1086,138,1.01,1.0978,56,1.02,1.1086,6,1.015,1.1032,2077,0
SPY190724C298,2019-07-22,2019-07-22 09:50:05,1.02,1.1086,138,1.01,1.0978,66,1.02,1.1086,6,1.015,1.1032,2077,0
SPY190724C298,2019-07-22,2019-07-22 09:50:06,1.02,1.1086,134,1.01,1.0978,133,1.02,1.1086,6,1.015,1.1032,2077,0
SPY190724C298,2019-07-22,2019-07-22 09:50:06,1.02,1.1086,97,1.01,1.0978,124,1.02,1.1086,6,1.015,1.1032,2077,0
SPY190724C298,2019-07-22,2019-07-22 09:50:07,1.02,1.1086,97,1.01,1.0978,68,1.02,1.1086,6,1.015,1.1032,2077,0
SPY190724C298,2019-07-22,2019-07-22 09:50:08,1.02,1.1086,50,1.01,1.0978,106,1.02,1.1086,6,1.015,1.1032,2077,0
SPY190724C298,2019-07-22,2019-07-22 09:50:08,1.03,1.1195,664,1.02,1.1086,7,1.02,1.1086,6,1.025,1.1141,2077,0
SPY190724C298,2019-07-22,2019-07-22 09:50:09,1.03,1.1195,664,1.01,1.0978,238,1.02,1.1086,6,1.02,1.1086,2077,0
SPY190724C298,2019-07-22,2019-07-22 09:50:10,1.02,1.1086,138,1.01,1.0978,306,1.02,1.1086,6,1.015,1.1032,2077,0
SPY190724C298,2019-07-22,2019-07-22 09:50:11,1.02,1.1086,138,1.01,1.0978,276,1.02,1.1086,6,1.015,1.1032,2077,0
SPY190724C298,2019-07-22,2019-07-22 09:50:11,1.03,1.1195,596,1.02,1.1086,1,1.02,1.1086,6,1.025,1.1141,2077,0
SPY190724C298,2019-07-22,2019-07-22 09:50:12,1.03,1.1195,596,1.02,1.1086,1,1.02,1.1086,6,1.025,1.1141,2077,0
SPY190724C298,2019-07-22,2019-07-22 09:50:12,1.02,1.1086,164,1.02,1.1086,1,1.02,1.1086,6,1.02,1.1086,2077,0
SPY190724C298,2019-07-22,2019-07-22 09:50:13,1.03,1.1195,596,1.01,1.0978,223,1.02,1.1086,6,1.02,1.1086,2077,0
SPY190724C298,2019-07-22,2019-07-22 09:50:13,1.03,1.1195,664,1.01,1.0978,150,1.02,1.1086,6,1.02,1.1086,2077,0
SPY190724C298,2019-07-22,2019-07-22 09:50:14,1.03,1.1195,416,1.01,1.0978,516,1.02,1.1086,6,1.02,1.1086,2077,0
SPY190724C298,2019-07-22,2019-07-22 09:50:14,1.02,1.1086,97,1.01,1.0978,188,1.02,1.1086,6,1.015,1.1032,2077,0
SPY190724C298,2019-07-22,2019-07-22 09:50:15,1.02,1.1086,50,1.01,1.0978,240,1.02,1.1086,6,1.015,1.1032,2077,0
SPY190724C298,2019-07-22,2019-07-22 09:50:16,1.02,1.1086,50,1.01,1.0978,240,1.02,1.1086,6,1.015,1.1032,2077,0
SPY190724C298,2019-07-22,2019-07-22 09:50:16,1.02,1.1086,47,1.01,1.0978,293,1.02,1.1086,6,1.015,1.1032,2077,0
SPY190724C298,2019-07-22,2019-07-22 09:50:17,1.03,1.1195,582,1.01,1.0978,182,1.02,1.1086,6,1.02,1.1086,2077,0
SPY190724C298,2019-07-22,2019-07-22 09:50:17,1.02,1.1086,164,1.01,1.0978,77,1.02,1.1086,6,1.015,1.1032,2077,0
SPY190724C298,2019-07-22,2019-07-22 09:50:18,1.02,1.1086,121,1.01,1.0978,126,1.02,1.1086,6,1.015,1.1032,2077,0
SPY190724C298,2019-07-22,2019-07-22 09:50:18,1.03,1.1195,484,1.01,1.0978,123,1.02,1.1086,6,1.02,1.1086,2077,0
SPY190724C298,2019-07-22,2019-07-22 09:50:19,1.03,1.1195,217,1.02,1.1086,69,1.02,1.1086,6,1.025,1.1141,2077,0
SPY190724C298,2019-07-22,2019-07-22 09:50:19,1.02,1.1086,121,1.01,1.0978,125,1.02,1.1086,6,1.015,1.1032,2077,0
SPY190724C298,2019-07-22,2019-07-22 09:50:20,1.03,1.1195,217,1.02,1.1086,69,1.02,1.1086,6,1.025,1.1141,2077,0
SPY190724C298,2019-07-22,2019-07-22 09:50:20,1.03,1.1195,177,1.02,1.1086,122,1.02,1.1086,6,1.025,1.1141,2077,0
SPY190724C298,2019-07-22,2019-07-22 09:50:21,1.03,1.1195,172,1.02,1.1086,110,1.02,1.1086,6,1.025,1.1141,2077,0
SPY190724C298,2019-07-22,2019-07-22 09:50:22,1.03,1.1195,50,1.02,1.1086,131,1.02,1.1086,6,1.025,1.1141,2077,0
SPY190724C298,2019-07-22,2019-07-22 09:50:22,1.03,1.1195,69,1.02,1.1086,110,1.02,1.1086,6,1.025,1.1141,2077,0
