symbol,Date,quote_time,ask_price,norm_ask_price,ask_size,bid_price,norm_bid_price,bid_size,last_trade_price,norm_last_trade_price,last_trade_size,mark_price,norm_mark_price,volume,Volume
IWM191129P159,2019-11-25,2019-11-25 09:30:00,0.81,1.0,207,0.68,0.8395,250,1.19,1.4691,1,0.745,0.9197,0,0
IWM191129P159,2019-11-25,2019-11-25 09:30:01,0.76,0.9382,30,0.7,0.8641,75,1.19,1.4691,1,0.73,0.9012,0,0
IWM191129P159,2019-11-25,2019-11-25 09:30:03,0.76,0.9382,30,0.7,0.8641,75,1.19,1.4691,1,0.73,0.9012,0,0
IWM191129P159,2019-11-25,2019-11-25 09:30:03,0.76,0.9382,30,0.7,0.8641,200,1.19,1.4691,1,0.73,0.9012,0,0
IWM191129P159,2019-11-25,2019-11-25 09:30:04,0.77,0.9506,30,0.71,0.8765,75,1.19,1.4691,1,0.74,0.9135,0,0
IWM191129P159,2019-11-25,2019-11-25 09:30:05,0.77,0.9506,24,0.72,0.8888,75,1.19,1.4691,1,0.745,0.9197,0,0
IWM191129P159,2019-11-25,2019-11-25 09:30:05,0.77,0.9506,30,0.71,0.8765,75,1.19,1.4691,1,0.74,0.9135,0,0
IWM191129P159,2019-11-25,2019-11-25 09:30:06,0.79,0.9753,30,0.72,0.8888,112,1.19,1.4691,1,0.755,0.932,0,0
IWM191129P159,2019-11-25,2019-11-25 09:30:06,0.79,0.9753,30,0.73,0.9012,112,1.19,1.4691,1,0.76,0.9382,0,0
IWM191129P159,2019-11-25,2019-11-25 09:30:07,0.8,0.9876,24,0.74,0.9135,90,1.19,1.4691,1,0.77,0.9506,0,0
IWM191129P159,2019-11-25,2019-11-25 09:30:07,0.8,0.9876,24,0.74,0.9135,75,1.19,1.4691,1,0.77,0.9506,0,0
IWM191129P159,2019-11-25,2019-11-25 09:30:08,0.79,0.9753,10,0.75,0.9259,37,1.19,1.4691,1,0.77,0.9506,0,0
IWM191129P159,2019-11-25,2019-11-25 09:30:08,0.79,0.9753,10,0.74,0.9135,75,1.19,1.4691,1,0.765,0.9444,0,0
IWM191129P159,2019-11-25,2019-11-25 09:30:09,0.79,0.9753,10,0.75,0.9259,37,1.19,1.4691,1,0.77,0.9506,0,0
IWM191129P159,2019-11-25,2019-11-25 09:30:10,0.8,0.9876,40,0.75,0.9259,37,1.19,1.4691,1,0.775,0.9567,0,0
IWM191129P159,2019-11-25,2019-11-25 09:30:10,0.8,0.9876,40,0.74,0.9135,112,1.19,1.4691,1,0.77,0.9506,0,0
IWM191129P159,2019-11-25,2019-11-25 09:30:11,0.8,0.9876,40,0.75,0.9259,112,1.19,1.4691,1,0.775,0.9567,0,0
IWM191129P159,2019-11-25,2019-11-25 09:30:11,0.8,0.9876,40,0.75,0.9259,75,1.19,1.4691,1,0.775,0.9567,0,0
IWM191129P159,2019-11-25,2019-11-25 09:30:12,0.79,0.9753,10,0.74,0.9135,300,1.19,1.4691,1,0.765,0.9444,0,0
IWM191129P159,2019-11-25,2019-11-25 09:30:12,0.81,1.0,10,0.74,0.9135,300,1.19,1.4691,1,0.775,0.9567,0,0
IWM191129P159,2019-11-25,2019-11-25 09:30:13,0.82,1.0123,40,0.78,0.9629,237,1.19,1.4691,1,0.8,0.9876,0,0
IWM191129P159,2019-11-25,2019-11-25 09:30:13,0.82,1.0123,246,0.78,0.9629,300,1.19,1.4691,1,0.8,0.9876,0,0
IWM191129P159,2019-11-25,2019-11-25 09:30:14,0.81,1.0,30,0.77,0.9506,120,1.19,1.4691,1,0.79,0.9753,0,0
IWM191129P159,2019-11-25,2019-11-25 09:30:14,0.81,1.0,98,0.76,0.9382,305,1.19,1.4691,1,0.785,0.9691,0,0
IWM191129P159,2019-11-25,2019-11-25 09:30:15,0.81,1.0,67,0.76,0.9382,305,0.79,0.9753,1,0.785,0.9691,1,1
IWM191129P159,2019-11-25,2019-11-25 09:30:15,0.81,1.0,95,0.76,0.9382,75,0.79,0.9753,1,0.785,0.9691,1,0
IWM191129P159,2019-11-25,2019-11-25 09:30:16,0.81,1.0,85,0.76,0.9382,301,0.79,0.9753,1,0.785,0.9691,1,0
IWM191129P159,2019-11-25,2019-11-25 09:30:16,0.81,1.0,53,0.76,0.9382,112,0.79,0.9753,1,0.785,0.9691,1,0
IWM191129P159,2019-11-25,2019-11-25 09:30:17,0.81,1.0,85,0.75,0.9259,76,0.79,0.9753,1,0.78,0.9629,1,0
IWM191129P159,2019-11-25,2019-11-25 09:30:17,0.8,0.9876,10,0.77,0.9506,100,0.79,0.9753,1,0.785,0.9691,1,0
IWM191129P159,2019-11-25,2019-11-25 09:30:18,0.8,0.9876,5,0.76,0.9382,439,0.79,0.9753,1,0.78,0.9629,1,0
IWM191129P159,2019-11-25,2019-11-25 09:30:18,0.81,1.0,70,0.77,0.9506,156,0.79,0.9753,1,0.79,0.9753,1,0
IWM191129P159,2019-11-25,2019-11-25 09:30:19,0.81,1.0,338,0.76,0.9382,361,0.79,0.9753,1,0.785,0.9691,1,0
IWM191129P159,2019-11-25,2019-11-25 09:30:20,0.79,0.9753,30,0.75,0.9259,410,0.79,0.9753,1,0.77,0.9506,1,0
IWM191129P159,2019-11-25,2019-11-25 09:30:20,0.8,0.9876,99,0.75,0.9259,410,0.79,0.9753,1,0.775,0.9567,1,0
IWM191129P159,2019-11-25,2019-11-25 09:30:21,0.79,0.9753,257,0.73,0.9012,364,0.79,0.9753,1,0.76,0.9382,1,0
IWM191129P159,2019-11-25,2019-11-25 09:30:21,0.79,0.9753,89,0.75,0.9259,34,0.79,0.9753,1,0.77,0.9506,1,0
IWM191129P159,2019-11-25,2019-11-25 09:30:22,0.78,0.9629,132,0.73,0.9012,364,0.79,0.9753,1,0.755,0.932,1,0
IWM191129P159,2019-11-25,2019-11-25 09:30:22,0.78,0.9629,10,0.74,0.9135,281,0.79,0.9753,1,0.76,0.9382,1,0
IWM191129P159,2019-11-25,2019-11-25 09:30:23,0.79,0.9753,25,0.75,0.9259,359,0.79,0.9753,1,0.77,0.9506,1,0
IWM191129P159,2019-11-25,2019-11-25 09:30:23,0.78,0.9629,10,0.74,0.9135,274,0.79,0.9753,1,0.76,0.9382,1,0
IWM191129P159,2019-11-25,2019-11-25 09:30:24,0.8,0.9876,40,0.76,0.9382,299,0.79,0.9753,1,0.78,0.9629,1,0
IWM191129P159,2019-11-25,2019-11-25 09:30:24,0.8,0.9876,21,0.76,0.9382,396,0.79,0.9753,1,0.78,0.9629,1,0
IWM191129P159,2019-11-25,2019-11-25 09:30:25,0.81,1.0,121,0.77,0.9506,103,0.79,0.9753,1,0.79,0.9753,1,0
IWM191129P159,2019-11-25,2019-11-25 09:30:25,0.8,0.9876,5,0.76,0.9382,396,0.79,0.9753,1,0.78,0.9629,1,0
IWM191129P159,2019-11-25,2019-11-25 09:30:26,0.81,1.0,121,0.77,0.9506,441,0.79,0.9753,1,0.79,0.9753,1,0
IWM191129P159,2019-11-25,2019-11-25 09:30:26,0.81,1.0,110,0.77,0.9506,478,0.79,0.9753,1,0.79,0.9753,1,0
IWM191129P159,2019-11-25,2019-11-25 09:30:27,0.82,1.0123,84,0.78,0.9629,97,0.79,0.9753,1,0.8,0.9876,1,0
IWM191129P159,2019-11-25,2019-11-25 09:30:27,0.81,1.0,17,0.77,0.9506,434,0.79,0.9753,1,0.79,0.9753,1,0
IWM191129P159,2019-11-25,2019-11-25 09:30:28,0.82,1.0123,95,0.78,0.9629,502,0.79,0.9753,1,0.8,0.9876,1,0
IWM191129P159,2019-11-25,2019-11-25 09:30:28,0.82,1.0123,96,0.78,0.9629,333,0.79,0.9753,1,0.8,0.9876,1,0
IWM191129P159,2019-11-25,2019-11-25 09:30:29,0.82,1.0123,95,0.78,0.9629,502,0.79,0.9753,1,0.8,0.9876,1,0
IWM191129P159,2019-11-25,2019-11-25 09:30:29,0.82,1.0123,95,0.78,0.9629,531,0.79,0.9753,1,0.8,0.9876,1,0
IWM191129P159,2019-11-25,2019-11-25 09:30:30,0.82,1.0123,95,0.78,0.9629,331,0.79,0.9753,1,0.8,0.9876,1,0
IWM191129P159,2019-11-25,2019-11-25 09:30:30,0.82,1.0123,95,0.78,0.9629,532,0.79,0.9753,1,0.8,0.9876,1,0
IWM191129P159,2019-11-25,2019-11-25 09:30:31,0.82,1.0123,95,0.78,0.9629,106,0.79,0.9753,1,0.8,0.9876,1,0
IWM191129P159,2019-11-25,2019-11-25 09:30:31,0.81,1.0,104,0.77,0.9506,352,0.79,0.9753,1,0.79,0.9753,1,0
IWM191129P159,2019-11-25,2019-11-25 09:30:32,0.81,1.0,104,0.77,0.9506,241,0.79,0.9753,1,0.79,0.9753,1,0
IWM191129P159,2019-11-25,2019-11-25 09:30:32,0.81,1.0,104,0.77,0.9506,526,0.79,0.9753,1,0.79,0.9753,1,0
IWM191129P159,2019-11-25,2019-11-25 09:30:33,0.81,1.0,104,0.77,0.9506,441,0.79,0.9753,1,0.79,0.9753,1,0
IWM191129P159,2019-11-25,2019-11-25 09:30:33,0.81,1.0,147,0.77,0.9506,134,0.79,0.9753,1,0.79,0.9753,1,0
IWM191129P159,2019-11-25,2019-11-25 09:30:34,0.81,1.0,192,0.77,0.9506,1,0.79,0.9753,1,0.79,0.9753,1,0
IWM191129P159,2019-11-25,2019-11-25 09:30:34,0.81,1.0,192,0.76,0.9382,443,0.79,0.9753,1,0.785,0.9691,1,0
IWM191129P159,2019-11-25,2019-11-25 09:30:35,0.81,1.0,192,0.76,0.9382,444,0.79,0.9753,1,0.785,0.9691,1,0
IWM191129P159,2019-11-25,2019-11-25 09:30:36,0.81,1.0,197,0.77,0.9506,134,0.79,0.9753,1,0.79,0.9753,1,0
IWM191129P159,2019-11-25,2019-11-25 09:30:36,0.81,1.0,192,0.77,0.9506,20,0.79,0.9753,1,0.79,0.9753,1,0
IWM191129P159,2019-11-25,2019-11-25 09:30:37,0.81,1.0,434,0.76,0.9382,644,0.79,0.9753,1,0.785,0.9691,1,0
IWM191129P159,2019-11-25,2019-11-25 09:30:37,0.81,1.0,235,0.77,0.9506,134,0.79,0.9753,1,0.79,0.9753,1,0
IWM191129P159,2019-11-25,2019-11-25 09:30:38,0.8,0.9876,152,0.76,0.9382,20,0.79,0.9753,1,0.78,0.9629,1,0
IWM191129P159,2019-11-25,2019-11-25 09:30:38,0.8,0.9876,92,0.76,0.9382,20,0.79,0.9753,1,0.78,0.9629,1,0
IWM191129P159,2019-11-25,2019-11-25 09:30:39,0.8,0.9876,45,0.76,0.9382,186,0.79,0.9753,1,0.78,0.9629,1,0
IWM191129P159,2019-11-25,2019-11-25 09:30:40,0.8,0.9876,39,0.76,0.9382,372,0.79,0.9753,1,0.78,0.9629,1,0
IWM191129P159,2019-11-25,2019-11-25 09:30:40,0.8,0.9876,39,0.76,0.9382,456,0.79,0.9753,1,0.78,0.9629,1,0
IWM191129P159,2019-11-25,2019-11-25 09:30:41,0.8,0.9876,39,0.76,0.9382,456,0.79,0.9753,1,0.78,0.9629,1,0
IWM191129P159,2019-11-25,2019-11-25 09:30:42,0.8,0.9876,39,0.76,0.9382,504,0.79,0.9753,1,0.78,0.9629,1,0
IWM191129P159,2019-11-25,2019-11-25 09:30:42,0.8,0.9876,39,0.76,0.9382,456,0.79,0.9753,1,0.78,0.9629,1,0
IWM191129P159,2019-11-25,2019-11-25 09:30:43,0.8,0.9876,115,0.76,0.9382,631,0.79,0.9753,1,0.78,0.9629,1,0
IWM191129P159,2019-11-25,2019-11-25 09:30:43,0.8,0.9876,39,0.76,0.9382,504,0.79,0.9753,1,0.78,0.9629,1,0
IWM191129P159,2019-11-25,2019-11-25 09:30:44,0.8,0.9876,115,0.76,0.9382,631,0.79,0.9753,1,0.78,0.9629,1,0
IWM191129P159,2019-11-25,2019-11-25 09:30:44,0.8,0.9876,359,0.76,0.9382,431,0.79,0.9753,1,0.78,0.9629,1,0
IWM191129P159,2019-11-25,2019-11-25 09:30:45,0.8,0.9876,313,0.76,0.9382,155,0.79,0.9753,1,0.78,0.9629,1,0
IWM191129P159,2019-11-25,2019-11-25 09:30:45,0.8,0.9876,339,0.76,0.9382,458,0.79,0.9753,1,0.78,0.9629,1,0
IWM191129P159,2019-11-25,2019-11-25 09:30:46,0.8,0.9876,264,0.76,0.9382,564,0.79,0.9753,1,0.78,0.9629,1,0
IWM191129P159,2019-11-25,2019-11-25 09:30:47,0.8,0.9876,264,0.76,0.9382,564,0.79,0.9753,1,0.78,0.9629,1,0
IWM191129P159,2019-11-25,2019-11-25 09:30:48,0.8,0.9876,264,0.76,0.9382,564,0.79,0.9753,1,0.78,0.9629,1,0
IWM191129P159,2019-11-25,2019-11-25 09:30:48,0.8,0.9876,504,0.75,0.9259,681,0.79,0.9753,1,0.775,0.9567,1,0
IWM191129P159,2019-11-25,2019-11-25 09:30:49,0.8,0.9876,380,0.75,0.9259,487,0.79,0.9753,1,0.775,0.9567,1,0
IWM191129P159,2019-11-25,2019-11-25 09:30:49,0.8,0.9876,476,0.75,0.9259,487,0.79,0.9753,1,0.775,0.9567,1,0
IWM191129P159,2019-11-25,2019-11-25 09:30:50,0.8,0.9876,476,0.75,0.9259,487,0.79,0.9753,1,0.775,0.9567,1,0
IWM191129P159,2019-11-25,2019-11-25 09:30:51,0.79,0.9753,50,0.75,0.9259,444,0.79,0.9753,1,0.77,0.9506,1,0
IWM191129P159,2019-11-25,2019-11-25 09:30:51,0.79,0.9753,20,0.75,0.9259,444,0.79,0.9753,1,0.77,0.9506,1,0
IWM191129P159,2019-11-25,2019-11-25 09:30:52,0.8,0.9876,325,0.75,0.9259,462,0.79,0.9753,1,0.775,0.9567,1,0
IWM191129P159,2019-11-25,2019-11-25 09:30:53,0.8,0.9876,399,0.75,0.9259,462,0.79,0.9753,1,0.775,0.9567,1,0
IWM191129P159,2019-11-25,2019-11-25 09:30:54,0.8,0.9876,82,0.76,0.9382,327,0.79,0.9753,1,0.78,0.9629,1,0
IWM191129P159,2019-11-25,2019-11-25 09:30:54,0.8,0.9876,121,0.76,0.9382,327,0.79,0.9753,1,0.78,0.9629,1,0
IWM191129P159,2019-11-25,2019-11-25 09:30:55,0.8,0.9876,29,0.76,0.9382,200,0.79,0.9753,1,0.78,0.9629,1,0
IWM191129P159,2019-11-25,2019-11-25 09:30:55,0.8,0.9876,260,0.75,0.9259,276,0.79,0.9753,1,0.775,0.9567,1,0
IWM191129P159,2019-11-25,2019-11-25 09:30:56,0.79,0.9753,75,0.75,0.9259,313,0.79,0.9753,1,0.77,0.9506,1,0
IWM191129P159,2019-11-25,2019-11-25 09:30:56,0.8,0.9876,182,0.76,0.9382,240,0.79,0.9753,1,0.78,0.9629,1,0
IWM191129P159,2019-11-25,2019-11-25 09:30:57,0.79,0.9753,50,0.75,0.9259,468,0.79,0.9753,1,0.77,0.9506,1,0
IWM191129P159,2019-11-25,2019-11-25 09:30:57,0.79,0.9753,101,0.75,0.9259,313,0.79,0.9753,1,0.77,0.9506,1,0
IWM191129P159,2019-11-25,2019-11-25 09:30:58,0.79,0.9753,137,0.75,0.9259,528,0.79,0.9753,1,0.77,0.9506,1,0
IWM191129P159,2019-11-25,2019-11-25 09:30:58,0.79,0.9753,57,0.75,0.9259,468,0.79,0.9753,1,0.77,0.9506,1,0
IWM191129P159,2019-11-25,2019-11-25 09:30:59,0.79,0.9753,1,0.76,0.9382,340,0.79,0.9753,1,0.775,0.9567,1,0
IWM191129P159,2019-11-25,2019-11-25 09:30:59,0.8,0.9876,63,0.77,0.9506,395,0.79,0.9753,1,0.785,0.9691,1,0
IWM191129P159,2019-11-25,2019-11-25 09:31:00,0.8,0.9876,75,0.77,0.9506,551,0.79,0.9753,1,0.785,0.9691,1,0
IWM191129P159,2019-11-25,2019-11-25 09:31:00,0.8,0.9876,75,0.77,0.9506,351,0.79,0.9753,1,0.785,0.9691,1,0
IWM191129P159,2019-11-25,2019-11-25 09:31:01,0.8,0.9876,26,0.77,0.9506,559,0.79,0.9753,1,0.785,0.9691,1,0
IWM191129P159,2019-11-25,2019-11-25 09:31:01,0.8,0.9876,26,0.77,0.9506,483,0.79,0.9753,1,0.785,0.9691,1,0
IWM191129P159,2019-11-25,2019-11-25 09:31:02,0.81,1.0,86,0.77,0.9506,525,0.79,0.9753,1,0.79,0.9753,1,0
IWM191129P159,2019-11-25,2019-11-25 09:31:02,0.8,0.9876,26,0.77,0.9506,525,0.79,0.9753,1,0.785,0.9691,1,0
IWM191129P159,2019-11-25,2019-11-25 09:31:03,0.81,1.0,134,0.78,0.9629,20,0.79,0.9753,1,0.795,0.9814,1,0
IWM191129P159,2019-11-25,2019-11-25 09:31:03,0.81,1.0,152,0.78,0.9629,8,0.79,0.9753,1,0.795,0.9814,1,0
IWM191129P159,2019-11-25,2019-11-25 09:31:04,0.81,1.0,116,0.78,0.9629,403,0.79,0.9753,1,0.795,0.9814,1,0
IWM191129P159,2019-11-25,2019-11-25 09:31:04,0.81,1.0,116,0.78,0.9629,338,0.79,0.9753,1,0.795,0.9814,1,0
IWM191129P159,2019-11-25,2019-11-25 09:31:05,0.81,1.0,88,0.78,0.9629,285,0.79,0.9753,1,0.795,0.9814,1,0
IWM191129P159,2019-11-25,2019-11-25 09:31:05,0.81,1.0,116,0.78,0.9629,337,0.79,0.9753,1,0.795,0.9814,1,0
IWM191129P159,2019-11-25,2019-11-25 09:31:06,0.81,1.0,88,0.78,0.9629,95,0.79,0.9753,1,0.795,0.9814,1,0
IWM191129P159,2019-11-25,2019-11-25 09:31:07,0.81,1.0,88,0.78,0.9629,385,0.79,0.9753,1,0.795,0.9814,1,0
IWM191129P159,2019-11-25,2019-11-25 09:31:08,0.8,0.9876,65,0.77,0.9506,20,0.79,0.9753,1,0.785,0.9691,1,0
IWM191129P159,2019-11-25,2019-11-25 09:31:09,0.8,0.9876,63,0.78,0.9629,1,0.79,0.9753,1,0.79,0.9753,1,0
IWM191129P159,2019-11-25,2019-11-25 09:31:09,0.8,0.9876,100,0.77,0.9506,7,0.79,0.9753,1,0.785,0.9691,1,0
IWM191129P159,2019-11-25,2019-11-25 09:31:10,0.8,0.9876,13,0.78,0.9629,20,0.79,0.9753,1,0.79,0.9753,1,0
IWM191129P159,2019-11-25,2019-11-25 09:31:10,0.8,0.9876,13,0.78,0.9629,30,0.79,0.9753,1,0.79,0.9753,1,0
IWM191129P159,2019-11-25,2019-11-25 09:31:11,0.8,0.9876,13,0.78,0.9629,30,0.8,0.9876,50,0.79,0.9753,51,50
IWM191129P159,2019-11-25,2019-11-25 09:31:11,0.8,0.9876,13,0.78,0.9629,30,0.79,0.9753,1,0.79,0.9753,1,0
IWM191129P159,2019-11-25,2019-11-25 09:31:12,0.8,0.9876,49,0.78,0.9629,12,0.8,0.9876,50,0.79,0.9753,51,0
IWM191129P159,2019-11-25,2019-11-25 09:31:12,0.8,0.9876,4,0.78,0.9629,30,0.8,0.9876,50,0.79,0.9753,51,0
IWM191129P159,2019-11-25,2019-11-25 09:31:13,0.8,0.9876,49,0.78,0.9629,12,0.8,0.9876,50,0.79,0.9753,51,0
IWM191129P159,2019-11-25,2019-11-25 09:31:13,0.8,0.9876,49,0.78,0.9629,30,0.8,0.9876,50,0.79,0.9753,51,0
IWM191129P159,2019-11-25,2019-11-25 09:31:14,0.8,0.9876,26,0.78,0.9629,20,0.8,0.9876,50,0.79,0.9753,51,0
IWM191129P159,2019-11-25,2019-11-25 09:31:15,0.8,0.9876,26,0.78,0.9629,30,0.8,0.9876,50,0.79,0.9753,51,0
IWM191129P159,2019-11-25,2019-11-25 09:31:16,0.8,0.9876,26,0.78,0.9629,30,0.8,0.9876,50,0.79,0.9753,51,0
IWM191129P159,2019-11-25,2019-11-25 09:31:17,0.8,0.9876,26,0.78,0.9629,30,0.8,0.9876,50,0.79,0.9753,51,0
IWM191129P159,2019-11-25,2019-11-25 09:31:17,0.8,0.9876,10,0.78,0.9629,30,0.8,0.9876,50,0.79,0.9753,51,0
IWM191129P159,2019-11-25,2019-11-25 09:31:18,0.8,0.9876,11,0.78,0.9629,112,0.8,0.9876,50,0.79,0.9753,51,0
IWM191129P159,2019-11-25,2019-11-25 09:31:18,0.81,1.0,16,0.79,0.9753,75,0.8,0.9876,50,0.8,0.9876,51,0
IWM191129P159,2019-11-25,2019-11-25 09:31:19,0.83,1.0246,13,0.8,0.9876,76,0.8,0.9876,50,0.815,1.0061,51,0
IWM191129P159,2019-11-25,2019-11-25 09:31:19,0.82,1.0123,8,0.79,0.9753,76,0.8,0.9876,50,0.805,0.9938,51,0
IWM191129P159,2019-11-25,2019-11-25 09:31:20,0.82,1.0123,8,0.8,0.9876,361,0.8,0.9876,50,0.81,1.0,51,0
IWM191129P159,2019-11-25,2019-11-25 09:31:20,0.83,1.0246,27,0.8,0.9876,360,0.8,0.9876,50,0.815,1.0061,51,0
IWM191129P159,2019-11-25,2019-11-25 09:31:21,0.84,1.037,11,0.81,1.0,112,0.8,0.9876,50,0.825,1.0185,51,0
IWM191129P159,2019-11-25,2019-11-25 09:31:21,0.83,1.0246,11,0.81,1.0,97,0.8,0.9876,50,0.82,1.0123,51,0
IWM191129P159,2019-11-25,2019-11-25 09:31:22,0.82,1.0123,8,0.8,0.9876,181,0.8,0.9876,50,0.81,1.0,51,0
IWM191129P159,2019-11-25,2019-11-25 09:31:22,0.83,1.0246,21,0.8,0.9876,300,0.8,0.9876,50,0.815,1.0061,51,0
IWM191129P159,2019-11-25,2019-11-25 09:31:23,0.82,1.0123,11,0.8,0.9876,394,0.8,0.9876,50,0.81,1.0,51,0
IWM191129P159,2019-11-25,2019-11-25 09:31:23,0.83,1.0246,50,0.8,0.9876,344,0.8,0.9876,50,0.815,1.0061,51,0
IWM191129P159,2019-11-25,2019-11-25 09:31:24,0.82,1.0123,11,0.8,0.9876,394,0.8,0.9876,50,0.81,1.0,51,0
IWM191129P159,2019-11-25,2019-11-25 09:31:25,0.82,1.0123,11,0.8,0.9876,344,0.8,0.9876,50,0.81,1.0,51,0
IWM191129P159,2019-11-25,2019-11-25 09:31:25,0.82,1.0123,41,0.78,0.9629,75,0.8,0.9876,10,0.8,0.9876,76,25
IWM191129P159,2019-11-25,2019-11-25 09:31:26,0.81,1.0,46,0.78,0.9629,80,0.8,0.9876,10,0.795,0.9814,76,0
IWM191129P159,2019-11-25,2019-11-25 09:31:26,0.81,1.0,62,0.78,0.9629,80,0.8,0.9876,10,0.795,0.9814,76,0
IWM191129P159,2019-11-25,2019-11-25 09:31:27,0.81,1.0,62,0.78,0.9629,81,0.8,0.9876,10,0.795,0.9814,76,0
IWM191129P159,2019-11-25,2019-11-25 09:31:27,0.81,1.0,40,0.78,0.9629,210,0.8,0.9876,10,0.795,0.9814,76,0
IWM191129P159,2019-11-25,2019-11-25 09:31:28,0.8,0.9876,8,0.78,0.9629,305,0.8,0.9876,10,0.79,0.9753,76,0
IWM191129P159,2019-11-25,2019-11-25 09:31:28,0.8,0.9876,22,0.77,0.9506,210,0.8,0.9876,10,0.785,0.9691,76,0
IWM191129P159,2019-11-25,2019-11-25 09:31:29,0.8,0.9876,15,0.78,0.9629,5,0.8,0.9876,10,0.79,0.9753,76,0
IWM191129P159,2019-11-25,2019-11-25 09:31:29,0.8,0.9876,34,0.77,0.9506,310,0.8,0.9876,10,0.785,0.9691,76,0
IWM191129P159,2019-11-25,2019-11-25 09:31:30,0.8,0.9876,57,0.77,0.9506,310,0.8,0.9876,10,0.785,0.9691,76,0
IWM191129P159,2019-11-25,2019-11-25 09:31:30,0.79,0.9753,8,0.77,0.9506,301,0.8,0.9876,10,0.78,0.9629,76,0
IWM191129P159,2019-11-25,2019-11-25 09:31:31,0.79,0.9753,8,0.77,0.9506,301,0.8,0.9876,10,0.78,0.9629,76,0
IWM191129P159,2019-11-25,2019-11-25 09:31:31,0.79,0.9753,35,0.76,0.9382,315,0.8,0.9876,10,0.775,0.9567,76,0
IWM191129P159,2019-11-25,2019-11-25 09:31:32,0.79,0.9753,17,0.76,0.9382,315,0.8,0.9876,10,0.775,0.9567,76,0
IWM191129P159,2019-11-25,2019-11-25 09:31:32,0.79,0.9753,17,0.76,0.9382,370,0.8,0.9876,10,0.775,0.9567,76,0
IWM191129P159,2019-11-25,2019-11-25 09:31:33,0.79,0.9753,18,0.76,0.9382,370,0.8,0.9876,10,0.775,0.9567,76,0
IWM191129P159,2019-11-25,2019-11-25 09:31:33,0.79,0.9753,32,0.76,0.9382,370,0.8,0.9876,10,0.775,0.9567,76,0
IWM191129P159,2019-11-25,2019-11-25 09:31:34,0.79,0.9753,15,0.76,0.9382,410,0.8,0.9876,10,0.775,0.9567,76,0
IWM191129P159,2019-11-25,2019-11-25 09:31:34,0.79,0.9753,18,0.76,0.9382,421,0.8,0.9876,10,0.775,0.9567,76,0
IWM191129P159,2019-11-25,2019-11-25 09:31:35,0.79,0.9753,15,0.76,0.9382,410,0.8,0.9876,10,0.775,0.9567,76,0
IWM191129P159,2019-11-25,2019-11-25 09:31:35,0.79,0.9753,11,0.76,0.9382,341,0.8,0.9876,10,0.775,0.9567,76,0
IWM191129P159,2019-11-25,2019-11-25 09:31:36,0.78,0.9629,31,0.75,0.9259,325,0.8,0.9876,10,0.765,0.9444,76,0
IWM191129P159,2019-11-25,2019-11-25 09:31:36,0.79,0.9753,158,0.75,0.9259,325,0.8,0.9876,10,0.77,0.9506,76,0
IWM191129P159,2019-11-25,2019-11-25 09:31:37,0.78,0.9629,15,0.75,0.9259,413,0.8,0.9876,10,0.765,0.9444,76,0
IWM191129P159,2019-11-25,2019-11-25 09:31:37,0.78,0.9629,59,0.75,0.9259,86,0.8,0.9876,10,0.765,0.9444,76,0
IWM191129P159,2019-11-25,2019-11-25 09:31:38,0.78,0.9629,17,0.75,0.9259,86,0.8,0.9876,10,0.765,0.9444,76,0
IWM191129P159,2019-11-25,2019-11-25 09:31:38,0.78,0.9629,8,0.76,0.9382,94,0.8,0.9876,10,0.77,0.9506,76,0
IWM191129P159,2019-11-25,2019-11-25 09:31:39,0.78,0.9629,65,0.75,0.9259,13,0.8,0.9876,10,0.765,0.9444,76,0
IWM191129P159,2019-11-25,2019-11-25 09:31:39,0.78,0.9629,39,0.75,0.9259,13,0.8,0.9876,10,0.765,0.9444,76,0
IWM191129P159,2019-11-25,2019-11-25 09:31:40,0.78,0.9629,57,0.75,0.9259,12,0.8,0.9876,10,0.765,0.9444,76,0
IWM191129P159,2019-11-25,2019-11-25 09:31:41,0.77,0.9506,15,0.74,0.9135,76,0.8,0.9876,10,0.755,0.932,76,0
IWM191129P159,2019-11-25,2019-11-25 09:31:41,0.77,0.9506,10,0.75,0.9259,85,0.8,0.9876,10,0.76,0.9382,76,0
IWM191129P159,2019-11-25,2019-11-25 09:31:42,0.77,0.9506,10,0.75,0.9259,93,0.8,0.9876,10,0.76,0.9382,76,0
IWM191129P159,2019-11-25,2019-11-25 09:31:42,0.78,0.9629,44,0.74,0.9135,317,0.8,0.9876,10,0.76,0.9382,76,0
IWM191129P159,2019-11-25,2019-11-25 09:31:43,0.77,0.9506,31,0.74,0.9135,76,0.8,0.9876,10,0.755,0.932,76,0
IWM191129P159,2019-11-25,2019-11-25 09:31:43,0.77,0.9506,10,0.74,0.9135,230,0.8,0.9876,10,0.755,0.932,76,0
IWM191129P159,2019-11-25,2019-11-25 09:31:44,0.77,0.9506,10,0.74,0.9135,340,0.8,0.9876,10,0.755,0.932,76,0
IWM191129P159,2019-11-25,2019-11-25 09:31:44,0.77,0.9506,10,0.74,0.9135,330,0.8,0.9876,10,0.755,0.932,76,0
IWM191129P159,2019-11-25,2019-11-25 09:31:45,0.77,0.9506,10,0.74,0.9135,330,0.8,0.9876,10,0.755,0.932,76,0
IWM191129P159,2019-11-25,2019-11-25 09:31:45,0.77,0.9506,10,0.74,0.9135,377,0.8,0.9876,10,0.755,0.932,76,0
IWM191129P159,2019-11-25,2019-11-25 09:31:46,0.77,0.9506,111,0.73,0.9012,358,0.8,0.9876,10,0.75,0.9259,76,0
IWM191129P159,2019-11-25,2019-11-25 09:31:46,0.77,0.9506,10,0.74,0.9135,377,0.8,0.9876,10,0.755,0.932,76,0
IWM191129P159,2019-11-25,2019-11-25 09:31:47,0.77,0.9506,12,0.73,0.9012,345,0.8,0.9876,10,0.75,0.9259,76,0
IWM191129P159,2019-11-25,2019-11-25 09:31:47,0.76,0.9382,10,0.73,0.9012,142,0.8,0.9876,10,0.745,0.9197,76,0
IWM191129P159,2019-11-25,2019-11-25 09:31:48,0.77,0.9506,36,0.75,0.9259,112,0.8,0.9876,10,0.76,0.9382,76,0
IWM191129P159,2019-11-25,2019-11-25 09:31:48,0.77,0.9506,52,0.74,0.9135,132,0.8,0.9876,10,0.755,0.932,76,0
IWM191129P159,2019-11-25,2019-11-25 09:31:49,0.77,0.9506,171,0.73,0.9012,117,0.8,0.9876,10,0.75,0.9259,76,0
IWM191129P159,2019-11-25,2019-11-25 09:31:49,0.77,0.9506,183,0.73,0.9012,95,0.8,0.9876,10,0.75,0.9259,76,0
IWM191129P159,2019-11-25,2019-11-25 09:31:50,0.76,0.9382,22,0.73,0.9012,326,0.8,0.9876,10,0.745,0.9197,76,0
IWM191129P159,2019-11-25,2019-11-25 09:31:50,0.77,0.9506,434,0.73,0.9012,95,0.8,0.9876,10,0.75,0.9259,76,0
IWM191129P159,2019-11-25,2019-11-25 09:31:51,0.76,0.9382,37,0.73,0.9012,326,0.8,0.9876,10,0.745,0.9197,76,0
IWM191129P159,2019-11-25,2019-11-25 09:31:51,0.76,0.9382,37,0.74,0.9135,11,0.8,0.9876,10,0.75,0.9259,76,0
IWM191129P159,2019-11-25,2019-11-25 09:31:52,0.76,0.9382,42,0.74,0.9135,12,0.8,0.9876,10,0.75,0.9259,76,0
IWM191129P159,2019-11-25,2019-11-25 09:31:52,0.76,0.9382,42,0.74,0.9135,11,0.8,0.9876,10,0.75,0.9259,76,0
IWM191129P159,2019-11-25,2019-11-25 09:31:53,0.76,0.9382,32,0.74,0.9135,12,0.8,0.9876,10,0.75,0.9259,76,0
IWM191129P159,2019-11-25,2019-11-25 09:31:53,0.76,0.9382,68,0.74,0.9135,12,0.8,0.9876,10,0.75,0.9259,76,0
IWM191129P159,2019-11-25,2019-11-25 09:31:54,0.76,0.9382,68,0.73,0.9012,325,0.8,0.9876,10,0.745,0.9197,76,0
IWM191129P159,2019-11-25,2019-11-25 09:31:55,0.76,0.9382,144,0.73,0.9012,367,0.8,0.9876,10,0.745,0.9197,76,0
IWM191129P159,2019-11-25,2019-11-25 09:31:55,0.76,0.9382,68,0.73,0.9012,367,0.8,0.9876,10,0.745,0.9197,76,0
IWM191129P159,2019-11-25,2019-11-25 09:31:56,0.76,0.9382,212,0.72,0.8888,120,0.8,0.9876,10,0.74,0.9135,76,0
IWM191129P159,2019-11-25,2019-11-25 09:31:56,0.76,0.9382,212,0.72,0.8888,315,0.8,0.9876,10,0.74,0.9135,76,0
IWM191129P159,2019-11-25,2019-11-25 09:31:57,0.75,0.9259,53,0.72,0.8888,362,0.8,0.9876,10,0.735,0.9074,76,0
IWM191129P159,2019-11-25,2019-11-25 09:31:57,0.76,0.9382,212,0.72,0.8888,363,0.8,0.9876,10,0.74,0.9135,76,0
IWM191129P159,2019-11-25,2019-11-25 09:31:58,0.75,0.9259,53,0.72,0.8888,362,0.8,0.9876,10,0.735,0.9074,76,0
IWM191129P159,2019-11-25,2019-11-25 09:31:59,0.75,0.9259,53,0.73,0.9012,6,0.8,0.9876,10,0.74,0.9135,76,0
IWM191129P159,2019-11-25,2019-11-25 09:31:59,0.75,0.9259,53,0.72,0.8888,362,0.8,0.9876,10,0.735,0.9074,76,0
IWM191129P159,2019-11-25,2019-11-25 09:32:00,0.75,0.9259,41,0.72,0.8888,249,0.8,0.9876,10,0.735,0.9074,76,0
IWM191129P159,2019-11-25,2019-11-25 09:32:00,0.75,0.9259,53,0.72,0.8888,82,0.8,0.9876,10,0.735,0.9074,76,0
IWM191129P159,2019-11-25,2019-11-25 09:32:01,0.74,0.9135,26,0.72,0.8888,14,0.8,0.9876,10,0.73,0.9012,76,0
IWM191129P159,2019-11-25,2019-11-25 09:32:01,0.74,0.9135,26,0.72,0.8888,89,0.8,0.9876,10,0.73,0.9012,76,0
IWM191129P159,2019-11-25,2019-11-25 09:32:02,0.74,0.9135,25,0.72,0.8888,11,0.8,0.9876,10,0.73,0.9012,76,0
IWM191129P159,2019-11-25,2019-11-25 09:32:02,0.74,0.9135,25,0.72,0.8888,1,0.8,0.9876,10,0.73,0.9012,76,0
IWM191129P159,2019-11-25,2019-11-25 09:32:03,0.74,0.9135,21,0.72,0.8888,89,0.8,0.9876,10,0.73,0.9012,76,0
IWM191129P159,2019-11-25,2019-11-25 09:32:04,0.74,0.9135,21,0.72,0.8888,89,0.8,0.9876,10,0.73,0.9012,76,0
IWM191129P159,2019-11-25,2019-11-25 09:32:05,0.74,0.9135,29,0.71,0.8765,337,0.8,0.9876,10,0.725,0.895,76,0
IWM191129P159,2019-11-25,2019-11-25 09:32:05,0.74,0.9135,21,0.72,0.8888,89,0.8,0.9876,10,0.73,0.9012,76,0
IWM191129P159,2019-11-25,2019-11-25 09:32:06,0.74,0.9135,29,0.71,0.8765,338,0.8,0.9876,10,0.725,0.895,76,0
IWM191129P159,2019-11-25,2019-11-25 09:32:06,0.74,0.9135,24,0.71,0.8765,330,0.8,0.9876,10,0.725,0.895,76,0
IWM191129P159,2019-11-25,2019-11-25 09:32:07,0.74,0.9135,39,0.71,0.8765,330,0.8,0.9876,10,0.725,0.895,76,0
IWM191129P159,2019-11-25,2019-11-25 09:32:07,0.74,0.9135,91,0.71,0.8765,20,0.8,0.9876,10,0.725,0.895,76,0
IWM191129P159,2019-11-25,2019-11-25 09:32:08,0.73,0.9012,36,0.71,0.8765,20,0.7,0.8641,50,0.72,0.8888,126,50
IWM191129P159,2019-11-25,2019-11-25 09:32:09,0.73,0.9012,49,0.71,0.8765,14,0.7,0.8641,50,0.72,0.8888,126,0
IWM191129P159,2019-11-25,2019-11-25 09:32:10,0.73,0.9012,100,0.69,0.8518,210,0.7,0.8641,50,0.71,0.8765,126,0
IWM191129P159,2019-11-25,2019-11-25 09:32:11,0.73,0.9012,8,0.71,0.8765,238,0.7,0.8641,50,0.72,0.8888,126,0
IWM191129P159,2019-11-25,2019-11-25 09:32:11,0.73,0.9012,26,0.71,0.8765,14,0.7,0.8641,50,0.72,0.8888,126,0
IWM191129P159,2019-11-25,2019-11-25 09:32:12,0.73,0.9012,8,0.71,0.8765,220,0.7,0.8641,50,0.72,0.8888,126,0
IWM191129P159,2019-11-25,2019-11-25 09:32:12,0.73,0.9012,8,0.71,0.8765,342,0.7,0.8641,50,0.72,0.8888,126,0
IWM191129P159,2019-11-25,2019-11-25 09:32:13,0.74,0.9135,22,0.72,0.8888,87,0.7,0.8641,50,0.73,0.9012,126,0
IWM191129P159,2019-11-25,2019-11-25 09:32:13,0.73,0.9012,8,0.71,0.8765,210,0.7,0.8641,50,0.72,0.8888,126,0
IWM191129P159,2019-11-25,2019-11-25 09:32:14,0.74,0.9135,10,0.72,0.8888,220,0.7,0.8641,50,0.73,0.9012,126,0
IWM191129P159,2019-11-25,2019-11-25 09:32:15,0.74,0.9135,33,0.71,0.8765,310,0.7,0.8641,50,0.725,0.895,126,0
IWM191129P159,2019-11-25,2019-11-25 09:32:16,0.74,0.9135,33,0.71,0.8765,330,0.7,0.8641,50,0.725,0.895,126,0
IWM191129P159,2019-11-25,2019-11-25 09:32:16,0.74,0.9135,33,0.71,0.8765,340,0.7,0.8641,50,0.725,0.895,126,0
IWM191129P159,2019-11-25,2019-11-25 09:32:17,0.73,0.9012,59,0.71,0.8765,351,0.7,0.8641,50,0.72,0.8888,126,0
IWM191129P159,2019-11-25,2019-11-25 09:32:17,0.74,0.9135,33,0.71,0.8765,351,0.7,0.8641,50,0.725,0.895,126,0
IWM191129P159,2019-11-25,2019-11-25 09:32:18,0.73,0.9012,226,0.69,0.8518,325,0.7,0.8641,50,0.71,0.8765,126,0
IWM191129P159,2019-11-25,2019-11-25 09:32:18,0.73,0.9012,208,0.69,0.8518,325,0.7,0.8641,50,0.71,0.8765,126,0
IWM191129P159,2019-11-25,2019-11-25 09:32:19,0.72,0.8888,24,0.7,0.8641,8,0.7,0.8641,50,0.71,0.8765,126,0
IWM191129P159,2019-11-25,2019-11-25 09:32:19,0.72,0.8888,46,0.69,0.8518,310,0.7,0.8641,50,0.705,0.8703,126,0
IWM191129P159,2019-11-25,2019-11-25 09:32:20,0.72,0.8888,31,0.7,0.8641,89,0.7,0.8641,50,0.71,0.8765,126,0
IWM191129P159,2019-11-25,2019-11-25 09:32:20,0.72,0.8888,31,0.7,0.8641,16,0.7,0.8641,50,0.71,0.8765,126,0
IWM191129P159,2019-11-25,2019-11-25 09:32:21,0.72,0.8888,33,0.69,0.8518,373,0.7,0.8641,50,0.705,0.8703,126,0
IWM191129P159,2019-11-25,2019-11-25 09:32:22,0.72,0.8888,72,0.7,0.8641,16,0.7,0.8641,50,0.71,0.8765,126,0
IWM191129P159,2019-11-25,2019-11-25 09:32:22,0.72,0.8888,31,0.7,0.8641,16,0.7,0.8641,50,0.71,0.8765,126,0
IWM191129P159,2019-11-25,2019-11-25 09:32:23,0.72,0.8888,72,0.7,0.8641,9,0.7,0.8641,50,0.71,0.8765,126,0
IWM191129P159,2019-11-25,2019-11-25 09:32:23,0.72,0.8888,72,0.7,0.8641,16,0.7,0.8641,50,0.71,0.8765,126,0
IWM191129P159,2019-11-25,2019-11-25 09:32:24,0.73,0.9012,6,0.71,0.8765,76,0.7,0.8641,50,0.72,0.8888,126,0
IWM191129P159,2019-11-25,2019-11-25 09:32:24,0.73,0.9012,32,0.7,0.8641,75,0.7,0.8641,50,0.715,0.8827,126,0
IWM191129P159,2019-11-25,2019-11-25 09:32:25,0.73,0.9012,24,0.71,0.8765,76,0.73,0.9012,50,0.72,0.8888,176,50
IWM191129P159,2019-11-25,2019-11-25 09:32:25,0.73,0.9012,24,0.71,0.8765,76,0.73,0.9012,50,0.72,0.8888,176,0
IWM191129P159,2019-11-25,2019-11-25 09:32:26,0.73,0.9012,44,0.71,0.8765,5,0.73,0.9012,50,0.72,0.8888,176,0
IWM191129P159,2019-11-25,2019-11-25 09:32:26,0.73,0.9012,44,0.71,0.8765,11,0.73,0.9012,50,0.72,0.8888,176,0
IWM191129P159,2019-11-25,2019-11-25 09:32:27,0.73,0.9012,79,0.7,0.8641,357,0.73,0.9012,50,0.715,0.8827,176,0
IWM191129P159,2019-11-25,2019-11-25 09:32:27,0.73,0.9012,32,0.7,0.8641,357,0.73,0.9012,50,0.715,0.8827,176,0
IWM191129P159,2019-11-25,2019-11-25 09:32:28,0.73,0.9012,140,0.7,0.8641,332,0.73,0.9012,50,0.715,0.8827,176,0
IWM191129P159,2019-11-25,2019-11-25 09:32:28,0.72,0.8888,31,0.7,0.8641,332,0.73,0.9012,50,0.71,0.8765,176,0
IWM191129P159,2019-11-25,2019-11-25 09:32:29,0.72,0.8888,44,0.69,0.8518,315,0.73,0.9012,50,0.705,0.8703,176,0
IWM191129P159,2019-11-25,2019-11-25 09:32:30,0.72,0.8888,60,0.69,0.8518,301,0.73,0.9012,50,0.705,0.8703,176,0
IWM191129P159,2019-11-25,2019-11-25 09:32:30,0.72,0.8888,54,0.69,0.8518,301,0.73,0.9012,50,0.705,0.8703,176,0
IWM191129P159,2019-11-25,2019-11-25 09:32:31,0.72,0.8888,121,0.69,0.8518,301,0.73,0.9012,50,0.705,0.8703,176,0
IWM191129P159,2019-11-25,2019-11-25 09:32:31,0.72,0.8888,188,0.69,0.8518,88,0.73,0.9012,50,0.705,0.8703,176,0
IWM191129P159,2019-11-25,2019-11-25 09:32:32,0.72,0.8888,126,0.69,0.8518,325,0.73,0.9012,50,0.705,0.8703,176,0
IWM191129P159,2019-11-25,2019-11-25 09:32:32,0.72,0.8888,87,0.69,0.8518,301,0.73,0.9012,50,0.705,0.8703,176,0
IWM191129P159,2019-11-25,2019-11-25 09:32:33,0.71,0.8765,46,0.68,0.8395,220,0.73,0.9012,50,0.695,0.858,176,0
IWM191129P159,2019-11-25,2019-11-25 09:32:33,0.71,0.8765,50,0.69,0.8518,85,0.73,0.9012,50,0.7,0.8641,176,0
IWM191129P159,2019-11-25,2019-11-25 09:32:34,0.71,0.8765,50,0.69,0.8518,265,0.73,0.9012,50,0.7,0.8641,176,0
IWM191129P159,2019-11-25,2019-11-25 09:32:34,0.71,0.8765,50,0.69,0.8518,85,0.73,0.9012,50,0.7,0.8641,176,0
IWM191129P159,2019-11-25,2019-11-25 09:32:35,0.71,0.8765,17,0.69,0.8518,337,0.73,0.9012,50,0.7,0.8641,176,0
IWM191129P159,2019-11-25,2019-11-25 09:32:35,0.72,0.8888,35,0.69,0.8518,265,0.73,0.9012,50,0.705,0.8703,176,0
IWM191129P159,2019-11-25,2019-11-25 09:32:36,0.71,0.8765,6,0.69,0.8518,337,0.73,0.9012,50,0.7,0.8641,176,0
IWM191129P159,2019-11-25,2019-11-25 09:32:37,0.71,0.8765,6,0.69,0.8518,340,0.73,0.9012,50,0.7,0.8641,176,0
IWM191129P159,2019-11-25,2019-11-25 09:32:37,0.71,0.8765,6,0.69,0.8518,336,0.73,0.9012,50,0.7,0.8641,176,0
IWM191129P159,2019-11-25,2019-11-25 09:32:38,0.71,0.8765,6,0.69,0.8518,313,0.73,0.9012,50,0.7,0.8641,176,0
IWM191129P159,2019-11-25,2019-11-25 09:32:39,0.72,0.8888,3,0.7,0.8641,83,0.73,0.9012,50,0.71,0.8765,176,0
IWM191129P159,2019-11-25,2019-11-25 09:32:39,0.71,0.8765,15,0.69,0.8518,88,0.73,0.9012,50,0.7,0.8641,176,0
IWM191129P159,2019-11-25,2019-11-25 09:32:40,0.73,0.9012,15,0.7,0.8641,220,0.73,0.9012,50,0.715,0.8827,176,0
IWM191129P159,2019-11-25,2019-11-25 09:32:40,0.73,0.9012,35,0.7,0.8641,337,0.73,0.9012,50,0.715,0.8827,176,0
IWM191129P159,2019-11-25,2019-11-25 09:32:41,0.73,0.9012,53,0.7,0.8641,337,0.73,0.9012,50,0.715,0.8827,176,0
IWM191129P159,2019-11-25,2019-11-25 09:32:42,0.72,0.8888,12,0.69,0.8518,92,0.73,0.9012,50,0.705,0.8703,176,0
IWM191129P159,2019-11-25,2019-11-25 09:32:43,0.72,0.8888,12,0.69,0.8518,340,0.73,0.9012,50,0.705,0.8703,176,0
IWM191129P159,2019-11-25,2019-11-25 09:32:43,0.72,0.8888,13,0.69,0.8518,337,0.73,0.9012,50,0.705,0.8703,176,0
IWM191129P159,2019-11-25,2019-11-25 09:32:44,0.72,0.8888,13,0.69,0.8518,337,0.73,0.9012,50,0.705,0.8703,176,0
IWM191129P159,2019-11-25,2019-11-25 09:32:45,0.72,0.8888,13,0.69,0.8518,350,0.73,0.9012,50,0.705,0.8703,176,0
IWM191129P159,2019-11-25,2019-11-25 09:32:46,0.72,0.8888,36,0.69,0.8518,313,0.73,0.9012,50,0.705,0.8703,176,0
IWM191129P159,2019-11-25,2019-11-25 09:32:46,0.72,0.8888,36,0.69,0.8518,312,0.73,0.9012,50,0.705,0.8703,176,0
IWM191129P159,2019-11-25,2019-11-25 09:32:47,0.72,0.8888,54,0.69,0.8518,337,0.73,0.9012,50,0.705,0.8703,176,0
IWM191129P159,2019-11-25,2019-11-25 09:32:48,0.72,0.8888,109,0.69,0.8518,225,0.73,0.9012,50,0.705,0.8703,176,0
IWM191129P159,2019-11-25,2019-11-25 09:32:48,0.72,0.8888,54,0.69,0.8518,337,0.73,0.9012,50,0.705,0.8703,176,0
IWM191129P159,2019-11-25,2019-11-25 09:32:49,0.72,0.8888,115,0.69,0.8518,330,0.73,0.9012,50,0.705,0.8703,176,0
IWM191129P159,2019-11-25,2019-11-25 09:32:49,0.72,0.8888,113,0.69,0.8518,225,0.73,0.9012,50,0.705,0.8703,176,0
IWM191129P159,2019-11-25,2019-11-25 09:32:50,0.72,0.8888,109,0.69,0.8518,225,0.73,0.9012,50,0.705,0.8703,176,0
IWM191129P159,2019-11-25,2019-11-25 09:32:50,0.72,0.8888,109,0.69,0.8518,330,0.73,0.9012,50,0.705,0.8703,176,0
IWM191129P159,2019-11-25,2019-11-25 09:32:51,0.72,0.8888,109,0.69,0.8518,225,0.73,0.9012,50,0.705,0.8703,176,0
IWM191129P159,2019-11-25,2019-11-25 09:32:51,0.72,0.8888,89,0.69,0.8518,369,0.73,0.9012,50,0.705,0.8703,176,0
IWM191129P159,2019-11-25,2019-11-25 09:32:52,0.72,0.8888,88,0.69,0.8518,369,0.73,0.9012,50,0.705,0.8703,176,0
IWM191129P159,2019-11-25,2019-11-25 09:32:52,0.72,0.8888,104,0.69,0.8518,369,0.73,0.9012,50,0.705,0.8703,176,0
IWM191129P159,2019-11-25,2019-11-25 09:32:53,0.71,0.8765,6,0.69,0.8518,369,0.73,0.9012,50,0.7,0.8641,176,0
IWM191129P159,2019-11-25,2019-11-25 09:32:53,0.71,0.8765,17,0.69,0.8518,369,0.73,0.9012,50,0.7,0.8641,176,0
IWM191129P159,2019-11-25,2019-11-25 09:32:54,0.71,0.8765,6,0.69,0.8518,369,0.73,0.9012,50,0.7,0.8641,176,0
IWM191129P159,2019-11-25,2019-11-25 09:32:54,0.72,0.8888,35,0.69,0.8518,380,0.73,0.9012,50,0.705,0.8703,176,0
IWM191129P159,2019-11-25,2019-11-25 09:32:55,0.72,0.8888,35,0.7,0.8641,75,0.73,0.9012,50,0.71,0.8765,176,0
IWM191129P159,2019-11-25,2019-11-25 09:32:55,0.72,0.8888,35,0.69,0.8518,128,0.73,0.9012,50,0.705,0.8703,176,0
IWM191129P159,2019-11-25,2019-11-25 09:32:56,0.71,0.8765,8,0.69,0.8518,257,0.73,0.9012,50,0.7,0.8641,176,0
IWM191129P159,2019-11-25,2019-11-25 09:32:57,0.71,0.8765,8,0.69,0.8518,333,0.73,0.9012,50,0.7,0.8641,176,0
IWM191129P159,2019-11-25,2019-11-25 09:32:57,0.71,0.8765,1,0.7,0.8641,113,0.71,0.8765,50,0.705,0.8703,226,50
IWM191129P159,2019-11-25,2019-11-25 09:32:58,0.72,0.8888,23,0.7,0.8641,350,0.71,0.8765,50,0.71,0.8765,226,0
IWM191129P159,2019-11-25,2019-11-25 09:32:58,0.72,0.8888,23,0.7,0.8641,316,0.71,0.8765,50,0.71,0.8765,226,0
IWM191129P159,2019-11-25,2019-11-25 09:32:59,0.73,0.9012,232,0.7,0.8641,345,0.71,0.8765,50,0.715,0.8827,226,0
IWM191129P159,2019-11-25,2019-11-25 09:32:59,0.73,0.9012,239,0.7,0.8641,84,0.7,0.8641,2,0.715,0.8827,229,3
IWM191129P159,2019-11-25,2019-11-25 09:33:00,0.72,0.8888,38,0.69,0.8518,326,0.7,0.8641,2,0.705,0.8703,229,0
IWM191129P159,2019-11-25,2019-11-25 09:33:00,0.73,0.9012,249,0.7,0.8641,75,0.7,0.8641,2,0.715,0.8827,229,0
IWM191129P159,2019-11-25,2019-11-25 09:33:01,0.71,0.8765,6,0.69,0.8518,326,0.7,0.8641,2,0.7,0.8641,229,0
IWM191129P159,2019-11-25,2019-11-25 09:33:02,0.71,0.8765,6,0.69,0.8518,326,0.7,0.8641,2,0.7,0.8641,229,0
IWM191129P159,2019-11-25,2019-11-25 09:33:02,0.71,0.8765,6,0.69,0.8518,350,0.7,0.8641,2,0.7,0.8641,229,0
IWM191129P159,2019-11-25,2019-11-25 09:33:03,0.71,0.8765,54,0.69,0.8518,83,0.7,0.8641,2,0.7,0.8641,229,0
IWM191129P159,2019-11-25,2019-11-25 09:33:03,0.71,0.8765,6,0.69,0.8518,201,0.7,0.8641,2,0.7,0.8641,229,0
IWM191129P159,2019-11-25,2019-11-25 09:33:04,0.71,0.8765,33,0.69,0.8518,11,0.7,0.8641,2,0.7,0.8641,229,0
IWM191129P159,2019-11-25,2019-11-25 09:33:04,0.71,0.8765,44,0.69,0.8518,11,0.7,0.8641,2,0.7,0.8641,229,0
IWM191129P159,2019-11-25,2019-11-25 09:33:05,0.71,0.8765,33,0.69,0.8518,238,0.7,0.8641,2,0.7,0.8641,229,0
IWM191129P159,2019-11-25,2019-11-25 09:33:05,0.71,0.8765,33,0.69,0.8518,75,0.7,0.8641,2,0.7,0.8641,229,0
IWM191129P159,2019-11-25,2019-11-25 09:33:06,0.71,0.8765,33,0.69,0.8518,301,0.7,0.8641,2,0.7,0.8641,229,0
IWM191129P159,2019-11-25,2019-11-25 09:33:06,0.71,0.8765,29,0.69,0.8518,325,0.7,0.8641,2,0.7,0.8641,229,0
IWM191129P159,2019-11-25,2019-11-25 09:33:07,0.71,0.8765,29,0.69,0.8518,300,0.7,0.8641,2,0.7,0.8641,229,0
IWM191129P159,2019-11-25,2019-11-25 09:33:07,0.71,0.8765,29,0.68,0.8395,38,0.7,0.8641,2,0.695,0.858,229,0
IWM191129P159,2019-11-25,2019-11-25 09:33:08,0.71,0.8765,82,0.68,0.8395,337,0.7,0.8641,2,0.695,0.858,229,0
IWM191129P159,2019-11-25,2019-11-25 09:33:08,0.71,0.8765,272,0.68,0.8395,11,0.7,0.8641,2,0.695,0.858,229,0
IWM191129P159,2019-11-25,2019-11-25 09:33:09,0.71,0.8765,36,0.68,0.8395,340,0.7,0.8641,2,0.695,0.858,229,0
IWM191129P159,2019-11-25,2019-11-25 09:33:09,0.71,0.8765,36,0.68,0.8395,220,0.7,0.8641,2,0.695,0.858,229,0
IWM191129P159,2019-11-25,2019-11-25 09:33:10,0.7,0.8641,6,0.68,0.8395,145,0.7,0.8641,2,0.69,0.8518,229,0
IWM191129P159,2019-11-25,2019-11-25 09:33:10,0.71,0.8765,10,0.69,0.8518,112,0.7,0.8641,2,0.7,0.8641,229,0
IWM191129P159,2019-11-25,2019-11-25 09:33:11,0.7,0.8641,14,0.68,0.8395,16,0.7,0.8641,2,0.69,0.8518,229,0
IWM191129P159,2019-11-25,2019-11-25 09:33:11,0.7,0.8641,6,0.68,0.8395,91,0.7,0.8641,2,0.69,0.8518,229,0
IWM191129P159,2019-11-25,2019-11-25 09:33:12,0.7,0.8641,20,0.68,0.8395,4,0.7,0.8641,2,0.69,0.8518,229,0
IWM191129P159,2019-11-25,2019-11-25 09:33:12,0.7,0.8641,73,0.68,0.8395,21,0.7,0.8641,2,0.69,0.8518,229,0
IWM191129P159,2019-11-25,2019-11-25 09:33:13,0.7,0.8641,23,0.68,0.8395,14,0.7,0.8641,2,0.69,0.8518,229,0
IWM191129P159,2019-11-25,2019-11-25 09:33:14,0.71,0.8765,82,0.68,0.8395,337,0.7,0.8641,2,0.695,0.858,229,0
IWM191129P159,2019-11-25,2019-11-25 09:33:14,0.7,0.8641,10,0.68,0.8395,337,0.7,0.8641,2,0.69,0.8518,229,0
IWM191129P159,2019-11-25,2019-11-25 09:33:15,0.71,0.8765,23,0.69,0.8518,261,0.7,0.8641,2,0.7,0.8641,229,0
IWM191129P159,2019-11-25,2019-11-25 09:33:16,0.71,0.8765,41,0.69,0.8518,4,0.7,0.8641,2,0.7,0.8641,229,0
IWM191129P159,2019-11-25,2019-11-25 09:33:17,0.7,0.8641,11,0.68,0.8395,14,0.7,0.8641,2,0.69,0.8518,229,0
IWM191129P159,2019-11-25,2019-11-25 09:33:17,0.71,0.8765,79,0.69,0.8518,4,0.7,0.8641,2,0.7,0.8641,229,0
IWM191129P159,2019-11-25,2019-11-25 09:33:18,0.7,0.8641,100,0.68,0.8395,14,0.7,0.8641,2,0.69,0.8518,229,0
IWM191129P159,2019-11-25,2019-11-25 09:33:18,0.7,0.8641,38,0.68,0.8395,14,0.7,0.8641,2,0.69,0.8518,229,0
IWM191129P159,2019-11-25,2019-11-25 09:33:19,0.7,0.8641,65,0.68,0.8395,14,0.7,0.8641,2,0.69,0.8518,229,0
IWM191129P159,2019-11-25,2019-11-25 09:33:19,0.7,0.8641,65,0.68,0.8395,142,0.7,0.8641,2,0.69,0.8518,229,0
IWM191129P159,2019-11-25,2019-11-25 09:33:20,0.7,0.8641,65,0.68,0.8395,19,0.7,0.8641,2,0.69,0.8518,229,0
IWM191129P159,2019-11-25,2019-11-25 09:33:20,0.7,0.8641,128,0.68,0.8395,14,0.7,0.8641,2,0.69,0.8518,229,0
IWM191129P159,2019-11-25,2019-11-25 09:33:21,0.7,0.8641,98,0.68,0.8395,21,0.7,0.8641,2,0.69,0.8518,229,0
IWM191129P159,2019-11-25,2019-11-25 09:33:21,0.7,0.8641,65,0.68,0.8395,13,0.7,0.8641,2,0.69,0.8518,229,0
IWM191129P159,2019-11-25,2019-11-25 09:33:22,0.7,0.8641,55,0.68,0.8395,87,0.7,0.8641,2,0.69,0.8518,229,0
IWM191129P159,2019-11-25,2019-11-25 09:33:22,0.7,0.8641,29,0.68,0.8395,331,0.7,0.8641,2,0.69,0.8518,229,0
IWM191129P159,2019-11-25,2019-11-25 09:33:23,0.7,0.8641,36,0.68,0.8395,331,0.7,0.8641,2,0.69,0.8518,229,0
IWM191129P159,2019-11-25,2019-11-25 09:33:23,0.7,0.8641,36,0.68,0.8395,311,0.7,0.8641,2,0.69,0.8518,229,0
IWM191129P159,2019-11-25,2019-11-25 09:33:24,0.7,0.8641,72,0.68,0.8395,87,0.7,0.8641,2,0.69,0.8518,229,0
IWM191129P159,2019-11-25,2019-11-25 09:33:24,0.7,0.8641,72,0.68,0.8395,88,0.7,0.8641,2,0.69,0.8518,229,0
IWM191129P159,2019-11-25,2019-11-25 09:33:25,0.7,0.8641,72,0.68,0.8395,88,0.7,0.8641,2,0.69,0.8518,229,0
IWM191129P159,2019-11-25,2019-11-25 09:33:26,0.69,0.8518,43,0.67,0.8271,330,0.69,0.8518,1,0.68,0.8395,236,0
IWM191129P159,2019-11-25,2019-11-25 09:33:26,0.69,0.8518,18,0.67,0.8271,330,0.69,0.8518,1,0.68,0.8395,236,7
IWM191129P159,2019-11-25,2019-11-25 09:33:27,0.69,0.8518,18,0.67,0.8271,340,0.69,0.8518,1,0.68,0.8395,236,0
IWM191129P159,2019-11-25,2019-11-25 09:33:28,0.7,0.8641,184,0.68,0.8395,6,0.69,0.8518,1,0.69,0.8518,236,0
IWM191129P159,2019-11-25,2019-11-25 09:33:28,0.69,0.8518,18,0.67,0.8271,330,0.69,0.8518,1,0.68,0.8395,236,0
IWM191129P159,2019-11-25,2019-11-25 09:33:29,0.7,0.8641,121,0.68,0.8395,6,0.69,0.8518,1,0.69,0.8518,236,0
IWM191129P159,2019-11-25,2019-11-25 09:33:30,0.7,0.8641,111,0.67,0.8271,330,0.69,0.8518,1,0.685,0.8456,236,0
IWM191129P159,2019-11-25,2019-11-25 09:33:30,0.7,0.8641,164,0.67,0.8271,330,0.69,0.8518,1,0.685,0.8456,236,0
IWM191129P159,2019-11-25,2019-11-25 09:33:31,0.7,0.8641,105,0.68,0.8395,18,0.69,0.8518,1,0.69,0.8518,236,0
IWM191129P159,2019-11-25,2019-11-25 09:33:31,0.7,0.8641,111,0.67,0.8271,330,0.69,0.8518,1,0.685,0.8456,236,0
IWM191129P159,2019-11-25,2019-11-25 09:33:32,0.7,0.8641,105,0.68,0.8395,18,0.69,0.8518,1,0.69,0.8518,236,0
IWM191129P159,2019-11-25,2019-11-25 09:33:32,0.69,0.8518,12,0.67,0.8271,340,0.69,0.8518,1,0.68,0.8395,236,0
IWM191129P159,2019-11-25,2019-11-25 09:33:33,0.7,0.8641,95,0.67,0.8271,340,0.69,0.8518,1,0.685,0.8456,236,0
IWM191129P159,2019-11-25,2019-11-25 09:33:33,0.7,0.8641,95,0.68,0.8395,18,0.69,0.8518,1,0.69,0.8518,236,0
IWM191129P159,2019-11-25,2019-11-25 09:33:34,0.69,0.8518,14,0.67,0.8271,300,0.69,0.8518,1,0.68,0.8395,236,0
IWM191129P159,2019-11-25,2019-11-25 09:33:34,0.7,0.8641,113,0.67,0.8271,117,0.69,0.8518,1,0.685,0.8456,236,0
IWM191129P159,2019-11-25,2019-11-25 09:33:35,0.69,0.8518,131,0.66,0.8148,221,0.69,0.8518,1,0.675,0.8333,236,0
IWM191129P159,2019-11-25,2019-11-25 09:33:35,0.68,0.8395,9,0.66,0.8148,301,0.69,0.8518,1,0.67,0.8271,236,0
IWM191129P159,2019-11-25,2019-11-25 09:33:36,0.68,0.8395,64,0.66,0.8148,210,0.69,0.8518,1,0.67,0.8271,236,0
IWM191129P159,2019-11-25,2019-11-25 09:33:36,0.67,0.8271,8,0.66,0.8148,75,0.69,0.8518,1,0.665,0.8209,236,0
IWM191129P159,2019-11-25,2019-11-25 09:33:37,0.68,0.8395,140,0.66,0.8148,75,0.69,0.8518,1,0.67,0.8271,236,0
IWM191129P159,2019-11-25,2019-11-25 09:33:37,0.68,0.8395,206,0.65,0.8024,309,0.69,0.8518,1,0.665,0.8209,236,0
IWM191129P159,2019-11-25,2019-11-25 09:33:38,0.68,0.8395,118,0.66,0.8148,1,0.69,0.8518,1,0.67,0.8271,236,0
IWM191129P159,2019-11-25,2019-11-25 09:33:38,0.68,0.8395,162,0.65,0.8024,309,0.69,0.8518,1,0.665,0.8209,236,0
IWM191129P159,2019-11-25,2019-11-25 09:33:39,0.68,0.8395,118,0.66,0.8148,1,0.69,0.8518,1,0.67,0.8271,236,0
IWM191129P159,2019-11-25,2019-11-25 09:33:40,0.67,0.8271,7,0.65,0.8024,353,0.69,0.8518,1,0.66,0.8148,236,0
IWM191129P159,2019-11-25,2019-11-25 09:33:40,0.67,0.8271,13,0.65,0.8024,353,0.69,0.8518,1,0.66,0.8148,236,0
IWM191129P159,2019-11-25,2019-11-25 09:33:41,0.67,0.8271,33,0.65,0.8024,309,0.69,0.8518,1,0.66,0.8148,236,0
IWM191129P159,2019-11-25,2019-11-25 09:33:41,0.67,0.8271,14,0.65,0.8024,330,0.69,0.8518,1,0.66,0.8148,236,0
IWM191129P159,2019-11-25,2019-11-25 09:33:42,0.67,0.8271,46,0.65,0.8024,309,0.69,0.8518,1,0.66,0.8148,236,0
IWM191129P159,2019-11-25,2019-11-25 09:33:43,0.67,0.8271,46,0.65,0.8024,329,0.69,0.8518,1,0.66,0.8148,236,0
IWM191129P159,2019-11-25,2019-11-25 09:33:43,0.67,0.8271,45,0.65,0.8024,329,0.69,0.8518,1,0.66,0.8148,236,0
IWM191129P159,2019-11-25,2019-11-25 09:33:44,0.67,0.8271,27,0.65,0.8024,329,0.69,0.8518,1,0.66,0.8148,236,0
IWM191129P159,2019-11-25,2019-11-25 09:33:45,0.67,0.8271,27,0.65,0.8024,329,0.69,0.8518,1,0.66,0.8148,236,0
IWM191129P159,2019-11-25,2019-11-25 09:33:46,0.67,0.8271,102,0.65,0.8024,329,0.67,0.8271,10,0.66,0.8148,246,10
IWM191129P159,2019-11-25,2019-11-25 09:33:46,0.67,0.8271,102,0.65,0.8024,329,0.67,0.8271,10,0.66,0.8148,246,0
IWM191129P159,2019-11-25,2019-11-25 09:33:47,0.67,0.8271,103,0.65,0.8024,329,0.67,0.8271,10,0.66,0.8148,246,0
IWM191129P159,2019-11-25,2019-11-25 09:33:48,0.66,0.8148,14,0.65,0.8024,309,0.66,0.8148,1,0.655,0.8086,247,0
IWM191129P159,2019-11-25,2019-11-25 09:33:48,0.67,0.8271,103,0.65,0.8024,309,0.66,0.8148,1,0.66,0.8148,247,1
IWM191129P159,2019-11-25,2019-11-25 09:33:49,0.66,0.8148,33,0.64,0.7901,300,0.66,0.8148,1,0.65,0.8024,247,0
IWM191129P159,2019-11-25,2019-11-25 09:33:50,0.66,0.8148,56,0.64,0.7901,257,0.66,0.8148,1,0.65,0.8024,247,0
IWM191129P159,2019-11-25,2019-11-25 09:33:50,0.66,0.8148,56,0.64,0.7901,75,0.66,0.8148,1,0.65,0.8024,247,0
IWM191129P159,2019-11-25,2019-11-25 09:33:51,0.65,0.8024,26,0.63,0.7777,15,0.66,0.8148,1,0.64,0.7901,247,0
IWM191129P159,2019-11-25,2019-11-25 09:33:51,0.66,0.8148,80,0.64,0.7901,20,0.66,0.8148,1,0.65,0.8024,247,0
IWM191129P159,2019-11-25,2019-11-25 09:33:52,0.65,0.8024,21,0.63,0.7777,112,0.66,0.8148,1,0.64,0.7901,247,0
IWM191129P159,2019-11-25,2019-11-25 09:33:52,0.65,0.8024,23,0.63,0.7777,91,0.66,0.8148,1,0.64,0.7901,247,0
IWM191129P159,2019-11-25,2019-11-25 09:33:53,0.65,0.8024,33,0.63,0.7777,91,0.66,0.8148,1,0.64,0.7901,247,0
IWM191129P159,2019-11-25,2019-11-25 09:33:54,0.65,0.8024,33,0.63,0.7777,90,0.66,0.8148,1,0.64,0.7901,247,0
IWM191129P159,2019-11-25,2019-11-25 09:33:54,0.65,0.8024,33,0.63,0.7777,237,0.66,0.8148,1,0.64,0.7901,247,0
IWM191129P159,2019-11-25,2019-11-25 09:33:55,0.65,0.8024,33,0.63,0.7777,237,0.66,0.8148,1,0.64,0.7901,247,0
IWM191129P159,2019-11-25,2019-11-25 09:33:55,0.65,0.8024,33,0.63,0.7777,90,0.66,0.8148,1,0.64,0.7901,247,0
IWM191129P159,2019-11-25,2019-11-25 09:33:56,0.65,0.8024,64,0.62,0.7654,393,0.66,0.8148,1,0.635,0.7839,247,0
IWM191129P159,2019-11-25,2019-11-25 09:33:56,0.65,0.8024,43,0.63,0.7777,90,0.66,0.8148,1,0.64,0.7901,247,0
IWM191129P159,2019-11-25,2019-11-25 09:33:57,0.65,0.8024,64,0.62,0.7654,393,0.66,0.8148,1,0.635,0.7839,247,0
IWM191129P159,2019-11-25,2019-11-25 09:33:57,0.64,0.7901,89,0.62,0.7654,95,0.66,0.8148,1,0.63,0.7777,247,0
IWM191129P159,2019-11-25,2019-11-25 09:33:58,0.64,0.7901,37,0.62,0.7654,135,0.66,0.8148,1,0.63,0.7777,247,0
IWM191129P159,2019-11-25,2019-11-25 09:33:58,0.64,0.7901,36,0.62,0.7654,135,0.66,0.8148,1,0.63,0.7777,247,0
IWM191129P159,2019-11-25,2019-11-25 09:33:59,0.64,0.7901,36,0.62,0.7654,135,0.66,0.8148,1,0.63,0.7777,247,0
IWM191129P159,2019-11-25,2019-11-25 09:33:59,0.65,0.8024,135,0.63,0.7777,210,0.66,0.8148,1,0.64,0.7901,247,0
IWM191129P159,2019-11-25,2019-11-25 09:34:00,0.65,0.8024,135,0.63,0.7777,210,0.66,0.8148,1,0.64,0.7901,247,0
IWM191129P159,2019-11-25,2019-11-25 09:34:01,0.64,0.7901,36,0.63,0.7777,20,0.66,0.8148,1,0.635,0.7839,247,0
IWM191129P159,2019-11-25,2019-11-25 09:34:01,0.64,0.7901,89,0.63,0.7777,20,0.66,0.8148,1,0.635,0.7839,247,0
IWM191129P159,2019-11-25,2019-11-25 09:34:02,0.64,0.7901,183,0.63,0.7777,20,0.66,0.8148,1,0.635,0.7839,247,0
IWM191129P159,2019-11-25,2019-11-25 09:34:02,0.64,0.7901,36,0.63,0.7777,20,0.66,0.8148,1,0.635,0.7839,247,0
IWM191129P159,2019-11-25,2019-11-25 09:34:03,0.64,0.7901,173,0.63,0.7777,20,0.66,0.8148,1,0.635,0.7839,247,0
IWM191129P159,2019-11-25,2019-11-25 09:34:04,0.64,0.7901,173,0.63,0.7777,20,0.66,0.8148,1,0.635,0.7839,247,0
IWM191129P159,2019-11-25,2019-11-25 09:34:04,0.64,0.7901,274,0.63,0.7777,8,0.63,0.7777,12,0.635,0.7839,259,12
IWM191129P159,2019-11-25,2019-11-25 09:34:05,0.64,0.7901,274,0.63,0.7777,8,0.63,0.7777,12,0.635,0.7839,259,0
IWM191129P159,2019-11-25,2019-11-25 09:34:06,0.63,0.7777,94,0.62,0.7654,15,0.63,0.7777,7,0.625,0.7716,277,0
IWM191129P159,2019-11-25,2019-11-25 09:34:06,0.63,0.7777,91,0.62,0.7654,15,0.63,0.7777,7,0.625,0.7716,277,18
IWM191129P159,2019-11-25,2019-11-25 09:34:07,0.63,0.7777,116,0.62,0.7654,15,0.63,0.7777,7,0.625,0.7716,277,0
IWM191129P159,2019-11-25,2019-11-25 09:34:07,0.63,0.7777,94,0.62,0.7654,15,0.63,0.7777,7,0.625,0.7716,277,0
IWM191129P159,2019-11-25,2019-11-25 09:34:08,0.63,0.7777,37,0.62,0.7654,15,0.63,0.7777,7,0.625,0.7716,277,0
IWM191129P159,2019-11-25,2019-11-25 09:34:08,0.63,0.7777,20,0.62,0.7654,15,0.63,0.7777,7,0.625,0.7716,277,0
IWM191129P159,2019-11-25,2019-11-25 09:34:09,0.63,0.7777,17,0.62,0.7654,15,0.63,0.7777,7,0.625,0.7716,277,0
IWM191129P159,2019-11-25,2019-11-25 09:34:09,0.63,0.7777,35,0.62,0.7654,15,0.63,0.7777,7,0.625,0.7716,277,0
IWM191129P159,2019-11-25,2019-11-25 09:34:10,0.63,0.7777,35,0.62,0.7654,15,0.63,0.7777,7,0.625,0.7716,277,0
IWM191129P159,2019-11-25,2019-11-25 09:34:10,0.64,0.7901,36,0.62,0.7654,315,0.63,0.7777,7,0.63,0.7777,277,0
IWM191129P159,2019-11-25,2019-11-25 09:34:11,0.64,0.7901,181,0.62,0.7654,8,0.63,0.7777,7,0.63,0.7777,277,0
IWM191129P159,2019-11-25,2019-11-25 09:34:11,0.64,0.7901,215,0.62,0.7654,8,0.63,0.7777,7,0.63,0.7777,277,0
IWM191129P159,2019-11-25,2019-11-25 09:34:12,0.64,0.7901,191,0.62,0.7654,8,0.63,0.7777,7,0.63,0.7777,277,0
IWM191129P159,2019-11-25,2019-11-25 09:34:13,0.64,0.7901,155,0.62,0.7654,84,0.63,0.7777,7,0.63,0.7777,277,0
IWM191129P159,2019-11-25,2019-11-25 09:34:13,0.64,0.7901,135,0.62,0.7654,84,0.63,0.7777,7,0.63,0.7777,277,0
IWM191129P159,2019-11-25,2019-11-25 09:34:14,0.64,0.7901,202,0.62,0.7654,8,0.63,0.7777,7,0.63,0.7777,277,0
IWM191129P159,2019-11-25,2019-11-25 09:34:14,0.64,0.7901,345,0.62,0.7654,8,0.63,0.7777,7,0.63,0.7777,277,0
IWM191129P159,2019-11-25,2019-11-25 09:34:15,0.64,0.7901,317,0.62,0.7654,8,0.63,0.7777,7,0.63,0.7777,277,0
IWM191129P159,2019-11-25,2019-11-25 09:34:15,0.64,0.7901,327,0.62,0.7654,8,0.63,0.7777,7,0.63,0.7777,277,0
IWM191129P159,2019-11-25,2019-11-25 09:34:16,0.64,0.7901,513,0.62,0.7654,8,0.63,0.7777,7,0.63,0.7777,277,0
IWM191129P159,2019-11-25,2019-11-25 09:34:16,0.64,0.7901,327,0.62,0.7654,8,0.63,0.7777,7,0.63,0.7777,277,0
IWM191129P159,2019-11-25,2019-11-25 09:34:17,0.63,0.7777,84,0.62,0.7654,8,0.63,0.7777,7,0.625,0.7716,277,0
IWM191129P159,2019-11-25,2019-11-25 09:34:18,0.62,0.7654,26,0.61,0.753,10,0.62,0.7654,8,0.615,0.7592,285,0
IWM191129P159,2019-11-25,2019-11-25 09:34:18,0.63,0.7777,245,0.61,0.753,10,0.62,0.7654,8,0.62,0.7654,285,8
IWM191129P159,2019-11-25,2019-11-25 09:34:19,0.62,0.7654,95,0.61,0.753,10,0.62,0.7654,8,0.615,0.7592,285,0
IWM191129P159,2019-11-25,2019-11-25 09:34:19,0.62,0.7654,81,0.6,0.7407,210,0.62,0.7654,8,0.61,0.753,285,0
IWM191129P159,2019-11-25,2019-11-25 09:34:20,0.62,0.7654,39,0.6,0.7407,210,0.62,0.7654,8,0.61,0.753,285,0
IWM191129P159,2019-11-25,2019-11-25 09:34:20,0.63,0.7777,20,0.61,0.753,95,0.62,0.7654,8,0.62,0.7654,285,0
IWM191129P159,2019-11-25,2019-11-25 09:34:21,0.62,0.7654,10,0.6,0.7407,330,0.62,0.7654,8,0.61,0.753,285,0
IWM191129P159,2019-11-25,2019-11-25 09:34:21,0.62,0.7654,5,0.6,0.7407,307,0.62,0.7654,8,0.61,0.753,285,0
IWM191129P159,2019-11-25,2019-11-25 09:34:22,0.63,0.7777,181,0.61,0.753,237,0.62,0.7654,8,0.62,0.7654,285,0
IWM191129P159,2019-11-25,2019-11-25 09:34:22,0.63,0.7777,156,0.61,0.753,75,0.62,0.7654,8,0.62,0.7654,285,0
IWM191129P159,2019-11-25,2019-11-25 09:34:23,0.63,0.7777,156,0.61,0.753,237,0.62,0.7654,8,0.62,0.7654,285,0
IWM191129P159,2019-11-25,2019-11-25 09:34:24,0.63,0.7777,156,0.61,0.753,237,0.62,0.7654,8,0.62,0.7654,285,0
IWM191129P159,2019-11-25,2019-11-25 09:34:24,0.63,0.7777,146,0.61,0.753,237,0.62,0.7654,8,0.62,0.7654,285,0
IWM191129P159,2019-11-25,2019-11-25 09:34:25,0.63,0.7777,146,0.61,0.753,76,0.62,0.7654,8,0.62,0.7654,285,0
IWM191129P159,2019-11-25,2019-11-25 09:34:26,0.63,0.7777,35,0.62,0.7654,90,0.62,0.7654,8,0.625,0.7716,285,0
IWM191129P159,2019-11-25,2019-11-25 09:34:26,0.63,0.7777,34,0.62,0.7654,90,0.62,0.7654,8,0.625,0.7716,285,0
IWM191129P159,2019-11-25,2019-11-25 09:34:27,0.63,0.7777,136,0.6,0.7407,392,0.62,0.7654,8,0.615,0.7592,285,0
IWM191129P159,2019-11-25,2019-11-25 09:34:27,0.63,0.7777,210,0.6,0.7407,370,0.62,0.7654,8,0.615,0.7592,285,0
IWM191129P159,2019-11-25,2019-11-25 09:34:28,0.63,0.7777,39,0.6,0.7407,392,0.62,0.7654,8,0.615,0.7592,285,0
IWM191129P159,2019-11-25,2019-11-25 09:34:28,0.63,0.7777,34,0.61,0.753,300,0.62,0.7654,8,0.62,0.7654,285,0
IWM191129P159,2019-11-25,2019-11-25 09:34:29,0.63,0.7777,141,0.61,0.753,10,0.62,0.7654,8,0.62,0.7654,285,0
IWM191129P159,2019-11-25,2019-11-25 09:34:29,0.63,0.7777,39,0.61,0.753,300,0.62,0.7654,8,0.62,0.7654,285,0
IWM191129P159,2019-11-25,2019-11-25 09:34:30,0.62,0.7654,25,0.6,0.7407,349,0.62,0.7654,8,0.61,0.753,285,0
IWM191129P159,2019-11-25,2019-11-25 09:34:30,0.63,0.7777,39,0.61,0.753,10,0.62,0.7654,8,0.62,0.7654,285,0
IWM191129P159,2019-11-25,2019-11-25 09:34:31,0.63,0.7777,26,0.6,0.7407,163,0.62,0.7654,8,0.615,0.7592,285,0
IWM191129P159,2019-11-25,2019-11-25 09:34:31,0.62,0.7654,25,0.6,0.7407,349,0.62,0.7654,8,0.61,0.753,285,0
IWM191129P159,2019-11-25,2019-11-25 09:34:32,0.63,0.7777,25,0.61,0.753,334,0.62,0.7654,8,0.62,0.7654,285,0
IWM191129P159,2019-11-25,2019-11-25 09:34:32,0.64,0.7901,37,0.62,0.7654,75,0.62,0.7654,8,0.63,0.7777,285,0
IWM191129P159,2019-11-25,2019-11-25 09:34:33,0.64,0.7901,124,0.62,0.7654,85,0.62,0.7654,8,0.63,0.7777,285,0
IWM191129P159,2019-11-25,2019-11-25 09:34:34,0.64,0.7901,46,0.62,0.7654,85,0.62,0.7654,8,0.63,0.7777,285,0
IWM191129P159,2019-11-25,2019-11-25 09:34:34,0.64,0.7901,46,0.62,0.7654,75,0.62,0.7654,8,0.63,0.7777,285,0
IWM191129P159,2019-11-25,2019-11-25 09:34:35,0.64,0.7901,26,0.62,0.7654,75,0.62,0.7654,8,0.63,0.7777,285,0
IWM191129P159,2019-11-25,2019-11-25 09:34:36,0.64,0.7901,8,0.63,0.7777,112,0.62,0.7654,8,0.635,0.7839,285,0
IWM191129P159,2019-11-25,2019-11-25 09:34:36,0.64,0.7901,8,0.63,0.7777,300,0.62,0.7654,8,0.635,0.7839,285,0
IWM191129P159,2019-11-25,2019-11-25 09:34:37,0.64,0.7901,1,0.63,0.7777,300,0.62,0.7654,8,0.635,0.7839,285,0
IWM191129P159,2019-11-25,2019-11-25 09:34:37,0.65,0.8024,26,0.63,0.7777,300,0.64,0.7901,1,0.64,0.7901,286,1
IWM191129P159,2019-11-25,2019-11-25 09:34:38,0.65,0.8024,13,0.64,0.7901,75,0.64,0.7901,1,0.645,0.7962,286,0
IWM191129P159,2019-11-25,2019-11-25 09:34:38,0.65,0.8024,10,0.64,0.7901,75,0.64,0.7901,1,0.645,0.7962,286,0
IWM191129P159,2019-11-25,2019-11-25 09:34:39,0.65,0.8024,104,0.63,0.7777,330,0.64,0.7901,1,0.64,0.7901,286,0
IWM191129P159,2019-11-25,2019-11-25 09:34:39,0.65,0.8024,104,0.63,0.7777,400,0.64,0.7901,1,0.64,0.7901,286,0
IWM191129P159,2019-11-25,2019-11-25 09:34:40,0.64,0.7901,20,0.62,0.7654,145,0.64,0.7901,1,0.63,0.7777,286,0
IWM191129P159,2019-11-25,2019-11-25 09:34:40,0.64,0.7901,26,0.62,0.7654,216,0.64,0.7901,1,0.63,0.7777,286,0
IWM191129P159,2019-11-25,2019-11-25 09:34:41,0.65,0.8024,209,0.63,0.7777,75,0.64,0.7901,1,0.64,0.7901,286,0
IWM191129P159,2019-11-25,2019-11-25 09:34:41,0.65,0.8024,146,0.63,0.7777,75,0.64,0.7901,1,0.64,0.7901,286,0
IWM191129P159,2019-11-25,2019-11-25 09:34:42,0.65,0.8024,239,0.62,0.7654,330,0.64,0.7901,1,0.635,0.7839,286,0
IWM191129P159,2019-11-25,2019-11-25 09:34:42,0.65,0.8024,96,0.62,0.7654,330,0.64,0.7901,1,0.635,0.7839,286,0
IWM191129P159,2019-11-25,2019-11-25 09:34:43,0.66,0.8148,39,0.64,0.7901,95,0.64,0.7901,1,0.65,0.8024,286,0
IWM191129P159,2019-11-25,2019-11-25 09:34:43,0.66,0.8148,39,0.64,0.7901,75,0.64,0.7901,1,0.65,0.8024,286,0
IWM191129P159,2019-11-25,2019-11-25 09:34:44,0.66,0.8148,47,0.64,0.7901,95,0.64,0.7901,1,0.65,0.8024,286,0
IWM191129P159,2019-11-25,2019-11-25 09:34:44,0.66,0.8148,203,0.64,0.7901,85,0.64,0.7901,1,0.65,0.8024,286,0
IWM191129P159,2019-11-25,2019-11-25 09:34:45,0.65,0.8024,46,0.64,0.7901,75,0.64,0.7901,1,0.645,0.7962,286,0
IWM191129P159,2019-11-25,2019-11-25 09:34:45,0.66,0.8148,203,0.64,0.7901,75,0.64,0.7901,1,0.65,0.8024,286,0
IWM191129P159,2019-11-25,2019-11-25 09:34:46,0.66,0.8148,236,0.64,0.7901,75,0.64,0.7901,1,0.65,0.8024,286,0
IWM191129P159,2019-11-25,2019-11-25 09:34:46,0.65,0.8024,37,0.64,0.7901,75,0.64,0.7901,1,0.645,0.7962,286,0
IWM191129P159,2019-11-25,2019-11-25 09:34:47,0.65,0.8024,31,0.64,0.7901,75,0.64,0.7901,1,0.645,0.7962,286,0
IWM191129P159,2019-11-25,2019-11-25 09:34:47,0.65,0.8024,13,0.64,0.7901,75,0.64,0.7901,1,0.645,0.7962,286,0
IWM191129P159,2019-11-25,2019-11-25 09:34:48,0.66,0.8148,37,0.64,0.7901,172,0.64,0.7901,1,0.65,0.8024,286,0
IWM191129P159,2019-11-25,2019-11-25 09:34:49,0.65,0.8024,5,0.64,0.7901,85,0.64,0.7901,1,0.645,0.7962,286,0
IWM191129P159,2019-11-25,2019-11-25 09:34:49,0.66,0.8148,135,0.63,0.7777,180,0.64,0.7901,1,0.645,0.7962,286,0
IWM191129P159,2019-11-25,2019-11-25 09:34:50,0.65,0.8024,13,0.64,0.7901,85,0.64,0.7901,1,0.645,0.7962,286,0
IWM191129P159,2019-11-25,2019-11-25 09:34:50,0.65,0.8024,13,0.64,0.7901,10,0.64,0.7901,1,0.645,0.7962,286,0
IWM191129P159,2019-11-25,2019-11-25 09:34:51,0.65,0.8024,34,0.64,0.7901,20,0.64,0.7901,1,0.645,0.7962,286,0
IWM191129P159,2019-11-25,2019-11-25 09:34:51,0.65,0.8024,14,0.64,0.7901,20,0.64,0.7901,1,0.645,0.7962,286,0
IWM191129P159,2019-11-25,2019-11-25 09:34:52,0.65,0.8024,77,0.64,0.7901,10,0.64,0.7901,1,0.645,0.7962,286,0
IWM191129P159,2019-11-25,2019-11-25 09:34:52,0.65,0.8024,100,0.64,0.7901,10,0.64,0.7901,1,0.645,0.7962,286,0
IWM191129P159,2019-11-25,2019-11-25 09:34:53,0.65,0.8024,14,0.64,0.7901,20,0.64,0.7901,1,0.645,0.7962,286,0
IWM191129P159,2019-11-25,2019-11-25 09:34:54,0.65,0.8024,44,0.64,0.7901,20,0.64,0.7901,1,0.645,0.7962,286,0
IWM191129P159,2019-11-25,2019-11-25 09:34:54,0.65,0.8024,30,0.64,0.7901,20,0.64,0.7901,1,0.645,0.7962,286,0
IWM191129P159,2019-11-25,2019-11-25 09:34:55,0.65,0.8024,181,0.63,0.7777,320,0.64,0.7901,1,0.64,0.7901,286,0
IWM191129P159,2019-11-25,2019-11-25 09:34:56,0.65,0.8024,29,0.64,0.7901,15,0.64,0.7901,1,0.645,0.7962,286,0
IWM191129P159,2019-11-25,2019-11-25 09:34:56,0.65,0.8024,30,0.64,0.7901,15,0.64,0.7901,1,0.645,0.7962,286,0
IWM191129P159,2019-11-25,2019-11-25 09:34:57,0.65,0.8024,90,0.64,0.7901,15,0.64,0.7901,1,0.645,0.7962,286,0
IWM191129P159,2019-11-25,2019-11-25 09:34:57,0.65,0.8024,29,0.64,0.7901,15,0.64,0.7901,1,0.645,0.7962,286,0
IWM191129P159,2019-11-25,2019-11-25 09:34:58,0.65,0.8024,29,0.64,0.7901,15,0.64,0.7901,1,0.645,0.7962,286,0
IWM191129P159,2019-11-25,2019-11-25 09:34:58,0.65,0.8024,29,0.64,0.7901,20,0.64,0.7901,1,0.645,0.7962,286,0
IWM191129P159,2019-11-25,2019-11-25 09:34:59,0.65,0.8024,125,0.64,0.7901,20,0.64,0.7901,1,0.645,0.7962,286,0
IWM191129P159,2019-11-25,2019-11-25 09:34:59,0.65,0.8024,27,0.64,0.7901,20,0.64,0.7901,1,0.645,0.7962,286,0
IWM191129P159,2019-11-25,2019-11-25 09:35:00,0.65,0.8024,125,0.64,0.7901,10,0.64,0.7901,1,0.645,0.7962,286,0
IWM191129P159,2019-11-25,2019-11-25 09:35:01,0.65,0.8024,43,0.64,0.7901,10,0.64,0.7901,1,0.645,0.7962,286,0
IWM191129P159,2019-11-25,2019-11-25 09:35:02,0.65,0.8024,20,0.64,0.7901,10,0.64,0.7901,1,0.645,0.7962,286,0
IWM191129P159,2019-11-25,2019-11-25 09:35:02,0.65,0.8024,43,0.64,0.7901,10,0.64,0.7901,1,0.645,0.7962,286,0
IWM191129P159,2019-11-25,2019-11-25 09:35:03,0.65,0.8024,20,0.64,0.7901,15,0.64,0.7901,1,0.645,0.7962,286,0
IWM191129P159,2019-11-25,2019-11-25 09:35:03,0.65,0.8024,20,0.64,0.7901,10,0.64,0.7901,1,0.645,0.7962,286,0
IWM191129P159,2019-11-25,2019-11-25 09:35:04,0.65,0.8024,13,0.64,0.7901,12,0.64,0.7901,1,0.645,0.7962,286,0
IWM191129P159,2019-11-25,2019-11-25 09:35:05,0.65,0.8024,20,0.64,0.7901,15,0.64,0.7901,1,0.645,0.7962,286,0
IWM191129P159,2019-11-25,2019-11-25 09:35:05,0.65,0.8024,20,0.64,0.7901,12,0.64,0.7901,1,0.645,0.7962,286,0
IWM191129P159,2019-11-25,2019-11-25 09:35:06,0.65,0.8024,13,0.64,0.7901,10,0.64,0.7901,1,0.645,0.7962,286,0
IWM191129P159,2019-11-25,2019-11-25 09:35:06,0.65,0.8024,20,0.64,0.7901,10,0.64,0.7901,1,0.645,0.7962,286,0
IWM191129P159,2019-11-25,2019-11-25 09:35:07,0.65,0.8024,13,0.64,0.7901,15,0.65,0.8024,50,0.645,0.7962,336,50
IWM191129P159,2019-11-25,2019-11-25 09:35:07,0.65,0.8024,13,0.64,0.7901,10,0.65,0.8024,50,0.645,0.7962,336,0
IWM191129P159,2019-11-25,2019-11-25 09:35:08,0.65,0.8024,20,0.64,0.7901,12,0.65,0.8024,50,0.645,0.7962,336,0
IWM191129P159,2019-11-25,2019-11-25 09:35:09,0.65,0.8024,20,0.64,0.7901,12,0.65,0.8024,50,0.645,0.7962,336,0
IWM191129P159,2019-11-25,2019-11-25 09:35:10,0.66,0.8148,32,0.64,0.7901,10,0.65,0.8024,50,0.65,0.8024,336,0
IWM191129P159,2019-11-25,2019-11-25 09:35:10,0.65,0.8024,20,0.64,0.7901,10,0.65,0.8024,50,0.645,0.7962,336,0
IWM191129P159,2019-11-25,2019-11-25 09:35:11,0.65,0.8024,6,0.64,0.7901,10,0.65,0.8024,50,0.645,0.7962,336,0
IWM191129P159,2019-11-25,2019-11-25 09:35:11,0.66,0.8148,20,0.64,0.7901,10,0.65,0.8024,50,0.65,0.8024,336,0
IWM191129P159,2019-11-25,2019-11-25 09:35:12,0.66,0.8148,8,0.64,0.7901,55,0.65,0.8024,50,0.65,0.8024,336,0
IWM191129P159,2019-11-25,2019-11-25 09:35:12,0.67,0.8271,238,0.64,0.7901,55,0.65,0.8024,50,0.655,0.8086,336,0
IWM191129P159,2019-11-25,2019-11-25 09:35:13,0.67,0.8271,20,0.64,0.7901,43,0.65,0.8024,50,0.655,0.8086,336,0
IWM191129P159,2019-11-25,2019-11-25 09:35:13,0.67,0.8271,20,0.65,0.8024,34,0.65,0.8024,50,0.66,0.8148,336,0
IWM191129P159,2019-11-25,2019-11-25 09:35:14,0.67,0.8271,20,0.65,0.8024,18,0.65,0.8024,50,0.66,0.8148,336,0
IWM191129P159,2019-11-25,2019-11-25 09:35:15,0.67,0.8271,16,0.65,0.8024,34,0.65,0.8024,50,0.66,0.8148,336,0
IWM191129P159,2019-11-25,2019-11-25 09:35:15,0.67,0.8271,10,0.65,0.8024,18,0.65,0.8024,50,0.66,0.8148,336,0
IWM191129P159,2019-11-25,2019-11-25 09:35:16,0.67,0.8271,15,0.66,0.8148,20,0.65,0.8024,50,0.665,0.8209,336,0
IWM191129P159,2019-11-25,2019-11-25 09:35:16,0.68,0.8395,15,0.65,0.8024,44,0.65,0.8024,50,0.665,0.8209,336,0
IWM191129P159,2019-11-25,2019-11-25 09:35:17,0.68,0.8395,250,0.66,0.8148,15,0.65,0.8024,50,0.67,0.8271,336,0
IWM191129P159,2019-11-25,2019-11-25 09:35:17,0.68,0.8395,23,0.66,0.8148,15,0.65,0.8024,50,0.67,0.8271,336,0
IWM191129P159,2019-11-25,2019-11-25 09:35:18,0.67,0.8271,110,0.65,0.8024,34,0.65,0.8024,50,0.66,0.8148,336,0
IWM191129P159,2019-11-25,2019-11-25 09:35:18,0.67,0.8271,40,0.65,0.8024,34,0.65,0.8024,50,0.66,0.8148,336,0
IWM191129P159,2019-11-25,2019-11-25 09:35:19,0.67,0.8271,39,0.65,0.8024,34,0.65,0.8024,50,0.66,0.8148,336,0
IWM191129P159,2019-11-25,2019-11-25 09:35:19,0.67,0.8271,149,0.65,0.8024,20,0.65,0.8024,50,0.66,0.8148,336,0
IWM191129P159,2019-11-25,2019-11-25 09:35:20,0.66,0.8148,253,0.64,0.7901,10,0.65,0.8024,50,0.65,0.8024,336,0
IWM191129P159,2019-11-25,2019-11-25 09:35:20,0.66,0.8148,65,0.64,0.7901,10,0.65,0.8024,50,0.65,0.8024,336,0
IWM191129P159,2019-11-25,2019-11-25 09:35:21,0.65,0.8024,15,0.64,0.7901,94,0.65,0.8024,50,0.645,0.7962,336,0
IWM191129P159,2019-11-25,2019-11-25 09:35:21,0.66,0.8148,253,0.64,0.7901,10,0.65,0.8024,50,0.65,0.8024,336,0
IWM191129P159,2019-11-25,2019-11-25 09:35:22,0.65,0.8024,10,0.64,0.7901,100,0.65,0.8024,10,0.645,0.7962,346,10
IWM191129P159,2019-11-25,2019-11-25 09:35:22,0.65,0.8024,15,0.64,0.7901,90,0.65,0.8024,50,0.645,0.7962,336,0
IWM191129P159,2019-11-25,2019-11-25 09:35:23,0.66,0.8148,23,0.64,0.7901,110,0.65,0.8024,10,0.65,0.8024,346,0
IWM191129P159,2019-11-25,2019-11-25 09:35:23,0.66,0.8148,24,0.65,0.8024,75,0.65,0.8024,10,0.655,0.8086,346,0
IWM191129P159,2019-11-25,2019-11-25 09:35:24,0.66,0.8148,33,0.65,0.8024,75,0.65,0.8024,10,0.655,0.8086,346,0
IWM191129P159,2019-11-25,2019-11-25 09:35:24,0.66,0.8148,23,0.65,0.8024,75,0.65,0.8024,10,0.655,0.8086,346,0
IWM191129P159,2019-11-25,2019-11-25 09:35:25,0.66,0.8148,33,0.65,0.8024,75,0.65,0.8024,10,0.655,0.8086,346,0
IWM191129P159,2019-11-25,2019-11-25 09:35:25,0.66,0.8148,35,0.64,0.7901,110,0.65,0.8024,10,0.65,0.8024,346,0
IWM191129P159,2019-11-25,2019-11-25 09:35:26,0.66,0.8148,37,0.64,0.7901,110,0.65,0.8024,10,0.65,0.8024,346,0
IWM191129P159,2019-11-25,2019-11-25 09:35:26,0.66,0.8148,35,0.64,0.7901,110,0.65,0.8024,10,0.65,0.8024,346,0
IWM191129P159,2019-11-25,2019-11-25 09:35:27,0.65,0.8024,10,0.64,0.7901,95,0.65,0.8024,10,0.645,0.7962,346,0
IWM191129P159,2019-11-25,2019-11-25 09:35:27,0.66,0.8148,37,0.64,0.7901,110,0.65,0.8024,10,0.65,0.8024,346,0
IWM191129P159,2019-11-25,2019-11-25 09:35:28,0.66,0.8148,29,0.64,0.7901,85,0.65,0.8024,10,0.65,0.8024,346,0
IWM191129P159,2019-11-25,2019-11-25 09:35:28,0.66,0.8148,1,0.65,0.8024,20,0.65,0.8024,10,0.655,0.8086,346,0
IWM191129P159,2019-11-25,2019-11-25 09:35:29,0.66,0.8148,1,0.65,0.8024,20,0.65,0.8024,10,0.655,0.8086,346,0
IWM191129P159,2019-11-25,2019-11-25 09:35:29,0.66,0.8148,21,0.65,0.8024,75,0.65,0.8024,10,0.655,0.8086,346,0
IWM191129P159,2019-11-25,2019-11-25 09:35:30,0.66,0.8148,31,0.64,0.7901,95,0.65,0.8024,10,0.65,0.8024,346,0
IWM191129P159,2019-11-25,2019-11-25 09:35:30,0.66,0.8148,41,0.64,0.7901,110,0.65,0.8024,10,0.65,0.8024,346,0
IWM191129P159,2019-11-25,2019-11-25 09:35:31,0.66,0.8148,15,0.64,0.7901,75,0.65,0.8024,10,0.65,0.8024,346,0
IWM191129P159,2019-11-25,2019-11-25 09:35:32,0.67,0.8271,229,0.65,0.8024,85,0.65,0.8024,10,0.66,0.8148,346,0
IWM191129P159,2019-11-25,2019-11-25 09:35:32,0.67,0.8271,54,0.65,0.8024,85,0.65,0.8024,10,0.66,0.8148,346,0
IWM191129P159,2019-11-25,2019-11-25 09:35:33,0.66,0.8148,45,0.64,0.7901,100,0.65,0.8024,10,0.65,0.8024,346,0
IWM191129P159,2019-11-25,2019-11-25 09:35:33,0.65,0.8024,6,0.64,0.7901,85,0.65,0.8024,10,0.645,0.7962,346,0
IWM191129P159,2019-11-25,2019-11-25 09:35:34,0.65,0.8024,6,0.64,0.7901,84,0.65,0.8024,10,0.645,0.7962,346,0
IWM191129P159,2019-11-25,2019-11-25 09:35:34,0.65,0.8024,79,0.64,0.7901,75,0.65,0.8024,10,0.645,0.7962,346,0
IWM191129P159,2019-11-25,2019-11-25 09:35:35,0.65,0.8024,66,0.64,0.7901,75,0.65,0.8024,10,0.645,0.7962,346,0
IWM191129P159,2019-11-25,2019-11-25 09:35:35,0.65,0.8024,61,0.63,0.7777,122,0.65,0.8024,10,0.64,0.7901,346,0
IWM191129P159,2019-11-25,2019-11-25 09:35:36,0.65,0.8024,61,0.64,0.7901,20,0.65,0.8024,10,0.645,0.7962,346,0
IWM191129P159,2019-11-25,2019-11-25 09:35:37,0.64,0.7901,29,0.63,0.7777,15,0.65,0.8024,10,0.635,0.7839,346,0
IWM191129P159,2019-11-25,2019-11-25 09:35:37,0.65,0.8024,216,0.63,0.7777,99,0.65,0.8024,10,0.64,0.7901,346,0
IWM191129P159,2019-11-25,2019-11-25 09:35:38,0.64,0.7901,10,0.63,0.7777,15,0.65,0.8024,10,0.635,0.7839,346,0
IWM191129P159,2019-11-25,2019-11-25 09:35:38,0.64,0.7901,15,0.63,0.7777,15,0.65,0.8024,10,0.635,0.7839,346,0
IWM191129P159,2019-11-25,2019-11-25 09:35:39,0.65,0.8024,254,0.63,0.7777,90,0.65,0.8024,10,0.64,0.7901,346,0
IWM191129P159,2019-11-25,2019-11-25 09:35:39,0.64,0.7901,15,0.63,0.7777,90,0.65,0.8024,10,0.635,0.7839,346,0
IWM191129P159,2019-11-25,2019-11-25 09:35:40,0.64,0.7901,32,0.63,0.7777,80,0.65,0.8024,10,0.635,0.7839,346,0
IWM191129P159,2019-11-25,2019-11-25 09:35:40,0.64,0.7901,100,0.63,0.7777,90,0.65,0.8024,10,0.635,0.7839,346,0
IWM191129P159,2019-11-25,2019-11-25 09:35:41,0.64,0.7901,113,0.63,0.7777,80,0.65,0.8024,10,0.635,0.7839,346,0
IWM191129P159,2019-11-25,2019-11-25 09:35:41,0.64,0.7901,103,0.63,0.7777,80,0.65,0.8024,10,0.635,0.7839,346,0
IWM191129P159,2019-11-25,2019-11-25 09:35:42,0.64,0.7901,41,0.63,0.7777,95,0.65,0.8024,10,0.635,0.7839,346,0
IWM191129P159,2019-11-25,2019-11-25 09:35:42,0.64,0.7901,112,0.63,0.7777,20,0.65,0.8024,10,0.635,0.7839,346,0
IWM191129P159,2019-11-25,2019-11-25 09:35:43,0.64,0.7901,91,0.63,0.7777,95,0.65,0.8024,10,0.635,0.7839,346,0
IWM191129P159,2019-11-25,2019-11-25 09:35:44,0.64,0.7901,112,0.63,0.7777,95,0.65,0.8024,10,0.635,0.7839,346,0
IWM191129P159,2019-11-25,2019-11-25 09:35:44,0.64,0.7901,112,0.63,0.7777,20,0.65,0.8024,10,0.635,0.7839,346,0
IWM191129P159,2019-11-25,2019-11-25 09:35:45,0.64,0.7901,20,0.63,0.7777,95,0.65,0.8024,10,0.635,0.7839,346,0
IWM191129P159,2019-11-25,2019-11-25 09:35:45,0.64,0.7901,104,0.63,0.7777,95,0.65,0.8024,10,0.635,0.7839,346,0
IWM191129P159,2019-11-25,2019-11-25 09:35:46,0.64,0.7901,44,0.63,0.7777,95,0.65,0.8024,10,0.635,0.7839,346,0
IWM191129P159,2019-11-25,2019-11-25 09:35:46,0.64,0.7901,108,0.63,0.7777,95,0.65,0.8024,10,0.635,0.7839,346,0
IWM191129P159,2019-11-25,2019-11-25 09:35:47,0.64,0.7901,10,0.63,0.7777,95,0.65,0.8024,10,0.635,0.7839,346,0
IWM191129P159,2019-11-25,2019-11-25 09:35:47,0.64,0.7901,14,0.63,0.7777,95,0.65,0.8024,10,0.635,0.7839,346,0
IWM191129P159,2019-11-25,2019-11-25 09:35:48,0.64,0.7901,14,0.63,0.7777,95,0.65,0.8024,10,0.635,0.7839,346,0
IWM191129P159,2019-11-25,2019-11-25 09:35:49,0.64,0.7901,73,0.63,0.7777,20,0.65,0.8024,10,0.635,0.7839,346,0
IWM191129P159,2019-11-25,2019-11-25 09:35:49,0.64,0.7901,215,0.63,0.7777,20,0.65,0.8024,10,0.635,0.7839,346,0
IWM191129P159,2019-11-25,2019-11-25 09:35:50,0.64,0.7901,66,0.63,0.7777,20,0.65,0.8024,10,0.635,0.7839,346,0
IWM191129P159,2019-11-25,2019-11-25 09:35:50,0.64,0.7901,186,0.62,0.7654,95,0.65,0.8024,10,0.63,0.7777,346,0
IWM191129P159,2019-11-25,2019-11-25 09:35:51,0.64,0.7901,55,0.62,0.7654,95,0.65,0.8024,10,0.63,0.7777,346,0
IWM191129P159,2019-11-25,2019-11-25 09:35:51,0.64,0.7901,161,0.62,0.7654,95,0.65,0.8024,10,0.63,0.7777,346,0
IWM191129P159,2019-11-25,2019-11-25 09:35:52,0.64,0.7901,239,0.62,0.7654,20,0.65,0.8024,10,0.63,0.7777,346,0
IWM191129P159,2019-11-25,2019-11-25 09:35:52,0.64,0.7901,419,0.62,0.7654,95,0.65,0.8024,10,0.63,0.7777,346,0
IWM191129P159,2019-11-25,2019-11-25 09:35:53,0.63,0.7777,10,0.62,0.7654,95,0.65,0.8024,10,0.625,0.7716,346,0
IWM191129P159,2019-11-25,2019-11-25 09:35:53,0.63,0.7777,16,0.62,0.7654,95,0.65,0.8024,10,0.625,0.7716,346,0
IWM191129P159,2019-11-25,2019-11-25 09:35:54,0.63,0.7777,13,0.62,0.7654,20,0.65,0.8024,10,0.625,0.7716,346,0
IWM191129P159,2019-11-25,2019-11-25 09:35:55,0.63,0.7777,33,0.62,0.7654,20,0.65,0.8024,10,0.625,0.7716,346,0
IWM191129P159,2019-11-25,2019-11-25 09:35:55,0.63,0.7777,16,0.62,0.7654,20,0.65,0.8024,10,0.625,0.7716,346,0
IWM191129P159,2019-11-25,2019-11-25 09:35:56,0.63,0.7777,16,0.62,0.7654,20,0.65,0.8024,10,0.625,0.7716,346,0
IWM191129P159,2019-11-25,2019-11-25 09:35:57,0.63,0.7777,22,0.62,0.7654,20,0.65,0.8024,10,0.625,0.7716,346,0
IWM191129P159,2019-11-25,2019-11-25 09:35:58,0.63,0.7777,29,0.62,0.7654,20,0.65,0.8024,10,0.625,0.7716,346,0
IWM191129P159,2019-11-25,2019-11-25 09:35:58,0.63,0.7777,88,0.62,0.7654,20,0.65,0.8024,10,0.625,0.7716,346,0
IWM191129P159,2019-11-25,2019-11-25 09:35:59,0.63,0.7777,81,0.62,0.7654,20,0.65,0.8024,10,0.625,0.7716,346,0
IWM191129P159,2019-11-25,2019-11-25 09:35:59,0.62,0.7654,7,0.62,0.7654,20,0.65,0.8024,10,0.62,0.7654,346,0
IWM191129P159,2019-11-25,2019-11-25 09:36:00,0.62,0.7654,16,0.61,0.753,75,0.65,0.8024,10,0.615,0.7592,346,0
IWM191129P159,2019-11-25,2019-11-25 09:36:00,0.62,0.7654,16,0.61,0.753,8,0.65,0.8024,10,0.615,0.7592,346,0
IWM191129P159,2019-11-25,2019-11-25 09:36:01,0.63,0.7777,36,0.61,0.753,83,0.65,0.8024,10,0.62,0.7654,346,0
IWM191129P159,2019-11-25,2019-11-25 09:36:01,0.63,0.7777,36,0.61,0.753,200,0.65,0.8024,10,0.62,0.7654,346,0
IWM191129P159,2019-11-25,2019-11-25 09:36:02,0.63,0.7777,20,0.62,0.7654,11,0.65,0.8024,10,0.625,0.7716,346,0
IWM191129P159,2019-11-25,2019-11-25 09:36:02,0.63,0.7777,20,0.61,0.753,98,0.65,0.8024,10,0.62,0.7654,346,0
IWM191129P159,2019-11-25,2019-11-25 09:36:03,0.63,0.7777,15,0.61,0.753,229,0.65,0.8024,10,0.62,0.7654,346,0
IWM191129P159,2019-11-25,2019-11-25 09:36:03,0.64,0.7901,47,0.62,0.7654,101,0.65,0.8024,10,0.63,0.7777,346,0
IWM191129P159,2019-11-25,2019-11-25 09:36:04,0.64,0.7901,47,0.62,0.7654,216,0.65,0.8024,10,0.63,0.7777,346,0
IWM191129P159,2019-11-25,2019-11-25 09:36:04,0.64,0.7901,11,0.63,0.7777,90,0.65,0.8024,10,0.635,0.7839,346,0
IWM191129P159,2019-11-25,2019-11-25 09:36:05,0.65,0.8024,11,0.64,0.7901,83,0.65,0.8024,10,0.645,0.7962,346,0
IWM191129P159,2019-11-25,2019-11-25 09:36:05,0.65,0.8024,15,0.64,0.7901,82,0.65,0.8024,10,0.645,0.7962,346,0
IWM191129P159,2019-11-25,2019-11-25 09:36:06,0.65,0.8024,15,0.64,0.7901,75,0.65,0.8024,10,0.645,0.7962,346,0
IWM191129P159,2019-11-25,2019-11-25 09:36:06,0.65,0.8024,110,0.63,0.7777,234,0.65,0.8024,10,0.64,0.7901,346,0
IWM191129P159,2019-11-25,2019-11-25 09:36:07,0.65,0.8024,64,0.64,0.7901,90,0.65,0.8024,10,0.645,0.7962,346,0
IWM191129P159,2019-11-25,2019-11-25 09:36:07,0.65,0.8024,148,0.63,0.7777,240,0.65,0.8024,10,0.64,0.7901,346,0
IWM191129P159,2019-11-25,2019-11-25 09:36:08,0.65,0.8024,5,0.64,0.7901,90,0.65,0.8024,10,0.645,0.7962,346,0
IWM191129P159,2019-11-25,2019-11-25 09:36:08,0.65,0.8024,31,0.64,0.7901,90,0.65,0.8024,10,0.645,0.7962,346,0
IWM191129P159,2019-11-25,2019-11-25 09:36:09,0.66,0.8148,74,0.64,0.7901,90,0.65,0.8024,10,0.65,0.8024,346,0
IWM191129P159,2019-11-25,2019-11-25 09:36:09,0.65,0.8024,5,0.64,0.7901,90,0.65,0.8024,10,0.645,0.7962,346,0
IWM191129P159,2019-11-25,2019-11-25 09:36:10,0.66,0.8148,198,0.64,0.7901,79,0.65,0.8024,10,0.65,0.8024,346,0
IWM191129P159,2019-11-25,2019-11-25 09:36:10,0.66,0.8148,198,0.64,0.7901,90,0.65,0.8024,10,0.65,0.8024,346,0
IWM191129P159,2019-11-25,2019-11-25 09:36:11,0.65,0.8024,15,0.64,0.7901,79,0.65,0.8024,10,0.645,0.7962,346,0
IWM191129P159,2019-11-25,2019-11-25 09:36:12,0.65,0.8024,11,0.64,0.7901,75,0.65,0.8024,10,0.645,0.7962,346,0
IWM191129P159,2019-11-25,2019-11-25 09:36:12,0.65,0.8024,29,0.62,0.7654,216,0.65,0.8024,10,0.635,0.7839,346,0
IWM191129P159,2019-11-25,2019-11-25 09:36:13,0.65,0.8024,11,0.64,0.7901,75,0.65,0.8024,10,0.645,0.7962,346,0
IWM191129P159,2019-11-25,2019-11-25 09:36:13,0.65,0.8024,11,0.64,0.7901,97,0.65,0.8024,10,0.645,0.7962,346,0
IWM191129P159,2019-11-25,2019-11-25 09:36:14,0.65,0.8024,11,0.64,0.7901,97,0.65,0.8024,10,0.645,0.7962,346,0
IWM191129P159,2019-11-25,2019-11-25 09:36:14,0.66,0.8148,100,0.64,0.7901,202,0.65,0.8024,10,0.65,0.8024,346,0
IWM191129P159,2019-11-25,2019-11-25 09:36:15,0.66,0.8148,38,0.64,0.7901,202,0.65,0.8024,10,0.65,0.8024,346,0
IWM191129P159,2019-11-25,2019-11-25 09:36:15,0.65,0.8024,9,0.64,0.7901,105,0.65,0.8024,10,0.645,0.7962,346,0
IWM191129P159,2019-11-25,2019-11-25 09:36:16,0.66,0.8148,17,0.65,0.8024,105,0.65,0.8024,10,0.655,0.8086,346,0
IWM191129P159,2019-11-25,2019-11-25 09:36:16,0.65,0.8024,9,0.64,0.7901,105,0.65,0.8024,10,0.645,0.7962,346,0
IWM191129P159,2019-11-25,2019-11-25 09:36:17,0.65,0.8024,8,0.64,0.7901,105,0.65,0.8024,10,0.645,0.7962,346,0
IWM191129P159,2019-11-25,2019-11-25 09:36:17,0.66,0.8148,15,0.65,0.8024,105,0.65,0.8024,10,0.655,0.8086,346,0
IWM191129P159,2019-11-25,2019-11-25 09:36:18,0.65,0.8024,14,0.64,0.7901,105,0.65,0.8024,10,0.645,0.7962,346,0
IWM191129P159,2019-11-25,2019-11-25 09:36:18,0.65,0.8024,80,0.64,0.7901,105,0.65,0.8024,10,0.645,0.7962,346,0
IWM191129P159,2019-11-25,2019-11-25 09:36:19,0.65,0.8024,14,0.64,0.7901,96,0.65,0.8024,10,0.645,0.7962,346,0
IWM191129P159,2019-11-25,2019-11-25 09:36:19,0.65,0.8024,20,0.64,0.7901,96,0.65,0.8024,10,0.645,0.7962,346,0
IWM191129P159,2019-11-25,2019-11-25 09:36:20,0.65,0.8024,10,0.64,0.7901,200,0.65,0.8024,1,0.645,0.7962,357,11
IWM191129P159,2019-11-25,2019-11-25 09:36:20,0.65,0.8024,20,0.64,0.7901,96,0.65,0.8024,10,0.645,0.7962,346,0
IWM191129P159,2019-11-25,2019-11-25 09:36:21,0.66,0.8148,10,0.64,0.7901,216,0.65,0.8024,1,0.65,0.8024,357,0
IWM191129P159,2019-11-25,2019-11-25 09:36:21,0.66,0.8148,14,0.65,0.8024,109,0.65,0.8024,1,0.655,0.8086,357,0
IWM191129P159,2019-11-25,2019-11-25 09:36:22,0.66,0.8148,23,0.64,0.7901,139,0.65,0.8024,1,0.65,0.8024,357,0
IWM191129P159,2019-11-25,2019-11-25 09:36:22,0.66,0.8148,23,0.64,0.7901,165,0.65,0.8024,1,0.65,0.8024,357,0
IWM191129P159,2019-11-25,2019-11-25 09:36:23,0.66,0.8148,62,0.65,0.8024,75,0.65,0.8024,1,0.655,0.8086,357,0
IWM191129P159,2019-11-25,2019-11-25 09:36:23,0.66,0.8148,61,0.64,0.7901,290,0.65,0.8024,1,0.65,0.8024,357,0
IWM191129P159,2019-11-25,2019-11-25 09:36:24,0.67,0.8271,1,0.66,0.8148,83,0.65,0.8024,1,0.665,0.8209,357,0
IWM191129P159,2019-11-25,2019-11-25 09:36:24,0.67,0.8271,29,0.65,0.8024,83,0.65,0.8024,1,0.66,0.8148,357,0
IWM191129P159,2019-11-25,2019-11-25 09:36:25,0.68,0.8395,91,0.66,0.8148,83,0.65,0.8024,1,0.67,0.8271,357,0
IWM191129P159,2019-11-25,2019-11-25 09:36:26,0.68,0.8395,73,0.66,0.8148,83,0.65,0.8024,1,0.67,0.8271,357,0
IWM191129P159,2019-11-25,2019-11-25 09:36:26,0.68,0.8395,22,0.66,0.8148,83,0.65,0.8024,1,0.67,0.8271,357,0
IWM191129P159,2019-11-25,2019-11-25 09:36:27,0.68,0.8395,22,0.67,0.8271,75,0.65,0.8024,1,0.675,0.8333,357,0
IWM191129P159,2019-11-25,2019-11-25 09:36:27,0.68,0.8395,81,0.66,0.8148,105,0.65,0.8024,1,0.67,0.8271,357,0
IWM191129P159,2019-11-25,2019-11-25 09:36:28,0.68,0.8395,81,0.66,0.8148,94,0.65,0.8024,1,0.67,0.8271,357,0
IWM191129P159,2019-11-25,2019-11-25 09:36:29,0.68,0.8395,29,0.66,0.8148,97,0.65,0.8024,1,0.67,0.8271,357,0
IWM191129P159,2019-11-25,2019-11-25 09:36:29,0.68,0.8395,81,0.66,0.8148,97,0.65,0.8024,1,0.67,0.8271,357,0
IWM191129P159,2019-11-25,2019-11-25 09:36:30,0.68,0.8395,34,0.66,0.8148,210,0.65,0.8024,1,0.67,0.8271,357,0
IWM191129P159,2019-11-25,2019-11-25 09:36:30,0.68,0.8395,20,0.66,0.8148,161,0.65,0.8024,1,0.67,0.8271,357,0
IWM191129P159,2019-11-25,2019-11-25 09:36:31,0.68,0.8395,30,0.67,0.8271,83,0.65,0.8024,1,0.675,0.8333,357,0
IWM191129P159,2019-11-25,2019-11-25 09:36:32,0.68,0.8395,48,0.66,0.8148,105,0.65,0.8024,1,0.67,0.8271,357,0
IWM191129P159,2019-11-25,2019-11-25 09:36:32,0.68,0.8395,134,0.66,0.8148,105,0.65,0.8024,1,0.67,0.8271,357,0
IWM191129P159,2019-11-25,2019-11-25 09:36:33,0.68,0.8395,56,0.66,0.8148,105,0.65,0.8024,1,0.67,0.8271,357,0
IWM191129P159,2019-11-25,2019-11-25 09:36:33,0.67,0.8271,6,0.66,0.8148,105,0.67,0.8271,4,0.665,0.8209,361,4
IWM191129P159,2019-11-25,2019-11-25 09:36:34,0.68,0.8395,57,0.67,0.8271,75,0.67,0.8271,4,0.675,0.8333,361,0
IWM191129P159,2019-11-25,2019-11-25 09:36:35,0.68,0.8395,87,0.66,0.8148,105,0.67,0.8271,4,0.67,0.8271,361,0
IWM191129P159,2019-11-25,2019-11-25 09:36:35,0.67,0.8271,30,0.65,0.8024,105,0.67,0.8271,4,0.66,0.8148,361,0
IWM191129P159,2019-11-25,2019-11-25 09:36:36,0.67,0.8271,39,0.65,0.8024,210,0.67,0.8271,4,0.66,0.8148,361,0
IWM191129P159,2019-11-25,2019-11-25 09:36:36,0.67,0.8271,30,0.65,0.8024,105,0.67,0.8271,4,0.66,0.8148,361,0
IWM191129P159,2019-11-25,2019-11-25 09:36:37,0.67,0.8271,79,0.65,0.8024,94,0.67,0.8271,4,0.66,0.8148,361,0
IWM191129P159,2019-11-25,2019-11-25 09:36:38,0.67,0.8271,128,0.65,0.8024,94,0.67,0.8271,4,0.66,0.8148,361,0
IWM191129P159,2019-11-25,2019-11-25 09:36:38,0.67,0.8271,55,0.65,0.8024,94,0.67,0.8271,4,0.66,0.8148,361,0
IWM191129P159,2019-11-25,2019-11-25 09:36:39,0.67,0.8271,161,0.65,0.8024,126,0.67,0.8271,4,0.66,0.8148,361,0
IWM191129P159,2019-11-25,2019-11-25 09:36:39,0.67,0.8271,20,0.66,0.8148,90,0.67,0.8271,4,0.665,0.8209,361,0
IWM191129P159,2019-11-25,2019-11-25 09:36:40,0.67,0.8271,177,0.65,0.8024,251,0.67,0.8271,4,0.66,0.8148,361,0
IWM191129P159,2019-11-25,2019-11-25 09:36:40,0.67,0.8271,128,0.65,0.8024,251,0.67,0.8271,4,0.66,0.8148,361,0
IWM191129P159,2019-11-25,2019-11-25 09:36:42,0.67,0.8271,88,0.66,0.8148,75,0.67,0.8271,4,0.665,0.8209,361,0
IWM191129P159,2019-11-25,2019-11-25 09:36:43,0.67,0.8271,20,0.66,0.8148,90,0.67,0.8271,4,0.665,0.8209,361,0
IWM191129P159,2019-11-25,2019-11-25 09:36:43,0.67,0.8271,20,0.66,0.8148,75,0.67,0.8271,4,0.665,0.8209,361,0
IWM191129P159,2019-11-25,2019-11-25 09:36:44,0.67,0.8271,30,0.65,0.8024,413,0.67,0.8271,4,0.66,0.8148,361,0
IWM191129P159,2019-11-25,2019-11-25 09:36:44,0.67,0.8271,30,0.65,0.8024,200,0.67,0.8271,4,0.66,0.8148,361,0
IWM191129P159,2019-11-25,2019-11-25 09:36:45,0.66,0.8148,5,0.65,0.8024,75,0.67,0.8271,4,0.655,0.8086,361,0
IWM191129P159,2019-11-25,2019-11-25 09:36:46,0.67,0.8271,154,0.65,0.8024,75,0.67,0.8271,4,0.66,0.8148,361,0
IWM191129P159,2019-11-25,2019-11-25 09:36:46,0.66,0.8148,10,0.65,0.8024,75,0.67,0.8271,4,0.655,0.8086,361,0
IWM191129P159,2019-11-25,2019-11-25 09:36:47,0.66,0.8148,14,0.65,0.8024,83,0.67,0.8271,4,0.655,0.8086,361,0
IWM191129P159,2019-11-25,2019-11-25 09:36:47,0.67,0.8271,140,0.65,0.8024,262,0.67,0.8271,4,0.66,0.8148,361,0
IWM191129P159,2019-11-25,2019-11-25 09:36:48,0.66,0.8148,1,0.65,0.8024,262,0.67,0.8271,4,0.655,0.8086,361,0
IWM191129P159,2019-11-25,2019-11-25 09:36:49,0.66,0.8148,1,0.65,0.8024,200,0.67,0.8271,4,0.655,0.8086,361,0
IWM191129P159,2019-11-25,2019-11-25 09:36:50,0.67,0.8271,174,0.65,0.8024,137,0.67,0.8271,4,0.66,0.8148,361,0
IWM191129P159,2019-11-25,2019-11-25 09:36:50,0.66,0.8148,122,0.64,0.7901,381,0.67,0.8271,4,0.65,0.8024,361,0
IWM191129P159,2019-11-25,2019-11-25 09:36:51,0.66,0.8148,60,0.64,0.7901,381,0.67,0.8271,4,0.65,0.8024,361,0
IWM191129P159,2019-11-25,2019-11-25 09:36:51,0.66,0.8148,78,0.64,0.7901,381,0.67,0.8271,4,0.65,0.8024,361,0
IWM191129P159,2019-11-25,2019-11-25 09:36:52,0.66,0.8148,148,0.64,0.7901,381,0.67,0.8271,4,0.65,0.8024,361,0
IWM191129P159,2019-11-25,2019-11-25 09:36:52,0.66,0.8148,212,0.64,0.7901,200,0.67,0.8271,4,0.65,0.8024,361,0
IWM191129P159,2019-11-25,2019-11-25 09:36:53,0.65,0.8024,20,0.64,0.7901,90,0.67,0.8271,4,0.645,0.7962,361,0
IWM191129P159,2019-11-25,2019-11-25 09:36:54,0.65,0.8024,20,0.64,0.7901,90,0.67,0.8271,4,0.645,0.7962,361,0
IWM191129P159,2019-11-25,2019-11-25 09:36:55,0.65,0.8024,12,0.64,0.7901,75,0.67,0.8271,4,0.645,0.7962,361,0
IWM191129P159,2019-11-25,2019-11-25 09:36:56,0.65,0.8024,12,0.63,0.7777,366,0.67,0.8271,4,0.64,0.7901,361,0
IWM191129P159,2019-11-25,2019-11-25 09:36:57,0.65,0.8024,79,0.64,0.7901,80,0.67,0.8271,4,0.645,0.7962,361,0
IWM191129P159,2019-11-25,2019-11-25 09:36:57,0.65,0.8024,46,0.64,0.7901,77,0.67,0.8271,4,0.645,0.7962,361,0
IWM191129P159,2019-11-25,2019-11-25 09:36:58,0.65,0.8024,35,0.64,0.7901,80,0.67,0.8271,4,0.645,0.7962,361,0
IWM191129P159,2019-11-25,2019-11-25 09:36:59,0.65,0.8024,28,0.64,0.7901,200,0.67,0.8271,4,0.645,0.7962,361,0
IWM191129P159,2019-11-25,2019-11-25 09:36:59,0.65,0.8024,35,0.64,0.7901,80,0.67,0.8271,4,0.645,0.7962,361,0
IWM191129P159,2019-11-25,2019-11-25 09:37:00,0.66,0.8148,142,0.64,0.7901,200,0.67,0.8271,4,0.65,0.8024,361,0
IWM191129P159,2019-11-25,2019-11-25 09:37:00,0.66,0.8148,66,0.64,0.7901,200,0.67,0.8271,4,0.65,0.8024,361,0
IWM191129P159,2019-11-25,2019-11-25 09:37:01,0.66,0.8148,134,0.64,0.7901,116,0.67,0.8271,4,0.65,0.8024,361,0
IWM191129P159,2019-11-25,2019-11-25 09:37:01,0.66,0.8148,26,0.64,0.7901,200,0.67,0.8271,4,0.65,0.8024,361,0
IWM191129P159,2019-11-25,2019-11-25 09:37:02,0.66,0.8148,134,0.65,0.8024,80,0.67,0.8271,4,0.655,0.8086,361,0
IWM191129P159,2019-11-25,2019-11-25 09:37:03,0.67,0.8271,111,0.65,0.8024,354,0.67,0.8271,4,0.66,0.8148,361,0
IWM191129P159,2019-11-25,2019-11-25 09:37:03,0.66,0.8148,10,0.65,0.8024,354,0.67,0.8271,4,0.655,0.8086,361,0
IWM191129P159,2019-11-25,2019-11-25 09:37:04,0.67,0.8271,111,0.65,0.8024,340,0.67,0.8271,4,0.66,0.8148,361,0
IWM191129P159,2019-11-25,2019-11-25 09:37:04,0.67,0.8271,101,0.65,0.8024,92,0.67,0.8271,4,0.66,0.8148,361,0
IWM191129P159,2019-11-25,2019-11-25 09:37:05,0.67,0.8271,30,0.66,0.8148,84,0.67,0.8271,4,0.665,0.8209,361,0
IWM191129P159,2019-11-25,2019-11-25 09:37:05,0.67,0.8271,40,0.65,0.8024,119,0.67,0.8271,4,0.66,0.8148,361,0
IWM191129P159,2019-11-25,2019-11-25 09:37:06,0.67,0.8271,30,0.66,0.8148,316,0.67,0.8271,4,0.665,0.8209,361,0
IWM191129P159,2019-11-25,2019-11-25 09:37:06,0.67,0.8271,30,0.66,0.8148,84,0.67,0.8271,4,0.665,0.8209,361,0
IWM191129P159,2019-11-25,2019-11-25 09:37:07,0.67,0.8271,30,0.66,0.8148,84,0.67,0.8271,4,0.665,0.8209,361,0
IWM191129P159,2019-11-25,2019-11-25 09:37:08,0.67,0.8271,30,0.66,0.8148,80,0.67,0.8271,4,0.665,0.8209,361,0
IWM191129P159,2019-11-25,2019-11-25 09:37:08,0.67,0.8271,121,0.66,0.8148,80,0.67,0.8271,4,0.665,0.8209,361,0
IWM191129P159,2019-11-25,2019-11-25 09:37:09,0.67,0.8271,109,0.66,0.8148,80,0.67,0.8271,4,0.665,0.8209,361,0
IWM191129P159,2019-11-25,2019-11-25 09:37:09,0.67,0.8271,121,0.65,0.8024,210,0.67,0.8271,4,0.66,0.8148,361,0
IWM191129P159,2019-11-25,2019-11-25 09:37:10,0.67,0.8271,42,0.65,0.8024,237,0.67,0.8271,4,0.66,0.8148,361,0
IWM191129P159,2019-11-25,2019-11-25 09:37:10,0.67,0.8271,42,0.65,0.8024,300,0.67,0.8271,4,0.66,0.8148,361,0
IWM191129P159,2019-11-25,2019-11-25 09:37:11,0.66,0.8148,121,0.65,0.8024,2,0.67,0.8271,4,0.655,0.8086,361,0
IWM191129P159,2019-11-25,2019-11-25 09:37:12,0.66,0.8148,101,0.65,0.8024,2,0.65,0.8024,10,0.655,0.8086,371,10
IWM191129P159,2019-11-25,2019-11-25 09:37:12,0.66,0.8148,42,0.65,0.8024,2,0.65,0.8024,10,0.655,0.8086,371,0
IWM191129P159,2019-11-25,2019-11-25 09:37:13,0.66,0.8148,42,0.65,0.8024,2,0.65,0.8024,10,0.655,0.8086,371,0
IWM191129P159,2019-11-25,2019-11-25 09:37:14,0.66,0.8148,42,0.65,0.8024,2,0.65,0.8024,10,0.655,0.8086,371,0
IWM191129P159,2019-11-25,2019-11-25 09:37:15,0.67,0.8271,20,0.65,0.8024,98,0.65,0.8024,10,0.66,0.8148,371,0
IWM191129P159,2019-11-25,2019-11-25 09:37:16,0.67,0.8271,20,0.65,0.8024,512,0.65,0.8024,10,0.66,0.8148,371,0
IWM191129P159,2019-11-25,2019-11-25 09:37:16,0.67,0.8271,20,0.65,0.8024,98,0.65,0.8024,10,0.66,0.8148,371,0
IWM191129P159,2019-11-25,2019-11-25 09:37:17,0.67,0.8271,34,0.66,0.8148,80,0.65,0.8024,10,0.665,0.8209,371,0
IWM191129P159,2019-11-25,2019-11-25 09:37:17,0.67,0.8271,19,0.65,0.8024,512,0.65,0.8024,10,0.66,0.8148,371,0
IWM191129P159,2019-11-25,2019-11-25 09:37:18,0.67,0.8271,129,0.65,0.8024,351,0.65,0.8024,10,0.66,0.8148,371,0
IWM191129P159,2019-11-25,2019-11-25 09:37:18,0.67,0.8271,77,0.65,0.8024,210,0.65,0.8024,10,0.66,0.8148,371,0
IWM191129P159,2019-11-25,2019-11-25 09:37:19,0.67,0.8271,133,0.65,0.8024,351,0.65,0.8024,10,0.66,0.8148,371,0
IWM191129P159,2019-11-25,2019-11-25 09:37:19,0.67,0.8271,57,0.65,0.8024,351,0.65,0.8024,10,0.66,0.8148,371,0
IWM191129P159,2019-11-25,2019-11-25 09:37:20,0.67,0.8271,20,0.66,0.8148,79,0.65,0.8024,10,0.665,0.8209,371,0
IWM191129P159,2019-11-25,2019-11-25 09:37:20,0.67,0.8271,30,0.66,0.8148,79,0.65,0.8024,10,0.665,0.8209,371,0
IWM191129P159,2019-11-25,2019-11-25 09:37:21,0.67,0.8271,20,0.66,0.8148,75,0.65,0.8024,10,0.665,0.8209,371,0
IWM191129P159,2019-11-25,2019-11-25 09:37:21,0.67,0.8271,20,0.66,0.8148,80,0.65,0.8024,10,0.665,0.8209,371,0
IWM191129P159,2019-11-25,2019-11-25 09:37:22,0.68,0.8395,215,0.66,0.8148,302,0.65,0.8024,10,0.67,0.8271,371,0
IWM191129P159,2019-11-25,2019-11-25 09:37:22,0.68,0.8395,64,0.66,0.8148,200,0.65,0.8024,10,0.67,0.8271,371,0
IWM191129P159,2019-11-25,2019-11-25 09:37:23,0.68,0.8395,206,0.66,0.8148,366,0.65,0.8024,10,0.67,0.8271,371,0
IWM191129P159,2019-11-25,2019-11-25 09:37:24,0.68,0.8395,206,0.66,0.8148,368,0.65,0.8024,10,0.67,0.8271,371,0
IWM191129P159,2019-11-25,2019-11-25 09:37:24,0.68,0.8395,150,0.66,0.8148,368,0.65,0.8024,10,0.67,0.8271,371,0
IWM191129P159,2019-11-25,2019-11-25 09:37:25,0.68,0.8395,22,0.66,0.8148,300,0.65,0.8024,10,0.67,0.8271,371,0
IWM191129P159,2019-11-25,2019-11-25 09:37:25,0.68,0.8395,29,0.66,0.8148,300,0.65,0.8024,10,0.67,0.8271,371,0
IWM191129P159,2019-11-25,2019-11-25 09:37:26,0.68,0.8395,29,0.66,0.8148,298,0.65,0.8024,10,0.67,0.8271,371,0
IWM191129P159,2019-11-25,2019-11-25 09:37:26,0.68,0.8395,29,0.66,0.8148,84,0.65,0.8024,10,0.67,0.8271,371,0
IWM191129P159,2019-11-25,2019-11-25 09:37:27,0.68,0.8395,29,0.66,0.8148,298,0.65,0.8024,10,0.67,0.8271,371,0
IWM191129P159,2019-11-25,2019-11-25 09:37:28,0.68,0.8395,81,0.66,0.8148,80,0.65,0.8024,10,0.67,0.8271,371,0
IWM191129P159,2019-11-25,2019-11-25 09:37:29,0.67,0.8271,183,0.65,0.8024,93,0.65,0.8024,10,0.66,0.8148,371,0
IWM191129P159,2019-11-25,2019-11-25 09:37:29,0.67,0.8271,30,0.66,0.8148,80,0.65,0.8024,10,0.665,0.8209,371,0
IWM191129P159,2019-11-25,2019-11-25 09:37:30,0.67,0.8271,141,0.65,0.8024,210,0.65,0.8024,10,0.66,0.8148,371,0
IWM191129P159,2019-11-25,2019-11-25 09:37:31,0.66,0.8148,162,0.65,0.8024,2,0.65,0.8024,10,0.655,0.8086,371,0
IWM191129P159,2019-11-25,2019-11-25 09:37:31,0.66,0.8148,42,0.65,0.8024,2,0.65,0.8024,10,0.655,0.8086,371,0
IWM191129P159,2019-11-25,2019-11-25 09:37:32,0.66,0.8148,218,0.65,0.8024,2,0.65,0.8024,10,0.655,0.8086,371,0
IWM191129P159,2019-11-25,2019-11-25 09:37:32,0.66,0.8148,186,0.65,0.8024,2,0.65,0.8024,10,0.655,0.8086,371,0
IWM191129P159,2019-11-25,2019-11-25 09:37:33,0.66,0.8148,548,0.65,0.8024,2,0.65,0.8024,10,0.655,0.8086,371,0
IWM191129P159,2019-11-25,2019-11-25 09:37:33,0.66,0.8148,675,0.65,0.8024,2,0.65,0.8024,10,0.655,0.8086,371,0
IWM191129P159,2019-11-25,2019-11-25 09:37:34,0.66,0.8148,548,0.65,0.8024,2,0.65,0.8024,10,0.655,0.8086,371,0
IWM191129P159,2019-11-25,2019-11-25 09:37:34,0.66,0.8148,247,0.65,0.8024,2,0.65,0.8024,10,0.655,0.8086,371,0
IWM191129P159,2019-11-25,2019-11-25 09:37:35,0.66,0.8148,53,0.65,0.8024,9,0.65,0.8024,10,0.655,0.8086,371,0
IWM191129P159,2019-11-25,2019-11-25 09:37:35,0.66,0.8148,174,0.65,0.8024,2,0.65,0.8024,10,0.655,0.8086,371,0
IWM191129P159,2019-11-25,2019-11-25 09:37:36,0.66,0.8148,202,0.65,0.8024,2,0.65,0.8024,10,0.655,0.8086,371,0
IWM191129P159,2019-11-25,2019-11-25 09:37:36,0.66,0.8148,102,0.65,0.8024,2,0.65,0.8024,10,0.655,0.8086,371,0
IWM191129P159,2019-11-25,2019-11-25 09:37:37,0.66,0.8148,47,0.65,0.8024,2,0.65,0.8024,10,0.655,0.8086,371,0
IWM191129P159,2019-11-25,2019-11-25 09:37:37,0.66,0.8148,65,0.65,0.8024,2,0.65,0.8024,10,0.655,0.8086,371,0
IWM191129P159,2019-11-25,2019-11-25 09:37:38,0.66,0.8148,267,0.65,0.8024,2,0.65,0.8024,10,0.655,0.8086,371,0
IWM191129P159,2019-11-25,2019-11-25 09:37:38,0.66,0.8148,147,0.65,0.8024,2,0.65,0.8024,10,0.655,0.8086,371,0
IWM191129P159,2019-11-25,2019-11-25 09:37:39,0.66,0.8148,162,0.65,0.8024,2,0.65,0.8024,10,0.655,0.8086,371,0
IWM191129P159,2019-11-25,2019-11-25 09:37:39,0.66,0.8148,40,0.65,0.8024,2,0.65,0.8024,10,0.655,0.8086,371,0
IWM191129P159,2019-11-25,2019-11-25 09:37:40,0.66,0.8148,316,0.65,0.8024,2,0.65,0.8024,10,0.655,0.8086,371,0
IWM191129P159,2019-11-25,2019-11-25 09:37:41,0.66,0.8148,470,0.65,0.8024,2,0.65,0.8024,10,0.655,0.8086,371,0
IWM191129P159,2019-11-25,2019-11-25 09:37:42,0.66,0.8148,470,0.65,0.8024,2,0.65,0.8024,10,0.655,0.8086,371,0
IWM191129P159,2019-11-25,2019-11-25 09:37:42,0.66,0.8148,611,0.65,0.8024,2,0.65,0.8024,10,0.655,0.8086,371,0
IWM191129P159,2019-11-25,2019-11-25 09:37:43,0.66,0.8148,650,0.65,0.8024,2,0.65,0.8024,10,0.655,0.8086,371,0
IWM191129P159,2019-11-25,2019-11-25 09:37:44,0.66,0.8148,569,0.65,0.8024,2,0.65,0.8024,10,0.655,0.8086,371,0
IWM191129P159,2019-11-25,2019-11-25 09:37:45,0.66,0.8148,569,0.65,0.8024,2,0.65,0.8024,10,0.655,0.8086,371,0
IWM191129P159,2019-11-25,2019-11-25 09:37:46,0.66,0.8148,569,0.65,0.8024,2,0.65,0.8024,10,0.655,0.8086,371,0
IWM191129P159,2019-11-25,2019-11-25 09:37:47,0.66,0.8148,569,0.65,0.8024,2,0.65,0.8024,10,0.655,0.8086,371,0
IWM191129P159,2019-11-25,2019-11-25 09:37:48,0.66,0.8148,143,0.65,0.8024,2,0.65,0.8024,10,0.655,0.8086,371,0
IWM191129P159,2019-11-25,2019-11-25 09:37:48,0.66,0.8148,57,0.65,0.8024,2,0.65,0.8024,10,0.655,0.8086,371,0
IWM191129P159,2019-11-25,2019-11-25 09:37:49,0.66,0.8148,143,0.65,0.8024,2,0.65,0.8024,10,0.655,0.8086,371,0
IWM191129P159,2019-11-25,2019-11-25 09:37:49,0.66,0.8148,550,0.65,0.8024,2,0.65,0.8024,10,0.655,0.8086,371,0
IWM191129P159,2019-11-25,2019-11-25 09:37:50,0.66,0.8148,385,0.65,0.8024,2,0.65,0.8024,10,0.655,0.8086,371,0
IWM191129P159,2019-11-25,2019-11-25 09:37:50,0.65,0.8024,26,0.64,0.7901,9,0.65,0.8024,2,0.645,0.7962,373,2
IWM191129P159,2019-11-25,2019-11-25 09:37:51,0.65,0.8024,20,0.64,0.7901,210,0.65,0.8024,2,0.645,0.7962,373,0
IWM191129P159,2019-11-25,2019-11-25 09:37:51,0.65,0.8024,20,0.64,0.7901,75,0.65,0.8024,2,0.645,0.7962,373,0
IWM191129P159,2019-11-25,2019-11-25 09:37:52,0.65,0.8024,20,0.64,0.7901,404,0.65,0.8024,2,0.645,0.7962,373,0
IWM191129P159,2019-11-25,2019-11-25 09:37:53,0.65,0.8024,20,0.64,0.7901,404,0.65,0.8024,2,0.645,0.7962,373,0
IWM191129P159,2019-11-25,2019-11-25 09:37:53,0.65,0.8024,20,0.63,0.7777,191,0.65,0.8024,3,0.64,0.7901,376,3
IWM191129P159,2019-11-25,2019-11-25 09:37:54,0.65,0.8024,20,0.64,0.7901,9,0.65,0.8024,3,0.645,0.7962,376,0
IWM191129P159,2019-11-25,2019-11-25 09:37:55,0.65,0.8024,20,0.64,0.7901,9,0.65,0.8024,3,0.645,0.7962,376,0
IWM191129P159,2019-11-25,2019-11-25 09:37:56,0.65,0.8024,20,0.63,0.7777,429,0.65,0.8024,3,0.64,0.7901,376,0
IWM191129P159,2019-11-25,2019-11-25 09:37:57,0.65,0.8024,18,0.64,0.7901,369,0.65,0.8024,3,0.645,0.7962,376,0
IWM191129P159,2019-11-25,2019-11-25 09:37:57,0.65,0.8024,20,0.64,0.7901,369,0.65,0.8024,3,0.645,0.7962,376,0
IWM191129P159,2019-11-25,2019-11-25 09:37:58,0.65,0.8024,20,0.63,0.7777,431,0.65,0.8024,3,0.64,0.7901,376,0
IWM191129P159,2019-11-25,2019-11-25 09:37:58,0.65,0.8024,20,0.63,0.7777,556,0.65,0.8024,3,0.64,0.7901,376,0
IWM191129P159,2019-11-25,2019-11-25 09:37:59,0.65,0.8024,101,0.63,0.7777,556,0.65,0.8024,3,0.64,0.7901,376,0
IWM191129P159,2019-11-25,2019-11-25 09:37:59,0.65,0.8024,20,0.63,0.7777,557,0.65,0.8024,3,0.64,0.7901,376,0
IWM191129P159,2019-11-25,2019-11-25 09:38:00,0.65,0.8024,124,0.63,0.7777,556,0.65,0.8024,3,0.64,0.7901,376,0
IWM191129P159,2019-11-25,2019-11-25 09:38:00,0.65,0.8024,45,0.63,0.7777,556,0.65,0.8024,3,0.64,0.7901,376,0
IWM191129P159,2019-11-25,2019-11-25 09:38:01,0.65,0.8024,600,0.62,0.7654,456,0.65,0.8024,3,0.635,0.7839,376,0
IWM191129P159,2019-11-25,2019-11-25 09:38:02,0.64,0.7901,28,0.62,0.7654,456,0.65,0.8024,3,0.63,0.7777,376,0
IWM191129P159,2019-11-25,2019-11-25 09:38:02,0.64,0.7901,42,0.62,0.7654,431,0.65,0.8024,3,0.63,0.7777,376,0
IWM191129P159,2019-11-25,2019-11-25 09:38:03,0.64,0.7901,68,0.62,0.7654,431,0.65,0.8024,3,0.63,0.7777,376,0
IWM191129P159,2019-11-25,2019-11-25 09:38:03,0.63,0.7777,11,0.62,0.7654,327,0.65,0.8024,3,0.625,0.7716,376,0
IWM191129P159,2019-11-25,2019-11-25 09:38:04,0.63,0.7777,11,0.62,0.7654,327,0.65,0.8024,3,0.625,0.7716,376,0
IWM191129P159,2019-11-25,2019-11-25 09:38:05,0.63,0.7777,11,0.62,0.7654,327,0.65,0.8024,3,0.625,0.7716,376,0
IWM191129P159,2019-11-25,2019-11-25 09:38:05,0.63,0.7777,20,0.62,0.7654,327,0.65,0.8024,3,0.625,0.7716,376,0
IWM191129P159,2019-11-25,2019-11-25 09:38:06,0.63,0.7777,20,0.62,0.7654,272,0.65,0.8024,3,0.625,0.7716,376,0
IWM191129P159,2019-11-25,2019-11-25 09:38:06,0.63,0.7777,20,0.62,0.7654,392,0.65,0.8024,3,0.625,0.7716,376,0
IWM191129P159,2019-11-25,2019-11-25 09:38:07,0.64,0.7901,29,0.62,0.7654,333,0.65,0.8024,3,0.63,0.7777,376,0
IWM191129P159,2019-11-25,2019-11-25 09:38:07,0.64,0.7901,143,0.62,0.7654,333,0.65,0.8024,3,0.63,0.7777,376,0
IWM191129P159,2019-11-25,2019-11-25 09:38:08,0.64,0.7901,111,0.62,0.7654,210,0.65,0.8024,3,0.63,0.7777,376,0
IWM191129P159,2019-11-25,2019-11-25 09:38:08,0.64,0.7901,115,0.62,0.7654,210,0.65,0.8024,3,0.63,0.7777,376,0
IWM191129P159,2019-11-25,2019-11-25 09:38:09,0.63,0.7777,15,0.62,0.7654,218,0.65,0.8024,3,0.625,0.7716,376,0
IWM191129P159,2019-11-25,2019-11-25 09:38:09,0.63,0.7777,15,0.62,0.7654,214,0.65,0.8024,3,0.625,0.7716,376,0
IWM191129P159,2019-11-25,2019-11-25 09:38:10,0.63,0.7777,15,0.61,0.753,137,0.65,0.8024,3,0.62,0.7654,376,0
IWM191129P159,2019-11-25,2019-11-25 09:38:10,0.63,0.7777,15,0.62,0.7654,214,0.65,0.8024,3,0.625,0.7716,376,0
IWM191129P159,2019-11-25,2019-11-25 09:38:11,0.63,0.7777,80,0.61,0.753,391,0.65,0.8024,3,0.62,0.7654,376,0
IWM191129P159,2019-11-25,2019-11-25 09:38:11,0.63,0.7777,124,0.61,0.753,391,0.65,0.8024,3,0.62,0.7654,376,0
IWM191129P159,2019-11-25,2019-11-25 09:38:12,0.63,0.7777,152,0.61,0.753,371,0.65,0.8024,3,0.62,0.7654,376,0
IWM191129P159,2019-11-25,2019-11-25 09:38:12,0.63,0.7777,124,0.61,0.753,391,0.65,0.8024,3,0.62,0.7654,376,0
IWM191129P159,2019-11-25,2019-11-25 09:38:13,0.63,0.7777,112,0.61,0.753,371,0.65,0.8024,3,0.62,0.7654,376,0
IWM191129P159,2019-11-25,2019-11-25 09:38:13,0.63,0.7777,152,0.61,0.753,371,0.65,0.8024,3,0.62,0.7654,376,0
IWM191129P159,2019-11-25,2019-11-25 09:38:14,0.63,0.7777,124,0.61,0.753,371,0.65,0.8024,3,0.62,0.7654,376,0
IWM191129P159,2019-11-25,2019-11-25 09:38:14,0.63,0.7777,168,0.61,0.753,395,0.65,0.8024,3,0.62,0.7654,376,0
IWM191129P159,2019-11-25,2019-11-25 09:38:15,0.63,0.7777,169,0.61,0.753,371,0.65,0.8024,3,0.62,0.7654,376,0
IWM191129P159,2019-11-25,2019-11-25 09:38:16,0.63,0.7777,169,0.61,0.753,371,0.65,0.8024,3,0.62,0.7654,376,0
IWM191129P159,2019-11-25,2019-11-25 09:38:17,0.63,0.7777,113,0.6,0.7407,237,0.65,0.8024,3,0.615,0.7592,376,0
IWM191129P159,2019-11-25,2019-11-25 09:38:17,0.63,0.7777,113,0.61,0.753,384,0.65,0.8024,3,0.62,0.7654,376,0
IWM191129P159,2019-11-25,2019-11-25 09:38:18,0.62,0.7654,34,0.6,0.7407,367,0.65,0.8024,3,0.61,0.753,376,0
IWM191129P159,2019-11-25,2019-11-25 09:38:19,0.62,0.7654,10,0.6,0.7407,522,0.65,0.8024,3,0.61,0.753,376,0
IWM191129P159,2019-11-25,2019-11-25 09:38:19,0.62,0.7654,34,0.6,0.7407,522,0.65,0.8024,3,0.61,0.753,376,0
IWM191129P159,2019-11-25,2019-11-25 09:38:20,0.62,0.7654,20,0.6,0.7407,522,0.65,0.8024,3,0.61,0.753,376,0
IWM191129P159,2019-11-25,2019-11-25 09:38:20,0.62,0.7654,18,0.6,0.7407,522,0.65,0.8024,3,0.61,0.753,376,0
IWM191129P159,2019-11-25,2019-11-25 09:38:21,0.62,0.7654,18,0.61,0.753,84,0.65,0.8024,3,0.615,0.7592,376,0
IWM191129P159,2019-11-25,2019-11-25 09:38:21,0.62,0.7654,40,0.61,0.753,77,0.65,0.8024,3,0.615,0.7592,376,0
IWM191129P159,2019-11-25,2019-11-25 09:38:22,0.62,0.7654,56,0.61,0.753,77,0.65,0.8024,3,0.615,0.7592,376,0
IWM191129P159,2019-11-25,2019-11-25 09:38:23,0.62,0.7654,73,0.6,0.7407,292,0.65,0.8024,3,0.61,0.753,376,0
IWM191129P159,2019-11-25,2019-11-25 09:38:23,0.62,0.7654,73,0.6,0.7407,358,0.65,0.8024,3,0.61,0.753,376,0
IWM191129P159,2019-11-25,2019-11-25 09:38:24,0.62,0.7654,39,0.61,0.753,200,0.65,0.8024,3,0.615,0.7592,376,0
IWM191129P159,2019-11-25,2019-11-25 09:38:24,0.62,0.7654,20,0.61,0.753,111,0.65,0.8024,3,0.615,0.7592,376,0
IWM191129P159,2019-11-25,2019-11-25 09:38:25,0.63,0.7777,63,0.61,0.753,84,0.65,0.8024,3,0.62,0.7654,376,0
IWM191129P159,2019-11-25,2019-11-25 09:38:25,0.63,0.7777,20,0.62,0.7654,248,0.65,0.8024,3,0.625,0.7716,376,0
IWM191129P159,2019-11-25,2019-11-25 09:38:26,0.63,0.7777,20,0.62,0.7654,248,0.65,0.8024,3,0.625,0.7716,376,0
IWM191129P159,2019-11-25,2019-11-25 09:38:26,0.63,0.7777,20,0.61,0.753,115,0.65,0.8024,3,0.62,0.7654,376,0
IWM191129P159,2019-11-25,2019-11-25 09:38:27,0.63,0.7777,62,0.61,0.753,582,0.65,0.8024,3,0.62,0.7654,376,0
IWM191129P159,2019-11-25,2019-11-25 09:38:27,0.63,0.7777,75,0.61,0.753,582,0.65,0.8024,3,0.62,0.7654,376,0
IWM191129P159,2019-11-25,2019-11-25 09:38:28,0.63,0.7777,75,0.61,0.753,582,0.65,0.8024,3,0.62,0.7654,376,0
IWM191129P159,2019-11-25,2019-11-25 09:38:28,0.63,0.7777,120,0.61,0.753,427,0.65,0.8024,3,0.62,0.7654,376,0
IWM191129P159,2019-11-25,2019-11-25 09:38:29,0.63,0.7777,120,0.61,0.753,427,0.65,0.8024,3,0.62,0.7654,376,0
IWM191129P159,2019-11-25,2019-11-25 09:38:29,0.63,0.7777,19,0.62,0.7654,154,0.65,0.8024,3,0.625,0.7716,376,0
IWM191129P159,2019-11-25,2019-11-25 09:38:30,0.63,0.7777,19,0.62,0.7654,342,0.65,0.8024,3,0.625,0.7716,376,0
IWM191129P159,2019-11-25,2019-11-25 09:38:30,0.63,0.7777,19,0.62,0.7654,244,0.65,0.8024,3,0.625,0.7716,376,0
IWM191129P159,2019-11-25,2019-11-25 09:38:31,0.63,0.7777,30,0.61,0.753,312,0.65,0.8024,3,0.62,0.7654,376,0
IWM191129P159,2019-11-25,2019-11-25 09:38:31,0.63,0.7777,19,0.62,0.7654,342,0.65,0.8024,3,0.625,0.7716,376,0
IWM191129P159,2019-11-25,2019-11-25 09:38:32,0.63,0.7777,39,0.61,0.753,312,0.65,0.8024,3,0.62,0.7654,376,0
IWM191129P159,2019-11-25,2019-11-25 09:38:33,0.63,0.7777,29,0.62,0.7654,84,0.65,0.8024,3,0.625,0.7716,376,0
IWM191129P159,2019-11-25,2019-11-25 09:38:34,0.63,0.7777,83,0.62,0.7654,328,0.65,0.8024,3,0.625,0.7716,376,0
IWM191129P159,2019-11-25,2019-11-25 09:38:34,0.63,0.7777,55,0.62,0.7654,242,0.65,0.8024,3,0.625,0.7716,376,0
IWM191129P159,2019-11-25,2019-11-25 09:38:35,0.64,0.7901,182,0.62,0.7654,200,0.65,0.8024,3,0.63,0.7777,376,0
IWM191129P159,2019-11-25,2019-11-25 09:38:36,0.63,0.7777,56,0.61,0.753,383,0.65,0.8024,3,0.62,0.7654,376,0
IWM191129P159,2019-11-25,2019-11-25 09:38:36,0.63,0.7777,49,0.61,0.753,386,0.65,0.8024,3,0.62,0.7654,376,0
IWM191129P159,2019-11-25,2019-11-25 09:38:37,0.63,0.7777,56,0.61,0.753,383,0.65,0.8024,3,0.62,0.7654,376,0
IWM191129P159,2019-11-25,2019-11-25 09:38:37,0.63,0.7777,55,0.61,0.753,383,0.65,0.8024,3,0.62,0.7654,376,0
IWM191129P159,2019-11-25,2019-11-25 09:38:38,0.63,0.7777,56,0.61,0.753,383,0.65,0.8024,3,0.62,0.7654,376,0
IWM191129P159,2019-11-25,2019-11-25 09:38:39,0.63,0.7777,56,0.61,0.753,383,0.65,0.8024,3,0.62,0.7654,376,0
IWM191129P159,2019-11-25,2019-11-25 09:38:40,0.63,0.7777,202,0.61,0.753,383,0.65,0.8024,3,0.62,0.7654,376,0
IWM191129P159,2019-11-25,2019-11-25 09:38:40,0.63,0.7777,230,0.61,0.753,340,0.65,0.8024,3,0.62,0.7654,376,0
IWM191129P159,2019-11-25,2019-11-25 09:38:41,0.63,0.7777,341,0.61,0.753,340,0.65,0.8024,3,0.62,0.7654,376,0
IWM191129P159,2019-11-25,2019-11-25 09:38:42,0.62,0.7654,20,0.61,0.753,75,0.65,0.8024,3,0.615,0.7592,376,0
IWM191129P159,2019-11-25,2019-11-25 09:38:42,0.62,0.7654,20,0.61,0.753,141,0.65,0.8024,3,0.615,0.7592,376,0
IWM191129P159,2019-11-25,2019-11-25 09:38:43,0.62,0.7654,40,0.61,0.753,75,0.65,0.8024,3,0.615,0.7592,376,0
IWM191129P159,2019-11-25,2019-11-25 09:38:43,0.62,0.7654,59,0.61,0.753,9,0.65,0.8024,3,0.615,0.7592,376,0
IWM191129P159,2019-11-25,2019-11-25 09:38:44,0.62,0.7654,38,0.6,0.7407,293,0.65,0.8024,3,0.61,0.753,376,0
IWM191129P159,2019-11-25,2019-11-25 09:38:44,0.62,0.7654,38,0.61,0.753,77,0.65,0.8024,3,0.615,0.7592,376,0
IWM191129P159,2019-11-25,2019-11-25 09:38:45,0.62,0.7654,56,0.6,0.7407,294,0.65,0.8024,3,0.61,0.753,376,0
IWM191129P159,2019-11-25,2019-11-25 09:38:45,0.62,0.7654,56,0.6,0.7407,343,0.65,0.8024,3,0.61,0.753,376,0
IWM191129P159,2019-11-25,2019-11-25 09:38:46,0.62,0.7654,56,0.6,0.7407,343,0.65,0.8024,3,0.61,0.753,376,0
IWM191129P159,2019-11-25,2019-11-25 09:38:47,0.62,0.7654,66,0.61,0.753,112,0.65,0.8024,3,0.615,0.7592,376,0
IWM191129P159,2019-11-25,2019-11-25 09:38:47,0.62,0.7654,145,0.6,0.7407,210,0.65,0.8024,3,0.61,0.753,376,0
IWM191129P159,2019-11-25,2019-11-25 09:38:48,0.62,0.7654,217,0.61,0.753,5,0.65,0.8024,3,0.615,0.7592,376,0
IWM191129P159,2019-11-25,2019-11-25 09:38:48,0.62,0.7654,199,0.61,0.753,75,0.65,0.8024,3,0.615,0.7592,376,0
IWM191129P159,2019-11-25,2019-11-25 09:38:49,0.62,0.7654,217,0.6,0.7407,136,0.65,0.8024,3,0.61,0.753,376,0
IWM191129P159,2019-11-25,2019-11-25 09:38:50,0.62,0.7654,176,0.6,0.7407,413,0.65,0.8024,3,0.61,0.753,376,0
