symbol,Date,quote_time,ask_price,norm_ask_price,ask_size,bid_price,norm_bid_price,bid_size,last_trade_price,norm_last_trade_price,last_trade_size,mark_price,norm_mark_price,volume,Volume
SPY190712C302,2019-07-11,2019-07-11 09:30:00,0.06,1.0,1179,0.05,0.8333,2766,0.06,1.0,1,0.055,0.9166,29241,29241
SPY190712C302,2019-07-11,2019-07-11 09:30:05,0.07,1.1666,1727,0.06,1.0,176,0.06,1.0,1,0.065,1.0833,0,-29241
SPY190712C302,2019-07-11,2019-07-11 09:30:06,0.07,1.1666,1080,0.06,1.0,176,0.06,1.0,1,0.065,1.0833,0,0
SPY190712C302,2019-07-11,2019-07-11 09:30:07,0.07,1.1666,1080,0.06,1.0,176,0.06,1.0,1,0.065,1.0833,0,0
SPY190712C302,2019-07-11,2019-07-11 09:30:08,0.07,1.1666,1080,0.06,1.0,176,0.06,1.0,1,0.065,1.0833,0,0
SPY190712C302,2019-07-11,2019-07-11 09:30:09,0.07,1.1666,1080,0.06,1.0,176,0.06,1.0,1,0.065,1.0833,0,0
SPY190712C302,2019-07-11,2019-07-11 09:30:10,0.07,1.1666,1080,0.06,1.0,176,0.06,1.0,1,0.065,1.0833,0,0
SPY190712C302,2019-07-11,2019-07-11 09:30:11,0.07,1.1666,1080,0.06,1.0,176,0.06,1.0,1,0.065,1.0833,0,0
SPY190712C302,2019-07-11,2019-07-11 09:30:12,0.07,1.1666,1080,0.06,1.0,176,0.06,1.0,1,0.065,1.0833,0,0
SPY190712C302,2019-07-11,2019-07-11 09:30:13,0.07,1.1666,1080,0.06,1.0,176,0.1,1.6666,1,0.065,1.0833,302,0
SPY190712C302,2019-07-11,2019-07-11 09:30:13,0.07,1.1666,1080,0.06,1.0,176,0.1,1.6666,1,0.065,1.0833,302,302
SPY190712C302,2019-07-11,2019-07-11 09:30:14,0.07,1.1666,1080,0.06,1.0,176,0.1,1.6666,1,0.065,1.0833,302,0
SPY190712C302,2019-07-11,2019-07-11 09:30:15,0.07,1.1666,725,0.06,1.0,181,0.1,1.6666,1,0.065,1.0833,302,0
SPY190712C302,2019-07-11,2019-07-11 09:30:16,0.07,1.1666,1188,0.06,1.0,181,0.1,1.6666,1,0.065,1.0833,302,0
SPY190712C302,2019-07-11,2019-07-11 09:30:17,0.07,1.1666,1188,0.06,1.0,181,0.1,1.6666,1,0.065,1.0833,302,0
SPY190712C302,2019-07-11,2019-07-11 09:30:17,0.07,1.1666,1188,0.06,1.0,181,0.07,1.1666,1,0.065,1.0833,303,1
SPY190712C302,2019-07-11,2019-07-11 09:30:18,0.07,1.1666,1188,0.06,1.0,181,0.07,1.1666,1,0.065,1.0833,303,0
SPY190712C302,2019-07-11,2019-07-11 09:30:19,0.07,1.1666,1188,0.06,1.0,181,0.07,1.1666,1,0.065,1.0833,303,0
SPY190712C302,2019-07-11,2019-07-11 09:30:19,0.07,1.1666,2188,0.06,1.0,181,0.07,1.1666,1,0.065,1.0833,303,0
SPY190712C302,2019-07-11,2019-07-11 09:30:20,0.07,1.1666,2188,0.06,1.0,181,0.07,1.1666,1,0.065,1.0833,303,0
SPY190712C302,2019-07-11,2019-07-11 09:30:21,0.07,1.1666,2188,0.06,1.0,236,0.07,1.1666,1,0.065,1.0833,303,0
SPY190712C302,2019-07-11,2019-07-11 09:30:21,0.07,1.1666,2188,0.06,1.0,181,0.07,1.1666,1,0.065,1.0833,303,0
SPY190712C302,2019-07-11,2019-07-11 09:30:22,0.07,1.1666,2188,0.06,1.0,236,0.07,1.1666,1,0.065,1.0833,303,0
SPY190712C302,2019-07-11,2019-07-11 09:30:22,0.07,1.1666,2188,0.06,1.0,505,0.07,1.1666,1,0.065,1.0833,303,0
SPY190712C302,2019-07-11,2019-07-11 09:30:23,0.07,1.1666,2188,0.06,1.0,505,0.07,1.1666,1,0.065,1.0833,303,0
SPY190712C302,2019-07-11,2019-07-11 09:30:24,0.07,1.1666,1188,0.06,1.0,505,0.07,1.1666,1,0.065,1.0833,303,0
SPY190712C302,2019-07-11,2019-07-11 09:30:25,0.07,1.1666,1188,0.06,1.0,685,0.07,1.1666,1,0.065,1.0833,303,0
SPY190712C302,2019-07-11,2019-07-11 09:30:25,0.07,1.1666,1188,0.06,1.0,1109,0.07,1.1666,1,0.065,1.0833,303,0
SPY190712C302,2019-07-11,2019-07-11 09:30:26,0.07,1.1666,1188,0.06,1.0,1053,0.07,1.1666,1,0.065,1.0833,303,0
SPY190712C302,2019-07-11,2019-07-11 09:30:27,0.07,1.1666,1188,0.06,1.0,1053,0.07,1.1666,1,0.065,1.0833,303,0
SPY190712C302,2019-07-11,2019-07-11 09:30:28,0.07,1.1666,725,0.06,1.0,1132,0.07,1.1666,1,0.065,1.0833,303,0
SPY190712C302,2019-07-11,2019-07-11 09:30:29,0.07,1.1666,2237,0.06,1.0,2652,0.07,1.1666,1,0.065,1.0833,303,0
SPY190712C302,2019-07-11,2019-07-11 09:30:30,0.07,1.1666,2244,0.06,1.0,1416,0.07,1.1666,1,0.065,1.0833,303,0
SPY190712C302,2019-07-11,2019-07-11 09:30:30,0.07,1.1666,2244,0.06,1.0,733,0.07,1.1666,1,0.065,1.0833,303,0
SPY190712C302,2019-07-11,2019-07-11 09:30:31,0.07,1.1666,1825,0.06,1.0,1432,0.07,1.1666,1,0.065,1.0833,303,0
SPY190712C302,2019-07-11,2019-07-11 09:30:32,0.07,1.1666,1336,0.06,1.0,741,0.07,1.1666,1,0.065,1.0833,303,0
SPY190712C302,2019-07-11,2019-07-11 09:30:32,0.07,1.1666,1819,0.06,1.0,22,0.07,1.1666,1,0.065,1.0833,303,0
SPY190712C302,2019-07-11,2019-07-11 09:30:33,0.07,1.1666,1440,0.06,1.0,22,0.07,1.1666,1,0.065,1.0833,303,0
SPY190712C302,2019-07-11,2019-07-11 09:30:34,0.07,1.1666,1716,0.06,1.0,22,0.07,1.1666,1,0.065,1.0833,303,0
SPY190712C302,2019-07-11,2019-07-11 09:30:34,0.07,1.1666,2524,0.06,1.0,22,0.07,1.1666,1,0.065,1.0833,303,0
SPY190712C302,2019-07-11,2019-07-11 09:30:35,0.07,1.1666,1812,0.06,1.0,1279,0.07,1.1666,1,0.065,1.0833,303,0
SPY190712C302,2019-07-11,2019-07-11 09:30:36,0.07,1.1666,2951,0.06,1.0,1194,0.07,1.1666,1,0.065,1.0833,303,0
SPY190712C302,2019-07-11,2019-07-11 09:30:37,0.07,1.1666,2434,0.06,1.0,1284,0.07,1.1666,1,0.065,1.0833,303,0
SPY190712C302,2019-07-11,2019-07-11 09:30:38,0.07,1.1666,1812,0.06,1.0,882,0.06,1.0,11,0.065,1.0833,314,11
SPY190712C302,2019-07-11,2019-07-11 09:30:38,0.07,1.1666,2963,0.06,1.0,1632,0.07,1.1666,1,0.065,1.0833,303,0
SPY190712C302,2019-07-11,2019-07-11 09:30:39,0.07,1.1666,2632,0.06,1.0,1889,0.06,1.0,11,0.065,1.0833,314,0
SPY190712C302,2019-07-11,2019-07-11 09:30:40,0.07,1.1666,2632,0.06,1.0,2053,0.06,1.0,11,0.065,1.0833,314,0
SPY190712C302,2019-07-11,2019-07-11 09:30:40,0.07,1.1666,2632,0.06,1.0,2073,0.06,1.0,11,0.065,1.0833,314,0
SPY190712C302,2019-07-11,2019-07-11 09:30:41,0.07,1.1666,2632,0.06,1.0,2053,0.06,1.0,11,0.065,1.0833,314,0
SPY190712C302,2019-07-11,2019-07-11 09:30:42,0.07,1.1666,2632,0.06,1.0,2053,0.06,1.0,11,0.065,1.0833,314,0
SPY190712C302,2019-07-11,2019-07-11 09:30:42,0.07,1.1666,2786,0.06,1.0,2679,0.06,1.0,11,0.065,1.0833,314,0
SPY190712C302,2019-07-11,2019-07-11 09:30:43,0.07,1.1666,2786,0.06,1.0,2679,0.06,1.0,11,0.065,1.0833,314,0
SPY190712C302,2019-07-11,2019-07-11 09:30:45,0.07,1.1666,2957,0.06,1.0,2542,0.06,1.0,11,0.065,1.0833,314,0
SPY190712C302,2019-07-11,2019-07-11 09:30:45,0.07,1.1666,2786,0.06,1.0,1092,0.06,1.0,11,0.065,1.0833,314,0
SPY190712C302,2019-07-11,2019-07-11 09:30:46,0.07,1.1666,2957,0.06,1.0,2242,0.06,1.0,11,0.065,1.0833,314,0
SPY190712C302,2019-07-11,2019-07-11 09:30:47,0.07,1.1666,2434,0.06,1.0,1012,0.06,1.0,11,0.065,1.0833,314,0
SPY190712C302,2019-07-11,2019-07-11 09:30:47,0.07,1.1666,1805,0.06,1.0,792,0.06,1.0,11,0.065,1.0833,314,0
SPY190712C302,2019-07-11,2019-07-11 09:30:49,0.07,1.1666,2402,0.06,1.0,1104,0.06,1.0,11,0.065,1.0833,314,0
SPY190712C302,2019-07-11,2019-07-11 09:30:50,0.07,1.1666,3632,0.06,1.0,1851,0.06,1.0,11,0.065,1.0833,314,0
SPY190712C302,2019-07-11,2019-07-11 09:30:51,0.07,1.1666,3632,0.06,1.0,2519,0.06,1.0,11,0.065,1.0833,314,0
SPY190712C302,2019-07-11,2019-07-11 09:30:52,0.07,1.1666,3742,0.06,1.0,2437,0.06,1.0,11,0.065,1.0833,314,0
SPY190712C302,2019-07-11,2019-07-11 09:30:52,0.07,1.1666,3518,0.06,1.0,2670,0.06,1.0,11,0.065,1.0833,314,0
SPY190712C302,2019-07-11,2019-07-11 09:30:53,0.07,1.1666,3518,0.06,1.0,1625,0.06,1.0,11,0.065,1.0833,314,0
SPY190712C302,2019-07-11,2019-07-11 09:30:53,0.07,1.1666,3035,0.06,1.0,1954,0.06,1.0,11,0.065,1.0833,314,0
SPY190712C302,2019-07-11,2019-07-11 09:30:54,0.07,1.1666,3218,0.06,1.0,1858,0.06,1.0,11,0.065,1.0833,314,0
SPY190712C302,2019-07-11,2019-07-11 09:30:54,0.07,1.1666,3218,0.06,1.0,2265,0.06,1.0,11,0.065,1.0833,314,0
SPY190712C302,2019-07-11,2019-07-11 09:30:55,0.07,1.1666,3518,0.06,1.0,2265,0.06,1.0,11,0.065,1.0833,314,0
SPY190712C302,2019-07-11,2019-07-11 09:30:56,0.07,1.1666,3518,0.06,1.0,2254,0.07,1.1666,14,0.065,1.0833,328,14
SPY190712C302,2019-07-11,2019-07-11 09:30:57,0.07,1.1666,2413,0.06,1.0,1142,0.07,1.1666,14,0.065,1.0833,328,0
SPY190712C302,2019-07-11,2019-07-11 09:30:57,0.07,1.1666,3621,0.06,1.0,1625,0.07,1.1666,14,0.065,1.0833,328,0
SPY190712C302,2019-07-11,2019-07-11 09:30:58,0.07,1.1666,3518,0.06,1.0,1625,0.07,1.1666,14,0.065,1.0833,328,0
SPY190712C302,2019-07-11,2019-07-11 09:30:59,0.07,1.1666,3518,0.06,1.0,1625,0.07,1.1666,14,0.065,1.0833,328,0
SPY190712C302,2019-07-11,2019-07-11 09:31:00,0.07,1.1666,3644,0.06,1.0,1763,0.07,1.1666,14,0.065,1.0833,328,0
SPY190712C302,2019-07-11,2019-07-11 09:31:00,0.07,1.1666,3518,0.06,1.0,1625,0.07,1.1666,14,0.065,1.0833,328,0
SPY190712C302,2019-07-11,2019-07-11 09:31:01,0.07,1.1666,2414,0.06,1.0,1767,0.07,1.1666,14,0.065,1.0833,328,0
SPY190712C302,2019-07-11,2019-07-11 09:31:01,0.07,1.1666,3344,0.06,1.0,1467,0.07,1.1666,14,0.065,1.0833,328,0
SPY190712C302,2019-07-11,2019-07-11 09:31:02,0.07,1.1666,3646,0.06,1.0,796,0.06,1.0,3,0.065,1.0833,360,32
SPY190712C302,2019-07-11,2019-07-11 09:31:03,0.07,1.1666,3646,0.06,1.0,1472,0.06,1.0,3,0.065,1.0833,360,0
SPY190712C302,2019-07-11,2019-07-11 09:31:04,0.07,1.1666,4526,0.06,1.0,676,0.06,1.0,3,0.065,1.0833,360,0
SPY190712C302,2019-07-11,2019-07-11 09:31:05,0.07,1.1666,3984,0.06,1.0,676,0.06,1.0,3,0.065,1.0833,360,0
SPY190712C302,2019-07-11,2019-07-11 09:31:05,0.07,1.1666,3678,0.06,1.0,676,0.06,1.0,3,0.065,1.0833,360,0
SPY190712C302,2019-07-11,2019-07-11 09:31:06,0.07,1.1666,4647,0.06,1.0,676,0.06,1.0,3,0.065,1.0833,360,0
SPY190712C302,2019-07-11,2019-07-11 09:31:07,0.07,1.1666,3261,0.06,1.0,676,0.06,1.0,3,0.065,1.0833,360,0
SPY190712C302,2019-07-11,2019-07-11 09:31:07,0.07,1.1666,4640,0.06,1.0,484,0.06,1.0,3,0.065,1.0833,360,0
SPY190712C302,2019-07-11,2019-07-11 09:31:08,0.07,1.1666,4711,0.06,1.0,484,0.06,1.0,3,0.065,1.0833,360,0
SPY190712C302,2019-07-11,2019-07-11 09:31:09,0.07,1.1666,4349,0.06,1.0,604,0.06,1.0,3,0.065,1.0833,360,0
SPY190712C302,2019-07-11,2019-07-11 09:31:09,0.07,1.1666,4711,0.06,1.0,484,0.06,1.0,3,0.065,1.0833,360,0
SPY190712C302,2019-07-11,2019-07-11 09:31:10,0.07,1.1666,4711,0.06,1.0,305,0.06,1.0,50,0.065,1.0833,410,0
SPY190712C302,2019-07-11,2019-07-11 09:31:10,0.07,1.1666,4711,0.06,1.0,120,0.06,1.0,50,0.065,1.0833,410,50
SPY190712C302,2019-07-11,2019-07-11 09:31:11,0.07,1.1666,4711,0.06,1.0,120,0.06,1.0,50,0.065,1.0833,410,0
SPY190712C302,2019-07-11,2019-07-11 09:31:12,0.07,1.1666,4711,0.06,1.0,577,0.06,1.0,50,0.065,1.0833,410,0
SPY190712C302,2019-07-11,2019-07-11 09:31:13,0.07,1.1666,4711,0.06,1.0,577,0.06,1.0,50,0.065,1.0833,410,0
SPY190712C302,2019-07-11,2019-07-11 09:31:14,0.07,1.1666,4638,0.06,1.0,577,0.06,1.0,50,0.065,1.0833,410,0
SPY190712C302,2019-07-11,2019-07-11 09:31:15,0.07,1.1666,5664,0.06,1.0,1283,0.06,1.0,50,0.065,1.0833,410,0
SPY190712C302,2019-07-11,2019-07-11 09:31:15,0.07,1.1666,4640,0.06,1.0,1494,0.06,1.0,50,0.065,1.0833,410,0
SPY190712C302,2019-07-11,2019-07-11 09:31:16,0.07,1.1666,5760,0.06,1.0,1245,0.06,1.0,50,0.065,1.0833,410,0
SPY190712C302,2019-07-11,2019-07-11 09:31:17,0.07,1.1666,7317,0.06,1.0,644,0.06,1.0,50,0.065,1.0833,410,0
SPY190712C302,2019-07-11,2019-07-11 09:31:18,0.07,1.1666,5245,0.06,1.0,644,0.06,1.0,50,0.065,1.0833,410,0
SPY190712C302,2019-07-11,2019-07-11 09:31:18,0.07,1.1666,7317,0.06,1.0,644,0.06,1.0,50,0.065,1.0833,410,0
SPY190712C302,2019-07-11,2019-07-11 09:31:19,0.07,1.1666,5848,0.06,1.0,11,0.06,1.0,50,0.065,1.0833,410,0
SPY190712C302,2019-07-11,2019-07-11 09:31:20,0.07,1.1666,4319,0.06,1.0,624,0.06,1.0,50,0.065,1.0833,410,0
SPY190712C302,2019-07-11,2019-07-11 09:31:20,0.07,1.1666,5365,0.06,1.0,300,0.06,1.0,50,0.065,1.0833,410,0
SPY190712C302,2019-07-11,2019-07-11 09:31:21,0.07,1.1666,5442,0.06,1.0,624,0.06,1.0,50,0.065,1.0833,410,0
SPY190712C302,2019-07-11,2019-07-11 09:31:22,0.07,1.1666,5628,0.06,1.0,624,0.06,1.0,50,0.065,1.0833,410,0
SPY190712C302,2019-07-11,2019-07-11 09:31:23,0.07,1.1666,5716,0.06,1.0,761,0.06,1.0,50,0.065,1.0833,410,0
SPY190712C302,2019-07-11,2019-07-11 09:31:23,0.07,1.1666,5628,0.06,1.0,1419,0.06,1.0,50,0.065,1.0833,410,0
SPY190712C302,2019-07-11,2019-07-11 09:31:24,0.07,1.1666,5742,0.06,1.0,604,0.06,1.0,50,0.065,1.0833,410,0
SPY190712C302,2019-07-11,2019-07-11 09:31:25,0.07,1.1666,5742,0.06,1.0,120,0.06,1.0,50,0.065,1.0833,410,0
SPY190712C302,2019-07-11,2019-07-11 09:31:25,0.07,1.1666,4729,0.06,1.0,11,0.06,1.0,10,0.065,1.0833,420,10
SPY190712C302,2019-07-11,2019-07-11 09:31:26,0.07,1.1666,6872,0.06,1.0,11,0.06,1.0,10,0.065,1.0833,420,0
SPY190712C302,2019-07-11,2019-07-11 09:31:26,0.07,1.1666,8410,0.06,1.0,11,0.06,1.0,10,0.065,1.0833,420,0
SPY190712C302,2019-07-11,2019-07-11 09:31:27,0.07,1.1666,8587,0.06,1.0,4,0.06,1.0,1,0.065,1.0833,434,14
SPY190712C302,2019-07-11,2019-07-11 09:31:28,0.07,1.1666,6144,0.06,1.0,4,0.06,1.0,1,0.065,1.0833,434,0
SPY190712C302,2019-07-11,2019-07-11 09:31:28,0.07,1.1666,4684,0.06,1.0,4,0.06,1.0,1,0.065,1.0833,434,0
SPY190712C302,2019-07-11,2019-07-11 09:31:29,0.07,1.1666,6893,0.06,1.0,4,0.06,1.0,1,0.065,1.0833,434,0
SPY190712C302,2019-07-11,2019-07-11 09:31:30,0.07,1.1666,6893,0.06,1.0,4,0.06,1.0,1,0.065,1.0833,434,0
SPY190712C302,2019-07-11,2019-07-11 09:31:31,0.07,1.1666,6893,0.06,1.0,4,0.06,1.0,1,0.065,1.0833,434,0
SPY190712C302,2019-07-11,2019-07-11 09:31:32,0.07,1.1666,6893,0.06,1.0,4,0.06,1.0,1,0.065,1.0833,434,0
SPY190712C302,2019-07-11,2019-07-11 09:31:33,0.07,1.1666,8429,0.06,1.0,4,0.06,1.0,1,0.065,1.0833,434,0
SPY190712C302,2019-07-11,2019-07-11 09:31:33,0.07,1.1666,8423,0.06,1.0,4,0.06,1.0,1,0.065,1.0833,434,0
SPY190712C302,2019-07-11,2019-07-11 09:31:34,0.07,1.1666,7925,0.06,1.0,120,0.06,1.0,1,0.065,1.0833,434,0
SPY190712C302,2019-07-11,2019-07-11 09:31:34,0.07,1.1666,8408,0.06,1.0,120,0.06,1.0,1,0.065,1.0833,434,0
SPY190712C302,2019-07-11,2019-07-11 09:31:35,0.07,1.1666,8408,0.06,1.0,120,0.06,1.0,1,0.065,1.0833,434,0
SPY190712C302,2019-07-11,2019-07-11 09:31:36,0.07,1.1666,8408,0.06,1.0,120,0.06,1.0,1,0.065,1.0833,434,0
SPY190712C302,2019-07-11,2019-07-11 09:31:37,0.07,1.1666,6221,0.06,1.0,120,0.06,1.0,1,0.065,1.0833,435,1
SPY190712C302,2019-07-11,2019-07-11 09:31:37,0.07,1.1666,8408,0.06,1.0,120,0.06,1.0,1,0.065,1.0833,434,0
SPY190712C302,2019-07-11,2019-07-11 09:31:38,0.07,1.1666,5962,0.06,1.0,120,0.06,1.0,1,0.065,1.0833,435,0
SPY190712C302,2019-07-11,2019-07-11 09:31:39,0.07,1.1666,4061,0.06,1.0,120,0.07,1.1666,1,0.065,1.0833,436,1
SPY190712C302,2019-07-11,2019-07-11 09:31:40,0.07,1.1666,4274,0.06,1.0,120,0.06,1.0,6,0.065,1.0833,442,6
SPY190712C302,2019-07-11,2019-07-11 09:31:40,0.07,1.1666,4061,0.06,1.0,120,0.07,1.1666,1,0.065,1.0833,436,0
SPY190712C302,2019-07-11,2019-07-11 09:31:41,0.07,1.1666,5773,0.06,1.0,120,0.06,1.0,6,0.065,1.0833,442,0
SPY190712C302,2019-07-11,2019-07-11 09:31:42,0.07,1.1666,5773,0.06,1.0,120,0.06,1.0,6,0.065,1.0833,442,0
SPY190712C302,2019-07-11,2019-07-11 09:31:43,0.07,1.1666,6106,0.06,1.0,120,0.06,1.0,6,0.065,1.0833,442,0
SPY190712C302,2019-07-11,2019-07-11 09:31:44,0.07,1.1666,5773,0.06,1.0,3,0.06,1.0,6,0.065,1.0833,442,0
SPY190712C302,2019-07-11,2019-07-11 09:31:45,0.07,1.1666,5773,0.06,1.0,3,0.06,1.0,6,0.065,1.0833,442,0
SPY190712C302,2019-07-11,2019-07-11 09:31:45,0.07,1.1666,7584,0.06,1.0,3,0.06,1.0,6,0.065,1.0833,442,0
SPY190712C302,2019-07-11,2019-07-11 09:31:46,0.07,1.1666,6124,0.06,1.0,3,0.06,1.0,6,0.065,1.0833,442,0
SPY190712C302,2019-07-11,2019-07-11 09:31:46,0.07,1.1666,7619,0.06,1.0,3,0.06,1.0,6,0.065,1.0833,442,0
SPY190712C302,2019-07-11,2019-07-11 09:31:47,0.07,1.1666,6124,0.06,1.0,3,0.06,1.0,6,0.065,1.0833,442,0
SPY190712C302,2019-07-11,2019-07-11 09:31:48,0.07,1.1666,5773,0.06,1.0,3,0.06,1.0,6,0.065,1.0833,442,0
SPY190712C302,2019-07-11,2019-07-11 09:31:49,0.07,1.1666,5773,0.06,1.0,3,0.06,1.0,6,0.065,1.0833,442,0
SPY190712C302,2019-07-11,2019-07-11 09:31:49,0.07,1.1666,4218,0.06,1.0,3,0.06,1.0,6,0.065,1.0833,442,0
SPY190712C302,2019-07-11,2019-07-11 09:31:50,0.07,1.1666,5032,0.06,1.0,120,0.06,1.0,6,0.065,1.0833,442,0
SPY190712C302,2019-07-11,2019-07-11 09:31:51,0.07,1.1666,6454,0.06,1.0,120,0.06,1.0,6,0.065,1.0833,442,0
SPY190712C302,2019-07-11,2019-07-11 09:31:51,0.07,1.1666,5032,0.06,1.0,120,0.06,1.0,6,0.065,1.0833,442,0
SPY190712C302,2019-07-11,2019-07-11 09:31:52,0.07,1.1666,6454,0.06,1.0,134,0.06,1.0,6,0.065,1.0833,442,0
SPY190712C302,2019-07-11,2019-07-11 09:31:53,0.07,1.1666,6454,0.06,1.0,134,0.06,1.0,6,0.065,1.0833,442,0
SPY190712C302,2019-07-11,2019-07-11 09:31:54,0.07,1.1666,5706,0.06,1.0,2,0.06,1.0,1,0.065,1.0833,445,3
SPY190712C302,2019-07-11,2019-07-11 09:31:55,0.07,1.1666,5032,0.06,1.0,1,0.06,1.0,1,0.065,1.0833,445,0
SPY190712C302,2019-07-11,2019-07-11 09:31:55,0.07,1.1666,4865,0.06,1.0,1,0.06,1.0,1,0.065,1.0833,445,0
SPY190712C302,2019-07-11,2019-07-11 09:31:56,0.07,1.1666,5889,0.06,1.0,1,0.06,1.0,1,0.065,1.0833,445,0
SPY190712C302,2019-07-11,2019-07-11 09:31:57,0.07,1.1666,5889,0.06,1.0,1,0.06,1.0,1,0.065,1.0833,445,0
SPY190712C302,2019-07-11,2019-07-11 09:31:57,0.07,1.1666,4946,0.06,1.0,1,0.06,1.0,1,0.065,1.0833,445,0
SPY190712C302,2019-07-11,2019-07-11 09:31:58,0.07,1.1666,6707,0.06,1.0,1,0.06,1.0,1,0.065,1.0833,445,0
SPY190712C302,2019-07-11,2019-07-11 09:31:58,0.07,1.1666,5393,0.06,1.0,1,0.06,1.0,1,0.065,1.0833,445,0
SPY190712C302,2019-07-11,2019-07-11 09:31:59,0.07,1.1666,7062,0.06,1.0,1,0.06,1.0,1,0.065,1.0833,445,0
SPY190712C302,2019-07-11,2019-07-11 09:32:00,0.07,1.1666,7147,0.06,1.0,1,0.07,1.1666,1,0.065,1.0833,447,2
SPY190712C302,2019-07-11,2019-07-11 09:32:01,0.07,1.1666,7127,0.06,1.0,1,0.07,1.1666,1,0.065,1.0833,447,0
SPY190712C302,2019-07-11,2019-07-11 09:32:01,0.07,1.1666,7147,0.06,1.0,1,0.07,1.1666,1,0.065,1.0833,447,0
SPY190712C302,2019-07-11,2019-07-11 09:32:02,0.07,1.1666,7147,0.06,1.0,1,0.07,1.1666,1,0.065,1.0833,447,0
SPY190712C302,2019-07-11,2019-07-11 09:32:03,0.07,1.1666,7147,0.06,1.0,1,0.07,1.1666,1,0.065,1.0833,447,0
SPY190712C302,2019-07-11,2019-07-11 09:32:04,0.07,1.1666,5183,0.06,1.0,1,0.07,1.1666,1,0.065,1.0833,447,0
SPY190712C302,2019-07-11,2019-07-11 09:32:04,0.07,1.1666,5666,0.06,1.0,1,0.07,1.1666,1,0.065,1.0833,447,0
SPY190712C302,2019-07-11,2019-07-11 09:32:05,0.07,1.1666,5666,0.06,1.0,1,0.07,1.1666,1,0.065,1.0833,447,0
SPY190712C302,2019-07-11,2019-07-11 09:32:06,0.07,1.1666,5666,0.06,1.0,1,0.07,1.1666,1,0.065,1.0833,447,0
SPY190712C302,2019-07-11,2019-07-11 09:32:07,0.07,1.1666,5568,0.06,1.0,1,0.07,1.1666,1,0.065,1.0833,447,0
SPY190712C302,2019-07-11,2019-07-11 09:32:08,0.06,1.0,2844,0.05,0.8333,2609,0.06,1.0,1,0.055,0.9166,449,2
SPY190712C302,2019-07-11,2019-07-11 09:32:09,0.06,1.0,2844,0.05,0.8333,2729,0.05,0.8333,4,0.055,0.9166,453,0
SPY190712C302,2019-07-11,2019-07-11 09:32:09,0.06,1.0,2844,0.05,0.8333,2729,0.05,0.8333,4,0.055,0.9166,453,4
SPY190712C302,2019-07-11,2019-07-11 09:32:10,0.06,1.0,3498,0.05,0.8333,2246,0.05,0.8333,4,0.055,0.9166,453,0
SPY190712C302,2019-07-11,2019-07-11 09:32:11,0.06,1.0,2844,0.05,0.8333,2729,0.05,0.8333,4,0.055,0.9166,453,0
SPY190712C302,2019-07-11,2019-07-11 09:32:12,0.06,1.0,2844,0.05,0.8333,2729,0.05,0.8333,4,0.055,0.9166,453,0
SPY190712C302,2019-07-11,2019-07-11 09:32:13,0.06,1.0,2844,0.05,0.8333,2729,0.05,0.8333,4,0.055,0.9166,453,0
SPY190712C302,2019-07-11,2019-07-11 09:32:14,0.06,1.0,4411,0.05,0.8333,2246,0.05,0.8333,4,0.055,0.9166,453,0
SPY190712C302,2019-07-11,2019-07-11 09:32:15,0.06,1.0,3281,0.05,0.8333,2246,0.05,0.8333,4,0.055,0.9166,453,0
SPY190712C302,2019-07-11,2019-07-11 09:32:15,0.06,1.0,3307,0.05,0.8333,1644,0.05,0.8333,4,0.055,0.9166,453,0
SPY190712C302,2019-07-11,2019-07-11 09:32:16,0.06,1.0,5900,0.05,0.8333,2569,0.05,0.8333,4,0.055,0.9166,453,0
SPY190712C302,2019-07-11,2019-07-11 09:32:16,0.06,1.0,5734,0.05,0.8333,2371,0.05,0.8333,4,0.055,0.9166,453,0
SPY190712C302,2019-07-11,2019-07-11 09:32:17,0.06,1.0,5892,0.05,0.8333,2371,0.05,0.8333,4,0.055,0.9166,453,0
SPY190712C302,2019-07-11,2019-07-11 09:32:18,0.06,1.0,6248,0.05,0.8333,604,0.05,0.8333,2,0.055,0.9166,455,2
SPY190712C302,2019-07-11,2019-07-11 09:32:19,0.06,1.0,4724,0.05,0.8333,181,0.05,0.8333,2,0.055,0.9166,455,0
SPY190712C302,2019-07-11,2019-07-11 09:32:19,0.06,1.0,6129,0.05,0.8333,181,0.05,0.8333,2,0.055,0.9166,455,0
SPY190712C302,2019-07-11,2019-07-11 09:32:20,0.06,1.0,5992,0.05,0.8333,181,0.05,0.8333,2,0.055,0.9166,455,0
SPY190712C302,2019-07-11,2019-07-11 09:32:21,0.06,1.0,5992,0.05,0.8333,10,0.05,0.8333,2,0.055,0.9166,455,0
SPY190712C302,2019-07-11,2019-07-11 09:32:21,0.06,1.0,5992,0.05,0.8333,123,0.05,0.8333,2,0.055,0.9166,455,0
SPY190712C302,2019-07-11,2019-07-11 09:32:22,0.06,1.0,7224,0.05,0.8333,3,0.05,0.8333,2,0.055,0.9166,455,0
SPY190712C302,2019-07-11,2019-07-11 09:32:22,0.06,1.0,5995,0.05,0.8333,3,0.05,0.8333,2,0.055,0.9166,455,0
SPY190712C302,2019-07-11,2019-07-11 09:32:23,0.05,0.8333,386,0.05,0.8333,3,0.05,0.8333,2,0.05,0.8333,455,0
SPY190712C302,2019-07-11,2019-07-11 09:32:24,0.05,0.8333,176,0.04,0.6666,4653,0.05,0.8333,2,0.045,0.75,455,0
SPY190712C302,2019-07-11,2019-07-11 09:32:24,0.05,0.8333,386,0.04,0.6666,3441,0.05,0.8333,2,0.045,0.75,455,0
SPY190712C302,2019-07-11,2019-07-11 09:32:25,0.05,0.8333,344,0.04,0.6666,3441,0.05,0.8333,2,0.045,0.75,455,0
SPY190712C302,2019-07-11,2019-07-11 09:32:26,0.05,0.8333,344,0.04,0.6666,3441,0.05,0.8333,2,0.045,0.75,455,0
SPY190712C302,2019-07-11,2019-07-11 09:32:27,0.05,0.8333,132,0.04,0.6666,4675,0.05,0.8333,2,0.045,0.75,455,0
SPY190712C302,2019-07-11,2019-07-11 09:32:27,0.05,0.8333,343,0.04,0.6666,6126,0.05,0.8333,2,0.045,0.75,455,0
SPY190712C302,2019-07-11,2019-07-11 09:32:28,0.05,0.8333,132,0.04,0.6666,4675,0.05,0.8333,2,0.045,0.75,455,0
SPY190712C302,2019-07-11,2019-07-11 09:32:28,0.05,0.8333,187,0.04,0.6666,6126,0.05,0.8333,2,0.045,0.75,455,0
SPY190712C302,2019-07-11,2019-07-11 09:32:29,0.05,0.8333,187,0.04,0.6666,4425,0.05,0.8333,2,0.045,0.75,455,0
SPY190712C302,2019-07-11,2019-07-11 09:32:30,0.05,0.8333,187,0.04,0.6666,6034,0.05,0.8333,2,0.045,0.75,455,0
SPY190712C302,2019-07-11,2019-07-11 09:32:30,0.06,1.0,7272,0.05,0.8333,405,0.05,0.8333,2,0.055,0.9166,455,0
SPY190712C302,2019-07-11,2019-07-11 09:32:31,0.06,1.0,2989,0.05,0.8333,1851,0.05,0.8333,4,0.055,0.9166,459,4
SPY190712C302,2019-07-11,2019-07-11 09:32:32,0.06,1.0,2989,0.05,0.8333,1915,0.05,0.8333,4,0.055,0.9166,459,0
SPY190712C302,2019-07-11,2019-07-11 09:32:32,0.06,1.0,4665,0.05,0.8333,2898,0.05,0.8333,4,0.055,0.9166,459,0
SPY190712C302,2019-07-11,2019-07-11 09:32:33,0.06,1.0,2989,0.05,0.8333,1915,0.05,0.8333,4,0.055,0.9166,459,0
SPY190712C302,2019-07-11,2019-07-11 09:32:34,0.06,1.0,2989,0.05,0.8333,1915,0.05,0.8333,4,0.055,0.9166,459,0
SPY190712C302,2019-07-11,2019-07-11 09:32:34,0.06,1.0,3251,0.05,0.8333,1915,0.05,0.8333,4,0.055,0.9166,459,0
SPY190712C302,2019-07-11,2019-07-11 09:32:35,0.06,1.0,6002,0.05,0.8333,1142,0.05,0.8333,4,0.055,0.9166,459,0
SPY190712C302,2019-07-11,2019-07-11 09:32:36,0.06,1.0,7486,0.05,0.8333,2177,0.05,0.8333,4,0.055,0.9166,459,0
SPY190712C302,2019-07-11,2019-07-11 09:32:37,0.06,1.0,7486,0.05,0.8333,2177,0.05,0.8333,4,0.055,0.9166,459,0
SPY190712C302,2019-07-11,2019-07-11 09:32:38,0.06,1.0,7486,0.05,0.8333,2177,0.05,0.8333,4,0.055,0.9166,459,0
SPY190712C302,2019-07-11,2019-07-11 09:32:39,0.06,1.0,5976,0.05,0.8333,1392,0.05,0.8333,4,0.055,0.9166,459,0
SPY190712C302,2019-07-11,2019-07-11 09:32:39,0.06,1.0,7486,0.05,0.8333,1927,0.05,0.8333,4,0.055,0.9166,459,0
SPY190712C302,2019-07-11,2019-07-11 09:32:40,0.06,1.0,7486,0.05,0.8333,2177,0.05,0.8333,4,0.055,0.9166,459,0
SPY190712C302,2019-07-11,2019-07-11 09:32:41,0.06,1.0,7486,0.05,0.8333,2177,0.05,0.8333,4,0.055,0.9166,459,0
SPY190712C302,2019-07-11,2019-07-11 09:32:42,0.06,1.0,7486,0.05,0.8333,2177,0.05,0.8333,4,0.055,0.9166,459,0
SPY190712C302,2019-07-11,2019-07-11 09:32:43,0.06,1.0,7469,0.05,0.8333,2137,0.05,0.8333,4,0.055,0.9166,459,0
SPY190712C302,2019-07-11,2019-07-11 09:32:43,0.06,1.0,7486,0.05,0.8333,2177,0.05,0.8333,4,0.055,0.9166,459,0
SPY190712C302,2019-07-11,2019-07-11 09:32:44,0.06,1.0,7486,0.05,0.8333,2137,0.05,0.8333,4,0.055,0.9166,459,0
SPY190712C302,2019-07-11,2019-07-11 09:32:44,0.06,1.0,7486,0.05,0.8333,2620,0.06,1.0,6,0.055,0.9166,465,6
SPY190712C302,2019-07-11,2019-07-11 09:32:45,0.06,1.0,7486,0.05,0.8333,2913,0.06,1.0,6,0.055,0.9166,465,0
SPY190712C302,2019-07-11,2019-07-11 09:32:46,0.06,1.0,7486,0.05,0.8333,2913,0.06,1.0,6,0.055,0.9166,465,0
SPY190712C302,2019-07-11,2019-07-11 09:32:47,0.06,1.0,6399,0.05,0.8333,604,0.06,1.0,1,0.055,0.9166,466,1
SPY190712C302,2019-07-11,2019-07-11 09:32:47,0.06,1.0,6399,0.05,0.8333,484,0.06,1.0,6,0.055,0.9166,465,0
SPY190712C302,2019-07-11,2019-07-11 09:32:48,0.06,1.0,6399,0.05,0.8333,604,0.06,1.0,1,0.055,0.9166,466,0
SPY190712C302,2019-07-11,2019-07-11 09:32:48,0.06,1.0,6399,0.05,0.8333,624,0.06,1.0,1,0.055,0.9166,466,0
SPY190712C302,2019-07-11,2019-07-11 09:32:49,0.06,1.0,6399,0.05,0.8333,644,0.06,1.0,1,0.055,0.9166,466,0
SPY190712C302,2019-07-11,2019-07-11 09:32:49,0.06,1.0,7923,0.05,0.8333,1378,0.06,1.0,1,0.055,0.9166,466,0
SPY190712C302,2019-07-11,2019-07-11 09:32:50,0.06,1.0,7923,0.05,0.8333,1485,0.06,1.0,1,0.055,0.9166,466,0
SPY190712C302,2019-07-11,2019-07-11 09:32:51,0.06,1.0,7923,0.05,0.8333,1585,0.06,1.0,1,0.055,0.9166,466,0
SPY190712C302,2019-07-11,2019-07-11 09:32:52,0.06,1.0,7923,0.05,0.8333,1395,0.06,1.0,1,0.055,0.9166,466,0
SPY190712C302,2019-07-11,2019-07-11 09:32:53,0.06,1.0,6399,0.05,0.8333,942,0.06,1.0,1,0.055,0.9166,466,0
SPY190712C302,2019-07-11,2019-07-11 09:32:53,0.06,1.0,7923,0.05,0.8333,1395,0.06,1.0,1,0.055,0.9166,466,0
SPY190712C302,2019-07-11,2019-07-11 09:32:54,0.06,1.0,7735,0.05,0.8333,1322,0.06,1.0,1,0.055,0.9166,466,0
SPY190712C302,2019-07-11,2019-07-11 09:32:54,0.06,1.0,6399,0.05,0.8333,856,0.06,1.0,1,0.055,0.9166,466,0
SPY190712C302,2019-07-11,2019-07-11 09:32:55,0.06,1.0,7735,0.05,0.8333,1322,0.06,1.0,1,0.055,0.9166,466,0
SPY190712C302,2019-07-11,2019-07-11 09:32:56,0.06,1.0,7735,0.05,0.8333,2967,0.06,1.0,1,0.055,0.9166,466,0
SPY190712C302,2019-07-11,2019-07-11 09:32:57,0.06,1.0,6217,0.05,0.8333,1920,0.06,1.0,1,0.055,0.9166,466,0
SPY190712C302,2019-07-11,2019-07-11 09:32:57,0.06,1.0,7731,0.05,0.8333,2942,0.06,1.0,1,0.055,0.9166,466,0
SPY190712C302,2019-07-11,2019-07-11 09:32:58,0.06,1.0,7731,0.05,0.8333,2942,0.06,1.0,1,0.055,0.9166,466,0
SPY190712C302,2019-07-11,2019-07-11 09:32:59,0.06,1.0,6217,0.05,0.8333,315,0.06,1.0,1,0.055,0.9166,466,0
SPY190712C302,2019-07-11,2019-07-11 09:32:59,0.06,1.0,7731,0.05,0.8333,2942,0.06,1.0,1,0.055,0.9166,466,0
SPY190712C302,2019-07-11,2019-07-11 09:33:00,0.06,1.0,6217,0.05,0.8333,315,0.06,1.0,1,0.055,0.9166,466,0
SPY190712C302,2019-07-11,2019-07-11 09:33:01,0.06,1.0,7736,0.05,0.8333,762,0.06,1.0,1,0.055,0.9166,466,0
SPY190712C302,2019-07-11,2019-07-11 09:33:01,0.06,1.0,6217,0.05,0.8333,609,0.06,1.0,1,0.055,0.9166,466,0
SPY190712C302,2019-07-11,2019-07-11 09:33:02,0.06,1.0,4286,0.05,0.8333,1073,0.06,1.0,1,0.055,0.9166,466,0
SPY190712C302,2019-07-11,2019-07-11 09:33:02,0.06,1.0,4333,0.05,0.8333,1744,0.06,1.0,1,0.055,0.9166,466,0
SPY190712C302,2019-07-11,2019-07-11 09:33:03,0.06,1.0,5521,0.05,0.8333,681,0.06,1.0,1,0.055,0.9166,466,0
SPY190712C302,2019-07-11,2019-07-11 09:33:03,0.06,1.0,5927,0.05,0.8333,681,0.06,1.0,1,0.055,0.9166,466,0
SPY190712C302,2019-07-11,2019-07-11 09:33:04,0.06,1.0,5927,0.05,0.8333,738,0.06,1.0,1,0.055,0.9166,466,0
SPY190712C302,2019-07-11,2019-07-11 09:33:05,0.06,1.0,3246,0.05,0.8333,2106,0.06,1.0,1,0.055,0.9166,466,0
SPY190712C302,2019-07-11,2019-07-11 09:33:05,0.06,1.0,2058,0.05,0.8333,3396,0.05,0.8333,35,0.055,0.9166,501,35
SPY190712C302,2019-07-11,2019-07-11 09:33:06,0.06,1.0,2679,0.05,0.8333,1266,0.05,0.8333,35,0.055,0.9166,501,0
SPY190712C302,2019-07-11,2019-07-11 09:33:06,0.06,1.0,4912,0.05,0.8333,2119,0.05,0.8333,35,0.055,0.9166,501,0
SPY190712C302,2019-07-11,2019-07-11 09:33:07,0.06,1.0,2996,0.05,0.8333,1266,0.05,0.8333,35,0.055,0.9166,501,0
SPY190712C302,2019-07-11,2019-07-11 09:33:08,0.06,1.0,4281,0.05,0.8333,1516,0.05,0.8333,35,0.055,0.9166,501,0
SPY190712C302,2019-07-11,2019-07-11 09:33:08,0.06,1.0,4184,0.05,0.8333,1033,0.05,0.8333,35,0.055,0.9166,501,0
SPY190712C302,2019-07-11,2019-07-11 09:33:09,0.06,1.0,3093,0.05,0.8333,1516,0.05,0.8333,35,0.055,0.9166,501,0
SPY190712C302,2019-07-11,2019-07-11 09:33:10,0.06,1.0,4281,0.05,0.8333,1516,0.05,0.8333,35,0.055,0.9166,501,0
SPY190712C302,2019-07-11,2019-07-11 09:33:11,0.06,1.0,4281,0.05,0.8333,1516,0.05,0.8333,35,0.055,0.9166,501,0
SPY190712C302,2019-07-11,2019-07-11 09:33:12,0.06,1.0,4281,0.05,0.8333,1516,0.05,0.8333,35,0.055,0.9166,501,0
SPY190712C302,2019-07-11,2019-07-11 09:33:13,0.06,1.0,5995,0.05,0.8333,2691,0.05,0.8333,35,0.055,0.9166,501,0
SPY190712C302,2019-07-11,2019-07-11 09:33:14,0.06,1.0,5995,0.05,0.8333,2691,0.05,0.8333,35,0.055,0.9166,501,0
SPY190712C302,2019-07-11,2019-07-11 09:33:15,0.06,1.0,4659,0.05,0.8333,1252,0.05,0.8333,35,0.055,0.9166,501,0
SPY190712C302,2019-07-11,2019-07-11 09:33:15,0.06,1.0,4581,0.05,0.8333,491,0.05,0.8333,35,0.055,0.9166,501,0
SPY190712C302,2019-07-11,2019-07-11 09:33:16,0.06,1.0,7391,0.05,0.8333,643,0.05,0.8333,35,0.055,0.9166,501,0
SPY190712C302,2019-07-11,2019-07-11 09:33:17,0.06,1.0,7398,0.05,0.8333,643,0.05,0.8333,35,0.055,0.9166,501,0
SPY190712C302,2019-07-11,2019-07-11 09:33:17,0.06,1.0,7398,0.05,0.8333,1024,0.05,0.8333,35,0.055,0.9166,501,0
SPY190712C302,2019-07-11,2019-07-11 09:33:18,0.06,1.0,6117,0.05,0.8333,1024,0.06,1.0,26,0.055,0.9166,527,0
SPY190712C302,2019-07-11,2019-07-11 09:33:18,0.06,1.0,6117,0.05,0.8333,1245,0.06,1.0,26,0.055,0.9166,527,26
SPY190712C302,2019-07-11,2019-07-11 09:33:19,0.06,1.0,6117,0.05,0.8333,484,0.06,1.0,26,0.055,0.9166,527,0
SPY190712C302,2019-07-11,2019-07-11 09:33:19,0.06,1.0,8736,0.05,0.8333,484,0.06,1.0,26,0.055,0.9166,527,0
SPY190712C302,2019-07-11,2019-07-11 09:33:20,0.06,1.0,7206,0.05,0.8333,15,0.06,1.0,26,0.055,0.9166,527,0
SPY190712C302,2019-07-11,2019-07-11 09:33:21,0.06,1.0,7206,0.05,0.8333,484,0.05,0.8333,1,0.055,0.9166,528,1
SPY190712C302,2019-07-11,2019-07-11 09:33:21,0.06,1.0,7206,0.05,0.8333,484,0.06,1.0,26,0.055,0.9166,527,0
SPY190712C302,2019-07-11,2019-07-11 09:33:22,0.06,1.0,7210,0.05,0.8333,10,0.05,0.8333,1,0.055,0.9166,528,0
SPY190712C302,2019-07-11,2019-07-11 09:33:23,0.06,1.0,8524,0.05,0.8333,10,0.05,0.8333,1,0.055,0.9166,528,0
SPY190712C302,2019-07-11,2019-07-11 09:33:24,0.06,1.0,7032,0.05,0.8333,10,0.05,0.8333,1,0.055,0.9166,528,0
SPY190712C302,2019-07-11,2019-07-11 09:33:24,0.06,1.0,8524,0.05,0.8333,10,0.05,0.8333,1,0.055,0.9166,528,0
SPY190712C302,2019-07-11,2019-07-11 09:33:25,0.06,1.0,5767,0.05,0.8333,11,0.05,0.8333,1,0.055,0.9166,528,0
SPY190712C302,2019-07-11,2019-07-11 09:33:25,0.06,1.0,6759,0.05,0.8333,11,0.05,0.8333,1,0.055,0.9166,528,0
SPY190712C302,2019-07-11,2019-07-11 09:33:26,0.06,1.0,7133,0.05,0.8333,11,0.05,0.8333,1,0.055,0.9166,528,0
SPY190712C302,2019-07-11,2019-07-11 09:33:26,0.06,1.0,6759,0.05,0.8333,11,0.05,0.8333,1,0.055,0.9166,528,0
SPY190712C302,2019-07-11,2019-07-11 09:33:27,0.06,1.0,7532,0.05,0.8333,11,0.05,0.8333,1,0.055,0.9166,528,0
SPY190712C302,2019-07-11,2019-07-11 09:33:28,0.06,1.0,7133,0.05,0.8333,11,0.06,1.0,2,0.055,0.9166,530,2
SPY190712C302,2019-07-11,2019-07-11 09:33:29,0.06,1.0,6197,0.05,0.8333,11,0.06,1.0,2,0.055,0.9166,530,0
SPY190712C302,2019-07-11,2019-07-11 09:33:29,0.06,1.0,7133,0.05,0.8333,11,0.06,1.0,2,0.055,0.9166,530,0
SPY190712C302,2019-07-11,2019-07-11 09:33:30,0.06,1.0,8678,0.05,0.8333,11,0.06,1.0,2,0.055,0.9166,530,0
SPY190712C302,2019-07-11,2019-07-11 09:33:31,0.06,1.0,8674,0.05,0.8333,11,0.06,1.0,2,0.055,0.9166,530,0
SPY190712C302,2019-07-11,2019-07-11 09:33:31,0.06,1.0,8678,0.05,0.8333,11,0.06,1.0,2,0.055,0.9166,530,0
SPY190712C302,2019-07-11,2019-07-11 09:33:32,0.06,1.0,7133,0.05,0.8333,11,0.06,1.0,2,0.055,0.9166,530,0
SPY190712C302,2019-07-11,2019-07-11 09:33:33,0.05,0.8333,705,0.04,0.6666,5771,0.05,0.8333,1,0.045,0.75,541,11
SPY190712C302,2019-07-11,2019-07-11 09:33:34,0.05,0.8333,1333,0.04,0.6666,5265,0.05,0.8333,1,0.045,0.75,542,1
SPY190712C302,2019-07-11,2019-07-11 09:33:34,0.05,0.8333,1333,0.04,0.6666,5748,0.05,0.8333,1,0.045,0.75,542,0
SPY190712C302,2019-07-11,2019-07-11 09:33:35,0.05,0.8333,1333,0.04,0.6666,5800,0.05,0.8333,1,0.045,0.75,542,0
SPY190712C302,2019-07-11,2019-07-11 09:33:35,0.05,0.8333,1333,0.04,0.6666,6562,0.04,0.6666,1,0.045,0.75,543,1
SPY190712C302,2019-07-11,2019-07-11 09:33:36,0.05,0.8333,1670,0.04,0.6666,7097,0.04,0.6666,1,0.045,0.75,543,0
SPY190712C302,2019-07-11,2019-07-11 09:33:37,0.05,0.8333,1670,0.04,0.6666,7079,0.04,0.6666,1,0.045,0.75,543,0
SPY190712C302,2019-07-11,2019-07-11 09:33:38,0.05,0.8333,1670,0.04,0.6666,6723,0.04,0.6666,1,0.045,0.75,543,0
SPY190712C302,2019-07-11,2019-07-11 09:33:38,0.05,0.8333,1670,0.04,0.6666,7097,0.04,0.6666,1,0.045,0.75,543,0
SPY190712C302,2019-07-11,2019-07-11 09:33:39,0.05,0.8333,1670,0.04,0.6666,7232,0.04,0.6666,1,0.045,0.75,543,0
SPY190712C302,2019-07-11,2019-07-11 09:33:39,0.05,0.8333,1669,0.04,0.6666,7236,0.05,0.8333,1,0.045,0.75,544,1
SPY190712C302,2019-07-11,2019-07-11 09:33:40,0.05,0.8333,1669,0.04,0.6666,7408,0.05,0.8333,1,0.045,0.75,544,0
SPY190712C302,2019-07-11,2019-07-11 09:33:41,0.05,0.8333,1669,0.04,0.6666,7348,0.05,0.8333,1,0.045,0.75,544,0
SPY190712C302,2019-07-11,2019-07-11 09:33:41,0.05,0.8333,1669,0.04,0.6666,5831,0.05,0.8333,1,0.045,0.75,544,0
SPY190712C302,2019-07-11,2019-07-11 09:33:42,0.05,0.8333,1669,0.04,0.6666,8527,0.05,0.8333,1,0.045,0.75,544,0
SPY190712C302,2019-07-11,2019-07-11 09:33:43,0.05,0.8333,1669,0.04,0.6666,5755,0.05,0.8333,1,0.045,0.75,544,0
SPY190712C302,2019-07-11,2019-07-11 09:33:44,0.05,0.8333,1669,0.04,0.6666,7165,0.05,0.8333,1,0.045,0.75,544,0
SPY190712C302,2019-07-11,2019-07-11 09:33:45,0.05,0.8333,1669,0.04,0.6666,6482,0.05,0.8333,1,0.045,0.75,544,0
SPY190712C302,2019-07-11,2019-07-11 09:33:45,0.05,0.8333,1669,0.04,0.6666,7165,0.05,0.8333,1,0.045,0.75,544,0
SPY190712C302,2019-07-11,2019-07-11 09:33:46,0.05,0.8333,1669,0.04,0.6666,6460,0.05,0.8333,1,0.045,0.75,544,0
SPY190712C302,2019-07-11,2019-07-11 09:33:47,0.05,0.8333,1186,0.04,0.6666,4354,0.05,0.8333,1,0.045,0.75,544,0
SPY190712C302,2019-07-11,2019-07-11 09:33:48,0.05,0.8333,1695,0.04,0.6666,5899,0.05,0.8333,1,0.045,0.75,544,0
SPY190712C302,2019-07-11,2019-07-11 09:33:49,0.05,0.8333,1669,0.04,0.6666,5899,0.05,0.8333,1,0.045,0.75,544,0
SPY190712C302,2019-07-11,2019-07-11 09:33:50,0.05,0.8333,1669,0.04,0.6666,5899,0.05,0.8333,1,0.045,0.75,544,0
SPY190712C302,2019-07-11,2019-07-11 09:33:51,0.05,0.8333,2703,0.04,0.6666,7418,0.05,0.8333,1,0.045,0.75,544,0
SPY190712C302,2019-07-11,2019-07-11 09:33:52,0.05,0.8333,2703,0.04,0.6666,7418,0.05,0.8333,1,0.045,0.75,544,0
SPY190712C302,2019-07-11,2019-07-11 09:33:53,0.05,0.8333,2841,0.04,0.6666,5899,0.06,1.0,1,0.045,0.75,545,0
SPY190712C302,2019-07-11,2019-07-11 09:33:53,0.05,0.8333,2336,0.04,0.6666,5899,0.06,1.0,1,0.045,0.75,545,1
SPY190712C302,2019-07-11,2019-07-11 09:33:54,0.05,0.8333,2336,0.04,0.6666,5899,0.06,1.0,1,0.045,0.75,545,0
SPY190712C302,2019-07-11,2019-07-11 09:33:55,0.05,0.8333,3299,0.04,0.6666,3985,0.06,1.0,1,0.045,0.75,545,0
SPY190712C302,2019-07-11,2019-07-11 09:33:55,0.05,0.8333,3609,0.04,0.6666,5172,0.06,1.0,1,0.045,0.75,545,0
SPY190712C302,2019-07-11,2019-07-11 09:33:56,0.05,0.8333,3137,0.04,0.6666,6765,0.06,1.0,1,0.045,0.75,545,0
SPY190712C302,2019-07-11,2019-07-11 09:33:57,0.05,0.8333,3241,0.04,0.6666,6767,0.06,1.0,1,0.045,0.75,545,0
SPY190712C302,2019-07-11,2019-07-11 09:33:57,0.05,0.8333,3137,0.04,0.6666,6765,0.06,1.0,1,0.045,0.75,545,0
SPY190712C302,2019-07-11,2019-07-11 09:33:58,0.05,0.8333,2758,0.04,0.6666,4152,0.06,1.0,1,0.045,0.75,545,0
SPY190712C302,2019-07-11,2019-07-11 09:33:59,0.05,0.8333,3124,0.04,0.6666,4415,0.06,1.0,1,0.045,0.75,545,0
SPY190712C302,2019-07-11,2019-07-11 09:33:59,0.05,0.8333,2448,0.04,0.6666,4415,0.06,1.0,1,0.045,0.75,545,0
SPY190712C302,2019-07-11,2019-07-11 09:34:00,0.05,0.8333,3058,0.04,0.6666,5326,0.06,1.0,1,0.045,0.75,545,0
SPY190712C302,2019-07-11,2019-07-11 09:34:00,0.05,0.8333,3124,0.04,0.6666,4650,0.06,1.0,1,0.045,0.75,545,0
SPY190712C302,2019-07-11,2019-07-11 09:34:01,0.05,0.8333,1540,0.04,0.6666,5133,0.06,1.0,1,0.045,0.75,545,0
SPY190712C302,2019-07-11,2019-07-11 09:34:02,0.05,0.8333,2368,0.04,0.6666,6823,0.06,1.0,1,0.045,0.75,545,0
SPY190712C302,2019-07-11,2019-07-11 09:34:02,0.05,0.8333,2368,0.04,0.6666,4881,0.06,1.0,1,0.045,0.75,545,0
SPY190712C302,2019-07-11,2019-07-11 09:34:03,0.05,0.8333,1583,0.04,0.6666,3952,0.06,1.0,1,0.045,0.75,545,0
SPY190712C302,2019-07-11,2019-07-11 09:34:03,0.05,0.8333,2023,0.04,0.6666,6823,0.06,1.0,1,0.045,0.75,545,0
SPY190712C302,2019-07-11,2019-07-11 09:34:04,0.05,0.8333,1669,0.04,0.6666,6842,0.06,1.0,1,0.045,0.75,545,0
SPY190712C302,2019-07-11,2019-07-11 09:34:05,0.05,0.8333,2336,0.04,0.6666,6842,0.05,0.8333,12,0.045,0.75,558,13
SPY190712C302,2019-07-11,2019-07-11 09:34:05,0.05,0.8333,2336,0.04,0.6666,6842,0.05,0.8333,12,0.045,0.75,558,0
SPY190712C302,2019-07-11,2019-07-11 09:34:06,0.05,0.8333,2336,0.04,0.6666,6842,0.05,0.8333,12,0.045,0.75,558,0
SPY190712C302,2019-07-11,2019-07-11 09:34:07,0.05,0.8333,2336,0.04,0.6666,6842,0.05,0.8333,12,0.045,0.75,558,0
SPY190712C302,2019-07-11,2019-07-11 09:34:08,0.05,0.8333,2336,0.04,0.6666,4311,0.05,0.8333,12,0.045,0.75,558,0
SPY190712C302,2019-07-11,2019-07-11 09:34:09,0.05,0.8333,1186,0.04,0.6666,6643,0.04,0.6666,50,0.045,0.75,608,50
SPY190712C302,2019-07-11,2019-07-11 09:34:09,0.05,0.8333,1669,0.04,0.6666,6843,0.05,0.8333,12,0.045,0.75,558,0
SPY190712C302,2019-07-11,2019-07-11 09:34:10,0.05,0.8333,1186,0.04,0.6666,7984,0.04,0.6666,50,0.045,0.75,608,0
SPY190712C302,2019-07-11,2019-07-11 09:34:10,0.05,0.8333,1669,0.04,0.6666,8043,0.04,0.6666,50,0.045,0.75,608,0
SPY190712C302,2019-07-11,2019-07-11 09:34:11,0.05,0.8333,1186,0.04,0.6666,8216,0.04,0.6666,50,0.045,0.75,608,0
SPY190712C302,2019-07-11,2019-07-11 09:34:11,0.05,0.8333,1669,0.04,0.6666,6890,0.04,0.6666,50,0.045,0.75,608,0
SPY190712C302,2019-07-11,2019-07-11 09:34:12,0.05,0.8333,1186,0.04,0.6666,8047,0.04,0.6666,50,0.045,0.75,608,0
SPY190712C302,2019-07-11,2019-07-11 09:34:13,0.05,0.8333,1186,0.04,0.6666,8047,0.04,0.6666,50,0.045,0.75,608,0
SPY190712C302,2019-07-11,2019-07-11 09:34:14,0.05,0.8333,1186,0.04,0.6666,8043,0.04,0.6666,3,0.045,0.75,611,3
SPY190712C302,2019-07-11,2019-07-11 09:34:14,0.05,0.8333,1186,0.04,0.6666,8047,0.04,0.6666,50,0.045,0.75,608,0
SPY190712C302,2019-07-11,2019-07-11 09:34:15,0.05,0.8333,1186,0.04,0.6666,8043,0.04,0.6666,3,0.045,0.75,611,0
SPY190712C302,2019-07-11,2019-07-11 09:34:16,0.05,0.8333,300,0.04,0.6666,4971,0.05,0.8333,2,0.045,0.75,613,2
SPY190712C302,2019-07-11,2019-07-11 09:34:16,0.05,0.8333,1186,0.04,0.6666,8043,0.04,0.6666,3,0.045,0.75,611,0
SPY190712C302,2019-07-11,2019-07-11 09:34:17,0.05,0.8333,280,0.04,0.6666,8001,0.05,0.8333,8,0.045,0.75,631,18
SPY190712C302,2019-07-11,2019-07-11 09:34:18,0.05,0.8333,280,0.04,0.6666,8001,0.05,0.8333,8,0.045,0.75,631,0
SPY190712C302,2019-07-11,2019-07-11 09:34:19,0.05,0.8333,280,0.04,0.6666,8098,0.05,0.8333,8,0.045,0.75,631,0
SPY190712C302,2019-07-11,2019-07-11 09:34:20,0.05,0.8333,242,0.04,0.6666,6138,0.05,0.8333,8,0.045,0.75,631,0
SPY190712C302,2019-07-11,2019-07-11 09:34:20,0.05,0.8333,242,0.04,0.6666,6604,0.05,0.8333,8,0.045,0.75,631,0
SPY190712C302,2019-07-11,2019-07-11 09:34:21,0.05,0.8333,242,0.04,0.6666,8137,0.05,0.8333,8,0.045,0.75,631,0
SPY190712C302,2019-07-11,2019-07-11 09:34:22,0.05,0.8333,135,0.04,0.6666,6654,0.05,0.8333,8,0.045,0.75,631,0
SPY190712C302,2019-07-11,2019-07-11 09:34:22,0.05,0.8333,135,0.04,0.6666,8137,0.05,0.8333,8,0.045,0.75,631,0
SPY190712C302,2019-07-11,2019-07-11 09:34:23,0.05,0.8333,135,0.04,0.6666,6654,0.05,0.8333,8,0.045,0.75,631,0
SPY190712C302,2019-07-11,2019-07-11 09:34:23,0.05,0.8333,135,0.04,0.6666,6654,0.05,0.8333,2,0.045,0.75,633,2
SPY190712C302,2019-07-11,2019-07-11 09:34:24,0.05,0.8333,135,0.04,0.6666,7922,0.05,0.8333,2,0.045,0.75,633,0
SPY190712C302,2019-07-11,2019-07-11 09:34:25,0.05,0.8333,135,0.04,0.6666,7471,0.05,0.8333,2,0.045,0.75,633,0
SPY190712C302,2019-07-11,2019-07-11 09:34:25,0.05,0.8333,135,0.04,0.6666,9535,0.05,0.8333,2,0.045,0.75,633,0
SPY190712C302,2019-07-11,2019-07-11 09:34:26,0.05,0.8333,135,0.04,0.6666,9535,0.05,0.8333,2,0.045,0.75,633,0
SPY190712C302,2019-07-11,2019-07-11 09:34:27,0.05,0.8333,135,0.04,0.6666,6888,0.05,0.8333,2,0.045,0.75,633,0
SPY190712C302,2019-07-11,2019-07-11 09:34:28,0.05,0.8333,135,0.04,0.6666,6671,0.05,0.8333,2,0.045,0.75,633,0
SPY190712C302,2019-07-11,2019-07-11 09:34:28,0.06,1.0,1339,0.04,0.6666,6967,0.05,0.8333,15,0.05,0.8333,702,69
SPY190712C302,2019-07-11,2019-07-11 09:34:29,0.06,1.0,1777,0.05,0.8333,5447,0.05,0.8333,15,0.055,0.9166,702,0
SPY190712C302,2019-07-11,2019-07-11 09:34:29,0.06,1.0,3305,0.05,0.8333,6232,0.05,0.8333,15,0.055,0.9166,702,0
SPY190712C302,2019-07-11,2019-07-11 09:34:30,0.06,1.0,3305,0.05,0.8333,6232,0.05,0.8333,15,0.055,0.9166,702,0
SPY190712C302,2019-07-11,2019-07-11 09:34:31,0.06,1.0,2386,0.05,0.8333,6451,0.05,0.8333,15,0.055,0.9166,702,0
SPY190712C302,2019-07-11,2019-07-11 09:34:32,0.06,1.0,5075,0.05,0.8333,4337,0.05,0.8333,15,0.055,0.9166,702,0
SPY190712C302,2019-07-11,2019-07-11 09:34:34,0.06,1.0,5022,0.05,0.8333,3061,0.06,1.0,4,0.055,0.9166,706,4
SPY190712C302,2019-07-11,2019-07-11 09:34:35,0.06,1.0,3941,0.05,0.8333,4949,0.06,1.0,5,0.055,0.9166,711,5
SPY190712C302,2019-07-11,2019-07-11 09:34:36,0.06,1.0,4406,0.05,0.8333,4649,0.06,1.0,5,0.055,0.9166,711,0
SPY190712C302,2019-07-11,2019-07-11 09:34:36,0.06,1.0,4855,0.05,0.8333,4590,0.06,1.0,5,0.055,0.9166,711,0
SPY190712C302,2019-07-11,2019-07-11 09:34:37,0.06,1.0,4987,0.05,0.8333,3741,0.06,1.0,5,0.055,0.9166,711,0
SPY190712C302,2019-07-11,2019-07-11 09:34:38,0.06,1.0,3609,0.05,0.8333,4557,0.06,1.0,5,0.055,0.9166,711,0
SPY190712C302,2019-07-11,2019-07-11 09:34:39,0.06,1.0,3151,0.05,0.8333,4557,0.06,1.0,5,0.055,0.9166,711,0
SPY190712C302,2019-07-11,2019-07-11 09:34:39,0.06,1.0,3151,0.05,0.8333,5902,0.06,1.0,5,0.055,0.9166,711,0
SPY190712C302,2019-07-11,2019-07-11 09:34:40,0.06,1.0,3151,0.05,0.8333,5902,0.07,1.1666,50,0.055,0.9166,761,50
SPY190712C302,2019-07-11,2019-07-11 09:34:41,0.06,1.0,6268,0.05,0.8333,4992,0.07,1.1666,50,0.055,0.9166,761,0
SPY190712C302,2019-07-11,2019-07-11 09:34:41,0.06,1.0,2686,0.05,0.8333,3741,0.07,1.1666,50,0.055,0.9166,761,0
SPY190712C302,2019-07-11,2019-07-11 09:34:42,0.06,1.0,3768,0.05,0.8333,5007,0.07,1.1666,50,0.055,0.9166,761,0
SPY190712C302,2019-07-11,2019-07-11 09:34:42,0.06,1.0,6268,0.05,0.8333,4992,0.07,1.1666,50,0.055,0.9166,761,0
SPY190712C302,2019-07-11,2019-07-11 09:34:43,0.06,1.0,3085,0.05,0.8333,6356,0.07,1.1666,50,0.055,0.9166,761,0
SPY190712C302,2019-07-11,2019-07-11 09:34:44,0.06,1.0,2283,0.05,0.8333,6513,0.07,1.1666,50,0.055,0.9166,761,0
SPY190712C302,2019-07-11,2019-07-11 09:34:44,0.06,1.0,3094,0.05,0.8333,6435,0.07,1.1666,50,0.055,0.9166,761,0
SPY190712C302,2019-07-11,2019-07-11 09:34:45,0.06,1.0,3094,0.05,0.8333,6435,0.07,1.1666,50,0.055,0.9166,761,0
SPY190712C302,2019-07-11,2019-07-11 09:34:46,0.06,1.0,6339,0.05,0.8333,5498,0.07,1.1666,50,0.055,0.9166,761,0
SPY190712C302,2019-07-11,2019-07-11 09:34:46,0.06,1.0,2611,0.05,0.8333,4568,0.07,1.1666,50,0.055,0.9166,761,0
SPY190712C302,2019-07-11,2019-07-11 09:34:47,0.06,1.0,6339,0.05,0.8333,5498,0.07,1.1666,50,0.055,0.9166,761,0
SPY190712C302,2019-07-11,2019-07-11 09:34:48,0.06,1.0,6339,0.05,0.8333,5498,0.07,1.1666,50,0.055,0.9166,761,0
SPY190712C302,2019-07-11,2019-07-11 09:34:49,0.06,1.0,4279,0.05,0.8333,3185,0.07,1.1666,50,0.055,0.9166,761,0
SPY190712C302,2019-07-11,2019-07-11 09:34:49,0.06,1.0,6339,0.05,0.8333,5498,0.07,1.1666,50,0.055,0.9166,761,0
SPY190712C302,2019-07-11,2019-07-11 09:34:50,0.06,1.0,4741,0.05,0.8333,4524,0.07,1.1666,50,0.055,0.9166,761,0
SPY190712C302,2019-07-11,2019-07-11 09:34:51,0.06,1.0,4750,0.05,0.8333,4524,0.06,1.0,1,0.055,0.9166,767,0
SPY190712C302,2019-07-11,2019-07-11 09:34:51,0.06,1.0,4750,0.05,0.8333,4524,0.06,1.0,1,0.055,0.9166,767,6
SPY190712C302,2019-07-11,2019-07-11 09:34:52,0.06,1.0,3952,0.05,0.8333,4434,0.06,1.0,1,0.055,0.9166,767,0
SPY190712C302,2019-07-11,2019-07-11 09:34:52,0.06,1.0,3830,0.05,0.8333,3860,0.06,1.0,1,0.055,0.9166,767,0
SPY190712C302,2019-07-11,2019-07-11 09:34:53,0.06,1.0,5704,0.05,0.8333,3860,0.06,1.0,1,0.055,0.9166,767,0
SPY190712C302,2019-07-11,2019-07-11 09:34:54,0.06,1.0,3636,0.05,0.8333,3861,0.06,1.0,1,0.055,0.9166,767,0
SPY190712C302,2019-07-11,2019-07-11 09:34:55,0.06,1.0,5090,0.05,0.8333,3861,0.06,1.0,1,0.055,0.9166,767,0
SPY190712C302,2019-07-11,2019-07-11 09:34:55,0.06,1.0,5018,0.05,0.8333,5128,0.06,1.0,1,0.055,0.9166,767,0
SPY190712C302,2019-07-11,2019-07-11 09:34:56,0.06,1.0,1557,0.05,0.8333,3128,0.06,1.0,1,0.055,0.9166,767,0
SPY190712C302,2019-07-11,2019-07-11 09:34:56,0.06,1.0,3606,0.05,0.8333,6626,0.06,1.0,1,0.055,0.9166,767,0
SPY190712C302,2019-07-11,2019-07-11 09:34:57,0.06,1.0,3606,0.05,0.8333,6626,0.06,1.0,1,0.055,0.9166,767,0
SPY190712C302,2019-07-11,2019-07-11 09:34:58,0.06,1.0,3606,0.05,0.8333,6626,0.06,1.0,1,0.055,0.9166,767,0
SPY190712C302,2019-07-11,2019-07-11 09:34:59,0.06,1.0,1249,0.05,0.8333,4758,0.06,1.0,1,0.055,0.9166,767,0
SPY190712C302,2019-07-11,2019-07-11 09:34:59,0.06,1.0,2550,0.05,0.8333,5226,0.06,1.0,1,0.055,0.9166,767,0
SPY190712C302,2019-07-11,2019-07-11 09:35:00,0.06,1.0,2657,0.05,0.8333,4758,0.06,1.0,1,0.055,0.9166,767,0
SPY190712C302,2019-07-11,2019-07-11 09:35:01,0.06,1.0,2657,0.05,0.8333,6117,0.06,1.0,1,0.055,0.9166,767,0
SPY190712C302,2019-07-11,2019-07-11 09:35:02,0.06,1.0,2550,0.05,0.8333,6117,0.06,1.0,1,0.055,0.9166,768,1
SPY190712C302,2019-07-11,2019-07-11 09:35:02,0.06,1.0,2657,0.05,0.8333,6117,0.06,1.0,1,0.055,0.9166,767,0
SPY190712C302,2019-07-11,2019-07-11 09:35:03,0.06,1.0,6316,0.05,0.8333,4704,0.06,1.0,1,0.055,0.9166,768,0
SPY190712C302,2019-07-11,2019-07-11 09:35:03,0.06,1.0,2872,0.05,0.8333,6117,0.06,1.0,1,0.055,0.9166,768,0
SPY190712C302,2019-07-11,2019-07-11 09:35:04,0.06,1.0,4204,0.05,0.8333,3094,0.06,1.0,1,0.055,0.9166,768,0
SPY190712C302,2019-07-11,2019-07-11 09:35:04,0.06,1.0,5755,0.05,0.8333,2693,0.06,1.0,1,0.055,0.9166,768,0
SPY190712C302,2019-07-11,2019-07-11 09:35:05,0.06,1.0,5546,0.05,0.8333,3755,0.06,1.0,1,0.055,0.9166,768,0
SPY190712C302,2019-07-11,2019-07-11 09:35:06,0.06,1.0,3862,0.05,0.8333,3119,0.06,1.0,1,0.055,0.9166,768,0
SPY190712C302,2019-07-11,2019-07-11 09:35:06,0.06,1.0,3165,0.05,0.8333,3902,0.06,1.0,1,0.055,0.9166,768,0
SPY190712C302,2019-07-11,2019-07-11 09:35:07,0.06,1.0,4816,0.05,0.8333,4911,0.06,1.0,1,0.055,0.9166,768,0
SPY190712C302,2019-07-11,2019-07-11 09:35:07,0.06,1.0,3810,0.05,0.8333,3858,0.06,1.0,1,0.055,0.9166,768,0
SPY190712C302,2019-07-11,2019-07-11 09:35:08,0.06,1.0,3486,0.05,0.8333,5741,0.06,1.0,1,0.055,0.9166,768,0
SPY190712C302,2019-07-11,2019-07-11 09:35:08,0.06,1.0,3486,0.05,0.8333,4415,0.06,1.0,1,0.055,0.9166,768,0
SPY190712C302,2019-07-11,2019-07-11 09:35:09,0.06,1.0,4816,0.05,0.8333,5746,0.06,1.0,1,0.055,0.9166,768,0
SPY190712C302,2019-07-11,2019-07-11 09:35:10,0.06,1.0,5832,0.05,0.8333,4451,0.06,1.0,1,0.055,0.9166,768,0
SPY190712C302,2019-07-11,2019-07-11 09:35:10,0.06,1.0,3864,0.05,0.8333,3094,0.06,1.0,1,0.055,0.9166,768,0
SPY190712C302,2019-07-11,2019-07-11 09:35:11,0.06,1.0,3035,0.05,0.8333,4560,0.06,1.0,1,0.055,0.9166,768,0
SPY190712C302,2019-07-11,2019-07-11 09:35:12,0.06,1.0,3852,0.05,0.8333,3770,0.06,1.0,1,0.055,0.9166,768,0
SPY190712C302,2019-07-11,2019-07-11 09:35:13,0.06,1.0,3035,0.05,0.8333,3943,0.06,1.0,1,0.055,0.9166,768,0
SPY190712C302,2019-07-11,2019-07-11 09:35:13,0.06,1.0,3035,0.05,0.8333,4569,0.06,1.0,1,0.055,0.9166,768,0
SPY190712C302,2019-07-11,2019-07-11 09:35:14,0.06,1.0,2147,0.05,0.8333,4569,0.06,1.0,1,0.055,0.9166,768,0
SPY190712C302,2019-07-11,2019-07-11 09:35:15,0.06,1.0,1663,0.05,0.8333,4086,0.06,1.0,1,0.055,0.9166,768,0
SPY190712C302,2019-07-11,2019-07-11 09:35:16,0.06,1.0,2146,0.05,0.8333,4569,0.06,1.0,1,0.055,0.9166,768,0
SPY190712C302,2019-07-11,2019-07-11 09:35:16,0.06,1.0,2359,0.05,0.8333,5069,0.06,1.0,1,0.055,0.9166,768,0
SPY190712C302,2019-07-11,2019-07-11 09:35:17,0.06,1.0,3257,0.05,0.8333,6154,0.06,1.0,1,0.055,0.9166,768,0
SPY190712C302,2019-07-11,2019-07-11 09:35:17,0.06,1.0,3257,0.05,0.8333,6364,0.06,1.0,1,0.055,0.9166,768,0
SPY190712C302,2019-07-11,2019-07-11 09:35:18,0.06,1.0,2335,0.05,0.8333,6413,0.06,1.0,1,0.055,0.9166,769,1
SPY190712C302,2019-07-11,2019-07-11 09:35:18,0.06,1.0,2507,0.05,0.8333,6403,0.06,1.0,1,0.055,0.9166,768,0
SPY190712C302,2019-07-11,2019-07-11 09:35:19,0.06,1.0,2469,0.05,0.8333,5033,0.06,1.0,1,0.055,0.9166,769,0
SPY190712C302,2019-07-11,2019-07-11 09:35:20,0.06,1.0,2469,0.05,0.8333,6410,0.06,1.0,1,0.055,0.9166,769,0
SPY190712C302,2019-07-11,2019-07-11 09:35:20,0.06,1.0,3219,0.05,0.8333,5910,0.06,1.0,1,0.055,0.9166,769,0
SPY190712C302,2019-07-11,2019-07-11 09:35:21,0.06,1.0,3219,0.05,0.8333,5910,0.06,1.0,1,0.055,0.9166,769,0
SPY190712C302,2019-07-11,2019-07-11 09:35:22,0.06,1.0,4519,0.05,0.8333,5913,0.06,1.0,1,0.055,0.9166,769,0
SPY190712C302,2019-07-11,2019-07-11 09:35:22,0.06,1.0,3219,0.05,0.8333,4777,0.06,1.0,1,0.055,0.9166,769,0
SPY190712C302,2019-07-11,2019-07-11 09:35:23,0.06,1.0,4519,0.05,0.8333,5930,0.06,1.0,1,0.055,0.9166,769,0
SPY190712C302,2019-07-11,2019-07-11 09:35:24,0.06,1.0,4499,0.05,0.8333,5913,0.06,1.0,1,0.055,0.9166,769,0
SPY190712C302,2019-07-11,2019-07-11 09:35:25,0.06,1.0,4500,0.05,0.8333,5885,0.06,1.0,1,0.055,0.9166,769,0
SPY190712C302,2019-07-11,2019-07-11 09:35:26,0.06,1.0,4499,0.05,0.8333,6074,0.06,1.0,1,0.055,0.9166,769,0
SPY190712C302,2019-07-11,2019-07-11 09:35:27,0.06,1.0,3992,0.05,0.8333,4542,0.06,1.0,1,0.055,0.9166,769,0
SPY190712C302,2019-07-11,2019-07-11 09:35:27,0.06,1.0,4027,0.05,0.8333,4142,0.06,1.0,1,0.055,0.9166,769,0
SPY190712C302,2019-07-11,2019-07-11 09:35:28,0.06,1.0,6506,0.05,0.8333,4485,0.06,1.0,1,0.055,0.9166,769,0
SPY190712C302,2019-07-11,2019-07-11 09:35:28,0.06,1.0,2879,0.05,0.8333,4236,0.06,1.0,1,0.055,0.9166,769,0
SPY190712C302,2019-07-11,2019-07-11 09:35:29,0.06,1.0,3905,0.05,0.8333,6074,0.06,1.0,1,0.055,0.9166,769,0
SPY190712C302,2019-07-11,2019-07-11 09:35:30,0.06,1.0,2405,0.05,0.8333,5183,0.06,1.0,1,0.055,0.9166,769,0
SPY190712C302,2019-07-11,2019-07-11 09:35:30,0.06,1.0,3905,0.05,0.8333,6074,0.06,1.0,1,0.055,0.9166,769,0
SPY190712C302,2019-07-11,2019-07-11 09:35:31,0.06,1.0,2405,0.05,0.8333,4719,0.06,1.0,1,0.055,0.9166,769,0
SPY190712C302,2019-07-11,2019-07-11 09:35:32,0.06,1.0,4671,0.05,0.8333,6074,0.06,1.0,1,0.055,0.9166,769,0
SPY190712C302,2019-07-11,2019-07-11 09:35:33,0.06,1.0,3766,0.05,0.8333,6197,0.06,1.0,1,0.055,0.9166,769,0
SPY190712C302,2019-07-11,2019-07-11 09:35:34,0.06,1.0,6231,0.05,0.8333,6190,0.06,1.0,1,0.055,0.9166,769,0
SPY190712C302,2019-07-11,2019-07-11 09:35:35,0.06,1.0,6518,0.05,0.8333,5387,0.05,0.8333,3,0.055,0.9166,772,3
SPY190712C302,2019-07-11,2019-07-11 09:35:35,0.06,1.0,5710,0.05,0.8333,6267,0.06,1.0,1,0.055,0.9166,769,0
SPY190712C302,2019-07-11,2019-07-11 09:35:36,0.06,1.0,5710,0.05,0.8333,6247,0.05,0.8333,3,0.055,0.9166,772,0
SPY190712C302,2019-07-11,2019-07-11 09:35:37,0.06,1.0,5316,0.05,0.8333,4634,0.05,0.8333,3,0.055,0.9166,772,0
SPY190712C302,2019-07-11,2019-07-11 09:35:37,0.06,1.0,5707,0.05,0.8333,5389,0.05,0.8333,3,0.055,0.9166,772,0
SPY190712C302,2019-07-11,2019-07-11 09:35:38,0.06,1.0,5316,0.05,0.8333,3770,0.05,0.8333,3,0.055,0.9166,772,0
SPY190712C302,2019-07-11,2019-07-11 09:35:38,0.06,1.0,5582,0.05,0.8333,3770,0.05,0.8333,3,0.055,0.9166,772,0
SPY190712C302,2019-07-11,2019-07-11 09:35:39,0.06,1.0,4794,0.05,0.8333,3770,0.05,0.8333,3,0.055,0.9166,772,0
SPY190712C302,2019-07-11,2019-07-11 09:35:39,0.06,1.0,5582,0.05,0.8333,3770,0.05,0.8333,3,0.055,0.9166,772,0
SPY190712C302,2019-07-11,2019-07-11 09:35:40,0.06,1.0,5471,0.05,0.8333,2693,0.05,0.8333,3,0.055,0.9166,772,0
SPY190712C302,2019-07-11,2019-07-11 09:35:41,0.06,1.0,5471,0.05,0.8333,2693,0.05,0.8333,3,0.055,0.9166,772,0
SPY190712C302,2019-07-11,2019-07-11 09:35:42,0.06,1.0,4145,0.05,0.8333,2199,0.05,0.8333,3,0.055,0.9166,772,0
SPY190712C302,2019-07-11,2019-07-11 09:35:42,0.06,1.0,5591,0.05,0.8333,2682,0.05,0.8333,3,0.055,0.9166,772,0
SPY190712C302,2019-07-11,2019-07-11 09:35:43,0.06,1.0,7044,0.05,0.8333,3815,0.05,0.8333,3,0.055,0.9166,772,0
SPY190712C302,2019-07-11,2019-07-11 09:35:44,0.06,1.0,4628,0.05,0.8333,1033,0.05,0.8333,3,0.055,0.9166,772,0
SPY190712C302,2019-07-11,2019-07-11 09:35:44,0.06,1.0,7455,0.05,0.8333,3815,0.05,0.8333,3,0.055,0.9166,772,0
SPY190712C302,2019-07-11,2019-07-11 09:35:45,0.06,1.0,5587,0.05,0.8333,1033,0.05,0.8333,3,0.055,0.9166,772,0
SPY190712C302,2019-07-11,2019-07-11 09:35:45,0.06,1.0,6480,0.05,0.8333,483,0.05,0.8333,3,0.055,0.9166,772,0
SPY190712C302,2019-07-11,2019-07-11 09:35:46,0.06,1.0,7028,0.05,0.8333,5,0.05,0.8333,3,0.055,0.9166,772,0
SPY190712C302,2019-07-11,2019-07-11 09:35:47,0.05,0.8333,514,0.04,0.6666,5206,0.05,0.8333,3,0.045,0.75,772,0
SPY190712C302,2019-07-11,2019-07-11 09:35:47,0.05,0.8333,467,0.04,0.6666,5155,0.05,0.8333,3,0.045,0.75,772,0
SPY190712C302,2019-07-11,2019-07-11 09:35:48,0.05,0.8333,256,0.04,0.6666,6545,0.05,0.8333,3,0.045,0.75,772,0
SPY190712C302,2019-07-11,2019-07-11 09:35:48,0.05,0.8333,300,0.04,0.6666,6545,0.05,0.8333,3,0.045,0.75,772,0
SPY190712C302,2019-07-11,2019-07-11 09:35:49,0.05,0.8333,256,0.04,0.6666,4848,0.05,0.8333,3,0.045,0.75,772,0
SPY190712C302,2019-07-11,2019-07-11 09:35:50,0.05,0.8333,192,0.04,0.6666,7060,0.05,0.8333,3,0.045,0.75,772,0
SPY190712C302,2019-07-11,2019-07-11 09:35:50,0.05,0.8333,192,0.04,0.6666,6930,0.05,0.8333,3,0.045,0.75,772,0
SPY190712C302,2019-07-11,2019-07-11 09:35:51,0.05,0.8333,192,0.04,0.6666,6987,0.05,0.8333,3,0.045,0.75,772,0
SPY190712C302,2019-07-11,2019-07-11 09:35:51,0.05,0.8333,192,0.04,0.6666,6930,0.05,0.8333,3,0.045,0.75,772,0
SPY190712C302,2019-07-11,2019-07-11 09:35:52,0.05,0.8333,161,0.04,0.6666,7395,0.05,0.8333,3,0.045,0.75,772,0
SPY190712C302,2019-07-11,2019-07-11 09:35:53,0.05,0.8333,120,0.04,0.6666,6223,0.05,0.8333,3,0.045,0.75,772,0
SPY190712C302,2019-07-11,2019-07-11 09:35:53,0.05,0.8333,120,0.04,0.6666,8398,0.05,0.8333,3,0.045,0.75,772,0
SPY190712C302,2019-07-11,2019-07-11 09:35:54,0.05,0.8333,7,0.04,0.6666,6465,0.05,0.8333,3,0.045,0.75,772,0
SPY190712C302,2019-07-11,2019-07-11 09:35:54,0.05,0.8333,7,0.04,0.6666,6948,0.05,0.8333,3,0.045,0.75,772,0
SPY190712C302,2019-07-11,2019-07-11 09:35:55,0.05,0.8333,7,0.04,0.6666,6948,0.05,0.8333,3,0.045,0.75,772,0
SPY190712C302,2019-07-11,2019-07-11 09:35:56,0.05,0.8333,7,0.04,0.6666,6957,0.05,0.8333,3,0.045,0.75,772,0
SPY190712C302,2019-07-11,2019-07-11 09:35:56,0.05,0.8333,7,0.04,0.6666,7151,0.05,0.8333,3,0.045,0.75,772,0
SPY190712C302,2019-07-11,2019-07-11 09:35:57,0.05,0.8333,120,0.04,0.6666,6975,0.05,0.8333,3,0.045,0.75,772,0
SPY190712C302,2019-07-11,2019-07-11 09:35:58,0.05,0.8333,120,0.04,0.6666,6931,0.05,0.8333,1,0.045,0.75,773,1
SPY190712C302,2019-07-11,2019-07-11 09:35:58,0.05,0.8333,120,0.04,0.6666,6931,0.05,0.8333,3,0.045,0.75,772,0
SPY190712C302,2019-07-11,2019-07-11 09:35:59,0.05,0.8333,120,0.04,0.6666,6931,0.05,0.8333,1,0.045,0.75,773,0
SPY190712C302,2019-07-11,2019-07-11 09:36:00,0.05,0.8333,120,0.04,0.6666,6931,0.05,0.8333,1,0.045,0.75,773,0
SPY190712C302,2019-07-11,2019-07-11 09:36:00,0.05,0.8333,120,0.04,0.6666,8483,0.05,0.8333,1,0.045,0.75,773,0
SPY190712C302,2019-07-11,2019-07-11 09:36:01,0.05,0.8333,120,0.04,0.6666,8483,0.05,0.8333,1,0.045,0.75,773,0
SPY190712C302,2019-07-11,2019-07-11 09:36:02,0.05,0.8333,120,0.04,0.6666,6931,0.05,0.8333,1,0.045,0.75,773,0
SPY190712C302,2019-07-11,2019-07-11 09:36:02,0.05,0.8333,120,0.04,0.6666,8483,0.05,0.8333,1,0.045,0.75,773,0
SPY190712C302,2019-07-11,2019-07-11 09:36:03,0.05,0.8333,120,0.04,0.6666,6931,0.05,0.8333,1,0.045,0.75,773,0
SPY190712C302,2019-07-11,2019-07-11 09:36:03,0.05,0.8333,120,0.04,0.6666,8483,0.05,0.8333,1,0.045,0.75,773,0
SPY190712C302,2019-07-11,2019-07-11 09:36:04,0.05,0.8333,120,0.04,0.6666,8693,0.05,0.8333,1,0.045,0.75,773,0
SPY190712C302,2019-07-11,2019-07-11 09:36:05,0.05,0.8333,120,0.04,0.6666,8483,0.05,0.8333,1,0.045,0.75,773,0
SPY190712C302,2019-07-11,2019-07-11 09:36:06,0.05,0.8333,120,0.04,0.6666,6448,0.05,0.8333,1,0.045,0.75,773,0
SPY190712C302,2019-07-11,2019-07-11 09:36:06,0.05,0.8333,120,0.04,0.6666,8483,0.05,0.8333,1,0.045,0.75,773,0
SPY190712C302,2019-07-11,2019-07-11 09:36:07,0.05,0.8333,120,0.04,0.6666,8471,0.05,0.8333,1,0.045,0.75,773,0
SPY190712C302,2019-07-11,2019-07-11 09:36:07,0.05,0.8333,120,0.04,0.6666,6448,0.05,0.8333,1,0.045,0.75,773,0
SPY190712C302,2019-07-11,2019-07-11 09:36:08,0.05,0.8333,120,0.04,0.6666,7988,0.05,0.8333,1,0.045,0.75,773,0
SPY190712C302,2019-07-11,2019-07-11 09:36:09,0.05,0.8333,120,0.04,0.6666,8688,0.05,0.8333,1,0.045,0.75,773,0
SPY190712C302,2019-07-11,2019-07-11 09:36:09,0.05,0.8333,120,0.04,0.6666,8471,0.05,0.8333,1,0.045,0.75,773,0
SPY190712C302,2019-07-11,2019-07-11 09:36:10,0.05,0.8333,120,0.04,0.6666,6656,0.05,0.8333,1,0.045,0.75,773,0
SPY190712C302,2019-07-11,2019-07-11 09:36:10,0.05,0.8333,120,0.04,0.6666,8471,0.05,0.8333,1,0.045,0.75,773,0
SPY190712C302,2019-07-11,2019-07-11 09:36:11,0.05,0.8333,6,0.04,0.6666,9463,0.05,0.8333,1,0.045,0.75,773,0
SPY190712C302,2019-07-11,2019-07-11 09:36:11,0.05,0.8333,120,0.04,0.6666,5717,0.05,0.8333,1,0.045,0.75,773,0
SPY190712C302,2019-07-11,2019-07-11 09:36:12,0.05,0.8333,120,0.04,0.6666,9463,0.05,0.8333,1,0.045,0.75,773,0
SPY190712C302,2019-07-11,2019-07-11 09:36:13,0.05,0.8333,3,0.04,0.6666,7992,0.05,0.8333,3,0.045,0.75,779,6
SPY190712C302,2019-07-11,2019-07-11 09:36:13,0.06,1.0,4168,0.05,0.8333,3221,0.05,0.8333,3,0.055,0.9166,779,0
SPY190712C302,2019-07-11,2019-07-11 09:36:14,0.06,1.0,2778,0.05,0.8333,4969,0.05,0.8333,3,0.055,0.9166,779,0
SPY190712C302,2019-07-11,2019-07-11 09:36:14,0.06,1.0,2766,0.05,0.8333,6216,0.05,0.8333,3,0.055,0.9166,779,0
SPY190712C302,2019-07-11,2019-07-11 09:36:15,0.06,1.0,2778,0.05,0.8333,6427,0.05,0.8333,3,0.055,0.9166,779,0
SPY190712C302,2019-07-11,2019-07-11 09:36:16,0.06,1.0,3366,0.05,0.8333,5713,0.05,0.8333,3,0.055,0.9166,779,0
SPY190712C302,2019-07-11,2019-07-11 09:36:16,0.06,1.0,4111,0.05,0.8333,5713,0.05,0.8333,3,0.055,0.9166,779,0
SPY190712C302,2019-07-11,2019-07-11 09:36:17,0.06,1.0,3366,0.05,0.8333,6126,0.05,0.8333,3,0.055,0.9166,779,0
SPY190712C302,2019-07-11,2019-07-11 09:36:17,0.06,1.0,2883,0.05,0.8333,5643,0.05,0.8333,3,0.055,0.9166,779,0
SPY190712C302,2019-07-11,2019-07-11 09:36:18,0.06,1.0,3061,0.05,0.8333,5113,0.05,0.8333,3,0.055,0.9166,779,0
SPY190712C302,2019-07-11,2019-07-11 09:36:18,0.06,1.0,3670,0.05,0.8333,5376,0.05,0.8333,3,0.055,0.9166,779,0
SPY190712C302,2019-07-11,2019-07-11 09:36:19,0.06,1.0,4598,0.05,0.8333,5255,0.05,0.8333,3,0.055,0.9166,779,0
SPY190712C302,2019-07-11,2019-07-11 09:36:19,0.06,1.0,4563,0.05,0.8333,6015,0.05,0.8333,3,0.055,0.9166,779,0
SPY190712C302,2019-07-11,2019-07-11 09:36:20,0.06,1.0,4763,0.05,0.8333,5255,0.05,0.8333,3,0.055,0.9166,779,0
SPY190712C302,2019-07-11,2019-07-11 09:36:21,0.06,1.0,4708,0.05,0.8333,4366,0.05,0.8333,3,0.055,0.9166,779,0
SPY190712C302,2019-07-11,2019-07-11 09:36:21,0.06,1.0,4763,0.05,0.8333,5255,0.05,0.8333,3,0.055,0.9166,779,0
SPY190712C302,2019-07-11,2019-07-11 09:36:22,0.06,1.0,4708,0.05,0.8333,6156,0.05,0.8333,3,0.055,0.9166,779,0
SPY190712C302,2019-07-11,2019-07-11 09:36:22,0.06,1.0,4357,0.05,0.8333,6161,0.05,0.8333,3,0.055,0.9166,779,0
SPY190712C302,2019-07-11,2019-07-11 09:36:23,0.06,1.0,4247,0.05,0.8333,6170,0.05,0.8333,3,0.055,0.9166,779,0
SPY190712C302,2019-07-11,2019-07-11 09:36:24,0.06,1.0,4978,0.05,0.8333,7758,0.05,0.8333,3,0.055,0.9166,779,0
SPY190712C302,2019-07-11,2019-07-11 09:36:24,0.06,1.0,3606,0.05,0.8333,6287,0.05,0.8333,3,0.055,0.9166,779,0
SPY190712C302,2019-07-11,2019-07-11 09:36:25,0.06,1.0,4156,0.05,0.8333,6287,0.05,0.8333,3,0.055,0.9166,779,0
SPY190712C302,2019-07-11,2019-07-11 09:36:25,0.06,1.0,4977,0.05,0.8333,7758,0.05,0.8333,3,0.055,0.9166,779,0
SPY190712C302,2019-07-11,2019-07-11 09:36:26,0.06,1.0,4156,0.05,0.8333,4528,0.05,0.8333,3,0.055,0.9166,779,0
SPY190712C302,2019-07-11,2019-07-11 09:36:27,0.06,1.0,4741,0.05,0.8333,5900,0.05,0.8333,3,0.055,0.9166,779,0
SPY190712C302,2019-07-11,2019-07-11 09:36:28,0.06,1.0,4741,0.05,0.8333,5900,0.05,0.8333,3,0.055,0.9166,779,0
SPY190712C302,2019-07-11,2019-07-11 09:36:29,0.06,1.0,5539,0.05,0.8333,4645,0.05,0.8333,3,0.055,0.9166,779,0
SPY190712C302,2019-07-11,2019-07-11 09:36:29,0.06,1.0,5539,0.05,0.8333,4750,0.05,0.8333,3,0.055,0.9166,779,0
SPY190712C302,2019-07-11,2019-07-11 09:36:30,0.06,1.0,6954,0.05,0.8333,5378,0.05,0.8333,3,0.055,0.9166,779,0
SPY190712C302,2019-07-11,2019-07-11 09:36:30,0.06,1.0,6187,0.05,0.8333,5378,0.05,0.8333,3,0.055,0.9166,779,0
SPY190712C302,2019-07-11,2019-07-11 09:36:31,0.06,1.0,3552,0.05,0.8333,2806,0.05,0.8333,3,0.055,0.9166,779,0
SPY190712C302,2019-07-11,2019-07-11 09:36:32,0.06,1.0,4861,0.05,0.8333,4318,0.05,0.8333,3,0.055,0.9166,779,0
SPY190712C302,2019-07-11,2019-07-11 09:36:32,0.06,1.0,5437,0.05,0.8333,6630,0.05,0.8333,3,0.055,0.9166,779,0
SPY190712C302,2019-07-11,2019-07-11 09:36:33,0.06,1.0,4760,0.05,0.8333,7373,0.05,0.8333,3,0.055,0.9166,779,0
SPY190712C302,2019-07-11,2019-07-11 09:36:34,0.06,1.0,4760,0.05,0.8333,7373,0.05,0.8333,3,0.055,0.9166,779,0
SPY190712C302,2019-07-11,2019-07-11 09:36:35,0.06,1.0,4760,0.05,0.8333,7373,0.05,0.8333,3,0.055,0.9166,779,0
SPY190712C302,2019-07-11,2019-07-11 09:36:36,0.06,1.0,4760,0.05,0.8333,7373,0.05,0.8333,3,0.055,0.9166,779,0
SPY190712C302,2019-07-11,2019-07-11 09:36:37,0.06,1.0,4283,0.05,0.8333,6660,0.05,0.8333,3,0.055,0.9166,779,0
SPY190712C302,2019-07-11,2019-07-11 09:36:37,0.06,1.0,4760,0.05,0.8333,7373,0.05,0.8333,3,0.055,0.9166,779,0
SPY190712C302,2019-07-11,2019-07-11 09:36:38,0.06,1.0,4166,0.05,0.8333,5915,0.05,0.8333,3,0.055,0.9166,779,0
SPY190712C302,2019-07-11,2019-07-11 09:36:38,0.06,1.0,2944,0.05,0.8333,5915,0.05,0.8333,3,0.055,0.9166,779,0
SPY190712C302,2019-07-11,2019-07-11 09:36:39,0.06,1.0,4103,0.05,0.8333,5493,0.05,0.8333,3,0.055,0.9166,779,0
SPY190712C302,2019-07-11,2019-07-11 09:36:40,0.06,1.0,4153,0.05,0.8333,5976,0.05,0.8333,3,0.055,0.9166,779,0
SPY190712C302,2019-07-11,2019-07-11 09:36:40,0.06,1.0,4103,0.05,0.8333,6148,0.05,0.8333,3,0.055,0.9166,779,0
SPY190712C302,2019-07-11,2019-07-11 09:36:41,0.06,1.0,4153,0.05,0.8333,7618,0.05,0.8333,3,0.055,0.9166,779,0
SPY190712C302,2019-07-11,2019-07-11 09:36:42,0.06,1.0,4325,0.05,0.8333,7617,0.05,0.8333,3,0.055,0.9166,779,0
SPY190712C302,2019-07-11,2019-07-11 09:36:42,0.06,1.0,4325,0.05,0.8333,7708,0.05,0.8333,3,0.055,0.9166,779,0
SPY190712C302,2019-07-11,2019-07-11 09:36:43,0.06,1.0,4325,0.05,0.8333,7708,0.05,0.8333,3,0.055,0.9166,779,0
SPY190712C302,2019-07-11,2019-07-11 09:36:44,0.06,1.0,4325,0.05,0.8333,7708,0.05,0.8333,3,0.055,0.9166,779,0
SPY190712C302,2019-07-11,2019-07-11 09:36:45,0.06,1.0,3030,0.05,0.8333,6002,0.05,0.8333,3,0.055,0.9166,779,0
SPY190712C302,2019-07-11,2019-07-11 09:36:45,0.06,1.0,4325,0.05,0.8333,7471,0.05,0.8333,3,0.055,0.9166,779,0
SPY190712C302,2019-07-11,2019-07-11 09:36:46,0.06,1.0,3256,0.05,0.8333,7123,0.05,0.8333,3,0.055,0.9166,779,0
SPY190712C302,2019-07-11,2019-07-11 09:36:46,0.06,1.0,3026,0.05,0.8333,6168,0.05,0.8333,3,0.055,0.9166,779,0
SPY190712C302,2019-07-11,2019-07-11 09:36:47,0.06,1.0,2531,0.05,0.8333,5685,0.05,0.8333,3,0.055,0.9166,779,0
SPY190712C302,2019-07-11,2019-07-11 09:36:48,0.06,1.0,4304,0.05,0.8333,7462,0.05,0.8333,3,0.055,0.9166,779,0
SPY190712C302,2019-07-11,2019-07-11 09:36:48,0.06,1.0,4306,0.05,0.8333,7462,0.05,0.8333,3,0.055,0.9166,779,0
SPY190712C302,2019-07-11,2019-07-11 09:36:49,0.06,1.0,5319,0.05,0.8333,6302,0.05,0.8333,3,0.055,0.9166,779,0
SPY190712C302,2019-07-11,2019-07-11 09:36:49,0.06,1.0,4304,0.05,0.8333,7462,0.05,0.8333,3,0.055,0.9166,779,0
SPY190712C302,2019-07-11,2019-07-11 09:36:50,0.06,1.0,2713,0.05,0.8333,3012,0.05,0.8333,3,0.055,0.9166,779,0
SPY190712C302,2019-07-11,2019-07-11 09:36:50,0.06,1.0,4142,0.05,0.8333,4086,0.05,0.8333,3,0.055,0.9166,779,0
SPY190712C302,2019-07-11,2019-07-11 09:36:51,0.06,1.0,3052,0.05,0.8333,2935,0.05,0.8333,3,0.055,0.9166,779,0
SPY190712C302,2019-07-11,2019-07-11 09:36:52,0.06,1.0,3052,0.05,0.8333,2858,0.05,0.8333,3,0.055,0.9166,779,0
SPY190712C302,2019-07-11,2019-07-11 09:36:52,0.06,1.0,3055,0.05,0.8333,2390,0.05,0.8333,3,0.055,0.9166,779,0
SPY190712C302,2019-07-11,2019-07-11 09:36:53,0.06,1.0,3055,0.05,0.8333,3040,0.05,0.8333,3,0.055,0.9166,779,0
SPY190712C302,2019-07-11,2019-07-11 09:36:53,0.06,1.0,4187,0.05,0.8333,2878,0.05,0.8333,3,0.055,0.9166,779,0
SPY190712C302,2019-07-11,2019-07-11 09:36:54,0.06,1.0,4187,0.05,0.8333,4029,0.05,0.8333,3,0.055,0.9166,779,0
SPY190712C302,2019-07-11,2019-07-11 09:36:54,0.06,1.0,4090,0.05,0.8333,4089,0.05,0.8333,3,0.055,0.9166,779,0
SPY190712C302,2019-07-11,2019-07-11 09:36:55,0.06,1.0,4254,0.05,0.8333,2682,0.05,0.8333,3,0.055,0.9166,779,0
SPY190712C302,2019-07-11,2019-07-11 09:36:56,0.06,1.0,4254,0.05,0.8333,2720,0.05,0.8333,3,0.055,0.9166,779,0
SPY190712C302,2019-07-11,2019-07-11 09:36:56,0.06,1.0,5048,0.05,0.8333,5917,0.05,0.8333,3,0.055,0.9166,779,0
SPY190712C302,2019-07-11,2019-07-11 09:36:57,0.06,1.0,3683,0.05,0.8333,4629,0.05,0.8333,3,0.055,0.9166,779,0
SPY190712C302,2019-07-11,2019-07-11 09:36:57,0.06,1.0,5061,0.05,0.8333,5993,0.05,0.8333,3,0.055,0.9166,779,0
SPY190712C302,2019-07-11,2019-07-11 09:36:58,0.06,1.0,5060,0.05,0.8333,5058,0.05,0.8333,3,0.055,0.9166,779,0
SPY190712C302,2019-07-11,2019-07-11 09:36:59,0.06,1.0,5873,0.05,0.8333,7543,0.05,0.8333,3,0.055,0.9166,779,0
SPY190712C302,2019-07-11,2019-07-11 09:36:59,0.06,1.0,4423,0.05,0.8333,4140,0.05,0.8333,3,0.055,0.9166,779,0
SPY190712C302,2019-07-11,2019-07-11 09:37:01,0.06,1.0,6821,0.05,0.8333,5464,0.05,0.8333,3,0.055,0.9166,779,0
SPY190712C302,2019-07-11,2019-07-11 09:37:02,0.06,1.0,6821,0.05,0.8333,5464,0.05,0.8333,3,0.055,0.9166,779,0
SPY190712C302,2019-07-11,2019-07-11 09:37:03,0.06,1.0,6821,0.05,0.8333,5464,0.05,0.8333,3,0.055,0.9166,779,0
SPY190712C302,2019-07-11,2019-07-11 09:37:03,0.06,1.0,6821,0.05,0.8333,7543,0.05,0.8333,3,0.055,0.9166,779,0
SPY190712C302,2019-07-11,2019-07-11 09:37:04,0.06,1.0,6821,0.05,0.8333,7543,0.05,0.8333,3,0.055,0.9166,779,0
SPY190712C302,2019-07-11,2019-07-11 09:37:05,0.06,1.0,6821,0.05,0.8333,7543,0.05,0.8333,3,0.055,0.9166,779,0
SPY190712C302,2019-07-11,2019-07-11 09:37:06,0.06,1.0,6843,0.05,0.8333,4737,0.05,0.8333,3,0.055,0.9166,779,0
SPY190712C302,2019-07-11,2019-07-11 09:37:07,0.06,1.0,6843,0.05,0.8333,3949,0.05,0.8333,3,0.055,0.9166,779,0
SPY190712C302,2019-07-11,2019-07-11 09:37:07,0.06,1.0,6843,0.05,0.8333,4737,0.05,0.8333,3,0.055,0.9166,779,0
SPY190712C302,2019-07-11,2019-07-11 09:37:08,0.06,1.0,4820,0.05,0.8333,2769,0.05,0.8333,3,0.055,0.9166,779,0
SPY190712C302,2019-07-11,2019-07-11 09:37:09,0.06,1.0,4820,0.05,0.8333,2769,0.05,0.8333,3,0.055,0.9166,779,0
SPY190712C302,2019-07-11,2019-07-11 09:37:09,0.06,1.0,4866,0.05,0.8333,2769,0.05,0.8333,3,0.055,0.9166,779,0
SPY190712C302,2019-07-11,2019-07-11 09:37:10,0.06,1.0,5672,0.05,0.8333,3223,0.06,1.0,18,0.055,0.9166,797,18
SPY190712C302,2019-07-11,2019-07-11 09:37:10,0.06,1.0,5672,0.05,0.8333,3223,0.05,0.8333,3,0.055,0.9166,779,0
SPY190712C302,2019-07-11,2019-07-11 09:37:11,0.06,1.0,5405,0.05,0.8333,2199,0.06,1.0,18,0.055,0.9166,797,0
SPY190712C302,2019-07-11,2019-07-11 09:37:11,0.06,1.0,5672,0.05,0.8333,4512,0.06,1.0,18,0.055,0.9166,797,0
SPY190712C302,2019-07-11,2019-07-11 09:37:12,0.06,1.0,5405,0.05,0.8333,2199,0.06,1.0,18,0.055,0.9166,797,0
SPY190712C302,2019-07-11,2019-07-11 09:37:13,0.06,1.0,7329,0.05,0.8333,5446,0.06,1.0,20,0.055,0.9166,817,0
SPY190712C302,2019-07-11,2019-07-11 09:37:13,0.06,1.0,7329,0.05,0.8333,5446,0.06,1.0,20,0.055,0.9166,817,20
SPY190712C302,2019-07-11,2019-07-11 09:37:14,0.06,1.0,7329,0.05,0.8333,4509,0.06,1.0,20,0.055,0.9166,817,0
SPY190712C302,2019-07-11,2019-07-11 09:37:15,0.06,1.0,4504,0.05,0.8333,2830,0.06,1.0,20,0.055,0.9166,817,0
SPY190712C302,2019-07-11,2019-07-11 09:37:16,0.06,1.0,7098,0.05,0.8333,6090,0.06,1.0,20,0.055,0.9166,817,0
SPY190712C302,2019-07-11,2019-07-11 09:37:16,0.06,1.0,6615,0.05,0.8333,3867,0.06,1.0,20,0.055,0.9166,817,0
SPY190712C302,2019-07-11,2019-07-11 09:37:17,0.06,1.0,7153,0.05,0.8333,6454,0.06,1.0,20,0.055,0.9166,817,0
SPY190712C302,2019-07-11,2019-07-11 09:37:17,0.06,1.0,7153,0.05,0.8333,6377,0.06,1.0,20,0.055,0.9166,817,0
SPY190712C302,2019-07-11,2019-07-11 09:37:18,0.06,1.0,7153,0.05,0.8333,6191,0.06,1.0,20,0.055,0.9166,817,0
SPY190712C302,2019-07-11,2019-07-11 09:37:19,0.06,1.0,4839,0.05,0.8333,4876,0.06,1.0,20,0.055,0.9166,817,0
SPY190712C302,2019-07-11,2019-07-11 09:37:19,0.06,1.0,5650,0.05,0.8333,4876,0.06,1.0,20,0.055,0.9166,817,0
SPY190712C302,2019-07-11,2019-07-11 09:37:20,0.06,1.0,5950,0.05,0.8333,6840,0.06,1.0,20,0.055,0.9166,817,0
SPY190712C302,2019-07-11,2019-07-11 09:37:20,0.06,1.0,4501,0.05,0.8333,4466,0.06,1.0,20,0.055,0.9166,817,0
SPY190712C302,2019-07-11,2019-07-11 09:37:21,0.06,1.0,5934,0.05,0.8333,6672,0.06,1.0,20,0.055,0.9166,817,0
SPY190712C302,2019-07-11,2019-07-11 09:37:22,0.06,1.0,3215,0.05,0.8333,5262,0.06,1.0,20,0.055,0.9166,817,0
SPY190712C302,2019-07-11,2019-07-11 09:37:23,0.06,1.0,2190,0.05,0.8333,5496,0.06,1.0,20,0.055,0.9166,817,0
SPY190712C302,2019-07-11,2019-07-11 09:37:24,0.06,1.0,4471,0.05,0.8333,6815,0.06,1.0,20,0.055,0.9166,817,0
SPY190712C302,2019-07-11,2019-07-11 09:37:24,0.06,1.0,2784,0.05,0.8333,4363,0.06,1.0,20,0.055,0.9166,817,0
SPY190712C302,2019-07-11,2019-07-11 09:37:25,0.06,1.0,1967,0.05,0.8333,7819,0.06,1.0,20,0.055,0.9166,817,0
SPY190712C302,2019-07-11,2019-07-11 09:37:26,0.06,1.0,3959,0.05,0.8333,6353,0.06,1.0,20,0.055,0.9166,817,0
SPY190712C302,2019-07-11,2019-07-11 09:37:26,0.06,1.0,2105,0.05,0.8333,7819,0.06,1.0,20,0.055,0.9166,817,0
SPY190712C302,2019-07-11,2019-07-11 09:37:27,0.06,1.0,4257,0.05,0.8333,6353,0.06,1.0,20,0.055,0.9166,817,0
SPY190712C302,2019-07-11,2019-07-11 09:37:28,0.06,1.0,4257,0.05,0.8333,6353,0.06,1.0,20,0.055,0.9166,817,0
SPY190712C302,2019-07-11,2019-07-11 09:37:29,0.06,1.0,4257,0.05,0.8333,6353,0.06,1.0,20,0.055,0.9166,817,0
SPY190712C302,2019-07-11,2019-07-11 09:37:29,0.06,1.0,5639,0.05,0.8333,7819,0.06,1.0,20,0.055,0.9166,817,0
SPY190712C302,2019-07-11,2019-07-11 09:37:30,0.06,1.0,5653,0.05,0.8333,7820,0.06,1.0,20,0.055,0.9166,817,0
SPY190712C302,2019-07-11,2019-07-11 09:37:31,0.06,1.0,5653,0.05,0.8333,7820,0.06,1.0,20,0.055,0.9166,817,0
SPY190712C302,2019-07-11,2019-07-11 09:37:32,0.06,1.0,5617,0.05,0.8333,7796,0.06,1.0,2,0.055,0.9166,819,2
SPY190712C302,2019-07-11,2019-07-11 09:37:33,0.06,1.0,5617,0.05,0.8333,7530,0.06,1.0,2,0.055,0.9166,819,0
SPY190712C302,2019-07-11,2019-07-11 09:37:34,0.06,1.0,4531,0.05,0.8333,7644,0.06,1.0,2,0.055,0.9166,819,0
SPY190712C302,2019-07-11,2019-07-11 09:37:34,0.06,1.0,3083,0.05,0.8333,7523,0.06,1.0,2,0.055,0.9166,819,0
SPY190712C302,2019-07-11,2019-07-11 09:37:36,0.06,1.0,5604,0.05,0.8333,7575,0.06,1.0,2,0.055,0.9166,819,0
SPY190712C302,2019-07-11,2019-07-11 09:37:37,0.06,1.0,4457,0.05,0.8333,7838,0.06,1.0,2,0.055,0.9166,819,0
SPY190712C302,2019-07-11,2019-07-11 09:37:38,0.06,1.0,5523,0.05,0.8333,4664,0.06,1.0,20,0.055,0.9166,839,0
SPY190712C302,2019-07-11,2019-07-11 09:37:38,0.06,1.0,6413,0.05,0.8333,7636,0.06,1.0,20,0.055,0.9166,839,20
SPY190712C302,2019-07-11,2019-07-11 09:37:39,0.06,1.0,6200,0.05,0.8333,6803,0.06,1.0,20,0.055,0.9166,839,0
SPY190712C302,2019-07-11,2019-07-11 09:37:39,0.06,1.0,6200,0.05,0.8333,6788,0.06,1.0,20,0.055,0.9166,839,0
SPY190712C302,2019-07-11,2019-07-11 09:37:40,0.06,1.0,6200,0.05,0.8333,6788,0.06,1.0,20,0.055,0.9166,839,0
SPY190712C302,2019-07-11,2019-07-11 09:37:41,0.06,1.0,3091,0.05,0.8333,7234,0.06,1.0,20,0.055,0.9166,839,0
SPY190712C302,2019-07-11,2019-07-11 09:37:42,0.06,1.0,3091,0.05,0.8333,7234,0.06,1.0,20,0.055,0.9166,839,0
SPY190712C302,2019-07-11,2019-07-11 09:37:43,0.06,1.0,3091,0.05,0.8333,7234,0.06,1.0,20,0.055,0.9166,839,0
SPY190712C302,2019-07-11,2019-07-11 09:37:43,0.06,1.0,3091,0.05,0.8333,7234,0.06,1.0,2,0.055,0.9166,841,2
SPY190712C302,2019-07-11,2019-07-11 09:37:44,0.06,1.0,3091,0.05,0.8333,7234,0.06,1.0,2,0.055,0.9166,841,0
SPY190712C302,2019-07-11,2019-07-11 09:37:44,0.06,1.0,4327,0.05,0.8333,7234,0.06,1.0,2,0.055,0.9166,841,0
SPY190712C302,2019-07-11,2019-07-11 09:37:45,0.06,1.0,4327,0.05,0.8333,7234,0.06,1.0,2,0.055,0.9166,841,0
SPY190712C302,2019-07-11,2019-07-11 09:37:45,0.06,1.0,6646,0.05,0.8333,7714,0.06,1.0,2,0.055,0.9166,841,0
SPY190712C302,2019-07-11,2019-07-11 09:37:46,0.06,1.0,6655,0.05,0.8333,6876,0.06,1.0,2,0.055,0.9166,841,0
SPY190712C302,2019-07-11,2019-07-11 09:37:47,0.06,1.0,5915,0.05,0.8333,7642,0.06,1.0,2,0.055,0.9166,841,0
SPY190712C302,2019-07-11,2019-07-11 09:37:48,0.06,1.0,5917,0.05,0.8333,7347,0.06,1.0,2,0.055,0.9166,841,0
SPY190712C302,2019-07-11,2019-07-11 09:37:49,0.06,1.0,5917,0.05,0.8333,7155,0.06,1.0,2,0.055,0.9166,841,0
SPY190712C302,2019-07-11,2019-07-11 09:37:50,0.06,1.0,5917,0.05,0.8333,7155,0.06,1.0,2,0.055,0.9166,841,0
SPY190712C302,2019-07-11,2019-07-11 09:37:50,0.06,1.0,4519,0.05,0.8333,5670,0.06,1.0,2,0.055,0.9166,841,0
SPY190712C302,2019-07-11,2019-07-11 09:37:51,0.06,1.0,5919,0.05,0.8333,7351,0.06,1.0,2,0.055,0.9166,841,0
SPY190712C302,2019-07-11,2019-07-11 09:37:52,0.06,1.0,4036,0.05,0.8333,5421,0.06,1.0,2,0.055,0.9166,841,0
SPY190712C302,2019-07-11,2019-07-11 09:37:53,0.06,1.0,3593,0.05,0.8333,6029,0.06,1.0,2,0.055,0.9166,841,0
SPY190712C302,2019-07-11,2019-07-11 09:37:53,0.06,1.0,4519,0.05,0.8333,5904,0.06,1.0,2,0.055,0.9166,841,0
SPY190712C302,2019-07-11,2019-07-11 09:37:54,0.06,1.0,4785,0.05,0.8333,7482,0.06,1.0,2,0.055,0.9166,841,0
SPY190712C302,2019-07-11,2019-07-11 09:37:54,0.06,1.0,3469,0.05,0.8333,6029,0.06,1.0,2,0.055,0.9166,841,0
SPY190712C302,2019-07-11,2019-07-11 09:37:55,0.06,1.0,4452,0.05,0.8333,7483,0.06,1.0,2,0.055,0.9166,841,0
SPY190712C302,2019-07-11,2019-07-11 09:37:56,0.06,1.0,5555,0.05,0.8333,4653,0.06,1.0,2,0.055,0.9166,841,0
SPY190712C302,2019-07-11,2019-07-11 09:37:56,0.06,1.0,3842,0.05,0.8333,4191,0.06,1.0,2,0.055,0.9166,841,0
SPY190712C302,2019-07-11,2019-07-11 09:37:57,0.06,1.0,5109,0.05,0.8333,4027,0.06,1.0,2,0.055,0.9166,841,0
SPY190712C302,2019-07-11,2019-07-11 09:37:57,0.06,1.0,7042,0.05,0.8333,5019,0.06,1.0,2,0.055,0.9166,841,0
SPY190712C302,2019-07-11,2019-07-11 09:37:58,0.06,1.0,6557,0.05,0.8333,5057,0.06,1.0,2,0.055,0.9166,841,0
SPY190712C302,2019-07-11,2019-07-11 09:37:58,0.06,1.0,5109,0.05,0.8333,4027,0.06,1.0,2,0.055,0.9166,841,0
SPY190712C302,2019-07-11,2019-07-11 09:37:59,0.06,1.0,6557,0.05,0.8333,5057,0.06,1.0,2,0.055,0.9166,841,0
SPY190712C302,2019-07-11,2019-07-11 09:38:00,0.06,1.0,5715,0.05,0.8333,6193,0.06,1.0,2,0.055,0.9166,841,0
SPY190712C302,2019-07-11,2019-07-11 09:38:01,0.06,1.0,5715,0.05,0.8333,6193,0.06,1.0,2,0.055,0.9166,841,0
SPY190712C302,2019-07-11,2019-07-11 09:38:01,0.06,1.0,5715,0.05,0.8333,6386,0.06,1.0,2,0.055,0.9166,841,0
SPY190712C302,2019-07-11,2019-07-11 09:38:02,0.06,1.0,4316,0.05,0.8333,4828,0.06,1.0,2,0.055,0.9166,841,0
SPY190712C302,2019-07-11,2019-07-11 09:38:03,0.06,1.0,3654,0.05,0.8333,4926,0.06,1.0,2,0.055,0.9166,841,0
SPY190712C302,2019-07-11,2019-07-11 09:38:03,0.06,1.0,4215,0.05,0.8333,4828,0.06,1.0,2,0.055,0.9166,841,0
SPY190712C302,2019-07-11,2019-07-11 09:38:04,0.06,1.0,3503,0.05,0.8333,4926,0.06,1.0,2,0.055,0.9166,841,0
SPY190712C302,2019-07-11,2019-07-11 09:38:05,0.06,1.0,4352,0.05,0.8333,4926,0.06,1.0,2,0.055,0.9166,841,0
SPY190712C302,2019-07-11,2019-07-11 09:38:05,0.06,1.0,3606,0.05,0.8333,4926,0.06,1.0,2,0.055,0.9166,841,0
SPY190712C302,2019-07-11,2019-07-11 09:38:06,0.06,1.0,3649,0.05,0.8333,5348,0.06,1.0,2,0.055,0.9166,841,0
SPY190712C302,2019-07-11,2019-07-11 09:38:07,0.06,1.0,3581,0.05,0.8333,5348,0.06,1.0,2,0.055,0.9166,841,0
SPY190712C302,2019-07-11,2019-07-11 09:38:08,0.06,1.0,2919,0.05,0.8333,5762,0.06,1.0,2,0.055,0.9166,841,0
SPY190712C302,2019-07-11,2019-07-11 09:38:08,0.06,1.0,2919,0.05,0.8333,5559,0.06,1.0,2,0.055,0.9166,841,0
SPY190712C302,2019-07-11,2019-07-11 09:38:09,0.06,1.0,1967,0.05,0.8333,5948,0.06,1.0,2,0.055,0.9166,841,0
SPY190712C302,2019-07-11,2019-07-11 09:38:10,0.06,1.0,1904,0.05,0.8333,5948,0.06,1.0,2,0.055,0.9166,841,0
SPY190712C302,2019-07-11,2019-07-11 09:38:11,0.06,1.0,1904,0.05,0.8333,7399,0.06,1.0,2,0.055,0.9166,841,0
SPY190712C302,2019-07-11,2019-07-11 09:38:11,0.06,1.0,2995,0.05,0.8333,7392,0.06,1.0,2,0.055,0.9166,841,0
SPY190712C302,2019-07-11,2019-07-11 09:38:12,0.06,1.0,1763,0.05,0.8333,6279,0.06,1.0,2,0.055,0.9166,841,0
SPY190712C302,2019-07-11,2019-07-11 09:38:13,0.06,1.0,1763,0.05,0.8333,7525,0.06,1.0,10,0.055,0.9166,851,10
SPY190712C302,2019-07-11,2019-07-11 09:38:14,0.06,1.0,1763,0.05,0.8333,7724,0.06,1.0,10,0.055,0.9166,851,0
SPY190712C302,2019-07-11,2019-07-11 09:38:14,0.06,1.0,1682,0.05,0.8333,7467,0.06,1.0,10,0.055,0.9166,851,0
SPY190712C302,2019-07-11,2019-07-11 09:38:15,0.06,1.0,1199,0.05,0.8333,5859,0.06,1.0,10,0.055,0.9166,851,0
SPY190712C302,2019-07-11,2019-07-11 09:38:16,0.06,1.0,1199,0.05,0.8333,7593,0.06,1.0,10,0.055,0.9166,851,0
SPY190712C302,2019-07-11,2019-07-11 09:38:16,0.06,1.0,300,0.05,0.8333,6446,0.06,1.0,10,0.055,0.9166,851,0
SPY190712C302,2019-07-11,2019-07-11 09:38:17,0.06,1.0,290,0.05,0.8333,6405,0.06,1.0,10,0.055,0.9166,851,0
SPY190712C302,2019-07-11,2019-07-11 09:38:17,0.06,1.0,120,0.05,0.8333,6446,0.06,1.0,10,0.055,0.9166,851,0
SPY190712C302,2019-07-11,2019-07-11 09:38:18,0.06,1.0,120,0.05,0.8333,6328,0.06,1.0,10,0.055,0.9166,851,0
SPY190712C302,2019-07-11,2019-07-11 09:38:18,0.06,1.0,120,0.05,0.8333,6397,0.06,1.0,10,0.055,0.9166,851,0
SPY190712C302,2019-07-11,2019-07-11 09:38:19,0.06,1.0,120,0.05,0.8333,6397,0.06,1.0,10,0.055,0.9166,851,0
SPY190712C302,2019-07-11,2019-07-11 09:38:20,0.07,1.1666,6657,0.06,1.0,1955,0.06,1.0,10,0.065,1.0833,851,0
SPY190712C302,2019-07-11,2019-07-11 09:38:20,0.07,1.1666,4586,0.06,1.0,1955,0.06,1.0,10,0.065,1.0833,851,0
SPY190712C302,2019-07-11,2019-07-11 09:38:21,0.07,1.1666,8198,0.06,1.0,2734,0.06,1.0,10,0.065,1.0833,851,0
SPY190712C302,2019-07-11,2019-07-11 09:38:22,0.07,1.1666,8198,0.06,1.0,2734,0.06,1.0,10,0.065,1.0833,851,0
SPY190712C302,2019-07-11,2019-07-11 09:38:23,0.07,1.1666,8614,0.06,1.0,1276,0.06,1.0,10,0.065,1.0833,851,0
SPY190712C302,2019-07-11,2019-07-11 09:38:24,0.07,1.1666,8614,0.06,1.0,2502,0.06,1.0,10,0.065,1.0833,851,0
SPY190712C302,2019-07-11,2019-07-11 09:38:24,0.07,1.1666,8614,0.06,1.0,2542,0.06,1.0,10,0.065,1.0833,851,0
SPY190712C302,2019-07-11,2019-07-11 09:38:25,0.07,1.1666,8614,0.06,1.0,2542,0.06,1.0,10,0.065,1.0833,851,0
SPY190712C302,2019-07-11,2019-07-11 09:38:26,0.06,1.0,1693,0.05,0.8333,7330,0.06,1.0,10,0.055,0.9166,851,0
SPY190712C302,2019-07-11,2019-07-11 09:38:26,0.06,1.0,600,0.06,1.0,900,0.06,1.0,10,0.06,1.0,851,0
SPY190712C302,2019-07-11,2019-07-11 09:38:27,0.06,1.0,1682,0.05,0.8333,7068,0.06,1.0,10,0.055,0.9166,851,0
SPY190712C302,2019-07-11,2019-07-11 09:38:27,0.06,1.0,1693,0.05,0.8333,7292,0.06,1.0,10,0.055,0.9166,851,0
SPY190712C302,2019-07-11,2019-07-11 09:38:28,0.06,1.0,1682,0.05,0.8333,7068,0.06,1.0,10,0.055,0.9166,851,0
SPY190712C302,2019-07-11,2019-07-11 09:38:29,0.06,1.0,1682,0.05,0.8333,7068,0.06,1.0,10,0.055,0.9166,851,0
SPY190712C302,2019-07-11,2019-07-11 09:38:29,0.06,1.0,1682,0.05,0.8333,7292,0.06,1.0,10,0.055,0.9166,851,0
SPY190712C302,2019-07-11,2019-07-11 09:38:30,0.06,1.0,1682,0.05,0.8333,7068,0.06,1.0,10,0.055,0.9166,851,0
SPY190712C302,2019-07-11,2019-07-11 09:38:30,0.06,1.0,1682,0.05,0.8333,8586,0.06,1.0,10,0.055,0.9166,851,0
SPY190712C302,2019-07-11,2019-07-11 09:38:31,0.06,1.0,1682,0.05,0.8333,7068,0.06,1.0,10,0.055,0.9166,851,0
SPY190712C302,2019-07-11,2019-07-11 09:38:32,0.06,1.0,1682,0.05,0.8333,7439,0.06,1.0,10,0.055,0.9166,851,0
SPY190712C302,2019-07-11,2019-07-11 09:38:32,0.06,1.0,1682,0.05,0.8333,5650,0.06,1.0,10,0.055,0.9166,851,0
SPY190712C302,2019-07-11,2019-07-11 09:38:33,0.06,1.0,1682,0.05,0.8333,8584,0.06,1.0,10,0.055,0.9166,851,0
SPY190712C302,2019-07-11,2019-07-11 09:38:33,0.06,1.0,1682,0.05,0.8333,7467,0.06,1.0,10,0.055,0.9166,851,0
SPY190712C302,2019-07-11,2019-07-11 09:38:34,0.06,1.0,1682,0.05,0.8333,8999,0.06,1.0,2,0.055,0.9166,853,2
SPY190712C302,2019-07-11,2019-07-11 09:38:35,0.06,1.0,1682,0.05,0.8333,8999,0.06,1.0,2,0.055,0.9166,853,0
SPY190712C302,2019-07-11,2019-07-11 09:38:36,0.06,1.0,1682,0.05,0.8333,8999,0.06,1.0,2,0.055,0.9166,853,0
SPY190712C302,2019-07-11,2019-07-11 09:38:37,0.06,1.0,1682,0.05,0.8333,8999,0.06,1.0,2,0.055,0.9166,853,0
SPY190712C302,2019-07-11,2019-07-11 09:38:38,0.06,1.0,1682,0.05,0.8333,8999,0.06,1.0,2,0.055,0.9166,853,0
SPY190712C302,2019-07-11,2019-07-11 09:38:39,0.06,1.0,1682,0.05,0.8333,8999,0.06,1.0,2,0.055,0.9166,853,0
SPY190712C302,2019-07-11,2019-07-11 09:38:40,0.06,1.0,1682,0.05,0.8333,8640,0.06,1.0,2,0.055,0.9166,853,0
SPY190712C302,2019-07-11,2019-07-11 09:38:41,0.06,1.0,1682,0.05,0.8333,8640,0.06,1.0,2,0.055,0.9166,853,0
SPY190712C302,2019-07-11,2019-07-11 09:38:42,0.06,1.0,1682,0.05,0.8333,7415,0.06,1.0,2,0.055,0.9166,853,0
SPY190712C302,2019-07-11,2019-07-11 09:38:43,0.06,1.0,1682,0.05,0.8333,8419,0.06,1.0,2,0.055,0.9166,853,0
SPY190712C302,2019-07-11,2019-07-11 09:38:43,0.06,1.0,1682,0.05,0.8333,8455,0.06,1.0,2,0.055,0.9166,853,0
SPY190712C302,2019-07-11,2019-07-11 09:38:44,0.06,1.0,1682,0.05,0.8333,6940,0.06,1.0,2,0.055,0.9166,853,0
SPY190712C302,2019-07-11,2019-07-11 09:38:45,0.06,1.0,1682,0.05,0.8333,6940,0.06,1.0,2,0.055,0.9166,853,0
SPY190712C302,2019-07-11,2019-07-11 09:38:46,0.06,1.0,1682,0.05,0.8333,8198,0.06,1.0,2,0.055,0.9166,853,0
SPY190712C302,2019-07-11,2019-07-11 09:38:46,0.06,1.0,1682,0.05,0.8333,8455,0.06,1.0,2,0.055,0.9166,853,0
SPY190712C302,2019-07-11,2019-07-11 09:38:47,0.06,1.0,1682,0.05,0.8333,8198,0.06,1.0,2,0.055,0.9166,853,0
SPY190712C302,2019-07-11,2019-07-11 09:38:48,0.06,1.0,1686,0.05,0.8333,7451,0.06,1.0,2,0.055,0.9166,853,0
SPY190712C302,2019-07-11,2019-07-11 09:38:48,0.06,1.0,1199,0.05,0.8333,5453,0.06,1.0,2,0.055,0.9166,853,0
SPY190712C302,2019-07-11,2019-07-11 09:38:49,0.06,1.0,1682,0.05,0.8333,5905,0.06,1.0,2,0.055,0.9166,853,0
SPY190712C302,2019-07-11,2019-07-11 09:38:50,0.06,1.0,1682,0.05,0.8333,6482,0.06,1.0,2,0.055,0.9166,853,0
SPY190712C302,2019-07-11,2019-07-11 09:38:50,0.06,1.0,1682,0.05,0.8333,6493,0.06,1.0,2,0.055,0.9166,853,0
SPY190712C302,2019-07-11,2019-07-11 09:38:51,0.06,1.0,1682,0.05,0.8333,8368,0.06,1.0,2,0.055,0.9166,853,0
SPY190712C302,2019-07-11,2019-07-11 09:38:51,0.06,1.0,1682,0.05,0.8333,6482,0.06,1.0,2,0.055,0.9166,853,0
SPY190712C302,2019-07-11,2019-07-11 09:38:52,0.06,1.0,1682,0.05,0.8333,8368,0.06,1.0,2,0.055,0.9166,853,0
SPY190712C302,2019-07-11,2019-07-11 09:38:52,0.06,1.0,1682,0.05,0.8333,6869,0.06,1.0,2,0.055,0.9166,853,0
SPY190712C302,2019-07-11,2019-07-11 09:38:53,0.06,1.0,1682,0.05,0.8333,8382,0.06,1.0,2,0.055,0.9166,853,0
SPY190712C302,2019-07-11,2019-07-11 09:38:54,0.06,1.0,1682,0.05,0.8333,8382,0.06,1.0,2,0.055,0.9166,853,0
SPY190712C302,2019-07-11,2019-07-11 09:38:55,0.06,1.0,1682,0.05,0.8333,8382,0.06,1.0,2,0.055,0.9166,853,0
SPY190712C302,2019-07-11,2019-07-11 09:38:55,0.06,1.0,4645,0.05,0.8333,7014,0.06,1.0,2,0.055,0.9166,853,0
SPY190712C302,2019-07-11,2019-07-11 09:38:56,0.06,1.0,2472,0.05,0.8333,5134,0.06,1.0,2,0.055,0.9166,853,0
SPY190712C302,2019-07-11,2019-07-11 09:38:56,0.06,1.0,4645,0.05,0.8333,6982,0.06,1.0,2,0.055,0.9166,853,0
SPY190712C302,2019-07-11,2019-07-11 09:38:57,0.06,1.0,2354,0.05,0.8333,6568,0.06,1.0,2,0.055,0.9166,853,0
SPY190712C302,2019-07-11,2019-07-11 09:38:58,0.06,1.0,4369,0.05,0.8333,6575,0.06,1.0,2,0.055,0.9166,853,0
SPY190712C302,2019-07-11,2019-07-11 09:38:58,0.06,1.0,5197,0.05,0.8333,6575,0.06,1.0,2,0.055,0.9166,853,0
SPY190712C302,2019-07-11,2019-07-11 09:38:59,0.06,1.0,5678,0.05,0.8333,6313,0.06,1.0,2,0.055,0.9166,853,0
SPY190712C302,2019-07-11,2019-07-11 09:38:59,0.06,1.0,5672,0.05,0.8333,6359,0.06,1.0,2,0.055,0.9166,853,0
SPY190712C302,2019-07-11,2019-07-11 09:39:00,0.06,1.0,5678,0.05,0.8333,6313,0.06,1.0,2,0.055,0.9166,853,0
SPY190712C302,2019-07-11,2019-07-11 09:39:01,0.06,1.0,6396,0.05,0.8333,5930,0.07,1.1666,46,0.055,0.9166,899,46
SPY190712C302,2019-07-11,2019-07-11 09:39:01,0.06,1.0,5593,0.05,0.8333,5304,0.06,1.0,2,0.055,0.9166,853,0
SPY190712C302,2019-07-11,2019-07-11 09:39:02,0.06,1.0,7240,0.05,0.8333,5327,0.07,1.1666,46,0.055,0.9166,899,0
SPY190712C302,2019-07-11,2019-07-11 09:39:03,0.06,1.0,7240,0.05,0.8333,5785,0.07,1.1666,46,0.055,0.9166,899,0
SPY190712C302,2019-07-11,2019-07-11 09:39:04,0.06,1.0,7240,0.05,0.8333,5785,0.07,1.1666,46,0.055,0.9166,899,0
SPY190712C302,2019-07-11,2019-07-11 09:39:05,0.06,1.0,7274,0.05,0.8333,6262,0.07,1.1666,46,0.055,0.9166,899,0
SPY190712C302,2019-07-11,2019-07-11 09:39:05,0.06,1.0,4701,0.05,0.8333,4588,0.07,1.1666,46,0.055,0.9166,899,0
SPY190712C302,2019-07-11,2019-07-11 09:39:06,0.06,1.0,4965,0.05,0.8333,4813,0.07,1.1666,46,0.055,0.9166,899,0
SPY190712C302,2019-07-11,2019-07-11 09:39:07,0.06,1.0,6843,0.05,0.8333,6184,0.07,1.1666,46,0.055,0.9166,899,0
SPY190712C302,2019-07-11,2019-07-11 09:39:07,0.06,1.0,4937,0.05,0.8333,4471,0.07,1.1666,46,0.055,0.9166,899,0
SPY190712C302,2019-07-11,2019-07-11 09:39:08,0.06,1.0,4172,0.05,0.8333,4510,0.07,1.1666,46,0.055,0.9166,899,0
SPY190712C302,2019-07-11,2019-07-11 09:39:08,0.06,1.0,4213,0.05,0.8333,4141,0.07,1.1666,46,0.055,0.9166,899,0
SPY190712C302,2019-07-11,2019-07-11 09:39:09,0.06,1.0,4213,0.05,0.8333,3407,0.07,1.1666,46,0.055,0.9166,899,0
SPY190712C302,2019-07-11,2019-07-11 09:39:10,0.06,1.0,5709,0.05,0.8333,3786,0.07,1.1666,46,0.055,0.9166,899,0
SPY190712C302,2019-07-11,2019-07-11 09:39:10,0.06,1.0,5914,0.05,0.8333,3792,0.07,1.1666,46,0.055,0.9166,899,0
SPY190712C302,2019-07-11,2019-07-11 09:39:11,0.06,1.0,5709,0.05,0.8333,3821,0.07,1.1666,46,0.055,0.9166,899,0
SPY190712C302,2019-07-11,2019-07-11 09:39:11,0.06,1.0,5914,0.05,0.8333,4092,0.07,1.1666,46,0.055,0.9166,899,0
SPY190712C302,2019-07-11,2019-07-11 09:39:12,0.06,1.0,7152,0.05,0.8333,3727,0.07,1.1666,46,0.055,0.9166,899,0
SPY190712C302,2019-07-11,2019-07-11 09:39:13,0.06,1.0,6933,0.05,0.8333,5406,0.07,1.1666,46,0.055,0.9166,899,0
SPY190712C302,2019-07-11,2019-07-11 09:39:14,0.06,1.0,5750,0.05,0.8333,3767,0.07,1.1666,46,0.055,0.9166,899,0
SPY190712C302,2019-07-11,2019-07-11 09:39:14,0.06,1.0,7195,0.05,0.8333,5024,0.07,1.1666,46,0.055,0.9166,899,0
SPY190712C302,2019-07-11,2019-07-11 09:39:15,0.06,1.0,5750,0.05,0.8333,3767,0.07,1.1666,46,0.055,0.9166,899,0
SPY190712C302,2019-07-11,2019-07-11 09:39:16,0.06,1.0,5750,0.05,0.8333,3767,0.07,1.1666,46,0.055,0.9166,899,0
SPY190712C302,2019-07-11,2019-07-11 09:39:17,0.06,1.0,5267,0.05,0.8333,3742,0.06,1.0,1,0.055,0.9166,900,1
SPY190712C302,2019-07-11,2019-07-11 09:39:17,0.06,1.0,7196,0.05,0.8333,5530,0.07,1.1666,46,0.055,0.9166,899,0
SPY190712C302,2019-07-11,2019-07-11 09:39:18,0.06,1.0,7200,0.05,0.8333,5528,0.06,1.0,1,0.055,0.9166,900,0
SPY190712C302,2019-07-11,2019-07-11 09:39:19,0.06,1.0,5267,0.05,0.8333,3742,0.06,1.0,1,0.055,0.9166,900,0
SPY190712C302,2019-07-11,2019-07-11 09:39:19,0.06,1.0,7200,0.05,0.8333,5528,0.06,1.0,1,0.055,0.9166,900,0
SPY190712C302,2019-07-11,2019-07-11 09:39:20,0.06,1.0,7222,0.05,0.8333,5579,0.06,1.0,1,0.055,0.9166,900,0
SPY190712C302,2019-07-11,2019-07-11 09:39:21,0.06,1.0,7155,0.05,0.8333,4280,0.06,1.0,1,0.055,0.9166,900,0
SPY190712C302,2019-07-11,2019-07-11 09:39:21,0.06,1.0,7155,0.05,0.8333,3822,0.06,1.0,1,0.055,0.9166,900,0
SPY190712C302,2019-07-11,2019-07-11 09:39:22,0.06,1.0,7227,0.05,0.8333,4377,0.06,1.0,1,0.055,0.9166,900,0
SPY190712C302,2019-07-11,2019-07-11 09:39:23,0.06,1.0,5750,0.05,0.8333,3137,0.06,1.0,1,0.055,0.9166,900,0
SPY190712C302,2019-07-11,2019-07-11 09:39:23,0.06,1.0,7227,0.05,0.8333,5205,0.06,1.0,1,0.055,0.9166,900,0
SPY190712C302,2019-07-11,2019-07-11 09:39:24,0.06,1.0,6968,0.05,0.8333,5080,0.06,1.0,1,0.055,0.9166,900,0
SPY190712C302,2019-07-11,2019-07-11 09:39:25,0.06,1.0,6968,0.05,0.8333,3872,0.06,1.0,1,0.055,0.9166,900,0
SPY190712C302,2019-07-11,2019-07-11 09:39:25,0.06,1.0,6968,0.05,0.8333,5080,0.06,1.0,1,0.055,0.9166,900,0
SPY190712C302,2019-07-11,2019-07-11 09:39:26,0.06,1.0,7225,0.05,0.8333,4010,0.06,1.0,1,0.055,0.9166,900,0
SPY190712C302,2019-07-11,2019-07-11 09:39:27,0.06,1.0,5503,0.05,0.8333,3766,0.06,1.0,1,0.055,0.9166,900,0
SPY190712C302,2019-07-11,2019-07-11 09:39:27,0.06,1.0,6963,0.05,0.8333,3720,0.06,1.0,1,0.055,0.9166,900,0
SPY190712C302,2019-07-11,2019-07-11 09:39:28,0.06,1.0,7262,0.05,0.8333,4768,0.06,1.0,1,0.055,0.9166,900,0
SPY190712C302,2019-07-11,2019-07-11 09:39:29,0.06,1.0,7437,0.05,0.8333,3873,0.06,1.0,1,0.055,0.9166,900,0
SPY190712C302,2019-07-11,2019-07-11 09:39:30,0.06,1.0,7437,0.05,0.8333,4120,0.06,1.0,1,0.055,0.9166,900,0
SPY190712C302,2019-07-11,2019-07-11 09:39:30,0.06,1.0,7437,0.05,0.8333,3873,0.06,1.0,1,0.055,0.9166,900,0
SPY190712C302,2019-07-11,2019-07-11 09:39:31,0.06,1.0,7444,0.05,0.8333,3718,0.06,1.0,1,0.055,0.9166,900,0
SPY190712C302,2019-07-11,2019-07-11 09:39:31,0.06,1.0,7444,0.05,0.8333,3720,0.06,1.0,1,0.055,0.9166,900,0
SPY190712C302,2019-07-11,2019-07-11 09:39:32,0.06,1.0,5964,0.05,0.8333,2556,0.06,1.0,1,0.055,0.9166,900,0
SPY190712C302,2019-07-11,2019-07-11 09:39:33,0.06,1.0,5678,0.05,0.8333,2528,0.06,1.0,1,0.055,0.9166,900,0
SPY190712C302,2019-07-11,2019-07-11 09:39:34,0.06,1.0,7140,0.05,0.8333,3643,0.06,1.0,1,0.055,0.9166,900,0
SPY190712C302,2019-07-11,2019-07-11 09:39:35,0.06,1.0,5678,0.05,0.8333,2498,0.05,0.8333,1,0.055,0.9166,917,17
SPY190712C302,2019-07-11,2019-07-11 09:39:36,0.06,1.0,5678,0.05,0.8333,2498,0.05,0.8333,1,0.055,0.9166,917,0
SPY190712C302,2019-07-11,2019-07-11 09:39:36,0.06,1.0,5678,0.05,0.8333,2682,0.05,0.8333,1,0.055,0.9166,917,0
SPY190712C302,2019-07-11,2019-07-11 09:39:37,0.06,1.0,5982,0.05,0.8333,2498,0.05,0.8333,1,0.055,0.9166,917,0
SPY190712C302,2019-07-11,2019-07-11 09:39:37,0.06,1.0,5982,0.05,0.8333,2551,0.05,0.8333,1,0.055,0.9166,917,0
SPY190712C302,2019-07-11,2019-07-11 09:39:38,0.06,1.0,5678,0.05,0.8333,2537,0.05,0.8333,1,0.055,0.9166,917,0
SPY190712C302,2019-07-11,2019-07-11 09:39:39,0.06,1.0,7145,0.05,0.8333,3648,0.05,0.8333,1,0.055,0.9166,917,0
SPY190712C302,2019-07-11,2019-07-11 09:39:39,0.06,1.0,7145,0.05,0.8333,3651,0.05,0.8333,1,0.055,0.9166,917,0
SPY190712C302,2019-07-11,2019-07-11 09:39:40,0.06,1.0,6566,0.05,0.8333,5105,0.06,1.0,3,0.055,0.9166,920,0
SPY190712C302,2019-07-11,2019-07-11 09:39:40,0.06,1.0,5974,0.05,0.8333,3920,0.06,1.0,3,0.055,0.9166,920,3
SPY190712C302,2019-07-11,2019-07-11 09:39:41,0.06,1.0,6566,0.05,0.8333,5105,0.06,1.0,3,0.055,0.9166,920,0
SPY190712C302,2019-07-11,2019-07-11 09:39:42,0.06,1.0,6566,0.05,0.8333,5105,0.06,1.0,3,0.055,0.9166,920,0
SPY190712C302,2019-07-11,2019-07-11 09:39:42,0.06,1.0,6838,0.05,0.8333,5116,0.06,1.0,3,0.055,0.9166,920,0
SPY190712C302,2019-07-11,2019-07-11 09:39:43,0.06,1.0,6211,0.05,0.8333,4824,0.06,1.0,3,0.055,0.9166,920,0
SPY190712C302,2019-07-11,2019-07-11 09:39:44,0.06,1.0,7131,0.05,0.8333,5307,0.06,1.0,3,0.055,0.9166,920,0
SPY190712C302,2019-07-11,2019-07-11 09:39:44,0.06,1.0,6946,0.05,0.8333,5307,0.06,1.0,3,0.055,0.9166,920,0
SPY190712C302,2019-07-11,2019-07-11 09:39:45,0.06,1.0,6879,0.05,0.8333,5307,0.06,1.0,3,0.055,0.9166,920,0
SPY190712C302,2019-07-11,2019-07-11 09:39:46,0.06,1.0,6879,0.05,0.8333,5307,0.06,1.0,1,0.055,0.9166,921,1
SPY190712C302,2019-07-11,2019-07-11 09:39:46,0.06,1.0,6879,0.05,0.8333,5307,0.06,1.0,3,0.055,0.9166,920,0
SPY190712C302,2019-07-11,2019-07-11 09:39:47,0.06,1.0,6879,0.05,0.8333,5307,0.06,1.0,1,0.055,0.9166,921,0
SPY190712C302,2019-07-11,2019-07-11 09:39:48,0.06,1.0,7137,0.05,0.8333,5307,0.06,1.0,3,0.055,0.9166,927,3
SPY190712C302,2019-07-11,2019-07-11 09:39:48,0.06,1.0,7137,0.05,0.8333,5307,0.05,0.8333,3,0.055,0.9166,924,3
SPY190712C302,2019-07-11,2019-07-11 09:39:49,0.06,1.0,7137,0.05,0.8333,5307,0.06,1.0,3,0.055,0.9166,927,0
SPY190712C302,2019-07-11,2019-07-11 09:39:50,0.06,1.0,5702,0.05,0.8333,3963,0.06,1.0,3,0.055,0.9166,927,0
SPY190712C302,2019-07-11,2019-07-11 09:39:51,0.06,1.0,6235,0.05,0.8333,5022,0.06,1.0,3,0.055,0.9166,927,0
SPY190712C302,2019-07-11,2019-07-11 09:39:52,0.06,1.0,4590,0.05,0.8333,4122,0.06,1.0,3,0.055,0.9166,927,0
SPY190712C302,2019-07-11,2019-07-11 09:39:52,0.06,1.0,4830,0.05,0.8333,4372,0.06,1.0,3,0.055,0.9166,927,0
SPY190712C302,2019-07-11,2019-07-11 09:39:53,0.06,1.0,6234,0.05,0.8333,5764,0.06,1.0,3,0.055,0.9166,927,0
SPY190712C302,2019-07-11,2019-07-11 09:39:53,0.06,1.0,6234,0.05,0.8333,5966,0.06,1.0,3,0.055,0.9166,927,0
SPY190712C302,2019-07-11,2019-07-11 09:39:54,0.06,1.0,6233,0.05,0.8333,5764,0.06,1.0,3,0.055,0.9166,927,0
SPY190712C302,2019-07-11,2019-07-11 09:39:54,0.06,1.0,6135,0.05,0.8333,6531,0.06,1.0,3,0.055,0.9166,927,0
SPY190712C302,2019-07-11,2019-07-11 09:39:55,0.06,1.0,6126,0.05,0.8333,5798,0.06,1.0,3,0.055,0.9166,927,0
SPY190712C302,2019-07-11,2019-07-11 09:39:56,0.06,1.0,4729,0.05,0.8333,4372,0.06,1.0,3,0.055,0.9166,927,0
SPY190712C302,2019-07-11,2019-07-11 09:39:56,0.06,1.0,6123,0.05,0.8333,5751,0.06,1.0,3,0.055,0.9166,927,0
SPY190712C302,2019-07-11,2019-07-11 09:39:57,0.06,1.0,6123,0.05,0.8333,5753,0.06,1.0,3,0.055,0.9166,927,0
SPY190712C302,2019-07-11,2019-07-11 09:39:58,0.06,1.0,4236,0.05,0.8333,4688,0.06,1.0,3,0.055,0.9166,927,0
SPY190712C302,2019-07-11,2019-07-11 09:39:58,0.06,1.0,5053,0.05,0.8333,6551,0.06,1.0,3,0.055,0.9166,927,0
SPY190712C302,2019-07-11,2019-07-11 09:39:59,0.06,1.0,5037,0.05,0.8333,4688,0.06,1.0,3,0.055,0.9166,927,0
SPY190712C302,2019-07-11,2019-07-11 09:39:59,0.06,1.0,4236,0.05,0.8333,4688,0.06,1.0,3,0.055,0.9166,927,0
SPY190712C302,2019-07-11,2019-07-11 09:40:00,0.06,1.0,5037,0.05,0.8333,4688,0.06,1.0,3,0.055,0.9166,927,0
SPY190712C302,2019-07-11,2019-07-11 09:40:01,0.06,1.0,5172,0.05,0.8333,4527,0.06,1.0,3,0.055,0.9166,927,0
SPY190712C302,2019-07-11,2019-07-11 09:40:02,0.06,1.0,6782,0.05,0.8333,5762,0.06,1.0,3,0.055,0.9166,927,0
SPY190712C302,2019-07-11,2019-07-11 09:40:03,0.06,1.0,5123,0.05,0.8333,4503,0.06,1.0,3,0.055,0.9166,927,0
SPY190712C302,2019-07-11,2019-07-11 09:40:03,0.06,1.0,6556,0.05,0.8333,5762,0.06,1.0,3,0.055,0.9166,927,0
SPY190712C302,2019-07-11,2019-07-11 09:40:04,0.06,1.0,5123,0.05,0.8333,4503,0.06,1.0,3,0.055,0.9166,927,0
SPY190712C302,2019-07-11,2019-07-11 09:40:04,0.06,1.0,5359,0.05,0.8333,4503,0.06,1.0,3,0.055,0.9166,927,0
SPY190712C302,2019-07-11,2019-07-11 09:40:05,0.06,1.0,5359,0.05,0.8333,4373,0.06,1.0,3,0.055,0.9166,927,0
SPY190712C302,2019-07-11,2019-07-11 09:40:06,0.06,1.0,5123,0.05,0.8333,4373,0.06,1.0,3,0.055,0.9166,927,0
SPY190712C302,2019-07-11,2019-07-11 09:40:07,0.06,1.0,5123,0.05,0.8333,4373,0.06,1.0,5,0.055,0.9166,937,10
SPY190712C302,2019-07-11,2019-07-11 09:40:08,0.06,1.0,6742,0.05,0.8333,5246,0.06,1.0,5,0.055,0.9166,937,0
SPY190712C302,2019-07-11,2019-07-11 09:40:09,0.06,1.0,6169,0.05,0.8333,2886,0.06,1.0,1,0.055,0.9166,938,0
SPY190712C302,2019-07-11,2019-07-11 09:40:09,0.06,1.0,6169,0.05,0.8333,2886,0.06,1.0,1,0.055,0.9166,938,1
SPY190712C302,2019-07-11,2019-07-11 09:40:10,0.06,1.0,7282,0.05,0.8333,3136,0.06,1.0,1,0.055,0.9166,938,0
SPY190712C302,2019-07-11,2019-07-11 09:40:11,0.06,1.0,7282,0.05,0.8333,3136,0.06,1.0,1,0.055,0.9166,938,0
SPY190712C302,2019-07-11,2019-07-11 09:40:12,0.06,1.0,4422,0.05,0.8333,1675,0.06,1.0,1,0.055,0.9166,938,0
SPY190712C302,2019-07-11,2019-07-11 09:40:12,0.06,1.0,7282,0.05,0.8333,3136,0.06,1.0,1,0.055,0.9166,938,0
SPY190712C302,2019-07-11,2019-07-11 09:40:13,0.06,1.0,7244,0.05,0.8333,256,0.06,1.0,1,0.055,0.9166,938,0
SPY190712C302,2019-07-11,2019-07-11 09:40:13,0.06,1.0,7244,0.05,0.8333,676,0.06,1.0,1,0.055,0.9166,938,0
SPY190712C302,2019-07-11,2019-07-11 09:40:14,0.06,1.0,6461,0.05,0.8333,256,0.06,1.0,1,0.055,0.9166,938,0
SPY190712C302,2019-07-11,2019-07-11 09:40:14,0.06,1.0,7244,0.05,0.8333,256,0.06,1.0,1,0.055,0.9166,938,0
SPY190712C302,2019-07-11,2019-07-11 09:40:15,0.06,1.0,6347,0.05,0.8333,256,0.06,1.0,1,0.055,0.9166,938,0
SPY190712C302,2019-07-11,2019-07-11 09:40:15,0.06,1.0,6461,0.05,0.8333,256,0.06,1.0,1,0.055,0.9166,938,0
SPY190712C302,2019-07-11,2019-07-11 09:40:16,0.06,1.0,6907,0.05,0.8333,50,0.06,1.0,1,0.055,0.9166,938,0
SPY190712C302,2019-07-11,2019-07-11 09:40:17,0.06,1.0,6790,0.05,0.8333,50,0.06,1.0,1,0.055,0.9166,939,1
SPY190712C302,2019-07-11,2019-07-11 09:40:17,0.06,1.0,7529,0.05,0.8333,50,0.06,1.0,1,0.055,0.9166,938,0
SPY190712C302,2019-07-11,2019-07-11 09:40:18,0.06,1.0,7419,0.05,0.8333,50,0.06,1.0,1,0.055,0.9166,939,0
SPY190712C302,2019-07-11,2019-07-11 09:40:19,0.06,1.0,7788,0.05,0.8333,50,0.06,1.0,1,0.055,0.9166,939,0
SPY190712C302,2019-07-11,2019-07-11 09:40:19,0.06,1.0,7419,0.05,0.8333,50,0.06,1.0,1,0.055,0.9166,939,0
SPY190712C302,2019-07-11,2019-07-11 09:40:20,0.06,1.0,7794,0.05,0.8333,50,0.06,1.0,1,0.055,0.9166,939,0
SPY190712C302,2019-07-11,2019-07-11 09:40:20,0.06,1.0,7543,0.05,0.8333,50,0.06,1.0,1,0.055,0.9166,939,0
SPY190712C302,2019-07-11,2019-07-11 09:40:21,0.06,1.0,7297,0.05,0.8333,50,0.06,1.0,1,0.055,0.9166,939,0
SPY190712C302,2019-07-11,2019-07-11 09:40:22,0.06,1.0,7297,0.05,0.8333,50,0.06,1.0,1,0.055,0.9166,939,0
SPY190712C302,2019-07-11,2019-07-11 09:40:22,0.06,1.0,6384,0.05,0.8333,50,0.06,1.0,1,0.055,0.9166,939,0
SPY190712C302,2019-07-11,2019-07-11 09:40:23,0.06,1.0,7798,0.05,0.8333,50,0.06,1.0,1,0.055,0.9166,939,0
SPY190712C302,2019-07-11,2019-07-11 09:40:23,0.06,1.0,7033,0.05,0.8333,50,0.06,1.0,1,0.055,0.9166,939,0
SPY190712C302,2019-07-11,2019-07-11 09:40:24,0.06,1.0,7529,0.05,0.8333,50,0.06,1.0,1,0.055,0.9166,939,0
SPY190712C302,2019-07-11,2019-07-11 09:40:25,0.06,1.0,7062,0.05,0.8333,50,0.06,1.0,1,0.055,0.9166,939,0
SPY190712C302,2019-07-11,2019-07-11 09:40:25,0.06,1.0,7529,0.05,0.8333,50,0.06,1.0,1,0.055,0.9166,939,0
SPY190712C302,2019-07-11,2019-07-11 09:40:26,0.06,1.0,7793,0.05,0.8333,50,0.06,1.0,1,0.055,0.9166,939,0
SPY190712C302,2019-07-11,2019-07-11 09:40:26,0.06,1.0,7310,0.05,0.8333,50,0.06,1.0,1,0.055,0.9166,939,0
SPY190712C302,2019-07-11,2019-07-11 09:40:27,0.06,1.0,7793,0.05,0.8333,50,0.06,1.0,1,0.055,0.9166,939,0
SPY190712C302,2019-07-11,2019-07-11 09:40:28,0.06,1.0,6863,0.05,0.8333,50,0.06,1.0,1,0.055,0.9166,939,0
SPY190712C302,2019-07-11,2019-07-11 09:40:28,0.06,1.0,6246,0.05,0.8333,50,0.06,1.0,1,0.055,0.9166,939,0
SPY190712C302,2019-07-11,2019-07-11 09:40:29,0.06,1.0,7742,0.05,0.8333,50,0.06,1.0,1,0.055,0.9166,939,0
SPY190712C302,2019-07-11,2019-07-11 09:40:30,0.06,1.0,7803,0.05,0.8333,50,0.06,1.0,1,0.055,0.9166,939,0
SPY190712C302,2019-07-11,2019-07-11 09:40:31,0.06,1.0,7803,0.05,0.8333,50,0.06,1.0,1,0.055,0.9166,939,0
SPY190712C302,2019-07-11,2019-07-11 09:40:32,0.06,1.0,7790,0.05,0.8333,50,0.06,1.0,1,0.055,0.9166,939,0
SPY190712C302,2019-07-11,2019-07-11 09:40:33,0.06,1.0,6243,0.05,0.8333,50,0.06,1.0,1,0.055,0.9166,939,0
SPY190712C302,2019-07-11,2019-07-11 09:40:34,0.06,1.0,6243,0.05,0.8333,50,0.06,1.0,1,0.055,0.9166,939,0
SPY190712C302,2019-07-11,2019-07-11 09:40:34,0.06,1.0,6347,0.05,0.8333,50,0.06,1.0,1,0.055,0.9166,939,0
SPY190712C302,2019-07-11,2019-07-11 09:40:35,0.06,1.0,7722,0.05,0.8333,50,0.06,1.0,1,0.055,0.9166,939,0
SPY190712C302,2019-07-11,2019-07-11 09:40:36,0.06,1.0,7121,0.05,0.8333,50,0.06,1.0,1,0.055,0.9166,939,0
SPY190712C302,2019-07-11,2019-07-11 09:40:36,0.06,1.0,7636,0.05,0.8333,50,0.06,1.0,1,0.055,0.9166,939,0
SPY190712C302,2019-07-11,2019-07-11 09:40:37,0.06,1.0,7636,0.05,0.8333,50,0.06,1.0,1,0.055,0.9166,939,0
SPY190712C302,2019-07-11,2019-07-11 09:40:38,0.06,1.0,7145,0.05,0.8333,50,0.06,1.0,1,0.055,0.9166,939,0
SPY190712C302,2019-07-11,2019-07-11 09:40:38,0.06,1.0,9229,0.05,0.8333,50,0.06,1.0,1,0.055,0.9166,939,0
SPY190712C302,2019-07-11,2019-07-11 09:40:39,0.06,1.0,7628,0.05,0.8333,50,0.06,1.0,1,0.055,0.9166,939,0
SPY190712C302,2019-07-11,2019-07-11 09:40:40,0.06,1.0,7592,0.05,0.8333,50,0.06,1.0,1,0.055,0.9166,939,0
SPY190712C302,2019-07-11,2019-07-11 09:40:41,0.06,1.0,7695,0.05,0.8333,50,0.06,1.0,1,0.055,0.9166,939,0
SPY190712C302,2019-07-11,2019-07-11 09:40:41,0.06,1.0,7666,0.05,0.8333,50,0.06,1.0,1,0.055,0.9166,939,0
SPY190712C302,2019-07-11,2019-07-11 09:40:42,0.06,1.0,7666,0.05,0.8333,50,0.06,1.0,1,0.055,0.9166,939,0
SPY190712C302,2019-07-11,2019-07-11 09:40:43,0.06,1.0,7628,0.05,0.8333,50,0.06,1.0,1,0.055,0.9166,939,0
SPY190712C302,2019-07-11,2019-07-11 09:40:43,0.06,1.0,9230,0.05,0.8333,50,0.06,1.0,1,0.055,0.9166,939,0
