symbol,Date,quote_time,ask_price,norm_ask_price,ask_size,bid_price,norm_bid_price,bid_size,last_trade_price,norm_last_trade_price,last_trade_size,mark_price,norm_mark_price,volume,Volume
SPY190717C301,2019-07-15,2019-07-15 09:30:00,0.9,1.0,276,0.87,0.9666,367,0.79,0.8777,2,0.885,0.9833,20413,20413
SPY190717C301,2019-07-15,2019-07-15 09:30:19,0.94,1.0444,50,0.91,1.0111,243,0.9,1.0,1,0.925,1.0277,46,-20367
SPY190717C301,2019-07-15,2019-07-15 09:30:23,0.91,1.0111,88,0.89,0.9888,12,0.92,1.0222,1,0.9,1.0,48,2
SPY190717C301,2019-07-15,2019-07-15 09:30:25,0.91,1.0111,93,0.89,0.9888,63,0.91,1.0111,2,0.9,1.0,55,7
SPY190717C301,2019-07-15,2019-07-15 09:30:25,0.92,1.0222,50,0.89,0.9888,52,0.91,1.0111,2,0.905,1.0055,55,0
SPY190717C301,2019-07-15,2019-07-15 09:30:26,0.91,1.0111,50,0.89,0.9888,13,0.91,1.0111,2,0.9,1.0,55,0
SPY190717C301,2019-07-15,2019-07-15 09:30:27,0.91,1.0111,155,0.89,0.9888,12,0.91,1.0111,2,0.9,1.0,55,0
SPY190717C301,2019-07-15,2019-07-15 09:30:27,0.9,1.0,5,0.89,0.9888,12,0.91,1.0111,2,0.895,0.9944,55,0
SPY190717C301,2019-07-15,2019-07-15 09:30:28,0.9,1.0,50,0.89,0.9888,12,0.89,0.9888,1,0.895,0.9944,56,1
SPY190717C301,2019-07-15,2019-07-15 09:30:29,0.9,1.0,63,0.89,0.9888,12,0.89,0.9888,1,0.895,0.9944,56,0
SPY190717C301,2019-07-15,2019-07-15 09:30:30,0.9,1.0,279,0.89,0.9888,12,0.9,1.0,1,0.895,0.9944,58,0
SPY190717C301,2019-07-15,2019-07-15 09:30:30,0.9,1.0,160,0.89,0.9888,12,0.9,1.0,1,0.895,0.9944,58,2
SPY190717C301,2019-07-15,2019-07-15 09:30:31,0.9,1.0,279,0.89,0.9888,12,0.9,1.0,1,0.895,0.9944,58,0
SPY190717C301,2019-07-15,2019-07-15 09:30:32,0.93,1.0333,2,0.89,0.9888,12,0.9,1.0,5,0.91,1.0111,63,5
SPY190717C301,2019-07-15,2019-07-15 09:30:32,0.9,1.0,492,0.89,0.9888,12,0.9,1.0,1,0.895,0.9944,58,0
SPY190717C301,2019-07-15,2019-07-15 09:30:33,0.9,1.0,250,0.89,0.9888,12,0.89,0.9888,8,0.895,0.9944,71,8
SPY190717C301,2019-07-15,2019-07-15 09:30:34,0.9,1.0,348,0.89,0.9888,12,0.89,0.9888,8,0.895,0.9944,71,0
SPY190717C301,2019-07-15,2019-07-15 09:30:34,0.9,1.0,105,0.89,0.9888,12,0.89,0.9888,8,0.895,0.9944,71,0
SPY190717C301,2019-07-15,2019-07-15 09:30:35,0.9,1.0,497,0.89,0.9888,12,0.89,0.9888,8,0.895,0.9944,71,0
SPY190717C301,2019-07-15,2019-07-15 09:30:36,0.9,1.0,348,0.89,0.9888,12,0.89,0.9888,4,0.895,0.9944,75,0
SPY190717C301,2019-07-15,2019-07-15 09:30:36,0.9,1.0,497,0.89,0.9888,12,0.89,0.9888,4,0.895,0.9944,75,4
SPY190717C301,2019-07-15,2019-07-15 09:30:37,0.89,0.9888,1,0.89,0.9888,12,0.89,0.9888,2,0.89,0.9888,91,16
SPY190717C301,2019-07-15,2019-07-15 09:30:38,0.89,0.9888,1,0.88,0.9777,13,0.89,0.9888,2,0.885,0.9833,91,0
SPY190717C301,2019-07-15,2019-07-15 09:30:38,0.89,0.9888,1,0.87,0.9666,317,0.89,0.9888,2,0.88,0.9777,91,0
SPY190717C301,2019-07-15,2019-07-15 09:30:39,0.89,0.9888,50,0.88,0.9777,13,0.89,0.9888,4,0.885,0.9833,95,4
SPY190717C301,2019-07-15,2019-07-15 09:30:39,0.89,0.9888,1,0.88,0.9777,13,0.89,0.9888,2,0.885,0.9833,91,0
SPY190717C301,2019-07-15,2019-07-15 09:30:40,0.89,0.9888,100,0.88,0.9777,23,0.89,0.9888,4,0.885,0.9833,95,0
SPY190717C301,2019-07-15,2019-07-15 09:30:40,0.9,1.0,563,0.87,0.9666,131,0.89,0.9888,4,0.885,0.9833,95,0
SPY190717C301,2019-07-15,2019-07-15 09:30:41,0.89,0.9888,5,0.87,0.9666,155,0.89,0.9888,4,0.88,0.9777,95,0
SPY190717C301,2019-07-15,2019-07-15 09:30:42,0.89,0.9888,113,0.88,0.9777,7,0.89,0.9888,4,0.885,0.9833,95,0
SPY190717C301,2019-07-15,2019-07-15 09:30:42,0.9,1.0,633,0.88,0.9777,13,0.89,0.9888,4,0.89,0.9888,95,0
SPY190717C301,2019-07-15,2019-07-15 09:30:43,0.88,0.9777,13,0.88,0.9777,7,0.89,0.9888,4,0.88,0.9777,95,0
SPY190717C301,2019-07-15,2019-07-15 09:30:43,0.88,0.9777,146,0.86,0.9555,199,0.89,0.9888,4,0.87,0.9666,95,0
SPY190717C301,2019-07-15,2019-07-15 09:30:44,0.88,0.9777,146,0.87,0.9666,1,0.87,0.9666,7,0.875,0.9722,102,7
SPY190717C301,2019-07-15,2019-07-15 09:30:44,0.88,0.9777,146,0.87,0.9666,10,0.87,0.9666,7,0.875,0.9722,102,0
SPY190717C301,2019-07-15,2019-07-15 09:30:45,0.88,0.9777,146,0.87,0.9666,10,0.87,0.9666,7,0.875,0.9722,102,0
SPY190717C301,2019-07-15,2019-07-15 09:30:46,0.88,0.9777,146,0.86,0.9555,155,0.88,0.9777,1,0.87,0.9666,103,0
SPY190717C301,2019-07-15,2019-07-15 09:30:46,0.88,0.9777,146,0.86,0.9555,155,0.88,0.9777,1,0.87,0.9666,103,1
SPY190717C301,2019-07-15,2019-07-15 09:30:47,0.88,0.9777,146,0.86,0.9555,155,0.88,0.9777,1,0.87,0.9666,103,0
SPY190717C301,2019-07-15,2019-07-15 09:30:48,0.88,0.9777,146,0.87,0.9666,13,0.88,0.9777,1,0.875,0.9722,104,1
SPY190717C301,2019-07-15,2019-07-15 09:30:48,0.88,0.9777,146,0.87,0.9666,13,0.88,0.9777,1,0.875,0.9722,104,0
SPY190717C301,2019-07-15,2019-07-15 09:30:49,0.88,0.9777,146,0.87,0.9666,13,0.88,0.9777,1,0.875,0.9722,104,0
SPY190717C301,2019-07-15,2019-07-15 09:30:49,0.88,0.9777,146,0.87,0.9666,22,0.87,0.9666,1,0.875,0.9722,105,1
SPY190717C301,2019-07-15,2019-07-15 09:30:50,0.88,0.9777,146,0.87,0.9666,1,0.87,0.9666,1,0.875,0.9722,106,1
SPY190717C301,2019-07-15,2019-07-15 09:30:51,0.88,0.9777,105,0.86,0.9555,155,0.87,0.9666,1,0.87,0.9666,106,0
SPY190717C301,2019-07-15,2019-07-15 09:30:52,0.88,0.9777,155,0.86,0.9555,251,0.87,0.9666,1,0.87,0.9666,106,0
SPY190717C301,2019-07-15,2019-07-15 09:30:52,0.88,0.9777,155,0.86,0.9555,155,0.87,0.9666,1,0.87,0.9666,106,0
SPY190717C301,2019-07-15,2019-07-15 09:30:53,0.87,0.9666,1,0.86,0.9555,251,0.87,0.9666,1,0.865,0.9611,106,0
SPY190717C301,2019-07-15,2019-07-15 09:30:54,0.87,0.9666,1,0.86,0.9555,408,0.87,0.9666,1,0.865,0.9611,106,0
SPY190717C301,2019-07-15,2019-07-15 09:30:54,0.87,0.9666,1,0.86,0.9555,339,0.87,0.9666,1,0.865,0.9611,106,0
SPY190717C301,2019-07-15,2019-07-15 09:30:55,0.87,0.9666,1,0.86,0.9555,408,0.86,0.9555,5,0.865,0.9611,111,0
SPY190717C301,2019-07-15,2019-07-15 09:30:55,0.87,0.9666,1,0.86,0.9555,408,0.86,0.9555,5,0.865,0.9611,111,5
SPY190717C301,2019-07-15,2019-07-15 09:30:56,0.87,0.9666,1,0.86,0.9555,533,0.86,0.9555,5,0.865,0.9611,111,0
SPY190717C301,2019-07-15,2019-07-15 09:30:56,0.87,0.9666,1,0.86,0.9555,332,0.86,0.9555,5,0.865,0.9611,111,0
SPY190717C301,2019-07-15,2019-07-15 09:30:57,0.87,0.9666,1,0.86,0.9555,533,0.86,0.9555,5,0.865,0.9611,111,0
SPY190717C301,2019-07-15,2019-07-15 09:30:58,0.87,0.9666,1,0.86,0.9555,678,0.86,0.9555,5,0.865,0.9611,111,0
SPY190717C301,2019-07-15,2019-07-15 09:30:59,0.87,0.9666,1,0.86,0.9555,381,0.86,0.9555,5,0.865,0.9611,111,0
SPY190717C301,2019-07-15,2019-07-15 09:30:59,0.87,0.9666,1,0.86,0.9555,678,0.86,0.9555,5,0.865,0.9611,111,0
SPY190717C301,2019-07-15,2019-07-15 09:31:00,0.87,0.9666,2,0.86,0.9555,457,0.86,0.9555,5,0.865,0.9611,111,0
SPY190717C301,2019-07-15,2019-07-15 09:31:01,0.87,0.9666,2,0.86,0.9555,571,0.86,0.9555,5,0.865,0.9611,111,0
SPY190717C301,2019-07-15,2019-07-15 09:31:01,0.87,0.9666,2,0.86,0.9555,637,0.86,0.9555,5,0.865,0.9611,111,0
SPY190717C301,2019-07-15,2019-07-15 09:31:02,0.87,0.9666,2,0.86,0.9555,497,0.86,0.9555,5,0.865,0.9611,111,0
SPY190717C301,2019-07-15,2019-07-15 09:31:02,0.87,0.9666,2,0.86,0.9555,573,0.86,0.9555,5,0.865,0.9611,111,0
SPY190717C301,2019-07-15,2019-07-15 09:31:04,0.87,0.9666,2,0.86,0.9555,586,0.86,0.9555,5,0.865,0.9611,111,0
SPY190717C301,2019-07-15,2019-07-15 09:31:04,0.87,0.9666,13,0.86,0.9555,586,0.86,0.9555,5,0.865,0.9611,111,0
SPY190717C301,2019-07-15,2019-07-15 09:31:05,0.87,0.9666,13,0.86,0.9555,654,0.86,0.9555,5,0.865,0.9611,111,0
SPY190717C301,2019-07-15,2019-07-15 09:31:05,0.87,0.9666,13,0.86,0.9555,586,0.86,0.9555,5,0.865,0.9611,111,0
SPY190717C301,2019-07-15,2019-07-15 09:31:06,0.87,0.9666,13,0.86,0.9555,654,0.86,0.9555,5,0.865,0.9611,111,0
SPY190717C301,2019-07-15,2019-07-15 09:31:07,0.87,0.9666,6,0.85,0.9444,93,0.86,0.9555,5,0.86,0.9555,111,0
SPY190717C301,2019-07-15,2019-07-15 09:31:07,0.87,0.9666,13,0.86,0.9555,654,0.86,0.9555,5,0.865,0.9611,111,0
SPY190717C301,2019-07-15,2019-07-15 09:31:08,0.86,0.9555,13,0.85,0.9444,106,0.86,0.9555,5,0.855,0.95,111,0
SPY190717C301,2019-07-15,2019-07-15 09:31:08,0.87,0.9666,2,0.85,0.9444,322,0.86,0.9555,5,0.86,0.9555,111,0
SPY190717C301,2019-07-15,2019-07-15 09:31:09,0.87,0.9666,89,0.85,0.9444,471,0.86,0.9555,5,0.86,0.9555,111,0
SPY190717C301,2019-07-15,2019-07-15 09:31:10,0.87,0.9666,13,0.86,0.9555,133,0.86,0.9555,5,0.865,0.9611,111,0
SPY190717C301,2019-07-15,2019-07-15 09:31:11,0.87,0.9666,13,0.86,0.9555,117,0.86,0.9555,5,0.865,0.9611,111,0
SPY190717C301,2019-07-15,2019-07-15 09:31:11,0.87,0.9666,50,0.86,0.9555,50,0.87,0.9666,7,0.865,0.9611,121,10
SPY190717C301,2019-07-15,2019-07-15 09:31:12,0.87,0.9666,50,0.86,0.9555,86,0.86,0.9555,1,0.865,0.9611,122,1
SPY190717C301,2019-07-15,2019-07-15 09:31:12,0.87,0.9666,13,0.86,0.9555,125,0.86,0.9555,1,0.865,0.9611,122,0
SPY190717C301,2019-07-15,2019-07-15 09:31:13,0.88,0.9777,315,0.86,0.9555,81,0.87,0.9666,13,0.87,0.9666,185,63
SPY190717C301,2019-07-15,2019-07-15 09:31:14,0.87,0.9666,13,0.86,0.9555,50,0.86,0.9555,3,0.865,0.9611,188,3
SPY190717C301,2019-07-15,2019-07-15 09:31:14,0.88,0.9777,315,0.86,0.9555,50,0.87,0.9666,13,0.87,0.9666,185,0
SPY190717C301,2019-07-15,2019-07-15 09:31:15,0.88,0.9777,155,0.86,0.9555,244,0.86,0.9555,3,0.87,0.9666,188,0
SPY190717C301,2019-07-15,2019-07-15 09:31:15,0.88,0.9777,155,0.86,0.9555,562,0.86,0.9555,3,0.87,0.9666,188,0
SPY190717C301,2019-07-15,2019-07-15 09:31:16,0.87,0.9666,1,0.86,0.9555,259,0.86,0.9555,3,0.865,0.9611,188,0
SPY190717C301,2019-07-15,2019-07-15 09:31:16,0.88,0.9777,155,0.86,0.9555,219,0.86,0.9555,3,0.87,0.9666,188,0
SPY190717C301,2019-07-15,2019-07-15 09:31:17,0.87,0.9666,1,0.86,0.9555,259,0.86,0.9555,3,0.865,0.9611,188,0
SPY190717C301,2019-07-15,2019-07-15 09:31:18,0.87,0.9666,1,0.86,0.9555,354,0.86,0.9555,3,0.865,0.9611,188,0
SPY190717C301,2019-07-15,2019-07-15 09:31:19,0.88,0.9777,155,0.86,0.9555,325,0.87,0.9666,29,0.87,0.9666,218,0
SPY190717C301,2019-07-15,2019-07-15 09:31:19,0.88,0.9777,155,0.87,0.9666,1,0.87,0.9666,29,0.875,0.9722,218,30
SPY190717C301,2019-07-15,2019-07-15 09:31:20,0.88,0.9777,155,0.86,0.9555,325,0.87,0.9666,29,0.87,0.9666,218,0
SPY190717C301,2019-07-15,2019-07-15 09:31:20,0.88,0.9777,155,0.86,0.9555,382,0.87,0.9666,29,0.87,0.9666,218,0
SPY190717C301,2019-07-15,2019-07-15 09:31:21,0.88,0.9777,155,0.86,0.9555,158,0.87,0.9666,29,0.87,0.9666,218,0
SPY190717C301,2019-07-15,2019-07-15 09:31:21,0.87,0.9666,13,0.86,0.9555,7,0.87,0.9666,29,0.865,0.9611,218,0
SPY190717C301,2019-07-15,2019-07-15 09:31:22,0.87,0.9666,100,0.86,0.9555,5,0.87,0.9666,29,0.865,0.9611,218,0
SPY190717C301,2019-07-15,2019-07-15 09:31:23,0.87,0.9666,100,0.86,0.9555,5,0.87,0.9666,29,0.865,0.9611,218,0
SPY190717C301,2019-07-15,2019-07-15 09:31:24,0.87,0.9666,13,0.86,0.9555,19,0.87,0.9666,29,0.865,0.9611,218,0
SPY190717C301,2019-07-15,2019-07-15 09:31:24,0.87,0.9666,13,0.86,0.9555,474,0.87,0.9666,29,0.865,0.9611,218,0
SPY190717C301,2019-07-15,2019-07-15 09:31:25,0.88,0.9777,158,0.86,0.9555,505,0.87,0.9666,29,0.87,0.9666,218,0
SPY190717C301,2019-07-15,2019-07-15 09:31:25,0.88,0.9777,255,0.86,0.9555,474,0.87,0.9666,29,0.87,0.9666,218,0
SPY190717C301,2019-07-15,2019-07-15 09:31:26,0.88,0.9777,153,0.86,0.9555,520,0.87,0.9666,29,0.87,0.9666,218,0
SPY190717C301,2019-07-15,2019-07-15 09:31:27,0.88,0.9777,153,0.86,0.9555,520,0.87,0.9666,29,0.87,0.9666,218,0
SPY190717C301,2019-07-15,2019-07-15 09:31:27,0.88,0.9777,153,0.86,0.9555,582,0.87,0.9666,29,0.87,0.9666,218,0
SPY190717C301,2019-07-15,2019-07-15 09:31:28,0.88,0.9777,100,0.86,0.9555,582,0.87,0.9666,29,0.87,0.9666,218,0
SPY190717C301,2019-07-15,2019-07-15 09:31:28,0.88,0.9777,50,0.87,0.9666,1,0.87,0.9666,1,0.875,0.9722,219,1
SPY190717C301,2019-07-15,2019-07-15 09:31:29,0.88,0.9777,50,0.87,0.9666,10,0.87,0.9666,1,0.875,0.9722,219,0
SPY190717C301,2019-07-15,2019-07-15 09:31:30,0.89,0.9888,19,0.87,0.9666,19,0.87,0.9666,1,0.88,0.9777,219,0
SPY190717C301,2019-07-15,2019-07-15 09:31:31,0.89,0.9888,119,0.88,0.9777,1,0.88,0.9777,1,0.885,0.9833,220,1
SPY190717C301,2019-07-15,2019-07-15 09:31:31,0.89,0.9888,119,0.87,0.9666,158,0.87,0.9666,1,0.88,0.9777,219,0
SPY190717C301,2019-07-15,2019-07-15 09:31:32,0.89,0.9888,28,0.88,0.9777,1,0.88,0.9777,1,0.885,0.9833,220,0
SPY190717C301,2019-07-15,2019-07-15 09:31:33,0.89,0.9888,6,0.87,0.9666,54,0.88,0.9777,1,0.88,0.9777,220,0
SPY190717C301,2019-07-15,2019-07-15 09:31:33,0.89,0.9888,28,0.87,0.9666,515,0.88,0.9777,1,0.88,0.9777,220,0
SPY190717C301,2019-07-15,2019-07-15 09:31:34,0.89,0.9888,96,0.87,0.9666,154,0.88,0.9777,1,0.88,0.9777,220,0
SPY190717C301,2019-07-15,2019-07-15 09:31:35,0.88,0.9777,19,0.87,0.9666,154,0.88,0.9777,1,0.875,0.9722,221,0
SPY190717C301,2019-07-15,2019-07-15 09:31:35,0.89,0.9888,96,0.87,0.9666,154,0.88,0.9777,1,0.88,0.9777,221,1
SPY190717C301,2019-07-15,2019-07-15 09:31:36,0.88,0.9777,19,0.87,0.9666,154,0.88,0.9777,1,0.875,0.9722,221,0
SPY190717C301,2019-07-15,2019-07-15 09:31:37,0.88,0.9777,19,0.87,0.9666,233,0.88,0.9777,1,0.875,0.9722,221,0
SPY190717C301,2019-07-15,2019-07-15 09:31:37,0.89,0.9888,98,0.87,0.9666,272,0.88,0.9777,3,0.88,0.9777,224,3
SPY190717C301,2019-07-15,2019-07-15 09:31:42,0.89,0.9888,146,0.87,0.9666,436,0.88,0.9777,3,0.88,0.9777,224,0
SPY190717C301,2019-07-15,2019-07-15 09:31:43,0.89,0.9888,146,0.87,0.9666,436,0.88,0.9777,3,0.88,0.9777,224,0
SPY190717C301,2019-07-15,2019-07-15 09:31:44,0.88,0.9777,1,0.87,0.9666,436,0.88,0.9777,2,0.875,0.9722,226,2
SPY190717C301,2019-07-15,2019-07-15 09:31:45,0.89,0.9888,146,0.87,0.9666,436,0.88,0.9777,2,0.88,0.9777,226,0
SPY190717C301,2019-07-15,2019-07-15 09:31:47,0.9,1.0,93,0.88,0.9777,240,0.88,0.9777,2,0.89,0.9888,226,0
SPY190717C301,2019-07-15,2019-07-15 09:31:47,0.9,1.0,100,0.88,0.9777,14,0.88,0.9777,2,0.89,0.9888,226,0
SPY190717C301,2019-07-15,2019-07-15 09:31:48,0.89,0.9888,89,0.88,0.9777,10,0.88,0.9777,2,0.885,0.9833,226,0
SPY190717C301,2019-07-15,2019-07-15 09:31:49,0.9,1.0,150,0.88,0.9777,518,0.88,0.9777,30,0.89,0.9888,256,30
SPY190717C301,2019-07-15,2019-07-15 09:31:49,0.89,0.9888,19,0.88,0.9777,10,0.88,0.9777,2,0.885,0.9833,226,0
SPY190717C301,2019-07-15,2019-07-15 09:31:50,0.9,1.0,150,0.88,0.9777,518,0.88,0.9777,30,0.89,0.9888,256,0
SPY190717C301,2019-07-15,2019-07-15 09:31:51,0.9,1.0,150,0.88,0.9777,518,0.88,0.9777,30,0.89,0.9888,256,0
SPY190717C301,2019-07-15,2019-07-15 09:31:52,0.9,1.0,202,0.88,0.9777,529,0.9,1.0,1,0.89,0.9888,257,1
SPY190717C301,2019-07-15,2019-07-15 09:31:52,0.9,1.0,150,0.88,0.9777,529,0.88,0.9777,30,0.89,0.9888,256,0
SPY190717C301,2019-07-15,2019-07-15 09:31:53,0.9,1.0,202,0.88,0.9777,659,0.9,1.0,1,0.89,0.9888,257,0
SPY190717C301,2019-07-15,2019-07-15 09:31:54,0.9,1.0,202,0.88,0.9777,659,0.9,1.0,1,0.89,0.9888,257,0
SPY190717C301,2019-07-15,2019-07-15 09:31:54,0.9,1.0,202,0.89,0.9888,16,0.89,0.9888,2,0.895,0.9944,259,2
SPY190717C301,2019-07-15,2019-07-15 09:31:55,0.91,1.0111,105,0.89,0.9888,432,0.89,0.9888,2,0.9,1.0,259,0
SPY190717C301,2019-07-15,2019-07-15 09:31:56,0.91,1.0111,105,0.89,0.9888,92,0.89,0.9888,2,0.9,1.0,259,0
SPY190717C301,2019-07-15,2019-07-15 09:31:57,0.91,1.0111,105,0.89,0.9888,582,0.89,0.9888,2,0.9,1.0,259,0
SPY190717C301,2019-07-15,2019-07-15 09:31:58,0.91,1.0111,19,0.89,0.9888,507,0.89,0.9888,2,0.9,1.0,259,0
SPY190717C301,2019-07-15,2019-07-15 09:31:58,0.91,1.0111,19,0.89,0.9888,697,0.89,0.9888,2,0.9,1.0,259,0
SPY190717C301,2019-07-15,2019-07-15 09:31:59,0.9,1.0,5,0.89,0.9888,697,0.89,0.9888,2,0.895,0.9944,259,0
SPY190717C301,2019-07-15,2019-07-15 09:31:59,0.91,1.0111,19,0.89,0.9888,697,0.89,0.9888,2,0.9,1.0,259,0
SPY190717C301,2019-07-15,2019-07-15 09:32:00,0.9,1.0,5,0.89,0.9888,626,0.89,0.9888,2,0.895,0.9944,259,0
SPY190717C301,2019-07-15,2019-07-15 09:32:00,0.9,1.0,5,0.89,0.9888,931,0.89,0.9888,2,0.895,0.9944,259,0
SPY190717C301,2019-07-15,2019-07-15 09:32:01,0.91,1.0111,19,0.9,1.0,1,0.9,1.0,1,0.905,1.0055,264,5
SPY190717C301,2019-07-15,2019-07-15 09:32:02,0.9,1.0,97,0.89,0.9888,100,0.9,1.0,1,0.895,0.9944,264,0
SPY190717C301,2019-07-15,2019-07-15 09:32:02,0.9,1.0,19,0.89,0.9888,100,0.9,1.0,1,0.895,0.9944,264,0
SPY190717C301,2019-07-15,2019-07-15 09:32:03,0.9,1.0,308,0.89,0.9888,100,0.9,1.0,1,0.895,0.9944,264,0
SPY190717C301,2019-07-15,2019-07-15 09:32:03,0.91,1.0111,13,0.89,0.9888,163,0.9,1.0,1,0.9,1.0,264,0
SPY190717C301,2019-07-15,2019-07-15 09:32:04,0.91,1.0111,44,0.89,0.9888,577,0.9,1.0,1,0.9,1.0,264,0
SPY190717C301,2019-07-15,2019-07-15 09:32:04,0.9,1.0,13,0.89,0.9888,211,0.9,1.0,1,0.895,0.9944,264,0
SPY190717C301,2019-07-15,2019-07-15 09:32:05,0.91,1.0111,44,0.89,0.9888,467,0.9,1.0,1,0.9,1.0,264,0
SPY190717C301,2019-07-15,2019-07-15 09:32:06,0.9,1.0,107,0.89,0.9888,467,0.9,1.0,1,0.895,0.9944,264,0
SPY190717C301,2019-07-15,2019-07-15 09:32:06,0.9,1.0,29,0.89,0.9888,467,0.9,1.0,1,0.895,0.9944,264,0
SPY190717C301,2019-07-15,2019-07-15 09:32:07,0.9,1.0,107,0.89,0.9888,102,0.9,1.0,1,0.895,0.9944,264,0
SPY190717C301,2019-07-15,2019-07-15 09:32:08,0.9,1.0,107,0.89,0.9888,102,0.9,1.0,1,0.895,0.9944,264,0
SPY190717C301,2019-07-15,2019-07-15 09:32:08,0.9,1.0,157,0.89,0.9888,100,0.9,1.0,1,0.895,0.9944,264,0
SPY190717C301,2019-07-15,2019-07-15 09:32:09,0.9,1.0,157,0.89,0.9888,100,0.9,1.0,1,0.895,0.9944,264,0
SPY190717C301,2019-07-15,2019-07-15 09:32:10,0.89,0.9888,180,0.88,0.9777,5,0.89,0.9888,1,0.885,0.9833,373,109
SPY190717C301,2019-07-15,2019-07-15 09:32:10,0.89,0.9888,119,0.88,0.9777,5,0.88,0.9777,10,0.885,0.9833,383,10
SPY190717C301,2019-07-15,2019-07-15 09:32:11,0.89,0.9888,13,0.88,0.9777,5,0.88,0.9777,10,0.885,0.9833,383,0
SPY190717C301,2019-07-15,2019-07-15 09:32:12,0.9,1.0,206,0.88,0.9777,93,0.88,0.9777,12,0.89,0.9888,395,0
SPY190717C301,2019-07-15,2019-07-15 09:32:12,0.89,0.9888,13,0.88,0.9777,410,0.88,0.9777,12,0.885,0.9833,395,12
SPY190717C301,2019-07-15,2019-07-15 09:32:13,0.89,0.9888,33,0.88,0.9777,454,0.88,0.9777,12,0.885,0.9833,395,0
SPY190717C301,2019-07-15,2019-07-15 09:32:13,0.89,0.9888,33,0.88,0.9777,402,0.88,0.9777,12,0.885,0.9833,395,0
SPY190717C301,2019-07-15,2019-07-15 09:32:14,0.89,0.9888,29,0.88,0.9777,454,0.88,0.9777,12,0.885,0.9833,395,0
SPY190717C301,2019-07-15,2019-07-15 09:32:15,0.89,0.9888,39,0.88,0.9777,362,0.88,0.9777,12,0.885,0.9833,395,0
SPY190717C301,2019-07-15,2019-07-15 09:32:15,0.89,0.9888,89,0.88,0.9777,8,0.88,0.9777,12,0.885,0.9833,395,0
SPY190717C301,2019-07-15,2019-07-15 09:32:16,0.89,0.9888,120,0.88,0.9777,8,0.88,0.9777,5,0.885,0.9833,400,5
SPY190717C301,2019-07-15,2019-07-15 09:32:16,0.89,0.9888,139,0.88,0.9777,8,0.88,0.9777,12,0.885,0.9833,395,0
SPY190717C301,2019-07-15,2019-07-15 09:32:17,0.88,0.9777,54,0.87,0.9666,10,0.88,0.9777,5,0.875,0.9722,400,0
SPY190717C301,2019-07-15,2019-07-15 09:32:17,0.89,0.9888,120,0.87,0.9666,26,0.88,0.9777,5,0.88,0.9777,400,0
SPY190717C301,2019-07-15,2019-07-15 09:32:18,0.88,0.9777,54,0.87,0.9666,39,0.88,0.9777,5,0.875,0.9722,400,0
SPY190717C301,2019-07-15,2019-07-15 09:32:19,0.89,0.9888,19,0.88,0.9777,26,0.88,0.9777,5,0.885,0.9833,400,0
SPY190717C301,2019-07-15,2019-07-15 09:32:19,0.89,0.9888,44,0.87,0.9666,423,0.88,0.9777,5,0.88,0.9777,400,0
SPY190717C301,2019-07-15,2019-07-15 09:32:20,0.88,0.9777,29,0.87,0.9666,450,0.88,0.9777,5,0.875,0.9722,400,0
SPY190717C301,2019-07-15,2019-07-15 09:32:20,0.88,0.9777,38,0.87,0.9666,406,0.88,0.9777,5,0.875,0.9722,400,0
SPY190717C301,2019-07-15,2019-07-15 09:32:21,0.88,0.9777,44,0.87,0.9666,406,0.88,0.9777,5,0.875,0.9722,400,0
SPY190717C301,2019-07-15,2019-07-15 09:32:21,0.88,0.9777,38,0.87,0.9666,406,0.88,0.9777,5,0.875,0.9722,400,0
SPY190717C301,2019-07-15,2019-07-15 09:32:22,0.88,0.9777,29,0.87,0.9666,406,0.88,0.9777,5,0.875,0.9722,400,0
SPY190717C301,2019-07-15,2019-07-15 09:32:23,0.88,0.9777,78,0.87,0.9666,10,0.88,0.9777,5,0.875,0.9722,400,0
SPY190717C301,2019-07-15,2019-07-15 09:32:23,0.88,0.9777,44,0.87,0.9666,209,0.88,0.9777,5,0.875,0.9722,400,0
SPY190717C301,2019-07-15,2019-07-15 09:32:24,0.88,0.9777,29,0.87,0.9666,91,0.88,0.9777,5,0.875,0.9722,400,0
SPY190717C301,2019-07-15,2019-07-15 09:32:25,0.9,1.0,415,0.87,0.9666,148,0.88,0.9777,5,0.885,0.9833,400,0
SPY190717C301,2019-07-15,2019-07-15 09:32:26,0.89,0.9888,58,0.87,0.9666,619,0.88,0.9777,5,0.88,0.9777,400,0
SPY190717C301,2019-07-15,2019-07-15 09:32:26,0.89,0.9888,19,0.87,0.9666,529,0.88,0.9777,5,0.88,0.9777,400,0
SPY190717C301,2019-07-15,2019-07-15 09:32:27,0.88,0.9777,15,0.87,0.9666,33,0.88,0.9777,5,0.875,0.9722,400,0
SPY190717C301,2019-07-15,2019-07-15 09:32:27,0.89,0.9888,121,0.87,0.9666,30,0.88,0.9777,5,0.88,0.9777,400,0
SPY190717C301,2019-07-15,2019-07-15 09:32:28,0.88,0.9777,15,0.87,0.9666,28,0.88,0.9777,5,0.875,0.9722,400,0
SPY190717C301,2019-07-15,2019-07-15 09:32:29,0.88,0.9777,41,0.87,0.9666,28,0.88,0.9777,5,0.875,0.9722,400,0
SPY190717C301,2019-07-15,2019-07-15 09:32:29,0.88,0.9777,41,0.87,0.9666,32,0.88,0.9777,5,0.875,0.9722,400,0
SPY190717C301,2019-07-15,2019-07-15 09:32:30,0.88,0.9777,130,0.87,0.9666,15,0.88,0.9777,5,0.875,0.9722,400,0
SPY190717C301,2019-07-15,2019-07-15 09:32:31,0.88,0.9777,80,0.87,0.9666,15,0.88,0.9777,5,0.875,0.9722,400,0
SPY190717C301,2019-07-15,2019-07-15 09:32:31,0.88,0.9777,86,0.87,0.9666,15,0.88,0.9777,1,0.875,0.9722,401,1
SPY190717C301,2019-07-15,2019-07-15 09:32:32,0.88,0.9777,86,0.87,0.9666,15,0.88,0.9777,1,0.875,0.9722,401,0
SPY190717C301,2019-07-15,2019-07-15 09:32:32,0.88,0.9777,80,0.87,0.9666,15,0.88,0.9777,1,0.875,0.9722,401,0
SPY190717C301,2019-07-15,2019-07-15 09:32:33,0.88,0.9777,83,0.87,0.9666,15,0.88,0.9777,1,0.875,0.9722,401,0
SPY190717C301,2019-07-15,2019-07-15 09:32:34,0.88,0.9777,83,0.87,0.9666,15,0.88,0.9777,2,0.875,0.9722,403,2
SPY190717C301,2019-07-15,2019-07-15 09:32:35,0.87,0.9666,78,0.86,0.9555,4,0.87,0.9666,10,0.865,0.9611,413,10
SPY190717C301,2019-07-15,2019-07-15 09:32:35,0.87,0.9666,78,0.85,0.9444,332,0.87,0.9666,10,0.86,0.9555,423,10
SPY190717C301,2019-07-15,2019-07-15 09:32:36,0.87,0.9666,78,0.85,0.9444,516,0.87,0.9666,10,0.86,0.9555,423,0
SPY190717C301,2019-07-15,2019-07-15 09:32:36,0.87,0.9666,91,0.85,0.9444,516,0.87,0.9666,10,0.86,0.9555,423,0
SPY190717C301,2019-07-15,2019-07-15 09:32:37,0.87,0.9666,78,0.85,0.9444,516,0.87,0.9666,10,0.86,0.9555,423,0
SPY190717C301,2019-07-15,2019-07-15 09:32:38,0.87,0.9666,78,0.85,0.9444,516,0.87,0.9666,10,0.86,0.9555,423,0
SPY190717C301,2019-07-15,2019-07-15 09:32:38,0.87,0.9666,78,0.85,0.9444,659,0.87,0.9666,10,0.86,0.9555,423,0
SPY190717C301,2019-07-15,2019-07-15 09:32:39,0.87,0.9666,78,0.85,0.9444,577,0.87,0.9666,11,0.86,0.9555,434,11
SPY190717C301,2019-07-15,2019-07-15 09:32:40,0.88,0.9777,72,0.85,0.9444,263,0.87,0.9666,11,0.865,0.9611,434,0
SPY190717C301,2019-07-15,2019-07-15 09:32:40,0.88,0.9777,164,0.86,0.9555,524,0.87,0.9666,11,0.87,0.9666,434,0
SPY190717C301,2019-07-15,2019-07-15 09:32:41,0.87,0.9666,34,0.86,0.9555,371,0.87,0.9666,11,0.865,0.9611,434,0
SPY190717C301,2019-07-15,2019-07-15 09:32:41,0.87,0.9666,34,0.86,0.9555,459,0.87,0.9666,11,0.865,0.9611,434,0
SPY190717C301,2019-07-15,2019-07-15 09:32:42,0.87,0.9666,63,0.86,0.9555,372,0.87,0.9666,11,0.865,0.9611,434,0
SPY190717C301,2019-07-15,2019-07-15 09:32:42,0.87,0.9666,73,0.85,0.9444,535,0.87,0.9666,11,0.86,0.9555,434,0
SPY190717C301,2019-07-15,2019-07-15 09:32:43,0.87,0.9666,73,0.85,0.9444,685,0.87,0.9666,11,0.86,0.9555,434,0
SPY190717C301,2019-07-15,2019-07-15 09:32:43,0.87,0.9666,73,0.85,0.9444,535,0.87,0.9666,11,0.86,0.9555,434,0
SPY190717C301,2019-07-15,2019-07-15 09:32:44,0.88,0.9777,330,0.85,0.9444,712,0.87,0.9666,11,0.865,0.9611,434,0
SPY190717C301,2019-07-15,2019-07-15 09:32:45,0.87,0.9666,110,0.85,0.9444,535,0.87,0.9666,11,0.86,0.9555,434,0
SPY190717C301,2019-07-15,2019-07-15 09:32:45,0.87,0.9666,115,0.85,0.9444,485,0.87,0.9666,11,0.86,0.9555,434,0
SPY190717C301,2019-07-15,2019-07-15 09:32:46,0.87,0.9666,33,0.85,0.9444,435,0.87,0.9666,11,0.86,0.9555,434,0
SPY190717C301,2019-07-15,2019-07-15 09:32:46,0.87,0.9666,33,0.85,0.9444,535,0.85,0.9444,1,0.86,0.9555,435,1
SPY190717C301,2019-07-15,2019-07-15 09:32:47,0.87,0.9666,33,0.85,0.9444,535,0.85,0.9444,1,0.86,0.9555,435,0
SPY190717C301,2019-07-15,2019-07-15 09:32:48,0.87,0.9666,74,0.85,0.9444,537,0.85,0.9444,1,0.86,0.9555,435,0
SPY190717C301,2019-07-15,2019-07-15 09:32:49,0.86,0.9555,29,0.85,0.9444,388,0.85,0.9444,1,0.855,0.95,435,0
SPY190717C301,2019-07-15,2019-07-15 09:32:49,0.87,0.9666,79,0.85,0.9444,532,0.85,0.9444,1,0.86,0.9555,435,0
SPY190717C301,2019-07-15,2019-07-15 09:32:50,0.86,0.9555,29,0.85,0.9444,388,0.85,0.9444,1,0.855,0.95,435,0
SPY190717C301,2019-07-15,2019-07-15 09:32:51,0.86,0.9555,42,0.85,0.9444,388,0.85,0.9444,1,0.855,0.95,435,0
SPY190717C301,2019-07-15,2019-07-15 09:32:52,0.86,0.9555,36,0.85,0.9444,388,0.85,0.9444,1,0.855,0.95,435,0
SPY190717C301,2019-07-15,2019-07-15 09:32:52,0.86,0.9555,29,0.85,0.9444,388,0.85,0.9444,1,0.855,0.95,435,0
SPY190717C301,2019-07-15,2019-07-15 09:32:53,0.86,0.9555,23,0.85,0.9444,453,0.85,0.9444,1,0.855,0.95,435,0
SPY190717C301,2019-07-15,2019-07-15 09:32:54,0.86,0.9555,23,0.85,0.9444,453,0.85,0.9444,1,0.855,0.95,435,0
SPY190717C301,2019-07-15,2019-07-15 09:32:54,0.87,0.9666,134,0.85,0.9444,406,0.85,0.9444,1,0.86,0.9555,435,0
SPY190717C301,2019-07-15,2019-07-15 09:32:55,0.86,0.9555,134,0.85,0.9444,1,0.85,0.9444,1,0.855,0.95,435,0
SPY190717C301,2019-07-15,2019-07-15 09:32:56,0.86,0.9555,441,0.85,0.9444,1,0.85,0.9444,1,0.855,0.95,435,0
SPY190717C301,2019-07-15,2019-07-15 09:32:56,0.86,0.9555,479,0.85,0.9444,1,0.85,0.9444,1,0.855,0.95,435,0
SPY190717C301,2019-07-15,2019-07-15 09:32:57,0.86,0.9555,499,0.85,0.9444,1,0.85,0.9444,1,0.855,0.95,435,0
SPY190717C301,2019-07-15,2019-07-15 09:32:58,0.86,0.9555,184,0.85,0.9444,2,0.85,0.9444,1,0.855,0.95,435,0
SPY190717C301,2019-07-15,2019-07-15 09:32:58,0.85,0.9444,684,0.84,0.9333,37,0.85,0.9444,1,0.845,0.9388,438,3
SPY190717C301,2019-07-15,2019-07-15 09:32:59,0.83,0.9222,169,0.82,0.9111,3,0.85,0.9444,1,0.825,0.9166,438,0
SPY190717C301,2019-07-15,2019-07-15 09:33:00,0.83,0.9222,169,0.82,0.9111,1,0.85,0.9444,1,0.825,0.9166,438,0
SPY190717C301,2019-07-15,2019-07-15 09:33:00,0.83,0.9222,81,0.82,0.9111,1,0.85,0.9444,1,0.825,0.9166,438,0
SPY190717C301,2019-07-15,2019-07-15 09:33:01,0.85,0.9444,361,0.82,0.9111,481,0.85,0.9444,1,0.835,0.9277,438,0
SPY190717C301,2019-07-15,2019-07-15 09:33:01,0.84,0.9333,31,0.82,0.9111,486,0.85,0.9444,1,0.83,0.9222,438,0
SPY190717C301,2019-07-15,2019-07-15 09:33:02,0.84,0.9333,37,0.83,0.9222,19,0.85,0.9444,1,0.835,0.9277,438,0
SPY190717C301,2019-07-15,2019-07-15 09:33:02,0.84,0.9333,38,0.83,0.9222,368,0.85,0.9444,1,0.835,0.9277,438,0
SPY190717C301,2019-07-15,2019-07-15 09:33:03,0.85,0.9444,86,0.83,0.9222,19,0.84,0.9333,3,0.84,0.9333,441,3
SPY190717C301,2019-07-15,2019-07-15 09:33:04,0.85,0.9444,29,0.83,0.9222,536,0.84,0.9333,3,0.84,0.9333,441,0
SPY190717C301,2019-07-15,2019-07-15 09:33:04,0.85,0.9444,29,0.83,0.9222,538,0.84,0.9333,3,0.84,0.9333,441,0
SPY190717C301,2019-07-15,2019-07-15 09:33:05,0.85,0.9444,41,0.83,0.9222,574,0.84,0.9333,3,0.84,0.9333,441,0
SPY190717C301,2019-07-15,2019-07-15 09:33:05,0.84,0.9333,35,0.83,0.9222,65,0.84,0.9333,3,0.835,0.9277,441,0
SPY190717C301,2019-07-15,2019-07-15 09:33:06,0.85,0.9444,70,0.83,0.9222,541,0.84,0.9333,3,0.84,0.9333,441,0
SPY190717C301,2019-07-15,2019-07-15 09:33:06,0.85,0.9444,62,0.83,0.9222,546,0.84,0.9333,3,0.84,0.9333,441,0
SPY190717C301,2019-07-15,2019-07-15 09:33:07,0.85,0.9444,70,0.83,0.9222,541,0.84,0.9333,3,0.84,0.9333,441,0
SPY190717C301,2019-07-15,2019-07-15 09:33:08,0.85,0.9444,70,0.83,0.9222,541,0.84,0.9333,3,0.84,0.9333,441,0
SPY190717C301,2019-07-15,2019-07-15 09:33:08,0.85,0.9444,40,0.83,0.9222,541,0.84,0.9333,3,0.84,0.9333,441,0
SPY190717C301,2019-07-15,2019-07-15 09:33:09,0.85,0.9444,41,0.84,0.9333,73,0.84,0.9333,3,0.845,0.9388,441,0
SPY190717C301,2019-07-15,2019-07-15 09:33:09,0.85,0.9444,41,0.83,0.9222,937,0.84,0.9333,3,0.84,0.9333,441,0
SPY190717C301,2019-07-15,2019-07-15 09:33:10,0.85,0.9444,74,0.83,0.9222,937,0.84,0.9333,3,0.84,0.9333,441,0
SPY190717C301,2019-07-15,2019-07-15 09:33:11,0.84,0.9333,41,0.83,0.9222,50,0.84,0.9333,3,0.835,0.9277,441,0
SPY190717C301,2019-07-15,2019-07-15 09:33:12,0.84,0.9333,29,0.83,0.9222,171,0.84,0.9333,3,0.835,0.9277,441,0
SPY190717C301,2019-07-15,2019-07-15 09:33:12,0.85,0.9444,65,0.83,0.9222,158,0.84,0.9333,3,0.84,0.9333,441,0
SPY190717C301,2019-07-15,2019-07-15 09:33:13,0.85,0.9444,79,0.83,0.9222,174,0.84,0.9333,3,0.84,0.9333,441,0
SPY190717C301,2019-07-15,2019-07-15 09:33:13,0.85,0.9444,161,0.84,0.9333,2,0.84,0.9333,3,0.845,0.9388,441,0
SPY190717C301,2019-07-15,2019-07-15 09:33:14,0.86,0.9555,63,0.84,0.9333,77,0.84,0.9333,3,0.85,0.9444,441,0
SPY190717C301,2019-07-15,2019-07-15 09:33:15,0.86,0.9555,29,0.84,0.9333,180,0.84,0.9333,3,0.85,0.9444,441,0
SPY190717C301,2019-07-15,2019-07-15 09:33:15,0.86,0.9555,37,0.84,0.9333,537,0.84,0.9333,3,0.85,0.9444,441,0
SPY190717C301,2019-07-15,2019-07-15 09:33:16,0.85,0.9444,32,0.84,0.9333,648,0.84,0.9333,1,0.845,0.9388,442,1
SPY190717C301,2019-07-15,2019-07-15 09:33:16,0.86,0.9555,37,0.84,0.9333,648,0.84,0.9333,1,0.85,0.9444,442,0
SPY190717C301,2019-07-15,2019-07-15 09:33:17,0.86,0.9555,37,0.84,0.9333,882,0.84,0.9333,1,0.85,0.9444,442,0
SPY190717C301,2019-07-15,2019-07-15 09:33:18,0.87,0.9666,40,0.85,0.9444,145,0.84,0.9333,1,0.86,0.9555,442,0
SPY190717C301,2019-07-15,2019-07-15 09:33:18,0.86,0.9555,37,0.84,0.9333,882,0.84,0.9333,1,0.85,0.9444,442,0
SPY190717C301,2019-07-15,2019-07-15 09:33:19,0.87,0.9666,89,0.86,0.9555,20,0.84,0.9333,1,0.865,0.9611,442,0
SPY190717C301,2019-07-15,2019-07-15 09:33:19,0.87,0.9666,40,0.85,0.9444,435,0.84,0.9333,1,0.86,0.9555,442,0
SPY190717C301,2019-07-15,2019-07-15 09:33:20,0.86,0.9555,237,0.84,0.9333,363,0.84,0.9333,1,0.85,0.9444,442,0
SPY190717C301,2019-07-15,2019-07-15 09:33:21,0.85,0.9444,50,0.84,0.9333,76,0.85,0.9444,19,0.845,0.9388,542,100
SPY190717C301,2019-07-15,2019-07-15 09:33:21,0.86,0.9555,896,0.83,0.9222,614,0.85,0.9444,19,0.845,0.9388,542,0
SPY190717C301,2019-07-15,2019-07-15 09:33:22,0.86,0.9555,662,0.83,0.9222,614,0.85,0.9444,19,0.845,0.9388,542,0
SPY190717C301,2019-07-15,2019-07-15 09:33:23,0.85,0.9444,29,0.83,0.9222,630,0.85,0.9444,19,0.84,0.9333,542,0
SPY190717C301,2019-07-15,2019-07-15 09:33:24,0.86,0.9555,137,0.84,0.9333,175,0.85,0.9444,19,0.85,0.9444,542,0
SPY190717C301,2019-07-15,2019-07-15 09:33:25,0.85,0.9444,29,0.84,0.9333,381,0.85,0.9444,19,0.845,0.9388,542,0
SPY190717C301,2019-07-15,2019-07-15 09:33:25,0.85,0.9444,25,0.84,0.9333,144,0.84,0.9333,6,0.845,0.9388,548,6
SPY190717C301,2019-07-15,2019-07-15 09:33:26,0.85,0.9444,29,0.84,0.9333,2,0.84,0.9333,6,0.845,0.9388,548,0
SPY190717C301,2019-07-15,2019-07-15 09:33:27,0.85,0.9444,65,0.84,0.9333,2,0.84,0.9333,6,0.845,0.9388,548,0
SPY190717C301,2019-07-15,2019-07-15 09:33:28,0.85,0.9444,115,0.84,0.9333,2,0.84,0.9333,6,0.845,0.9388,548,0
SPY190717C301,2019-07-15,2019-07-15 09:33:28,0.85,0.9444,966,0.84,0.9333,2,0.84,0.9333,6,0.845,0.9388,548,0
SPY190717C301,2019-07-15,2019-07-15 09:33:29,0.84,0.9333,71,0.82,0.9111,600,0.84,0.9333,2,0.83,0.9222,550,2
SPY190717C301,2019-07-15,2019-07-15 09:33:29,0.83,0.9222,5,0.82,0.9111,482,0.84,0.9333,2,0.825,0.9166,550,0
SPY190717C301,2019-07-15,2019-07-15 09:33:30,0.83,0.9222,29,0.82,0.9111,1,0.82,0.9111,10,0.825,0.9166,560,0
SPY190717C301,2019-07-15,2019-07-15 09:33:30,0.83,0.9222,129,0.82,0.9111,1,0.82,0.9111,10,0.825,0.9166,560,10
SPY190717C301,2019-07-15,2019-07-15 09:33:31,0.84,0.9333,124,0.82,0.9111,550,0.82,0.9111,10,0.83,0.9222,560,0
SPY190717C301,2019-07-15,2019-07-15 09:33:32,0.85,0.9444,149,0.83,0.9222,187,0.82,0.9111,10,0.84,0.9333,560,0
SPY190717C301,2019-07-15,2019-07-15 09:33:33,0.84,0.9333,31,0.82,0.9111,606,0.82,0.9111,10,0.83,0.9222,560,0
SPY190717C301,2019-07-15,2019-07-15 09:33:33,0.84,0.9333,54,0.83,0.9222,39,0.82,0.9111,10,0.835,0.9277,560,0
SPY190717C301,2019-07-15,2019-07-15 09:33:34,0.85,0.9444,563,0.83,0.9222,89,0.82,0.9111,10,0.84,0.9333,560,0
SPY190717C301,2019-07-15,2019-07-15 09:33:34,0.84,0.9333,69,0.82,0.9111,600,0.82,0.9111,10,0.83,0.9222,560,0
SPY190717C301,2019-07-15,2019-07-15 09:33:35,0.84,0.9333,69,0.82,0.9111,559,0.82,0.9111,10,0.83,0.9222,560,0
SPY190717C301,2019-07-15,2019-07-15 09:33:36,0.83,0.9222,194,0.82,0.9111,1,0.83,0.9222,1,0.825,0.9166,571,11
SPY190717C301,2019-07-15,2019-07-15 09:33:36,0.83,0.9222,129,0.82,0.9111,1,0.82,0.9111,10,0.825,0.9166,560,0
SPY190717C301,2019-07-15,2019-07-15 09:33:37,0.83,0.9222,345,0.82,0.9111,1,0.83,0.9222,1,0.825,0.9166,571,0
SPY190717C301,2019-07-15,2019-07-15 09:33:37,0.83,0.9222,244,0.82,0.9111,1,0.83,0.9222,1,0.825,0.9166,571,0
SPY190717C301,2019-07-15,2019-07-15 09:33:38,0.83,0.9222,345,0.82,0.9111,1,0.83,0.9222,1,0.825,0.9166,571,0
SPY190717C301,2019-07-15,2019-07-15 09:33:39,0.83,0.9222,532,0.82,0.9111,1,0.83,0.9222,1,0.825,0.9166,571,0
SPY190717C301,2019-07-15,2019-07-15 09:33:39,0.83,0.9222,432,0.82,0.9111,1,0.83,0.9222,1,0.825,0.9166,571,0
SPY190717C301,2019-07-15,2019-07-15 09:33:40,0.83,0.9222,432,0.82,0.9111,1,0.83,0.9222,1,0.825,0.9166,571,0
SPY190717C301,2019-07-15,2019-07-15 09:33:40,0.83,0.9222,532,0.82,0.9111,1,0.83,0.9222,1,0.825,0.9166,571,0
SPY190717C301,2019-07-15,2019-07-15 09:33:41,0.83,0.9222,432,0.82,0.9111,1,0.83,0.9222,1,0.825,0.9166,571,0
SPY190717C301,2019-07-15,2019-07-15 09:33:42,0.83,0.9222,532,0.82,0.9111,1,0.83,0.9222,1,0.825,0.9166,571,0
SPY190717C301,2019-07-15,2019-07-15 09:33:43,0.83,0.9222,432,0.82,0.9111,1,0.83,0.9222,1,0.825,0.9166,571,0
SPY190717C301,2019-07-15,2019-07-15 09:33:44,0.83,0.9222,459,0.8,0.8888,543,0.82,0.9111,1,0.815,0.9055,573,2
SPY190717C301,2019-07-15,2019-07-15 09:33:45,0.82,0.9111,187,0.8,0.8888,194,0.82,0.9111,1,0.81,0.9,573,0
SPY190717C301,2019-07-15,2019-07-15 09:33:46,0.82,0.9111,187,0.8,0.8888,291,0.8,0.8888,1,0.81,0.9,574,0
SPY190717C301,2019-07-15,2019-07-15 09:33:46,0.82,0.9111,187,0.8,0.8888,194,0.8,0.8888,1,0.81,0.9,574,1
SPY190717C301,2019-07-15,2019-07-15 09:33:47,0.82,0.9111,187,0.8,0.8888,291,0.8,0.8888,1,0.81,0.9,574,0
SPY190717C301,2019-07-15,2019-07-15 09:33:48,0.81,0.9,19,0.8,0.8888,104,0.8,0.8888,1,0.805,0.8944,574,0
SPY190717C301,2019-07-15,2019-07-15 09:33:48,0.82,0.9111,206,0.8,0.8888,104,0.8,0.8888,1,0.81,0.9,574,0
SPY190717C301,2019-07-15,2019-07-15 09:33:49,0.81,0.9,41,0.8,0.8888,105,0.8,0.8888,1,0.805,0.8944,574,0
SPY190717C301,2019-07-15,2019-07-15 09:33:49,0.81,0.9,13,0.79,0.8777,283,0.8,0.8888,1,0.8,0.8888,574,0
SPY190717C301,2019-07-15,2019-07-15 09:33:50,0.81,0.9,146,0.79,0.8777,133,0.8,0.8888,1,0.8,0.8888,574,0
SPY190717C301,2019-07-15,2019-07-15 09:33:50,0.8,0.8888,44,0.79,0.8777,65,0.8,0.8888,1,0.795,0.8833,575,1
SPY190717C301,2019-07-15,2019-07-15 09:33:51,0.8,0.8888,41,0.79,0.8777,38,0.8,0.8888,3,0.795,0.8833,578,3
SPY190717C301,2019-07-15,2019-07-15 09:33:52,0.79,0.8777,29,0.78,0.8666,1,0.79,0.8777,4,0.785,0.8722,586,8
SPY190717C301,2019-07-15,2019-07-15 09:33:52,0.8,0.8888,607,0.79,0.8777,38,0.8,0.8888,3,0.795,0.8833,578,0
SPY190717C301,2019-07-15,2019-07-15 09:33:53,0.79,0.8777,19,0.78,0.8666,35,0.79,0.8777,4,0.785,0.8722,586,0
SPY190717C301,2019-07-15,2019-07-15 09:33:53,0.79,0.8777,55,0.78,0.8666,20,0.79,0.8777,4,0.785,0.8722,586,0
SPY190717C301,2019-07-15,2019-07-15 09:33:54,0.79,0.8777,51,0.78,0.8666,35,0.79,0.8777,4,0.785,0.8722,586,0
SPY190717C301,2019-07-15,2019-07-15 09:33:54,0.79,0.8777,509,0.78,0.8666,25,0.78,0.8666,1,0.785,0.8722,587,1
SPY190717C301,2019-07-15,2019-07-15 09:33:55,0.78,0.8666,29,0.78,0.8666,25,0.78,0.8666,1,0.78,0.8666,588,1
SPY190717C301,2019-07-15,2019-07-15 09:33:56,0.78,0.8666,78,0.76,0.8444,235,0.78,0.8666,1,0.77,0.8555,588,0
SPY190717C301,2019-07-15,2019-07-15 09:33:56,0.78,0.8666,78,0.76,0.8444,286,0.78,0.8666,1,0.77,0.8555,588,0
SPY190717C301,2019-07-15,2019-07-15 09:33:57,0.78,0.8666,209,0.76,0.8444,193,0.78,0.8666,1,0.77,0.8555,588,0
SPY190717C301,2019-07-15,2019-07-15 09:33:57,0.78,0.8666,170,0.76,0.8444,143,0.78,0.8666,1,0.77,0.8555,588,0
SPY190717C301,2019-07-15,2019-07-15 09:33:58,0.77,0.8555,117,0.76,0.8444,13,0.78,0.8666,1,0.765,0.85,588,0
SPY190717C301,2019-07-15,2019-07-15 09:33:59,0.78,0.8666,131,0.76,0.8444,129,0.78,0.8666,1,0.77,0.8555,588,0
SPY190717C301,2019-07-15,2019-07-15 09:33:59,0.78,0.8666,151,0.76,0.8444,20,0.78,0.8666,1,0.77,0.8555,588,0
SPY190717C301,2019-07-15,2019-07-15 09:34:00,0.76,0.8444,29,0.75,0.8333,281,0.78,0.8666,1,0.755,0.8388,588,0
SPY190717C301,2019-07-15,2019-07-15 09:34:00,0.77,0.8555,164,0.75,0.8333,281,0.78,0.8666,1,0.76,0.8444,588,0
SPY190717C301,2019-07-15,2019-07-15 09:34:01,0.77,0.8555,54,0.75,0.8333,176,0.78,0.8666,1,0.76,0.8444,588,0
SPY190717C301,2019-07-15,2019-07-15 09:34:01,0.77,0.8555,55,0.75,0.8333,35,0.78,0.8666,1,0.76,0.8444,588,0
SPY190717C301,2019-07-15,2019-07-15 09:34:02,0.77,0.8555,193,0.75,0.8333,176,0.78,0.8666,1,0.76,0.8444,588,0
SPY190717C301,2019-07-15,2019-07-15 09:34:03,0.78,0.8666,129,0.77,0.8555,42,0.78,0.8666,1,0.775,0.8611,588,0
SPY190717C301,2019-07-15,2019-07-15 09:34:03,0.78,0.8666,164,0.76,0.8444,106,0.78,0.8666,1,0.77,0.8555,588,0
SPY190717C301,2019-07-15,2019-07-15 09:34:04,0.78,0.8666,19,0.77,0.8555,20,0.77,0.8555,5,0.775,0.8611,593,5
SPY190717C301,2019-07-15,2019-07-15 09:34:04,0.79,0.8777,209,0.77,0.8555,139,0.78,0.8666,1,0.78,0.8666,588,0
SPY190717C301,2019-07-15,2019-07-15 09:34:05,0.78,0.8666,75,0.77,0.8555,87,0.77,0.8555,5,0.775,0.8611,593,0
SPY190717C301,2019-07-15,2019-07-15 09:34:06,0.78,0.8666,107,0.77,0.8555,36,0.77,0.8555,5,0.775,0.8611,593,0
SPY190717C301,2019-07-15,2019-07-15 09:34:07,0.79,0.8777,253,0.78,0.8666,1,0.78,0.8666,1,0.785,0.8722,601,8
SPY190717C301,2019-07-15,2019-07-15 09:34:07,0.79,0.8777,551,0.77,0.8555,193,0.77,0.8555,5,0.78,0.8666,593,0
SPY190717C301,2019-07-15,2019-07-15 09:34:08,0.79,0.8777,253,0.78,0.8666,1,0.78,0.8666,1,0.785,0.8722,601,0
SPY190717C301,2019-07-15,2019-07-15 09:34:09,0.79,0.8777,15,0.78,0.8666,62,0.78,0.8666,1,0.785,0.8722,602,1
SPY190717C301,2019-07-15,2019-07-15 09:34:10,0.79,0.8777,143,0.77,0.8555,475,0.79,0.8777,1,0.78,0.8666,603,1
SPY190717C301,2019-07-15,2019-07-15 09:34:10,0.8,0.8888,193,0.78,0.8666,54,0.78,0.8666,1,0.79,0.8777,602,0
SPY190717C301,2019-07-15,2019-07-15 09:34:11,0.79,0.8777,148,0.77,0.8555,409,0.79,0.8777,1,0.78,0.8666,604,1
SPY190717C301,2019-07-15,2019-07-15 09:34:11,0.79,0.8777,148,0.77,0.8555,305,0.79,0.8777,1,0.78,0.8666,604,0
SPY190717C301,2019-07-15,2019-07-15 09:34:12,0.8,0.8888,448,0.78,0.8666,122,0.79,0.8777,1,0.79,0.8777,604,0
SPY190717C301,2019-07-15,2019-07-15 09:34:12,0.8,0.8888,586,0.78,0.8666,122,0.79,0.8777,1,0.79,0.8777,604,0
SPY190717C301,2019-07-15,2019-07-15 09:34:13,0.8,0.8888,448,0.78,0.8666,122,0.79,0.8777,50,0.79,0.8777,654,50
SPY190717C301,2019-07-15,2019-07-15 09:34:14,0.8,0.8888,406,0.78,0.8666,122,0.79,0.8777,50,0.79,0.8777,654,0
SPY190717C301,2019-07-15,2019-07-15 09:34:15,0.79,0.8777,192,0.77,0.8555,193,0.79,0.8777,50,0.78,0.8666,654,0
SPY190717C301,2019-07-15,2019-07-15 09:34:15,0.8,0.8888,256,0.77,0.8555,143,0.79,0.8777,50,0.785,0.8722,654,0
SPY190717C301,2019-07-15,2019-07-15 09:34:16,0.78,0.8666,31,0.77,0.8555,50,0.79,0.8777,50,0.775,0.8611,654,0
SPY190717C301,2019-07-15,2019-07-15 09:34:17,0.79,0.8777,142,0.77,0.8555,142,0.79,0.8777,50,0.78,0.8666,654,0
SPY190717C301,2019-07-15,2019-07-15 09:34:17,0.79,0.8777,142,0.77,0.8555,514,0.79,0.8777,50,0.78,0.8666,654,0
SPY190717C301,2019-07-15,2019-07-15 09:34:19,0.79,0.8777,192,0.77,0.8555,179,0.78,0.8666,1,0.78,0.8666,655,1
SPY190717C301,2019-07-15,2019-07-15 09:34:20,0.79,0.8777,192,0.77,0.8555,179,0.78,0.8666,1,0.78,0.8666,655,0
SPY190717C301,2019-07-15,2019-07-15 09:34:21,0.78,0.8666,1,0.77,0.8555,179,0.78,0.8666,1,0.775,0.8611,655,0
SPY190717C301,2019-07-15,2019-07-15 09:34:21,0.78,0.8666,1,0.77,0.8555,129,0.78,0.8666,1,0.775,0.8611,655,0
SPY190717C301,2019-07-15,2019-07-15 09:34:22,0.78,0.8666,1,0.77,0.8555,129,0.78,0.8666,1,0.775,0.8611,656,1
SPY190717C301,2019-07-15,2019-07-15 09:34:22,0.78,0.8666,155,0.77,0.8555,20,0.78,0.8666,1,0.775,0.8611,656,0
SPY190717C301,2019-07-15,2019-07-15 09:34:23,0.78,0.8666,195,0.76,0.8444,145,0.78,0.8666,1,0.77,0.8555,656,0
SPY190717C301,2019-07-15,2019-07-15 09:34:24,0.78,0.8666,211,0.76,0.8444,195,0.78,0.8666,1,0.77,0.8555,656,0
SPY190717C301,2019-07-15,2019-07-15 09:34:24,0.78,0.8666,248,0.76,0.8444,195,0.78,0.8666,1,0.77,0.8555,656,0
SPY190717C301,2019-07-15,2019-07-15 09:34:25,0.78,0.8666,211,0.76,0.8444,195,0.78,0.8666,1,0.77,0.8555,656,0
SPY190717C301,2019-07-15,2019-07-15 09:34:26,0.78,0.8666,215,0.76,0.8444,315,0.78,0.8666,1,0.77,0.8555,656,0
SPY190717C301,2019-07-15,2019-07-15 09:34:27,0.78,0.8666,215,0.76,0.8444,301,0.78,0.8666,1,0.77,0.8555,656,0
SPY190717C301,2019-07-15,2019-07-15 09:34:27,0.78,0.8666,251,0.76,0.8444,301,0.78,0.8666,1,0.77,0.8555,656,0
SPY190717C301,2019-07-15,2019-07-15 09:34:28,0.78,0.8666,578,0.76,0.8444,195,0.78,0.8666,1,0.77,0.8555,656,0
SPY190717C301,2019-07-15,2019-07-15 09:34:28,0.77,0.8555,104,0.76,0.8444,20,0.78,0.8666,1,0.765,0.85,656,0
SPY190717C301,2019-07-15,2019-07-15 09:34:29,0.77,0.8555,54,0.76,0.8444,46,0.78,0.8666,1,0.765,0.85,656,0
SPY190717C301,2019-07-15,2019-07-15 09:34:30,0.77,0.8555,75,0.75,0.8333,589,0.78,0.8666,1,0.76,0.8444,656,0
SPY190717C301,2019-07-15,2019-07-15 09:34:30,0.77,0.8555,70,0.76,0.8444,52,0.78,0.8666,1,0.765,0.85,656,0
SPY190717C301,2019-07-15,2019-07-15 09:34:31,0.77,0.8555,64,0.75,0.8333,831,0.78,0.8666,1,0.76,0.8444,656,0
SPY190717C301,2019-07-15,2019-07-15 09:34:31,0.77,0.8555,64,0.75,0.8333,794,0.78,0.8666,1,0.76,0.8444,656,0
SPY190717C301,2019-07-15,2019-07-15 09:34:32,0.77,0.8555,64,0.75,0.8333,1136,0.75,0.8333,1,0.76,0.8444,657,1
SPY190717C301,2019-07-15,2019-07-15 09:34:32,0.77,0.8555,64,0.75,0.8333,1136,0.75,0.8333,1,0.76,0.8444,657,0
SPY190717C301,2019-07-15,2019-07-15 09:34:33,0.77,0.8555,34,0.75,0.8333,1161,0.75,0.8333,1,0.76,0.8444,657,0
SPY190717C301,2019-07-15,2019-07-15 09:34:34,0.77,0.8555,34,0.75,0.8333,1106,0.75,0.8333,1,0.76,0.8444,657,0
SPY190717C301,2019-07-15,2019-07-15 09:34:34,0.77,0.8555,29,0.75,0.8333,1106,0.75,0.8333,1,0.76,0.8444,657,0
SPY190717C301,2019-07-15,2019-07-15 09:34:35,0.77,0.8555,41,0.75,0.8333,1106,0.75,0.8333,1,0.76,0.8444,657,0
SPY190717C301,2019-07-15,2019-07-15 09:34:35,0.77,0.8555,43,0.75,0.8333,1270,0.75,0.8333,1,0.76,0.8444,657,0
SPY190717C301,2019-07-15,2019-07-15 09:34:36,0.77,0.8555,124,0.75,0.8333,1270,0.75,0.8333,1,0.76,0.8444,657,0
SPY190717C301,2019-07-15,2019-07-15 09:34:37,0.77,0.8555,59,0.76,0.8444,74,0.75,0.8333,1,0.765,0.85,657,0
SPY190717C301,2019-07-15,2019-07-15 09:34:37,0.78,0.8666,145,0.76,0.8444,182,0.75,0.8333,1,0.77,0.8555,657,0
SPY190717C301,2019-07-15,2019-07-15 09:34:38,0.77,0.8555,110,0.75,0.8333,1394,0.75,0.8333,1,0.76,0.8444,657,0
SPY190717C301,2019-07-15,2019-07-15 09:34:38,0.77,0.8555,110,0.75,0.8333,1347,0.75,0.8333,1,0.76,0.8444,657,0
SPY190717C301,2019-07-15,2019-07-15 09:34:39,0.77,0.8555,1,0.76,0.8444,533,0.77,0.8555,2,0.765,0.85,659,0
SPY190717C301,2019-07-15,2019-07-15 09:34:39,0.77,0.8555,39,0.75,0.8333,1394,0.77,0.8555,2,0.76,0.8444,659,2
SPY190717C301,2019-07-15,2019-07-15 09:34:40,0.77,0.8555,24,0.76,0.8444,271,0.77,0.8555,2,0.765,0.85,659,0
SPY190717C301,2019-07-15,2019-07-15 09:34:40,0.78,0.8666,132,0.76,0.8444,634,0.77,0.8555,2,0.77,0.8555,659,0
SPY190717C301,2019-07-15,2019-07-15 09:34:41,0.78,0.8666,132,0.76,0.8444,619,0.77,0.8555,2,0.77,0.8555,659,0
SPY190717C301,2019-07-15,2019-07-15 09:34:42,0.78,0.8666,132,0.76,0.8444,785,0.77,0.8555,2,0.77,0.8555,659,0
SPY190717C301,2019-07-15,2019-07-15 09:34:42,0.78,0.8666,132,0.76,0.8444,890,0.77,0.8555,2,0.77,0.8555,659,0
SPY190717C301,2019-07-15,2019-07-15 09:34:43,0.78,0.8666,19,0.77,0.8555,99,0.77,0.8555,2,0.775,0.8611,659,0
SPY190717C301,2019-07-15,2019-07-15 09:34:43,0.78,0.8666,35,0.77,0.8555,99,0.77,0.8555,2,0.775,0.8611,659,0
SPY190717C301,2019-07-15,2019-07-15 09:34:44,0.78,0.8666,69,0.76,0.8444,889,0.77,0.8555,2,0.77,0.8555,659,0
SPY190717C301,2019-07-15,2019-07-15 09:34:44,0.78,0.8666,19,0.77,0.8555,149,0.77,0.8555,2,0.775,0.8611,659,0
SPY190717C301,2019-07-15,2019-07-15 09:34:45,0.78,0.8666,70,0.77,0.8555,29,0.77,0.8555,2,0.775,0.8611,659,0
SPY190717C301,2019-07-15,2019-07-15 09:34:46,0.78,0.8666,69,0.77,0.8555,29,0.77,0.8555,2,0.775,0.8611,659,0
SPY190717C301,2019-07-15,2019-07-15 09:34:46,0.78,0.8666,70,0.76,0.8444,1084,0.77,0.8555,2,0.77,0.8555,659,0
SPY190717C301,2019-07-15,2019-07-15 09:34:47,0.78,0.8666,65,0.77,0.8555,45,0.77,0.8555,2,0.775,0.8611,659,0
SPY190717C301,2019-07-15,2019-07-15 09:34:48,0.77,0.8555,51,0.76,0.8444,73,0.77,0.8555,2,0.765,0.85,659,0
SPY190717C301,2019-07-15,2019-07-15 09:34:48,0.78,0.8666,65,0.76,0.8444,619,0.77,0.8555,2,0.77,0.8555,659,0
SPY190717C301,2019-07-15,2019-07-15 09:34:49,0.77,0.8555,78,0.76,0.8444,88,0.77,0.8555,2,0.765,0.85,659,0
SPY190717C301,2019-07-15,2019-07-15 09:34:49,0.77,0.8555,51,0.76,0.8444,88,0.77,0.8555,2,0.765,0.85,659,0
SPY190717C301,2019-07-15,2019-07-15 09:34:50,0.77,0.8555,98,0.76,0.8444,70,0.77,0.8555,2,0.765,0.85,659,0
SPY190717C301,2019-07-15,2019-07-15 09:34:51,0.76,0.8444,100,0.74,0.8222,723,0.77,0.8555,2,0.75,0.8333,659,0
SPY190717C301,2019-07-15,2019-07-15 09:34:51,0.76,0.8444,100,0.74,0.8222,1349,0.77,0.8555,2,0.75,0.8333,659,0
SPY190717C301,2019-07-15,2019-07-15 09:34:52,0.76,0.8444,83,0.75,0.8333,51,0.77,0.8555,2,0.755,0.8388,659,0
SPY190717C301,2019-07-15,2019-07-15 09:34:52,0.77,0.8555,131,0.75,0.8333,1140,0.77,0.8555,2,0.76,0.8444,659,0
SPY190717C301,2019-07-15,2019-07-15 09:34:53,0.77,0.8555,131,0.75,0.8333,1369,0.77,0.8555,2,0.76,0.8444,659,0
SPY190717C301,2019-07-15,2019-07-15 09:34:54,0.77,0.8555,131,0.75,0.8333,1369,0.77,0.8555,2,0.76,0.8444,659,0
SPY190717C301,2019-07-15,2019-07-15 09:34:55,0.77,0.8555,317,0.75,0.8333,1038,0.77,0.8555,2,0.76,0.8444,659,0
SPY190717C301,2019-07-15,2019-07-15 09:34:55,0.77,0.8555,131,0.75,0.8333,1369,0.77,0.8555,2,0.76,0.8444,659,0
SPY190717C301,2019-07-15,2019-07-15 09:34:56,0.76,0.8444,65,0.75,0.8333,1257,0.77,0.8555,2,0.755,0.8388,659,0
SPY190717C301,2019-07-15,2019-07-15 09:34:56,0.76,0.8444,73,0.75,0.8333,101,0.77,0.8555,2,0.755,0.8388,659,0
SPY190717C301,2019-07-15,2019-07-15 09:34:57,0.76,0.8444,73,0.75,0.8333,76,0.77,0.8555,2,0.755,0.8388,659,0
SPY190717C301,2019-07-15,2019-07-15 09:34:58,0.76,0.8444,73,0.75,0.8333,70,0.77,0.8555,2,0.755,0.8388,659,0
SPY190717C301,2019-07-15,2019-07-15 09:34:58,0.76,0.8444,73,0.75,0.8333,453,0.77,0.8555,2,0.755,0.8388,659,0
SPY190717C301,2019-07-15,2019-07-15 09:34:59,0.77,0.8555,141,0.75,0.8333,1174,0.77,0.8555,2,0.76,0.8444,659,0
SPY190717C301,2019-07-15,2019-07-15 09:34:59,0.77,0.8555,368,0.75,0.8333,1088,0.77,0.8555,2,0.76,0.8444,659,0
SPY190717C301,2019-07-15,2019-07-15 09:35:00,0.77,0.8555,155,0.75,0.8333,1077,0.77,0.8555,2,0.76,0.8444,659,0
SPY190717C301,2019-07-15,2019-07-15 09:35:01,0.76,0.8444,29,0.75,0.8333,1271,0.77,0.8555,2,0.755,0.8388,659,0
SPY190717C301,2019-07-15,2019-07-15 09:35:01,0.76,0.8444,85,0.75,0.8333,73,0.77,0.8555,2,0.755,0.8388,659,0
SPY190717C301,2019-07-15,2019-07-15 09:35:02,0.77,0.8555,129,0.75,0.8333,179,0.77,0.8555,2,0.76,0.8444,659,0
SPY190717C301,2019-07-15,2019-07-15 09:35:02,0.77,0.8555,129,0.75,0.8333,20,0.77,0.8555,2,0.76,0.8444,659,0
SPY190717C301,2019-07-15,2019-07-15 09:35:03,0.76,0.8444,275,0.74,0.8222,1195,0.76,0.8444,15,0.75,0.8333,674,15
SPY190717C301,2019-07-15,2019-07-15 09:35:04,0.76,0.8444,267,0.74,0.8222,1264,0.76,0.8444,15,0.75,0.8333,674,0
SPY190717C301,2019-07-15,2019-07-15 09:35:04,0.76,0.8444,275,0.74,0.8222,1414,0.76,0.8444,15,0.75,0.8333,674,0
SPY190717C301,2019-07-15,2019-07-15 09:35:05,0.75,0.8333,29,0.74,0.8222,1264,0.76,0.8444,15,0.745,0.8277,674,0
SPY190717C301,2019-07-15,2019-07-15 09:35:05,0.75,0.8333,44,0.74,0.8222,76,0.76,0.8444,15,0.745,0.8277,674,0
SPY190717C301,2019-07-15,2019-07-15 09:35:06,0.75,0.8333,86,0.73,0.8111,532,0.76,0.8444,15,0.74,0.8222,674,0
SPY190717C301,2019-07-15,2019-07-15 09:35:07,0.75,0.8333,107,0.73,0.8111,532,0.73,0.8111,1,0.74,0.8222,675,1
SPY190717C301,2019-07-15,2019-07-15 09:35:07,0.74,0.8222,42,0.73,0.8111,765,0.73,0.8111,1,0.735,0.8166,675,0
SPY190717C301,2019-07-15,2019-07-15 09:35:08,0.74,0.8222,42,0.73,0.8111,765,0.73,0.8111,1,0.735,0.8166,675,0
SPY190717C301,2019-07-15,2019-07-15 09:35:08,0.74,0.8222,42,0.73,0.8111,1034,0.73,0.8111,1,0.735,0.8166,675,0
SPY190717C301,2019-07-15,2019-07-15 09:35:09,0.75,0.8333,224,0.73,0.8111,1091,0.73,0.8111,1,0.74,0.8222,675,0
SPY190717C301,2019-07-15,2019-07-15 09:35:09,0.75,0.8333,97,0.73,0.8111,1034,0.73,0.8111,1,0.74,0.8222,675,0
SPY190717C301,2019-07-15,2019-07-15 09:35:10,0.75,0.8333,153,0.73,0.8111,1046,0.73,0.8111,1,0.74,0.8222,675,0
SPY190717C301,2019-07-15,2019-07-15 09:35:11,0.75,0.8333,366,0.73,0.8111,1267,0.73,0.8111,1,0.74,0.8222,675,0
SPY190717C301,2019-07-15,2019-07-15 09:35:11,0.75,0.8333,440,0.73,0.8111,1267,0.73,0.8111,1,0.74,0.8222,675,0
SPY190717C301,2019-07-15,2019-07-15 09:35:12,0.75,0.8333,440,0.73,0.8111,735,0.73,0.8111,1,0.74,0.8222,675,0
SPY190717C301,2019-07-15,2019-07-15 09:35:12,0.75,0.8333,440,0.73,0.8111,1267,0.73,0.8111,1,0.74,0.8222,675,0
SPY190717C301,2019-07-15,2019-07-15 09:35:13,0.74,0.8222,24,0.73,0.8111,1046,0.73,0.8111,1,0.735,0.8166,675,0
SPY190717C301,2019-07-15,2019-07-15 09:35:14,0.75,0.8333,176,0.73,0.8111,1046,0.73,0.8111,1,0.74,0.8222,675,0
SPY190717C301,2019-07-15,2019-07-15 09:35:14,0.75,0.8333,294,0.73,0.8111,735,0.73,0.8111,1,0.74,0.8222,675,0
SPY190717C301,2019-07-15,2019-07-15 09:35:15,0.74,0.8222,32,0.73,0.8111,899,0.73,0.8111,1,0.735,0.8166,675,0
SPY190717C301,2019-07-15,2019-07-15 09:35:15,0.75,0.8333,490,0.73,0.8111,1111,0.73,0.8111,1,0.74,0.8222,675,0
SPY190717C301,2019-07-15,2019-07-15 09:35:16,0.74,0.8222,32,0.73,0.8111,262,0.73,0.8111,1,0.735,0.8166,675,0
SPY190717C301,2019-07-15,2019-07-15 09:35:16,0.74,0.8222,38,0.73,0.8111,76,0.73,0.8111,1,0.735,0.8166,675,0
SPY190717C301,2019-07-15,2019-07-15 09:35:17,0.74,0.8222,38,0.73,0.8111,76,0.73,0.8111,1,0.735,0.8166,675,0
SPY190717C301,2019-07-15,2019-07-15 09:35:18,0.74,0.8222,38,0.73,0.8111,76,0.73,0.8111,1,0.735,0.8166,675,0
SPY190717C301,2019-07-15,2019-07-15 09:35:18,0.74,0.8222,39,0.73,0.8111,76,0.73,0.8111,1,0.735,0.8166,675,0
SPY190717C301,2019-07-15,2019-07-15 09:35:19,0.74,0.8222,39,0.73,0.8111,76,0.73,0.8111,1,0.735,0.8166,675,0
SPY190717C301,2019-07-15,2019-07-15 09:35:20,0.74,0.8222,39,0.73,0.8111,76,0.73,0.8111,1,0.735,0.8166,675,0
SPY190717C301,2019-07-15,2019-07-15 09:35:21,0.73,0.8111,38,0.72,0.8,809,0.73,0.8111,1,0.725,0.8055,675,0
SPY190717C301,2019-07-15,2019-07-15 09:35:22,0.73,0.8111,38,0.72,0.8,1134,0.73,0.8111,1,0.725,0.8055,675,0
SPY190717C301,2019-07-15,2019-07-15 09:35:22,0.73,0.8111,38,0.72,0.8,809,0.73,0.8111,1,0.725,0.8055,675,0
SPY190717C301,2019-07-15,2019-07-15 09:35:23,0.73,0.8111,38,0.72,0.8,965,0.73,0.8111,1,0.725,0.8055,675,0
SPY190717C301,2019-07-15,2019-07-15 09:35:23,0.73,0.8111,38,0.72,0.8,908,0.73,0.8111,1,0.725,0.8055,675,0
SPY190717C301,2019-07-15,2019-07-15 09:35:24,0.73,0.8111,38,0.72,0.8,809,0.73,0.8111,1,0.725,0.8055,675,0
SPY190717C301,2019-07-15,2019-07-15 09:35:25,0.73,0.8111,32,0.72,0.8,562,0.73,0.8111,1,0.725,0.8055,675,0
SPY190717C301,2019-07-15,2019-07-15 09:35:25,0.73,0.8111,16,0.72,0.8,854,0.73,0.8111,1,0.725,0.8055,675,0
SPY190717C301,2019-07-15,2019-07-15 09:35:26,0.73,0.8111,33,0.72,0.8,480,0.73,0.8111,1,0.725,0.8055,675,0
SPY190717C301,2019-07-15,2019-07-15 09:35:26,0.73,0.8111,32,0.72,0.8,1113,0.73,0.8111,1,0.725,0.8055,675,0
SPY190717C301,2019-07-15,2019-07-15 09:35:27,0.73,0.8111,40,0.72,0.8,724,0.73,0.8111,1,0.725,0.8055,675,0
SPY190717C301,2019-07-15,2019-07-15 09:35:28,0.73,0.8111,40,0.72,0.8,451,0.73,0.8111,1,0.725,0.8055,675,0
SPY190717C301,2019-07-15,2019-07-15 09:35:29,0.73,0.8111,32,0.72,0.8,370,0.72,0.8,1,0.725,0.8055,676,0
SPY190717C301,2019-07-15,2019-07-15 09:35:29,0.73,0.8111,32,0.72,0.8,427,0.72,0.8,1,0.725,0.8055,676,1
SPY190717C301,2019-07-15,2019-07-15 09:35:30,0.73,0.8111,46,0.72,0.8,583,0.72,0.8,1,0.725,0.8055,676,0
SPY190717C301,2019-07-15,2019-07-15 09:35:30,0.73,0.8111,40,0.72,0.8,440,0.72,0.8,1,0.725,0.8055,676,0
SPY190717C301,2019-07-15,2019-07-15 09:35:31,0.73,0.8111,3,0.72,0.8,440,0.72,0.8,1,0.725,0.8055,676,0
SPY190717C301,2019-07-15,2019-07-15 09:35:32,0.73,0.8111,3,0.72,0.8,1513,0.72,0.8,1,0.725,0.8055,676,0
SPY190717C301,2019-07-15,2019-07-15 09:35:33,0.73,0.8111,3,0.72,0.8,810,0.72,0.8,1,0.725,0.8055,676,0
SPY190717C301,2019-07-15,2019-07-15 09:35:33,0.73,0.8111,3,0.72,0.8,121,0.72,0.8,1,0.725,0.8055,676,0
SPY190717C301,2019-07-15,2019-07-15 09:35:34,0.75,0.8333,212,0.73,0.8111,54,0.73,0.8111,3,0.74,0.8222,679,3
SPY190717C301,2019-07-15,2019-07-15 09:35:34,0.74,0.8222,44,0.73,0.8111,56,0.73,0.8111,3,0.735,0.8166,679,0
SPY190717C301,2019-07-15,2019-07-15 09:35:35,0.74,0.8222,32,0.73,0.8111,82,0.73,0.8111,3,0.735,0.8166,679,0
SPY190717C301,2019-07-15,2019-07-15 09:35:36,0.74,0.8222,38,0.73,0.8111,82,0.73,0.8111,3,0.735,0.8166,679,0
SPY190717C301,2019-07-15,2019-07-15 09:35:37,0.74,0.8222,44,0.73,0.8111,97,0.73,0.8111,1,0.735,0.8166,680,1
SPY190717C301,2019-07-15,2019-07-15 09:35:38,0.74,0.8222,44,0.73,0.8111,97,0.73,0.8111,1,0.735,0.8166,680,0
SPY190717C301,2019-07-15,2019-07-15 09:35:38,0.74,0.8222,44,0.73,0.8111,91,0.73,0.8111,2,0.735,0.8166,682,2
SPY190717C301,2019-07-15,2019-07-15 09:35:39,0.74,0.8222,44,0.73,0.8111,50,0.73,0.8111,2,0.735,0.8166,682,0
SPY190717C301,2019-07-15,2019-07-15 09:35:40,0.74,0.8222,44,0.73,0.8111,89,0.73,0.8111,2,0.735,0.8166,682,0
SPY190717C301,2019-07-15,2019-07-15 09:35:40,0.74,0.8222,38,0.73,0.8111,70,0.73,0.8111,2,0.735,0.8166,682,0
SPY190717C301,2019-07-15,2019-07-15 09:35:41,0.74,0.8222,37,0.73,0.8111,70,0.73,0.8111,1,0.735,0.8166,683,1
SPY190717C301,2019-07-15,2019-07-15 09:35:41,0.74,0.8222,38,0.73,0.8111,70,0.73,0.8111,2,0.735,0.8166,682,0
SPY190717C301,2019-07-15,2019-07-15 09:35:42,0.74,0.8222,405,0.73,0.8111,50,0.73,0.8111,1,0.735,0.8166,683,0
SPY190717C301,2019-07-15,2019-07-15 09:35:42,0.74,0.8222,37,0.73,0.8111,50,0.73,0.8111,1,0.735,0.8166,683,0
SPY190717C301,2019-07-15,2019-07-15 09:35:43,0.74,0.8222,553,0.73,0.8111,50,0.73,0.8111,1,0.735,0.8166,683,0
SPY190717C301,2019-07-15,2019-07-15 09:35:43,0.74,0.8222,626,0.73,0.8111,50,0.73,0.8111,1,0.735,0.8166,683,0
SPY190717C301,2019-07-15,2019-07-15 09:35:44,0.74,0.8222,553,0.73,0.8111,50,0.73,0.8111,1,0.735,0.8166,683,0
SPY190717C301,2019-07-15,2019-07-15 09:35:45,0.73,0.8111,61,0.72,0.8,321,0.73,0.8111,1,0.725,0.8055,734,51
SPY190717C301,2019-07-15,2019-07-15 09:35:45,0.73,0.8111,61,0.72,0.8,321,0.73,0.8111,1,0.725,0.8055,734,0
SPY190717C301,2019-07-15,2019-07-15 09:35:46,0.72,0.8,19,0.71,0.7888,71,0.73,0.8111,1,0.715,0.7944,734,0
SPY190717C301,2019-07-15,2019-07-15 09:35:46,0.73,0.8111,74,0.72,0.8,86,0.73,0.8111,1,0.725,0.8055,734,0
SPY190717C301,2019-07-15,2019-07-15 09:35:47,0.72,0.8,37,0.71,0.7888,71,0.73,0.8111,1,0.715,0.7944,734,0
SPY190717C301,2019-07-15,2019-07-15 09:35:47,0.72,0.8,100,0.71,0.7888,71,0.73,0.8111,1,0.715,0.7944,734,0
SPY190717C301,2019-07-15,2019-07-15 09:35:48,0.72,0.8,66,0.71,0.7888,86,0.73,0.8111,1,0.715,0.7944,734,0
SPY190717C301,2019-07-15,2019-07-15 09:35:49,0.72,0.8,43,0.71,0.7888,92,0.73,0.8111,1,0.715,0.7944,734,0
SPY190717C301,2019-07-15,2019-07-15 09:35:49,0.72,0.8,44,0.71,0.7888,71,0.71,0.7888,14,0.715,0.7944,764,30
SPY190717C301,2019-07-15,2019-07-15 09:35:50,0.72,0.8,53,0.71,0.7888,10,0.71,0.7888,2,0.715,0.7944,766,0
SPY190717C301,2019-07-15,2019-07-15 09:35:50,0.72,0.8,113,0.71,0.7888,32,0.71,0.7888,2,0.715,0.7944,766,2
SPY190717C301,2019-07-15,2019-07-15 09:35:51,0.72,0.8,66,0.71,0.7888,10,0.71,0.7888,2,0.715,0.7944,766,0
SPY190717C301,2019-07-15,2019-07-15 09:35:52,0.73,0.8111,58,0.72,0.8,56,0.71,0.7888,2,0.725,0.8055,766,0
SPY190717C301,2019-07-15,2019-07-15 09:35:52,0.72,0.8,29,0.71,0.7888,82,0.71,0.7888,2,0.715,0.7944,766,0
SPY190717C301,2019-07-15,2019-07-15 09:35:53,0.73,0.8111,60,0.72,0.8,56,0.71,0.7888,2,0.725,0.8055,766,0
SPY190717C301,2019-07-15,2019-07-15 09:35:54,0.73,0.8111,43,0.71,0.7888,102,0.71,0.7888,2,0.72,0.8,766,0
SPY190717C301,2019-07-15,2019-07-15 09:35:54,0.73,0.8111,43,0.72,0.8,68,0.71,0.7888,2,0.725,0.8055,766,0
SPY190717C301,2019-07-15,2019-07-15 09:35:55,0.72,0.8,46,0.71,0.7888,102,0.71,0.7888,2,0.715,0.7944,766,0
SPY190717C301,2019-07-15,2019-07-15 09:35:56,0.72,0.8,154,0.71,0.7888,83,0.71,0.7888,2,0.715,0.7944,766,0
SPY190717C301,2019-07-15,2019-07-15 09:35:56,0.73,0.8111,1001,0.71,0.7888,102,0.71,0.7888,2,0.72,0.8,766,0
SPY190717C301,2019-07-15,2019-07-15 09:35:57,0.72,0.8,67,0.71,0.7888,721,0.71,0.7888,2,0.715,0.7944,766,0
SPY190717C301,2019-07-15,2019-07-15 09:35:57,0.72,0.8,67,0.71,0.7888,456,0.71,0.7888,2,0.715,0.7944,766,0
SPY190717C301,2019-07-15,2019-07-15 09:35:58,0.73,0.8111,169,0.71,0.7888,981,0.71,0.7888,2,0.72,0.8,766,0
SPY190717C301,2019-07-15,2019-07-15 09:35:59,0.72,0.8,6,0.71,0.7888,54,0.71,0.7888,2,0.715,0.7944,766,0
SPY190717C301,2019-07-15,2019-07-15 09:35:59,0.73,0.8111,300,0.71,0.7888,98,0.71,0.7888,2,0.72,0.8,766,0
SPY190717C301,2019-07-15,2019-07-15 09:36:00,0.73,0.8111,300,0.71,0.7888,1008,0.71,0.7888,2,0.72,0.8,766,0
SPY190717C301,2019-07-15,2019-07-15 09:36:01,0.72,0.8,10,0.71,0.7888,1088,0.71,0.7888,2,0.715,0.7944,766,0
SPY190717C301,2019-07-15,2019-07-15 09:36:01,0.74,0.8222,139,0.72,0.8,226,0.72,0.8,9,0.73,0.8111,776,10
SPY190717C301,2019-07-15,2019-07-15 09:36:02,0.74,0.8222,141,0.73,0.8111,42,0.72,0.8,9,0.735,0.8166,776,0
SPY190717C301,2019-07-15,2019-07-15 09:36:03,0.74,0.8222,141,0.72,0.8,1283,0.72,0.8,9,0.73,0.8111,776,0
SPY190717C301,2019-07-15,2019-07-15 09:36:03,0.74,0.8222,141,0.72,0.8,1005,0.72,0.8,9,0.73,0.8111,776,0
SPY190717C301,2019-07-15,2019-07-15 09:36:04,0.74,0.8222,189,0.72,0.8,836,0.72,0.8,9,0.73,0.8111,776,0
SPY190717C301,2019-07-15,2019-07-15 09:36:04,0.74,0.8222,152,0.72,0.8,1654,0.72,0.8,9,0.73,0.8111,776,0
SPY190717C301,2019-07-15,2019-07-15 09:36:05,0.73,0.8111,151,0.72,0.8,443,0.72,0.8,9,0.725,0.8055,776,0
SPY190717C301,2019-07-15,2019-07-15 09:36:06,0.74,0.8222,639,0.72,0.8,1603,0.72,0.8,9,0.73,0.8111,776,0
SPY190717C301,2019-07-15,2019-07-15 09:36:06,0.74,0.8222,639,0.72,0.8,702,0.72,0.8,9,0.73,0.8111,776,0
SPY190717C301,2019-07-15,2019-07-15 09:36:07,0.74,0.8222,299,0.72,0.8,1603,0.72,0.8,9,0.73,0.8111,776,0
SPY190717C301,2019-07-15,2019-07-15 09:36:07,0.74,0.8222,639,0.72,0.8,1603,0.72,0.8,9,0.73,0.8111,776,0
SPY190717C301,2019-07-15,2019-07-15 09:36:08,0.74,0.8222,445,0.72,0.8,1632,0.72,0.8,9,0.73,0.8111,776,0
SPY190717C301,2019-07-15,2019-07-15 09:36:09,0.74,0.8222,445,0.72,0.8,1632,0.72,0.8,9,0.73,0.8111,776,0
SPY190717C301,2019-07-15,2019-07-15 09:36:10,0.74,0.8222,211,0.72,0.8,1869,0.72,0.8,9,0.73,0.8111,776,0
SPY190717C301,2019-07-15,2019-07-15 09:36:10,0.74,0.8222,445,0.72,0.8,1263,0.72,0.8,9,0.73,0.8111,776,0
SPY190717C301,2019-07-15,2019-07-15 09:36:11,0.74,0.8222,211,0.72,0.8,2066,0.72,0.8,9,0.73,0.8111,776,0
SPY190717C301,2019-07-15,2019-07-15 09:36:12,0.74,0.8222,273,0.73,0.8111,42,0.74,0.8222,1,0.735,0.8166,779,3
SPY190717C301,2019-07-15,2019-07-15 09:36:12,0.74,0.8222,201,0.72,0.8,2066,0.72,0.8,9,0.73,0.8111,776,0
SPY190717C301,2019-07-15,2019-07-15 09:36:13,0.74,0.8222,273,0.72,0.8,2041,0.74,0.8222,1,0.73,0.8111,779,0
SPY190717C301,2019-07-15,2019-07-15 09:36:13,0.74,0.8222,273,0.72,0.8,1786,0.74,0.8222,1,0.73,0.8111,779,0
SPY190717C301,2019-07-15,2019-07-15 09:36:14,0.75,0.8333,462,0.73,0.8111,1026,0.74,0.8222,1,0.74,0.8222,779,0
SPY190717C301,2019-07-15,2019-07-15 09:36:15,0.75,0.8333,300,0.73,0.8111,768,0.74,0.8222,1,0.74,0.8222,779,0
SPY190717C301,2019-07-15,2019-07-15 09:36:15,0.75,0.8333,258,0.73,0.8111,1087,0.74,0.8222,1,0.74,0.8222,779,0
SPY190717C301,2019-07-15,2019-07-15 09:36:16,0.75,0.8333,151,0.73,0.8111,2092,0.74,0.8222,1,0.74,0.8222,779,0
SPY190717C301,2019-07-15,2019-07-15 09:36:16,0.75,0.8333,392,0.73,0.8111,1087,0.74,0.8222,1,0.74,0.8222,779,0
SPY190717C301,2019-07-15,2019-07-15 09:36:17,0.76,0.8444,272,0.74,0.8222,891,0.74,0.8222,1,0.75,0.8333,779,0
SPY190717C301,2019-07-15,2019-07-15 09:36:17,0.76,0.8444,225,0.74,0.8222,905,0.74,0.8222,1,0.75,0.8333,779,0
SPY190717C301,2019-07-15,2019-07-15 09:36:18,0.76,0.8444,272,0.74,0.8222,1501,0.74,0.8222,1,0.75,0.8333,779,0
SPY190717C301,2019-07-15,2019-07-15 09:36:19,0.76,0.8444,138,0.74,0.8222,766,0.74,0.8222,1,0.75,0.8333,779,0
SPY190717C301,2019-07-15,2019-07-15 09:36:19,0.76,0.8444,216,0.74,0.8222,1501,0.74,0.8222,1,0.75,0.8333,779,0
SPY190717C301,2019-07-15,2019-07-15 09:36:20,0.76,0.8444,138,0.75,0.8333,58,0.74,0.8222,1,0.755,0.8388,779,0
SPY190717C301,2019-07-15,2019-07-15 09:36:20,0.76,0.8444,138,0.75,0.8333,29,0.74,0.8222,1,0.755,0.8388,779,0
SPY190717C301,2019-07-15,2019-07-15 09:36:21,0.76,0.8444,163,0.74,0.8222,981,0.74,0.8222,1,0.75,0.8333,779,0
SPY190717C301,2019-07-15,2019-07-15 09:36:22,0.76,0.8444,340,0.74,0.8222,1312,0.74,0.8222,1,0.75,0.8333,779,0
SPY190717C301,2019-07-15,2019-07-15 09:36:22,0.76,0.8444,496,0.74,0.8222,1312,0.76,0.8444,1,0.75,0.8333,790,11
SPY190717C301,2019-07-15,2019-07-15 09:36:23,0.76,0.8444,211,0.75,0.8333,50,0.76,0.8444,1,0.755,0.8388,790,0
SPY190717C301,2019-07-15,2019-07-15 09:36:23,0.76,0.8444,496,0.74,0.8222,1344,0.76,0.8444,1,0.75,0.8333,790,0
SPY190717C301,2019-07-15,2019-07-15 09:36:24,0.76,0.8444,211,0.75,0.8333,236,0.76,0.8444,3,0.755,0.8388,793,3
SPY190717C301,2019-07-15,2019-07-15 09:36:25,0.77,0.8555,139,0.75,0.8333,765,0.76,0.8444,3,0.76,0.8444,793,0
SPY190717C301,2019-07-15,2019-07-15 09:36:25,0.77,0.8555,139,0.75,0.8333,972,0.76,0.8444,3,0.76,0.8444,793,0
SPY190717C301,2019-07-15,2019-07-15 09:36:26,0.77,0.8555,139,0.75,0.8333,972,0.76,0.8444,3,0.76,0.8444,793,0
SPY190717C301,2019-07-15,2019-07-15 09:36:26,0.76,0.8444,149,0.75,0.8333,79,0.76,0.8444,3,0.755,0.8388,793,0
SPY190717C301,2019-07-15,2019-07-15 09:36:27,0.76,0.8444,149,0.75,0.8333,29,0.76,0.8444,3,0.755,0.8388,793,0
SPY190717C301,2019-07-15,2019-07-15 09:36:27,0.76,0.8444,149,0.75,0.8333,362,0.76,0.8444,3,0.755,0.8388,793,0
SPY190717C301,2019-07-15,2019-07-15 09:36:28,0.76,0.8444,149,0.76,0.8444,1,0.76,0.8444,3,0.76,0.8444,793,0
SPY190717C301,2019-07-15,2019-07-15 09:36:29,0.77,0.8555,194,0.76,0.8444,1,0.76,0.8444,3,0.765,0.85,793,0
SPY190717C301,2019-07-15,2019-07-15 09:36:29,0.77,0.8555,366,0.76,0.8444,2,0.77,0.8555,1,0.765,0.85,796,3
SPY190717C301,2019-07-15,2019-07-15 09:36:30,0.77,0.8555,517,0.76,0.8444,22,0.77,0.8555,1,0.765,0.85,796,0
SPY190717C301,2019-07-15,2019-07-15 09:36:31,0.77,0.8555,796,0.76,0.8444,4,0.77,0.8555,1,0.765,0.85,796,0
SPY190717C301,2019-07-15,2019-07-15 09:36:31,0.77,0.8555,517,0.76,0.8444,22,0.77,0.8555,1,0.765,0.85,796,0
SPY190717C301,2019-07-15,2019-07-15 09:36:32,0.77,0.8555,796,0.76,0.8444,4,0.77,0.8555,1,0.765,0.85,797,1
SPY190717C301,2019-07-15,2019-07-15 09:36:32,0.77,0.8555,269,0.76,0.8444,4,0.76,0.8444,4,0.765,0.85,803,6
SPY190717C301,2019-07-15,2019-07-15 09:36:33,0.77,0.8555,242,0.76,0.8444,4,0.76,0.8444,3,0.765,0.85,806,3
SPY190717C301,2019-07-15,2019-07-15 09:36:33,0.77,0.8555,242,0.76,0.8444,4,0.76,0.8444,3,0.765,0.85,806,0
SPY190717C301,2019-07-15,2019-07-15 09:36:34,0.77,0.8555,242,0.76,0.8444,4,0.76,0.8444,3,0.765,0.85,806,0
SPY190717C301,2019-07-15,2019-07-15 09:36:35,0.77,0.8555,242,0.76,0.8444,4,0.76,0.8444,3,0.765,0.85,806,0
SPY190717C301,2019-07-15,2019-07-15 09:36:36,0.76,0.8444,81,0.75,0.8333,70,0.76,0.8444,1,0.755,0.8388,807,1
SPY190717C301,2019-07-15,2019-07-15 09:36:36,0.77,0.8555,242,0.76,0.8444,4,0.76,0.8444,3,0.765,0.85,806,0
SPY190717C301,2019-07-15,2019-07-15 09:36:37,0.76,0.8444,32,0.75,0.8333,226,0.76,0.8444,1,0.755,0.8388,807,0
SPY190717C301,2019-07-15,2019-07-15 09:36:37,0.77,0.8555,332,0.75,0.8333,50,0.76,0.8444,1,0.76,0.8444,807,0
SPY190717C301,2019-07-15,2019-07-15 09:36:38,0.76,0.8444,55,0.75,0.8333,86,0.76,0.8444,1,0.755,0.8388,807,0
SPY190717C301,2019-07-15,2019-07-15 09:36:39,0.76,0.8444,106,0.75,0.8333,86,0.76,0.8444,1,0.755,0.8388,807,0
SPY190717C301,2019-07-15,2019-07-15 09:36:39,0.76,0.8444,116,0.74,0.8222,1107,0.76,0.8444,1,0.75,0.8333,807,0
SPY190717C301,2019-07-15,2019-07-15 09:36:40,0.76,0.8444,222,0.74,0.8222,1237,0.76,0.8444,1,0.75,0.8333,808,1
SPY190717C301,2019-07-15,2019-07-15 09:36:40,0.76,0.8444,106,0.74,0.8222,1107,0.76,0.8444,1,0.75,0.8333,807,0
SPY190717C301,2019-07-15,2019-07-15 09:36:41,0.76,0.8444,713,0.74,0.8222,1401,0.76,0.8444,1,0.75,0.8333,808,0
SPY190717C301,2019-07-15,2019-07-15 09:36:42,0.75,0.8333,43,0.74,0.8222,885,0.76,0.8444,1,0.745,0.8277,808,0
SPY190717C301,2019-07-15,2019-07-15 09:36:42,0.75,0.8333,32,0.74,0.8222,501,0.74,0.8222,1,0.745,0.8277,809,1
SPY190717C301,2019-07-15,2019-07-15 09:36:43,0.75,0.8333,43,0.74,0.8222,501,0.74,0.8222,1,0.745,0.8277,809,0
SPY190717C301,2019-07-15,2019-07-15 09:36:43,0.75,0.8333,32,0.74,0.8222,501,0.74,0.8222,1,0.745,0.8277,809,0
SPY190717C301,2019-07-15,2019-07-15 09:36:44,0.75,0.8333,43,0.74,0.8222,501,0.74,0.8222,1,0.745,0.8277,809,0
SPY190717C301,2019-07-15,2019-07-15 09:36:45,0.75,0.8333,60,0.74,0.8222,276,0.74,0.8222,1,0.745,0.8277,809,0
SPY190717C301,2019-07-15,2019-07-15 09:36:45,0.75,0.8333,43,0.74,0.8222,443,0.74,0.8222,1,0.745,0.8277,809,0
SPY190717C301,2019-07-15,2019-07-15 09:36:46,0.75,0.8333,60,0.74,0.8222,276,0.74,0.8222,1,0.745,0.8277,809,0
SPY190717C301,2019-07-15,2019-07-15 09:36:47,0.75,0.8333,154,0.74,0.8222,60,0.74,0.8222,1,0.745,0.8277,809,0
SPY190717C301,2019-07-15,2019-07-15 09:36:48,0.74,0.8222,19,0.73,0.8111,564,0.74,0.8222,10,0.735,0.8166,819,10
SPY190717C301,2019-07-15,2019-07-15 09:36:48,0.75,0.8333,528,0.74,0.8222,10,0.74,0.8222,1,0.745,0.8277,809,0
SPY190717C301,2019-07-15,2019-07-15 09:36:49,0.74,0.8222,50,0.73,0.8111,564,0.74,0.8222,2,0.735,0.8166,821,2
SPY190717C301,2019-07-15,2019-07-15 09:36:49,0.74,0.8222,19,0.73,0.8111,797,0.74,0.8222,2,0.735,0.8166,821,0
SPY190717C301,2019-07-15,2019-07-15 09:36:50,0.75,0.8333,694,0.73,0.8111,797,0.74,0.8222,2,0.74,0.8222,821,0
SPY190717C301,2019-07-15,2019-07-15 09:36:50,0.75,0.8333,816,0.73,0.8111,797,0.74,0.8222,2,0.74,0.8222,821,0
SPY190717C301,2019-07-15,2019-07-15 09:36:51,0.75,0.8333,476,0.73,0.8111,961,0.74,0.8222,2,0.74,0.8222,821,0
SPY190717C301,2019-07-15,2019-07-15 09:36:52,0.75,0.8333,700,0.73,0.8111,1300,0.75,0.8333,1,0.74,0.8222,822,1
SPY190717C301,2019-07-15,2019-07-15 09:36:52,0.75,0.8333,700,0.73,0.8111,1300,0.74,0.8222,2,0.74,0.8222,821,0
SPY190717C301,2019-07-15,2019-07-15 09:36:53,0.75,0.8333,800,0.73,0.8111,1330,0.75,0.8333,1,0.74,0.8222,822,0
SPY190717C301,2019-07-15,2019-07-15 09:36:54,0.75,0.8333,112,0.73,0.8111,961,0.75,0.8333,1,0.74,0.8222,822,0
SPY190717C301,2019-07-15,2019-07-15 09:36:54,0.75,0.8333,241,0.73,0.8111,1298,0.75,0.8333,1,0.74,0.8222,822,0
SPY190717C301,2019-07-15,2019-07-15 09:36:55,0.75,0.8333,226,0.73,0.8111,797,0.75,0.8333,1,0.74,0.8222,822,0
SPY190717C301,2019-07-15,2019-07-15 09:36:55,0.75,0.8333,226,0.73,0.8111,1328,0.75,0.8333,1,0.74,0.8222,822,0
SPY190717C301,2019-07-15,2019-07-15 09:36:56,0.75,0.8333,226,0.73,0.8111,564,0.75,0.8333,1,0.74,0.8222,822,0
SPY190717C301,2019-07-15,2019-07-15 09:36:56,0.74,0.8222,19,0.73,0.8111,145,0.75,0.8333,1,0.735,0.8166,822,0
SPY190717C301,2019-07-15,2019-07-15 09:36:57,0.74,0.8222,19,0.73,0.8111,145,0.75,0.8333,1,0.735,0.8166,822,0
SPY190717C301,2019-07-15,2019-07-15 09:36:58,0.74,0.8222,19,0.73,0.8111,260,0.75,0.8333,1,0.735,0.8166,822,0
SPY190717C301,2019-07-15,2019-07-15 09:36:59,0.74,0.8222,19,0.73,0.8111,144,0.74,0.8222,2,0.735,0.8166,824,2
SPY190717C301,2019-07-15,2019-07-15 09:37:00,0.74,0.8222,19,0.73,0.8111,245,0.74,0.8222,2,0.735,0.8166,824,0
SPY190717C301,2019-07-15,2019-07-15 09:37:00,0.74,0.8222,1,0.73,0.8111,131,0.74,0.8222,2,0.735,0.8166,824,0
SPY190717C301,2019-07-15,2019-07-15 09:37:01,0.75,0.8333,45,0.74,0.8222,1,0.74,0.8222,1,0.745,0.8277,825,1
SPY190717C301,2019-07-15,2019-07-15 09:37:01,0.74,0.8222,1,0.73,0.8111,260,0.74,0.8222,2,0.735,0.8166,824,0
SPY190717C301,2019-07-15,2019-07-15 09:37:02,0.75,0.8333,21,0.74,0.8222,151,0.74,0.8222,1,0.745,0.8277,825,0
SPY190717C301,2019-07-15,2019-07-15 09:37:03,0.75,0.8333,21,0.74,0.8222,164,0.74,0.8222,1,0.745,0.8277,825,0
SPY190717C301,2019-07-15,2019-07-15 09:37:04,0.76,0.8444,347,0.74,0.8222,164,0.74,0.8222,1,0.75,0.8333,825,0
SPY190717C301,2019-07-15,2019-07-15 09:37:05,0.76,0.8444,659,0.74,0.8222,164,0.74,0.8222,1,0.75,0.8333,825,0
SPY190717C301,2019-07-15,2019-07-15 09:37:05,0.76,0.8444,495,0.74,0.8222,164,0.74,0.8222,1,0.75,0.8333,825,0
SPY190717C301,2019-07-15,2019-07-15 09:37:06,0.76,0.8444,374,0.75,0.8333,2,0.74,0.8222,1,0.755,0.8388,825,0
SPY190717C301,2019-07-15,2019-07-15 09:37:07,0.76,0.8444,558,0.75,0.8333,39,0.76,0.8444,10,0.755,0.8388,835,0
SPY190717C301,2019-07-15,2019-07-15 09:37:07,0.76,0.8444,658,0.75,0.8333,2,0.76,0.8444,10,0.755,0.8388,835,10
SPY190717C301,2019-07-15,2019-07-15 09:37:08,0.76,0.8444,575,0.75,0.8333,28,0.76,0.8444,10,0.755,0.8388,835,0
SPY190717C301,2019-07-15,2019-07-15 09:37:09,0.76,0.8444,585,0.75,0.8333,2,0.76,0.8444,10,0.755,0.8388,835,0
SPY190717C301,2019-07-15,2019-07-15 09:37:10,0.76,0.8444,960,0.75,0.8333,19,0.76,0.8444,10,0.755,0.8388,835,0
SPY190717C301,2019-07-15,2019-07-15 09:37:10,0.76,0.8444,960,0.75,0.8333,2,0.76,0.8444,10,0.755,0.8388,835,0
SPY190717C301,2019-07-15,2019-07-15 09:37:11,0.76,0.8444,646,0.75,0.8333,19,0.76,0.8444,10,0.755,0.8388,835,0
SPY190717C301,2019-07-15,2019-07-15 09:37:11,0.76,0.8444,238,0.75,0.8333,19,0.76,0.8444,10,0.755,0.8388,835,0
SPY190717C301,2019-07-15,2019-07-15 09:37:12,0.76,0.8444,341,0.75,0.8333,19,0.76,0.8444,10,0.755,0.8388,835,0
SPY190717C301,2019-07-15,2019-07-15 09:37:12,0.76,0.8444,341,0.75,0.8333,29,0.76,0.8444,10,0.755,0.8388,835,0
SPY190717C301,2019-07-15,2019-07-15 09:37:13,0.76,0.8444,488,0.75,0.8333,52,0.76,0.8444,10,0.755,0.8388,835,0
SPY190717C301,2019-07-15,2019-07-15 09:37:14,0.76,0.8444,839,0.75,0.8333,52,0.75,0.8333,5,0.755,0.8388,850,5
SPY190717C301,2019-07-15,2019-07-15 09:37:14,0.76,0.8444,562,0.75,0.8333,52,0.75,0.8333,10,0.755,0.8388,845,10
SPY190717C301,2019-07-15,2019-07-15 09:37:15,0.76,0.8444,576,0.75,0.8333,52,0.75,0.8333,5,0.755,0.8388,850,0
SPY190717C301,2019-07-15,2019-07-15 09:37:15,0.76,0.8444,839,0.75,0.8333,52,0.75,0.8333,5,0.755,0.8388,850,0
SPY190717C301,2019-07-15,2019-07-15 09:37:16,0.76,0.8444,739,0.75,0.8333,52,0.75,0.8333,5,0.755,0.8388,850,0
SPY190717C301,2019-07-15,2019-07-15 09:37:16,0.76,0.8444,839,0.75,0.8333,52,0.75,0.8333,5,0.755,0.8388,850,0
SPY190717C301,2019-07-15,2019-07-15 09:37:17,0.76,0.8444,575,0.75,0.8333,52,0.75,0.8333,5,0.755,0.8388,850,0
SPY190717C301,2019-07-15,2019-07-15 09:37:18,0.76,0.8444,137,0.75,0.8333,31,0.75,0.8333,5,0.755,0.8388,850,0
SPY190717C301,2019-07-15,2019-07-15 09:37:18,0.76,0.8444,643,0.75,0.8333,2,0.75,0.8333,5,0.755,0.8388,850,0
SPY190717C301,2019-07-15,2019-07-15 09:37:19,0.76,0.8444,667,0.75,0.8333,2,0.75,0.8333,5,0.755,0.8388,850,0
SPY190717C301,2019-07-15,2019-07-15 09:37:19,0.75,0.8333,199,0.73,0.8111,1042,0.75,0.8333,17,0.74,0.8222,869,19
SPY190717C301,2019-07-15,2019-07-15 09:37:20,0.75,0.8333,199,0.73,0.8111,1042,0.75,0.8333,17,0.74,0.8222,869,0
SPY190717C301,2019-07-15,2019-07-15 09:37:20,0.75,0.8333,199,0.74,0.8222,5,0.75,0.8333,18,0.745,0.8277,1069,200
SPY190717C301,2019-07-15,2019-07-15 09:37:21,0.76,0.8444,565,0.74,0.8222,406,0.75,0.8333,18,0.75,0.8333,1069,0
SPY190717C301,2019-07-15,2019-07-15 09:37:22,0.75,0.8333,151,0.74,0.8222,29,0.75,0.8333,18,0.745,0.8277,1069,0
SPY190717C301,2019-07-15,2019-07-15 09:37:22,0.75,0.8333,101,0.74,0.8222,29,0.75,0.8333,18,0.745,0.8277,1069,0
SPY190717C301,2019-07-15,2019-07-15 09:37:23,0.75,0.8333,209,0.74,0.8222,29,0.75,0.8333,18,0.745,0.8277,1069,0
SPY190717C301,2019-07-15,2019-07-15 09:37:24,0.74,0.8222,191,0.73,0.8111,29,0.75,0.8333,18,0.735,0.8166,1069,0
SPY190717C301,2019-07-15,2019-07-15 09:37:24,0.75,0.8333,159,0.74,0.8222,29,0.75,0.8333,18,0.745,0.8277,1069,0
SPY190717C301,2019-07-15,2019-07-15 09:37:25,0.74,0.8222,141,0.73,0.8111,29,0.75,0.8333,18,0.735,0.8166,1069,0
SPY190717C301,2019-07-15,2019-07-15 09:37:26,0.74,0.8222,141,0.73,0.8111,29,0.75,0.8333,18,0.735,0.8166,1069,0
SPY190717C301,2019-07-15,2019-07-15 09:37:26,0.74,0.8222,141,0.73,0.8111,1,0.75,0.8333,18,0.735,0.8166,1069,0
SPY190717C301,2019-07-15,2019-07-15 09:37:27,0.74,0.8222,800,0.73,0.8111,1,0.75,0.8333,18,0.735,0.8166,1069,0
SPY190717C301,2019-07-15,2019-07-15 09:37:28,0.73,0.8111,19,0.72,0.8,68,0.73,0.8111,1,0.725,0.8055,1070,1
SPY190717C301,2019-07-15,2019-07-15 09:37:28,0.73,0.8111,144,0.72,0.8,68,0.73,0.8111,1,0.725,0.8055,1070,0
SPY190717C301,2019-07-15,2019-07-15 09:37:29,0.73,0.8111,144,0.71,0.7888,838,0.73,0.8111,1,0.72,0.8,1070,0
SPY190717C301,2019-07-15,2019-07-15 09:37:29,0.73,0.8111,215,0.71,0.7888,838,0.73,0.8111,1,0.72,0.8,1070,0
SPY190717C301,2019-07-15,2019-07-15 09:37:30,0.73,0.8111,296,0.71,0.7888,788,0.73,0.8111,1,0.72,0.8,1070,0
SPY190717C301,2019-07-15,2019-07-15 09:37:31,0.73,0.8111,494,0.71,0.7888,819,0.73,0.8111,1,0.72,0.8,1070,0
SPY190717C301,2019-07-15,2019-07-15 09:37:31,0.73,0.8111,570,0.71,0.7888,498,0.73,0.8111,1,0.72,0.8,1070,0
SPY190717C301,2019-07-15,2019-07-15 09:37:32,0.73,0.8111,582,0.71,0.7888,935,0.73,0.8111,1,0.72,0.8,1070,0
SPY190717C301,2019-07-15,2019-07-15 09:37:33,0.72,0.8,520,0.71,0.7888,56,0.73,0.8111,1,0.715,0.7944,1070,0
SPY190717C301,2019-07-15,2019-07-15 09:37:34,0.72,0.8,520,0.7,0.7777,820,0.73,0.8111,1,0.71,0.7888,1070,0
SPY190717C301,2019-07-15,2019-07-15 09:37:34,0.72,0.8,346,0.7,0.7777,808,0.73,0.8111,1,0.71,0.7888,1070,0
SPY190717C301,2019-07-15,2019-07-15 09:37:35,0.72,0.8,346,0.7,0.7777,544,0.73,0.8111,1,0.71,0.7888,1070,0
SPY190717C301,2019-07-15,2019-07-15 09:37:35,0.71,0.7888,24,0.7,0.7777,808,0.73,0.8111,1,0.705,0.7833,1070,0
SPY190717C301,2019-07-15,2019-07-15 09:37:36,0.72,0.8,257,0.7,0.7777,394,0.7,0.7777,1,0.71,0.7888,1071,1
SPY190717C301,2019-07-15,2019-07-15 09:37:37,0.72,0.8,572,0.7,0.7777,201,0.7,0.7777,1,0.71,0.7888,1071,0
SPY190717C301,2019-07-15,2019-07-15 09:37:37,0.72,0.8,257,0.7,0.7777,763,0.7,0.7777,1,0.71,0.7888,1071,0
SPY190717C301,2019-07-15,2019-07-15 09:37:38,0.72,0.8,702,0.7,0.7777,201,0.7,0.7777,1,0.71,0.7888,1071,0
SPY190717C301,2019-07-15,2019-07-15 09:37:38,0.72,0.8,572,0.7,0.7777,201,0.7,0.7777,1,0.71,0.7888,1071,0
SPY190717C301,2019-07-15,2019-07-15 09:37:39,0.72,0.8,792,0.71,0.7888,16,0.7,0.7777,1,0.715,0.7944,1071,0
SPY190717C301,2019-07-15,2019-07-15 09:37:40,0.71,0.7888,560,0.69,0.7666,578,0.7,0.7777,1,0.7,0.7777,1071,0
SPY190717C301,2019-07-15,2019-07-15 09:37:40,0.72,0.8,792,0.7,0.7777,153,0.7,0.7777,1,0.71,0.7888,1071,0
SPY190717C301,2019-07-15,2019-07-15 09:37:41,0.71,0.7888,570,0.69,0.7666,288,0.7,0.7777,10,0.7,0.7777,1081,10
SPY190717C301,2019-07-15,2019-07-15 09:37:41,0.71,0.7888,580,0.69,0.7666,424,0.7,0.7777,1,0.7,0.7777,1071,0
SPY190717C301,2019-07-15,2019-07-15 09:37:42,0.7,0.7777,23,0.69,0.7666,163,0.7,0.7777,10,0.695,0.7722,1081,0
SPY190717C301,2019-07-15,2019-07-15 09:37:42,0.72,0.8,403,0.7,0.7777,31,0.69,0.7666,2,0.71,0.7888,1083,2
SPY190717C301,2019-07-15,2019-07-15 09:37:43,0.72,0.8,243,0.7,0.7777,309,0.69,0.7666,2,0.71,0.7888,1083,0
SPY190717C301,2019-07-15,2019-07-15 09:37:44,0.72,0.8,567,0.7,0.7777,433,0.69,0.7666,2,0.71,0.7888,1083,0
SPY190717C301,2019-07-15,2019-07-15 09:37:44,0.72,0.8,589,0.7,0.7777,433,0.69,0.7666,2,0.71,0.7888,1083,0
SPY190717C301,2019-07-15,2019-07-15 09:37:45,0.72,0.8,566,0.7,0.7777,142,0.69,0.7666,2,0.71,0.7888,1083,0
SPY190717C301,2019-07-15,2019-07-15 09:37:45,0.72,0.8,566,0.7,0.7777,191,0.69,0.7666,2,0.71,0.7888,1083,0
SPY190717C301,2019-07-15,2019-07-15 09:37:46,0.72,0.8,566,0.7,0.7777,142,0.69,0.7666,2,0.71,0.7888,1083,0
SPY190717C301,2019-07-15,2019-07-15 09:37:47,0.71,0.7888,692,0.7,0.7777,32,0.69,0.7666,2,0.705,0.7833,1083,0
SPY190717C301,2019-07-15,2019-07-15 09:37:47,0.71,0.7888,406,0.7,0.7777,63,0.69,0.7666,2,0.705,0.7833,1083,0
SPY190717C301,2019-07-15,2019-07-15 09:37:48,0.71,0.7888,713,0.7,0.7777,32,0.69,0.7666,2,0.705,0.7833,1083,0
SPY190717C301,2019-07-15,2019-07-15 09:37:48,0.71,0.7888,692,0.7,0.7777,7,0.69,0.7666,2,0.705,0.7833,1083,0
SPY190717C301,2019-07-15,2019-07-15 09:37:49,0.71,0.7888,713,0.7,0.7777,34,0.7,0.7777,2,0.705,0.7833,1085,2
SPY190717C301,2019-07-15,2019-07-15 09:37:49,0.71,0.7888,475,0.7,0.7777,32,0.7,0.7777,2,0.705,0.7833,1085,0
SPY190717C301,2019-07-15,2019-07-15 09:37:50,0.71,0.7888,114,0.7,0.7777,32,0.7,0.7777,2,0.705,0.7833,1085,0
SPY190717C301,2019-07-15,2019-07-15 09:37:51,0.71,0.7888,114,0.7,0.7777,45,0.7,0.7777,2,0.705,0.7833,1085,0
SPY190717C301,2019-07-15,2019-07-15 09:37:51,0.71,0.7888,114,0.7,0.7777,32,0.7,0.7777,2,0.705,0.7833,1085,0
SPY190717C301,2019-07-15,2019-07-15 09:37:52,0.71,0.7888,638,0.7,0.7777,7,0.7,0.7777,2,0.705,0.7833,1085,0
SPY190717C301,2019-07-15,2019-07-15 09:37:53,0.71,0.7888,628,0.7,0.7777,7,0.7,0.7777,2,0.705,0.7833,1085,0
SPY190717C301,2019-07-15,2019-07-15 09:37:54,0.71,0.7888,797,0.7,0.7777,7,0.7,0.7777,2,0.705,0.7833,1085,0
SPY190717C301,2019-07-15,2019-07-15 09:37:54,0.71,0.7888,776,0.69,0.7666,97,0.7,0.7777,2,0.7,0.7777,1085,0
SPY190717C301,2019-07-15,2019-07-15 09:37:55,0.7,0.7777,5,0.69,0.7666,97,0.7,0.7777,2,0.695,0.7722,1085,0
SPY190717C301,2019-07-15,2019-07-15 09:37:55,0.7,0.7777,5,0.69,0.7666,27,0.7,0.7777,2,0.695,0.7722,1085,0
SPY190717C301,2019-07-15,2019-07-15 09:37:56,0.7,0.7777,5,0.69,0.7666,64,0.7,0.7777,2,0.695,0.7722,1085,0
SPY190717C301,2019-07-15,2019-07-15 09:37:57,0.7,0.7777,5,0.69,0.7666,14,0.7,0.7777,2,0.695,0.7722,1085,0
SPY190717C301,2019-07-15,2019-07-15 09:37:57,0.7,0.7777,553,0.69,0.7666,4,0.69,0.7666,1,0.695,0.7722,1086,1
SPY190717C301,2019-07-15,2019-07-15 09:37:58,0.7,0.7777,553,0.69,0.7666,4,0.69,0.7666,1,0.695,0.7722,1086,0
SPY190717C301,2019-07-15,2019-07-15 09:37:58,0.7,0.7777,563,0.69,0.7666,4,0.69,0.7666,1,0.695,0.7722,1086,0
SPY190717C301,2019-07-15,2019-07-15 09:37:59,0.7,0.7777,118,0.69,0.7666,178,0.69,0.7666,1,0.695,0.7722,1086,0
SPY190717C301,2019-07-15,2019-07-15 09:37:59,0.7,0.7777,553,0.69,0.7666,4,0.69,0.7666,1,0.695,0.7722,1086,0
SPY190717C301,2019-07-15,2019-07-15 09:38:00,0.7,0.7777,49,0.69,0.7666,178,0.71,0.7888,10,0.695,0.7722,1096,10
SPY190717C301,2019-07-15,2019-07-15 09:38:01,0.7,0.7777,394,0.69,0.7666,178,0.71,0.7888,10,0.695,0.7722,1096,0
SPY190717C301,2019-07-15,2019-07-15 09:38:01,0.7,0.7777,1,0.69,0.7666,178,0.71,0.7888,10,0.695,0.7722,1096,0
SPY190717C301,2019-07-15,2019-07-15 09:38:02,0.7,0.7777,448,0.69,0.7666,68,0.71,0.7888,10,0.695,0.7722,1096,0
SPY190717C301,2019-07-15,2019-07-15 09:38:03,0.7,0.7777,455,0.69,0.7666,79,0.71,0.7888,10,0.695,0.7722,1096,0
SPY190717C301,2019-07-15,2019-07-15 09:38:03,0.7,0.7777,469,0.69,0.7666,53,0.69,0.7666,1,0.695,0.7722,1097,1
SPY190717C301,2019-07-15,2019-07-15 09:38:04,0.7,0.7777,409,0.69,0.7666,81,0.69,0.7666,1,0.695,0.7722,1097,0
SPY190717C301,2019-07-15,2019-07-15 09:38:05,0.7,0.7777,517,0.69,0.7666,3,0.69,0.7666,1,0.695,0.7722,1097,0
SPY190717C301,2019-07-15,2019-07-15 09:38:05,0.7,0.7777,577,0.69,0.7666,3,0.69,0.7666,1,0.695,0.7722,1097,0
SPY190717C301,2019-07-15,2019-07-15 09:38:06,0.7,0.7777,824,0.68,0.7555,309,0.69,0.7666,42,0.69,0.7666,1142,0
SPY190717C301,2019-07-15,2019-07-15 09:38:06,0.7,0.7777,652,0.68,0.7555,309,0.69,0.7666,42,0.69,0.7666,1142,45
SPY190717C301,2019-07-15,2019-07-15 09:38:07,0.69,0.7666,1,0.68,0.7555,184,0.69,0.7666,5,0.685,0.7611,1147,5
SPY190717C301,2019-07-15,2019-07-15 09:38:08,0.69,0.7666,19,0.68,0.7555,184,0.69,0.7666,5,0.685,0.7611,1147,0
SPY190717C301,2019-07-15,2019-07-15 09:38:09,0.7,0.7777,1131,0.68,0.7555,184,0.69,0.7666,5,0.69,0.7666,1147,0
SPY190717C301,2019-07-15,2019-07-15 09:38:09,0.7,0.7777,703,0.68,0.7555,447,0.69,0.7666,5,0.69,0.7666,1147,0
SPY190717C301,2019-07-15,2019-07-15 09:38:10,0.71,0.7888,655,0.69,0.7666,153,0.69,0.7666,5,0.7,0.7777,1147,0
SPY190717C301,2019-07-15,2019-07-15 09:38:11,0.7,0.7777,147,0.68,0.7555,142,0.69,0.7666,5,0.69,0.7666,1147,0
SPY190717C301,2019-07-15,2019-07-15 09:38:11,0.7,0.7777,16,0.68,0.7555,159,0.69,0.7666,5,0.69,0.7666,1147,0
SPY190717C301,2019-07-15,2019-07-15 09:38:12,0.71,0.7888,711,0.69,0.7666,167,0.69,0.7666,5,0.7,0.7777,1147,0
SPY190717C301,2019-07-15,2019-07-15 09:38:12,0.71,0.7888,283,0.69,0.7666,309,0.69,0.7666,5,0.7,0.7777,1147,0
SPY190717C301,2019-07-15,2019-07-15 09:38:13,0.71,0.7888,283,0.69,0.7666,670,0.69,0.7666,5,0.7,0.7777,1147,0
SPY190717C301,2019-07-15,2019-07-15 09:38:14,0.71,0.7888,500,0.69,0.7666,753,0.69,0.7666,5,0.7,0.7777,1147,0
SPY190717C301,2019-07-15,2019-07-15 09:38:14,0.71,0.7888,263,0.69,0.7666,753,0.69,0.7666,5,0.7,0.7777,1147,0
SPY190717C301,2019-07-15,2019-07-15 09:38:15,0.71,0.7888,80,0.7,0.7777,123,0.69,0.7666,5,0.705,0.7833,1147,0
SPY190717C301,2019-07-15,2019-07-15 09:38:15,0.71,0.7888,63,0.7,0.7777,119,0.69,0.7666,5,0.705,0.7833,1147,0
SPY190717C301,2019-07-15,2019-07-15 09:38:16,0.71,0.7888,27,0.7,0.7777,149,0.69,0.7666,5,0.705,0.7833,1147,0
SPY190717C301,2019-07-15,2019-07-15 09:38:17,0.71,0.7888,27,0.7,0.7777,150,0.69,0.7666,5,0.705,0.7833,1147,0
SPY190717C301,2019-07-15,2019-07-15 09:38:17,0.72,0.8,657,0.7,0.7777,384,0.69,0.7666,5,0.71,0.7888,1147,0
SPY190717C301,2019-07-15,2019-07-15 09:38:18,0.72,0.8,869,0.7,0.7777,364,0.69,0.7666,5,0.71,0.7888,1147,0
SPY190717C301,2019-07-15,2019-07-15 09:38:18,0.72,0.8,949,0.7,0.7777,325,0.69,0.7666,5,0.71,0.7888,1147,0
SPY190717C301,2019-07-15,2019-07-15 09:38:19,0.72,0.8,315,0.7,0.7777,412,0.69,0.7666,5,0.71,0.7888,1147,0
SPY190717C301,2019-07-15,2019-07-15 09:38:19,0.72,0.8,969,0.7,0.7777,693,0.69,0.7666,5,0.71,0.7888,1147,0
SPY190717C301,2019-07-15,2019-07-15 09:38:20,0.72,0.8,588,0.7,0.7777,185,0.69,0.7666,5,0.71,0.7888,1147,0
SPY190717C301,2019-07-15,2019-07-15 09:38:21,0.72,0.8,588,0.7,0.7777,208,0.69,0.7666,5,0.71,0.7888,1147,0
SPY190717C301,2019-07-15,2019-07-15 09:38:21,0.72,0.8,1046,0.7,0.7777,208,0.69,0.7666,5,0.71,0.7888,1147,0
SPY190717C301,2019-07-15,2019-07-15 09:38:22,0.72,0.8,1180,0.7,0.7777,155,0.69,0.7666,5,0.71,0.7888,1147,0
SPY190717C301,2019-07-15,2019-07-15 09:38:22,0.72,0.8,1010,0.7,0.7777,155,0.69,0.7666,5,0.71,0.7888,1147,0
SPY190717C301,2019-07-15,2019-07-15 09:38:23,0.71,0.7888,5,0.7,0.7777,122,0.69,0.7666,5,0.705,0.7833,1147,0
SPY190717C301,2019-07-15,2019-07-15 09:38:23,0.72,0.8,1180,0.7,0.7777,122,0.69,0.7666,5,0.71,0.7888,1147,0
SPY190717C301,2019-07-15,2019-07-15 09:38:24,0.71,0.7888,140,0.69,0.7666,1254,0.69,0.7666,5,0.7,0.7777,1147,0
SPY190717C301,2019-07-15,2019-07-15 09:38:25,0.71,0.7888,140,0.7,0.7777,50,0.69,0.7666,5,0.705,0.7833,1147,0
SPY190717C301,2019-07-15,2019-07-15 09:38:25,0.71,0.7888,193,0.7,0.7777,14,0.69,0.7666,5,0.705,0.7833,1147,0
SPY190717C301,2019-07-15,2019-07-15 09:38:26,0.71,0.7888,814,0.69,0.7666,208,0.69,0.7666,5,0.7,0.7777,1147,0
SPY190717C301,2019-07-15,2019-07-15 09:38:26,0.71,0.7888,856,0.69,0.7666,296,0.69,0.7666,5,0.7,0.7777,1147,0
SPY190717C301,2019-07-15,2019-07-15 09:38:27,0.71,0.7888,814,0.69,0.7666,14,0.69,0.7666,5,0.7,0.7777,1147,0
SPY190717C301,2019-07-15,2019-07-15 09:38:28,0.7,0.7777,390,0.68,0.7555,1090,0.69,0.7666,5,0.69,0.7666,1147,0
SPY190717C301,2019-07-15,2019-07-15 09:38:29,0.7,0.7777,887,0.68,0.7555,765,0.69,0.7666,5,0.69,0.7666,1147,0
SPY190717C301,2019-07-15,2019-07-15 09:38:29,0.7,0.7777,887,0.68,0.7555,782,0.69,0.7666,5,0.69,0.7666,1147,0
SPY190717C301,2019-07-15,2019-07-15 09:38:30,0.71,0.7888,644,0.7,0.7777,32,0.69,0.7666,5,0.705,0.7833,1147,0
SPY190717C301,2019-07-15,2019-07-15 09:38:30,0.71,0.7888,636,0.69,0.7666,136,0.69,0.7666,5,0.7,0.7777,1147,0
SPY190717C301,2019-07-15,2019-07-15 09:38:31,0.71,0.7888,90,0.7,0.7777,32,0.69,0.7666,5,0.705,0.7833,1147,0
SPY190717C301,2019-07-15,2019-07-15 09:38:32,0.72,0.8,587,0.71,0.7888,32,0.69,0.7666,5,0.715,0.7944,1147,0
SPY190717C301,2019-07-15,2019-07-15 09:38:32,0.72,0.8,630,0.7,0.7777,186,0.69,0.7666,5,0.71,0.7888,1147,0
SPY190717C301,2019-07-15,2019-07-15 09:38:37,0.7,0.7777,48,0.69,0.7666,32,0.69,0.7666,5,0.695,0.7722,1147,0
SPY190717C301,2019-07-15,2019-07-15 09:38:37,0.7,0.7777,19,0.7,0.7777,32,0.69,0.7666,5,0.7,0.7777,1147,0
SPY190717C301,2019-07-15,2019-07-15 09:38:38,0.7,0.7777,175,0.69,0.7666,33,0.69,0.7666,5,0.695,0.7722,1147,0
SPY190717C301,2019-07-15,2019-07-15 09:38:38,0.71,0.7888,969,0.69,0.7666,309,0.69,0.7666,5,0.7,0.7777,1147,0
SPY190717C301,2019-07-15,2019-07-15 09:38:39,0.71,0.7888,969,0.69,0.7666,309,0.69,0.7666,5,0.7,0.7777,1147,0
SPY190717C301,2019-07-15,2019-07-15 09:38:40,0.7,0.7777,76,0.69,0.7666,96,0.69,0.7666,2,0.695,0.7722,1149,2
SPY190717C301,2019-07-15,2019-07-15 09:38:40,0.7,0.7777,72,0.68,0.7555,700,0.69,0.7666,2,0.69,0.7666,1149,0
SPY190717C301,2019-07-15,2019-07-15 09:38:41,0.7,0.7777,534,0.68,0.7555,565,0.69,0.7666,2,0.69,0.7666,1149,0
SPY190717C301,2019-07-15,2019-07-15 09:38:41,0.7,0.7777,66,0.68,0.7555,987,0.69,0.7666,2,0.69,0.7666,1149,0
SPY190717C301,2019-07-15,2019-07-15 09:38:42,0.7,0.7777,66,0.68,0.7555,987,0.69,0.7666,2,0.69,0.7666,1149,0
SPY190717C301,2019-07-15,2019-07-15 09:38:42,0.7,0.7777,34,0.68,0.7555,762,0.69,0.7666,2,0.69,0.7666,1149,0
SPY190717C301,2019-07-15,2019-07-15 09:38:43,0.7,0.7777,607,0.68,0.7555,985,0.68,0.7555,3,0.69,0.7666,1158,9
SPY190717C301,2019-07-15,2019-07-15 09:38:43,0.7,0.7777,274,0.68,0.7555,1515,0.69,0.7666,2,0.69,0.7666,1149,0
SPY190717C301,2019-07-15,2019-07-15 09:38:44,0.7,0.7777,852,0.68,0.7555,1416,0.68,0.7555,3,0.69,0.7666,1158,0
SPY190717C301,2019-07-15,2019-07-15 09:38:45,0.7,0.7777,927,0.68,0.7555,921,0.68,0.7555,3,0.69,0.7666,1158,0
SPY190717C301,2019-07-15,2019-07-15 09:38:46,0.7,0.7777,859,0.68,0.7555,1654,0.68,0.7555,3,0.69,0.7666,1158,0
SPY190717C301,2019-07-15,2019-07-15 09:38:46,0.7,0.7777,1242,0.68,0.7555,808,0.69,0.7666,2,0.69,0.7666,1160,2
SPY190717C301,2019-07-15,2019-07-15 09:38:47,0.7,0.7777,1242,0.68,0.7555,619,0.69,0.7666,2,0.69,0.7666,1160,0
SPY190717C301,2019-07-15,2019-07-15 09:38:48,0.69,0.7666,19,0.68,0.7555,195,0.69,0.7666,2,0.685,0.7611,1160,0
SPY190717C301,2019-07-15,2019-07-15 09:38:49,0.69,0.7666,27,0.68,0.7555,195,0.69,0.7666,2,0.685,0.7611,1160,0
SPY190717C301,2019-07-15,2019-07-15 09:38:49,0.69,0.7666,37,0.68,0.7555,195,0.69,0.7666,2,0.685,0.7611,1160,0
SPY190717C301,2019-07-15,2019-07-15 09:38:50,0.69,0.7666,33,0.68,0.7555,195,0.69,0.7666,2,0.685,0.7611,1160,0
SPY190717C301,2019-07-15,2019-07-15 09:38:51,0.69,0.7666,13,0.68,0.7555,195,0.69,0.7666,2,0.685,0.7611,1160,0
SPY190717C301,2019-07-15,2019-07-15 09:38:52,0.7,0.7777,212,0.68,0.7555,110,0.69,0.7666,2,0.69,0.7666,1160,0
SPY190717C301,2019-07-15,2019-07-15 09:38:52,0.7,0.7777,628,0.68,0.7555,195,0.69,0.7666,2,0.69,0.7666,1160,0
SPY190717C301,2019-07-15,2019-07-15 09:38:53,0.7,0.7777,150,0.68,0.7555,156,0.69,0.7666,2,0.69,0.7666,1160,0
SPY190717C301,2019-07-15,2019-07-15 09:38:53,0.7,0.7777,192,0.68,0.7555,256,0.69,0.7666,2,0.69,0.7666,1160,0
SPY190717C301,2019-07-15,2019-07-15 09:38:54,0.7,0.7777,13,0.69,0.7666,1,0.69,0.7666,2,0.695,0.7722,1160,0
SPY190717C301,2019-07-15,2019-07-15 09:38:55,0.71,0.7888,665,0.69,0.7666,182,0.69,0.7666,2,0.7,0.7777,1160,0
SPY190717C301,2019-07-15,2019-07-15 09:38:55,0.7,0.7777,61,0.69,0.7666,183,0.69,0.7666,2,0.695,0.7722,1160,0
SPY190717C301,2019-07-15,2019-07-15 09:38:56,0.7,0.7777,61,0.69,0.7666,149,0.69,0.7666,2,0.695,0.7722,1160,0
SPY190717C301,2019-07-15,2019-07-15 09:38:57,0.7,0.7777,1,0.69,0.7666,159,0.69,0.7666,2,0.695,0.7722,1160,0
SPY190717C301,2019-07-15,2019-07-15 09:38:57,0.7,0.7777,1,0.69,0.7666,158,0.69,0.7666,2,0.695,0.7722,1160,0
SPY190717C301,2019-07-15,2019-07-15 09:38:58,0.7,0.7777,1,0.69,0.7666,158,0.69,0.7666,2,0.695,0.7722,1160,0
SPY190717C301,2019-07-15,2019-07-15 09:38:59,0.7,0.7777,1,0.69,0.7666,158,0.69,0.7666,2,0.695,0.7722,1160,0
SPY190717C301,2019-07-15,2019-07-15 09:39:00,0.7,0.7777,1,0.69,0.7666,185,0.69,0.7666,2,0.695,0.7722,1160,0
SPY190717C301,2019-07-15,2019-07-15 09:39:01,0.7,0.7777,1,0.69,0.7666,185,0.69,0.7666,2,0.695,0.7722,1160,0
SPY190717C301,2019-07-15,2019-07-15 09:39:02,0.71,0.7888,857,0.69,0.7666,149,0.69,0.7666,2,0.7,0.7777,1160,0
SPY190717C301,2019-07-15,2019-07-15 09:39:02,0.71,0.7888,1221,0.69,0.7666,185,0.69,0.7666,2,0.7,0.7777,1160,0
SPY190717C301,2019-07-15,2019-07-15 09:39:03,0.71,0.7888,1235,0.69,0.7666,149,0.69,0.7666,2,0.7,0.7777,1160,0
SPY190717C301,2019-07-15,2019-07-15 09:39:04,0.71,0.7888,1110,0.69,0.7666,302,0.69,0.7666,2,0.7,0.7777,1160,0
SPY190717C301,2019-07-15,2019-07-15 09:39:04,0.71,0.7888,1202,0.69,0.7666,149,0.69,0.7666,2,0.7,0.7777,1160,0
SPY190717C301,2019-07-15,2019-07-15 09:39:05,0.71,0.7888,1110,0.69,0.7666,306,0.69,0.7666,2,0.7,0.7777,1160,0
SPY190717C301,2019-07-15,2019-07-15 09:39:06,0.7,0.7777,1,0.69,0.7666,208,0.7,0.7777,1,0.695,0.7722,1161,1
SPY190717C301,2019-07-15,2019-07-15 09:39:06,0.71,0.7888,1237,0.69,0.7666,310,0.7,0.7777,1,0.7,0.7777,1161,0
SPY190717C301,2019-07-15,2019-07-15 09:39:07,0.71,0.7888,1323,0.69,0.7666,208,0.7,0.7777,1,0.7,0.7777,1161,0
SPY190717C301,2019-07-15,2019-07-15 09:39:08,0.7,0.7777,94,0.69,0.7666,129,0.7,0.7777,1,0.695,0.7722,1162,0
SPY190717C301,2019-07-15,2019-07-15 09:39:08,0.7,0.7777,104,0.69,0.7666,86,0.7,0.7777,1,0.695,0.7722,1162,1
SPY190717C301,2019-07-15,2019-07-15 09:39:09,0.71,0.7888,1062,0.69,0.7666,156,0.7,0.7777,1,0.7,0.7777,1162,0
SPY190717C301,2019-07-15,2019-07-15 09:39:10,0.7,0.7777,19,0.69,0.7666,96,0.7,0.7777,1,0.695,0.7722,1162,0
SPY190717C301,2019-07-15,2019-07-15 09:39:10,0.71,0.7888,1062,0.69,0.7666,156,0.7,0.7777,1,0.7,0.7777,1162,0
SPY190717C301,2019-07-15,2019-07-15 09:39:11,0.7,0.7777,79,0.69,0.7666,107,0.7,0.7777,1,0.695,0.7722,1162,0
SPY190717C301,2019-07-15,2019-07-15 09:39:11,0.7,0.7777,1,0.68,0.7555,616,0.7,0.7777,1,0.69,0.7666,1162,0
SPY190717C301,2019-07-15,2019-07-15 09:39:12,0.7,0.7777,1,0.69,0.7666,191,0.7,0.7777,1,0.695,0.7722,1162,0
SPY190717C301,2019-07-15,2019-07-15 09:39:13,0.7,0.7777,1,0.69,0.7666,304,0.7,0.7777,1,0.695,0.7722,1162,0
SPY190717C301,2019-07-15,2019-07-15 09:39:13,0.7,0.7777,1,0.69,0.7666,208,0.7,0.7777,1,0.695,0.7722,1162,0
SPY190717C301,2019-07-15,2019-07-15 09:39:14,0.7,0.7777,1,0.69,0.7666,208,0.7,0.7777,1,0.695,0.7722,1162,0
SPY190717C301,2019-07-15,2019-07-15 09:39:15,0.7,0.7777,1,0.69,0.7666,208,0.7,0.7777,8,0.695,0.7722,1170,0
SPY190717C301,2019-07-15,2019-07-15 09:39:15,0.7,0.7777,1,0.69,0.7666,208,0.7,0.7777,8,0.695,0.7722,1170,8
SPY190717C301,2019-07-15,2019-07-15 09:39:16,0.7,0.7777,1,0.69,0.7666,208,0.7,0.7777,8,0.695,0.7722,1170,0
SPY190717C301,2019-07-15,2019-07-15 09:39:16,0.7,0.7777,1,0.69,0.7666,191,0.7,0.7777,8,0.695,0.7722,1170,0
SPY190717C301,2019-07-15,2019-07-15 09:39:17,0.7,0.7777,1,0.69,0.7666,191,0.7,0.7777,8,0.695,0.7722,1170,0
SPY190717C301,2019-07-15,2019-07-15 09:39:17,0.7,0.7777,63,0.69,0.7666,119,0.7,0.7777,8,0.695,0.7722,1170,0
SPY190717C301,2019-07-15,2019-07-15 09:39:18,0.7,0.7777,200,0.69,0.7666,32,0.7,0.7777,8,0.695,0.7722,1170,0
SPY190717C301,2019-07-15,2019-07-15 09:39:19,0.7,0.7777,389,0.69,0.7666,32,0.7,0.7777,8,0.695,0.7722,1170,0
SPY190717C301,2019-07-15,2019-07-15 09:39:19,0.7,0.7777,969,0.69,0.7666,32,0.69,0.7666,1,0.695,0.7722,1171,1
SPY190717C301,2019-07-15,2019-07-15 09:39:20,0.7,0.7777,969,0.69,0.7666,32,0.69,0.7666,1,0.695,0.7722,1171,0
SPY190717C301,2019-07-15,2019-07-15 09:39:21,0.7,0.7777,1057,0.68,0.7555,521,0.69,0.7666,1,0.69,0.7666,1171,0
SPY190717C301,2019-07-15,2019-07-15 09:39:22,0.7,0.7777,1057,0.69,0.7666,28,0.69,0.7666,1,0.695,0.7722,1172,1
SPY190717C301,2019-07-15,2019-07-15 09:39:22,0.7,0.7777,920,0.69,0.7666,28,0.69,0.7666,1,0.695,0.7722,1172,0
SPY190717C301,2019-07-15,2019-07-15 09:39:23,0.7,0.7777,874,0.69,0.7666,28,0.69,0.7666,1,0.695,0.7722,1172,0
SPY190717C301,2019-07-15,2019-07-15 09:39:23,0.7,0.7777,896,0.69,0.7666,32,0.69,0.7666,2,0.695,0.7722,1174,2
SPY190717C301,2019-07-15,2019-07-15 09:39:24,0.7,0.7777,1031,0.69,0.7666,32,0.7,0.7777,1,0.695,0.7722,1180,6
SPY190717C301,2019-07-15,2019-07-15 09:39:25,0.7,0.7777,1031,0.68,0.7555,482,0.7,0.7777,1,0.69,0.7666,1180,0
SPY190717C301,2019-07-15,2019-07-15 09:39:25,0.7,0.7777,997,0.68,0.7555,482,0.7,0.7777,1,0.69,0.7666,1180,0
SPY190717C301,2019-07-15,2019-07-15 09:39:26,0.7,0.7777,617,0.69,0.7666,28,0.69,0.7666,10,0.695,0.7722,1205,25
SPY190717C301,2019-07-15,2019-07-15 09:39:26,0.7,0.7777,617,0.68,0.7555,482,0.7,0.7777,1,0.69,0.7666,1180,0
SPY190717C301,2019-07-15,2019-07-15 09:39:27,0.7,0.7777,1037,0.69,0.7666,28,0.69,0.7666,10,0.695,0.7722,1205,0
SPY190717C301,2019-07-15,2019-07-15 09:39:27,0.7,0.7777,617,0.68,0.7555,520,0.69,0.7666,10,0.69,0.7666,1205,0
SPY190717C301,2019-07-15,2019-07-15 09:39:28,0.7,0.7777,617,0.68,0.7555,462,0.69,0.7666,10,0.69,0.7666,1205,0
SPY190717C301,2019-07-15,2019-07-15 09:39:29,0.7,0.7777,894,0.68,0.7555,763,0.69,0.7666,10,0.69,0.7666,1205,0
SPY190717C301,2019-07-15,2019-07-15 09:39:29,0.7,0.7777,1017,0.68,0.7555,475,0.69,0.7666,10,0.69,0.7666,1205,0
SPY190717C301,2019-07-15,2019-07-15 09:39:30,0.7,0.7777,453,0.69,0.7666,89,0.69,0.7666,10,0.695,0.7722,1205,0
SPY190717C301,2019-07-15,2019-07-15 09:39:30,0.71,0.7888,887,0.69,0.7666,89,0.69,0.7666,10,0.7,0.7777,1205,0
SPY190717C301,2019-07-15,2019-07-15 09:39:31,0.7,0.7777,50,0.69,0.7666,149,0.69,0.7666,10,0.695,0.7722,1205,0
SPY190717C301,2019-07-15,2019-07-15 09:39:31,0.7,0.7777,69,0.69,0.7666,139,0.69,0.7666,10,0.695,0.7722,1205,0
SPY190717C301,2019-07-15,2019-07-15 09:39:32,0.71,0.7888,900,0.69,0.7666,305,0.69,0.7666,10,0.7,0.7777,1205,0
SPY190717C301,2019-07-15,2019-07-15 09:39:33,0.7,0.7777,1,0.69,0.7666,283,0.69,0.7666,10,0.695,0.7722,1205,0
SPY190717C301,2019-07-15,2019-07-15 09:39:33,0.71,0.7888,900,0.69,0.7666,305,0.69,0.7666,10,0.7,0.7777,1205,0
SPY190717C301,2019-07-15,2019-07-15 09:39:34,0.7,0.7777,1,0.69,0.7666,1001,0.69,0.7666,10,0.695,0.7722,1205,0
SPY190717C301,2019-07-15,2019-07-15 09:39:34,0.7,0.7777,1,0.69,0.7666,1097,0.69,0.7666,10,0.695,0.7722,1205,0
SPY190717C301,2019-07-15,2019-07-15 09:39:35,0.72,0.8,590,0.7,0.7777,210,0.7,0.7777,1,0.71,0.7888,1206,1
SPY190717C301,2019-07-15,2019-07-15 09:39:35,0.72,0.8,590,0.7,0.7777,210,0.7,0.7777,1,0.71,0.7888,1206,0
SPY190717C301,2019-07-15,2019-07-15 09:39:36,0.72,0.8,607,0.7,0.7777,210,0.7,0.7777,1,0.71,0.7888,1206,0
SPY190717C301,2019-07-15,2019-07-15 09:39:37,0.71,0.7888,10,0.7,0.7777,54,0.7,0.7777,1,0.705,0.7833,1206,0
SPY190717C301,2019-07-15,2019-07-15 09:39:37,0.72,0.8,743,0.7,0.7777,162,0.7,0.7777,1,0.71,0.7888,1206,0
SPY190717C301,2019-07-15,2019-07-15 09:39:38,0.72,0.8,594,0.7,0.7777,162,0.7,0.7777,1,0.71,0.7888,1206,0
SPY190717C301,2019-07-15,2019-07-15 09:39:39,0.71,0.7888,567,0.7,0.7777,32,0.7,0.7777,1,0.705,0.7833,1206,0
SPY190717C301,2019-07-15,2019-07-15 09:39:39,0.72,0.8,534,0.7,0.7777,32,0.7,0.7777,1,0.71,0.7888,1206,0
SPY190717C301,2019-07-15,2019-07-15 09:39:40,0.71,0.7888,50,0.7,0.7777,88,0.7,0.7777,1,0.705,0.7833,1206,0
SPY190717C301,2019-07-15,2019-07-15 09:39:40,0.71,0.7888,73,0.7,0.7777,88,0.7,0.7777,1,0.705,0.7833,1206,0
SPY190717C301,2019-07-15,2019-07-15 09:39:41,0.71,0.7888,788,0.69,0.7666,484,0.7,0.7777,15,0.7,0.7777,1253,0
SPY190717C301,2019-07-15,2019-07-15 09:39:41,0.71,0.7888,585,0.7,0.7777,15,0.7,0.7777,15,0.705,0.7833,1253,47
SPY190717C301,2019-07-15,2019-07-15 09:39:42,0.71,0.7888,861,0.69,0.7666,484,0.7,0.7777,15,0.7,0.7777,1253,0
SPY190717C301,2019-07-15,2019-07-15 09:39:42,0.71,0.7888,1265,0.69,0.7666,484,0.7,0.7777,15,0.7,0.7777,1253,0
SPY190717C301,2019-07-15,2019-07-15 09:39:43,0.71,0.7888,317,0.7,0.7777,32,0.7,0.7777,15,0.705,0.7833,1253,0
SPY190717C301,2019-07-15,2019-07-15 09:39:44,0.71,0.7888,614,0.7,0.7777,32,0.7,0.7777,15,0.705,0.7833,1253,0
SPY190717C301,2019-07-15,2019-07-15 09:39:44,0.71,0.7888,565,0.7,0.7777,32,0.7,0.7777,15,0.705,0.7833,1253,0
SPY190717C301,2019-07-15,2019-07-15 09:39:45,0.71,0.7888,614,0.7,0.7777,32,0.7,0.7777,15,0.705,0.7833,1253,0
SPY190717C301,2019-07-15,2019-07-15 09:39:45,0.7,0.7777,463,0.69,0.7666,129,0.7,0.7777,15,0.695,0.7722,1253,0
SPY190717C301,2019-07-15,2019-07-15 09:39:46,0.71,0.7888,800,0.69,0.7666,129,0.7,0.7777,15,0.7,0.7777,1253,0
SPY190717C301,2019-07-15,2019-07-15 09:39:47,0.7,0.7777,27,0.69,0.7666,172,0.7,0.7777,1,0.695,0.7722,1254,0
SPY190717C301,2019-07-15,2019-07-15 09:39:47,0.7,0.7777,27,0.69,0.7666,198,0.7,0.7777,1,0.695,0.7722,1254,1
SPY190717C301,2019-07-15,2019-07-15 09:39:48,0.7,0.7777,62,0.69,0.7666,172,0.7,0.7777,1,0.695,0.7722,1254,0
SPY190717C301,2019-07-15,2019-07-15 09:39:48,0.71,0.7888,1264,0.69,0.7666,192,0.7,0.7777,1,0.7,0.7777,1254,0
SPY190717C301,2019-07-15,2019-07-15 09:39:49,0.71,0.7888,766,0.69,0.7666,281,0.7,0.7777,1,0.7,0.7777,1254,0
SPY190717C301,2019-07-15,2019-07-15 09:39:50,0.71,0.7888,687,0.69,0.7666,413,0.7,0.7777,1,0.7,0.7777,1254,0
SPY190717C301,2019-07-15,2019-07-15 09:39:50,0.71,0.7888,766,0.69,0.7666,322,0.7,0.7777,1,0.7,0.7777,1254,0
SPY190717C301,2019-07-15,2019-07-15 09:39:51,0.71,0.7888,636,0.69,0.7666,399,0.7,0.7777,1,0.7,0.7777,1254,0
SPY190717C301,2019-07-15,2019-07-15 09:39:51,0.71,0.7888,708,0.69,0.7666,172,0.7,0.7777,1,0.7,0.7777,1254,0
SPY190717C301,2019-07-15,2019-07-15 09:39:52,0.7,0.7777,27,0.69,0.7666,179,0.7,0.7777,1,0.695,0.7722,1255,0
SPY190717C301,2019-07-15,2019-07-15 09:39:52,0.71,0.7888,708,0.69,0.7666,129,0.7,0.7777,1,0.7,0.7777,1255,1
SPY190717C301,2019-07-15,2019-07-15 09:39:53,0.71,0.7888,5,0.7,0.7777,115,0.7,0.7777,1,0.705,0.7833,1255,0
SPY190717C301,2019-07-15,2019-07-15 09:39:53,0.71,0.7888,6,0.7,0.7777,19,0.7,0.7777,1,0.705,0.7833,1255,0
SPY190717C301,2019-07-15,2019-07-15 09:39:54,0.72,0.8,517,0.71,0.7888,32,0.7,0.7777,1,0.715,0.7944,1255,0
SPY190717C301,2019-07-15,2019-07-15 09:39:54,0.72,0.8,127,0.71,0.7888,47,0.7,0.7777,1,0.715,0.7944,1255,0
SPY190717C301,2019-07-15,2019-07-15 09:39:55,0.72,0.8,137,0.71,0.7888,120,0.7,0.7777,1,0.715,0.7944,1255,0
SPY190717C301,2019-07-15,2019-07-15 09:39:56,0.73,0.8111,114,0.72,0.8,50,0.71,0.7888,10,0.725,0.8055,1265,10
SPY190717C301,2019-07-15,2019-07-15 09:39:56,0.72,0.8,132,0.71,0.7888,123,0.7,0.7777,1,0.715,0.7944,1255,0
SPY190717C301,2019-07-15,2019-07-15 09:39:57,0.73,0.8111,43,0.72,0.8,199,0.73,0.8111,1,0.725,0.8055,1266,1
SPY190717C301,2019-07-15,2019-07-15 09:39:57,0.73,0.8111,516,0.72,0.8,32,0.73,0.8111,1,0.725,0.8055,1266,0
SPY190717C301,2019-07-15,2019-07-15 09:39:58,0.73,0.8111,516,0.72,0.8,32,0.73,0.8111,1,0.725,0.8055,1266,0
SPY190717C301,2019-07-15,2019-07-15 09:39:59,0.73,0.8111,438,0.72,0.8,169,0.73,0.8111,1,0.725,0.8055,1266,0
SPY190717C301,2019-07-15,2019-07-15 09:39:59,0.73,0.8111,60,0.71,0.7888,467,0.73,0.8111,1,0.72,0.8,1266,0
SPY190717C301,2019-07-15,2019-07-15 09:40:00,0.73,0.8111,454,0.72,0.8,16,0.73,0.8111,1,0.725,0.8055,1266,0
SPY190717C301,2019-07-15,2019-07-15 09:40:00,0.73,0.8111,407,0.72,0.8,16,0.73,0.8111,1,0.725,0.8055,1266,0
SPY190717C301,2019-07-15,2019-07-15 09:40:01,0.72,0.8,30,0.71,0.7888,460,0.73,0.8111,10,0.715,0.7944,1276,10
SPY190717C301,2019-07-15,2019-07-15 09:40:02,0.71,0.7888,27,0.7,0.7777,245,0.73,0.8111,10,0.705,0.7833,1276,0
SPY190717C301,2019-07-15,2019-07-15 09:40:02,0.72,0.8,460,0.71,0.7888,460,0.73,0.8111,10,0.715,0.7944,1276,0
SPY190717C301,2019-07-15,2019-07-15 09:40:03,0.72,0.8,877,0.7,0.7777,195,0.73,0.8111,10,0.71,0.7888,1276,0
SPY190717C301,2019-07-15,2019-07-15 09:40:03,0.72,0.8,498,0.7,0.7777,429,0.73,0.8111,10,0.71,0.7888,1276,0
SPY190717C301,2019-07-15,2019-07-15 09:40:04,0.72,0.8,441,0.71,0.7888,188,0.73,0.8111,10,0.715,0.7944,1276,0
SPY190717C301,2019-07-15,2019-07-15 09:40:05,0.72,0.8,575,0.7,0.7777,476,0.73,0.8111,10,0.71,0.7888,1276,0
SPY190717C301,2019-07-15,2019-07-15 09:40:05,0.72,0.8,405,0.71,0.7888,160,0.73,0.8111,10,0.715,0.7944,1276,0
SPY190717C301,2019-07-15,2019-07-15 09:40:06,0.72,0.8,449,0.71,0.7888,155,0.73,0.8111,10,0.715,0.7944,1276,0
SPY190717C301,2019-07-15,2019-07-15 09:40:06,0.72,0.8,405,0.71,0.7888,160,0.73,0.8111,10,0.715,0.7944,1276,0
SPY190717C301,2019-07-15,2019-07-15 09:40:07,0.72,0.8,405,0.71,0.7888,160,0.73,0.8111,10,0.715,0.7944,1276,0
SPY190717C301,2019-07-15,2019-07-15 09:40:08,0.73,0.8111,590,0.71,0.7888,160,0.73,0.8111,10,0.72,0.8,1276,0
SPY190717C301,2019-07-15,2019-07-15 09:40:08,0.73,0.8111,1100,0.71,0.7888,209,0.73,0.8111,10,0.72,0.8,1276,0
SPY190717C301,2019-07-15,2019-07-15 09:40:09,0.72,0.8,380,0.71,0.7888,175,0.73,0.8111,10,0.715,0.7944,1276,0
