symbol,Date,quote_time,ask_price,norm_ask_price,ask_size,bid_price,norm_bid_price,bid_size,last_trade_price,norm_last_trade_price,last_trade_size,mark_price,norm_mark_price,volume,Volume
IWM191101P156,2019-10-28,2019-10-28 09:30:00,1.28,1.0,10,1.12,0.875,10,1.61,1.2578,5,1.2,0.9375,0,0
IWM191101P156,2019-10-28,2019-10-28 09:30:01,1.28,1.0,10,1.12,0.875,10,1.61,1.2578,5,1.2,0.9375,0,0
IWM191101P156,2019-10-28,2019-10-28 09:30:02,1.32,1.0312,1,1.07,0.8359,1,1.61,1.2578,5,1.195,0.9335,0,0
IWM191101P156,2019-10-28,2019-10-28 09:30:02,1.28,1.0,100,1.09,0.8515,9,1.61,1.2578,5,1.185,0.9257,0,0
IWM191101P156,2019-10-28,2019-10-28 09:30:03,1.28,1.0,100,1.09,0.8515,18,1.61,1.2578,5,1.185,0.9257,0,0
IWM191101P156,2019-10-28,2019-10-28 09:30:04,1.25,0.9765,75,1.17,0.914,75,1.61,1.2578,5,1.21,0.9453,0,0
IWM191101P156,2019-10-28,2019-10-28 09:30:05,1.25,0.9765,75,1.16,0.9062,75,1.61,1.2578,5,1.205,0.9414,0,0
IWM191101P156,2019-10-28,2019-10-28 09:30:06,1.27,0.9921,250,1.1,0.8593,5,1.61,1.2578,5,1.185,0.9257,0,0
IWM191101P156,2019-10-28,2019-10-28 09:30:06,1.24,0.9687,75,1.17,0.914,75,1.61,1.2578,5,1.205,0.9414,0,0
IWM191101P156,2019-10-28,2019-10-28 09:30:07,1.25,0.9765,250,1.1,0.8593,13,1.61,1.2578,5,1.175,0.9179,0,0
IWM191101P156,2019-10-28,2019-10-28 09:30:07,1.27,0.9921,250,1.1,0.8593,5,1.61,1.2578,5,1.185,0.9257,0,0
IWM191101P156,2019-10-28,2019-10-28 09:30:08,1.25,0.9765,250,1.1,0.8593,13,1.61,1.2578,5,1.175,0.9179,0,0
IWM191101P156,2019-10-28,2019-10-28 09:30:08,1.25,0.9765,250,1.1,0.8593,100,1.61,1.2578,5,1.175,0.9179,0,0
IWM191101P156,2019-10-28,2019-10-28 09:30:09,1.25,0.9765,250,1.1,0.8593,100,1.61,1.2578,5,1.175,0.9179,0,0
IWM191101P156,2019-10-28,2019-10-28 09:30:09,1.25,0.9765,350,1.1,0.8593,13,1.61,1.2578,5,1.175,0.9179,0,0
IWM191101P156,2019-10-28,2019-10-28 09:30:10,1.25,0.9765,250,1.1,0.8593,100,1.61,1.2578,5,1.175,0.9179,0,0
IWM191101P156,2019-10-28,2019-10-28 09:30:11,1.22,0.9531,150,1.11,0.8671,49,1.61,1.2578,5,1.165,0.9101,0,0
IWM191101P156,2019-10-28,2019-10-28 09:30:11,1.25,0.9765,372,1.1,0.8593,13,1.61,1.2578,5,1.175,0.9179,0,0
IWM191101P156,2019-10-28,2019-10-28 09:30:12,1.2,0.9375,37,1.13,0.8828,75,1.61,1.2578,5,1.165,0.9101,0,0
IWM191101P156,2019-10-28,2019-10-28 09:30:12,1.2,0.9375,112,1.14,0.8906,75,1.61,1.2578,5,1.17,0.914,0,0
IWM191101P156,2019-10-28,2019-10-28 09:30:13,1.2,0.9375,165,1.13,0.8828,75,1.61,1.2578,5,1.165,0.9101,0,0
IWM191101P156,2019-10-28,2019-10-28 09:30:13,1.2,0.9375,128,1.13,0.8828,75,1.61,1.2578,5,1.165,0.9101,0,0
IWM191101P156,2019-10-28,2019-10-28 09:30:14,1.19,0.9296,100,1.12,0.875,75,1.61,1.2578,5,1.155,0.9023,0,0
IWM191101P156,2019-10-28,2019-10-28 09:30:14,1.19,0.9296,136,1.12,0.875,75,1.61,1.2578,5,1.155,0.9023,0,0
IWM191101P156,2019-10-28,2019-10-28 09:30:15,1.19,0.9296,151,1.12,0.875,75,1.61,1.2578,5,1.155,0.9023,0,0
IWM191101P156,2019-10-28,2019-10-28 09:30:16,1.19,0.9296,151,1.12,0.875,75,1.61,1.2578,5,1.155,0.9023,0,0
IWM191101P156,2019-10-28,2019-10-28 09:30:17,1.18,0.9218,53,1.12,0.875,75,1.61,1.2578,5,1.15,0.8984,0,0
IWM191101P156,2019-10-28,2019-10-28 09:30:17,1.19,0.9296,151,1.12,0.875,75,1.61,1.2578,5,1.155,0.9023,0,0
IWM191101P156,2019-10-28,2019-10-28 09:30:18,1.18,0.9218,35,1.11,0.8671,75,1.61,1.2578,5,1.145,0.8945,0,0
IWM191101P156,2019-10-28,2019-10-28 09:30:18,1.18,0.9218,117,1.12,0.875,75,1.61,1.2578,5,1.15,0.8984,0,0
IWM191101P156,2019-10-28,2019-10-28 09:30:19,1.17,0.914,75,1.11,0.8671,75,1.61,1.2578,5,1.14,0.8906,0,0
IWM191101P156,2019-10-28,2019-10-28 09:30:20,1.17,0.914,261,1.11,0.8671,75,1.61,1.2578,5,1.14,0.8906,0,0
IWM191101P156,2019-10-28,2019-10-28 09:30:20,1.17,0.914,83,1.11,0.8671,75,1.61,1.2578,5,1.14,0.8906,0,0
IWM191101P156,2019-10-28,2019-10-28 09:30:21,1.2,0.9375,100,1.14,0.8906,83,1.61,1.2578,5,1.17,0.914,0,0
IWM191101P156,2019-10-28,2019-10-28 09:30:21,1.2,0.9375,9,1.13,0.8828,21,1.61,1.2578,5,1.165,0.9101,0,0
IWM191101P156,2019-10-28,2019-10-28 09:30:22,1.18,0.9218,90,1.13,0.8828,229,1.61,1.2578,5,1.155,0.9023,0,0
IWM191101P156,2019-10-28,2019-10-28 09:30:22,1.19,0.9296,163,1.13,0.8828,95,1.61,1.2578,5,1.16,0.9062,0,0
IWM191101P156,2019-10-28,2019-10-28 09:30:23,1.18,0.9218,177,1.13,0.8828,229,1.61,1.2578,5,1.155,0.9023,0,0
IWM191101P156,2019-10-28,2019-10-28 09:30:23,1.16,0.9062,75,1.1,0.8593,83,1.61,1.2578,5,1.13,0.8828,0,0
IWM191101P156,2019-10-28,2019-10-28 09:30:24,1.16,0.9062,144,1.1,0.8593,153,1.61,1.2578,5,1.13,0.8828,0,0
IWM191101P156,2019-10-28,2019-10-28 09:30:24,1.16,0.9062,178,1.1,0.8593,276,1.61,1.2578,5,1.13,0.8828,0,0
IWM191101P156,2019-10-28,2019-10-28 09:30:25,1.16,0.9062,178,1.1,0.8593,232,1.61,1.2578,5,1.13,0.8828,0,0
IWM191101P156,2019-10-28,2019-10-28 09:30:25,1.16,0.9062,178,1.1,0.8593,268,1.61,1.2578,5,1.13,0.8828,0,0
IWM191101P156,2019-10-28,2019-10-28 09:30:26,1.16,0.9062,211,1.1,0.8593,268,1.61,1.2578,5,1.13,0.8828,0,0
IWM191101P156,2019-10-28,2019-10-28 09:30:26,1.16,0.9062,178,1.1,0.8593,313,1.61,1.2578,5,1.13,0.8828,0,0
IWM191101P156,2019-10-28,2019-10-28 09:30:27,1.16,0.9062,268,1.1,0.8593,203,1.61,1.2578,5,1.13,0.8828,0,0
IWM191101P156,2019-10-28,2019-10-28 09:30:27,1.15,0.8984,99,1.1,0.8593,354,1.61,1.2578,5,1.125,0.8789,0,0
IWM191101P156,2019-10-28,2019-10-28 09:30:28,1.15,0.8984,204,1.1,0.8593,354,1.61,1.2578,5,1.125,0.8789,0,0
IWM191101P156,2019-10-28,2019-10-28 09:30:28,1.15,0.8984,215,1.1,0.8593,432,1.61,1.2578,5,1.125,0.8789,0,0
IWM191101P156,2019-10-28,2019-10-28 09:30:29,1.15,0.8984,205,1.1,0.8593,432,1.61,1.2578,5,1.125,0.8789,0,0
IWM191101P156,2019-10-28,2019-10-28 09:30:29,1.15,0.8984,180,1.1,0.8593,101,1.61,1.2578,5,1.125,0.8789,0,0
IWM191101P156,2019-10-28,2019-10-28 09:30:30,1.15,0.8984,180,1.1,0.8593,101,1.61,1.2578,5,1.125,0.8789,0,0
IWM191101P156,2019-10-28,2019-10-28 09:30:31,1.14,0.8906,75,1.1,0.8593,101,1.61,1.2578,5,1.12,0.875,0,0
IWM191101P156,2019-10-28,2019-10-28 09:30:31,1.14,0.8906,103,1.1,0.8593,20,1.61,1.2578,5,1.12,0.875,0,0
IWM191101P156,2019-10-28,2019-10-28 09:30:32,1.14,0.8906,97,1.1,0.8593,133,1.61,1.2578,5,1.12,0.875,0,0
IWM191101P156,2019-10-28,2019-10-28 09:30:33,1.14,0.8906,185,1.1,0.8593,33,1.61,1.2578,5,1.12,0.875,0,0
IWM191101P156,2019-10-28,2019-10-28 09:30:33,1.14,0.8906,193,1.1,0.8593,33,1.61,1.2578,5,1.12,0.875,0,0
IWM191101P156,2019-10-28,2019-10-28 09:30:34,1.14,0.8906,246,1.09,0.8515,153,1.61,1.2578,5,1.115,0.871,0,0
IWM191101P156,2019-10-28,2019-10-28 09:30:34,1.14,0.8906,244,1.09,0.8515,169,1.61,1.2578,5,1.115,0.871,0,0
IWM191101P156,2019-10-28,2019-10-28 09:30:35,1.14,0.8906,244,1.09,0.8515,169,1.61,1.2578,5,1.115,0.871,0,0
IWM191101P156,2019-10-28,2019-10-28 09:30:36,1.13,0.8828,75,1.09,0.8515,56,1.61,1.2578,5,1.11,0.8671,0,0
IWM191101P156,2019-10-28,2019-10-28 09:30:36,1.13,0.8828,75,1.09,0.8515,29,1.61,1.2578,5,1.11,0.8671,0,0
IWM191101P156,2019-10-28,2019-10-28 09:30:37,1.13,0.8828,91,1.08,0.8437,408,1.61,1.2578,5,1.105,0.8632,0,0
IWM191101P156,2019-10-28,2019-10-28 09:30:37,1.13,0.8828,91,1.08,0.8437,447,1.61,1.2578,5,1.105,0.8632,0,0
IWM191101P156,2019-10-28,2019-10-28 09:30:38,1.13,0.8828,91,1.08,0.8437,408,1.61,1.2578,5,1.105,0.8632,0,0
IWM191101P156,2019-10-28,2019-10-28 09:30:38,1.13,0.8828,130,1.08,0.8437,685,1.61,1.2578,5,1.105,0.8632,0,0
IWM191101P156,2019-10-28,2019-10-28 09:30:39,1.13,0.8828,130,1.08,0.8437,636,1.61,1.2578,5,1.105,0.8632,0,0
IWM191101P156,2019-10-28,2019-10-28 09:30:39,1.13,0.8828,20,1.09,0.8515,38,1.61,1.2578,5,1.11,0.8671,0,0
IWM191101P156,2019-10-28,2019-10-28 09:30:40,1.13,0.8828,20,1.09,0.8515,38,1.61,1.2578,5,1.11,0.8671,0,0
IWM191101P156,2019-10-28,2019-10-28 09:30:40,1.13,0.8828,20,1.09,0.8515,57,1.61,1.2578,5,1.11,0.8671,0,0
IWM191101P156,2019-10-28,2019-10-28 09:30:41,1.13,0.8828,20,1.09,0.8515,57,1.61,1.2578,5,1.11,0.8671,0,0
IWM191101P156,2019-10-28,2019-10-28 09:30:41,1.13,0.8828,100,1.09,0.8515,30,1.61,1.2578,5,1.11,0.8671,0,0
IWM191101P156,2019-10-28,2019-10-28 09:30:42,1.13,0.8828,198,1.09,0.8515,17,1.61,1.2578,5,1.11,0.8671,0,0
IWM191101P156,2019-10-28,2019-10-28 09:30:42,1.13,0.8828,100,1.09,0.8515,30,1.61,1.2578,5,1.11,0.8671,0,0
IWM191101P156,2019-10-28,2019-10-28 09:30:43,1.13,0.8828,198,1.09,0.8515,17,1.61,1.2578,5,1.11,0.8671,0,0
IWM191101P156,2019-10-28,2019-10-28 09:30:43,1.13,0.8828,93,1.09,0.8515,20,1.61,1.2578,5,1.11,0.8671,0,0
IWM191101P156,2019-10-28,2019-10-28 09:30:44,1.13,0.8828,62,1.09,0.8515,82,1.61,1.2578,5,1.11,0.8671,0,0
IWM191101P156,2019-10-28,2019-10-28 09:30:45,1.14,0.8906,75,1.09,0.8515,286,1.61,1.2578,5,1.115,0.871,0,0
IWM191101P156,2019-10-28,2019-10-28 09:30:45,1.14,0.8906,75,1.09,0.8515,163,1.61,1.2578,5,1.115,0.871,0,0
IWM191101P156,2019-10-28,2019-10-28 09:30:46,1.14,0.8906,108,1.09,0.8515,347,1.61,1.2578,5,1.115,0.871,0,0
IWM191101P156,2019-10-28,2019-10-28 09:30:46,1.14,0.8906,75,1.09,0.8515,61,1.61,1.2578,5,1.115,0.871,0,0
IWM191101P156,2019-10-28,2019-10-28 09:30:47,1.14,0.8906,135,1.09,0.8515,47,1.61,1.2578,5,1.115,0.871,0,0
IWM191101P156,2019-10-28,2019-10-28 09:30:47,1.13,0.8828,149,1.07,0.8359,112,1.61,1.2578,5,1.1,0.8593,0,0
IWM191101P156,2019-10-28,2019-10-28 09:30:48,1.12,0.875,30,1.07,0.8359,112,1.61,1.2578,5,1.095,0.8554,0,0
IWM191101P156,2019-10-28,2019-10-28 09:30:48,1.11,0.8671,117,1.06,0.8281,83,1.61,1.2578,5,1.085,0.8476,0,0
IWM191101P156,2019-10-28,2019-10-28 09:30:49,1.1,0.8593,20,1.06,0.8281,1,1.61,1.2578,5,1.08,0.8437,0,0
IWM191101P156,2019-10-28,2019-10-28 09:30:49,1.11,0.8671,126,1.06,0.8281,15,1.61,1.2578,5,1.085,0.8476,0,0
IWM191101P156,2019-10-28,2019-10-28 09:30:50,1.1,0.8593,20,1.06,0.8281,1,1.61,1.2578,5,1.08,0.8437,0,0
IWM191101P156,2019-10-28,2019-10-28 09:30:50,1.1,0.8593,20,1.05,0.8203,201,1.61,1.2578,5,1.075,0.8398,0,0
IWM191101P156,2019-10-28,2019-10-28 09:30:51,1.11,0.8671,181,1.05,0.8203,520,1.61,1.2578,5,1.08,0.8437,0,0
IWM191101P156,2019-10-28,2019-10-28 09:30:52,1.11,0.8671,137,1.05,0.8203,410,1.61,1.2578,5,1.08,0.8437,0,0
IWM191101P156,2019-10-28,2019-10-28 09:30:53,1.11,0.8671,188,1.06,0.8281,96,1.61,1.2578,5,1.085,0.8476,0,0
IWM191101P156,2019-10-28,2019-10-28 09:30:53,1.11,0.8671,137,1.05,0.8203,410,1.61,1.2578,5,1.08,0.8437,0,0
IWM191101P156,2019-10-28,2019-10-28 09:30:54,1.11,0.8671,188,1.06,0.8281,181,1.61,1.2578,5,1.085,0.8476,0,0
IWM191101P156,2019-10-28,2019-10-28 09:30:54,1.11,0.8671,188,1.07,0.8359,1,1.61,1.2578,5,1.09,0.8515,0,0
IWM191101P156,2019-10-28,2019-10-28 09:30:55,1.11,0.8671,30,1.06,0.8281,282,1.61,1.2578,5,1.085,0.8476,0,0
IWM191101P156,2019-10-28,2019-10-28 09:30:55,1.11,0.8671,188,1.07,0.8359,1,1.61,1.2578,5,1.09,0.8515,0,0
IWM191101P156,2019-10-28,2019-10-28 09:30:56,1.13,0.8828,160,1.07,0.8359,493,1.61,1.2578,5,1.1,0.8593,0,0
IWM191101P156,2019-10-28,2019-10-28 09:30:56,1.12,0.875,75,1.07,0.8359,107,1.61,1.2578,5,1.095,0.8554,0,0
IWM191101P156,2019-10-28,2019-10-28 09:30:57,1.13,0.8828,132,1.07,0.8359,493,1.61,1.2578,5,1.1,0.8593,0,0
IWM191101P156,2019-10-28,2019-10-28 09:30:57,1.13,0.8828,176,1.07,0.8359,493,1.61,1.2578,5,1.1,0.8593,0,0
IWM191101P156,2019-10-28,2019-10-28 09:30:58,1.12,0.875,174,1.07,0.8359,198,1.61,1.2578,5,1.095,0.8554,0,0
IWM191101P156,2019-10-28,2019-10-28 09:30:58,1.12,0.875,112,1.07,0.8359,198,1.61,1.2578,5,1.095,0.8554,0,0
IWM191101P156,2019-10-28,2019-10-28 09:30:59,1.12,0.875,131,1.07,0.8359,198,1.61,1.2578,5,1.095,0.8554,0,0
IWM191101P156,2019-10-28,2019-10-28 09:30:59,1.12,0.875,151,1.07,0.8359,198,1.61,1.2578,5,1.095,0.8554,0,0
IWM191101P156,2019-10-28,2019-10-28 09:31:00,1.12,0.875,151,1.08,0.8437,10,1.61,1.2578,5,1.1,0.8593,0,0
IWM191101P156,2019-10-28,2019-10-28 09:31:00,1.12,0.875,151,1.07,0.8359,211,1.61,1.2578,5,1.095,0.8554,0,0
IWM191101P156,2019-10-28,2019-10-28 09:31:01,1.12,0.875,211,1.07,0.8359,29,1.61,1.2578,5,1.095,0.8554,0,0
IWM191101P156,2019-10-28,2019-10-28 09:31:01,1.12,0.875,151,1.07,0.8359,77,1.61,1.2578,5,1.095,0.8554,0,0
IWM191101P156,2019-10-28,2019-10-28 09:31:02,1.11,0.8671,75,1.07,0.8359,10,1.61,1.2578,5,1.09,0.8515,0,0
IWM191101P156,2019-10-28,2019-10-28 09:31:02,1.1,0.8593,115,1.06,0.8281,71,1.61,1.2578,5,1.08,0.8437,0,0
IWM191101P156,2019-10-28,2019-10-28 09:31:03,1.1,0.8593,41,1.06,0.8281,106,1.61,1.2578,5,1.08,0.8437,0,0
IWM191101P156,2019-10-28,2019-10-28 09:31:03,1.1,0.8593,178,1.05,0.8203,150,1.61,1.2578,5,1.075,0.8398,0,0
IWM191101P156,2019-10-28,2019-10-28 09:31:04,1.1,0.8593,214,1.05,0.8203,150,1.61,1.2578,5,1.075,0.8398,0,0
IWM191101P156,2019-10-28,2019-10-28 09:31:04,1.1,0.8593,172,1.05,0.8203,150,1.61,1.2578,5,1.075,0.8398,0,0
IWM191101P156,2019-10-28,2019-10-28 09:31:05,1.08,0.8437,72,1.04,0.8125,17,1.61,1.2578,5,1.06,0.8281,0,0
IWM191101P156,2019-10-28,2019-10-28 09:31:06,1.08,0.8437,275,1.03,0.8046,38,1.61,1.2578,5,1.055,0.8242,0,0
IWM191101P156,2019-10-28,2019-10-28 09:31:06,1.08,0.8437,265,1.03,0.8046,40,1.61,1.2578,5,1.055,0.8242,0,0
IWM191101P156,2019-10-28,2019-10-28 09:31:07,1.07,0.8359,35,1.03,0.8046,210,1.61,1.2578,5,1.05,0.8203,0,0
IWM191101P156,2019-10-28,2019-10-28 09:31:07,1.07,0.8359,115,1.03,0.8046,27,1.61,1.2578,5,1.05,0.8203,0,0
IWM191101P156,2019-10-28,2019-10-28 09:31:08,1.07,0.8359,16,1.03,0.8046,158,1.61,1.2578,5,1.05,0.8203,0,0
IWM191101P156,2019-10-28,2019-10-28 09:31:08,1.08,0.8437,236,1.03,0.8046,213,1.61,1.2578,5,1.055,0.8242,0,0
IWM191101P156,2019-10-28,2019-10-28 09:31:09,1.07,0.8359,156,1.03,0.8046,24,1.61,1.2578,5,1.05,0.8203,0,0
IWM191101P156,2019-10-28,2019-10-28 09:31:09,1.08,0.8437,236,1.03,0.8046,24,1.61,1.2578,5,1.055,0.8242,0,0
IWM191101P156,2019-10-28,2019-10-28 09:31:10,1.07,0.8359,108,1.03,0.8046,139,1.61,1.2578,5,1.05,0.8203,0,0
IWM191101P156,2019-10-28,2019-10-28 09:31:10,1.07,0.8359,108,1.03,0.8046,24,1.61,1.2578,5,1.05,0.8203,0,0
IWM191101P156,2019-10-28,2019-10-28 09:31:11,1.07,0.8359,32,1.03,0.8046,139,1.61,1.2578,5,1.05,0.8203,0,0
IWM191101P156,2019-10-28,2019-10-28 09:31:11,1.07,0.8359,178,1.02,0.7968,161,1.61,1.2578,5,1.045,0.8164,0,0
IWM191101P156,2019-10-28,2019-10-28 09:31:12,1.09,0.8515,115,1.04,0.8125,83,1.61,1.2578,5,1.065,0.832,0,0
IWM191101P156,2019-10-28,2019-10-28 09:31:12,1.08,0.8437,239,1.03,0.8046,93,1.61,1.2578,5,1.055,0.8242,0,0
IWM191101P156,2019-10-28,2019-10-28 09:31:13,1.08,0.8437,202,1.02,0.7968,206,1.61,1.2578,5,1.05,0.8203,0,0
IWM191101P156,2019-10-28,2019-10-28 09:31:13,1.08,0.8437,202,1.03,0.8046,22,1.61,1.2578,5,1.055,0.8242,0,0
IWM191101P156,2019-10-28,2019-10-28 09:31:14,1.07,0.8359,197,1.02,0.7968,188,1.61,1.2578,5,1.045,0.8164,0,0
IWM191101P156,2019-10-28,2019-10-28 09:31:14,1.07,0.8359,287,1.02,0.7968,269,1.61,1.2578,5,1.045,0.8164,0,0
IWM191101P156,2019-10-28,2019-10-28 09:31:15,1.07,0.8359,287,1.02,0.7968,390,1.61,1.2578,5,1.045,0.8164,0,0
IWM191101P156,2019-10-28,2019-10-28 09:31:15,1.07,0.8359,287,1.02,0.7968,279,1.61,1.2578,5,1.045,0.8164,0,0
IWM191101P156,2019-10-28,2019-10-28 09:31:16,1.07,0.8359,115,1.02,0.7968,142,1.61,1.2578,5,1.045,0.8164,0,0
IWM191101P156,2019-10-28,2019-10-28 09:31:16,1.07,0.8359,124,1.02,0.7968,213,1.61,1.2578,5,1.045,0.8164,0,0
IWM191101P156,2019-10-28,2019-10-28 09:31:17,1.07,0.8359,173,1.02,0.7968,213,1.61,1.2578,5,1.045,0.8164,0,0
IWM191101P156,2019-10-28,2019-10-28 09:31:18,1.07,0.8359,327,1.02,0.7968,197,1.61,1.2578,5,1.045,0.8164,0,0
IWM191101P156,2019-10-28,2019-10-28 09:31:18,1.07,0.8359,173,1.02,0.7968,103,1.61,1.2578,5,1.045,0.8164,0,0
IWM191101P156,2019-10-28,2019-10-28 09:31:19,1.07,0.8359,383,1.02,0.7968,197,1.61,1.2578,5,1.045,0.8164,0,0
IWM191101P156,2019-10-28,2019-10-28 09:31:19,1.07,0.8359,418,1.02,0.7968,179,1.61,1.2578,5,1.045,0.8164,0,0
IWM191101P156,2019-10-28,2019-10-28 09:31:20,1.07,0.8359,117,1.03,0.8046,39,1.61,1.2578,5,1.05,0.8203,0,0
IWM191101P156,2019-10-28,2019-10-28 09:31:20,1.07,0.8359,242,1.03,0.8046,30,1.61,1.2578,5,1.05,0.8203,0,0
IWM191101P156,2019-10-28,2019-10-28 09:31:21,1.09,0.8515,211,1.04,0.8125,112,1.61,1.2578,5,1.065,0.832,0,0
IWM191101P156,2019-10-28,2019-10-28 09:31:21,1.07,0.8359,117,1.03,0.8046,47,1.61,1.2578,5,1.05,0.8203,0,0
IWM191101P156,2019-10-28,2019-10-28 09:31:22,1.09,0.8515,171,1.04,0.8125,141,1.61,1.2578,5,1.065,0.832,0,0
IWM191101P156,2019-10-28,2019-10-28 09:31:23,1.09,0.8515,171,1.04,0.8125,141,1.61,1.2578,5,1.065,0.832,0,0
IWM191101P156,2019-10-28,2019-10-28 09:31:23,1.09,0.8515,142,1.04,0.8125,245,1.61,1.2578,5,1.065,0.832,0,0
IWM191101P156,2019-10-28,2019-10-28 09:31:24,1.08,0.8437,115,1.04,0.8125,325,1.61,1.2578,5,1.06,0.8281,0,0
IWM191101P156,2019-10-28,2019-10-28 09:31:24,1.09,0.8515,128,1.04,0.8125,254,1.61,1.2578,5,1.065,0.832,0,0
IWM191101P156,2019-10-28,2019-10-28 09:31:25,1.09,0.8515,128,1.05,0.8203,24,1.61,1.2578,5,1.07,0.8359,0,0
IWM191101P156,2019-10-28,2019-10-28 09:31:25,1.09,0.8515,258,1.04,0.8125,346,1.61,1.2578,5,1.065,0.832,0,0
IWM191101P156,2019-10-28,2019-10-28 09:31:26,1.08,0.8437,115,1.04,0.8125,302,1.61,1.2578,5,1.06,0.8281,0,0
IWM191101P156,2019-10-28,2019-10-28 09:31:26,1.08,0.8437,115,1.04,0.8125,364,1.61,1.2578,5,1.06,0.8281,0,0
IWM191101P156,2019-10-28,2019-10-28 09:31:27,1.06,0.8281,115,1.02,0.7968,51,1.61,1.2578,5,1.04,0.8125,0,0
IWM191101P156,2019-10-28,2019-10-28 09:31:27,1.08,0.8437,118,1.02,0.7968,24,1.61,1.2578,5,1.05,0.8203,0,0
IWM191101P156,2019-10-28,2019-10-28 09:31:28,1.06,0.8281,115,1.02,0.7968,61,1.61,1.2578,5,1.04,0.8125,0,0
IWM191101P156,2019-10-28,2019-10-28 09:31:28,1.06,0.8281,163,1.02,0.7968,38,1.61,1.2578,5,1.04,0.8125,0,0
IWM191101P156,2019-10-28,2019-10-28 09:31:29,1.06,0.8281,197,1.02,0.7968,38,1.61,1.2578,5,1.04,0.8125,0,0
IWM191101P156,2019-10-28,2019-10-28 09:31:29,1.06,0.8281,303,1.02,0.7968,37,1.61,1.2578,5,1.04,0.8125,0,0
IWM191101P156,2019-10-28,2019-10-28 09:31:30,1.06,0.8281,385,1.02,0.7968,37,1.61,1.2578,5,1.04,0.8125,0,0
IWM191101P156,2019-10-28,2019-10-28 09:31:30,1.06,0.8281,403,1.02,0.7968,37,1.61,1.2578,5,1.04,0.8125,0,0
IWM191101P156,2019-10-28,2019-10-28 09:31:31,1.06,0.8281,330,1.02,0.7968,31,1.61,1.2578,5,1.04,0.8125,0,0
IWM191101P156,2019-10-28,2019-10-28 09:31:31,1.06,0.8281,348,1.02,0.7968,32,1.61,1.2578,5,1.04,0.8125,0,0
IWM191101P156,2019-10-28,2019-10-28 09:31:32,1.06,0.8281,348,1.02,0.7968,34,1.61,1.2578,5,1.04,0.8125,0,0
IWM191101P156,2019-10-28,2019-10-28 09:31:32,1.06,0.8281,379,1.02,0.7968,21,1.61,1.2578,5,1.04,0.8125,0,0
IWM191101P156,2019-10-28,2019-10-28 09:31:33,1.05,0.8203,115,1.01,0.789,127,1.61,1.2578,5,1.03,0.8046,0,0
IWM191101P156,2019-10-28,2019-10-28 09:31:33,1.05,0.8203,133,1.01,0.789,127,1.61,1.2578,5,1.03,0.8046,0,0
IWM191101P156,2019-10-28,2019-10-28 09:31:34,1.04,0.8125,115,1.0,0.7812,30,1.61,1.2578,5,1.02,0.7968,0,0
IWM191101P156,2019-10-28,2019-10-28 09:31:34,1.05,0.8203,133,1.01,0.789,127,1.61,1.2578,5,1.03,0.8046,0,0
IWM191101P156,2019-10-28,2019-10-28 09:31:35,1.04,0.8125,93,1.0,0.7812,138,1.61,1.2578,5,1.02,0.7968,0,0
IWM191101P156,2019-10-28,2019-10-28 09:31:35,1.04,0.8125,241,1.0,0.7812,49,1.61,1.2578,5,1.02,0.7968,0,0
IWM191101P156,2019-10-28,2019-10-28 09:31:36,1.06,0.8281,226,1.01,0.789,179,1.61,1.2578,5,1.035,0.8085,0,0
IWM191101P156,2019-10-28,2019-10-28 09:31:36,1.04,0.8125,93,1.0,0.7812,217,1.61,1.2578,5,1.02,0.7968,0,0
IWM191101P156,2019-10-28,2019-10-28 09:31:37,1.06,0.8281,307,1.01,0.789,202,1.61,1.2578,5,1.035,0.8085,0,0
IWM191101P156,2019-10-28,2019-10-28 09:31:37,1.06,0.8281,243,1.01,0.789,202,1.61,1.2578,5,1.035,0.8085,0,0
IWM191101P156,2019-10-28,2019-10-28 09:31:38,1.06,0.8281,321,1.02,0.7968,24,1.61,1.2578,5,1.04,0.8125,0,0
IWM191101P156,2019-10-28,2019-10-28 09:31:38,1.06,0.8281,307,1.02,0.7968,24,1.61,1.2578,5,1.04,0.8125,0,0
IWM191101P156,2019-10-28,2019-10-28 09:31:39,1.04,0.8125,115,1.0,0.7812,87,1.61,1.2578,5,1.02,0.7968,0,0
IWM191101P156,2019-10-28,2019-10-28 09:31:39,1.06,0.8281,381,1.02,0.7968,30,1.61,1.2578,5,1.04,0.8125,0,0
IWM191101P156,2019-10-28,2019-10-28 09:31:40,1.04,0.8125,135,1.0,0.7812,169,1.61,1.2578,5,1.02,0.7968,0,0
IWM191101P156,2019-10-28,2019-10-28 09:31:41,1.04,0.8125,98,1.01,0.789,60,1.61,1.2578,5,1.025,0.8007,0,0
IWM191101P156,2019-10-28,2019-10-28 09:31:41,1.04,0.8125,89,1.01,0.789,60,1.61,1.2578,5,1.025,0.8007,0,0
IWM191101P156,2019-10-28,2019-10-28 09:31:42,1.04,0.8125,89,1.01,0.789,60,1.61,1.2578,5,1.025,0.8007,0,0
IWM191101P156,2019-10-28,2019-10-28 09:31:42,1.04,0.8125,20,1.01,0.789,60,1.61,1.2578,5,1.025,0.8007,0,0
IWM191101P156,2019-10-28,2019-10-28 09:31:43,1.04,0.8125,20,1.01,0.789,60,1.61,1.2578,5,1.025,0.8007,0,0
IWM191101P156,2019-10-28,2019-10-28 09:31:43,1.06,0.8281,119,1.02,0.7968,94,1.61,1.2578,5,1.04,0.8125,0,0
IWM191101P156,2019-10-28,2019-10-28 09:31:44,1.07,0.8359,216,1.03,0.8046,67,1.61,1.2578,5,1.05,0.8203,0,0
IWM191101P156,2019-10-28,2019-10-28 09:31:44,1.06,0.8281,153,1.02,0.7968,94,1.61,1.2578,5,1.04,0.8125,0,0
IWM191101P156,2019-10-28,2019-10-28 09:31:45,1.07,0.8359,44,1.03,0.8046,124,1.61,1.2578,5,1.05,0.8203,0,0
IWM191101P156,2019-10-28,2019-10-28 09:31:45,1.07,0.8359,26,1.03,0.8046,124,1.61,1.2578,5,1.05,0.8203,0,0
IWM191101P156,2019-10-28,2019-10-28 09:31:46,1.07,0.8359,20,1.03,0.8046,137,1.61,1.2578,5,1.05,0.8203,0,0
IWM191101P156,2019-10-28,2019-10-28 09:31:46,1.07,0.8359,20,1.03,0.8046,199,1.61,1.2578,5,1.05,0.8203,0,0
IWM191101P156,2019-10-28,2019-10-28 09:31:47,1.07,0.8359,20,1.03,0.8046,64,1.61,1.2578,5,1.05,0.8203,0,0
IWM191101P156,2019-10-28,2019-10-28 09:31:47,1.06,0.8281,375,1.01,0.789,132,1.61,1.2578,5,1.035,0.8085,0,0
IWM191101P156,2019-10-28,2019-10-28 09:31:48,1.05,0.8203,179,1.01,0.789,144,1.61,1.2578,5,1.03,0.8046,0,0
IWM191101P156,2019-10-28,2019-10-28 09:31:48,1.05,0.8203,12,1.01,0.789,194,1.61,1.2578,5,1.03,0.8046,0,0
IWM191101P156,2019-10-28,2019-10-28 09:31:49,1.06,0.8281,348,1.02,0.7968,68,1.61,1.2578,5,1.04,0.8125,0,0
IWM191101P156,2019-10-28,2019-10-28 09:31:49,1.06,0.8281,12,1.02,0.7968,81,1.61,1.2578,5,1.04,0.8125,0,0
IWM191101P156,2019-10-28,2019-10-28 09:31:50,1.07,0.8359,378,1.02,0.7968,492,1.61,1.2578,5,1.045,0.8164,0,0
IWM191101P156,2019-10-28,2019-10-28 09:31:50,1.06,0.8281,100,1.02,0.7968,64,1.61,1.2578,5,1.04,0.8125,0,0
IWM191101P156,2019-10-28,2019-10-28 09:31:51,1.06,0.8281,353,1.01,0.789,228,1.61,1.2578,5,1.035,0.8085,0,0
IWM191101P156,2019-10-28,2019-10-28 09:31:51,1.06,0.8281,299,1.01,0.789,164,1.61,1.2578,5,1.035,0.8085,0,0
IWM191101P156,2019-10-28,2019-10-28 09:31:52,1.06,0.8281,390,1.01,0.789,403,1.61,1.2578,5,1.035,0.8085,0,0
IWM191101P156,2019-10-28,2019-10-28 09:31:52,1.06,0.8281,339,1.01,0.789,403,1.61,1.2578,5,1.035,0.8085,0,0
IWM191101P156,2019-10-28,2019-10-28 09:31:53,1.06,0.8281,390,1.01,0.789,419,1.61,1.2578,5,1.035,0.8085,0,0
IWM191101P156,2019-10-28,2019-10-28 09:31:53,1.06,0.8281,390,1.02,0.7968,18,1.61,1.2578,5,1.04,0.8125,0,0
IWM191101P156,2019-10-28,2019-10-28 09:31:54,1.06,0.8281,390,1.01,0.789,13,1.61,1.2578,5,1.035,0.8085,0,0
IWM191101P156,2019-10-28,2019-10-28 09:31:54,1.06,0.8281,390,1.01,0.789,283,1.61,1.2578,5,1.035,0.8085,0,0
IWM191101P156,2019-10-28,2019-10-28 09:31:55,1.04,0.8125,565,0.99,0.7734,374,1.61,1.2578,5,1.015,0.7929,0,0
IWM191101P156,2019-10-28,2019-10-28 09:31:55,1.04,0.8125,167,1.0,0.7812,27,1.61,1.2578,5,1.02,0.7968,0,0
IWM191101P156,2019-10-28,2019-10-28 09:31:56,1.04,0.8125,600,0.99,0.7734,100,1.61,1.2578,5,1.015,0.7929,0,0
IWM191101P156,2019-10-28,2019-10-28 09:31:56,1.04,0.8125,476,1.0,0.7812,21,1.61,1.2578,5,1.02,0.7968,0,0
IWM191101P156,2019-10-28,2019-10-28 09:31:57,1.04,0.8125,658,0.99,0.7734,207,1.61,1.2578,5,1.015,0.7929,0,0
IWM191101P156,2019-10-28,2019-10-28 09:31:58,1.04,0.8125,658,0.99,0.7734,207,1.61,1.2578,5,1.015,0.7929,0,0
IWM191101P156,2019-10-28,2019-10-28 09:31:58,1.04,0.8125,515,0.99,0.7734,207,1.61,1.2578,5,1.015,0.7929,0,0
IWM191101P156,2019-10-28,2019-10-28 09:31:59,1.04,0.8125,197,0.99,0.7734,381,1.61,1.2578,5,1.015,0.7929,0,0
IWM191101P156,2019-10-28,2019-10-28 09:31:59,1.04,0.8125,501,0.99,0.7734,207,1.61,1.2578,5,1.015,0.7929,0,0
IWM191101P156,2019-10-28,2019-10-28 09:32:00,1.04,0.8125,395,1.0,0.7812,95,1.61,1.2578,5,1.02,0.7968,0,0
IWM191101P156,2019-10-28,2019-10-28 09:32:00,1.04,0.8125,216,1.0,0.7812,30,1.61,1.2578,5,1.02,0.7968,0,0
IWM191101P156,2019-10-28,2019-10-28 09:32:01,1.04,0.8125,118,1.0,0.7812,43,1.61,1.2578,5,1.02,0.7968,0,0
IWM191101P156,2019-10-28,2019-10-28 09:32:01,1.04,0.8125,144,1.0,0.7812,137,1.61,1.2578,5,1.02,0.7968,0,0
IWM191101P156,2019-10-28,2019-10-28 09:32:02,1.03,0.8046,12,1.0,0.7812,28,1.61,1.2578,5,1.015,0.7929,0,0
IWM191101P156,2019-10-28,2019-10-28 09:32:02,1.03,0.8046,25,1.0,0.7812,28,1.61,1.2578,5,1.015,0.7929,0,0
IWM191101P156,2019-10-28,2019-10-28 09:32:03,1.03,0.8046,30,1.0,0.7812,49,1.61,1.2578,5,1.015,0.7929,0,0
IWM191101P156,2019-10-28,2019-10-28 09:32:04,1.03,0.8046,100,1.0,0.7812,49,1.61,1.2578,5,1.015,0.7929,0,0
IWM191101P156,2019-10-28,2019-10-28 09:32:04,1.03,0.8046,277,0.99,0.7734,614,1.61,1.2578,5,1.01,0.789,0,0
IWM191101P156,2019-10-28,2019-10-28 09:32:05,1.03,0.8046,141,0.99,0.7734,521,1.61,1.2578,5,1.01,0.789,0,0
IWM191101P156,2019-10-28,2019-10-28 09:32:05,1.03,0.8046,112,0.99,0.7734,494,1.61,1.2578,5,1.01,0.789,0,0
IWM191101P156,2019-10-28,2019-10-28 09:32:06,1.03,0.8046,265,0.99,0.7734,523,1.61,1.2578,5,1.01,0.789,0,0
IWM191101P156,2019-10-28,2019-10-28 09:32:06,1.03,0.8046,290,0.99,0.7734,523,1.61,1.2578,5,1.01,0.789,0,0
IWM191101P156,2019-10-28,2019-10-28 09:32:07,1.02,0.7968,355,0.99,0.7734,22,1.61,1.2578,5,1.005,0.7851,0,0
IWM191101P156,2019-10-28,2019-10-28 09:32:07,1.03,0.8046,290,0.99,0.7734,21,1.61,1.2578,5,1.01,0.789,0,0
IWM191101P156,2019-10-28,2019-10-28 09:32:08,1.02,0.7968,580,0.99,0.7734,23,1.61,1.2578,5,1.005,0.7851,0,0
IWM191101P156,2019-10-28,2019-10-28 09:32:08,1.02,0.7968,139,0.99,0.7734,31,1.61,1.2578,5,1.005,0.7851,0,0
IWM191101P156,2019-10-28,2019-10-28 09:32:09,1.02,0.7968,107,0.99,0.7734,117,1.61,1.2578,5,1.005,0.7851,0,0
IWM191101P156,2019-10-28,2019-10-28 09:32:09,1.02,0.7968,107,0.99,0.7734,31,1.61,1.2578,5,1.005,0.7851,0,0
IWM191101P156,2019-10-28,2019-10-28 09:32:10,1.02,0.7968,20,0.99,0.7734,107,1.61,1.2578,5,1.005,0.7851,0,0
IWM191101P156,2019-10-28,2019-10-28 09:32:10,1.02,0.7968,30,0.99,0.7734,31,1.61,1.2578,5,1.005,0.7851,0,0
IWM191101P156,2019-10-28,2019-10-28 09:32:11,1.02,0.7968,95,0.98,0.7656,330,1.61,1.2578,5,1.0,0.7812,0,0
IWM191101P156,2019-10-28,2019-10-28 09:32:11,1.02,0.7968,95,0.99,0.7734,31,1.61,1.2578,5,1.005,0.7851,0,0
IWM191101P156,2019-10-28,2019-10-28 09:32:12,1.02,0.7968,110,0.98,0.7656,397,1.61,1.2578,5,1.0,0.7812,0,0
IWM191101P156,2019-10-28,2019-10-28 09:32:13,1.02,0.7968,110,0.98,0.7656,543,1.61,1.2578,5,1.0,0.7812,0,0
IWM191101P156,2019-10-28,2019-10-28 09:32:13,1.02,0.7968,477,0.98,0.7656,90,1.61,1.2578,5,1.0,0.7812,0,0
IWM191101P156,2019-10-28,2019-10-28 09:32:14,1.02,0.7968,477,0.98,0.7656,90,1.61,1.2578,5,1.0,0.7812,0,0
IWM191101P156,2019-10-28,2019-10-28 09:32:14,1.02,0.7968,477,0.98,0.7656,119,1.61,1.2578,5,1.0,0.7812,0,0
IWM191101P156,2019-10-28,2019-10-28 09:32:15,1.02,0.7968,461,0.98,0.7656,119,1.61,1.2578,5,1.0,0.7812,0,0
IWM191101P156,2019-10-28,2019-10-28 09:32:15,1.02,0.7968,640,0.98,0.7656,132,1.61,1.2578,5,1.0,0.7812,0,0
IWM191101P156,2019-10-28,2019-10-28 09:32:16,1.02,0.7968,640,0.98,0.7656,132,1.61,1.2578,5,1.0,0.7812,0,0
IWM191101P156,2019-10-28,2019-10-28 09:32:17,1.02,0.7968,547,0.98,0.7656,90,1.61,1.2578,5,1.0,0.7812,0,0
IWM191101P156,2019-10-28,2019-10-28 09:32:18,1.02,0.7968,20,0.98,0.7656,165,1.61,1.2578,5,1.0,0.7812,0,0
IWM191101P156,2019-10-28,2019-10-28 09:32:18,1.02,0.7968,182,0.98,0.7656,165,1.61,1.2578,5,1.0,0.7812,0,0
IWM191101P156,2019-10-28,2019-10-28 09:32:19,1.02,0.7968,31,0.99,0.7734,31,1.61,1.2578,5,1.005,0.7851,0,0
IWM191101P156,2019-10-28,2019-10-28 09:32:19,1.02,0.7968,31,0.99,0.7734,36,1.61,1.2578,5,1.005,0.7851,0,0
IWM191101P156,2019-10-28,2019-10-28 09:32:20,1.02,0.7968,23,0.99,0.7734,28,1.61,1.2578,5,1.005,0.7851,0,0
IWM191101P156,2019-10-28,2019-10-28 09:32:20,1.03,0.8046,173,0.99,0.7734,200,1.61,1.2578,5,1.01,0.789,0,0
IWM191101P156,2019-10-28,2019-10-28 09:32:21,1.03,0.8046,287,1.0,0.7812,24,1.61,1.2578,5,1.015,0.7929,0,0
IWM191101P156,2019-10-28,2019-10-28 09:32:21,1.03,0.8046,195,0.99,0.7734,271,1.61,1.2578,5,1.01,0.789,0,0
IWM191101P156,2019-10-28,2019-10-28 09:32:22,1.03,0.8046,287,1.0,0.7812,42,1.61,1.2578,5,1.015,0.7929,0,0
IWM191101P156,2019-10-28,2019-10-28 09:32:22,1.03,0.8046,297,1.0,0.7812,42,1.61,1.2578,5,1.015,0.7929,0,0
IWM191101P156,2019-10-28,2019-10-28 09:32:23,1.03,0.8046,309,1.0,0.7812,40,1.61,1.2578,5,1.015,0.7929,0,0
IWM191101P156,2019-10-28,2019-10-28 09:32:24,1.03,0.8046,536,1.0,0.7812,40,1.61,1.2578,5,1.015,0.7929,0,0
IWM191101P156,2019-10-28,2019-10-28 09:32:25,1.03,0.8046,621,1.0,0.7812,40,1.61,1.2578,5,1.015,0.7929,0,0
IWM191101P156,2019-10-28,2019-10-28 09:32:26,1.03,0.8046,209,0.99,0.7734,133,1.61,1.2578,5,1.01,0.789,0,0
IWM191101P156,2019-10-28,2019-10-28 09:32:26,1.03,0.8046,209,0.99,0.7734,132,1.61,1.2578,5,1.01,0.789,0,0
IWM191101P156,2019-10-28,2019-10-28 09:32:27,1.03,0.8046,209,1.0,0.7812,95,1.61,1.2578,5,1.015,0.7929,0,0
IWM191101P156,2019-10-28,2019-10-28 09:32:27,1.03,0.8046,75,1.0,0.7812,43,1.61,1.2578,5,1.015,0.7929,0,0
IWM191101P156,2019-10-28,2019-10-28 09:32:28,1.03,0.8046,115,1.0,0.7812,31,1.61,1.2578,5,1.015,0.7929,0,0
IWM191101P156,2019-10-28,2019-10-28 09:32:28,1.03,0.8046,170,0.99,0.7734,277,1.61,1.2578,5,1.01,0.789,0,0
IWM191101P156,2019-10-28,2019-10-28 09:32:29,1.03,0.8046,115,1.0,0.7812,31,1.61,1.2578,5,1.015,0.7929,0,0
IWM191101P156,2019-10-28,2019-10-28 09:32:29,1.03,0.8046,213,1.0,0.7812,31,1.61,1.2578,5,1.015,0.7929,0,0
IWM191101P156,2019-10-28,2019-10-28 09:32:30,1.03,0.8046,115,1.0,0.7812,40,1.61,1.2578,5,1.015,0.7929,0,0
IWM191101P156,2019-10-28,2019-10-28 09:32:30,1.03,0.8046,213,1.0,0.7812,31,1.61,1.2578,5,1.015,0.7929,0,0
IWM191101P156,2019-10-28,2019-10-28 09:32:31,1.04,0.8125,12,1.0,0.7812,349,1.61,1.2578,5,1.02,0.7968,0,0
IWM191101P156,2019-10-28,2019-10-28 09:32:31,1.03,0.8046,213,1.0,0.7812,31,1.61,1.2578,5,1.015,0.7929,0,0
IWM191101P156,2019-10-28,2019-10-28 09:32:32,1.04,0.8125,12,1.0,0.7812,69,1.61,1.2578,5,1.02,0.7968,0,0
IWM191101P156,2019-10-28,2019-10-28 09:32:33,1.04,0.8125,449,1.0,0.7812,94,1.61,1.2578,5,1.02,0.7968,0,0
IWM191101P156,2019-10-28,2019-10-28 09:32:33,1.04,0.8125,102,1.0,0.7812,155,1.61,1.2578,5,1.02,0.7968,0,0
IWM191101P156,2019-10-28,2019-10-28 09:32:34,1.04,0.8125,152,1.0,0.7812,145,1.61,1.2578,5,1.02,0.7968,0,0
IWM191101P156,2019-10-28,2019-10-28 09:32:34,1.04,0.8125,40,1.0,0.7812,204,1.61,1.2578,5,1.02,0.7968,0,0
IWM191101P156,2019-10-28,2019-10-28 09:32:35,1.04,0.8125,125,1.0,0.7812,266,1.61,1.2578,5,1.02,0.7968,0,0
IWM191101P156,2019-10-28,2019-10-28 09:32:35,1.04,0.8125,238,1.0,0.7812,250,1.61,1.2578,5,1.02,0.7968,0,0
IWM191101P156,2019-10-28,2019-10-28 09:32:36,1.04,0.8125,309,1.01,0.789,12,1.61,1.2578,5,1.025,0.8007,0,0
IWM191101P156,2019-10-28,2019-10-28 09:32:36,1.04,0.8125,367,1.0,0.7812,213,1.61,1.2578,5,1.02,0.7968,0,0
IWM191101P156,2019-10-28,2019-10-28 09:32:37,1.03,0.8046,587,0.98,0.7656,436,1.61,1.2578,5,1.005,0.7851,0,0
IWM191101P156,2019-10-28,2019-10-28 09:32:37,1.03,0.8046,90,0.98,0.7656,129,1.61,1.2578,5,1.005,0.7851,0,0
IWM191101P156,2019-10-28,2019-10-28 09:32:38,1.03,0.8046,507,0.98,0.7656,436,1.61,1.2578,5,1.005,0.7851,0,0
IWM191101P156,2019-10-28,2019-10-28 09:32:39,1.03,0.8046,393,0.98,0.7656,436,1.61,1.2578,5,1.005,0.7851,0,0
IWM191101P156,2019-10-28,2019-10-28 09:32:39,1.03,0.8046,317,0.99,0.7734,22,1.61,1.2578,5,1.01,0.789,0,0
IWM191101P156,2019-10-28,2019-10-28 09:32:40,1.03,0.8046,315,0.99,0.7734,22,1.61,1.2578,5,1.01,0.789,0,0
IWM191101P156,2019-10-28,2019-10-28 09:32:41,1.03,0.8046,223,0.99,0.7734,22,1.61,1.2578,5,1.01,0.789,0,0
IWM191101P156,2019-10-28,2019-10-28 09:32:41,1.03,0.8046,91,0.99,0.7734,12,1.61,1.2578,5,1.01,0.789,0,0
IWM191101P156,2019-10-28,2019-10-28 09:32:42,1.03,0.8046,115,0.99,0.7734,21,1.61,1.2578,5,1.01,0.789,0,0
IWM191101P156,2019-10-28,2019-10-28 09:32:42,1.03,0.8046,478,0.98,0.7656,210,1.61,1.2578,5,1.005,0.7851,0,0
IWM191101P156,2019-10-28,2019-10-28 09:32:43,1.03,0.8046,478,0.98,0.7656,210,1.61,1.2578,5,1.005,0.7851,0,0
IWM191101P156,2019-10-28,2019-10-28 09:32:43,1.02,0.7968,144,0.98,0.7656,207,1.61,1.2578,5,1.0,0.7812,0,0
IWM191101P156,2019-10-28,2019-10-28 09:32:44,1.02,0.7968,529,0.98,0.7656,504,1.61,1.2578,5,1.0,0.7812,0,0
IWM191101P156,2019-10-28,2019-10-28 09:32:44,1.02,0.7968,549,0.98,0.7656,504,1.61,1.2578,5,1.0,0.7812,0,0
IWM191101P156,2019-10-28,2019-10-28 09:32:45,1.02,0.7968,529,0.98,0.7656,366,1.61,1.2578,5,1.0,0.7812,0,0
IWM191101P156,2019-10-28,2019-10-28 09:32:46,1.02,0.7968,527,0.98,0.7656,349,1.61,1.2578,5,1.0,0.7812,0,0
IWM191101P156,2019-10-28,2019-10-28 09:32:46,1.02,0.7968,529,0.98,0.7656,366,1.61,1.2578,5,1.0,0.7812,0,0
IWM191101P156,2019-10-28,2019-10-28 09:32:47,1.02,0.7968,724,0.98,0.7656,427,1.61,1.2578,5,1.0,0.7812,0,0
IWM191101P156,2019-10-28,2019-10-28 09:32:47,1.02,0.7968,630,0.98,0.7656,349,1.61,1.2578,5,1.0,0.7812,0,0
IWM191101P156,2019-10-28,2019-10-28 09:32:48,1.02,0.7968,630,0.99,0.7734,10,1.61,1.2578,5,1.005,0.7851,0,0
IWM191101P156,2019-10-28,2019-10-28 09:32:48,1.02,0.7968,650,0.99,0.7734,10,1.61,1.2578,5,1.005,0.7851,0,0
IWM191101P156,2019-10-28,2019-10-28 09:32:49,1.02,0.7968,669,0.98,0.7656,421,1.61,1.2578,5,1.0,0.7812,0,0
IWM191101P156,2019-10-28,2019-10-28 09:32:50,1.02,0.7968,685,0.98,0.7656,401,1.61,1.2578,5,1.0,0.7812,0,0
IWM191101P156,2019-10-28,2019-10-28 09:32:50,1.02,0.7968,669,0.98,0.7656,421,1.61,1.2578,5,1.0,0.7812,0,0
IWM191101P156,2019-10-28,2019-10-28 09:32:51,1.02,0.7968,703,0.98,0.7656,401,1.61,1.2578,5,1.0,0.7812,0,0
IWM191101P156,2019-10-28,2019-10-28 09:32:51,1.02,0.7968,629,0.98,0.7656,205,1.61,1.2578,5,1.0,0.7812,0,0
IWM191101P156,2019-10-28,2019-10-28 09:32:52,1.02,0.7968,629,0.98,0.7656,130,1.61,1.2578,5,1.0,0.7812,0,0
IWM191101P156,2019-10-28,2019-10-28 09:32:53,1.02,0.7968,456,0.98,0.7656,130,1.61,1.2578,5,1.0,0.7812,0,0
IWM191101P156,2019-10-28,2019-10-28 09:32:53,1.02,0.7968,611,0.98,0.7656,195,1.61,1.2578,5,1.0,0.7812,0,0
IWM191101P156,2019-10-28,2019-10-28 09:32:54,1.02,0.7968,571,0.98,0.7656,222,1.61,1.2578,5,1.0,0.7812,0,0
IWM191101P156,2019-10-28,2019-10-28 09:32:55,1.02,0.7968,705,0.98,0.7656,176,1.61,1.2578,5,1.0,0.7812,0,0
IWM191101P156,2019-10-28,2019-10-28 09:32:56,1.01,0.789,313,0.98,0.7656,171,1.61,1.2578,5,0.995,0.7773,0,0
IWM191101P156,2019-10-28,2019-10-28 09:32:56,1.02,0.7968,702,0.98,0.7656,176,1.61,1.2578,5,1.0,0.7812,0,0
IWM191101P156,2019-10-28,2019-10-28 09:32:57,1.01,0.789,329,0.98,0.7656,17,1.61,1.2578,5,0.995,0.7773,0,0
IWM191101P156,2019-10-28,2019-10-28 09:32:58,1.0,0.7812,15,0.97,0.7578,265,1.0,0.7812,1,0.985,0.7695,1,0
IWM191101P156,2019-10-28,2019-10-28 09:32:58,1.01,0.789,471,0.97,0.7578,228,1.0,0.7812,1,0.99,0.7734,1,1
IWM191101P156,2019-10-28,2019-10-28 09:32:59,1.0,0.7812,23,0.97,0.7578,188,1.0,0.7812,1,0.985,0.7695,1,0
IWM191101P156,2019-10-28,2019-10-28 09:32:59,1.0,0.7812,23,0.97,0.7578,265,1.0,0.7812,1,0.985,0.7695,1,0
IWM191101P156,2019-10-28,2019-10-28 09:33:00,1.01,0.789,119,0.98,0.7656,46,1.0,0.7812,1,0.995,0.7773,1,0
IWM191101P156,2019-10-28,2019-10-28 09:33:00,1.0,0.7812,23,0.97,0.7578,234,1.0,0.7812,1,0.985,0.7695,1,0
IWM191101P156,2019-10-28,2019-10-28 09:33:01,1.01,0.789,108,0.98,0.7656,46,1.0,0.7812,1,0.995,0.7773,1,0
IWM191101P156,2019-10-28,2019-10-28 09:33:01,1.01,0.789,108,0.98,0.7656,50,1.0,0.7812,1,0.995,0.7773,1,0
IWM191101P156,2019-10-28,2019-10-28 09:33:02,1.0,0.7812,163,0.96,0.75,40,1.0,0.7812,1,0.98,0.7656,1,0
IWM191101P156,2019-10-28,2019-10-28 09:33:02,1.01,0.789,463,0.98,0.7656,50,1.0,0.7812,1,0.995,0.7773,1,0
IWM191101P156,2019-10-28,2019-10-28 09:33:03,1.0,0.7812,586,0.96,0.75,53,1.0,0.7812,1,0.98,0.7656,1,0
IWM191101P156,2019-10-28,2019-10-28 09:33:03,0.99,0.7734,218,0.96,0.75,85,1.0,0.7812,1,0.975,0.7617,1,0
IWM191101P156,2019-10-28,2019-10-28 09:33:04,0.99,0.7734,93,0.96,0.75,19,1.0,0.7812,1,0.975,0.7617,1,0
IWM191101P156,2019-10-28,2019-10-28 09:33:04,0.99,0.7734,93,0.96,0.75,67,1.0,0.7812,1,0.975,0.7617,1,0
IWM191101P156,2019-10-28,2019-10-28 09:33:05,0.99,0.7734,208,0.96,0.75,93,1.0,0.7812,1,0.975,0.7617,1,0
IWM191101P156,2019-10-28,2019-10-28 09:33:05,0.99,0.7734,253,0.96,0.75,111,1.0,0.7812,1,0.975,0.7617,1,0
IWM191101P156,2019-10-28,2019-10-28 09:33:06,0.99,0.7734,197,0.96,0.75,142,1.0,0.7812,1,0.975,0.7617,1,0
IWM191101P156,2019-10-28,2019-10-28 09:33:06,0.99,0.7734,253,0.96,0.75,142,1.0,0.7812,1,0.975,0.7617,1,0
IWM191101P156,2019-10-28,2019-10-28 09:33:07,0.99,0.7734,246,0.96,0.75,111,1.0,0.7812,1,0.975,0.7617,1,0
IWM191101P156,2019-10-28,2019-10-28 09:33:07,0.99,0.7734,329,0.96,0.75,142,1.0,0.7812,1,0.975,0.7617,1,0
IWM191101P156,2019-10-28,2019-10-28 09:33:08,0.99,0.7734,246,0.96,0.75,76,1.0,0.7812,1,0.975,0.7617,1,0
IWM191101P156,2019-10-28,2019-10-28 09:33:08,0.99,0.7734,210,0.96,0.75,117,1.0,0.7812,1,0.975,0.7617,1,0
IWM191101P156,2019-10-28,2019-10-28 09:33:09,0.99,0.7734,11,0.96,0.75,148,1.0,0.7812,1,0.975,0.7617,1,0
IWM191101P156,2019-10-28,2019-10-28 09:33:09,0.99,0.7734,210,0.96,0.75,117,1.0,0.7812,1,0.975,0.7617,1,0
IWM191101P156,2019-10-28,2019-10-28 09:33:10,1.01,0.789,343,0.97,0.7578,73,1.0,0.7812,1,0.99,0.7734,1,0
IWM191101P156,2019-10-28,2019-10-28 09:33:10,1.01,0.789,386,0.97,0.7578,117,1.0,0.7812,1,0.99,0.7734,1,0
IWM191101P156,2019-10-28,2019-10-28 09:33:11,1.01,0.789,397,0.97,0.7578,117,1.0,0.7812,1,0.99,0.7734,1,0
IWM191101P156,2019-10-28,2019-10-28 09:33:11,1.01,0.789,397,0.95,0.7421,75,1.0,0.7812,1,0.98,0.7656,1,0
IWM191101P156,2019-10-28,2019-10-28 09:33:12,0.99,0.7734,224,0.95,0.7421,98,1.0,0.7812,1,0.97,0.7578,1,0
IWM191101P156,2019-10-28,2019-10-28 09:33:13,0.99,0.7734,224,0.95,0.7421,215,1.0,0.7812,1,0.97,0.7578,1,0
IWM191101P156,2019-10-28,2019-10-28 09:33:13,0.99,0.7734,224,0.95,0.7421,205,1.0,0.7812,1,0.97,0.7578,1,0
IWM191101P156,2019-10-28,2019-10-28 09:33:14,0.98,0.7656,130,0.95,0.7421,40,1.0,0.7812,1,0.965,0.7539,1,0
IWM191101P156,2019-10-28,2019-10-28 09:33:14,0.99,0.7734,286,0.95,0.7421,231,1.0,0.7812,1,0.97,0.7578,1,0
IWM191101P156,2019-10-28,2019-10-28 09:33:15,0.98,0.7656,348,0.95,0.7421,44,1.0,0.7812,1,0.965,0.7539,1,0
IWM191101P156,2019-10-28,2019-10-28 09:33:15,0.98,0.7656,465,0.95,0.7421,40,1.0,0.7812,1,0.965,0.7539,1,0
IWM191101P156,2019-10-28,2019-10-28 09:33:16,0.98,0.7656,370,0.95,0.7421,44,1.0,0.7812,1,0.965,0.7539,1,0
IWM191101P156,2019-10-28,2019-10-28 09:33:16,0.98,0.7656,134,0.95,0.7421,47,1.0,0.7812,1,0.965,0.7539,1,0
IWM191101P156,2019-10-28,2019-10-28 09:33:17,0.98,0.7656,122,0.95,0.7421,94,1.0,0.7812,1,0.965,0.7539,1,0
IWM191101P156,2019-10-28,2019-10-28 09:33:17,0.98,0.7656,122,0.95,0.7421,138,1.0,0.7812,1,0.965,0.7539,1,0
IWM191101P156,2019-10-28,2019-10-28 09:33:18,0.98,0.7656,96,0.95,0.7421,128,1.0,0.7812,1,0.965,0.7539,1,0
IWM191101P156,2019-10-28,2019-10-28 09:33:19,0.98,0.7656,106,0.95,0.7421,369,1.0,0.7812,1,0.965,0.7539,1,0
IWM191101P156,2019-10-28,2019-10-28 09:33:19,0.98,0.7656,27,0.95,0.7421,327,1.0,0.7812,1,0.965,0.7539,1,0
IWM191101P156,2019-10-28,2019-10-28 09:33:20,0.98,0.7656,460,0.95,0.7421,123,1.0,0.7812,1,0.965,0.7539,1,0
IWM191101P156,2019-10-28,2019-10-28 09:33:20,0.98,0.7656,106,0.95,0.7421,89,1.0,0.7812,1,0.965,0.7539,1,0
IWM191101P156,2019-10-28,2019-10-28 09:33:21,0.98,0.7656,36,0.95,0.7421,139,1.0,0.7812,1,0.965,0.7539,1,0
IWM191101P156,2019-10-28,2019-10-28 09:33:21,0.98,0.7656,36,0.95,0.7421,182,1.0,0.7812,1,0.965,0.7539,1,0
IWM191101P156,2019-10-28,2019-10-28 09:33:22,0.98,0.7656,75,0.95,0.7421,69,1.0,0.7812,1,0.965,0.7539,1,0
IWM191101P156,2019-10-28,2019-10-28 09:33:23,1.0,0.7812,20,0.97,0.7578,40,1.0,0.7812,1,0.985,0.7695,1,0
IWM191101P156,2019-10-28,2019-10-28 09:33:24,1.02,0.7968,81,0.98,0.7656,18,1.0,0.7812,1,1.0,0.7812,1,0
IWM191101P156,2019-10-28,2019-10-28 09:33:24,1.02,0.7968,120,0.97,0.7578,114,1.0,0.7812,1,0.995,0.7773,1,0
IWM191101P156,2019-10-28,2019-10-28 09:33:25,1.02,0.7968,127,0.99,0.7734,23,1.0,0.7812,1,1.005,0.7851,1,0
IWM191101P156,2019-10-28,2019-10-28 09:33:25,1.02,0.7968,387,0.98,0.7656,124,1.0,0.7812,1,1.0,0.7812,1,0
IWM191101P156,2019-10-28,2019-10-28 09:33:26,1.02,0.7968,387,0.98,0.7656,109,1.0,0.7812,1,1.0,0.7812,1,0
IWM191101P156,2019-10-28,2019-10-28 09:33:26,1.01,0.789,488,0.97,0.7578,93,1.0,0.7812,1,0.99,0.7734,1,0
IWM191101P156,2019-10-28,2019-10-28 09:33:27,1.01,0.789,192,0.97,0.7578,80,1.0,0.7812,1,0.99,0.7734,1,0
IWM191101P156,2019-10-28,2019-10-28 09:33:27,1.01,0.789,145,0.97,0.7578,155,1.0,0.7812,1,0.99,0.7734,1,0
IWM191101P156,2019-10-28,2019-10-28 09:33:28,1.01,0.789,145,0.97,0.7578,194,1.0,0.7812,1,0.99,0.7734,1,0
IWM191101P156,2019-10-28,2019-10-28 09:33:29,1.01,0.789,74,0.98,0.7656,151,1.0,0.7812,1,0.995,0.7773,1,0
IWM191101P156,2019-10-28,2019-10-28 09:33:29,1.01,0.789,39,0.98,0.7656,139,1.0,0.7812,1,0.995,0.7773,1,0
IWM191101P156,2019-10-28,2019-10-28 09:33:30,1.0,0.7812,100,0.97,0.7578,138,1.0,0.7812,1,0.985,0.7695,1,0
IWM191101P156,2019-10-28,2019-10-28 09:33:30,1.0,0.7812,175,0.97,0.7578,46,1.0,0.7812,1,0.985,0.7695,1,0
IWM191101P156,2019-10-28,2019-10-28 09:33:31,1.0,0.7812,175,0.97,0.7578,141,1.0,0.7812,1,0.985,0.7695,1,0
IWM191101P156,2019-10-28,2019-10-28 09:33:31,1.0,0.7812,122,0.97,0.7578,161,1.0,0.7812,1,0.985,0.7695,1,0
IWM191101P156,2019-10-28,2019-10-28 09:33:32,1.0,0.7812,490,0.97,0.7578,78,1.0,0.7812,1,0.985,0.7695,1,0
IWM191101P156,2019-10-28,2019-10-28 09:33:32,1.0,0.7812,490,0.97,0.7578,92,1.0,0.7812,1,0.985,0.7695,1,0
IWM191101P156,2019-10-28,2019-10-28 09:33:33,1.0,0.7812,374,0.97,0.7578,60,1.0,0.7812,1,0.985,0.7695,1,0
IWM191101P156,2019-10-28,2019-10-28 09:33:33,1.0,0.7812,490,0.97,0.7578,60,1.0,0.7812,1,0.985,0.7695,1,0
IWM191101P156,2019-10-28,2019-10-28 09:33:34,1.0,0.7812,189,0.97,0.7578,89,1.0,0.7812,1,0.985,0.7695,1,0
IWM191101P156,2019-10-28,2019-10-28 09:33:34,1.0,0.7812,374,0.97,0.7578,60,1.0,0.7812,1,0.985,0.7695,1,0
IWM191101P156,2019-10-28,2019-10-28 09:33:35,1.0,0.7812,391,0.96,0.75,112,1.0,0.7812,1,0.98,0.7656,1,0
IWM191101P156,2019-10-28,2019-10-28 09:33:36,1.0,0.7812,590,0.96,0.75,134,1.0,0.7812,1,0.98,0.7656,1,0
IWM191101P156,2019-10-28,2019-10-28 09:33:36,0.99,0.7734,75,0.96,0.75,134,1.0,0.7812,1,0.975,0.7617,1,0
IWM191101P156,2019-10-28,2019-10-28 09:33:37,0.98,0.7656,11,0.95,0.7421,237,1.0,0.7812,1,0.965,0.7539,1,0
IWM191101P156,2019-10-28,2019-10-28 09:33:37,0.99,0.7734,242,0.95,0.7421,119,1.0,0.7812,1,0.97,0.7578,1,0
IWM191101P156,2019-10-28,2019-10-28 09:33:38,0.99,0.7734,124,0.95,0.7421,237,1.0,0.7812,1,0.97,0.7578,1,0
IWM191101P156,2019-10-28,2019-10-28 09:33:38,0.99,0.7734,20,0.96,0.75,183,1.0,0.7812,1,0.975,0.7617,1,0
IWM191101P156,2019-10-28,2019-10-28 09:33:39,0.99,0.7734,20,0.96,0.75,295,1.0,0.7812,1,0.975,0.7617,1,0
IWM191101P156,2019-10-28,2019-10-28 09:33:40,1.0,0.7812,585,0.96,0.75,24,1.0,0.7812,1,0.98,0.7656,1,0
IWM191101P156,2019-10-28,2019-10-28 09:33:40,1.0,0.7812,323,0.97,0.7578,120,1.0,0.7812,1,0.985,0.7695,1,0
IWM191101P156,2019-10-28,2019-10-28 09:33:41,0.99,0.7734,105,0.96,0.75,108,1.0,0.7812,1,0.975,0.7617,1,0
IWM191101P156,2019-10-28,2019-10-28 09:33:42,0.99,0.7734,10,0.96,0.75,108,1.0,0.7812,1,0.975,0.7617,1,0
IWM191101P156,2019-10-28,2019-10-28 09:33:43,1.0,0.7812,102,0.97,0.7578,120,1.0,0.7812,1,0.985,0.7695,1,0
IWM191101P156,2019-10-28,2019-10-28 09:33:43,1.0,0.7812,95,0.97,0.7578,95,1.0,0.7812,1,0.985,0.7695,1,0
IWM191101P156,2019-10-28,2019-10-28 09:33:44,0.99,0.7734,75,0.96,0.75,175,1.0,0.7812,1,0.975,0.7617,1,0
IWM191101P156,2019-10-28,2019-10-28 09:33:44,1.0,0.7812,102,0.97,0.7578,120,1.0,0.7812,1,0.985,0.7695,1,0
IWM191101P156,2019-10-28,2019-10-28 09:33:45,0.99,0.7734,83,0.96,0.75,214,1.0,0.7812,1,0.975,0.7617,1,0
IWM191101P156,2019-10-28,2019-10-28 09:33:46,0.98,0.7656,112,0.95,0.7421,95,1.0,0.7812,1,0.965,0.7539,1,0
IWM191101P156,2019-10-28,2019-10-28 09:33:47,0.98,0.7656,148,0.95,0.7421,95,1.0,0.7812,1,0.965,0.7539,1,0
IWM191101P156,2019-10-28,2019-10-28 09:33:47,0.98,0.7656,436,0.95,0.7421,171,1.0,0.7812,1,0.965,0.7539,1,0
IWM191101P156,2019-10-28,2019-10-28 09:33:48,0.98,0.7656,316,0.95,0.7421,133,1.0,0.7812,1,0.965,0.7539,1,0
IWM191101P156,2019-10-28,2019-10-28 09:33:49,0.98,0.7656,280,0.95,0.7421,239,1.0,0.7812,1,0.965,0.7539,1,0
IWM191101P156,2019-10-28,2019-10-28 09:33:49,0.98,0.7656,316,0.95,0.7421,200,1.0,0.7812,1,0.965,0.7539,1,0
IWM191101P156,2019-10-28,2019-10-28 09:33:50,1.0,0.7812,95,0.97,0.7578,120,1.0,0.7812,1,0.985,0.7695,1,0
IWM191101P156,2019-10-28,2019-10-28 09:33:50,1.0,0.7812,147,0.97,0.7578,154,1.0,0.7812,1,0.985,0.7695,1,0
IWM191101P156,2019-10-28,2019-10-28 09:33:51,1.0,0.7812,353,0.97,0.7578,77,1.0,0.7812,1,0.985,0.7695,1,0
IWM191101P156,2019-10-28,2019-10-28 09:33:51,1.0,0.7812,147,0.97,0.7578,136,1.0,0.7812,1,0.985,0.7695,1,0
IWM191101P156,2019-10-28,2019-10-28 09:33:52,1.0,0.7812,149,0.97,0.7578,77,1.0,0.7812,1,0.985,0.7695,1,0
IWM191101P156,2019-10-28,2019-10-28 09:33:52,1.0,0.7812,269,0.97,0.7578,120,1.0,0.7812,1,0.985,0.7695,1,0
IWM191101P156,2019-10-28,2019-10-28 09:33:53,1.0,0.7812,210,0.96,0.75,95,1.0,0.7812,1,0.98,0.7656,1,0
IWM191101P156,2019-10-28,2019-10-28 09:33:53,1.0,0.7812,150,0.97,0.7578,95,1.0,0.7812,1,0.985,0.7695,1,0
IWM191101P156,2019-10-28,2019-10-28 09:33:54,0.99,0.7734,31,0.96,0.75,160,1.0,0.7812,1,0.975,0.7617,1,0
IWM191101P156,2019-10-28,2019-10-28 09:33:54,0.99,0.7734,31,0.96,0.75,196,1.0,0.7812,1,0.975,0.7617,1,0
IWM191101P156,2019-10-28,2019-10-28 09:33:55,0.99,0.7734,17,0.96,0.75,220,1.0,0.7812,1,0.975,0.7617,1,0
IWM191101P156,2019-10-28,2019-10-28 09:33:55,0.99,0.7734,219,0.96,0.75,67,1.0,0.7812,1,0.975,0.7617,1,0
IWM191101P156,2019-10-28,2019-10-28 09:33:56,0.99,0.7734,376,0.96,0.75,67,1.0,0.7812,1,0.975,0.7617,1,0
IWM191101P156,2019-10-28,2019-10-28 09:33:56,0.99,0.7734,234,0.96,0.75,67,1.0,0.7812,1,0.975,0.7617,1,0
IWM191101P156,2019-10-28,2019-10-28 09:33:57,0.99,0.7734,259,0.96,0.75,171,1.0,0.7812,1,0.975,0.7617,1,0
IWM191101P156,2019-10-28,2019-10-28 09:33:58,0.99,0.7734,17,0.97,0.7578,18,1.0,0.7812,1,0.98,0.7656,1,0
IWM191101P156,2019-10-28,2019-10-28 09:33:58,1.0,0.7812,255,0.97,0.7578,95,1.0,0.7812,1,0.985,0.7695,1,0
IWM191101P156,2019-10-28,2019-10-28 09:33:59,0.99,0.7734,175,0.96,0.75,80,1.0,0.7812,1,0.975,0.7617,1,0
IWM191101P156,2019-10-28,2019-10-28 09:33:59,0.99,0.7734,89,0.96,0.75,196,1.0,0.7812,1,0.975,0.7617,1,0
IWM191101P156,2019-10-28,2019-10-28 09:34:00,1.0,0.7812,10,0.97,0.7578,169,1.0,0.7812,1,0.985,0.7695,1,0
IWM191101P156,2019-10-28,2019-10-28 09:34:00,1.0,0.7812,114,0.97,0.7578,95,1.0,0.7812,1,0.985,0.7695,1,0
IWM191101P156,2019-10-28,2019-10-28 09:34:01,1.0,0.7812,19,0.97,0.7578,159,1.0,0.7812,1,0.985,0.7695,1,0
IWM191101P156,2019-10-28,2019-10-28 09:34:01,1.0,0.7812,271,0.96,0.75,82,1.0,0.7812,1,0.98,0.7656,1,0
IWM191101P156,2019-10-28,2019-10-28 09:34:02,1.0,0.7812,700,0.96,0.75,82,1.0,0.7812,1,0.98,0.7656,1,0
IWM191101P156,2019-10-28,2019-10-28 09:34:02,0.98,0.7656,45,0.95,0.7421,106,1.0,0.7812,1,0.965,0.7539,1,0
IWM191101P156,2019-10-28,2019-10-28 09:34:03,0.98,0.7656,80,0.96,0.75,18,1.0,0.7812,1,0.97,0.7578,1,0
IWM191101P156,2019-10-28,2019-10-28 09:34:03,0.98,0.7656,45,0.95,0.7421,223,1.0,0.7812,1,0.965,0.7539,1,0
IWM191101P156,2019-10-28,2019-10-28 09:34:04,0.99,0.7734,338,0.96,0.75,77,1.0,0.7812,1,0.975,0.7617,1,0
IWM191101P156,2019-10-28,2019-10-28 09:34:05,0.99,0.7734,180,0.96,0.75,77,1.0,0.7812,1,0.975,0.7617,1,0
IWM191101P156,2019-10-28,2019-10-28 09:34:05,0.99,0.7734,383,0.96,0.75,124,1.0,0.7812,1,0.975,0.7617,1,0
IWM191101P156,2019-10-28,2019-10-28 09:34:06,0.99,0.7734,476,0.96,0.75,102,1.0,0.7812,1,0.975,0.7617,1,0
IWM191101P156,2019-10-28,2019-10-28 09:34:06,0.99,0.7734,436,0.96,0.75,124,1.0,0.7812,1,0.975,0.7617,1,0
IWM191101P156,2019-10-28,2019-10-28 09:34:07,0.99,0.7734,476,0.96,0.75,77,1.0,0.7812,1,0.975,0.7617,1,0
IWM191101P156,2019-10-28,2019-10-28 09:34:07,0.99,0.7734,588,0.95,0.7421,210,1.0,0.7812,1,0.97,0.7578,1,0
IWM191101P156,2019-10-28,2019-10-28 09:34:08,0.99,0.7734,588,0.95,0.7421,251,1.0,0.7812,1,0.97,0.7578,1,0
IWM191101P156,2019-10-28,2019-10-28 09:34:08,0.99,0.7734,588,0.95,0.7421,285,1.0,0.7812,1,0.97,0.7578,1,0
IWM191101P156,2019-10-28,2019-10-28 09:34:09,0.99,0.7734,565,0.95,0.7421,285,1.0,0.7812,1,0.97,0.7578,1,0
IWM191101P156,2019-10-28,2019-10-28 09:34:09,0.99,0.7734,565,0.95,0.7421,73,1.0,0.7812,1,0.97,0.7578,1,0
IWM191101P156,2019-10-28,2019-10-28 09:34:10,0.98,0.7656,542,0.95,0.7421,73,1.0,0.7812,1,0.965,0.7539,1,0
IWM191101P156,2019-10-28,2019-10-28 09:34:10,0.98,0.7656,516,0.95,0.7421,98,1.0,0.7812,1,0.965,0.7539,1,0
IWM191101P156,2019-10-28,2019-10-28 09:34:11,0.98,0.7656,516,0.95,0.7421,98,1.0,0.7812,1,0.965,0.7539,1,0
IWM191101P156,2019-10-28,2019-10-28 09:34:11,0.98,0.7656,532,0.95,0.7421,98,1.0,0.7812,1,0.965,0.7539,1,0
IWM191101P156,2019-10-28,2019-10-28 09:34:12,0.98,0.7656,516,0.95,0.7421,98,1.0,0.7812,1,0.965,0.7539,1,0
IWM191101P156,2019-10-28,2019-10-28 09:34:12,0.98,0.7656,396,0.95,0.7421,98,1.0,0.7812,1,0.965,0.7539,1,0
IWM191101P156,2019-10-28,2019-10-28 09:34:13,0.98,0.7656,28,0.95,0.7421,391,1.0,0.7812,1,0.965,0.7539,1,0
IWM191101P156,2019-10-28,2019-10-28 09:34:13,0.98,0.7656,396,0.95,0.7421,262,1.0,0.7812,1,0.965,0.7539,1,0
IWM191101P156,2019-10-28,2019-10-28 09:34:14,0.98,0.7656,26,0.95,0.7421,196,1.0,0.7812,1,0.965,0.7539,1,0
IWM191101P156,2019-10-28,2019-10-28 09:34:15,0.98,0.7656,26,0.95,0.7421,245,1.0,0.7812,1,0.965,0.7539,1,0
IWM191101P156,2019-10-28,2019-10-28 09:34:15,0.98,0.7656,26,0.95,0.7421,298,1.0,0.7812,1,0.965,0.7539,1,0
IWM191101P156,2019-10-28,2019-10-28 09:34:16,0.99,0.7734,143,0.96,0.75,69,1.0,0.7812,1,0.975,0.7617,1,0
IWM191101P156,2019-10-28,2019-10-28 09:34:16,0.99,0.7734,244,0.96,0.75,100,1.0,0.7812,1,0.975,0.7617,1,0
IWM191101P156,2019-10-28,2019-10-28 09:34:17,0.98,0.7656,5,0.95,0.7421,121,1.0,0.7812,1,0.965,0.7539,1,0
IWM191101P156,2019-10-28,2019-10-28 09:34:17,0.98,0.7656,5,0.95,0.7421,208,1.0,0.7812,1,0.965,0.7539,1,0
IWM191101P156,2019-10-28,2019-10-28 09:34:18,0.98,0.7656,20,0.95,0.7421,307,1.0,0.7812,1,0.965,0.7539,1,0
IWM191101P156,2019-10-28,2019-10-28 09:34:18,0.98,0.7656,20,0.95,0.7421,310,1.0,0.7812,1,0.965,0.7539,1,0
IWM191101P156,2019-10-28,2019-10-28 09:34:19,0.98,0.7656,10,0.95,0.7421,310,1.0,0.7812,1,0.965,0.7539,1,0
IWM191101P156,2019-10-28,2019-10-28 09:34:19,0.98,0.7656,10,0.95,0.7421,146,1.0,0.7812,1,0.965,0.7539,1,0
IWM191101P156,2019-10-28,2019-10-28 09:34:21,0.98,0.7656,30,0.95,0.7421,410,1.0,0.7812,1,0.965,0.7539,1,0
IWM191101P156,2019-10-28,2019-10-28 09:34:21,0.98,0.7656,20,0.95,0.7421,333,1.0,0.7812,1,0.965,0.7539,1,0
IWM191101P156,2019-10-28,2019-10-28 09:34:22,0.98,0.7656,130,0.95,0.7421,376,1.0,0.7812,1,0.965,0.7539,1,0
IWM191101P156,2019-10-28,2019-10-28 09:34:22,0.98,0.7656,80,0.95,0.7421,410,1.0,0.7812,1,0.965,0.7539,1,0
IWM191101P156,2019-10-28,2019-10-28 09:34:23,0.98,0.7656,273,0.95,0.7421,358,1.0,0.7812,1,0.965,0.7539,1,0
IWM191101P156,2019-10-28,2019-10-28 09:34:23,0.98,0.7656,299,0.95,0.7421,333,1.0,0.7812,1,0.965,0.7539,1,0
IWM191101P156,2019-10-28,2019-10-28 09:34:24,0.97,0.7578,10,0.95,0.7421,10,1.0,0.7812,1,0.96,0.75,1,0
IWM191101P156,2019-10-28,2019-10-28 09:34:24,0.97,0.7578,22,0.95,0.7421,333,1.0,0.7812,1,0.96,0.75,1,0
IWM191101P156,2019-10-28,2019-10-28 09:34:25,0.97,0.7578,31,0.95,0.7421,80,1.0,0.7812,1,0.96,0.75,1,0
IWM191101P156,2019-10-28,2019-10-28 09:34:25,0.97,0.7578,10,0.94,0.7343,570,1.0,0.7812,1,0.955,0.746,1,0
IWM191101P156,2019-10-28,2019-10-28 09:34:26,0.96,0.75,140,0.92,0.7187,357,1.0,0.7812,1,0.94,0.7343,1,0
IWM191101P156,2019-10-28,2019-10-28 09:34:26,0.97,0.7578,31,0.92,0.7187,121,1.0,0.7812,1,0.945,0.7382,1,0
IWM191101P156,2019-10-28,2019-10-28 09:34:27,0.96,0.75,75,0.93,0.7265,104,1.0,0.7812,1,0.945,0.7382,1,0
IWM191101P156,2019-10-28,2019-10-28 09:34:27,0.96,0.75,166,0.93,0.7265,129,1.0,0.7812,1,0.945,0.7382,1,0
IWM191101P156,2019-10-28,2019-10-28 09:34:28,0.96,0.75,196,0.93,0.7265,129,1.0,0.7812,1,0.945,0.7382,1,0
IWM191101P156,2019-10-28,2019-10-28 09:34:29,0.96,0.75,246,0.93,0.7265,129,1.0,0.7812,1,0.945,0.7382,1,0
IWM191101P156,2019-10-28,2019-10-28 09:34:30,0.96,0.75,246,0.93,0.7265,129,1.0,0.7812,1,0.945,0.7382,1,0
IWM191101P156,2019-10-28,2019-10-28 09:34:30,0.96,0.75,303,0.93,0.7265,129,1.0,0.7812,1,0.945,0.7382,1,0
IWM191101P156,2019-10-28,2019-10-28 09:34:31,0.96,0.75,356,0.93,0.7265,105,1.0,0.7812,1,0.945,0.7382,1,0
IWM191101P156,2019-10-28,2019-10-28 09:34:31,0.96,0.75,644,0.93,0.7265,105,1.0,0.7812,1,0.945,0.7382,1,0
IWM191101P156,2019-10-28,2019-10-28 09:34:32,0.95,0.7421,49,0.93,0.7265,80,1.0,0.7812,1,0.94,0.7343,1,0
IWM191101P156,2019-10-28,2019-10-28 09:34:33,0.95,0.7421,49,0.93,0.7265,80,1.0,0.7812,1,0.94,0.7343,1,0
IWM191101P156,2019-10-28,2019-10-28 09:34:33,0.95,0.7421,198,0.93,0.7265,80,1.0,0.7812,1,0.94,0.7343,1,0
IWM191101P156,2019-10-28,2019-10-28 09:34:34,0.95,0.7421,198,0.93,0.7265,80,1.0,0.7812,1,0.94,0.7343,1,0
IWM191101P156,2019-10-28,2019-10-28 09:34:35,0.95,0.7421,228,0.93,0.7265,80,1.0,0.7812,1,0.94,0.7343,1,0
IWM191101P156,2019-10-28,2019-10-28 09:34:35,0.95,0.7421,213,0.93,0.7265,80,1.0,0.7812,1,0.94,0.7343,1,0
IWM191101P156,2019-10-28,2019-10-28 09:34:36,0.95,0.7421,355,0.92,0.7187,100,1.0,0.7812,1,0.935,0.7304,1,0
IWM191101P156,2019-10-28,2019-10-28 09:34:36,0.95,0.7421,432,0.92,0.7187,100,1.0,0.7812,1,0.935,0.7304,1,0
IWM191101P156,2019-10-28,2019-10-28 09:34:37,0.95,0.7421,432,0.92,0.7187,100,1.0,0.7812,1,0.935,0.7304,1,0
IWM191101P156,2019-10-28,2019-10-28 09:34:37,0.95,0.7421,432,0.91,0.7109,122,1.0,0.7812,1,0.93,0.7265,1,0
IWM191101P156,2019-10-28,2019-10-28 09:34:38,0.94,0.7343,80,0.92,0.7187,105,1.0,0.7812,1,0.93,0.7265,1,0
IWM191101P156,2019-10-28,2019-10-28 09:34:38,0.94,0.7343,80,0.91,0.7109,122,1.0,0.7812,1,0.925,0.7226,1,0
IWM191101P156,2019-10-28,2019-10-28 09:34:39,0.94,0.7343,31,0.92,0.7187,80,1.0,0.7812,1,0.93,0.7265,1,0
IWM191101P156,2019-10-28,2019-10-28 09:34:40,0.94,0.7343,76,0.92,0.7187,80,1.0,0.7812,1,0.93,0.7265,1,0
IWM191101P156,2019-10-28,2019-10-28 09:34:40,0.94,0.7343,38,0.92,0.7187,80,1.0,0.7812,1,0.93,0.7265,1,0
IWM191101P156,2019-10-28,2019-10-28 09:34:41,0.94,0.7343,10,0.92,0.7187,80,1.0,0.7812,1,0.93,0.7265,1,0
IWM191101P156,2019-10-28,2019-10-28 09:34:42,0.95,0.7421,85,0.92,0.7187,45,1.0,0.7812,1,0.935,0.7304,1,0
IWM191101P156,2019-10-28,2019-10-28 09:34:42,0.95,0.7421,43,0.92,0.7187,69,1.0,0.7812,1,0.935,0.7304,1,0
IWM191101P156,2019-10-28,2019-10-28 09:34:43,0.95,0.7421,80,0.92,0.7187,45,1.0,0.7812,1,0.935,0.7304,1,0
IWM191101P156,2019-10-28,2019-10-28 09:34:43,0.95,0.7421,100,0.92,0.7187,184,1.0,0.7812,1,0.935,0.7304,1,0
IWM191101P156,2019-10-28,2019-10-28 09:34:44,0.95,0.7421,94,0.93,0.7265,31,1.0,0.7812,1,0.94,0.7343,1,0
IWM191101P156,2019-10-28,2019-10-28 09:34:44,0.95,0.7421,100,0.92,0.7187,694,1.0,0.7812,1,0.935,0.7304,1,0
IWM191101P156,2019-10-28,2019-10-28 09:34:45,0.95,0.7421,100,0.93,0.7265,106,1.0,0.7812,1,0.94,0.7343,1,0
IWM191101P156,2019-10-28,2019-10-28 09:34:46,0.94,0.7343,195,0.92,0.7187,80,1.0,0.7812,1,0.93,0.7265,1,0
IWM191101P156,2019-10-28,2019-10-28 09:34:46,0.94,0.7343,93,0.92,0.7187,105,1.0,0.7812,1,0.93,0.7265,1,0
IWM191101P156,2019-10-28,2019-10-28 09:34:47,0.94,0.7343,225,0.92,0.7187,80,1.0,0.7812,1,0.93,0.7265,1,0
IWM191101P156,2019-10-28,2019-10-28 09:34:47,0.94,0.7343,225,0.91,0.7109,99,1.0,0.7812,1,0.925,0.7226,1,0
IWM191101P156,2019-10-28,2019-10-28 09:34:48,0.94,0.7343,300,0.91,0.7109,169,1.0,0.7812,1,0.925,0.7226,1,0
IWM191101P156,2019-10-28,2019-10-28 09:34:48,0.94,0.7343,225,0.91,0.7109,126,1.0,0.7812,1,0.925,0.7226,1,0
IWM191101P156,2019-10-28,2019-10-28 09:34:49,0.94,0.7343,80,0.91,0.7109,198,1.0,0.7812,1,0.925,0.7226,1,0
IWM191101P156,2019-10-28,2019-10-28 09:34:49,0.94,0.7343,160,0.91,0.7109,263,1.0,0.7812,1,0.925,0.7226,1,0
IWM191101P156,2019-10-28,2019-10-28 09:34:50,0.94,0.7343,199,0.91,0.7109,123,1.0,0.7812,1,0.925,0.7226,1,0
IWM191101P156,2019-10-28,2019-10-28 09:34:50,0.94,0.7343,160,0.91,0.7109,306,1.0,0.7812,1,0.925,0.7226,1,0
IWM191101P156,2019-10-28,2019-10-28 09:34:51,0.94,0.7343,337,0.91,0.7109,99,1.0,0.7812,1,0.925,0.7226,1,0
IWM191101P156,2019-10-28,2019-10-28 09:34:51,0.94,0.7343,335,0.91,0.7109,99,1.0,0.7812,1,0.925,0.7226,1,0
IWM191101P156,2019-10-28,2019-10-28 09:34:52,0.93,0.7265,134,0.91,0.7109,57,1.0,0.7812,1,0.92,0.7187,1,0
IWM191101P156,2019-10-28,2019-10-28 09:34:52,0.93,0.7265,62,0.91,0.7109,99,1.0,0.7812,1,0.92,0.7187,1,0
IWM191101P156,2019-10-28,2019-10-28 09:34:53,0.93,0.7265,134,0.91,0.7109,82,1.0,0.7812,1,0.92,0.7187,1,0
IWM191101P156,2019-10-28,2019-10-28 09:34:53,0.93,0.7265,279,0.91,0.7109,82,1.0,0.7812,1,0.92,0.7187,1,0
IWM191101P156,2019-10-28,2019-10-28 09:34:54,0.93,0.7265,303,0.91,0.7109,82,1.0,0.7812,1,0.92,0.7187,1,0
IWM191101P156,2019-10-28,2019-10-28 09:34:54,0.93,0.7265,325,0.91,0.7109,57,1.0,0.7812,1,0.92,0.7187,1,0
IWM191101P156,2019-10-28,2019-10-28 09:34:55,0.93,0.7265,369,0.91,0.7109,57,1.0,0.7812,1,0.92,0.7187,1,0
IWM191101P156,2019-10-28,2019-10-28 09:34:55,0.93,0.7265,369,0.9,0.7031,80,1.0,0.7812,1,0.915,0.7148,1,0
IWM191101P156,2019-10-28,2019-10-28 09:34:56,0.93,0.7265,501,0.9,0.7031,105,1.0,0.7812,1,0.915,0.7148,1,0
IWM191101P156,2019-10-28,2019-10-28 09:34:56,0.93,0.7265,711,0.9,0.7031,105,1.0,0.7812,1,0.915,0.7148,1,0
IWM191101P156,2019-10-28,2019-10-28 09:34:57,0.93,0.7265,727,0.89,0.6953,99,1.0,0.7812,1,0.91,0.7109,1,0
IWM191101P156,2019-10-28,2019-10-28 09:34:58,0.92,0.7187,175,0.89,0.6953,198,1.0,0.7812,1,0.905,0.707,1,0
IWM191101P156,2019-10-28,2019-10-28 09:34:58,0.93,0.7265,793,0.89,0.6953,142,1.0,0.7812,1,0.91,0.7109,1,0
IWM191101P156,2019-10-28,2019-10-28 09:34:59,0.92,0.7187,268,0.89,0.6953,229,1.0,0.7812,1,0.905,0.707,1,0
IWM191101P156,2019-10-28,2019-10-28 09:34:59,0.92,0.7187,268,0.89,0.6953,271,1.0,0.7812,1,0.905,0.707,1,0
IWM191101P156,2019-10-28,2019-10-28 09:35:00,0.92,0.7187,252,0.89,0.6953,157,1.0,0.7812,1,0.905,0.707,1,0
IWM191101P156,2019-10-28,2019-10-28 09:35:00,0.92,0.7187,252,0.89,0.6953,234,1.0,0.7812,1,0.905,0.707,1,0
IWM191101P156,2019-10-28,2019-10-28 09:35:01,0.91,0.7109,20,0.89,0.6953,54,1.0,0.7812,1,0.9,0.7031,1,0
IWM191101P156,2019-10-28,2019-10-28 09:35:01,0.91,0.7109,260,0.88,0.6875,95,1.0,0.7812,1,0.895,0.6992,1,0
IWM191101P156,2019-10-28,2019-10-28 09:35:02,0.91,0.7109,33,0.88,0.6875,95,1.0,0.7812,1,0.895,0.6992,1,0
IWM191101P156,2019-10-28,2019-10-28 09:35:02,0.91,0.7109,33,0.88,0.6875,150,1.0,0.7812,1,0.895,0.6992,1,0
IWM191101P156,2019-10-28,2019-10-28 09:35:03,0.91,0.7109,199,0.88,0.6875,80,1.0,0.7812,1,0.895,0.6992,1,0
IWM191101P156,2019-10-28,2019-10-28 09:35:03,0.91,0.7109,31,0.88,0.6875,350,1.0,0.7812,1,0.895,0.6992,1,0
IWM191101P156,2019-10-28,2019-10-28 09:35:04,0.91,0.7109,402,0.88,0.6875,80,1.0,0.7812,1,0.895,0.6992,1,0
IWM191101P156,2019-10-28,2019-10-28 09:35:04,0.91,0.7109,441,0.88,0.6875,123,1.0,0.7812,1,0.895,0.6992,1,0
IWM191101P156,2019-10-28,2019-10-28 09:35:05,0.91,0.7109,219,0.89,0.6953,31,1.0,0.7812,1,0.9,0.7031,1,0
IWM191101P156,2019-10-28,2019-10-28 09:35:05,0.91,0.7109,12,0.89,0.6953,69,1.0,0.7812,1,0.9,0.7031,1,0
IWM191101P156,2019-10-28,2019-10-28 09:35:06,0.91,0.7109,18,0.89,0.6953,69,1.0,0.7812,1,0.9,0.7031,1,0
IWM191101P156,2019-10-28,2019-10-28 09:35:06,0.91,0.7109,20,0.89,0.6953,112,1.0,0.7812,1,0.9,0.7031,1,0
IWM191101P156,2019-10-28,2019-10-28 09:35:07,0.91,0.7109,18,0.89,0.6953,172,1.0,0.7812,1,0.9,0.7031,1,0
IWM191101P156,2019-10-28,2019-10-28 09:35:07,0.91,0.7109,18,0.89,0.6953,111,1.0,0.7812,1,0.9,0.7031,1,0
IWM191101P156,2019-10-28,2019-10-28 09:35:08,0.91,0.7109,40,0.89,0.6953,94,1.0,0.7812,1,0.9,0.7031,1,0
IWM191101P156,2019-10-28,2019-10-28 09:35:08,0.91,0.7109,18,0.89,0.6953,94,1.0,0.7812,1,0.9,0.7031,1,0
IWM191101P156,2019-10-28,2019-10-28 09:35:09,0.91,0.7109,30,0.89,0.6953,237,1.0,0.7812,1,0.9,0.7031,1,0
IWM191101P156,2019-10-28,2019-10-28 09:35:10,0.92,0.7187,52,0.89,0.6953,308,1.0,0.7812,1,0.905,0.707,1,0
IWM191101P156,2019-10-28,2019-10-28 09:35:10,0.92,0.7187,53,0.89,0.6953,308,1.0,0.7812,1,0.905,0.707,1,0
IWM191101P156,2019-10-28,2019-10-28 09:35:11,0.92,0.7187,55,0.9,0.7031,80,1.0,0.7812,1,0.91,0.7109,1,0
IWM191101P156,2019-10-28,2019-10-28 09:35:11,0.92,0.7187,37,0.9,0.7031,80,1.0,0.7812,1,0.91,0.7109,1,0
IWM191101P156,2019-10-28,2019-10-28 09:35:12,0.92,0.7187,245,0.89,0.6953,105,1.0,0.7812,1,0.905,0.707,1,0
IWM191101P156,2019-10-28,2019-10-28 09:35:12,0.92,0.7187,274,0.89,0.6953,105,1.0,0.7812,1,0.905,0.707,1,0
IWM191101P156,2019-10-28,2019-10-28 09:35:13,0.92,0.7187,60,0.89,0.6953,346,1.0,0.7812,1,0.905,0.707,1,0
IWM191101P156,2019-10-28,2019-10-28 09:35:13,0.92,0.7187,116,0.89,0.6953,302,1.0,0.7812,1,0.905,0.707,1,0
IWM191101P156,2019-10-28,2019-10-28 09:35:14,0.92,0.7187,356,0.89,0.6953,210,1.0,0.7812,1,0.905,0.707,1,0
IWM191101P156,2019-10-28,2019-10-28 09:35:14,0.92,0.7187,329,0.89,0.6953,210,1.0,0.7812,1,0.905,0.707,1,0
IWM191101P156,2019-10-28,2019-10-28 09:35:15,0.91,0.7109,546,0.87,0.6796,298,1.0,0.7812,1,0.89,0.6953,1,0
IWM191101P156,2019-10-28,2019-10-28 09:35:15,0.92,0.7187,396,0.89,0.6953,149,1.0,0.7812,1,0.905,0.707,1,0
IWM191101P156,2019-10-28,2019-10-28 09:35:16,0.91,0.7109,556,0.88,0.6875,136,1.0,0.7812,1,0.895,0.6992,1,0
IWM191101P156,2019-10-28,2019-10-28 09:35:16,0.91,0.7109,517,0.88,0.6875,226,1.0,0.7812,1,0.895,0.6992,1,0
IWM191101P156,2019-10-28,2019-10-28 09:35:17,0.91,0.7109,357,0.88,0.6875,328,1.0,0.7812,1,0.895,0.6992,1,0
IWM191101P156,2019-10-28,2019-10-28 09:35:17,0.91,0.7109,444,0.88,0.6875,182,1.0,0.7812,1,0.895,0.6992,1,0
IWM191101P156,2019-10-28,2019-10-28 09:35:18,0.91,0.7109,357,0.88,0.6875,328,1.0,0.7812,1,0.895,0.6992,1,0
IWM191101P156,2019-10-28,2019-10-28 09:35:18,0.91,0.7109,357,0.89,0.6953,174,1.0,0.7812,1,0.9,0.7031,1,0
IWM191101P156,2019-10-28,2019-10-28 09:35:19,0.91,0.7109,357,0.89,0.6953,106,1.0,0.7812,1,0.9,0.7031,1,0
IWM191101P156,2019-10-28,2019-10-28 09:35:20,0.91,0.7109,357,0.89,0.6953,199,1.0,0.7812,1,0.9,0.7031,1,0
IWM191101P156,2019-10-28,2019-10-28 09:35:20,0.92,0.7187,98,0.89,0.6953,496,1.0,0.7812,1,0.905,0.707,1,0
IWM191101P156,2019-10-28,2019-10-28 09:35:21,0.92,0.7187,77,0.89,0.6953,482,1.0,0.7812,1,0.905,0.707,1,0
IWM191101P156,2019-10-28,2019-10-28 09:35:21,0.92,0.7187,78,0.89,0.6953,433,1.0,0.7812,1,0.905,0.707,1,0
IWM191101P156,2019-10-28,2019-10-28 09:35:22,0.92,0.7187,157,0.89,0.6953,462,1.0,0.7812,1,0.905,0.707,1,0
IWM191101P156,2019-10-28,2019-10-28 09:35:22,0.92,0.7187,110,0.89,0.6953,433,1.0,0.7812,1,0.905,0.707,1,0
IWM191101P156,2019-10-28,2019-10-28 09:35:23,0.92,0.7187,157,0.89,0.6953,342,1.0,0.7812,1,0.905,0.707,1,0
IWM191101P156,2019-10-28,2019-10-28 09:35:24,0.92,0.7187,247,0.89,0.6953,297,1.0,0.7812,1,0.905,0.707,1,0
IWM191101P156,2019-10-28,2019-10-28 09:35:24,0.92,0.7187,159,0.89,0.6953,297,1.0,0.7812,1,0.905,0.707,1,0
IWM191101P156,2019-10-28,2019-10-28 09:35:25,0.92,0.7187,247,0.89,0.6953,140,1.0,0.7812,1,0.905,0.707,1,0
IWM191101P156,2019-10-28,2019-10-28 09:35:25,0.92,0.7187,247,0.89,0.6953,297,1.0,0.7812,1,0.905,0.707,1,0
IWM191101P156,2019-10-28,2019-10-28 09:35:26,0.92,0.7187,181,0.89,0.6953,140,1.0,0.7812,1,0.905,0.707,1,0
IWM191101P156,2019-10-28,2019-10-28 09:35:27,0.92,0.7187,99,0.89,0.6953,99,1.0,0.7812,1,0.905,0.707,1,0
IWM191101P156,2019-10-28,2019-10-28 09:35:28,0.92,0.7187,95,0.89,0.6953,110,1.0,0.7812,1,0.905,0.707,1,0
IWM191101P156,2019-10-28,2019-10-28 09:35:28,0.92,0.7187,85,0.89,0.6953,192,1.0,0.7812,1,0.905,0.707,1,0
IWM191101P156,2019-10-28,2019-10-28 09:35:29,0.92,0.7187,79,0.89,0.6953,192,1.0,0.7812,1,0.905,0.707,1,0
IWM191101P156,2019-10-28,2019-10-28 09:35:29,0.92,0.7187,79,0.89,0.6953,308,1.0,0.7812,1,0.905,0.707,1,0
IWM191101P156,2019-10-28,2019-10-28 09:35:30,0.92,0.7187,196,0.89,0.6953,99,1.0,0.7812,1,0.905,0.707,1,0
IWM191101P156,2019-10-28,2019-10-28 09:35:30,0.92,0.7187,99,0.89,0.6953,211,1.0,0.7812,1,0.905,0.707,1,0
IWM191101P156,2019-10-28,2019-10-28 09:35:31,0.92,0.7187,79,0.89,0.6953,465,1.0,0.7812,1,0.905,0.707,1,0
IWM191101P156,2019-10-28,2019-10-28 09:35:31,0.92,0.7187,99,0.89,0.6953,211,1.0,0.7812,1,0.905,0.707,1,0
IWM191101P156,2019-10-28,2019-10-28 09:35:32,0.92,0.7187,80,0.9,0.7031,61,1.0,0.7812,1,0.91,0.7109,1,0
IWM191101P156,2019-10-28,2019-10-28 09:35:33,0.94,0.7343,42,0.91,0.7109,122,1.0,0.7812,1,0.925,0.7226,1,0
IWM191101P156,2019-10-28,2019-10-28 09:35:33,0.94,0.7343,42,0.91,0.7109,125,1.0,0.7812,1,0.925,0.7226,1,0
IWM191101P156,2019-10-28,2019-10-28 09:35:34,0.93,0.7265,100,0.91,0.7109,62,1.0,0.7812,1,0.92,0.7187,1,0
IWM191101P156,2019-10-28,2019-10-28 09:35:34,0.93,0.7265,106,0.91,0.7109,40,1.0,0.7812,1,0.92,0.7187,1,0
IWM191101P156,2019-10-28,2019-10-28 09:35:35,0.93,0.7265,88,0.91,0.7109,124,1.0,0.7812,1,0.92,0.7187,1,0
IWM191101P156,2019-10-28,2019-10-28 09:35:35,0.93,0.7265,106,0.91,0.7109,40,1.0,0.7812,1,0.92,0.7187,1,0
IWM191101P156,2019-10-28,2019-10-28 09:35:36,0.93,0.7265,188,0.91,0.7109,10,1.0,0.7812,1,0.92,0.7187,1,0
IWM191101P156,2019-10-28,2019-10-28 09:35:36,0.93,0.7265,105,0.91,0.7109,69,1.0,0.7812,1,0.92,0.7187,1,0
IWM191101P156,2019-10-28,2019-10-28 09:35:37,0.93,0.7265,265,0.91,0.7109,10,1.0,0.7812,1,0.92,0.7187,1,0
IWM191101P156,2019-10-28,2019-10-28 09:35:38,0.93,0.7265,295,0.91,0.7109,10,1.0,0.7812,1,0.92,0.7187,1,0
IWM191101P156,2019-10-28,2019-10-28 09:35:38,0.93,0.7265,380,0.91,0.7109,10,1.0,0.7812,1,0.92,0.7187,1,0
IWM191101P156,2019-10-28,2019-10-28 09:35:39,0.93,0.7265,510,0.89,0.6953,166,1.0,0.7812,1,0.91,0.7109,1,0
IWM191101P156,2019-10-28,2019-10-28 09:35:39,0.93,0.7265,475,0.89,0.6953,166,1.0,0.7812,1,0.91,0.7109,1,0
IWM191101P156,2019-10-28,2019-10-28 09:35:40,0.93,0.7265,724,0.89,0.6953,166,1.0,0.7812,1,0.91,0.7109,1,0
IWM191101P156,2019-10-28,2019-10-28 09:35:41,0.92,0.7187,173,0.89,0.6953,90,1.0,0.7812,1,0.905,0.707,1,0
IWM191101P156,2019-10-28,2019-10-28 09:35:41,0.92,0.7187,195,0.89,0.6953,108,1.0,0.7812,1,0.905,0.707,1,0
IWM191101P156,2019-10-28,2019-10-28 09:35:42,0.92,0.7187,274,0.89,0.6953,62,1.0,0.7812,1,0.905,0.707,1,0
IWM191101P156,2019-10-28,2019-10-28 09:35:42,0.92,0.7187,271,0.89,0.6953,108,1.0,0.7812,1,0.905,0.707,1,0
IWM191101P156,2019-10-28,2019-10-28 09:35:43,0.92,0.7187,302,0.89,0.6953,78,1.0,0.7812,1,0.905,0.707,1,0
IWM191101P156,2019-10-28,2019-10-28 09:35:44,0.92,0.7187,246,0.89,0.6953,161,1.0,0.7812,1,0.905,0.707,1,0
IWM191101P156,2019-10-28,2019-10-28 09:35:44,0.92,0.7187,80,0.9,0.7031,45,1.0,0.7812,1,0.91,0.7109,1,0
IWM191101P156,2019-10-28,2019-10-28 09:35:45,0.92,0.7187,80,0.87,0.6796,20,1.0,0.7812,1,0.895,0.6992,1,0
IWM191101P156,2019-10-28,2019-10-28 09:35:45,0.92,0.7187,98,0.88,0.6875,187,1.0,0.7812,1,0.9,0.7031,1,0
IWM191101P156,2019-10-28,2019-10-28 09:35:46,0.91,0.7109,90,0.89,0.6953,78,1.0,0.7812,1,0.9,0.7031,1,0
IWM191101P156,2019-10-28,2019-10-28 09:35:46,0.91,0.7109,80,0.89,0.6953,127,1.0,0.7812,1,0.9,0.7031,1,0
IWM191101P156,2019-10-28,2019-10-28 09:35:47,0.91,0.7109,80,0.89,0.6953,127,1.0,0.7812,1,0.9,0.7031,1,0
IWM191101P156,2019-10-28,2019-10-28 09:35:47,0.92,0.7187,59,0.89,0.6953,195,1.0,0.7812,1,0.905,0.707,1,0
IWM191101P156,2019-10-28,2019-10-28 09:35:48,0.92,0.7187,100,0.89,0.6953,257,1.0,0.7812,1,0.905,0.707,1,0
IWM191101P156,2019-10-28,2019-10-28 09:35:48,0.92,0.7187,159,0.89,0.6953,288,1.0,0.7812,1,0.905,0.707,1,0
IWM191101P156,2019-10-28,2019-10-28 09:35:49,0.92,0.7187,70,0.89,0.6953,418,1.0,0.7812,1,0.905,0.707,1,0
IWM191101P156,2019-10-28,2019-10-28 09:35:50,0.92,0.7187,69,0.89,0.6953,418,1.0,0.7812,1,0.905,0.707,1,0
IWM191101P156,2019-10-28,2019-10-28 09:35:50,0.92,0.7187,70,0.89,0.6953,418,1.0,0.7812,1,0.905,0.707,1,0
IWM191101P156,2019-10-28,2019-10-28 09:35:51,0.92,0.7187,125,0.9,0.7031,115,1.0,0.7812,1,0.91,0.7109,1,0
IWM191101P156,2019-10-28,2019-10-28 09:35:51,0.92,0.7187,105,0.89,0.6953,297,1.0,0.7812,1,0.905,0.707,1,0
IWM191101P156,2019-10-28,2019-10-28 09:35:52,0.92,0.7187,75,0.9,0.7031,70,1.0,0.7812,1,0.91,0.7109,1,0
IWM191101P156,2019-10-28,2019-10-28 09:35:52,0.92,0.7187,69,0.9,0.7031,95,1.0,0.7812,1,0.91,0.7109,1,0
IWM191101P156,2019-10-28,2019-10-28 09:35:53,0.92,0.7187,1,0.9,0.7031,248,1.0,0.7812,1,0.91,0.7109,1,0
IWM191101P156,2019-10-28,2019-10-28 09:35:53,0.92,0.7187,20,0.9,0.7031,88,1.0,0.7812,1,0.91,0.7109,1,0
IWM191101P156,2019-10-28,2019-10-28 09:35:54,0.92,0.7187,20,0.9,0.7031,259,1.0,0.7812,1,0.91,0.7109,1,0
IWM191101P156,2019-10-28,2019-10-28 09:35:54,0.92,0.7187,1,0.9,0.7031,259,1.0,0.7812,1,0.91,0.7109,1,0
IWM191101P156,2019-10-28,2019-10-28 09:35:55,0.92,0.7187,20,0.91,0.7109,18,1.0,0.7812,1,0.915,0.7148,1,0
IWM191101P156,2019-10-28,2019-10-28 09:35:55,0.92,0.7187,20,0.9,0.7031,239,1.0,0.7812,1,0.91,0.7109,1,0
IWM191101P156,2019-10-28,2019-10-28 09:35:56,0.93,0.7265,46,0.88,0.6875,45,0.92,0.7187,10,0.905,0.707,12,11
IWM191101P156,2019-10-28,2019-10-28 09:35:56,0.93,0.7265,128,0.9,0.7031,100,0.92,0.7187,10,0.915,0.7148,12,0
IWM191101P156,2019-10-28,2019-10-28 09:35:57,0.93,0.7265,156,0.9,0.7031,145,0.92,0.7187,10,0.915,0.7148,12,0
IWM191101P156,2019-10-28,2019-10-28 09:35:57,0.93,0.7265,228,0.9,0.7031,100,0.92,0.7187,10,0.915,0.7148,12,0
IWM191101P156,2019-10-28,2019-10-28 09:35:58,0.93,0.7265,108,0.9,0.7031,126,0.92,0.7187,10,0.915,0.7148,12,0
IWM191101P156,2019-10-28,2019-10-28 09:35:58,0.93,0.7265,156,0.9,0.7031,80,0.92,0.7187,10,0.915,0.7148,12,0
IWM191101P156,2019-10-28,2019-10-28 09:35:59,0.93,0.7265,230,0.9,0.7031,80,0.92,0.7187,10,0.915,0.7148,12,0
IWM191101P156,2019-10-28,2019-10-28 09:35:59,0.93,0.7265,156,0.9,0.7031,80,0.92,0.7187,10,0.915,0.7148,12,0
IWM191101P156,2019-10-28,2019-10-28 09:36:00,0.92,0.7187,38,0.9,0.7031,106,0.92,0.7187,10,0.91,0.7109,12,0
IWM191101P156,2019-10-28,2019-10-28 09:36:00,0.92,0.7187,42,0.9,0.7031,106,0.92,0.7187,10,0.91,0.7109,12,0
IWM191101P156,2019-10-28,2019-10-28 09:36:01,0.94,0.7343,65,0.91,0.7109,115,0.92,0.7187,10,0.925,0.7226,12,0
IWM191101P156,2019-10-28,2019-10-28 09:36:01,0.94,0.7343,65,0.9,0.7031,105,0.92,0.7187,10,0.92,0.7187,12,0
IWM191101P156,2019-10-28,2019-10-28 09:36:02,0.94,0.7343,124,0.91,0.7109,115,0.92,0.7187,10,0.925,0.7226,12,0
IWM191101P156,2019-10-28,2019-10-28 09:36:02,0.93,0.7265,100,0.91,0.7109,69,0.92,0.7187,10,0.92,0.7187,12,0
IWM191101P156,2019-10-28,2019-10-28 09:36:03,0.93,0.7265,107,0.91,0.7109,69,0.92,0.7187,10,0.92,0.7187,12,0
IWM191101P156,2019-10-28,2019-10-28 09:36:04,0.93,0.7265,175,0.9,0.7031,80,0.92,0.7187,10,0.915,0.7148,12,0
IWM191101P156,2019-10-28,2019-10-28 09:36:04,0.94,0.7343,18,0.9,0.7031,38,0.92,0.7187,10,0.92,0.7187,12,0
IWM191101P156,2019-10-28,2019-10-28 09:36:05,0.95,0.7421,121,0.92,0.7187,18,0.92,0.7187,10,0.935,0.7304,12,0
IWM191101P156,2019-10-28,2019-10-28 09:36:05,0.94,0.7343,28,0.91,0.7109,319,0.92,0.7187,10,0.925,0.7226,12,0
IWM191101P156,2019-10-28,2019-10-28 09:36:06,0.94,0.7343,343,0.91,0.7109,91,0.92,0.7187,10,0.925,0.7226,12,0
IWM191101P156,2019-10-28,2019-10-28 09:36:06,0.94,0.7343,136,0.91,0.7109,134,0.92,0.7187,10,0.925,0.7226,12,0
IWM191101P156,2019-10-28,2019-10-28 09:36:07,0.94,0.7343,230,0.91,0.7109,140,0.92,0.7187,10,0.925,0.7226,12,0
IWM191101P156,2019-10-28,2019-10-28 09:36:07,0.94,0.7343,252,0.91,0.7109,262,0.92,0.7187,10,0.925,0.7226,12,0
IWM191101P156,2019-10-28,2019-10-28 09:36:08,0.94,0.7343,252,0.91,0.7109,276,0.92,0.7187,10,0.925,0.7226,12,0
IWM191101P156,2019-10-28,2019-10-28 09:36:09,0.94,0.7343,455,0.91,0.7109,307,0.92,0.7187,10,0.925,0.7226,12,0
IWM191101P156,2019-10-28,2019-10-28 09:36:09,0.94,0.7343,252,0.91,0.7109,276,0.92,0.7187,10,0.925,0.7226,12,0
IWM191101P156,2019-10-28,2019-10-28 09:36:10,0.94,0.7343,430,0.91,0.7109,307,0.92,0.7187,10,0.925,0.7226,12,0
IWM191101P156,2019-10-28,2019-10-28 09:36:10,0.94,0.7343,385,0.91,0.7109,83,0.92,0.7187,10,0.925,0.7226,12,0
IWM191101P156,2019-10-28,2019-10-28 09:36:11,0.94,0.7343,361,0.91,0.7109,298,0.92,0.7187,10,0.925,0.7226,12,0
IWM191101P156,2019-10-28,2019-10-28 09:36:11,0.94,0.7343,377,0.91,0.7109,217,0.92,0.7187,10,0.925,0.7226,12,0
IWM191101P156,2019-10-28,2019-10-28 09:36:12,0.94,0.7343,532,0.91,0.7109,94,0.92,0.7187,10,0.925,0.7226,12,0
IWM191101P156,2019-10-28,2019-10-28 09:36:12,0.94,0.7343,550,0.91,0.7109,199,0.92,0.7187,10,0.925,0.7226,12,0
IWM191101P156,2019-10-28,2019-10-28 09:36:13,0.94,0.7343,646,0.91,0.7109,54,0.92,0.7187,10,0.925,0.7226,12,0
IWM191101P156,2019-10-28,2019-10-28 09:36:13,0.94,0.7343,550,0.91,0.7109,54,0.92,0.7187,10,0.925,0.7226,12,0
IWM191101P156,2019-10-28,2019-10-28 09:36:14,0.92,0.7187,77,0.9,0.7031,73,0.92,0.7187,10,0.91,0.7109,12,0
IWM191101P156,2019-10-28,2019-10-28 09:36:14,0.94,0.7343,646,0.91,0.7109,54,0.92,0.7187,10,0.925,0.7226,12,0
IWM191101P156,2019-10-28,2019-10-28 09:36:15,0.92,0.7187,77,0.9,0.7031,140,0.92,0.7187,10,0.91,0.7109,12,0
IWM191101P156,2019-10-28,2019-10-28 09:36:15,0.92,0.7187,20,0.9,0.7031,257,0.92,0.7187,10,0.91,0.7109,12,0
IWM191101P156,2019-10-28,2019-10-28 09:36:16,0.93,0.7265,38,0.9,0.7031,267,0.92,0.7187,10,0.915,0.7148,12,0
IWM191101P156,2019-10-28,2019-10-28 09:36:16,0.93,0.7265,36,0.9,0.7031,646,0.92,0.7187,10,0.915,0.7148,12,0
IWM191101P156,2019-10-28,2019-10-28 09:36:17,0.93,0.7265,41,0.91,0.7109,80,0.92,0.7187,10,0.92,0.7187,12,0
IWM191101P156,2019-10-28,2019-10-28 09:36:18,0.93,0.7265,67,0.91,0.7109,80,0.92,0.7187,10,0.92,0.7187,12,0
IWM191101P156,2019-10-28,2019-10-28 09:36:18,0.93,0.7265,57,0.91,0.7109,80,0.92,0.7187,10,0.92,0.7187,12,0
IWM191101P156,2019-10-28,2019-10-28 09:36:19,0.93,0.7265,84,0.91,0.7109,80,0.92,0.7187,10,0.92,0.7187,12,0
IWM191101P156,2019-10-28,2019-10-28 09:36:19,0.93,0.7265,84,0.91,0.7109,105,0.92,0.7187,10,0.92,0.7187,12,0
IWM191101P156,2019-10-28,2019-10-28 09:36:20,0.93,0.7265,84,0.91,0.7109,105,0.92,0.7187,10,0.92,0.7187,12,0
IWM191101P156,2019-10-28,2019-10-28 09:36:21,0.93,0.7265,84,0.91,0.7109,105,0.92,0.7187,10,0.92,0.7187,12,0
IWM191101P156,2019-10-28,2019-10-28 09:36:22,0.93,0.7265,84,0.91,0.7109,105,0.92,0.7187,10,0.92,0.7187,12,0
IWM191101P156,2019-10-28,2019-10-28 09:36:22,0.93,0.7265,97,0.91,0.7109,105,0.92,0.7187,10,0.92,0.7187,12,0
IWM191101P156,2019-10-28,2019-10-28 09:36:23,0.93,0.7265,101,0.91,0.7109,105,0.92,0.7187,10,0.92,0.7187,12,0
IWM191101P156,2019-10-28,2019-10-28 09:36:24,0.93,0.7265,101,0.91,0.7109,105,0.92,0.7187,10,0.92,0.7187,12,0
IWM191101P156,2019-10-28,2019-10-28 09:36:24,0.93,0.7265,111,0.91,0.7109,22,0.92,0.7187,10,0.92,0.7187,12,0
IWM191101P156,2019-10-28,2019-10-28 09:36:25,0.92,0.7187,194,0.89,0.6953,60,0.92,0.7187,10,0.905,0.707,12,0
IWM191101P156,2019-10-28,2019-10-28 09:36:25,0.93,0.7265,377,0.9,0.7031,28,0.92,0.7187,10,0.915,0.7148,12,0
IWM191101P156,2019-10-28,2019-10-28 09:36:26,0.9,0.7031,20,0.88,0.6875,18,0.92,0.7187,10,0.89,0.6953,12,0
IWM191101P156,2019-10-28,2019-10-28 09:36:27,0.9,0.7031,163,0.87,0.6796,140,0.92,0.7187,10,0.885,0.6914,12,0
IWM191101P156,2019-10-28,2019-10-28 09:36:27,0.9,0.7031,198,0.87,0.6796,48,0.92,0.7187,10,0.885,0.6914,12,0
IWM191101P156,2019-10-28,2019-10-28 09:36:28,0.9,0.7031,293,0.87,0.6796,315,0.92,0.7187,10,0.885,0.6914,12,0
IWM191101P156,2019-10-28,2019-10-28 09:36:28,0.9,0.7031,163,0.87,0.6796,140,0.92,0.7187,10,0.885,0.6914,12,0
IWM191101P156,2019-10-28,2019-10-28 09:36:29,0.9,0.7031,233,0.87,0.6796,201,0.92,0.7187,10,0.885,0.6914,12,0
IWM191101P156,2019-10-28,2019-10-28 09:36:29,0.9,0.7031,441,0.87,0.6796,254,0.92,0.7187,10,0.885,0.6914,12,0
IWM191101P156,2019-10-28,2019-10-28 09:36:30,0.9,0.7031,20,0.87,0.6796,672,0.92,0.7187,10,0.885,0.6914,12,0
IWM191101P156,2019-10-28,2019-10-28 09:36:30,0.9,0.7031,20,0.87,0.6796,210,0.92,0.7187,10,0.885,0.6914,12,0
IWM191101P156,2019-10-28,2019-10-28 09:36:31,0.9,0.7031,276,0.87,0.6796,283,0.92,0.7187,10,0.885,0.6914,12,0
IWM191101P156,2019-10-28,2019-10-28 09:36:31,0.9,0.7031,189,0.87,0.6796,266,0.92,0.7187,10,0.885,0.6914,12,0
IWM191101P156,2019-10-28,2019-10-28 09:36:32,0.9,0.7031,719,0.87,0.6796,98,0.92,0.7187,10,0.885,0.6914,12,0
IWM191101P156,2019-10-28,2019-10-28 09:36:32,0.9,0.7031,719,0.87,0.6796,133,0.92,0.7187,10,0.885,0.6914,12,0
IWM191101P156,2019-10-28,2019-10-28 09:36:33,0.9,0.7031,580,0.87,0.6796,146,0.92,0.7187,10,0.885,0.6914,12,0
IWM191101P156,2019-10-28,2019-10-28 09:36:33,0.9,0.7031,433,0.87,0.6796,146,0.92,0.7187,10,0.885,0.6914,12,0
IWM191101P156,2019-10-28,2019-10-28 09:36:34,0.9,0.7031,562,0.87,0.6796,81,0.92,0.7187,10,0.885,0.6914,12,0
IWM191101P156,2019-10-28,2019-10-28 09:36:34,0.9,0.7031,562,0.87,0.6796,196,0.92,0.7187,10,0.885,0.6914,12,0
IWM191101P156,2019-10-28,2019-10-28 09:36:35,0.9,0.7031,403,0.87,0.6796,105,0.92,0.7187,10,0.885,0.6914,12,0
IWM191101P156,2019-10-28,2019-10-28 09:36:35,0.9,0.7031,403,0.87,0.6796,93,0.92,0.7187,10,0.885,0.6914,12,0
IWM191101P156,2019-10-28,2019-10-28 09:36:36,0.9,0.7031,535,0.87,0.6796,140,0.92,0.7187,10,0.885,0.6914,12,0
IWM191101P156,2019-10-28,2019-10-28 09:36:36,0.9,0.7031,600,0.87,0.6796,88,0.92,0.7187,10,0.885,0.6914,12,0
IWM191101P156,2019-10-28,2019-10-28 09:36:37,0.9,0.7031,600,0.87,0.6796,88,0.92,0.7187,10,0.885,0.6914,12,0
IWM191101P156,2019-10-28,2019-10-28 09:36:38,0.9,0.7031,20,0.87,0.6796,554,0.92,0.7187,10,0.885,0.6914,12,0
IWM191101P156,2019-10-28,2019-10-28 09:36:38,0.9,0.7031,600,0.87,0.6796,132,0.92,0.7187,10,0.885,0.6914,12,0
IWM191101P156,2019-10-28,2019-10-28 09:36:39,0.91,0.7109,179,0.88,0.6875,115,0.92,0.7187,10,0.895,0.6992,12,0
IWM191101P156,2019-10-28,2019-10-28 09:36:39,0.91,0.7109,153,0.88,0.6875,108,0.92,0.7187,10,0.895,0.6992,12,0
IWM191101P156,2019-10-28,2019-10-28 09:36:40,0.91,0.7109,155,0.88,0.6875,212,0.92,0.7187,10,0.895,0.6992,12,0
IWM191101P156,2019-10-28,2019-10-28 09:36:41,0.9,0.7031,26,0.88,0.6875,93,0.92,0.7187,10,0.89,0.6953,12,0
IWM191101P156,2019-10-28,2019-10-28 09:36:41,0.91,0.7109,155,0.88,0.6875,198,0.92,0.7187,10,0.895,0.6992,12,0
IWM191101P156,2019-10-28,2019-10-28 09:36:42,0.9,0.7031,26,0.88,0.6875,93,0.92,0.7187,10,0.89,0.6953,12,0
IWM191101P156,2019-10-28,2019-10-28 09:36:42,0.9,0.7031,26,0.88,0.6875,27,0.92,0.7187,10,0.89,0.6953,12,0
IWM191101P156,2019-10-28,2019-10-28 09:36:43,0.9,0.7031,82,0.88,0.6875,7,0.92,0.7187,10,0.89,0.6953,12,0
IWM191101P156,2019-10-28,2019-10-28 09:36:43,0.9,0.7031,82,0.88,0.6875,18,0.92,0.7187,10,0.89,0.6953,12,0
IWM191101P156,2019-10-28,2019-10-28 09:36:44,0.9,0.7031,105,0.87,0.6796,192,0.92,0.7187,10,0.885,0.6914,12,0
IWM191101P156,2019-10-28,2019-10-28 09:36:44,0.9,0.7031,82,0.88,0.6875,18,0.92,0.7187,10,0.89,0.6953,12,0
IWM191101P156,2019-10-28,2019-10-28 09:36:45,0.9,0.7031,105,0.87,0.6796,221,0.92,0.7187,10,0.885,0.6914,12,0
IWM191101P156,2019-10-28,2019-10-28 09:36:46,0.9,0.7031,96,0.87,0.6796,480,0.92,0.7187,10,0.885,0.6914,12,0
IWM191101P156,2019-10-28,2019-10-28 09:36:46,0.9,0.7031,119,0.87,0.6796,608,0.92,0.7187,10,0.885,0.6914,12,0
IWM191101P156,2019-10-28,2019-10-28 09:36:47,0.9,0.7031,84,0.88,0.6875,51,0.92,0.7187,10,0.89,0.6953,12,0
IWM191101P156,2019-10-28,2019-10-28 09:36:48,0.9,0.7031,170,0.87,0.6796,56,0.92,0.7187,10,0.885,0.6914,12,0
IWM191101P156,2019-10-28,2019-10-28 09:36:48,0.89,0.6953,383,0.86,0.6718,6,0.92,0.7187,10,0.875,0.6835,12,0
IWM191101P156,2019-10-28,2019-10-28 09:36:49,0.88,0.6875,20,0.85,0.664,118,0.92,0.7187,10,0.865,0.6757,12,0
IWM191101P156,2019-10-28,2019-10-28 09:36:49,0.88,0.6875,20,0.86,0.6718,18,0.92,0.7187,10,0.87,0.6796,12,0
IWM191101P156,2019-10-28,2019-10-28 09:36:50,0.89,0.6953,353,0.86,0.6718,175,0.92,0.7187,10,0.875,0.6835,12,0
IWM191101P156,2019-10-28,2019-10-28 09:36:50,0.89,0.6953,62,0.86,0.6718,97,0.92,0.7187,10,0.875,0.6835,12,0
IWM191101P156,2019-10-28,2019-10-28 09:36:51,0.89,0.6953,571,0.86,0.6718,194,0.92,0.7187,10,0.875,0.6835,12,0
IWM191101P156,2019-10-28,2019-10-28 09:36:51,0.89,0.6953,571,0.86,0.6718,139,0.92,0.7187,10,0.875,0.6835,12,0
IWM191101P156,2019-10-28,2019-10-28 09:36:52,0.88,0.6875,48,0.86,0.6718,24,0.92,0.7187,10,0.87,0.6796,12,0
IWM191101P156,2019-10-28,2019-10-28 09:36:52,0.88,0.6875,126,0.86,0.6718,24,0.92,0.7187,10,0.87,0.6796,12,0
IWM191101P156,2019-10-28,2019-10-28 09:36:53,0.88,0.6875,126,0.86,0.6718,37,0.92,0.7187,10,0.87,0.6796,12,0
IWM191101P156,2019-10-28,2019-10-28 09:36:53,0.88,0.6875,126,0.86,0.6718,40,0.92,0.7187,10,0.87,0.6796,12,0
IWM191101P156,2019-10-28,2019-10-28 09:36:54,0.88,0.6875,83,0.86,0.6718,24,0.92,0.7187,10,0.87,0.6796,12,0
IWM191101P156,2019-10-28,2019-10-28 09:36:55,0.89,0.6953,73,0.86,0.6718,222,0.92,0.7187,10,0.875,0.6835,12,0
IWM191101P156,2019-10-28,2019-10-28 09:36:55,0.89,0.6953,506,0.86,0.6718,367,0.92,0.7187,10,0.875,0.6835,12,0
IWM191101P156,2019-10-28,2019-10-28 09:36:56,0.89,0.6953,506,0.86,0.6718,71,0.92,0.7187,10,0.875,0.6835,12,0
IWM191101P156,2019-10-28,2019-10-28 09:36:57,0.87,0.6796,45,0.85,0.664,36,0.92,0.7187,10,0.86,0.6718,12,0
IWM191101P156,2019-10-28,2019-10-28 09:36:57,0.88,0.6875,145,0.85,0.664,161,0.92,0.7187,10,0.865,0.6757,12,0
IWM191101P156,2019-10-28,2019-10-28 09:36:58,0.87,0.6796,163,0.85,0.664,40,0.92,0.7187,10,0.86,0.6718,12,0
IWM191101P156,2019-10-28,2019-10-28 09:36:59,0.87,0.6796,163,0.85,0.664,40,0.92,0.7187,10,0.86,0.6718,12,0
IWM191101P156,2019-10-28,2019-10-28 09:37:00,0.87,0.6796,503,0.84,0.6562,450,0.92,0.7187,10,0.855,0.6679,12,0
IWM191101P156,2019-10-28,2019-10-28 09:37:00,0.87,0.6796,509,0.84,0.6562,193,0.92,0.7187,10,0.855,0.6679,12,0
IWM191101P156,2019-10-28,2019-10-28 09:37:01,0.87,0.6796,149,0.84,0.6562,415,0.92,0.7187,10,0.855,0.6679,12,0
IWM191101P156,2019-10-28,2019-10-28 09:37:01,0.87,0.6796,149,0.84,0.6562,321,0.92,0.7187,10,0.855,0.6679,12,0
IWM191101P156,2019-10-28,2019-10-28 09:37:02,0.87,0.6796,470,0.84,0.6562,441,0.92,0.7187,10,0.855,0.6679,12,0
IWM191101P156,2019-10-28,2019-10-28 09:37:02,0.87,0.6796,132,0.84,0.6562,365,0.92,0.7187,10,0.855,0.6679,12,0
IWM191101P156,2019-10-28,2019-10-28 09:37:03,0.87,0.6796,294,0.84,0.6562,400,0.92,0.7187,10,0.855,0.6679,12,0
IWM191101P156,2019-10-28,2019-10-28 09:37:03,0.87,0.6796,294,0.84,0.6562,328,0.92,0.7187,10,0.855,0.6679,12,0
IWM191101P156,2019-10-28,2019-10-28 09:37:04,0.87,0.6796,203,0.84,0.6562,434,0.92,0.7187,10,0.855,0.6679,12,0
IWM191101P156,2019-10-28,2019-10-28 09:37:04,0.86,0.6718,31,0.84,0.6562,374,0.92,0.7187,10,0.85,0.664,12,0
IWM191101P156,2019-10-28,2019-10-28 09:37:05,0.86,0.6718,117,0.84,0.6562,121,0.92,0.7187,10,0.85,0.664,12,0
IWM191101P156,2019-10-28,2019-10-28 09:37:06,0.86,0.6718,54,0.84,0.6562,240,0.92,0.7187,10,0.85,0.664,12,0
IWM191101P156,2019-10-28,2019-10-28 09:37:06,0.86,0.6718,129,0.84,0.6562,96,0.92,0.7187,10,0.85,0.664,12,0
IWM191101P156,2019-10-28,2019-10-28 09:37:07,0.86,0.6718,54,0.84,0.6562,96,0.92,0.7187,10,0.85,0.664,12,0
IWM191101P156,2019-10-28,2019-10-28 09:37:07,0.86,0.6718,20,0.84,0.6562,220,0.92,0.7187,10,0.85,0.664,12,0
IWM191101P156,2019-10-28,2019-10-28 09:37:08,0.86,0.6718,46,0.84,0.6562,311,0.92,0.7187,10,0.85,0.664,12,0
IWM191101P156,2019-10-28,2019-10-28 09:37:08,0.86,0.6718,46,0.84,0.6562,375,0.92,0.7187,10,0.85,0.664,12,0
IWM191101P156,2019-10-28,2019-10-28 09:37:09,0.86,0.6718,31,0.85,0.664,25,0.92,0.7187,10,0.855,0.6679,12,0
IWM191101P156,2019-10-28,2019-10-28 09:37:10,0.87,0.6796,285,0.84,0.6562,190,0.92,0.7187,10,0.855,0.6679,12,0
IWM191101P156,2019-10-28,2019-10-28 09:37:10,0.86,0.6718,31,0.85,0.664,25,0.92,0.7187,10,0.855,0.6679,12,0
IWM191101P156,2019-10-28,2019-10-28 09:37:11,0.87,0.6796,528,0.84,0.6562,268,0.92,0.7187,10,0.855,0.6679,12,0
IWM191101P156,2019-10-28,2019-10-28 09:37:11,0.87,0.6796,285,0.84,0.6562,96,0.92,0.7187,10,0.855,0.6679,12,0
IWM191101P156,2019-10-28,2019-10-28 09:37:12,0.87,0.6796,95,0.85,0.664,44,0.92,0.7187,10,0.86,0.6718,12,0
IWM191101P156,2019-10-28,2019-10-28 09:37:12,0.87,0.6796,408,0.85,0.664,56,0.92,0.7187,10,0.86,0.6718,12,0
IWM191101P156,2019-10-28,2019-10-28 09:37:13,0.87,0.6796,59,0.84,0.6562,87,0.92,0.7187,10,0.855,0.6679,12,0
IWM191101P156,2019-10-28,2019-10-28 09:37:14,0.87,0.6796,126,0.84,0.6562,159,0.92,0.7187,10,0.855,0.6679,12,0
IWM191101P156,2019-10-28,2019-10-28 09:37:14,0.87,0.6796,317,0.84,0.6562,196,0.92,0.7187,10,0.855,0.6679,12,0
IWM191101P156,2019-10-28,2019-10-28 09:37:15,0.87,0.6796,95,0.84,0.6562,185,0.92,0.7187,10,0.855,0.6679,12,0
IWM191101P156,2019-10-28,2019-10-28 09:37:15,0.87,0.6796,376,0.84,0.6562,140,0.92,0.7187,10,0.855,0.6679,12,0
IWM191101P156,2019-10-28,2019-10-28 09:37:16,0.87,0.6796,693,0.84,0.6562,18,0.92,0.7187,10,0.855,0.6679,12,0
IWM191101P156,2019-10-28,2019-10-28 09:37:17,0.86,0.6718,281,0.83,0.6484,357,0.92,0.7187,10,0.845,0.6601,12,0
IWM191101P156,2019-10-28,2019-10-28 09:37:17,0.86,0.6718,75,0.84,0.6562,18,0.92,0.7187,10,0.85,0.664,12,0
IWM191101P156,2019-10-28,2019-10-28 09:37:18,0.86,0.6718,417,0.83,0.6484,472,0.92,0.7187,10,0.845,0.6601,12,0
IWM191101P156,2019-10-28,2019-10-28 09:37:18,0.86,0.6718,259,0.83,0.6484,399,0.92,0.7187,10,0.845,0.6601,12,0
IWM191101P156,2019-10-28,2019-10-28 09:37:19,0.85,0.664,75,0.82,0.6406,138,0.92,0.7187,10,0.835,0.6523,12,0
IWM191101P156,2019-10-28,2019-10-28 09:37:19,0.85,0.664,75,0.82,0.6406,59,0.92,0.7187,10,0.835,0.6523,12,0
IWM191101P156,2019-10-28,2019-10-28 09:37:20,0.85,0.664,17,0.83,0.6484,52,0.92,0.7187,10,0.84,0.6562,12,0
IWM191101P156,2019-10-28,2019-10-28 09:37:21,0.85,0.664,49,0.83,0.6484,77,0.92,0.7187,10,0.84,0.6562,12,0
IWM191101P156,2019-10-28,2019-10-28 09:37:21,0.85,0.664,10,0.83,0.6484,78,0.92,0.7187,10,0.84,0.6562,12,0
IWM191101P156,2019-10-28,2019-10-28 09:37:22,0.86,0.6718,425,0.83,0.6484,122,0.92,0.7187,10,0.845,0.6601,12,0
IWM191101P156,2019-10-28,2019-10-28 09:37:22,0.86,0.6718,425,0.83,0.6484,96,0.92,0.7187,10,0.845,0.6601,12,0
IWM191101P156,2019-10-28,2019-10-28 09:37:23,0.86,0.6718,166,0.83,0.6484,132,0.92,0.7187,10,0.845,0.6601,12,0
IWM191101P156,2019-10-28,2019-10-28 09:37:23,0.86,0.6718,271,0.83,0.6484,211,0.92,0.7187,10,0.845,0.6601,12,0
IWM191101P156,2019-10-28,2019-10-28 09:37:24,0.86,0.6718,271,0.84,0.6562,102,0.92,0.7187,10,0.85,0.664,12,0
IWM191101P156,2019-10-28,2019-10-28 09:37:25,0.88,0.6875,95,0.84,0.6562,218,0.92,0.7187,10,0.86,0.6718,12,0
IWM191101P156,2019-10-28,2019-10-28 09:37:25,0.88,0.6875,235,0.84,0.6562,662,0.92,0.7187,10,0.86,0.6718,12,0
IWM191101P156,2019-10-28,2019-10-28 09:37:26,0.88,0.6875,20,0.86,0.6718,101,0.92,0.7187,10,0.87,0.6796,12,0
IWM191101P156,2019-10-28,2019-10-28 09:37:26,0.88,0.6875,30,0.86,0.6718,126,0.92,0.7187,10,0.87,0.6796,12,0
IWM191101P156,2019-10-28,2019-10-28 09:37:27,0.88,0.6875,30,0.86,0.6718,22,0.92,0.7187,10,0.87,0.6796,12,0
IWM191101P156,2019-10-28,2019-10-28 09:37:27,0.88,0.6875,46,0.86,0.6718,89,0.92,0.7187,10,0.87,0.6796,12,0
IWM191101P156,2019-10-28,2019-10-28 09:37:28,0.88,0.6875,379,0.85,0.664,98,0.92,0.7187,10,0.865,0.6757,12,0
IWM191101P156,2019-10-28,2019-10-28 09:37:28,0.88,0.6875,30,0.86,0.6718,22,0.92,0.7187,10,0.87,0.6796,12,0
IWM191101P156,2019-10-28,2019-10-28 09:37:29,0.87,0.6796,20,0.85,0.664,122,0.92,0.7187,10,0.86,0.6718,12,0
IWM191101P156,2019-10-28,2019-10-28 09:37:29,0.88,0.6875,614,0.85,0.664,98,0.92,0.7187,10,0.865,0.6757,12,0
IWM191101P156,2019-10-28,2019-10-28 09:37:30,0.88,0.6875,317,0.86,0.6718,18,0.92,0.7187,10,0.87,0.6796,12,0
IWM191101P156,2019-10-28,2019-10-28 09:37:30,0.88,0.6875,404,0.85,0.664,263,0.92,0.7187,10,0.865,0.6757,12,0
IWM191101P156,2019-10-28,2019-10-28 09:37:31,0.88,0.6875,279,0.86,0.6718,10,0.92,0.7187,10,0.87,0.6796,12,0
IWM191101P156,2019-10-28,2019-10-28 09:37:31,0.88,0.6875,269,0.85,0.664,101,0.92,0.7187,10,0.865,0.6757,12,0
IWM191101P156,2019-10-28,2019-10-28 09:37:32,0.87,0.6796,110,0.85,0.664,117,0.92,0.7187,10,0.86,0.6718,12,0
IWM191101P156,2019-10-28,2019-10-28 09:37:32,0.88,0.6875,194,0.85,0.664,140,0.92,0.7187,10,0.865,0.6757,12,0
IWM191101P156,2019-10-28,2019-10-28 09:37:33,0.87,0.6796,125,0.85,0.664,117,0.92,0.7187,10,0.86,0.6718,12,0
IWM191101P156,2019-10-28,2019-10-28 09:37:34,0.87,0.6796,103,0.85,0.664,157,0.92,0.7187,10,0.86,0.6718,12,0
IWM191101P156,2019-10-28,2019-10-28 09:37:34,0.87,0.6796,152,0.85,0.664,117,0.92,0.7187,10,0.86,0.6718,12,0
IWM191101P156,2019-10-28,2019-10-28 09:37:35,0.87,0.6796,95,0.85,0.664,100,0.92,0.7187,10,0.86,0.6718,12,0
IWM191101P156,2019-10-28,2019-10-28 09:37:36,0.87,0.6796,95,0.85,0.664,100,0.92,0.7187,10,0.86,0.6718,12,0
IWM191101P156,2019-10-28,2019-10-28 09:37:37,0.87,0.6796,95,0.85,0.664,100,0.92,0.7187,10,0.86,0.6718,12,0
IWM191101P156,2019-10-28,2019-10-28 09:37:38,0.87,0.6796,345,0.85,0.664,100,0.92,0.7187,10,0.86,0.6718,12,0
IWM191101P156,2019-10-28,2019-10-28 09:37:38,0.87,0.6796,273,0.85,0.664,100,0.92,0.7187,10,0.86,0.6718,12,0
IWM191101P156,2019-10-28,2019-10-28 09:37:39,0.87,0.6796,102,0.85,0.664,100,0.92,0.7187,10,0.86,0.6718,12,0
IWM191101P156,2019-10-28,2019-10-28 09:37:39,0.87,0.6796,102,0.85,0.664,152,0.92,0.7187,10,0.86,0.6718,12,0
IWM191101P156,2019-10-28,2019-10-28 09:37:40,0.87,0.6796,102,0.85,0.664,152,0.92,0.7187,10,0.86,0.6718,12,0
IWM191101P156,2019-10-28,2019-10-28 09:37:41,0.87,0.6796,95,0.85,0.664,121,0.92,0.7187,10,0.86,0.6718,12,0
IWM191101P156,2019-10-28,2019-10-28 09:37:41,0.87,0.6796,82,0.85,0.664,152,0.92,0.7187,10,0.86,0.6718,12,0
IWM191101P156,2019-10-28,2019-10-28 09:37:42,0.87,0.6796,82,0.85,0.664,130,0.92,0.7187,10,0.86,0.6718,12,0
IWM191101P156,2019-10-28,2019-10-28 09:37:42,0.87,0.6796,125,0.85,0.664,130,0.92,0.7187,10,0.86,0.6718,12,0
IWM191101P156,2019-10-28,2019-10-28 09:37:43,0.87,0.6796,151,0.85,0.664,130,0.92,0.7187,10,0.86,0.6718,12,0
IWM191101P156,2019-10-28,2019-10-28 09:37:44,0.87,0.6796,353,0.85,0.664,130,0.92,0.7187,10,0.86,0.6718,12,0
IWM191101P156,2019-10-28,2019-10-28 09:37:44,0.87,0.6796,536,0.85,0.664,130,0.92,0.7187,10,0.86,0.6718,12,0
IWM191101P156,2019-10-28,2019-10-28 09:37:45,0.87,0.6796,353,0.85,0.664,111,0.92,0.7187,10,0.86,0.6718,12,0
IWM191101P156,2019-10-28,2019-10-28 09:37:46,0.87,0.6796,377,0.85,0.664,111,0.92,0.7187,10,0.86,0.6718,12,0
IWM191101P156,2019-10-28,2019-10-28 09:37:46,0.87,0.6796,353,0.85,0.664,111,0.92,0.7187,10,0.86,0.6718,12,0
IWM191101P156,2019-10-28,2019-10-28 09:37:47,0.87,0.6796,497,0.85,0.664,100,0.92,0.7187,10,0.86,0.6718,12,0
IWM191101P156,2019-10-28,2019-10-28 09:37:47,0.87,0.6796,497,0.85,0.664,129,0.92,0.7187,10,0.86,0.6718,12,0
IWM191101P156,2019-10-28,2019-10-28 09:37:48,0.87,0.6796,497,0.85,0.664,129,0.92,0.7187,10,0.86,0.6718,12,0
IWM191101P156,2019-10-28,2019-10-28 09:37:49,0.87,0.6796,497,0.85,0.664,129,0.92,0.7187,10,0.86,0.6718,12,0
IWM191101P156,2019-10-28,2019-10-28 09:37:50,0.87,0.6796,497,0.85,0.664,129,0.92,0.7187,10,0.86,0.6718,12,0
IWM191101P156,2019-10-28,2019-10-28 09:37:50,0.87,0.6796,364,0.85,0.664,109,0.85,0.664,7,0.86,0.6718,19,7
IWM191101P156,2019-10-28,2019-10-28 09:37:51,0.87,0.6796,40,0.85,0.664,109,0.85,0.664,7,0.86,0.6718,19,0
IWM191101P156,2019-10-28,2019-10-28 09:37:51,0.87,0.6796,40,0.85,0.664,279,0.85,0.664,7,0.86,0.6718,19,0
IWM191101P156,2019-10-28,2019-10-28 09:37:52,0.88,0.6875,438,0.85,0.664,175,0.85,0.664,7,0.865,0.6757,19,0
IWM191101P156,2019-10-28,2019-10-28 09:37:52,0.88,0.6875,478,0.85,0.664,148,0.85,0.664,7,0.865,0.6757,19,0
IWM191101P156,2019-10-28,2019-10-28 09:37:53,0.88,0.6875,302,0.86,0.6718,35,0.85,0.664,7,0.87,0.6796,19,0
IWM191101P156,2019-10-28,2019-10-28 09:37:53,0.88,0.6875,422,0.86,0.6718,35,0.85,0.664,7,0.87,0.6796,19,0
IWM191101P156,2019-10-28,2019-10-28 09:37:54,0.88,0.6875,371,0.86,0.6718,66,0.85,0.664,7,0.87,0.6796,19,0
IWM191101P156,2019-10-28,2019-10-28 09:37:54,0.88,0.6875,371,0.86,0.6718,82,0.85,0.664,7,0.87,0.6796,19,0
IWM191101P156,2019-10-28,2019-10-28 09:37:55,0.88,0.6875,371,0.86,0.6718,92,0.85,0.664,7,0.87,0.6796,19,0
IWM191101P156,2019-10-28,2019-10-28 09:37:55,0.88,0.6875,371,0.86,0.6718,66,0.85,0.664,7,0.87,0.6796,19,0
IWM191101P156,2019-10-28,2019-10-28 09:37:56,0.88,0.6875,371,0.86,0.6718,92,0.85,0.664,7,0.87,0.6796,19,0
IWM191101P156,2019-10-28,2019-10-28 09:37:57,0.88,0.6875,371,0.86,0.6718,92,0.85,0.664,7,0.87,0.6796,19,0
IWM191101P156,2019-10-28,2019-10-28 09:37:57,0.88,0.6875,371,0.86,0.6718,102,0.85,0.664,7,0.87,0.6796,19,0
IWM191101P156,2019-10-28,2019-10-28 09:37:58,0.88,0.6875,371,0.86,0.6718,92,0.85,0.664,7,0.87,0.6796,19,0
IWM191101P156,2019-10-28,2019-10-28 09:37:59,0.88,0.6875,337,0.86,0.6718,35,0.85,0.664,7,0.87,0.6796,19,0
IWM191101P156,2019-10-28,2019-10-28 09:37:59,0.88,0.6875,337,0.86,0.6718,89,0.85,0.664,7,0.87,0.6796,19,0
IWM191101P156,2019-10-28,2019-10-28 09:38:00,0.88,0.6875,249,0.86,0.6718,27,0.85,0.664,7,0.87,0.6796,19,0
IWM191101P156,2019-10-28,2019-10-28 09:38:00,0.88,0.6875,114,0.86,0.6718,35,0.85,0.664,7,0.87,0.6796,19,0
IWM191101P156,2019-10-28,2019-10-28 09:38:01,0.87,0.6796,45,0.86,0.6718,27,0.85,0.664,7,0.865,0.6757,19,0
IWM191101P156,2019-10-28,2019-10-28 09:38:02,0.88,0.6875,120,0.85,0.664,131,0.85,0.664,7,0.865,0.6757,19,0
IWM191101P156,2019-10-28,2019-10-28 09:38:02,0.87,0.6796,146,0.85,0.664,119,0.85,0.664,7,0.86,0.6718,19,0
IWM191101P156,2019-10-28,2019-10-28 09:38:03,0.87,0.6796,146,0.85,0.664,100,0.85,0.664,7,0.86,0.6718,19,0
IWM191101P156,2019-10-28,2019-10-28 09:38:03,0.87,0.6796,315,0.85,0.664,100,0.85,0.664,7,0.86,0.6718,19,0
IWM191101P156,2019-10-28,2019-10-28 09:38:04,0.87,0.6796,474,0.85,0.664,100,0.85,0.664,7,0.86,0.6718,19,0
IWM191101P156,2019-10-28,2019-10-28 09:38:04,0.87,0.6796,424,0.85,0.664,100,0.85,0.664,7,0.86,0.6718,19,0
IWM191101P156,2019-10-28,2019-10-28 09:38:05,0.87,0.6796,474,0.85,0.664,100,0.85,0.664,7,0.86,0.6718,19,0
IWM191101P156,2019-10-28,2019-10-28 09:38:06,0.87,0.6796,474,0.85,0.664,100,0.85,0.664,7,0.86,0.6718,19,0
IWM191101P156,2019-10-28,2019-10-28 09:38:07,0.87,0.6796,474,0.85,0.664,109,0.85,0.664,7,0.86,0.6718,19,0
IWM191101P156,2019-10-28,2019-10-28 09:38:07,0.87,0.6796,474,0.85,0.664,181,0.85,0.664,7,0.86,0.6718,19,0
IWM191101P156,2019-10-28,2019-10-28 09:38:08,0.87,0.6796,474,0.85,0.664,181,0.85,0.664,7,0.86,0.6718,19,0
IWM191101P156,2019-10-28,2019-10-28 09:38:08,0.87,0.6796,165,0.86,0.6718,1,0.85,0.664,7,0.865,0.6757,19,0
IWM191101P156,2019-10-28,2019-10-28 09:38:09,0.88,0.6875,289,0.85,0.664,288,0.85,0.664,7,0.865,0.6757,19,0
IWM191101P156,2019-10-28,2019-10-28 09:38:09,0.88,0.6875,102,0.85,0.664,288,0.85,0.664,7,0.865,0.6757,19,0
IWM191101P156,2019-10-28,2019-10-28 09:38:10,0.88,0.6875,119,0.86,0.6718,47,0.85,0.664,7,0.87,0.6796,19,0
IWM191101P156,2019-10-28,2019-10-28 09:38:10,0.88,0.6875,160,0.86,0.6718,13,0.85,0.664,7,0.87,0.6796,19,0
IWM191101P156,2019-10-28,2019-10-28 09:38:11,0.88,0.6875,119,0.86,0.6718,5,0.85,0.664,7,0.87,0.6796,19,0
IWM191101P156,2019-10-28,2019-10-28 09:38:11,0.88,0.6875,119,0.86,0.6718,13,0.85,0.664,7,0.87,0.6796,19,0
IWM191101P156,2019-10-28,2019-10-28 09:38:12,0.88,0.6875,102,0.86,0.6718,252,0.85,0.664,7,0.87,0.6796,19,0
IWM191101P156,2019-10-28,2019-10-28 09:38:12,0.88,0.6875,96,0.86,0.6718,180,0.85,0.664,7,0.87,0.6796,19,0
IWM191101P156,2019-10-28,2019-10-28 09:38:13,0.88,0.6875,57,0.86,0.6718,184,0.85,0.664,7,0.87,0.6796,19,0
IWM191101P156,2019-10-28,2019-10-28 09:38:13,0.89,0.6953,392,0.86,0.6718,486,0.85,0.664,7,0.875,0.6835,19,0
IWM191101P156,2019-10-28,2019-10-28 09:38:14,0.89,0.6953,560,0.86,0.6718,264,0.85,0.664,7,0.875,0.6835,19,0
IWM191101P156,2019-10-28,2019-10-28 09:38:14,0.89,0.6953,339,0.87,0.6796,1,0.85,0.664,7,0.88,0.6875,19,0
IWM191101P156,2019-10-28,2019-10-28 09:38:15,0.89,0.6953,560,0.86,0.6718,340,0.85,0.664,7,0.875,0.6835,19,0
IWM191101P156,2019-10-28,2019-10-28 09:38:15,0.89,0.6953,520,0.86,0.6718,402,0.85,0.664,7,0.875,0.6835,19,0
IWM191101P156,2019-10-28,2019-10-28 09:38:16,0.89,0.6953,340,0.87,0.6796,18,0.85,0.664,7,0.88,0.6875,19,0
IWM191101P156,2019-10-28,2019-10-28 09:38:16,0.89,0.6953,570,0.86,0.6718,218,0.85,0.664,7,0.875,0.6835,19,0
IWM191101P156,2019-10-28,2019-10-28 09:38:17,0.88,0.6875,75,0.86,0.6718,30,0.85,0.664,7,0.87,0.6796,19,0
IWM191101P156,2019-10-28,2019-10-28 09:38:17,0.88,0.6875,179,0.86,0.6718,18,0.85,0.664,7,0.87,0.6796,19,0
IWM191101P156,2019-10-28,2019-10-28 09:38:18,0.88,0.6875,208,0.86,0.6718,257,0.85,0.664,7,0.87,0.6796,19,0
IWM191101P156,2019-10-28,2019-10-28 09:38:19,0.88,0.6875,79,0.86,0.6718,142,0.85,0.664,7,0.87,0.6796,19,0
IWM191101P156,2019-10-28,2019-10-28 09:38:19,0.88,0.6875,113,0.86,0.6718,43,0.85,0.664,7,0.87,0.6796,19,0
IWM191101P156,2019-10-28,2019-10-28 09:38:20,0.88,0.6875,549,0.85,0.664,289,0.85,0.664,7,0.865,0.6757,19,0
IWM191101P156,2019-10-28,2019-10-28 09:38:20,0.88,0.6875,373,0.85,0.664,318,0.85,0.664,7,0.865,0.6757,19,0
IWM191101P156,2019-10-28,2019-10-28 09:38:21,0.88,0.6875,422,0.85,0.664,239,0.85,0.664,7,0.865,0.6757,19,0
IWM191101P156,2019-10-28,2019-10-28 09:38:21,0.88,0.6875,422,0.85,0.664,338,0.85,0.664,7,0.865,0.6757,19,0
IWM191101P156,2019-10-28,2019-10-28 09:38:22,0.88,0.6875,422,0.85,0.664,338,0.85,0.664,7,0.865,0.6757,19,0
IWM191101P156,2019-10-28,2019-10-28 09:38:22,0.88,0.6875,489,0.85,0.664,302,0.85,0.664,7,0.865,0.6757,19,0
IWM191101P156,2019-10-28,2019-10-28 09:38:23,0.88,0.6875,422,0.85,0.664,320,0.85,0.664,7,0.865,0.6757,19,0
IWM191101P156,2019-10-28,2019-10-28 09:38:23,0.88,0.6875,489,0.85,0.664,320,0.85,0.664,7,0.865,0.6757,19,0
IWM191101P156,2019-10-28,2019-10-28 09:38:24,0.88,0.6875,489,0.85,0.664,320,0.85,0.664,7,0.865,0.6757,19,0
IWM191101P156,2019-10-28,2019-10-28 09:38:25,0.88,0.6875,489,0.85,0.664,281,0.85,0.664,7,0.865,0.6757,19,0
IWM191101P156,2019-10-28,2019-10-28 09:38:25,0.88,0.6875,489,0.85,0.664,305,0.85,0.664,7,0.865,0.6757,19,0
IWM191101P156,2019-10-28,2019-10-28 09:38:26,0.88,0.6875,415,0.85,0.664,156,0.85,0.664,7,0.865,0.6757,19,0
IWM191101P156,2019-10-28,2019-10-28 09:38:26,0.88,0.6875,415,0.85,0.664,189,0.85,0.664,7,0.865,0.6757,19,0
IWM191101P156,2019-10-28,2019-10-28 09:38:27,0.88,0.6875,415,0.85,0.664,189,0.85,0.664,7,0.865,0.6757,19,0
IWM191101P156,2019-10-28,2019-10-28 09:38:27,0.88,0.6875,415,0.86,0.6718,4,0.85,0.664,7,0.87,0.6796,19,0
IWM191101P156,2019-10-28,2019-10-28 09:38:28,0.88,0.6875,238,0.86,0.6718,185,0.85,0.664,7,0.87,0.6796,19,0
IWM191101P156,2019-10-28,2019-10-28 09:38:28,0.88,0.6875,249,0.86,0.6718,185,0.85,0.664,7,0.87,0.6796,19,0
IWM191101P156,2019-10-28,2019-10-28 09:38:29,0.88,0.6875,238,0.86,0.6718,100,0.85,0.664,7,0.87,0.6796,19,0
IWM191101P156,2019-10-28,2019-10-28 09:38:29,0.88,0.6875,249,0.86,0.6718,185,0.85,0.664,7,0.87,0.6796,19,0
IWM191101P156,2019-10-28,2019-10-28 09:38:30,0.88,0.6875,238,0.86,0.6718,100,0.85,0.664,7,0.87,0.6796,19,0
IWM191101P156,2019-10-28,2019-10-28 09:38:30,0.88,0.6875,249,0.86,0.6718,143,0.85,0.664,7,0.87,0.6796,19,0
IWM191101P156,2019-10-28,2019-10-28 09:38:31,0.88,0.6875,238,0.86,0.6718,100,0.85,0.664,7,0.87,0.6796,19,0
IWM191101P156,2019-10-28,2019-10-28 09:38:31,0.88,0.6875,114,0.86,0.6718,118,0.85,0.664,7,0.87,0.6796,19,0
IWM191101P156,2019-10-28,2019-10-28 09:38:32,0.88,0.6875,79,0.86,0.6718,301,0.85,0.664,7,0.87,0.6796,19,0
IWM191101P156,2019-10-28,2019-10-28 09:38:33,0.88,0.6875,125,0.86,0.6718,349,0.85,0.664,7,0.87,0.6796,19,0
IWM191101P156,2019-10-28,2019-10-28 09:38:34,0.88,0.6875,125,0.86,0.6718,214,0.85,0.664,7,0.87,0.6796,19,0
IWM191101P156,2019-10-28,2019-10-28 09:38:34,0.89,0.6953,198,0.87,0.6796,79,0.85,0.664,7,0.88,0.6875,19,0
IWM191101P156,2019-10-28,2019-10-28 09:38:35,0.88,0.6875,5,0.87,0.6796,1,0.85,0.664,7,0.875,0.6835,19,0
IWM191101P156,2019-10-28,2019-10-28 09:38:35,0.88,0.6875,12,0.86,0.6718,164,0.85,0.664,7,0.87,0.6796,19,0
IWM191101P156,2019-10-28,2019-10-28 09:38:36,0.88,0.6875,12,0.87,0.6796,9,0.85,0.664,7,0.875,0.6835,19,0
IWM191101P156,2019-10-28,2019-10-28 09:38:37,0.88,0.6875,12,0.87,0.6796,9,0.85,0.664,7,0.875,0.6835,19,0
IWM191101P156,2019-10-28,2019-10-28 09:38:38,0.88,0.6875,23,0.86,0.6718,189,0.85,0.664,7,0.87,0.6796,19,0
IWM191101P156,2019-10-28,2019-10-28 09:38:38,0.88,0.6875,12,0.87,0.6796,9,0.85,0.664,7,0.875,0.6835,19,0
IWM191101P156,2019-10-28,2019-10-28 09:38:39,0.88,0.6875,266,0.86,0.6718,109,0.85,0.664,7,0.87,0.6796,19,0
IWM191101P156,2019-10-28,2019-10-28 09:38:39,0.88,0.6875,98,0.86,0.6718,109,0.85,0.664,7,0.87,0.6796,19,0
IWM191101P156,2019-10-28,2019-10-28 09:38:40,0.88,0.6875,269,0.86,0.6718,109,0.85,0.664,7,0.87,0.6796,19,0
IWM191101P156,2019-10-28,2019-10-28 09:38:40,0.87,0.6796,3,0.86,0.6718,105,0.85,0.664,7,0.865,0.6757,19,0
IWM191101P156,2019-10-28,2019-10-28 09:38:41,0.87,0.6796,3,0.86,0.6718,105,0.85,0.664,7,0.865,0.6757,19,0
IWM191101P156,2019-10-28,2019-10-28 09:38:41,0.87,0.6796,10,0.86,0.6718,130,0.85,0.664,7,0.865,0.6757,19,0
IWM191101P156,2019-10-28,2019-10-28 09:38:42,0.87,0.6796,10,0.86,0.6718,130,0.85,0.664,7,0.865,0.6757,19,0
IWM191101P156,2019-10-28,2019-10-28 09:38:43,0.88,0.6875,78,0.86,0.6718,123,0.85,0.664,7,0.87,0.6796,19,0
IWM191101P156,2019-10-28,2019-10-28 09:38:43,0.88,0.6875,78,0.86,0.6718,164,0.85,0.664,7,0.87,0.6796,19,0
IWM191101P156,2019-10-28,2019-10-28 09:38:44,0.88,0.6875,118,0.86,0.6718,231,0.85,0.664,7,0.87,0.6796,19,0
IWM191101P156,2019-10-28,2019-10-28 09:38:44,0.88,0.6875,78,0.86,0.6718,303,0.85,0.664,7,0.87,0.6796,19,0
IWM191101P156,2019-10-28,2019-10-28 09:38:45,0.88,0.6875,129,0.86,0.6718,265,0.85,0.664,7,0.87,0.6796,19,0
IWM191101P156,2019-10-28,2019-10-28 09:38:45,0.88,0.6875,160,0.86,0.6718,195,0.85,0.664,7,0.87,0.6796,19,0
