symbol,Date,quote_time,ask_price,norm_ask_price,ask_size,bid_price,norm_bid_price,bid_size,last_trade_price,norm_last_trade_price,last_trade_size,mark_price,norm_mark_price,volume,Volume
SPY190731P301,2019-07-29,2019-07-29 09:30:00,1.06,1.0,401,1.04,0.9811,2,1.05,0.9905,1,1.05,0.9905,2,2
SPY190731P301,2019-07-29,2019-07-29 09:30:08,1.06,1.0,401,1.04,0.9811,55,1.05,0.9905,5,1.05,0.9905,7,5
SPY190731P301,2019-07-29,2019-07-29 09:30:09,1.06,1.0,274,1.04,0.9811,100,1.05,0.9905,30,1.05,0.9905,57,50
SPY190731P301,2019-07-29,2019-07-29 09:30:10,1.06,1.0,343,1.02,0.9622,32,1.05,0.9905,30,1.04,0.9811,57,0
SPY190731P301,2019-07-29,2019-07-29 09:30:10,1.05,0.9905,515,1.03,0.9716,179,1.05,0.9905,30,1.04,0.9811,57,0
SPY190731P301,2019-07-29,2019-07-29 09:30:11,1.05,0.9905,179,1.03,0.9716,179,1.05,0.9905,30,1.04,0.9811,57,0
SPY190731P301,2019-07-29,2019-07-29 09:30:11,1.07,1.0094,432,1.04,0.9811,440,1.05,0.9905,30,1.055,0.9952,57,0
SPY190731P301,2019-07-29,2019-07-29 09:30:12,1.07,1.0094,663,1.05,0.9905,5,1.05,0.9905,30,1.06,1.0,57,0
SPY190731P301,2019-07-29,2019-07-29 09:30:13,1.07,1.0094,620,1.05,0.9905,5,1.05,0.9905,30,1.06,1.0,57,0
SPY190731P301,2019-07-29,2019-07-29 09:30:13,1.07,1.0094,663,1.05,0.9905,5,1.05,0.9905,30,1.06,1.0,57,0
SPY190731P301,2019-07-29,2019-07-29 09:30:14,1.07,1.0094,660,1.05,0.9905,5,1.05,0.9905,30,1.06,1.0,57,0
SPY190731P301,2019-07-29,2019-07-29 09:30:15,1.07,1.0094,678,1.05,0.9905,5,1.05,0.9905,30,1.06,1.0,57,0
SPY190731P301,2019-07-29,2019-07-29 09:30:16,1.09,1.0283,1200,1.04,0.9811,32,1.05,0.9905,30,1.065,1.0047,57,0
SPY190731P301,2019-07-29,2019-07-29 09:30:17,1.08,1.0188,302,1.07,1.0094,5,1.05,0.9905,30,1.075,1.0141,57,0
SPY190731P301,2019-07-29,2019-07-29 09:30:17,1.08,1.0188,269,1.05,0.9905,440,1.05,0.9905,30,1.065,1.0047,57,0
SPY190731P301,2019-07-29,2019-07-29 09:30:18,1.08,1.0188,284,1.06,1.0,5,1.07,1.0094,19,1.07,1.0094,76,19
SPY190731P301,2019-07-29,2019-07-29 09:30:18,1.08,1.0188,202,1.04,0.9811,300,1.05,0.9905,30,1.06,1.0,57,0
SPY190731P301,2019-07-29,2019-07-29 09:30:19,1.08,1.0188,465,1.06,1.0,5,1.07,1.0094,19,1.07,1.0094,76,0
SPY190731P301,2019-07-29,2019-07-29 09:30:20,1.08,1.0188,468,1.06,1.0,5,1.07,1.0094,19,1.07,1.0094,76,0
SPY190731P301,2019-07-29,2019-07-29 09:30:20,1.08,1.0188,465,1.06,1.0,5,1.07,1.0094,19,1.07,1.0094,76,0
SPY190731P301,2019-07-29,2019-07-29 09:30:21,1.08,1.0188,345,1.06,1.0,5,1.07,1.0094,19,1.07,1.0094,76,0
SPY190731P301,2019-07-29,2019-07-29 09:30:22,1.08,1.0188,366,1.06,1.0,5,1.07,1.0094,19,1.07,1.0094,76,0
SPY190731P301,2019-07-29,2019-07-29 09:30:23,1.08,1.0188,366,1.06,1.0,5,1.07,1.0094,19,1.07,1.0094,76,0
SPY190731P301,2019-07-29,2019-07-29 09:30:23,1.09,1.0283,277,1.07,1.0094,5,1.07,1.0094,1,1.08,1.0188,79,3
SPY190731P301,2019-07-29,2019-07-29 09:30:24,1.09,1.0283,277,1.07,1.0094,5,1.07,1.0094,1,1.08,1.0188,79,0
SPY190731P301,2019-07-29,2019-07-29 09:30:25,1.08,1.0188,50,1.06,1.0,60,1.07,1.0094,1,1.07,1.0094,79,0
SPY190731P301,2019-07-29,2019-07-29 09:30:25,1.09,1.0283,145,1.07,1.0094,5,1.07,1.0094,1,1.08,1.0188,79,0
SPY190731P301,2019-07-29,2019-07-29 09:30:26,1.09,1.0283,617,1.07,1.0094,5,1.07,1.0094,1,1.08,1.0188,79,0
SPY190731P301,2019-07-29,2019-07-29 09:30:26,1.09,1.0283,425,1.07,1.0094,5,1.07,1.0094,1,1.08,1.0188,79,0
SPY190731P301,2019-07-29,2019-07-29 09:30:27,1.09,1.0283,556,1.07,1.0094,5,1.07,1.0094,1,1.08,1.0188,79,0
SPY190731P301,2019-07-29,2019-07-29 09:30:27,1.08,1.0188,50,1.07,1.0094,5,1.07,1.0094,1,1.075,1.0141,79,0
SPY190731P301,2019-07-29,2019-07-29 09:30:28,1.09,1.0283,556,1.07,1.0094,5,1.07,1.0094,1,1.08,1.0188,79,0
SPY190731P301,2019-07-29,2019-07-29 09:30:29,1.09,1.0283,748,1.07,1.0094,5,1.07,1.0094,1,1.08,1.0188,79,0
SPY190731P301,2019-07-29,2019-07-29 09:30:29,1.09,1.0283,481,1.07,1.0094,5,1.07,1.0094,1,1.08,1.0188,79,0
SPY190731P301,2019-07-29,2019-07-29 09:30:30,1.09,1.0283,948,1.07,1.0094,5,1.07,1.0094,1,1.08,1.0188,79,0
SPY190731P301,2019-07-29,2019-07-29 09:30:31,1.09,1.0283,878,1.07,1.0094,5,1.07,1.0094,1,1.08,1.0188,79,0
SPY190731P301,2019-07-29,2019-07-29 09:30:31,1.09,1.0283,1030,1.07,1.0094,5,1.07,1.0094,1,1.08,1.0188,79,0
SPY190731P301,2019-07-29,2019-07-29 09:30:32,1.08,1.0188,50,1.07,1.0094,5,1.07,1.0094,1,1.075,1.0141,79,0
SPY190731P301,2019-07-29,2019-07-29 09:30:33,1.08,1.0188,50,1.07,1.0094,5,1.07,1.0094,1,1.075,1.0141,79,0
SPY190731P301,2019-07-29,2019-07-29 09:30:34,1.08,1.0188,50,1.07,1.0094,5,1.07,1.0094,1,1.075,1.0141,79,0
SPY190731P301,2019-07-29,2019-07-29 09:30:36,1.07,1.0094,79,1.06,1.0,5,1.07,1.0094,1,1.065,1.0047,79,0
SPY190731P301,2019-07-29,2019-07-29 09:30:36,1.08,1.0188,448,1.06,1.0,357,1.07,1.0094,1,1.07,1.0094,79,0
SPY190731P301,2019-07-29,2019-07-29 09:30:37,1.07,1.0094,79,1.05,0.9905,376,1.07,1.0094,1,1.06,1.0,79,0
SPY190731P301,2019-07-29,2019-07-29 09:30:38,1.07,1.0094,213,1.06,1.0,5,1.07,1.0094,1,1.065,1.0047,79,0
SPY190731P301,2019-07-29,2019-07-29 09:30:38,1.07,1.0094,472,1.05,0.9905,357,1.07,1.0094,1,1.06,1.0,79,0
SPY190731P301,2019-07-29,2019-07-29 09:30:39,1.07,1.0094,569,1.05,0.9905,357,1.07,1.0094,1,1.06,1.0,79,0
SPY190731P301,2019-07-29,2019-07-29 09:30:39,1.07,1.0094,536,1.05,0.9905,5,1.07,1.0094,1,1.06,1.0,79,0
SPY190731P301,2019-07-29,2019-07-29 09:30:40,1.06,1.0,133,1.05,0.9905,5,1.07,1.0094,1,1.055,0.9952,79,0
SPY190731P301,2019-07-29,2019-07-29 09:30:41,1.06,1.0,1074,1.04,0.9811,100,1.07,1.0094,1,1.05,0.9905,79,0
SPY190731P301,2019-07-29,2019-07-29 09:30:41,1.06,1.0,969,1.04,0.9811,242,1.07,1.0094,1,1.05,0.9905,79,0
SPY190731P301,2019-07-29,2019-07-29 09:30:42,1.05,0.9905,498,1.03,0.9716,336,1.07,1.0094,1,1.04,0.9811,79,0
SPY190731P301,2019-07-29,2019-07-29 09:30:43,1.05,0.9905,751,1.04,0.9811,5,1.07,1.0094,1,1.045,0.9858,79,0
SPY190731P301,2019-07-29,2019-07-29 09:30:44,1.05,0.9905,980,1.03,0.9716,339,1.07,1.0094,1,1.04,0.9811,79,0
SPY190731P301,2019-07-29,2019-07-29 09:30:44,1.05,0.9905,980,1.03,0.9716,192,1.07,1.0094,1,1.04,0.9811,79,0
SPY190731P301,2019-07-29,2019-07-29 09:30:45,1.05,0.9905,608,1.04,0.9811,5,1.07,1.0094,1,1.045,0.9858,79,0
SPY190731P301,2019-07-29,2019-07-29 09:30:46,1.05,0.9905,224,1.02,0.9622,174,1.07,1.0094,1,1.035,0.9764,79,0
SPY190731P301,2019-07-29,2019-07-29 09:30:46,1.05,0.9905,224,1.03,0.9716,5,1.07,1.0094,1,1.04,0.9811,79,0
SPY190731P301,2019-07-29,2019-07-29 09:30:47,1.05,0.9905,650,1.03,0.9716,5,1.07,1.0094,1,1.04,0.9811,79,0
SPY190731P301,2019-07-29,2019-07-29 09:30:47,1.05,0.9905,591,1.03,0.9716,5,1.07,1.0094,1,1.04,0.9811,79,0
SPY190731P301,2019-07-29,2019-07-29 09:30:48,1.05,0.9905,1015,1.03,0.9716,5,1.07,1.0094,1,1.04,0.9811,79,0
SPY190731P301,2019-07-29,2019-07-29 09:30:49,1.05,0.9905,1015,1.03,0.9716,5,1.07,1.0094,1,1.04,0.9811,79,0
SPY190731P301,2019-07-29,2019-07-29 09:30:49,1.05,0.9905,50,1.03,0.9716,179,1.07,1.0094,1,1.04,0.9811,79,0
SPY190731P301,2019-07-29,2019-07-29 09:30:50,1.05,0.9905,83,1.03,0.9716,5,1.07,1.0094,1,1.04,0.9811,79,0
SPY190731P301,2019-07-29,2019-07-29 09:30:50,1.05,0.9905,206,1.03,0.9716,5,1.07,1.0094,1,1.04,0.9811,79,0
SPY190731P301,2019-07-29,2019-07-29 09:30:51,1.05,0.9905,961,1.03,0.9716,5,1.07,1.0094,1,1.04,0.9811,79,0
SPY190731P301,2019-07-29,2019-07-29 09:30:51,1.03,0.9716,92,1.02,0.9622,5,1.07,1.0094,1,1.025,0.9669,79,0
SPY190731P301,2019-07-29,2019-07-29 09:30:52,1.03,0.9716,79,1.02,0.9622,129,1.07,1.0094,1,1.025,0.9669,79,0
SPY190731P301,2019-07-29,2019-07-29 09:30:53,1.03,0.9716,79,1.02,0.9622,5,1.07,1.0094,1,1.025,0.9669,79,0
SPY190731P301,2019-07-29,2019-07-29 09:30:54,1.03,0.9716,79,1.02,0.9622,5,1.07,1.0094,1,1.025,0.9669,79,0
SPY190731P301,2019-07-29,2019-07-29 09:30:54,1.04,0.9811,731,1.02,0.9622,5,1.07,1.0094,1,1.03,0.9716,79,0
SPY190731P301,2019-07-29,2019-07-29 09:30:55,1.04,0.9811,367,1.02,0.9622,223,1.07,1.0094,1,1.03,0.9716,79,0
SPY190731P301,2019-07-29,2019-07-29 09:30:56,1.05,0.9905,328,1.03,0.9716,5,1.07,1.0094,1,1.04,0.9811,79,0
SPY190731P301,2019-07-29,2019-07-29 09:30:56,1.03,0.9716,50,1.01,0.9528,5,1.07,1.0094,1,1.02,0.9622,79,0
SPY190731P301,2019-07-29,2019-07-29 09:30:57,1.03,0.9716,770,1.01,0.9528,129,1.07,1.0094,1,1.02,0.9622,79,0
SPY190731P301,2019-07-29,2019-07-29 09:30:58,1.03,0.9716,526,1.01,0.9528,129,1.07,1.0094,1,1.02,0.9622,79,0
SPY190731P301,2019-07-29,2019-07-29 09:30:58,1.03,0.9716,643,1.01,0.9528,129,1.07,1.0094,1,1.02,0.9622,79,0
SPY190731P301,2019-07-29,2019-07-29 09:30:59,1.03,0.9716,701,1.01,0.9528,129,1.07,1.0094,1,1.02,0.9622,79,0
SPY190731P301,2019-07-29,2019-07-29 09:30:59,1.03,0.9716,675,1.01,0.9528,129,1.07,1.0094,1,1.02,0.9622,79,0
SPY190731P301,2019-07-29,2019-07-29 09:31:00,1.02,0.9622,150,1.01,0.9528,5,1.07,1.0094,1,1.015,0.9575,79,0
SPY190731P301,2019-07-29,2019-07-29 09:31:01,1.02,0.9622,292,1.01,0.9528,5,1.07,1.0094,1,1.015,0.9575,79,0
SPY190731P301,2019-07-29,2019-07-29 09:31:01,1.02,0.9622,158,1.01,0.9528,5,1.07,1.0094,1,1.015,0.9575,79,0
SPY190731P301,2019-07-29,2019-07-29 09:31:02,1.02,0.9622,292,1.01,0.9528,5,1.07,1.0094,1,1.015,0.9575,79,0
SPY190731P301,2019-07-29,2019-07-29 09:31:03,1.02,0.9622,412,1.01,0.9528,5,1.07,1.0094,1,1.015,0.9575,79,0
SPY190731P301,2019-07-29,2019-07-29 09:31:04,1.02,0.9622,308,1.01,0.9528,5,1.07,1.0094,1,1.015,0.9575,79,0
SPY190731P301,2019-07-29,2019-07-29 09:31:05,1.02,0.9622,205,1.01,0.9528,5,1.07,1.0094,1,1.015,0.9575,79,0
SPY190731P301,2019-07-29,2019-07-29 09:31:06,1.02,0.9622,158,1.01,0.9528,5,1.07,1.0094,1,1.015,0.9575,79,0
SPY190731P301,2019-07-29,2019-07-29 09:31:07,1.02,0.9622,158,1.01,0.9528,5,1.07,1.0094,1,1.015,0.9575,79,0
SPY190731P301,2019-07-29,2019-07-29 09:31:08,1.02,0.9622,205,1.01,0.9528,5,1.07,1.0094,1,1.015,0.9575,79,0
SPY190731P301,2019-07-29,2019-07-29 09:31:09,1.02,0.9622,205,1.01,0.9528,5,1.07,1.0094,1,1.015,0.9575,79,0
SPY190731P301,2019-07-29,2019-07-29 09:31:10,1.03,0.9716,562,1.01,0.9528,5,1.07,1.0094,1,1.02,0.9622,79,0
SPY190731P301,2019-07-29,2019-07-29 09:31:10,1.02,0.9622,205,1.01,0.9528,5,1.07,1.0094,1,1.015,0.9575,79,0
SPY190731P301,2019-07-29,2019-07-29 09:31:11,1.03,0.9716,636,1.01,0.9528,5,1.07,1.0094,1,1.02,0.9622,79,0
SPY190731P301,2019-07-29,2019-07-29 09:31:12,1.03,0.9716,596,1.01,0.9528,5,1.07,1.0094,1,1.02,0.9622,79,0
SPY190731P301,2019-07-29,2019-07-29 09:31:12,1.03,0.9716,672,1.01,0.9528,5,1.07,1.0094,1,1.02,0.9622,79,0
SPY190731P301,2019-07-29,2019-07-29 09:31:13,1.04,0.9811,612,1.01,0.9528,50,1.07,1.0094,1,1.025,0.9669,79,0
SPY190731P301,2019-07-29,2019-07-29 09:31:14,1.05,0.9905,411,1.03,0.9716,179,1.07,1.0094,1,1.04,0.9811,79,0
SPY190731P301,2019-07-29,2019-07-29 09:31:14,1.04,0.9811,739,1.02,0.9622,249,1.07,1.0094,1,1.03,0.9716,79,0
SPY190731P301,2019-07-29,2019-07-29 09:31:15,1.06,1.0,567,1.04,0.9811,179,1.07,1.0094,1,1.05,0.9905,79,0
SPY190731P301,2019-07-29,2019-07-29 09:31:16,1.06,1.0,683,1.05,0.9905,5,1.07,1.0094,1,1.055,0.9952,79,0
SPY190731P301,2019-07-29,2019-07-29 09:31:16,1.06,1.0,776,1.05,0.9905,5,1.07,1.0094,1,1.055,0.9952,79,0
SPY190731P301,2019-07-29,2019-07-29 09:31:17,1.06,1.0,590,1.05,0.9905,5,1.07,1.0094,1,1.055,0.9952,79,0
SPY190731P301,2019-07-29,2019-07-29 09:31:18,1.06,1.0,590,1.05,0.9905,5,1.07,1.0094,1,1.055,0.9952,79,0
SPY190731P301,2019-07-29,2019-07-29 09:31:19,1.05,0.9905,405,1.04,0.9811,5,1.04,0.9811,1,1.045,0.9858,85,1
SPY190731P301,2019-07-29,2019-07-29 09:31:19,1.06,1.0,574,1.03,0.9716,394,1.06,1.0,4,1.045,0.9858,84,5
SPY190731P301,2019-07-29,2019-07-29 09:31:20,1.05,0.9905,150,1.04,0.9811,5,1.04,0.9811,1,1.045,0.9858,85,0
SPY190731P301,2019-07-29,2019-07-29 09:31:20,1.05,0.9905,405,1.04,0.9811,5,1.04,0.9811,1,1.045,0.9858,85,0
SPY190731P301,2019-07-29,2019-07-29 09:31:21,1.05,0.9905,361,1.04,0.9811,5,1.04,0.9811,1,1.045,0.9858,85,0
SPY190731P301,2019-07-29,2019-07-29 09:31:22,1.05,0.9905,361,1.04,0.9811,5,1.04,0.9811,1,1.045,0.9858,85,0
SPY190731P301,2019-07-29,2019-07-29 09:31:22,1.04,0.9811,131,1.03,0.9716,142,1.04,0.9811,5,1.035,0.9764,91,6
SPY190731P301,2019-07-29,2019-07-29 09:31:23,1.04,0.9811,186,1.03,0.9716,211,1.04,0.9811,5,1.035,0.9764,91,0
SPY190731P301,2019-07-29,2019-07-29 09:31:23,1.05,0.9905,743,1.03,0.9716,211,1.04,0.9811,5,1.04,0.9811,91,0
SPY190731P301,2019-07-29,2019-07-29 09:31:24,1.04,0.9811,160,1.03,0.9716,5,1.04,0.9811,5,1.035,0.9764,91,0
SPY190731P301,2019-07-29,2019-07-29 09:31:25,1.04,0.9811,384,1.03,0.9716,5,1.04,0.9811,5,1.035,0.9764,91,0
SPY190731P301,2019-07-29,2019-07-29 09:31:25,1.04,0.9811,421,1.03,0.9716,5,1.04,0.9811,5,1.035,0.9764,91,0
SPY190731P301,2019-07-29,2019-07-29 09:31:26,1.04,0.9811,517,1.03,0.9716,5,1.04,0.9811,5,1.035,0.9764,91,0
SPY190731P301,2019-07-29,2019-07-29 09:31:27,1.04,0.9811,405,1.03,0.9716,5,1.04,0.9811,5,1.035,0.9764,91,0
SPY190731P301,2019-07-29,2019-07-29 09:31:27,1.03,0.9716,131,1.02,0.9622,249,1.04,0.9811,5,1.025,0.9669,91,0
SPY190731P301,2019-07-29,2019-07-29 09:31:28,1.03,0.9716,235,1.02,0.9622,1,1.03,0.9716,4,1.025,0.9669,100,9
SPY190731P301,2019-07-29,2019-07-29 09:31:29,1.03,0.9716,321,1.02,0.9622,1,1.03,0.9716,4,1.025,0.9669,100,0
SPY190731P301,2019-07-29,2019-07-29 09:31:29,1.03,0.9716,159,1.02,0.9622,1,1.03,0.9716,4,1.025,0.9669,100,0
SPY190731P301,2019-07-29,2019-07-29 09:31:30,1.03,0.9716,159,1.02,0.9622,1,1.03,0.9716,4,1.025,0.9669,100,0
SPY190731P301,2019-07-29,2019-07-29 09:31:31,1.03,0.9716,239,1.02,0.9622,1,1.03,0.9716,4,1.025,0.9669,100,0
SPY190731P301,2019-07-29,2019-07-29 09:31:31,1.03,0.9716,159,1.02,0.9622,1,1.03,0.9716,4,1.025,0.9669,100,0
SPY190731P301,2019-07-29,2019-07-29 09:31:32,1.03,0.9716,159,1.02,0.9622,1,1.03,0.9716,4,1.025,0.9669,100,0
SPY190731P301,2019-07-29,2019-07-29 09:31:33,1.02,0.9622,111,1.01,0.9528,5,1.03,0.9716,4,1.015,0.9575,100,0
SPY190731P301,2019-07-29,2019-07-29 09:31:34,1.02,0.9622,92,1.01,0.9528,5,1.03,0.9716,4,1.015,0.9575,100,0
SPY190731P301,2019-07-29,2019-07-29 09:31:34,1.02,0.9622,213,1.01,0.9528,5,1.03,0.9716,4,1.015,0.9575,100,0
SPY190731P301,2019-07-29,2019-07-29 09:31:35,1.02,0.9622,213,1.01,0.9528,5,1.03,0.9716,4,1.015,0.9575,100,0
SPY190731P301,2019-07-29,2019-07-29 09:31:35,1.02,0.9622,370,1.01,0.9528,5,1.03,0.9716,4,1.015,0.9575,100,0
SPY190731P301,2019-07-29,2019-07-29 09:31:36,1.02,0.9622,370,1.01,0.9528,5,1.03,0.9716,4,1.015,0.9575,100,0
SPY190731P301,2019-07-29,2019-07-29 09:31:37,1.02,0.9622,400,1.01,0.9528,5,1.03,0.9716,4,1.015,0.9575,100,0
SPY190731P301,2019-07-29,2019-07-29 09:31:37,1.02,0.9622,550,1.01,0.9528,5,1.03,0.9716,4,1.015,0.9575,100,0
SPY190731P301,2019-07-29,2019-07-29 09:31:38,1.02,0.9622,50,1.01,0.9528,5,1.03,0.9716,4,1.015,0.9575,100,0
SPY190731P301,2019-07-29,2019-07-29 09:31:39,1.02,0.9622,111,1.01,0.9528,5,1.03,0.9716,4,1.015,0.9575,100,0
SPY190731P301,2019-07-29,2019-07-29 09:31:40,1.03,0.9716,1168,1.01,0.9528,5,1.03,0.9716,4,1.02,0.9622,100,0
SPY190731P301,2019-07-29,2019-07-29 09:31:40,1.02,0.9622,82,1.01,0.9528,5,1.03,0.9716,4,1.015,0.9575,100,0
SPY190731P301,2019-07-29,2019-07-29 09:31:41,1.02,0.9622,111,1.01,0.9528,5,1.03,0.9716,4,1.015,0.9575,100,0
SPY190731P301,2019-07-29,2019-07-29 09:31:42,1.02,0.9622,282,1.01,0.9528,5,1.03,0.9716,4,1.015,0.9575,100,0
SPY190731P301,2019-07-29,2019-07-29 09:31:43,1.02,0.9622,565,1.0,0.9433,402,1.03,0.9716,4,1.01,0.9528,100,0
SPY190731P301,2019-07-29,2019-07-29 09:31:43,1.02,0.9622,378,1.0,0.9433,402,1.03,0.9716,4,1.01,0.9528,100,0
SPY190731P301,2019-07-29,2019-07-29 09:31:44,1.02,0.9622,378,1.01,0.9528,5,1.03,0.9716,4,1.015,0.9575,100,0
SPY190731P301,2019-07-29,2019-07-29 09:31:44,1.02,0.9622,334,1.0,0.9433,249,1.03,0.9716,4,1.01,0.9528,100,0
SPY190731P301,2019-07-29,2019-07-29 09:31:45,1.02,0.9622,149,1.01,0.9528,5,1.03,0.9716,4,1.015,0.9575,100,0
SPY190731P301,2019-07-29,2019-07-29 09:31:46,1.03,0.9716,514,1.01,0.9528,5,1.03,0.9716,4,1.02,0.9622,100,0
SPY190731P301,2019-07-29,2019-07-29 09:31:46,1.03,0.9716,957,1.01,0.9528,165,1.03,0.9716,4,1.02,0.9622,100,0
SPY190731P301,2019-07-29,2019-07-29 09:31:47,1.03,0.9716,567,1.01,0.9528,165,1.03,0.9716,4,1.02,0.9622,100,0
SPY190731P301,2019-07-29,2019-07-29 09:31:47,1.03,0.9716,1175,1.01,0.9528,165,1.03,0.9716,4,1.02,0.9622,100,0
SPY190731P301,2019-07-29,2019-07-29 09:31:48,1.04,0.9811,1625,1.02,0.9622,5,1.03,0.9716,4,1.03,0.9716,100,0
SPY190731P301,2019-07-29,2019-07-29 09:31:49,1.03,0.9716,464,1.02,0.9622,129,1.03,0.9716,4,1.025,0.9669,100,0
SPY190731P301,2019-07-29,2019-07-29 09:31:49,1.03,0.9716,56,1.02,0.9622,165,1.03,0.9716,4,1.025,0.9669,100,0
SPY190731P301,2019-07-29,2019-07-29 09:31:50,1.03,0.9716,510,1.02,0.9622,129,1.03,0.9716,4,1.025,0.9669,100,0
SPY190731P301,2019-07-29,2019-07-29 09:31:50,1.03,0.9716,510,1.02,0.9622,148,1.03,0.9716,4,1.025,0.9669,100,0
SPY190731P301,2019-07-29,2019-07-29 09:31:51,1.03,0.9716,1218,1.02,0.9622,148,1.03,0.9716,4,1.025,0.9669,100,0
SPY190731P301,2019-07-29,2019-07-29 09:31:51,1.03,0.9716,597,1.02,0.9622,5,1.03,0.9716,2,1.025,0.9669,110,10
SPY190731P301,2019-07-29,2019-07-29 09:31:52,1.03,0.9716,748,1.02,0.9622,5,1.03,0.9716,2,1.025,0.9669,110,0
SPY190731P301,2019-07-29,2019-07-29 09:31:53,1.03,0.9716,1052,1.01,0.9528,366,1.03,0.9716,2,1.02,0.9622,110,0
SPY190731P301,2019-07-29,2019-07-29 09:31:53,1.03,0.9716,879,1.02,0.9622,5,1.03,0.9716,2,1.025,0.9669,110,0
SPY190731P301,2019-07-29,2019-07-29 09:31:54,1.03,0.9716,1052,1.01,0.9528,366,1.03,0.9716,2,1.02,0.9622,110,0
SPY190731P301,2019-07-29,2019-07-29 09:31:55,1.03,0.9716,1370,1.01,0.9528,55,1.03,0.9716,2,1.02,0.9622,110,0
SPY190731P301,2019-07-29,2019-07-29 09:31:56,1.02,0.9622,50,1.01,0.9528,165,1.03,0.9716,2,1.015,0.9575,110,0
SPY190731P301,2019-07-29,2019-07-29 09:31:56,1.02,0.9622,1021,1.01,0.9528,165,1.03,0.9716,2,1.015,0.9575,110,0
SPY190731P301,2019-07-29,2019-07-29 09:31:57,1.02,0.9622,646,1.0,0.9433,366,1.03,0.9716,2,1.01,0.9528,110,0
SPY190731P301,2019-07-29,2019-07-29 09:31:57,1.02,0.9622,1110,1.0,0.9433,366,1.03,0.9716,2,1.01,0.9528,110,0
SPY190731P301,2019-07-29,2019-07-29 09:31:58,1.02,0.9622,885,1.0,0.9433,366,1.03,0.9716,2,1.01,0.9528,110,0
SPY190731P301,2019-07-29,2019-07-29 09:31:59,1.02,0.9622,199,1.0,0.9433,392,1.03,0.9716,2,1.01,0.9528,110,0
SPY190731P301,2019-07-29,2019-07-29 09:31:59,1.02,0.9622,283,1.0,0.9433,366,1.03,0.9716,2,1.01,0.9528,110,0
SPY190731P301,2019-07-29,2019-07-29 09:32:00,1.02,0.9622,393,1.0,0.9433,366,1.03,0.9716,2,1.01,0.9528,110,0
SPY190731P301,2019-07-29,2019-07-29 09:32:00,1.02,0.9622,98,1.01,0.9528,108,1.03,0.9716,2,1.015,0.9575,110,0
SPY190731P301,2019-07-29,2019-07-29 09:32:01,1.02,0.9622,239,1.01,0.9528,5,1.03,0.9716,2,1.015,0.9575,110,0
SPY190731P301,2019-07-29,2019-07-29 09:32:02,1.02,0.9622,239,1.0,0.9433,366,1.03,0.9716,2,1.01,0.9528,110,0
SPY190731P301,2019-07-29,2019-07-29 09:32:02,1.02,0.9622,204,1.01,0.9528,106,1.03,0.9716,2,1.015,0.9575,110,0
SPY190731P301,2019-07-29,2019-07-29 09:32:03,1.02,0.9622,136,1.01,0.9528,106,1.03,0.9716,2,1.015,0.9575,110,0
SPY190731P301,2019-07-29,2019-07-29 09:32:03,1.02,0.9622,149,1.0,0.9433,366,1.03,0.9716,2,1.01,0.9528,110,0
SPY190731P301,2019-07-29,2019-07-29 09:32:04,1.02,0.9622,219,1.0,0.9433,249,1.03,0.9716,2,1.01,0.9528,110,0
SPY190731P301,2019-07-29,2019-07-29 09:32:05,1.02,0.9622,280,1.01,0.9528,12,1.03,0.9716,2,1.015,0.9575,110,0
SPY190731P301,2019-07-29,2019-07-29 09:32:05,1.02,0.9622,438,1.01,0.9528,5,1.03,0.9716,2,1.015,0.9575,110,0
SPY190731P301,2019-07-29,2019-07-29 09:32:06,1.02,0.9622,84,1.01,0.9528,139,1.03,0.9716,2,1.015,0.9575,110,0
SPY190731P301,2019-07-29,2019-07-29 09:32:06,1.02,0.9622,438,1.0,0.9433,230,1.03,0.9716,2,1.01,0.9528,110,0
SPY190731P301,2019-07-29,2019-07-29 09:32:07,1.02,0.9622,79,1.01,0.9528,139,1.03,0.9716,2,1.015,0.9575,110,0
SPY190731P301,2019-07-29,2019-07-29 09:32:08,1.03,0.9716,209,1.01,0.9528,906,1.03,0.9716,2,1.02,0.9622,110,0
SPY190731P301,2019-07-29,2019-07-29 09:32:08,1.03,0.9716,99,1.02,0.9622,103,1.03,0.9716,2,1.025,0.9669,110,0
SPY190731P301,2019-07-29,2019-07-29 09:32:09,1.03,0.9716,209,1.02,0.9622,5,1.03,0.9716,2,1.025,0.9669,110,0
SPY190731P301,2019-07-29,2019-07-29 09:32:09,1.03,0.9716,216,1.01,0.9528,684,1.03,0.9716,2,1.02,0.9622,110,0
SPY190731P301,2019-07-29,2019-07-29 09:32:11,1.03,0.9716,216,1.01,0.9528,684,1.03,0.9716,2,1.02,0.9622,110,0
SPY190731P301,2019-07-29,2019-07-29 09:32:12,1.04,0.9811,129,1.02,0.9622,215,1.03,0.9716,2,1.03,0.9716,110,0
SPY190731P301,2019-07-29,2019-07-29 09:32:13,1.04,0.9811,76,1.03,0.9716,126,1.03,0.9716,2,1.035,0.9764,110,0
SPY190731P301,2019-07-29,2019-07-29 09:32:13,1.05,0.9905,262,1.04,0.9811,37,1.03,0.9716,2,1.045,0.9858,110,0
SPY190731P301,2019-07-29,2019-07-29 09:32:14,1.05,0.9905,185,1.04,0.9811,69,1.03,0.9716,2,1.045,0.9858,110,0
SPY190731P301,2019-07-29,2019-07-29 09:32:15,1.05,0.9905,86,1.03,0.9716,337,1.03,0.9716,2,1.04,0.9811,110,0
SPY190731P301,2019-07-29,2019-07-29 09:32:15,1.05,0.9905,86,1.04,0.9811,35,1.03,0.9716,2,1.045,0.9858,110,0
SPY190731P301,2019-07-29,2019-07-29 09:32:16,1.04,0.9811,500,1.03,0.9716,37,1.03,0.9716,2,1.035,0.9764,110,0
SPY190731P301,2019-07-29,2019-07-29 09:32:16,1.04,0.9811,6,1.03,0.9716,16,1.03,0.9716,2,1.035,0.9764,110,0
SPY190731P301,2019-07-29,2019-07-29 09:32:17,1.04,0.9811,16,1.03,0.9716,5,1.03,0.9716,2,1.035,0.9764,110,0
SPY190731P301,2019-07-29,2019-07-29 09:32:17,1.04,0.9811,142,1.03,0.9716,85,1.03,0.9716,2,1.035,0.9764,110,0
SPY190731P301,2019-07-29,2019-07-29 09:32:18,1.04,0.9811,500,1.03,0.9716,37,1.03,0.9716,2,1.035,0.9764,110,0
SPY190731P301,2019-07-29,2019-07-29 09:32:19,1.04,0.9811,500,1.02,0.9622,277,1.03,0.9716,2,1.03,0.9716,110,0
SPY190731P301,2019-07-29,2019-07-29 09:32:19,1.04,0.9811,550,1.02,0.9622,277,1.03,0.9716,2,1.03,0.9716,110,0
SPY190731P301,2019-07-29,2019-07-29 09:32:20,1.04,0.9811,550,1.03,0.9716,32,1.03,0.9716,2,1.035,0.9764,110,0
SPY190731P301,2019-07-29,2019-07-29 09:32:21,1.05,0.9905,538,1.03,0.9716,85,1.03,0.9716,2,1.04,0.9811,110,0
SPY190731P301,2019-07-29,2019-07-29 09:32:21,1.05,0.9905,508,1.03,0.9716,325,1.03,0.9716,2,1.04,0.9811,110,0
SPY190731P301,2019-07-29,2019-07-29 09:32:22,1.05,0.9905,604,1.03,0.9716,360,1.03,0.9716,2,1.04,0.9811,110,0
SPY190731P301,2019-07-29,2019-07-29 09:32:22,1.05,0.9905,215,1.04,0.9811,15,1.03,0.9716,2,1.045,0.9858,110,0
SPY190731P301,2019-07-29,2019-07-29 09:32:23,1.05,0.9905,93,1.04,0.9811,41,1.03,0.9716,2,1.045,0.9858,110,0
SPY190731P301,2019-07-29,2019-07-29 09:32:24,1.05,0.9905,67,1.05,0.9905,37,1.03,0.9716,2,1.05,0.9905,110,0
SPY190731P301,2019-07-29,2019-07-29 09:32:25,1.06,1.0,462,1.05,0.9905,78,1.03,0.9716,2,1.055,0.9952,110,0
SPY190731P301,2019-07-29,2019-07-29 09:32:25,1.06,1.0,424,1.05,0.9905,37,1.03,0.9716,2,1.055,0.9952,110,0
SPY190731P301,2019-07-29,2019-07-29 09:32:26,1.08,1.0188,14,1.06,1.0,179,1.03,0.9716,2,1.07,1.0094,110,0
SPY190731P301,2019-07-29,2019-07-29 09:32:27,1.09,1.0283,514,1.07,1.0094,55,1.03,0.9716,2,1.08,1.0188,110,0
SPY190731P301,2019-07-29,2019-07-29 09:32:28,1.09,1.0283,808,1.07,1.0094,94,1.03,0.9716,2,1.08,1.0188,110,0
SPY190731P301,2019-07-29,2019-07-29 09:32:29,1.09,1.0283,6,1.08,1.0188,66,1.03,0.9716,2,1.085,1.0235,110,0
SPY190731P301,2019-07-29,2019-07-29 09:32:30,1.09,1.0283,44,1.08,1.0188,70,1.03,0.9716,2,1.085,1.0235,110,0
SPY190731P301,2019-07-29,2019-07-29 09:32:31,1.09,1.0283,21,1.08,1.0188,30,1.03,0.9716,2,1.085,1.0235,110,0
SPY190731P301,2019-07-29,2019-07-29 09:32:31,1.09,1.0283,41,1.08,1.0188,60,1.03,0.9716,2,1.085,1.0235,110,0
SPY190731P301,2019-07-29,2019-07-29 09:32:32,1.09,1.0283,22,1.08,1.0188,37,1.03,0.9716,2,1.085,1.0235,110,0
SPY190731P301,2019-07-29,2019-07-29 09:32:33,1.09,1.0283,452,1.07,1.0094,209,1.03,0.9716,2,1.08,1.0188,110,0
SPY190731P301,2019-07-29,2019-07-29 09:32:33,1.09,1.0283,444,1.07,1.0094,159,1.03,0.9716,2,1.08,1.0188,110,0
SPY190731P301,2019-07-29,2019-07-29 09:32:34,1.09,1.0283,460,1.07,1.0094,169,1.03,0.9716,2,1.08,1.0188,110,0
SPY190731P301,2019-07-29,2019-07-29 09:32:34,1.09,1.0283,376,1.08,1.0188,43,1.03,0.9716,2,1.085,1.0235,110,0
SPY190731P301,2019-07-29,2019-07-29 09:32:35,1.09,1.0283,31,1.08,1.0188,43,1.03,0.9716,2,1.085,1.0235,110,0
SPY190731P301,2019-07-29,2019-07-29 09:32:36,1.09,1.0283,66,1.08,1.0188,6,1.03,0.9716,2,1.085,1.0235,110,0
SPY190731P301,2019-07-29,2019-07-29 09:32:36,1.09,1.0283,66,1.08,1.0188,43,1.03,0.9716,2,1.085,1.0235,110,0
SPY190731P301,2019-07-29,2019-07-29 09:32:37,1.09,1.0283,655,1.08,1.0188,130,1.03,0.9716,2,1.085,1.0235,110,0
SPY190731P301,2019-07-29,2019-07-29 09:32:38,1.09,1.0283,30,1.08,1.0188,130,1.03,0.9716,2,1.085,1.0235,110,0
SPY190731P301,2019-07-29,2019-07-29 09:32:38,1.09,1.0283,47,1.08,1.0188,94,1.03,0.9716,2,1.085,1.0235,110,0
SPY190731P301,2019-07-29,2019-07-29 09:32:39,1.09,1.0283,405,1.08,1.0188,56,1.03,0.9716,2,1.085,1.0235,110,0
SPY190731P301,2019-07-29,2019-07-29 09:32:39,1.09,1.0283,80,1.07,1.0094,231,1.03,0.9716,2,1.08,1.0188,110,0
SPY190731P301,2019-07-29,2019-07-29 09:32:40,1.09,1.0283,207,1.08,1.0188,56,1.03,0.9716,2,1.085,1.0235,110,0
SPY190731P301,2019-07-29,2019-07-29 09:32:41,1.09,1.0283,276,1.08,1.0188,6,1.03,0.9716,2,1.085,1.0235,110,0
SPY190731P301,2019-07-29,2019-07-29 09:32:41,1.09,1.0283,418,1.08,1.0188,6,1.03,0.9716,2,1.085,1.0235,110,0
SPY190731P301,2019-07-29,2019-07-29 09:32:42,1.09,1.0283,418,1.08,1.0188,6,1.03,0.9716,2,1.085,1.0235,110,0
SPY190731P301,2019-07-29,2019-07-29 09:32:43,1.09,1.0283,155,1.07,1.0094,666,1.03,0.9716,2,1.08,1.0188,110,0
SPY190731P301,2019-07-29,2019-07-29 09:32:43,1.09,1.0283,424,1.06,1.0,171,1.03,0.9716,2,1.075,1.0141,110,0
SPY190731P301,2019-07-29,2019-07-29 09:32:44,1.09,1.0283,772,1.06,1.0,171,1.03,0.9716,2,1.075,1.0141,110,0
SPY190731P301,2019-07-29,2019-07-29 09:32:45,1.08,1.0188,62,1.07,1.0094,137,1.03,0.9716,2,1.075,1.0141,110,0
SPY190731P301,2019-07-29,2019-07-29 09:32:45,1.08,1.0188,16,1.07,1.0094,137,1.03,0.9716,2,1.075,1.0141,110,0
SPY190731P301,2019-07-29,2019-07-29 09:32:46,1.09,1.0283,710,1.07,1.0094,47,1.07,1.0094,4,1.08,1.0188,115,5
SPY190731P301,2019-07-29,2019-07-29 09:32:47,1.09,1.0283,729,1.08,1.0188,37,1.07,1.0094,4,1.085,1.0235,115,0
SPY190731P301,2019-07-29,2019-07-29 09:32:47,1.09,1.0283,547,1.08,1.0188,37,1.07,1.0094,4,1.085,1.0235,115,0
SPY190731P301,2019-07-29,2019-07-29 09:32:48,1.09,1.0283,555,1.07,1.0094,216,1.08,1.0188,2,1.08,1.0188,117,2
SPY190731P301,2019-07-29,2019-07-29 09:32:49,1.09,1.0283,555,1.08,1.0188,41,1.08,1.0188,2,1.085,1.0235,117,0
SPY190731P301,2019-07-29,2019-07-29 09:32:50,1.09,1.0283,629,1.08,1.0188,37,1.09,1.0283,10,1.085,1.0235,127,10
SPY190731P301,2019-07-29,2019-07-29 09:32:50,1.09,1.0283,555,1.08,1.0188,41,1.08,1.0188,2,1.085,1.0235,117,0
SPY190731P301,2019-07-29,2019-07-29 09:32:51,1.09,1.0283,555,1.08,1.0188,37,1.09,1.0283,10,1.085,1.0235,127,0
SPY190731P301,2019-07-29,2019-07-29 09:32:52,1.09,1.0283,414,1.08,1.0188,94,1.09,1.0283,10,1.085,1.0235,127,0
SPY190731P301,2019-07-29,2019-07-29 09:32:52,1.09,1.0283,413,1.08,1.0188,76,1.09,1.0283,10,1.085,1.0235,127,0
SPY190731P301,2019-07-29,2019-07-29 09:32:53,1.09,1.0283,413,1.08,1.0188,6,1.09,1.0283,10,1.085,1.0235,127,0
SPY190731P301,2019-07-29,2019-07-29 09:32:54,1.09,1.0283,468,1.07,1.0094,216,1.09,1.0283,10,1.08,1.0188,127,0
SPY190731P301,2019-07-29,2019-07-29 09:32:55,1.09,1.0283,468,1.08,1.0188,6,1.09,1.0283,10,1.085,1.0235,127,0
SPY190731P301,2019-07-29,2019-07-29 09:32:55,1.09,1.0283,549,1.08,1.0188,6,1.09,1.0283,10,1.085,1.0235,127,0
SPY190731P301,2019-07-29,2019-07-29 09:32:56,1.09,1.0283,468,1.08,1.0188,6,1.09,1.0283,10,1.085,1.0235,127,0
SPY190731P301,2019-07-29,2019-07-29 09:32:57,1.09,1.0283,462,1.08,1.0188,6,1.09,1.0283,10,1.085,1.0235,127,0
SPY190731P301,2019-07-29,2019-07-29 09:32:58,1.1,1.0377,62,1.09,1.0283,197,1.09,1.0283,1,1.095,1.033,133,0
SPY190731P301,2019-07-29,2019-07-29 09:32:58,1.1,1.0377,464,1.08,1.0188,435,1.09,1.0283,1,1.09,1.0283,133,6
SPY190731P301,2019-07-29,2019-07-29 09:32:59,1.1,1.0377,40,1.09,1.0283,216,1.09,1.0283,1,1.095,1.033,133,0
SPY190731P301,2019-07-29,2019-07-29 09:33:00,1.1,1.0377,40,1.09,1.0283,456,1.09,1.0283,1,1.095,1.033,133,0
SPY190731P301,2019-07-29,2019-07-29 09:33:00,1.1,1.0377,40,1.09,1.0283,486,1.09,1.0283,1,1.095,1.033,133,0
SPY190731P301,2019-07-29,2019-07-29 09:33:01,1.1,1.0377,40,1.09,1.0283,636,1.09,1.0283,1,1.095,1.033,133,0
SPY190731P301,2019-07-29,2019-07-29 09:33:02,1.12,1.0566,117,1.1,1.0377,5,1.1,1.0377,1,1.11,1.0471,173,40
SPY190731P301,2019-07-29,2019-07-29 09:33:02,1.12,1.0566,63,1.11,1.0471,66,1.1,1.0377,1,1.115,1.0518,173,0
SPY190731P301,2019-07-29,2019-07-29 09:33:03,1.12,1.0566,369,1.11,1.0471,84,1.1,1.0377,1,1.115,1.0518,173,0
SPY190731P301,2019-07-29,2019-07-29 09:33:03,1.12,1.0566,192,1.11,1.0471,56,1.1,1.0377,1,1.115,1.0518,173,0
SPY190731P301,2019-07-29,2019-07-29 09:33:04,1.12,1.0566,192,1.11,1.0471,73,1.1,1.0377,1,1.115,1.0518,173,0
SPY190731P301,2019-07-29,2019-07-29 09:33:05,1.12,1.0566,219,1.11,1.0471,32,1.1,1.0377,1,1.115,1.0518,173,0
SPY190731P301,2019-07-29,2019-07-29 09:33:05,1.12,1.0566,139,1.11,1.0471,37,1.1,1.0377,1,1.115,1.0518,173,0
SPY190731P301,2019-07-29,2019-07-29 09:33:06,1.12,1.0566,440,1.11,1.0471,37,1.1,1.0377,1,1.115,1.0518,173,0
SPY190731P301,2019-07-29,2019-07-29 09:33:06,1.12,1.0566,204,1.11,1.0471,37,1.1,1.0377,1,1.115,1.0518,173,0
SPY190731P301,2019-07-29,2019-07-29 09:33:07,1.12,1.0566,440,1.11,1.0471,47,1.1,1.0377,1,1.115,1.0518,173,0
SPY190731P301,2019-07-29,2019-07-29 09:33:08,1.13,1.066,382,1.12,1.0566,19,1.1,1.0377,1,1.125,1.0613,173,0
SPY190731P301,2019-07-29,2019-07-29 09:33:08,1.13,1.066,492,1.11,1.0471,369,1.1,1.0377,1,1.12,1.0566,173,0
SPY190731P301,2019-07-29,2019-07-29 09:33:09,1.13,1.066,793,1.12,1.0566,2,1.1,1.0377,1,1.125,1.0613,173,0
SPY190731P301,2019-07-29,2019-07-29 09:33:10,1.13,1.066,511,1.12,1.0566,2,1.1,1.0377,1,1.125,1.0613,173,0
SPY190731P301,2019-07-29,2019-07-29 09:33:10,1.13,1.066,971,1.1,1.0377,592,1.12,1.0566,2,1.115,1.0518,175,2
SPY190731P301,2019-07-29,2019-07-29 09:33:11,1.13,1.066,971,1.1,1.0377,517,1.12,1.0566,2,1.115,1.0518,175,0
SPY190731P301,2019-07-29,2019-07-29 09:33:12,1.12,1.0566,234,1.11,1.0471,19,1.12,1.0566,2,1.115,1.0518,175,0
SPY190731P301,2019-07-29,2019-07-29 09:33:12,1.12,1.0566,552,1.11,1.0471,41,1.12,1.0566,2,1.115,1.0518,175,0
SPY190731P301,2019-07-29,2019-07-29 09:33:13,1.12,1.0566,142,1.11,1.0471,67,1.12,1.0566,2,1.115,1.0518,175,0
SPY190731P301,2019-07-29,2019-07-29 09:33:14,1.12,1.0566,152,1.11,1.0471,41,1.12,1.0566,2,1.115,1.0518,175,0
SPY190731P301,2019-07-29,2019-07-29 09:33:14,1.12,1.0566,152,1.11,1.0471,42,1.12,1.0566,2,1.115,1.0518,175,0
SPY190731P301,2019-07-29,2019-07-29 09:33:15,1.13,1.066,552,1.11,1.0471,270,1.12,1.0566,2,1.12,1.0566,175,0
SPY190731P301,2019-07-29,2019-07-29 09:33:15,1.12,1.0566,152,1.11,1.0471,41,1.12,1.0566,2,1.115,1.0518,175,0
SPY190731P301,2019-07-29,2019-07-29 09:33:16,1.13,1.066,192,1.12,1.0566,37,1.12,1.0566,2,1.125,1.0613,175,0
SPY190731P301,2019-07-29,2019-07-29 09:33:17,1.14,1.0754,129,1.13,1.066,37,1.12,1.0566,2,1.135,1.0707,175,0
SPY190731P301,2019-07-29,2019-07-29 09:33:17,1.13,1.066,192,1.12,1.0566,37,1.12,1.0566,2,1.125,1.0613,175,0
SPY190731P301,2019-07-29,2019-07-29 09:33:18,1.13,1.066,1,1.12,1.0566,87,1.13,1.066,5,1.125,1.0613,180,0
SPY190731P301,2019-07-29,2019-07-29 09:33:18,1.14,1.0754,63,1.13,1.066,37,1.13,1.066,5,1.135,1.0707,180,5
SPY190731P301,2019-07-29,2019-07-29 09:33:19,1.13,1.066,10,1.12,1.0566,37,1.13,1.066,5,1.125,1.0613,180,0
SPY190731P301,2019-07-29,2019-07-29 09:33:19,1.14,1.0754,678,1.12,1.0566,37,1.13,1.066,5,1.13,1.066,180,0
SPY190731P301,2019-07-29,2019-07-29 09:33:20,1.13,1.066,160,1.12,1.0566,19,1.13,1.066,5,1.125,1.0613,180,0
SPY190731P301,2019-07-29,2019-07-29 09:33:21,1.13,1.066,573,1.11,1.0471,86,1.13,1.066,5,1.12,1.0566,180,0
SPY190731P301,2019-07-29,2019-07-29 09:33:21,1.12,1.0566,31,1.11,1.0471,107,1.13,1.066,5,1.115,1.0518,180,0
SPY190731P301,2019-07-29,2019-07-29 09:33:22,1.12,1.0566,147,1.11,1.0471,107,1.13,1.066,5,1.115,1.0518,180,0
SPY190731P301,2019-07-29,2019-07-29 09:33:23,1.12,1.0566,278,1.11,1.0471,43,1.13,1.066,5,1.115,1.0518,180,0
SPY190731P301,2019-07-29,2019-07-29 09:33:23,1.12,1.0566,181,1.11,1.0471,43,1.13,1.066,5,1.115,1.0518,180,0
SPY190731P301,2019-07-29,2019-07-29 09:33:24,1.12,1.0566,181,1.11,1.0471,43,1.13,1.066,5,1.115,1.0518,180,0
SPY190731P301,2019-07-29,2019-07-29 09:33:24,1.13,1.066,563,1.12,1.0566,6,1.13,1.066,5,1.125,1.0613,180,0
SPY190731P301,2019-07-29,2019-07-29 09:33:25,1.13,1.066,513,1.12,1.0566,41,1.13,1.066,5,1.125,1.0613,180,0
SPY190731P301,2019-07-29,2019-07-29 09:33:26,1.13,1.066,563,1.12,1.0566,6,1.13,1.066,5,1.125,1.0613,180,0
SPY190731P301,2019-07-29,2019-07-29 09:33:27,1.13,1.066,563,1.12,1.0566,41,1.13,1.066,5,1.125,1.0613,180,0
SPY190731P301,2019-07-29,2019-07-29 09:33:28,1.13,1.066,563,1.12,1.0566,41,1.13,1.066,5,1.125,1.0613,180,0
SPY190731P301,2019-07-29,2019-07-29 09:33:29,1.13,1.066,563,1.12,1.0566,52,1.13,1.066,5,1.125,1.0613,180,0
SPY190731P301,2019-07-29,2019-07-29 09:33:30,1.13,1.066,563,1.12,1.0566,42,1.13,1.066,5,1.125,1.0613,180,0
SPY190731P301,2019-07-29,2019-07-29 09:33:30,1.13,1.066,563,1.12,1.0566,107,1.13,1.066,5,1.125,1.0613,180,0
SPY190731P301,2019-07-29,2019-07-29 09:33:31,1.13,1.066,563,1.12,1.0566,107,1.13,1.066,5,1.125,1.0613,180,0
SPY190731P301,2019-07-29,2019-07-29 09:33:32,1.13,1.066,549,1.12,1.0566,37,1.13,1.066,5,1.125,1.0613,180,0
SPY190731P301,2019-07-29,2019-07-29 09:33:32,1.13,1.066,549,1.11,1.0471,322,1.13,1.066,5,1.12,1.0566,180,0
SPY190731P301,2019-07-29,2019-07-29 09:33:33,1.13,1.066,749,1.11,1.0471,322,1.13,1.066,5,1.12,1.0566,180,0
SPY190731P301,2019-07-29,2019-07-29 09:33:34,1.13,1.066,766,1.11,1.0471,210,1.13,1.066,5,1.12,1.0566,180,0
SPY190731P301,2019-07-29,2019-07-29 09:33:34,1.13,1.066,549,1.12,1.0566,41,1.13,1.066,5,1.125,1.0613,180,0
SPY190731P301,2019-07-29,2019-07-29 09:33:35,1.13,1.066,272,1.12,1.0566,41,1.13,1.066,5,1.125,1.0613,180,0
SPY190731P301,2019-07-29,2019-07-29 09:33:35,1.13,1.066,272,1.12,1.0566,37,1.13,1.066,5,1.125,1.0613,180,0
SPY190731P301,2019-07-29,2019-07-29 09:33:36,1.13,1.066,272,1.12,1.0566,37,1.13,1.066,5,1.125,1.0613,180,0
SPY190731P301,2019-07-29,2019-07-29 09:33:37,1.13,1.066,272,1.11,1.0471,234,1.13,1.066,5,1.12,1.0566,180,0
SPY190731P301,2019-07-29,2019-07-29 09:33:38,1.13,1.066,559,1.12,1.0566,37,1.13,1.066,5,1.125,1.0613,180,0
SPY190731P301,2019-07-29,2019-07-29 09:33:38,1.13,1.066,503,1.12,1.0566,37,1.13,1.066,5,1.125,1.0613,180,0
SPY190731P301,2019-07-29,2019-07-29 09:33:39,1.13,1.066,672,1.12,1.0566,37,1.13,1.066,5,1.125,1.0613,180,0
SPY190731P301,2019-07-29,2019-07-29 09:33:40,1.13,1.066,583,1.12,1.0566,37,1.13,1.066,5,1.125,1.0613,180,0
SPY190731P301,2019-07-29,2019-07-29 09:33:40,1.13,1.066,672,1.12,1.0566,37,1.13,1.066,5,1.125,1.0613,180,0
SPY190731P301,2019-07-29,2019-07-29 09:33:41,1.13,1.066,571,1.12,1.0566,37,1.13,1.066,5,1.125,1.0613,180,0
SPY190731P301,2019-07-29,2019-07-29 09:33:42,1.13,1.066,760,1.12,1.0566,37,1.13,1.066,5,1.125,1.0613,180,0
SPY190731P301,2019-07-29,2019-07-29 09:33:43,1.13,1.066,676,1.12,1.0566,1,1.12,1.0566,1,1.125,1.0613,181,0
SPY190731P301,2019-07-29,2019-07-29 09:33:43,1.13,1.066,760,1.12,1.0566,37,1.12,1.0566,1,1.125,1.0613,181,1
SPY190731P301,2019-07-29,2019-07-29 09:33:45,1.13,1.066,549,1.12,1.0566,1,1.12,1.0566,1,1.125,1.0613,181,0
SPY190731P301,2019-07-29,2019-07-29 09:33:46,1.13,1.066,549,1.12,1.0566,38,1.12,1.0566,1,1.125,1.0613,181,0
SPY190731P301,2019-07-29,2019-07-29 09:33:46,1.13,1.066,549,1.12,1.0566,44,1.12,1.0566,1,1.125,1.0613,181,0
SPY190731P301,2019-07-29,2019-07-29 09:33:47,1.13,1.066,592,1.12,1.0566,37,1.12,1.0566,1,1.125,1.0613,181,0
SPY190731P301,2019-07-29,2019-07-29 09:33:48,1.12,1.0566,1,1.12,1.0566,37,1.12,1.0566,1,1.12,1.0566,181,0
SPY190731P301,2019-07-29,2019-07-29 09:33:49,1.12,1.0566,141,1.11,1.0471,26,1.12,1.0566,1,1.115,1.0518,181,0
SPY190731P301,2019-07-29,2019-07-29 09:33:51,1.12,1.0566,76,1.11,1.0471,37,1.12,1.0566,1,1.115,1.0518,181,0
SPY190731P301,2019-07-29,2019-07-29 09:33:52,1.12,1.0566,101,1.11,1.0471,64,1.12,1.0566,1,1.115,1.0518,181,0
SPY190731P301,2019-07-29,2019-07-29 09:33:53,1.14,1.0754,138,1.13,1.066,6,1.12,1.0566,1,1.135,1.0707,181,0
SPY190731P301,2019-07-29,2019-07-29 09:33:53,1.13,1.066,564,1.11,1.0471,89,1.12,1.0566,1,1.12,1.0566,181,0
SPY190731P301,2019-07-29,2019-07-29 09:33:54,1.14,1.0754,204,1.13,1.066,41,1.12,1.0566,1,1.135,1.0707,181,0
SPY190731P301,2019-07-29,2019-07-29 09:33:55,1.14,1.0754,204,1.13,1.066,37,1.12,1.0566,1,1.135,1.0707,181,0
SPY190731P301,2019-07-29,2019-07-29 09:33:55,1.14,1.0754,276,1.13,1.066,46,1.12,1.0566,1,1.135,1.0707,181,0
SPY190731P301,2019-07-29,2019-07-29 09:33:56,1.14,1.0754,101,1.13,1.066,41,1.12,1.0566,1,1.135,1.0707,181,0
SPY190731P301,2019-07-29,2019-07-29 09:33:57,1.14,1.0754,206,1.13,1.066,37,1.12,1.0566,1,1.135,1.0707,181,0
SPY190731P301,2019-07-29,2019-07-29 09:33:58,1.14,1.0754,270,1.13,1.066,37,1.12,1.0566,1,1.135,1.0707,181,0
SPY190731P301,2019-07-29,2019-07-29 09:33:59,1.13,1.066,3,1.12,1.0566,84,1.12,1.0566,1,1.125,1.0613,181,0
SPY190731P301,2019-07-29,2019-07-29 09:34:00,1.13,1.066,3,1.12,1.0566,260,1.12,1.0566,1,1.125,1.0613,181,0
SPY190731P301,2019-07-29,2019-07-29 09:34:01,1.13,1.066,128,1.12,1.0566,41,1.12,1.0566,1,1.125,1.0613,181,0
SPY190731P301,2019-07-29,2019-07-29 09:34:01,1.13,1.066,398,1.12,1.0566,41,1.12,1.0566,1,1.125,1.0613,181,0
SPY190731P301,2019-07-29,2019-07-29 09:34:02,1.12,1.0566,67,1.11,1.0471,119,1.12,1.0566,1,1.115,1.0518,181,0
SPY190731P301,2019-07-29,2019-07-29 09:34:02,1.12,1.0566,1,1.11,1.0471,210,1.12,1.0566,1,1.115,1.0518,181,0
SPY190731P301,2019-07-29,2019-07-29 09:34:03,1.12,1.0566,85,1.11,1.0471,6,1.12,1.0566,1,1.115,1.0518,181,0
SPY190731P301,2019-07-29,2019-07-29 09:34:04,1.12,1.0566,223,1.11,1.0471,6,1.12,1.0566,1,1.115,1.0518,181,0
SPY190731P301,2019-07-29,2019-07-29 09:34:04,1.12,1.0566,366,1.11,1.0471,10,1.12,1.0566,1,1.115,1.0518,181,0
SPY190731P301,2019-07-29,2019-07-29 09:34:05,1.12,1.0566,436,1.11,1.0471,6,1.12,1.0566,1,1.115,1.0518,181,0
SPY190731P301,2019-07-29,2019-07-29 09:34:06,1.12,1.0566,436,1.1,1.0377,160,1.12,1.0566,1,1.11,1.0471,181,0
SPY190731P301,2019-07-29,2019-07-29 09:34:07,1.11,1.0471,497,1.1,1.0377,37,1.12,1.0566,1,1.105,1.0424,181,0
SPY190731P301,2019-07-29,2019-07-29 09:34:07,1.12,1.0566,532,1.1,1.0377,210,1.12,1.0566,1,1.11,1.0471,181,0
SPY190731P301,2019-07-29,2019-07-29 09:34:08,1.11,1.0471,497,1.1,1.0377,37,1.12,1.0566,1,1.105,1.0424,181,0
SPY190731P301,2019-07-29,2019-07-29 09:34:08,1.1,1.0377,127,1.09,1.0283,70,1.12,1.0566,1,1.095,1.033,181,0
SPY190731P301,2019-07-29,2019-07-29 09:34:09,1.1,1.0377,189,1.09,1.0283,6,1.1,1.0377,1,1.095,1.033,182,1
SPY190731P301,2019-07-29,2019-07-29 09:34:10,1.1,1.0377,549,1.09,1.0283,6,1.1,1.0377,1,1.095,1.033,182,0
SPY190731P301,2019-07-29,2019-07-29 09:34:10,1.09,1.0283,1,1.08,1.0188,484,1.1,1.0377,1,1.085,1.0235,182,0
SPY190731P301,2019-07-29,2019-07-29 09:34:11,1.09,1.0283,1,1.08,1.0188,447,1.1,1.0377,1,1.085,1.0235,182,0
SPY190731P301,2019-07-29,2019-07-29 09:34:11,1.09,1.0283,1,1.08,1.0188,484,1.1,1.0377,1,1.085,1.0235,182,0
SPY190731P301,2019-07-29,2019-07-29 09:34:12,1.09,1.0283,1,1.08,1.0188,336,1.1,1.0377,1,1.085,1.0235,182,0
SPY190731P301,2019-07-29,2019-07-29 09:34:13,1.09,1.0283,24,1.08,1.0188,160,1.1,1.0377,1,1.085,1.0235,182,0
SPY190731P301,2019-07-29,2019-07-29 09:34:13,1.1,1.0377,535,1.09,1.0283,6,1.1,1.0377,1,1.095,1.033,182,0
SPY190731P301,2019-07-29,2019-07-29 09:34:14,1.09,1.0283,24,1.08,1.0188,210,1.1,1.0377,1,1.085,1.0235,182,0
SPY190731P301,2019-07-29,2019-07-29 09:34:14,1.09,1.0283,24,1.07,1.0094,486,1.1,1.0377,1,1.08,1.0188,182,0
SPY190731P301,2019-07-29,2019-07-29 09:34:15,1.09,1.0283,200,1.08,1.0188,43,1.1,1.0377,1,1.085,1.0235,182,0
SPY190731P301,2019-07-29,2019-07-29 09:34:16,1.09,1.0283,200,1.08,1.0188,43,1.1,1.0377,1,1.085,1.0235,182,0
SPY190731P301,2019-07-29,2019-07-29 09:34:17,1.09,1.0283,410,1.08,1.0188,44,1.1,1.0377,1,1.085,1.0235,182,0
SPY190731P301,2019-07-29,2019-07-29 09:34:17,1.09,1.0283,410,1.08,1.0188,37,1.1,1.0377,1,1.085,1.0235,182,0
SPY190731P301,2019-07-29,2019-07-29 09:34:18,1.09,1.0283,497,1.08,1.0188,38,1.09,1.0283,1,1.085,1.0235,183,1
SPY190731P301,2019-07-29,2019-07-29 09:34:19,1.09,1.0283,598,1.08,1.0188,43,1.09,1.0283,1,1.085,1.0235,183,0
SPY190731P301,2019-07-29,2019-07-29 09:34:19,1.09,1.0283,598,1.07,1.0094,266,1.09,1.0283,1,1.08,1.0188,183,0
SPY190731P301,2019-07-29,2019-07-29 09:34:20,1.08,1.0188,5,1.07,1.0094,213,1.08,1.0188,4,1.075,1.0141,187,4
SPY190731P301,2019-07-29,2019-07-29 09:34:21,1.08,1.0188,214,1.06,1.0,213,1.08,1.0188,4,1.07,1.0094,187,0
SPY190731P301,2019-07-29,2019-07-29 09:34:21,1.08,1.0188,222,1.07,1.0094,41,1.08,1.0188,4,1.075,1.0141,187,0
SPY190731P301,2019-07-29,2019-07-29 09:34:22,1.07,1.0094,1,1.06,1.0,213,1.08,1.0188,4,1.065,1.0047,187,0
SPY190731P301,2019-07-29,2019-07-29 09:34:23,1.08,1.0188,682,1.06,1.0,100,1.08,1.0188,4,1.07,1.0094,187,0
SPY190731P301,2019-07-29,2019-07-29 09:34:24,1.08,1.0188,682,1.07,1.0094,37,1.08,1.0188,4,1.075,1.0141,187,0
SPY190731P301,2019-07-29,2019-07-29 09:34:24,1.08,1.0188,318,1.07,1.0094,37,1.08,1.0188,4,1.075,1.0141,187,0
SPY190731P301,2019-07-29,2019-07-29 09:34:25,1.07,1.0094,30,1.06,1.0,37,1.08,1.0188,4,1.065,1.0047,187,0
SPY190731P301,2019-07-29,2019-07-29 09:34:25,1.08,1.0188,318,1.06,1.0,318,1.08,1.0188,4,1.07,1.0094,187,0
SPY190731P301,2019-07-29,2019-07-29 09:34:26,1.07,1.0094,30,1.05,0.9905,213,1.08,1.0188,4,1.06,1.0,187,0
SPY190731P301,2019-07-29,2019-07-29 09:34:27,1.07,1.0094,605,1.05,0.9905,70,1.06,1.0,10,1.06,1.0,197,10
SPY190731P301,2019-07-29,2019-07-29 09:34:27,1.06,1.0,23,1.05,0.9905,247,1.08,1.0188,4,1.055,0.9952,187,0
SPY190731P301,2019-07-29,2019-07-29 09:34:28,1.06,1.0,128,1.05,0.9905,44,1.06,1.0,10,1.055,0.9952,197,0
SPY190731P301,2019-07-29,2019-07-29 09:34:29,1.06,1.0,67,1.05,0.9905,163,1.06,1.0,10,1.055,0.9952,197,0
SPY190731P301,2019-07-29,2019-07-29 09:34:29,1.06,1.0,1,1.05,0.9905,176,1.06,1.0,10,1.055,0.9952,197,0
SPY190731P301,2019-07-29,2019-07-29 09:34:30,1.06,1.0,18,1.05,0.9905,176,1.06,1.0,10,1.055,0.9952,197,0
SPY190731P301,2019-07-29,2019-07-29 09:34:31,1.06,1.0,1,1.05,0.9905,213,1.06,1.0,10,1.055,0.9952,197,0
SPY190731P301,2019-07-29,2019-07-29 09:34:32,1.07,1.0094,546,1.06,1.0,6,1.06,1.0,10,1.065,1.0047,197,0
SPY190731P301,2019-07-29,2019-07-29 09:34:33,1.07,1.0094,458,1.06,1.0,41,1.06,1.0,10,1.065,1.0047,197,0
SPY190731P301,2019-07-29,2019-07-29 09:34:33,1.07,1.0094,318,1.06,1.0,41,1.06,1.0,10,1.065,1.0047,197,0
SPY190731P301,2019-07-29,2019-07-29 09:34:34,1.07,1.0094,547,1.06,1.0,6,1.06,1.0,10,1.065,1.0047,197,0
SPY190731P301,2019-07-29,2019-07-29 09:34:35,1.07,1.0094,321,1.06,1.0,37,1.07,1.0094,10,1.065,1.0047,207,0
SPY190731P301,2019-07-29,2019-07-29 09:34:35,1.07,1.0094,480,1.06,1.0,37,1.07,1.0094,10,1.065,1.0047,207,10
SPY190731P301,2019-07-29,2019-07-29 09:34:36,1.07,1.0094,432,1.06,1.0,37,1.07,1.0094,10,1.065,1.0047,207,0
SPY190731P301,2019-07-29,2019-07-29 09:34:36,1.07,1.0094,640,1.04,0.9811,28,1.07,1.0094,10,1.055,0.9952,207,0
SPY190731P301,2019-07-29,2019-07-29 09:34:37,1.07,1.0094,345,1.05,0.9905,158,1.07,1.0094,10,1.06,1.0,207,0
SPY190731P301,2019-07-29,2019-07-29 09:34:39,1.07,1.0094,1,1.06,1.0,28,1.07,1.0094,10,1.065,1.0047,207,0
SPY190731P301,2019-07-29,2019-07-29 09:34:39,1.07,1.0094,126,1.05,0.9905,158,1.07,1.0094,10,1.06,1.0,207,0
SPY190731P301,2019-07-29,2019-07-29 09:34:40,1.07,1.0094,13,1.06,1.0,33,1.07,1.0094,10,1.065,1.0047,207,0
SPY190731P301,2019-07-29,2019-07-29 09:34:41,1.09,1.0283,103,1.06,1.0,360,1.07,1.0094,10,1.075,1.0141,207,0
SPY190731P301,2019-07-29,2019-07-29 09:34:41,1.07,1.0094,68,1.06,1.0,360,1.07,1.0094,10,1.065,1.0047,207,0
SPY190731P301,2019-07-29,2019-07-29 09:34:42,1.09,1.0283,103,1.07,1.0094,381,1.07,1.0094,10,1.08,1.0188,207,0
SPY190731P301,2019-07-29,2019-07-29 09:34:43,1.09,1.0283,143,1.07,1.0094,320,1.07,1.0094,10,1.08,1.0188,207,0
SPY190731P301,2019-07-29,2019-07-29 09:34:44,1.09,1.0283,289,1.08,1.0188,35,1.07,1.0094,10,1.085,1.0235,207,0
SPY190731P301,2019-07-29,2019-07-29 09:34:44,1.09,1.0283,272,1.08,1.0188,28,1.07,1.0094,10,1.085,1.0235,207,0
SPY190731P301,2019-07-29,2019-07-29 09:34:45,1.09,1.0283,289,1.08,1.0188,35,1.07,1.0094,10,1.085,1.0235,207,0
SPY190731P301,2019-07-29,2019-07-29 09:34:45,1.08,1.0188,449,1.07,1.0094,58,1.07,1.0094,10,1.075,1.0141,207,0
SPY190731P301,2019-07-29,2019-07-29 09:34:46,1.08,1.0188,505,1.07,1.0094,61,1.07,1.0094,10,1.075,1.0141,207,0
SPY190731P301,2019-07-29,2019-07-29 09:34:47,1.08,1.0188,118,1.07,1.0094,70,1.08,1.0188,2,1.075,1.0141,209,2
SPY190731P301,2019-07-29,2019-07-29 09:34:48,1.09,1.0283,542,1.07,1.0094,320,1.08,1.0188,2,1.08,1.0188,209,0
SPY190731P301,2019-07-29,2019-07-29 09:34:48,1.08,1.0188,11,1.07,1.0094,56,1.08,1.0188,2,1.075,1.0141,209,0
SPY190731P301,2019-07-29,2019-07-29 09:34:49,1.09,1.0283,542,1.08,1.0188,62,1.08,1.0188,2,1.085,1.0235,209,0
SPY190731P301,2019-07-29,2019-07-29 09:34:50,1.09,1.0283,193,1.08,1.0188,28,1.08,1.0188,2,1.085,1.0235,209,0
SPY190731P301,2019-07-29,2019-07-29 09:34:50,1.09,1.0283,542,1.08,1.0188,62,1.08,1.0188,2,1.085,1.0235,209,0
SPY190731P301,2019-07-29,2019-07-29 09:34:51,1.09,1.0283,152,1.08,1.0188,28,1.08,1.0188,2,1.085,1.0235,209,0
SPY190731P301,2019-07-29,2019-07-29 09:34:51,1.09,1.0283,193,1.08,1.0188,28,1.08,1.0188,2,1.085,1.0235,209,0
SPY190731P301,2019-07-29,2019-07-29 09:34:52,1.09,1.0283,511,1.08,1.0188,28,1.08,1.0188,2,1.085,1.0235,209,0
SPY190731P301,2019-07-29,2019-07-29 09:34:53,1.09,1.0283,471,1.08,1.0188,28,1.08,1.0188,2,1.085,1.0235,209,0
SPY190731P301,2019-07-29,2019-07-29 09:34:53,1.09,1.0283,477,1.07,1.0094,404,1.08,1.0188,2,1.08,1.0188,209,0
SPY190731P301,2019-07-29,2019-07-29 09:34:54,1.09,1.0283,508,1.07,1.0094,290,1.08,1.0188,2,1.08,1.0188,209,0
SPY190731P301,2019-07-29,2019-07-29 09:34:54,1.09,1.0283,487,1.07,1.0094,194,1.08,1.0188,2,1.08,1.0188,209,0
SPY190731P301,2019-07-29,2019-07-29 09:34:55,1.09,1.0283,139,1.07,1.0094,194,1.08,1.0188,2,1.08,1.0188,209,0
SPY190731P301,2019-07-29,2019-07-29 09:34:56,1.09,1.0283,5,1.08,1.0188,85,1.08,1.0188,2,1.085,1.0235,209,0
SPY190731P301,2019-07-29,2019-07-29 09:34:56,1.09,1.0283,452,1.08,1.0188,58,1.08,1.0188,2,1.085,1.0235,209,0
SPY190731P301,2019-07-29,2019-07-29 09:34:57,1.09,1.0283,441,1.08,1.0188,26,1.08,1.0188,2,1.085,1.0235,209,0
SPY190731P301,2019-07-29,2019-07-29 09:34:58,1.09,1.0283,447,1.08,1.0188,28,1.08,1.0188,2,1.085,1.0235,209,0
SPY190731P301,2019-07-29,2019-07-29 09:34:58,1.09,1.0283,447,1.08,1.0188,13,1.08,1.0188,2,1.085,1.0235,209,0
SPY190731P301,2019-07-29,2019-07-29 09:34:59,1.08,1.0188,1,1.07,1.0094,859,1.08,1.0188,2,1.075,1.0141,209,0
SPY190731P301,2019-07-29,2019-07-29 09:35:00,1.1,1.0377,189,1.09,1.0283,33,1.08,1.0188,2,1.095,1.033,209,0
SPY190731P301,2019-07-29,2019-07-29 09:35:00,1.1,1.0377,503,1.07,1.0094,859,1.08,1.0188,2,1.085,1.0235,209,0
SPY190731P301,2019-07-29,2019-07-29 09:35:01,1.1,1.0377,241,1.09,1.0283,33,1.08,1.0188,2,1.095,1.033,209,0
SPY190731P301,2019-07-29,2019-07-29 09:35:02,1.11,1.0471,100,1.1,1.0377,33,1.08,1.0188,2,1.105,1.0424,209,0
SPY190731P301,2019-07-29,2019-07-29 09:35:02,1.11,1.0471,366,1.1,1.0377,33,1.08,1.0188,2,1.105,1.0424,209,0
SPY190731P301,2019-07-29,2019-07-29 09:35:03,1.12,1.0566,536,1.1,1.0377,132,1.08,1.0188,2,1.11,1.0471,209,0
SPY190731P301,2019-07-29,2019-07-29 09:35:03,1.11,1.0471,99,1.1,1.0377,77,1.08,1.0188,2,1.105,1.0424,209,0
SPY190731P301,2019-07-29,2019-07-29 09:35:04,1.11,1.0471,396,1.1,1.0377,28,1.08,1.0188,2,1.105,1.0424,209,0
SPY190731P301,2019-07-29,2019-07-29 09:35:05,1.11,1.0471,396,1.1,1.0377,28,1.08,1.0188,2,1.105,1.0424,209,0
SPY190731P301,2019-07-29,2019-07-29 09:35:05,1.11,1.0471,366,1.09,1.0283,138,1.08,1.0188,2,1.1,1.0377,209,0
SPY190731P301,2019-07-29,2019-07-29 09:35:06,1.11,1.0471,537,1.1,1.0377,28,1.08,1.0188,2,1.105,1.0424,209,0
SPY190731P301,2019-07-29,2019-07-29 09:35:07,1.1,1.0377,10,1.09,1.0283,176,1.08,1.0188,2,1.095,1.033,209,0
SPY190731P301,2019-07-29,2019-07-29 09:35:07,1.11,1.0471,51,1.1,1.0377,130,1.08,1.0188,2,1.105,1.0424,209,0
SPY190731P301,2019-07-29,2019-07-29 09:35:08,1.11,1.0471,28,1.1,1.0377,133,1.08,1.0188,2,1.105,1.0424,209,0
SPY190731P301,2019-07-29,2019-07-29 09:35:09,1.11,1.0471,10,1.1,1.0377,81,1.08,1.0188,2,1.105,1.0424,209,0
SPY190731P301,2019-07-29,2019-07-29 09:35:09,1.12,1.0566,182,1.11,1.0471,33,1.08,1.0188,2,1.115,1.0518,209,0
SPY190731P301,2019-07-29,2019-07-29 09:35:10,1.12,1.0566,542,1.11,1.0471,28,1.08,1.0188,2,1.115,1.0518,209,0
SPY190731P301,2019-07-29,2019-07-29 09:35:11,1.12,1.0566,542,1.1,1.0377,478,1.08,1.0188,2,1.11,1.0471,209,0
SPY190731P301,2019-07-29,2019-07-29 09:35:11,1.12,1.0566,542,1.11,1.0471,33,1.08,1.0188,2,1.115,1.0518,209,0
SPY190731P301,2019-07-29,2019-07-29 09:35:12,1.12,1.0566,176,1.11,1.0471,35,1.08,1.0188,2,1.115,1.0518,209,0
SPY190731P301,2019-07-29,2019-07-29 09:35:12,1.12,1.0566,182,1.11,1.0471,40,1.08,1.0188,2,1.115,1.0518,209,0
SPY190731P301,2019-07-29,2019-07-29 09:35:13,1.12,1.0566,176,1.11,1.0471,34,1.08,1.0188,2,1.115,1.0518,209,0
SPY190731P301,2019-07-29,2019-07-29 09:35:14,1.11,1.0471,6,1.1,1.0377,134,1.08,1.0188,2,1.105,1.0424,209,0
SPY190731P301,2019-07-29,2019-07-29 09:35:14,1.12,1.0566,542,1.1,1.0377,211,1.08,1.0188,2,1.11,1.0471,209,0
SPY190731P301,2019-07-29,2019-07-29 09:35:15,1.12,1.0566,548,1.1,1.0377,159,1.08,1.0188,2,1.11,1.0471,209,0
SPY190731P301,2019-07-29,2019-07-29 09:35:15,1.12,1.0566,705,1.1,1.0377,159,1.08,1.0188,2,1.11,1.0471,209,0
SPY190731P301,2019-07-29,2019-07-29 09:35:16,1.12,1.0566,330,1.11,1.0471,33,1.08,1.0188,2,1.115,1.0518,209,0
SPY190731P301,2019-07-29,2019-07-29 09:35:17,1.12,1.0566,176,1.11,1.0471,33,1.08,1.0188,2,1.115,1.0518,209,0
SPY190731P301,2019-07-29,2019-07-29 09:35:17,1.12,1.0566,188,1.11,1.0471,33,1.08,1.0188,2,1.115,1.0518,209,0
SPY190731P301,2019-07-29,2019-07-29 09:35:18,1.12,1.0566,264,1.11,1.0471,33,1.08,1.0188,2,1.115,1.0518,209,0
SPY190731P301,2019-07-29,2019-07-29 09:35:18,1.12,1.0566,278,1.11,1.0471,33,1.08,1.0188,2,1.115,1.0518,209,0
SPY190731P301,2019-07-29,2019-07-29 09:35:19,1.12,1.0566,542,1.11,1.0471,33,1.08,1.0188,2,1.115,1.0518,209,0
SPY190731P301,2019-07-29,2019-07-29 09:35:19,1.12,1.0566,542,1.11,1.0471,14,1.08,1.0188,2,1.115,1.0518,209,0
SPY190731P301,2019-07-29,2019-07-29 09:35:20,1.11,1.0471,87,1.1,1.0377,134,1.08,1.0188,2,1.105,1.0424,209,0
SPY190731P301,2019-07-29,2019-07-29 09:35:21,1.11,1.0471,377,1.1,1.0377,134,1.08,1.0188,2,1.105,1.0424,209,0
SPY190731P301,2019-07-29,2019-07-29 09:35:21,1.1,1.0377,61,1.09,1.0283,109,1.08,1.0188,2,1.095,1.033,209,0
SPY190731P301,2019-07-29,2019-07-29 09:35:22,1.1,1.0377,61,1.09,1.0283,57,1.08,1.0188,2,1.095,1.033,209,0
SPY190731P301,2019-07-29,2019-07-29 09:35:22,1.11,1.0471,548,1.1,1.0377,28,1.08,1.0188,2,1.105,1.0424,209,0
SPY190731P301,2019-07-29,2019-07-29 09:35:23,1.11,1.0471,548,1.09,1.0283,138,1.08,1.0188,2,1.1,1.0377,209,0
SPY190731P301,2019-07-29,2019-07-29 09:35:24,1.1,1.0377,209,1.08,1.0188,581,1.08,1.0188,2,1.09,1.0283,209,0
SPY190731P301,2019-07-29,2019-07-29 09:35:25,1.1,1.0377,259,1.08,1.0188,479,1.08,1.0188,2,1.09,1.0283,209,0
SPY190731P301,2019-07-29,2019-07-29 09:35:26,1.1,1.0377,259,1.09,1.0283,34,1.08,1.0188,2,1.095,1.033,209,0
SPY190731P301,2019-07-29,2019-07-29 09:35:26,1.1,1.0377,317,1.09,1.0283,33,1.08,1.0188,2,1.095,1.033,209,0
SPY190731P301,2019-07-29,2019-07-29 09:35:27,1.1,1.0377,317,1.09,1.0283,33,1.08,1.0188,2,1.095,1.033,209,0
SPY190731P301,2019-07-29,2019-07-29 09:35:28,1.09,1.0283,64,1.07,1.0094,506,1.08,1.0188,2,1.08,1.0188,209,0
SPY190731P301,2019-07-29,2019-07-29 09:35:29,1.09,1.0283,548,1.07,1.0094,567,1.08,1.0188,2,1.08,1.0188,209,0
SPY190731P301,2019-07-29,2019-07-29 09:35:29,1.09,1.0283,138,1.07,1.0094,499,1.08,1.0188,2,1.08,1.0188,209,0
SPY190731P301,2019-07-29,2019-07-29 09:35:30,1.09,1.0283,372,1.07,1.0094,79,1.08,1.0188,2,1.08,1.0188,209,0
SPY190731P301,2019-07-29,2019-07-29 09:35:31,1.08,1.0188,437,1.07,1.0094,6,1.08,1.0188,2,1.075,1.0141,209,0
SPY190731P301,2019-07-29,2019-07-29 09:35:31,1.08,1.0188,436,1.06,1.0,438,1.08,1.0188,2,1.07,1.0094,209,0
SPY190731P301,2019-07-29,2019-07-29 09:35:32,1.06,1.0,5,1.04,0.9811,257,1.08,1.0188,2,1.05,0.9905,209,0
SPY190731P301,2019-07-29,2019-07-29 09:35:32,1.06,1.0,16,1.05,0.9905,14,1.08,1.0188,2,1.055,0.9952,209,0
SPY190731P301,2019-07-29,2019-07-29 09:35:33,1.06,1.0,476,1.04,0.9811,100,1.08,1.0188,2,1.05,0.9905,209,0
SPY190731P301,2019-07-29,2019-07-29 09:35:34,1.05,0.9905,1,1.04,0.9811,44,1.08,1.0188,2,1.045,0.9858,209,0
SPY190731P301,2019-07-29,2019-07-29 09:35:34,1.06,1.0,496,1.05,0.9905,6,1.08,1.0188,2,1.055,0.9952,209,0
SPY190731P301,2019-07-29,2019-07-29 09:35:35,1.06,1.0,556,1.04,0.9811,551,1.08,1.0188,2,1.05,0.9905,209,0
SPY190731P301,2019-07-29,2019-07-29 09:35:36,1.06,1.0,546,1.04,0.9811,268,1.08,1.0188,2,1.05,0.9905,209,0
SPY190731P301,2019-07-29,2019-07-29 09:35:36,1.05,0.9905,47,1.04,0.9811,208,1.08,1.0188,2,1.045,0.9858,209,0
SPY190731P301,2019-07-29,2019-07-29 09:35:37,1.06,1.0,541,1.04,0.9811,647,1.08,1.0188,2,1.05,0.9905,209,0
SPY190731P301,2019-07-29,2019-07-29 09:35:37,1.06,1.0,560,1.04,0.9811,321,1.08,1.0188,2,1.05,0.9905,209,0
SPY190731P301,2019-07-29,2019-07-29 09:35:38,1.07,1.0094,557,1.05,0.9905,209,1.08,1.0188,2,1.06,1.0,209,0
SPY190731P301,2019-07-29,2019-07-29 09:35:39,1.07,1.0094,486,1.06,1.0,33,1.08,1.0188,2,1.065,1.0047,209,0
SPY190731P301,2019-07-29,2019-07-29 09:35:39,1.07,1.0094,126,1.06,1.0,33,1.08,1.0188,2,1.065,1.0047,209,0
SPY190731P301,2019-07-29,2019-07-29 09:35:40,1.07,1.0094,198,1.06,1.0,33,1.08,1.0188,2,1.065,1.0047,209,0
SPY190731P301,2019-07-29,2019-07-29 09:35:41,1.07,1.0094,192,1.06,1.0,6,1.08,1.0188,2,1.065,1.0047,209,0
SPY190731P301,2019-07-29,2019-07-29 09:35:42,1.06,1.0,1,1.06,1.0,28,1.08,1.0188,2,1.06,1.0,209,0
SPY190731P301,2019-07-29,2019-07-29 09:35:42,1.06,1.0,1,1.05,0.9905,538,1.08,1.0188,2,1.055,0.9952,209,0
SPY190731P301,2019-07-29,2019-07-29 09:35:43,1.06,1.0,1,1.06,1.0,34,1.08,1.0188,2,1.06,1.0,209,0
SPY190731P301,2019-07-29,2019-07-29 09:35:43,1.07,1.0094,343,1.06,1.0,134,1.08,1.0188,2,1.065,1.0047,209,0
SPY190731P301,2019-07-29,2019-07-29 09:35:44,1.09,1.0283,544,1.07,1.0094,138,1.07,1.0094,5,1.08,1.0188,214,5
SPY190731P301,2019-07-29,2019-07-29 09:35:45,1.09,1.0283,554,1.07,1.0094,589,1.07,1.0094,5,1.08,1.0188,214,0
SPY190731P301,2019-07-29,2019-07-29 09:35:45,1.09,1.0283,142,1.07,1.0094,589,1.07,1.0094,5,1.08,1.0188,214,0
SPY190731P301,2019-07-29,2019-07-29 09:35:46,1.09,1.0283,129,1.08,1.0188,33,1.07,1.0094,5,1.085,1.0235,214,0
SPY190731P301,2019-07-29,2019-07-29 09:35:47,1.09,1.0283,179,1.08,1.0188,28,1.07,1.0094,5,1.085,1.0235,214,0
SPY190731P301,2019-07-29,2019-07-29 09:35:48,1.09,1.0283,185,1.08,1.0188,33,1.07,1.0094,5,1.085,1.0235,214,0
SPY190731P301,2019-07-29,2019-07-29 09:35:49,1.09,1.0283,142,1.08,1.0188,43,1.07,1.0094,5,1.085,1.0235,214,0
SPY190731P301,2019-07-29,2019-07-29 09:35:49,1.09,1.0283,129,1.08,1.0188,33,1.07,1.0094,5,1.085,1.0235,214,0
SPY190731P301,2019-07-29,2019-07-29 09:35:50,1.09,1.0283,129,1.08,1.0188,43,1.07,1.0094,5,1.085,1.0235,214,0
SPY190731P301,2019-07-29,2019-07-29 09:35:51,1.09,1.0283,155,1.08,1.0188,33,1.07,1.0094,5,1.085,1.0235,214,0
SPY190731P301,2019-07-29,2019-07-29 09:35:51,1.09,1.0283,105,1.08,1.0188,33,1.07,1.0094,5,1.085,1.0235,214,0
SPY190731P301,2019-07-29,2019-07-29 09:35:52,1.09,1.0283,168,1.08,1.0188,33,1.07,1.0094,5,1.085,1.0235,214,0
SPY190731P301,2019-07-29,2019-07-29 09:35:52,1.09,1.0283,156,1.08,1.0188,44,1.07,1.0094,5,1.085,1.0235,214,0
SPY190731P301,2019-07-29,2019-07-29 09:35:53,1.09,1.0283,188,1.08,1.0188,33,1.07,1.0094,5,1.085,1.0235,214,0
SPY190731P301,2019-07-29,2019-07-29 09:35:53,1.09,1.0283,187,1.08,1.0188,33,1.07,1.0094,5,1.085,1.0235,214,0
SPY190731P301,2019-07-29,2019-07-29 09:35:54,1.09,1.0283,281,1.08,1.0188,44,1.07,1.0094,5,1.085,1.0235,214,0
SPY190731P301,2019-07-29,2019-07-29 09:35:55,1.09,1.0283,5,1.08,1.0188,33,1.07,1.0094,5,1.085,1.0235,214,0
SPY190731P301,2019-07-29,2019-07-29 09:35:56,1.09,1.0283,924,1.07,1.0094,55,1.07,1.0094,5,1.08,1.0188,214,0
SPY190731P301,2019-07-29,2019-07-29 09:35:56,1.09,1.0283,139,1.08,1.0188,33,1.07,1.0094,5,1.085,1.0235,214,0
SPY190731P301,2019-07-29,2019-07-29 09:35:57,1.09,1.0283,289,1.07,1.0094,55,1.07,1.0094,5,1.08,1.0188,214,0
SPY190731P301,2019-07-29,2019-07-29 09:35:58,1.09,1.0283,213,1.07,1.0094,77,1.07,1.0094,5,1.08,1.0188,214,0
SPY190731P301,2019-07-29,2019-07-29 09:35:59,1.08,1.0188,108,1.07,1.0094,28,1.07,1.0094,5,1.075,1.0141,214,0
SPY190731P301,2019-07-29,2019-07-29 09:35:59,1.08,1.0188,129,1.07,1.0094,33,1.07,1.0094,5,1.075,1.0141,214,0
SPY190731P301,2019-07-29,2019-07-29 09:36:00,1.07,1.0094,5,1.06,1.0,100,1.07,1.0094,5,1.065,1.0047,214,0
SPY190731P301,2019-07-29,2019-07-29 09:36:01,1.07,1.0094,548,1.06,1.0,50,1.07,1.0094,5,1.065,1.0047,214,0
SPY190731P301,2019-07-29,2019-07-29 09:36:02,1.07,1.0094,375,1.06,1.0,50,1.07,1.0094,5,1.065,1.0047,214,0
SPY190731P301,2019-07-29,2019-07-29 09:36:03,1.07,1.0094,1046,1.06,1.0,50,1.07,1.0094,5,1.065,1.0047,214,0
SPY190731P301,2019-07-29,2019-07-29 09:36:04,1.07,1.0094,869,1.06,1.0,50,1.07,1.0094,5,1.065,1.0047,214,0
SPY190731P301,2019-07-29,2019-07-29 09:36:04,1.07,1.0094,905,1.06,1.0,50,1.07,1.0094,5,1.065,1.0047,214,0
SPY190731P301,2019-07-29,2019-07-29 09:36:05,1.07,1.0094,869,1.06,1.0,50,1.07,1.0094,5,1.065,1.0047,214,0
SPY190731P301,2019-07-29,2019-07-29 09:36:06,1.07,1.0094,869,1.06,1.0,50,1.07,1.0094,5,1.065,1.0047,214,0
SPY190731P301,2019-07-29,2019-07-29 09:36:07,1.07,1.0094,477,1.06,1.0,50,1.07,1.0094,5,1.065,1.0047,214,0
SPY190731P301,2019-07-29,2019-07-29 09:36:08,1.07,1.0094,525,1.06,1.0,78,1.07,1.0094,5,1.065,1.0047,214,0
SPY190731P301,2019-07-29,2019-07-29 09:36:09,1.08,1.0188,649,1.06,1.0,251,1.07,1.0094,5,1.07,1.0094,214,0
SPY190731P301,2019-07-29,2019-07-29 09:36:10,1.07,1.0094,1,1.07,1.0094,6,1.07,1.0094,5,1.07,1.0094,214,0
SPY190731P301,2019-07-29,2019-07-29 09:36:10,1.07,1.0094,5,1.06,1.0,78,1.07,1.0094,5,1.065,1.0047,214,0
SPY190731P301,2019-07-29,2019-07-29 09:36:11,1.07,1.0094,299,1.06,1.0,78,1.07,1.0094,5,1.065,1.0047,214,0
SPY190731P301,2019-07-29,2019-07-29 09:36:11,1.07,1.0094,296,1.06,1.0,78,1.07,1.0094,5,1.065,1.0047,214,0
SPY190731P301,2019-07-29,2019-07-29 09:36:12,1.07,1.0094,282,1.06,1.0,78,1.07,1.0094,5,1.065,1.0047,214,0
SPY190731P301,2019-07-29,2019-07-29 09:36:13,1.07,1.0094,446,1.06,1.0,78,1.07,1.0094,5,1.065,1.0047,214,0
SPY190731P301,2019-07-29,2019-07-29 09:36:14,1.07,1.0094,98,1.06,1.0,71,1.06,1.0,7,1.065,1.0047,221,7
SPY190731P301,2019-07-29,2019-07-29 09:36:14,1.07,1.0094,436,1.06,1.0,78,1.07,1.0094,5,1.065,1.0047,214,0
SPY190731P301,2019-07-29,2019-07-29 09:36:15,1.08,1.0188,659,1.06,1.0,108,1.06,1.0,7,1.07,1.0094,221,0
SPY190731P301,2019-07-29,2019-07-29 09:36:15,1.08,1.0188,544,1.07,1.0094,33,1.06,1.0,7,1.075,1.0141,221,0
SPY190731P301,2019-07-29,2019-07-29 09:36:16,1.08,1.0188,596,1.07,1.0094,33,1.06,1.0,7,1.075,1.0141,221,0
SPY190731P301,2019-07-29,2019-07-29 09:36:16,1.08,1.0188,794,1.07,1.0094,33,1.06,1.0,7,1.075,1.0141,221,0
SPY190731P301,2019-07-29,2019-07-29 09:36:17,1.08,1.0188,599,1.07,1.0094,6,1.06,1.0,7,1.075,1.0141,221,0
SPY190731P301,2019-07-29,2019-07-29 09:36:18,1.08,1.0188,742,1.07,1.0094,33,1.06,1.0,7,1.075,1.0141,221,0
SPY190731P301,2019-07-29,2019-07-29 09:36:18,1.08,1.0188,742,1.06,1.0,126,1.06,1.0,7,1.07,1.0094,221,0
SPY190731P301,2019-07-29,2019-07-29 09:36:19,1.08,1.0188,377,1.07,1.0094,33,1.06,1.0,7,1.075,1.0141,221,0
SPY190731P301,2019-07-29,2019-07-29 09:36:20,1.08,1.0188,688,1.06,1.0,76,1.06,1.0,7,1.07,1.0094,221,0
SPY190731P301,2019-07-29,2019-07-29 09:36:20,1.08,1.0188,1066,1.06,1.0,86,1.06,1.0,7,1.07,1.0094,221,0
SPY190731P301,2019-07-29,2019-07-29 09:36:21,1.08,1.0188,1066,1.06,1.0,158,1.06,1.0,7,1.07,1.0094,221,0
SPY190731P301,2019-07-29,2019-07-29 09:36:21,1.08,1.0188,1066,1.07,1.0094,6,1.06,1.0,7,1.075,1.0141,221,0
SPY190731P301,2019-07-29,2019-07-29 09:36:22,1.07,1.0094,1003,1.06,1.0,43,1.06,1.0,7,1.065,1.0047,221,0
SPY190731P301,2019-07-29,2019-07-29 09:36:23,1.07,1.0094,68,1.06,1.0,122,1.06,1.0,7,1.065,1.0047,221,0
SPY190731P301,2019-07-29,2019-07-29 09:36:23,1.07,1.0094,1068,1.06,1.0,43,1.06,1.0,7,1.065,1.0047,221,0
SPY190731P301,2019-07-29,2019-07-29 09:36:24,1.08,1.0188,902,1.06,1.0,648,1.06,1.0,7,1.07,1.0094,221,0
SPY190731P301,2019-07-29,2019-07-29 09:36:24,1.07,1.0094,68,1.06,1.0,72,1.06,1.0,7,1.065,1.0047,221,0
SPY190731P301,2019-07-29,2019-07-29 09:36:25,1.08,1.0188,548,1.06,1.0,764,1.06,1.0,7,1.07,1.0094,221,0
SPY190731P301,2019-07-29,2019-07-29 09:36:26,1.08,1.0188,50,1.07,1.0094,66,1.06,1.0,7,1.075,1.0141,221,0
SPY190731P301,2019-07-29,2019-07-29 09:36:26,1.08,1.0188,3,1.07,1.0094,103,1.06,1.0,7,1.075,1.0141,221,0
SPY190731P301,2019-07-29,2019-07-29 09:36:27,1.08,1.0188,3,1.07,1.0094,101,1.06,1.0,7,1.075,1.0141,221,0
SPY190731P301,2019-07-29,2019-07-29 09:36:27,1.08,1.0188,3,1.07,1.0094,193,1.06,1.0,7,1.075,1.0141,221,0
SPY190731P301,2019-07-29,2019-07-29 09:36:28,1.08,1.0188,14,1.07,1.0094,196,1.06,1.0,7,1.075,1.0141,221,0
SPY190731P301,2019-07-29,2019-07-29 09:36:29,1.08,1.0188,14,1.07,1.0094,135,1.06,1.0,7,1.075,1.0141,221,0
SPY190731P301,2019-07-29,2019-07-29 09:36:29,1.08,1.0188,14,1.07,1.0094,83,1.06,1.0,7,1.075,1.0141,221,0
SPY190731P301,2019-07-29,2019-07-29 09:36:30,1.09,1.0283,418,1.07,1.0094,50,1.08,1.0188,1,1.08,1.0188,234,13
SPY190731P301,2019-07-29,2019-07-29 09:36:30,1.09,1.0283,578,1.07,1.0094,116,1.08,1.0188,1,1.08,1.0188,234,0
SPY190731P301,2019-07-29,2019-07-29 09:36:31,1.08,1.0188,1,1.07,1.0094,115,1.08,1.0188,1,1.075,1.0141,234,0
SPY190731P301,2019-07-29,2019-07-29 09:36:31,1.09,1.0283,698,1.07,1.0094,123,1.08,1.0188,1,1.08,1.0188,234,0
SPY190731P301,2019-07-29,2019-07-29 09:36:32,1.09,1.0283,698,1.07,1.0094,144,1.08,1.0188,1,1.08,1.0188,234,0
SPY190731P301,2019-07-29,2019-07-29 09:36:33,1.09,1.0283,648,1.07,1.0094,94,1.08,1.0188,1,1.08,1.0188,234,0
SPY190731P301,2019-07-29,2019-07-29 09:36:33,1.09,1.0283,698,1.07,1.0094,144,1.08,1.0188,1,1.08,1.0188,234,0
SPY190731P301,2019-07-29,2019-07-29 09:36:34,1.09,1.0283,521,1.07,1.0094,120,1.08,1.0188,1,1.08,1.0188,234,0
SPY190731P301,2019-07-29,2019-07-29 09:36:35,1.09,1.0283,594,1.07,1.0094,125,1.08,1.0188,1,1.08,1.0188,234,0
SPY190731P301,2019-07-29,2019-07-29 09:36:36,1.09,1.0283,482,1.07,1.0094,125,1.08,1.0188,1,1.08,1.0188,234,0
SPY190731P301,2019-07-29,2019-07-29 09:36:36,1.08,1.0188,21,1.07,1.0094,94,1.08,1.0188,1,1.075,1.0141,234,0
SPY190731P301,2019-07-29,2019-07-29 09:36:37,1.08,1.0188,27,1.07,1.0094,84,1.08,1.0188,1,1.075,1.0141,234,0
SPY190731P301,2019-07-29,2019-07-29 09:36:38,1.08,1.0188,20,1.06,1.0,499,1.08,1.0188,1,1.07,1.0094,234,0
SPY190731P301,2019-07-29,2019-07-29 09:36:38,1.08,1.0188,20,1.07,1.0094,28,1.08,1.0188,1,1.075,1.0141,234,0
SPY190731P301,2019-07-29,2019-07-29 09:36:39,1.09,1.0283,536,1.06,1.0,266,1.08,1.0188,1,1.075,1.0141,234,0
SPY190731P301,2019-07-29,2019-07-29 09:36:39,1.08,1.0188,556,1.06,1.0,221,1.08,1.0188,1,1.07,1.0094,234,0
SPY190731P301,2019-07-29,2019-07-29 09:36:40,1.09,1.0283,594,1.07,1.0094,174,1.08,1.0188,1,1.08,1.0188,234,0
SPY190731P301,2019-07-29,2019-07-29 09:36:40,1.09,1.0283,509,1.06,1.0,266,1.08,1.0188,1,1.075,1.0141,234,0
SPY190731P301,2019-07-29,2019-07-29 09:36:41,1.09,1.0283,888,1.07,1.0094,218,1.08,1.0188,1,1.08,1.0188,234,0
SPY190731P301,2019-07-29,2019-07-29 09:36:42,1.09,1.0283,121,1.08,1.0188,33,1.08,1.0188,1,1.085,1.0235,234,0
SPY190731P301,2019-07-29,2019-07-29 09:36:42,1.09,1.0283,16,1.08,1.0188,83,1.08,1.0188,1,1.085,1.0235,234,0
SPY190731P301,2019-07-29,2019-07-29 09:36:43,1.09,1.0283,40,1.08,1.0188,45,1.08,1.0188,1,1.085,1.0235,234,0
SPY190731P301,2019-07-29,2019-07-29 09:36:43,1.09,1.0283,2,1.08,1.0188,95,1.08,1.0188,1,1.085,1.0235,234,0
SPY190731P301,2019-07-29,2019-07-29 09:36:44,1.09,1.0283,55,1.08,1.0188,95,1.08,1.0188,1,1.085,1.0235,234,0
SPY190731P301,2019-07-29,2019-07-29 09:36:45,1.09,1.0283,137,1.08,1.0188,5,1.08,1.0188,1,1.085,1.0235,234,0
SPY190731P301,2019-07-29,2019-07-29 09:36:45,1.09,1.0283,333,1.08,1.0188,5,1.08,1.0188,1,1.085,1.0235,234,0
SPY190731P301,2019-07-29,2019-07-29 09:36:46,1.09,1.0283,446,1.06,1.0,562,1.08,1.0188,5,1.075,1.0141,239,0
SPY190731P301,2019-07-29,2019-07-29 09:36:46,1.09,1.0283,258,1.07,1.0094,14,1.08,1.0188,5,1.08,1.0188,239,5
SPY190731P301,2019-07-29,2019-07-29 09:36:47,1.09,1.0283,160,1.07,1.0094,88,1.08,1.0188,5,1.08,1.0188,239,0
SPY190731P301,2019-07-29,2019-07-29 09:36:48,1.09,1.0283,2,1.08,1.0188,124,1.08,1.0188,5,1.085,1.0235,239,0
SPY190731P301,2019-07-29,2019-07-29 09:36:48,1.09,1.0283,14,1.06,1.0,224,1.08,1.0188,5,1.075,1.0141,239,0
SPY190731P301,2019-07-29,2019-07-29 09:36:49,1.09,1.0283,2,1.08,1.0188,144,1.08,1.0188,5,1.085,1.0235,239,0
SPY190731P301,2019-07-29,2019-07-29 09:36:50,1.09,1.0283,4,1.08,1.0188,158,1.08,1.0188,5,1.085,1.0235,239,0
SPY190731P301,2019-07-29,2019-07-29 09:36:51,1.09,1.0283,16,1.08,1.0188,138,1.08,1.0188,5,1.085,1.0235,239,0
SPY190731P301,2019-07-29,2019-07-29 09:36:51,1.09,1.0283,14,1.08,1.0188,211,1.08,1.0188,5,1.085,1.0235,239,0
SPY190731P301,2019-07-29,2019-07-29 09:36:52,1.09,1.0283,116,1.08,1.0188,18,1.08,1.0188,5,1.085,1.0235,239,0
SPY190731P301,2019-07-29,2019-07-29 09:36:52,1.09,1.0283,14,1.08,1.0188,92,1.08,1.0188,5,1.085,1.0235,239,0
SPY190731P301,2019-07-29,2019-07-29 09:36:53,1.09,1.0283,2,1.08,1.0188,86,1.08,1.0188,5,1.085,1.0235,239,0
SPY190731P301,2019-07-29,2019-07-29 09:36:54,1.09,1.0283,10,1.08,1.0188,86,1.08,1.0188,5,1.085,1.0235,239,0
SPY190731P301,2019-07-29,2019-07-29 09:36:54,1.09,1.0283,10,1.08,1.0188,175,1.08,1.0188,5,1.085,1.0235,239,0
SPY190731P301,2019-07-29,2019-07-29 09:36:55,1.09,1.0283,2,1.08,1.0188,211,1.08,1.0188,5,1.085,1.0235,239,0
SPY190731P301,2019-07-29,2019-07-29 09:36:55,1.09,1.0283,2,1.08,1.0188,242,1.08,1.0188,5,1.085,1.0235,241,2
SPY190731P301,2019-07-29,2019-07-29 09:36:56,1.1,1.0377,7,1.09,1.0283,33,1.09,1.0283,2,1.095,1.033,241,0
SPY190731P301,2019-07-29,2019-07-29 09:36:57,1.1,1.0377,1,1.09,1.0283,177,1.09,1.0283,2,1.095,1.033,241,0
SPY190731P301,2019-07-29,2019-07-29 09:36:58,1.1,1.0377,1,1.09,1.0283,275,1.09,1.0283,2,1.095,1.033,241,0
SPY190731P301,2019-07-29,2019-07-29 09:36:58,1.1,1.0377,6,1.09,1.0283,275,1.09,1.0283,2,1.095,1.033,241,0
SPY190731P301,2019-07-29,2019-07-29 09:36:59,1.09,1.0283,56,1.08,1.0188,258,1.09,1.0283,2,1.085,1.0235,241,0
SPY190731P301,2019-07-29,2019-07-29 09:37:00,1.09,1.0283,496,1.07,1.0094,359,1.09,1.0283,2,1.08,1.0188,241,0
SPY190731P301,2019-07-29,2019-07-29 09:37:00,1.09,1.0283,23,1.08,1.0188,80,1.09,1.0283,2,1.085,1.0235,241,0
SPY190731P301,2019-07-29,2019-07-29 09:37:01,1.08,1.0188,1,1.07,1.0094,573,1.09,1.0283,2,1.075,1.0141,241,0
SPY190731P301,2019-07-29,2019-07-29 09:37:02,1.08,1.0188,365,1.06,1.0,130,1.09,1.0283,2,1.07,1.0094,241,0
SPY190731P301,2019-07-29,2019-07-29 09:37:02,1.07,1.0094,2,1.06,1.0,212,1.09,1.0283,2,1.065,1.0047,241,0
SPY190731P301,2019-07-29,2019-07-29 09:37:03,1.07,1.0094,25,1.06,1.0,212,1.09,1.0283,2,1.065,1.0047,241,0
SPY190731P301,2019-07-29,2019-07-29 09:37:03,1.07,1.0094,431,1.06,1.0,43,1.09,1.0283,2,1.065,1.0047,241,0
SPY190731P301,2019-07-29,2019-07-29 09:37:04,1.07,1.0094,481,1.06,1.0,43,1.09,1.0283,2,1.065,1.0047,241,0
SPY190731P301,2019-07-29,2019-07-29 09:37:05,1.07,1.0094,481,1.06,1.0,43,1.09,1.0283,2,1.065,1.0047,241,0
SPY190731P301,2019-07-29,2019-07-29 09:37:05,1.07,1.0094,12,1.06,1.0,150,1.09,1.0283,2,1.065,1.0047,241,0
SPY190731P301,2019-07-29,2019-07-29 09:37:06,1.07,1.0094,10,1.06,1.0,121,1.09,1.0283,2,1.065,1.0047,241,0
SPY190731P301,2019-07-29,2019-07-29 09:37:06,1.07,1.0094,526,1.06,1.0,43,1.09,1.0283,2,1.065,1.0047,241,0
SPY190731P301,2019-07-29,2019-07-29 09:37:07,1.07,1.0094,536,1.06,1.0,43,1.09,1.0283,2,1.065,1.0047,241,0
SPY190731P301,2019-07-29,2019-07-29 09:37:08,1.07,1.0094,526,1.06,1.0,43,1.09,1.0283,2,1.065,1.0047,241,0
SPY190731P301,2019-07-29,2019-07-29 09:37:09,1.07,1.0094,536,1.06,1.0,71,1.09,1.0283,2,1.065,1.0047,241,0
SPY190731P301,2019-07-29,2019-07-29 09:37:09,1.07,1.0094,526,1.06,1.0,43,1.09,1.0283,2,1.065,1.0047,241,0
SPY190731P301,2019-07-29,2019-07-29 09:37:10,1.07,1.0094,536,1.06,1.0,71,1.09,1.0283,2,1.065,1.0047,241,0
SPY190731P301,2019-07-29,2019-07-29 09:37:11,1.07,1.0094,526,1.06,1.0,71,1.09,1.0283,2,1.065,1.0047,241,0
SPY190731P301,2019-07-29,2019-07-29 09:37:12,1.07,1.0094,542,1.06,1.0,72,1.09,1.0283,2,1.065,1.0047,241,0
SPY190731P301,2019-07-29,2019-07-29 09:37:13,1.07,1.0094,542,1.06,1.0,43,1.09,1.0283,2,1.065,1.0047,241,0
SPY190731P301,2019-07-29,2019-07-29 09:37:14,1.07,1.0094,542,1.06,1.0,43,1.09,1.0283,2,1.065,1.0047,241,0
SPY190731P301,2019-07-29,2019-07-29 09:37:15,1.07,1.0094,542,1.06,1.0,43,1.09,1.0283,2,1.065,1.0047,241,0
SPY190731P301,2019-07-29,2019-07-29 09:37:16,1.07,1.0094,1346,1.06,1.0,43,1.09,1.0283,2,1.065,1.0047,241,0
SPY190731P301,2019-07-29,2019-07-29 09:37:16,1.07,1.0094,1066,1.06,1.0,43,1.09,1.0283,2,1.065,1.0047,241,0
SPY190731P301,2019-07-29,2019-07-29 09:37:17,1.06,1.0,491,1.05,0.9905,24,1.06,1.0,43,1.055,0.9952,284,43
SPY190731P301,2019-07-29,2019-07-29 09:37:18,1.07,1.0094,506,1.05,0.9905,136,1.07,1.0094,2,1.06,1.0,286,2
SPY190731P301,2019-07-29,2019-07-29 09:37:18,1.06,1.0,491,1.05,0.9905,23,1.06,1.0,43,1.055,0.9952,284,0
SPY190731P301,2019-07-29,2019-07-29 09:37:19,1.06,1.0,1,1.05,0.9905,78,1.07,1.0094,2,1.055,0.9952,286,0
SPY190731P301,2019-07-29,2019-07-29 09:37:19,1.06,1.0,1,1.05,0.9905,376,1.07,1.0094,2,1.055,0.9952,286,0
SPY190731P301,2019-07-29,2019-07-29 09:37:20,1.06,1.0,196,1.05,0.9905,14,1.07,1.0094,2,1.055,0.9952,286,0
SPY190731P301,2019-07-29,2019-07-29 09:37:21,1.06,1.0,1,1.05,0.9905,32,1.07,1.0094,2,1.055,0.9952,286,0
SPY190731P301,2019-07-29,2019-07-29 09:37:21,1.06,1.0,61,1.05,0.9905,33,1.07,1.0094,2,1.055,0.9952,286,0
SPY190731P301,2019-07-29,2019-07-29 09:37:22,1.06,1.0,538,1.05,0.9905,33,1.07,1.0094,2,1.055,0.9952,286,0
SPY190731P301,2019-07-29,2019-07-29 09:37:22,1.06,1.0,488,1.05,0.9905,33,1.07,1.0094,2,1.055,0.9952,286,0
SPY190731P301,2019-07-29,2019-07-29 09:37:23,1.06,1.0,178,1.05,0.9905,28,1.07,1.0094,2,1.055,0.9952,286,0
SPY190731P301,2019-07-29,2019-07-29 09:37:24,1.06,1.0,5,1.05,0.9905,397,1.07,1.0094,2,1.055,0.9952,286,0
SPY190731P301,2019-07-29,2019-07-29 09:37:24,1.06,1.0,5,1.05,0.9905,33,1.07,1.0094,2,1.055,0.9952,286,0
SPY190731P301,2019-07-29,2019-07-29 09:37:25,1.06,1.0,5,1.05,0.9905,126,1.07,1.0094,2,1.055,0.9952,286,0
SPY190731P301,2019-07-29,2019-07-29 09:37:25,1.06,1.0,90,1.05,0.9905,33,1.07,1.0094,2,1.055,0.9952,286,0
SPY190731P301,2019-07-29,2019-07-29 09:37:26,1.06,1.0,18,1.05,0.9905,33,1.07,1.0094,2,1.055,0.9952,286,0
SPY190731P301,2019-07-29,2019-07-29 09:37:27,1.06,1.0,10,1.05,0.9905,918,1.07,1.0094,2,1.055,0.9952,286,0
SPY190731P301,2019-07-29,2019-07-29 09:37:27,1.06,1.0,10,1.05,0.9905,161,1.07,1.0094,2,1.055,0.9952,286,0
SPY190731P301,2019-07-29,2019-07-29 09:37:28,1.06,1.0,5,1.05,0.9905,1008,1.07,1.0094,2,1.055,0.9952,286,0
SPY190731P301,2019-07-29,2019-07-29 09:37:29,1.06,1.0,106,1.05,0.9905,78,1.07,1.0094,2,1.055,0.9952,286,0
SPY190731P301,2019-07-29,2019-07-29 09:37:29,1.06,1.0,44,1.05,0.9905,78,1.07,1.0094,2,1.055,0.9952,286,0
SPY190731P301,2019-07-29,2019-07-29 09:37:30,1.06,1.0,21,1.05,0.9905,77,1.07,1.0094,2,1.055,0.9952,286,0
SPY190731P301,2019-07-29,2019-07-29 09:37:31,1.06,1.0,475,1.05,0.9905,33,1.07,1.0094,2,1.055,0.9952,286,0
SPY190731P301,2019-07-29,2019-07-29 09:37:31,1.06,1.0,5,1.05,0.9905,758,1.07,1.0094,2,1.055,0.9952,286,0
SPY190731P301,2019-07-29,2019-07-29 09:37:32,1.06,1.0,54,1.05,0.9905,33,1.07,1.0094,2,1.055,0.9952,286,0
SPY190731P301,2019-07-29,2019-07-29 09:37:33,1.06,1.0,10,1.05,0.9905,83,1.07,1.0094,2,1.055,0.9952,286,0
SPY190731P301,2019-07-29,2019-07-29 09:37:33,1.06,1.0,10,1.05,0.9905,77,1.07,1.0094,2,1.055,0.9952,286,0
SPY190731P301,2019-07-29,2019-07-29 09:37:34,1.06,1.0,39,1.05,0.9905,128,1.07,1.0094,2,1.055,0.9952,286,0
SPY190731P301,2019-07-29,2019-07-29 09:37:35,1.06,1.0,5,1.05,0.9905,103,1.07,1.0094,2,1.055,0.9952,286,0
SPY190731P301,2019-07-29,2019-07-29 09:37:36,1.06,1.0,5,1.05,0.9905,125,1.07,1.0094,2,1.055,0.9952,286,0
SPY190731P301,2019-07-29,2019-07-29 09:37:37,1.06,1.0,5,1.05,0.9905,413,1.07,1.0094,2,1.055,0.9952,286,0
SPY190731P301,2019-07-29,2019-07-29 09:37:37,1.06,1.0,5,1.05,0.9905,761,1.07,1.0094,2,1.055,0.9952,286,0
SPY190731P301,2019-07-29,2019-07-29 09:37:38,1.06,1.0,5,1.05,0.9905,1016,1.07,1.0094,2,1.055,0.9952,286,0
SPY190731P301,2019-07-29,2019-07-29 09:37:39,1.07,1.0094,2,1.06,1.0,133,1.06,1.0,1,1.065,1.0047,291,5
SPY190731P301,2019-07-29,2019-07-29 09:37:39,1.07,1.0094,2,1.06,1.0,186,1.06,1.0,1,1.065,1.0047,291,0
SPY190731P301,2019-07-29,2019-07-29 09:37:40,1.07,1.0094,2,1.06,1.0,81,1.06,1.0,1,1.065,1.0047,291,0
SPY190731P301,2019-07-29,2019-07-29 09:37:40,1.07,1.0094,2,1.06,1.0,186,1.06,1.0,1,1.065,1.0047,291,0
SPY190731P301,2019-07-29,2019-07-29 09:37:41,1.07,1.0094,2,1.06,1.0,135,1.06,1.0,1,1.065,1.0047,291,0
SPY190731P301,2019-07-29,2019-07-29 09:37:42,1.07,1.0094,2,1.06,1.0,135,1.06,1.0,1,1.065,1.0047,291,0
SPY190731P301,2019-07-29,2019-07-29 09:37:42,1.07,1.0094,2,1.06,1.0,222,1.06,1.0,1,1.065,1.0047,291,0
SPY190731P301,2019-07-29,2019-07-29 09:37:43,1.07,1.0094,2,1.06,1.0,570,1.06,1.0,1,1.065,1.0047,291,0
SPY190731P301,2019-07-29,2019-07-29 09:37:44,1.07,1.0094,2,1.06,1.0,880,1.06,1.0,1,1.065,1.0047,291,0
SPY190731P301,2019-07-29,2019-07-29 09:37:44,1.07,1.0094,2,1.06,1.0,468,1.06,1.0,1,1.065,1.0047,291,0
SPY190731P301,2019-07-29,2019-07-29 09:37:45,1.09,1.0283,509,1.07,1.0094,130,1.07,1.0094,2,1.08,1.0188,293,0
SPY190731P301,2019-07-29,2019-07-29 09:37:45,1.07,1.0094,2,1.07,1.0094,130,1.07,1.0094,2,1.07,1.0094,293,2
SPY190731P301,2019-07-29,2019-07-29 09:37:46,1.08,1.0188,5,1.07,1.0094,33,1.07,1.0094,2,1.075,1.0141,293,0
SPY190731P301,2019-07-29,2019-07-29 09:37:47,1.08,1.0188,100,1.07,1.0094,43,1.07,1.0094,2,1.075,1.0141,293,0
SPY190731P301,2019-07-29,2019-07-29 09:37:48,1.08,1.0188,189,1.07,1.0094,33,1.07,1.0094,2,1.075,1.0141,293,0
SPY190731P301,2019-07-29,2019-07-29 09:37:48,1.08,1.0188,167,1.07,1.0094,14,1.07,1.0094,2,1.075,1.0141,293,0
SPY190731P301,2019-07-29,2019-07-29 09:37:49,1.08,1.0188,167,1.07,1.0094,14,1.07,1.0094,2,1.075,1.0141,293,0
SPY190731P301,2019-07-29,2019-07-29 09:37:50,1.08,1.0188,157,1.07,1.0094,33,1.07,1.0094,2,1.075,1.0141,293,0
SPY190731P301,2019-07-29,2019-07-29 09:37:51,1.08,1.0188,318,1.07,1.0094,29,1.07,1.0094,2,1.075,1.0141,293,0
SPY190731P301,2019-07-29,2019-07-29 09:37:51,1.08,1.0188,373,1.07,1.0094,33,1.07,1.0094,2,1.075,1.0141,293,0
SPY190731P301,2019-07-29,2019-07-29 09:37:52,1.08,1.0188,497,1.07,1.0094,33,1.07,1.0094,2,1.075,1.0141,293,0
SPY190731P301,2019-07-29,2019-07-29 09:37:52,1.08,1.0188,318,1.07,1.0094,34,1.07,1.0094,2,1.075,1.0141,293,0
SPY190731P301,2019-07-29,2019-07-29 09:37:53,1.08,1.0188,157,1.07,1.0094,34,1.07,1.0094,2,1.075,1.0141,293,0
SPY190731P301,2019-07-29,2019-07-29 09:37:54,1.08,1.0188,149,1.07,1.0094,33,1.07,1.0094,2,1.075,1.0141,293,0
SPY190731P301,2019-07-29,2019-07-29 09:37:54,1.08,1.0188,102,1.07,1.0094,36,1.07,1.0094,2,1.075,1.0141,293,0
SPY190731P301,2019-07-29,2019-07-29 09:37:55,1.09,1.0283,559,1.08,1.0188,14,1.07,1.0094,2,1.085,1.0235,293,0
SPY190731P301,2019-07-29,2019-07-29 09:37:56,1.09,1.0283,559,1.08,1.0188,14,1.07,1.0094,2,1.085,1.0235,293,0
SPY190731P301,2019-07-29,2019-07-29 09:37:57,1.09,1.0283,492,1.08,1.0188,14,1.07,1.0094,2,1.085,1.0235,293,0
SPY190731P301,2019-07-29,2019-07-29 09:37:58,1.09,1.0283,117,1.08,1.0188,33,1.07,1.0094,2,1.085,1.0235,293,0
SPY190731P301,2019-07-29,2019-07-29 09:37:58,1.09,1.0283,451,1.08,1.0188,33,1.07,1.0094,2,1.085,1.0235,293,0
SPY190731P301,2019-07-29,2019-07-29 09:37:59,1.09,1.0283,67,1.08,1.0188,33,1.07,1.0094,2,1.085,1.0235,293,0
SPY190731P301,2019-07-29,2019-07-29 09:38:02,1.1,1.0377,328,1.09,1.0283,28,1.07,1.0094,2,1.095,1.033,293,0
SPY190731P301,2019-07-29,2019-07-29 09:38:03,1.1,1.0377,328,1.09,1.0283,45,1.07,1.0094,2,1.095,1.033,293,0
SPY190731P301,2019-07-29,2019-07-29 09:38:04,1.1,1.0377,203,1.09,1.0283,45,1.07,1.0094,2,1.095,1.033,293,0
SPY190731P301,2019-07-29,2019-07-29 09:38:04,1.1,1.0377,203,1.09,1.0283,45,1.1,1.0377,1,1.095,1.033,293,0
SPY190731P301,2019-07-29,2019-07-29 09:38:05,1.1,1.0377,7,1.09,1.0283,240,1.1,1.0377,1,1.095,1.033,294,1
SPY190731P301,2019-07-29,2019-07-29 09:38:06,1.11,1.0471,196,1.1,1.0377,33,1.1,1.0377,1,1.105,1.0424,294,0
SPY190731P301,2019-07-29,2019-07-29 09:38:06,1.11,1.0471,196,1.1,1.0377,14,1.1,1.0377,1,1.105,1.0424,294,0
SPY190731P301,2019-07-29,2019-07-29 09:38:07,1.11,1.0471,166,1.09,1.0283,56,1.1,1.0377,1,1.1,1.0377,294,0
SPY190731P301,2019-07-29,2019-07-29 09:38:08,1.1,1.0377,7,1.09,1.0283,43,1.1,1.0377,1,1.095,1.033,294,0
SPY190731P301,2019-07-29,2019-07-29 09:38:08,1.1,1.0377,119,1.09,1.0283,27,1.1,1.0377,1,1.095,1.033,294,0
SPY190731P301,2019-07-29,2019-07-29 09:38:09,1.1,1.0377,263,1.09,1.0283,38,1.1,1.0377,1,1.095,1.033,294,0
SPY190731P301,2019-07-29,2019-07-29 09:38:10,1.1,1.0377,516,1.08,1.0188,486,1.1,1.0377,1,1.09,1.0283,294,0
SPY190731P301,2019-07-29,2019-07-29 09:38:10,1.1,1.0377,144,1.09,1.0283,38,1.1,1.0377,1,1.095,1.033,294,0
SPY190731P301,2019-07-29,2019-07-29 09:38:11,1.1,1.0377,183,1.09,1.0283,66,1.1,1.0377,1,1.095,1.033,294,0
SPY190731P301,2019-07-29,2019-07-29 09:38:12,1.1,1.0377,430,1.08,1.0188,890,1.1,1.0377,1,1.09,1.0283,294,0
SPY190731P301,2019-07-29,2019-07-29 09:38:12,1.1,1.0377,266,1.08,1.0188,816,1.1,1.0377,1,1.09,1.0283,294,0
SPY190731P301,2019-07-29,2019-07-29 09:38:13,1.1,1.0377,233,1.08,1.0188,890,1.1,1.0377,1,1.09,1.0283,294,0
SPY190731P301,2019-07-29,2019-07-29 09:38:13,1.1,1.0377,271,1.09,1.0283,1,1.09,1.0283,3,1.095,1.033,297,3
SPY190731P301,2019-07-29,2019-07-29 09:38:14,1.1,1.0377,488,1.08,1.0188,243,1.09,1.0283,3,1.09,1.0283,297,0
SPY190731P301,2019-07-29,2019-07-29 09:38:14,1.1,1.0377,468,1.08,1.0188,561,1.09,1.0283,3,1.09,1.0283,297,0
SPY190731P301,2019-07-29,2019-07-29 09:38:15,1.1,1.0377,453,1.08,1.0188,243,1.09,1.0283,3,1.09,1.0283,297,0
SPY190731P301,2019-07-29,2019-07-29 09:38:16,1.1,1.0377,181,1.08,1.0188,611,1.09,1.0283,3,1.09,1.0283,297,0
SPY190731P301,2019-07-29,2019-07-29 09:38:17,1.1,1.0377,496,1.08,1.0188,642,1.09,1.0283,3,1.09,1.0283,297,0
SPY190731P301,2019-07-29,2019-07-29 09:38:17,1.1,1.0377,721,1.08,1.0188,293,1.09,1.0283,3,1.09,1.0283,297,0
SPY190731P301,2019-07-29,2019-07-29 09:38:18,1.09,1.0283,7,1.08,1.0188,246,1.09,1.0283,3,1.085,1.0235,297,0
SPY190731P301,2019-07-29,2019-07-29 09:38:18,1.1,1.0377,321,1.08,1.0188,213,1.09,1.0283,3,1.09,1.0283,297,0
SPY190731P301,2019-07-29,2019-07-29 09:38:19,1.1,1.0377,321,1.08,1.0188,656,1.09,1.0283,3,1.09,1.0283,297,0
SPY190731P301,2019-07-29,2019-07-29 09:38:20,1.1,1.0377,321,1.08,1.0188,537,1.09,1.0283,3,1.09,1.0283,297,0
SPY190731P301,2019-07-29,2019-07-29 09:38:20,1.09,1.0283,6,1.08,1.0188,537,1.09,1.0283,3,1.085,1.0235,297,0
SPY190731P301,2019-07-29,2019-07-29 09:38:21,1.1,1.0377,360,1.08,1.0188,47,1.09,1.0283,3,1.09,1.0283,297,0
SPY190731P301,2019-07-29,2019-07-29 09:38:22,1.1,1.0377,551,1.09,1.0283,42,1.09,1.0283,3,1.095,1.033,297,0
SPY190731P301,2019-07-29,2019-07-29 09:38:22,1.1,1.0377,551,1.09,1.0283,36,1.09,1.0283,3,1.095,1.033,297,0
SPY190731P301,2019-07-29,2019-07-29 09:38:23,1.1,1.0377,385,1.08,1.0188,586,1.09,1.0283,3,1.09,1.0283,297,0
SPY190731P301,2019-07-29,2019-07-29 09:38:24,1.1,1.0377,100,1.09,1.0283,7,1.09,1.0283,3,1.095,1.033,297,0
SPY190731P301,2019-07-29,2019-07-29 09:38:25,1.1,1.0377,106,1.09,1.0283,158,1.09,1.0283,3,1.095,1.033,297,0
SPY190731P301,2019-07-29,2019-07-29 09:38:25,1.1,1.0377,56,1.09,1.0283,158,1.09,1.0283,3,1.095,1.033,297,0
SPY190731P301,2019-07-29,2019-07-29 09:38:26,1.1,1.0377,106,1.09,1.0283,78,1.09,1.0283,3,1.095,1.033,297,0
SPY190731P301,2019-07-29,2019-07-29 09:38:27,1.1,1.0377,605,1.08,1.0188,577,1.09,1.0283,3,1.09,1.0283,297,0
SPY190731P301,2019-07-29,2019-07-29 09:38:27,1.1,1.0377,106,1.09,1.0283,34,1.09,1.0283,3,1.095,1.033,297,0
SPY190731P301,2019-07-29,2019-07-29 09:38:28,1.1,1.0377,106,1.08,1.0188,559,1.09,1.0283,3,1.09,1.0283,297,0
SPY190731P301,2019-07-29,2019-07-29 09:38:29,1.1,1.0377,106,1.09,1.0283,6,1.09,1.0283,3,1.095,1.033,297,0
SPY190731P301,2019-07-29,2019-07-29 09:38:29,1.1,1.0377,40,1.09,1.0283,1,1.09,1.0283,3,1.095,1.033,297,0
SPY190731P301,2019-07-29,2019-07-29 09:38:30,1.1,1.0377,6,1.09,1.0283,56,1.09,1.0283,3,1.095,1.033,297,0
SPY190731P301,2019-07-29,2019-07-29 09:38:30,1.11,1.0471,187,1.09,1.0283,279,1.09,1.0283,3,1.1,1.0377,297,0
SPY190731P301,2019-07-29,2019-07-29 09:38:31,1.11,1.0471,137,1.09,1.0283,563,1.09,1.0283,3,1.1,1.0377,297,0
SPY190731P301,2019-07-29,2019-07-29 09:38:32,1.11,1.0471,196,1.1,1.0377,82,1.09,1.0283,3,1.105,1.0424,297,0
SPY190731P301,2019-07-29,2019-07-29 09:38:32,1.11,1.0471,196,1.1,1.0377,6,1.09,1.0283,3,1.105,1.0424,297,0
SPY190731P301,2019-07-29,2019-07-29 09:38:33,1.11,1.0471,137,1.1,1.0377,82,1.09,1.0283,3,1.105,1.0424,297,0
SPY190731P301,2019-07-29,2019-07-29 09:38:34,1.11,1.0471,137,1.1,1.0377,82,1.09,1.0283,3,1.105,1.0424,297,0
SPY190731P301,2019-07-29,2019-07-29 09:38:34,1.11,1.0471,137,1.09,1.0283,379,1.09,1.0283,3,1.1,1.0377,297,0
SPY190731P301,2019-07-29,2019-07-29 09:38:35,1.11,1.0471,238,1.09,1.0283,536,1.09,1.0283,3,1.1,1.0377,297,0
SPY190731P301,2019-07-29,2019-07-29 09:38:36,1.11,1.0471,492,1.09,1.0283,491,1.09,1.0283,3,1.1,1.0377,297,0
SPY190731P301,2019-07-29,2019-07-29 09:38:36,1.11,1.0471,415,1.09,1.0283,868,1.09,1.0283,3,1.1,1.0377,297,0
SPY190731P301,2019-07-29,2019-07-29 09:38:37,1.11,1.0471,1184,1.1,1.0377,24,1.1,1.0377,6,1.105,1.0424,303,6
SPY190731P301,2019-07-29,2019-07-29 09:38:38,1.11,1.0471,248,1.1,1.0377,103,1.1,1.0377,6,1.105,1.0424,303,0
SPY190731P301,2019-07-29,2019-07-29 09:38:38,1.11,1.0471,139,1.1,1.0377,24,1.1,1.0377,6,1.105,1.0424,303,0
SPY190731P301,2019-07-29,2019-07-29 09:38:39,1.11,1.0471,248,1.1,1.0377,124,1.1,1.0377,6,1.105,1.0424,303,0
SPY190731P301,2019-07-29,2019-07-29 09:38:40,1.11,1.0471,132,1.1,1.0377,132,1.1,1.0377,6,1.105,1.0424,303,0
SPY190731P301,2019-07-29,2019-07-29 09:38:40,1.11,1.0471,118,1.1,1.0377,129,1.1,1.0377,6,1.105,1.0424,303,0
SPY190731P301,2019-07-29,2019-07-29 09:38:41,1.11,1.0471,236,1.1,1.0377,124,1.1,1.0377,6,1.105,1.0424,303,0
SPY190731P301,2019-07-29,2019-07-29 09:38:42,1.11,1.0471,177,1.1,1.0377,124,1.1,1.0377,6,1.105,1.0424,303,0
SPY190731P301,2019-07-29,2019-07-29 09:38:42,1.11,1.0471,180,1.1,1.0377,124,1.1,1.0377,6,1.105,1.0424,303,0
SPY190731P301,2019-07-29,2019-07-29 09:38:43,1.11,1.0471,967,1.1,1.0377,24,1.1,1.0377,6,1.105,1.0424,303,0
SPY190731P301,2019-07-29,2019-07-29 09:38:43,1.11,1.0471,725,1.1,1.0377,24,1.1,1.0377,6,1.105,1.0424,303,0
SPY190731P301,2019-07-29,2019-07-29 09:38:44,1.11,1.0471,1016,1.1,1.0377,24,1.1,1.0377,6,1.105,1.0424,303,0
SPY190731P301,2019-07-29,2019-07-29 09:38:45,1.11,1.0471,1016,1.1,1.0377,24,1.1,1.0377,6,1.105,1.0424,303,0
SPY190731P301,2019-07-29,2019-07-29 09:38:46,1.11,1.0471,497,1.1,1.0377,24,1.1,1.0377,6,1.105,1.0424,303,0
SPY190731P301,2019-07-29,2019-07-29 09:38:46,1.11,1.0471,694,1.1,1.0377,24,1.1,1.0377,6,1.105,1.0424,303,0
SPY190731P301,2019-07-29,2019-07-29 09:38:47,1.11,1.0471,398,1.1,1.0377,202,1.1,1.0377,6,1.105,1.0424,303,0
SPY190731P301,2019-07-29,2019-07-29 09:38:47,1.11,1.0471,538,1.1,1.0377,24,1.1,1.0377,6,1.105,1.0424,303,0
SPY190731P301,2019-07-29,2019-07-29 09:38:48,1.11,1.0471,360,1.1,1.0377,202,1.1,1.0377,6,1.105,1.0424,303,0
SPY190731P301,2019-07-29,2019-07-29 09:38:49,1.11,1.0471,399,1.1,1.0377,202,1.1,1.0377,6,1.105,1.0424,303,0
SPY190731P301,2019-07-29,2019-07-29 09:38:50,1.11,1.0471,10,1.1,1.0377,206,1.1,1.0377,6,1.105,1.0424,303,0
SPY190731P301,2019-07-29,2019-07-29 09:38:50,1.11,1.0471,10,1.1,1.0377,296,1.1,1.0377,6,1.105,1.0424,303,0
SPY190731P301,2019-07-29,2019-07-29 09:38:51,1.11,1.0471,46,1.1,1.0377,202,1.1,1.0377,6,1.105,1.0424,303,0
SPY190731P301,2019-07-29,2019-07-29 09:38:51,1.11,1.0471,17,1.1,1.0377,202,1.1,1.0377,6,1.105,1.0424,303,0
SPY190731P301,2019-07-29,2019-07-29 09:38:52,1.11,1.0471,17,1.1,1.0377,202,1.1,1.0377,6,1.105,1.0424,303,0
SPY190731P301,2019-07-29,2019-07-29 09:38:53,1.11,1.0471,360,1.1,1.0377,169,1.1,1.0377,6,1.105,1.0424,303,0
SPY190731P301,2019-07-29,2019-07-29 09:38:54,1.11,1.0471,360,1.1,1.0377,169,1.1,1.0377,6,1.105,1.0424,303,0
SPY190731P301,2019-07-29,2019-07-29 09:38:55,1.11,1.0471,519,1.1,1.0377,24,1.1,1.0377,6,1.105,1.0424,303,0
SPY190731P301,2019-07-29,2019-07-29 09:38:56,1.11,1.0471,839,1.1,1.0377,22,1.1,1.0377,6,1.105,1.0424,303,0
SPY190731P301,2019-07-29,2019-07-29 09:38:56,1.11,1.0471,1193,1.1,1.0377,22,1.1,1.0377,2,1.105,1.0424,305,2
SPY190731P301,2019-07-29,2019-07-29 09:38:57,1.11,1.0471,398,1.1,1.0377,181,1.1,1.0377,2,1.105,1.0424,305,0
SPY190731P301,2019-07-29,2019-07-29 09:38:58,1.11,1.0471,580,1.1,1.0377,22,1.1,1.0377,2,1.105,1.0424,305,0
SPY190731P301,2019-07-29,2019-07-29 09:38:58,1.11,1.0471,1061,1.1,1.0377,22,1.1,1.0377,2,1.105,1.0424,305,0
SPY190731P301,2019-07-29,2019-07-29 09:38:59,1.11,1.0471,1153,1.1,1.0377,22,1.1,1.0377,2,1.105,1.0424,305,0
SPY190731P301,2019-07-29,2019-07-29 09:39:00,1.11,1.0471,462,1.1,1.0377,22,1.1,1.0377,2,1.105,1.0424,305,0
SPY190731P301,2019-07-29,2019-07-29 09:39:00,1.11,1.0471,732,1.1,1.0377,22,1.1,1.0377,2,1.105,1.0424,305,0
SPY190731P301,2019-07-29,2019-07-29 09:39:01,1.11,1.0471,490,1.1,1.0377,22,1.1,1.0377,2,1.105,1.0424,305,0
SPY190731P301,2019-07-29,2019-07-29 09:39:02,1.11,1.0471,406,1.1,1.0377,22,1.1,1.0377,2,1.105,1.0424,305,0
SPY190731P301,2019-07-29,2019-07-29 09:39:02,1.12,1.0566,826,1.1,1.0377,166,1.1,1.0377,2,1.11,1.0471,305,0
SPY190731P301,2019-07-29,2019-07-29 09:39:03,1.11,1.0471,10,1.1,1.0377,201,1.1,1.0377,2,1.105,1.0424,305,0
SPY190731P301,2019-07-29,2019-07-29 09:39:04,1.12,1.0566,429,1.1,1.0377,179,1.1,1.0377,2,1.11,1.0471,305,0
SPY190731P301,2019-07-29,2019-07-29 09:39:04,1.12,1.0566,57,1.1,1.0377,50,1.1,1.0377,2,1.11,1.0471,305,0
SPY190731P301,2019-07-29,2019-07-29 09:39:05,1.11,1.0471,1,1.11,1.0471,33,1.1,1.0377,2,1.11,1.0471,305,0
SPY190731P301,2019-07-29,2019-07-29 09:39:06,1.11,1.0471,360,1.1,1.0377,231,1.1,1.0377,2,1.105,1.0424,305,0
SPY190731P301,2019-07-29,2019-07-29 09:39:06,1.11,1.0471,1,1.1,1.0377,387,1.1,1.0377,2,1.105,1.0424,305,0
SPY190731P301,2019-07-29,2019-07-29 09:39:07,1.11,1.0471,10,1.1,1.0377,231,1.1,1.0377,2,1.105,1.0424,305,0
SPY190731P301,2019-07-29,2019-07-29 09:39:08,1.12,1.0566,708,1.1,1.0377,231,1.1,1.0377,2,1.11,1.0471,305,0
SPY190731P301,2019-07-29,2019-07-29 09:39:09,1.11,1.0471,411,1.1,1.0377,231,1.1,1.0377,2,1.105,1.0424,305,0
SPY190731P301,2019-07-29,2019-07-29 09:39:09,1.12,1.0566,869,1.11,1.0471,28,1.1,1.0377,2,1.115,1.0518,305,0
SPY190731P301,2019-07-29,2019-07-29 09:39:10,1.11,1.0471,360,1.1,1.0377,231,1.1,1.0377,2,1.105,1.0424,305,0
SPY190731P301,2019-07-29,2019-07-29 09:39:11,1.11,1.0471,360,1.1,1.0377,231,1.1,1.0377,2,1.105,1.0424,305,0
SPY190731P301,2019-07-29,2019-07-29 09:39:12,1.11,1.0471,462,1.1,1.0377,22,1.1,1.0377,2,1.105,1.0424,305,0
SPY190731P301,2019-07-29,2019-07-29 09:39:13,1.11,1.0471,536,1.1,1.0377,22,1.1,1.0377,2,1.105,1.0424,305,0
SPY190731P301,2019-07-29,2019-07-29 09:39:14,1.11,1.0471,462,1.1,1.0377,53,1.1,1.0377,2,1.105,1.0424,305,0
SPY190731P301,2019-07-29,2019-07-29 09:39:14,1.11,1.0471,536,1.1,1.0377,53,1.1,1.0377,2,1.105,1.0424,305,0
SPY190731P301,2019-07-29,2019-07-29 09:39:15,1.11,1.0471,536,1.1,1.0377,53,1.1,1.0377,2,1.105,1.0424,305,0
SPY190731P301,2019-07-29,2019-07-29 09:39:16,1.11,1.0471,520,1.1,1.0377,53,1.1,1.0377,2,1.105,1.0424,305,0
SPY190731P301,2019-07-29,2019-07-29 09:39:16,1.11,1.0471,96,1.1,1.0377,53,1.1,1.0377,2,1.105,1.0424,305,0
SPY190731P301,2019-07-29,2019-07-29 09:39:17,1.11,1.0471,734,1.1,1.0377,53,1.1,1.0377,2,1.105,1.0424,305,0
SPY190731P301,2019-07-29,2019-07-29 09:39:18,1.11,1.0471,734,1.1,1.0377,53,1.1,1.0377,2,1.105,1.0424,305,0
SPY190731P301,2019-07-29,2019-07-29 09:39:18,1.11,1.0471,586,1.1,1.0377,53,1.1,1.0377,2,1.105,1.0424,305,0
SPY190731P301,2019-07-29,2019-07-29 09:39:19,1.11,1.0471,554,1.1,1.0377,53,1.1,1.0377,2,1.105,1.0424,305,0
SPY190731P301,2019-07-29,2019-07-29 09:39:20,1.11,1.0471,1286,1.1,1.0377,53,1.1,1.0377,2,1.105,1.0424,305,0
SPY190731P301,2019-07-29,2019-07-29 09:39:21,1.11,1.0471,987,1.1,1.0377,53,1.1,1.0377,2,1.105,1.0424,305,0
SPY190731P301,2019-07-29,2019-07-29 09:39:22,1.11,1.0471,912,1.1,1.0377,53,1.1,1.0377,2,1.105,1.0424,305,0
SPY190731P301,2019-07-29,2019-07-29 09:39:22,1.11,1.0471,855,1.1,1.0377,53,1.1,1.0377,2,1.105,1.0424,305,0
SPY190731P301,2019-07-29,2019-07-29 09:39:23,1.11,1.0471,1950,1.1,1.0377,22,1.1,1.0377,2,1.105,1.0424,305,0
SPY190731P301,2019-07-29,2019-07-29 09:39:24,1.11,1.0471,2225,1.1,1.0377,22,1.1,1.0377,2,1.105,1.0424,305,0
SPY190731P301,2019-07-29,2019-07-29 09:39:24,1.11,1.0471,729,1.1,1.0377,53,1.1,1.0377,2,1.105,1.0424,305,0
SPY190731P301,2019-07-29,2019-07-29 09:39:25,1.11,1.0471,966,1.1,1.0377,53,1.1,1.0377,2,1.105,1.0424,305,0
SPY190731P301,2019-07-29,2019-07-29 09:39:26,1.11,1.0471,1059,1.1,1.0377,53,1.1,1.0377,2,1.105,1.0424,305,0
SPY190731P301,2019-07-29,2019-07-29 09:39:27,1.11,1.0471,1412,1.1,1.0377,53,1.1,1.0377,2,1.105,1.0424,305,0
SPY190731P301,2019-07-29,2019-07-29 09:39:28,1.11,1.0471,1566,1.1,1.0377,28,1.1,1.0377,2,1.105,1.0424,305,0
SPY190731P301,2019-07-29,2019-07-29 09:39:29,1.1,1.0377,592,1.09,1.0283,14,1.1,1.0377,22,1.095,1.033,327,22
SPY190731P301,2019-07-29,2019-07-29 09:39:30,1.1,1.0377,873,1.09,1.0283,14,1.1,1.0377,22,1.095,1.033,327,0
SPY190731P301,2019-07-29,2019-07-29 09:39:31,1.09,1.0283,133,1.08,1.0188,209,1.1,1.0377,22,1.085,1.0235,327,0
SPY190731P301,2019-07-29,2019-07-29 09:39:32,1.09,1.0283,751,1.08,1.0188,34,1.1,1.0377,22,1.085,1.0235,327,0
SPY190731P301,2019-07-29,2019-07-29 09:39:34,1.1,1.0377,1328,1.08,1.0188,128,1.1,1.0377,22,1.09,1.0283,327,0
SPY190731P301,2019-07-29,2019-07-29 09:39:35,1.09,1.0283,94,1.08,1.0188,76,1.09,1.0283,5,1.085,1.0235,332,0
SPY190731P301,2019-07-29,2019-07-29 09:39:35,1.09,1.0283,5,1.08,1.0188,83,1.09,1.0283,5,1.085,1.0235,332,5
SPY190731P301,2019-07-29,2019-07-29 09:39:36,1.09,1.0283,96,1.08,1.0188,118,1.09,1.0283,5,1.085,1.0235,332,0
SPY190731P301,2019-07-29,2019-07-29 09:39:37,1.09,1.0283,96,1.08,1.0188,118,1.09,1.0283,5,1.085,1.0235,332,0
SPY190731P301,2019-07-29,2019-07-29 09:39:38,1.09,1.0283,96,1.08,1.0188,119,1.09,1.0283,5,1.085,1.0235,332,0
SPY190731P301,2019-07-29,2019-07-29 09:39:39,1.1,1.0377,493,1.09,1.0283,6,1.09,1.0283,5,1.095,1.033,332,0
SPY190731P301,2019-07-29,2019-07-29 09:39:40,1.1,1.0377,593,1.08,1.0188,501,1.09,1.0283,5,1.09,1.0283,332,0
SPY190731P301,2019-07-29,2019-07-29 09:39:40,1.1,1.0377,593,1.08,1.0188,354,1.09,1.0283,5,1.09,1.0283,332,0
SPY190731P301,2019-07-29,2019-07-29 09:39:41,1.1,1.0377,593,1.09,1.0283,10,1.09,1.0283,5,1.095,1.033,332,0
SPY190731P301,2019-07-29,2019-07-29 09:39:41,1.1,1.0377,593,1.08,1.0188,488,1.09,1.0283,5,1.09,1.0283,332,0
SPY190731P301,2019-07-29,2019-07-29 09:39:42,1.1,1.0377,553,1.08,1.0188,455,1.09,1.0283,5,1.09,1.0283,332,0
SPY190731P301,2019-07-29,2019-07-29 09:39:43,1.1,1.0377,728,1.08,1.0188,455,1.09,1.0283,5,1.09,1.0283,332,0
SPY190731P301,2019-07-29,2019-07-29 09:39:44,1.1,1.0377,728,1.09,1.0283,6,1.09,1.0283,5,1.095,1.033,332,0
SPY190731P301,2019-07-29,2019-07-29 09:39:44,1.1,1.0377,728,1.09,1.0283,7,1.09,1.0283,5,1.095,1.033,332,0
SPY190731P301,2019-07-29,2019-07-29 09:39:47,1.1,1.0377,10,1.09,1.0283,369,1.09,1.0283,5,1.095,1.033,332,0
SPY190731P301,2019-07-29,2019-07-29 09:39:48,1.1,1.0377,10,1.09,1.0283,369,1.09,1.0283,5,1.095,1.033,332,0
SPY190731P301,2019-07-29,2019-07-29 09:39:49,1.1,1.0377,1,1.09,1.0283,369,1.09,1.0283,5,1.095,1.033,332,0
SPY190731P301,2019-07-29,2019-07-29 09:39:50,1.1,1.0377,1,1.09,1.0283,369,1.09,1.0283,5,1.095,1.033,332,0
SPY190731P301,2019-07-29,2019-07-29 09:39:51,1.1,1.0377,1,1.09,1.0283,369,1.09,1.0283,5,1.095,1.033,332,0
SPY190731P301,2019-07-29,2019-07-29 09:39:52,1.1,1.0377,1,1.09,1.0283,369,1.09,1.0283,5,1.095,1.033,332,0
SPY190731P301,2019-07-29,2019-07-29 09:39:53,1.1,1.0377,1,1.09,1.0283,369,1.09,1.0283,5,1.095,1.033,332,0
SPY190731P301,2019-07-29,2019-07-29 09:39:54,1.1,1.0377,1,1.09,1.0283,369,1.09,1.0283,5,1.095,1.033,332,0
SPY190731P301,2019-07-29,2019-07-29 09:39:54,1.1,1.0377,10,1.09,1.0283,369,1.09,1.0283,5,1.095,1.033,332,0
SPY190731P301,2019-07-29,2019-07-29 09:39:55,1.1,1.0377,1,1.09,1.0283,369,1.09,1.0283,5,1.095,1.033,332,0
SPY190731P301,2019-07-29,2019-07-29 09:39:56,1.11,1.0471,922,1.09,1.0283,411,1.09,1.0283,5,1.1,1.0377,332,0
SPY190731P301,2019-07-29,2019-07-29 09:39:56,1.1,1.0377,1,1.09,1.0283,116,1.09,1.0283,5,1.095,1.033,332,0
SPY190731P301,2019-07-29,2019-07-29 09:39:58,1.11,1.0471,374,1.09,1.0283,62,1.09,1.0283,5,1.1,1.0377,332,0
SPY190731P301,2019-07-29,2019-07-29 09:39:59,1.11,1.0471,405,1.1,1.0377,157,1.09,1.0283,5,1.105,1.0424,332,0
SPY190731P301,2019-07-29,2019-07-29 09:39:59,1.11,1.0471,821,1.1,1.0377,27,1.09,1.0283,5,1.105,1.0424,332,0
SPY190731P301,2019-07-29,2019-07-29 09:40:00,1.11,1.0471,764,1.09,1.0283,506,1.09,1.0283,5,1.1,1.0377,332,0
SPY190731P301,2019-07-29,2019-07-29 09:40:01,1.11,1.0471,904,1.1,1.0377,33,1.09,1.0283,5,1.105,1.0424,332,0
SPY190731P301,2019-07-29,2019-07-29 09:40:02,1.11,1.0471,958,1.1,1.0377,34,1.09,1.0283,5,1.105,1.0424,332,0
SPY190731P301,2019-07-29,2019-07-29 09:40:03,1.11,1.0471,995,1.1,1.0377,33,1.09,1.0283,5,1.105,1.0424,332,0
SPY190731P301,2019-07-29,2019-07-29 09:40:04,1.11,1.0471,803,1.1,1.0377,34,1.09,1.0283,5,1.105,1.0424,332,0
SPY190731P301,2019-07-29,2019-07-29 09:40:05,1.11,1.0471,361,1.1,1.0377,167,1.09,1.0283,5,1.105,1.0424,332,0
SPY190731P301,2019-07-29,2019-07-29 09:40:06,1.11,1.0471,361,1.1,1.0377,348,1.09,1.0283,5,1.105,1.0424,332,0
SPY190731P301,2019-07-29,2019-07-29 09:40:09,1.12,1.0566,360,1.11,1.0471,400,1.11,1.0471,1,1.115,1.0518,333,1
SPY190731P301,2019-07-29,2019-07-29 09:40:10,1.12,1.0566,360,1.11,1.0471,794,1.11,1.0471,1,1.115,1.0518,333,0
SPY190731P301,2019-07-29,2019-07-29 09:40:11,1.13,1.066,367,1.12,1.0566,136,1.11,1.0471,1,1.125,1.0613,333,0
SPY190731P301,2019-07-29,2019-07-29 09:40:11,1.12,1.0566,50,1.11,1.0471,794,1.11,1.0471,1,1.115,1.0518,333,0
SPY190731P301,2019-07-29,2019-07-29 09:40:12,1.13,1.066,367,1.12,1.0566,456,1.11,1.0471,1,1.125,1.0613,333,0
SPY190731P301,2019-07-29,2019-07-29 09:40:13,1.13,1.066,367,1.12,1.0566,436,1.11,1.0471,1,1.125,1.0613,333,0
SPY190731P301,2019-07-29,2019-07-29 09:40:13,1.13,1.066,367,1.12,1.0566,456,1.11,1.0471,1,1.125,1.0613,333,0
SPY190731P301,2019-07-29,2019-07-29 09:40:14,1.13,1.066,540,1.11,1.0471,421,1.11,1.0471,1,1.12,1.0566,333,0
SPY190731P301,2019-07-29,2019-07-29 09:40:15,1.13,1.066,367,1.12,1.0566,159,1.11,1.0471,1,1.125,1.0613,333,0
SPY190731P301,2019-07-29,2019-07-29 09:40:16,1.13,1.066,367,1.12,1.0566,438,1.11,1.0471,1,1.125,1.0613,333,0
SPY190731P301,2019-07-29,2019-07-29 09:40:17,1.13,1.066,367,1.12,1.0566,371,1.11,1.0471,1,1.125,1.0613,333,0
SPY190731P301,2019-07-29,2019-07-29 09:40:17,1.13,1.066,360,1.12,1.0566,526,1.11,1.0471,1,1.125,1.0613,333,0
SPY190731P301,2019-07-29,2019-07-29 09:40:18,1.13,1.066,360,1.12,1.0566,488,1.11,1.0471,1,1.125,1.0613,333,0
SPY190731P301,2019-07-29,2019-07-29 09:40:19,1.13,1.066,50,1.12,1.0566,566,1.11,1.0471,1,1.125,1.0613,333,0
SPY190731P301,2019-07-29,2019-07-29 09:40:19,1.13,1.066,50,1.12,1.0566,616,1.11,1.0471,1,1.125,1.0613,333,0
SPY190731P301,2019-07-29,2019-07-29 09:40:20,1.14,1.0754,547,1.13,1.066,33,1.11,1.0471,1,1.135,1.0707,333,0
SPY190731P301,2019-07-29,2019-07-29 09:40:21,1.14,1.0754,367,1.13,1.066,224,1.11,1.0471,1,1.135,1.0707,333,0
SPY190731P301,2019-07-29,2019-07-29 09:40:22,1.14,1.0754,4,1.13,1.066,979,1.11,1.0471,1,1.135,1.0707,333,0
SPY190731P301,2019-07-29,2019-07-29 09:40:22,1.14,1.0754,367,1.13,1.066,967,1.11,1.0471,1,1.135,1.0707,333,0
SPY190731P301,2019-07-29,2019-07-29 09:40:23,1.14,1.0754,4,1.13,1.066,902,1.11,1.0471,1,1.135,1.0707,333,0
SPY190731P301,2019-07-29,2019-07-29 09:40:24,1.14,1.0754,4,1.13,1.066,979,1.11,1.0471,1,1.135,1.0707,333,0
SPY190731P301,2019-07-29,2019-07-29 09:40:25,1.14,1.0754,4,1.13,1.066,548,1.11,1.0471,1,1.135,1.0707,333,0
SPY190731P301,2019-07-29,2019-07-29 09:40:25,1.14,1.0754,4,1.13,1.066,979,1.11,1.0471,1,1.135,1.0707,333,0
SPY190731P301,2019-07-29,2019-07-29 09:40:26,1.14,1.0754,4,1.13,1.066,985,1.11,1.0471,1,1.135,1.0707,333,0
SPY190731P301,2019-07-29,2019-07-29 09:40:27,1.14,1.0754,528,1.13,1.066,33,1.11,1.0471,1,1.135,1.0707,333,0
SPY190731P301,2019-07-29,2019-07-29 09:40:28,1.14,1.0754,32,1.13,1.066,127,1.11,1.0471,1,1.135,1.0707,333,0
SPY190731P301,2019-07-29,2019-07-29 09:40:28,1.14,1.0754,7,1.13,1.066,448,1.11,1.0471,1,1.135,1.0707,333,0
SPY190731P301,2019-07-29,2019-07-29 09:40:29,1.14,1.0754,4,1.13,1.066,802,1.11,1.0471,1,1.135,1.0707,333,0
SPY190731P301,2019-07-29,2019-07-29 09:40:30,1.15,1.0849,50,1.14,1.0754,34,1.14,1.0754,4,1.145,1.0801,337,4
SPY190731P301,2019-07-29,2019-07-29 09:40:30,1.14,1.0754,4,1.13,1.066,763,1.11,1.0471,1,1.135,1.0707,333,0
SPY190731P301,2019-07-29,2019-07-29 09:40:31,1.15,1.0849,56,1.14,1.0754,38,1.14,1.0754,4,1.145,1.0801,337,0
SPY190731P301,2019-07-29,2019-07-29 09:40:32,1.15,1.0849,50,1.14,1.0754,665,1.14,1.0754,4,1.145,1.0801,337,0
SPY190731P301,2019-07-29,2019-07-29 09:40:32,1.15,1.0849,50,1.14,1.0754,210,1.14,1.0754,4,1.145,1.0801,337,0
SPY190731P301,2019-07-29,2019-07-29 09:40:33,1.15,1.0849,50,1.14,1.0754,826,1.14,1.0754,4,1.145,1.0801,337,0
SPY190731P301,2019-07-29,2019-07-29 09:40:34,1.15,1.0849,50,1.14,1.0754,594,1.14,1.0754,4,1.145,1.0801,337,0
SPY190731P301,2019-07-29,2019-07-29 09:40:35,1.15,1.0849,50,1.14,1.0754,594,1.14,1.0754,4,1.145,1.0801,337,0
SPY190731P301,2019-07-29,2019-07-29 09:40:36,1.15,1.0849,50,1.14,1.0754,594,1.14,1.0754,4,1.145,1.0801,337,0
SPY190731P301,2019-07-29,2019-07-29 09:40:37,1.15,1.0849,50,1.14,1.0754,594,1.14,1.0754,4,1.145,1.0801,337,0
SPY190731P301,2019-07-29,2019-07-29 09:40:38,1.15,1.0849,50,1.14,1.0754,595,1.14,1.0754,4,1.145,1.0801,337,0
SPY190731P301,2019-07-29,2019-07-29 09:40:39,1.15,1.0849,50,1.14,1.0754,595,1.14,1.0754,4,1.145,1.0801,337,0
SPY190731P301,2019-07-29,2019-07-29 09:40:40,1.15,1.0849,133,1.14,1.0754,595,1.14,1.0754,4,1.145,1.0801,337,0
SPY190731P301,2019-07-29,2019-07-29 09:40:41,1.15,1.0849,133,1.14,1.0754,536,1.14,1.0754,4,1.145,1.0801,337,0
SPY190731P301,2019-07-29,2019-07-29 09:40:41,1.15,1.0849,133,1.14,1.0754,244,1.14,1.0754,4,1.145,1.0801,337,0
SPY190731P301,2019-07-29,2019-07-29 09:40:42,1.15,1.0849,133,1.14,1.0754,498,1.14,1.0754,4,1.145,1.0801,337,0
SPY190731P301,2019-07-29,2019-07-29 09:40:43,1.15,1.0849,133,1.14,1.0754,883,1.14,1.0754,4,1.145,1.0801,337,0
SPY190731P301,2019-07-29,2019-07-29 09:40:44,1.17,1.1037,275,1.15,1.0849,10,1.15,1.0849,49,1.16,1.0943,407,70
SPY190731P301,2019-07-29,2019-07-29 09:40:45,1.17,1.1037,275,1.15,1.0849,7,1.15,1.0849,49,1.16,1.0943,407,0
SPY190731P301,2019-07-29,2019-07-29 09:40:46,1.16,1.0943,490,1.15,1.0849,16,1.15,1.0849,49,1.155,1.0896,407,0
SPY190731P301,2019-07-29,2019-07-29 09:40:47,1.17,1.1037,546,1.16,1.0943,33,1.15,1.0849,49,1.165,1.099,407,0
SPY190731P301,2019-07-29,2019-07-29 09:40:48,1.16,1.0943,539,1.15,1.0849,14,1.15,1.0849,49,1.155,1.0896,407,0
SPY190731P301,2019-07-29,2019-07-29 09:40:49,1.16,1.0943,539,1.14,1.0754,235,1.15,1.0849,49,1.15,1.0849,407,0
SPY190731P301,2019-07-29,2019-07-29 09:40:50,1.16,1.0943,544,1.14,1.0754,598,1.15,1.0849,49,1.15,1.0849,407,0
SPY190731P301,2019-07-29,2019-07-29 09:40:50,1.16,1.0943,494,1.14,1.0754,365,1.15,1.0849,49,1.15,1.0849,407,0
SPY190731P301,2019-07-29,2019-07-29 09:40:51,1.15,1.0849,1,1.14,1.0754,622,1.15,1.0849,49,1.145,1.0801,407,0
SPY190731P301,2019-07-29,2019-07-29 09:40:52,1.15,1.0849,73,1.14,1.0754,34,1.15,1.0849,49,1.145,1.0801,407,0
SPY190731P301,2019-07-29,2019-07-29 09:40:53,1.15,1.0849,62,1.14,1.0754,85,1.15,1.0849,49,1.145,1.0801,407,0
SPY190731P301,2019-07-29,2019-07-29 09:40:53,1.15,1.0849,110,1.14,1.0754,83,1.15,1.0849,49,1.145,1.0801,407,0
