symbol,Date,quote_time,ask_price,norm_ask_price,ask_size,bid_price,norm_bid_price,bid_size,last_trade_price,norm_last_trade_price,last_trade_size,mark_price,norm_mark_price,volume,Volume
SPY190717P301,2019-07-15,2019-07-15 09:30:00,1.17,1.0,24,1.14,0.9743,5,1.25,1.0683,87,1.155,0.9871,1941,1941
SPY190717P301,2019-07-15,2019-07-15 09:30:19,0.95,0.8119,50,0.93,0.7948,129,0.93,0.7948,1,0.94,0.8034,7,-1934
SPY190717P301,2019-07-15,2019-07-15 09:30:23,0.97,0.829,55,0.95,0.8119,533,0.96,0.8205,1,0.96,0.8205,8,1
SPY190717P301,2019-07-15,2019-07-15 09:30:24,0.97,0.829,5,0.96,0.8205,50,0.96,0.8205,1,0.965,0.8247,8,0
SPY190717P301,2019-07-15,2019-07-15 09:30:25,1.0,0.8547,467,0.97,0.829,50,0.96,0.8205,1,0.985,0.8418,8,0
SPY190717P301,2019-07-15,2019-07-15 09:30:25,0.97,0.829,5,0.96,0.8205,60,0.96,0.8205,1,0.965,0.8247,8,0
SPY190717P301,2019-07-15,2019-07-15 09:30:26,0.98,0.8376,1,0.95,0.8119,151,0.96,0.8205,1,0.965,0.8247,8,0
SPY190717P301,2019-07-15,2019-07-15 09:30:27,0.98,0.8376,50,0.95,0.8119,150,0.96,0.8205,1,0.965,0.8247,8,0
SPY190717P301,2019-07-15,2019-07-15 09:30:27,0.98,0.8376,5,0.96,0.8205,50,0.96,0.8205,1,0.97,0.829,8,0
SPY190717P301,2019-07-15,2019-07-15 09:30:28,0.98,0.8376,100,0.95,0.8119,100,0.96,0.8205,1,0.965,0.8247,8,0
SPY190717P301,2019-07-15,2019-07-15 09:30:28,0.99,0.8461,375,0.96,0.8205,50,0.96,0.8205,1,0.975,0.8333,8,0
SPY190717P301,2019-07-15,2019-07-15 09:30:29,0.98,0.8376,5,0.97,0.829,1,0.96,0.8205,1,0.975,0.8333,8,0
SPY190717P301,2019-07-15,2019-07-15 09:30:29,0.99,0.8461,50,0.97,0.829,1,0.96,0.8205,1,0.98,0.8376,8,0
SPY190717P301,2019-07-15,2019-07-15 09:30:30,0.98,0.8376,5,0.96,0.8205,150,0.98,0.8376,1,0.97,0.829,9,1
SPY190717P301,2019-07-15,2019-07-15 09:30:31,0.98,0.8376,5,0.97,0.829,1,0.98,0.8376,1,0.975,0.8333,9,0
SPY190717P301,2019-07-15,2019-07-15 09:30:31,0.98,0.8376,5,0.97,0.829,1,0.98,0.8376,1,0.975,0.8333,10,1
SPY190717P301,2019-07-15,2019-07-15 09:30:32,0.98,0.8376,5,0.97,0.829,1,0.98,0.8376,1,0.975,0.8333,10,0
SPY190717P301,2019-07-15,2019-07-15 09:30:32,0.98,0.8376,5,0.97,0.829,2,0.98,0.8376,1,0.975,0.8333,10,0
SPY190717P301,2019-07-15,2019-07-15 09:30:33,0.98,0.8376,5,0.95,0.8119,104,0.97,0.829,1,0.965,0.8247,11,0
SPY190717P301,2019-07-15,2019-07-15 09:30:33,0.98,0.8376,5,0.96,0.8205,150,0.97,0.829,1,0.97,0.829,11,1
SPY190717P301,2019-07-15,2019-07-15 09:30:34,0.98,0.8376,5,0.97,0.829,1,0.97,0.829,1,0.975,0.8333,11,0
SPY190717P301,2019-07-15,2019-07-15 09:30:35,0.98,0.8376,5,0.97,0.829,1,0.97,0.829,1,0.975,0.8333,11,0
SPY190717P301,2019-07-15,2019-07-15 09:30:36,0.98,0.8376,110,0.96,0.8205,264,0.97,0.829,1,0.97,0.829,11,0
SPY190717P301,2019-07-15,2019-07-15 09:30:36,0.98,0.8376,110,0.97,0.829,1,0.97,0.829,1,0.975,0.8333,11,0
SPY190717P301,2019-07-15,2019-07-15 09:30:37,0.99,0.8461,157,0.96,0.8205,92,0.97,0.829,1,0.975,0.8333,12,0
SPY190717P301,2019-07-15,2019-07-15 09:30:37,0.98,0.8376,100,0.96,0.8205,60,0.97,0.829,1,0.97,0.829,12,1
SPY190717P301,2019-07-15,2019-07-15 09:30:38,0.98,0.8376,5,0.97,0.829,33,0.97,0.829,1,0.975,0.8333,12,0
SPY190717P301,2019-07-15,2019-07-15 09:30:39,0.98,0.8376,5,0.97,0.829,34,0.97,0.829,1,0.975,0.8333,12,0
SPY190717P301,2019-07-15,2019-07-15 09:30:40,0.98,0.8376,5,0.97,0.829,31,0.97,0.829,1,0.975,0.8333,12,0
SPY190717P301,2019-07-15,2019-07-15 09:30:41,0.98,0.8376,5,0.97,0.829,30,0.97,0.829,10,0.975,0.8333,22,10
SPY190717P301,2019-07-15,2019-07-15 09:30:41,0.98,0.8376,5,0.97,0.829,30,0.97,0.829,1,0.975,0.8333,12,0
SPY190717P301,2019-07-15,2019-07-15 09:30:42,0.98,0.8376,5,0.97,0.829,30,0.97,0.829,10,0.975,0.8333,22,0
SPY190717P301,2019-07-15,2019-07-15 09:30:42,0.99,0.8461,107,0.98,0.8376,30,0.97,0.829,10,0.985,0.8418,22,0
SPY190717P301,2019-07-15,2019-07-15 09:30:43,0.99,0.8461,107,0.98,0.8376,30,0.97,0.829,10,0.985,0.8418,22,0
SPY190717P301,2019-07-15,2019-07-15 09:30:44,0.99,0.8461,5,0.98,0.8376,45,0.97,0.829,10,0.985,0.8418,22,0
SPY190717P301,2019-07-15,2019-07-15 09:30:45,0.99,0.8461,5,0.98,0.8376,45,0.97,0.829,10,0.985,0.8418,22,0
SPY190717P301,2019-07-15,2019-07-15 09:30:46,0.99,0.8461,5,0.98,0.8376,45,0.97,0.829,10,0.985,0.8418,22,0
SPY190717P301,2019-07-15,2019-07-15 09:30:47,0.99,0.8461,5,0.98,0.8376,45,0.98,0.8376,1,0.985,0.8418,23,0
SPY190717P301,2019-07-15,2019-07-15 09:30:47,0.99,0.8461,5,0.98,0.8376,45,0.98,0.8376,1,0.985,0.8418,23,1
SPY190717P301,2019-07-15,2019-07-15 09:30:48,0.99,0.8461,5,0.98,0.8376,30,0.98,0.8376,1,0.985,0.8418,23,0
SPY190717P301,2019-07-15,2019-07-15 09:30:48,0.99,0.8461,5,0.98,0.8376,45,0.98,0.8376,1,0.985,0.8418,23,0
SPY190717P301,2019-07-15,2019-07-15 09:30:49,0.99,0.8461,5,0.98,0.8376,30,0.98,0.8376,1,0.985,0.8418,23,0
SPY190717P301,2019-07-15,2019-07-15 09:30:50,0.99,0.8461,5,0.98,0.8376,45,0.98,0.8376,1,0.985,0.8418,23,0
SPY190717P301,2019-07-15,2019-07-15 09:30:51,0.99,0.8461,5,0.98,0.8376,34,0.98,0.8376,1,0.985,0.8418,23,0
SPY190717P301,2019-07-15,2019-07-15 09:30:51,0.99,0.8461,5,0.98,0.8376,45,0.98,0.8376,1,0.985,0.8418,23,0
SPY190717P301,2019-07-15,2019-07-15 09:30:52,0.99,0.8461,1,0.98,0.8376,44,0.99,0.8461,5,0.985,0.8418,33,10
SPY190717P301,2019-07-15,2019-07-15 09:30:52,0.99,0.8461,5,0.98,0.8376,44,0.99,0.8461,5,0.985,0.8418,33,0
SPY190717P301,2019-07-15,2019-07-15 09:30:53,0.99,0.8461,5,0.98,0.8376,44,0.99,0.8461,5,0.985,0.8418,33,0
SPY190717P301,2019-07-15,2019-07-15 09:30:54,0.99,0.8461,5,0.98,0.8376,44,0.99,0.8461,5,0.985,0.8418,33,0
SPY190717P301,2019-07-15,2019-07-15 09:30:55,0.99,0.8461,103,0.98,0.8376,44,0.98,0.8376,2,0.985,0.8418,36,3
SPY190717P301,2019-07-15,2019-07-15 09:30:55,0.99,0.8461,5,0.98,0.8376,44,0.99,0.8461,5,0.985,0.8418,33,0
SPY190717P301,2019-07-15,2019-07-15 09:30:56,0.99,0.8461,4,0.98,0.8376,28,0.98,0.8376,2,0.985,0.8418,36,0
SPY190717P301,2019-07-15,2019-07-15 09:30:56,0.99,0.8461,4,0.98,0.8376,44,0.98,0.8376,2,0.985,0.8418,36,0
SPY190717P301,2019-07-15,2019-07-15 09:30:57,0.99,0.8461,103,0.98,0.8376,28,0.98,0.8376,2,0.985,0.8418,36,0
SPY190717P301,2019-07-15,2019-07-15 09:30:57,0.99,0.8461,20,0.98,0.8376,28,0.98,0.8376,2,0.985,0.8418,36,0
SPY190717P301,2019-07-15,2019-07-15 09:30:58,0.99,0.8461,100,0.98,0.8376,28,0.98,0.8376,2,0.985,0.8418,36,0
SPY190717P301,2019-07-15,2019-07-15 09:30:59,0.99,0.8461,110,0.98,0.8376,28,0.98,0.8376,2,0.985,0.8418,36,0
SPY190717P301,2019-07-15,2019-07-15 09:31:00,0.98,0.8376,5,0.97,0.829,28,0.98,0.8376,2,0.975,0.8333,36,0
SPY190717P301,2019-07-15,2019-07-15 09:31:00,0.99,0.8461,10,0.97,0.829,40,0.98,0.8376,2,0.98,0.8376,36,0
SPY190717P301,2019-07-15,2019-07-15 09:31:01,0.98,0.8376,1,0.97,0.829,88,0.98,0.8376,2,0.975,0.8333,36,0
SPY190717P301,2019-07-15,2019-07-15 09:31:01,0.99,0.8461,122,0.97,0.829,89,0.98,0.8376,2,0.98,0.8376,36,0
SPY190717P301,2019-07-15,2019-07-15 09:31:02,0.99,0.8461,112,0.97,0.829,200,0.98,0.8376,2,0.98,0.8376,36,0
SPY190717P301,2019-07-15,2019-07-15 09:31:03,0.99,0.8461,122,0.97,0.829,200,0.98,0.8376,2,0.98,0.8376,36,0
SPY190717P301,2019-07-15,2019-07-15 09:31:04,0.98,0.8376,1,0.98,0.8376,28,0.98,0.8376,2,0.98,0.8376,36,0
SPY190717P301,2019-07-15,2019-07-15 09:31:05,0.98,0.8376,1,0.98,0.8376,28,0.98,0.8376,2,0.98,0.8376,36,0
SPY190717P301,2019-07-15,2019-07-15 09:31:06,0.99,0.8461,104,0.98,0.8376,40,0.98,0.8376,2,0.985,0.8418,36,0
SPY190717P301,2019-07-15,2019-07-15 09:31:06,0.98,0.8376,1,0.98,0.8376,28,0.98,0.8376,2,0.98,0.8376,36,0
SPY190717P301,2019-07-15,2019-07-15 09:31:07,1.0,0.8547,20,0.99,0.8461,68,0.98,0.8376,2,0.995,0.8504,36,0
SPY190717P301,2019-07-15,2019-07-15 09:31:07,1.0,0.8547,2,0.99,0.8461,28,0.98,0.8376,2,0.995,0.8504,36,0
SPY190717P301,2019-07-15,2019-07-15 09:31:08,1.0,0.8547,107,0.98,0.8376,35,0.98,0.8376,2,0.99,0.8461,36,0
SPY190717P301,2019-07-15,2019-07-15 09:31:09,1.0,0.8547,110,0.98,0.8376,132,0.99,0.8461,15,0.99,0.8461,51,15
SPY190717P301,2019-07-15,2019-07-15 09:31:09,1.0,0.8547,5,0.99,0.8461,28,0.98,0.8376,2,0.995,0.8504,36,0
SPY190717P301,2019-07-15,2019-07-15 09:31:10,0.99,0.8461,104,0.98,0.8376,40,0.99,0.8461,1,0.985,0.8418,55,0
SPY190717P301,2019-07-15,2019-07-15 09:31:10,0.99,0.8461,5,0.98,0.8376,38,0.99,0.8461,1,0.985,0.8418,55,4
SPY190717P301,2019-07-15,2019-07-15 09:31:11,0.99,0.8461,5,0.98,0.8376,79,0.99,0.8461,1,0.985,0.8418,55,0
SPY190717P301,2019-07-15,2019-07-15 09:31:12,0.99,0.8461,5,0.98,0.8376,78,0.99,0.8461,1,0.985,0.8418,55,0
SPY190717P301,2019-07-15,2019-07-15 09:31:12,1.0,0.8547,104,0.98,0.8376,45,0.99,0.8461,1,0.99,0.8461,55,0
SPY190717P301,2019-07-15,2019-07-15 09:31:13,0.99,0.8461,100,0.98,0.8376,74,0.99,0.8461,1,0.985,0.8418,55,0
SPY190717P301,2019-07-15,2019-07-15 09:31:13,1.0,0.8547,104,0.98,0.8376,131,0.99,0.8461,1,0.99,0.8461,55,0
SPY190717P301,2019-07-15,2019-07-15 09:31:14,0.99,0.8461,6,0.98,0.8376,70,0.99,0.8461,1,0.985,0.8418,55,0
SPY190717P301,2019-07-15,2019-07-15 09:31:14,0.99,0.8461,7,0.98,0.8376,30,0.99,0.8461,1,0.985,0.8418,55,0
SPY190717P301,2019-07-15,2019-07-15 09:31:15,0.99,0.8461,10,0.98,0.8376,28,0.99,0.8461,1,0.985,0.8418,55,0
SPY190717P301,2019-07-15,2019-07-15 09:31:16,0.99,0.8461,108,0.98,0.8376,28,0.99,0.8461,1,0.985,0.8418,55,0
SPY190717P301,2019-07-15,2019-07-15 09:31:16,0.99,0.8461,108,0.98,0.8376,40,0.99,0.8461,1,0.985,0.8418,55,0
SPY190717P301,2019-07-15,2019-07-15 09:31:17,0.99,0.8461,108,0.98,0.8376,28,0.99,0.8461,1,0.985,0.8418,55,0
SPY190717P301,2019-07-15,2019-07-15 09:31:18,0.99,0.8461,104,0.98,0.8376,40,0.99,0.8461,1,0.985,0.8418,55,0
SPY190717P301,2019-07-15,2019-07-15 09:31:18,0.99,0.8461,114,0.98,0.8376,28,0.99,0.8461,1,0.985,0.8418,55,0
SPY190717P301,2019-07-15,2019-07-15 09:31:19,0.99,0.8461,76,0.98,0.8376,28,0.99,0.8461,10,0.985,0.8418,65,10
SPY190717P301,2019-07-15,2019-07-15 09:31:19,0.99,0.8461,114,0.98,0.8376,28,0.99,0.8461,5,0.985,0.8418,70,5
SPY190717P301,2019-07-15,2019-07-15 09:31:20,0.99,0.8461,114,0.98,0.8376,29,0.99,0.8461,5,0.985,0.8418,70,0
SPY190717P301,2019-07-15,2019-07-15 09:31:21,1.0,0.8547,100,0.98,0.8376,50,0.99,0.8461,5,0.99,0.8461,70,0
SPY190717P301,2019-07-15,2019-07-15 09:31:21,0.99,0.8461,114,0.98,0.8376,29,0.99,0.8461,5,0.985,0.8418,70,0
SPY190717P301,2019-07-15,2019-07-15 09:31:22,1.0,0.8547,104,0.98,0.8376,75,0.99,0.8461,5,0.99,0.8461,70,0
SPY190717P301,2019-07-15,2019-07-15 09:31:22,1.0,0.8547,104,0.99,0.8461,28,0.99,0.8461,5,0.995,0.8504,70,0
SPY190717P301,2019-07-15,2019-07-15 09:31:23,1.0,0.8547,76,0.98,0.8376,82,0.99,0.8461,5,0.99,0.8461,70,0
SPY190717P301,2019-07-15,2019-07-15 09:31:23,1.0,0.8547,104,0.98,0.8376,82,0.99,0.8461,5,0.99,0.8461,70,0
SPY190717P301,2019-07-15,2019-07-15 09:31:24,0.99,0.8461,7,0.98,0.8376,75,0.99,0.8461,5,0.985,0.8418,70,0
SPY190717P301,2019-07-15,2019-07-15 09:31:25,0.99,0.8461,12,0.98,0.8376,35,0.99,0.8461,5,0.985,0.8418,70,0
SPY190717P301,2019-07-15,2019-07-15 09:31:25,0.99,0.8461,13,0.98,0.8376,35,0.99,0.8461,5,0.985,0.8418,70,0
SPY190717P301,2019-07-15,2019-07-15 09:31:26,0.99,0.8461,76,0.98,0.8376,1,0.99,0.8461,5,0.985,0.8418,70,0
SPY190717P301,2019-07-15,2019-07-15 09:31:26,0.99,0.8461,110,0.98,0.8376,1,0.98,0.8376,1,0.985,0.8418,71,1
SPY190717P301,2019-07-15,2019-07-15 09:31:27,0.99,0.8461,104,0.98,0.8376,1,0.98,0.8376,1,0.985,0.8418,71,0
SPY190717P301,2019-07-15,2019-07-15 09:31:27,0.99,0.8461,110,0.98,0.8376,1,0.98,0.8376,1,0.985,0.8418,71,0
SPY190717P301,2019-07-15,2019-07-15 09:31:28,0.99,0.8461,104,0.98,0.8376,1,0.98,0.8376,1,0.985,0.8418,71,0
SPY190717P301,2019-07-15,2019-07-15 09:31:29,0.99,0.8461,104,0.98,0.8376,1,0.98,0.8376,1,0.985,0.8418,71,0
SPY190717P301,2019-07-15,2019-07-15 09:31:30,0.99,0.8461,461,0.96,0.8205,516,0.98,0.8376,1,0.975,0.8333,72,1
SPY190717P301,2019-07-15,2019-07-15 09:31:31,0.98,0.8376,75,0.96,0.8205,390,0.98,0.8376,1,0.97,0.829,72,0
SPY190717P301,2019-07-15,2019-07-15 09:31:31,0.98,0.8376,106,0.96,0.8205,390,0.98,0.8376,1,0.97,0.829,72,0
SPY190717P301,2019-07-15,2019-07-15 09:31:32,0.98,0.8376,122,0.96,0.8205,246,0.98,0.8376,1,0.97,0.829,72,0
SPY190717P301,2019-07-15,2019-07-15 09:31:33,0.98,0.8376,106,0.96,0.8205,245,0.98,0.8376,1,0.97,0.829,72,0
SPY190717P301,2019-07-15,2019-07-15 09:31:33,0.99,0.8461,461,0.96,0.8205,245,0.98,0.8376,1,0.975,0.8333,72,0
SPY190717P301,2019-07-15,2019-07-15 09:31:34,0.98,0.8376,51,0.96,0.8205,538,0.98,0.8376,1,0.97,0.829,72,0
SPY190717P301,2019-07-15,2019-07-15 09:31:35,0.98,0.8376,40,0.97,0.829,7,0.98,0.8376,1,0.975,0.8333,72,0
SPY190717P301,2019-07-15,2019-07-15 09:31:36,0.98,0.8376,40,0.97,0.829,1,0.98,0.8376,1,0.975,0.8333,72,0
SPY190717P301,2019-07-15,2019-07-15 09:31:36,0.98,0.8376,40,0.97,0.829,1,0.96,0.8205,10,0.975,0.8333,82,10
SPY190717P301,2019-07-15,2019-07-15 09:31:37,0.98,0.8376,50,0.97,0.829,1,0.96,0.8205,10,0.975,0.8333,82,0
SPY190717P301,2019-07-15,2019-07-15 09:31:38,0.98,0.8376,72,0.96,0.8205,319,0.97,0.829,5,0.97,0.829,87,5
SPY190717P301,2019-07-15,2019-07-15 09:31:43,0.98,0.8376,110,0.96,0.8205,92,0.97,0.829,5,0.97,0.829,87,0
SPY190717P301,2019-07-15,2019-07-15 09:31:44,0.98,0.8376,110,0.96,0.8205,92,0.97,0.829,5,0.97,0.829,87,0
SPY190717P301,2019-07-15,2019-07-15 09:31:45,0.98,0.8376,110,0.96,0.8205,92,0.97,0.829,5,0.97,0.829,87,0
SPY190717P301,2019-07-15,2019-07-15 09:31:45,0.98,0.8376,100,0.96,0.8205,92,0.97,0.829,5,0.97,0.829,87,0
SPY190717P301,2019-07-15,2019-07-15 09:31:46,0.98,0.8376,110,0.96,0.8205,57,0.97,0.829,5,0.97,0.829,87,0
SPY190717P301,2019-07-15,2019-07-15 09:31:46,0.97,0.829,20,0.96,0.8205,25,0.97,0.829,5,0.965,0.8247,87,0
SPY190717P301,2019-07-15,2019-07-15 09:31:47,0.97,0.829,62,0.96,0.8205,57,0.97,0.829,5,0.965,0.8247,87,0
SPY190717P301,2019-07-15,2019-07-15 09:31:47,0.97,0.829,20,0.96,0.8205,25,0.97,0.829,5,0.965,0.8247,87,0
SPY190717P301,2019-07-15,2019-07-15 09:31:48,0.97,0.829,62,0.96,0.8205,27,0.97,0.829,5,0.965,0.8247,87,0
SPY190717P301,2019-07-15,2019-07-15 09:31:49,0.97,0.829,9,0.96,0.8205,27,0.97,0.829,5,0.965,0.8247,87,0
SPY190717P301,2019-07-15,2019-07-15 09:31:50,0.97,0.829,109,0.96,0.8205,25,0.97,0.829,5,0.965,0.8247,87,0
SPY190717P301,2019-07-15,2019-07-15 09:31:51,0.97,0.829,117,0.96,0.8205,25,0.97,0.829,5,0.965,0.8247,87,0
SPY190717P301,2019-07-15,2019-07-15 09:31:51,0.97,0.829,109,0.96,0.8205,25,0.97,0.829,5,0.965,0.8247,87,0
SPY190717P301,2019-07-15,2019-07-15 09:31:52,0.97,0.829,117,0.96,0.8205,25,0.97,0.829,5,0.965,0.8247,87,0
SPY190717P301,2019-07-15,2019-07-15 09:31:53,0.97,0.829,147,0.96,0.8205,25,0.97,0.829,5,0.965,0.8247,87,0
SPY190717P301,2019-07-15,2019-07-15 09:31:54,0.97,0.829,209,0.95,0.8119,1,0.96,0.8205,25,0.96,0.8205,112,25
SPY190717P301,2019-07-15,2019-07-15 09:31:54,0.97,0.829,147,0.96,0.8205,25,0.97,0.829,5,0.965,0.8247,87,0
SPY190717P301,2019-07-15,2019-07-15 09:31:55,0.96,0.8205,154,0.95,0.8119,1,0.96,0.8205,25,0.955,0.8162,112,0
SPY190717P301,2019-07-15,2019-07-15 09:31:56,0.96,0.8205,154,0.95,0.8119,1,0.96,0.8205,25,0.955,0.8162,112,0
SPY190717P301,2019-07-15,2019-07-15 09:31:57,0.95,0.8119,20,0.94,0.8034,1,0.94,0.8034,9,0.945,0.8076,122,10
SPY190717P301,2019-07-15,2019-07-15 09:31:57,0.95,0.8119,104,0.93,0.7948,191,0.94,0.8034,9,0.94,0.8034,122,0
SPY190717P301,2019-07-15,2019-07-15 09:31:58,0.95,0.8119,110,0.94,0.8034,1,0.95,0.8119,1,0.945,0.8076,123,1
SPY190717P301,2019-07-15,2019-07-15 09:31:58,0.95,0.8119,104,0.93,0.7948,84,0.94,0.8034,9,0.94,0.8034,122,0
SPY190717P301,2019-07-15,2019-07-15 09:31:59,0.95,0.8119,110,0.94,0.8034,1,0.95,0.8119,1,0.945,0.8076,123,0
SPY190717P301,2019-07-15,2019-07-15 09:32:00,0.95,0.8119,110,0.94,0.8034,1,0.95,0.8119,1,0.945,0.8076,123,0
SPY190717P301,2019-07-15,2019-07-15 09:32:01,0.95,0.8119,164,0.93,0.7948,367,0.95,0.8119,1,0.94,0.8034,123,0
SPY190717P301,2019-07-15,2019-07-15 09:32:01,0.95,0.8119,164,0.94,0.8034,1,0.95,0.8119,1,0.945,0.8076,123,0
SPY190717P301,2019-07-15,2019-07-15 09:32:02,0.96,0.8205,103,0.95,0.8119,7,0.95,0.8119,1,0.955,0.8162,123,0
SPY190717P301,2019-07-15,2019-07-15 09:32:02,0.96,0.8205,103,0.95,0.8119,57,0.95,0.8119,1,0.955,0.8162,123,0
SPY190717P301,2019-07-15,2019-07-15 09:32:03,0.95,0.8119,5,0.94,0.8034,19,0.95,0.8119,1,0.945,0.8076,123,0
SPY190717P301,2019-07-15,2019-07-15 09:32:03,0.96,0.8205,103,0.95,0.8119,51,0.95,0.8119,1,0.955,0.8162,123,0
SPY190717P301,2019-07-15,2019-07-15 09:32:04,0.95,0.8119,5,0.94,0.8034,23,0.95,0.8119,1,0.945,0.8076,123,0
SPY190717P301,2019-07-15,2019-07-15 09:32:05,0.95,0.8119,6,0.94,0.8034,23,0.95,0.8119,1,0.945,0.8076,123,0
SPY190717P301,2019-07-15,2019-07-15 09:32:05,0.96,0.8205,183,0.94,0.8034,50,0.95,0.8119,1,0.95,0.8119,123,0
SPY190717P301,2019-07-15,2019-07-15 09:32:06,0.96,0.8205,157,0.94,0.8034,69,0.95,0.8119,1,0.95,0.8119,123,0
SPY190717P301,2019-07-15,2019-07-15 09:32:07,0.96,0.8205,132,0.94,0.8034,99,0.95,0.8119,1,0.95,0.8119,123,0
SPY190717P301,2019-07-15,2019-07-15 09:32:08,0.96,0.8205,132,0.94,0.8034,99,0.95,0.8119,1,0.95,0.8119,123,0
SPY190717P301,2019-07-15,2019-07-15 09:32:09,0.96,0.8205,113,0.94,0.8034,99,0.95,0.8119,1,0.95,0.8119,123,0
SPY190717P301,2019-07-15,2019-07-15 09:32:09,0.97,0.829,135,0.95,0.8119,542,0.95,0.8119,1,0.96,0.8205,123,0
SPY190717P301,2019-07-15,2019-07-15 09:32:10,0.97,0.829,135,0.96,0.8205,23,0.95,0.8119,1,0.965,0.8247,123,0
SPY190717P301,2019-07-15,2019-07-15 09:32:11,0.96,0.8205,5,0.95,0.8119,63,0.95,0.8119,1,0.955,0.8162,123,0
SPY190717P301,2019-07-15,2019-07-15 09:32:11,0.97,0.829,135,0.96,0.8205,1,0.95,0.8119,1,0.965,0.8247,123,0
SPY190717P301,2019-07-15,2019-07-15 09:32:12,0.97,0.829,142,0.95,0.8119,77,0.95,0.8119,1,0.96,0.8205,123,0
SPY190717P301,2019-07-15,2019-07-15 09:32:12,0.97,0.829,132,0.95,0.8119,63,0.95,0.8119,1,0.96,0.8205,123,0
SPY190717P301,2019-07-15,2019-07-15 09:32:13,0.97,0.829,192,0.95,0.8119,63,0.95,0.8119,1,0.96,0.8205,123,0
SPY190717P301,2019-07-15,2019-07-15 09:32:14,0.97,0.829,192,0.95,0.8119,63,0.95,0.8119,1,0.96,0.8205,123,0
SPY190717P301,2019-07-15,2019-07-15 09:32:14,0.96,0.8205,75,0.95,0.8119,23,0.95,0.8119,1,0.955,0.8162,123,0
SPY190717P301,2019-07-15,2019-07-15 09:32:15,0.97,0.829,132,0.96,0.8205,1,0.95,0.8119,1,0.965,0.8247,123,0
SPY190717P301,2019-07-15,2019-07-15 09:32:15,0.96,0.8205,75,0.95,0.8119,23,0.95,0.8119,1,0.955,0.8162,123,0
SPY190717P301,2019-07-15,2019-07-15 09:32:16,0.97,0.829,132,0.96,0.8205,1,0.95,0.8119,1,0.965,0.8247,123,0
SPY190717P301,2019-07-15,2019-07-15 09:32:17,0.97,0.829,107,0.96,0.8205,379,0.95,0.8119,1,0.965,0.8247,123,0
SPY190717P301,2019-07-15,2019-07-15 09:32:17,0.97,0.829,136,0.95,0.8119,486,0.95,0.8119,1,0.96,0.8205,123,0
SPY190717P301,2019-07-15,2019-07-15 09:32:18,0.97,0.829,128,0.96,0.8205,1,0.95,0.8119,1,0.965,0.8247,123,0
SPY190717P301,2019-07-15,2019-07-15 09:32:19,0.96,0.8205,81,0.94,0.8034,541,0.95,0.8119,1,0.95,0.8119,123,0
SPY190717P301,2019-07-15,2019-07-15 09:32:19,0.96,0.8205,91,0.94,0.8034,541,0.95,0.8119,1,0.95,0.8119,123,0
SPY190717P301,2019-07-15,2019-07-15 09:32:20,0.97,0.829,176,0.95,0.8119,477,0.95,0.8119,1,0.96,0.8205,123,0
SPY190717P301,2019-07-15,2019-07-15 09:32:20,0.97,0.829,121,0.95,0.8119,317,0.95,0.8119,1,0.96,0.8205,123,0
SPY190717P301,2019-07-15,2019-07-15 09:32:21,0.97,0.829,123,0.95,0.8119,297,0.95,0.8119,1,0.96,0.8205,123,0
SPY190717P301,2019-07-15,2019-07-15 09:32:21,0.97,0.829,123,0.95,0.8119,317,0.95,0.8119,1,0.96,0.8205,123,0
SPY190717P301,2019-07-15,2019-07-15 09:32:22,0.97,0.829,123,0.95,0.8119,297,0.95,0.8119,1,0.96,0.8205,123,0
SPY190717P301,2019-07-15,2019-07-15 09:32:23,0.96,0.8205,18,0.95,0.8119,540,0.95,0.8119,1,0.955,0.8162,123,0
SPY190717P301,2019-07-15,2019-07-15 09:32:23,0.98,0.8376,170,0.96,0.8205,23,0.95,0.8119,1,0.97,0.829,123,0
SPY190717P301,2019-07-15,2019-07-15 09:32:24,0.97,0.829,133,0.95,0.8119,148,0.95,0.8119,1,0.96,0.8205,123,0
SPY190717P301,2019-07-15,2019-07-15 09:32:25,0.97,0.829,136,0.94,0.8034,518,0.95,0.8119,1,0.955,0.8162,123,0
SPY190717P301,2019-07-15,2019-07-15 09:32:26,0.96,0.8205,134,0.95,0.8119,103,0.95,0.8119,1,0.955,0.8162,123,0
SPY190717P301,2019-07-15,2019-07-15 09:32:27,0.97,0.829,132,0.95,0.8119,168,0.95,0.8119,1,0.96,0.8205,123,0
SPY190717P301,2019-07-15,2019-07-15 09:32:27,0.97,0.829,132,0.95,0.8119,187,0.95,0.8119,1,0.96,0.8205,123,0
SPY190717P301,2019-07-15,2019-07-15 09:32:28,0.97,0.829,132,0.96,0.8205,17,0.95,0.8119,1,0.965,0.8247,123,0
SPY190717P301,2019-07-15,2019-07-15 09:32:29,0.97,0.829,132,0.95,0.8119,169,0.95,0.8119,1,0.96,0.8205,123,0
SPY190717P301,2019-07-15,2019-07-15 09:32:29,0.97,0.829,66,0.96,0.8205,23,0.95,0.8119,1,0.965,0.8247,123,0
SPY190717P301,2019-07-15,2019-07-15 09:32:30,0.97,0.829,66,0.95,0.8119,547,0.95,0.8119,1,0.96,0.8205,123,0
SPY190717P301,2019-07-15,2019-07-15 09:32:31,0.97,0.829,96,0.96,0.8205,10,0.95,0.8119,1,0.965,0.8247,123,0
SPY190717P301,2019-07-15,2019-07-15 09:32:31,0.97,0.829,96,0.95,0.8119,536,0.95,0.8119,1,0.96,0.8205,123,0
SPY190717P301,2019-07-15,2019-07-15 09:32:32,0.97,0.829,96,0.96,0.8205,10,0.95,0.8119,1,0.965,0.8247,123,0
SPY190717P301,2019-07-15,2019-07-15 09:32:32,0.97,0.829,96,0.96,0.8205,1,0.95,0.8119,1,0.965,0.8247,123,0
SPY190717P301,2019-07-15,2019-07-15 09:32:33,0.97,0.829,96,0.96,0.8205,1,0.95,0.8119,1,0.965,0.8247,123,0
SPY190717P301,2019-07-15,2019-07-15 09:32:34,0.97,0.829,96,0.96,0.8205,46,0.95,0.8119,1,0.965,0.8247,123,0
SPY190717P301,2019-07-15,2019-07-15 09:32:35,0.98,0.8376,124,0.96,0.8205,529,0.95,0.8119,1,0.97,0.829,123,0
SPY190717P301,2019-07-15,2019-07-15 09:32:35,0.97,0.829,96,0.96,0.8205,46,0.95,0.8119,1,0.965,0.8247,123,0
SPY190717P301,2019-07-15,2019-07-15 09:32:36,0.98,0.8376,51,0.97,0.829,47,0.95,0.8119,1,0.975,0.8333,123,0
SPY190717P301,2019-07-15,2019-07-15 09:32:36,0.98,0.8376,24,0.97,0.829,61,0.95,0.8119,1,0.975,0.8333,123,0
SPY190717P301,2019-07-15,2019-07-15 09:32:37,0.98,0.8376,70,0.96,0.8205,512,0.95,0.8119,1,0.97,0.829,123,0
SPY190717P301,2019-07-15,2019-07-15 09:32:38,0.98,0.8376,70,0.97,0.829,1,0.95,0.8119,1,0.975,0.8333,123,0
SPY190717P301,2019-07-15,2019-07-15 09:32:39,0.98,0.8376,63,0.96,0.8205,498,0.95,0.8119,1,0.97,0.829,123,0
SPY190717P301,2019-07-15,2019-07-15 09:32:39,0.98,0.8376,70,0.97,0.829,1,0.95,0.8119,1,0.975,0.8333,123,0
SPY190717P301,2019-07-15,2019-07-15 09:32:40,0.97,0.829,114,0.96,0.8205,1,0.95,0.8119,1,0.965,0.8247,123,0
SPY190717P301,2019-07-15,2019-07-15 09:32:41,0.98,0.8376,479,0.96,0.8205,54,0.95,0.8119,1,0.97,0.829,123,0
SPY190717P301,2019-07-15,2019-07-15 09:32:41,0.97,0.829,24,0.96,0.8205,1,0.95,0.8119,1,0.965,0.8247,123,0
SPY190717P301,2019-07-15,2019-07-15 09:32:42,0.98,0.8376,160,0.96,0.8205,177,0.95,0.8119,1,0.97,0.829,123,0
SPY190717P301,2019-07-15,2019-07-15 09:32:42,0.98,0.8376,120,0.96,0.8205,172,0.95,0.8119,1,0.97,0.829,123,0
SPY190717P301,2019-07-15,2019-07-15 09:32:43,0.98,0.8376,129,0.96,0.8205,171,0.95,0.8119,1,0.97,0.829,123,0
SPY190717P301,2019-07-15,2019-07-15 09:32:44,0.98,0.8376,120,0.96,0.8205,166,0.95,0.8119,1,0.97,0.829,123,0
SPY190717P301,2019-07-15,2019-07-15 09:32:45,0.97,0.829,26,0.96,0.8205,114,0.95,0.8119,1,0.965,0.8247,123,0
SPY190717P301,2019-07-15,2019-07-15 09:32:45,0.98,0.8376,170,0.96,0.8205,101,0.95,0.8119,1,0.97,0.829,123,0
SPY190717P301,2019-07-15,2019-07-15 09:32:46,0.98,0.8376,130,0.96,0.8205,108,0.95,0.8119,1,0.97,0.829,123,0
SPY190717P301,2019-07-15,2019-07-15 09:32:46,0.98,0.8376,130,0.96,0.8205,55,0.95,0.8119,1,0.97,0.829,123,0
SPY190717P301,2019-07-15,2019-07-15 09:32:47,0.98,0.8376,130,0.96,0.8205,151,0.95,0.8119,1,0.97,0.829,123,0
SPY190717P301,2019-07-15,2019-07-15 09:32:47,0.98,0.8376,180,0.96,0.8205,104,0.95,0.8119,1,0.97,0.829,123,0
SPY190717P301,2019-07-15,2019-07-15 09:32:48,0.98,0.8376,130,0.96,0.8205,154,0.95,0.8119,1,0.97,0.829,123,0
SPY190717P301,2019-07-15,2019-07-15 09:32:49,0.98,0.8376,74,0.97,0.829,25,0.95,0.8119,1,0.975,0.8333,123,0
SPY190717P301,2019-07-15,2019-07-15 09:32:49,0.98,0.8376,130,0.96,0.8205,286,0.95,0.8119,1,0.97,0.829,123,0
SPY190717P301,2019-07-15,2019-07-15 09:32:50,0.98,0.8376,74,0.96,0.8205,532,0.95,0.8119,1,0.97,0.829,123,0
SPY190717P301,2019-07-15,2019-07-15 09:32:50,0.98,0.8376,74,0.97,0.829,1,0.95,0.8119,1,0.975,0.8333,123,0
SPY190717P301,2019-07-15,2019-07-15 09:32:51,0.98,0.8376,83,0.96,0.8205,532,0.95,0.8119,1,0.97,0.829,123,0
SPY190717P301,2019-07-15,2019-07-15 09:32:52,0.98,0.8376,84,0.96,0.8205,532,0.95,0.8119,1,0.97,0.829,123,0
SPY190717P301,2019-07-15,2019-07-15 09:32:53,0.98,0.8376,89,0.96,0.8205,488,0.95,0.8119,1,0.97,0.829,123,0
SPY190717P301,2019-07-15,2019-07-15 09:32:53,0.97,0.829,26,0.96,0.8205,401,0.95,0.8119,1,0.965,0.8247,123,0
SPY190717P301,2019-07-15,2019-07-15 09:32:54,0.98,0.8376,103,0.96,0.8205,529,0.95,0.8119,1,0.97,0.829,123,0
SPY190717P301,2019-07-15,2019-07-15 09:32:55,0.98,0.8376,93,0.97,0.829,205,0.95,0.8119,1,0.975,0.8333,123,0
SPY190717P301,2019-07-15,2019-07-15 09:32:55,0.98,0.8376,93,0.96,0.8205,529,0.95,0.8119,1,0.97,0.829,123,0
SPY190717P301,2019-07-15,2019-07-15 09:32:56,0.98,0.8376,1,0.97,0.829,496,0.95,0.8119,1,0.975,0.8333,123,0
SPY190717P301,2019-07-15,2019-07-15 09:32:56,0.98,0.8376,1,0.97,0.829,555,0.95,0.8119,1,0.975,0.8333,123,0
SPY190717P301,2019-07-15,2019-07-15 09:32:57,0.98,0.8376,1,0.97,0.829,555,0.95,0.8119,1,0.975,0.8333,123,0
SPY190717P301,2019-07-15,2019-07-15 09:32:58,0.98,0.8376,1,0.97,0.829,555,0.95,0.8119,1,0.975,0.8333,123,0
SPY190717P301,2019-07-15,2019-07-15 09:32:58,0.98,0.8376,1,0.97,0.829,505,0.95,0.8119,1,0.975,0.8333,123,0
SPY190717P301,2019-07-15,2019-07-15 09:32:59,1.0,0.8547,1,0.98,0.8376,510,1.0,0.8547,1,0.99,0.8461,125,1
SPY190717P301,2019-07-15,2019-07-15 09:32:59,0.98,0.8376,1,0.97,0.829,435,0.98,0.8376,1,0.975,0.8333,124,1
SPY190717P301,2019-07-15,2019-07-15 09:33:00,1.02,0.8717,10,1.0,0.8547,149,1.0,0.8547,1,1.01,0.8632,125,0
SPY190717P301,2019-07-15,2019-07-15 09:33:00,1.02,0.8717,28,1.0,0.8547,154,1.0,0.8547,1,1.01,0.8632,125,0
SPY190717P301,2019-07-15,2019-07-15 09:33:01,1.01,0.8632,78,1.0,0.8547,10,1.0,0.8547,1,1.005,0.8589,125,0
SPY190717P301,2019-07-15,2019-07-15 09:33:02,1.01,0.8632,127,0.99,0.8461,1,1.0,0.8547,1,1.0,0.8547,125,0
SPY190717P301,2019-07-15,2019-07-15 09:33:02,1.0,0.8547,15,0.99,0.8461,114,1.0,0.8547,1,0.995,0.8504,125,0
SPY190717P301,2019-07-15,2019-07-15 09:33:03,1.0,0.8547,137,0.97,0.829,471,1.0,0.8547,1,0.985,0.8418,125,0
SPY190717P301,2019-07-15,2019-07-15 09:33:03,1.0,0.8547,28,0.99,0.8461,1,1.0,0.8547,1,0.995,0.8504,125,0
SPY190717P301,2019-07-15,2019-07-15 09:33:04,1.0,0.8547,177,0.97,0.829,492,1.0,0.8547,1,0.985,0.8418,125,0
SPY190717P301,2019-07-15,2019-07-15 09:33:04,0.99,0.8461,61,0.98,0.8376,7,1.0,0.8547,1,0.985,0.8418,125,0
SPY190717P301,2019-07-15,2019-07-15 09:33:05,0.99,0.8461,61,0.98,0.8376,20,1.0,0.8547,1,0.985,0.8418,125,0
SPY190717P301,2019-07-15,2019-07-15 09:33:06,1.0,0.8547,166,0.98,0.8376,25,1.0,0.8547,1,0.99,0.8461,125,0
SPY190717P301,2019-07-15,2019-07-15 09:33:06,1.0,0.8547,166,0.98,0.8376,72,1.0,0.8547,1,0.99,0.8461,125,0
SPY190717P301,2019-07-15,2019-07-15 09:33:07,0.99,0.8461,42,0.97,0.829,616,1.0,0.8547,1,0.98,0.8376,125,0
SPY190717P301,2019-07-15,2019-07-15 09:33:08,0.99,0.8461,84,0.97,0.829,519,1.0,0.8547,1,0.98,0.8376,125,0
SPY190717P301,2019-07-15,2019-07-15 09:33:08,0.99,0.8461,42,0.97,0.829,519,1.0,0.8547,1,0.98,0.8376,125,0
SPY190717P301,2019-07-15,2019-07-15 09:33:09,0.99,0.8461,54,0.98,0.8376,1,1.0,0.8547,1,0.985,0.8418,125,0
SPY190717P301,2019-07-15,2019-07-15 09:33:10,0.99,0.8461,73,0.98,0.8376,1,1.0,0.8547,1,0.985,0.8418,125,0
SPY190717P301,2019-07-15,2019-07-15 09:33:10,0.99,0.8461,78,0.98,0.8376,1,1.0,0.8547,1,0.985,0.8418,125,0
SPY190717P301,2019-07-15,2019-07-15 09:33:11,1.0,0.8547,88,0.98,0.8376,519,1.0,0.8547,1,0.99,0.8461,125,0
SPY190717P301,2019-07-15,2019-07-15 09:33:11,1.0,0.8547,25,0.98,0.8376,419,1.0,0.8547,1,0.99,0.8461,125,0
SPY190717P301,2019-07-15,2019-07-15 09:33:12,1.0,0.8547,169,0.98,0.8376,31,1.0,0.8547,1,0.99,0.8461,125,0
SPY190717P301,2019-07-15,2019-07-15 09:33:12,1.0,0.8547,25,0.98,0.8376,31,1.0,0.8547,1,0.99,0.8461,125,0
SPY190717P301,2019-07-15,2019-07-15 09:33:13,1.0,0.8547,169,0.98,0.8376,31,1.0,0.8547,1,0.99,0.8461,125,0
SPY190717P301,2019-07-15,2019-07-15 09:33:14,0.99,0.8461,11,0.98,0.8376,3,1.0,0.8547,1,0.985,0.8418,125,0
SPY190717P301,2019-07-15,2019-07-15 09:33:14,1.0,0.8547,169,0.98,0.8376,47,1.0,0.8547,1,0.99,0.8461,125,0
SPY190717P301,2019-07-15,2019-07-15 09:33:15,0.98,0.8376,62,0.97,0.829,1,0.97,0.829,15,0.975,0.8333,140,15
SPY190717P301,2019-07-15,2019-07-15 09:33:15,0.98,0.8376,76,0.96,0.8205,519,1.0,0.8547,1,0.97,0.829,125,0
SPY190717P301,2019-07-15,2019-07-15 09:33:16,0.98,0.8376,70,0.97,0.829,10,0.97,0.829,15,0.975,0.8333,140,0
SPY190717P301,2019-07-15,2019-07-15 09:33:17,0.98,0.8376,86,0.96,0.8205,509,0.97,0.829,15,0.97,0.829,140,0
SPY190717P301,2019-07-15,2019-07-15 09:33:18,0.98,0.8376,86,0.96,0.8205,509,0.97,0.829,15,0.97,0.829,140,0
SPY190717P301,2019-07-15,2019-07-15 09:33:18,0.97,0.829,125,0.95,0.8119,456,0.97,0.829,15,0.96,0.8205,140,0
SPY190717P301,2019-07-15,2019-07-15 09:33:19,0.97,0.829,165,0.96,0.8205,1,0.97,0.829,15,0.965,0.8247,140,0
SPY190717P301,2019-07-15,2019-07-15 09:33:19,0.97,0.829,64,0.96,0.8205,7,0.97,0.829,15,0.965,0.8247,140,0
SPY190717P301,2019-07-15,2019-07-15 09:33:20,0.99,0.8461,5,0.97,0.829,423,0.97,0.829,15,0.98,0.8376,140,0
SPY190717P301,2019-07-15,2019-07-15 09:33:21,0.99,0.8461,125,0.97,0.829,489,0.97,0.829,15,0.98,0.8376,140,0
SPY190717P301,2019-07-15,2019-07-15 09:33:22,0.99,0.8461,125,0.97,0.829,489,0.97,0.829,15,0.98,0.8376,140,0
SPY190717P301,2019-07-15,2019-07-15 09:33:23,0.99,0.8461,125,0.97,0.829,489,0.97,0.829,15,0.98,0.8376,140,0
SPY190717P301,2019-07-15,2019-07-15 09:33:24,0.99,0.8461,125,0.97,0.829,498,0.97,0.829,15,0.98,0.8376,140,0
SPY190717P301,2019-07-15,2019-07-15 09:33:25,0.98,0.8376,74,0.97,0.829,47,0.97,0.829,15,0.975,0.8333,140,0
SPY190717P301,2019-07-15,2019-07-15 09:33:25,0.99,0.8461,132,0.97,0.829,74,0.97,0.829,15,0.98,0.8376,140,0
SPY190717P301,2019-07-15,2019-07-15 09:33:26,0.99,0.8461,129,0.97,0.829,134,0.97,0.829,15,0.98,0.8376,140,0
SPY190717P301,2019-07-15,2019-07-15 09:33:26,0.99,0.8461,132,0.97,0.829,134,0.97,0.829,15,0.98,0.8376,140,0
SPY190717P301,2019-07-15,2019-07-15 09:33:27,0.99,0.8461,72,0.97,0.829,469,0.97,0.829,15,0.98,0.8376,140,0
SPY190717P301,2019-07-15,2019-07-15 09:33:28,1.0,0.8547,163,0.98,0.8376,108,0.97,0.829,15,0.99,0.8461,140,0
SPY190717P301,2019-07-15,2019-07-15 09:33:28,0.99,0.8461,70,0.98,0.8376,62,0.97,0.829,15,0.985,0.8418,140,0
SPY190717P301,2019-07-15,2019-07-15 09:33:29,1.0,0.8547,120,0.98,0.8376,343,0.97,0.829,15,0.99,0.8461,140,0
SPY190717P301,2019-07-15,2019-07-15 09:33:29,1.01,0.8632,11,0.98,0.8376,274,1.0,0.8547,11,0.995,0.8504,151,11
SPY190717P301,2019-07-15,2019-07-15 09:33:30,1.02,0.8717,426,1.0,0.8547,113,1.0,0.8547,11,1.01,0.8632,151,0
SPY190717P301,2019-07-15,2019-07-15 09:33:30,1.02,0.8717,495,1.0,0.8547,65,1.0,0.8547,11,1.01,0.8632,151,0
SPY190717P301,2019-07-15,2019-07-15 09:33:31,1.0,0.8547,72,0.98,0.8376,168,1.0,0.8547,11,0.99,0.8461,151,0
SPY190717P301,2019-07-15,2019-07-15 09:33:31,1.02,0.8717,426,0.99,0.8461,25,1.0,0.8547,11,1.005,0.8589,151,0
SPY190717P301,2019-07-15,2019-07-15 09:33:32,1.0,0.8547,157,0.97,0.829,517,1.0,0.8547,11,0.985,0.8418,151,0
SPY190717P301,2019-07-15,2019-07-15 09:33:33,1.0,0.8547,123,0.98,0.8376,166,1.0,0.8547,11,0.99,0.8461,151,0
SPY190717P301,2019-07-15,2019-07-15 09:33:33,1.0,0.8547,123,0.98,0.8376,161,1.0,0.8547,11,0.99,0.8461,151,0
SPY190717P301,2019-07-15,2019-07-15 09:33:34,1.0,0.8547,133,0.98,0.8376,149,1.0,0.8547,11,0.99,0.8461,151,0
SPY190717P301,2019-07-15,2019-07-15 09:33:34,1.0,0.8547,133,0.99,0.8461,25,1.0,0.8547,11,0.995,0.8504,151,0
SPY190717P301,2019-07-15,2019-07-15 09:33:35,1.02,0.8717,469,1.0,0.8547,25,1.0,0.8547,11,1.01,0.8632,151,0
SPY190717P301,2019-07-15,2019-07-15 09:33:36,1.01,0.8632,26,0.99,0.8461,554,1.0,0.8547,11,1.0,0.8547,151,0
SPY190717P301,2019-07-15,2019-07-15 09:33:36,1.02,0.8717,492,0.99,0.8461,382,1.0,0.8547,11,1.005,0.8589,151,0
SPY190717P301,2019-07-15,2019-07-15 09:33:37,1.02,0.8717,486,1.0,0.8547,159,1.0,0.8547,11,1.01,0.8632,151,0
SPY190717P301,2019-07-15,2019-07-15 09:33:37,1.02,0.8717,492,1.0,0.8547,65,1.0,0.8547,11,1.01,0.8632,151,0
SPY190717P301,2019-07-15,2019-07-15 09:33:38,1.02,0.8717,486,1.0,0.8547,82,1.0,0.8547,11,1.01,0.8632,151,0
SPY190717P301,2019-07-15,2019-07-15 09:33:38,1.02,0.8717,486,1.0,0.8547,89,1.0,0.8547,11,1.01,0.8632,151,0
SPY190717P301,2019-07-15,2019-07-15 09:33:39,1.02,0.8717,486,1.0,0.8547,89,1.0,0.8547,11,1.01,0.8632,151,0
SPY190717P301,2019-07-15,2019-07-15 09:33:40,1.02,0.8717,281,1.0,0.8547,89,1.0,0.8547,11,1.01,0.8632,151,0
SPY190717P301,2019-07-15,2019-07-15 09:33:40,1.02,0.8717,222,1.0,0.8547,89,1.0,0.8547,11,1.01,0.8632,151,0
SPY190717P301,2019-07-15,2019-07-15 09:33:41,1.01,0.8632,1,1.0,0.8547,88,1.01,0.8632,1,1.005,0.8589,152,1
SPY190717P301,2019-07-15,2019-07-15 09:33:41,1.02,0.8717,222,1.0,0.8547,88,1.01,0.8632,1,1.01,0.8632,152,0
SPY190717P301,2019-07-15,2019-07-15 09:33:42,1.02,0.8717,321,1.0,0.8547,88,1.01,0.8632,1,1.01,0.8632,152,0
SPY190717P301,2019-07-15,2019-07-15 09:33:43,1.02,0.8717,222,1.0,0.8547,68,1.01,0.8632,1,1.01,0.8632,152,0
SPY190717P301,2019-07-15,2019-07-15 09:33:43,1.02,0.8717,222,1.0,0.8547,88,1.01,0.8632,1,1.01,0.8632,152,0
SPY190717P301,2019-07-15,2019-07-15 09:33:44,1.03,0.8803,463,1.01,0.8632,61,1.01,0.8632,1,1.02,0.8717,152,0
SPY190717P301,2019-07-15,2019-07-15 09:33:45,1.03,0.8803,516,1.01,0.8632,61,1.01,0.8632,1,1.02,0.8717,152,0
SPY190717P301,2019-07-15,2019-07-15 09:33:45,1.02,0.8717,7,1.01,0.8632,61,1.01,0.8632,1,1.015,0.8675,152,0
SPY190717P301,2019-07-15,2019-07-15 09:33:46,1.03,0.8803,526,1.01,0.8632,61,1.01,0.8632,1,1.02,0.8717,152,0
SPY190717P301,2019-07-15,2019-07-15 09:33:47,1.03,0.8803,516,1.01,0.8632,61,1.01,0.8632,1,1.02,0.8717,152,0
SPY190717P301,2019-07-15,2019-07-15 09:33:48,1.03,0.8803,516,1.01,0.8632,61,1.01,0.8632,1,1.02,0.8717,152,0
SPY190717P301,2019-07-15,2019-07-15 09:33:48,1.03,0.8803,167,1.01,0.8632,73,1.01,0.8632,1,1.02,0.8717,152,0
SPY190717P301,2019-07-15,2019-07-15 09:33:49,1.03,0.8803,167,1.01,0.8632,159,1.01,0.8632,1,1.02,0.8717,152,0
SPY190717P301,2019-07-15,2019-07-15 09:33:49,1.03,0.8803,127,1.02,0.8717,25,1.01,0.8632,1,1.025,0.876,152,0
SPY190717P301,2019-07-15,2019-07-15 09:33:50,1.04,0.8888,127,1.03,0.8803,10,1.01,0.8632,1,1.035,0.8846,152,0
SPY190717P301,2019-07-15,2019-07-15 09:33:50,1.04,0.8888,110,1.03,0.8803,25,1.01,0.8632,1,1.035,0.8846,152,0
SPY190717P301,2019-07-15,2019-07-15 09:33:51,1.05,0.8974,1,1.03,0.8803,25,1.01,0.8632,1,1.04,0.8888,152,0
SPY190717P301,2019-07-15,2019-07-15 09:33:52,1.05,0.8974,1,1.04,0.8888,1,1.01,0.8632,1,1.045,0.8931,152,0
SPY190717P301,2019-07-15,2019-07-15 09:33:52,1.05,0.8974,6,1.04,0.8888,25,1.01,0.8632,1,1.045,0.8931,152,0
SPY190717P301,2019-07-15,2019-07-15 09:33:53,1.05,0.8974,6,1.04,0.8888,25,1.01,0.8632,1,1.045,0.8931,152,0
SPY190717P301,2019-07-15,2019-07-15 09:33:54,1.05,0.8974,1,1.04,0.8888,43,1.01,0.8632,1,1.045,0.8931,152,0
SPY190717P301,2019-07-15,2019-07-15 09:33:54,1.05,0.8974,1,1.04,0.8888,49,1.01,0.8632,1,1.045,0.8931,152,0
SPY190717P301,2019-07-15,2019-07-15 09:33:55,1.07,0.9145,463,1.05,0.8974,25,1.07,0.9145,4,1.06,0.9059,157,5
SPY190717P301,2019-07-15,2019-07-15 09:33:55,1.07,0.9145,463,1.05,0.8974,62,1.07,0.9145,4,1.06,0.9059,157,0
SPY190717P301,2019-07-15,2019-07-15 09:33:56,1.07,0.9145,178,1.05,0.8974,110,1.06,0.9059,5,1.06,0.9059,162,5
SPY190717P301,2019-07-15,2019-07-15 09:33:57,1.07,0.9145,76,1.05,0.8974,114,1.06,0.9059,5,1.06,0.9059,162,0
SPY190717P301,2019-07-15,2019-07-15 09:33:57,1.07,0.9145,36,1.05,0.8974,158,1.06,0.9059,5,1.06,0.9059,162,0
SPY190717P301,2019-07-15,2019-07-15 09:33:58,1.08,0.923,123,1.05,0.8974,256,1.06,0.9059,5,1.065,0.9102,162,0
SPY190717P301,2019-07-15,2019-07-15 09:33:58,1.07,0.9145,48,1.06,0.9059,113,1.06,0.9059,5,1.065,0.9102,162,0
SPY190717P301,2019-07-15,2019-07-15 09:33:59,1.07,0.9145,132,1.05,0.8974,182,1.06,0.9059,5,1.06,0.9059,162,0
SPY190717P301,2019-07-15,2019-07-15 09:34:00,1.08,0.923,10,1.07,0.9145,20,1.06,0.9059,5,1.075,0.9188,162,0
SPY190717P301,2019-07-15,2019-07-15 09:34:00,1.08,0.923,126,1.06,0.9059,131,1.06,0.9059,5,1.07,0.9145,162,0
SPY190717P301,2019-07-15,2019-07-15 09:34:01,1.08,0.923,26,1.06,0.9059,114,1.06,0.9059,5,1.07,0.9145,162,0
SPY190717P301,2019-07-15,2019-07-15 09:34:01,1.07,0.9145,5,1.05,0.8974,442,1.06,0.9059,5,1.06,0.9059,162,0
SPY190717P301,2019-07-15,2019-07-15 09:34:02,1.08,0.923,103,1.06,0.9059,88,1.06,0.9059,5,1.07,0.9145,162,0
SPY190717P301,2019-07-15,2019-07-15 09:34:02,1.07,0.9145,338,1.06,0.9059,108,1.06,0.9059,5,1.065,0.9102,162,0
SPY190717P301,2019-07-15,2019-07-15 09:34:03,1.07,0.9145,102,1.05,0.8974,83,1.06,0.9059,5,1.06,0.9059,162,0
SPY190717P301,2019-07-15,2019-07-15 09:34:04,1.06,0.9059,23,1.04,0.8888,307,1.06,0.9059,5,1.05,0.8974,162,0
SPY190717P301,2019-07-15,2019-07-15 09:34:04,1.06,0.9059,123,1.04,0.8888,29,1.06,0.9059,5,1.05,0.8974,162,0
SPY190717P301,2019-07-15,2019-07-15 09:34:05,1.07,0.9145,447,1.05,0.8974,24,1.06,0.9059,5,1.06,0.9059,162,0
SPY190717P301,2019-07-15,2019-07-15 09:34:05,1.06,0.9059,149,1.04,0.8888,29,1.06,0.9059,1,1.05,0.8974,167,5
SPY190717P301,2019-07-15,2019-07-15 09:34:06,1.06,0.9059,22,1.04,0.8888,273,1.06,0.9059,1,1.05,0.8974,167,0
SPY190717P301,2019-07-15,2019-07-15 09:34:07,1.06,0.9059,62,1.04,0.8888,40,1.06,0.9059,1,1.05,0.8974,167,0
SPY190717P301,2019-07-15,2019-07-15 09:34:07,1.06,0.9059,154,1.04,0.8888,60,1.06,0.9059,1,1.05,0.8974,167,0
SPY190717P301,2019-07-15,2019-07-15 09:34:08,1.05,0.8974,111,1.04,0.8888,34,1.06,0.9059,1,1.045,0.8931,167,0
SPY190717P301,2019-07-15,2019-07-15 09:34:09,1.04,0.8888,84,1.03,0.8803,25,1.04,0.8888,5,1.035,0.8846,172,5
SPY190717P301,2019-07-15,2019-07-15 09:34:09,1.05,0.8974,110,1.04,0.8888,5,1.06,0.9059,1,1.045,0.8931,167,0
SPY190717P301,2019-07-15,2019-07-15 09:34:10,1.05,0.8974,126,1.03,0.8803,86,1.04,0.8888,5,1.04,0.8888,172,0
SPY190717P301,2019-07-15,2019-07-15 09:34:11,1.05,0.8974,126,1.04,0.8888,1,1.04,0.8888,5,1.045,0.8931,172,0
SPY190717P301,2019-07-15,2019-07-15 09:34:12,1.05,0.8974,126,1.03,0.8803,25,1.04,0.8888,5,1.04,0.8888,172,0
SPY190717P301,2019-07-15,2019-07-15 09:34:12,1.05,0.8974,498,1.03,0.8803,25,1.04,0.8888,5,1.04,0.8888,172,0
SPY190717P301,2019-07-15,2019-07-15 09:34:13,1.05,0.8974,498,1.02,0.8717,147,1.04,0.8888,5,1.035,0.8846,172,0
SPY190717P301,2019-07-15,2019-07-15 09:34:13,1.05,0.8974,498,1.03,0.8803,1,1.04,0.8888,5,1.04,0.8888,172,0
SPY190717P301,2019-07-15,2019-07-15 09:34:14,1.05,0.8974,22,1.03,0.8803,27,1.04,0.8888,5,1.04,0.8888,172,0
SPY190717P301,2019-07-15,2019-07-15 09:34:14,1.05,0.8974,498,1.03,0.8803,1,1.04,0.8888,5,1.04,0.8888,172,0
SPY190717P301,2019-07-15,2019-07-15 09:34:15,1.05,0.8974,50,1.03,0.8803,114,1.04,0.8888,5,1.04,0.8888,172,0
SPY190717P301,2019-07-15,2019-07-15 09:34:16,1.05,0.8974,118,1.03,0.8803,108,1.04,0.8888,5,1.04,0.8888,177,5
SPY190717P301,2019-07-15,2019-07-15 09:34:16,1.05,0.8974,105,1.04,0.8888,25,1.04,0.8888,5,1.045,0.8931,177,0
SPY190717P301,2019-07-15,2019-07-15 09:34:17,1.06,0.9059,19,1.03,0.8803,84,1.04,0.8888,5,1.045,0.8931,177,0
SPY190717P301,2019-07-15,2019-07-15 09:34:17,1.05,0.8974,108,1.03,0.8803,86,1.04,0.8888,5,1.04,0.8888,177,0
SPY190717P301,2019-07-15,2019-07-15 09:34:18,1.05,0.8974,148,1.03,0.8803,90,1.04,0.8888,5,1.04,0.8888,177,0
SPY190717P301,2019-07-15,2019-07-15 09:34:19,1.05,0.8974,137,1.04,0.8888,1,1.04,0.8888,5,1.045,0.8931,182,5
SPY190717P301,2019-07-15,2019-07-15 09:34:19,1.05,0.8974,156,1.03,0.8803,106,1.04,0.8888,5,1.04,0.8888,177,0
SPY190717P301,2019-07-15,2019-07-15 09:34:20,1.05,0.8974,126,1.03,0.8803,114,1.04,0.8888,5,1.04,0.8888,182,0
SPY190717P301,2019-07-15,2019-07-15 09:34:21,1.05,0.8974,126,1.03,0.8803,65,1.04,0.8888,5,1.04,0.8888,182,0
SPY190717P301,2019-07-15,2019-07-15 09:34:21,1.05,0.8974,126,1.03,0.8803,258,1.04,0.8888,5,1.04,0.8888,182,0
SPY190717P301,2019-07-15,2019-07-15 09:34:22,1.05,0.8974,126,1.03,0.8803,258,1.04,0.8888,5,1.04,0.8888,182,0
SPY190717P301,2019-07-15,2019-07-15 09:34:23,1.06,0.9059,26,1.04,0.8888,488,1.04,0.8888,5,1.05,0.8974,182,0
SPY190717P301,2019-07-15,2019-07-15 09:34:23,1.06,0.9059,82,1.04,0.8888,483,1.04,0.8888,5,1.05,0.8974,182,0
SPY190717P301,2019-07-15,2019-07-15 09:34:24,1.06,0.9059,82,1.04,0.8888,638,1.04,0.8888,5,1.05,0.8974,182,0
SPY190717P301,2019-07-15,2019-07-15 09:34:25,1.06,0.9059,27,1.04,0.8888,638,1.04,0.8888,5,1.05,0.8974,182,0
SPY190717P301,2019-07-15,2019-07-15 09:34:25,1.06,0.9059,27,1.05,0.8974,5,1.04,0.8888,5,1.055,0.9017,182,0
SPY190717P301,2019-07-15,2019-07-15 09:34:26,1.06,0.9059,76,1.05,0.8974,5,1.04,0.8888,5,1.055,0.9017,182,0
SPY190717P301,2019-07-15,2019-07-15 09:34:27,1.06,0.9059,76,1.05,0.8974,5,1.04,0.8888,5,1.055,0.9017,182,0
SPY190717P301,2019-07-15,2019-07-15 09:34:28,1.06,0.9059,76,1.05,0.8974,7,1.04,0.8888,5,1.055,0.9017,182,0
SPY190717P301,2019-07-15,2019-07-15 09:34:28,1.07,0.9145,127,1.05,0.8974,25,1.04,0.8888,5,1.06,0.9059,182,0
SPY190717P301,2019-07-15,2019-07-15 09:34:29,1.07,0.9145,152,1.05,0.8974,71,1.04,0.8888,5,1.06,0.9059,182,0
SPY190717P301,2019-07-15,2019-07-15 09:34:30,1.07,0.9145,152,1.05,0.8974,71,1.04,0.8888,5,1.06,0.9059,182,0
SPY190717P301,2019-07-15,2019-07-15 09:34:31,1.07,0.9145,127,1.05,0.8974,47,1.04,0.8888,5,1.06,0.9059,182,0
SPY190717P301,2019-07-15,2019-07-15 09:34:32,1.06,0.9059,11,1.05,0.8974,77,1.04,0.8888,5,1.055,0.9017,182,0
SPY190717P301,2019-07-15,2019-07-15 09:34:32,1.07,0.9145,127,1.05,0.8974,47,1.04,0.8888,5,1.06,0.9059,182,0
SPY190717P301,2019-07-15,2019-07-15 09:34:33,1.07,0.9145,152,1.05,0.8974,77,1.04,0.8888,5,1.06,0.9059,182,0
SPY190717P301,2019-07-15,2019-07-15 09:34:33,1.07,0.9145,152,1.05,0.8974,62,1.04,0.8888,5,1.06,0.9059,182,0
SPY190717P301,2019-07-15,2019-07-15 09:34:34,1.07,0.9145,152,1.05,0.8974,77,1.04,0.8888,5,1.06,0.9059,182,0
SPY190717P301,2019-07-15,2019-07-15 09:34:35,1.07,0.9145,152,1.05,0.8974,77,1.04,0.8888,5,1.06,0.9059,182,0
SPY190717P301,2019-07-15,2019-07-15 09:34:35,1.06,0.9059,11,1.05,0.8974,66,1.04,0.8888,5,1.055,0.9017,182,0
SPY190717P301,2019-07-15,2019-07-15 09:34:36,1.06,0.9059,26,1.05,0.8974,66,1.04,0.8888,5,1.055,0.9017,182,0
SPY190717P301,2019-07-15,2019-07-15 09:34:37,1.06,0.9059,26,1.05,0.8974,1,1.05,0.8974,2,1.055,0.9017,184,2
SPY190717P301,2019-07-15,2019-07-15 09:34:37,1.07,0.9145,182,1.05,0.8974,27,1.05,0.8974,2,1.06,0.9059,184,0
SPY190717P301,2019-07-15,2019-07-15 09:34:38,1.07,0.9145,182,1.05,0.8974,47,1.05,0.8974,2,1.06,0.9059,184,0
SPY190717P301,2019-07-15,2019-07-15 09:34:38,1.06,0.9059,21,1.04,0.8888,493,1.05,0.8974,2,1.05,0.8974,184,0
SPY190717P301,2019-07-15,2019-07-15 09:34:39,1.06,0.9059,107,1.04,0.8888,26,1.05,0.8974,2,1.05,0.8974,184,0
SPY190717P301,2019-07-15,2019-07-15 09:34:39,1.06,0.9059,21,1.04,0.8888,493,1.05,0.8974,2,1.05,0.8974,184,0
SPY190717P301,2019-07-15,2019-07-15 09:34:40,1.06,0.9059,107,1.04,0.8888,96,1.05,0.8974,2,1.05,0.8974,184,0
SPY190717P301,2019-07-15,2019-07-15 09:34:41,1.05,0.8974,13,1.03,0.8803,549,1.05,0.8974,2,1.04,0.8888,184,0
SPY190717P301,2019-07-15,2019-07-15 09:34:41,1.06,0.9059,127,1.04,0.8888,20,1.05,0.8974,2,1.05,0.8974,184,0
SPY190717P301,2019-07-15,2019-07-15 09:34:42,1.05,0.8974,26,1.03,0.8803,549,1.05,0.8974,2,1.04,0.8888,184,0
SPY190717P301,2019-07-15,2019-07-15 09:34:42,1.05,0.8974,26,1.03,0.8803,482,1.05,0.8974,2,1.04,0.8888,184,0
SPY190717P301,2019-07-15,2019-07-15 09:34:43,1.05,0.8974,48,1.03,0.8803,162,1.05,0.8974,2,1.04,0.8888,184,0
SPY190717P301,2019-07-15,2019-07-15 09:34:43,1.05,0.8974,48,1.03,0.8803,160,1.05,0.8974,2,1.04,0.8888,184,0
SPY190717P301,2019-07-15,2019-07-15 09:34:44,1.05,0.8974,48,1.03,0.8803,160,1.05,0.8974,2,1.04,0.8888,184,0
SPY190717P301,2019-07-15,2019-07-15 09:34:45,1.05,0.8974,26,1.03,0.8803,160,1.05,0.8974,2,1.04,0.8888,184,0
SPY190717P301,2019-07-15,2019-07-15 09:34:45,1.05,0.8974,1,1.03,0.8803,497,1.05,0.8974,2,1.04,0.8888,184,0
SPY190717P301,2019-07-15,2019-07-15 09:34:46,1.05,0.8974,77,1.03,0.8803,497,1.05,0.8974,12,1.04,0.8888,196,0
SPY190717P301,2019-07-15,2019-07-15 09:34:46,1.05,0.8974,77,1.03,0.8803,300,1.05,0.8974,12,1.04,0.8888,196,12
SPY190717P301,2019-07-15,2019-07-15 09:34:47,1.05,0.8974,77,1.03,0.8803,185,1.05,0.8974,12,1.04,0.8888,196,0
SPY190717P301,2019-07-15,2019-07-15 09:34:48,1.05,0.8974,26,1.04,0.8888,182,1.05,0.8974,12,1.045,0.8931,196,0
SPY190717P301,2019-07-15,2019-07-15 09:34:48,1.05,0.8974,26,1.04,0.8888,142,1.05,0.8974,12,1.045,0.8931,196,0
SPY190717P301,2019-07-15,2019-07-15 09:34:49,1.05,0.8974,26,1.04,0.8888,182,1.05,0.8974,12,1.045,0.8931,196,0
SPY190717P301,2019-07-15,2019-07-15 09:34:49,1.05,0.8974,26,1.04,0.8888,182,1.05,0.8974,1,1.045,0.8931,197,1
SPY190717P301,2019-07-15,2019-07-15 09:34:50,1.07,0.9145,290,1.05,0.8974,48,1.05,0.8974,1,1.06,0.9059,197,0
SPY190717P301,2019-07-15,2019-07-15 09:34:51,1.06,0.9059,22,1.06,0.9059,6,1.05,0.8974,1,1.06,0.9059,197,0
SPY190717P301,2019-07-15,2019-07-15 09:34:51,1.08,0.923,160,1.06,0.9059,27,1.05,0.8974,1,1.07,0.9145,197,0
SPY190717P301,2019-07-15,2019-07-15 09:34:52,1.07,0.9145,160,1.05,0.8974,53,1.05,0.8974,1,1.06,0.9059,197,0
SPY190717P301,2019-07-15,2019-07-15 09:34:52,1.07,0.9145,120,1.05,0.8974,53,1.05,0.8974,1,1.06,0.9059,197,0
SPY190717P301,2019-07-15,2019-07-15 09:34:53,1.07,0.9145,208,1.05,0.8974,40,1.05,0.8974,1,1.06,0.9059,197,0
SPY190717P301,2019-07-15,2019-07-15 09:34:54,1.07,0.9145,286,1.05,0.8974,40,1.05,0.8974,1,1.06,0.9059,197,0
SPY190717P301,2019-07-15,2019-07-15 09:34:54,1.07,0.9145,344,1.05,0.8974,40,1.05,0.8974,1,1.06,0.9059,197,0
SPY190717P301,2019-07-15,2019-07-15 09:34:55,1.07,0.9145,160,1.05,0.8974,43,1.05,0.8974,1,1.06,0.9059,197,0
SPY190717P301,2019-07-15,2019-07-15 09:34:55,1.07,0.9145,208,1.05,0.8974,43,1.05,0.8974,1,1.06,0.9059,197,0
SPY190717P301,2019-07-15,2019-07-15 09:34:56,1.07,0.9145,196,1.05,0.8974,44,1.05,0.8974,1,1.06,0.9059,197,0
SPY190717P301,2019-07-15,2019-07-15 09:34:57,1.07,0.9145,76,1.05,0.8974,181,1.05,0.8974,1,1.06,0.9059,197,0
SPY190717P301,2019-07-15,2019-07-15 09:34:57,1.07,0.9145,38,1.05,0.8974,202,1.05,0.8974,1,1.06,0.9059,197,0
SPY190717P301,2019-07-15,2019-07-15 09:34:58,1.06,0.9059,26,1.05,0.8974,25,1.05,0.8974,1,1.055,0.9017,197,0
SPY190717P301,2019-07-15,2019-07-15 09:34:58,1.07,0.9145,18,1.05,0.8974,483,1.05,0.8974,1,1.06,0.9059,197,0
SPY190717P301,2019-07-15,2019-07-15 09:34:59,1.06,0.9059,26,1.05,0.8974,37,1.05,0.8974,1,1.055,0.9017,197,0
SPY190717P301,2019-07-15,2019-07-15 09:35:00,1.07,0.9145,160,1.05,0.8974,56,1.05,0.8974,1,1.06,0.9059,197,0
SPY190717P301,2019-07-15,2019-07-15 09:35:00,1.06,0.9059,26,1.04,0.8888,232,1.05,0.8974,1,1.05,0.8974,197,0
SPY190717P301,2019-07-15,2019-07-15 09:35:01,1.07,0.9145,26,1.05,0.8974,133,1.05,0.8974,1,1.06,0.9059,197,0
SPY190717P301,2019-07-15,2019-07-15 09:35:02,1.07,0.9145,26,1.05,0.8974,341,1.05,0.8974,1,1.06,0.9059,197,0
SPY190717P301,2019-07-15,2019-07-15 09:35:02,1.07,0.9145,160,1.04,0.8888,471,1.05,0.8974,1,1.055,0.9017,197,0
SPY190717P301,2019-07-15,2019-07-15 09:35:03,1.07,0.9145,1,1.06,0.9059,25,1.05,0.8974,1,1.065,0.9102,197,0
SPY190717P301,2019-07-15,2019-07-15 09:35:04,1.07,0.9145,1,1.05,0.8974,155,1.05,0.8974,1,1.06,0.9059,197,0
SPY190717P301,2019-07-15,2019-07-15 09:35:05,1.07,0.9145,1,1.05,0.8974,155,1.05,0.8974,1,1.06,0.9059,197,0
SPY190717P301,2019-07-15,2019-07-15 09:35:06,1.07,0.9145,1,1.07,0.9145,28,1.07,0.9145,1,1.07,0.9145,198,1
SPY190717P301,2019-07-15,2019-07-15 09:35:06,1.07,0.9145,1,1.06,0.9059,143,1.05,0.8974,1,1.065,0.9102,197,0
SPY190717P301,2019-07-15,2019-07-15 09:35:07,1.08,0.923,10,1.07,0.9145,88,1.07,0.9145,1,1.075,0.9188,198,0
SPY190717P301,2019-07-15,2019-07-15 09:35:07,1.08,0.923,10,1.07,0.9145,65,1.07,0.9145,1,1.075,0.9188,198,0
SPY190717P301,2019-07-15,2019-07-15 09:35:08,1.08,0.923,10,1.07,0.9145,114,1.07,0.9145,1,1.075,0.9188,198,0
SPY190717P301,2019-07-15,2019-07-15 09:35:08,1.08,0.923,10,1.07,0.9145,88,1.07,0.9145,1,1.075,0.9188,198,0
SPY190717P301,2019-07-15,2019-07-15 09:35:09,1.08,0.923,10,1.07,0.9145,66,1.07,0.9145,1,1.075,0.9188,198,0
SPY190717P301,2019-07-15,2019-07-15 09:35:09,1.08,0.923,26,1.07,0.9145,88,1.07,0.9145,1,1.075,0.9188,198,0
SPY190717P301,2019-07-15,2019-07-15 09:35:10,1.08,0.923,17,1.07,0.9145,66,1.07,0.9145,1,1.075,0.9188,198,0
SPY190717P301,2019-07-15,2019-07-15 09:35:11,1.08,0.923,17,1.07,0.9145,66,1.07,0.9145,1,1.075,0.9188,198,0
SPY190717P301,2019-07-15,2019-07-15 09:35:11,1.08,0.923,17,1.07,0.9145,66,1.08,0.923,50,1.075,0.9188,248,50
SPY190717P301,2019-07-15,2019-07-15 09:35:12,1.08,0.923,17,1.07,0.9145,66,1.08,0.923,50,1.075,0.9188,248,0
SPY190717P301,2019-07-15,2019-07-15 09:35:13,1.08,0.923,10,1.07,0.9145,77,1.08,0.923,50,1.075,0.9188,248,0
SPY190717P301,2019-07-15,2019-07-15 09:35:13,1.08,0.923,10,1.07,0.9145,66,1.07,0.9145,2,1.075,0.9188,250,2
SPY190717P301,2019-07-15,2019-07-15 09:35:14,1.08,0.923,10,1.07,0.9145,66,1.07,0.9145,2,1.075,0.9188,250,0
SPY190717P301,2019-07-15,2019-07-15 09:35:14,1.08,0.923,10,1.07,0.9145,73,1.07,0.9145,2,1.075,0.9188,250,0
SPY190717P301,2019-07-15,2019-07-15 09:35:15,1.08,0.923,22,1.07,0.9145,60,1.07,0.9145,2,1.075,0.9188,250,0
SPY190717P301,2019-07-15,2019-07-15 09:35:15,1.08,0.923,22,1.07,0.9145,66,1.07,0.9145,2,1.075,0.9188,250,0
SPY190717P301,2019-07-15,2019-07-15 09:35:16,1.08,0.923,22,1.07,0.9145,476,1.07,0.9145,2,1.075,0.9188,250,0
SPY190717P301,2019-07-15,2019-07-15 09:35:17,1.08,0.923,10,1.07,0.9145,172,1.07,0.9145,2,1.075,0.9188,250,0
SPY190717P301,2019-07-15,2019-07-15 09:35:17,1.08,0.923,22,1.07,0.9145,172,1.07,0.9145,2,1.075,0.9188,250,0
SPY190717P301,2019-07-15,2019-07-15 09:35:18,1.08,0.923,10,1.07,0.9145,172,1.07,0.9145,2,1.075,0.9188,250,0
SPY190717P301,2019-07-15,2019-07-15 09:35:19,1.08,0.923,10,1.07,0.9145,172,1.07,0.9145,2,1.075,0.9188,250,0
SPY190717P301,2019-07-15,2019-07-15 09:35:19,1.08,0.923,10,1.07,0.9145,111,1.07,0.9145,2,1.075,0.9188,250,0
SPY190717P301,2019-07-15,2019-07-15 09:35:20,1.08,0.923,10,1.07,0.9145,97,1.07,0.9145,2,1.075,0.9188,250,0
SPY190717P301,2019-07-15,2019-07-15 09:35:21,1.11,0.9487,135,1.08,0.923,46,1.08,0.923,10,1.095,0.9358,260,10
SPY190717P301,2019-07-15,2019-07-15 09:35:21,1.08,0.923,10,1.07,0.9145,97,1.07,0.9145,2,1.075,0.9188,250,0
SPY190717P301,2019-07-15,2019-07-15 09:35:22,1.11,0.9487,290,1.08,0.923,66,1.08,0.923,10,1.095,0.9358,260,0
SPY190717P301,2019-07-15,2019-07-15 09:35:22,1.11,0.9487,290,1.08,0.923,71,1.08,0.923,10,1.095,0.9358,260,0
SPY190717P301,2019-07-15,2019-07-15 09:35:23,1.11,0.9487,290,1.08,0.923,91,1.08,0.923,10,1.095,0.9358,260,0
SPY190717P301,2019-07-15,2019-07-15 09:35:23,1.11,0.9487,290,1.08,0.923,71,1.08,0.923,10,1.095,0.9358,260,0
SPY190717P301,2019-07-15,2019-07-15 09:35:24,1.11,0.9487,195,1.08,0.923,66,1.08,0.923,10,1.095,0.9358,260,0
SPY190717P301,2019-07-15,2019-07-15 09:35:25,1.11,0.9487,291,1.08,0.923,46,1.08,0.923,10,1.095,0.9358,260,0
SPY190717P301,2019-07-15,2019-07-15 09:35:26,1.11,0.9487,385,1.08,0.923,138,1.08,0.923,10,1.095,0.9358,260,0
SPY190717P301,2019-07-15,2019-07-15 09:35:26,1.11,0.9487,291,1.08,0.923,98,1.08,0.923,10,1.095,0.9358,260,0
SPY190717P301,2019-07-15,2019-07-15 09:35:27,1.11,0.9487,385,1.08,0.923,166,1.08,0.923,10,1.095,0.9358,260,0
SPY190717P301,2019-07-15,2019-07-15 09:35:28,1.1,0.9401,5,1.08,0.923,116,1.11,0.9487,1,1.09,0.9316,261,0
SPY190717P301,2019-07-15,2019-07-15 09:35:28,1.11,0.9487,385,1.08,0.923,196,1.11,0.9487,1,1.095,0.9358,261,1
SPY190717P301,2019-07-15,2019-07-15 09:35:29,1.11,0.9487,374,1.08,0.923,66,1.11,0.9487,1,1.095,0.9358,261,0
SPY190717P301,2019-07-15,2019-07-15 09:35:30,1.11,0.9487,468,1.08,0.923,169,1.11,0.9487,1,1.095,0.9358,261,0
SPY190717P301,2019-07-15,2019-07-15 09:35:31,1.1,0.9401,274,1.07,0.9145,140,1.11,0.9487,1,1.085,0.9273,261,0
SPY190717P301,2019-07-15,2019-07-15 09:35:31,1.1,0.9401,90,1.07,0.9145,100,1.11,0.9487,1,1.085,0.9273,261,0
SPY190717P301,2019-07-15,2019-07-15 09:35:32,1.1,0.9401,64,1.08,0.923,46,1.11,0.9487,1,1.09,0.9316,261,0
SPY190717P301,2019-07-15,2019-07-15 09:35:32,1.1,0.9401,274,1.07,0.9145,170,1.11,0.9487,1,1.085,0.9273,261,0
SPY190717P301,2019-07-15,2019-07-15 09:35:33,1.1,0.9401,128,1.07,0.9145,100,1.11,0.9487,1,1.085,0.9273,261,0
SPY190717P301,2019-07-15,2019-07-15 09:35:34,1.1,0.9401,300,1.07,0.9145,46,1.11,0.9487,1,1.085,0.9273,261,0
SPY190717P301,2019-07-15,2019-07-15 09:35:34,1.1,0.9401,260,1.07,0.9145,46,1.11,0.9487,1,1.085,0.9273,261,0
SPY190717P301,2019-07-15,2019-07-15 09:35:35,1.1,0.9401,290,1.07,0.9145,140,1.11,0.9487,1,1.085,0.9273,261,0
SPY190717P301,2019-07-15,2019-07-15 09:35:36,1.1,0.9401,290,1.07,0.9145,66,1.11,0.9487,1,1.085,0.9273,261,0
SPY190717P301,2019-07-15,2019-07-15 09:35:36,1.1,0.9401,300,1.07,0.9145,66,1.11,0.9487,1,1.085,0.9273,261,0
SPY190717P301,2019-07-15,2019-07-15 09:35:37,1.1,0.9401,368,1.07,0.9145,66,1.11,0.9487,1,1.085,0.9273,261,0
SPY190717P301,2019-07-15,2019-07-15 09:35:37,1.1,0.9401,302,1.07,0.9145,66,1.11,0.9487,1,1.085,0.9273,261,0
SPY190717P301,2019-07-15,2019-07-15 09:35:38,1.09,0.9316,96,1.07,0.9145,66,1.11,0.9487,1,1.08,0.923,261,0
SPY190717P301,2019-07-15,2019-07-15 09:35:38,1.1,0.9401,368,1.07,0.9145,66,1.11,0.9487,1,1.085,0.9273,261,0
SPY190717P301,2019-07-15,2019-07-15 09:35:39,1.09,0.9316,86,1.07,0.9145,46,1.11,0.9487,1,1.08,0.923,261,0
SPY190717P301,2019-07-15,2019-07-15 09:35:40,1.09,0.9316,46,1.07,0.9145,66,1.07,0.9145,1,1.08,0.923,262,1
SPY190717P301,2019-07-15,2019-07-15 09:35:40,1.09,0.9316,46,1.07,0.9145,66,1.11,0.9487,1,1.08,0.923,261,0
SPY190717P301,2019-07-15,2019-07-15 09:35:41,1.09,0.9316,46,1.07,0.9145,66,1.07,0.9145,1,1.08,0.923,262,0
SPY190717P301,2019-07-15,2019-07-15 09:35:42,1.11,0.9487,290,1.08,0.923,46,1.07,0.9145,1,1.095,0.9358,262,0
SPY190717P301,2019-07-15,2019-07-15 09:35:43,1.11,0.9487,336,1.08,0.923,46,1.07,0.9145,1,1.095,0.9358,262,0
SPY190717P301,2019-07-15,2019-07-15 09:35:43,1.11,0.9487,344,1.08,0.923,46,1.07,0.9145,1,1.095,0.9358,262,0
SPY190717P301,2019-07-15,2019-07-15 09:35:44,1.11,0.9487,344,1.08,0.923,46,1.07,0.9145,1,1.095,0.9358,262,0
SPY190717P301,2019-07-15,2019-07-15 09:35:45,1.11,0.9487,290,1.08,0.923,46,1.07,0.9145,1,1.095,0.9358,262,0
SPY190717P301,2019-07-15,2019-07-15 09:35:46,1.12,0.9572,100,1.09,0.9316,193,1.07,0.9145,1,1.105,0.9444,262,0
SPY190717P301,2019-07-15,2019-07-15 09:35:47,1.12,0.9572,100,1.1,0.9401,46,1.07,0.9145,1,1.11,0.9487,262,0
SPY190717P301,2019-07-15,2019-07-15 09:35:47,1.12,0.9572,133,1.09,0.9316,460,1.07,0.9145,1,1.105,0.9444,262,0
SPY190717P301,2019-07-15,2019-07-15 09:35:48,1.12,0.9572,128,1.1,0.9401,46,1.07,0.9145,1,1.11,0.9487,262,0
SPY190717P301,2019-07-15,2019-07-15 09:35:49,1.12,0.9572,46,1.1,0.9401,46,1.07,0.9145,1,1.11,0.9487,262,0
SPY190717P301,2019-07-15,2019-07-15 09:35:49,1.12,0.9572,46,1.09,0.9316,235,1.07,0.9145,1,1.105,0.9444,262,0
SPY190717P301,2019-07-15,2019-07-15 09:35:50,1.12,0.9572,28,1.1,0.9401,24,1.07,0.9145,1,1.11,0.9487,262,0
SPY190717P301,2019-07-15,2019-07-15 09:35:50,1.13,0.9658,225,1.1,0.9401,40,1.07,0.9145,1,1.115,0.9529,262,0
SPY190717P301,2019-07-15,2019-07-15 09:35:51,1.13,0.9658,235,1.1,0.9401,66,1.07,0.9145,1,1.115,0.9529,262,0
SPY190717P301,2019-07-15,2019-07-15 09:35:52,1.12,0.9572,6,1.1,0.9401,6,1.07,0.9145,1,1.11,0.9487,262,0
SPY190717P301,2019-07-15,2019-07-15 09:35:52,1.12,0.9572,101,1.08,0.923,100,1.11,0.9487,5,1.1,0.9401,277,15
SPY190717P301,2019-07-15,2019-07-15 09:35:53,1.11,0.9487,133,1.08,0.923,228,1.11,0.9487,5,1.095,0.9358,277,0
SPY190717P301,2019-07-15,2019-07-15 09:35:53,1.11,0.9487,188,1.08,0.923,152,1.11,0.9487,5,1.095,0.9358,277,0
SPY190717P301,2019-07-15,2019-07-15 09:35:54,1.11,0.9487,231,1.08,0.923,46,1.11,0.9487,5,1.095,0.9358,277,0
SPY190717P301,2019-07-15,2019-07-15 09:35:55,1.12,0.9572,217,1.1,0.9401,1,1.1,0.9401,4,1.11,0.9487,281,0
SPY190717P301,2019-07-15,2019-07-15 09:35:55,1.12,0.9572,172,1.09,0.9316,168,1.1,0.9401,4,1.105,0.9444,281,4
SPY190717P301,2019-07-15,2019-07-15 09:35:56,1.12,0.9572,260,1.1,0.9401,6,1.1,0.9401,4,1.11,0.9487,281,0
SPY190717P301,2019-07-15,2019-07-15 09:35:56,1.12,0.9572,290,1.1,0.9401,1,1.1,0.9401,2,1.11,0.9487,283,2
SPY190717P301,2019-07-15,2019-07-15 09:35:57,1.11,0.9487,133,1.1,0.9401,1,1.1,0.9401,2,1.105,0.9444,283,0
SPY190717P301,2019-07-15,2019-07-15 09:35:58,1.11,0.9487,136,1.08,0.923,140,1.1,0.9401,1,1.095,0.9358,284,0
SPY190717P301,2019-07-15,2019-07-15 09:35:58,1.11,0.9487,136,1.08,0.923,140,1.1,0.9401,1,1.095,0.9358,284,1
SPY190717P301,2019-07-15,2019-07-15 09:35:59,1.11,0.9487,128,1.08,0.923,140,1.1,0.9401,1,1.095,0.9358,284,0
SPY190717P301,2019-07-15,2019-07-15 09:35:59,1.11,0.9487,221,1.08,0.923,140,1.1,0.9401,1,1.095,0.9358,284,0
SPY190717P301,2019-07-15,2019-07-15 09:36:00,1.1,0.9401,130,1.08,0.923,40,1.11,0.9487,1,1.09,0.9316,285,1
SPY190717P301,2019-07-15,2019-07-15 09:36:01,1.1,0.9401,135,1.08,0.923,29,1.11,0.9487,1,1.09,0.9316,285,0
SPY190717P301,2019-07-15,2019-07-15 09:36:01,1.09,0.9316,5,1.07,0.9145,100,1.11,0.9487,1,1.08,0.923,285,0
SPY190717P301,2019-07-15,2019-07-15 09:36:02,1.09,0.9316,290,1.06,0.9059,83,1.11,0.9487,1,1.075,0.9188,285,0
SPY190717P301,2019-07-15,2019-07-15 09:36:03,1.08,0.923,6,1.06,0.9059,140,1.11,0.9487,1,1.07,0.9145,285,0
SPY190717P301,2019-07-15,2019-07-15 09:36:03,1.09,0.9316,290,1.06,0.9059,140,1.11,0.9487,1,1.075,0.9188,285,0
SPY190717P301,2019-07-15,2019-07-15 09:36:04,1.08,0.923,5,1.06,0.9059,140,1.08,0.923,3,1.07,0.9145,290,5
SPY190717P301,2019-07-15,2019-07-15 09:36:04,1.08,0.923,1,1.06,0.9059,140,1.08,0.923,3,1.07,0.9145,290,0
SPY190717P301,2019-07-15,2019-07-15 09:36:05,1.09,0.9316,133,1.07,0.9145,26,1.08,0.923,3,1.08,0.923,290,0
SPY190717P301,2019-07-15,2019-07-15 09:36:06,1.09,0.9316,255,1.07,0.9145,14,1.08,0.923,3,1.08,0.923,290,0
SPY190717P301,2019-07-15,2019-07-15 09:36:06,1.09,0.9316,133,1.07,0.9145,14,1.08,0.923,3,1.08,0.923,290,0
SPY190717P301,2019-07-15,2019-07-15 09:36:07,1.09,0.9316,385,1.07,0.9145,14,1.08,0.923,3,1.08,0.923,290,0
SPY190717P301,2019-07-15,2019-07-15 09:36:08,1.09,0.9316,385,1.07,0.9145,14,1.08,0.923,3,1.08,0.923,290,0
SPY190717P301,2019-07-15,2019-07-15 09:36:09,1.09,0.9316,385,1.07,0.9145,14,1.08,0.923,3,1.08,0.923,290,0
SPY190717P301,2019-07-15,2019-07-15 09:36:10,1.09,0.9316,385,1.06,0.9059,140,1.08,0.923,3,1.075,0.9188,290,0
SPY190717P301,2019-07-15,2019-07-15 09:36:10,1.08,0.923,133,1.06,0.9059,119,1.08,0.923,3,1.07,0.9145,290,0
SPY190717P301,2019-07-15,2019-07-15 09:36:11,1.08,0.923,133,1.06,0.9059,94,1.08,0.923,3,1.07,0.9145,290,0
SPY190717P301,2019-07-15,2019-07-15 09:36:12,1.08,0.923,133,1.06,0.9059,94,1.08,0.923,3,1.07,0.9145,290,0
SPY190717P301,2019-07-15,2019-07-15 09:36:13,1.08,0.923,133,1.06,0.9059,94,1.08,0.923,3,1.07,0.9145,290,0
SPY190717P301,2019-07-15,2019-07-15 09:36:14,1.07,0.9145,133,1.05,0.8974,140,1.08,0.923,3,1.06,0.9059,290,0
SPY190717P301,2019-07-15,2019-07-15 09:36:14,1.07,0.9145,133,1.05,0.8974,40,1.08,0.923,3,1.06,0.9059,290,0
SPY190717P301,2019-07-15,2019-07-15 09:36:15,1.07,0.9145,133,1.05,0.8974,26,1.08,0.923,3,1.06,0.9059,290,0
SPY190717P301,2019-07-15,2019-07-15 09:36:16,1.07,0.9145,270,1.05,0.8974,14,1.08,0.923,3,1.06,0.9059,290,0
SPY190717P301,2019-07-15,2019-07-15 09:36:17,1.06,0.9059,148,1.05,0.8974,6,1.05,0.8974,6,1.055,0.9017,296,6
SPY190717P301,2019-07-15,2019-07-15 09:36:17,1.06,0.9059,331,1.03,0.8803,362,1.05,0.8974,6,1.045,0.8931,296,0
SPY190717P301,2019-07-15,2019-07-15 09:36:18,1.06,0.9059,331,1.03,0.8803,297,1.05,0.8974,6,1.045,0.8931,296,0
SPY190717P301,2019-07-15,2019-07-15 09:36:19,1.06,0.9059,331,1.03,0.8803,297,1.05,0.8974,6,1.045,0.8931,296,0
SPY190717P301,2019-07-15,2019-07-15 09:36:19,1.06,0.9059,465,1.03,0.8803,178,1.05,0.8974,6,1.045,0.8931,296,0
SPY190717P301,2019-07-15,2019-07-15 09:36:20,1.06,0.9059,502,1.03,0.8803,178,1.05,0.8974,6,1.045,0.8931,296,0
SPY190717P301,2019-07-15,2019-07-15 09:36:20,1.06,0.9059,465,1.03,0.8803,206,1.05,0.8974,6,1.045,0.8931,296,0
SPY190717P301,2019-07-15,2019-07-15 09:36:21,1.06,0.9059,465,1.03,0.8803,66,1.05,0.8974,6,1.045,0.8931,296,0
SPY190717P301,2019-07-15,2019-07-15 09:36:22,1.06,0.9059,465,1.03,0.8803,66,1.05,0.8974,6,1.045,0.8931,296,0
SPY190717P301,2019-07-15,2019-07-15 09:36:22,1.06,0.9059,465,1.03,0.8803,92,1.05,0.8974,6,1.045,0.8931,296,0
SPY190717P301,2019-07-15,2019-07-15 09:36:23,1.06,0.9059,465,1.03,0.8803,67,1.05,0.8974,6,1.045,0.8931,296,0
SPY190717P301,2019-07-15,2019-07-15 09:36:23,1.06,0.9059,465,1.03,0.8803,91,1.05,0.8974,6,1.045,0.8931,296,0
SPY190717P301,2019-07-15,2019-07-15 09:36:24,1.04,0.8888,10,1.01,0.8632,462,1.05,0.8974,6,1.025,0.876,296,0
SPY190717P301,2019-07-15,2019-07-15 09:36:24,1.05,0.8974,123,1.03,0.8803,67,1.05,0.8974,6,1.04,0.8888,296,0
SPY190717P301,2019-07-15,2019-07-15 09:36:25,1.04,0.8888,73,1.01,0.8632,462,1.05,0.8974,6,1.025,0.876,296,0
SPY190717P301,2019-07-15,2019-07-15 09:36:26,1.05,0.8974,135,1.03,0.8803,46,1.05,0.8974,6,1.04,0.8888,296,0
SPY190717P301,2019-07-15,2019-07-15 09:36:26,1.05,0.8974,5,1.02,0.8717,327,1.05,0.8974,6,1.035,0.8846,296,0
SPY190717P301,2019-07-15,2019-07-15 09:36:27,1.05,0.8974,135,1.03,0.8803,46,1.05,0.8974,6,1.04,0.8888,296,0
SPY190717P301,2019-07-15,2019-07-15 09:36:27,1.05,0.8974,135,1.02,0.8717,372,1.05,0.8974,6,1.035,0.8846,296,0
SPY190717P301,2019-07-15,2019-07-15 09:36:28,1.05,0.8974,185,1.02,0.8717,73,1.05,0.8974,6,1.035,0.8846,296,0
SPY190717P301,2019-07-15,2019-07-15 09:36:29,1.04,0.8888,104,1.02,0.8717,73,1.05,0.8974,6,1.03,0.8803,296,0
SPY190717P301,2019-07-15,2019-07-15 09:36:30,1.04,0.8888,104,1.02,0.8717,66,1.05,0.8974,6,1.03,0.8803,296,0
SPY190717P301,2019-07-15,2019-07-15 09:36:30,1.04,0.8888,110,1.02,0.8717,73,1.05,0.8974,6,1.03,0.8803,296,0
SPY190717P301,2019-07-15,2019-07-15 09:36:31,1.04,0.8888,104,1.02,0.8717,66,1.05,0.8974,6,1.03,0.8803,296,0
SPY190717P301,2019-07-15,2019-07-15 09:36:31,1.04,0.8888,104,1.02,0.8717,73,1.05,0.8974,6,1.03,0.8803,296,0
SPY190717P301,2019-07-15,2019-07-15 09:36:32,1.04,0.8888,104,1.02,0.8717,73,1.05,0.8974,6,1.03,0.8803,296,0
SPY190717P301,2019-07-15,2019-07-15 09:36:32,1.04,0.8888,79,1.02,0.8717,94,1.05,0.8974,6,1.03,0.8803,296,0
SPY190717P301,2019-07-15,2019-07-15 09:36:33,1.05,0.8974,280,1.02,0.8717,75,1.05,0.8974,6,1.035,0.8846,296,0
SPY190717P301,2019-07-15,2019-07-15 09:36:34,1.04,0.8888,45,1.02,0.8717,93,1.05,0.8974,6,1.03,0.8803,296,0
SPY190717P301,2019-07-15,2019-07-15 09:36:34,1.04,0.8888,45,1.02,0.8717,46,1.05,0.8974,6,1.03,0.8803,296,0
SPY190717P301,2019-07-15,2019-07-15 09:36:35,1.04,0.8888,45,1.02,0.8717,40,1.05,0.8974,6,1.03,0.8803,296,0
SPY190717P301,2019-07-15,2019-07-15 09:36:36,1.05,0.8974,76,1.02,0.8717,66,1.05,0.8974,6,1.035,0.8846,296,0
SPY190717P301,2019-07-15,2019-07-15 09:36:37,1.05,0.8974,105,1.02,0.8717,332,1.05,0.8974,6,1.035,0.8846,296,0
SPY190717P301,2019-07-15,2019-07-15 09:36:37,1.05,0.8974,142,1.02,0.8717,73,1.05,0.8974,6,1.035,0.8846,296,0
SPY190717P301,2019-07-15,2019-07-15 09:36:38,1.05,0.8974,309,1.02,0.8717,73,1.05,0.8974,6,1.035,0.8846,296,0
SPY190717P301,2019-07-15,2019-07-15 09:36:38,1.05,0.8974,309,1.02,0.8717,67,1.05,0.8974,6,1.035,0.8846,296,0
SPY190717P301,2019-07-15,2019-07-15 09:36:39,1.05,0.8974,105,1.03,0.8803,73,1.05,0.8974,6,1.04,0.8888,296,0
SPY190717P301,2019-07-15,2019-07-15 09:36:40,1.05,0.8974,5,1.03,0.8803,73,1.05,0.8974,6,1.04,0.8888,296,0
SPY190717P301,2019-07-15,2019-07-15 09:36:40,1.06,0.9059,473,1.03,0.8803,73,1.05,0.8974,6,1.045,0.8931,296,0
SPY190717P301,2019-07-15,2019-07-15 09:36:41,1.06,0.9059,467,1.03,0.8803,73,1.05,0.8974,6,1.045,0.8931,296,0
SPY190717P301,2019-07-15,2019-07-15 09:36:42,1.06,0.9059,135,1.03,0.8803,73,1.05,0.8974,6,1.045,0.8931,296,0
SPY190717P301,2019-07-15,2019-07-15 09:36:42,1.06,0.9059,46,1.03,0.8803,332,1.05,0.8974,6,1.045,0.8931,296,0
SPY190717P301,2019-07-15,2019-07-15 09:36:43,1.06,0.9059,235,1.03,0.8803,180,1.05,0.8974,6,1.045,0.8931,296,0
SPY190717P301,2019-07-15,2019-07-15 09:36:44,1.06,0.9059,235,1.03,0.8803,270,1.05,0.8974,6,1.045,0.8931,296,0
SPY190717P301,2019-07-15,2019-07-15 09:36:44,1.06,0.9059,245,1.03,0.8803,270,1.05,0.8974,6,1.045,0.8931,296,0
SPY190717P301,2019-07-15,2019-07-15 09:36:45,1.06,0.9059,181,1.04,0.8888,12,1.05,0.8974,6,1.05,0.8974,296,0
SPY190717P301,2019-07-15,2019-07-15 09:36:46,1.06,0.9059,237,1.04,0.8888,12,1.05,0.8974,6,1.05,0.8974,296,0
SPY190717P301,2019-07-15,2019-07-15 09:36:47,1.06,0.9059,89,1.04,0.8888,12,1.06,0.9059,2,1.05,0.8974,298,2
SPY190717P301,2019-07-15,2019-07-15 09:36:47,1.06,0.9059,89,1.04,0.8888,127,1.06,0.9059,2,1.05,0.8974,298,0
SPY190717P301,2019-07-15,2019-07-15 09:36:48,1.07,0.9145,135,1.05,0.8974,40,1.06,0.9059,2,1.06,0.9059,298,0
SPY190717P301,2019-07-15,2019-07-15 09:36:49,1.07,0.9145,135,1.05,0.8974,66,1.06,0.9059,2,1.06,0.9059,298,0
SPY190717P301,2019-07-15,2019-07-15 09:36:49,1.07,0.9145,182,1.05,0.8974,66,1.06,0.9059,2,1.06,0.9059,298,0
SPY190717P301,2019-07-15,2019-07-15 09:36:50,1.07,0.9145,135,1.05,0.8974,66,1.06,0.9059,2,1.06,0.9059,298,0
SPY190717P301,2019-07-15,2019-07-15 09:36:51,1.07,0.9145,158,1.05,0.8974,5,1.06,0.9059,2,1.06,0.9059,298,0
SPY190717P301,2019-07-15,2019-07-15 09:36:51,1.07,0.9145,158,1.05,0.8974,66,1.06,0.9059,2,1.06,0.9059,298,0
SPY190717P301,2019-07-15,2019-07-15 09:36:52,1.07,0.9145,226,1.05,0.8974,5,1.06,0.9059,2,1.06,0.9059,298,0
SPY190717P301,2019-07-15,2019-07-15 09:36:52,1.07,0.9145,158,1.05,0.8974,5,1.06,0.9059,2,1.06,0.9059,298,0
SPY190717P301,2019-07-15,2019-07-15 09:36:53,1.07,0.9145,130,1.05,0.8974,10,1.06,0.9059,2,1.06,0.9059,298,0
SPY190717P301,2019-07-15,2019-07-15 09:36:54,1.07,0.9145,152,1.05,0.8974,10,1.06,0.9059,2,1.06,0.9059,298,0
SPY190717P301,2019-07-15,2019-07-15 09:36:54,1.07,0.9145,130,1.05,0.8974,5,1.06,0.9059,2,1.06,0.9059,298,0
SPY190717P301,2019-07-15,2019-07-15 09:36:55,1.07,0.9145,130,1.05,0.8974,40,1.06,0.9059,2,1.06,0.9059,298,0
SPY190717P301,2019-07-15,2019-07-15 09:36:56,1.07,0.9145,51,1.05,0.8974,40,1.06,0.9059,2,1.06,0.9059,298,0
SPY190717P301,2019-07-15,2019-07-15 09:36:56,1.07,0.9145,46,1.05,0.8974,40,1.06,0.9059,2,1.06,0.9059,298,0
SPY190717P301,2019-07-15,2019-07-15 09:36:57,1.07,0.9145,46,1.05,0.8974,40,1.06,0.9059,2,1.06,0.9059,298,0
SPY190717P301,2019-07-15,2019-07-15 09:36:58,1.07,0.9145,46,1.05,0.8974,66,1.06,0.9059,2,1.06,0.9059,298,0
SPY190717P301,2019-07-15,2019-07-15 09:36:58,1.07,0.9145,40,1.05,0.8974,66,1.06,0.9059,2,1.06,0.9059,298,0
SPY190717P301,2019-07-15,2019-07-15 09:36:59,1.07,0.9145,40,1.05,0.8974,66,1.06,0.9059,2,1.06,0.9059,298,0
SPY190717P301,2019-07-15,2019-07-15 09:37:00,1.07,0.9145,83,1.05,0.8974,66,1.06,0.9059,2,1.06,0.9059,298,0
SPY190717P301,2019-07-15,2019-07-15 09:37:00,1.07,0.9145,59,1.05,0.8974,40,1.06,0.9059,2,1.06,0.9059,298,0
SPY190717P301,2019-07-15,2019-07-15 09:37:01,1.07,0.9145,82,1.04,0.8888,80,1.06,0.9059,2,1.055,0.9017,298,0
SPY190717P301,2019-07-15,2019-07-15 09:37:01,1.07,0.9145,59,1.05,0.8974,40,1.06,0.9059,2,1.06,0.9059,298,0
SPY190717P301,2019-07-15,2019-07-15 09:37:02,1.06,0.9059,235,1.03,0.8803,462,1.06,0.9059,2,1.045,0.8931,298,0
SPY190717P301,2019-07-15,2019-07-15 09:37:03,1.06,0.9059,191,1.03,0.8803,266,1.06,0.9059,2,1.045,0.8931,298,0
SPY190717P301,2019-07-15,2019-07-15 09:37:03,1.06,0.9059,135,1.03,0.8803,266,1.06,0.9059,2,1.045,0.8931,298,0
SPY190717P301,2019-07-15,2019-07-15 09:37:04,1.06,0.9059,191,1.03,0.8803,164,1.06,0.9059,2,1.045,0.8931,298,0
SPY190717P301,2019-07-15,2019-07-15 09:37:05,1.06,0.9059,305,1.03,0.8803,244,1.06,0.9059,2,1.045,0.8931,298,0
SPY190717P301,2019-07-15,2019-07-15 09:37:05,1.06,0.9059,242,1.03,0.8803,216,1.06,0.9059,2,1.045,0.8931,298,0
SPY190717P301,2019-07-15,2019-07-15 09:37:06,1.06,0.9059,472,1.03,0.8803,221,1.06,0.9059,2,1.045,0.8931,298,0
SPY190717P301,2019-07-15,2019-07-15 09:37:06,1.06,0.9059,472,1.03,0.8803,153,1.06,0.9059,2,1.045,0.8931,298,0
SPY190717P301,2019-07-15,2019-07-15 09:37:07,1.06,0.9059,462,1.03,0.8803,89,1.06,0.9059,2,1.045,0.8931,298,0
SPY190717P301,2019-07-15,2019-07-15 09:37:08,1.06,0.9059,462,1.03,0.8803,109,1.06,0.9059,2,1.045,0.8931,298,0
SPY190717P301,2019-07-15,2019-07-15 09:37:09,1.06,0.9059,462,1.03,0.8803,109,1.06,0.9059,2,1.045,0.8931,298,0
SPY190717P301,2019-07-15,2019-07-15 09:37:09,1.06,0.9059,462,1.05,0.8974,4,1.06,0.9059,2,1.055,0.9017,298,0
SPY190717P301,2019-07-15,2019-07-15 09:37:10,1.06,0.9059,340,1.05,0.8974,4,1.06,0.9059,2,1.055,0.9017,298,0
SPY190717P301,2019-07-15,2019-07-15 09:37:10,1.06,0.9059,407,1.05,0.8974,4,1.06,0.9059,2,1.055,0.9017,298,0
SPY190717P301,2019-07-15,2019-07-15 09:37:11,1.06,0.9059,342,1.05,0.8974,4,1.06,0.9059,2,1.055,0.9017,298,0
SPY190717P301,2019-07-15,2019-07-15 09:37:11,1.06,0.9059,225,1.05,0.8974,4,1.06,0.9059,2,1.055,0.9017,298,0
SPY190717P301,2019-07-15,2019-07-15 09:37:12,1.06,0.9059,225,1.05,0.8974,4,1.06,0.9059,2,1.055,0.9017,298,0
SPY190717P301,2019-07-15,2019-07-15 09:37:13,1.06,0.9059,225,1.05,0.8974,4,1.06,0.9059,2,1.055,0.9017,298,0
SPY190717P301,2019-07-15,2019-07-15 09:37:13,1.06,0.9059,238,1.05,0.8974,4,1.06,0.9059,2,1.055,0.9017,298,0
SPY190717P301,2019-07-15,2019-07-15 09:37:14,1.06,0.9059,367,1.05,0.8974,4,1.06,0.9059,2,1.055,0.9017,298,0
SPY190717P301,2019-07-15,2019-07-15 09:37:14,1.06,0.9059,225,1.05,0.8974,4,1.06,0.9059,2,1.055,0.9017,298,0
SPY190717P301,2019-07-15,2019-07-15 09:37:15,1.06,0.9059,367,1.05,0.8974,4,1.06,0.9059,2,1.055,0.9017,298,0
SPY190717P301,2019-07-15,2019-07-15 09:37:16,1.06,0.9059,367,1.05,0.8974,4,1.06,0.9059,2,1.055,0.9017,298,0
SPY190717P301,2019-07-15,2019-07-15 09:37:17,1.05,0.8974,1,1.03,0.8803,47,1.05,0.8974,4,1.04,0.8888,302,0
SPY190717P301,2019-07-15,2019-07-15 09:37:17,1.06,0.9059,446,1.03,0.8803,96,1.05,0.8974,4,1.045,0.8931,302,4
SPY190717P301,2019-07-15,2019-07-15 09:37:18,1.06,0.9059,172,1.04,0.8888,298,1.05,0.8974,4,1.05,0.8974,302,0
SPY190717P301,2019-07-15,2019-07-15 09:37:18,1.06,0.9059,172,1.04,0.8888,46,1.05,0.8974,4,1.05,0.8974,302,0
SPY190717P301,2019-07-15,2019-07-15 09:37:19,1.07,0.9145,289,1.04,0.8888,315,1.05,0.8974,4,1.055,0.9017,302,0
SPY190717P301,2019-07-15,2019-07-15 09:37:19,1.07,0.9145,251,1.04,0.8888,298,1.05,0.8974,4,1.055,0.9017,302,0
SPY190717P301,2019-07-15,2019-07-15 09:37:20,1.07,0.9145,289,1.04,0.8888,315,1.05,0.8974,4,1.055,0.9017,302,0
SPY190717P301,2019-07-15,2019-07-15 09:37:21,1.07,0.9145,245,1.05,0.8974,1,1.05,0.8974,5,1.06,0.9059,307,5
SPY190717P301,2019-07-15,2019-07-15 09:37:21,1.06,0.9059,81,1.05,0.8974,6,1.05,0.8974,4,1.055,0.9017,302,0
SPY190717P301,2019-07-15,2019-07-15 09:37:22,1.07,0.9145,169,1.05,0.8974,7,1.05,0.8974,5,1.06,0.9059,307,0
SPY190717P301,2019-07-15,2019-07-15 09:37:22,1.07,0.9145,290,1.05,0.8974,7,1.05,0.8974,5,1.06,0.9059,307,0
SPY190717P301,2019-07-15,2019-07-15 09:37:23,1.07,0.9145,152,1.05,0.8974,7,1.05,0.8974,5,1.06,0.9059,307,0
SPY190717P301,2019-07-15,2019-07-15 09:37:24,1.07,0.9145,205,1.05,0.8974,90,1.05,0.8974,5,1.06,0.9059,307,0
SPY190717P301,2019-07-15,2019-07-15 09:37:24,1.08,0.923,100,1.05,0.8974,190,1.05,0.8974,5,1.065,0.9102,307,0
SPY190717P301,2019-07-15,2019-07-15 09:37:25,1.08,0.923,110,1.06,0.9059,141,1.05,0.8974,5,1.07,0.9145,307,0
SPY190717P301,2019-07-15,2019-07-15 09:37:26,1.08,0.923,110,1.06,0.9059,141,1.05,0.8974,5,1.07,0.9145,307,0
SPY190717P301,2019-07-15,2019-07-15 09:37:26,1.08,0.923,51,1.06,0.9059,141,1.05,0.8974,5,1.07,0.9145,307,0
SPY190717P301,2019-07-15,2019-07-15 09:37:27,1.09,0.9316,205,1.06,0.9059,338,1.05,0.8974,5,1.075,0.9188,307,0
SPY190717P301,2019-07-15,2019-07-15 09:37:28,1.09,0.9316,6,1.07,0.9145,100,1.05,0.8974,5,1.08,0.923,307,0
SPY190717P301,2019-07-15,2019-07-15 09:37:28,1.1,0.9401,260,1.07,0.9145,116,1.05,0.8974,5,1.085,0.9273,307,0
SPY190717P301,2019-07-15,2019-07-15 09:37:29,1.1,0.9401,260,1.07,0.9145,190,1.05,0.8974,5,1.085,0.9273,307,0
SPY190717P301,2019-07-15,2019-07-15 09:37:29,1.1,0.9401,260,1.07,0.9145,183,1.05,0.8974,5,1.085,0.9273,307,0
SPY190717P301,2019-07-15,2019-07-15 09:37:30,1.1,0.9401,205,1.07,0.9145,414,1.05,0.8974,5,1.085,0.9273,307,0
SPY190717P301,2019-07-15,2019-07-15 09:37:31,1.1,0.9401,164,1.07,0.9145,507,1.05,0.8974,5,1.085,0.9273,307,0
SPY190717P301,2019-07-15,2019-07-15 09:37:31,1.1,0.9401,164,1.07,0.9145,290,1.05,0.8974,5,1.085,0.9273,307,0
SPY190717P301,2019-07-15,2019-07-15 09:37:32,1.1,0.9401,230,1.08,0.923,62,1.05,0.8974,5,1.09,0.9316,307,0
SPY190717P301,2019-07-15,2019-07-15 09:37:33,1.11,0.9487,40,1.09,0.9316,133,1.05,0.8974,5,1.1,0.9401,307,0
SPY190717P301,2019-07-15,2019-07-15 09:37:33,1.1,0.9401,140,1.08,0.923,71,1.05,0.8974,5,1.09,0.9316,307,0
SPY190717P301,2019-07-15,2019-07-15 09:37:34,1.11,0.9487,40,1.09,0.9316,133,1.05,0.8974,5,1.1,0.9401,307,0
SPY190717P301,2019-07-15,2019-07-15 09:37:35,1.11,0.9487,40,1.1,0.9401,6,1.05,0.8974,5,1.105,0.9444,307,0
SPY190717P301,2019-07-15,2019-07-15 09:37:36,1.12,0.9572,251,1.09,0.9316,133,1.05,0.8974,5,1.105,0.9444,307,0
SPY190717P301,2019-07-15,2019-07-15 09:37:36,1.12,0.9572,233,1.09,0.9316,133,1.05,0.8974,5,1.105,0.9444,307,0
SPY190717P301,2019-07-15,2019-07-15 09:37:37,1.11,0.9487,40,1.09,0.9316,100,1.05,0.8974,5,1.1,0.9401,307,0
SPY190717P301,2019-07-15,2019-07-15 09:37:37,1.12,0.9572,233,1.09,0.9316,46,1.05,0.8974,5,1.105,0.9444,307,0
SPY190717P301,2019-07-15,2019-07-15 09:37:38,1.12,0.9572,204,1.09,0.9316,244,1.05,0.8974,5,1.105,0.9444,307,0
SPY190717P301,2019-07-15,2019-07-15 09:37:39,1.12,0.9572,204,1.09,0.9316,218,1.05,0.8974,5,1.105,0.9444,307,0
SPY190717P301,2019-07-15,2019-07-15 09:37:39,1.12,0.9572,204,1.1,0.9401,12,1.05,0.8974,5,1.11,0.9487,307,0
SPY190717P301,2019-07-15,2019-07-15 09:37:40,1.12,0.9572,5,1.11,0.9487,6,1.05,0.8974,5,1.115,0.9529,307,0
SPY190717P301,2019-07-15,2019-07-15 09:37:40,1.12,0.9572,5,1.1,0.9401,288,1.05,0.8974,5,1.11,0.9487,307,0
SPY190717P301,2019-07-15,2019-07-15 09:37:41,1.12,0.9572,5,1.1,0.9401,290,1.05,0.8974,5,1.11,0.9487,307,0
SPY190717P301,2019-07-15,2019-07-15 09:37:41,1.12,0.9572,5,1.1,0.9401,288,1.05,0.8974,5,1.11,0.9487,307,0
SPY190717P301,2019-07-15,2019-07-15 09:37:42,1.12,0.9572,5,1.11,0.9487,6,1.05,0.8974,5,1.115,0.9529,307,0
SPY190717P301,2019-07-15,2019-07-15 09:37:43,1.11,0.9487,40,1.09,0.9316,133,1.05,0.8974,5,1.1,0.9401,307,0
SPY190717P301,2019-07-15,2019-07-15 09:37:43,1.12,0.9572,233,1.09,0.9316,133,1.05,0.8974,5,1.105,0.9444,307,0
SPY190717P301,2019-07-15,2019-07-15 09:37:44,1.11,0.9487,40,1.09,0.9316,141,1.05,0.8974,5,1.1,0.9401,307,0
SPY190717P301,2019-07-15,2019-07-15 09:37:45,1.11,0.9487,46,1.09,0.9316,110,1.05,0.8974,5,1.1,0.9401,307,0
SPY190717P301,2019-07-15,2019-07-15 09:37:45,1.11,0.9487,40,1.09,0.9316,141,1.05,0.8974,5,1.1,0.9401,307,0
SPY190717P301,2019-07-15,2019-07-15 09:37:46,1.11,0.9487,40,1.09,0.9316,100,1.05,0.8974,5,1.1,0.9401,307,0
SPY190717P301,2019-07-15,2019-07-15 09:37:47,1.12,0.9572,5,1.1,0.9401,5,1.05,0.8974,5,1.11,0.9487,307,0
SPY190717P301,2019-07-15,2019-07-15 09:37:47,1.12,0.9572,40,1.1,0.9401,5,1.05,0.8974,5,1.11,0.9487,307,0
SPY190717P301,2019-07-15,2019-07-15 09:37:48,1.12,0.9572,5,1.1,0.9401,133,1.05,0.8974,5,1.11,0.9487,307,0
SPY190717P301,2019-07-15,2019-07-15 09:37:48,1.12,0.9572,40,1.1,0.9401,143,1.05,0.8974,5,1.11,0.9487,307,0
SPY190717P301,2019-07-15,2019-07-15 09:37:49,1.12,0.9572,73,1.1,0.9401,143,1.05,0.8974,5,1.11,0.9487,307,0
SPY190717P301,2019-07-15,2019-07-15 09:37:50,1.11,0.9487,40,1.09,0.9316,206,1.05,0.8974,5,1.1,0.9401,307,0
SPY190717P301,2019-07-15,2019-07-15 09:37:50,1.11,0.9487,46,1.09,0.9316,82,1.05,0.8974,5,1.1,0.9401,307,0
SPY190717P301,2019-07-15,2019-07-15 09:37:51,1.12,0.9572,140,1.1,0.9401,31,1.05,0.8974,5,1.11,0.9487,307,0
SPY190717P301,2019-07-15,2019-07-15 09:37:51,1.11,0.9487,40,1.09,0.9316,184,1.05,0.8974,5,1.1,0.9401,307,0
SPY190717P301,2019-07-15,2019-07-15 09:37:52,1.12,0.9572,140,1.11,0.9487,6,1.05,0.8974,5,1.115,0.9529,307,0
SPY190717P301,2019-07-15,2019-07-15 09:37:53,1.12,0.9572,5,1.1,0.9401,141,1.05,0.8974,5,1.11,0.9487,307,0
SPY190717P301,2019-07-15,2019-07-15 09:37:54,1.12,0.9572,40,1.1,0.9401,145,1.05,0.8974,5,1.11,0.9487,307,0
SPY190717P301,2019-07-15,2019-07-15 09:37:54,1.12,0.9572,40,1.1,0.9401,131,1.05,0.8974,5,1.11,0.9487,307,0
SPY190717P301,2019-07-15,2019-07-15 09:37:55,1.12,0.9572,5,1.11,0.9487,12,1.05,0.8974,5,1.115,0.9529,307,0
SPY190717P301,2019-07-15,2019-07-15 09:37:56,1.12,0.9572,5,1.1,0.9401,200,1.05,0.8974,5,1.11,0.9487,307,0
SPY190717P301,2019-07-15,2019-07-15 09:37:57,1.14,0.9743,243,1.11,0.9487,112,1.12,0.9572,5,1.125,0.9615,312,5
SPY190717P301,2019-07-15,2019-07-15 09:37:57,1.12,0.9572,5,1.11,0.9487,12,1.05,0.8974,5,1.115,0.9529,307,0
SPY190717P301,2019-07-15,2019-07-15 09:37:58,1.14,0.9743,226,1.11,0.9487,122,1.12,0.9572,5,1.125,0.9615,312,0
SPY190717P301,2019-07-15,2019-07-15 09:37:59,1.14,0.9743,226,1.11,0.9487,36,1.12,0.9572,5,1.125,0.9615,312,0
SPY190717P301,2019-07-15,2019-07-15 09:38:00,1.14,0.9743,226,1.1,0.9401,225,1.12,0.9572,5,1.12,0.9572,312,0
SPY190717P301,2019-07-15,2019-07-15 09:38:01,1.13,0.9658,46,1.1,0.9401,312,1.12,0.9572,5,1.115,0.9529,312,0
SPY190717P301,2019-07-15,2019-07-15 09:38:02,1.13,0.9658,73,1.11,0.9487,32,1.12,0.9572,5,1.12,0.9572,312,0
SPY190717P301,2019-07-15,2019-07-15 09:38:02,1.13,0.9658,90,1.11,0.9487,47,1.12,0.9572,5,1.12,0.9572,312,0
SPY190717P301,2019-07-15,2019-07-15 09:38:03,1.13,0.9658,84,1.11,0.9487,59,1.12,0.9572,5,1.12,0.9572,312,0
SPY190717P301,2019-07-15,2019-07-15 09:38:04,1.13,0.9658,87,1.11,0.9487,140,1.12,0.9572,5,1.12,0.9572,312,0
SPY190717P301,2019-07-15,2019-07-15 09:38:04,1.13,0.9658,87,1.11,0.9487,30,1.12,0.9572,5,1.12,0.9572,312,0
SPY190717P301,2019-07-15,2019-07-15 09:38:05,1.13,0.9658,87,1.12,0.9572,12,1.12,0.9572,5,1.125,0.9615,312,0
SPY190717P301,2019-07-15,2019-07-15 09:38:06,1.14,0.9743,46,1.12,0.9572,37,1.12,0.9572,5,1.13,0.9658,312,0
SPY190717P301,2019-07-15,2019-07-15 09:38:06,1.14,0.9743,119,1.12,0.9572,37,1.12,0.9572,5,1.13,0.9658,312,0
SPY190717P301,2019-07-15,2019-07-15 09:38:07,1.15,0.9829,294,1.12,0.9572,81,1.12,0.9572,5,1.135,0.97,312,0
SPY190717P301,2019-07-15,2019-07-15 09:38:08,1.15,0.9829,254,1.12,0.9572,219,1.12,0.9572,5,1.135,0.97,312,0
SPY190717P301,2019-07-15,2019-07-15 09:38:09,1.14,0.9743,46,1.12,0.9572,121,1.12,0.9572,5,1.13,0.9658,312,0
SPY190717P301,2019-07-15,2019-07-15 09:38:09,1.15,0.9829,254,1.12,0.9572,175,1.12,0.9572,5,1.135,0.97,312,0
SPY190717P301,2019-07-15,2019-07-15 09:38:10,1.14,0.9743,46,1.11,0.9487,102,1.12,0.9572,5,1.125,0.9615,312,0
SPY190717P301,2019-07-15,2019-07-15 09:38:11,1.14,0.9743,6,1.11,0.9487,217,1.12,0.9572,5,1.125,0.9615,312,0
SPY190717P301,2019-07-15,2019-07-15 09:38:11,1.14,0.9743,6,1.12,0.9572,6,1.12,0.9572,5,1.13,0.9658,312,0
SPY190717P301,2019-07-15,2019-07-15 09:38:12,1.13,0.9658,73,1.11,0.9487,100,1.12,0.9572,5,1.12,0.9572,312,0
SPY190717P301,2019-07-15,2019-07-15 09:38:12,1.13,0.9658,223,1.1,0.9401,131,1.12,0.9572,5,1.115,0.9529,312,0
SPY190717P301,2019-07-15,2019-07-15 09:38:13,1.13,0.9658,260,1.1,0.9401,203,1.1,0.9401,1,1.115,0.9529,316,4
SPY190717P301,2019-07-15,2019-07-15 09:38:14,1.13,0.9658,334,1.1,0.9401,267,1.1,0.9401,1,1.115,0.9529,316,0
SPY190717P301,2019-07-15,2019-07-15 09:38:14,1.13,0.9658,273,1.1,0.9401,267,1.1,0.9401,1,1.115,0.9529,316,0
SPY190717P301,2019-07-15,2019-07-15 09:38:15,1.13,0.9658,202,1.1,0.9401,56,1.1,0.9401,1,1.115,0.9529,316,0
SPY190717P301,2019-07-15,2019-07-15 09:38:15,1.13,0.9658,345,1.1,0.9401,45,1.1,0.9401,1,1.115,0.9529,316,0
SPY190717P301,2019-07-15,2019-07-15 09:38:16,1.12,0.9572,155,1.1,0.9401,27,1.1,0.9401,1,1.11,0.9487,316,0
SPY190717P301,2019-07-15,2019-07-15 09:38:16,1.12,0.9572,143,1.09,0.9316,231,1.1,0.9401,1,1.105,0.9444,316,0
SPY190717P301,2019-07-15,2019-07-15 09:38:17,1.12,0.9572,137,1.09,0.9316,148,1.1,0.9401,1,1.105,0.9444,316,0
SPY190717P301,2019-07-15,2019-07-15 09:38:18,1.11,0.9487,73,1.09,0.9316,112,1.1,0.9401,1,1.1,0.9401,316,0
SPY190717P301,2019-07-15,2019-07-15 09:38:19,1.11,0.9487,46,1.09,0.9316,100,1.1,0.9401,1,1.1,0.9401,316,0
SPY190717P301,2019-07-15,2019-07-15 09:38:19,1.11,0.9487,73,1.09,0.9316,110,1.1,0.9401,1,1.1,0.9401,316,0
SPY190717P301,2019-07-15,2019-07-15 09:38:20,1.11,0.9487,40,1.09,0.9316,93,1.1,0.9401,1,1.1,0.9401,316,0
SPY190717P301,2019-07-15,2019-07-15 09:38:20,1.11,0.9487,46,1.09,0.9316,100,1.1,0.9401,1,1.1,0.9401,316,0
SPY190717P301,2019-07-15,2019-07-15 09:38:21,1.11,0.9487,40,1.09,0.9316,287,1.1,0.9401,1,1.1,0.9401,316,0
SPY190717P301,2019-07-15,2019-07-15 09:38:22,1.11,0.9487,40,1.09,0.9316,287,1.1,0.9401,1,1.1,0.9401,316,0
SPY190717P301,2019-07-15,2019-07-15 09:38:23,1.12,0.9572,46,1.11,0.9487,1,1.11,0.9487,5,1.115,0.9529,321,5
SPY190717P301,2019-07-15,2019-07-15 09:38:23,1.12,0.9572,140,1.09,0.9316,287,1.1,0.9401,1,1.105,0.9444,316,0
SPY190717P301,2019-07-15,2019-07-15 09:38:24,1.12,0.9572,48,1.1,0.9401,47,1.11,0.9487,5,1.11,0.9487,321,0
SPY190717P301,2019-07-15,2019-07-15 09:38:25,1.12,0.9572,46,1.1,0.9401,133,1.11,0.9487,5,1.11,0.9487,321,0
SPY190717P301,2019-07-15,2019-07-15 09:38:25,1.13,0.9658,114,1.11,0.9487,51,1.11,0.9487,5,1.12,0.9572,321,0
SPY190717P301,2019-07-15,2019-07-15 09:38:26,1.13,0.9658,136,1.11,0.9487,51,1.11,0.9487,5,1.12,0.9572,321,0
SPY190717P301,2019-07-15,2019-07-15 09:38:27,1.13,0.9658,1,1.11,0.9487,286,1.11,0.9487,5,1.12,0.9572,321,0
SPY190717P301,2019-07-15,2019-07-15 09:38:28,1.13,0.9658,1,1.12,0.9572,105,1.11,0.9487,5,1.125,0.9615,321,0
SPY190717P301,2019-07-15,2019-07-15 09:38:29,1.13,0.9658,10,1.11,0.9487,79,1.11,0.9487,5,1.12,0.9572,321,0
SPY190717P301,2019-07-15,2019-07-15 09:38:29,1.13,0.9658,1,1.12,0.9572,105,1.11,0.9487,5,1.125,0.9615,321,0
SPY190717P301,2019-07-15,2019-07-15 09:38:30,1.13,0.9658,46,1.11,0.9487,110,1.11,0.9487,5,1.12,0.9572,321,0
SPY190717P301,2019-07-15,2019-07-15 09:38:31,1.12,0.9572,73,1.1,0.9401,65,1.11,0.9487,5,1.11,0.9487,321,0
SPY190717P301,2019-07-15,2019-07-15 09:38:31,1.13,0.9658,128,1.1,0.9401,246,1.11,0.9487,5,1.115,0.9529,321,0
SPY190717P301,2019-07-15,2019-07-15 09:38:32,1.11,0.9487,46,1.09,0.9316,260,1.11,0.9487,5,1.1,0.9401,321,0
SPY190717P301,2019-07-15,2019-07-15 09:38:32,1.12,0.9572,73,1.1,0.9401,65,1.11,0.9487,5,1.11,0.9487,321,0
SPY190717P301,2019-07-15,2019-07-15 09:38:33,1.12,0.9572,151,1.09,0.9316,284,1.11,0.9487,5,1.105,0.9444,321,0
SPY190717P301,2019-07-15,2019-07-15 09:38:34,1.12,0.9572,201,1.09,0.9316,284,1.11,0.9487,5,1.105,0.9444,321,0
SPY190717P301,2019-07-15,2019-07-15 09:38:34,1.12,0.9572,40,1.1,0.9401,260,1.11,0.9487,5,1.11,0.9487,321,0
SPY190717P301,2019-07-15,2019-07-15 09:38:35,1.13,0.9658,227,1.1,0.9401,176,1.11,0.9487,5,1.115,0.9529,321,0
SPY190717P301,2019-07-15,2019-07-15 09:38:35,1.13,0.9658,227,1.11,0.9487,38,1.11,0.9487,5,1.12,0.9572,321,0
SPY190717P301,2019-07-15,2019-07-15 09:38:36,1.13,0.9658,73,1.11,0.9487,84,1.11,0.9487,5,1.12,0.9572,321,0
SPY190717P301,2019-07-15,2019-07-15 09:38:36,1.13,0.9658,227,1.1,0.9401,290,1.11,0.9487,5,1.115,0.9529,321,0
SPY190717P301,2019-07-15,2019-07-15 09:38:37,1.13,0.9658,73,1.1,0.9401,489,1.11,0.9487,5,1.115,0.9529,321,0
SPY190717P301,2019-07-15,2019-07-15 09:38:38,1.13,0.9658,119,1.1,0.9401,290,1.11,0.9487,5,1.115,0.9529,321,0
SPY190717P301,2019-07-15,2019-07-15 09:38:38,1.13,0.9658,46,1.11,0.9487,137,1.11,0.9487,5,1.12,0.9572,321,0
SPY190717P301,2019-07-15,2019-07-15 09:38:39,1.13,0.9658,48,1.11,0.9487,12,1.11,0.9487,5,1.12,0.9572,321,0
SPY190717P301,2019-07-15,2019-07-15 09:38:39,1.13,0.9658,6,1.11,0.9487,105,1.11,0.9487,5,1.12,0.9572,321,0
SPY190717P301,2019-07-15,2019-07-15 09:38:40,1.13,0.9658,6,1.11,0.9487,191,1.11,0.9487,5,1.12,0.9572,321,0
SPY190717P301,2019-07-15,2019-07-15 09:38:41,1.13,0.9658,6,1.11,0.9487,125,1.11,0.9487,5,1.12,0.9572,321,0
SPY190717P301,2019-07-15,2019-07-15 09:38:41,1.13,0.9658,1,1.11,0.9487,253,1.11,0.9487,5,1.12,0.9572,321,0
SPY190717P301,2019-07-15,2019-07-15 09:38:42,1.13,0.9658,106,1.11,0.9487,105,1.13,0.9658,1,1.12,0.9572,322,1
SPY190717P301,2019-07-15,2019-07-15 09:38:42,1.13,0.9658,46,1.11,0.9487,105,1.11,0.9487,5,1.12,0.9572,321,0
SPY190717P301,2019-07-15,2019-07-15 09:38:43,1.14,0.9743,156,1.11,0.9487,216,1.13,0.9658,1,1.125,0.9615,322,0
SPY190717P301,2019-07-15,2019-07-15 09:38:43,1.14,0.9743,156,1.12,0.9572,6,1.13,0.9658,1,1.13,0.9658,322,0
SPY190717P301,2019-07-15,2019-07-15 09:38:44,1.14,0.9743,84,1.11,0.9487,231,1.13,0.9658,1,1.125,0.9615,322,0
SPY190717P301,2019-07-15,2019-07-15 09:38:45,1.14,0.9743,95,1.12,0.9572,51,1.13,0.9658,1,1.13,0.9658,322,0
SPY190717P301,2019-07-15,2019-07-15 09:38:45,1.14,0.9743,95,1.12,0.9572,32,1.13,0.9658,1,1.13,0.9658,322,0
SPY190717P301,2019-07-15,2019-07-15 09:38:46,1.14,0.9743,170,1.11,0.9487,124,1.13,0.9658,1,1.125,0.9615,322,0
SPY190717P301,2019-07-15,2019-07-15 09:38:46,1.14,0.9743,84,1.11,0.9487,124,1.13,0.9658,1,1.125,0.9615,322,0
SPY190717P301,2019-07-15,2019-07-15 09:38:47,1.14,0.9743,154,1.12,0.9572,12,1.13,0.9658,1,1.13,0.9658,322,0
SPY190717P301,2019-07-15,2019-07-15 09:38:47,1.14,0.9743,94,1.12,0.9572,77,1.13,0.9658,1,1.13,0.9658,322,0
SPY190717P301,2019-07-15,2019-07-15 09:38:48,1.14,0.9743,40,1.13,0.9658,12,1.13,0.9658,1,1.135,0.97,322,0
SPY190717P301,2019-07-15,2019-07-15 09:38:49,1.14,0.9743,40,1.12,0.9572,131,1.13,0.9658,1,1.13,0.9658,322,0
SPY190717P301,2019-07-15,2019-07-15 09:38:50,1.14,0.9743,40,1.12,0.9572,131,1.13,0.9658,1,1.13,0.9658,322,0
SPY190717P301,2019-07-15,2019-07-15 09:38:51,1.14,0.9743,40,1.12,0.9572,131,1.13,0.9658,1,1.13,0.9658,322,0
SPY190717P301,2019-07-15,2019-07-15 09:38:52,1.15,0.9829,100,1.12,0.9572,33,1.13,0.9658,1,1.135,0.97,322,0
SPY190717P301,2019-07-15,2019-07-15 09:38:52,1.14,0.9743,46,1.12,0.9572,126,1.13,0.9658,1,1.13,0.9658,322,0
SPY190717P301,2019-07-15,2019-07-15 09:38:53,1.14,0.9743,130,1.12,0.9572,83,1.13,0.9658,1,1.13,0.9658,322,0
SPY190717P301,2019-07-15,2019-07-15 09:38:53,1.14,0.9743,175,1.11,0.9487,131,1.13,0.9658,1,1.125,0.9615,322,0
SPY190717P301,2019-07-15,2019-07-15 09:38:54,1.14,0.9743,110,1.11,0.9487,110,1.13,0.9658,1,1.125,0.9615,322,0
SPY190717P301,2019-07-15,2019-07-15 09:38:55,1.13,0.9658,103,1.11,0.9487,48,1.13,0.9658,1,1.12,0.9572,322,0
SPY190717P301,2019-07-15,2019-07-15 09:38:56,1.13,0.9658,48,1.11,0.9487,123,1.13,0.9658,1,1.12,0.9572,322,0
SPY190717P301,2019-07-15,2019-07-15 09:38:56,1.13,0.9658,46,1.11,0.9487,123,1.13,0.9658,1,1.12,0.9572,322,0
SPY190717P301,2019-07-15,2019-07-15 09:38:57,1.13,0.9658,78,1.11,0.9487,50,1.13,0.9658,1,1.12,0.9572,322,0
SPY190717P301,2019-07-15,2019-07-15 09:38:57,1.13,0.9658,178,1.11,0.9487,50,1.13,0.9658,1,1.12,0.9572,322,0
SPY190717P301,2019-07-15,2019-07-15 09:38:58,1.12,0.9572,5,1.11,0.9487,50,1.13,0.9658,1,1.115,0.9529,322,0
SPY190717P301,2019-07-15,2019-07-15 09:38:59,1.12,0.9572,6,1.11,0.9487,50,1.13,0.9658,1,1.115,0.9529,322,0
SPY190717P301,2019-07-15,2019-07-15 09:39:00,1.12,0.9572,6,1.1,0.9401,315,1.13,0.9658,1,1.11,0.9487,322,0
SPY190717P301,2019-07-15,2019-07-15 09:39:01,1.12,0.9572,6,1.1,0.9401,315,1.13,0.9658,1,1.11,0.9487,322,0
SPY190717P301,2019-07-15,2019-07-15 09:39:01,1.12,0.9572,6,1.1,0.9401,385,1.13,0.9658,1,1.11,0.9487,322,0
SPY190717P301,2019-07-15,2019-07-15 09:39:02,1.12,0.9572,5,1.1,0.9401,315,1.13,0.9658,1,1.11,0.9487,322,0
SPY190717P301,2019-07-15,2019-07-15 09:39:02,1.12,0.9572,6,1.1,0.9401,315,1.13,0.9658,1,1.11,0.9487,322,0
SPY190717P301,2019-07-15,2019-07-15 09:39:03,1.12,0.9572,5,1.1,0.9401,315,1.13,0.9658,1,1.11,0.9487,322,0
SPY190717P301,2019-07-15,2019-07-15 09:39:04,1.12,0.9572,10,1.1,0.9401,315,1.13,0.9658,1,1.11,0.9487,322,0
SPY190717P301,2019-07-15,2019-07-15 09:39:04,1.12,0.9572,6,1.1,0.9401,315,1.13,0.9658,1,1.11,0.9487,322,0
SPY190717P301,2019-07-15,2019-07-15 09:39:05,1.12,0.9572,10,1.1,0.9401,315,1.13,0.9658,1,1.11,0.9487,322,0
SPY190717P301,2019-07-15,2019-07-15 09:39:06,1.12,0.9572,10,1.1,0.9401,315,1.13,0.9658,1,1.11,0.9487,322,0
SPY190717P301,2019-07-15,2019-07-15 09:39:06,1.12,0.9572,10,1.1,0.9401,308,1.13,0.9658,1,1.11,0.9487,322,0
SPY190717P301,2019-07-15,2019-07-15 09:39:07,1.12,0.9572,10,1.1,0.9401,336,1.13,0.9658,1,1.11,0.9487,322,0
SPY190717P301,2019-07-15,2019-07-15 09:39:08,1.12,0.9572,6,1.11,0.9487,76,1.13,0.9658,1,1.115,0.9529,322,0
SPY190717P301,2019-07-15,2019-07-15 09:39:08,1.12,0.9572,5,1.11,0.9487,123,1.13,0.9658,1,1.115,0.9529,322,0
SPY190717P301,2019-07-15,2019-07-15 09:39:09,1.12,0.9572,6,1.11,0.9487,45,1.13,0.9658,1,1.115,0.9529,322,0
SPY190717P301,2019-07-15,2019-07-15 09:39:10,1.12,0.9572,6,1.11,0.9487,45,1.13,0.9658,1,1.115,0.9529,322,0
SPY190717P301,2019-07-15,2019-07-15 09:39:10,1.12,0.9572,6,1.11,0.9487,39,1.13,0.9658,1,1.115,0.9529,322,0
SPY190717P301,2019-07-15,2019-07-15 09:39:11,1.12,0.9572,5,1.11,0.9487,9,1.13,0.9658,1,1.115,0.9529,322,0
SPY190717P301,2019-07-15,2019-07-15 09:39:11,1.12,0.9572,5,1.1,0.9401,395,1.13,0.9658,1,1.11,0.9487,322,0
SPY190717P301,2019-07-15,2019-07-15 09:39:12,1.12,0.9572,6,1.11,0.9487,43,1.13,0.9658,1,1.115,0.9529,322,0
SPY190717P301,2019-07-15,2019-07-15 09:39:13,1.12,0.9572,6,1.1,0.9401,231,1.13,0.9658,1,1.11,0.9487,322,0
SPY190717P301,2019-07-15,2019-07-15 09:39:14,1.12,0.9572,5,1.11,0.9487,12,1.13,0.9658,1,1.115,0.9529,322,0
SPY190717P301,2019-07-15,2019-07-15 09:39:14,1.12,0.9572,5,1.1,0.9401,100,1.13,0.9658,1,1.11,0.9487,322,0
SPY190717P301,2019-07-15,2019-07-15 09:39:15,1.12,0.9572,5,1.1,0.9401,131,1.13,0.9658,1,1.11,0.9487,322,0
SPY190717P301,2019-07-15,2019-07-15 09:39:16,1.12,0.9572,5,1.1,0.9401,140,1.13,0.9658,1,1.11,0.9487,322,0
SPY190717P301,2019-07-15,2019-07-15 09:39:16,1.12,0.9572,5,1.11,0.9487,12,1.13,0.9658,1,1.115,0.9529,322,0
SPY190717P301,2019-07-15,2019-07-15 09:39:17,1.12,0.9572,5,1.1,0.9401,231,1.13,0.9658,1,1.11,0.9487,322,0
SPY190717P301,2019-07-15,2019-07-15 09:39:17,1.12,0.9572,5,1.11,0.9487,95,1.13,0.9658,1,1.115,0.9529,322,0
SPY190717P301,2019-07-15,2019-07-15 09:39:18,1.12,0.9572,5,1.11,0.9487,194,1.13,0.9658,1,1.115,0.9529,322,0
SPY190717P301,2019-07-15,2019-07-15 09:39:18,1.12,0.9572,5,1.11,0.9487,290,1.13,0.9658,1,1.115,0.9529,322,0
SPY190717P301,2019-07-15,2019-07-15 09:39:19,1.12,0.9572,5,1.11,0.9487,290,1.13,0.9658,1,1.115,0.9529,322,0
SPY190717P301,2019-07-15,2019-07-15 09:39:20,1.12,0.9572,5,1.11,0.9487,290,1.13,0.9658,1,1.115,0.9529,322,0
SPY190717P301,2019-07-15,2019-07-15 09:39:21,1.12,0.9572,5,1.11,0.9487,290,1.13,0.9658,1,1.115,0.9529,322,0
SPY190717P301,2019-07-15,2019-07-15 09:39:22,1.12,0.9572,5,1.11,0.9487,290,1.13,0.9658,1,1.115,0.9529,322,0
SPY190717P301,2019-07-15,2019-07-15 09:39:23,1.12,0.9572,5,1.11,0.9487,290,1.13,0.9658,1,1.115,0.9529,322,0
SPY190717P301,2019-07-15,2019-07-15 09:39:24,1.12,0.9572,5,1.11,0.9487,439,1.13,0.9658,1,1.115,0.9529,322,0
SPY190717P301,2019-07-15,2019-07-15 09:39:24,1.12,0.9572,5,1.11,0.9487,455,1.13,0.9658,1,1.115,0.9529,322,0
SPY190717P301,2019-07-15,2019-07-15 09:39:25,1.12,0.9572,5,1.11,0.9487,439,1.13,0.9658,1,1.115,0.9529,322,0
SPY190717P301,2019-07-15,2019-07-15 09:39:25,1.12,0.9572,5,1.11,0.9487,485,1.13,0.9658,1,1.115,0.9529,322,0
SPY190717P301,2019-07-15,2019-07-15 09:39:26,1.12,0.9572,5,1.11,0.9487,340,1.13,0.9658,1,1.115,0.9529,322,0
SPY190717P301,2019-07-15,2019-07-15 09:39:27,1.12,0.9572,5,1.11,0.9487,340,1.13,0.9658,1,1.115,0.9529,322,0
SPY190717P301,2019-07-15,2019-07-15 09:39:28,1.12,0.9572,5,1.11,0.9487,401,1.13,0.9658,1,1.115,0.9529,322,0
SPY190717P301,2019-07-15,2019-07-15 09:39:28,1.12,0.9572,5,1.11,0.9487,278,1.13,0.9658,1,1.115,0.9529,322,0
SPY190717P301,2019-07-15,2019-07-15 09:39:32,1.12,0.9572,10,1.1,0.9401,265,1.13,0.9658,1,1.11,0.9487,322,0
SPY190717P301,2019-07-15,2019-07-15 09:39:32,1.12,0.9572,5,1.11,0.9487,43,1.13,0.9658,1,1.115,0.9529,322,0
SPY190717P301,2019-07-15,2019-07-15 09:39:33,1.12,0.9572,10,1.1,0.9401,265,1.13,0.9658,1,1.11,0.9487,322,0
SPY190717P301,2019-07-15,2019-07-15 09:39:34,1.12,0.9572,180,1.09,0.9316,194,1.13,0.9658,1,1.105,0.9444,322,0
SPY190717P301,2019-07-15,2019-07-15 09:39:34,1.12,0.9572,150,1.09,0.9316,148,1.13,0.9658,1,1.105,0.9444,322,0
SPY190717P301,2019-07-15,2019-07-15 09:39:35,1.12,0.9572,261,1.09,0.9316,194,1.13,0.9658,1,1.105,0.9444,322,0
SPY190717P301,2019-07-15,2019-07-15 09:39:35,1.12,0.9572,261,1.09,0.9316,148,1.13,0.9658,1,1.105,0.9444,322,0
SPY190717P301,2019-07-15,2019-07-15 09:39:36,1.12,0.9572,261,1.09,0.9316,194,1.13,0.9658,1,1.105,0.9444,322,0
SPY190717P301,2019-07-15,2019-07-15 09:39:37,1.12,0.9572,246,1.09,0.9316,315,1.13,0.9658,1,1.105,0.9444,322,0
SPY190717P301,2019-07-15,2019-07-15 09:39:37,1.12,0.9572,261,1.1,0.9401,12,1.13,0.9658,1,1.11,0.9487,322,0
SPY190717P301,2019-07-15,2019-07-15 09:39:38,1.11,0.9487,100,1.09,0.9316,143,1.13,0.9658,1,1.1,0.9401,322,0
SPY190717P301,2019-07-15,2019-07-15 09:39:38,1.11,0.9487,100,1.09,0.9316,315,1.13,0.9658,1,1.1,0.9401,322,0
SPY190717P301,2019-07-15,2019-07-15 09:39:39,1.11,0.9487,5,1.1,0.9401,194,1.13,0.9658,1,1.105,0.9444,322,0
SPY190717P301,2019-07-15,2019-07-15 09:39:39,1.11,0.9487,5,1.09,0.9316,133,1.13,0.9658,1,1.1,0.9401,322,0
SPY190717P301,2019-07-15,2019-07-15 09:39:40,1.11,0.9487,5,1.1,0.9401,96,1.13,0.9658,1,1.105,0.9444,322,0
SPY190717P301,2019-07-15,2019-07-15 09:39:41,1.11,0.9487,5,1.1,0.9401,290,1.13,0.9658,1,1.105,0.9444,322,0
SPY190717P301,2019-07-15,2019-07-15 09:39:42,1.11,0.9487,5,1.1,0.9401,314,1.13,0.9658,1,1.105,0.9444,322,0
SPY190717P301,2019-07-15,2019-07-15 09:39:42,1.11,0.9487,5,1.1,0.9401,476,1.12,0.9572,3,1.105,0.9444,325,3
SPY190717P301,2019-07-15,2019-07-15 09:39:43,1.11,0.9487,5,1.1,0.9401,155,1.12,0.9572,3,1.105,0.9444,325,0
SPY190717P301,2019-07-15,2019-07-15 09:39:44,1.11,0.9487,5,1.1,0.9401,253,1.12,0.9572,3,1.105,0.9444,325,0
SPY190717P301,2019-07-15,2019-07-15 09:39:45,1.11,0.9487,5,1.1,0.9401,253,1.12,0.9572,3,1.105,0.9444,325,0
SPY190717P301,2019-07-15,2019-07-15 09:39:45,1.12,0.9572,100,1.1,0.9401,307,1.11,0.9487,2,1.11,0.9487,330,5
SPY190717P301,2019-07-15,2019-07-15 09:39:46,1.12,0.9572,100,1.1,0.9401,307,1.11,0.9487,2,1.11,0.9487,330,0
SPY190717P301,2019-07-15,2019-07-15 09:39:46,1.12,0.9572,100,1.1,0.9401,472,1.11,0.9487,2,1.11,0.9487,330,0
SPY190717P301,2019-07-15,2019-07-15 09:39:47,1.13,0.9658,166,1.11,0.9487,12,1.11,0.9487,2,1.12,0.9572,330,0
SPY190717P301,2019-07-15,2019-07-15 09:39:48,1.13,0.9658,229,1.11,0.9487,34,1.11,0.9487,2,1.12,0.9572,330,0
SPY190717P301,2019-07-15,2019-07-15 09:39:48,1.13,0.9658,182,1.11,0.9487,40,1.11,0.9487,2,1.12,0.9572,330,0
SPY190717P301,2019-07-15,2019-07-15 09:39:49,1.13,0.9658,207,1.1,0.9401,175,1.11,0.9487,2,1.115,0.9529,330,0
SPY190717P301,2019-07-15,2019-07-15 09:39:49,1.13,0.9658,207,1.1,0.9401,151,1.11,0.9487,2,1.115,0.9529,330,0
SPY190717P301,2019-07-15,2019-07-15 09:39:50,1.13,0.9658,207,1.1,0.9401,151,1.11,0.9487,2,1.115,0.9529,330,0
SPY190717P301,2019-07-15,2019-07-15 09:39:51,1.13,0.9658,207,1.1,0.9401,151,1.11,0.9487,2,1.115,0.9529,330,0
SPY190717P301,2019-07-15,2019-07-15 09:39:51,1.13,0.9658,207,1.11,0.9487,6,1.11,0.9487,2,1.12,0.9572,330,0
SPY190717P301,2019-07-15,2019-07-15 09:39:52,1.12,0.9572,110,1.11,0.9487,28,1.11,0.9487,2,1.115,0.9529,330,0
SPY190717P301,2019-07-15,2019-07-15 09:39:52,1.13,0.9658,207,1.11,0.9487,93,1.11,0.9487,2,1.12,0.9572,330,0
SPY190717P301,2019-07-15,2019-07-15 09:39:53,1.12,0.9572,231,1.09,0.9316,131,1.11,0.9487,2,1.105,0.9444,330,0
SPY190717P301,2019-07-15,2019-07-15 09:39:53,1.12,0.9572,222,1.09,0.9316,228,1.11,0.9487,2,1.105,0.9444,330,0
SPY190717P301,2019-07-15,2019-07-15 09:39:54,1.12,0.9572,231,1.08,0.923,79,1.11,0.9487,2,1.1,0.9401,330,0
SPY190717P301,2019-07-15,2019-07-15 09:39:55,1.11,0.9487,224,1.09,0.9316,34,1.11,0.9487,2,1.1,0.9401,330,0
SPY190717P301,2019-07-15,2019-07-15 09:39:55,1.11,0.9487,124,1.08,0.923,131,1.11,0.9487,2,1.095,0.9358,330,0
SPY190717P301,2019-07-15,2019-07-15 09:39:56,1.11,0.9487,251,1.08,0.923,126,1.11,0.9487,2,1.095,0.9358,330,0
SPY190717P301,2019-07-15,2019-07-15 09:39:57,1.09,0.9316,189,1.06,0.9059,290,1.11,0.9487,2,1.075,0.9188,330,0
SPY190717P301,2019-07-15,2019-07-15 09:39:57,1.09,0.9316,257,1.06,0.9059,194,1.11,0.9487,2,1.075,0.9188,330,0
SPY190717P301,2019-07-15,2019-07-15 09:39:58,1.1,0.9401,267,1.07,0.9145,172,1.11,0.9487,2,1.085,0.9273,330,0
SPY190717P301,2019-07-15,2019-07-15 09:39:58,1.1,0.9401,239,1.07,0.9145,138,1.11,0.9487,2,1.085,0.9273,330,0
SPY190717P301,2019-07-15,2019-07-15 09:39:59,1.1,0.9401,225,1.07,0.9145,80,1.11,0.9487,2,1.085,0.9273,330,0
SPY190717P301,2019-07-15,2019-07-15 09:39:59,1.09,0.9316,243,1.07,0.9145,158,1.11,0.9487,2,1.08,0.923,330,0
SPY190717P301,2019-07-15,2019-07-15 09:40:00,1.1,0.9401,236,1.07,0.9145,54,1.11,0.9487,2,1.085,0.9273,330,0
SPY190717P301,2019-07-15,2019-07-15 09:40:00,1.1,0.9401,243,1.07,0.9145,80,1.11,0.9487,2,1.085,0.9273,330,0
SPY190717P301,2019-07-15,2019-07-15 09:40:01,1.1,0.9401,268,1.08,0.923,12,1.11,0.9487,2,1.09,0.9316,330,0
SPY190717P301,2019-07-15,2019-07-15 09:40:02,1.11,0.9487,204,1.09,0.9316,81,1.11,0.9487,2,1.1,0.9401,330,0
SPY190717P301,2019-07-15,2019-07-15 09:40:02,1.11,0.9487,100,1.1,0.9401,12,1.11,0.9487,2,1.105,0.9444,330,0
SPY190717P301,2019-07-15,2019-07-15 09:40:03,1.11,0.9487,40,1.09,0.9316,81,1.11,0.9487,2,1.1,0.9401,330,0
SPY190717P301,2019-07-15,2019-07-15 09:40:03,1.11,0.9487,91,1.09,0.9316,81,1.11,0.9487,2,1.1,0.9401,330,0
SPY190717P301,2019-07-15,2019-07-15 09:40:04,1.1,0.9401,103,1.08,0.923,153,1.11,0.9487,2,1.09,0.9316,330,0
SPY190717P301,2019-07-15,2019-07-15 09:40:05,1.1,0.9401,140,1.08,0.923,48,1.11,0.9487,2,1.09,0.9316,330,0
SPY190717P301,2019-07-15,2019-07-15 09:40:05,1.1,0.9401,100,1.09,0.9316,6,1.11,0.9487,2,1.095,0.9358,330,0
SPY190717P301,2019-07-15,2019-07-15 09:40:06,1.1,0.9401,140,1.07,0.9145,258,1.11,0.9487,2,1.085,0.9273,330,0
SPY190717P301,2019-07-15,2019-07-15 09:40:06,1.1,0.9401,109,1.08,0.923,112,1.11,0.9487,2,1.09,0.9316,330,0
SPY190717P301,2019-07-15,2019-07-15 09:40:07,1.1,0.9401,199,1.08,0.923,65,1.11,0.9487,2,1.09,0.9316,330,0
SPY190717P301,2019-07-15,2019-07-15 09:40:08,1.1,0.9401,199,1.07,0.9145,170,1.11,0.9487,2,1.085,0.9273,330,0
SPY190717P301,2019-07-15,2019-07-15 09:40:08,1.09,0.9316,40,1.07,0.9145,255,1.11,0.9487,2,1.08,0.923,330,0
SPY190717P301,2019-07-15,2019-07-15 09:40:09,1.1,0.9401,344,1.07,0.9145,225,1.11,0.9487,2,1.085,0.9273,330,0
SPY190717P301,2019-07-15,2019-07-15 09:40:10,1.1,0.9401,160,1.07,0.9145,225,1.11,0.9487,2,1.085,0.9273,330,0
SPY190717P301,2019-07-15,2019-07-15 09:40:10,1.1,0.9401,160,1.07,0.9145,264,1.11,0.9487,2,1.085,0.9273,330,0
SPY190717P301,2019-07-15,2019-07-15 09:40:11,1.11,0.9487,233,1.08,0.923,133,1.11,0.9487,2,1.095,0.9358,330,0
SPY190717P301,2019-07-15,2019-07-15 09:40:12,1.11,0.9487,228,1.08,0.923,225,1.11,0.9487,2,1.095,0.9358,330,0
SPY190717P301,2019-07-15,2019-07-15 09:40:12,1.11,0.9487,257,1.08,0.923,170,1.11,0.9487,2,1.095,0.9358,330,0
SPY190717P301,2019-07-15,2019-07-15 09:40:13,1.11,0.9487,228,1.09,0.9316,30,1.11,0.9487,2,1.1,0.9401,330,0
SPY190717P301,2019-07-15,2019-07-15 09:40:14,1.11,0.9487,228,1.09,0.9316,12,1.11,0.9487,2,1.1,0.9401,330,0
SPY190717P301,2019-07-15,2019-07-15 09:40:15,1.1,0.9401,177,1.08,0.923,92,1.11,0.9487,2,1.09,0.9316,330,0
SPY190717P301,2019-07-15,2019-07-15 09:40:15,1.1,0.9401,182,1.08,0.923,100,1.11,0.9487,2,1.09,0.9316,330,0
SPY190717P301,2019-07-15,2019-07-15 09:40:16,1.09,0.9316,100,1.07,0.9145,133,1.11,0.9487,2,1.08,0.923,330,0
SPY190717P301,2019-07-15,2019-07-15 09:40:17,1.1,0.9401,233,1.07,0.9145,128,1.11,0.9487,2,1.085,0.9273,330,0
SPY190717P301,2019-07-15,2019-07-15 09:40:17,1.1,0.9401,233,1.07,0.9145,217,1.11,0.9487,2,1.085,0.9273,330,0
SPY190717P301,2019-07-15,2019-07-15 09:40:18,1.1,0.9401,233,1.08,0.923,54,1.11,0.9487,2,1.09,0.9316,330,0
SPY190717P301,2019-07-15,2019-07-15 09:40:19,1.1,0.9401,90,1.08,0.923,141,1.11,0.9487,2,1.09,0.9316,330,0
SPY190717P301,2019-07-15,2019-07-15 09:40:19,1.1,0.9401,228,1.08,0.923,54,1.11,0.9487,2,1.09,0.9316,330,0
SPY190717P301,2019-07-15,2019-07-15 09:40:20,1.1,0.9401,96,1.08,0.923,141,1.11,0.9487,2,1.09,0.9316,330,0
SPY190717P301,2019-07-15,2019-07-15 09:40:20,1.09,0.9316,188,1.05,0.8974,100,1.11,0.9487,2,1.07,0.9145,330,0
SPY190717P301,2019-07-15,2019-07-15 09:40:21,1.09,0.9316,140,1.06,0.9059,93,1.11,0.9487,2,1.075,0.9188,330,0
SPY190717P301,2019-07-15,2019-07-15 09:40:21,1.09,0.9316,203,1.07,0.9145,38,1.11,0.9487,2,1.08,0.923,330,0
SPY190717P301,2019-07-15,2019-07-15 09:40:22,1.08,0.923,127,1.04,0.8888,100,1.11,0.9487,2,1.06,0.9059,330,0
