symbol,Date,quote_time,ask_price,norm_ask_price,ask_size,bid_price,norm_bid_price,bid_size,last_trade_price,norm_last_trade_price,last_trade_size,mark_price,norm_mark_price,volume,Volume
SPY190722C298,2019-07-19,2019-07-19 09:30:00,2.35,1.0,5,2.32,0.9872,1,2.02,0.8595,1,2.335,0.9936,7,7
SPY190722C298,2019-07-19,2019-07-19 09:30:08,2.48,1.0553,10,2.17,0.9234,10,2.22,0.9446,1,2.325,0.9893,11,4
SPY190722C298,2019-07-19,2019-07-19 09:30:08,2.4,1.0212,10,2.31,0.9829,10,2.22,0.9446,1,2.355,1.0021,11,0
SPY190722C298,2019-07-19,2019-07-19 09:30:09,2.48,1.0553,10,2.17,0.9234,10,2.22,0.9446,1,2.325,0.9893,11,0
SPY190722C298,2019-07-19,2019-07-19 09:30:10,2.37,1.0085,1,2.33,0.9914,1,2.22,0.9446,1,2.35,1.0,11,0
SPY190722C298,2019-07-19,2019-07-19 09:30:11,2.37,1.0085,1,2.33,0.9914,1,2.22,0.9446,1,2.35,1.0,11,0
SPY190722C298,2019-07-19,2019-07-19 09:30:11,2.37,1.0085,1,2.33,0.9914,1,2.25,0.9574,2,2.35,1.0,15,4
SPY190722C298,2019-07-19,2019-07-19 09:30:12,2.37,1.0085,1,2.33,0.9914,1,2.25,0.9574,2,2.35,1.0,15,0
SPY190722C298,2019-07-19,2019-07-19 09:30:13,2.37,1.0085,1,2.33,0.9914,1,2.25,0.9574,2,2.35,1.0,15,0
SPY190722C298,2019-07-19,2019-07-19 09:30:14,2.37,1.0085,1,2.33,0.9914,1,2.25,0.9574,2,2.35,1.0,15,0
SPY190722C298,2019-07-19,2019-07-19 09:30:15,2.37,1.0085,1,2.33,0.9914,1,2.25,0.9574,2,2.35,1.0,15,0
SPY190722C298,2019-07-19,2019-07-19 09:30:16,2.37,1.0085,1,2.33,0.9914,1,2.25,0.9574,2,2.35,1.0,15,0
SPY190722C298,2019-07-19,2019-07-19 09:30:17,2.37,1.0085,1,2.33,0.9914,1,2.25,0.9574,2,2.35,1.0,15,0
SPY190722C298,2019-07-19,2019-07-19 09:30:18,2.39,1.017,1,2.3,0.9787,1,2.25,0.9574,2,2.345,0.9978,15,0
SPY190722C298,2019-07-19,2019-07-19 09:30:19,2.39,1.017,1,2.3,0.9787,1,2.25,0.9574,2,2.345,0.9978,15,0
SPY190722C298,2019-07-19,2019-07-19 09:30:20,2.39,1.017,1,2.3,0.9787,1,2.25,0.9574,2,2.345,0.9978,15,0
SPY190722C298,2019-07-19,2019-07-19 09:30:21,2.39,1.017,1,2.3,0.9787,1,2.25,0.9574,2,2.345,0.9978,15,0
SPY190722C298,2019-07-19,2019-07-19 09:30:22,2.36,1.0042,5,2.3,0.9787,1,2.25,0.9574,2,2.33,0.9914,15,0
SPY190722C298,2019-07-19,2019-07-19 09:30:22,2.39,1.017,1,2.3,0.9787,1,2.25,0.9574,2,2.345,0.9978,15,0
SPY190722C298,2019-07-19,2019-07-19 09:30:23,2.36,1.0042,5,2.3,0.9787,1,2.25,0.9574,2,2.33,0.9914,15,0
SPY190722C298,2019-07-19,2019-07-19 09:30:24,2.36,1.0042,5,2.3,0.9787,1,2.25,0.9574,2,2.33,0.9914,15,0
SPY190722C298,2019-07-19,2019-07-19 09:30:25,2.37,1.0085,1,2.31,0.9829,1,2.25,0.9574,2,2.34,0.9957,15,0
SPY190722C298,2019-07-19,2019-07-19 09:30:26,2.32,0.9872,5,2.23,0.9489,5,2.25,0.9574,2,2.275,0.968,15,0
SPY190722C298,2019-07-19,2019-07-19 09:30:26,2.34,0.9957,1,2.27,0.9659,1,2.25,0.9574,2,2.305,0.9808,15,0
SPY190722C298,2019-07-19,2019-07-19 09:30:27,2.26,0.9617,1,2.22,0.9446,1,2.26,0.9617,1,2.24,0.9531,20,5
SPY190722C298,2019-07-19,2019-07-19 09:30:27,2.25,0.9574,5,2.2,0.9361,5,2.26,0.9617,1,2.225,0.9468,20,0
SPY190722C298,2019-07-19,2019-07-19 09:30:28,2.28,0.9702,10,2.24,0.9531,1,2.26,0.9617,1,2.26,0.9617,20,0
SPY190722C298,2019-07-19,2019-07-19 09:30:28,2.27,0.9659,5,2.24,0.9531,1,2.26,0.9617,1,2.255,0.9595,20,0
SPY190722C298,2019-07-19,2019-07-19 09:30:29,2.28,0.9702,1,2.24,0.9531,2,2.26,0.9617,1,2.26,0.9617,20,0
SPY190722C298,2019-07-19,2019-07-19 09:30:30,2.29,0.9744,6,2.24,0.9531,10,2.26,0.9617,1,2.265,0.9638,20,0
SPY190722C298,2019-07-19,2019-07-19 09:30:30,2.28,0.9702,5,2.26,0.9617,1,2.26,0.9617,1,2.27,0.9659,20,0
SPY190722C298,2019-07-19,2019-07-19 09:30:31,2.29,0.9744,1,2.26,0.9617,2,2.26,0.9617,1,2.275,0.968,20,0
SPY190722C298,2019-07-19,2019-07-19 09:30:31,2.28,0.9702,100,2.25,0.9574,1,2.26,0.9617,1,2.265,0.9638,20,0
SPY190722C298,2019-07-19,2019-07-19 09:30:32,2.3,0.9787,100,2.27,0.9659,1,2.26,0.9617,1,2.285,0.9723,20,0
SPY190722C298,2019-07-19,2019-07-19 09:30:32,2.3,0.9787,100,2.27,0.9659,10,2.26,0.9617,1,2.285,0.9723,20,0
SPY190722C298,2019-07-19,2019-07-19 09:30:33,2.3,0.9787,100,2.27,0.9659,10,2.26,0.9617,1,2.285,0.9723,20,0
SPY190722C298,2019-07-19,2019-07-19 09:30:33,2.33,0.9914,100,2.27,0.9659,4,2.26,0.9617,1,2.3,0.9787,20,0
SPY190722C298,2019-07-19,2019-07-19 09:30:34,2.33,0.9914,1,2.31,0.9829,1,2.26,0.9617,1,2.32,0.9872,20,0
SPY190722C298,2019-07-19,2019-07-19 09:30:35,2.33,0.9914,1,2.31,0.9829,1,2.26,0.9617,1,2.32,0.9872,20,0
SPY190722C298,2019-07-19,2019-07-19 09:30:35,2.35,1.0,15,2.21,0.9404,13,2.33,0.9914,1,2.28,0.9702,23,3
SPY190722C298,2019-07-19,2019-07-19 09:30:36,2.31,0.9829,20,2.24,0.9531,44,2.33,0.9914,1,2.275,0.968,23,0
SPY190722C298,2019-07-19,2019-07-19 09:30:36,2.34,0.9957,3,2.24,0.9531,44,2.33,0.9914,1,2.29,0.9744,23,0
SPY190722C298,2019-07-19,2019-07-19 09:30:37,2.3,0.9787,1,2.27,0.9659,10,2.33,0.9914,1,2.285,0.9723,23,0
SPY190722C298,2019-07-19,2019-07-19 09:30:37,2.31,0.9829,2,2.27,0.9659,10,2.33,0.9914,1,2.29,0.9744,23,0
SPY190722C298,2019-07-19,2019-07-19 09:30:38,2.3,0.9787,6,2.27,0.9659,20,2.33,0.9914,1,2.285,0.9723,23,0
SPY190722C298,2019-07-19,2019-07-19 09:30:38,2.31,0.9829,2,2.27,0.9659,20,2.33,0.9914,1,2.29,0.9744,23,0
SPY190722C298,2019-07-19,2019-07-19 09:30:39,2.3,0.9787,6,2.27,0.9659,20,2.33,0.9914,1,2.285,0.9723,23,0
SPY190722C298,2019-07-19,2019-07-19 09:30:40,2.3,0.9787,1,2.27,0.9659,20,2.33,0.9914,1,2.285,0.9723,23,0
SPY190722C298,2019-07-19,2019-07-19 09:30:41,2.3,0.9787,1,2.28,0.9702,10,2.33,0.9914,1,2.29,0.9744,23,0
SPY190722C298,2019-07-19,2019-07-19 09:30:42,2.3,0.9787,38,2.27,0.9659,1,2.33,0.9914,1,2.285,0.9723,23,0
SPY190722C298,2019-07-19,2019-07-19 09:30:42,2.3,0.9787,100,2.27,0.9659,20,2.33,0.9914,1,2.285,0.9723,23,0
SPY190722C298,2019-07-19,2019-07-19 09:30:43,2.3,0.9787,100,2.28,0.9702,1,2.33,0.9914,1,2.29,0.9744,23,0
SPY190722C298,2019-07-19,2019-07-19 09:30:44,2.3,0.9787,1,2.29,0.9744,1,2.29,0.9744,7,2.295,0.9765,30,7
SPY190722C298,2019-07-19,2019-07-19 09:30:44,2.3,0.9787,1,2.29,0.9744,1,2.33,0.9914,1,2.295,0.9765,23,0
SPY190722C298,2019-07-19,2019-07-19 09:30:45,2.3,0.9787,6,2.27,0.9659,1,2.29,0.9744,7,2.285,0.9723,30,0
SPY190722C298,2019-07-19,2019-07-19 09:30:45,2.3,0.9787,1,2.29,0.9744,20,2.29,0.9744,7,2.295,0.9765,30,0
SPY190722C298,2019-07-19,2019-07-19 09:30:46,2.3,0.9787,1,2.29,0.9744,1,2.29,0.9744,7,2.295,0.9765,30,0
SPY190722C298,2019-07-19,2019-07-19 09:30:47,2.3,0.9787,55,2.26,0.9617,1,2.29,0.9744,1,2.28,0.9702,31,0
SPY190722C298,2019-07-19,2019-07-19 09:30:47,2.3,0.9787,1,2.29,0.9744,1,2.29,0.9744,1,2.295,0.9765,31,1
SPY190722C298,2019-07-19,2019-07-19 09:30:48,2.3,0.9787,60,2.27,0.9659,10,2.29,0.9744,1,2.285,0.9723,31,0
SPY190722C298,2019-07-19,2019-07-19 09:30:48,2.3,0.9787,1,2.27,0.9659,10,2.29,0.9744,1,2.285,0.9723,31,0
SPY190722C298,2019-07-19,2019-07-19 09:30:49,2.3,0.9787,35,2.27,0.9659,10,2.29,0.9744,1,2.285,0.9723,31,0
SPY190722C298,2019-07-19,2019-07-19 09:30:49,2.3,0.9787,1,2.27,0.9659,10,2.29,0.9744,1,2.285,0.9723,31,0
SPY190722C298,2019-07-19,2019-07-19 09:30:50,2.3,0.9787,1,2.27,0.9659,20,2.29,0.9744,1,2.285,0.9723,31,0
SPY190722C298,2019-07-19,2019-07-19 09:30:51,2.3,0.9787,1,2.29,0.9744,10,2.29,0.9744,1,2.295,0.9765,31,0
SPY190722C298,2019-07-19,2019-07-19 09:30:51,2.3,0.9787,6,2.27,0.9659,10,2.29,0.9744,1,2.285,0.9723,31,0
SPY190722C298,2019-07-19,2019-07-19 09:30:52,2.3,0.9787,1,2.27,0.9659,10,2.29,0.9744,1,2.285,0.9723,31,0
SPY190722C298,2019-07-19,2019-07-19 09:30:52,2.3,0.9787,6,2.27,0.9659,5,2.29,0.9744,1,2.285,0.9723,31,0
SPY190722C298,2019-07-19,2019-07-19 09:30:53,2.3,0.9787,1,2.28,0.9702,1,2.29,0.9744,1,2.29,0.9744,31,0
SPY190722C298,2019-07-19,2019-07-19 09:30:54,2.3,0.9787,1,2.28,0.9702,1,2.29,0.9744,1,2.29,0.9744,31,0
SPY190722C298,2019-07-19,2019-07-19 09:30:55,2.3,0.9787,33,2.28,0.9702,1,2.29,0.9744,1,2.29,0.9744,31,0
SPY190722C298,2019-07-19,2019-07-19 09:30:56,2.3,0.9787,110,2.27,0.9659,10,2.29,0.9744,1,2.285,0.9723,31,0
SPY190722C298,2019-07-19,2019-07-19 09:30:56,2.3,0.9787,110,2.27,0.9659,1,2.29,0.9744,1,2.285,0.9723,31,0
SPY190722C298,2019-07-19,2019-07-19 09:30:57,2.27,0.9659,1,2.25,0.9574,10,2.29,0.9744,1,2.26,0.9617,31,0
SPY190722C298,2019-07-19,2019-07-19 09:30:57,2.27,0.9659,1,2.25,0.9574,1,2.29,0.9744,1,2.26,0.9617,31,0
SPY190722C298,2019-07-19,2019-07-19 09:30:58,2.27,0.9659,1,2.25,0.9574,10,2.29,0.9744,1,2.26,0.9617,31,0
SPY190722C298,2019-07-19,2019-07-19 09:30:59,2.27,0.9659,1,2.25,0.9574,1,2.29,0.9744,1,2.26,0.9617,31,0
SPY190722C298,2019-07-19,2019-07-19 09:30:59,2.27,0.9659,6,2.24,0.9531,1,2.29,0.9744,1,2.255,0.9595,31,0
SPY190722C298,2019-07-19,2019-07-19 09:31:00,2.27,0.9659,110,2.24,0.9531,1,2.29,0.9744,1,2.255,0.9595,31,0
SPY190722C298,2019-07-19,2019-07-19 09:31:00,2.27,0.9659,6,2.24,0.9531,1,2.29,0.9744,1,2.255,0.9595,31,0
SPY190722C298,2019-07-19,2019-07-19 09:31:01,2.27,0.9659,112,2.24,0.9531,1,2.29,0.9744,1,2.255,0.9595,31,0
SPY190722C298,2019-07-19,2019-07-19 09:31:01,2.27,0.9659,110,2.24,0.9531,1,2.29,0.9744,1,2.255,0.9595,31,0
SPY190722C298,2019-07-19,2019-07-19 09:31:02,2.25,0.9574,1,2.24,0.9531,1,2.29,0.9744,1,2.245,0.9553,31,0
SPY190722C298,2019-07-19,2019-07-19 09:31:03,2.25,0.9574,1,2.24,0.9531,1,2.29,0.9744,1,2.245,0.9553,31,0
SPY190722C298,2019-07-19,2019-07-19 09:31:04,2.25,0.9574,1,2.24,0.9531,1,2.29,0.9744,1,2.245,0.9553,31,0
SPY190722C298,2019-07-19,2019-07-19 09:31:05,2.25,0.9574,1,2.24,0.9531,1,2.29,0.9744,1,2.245,0.9553,31,0
SPY190722C298,2019-07-19,2019-07-19 09:31:06,2.25,0.9574,1,2.24,0.9531,1,2.29,0.9744,1,2.245,0.9553,31,0
SPY190722C298,2019-07-19,2019-07-19 09:31:06,2.25,0.9574,1,2.18,0.9276,5,2.24,0.9531,1,2.215,0.9425,32,1
SPY190722C298,2019-07-19,2019-07-19 09:31:07,2.24,0.9531,20,2.19,0.9319,20,2.24,0.9531,1,2.215,0.9425,32,0
SPY190722C298,2019-07-19,2019-07-19 09:31:08,2.24,0.9531,57,2.21,0.9404,1,2.24,0.9531,1,2.225,0.9468,32,0
SPY190722C298,2019-07-19,2019-07-19 09:31:08,2.24,0.9531,33,2.19,0.9319,20,2.24,0.9531,1,2.215,0.9425,32,0
SPY190722C298,2019-07-19,2019-07-19 09:31:09,2.24,0.9531,57,2.21,0.9404,1,2.24,0.9531,1,2.225,0.9468,32,0
SPY190722C298,2019-07-19,2019-07-19 09:31:10,2.24,0.9531,100,2.18,0.9276,62,2.24,0.9531,1,2.21,0.9404,32,0
SPY190722C298,2019-07-19,2019-07-19 09:31:10,2.24,0.9531,100,2.21,0.9404,1,2.24,0.9531,1,2.225,0.9468,32,0
SPY190722C298,2019-07-19,2019-07-19 09:31:11,2.23,0.9489,5,2.21,0.9404,1,2.21,0.9404,1,2.22,0.9446,33,1
SPY190722C298,2019-07-19,2019-07-19 09:31:11,2.23,0.9489,5,2.19,0.9319,20,2.21,0.9404,1,2.21,0.9404,33,0
SPY190722C298,2019-07-19,2019-07-19 09:31:12,2.22,0.9446,100,2.19,0.9319,30,2.21,0.9404,1,2.205,0.9382,33,0
SPY190722C298,2019-07-19,2019-07-19 09:31:12,2.22,0.9446,5,2.19,0.9319,30,2.21,0.9404,1,2.205,0.9382,33,0
SPY190722C298,2019-07-19,2019-07-19 09:31:13,2.23,0.9489,170,2.19,0.9319,20,2.21,0.9404,1,2.21,0.9404,33,0
SPY190722C298,2019-07-19,2019-07-19 09:31:13,2.22,0.9446,100,2.19,0.9319,30,2.21,0.9404,1,2.205,0.9382,33,0
SPY190722C298,2019-07-19,2019-07-19 09:31:14,2.23,0.9489,100,2.2,0.9361,20,2.21,0.9404,1,2.215,0.9425,33,0
SPY190722C298,2019-07-19,2019-07-19 09:31:15,2.23,0.9489,1,2.21,0.9404,10,2.21,0.9404,1,2.22,0.9446,33,0
SPY190722C298,2019-07-19,2019-07-19 09:31:16,2.23,0.9489,1,2.21,0.9404,10,2.21,0.9404,1,2.22,0.9446,33,0
SPY190722C298,2019-07-19,2019-07-19 09:31:16,2.23,0.9489,1,2.2,0.9361,20,2.21,0.9404,1,2.215,0.9425,33,0
SPY190722C298,2019-07-19,2019-07-19 09:31:17,2.23,0.9489,1,2.21,0.9404,10,2.21,0.9404,1,2.22,0.9446,33,0
SPY190722C298,2019-07-19,2019-07-19 09:31:18,2.23,0.9489,2,2.21,0.9404,10,2.21,0.9404,1,2.22,0.9446,33,0
SPY190722C298,2019-07-19,2019-07-19 09:31:18,2.23,0.9489,1,2.21,0.9404,10,2.21,0.9404,1,2.22,0.9446,33,0
SPY190722C298,2019-07-19,2019-07-19 09:31:19,2.22,0.9446,2,2.21,0.9404,10,2.22,0.9446,2,2.215,0.9425,40,7
SPY190722C298,2019-07-19,2019-07-19 09:31:19,2.22,0.9446,2,2.21,0.9404,10,2.21,0.9404,1,2.215,0.9425,33,0
SPY190722C298,2019-07-19,2019-07-19 09:31:20,2.22,0.9446,2,2.21,0.9404,10,2.21,0.9404,4,2.215,0.9425,47,7
SPY190722C298,2019-07-19,2019-07-19 09:31:21,2.23,0.9489,1,2.21,0.9404,10,2.22,0.9446,10,2.22,0.9446,57,10
SPY190722C298,2019-07-19,2019-07-19 09:31:21,2.23,0.9489,1,2.22,0.9446,1,2.22,0.9446,10,2.225,0.9468,57,0
SPY190722C298,2019-07-19,2019-07-19 09:31:22,2.23,0.9489,1,2.22,0.9446,1,2.22,0.9446,10,2.225,0.9468,57,0
SPY190722C298,2019-07-19,2019-07-19 09:31:22,2.23,0.9489,1,2.21,0.9404,10,2.22,0.9446,10,2.22,0.9446,57,0
SPY190722C298,2019-07-19,2019-07-19 09:31:23,2.23,0.9489,1,2.21,0.9404,8,2.22,0.9446,10,2.22,0.9446,57,0
SPY190722C298,2019-07-19,2019-07-19 09:31:23,2.23,0.9489,1,2.21,0.9404,10,2.22,0.9446,10,2.22,0.9446,57,0
SPY190722C298,2019-07-19,2019-07-19 09:31:24,2.23,0.9489,139,2.2,0.9361,1,2.22,0.9446,10,2.215,0.9425,57,0
SPY190722C298,2019-07-19,2019-07-19 09:31:25,2.23,0.9489,139,2.2,0.9361,10,2.22,0.9446,10,2.215,0.9425,57,0
SPY190722C298,2019-07-19,2019-07-19 09:31:26,2.23,0.9489,55,2.2,0.9361,10,2.22,0.9446,10,2.215,0.9425,57,0
SPY190722C298,2019-07-19,2019-07-19 09:31:26,2.23,0.9489,100,2.2,0.9361,10,2.22,0.9446,10,2.215,0.9425,57,0
SPY190722C298,2019-07-19,2019-07-19 09:31:27,2.23,0.9489,2,2.21,0.9404,101,2.22,0.9446,10,2.22,0.9446,57,0
SPY190722C298,2019-07-19,2019-07-19 09:31:27,2.23,0.9489,1,2.21,0.9404,1,2.22,0.9446,10,2.22,0.9446,57,0
SPY190722C298,2019-07-19,2019-07-19 09:31:28,2.23,0.9489,2,2.21,0.9404,10,2.22,0.9446,10,2.22,0.9446,57,0
SPY190722C298,2019-07-19,2019-07-19 09:31:29,2.22,0.9446,1,2.21,0.9404,2,2.22,0.9446,10,2.215,0.9425,57,0
SPY190722C298,2019-07-19,2019-07-19 09:31:29,2.23,0.9489,2,2.21,0.9404,10,2.22,0.9446,10,2.22,0.9446,57,0
SPY190722C298,2019-07-19,2019-07-19 09:31:30,2.22,0.9446,1,2.21,0.9404,1,2.22,0.9446,10,2.215,0.9425,57,0
SPY190722C298,2019-07-19,2019-07-19 09:31:30,2.22,0.9446,1,2.2,0.9361,4,2.22,0.9446,10,2.21,0.9404,57,0
SPY190722C298,2019-07-19,2019-07-19 09:31:31,2.22,0.9446,1,2.21,0.9404,10,2.22,0.9446,10,2.215,0.9425,57,0
SPY190722C298,2019-07-19,2019-07-19 09:31:31,2.22,0.9446,1,2.21,0.9404,1,2.22,0.9446,10,2.215,0.9425,57,0
SPY190722C298,2019-07-19,2019-07-19 09:31:32,2.22,0.9446,1,2.21,0.9404,2,2.22,0.9446,10,2.215,0.9425,57,0
SPY190722C298,2019-07-19,2019-07-19 09:31:33,2.22,0.9446,1,2.2,0.9361,2,2.22,0.9446,10,2.21,0.9404,57,0
SPY190722C298,2019-07-19,2019-07-19 09:31:34,2.21,0.9404,1,2.2,0.9361,1,2.21,0.9404,5,2.205,0.9382,62,5
SPY190722C298,2019-07-19,2019-07-19 09:31:34,2.23,0.9489,1,2.2,0.9361,101,2.21,0.9404,1,2.215,0.9425,63,1
SPY190722C298,2019-07-19,2019-07-19 09:31:35,2.23,0.9489,1,2.19,0.9319,100,2.21,0.9404,1,2.21,0.9404,64,1
SPY190722C298,2019-07-19,2019-07-19 09:31:35,2.23,0.9489,1,2.21,0.9404,1,2.21,0.9404,1,2.22,0.9446,63,0
SPY190722C298,2019-07-19,2019-07-19 09:31:36,2.23,0.9489,44,2.19,0.9319,44,2.22,0.9446,1,2.21,0.9404,65,1
SPY190722C298,2019-07-19,2019-07-19 09:31:36,2.23,0.9489,167,2.19,0.9319,100,2.21,0.9404,1,2.21,0.9404,64,0
SPY190722C298,2019-07-19,2019-07-19 09:31:37,2.23,0.9489,44,2.21,0.9404,1,2.22,0.9446,1,2.22,0.9446,65,0
SPY190722C298,2019-07-19,2019-07-19 09:31:37,2.23,0.9489,1,2.2,0.9361,10,2.22,0.9446,1,2.215,0.9425,66,1
SPY190722C298,2019-07-19,2019-07-19 09:31:38,2.23,0.9489,2,2.2,0.9361,1,2.22,0.9446,1,2.215,0.9425,66,0
SPY190722C298,2019-07-19,2019-07-19 09:31:39,2.23,0.9489,167,2.19,0.9319,110,2.22,0.9446,1,2.21,0.9404,66,0
SPY190722C298,2019-07-19,2019-07-19 09:31:40,2.22,0.9446,1,2.19,0.9319,110,2.22,0.9446,1,2.205,0.9382,66,0
SPY190722C298,2019-07-19,2019-07-19 09:31:41,2.23,0.9489,168,2.19,0.9319,110,2.22,0.9446,1,2.21,0.9404,66,0
SPY190722C298,2019-07-19,2019-07-19 09:31:42,2.22,0.9446,1,2.2,0.9361,1,2.22,0.9446,1,2.21,0.9404,66,0
SPY190722C298,2019-07-19,2019-07-19 09:31:43,2.23,0.9489,5,2.2,0.9361,20,2.22,0.9446,1,2.215,0.9425,66,0
SPY190722C298,2019-07-19,2019-07-19 09:31:43,2.23,0.9489,94,2.18,0.9276,209,2.22,0.9446,1,2.205,0.9382,66,0
SPY190722C298,2019-07-19,2019-07-19 09:31:44,2.22,0.9446,1,2.19,0.9319,10,2.22,0.9446,1,2.205,0.9382,66,0
SPY190722C298,2019-07-19,2019-07-19 09:31:45,2.21,0.9404,1,2.19,0.9319,20,2.22,0.9446,1,2.2,0.9361,66,0
SPY190722C298,2019-07-19,2019-07-19 09:31:45,2.23,0.9489,100,2.19,0.9319,10,2.22,0.9446,1,2.21,0.9404,66,0
SPY190722C298,2019-07-19,2019-07-19 09:31:46,2.21,0.9404,1,2.19,0.9319,10,2.22,0.9446,1,2.2,0.9361,66,0
SPY190722C298,2019-07-19,2019-07-19 09:31:47,2.21,0.9404,1,2.2,0.9361,1,2.2,0.9361,1,2.205,0.9382,67,1
SPY190722C298,2019-07-19,2019-07-19 09:31:47,2.21,0.9404,1,2.19,0.9319,10,2.22,0.9446,1,2.2,0.9361,66,0
SPY190722C298,2019-07-19,2019-07-19 09:31:48,2.21,0.9404,1,2.19,0.9319,10,2.2,0.9361,1,2.2,0.9361,67,0
SPY190722C298,2019-07-19,2019-07-19 09:31:49,2.21,0.9404,1,2.19,0.9319,20,2.2,0.9361,1,2.2,0.9361,67,0
SPY190722C298,2019-07-19,2019-07-19 09:31:50,2.21,0.9404,1,2.19,0.9319,10,2.2,0.9361,1,2.2,0.9361,67,0
SPY190722C298,2019-07-19,2019-07-19 09:31:51,2.21,0.9404,1,2.19,0.9319,10,2.2,0.9361,1,2.2,0.9361,67,0
SPY190722C298,2019-07-19,2019-07-19 09:31:52,2.21,0.9404,1,2.19,0.9319,10,2.2,0.9361,1,2.2,0.9361,67,0
SPY190722C298,2019-07-19,2019-07-19 09:31:53,2.21,0.9404,1,2.19,0.9319,3,2.2,0.9361,1,2.2,0.9361,67,0
SPY190722C298,2019-07-19,2019-07-19 09:31:53,2.21,0.9404,1,2.19,0.9319,20,2.2,0.9361,1,2.2,0.9361,67,0
SPY190722C298,2019-07-19,2019-07-19 09:31:54,2.21,0.9404,1,2.2,0.9361,6,2.2,0.9361,1,2.205,0.9382,68,1
SPY190722C298,2019-07-19,2019-07-19 09:31:54,2.21,0.9404,1,2.19,0.9319,7,2.2,0.9361,1,2.2,0.9361,67,0
SPY190722C298,2019-07-19,2019-07-19 09:31:55,2.21,0.9404,1,2.16,0.9191,100,2.2,0.9361,1,2.185,0.9297,68,0
SPY190722C298,2019-07-19,2019-07-19 09:31:56,2.21,0.9404,168,2.17,0.9234,1,2.2,0.9361,1,2.19,0.9319,68,0
SPY190722C298,2019-07-19,2019-07-19 09:31:56,2.21,0.9404,169,2.18,0.9276,1,2.2,0.9361,1,2.195,0.934,68,0
SPY190722C298,2019-07-19,2019-07-19 09:31:57,2.21,0.9404,1,2.18,0.9276,10,2.2,0.9361,1,2.195,0.934,68,0
SPY190722C298,2019-07-19,2019-07-19 09:31:57,2.21,0.9404,1,2.19,0.9319,10,2.2,0.9361,1,2.2,0.9361,68,0
SPY190722C298,2019-07-19,2019-07-19 09:31:58,2.21,0.9404,1,2.19,0.9319,10,2.2,0.9361,1,2.2,0.9361,68,0
SPY190722C298,2019-07-19,2019-07-19 09:31:58,2.21,0.9404,1,2.19,0.9319,20,2.2,0.9361,1,2.2,0.9361,68,0
SPY190722C298,2019-07-19,2019-07-19 09:31:59,2.21,0.9404,1,2.19,0.9319,17,2.2,0.9361,1,2.2,0.9361,68,0
SPY190722C298,2019-07-19,2019-07-19 09:32:00,2.21,0.9404,1,2.19,0.9319,10,2.2,0.9361,1,2.2,0.9361,68,0
SPY190722C298,2019-07-19,2019-07-19 09:32:01,2.21,0.9404,169,2.16,0.9191,111,2.2,0.9361,1,2.185,0.9297,68,0
SPY190722C298,2019-07-19,2019-07-19 09:32:02,2.21,0.9404,169,2.17,0.9234,10,2.2,0.9361,1,2.19,0.9319,68,0
SPY190722C298,2019-07-19,2019-07-19 09:32:02,2.21,0.9404,107,2.16,0.9191,111,2.2,0.9361,1,2.185,0.9297,68,0
SPY190722C298,2019-07-19,2019-07-19 09:32:03,2.21,0.9404,197,2.17,0.9234,10,2.2,0.9361,1,2.19,0.9319,68,0
SPY190722C298,2019-07-19,2019-07-19 09:32:03,2.21,0.9404,169,2.17,0.9234,10,2.2,0.9361,1,2.19,0.9319,68,0
SPY190722C298,2019-07-19,2019-07-19 09:32:04,2.2,0.9361,92,2.17,0.9234,7,2.2,0.9361,1,2.185,0.9297,68,0
SPY190722C298,2019-07-19,2019-07-19 09:32:04,2.2,0.9361,98,2.17,0.9234,10,2.2,0.9361,1,2.185,0.9297,68,0
SPY190722C298,2019-07-19,2019-07-19 09:32:05,2.18,0.9276,1,2.16,0.9191,11,2.2,0.9361,1,2.17,0.9234,68,0
SPY190722C298,2019-07-19,2019-07-19 09:32:05,2.19,0.9319,7,2.17,0.9234,6,2.2,0.9361,1,2.18,0.9276,68,0
SPY190722C298,2019-07-19,2019-07-19 09:32:06,2.18,0.9276,8,2.15,0.9148,9,2.2,0.9361,1,2.165,0.9212,68,0
SPY190722C298,2019-07-19,2019-07-19 09:32:07,2.18,0.9276,63,2.15,0.9148,20,2.15,0.9148,45,2.165,0.9212,113,45
SPY190722C298,2019-07-19,2019-07-19 09:32:07,2.18,0.9276,8,2.15,0.9148,9,2.2,0.9361,1,2.165,0.9212,68,0
SPY190722C298,2019-07-19,2019-07-19 09:32:08,2.18,0.9276,63,2.15,0.9148,20,2.15,0.9148,45,2.165,0.9212,113,0
SPY190722C298,2019-07-19,2019-07-19 09:32:09,2.16,0.9191,162,2.12,0.9021,107,2.15,0.9148,45,2.14,0.9106,113,0
SPY190722C298,2019-07-19,2019-07-19 09:32:10,2.16,0.9191,6,2.12,0.9021,100,2.15,0.9148,45,2.14,0.9106,113,0
SPY190722C298,2019-07-19,2019-07-19 09:32:10,2.16,0.9191,100,2.12,0.9021,107,2.15,0.9148,45,2.14,0.9106,113,0
SPY190722C298,2019-07-19,2019-07-19 09:32:11,2.14,0.9106,7,2.12,0.9021,7,2.15,0.9148,45,2.13,0.9063,113,0
SPY190722C298,2019-07-19,2019-07-19 09:32:11,2.16,0.9191,167,2.12,0.9021,100,2.15,0.9148,45,2.14,0.9106,113,0
SPY190722C298,2019-07-19,2019-07-19 09:32:12,2.13,0.9063,1,2.11,0.8978,7,2.15,0.9148,45,2.12,0.9021,113,0
SPY190722C298,2019-07-19,2019-07-19 09:32:12,2.14,0.9106,7,2.11,0.8978,7,2.15,0.9148,45,2.125,0.9042,113,0
SPY190722C298,2019-07-19,2019-07-19 09:32:13,2.14,0.9106,41,2.11,0.8978,17,2.15,0.9148,45,2.125,0.9042,113,0
SPY190722C298,2019-07-19,2019-07-19 09:32:14,2.12,0.9021,1,2.11,0.8978,10,2.15,0.9148,45,2.115,0.9,113,0
SPY190722C298,2019-07-19,2019-07-19 09:32:14,2.13,0.9063,7,2.11,0.8978,7,2.11,0.8978,1,2.12,0.9021,114,1
SPY190722C298,2019-07-19,2019-07-19 09:32:15,2.12,0.9021,1,2.11,0.8978,17,2.11,0.8978,1,2.115,0.9,114,0
SPY190722C298,2019-07-19,2019-07-19 09:32:16,2.12,0.9021,1,2.11,0.8978,17,2.11,0.8978,1,2.115,0.9,114,0
SPY190722C298,2019-07-19,2019-07-19 09:32:16,2.12,0.9021,1,2.11,0.8978,10,2.11,0.8978,1,2.115,0.9,114,0
SPY190722C298,2019-07-19,2019-07-19 09:32:17,2.13,0.9063,7,2.11,0.8978,1,2.11,0.8978,1,2.12,0.9021,114,0
SPY190722C298,2019-07-19,2019-07-19 09:32:17,2.14,0.9106,63,2.11,0.8978,1,2.11,0.8978,1,2.125,0.9042,114,0
SPY190722C298,2019-07-19,2019-07-19 09:32:18,2.13,0.9063,162,2.11,0.8978,1,2.11,0.8978,1,2.12,0.9021,114,0
SPY190722C298,2019-07-19,2019-07-19 09:32:18,2.13,0.9063,62,2.11,0.8978,7,2.11,0.8978,1,2.12,0.9021,114,0
SPY190722C298,2019-07-19,2019-07-19 09:32:19,2.13,0.9063,62,2.11,0.8978,1,2.11,0.8978,1,2.12,0.9021,114,0
SPY190722C298,2019-07-19,2019-07-19 09:32:20,2.13,0.9063,62,2.11,0.8978,7,2.11,0.8978,1,2.12,0.9021,114,0
SPY190722C298,2019-07-19,2019-07-19 09:32:20,2.13,0.9063,62,2.11,0.8978,1,2.11,0.8978,1,2.12,0.9021,114,0
SPY190722C298,2019-07-19,2019-07-19 09:32:21,2.12,0.9021,152,2.08,0.8851,101,2.11,0.8978,1,2.1,0.8936,114,0
SPY190722C298,2019-07-19,2019-07-19 09:32:21,2.13,0.9063,47,2.1,0.8936,6,2.11,0.8978,1,2.115,0.9,114,0
SPY190722C298,2019-07-19,2019-07-19 09:32:22,2.11,0.8978,12,2.08,0.8851,111,2.11,0.8978,1,2.095,0.8914,114,0
SPY190722C298,2019-07-19,2019-07-19 09:32:23,2.11,0.8978,63,2.09,0.8893,10,2.11,0.8978,1,2.1,0.8936,114,0
SPY190722C298,2019-07-19,2019-07-19 09:32:23,2.1,0.8936,1,2.08,0.8851,111,2.11,0.8978,1,2.09,0.8893,114,0
SPY190722C298,2019-07-19,2019-07-19 09:32:24,2.12,0.9021,100,2.09,0.8893,10,2.11,0.8978,1,2.105,0.8957,114,0
SPY190722C298,2019-07-19,2019-07-19 09:32:24,2.11,0.8978,6,2.09,0.8893,10,2.11,0.8978,1,2.1,0.8936,114,0
SPY190722C298,2019-07-19,2019-07-19 09:32:25,2.1,0.8936,1,2.09,0.8893,10,2.11,0.8978,1,2.095,0.8914,114,0
SPY190722C298,2019-07-19,2019-07-19 09:32:25,2.11,0.8978,63,2.09,0.8893,10,2.11,0.8978,1,2.1,0.8936,114,0
SPY190722C298,2019-07-19,2019-07-19 09:32:26,2.12,0.9021,100,2.09,0.8893,10,2.11,0.8978,1,2.105,0.8957,114,0
SPY190722C298,2019-07-19,2019-07-19 09:32:27,2.12,0.9021,110,2.09,0.8893,7,2.11,0.8978,1,2.105,0.8957,114,0
SPY190722C298,2019-07-19,2019-07-19 09:32:27,2.13,0.9063,1,2.1,0.8936,7,2.11,0.8978,1,2.115,0.9,114,0
SPY190722C298,2019-07-19,2019-07-19 09:32:28,2.13,0.9063,1,2.1,0.8936,7,2.11,0.8978,1,2.115,0.9,114,0
SPY190722C298,2019-07-19,2019-07-19 09:32:28,2.12,0.9021,12,2.09,0.8893,17,2.11,0.8978,1,2.105,0.8957,114,0
SPY190722C298,2019-07-19,2019-07-19 09:32:29,2.12,0.9021,7,2.09,0.8893,10,2.11,0.8978,10,2.105,0.8957,124,10
SPY190722C298,2019-07-19,2019-07-19 09:32:29,2.12,0.9021,8,2.09,0.8893,9,2.11,0.8978,1,2.105,0.8957,114,0
SPY190722C298,2019-07-19,2019-07-19 09:32:30,2.12,0.9021,7,2.09,0.8893,10,2.11,0.8978,10,2.105,0.8957,124,0
SPY190722C298,2019-07-19,2019-07-19 09:32:31,2.11,0.8978,7,2.09,0.8893,15,2.11,0.8978,10,2.1,0.8936,124,0
SPY190722C298,2019-07-19,2019-07-19 09:32:31,2.1,0.8936,1,2.1,0.8936,1,2.11,0.8978,10,2.1,0.8936,124,0
SPY190722C298,2019-07-19,2019-07-19 09:32:32,2.11,0.8978,7,2.1,0.8936,1,2.11,0.8978,10,2.105,0.8957,124,0
SPY190722C298,2019-07-19,2019-07-19 09:32:33,2.12,0.9021,162,2.1,0.8936,1,2.11,0.8978,10,2.11,0.8978,124,0
SPY190722C298,2019-07-19,2019-07-19 09:32:33,2.12,0.9021,167,2.1,0.8936,1,2.11,0.8978,10,2.11,0.8978,124,0
SPY190722C298,2019-07-19,2019-07-19 09:32:34,2.13,0.9063,62,2.1,0.8936,2,2.11,0.8978,10,2.115,0.9,124,0
SPY190722C298,2019-07-19,2019-07-19 09:32:35,2.12,0.9021,7,2.1,0.8936,8,2.11,0.8978,10,2.11,0.8978,124,0
SPY190722C298,2019-07-19,2019-07-19 09:32:35,2.13,0.9063,31,2.1,0.8936,20,2.11,0.8978,1,2.115,0.9,126,2
SPY190722C298,2019-07-19,2019-07-19 09:32:36,2.13,0.9063,31,2.1,0.8936,20,2.11,0.8978,1,2.115,0.9,126,0
SPY190722C298,2019-07-19,2019-07-19 09:32:36,2.13,0.9063,1,2.11,0.8978,1,2.11,0.8978,1,2.12,0.9021,126,0
SPY190722C298,2019-07-19,2019-07-19 09:32:37,2.12,0.9021,7,2.11,0.8978,1,2.11,0.8978,1,2.115,0.9,126,0
SPY190722C298,2019-07-19,2019-07-19 09:32:37,2.13,0.9063,1,2.11,0.8978,1,2.11,0.8978,1,2.12,0.9021,126,0
SPY190722C298,2019-07-19,2019-07-19 09:32:38,2.13,0.9063,33,2.11,0.8978,10,2.11,0.8978,1,2.12,0.9021,126,0
SPY190722C298,2019-07-19,2019-07-19 09:32:39,2.13,0.9063,7,2.11,0.8978,1,2.11,0.8978,1,2.12,0.9021,126,0
SPY190722C298,2019-07-19,2019-07-19 09:32:39,2.13,0.9063,7,2.11,0.8978,10,2.11,0.8978,1,2.12,0.9021,126,0
SPY190722C298,2019-07-19,2019-07-19 09:32:40,2.13,0.9063,7,2.11,0.8978,10,2.11,0.8978,1,2.12,0.9021,126,0
SPY190722C298,2019-07-19,2019-07-19 09:32:40,2.13,0.9063,7,2.11,0.8978,1,2.11,0.8978,1,2.12,0.9021,126,0
SPY190722C298,2019-07-19,2019-07-19 09:32:41,2.13,0.9063,7,2.11,0.8978,1,2.11,0.8978,1,2.12,0.9021,126,0
SPY190722C298,2019-07-19,2019-07-19 09:32:42,2.14,0.9106,7,2.12,0.9021,101,2.13,0.9063,1,2.13,0.9063,127,1
SPY190722C298,2019-07-19,2019-07-19 09:32:43,2.14,0.9106,10,2.1,0.8936,10,2.13,0.9063,1,2.12,0.9021,127,0
SPY190722C298,2019-07-19,2019-07-19 09:32:43,2.13,0.9063,7,2.11,0.8978,1,2.13,0.9063,1,2.12,0.9021,127,0
SPY190722C298,2019-07-19,2019-07-19 09:32:44,2.13,0.9063,6,2.1,0.8936,100,2.11,0.8978,10,2.115,0.9,137,10
SPY190722C298,2019-07-19,2019-07-19 09:32:44,2.13,0.9063,5,2.1,0.8936,1,2.11,0.8978,10,2.115,0.9,137,0
SPY190722C298,2019-07-19,2019-07-19 09:32:45,2.11,0.8978,7,2.1,0.8936,1,2.11,0.8978,10,2.105,0.8957,137,0
SPY190722C298,2019-07-19,2019-07-19 09:32:45,2.12,0.9021,6,2.1,0.8936,1,2.11,0.8978,10,2.11,0.8978,137,0
SPY190722C298,2019-07-19,2019-07-19 09:32:46,2.1,0.8936,7,2.08,0.8851,101,2.11,0.8978,10,2.09,0.8893,137,0
SPY190722C298,2019-07-19,2019-07-19 09:32:47,2.12,0.9021,100,2.09,0.8893,1,2.11,0.8978,10,2.105,0.8957,137,0
SPY190722C298,2019-07-19,2019-07-19 09:32:47,2.12,0.9021,100,2.09,0.8893,10,2.11,0.8978,10,2.105,0.8957,137,0
SPY190722C298,2019-07-19,2019-07-19 09:32:48,2.12,0.9021,7,2.1,0.8936,20,2.11,0.8978,10,2.11,0.8978,137,0
SPY190722C298,2019-07-19,2019-07-19 09:32:49,2.12,0.9021,63,2.08,0.8851,101,2.11,0.8978,10,2.1,0.8936,137,0
SPY190722C298,2019-07-19,2019-07-19 09:32:49,2.11,0.8978,7,2.09,0.8893,1,2.11,0.8978,10,2.1,0.8936,137,0
SPY190722C298,2019-07-19,2019-07-19 09:32:50,2.12,0.9021,6,2.1,0.8936,20,2.11,0.8978,10,2.11,0.8978,137,0
SPY190722C298,2019-07-19,2019-07-19 09:32:50,2.12,0.9021,7,2.1,0.8936,20,2.11,0.8978,10,2.11,0.8978,137,0
SPY190722C298,2019-07-19,2019-07-19 09:32:51,2.13,0.9063,100,2.1,0.8936,10,2.11,0.8978,10,2.115,0.9,137,0
SPY190722C298,2019-07-19,2019-07-19 09:32:52,2.12,0.9021,10,2.09,0.8893,1,2.11,0.8978,10,2.105,0.8957,137,0
SPY190722C298,2019-07-19,2019-07-19 09:32:52,2.13,0.9063,44,2.1,0.8936,1,2.11,0.8978,10,2.115,0.9,137,0
SPY190722C298,2019-07-19,2019-07-19 09:32:53,2.12,0.9021,5,2.09,0.8893,1,2.11,0.8978,10,2.105,0.8957,137,0
SPY190722C298,2019-07-19,2019-07-19 09:32:53,2.13,0.9063,1,2.1,0.8936,101,2.11,0.8978,10,2.115,0.9,137,0
SPY190722C298,2019-07-19,2019-07-19 09:32:54,2.13,0.9063,1,2.1,0.8936,101,2.11,0.8978,10,2.115,0.9,137,0
SPY190722C298,2019-07-19,2019-07-19 09:32:54,2.13,0.9063,1,2.1,0.8936,111,2.11,0.8978,10,2.115,0.9,137,0
SPY190722C298,2019-07-19,2019-07-19 09:32:55,2.13,0.9063,1,2.1,0.8936,111,2.11,0.8978,10,2.115,0.9,137,0
SPY190722C298,2019-07-19,2019-07-19 09:32:56,2.13,0.9063,167,2.08,0.8851,101,2.11,0.8978,10,2.105,0.8957,137,0
SPY190722C298,2019-07-19,2019-07-19 09:32:56,2.13,0.9063,162,2.1,0.8936,1,2.11,0.8978,10,2.115,0.9,137,0
SPY190722C298,2019-07-19,2019-07-19 09:32:57,2.12,0.9021,110,2.09,0.8893,1,2.11,0.8978,10,2.105,0.8957,137,0
SPY190722C298,2019-07-19,2019-07-19 09:32:57,2.12,0.9021,100,2.09,0.8893,10,2.11,0.8978,10,2.105,0.8957,137,0
SPY190722C298,2019-07-19,2019-07-19 09:32:58,2.11,0.8978,1,2.08,0.8851,9,2.11,0.8978,10,2.095,0.8914,137,0
SPY190722C298,2019-07-19,2019-07-19 09:32:58,2.11,0.8978,69,2.08,0.8851,10,2.11,0.8978,10,2.095,0.8914,137,0
SPY190722C298,2019-07-19,2019-07-19 09:32:59,2.11,0.8978,69,2.08,0.8851,10,2.11,0.8978,10,2.095,0.8914,137,0
SPY190722C298,2019-07-19,2019-07-19 09:33:00,2.11,0.8978,8,2.08,0.8851,10,2.11,0.8978,10,2.095,0.8914,137,0
SPY190722C298,2019-07-19,2019-07-19 09:33:00,2.11,0.8978,7,2.1,0.8936,1,2.11,0.8978,10,2.105,0.8957,137,0
SPY190722C298,2019-07-19,2019-07-19 09:33:01,2.11,0.8978,7,2.1,0.8936,1,2.11,0.8978,10,2.105,0.8957,137,0
SPY190722C298,2019-07-19,2019-07-19 09:33:01,2.12,0.9021,7,2.1,0.8936,7,2.11,0.8978,10,2.11,0.8978,137,0
SPY190722C298,2019-07-19,2019-07-19 09:33:02,2.12,0.9021,7,2.1,0.8936,11,2.11,0.8978,10,2.11,0.8978,137,0
SPY190722C298,2019-07-19,2019-07-19 09:33:02,2.12,0.9021,7,2.1,0.8936,7,2.11,0.8978,10,2.11,0.8978,137,0
SPY190722C298,2019-07-19,2019-07-19 09:33:03,2.12,0.9021,8,2.1,0.8936,11,2.11,0.8978,10,2.11,0.8978,137,0
SPY190722C298,2019-07-19,2019-07-19 09:33:04,2.12,0.9021,2,2.1,0.8936,101,2.11,0.8978,10,2.11,0.8978,137,0
SPY190722C298,2019-07-19,2019-07-19 09:33:04,2.12,0.9021,1,2.1,0.8936,101,2.11,0.8978,10,2.11,0.8978,137,0
SPY190722C298,2019-07-19,2019-07-19 09:33:05,2.13,0.9063,1,2.12,0.9021,10,2.12,0.9021,1,2.125,0.9042,138,1
SPY190722C298,2019-07-19,2019-07-19 09:33:05,2.12,0.9021,2,2.1,0.8936,101,2.12,0.9021,1,2.11,0.8978,137,0
SPY190722C298,2019-07-19,2019-07-19 09:33:06,2.16,0.9191,237,2.13,0.9063,1,2.13,0.9063,1,2.145,0.9127,139,0
SPY190722C298,2019-07-19,2019-07-19 09:33:06,2.15,0.9148,7,2.12,0.9021,18,2.13,0.9063,1,2.135,0.9085,139,1
SPY190722C298,2019-07-19,2019-07-19 09:33:07,2.15,0.9148,7,2.13,0.9063,3,2.13,0.9063,1,2.14,0.9106,139,0
SPY190722C298,2019-07-19,2019-07-19 09:33:08,2.13,0.9063,7,2.11,0.8978,8,2.13,0.9063,1,2.12,0.9021,139,0
SPY190722C298,2019-07-19,2019-07-19 09:33:08,2.14,0.9106,1,2.13,0.9063,9,2.13,0.9063,1,2.135,0.9085,139,0
SPY190722C298,2019-07-19,2019-07-19 09:33:09,2.13,0.9063,6,2.11,0.8978,100,2.13,0.9063,1,2.12,0.9021,139,0
SPY190722C298,2019-07-19,2019-07-19 09:33:09,2.15,0.9148,6,2.12,0.9021,10,2.13,0.9063,1,2.135,0.9085,139,0
SPY190722C298,2019-07-19,2019-07-19 09:33:10,2.16,0.9191,167,2.12,0.9021,17,2.13,0.9063,1,2.14,0.9106,139,0
SPY190722C298,2019-07-19,2019-07-19 09:33:10,2.15,0.9148,7,2.12,0.9021,20,2.13,0.9063,1,2.135,0.9085,139,0
SPY190722C298,2019-07-19,2019-07-19 09:33:11,2.16,0.9191,110,2.13,0.9063,1,2.13,0.9063,1,2.145,0.9127,139,0
SPY190722C298,2019-07-19,2019-07-19 09:33:11,2.16,0.9191,167,2.12,0.9021,17,2.13,0.9063,1,2.14,0.9106,139,0
SPY190722C298,2019-07-19,2019-07-19 09:33:12,2.16,0.9191,110,2.12,0.9021,20,2.13,0.9063,1,2.14,0.9106,139,0
SPY190722C298,2019-07-19,2019-07-19 09:33:13,2.15,0.9148,13,2.12,0.9021,16,2.13,0.9063,1,2.135,0.9085,139,0
SPY190722C298,2019-07-19,2019-07-19 09:33:13,2.15,0.9148,7,2.12,0.9021,20,2.13,0.9063,1,2.135,0.9085,139,0
SPY190722C298,2019-07-19,2019-07-19 09:33:14,2.14,0.9106,6,2.1,0.8936,10,2.13,0.9063,1,2.12,0.9021,139,0
SPY190722C298,2019-07-19,2019-07-19 09:33:14,2.14,0.9106,110,2.1,0.8936,20,2.13,0.9063,1,2.12,0.9021,139,0
SPY190722C298,2019-07-19,2019-07-19 09:33:15,2.14,0.9106,5,2.11,0.8978,1,2.13,0.9063,1,2.125,0.9042,139,0
SPY190722C298,2019-07-19,2019-07-19 09:33:15,2.16,0.9191,168,2.12,0.9021,7,2.13,0.9063,1,2.14,0.9106,139,0
SPY190722C298,2019-07-19,2019-07-19 09:33:16,2.13,0.9063,1,2.11,0.8978,2,2.13,0.9063,1,2.12,0.9021,139,0
SPY190722C298,2019-07-19,2019-07-19 09:33:16,2.13,0.9063,7,2.11,0.8978,8,2.13,0.9063,1,2.12,0.9021,139,0
SPY190722C298,2019-07-19,2019-07-19 09:33:18,2.15,0.9148,86,2.13,0.9063,6,2.12,0.9021,1,2.14,0.9106,141,2
SPY190722C298,2019-07-19,2019-07-19 09:33:18,2.14,0.9106,9,2.1,0.8936,100,2.12,0.9021,1,2.12,0.9021,141,0
SPY190722C298,2019-07-19,2019-07-19 09:33:19,2.13,0.9063,7,2.1,0.8936,101,2.12,0.9021,1,2.115,0.9,141,0
SPY190722C298,2019-07-19,2019-07-19 09:33:20,2.12,0.9021,1,2.11,0.8978,12,2.12,0.9021,1,2.115,0.9,141,0
SPY190722C298,2019-07-19,2019-07-19 09:33:20,2.14,0.9106,125,2.11,0.8978,7,2.12,0.9021,1,2.125,0.9042,141,0
SPY190722C298,2019-07-19,2019-07-19 09:33:21,2.12,0.9021,1,2.11,0.8978,7,2.12,0.9021,1,2.115,0.9,141,0
SPY190722C298,2019-07-19,2019-07-19 09:33:21,2.14,0.9106,126,2.1,0.8936,101,2.12,0.9021,1,2.12,0.9021,141,0
SPY190722C298,2019-07-19,2019-07-19 09:33:22,2.15,0.9148,167,2.11,0.8978,105,2.12,0.9021,1,2.13,0.9063,141,0
SPY190722C298,2019-07-19,2019-07-19 09:33:22,2.14,0.9106,6,2.12,0.9021,1,2.12,0.9021,20,2.13,0.9063,161,20
SPY190722C298,2019-07-19,2019-07-19 09:33:23,2.14,0.9106,91,2.11,0.8978,100,2.12,0.9021,20,2.125,0.9042,161,0
SPY190722C298,2019-07-19,2019-07-19 09:33:23,2.14,0.9106,42,2.11,0.8978,100,2.12,0.9021,20,2.125,0.9042,161,0
SPY190722C298,2019-07-19,2019-07-19 09:33:24,2.13,0.9063,1,2.12,0.9021,7,2.12,0.9021,20,2.125,0.9042,161,0
SPY190722C298,2019-07-19,2019-07-19 09:33:25,2.15,0.9148,67,2.12,0.9021,20,2.12,0.9021,20,2.135,0.9085,161,0
SPY190722C298,2019-07-19,2019-07-19 09:33:25,2.13,0.9063,1,2.11,0.8978,111,2.12,0.9021,20,2.12,0.9021,161,0
SPY190722C298,2019-07-19,2019-07-19 09:33:26,2.15,0.9148,162,2.12,0.9021,11,2.12,0.9021,20,2.135,0.9085,161,0
SPY190722C298,2019-07-19,2019-07-19 09:33:26,2.15,0.9148,67,2.12,0.9021,20,2.12,0.9021,20,2.135,0.9085,161,0
SPY190722C298,2019-07-19,2019-07-19 09:33:27,2.14,0.9106,7,2.12,0.9021,10,2.12,0.9021,20,2.13,0.9063,161,0
SPY190722C298,2019-07-19,2019-07-19 09:33:27,2.15,0.9148,62,2.12,0.9021,12,2.12,0.9021,20,2.135,0.9085,161,0
SPY190722C298,2019-07-19,2019-07-19 09:33:28,2.16,0.9191,168,2.12,0.9021,20,2.12,0.9021,20,2.14,0.9106,161,0
SPY190722C298,2019-07-19,2019-07-19 09:33:29,2.14,0.9106,7,2.09,0.8893,101,2.12,0.9021,20,2.115,0.9,161,0
SPY190722C298,2019-07-19,2019-07-19 09:33:29,2.12,0.9021,1,2.1,0.8936,8,2.12,0.9021,20,2.11,0.8978,161,0
SPY190722C298,2019-07-19,2019-07-19 09:33:30,2.15,0.9148,62,2.12,0.9021,7,2.12,0.9021,20,2.135,0.9085,161,0
SPY190722C298,2019-07-19,2019-07-19 09:33:30,2.14,0.9106,167,2.1,0.8936,8,2.12,0.9021,20,2.12,0.9021,161,0
SPY190722C298,2019-07-19,2019-07-19 09:33:31,2.14,0.9106,68,2.11,0.8978,8,2.12,0.9021,20,2.125,0.9042,161,0
SPY190722C298,2019-07-19,2019-07-19 09:33:31,2.15,0.9148,66,2.12,0.9021,10,2.12,0.9021,20,2.135,0.9085,161,0
SPY190722C298,2019-07-19,2019-07-19 09:33:32,2.14,0.9106,7,2.12,0.9021,7,2.12,0.9021,20,2.13,0.9063,161,0
SPY190722C298,2019-07-19,2019-07-19 09:33:33,2.14,0.9106,1,2.13,0.9063,8,2.12,0.9021,20,2.135,0.9085,161,0
SPY190722C298,2019-07-19,2019-07-19 09:33:33,2.14,0.9106,7,2.12,0.9021,7,2.12,0.9021,20,2.13,0.9063,161,0
SPY190722C298,2019-07-19,2019-07-19 09:33:34,2.14,0.9106,1,2.13,0.9063,12,2.12,0.9021,20,2.135,0.9085,161,0
SPY190722C298,2019-07-19,2019-07-19 09:33:34,2.15,0.9148,126,2.13,0.9063,1,2.13,0.9063,1,2.14,0.9106,163,2
SPY190722C298,2019-07-19,2019-07-19 09:33:35,2.15,0.9148,1,2.12,0.9021,20,2.13,0.9063,1,2.135,0.9085,163,0
SPY190722C298,2019-07-19,2019-07-19 09:33:35,2.15,0.9148,11,2.12,0.9021,14,2.13,0.9063,1,2.135,0.9085,163,0
SPY190722C298,2019-07-19,2019-07-19 09:33:36,2.13,0.9063,1,2.12,0.9021,1,2.13,0.9063,1,2.125,0.9042,163,0
SPY190722C298,2019-07-19,2019-07-19 09:33:37,2.14,0.9106,162,2.11,0.8978,11,2.13,0.9063,1,2.125,0.9042,163,0
SPY190722C298,2019-07-19,2019-07-19 09:33:37,2.13,0.9063,10,2.11,0.8978,11,2.13,0.9063,1,2.12,0.9021,163,0
SPY190722C298,2019-07-19,2019-07-19 09:33:38,2.14,0.9106,7,2.12,0.9021,17,2.13,0.9063,1,2.13,0.9063,163,0
SPY190722C298,2019-07-19,2019-07-19 09:33:38,2.14,0.9106,168,2.11,0.8978,2,2.13,0.9063,1,2.125,0.9042,163,0
SPY190722C298,2019-07-19,2019-07-19 09:33:39,2.14,0.9106,167,2.1,0.8936,7,2.13,0.9063,1,2.12,0.9021,163,0
SPY190722C298,2019-07-19,2019-07-19 09:33:39,2.14,0.9106,1,2.1,0.8936,1,2.13,0.9063,1,2.12,0.9021,163,0
SPY190722C298,2019-07-19,2019-07-19 09:33:40,2.14,0.9106,167,2.11,0.8978,7,2.13,0.9063,1,2.125,0.9042,163,0
SPY190722C298,2019-07-19,2019-07-19 09:33:41,2.14,0.9106,229,2.1,0.8936,11,2.13,0.9063,1,2.12,0.9021,163,0
SPY190722C298,2019-07-19,2019-07-19 09:33:41,2.14,0.9106,167,2.1,0.8936,11,2.13,0.9063,1,2.12,0.9021,163,0
SPY190722C298,2019-07-19,2019-07-19 09:33:42,2.13,0.9063,5,2.1,0.8936,11,2.13,0.9063,1,2.115,0.9,163,0
SPY190722C298,2019-07-19,2019-07-19 09:33:42,2.13,0.9063,106,2.1,0.8936,14,2.13,0.9063,1,2.115,0.9,163,0
SPY190722C298,2019-07-19,2019-07-19 09:33:43,2.13,0.9063,106,2.1,0.8936,14,2.13,0.9063,1,2.115,0.9,163,0
SPY190722C298,2019-07-19,2019-07-19 09:33:43,2.12,0.9021,7,2.1,0.8936,15,2.13,0.9063,1,2.11,0.8978,163,0
SPY190722C298,2019-07-19,2019-07-19 09:33:44,2.12,0.9021,7,2.1,0.8936,15,2.13,0.9063,1,2.11,0.8978,163,0
SPY190722C298,2019-07-19,2019-07-19 09:33:45,2.11,0.8978,5,2.08,0.8851,10,2.13,0.9063,1,2.095,0.8914,163,0
SPY190722C298,2019-07-19,2019-07-19 09:33:46,2.1,0.8936,6,2.07,0.8808,6,2.13,0.9063,1,2.085,0.8872,163,0
SPY190722C298,2019-07-19,2019-07-19 09:33:46,2.11,0.8978,110,2.08,0.8851,10,2.13,0.9063,1,2.095,0.8914,163,0
SPY190722C298,2019-07-19,2019-07-19 09:33:47,2.1,0.8936,10,2.07,0.8808,1,2.13,0.9063,1,2.085,0.8872,163,0
SPY190722C298,2019-07-19,2019-07-19 09:33:48,2.1,0.8936,147,2.07,0.8808,10,2.13,0.9063,1,2.085,0.8872,163,0
SPY190722C298,2019-07-19,2019-07-19 09:33:49,2.1,0.8936,147,2.07,0.8808,1,2.13,0.9063,1,2.085,0.8872,163,0
SPY190722C298,2019-07-19,2019-07-19 09:33:49,2.09,0.8893,7,2.06,0.8765,9,2.13,0.9063,1,2.075,0.8829,163,0
SPY190722C298,2019-07-19,2019-07-19 09:33:50,2.1,0.8936,164,2.06,0.8765,10,2.13,0.9063,1,2.08,0.8851,163,0
SPY190722C298,2019-07-19,2019-07-19 09:33:50,2.09,0.8893,6,2.06,0.8765,1,2.13,0.9063,1,2.075,0.8829,163,0
SPY190722C298,2019-07-19,2019-07-19 09:33:51,2.09,0.8893,8,2.06,0.8765,10,2.13,0.9063,1,2.075,0.8829,163,0
SPY190722C298,2019-07-19,2019-07-19 09:33:52,2.09,0.8893,6,2.06,0.8765,13,2.13,0.9063,1,2.075,0.8829,163,0
SPY190722C298,2019-07-19,2019-07-19 09:33:52,2.09,0.8893,8,2.06,0.8765,11,2.13,0.9063,1,2.075,0.8829,163,0
SPY190722C298,2019-07-19,2019-07-19 09:33:53,2.1,0.8936,7,2.08,0.8851,10,2.13,0.9063,1,2.09,0.8893,163,0
SPY190722C298,2019-07-19,2019-07-19 09:33:53,2.12,0.9021,101,2.08,0.8851,10,2.13,0.9063,1,2.1,0.8936,163,0
SPY190722C298,2019-07-19,2019-07-19 09:33:54,2.13,0.9063,89,2.1,0.8936,7,2.09,0.8893,1,2.115,0.9,164,0
SPY190722C298,2019-07-19,2019-07-19 09:33:54,2.11,0.8978,82,2.08,0.8851,10,2.09,0.8893,1,2.095,0.8914,164,1
SPY190722C298,2019-07-19,2019-07-19 09:33:55,2.14,0.9106,169,2.1,0.8936,20,2.09,0.8893,1,2.12,0.9021,164,0
SPY190722C298,2019-07-19,2019-07-19 09:33:56,2.13,0.9063,7,2.11,0.8978,10,2.09,0.8893,1,2.12,0.9021,164,0
SPY190722C298,2019-07-19,2019-07-19 09:33:57,2.14,0.9106,75,2.11,0.8978,20,2.09,0.8893,1,2.125,0.9042,164,0
SPY190722C298,2019-07-19,2019-07-19 09:33:57,2.12,0.9021,1,2.11,0.8978,1,2.09,0.8893,1,2.115,0.9,164,0
SPY190722C298,2019-07-19,2019-07-19 09:33:58,2.11,0.8978,167,2.06,0.8765,100,2.09,0.8893,1,2.085,0.8872,164,0
SPY190722C298,2019-07-19,2019-07-19 09:33:58,2.1,0.8936,168,2.07,0.8808,1,2.09,0.8893,1,2.085,0.8872,164,0
SPY190722C298,2019-07-19,2019-07-19 09:33:59,2.09,0.8893,7,2.07,0.8808,1,2.09,0.8893,1,2.08,0.8851,164,0
SPY190722C298,2019-07-19,2019-07-19 09:34:00,2.11,0.8978,58,2.07,0.8808,12,2.09,0.8893,1,2.09,0.8893,164,0
SPY190722C298,2019-07-19,2019-07-19 09:34:00,2.11,0.8978,58,2.08,0.8851,20,2.09,0.8893,1,2.095,0.8914,164,0
SPY190722C298,2019-07-19,2019-07-19 09:34:01,2.1,0.8936,7,2.08,0.8851,8,2.09,0.8893,1,2.09,0.8893,164,0
SPY190722C298,2019-07-19,2019-07-19 09:34:01,2.12,0.9021,60,2.08,0.8851,10,2.09,0.8893,1,2.1,0.8936,164,0
SPY190722C298,2019-07-19,2019-07-19 09:34:02,2.13,0.9063,68,2.1,0.8936,101,2.09,0.8893,1,2.115,0.9,164,0
SPY190722C298,2019-07-19,2019-07-19 09:34:03,2.14,0.9106,54,2.11,0.8978,2,2.09,0.8893,1,2.125,0.9042,164,0
SPY190722C298,2019-07-19,2019-07-19 09:34:03,2.14,0.9106,168,2.11,0.8978,1,2.09,0.8893,1,2.125,0.9042,164,0
SPY190722C298,2019-07-19,2019-07-19 09:34:04,2.13,0.9063,1,2.11,0.8978,2,2.09,0.8893,1,2.12,0.9021,164,0
SPY190722C298,2019-07-19,2019-07-19 09:34:04,2.14,0.9106,168,2.11,0.8978,1,2.09,0.8893,1,2.125,0.9042,164,0
SPY190722C298,2019-07-19,2019-07-19 09:34:05,2.14,0.9106,168,2.11,0.8978,1,2.09,0.8893,1,2.125,0.9042,164,0
SPY190722C298,2019-07-19,2019-07-19 09:34:05,2.14,0.9106,168,2.11,0.8978,2,2.09,0.8893,1,2.125,0.9042,164,0
SPY190722C298,2019-07-19,2019-07-19 09:34:06,2.13,0.9063,5,2.09,0.8893,100,2.09,0.8893,1,2.11,0.8978,164,0
SPY190722C298,2019-07-19,2019-07-19 09:34:06,2.13,0.9063,42,2.1,0.8936,2,2.09,0.8893,1,2.115,0.9,164,0
SPY190722C298,2019-07-19,2019-07-19 09:34:07,2.12,0.9021,7,2.1,0.8936,2,2.09,0.8893,1,2.11,0.8978,164,0
SPY190722C298,2019-07-19,2019-07-19 09:34:08,2.12,0.9021,7,2.11,0.8978,1,2.09,0.8893,1,2.115,0.9,164,0
SPY190722C298,2019-07-19,2019-07-19 09:34:09,2.12,0.9021,7,2.11,0.8978,1,2.09,0.8893,1,2.115,0.9,164,0
SPY190722C298,2019-07-19,2019-07-19 09:34:09,2.12,0.9021,1,2.1,0.8936,11,2.09,0.8893,1,2.11,0.8978,164,0
SPY190722C298,2019-07-19,2019-07-19 09:34:10,2.12,0.9021,1,2.1,0.8936,11,2.09,0.8893,1,2.11,0.8978,164,0
SPY190722C298,2019-07-19,2019-07-19 09:34:10,2.12,0.9021,7,2.11,0.8978,1,2.09,0.8893,1,2.115,0.9,164,0
SPY190722C298,2019-07-19,2019-07-19 09:34:11,2.11,0.8978,8,2.09,0.8893,10,2.09,0.8893,1,2.1,0.8936,164,0
SPY190722C298,2019-07-19,2019-07-19 09:34:11,2.11,0.8978,7,2.09,0.8893,10,2.09,0.8893,1,2.1,0.8936,164,0
SPY190722C298,2019-07-19,2019-07-19 09:34:12,2.11,0.8978,8,2.09,0.8893,10,2.09,0.8893,1,2.1,0.8936,164,0
SPY190722C298,2019-07-19,2019-07-19 09:34:13,2.13,0.9063,10,2.1,0.8936,1,2.11,0.8978,1,2.115,0.9,165,1
SPY190722C298,2019-07-19,2019-07-19 09:34:13,2.12,0.9021,7,2.1,0.8936,18,2.11,0.8978,1,2.11,0.8978,165,0
SPY190722C298,2019-07-19,2019-07-19 09:34:14,2.11,0.8978,100,2.09,0.8893,1,2.11,0.8978,1,2.1,0.8936,165,0
SPY190722C298,2019-07-19,2019-07-19 09:34:14,2.11,0.8978,168,2.07,0.8808,10,2.11,0.8978,1,2.09,0.8893,165,0
SPY190722C298,2019-07-19,2019-07-19 09:34:15,2.09,0.8893,7,2.06,0.8765,10,2.11,0.8978,1,2.075,0.8829,165,0
SPY190722C298,2019-07-19,2019-07-19 09:34:15,2.09,0.8893,54,2.06,0.8765,20,2.11,0.8978,1,2.075,0.8829,165,0
SPY190722C298,2019-07-19,2019-07-19 09:34:16,2.09,0.8893,62,2.07,0.8808,1,2.11,0.8978,1,2.08,0.8851,165,0
SPY190722C298,2019-07-19,2019-07-19 09:34:16,2.09,0.8893,7,2.07,0.8808,7,2.11,0.8978,1,2.08,0.8851,165,0
SPY190722C298,2019-07-19,2019-07-19 09:34:17,2.09,0.8893,7,2.06,0.8765,101,2.11,0.8978,1,2.075,0.8829,165,0
SPY190722C298,2019-07-19,2019-07-19 09:34:18,2.09,0.8893,7,2.06,0.8765,101,2.11,0.8978,1,2.075,0.8829,165,0
SPY190722C298,2019-07-19,2019-07-19 09:34:18,2.11,0.8978,63,2.07,0.8808,1,2.11,0.8978,1,2.09,0.8893,165,0
SPY190722C298,2019-07-19,2019-07-19 09:34:19,2.1,0.8936,63,2.07,0.8808,8,2.11,0.8978,1,2.085,0.8872,165,0
SPY190722C298,2019-07-19,2019-07-19 09:34:20,2.11,0.8978,106,2.08,0.8851,1,2.11,0.8978,1,2.095,0.8914,165,0
SPY190722C298,2019-07-19,2019-07-19 09:34:20,2.1,0.8936,51,2.08,0.8851,7,2.11,0.8978,1,2.09,0.8893,165,0
SPY190722C298,2019-07-19,2019-07-19 09:34:21,2.11,0.8978,106,2.08,0.8851,10,2.11,0.8978,1,2.095,0.8914,165,0
SPY190722C298,2019-07-19,2019-07-19 09:34:21,2.09,0.8893,7,2.07,0.8808,10,2.11,0.8978,1,2.08,0.8851,165,0
SPY190722C298,2019-07-19,2019-07-19 09:34:22,2.11,0.8978,168,2.08,0.8851,10,2.11,0.8978,1,2.095,0.8914,165,0
SPY190722C298,2019-07-19,2019-07-19 09:34:23,2.12,0.9021,100,2.09,0.8893,2,2.11,0.8978,1,2.105,0.8957,165,0
SPY190722C298,2019-07-19,2019-07-19 09:34:24,2.1,0.8936,1,2.08,0.8851,10,2.09,0.8893,1,2.09,0.8893,166,0
SPY190722C298,2019-07-19,2019-07-19 09:34:24,2.12,0.9021,69,2.09,0.8893,1,2.09,0.8893,1,2.105,0.8957,166,1
SPY190722C298,2019-07-19,2019-07-19 09:34:25,2.1,0.8936,7,2.08,0.8851,10,2.09,0.8893,1,2.09,0.8893,166,0
SPY190722C298,2019-07-19,2019-07-19 09:34:25,2.12,0.9021,100,2.08,0.8851,10,2.09,0.8893,1,2.1,0.8936,166,0
SPY190722C298,2019-07-19,2019-07-19 09:34:26,2.11,0.8978,10,2.08,0.8851,11,2.09,0.8893,1,2.095,0.8914,166,0
SPY190722C298,2019-07-19,2019-07-19 09:34:27,2.1,0.8936,168,2.06,0.8765,100,2.09,0.8893,1,2.08,0.8851,166,0
SPY190722C298,2019-07-19,2019-07-19 09:34:27,2.09,0.8893,10,2.06,0.8765,16,2.09,0.8893,1,2.075,0.8829,166,0
SPY190722C298,2019-07-19,2019-07-19 09:34:28,2.09,0.8893,10,2.06,0.8765,110,2.09,0.8893,1,2.075,0.8829,166,0
SPY190722C298,2019-07-19,2019-07-19 09:34:28,2.1,0.8936,169,2.06,0.8765,10,2.09,0.8893,1,2.08,0.8851,166,0
SPY190722C298,2019-07-19,2019-07-19 09:34:29,2.09,0.8893,4,2.08,0.8851,6,2.09,0.8893,1,2.085,0.8872,166,0
SPY190722C298,2019-07-19,2019-07-19 09:34:29,2.09,0.8893,4,2.07,0.8808,6,2.09,0.8893,1,2.08,0.8851,166,0
SPY190722C298,2019-07-19,2019-07-19 09:34:30,2.09,0.8893,11,2.07,0.8808,8,2.09,0.8893,1,2.08,0.8851,166,0
SPY190722C298,2019-07-19,2019-07-19 09:34:31,2.09,0.8893,11,2.07,0.8808,8,2.09,0.8893,1,2.08,0.8851,166,0
SPY190722C298,2019-07-19,2019-07-19 09:34:31,2.09,0.8893,4,2.07,0.8808,10,2.09,0.8893,1,2.08,0.8851,166,0
SPY190722C298,2019-07-19,2019-07-19 09:34:32,2.1,0.8936,6,2.08,0.8851,1,2.09,0.8893,4,2.09,0.8893,170,4
SPY190722C298,2019-07-19,2019-07-19 09:34:32,2.1,0.8936,1,2.09,0.8893,7,2.09,0.8893,4,2.095,0.8914,170,0
SPY190722C298,2019-07-19,2019-07-19 09:34:33,2.1,0.8936,1,2.08,0.8851,10,2.09,0.8893,4,2.09,0.8893,170,0
SPY190722C298,2019-07-19,2019-07-19 09:34:33,2.1,0.8936,7,2.08,0.8851,10,2.09,0.8893,4,2.09,0.8893,170,0
SPY190722C298,2019-07-19,2019-07-19 09:34:34,2.11,0.8978,83,2.07,0.8808,15,2.09,0.8893,4,2.09,0.8893,170,0
SPY190722C298,2019-07-19,2019-07-19 09:34:35,2.1,0.8936,7,2.08,0.8851,7,2.09,0.8893,4,2.09,0.8893,170,0
SPY190722C298,2019-07-19,2019-07-19 09:34:35,2.11,0.8978,82,2.07,0.8808,15,2.09,0.8893,4,2.09,0.8893,170,0
SPY190722C298,2019-07-19,2019-07-19 09:34:36,2.1,0.8936,7,2.08,0.8851,1,2.09,0.8893,4,2.09,0.8893,170,0
SPY190722C298,2019-07-19,2019-07-19 09:34:36,2.09,0.8893,7,2.07,0.8808,7,2.09,0.8893,4,2.08,0.8851,170,0
SPY190722C298,2019-07-19,2019-07-19 09:34:37,2.09,0.8893,7,2.07,0.8808,18,2.09,0.8893,4,2.08,0.8851,170,0
SPY190722C298,2019-07-19,2019-07-19 09:34:38,2.1,0.8936,71,2.07,0.8808,10,2.09,0.8893,4,2.085,0.8872,170,0
SPY190722C298,2019-07-19,2019-07-19 09:34:38,2.09,0.8893,7,2.07,0.8808,10,2.09,0.8893,4,2.08,0.8851,170,0
SPY190722C298,2019-07-19,2019-07-19 09:34:39,2.09,0.8893,7,2.07,0.8808,7,2.09,0.8893,4,2.08,0.8851,170,0
SPY190722C298,2019-07-19,2019-07-19 09:34:40,2.11,0.8978,64,2.07,0.8808,10,2.09,0.8893,4,2.09,0.8893,170,0
SPY190722C298,2019-07-19,2019-07-19 09:34:40,2.1,0.8936,7,2.08,0.8851,11,2.09,0.8893,4,2.09,0.8893,170,0
SPY190722C298,2019-07-19,2019-07-19 09:34:41,2.09,0.8893,7,2.07,0.8808,1,2.09,0.8893,4,2.08,0.8851,170,0
SPY190722C298,2019-07-19,2019-07-19 09:34:41,2.1,0.8936,162,2.06,0.8765,15,2.09,0.8893,4,2.08,0.8851,170,0
SPY190722C298,2019-07-19,2019-07-19 09:34:42,2.09,0.8893,10,2.07,0.8808,1,2.09,0.8893,4,2.08,0.8851,170,0
SPY190722C298,2019-07-19,2019-07-19 09:34:43,2.09,0.8893,7,2.07,0.8808,1,2.09,0.8893,4,2.08,0.8851,170,0
SPY190722C298,2019-07-19,2019-07-19 09:34:43,2.08,0.8851,1,2.07,0.8808,1,2.09,0.8893,4,2.075,0.8829,170,0
SPY190722C298,2019-07-19,2019-07-19 09:34:44,2.09,0.8893,55,2.06,0.8765,7,2.09,0.8893,4,2.075,0.8829,170,0
SPY190722C298,2019-07-19,2019-07-19 09:34:44,2.09,0.8893,10,2.06,0.8765,7,2.09,0.8893,4,2.075,0.8829,170,0
SPY190722C298,2019-07-19,2019-07-19 09:34:45,2.09,0.8893,7,2.06,0.8765,7,2.09,0.8893,4,2.075,0.8829,170,0
SPY190722C298,2019-07-19,2019-07-19 09:34:45,2.08,0.8851,7,2.07,0.8808,1,2.09,0.8893,4,2.075,0.8829,170,0
SPY190722C298,2019-07-19,2019-07-19 09:34:46,2.08,0.8851,7,2.07,0.8808,1,2.09,0.8893,4,2.075,0.8829,170,0
SPY190722C298,2019-07-19,2019-07-19 09:34:47,2.08,0.8851,7,2.06,0.8765,11,2.09,0.8893,4,2.07,0.8808,170,0
SPY190722C298,2019-07-19,2019-07-19 09:34:48,2.09,0.8893,7,2.07,0.8808,7,2.09,0.8893,4,2.08,0.8851,170,0
SPY190722C298,2019-07-19,2019-07-19 09:34:48,2.1,0.8936,164,2.07,0.8808,1,2.09,0.8893,4,2.085,0.8872,170,0
SPY190722C298,2019-07-19,2019-07-19 09:34:49,2.09,0.8893,1,2.07,0.8808,1,2.09,0.8893,4,2.08,0.8851,170,0
SPY190722C298,2019-07-19,2019-07-19 09:34:49,2.1,0.8936,164,2.07,0.8808,7,2.09,0.8893,4,2.085,0.8872,170,0
SPY190722C298,2019-07-19,2019-07-19 09:34:50,2.08,0.8851,7,2.07,0.8808,2,2.09,0.8893,4,2.075,0.8829,170,0
SPY190722C298,2019-07-19,2019-07-19 09:34:51,2.1,0.8936,171,2.07,0.8808,2,2.09,0.8893,4,2.085,0.8872,170,0
SPY190722C298,2019-07-19,2019-07-19 09:34:51,2.1,0.8936,37,2.07,0.8808,8,2.09,0.8893,4,2.085,0.8872,170,0
SPY190722C298,2019-07-19,2019-07-19 09:34:52,2.09,0.8893,7,2.07,0.8808,7,2.09,0.8893,4,2.08,0.8851,170,0
SPY190722C298,2019-07-19,2019-07-19 09:34:52,2.08,0.8851,7,2.07,0.8808,1,2.09,0.8893,4,2.075,0.8829,170,0
SPY190722C298,2019-07-19,2019-07-19 09:34:53,2.09,0.8893,7,2.07,0.8808,7,2.09,0.8893,4,2.08,0.8851,170,0
SPY190722C298,2019-07-19,2019-07-19 09:34:54,2.1,0.8936,6,2.08,0.8851,1,2.09,0.8893,4,2.09,0.8893,170,0
SPY190722C298,2019-07-19,2019-07-19 09:34:54,2.1,0.8936,7,2.08,0.8851,1,2.09,0.8893,4,2.09,0.8893,170,0
SPY190722C298,2019-07-19,2019-07-19 09:34:55,2.1,0.8936,7,2.08,0.8851,20,2.09,0.8893,4,2.09,0.8893,170,0
SPY190722C298,2019-07-19,2019-07-19 09:34:55,2.1,0.8936,6,2.08,0.8851,20,2.09,0.8893,4,2.09,0.8893,170,0
SPY190722C298,2019-07-19,2019-07-19 09:34:56,2.1,0.8936,10,2.08,0.8851,20,2.09,0.8893,4,2.09,0.8893,170,0
SPY190722C298,2019-07-19,2019-07-19 09:34:56,2.1,0.8936,6,2.08,0.8851,20,2.09,0.8893,4,2.09,0.8893,170,0
SPY190722C298,2019-07-19,2019-07-19 09:34:57,2.1,0.8936,2,2.08,0.8851,1,2.09,0.8893,4,2.09,0.8893,170,0
SPY190722C298,2019-07-19,2019-07-19 09:34:57,2.1,0.8936,6,2.08,0.8851,20,2.09,0.8893,4,2.09,0.8893,170,0
SPY190722C298,2019-07-19,2019-07-19 09:34:58,2.1,0.8936,164,2.05,0.8723,167,2.09,0.8893,4,2.075,0.8829,170,0
SPY190722C298,2019-07-19,2019-07-19 09:34:58,2.1,0.8936,2,2.07,0.8808,162,2.09,0.8893,4,2.085,0.8872,170,0
SPY190722C298,2019-07-19,2019-07-19 09:34:59,2.09,0.8893,7,2.08,0.8851,1,2.09,0.8893,4,2.085,0.8872,170,0
SPY190722C298,2019-07-19,2019-07-19 09:35:00,2.09,0.8893,7,2.07,0.8808,7,2.09,0.8893,4,2.08,0.8851,170,0
SPY190722C298,2019-07-19,2019-07-19 09:35:00,2.09,0.8893,7,2.08,0.8851,1,2.09,0.8893,4,2.085,0.8872,170,0
SPY190722C298,2019-07-19,2019-07-19 09:35:01,2.09,0.8893,7,2.08,0.8851,1,2.09,0.8893,4,2.085,0.8872,170,0
SPY190722C298,2019-07-19,2019-07-19 09:35:01,2.1,0.8936,66,2.06,0.8765,55,2.09,0.8893,4,2.08,0.8851,170,0
SPY190722C298,2019-07-19,2019-07-19 09:35:02,2.1,0.8936,7,2.06,0.8765,100,2.09,0.8893,4,2.08,0.8851,170,0
SPY190722C298,2019-07-19,2019-07-19 09:35:03,2.1,0.8936,7,2.06,0.8765,168,2.09,0.8893,4,2.08,0.8851,170,0
SPY190722C298,2019-07-19,2019-07-19 09:35:03,2.09,0.8893,7,2.08,0.8851,1,2.09,0.8893,4,2.085,0.8872,170,0
SPY190722C298,2019-07-19,2019-07-19 09:35:04,2.1,0.8936,6,2.06,0.8765,7,2.09,0.8893,4,2.08,0.8851,170,0
SPY190722C298,2019-07-19,2019-07-19 09:35:04,2.09,0.8893,7,2.08,0.8851,1,2.09,0.8893,4,2.085,0.8872,170,0
SPY190722C298,2019-07-19,2019-07-19 09:35:05,2.1,0.8936,2,2.07,0.8808,133,2.09,0.8893,4,2.085,0.8872,170,0
SPY190722C298,2019-07-19,2019-07-19 09:35:05,2.1,0.8936,6,2.07,0.8808,126,2.09,0.8893,4,2.085,0.8872,170,0
SPY190722C298,2019-07-19,2019-07-19 09:35:06,2.1,0.8936,6,2.08,0.8851,6,2.09,0.8893,4,2.09,0.8893,170,0
SPY190722C298,2019-07-19,2019-07-19 09:35:07,2.1,0.8936,2,2.08,0.8851,101,2.09,0.8893,4,2.09,0.8893,170,0
SPY190722C298,2019-07-19,2019-07-19 09:35:07,2.1,0.8936,1,2.08,0.8851,101,2.1,0.8936,1,2.09,0.8893,173,3
SPY190722C298,2019-07-19,2019-07-19 09:35:08,2.11,0.8978,10,2.09,0.8893,1,2.1,0.8936,1,2.1,0.8936,173,0
SPY190722C298,2019-07-19,2019-07-19 09:35:09,2.11,0.8978,10,2.09,0.8893,1,2.1,0.8936,1,2.1,0.8936,173,0
SPY190722C298,2019-07-19,2019-07-19 09:35:10,2.11,0.8978,2,2.08,0.8851,101,2.1,0.8936,1,2.095,0.8914,173,0
SPY190722C298,2019-07-19,2019-07-19 09:35:11,2.11,0.8978,8,2.1,0.8936,1,2.1,0.8936,1,2.105,0.8957,173,0
SPY190722C298,2019-07-19,2019-07-19 09:35:11,2.11,0.8978,8,2.09,0.8893,1,2.1,0.8936,1,2.1,0.8936,174,1
SPY190722C298,2019-07-19,2019-07-19 09:35:12,2.1,0.8936,7,2.09,0.8893,1,2.1,0.8936,1,2.095,0.8914,174,0
SPY190722C298,2019-07-19,2019-07-19 09:35:13,2.11,0.8978,8,2.09,0.8893,56,2.09,0.8893,2,2.1,0.8936,176,2
SPY190722C298,2019-07-19,2019-07-19 09:35:13,2.1,0.8936,7,2.08,0.8851,11,2.1,0.8936,1,2.09,0.8893,174,0
SPY190722C298,2019-07-19,2019-07-19 09:35:14,2.11,0.8978,10,2.09,0.8893,50,2.09,0.8893,2,2.1,0.8936,176,0
SPY190722C298,2019-07-19,2019-07-19 09:35:14,2.1,0.8936,7,2.09,0.8893,1,2.09,0.8893,2,2.095,0.8914,176,0
SPY190722C298,2019-07-19,2019-07-19 09:35:15,2.1,0.8936,7,2.09,0.8893,1,2.09,0.8893,2,2.095,0.8914,176,0
SPY190722C298,2019-07-19,2019-07-19 09:35:15,2.11,0.8978,6,2.08,0.8851,6,2.09,0.8893,2,2.095,0.8914,176,0
SPY190722C298,2019-07-19,2019-07-19 09:35:16,2.1,0.8936,63,2.05,0.8723,168,2.09,0.8893,2,2.075,0.8829,176,0
SPY190722C298,2019-07-19,2019-07-19 09:35:16,2.08,0.8851,7,2.05,0.8723,7,2.09,0.8893,2,2.065,0.8787,176,0
SPY190722C298,2019-07-19,2019-07-19 09:35:17,2.1,0.8936,157,2.06,0.8765,100,2.09,0.8893,2,2.08,0.8851,176,0
SPY190722C298,2019-07-19,2019-07-19 09:35:18,2.1,0.8936,58,2.06,0.8765,153,2.09,0.8893,2,2.08,0.8851,176,0
SPY190722C298,2019-07-19,2019-07-19 09:35:18,2.1,0.8936,61,2.08,0.8851,10,2.09,0.8893,2,2.09,0.8893,176,0
SPY190722C298,2019-07-19,2019-07-19 09:35:19,2.1,0.8936,7,2.07,0.8808,7,2.09,0.8893,2,2.085,0.8872,176,0
SPY190722C298,2019-07-19,2019-07-19 09:35:19,2.1,0.8936,7,2.08,0.8851,7,2.09,0.8893,2,2.09,0.8893,176,0
SPY190722C298,2019-07-19,2019-07-19 09:35:20,2.09,0.8893,7,2.06,0.8765,100,2.09,0.8893,2,2.075,0.8829,176,0
SPY190722C298,2019-07-19,2019-07-19 09:35:20,2.09,0.8893,10,2.06,0.8765,100,2.09,0.8893,2,2.075,0.8829,176,0
SPY190722C298,2019-07-19,2019-07-19 09:35:21,2.09,0.8893,10,2.06,0.8765,84,2.09,0.8893,2,2.075,0.8829,176,0
SPY190722C298,2019-07-19,2019-07-19 09:35:22,2.09,0.8893,7,2.07,0.8808,7,2.09,0.8893,2,2.08,0.8851,176,0
SPY190722C298,2019-07-19,2019-07-19 09:35:22,2.09,0.8893,7,2.07,0.8808,1,2.09,0.8893,2,2.08,0.8851,176,0
SPY190722C298,2019-07-19,2019-07-19 09:35:23,2.09,0.8893,10,2.07,0.8808,1,2.09,0.8893,2,2.08,0.8851,176,0
SPY190722C298,2019-07-19,2019-07-19 09:35:24,2.09,0.8893,10,2.06,0.8765,7,2.09,0.8893,2,2.075,0.8829,176,0
SPY190722C298,2019-07-19,2019-07-19 09:35:24,2.09,0.8893,45,2.07,0.8808,1,2.09,0.8893,2,2.08,0.8851,176,0
SPY190722C298,2019-07-19,2019-07-19 09:35:25,2.09,0.8893,7,2.06,0.8765,101,2.09,0.8893,2,2.075,0.8829,176,0
SPY190722C298,2019-07-19,2019-07-19 09:35:25,2.1,0.8936,155,2.07,0.8808,7,2.09,0.8893,2,2.085,0.8872,176,0
SPY190722C298,2019-07-19,2019-07-19 09:35:26,2.09,0.8893,8,2.07,0.8808,1,2.09,0.8893,2,2.08,0.8851,176,0
SPY190722C298,2019-07-19,2019-07-19 09:35:27,2.09,0.8893,50,2.05,0.8723,110,2.09,0.8893,2,2.07,0.8808,176,0
SPY190722C298,2019-07-19,2019-07-19 09:35:28,2.08,0.8851,31,2.04,0.868,164,2.09,0.8893,2,2.06,0.8765,176,0
SPY190722C298,2019-07-19,2019-07-19 09:35:28,2.08,0.8851,20,2.04,0.868,164,2.09,0.8893,2,2.06,0.8765,176,0
SPY190722C298,2019-07-19,2019-07-19 09:35:29,2.08,0.8851,31,2.04,0.868,192,2.09,0.8893,2,2.06,0.8765,176,0
SPY190722C298,2019-07-19,2019-07-19 09:35:29,2.08,0.8851,32,2.04,0.868,223,2.09,0.8893,2,2.06,0.8765,176,0
SPY190722C298,2019-07-19,2019-07-19 09:35:30,2.08,0.8851,20,2.04,0.868,223,2.09,0.8893,2,2.06,0.8765,176,0
SPY190722C298,2019-07-19,2019-07-19 09:35:30,2.07,0.8808,7,2.05,0.8723,8,2.09,0.8893,2,2.06,0.8765,176,0
SPY190722C298,2019-07-19,2019-07-19 09:35:31,2.07,0.8808,7,2.05,0.8723,8,2.09,0.8893,2,2.06,0.8765,176,0
SPY190722C298,2019-07-19,2019-07-19 09:35:32,2.07,0.8808,11,2.05,0.8723,10,2.09,0.8893,2,2.06,0.8765,176,0
SPY190722C298,2019-07-19,2019-07-19 09:35:32,2.07,0.8808,1,2.06,0.8765,7,2.09,0.8893,2,2.065,0.8787,176,0
SPY190722C298,2019-07-19,2019-07-19 09:35:33,2.07,0.8808,6,2.04,0.868,107,2.09,0.8893,2,2.055,0.8744,176,0
SPY190722C298,2019-07-19,2019-07-19 09:35:33,2.08,0.8851,71,2.04,0.868,107,2.06,0.8765,1,2.06,0.8765,177,1
SPY190722C298,2019-07-19,2019-07-19 09:35:34,2.08,0.8851,134,2.04,0.868,10,2.06,0.8765,1,2.06,0.8765,177,0
SPY190722C298,2019-07-19,2019-07-19 09:35:34,2.08,0.8851,71,2.04,0.868,6,2.06,0.8765,1,2.06,0.8765,177,0
SPY190722C298,2019-07-19,2019-07-19 09:35:35,2.08,0.8851,134,2.04,0.868,17,2.06,0.8765,1,2.06,0.8765,177,0
SPY190722C298,2019-07-19,2019-07-19 09:35:36,2.05,0.8723,7,2.03,0.8638,7,2.06,0.8765,1,2.04,0.868,177,0
SPY190722C298,2019-07-19,2019-07-19 09:35:37,2.06,0.8765,169,2.03,0.8638,7,2.06,0.8765,1,2.045,0.8702,177,0
SPY190722C298,2019-07-19,2019-07-19 09:35:37,2.05,0.8723,7,2.03,0.8638,7,2.06,0.8765,1,2.04,0.868,177,0
SPY190722C298,2019-07-19,2019-07-19 09:35:38,2.06,0.8765,71,2.02,0.8595,101,2.06,0.8765,1,2.04,0.868,177,0
SPY190722C298,2019-07-19,2019-07-19 09:35:39,2.05,0.8723,7,2.02,0.8595,111,2.03,0.8638,3,2.035,0.8659,180,0
SPY190722C298,2019-07-19,2019-07-19 09:35:39,2.05,0.8723,7,2.02,0.8595,111,2.03,0.8638,3,2.035,0.8659,180,3
SPY190722C298,2019-07-19,2019-07-19 09:35:40,2.04,0.868,1,2.03,0.8638,7,2.03,0.8638,3,2.035,0.8659,180,0
SPY190722C298,2019-07-19,2019-07-19 09:35:40,2.05,0.8723,7,2.03,0.8638,1,2.03,0.8638,3,2.04,0.868,180,0
SPY190722C298,2019-07-19,2019-07-19 09:35:41,2.05,0.8723,7,2.03,0.8638,1,2.03,0.8638,3,2.04,0.868,180,0
SPY190722C298,2019-07-19,2019-07-19 09:35:42,2.05,0.8723,26,2.02,0.8595,10,2.03,0.8638,3,2.035,0.8659,180,0
SPY190722C298,2019-07-19,2019-07-19 09:35:42,2.05,0.8723,10,2.03,0.8638,1,2.03,0.8638,3,2.04,0.868,180,0
SPY190722C298,2019-07-19,2019-07-19 09:35:43,2.04,0.868,7,2.02,0.8595,18,2.03,0.8638,3,2.03,0.8638,180,0
SPY190722C298,2019-07-19,2019-07-19 09:35:43,2.04,0.868,1,2.02,0.8595,18,2.03,0.8638,3,2.03,0.8638,180,0
SPY190722C298,2019-07-19,2019-07-19 09:35:44,2.05,0.8723,10,2.02,0.8595,144,2.02,0.8595,1,2.035,0.8659,181,0
SPY190722C298,2019-07-19,2019-07-19 09:35:44,2.05,0.8723,8,2.02,0.8595,7,2.02,0.8595,1,2.035,0.8659,181,1
SPY190722C298,2019-07-19,2019-07-19 09:35:45,2.04,0.868,7,2.02,0.8595,107,2.02,0.8595,1,2.03,0.8638,181,0
SPY190722C298,2019-07-19,2019-07-19 09:35:46,2.04,0.868,7,2.02,0.8595,107,2.02,0.8595,1,2.03,0.8638,181,0
SPY190722C298,2019-07-19,2019-07-19 09:35:46,2.04,0.868,7,2.02,0.8595,20,2.02,0.8595,1,2.03,0.8638,181,0
SPY190722C298,2019-07-19,2019-07-19 09:35:47,2.05,0.8723,4,2.03,0.8638,4,2.02,0.8595,1,2.04,0.868,181,0
SPY190722C298,2019-07-19,2019-07-19 09:35:47,2.05,0.8723,7,2.02,0.8595,22,2.02,0.8595,1,2.035,0.8659,181,0
SPY190722C298,2019-07-19,2019-07-19 09:35:48,2.05,0.8723,139,2.01,0.8553,64,2.02,0.8595,1,2.03,0.8638,181,0
SPY190722C298,2019-07-19,2019-07-19 09:35:48,2.05,0.8723,10,2.02,0.8595,7,2.02,0.8595,1,2.035,0.8659,181,0
SPY190722C298,2019-07-19,2019-07-19 09:35:49,2.04,0.868,7,2.02,0.8595,101,2.02,0.8595,1,2.03,0.8638,181,0
SPY190722C298,2019-07-19,2019-07-19 09:35:49,2.05,0.8723,7,2.02,0.8595,101,2.02,0.8595,1,2.035,0.8659,181,0
SPY190722C298,2019-07-19,2019-07-19 09:35:50,2.05,0.8723,1,2.02,0.8595,10,2.02,0.8595,1,2.035,0.8659,181,0
SPY190722C298,2019-07-19,2019-07-19 09:35:51,2.06,0.8765,169,2.02,0.8595,10,2.02,0.8595,1,2.04,0.868,181,0
SPY190722C298,2019-07-19,2019-07-19 09:35:52,2.06,0.8765,168,2.0,0.851,169,2.02,0.8595,1,2.03,0.8638,181,0
SPY190722C298,2019-07-19,2019-07-19 09:35:52,2.06,0.8765,169,2.02,0.8595,10,2.02,0.8595,1,2.04,0.868,181,0
SPY190722C298,2019-07-19,2019-07-19 09:35:53,2.04,0.868,28,2.0,0.851,164,2.02,0.8595,1,2.02,0.8595,181,0
SPY190722C298,2019-07-19,2019-07-19 09:35:53,2.04,0.868,7,2.02,0.8595,12,2.02,0.8595,1,2.03,0.8638,181,0
SPY190722C298,2019-07-19,2019-07-19 09:35:54,2.04,0.868,7,2.03,0.8638,1,2.02,0.8595,1,2.035,0.8659,181,0
SPY190722C298,2019-07-19,2019-07-19 09:35:55,2.05,0.8723,7,2.03,0.8638,7,2.02,0.8595,1,2.04,0.868,181,0
SPY190722C298,2019-07-19,2019-07-19 09:35:55,2.05,0.8723,10,2.03,0.8638,4,2.02,0.8595,1,2.04,0.868,181,0
SPY190722C298,2019-07-19,2019-07-19 09:35:56,2.04,0.868,7,2.02,0.8595,10,2.02,0.8595,1,2.03,0.8638,181,0
SPY190722C298,2019-07-19,2019-07-19 09:35:56,2.04,0.868,7,2.03,0.8638,2,2.02,0.8595,1,2.035,0.8659,181,0
SPY190722C298,2019-07-19,2019-07-19 09:35:57,2.05,0.8723,64,2.02,0.8595,7,2.02,0.8595,1,2.035,0.8659,181,0
SPY190722C298,2019-07-19,2019-07-19 09:35:57,2.04,0.868,44,2.0,0.851,163,2.02,0.8595,1,2.02,0.8595,181,0
SPY190722C298,2019-07-19,2019-07-19 09:35:58,2.03,0.8638,7,2.02,0.8595,2,2.02,0.8595,1,2.025,0.8617,181,0
SPY190722C298,2019-07-19,2019-07-19 09:35:59,2.04,0.868,7,2.02,0.8595,1,2.02,0.8595,1,2.03,0.8638,181,0
SPY190722C298,2019-07-19,2019-07-19 09:35:59,2.04,0.868,7,2.02,0.8595,8,2.02,0.8595,1,2.03,0.8638,181,0
SPY190722C298,2019-07-19,2019-07-19 09:36:00,2.05,0.8723,12,2.02,0.8595,10,2.02,0.8595,1,2.035,0.8659,181,0
SPY190722C298,2019-07-19,2019-07-19 09:36:00,2.08,0.8851,169,2.03,0.8638,136,2.02,0.8595,1,2.055,0.8744,181,0
SPY190722C298,2019-07-19,2019-07-19 09:36:01,2.07,0.8808,11,2.04,0.868,10,2.02,0.8595,1,2.055,0.8744,181,0
SPY190722C298,2019-07-19,2019-07-19 09:36:02,2.07,0.8808,8,2.04,0.868,10,2.02,0.8595,1,2.055,0.8744,181,0
SPY190722C298,2019-07-19,2019-07-19 09:36:02,2.07,0.8808,10,2.05,0.8723,6,2.02,0.8595,1,2.06,0.8765,181,0
SPY190722C298,2019-07-19,2019-07-19 09:36:03,2.08,0.8851,161,2.05,0.8723,6,2.02,0.8595,1,2.065,0.8787,181,0
SPY190722C298,2019-07-19,2019-07-19 09:36:03,2.07,0.8808,11,2.05,0.8723,1,2.02,0.8595,1,2.06,0.8765,181,0
SPY190722C298,2019-07-19,2019-07-19 09:36:04,2.06,0.8765,155,2.02,0.8595,129,2.02,0.8595,1,2.04,0.868,181,0
SPY190722C298,2019-07-19,2019-07-19 09:36:05,2.06,0.8765,165,2.02,0.8595,111,2.02,0.8595,1,2.04,0.868,181,0
SPY190722C298,2019-07-19,2019-07-19 09:36:05,2.05,0.8723,135,2.01,0.8553,164,2.02,0.8595,1,2.03,0.8638,181,0
SPY190722C298,2019-07-19,2019-07-19 09:36:06,2.05,0.8723,164,2.01,0.8553,10,2.02,0.8595,1,2.03,0.8638,181,0
SPY190722C298,2019-07-19,2019-07-19 09:36:06,2.05,0.8723,135,2.02,0.8595,11,2.02,0.8595,1,2.035,0.8659,181,0
SPY190722C298,2019-07-19,2019-07-19 09:36:07,2.04,0.868,1,2.02,0.8595,11,2.02,0.8595,1,2.03,0.8638,181,0
SPY190722C298,2019-07-19,2019-07-19 09:36:08,2.06,0.8765,33,2.02,0.8595,150,2.02,0.8595,1,2.04,0.868,181,0
SPY190722C298,2019-07-19,2019-07-19 09:36:08,2.05,0.8723,6,2.02,0.8595,6,2.02,0.8595,1,2.035,0.8659,181,0
SPY190722C298,2019-07-19,2019-07-19 09:36:09,2.05,0.8723,7,2.02,0.8595,10,2.02,0.8595,1,2.035,0.8659,181,0
SPY190722C298,2019-07-19,2019-07-19 09:36:10,2.05,0.8723,7,2.02,0.8595,49,2.02,0.8595,1,2.035,0.8659,181,0
SPY190722C298,2019-07-19,2019-07-19 09:36:10,2.06,0.8765,100,2.02,0.8595,20,2.02,0.8595,1,2.04,0.868,181,0
SPY190722C298,2019-07-19,2019-07-19 09:36:11,2.06,0.8765,100,2.03,0.8638,7,2.02,0.8595,1,2.045,0.8702,181,0
SPY190722C298,2019-07-19,2019-07-19 09:36:11,2.05,0.8723,7,2.03,0.8638,18,2.02,0.8595,1,2.04,0.868,181,0
SPY190722C298,2019-07-19,2019-07-19 09:36:12,2.05,0.8723,7,2.03,0.8638,18,2.02,0.8595,1,2.04,0.868,181,0
SPY190722C298,2019-07-19,2019-07-19 09:36:13,2.07,0.8808,100,2.03,0.8638,142,2.02,0.8595,1,2.05,0.8723,181,0
SPY190722C298,2019-07-19,2019-07-19 09:36:13,2.1,0.8936,178,2.05,0.8723,150,2.02,0.8595,1,2.075,0.8829,181,0
SPY190722C298,2019-07-19,2019-07-19 09:36:14,2.09,0.8893,7,2.07,0.8808,7,2.02,0.8595,1,2.08,0.8851,181,0
SPY190722C298,2019-07-19,2019-07-19 09:36:14,2.08,0.8851,7,2.06,0.8765,7,2.02,0.8595,1,2.07,0.8808,181,0
SPY190722C298,2019-07-19,2019-07-19 09:36:15,2.09,0.8893,17,2.07,0.8808,6,2.02,0.8595,1,2.08,0.8851,181,0
SPY190722C298,2019-07-19,2019-07-19 09:36:16,2.08,0.8851,7,2.04,0.868,133,2.02,0.8595,1,2.06,0.8765,181,0
SPY190722C298,2019-07-19,2019-07-19 09:36:16,2.09,0.8893,145,2.05,0.8723,8,2.02,0.8595,1,2.07,0.8808,181,0
SPY190722C298,2019-07-19,2019-07-19 09:36:17,2.08,0.8851,21,2.05,0.8723,10,2.02,0.8595,1,2.065,0.8787,181,0
SPY190722C298,2019-07-19,2019-07-19 09:36:17,2.08,0.8851,10,2.05,0.8723,10,2.02,0.8595,1,2.065,0.8787,181,0
SPY190722C298,2019-07-19,2019-07-19 09:36:18,2.08,0.8851,7,2.05,0.8723,10,2.02,0.8595,1,2.065,0.8787,181,0
SPY190722C298,2019-07-19,2019-07-19 09:36:18,2.05,0.8723,7,2.03,0.8638,11,2.05,0.8723,1,2.04,0.868,182,1
SPY190722C298,2019-07-19,2019-07-19 09:36:19,2.05,0.8723,7,2.03,0.8638,10,2.05,0.8723,1,2.04,0.868,182,0
SPY190722C298,2019-07-19,2019-07-19 09:36:20,2.07,0.8808,163,2.03,0.8638,132,2.05,0.8723,1,2.05,0.8723,182,0
SPY190722C298,2019-07-19,2019-07-19 09:36:20,2.07,0.8808,73,2.03,0.8638,139,2.05,0.8723,1,2.05,0.8723,182,0
SPY190722C298,2019-07-19,2019-07-19 09:36:21,2.07,0.8808,80,2.04,0.868,1,2.05,0.8723,1,2.055,0.8744,182,0
SPY190722C298,2019-07-19,2019-07-19 09:36:21,2.07,0.8808,73,2.04,0.868,1,2.05,0.8723,1,2.055,0.8744,182,0
SPY190722C298,2019-07-19,2019-07-19 09:36:22,2.07,0.8808,8,2.04,0.868,7,2.05,0.8723,1,2.055,0.8744,182,0
SPY190722C298,2019-07-19,2019-07-19 09:36:22,2.07,0.8808,74,2.03,0.8638,101,2.05,0.8723,1,2.05,0.8723,182,0
SPY190722C298,2019-07-19,2019-07-19 09:36:23,2.08,0.8851,64,2.05,0.8723,7,2.05,0.8723,1,2.065,0.8787,182,0
SPY190722C298,2019-07-19,2019-07-19 09:36:24,2.07,0.8808,10,2.05,0.8723,10,2.05,0.8723,1,2.06,0.8765,182,0
SPY190722C298,2019-07-19,2019-07-19 09:36:24,2.08,0.8851,169,2.04,0.868,101,2.05,0.8723,1,2.06,0.8765,182,0
SPY190722C298,2019-07-19,2019-07-19 09:36:25,2.08,0.8851,110,2.05,0.8723,10,2.05,0.8723,1,2.065,0.8787,182,0
SPY190722C298,2019-07-19,2019-07-19 09:36:25,2.08,0.8851,110,2.04,0.868,101,2.05,0.8723,1,2.06,0.8765,182,0
SPY190722C298,2019-07-19,2019-07-19 09:36:26,2.07,0.8808,10,2.05,0.8723,7,2.05,0.8723,1,2.06,0.8765,182,0
SPY190722C298,2019-07-19,2019-07-19 09:36:26,2.08,0.8851,100,2.05,0.8723,10,2.05,0.8723,1,2.065,0.8787,182,0
SPY190722C298,2019-07-19,2019-07-19 09:36:27,2.08,0.8851,100,2.04,0.868,101,2.05,0.8723,1,2.06,0.8765,182,0
SPY190722C298,2019-07-19,2019-07-19 09:36:28,2.08,0.8851,110,2.06,0.8765,1,2.05,0.8723,1,2.07,0.8808,182,0
SPY190722C298,2019-07-19,2019-07-19 09:36:29,2.07,0.8808,7,2.05,0.8723,7,2.05,0.8723,1,2.06,0.8765,182,0
SPY190722C298,2019-07-19,2019-07-19 09:36:29,2.08,0.8851,7,2.07,0.8808,1,2.05,0.8723,1,2.075,0.8829,182,0
SPY190722C298,2019-07-19,2019-07-19 09:36:30,2.1,0.8936,68,2.07,0.8808,1,2.05,0.8723,1,2.085,0.8872,182,0
SPY190722C298,2019-07-19,2019-07-19 09:36:30,2.07,0.8808,10,2.05,0.8723,6,2.05,0.8723,1,2.06,0.8765,182,0
SPY190722C298,2019-07-19,2019-07-19 09:36:31,2.1,0.8936,68,2.07,0.8808,1,2.05,0.8723,1,2.085,0.8872,182,0
SPY190722C298,2019-07-19,2019-07-19 09:36:32,2.08,0.8851,1,2.07,0.8808,2,2.08,0.8851,3,2.075,0.8829,185,3
SPY190722C298,2019-07-19,2019-07-19 09:36:32,2.08,0.8851,7,2.07,0.8808,2,2.08,0.8851,3,2.075,0.8829,185,0
SPY190722C298,2019-07-19,2019-07-19 09:36:33,2.09,0.8893,10,2.06,0.8765,101,2.08,0.8851,3,2.075,0.8829,185,0
SPY190722C298,2019-07-19,2019-07-19 09:36:33,2.08,0.8851,7,2.06,0.8765,8,2.08,0.8851,3,2.07,0.8808,185,0
SPY190722C298,2019-07-19,2019-07-19 09:36:34,2.09,0.8893,7,2.07,0.8808,100,2.08,0.8851,3,2.08,0.8851,185,0
SPY190722C298,2019-07-19,2019-07-19 09:36:34,2.09,0.8893,7,2.08,0.8851,1,2.08,0.8851,3,2.085,0.8872,185,0
SPY190722C298,2019-07-19,2019-07-19 09:36:35,2.09,0.8893,7,2.08,0.8851,1,2.08,0.8851,3,2.085,0.8872,185,0
SPY190722C298,2019-07-19,2019-07-19 09:36:36,2.09,0.8893,7,2.07,0.8808,7,2.08,0.8851,3,2.08,0.8851,185,0
SPY190722C298,2019-07-19,2019-07-19 09:36:36,2.09,0.8893,7,2.07,0.8808,104,2.08,0.8851,3,2.08,0.8851,185,0
SPY190722C298,2019-07-19,2019-07-19 09:36:37,2.11,0.8978,93,2.08,0.8851,10,2.08,0.8851,3,2.095,0.8914,185,0
SPY190722C298,2019-07-19,2019-07-19 09:36:37,2.1,0.8936,100,2.08,0.8851,8,2.08,0.8851,3,2.09,0.8893,185,0
SPY190722C298,2019-07-19,2019-07-19 09:36:38,2.11,0.8978,67,2.08,0.8851,5,2.08,0.8851,3,2.095,0.8914,185,0
SPY190722C298,2019-07-19,2019-07-19 09:36:38,2.11,0.8978,67,2.07,0.8808,1,2.08,0.8851,3,2.09,0.8893,185,0
SPY190722C298,2019-07-19,2019-07-19 09:36:39,2.08,0.8851,7,2.06,0.8765,10,2.08,0.8851,3,2.07,0.8808,185,0
SPY190722C298,2019-07-19,2019-07-19 09:36:39,2.1,0.8936,168,2.07,0.8808,6,2.08,0.8851,3,2.085,0.8872,185,0
SPY190722C298,2019-07-19,2019-07-19 09:36:40,2.1,0.8936,169,2.06,0.8765,10,2.08,0.8851,3,2.08,0.8851,185,0
SPY190722C298,2019-07-19,2019-07-19 09:36:41,2.09,0.8893,11,2.06,0.8765,36,2.08,0.8851,3,2.075,0.8829,185,0
SPY190722C298,2019-07-19,2019-07-19 09:36:41,2.09,0.8893,7,2.06,0.8765,10,2.08,0.8851,3,2.075,0.8829,185,0
SPY190722C298,2019-07-19,2019-07-19 09:36:42,2.11,0.8978,100,2.06,0.8765,36,2.08,0.8851,3,2.085,0.8872,185,0
SPY190722C298,2019-07-19,2019-07-19 09:36:42,2.11,0.8978,158,2.08,0.8851,1,2.08,0.8851,3,2.095,0.8914,185,0
SPY190722C298,2019-07-19,2019-07-19 09:36:43,2.1,0.8936,7,2.08,0.8851,13,2.08,0.8851,3,2.09,0.8893,185,0
SPY190722C298,2019-07-19,2019-07-19 09:36:43,2.11,0.8978,158,2.08,0.8851,1,2.08,0.8851,3,2.095,0.8914,185,0
SPY190722C298,2019-07-19,2019-07-19 09:36:44,2.1,0.8936,7,2.08,0.8851,10,2.08,0.8851,3,2.09,0.8893,185,0
SPY190722C298,2019-07-19,2019-07-19 09:36:45,2.1,0.8936,7,2.07,0.8808,10,2.08,0.8851,3,2.085,0.8872,185,0
SPY190722C298,2019-07-19,2019-07-19 09:36:45,2.11,0.8978,20,2.07,0.8808,10,2.08,0.8851,3,2.09,0.8893,185,0
SPY190722C298,2019-07-19,2019-07-19 09:36:46,2.08,0.8851,163,2.06,0.8765,1,2.08,0.8851,3,2.07,0.8808,185,0
SPY190722C298,2019-07-19,2019-07-19 09:36:46,2.09,0.8893,11,2.07,0.8808,10,2.08,0.8851,3,2.08,0.8851,185,0
SPY190722C298,2019-07-19,2019-07-19 09:36:47,2.07,0.8808,7,2.04,0.868,64,2.08,0.8851,3,2.055,0.8744,185,0
SPY190722C298,2019-07-19,2019-07-19 09:36:47,2.09,0.8893,168,2.04,0.868,168,2.08,0.8851,3,2.065,0.8787,185,0
SPY190722C298,2019-07-19,2019-07-19 09:36:48,2.09,0.8893,6,2.06,0.8765,10,2.08,0.8851,3,2.075,0.8829,185,0
SPY190722C298,2019-07-19,2019-07-19 09:36:49,2.07,0.8808,1,2.06,0.8765,4,2.08,0.8851,3,2.065,0.8787,185,0
SPY190722C298,2019-07-19,2019-07-19 09:36:49,2.07,0.8808,1,2.06,0.8765,10,2.08,0.8851,3,2.065,0.8787,185,0
SPY190722C298,2019-07-19,2019-07-19 09:36:50,2.08,0.8851,7,2.06,0.8765,10,2.08,0.8851,3,2.07,0.8808,185,0
SPY190722C298,2019-07-19,2019-07-19 09:36:50,2.08,0.8851,1,2.06,0.8765,10,2.08,0.8851,3,2.07,0.8808,185,0
SPY190722C298,2019-07-19,2019-07-19 09:36:51,2.08,0.8851,1,2.06,0.8765,12,2.08,0.8851,3,2.07,0.8808,185,0
SPY190722C298,2019-07-19,2019-07-19 09:36:51,2.08,0.8851,1,2.06,0.8765,10,2.08,0.8851,3,2.07,0.8808,185,0
SPY190722C298,2019-07-19,2019-07-19 09:36:52,2.08,0.8851,1,2.06,0.8765,10,2.08,0.8851,3,2.07,0.8808,185,0
SPY190722C298,2019-07-19,2019-07-19 09:36:52,2.08,0.8851,1,2.06,0.8765,4,2.08,0.8851,3,2.07,0.8808,185,0
SPY190722C298,2019-07-19,2019-07-19 09:36:53,2.06,0.8765,7,2.05,0.8723,11,2.08,0.8851,3,2.055,0.8744,185,0
SPY190722C298,2019-07-19,2019-07-19 09:36:53,2.08,0.8851,102,2.06,0.8765,10,2.08,0.8851,3,2.07,0.8808,185,0
SPY190722C298,2019-07-19,2019-07-19 09:36:54,2.06,0.8765,7,2.04,0.868,111,2.08,0.8851,3,2.05,0.8723,185,0
SPY190722C298,2019-07-19,2019-07-19 09:36:55,2.06,0.8765,1,2.04,0.868,111,2.08,0.8851,3,2.05,0.8723,185,0
SPY190722C298,2019-07-19,2019-07-19 09:36:55,2.07,0.8808,10,2.04,0.868,111,2.08,0.8851,3,2.055,0.8744,185,0
SPY190722C298,2019-07-19,2019-07-19 09:36:56,2.07,0.8808,7,2.04,0.868,111,2.08,0.8851,3,2.055,0.8744,185,0
SPY190722C298,2019-07-19,2019-07-19 09:36:56,2.07,0.8808,7,2.04,0.868,153,2.08,0.8851,3,2.055,0.8744,185,0
SPY190722C298,2019-07-19,2019-07-19 09:36:57,2.07,0.8808,10,2.04,0.868,180,2.08,0.8851,3,2.055,0.8744,185,0
SPY190722C298,2019-07-19,2019-07-19 09:36:58,2.07,0.8808,10,2.05,0.8723,11,2.08,0.8851,3,2.06,0.8765,185,0
SPY190722C298,2019-07-19,2019-07-19 09:36:58,2.08,0.8851,1,2.06,0.8765,10,2.08,0.8851,3,2.07,0.8808,185,0
SPY190722C298,2019-07-19,2019-07-19 09:36:59,2.09,0.8893,1,2.07,0.8808,11,2.08,0.8851,1,2.08,0.8851,186,1
SPY190722C298,2019-07-19,2019-07-19 09:36:59,2.08,0.8851,1,2.06,0.8765,20,2.08,0.8851,3,2.07,0.8808,185,0
SPY190722C298,2019-07-19,2019-07-19 09:37:00,2.09,0.8893,6,2.07,0.8808,1,2.08,0.8851,1,2.08,0.8851,186,0
SPY190722C298,2019-07-19,2019-07-19 09:37:00,2.11,0.8978,1,2.07,0.8808,67,2.07,0.8808,2,2.09,0.8893,190,4
SPY190722C298,2019-07-19,2019-07-19 09:37:01,2.12,0.9021,168,2.08,0.8851,10,2.07,0.8808,2,2.1,0.8936,190,0
SPY190722C298,2019-07-19,2019-07-19 09:37:01,2.1,0.8936,10,2.07,0.8808,76,2.07,0.8808,2,2.085,0.8872,190,0
SPY190722C298,2019-07-19,2019-07-19 09:37:02,2.1,0.8936,81,2.07,0.8808,76,2.07,0.8808,2,2.085,0.8872,190,0
SPY190722C298,2019-07-19,2019-07-19 09:37:03,2.08,0.8851,1,2.06,0.8765,10,2.07,0.8808,2,2.07,0.8808,190,0
SPY190722C298,2019-07-19,2019-07-19 09:37:03,2.09,0.8893,126,2.05,0.8723,10,2.07,0.8808,2,2.07,0.8808,190,0
SPY190722C298,2019-07-19,2019-07-19 09:37:04,2.07,0.8808,11,2.05,0.8723,11,2.07,0.8808,2,2.06,0.8765,190,0
SPY190722C298,2019-07-19,2019-07-19 09:37:04,2.08,0.8851,141,2.05,0.8723,10,2.07,0.8808,2,2.065,0.8787,190,0
SPY190722C298,2019-07-19,2019-07-19 09:37:05,2.07,0.8808,10,2.05,0.8723,10,2.07,0.8808,2,2.06,0.8765,190,0
SPY190722C298,2019-07-19,2019-07-19 09:37:05,2.07,0.8808,11,2.05,0.8723,10,2.07,0.8808,2,2.06,0.8765,190,0
SPY190722C298,2019-07-19,2019-07-19 09:37:06,2.06,0.8765,1,2.05,0.8723,10,2.07,0.8808,2,2.055,0.8744,190,0
SPY190722C298,2019-07-19,2019-07-19 09:37:07,2.06,0.8765,7,2.05,0.8723,10,2.07,0.8808,2,2.055,0.8744,190,0
SPY190722C298,2019-07-19,2019-07-19 09:37:08,2.08,0.8851,7,2.05,0.8723,40,2.07,0.8808,2,2.065,0.8787,190,0
SPY190722C298,2019-07-19,2019-07-19 09:37:08,2.07,0.8808,1,2.05,0.8723,10,2.07,0.8808,2,2.06,0.8765,190,0
SPY190722C298,2019-07-19,2019-07-19 09:37:09,2.07,0.8808,7,2.05,0.8723,21,2.07,0.8808,2,2.06,0.8765,190,0
SPY190722C298,2019-07-19,2019-07-19 09:37:10,2.08,0.8851,7,2.05,0.8723,74,2.07,0.8808,2,2.065,0.8787,190,0
SPY190722C298,2019-07-19,2019-07-19 09:37:10,2.08,0.8851,101,2.05,0.8723,21,2.07,0.8808,2,2.065,0.8787,190,0
SPY190722C298,2019-07-19,2019-07-19 09:37:11,2.08,0.8851,7,2.05,0.8723,74,2.07,0.8808,2,2.065,0.8787,190,0
SPY190722C298,2019-07-19,2019-07-19 09:37:12,2.08,0.8851,20,2.05,0.8723,10,2.07,0.8808,6,2.065,0.8787,196,0
SPY190722C298,2019-07-19,2019-07-19 09:37:12,2.07,0.8808,7,2.06,0.8765,1,2.07,0.8808,6,2.065,0.8787,196,6
SPY190722C298,2019-07-19,2019-07-19 09:37:13,2.08,0.8851,10,2.05,0.8723,11,2.07,0.8808,6,2.065,0.8787,196,0
SPY190722C298,2019-07-19,2019-07-19 09:37:13,2.07,0.8808,7,2.05,0.8723,11,2.07,0.8808,6,2.06,0.8765,196,0
SPY190722C298,2019-07-19,2019-07-19 09:37:14,2.06,0.8765,1,2.05,0.8723,10,2.07,0.8808,6,2.055,0.8744,196,0
SPY190722C298,2019-07-19,2019-07-19 09:37:14,2.09,0.8893,164,2.05,0.8723,71,2.07,0.8808,6,2.07,0.8808,196,0
SPY190722C298,2019-07-19,2019-07-19 09:37:15,2.08,0.8851,7,2.05,0.8723,47,2.07,0.8808,6,2.065,0.8787,196,0
SPY190722C298,2019-07-19,2019-07-19 09:37:15,2.09,0.8893,164,2.05,0.8723,17,2.07,0.8808,6,2.07,0.8808,196,0
SPY190722C298,2019-07-19,2019-07-19 09:37:16,2.09,0.8893,10,2.05,0.8723,47,2.07,0.8808,6,2.07,0.8808,196,0
SPY190722C298,2019-07-19,2019-07-19 09:37:17,2.09,0.8893,20,2.05,0.8723,13,2.07,0.8808,6,2.07,0.8808,196,0
SPY190722C298,2019-07-19,2019-07-19 09:37:17,2.1,0.8936,173,2.06,0.8765,31,2.07,0.8808,6,2.08,0.8851,196,0
SPY190722C298,2019-07-19,2019-07-19 09:37:18,2.06,0.8765,100,2.03,0.8638,62,2.07,0.8808,6,2.045,0.8702,196,0
SPY190722C298,2019-07-19,2019-07-19 09:37:18,2.08,0.8851,6,2.05,0.8723,10,2.07,0.8808,6,2.065,0.8787,196,0
SPY190722C298,2019-07-19,2019-07-19 09:37:19,2.06,0.8765,7,2.03,0.8638,62,2.07,0.8808,6,2.045,0.8702,196,0
SPY190722C298,2019-07-19,2019-07-19 09:37:19,2.06,0.8765,16,2.03,0.8638,62,2.07,0.8808,6,2.045,0.8702,196,0
SPY190722C298,2019-07-19,2019-07-19 09:37:20,2.06,0.8765,10,2.03,0.8638,52,2.07,0.8808,6,2.045,0.8702,196,0
SPY190722C298,2019-07-19,2019-07-19 09:37:21,2.05,0.8723,10,2.01,0.8553,28,2.07,0.8808,6,2.03,0.8638,196,0
SPY190722C298,2019-07-19,2019-07-19 09:37:22,2.06,0.8765,7,2.03,0.8638,7,2.07,0.8808,6,2.045,0.8702,196,0
SPY190722C298,2019-07-19,2019-07-19 09:37:22,2.05,0.8723,165,2.01,0.8553,55,2.07,0.8808,6,2.03,0.8638,196,0
SPY190722C298,2019-07-19,2019-07-19 09:37:23,2.06,0.8765,7,2.03,0.8638,7,2.07,0.8808,6,2.045,0.8702,196,0
SPY190722C298,2019-07-19,2019-07-19 09:37:23,2.06,0.8765,103,2.03,0.8638,7,2.07,0.8808,6,2.045,0.8702,196,0
SPY190722C298,2019-07-19,2019-07-19 09:37:24,2.06,0.8765,16,2.03,0.8638,1,2.07,0.8808,6,2.045,0.8702,196,0
SPY190722C298,2019-07-19,2019-07-19 09:37:24,2.06,0.8765,16,2.03,0.8638,71,2.07,0.8808,6,2.045,0.8702,196,0
SPY190722C298,2019-07-19,2019-07-19 09:37:25,2.05,0.8723,10,2.03,0.8638,65,2.07,0.8808,6,2.04,0.868,196,0
SPY190722C298,2019-07-19,2019-07-19 09:37:26,2.07,0.8808,119,2.03,0.8638,64,2.07,0.8808,6,2.05,0.8723,196,0
SPY190722C298,2019-07-19,2019-07-19 09:37:26,2.07,0.8808,51,2.04,0.868,2,2.07,0.8808,6,2.055,0.8744,196,0
SPY190722C298,2019-07-19,2019-07-19 09:37:27,2.06,0.8765,7,2.04,0.868,1,2.05,0.8723,3,2.05,0.8723,199,3
SPY190722C298,2019-07-19,2019-07-19 09:37:27,2.05,0.8723,7,2.03,0.8638,18,2.05,0.8723,3,2.04,0.868,199,0
SPY190722C298,2019-07-19,2019-07-19 09:37:28,2.05,0.8723,7,2.03,0.8638,18,2.05,0.8723,3,2.04,0.868,199,0
SPY190722C298,2019-07-19,2019-07-19 09:37:29,2.05,0.8723,1,2.04,0.868,7,2.05,0.8723,3,2.045,0.8702,199,0
SPY190722C298,2019-07-19,2019-07-19 09:37:29,2.05,0.8723,10,2.03,0.8638,51,2.05,0.8723,3,2.04,0.868,199,0
SPY190722C298,2019-07-19,2019-07-19 09:37:30,2.07,0.8808,7,2.05,0.8723,6,2.05,0.8723,3,2.06,0.8765,199,0
SPY190722C298,2019-07-19,2019-07-19 09:37:30,2.08,0.8851,107,2.05,0.8723,2,2.05,0.8723,3,2.065,0.8787,199,0
SPY190722C298,2019-07-19,2019-07-19 09:37:31,2.07,0.8808,10,2.05,0.8723,1,2.05,0.8723,3,2.06,0.8765,199,0
SPY190722C298,2019-07-19,2019-07-19 09:37:31,2.08,0.8851,92,2.05,0.8723,1,2.05,0.8723,3,2.065,0.8787,199,0
SPY190722C298,2019-07-19,2019-07-19 09:37:32,2.07,0.8808,7,2.05,0.8723,1,2.05,0.8723,3,2.06,0.8765,199,0
SPY190722C298,2019-07-19,2019-07-19 09:37:33,2.08,0.8851,1,2.05,0.8723,101,2.05,0.8723,1,2.065,0.8787,200,1
SPY190722C298,2019-07-19,2019-07-19 09:37:33,2.09,0.8893,169,2.05,0.8723,11,2.05,0.8723,1,2.07,0.8808,200,0
SPY190722C298,2019-07-19,2019-07-19 09:37:34,2.07,0.8808,20,2.04,0.868,7,2.05,0.8723,1,2.055,0.8744,200,0
SPY190722C298,2019-07-19,2019-07-19 09:37:34,2.06,0.8765,1,2.04,0.868,8,2.05,0.8723,1,2.05,0.8723,200,0
SPY190722C298,2019-07-19,2019-07-19 09:37:35,2.06,0.8765,1,2.04,0.868,10,2.05,0.8723,1,2.05,0.8723,200,0
SPY190722C298,2019-07-19,2019-07-19 09:37:36,2.07,0.8808,83,2.03,0.8638,144,2.05,0.8723,1,2.05,0.8723,200,0
SPY190722C298,2019-07-19,2019-07-19 09:37:37,2.06,0.8765,1,2.04,0.868,12,2.05,0.8723,1,2.05,0.8723,200,0
SPY190722C298,2019-07-19,2019-07-19 09:37:37,2.07,0.8808,7,2.04,0.868,16,2.05,0.8723,1,2.055,0.8744,200,0
SPY190722C298,2019-07-19,2019-07-19 09:37:38,2.08,0.8851,35,2.05,0.8723,8,2.05,0.8723,1,2.065,0.8787,200,0
SPY190722C298,2019-07-19,2019-07-19 09:37:38,2.07,0.8808,10,2.04,0.868,10,2.05,0.8723,1,2.055,0.8744,200,0
SPY190722C298,2019-07-19,2019-07-19 09:37:39,2.07,0.8808,1,2.05,0.8723,10,2.05,0.8723,1,2.06,0.8765,200,0
SPY190722C298,2019-07-19,2019-07-19 09:37:39,2.07,0.8808,1,2.05,0.8723,8,2.05,0.8723,1,2.06,0.8765,200,0
SPY190722C298,2019-07-19,2019-07-19 09:37:40,2.08,0.8851,1,2.05,0.8723,10,2.05,0.8723,1,2.065,0.8787,200,0
SPY190722C298,2019-07-19,2019-07-19 09:37:41,2.07,0.8808,163,2.03,0.8638,6,2.05,0.8723,1,2.05,0.8723,200,0
SPY190722C298,2019-07-19,2019-07-19 09:37:41,2.07,0.8808,10,2.05,0.8723,12,2.05,0.8723,1,2.06,0.8765,200,0
SPY190722C298,2019-07-19,2019-07-19 09:37:42,2.07,0.8808,168,2.03,0.8638,6,2.05,0.8723,1,2.05,0.8723,200,0
SPY190722C298,2019-07-19,2019-07-19 09:37:42,2.07,0.8808,168,2.03,0.8638,10,2.05,0.8723,1,2.05,0.8723,200,0
SPY190722C298,2019-07-19,2019-07-19 09:37:43,2.06,0.8765,10,2.03,0.8638,36,2.05,0.8723,1,2.045,0.8702,200,0
SPY190722C298,2019-07-19,2019-07-19 09:37:43,2.07,0.8808,168,2.03,0.8638,36,2.05,0.8723,1,2.05,0.8723,200,0
SPY190722C298,2019-07-19,2019-07-19 09:37:44,2.06,0.8765,10,2.04,0.868,7,2.05,0.8723,1,2.05,0.8723,200,0
SPY190722C298,2019-07-19,2019-07-19 09:37:44,2.06,0.8765,10,2.04,0.868,8,2.05,0.8723,1,2.05,0.8723,200,0
SPY190722C298,2019-07-19,2019-07-19 09:37:45,2.06,0.8765,10,2.03,0.8638,10,2.05,0.8723,1,2.045,0.8702,200,0
SPY190722C298,2019-07-19,2019-07-19 09:37:46,2.05,0.8723,7,2.03,0.8638,8,2.05,0.8723,1,2.04,0.868,200,0
SPY190722C298,2019-07-19,2019-07-19 09:37:46,2.06,0.8765,100,2.02,0.8595,100,2.05,0.8723,1,2.04,0.868,200,0
SPY190722C298,2019-07-19,2019-07-19 09:37:47,2.05,0.8723,7,2.03,0.8638,8,2.05,0.8723,1,2.04,0.868,200,0
SPY190722C298,2019-07-19,2019-07-19 09:37:48,2.05,0.8723,7,2.03,0.8638,8,2.05,0.8723,1,2.04,0.868,200,0
SPY190722C298,2019-07-19,2019-07-19 09:37:49,2.05,0.8723,7,2.03,0.8638,8,2.05,0.8723,1,2.04,0.868,200,0
SPY190722C298,2019-07-19,2019-07-19 09:37:50,2.05,0.8723,1,2.03,0.8638,34,2.04,0.868,5,2.04,0.868,205,0
SPY190722C298,2019-07-19,2019-07-19 09:37:50,2.05,0.8723,7,2.03,0.8638,8,2.04,0.868,5,2.04,0.868,205,5
SPY190722C298,2019-07-19,2019-07-19 09:37:51,2.05,0.8723,1,2.03,0.8638,10,2.04,0.868,5,2.04,0.868,205,0
SPY190722C298,2019-07-19,2019-07-19 09:37:52,2.05,0.8723,1,2.01,0.8553,165,2.02,0.8595,2,2.03,0.8638,207,2
SPY190722C298,2019-07-19,2019-07-19 09:37:52,2.05,0.8723,1,2.03,0.8638,10,2.04,0.868,5,2.04,0.868,205,0
SPY190722C298,2019-07-19,2019-07-19 09:37:53,2.04,0.868,7,2.02,0.8595,7,2.02,0.8595,2,2.03,0.8638,207,0
SPY190722C298,2019-07-19,2019-07-19 09:37:54,2.05,0.8723,7,2.02,0.8595,44,2.02,0.8595,2,2.035,0.8659,207,0
SPY190722C298,2019-07-19,2019-07-19 09:37:54,2.05,0.8723,10,2.02,0.8595,41,2.02,0.8595,2,2.035,0.8659,207,0
SPY190722C298,2019-07-19,2019-07-19 09:37:55,2.05,0.8723,7,2.03,0.8638,8,2.02,0.8595,2,2.04,0.868,207,0
SPY190722C298,2019-07-19,2019-07-19 09:37:55,2.05,0.8723,10,2.03,0.8638,8,2.02,0.8595,2,2.04,0.868,207,0
SPY190722C298,2019-07-19,2019-07-19 09:37:56,2.05,0.8723,10,2.03,0.8638,39,2.02,0.8595,2,2.04,0.868,207,0
SPY190722C298,2019-07-19,2019-07-19 09:37:57,2.04,0.868,7,2.02,0.8595,7,2.02,0.8595,2,2.03,0.8638,207,0
SPY190722C298,2019-07-19,2019-07-19 09:37:57,2.05,0.8723,10,2.03,0.8638,39,2.02,0.8595,2,2.04,0.868,207,0
SPY190722C298,2019-07-19,2019-07-19 09:37:58,2.05,0.8723,7,2.03,0.8638,8,2.02,0.8595,2,2.04,0.868,207,0
SPY190722C298,2019-07-19,2019-07-19 09:37:59,2.05,0.8723,7,2.03,0.8638,10,2.02,0.8595,2,2.04,0.868,207,0
SPY190722C298,2019-07-19,2019-07-19 09:37:59,2.06,0.8765,6,2.04,0.868,1,2.02,0.8595,2,2.05,0.8723,207,0
SPY190722C298,2019-07-19,2019-07-19 09:38:00,2.06,0.8765,10,2.04,0.868,8,2.02,0.8595,2,2.05,0.8723,207,0
SPY190722C298,2019-07-19,2019-07-19 09:38:00,2.08,0.8851,170,2.04,0.868,20,2.02,0.8595,2,2.06,0.8765,207,0
SPY190722C298,2019-07-19,2019-07-19 09:38:01,2.07,0.8808,11,2.04,0.868,10,2.02,0.8595,2,2.055,0.8744,207,0
SPY190722C298,2019-07-19,2019-07-19 09:38:01,2.07,0.8808,7,2.04,0.868,8,2.02,0.8595,2,2.055,0.8744,207,0
SPY190722C298,2019-07-19,2019-07-19 09:38:02,2.06,0.8765,7,2.04,0.868,9,2.02,0.8595,2,2.05,0.8723,207,0
SPY190722C298,2019-07-19,2019-07-19 09:38:03,2.06,0.8765,7,2.04,0.868,8,2.02,0.8595,2,2.05,0.8723,207,0
SPY190722C298,2019-07-19,2019-07-19 09:38:03,2.07,0.8808,10,2.04,0.868,43,2.02,0.8595,2,2.055,0.8744,207,0
SPY190722C298,2019-07-19,2019-07-19 09:38:04,2.06,0.8765,1,2.05,0.8723,7,2.06,0.8765,2,2.055,0.8744,209,2
SPY190722C298,2019-07-19,2019-07-19 09:38:04,2.08,0.8851,1,2.05,0.8723,11,2.06,0.8765,2,2.065,0.8787,209,0
SPY190722C298,2019-07-19,2019-07-19 09:38:05,2.08,0.8851,1,2.05,0.8723,11,2.06,0.8765,2,2.065,0.8787,209,0
SPY190722C298,2019-07-19,2019-07-19 09:38:06,2.07,0.8808,7,2.05,0.8723,12,2.06,0.8765,2,2.06,0.8765,209,0
SPY190722C298,2019-07-19,2019-07-19 09:38:07,2.06,0.8765,7,2.04,0.868,7,2.06,0.8765,2,2.05,0.8723,209,0
SPY190722C298,2019-07-19,2019-07-19 09:38:08,2.07,0.8808,8,2.04,0.868,20,2.06,0.8765,2,2.055,0.8744,209,0
SPY190722C298,2019-07-19,2019-07-19 09:38:08,2.06,0.8765,7,2.04,0.868,14,2.06,0.8765,2,2.05,0.8723,209,0
SPY190722C298,2019-07-19,2019-07-19 09:38:09,2.06,0.8765,7,2.04,0.868,16,2.06,0.8765,2,2.05,0.8723,209,0
SPY190722C298,2019-07-19,2019-07-19 09:38:09,2.07,0.8808,8,2.04,0.868,20,2.06,0.8765,2,2.055,0.8744,209,0
SPY190722C298,2019-07-19,2019-07-19 09:38:10,2.06,0.8765,7,2.04,0.868,8,2.06,0.8765,2,2.05,0.8723,209,0
SPY190722C298,2019-07-19,2019-07-19 09:38:11,2.06,0.8765,10,2.04,0.868,10,2.06,0.8765,2,2.05,0.8723,209,0
SPY190722C298,2019-07-19,2019-07-19 09:38:11,2.06,0.8765,7,2.04,0.868,8,2.06,0.8765,2,2.05,0.8723,209,0
SPY190722C298,2019-07-19,2019-07-19 09:38:12,2.05,0.8723,7,2.04,0.868,10,2.06,0.8765,2,2.045,0.8702,209,0
SPY190722C298,2019-07-19,2019-07-19 09:38:12,2.06,0.8765,10,2.04,0.868,10,2.06,0.8765,2,2.05,0.8723,209,0
SPY190722C298,2019-07-19,2019-07-19 09:38:13,2.06,0.8765,100,2.03,0.8638,20,2.06,0.8765,2,2.045,0.8702,209,0
SPY190722C298,2019-07-19,2019-07-19 09:38:13,2.05,0.8723,12,2.04,0.868,10,2.06,0.8765,2,2.045,0.8702,209,0
SPY190722C298,2019-07-19,2019-07-19 09:38:14,2.06,0.8765,100,2.03,0.8638,20,2.06,0.8765,2,2.045,0.8702,209,0
SPY190722C298,2019-07-19,2019-07-19 09:38:15,2.05,0.8723,1,2.03,0.8638,20,2.06,0.8765,2,2.04,0.868,209,0
SPY190722C298,2019-07-19,2019-07-19 09:38:15,2.06,0.8765,7,2.03,0.8638,20,2.06,0.8765,2,2.045,0.8702,209,0
SPY190722C298,2019-07-19,2019-07-19 09:38:16,2.06,0.8765,10,2.04,0.868,10,2.06,0.8765,2,2.05,0.8723,209,0
SPY190722C298,2019-07-19,2019-07-19 09:38:16,2.06,0.8765,7,2.04,0.868,7,2.06,0.8765,2,2.05,0.8723,209,0
SPY190722C298,2019-07-19,2019-07-19 09:38:17,2.06,0.8765,1,2.04,0.868,15,2.06,0.8765,2,2.05,0.8723,209,0
SPY190722C298,2019-07-19,2019-07-19 09:38:17,2.06,0.8765,7,2.04,0.868,10,2.06,0.8765,2,2.05,0.8723,209,0
SPY190722C298,2019-07-19,2019-07-19 09:38:18,2.06,0.8765,7,2.04,0.868,5,2.06,0.8765,2,2.05,0.8723,209,0
SPY190722C298,2019-07-19,2019-07-19 09:38:19,2.07,0.8808,97,2.04,0.868,5,2.06,0.8765,2,2.055,0.8744,209,0
SPY190722C298,2019-07-19,2019-07-19 09:38:20,2.06,0.8765,7,2.04,0.868,11,2.06,0.8765,2,2.05,0.8723,209,0
SPY190722C298,2019-07-19,2019-07-19 09:38:21,2.06,0.8765,7,2.04,0.868,10,2.06,0.8765,2,2.05,0.8723,209,0
SPY190722C298,2019-07-19,2019-07-19 09:38:22,2.06,0.8765,7,2.04,0.868,8,2.06,0.8765,2,2.05,0.8723,209,0
SPY190722C298,2019-07-19,2019-07-19 09:38:23,2.06,0.8765,7,2.04,0.868,8,2.06,0.8765,2,2.05,0.8723,209,0
SPY190722C298,2019-07-19,2019-07-19 09:38:23,2.06,0.8765,10,2.04,0.868,10,2.06,0.8765,2,2.05,0.8723,209,0
SPY190722C298,2019-07-19,2019-07-19 09:38:24,2.06,0.8765,10,2.04,0.868,10,2.06,0.8765,2,2.05,0.8723,209,0
SPY190722C298,2019-07-19,2019-07-19 09:38:25,2.06,0.8765,7,2.04,0.868,10,2.06,0.8765,2,2.05,0.8723,209,0
SPY190722C298,2019-07-19,2019-07-19 09:38:25,2.07,0.8808,100,2.04,0.868,8,2.06,0.8765,2,2.055,0.8744,209,0
SPY190722C298,2019-07-19,2019-07-19 09:38:26,2.06,0.8765,8,2.04,0.868,14,2.06,0.8765,2,2.05,0.8723,209,0
SPY190722C298,2019-07-19,2019-07-19 09:38:26,2.07,0.8808,110,2.04,0.868,8,2.06,0.8765,2,2.055,0.8744,209,0
SPY190722C298,2019-07-19,2019-07-19 09:38:27,2.05,0.8723,7,2.04,0.868,1,2.06,0.8765,2,2.045,0.8702,209,0
SPY190722C298,2019-07-19,2019-07-19 09:38:28,2.05,0.8723,7,2.04,0.868,1,2.06,0.8765,2,2.045,0.8702,209,0
SPY190722C298,2019-07-19,2019-07-19 09:38:29,2.05,0.8723,7,2.04,0.868,1,2.06,0.8765,2,2.045,0.8702,209,0
SPY190722C298,2019-07-19,2019-07-19 09:38:30,2.05,0.8723,7,2.04,0.868,1,2.06,0.8765,2,2.045,0.8702,209,0
SPY190722C298,2019-07-19,2019-07-19 09:38:31,2.05,0.8723,7,2.04,0.868,1,2.06,0.8765,2,2.045,0.8702,209,0
SPY190722C298,2019-07-19,2019-07-19 09:38:31,2.06,0.8765,1,2.04,0.868,2,2.06,0.8765,2,2.05,0.8723,209,0
SPY190722C298,2019-07-19,2019-07-19 09:38:32,2.06,0.8765,7,2.04,0.868,8,2.06,0.8765,2,2.05,0.8723,209,0
SPY190722C298,2019-07-19,2019-07-19 09:38:32,2.07,0.8808,169,2.04,0.868,2,2.06,0.8765,2,2.055,0.8744,209,0
SPY190722C298,2019-07-19,2019-07-19 09:38:33,2.06,0.8765,7,2.04,0.868,8,2.06,0.8765,2,2.05,0.8723,209,0
SPY190722C298,2019-07-19,2019-07-19 09:38:33,2.05,0.8723,1,2.04,0.868,10,2.06,0.8765,2,2.045,0.8702,209,0
SPY190722C298,2019-07-19,2019-07-19 09:38:34,2.08,0.8851,165,2.05,0.8723,1,2.05,0.8723,1,2.065,0.8787,210,1
SPY190722C298,2019-07-19,2019-07-19 09:38:35,2.07,0.8808,7,2.05,0.8723,12,2.05,0.8723,1,2.06,0.8765,210,0
SPY190722C298,2019-07-19,2019-07-19 09:38:35,2.08,0.8851,110,2.04,0.868,68,2.05,0.8723,1,2.06,0.8765,210,0
SPY190722C298,2019-07-19,2019-07-19 09:38:36,2.07,0.8808,1,2.05,0.8723,20,2.05,0.8723,1,2.06,0.8765,210,0
SPY190722C298,2019-07-19,2019-07-19 09:38:36,2.07,0.8808,7,2.05,0.8723,27,2.05,0.8723,1,2.06,0.8765,210,0
SPY190722C298,2019-07-19,2019-07-19 09:38:37,2.07,0.8808,7,2.05,0.8723,21,2.05,0.8723,1,2.06,0.8765,210,0
SPY190722C298,2019-07-19,2019-07-19 09:38:38,2.08,0.8851,34,2.05,0.8723,110,2.05,0.8723,4,2.065,0.8787,214,0
SPY190722C298,2019-07-19,2019-07-19 09:38:38,2.07,0.8808,1,2.05,0.8723,64,2.05,0.8723,4,2.06,0.8765,214,4
SPY190722C298,2019-07-19,2019-07-19 09:38:39,2.08,0.8851,38,2.05,0.8723,110,2.05,0.8723,4,2.065,0.8787,214,0
SPY190722C298,2019-07-19,2019-07-19 09:38:39,2.08,0.8851,43,2.05,0.8723,110,2.05,0.8723,4,2.065,0.8787,214,0
SPY190722C298,2019-07-19,2019-07-19 09:38:40,2.07,0.8808,7,2.05,0.8723,97,2.05,0.8723,4,2.06,0.8765,214,0
SPY190722C298,2019-07-19,2019-07-19 09:38:40,2.07,0.8808,7,2.05,0.8723,74,2.05,0.8723,4,2.06,0.8765,214,0
SPY190722C298,2019-07-19,2019-07-19 09:38:41,2.07,0.8808,7,2.05,0.8723,97,2.05,0.8723,4,2.06,0.8765,214,0
SPY190722C298,2019-07-19,2019-07-19 09:38:42,2.07,0.8808,7,2.05,0.8723,87,2.05,0.8723,4,2.06,0.8765,214,0
SPY190722C298,2019-07-19,2019-07-19 09:38:42,2.07,0.8808,7,2.05,0.8723,73,2.05,0.8723,4,2.06,0.8765,214,0
SPY190722C298,2019-07-19,2019-07-19 09:38:43,2.07,0.8808,1,2.05,0.8723,58,2.05,0.8723,4,2.06,0.8765,214,0
SPY190722C298,2019-07-19,2019-07-19 09:38:43,2.07,0.8808,7,2.05,0.8723,87,2.05,0.8723,4,2.06,0.8765,214,0
SPY190722C298,2019-07-19,2019-07-19 09:38:44,2.07,0.8808,7,2.04,0.868,11,2.05,0.8723,4,2.055,0.8744,214,0
SPY190722C298,2019-07-19,2019-07-19 09:38:44,2.07,0.8808,7,2.04,0.868,20,2.05,0.8723,4,2.055,0.8744,214,0
SPY190722C298,2019-07-19,2019-07-19 09:38:45,2.07,0.8808,10,2.05,0.8723,8,2.05,0.8723,4,2.06,0.8765,214,0
SPY190722C298,2019-07-19,2019-07-19 09:38:45,2.07,0.8808,7,2.05,0.8723,8,2.05,0.8723,4,2.06,0.8765,214,0
SPY190722C298,2019-07-19,2019-07-19 09:38:46,2.07,0.8808,10,2.05,0.8723,20,2.05,0.8723,4,2.06,0.8765,214,0
SPY190722C298,2019-07-19,2019-07-19 09:38:47,2.1,0.8936,169,2.06,0.8765,7,2.07,0.8808,1,2.08,0.8851,215,1
SPY190722C298,2019-07-19,2019-07-19 09:38:47,2.1,0.8936,169,2.07,0.8808,1,2.07,0.8808,1,2.085,0.8872,215,0
SPY190722C298,2019-07-19,2019-07-19 09:38:48,2.1,0.8936,100,2.06,0.8765,7,2.07,0.8808,1,2.08,0.8851,215,0
SPY190722C298,2019-07-19,2019-07-19 09:38:48,2.1,0.8936,167,2.07,0.8808,10,2.07,0.8808,1,2.085,0.8872,215,0
SPY190722C298,2019-07-19,2019-07-19 09:38:49,2.09,0.8893,110,2.06,0.8765,10,2.07,0.8808,1,2.075,0.8829,215,0
SPY190722C298,2019-07-19,2019-07-19 09:38:50,2.08,0.8851,7,2.06,0.8765,10,2.07,0.8808,1,2.07,0.8808,215,0
SPY190722C298,2019-07-19,2019-07-19 09:38:51,2.1,0.8936,169,2.06,0.8765,20,2.07,0.8808,1,2.08,0.8851,215,0
SPY190722C298,2019-07-19,2019-07-19 09:38:51,2.08,0.8851,1,2.06,0.8765,7,2.07,0.8808,1,2.07,0.8808,215,0
SPY190722C298,2019-07-19,2019-07-19 09:38:52,2.09,0.8893,44,2.06,0.8765,7,2.07,0.8808,1,2.075,0.8829,215,0
SPY190722C298,2019-07-19,2019-07-19 09:38:52,2.09,0.8893,44,2.06,0.8765,10,2.06,0.8765,1,2.075,0.8829,216,1
SPY190722C298,2019-07-19,2019-07-19 09:38:53,2.08,0.8851,1,2.06,0.8765,10,2.06,0.8765,1,2.07,0.8808,216,0
SPY190722C298,2019-07-19,2019-07-19 09:38:54,2.08,0.8851,7,2.06,0.8765,10,2.06,0.8765,1,2.07,0.8808,216,0
SPY190722C298,2019-07-19,2019-07-19 09:38:54,2.08,0.8851,1,2.06,0.8765,10,2.06,0.8765,1,2.07,0.8808,216,0
SPY190722C298,2019-07-19,2019-07-19 09:38:55,2.08,0.8851,1,2.06,0.8765,10,2.06,0.8765,1,2.07,0.8808,216,0
SPY190722C298,2019-07-19,2019-07-19 09:38:56,2.08,0.8851,10,2.06,0.8765,10,2.06,0.8765,1,2.07,0.8808,216,0
SPY190722C298,2019-07-19,2019-07-19 09:38:57,2.08,0.8851,1,2.06,0.8765,14,2.06,0.8765,1,2.07,0.8808,216,0
SPY190722C298,2019-07-19,2019-07-19 09:38:57,2.08,0.8851,7,2.06,0.8765,14,2.06,0.8765,1,2.07,0.8808,216,0
SPY190722C298,2019-07-19,2019-07-19 09:38:58,2.08,0.8851,7,2.06,0.8765,14,2.06,0.8765,1,2.07,0.8808,216,0
SPY190722C298,2019-07-19,2019-07-19 09:38:58,2.08,0.8851,7,2.06,0.8765,7,2.06,0.8765,1,2.07,0.8808,216,0
SPY190722C298,2019-07-19,2019-07-19 09:38:59,2.08,0.8851,38,2.05,0.8723,10,2.06,0.8765,1,2.065,0.8787,216,0
SPY190722C298,2019-07-19,2019-07-19 09:38:59,2.07,0.8808,1,2.05,0.8723,10,2.06,0.8765,1,2.06,0.8765,216,0
SPY190722C298,2019-07-19,2019-07-19 09:39:00,2.08,0.8851,38,2.05,0.8723,11,2.06,0.8765,1,2.065,0.8787,216,0
SPY190722C298,2019-07-19,2019-07-19 09:39:01,2.07,0.8808,168,2.03,0.8638,10,2.06,0.8765,1,2.05,0.8723,216,0
SPY190722C298,2019-07-19,2019-07-19 09:39:02,2.05,0.8723,8,2.02,0.8595,7,2.06,0.8765,1,2.035,0.8659,216,0
SPY190722C298,2019-07-19,2019-07-19 09:39:02,2.06,0.8765,5,2.01,0.8553,63,2.06,0.8765,1,2.035,0.8659,216,0
SPY190722C298,2019-07-19,2019-07-19 09:39:03,2.04,0.868,1,2.02,0.8595,10,2.06,0.8765,1,2.03,0.8638,216,0
SPY190722C298,2019-07-19,2019-07-19 09:39:03,2.06,0.8765,64,2.03,0.8638,10,2.06,0.8765,1,2.045,0.8702,216,0
SPY190722C298,2019-07-19,2019-07-19 09:39:04,2.07,0.8808,170,2.03,0.8638,10,2.06,0.8765,1,2.05,0.8723,216,0
SPY190722C298,2019-07-19,2019-07-19 09:39:05,2.06,0.8765,7,2.04,0.868,7,2.06,0.8765,1,2.05,0.8723,216,0
SPY190722C298,2019-07-19,2019-07-19 09:39:05,2.07,0.8808,170,2.03,0.8638,10,2.06,0.8765,1,2.05,0.8723,216,0
SPY190722C298,2019-07-19,2019-07-19 09:39:06,2.06,0.8765,7,2.04,0.868,7,2.06,0.8765,1,2.05,0.8723,216,0
SPY190722C298,2019-07-19,2019-07-19 09:39:06,2.06,0.8765,7,2.04,0.868,10,2.06,0.8765,1,2.05,0.8723,216,0
SPY190722C298,2019-07-19,2019-07-19 09:39:07,2.06,0.8765,7,2.04,0.868,10,2.06,0.8765,1,2.05,0.8723,216,0
SPY190722C298,2019-07-19,2019-07-19 09:39:08,2.06,0.8765,6,2.04,0.868,10,2.06,0.8765,1,2.05,0.8723,216,0
SPY190722C298,2019-07-19,2019-07-19 09:39:09,2.06,0.8765,6,2.04,0.868,10,2.06,0.8765,1,2.05,0.8723,216,0
SPY190722C298,2019-07-19,2019-07-19 09:39:09,2.06,0.8765,45,2.03,0.8638,20,2.06,0.8765,1,2.045,0.8702,216,0
SPY190722C298,2019-07-19,2019-07-19 09:39:10,2.05,0.8723,10,2.01,0.8553,165,2.06,0.8765,1,2.03,0.8638,216,0
SPY190722C298,2019-07-19,2019-07-19 09:39:10,2.06,0.8765,132,2.02,0.8595,165,2.06,0.8765,1,2.04,0.868,216,0
SPY190722C298,2019-07-19,2019-07-19 09:39:11,2.04,0.868,1,2.02,0.8595,7,2.06,0.8765,1,2.03,0.8638,216,0
SPY190722C298,2019-07-19,2019-07-19 09:39:12,2.07,0.8808,65,2.04,0.868,6,2.06,0.8765,1,2.055,0.8744,216,0
SPY190722C298,2019-07-19,2019-07-19 09:39:12,2.07,0.8808,170,2.03,0.8638,20,2.06,0.8765,1,2.05,0.8723,216,0
SPY190722C298,2019-07-19,2019-07-19 09:39:13,2.06,0.8765,11,2.04,0.868,13,2.06,0.8765,1,2.05,0.8723,216,0
SPY190722C298,2019-07-19,2019-07-19 09:39:13,2.06,0.8765,7,2.04,0.868,12,2.06,0.8765,1,2.05,0.8723,216,0
SPY190722C298,2019-07-19,2019-07-19 09:39:14,2.06,0.8765,10,2.04,0.868,7,2.06,0.8765,1,2.05,0.8723,216,0
SPY190722C298,2019-07-19,2019-07-19 09:39:14,2.06,0.8765,10,2.04,0.868,12,2.06,0.8765,1,2.05,0.8723,216,0
SPY190722C298,2019-07-19,2019-07-19 09:39:15,2.06,0.8765,7,2.04,0.868,10,2.06,0.8765,1,2.05,0.8723,216,0
SPY190722C298,2019-07-19,2019-07-19 09:39:16,2.06,0.8765,10,2.04,0.868,10,2.06,0.8765,1,2.05,0.8723,216,0
SPY190722C298,2019-07-19,2019-07-19 09:39:16,2.06,0.8765,7,2.04,0.868,10,2.06,0.8765,1,2.05,0.8723,216,0
SPY190722C298,2019-07-19,2019-07-19 09:39:17,2.06,0.8765,10,2.04,0.868,10,2.06,0.8765,1,2.05,0.8723,216,0
SPY190722C298,2019-07-19,2019-07-19 09:39:18,2.06,0.8765,10,2.04,0.868,10,2.06,0.8765,1,2.05,0.8723,216,0
SPY190722C298,2019-07-19,2019-07-19 09:39:19,2.05,0.8723,7,2.02,0.8595,7,2.06,0.8765,1,2.035,0.8659,216,0
SPY190722C298,2019-07-19,2019-07-19 09:39:20,2.05,0.8723,1,2.03,0.8638,12,2.06,0.8765,1,2.04,0.868,216,0
SPY190722C298,2019-07-19,2019-07-19 09:39:20,2.06,0.8765,7,2.04,0.868,10,2.06,0.8765,1,2.05,0.8723,216,0
SPY190722C298,2019-07-19,2019-07-19 09:39:21,2.08,0.8851,101,2.04,0.868,40,2.06,0.8765,1,2.06,0.8765,216,0
SPY190722C298,2019-07-19,2019-07-19 09:39:22,2.09,0.8893,165,2.05,0.8723,15,2.06,0.8765,1,2.07,0.8808,216,0
SPY190722C298,2019-07-19,2019-07-19 09:39:22,2.07,0.8808,1,2.05,0.8723,15,2.06,0.8765,1,2.06,0.8765,216,0
SPY190722C298,2019-07-19,2019-07-19 09:39:23,2.07,0.8808,1,2.06,0.8765,7,2.06,0.8765,1,2.065,0.8787,216,0
SPY190722C298,2019-07-19,2019-07-19 09:39:24,2.09,0.8893,7,2.06,0.8765,20,2.06,0.8765,1,2.075,0.8829,216,0
SPY190722C298,2019-07-19,2019-07-19 09:39:24,2.09,0.8893,10,2.06,0.8765,20,2.06,0.8765,1,2.075,0.8829,216,0
SPY190722C298,2019-07-19,2019-07-19 09:39:25,2.08,0.8851,1,2.07,0.8808,8,2.06,0.8765,1,2.075,0.8829,216,0
SPY190722C298,2019-07-19,2019-07-19 09:39:25,2.09,0.8893,12,2.06,0.8765,78,2.06,0.8765,1,2.075,0.8829,216,0
SPY190722C298,2019-07-19,2019-07-19 09:39:26,2.09,0.8893,7,2.07,0.8808,13,2.06,0.8765,1,2.08,0.8851,216,0
SPY190722C298,2019-07-19,2019-07-19 09:39:27,2.09,0.8893,10,2.07,0.8808,10,2.06,0.8765,1,2.08,0.8851,216,0
SPY190722C298,2019-07-19,2019-07-19 09:39:27,2.09,0.8893,7,2.07,0.8808,8,2.06,0.8765,1,2.08,0.8851,216,0
SPY190722C298,2019-07-19,2019-07-19 09:39:28,2.1,0.8936,16,2.07,0.8808,20,2.06,0.8765,1,2.085,0.8872,216,0
SPY190722C298,2019-07-19,2019-07-19 09:39:28,2.1,0.8936,5,2.07,0.8808,11,2.06,0.8765,1,2.085,0.8872,216,0
SPY190722C298,2019-07-19,2019-07-19 09:39:29,2.09,0.8893,7,2.07,0.8808,20,2.06,0.8765,1,2.08,0.8851,216,0
SPY190722C298,2019-07-19,2019-07-19 09:39:30,2.09,0.8893,7,2.07,0.8808,12,2.06,0.8765,1,2.08,0.8851,216,0
SPY190722C298,2019-07-19,2019-07-19 09:39:31,2.09,0.8893,1,2.08,0.8851,1,2.06,0.8765,1,2.085,0.8872,216,0
SPY190722C298,2019-07-19,2019-07-19 09:39:32,2.1,0.8936,10,2.08,0.8851,7,2.06,0.8765,1,2.09,0.8893,216,0
SPY190722C298,2019-07-19,2019-07-19 09:39:32,2.09,0.8893,1,2.08,0.8851,1,2.06,0.8765,1,2.085,0.8872,216,0
SPY190722C298,2019-07-19,2019-07-19 09:39:33,2.1,0.8936,5,2.08,0.8851,10,2.06,0.8765,1,2.09,0.8893,216,0
SPY190722C298,2019-07-19,2019-07-19 09:39:34,2.1,0.8936,4,2.09,0.8893,10,2.06,0.8765,1,2.095,0.8914,216,0
SPY190722C298,2019-07-19,2019-07-19 09:39:35,2.11,0.8978,1,2.09,0.8893,10,2.1,0.8936,4,2.1,0.8936,220,4
SPY190722C298,2019-07-19,2019-07-19 09:39:36,2.13,0.9063,7,2.09,0.8893,100,2.1,0.8936,4,2.11,0.8978,220,0
SPY190722C298,2019-07-19,2019-07-19 09:39:36,2.12,0.9021,7,2.09,0.8893,8,2.1,0.8936,4,2.105,0.8957,220,0
SPY190722C298,2019-07-19,2019-07-19 09:39:37,2.11,0.8978,7,2.09,0.8893,13,2.1,0.8936,4,2.1,0.8936,220,0
SPY190722C298,2019-07-19,2019-07-19 09:39:38,2.11,0.8978,7,2.09,0.8893,13,2.1,0.8936,4,2.1,0.8936,220,0
SPY190722C298,2019-07-19,2019-07-19 09:39:39,2.14,0.9106,101,2.11,0.8978,7,2.1,0.8936,4,2.125,0.9042,220,0
SPY190722C298,2019-07-19,2019-07-19 09:39:39,2.12,0.9021,6,2.09,0.8893,16,2.1,0.8936,4,2.105,0.8957,220,0
SPY190722C298,2019-07-19,2019-07-19 09:39:40,2.13,0.9063,7,2.1,0.8936,1,2.1,0.8936,4,2.115,0.9,220,0
SPY190722C298,2019-07-19,2019-07-19 09:39:40,2.13,0.9063,10,2.1,0.8936,7,2.1,0.8936,4,2.115,0.9,220,0
SPY190722C298,2019-07-19,2019-07-19 09:39:41,2.13,0.9063,7,2.11,0.8978,9,2.1,0.8936,4,2.12,0.9021,220,0
SPY190722C298,2019-07-19,2019-07-19 09:39:42,2.13,0.9063,7,2.11,0.8978,9,2.1,0.8936,4,2.12,0.9021,220,0
SPY190722C298,2019-07-19,2019-07-19 09:39:42,2.13,0.9063,7,2.11,0.8978,10,2.1,0.8936,4,2.12,0.9021,220,0
SPY190722C298,2019-07-19,2019-07-19 09:39:43,2.13,0.9063,10,2.11,0.8978,10,2.1,0.8936,4,2.12,0.9021,220,0
SPY190722C298,2019-07-19,2019-07-19 09:39:43,2.13,0.9063,7,2.11,0.8978,10,2.1,0.8936,4,2.12,0.9021,220,0
SPY190722C298,2019-07-19,2019-07-19 09:39:44,2.13,0.9063,10,2.11,0.8978,10,2.1,0.8936,4,2.12,0.9021,220,0
