symbol,Date,quote_time,ask_price,norm_ask_price,ask_size,bid_price,norm_bid_price,bid_size,last_trade_price,norm_last_trade_price,last_trade_size,mark_price,norm_mark_price,volume,Volume
SPY190712C298,2019-07-11,2019-07-11 09:30:00,1.3,1.0,36,1.27,0.9769,148,1.3,1.0,1,1.285,0.9884,18554,18554
SPY190712C298,2019-07-11,2019-07-11 09:30:05,1.67,1.2846,10,1.62,1.2461,10,1.57,1.2076,3,1.645,1.2653,24,-18530
SPY190712C298,2019-07-11,2019-07-11 09:30:06,1.7,1.3076,1,1.65,1.2692,1,1.57,1.2076,3,1.675,1.2884,24,0
SPY190712C298,2019-07-11,2019-07-11 09:30:07,1.7,1.3076,1,1.66,1.2769,2,1.57,1.2076,3,1.68,1.2923,24,0
SPY190712C298,2019-07-11,2019-07-11 09:30:08,1.7,1.3076,1,1.66,1.2769,2,1.57,1.2076,3,1.68,1.2923,24,0
SPY190712C298,2019-07-11,2019-07-11 09:30:09,1.7,1.3076,1,1.66,1.2769,2,1.57,1.2076,3,1.68,1.2923,24,0
SPY190712C298,2019-07-11,2019-07-11 09:30:10,1.7,1.3076,1,1.66,1.2769,2,1.66,1.2769,10,1.68,1.2923,34,10
SPY190712C298,2019-07-11,2019-07-11 09:30:10,1.7,1.3076,1,1.66,1.2769,2,1.57,1.2076,3,1.68,1.2923,24,0
SPY190712C298,2019-07-11,2019-07-11 09:30:11,1.7,1.3076,1,1.66,1.2769,2,1.66,1.2769,10,1.68,1.2923,34,0
SPY190712C298,2019-07-11,2019-07-11 09:30:12,1.7,1.3076,1,1.66,1.2769,2,1.64,1.2615,3,1.68,1.2923,37,3
SPY190712C298,2019-07-11,2019-07-11 09:30:12,1.7,1.3076,1,1.66,1.2769,2,1.66,1.2769,10,1.68,1.2923,34,0
SPY190712C298,2019-07-11,2019-07-11 09:30:13,1.7,1.3076,1,1.66,1.2769,2,1.64,1.2615,3,1.68,1.2923,37,0
SPY190712C298,2019-07-11,2019-07-11 09:30:14,1.7,1.3076,1,1.66,1.2769,2,1.63,1.2538,6,1.68,1.2923,57,20
SPY190712C298,2019-07-11,2019-07-11 09:30:14,1.7,1.3076,1,1.66,1.2769,2,1.63,1.2538,6,1.68,1.2923,57,0
SPY190712C298,2019-07-11,2019-07-11 09:30:15,1.71,1.3153,5,1.66,1.2769,2,1.63,1.2538,6,1.685,1.2961,57,0
SPY190712C298,2019-07-11,2019-07-11 09:30:15,1.71,1.3153,9,1.66,1.2769,2,1.63,1.2538,6,1.685,1.2961,57,0
SPY190712C298,2019-07-11,2019-07-11 09:30:16,1.71,1.3153,36,1.67,1.2846,1,1.63,1.2538,6,1.69,1.3,57,0
SPY190712C298,2019-07-11,2019-07-11 09:30:16,1.71,1.3153,5,1.66,1.2769,2,1.63,1.2538,6,1.685,1.2961,57,0
SPY190712C298,2019-07-11,2019-07-11 09:30:17,1.71,1.3153,36,1.67,1.2846,1,1.63,1.2538,6,1.69,1.3,57,0
SPY190712C298,2019-07-11,2019-07-11 09:30:18,1.71,1.3153,5,1.67,1.2846,1,1.63,1.2538,6,1.69,1.3,57,0
SPY190712C298,2019-07-11,2019-07-11 09:30:19,1.71,1.3153,5,1.67,1.2846,1,1.63,1.2538,6,1.69,1.3,57,0
SPY190712C298,2019-07-11,2019-07-11 09:30:20,1.71,1.3153,5,1.67,1.2846,1,1.63,1.2538,6,1.69,1.3,57,0
SPY190712C298,2019-07-11,2019-07-11 09:30:21,1.71,1.3153,6,1.67,1.2846,1,1.57,1.2076,10,1.69,1.3,67,0
SPY190712C298,2019-07-11,2019-07-11 09:30:21,1.71,1.3153,6,1.67,1.2846,1,1.57,1.2076,10,1.69,1.3,67,10
SPY190712C298,2019-07-11,2019-07-11 09:30:22,1.71,1.3153,6,1.67,1.2846,1,1.57,1.2076,10,1.69,1.3,67,0
SPY190712C298,2019-07-11,2019-07-11 09:30:22,1.71,1.3153,6,1.67,1.2846,6,1.57,1.2076,10,1.69,1.3,67,0
SPY190712C298,2019-07-11,2019-07-11 09:30:23,1.71,1.3153,1,1.67,1.2846,6,1.57,1.2076,10,1.69,1.3,67,0
SPY190712C298,2019-07-11,2019-07-11 09:30:24,1.71,1.3153,6,1.67,1.2846,6,1.57,1.2076,10,1.69,1.3,67,0
SPY190712C298,2019-07-11,2019-07-11 09:30:24,1.71,1.3153,1,1.67,1.2846,6,1.57,1.2076,10,1.69,1.3,67,0
SPY190712C298,2019-07-11,2019-07-11 09:30:25,1.71,1.3153,6,1.68,1.2923,3,1.57,1.2076,10,1.695,1.3038,67,0
SPY190712C298,2019-07-11,2019-07-11 09:30:26,1.71,1.3153,5,1.68,1.2923,3,1.57,1.2076,10,1.695,1.3038,67,0
SPY190712C298,2019-07-11,2019-07-11 09:30:27,1.71,1.3153,5,1.68,1.2923,3,1.57,1.2076,10,1.695,1.3038,67,0
SPY190712C298,2019-07-11,2019-07-11 09:30:28,1.72,1.323,100,1.68,1.2923,3,1.57,1.2076,10,1.7,1.3076,67,0
SPY190712C298,2019-07-11,2019-07-11 09:30:29,1.71,1.3153,10,1.67,1.2846,1,1.57,1.2076,10,1.69,1.3,67,0
SPY190712C298,2019-07-11,2019-07-11 09:30:30,1.67,1.2846,10,1.63,1.2538,1,1.57,1.2076,10,1.65,1.2692,67,0
SPY190712C298,2019-07-11,2019-07-11 09:30:31,1.66,1.2769,5,1.63,1.2538,68,1.57,1.2076,10,1.645,1.2653,67,0
SPY190712C298,2019-07-11,2019-07-11 09:30:31,1.65,1.2692,2,1.59,1.223,1,1.57,1.2076,10,1.62,1.2461,67,0
SPY190712C298,2019-07-11,2019-07-11 09:30:32,1.64,1.2615,45,1.59,1.223,5,1.57,1.2076,10,1.615,1.2423,67,0
SPY190712C298,2019-07-11,2019-07-11 09:30:33,1.61,1.2384,10,1.58,1.2153,10,1.57,1.2076,10,1.595,1.2269,67,0
SPY190712C298,2019-07-11,2019-07-11 09:30:33,1.59,1.223,10,1.57,1.2076,78,1.57,1.2076,10,1.58,1.2153,67,0
SPY190712C298,2019-07-11,2019-07-11 09:30:34,1.65,1.2692,6,1.59,1.223,10,1.57,1.2076,10,1.62,1.2461,67,0
SPY190712C298,2019-07-11,2019-07-11 09:30:35,1.65,1.2692,2,1.61,1.2384,22,1.57,1.2076,10,1.63,1.2538,67,0
SPY190712C298,2019-07-11,2019-07-11 09:30:35,1.65,1.2692,73,1.63,1.2538,10,1.65,1.2692,2,1.64,1.2615,69,2
SPY190712C298,2019-07-11,2019-07-11 09:30:36,1.66,1.2769,1,1.63,1.2538,54,1.65,1.2692,2,1.645,1.2653,69,0
SPY190712C298,2019-07-11,2019-07-11 09:30:37,1.66,1.2769,10,1.62,1.2461,40,1.65,1.2692,2,1.64,1.2615,69,0
SPY190712C298,2019-07-11,2019-07-11 09:30:38,1.69,1.3,10,1.62,1.2461,10,1.65,1.2692,2,1.655,1.273,69,0
SPY190712C298,2019-07-11,2019-07-11 09:30:38,1.65,1.2692,2,1.63,1.2538,68,1.65,1.2692,2,1.64,1.2615,69,0
SPY190712C298,2019-07-11,2019-07-11 09:30:39,1.68,1.2923,1,1.64,1.2615,73,1.65,1.2692,2,1.66,1.2769,69,0
SPY190712C298,2019-07-11,2019-07-11 09:30:40,1.68,1.2923,1,1.64,1.2615,68,1.65,1.2692,2,1.66,1.2769,69,0
SPY190712C298,2019-07-11,2019-07-11 09:30:41,1.67,1.2846,1,1.65,1.2692,1,1.65,1.2692,2,1.66,1.2769,69,0
SPY190712C298,2019-07-11,2019-07-11 09:30:41,1.67,1.2846,1,1.64,1.2615,73,1.65,1.2692,2,1.655,1.273,69,0
SPY190712C298,2019-07-11,2019-07-11 09:30:42,1.68,1.2923,67,1.65,1.2692,1,1.65,1.2692,2,1.665,1.2807,69,0
SPY190712C298,2019-07-11,2019-07-11 09:30:43,1.68,1.2923,1,1.65,1.2692,10,1.65,1.2692,2,1.665,1.2807,69,0
SPY190712C298,2019-07-11,2019-07-11 09:30:44,1.68,1.2923,10,1.65,1.2692,2,1.65,1.2692,2,1.665,1.2807,69,0
SPY190712C298,2019-07-11,2019-07-11 09:30:45,1.66,1.2769,1,1.61,1.2384,48,1.6,1.2307,2,1.635,1.2576,72,3
SPY190712C298,2019-07-11,2019-07-11 09:30:45,1.65,1.2692,72,1.61,1.2384,10,1.6,1.2307,2,1.63,1.2538,72,0
SPY190712C298,2019-07-11,2019-07-11 09:30:46,1.64,1.2615,55,1.61,1.2384,1,1.6,1.2307,2,1.625,1.25,72,0
SPY190712C298,2019-07-11,2019-07-11 09:30:47,1.63,1.2538,2,1.59,1.223,83,1.6,1.2307,2,1.61,1.2384,72,0
SPY190712C298,2019-07-11,2019-07-11 09:30:47,1.64,1.2615,55,1.59,1.223,83,1.6,1.2307,2,1.615,1.2423,72,0
SPY190712C298,2019-07-11,2019-07-11 09:30:49,1.64,1.2615,38,1.6,1.2307,5,1.6,1.2307,2,1.62,1.2461,72,0
SPY190712C298,2019-07-11,2019-07-11 09:30:50,1.65,1.2692,74,1.61,1.2384,68,1.6,1.2307,2,1.63,1.2538,72,0
SPY190712C298,2019-07-11,2019-07-11 09:30:51,1.65,1.2692,4,1.62,1.2461,73,1.6,1.2307,2,1.635,1.2576,72,0
SPY190712C298,2019-07-11,2019-07-11 09:30:51,1.65,1.2692,4,1.62,1.2461,72,1.6,1.2307,2,1.635,1.2576,72,0
SPY190712C298,2019-07-11,2019-07-11 09:30:52,1.65,1.2692,1,1.63,1.2538,10,1.63,1.2538,2,1.64,1.2615,77,5
SPY190712C298,2019-07-11,2019-07-11 09:30:53,1.65,1.2692,10,1.61,1.2384,68,1.63,1.2538,2,1.63,1.2538,77,0
SPY190712C298,2019-07-11,2019-07-11 09:30:53,1.65,1.2692,1,1.62,1.2461,80,1.63,1.2538,2,1.635,1.2576,77,0
SPY190712C298,2019-07-11,2019-07-11 09:30:54,1.65,1.2692,69,1.61,1.2384,68,1.63,1.2538,2,1.63,1.2538,77,0
SPY190712C298,2019-07-11,2019-07-11 09:30:54,1.65,1.2692,68,1.61,1.2384,73,1.63,1.2538,2,1.63,1.2538,77,0
SPY190712C298,2019-07-11,2019-07-11 09:30:55,1.65,1.2692,2,1.62,1.2461,72,1.62,1.2461,1,1.635,1.2576,78,1
SPY190712C298,2019-07-11,2019-07-11 09:30:55,1.65,1.2692,2,1.62,1.2461,10,1.63,1.2538,2,1.635,1.2576,77,0
SPY190712C298,2019-07-11,2019-07-11 09:30:56,1.64,1.2615,3,1.62,1.2461,67,1.62,1.2461,1,1.63,1.2538,78,0
SPY190712C298,2019-07-11,2019-07-11 09:30:57,1.64,1.2615,8,1.61,1.2384,6,1.62,1.2461,1,1.625,1.25,78,0
SPY190712C298,2019-07-11,2019-07-11 09:30:57,1.64,1.2615,10,1.61,1.2384,87,1.62,1.2461,1,1.625,1.25,78,0
SPY190712C298,2019-07-11,2019-07-11 09:30:58,1.63,1.2538,7,1.61,1.2384,7,1.62,1.2461,1,1.62,1.2461,78,0
SPY190712C298,2019-07-11,2019-07-11 09:30:59,1.63,1.2538,7,1.6,1.2307,10,1.62,1.2461,1,1.615,1.2423,78,0
SPY190712C298,2019-07-11,2019-07-11 09:30:59,1.63,1.2538,7,1.6,1.2307,50,1.62,1.2461,1,1.615,1.2423,78,0
SPY190712C298,2019-07-11,2019-07-11 09:31:00,1.63,1.2538,7,1.59,1.223,90,1.62,1.2461,1,1.61,1.2384,78,0
SPY190712C298,2019-07-11,2019-07-11 09:31:00,1.62,1.2461,7,1.59,1.223,79,1.62,1.2461,1,1.605,1.2346,78,0
SPY190712C298,2019-07-11,2019-07-11 09:31:01,1.62,1.2461,11,1.59,1.223,79,1.62,1.2461,1,1.605,1.2346,78,0
SPY190712C298,2019-07-11,2019-07-11 09:31:02,1.62,1.2461,1,1.59,1.223,73,1.62,1.2461,1,1.605,1.2346,78,0
SPY190712C298,2019-07-11,2019-07-11 09:31:03,1.62,1.2461,5,1.57,1.2076,83,1.62,1.2461,1,1.595,1.2269,78,0
SPY190712C298,2019-07-11,2019-07-11 09:31:03,1.62,1.2461,1,1.59,1.223,73,1.62,1.2461,1,1.605,1.2346,78,0
SPY190712C298,2019-07-11,2019-07-11 09:31:04,1.61,1.2384,64,1.55,1.1923,39,1.62,1.2461,1,1.58,1.2153,78,0
SPY190712C298,2019-07-11,2019-07-11 09:31:05,1.6,1.2307,16,1.56,1.2,72,1.62,1.2461,1,1.58,1.2153,78,0
SPY190712C298,2019-07-11,2019-07-11 09:31:05,1.6,1.2307,10,1.57,1.2076,16,1.62,1.2461,1,1.585,1.2192,78,0
SPY190712C298,2019-07-11,2019-07-11 09:31:06,1.6,1.2307,10,1.57,1.2076,79,1.62,1.2461,1,1.585,1.2192,78,0
SPY190712C298,2019-07-11,2019-07-11 09:31:07,1.6,1.2307,1,1.58,1.2153,5,1.62,1.2461,1,1.59,1.223,78,0
SPY190712C298,2019-07-11,2019-07-11 09:31:07,1.6,1.2307,17,1.58,1.2153,5,1.62,1.2461,1,1.59,1.223,78,0
SPY190712C298,2019-07-11,2019-07-11 09:31:08,1.59,1.223,17,1.56,1.2,73,1.62,1.2461,1,1.575,1.2115,78,0
SPY190712C298,2019-07-11,2019-07-11 09:31:08,1.6,1.2307,113,1.56,1.2,83,1.62,1.2461,1,1.58,1.2153,78,0
SPY190712C298,2019-07-11,2019-07-11 09:31:09,1.59,1.223,17,1.56,1.2,73,1.62,1.2461,1,1.575,1.2115,78,0
SPY190712C298,2019-07-11,2019-07-11 09:31:10,1.6,1.2307,169,1.56,1.2,73,1.62,1.2461,1,1.58,1.2153,78,0
SPY190712C298,2019-07-11,2019-07-11 09:31:10,1.6,1.2307,108,1.55,1.1923,173,1.62,1.2461,1,1.575,1.2115,78,0
SPY190712C298,2019-07-11,2019-07-11 09:31:11,1.59,1.223,2,1.56,1.2,78,1.62,1.2461,1,1.575,1.2115,78,0
SPY190712C298,2019-07-11,2019-07-11 09:31:12,1.6,1.2307,9,1.57,1.2076,46,1.62,1.2461,1,1.585,1.2192,78,0
SPY190712C298,2019-07-11,2019-07-11 09:31:12,1.6,1.2307,87,1.56,1.2,183,1.62,1.2461,1,1.58,1.2153,78,0
SPY190712C298,2019-07-11,2019-07-11 09:31:13,1.6,1.2307,7,1.57,1.2076,46,1.62,1.2461,1,1.585,1.2192,78,0
SPY190712C298,2019-07-11,2019-07-11 09:31:13,1.6,1.2307,1,1.57,1.2076,59,1.62,1.2461,1,1.585,1.2192,78,0
SPY190712C298,2019-07-11,2019-07-11 09:31:14,1.6,1.2307,1,1.58,1.2153,16,1.62,1.2461,1,1.59,1.223,78,0
SPY190712C298,2019-07-11,2019-07-11 09:31:15,1.6,1.2307,1,1.58,1.2153,17,1.62,1.2461,1,1.59,1.223,78,0
SPY190712C298,2019-07-11,2019-07-11 09:31:15,1.6,1.2307,1,1.58,1.2153,16,1.62,1.2461,1,1.59,1.223,78,0
SPY190712C298,2019-07-11,2019-07-11 09:31:16,1.6,1.2307,1,1.58,1.2153,150,1.62,1.2461,1,1.59,1.223,78,0
SPY190712C298,2019-07-11,2019-07-11 09:31:16,1.6,1.2307,1,1.58,1.2153,11,1.62,1.2461,1,1.59,1.223,78,0
SPY190712C298,2019-07-11,2019-07-11 09:31:17,1.6,1.2307,7,1.58,1.2153,7,1.62,1.2461,1,1.59,1.223,78,0
SPY190712C298,2019-07-11,2019-07-11 09:31:18,1.58,1.2153,156,1.55,1.1923,10,1.62,1.2461,1,1.565,1.2038,78,0
SPY190712C298,2019-07-11,2019-07-11 09:31:19,1.58,1.2153,181,1.55,1.1923,52,1.62,1.2461,1,1.565,1.2038,78,0
SPY190712C298,2019-07-11,2019-07-11 09:31:20,1.6,1.2307,1,1.58,1.2153,31,1.62,1.2461,1,1.59,1.223,78,0
SPY190712C298,2019-07-11,2019-07-11 09:31:20,1.59,1.223,6,1.56,1.2,73,1.62,1.2461,1,1.575,1.2115,78,0
SPY190712C298,2019-07-11,2019-07-11 09:31:21,1.6,1.2307,1,1.58,1.2153,79,1.62,1.2461,1,1.59,1.223,78,0
SPY190712C298,2019-07-11,2019-07-11 09:31:22,1.6,1.2307,1,1.58,1.2153,70,1.62,1.2461,1,1.59,1.223,78,0
SPY190712C298,2019-07-11,2019-07-11 09:31:22,1.6,1.2307,1,1.59,1.223,7,1.62,1.2461,1,1.595,1.2269,78,0
SPY190712C298,2019-07-11,2019-07-11 09:31:23,1.6,1.2307,1,1.58,1.2153,70,1.62,1.2461,1,1.59,1.223,78,0
SPY190712C298,2019-07-11,2019-07-11 09:31:23,1.6,1.2307,2,1.57,1.2076,69,1.62,1.2461,1,1.585,1.2192,78,0
SPY190712C298,2019-07-11,2019-07-11 09:31:24,1.6,1.2307,175,1.57,1.2076,20,1.62,1.2461,1,1.585,1.2192,78,0
SPY190712C298,2019-07-11,2019-07-11 09:31:25,1.58,1.2153,31,1.55,1.1923,10,1.62,1.2461,1,1.565,1.2038,78,0
SPY190712C298,2019-07-11,2019-07-11 09:31:25,1.57,1.2076,192,1.55,1.1923,16,1.62,1.2461,1,1.56,1.2,78,0
SPY190712C298,2019-07-11,2019-07-11 09:31:26,1.58,1.2153,62,1.55,1.1923,10,1.62,1.2461,1,1.565,1.2038,78,0
SPY190712C298,2019-07-11,2019-07-11 09:31:27,1.57,1.2076,191,1.55,1.1923,9,1.55,1.1923,1,1.56,1.2,79,1
SPY190712C298,2019-07-11,2019-07-11 09:31:27,1.57,1.2076,191,1.55,1.1923,10,1.62,1.2461,1,1.56,1.2,78,0
SPY190712C298,2019-07-11,2019-07-11 09:31:28,1.56,1.2,5,1.52,1.1692,50,1.55,1.1923,9,1.54,1.1846,88,9
SPY190712C298,2019-07-11,2019-07-11 09:31:28,1.55,1.1923,10,1.53,1.1769,16,1.55,1.1923,9,1.54,1.1846,88,0
SPY190712C298,2019-07-11,2019-07-11 09:31:29,1.56,1.2,163,1.53,1.1769,16,1.55,1.1923,32,1.545,1.1884,120,0
SPY190712C298,2019-07-11,2019-07-11 09:31:29,1.55,1.1923,1,1.53,1.1769,16,1.55,1.1923,32,1.54,1.1846,120,32
SPY190712C298,2019-07-11,2019-07-11 09:31:30,1.55,1.1923,87,1.52,1.1692,10,1.55,1.1923,32,1.535,1.1807,120,0
SPY190712C298,2019-07-11,2019-07-11 09:31:31,1.55,1.1923,94,1.51,1.1615,16,1.55,1.1923,32,1.53,1.1769,120,0
SPY190712C298,2019-07-11,2019-07-11 09:31:31,1.55,1.1923,87,1.51,1.1615,79,1.55,1.1923,32,1.53,1.1769,120,0
SPY190712C298,2019-07-11,2019-07-11 09:31:32,1.54,1.1846,10,1.51,1.1615,16,1.55,1.1923,32,1.525,1.173,120,0
SPY190712C298,2019-07-11,2019-07-11 09:31:32,1.54,1.1846,111,1.51,1.1615,16,1.55,1.1923,32,1.525,1.173,120,0
SPY190712C298,2019-07-11,2019-07-11 09:31:33,1.55,1.1923,194,1.51,1.1615,12,1.55,1.1923,32,1.53,1.1769,120,0
SPY190712C298,2019-07-11,2019-07-11 09:31:34,1.56,1.2,174,1.53,1.1769,16,1.55,1.1923,32,1.545,1.1884,120,0
SPY190712C298,2019-07-11,2019-07-11 09:31:35,1.56,1.2,69,1.53,1.1769,16,1.55,1.1923,32,1.545,1.1884,120,0
SPY190712C298,2019-07-11,2019-07-11 09:31:35,1.56,1.2,74,1.53,1.1769,16,1.55,1.1923,32,1.545,1.1884,120,0
SPY190712C298,2019-07-11,2019-07-11 09:31:36,1.56,1.2,1,1.54,1.1846,15,1.54,1.1846,1,1.55,1.1923,121,1
SPY190712C298,2019-07-11,2019-07-11 09:31:36,1.56,1.2,1,1.53,1.1769,54,1.55,1.1923,32,1.545,1.1884,120,0
SPY190712C298,2019-07-11,2019-07-11 09:31:37,1.56,1.2,1,1.54,1.1846,57,1.54,1.1846,1,1.55,1.1923,121,0
SPY190712C298,2019-07-11,2019-07-11 09:31:38,1.56,1.2,1,1.55,1.1923,16,1.54,1.1846,1,1.555,1.1961,121,0
SPY190712C298,2019-07-11,2019-07-11 09:31:38,1.58,1.2153,1,1.57,1.2076,10,1.56,1.2,1,1.575,1.2115,122,1
SPY190712C298,2019-07-11,2019-07-11 09:31:39,1.6,1.2307,70,1.57,1.2076,16,1.58,1.2153,1,1.585,1.2192,123,1
SPY190712C298,2019-07-11,2019-07-11 09:31:39,1.58,1.2153,1,1.57,1.2076,10,1.56,1.2,1,1.575,1.2115,122,0
SPY190712C298,2019-07-11,2019-07-11 09:31:40,1.6,1.2307,95,1.57,1.2076,24,1.58,1.2153,1,1.585,1.2192,123,0
SPY190712C298,2019-07-11,2019-07-11 09:31:40,1.6,1.2307,185,1.56,1.2,93,1.58,1.2153,1,1.58,1.2153,123,0
SPY190712C298,2019-07-11,2019-07-11 09:31:41,1.59,1.223,171,1.55,1.1923,100,1.58,1.2153,1,1.57,1.2076,123,0
SPY190712C298,2019-07-11,2019-07-11 09:31:42,1.59,1.223,6,1.56,1.2,74,1.58,1.2153,1,1.575,1.2115,123,0
SPY190712C298,2019-07-11,2019-07-11 09:31:42,1.59,1.223,6,1.56,1.2,16,1.58,1.2153,1,1.575,1.2115,123,0
SPY190712C298,2019-07-11,2019-07-11 09:31:43,1.59,1.223,54,1.55,1.1923,16,1.58,1.2153,1,1.57,1.2076,123,0
SPY190712C298,2019-07-11,2019-07-11 09:31:44,1.58,1.2153,73,1.55,1.1923,16,1.58,1.2153,1,1.565,1.2038,123,0
SPY190712C298,2019-07-11,2019-07-11 09:31:44,1.59,1.223,100,1.55,1.1923,19,1.58,1.2153,1,1.57,1.2076,123,0
SPY190712C298,2019-07-11,2019-07-11 09:31:45,1.6,1.2307,100,1.56,1.2,57,1.58,1.2153,1,1.58,1.2153,123,0
SPY190712C298,2019-07-11,2019-07-11 09:31:45,1.59,1.223,88,1.56,1.2,10,1.58,1.2153,1,1.575,1.2115,123,0
SPY190712C298,2019-07-11,2019-07-11 09:31:46,1.6,1.2307,84,1.56,1.2,59,1.58,1.2153,1,1.58,1.2153,123,0
SPY190712C298,2019-07-11,2019-07-11 09:31:46,1.59,1.223,43,1.56,1.2,18,1.58,1.2153,1,1.575,1.2115,123,0
SPY190712C298,2019-07-11,2019-07-11 09:31:47,1.6,1.2307,101,1.56,1.2,100,1.58,1.2153,1,1.58,1.2153,123,0
SPY190712C298,2019-07-11,2019-07-11 09:31:48,1.6,1.2307,84,1.56,1.2,157,1.58,1.2153,1,1.58,1.2153,123,0
SPY190712C298,2019-07-11,2019-07-11 09:31:48,1.6,1.2307,91,1.56,1.2,110,1.58,1.2153,1,1.58,1.2153,123,0
SPY190712C298,2019-07-11,2019-07-11 09:31:49,1.6,1.2307,6,1.58,1.2153,10,1.58,1.2153,1,1.59,1.223,123,0
SPY190712C298,2019-07-11,2019-07-11 09:31:49,1.6,1.2307,84,1.56,1.2,110,1.58,1.2153,1,1.58,1.2153,123,0
SPY190712C298,2019-07-11,2019-07-11 09:31:50,1.6,1.2307,6,1.58,1.2153,21,1.58,1.2153,1,1.59,1.223,123,0
SPY190712C298,2019-07-11,2019-07-11 09:31:50,1.6,1.2307,6,1.58,1.2153,30,1.58,1.2153,1,1.59,1.223,123,0
SPY190712C298,2019-07-11,2019-07-11 09:31:51,1.6,1.2307,1,1.58,1.2153,20,1.58,1.2153,1,1.59,1.223,123,0
SPY190712C298,2019-07-11,2019-07-11 09:31:52,1.6,1.2307,1,1.58,1.2153,101,1.58,1.2153,1,1.59,1.223,123,0
SPY190712C298,2019-07-11,2019-07-11 09:31:52,1.6,1.2307,1,1.58,1.2153,38,1.58,1.2153,1,1.59,1.223,123,0
SPY190712C298,2019-07-11,2019-07-11 09:31:53,1.6,1.2307,1,1.58,1.2153,20,1.58,1.2153,1,1.59,1.223,123,0
SPY190712C298,2019-07-11,2019-07-11 09:31:54,1.6,1.2307,1,1.58,1.2153,20,1.58,1.2153,1,1.59,1.223,123,0
SPY190712C298,2019-07-11,2019-07-11 09:31:55,1.62,1.2461,69,1.59,1.223,10,1.6,1.2307,1,1.605,1.2346,125,2
SPY190712C298,2019-07-11,2019-07-11 09:31:55,1.61,1.2384,49,1.58,1.2153,100,1.6,1.2307,1,1.595,1.2269,125,0
SPY190712C298,2019-07-11,2019-07-11 09:31:56,1.6,1.2307,12,1.58,1.2153,1,1.6,1.2307,1,1.59,1.223,125,0
SPY190712C298,2019-07-11,2019-07-11 09:31:57,1.6,1.2307,12,1.58,1.2153,1,1.6,1.2307,1,1.59,1.223,125,0
SPY190712C298,2019-07-11,2019-07-11 09:31:57,1.61,1.2384,83,1.58,1.2153,16,1.6,1.2307,1,1.595,1.2269,125,0
SPY190712C298,2019-07-11,2019-07-11 09:31:58,1.61,1.2384,74,1.58,1.2153,20,1.6,1.2307,1,1.595,1.2269,125,0
SPY190712C298,2019-07-11,2019-07-11 09:31:58,1.61,1.2384,77,1.58,1.2153,12,1.6,1.2307,1,1.595,1.2269,125,0
SPY190712C298,2019-07-11,2019-07-11 09:31:59,1.61,1.2384,77,1.58,1.2153,12,1.6,1.2307,1,1.595,1.2269,125,0
SPY190712C298,2019-07-11,2019-07-11 09:32:00,1.61,1.2384,77,1.58,1.2153,12,1.6,1.2307,1,1.595,1.2269,125,0
SPY190712C298,2019-07-11,2019-07-11 09:32:00,1.61,1.2384,74,1.58,1.2153,101,1.6,1.2307,1,1.595,1.2269,125,0
SPY190712C298,2019-07-11,2019-07-11 09:32:01,1.6,1.2307,180,1.58,1.2153,7,1.58,1.2153,1,1.59,1.223,126,1
SPY190712C298,2019-07-11,2019-07-11 09:32:01,1.61,1.2384,89,1.58,1.2153,11,1.6,1.2307,1,1.595,1.2269,125,0
SPY190712C298,2019-07-11,2019-07-11 09:32:02,1.59,1.223,99,1.56,1.2,12,1.58,1.2153,1,1.575,1.2115,126,0
SPY190712C298,2019-07-11,2019-07-11 09:32:03,1.59,1.223,83,1.56,1.2,35,1.58,1.2153,1,1.575,1.2115,126,0
SPY190712C298,2019-07-11,2019-07-11 09:32:03,1.59,1.223,63,1.57,1.2076,100,1.58,1.2153,1,1.58,1.2153,126,0
SPY190712C298,2019-07-11,2019-07-11 09:32:04,1.6,1.2307,35,1.58,1.2153,25,1.58,1.2153,1,1.59,1.223,126,0
SPY190712C298,2019-07-11,2019-07-11 09:32:05,1.6,1.2307,1,1.58,1.2153,23,1.58,1.2153,1,1.59,1.223,126,0
SPY190712C298,2019-07-11,2019-07-11 09:32:05,1.6,1.2307,50,1.57,1.2076,16,1.58,1.2153,1,1.585,1.2192,126,0
SPY190712C298,2019-07-11,2019-07-11 09:32:06,1.59,1.223,74,1.56,1.2,20,1.58,1.2153,1,1.575,1.2115,126,0
SPY190712C298,2019-07-11,2019-07-11 09:32:06,1.59,1.223,6,1.56,1.2,10,1.58,1.2153,1,1.575,1.2115,126,0
SPY190712C298,2019-07-11,2019-07-11 09:32:07,1.57,1.2076,5,1.54,1.1846,10,1.58,1.2153,1,1.555,1.1961,126,0
SPY190712C298,2019-07-11,2019-07-11 09:32:08,1.57,1.2076,5,1.54,1.1846,7,1.58,1.2153,1,1.555,1.1961,126,0
SPY190712C298,2019-07-11,2019-07-11 09:32:08,1.57,1.2076,5,1.54,1.1846,16,1.58,1.2153,1,1.555,1.1961,126,0
SPY190712C298,2019-07-11,2019-07-11 09:32:09,1.57,1.2076,31,1.54,1.1846,23,1.58,1.2153,1,1.555,1.1961,126,0
SPY190712C298,2019-07-11,2019-07-11 09:32:10,1.57,1.2076,31,1.53,1.1769,31,1.58,1.2153,1,1.55,1.1923,126,0
SPY190712C298,2019-07-11,2019-07-11 09:32:10,1.57,1.2076,85,1.54,1.1846,16,1.58,1.2153,1,1.555,1.1961,126,0
SPY190712C298,2019-07-11,2019-07-11 09:32:11,1.57,1.2076,68,1.54,1.1846,31,1.58,1.2153,1,1.555,1.1961,126,0
SPY190712C298,2019-07-11,2019-07-11 09:32:12,1.57,1.2076,83,1.54,1.1846,15,1.58,1.2153,1,1.555,1.1961,126,0
SPY190712C298,2019-07-11,2019-07-11 09:32:12,1.57,1.2076,58,1.54,1.1846,15,1.58,1.2153,1,1.555,1.1961,126,0
SPY190712C298,2019-07-11,2019-07-11 09:32:13,1.57,1.2076,83,1.54,1.1846,19,1.58,1.2153,1,1.555,1.1961,126,0
SPY190712C298,2019-07-11,2019-07-11 09:32:14,1.56,1.2,90,1.52,1.1692,12,1.58,1.2153,1,1.54,1.1846,126,0
SPY190712C298,2019-07-11,2019-07-11 09:32:14,1.56,1.2,119,1.53,1.1769,10,1.58,1.2153,1,1.545,1.1884,126,0
SPY190712C298,2019-07-11,2019-07-11 09:32:15,1.56,1.2,119,1.52,1.1692,36,1.58,1.2153,1,1.54,1.1846,126,0
SPY190712C298,2019-07-11,2019-07-11 09:32:16,1.55,1.1923,94,1.51,1.1615,21,1.58,1.2153,1,1.53,1.1769,126,0
SPY190712C298,2019-07-11,2019-07-11 09:32:16,1.54,1.1846,10,1.51,1.1615,45,1.48,1.1384,1,1.525,1.173,127,1
SPY190712C298,2019-07-11,2019-07-11 09:32:17,1.54,1.1846,82,1.51,1.1615,45,1.48,1.1384,1,1.525,1.173,127,0
SPY190712C298,2019-07-11,2019-07-11 09:32:18,1.54,1.1846,83,1.51,1.1615,45,1.48,1.1384,1,1.525,1.173,127,0
SPY190712C298,2019-07-11,2019-07-11 09:32:18,1.52,1.1692,96,1.49,1.1461,6,1.48,1.1384,1,1.505,1.1576,127,0
SPY190712C298,2019-07-11,2019-07-11 09:32:19,1.52,1.1692,80,1.48,1.1384,33,1.48,1.1384,1,1.5,1.1538,127,0
SPY190712C298,2019-07-11,2019-07-11 09:32:20,1.52,1.1692,80,1.49,1.1461,29,1.48,1.1384,1,1.505,1.1576,127,0
SPY190712C298,2019-07-11,2019-07-11 09:32:20,1.51,1.1615,16,1.47,1.1307,16,1.48,1.1384,1,1.49,1.1461,127,0
SPY190712C298,2019-07-11,2019-07-11 09:32:21,1.51,1.1615,52,1.48,1.1384,16,1.48,1.1384,1,1.495,1.15,127,0
SPY190712C298,2019-07-11,2019-07-11 09:32:21,1.51,1.1615,34,1.47,1.1307,16,1.49,1.1461,2,1.49,1.1461,129,2
SPY190712C298,2019-07-11,2019-07-11 09:32:22,1.5,1.1538,72,1.47,1.1307,10,1.49,1.1461,2,1.485,1.1423,129,0
SPY190712C298,2019-07-11,2019-07-11 09:32:23,1.5,1.1538,87,1.47,1.1307,10,1.49,1.1461,2,1.485,1.1423,129,0
SPY190712C298,2019-07-11,2019-07-11 09:32:23,1.48,1.1384,46,1.45,1.1153,16,1.49,1.1461,2,1.465,1.1269,129,0
SPY190712C298,2019-07-11,2019-07-11 09:32:24,1.49,1.1461,63,1.46,1.123,16,1.49,1.1461,2,1.475,1.1346,129,0
SPY190712C298,2019-07-11,2019-07-11 09:32:24,1.49,1.1461,71,1.45,1.1153,16,1.49,1.1461,2,1.47,1.1307,129,0
SPY190712C298,2019-07-11,2019-07-11 09:32:25,1.49,1.1461,58,1.45,1.1153,29,1.49,1.1461,2,1.47,1.1307,129,0
SPY190712C298,2019-07-11,2019-07-11 09:32:26,1.48,1.1384,6,1.46,1.123,12,1.49,1.1461,2,1.47,1.1307,129,0
SPY190712C298,2019-07-11,2019-07-11 09:32:26,1.48,1.1384,37,1.46,1.123,16,1.49,1.1461,2,1.47,1.1307,129,0
SPY190712C298,2019-07-11,2019-07-11 09:32:27,1.49,1.1461,71,1.46,1.123,16,1.49,1.1461,2,1.475,1.1346,129,0
SPY190712C298,2019-07-11,2019-07-11 09:32:27,1.49,1.1461,49,1.46,1.123,16,1.49,1.1461,2,1.475,1.1346,129,0
SPY190712C298,2019-07-11,2019-07-11 09:32:28,1.49,1.1461,6,1.46,1.123,24,1.49,1.1461,2,1.475,1.1346,129,0
SPY190712C298,2019-07-11,2019-07-11 09:32:28,1.49,1.1461,6,1.46,1.123,16,1.49,1.1461,2,1.475,1.1346,129,0
SPY190712C298,2019-07-11,2019-07-11 09:32:29,1.5,1.1538,100,1.46,1.123,6,1.49,1.1461,2,1.48,1.1384,129,0
SPY190712C298,2019-07-11,2019-07-11 09:32:30,1.52,1.1692,75,1.48,1.1384,36,1.49,1.1461,2,1.5,1.1538,129,0
SPY190712C298,2019-07-11,2019-07-11 09:32:30,1.54,1.1846,73,1.5,1.1538,31,1.49,1.1461,2,1.52,1.1692,129,0
SPY190712C298,2019-07-11,2019-07-11 09:32:31,1.55,1.1923,70,1.52,1.1692,24,1.49,1.1461,2,1.535,1.1807,129,0
SPY190712C298,2019-07-11,2019-07-11 09:32:32,1.55,1.1923,68,1.52,1.1692,31,1.49,1.1461,2,1.535,1.1807,129,0
SPY190712C298,2019-07-11,2019-07-11 09:32:32,1.55,1.1923,6,1.53,1.1769,4,1.49,1.1461,2,1.54,1.1846,129,0
SPY190712C298,2019-07-11,2019-07-11 09:32:33,1.55,1.1923,5,1.52,1.1692,22,1.49,1.1461,2,1.535,1.1807,129,0
SPY190712C298,2019-07-11,2019-07-11 09:32:33,1.56,1.2,100,1.53,1.1769,15,1.49,1.1461,2,1.545,1.1884,129,0
SPY190712C298,2019-07-11,2019-07-11 09:32:34,1.54,1.1846,1,1.52,1.1692,22,1.49,1.1461,2,1.53,1.1769,129,0
SPY190712C298,2019-07-11,2019-07-11 09:32:35,1.53,1.1769,59,1.5,1.1538,22,1.49,1.1461,2,1.515,1.1653,129,0
SPY190712C298,2019-07-11,2019-07-11 09:32:35,1.53,1.1769,73,1.52,1.1692,22,1.49,1.1461,2,1.525,1.173,129,0
SPY190712C298,2019-07-11,2019-07-11 09:32:36,1.51,1.1615,6,1.48,1.1384,16,1.49,1.1461,2,1.495,1.15,129,0
SPY190712C298,2019-07-11,2019-07-11 09:32:36,1.52,1.1692,85,1.48,1.1384,16,1.49,1.1461,2,1.5,1.1538,129,0
SPY190712C298,2019-07-11,2019-07-11 09:32:37,1.53,1.1769,6,1.5,1.1538,22,1.49,1.1461,2,1.515,1.1653,129,0
SPY190712C298,2019-07-11,2019-07-11 09:32:38,1.52,1.1692,7,1.48,1.1384,16,1.49,1.1461,2,1.5,1.1538,129,0
SPY190712C298,2019-07-11,2019-07-11 09:32:38,1.53,1.1769,74,1.5,1.1538,22,1.49,1.1461,2,1.515,1.1653,129,0
SPY190712C298,2019-07-11,2019-07-11 09:32:39,1.52,1.1692,50,1.49,1.1461,29,1.49,1.1461,2,1.505,1.1576,129,0
SPY190712C298,2019-07-11,2019-07-11 09:32:39,1.52,1.1692,95,1.48,1.1384,22,1.49,1.1461,2,1.5,1.1538,129,0
SPY190712C298,2019-07-11,2019-07-11 09:32:40,1.52,1.1692,100,1.49,1.1461,10,1.49,1.1461,2,1.505,1.1576,129,0
SPY190712C298,2019-07-11,2019-07-11 09:32:41,1.52,1.1692,101,1.49,1.1461,16,1.51,1.1615,2,1.505,1.1576,134,0
SPY190712C298,2019-07-11,2019-07-11 09:32:41,1.52,1.1692,101,1.49,1.1461,10,1.51,1.1615,2,1.505,1.1576,134,5
SPY190712C298,2019-07-11,2019-07-11 09:32:42,1.51,1.1615,5,1.49,1.1461,17,1.51,1.1615,2,1.5,1.1538,134,0
SPY190712C298,2019-07-11,2019-07-11 09:32:42,1.52,1.1692,100,1.49,1.1461,12,1.5,1.1538,1,1.505,1.1576,135,1
SPY190712C298,2019-07-11,2019-07-11 09:32:43,1.52,1.1692,7,1.47,1.1307,56,1.5,1.1538,4,1.495,1.15,139,4
SPY190712C298,2019-07-11,2019-07-11 09:32:44,1.52,1.1692,84,1.5,1.1538,5,1.5,1.1538,4,1.51,1.1615,139,0
SPY190712C298,2019-07-11,2019-07-11 09:32:44,1.52,1.1692,36,1.49,1.1461,21,1.5,1.1538,4,1.505,1.1576,139,0
SPY190712C298,2019-07-11,2019-07-11 09:32:45,1.52,1.1692,74,1.5,1.1538,10,1.5,1.1538,4,1.51,1.1615,139,0
SPY190712C298,2019-07-11,2019-07-11 09:32:45,1.52,1.1692,84,1.5,1.1538,10,1.5,1.1538,4,1.51,1.1615,139,0
SPY190712C298,2019-07-11,2019-07-11 09:32:46,1.51,1.1615,5,1.5,1.1538,5,1.5,1.1538,1,1.505,1.1576,140,1
SPY190712C298,2019-07-11,2019-07-11 09:32:47,1.51,1.1615,80,1.5,1.1538,5,1.5,1.1538,5,1.505,1.1576,145,5
SPY190712C298,2019-07-11,2019-07-11 09:32:47,1.51,1.1615,100,1.48,1.1384,10,1.5,1.1538,5,1.495,1.15,145,0
SPY190712C298,2019-07-11,2019-07-11 09:32:48,1.51,1.1615,74,1.48,1.1384,22,1.5,1.1538,5,1.495,1.15,145,0
SPY190712C298,2019-07-11,2019-07-11 09:32:49,1.52,1.1692,104,1.48,1.1384,63,1.5,1.1538,5,1.5,1.1538,145,0
SPY190712C298,2019-07-11,2019-07-11 09:32:49,1.51,1.1615,61,1.48,1.1384,24,1.5,1.1538,5,1.495,1.15,145,0
SPY190712C298,2019-07-11,2019-07-11 09:32:50,1.52,1.1692,100,1.48,1.1384,16,1.5,1.1538,5,1.5,1.1538,145,0
SPY190712C298,2019-07-11,2019-07-11 09:32:51,1.51,1.1615,65,1.48,1.1384,16,1.5,1.1538,5,1.495,1.15,145,0
SPY190712C298,2019-07-11,2019-07-11 09:32:52,1.51,1.1615,65,1.48,1.1384,27,1.5,1.1538,5,1.495,1.15,145,0
SPY190712C298,2019-07-11,2019-07-11 09:32:53,1.51,1.1615,65,1.48,1.1384,27,1.5,1.1538,5,1.495,1.15,145,0
SPY190712C298,2019-07-11,2019-07-11 09:32:53,1.52,1.1692,100,1.48,1.1384,27,1.5,1.1538,5,1.5,1.1538,145,0
SPY190712C298,2019-07-11,2019-07-11 09:32:54,1.52,1.1692,7,1.5,1.1538,22,1.5,1.1538,5,1.51,1.1615,145,0
SPY190712C298,2019-07-11,2019-07-11 09:32:54,1.52,1.1692,7,1.5,1.1538,10,1.5,1.1538,5,1.51,1.1615,145,0
SPY190712C298,2019-07-11,2019-07-11 09:32:55,1.52,1.1692,7,1.5,1.1538,22,1.5,1.1538,5,1.51,1.1615,145,0
SPY190712C298,2019-07-11,2019-07-11 09:32:56,1.52,1.1692,7,1.5,1.1538,16,1.5,1.1538,5,1.51,1.1615,145,0
SPY190712C298,2019-07-11,2019-07-11 09:32:56,1.52,1.1692,7,1.51,1.1615,14,1.5,1.1538,5,1.515,1.1653,145,0
SPY190712C298,2019-07-11,2019-07-11 09:32:57,1.52,1.1692,7,1.51,1.1615,10,1.5,1.1538,5,1.515,1.1653,145,0
SPY190712C298,2019-07-11,2019-07-11 09:32:58,1.52,1.1692,7,1.5,1.1538,60,1.5,1.1538,5,1.51,1.1615,145,0
SPY190712C298,2019-07-11,2019-07-11 09:32:58,1.52,1.1692,7,1.51,1.1615,10,1.5,1.1538,5,1.515,1.1653,145,0
SPY190712C298,2019-07-11,2019-07-11 09:32:59,1.52,1.1692,7,1.5,1.1538,45,1.5,1.1538,5,1.51,1.1615,145,0
SPY190712C298,2019-07-11,2019-07-11 09:33:00,1.52,1.1692,54,1.49,1.1461,6,1.49,1.1461,1,1.505,1.1576,146,1
SPY190712C298,2019-07-11,2019-07-11 09:33:00,1.52,1.1692,76,1.49,1.1461,30,1.49,1.1461,1,1.505,1.1576,146,0
SPY190712C298,2019-07-11,2019-07-11 09:33:01,1.52,1.1692,7,1.51,1.1615,10,1.49,1.1461,1,1.515,1.1653,146,0
SPY190712C298,2019-07-11,2019-07-11 09:33:01,1.52,1.1692,7,1.51,1.1615,1,1.49,1.1461,1,1.515,1.1653,146,0
SPY190712C298,2019-07-11,2019-07-11 09:33:02,1.52,1.1692,7,1.51,1.1615,11,1.49,1.1461,1,1.515,1.1653,146,0
SPY190712C298,2019-07-11,2019-07-11 09:33:02,1.54,1.1846,1,1.52,1.1692,16,1.52,1.1692,7,1.53,1.1769,153,7
SPY190712C298,2019-07-11,2019-07-11 09:33:03,1.56,1.2,95,1.52,1.1692,10,1.54,1.1846,1,1.54,1.1846,154,1
SPY190712C298,2019-07-11,2019-07-11 09:33:03,1.55,1.1923,6,1.52,1.1692,10,1.54,1.1846,1,1.535,1.1807,154,0
SPY190712C298,2019-07-11,2019-07-11 09:33:04,1.58,1.2153,1,1.54,1.1846,14,1.56,1.2,1,1.56,1.2,160,6
SPY190712C298,2019-07-11,2019-07-11 09:33:05,1.55,1.1923,42,1.54,1.1846,20,1.55,1.1923,4,1.545,1.1884,169,4
SPY190712C298,2019-07-11,2019-07-11 09:33:05,1.58,1.2153,7,1.54,1.1846,74,1.54,1.1846,1,1.56,1.2,165,5
SPY190712C298,2019-07-11,2019-07-11 09:33:06,1.54,1.1846,16,1.51,1.1615,16,1.55,1.1923,4,1.525,1.173,169,0
SPY190712C298,2019-07-11,2019-07-11 09:33:07,1.54,1.1846,16,1.51,1.1615,10,1.55,1.1923,4,1.525,1.173,169,0
SPY190712C298,2019-07-11,2019-07-11 09:33:07,1.54,1.1846,16,1.51,1.1615,16,1.55,1.1923,4,1.525,1.173,169,0
SPY190712C298,2019-07-11,2019-07-11 09:33:08,1.55,1.1923,16,1.51,1.1615,16,1.55,1.1923,4,1.53,1.1769,169,0
SPY190712C298,2019-07-11,2019-07-11 09:33:08,1.54,1.1846,15,1.51,1.1615,18,1.55,1.1923,4,1.525,1.173,169,0
SPY190712C298,2019-07-11,2019-07-11 09:33:09,1.54,1.1846,15,1.51,1.1615,30,1.55,1.1923,4,1.525,1.173,169,0
SPY190712C298,2019-07-11,2019-07-11 09:33:10,1.54,1.1846,36,1.51,1.1615,30,1.55,1.1923,4,1.525,1.173,169,0
SPY190712C298,2019-07-11,2019-07-11 09:33:10,1.54,1.1846,16,1.51,1.1615,30,1.55,1.1923,4,1.525,1.173,169,0
SPY190712C298,2019-07-11,2019-07-11 09:33:11,1.54,1.1846,36,1.51,1.1615,33,1.55,1.1923,4,1.525,1.173,169,0
SPY190712C298,2019-07-11,2019-07-11 09:33:11,1.54,1.1846,25,1.51,1.1615,16,1.51,1.1615,1,1.525,1.173,170,1
SPY190712C298,2019-07-11,2019-07-11 09:33:12,1.55,1.1923,99,1.51,1.1615,22,1.54,1.1846,5,1.53,1.1769,175,5
SPY190712C298,2019-07-11,2019-07-11 09:33:13,1.54,1.1846,24,1.51,1.1615,16,1.54,1.1846,5,1.525,1.173,175,0
SPY190712C298,2019-07-11,2019-07-11 09:33:13,1.54,1.1846,24,1.51,1.1615,35,1.54,1.1846,5,1.525,1.173,175,0
SPY190712C298,2019-07-11,2019-07-11 09:33:14,1.54,1.1846,24,1.51,1.1615,16,1.54,1.1846,5,1.525,1.173,175,0
SPY190712C298,2019-07-11,2019-07-11 09:33:14,1.53,1.1769,15,1.49,1.1461,50,1.54,1.1846,5,1.51,1.1615,175,0
SPY190712C298,2019-07-11,2019-07-11 09:33:15,1.53,1.1769,16,1.49,1.1461,84,1.54,1.1846,5,1.51,1.1615,175,0
SPY190712C298,2019-07-11,2019-07-11 09:33:15,1.53,1.1769,29,1.5,1.1538,14,1.54,1.1846,5,1.515,1.1653,175,0
SPY190712C298,2019-07-11,2019-07-11 09:33:16,1.53,1.1769,78,1.5,1.1538,14,1.54,1.1846,5,1.515,1.1653,175,0
SPY190712C298,2019-07-11,2019-07-11 09:33:16,1.53,1.1769,29,1.5,1.1538,14,1.54,1.1846,5,1.515,1.1653,175,0
SPY190712C298,2019-07-11,2019-07-11 09:33:17,1.53,1.1769,78,1.49,1.1461,71,1.54,1.1846,5,1.51,1.1615,175,0
SPY190712C298,2019-07-11,2019-07-11 09:33:18,1.52,1.1692,18,1.49,1.1461,29,1.54,1.1846,5,1.505,1.1576,175,0
SPY190712C298,2019-07-11,2019-07-11 09:33:18,1.53,1.1769,78,1.49,1.1461,45,1.54,1.1846,5,1.51,1.1615,175,0
SPY190712C298,2019-07-11,2019-07-11 09:33:19,1.52,1.1692,18,1.49,1.1461,10,1.54,1.1846,5,1.505,1.1576,175,0
SPY190712C298,2019-07-11,2019-07-11 09:33:19,1.51,1.1615,32,1.48,1.1384,10,1.54,1.1846,5,1.495,1.15,175,0
SPY190712C298,2019-07-11,2019-07-11 09:33:20,1.52,1.1692,10,1.49,1.1461,62,1.54,1.1846,5,1.505,1.1576,175,0
SPY190712C298,2019-07-11,2019-07-11 09:33:21,1.52,1.1692,16,1.49,1.1461,52,1.54,1.1846,5,1.505,1.1576,175,0
SPY190712C298,2019-07-11,2019-07-11 09:33:21,1.52,1.1692,36,1.49,1.1461,71,1.54,1.1846,5,1.505,1.1576,175,0
SPY190712C298,2019-07-11,2019-07-11 09:33:22,1.52,1.1692,22,1.49,1.1461,40,1.54,1.1846,5,1.505,1.1576,175,0
SPY190712C298,2019-07-11,2019-07-11 09:33:22,1.52,1.1692,22,1.48,1.1384,84,1.54,1.1846,5,1.5,1.1538,175,0
SPY190712C298,2019-07-11,2019-07-11 09:33:23,1.52,1.1692,16,1.5,1.1538,1,1.5,1.1538,1,1.51,1.1615,176,1
SPY190712C298,2019-07-11,2019-07-11 09:33:24,1.52,1.1692,36,1.48,1.1384,80,1.5,1.1538,1,1.5,1.1538,176,0
SPY190712C298,2019-07-11,2019-07-11 09:33:24,1.52,1.1692,16,1.49,1.1461,77,1.5,1.1538,1,1.505,1.1576,176,0
SPY190712C298,2019-07-11,2019-07-11 09:33:25,1.51,1.1615,5,1.47,1.1307,85,1.5,1.1538,2,1.49,1.1461,178,2
SPY190712C298,2019-07-11,2019-07-11 09:33:25,1.51,1.1615,22,1.47,1.1307,85,1.5,1.1538,2,1.49,1.1461,178,0
SPY190712C298,2019-07-11,2019-07-11 09:33:26,1.51,1.1615,22,1.47,1.1307,125,1.5,1.1538,2,1.49,1.1461,178,0
SPY190712C298,2019-07-11,2019-07-11 09:33:27,1.5,1.1538,31,1.47,1.1307,135,1.5,1.1538,2,1.485,1.1423,178,0
SPY190712C298,2019-07-11,2019-07-11 09:33:28,1.5,1.1538,31,1.47,1.1307,86,1.5,1.1538,2,1.485,1.1423,178,0
SPY190712C298,2019-07-11,2019-07-11 09:33:28,1.5,1.1538,31,1.47,1.1307,135,1.5,1.1538,2,1.485,1.1423,178,0
SPY190712C298,2019-07-11,2019-07-11 09:33:29,1.5,1.1538,31,1.47,1.1307,86,1.5,1.1538,2,1.485,1.1423,178,0
SPY190712C298,2019-07-11,2019-07-11 09:33:29,1.5,1.1538,20,1.47,1.1307,50,1.5,1.1538,2,1.485,1.1423,178,0
SPY190712C298,2019-07-11,2019-07-11 09:33:30,1.5,1.1538,34,1.47,1.1307,86,1.5,1.1538,2,1.485,1.1423,178,0
SPY190712C298,2019-07-11,2019-07-11 09:33:31,1.49,1.1461,14,1.47,1.1307,80,1.5,1.1538,2,1.48,1.1384,178,0
SPY190712C298,2019-07-11,2019-07-11 09:33:31,1.49,1.1461,33,1.47,1.1307,56,1.5,1.1538,2,1.48,1.1384,178,0
SPY190712C298,2019-07-11,2019-07-11 09:33:32,1.49,1.1461,10,1.47,1.1307,70,1.5,1.1538,2,1.48,1.1384,178,0
SPY190712C298,2019-07-11,2019-07-11 09:33:32,1.5,1.1538,16,1.47,1.1307,66,1.5,1.1538,2,1.485,1.1423,178,0
SPY190712C298,2019-07-11,2019-07-11 09:33:33,1.49,1.1461,27,1.47,1.1307,70,1.5,1.1538,2,1.48,1.1384,178,0
SPY190712C298,2019-07-11,2019-07-11 09:33:34,1.49,1.1461,44,1.47,1.1307,50,1.5,1.1538,2,1.48,1.1384,178,0
SPY190712C298,2019-07-11,2019-07-11 09:33:34,1.49,1.1461,16,1.47,1.1307,50,1.5,1.1538,2,1.48,1.1384,178,0
SPY190712C298,2019-07-11,2019-07-11 09:33:35,1.5,1.1538,55,1.47,1.1307,56,1.5,1.1538,2,1.485,1.1423,178,0
SPY190712C298,2019-07-11,2019-07-11 09:33:35,1.5,1.1538,69,1.47,1.1307,66,1.5,1.1538,2,1.485,1.1423,178,0
SPY190712C298,2019-07-11,2019-07-11 09:33:36,1.5,1.1538,48,1.47,1.1307,66,1.5,1.1538,2,1.485,1.1423,178,0
SPY190712C298,2019-07-11,2019-07-11 09:33:37,1.5,1.1538,36,1.47,1.1307,129,1.5,1.1538,2,1.485,1.1423,178,0
SPY190712C298,2019-07-11,2019-07-11 09:33:37,1.5,1.1538,74,1.47,1.1307,102,1.5,1.1538,2,1.485,1.1423,178,0
SPY190712C298,2019-07-11,2019-07-11 09:33:38,1.5,1.1538,16,1.47,1.1307,112,1.5,1.1538,2,1.485,1.1423,178,0
SPY190712C298,2019-07-11,2019-07-11 09:33:38,1.5,1.1538,35,1.47,1.1307,132,1.5,1.1538,2,1.485,1.1423,178,0
SPY190712C298,2019-07-11,2019-07-11 09:33:39,1.5,1.1538,16,1.47,1.1307,105,1.5,1.1538,2,1.485,1.1423,178,0
SPY190712C298,2019-07-11,2019-07-11 09:33:39,1.5,1.1538,110,1.47,1.1307,125,1.5,1.1538,2,1.485,1.1423,178,0
SPY190712C298,2019-07-11,2019-07-11 09:33:40,1.5,1.1538,42,1.47,1.1307,125,1.5,1.1538,2,1.485,1.1423,178,0
SPY190712C298,2019-07-11,2019-07-11 09:33:41,1.5,1.1538,10,1.47,1.1307,135,1.5,1.1538,2,1.485,1.1423,178,0
SPY190712C298,2019-07-11,2019-07-11 09:33:41,1.51,1.1615,10,1.47,1.1307,135,1.5,1.1538,2,1.49,1.1461,178,0
SPY190712C298,2019-07-11,2019-07-11 09:33:42,1.51,1.1615,80,1.48,1.1384,18,1.5,1.1538,2,1.495,1.15,178,0
SPY190712C298,2019-07-11,2019-07-11 09:33:43,1.52,1.1692,186,1.48,1.1384,85,1.5,1.1538,2,1.5,1.1538,178,0
SPY190712C298,2019-07-11,2019-07-11 09:33:43,1.51,1.1615,90,1.47,1.1307,193,1.5,1.1538,2,1.49,1.1461,178,0
SPY190712C298,2019-07-11,2019-07-11 09:33:44,1.5,1.1538,6,1.49,1.1461,15,1.5,1.1538,2,1.495,1.15,178,0
SPY190712C298,2019-07-11,2019-07-11 09:33:45,1.5,1.1538,6,1.48,1.1384,13,1.5,1.1538,2,1.49,1.1461,178,0
SPY190712C298,2019-07-11,2019-07-11 09:33:45,1.5,1.1538,13,1.47,1.1307,127,1.5,1.1538,2,1.485,1.1423,178,0
SPY190712C298,2019-07-11,2019-07-11 09:33:46,1.5,1.1538,11,1.47,1.1307,127,1.5,1.1538,2,1.485,1.1423,178,0
SPY190712C298,2019-07-11,2019-07-11 09:33:46,1.5,1.1538,13,1.47,1.1307,127,1.5,1.1538,2,1.485,1.1423,178,0
SPY190712C298,2019-07-11,2019-07-11 09:33:47,1.5,1.1538,52,1.47,1.1307,76,1.5,1.1538,2,1.485,1.1423,178,0
SPY190712C298,2019-07-11,2019-07-11 09:33:48,1.5,1.1538,186,1.47,1.1307,56,1.5,1.1538,2,1.485,1.1423,178,0
SPY190712C298,2019-07-11,2019-07-11 09:33:48,1.49,1.1461,95,1.47,1.1307,50,1.5,1.1538,2,1.48,1.1384,178,0
SPY190712C298,2019-07-11,2019-07-11 09:33:49,1.49,1.1461,74,1.47,1.1307,50,1.5,1.1538,2,1.48,1.1384,178,0
SPY190712C298,2019-07-11,2019-07-11 09:33:49,1.49,1.1461,74,1.47,1.1307,70,1.5,1.1538,2,1.48,1.1384,178,0
SPY190712C298,2019-07-11,2019-07-11 09:33:50,1.49,1.1461,74,1.47,1.1307,70,1.5,1.1538,2,1.48,1.1384,178,0
SPY190712C298,2019-07-11,2019-07-11 09:33:51,1.48,1.1384,16,1.47,1.1307,50,1.5,1.1538,2,1.475,1.1346,178,0
SPY190712C298,2019-07-11,2019-07-11 09:33:52,1.48,1.1384,16,1.47,1.1307,50,1.5,1.1538,2,1.475,1.1346,178,0
SPY190712C298,2019-07-11,2019-07-11 09:33:52,1.47,1.1307,100,1.44,1.1076,85,1.47,1.1307,46,1.455,1.1192,228,50
SPY190712C298,2019-07-11,2019-07-11 09:33:53,1.47,1.1307,100,1.44,1.1076,85,1.47,1.1307,46,1.455,1.1192,228,0
SPY190712C298,2019-07-11,2019-07-11 09:33:54,1.47,1.1307,130,1.44,1.1076,85,1.47,1.1307,46,1.455,1.1192,228,0
SPY190712C298,2019-07-11,2019-07-11 09:33:54,1.47,1.1307,100,1.44,1.1076,85,1.47,1.1307,46,1.455,1.1192,228,0
SPY190712C298,2019-07-11,2019-07-11 09:33:55,1.47,1.1307,100,1.44,1.1076,53,1.47,1.1307,46,1.455,1.1192,228,0
SPY190712C298,2019-07-11,2019-07-11 09:33:55,1.46,1.123,176,1.42,1.0923,96,1.47,1.1307,46,1.44,1.1076,228,0
SPY190712C298,2019-07-11,2019-07-11 09:33:56,1.47,1.1307,100,1.44,1.1076,53,1.47,1.1307,46,1.455,1.1192,228,0
SPY190712C298,2019-07-11,2019-07-11 09:33:57,1.47,1.1307,130,1.44,1.1076,53,1.47,1.1307,46,1.455,1.1192,228,0
SPY190712C298,2019-07-11,2019-07-11 09:33:57,1.47,1.1307,130,1.44,1.1076,75,1.47,1.1307,46,1.455,1.1192,228,0
SPY190712C298,2019-07-11,2019-07-11 09:33:58,1.47,1.1307,28,1.44,1.1076,52,1.47,1.1307,46,1.455,1.1192,228,0
SPY190712C298,2019-07-11,2019-07-11 09:33:59,1.46,1.123,100,1.43,1.1,52,1.47,1.1307,46,1.445,1.1115,228,0
SPY190712C298,2019-07-11,2019-07-11 09:33:59,1.46,1.123,120,1.43,1.1,46,1.47,1.1307,46,1.445,1.1115,228,0
SPY190712C298,2019-07-11,2019-07-11 09:34:00,1.47,1.1307,120,1.43,1.1,121,1.47,1.1307,46,1.45,1.1153,228,0
SPY190712C298,2019-07-11,2019-07-11 09:34:01,1.47,1.1307,30,1.44,1.1076,180,1.46,1.123,20,1.455,1.1192,250,22
SPY190712C298,2019-07-11,2019-07-11 09:34:01,1.48,1.1384,100,1.45,1.1153,24,1.46,1.123,20,1.465,1.1269,250,0
SPY190712C298,2019-07-11,2019-07-11 09:34:02,1.48,1.1384,120,1.45,1.1153,91,1.46,1.123,20,1.465,1.1269,250,0
SPY190712C298,2019-07-11,2019-07-11 09:34:02,1.48,1.1384,110,1.45,1.1153,104,1.46,1.123,20,1.465,1.1269,250,0
SPY190712C298,2019-07-11,2019-07-11 09:34:03,1.48,1.1384,110,1.45,1.1153,104,1.46,1.123,20,1.465,1.1269,250,0
SPY190712C298,2019-07-11,2019-07-11 09:34:04,1.49,1.1461,43,1.46,1.123,81,1.46,1.123,20,1.475,1.1346,250,0
SPY190712C298,2019-07-11,2019-07-11 09:34:04,1.5,1.1538,111,1.46,1.123,186,1.46,1.123,20,1.48,1.1384,250,0
SPY190712C298,2019-07-11,2019-07-11 09:34:05,1.49,1.1461,155,1.45,1.1153,101,1.46,1.123,20,1.47,1.1307,250,0
SPY190712C298,2019-07-11,2019-07-11 09:34:05,1.49,1.1461,55,1.45,1.1153,100,1.46,1.123,20,1.47,1.1307,250,0
SPY190712C298,2019-07-11,2019-07-11 09:34:06,1.49,1.1461,161,1.45,1.1153,118,1.46,1.123,20,1.47,1.1307,250,0
SPY190712C298,2019-07-11,2019-07-11 09:34:07,1.48,1.1384,100,1.46,1.123,15,1.46,1.123,20,1.47,1.1307,250,0
SPY190712C298,2019-07-11,2019-07-11 09:34:07,1.48,1.1384,110,1.45,1.1153,108,1.46,1.123,20,1.465,1.1269,250,0
SPY190712C298,2019-07-11,2019-07-11 09:34:08,1.5,1.1538,101,1.47,1.1307,85,1.46,1.123,20,1.485,1.1423,250,0
SPY190712C298,2019-07-11,2019-07-11 09:34:08,1.49,1.1461,6,1.46,1.123,63,1.46,1.123,20,1.475,1.1346,250,0
SPY190712C298,2019-07-11,2019-07-11 09:34:09,1.5,1.1538,1,1.49,1.1461,12,1.46,1.123,20,1.495,1.15,250,0
SPY190712C298,2019-07-11,2019-07-11 09:34:09,1.5,1.1538,1,1.49,1.1461,22,1.46,1.123,20,1.495,1.15,250,0
SPY190712C298,2019-07-11,2019-07-11 09:34:10,1.5,1.1538,6,1.48,1.1384,40,1.46,1.123,20,1.49,1.1461,250,0
SPY190712C298,2019-07-11,2019-07-11 09:34:11,1.5,1.1538,1,1.49,1.1461,61,1.46,1.123,20,1.495,1.15,250,0
SPY190712C298,2019-07-11,2019-07-11 09:34:11,1.5,1.1538,6,1.48,1.1384,35,1.46,1.123,20,1.49,1.1461,250,0
SPY190712C298,2019-07-11,2019-07-11 09:34:12,1.5,1.1538,1,1.49,1.1461,85,1.46,1.123,20,1.495,1.15,250,0
SPY190712C298,2019-07-11,2019-07-11 09:34:13,1.5,1.1538,1,1.49,1.1461,80,1.46,1.123,20,1.495,1.15,250,0
SPY190712C298,2019-07-11,2019-07-11 09:34:14,1.52,1.1692,123,1.49,1.1461,80,1.5,1.1538,1,1.505,1.1576,251,0
SPY190712C298,2019-07-11,2019-07-11 09:34:14,1.5,1.1538,1,1.5,1.1538,1,1.5,1.1538,1,1.5,1.1538,251,1
SPY190712C298,2019-07-11,2019-07-11 09:34:15,1.52,1.1692,123,1.49,1.1461,80,1.5,1.1538,1,1.505,1.1576,251,0
SPY190712C298,2019-07-11,2019-07-11 09:34:16,1.52,1.1692,113,1.49,1.1461,85,1.5,1.1538,1,1.505,1.1576,251,0
SPY190712C298,2019-07-11,2019-07-11 09:34:17,1.52,1.1692,3,1.51,1.1615,21,1.5,1.1538,1,1.515,1.1653,251,0
SPY190712C298,2019-07-11,2019-07-11 09:34:17,1.54,1.1846,22,1.51,1.1615,67,1.52,1.1692,2,1.525,1.173,254,3
SPY190712C298,2019-07-11,2019-07-11 09:34:18,1.54,1.1846,110,1.51,1.1615,82,1.52,1.1692,2,1.525,1.173,254,0
SPY190712C298,2019-07-11,2019-07-11 09:34:18,1.54,1.1846,120,1.51,1.1615,96,1.52,1.1692,2,1.525,1.173,254,0
SPY190712C298,2019-07-11,2019-07-11 09:34:19,1.54,1.1846,120,1.51,1.1615,7,1.52,1.1692,2,1.525,1.173,254,0
SPY190712C298,2019-07-11,2019-07-11 09:34:20,1.54,1.1846,110,1.52,1.1692,1,1.53,1.1769,3,1.53,1.1769,258,4
SPY190712C298,2019-07-11,2019-07-11 09:34:20,1.54,1.1846,181,1.51,1.1615,17,1.52,1.1692,2,1.525,1.173,254,0
SPY190712C298,2019-07-11,2019-07-11 09:34:21,1.54,1.1846,1,1.52,1.1692,75,1.53,1.1769,3,1.53,1.1769,258,0
SPY190712C298,2019-07-11,2019-07-11 09:34:21,1.54,1.1846,1,1.52,1.1692,31,1.53,1.1769,3,1.53,1.1769,258,0
SPY190712C298,2019-07-11,2019-07-11 09:34:22,1.54,1.1846,1,1.52,1.1692,79,1.53,1.1769,3,1.53,1.1769,258,0
SPY190712C298,2019-07-11,2019-07-11 09:34:22,1.54,1.1846,1,1.52,1.1692,51,1.53,1.1769,3,1.53,1.1769,258,0
SPY190712C298,2019-07-11,2019-07-11 09:34:23,1.54,1.1846,1,1.52,1.1692,84,1.53,1.1769,3,1.53,1.1769,258,0
SPY190712C298,2019-07-11,2019-07-11 09:34:24,1.54,1.1846,1,1.53,1.1769,70,1.53,1.1769,3,1.535,1.1807,258,0
SPY190712C298,2019-07-11,2019-07-11 09:34:24,1.54,1.1846,1,1.53,1.1769,22,1.53,1.1769,3,1.535,1.1807,258,0
SPY190712C298,2019-07-11,2019-07-11 09:34:25,1.56,1.2,1,1.54,1.1846,10,1.54,1.1846,1,1.55,1.1923,259,1
SPY190712C298,2019-07-11,2019-07-11 09:34:26,1.56,1.2,1,1.55,1.1923,36,1.54,1.1846,1,1.555,1.1961,259,0
SPY190712C298,2019-07-11,2019-07-11 09:34:26,1.56,1.2,1,1.55,1.1923,10,1.54,1.1846,1,1.555,1.1961,259,0
SPY190712C298,2019-07-11,2019-07-11 09:34:27,1.58,1.2153,1,1.56,1.2,60,1.56,1.2,1,1.57,1.2076,260,1
SPY190712C298,2019-07-11,2019-07-11 09:34:28,1.6,1.2307,6,1.57,1.2076,16,1.58,1.2153,1,1.585,1.2192,261,1
SPY190712C298,2019-07-11,2019-07-11 09:34:28,1.62,1.2461,6,1.59,1.223,6,1.6,1.2307,1,1.605,1.2346,262,1
SPY190712C298,2019-07-11,2019-07-11 09:34:29,1.61,1.2384,178,1.59,1.223,10,1.6,1.2307,1,1.6,1.2307,262,0
SPY190712C298,2019-07-11,2019-07-11 09:34:29,1.62,1.2461,101,1.59,1.223,15,1.6,1.2307,1,1.605,1.2346,262,0
SPY190712C298,2019-07-11,2019-07-11 09:34:30,1.61,1.2384,111,1.58,1.2153,16,1.6,1.2307,1,1.595,1.2269,262,0
SPY190712C298,2019-07-11,2019-07-11 09:34:30,1.61,1.2384,111,1.58,1.2153,32,1.6,1.2307,1,1.595,1.2269,262,0
SPY190712C298,2019-07-11,2019-07-11 09:34:31,1.62,1.2461,168,1.58,1.2153,41,1.6,1.2307,1,1.6,1.2307,262,0
SPY190712C298,2019-07-11,2019-07-11 09:34:32,1.58,1.2153,168,1.53,1.1769,168,1.6,1.2307,1,1.555,1.1961,262,0
SPY190712C298,2019-07-11,2019-07-11 09:34:33,1.58,1.2153,182,1.54,1.1846,84,1.6,1.2307,1,1.56,1.2,262,0
SPY190712C298,2019-07-11,2019-07-11 09:34:34,1.58,1.2153,26,1.57,1.2076,16,1.6,1.2307,1,1.575,1.2115,262,0
SPY190712C298,2019-07-11,2019-07-11 09:34:35,1.59,1.223,110,1.56,1.2,78,1.59,1.223,10,1.575,1.2115,272,10
SPY190712C298,2019-07-11,2019-07-11 09:34:36,1.58,1.2153,16,1.55,1.1923,31,1.59,1.223,10,1.565,1.2038,272,0
SPY190712C298,2019-07-11,2019-07-11 09:34:37,1.59,1.223,110,1.56,1.2,62,1.59,1.223,10,1.575,1.2115,272,0
SPY190712C298,2019-07-11,2019-07-11 09:34:37,1.59,1.223,120,1.56,1.2,35,1.59,1.223,10,1.575,1.2115,272,0
SPY190712C298,2019-07-11,2019-07-11 09:34:38,1.59,1.223,110,1.57,1.2076,10,1.59,1.223,10,1.58,1.2153,272,0
SPY190712C298,2019-07-11,2019-07-11 09:34:38,1.6,1.2307,10,1.58,1.2153,81,1.59,1.223,10,1.59,1.223,272,0
SPY190712C298,2019-07-11,2019-07-11 09:34:39,1.6,1.2307,5,1.59,1.223,76,1.59,1.223,10,1.595,1.2269,272,0
SPY190712C298,2019-07-11,2019-07-11 09:34:39,1.6,1.2307,10,1.58,1.2153,81,1.59,1.223,10,1.59,1.223,272,0
SPY190712C298,2019-07-11,2019-07-11 09:34:40,1.6,1.2307,5,1.59,1.223,16,1.59,1.223,10,1.595,1.2269,272,0
SPY190712C298,2019-07-11,2019-07-11 09:34:41,1.59,1.223,28,1.56,1.2,36,1.59,1.223,10,1.575,1.2115,272,0
SPY190712C298,2019-07-11,2019-07-11 09:34:41,1.59,1.223,110,1.56,1.2,10,1.59,1.223,10,1.575,1.2115,272,0
SPY190712C298,2019-07-11,2019-07-11 09:34:42,1.6,1.2307,5,1.56,1.2,57,1.59,1.223,10,1.58,1.2153,272,0
SPY190712C298,2019-07-11,2019-07-11 09:34:43,1.61,1.2384,100,1.59,1.223,7,1.59,1.223,5,1.6,1.2307,277,5
SPY190712C298,2019-07-11,2019-07-11 09:34:43,1.62,1.2461,190,1.59,1.223,10,1.59,1.223,5,1.605,1.2346,277,0
SPY190712C298,2019-07-11,2019-07-11 09:34:44,1.61,1.2384,110,1.58,1.2153,70,1.59,1.223,5,1.595,1.2269,277,0
SPY190712C298,2019-07-11,2019-07-11 09:34:45,1.61,1.2384,100,1.58,1.2153,50,1.59,1.223,5,1.595,1.2269,277,0
SPY190712C298,2019-07-11,2019-07-11 09:34:45,1.61,1.2384,110,1.58,1.2153,34,1.59,1.223,5,1.595,1.2269,277,0
SPY190712C298,2019-07-11,2019-07-11 09:34:46,1.6,1.2307,178,1.57,1.2076,7,1.59,1.223,5,1.585,1.2192,277,0
SPY190712C298,2019-07-11,2019-07-11 09:34:46,1.61,1.2384,110,1.58,1.2153,69,1.59,1.223,5,1.595,1.2269,277,0
SPY190712C298,2019-07-11,2019-07-11 09:34:47,1.6,1.2307,178,1.57,1.2076,15,1.59,1.223,5,1.585,1.2192,277,0
SPY190712C298,2019-07-11,2019-07-11 09:34:48,1.6,1.2307,178,1.57,1.2076,12,1.59,1.223,5,1.585,1.2192,277,0
SPY190712C298,2019-07-11,2019-07-11 09:34:48,1.6,1.2307,78,1.57,1.2076,12,1.59,1.223,5,1.585,1.2192,277,0
SPY190712C298,2019-07-11,2019-07-11 09:34:49,1.61,1.2384,144,1.58,1.2153,52,1.59,1.223,5,1.595,1.2269,277,0
SPY190712C298,2019-07-11,2019-07-11 09:34:50,1.61,1.2384,134,1.57,1.2076,16,1.59,1.223,5,1.59,1.223,277,0
SPY190712C298,2019-07-11,2019-07-11 09:34:50,1.6,1.2307,6,1.57,1.2076,83,1.59,1.223,5,1.585,1.2192,277,0
SPY190712C298,2019-07-11,2019-07-11 09:34:51,1.6,1.2307,16,1.57,1.2076,73,1.59,1.223,5,1.585,1.2192,277,0
SPY190712C298,2019-07-11,2019-07-11 09:34:51,1.6,1.2307,10,1.57,1.2076,83,1.59,1.223,5,1.585,1.2192,277,0
SPY190712C298,2019-07-11,2019-07-11 09:34:52,1.59,1.223,204,1.55,1.1923,61,1.59,1.223,5,1.57,1.2076,277,0
SPY190712C298,2019-07-11,2019-07-11 09:34:52,1.6,1.2307,67,1.57,1.2076,21,1.59,1.223,5,1.585,1.2192,277,0
SPY190712C298,2019-07-11,2019-07-11 09:34:53,1.59,1.223,204,1.55,1.1923,61,1.59,1.223,5,1.57,1.2076,277,0
SPY190712C298,2019-07-11,2019-07-11 09:34:54,1.59,1.223,178,1.55,1.1923,83,1.59,1.223,5,1.57,1.2076,277,0
SPY190712C298,2019-07-11,2019-07-11 09:34:54,1.59,1.223,35,1.56,1.2,22,1.59,1.223,5,1.575,1.2115,277,0
SPY190712C298,2019-07-11,2019-07-11 09:34:55,1.6,1.2307,183,1.56,1.2,74,1.59,1.223,5,1.58,1.2153,277,0
SPY190712C298,2019-07-11,2019-07-11 09:34:55,1.6,1.2307,84,1.59,1.223,30,1.59,1.223,5,1.595,1.2269,277,0
SPY190712C298,2019-07-11,2019-07-11 09:34:56,1.62,1.2461,16,1.6,1.2307,16,1.59,1.223,5,1.61,1.2384,277,0
SPY190712C298,2019-07-11,2019-07-11 09:34:57,1.62,1.2461,16,1.6,1.2307,52,1.59,1.223,5,1.61,1.2384,277,0
SPY190712C298,2019-07-11,2019-07-11 09:34:57,1.62,1.2461,16,1.6,1.2307,16,1.59,1.223,5,1.61,1.2384,277,0
SPY190712C298,2019-07-11,2019-07-11 09:34:58,1.62,1.2461,145,1.59,1.223,10,1.59,1.223,5,1.605,1.2346,277,0
SPY190712C298,2019-07-11,2019-07-11 09:34:58,1.62,1.2461,101,1.59,1.223,7,1.59,1.223,5,1.605,1.2346,277,0
SPY190712C298,2019-07-11,2019-07-11 09:34:59,1.62,1.2461,16,1.6,1.2307,7,1.59,1.223,5,1.61,1.2384,277,0
SPY190712C298,2019-07-11,2019-07-11 09:35:00,1.62,1.2461,112,1.59,1.223,16,1.59,1.223,5,1.605,1.2346,277,0
SPY190712C298,2019-07-11,2019-07-11 09:35:00,1.62,1.2461,150,1.58,1.2153,173,1.59,1.223,5,1.6,1.2307,277,0
SPY190712C298,2019-07-11,2019-07-11 09:35:01,1.62,1.2461,140,1.59,1.223,12,1.59,1.223,5,1.605,1.2346,277,0
SPY190712C298,2019-07-11,2019-07-11 09:35:01,1.62,1.2461,112,1.59,1.223,15,1.59,1.223,5,1.605,1.2346,277,0
SPY190712C298,2019-07-11,2019-07-11 09:35:02,1.62,1.2461,140,1.59,1.223,12,1.59,1.223,5,1.605,1.2346,277,0
SPY190712C298,2019-07-11,2019-07-11 09:35:02,1.62,1.2461,140,1.59,1.223,10,1.59,1.223,5,1.605,1.2346,277,0
SPY190712C298,2019-07-11,2019-07-11 09:35:03,1.58,1.2153,167,1.54,1.1846,165,1.59,1.223,5,1.56,1.2,277,0
SPY190712C298,2019-07-11,2019-07-11 09:35:04,1.58,1.2153,230,1.54,1.1846,14,1.59,1.223,5,1.56,1.2,277,0
SPY190712C298,2019-07-11,2019-07-11 09:35:04,1.59,1.223,101,1.56,1.2,10,1.59,1.223,5,1.575,1.2115,277,0
SPY190712C298,2019-07-11,2019-07-11 09:35:05,1.59,1.223,159,1.56,1.2,72,1.59,1.223,5,1.575,1.2115,277,0
SPY190712C298,2019-07-11,2019-07-11 09:35:06,1.6,1.2307,56,1.57,1.2076,12,1.59,1.223,5,1.585,1.2192,277,0
SPY190712C298,2019-07-11,2019-07-11 09:35:06,1.61,1.2384,171,1.58,1.2153,16,1.59,1.223,5,1.595,1.2269,277,0
SPY190712C298,2019-07-11,2019-07-11 09:35:07,1.6,1.2307,73,1.57,1.2076,12,1.59,1.223,5,1.585,1.2192,277,0
SPY190712C298,2019-07-11,2019-07-11 09:35:07,1.6,1.2307,93,1.57,1.2076,24,1.59,1.223,5,1.585,1.2192,277,0
SPY190712C298,2019-07-11,2019-07-11 09:35:08,1.61,1.2384,135,1.58,1.2153,16,1.59,1.223,5,1.595,1.2269,277,0
SPY190712C298,2019-07-11,2019-07-11 09:35:09,1.61,1.2384,16,1.58,1.2153,36,1.59,1.223,5,1.595,1.2269,277,0
SPY190712C298,2019-07-11,2019-07-11 09:35:09,1.61,1.2384,8,1.58,1.2153,36,1.59,1.223,5,1.595,1.2269,277,0
SPY190712C298,2019-07-11,2019-07-11 09:35:10,1.6,1.2307,172,1.56,1.2,72,1.59,1.223,5,1.58,1.2153,277,0
SPY190712C298,2019-07-11,2019-07-11 09:35:11,1.61,1.2384,139,1.58,1.2153,16,1.59,1.223,5,1.595,1.2269,277,0
SPY190712C298,2019-07-11,2019-07-11 09:35:11,1.6,1.2307,178,1.56,1.2,20,1.59,1.223,5,1.58,1.2153,277,0
SPY190712C298,2019-07-11,2019-07-11 09:35:12,1.6,1.2307,1,1.56,1.2,153,1.59,1.223,5,1.58,1.2153,277,0
SPY190712C298,2019-07-11,2019-07-11 09:35:13,1.61,1.2384,101,1.58,1.2153,30,1.59,1.223,5,1.595,1.2269,277,0
SPY190712C298,2019-07-11,2019-07-11 09:35:13,1.61,1.2384,101,1.58,1.2153,51,1.59,1.223,5,1.595,1.2269,277,0
SPY190712C298,2019-07-11,2019-07-11 09:35:14,1.62,1.2461,16,1.6,1.2307,20,1.59,1.223,5,1.61,1.2384,277,0
SPY190712C298,2019-07-11,2019-07-11 09:35:14,1.62,1.2461,22,1.59,1.223,7,1.59,1.223,5,1.605,1.2346,277,0
SPY190712C298,2019-07-11,2019-07-11 09:35:15,1.62,1.2461,25,1.6,1.2307,10,1.59,1.223,5,1.61,1.2384,277,0
SPY190712C298,2019-07-11,2019-07-11 09:35:16,1.62,1.2461,19,1.6,1.2307,10,1.59,1.223,5,1.61,1.2384,277,0
SPY190712C298,2019-07-11,2019-07-11 09:35:16,1.62,1.2461,19,1.59,1.223,1,1.59,1.223,5,1.605,1.2346,277,0
SPY190712C298,2019-07-11,2019-07-11 09:35:17,1.62,1.2461,31,1.59,1.223,10,1.59,1.223,1,1.605,1.2346,282,5
SPY190712C298,2019-07-11,2019-07-11 09:35:17,1.62,1.2461,111,1.58,1.2153,70,1.59,1.223,5,1.6,1.2307,277,0
SPY190712C298,2019-07-11,2019-07-11 09:35:18,1.62,1.2461,19,1.61,1.2384,1,1.61,1.2384,1,1.615,1.2423,283,0
SPY190712C298,2019-07-11,2019-07-11 09:35:18,1.62,1.2461,22,1.61,1.2384,1,1.61,1.2384,1,1.615,1.2423,283,1
SPY190712C298,2019-07-11,2019-07-11 09:35:19,1.62,1.2461,69,1.6,1.2307,1,1.61,1.2384,1,1.61,1.2384,284,0
SPY190712C298,2019-07-11,2019-07-11 09:35:19,1.62,1.2461,69,1.6,1.2307,1,1.61,1.2384,1,1.61,1.2384,284,1
SPY190712C298,2019-07-11,2019-07-11 09:35:20,1.62,1.2461,69,1.59,1.223,10,1.61,1.2384,1,1.605,1.2346,284,0
SPY190712C298,2019-07-11,2019-07-11 09:35:21,1.62,1.2461,69,1.59,1.223,10,1.61,1.2384,1,1.605,1.2346,284,0
SPY190712C298,2019-07-11,2019-07-11 09:35:21,1.62,1.2461,89,1.59,1.223,10,1.61,1.2384,1,1.605,1.2346,284,0
SPY190712C298,2019-07-11,2019-07-11 09:35:22,1.62,1.2461,69,1.59,1.223,10,1.61,1.2384,1,1.605,1.2346,284,0
SPY190712C298,2019-07-11,2019-07-11 09:35:22,1.62,1.2461,161,1.58,1.2153,87,1.61,1.2384,1,1.6,1.2307,284,0
SPY190712C298,2019-07-11,2019-07-11 09:35:23,1.61,1.2384,6,1.59,1.223,1,1.61,1.2384,1,1.6,1.2307,284,0
SPY190712C298,2019-07-11,2019-07-11 09:35:24,1.61,1.2384,10,1.58,1.2153,20,1.61,1.2384,1,1.595,1.2269,284,0
SPY190712C298,2019-07-11,2019-07-11 09:35:24,1.61,1.2384,135,1.58,1.2153,20,1.61,1.2384,1,1.595,1.2269,284,0
SPY190712C298,2019-07-11,2019-07-11 09:35:25,1.61,1.2384,10,1.57,1.2076,87,1.61,1.2384,1,1.59,1.223,284,0
SPY190712C298,2019-07-11,2019-07-11 09:35:26,1.61,1.2384,137,1.57,1.2076,74,1.61,1.2384,1,1.59,1.223,284,0
SPY190712C298,2019-07-11,2019-07-11 09:35:26,1.61,1.2384,10,1.57,1.2076,80,1.61,1.2384,1,1.59,1.223,284,0
SPY190712C298,2019-07-11,2019-07-11 09:35:27,1.61,1.2384,137,1.57,1.2076,13,1.61,1.2384,1,1.59,1.223,284,0
SPY190712C298,2019-07-11,2019-07-11 09:35:27,1.61,1.2384,100,1.57,1.2076,13,1.61,1.2384,1,1.59,1.223,284,0
SPY190712C298,2019-07-11,2019-07-11 09:35:28,1.61,1.2384,10,1.57,1.2076,98,1.61,1.2384,1,1.59,1.223,284,0
SPY190712C298,2019-07-11,2019-07-11 09:35:29,1.61,1.2384,10,1.58,1.2153,74,1.61,1.2384,1,1.595,1.2269,284,0
SPY190712C298,2019-07-11,2019-07-11 09:35:29,1.62,1.2461,69,1.58,1.2153,84,1.61,1.2384,1,1.6,1.2307,284,0
SPY190712C298,2019-07-11,2019-07-11 09:35:30,1.62,1.2461,22,1.6,1.2307,48,1.61,1.2384,1,1.61,1.2384,284,0
SPY190712C298,2019-07-11,2019-07-11 09:35:31,1.62,1.2461,16,1.6,1.2307,8,1.61,1.2384,1,1.61,1.2384,284,0
SPY190712C298,2019-07-11,2019-07-11 09:35:31,1.62,1.2461,168,1.6,1.2307,10,1.61,1.2384,1,1.61,1.2384,284,0
SPY190712C298,2019-07-11,2019-07-11 09:35:32,1.62,1.2461,169,1.58,1.2153,168,1.61,1.2384,20,1.6,1.2307,304,20
SPY190712C298,2019-07-11,2019-07-11 09:35:33,1.62,1.2461,76,1.58,1.2153,168,1.61,1.2384,20,1.6,1.2307,304,0
SPY190712C298,2019-07-11,2019-07-11 09:35:34,1.61,1.2384,101,1.58,1.2153,65,1.61,1.2384,20,1.595,1.2269,304,0
SPY190712C298,2019-07-11,2019-07-11 09:35:35,1.6,1.2307,134,1.56,1.2,73,1.61,1.2384,20,1.58,1.2153,304,0
SPY190712C298,2019-07-11,2019-07-11 09:35:35,1.6,1.2307,110,1.57,1.2076,7,1.61,1.2384,20,1.585,1.2192,304,0
SPY190712C298,2019-07-11,2019-07-11 09:35:36,1.61,1.2384,178,1.57,1.2076,59,1.61,1.2384,20,1.59,1.223,304,0
SPY190712C298,2019-07-11,2019-07-11 09:35:37,1.6,1.2307,14,1.57,1.2076,48,1.61,1.2384,20,1.585,1.2192,304,0
SPY190712C298,2019-07-11,2019-07-11 09:35:37,1.6,1.2307,19,1.57,1.2076,10,1.61,1.2384,20,1.585,1.2192,304,0
SPY190712C298,2019-07-11,2019-07-11 09:35:38,1.6,1.2307,19,1.57,1.2076,10,1.61,1.2384,20,1.585,1.2192,304,0
SPY190712C298,2019-07-11,2019-07-11 09:35:38,1.6,1.2307,77,1.57,1.2076,10,1.61,1.2384,20,1.585,1.2192,304,0
SPY190712C298,2019-07-11,2019-07-11 09:35:39,1.6,1.2307,50,1.57,1.2076,12,1.61,1.2384,20,1.585,1.2192,304,0
SPY190712C298,2019-07-11,2019-07-11 09:35:40,1.6,1.2307,142,1.56,1.2,95,1.61,1.2384,20,1.58,1.2153,304,0
SPY190712C298,2019-07-11,2019-07-11 09:35:41,1.6,1.2307,147,1.56,1.2,95,1.61,1.2384,20,1.58,1.2153,304,0
SPY190712C298,2019-07-11,2019-07-11 09:35:41,1.6,1.2307,59,1.56,1.2,67,1.61,1.2384,20,1.58,1.2153,304,0
SPY190712C298,2019-07-11,2019-07-11 09:35:42,1.57,1.2076,110,1.54,1.1846,48,1.61,1.2384,20,1.555,1.1961,304,0
SPY190712C298,2019-07-11,2019-07-11 09:35:43,1.57,1.2076,33,1.54,1.1846,83,1.61,1.2384,20,1.555,1.1961,304,0
SPY190712C298,2019-07-11,2019-07-11 09:35:43,1.58,1.2153,173,1.54,1.1846,68,1.61,1.2384,20,1.56,1.2,304,0
SPY190712C298,2019-07-11,2019-07-11 09:35:44,1.57,1.2076,132,1.52,1.1692,64,1.61,1.2384,20,1.545,1.1884,304,0
SPY190712C298,2019-07-11,2019-07-11 09:35:44,1.57,1.2076,132,1.54,1.1846,39,1.61,1.2384,20,1.555,1.1961,304,0
SPY190712C298,2019-07-11,2019-07-11 09:35:45,1.55,1.1923,100,1.52,1.1692,92,1.61,1.2384,20,1.535,1.1807,304,0
SPY190712C298,2019-07-11,2019-07-11 09:35:46,1.55,1.1923,135,1.52,1.1692,77,1.61,1.2384,20,1.535,1.1807,304,0
SPY190712C298,2019-07-11,2019-07-11 09:35:46,1.56,1.2,183,1.52,1.1692,84,1.61,1.2384,20,1.54,1.1846,304,0
SPY190712C298,2019-07-11,2019-07-11 09:35:47,1.54,1.1846,52,1.51,1.1615,33,1.61,1.2384,20,1.525,1.173,304,0
SPY190712C298,2019-07-11,2019-07-11 09:35:47,1.54,1.1846,110,1.5,1.1538,184,1.61,1.2384,20,1.52,1.1692,304,0
SPY190712C298,2019-07-11,2019-07-11 09:35:48,1.54,1.1846,16,1.51,1.1615,33,1.61,1.2384,20,1.525,1.173,304,0
SPY190712C298,2019-07-11,2019-07-11 09:35:49,1.56,1.2,79,1.52,1.1692,84,1.61,1.2384,20,1.54,1.1846,304,0
SPY190712C298,2019-07-11,2019-07-11 09:35:49,1.55,1.1923,118,1.51,1.1615,184,1.61,1.2384,20,1.53,1.1769,304,0
SPY190712C298,2019-07-11,2019-07-11 09:35:50,1.56,1.2,79,1.53,1.1769,16,1.61,1.2384,20,1.545,1.1884,304,0
SPY190712C298,2019-07-11,2019-07-11 09:35:50,1.56,1.2,89,1.53,1.1769,16,1.61,1.2384,20,1.545,1.1884,304,0
SPY190712C298,2019-07-11,2019-07-11 09:35:51,1.56,1.2,189,1.53,1.1769,24,1.61,1.2384,20,1.545,1.1884,304,0
SPY190712C298,2019-07-11,2019-07-11 09:35:52,1.58,1.2153,184,1.55,1.1923,10,1.61,1.2384,20,1.565,1.2038,304,0
SPY190712C298,2019-07-11,2019-07-11 09:35:52,1.57,1.2076,179,1.53,1.1769,55,1.61,1.2384,20,1.55,1.1923,304,0
SPY190712C298,2019-07-11,2019-07-11 09:35:53,1.59,1.223,14,1.56,1.2,58,1.58,1.2153,10,1.575,1.2115,314,10
SPY190712C298,2019-07-11,2019-07-11 09:35:54,1.6,1.2307,14,1.57,1.2076,168,1.58,1.2153,10,1.585,1.2192,314,0
SPY190712C298,2019-07-11,2019-07-11 09:35:54,1.6,1.2307,16,1.57,1.2076,65,1.59,1.223,5,1.585,1.2192,319,5
SPY190712C298,2019-07-11,2019-07-11 09:35:55,1.6,1.2307,17,1.57,1.2076,175,1.59,1.223,5,1.585,1.2192,319,0
SPY190712C298,2019-07-11,2019-07-11 09:35:55,1.6,1.2307,16,1.57,1.2076,65,1.59,1.223,5,1.585,1.2192,319,0
SPY190712C298,2019-07-11,2019-07-11 09:35:56,1.6,1.2307,14,1.57,1.2076,175,1.59,1.223,5,1.585,1.2192,319,0
SPY190712C298,2019-07-11,2019-07-11 09:35:56,1.6,1.2307,14,1.56,1.2,178,1.59,1.223,5,1.58,1.2153,319,0
SPY190712C298,2019-07-11,2019-07-11 09:35:57,1.6,1.2307,63,1.57,1.2076,22,1.59,1.223,5,1.585,1.2192,319,0
SPY190712C298,2019-07-11,2019-07-11 09:35:58,1.59,1.223,16,1.56,1.2,110,1.59,1.223,5,1.575,1.2115,319,0
SPY190712C298,2019-07-11,2019-07-11 09:35:58,1.6,1.2307,63,1.57,1.2076,65,1.59,1.223,5,1.585,1.2192,319,0
SPY190712C298,2019-07-11,2019-07-11 09:35:59,1.59,1.223,152,1.56,1.2,19,1.59,1.223,5,1.575,1.2115,319,0
SPY190712C298,2019-07-11,2019-07-11 09:35:59,1.59,1.223,47,1.56,1.2,110,1.59,1.223,5,1.575,1.2115,319,0
SPY190712C298,2019-07-11,2019-07-11 09:36:00,1.59,1.223,147,1.56,1.2,19,1.59,1.223,5,1.575,1.2115,319,0
SPY190712C298,2019-07-11,2019-07-11 09:36:01,1.59,1.223,147,1.56,1.2,19,1.59,1.223,5,1.575,1.2115,319,0
SPY190712C298,2019-07-11,2019-07-11 09:36:02,1.59,1.223,120,1.56,1.2,82,1.59,1.223,5,1.575,1.2115,319,0
SPY190712C298,2019-07-11,2019-07-11 09:36:02,1.59,1.223,147,1.56,1.2,19,1.59,1.223,5,1.575,1.2115,319,0
SPY190712C298,2019-07-11,2019-07-11 09:36:03,1.59,1.223,120,1.56,1.2,18,1.59,1.223,5,1.575,1.2115,319,0
SPY190712C298,2019-07-11,2019-07-11 09:36:04,1.59,1.223,155,1.56,1.2,11,1.59,1.223,5,1.575,1.2115,319,0
SPY190712C298,2019-07-11,2019-07-11 09:36:05,1.59,1.223,120,1.56,1.2,77,1.59,1.223,5,1.575,1.2115,319,0
SPY190712C298,2019-07-11,2019-07-11 09:36:05,1.59,1.223,150,1.56,1.2,11,1.59,1.223,5,1.575,1.2115,319,0
SPY190712C298,2019-07-11,2019-07-11 09:36:06,1.58,1.2153,179,1.54,1.1846,183,1.59,1.223,5,1.56,1.2,319,0
SPY190712C298,2019-07-11,2019-07-11 09:36:06,1.58,1.2153,179,1.54,1.1846,102,1.59,1.223,5,1.56,1.2,319,0
SPY190712C298,2019-07-11,2019-07-11 09:36:07,1.58,1.2153,11,1.55,1.1923,178,1.59,1.223,5,1.565,1.2038,319,0
SPY190712C298,2019-07-11,2019-07-11 09:36:08,1.58,1.2153,183,1.55,1.1923,10,1.59,1.223,5,1.565,1.2038,319,0
SPY190712C298,2019-07-11,2019-07-11 09:36:08,1.57,1.2076,16,1.55,1.1923,13,1.59,1.223,5,1.56,1.2,319,0
SPY190712C298,2019-07-11,2019-07-11 09:36:09,1.57,1.2076,8,1.55,1.1923,16,1.59,1.223,5,1.56,1.2,319,0
SPY190712C298,2019-07-11,2019-07-11 09:36:09,1.59,1.223,188,1.56,1.2,10,1.59,1.223,5,1.575,1.2115,319,0
SPY190712C298,2019-07-11,2019-07-11 09:36:10,1.59,1.223,120,1.56,1.2,156,1.59,1.223,5,1.575,1.2115,319,0
SPY190712C298,2019-07-11,2019-07-11 09:36:11,1.62,1.2461,111,1.59,1.223,173,1.6,1.2307,8,1.605,1.2346,327,8
SPY190712C298,2019-07-11,2019-07-11 09:36:11,1.6,1.2307,8,1.58,1.2153,100,1.59,1.223,5,1.59,1.223,319,0
SPY190712C298,2019-07-11,2019-07-11 09:36:12,1.62,1.2461,111,1.59,1.223,168,1.6,1.2307,8,1.605,1.2346,327,0
SPY190712C298,2019-07-11,2019-07-11 09:36:12,1.62,1.2461,16,1.59,1.223,168,1.6,1.2307,8,1.605,1.2346,327,0
SPY190712C298,2019-07-11,2019-07-11 09:36:13,1.62,1.2461,1,1.59,1.223,168,1.62,1.2461,24,1.605,1.2346,367,40
SPY190712C298,2019-07-11,2019-07-11 09:36:14,1.63,1.2538,25,1.61,1.2384,7,1.62,1.2461,1,1.62,1.2461,368,0
SPY190712C298,2019-07-11,2019-07-11 09:36:14,1.63,1.2538,25,1.61,1.2384,60,1.62,1.2461,1,1.62,1.2461,368,1
SPY190712C298,2019-07-11,2019-07-11 09:36:15,1.63,1.2538,25,1.62,1.2461,10,1.62,1.2461,1,1.625,1.25,368,0
SPY190712C298,2019-07-11,2019-07-11 09:36:16,1.63,1.2538,25,1.6,1.2307,41,1.62,1.2461,1,1.615,1.2423,368,0
SPY190712C298,2019-07-11,2019-07-11 09:36:17,1.63,1.2538,25,1.6,1.2307,41,1.62,1.2461,1,1.615,1.2423,368,0
SPY190712C298,2019-07-11,2019-07-11 09:36:17,1.63,1.2538,25,1.61,1.2384,1,1.62,1.2461,1,1.62,1.2461,368,0
SPY190712C298,2019-07-11,2019-07-11 09:36:18,1.62,1.2461,100,1.6,1.2307,7,1.63,1.2538,19,1.61,1.2384,387,0
SPY190712C298,2019-07-11,2019-07-11 09:36:18,1.63,1.2538,100,1.59,1.223,100,1.63,1.2538,19,1.61,1.2384,387,19
SPY190712C298,2019-07-11,2019-07-11 09:36:19,1.62,1.2461,100,1.6,1.2307,1,1.63,1.2538,19,1.61,1.2384,387,0
SPY190712C298,2019-07-11,2019-07-11 09:36:19,1.62,1.2461,100,1.6,1.2307,7,1.63,1.2538,19,1.61,1.2384,387,0
SPY190712C298,2019-07-11,2019-07-11 09:36:20,1.62,1.2461,100,1.6,1.2307,1,1.63,1.2538,19,1.61,1.2384,387,0
SPY190712C298,2019-07-11,2019-07-11 09:36:20,1.62,1.2461,100,1.6,1.2307,1,1.63,1.2538,1,1.61,1.2384,388,1
SPY190712C298,2019-07-11,2019-07-11 09:36:21,1.62,1.2461,100,1.6,1.2307,16,1.63,1.2538,1,1.61,1.2384,388,0
SPY190712C298,2019-07-11,2019-07-11 09:36:22,1.62,1.2461,100,1.6,1.2307,20,1.63,1.2538,1,1.61,1.2384,388,0
SPY190712C298,2019-07-11,2019-07-11 09:36:23,1.63,1.2538,78,1.6,1.2307,20,1.63,1.2538,1,1.615,1.2423,388,0
SPY190712C298,2019-07-11,2019-07-11 09:36:24,1.63,1.2538,78,1.61,1.2384,6,1.63,1.2538,1,1.62,1.2461,388,0
SPY190712C298,2019-07-11,2019-07-11 09:36:24,1.64,1.2615,160,1.61,1.2384,6,1.63,1.2538,1,1.625,1.25,388,0
SPY190712C298,2019-07-11,2019-07-11 09:36:25,1.64,1.2615,165,1.61,1.2384,15,1.63,1.2538,1,1.625,1.25,388,0
SPY190712C298,2019-07-11,2019-07-11 09:36:25,1.64,1.2615,165,1.61,1.2384,10,1.63,1.2538,1,1.625,1.25,388,0
SPY190712C298,2019-07-11,2019-07-11 09:36:26,1.64,1.2615,172,1.6,1.2307,10,1.61,1.2384,50,1.62,1.2461,438,0
SPY190712C298,2019-07-11,2019-07-11 09:36:26,1.64,1.2615,155,1.61,1.2384,8,1.61,1.2384,50,1.625,1.25,438,50
SPY190712C298,2019-07-11,2019-07-11 09:36:27,1.63,1.2538,9,1.6,1.2307,75,1.61,1.2384,50,1.615,1.2423,438,0
SPY190712C298,2019-07-11,2019-07-11 09:36:28,1.63,1.2538,48,1.6,1.2307,14,1.61,1.2384,50,1.615,1.2423,438,0
SPY190712C298,2019-07-11,2019-07-11 09:36:29,1.63,1.2538,48,1.6,1.2307,25,1.61,1.2384,50,1.615,1.2423,438,0
SPY190712C298,2019-07-11,2019-07-11 09:36:29,1.64,1.2615,173,1.61,1.2384,1,1.61,1.2384,50,1.625,1.25,438,0
SPY190712C298,2019-07-11,2019-07-11 09:36:30,1.63,1.2538,83,1.61,1.2384,7,1.61,1.2384,50,1.62,1.2461,438,0
SPY190712C298,2019-07-11,2019-07-11 09:36:30,1.63,1.2538,7,1.61,1.2384,7,1.61,1.2384,50,1.62,1.2461,438,0
SPY190712C298,2019-07-11,2019-07-11 09:36:31,1.64,1.2615,100,1.6,1.2307,100,1.61,1.2384,50,1.62,1.2461,438,0
SPY190712C298,2019-07-11,2019-07-11 09:36:32,1.64,1.2615,7,1.62,1.2461,1,1.61,1.2384,50,1.63,1.2538,438,0
SPY190712C298,2019-07-11,2019-07-11 09:36:32,1.64,1.2615,1,1.61,1.2384,14,1.61,1.2384,50,1.625,1.25,438,0
SPY190712C298,2019-07-11,2019-07-11 09:36:33,1.64,1.2615,7,1.62,1.2461,10,1.61,1.2384,50,1.63,1.2538,438,0
SPY190712C298,2019-07-11,2019-07-11 09:36:33,1.64,1.2615,1,1.62,1.2461,10,1.61,1.2384,50,1.63,1.2538,438,0
SPY190712C298,2019-07-11,2019-07-11 09:36:34,1.64,1.2615,1,1.62,1.2461,10,1.61,1.2384,50,1.63,1.2538,438,0
SPY190712C298,2019-07-11,2019-07-11 09:36:35,1.64,1.2615,1,1.62,1.2461,15,1.61,1.2384,50,1.63,1.2538,438,0
SPY190712C298,2019-07-11,2019-07-11 09:36:36,1.64,1.2615,1,1.63,1.2538,1,1.61,1.2384,50,1.635,1.2576,438,0
SPY190712C298,2019-07-11,2019-07-11 09:36:37,1.64,1.2615,1,1.63,1.2538,1,1.61,1.2384,50,1.635,1.2576,438,0
SPY190712C298,2019-07-11,2019-07-11 09:36:38,1.64,1.2615,1,1.63,1.2538,1,1.61,1.2384,50,1.635,1.2576,438,0
SPY190712C298,2019-07-11,2019-07-11 09:36:39,1.64,1.2615,1,1.63,1.2538,1,1.61,1.2384,50,1.635,1.2576,438,0
SPY190712C298,2019-07-11,2019-07-11 09:36:40,1.64,1.2615,1,1.63,1.2538,1,1.61,1.2384,50,1.635,1.2576,438,0
SPY190712C298,2019-07-11,2019-07-11 09:36:41,1.64,1.2615,1,1.63,1.2538,1,1.61,1.2384,50,1.635,1.2576,438,0
SPY190712C298,2019-07-11,2019-07-11 09:36:42,1.64,1.2615,1,1.63,1.2538,1,1.61,1.2384,50,1.635,1.2576,438,0
SPY190712C298,2019-07-11,2019-07-11 09:36:43,1.64,1.2615,1,1.63,1.2538,1,1.61,1.2384,50,1.635,1.2576,438,0
SPY190712C298,2019-07-11,2019-07-11 09:36:44,1.64,1.2615,1,1.63,1.2538,1,1.61,1.2384,50,1.635,1.2576,438,0
SPY190712C298,2019-07-11,2019-07-11 09:36:45,1.64,1.2615,1,1.63,1.2538,1,1.61,1.2384,50,1.635,1.2576,438,0
SPY190712C298,2019-07-11,2019-07-11 09:36:46,1.64,1.2615,1,1.63,1.2538,1,1.61,1.2384,50,1.635,1.2576,438,0
SPY190712C298,2019-07-11,2019-07-11 09:36:46,1.64,1.2615,1,1.63,1.2538,7,1.61,1.2384,50,1.635,1.2576,438,0
SPY190712C298,2019-07-11,2019-07-11 09:36:47,1.64,1.2615,1,1.63,1.2538,1,1.61,1.2384,50,1.635,1.2576,438,0
SPY190712C298,2019-07-11,2019-07-11 09:36:47,1.64,1.2615,1,1.63,1.2538,1,1.64,1.2615,50,1.635,1.2576,488,50
SPY190712C298,2019-07-11,2019-07-11 09:36:48,1.64,1.2615,1,1.63,1.2538,1,1.64,1.2615,50,1.635,1.2576,488,0
SPY190712C298,2019-07-11,2019-07-11 09:36:49,1.64,1.2615,1,1.63,1.2538,1,1.64,1.2615,50,1.635,1.2576,488,0
SPY190712C298,2019-07-11,2019-07-11 09:36:49,1.63,1.2538,172,1.59,1.223,166,1.63,1.2538,1,1.61,1.2384,489,1
SPY190712C298,2019-07-11,2019-07-11 09:36:50,1.64,1.2615,172,1.61,1.2384,7,1.63,1.2538,1,1.625,1.25,489,0
SPY190712C298,2019-07-11,2019-07-11 09:36:50,1.64,1.2615,167,1.61,1.2384,7,1.63,1.2538,1,1.625,1.25,489,0
SPY190712C298,2019-07-11,2019-07-11 09:36:51,1.64,1.2615,178,1.6,1.2307,10,1.63,1.2538,1,1.62,1.2461,489,0
SPY190712C298,2019-07-11,2019-07-11 09:36:51,1.64,1.2615,178,1.61,1.2384,10,1.63,1.2538,1,1.625,1.25,489,0
SPY190712C298,2019-07-11,2019-07-11 09:36:52,1.64,1.2615,178,1.6,1.2307,6,1.63,1.2538,1,1.62,1.2461,489,0
SPY190712C298,2019-07-11,2019-07-11 09:36:53,1.64,1.2615,205,1.6,1.2307,20,1.63,1.2538,1,1.62,1.2461,489,0
SPY190712C298,2019-07-11,2019-07-11 09:36:53,1.63,1.2538,173,1.59,1.223,167,1.63,1.2538,1,1.61,1.2384,489,0
SPY190712C298,2019-07-11,2019-07-11 09:36:54,1.64,1.2615,214,1.61,1.2384,26,1.63,1.2538,1,1.625,1.25,489,0
SPY190712C298,2019-07-11,2019-07-11 09:36:54,1.64,1.2615,215,1.61,1.2384,10,1.63,1.2538,1,1.625,1.25,489,0
SPY190712C298,2019-07-11,2019-07-11 09:36:55,1.62,1.2461,83,1.59,1.223,20,1.63,1.2538,1,1.605,1.2346,489,0
SPY190712C298,2019-07-11,2019-07-11 09:36:55,1.62,1.2461,167,1.59,1.223,20,1.63,1.2538,1,1.605,1.2346,489,0
SPY190712C298,2019-07-11,2019-07-11 09:36:56,1.62,1.2461,78,1.59,1.223,20,1.63,1.2538,1,1.605,1.2346,489,0
SPY190712C298,2019-07-11,2019-07-11 09:36:57,1.62,1.2461,65,1.6,1.2307,10,1.63,1.2538,1,1.61,1.2384,489,0
SPY190712C298,2019-07-11,2019-07-11 09:36:57,1.63,1.2538,79,1.6,1.2307,101,1.63,1.2538,1,1.615,1.2423,489,0
SPY190712C298,2019-07-11,2019-07-11 09:36:58,1.63,1.2538,173,1.6,1.2307,9,1.63,1.2538,1,1.615,1.2423,489,0
SPY190712C298,2019-07-11,2019-07-11 09:36:58,1.63,1.2538,173,1.6,1.2307,9,1.61,1.2384,1,1.615,1.2423,490,1
SPY190712C298,2019-07-11,2019-07-11 09:36:59,1.63,1.2538,184,1.6,1.2307,14,1.61,1.2384,1,1.615,1.2423,490,0
SPY190712C298,2019-07-11,2019-07-11 09:37:00,1.63,1.2538,184,1.6,1.2307,14,1.61,1.2384,1,1.615,1.2423,490,0
SPY190712C298,2019-07-11,2019-07-11 09:37:01,1.63,1.2538,184,1.6,1.2307,16,1.61,1.2384,1,1.615,1.2423,490,0
SPY190712C298,2019-07-11,2019-07-11 09:37:02,1.63,1.2538,184,1.6,1.2307,10,1.61,1.2384,1,1.615,1.2423,490,0
SPY190712C298,2019-07-11,2019-07-11 09:37:03,1.63,1.2538,184,1.6,1.2307,10,1.61,1.2384,1,1.615,1.2423,490,0
SPY190712C298,2019-07-11,2019-07-11 09:37:04,1.63,1.2538,184,1.6,1.2307,15,1.61,1.2384,1,1.615,1.2423,490,0
SPY190712C298,2019-07-11,2019-07-11 09:37:05,1.63,1.2538,184,1.6,1.2307,10,1.63,1.2538,30,1.615,1.2423,520,30
SPY190712C298,2019-07-11,2019-07-11 09:37:06,1.61,1.2384,7,1.58,1.2153,101,1.63,1.2538,30,1.595,1.2269,520,0
SPY190712C298,2019-07-11,2019-07-11 09:37:06,1.61,1.2384,39,1.58,1.2153,101,1.63,1.2538,30,1.595,1.2269,520,0
SPY190712C298,2019-07-11,2019-07-11 09:37:07,1.61,1.2384,9,1.58,1.2153,20,1.63,1.2538,30,1.595,1.2269,520,0
SPY190712C298,2019-07-11,2019-07-11 09:37:07,1.61,1.2384,72,1.58,1.2153,20,1.63,1.2538,30,1.595,1.2269,520,0
SPY190712C298,2019-07-11,2019-07-11 09:37:08,1.61,1.2384,168,1.57,1.2076,74,1.63,1.2538,30,1.59,1.223,520,0
SPY190712C298,2019-07-11,2019-07-11 09:37:08,1.61,1.2384,74,1.58,1.2153,10,1.63,1.2538,30,1.595,1.2269,520,0
SPY190712C298,2019-07-11,2019-07-11 09:37:09,1.61,1.2384,74,1.59,1.223,7,1.63,1.2538,30,1.6,1.2307,520,0
SPY190712C298,2019-07-11,2019-07-11 09:37:10,1.61,1.2384,4,1.59,1.223,9,1.63,1.2538,30,1.6,1.2307,520,0
SPY190712C298,2019-07-11,2019-07-11 09:37:11,1.62,1.2461,65,1.59,1.223,9,1.63,1.2538,30,1.605,1.2346,520,0
SPY190712C298,2019-07-11,2019-07-11 09:37:11,1.62,1.2461,65,1.59,1.223,20,1.63,1.2538,30,1.605,1.2346,520,0
SPY190712C298,2019-07-11,2019-07-11 09:37:12,1.62,1.2461,100,1.59,1.223,1,1.63,1.2538,30,1.605,1.2346,520,0
SPY190712C298,2019-07-11,2019-07-11 09:37:12,1.61,1.2384,10,1.58,1.2153,20,1.63,1.2538,30,1.595,1.2269,520,0
SPY190712C298,2019-07-11,2019-07-11 09:37:13,1.62,1.2461,45,1.6,1.2307,4,1.63,1.2538,30,1.61,1.2384,520,0
SPY190712C298,2019-07-11,2019-07-11 09:37:13,1.63,1.2538,173,1.6,1.2307,10,1.63,1.2538,30,1.615,1.2423,520,0
SPY190712C298,2019-07-11,2019-07-11 09:37:14,1.63,1.2538,174,1.59,1.223,39,1.63,1.2538,30,1.61,1.2384,520,0
SPY190712C298,2019-07-11,2019-07-11 09:37:14,1.62,1.2461,100,1.59,1.223,39,1.63,1.2538,30,1.605,1.2346,520,0
SPY190712C298,2019-07-11,2019-07-11 09:37:15,1.62,1.2461,110,1.59,1.223,38,1.63,1.2538,30,1.605,1.2346,520,0
SPY190712C298,2019-07-11,2019-07-11 09:37:16,1.62,1.2461,33,1.59,1.223,15,1.63,1.2538,30,1.605,1.2346,520,0
SPY190712C298,2019-07-11,2019-07-11 09:37:16,1.63,1.2538,174,1.6,1.2307,7,1.63,1.2538,30,1.615,1.2423,520,0
SPY190712C298,2019-07-11,2019-07-11 09:37:17,1.63,1.2538,69,1.6,1.2307,10,1.63,1.2538,30,1.615,1.2423,520,0
SPY190712C298,2019-07-11,2019-07-11 09:37:18,1.63,1.2538,79,1.6,1.2307,13,1.63,1.2538,30,1.615,1.2423,520,0
SPY190712C298,2019-07-11,2019-07-11 09:37:19,1.63,1.2538,6,1.6,1.2307,50,1.63,1.2538,30,1.615,1.2423,520,0
SPY190712C298,2019-07-11,2019-07-11 09:37:19,1.64,1.2615,1,1.61,1.2384,30,1.63,1.2538,30,1.625,1.25,520,0
SPY190712C298,2019-07-11,2019-07-11 09:37:20,1.64,1.2615,1,1.62,1.2461,7,1.63,1.2538,30,1.63,1.2538,520,0
SPY190712C298,2019-07-11,2019-07-11 09:37:21,1.64,1.2615,1,1.62,1.2461,10,1.63,1.2538,30,1.63,1.2538,520,0
SPY190712C298,2019-07-11,2019-07-11 09:37:21,1.64,1.2615,1,1.62,1.2461,20,1.64,1.2615,7,1.63,1.2538,528,8
SPY190712C298,2019-07-11,2019-07-11 09:37:22,1.64,1.2615,1,1.62,1.2461,13,1.64,1.2615,7,1.63,1.2538,528,0
SPY190712C298,2019-07-11,2019-07-11 09:37:23,1.64,1.2615,1,1.63,1.2538,10,1.64,1.2615,1,1.635,1.2576,529,1
SPY190712C298,2019-07-11,2019-07-11 09:37:24,1.65,1.2692,175,1.62,1.2461,14,1.64,1.2615,1,1.635,1.2576,529,0
SPY190712C298,2019-07-11,2019-07-11 09:37:25,1.65,1.2692,2,1.64,1.2615,16,1.64,1.2615,1,1.645,1.2653,529,0
SPY190712C298,2019-07-11,2019-07-11 09:37:25,1.65,1.2692,6,1.63,1.2538,10,1.64,1.2615,1,1.64,1.2615,529,0
SPY190712C298,2019-07-11,2019-07-11 09:37:26,1.65,1.2692,6,1.63,1.2538,10,1.64,1.2615,1,1.64,1.2615,529,0
SPY190712C298,2019-07-11,2019-07-11 09:37:27,1.65,1.2692,165,1.62,1.2461,20,1.64,1.2615,1,1.635,1.2576,529,0
SPY190712C298,2019-07-11,2019-07-11 09:37:28,1.65,1.2692,172,1.62,1.2461,27,1.64,1.2615,1,1.635,1.2576,529,0
SPY190712C298,2019-07-11,2019-07-11 09:37:29,1.65,1.2692,113,1.62,1.2461,20,1.64,1.2615,1,1.635,1.2576,529,0
SPY190712C298,2019-07-11,2019-07-11 09:37:30,1.65,1.2692,158,1.62,1.2461,10,1.64,1.2615,1,1.635,1.2576,529,0
SPY190712C298,2019-07-11,2019-07-11 09:37:31,1.65,1.2692,153,1.62,1.2461,10,1.64,1.2615,1,1.635,1.2576,529,0
SPY190712C298,2019-07-11,2019-07-11 09:37:32,1.65,1.2692,175,1.61,1.2384,20,1.64,1.2615,1,1.63,1.2538,529,0
SPY190712C298,2019-07-11,2019-07-11 09:37:32,1.65,1.2692,44,1.62,1.2461,10,1.64,1.2615,1,1.635,1.2576,529,0
SPY190712C298,2019-07-11,2019-07-11 09:37:33,1.65,1.2692,175,1.61,1.2384,28,1.61,1.2384,5,1.63,1.2538,534,5
SPY190712C298,2019-07-11,2019-07-11 09:37:34,1.65,1.2692,170,1.62,1.2461,7,1.61,1.2384,5,1.635,1.2576,534,0
SPY190712C298,2019-07-11,2019-07-11 09:37:34,1.65,1.2692,6,1.63,1.2538,10,1.61,1.2384,5,1.64,1.2615,534,0
SPY190712C298,2019-07-11,2019-07-11 09:37:36,1.65,1.2692,154,1.62,1.2461,7,1.61,1.2384,5,1.635,1.2576,534,0
SPY190712C298,2019-07-11,2019-07-11 09:37:36,1.65,1.2692,154,1.62,1.2461,14,1.61,1.2384,5,1.635,1.2576,534,0
SPY190712C298,2019-07-11,2019-07-11 09:37:37,1.65,1.2692,175,1.62,1.2461,7,1.61,1.2384,5,1.635,1.2576,534,0
SPY190712C298,2019-07-11,2019-07-11 09:37:38,1.63,1.2538,138,1.6,1.2307,101,1.61,1.2384,5,1.615,1.2423,534,0
SPY190712C298,2019-07-11,2019-07-11 09:37:38,1.65,1.2692,175,1.61,1.2384,10,1.61,1.2384,5,1.63,1.2538,534,0
SPY190712C298,2019-07-11,2019-07-11 09:37:39,1.65,1.2692,207,1.61,1.2384,10,1.61,1.2384,5,1.63,1.2538,534,0
SPY190712C298,2019-07-11,2019-07-11 09:37:40,1.65,1.2692,175,1.61,1.2384,10,1.61,1.2384,5,1.63,1.2538,534,0
SPY190712C298,2019-07-11,2019-07-11 09:37:40,1.65,1.2692,175,1.61,1.2384,20,1.61,1.2384,5,1.63,1.2538,534,0
SPY190712C298,2019-07-11,2019-07-11 09:37:41,1.65,1.2692,6,1.63,1.2538,7,1.61,1.2384,5,1.64,1.2615,534,0
SPY190712C298,2019-07-11,2019-07-11 09:37:42,1.65,1.2692,2,1.63,1.2538,20,1.61,1.2384,5,1.64,1.2615,534,0
SPY190712C298,2019-07-11,2019-07-11 09:37:42,1.65,1.2692,6,1.62,1.2461,68,1.61,1.2384,5,1.635,1.2576,534,0
SPY190712C298,2019-07-11,2019-07-11 09:37:43,1.65,1.2692,2,1.63,1.2538,31,1.61,1.2384,5,1.64,1.2615,534,0
SPY190712C298,2019-07-11,2019-07-11 09:37:44,1.65,1.2692,2,1.63,1.2538,45,1.61,1.2384,5,1.64,1.2615,534,0
SPY190712C298,2019-07-11,2019-07-11 09:37:45,1.65,1.2692,2,1.61,1.2384,105,1.61,1.2384,5,1.63,1.2538,534,0
SPY190712C298,2019-07-11,2019-07-11 09:37:46,1.64,1.2615,7,1.61,1.2384,34,1.61,1.2384,5,1.625,1.25,534,0
SPY190712C298,2019-07-11,2019-07-11 09:37:46,1.65,1.2692,175,1.62,1.2461,7,1.61,1.2384,5,1.635,1.2576,534,0
SPY190712C298,2019-07-11,2019-07-11 09:37:47,1.65,1.2692,175,1.62,1.2461,10,1.61,1.2384,5,1.635,1.2576,534,0
SPY190712C298,2019-07-11,2019-07-11 09:37:48,1.65,1.2692,169,1.62,1.2461,10,1.61,1.2384,5,1.635,1.2576,534,0
SPY190712C298,2019-07-11,2019-07-11 09:37:49,1.65,1.2692,169,1.62,1.2461,20,1.61,1.2384,5,1.635,1.2576,534,0
SPY190712C298,2019-07-11,2019-07-11 09:37:50,1.65,1.2692,175,1.62,1.2461,11,1.61,1.2384,5,1.635,1.2576,534,0
SPY190712C298,2019-07-11,2019-07-11 09:37:50,1.64,1.2615,1,1.62,1.2461,11,1.61,1.2384,5,1.63,1.2538,534,0
SPY190712C298,2019-07-11,2019-07-11 09:37:51,1.65,1.2692,153,1.62,1.2461,19,1.61,1.2384,5,1.635,1.2576,534,0
SPY190712C298,2019-07-11,2019-07-11 09:37:51,1.65,1.2692,179,1.62,1.2461,20,1.61,1.2384,5,1.635,1.2576,534,0
SPY190712C298,2019-07-11,2019-07-11 09:37:52,1.65,1.2692,102,1.62,1.2461,68,1.61,1.2384,5,1.635,1.2576,534,0
SPY190712C298,2019-07-11,2019-07-11 09:37:52,1.65,1.2692,153,1.62,1.2461,19,1.61,1.2384,5,1.635,1.2576,534,0
SPY190712C298,2019-07-11,2019-07-11 09:37:53,1.65,1.2692,142,1.62,1.2461,29,1.61,1.2384,5,1.635,1.2576,534,0
SPY190712C298,2019-07-11,2019-07-11 09:37:54,1.65,1.2692,102,1.62,1.2461,67,1.61,1.2384,5,1.635,1.2576,534,0
SPY190712C298,2019-07-11,2019-07-11 09:37:54,1.65,1.2692,102,1.62,1.2461,78,1.61,1.2384,5,1.635,1.2576,534,0
SPY190712C298,2019-07-11,2019-07-11 09:37:55,1.64,1.2615,16,1.63,1.2538,10,1.61,1.2384,5,1.635,1.2576,534,0
SPY190712C298,2019-07-11,2019-07-11 09:37:55,1.65,1.2692,6,1.63,1.2538,10,1.61,1.2384,5,1.64,1.2615,534,0
SPY190712C298,2019-07-11,2019-07-11 09:37:56,1.65,1.2692,175,1.61,1.2384,41,1.61,1.2384,5,1.63,1.2538,534,0
SPY190712C298,2019-07-11,2019-07-11 09:37:57,1.63,1.2538,6,1.6,1.2307,10,1.61,1.2384,5,1.615,1.2423,534,0
SPY190712C298,2019-07-11,2019-07-11 09:37:57,1.64,1.2615,105,1.61,1.2384,10,1.61,1.2384,5,1.625,1.25,534,0
SPY190712C298,2019-07-11,2019-07-11 09:37:58,1.63,1.2538,191,1.6,1.2307,10,1.61,1.2384,5,1.615,1.2423,534,0
SPY190712C298,2019-07-11,2019-07-11 09:37:58,1.63,1.2538,191,1.6,1.2307,14,1.61,1.2384,5,1.615,1.2423,534,0
SPY190712C298,2019-07-11,2019-07-11 09:37:59,1.63,1.2538,191,1.6,1.2307,14,1.61,1.2384,5,1.615,1.2423,534,0
SPY190712C298,2019-07-11,2019-07-11 09:38:00,1.63,1.2538,26,1.61,1.2384,1,1.61,1.2384,5,1.62,1.2461,534,0
SPY190712C298,2019-07-11,2019-07-11 09:38:01,1.64,1.2615,142,1.61,1.2384,50,1.61,1.2384,5,1.625,1.25,534,0
SPY190712C298,2019-07-11,2019-07-11 09:38:01,1.64,1.2615,36,1.61,1.2384,63,1.61,1.2384,5,1.625,1.25,534,0
SPY190712C298,2019-07-11,2019-07-11 09:38:02,1.64,1.2615,29,1.61,1.2384,64,1.61,1.2384,5,1.625,1.25,534,0
SPY190712C298,2019-07-11,2019-07-11 09:38:02,1.64,1.2615,16,1.62,1.2461,11,1.61,1.2384,5,1.63,1.2538,534,0
SPY190712C298,2019-07-11,2019-07-11 09:38:03,1.65,1.2692,6,1.63,1.2538,10,1.61,1.2384,5,1.64,1.2615,534,0
SPY190712C298,2019-07-11,2019-07-11 09:38:04,1.65,1.2692,38,1.63,1.2538,20,1.61,1.2384,5,1.64,1.2615,534,0
SPY190712C298,2019-07-11,2019-07-11 09:38:04,1.65,1.2692,6,1.64,1.2615,1,1.61,1.2384,5,1.645,1.2653,534,0
SPY190712C298,2019-07-11,2019-07-11 09:38:05,1.65,1.2692,41,1.62,1.2461,1,1.61,1.2384,5,1.635,1.2576,534,0
SPY190712C298,2019-07-11,2019-07-11 09:38:05,1.65,1.2692,26,1.62,1.2461,10,1.61,1.2384,5,1.635,1.2576,534,0
SPY190712C298,2019-07-11,2019-07-11 09:38:06,1.65,1.2692,142,1.62,1.2461,100,1.61,1.2384,5,1.635,1.2576,534,0
SPY190712C298,2019-07-11,2019-07-11 09:38:07,1.65,1.2692,2,1.63,1.2538,7,1.61,1.2384,5,1.64,1.2615,534,0
SPY190712C298,2019-07-11,2019-07-11 09:38:07,1.65,1.2692,2,1.63,1.2538,14,1.61,1.2384,5,1.64,1.2615,534,0
SPY190712C298,2019-07-11,2019-07-11 09:38:08,1.65,1.2692,2,1.65,1.2692,1,1.65,1.2692,14,1.65,1.2692,590,56
SPY190712C298,2019-07-11,2019-07-11 09:38:08,1.65,1.2692,10,1.64,1.2615,10,1.65,1.2692,10,1.645,1.2653,600,10
SPY190712C298,2019-07-11,2019-07-11 09:38:09,1.66,1.2769,2,1.65,1.2692,10,1.66,1.2769,2,1.655,1.273,602,2
SPY190712C298,2019-07-11,2019-07-11 09:38:10,1.68,1.2923,202,1.65,1.2692,10,1.66,1.2769,2,1.665,1.2807,602,0
SPY190712C298,2019-07-11,2019-07-11 09:38:11,1.68,1.2923,2,1.66,1.2769,1,1.66,1.2769,2,1.67,1.2846,602,0
SPY190712C298,2019-07-11,2019-07-11 09:38:11,1.68,1.2923,212,1.65,1.2692,30,1.66,1.2769,2,1.665,1.2807,602,0
SPY190712C298,2019-07-11,2019-07-11 09:38:12,1.69,1.3,6,1.67,1.2846,8,1.66,1.2769,2,1.68,1.2923,602,0
SPY190712C298,2019-07-11,2019-07-11 09:38:13,1.7,1.3076,167,1.67,1.2846,20,1.68,1.2923,1,1.685,1.2961,604,2
SPY190712C298,2019-07-11,2019-07-11 09:38:14,1.7,1.3076,2,1.67,1.2846,64,1.68,1.2923,1,1.685,1.2961,604,0
SPY190712C298,2019-07-11,2019-07-11 09:38:15,1.72,1.323,110,1.68,1.2923,1,1.7,1.3076,1,1.7,1.3076,606,2
SPY190712C298,2019-07-11,2019-07-11 09:38:15,1.72,1.323,101,1.69,1.3,15,1.7,1.3076,1,1.705,1.3115,606,0
SPY190712C298,2019-07-11,2019-07-11 09:38:16,1.72,1.323,100,1.69,1.3,10,1.7,1.3076,1,1.705,1.3115,606,0
SPY190712C298,2019-07-11,2019-07-11 09:38:16,1.72,1.323,100,1.7,1.3076,10,1.7,1.3076,1,1.71,1.3153,606,0
SPY190712C298,2019-07-11,2019-07-11 09:38:17,1.72,1.323,100,1.69,1.3,1,1.7,1.3076,1,1.705,1.3115,606,0
SPY190712C298,2019-07-11,2019-07-11 09:38:18,1.71,1.3153,100,1.69,1.3,10,1.71,1.3153,6,1.7,1.3076,706,100
SPY190712C298,2019-07-11,2019-07-11 09:38:18,1.71,1.3153,110,1.69,1.3,10,1.71,1.3153,6,1.7,1.3076,706,0
SPY190712C298,2019-07-11,2019-07-11 09:38:19,1.73,1.3307,18,1.71,1.3153,21,1.73,1.3307,18,1.72,1.323,730,24
SPY190712C298,2019-07-11,2019-07-11 09:38:19,1.72,1.323,1,1.7,1.3076,1,1.71,1.3153,6,1.71,1.3153,706,0
SPY190712C298,2019-07-11,2019-07-11 09:38:20,1.73,1.3307,26,1.7,1.3076,47,1.73,1.3307,18,1.715,1.3192,730,0
SPY190712C298,2019-07-11,2019-07-11 09:38:21,1.72,1.323,100,1.7,1.3076,1,1.73,1.3307,18,1.71,1.3153,730,0
SPY190712C298,2019-07-11,2019-07-11 09:38:22,1.72,1.323,110,1.7,1.3076,11,1.73,1.3307,18,1.71,1.3153,730,0
SPY190712C298,2019-07-11,2019-07-11 09:38:23,1.72,1.323,100,1.69,1.3,20,1.73,1.3307,18,1.705,1.3115,730,0
SPY190712C298,2019-07-11,2019-07-11 09:38:23,1.72,1.323,142,1.68,1.2923,172,1.73,1.3307,18,1.7,1.3076,730,0
SPY190712C298,2019-07-11,2019-07-11 09:38:24,1.72,1.323,100,1.69,1.3,20,1.73,1.3307,18,1.705,1.3115,730,0
SPY190712C298,2019-07-11,2019-07-11 09:38:25,1.72,1.323,100,1.69,1.3,20,1.73,1.3307,18,1.705,1.3115,730,0
SPY190712C298,2019-07-11,2019-07-11 09:38:26,1.71,1.3153,165,1.67,1.2846,72,1.7,1.3076,2,1.69,1.3,742,0
SPY190712C298,2019-07-11,2019-07-11 09:38:26,1.71,1.3153,165,1.67,1.2846,72,1.7,1.3076,2,1.69,1.3,742,12
SPY190712C298,2019-07-11,2019-07-11 09:38:27,1.71,1.3153,165,1.67,1.2846,83,1.7,1.3076,2,1.69,1.3,742,0
SPY190712C298,2019-07-11,2019-07-11 09:38:28,1.7,1.3076,101,1.67,1.2846,11,1.7,1.3076,2,1.685,1.2961,742,0
SPY190712C298,2019-07-11,2019-07-11 09:38:28,1.7,1.3076,100,1.67,1.2846,11,1.7,1.3076,2,1.685,1.2961,742,0
SPY190712C298,2019-07-11,2019-07-11 09:38:29,1.7,1.3076,10,1.67,1.2846,49,1.7,1.3076,2,1.685,1.2961,742,0
SPY190712C298,2019-07-11,2019-07-11 09:38:29,1.7,1.3076,10,1.67,1.2846,13,1.7,1.3076,2,1.685,1.2961,742,0
SPY190712C298,2019-07-11,2019-07-11 09:38:30,1.7,1.3076,10,1.67,1.2846,49,1.7,1.3076,2,1.685,1.2961,742,0
SPY190712C298,2019-07-11,2019-07-11 09:38:30,1.7,1.3076,8,1.67,1.2846,49,1.7,1.3076,2,1.685,1.2961,742,0
SPY190712C298,2019-07-11,2019-07-11 09:38:31,1.71,1.3153,140,1.68,1.2923,14,1.7,1.3076,2,1.695,1.3038,742,0
SPY190712C298,2019-07-11,2019-07-11 09:38:32,1.7,1.3076,10,1.67,1.2846,7,1.7,1.3076,2,1.685,1.2961,742,0
SPY190712C298,2019-07-11,2019-07-11 09:38:32,1.7,1.3076,100,1.67,1.2846,54,1.7,1.3076,2,1.685,1.2961,742,0
SPY190712C298,2019-07-11,2019-07-11 09:38:33,1.7,1.3076,10,1.67,1.2846,11,1.7,1.3076,2,1.685,1.2961,742,0
SPY190712C298,2019-07-11,2019-07-11 09:38:33,1.7,1.3076,46,1.67,1.2846,10,1.7,1.3076,2,1.685,1.2961,742,0
SPY190712C298,2019-07-11,2019-07-11 09:38:34,1.7,1.3076,29,1.67,1.2846,11,1.7,1.3076,2,1.685,1.2961,742,0
SPY190712C298,2019-07-11,2019-07-11 09:38:35,1.69,1.3,1,1.67,1.2846,37,1.69,1.3,5,1.68,1.2923,747,0
SPY190712C298,2019-07-11,2019-07-11 09:38:35,1.69,1.3,1,1.67,1.2846,29,1.69,1.3,5,1.68,1.2923,747,5
SPY190712C298,2019-07-11,2019-07-11 09:38:36,1.7,1.3076,6,1.67,1.2846,27,1.69,1.3,5,1.685,1.2961,747,0
SPY190712C298,2019-07-11,2019-07-11 09:38:37,1.7,1.3076,9,1.67,1.2846,32,1.69,1.3,5,1.685,1.2961,747,0
SPY190712C298,2019-07-11,2019-07-11 09:38:38,1.7,1.3076,54,1.66,1.2769,66,1.69,1.3,5,1.68,1.2923,747,0
SPY190712C298,2019-07-11,2019-07-11 09:38:38,1.7,1.3076,8,1.67,1.2846,27,1.69,1.3,5,1.685,1.2961,747,0
SPY190712C298,2019-07-11,2019-07-11 09:38:39,1.7,1.3076,67,1.67,1.2846,7,1.69,1.3,5,1.685,1.2961,747,0
SPY190712C298,2019-07-11,2019-07-11 09:38:39,1.7,1.3076,54,1.66,1.2769,66,1.69,1.3,5,1.68,1.2923,747,0
SPY190712C298,2019-07-11,2019-07-11 09:38:40,1.7,1.3076,67,1.67,1.2846,10,1.69,1.3,5,1.685,1.2961,747,0
SPY190712C298,2019-07-11,2019-07-11 09:38:41,1.7,1.3076,67,1.67,1.2846,10,1.69,1.3,5,1.685,1.2961,747,0
SPY190712C298,2019-07-11,2019-07-11 09:38:42,1.7,1.3076,30,1.67,1.2846,7,1.69,1.3,5,1.685,1.2961,747,0
SPY190712C298,2019-07-11,2019-07-11 09:38:43,1.7,1.3076,30,1.67,1.2846,10,1.69,1.3,5,1.685,1.2961,747,0
SPY190712C298,2019-07-11,2019-07-11 09:38:43,1.7,1.3076,41,1.67,1.2846,10,1.69,1.3,5,1.685,1.2961,747,0
SPY190712C298,2019-07-11,2019-07-11 09:38:44,1.7,1.3076,10,1.67,1.2846,7,1.69,1.3,5,1.685,1.2961,747,0
SPY190712C298,2019-07-11,2019-07-11 09:38:45,1.7,1.3076,10,1.67,1.2846,10,1.69,1.3,5,1.685,1.2961,747,0
SPY190712C298,2019-07-11,2019-07-11 09:38:46,1.7,1.3076,10,1.67,1.2846,10,1.69,1.3,5,1.685,1.2961,747,0
SPY190712C298,2019-07-11,2019-07-11 09:38:46,1.7,1.3076,57,1.67,1.2846,10,1.69,1.3,5,1.685,1.2961,747,0
SPY190712C298,2019-07-11,2019-07-11 09:38:47,1.7,1.3076,57,1.67,1.2846,10,1.69,1.3,5,1.685,1.2961,747,0
SPY190712C298,2019-07-11,2019-07-11 09:38:47,1.7,1.3076,54,1.67,1.2846,10,1.69,1.3,5,1.685,1.2961,747,0
SPY190712C298,2019-07-11,2019-07-11 09:38:48,1.7,1.3076,54,1.67,1.2846,10,1.69,1.3,5,1.685,1.2961,747,0
SPY190712C298,2019-07-11,2019-07-11 09:38:49,1.71,1.3153,100,1.68,1.2923,7,1.69,1.3,5,1.695,1.3038,747,0
SPY190712C298,2019-07-11,2019-07-11 09:38:49,1.72,1.323,167,1.68,1.2923,65,1.69,1.3,5,1.7,1.3076,747,0
SPY190712C298,2019-07-11,2019-07-11 09:38:50,1.71,1.3153,182,1.67,1.2846,53,1.69,1.3,5,1.69,1.3,747,0
SPY190712C298,2019-07-11,2019-07-11 09:38:50,1.72,1.323,167,1.68,1.2923,72,1.69,1.3,5,1.7,1.3076,747,0
SPY190712C298,2019-07-11,2019-07-11 09:38:51,1.7,1.3076,7,1.67,1.2846,25,1.69,1.3,5,1.685,1.2961,747,0
SPY190712C298,2019-07-11,2019-07-11 09:38:52,1.7,1.3076,67,1.67,1.2846,20,1.69,1.3,5,1.685,1.2961,747,0
SPY190712C298,2019-07-11,2019-07-11 09:38:52,1.7,1.3076,73,1.67,1.2846,20,1.69,1.3,5,1.685,1.2961,747,0
SPY190712C298,2019-07-11,2019-07-11 09:38:53,1.7,1.3076,7,1.67,1.2846,20,1.69,1.3,5,1.685,1.2961,747,0
SPY190712C298,2019-07-11,2019-07-11 09:38:53,1.7,1.3076,67,1.67,1.2846,20,1.69,1.3,5,1.685,1.2961,747,0
SPY190712C298,2019-07-11,2019-07-11 09:38:54,1.7,1.3076,73,1.67,1.2846,20,1.69,1.3,5,1.685,1.2961,747,0
SPY190712C298,2019-07-11,2019-07-11 09:38:54,1.7,1.3076,77,1.67,1.2846,20,1.69,1.3,5,1.685,1.2961,747,0
SPY190712C298,2019-07-11,2019-07-11 09:38:55,1.7,1.3076,77,1.67,1.2846,20,1.69,1.3,5,1.685,1.2961,747,0
SPY190712C298,2019-07-11,2019-07-11 09:38:56,1.69,1.3,172,1.67,1.2846,1,1.69,1.3,5,1.68,1.2923,747,0
SPY190712C298,2019-07-11,2019-07-11 09:38:56,1.69,1.3,172,1.65,1.2692,20,1.69,1.3,5,1.67,1.2846,747,0
SPY190712C298,2019-07-11,2019-07-11 09:38:57,1.69,1.3,131,1.66,1.2769,7,1.69,1.3,5,1.675,1.2884,747,0
SPY190712C298,2019-07-11,2019-07-11 09:38:57,1.69,1.3,131,1.66,1.2769,10,1.69,1.3,5,1.675,1.2884,747,0
SPY190712C298,2019-07-11,2019-07-11 09:38:58,1.68,1.2923,100,1.65,1.2692,10,1.69,1.3,5,1.665,1.2807,747,0
SPY190712C298,2019-07-11,2019-07-11 09:38:58,1.68,1.2923,100,1.65,1.2692,6,1.69,1.3,5,1.665,1.2807,747,0
SPY190712C298,2019-07-11,2019-07-11 09:38:59,1.66,1.2769,7,1.63,1.2538,20,1.69,1.3,5,1.645,1.2653,747,0
SPY190712C298,2019-07-11,2019-07-11 09:38:59,1.67,1.2846,171,1.63,1.2538,49,1.69,1.3,5,1.65,1.2692,747,0
SPY190712C298,2019-07-11,2019-07-11 09:39:00,1.66,1.2769,67,1.63,1.2538,20,1.69,1.3,5,1.645,1.2653,747,0
SPY190712C298,2019-07-11,2019-07-11 09:39:01,1.64,1.2615,7,1.61,1.2384,167,1.69,1.3,5,1.625,1.25,747,0
SPY190712C298,2019-07-11,2019-07-11 09:39:01,1.65,1.2692,172,1.61,1.2384,167,1.69,1.3,5,1.63,1.2538,747,0
SPY190712C298,2019-07-11,2019-07-11 09:39:02,1.65,1.2692,133,1.61,1.2384,101,1.69,1.3,5,1.63,1.2538,747,0
SPY190712C298,2019-07-11,2019-07-11 09:39:03,1.64,1.2615,11,1.61,1.2384,133,1.69,1.3,5,1.625,1.25,747,0
SPY190712C298,2019-07-11,2019-07-11 09:39:04,1.64,1.2615,7,1.61,1.2384,62,1.69,1.3,5,1.625,1.25,747,0
SPY190712C298,2019-07-11,2019-07-11 09:39:04,1.66,1.2769,7,1.63,1.2538,10,1.69,1.3,5,1.645,1.2653,747,0
SPY190712C298,2019-07-11,2019-07-11 09:39:05,1.66,1.2769,7,1.63,1.2538,10,1.69,1.3,5,1.645,1.2653,747,0
SPY190712C298,2019-07-11,2019-07-11 09:39:05,1.68,1.2923,136,1.63,1.2538,54,1.69,1.3,5,1.655,1.273,747,0
SPY190712C298,2019-07-11,2019-07-11 09:39:06,1.68,1.2923,136,1.65,1.2692,10,1.69,1.3,5,1.665,1.2807,747,0
SPY190712C298,2019-07-11,2019-07-11 09:39:07,1.66,1.2769,7,1.61,1.2384,106,1.69,1.3,5,1.635,1.2576,747,0
SPY190712C298,2019-07-11,2019-07-11 09:39:07,1.66,1.2769,7,1.64,1.2615,6,1.69,1.3,5,1.65,1.2692,747,0
SPY190712C298,2019-07-11,2019-07-11 09:39:08,1.65,1.2692,72,1.61,1.2384,203,1.69,1.3,5,1.63,1.2538,747,0
SPY190712C298,2019-07-11,2019-07-11 09:39:08,1.65,1.2692,72,1.62,1.2461,10,1.69,1.3,5,1.635,1.2576,747,0
SPY190712C298,2019-07-11,2019-07-11 09:39:09,1.65,1.2692,182,1.62,1.2461,1,1.69,1.3,5,1.635,1.2576,747,0
SPY190712C298,2019-07-11,2019-07-11 09:39:10,1.66,1.2769,178,1.63,1.2538,7,1.69,1.3,5,1.645,1.2653,747,0
SPY190712C298,2019-07-11,2019-07-11 09:39:10,1.66,1.2769,68,1.63,1.2538,10,1.69,1.3,5,1.645,1.2653,747,0
SPY190712C298,2019-07-11,2019-07-11 09:39:11,1.66,1.2769,178,1.63,1.2538,7,1.69,1.3,5,1.645,1.2653,747,0
SPY190712C298,2019-07-11,2019-07-11 09:39:12,1.64,1.2615,1,1.62,1.2461,10,1.69,1.3,5,1.63,1.2538,747,0
SPY190712C298,2019-07-11,2019-07-11 09:39:13,1.66,1.2769,1,1.63,1.2538,172,1.69,1.3,5,1.645,1.2653,747,0
SPY190712C298,2019-07-11,2019-07-11 09:39:14,1.65,1.2692,7,1.62,1.2461,183,1.69,1.3,5,1.635,1.2576,747,0
SPY190712C298,2019-07-11,2019-07-11 09:39:14,1.65,1.2692,1,1.62,1.2461,215,1.69,1.3,5,1.635,1.2576,747,0
SPY190712C298,2019-07-11,2019-07-11 09:39:15,1.65,1.2692,1,1.62,1.2461,210,1.69,1.3,5,1.635,1.2576,747,0
SPY190712C298,2019-07-11,2019-07-11 09:39:16,1.66,1.2769,76,1.62,1.2461,143,1.69,1.3,5,1.64,1.2615,747,0
SPY190712C298,2019-07-11,2019-07-11 09:39:17,1.66,1.2769,61,1.63,1.2538,101,1.69,1.3,5,1.645,1.2653,747,0
SPY190712C298,2019-07-11,2019-07-11 09:39:17,1.66,1.2769,68,1.64,1.2615,6,1.69,1.3,5,1.65,1.2692,747,0
SPY190712C298,2019-07-11,2019-07-11 09:39:18,1.66,1.2769,73,1.63,1.2538,11,1.69,1.3,5,1.645,1.2653,747,0
SPY190712C298,2019-07-11,2019-07-11 09:39:19,1.67,1.2846,101,1.63,1.2538,10,1.69,1.3,5,1.65,1.2692,747,0
SPY190712C298,2019-07-11,2019-07-11 09:39:19,1.67,1.2846,182,1.64,1.2615,7,1.69,1.3,5,1.655,1.273,747,0
SPY190712C298,2019-07-11,2019-07-11 09:39:20,1.66,1.2769,66,1.63,1.2538,10,1.69,1.3,5,1.645,1.2653,747,0
SPY190712C298,2019-07-11,2019-07-11 09:39:21,1.65,1.2692,7,1.63,1.2538,11,1.69,1.3,5,1.64,1.2615,747,0
SPY190712C298,2019-07-11,2019-07-11 09:39:21,1.66,1.2769,168,1.63,1.2538,10,1.69,1.3,5,1.645,1.2653,747,0
SPY190712C298,2019-07-11,2019-07-11 09:39:22,1.66,1.2769,168,1.63,1.2538,10,1.69,1.3,5,1.645,1.2653,747,0
SPY190712C298,2019-07-11,2019-07-11 09:39:23,1.66,1.2769,172,1.63,1.2538,10,1.69,1.3,5,1.645,1.2653,747,0
SPY190712C298,2019-07-11,2019-07-11 09:39:23,1.66,1.2769,7,1.63,1.2538,20,1.69,1.3,5,1.645,1.2653,747,0
SPY190712C298,2019-07-11,2019-07-11 09:39:24,1.66,1.2769,73,1.63,1.2538,20,1.69,1.3,5,1.645,1.2653,747,0
SPY190712C298,2019-07-11,2019-07-11 09:39:25,1.66,1.2769,73,1.62,1.2461,101,1.69,1.3,5,1.64,1.2615,747,0
SPY190712C298,2019-07-11,2019-07-11 09:39:26,1.65,1.2692,68,1.62,1.2461,111,1.69,1.3,5,1.635,1.2576,747,0
SPY190712C298,2019-07-11,2019-07-11 09:39:27,1.65,1.2692,67,1.62,1.2461,101,1.69,1.3,5,1.635,1.2576,747,0
SPY190712C298,2019-07-11,2019-07-11 09:39:28,1.66,1.2769,83,1.63,1.2538,10,1.69,1.3,5,1.645,1.2653,747,0
SPY190712C298,2019-07-11,2019-07-11 09:39:29,1.65,1.2692,38,1.62,1.2461,101,1.69,1.3,5,1.635,1.2576,747,0
SPY190712C298,2019-07-11,2019-07-11 09:39:29,1.65,1.2692,11,1.62,1.2461,111,1.69,1.3,5,1.635,1.2576,747,0
SPY190712C298,2019-07-11,2019-07-11 09:39:30,1.65,1.2692,65,1.62,1.2461,101,1.69,1.3,5,1.635,1.2576,747,0
SPY190712C298,2019-07-11,2019-07-11 09:39:31,1.65,1.2692,65,1.62,1.2461,101,1.69,1.3,5,1.635,1.2576,747,0
SPY190712C298,2019-07-11,2019-07-11 09:39:31,1.65,1.2692,73,1.62,1.2461,101,1.69,1.3,5,1.635,1.2576,747,0
SPY190712C298,2019-07-11,2019-07-11 09:39:32,1.64,1.2615,67,1.61,1.2384,101,1.69,1.3,5,1.625,1.25,747,0
SPY190712C298,2019-07-11,2019-07-11 09:39:33,1.65,1.2692,67,1.62,1.2461,100,1.69,1.3,5,1.635,1.2576,747,0
SPY190712C298,2019-07-11,2019-07-11 09:39:34,1.65,1.2692,65,1.62,1.2461,101,1.69,1.3,5,1.635,1.2576,747,0
SPY190712C298,2019-07-11,2019-07-11 09:39:34,1.65,1.2692,73,1.61,1.2384,168,1.69,1.3,5,1.63,1.2538,747,0
SPY190712C298,2019-07-11,2019-07-11 09:39:35,1.65,1.2692,7,1.62,1.2461,101,1.69,1.3,5,1.635,1.2576,747,0
SPY190712C298,2019-07-11,2019-07-11 09:39:36,1.65,1.2692,78,1.62,1.2461,103,1.69,1.3,5,1.635,1.2576,747,0
SPY190712C298,2019-07-11,2019-07-11 09:39:36,1.65,1.2692,7,1.62,1.2461,101,1.69,1.3,5,1.635,1.2576,747,0
SPY190712C298,2019-07-11,2019-07-11 09:39:37,1.65,1.2692,78,1.62,1.2461,15,1.69,1.3,5,1.635,1.2576,747,0
SPY190712C298,2019-07-11,2019-07-11 09:39:38,1.65,1.2692,68,1.63,1.2538,1,1.63,1.2538,10,1.64,1.2615,757,10
SPY190712C298,2019-07-11,2019-07-11 09:39:38,1.65,1.2692,78,1.62,1.2461,15,1.69,1.3,5,1.635,1.2576,747,0
SPY190712C298,2019-07-11,2019-07-11 09:39:39,1.65,1.2692,1,1.63,1.2538,10,1.63,1.2538,10,1.64,1.2615,757,0
SPY190712C298,2019-07-11,2019-07-11 09:39:39,1.65,1.2692,68,1.63,1.2538,6,1.63,1.2538,10,1.64,1.2615,757,0
SPY190712C298,2019-07-11,2019-07-11 09:39:40,1.67,1.2846,51,1.64,1.2615,100,1.63,1.2538,10,1.655,1.273,757,0
SPY190712C298,2019-07-11,2019-07-11 09:39:41,1.67,1.2846,70,1.64,1.2615,111,1.63,1.2538,10,1.655,1.273,757,0
SPY190712C298,2019-07-11,2019-07-11 09:39:41,1.67,1.2846,70,1.64,1.2615,100,1.63,1.2538,10,1.655,1.273,757,0
SPY190712C298,2019-07-11,2019-07-11 09:39:42,1.67,1.2846,70,1.64,1.2615,111,1.63,1.2538,10,1.655,1.273,757,0
SPY190712C298,2019-07-11,2019-07-11 09:39:42,1.68,1.2923,82,1.64,1.2615,42,1.63,1.2538,10,1.66,1.2769,757,0
SPY190712C298,2019-07-11,2019-07-11 09:39:43,1.69,1.3,72,1.66,1.2769,20,1.63,1.2538,10,1.675,1.2884,757,0
SPY190712C298,2019-07-11,2019-07-11 09:39:44,1.69,1.3,13,1.64,1.2615,167,1.63,1.2538,10,1.665,1.2807,757,0
SPY190712C298,2019-07-11,2019-07-11 09:39:44,1.68,1.2923,82,1.64,1.2615,177,1.63,1.2538,10,1.66,1.2769,757,0
SPY190712C298,2019-07-11,2019-07-11 09:39:45,1.68,1.2923,82,1.64,1.2615,177,1.63,1.2538,10,1.66,1.2769,757,0
SPY190712C298,2019-07-11,2019-07-11 09:39:46,1.68,1.2923,53,1.65,1.2692,1,1.63,1.2538,10,1.665,1.2807,757,0
SPY190712C298,2019-07-11,2019-07-11 09:39:47,1.68,1.2923,53,1.65,1.2692,1,1.63,1.2538,10,1.665,1.2807,757,0
SPY190712C298,2019-07-11,2019-07-11 09:39:48,1.68,1.2923,72,1.64,1.2615,167,1.63,1.2538,10,1.66,1.2769,757,0
SPY190712C298,2019-07-11,2019-07-11 09:39:48,1.68,1.2923,10,1.65,1.2692,10,1.63,1.2538,10,1.665,1.2807,757,0
SPY190712C298,2019-07-11,2019-07-11 09:39:49,1.68,1.2923,72,1.65,1.2692,10,1.63,1.2538,10,1.665,1.2807,757,0
SPY190712C298,2019-07-11,2019-07-11 09:39:49,1.68,1.2923,77,1.65,1.2692,10,1.63,1.2538,10,1.665,1.2807,757,0
SPY190712C298,2019-07-11,2019-07-11 09:39:50,1.68,1.2923,93,1.65,1.2692,1,1.63,1.2538,10,1.665,1.2807,757,0
SPY190712C298,2019-07-11,2019-07-11 09:39:51,1.69,1.3,172,1.65,1.2692,10,1.63,1.2538,10,1.67,1.2846,757,0
SPY190712C298,2019-07-11,2019-07-11 09:39:51,1.68,1.2923,82,1.65,1.2692,10,1.63,1.2538,10,1.665,1.2807,757,0
SPY190712C298,2019-07-11,2019-07-11 09:39:52,1.69,1.3,172,1.65,1.2692,148,1.63,1.2538,10,1.67,1.2846,757,0
SPY190712C298,2019-07-11,2019-07-11 09:39:52,1.69,1.3,172,1.66,1.2769,10,1.63,1.2538,10,1.675,1.2884,757,0
SPY190712C298,2019-07-11,2019-07-11 09:39:53,1.69,1.3,172,1.66,1.2769,10,1.63,1.2538,10,1.675,1.2884,757,0
SPY190712C298,2019-07-11,2019-07-11 09:39:53,1.69,1.3,173,1.66,1.2769,10,1.63,1.2538,10,1.675,1.2884,757,0
SPY190712C298,2019-07-11,2019-07-11 09:39:54,1.69,1.3,73,1.66,1.2769,10,1.63,1.2538,10,1.675,1.2884,757,0
SPY190712C298,2019-07-11,2019-07-11 09:39:55,1.69,1.3,45,1.66,1.2769,48,1.63,1.2538,10,1.675,1.2884,757,0
SPY190712C298,2019-07-11,2019-07-11 09:39:55,1.69,1.3,73,1.66,1.2769,87,1.63,1.2538,10,1.675,1.2884,757,0
SPY190712C298,2019-07-11,2019-07-11 09:39:56,1.69,1.3,51,1.66,1.2769,14,1.63,1.2538,10,1.675,1.2884,757,0
SPY190712C298,2019-07-11,2019-07-11 09:39:57,1.69,1.3,26,1.66,1.2769,14,1.63,1.2538,10,1.675,1.2884,757,0
SPY190712C298,2019-07-11,2019-07-11 09:39:58,1.69,1.3,36,1.66,1.2769,14,1.63,1.2538,10,1.675,1.2884,757,0
SPY190712C298,2019-07-11,2019-07-11 09:39:58,1.69,1.3,89,1.66,1.2769,4,1.63,1.2538,10,1.675,1.2884,757,0
SPY190712C298,2019-07-11,2019-07-11 09:39:59,1.68,1.2923,10,1.66,1.2769,20,1.63,1.2538,10,1.67,1.2846,757,0
SPY190712C298,2019-07-11,2019-07-11 09:39:59,1.68,1.2923,10,1.66,1.2769,4,1.63,1.2538,10,1.67,1.2846,757,0
SPY190712C298,2019-07-11,2019-07-11 09:40:00,1.69,1.3,7,1.66,1.2769,21,1.63,1.2538,10,1.675,1.2884,757,0
SPY190712C298,2019-07-11,2019-07-11 09:40:01,1.69,1.3,7,1.66,1.2769,20,1.63,1.2538,10,1.675,1.2884,757,0
SPY190712C298,2019-07-11,2019-07-11 09:40:01,1.68,1.2923,67,1.66,1.2769,4,1.63,1.2538,10,1.67,1.2846,757,0
SPY190712C298,2019-07-11,2019-07-11 09:40:02,1.68,1.2923,82,1.66,1.2769,4,1.63,1.2538,10,1.67,1.2846,757,0
SPY190712C298,2019-07-11,2019-07-11 09:40:03,1.69,1.3,167,1.66,1.2769,7,1.63,1.2538,10,1.675,1.2884,757,0
SPY190712C298,2019-07-11,2019-07-11 09:40:03,1.69,1.3,172,1.66,1.2769,4,1.63,1.2538,10,1.675,1.2884,757,0
SPY190712C298,2019-07-11,2019-07-11 09:40:04,1.69,1.3,105,1.66,1.2769,10,1.63,1.2538,10,1.675,1.2884,757,0
SPY190712C298,2019-07-11,2019-07-11 09:40:05,1.69,1.3,105,1.66,1.2769,6,1.63,1.2538,10,1.675,1.2884,757,0
SPY190712C298,2019-07-11,2019-07-11 09:40:05,1.68,1.2923,11,1.66,1.2769,6,1.63,1.2538,10,1.67,1.2846,757,0
SPY190712C298,2019-07-11,2019-07-11 09:40:06,1.69,1.3,7,1.66,1.2769,16,1.63,1.2538,10,1.675,1.2884,757,0
SPY190712C298,2019-07-11,2019-07-11 09:40:07,1.68,1.2923,100,1.66,1.2769,6,1.67,1.2846,4,1.67,1.2846,761,0
SPY190712C298,2019-07-11,2019-07-11 09:40:07,1.68,1.2923,100,1.67,1.2846,4,1.67,1.2846,4,1.675,1.2884,761,4
SPY190712C298,2019-07-11,2019-07-11 09:40:08,1.68,1.2923,138,1.66,1.2769,6,1.67,1.2846,4,1.67,1.2846,761,0
SPY190712C298,2019-07-11,2019-07-11 09:40:08,1.68,1.2923,138,1.63,1.2538,1,1.66,1.2769,6,1.655,1.273,767,6
SPY190712C298,2019-07-11,2019-07-11 09:40:09,1.66,1.2769,182,1.62,1.2461,67,1.66,1.2769,6,1.64,1.2615,767,0
SPY190712C298,2019-07-11,2019-07-11 09:40:10,1.66,1.2769,144,1.63,1.2538,10,1.66,1.2769,6,1.645,1.2653,767,0
SPY190712C298,2019-07-11,2019-07-11 09:40:10,1.66,1.2769,158,1.62,1.2461,72,1.66,1.2769,6,1.64,1.2615,767,0
SPY190712C298,2019-07-11,2019-07-11 09:40:11,1.66,1.2769,149,1.63,1.2538,1,1.66,1.2769,6,1.645,1.2653,767,0
SPY190712C298,2019-07-11,2019-07-11 09:40:11,1.66,1.2769,144,1.63,1.2538,10,1.66,1.2769,6,1.645,1.2653,767,0
SPY190712C298,2019-07-11,2019-07-11 09:40:12,1.64,1.2615,6,1.59,1.223,6,1.66,1.2769,6,1.615,1.2423,767,0
SPY190712C298,2019-07-11,2019-07-11 09:40:12,1.65,1.2692,204,1.61,1.2384,10,1.66,1.2769,6,1.63,1.2538,767,0
SPY190712C298,2019-07-11,2019-07-11 09:40:13,1.62,1.2461,44,1.58,1.2153,171,1.66,1.2769,6,1.6,1.2307,767,0
