symbol,Date,quote_time,ask_price,norm_ask_price,ask_size,bid_price,norm_bid_price,bid_size,last_trade_price,norm_last_trade_price,last_trade_size,mark_price,norm_mark_price,volume,Volume
SPY190508P290,2019-05-07,2019-05-07 09:30:38,1.23,1.0,24,1.22,0.9918,85,1.22,0.9918,4,1.225,0.9959,790,790
SPY190508P290,2019-05-07,2019-05-07 09:30:42,1.23,1.0,26,1.21,0.9837,295,1.22,0.9918,1,1.22,0.9918,796,6
SPY190508P290,2019-05-07,2019-05-07 09:30:44,1.23,1.0,26,1.22,0.9918,130,1.23,1.0,50,1.225,0.9959,848,52
SPY190508P290,2019-05-07,2019-05-07 09:30:46,1.23,1.0,5,1.22,0.9918,378,1.23,1.0,2,1.225,0.9959,986,138
SPY190508P290,2019-05-07,2019-05-07 09:30:47,1.23,1.0,15,1.22,0.9918,322,1.22,0.9918,1,1.225,0.9959,1086,100
SPY190508P290,2019-05-07,2019-05-07 09:30:48,1.23,1.0,5,1.22,0.9918,225,1.23,1.0,5,1.225,0.9959,1462,376
SPY190508P290,2019-05-07,2019-05-07 09:30:51,1.26,1.0243,1,1.23,1.0,100,1.25,1.0162,1,1.245,1.0121,1661,199
SPY190508P290,2019-05-07,2019-05-07 09:30:52,1.25,1.0162,1,1.21,0.9837,23,1.25,1.0162,2,1.23,1.0,1663,2
SPY190508P290,2019-05-07,2019-05-07 09:30:54,1.21,0.9837,3,1.18,0.9593,100,1.25,1.0162,2,1.195,0.9715,1663,0
SPY190508P290,2019-05-07,2019-05-07 09:30:55,1.2,0.9756,10,1.18,0.9593,82,1.18,0.9593,5,1.19,0.9674,1668,5
SPY190508P290,2019-05-07,2019-05-07 09:30:57,1.2,0.9756,30,1.18,0.9593,100,1.19,0.9674,2,1.19,0.9674,1670,2
SPY190508P290,2019-05-07,2019-05-07 09:30:58,1.19,0.9674,45,1.16,0.943,135,1.19,0.9674,2,1.175,0.9552,1670,0
SPY190508P290,2019-05-07,2019-05-07 09:30:59,1.18,0.9593,16,1.16,0.943,61,1.19,0.9674,1,1.17,0.9512,1671,1
SPY190508P290,2019-05-07,2019-05-07 09:31:01,1.18,0.9593,90,1.15,0.9349,120,1.19,0.9674,1,1.165,0.9471,1671,0
SPY190508P290,2019-05-07,2019-05-07 09:31:03,1.18,0.9593,269,1.15,0.9349,79,1.16,0.943,2,1.165,0.9471,1678,7
SPY190508P290,2019-05-07,2019-05-07 09:31:04,1.17,0.9512,15,1.15,0.9349,71,1.16,0.943,2,1.16,0.943,1678,0
SPY190508P290,2019-05-07,2019-05-07 09:31:06,1.17,0.9512,41,1.14,0.9268,113,1.14,0.9268,50,1.155,0.939,1781,103
SPY190508P290,2019-05-07,2019-05-07 09:31:08,1.17,0.9512,20,1.15,0.9349,80,1.14,0.9268,1,1.16,0.943,1782,1
SPY190508P290,2019-05-07,2019-05-07 09:31:10,1.16,0.943,5,1.12,0.9105,500,1.16,0.943,1,1.14,0.9268,1783,1
SPY190508P290,2019-05-07,2019-05-07 09:31:12,1.16,0.943,330,1.12,0.9105,285,1.14,0.9268,1,1.14,0.9268,1784,1
SPY190508P290,2019-05-07,2019-05-07 09:31:14,1.15,0.9349,10,1.14,0.9268,100,1.14,0.9268,1,1.145,0.9308,1784,0
SPY190508P290,2019-05-07,2019-05-07 09:31:18,1.17,0.9512,37,1.15,0.9349,220,1.16,0.943,1,1.16,0.943,1814,30
SPY190508P290,2019-05-07,2019-05-07 09:31:21,1.17,0.9512,60,1.15,0.9349,38,1.15,0.9349,2,1.16,0.943,1826,12
SPY190508P290,2019-05-07,2019-05-07 09:31:22,1.17,0.9512,49,1.15,0.9349,90,1.15,0.9349,2,1.16,0.943,1826,0
SPY190508P290,2019-05-07,2019-05-07 09:31:24,1.17,0.9512,21,1.15,0.9349,100,1.15,0.9349,2,1.16,0.943,1828,2
SPY190508P290,2019-05-07,2019-05-07 09:31:28,1.19,0.9674,16,1.16,0.943,79,1.2,0.9756,11,1.175,0.9552,1900,72
SPY190508P290,2019-05-07,2019-05-07 09:31:30,1.18,0.9593,90,1.14,0.9268,330,1.16,0.943,1,1.16,0.943,1902,2
SPY190508P290,2019-05-07,2019-05-07 09:31:32,1.17,0.9512,16,1.14,0.9268,5,1.14,0.9268,1,1.155,0.939,1904,2
SPY190508P290,2019-05-07,2019-05-07 09:31:34,1.16,0.943,88,1.14,0.9268,3,1.15,0.9349,3,1.15,0.9349,1910,6
SPY190508P290,2019-05-07,2019-05-07 09:31:35,1.16,0.943,330,1.14,0.9268,3,1.15,0.9349,3,1.15,0.9349,1910,0
SPY190508P290,2019-05-07,2019-05-07 09:31:37,1.16,0.943,100,1.14,0.9268,3,1.15,0.9349,3,1.15,0.9349,1910,0
SPY190508P290,2019-05-07,2019-05-07 09:31:39,1.15,0.9349,100,1.14,0.9268,3,1.15,0.9349,3,1.145,0.9308,1910,0
SPY190508P290,2019-05-07,2019-05-07 09:31:40,1.14,0.9268,160,1.11,0.9024,88,1.14,0.9268,3,1.125,0.9146,1913,3
SPY190508P290,2019-05-07,2019-05-07 09:31:42,1.14,0.9268,50,1.12,0.9105,16,1.13,0.9186,2,1.13,0.9186,1915,2
SPY190508P290,2019-05-07,2019-05-07 09:31:43,1.15,0.9349,387,1.12,0.9105,32,1.14,0.9268,1,1.135,0.9227,1916,1
SPY190508P290,2019-05-07,2019-05-07 09:31:45,1.13,0.9186,2,1.11,0.9024,114,1.13,0.9186,20,1.12,0.9105,1936,20
SPY190508P290,2019-05-07,2019-05-07 09:31:46,1.13,0.9186,40,1.11,0.9024,102,1.13,0.9186,20,1.12,0.9105,1936,0
SPY190508P290,2019-05-07,2019-05-07 09:31:48,1.13,0.9186,2,1.12,0.9105,2,1.12,0.9105,2,1.125,0.9146,1941,5
SPY190508P290,2019-05-07,2019-05-07 09:31:50,1.15,0.9349,330,1.11,0.9024,298,1.15,0.9349,10,1.13,0.9186,1953,12
SPY190508P290,2019-05-07,2019-05-07 09:31:51,1.14,0.9268,16,1.11,0.9024,180,1.15,0.9349,10,1.125,0.9146,1953,0
SPY190508P290,2019-05-07,2019-05-07 09:31:53,1.12,0.9105,1,1.11,0.9024,74,1.15,0.9349,10,1.115,0.9065,1953,0
SPY190508P290,2019-05-07,2019-05-07 09:31:54,1.12,0.9105,1,1.11,0.9024,31,1.12,0.9105,13,1.115,0.9065,1966,13
SPY190508P290,2019-05-07,2019-05-07 09:31:56,1.12,0.9105,1,1.11,0.9024,100,1.11,0.9024,2,1.115,0.9065,1968,2
SPY190508P290,2019-05-07,2019-05-07 09:31:58,1.15,0.9349,160,1.11,0.9024,268,1.12,0.9105,1,1.13,0.9186,1969,1
SPY190508P290,2019-05-07,2019-05-07 09:32:00,1.14,0.9268,100,1.11,0.9024,100,1.12,0.9105,1,1.125,0.9146,1969,0
SPY190508P290,2019-05-07,2019-05-07 09:32:02,1.15,0.9349,50,1.13,0.9186,2,1.13,0.9186,2,1.14,0.9268,1971,2
SPY190508P290,2019-05-07,2019-05-07 09:32:03,1.15,0.9349,50,1.13,0.9186,170,1.13,0.9186,2,1.14,0.9268,1971,0
SPY190508P290,2019-05-07,2019-05-07 09:32:05,1.15,0.9349,2,1.14,0.9268,141,1.14,0.9268,12,1.145,0.9308,2055,84
SPY190508P290,2019-05-07,2019-05-07 09:32:08,1.19,0.9674,100,1.16,0.943,50,1.16,0.943,5,1.175,0.9552,2141,86
SPY190508P290,2019-05-07,2019-05-07 09:32:11,1.2,0.9756,1010,1.17,0.9512,65,1.15,0.9349,1,1.185,0.9634,2147,6
SPY190508P290,2019-05-07,2019-05-07 09:32:13,1.2,0.9756,1010,1.18,0.9593,140,1.15,0.9349,1,1.19,0.9674,2147,0
SPY190508P290,2019-05-07,2019-05-07 09:32:14,1.2,0.9756,1010,1.18,0.9593,98,1.15,0.9349,1,1.19,0.9674,2147,0
SPY190508P290,2019-05-07,2019-05-07 09:32:16,1.2,0.9756,1010,1.18,0.9593,113,1.19,0.9674,1,1.19,0.9674,2149,2
SPY190508P290,2019-05-07,2019-05-07 09:32:17,1.2,0.9756,1010,1.16,0.943,381,1.19,0.9674,10,1.18,0.9593,2185,36
SPY190508P290,2019-05-07,2019-05-07 09:32:19,1.2,0.9756,1010,1.17,0.9512,160,1.19,0.9674,10,1.185,0.9634,2185,0
SPY190508P290,2019-05-07,2019-05-07 09:32:20,1.2,0.9756,1010,1.18,0.9593,77,1.18,0.9593,2,1.19,0.9674,2187,2
SPY190508P290,2019-05-07,2019-05-07 09:32:22,1.2,0.9756,239,1.19,0.9674,190,1.2,0.9756,761,1.195,0.9715,2969,782
SPY190508P290,2019-05-07,2019-05-07 09:32:23,1.2,0.9756,239,1.19,0.9674,256,1.2,0.9756,761,1.195,0.9715,2969,0
SPY190508P290,2019-05-07,2019-05-07 09:32:25,1.2,0.9756,239,1.19,0.9674,138,1.2,0.9756,761,1.195,0.9715,2969,0
SPY190508P290,2019-05-07,2019-05-07 09:32:26,1.2,0.9756,234,1.19,0.9674,32,1.2,0.9756,5,1.195,0.9715,2974,5
SPY190508P290,2019-05-07,2019-05-07 09:32:28,1.2,0.9756,234,1.19,0.9674,126,1.2,0.9756,8,1.195,0.9715,2995,21
SPY190508P290,2019-05-07,2019-05-07 09:32:29,1.2,0.9756,216,1.19,0.9674,335,1.2,0.9756,1,1.195,0.9715,3023,28
SPY190508P290,2019-05-07,2019-05-07 09:32:31,1.22,0.9918,11,1.2,0.9756,160,1.2,0.9756,36,1.21,0.9837,3243,220
SPY190508P290,2019-05-07,2019-05-07 09:32:32,1.22,0.9918,70,1.19,0.9674,386,1.2,0.9756,36,1.205,0.9796,3243,0
SPY190508P290,2019-05-07,2019-05-07 09:32:34,1.22,0.9918,69,1.19,0.9674,386,1.2,0.9756,36,1.205,0.9796,3243,0
SPY190508P290,2019-05-07,2019-05-07 09:32:35,1.21,0.9837,100,1.19,0.9674,1,1.2,0.9756,36,1.2,0.9756,3243,0
SPY190508P290,2019-05-07,2019-05-07 09:32:37,1.21,0.9837,289,1.19,0.9674,5,1.2,0.9756,36,1.2,0.9756,3243,0
SPY190508P290,2019-05-07,2019-05-07 09:32:38,1.21,0.9837,6,1.19,0.9674,7,1.19,0.9674,27,1.2,0.9756,3270,27
SPY190508P290,2019-05-07,2019-05-07 09:32:40,1.22,0.9918,6,1.2,0.9756,34,1.2,0.9756,29,1.21,0.9837,3380,110
SPY190508P290,2019-05-07,2019-05-07 09:32:41,1.23,1.0,73,1.21,0.9837,160,1.22,0.9918,4,1.22,0.9918,3422,42
SPY190508P290,2019-05-07,2019-05-07 09:32:43,1.23,1.0,73,1.22,0.9918,100,1.22,0.9918,4,1.225,0.9959,3422,0
SPY190508P290,2019-05-07,2019-05-07 09:32:44,1.23,1.0,70,1.21,0.9837,96,1.23,1.0,1,1.22,0.9918,3426,4
SPY190508P290,2019-05-07,2019-05-07 09:32:45,1.23,1.0,70,1.22,0.9918,37,1.23,1.0,10,1.225,0.9959,3436,10
SPY190508P290,2019-05-07,2019-05-07 09:32:47,1.25,1.0162,60,1.22,0.9918,3,1.23,1.0,1,1.235,1.004,3506,70
SPY190508P290,2019-05-07,2019-05-07 09:32:48,1.23,1.0,90,1.19,0.9674,5,1.21,0.9837,1,1.21,0.9837,3530,24
SPY190508P290,2019-05-07,2019-05-07 09:32:50,1.2,0.9756,110,1.19,0.9674,5,1.21,0.9837,1,1.195,0.9715,3530,0
SPY190508P290,2019-05-07,2019-05-07 09:32:51,1.2,0.9756,110,1.15,0.9349,150,1.19,0.9674,1,1.175,0.9552,3536,6
SPY190508P290,2019-05-07,2019-05-07 09:32:53,1.19,0.9674,92,1.15,0.9349,100,1.19,0.9674,1,1.17,0.9512,3536,0
SPY190508P290,2019-05-07,2019-05-07 09:32:54,1.2,0.9756,60,1.19,0.9674,27,1.19,0.9674,3,1.195,0.9715,3539,3
SPY190508P290,2019-05-07,2019-05-07 09:32:56,1.2,0.9756,110,1.18,0.9593,33,1.2,0.9756,4,1.19,0.9674,3543,4
SPY190508P290,2019-05-07,2019-05-07 09:32:57,1.2,0.9756,110,1.17,0.9512,50,1.2,0.9756,4,1.185,0.9634,3543,0
SPY190508P290,2019-05-07,2019-05-07 09:32:58,1.2,0.9756,427,1.17,0.9512,75,1.17,0.9512,22,1.185,0.9634,3565,22
SPY190508P290,2019-05-07,2019-05-07 09:33:00,1.19,0.9674,105,1.15,0.9349,105,1.19,0.9674,5,1.17,0.9512,3570,5
SPY190508P290,2019-05-07,2019-05-07 09:33:02,1.19,0.9674,391,1.15,0.9349,335,1.17,0.9512,5,1.17,0.9512,3575,5
SPY190508P290,2019-05-07,2019-05-07 09:33:03,1.19,0.9674,50,1.16,0.943,100,1.17,0.9512,5,1.175,0.9552,3575,0
SPY190508P290,2019-05-07,2019-05-07 09:33:05,1.19,0.9674,90,1.16,0.943,95,1.17,0.9512,5,1.175,0.9552,3575,0
SPY190508P290,2019-05-07,2019-05-07 09:33:06,1.19,0.9674,50,1.17,0.9512,103,1.17,0.9512,3,1.18,0.9593,3678,103
SPY190508P290,2019-05-07,2019-05-07 09:33:08,1.19,0.9674,6,1.17,0.9512,98,1.17,0.9512,3,1.18,0.9593,3678,0
SPY190508P290,2019-05-07,2019-05-07 09:33:09,1.2,0.9756,94,1.17,0.9512,239,1.18,0.9593,1,1.185,0.9634,3849,171
SPY190508P290,2019-05-07,2019-05-07 09:33:11,1.2,0.9756,110,1.17,0.9512,239,1.18,0.9593,1,1.185,0.9634,3849,0
SPY190508P290,2019-05-07,2019-05-07 09:33:12,1.2,0.9756,304,1.17,0.9512,84,1.18,0.9593,1,1.185,0.9634,3849,0
SPY190508P290,2019-05-07,2019-05-07 09:33:14,1.2,0.9756,60,1.18,0.9593,108,1.18,0.9593,1,1.19,0.9674,3849,0
SPY190508P290,2019-05-07,2019-05-07 09:33:15,1.2,0.9756,60,1.19,0.9674,68,1.2,0.9756,15,1.195,0.9715,3864,15
SPY190508P290,2019-05-07,2019-05-07 09:33:16,1.2,0.9756,60,1.19,0.9674,52,1.2,0.9756,15,1.195,0.9715,3864,0
SPY190508P290,2019-05-07,2019-05-07 09:33:18,1.2,0.9756,60,1.19,0.9674,289,1.2,0.9756,10,1.195,0.9715,3874,10
SPY190508P290,2019-05-07,2019-05-07 09:33:19,1.2,0.9756,60,1.18,0.9593,90,1.2,0.9756,10,1.19,0.9674,3874,0
SPY190508P290,2019-05-07,2019-05-07 09:33:21,1.2,0.9756,60,1.19,0.9674,27,1.19,0.9674,1,1.195,0.9715,3875,1
SPY190508P290,2019-05-07,2019-05-07 09:33:23,1.2,0.9756,7,1.19,0.9674,50,1.19,0.9674,60,1.195,0.9715,3935,60
SPY190508P290,2019-05-07,2019-05-07 09:33:24,1.2,0.9756,1,1.19,0.9674,160,1.19,0.9674,50,1.195,0.9715,3985,50
SPY190508P290,2019-05-07,2019-05-07 09:33:26,1.2,0.9756,1,1.19,0.9674,316,1.19,0.9674,50,1.195,0.9715,3985,0
SPY190508P290,2019-05-07,2019-05-07 09:33:27,1.2,0.9756,7,1.17,0.9512,60,1.19,0.9674,50,1.185,0.9634,3985,0
SPY190508P290,2019-05-07,2019-05-07 09:33:29,1.2,0.9756,50,1.17,0.9512,124,1.19,0.9674,50,1.185,0.9634,3985,0
SPY190508P290,2019-05-07,2019-05-07 09:33:30,1.2,0.9756,88,1.17,0.9512,124,1.2,0.9756,2,1.185,0.9634,3987,2
SPY190508P290,2019-05-07,2019-05-07 09:33:32,1.2,0.9756,88,1.17,0.9512,150,1.2,0.9756,2,1.185,0.9634,3987,0
SPY190508P290,2019-05-07,2019-05-07 09:33:33,1.2,0.9756,5,1.19,0.9674,22,1.2,0.9756,1,1.195,0.9715,3988,1
SPY190508P290,2019-05-07,2019-05-07 09:33:34,1.2,0.9756,100,1.19,0.9674,289,1.2,0.9756,1,1.195,0.9715,3988,0
SPY190508P290,2019-05-07,2019-05-07 09:33:36,1.2,0.9756,99,1.19,0.9674,100,1.2,0.9756,1,1.195,0.9715,3989,1
SPY190508P290,2019-05-07,2019-05-07 09:33:37,1.21,0.9837,6,1.2,0.9756,196,1.2,0.9756,5,1.205,0.9796,4093,104
SPY190508P290,2019-05-07,2019-05-07 09:33:39,1.21,0.9837,6,1.2,0.9756,98,1.2,0.9756,5,1.205,0.9796,4093,0
SPY190508P290,2019-05-07,2019-05-07 09:33:40,1.21,0.9837,49,1.18,0.9593,335,1.2,0.9756,5,1.195,0.9715,4093,0
SPY190508P290,2019-05-07,2019-05-07 09:33:42,1.21,0.9837,88,1.18,0.9593,140,1.2,0.9756,5,1.195,0.9715,4093,0
SPY190508P290,2019-05-07,2019-05-07 09:33:43,1.21,0.9837,50,1.19,0.9674,55,1.19,0.9674,45,1.2,0.9756,4139,46
SPY190508P290,2019-05-07,2019-05-07 09:33:45,1.21,0.9837,50,1.18,0.9593,335,1.19,0.9674,45,1.195,0.9715,4139,0
SPY190508P290,2019-05-07,2019-05-07 09:33:46,1.21,0.9837,6,1.19,0.9674,289,1.19,0.9674,45,1.2,0.9756,4139,0
SPY190508P290,2019-05-07,2019-05-07 09:33:48,1.21,0.9837,38,1.19,0.9674,105,1.21,0.9837,1,1.2,0.9756,4140,1
SPY190508P290,2019-05-07,2019-05-07 09:33:49,1.21,0.9837,6,1.19,0.9674,335,1.21,0.9837,1,1.2,0.9756,4140,0
SPY190508P290,2019-05-07,2019-05-07 09:33:50,1.21,0.9837,6,1.19,0.9674,335,1.2,0.9756,1,1.2,0.9756,4141,1
SPY190508P290,2019-05-07,2019-05-07 09:33:52,1.21,0.9837,6,1.19,0.9674,335,1.2,0.9756,2,1.2,0.9756,4143,2
SPY190508P290,2019-05-07,2019-05-07 09:33:53,1.21,0.9837,6,1.2,0.9756,71,1.2,0.9756,7,1.205,0.9796,4150,7
SPY190508P290,2019-05-07,2019-05-07 09:33:55,1.2,0.9756,1,1.18,0.9593,55,1.2,0.9756,1,1.19,0.9674,4151,1
SPY190508P290,2019-05-07,2019-05-07 09:33:56,1.2,0.9756,100,1.16,0.943,230,1.2,0.9756,1,1.18,0.9593,4151,0
SPY190508P290,2019-05-07,2019-05-07 09:33:58,1.2,0.9756,105,1.17,0.9512,160,1.18,0.9593,10,1.185,0.9634,4161,10
SPY190508P290,2019-05-07,2019-05-07 09:33:59,1.2,0.9756,55,1.17,0.9512,340,1.18,0.9593,10,1.185,0.9634,4161,0
SPY190508P290,2019-05-07,2019-05-07 09:34:01,1.2,0.9756,90,1.17,0.9512,340,1.18,0.9593,10,1.185,0.9634,4161,0
SPY190508P290,2019-05-07,2019-05-07 09:34:02,1.19,0.9674,5,1.17,0.9512,340,1.2,0.9756,12,1.18,0.9593,4201,40
SPY190508P290,2019-05-07,2019-05-07 09:34:03,1.19,0.9674,50,1.17,0.9512,71,1.2,0.9756,12,1.18,0.9593,4201,0
SPY190508P290,2019-05-07,2019-05-07 09:34:05,1.19,0.9674,6,1.17,0.9512,111,1.2,0.9756,12,1.18,0.9593,4201,0
SPY190508P290,2019-05-07,2019-05-07 09:34:06,1.18,0.9593,29,1.15,0.9349,234,1.17,0.9512,5,1.165,0.9471,4217,16
SPY190508P290,2019-05-07,2019-05-07 09:34:08,1.17,0.9512,50,1.15,0.9349,196,1.17,0.9512,5,1.16,0.943,4217,0
SPY190508P290,2019-05-07,2019-05-07 09:34:10,1.17,0.9512,3,1.15,0.9349,51,1.17,0.9512,5,1.16,0.943,4217,0
SPY190508P290,2019-05-07,2019-05-07 09:34:11,1.17,0.9512,50,1.15,0.9349,64,1.15,0.9349,1,1.16,0.943,4220,3
SPY190508P290,2019-05-07,2019-05-07 09:34:12,1.17,0.9512,3,1.16,0.943,32,1.15,0.9349,1,1.165,0.9471,4220,0
SPY190508P290,2019-05-07,2019-05-07 09:34:14,1.17,0.9512,3,1.16,0.943,50,1.16,0.943,1,1.165,0.9471,4221,1
SPY190508P290,2019-05-07,2019-05-07 09:34:15,1.17,0.9512,3,1.16,0.943,55,1.16,0.943,1,1.165,0.9471,4221,0
SPY190508P290,2019-05-07,2019-05-07 09:34:17,1.19,0.9674,5,1.17,0.9512,86,1.18,0.9593,1,1.18,0.9593,4225,4
SPY190508P290,2019-05-07,2019-05-07 09:34:18,1.2,0.9756,10,1.19,0.9674,109,1.19,0.9674,5,1.195,0.9715,4230,5
SPY190508P290,2019-05-07,2019-05-07 09:34:20,1.21,0.9837,6,1.19,0.9674,98,1.19,0.9674,50,1.2,0.9756,4291,61
SPY190508P290,2019-05-07,2019-05-07 09:34:21,1.21,0.9837,6,1.19,0.9674,89,1.19,0.9674,50,1.2,0.9756,4291,0
SPY190508P290,2019-05-07,2019-05-07 09:34:22,1.21,0.9837,6,1.19,0.9674,109,1.19,0.9674,50,1.2,0.9756,4291,0
SPY190508P290,2019-05-07,2019-05-07 09:34:24,1.21,0.9837,6,1.19,0.9674,152,1.2,0.9756,7,1.2,0.9756,4306,15
SPY190508P290,2019-05-07,2019-05-07 09:34:25,1.21,0.9837,6,1.19,0.9674,116,1.19,0.9674,3,1.2,0.9756,4309,3
SPY190508P290,2019-05-07,2019-05-07 09:34:27,1.2,0.9756,90,1.18,0.9593,69,1.19,0.9674,3,1.19,0.9674,4309,0
SPY190508P290,2019-05-07,2019-05-07 09:34:28,1.21,0.9837,381,1.18,0.9593,69,1.19,0.9674,3,1.195,0.9715,4309,0
SPY190508P290,2019-05-07,2019-05-07 09:34:30,1.2,0.9756,90,1.18,0.9593,69,1.19,0.9674,3,1.19,0.9674,4309,0
SPY190508P290,2019-05-07,2019-05-07 09:34:31,1.19,0.9674,105,1.15,0.9349,105,1.18,0.9593,1,1.17,0.9512,4310,1
SPY190508P290,2019-05-07,2019-05-07 09:34:32,1.18,0.9593,529,1.15,0.9349,46,1.18,0.9593,1,1.165,0.9471,4310,0
SPY190508P290,2019-05-07,2019-05-07 09:34:34,1.2,0.9756,50,1.17,0.9512,69,1.18,0.9593,1,1.185,0.9634,4310,0
SPY190508P290,2019-05-07,2019-05-07 09:34:35,1.18,0.9593,90,1.17,0.9512,2,1.18,0.9593,1,1.175,0.9552,4310,0
SPY190508P290,2019-05-07,2019-05-07 09:34:37,1.17,0.9512,130,1.15,0.9349,8,1.17,0.9512,15,1.16,0.943,4327,17
SPY190508P290,2019-05-07,2019-05-07 09:34:38,1.18,0.9593,90,1.15,0.9349,109,1.15,0.9349,4,1.165,0.9471,4331,4
SPY190508P290,2019-05-07,2019-05-07 09:34:39,1.17,0.9512,100,1.15,0.9349,8,1.15,0.9349,4,1.16,0.943,4331,0
SPY190508P290,2019-05-07,2019-05-07 09:34:41,1.16,0.943,90,1.15,0.9349,2,1.15,0.9349,4,1.155,0.939,4331,0
SPY190508P290,2019-05-07,2019-05-07 09:34:42,1.16,0.943,57,1.15,0.9349,2,1.15,0.9349,1,1.155,0.939,4332,1
SPY190508P290,2019-05-07,2019-05-07 09:34:44,1.15,0.9349,50,1.13,0.9186,50,1.15,0.9349,2,1.14,0.9268,4334,2
SPY190508P290,2019-05-07,2019-05-07 09:34:45,1.14,0.9268,77,1.12,0.9105,83,1.15,0.9349,2,1.13,0.9186,4334,0
SPY190508P290,2019-05-07,2019-05-07 09:34:47,1.13,0.9186,64,1.12,0.9105,151,1.13,0.9186,5,1.125,0.9146,4341,7
SPY190508P290,2019-05-07,2019-05-07 09:34:48,1.13,0.9186,43,1.12,0.9105,28,1.13,0.9186,5,1.125,0.9146,4341,0
SPY190508P290,2019-05-07,2019-05-07 09:34:50,1.13,0.9186,43,1.12,0.9105,34,1.13,0.9186,5,1.125,0.9146,4341,0
SPY190508P290,2019-05-07,2019-05-07 09:34:51,1.13,0.9186,3,1.12,0.9105,2,1.13,0.9186,5,1.125,0.9146,4341,0
SPY190508P290,2019-05-07,2019-05-07 09:34:53,1.13,0.9186,36,1.12,0.9105,2,1.13,0.9186,5,1.125,0.9146,4341,0
SPY190508P290,2019-05-07,2019-05-07 09:34:54,1.13,0.9186,78,1.12,0.9105,2,1.13,0.9186,5,1.125,0.9146,4341,0
SPY190508P290,2019-05-07,2019-05-07 09:34:56,1.12,0.9105,50,1.1,0.8943,84,1.12,0.9105,2,1.11,0.9024,4343,2
SPY190508P290,2019-05-07,2019-05-07 09:34:57,1.12,0.9105,61,1.1,0.8943,124,1.12,0.9105,20,1.11,0.9024,4363,20
SPY190508P290,2019-05-07,2019-05-07 09:34:59,1.11,0.9024,66,1.1,0.8943,31,1.12,0.9105,20,1.105,0.8983,4363,0
SPY190508P290,2019-05-07,2019-05-07 09:35:00,1.12,0.9105,50,1.11,0.9024,25,1.1,0.8943,1,1.115,0.9065,4364,1
SPY190508P290,2019-05-07,2019-05-07 09:35:02,1.12,0.9105,60,1.11,0.9024,25,1.1,0.8943,1,1.115,0.9065,4364,0
SPY190508P290,2019-05-07,2019-05-07 09:35:03,1.12,0.9105,50,1.11,0.9024,31,1.1,0.8943,1,1.115,0.9065,4364,0
SPY190508P290,2019-05-07,2019-05-07 09:35:05,1.12,0.9105,100,1.1,0.8943,31,1.1,0.8943,1,1.11,0.9024,4364,0
SPY190508P290,2019-05-07,2019-05-07 09:35:06,1.13,0.9186,100,1.11,0.9024,62,1.1,0.8943,1,1.12,0.9105,4364,0
SPY190508P290,2019-05-07,2019-05-07 09:35:07,1.13,0.9186,381,1.1,0.8943,87,1.1,0.8943,1,1.115,0.9065,4364,0
SPY190508P290,2019-05-07,2019-05-07 09:35:09,1.13,0.9186,155,1.1,0.8943,27,1.1,0.8943,1,1.115,0.9065,4364,0
SPY190508P290,2019-05-07,2019-05-07 09:35:10,1.11,0.9024,58,1.09,0.8861,58,1.1,0.8943,1,1.1,0.8943,4364,0
SPY190508P290,2019-05-07,2019-05-07 09:35:12,1.11,0.9024,70,1.08,0.878,381,1.1,0.8943,1,1.095,0.8902,4364,0
SPY190508P290,2019-05-07,2019-05-07 09:35:13,1.11,0.9024,90,1.09,0.8861,39,1.1,0.8943,1,1.1,0.8943,4364,0
SPY190508P290,2019-05-07,2019-05-07 09:35:15,1.11,0.9024,100,1.08,0.878,178,1.1,0.8943,1,1.095,0.8902,4364,0
SPY190508P290,2019-05-07,2019-05-07 09:35:16,1.1,0.8943,100,1.08,0.878,65,1.1,0.8943,1,1.09,0.8861,4364,0
SPY190508P290,2019-05-07,2019-05-07 09:35:18,1.11,0.9024,100,1.09,0.8861,28,1.1,0.8943,1,1.1,0.8943,4364,0
SPY190508P290,2019-05-07,2019-05-07 09:35:20,1.11,0.9024,100,1.09,0.8861,22,1.09,0.8861,6,1.1,0.8943,4374,10
SPY190508P290,2019-05-07,2019-05-07 09:35:21,1.11,0.9024,100,1.08,0.878,69,1.09,0.8861,6,1.095,0.8902,4374,0
SPY190508P290,2019-05-07,2019-05-07 09:35:23,1.1,0.8943,100,1.08,0.878,5,1.08,0.878,1,1.09,0.8861,4375,1
SPY190508P290,2019-05-07,2019-05-07 09:35:24,1.1,0.8943,100,1.08,0.878,16,1.08,0.878,1,1.09,0.8861,4375,0
SPY190508P290,2019-05-07,2019-05-07 09:35:25,1.1,0.8943,103,1.08,0.878,48,1.08,0.878,1,1.09,0.8861,4375,0
SPY190508P290,2019-05-07,2019-05-07 09:35:27,1.1,0.8943,53,1.08,0.878,50,1.08,0.878,1,1.09,0.8861,4375,0
SPY190508P290,2019-05-07,2019-05-07 09:35:28,1.09,0.8861,50,1.07,0.8699,335,1.08,0.878,1,1.08,0.878,4375,0
SPY190508P290,2019-05-07,2019-05-07 09:35:30,1.1,0.8943,80,1.09,0.8861,24,1.09,0.8861,1,1.095,0.8902,4379,4
SPY190508P290,2019-05-07,2019-05-07 09:35:31,1.1,0.8943,53,1.09,0.8861,25,1.09,0.8861,10,1.095,0.8902,4390,11
SPY190508P290,2019-05-07,2019-05-07 09:35:33,1.1,0.8943,7,1.09,0.8861,33,1.09,0.8861,10,1.095,0.8902,4390,0
SPY190508P290,2019-05-07,2019-05-07 09:35:34,1.1,0.8943,5,1.09,0.8861,33,1.09,0.8861,10,1.095,0.8902,4390,0
SPY190508P290,2019-05-07,2019-05-07 09:35:36,1.1,0.8943,39,1.08,0.878,63,1.1,0.8943,1,1.09,0.8861,4391,1
SPY190508P290,2019-05-07,2019-05-07 09:35:37,1.1,0.8943,50,1.08,0.878,90,1.1,0.8943,1,1.09,0.8861,4391,0
SPY190508P290,2019-05-07,2019-05-07 09:35:39,1.09,0.8861,6,1.08,0.878,335,1.09,0.8861,2,1.085,0.8821,4395,4
SPY190508P290,2019-05-07,2019-05-07 09:35:40,1.1,0.8943,39,1.09,0.8861,40,1.09,0.8861,5,1.095,0.8902,4401,6
SPY190508P290,2019-05-07,2019-05-07 09:35:42,1.1,0.8943,50,1.09,0.8861,31,1.09,0.8861,5,1.095,0.8902,4401,0
SPY190508P290,2019-05-07,2019-05-07 09:35:43,1.1,0.8943,5,1.09,0.8861,37,1.1,0.8943,3,1.095,0.8902,4404,3
SPY190508P290,2019-05-07,2019-05-07 09:35:45,1.1,0.8943,5,1.09,0.8861,76,1.09,0.8861,10,1.095,0.8902,4435,31
SPY190508P290,2019-05-07,2019-05-07 09:35:47,1.1,0.8943,5,1.08,0.878,427,1.09,0.8861,1,1.09,0.8861,4450,15
SPY190508P290,2019-05-07,2019-05-07 09:35:49,1.1,0.8943,5,1.09,0.8861,230,1.09,0.8861,1,1.095,0.8902,4450,0
SPY190508P290,2019-05-07,2019-05-07 09:35:50,1.1,0.8943,5,1.09,0.8861,289,1.09,0.8861,1,1.095,0.8902,4450,0
SPY190508P290,2019-05-07,2019-05-07 09:35:52,1.12,0.9105,50,1.1,0.8943,94,1.1,0.8943,1,1.11,0.9024,4457,7
SPY190508P290,2019-05-07,2019-05-07 09:35:53,1.12,0.9105,82,1.1,0.8943,57,1.1,0.8943,1,1.11,0.9024,4457,0
SPY190508P290,2019-05-07,2019-05-07 09:35:55,1.11,0.9024,62,1.1,0.8943,27,1.12,0.9105,2,1.105,0.8983,4459,2
SPY190508P290,2019-05-07,2019-05-07 09:35:57,1.12,0.9105,447,1.1,0.8943,27,1.11,0.9024,9,1.11,0.9024,4474,15
SPY190508P290,2019-05-07,2019-05-07 09:35:58,1.1,0.8943,90,1.08,0.878,36,1.11,0.9024,9,1.09,0.8861,4474,0
SPY190508P290,2019-05-07,2019-05-07 09:36:00,1.11,0.9024,65,1.08,0.878,132,1.08,0.878,1,1.095,0.8902,4475,1
SPY190508P290,2019-05-07,2019-05-07 09:36:01,1.11,0.9024,335,1.09,0.8861,27,1.08,0.878,1,1.1,0.8943,4475,0
SPY190508P290,2019-05-07,2019-05-07 09:36:03,1.11,0.9024,75,1.09,0.8861,6,1.08,0.878,10,1.1,0.8943,4486,11
SPY190508P290,2019-05-07,2019-05-07 09:36:05,1.1,0.8943,130,1.08,0.878,102,1.08,0.878,10,1.09,0.8861,4486,0
SPY190508P290,2019-05-07,2019-05-07 09:36:06,1.1,0.8943,160,1.07,0.8699,113,1.08,0.878,10,1.085,0.8821,4486,0
SPY190508P290,2019-05-07,2019-05-07 09:36:08,1.09,0.8861,10,1.08,0.878,113,1.08,0.878,10,1.085,0.8821,4486,0
SPY190508P290,2019-05-07,2019-05-07 09:36:09,1.09,0.8861,8,1.08,0.878,112,1.09,0.8861,4,1.085,0.8821,4493,7
SPY190508P290,2019-05-07,2019-05-07 09:36:11,1.12,0.9105,100,1.1,0.8943,114,1.09,0.8861,1,1.11,0.9024,4501,8
SPY190508P290,2019-05-07,2019-05-07 09:36:12,1.12,0.9105,102,1.1,0.8943,95,1.09,0.8861,1,1.11,0.9024,4501,0
SPY190508P290,2019-05-07,2019-05-07 09:36:13,1.11,0.9024,52,1.1,0.8943,27,1.1,0.8943,1,1.105,0.8983,4502,1
SPY190508P290,2019-05-07,2019-05-07 09:36:15,1.11,0.9024,2,1.1,0.8943,125,1.1,0.8943,1,1.105,0.8983,4502,0
SPY190508P290,2019-05-07,2019-05-07 09:36:16,1.11,0.9024,46,1.1,0.8943,26,1.1,0.8943,2,1.105,0.8983,4504,2
SPY190508P290,2019-05-07,2019-05-07 09:36:18,1.11,0.9024,2,1.1,0.8943,90,1.1,0.8943,3,1.105,0.8983,4562,58
SPY190508P290,2019-05-07,2019-05-07 09:36:19,1.11,0.9024,2,1.1,0.8943,74,1.1,0.8943,3,1.105,0.8983,4562,0
SPY190508P290,2019-05-07,2019-05-07 09:36:21,1.11,0.9024,2,1.1,0.8943,76,1.1,0.8943,3,1.105,0.8983,4562,0
SPY190508P290,2019-05-07,2019-05-07 09:36:23,1.11,0.9024,2,1.1,0.8943,50,1.11,0.9024,2,1.105,0.8983,4564,2
SPY190508P290,2019-05-07,2019-05-07 09:36:24,1.12,0.9105,1,1.11,0.9024,33,1.11,0.9024,2,1.115,0.9065,4564,0
SPY190508P290,2019-05-07,2019-05-07 09:36:26,1.13,0.9186,493,1.12,0.9105,1,1.12,0.9105,1,1.125,0.9146,4575,11
SPY190508P290,2019-05-07,2019-05-07 09:36:27,1.13,0.9186,90,1.11,0.9024,61,1.12,0.9105,1,1.12,0.9105,4575,0
SPY190508P290,2019-05-07,2019-05-07 09:36:29,1.13,0.9186,6,1.11,0.9024,13,1.12,0.9105,1,1.12,0.9105,4575,0
SPY190508P290,2019-05-07,2019-05-07 09:36:30,1.14,0.9268,105,1.11,0.9024,22,1.12,0.9105,1,1.125,0.9146,4575,0
SPY190508P290,2019-05-07,2019-05-07 09:36:32,1.14,0.9268,62,1.12,0.9105,48,1.12,0.9105,1,1.13,0.9186,4575,0
SPY190508P290,2019-05-07,2019-05-07 09:36:33,1.14,0.9268,62,1.12,0.9105,115,1.12,0.9105,1,1.13,0.9186,4575,0
SPY190508P290,2019-05-07,2019-05-07 09:36:35,1.14,0.9268,50,1.12,0.9105,101,1.12,0.9105,1,1.13,0.9186,4575,0
SPY190508P290,2019-05-07,2019-05-07 09:36:37,1.14,0.9268,74,1.13,0.9186,18,1.14,0.9268,5,1.135,0.9227,4580,5
SPY190508P290,2019-05-07,2019-05-07 09:36:39,1.15,0.9349,153,1.13,0.9186,55,1.14,0.9268,5,1.14,0.9268,4580,0
SPY190508P290,2019-05-07,2019-05-07 09:36:40,1.15,0.9349,68,1.13,0.9186,81,1.14,0.9268,1,1.14,0.9268,4581,1
SPY190508P290,2019-05-07,2019-05-07 09:36:42,1.14,0.9268,2,1.13,0.9186,62,1.13,0.9186,3,1.135,0.9227,4584,3
SPY190508P290,2019-05-07,2019-05-07 09:36:43,1.14,0.9268,2,1.13,0.9186,112,1.13,0.9186,3,1.135,0.9227,4584,0
SPY190508P290,2019-05-07,2019-05-07 09:36:45,1.15,0.9349,20,1.14,0.9268,62,1.14,0.9268,2,1.145,0.9308,4586,2
SPY190508P290,2019-05-07,2019-05-07 09:36:46,1.15,0.9349,18,1.14,0.9268,62,1.15,0.9349,2,1.145,0.9308,4588,2
SPY190508P290,2019-05-07,2019-05-07 09:36:47,1.15,0.9349,18,1.14,0.9268,62,1.16,0.943,5,1.145,0.9308,4593,5
SPY190508P290,2019-05-07,2019-05-07 09:36:49,1.15,0.9349,18,1.14,0.9268,18,1.16,0.943,5,1.145,0.9308,4593,0
SPY190508P290,2019-05-07,2019-05-07 09:36:50,1.15,0.9349,18,1.14,0.9268,86,1.16,0.943,5,1.145,0.9308,4593,0
SPY190508P290,2019-05-07,2019-05-07 09:36:52,1.15,0.9349,18,1.14,0.9268,75,1.14,0.9268,1,1.145,0.9308,4594,1
SPY190508P290,2019-05-07,2019-05-07 09:36:53,1.15,0.9349,18,1.14,0.9268,75,1.14,0.9268,1,1.145,0.9308,4594,0
SPY190508P290,2019-05-07,2019-05-07 09:36:55,1.15,0.9349,80,1.13,0.9186,72,1.14,0.9268,1,1.14,0.9268,4594,0
SPY190508P290,2019-05-07,2019-05-07 09:36:56,1.14,0.9268,7,1.13,0.9186,8,1.14,0.9268,1,1.135,0.9227,4594,0
SPY190508P290,2019-05-07,2019-05-07 09:36:57,1.15,0.9349,29,1.11,0.9024,66,1.14,0.9268,1,1.13,0.9186,4594,0
SPY190508P290,2019-05-07,2019-05-07 09:36:59,1.14,0.9268,50,1.12,0.9105,73,1.14,0.9268,1,1.13,0.9186,4594,0
SPY190508P290,2019-05-07,2019-05-07 09:37:00,1.14,0.9268,365,1.12,0.9105,65,1.14,0.9268,1,1.13,0.9186,4594,0
SPY190508P290,2019-05-07,2019-05-07 09:37:02,1.13,0.9186,12,1.12,0.9105,65,1.14,0.9268,1,1.125,0.9146,4594,0
SPY190508P290,2019-05-07,2019-05-07 09:37:03,1.13,0.9186,11,1.12,0.9105,65,1.14,0.9268,1,1.125,0.9146,4594,0
SPY190508P290,2019-05-07,2019-05-07 09:37:05,1.14,0.9268,162,1.12,0.9105,60,1.14,0.9268,1,1.13,0.9186,4594,0
SPY190508P290,2019-05-07,2019-05-07 09:37:06,1.14,0.9268,103,1.12,0.9105,78,1.14,0.9268,1,1.13,0.9186,4594,0
SPY190508P290,2019-05-07,2019-05-07 09:37:08,1.15,0.9349,425,1.13,0.9186,81,1.14,0.9268,1,1.14,0.9268,4594,0
SPY190508P290,2019-05-07,2019-05-07 09:37:09,1.15,0.9349,425,1.13,0.9186,81,1.14,0.9268,1,1.14,0.9268,4594,0
SPY190508P290,2019-05-07,2019-05-07 09:37:11,1.15,0.9349,404,1.13,0.9186,81,1.14,0.9268,1,1.14,0.9268,4594,0
SPY190508P290,2019-05-07,2019-05-07 09:37:12,1.16,0.943,25,1.15,0.9349,38,1.15,0.9349,100,1.155,0.939,4713,119
SPY190508P290,2019-05-07,2019-05-07 09:37:14,1.16,0.943,21,1.15,0.9349,38,1.16,0.943,1,1.155,0.939,4714,1
SPY190508P290,2019-05-07,2019-05-07 09:37:15,1.16,0.943,25,1.15,0.9349,63,1.16,0.943,1,1.155,0.939,4714,0
SPY190508P290,2019-05-07,2019-05-07 09:37:16,1.17,0.9512,280,1.15,0.9349,50,1.16,0.943,1,1.16,0.943,4714,0
SPY190508P290,2019-05-07,2019-05-07 09:37:18,1.17,0.9512,441,1.15,0.9349,57,1.16,0.943,1,1.16,0.943,4714,0
SPY190508P290,2019-05-07,2019-05-07 09:37:19,1.16,0.943,25,1.15,0.9349,63,1.16,0.943,1,1.155,0.939,4714,0
SPY190508P290,2019-05-07,2019-05-07 09:37:21,1.17,0.9512,39,1.15,0.9349,50,1.16,0.943,1,1.16,0.943,4714,0
SPY190508P290,2019-05-07,2019-05-07 09:37:22,1.17,0.9512,40,1.15,0.9349,107,1.15,0.9349,22,1.16,0.943,4736,22
SPY190508P290,2019-05-07,2019-05-07 09:37:24,1.17,0.9512,1,1.16,0.943,76,1.16,0.943,1,1.165,0.9471,4756,20
SPY190508P290,2019-05-07,2019-05-07 09:37:25,1.18,0.9593,56,1.16,0.943,70,1.17,0.9512,1,1.17,0.9512,4757,1
SPY190508P290,2019-05-07,2019-05-07 09:37:27,1.18,0.9593,36,1.17,0.9512,70,1.17,0.9512,1,1.175,0.9552,4757,0
SPY190508P290,2019-05-07,2019-05-07 09:37:28,1.19,0.9674,118,1.17,0.9512,70,1.17,0.9512,1,1.18,0.9593,4758,1
SPY190508P290,2019-05-07,2019-05-07 09:37:30,1.18,0.9593,1,1.17,0.9512,70,1.18,0.9593,1,1.175,0.9552,4759,1
SPY190508P290,2019-05-07,2019-05-07 09:37:31,1.19,0.9674,118,1.18,0.9593,2,1.18,0.9593,1,1.185,0.9634,4759,0
SPY190508P290,2019-05-07,2019-05-07 09:37:33,1.19,0.9674,118,1.18,0.9593,1,1.18,0.9593,1,1.185,0.9634,4760,1
SPY190508P290,2019-05-07,2019-05-07 09:37:34,1.18,0.9593,15,1.17,0.9512,6,1.18,0.9593,25,1.175,0.9552,4786,26
SPY190508P290,2019-05-07,2019-05-07 09:37:36,1.19,0.9674,86,1.17,0.9512,62,1.18,0.9593,23,1.18,0.9593,4841,55
SPY190508P290,2019-05-07,2019-05-07 09:37:37,1.19,0.9674,76,1.17,0.9512,70,1.18,0.9593,23,1.18,0.9593,4841,0
SPY190508P290,2019-05-07,2019-05-07 09:37:39,1.19,0.9674,60,1.18,0.9593,70,1.18,0.9593,23,1.185,0.9634,4841,0
SPY190508P290,2019-05-07,2019-05-07 09:37:40,1.19,0.9674,69,1.17,0.9512,82,1.18,0.9593,23,1.18,0.9593,4841,0
SPY190508P290,2019-05-07,2019-05-07 09:37:42,1.19,0.9674,80,1.17,0.9512,82,1.18,0.9593,23,1.18,0.9593,4841,0
SPY190508P290,2019-05-07,2019-05-07 09:37:43,1.19,0.9674,60,1.17,0.9512,82,1.19,0.9674,50,1.18,0.9593,4936,95
SPY190508P290,2019-05-07,2019-05-07 09:37:44,1.2,0.9756,20,1.18,0.9593,74,1.19,0.9674,50,1.19,0.9674,4936,0
SPY190508P290,2019-05-07,2019-05-07 09:37:46,1.19,0.9674,95,1.18,0.9593,24,1.19,0.9674,50,1.185,0.9634,4936,0
SPY190508P290,2019-05-07,2019-05-07 09:37:47,1.19,0.9674,41,1.18,0.9593,56,1.19,0.9674,3,1.185,0.9634,4964,28
SPY190508P290,2019-05-07,2019-05-07 09:37:49,1.19,0.9674,41,1.18,0.9593,56,1.19,0.9674,3,1.185,0.9634,4964,0
SPY190508P290,2019-05-07,2019-05-07 09:37:50,1.19,0.9674,318,1.17,0.9512,74,1.19,0.9674,3,1.18,0.9593,4964,0
SPY190508P290,2019-05-07,2019-05-07 09:37:52,1.17,0.9512,17,1.15,0.9349,100,1.17,0.9512,5,1.16,0.943,4969,5
SPY190508P290,2019-05-07,2019-05-07 09:37:53,1.19,0.9674,342,1.17,0.9512,72,1.17,0.9512,5,1.18,0.9593,4969,0
SPY190508P290,2019-05-07,2019-05-07 09:37:55,1.18,0.9593,25,1.17,0.9512,72,1.17,0.9512,5,1.175,0.9552,4969,0
SPY190508P290,2019-05-07,2019-05-07 09:37:56,1.17,0.9512,31,1.16,0.943,50,1.17,0.9512,5,1.165,0.9471,4969,0
SPY190508P290,2019-05-07,2019-05-07 09:37:58,1.17,0.9512,25,1.16,0.943,50,1.17,0.9512,5,1.165,0.9471,4969,0
SPY190508P290,2019-05-07,2019-05-07 09:37:59,1.18,0.9593,6,1.15,0.9349,6,1.17,0.9512,5,1.165,0.9471,4969,0
SPY190508P290,2019-05-07,2019-05-07 09:38:00,1.18,0.9593,321,1.16,0.943,74,1.17,0.9512,5,1.17,0.9512,4969,0
SPY190508P290,2019-05-07,2019-05-07 09:38:02,1.18,0.9593,155,1.16,0.943,74,1.17,0.9512,5,1.17,0.9512,4969,0
SPY190508P290,2019-05-07,2019-05-07 09:38:03,1.18,0.9593,130,1.15,0.9349,81,1.17,0.9512,5,1.165,0.9471,4969,0
SPY190508P290,2019-05-07,2019-05-07 09:38:05,1.17,0.9512,73,1.15,0.9349,105,1.17,0.9512,5,1.16,0.943,4969,0
SPY190508P290,2019-05-07,2019-05-07 09:38:06,1.19,0.9674,21,1.16,0.943,18,1.17,0.9512,5,1.175,0.9552,4969,0
SPY190508P290,2019-05-07,2019-05-07 09:38:07,1.18,0.9593,50,1.16,0.943,58,1.17,0.9512,5,1.17,0.9512,4969,0
SPY190508P290,2019-05-07,2019-05-07 09:38:09,1.19,0.9674,27,1.17,0.9512,89,1.17,0.9512,1,1.18,0.9593,5069,100
SPY190508P290,2019-05-07,2019-05-07 09:38:10,1.2,0.9756,105,1.17,0.9512,50,1.17,0.9512,1,1.185,0.9634,5069,0
SPY190508P290,2019-05-07,2019-05-07 09:38:12,1.18,0.9593,3,1.17,0.9512,50,1.17,0.9512,1,1.175,0.9552,5069,0
SPY190508P290,2019-05-07,2019-05-07 09:38:13,1.19,0.9674,234,1.16,0.943,404,1.17,0.9512,1,1.175,0.9552,5069,0
SPY190508P290,2019-05-07,2019-05-07 09:38:15,1.19,0.9674,95,1.16,0.943,404,1.17,0.9512,1,1.175,0.9552,5069,0
SPY190508P290,2019-05-07,2019-05-07 09:38:16,1.16,0.943,28,1.15,0.9349,4,1.17,0.9512,1,1.155,0.939,5069,0
SPY190508P290,2019-05-07,2019-05-07 09:38:18,1.17,0.9512,451,1.15,0.9349,4,1.17,0.9512,1,1.16,0.943,5069,0
SPY190508P290,2019-05-07,2019-05-07 09:38:19,1.17,0.9512,497,1.15,0.9349,4,1.17,0.9512,1,1.16,0.943,5069,0
SPY190508P290,2019-05-07,2019-05-07 09:38:21,1.16,0.943,6,1.15,0.9349,6,1.17,0.9512,1,1.155,0.939,5069,0
SPY190508P290,2019-05-07,2019-05-07 09:38:22,1.19,0.9674,152,1.16,0.943,143,1.16,0.943,1,1.175,0.9552,5070,1
SPY190508P290,2019-05-07,2019-05-07 09:38:24,1.19,0.9674,169,1.16,0.943,72,1.16,0.943,10,1.175,0.9552,5085,15
SPY190508P290,2019-05-07,2019-05-07 09:38:25,1.17,0.9512,90,1.15,0.9349,4,1.16,0.943,10,1.16,0.943,5085,0
SPY190508P290,2019-05-07,2019-05-07 09:38:27,1.17,0.9512,90,1.15,0.9349,57,1.16,0.943,10,1.16,0.943,5085,0
SPY190508P290,2019-05-07,2019-05-07 09:38:28,1.17,0.9512,104,1.15,0.9349,57,1.16,0.943,10,1.16,0.943,5085,0
SPY190508P290,2019-05-07,2019-05-07 09:38:29,1.16,0.943,104,1.15,0.9349,4,1.16,0.943,10,1.155,0.939,5085,0
SPY190508P290,2019-05-07,2019-05-07 09:38:31,1.17,0.9512,335,1.15,0.9349,49,1.16,0.943,10,1.16,0.943,5085,0
SPY190508P290,2019-05-07,2019-05-07 09:38:33,1.16,0.943,223,1.13,0.9186,74,1.15,0.9349,4,1.145,0.9308,5089,4
SPY190508P290,2019-05-07,2019-05-07 09:38:34,1.15,0.9349,313,1.13,0.9186,74,1.15,0.9349,4,1.14,0.9268,5089,0
SPY190508P290,2019-05-07,2019-05-07 09:38:36,1.15,0.9349,412,1.13,0.9186,70,1.15,0.9349,4,1.14,0.9268,5089,0
SPY190508P290,2019-05-07,2019-05-07 09:38:37,1.15,0.9349,412,1.13,0.9186,70,1.13,0.9186,5,1.14,0.9268,5099,10
SPY190508P290,2019-05-07,2019-05-07 09:38:39,1.14,0.9268,67,1.12,0.9105,6,1.13,0.9186,5,1.13,0.9186,5099,0
SPY190508P290,2019-05-07,2019-05-07 09:38:40,1.13,0.9186,238,1.1,0.8943,105,1.13,0.9186,5,1.115,0.9065,5099,0
SPY190508P290,2019-05-07,2019-05-07 09:38:41,1.12,0.9105,130,1.1,0.8943,50,1.11,0.9024,10,1.11,0.9024,5128,29
SPY190508P290,2019-05-07,2019-05-07 09:38:43,1.11,0.9024,40,1.09,0.8861,67,1.1,0.8943,6,1.1,0.8943,5134,6
SPY190508P290,2019-05-07,2019-05-07 09:38:44,1.1,0.8943,71,1.07,0.8699,335,1.1,0.8943,6,1.085,0.8821,5134,0
SPY190508P290,2019-05-07,2019-05-07 09:38:46,1.1,0.8943,285,1.08,0.878,50,1.08,0.878,5,1.09,0.8861,5139,5
SPY190508P290,2019-05-07,2019-05-07 09:38:47,1.11,0.9024,90,1.08,0.878,381,1.08,0.878,5,1.095,0.8902,5139,0
SPY190508P290,2019-05-07,2019-05-07 09:38:49,1.11,0.9024,90,1.08,0.878,381,1.08,0.878,5,1.095,0.8902,5139,0
SPY190508P290,2019-05-07,2019-05-07 09:38:50,1.11,0.9024,43,1.08,0.878,427,1.08,0.878,5,1.095,0.8902,5139,0
SPY190508P290,2019-05-07,2019-05-07 09:38:51,1.11,0.9024,8,1.09,0.8861,107,1.08,0.878,5,1.1,0.8943,5139,0
SPY190508P290,2019-05-07,2019-05-07 09:38:53,1.11,0.9024,40,1.1,0.8943,22,1.08,0.878,5,1.105,0.8983,5139,0
SPY190508P290,2019-05-07,2019-05-07 09:38:54,1.11,0.9024,8,1.1,0.8943,37,1.08,0.878,5,1.105,0.8983,5139,0
SPY190508P290,2019-05-07,2019-05-07 09:38:56,1.11,0.9024,8,1.1,0.8943,115,1.08,0.878,5,1.105,0.8983,5139,0
SPY190508P290,2019-05-07,2019-05-07 09:38:57,1.13,0.9186,25,1.11,0.9024,22,1.11,0.9024,1,1.12,0.9105,5148,9
SPY190508P290,2019-05-07,2019-05-07 09:38:59,1.13,0.9186,25,1.12,0.9105,152,1.11,0.9024,1,1.125,0.9146,5148,0
SPY190508P290,2019-05-07,2019-05-07 09:39:00,1.13,0.9186,25,1.12,0.9105,559,1.12,0.9105,8,1.125,0.9146,5156,8
SPY190508P290,2019-05-07,2019-05-07 09:39:02,1.13,0.9186,25,1.12,0.9105,26,1.13,0.9186,1,1.125,0.9146,5157,1
SPY190508P290,2019-05-07,2019-05-07 09:39:03,1.13,0.9186,65,1.11,0.9024,84,1.13,0.9186,1,1.12,0.9105,5157,0
SPY190508P290,2019-05-07,2019-05-07 09:39:04,1.13,0.9186,69,1.11,0.9024,84,1.13,0.9186,1,1.12,0.9105,5157,0
SPY190508P290,2019-05-07,2019-05-07 09:39:06,1.12,0.9105,30,1.11,0.9024,3,1.13,0.9186,1,1.115,0.9065,5159,2
SPY190508P290,2019-05-07,2019-05-07 09:39:07,1.12,0.9105,320,1.11,0.9024,3,1.12,0.9105,10,1.115,0.9065,5169,10
SPY190508P290,2019-05-07,2019-05-07 09:39:09,1.11,0.9024,70,1.1,0.8943,10,1.11,0.9024,3,1.105,0.8983,5172,3
SPY190508P290,2019-05-07,2019-05-07 09:39:10,1.1,0.8943,12,1.08,0.878,100,1.11,0.9024,3,1.09,0.8861,5172,0
SPY190508P290,2019-05-07,2019-05-07 09:39:11,1.11,0.9024,82,1.09,0.8861,66,1.09,0.8861,2,1.1,0.8943,5176,4
SPY190508P290,2019-05-07,2019-05-07 09:39:13,1.11,0.9024,83,1.09,0.8861,66,1.09,0.8861,2,1.1,0.8943,5176,0
SPY190508P290,2019-05-07,2019-05-07 09:39:14,1.1,0.8943,91,1.08,0.878,105,1.1,0.8943,1,1.09,0.8861,5177,1
SPY190508P290,2019-05-07,2019-05-07 09:39:16,1.1,0.8943,184,1.08,0.878,65,1.1,0.8943,1,1.09,0.8861,5177,0
SPY190508P290,2019-05-07,2019-05-07 09:39:17,1.1,0.8943,15,1.08,0.878,160,1.1,0.8943,1,1.09,0.8861,5177,0
SPY190508P290,2019-05-07,2019-05-07 09:39:19,1.12,0.9105,162,1.09,0.8861,151,1.1,0.8943,1,1.105,0.8983,5177,0
SPY190508P290,2019-05-07,2019-05-07 09:39:20,1.11,0.9024,23,1.1,0.8943,45,1.1,0.8943,1,1.105,0.8983,5177,0
SPY190508P290,2019-05-07,2019-05-07 09:39:22,1.12,0.9105,194,1.1,0.8943,10,1.1,0.8943,1,1.11,0.9024,5177,0
SPY190508P290,2019-05-07,2019-05-07 09:39:23,1.11,0.9024,50,1.1,0.8943,10,1.11,0.9024,60,1.105,0.8983,5238,61
SPY190508P290,2019-05-07,2019-05-07 09:39:25,1.11,0.9024,100,1.1,0.8943,10,1.11,0.9024,60,1.105,0.8983,5238,0
SPY190508P290,2019-05-07,2019-05-07 09:39:26,1.11,0.9024,532,1.1,0.8943,2,1.11,0.9024,60,1.105,0.8983,5238,0
SPY190508P290,2019-05-07,2019-05-07 09:39:28,1.09,0.8861,99,1.07,0.8699,114,1.1,0.8943,2,1.08,0.878,5240,2
SPY190508P290,2019-05-07,2019-05-07 09:39:29,1.08,0.878,32,1.07,0.8699,74,1.1,0.8943,2,1.075,0.8739,5240,0
SPY190508P290,2019-05-07,2019-05-07 09:39:31,1.09,0.8861,101,1.07,0.8699,79,1.1,0.8943,2,1.08,0.878,5240,0
SPY190508P290,2019-05-07,2019-05-07 09:39:32,1.12,0.9105,75,1.08,0.878,28,1.08,0.878,1,1.1,0.8943,5267,27
SPY190508P290,2019-05-07,2019-05-07 09:39:34,1.09,0.8861,19,1.08,0.878,100,1.08,0.878,1,1.085,0.8821,5267,0
SPY190508P290,2019-05-07,2019-05-07 09:39:35,1.08,0.878,19,1.07,0.8699,64,1.07,0.8699,50,1.075,0.8739,5317,50
SPY190508P290,2019-05-07,2019-05-07 09:39:37,1.1,0.8943,46,1.07,0.8699,348,1.08,0.878,2,1.085,0.8821,5319,2
SPY190508P290,2019-05-07,2019-05-07 09:39:38,1.11,0.9024,74,1.08,0.878,160,1.08,0.878,2,1.095,0.8902,5319,0
SPY190508P290,2019-05-07,2019-05-07 09:39:40,1.1,0.8943,12,1.09,0.8861,1,1.09,0.8861,4,1.095,0.8902,5323,4
SPY190508P290,2019-05-07,2019-05-07 09:39:41,1.1,0.8943,35,1.08,0.878,105,1.09,0.8861,4,1.09,0.8861,5323,0
SPY190508P290,2019-05-07,2019-05-07 09:39:43,1.11,0.9024,405,1.08,0.878,63,1.09,0.8861,4,1.095,0.8902,5323,0
SPY190508P290,2019-05-07,2019-05-07 09:39:44,1.1,0.8943,170,1.07,0.8699,100,1.09,0.8861,4,1.085,0.8821,5323,0
SPY190508P290,2019-05-07,2019-05-07 09:39:46,1.1,0.8943,478,1.07,0.8699,98,1.1,0.8943,10,1.085,0.8821,5333,10
SPY190508P290,2019-05-07,2019-05-07 09:39:47,1.09,0.8861,13,1.07,0.8699,100,1.1,0.8943,10,1.08,0.878,5333,0
SPY190508P290,2019-05-07,2019-05-07 09:39:48,1.09,0.8861,29,1.08,0.878,56,1.1,0.8943,10,1.085,0.8821,5333,0
SPY190508P290,2019-05-07,2019-05-07 09:39:50,1.1,0.8943,29,1.08,0.878,103,1.1,0.8943,10,1.09,0.8861,5333,0
SPY190508P290,2019-05-07,2019-05-07 09:39:51,1.11,0.9024,50,1.09,0.8861,61,1.1,0.8943,200,1.1,0.8943,5533,200
SPY190508P290,2019-05-07,2019-05-07 09:39:53,1.11,0.9024,65,1.09,0.8861,50,1.1,0.8943,200,1.1,0.8943,5533,0
SPY190508P290,2019-05-07,2019-05-07 09:39:54,1.11,0.9024,19,1.09,0.8861,111,1.1,0.8943,200,1.1,0.8943,5533,0
SPY190508P290,2019-05-07,2019-05-07 09:39:56,1.13,0.9186,25,1.1,0.8943,14,1.1,0.8943,200,1.115,0.9065,5533,0
SPY190508P290,2019-05-07,2019-05-07 09:39:58,1.13,0.9186,90,1.11,0.9024,61,1.1,0.8943,200,1.12,0.9105,5533,0
SPY190508P290,2019-05-07,2019-05-07 09:39:59,1.13,0.9186,25,1.11,0.9024,97,1.1,0.8943,200,1.12,0.9105,5533,0
SPY190508P290,2019-05-07,2019-05-07 09:40:01,1.13,0.9186,89,1.1,0.8943,507,1.1,0.8943,200,1.115,0.9065,5533,0
SPY190508P290,2019-05-07,2019-05-07 09:40:03,1.14,0.9268,28,1.12,0.9105,132,1.1,0.8943,200,1.13,0.9186,5533,0
SPY190508P290,2019-05-07,2019-05-07 09:40:04,1.15,0.9349,20,1.12,0.9105,12,1.14,0.9268,5,1.135,0.9227,5538,5
SPY190508P290,2019-05-07,2019-05-07 09:40:05,1.15,0.9349,158,1.12,0.9105,600,1.14,0.9268,5,1.135,0.9227,5538,0
SPY190508P290,2019-05-07,2019-05-07 09:40:07,1.14,0.9268,33,1.12,0.9105,60,1.14,0.9268,5,1.13,0.9186,5538,0
SPY190508P290,2019-05-07,2019-05-07 09:40:08,1.15,0.9349,716,1.13,0.9186,67,1.13,0.9186,200,1.14,0.9268,5738,200
SPY190508P290,2019-05-07,2019-05-07 09:40:10,1.14,0.9268,36,1.13,0.9186,60,1.13,0.9186,200,1.135,0.9227,5738,0
SPY190508P290,2019-05-07,2019-05-07 09:40:11,1.15,0.9349,97,1.13,0.9186,64,1.13,0.9186,200,1.14,0.9268,5738,0
SPY190508P290,2019-05-07,2019-05-07 09:40:14,1.15,0.9349,50,1.13,0.9186,69,1.13,0.9186,200,1.14,0.9268,5738,0
SPY190508P290,2019-05-07,2019-05-07 09:40:15,1.15,0.9349,20,1.13,0.9186,149,1.13,0.9186,200,1.14,0.9268,5738,0
SPY190508P290,2019-05-07,2019-05-07 09:40:17,1.14,0.9268,20,1.12,0.9105,476,1.13,0.9186,200,1.13,0.9186,5738,0
SPY190508P290,2019-05-07,2019-05-07 09:40:18,1.14,0.9268,18,1.13,0.9186,110,1.14,0.9268,1,1.135,0.9227,5740,2
SPY190508P290,2019-05-07,2019-05-07 09:40:20,1.14,0.9268,18,1.13,0.9186,144,1.14,0.9268,1,1.135,0.9227,5740,0
SPY190508P290,2019-05-07,2019-05-07 09:40:22,1.15,0.9349,20,1.14,0.9268,97,1.14,0.9268,13,1.145,0.9308,5758,18
SPY190508P290,2019-05-07,2019-05-07 09:40:24,1.15,0.9349,20,1.14,0.9268,50,1.14,0.9268,13,1.145,0.9308,5758,0
SPY190508P290,2019-05-07,2019-05-07 09:40:25,1.15,0.9349,20,1.14,0.9268,90,1.14,0.9268,13,1.145,0.9308,5758,0
SPY190508P290,2019-05-07,2019-05-07 09:40:26,1.15,0.9349,17,1.14,0.9268,50,1.15,0.9349,3,1.145,0.9308,5761,3
SPY190508P290,2019-05-07,2019-05-07 09:40:28,1.15,0.9349,17,1.14,0.9268,144,1.15,0.9349,3,1.145,0.9308,5761,0
SPY190508P290,2019-05-07,2019-05-07 09:40:29,1.15,0.9349,7,1.14,0.9268,340,1.15,0.9349,10,1.145,0.9308,5771,10
SPY190508P290,2019-05-07,2019-05-07 09:40:31,1.15,0.9349,22,1.14,0.9268,50,1.15,0.9349,10,1.145,0.9308,5771,0
SPY190508P290,2019-05-07,2019-05-07 09:40:32,1.15,0.9349,7,1.14,0.9268,340,1.14,0.9268,4,1.145,0.9308,5789,18
SPY190508P290,2019-05-07,2019-05-07 09:40:34,1.15,0.9349,7,1.14,0.9268,387,1.14,0.9268,1,1.145,0.9308,5790,1
SPY190508P290,2019-05-07,2019-05-07 09:40:35,1.15,0.9349,7,1.14,0.9268,596,1.14,0.9268,1,1.145,0.9308,5790,0
SPY190508P290,2019-05-07,2019-05-07 09:40:37,1.16,0.943,20,1.15,0.9349,270,1.15,0.9349,5,1.155,0.939,5803,13
SPY190508P290,2019-05-07,2019-05-07 09:40:38,1.18,0.9593,20,1.16,0.943,145,1.18,0.9593,10,1.17,0.9512,5833,30
SPY190508P290,2019-05-07,2019-05-07 09:40:40,1.18,0.9593,20,1.17,0.9512,82,1.18,0.9593,10,1.175,0.9552,5833,0
SPY190508P290,2019-05-07,2019-05-07 09:40:41,1.18,0.9593,22,1.17,0.9512,82,1.18,0.9593,10,1.175,0.9552,5833,0
SPY190508P290,2019-05-07,2019-05-07 09:40:43,1.18,0.9593,36,1.17,0.9512,50,1.18,0.9593,100,1.175,0.9552,5933,100
SPY190508P290,2019-05-07,2019-05-07 09:40:45,1.18,0.9593,30,1.17,0.9512,82,1.18,0.9593,100,1.175,0.9552,5933,0
SPY190508P290,2019-05-07,2019-05-07 09:40:46,1.18,0.9593,36,1.17,0.9512,10,1.18,0.9593,100,1.175,0.9552,5933,0
SPY190508P290,2019-05-07,2019-05-07 09:40:47,1.17,0.9512,7,1.16,0.943,61,1.18,0.9593,100,1.165,0.9471,5933,0
SPY190508P290,2019-05-07,2019-05-07 09:40:49,1.18,0.9593,28,1.16,0.943,100,1.17,0.9512,1,1.17,0.9512,5934,1
SPY190508P290,2019-05-07,2019-05-07 09:40:51,1.18,0.9593,28,1.16,0.943,381,1.18,0.9593,1,1.17,0.9512,5935,1
SPY190508P290,2019-05-07,2019-05-07 09:40:52,1.18,0.9593,28,1.17,0.9512,82,1.17,0.9512,10,1.175,0.9552,5950,15
SPY190508P290,2019-05-07,2019-05-07 09:40:53,1.17,0.9512,4,1.16,0.943,75,1.17,0.9512,10,1.165,0.9471,5950,0
SPY190508P290,2019-05-07,2019-05-07 09:40:55,1.17,0.9512,1,1.16,0.943,71,1.17,0.9512,3,1.165,0.9471,6053,103
SPY190508P290,2019-05-07,2019-05-07 09:40:56,1.18,0.9593,90,1.16,0.943,71,1.17,0.9512,3,1.17,0.9512,6053,0
SPY190508P290,2019-05-07,2019-05-07 09:40:58,1.18,0.9593,28,1.16,0.943,335,1.17,0.9512,3,1.17,0.9512,6053,0
SPY190508P290,2019-05-07,2019-05-07 09:40:59,1.18,0.9593,28,1.16,0.943,602,1.17,0.9512,3,1.17,0.9512,6053,0
SPY190508P290,2019-05-07,2019-05-07 09:41:01,1.18,0.9593,28,1.17,0.9512,516,1.17,0.9512,3,1.175,0.9552,6053,0
SPY190508P290,2019-05-07,2019-05-07 09:41:02,1.18,0.9593,28,1.17,0.9512,581,1.18,0.9593,11,1.175,0.9552,6092,39
SPY190508P290,2019-05-07,2019-05-07 09:41:04,1.18,0.9593,9,1.17,0.9512,478,1.18,0.9593,19,1.175,0.9552,6111,19
SPY190508P290,2019-05-07,2019-05-07 09:41:05,1.18,0.9593,9,1.17,0.9512,478,1.18,0.9593,19,1.175,0.9552,6111,0
SPY190508P290,2019-05-07,2019-05-07 09:41:07,1.2,0.9756,20,1.19,0.9674,427,1.19,0.9674,13,1.195,0.9715,6140,29
SPY190508P290,2019-05-07,2019-05-07 09:41:08,1.2,0.9756,20,1.19,0.9674,74,1.19,0.9674,13,1.195,0.9715,6140,0
SPY190508P290,2019-05-07,2019-05-07 09:41:10,1.2,0.9756,185,1.18,0.9593,1,1.19,0.9674,13,1.19,0.9674,6140,0
SPY190508P290,2019-05-07,2019-05-07 09:41:11,1.19,0.9674,83,1.17,0.9512,74,1.19,0.9674,7,1.18,0.9593,6203,63
SPY190508P290,2019-05-07,2019-05-07 09:41:13,1.19,0.9674,83,1.17,0.9512,74,1.19,0.9674,7,1.18,0.9593,6203,0
SPY190508P290,2019-05-07,2019-05-07 09:41:14,1.19,0.9674,227,1.17,0.9512,70,1.18,0.9593,1,1.18,0.9593,6204,1
SPY190508P290,2019-05-07,2019-05-07 09:41:15,1.19,0.9674,90,1.17,0.9512,70,1.18,0.9593,1,1.18,0.9593,6204,0
SPY190508P290,2019-05-07,2019-05-07 09:41:17,1.19,0.9674,90,1.17,0.9512,71,1.18,0.9593,1,1.18,0.9593,6206,2
SPY190508P290,2019-05-07,2019-05-07 09:41:18,1.19,0.9674,50,1.17,0.9512,74,1.18,0.9593,1,1.18,0.9593,6206,0
SPY190508P290,2019-05-07,2019-05-07 09:41:20,1.2,0.9756,44,1.18,0.9593,19,1.18,0.9593,1,1.19,0.9674,6206,0
SPY190508P290,2019-05-07,2019-05-07 09:41:21,1.19,0.9674,24,1.18,0.9593,70,1.18,0.9593,1,1.185,0.9634,6206,0
SPY190508P290,2019-05-07,2019-05-07 09:41:23,1.19,0.9674,53,1.17,0.9512,99,1.18,0.9593,1,1.18,0.9593,6206,0
SPY190508P290,2019-05-07,2019-05-07 09:41:24,1.18,0.9593,70,1.16,0.943,81,1.16,0.943,1,1.17,0.9512,6207,1
SPY190508P290,2019-05-07,2019-05-07 09:41:26,1.17,0.9512,105,1.15,0.9349,1,1.16,0.943,1,1.16,0.943,6207,0
SPY190508P290,2019-05-07,2019-05-07 09:41:27,1.16,0.943,160,1.15,0.9349,1,1.16,0.943,1,1.155,0.939,6207,0
SPY190508P290,2019-05-07,2019-05-07 09:41:29,1.16,0.943,46,1.15,0.9349,7,1.16,0.943,1,1.155,0.939,6207,0
SPY190508P290,2019-05-07,2019-05-07 09:41:30,1.16,0.943,8,1.15,0.9349,28,1.16,0.943,1,1.155,0.939,6207,0
SPY190508P290,2019-05-07,2019-05-07 09:41:32,1.16,0.943,28,1.15,0.9349,20,1.16,0.943,1,1.155,0.939,6207,0
SPY190508P290,2019-05-07,2019-05-07 09:41:33,1.16,0.943,8,1.15,0.9349,82,1.16,0.943,1,1.155,0.939,6207,0
SPY190508P290,2019-05-07,2019-05-07 09:41:35,1.17,0.9512,2,1.16,0.943,46,1.16,0.943,4,1.165,0.9471,6215,8
SPY190508P290,2019-05-07,2019-05-07 09:41:36,1.19,0.9674,81,1.18,0.9593,24,1.18,0.9593,10,1.185,0.9634,6227,12
SPY190508P290,2019-05-07,2019-05-07 09:41:38,1.2,0.9756,44,1.18,0.9593,33,1.18,0.9593,10,1.19,0.9674,6227,0
SPY190508P290,2019-05-07,2019-05-07 09:41:39,1.2,0.9756,44,1.19,0.9674,90,1.18,0.9593,10,1.195,0.9715,6227,0
SPY190508P290,2019-05-07,2019-05-07 09:41:41,1.2,0.9756,110,1.19,0.9674,10,1.18,0.9593,10,1.195,0.9715,6227,0
SPY190508P290,2019-05-07,2019-05-07 09:41:42,1.2,0.9756,60,1.18,0.9593,289,1.18,0.9593,10,1.19,0.9674,6227,0
SPY190508P290,2019-05-07,2019-05-07 09:41:44,1.2,0.9756,44,1.19,0.9674,90,1.18,0.9593,10,1.195,0.9715,6227,0
SPY190508P290,2019-05-07,2019-05-07 09:41:45,1.2,0.9756,84,1.18,0.9593,23,1.18,0.9593,10,1.19,0.9674,6227,0
SPY190508P290,2019-05-07,2019-05-07 09:41:47,1.2,0.9756,14,1.18,0.9593,268,1.2,0.9756,5,1.19,0.9674,6248,21
SPY190508P290,2019-05-07,2019-05-07 09:41:48,1.22,0.9918,404,1.2,0.9756,8,1.2,0.9756,3,1.21,0.9837,6265,17
SPY190508P290,2019-05-07,2019-05-07 09:41:50,1.21,0.9837,40,1.2,0.9756,8,1.2,0.9756,3,1.205,0.9796,6265,0
SPY190508P290,2019-05-07,2019-05-07 09:41:51,1.21,0.9837,40,1.2,0.9756,8,1.2,0.9756,3,1.205,0.9796,6265,0
SPY190508P290,2019-05-07,2019-05-07 09:41:53,1.21,0.9837,36,1.2,0.9756,150,1.21,0.9837,31,1.205,0.9796,6301,36
SPY190508P290,2019-05-07,2019-05-07 09:41:54,1.22,0.9918,1,1.2,0.9756,12,1.21,0.9837,31,1.21,0.9837,6301,0
SPY190508P290,2019-05-07,2019-05-07 09:41:56,1.23,1.0,20,1.21,0.9837,15,1.22,0.9918,1,1.22,0.9918,6302,1
SPY190508P290,2019-05-07,2019-05-07 09:41:57,1.23,1.0,20,1.22,0.9918,12,1.22,0.9918,1,1.225,0.9959,6303,1
SPY190508P290,2019-05-07,2019-05-07 09:41:59,1.23,1.0,19,1.22,0.9918,120,1.23,1.0,1,1.225,0.9959,6304,1
SPY190508P290,2019-05-07,2019-05-07 09:42:00,1.23,1.0,19,1.22,0.9918,263,1.23,1.0,1,1.225,0.9959,6304,0
SPY190508P290,2019-05-07,2019-05-07 09:42:02,1.23,1.0,29,1.22,0.9918,1,1.22,0.9918,1,1.225,0.9959,6305,1
SPY190508P290,2019-05-07,2019-05-07 09:42:03,1.21,0.9837,15,1.2,0.9756,56,1.22,0.9918,2,1.205,0.9796,6310,5
SPY190508P290,2019-05-07,2019-05-07 09:42:04,1.23,1.0,29,1.21,0.9837,160,1.22,0.9918,2,1.22,0.9918,6310,0
SPY190508P290,2019-05-07,2019-05-07 09:42:06,1.23,1.0,111,1.21,0.9837,335,1.23,1.0,5,1.22,0.9918,6315,5
SPY190508P290,2019-05-07,2019-05-07 09:42:07,1.22,0.9918,15,1.21,0.9837,335,1.23,1.0,5,1.215,0.9878,6315,0
SPY190508P290,2019-05-07,2019-05-07 09:42:09,1.23,1.0,37,1.22,0.9918,1,1.23,1.0,5,1.225,0.9959,6315,0
SPY190508P290,2019-05-07,2019-05-07 09:42:10,1.23,1.0,19,1.22,0.9918,52,1.23,1.0,5,1.225,0.9959,6315,0
SPY190508P290,2019-05-07,2019-05-07 09:42:11,1.23,1.0,19,1.22,0.9918,162,1.23,1.0,12,1.225,0.9959,6327,12
SPY190508P290,2019-05-07,2019-05-07 09:42:13,1.23,1.0,7,1.22,0.9918,429,1.23,1.0,12,1.225,0.9959,6327,0
SPY190508P290,2019-05-07,2019-05-07 09:42:14,1.25,1.0162,22,1.23,1.0,335,1.23,1.0,7,1.24,1.0081,6334,7
SPY190508P290,2019-05-07,2019-05-07 09:42:16,1.25,1.0162,21,1.24,1.0081,474,1.25,1.0162,1,1.245,1.0121,6335,1
SPY190508P290,2019-05-07,2019-05-07 09:42:17,1.25,1.0162,19,1.24,1.0081,474,1.25,1.0162,2,1.245,1.0121,6339,4
SPY190508P290,2019-05-07,2019-05-07 09:42:19,1.25,1.0162,19,1.24,1.0081,356,1.24,1.0081,5,1.245,1.0121,6344,5
SPY190508P290,2019-05-07,2019-05-07 09:42:20,1.24,1.0081,8,1.23,1.0,1,1.24,1.0081,5,1.235,1.004,6344,0
SPY190508P290,2019-05-07,2019-05-07 09:42:22,1.25,1.0162,19,1.23,1.0,100,1.24,1.0081,5,1.24,1.0081,6344,0
SPY190508P290,2019-05-07,2019-05-07 09:42:23,1.25,1.0162,13,1.24,1.0081,90,1.25,1.0162,6,1.245,1.0121,6350,6
SPY190508P290,2019-05-07,2019-05-07 09:42:25,1.25,1.0162,22,1.24,1.0081,50,1.25,1.0162,1,1.245,1.0121,6351,1
SPY190508P290,2019-05-07,2019-05-07 09:42:26,1.25,1.0162,12,1.24,1.0081,100,1.25,1.0162,1,1.245,1.0121,6351,0
SPY190508P290,2019-05-07,2019-05-07 09:42:28,1.25,1.0162,6,1.24,1.0081,93,1.25,1.0162,6,1.245,1.0121,6357,6
SPY190508P290,2019-05-07,2019-05-07 09:42:29,1.25,1.0162,24,1.24,1.0081,29,1.25,1.0162,6,1.245,1.0121,6357,0
SPY190508P290,2019-05-07,2019-05-07 09:42:30,1.25,1.0162,24,1.24,1.0081,159,1.24,1.0081,6,1.245,1.0121,6387,30
SPY190508P290,2019-05-07,2019-05-07 09:42:32,1.25,1.0162,6,1.24,1.0081,339,1.24,1.0081,2,1.245,1.0121,6389,2
SPY190508P290,2019-05-07,2019-05-07 09:42:33,1.25,1.0162,9,1.24,1.0081,46,1.24,1.0081,10,1.245,1.0121,6399,10
SPY190508P290,2019-05-07,2019-05-07 09:42:35,1.25,1.0162,61,1.23,1.0,50,1.24,1.0081,10,1.24,1.0081,6399,0
SPY190508P290,2019-05-07,2019-05-07 09:42:36,1.25,1.0162,61,1.23,1.0,90,1.24,1.0081,10,1.24,1.0081,6399,0
SPY190508P290,2019-05-07,2019-05-07 09:42:37,1.25,1.0162,27,1.23,1.0,381,1.24,1.0081,10,1.24,1.0081,6399,0
SPY190508P290,2019-05-07,2019-05-07 09:42:39,1.25,1.0162,12,1.24,1.0081,145,1.25,1.0162,50,1.245,1.0121,6449,50
SPY190508P290,2019-05-07,2019-05-07 09:42:40,1.25,1.0162,6,1.24,1.0081,402,1.24,1.0081,39,1.245,1.0121,6488,39
SPY190508P290,2019-05-07,2019-05-07 09:42:42,1.25,1.0162,6,1.24,1.0081,402,1.24,1.0081,39,1.245,1.0121,6488,0
SPY190508P290,2019-05-07,2019-05-07 09:42:43,1.27,1.0325,27,1.24,1.0081,381,1.25,1.0162,1,1.255,1.0203,6497,9
SPY190508P290,2019-05-07,2019-05-07 09:42:45,1.26,1.0243,50,1.25,1.0162,29,1.25,1.0162,1,1.255,1.0203,6497,0
SPY190508P290,2019-05-07,2019-05-07 09:42:46,1.26,1.0243,77,1.25,1.0162,1,1.25,1.0162,1,1.255,1.0203,6497,0
SPY190508P290,2019-05-07,2019-05-07 09:42:47,1.26,1.0243,292,1.25,1.0162,1,1.25,1.0162,1,1.255,1.0203,6497,0
SPY190508P290,2019-05-07,2019-05-07 09:42:49,1.26,1.0243,45,1.25,1.0162,1,1.25,1.0162,1,1.255,1.0203,6497,0
SPY190508P290,2019-05-07,2019-05-07 09:42:50,1.25,1.0162,15,1.24,1.0081,50,1.25,1.0162,1,1.245,1.0121,6498,1
SPY190508P290,2019-05-07,2019-05-07 09:42:52,1.23,1.0,15,1.22,0.9918,100,1.24,1.0081,11,1.225,0.9959,6509,11
SPY190508P290,2019-05-07,2019-05-07 09:42:53,1.23,1.0,15,1.22,0.9918,100,1.24,1.0081,11,1.225,0.9959,6509,0
SPY190508P290,2019-05-07,2019-05-07 09:42:55,1.24,1.0081,74,1.22,0.9918,100,1.24,1.0081,11,1.23,1.0,6509,0
SPY190508P290,2019-05-07,2019-05-07 09:42:56,1.22,0.9918,3,1.21,0.9837,81,1.24,1.0081,11,1.215,0.9878,6509,0
SPY190508P290,2019-05-07,2019-05-07 09:42:58,1.21,0.9837,69,1.19,0.9674,81,1.24,1.0081,11,1.2,0.9756,6509,0
SPY190508P290,2019-05-07,2019-05-07 09:42:59,1.21,0.9837,105,1.19,0.9674,50,1.24,1.0081,11,1.2,0.9756,6509,0
SPY190508P290,2019-05-07,2019-05-07 09:43:00,1.21,0.9837,112,1.19,0.9674,81,1.24,1.0081,11,1.2,0.9756,6509,0
SPY190508P290,2019-05-07,2019-05-07 09:43:02,1.21,0.9837,225,1.19,0.9674,63,1.24,1.0081,11,1.2,0.9756,6509,0
SPY190508P290,2019-05-07,2019-05-07 09:43:03,1.2,0.9756,17,1.19,0.9674,63,1.24,1.0081,11,1.195,0.9715,6509,0
SPY190508P290,2019-05-07,2019-05-07 09:43:05,1.22,0.9918,251,1.18,0.9593,144,1.24,1.0081,11,1.2,0.9756,6509,0
SPY190508P290,2019-05-07,2019-05-07 09:43:06,1.2,0.9756,4,1.19,0.9674,100,1.24,1.0081,11,1.195,0.9715,6509,0
SPY190508P290,2019-05-07,2019-05-07 09:43:08,1.2,0.9756,4,1.19,0.9674,119,1.24,1.0081,11,1.195,0.9715,6509,0
SPY190508P290,2019-05-07,2019-05-07 09:43:09,1.2,0.9756,1,1.19,0.9674,119,1.2,0.9756,1,1.195,0.9715,6513,4
SPY190508P290,2019-05-07,2019-05-07 09:43:10,1.2,0.9756,1,1.19,0.9674,100,1.2,0.9756,1,1.195,0.9715,6513,0
SPY190508P290,2019-05-07,2019-05-07 09:43:12,1.2,0.9756,1,1.19,0.9674,100,1.2,0.9756,1,1.195,0.9715,6513,0
SPY190508P290,2019-05-07,2019-05-07 09:43:13,1.2,0.9756,21,1.19,0.9674,105,1.2,0.9756,1,1.195,0.9715,6513,0
SPY190508P290,2019-05-07,2019-05-07 09:43:15,1.2,0.9756,21,1.19,0.9674,50,1.2,0.9756,1,1.195,0.9715,6513,0
SPY190508P290,2019-05-07,2019-05-07 09:43:16,1.2,0.9756,20,1.19,0.9674,50,1.2,0.9756,1,1.195,0.9715,6513,0
SPY190508P290,2019-05-07,2019-05-07 09:43:17,1.2,0.9756,20,1.19,0.9674,50,1.2,0.9756,1,1.195,0.9715,6513,0
SPY190508P290,2019-05-07,2019-05-07 09:43:19,1.2,0.9756,20,1.19,0.9674,69,1.2,0.9756,1,1.195,0.9715,6513,0
SPY190508P290,2019-05-07,2019-05-07 09:43:20,1.23,1.0,194,1.2,0.9756,64,1.2,0.9756,1,1.215,0.9878,6514,1
SPY190508P290,2019-05-07,2019-05-07 09:43:22,1.22,0.9918,160,1.2,0.9756,60,1.2,0.9756,1,1.21,0.9837,6514,0
SPY190508P290,2019-05-07,2019-05-07 09:43:23,1.23,1.0,225,1.21,0.9837,26,1.2,0.9756,1,1.22,0.9918,6514,0
SPY190508P290,2019-05-07,2019-05-07 09:43:25,1.23,1.0,80,1.21,0.9837,160,1.2,0.9756,1,1.22,0.9918,6514,0
SPY190508P290,2019-05-07,2019-05-07 09:43:26,1.23,1.0,3,1.22,0.9918,36,1.2,0.9756,1,1.225,0.9959,6514,0
SPY190508P290,2019-05-07,2019-05-07 09:43:28,1.23,1.0,3,1.22,0.9918,95,1.2,0.9756,1,1.225,0.9959,6514,0
SPY190508P290,2019-05-07,2019-05-07 09:43:29,1.23,1.0,3,1.22,0.9918,285,1.2,0.9756,1,1.225,0.9959,6514,0
SPY190508P290,2019-05-07,2019-05-07 09:43:30,1.23,1.0,3,1.22,0.9918,330,1.2,0.9756,1,1.225,0.9959,6514,0
SPY190508P290,2019-05-07,2019-05-07 09:43:32,1.23,1.0,3,1.22,0.9918,545,1.2,0.9756,1,1.225,0.9959,6514,0
SPY190508P290,2019-05-07,2019-05-07 09:43:33,1.25,1.0162,122,1.23,1.0,122,1.23,1.0,3,1.24,1.0081,6517,3
SPY190508P290,2019-05-07,2019-05-07 09:43:35,1.25,1.0162,122,1.23,1.0,122,1.23,1.0,3,1.24,1.0081,6517,0
SPY190508P290,2019-05-07,2019-05-07 09:43:36,1.25,1.0162,82,1.23,1.0,102,1.23,1.0,3,1.24,1.0081,6517,0
SPY190508P290,2019-05-07,2019-05-07 09:43:37,1.25,1.0162,20,1.24,1.0081,102,1.25,1.0162,16,1.245,1.0121,6523,6
SPY190508P290,2019-05-07,2019-05-07 09:43:39,1.3,1.0569,6,1.24,1.0081,570,1.25,1.0162,10,1.27,1.0325,6575,52
SPY190508P290,2019-05-07,2019-05-07 09:43:40,1.3,1.0569,6,1.2,0.9756,48,1.25,1.0162,10,1.25,1.0162,6575,0
SPY190508P290,2019-05-07,2019-05-07 09:43:42,1.26,1.0243,28,1.24,1.0081,100,1.25,1.0162,2,1.25,1.0162,6577,2
SPY190508P290,2019-05-07,2019-05-07 09:43:43,1.26,1.0243,28,1.24,1.0081,104,1.25,1.0162,2,1.25,1.0162,6577,0
SPY190508P290,2019-05-07,2019-05-07 09:43:44,1.28,1.0406,160,1.25,1.0162,80,1.25,1.0162,2,1.265,1.0284,6577,0
SPY190508P290,2019-05-07,2019-05-07 09:43:46,1.29,1.0487,146,1.27,1.0325,82,1.25,1.0162,2,1.28,1.0406,6577,0
SPY190508P290,2019-05-07,2019-05-07 09:43:47,1.3,1.0569,284,1.27,1.0325,100,1.3,1.0569,1,1.285,1.0447,6578,1
SPY190508P290,2019-05-07,2019-05-07 09:43:49,1.29,1.0487,120,1.27,1.0325,2,1.3,1.0569,1,1.28,1.0406,6578,0
SPY190508P290,2019-05-07,2019-05-07 09:43:50,1.28,1.0406,38,1.27,1.0325,1,1.26,1.0243,2,1.275,1.0365,6582,4
SPY190508P290,2019-05-07,2019-05-07 09:43:51,1.28,1.0406,6,1.25,1.0162,34,1.28,1.0406,4,1.265,1.0284,6586,4
SPY190508P290,2019-05-07,2019-05-07 09:43:53,1.27,1.0325,14,1.25,1.0162,109,1.28,1.0406,4,1.26,1.0243,6586,0
SPY190508P290,2019-05-07,2019-05-07 09:43:54,1.26,1.0243,38,1.25,1.0162,10,1.28,1.0406,4,1.255,1.0203,6586,0
SPY190508P290,2019-05-07,2019-05-07 09:43:56,1.27,1.0325,77,1.25,1.0162,10,1.25,1.0162,20,1.26,1.0243,6616,30
SPY190508P290,2019-05-07,2019-05-07 09:43:57,1.26,1.0243,189,1.21,0.9837,40,1.25,1.0162,30,1.235,1.004,6661,45
SPY190508P290,2019-05-07,2019-05-07 09:43:59,1.25,1.0162,27,1.24,1.0081,90,1.25,1.0162,30,1.245,1.0121,6661,0
SPY190508P290,2019-05-07,2019-05-07 09:44:00,1.26,1.0243,14,1.24,1.0081,160,1.25,1.0162,30,1.25,1.0162,6661,0
SPY190508P290,2019-05-07,2019-05-07 09:44:02,1.29,1.0487,410,1.26,1.0243,96,1.25,1.0162,30,1.275,1.0365,6661,0
SPY190508P290,2019-05-07,2019-05-07 09:44:03,1.29,1.0487,32,1.27,1.0325,105,1.29,1.0487,1,1.28,1.0406,6662,1
SPY190508P290,2019-05-07,2019-05-07 09:44:04,1.3,1.0569,6,1.28,1.0406,100,1.27,1.0325,4,1.29,1.0487,6666,4
SPY190508P290,2019-05-07,2019-05-07 09:44:06,1.29,1.0487,34,1.28,1.0406,50,1.27,1.0325,4,1.285,1.0447,6666,0
SPY190508P290,2019-05-07,2019-05-07 09:44:07,1.3,1.0569,13,1.28,1.0406,100,1.29,1.0487,3,1.29,1.0487,6671,5
SPY190508P290,2019-05-07,2019-05-07 09:44:09,1.3,1.0569,63,1.27,1.0325,50,1.29,1.0487,3,1.285,1.0447,6671,0
SPY190508P290,2019-05-07,2019-05-07 09:44:10,1.28,1.0406,19,1.27,1.0325,53,1.27,1.0325,2,1.275,1.0365,6673,2
SPY190508P290,2019-05-07,2019-05-07 09:44:11,1.28,1.0406,20,1.27,1.0325,37,1.27,1.0325,2,1.275,1.0365,6673,0
SPY190508P290,2019-05-07,2019-05-07 09:44:13,1.3,1.0569,27,1.28,1.0406,120,1.29,1.0487,5,1.29,1.0487,6679,6
SPY190508P290,2019-05-07,2019-05-07 09:44:14,1.3,1.0569,6,1.28,1.0406,332,1.29,1.0487,5,1.29,1.0487,6679,0
SPY190508P290,2019-05-07,2019-05-07 09:44:15,1.3,1.0569,90,1.27,1.0325,99,1.29,1.0487,5,1.285,1.0447,6679,0
SPY190508P290,2019-05-07,2019-05-07 09:44:17,1.3,1.0569,6,1.28,1.0406,105,1.29,1.0487,5,1.29,1.0487,6679,0
SPY190508P290,2019-05-07,2019-05-07 09:44:18,1.3,1.0569,6,1.28,1.0406,99,1.29,1.0487,5,1.29,1.0487,6679,0
SPY190508P290,2019-05-07,2019-05-07 09:44:20,1.29,1.0487,32,1.27,1.0325,95,1.28,1.0406,1,1.28,1.0406,6681,2
SPY190508P290,2019-05-07,2019-05-07 09:44:21,1.29,1.0487,32,1.27,1.0325,71,1.29,1.0487,2,1.28,1.0406,6686,5
SPY190508P290,2019-05-07,2019-05-07 09:44:23,1.29,1.0487,58,1.27,1.0325,99,1.29,1.0487,2,1.28,1.0406,6686,0
SPY190508P290,2019-05-07,2019-05-07 09:44:24,1.29,1.0487,58,1.27,1.0325,71,1.29,1.0487,2,1.28,1.0406,6686,0
SPY190508P290,2019-05-07,2019-05-07 09:44:25,1.27,1.0325,1,1.26,1.0243,397,1.27,1.0325,6,1.265,1.0284,6726,40
SPY190508P290,2019-05-07,2019-05-07 09:44:27,1.29,1.0487,59,1.27,1.0325,40,1.27,1.0325,1,1.28,1.0406,6737,11
SPY190508P290,2019-05-07,2019-05-07 09:44:28,1.29,1.0487,59,1.27,1.0325,26,1.27,1.0325,1,1.28,1.0406,6737,0
SPY190508P290,2019-05-07,2019-05-07 09:44:30,1.29,1.0487,72,1.27,1.0325,75,1.27,1.0325,1,1.28,1.0406,6737,0
SPY190508P290,2019-05-07,2019-05-07 09:44:31,1.29,1.0487,74,1.27,1.0325,75,1.29,1.0487,1,1.28,1.0406,6738,1
SPY190508P290,2019-05-07,2019-05-07 09:44:33,1.3,1.0569,90,1.28,1.0406,111,1.3,1.0569,4,1.29,1.0487,6748,10
SPY190508P290,2019-05-07,2019-05-07 09:44:34,1.31,1.065,17,1.29,1.0487,106,1.3,1.0569,4,1.3,1.0569,6748,0
SPY190508P290,2019-05-07,2019-05-07 09:44:35,1.31,1.065,22,1.3,1.0569,1,1.3,1.0569,2,1.305,1.0609,6750,2
SPY190508P290,2019-05-07,2019-05-07 09:44:37,1.31,1.065,22,1.29,1.0487,261,1.3,1.0569,10,1.3,1.0569,6760,10
SPY190508P290,2019-05-07,2019-05-07 09:44:38,1.3,1.0569,160,1.29,1.0487,10,1.31,1.065,3,1.295,1.0528,6763,3
SPY190508P290,2019-05-07,2019-05-07 09:44:39,1.31,1.065,24,1.29,1.0487,160,1.31,1.065,3,1.3,1.0569,6763,0
SPY190508P290,2019-05-07,2019-05-07 09:44:41,1.32,1.0731,117,1.29,1.0487,330,1.31,1.065,3,1.305,1.0609,6763,0
SPY190508P290,2019-05-07,2019-05-07 09:44:42,1.32,1.0731,26,1.3,1.0569,285,1.3,1.0569,3,1.31,1.065,6766,3
SPY190508P290,2019-05-07,2019-05-07 09:44:44,1.31,1.065,26,1.29,1.0487,256,1.31,1.065,10,1.3,1.0569,6776,10
SPY190508P290,2019-05-07,2019-05-07 09:44:45,1.31,1.065,26,1.29,1.0487,148,1.31,1.065,1,1.3,1.0569,6777,1
SPY190508P290,2019-05-07,2019-05-07 09:44:47,1.31,1.065,285,1.3,1.0569,10,1.3,1.0569,10,1.305,1.0609,6787,10
SPY190508P290,2019-05-07,2019-05-07 09:44:48,1.3,1.0569,281,1.28,1.0406,1,1.29,1.0487,6,1.29,1.0487,6798,11
SPY190508P290,2019-05-07,2019-05-07 09:44:49,1.26,1.0243,103,1.23,1.0,80,1.28,1.0406,1,1.245,1.0121,6799,1
SPY190508P290,2019-05-07,2019-05-07 09:44:51,1.25,1.0162,23,1.23,1.0,296,1.28,1.0406,1,1.24,1.0081,6799,0
SPY190508P290,2019-05-07,2019-05-07 09:44:52,1.25,1.0162,23,1.24,1.0081,17,1.28,1.0406,1,1.245,1.0121,6799,0
SPY190508P290,2019-05-07,2019-05-07 09:44:54,1.3,1.0569,70,1.28,1.0406,20,1.28,1.0406,1,1.29,1.0487,6799,0
SPY190508P290,2019-05-07,2019-05-07 09:44:55,1.3,1.0569,20,1.27,1.0325,86,1.28,1.0406,1,1.285,1.0447,6799,0
SPY190508P290,2019-05-07,2019-05-07 09:44:57,1.3,1.0569,149,1.27,1.0325,9,1.28,1.0406,1,1.285,1.0447,6799,0
SPY190508P290,2019-05-07,2019-05-07 09:44:58,1.29,1.0487,20,1.28,1.0406,2,1.27,1.0325,1,1.285,1.0447,6800,1
SPY190508P290,2019-05-07,2019-05-07 09:45:00,1.29,1.0487,3,1.28,1.0406,2,1.28,1.0406,12,1.285,1.0447,6840,40
SPY190508P290,2019-05-07,2019-05-07 09:45:01,1.3,1.0569,100,1.28,1.0406,17,1.28,1.0406,12,1.29,1.0487,6840,0
SPY190508P290,2019-05-07,2019-05-07 09:45:03,1.29,1.0487,27,1.28,1.0406,2,1.28,1.0406,12,1.285,1.0447,6840,0
SPY190508P290,2019-05-07,2019-05-07 09:45:04,1.26,1.0243,68,1.23,1.0,231,1.28,1.0406,1,1.245,1.0121,6842,2
SPY190508P290,2019-05-07,2019-05-07 09:45:06,1.27,1.0325,305,1.24,1.0081,294,1.28,1.0406,1,1.255,1.0203,6842,0
SPY190508P290,2019-05-07,2019-05-07 09:45:07,1.25,1.0162,33,1.23,1.0,175,1.28,1.0406,1,1.24,1.0081,6843,1
SPY190508P290,2019-05-07,2019-05-07 09:45:09,1.24,1.0081,7,1.22,0.9918,387,1.23,1.0,1,1.23,1.0,6843,0
SPY190508P290,2019-05-07,2019-05-07 09:45:10,1.24,1.0081,7,1.22,0.9918,285,1.23,1.0,1,1.23,1.0,6843,0
SPY190508P290,2019-05-07,2019-05-07 09:45:12,1.23,1.0,11,1.21,0.9837,106,1.23,1.0,1,1.22,0.9918,6843,0
SPY190508P290,2019-05-07,2019-05-07 09:45:13,1.21,0.9837,22,1.19,0.9674,375,1.23,1.0,1,1.2,0.9756,6843,0
SPY190508P290,2019-05-07,2019-05-07 09:45:15,1.21,0.9837,77,1.2,0.9756,5,1.21,0.9837,1,1.205,0.9796,6844,1
SPY190508P290,2019-05-07,2019-05-07 09:45:16,1.21,0.9837,14,1.2,0.9756,1,1.2,0.9756,4,1.205,0.9796,6848,4
SPY190508P290,2019-05-07,2019-05-07 09:45:17,1.22,0.9918,74,1.2,0.9756,90,1.2,0.9756,4,1.21,0.9837,6848,0
SPY190508P290,2019-05-07,2019-05-07 09:45:19,1.21,0.9837,27,1.2,0.9756,1,1.2,0.9756,4,1.205,0.9796,6848,0
SPY190508P290,2019-05-07,2019-05-07 09:45:20,1.21,0.9837,17,1.2,0.9756,1,1.2,0.9756,4,1.205,0.9796,6848,0
SPY190508P290,2019-05-07,2019-05-07 09:45:22,1.22,0.9918,2,1.21,0.9837,72,1.2,0.9756,4,1.215,0.9878,6848,0
SPY190508P290,2019-05-07,2019-05-07 09:45:24,1.23,1.0,75,1.22,0.9918,1,1.23,1.0,1,1.225,0.9959,6883,35
SPY190508P290,2019-05-07,2019-05-07 09:45:25,1.22,0.9918,371,1.21,0.9837,203,1.22,0.9918,1,1.215,0.9878,6884,1
SPY190508P290,2019-05-07,2019-05-07 09:45:26,1.22,0.9918,50,1.21,0.9837,203,1.22,0.9918,1,1.215,0.9878,6884,0
SPY190508P290,2019-05-07,2019-05-07 09:45:28,1.22,0.9918,170,1.2,0.9756,1,1.21,0.9837,194,1.21,0.9837,7087,203
SPY190508P290,2019-05-07,2019-05-07 09:45:29,1.22,0.9918,90,1.2,0.9756,1,1.21,0.9837,194,1.21,0.9837,7087,0
SPY190508P290,2019-05-07,2019-05-07 09:45:31,1.22,0.9918,50,1.2,0.9756,1,1.21,0.9837,194,1.21,0.9837,7087,0
SPY190508P290,2019-05-07,2019-05-07 09:45:32,1.22,0.9918,50,1.2,0.9756,40,1.21,0.9837,194,1.21,0.9837,7087,0
SPY190508P290,2019-05-07,2019-05-07 09:45:33,1.21,0.9837,26,1.2,0.9756,40,1.21,0.9837,194,1.205,0.9796,7087,0
SPY190508P290,2019-05-07,2019-05-07 09:45:35,1.22,0.9918,76,1.2,0.9756,55,1.21,0.9837,194,1.21,0.9837,7087,0
SPY190508P290,2019-05-07,2019-05-07 09:45:36,1.21,0.9837,32,1.2,0.9756,40,1.21,0.9837,194,1.205,0.9796,7087,0
SPY190508P290,2019-05-07,2019-05-07 09:45:38,1.21,0.9837,141,1.2,0.9756,1,1.21,0.9837,194,1.205,0.9796,7087,0
SPY190508P290,2019-05-07,2019-05-07 09:45:39,1.2,0.9756,17,1.18,0.9593,377,1.18,0.9593,1,1.19,0.9674,7089,2
SPY190508P290,2019-05-07,2019-05-07 09:45:41,1.18,0.9593,20,1.16,0.943,198,1.19,0.9674,1,1.17,0.9512,7090,1
SPY190508P290,2019-05-07,2019-05-07 09:45:42,1.18,0.9593,77,1.16,0.943,52,1.19,0.9674,1,1.17,0.9512,7090,0
SPY190508P290,2019-05-07,2019-05-07 09:45:43,1.18,0.9593,11,1.16,0.943,98,1.19,0.9674,1,1.17,0.9512,7090,0
SPY190508P290,2019-05-07,2019-05-07 09:45:45,1.2,0.9756,27,1.18,0.9593,111,1.19,0.9674,1,1.19,0.9674,7090,0
SPY190508P290,2019-05-07,2019-05-07 09:45:46,1.21,0.9837,77,1.19,0.9674,469,1.19,0.9674,1,1.2,0.9756,7090,0
SPY190508P290,2019-05-07,2019-05-07 09:45:47,1.21,0.9837,32,1.19,0.9674,469,1.19,0.9674,50,1.2,0.9756,7140,50
SPY190508P290,2019-05-07,2019-05-07 09:45:49,1.21,0.9837,30,1.2,0.9756,40,1.19,0.9674,50,1.205,0.9796,7140,0
SPY190508P290,2019-05-07,2019-05-07 09:45:50,1.21,0.9837,30,1.2,0.9756,35,1.2,0.9756,8,1.205,0.9796,7153,13
SPY190508P290,2019-05-07,2019-05-07 09:45:52,1.21,0.9837,30,1.2,0.9756,26,1.2,0.9756,8,1.205,0.9796,7153,0
SPY190508P290,2019-05-07,2019-05-07 09:45:53,1.21,0.9837,30,1.2,0.9756,524,1.2,0.9756,8,1.205,0.9796,7153,0
SPY190508P290,2019-05-07,2019-05-07 09:45:55,1.21,0.9837,30,1.2,0.9756,633,1.2,0.9756,4,1.205,0.9796,7157,4
SPY190508P290,2019-05-07,2019-05-07 09:45:56,1.23,1.0,43,1.21,0.9837,29,1.21,0.9837,1,1.22,0.9918,7187,30
SPY190508P290,2019-05-07,2019-05-07 09:45:58,1.24,1.0081,92,1.22,0.9918,49,1.21,0.9837,1,1.23,1.0,7187,0
SPY190508P290,2019-05-07,2019-05-07 09:46:00,1.23,1.0,18,1.21,0.9837,113,1.21,0.9837,1,1.22,0.9918,7187,0
SPY190508P290,2019-05-07,2019-05-07 09:46:01,1.23,1.0,21,1.21,0.9837,320,1.21,0.9837,1,1.22,0.9918,7187,0
SPY190508P290,2019-05-07,2019-05-07 09:46:03,1.24,1.0081,132,1.22,0.9918,26,1.23,1.0,1,1.23,1.0,7188,1
SPY190508P290,2019-05-07,2019-05-07 09:46:04,1.25,1.0162,375,1.22,0.9918,109,1.23,1.0,1,1.235,1.004,7188,0
SPY190508P290,2019-05-07,2019-05-07 09:46:06,1.24,1.0081,65,1.22,0.9918,100,1.23,1.0,1,1.23,1.0,7188,0
SPY190508P290,2019-05-07,2019-05-07 09:46:07,1.24,1.0081,77,1.22,0.9918,99,1.23,1.0,1,1.23,1.0,7188,0
SPY190508P290,2019-05-07,2019-05-07 09:46:08,1.24,1.0081,69,1.22,0.9918,99,1.23,1.0,1,1.23,1.0,7188,0
SPY190508P290,2019-05-07,2019-05-07 09:46:10,1.25,1.0162,19,1.22,0.9918,420,1.23,1.0,1,1.235,1.004,7188,0
SPY190508P290,2019-05-07,2019-05-07 09:46:12,1.25,1.0162,122,1.23,1.0,46,1.23,1.0,1,1.24,1.0081,7188,0
SPY190508P290,2019-05-07,2019-05-07 09:46:13,1.25,1.0162,17,1.23,1.0,182,1.23,1.0,1,1.24,1.0081,7188,0
SPY190508P290,2019-05-07,2019-05-07 09:46:14,1.26,1.0243,4,1.25,1.0162,6,1.25,1.0162,1,1.255,1.0203,7190,2
SPY190508P290,2019-05-07,2019-05-07 09:46:16,1.26,1.0243,50,1.25,1.0162,29,1.25,1.0162,1,1.255,1.0203,7190,0
SPY190508P290,2019-05-07,2019-05-07 09:46:17,1.26,1.0243,3,1.25,1.0162,69,1.25,1.0162,1,1.255,1.0203,7190,0
SPY190508P290,2019-05-07,2019-05-07 09:46:19,1.27,1.0325,105,1.26,1.0243,1,1.25,1.0162,2,1.265,1.0284,7195,5
SPY190508P290,2019-05-07,2019-05-07 09:46:20,1.27,1.0325,216,1.24,1.0081,6,1.26,1.0243,1,1.255,1.0203,7198,3
SPY190508P290,2019-05-07,2019-05-07 09:46:21,1.26,1.0243,107,1.23,1.0,215,1.26,1.0243,1,1.245,1.0121,7198,0
SPY190508P290,2019-05-07,2019-05-07 09:46:23,1.25,1.0162,20,1.24,1.0081,69,1.26,1.0243,1,1.245,1.0121,7198,0
SPY190508P290,2019-05-07,2019-05-07 09:46:24,1.23,1.0,20,1.22,0.9918,99,1.26,1.0243,1,1.225,0.9959,7198,0
SPY190508P290,2019-05-07,2019-05-07 09:46:26,1.24,1.0081,23,1.23,1.0,1,1.24,1.0081,1,1.235,1.004,7214,16
SPY190508P290,2019-05-07,2019-05-07 09:46:27,1.27,1.0325,79,1.25,1.0162,35,1.24,1.0081,1,1.26,1.0243,7214,0
SPY190508P290,2019-05-07,2019-05-07 09:46:29,1.27,1.0325,60,1.25,1.0162,57,1.25,1.0162,3,1.26,1.0243,7224,10
SPY190508P290,2019-05-07,2019-05-07 09:46:30,1.27,1.0325,95,1.25,1.0162,57,1.26,1.0243,2,1.26,1.0243,7226,2
SPY190508P290,2019-05-07,2019-05-07 09:46:32,1.27,1.0325,111,1.25,1.0162,57,1.26,1.0243,2,1.26,1.0243,7226,0
SPY190508P290,2019-05-07,2019-05-07 09:46:33,1.27,1.0325,82,1.25,1.0162,57,1.26,1.0243,2,1.26,1.0243,7226,0
SPY190508P290,2019-05-07,2019-05-07 09:46:34,1.28,1.0406,285,1.25,1.0162,55,1.26,1.0243,2,1.265,1.0284,7226,0
SPY190508P290,2019-05-07,2019-05-07 09:46:36,1.3,1.0569,152,1.28,1.0406,29,1.26,1.0243,2,1.29,1.0487,7226,0
SPY190508P290,2019-05-07,2019-05-07 09:46:37,1.29,1.0487,12,1.28,1.0406,69,1.28,1.0406,10,1.285,1.0447,7236,10
SPY190508P290,2019-05-07,2019-05-07 09:46:39,1.35,1.0975,79,1.3,1.0569,1,1.3,1.0569,30,1.325,1.0772,7267,31
SPY190508P290,2019-05-07,2019-05-07 09:46:40,1.31,1.065,18,1.3,1.0569,75,1.3,1.0569,1,1.305,1.0609,7268,1
SPY190508P290,2019-05-07,2019-05-07 09:46:42,1.33,1.0813,35,1.32,1.0731,40,1.3,1.0569,1,1.325,1.0772,7268,0
SPY190508P290,2019-05-07,2019-05-07 09:46:43,1.33,1.0813,35,1.32,1.0731,40,1.3,1.0569,1,1.325,1.0772,7268,0
SPY190508P290,2019-05-07,2019-05-07 09:46:45,1.33,1.0813,16,1.31,1.065,465,1.33,1.0813,2,1.32,1.0731,7270,2
SPY190508P290,2019-05-07,2019-05-07 09:46:46,1.33,1.0813,10,1.32,1.0731,40,1.33,1.0813,1,1.325,1.0772,7271,1
SPY190508P290,2019-05-07,2019-05-07 09:46:48,1.33,1.0813,2,1.31,1.065,199,1.33,1.0813,1,1.32,1.0731,7273,2
SPY190508P290,2019-05-07,2019-05-07 09:46:49,1.33,1.0813,2,1.31,1.065,143,1.33,1.0813,2,1.32,1.0731,7275,2
SPY190508P290,2019-05-07,2019-05-07 09:46:51,1.35,1.0975,71,1.32,1.0731,100,1.33,1.0813,2,1.335,1.0853,7275,0
SPY190508P290,2019-05-07,2019-05-07 09:46:52,1.36,1.1056,22,1.34,1.0894,76,1.33,1.0813,2,1.35,1.0975,7275,0
SPY190508P290,2019-05-07,2019-05-07 09:46:54,1.36,1.1056,5,1.35,1.0975,100,1.35,1.0975,4,1.355,1.1016,7289,14
SPY190508P290,2019-05-07,2019-05-07 09:46:55,1.37,1.1138,24,1.33,1.0813,9,1.35,1.0975,4,1.35,1.0975,7289,0
SPY190508P290,2019-05-07,2019-05-07 09:46:57,1.35,1.0975,160,1.33,1.0813,9,1.35,1.0975,4,1.34,1.0894,7289,0
SPY190508P290,2019-05-07,2019-05-07 09:46:58,1.36,1.1056,98,1.34,1.0894,60,1.35,1.0975,9,1.35,1.0975,7298,9
SPY190508P290,2019-05-07,2019-05-07 09:47:00,1.35,1.0975,29,1.33,1.0813,135,1.35,1.0975,9,1.34,1.0894,7298,0
SPY190508P290,2019-05-07,2019-05-07 09:47:01,1.34,1.0894,26,1.33,1.0813,41,1.34,1.0894,3,1.335,1.0853,7302,4
SPY190508P290,2019-05-07,2019-05-07 09:47:03,1.35,1.0975,200,1.33,1.0813,1,1.35,1.0975,1,1.34,1.0894,7303,1
SPY190508P290,2019-05-07,2019-05-07 09:47:04,1.35,1.0975,52,1.33,1.0813,48,1.35,1.0975,1,1.34,1.0894,7303,0
SPY190508P290,2019-05-07,2019-05-07 09:47:05,1.35,1.0975,25,1.33,1.0813,420,1.35,1.0975,1,1.34,1.0894,7303,0
SPY190508P290,2019-05-07,2019-05-07 09:47:07,1.4,1.1382,1,1.34,1.0894,26,1.35,1.0975,5,1.37,1.1138,7324,21
SPY190508P290,2019-05-07,2019-05-07 09:47:08,1.35,1.0975,3,1.34,1.0894,339,1.37,1.1138,1,1.345,1.0934,7330,6
SPY190508P290,2019-05-07,2019-05-07 09:47:10,1.36,1.1056,12,1.35,1.0975,60,1.35,1.0975,1,1.355,1.1016,7335,5
SPY190508P290,2019-05-07,2019-05-07 09:47:11,1.38,1.1219,13,1.37,1.1138,1,1.37,1.1138,20,1.375,1.1178,7355,20
SPY190508P290,2019-05-07,2019-05-07 09:47:12,1.38,1.1219,12,1.37,1.1138,26,1.38,1.1219,15,1.375,1.1178,7371,16
SPY190508P290,2019-05-07,2019-05-07 09:47:14,1.38,1.1219,27,1.36,1.1056,131,1.36,1.1056,1,1.37,1.1138,7372,1
SPY190508P290,2019-05-07,2019-05-07 09:47:16,1.38,1.1219,29,1.36,1.1056,131,1.38,1.1219,4,1.37,1.1138,7376,4
SPY190508P290,2019-05-07,2019-05-07 09:47:17,1.38,1.1219,18,1.36,1.1056,213,1.38,1.1219,4,1.37,1.1138,7376,0
SPY190508P290,2019-05-07,2019-05-07 09:47:19,1.39,1.13,3,1.38,1.1219,55,1.36,1.1056,30,1.385,1.126,7406,30
SPY190508P290,2019-05-07,2019-05-07 09:47:21,1.4,1.1382,1,1.38,1.1219,70,1.36,1.1056,30,1.39,1.13,7406,0
SPY190508P290,2019-05-07,2019-05-07 09:47:25,1.37,1.1138,30,1.36,1.1056,68,1.37,1.1138,2,1.365,1.1097,7425,19
SPY190508P290,2019-05-07,2019-05-07 09:47:27,1.39,1.13,270,1.36,1.1056,281,1.36,1.1056,5,1.375,1.1178,7455,30
SPY190508P290,2019-05-07,2019-05-07 09:47:28,1.4,1.1382,1,1.38,1.1219,10,1.36,1.1056,5,1.39,1.13,7455,0
SPY190508P290,2019-05-07,2019-05-07 09:47:30,1.41,1.1463,63,1.4,1.1382,9,1.4,1.1382,1,1.405,1.1422,7457,2
SPY190508P290,2019-05-07,2019-05-07 09:47:31,1.42,1.1544,30,1.4,1.1382,100,1.42,1.1544,10,1.41,1.1463,7467,10
SPY190508P290,2019-05-07,2019-05-07 09:47:32,1.42,1.1544,19,1.41,1.1463,1,1.42,1.1544,10,1.415,1.1504,7467,0
SPY190508P290,2019-05-07,2019-05-07 09:47:34,1.42,1.1544,12,1.41,1.1463,25,1.41,1.1463,1,1.415,1.1504,7472,5
SPY190508P290,2019-05-07,2019-05-07 09:47:35,1.42,1.1544,12,1.4,1.1382,342,1.43,1.1626,2,1.41,1.1463,7474,2
SPY190508P290,2019-05-07,2019-05-07 09:47:37,1.44,1.1707,122,1.42,1.1544,187,1.42,1.1544,12,1.43,1.1626,7487,13
SPY190508P290,2019-05-07,2019-05-07 09:47:38,1.44,1.1707,2,1.43,1.1626,17,1.42,1.1544,12,1.435,1.1666,7487,0
SPY190508P290,2019-05-07,2019-05-07 09:47:40,1.46,1.1869,20,1.44,1.1707,1,1.45,1.1788,5,1.45,1.1788,7499,12
SPY190508P290,2019-05-07,2019-05-07 09:47:41,1.49,1.2113,75,1.45,1.1788,500,1.45,1.1788,6,1.47,1.1951,7519,20
SPY190508P290,2019-05-07,2019-05-07 09:47:43,1.47,1.1951,1,1.45,1.1788,500,1.47,1.1951,1,1.46,1.1869,7521,2
SPY190508P290,2019-05-07,2019-05-07 09:47:44,1.49,1.2113,1,1.48,1.2032,392,1.49,1.2113,20,1.485,1.2073,7628,107
SPY190508P290,2019-05-07,2019-05-07 09:47:46,1.49,1.2113,317,1.48,1.2032,1,1.49,1.2113,287,1.485,1.2073,8021,393
SPY190508P290,2019-05-07,2019-05-07 09:47:47,1.5,1.2195,278,1.48,1.2032,1,1.49,1.2113,287,1.49,1.2113,8021,0
SPY190508P290,2019-05-07,2019-05-07 09:47:49,1.48,1.2032,1,1.45,1.1788,54,1.48,1.2032,1,1.465,1.191,8022,1
SPY190508P290,2019-05-07,2019-05-07 09:47:50,1.45,1.1788,130,1.44,1.1707,3,1.45,1.1788,1,1.445,1.1747,8027,5
SPY190508P290,2019-05-07,2019-05-07 09:47:51,1.46,1.1869,170,1.44,1.1707,3,1.45,1.1788,1,1.45,1.1788,8027,0
SPY190508P290,2019-05-07,2019-05-07 09:47:53,1.47,1.1951,50,1.45,1.1788,6,1.45,1.1788,5,1.46,1.1869,8058,31
SPY190508P290,2019-05-07,2019-05-07 09:47:54,1.48,1.2032,121,1.46,1.1869,14,1.47,1.1951,1,1.47,1.1951,8059,1
SPY190508P290,2019-05-07,2019-05-07 09:47:56,1.49,1.2113,2,1.47,1.1951,190,1.48,1.2032,20,1.48,1.2032,8079,20
SPY190508P290,2019-05-07,2019-05-07 09:47:57,1.49,1.2113,59,1.47,1.1951,73,1.48,1.2032,20,1.48,1.2032,8079,0
SPY190508P290,2019-05-07,2019-05-07 09:47:59,1.49,1.2113,2,1.48,1.2032,87,1.48,1.2032,25,1.485,1.2073,8104,25
SPY190508P290,2019-05-07,2019-05-07 09:48:00,1.49,1.2113,2,1.48,1.2032,100,1.49,1.2113,2,1.485,1.2073,8106,2
SPY190508P290,2019-05-07,2019-05-07 09:48:02,1.49,1.2113,2,1.48,1.2032,275,1.49,1.2113,2,1.485,1.2073,8106,0
SPY190508P290,2019-05-07,2019-05-07 09:48:03,1.49,1.2113,2,1.48,1.2032,252,1.48,1.2032,2,1.485,1.2073,8108,2
SPY190508P290,2019-05-07,2019-05-07 09:48:05,1.5,1.2195,26,1.49,1.2113,73,1.5,1.2195,35,1.495,1.2154,8146,38
SPY190508P290,2019-05-07,2019-05-07 09:48:06,1.52,1.2357,6,1.49,1.2113,152,1.51,1.2276,2,1.505,1.2235,8225,79
SPY190508P290,2019-05-07,2019-05-07 09:48:07,1.52,1.2357,99,1.5,1.2195,70,1.52,1.2357,1,1.51,1.2276,8226,1
SPY190508P290,2019-05-07,2019-05-07 09:48:09,1.53,1.2439,59,1.51,1.2276,120,1.52,1.2357,1,1.52,1.2357,8226,0
SPY190508P290,2019-05-07,2019-05-07 09:48:10,1.55,1.2601,51,1.52,1.2357,1,1.51,1.2276,4,1.535,1.2479,8233,7
SPY190508P290,2019-05-07,2019-05-07 09:48:12,1.55,1.2601,7,1.54,1.252,1,1.51,1.2276,4,1.545,1.256,8233,0
SPY190508P290,2019-05-07,2019-05-07 09:48:13,1.55,1.2601,7,1.54,1.252,70,1.51,1.2276,4,1.545,1.256,8233,0
SPY190508P290,2019-05-07,2019-05-07 09:48:15,1.55,1.2601,1,1.54,1.252,20,1.51,1.2276,4,1.545,1.256,8233,0
SPY190508P290,2019-05-07,2019-05-07 09:48:16,1.57,1.2764,78,1.54,1.252,28,1.55,1.2601,1,1.555,1.2642,8236,3
SPY190508P290,2019-05-07,2019-05-07 09:48:17,1.56,1.2682,10,1.54,1.252,111,1.56,1.2682,10,1.55,1.2601,8256,20
SPY190508P290,2019-05-07,2019-05-07 09:48:19,1.59,1.2926,22,1.56,1.2682,373,1.56,1.2682,16,1.575,1.2804,8272,16
SPY190508P290,2019-05-07,2019-05-07 09:48:21,1.59,1.2926,1,1.58,1.2845,90,1.56,1.2682,16,1.585,1.2886,8272,0
SPY190508P290,2019-05-07,2019-05-07 09:48:23,1.6,1.3008,10,1.59,1.2926,113,1.59,1.2926,1,1.595,1.2967,8273,1
SPY190508P290,2019-05-07,2019-05-07 09:48:24,1.63,1.3252,264,1.6,1.3008,1,1.6,1.3008,10,1.615,1.313,8283,10
SPY190508P290,2019-05-07,2019-05-07 09:48:26,1.63,1.3252,37,1.59,1.2926,1,1.6,1.3008,11,1.61,1.3089,8295,12
SPY190508P290,2019-05-07,2019-05-07 09:48:27,1.62,1.317,116,1.6,1.3008,60,1.6,1.3008,11,1.61,1.3089,8295,0
SPY190508P290,2019-05-07,2019-05-07 09:48:29,1.61,1.3089,5,1.6,1.3008,50,1.6,1.3008,5,1.605,1.3048,8300,5
SPY190508P290,2019-05-07,2019-05-07 09:48:30,1.61,1.3089,5,1.6,1.3008,59,1.6,1.3008,5,1.605,1.3048,8300,0
SPY190508P290,2019-05-07,2019-05-07 09:48:32,1.64,1.3333,100,1.61,1.3089,221,1.64,1.3333,1,1.625,1.3211,8307,7
SPY190508P290,2019-05-07,2019-05-07 09:48:33,1.65,1.3414,133,1.62,1.317,79,1.62,1.317,1,1.635,1.3292,8309,2
SPY190508P290,2019-05-07,2019-05-07 09:48:35,1.65,1.3414,284,1.63,1.3252,32,1.63,1.3252,10,1.64,1.3333,8319,10
SPY190508P290,2019-05-07,2019-05-07 09:48:36,1.65,1.3414,1,1.64,1.3333,60,1.64,1.3333,2,1.645,1.3373,8321,2
SPY190508P290,2019-05-07,2019-05-07 09:48:37,1.67,1.3577,10,1.66,1.3495,60,1.65,1.3414,1,1.665,1.3536,8322,1
SPY190508P290,2019-05-07,2019-05-07 09:48:39,1.7,1.3821,26,1.68,1.3658,40,1.68,1.3658,50,1.69,1.3739,8382,60
SPY190508P290,2019-05-07,2019-05-07 09:48:40,1.72,1.3983,68,1.7,1.3821,8,1.7,1.3821,2,1.71,1.3902,8390,8
SPY190508P290,2019-05-07,2019-05-07 09:48:42,1.71,1.3902,6,1.7,1.3821,39,1.7,1.3821,1,1.705,1.3861,8391,1
SPY190508P290,2019-05-07,2019-05-07 09:48:43,1.73,1.4065,64,1.7,1.3821,66,1.73,1.4065,2,1.715,1.3943,8403,12
SPY190508P290,2019-05-07,2019-05-07 09:48:45,1.74,1.4146,30,1.72,1.3983,48,1.72,1.3983,30,1.73,1.4065,8443,40
SPY190508P290,2019-05-07,2019-05-07 09:48:46,1.74,1.4146,6,1.72,1.3983,128,1.72,1.3983,30,1.73,1.4065,8443,0
SPY190508P290,2019-05-07,2019-05-07 09:48:47,1.75,1.4227,6,1.74,1.4146,92,1.75,1.4227,5,1.745,1.4186,8443,0
SPY190508P290,2019-05-07,2019-05-07 09:48:49,1.76,1.4308,4,1.74,1.4146,299,1.75,1.4227,5,1.75,1.4227,8450,7
SPY190508P290,2019-05-07,2019-05-07 09:48:50,1.77,1.439,1,1.74,1.4146,72,1.75,1.4227,2,1.755,1.4268,8455,5
SPY190508P290,2019-05-07,2019-05-07 09:48:52,1.77,1.439,60,1.75,1.4227,21,1.77,1.439,4,1.76,1.4308,8459,4
SPY190508P290,2019-05-07,2019-05-07 09:48:53,1.78,1.4471,19,1.76,1.4308,256,1.77,1.439,1,1.77,1.439,8464,5
SPY190508P290,2019-05-07,2019-05-07 09:48:55,1.74,1.4146,6,1.74,1.4146,1,1.74,1.4146,1,1.74,1.4146,8468,4
SPY190508P290,2019-05-07,2019-05-07 09:48:56,1.75,1.4227,64,1.72,1.3983,128,1.73,1.4065,16,1.735,1.4105,8508,40
SPY190508P290,2019-05-07,2019-05-07 09:48:58,1.74,1.4146,85,1.71,1.3902,90,1.74,1.4146,4,1.725,1.4024,8659,151
SPY190508P290,2019-05-07,2019-05-07 09:48:59,1.72,1.3983,67,1.69,1.3739,98,1.69,1.3739,1,1.705,1.3861,8660,1
SPY190508P290,2019-05-07,2019-05-07 09:49:01,1.7,1.3821,256,1.67,1.3577,90,1.69,1.3739,5,1.685,1.3699,8665,5
SPY190508P290,2019-05-07,2019-05-07 09:49:02,1.7,1.3821,128,1.67,1.3577,14,1.69,1.3739,5,1.685,1.3699,8665,0
SPY190508P290,2019-05-07,2019-05-07 09:49:03,1.73,1.4065,3,1.71,1.3902,90,1.69,1.3739,1,1.72,1.3983,8666,1
SPY190508P290,2019-05-07,2019-05-07 09:49:05,1.71,1.3902,90,1.69,1.3739,1,1.72,1.3983,1,1.7,1.3821,8675,9
SPY190508P290,2019-05-07,2019-05-07 09:49:06,1.7,1.3821,342,1.67,1.3577,12,1.7,1.3821,1,1.685,1.3699,8682,7
SPY190508P290,2019-05-07,2019-05-07 09:49:08,1.69,1.3739,256,1.67,1.3577,6,1.7,1.3821,1,1.68,1.3658,8682,0
SPY190508P290,2019-05-07,2019-05-07 09:49:09,1.72,1.3983,69,1.69,1.3739,74,1.7,1.3821,1,1.705,1.3861,8683,1
SPY190508P290,2019-05-07,2019-05-07 09:49:10,1.72,1.3983,100,1.71,1.3902,1,1.69,1.3739,1,1.715,1.3943,8684,1
SPY190508P290,2019-05-07,2019-05-07 09:49:12,1.71,1.3902,70,1.68,1.3658,24,1.69,1.3739,1,1.695,1.378,8684,0
SPY190508P290,2019-05-07,2019-05-07 09:49:13,1.7,1.3821,73,1.67,1.3577,18,1.68,1.3658,1,1.685,1.3699,8697,13
SPY190508P290,2019-05-07,2019-05-07 09:49:15,1.7,1.3821,100,1.68,1.3658,21,1.67,1.3577,1,1.69,1.3739,8711,14
SPY190508P290,2019-05-07,2019-05-07 09:49:16,1.72,1.3983,128,1.69,1.3739,116,1.68,1.3658,1,1.705,1.3861,8713,2
SPY190508P290,2019-05-07,2019-05-07 09:49:18,1.72,1.3983,144,1.69,1.3739,121,1.68,1.3658,1,1.705,1.3861,8713,0
SPY190508P290,2019-05-07,2019-05-07 09:49:19,1.73,1.4065,21,1.71,1.3902,21,1.68,1.3658,1,1.72,1.3983,8713,0
SPY190508P290,2019-05-07,2019-05-07 09:49:21,1.74,1.4146,40,1.72,1.3983,16,1.72,1.3983,1,1.73,1.4065,8714,1
SPY190508P290,2019-05-07,2019-05-07 09:49:22,1.73,1.4065,101,1.71,1.3902,21,1.73,1.4065,1,1.72,1.3983,8716,2
SPY190508P290,2019-05-07,2019-05-07 09:49:23,1.73,1.4065,1,1.72,1.3983,116,1.72,1.3983,1,1.725,1.4024,8729,13
SPY190508P290,2019-05-07,2019-05-07 09:49:25,1.73,1.4065,1,1.72,1.3983,103,1.72,1.3983,46,1.725,1.4024,8775,46
SPY190508P290,2019-05-07,2019-05-07 09:49:27,1.73,1.4065,6,1.72,1.3983,103,1.72,1.3983,5,1.725,1.4024,8780,5
SPY190508P290,2019-05-07,2019-05-07 09:49:28,1.73,1.4065,71,1.71,1.3902,76,1.72,1.3983,5,1.72,1.3983,8780,0
SPY190508P290,2019-05-07,2019-05-07 09:49:30,1.71,1.3902,71,1.69,1.3739,21,1.71,1.3902,40,1.7,1.3821,8821,41
SPY190508P290,2019-05-07,2019-05-07 09:49:31,1.72,1.3983,133,1.7,1.3821,21,1.71,1.3902,40,1.71,1.3902,8821,0
SPY190508P290,2019-05-07,2019-05-07 09:49:33,1.73,1.4065,1,1.72,1.3983,64,1.7,1.3821,5,1.725,1.4024,8826,5
SPY190508P290,2019-05-07,2019-05-07 09:49:34,1.72,1.3983,128,1.69,1.3739,105,1.71,1.3902,11,1.705,1.3861,8850,24
SPY190508P290,2019-05-07,2019-05-07 09:49:35,1.72,1.3983,128,1.7,1.3821,7,1.71,1.3902,11,1.71,1.3902,8850,0
SPY190508P290,2019-05-07,2019-05-07 09:49:37,1.72,1.3983,101,1.69,1.3739,141,1.7,1.3821,1,1.705,1.3861,8851,1
SPY190508P290,2019-05-07,2019-05-07 09:49:38,1.72,1.3983,78,1.68,1.3658,125,1.7,1.3821,15,1.7,1.3821,8866,15
SPY190508P290,2019-05-07,2019-05-07 09:49:40,1.71,1.3902,129,1.68,1.3658,50,1.7,1.3821,15,1.695,1.378,8866,0
SPY190508P290,2019-05-07,2019-05-07 09:49:41,1.7,1.3821,50,1.68,1.3658,120,1.7,1.3821,15,1.69,1.3739,8866,0
SPY190508P290,2019-05-07,2019-05-07 09:49:42,1.7,1.3821,50,1.68,1.3658,73,1.7,1.3821,15,1.69,1.3739,8866,0
SPY190508P290,2019-05-07,2019-05-07 09:49:44,1.69,1.3739,50,1.68,1.3658,1,1.68,1.3658,4,1.685,1.3699,8940,74
SPY190508P290,2019-05-07,2019-05-07 09:49:45,1.7,1.3821,50,1.69,1.3739,18,1.69,1.3739,50,1.695,1.378,8990,50
SPY190508P290,2019-05-07,2019-05-07 09:49:47,1.72,1.3983,50,1.7,1.3821,99,1.7,1.3821,150,1.71,1.3902,9190,200
SPY190508P290,2019-05-07,2019-05-07 09:49:48,1.73,1.4065,3,1.72,1.3983,110,1.72,1.3983,3,1.725,1.4024,9193,3
SPY190508P290,2019-05-07,2019-05-07 09:49:50,1.73,1.4065,40,1.71,1.3902,61,1.72,1.3983,3,1.72,1.3983,9193,0
SPY190508P290,2019-05-07,2019-05-07 09:49:51,1.72,1.3983,1,1.7,1.3821,130,1.72,1.3983,3,1.71,1.3902,9193,0
SPY190508P290,2019-05-07,2019-05-07 09:49:52,1.73,1.4065,3,1.72,1.3983,10,1.74,1.4146,2,1.725,1.4024,9212,19
SPY190508P290,2019-05-07,2019-05-07 09:49:54,1.75,1.4227,20,1.74,1.4146,136,1.74,1.4146,2,1.745,1.4186,9212,0
SPY190508P290,2019-05-07,2019-05-07 09:49:55,1.76,1.4308,71,1.73,1.4065,8,1.75,1.4227,20,1.745,1.4186,9238,26
SPY190508P290,2019-05-07,2019-05-07 09:49:57,1.75,1.4227,40,1.73,1.4065,87,1.74,1.4146,2,1.74,1.4146,9240,2
SPY190508P290,2019-05-07,2019-05-07 09:49:58,1.74,1.4146,128,1.72,1.3983,26,1.74,1.4146,2,1.73,1.4065,9242,2
SPY190508P290,2019-05-07,2019-05-07 09:50:00,1.74,1.4146,125,1.72,1.3983,9,1.74,1.4146,2,1.73,1.4065,9242,0
SPY190508P290,2019-05-07,2019-05-07 09:50:01,1.73,1.4065,60,1.68,1.3658,104,1.72,1.3983,1,1.705,1.3861,9243,1
SPY190508P290,2019-05-07,2019-05-07 09:50:03,1.68,1.3658,12,1.66,1.3495,39,1.72,1.3983,1,1.67,1.3577,9243,0
SPY190508P290,2019-05-07,2019-05-07 09:50:04,1.68,1.3658,71,1.66,1.3495,101,1.72,1.3983,1,1.67,1.3577,9243,0
SPY190508P290,2019-05-07,2019-05-07 09:50:06,1.7,1.3821,55,1.68,1.3658,3,1.68,1.3658,1,1.69,1.3739,9244,1
SPY190508P290,2019-05-07,2019-05-07 09:50:07,1.69,1.3739,99,1.67,1.3577,7,1.69,1.3739,2,1.68,1.3658,9249,5
SPY190508P290,2019-05-07,2019-05-07 09:50:08,1.68,1.3658,61,1.66,1.3495,116,1.69,1.3739,2,1.67,1.3577,9249,0
SPY190508P290,2019-05-07,2019-05-07 09:50:10,1.7,1.3821,116,1.68,1.3658,25,1.69,1.3739,2,1.69,1.3739,9249,0
SPY190508P290,2019-05-07,2019-05-07 09:50:11,1.7,1.3821,103,1.67,1.3577,111,1.68,1.3658,1,1.685,1.3699,9251,2
SPY190508P290,2019-05-07,2019-05-07 09:50:13,1.67,1.3577,76,1.65,1.3414,115,1.68,1.3658,1,1.66,1.3495,9251,0
SPY190508P290,2019-05-07,2019-05-07 09:50:14,1.65,1.3414,1,1.64,1.3333,127,1.64,1.3333,1,1.645,1.3373,9256,5
SPY190508P290,2019-05-07,2019-05-07 09:50:16,1.65,1.3414,50,1.63,1.3252,83,1.64,1.3333,1,1.64,1.3333,9256,0
SPY190508P290,2019-05-07,2019-05-07 09:50:17,1.66,1.3495,80,1.64,1.3333,105,1.64,1.3333,5,1.65,1.3414,9262,6
SPY190508P290,2019-05-07,2019-05-07 09:50:18,1.69,1.3739,59,1.68,1.3658,1,1.68,1.3658,1,1.685,1.3699,9286,24
SPY190508P290,2019-05-07,2019-05-07 09:50:20,1.67,1.3577,1,1.66,1.3495,190,1.66,1.3495,24,1.665,1.3536,9786,500
SPY190508P290,2019-05-07,2019-05-07 09:50:22,1.68,1.3658,61,1.66,1.3495,50,1.66,1.3495,24,1.67,1.3577,9786,0
SPY190508P290,2019-05-07,2019-05-07 09:50:23,1.68,1.3658,1,1.66,1.3495,88,1.66,1.3495,24,1.67,1.3577,9786,0
SPY190508P290,2019-05-07,2019-05-07 09:50:25,1.68,1.3658,1,1.67,1.3577,1,1.67,1.3577,2,1.675,1.3617,9788,2
SPY190508P290,2019-05-07,2019-05-07 09:50:26,1.71,1.3902,71,1.67,1.3577,150,1.69,1.3739,1,1.69,1.3739,9845,57
SPY190508P290,2019-05-07,2019-05-07 09:50:28,1.7,1.3821,50,1.68,1.3658,4,1.68,1.3658,6,1.69,1.3739,9851,6
SPY190508P290,2019-05-07,2019-05-07 09:50:29,1.71,1.3902,21,1.68,1.3658,150,1.68,1.3658,2,1.695,1.378,9853,2
SPY190508P290,2019-05-07,2019-05-07 09:50:31,1.7,1.3821,64,1.69,1.3739,1,1.68,1.3658,2,1.695,1.378,9853,0
SPY190508P290,2019-05-07,2019-05-07 09:50:33,1.7,1.3821,68,1.68,1.3658,136,1.69,1.3739,1,1.69,1.3739,9854,1
SPY190508P290,2019-05-07,2019-05-07 09:50:35,1.71,1.3902,5,1.7,1.3821,76,1.69,1.3739,3,1.705,1.3861,9857,3
SPY190508P290,2019-05-07,2019-05-07 09:50:36,1.72,1.3983,1,1.71,1.3902,76,1.71,1.3902,5,1.715,1.3943,9862,5
SPY190508P290,2019-05-07,2019-05-07 09:50:37,1.74,1.4146,1,1.73,1.4065,66,1.72,1.3983,1,1.735,1.4105,9863,1
SPY190508P290,2019-05-07,2019-05-07 09:50:39,1.75,1.4227,1,1.74,1.4146,5,1.74,1.4146,1,1.745,1.4186,9864,1
SPY190508P290,2019-05-07,2019-05-07 09:50:40,1.78,1.4471,50,1.75,1.4227,69,1.77,1.439,1,1.765,1.4349,9867,3
SPY190508P290,2019-05-07,2019-05-07 09:50:42,1.78,1.4471,123,1.75,1.4227,90,1.77,1.439,1,1.765,1.4349,9867,0
SPY190508P290,2019-05-07,2019-05-07 09:50:43,1.77,1.439,49,1.75,1.4227,103,1.78,1.4471,5,1.76,1.4308,9872,5
SPY190508P290,2019-05-07,2019-05-07 09:50:45,1.77,1.439,3,1.76,1.4308,61,1.78,1.4471,5,1.765,1.4349,9872,0
SPY190508P290,2019-05-07,2019-05-07 09:50:46,1.8,1.4634,4,1.79,1.4552,115,1.8,1.4634,4,1.795,1.4593,9880,8
SPY190508P290,2019-05-07,2019-05-07 09:50:48,1.82,1.4796,24,1.81,1.4715,40,1.82,1.4796,2,1.815,1.4756,9884,4
SPY190508P290,2019-05-07,2019-05-07 09:50:49,1.87,1.5203,2,1.82,1.4796,26,1.84,1.4959,1,1.845,1.5,9908,24
SPY190508P290,2019-05-07,2019-05-07 09:50:50,1.87,1.5203,100,1.85,1.504,40,1.84,1.4959,1,1.86,1.5121,9908,0
SPY190508P290,2019-05-07,2019-05-07 09:50:52,1.85,1.504,110,1.8,1.4634,100,1.83,1.4878,1,1.825,1.4837,9909,1
SPY190508P290,2019-05-07,2019-05-07 09:50:53,1.83,1.4878,59,1.81,1.4715,60,1.83,1.4878,10,1.82,1.4796,9919,10
SPY190508P290,2019-05-07,2019-05-07 09:50:55,1.84,1.4959,2,1.83,1.4878,44,1.82,1.4796,5,1.835,1.4918,9924,5
SPY190508P290,2019-05-07,2019-05-07 09:50:56,1.86,1.5121,50,1.85,1.504,60,1.84,1.4959,1,1.855,1.5081,9927,3
SPY190508P290,2019-05-07,2019-05-07 09:50:58,1.86,1.5121,100,1.82,1.4796,108,1.85,1.504,2,1.84,1.4959,9930,3
SPY190508P290,2019-05-07,2019-05-07 09:50:59,1.87,1.5203,84,1.84,1.4959,76,1.85,1.504,30,1.855,1.5081,9960,30
SPY190508P290,2019-05-07,2019-05-07 09:51:01,1.89,1.5365,97,1.86,1.5121,52,1.87,1.5203,1,1.875,1.5243,9966,6
SPY190508P290,2019-05-07,2019-05-07 09:51:02,1.88,1.5284,128,1.85,1.504,52,1.87,1.5203,1,1.865,1.5162,9968,2
SPY190508P290,2019-05-07,2019-05-07 09:51:03,1.88,1.5284,153,1.85,1.504,52,1.87,1.5203,1,1.865,1.5162,9968,0
SPY190508P290,2019-05-07,2019-05-07 09:51:05,1.84,1.4959,128,1.81,1.4715,60,1.81,1.4715,10,1.825,1.4837,9998,30
SPY190508P290,2019-05-07,2019-05-07 09:51:06,1.82,1.4796,57,1.78,1.4471,80,1.81,1.4715,10,1.8,1.4634,9998,0
SPY190508P290,2019-05-07,2019-05-07 09:51:08,1.81,1.4715,54,1.79,1.4552,90,1.81,1.4715,10,1.8,1.4634,9998,0
SPY190508P290,2019-05-07,2019-05-07 09:51:09,1.85,1.504,148,1.82,1.4796,40,1.81,1.4715,10,1.835,1.4918,9998,0
SPY190508P290,2019-05-07,2019-05-07 09:51:11,1.84,1.4959,50,1.82,1.4796,85,1.81,1.4715,10,1.83,1.4878,9998,0
SPY190508P290,2019-05-07,2019-05-07 09:51:12,1.89,1.5365,128,1.85,1.504,74,1.85,1.504,1,1.87,1.5203,10000,2
SPY190508P290,2019-05-07,2019-05-07 09:51:13,1.89,1.5365,84,1.86,1.5121,108,1.85,1.504,1,1.875,1.5243,10000,0
SPY190508P290,2019-05-07,2019-05-07 09:51:15,1.89,1.5365,128,1.86,1.5121,108,1.85,1.504,1,1.875,1.5243,10000,0
SPY190508P290,2019-05-07,2019-05-07 09:51:16,1.89,1.5365,90,1.86,1.5121,122,1.86,1.5121,1,1.875,1.5243,10001,1
SPY190508P290,2019-05-07,2019-05-07 09:51:18,1.91,1.5528,84,1.88,1.5284,100,1.86,1.5121,1,1.895,1.5406,10001,0
SPY190508P290,2019-05-07,2019-05-07 09:51:19,1.91,1.5528,168,1.88,1.5284,100,1.88,1.5284,3,1.895,1.5406,10014,13
SPY190508P290,2019-05-07,2019-05-07 09:51:21,1.91,1.5528,7,1.88,1.5284,20,1.91,1.5528,3,1.895,1.5406,10038,24
SPY190508P290,2019-05-07,2019-05-07 09:51:22,1.9,1.5447,58,1.87,1.5203,100,1.87,1.5203,2,1.885,1.5325,10044,6
SPY190508P290,2019-05-07,2019-05-07 09:51:24,1.89,1.5365,90,1.86,1.5121,114,1.87,1.5203,2,1.875,1.5243,10044,0
SPY190508P290,2019-05-07,2019-05-07 09:51:25,1.88,1.5284,128,1.85,1.504,134,1.87,1.5203,2,1.865,1.5162,10044,0
SPY190508P290,2019-05-07,2019-05-07 09:51:27,1.89,1.5365,40,1.87,1.5203,90,1.87,1.5203,2,1.88,1.5284,10044,0
SPY190508P290,2019-05-07,2019-05-07 09:51:28,1.89,1.5365,1,1.88,1.5284,148,1.88,1.5284,1,1.885,1.5325,10045,1
SPY190508P290,2019-05-07,2019-05-07 09:51:29,1.91,1.5528,90,1.88,1.5284,154,1.89,1.5365,1,1.895,1.5406,10046,1
SPY190508P290,2019-05-07,2019-05-07 09:51:31,1.91,1.5528,128,1.88,1.5284,114,1.89,1.5365,1,1.895,1.5406,10046,0
SPY190508P290,2019-05-07,2019-05-07 09:51:32,1.91,1.5528,90,1.88,1.5284,134,1.89,1.5365,1,1.895,1.5406,10046,0
SPY190508P290,2019-05-07,2019-05-07 09:51:34,1.91,1.5528,90,1.89,1.5365,21,1.89,1.5365,1,1.9,1.5447,10046,0
SPY190508P290,2019-05-07,2019-05-07 09:51:35,1.92,1.5609,90,1.9,1.5447,21,1.89,1.5365,1,1.91,1.5528,10046,0
SPY190508P290,2019-05-07,2019-05-07 09:51:37,1.92,1.5609,1,1.91,1.5528,58,1.89,1.5365,1,1.915,1.5569,10046,0
SPY190508P290,2019-05-07,2019-05-07 09:51:39,1.92,1.5609,1,1.9,1.5447,128,1.92,1.5609,5,1.91,1.5528,10051,5
SPY190508P290,2019-05-07,2019-05-07 09:51:40,1.92,1.5609,1,1.9,1.5447,65,1.91,1.5528,1,1.91,1.5528,10052,1
SPY190508P290,2019-05-07,2019-05-07 09:51:42,1.9,1.5447,90,1.89,1.5365,20,1.91,1.5528,1,1.895,1.5406,10052,0
SPY190508P290,2019-05-07,2019-05-07 09:51:43,1.91,1.5528,128,1.89,1.5365,40,1.91,1.5528,1,1.9,1.5447,10052,0
SPY190508P290,2019-05-07,2019-05-07 09:51:45,1.9,1.5447,90,1.89,1.5365,20,1.91,1.5528,1,1.895,1.5406,10052,0
SPY190508P290,2019-05-07,2019-05-07 09:51:46,1.89,1.5365,119,1.87,1.5203,1,1.89,1.5365,20,1.88,1.5284,10074,22
SPY190508P290,2019-05-07,2019-05-07 09:51:47,1.88,1.5284,1,1.87,1.5203,18,1.87,1.5203,50,1.875,1.5243,10124,50
SPY190508P290,2019-05-07,2019-05-07 09:51:49,1.89,1.5365,100,1.87,1.5203,18,1.87,1.5203,50,1.88,1.5284,10174,50
SPY190508P290,2019-05-07,2019-05-07 09:51:51,1.91,1.5528,1,1.9,1.5447,19,1.9,1.5447,4,1.905,1.5487,10185,11
SPY190508P290,2019-05-07,2019-05-07 09:51:52,1.95,1.5853,58,1.9,1.5447,71,1.91,1.5528,1,1.925,1.565,10187,2
SPY190508P290,2019-05-07,2019-05-07 09:51:54,1.95,1.5853,10,1.94,1.5772,23,1.91,1.5528,1,1.945,1.5813,10187,0
SPY190508P290,2019-05-07,2019-05-07 09:51:55,1.95,1.5853,50,1.93,1.5691,60,1.91,1.5528,1,1.94,1.5772,10187,0
SPY190508P290,2019-05-07,2019-05-07 09:51:57,1.95,1.5853,10,1.93,1.5691,124,1.93,1.5691,13,1.94,1.5772,10222,35
SPY190508P290,2019-05-07,2019-05-07 09:51:58,1.95,1.5853,10,1.93,1.5691,128,1.95,1.5853,25,1.94,1.5772,10250,28
SPY190508P290,2019-05-07,2019-05-07 09:51:59,1.95,1.5853,10,1.93,1.5691,120,1.95,1.5853,25,1.94,1.5772,10250,0
SPY190508P290,2019-05-07,2019-05-07 09:52:01,1.94,1.5772,20,1.93,1.5691,90,1.95,1.5853,25,1.935,1.5731,10250,0
SPY190508P290,2019-05-07,2019-05-07 09:52:02,1.94,1.5772,25,1.91,1.5528,24,1.95,1.5853,25,1.925,1.565,10250,0
SPY190508P290,2019-05-07,2019-05-07 09:52:04,1.93,1.5691,58,1.89,1.5365,100,1.95,1.5853,25,1.91,1.5528,10250,0
SPY190508P290,2019-05-07,2019-05-07 09:52:05,1.93,1.5691,1,1.92,1.5609,102,1.95,1.5853,25,1.925,1.565,10250,0
SPY190508P290,2019-05-07,2019-05-07 09:52:07,1.94,1.5772,25,1.93,1.5691,94,1.93,1.5691,1,1.935,1.5731,10251,1
SPY190508P290,2019-05-07,2019-05-07 09:52:08,1.95,1.5853,10,1.94,1.5772,44,1.94,1.5772,5,1.945,1.5813,10276,25
SPY190508P290,2019-05-07,2019-05-07 09:52:09,1.99,1.6178,128,1.97,1.6016,19,1.97,1.6016,1,1.98,1.6097,10287,11
SPY190508P290,2019-05-07,2019-05-07 09:52:11,1.99,1.6178,90,1.96,1.5934,114,1.97,1.6016,1,1.975,1.6056,10287,0
SPY190508P290,2019-05-07,2019-05-07 09:52:12,1.99,1.6178,128,1.96,1.5934,90,1.97,1.6016,1,1.975,1.6056,10288,1
SPY190508P290,2019-05-07,2019-05-07 09:52:14,1.98,1.6097,1,1.96,1.5934,71,1.97,1.6016,1,1.97,1.6016,10288,0
SPY190508P290,2019-05-07,2019-05-07 09:52:15,1.98,1.6097,1,1.96,1.5934,89,1.97,1.6016,1,1.97,1.6016,10288,0
SPY190508P290,2019-05-07,2019-05-07 09:52:17,1.98,1.6097,1,1.97,1.6016,90,1.97,1.6016,1,1.975,1.6056,10289,1
SPY190508P290,2019-05-07,2019-05-07 09:52:18,1.99,1.6178,100,1.94,1.5772,8,1.97,1.6016,1,1.965,1.5975,10292,3
SPY190508P290,2019-05-07,2019-05-07 09:52:20,1.93,1.5691,79,1.91,1.5528,24,1.95,1.5853,2,1.92,1.5609,10294,2
SPY190508P290,2019-05-07,2019-05-07 09:52:21,1.94,1.5772,100,1.92,1.5609,24,1.95,1.5853,2,1.93,1.5691,10294,0
SPY190508P290,2019-05-07,2019-05-07 09:52:23,1.97,1.6016,90,1.95,1.5853,24,1.92,1.5609,2,1.96,1.5934,10316,22
SPY190508P290,2019-05-07,2019-05-07 09:52:25,1.94,1.5772,128,1.9,1.5447,120,1.94,1.5772,1,1.92,1.5609,10327,11
SPY190508P290,2019-05-07,2019-05-07 09:52:26,1.94,1.5772,90,1.91,1.5528,80,1.94,1.5772,1,1.925,1.565,10327,0
SPY190508P290,2019-05-07,2019-05-07 09:52:27,1.92,1.5609,72,1.9,1.5447,15,1.92,1.5609,8,1.91,1.5528,10335,8
SPY190508P290,2019-05-07,2019-05-07 09:52:29,1.91,1.5528,50,1.88,1.5284,8,1.92,1.5609,8,1.895,1.5406,10335,0
SPY190508P290,2019-05-07,2019-05-07 09:52:30,1.92,1.5609,100,1.89,1.5365,19,1.92,1.5609,8,1.905,1.5487,10335,0
SPY190508P290,2019-05-07,2019-05-07 09:52:32,1.91,1.5528,90,1.89,1.5365,19,1.89,1.5365,5,1.9,1.5447,10340,5
SPY190508P290,2019-05-07,2019-05-07 09:52:33,1.92,1.5609,128,1.89,1.5365,110,1.89,1.5365,5,1.905,1.5487,10340,0
SPY190508P290,2019-05-07,2019-05-07 09:52:35,1.9,1.5447,10,1.88,1.5284,19,1.89,1.5365,5,1.89,1.5365,10340,0
SPY190508P290,2019-05-07,2019-05-07 09:52:36,1.9,1.5447,50,1.88,1.5284,19,1.89,1.5365,5,1.89,1.5365,10340,0
SPY190508P290,2019-05-07,2019-05-07 09:52:37,1.9,1.5447,10,1.88,1.5284,74,1.89,1.5365,5,1.89,1.5365,10340,0
SPY190508P290,2019-05-07,2019-05-07 09:52:39,1.9,1.5447,50,1.88,1.5284,52,1.89,1.5365,5,1.89,1.5365,10340,0
SPY190508P290,2019-05-07,2019-05-07 09:52:40,1.9,1.5447,10,1.88,1.5284,124,1.89,1.5365,5,1.89,1.5365,10340,0
SPY190508P290,2019-05-07,2019-05-07 09:52:42,1.9,1.5447,10,1.88,1.5284,102,1.89,1.5365,5,1.89,1.5365,10340,0
SPY190508P290,2019-05-07,2019-05-07 09:52:43,1.87,1.5203,52,1.84,1.4959,52,1.87,1.5203,1,1.855,1.5081,10341,1
SPY190508P290,2019-05-07,2019-05-07 09:52:45,1.86,1.5121,64,1.8,1.4634,2,1.84,1.4959,20,1.83,1.4878,10362,21
SPY190508P290,2019-05-07,2019-05-07 09:52:47,1.84,1.4959,100,1.8,1.4634,72,1.8,1.4634,1,1.82,1.4796,10413,51
SPY190508P290,2019-05-07,2019-05-07 09:52:48,1.83,1.4878,50,1.81,1.4715,22,1.82,1.4796,1,1.82,1.4796,10414,1
SPY190508P290,2019-05-07,2019-05-07 09:52:49,1.83,1.4878,1,1.81,1.4715,21,1.82,1.4796,1,1.82,1.4796,10414,0
SPY190508P290,2019-05-07,2019-05-07 09:52:51,1.85,1.504,54,1.83,1.4878,22,1.83,1.4878,1,1.84,1.4959,10416,2
SPY190508P290,2019-05-07,2019-05-07 09:52:53,1.84,1.4959,4,1.83,1.4878,10,1.83,1.4878,1,1.835,1.4918,10416,0
SPY190508P290,2019-05-07,2019-05-07 09:52:54,1.88,1.5284,102,1.85,1.504,44,1.84,1.4959,4,1.865,1.5162,10420,4
SPY190508P290,2019-05-07,2019-05-07 09:52:56,1.86,1.5121,65,1.84,1.4959,52,1.84,1.4959,10,1.85,1.504,10470,50
SPY190508P290,2019-05-07,2019-05-07 09:52:57,1.85,1.504,128,1.83,1.4878,24,1.84,1.4959,10,1.84,1.4959,10470,0
SPY190508P290,2019-05-07,2019-05-07 09:52:58,1.81,1.4715,60,1.79,1.4552,24,1.8,1.4634,2,1.8,1.4634,10472,2
SPY190508P290,2019-05-07,2019-05-07 09:53:00,1.84,1.4959,150,1.79,1.4552,128,1.8,1.4634,2,1.815,1.4756,10472,0
SPY190508P290,2019-05-07,2019-05-07 09:53:01,1.8,1.4634,4,1.79,1.4552,9,1.8,1.4634,2,1.795,1.4593,10472,0
SPY190508P290,2019-05-07,2019-05-07 09:53:03,1.82,1.4796,50,1.8,1.4634,22,1.8,1.4634,15,1.81,1.4715,10527,55
SPY190508P290,2019-05-07,2019-05-07 09:53:04,1.82,1.4796,90,1.79,1.4552,122,1.8,1.4634,15,1.805,1.4674,10527,0
SPY190508P290,2019-05-07,2019-05-07 09:53:06,1.82,1.4796,52,1.8,1.4634,11,1.8,1.4634,15,1.81,1.4715,10527,0
SPY190508P290,2019-05-07,2019-05-07 09:53:07,1.81,1.4715,60,1.78,1.4471,71,1.8,1.4634,15,1.795,1.4593,10527,0
SPY190508P290,2019-05-07,2019-05-07 09:53:09,1.81,1.4715,134,1.77,1.439,128,1.8,1.4634,15,1.79,1.4552,10527,0
SPY190508P290,2019-05-07,2019-05-07 09:53:11,1.81,1.4715,128,1.78,1.4471,61,1.8,1.4634,15,1.795,1.4593,10527,0
SPY190508P290,2019-05-07,2019-05-07 09:53:12,1.79,1.4552,90,1.77,1.439,18,1.77,1.439,1,1.78,1.4471,10528,1
SPY190508P290,2019-05-07,2019-05-07 09:53:14,1.78,1.4471,40,1.76,1.4308,50,1.77,1.439,1,1.77,1.439,10528,0
SPY190508P290,2019-05-07,2019-05-07 09:53:16,1.78,1.4471,102,1.76,1.4308,24,1.76,1.4308,10,1.77,1.439,10538,10
SPY190508P290,2019-05-07,2019-05-07 09:53:17,1.77,1.439,6,1.71,1.3902,18,1.77,1.439,25,1.74,1.4146,10563,25
SPY190508P290,2019-05-07,2019-05-07 09:53:18,1.77,1.439,128,1.73,1.4065,94,1.77,1.439,25,1.75,1.4227,10563,0
SPY190508P290,2019-05-07,2019-05-07 09:53:20,1.76,1.4308,128,1.73,1.4065,114,1.77,1.439,25,1.745,1.4186,10563,0
SPY190508P290,2019-05-07,2019-05-07 09:53:22,1.75,1.4227,40,1.73,1.4065,74,1.77,1.439,25,1.74,1.4146,10563,0
SPY190508P290,2019-05-07,2019-05-07 09:53:24,1.74,1.4146,77,1.71,1.3902,124,1.74,1.4146,5,1.725,1.4024,10570,7
SPY190508P290,2019-05-07,2019-05-07 09:53:25,1.74,1.4146,2,1.73,1.4065,24,1.74,1.4146,5,1.735,1.4105,10570,0
