symbol,Date,quote_time,ask_price,norm_ask_price,ask_size,bid_price,norm_bid_price,bid_size,last_trade_price,norm_last_trade_price,last_trade_size,mark_price,norm_mark_price,volume,Volume
IWM191011C150,2019-10-10,2019-10-10 09:30:00,0.32,1.0,1,0.07,0.2187,1,0.0,0.0,19160,0.195,0.6093,0,0
IWM191011C150,2019-10-10,2019-10-10 09:30:01,0.32,1.0,1,0.05,0.1562,16,0.0,0.0,19160,0.185,0.5781,0,0
IWM191011C150,2019-10-10,2019-10-10 09:30:01,0.26,0.8125,100,0.1,0.3125,2,0.0,0.0,19160,0.18,0.5625,1,1
IWM191011C150,2019-10-10,2019-10-10 09:30:02,0.26,0.8125,100,0.1,0.3125,2,0.19,0.5937,1,0.18,0.5625,1,0
IWM191011C150,2019-10-10,2019-10-10 09:30:03,0.26,0.8125,100,0.1,0.3125,2,0.19,0.5937,1,0.18,0.5625,1,0
IWM191011C150,2019-10-10,2019-10-10 09:30:04,0.26,0.8125,100,0.1,0.3125,33,0.19,0.5937,1,0.18,0.5625,1,0
IWM191011C150,2019-10-10,2019-10-10 09:30:05,0.26,0.8125,100,0.1,0.3125,98,0.19,0.5937,1,0.18,0.5625,1,0
IWM191011C150,2019-10-10,2019-10-10 09:30:06,0.25,0.7812,100,0.1,0.3125,98,0.19,0.5937,1,0.175,0.5468,1,0
IWM191011C150,2019-10-10,2019-10-10 09:30:08,0.25,0.7812,100,0.1,0.3125,98,0.19,0.5937,1,0.175,0.5468,1,0
IWM191011C150,2019-10-10,2019-10-10 09:30:09,0.23,0.7187,293,0.16,0.5,295,0.19,0.5937,1,0.195,0.6093,1,0
IWM191011C150,2019-10-10,2019-10-10 09:30:09,0.21,0.6562,213,0.17,0.5312,212,0.19,0.5937,1,0.19,0.5937,1,0
IWM191011C150,2019-10-10,2019-10-10 09:30:10,0.21,0.6562,210,0.17,0.5312,212,0.19,0.5937,1,0.19,0.5937,1,0
IWM191011C150,2019-10-10,2019-10-10 09:30:10,0.21,0.6562,213,0.17,0.5312,212,0.19,0.5937,1,0.19,0.5937,1,0
IWM191011C150,2019-10-10,2019-10-10 09:30:11,0.21,0.6562,210,0.17,0.5312,212,0.19,0.5937,1,0.19,0.5937,1,0
IWM191011C150,2019-10-10,2019-10-10 09:30:12,0.21,0.6562,210,0.17,0.5312,318,0.19,0.5937,1,0.19,0.5937,1,0
IWM191011C150,2019-10-10,2019-10-10 09:30:12,0.21,0.6562,210,0.17,0.5312,212,0.19,0.5937,1,0.19,0.5937,1,0
IWM191011C150,2019-10-10,2019-10-10 09:30:13,0.21,0.6562,213,0.17,0.5312,210,0.19,0.5937,1,0.19,0.5937,1,0
IWM191011C150,2019-10-10,2019-10-10 09:30:13,0.21,0.6562,433,0.17,0.5312,449,0.19,0.5937,1,0.19,0.5937,1,0
IWM191011C150,2019-10-10,2019-10-10 09:30:14,0.21,0.6562,433,0.17,0.5312,585,0.19,0.5937,1,0.19,0.5937,1,0
IWM191011C150,2019-10-10,2019-10-10 09:30:15,0.21,0.6562,433,0.17,0.5312,720,0.19,0.5937,1,0.19,0.5937,1,0
IWM191011C150,2019-10-10,2019-10-10 09:30:16,0.22,0.6875,636,0.18,0.5625,344,0.19,0.5937,1,0.2,0.625,1,0
IWM191011C150,2019-10-10,2019-10-10 09:30:16,0.22,0.6875,339,0.18,0.5625,344,0.19,0.5937,1,0.2,0.625,1,0
IWM191011C150,2019-10-10,2019-10-10 09:30:17,0.22,0.6875,576,0.18,0.5625,765,0.19,0.5937,1,0.2,0.625,1,0
IWM191011C150,2019-10-10,2019-10-10 09:30:17,0.22,0.6875,596,0.18,0.5625,765,0.19,0.5937,1,0.2,0.625,1,0
IWM191011C150,2019-10-10,2019-10-10 09:30:18,0.22,0.6875,576,0.18,0.5625,765,0.19,0.5937,1,0.2,0.625,1,0
IWM191011C150,2019-10-10,2019-10-10 09:30:18,0.22,0.6875,576,0.18,0.5625,1076,0.19,0.5937,1,0.2,0.625,1,0
IWM191011C150,2019-10-10,2019-10-10 09:30:19,0.21,0.6562,257,0.18,0.5625,866,0.19,0.5937,1,0.195,0.6093,1,0
IWM191011C150,2019-10-10,2019-10-10 09:30:19,0.21,0.6562,257,0.18,0.5625,907,0.19,0.5937,1,0.195,0.6093,1,0
IWM191011C150,2019-10-10,2019-10-10 09:30:20,0.21,0.6562,616,0.18,0.5625,907,0.19,0.5937,1,0.195,0.6093,1,0
IWM191011C150,2019-10-10,2019-10-10 09:30:20,0.21,0.6562,616,0.18,0.5625,654,0.19,0.5937,1,0.195,0.6093,1,0
IWM191011C150,2019-10-10,2019-10-10 09:30:21,0.21,0.6562,447,0.18,0.5625,654,0.19,0.5937,1,0.195,0.6093,1,0
IWM191011C150,2019-10-10,2019-10-10 09:30:21,0.21,0.6562,72,0.19,0.5937,249,0.19,0.5937,1,0.2,0.625,1,0
IWM191011C150,2019-10-10,2019-10-10 09:30:22,0.22,0.6875,568,0.19,0.5937,381,0.19,0.5937,1,0.205,0.6406,1,0
IWM191011C150,2019-10-10,2019-10-10 09:30:23,0.22,0.6875,597,0.19,0.5937,658,0.19,0.5937,1,0.205,0.6406,1,0
IWM191011C150,2019-10-10,2019-10-10 09:30:24,0.22,0.6875,846,0.19,0.5937,1084,0.19,0.5937,1,0.205,0.6406,1,0
IWM191011C150,2019-10-10,2019-10-10 09:30:24,0.22,0.6875,451,0.19,0.5937,1084,0.19,0.5937,1,0.205,0.6406,1,0
IWM191011C150,2019-10-10,2019-10-10 09:30:25,0.22,0.6875,806,0.19,0.5937,528,0.19,0.5937,1,0.205,0.6406,1,0
IWM191011C150,2019-10-10,2019-10-10 09:30:25,0.22,0.6875,806,0.19,0.5937,1084,0.19,0.5937,1,0.205,0.6406,1,0
IWM191011C150,2019-10-10,2019-10-10 09:30:26,0.21,0.6562,20,0.18,0.5625,330,0.19,0.5937,1,0.195,0.6093,1,0
IWM191011C150,2019-10-10,2019-10-10 09:30:26,0.21,0.6562,165,0.18,0.5625,643,0.19,0.5937,1,0.195,0.6093,1,0
IWM191011C150,2019-10-10,2019-10-10 09:30:27,0.21,0.6562,368,0.18,0.5625,1122,0.19,0.5937,1,0.195,0.6093,1,0
IWM191011C150,2019-10-10,2019-10-10 09:30:28,0.21,0.6562,368,0.18,0.5625,1102,0.19,0.5937,1,0.195,0.6093,1,0
IWM191011C150,2019-10-10,2019-10-10 09:30:29,0.21,0.6562,368,0.2,0.625,1,0.19,0.5937,1,0.205,0.6406,1,0
IWM191011C150,2019-10-10,2019-10-10 09:30:30,0.21,0.6562,368,0.2,0.625,1,0.19,0.5937,1,0.205,0.6406,1,0
IWM191011C150,2019-10-10,2019-10-10 09:30:31,0.21,0.6562,117,0.2,0.625,1,0.19,0.5937,1,0.205,0.6406,1,0
IWM191011C150,2019-10-10,2019-10-10 09:30:31,0.21,0.6562,368,0.2,0.625,1,0.19,0.5937,1,0.205,0.6406,1,0
IWM191011C150,2019-10-10,2019-10-10 09:30:32,0.21,0.6562,67,0.2,0.625,1,0.19,0.5937,1,0.205,0.6406,1,0
IWM191011C150,2019-10-10,2019-10-10 09:30:32,0.21,0.6562,237,0.2,0.625,1,0.19,0.5937,1,0.205,0.6406,1,0
IWM191011C150,2019-10-10,2019-10-10 09:30:33,0.21,0.6562,244,0.2,0.625,1,0.19,0.5937,1,0.205,0.6406,1,0
IWM191011C150,2019-10-10,2019-10-10 09:30:34,0.21,0.6562,244,0.2,0.625,1,0.19,0.5937,1,0.205,0.6406,1,0
IWM191011C150,2019-10-10,2019-10-10 09:30:34,0.21,0.6562,132,0.2,0.625,1,0.19,0.5937,1,0.205,0.6406,1,0
IWM191011C150,2019-10-10,2019-10-10 09:30:35,0.2,0.625,20,0.18,0.5625,1029,0.2,0.625,1,0.19,0.5937,2,1
IWM191011C150,2019-10-10,2019-10-10 09:30:35,0.21,0.6562,125,0.2,0.625,1,0.19,0.5937,1,0.205,0.6406,1,0
IWM191011C150,2019-10-10,2019-10-10 09:30:36,0.2,0.625,20,0.18,0.5625,1144,0.2,0.625,1,0.19,0.5937,2,0
IWM191011C150,2019-10-10,2019-10-10 09:30:37,0.2,0.625,36,0.18,0.5625,1188,0.2,0.625,1,0.19,0.5937,2,0
IWM191011C150,2019-10-10,2019-10-10 09:30:37,0.2,0.625,20,0.18,0.5625,728,0.2,0.625,1,0.19,0.5937,2,0
IWM191011C150,2019-10-10,2019-10-10 09:30:38,0.2,0.625,36,0.18,0.5625,1188,0.2,0.625,1,0.19,0.5937,2,0
IWM191011C150,2019-10-10,2019-10-10 09:30:39,0.2,0.625,24,0.18,0.5625,728,0.2,0.625,1,0.19,0.5937,2,0
IWM191011C150,2019-10-10,2019-10-10 09:30:39,0.2,0.625,36,0.18,0.5625,1188,0.2,0.625,1,0.19,0.5937,2,0
IWM191011C150,2019-10-10,2019-10-10 09:30:40,0.2,0.625,53,0.18,0.5625,1181,0.2,0.625,1,0.19,0.5937,2,0
IWM191011C150,2019-10-10,2019-10-10 09:30:40,0.2,0.625,63,0.18,0.5625,1181,0.2,0.625,1,0.19,0.5937,2,0
IWM191011C150,2019-10-10,2019-10-10 09:30:41,0.2,0.625,85,0.18,0.5625,1181,0.2,0.625,1,0.19,0.5937,2,0
IWM191011C150,2019-10-10,2019-10-10 09:30:42,0.2,0.625,85,0.18,0.5625,1181,0.2,0.625,1,0.19,0.5937,2,0
IWM191011C150,2019-10-10,2019-10-10 09:30:43,0.2,0.625,83,0.18,0.5625,512,0.2,0.625,1,0.19,0.5937,2,0
IWM191011C150,2019-10-10,2019-10-10 09:30:43,0.2,0.625,120,0.18,0.5625,648,0.2,0.625,1,0.19,0.5937,2,0
IWM191011C150,2019-10-10,2019-10-10 09:30:44,0.2,0.625,120,0.18,0.5625,639,0.2,0.625,1,0.19,0.5937,2,0
IWM191011C150,2019-10-10,2019-10-10 09:30:44,0.2,0.625,24,0.18,0.5625,898,0.2,0.625,1,0.19,0.5937,2,0
IWM191011C150,2019-10-10,2019-10-10 09:30:45,0.2,0.625,44,0.18,0.5625,347,0.2,0.625,1,0.19,0.5937,2,0
IWM191011C150,2019-10-10,2019-10-10 09:30:45,0.2,0.625,44,0.18,0.5625,898,0.2,0.625,1,0.19,0.5937,2,0
IWM191011C150,2019-10-10,2019-10-10 09:30:46,0.21,0.6562,73,0.18,0.5625,678,0.2,0.625,1,0.195,0.6093,2,0
IWM191011C150,2019-10-10,2019-10-10 09:30:47,0.21,0.6562,44,0.19,0.5937,344,0.2,0.625,1,0.2,0.625,2,0
IWM191011C150,2019-10-10,2019-10-10 09:30:47,0.21,0.6562,53,0.19,0.5937,1113,0.2,0.625,1,0.2,0.625,2,0
IWM191011C150,2019-10-10,2019-10-10 09:30:48,0.21,0.6562,68,0.19,0.5937,1113,0.2,0.625,1,0.2,0.625,2,0
IWM191011C150,2019-10-10,2019-10-10 09:30:48,0.21,0.6562,92,0.19,0.5937,791,0.2,0.625,1,0.2,0.625,2,0
IWM191011C150,2019-10-10,2019-10-10 09:30:49,0.21,0.6562,39,0.19,0.5937,893,0.2,0.625,1,0.2,0.625,2,0
IWM191011C150,2019-10-10,2019-10-10 09:30:49,0.21,0.6562,20,0.19,0.5937,845,0.2,0.625,1,0.2,0.625,2,0
IWM191011C150,2019-10-10,2019-10-10 09:30:50,0.21,0.6562,20,0.2,0.625,1,0.2,0.625,1,0.205,0.6406,2,0
IWM191011C150,2019-10-10,2019-10-10 09:30:51,0.21,0.6562,34,0.19,0.5937,328,0.2,0.625,1,0.2,0.625,2,0
IWM191011C150,2019-10-10,2019-10-10 09:30:51,0.21,0.6562,20,0.2,0.625,20,0.2,0.625,1,0.205,0.6406,2,0
IWM191011C150,2019-10-10,2019-10-10 09:30:52,0.21,0.6562,35,0.19,0.5937,1135,0.2,0.625,1,0.2,0.625,2,0
IWM191011C150,2019-10-10,2019-10-10 09:30:52,0.21,0.6562,40,0.19,0.5937,1135,0.2,0.625,1,0.2,0.625,2,0
IWM191011C150,2019-10-10,2019-10-10 09:30:53,0.21,0.6562,35,0.19,0.5937,1702,0.2,0.625,1,0.2,0.625,2,0
IWM191011C150,2019-10-10,2019-10-10 09:30:53,0.21,0.6562,35,0.19,0.5937,1216,0.2,0.625,1,0.2,0.625,2,0
IWM191011C150,2019-10-10,2019-10-10 09:30:54,0.21,0.6562,35,0.19,0.5937,1873,0.2,0.625,1,0.2,0.625,2,0
IWM191011C150,2019-10-10,2019-10-10 09:30:54,0.21,0.6562,35,0.19,0.5937,1544,0.2,0.625,1,0.2,0.625,2,0
IWM191011C150,2019-10-10,2019-10-10 09:30:55,0.21,0.6562,35,0.19,0.5937,1873,0.2,0.625,1,0.2,0.625,2,0
IWM191011C150,2019-10-10,2019-10-10 09:30:55,0.21,0.6562,35,0.19,0.5937,1544,0.2,0.625,1,0.2,0.625,2,0
IWM191011C150,2019-10-10,2019-10-10 09:30:56,0.21,0.6562,30,0.19,0.5937,1882,0.2,0.625,1,0.2,0.625,2,0
IWM191011C150,2019-10-10,2019-10-10 09:30:56,0.21,0.6562,30,0.19,0.5937,1251,0.2,0.625,1,0.2,0.625,2,0
IWM191011C150,2019-10-10,2019-10-10 09:30:57,0.21,0.6562,30,0.19,0.5937,1799,0.2,0.625,1,0.2,0.625,2,0
IWM191011C150,2019-10-10,2019-10-10 09:30:58,0.21,0.6562,20,0.19,0.5937,1857,0.2,0.625,1,0.2,0.625,2,0
IWM191011C150,2019-10-10,2019-10-10 09:30:58,0.21,0.6562,30,0.19,0.5937,1799,0.2,0.625,1,0.2,0.625,2,0
IWM191011C150,2019-10-10,2019-10-10 09:30:59,0.21,0.6562,133,0.19,0.5937,1776,0.2,0.625,1,0.2,0.625,2,0
IWM191011C150,2019-10-10,2019-10-10 09:30:59,0.2,0.625,20,0.19,0.5937,235,0.2,0.625,1,0.195,0.6093,2,0
IWM191011C150,2019-10-10,2019-10-10 09:31:00,0.21,0.6562,40,0.18,0.5625,694,0.2,0.625,1,0.195,0.6093,2,0
IWM191011C150,2019-10-10,2019-10-10 09:31:00,0.21,0.6562,20,0.19,0.5937,433,0.2,0.625,1,0.2,0.625,2,0
IWM191011C150,2019-10-10,2019-10-10 09:31:01,0.21,0.6562,99,0.19,0.5937,333,0.2,0.625,1,0.2,0.625,2,0
IWM191011C150,2019-10-10,2019-10-10 09:31:01,0.21,0.6562,47,0.19,0.5937,474,0.2,0.625,1,0.2,0.625,2,0
IWM191011C150,2019-10-10,2019-10-10 09:31:02,0.21,0.6562,72,0.18,0.5625,967,0.2,0.625,1,0.195,0.6093,2,0
IWM191011C150,2019-10-10,2019-10-10 09:31:02,0.2,0.625,20,0.18,0.5625,1414,0.2,0.625,1,0.19,0.5937,2,0
IWM191011C150,2019-10-10,2019-10-10 09:31:03,0.2,0.625,20,0.19,0.5937,467,0.2,0.625,1,0.195,0.6093,2,0
IWM191011C150,2019-10-10,2019-10-10 09:31:04,0.2,0.625,20,0.19,0.5937,518,0.2,0.625,1,0.195,0.6093,2,0
IWM191011C150,2019-10-10,2019-10-10 09:31:04,0.2,0.625,20,0.18,0.5625,663,0.2,0.625,1,0.19,0.5937,2,0
IWM191011C150,2019-10-10,2019-10-10 09:31:05,0.2,0.625,20,0.19,0.5937,41,0.2,0.625,1,0.195,0.6093,2,0
IWM191011C150,2019-10-10,2019-10-10 09:31:05,0.2,0.625,20,0.18,0.5625,699,0.2,0.625,1,0.19,0.5937,2,0
IWM191011C150,2019-10-10,2019-10-10 09:31:06,0.2,0.625,10,0.19,0.5937,41,0.2,0.625,1,0.195,0.6093,2,0
IWM191011C150,2019-10-10,2019-10-10 09:31:06,0.2,0.625,10,0.19,0.5937,115,0.2,0.625,1,0.195,0.6093,2,0
IWM191011C150,2019-10-10,2019-10-10 09:31:07,0.2,0.625,20,0.19,0.5937,171,0.2,0.625,1,0.195,0.6093,2,0
IWM191011C150,2019-10-10,2019-10-10 09:31:07,0.21,0.6562,150,0.19,0.5937,161,0.2,0.625,1,0.2,0.625,2,0
IWM191011C150,2019-10-10,2019-10-10 09:31:08,0.2,0.625,20,0.19,0.5937,74,0.2,0.625,1,0.195,0.6093,2,0
IWM191011C150,2019-10-10,2019-10-10 09:31:08,0.2,0.625,20,0.19,0.5937,20,0.2,0.625,1,0.195,0.6093,2,0
IWM191011C150,2019-10-10,2019-10-10 09:31:09,0.2,0.625,20,0.18,0.5625,1078,0.2,0.625,1,0.19,0.5937,2,0
IWM191011C150,2019-10-10,2019-10-10 09:31:09,0.2,0.625,20,0.18,0.5625,1690,0.2,0.625,1,0.19,0.5937,2,0
IWM191011C150,2019-10-10,2019-10-10 09:31:10,0.2,0.625,73,0.18,0.5625,1538,0.2,0.625,1,0.19,0.5937,2,0
IWM191011C150,2019-10-10,2019-10-10 09:31:10,0.2,0.625,31,0.18,0.5625,1558,0.2,0.625,1,0.19,0.5937,2,0
IWM191011C150,2019-10-10,2019-10-10 09:31:11,0.2,0.625,73,0.18,0.5625,238,0.2,0.625,1,0.19,0.5937,2,0
IWM191011C150,2019-10-10,2019-10-10 09:31:11,0.19,0.5937,10,0.18,0.5625,576,0.2,0.625,1,0.185,0.5781,2,0
IWM191011C150,2019-10-10,2019-10-10 09:31:12,0.2,0.625,106,0.18,0.5625,1109,0.2,0.625,1,0.19,0.5937,2,0
IWM191011C150,2019-10-10,2019-10-10 09:31:12,0.19,0.5937,20,0.18,0.5625,683,0.2,0.625,1,0.185,0.5781,2,0
IWM191011C150,2019-10-10,2019-10-10 09:31:13,0.2,0.625,20,0.18,0.5625,972,0.2,0.625,1,0.19,0.5937,2,0
IWM191011C150,2019-10-10,2019-10-10 09:31:13,0.2,0.625,30,0.18,0.5625,972,0.2,0.625,1,0.19,0.5937,2,0
IWM191011C150,2019-10-10,2019-10-10 09:31:14,0.2,0.625,20,0.18,0.5625,1251,0.2,0.625,1,0.19,0.5937,2,0
IWM191011C150,2019-10-10,2019-10-10 09:31:14,0.2,0.625,39,0.18,0.5625,972,0.2,0.625,1,0.19,0.5937,2,0
IWM191011C150,2019-10-10,2019-10-10 09:31:15,0.19,0.5937,20,0.18,0.5625,1231,0.2,0.625,1,0.185,0.5781,2,0
IWM191011C150,2019-10-10,2019-10-10 09:31:16,0.19,0.5937,20,0.18,0.5625,846,0.2,0.625,1,0.185,0.5781,2,0
IWM191011C150,2019-10-10,2019-10-10 09:31:16,0.19,0.5937,20,0.18,0.5625,1231,0.2,0.625,1,0.185,0.5781,2,0
IWM191011C150,2019-10-10,2019-10-10 09:31:17,0.19,0.5937,20,0.18,0.5625,1332,0.2,0.625,1,0.185,0.5781,2,0
IWM191011C150,2019-10-10,2019-10-10 09:31:17,0.19,0.5937,25,0.18,0.5625,1257,0.2,0.625,1,0.185,0.5781,2,0
IWM191011C150,2019-10-10,2019-10-10 09:31:18,0.19,0.5937,25,0.18,0.5625,1257,0.2,0.625,1,0.185,0.5781,2,0
IWM191011C150,2019-10-10,2019-10-10 09:31:19,0.19,0.5937,25,0.18,0.5625,1240,0.2,0.625,1,0.185,0.5781,2,0
IWM191011C150,2019-10-10,2019-10-10 09:31:19,0.19,0.5937,25,0.18,0.5625,1079,0.2,0.625,1,0.185,0.5781,2,0
IWM191011C150,2019-10-10,2019-10-10 09:31:20,0.19,0.5937,25,0.18,0.5625,15,0.2,0.625,1,0.185,0.5781,2,0
IWM191011C150,2019-10-10,2019-10-10 09:31:20,0.19,0.5937,25,0.18,0.5625,23,0.2,0.625,1,0.185,0.5781,2,0
IWM191011C150,2019-10-10,2019-10-10 09:31:21,0.19,0.5937,69,0.18,0.5625,41,0.2,0.625,1,0.185,0.5781,2,0
IWM191011C150,2019-10-10,2019-10-10 09:31:21,0.19,0.5937,45,0.18,0.5625,41,0.2,0.625,1,0.185,0.5781,2,0
IWM191011C150,2019-10-10,2019-10-10 09:31:22,0.19,0.5937,81,0.18,0.5625,41,0.2,0.625,1,0.185,0.5781,2,0
IWM191011C150,2019-10-10,2019-10-10 09:31:23,0.19,0.5937,54,0.18,0.5625,41,0.2,0.625,1,0.185,0.5781,2,0
IWM191011C150,2019-10-10,2019-10-10 09:31:23,0.19,0.5937,81,0.18,0.5625,41,0.2,0.625,1,0.185,0.5781,2,0
IWM191011C150,2019-10-10,2019-10-10 09:31:24,0.19,0.5937,54,0.18,0.5625,41,0.2,0.625,1,0.185,0.5781,2,0
IWM191011C150,2019-10-10,2019-10-10 09:31:24,0.19,0.5937,62,0.18,0.5625,25,0.2,0.625,1,0.185,0.5781,2,0
IWM191011C150,2019-10-10,2019-10-10 09:31:25,0.19,0.5937,61,0.17,0.5312,1801,0.2,0.625,1,0.18,0.5625,2,0
IWM191011C150,2019-10-10,2019-10-10 09:31:25,0.19,0.5937,62,0.18,0.5625,25,0.2,0.625,1,0.185,0.5781,2,0
IWM191011C150,2019-10-10,2019-10-10 09:31:26,0.19,0.5937,157,0.17,0.5312,1418,0.2,0.625,1,0.18,0.5625,2,0
IWM191011C150,2019-10-10,2019-10-10 09:31:26,0.19,0.5937,61,0.17,0.5312,1971,0.2,0.625,1,0.18,0.5625,2,0
IWM191011C150,2019-10-10,2019-10-10 09:31:27,0.19,0.5937,20,0.17,0.5312,832,0.2,0.625,1,0.18,0.5625,2,0
IWM191011C150,2019-10-10,2019-10-10 09:31:27,0.19,0.5937,25,0.17,0.5312,1132,0.2,0.625,1,0.18,0.5625,2,0
IWM191011C150,2019-10-10,2019-10-10 09:31:28,0.19,0.5937,26,0.18,0.5625,521,0.2,0.625,1,0.185,0.5781,2,0
IWM191011C150,2019-10-10,2019-10-10 09:31:28,0.19,0.5937,20,0.18,0.5625,521,0.2,0.625,1,0.185,0.5781,2,0
IWM191011C150,2019-10-10,2019-10-10 09:31:29,0.19,0.5937,20,0.18,0.5625,521,0.2,0.625,1,0.185,0.5781,2,0
IWM191011C150,2019-10-10,2019-10-10 09:31:29,0.19,0.5937,20,0.18,0.5625,512,0.2,0.625,1,0.185,0.5781,2,0
IWM191011C150,2019-10-10,2019-10-10 09:31:30,0.19,0.5937,10,0.18,0.5625,554,0.2,0.625,1,0.185,0.5781,2,0
IWM191011C150,2019-10-10,2019-10-10 09:31:30,0.2,0.625,43,0.18,0.5625,535,0.2,0.625,1,0.19,0.5937,2,0
IWM191011C150,2019-10-10,2019-10-10 09:31:31,0.19,0.5937,20,0.18,0.5625,527,0.2,0.625,1,0.185,0.5781,2,0
IWM191011C150,2019-10-10,2019-10-10 09:31:31,0.19,0.5937,20,0.18,0.5625,600,0.2,0.625,1,0.185,0.5781,2,0
IWM191011C150,2019-10-10,2019-10-10 09:31:32,0.19,0.5937,20,0.18,0.5625,600,0.2,0.625,1,0.185,0.5781,2,0
IWM191011C150,2019-10-10,2019-10-10 09:31:32,0.19,0.5937,20,0.18,0.5625,1128,0.2,0.625,1,0.185,0.5781,2,0
IWM191011C150,2019-10-10,2019-10-10 09:31:33,0.2,0.625,195,0.18,0.5625,994,0.2,0.625,1,0.19,0.5937,2,0
IWM191011C150,2019-10-10,2019-10-10 09:31:33,0.19,0.5937,20,0.18,0.5625,1128,0.2,0.625,1,0.185,0.5781,2,0
IWM191011C150,2019-10-10,2019-10-10 09:31:34,0.19,0.5937,20,0.18,0.5625,800,0.2,0.625,1,0.185,0.5781,2,0
IWM191011C150,2019-10-10,2019-10-10 09:31:34,0.2,0.625,20,0.18,0.5625,1333,0.2,0.625,1,0.19,0.5937,2,0
IWM191011C150,2019-10-10,2019-10-10 09:31:35,0.19,0.5937,24,0.18,0.5625,702,0.2,0.625,1,0.185,0.5781,2,0
IWM191011C150,2019-10-10,2019-10-10 09:31:35,0.19,0.5937,24,0.18,0.5625,831,0.2,0.625,1,0.185,0.5781,2,0
IWM191011C150,2019-10-10,2019-10-10 09:31:36,0.19,0.5937,24,0.18,0.5625,1365,0.2,0.625,1,0.185,0.5781,2,0
IWM191011C150,2019-10-10,2019-10-10 09:31:37,0.21,0.6562,29,0.19,0.5937,72,0.2,0.625,1,0.2,0.625,2,0
IWM191011C150,2019-10-10,2019-10-10 09:31:37,0.2,0.625,25,0.18,0.5625,204,0.2,0.625,1,0.19,0.5937,2,0
IWM191011C150,2019-10-10,2019-10-10 09:31:38,0.21,0.6562,109,0.19,0.5937,206,0.2,0.625,1,0.2,0.625,2,0
IWM191011C150,2019-10-10,2019-10-10 09:31:39,0.2,0.625,20,0.19,0.5937,206,0.2,0.625,1,0.195,0.6093,2,0
IWM191011C150,2019-10-10,2019-10-10 09:31:39,0.2,0.625,25,0.19,0.5937,41,0.2,0.625,1,0.195,0.6093,2,0
IWM191011C150,2019-10-10,2019-10-10 09:31:40,0.2,0.625,28,0.19,0.5937,43,0.2,0.625,1,0.195,0.6093,2,0
IWM191011C150,2019-10-10,2019-10-10 09:31:40,0.21,0.6562,243,0.18,0.5625,269,0.2,0.625,1,0.195,0.6093,2,0
IWM191011C150,2019-10-10,2019-10-10 09:31:41,0.2,0.625,28,0.19,0.5937,43,0.2,0.625,1,0.195,0.6093,2,0
IWM191011C150,2019-10-10,2019-10-10 09:31:42,0.2,0.625,28,0.19,0.5937,43,0.2,0.625,1,0.195,0.6093,2,0
IWM191011C150,2019-10-10,2019-10-10 09:31:43,0.2,0.625,28,0.19,0.5937,82,0.2,0.625,1,0.195,0.6093,2,0
IWM191011C150,2019-10-10,2019-10-10 09:31:44,0.2,0.625,28,0.19,0.5937,71,0.2,0.625,1,0.195,0.6093,2,0
IWM191011C150,2019-10-10,2019-10-10 09:31:44,0.2,0.625,28,0.19,0.5937,44,0.2,0.625,1,0.195,0.6093,2,0
IWM191011C150,2019-10-10,2019-10-10 09:31:45,0.2,0.625,28,0.19,0.5937,79,0.2,0.625,1,0.195,0.6093,2,0
IWM191011C150,2019-10-10,2019-10-10 09:31:45,0.2,0.625,28,0.19,0.5937,52,0.2,0.625,1,0.195,0.6093,2,0
IWM191011C150,2019-10-10,2019-10-10 09:31:46,0.2,0.625,41,0.19,0.5937,60,0.2,0.625,1,0.195,0.6093,2,0
IWM191011C150,2019-10-10,2019-10-10 09:31:46,0.2,0.625,41,0.19,0.5937,79,0.2,0.625,1,0.195,0.6093,2,0
IWM191011C150,2019-10-10,2019-10-10 09:31:47,0.21,0.6562,30,0.19,0.5937,63,0.2,0.625,1,0.2,0.625,2,0
IWM191011C150,2019-10-10,2019-10-10 09:31:47,0.2,0.625,24,0.19,0.5937,60,0.2,0.625,1,0.195,0.6093,2,0
IWM191011C150,2019-10-10,2019-10-10 09:31:48,0.21,0.6562,126,0.19,0.5937,307,0.2,0.625,1,0.2,0.625,2,0
IWM191011C150,2019-10-10,2019-10-10 09:31:48,0.21,0.6562,389,0.19,0.5937,378,0.2,0.625,1,0.2,0.625,2,0
IWM191011C150,2019-10-10,2019-10-10 09:31:49,0.21,0.6562,406,0.19,0.5937,267,0.2,0.625,1,0.2,0.625,2,0
IWM191011C150,2019-10-10,2019-10-10 09:31:49,0.21,0.6562,406,0.19,0.5937,317,0.2,0.625,1,0.2,0.625,2,0
IWM191011C150,2019-10-10,2019-10-10 09:31:50,0.21,0.6562,406,0.19,0.5937,50,0.2,0.625,1,0.2,0.625,2,0
IWM191011C150,2019-10-10,2019-10-10 09:31:51,0.21,0.6562,277,0.19,0.5937,53,0.2,0.625,1,0.2,0.625,2,0
IWM191011C150,2019-10-10,2019-10-10 09:31:52,0.21,0.6562,277,0.19,0.5937,53,0.2,0.625,1,0.2,0.625,2,0
IWM191011C150,2019-10-10,2019-10-10 09:31:52,0.21,0.6562,277,0.19,0.5937,311,0.2,0.625,1,0.2,0.625,2,0
IWM191011C150,2019-10-10,2019-10-10 09:31:53,0.21,0.6562,485,0.19,0.5937,512,0.2,0.625,1,0.2,0.625,2,0
IWM191011C150,2019-10-10,2019-10-10 09:31:53,0.21,0.6562,277,0.19,0.5937,358,0.2,0.625,1,0.2,0.625,2,0
IWM191011C150,2019-10-10,2019-10-10 09:31:54,0.21,0.6562,100,0.19,0.5937,234,0.2,0.625,1,0.2,0.625,2,0
IWM191011C150,2019-10-10,2019-10-10 09:31:54,0.21,0.6562,485,0.19,0.5937,464,0.2,0.625,1,0.2,0.625,2,0
IWM191011C150,2019-10-10,2019-10-10 09:31:55,0.21,0.6562,168,0.19,0.5937,415,0.2,0.625,1,0.2,0.625,2,0
IWM191011C150,2019-10-10,2019-10-10 09:31:55,0.21,0.6562,445,0.19,0.5937,368,0.2,0.625,1,0.2,0.625,2,0
IWM191011C150,2019-10-10,2019-10-10 09:31:56,0.21,0.6562,326,0.19,0.5937,368,0.2,0.625,1,0.2,0.625,2,0
IWM191011C150,2019-10-10,2019-10-10 09:31:56,0.21,0.6562,445,0.19,0.5937,368,0.2,0.625,1,0.2,0.625,2,0
IWM191011C150,2019-10-10,2019-10-10 09:31:57,0.2,0.625,131,0.19,0.5937,368,0.2,0.625,1,0.195,0.6093,2,0
IWM191011C150,2019-10-10,2019-10-10 09:31:57,0.2,0.625,121,0.19,0.5937,415,0.2,0.625,1,0.195,0.6093,2,0
IWM191011C150,2019-10-10,2019-10-10 09:31:58,0.2,0.625,120,0.19,0.5937,368,0.2,0.625,1,0.195,0.6093,2,0
IWM191011C150,2019-10-10,2019-10-10 09:31:58,0.2,0.625,20,0.19,0.5937,425,0.2,0.625,1,0.195,0.6093,2,0
IWM191011C150,2019-10-10,2019-10-10 09:31:59,0.2,0.625,132,0.19,0.5937,368,0.2,0.625,1,0.195,0.6093,2,0
IWM191011C150,2019-10-10,2019-10-10 09:31:59,0.2,0.625,178,0.18,0.5625,1834,0.2,0.625,1,0.19,0.5937,2,0
IWM191011C150,2019-10-10,2019-10-10 09:32:00,0.2,0.625,129,0.18,0.5625,1555,0.2,0.625,1,0.19,0.5937,2,0
IWM191011C150,2019-10-10,2019-10-10 09:32:00,0.2,0.625,178,0.18,0.5625,1555,0.2,0.625,1,0.19,0.5937,2,0
IWM191011C150,2019-10-10,2019-10-10 09:32:01,0.2,0.625,87,0.18,0.5625,642,0.2,0.625,1,0.19,0.5937,2,0
IWM191011C150,2019-10-10,2019-10-10 09:32:01,0.2,0.625,170,0.18,0.5625,970,0.2,0.625,1,0.19,0.5937,2,0
IWM191011C150,2019-10-10,2019-10-10 09:32:02,0.2,0.625,110,0.18,0.5625,399,0.2,0.625,1,0.19,0.5937,2,0
IWM191011C150,2019-10-10,2019-10-10 09:32:02,0.2,0.625,455,0.18,0.5625,497,0.2,0.625,1,0.19,0.5937,2,0
IWM191011C150,2019-10-10,2019-10-10 09:32:03,0.19,0.5937,121,0.18,0.5625,497,0.2,0.625,1,0.185,0.5781,2,0
IWM191011C150,2019-10-10,2019-10-10 09:32:03,0.19,0.5937,137,0.18,0.5625,369,0.2,0.625,1,0.185,0.5781,2,0
IWM191011C150,2019-10-10,2019-10-10 09:32:04,0.19,0.5937,222,0.18,0.5625,386,0.2,0.625,1,0.185,0.5781,2,0
IWM191011C150,2019-10-10,2019-10-10 09:32:05,0.19,0.5937,71,0.17,0.5312,443,0.2,0.625,1,0.18,0.5625,2,0
IWM191011C150,2019-10-10,2019-10-10 09:32:05,0.19,0.5937,234,0.17,0.5312,820,0.2,0.625,1,0.18,0.5625,2,0
IWM191011C150,2019-10-10,2019-10-10 09:32:06,0.19,0.5937,144,0.17,0.5312,718,0.2,0.625,1,0.18,0.5625,2,0
IWM191011C150,2019-10-10,2019-10-10 09:32:06,0.19,0.5937,276,0.17,0.5312,831,0.2,0.625,1,0.18,0.5625,2,0
IWM191011C150,2019-10-10,2019-10-10 09:32:07,0.19,0.5937,276,0.18,0.5625,23,0.2,0.625,1,0.185,0.5781,2,0
IWM191011C150,2019-10-10,2019-10-10 09:32:07,0.19,0.5937,276,0.17,0.5312,1563,0.2,0.625,1,0.18,0.5625,2,0
IWM191011C150,2019-10-10,2019-10-10 09:32:08,0.19,0.5937,215,0.18,0.5625,23,0.2,0.625,1,0.185,0.5781,2,0
IWM191011C150,2019-10-10,2019-10-10 09:32:09,0.19,0.5937,200,0.18,0.5625,23,0.2,0.625,1,0.185,0.5781,2,0
IWM191011C150,2019-10-10,2019-10-10 09:32:09,0.2,0.625,81,0.18,0.5625,137,0.2,0.625,1,0.19,0.5937,2,0
IWM191011C150,2019-10-10,2019-10-10 09:32:10,0.2,0.625,256,0.18,0.5625,262,0.2,0.625,1,0.19,0.5937,2,0
IWM191011C150,2019-10-10,2019-10-10 09:32:10,0.2,0.625,86,0.18,0.5625,219,0.2,0.625,1,0.19,0.5937,2,0
IWM191011C150,2019-10-10,2019-10-10 09:32:11,0.2,0.625,341,0.18,0.5625,997,0.2,0.625,1,0.19,0.5937,2,0
IWM191011C150,2019-10-10,2019-10-10 09:32:11,0.2,0.625,341,0.18,0.5625,1346,0.2,0.625,1,0.19,0.5937,2,0
IWM191011C150,2019-10-10,2019-10-10 09:32:12,0.2,0.625,341,0.18,0.5625,1070,0.2,0.625,1,0.19,0.5937,2,0
IWM191011C150,2019-10-10,2019-10-10 09:32:12,0.2,0.625,279,0.19,0.5937,23,0.2,0.625,1,0.195,0.6093,2,0
IWM191011C150,2019-10-10,2019-10-10 09:32:13,0.2,0.625,159,0.19,0.5937,23,0.2,0.625,1,0.195,0.6093,2,0
IWM191011C150,2019-10-10,2019-10-10 09:32:13,0.2,0.625,181,0.19,0.5937,23,0.2,0.625,1,0.195,0.6093,2,0
IWM191011C150,2019-10-10,2019-10-10 09:32:14,0.2,0.625,51,0.18,0.5625,961,0.2,0.625,1,0.19,0.5937,2,0
IWM191011C150,2019-10-10,2019-10-10 09:32:14,0.2,0.625,43,0.18,0.5625,765,0.2,0.625,1,0.19,0.5937,2,0
IWM191011C150,2019-10-10,2019-10-10 09:32:15,0.2,0.625,51,0.18,0.5625,961,0.2,0.625,1,0.19,0.5937,2,0
IWM191011C150,2019-10-10,2019-10-10 09:32:15,0.2,0.625,255,0.18,0.5625,1294,0.2,0.625,1,0.19,0.5937,2,0
IWM191011C150,2019-10-10,2019-10-10 09:32:16,0.2,0.625,255,0.18,0.5625,923,0.2,0.625,1,0.19,0.5937,2,0
IWM191011C150,2019-10-10,2019-10-10 09:32:16,0.2,0.625,255,0.18,0.5625,961,0.2,0.625,1,0.19,0.5937,2,0
IWM191011C150,2019-10-10,2019-10-10 09:32:17,0.2,0.625,247,0.19,0.5937,35,0.2,0.625,1,0.195,0.6093,2,0
IWM191011C150,2019-10-10,2019-10-10 09:32:17,0.2,0.625,131,0.19,0.5937,35,0.2,0.625,1,0.195,0.6093,2,0
IWM191011C150,2019-10-10,2019-10-10 09:32:18,0.2,0.625,20,0.19,0.5937,35,0.2,0.625,1,0.195,0.6093,2,0
IWM191011C150,2019-10-10,2019-10-10 09:32:18,0.21,0.6562,293,0.19,0.5937,62,0.2,0.625,1,0.2,0.625,2,0
IWM191011C150,2019-10-10,2019-10-10 09:32:19,0.21,0.6562,352,0.2,0.625,35,0.2,0.625,1,0.205,0.6406,2,0
IWM191011C150,2019-10-10,2019-10-10 09:32:19,0.21,0.6562,403,0.19,0.5937,217,0.2,0.625,1,0.2,0.625,2,0
IWM191011C150,2019-10-10,2019-10-10 09:32:20,0.21,0.6562,396,0.2,0.625,35,0.2,0.625,1,0.205,0.6406,2,0
IWM191011C150,2019-10-10,2019-10-10 09:32:20,0.21,0.6562,276,0.2,0.625,35,0.2,0.625,1,0.205,0.6406,2,0
IWM191011C150,2019-10-10,2019-10-10 09:32:21,0.21,0.6562,121,0.2,0.625,35,0.2,0.625,1,0.205,0.6406,2,0
IWM191011C150,2019-10-10,2019-10-10 09:32:21,0.21,0.6562,20,0.2,0.625,23,0.2,0.625,1,0.205,0.6406,2,0
IWM191011C150,2019-10-10,2019-10-10 09:32:22,0.21,0.6562,272,0.19,0.5937,807,0.2,0.625,1,0.2,0.625,2,0
IWM191011C150,2019-10-10,2019-10-10 09:32:22,0.21,0.6562,82,0.19,0.5937,998,0.2,0.625,1,0.2,0.625,2,0
IWM191011C150,2019-10-10,2019-10-10 09:32:23,0.21,0.6562,82,0.19,0.5937,1069,0.2,0.625,1,0.2,0.625,2,0
IWM191011C150,2019-10-10,2019-10-10 09:32:24,0.21,0.6562,172,0.19,0.5937,1450,0.2,0.625,1,0.2,0.625,2,0
IWM191011C150,2019-10-10,2019-10-10 09:32:24,0.21,0.6562,172,0.19,0.5937,1069,0.2,0.625,1,0.2,0.625,2,0
IWM191011C150,2019-10-10,2019-10-10 09:32:25,0.21,0.6562,259,0.19,0.5937,1545,0.2,0.625,1,0.2,0.625,2,0
IWM191011C150,2019-10-10,2019-10-10 09:32:25,0.21,0.6562,172,0.19,0.5937,1142,0.2,0.625,1,0.2,0.625,2,0
IWM191011C150,2019-10-10,2019-10-10 09:32:26,0.21,0.6562,397,0.19,0.5937,1545,0.2,0.625,1,0.2,0.625,2,0
IWM191011C150,2019-10-10,2019-10-10 09:32:26,0.21,0.6562,441,0.19,0.5937,800,0.2,0.625,1,0.2,0.625,2,0
IWM191011C150,2019-10-10,2019-10-10 09:32:27,0.21,0.6562,285,0.19,0.5937,667,0.2,0.625,1,0.2,0.625,2,0
IWM191011C150,2019-10-10,2019-10-10 09:32:27,0.2,0.625,127,0.19,0.5937,47,0.2,0.625,1,0.195,0.6093,2,0
IWM191011C150,2019-10-10,2019-10-10 09:32:28,0.2,0.625,125,0.19,0.5937,45,0.2,0.625,1,0.195,0.6093,2,0
IWM191011C150,2019-10-10,2019-10-10 09:32:28,0.2,0.625,60,0.19,0.5937,45,0.2,0.625,1,0.195,0.6093,2,0
IWM191011C150,2019-10-10,2019-10-10 09:32:29,0.21,0.6562,591,0.19,0.5937,303,0.2,0.625,1,0.2,0.625,2,0
IWM191011C150,2019-10-10,2019-10-10 09:32:29,0.21,0.6562,126,0.19,0.5937,156,0.2,0.625,1,0.2,0.625,2,0
IWM191011C150,2019-10-10,2019-10-10 09:32:30,0.21,0.6562,591,0.19,0.5937,480,0.2,0.625,1,0.2,0.625,2,0
IWM191011C150,2019-10-10,2019-10-10 09:32:30,0.21,0.6562,591,0.19,0.5937,563,0.2,0.625,1,0.2,0.625,2,0
IWM191011C150,2019-10-10,2019-10-10 09:32:31,0.2,0.625,129,0.19,0.5937,525,0.2,0.625,1,0.195,0.6093,2,0
IWM191011C150,2019-10-10,2019-10-10 09:32:31,0.21,0.6562,591,0.19,0.5937,563,0.2,0.625,1,0.2,0.625,2,0
IWM191011C150,2019-10-10,2019-10-10 09:32:32,0.2,0.625,20,0.19,0.5937,526,0.2,0.625,1,0.195,0.6093,2,0
IWM191011C150,2019-10-10,2019-10-10 09:32:32,0.21,0.6562,535,0.19,0.5937,525,0.2,0.625,1,0.2,0.625,2,0
IWM191011C150,2019-10-10,2019-10-10 09:32:33,0.2,0.625,176,0.19,0.5937,97,0.2,0.625,1,0.195,0.6093,2,0
IWM191011C150,2019-10-10,2019-10-10 09:32:33,0.2,0.625,121,0.19,0.5937,526,0.2,0.625,1,0.195,0.6093,2,0
IWM191011C150,2019-10-10,2019-10-10 09:32:34,0.2,0.625,307,0.18,0.5625,1192,0.2,0.625,1,0.19,0.5937,2,0
IWM191011C150,2019-10-10,2019-10-10 09:32:34,0.2,0.625,35,0.18,0.5625,717,0.2,0.625,1,0.19,0.5937,2,0
IWM191011C150,2019-10-10,2019-10-10 09:32:35,0.2,0.625,342,0.19,0.5937,43,0.2,0.625,1,0.195,0.6093,2,0
IWM191011C150,2019-10-10,2019-10-10 09:32:35,0.2,0.625,159,0.19,0.5937,43,0.2,0.625,1,0.195,0.6093,2,0
IWM191011C150,2019-10-10,2019-10-10 09:32:36,0.2,0.625,300,0.19,0.5937,41,0.2,0.625,1,0.195,0.6093,2,0
IWM191011C150,2019-10-10,2019-10-10 09:32:36,0.2,0.625,206,0.19,0.5937,20,0.2,0.625,1,0.195,0.6093,2,0
IWM191011C150,2019-10-10,2019-10-10 09:32:37,0.2,0.625,372,0.19,0.5937,18,0.2,0.625,1,0.195,0.6093,2,0
IWM191011C150,2019-10-10,2019-10-10 09:32:37,0.2,0.625,372,0.19,0.5937,41,0.2,0.625,1,0.195,0.6093,2,0
IWM191011C150,2019-10-10,2019-10-10 09:32:38,0.2,0.625,372,0.19,0.5937,18,0.2,0.625,1,0.195,0.6093,2,0
IWM191011C150,2019-10-10,2019-10-10 09:32:39,0.2,0.625,372,0.18,0.5625,360,0.2,0.625,1,0.19,0.5937,2,0
IWM191011C150,2019-10-10,2019-10-10 09:32:39,0.2,0.625,372,0.18,0.5625,780,0.2,0.625,1,0.19,0.5937,2,0
IWM191011C150,2019-10-10,2019-10-10 09:32:40,0.2,0.625,372,0.18,0.5625,514,0.2,0.625,1,0.19,0.5937,2,0
IWM191011C150,2019-10-10,2019-10-10 09:32:40,0.19,0.5937,24,0.18,0.5625,379,0.2,0.625,1,0.185,0.5781,2,0
IWM191011C150,2019-10-10,2019-10-10 09:32:41,0.19,0.5937,78,0.18,0.5625,43,0.2,0.625,1,0.185,0.5781,2,0
IWM191011C150,2019-10-10,2019-10-10 09:32:41,0.19,0.5937,193,0.18,0.5625,41,0.2,0.625,1,0.185,0.5781,2,0
IWM191011C150,2019-10-10,2019-10-10 09:32:42,0.19,0.5937,230,0.18,0.5625,34,0.2,0.625,1,0.185,0.5781,2,0
IWM191011C150,2019-10-10,2019-10-10 09:32:42,0.19,0.5937,215,0.18,0.5625,20,0.2,0.625,1,0.185,0.5781,2,0
IWM191011C150,2019-10-10,2019-10-10 09:32:43,0.19,0.5937,307,0.18,0.5625,34,0.2,0.625,1,0.185,0.5781,2,0
IWM191011C150,2019-10-10,2019-10-10 09:32:44,0.19,0.5937,321,0.18,0.5625,34,0.2,0.625,1,0.185,0.5781,2,0
IWM191011C150,2019-10-10,2019-10-10 09:32:45,0.19,0.5937,78,0.17,0.5312,996,0.2,0.625,1,0.18,0.5625,2,0
IWM191011C150,2019-10-10,2019-10-10 09:32:45,0.19,0.5937,334,0.17,0.5312,1336,0.2,0.625,1,0.18,0.5625,2,0
IWM191011C150,2019-10-10,2019-10-10 09:32:46,0.19,0.5937,334,0.17,0.5312,937,0.2,0.625,1,0.18,0.5625,2,0
IWM191011C150,2019-10-10,2019-10-10 09:32:47,0.19,0.5937,334,0.17,0.5312,1098,0.2,0.625,1,0.18,0.5625,2,0
IWM191011C150,2019-10-10,2019-10-10 09:32:47,0.19,0.5937,334,0.17,0.5312,1262,0.2,0.625,1,0.18,0.5625,2,0
IWM191011C150,2019-10-10,2019-10-10 09:32:48,0.19,0.5937,350,0.17,0.5312,990,0.2,0.625,1,0.18,0.5625,2,0
IWM191011C150,2019-10-10,2019-10-10 09:32:48,0.19,0.5937,63,0.17,0.5312,20,0.2,0.625,1,0.18,0.5625,2,0
IWM191011C150,2019-10-10,2019-10-10 09:32:49,0.19,0.5937,214,0.17,0.5312,908,0.2,0.625,1,0.18,0.5625,2,0
IWM191011C150,2019-10-10,2019-10-10 09:32:49,0.19,0.5937,132,0.17,0.5312,314,0.2,0.625,1,0.18,0.5625,2,0
IWM191011C150,2019-10-10,2019-10-10 09:32:50,0.19,0.5937,191,0.17,0.5312,467,0.2,0.625,1,0.18,0.5625,2,0
IWM191011C150,2019-10-10,2019-10-10 09:32:50,0.19,0.5937,178,0.17,0.5312,755,0.2,0.625,1,0.18,0.5625,2,0
IWM191011C150,2019-10-10,2019-10-10 09:32:51,0.19,0.5937,178,0.17,0.5312,1482,0.2,0.625,1,0.18,0.5625,2,0
IWM191011C150,2019-10-10,2019-10-10 09:32:51,0.19,0.5937,108,0.17,0.5312,1657,0.2,0.625,1,0.18,0.5625,2,0
IWM191011C150,2019-10-10,2019-10-10 09:32:52,0.19,0.5937,1,0.17,0.5312,1657,0.2,0.625,1,0.18,0.5625,2,0
IWM191011C150,2019-10-10,2019-10-10 09:32:53,0.2,0.625,648,0.18,0.5625,89,0.2,0.625,1,0.19,0.5937,2,0
IWM191011C150,2019-10-10,2019-10-10 09:32:53,0.2,0.625,786,0.18,0.5625,89,0.2,0.625,1,0.19,0.5937,2,0
IWM191011C150,2019-10-10,2019-10-10 09:32:54,0.2,0.625,648,0.18,0.5625,116,0.2,0.625,1,0.19,0.5937,2,0
IWM191011C150,2019-10-10,2019-10-10 09:32:55,0.2,0.625,545,0.18,0.5625,541,0.2,0.625,1,0.19,0.5937,2,0
IWM191011C150,2019-10-10,2019-10-10 09:32:55,0.2,0.625,433,0.18,0.5625,480,0.2,0.625,1,0.19,0.5937,2,0
IWM191011C150,2019-10-10,2019-10-10 09:32:56,0.2,0.625,433,0.18,0.5625,480,0.2,0.625,1,0.19,0.5937,2,0
IWM191011C150,2019-10-10,2019-10-10 09:32:56,0.2,0.625,433,0.18,0.5625,1077,0.2,0.625,1,0.19,0.5937,2,0
IWM191011C150,2019-10-10,2019-10-10 09:32:57,0.2,0.625,338,0.19,0.5937,42,0.2,0.625,1,0.195,0.6093,2,0
IWM191011C150,2019-10-10,2019-10-10 09:32:57,0.2,0.625,348,0.19,0.5937,5,0.2,0.625,1,0.195,0.6093,2,0
IWM191011C150,2019-10-10,2019-10-10 09:32:58,0.2,0.625,309,0.19,0.5937,24,0.2,0.625,1,0.195,0.6093,2,0
IWM191011C150,2019-10-10,2019-10-10 09:32:58,0.2,0.625,338,0.18,0.5625,1435,0.2,0.625,1,0.19,0.5937,2,0
IWM191011C150,2019-10-10,2019-10-10 09:32:59,0.2,0.625,306,0.19,0.5937,21,0.2,0.625,1,0.195,0.6093,2,0
IWM191011C150,2019-10-10,2019-10-10 09:32:59,0.2,0.625,306,0.19,0.5937,5,0.2,0.625,1,0.195,0.6093,2,0
IWM191011C150,2019-10-10,2019-10-10 09:33:00,0.2,0.625,306,0.18,0.5625,1269,0.2,0.625,1,0.19,0.5937,2,0
IWM191011C150,2019-10-10,2019-10-10 09:33:01,0.2,0.625,270,0.19,0.5937,23,0.2,0.625,1,0.195,0.6093,2,0
IWM191011C150,2019-10-10,2019-10-10 09:33:01,0.2,0.625,270,0.19,0.5937,5,0.2,0.625,1,0.195,0.6093,2,0
IWM191011C150,2019-10-10,2019-10-10 09:33:02,0.2,0.625,270,0.19,0.5937,5,0.2,0.625,1,0.195,0.6093,2,0
IWM191011C150,2019-10-10,2019-10-10 09:33:02,0.2,0.625,273,0.19,0.5937,5,0.2,0.625,1,0.195,0.6093,2,0
IWM191011C150,2019-10-10,2019-10-10 09:33:03,0.2,0.625,302,0.19,0.5937,5,0.2,0.625,1,0.195,0.6093,2,0
IWM191011C150,2019-10-10,2019-10-10 09:33:03,0.2,0.625,273,0.18,0.5625,1724,0.2,0.625,1,0.19,0.5937,2,0
IWM191011C150,2019-10-10,2019-10-10 09:33:04,0.2,0.625,282,0.19,0.5937,2,0.2,0.625,1,0.195,0.6093,2,0
IWM191011C150,2019-10-10,2019-10-10 09:33:05,0.2,0.625,282,0.19,0.5937,2,0.2,0.625,1,0.195,0.6093,2,0
IWM191011C150,2019-10-10,2019-10-10 09:33:06,0.2,0.625,273,0.18,0.5625,1911,0.2,0.625,1,0.19,0.5937,2,0
IWM191011C150,2019-10-10,2019-10-10 09:33:06,0.2,0.625,273,0.18,0.5625,2106,0.2,0.625,1,0.19,0.5937,2,0
IWM191011C150,2019-10-10,2019-10-10 09:33:07,0.2,0.625,263,0.19,0.5937,2,0.2,0.625,1,0.195,0.6093,2,0
IWM191011C150,2019-10-10,2019-10-10 09:33:07,0.2,0.625,273,0.19,0.5937,2,0.2,0.625,1,0.195,0.6093,2,0
IWM191011C150,2019-10-10,2019-10-10 09:33:08,0.2,0.625,263,0.19,0.5937,12,0.2,0.625,1,0.195,0.6093,2,0
IWM191011C150,2019-10-10,2019-10-10 09:33:08,0.2,0.625,302,0.18,0.5625,1911,0.2,0.625,1,0.19,0.5937,2,0
IWM191011C150,2019-10-10,2019-10-10 09:33:09,0.2,0.625,10,0.19,0.5937,56,0.2,0.625,1,0.195,0.6093,2,0
IWM191011C150,2019-10-10,2019-10-10 09:33:09,0.2,0.625,215,0.19,0.5937,47,0.2,0.625,1,0.195,0.6093,2,0
IWM191011C150,2019-10-10,2019-10-10 09:33:10,0.21,0.6562,261,0.19,0.5937,169,0.2,0.625,1,0.2,0.625,2,0
IWM191011C150,2019-10-10,2019-10-10 09:33:10,0.21,0.6562,553,0.19,0.5937,180,0.2,0.625,1,0.2,0.625,2,0
IWM191011C150,2019-10-10,2019-10-10 09:33:11,0.21,0.6562,261,0.19,0.5937,169,0.2,0.625,1,0.2,0.625,2,0
IWM191011C150,2019-10-10,2019-10-10 09:33:11,0.21,0.6562,498,0.19,0.5937,1621,0.2,0.625,1,0.2,0.625,2,0
IWM191011C150,2019-10-10,2019-10-10 09:33:12,0.21,0.6562,639,0.2,0.625,8,0.2,0.625,1,0.205,0.6406,2,0
IWM191011C150,2019-10-10,2019-10-10 09:33:12,0.21,0.6562,571,0.19,0.5937,124,0.2,0.625,1,0.2,0.625,2,0
IWM191011C150,2019-10-10,2019-10-10 09:33:13,0.21,0.6562,272,0.2,0.625,60,0.2,0.625,1,0.205,0.6406,2,0
IWM191011C150,2019-10-10,2019-10-10 09:33:13,0.21,0.6562,275,0.2,0.625,8,0.2,0.625,1,0.205,0.6406,2,0
IWM191011C150,2019-10-10,2019-10-10 09:33:14,0.21,0.6562,313,0.2,0.625,205,0.2,0.625,1,0.205,0.6406,2,0
IWM191011C150,2019-10-10,2019-10-10 09:33:14,0.21,0.6562,313,0.2,0.625,169,0.2,0.625,1,0.205,0.6406,2,0
IWM191011C150,2019-10-10,2019-10-10 09:33:15,0.21,0.6562,313,0.2,0.625,371,0.2,0.625,1,0.205,0.6406,2,0
IWM191011C150,2019-10-10,2019-10-10 09:33:15,0.21,0.6562,313,0.2,0.625,503,0.2,0.625,1,0.205,0.6406,2,0
IWM191011C150,2019-10-10,2019-10-10 09:33:16,0.21,0.6562,25,0.2,0.625,267,0.2,0.625,1,0.205,0.6406,2,0
IWM191011C150,2019-10-10,2019-10-10 09:33:16,0.22,0.6875,132,0.2,0.625,216,0.2,0.625,1,0.21,0.6562,2,0
IWM191011C150,2019-10-10,2019-10-10 09:33:17,0.22,0.6875,448,0.2,0.625,378,0.2,0.625,1,0.21,0.6562,2,0
IWM191011C150,2019-10-10,2019-10-10 09:33:17,0.22,0.6875,570,0.2,0.625,378,0.2,0.625,1,0.21,0.6562,2,0
IWM191011C150,2019-10-10,2019-10-10 09:33:18,0.22,0.6875,718,0.2,0.625,570,0.2,0.625,1,0.21,0.6562,2,0
IWM191011C150,2019-10-10,2019-10-10 09:33:18,0.22,0.6875,639,0.2,0.625,378,0.2,0.625,1,0.21,0.6562,2,0
IWM191011C150,2019-10-10,2019-10-10 09:33:19,0.21,0.6562,207,0.2,0.625,407,0.2,0.625,1,0.205,0.6406,2,0
IWM191011C150,2019-10-10,2019-10-10 09:33:19,0.21,0.6562,172,0.2,0.625,407,0.2,0.625,1,0.205,0.6406,2,0
IWM191011C150,2019-10-10,2019-10-10 09:33:20,0.21,0.6562,306,0.2,0.625,137,0.2,0.625,1,0.205,0.6406,2,0
IWM191011C150,2019-10-10,2019-10-10 09:33:20,0.21,0.6562,483,0.2,0.625,85,0.2,0.625,1,0.205,0.6406,2,0
IWM191011C150,2019-10-10,2019-10-10 09:33:21,0.21,0.6562,483,0.2,0.625,47,0.2,0.625,1,0.205,0.6406,2,0
IWM191011C150,2019-10-10,2019-10-10 09:33:22,0.21,0.6562,402,0.19,0.5937,1520,0.2,0.625,1,0.2,0.625,2,0
IWM191011C150,2019-10-10,2019-10-10 09:33:22,0.21,0.6562,399,0.19,0.5937,725,0.2,0.625,1,0.2,0.625,2,0
IWM191011C150,2019-10-10,2019-10-10 09:33:23,0.21,0.6562,402,0.19,0.5937,1220,0.2,0.625,1,0.2,0.625,2,0
IWM191011C150,2019-10-10,2019-10-10 09:33:23,0.21,0.6562,393,0.19,0.5937,1220,0.2,0.625,1,0.2,0.625,2,0
IWM191011C150,2019-10-10,2019-10-10 09:33:24,0.21,0.6562,23,0.19,0.5937,1490,0.2,0.625,1,0.2,0.625,2,0
IWM191011C150,2019-10-10,2019-10-10 09:33:24,0.21,0.6562,393,0.19,0.5937,1220,0.2,0.625,1,0.2,0.625,2,0
IWM191011C150,2019-10-10,2019-10-10 09:33:25,0.21,0.6562,23,0.2,0.625,571,0.2,0.625,1,0.205,0.6406,2,0
IWM191011C150,2019-10-10,2019-10-10 09:33:25,0.22,0.6875,340,0.2,0.625,644,0.2,0.625,1,0.21,0.6562,2,0
IWM191011C150,2019-10-10,2019-10-10 09:33:26,0.22,0.6875,734,0.2,0.625,549,0.2,0.625,1,0.21,0.6562,2,0
IWM191011C150,2019-10-10,2019-10-10 09:33:26,0.22,0.6875,965,0.2,0.625,603,0.2,0.625,1,0.21,0.6562,2,0
IWM191011C150,2019-10-10,2019-10-10 09:33:27,0.21,0.6562,196,0.2,0.625,732,0.2,0.625,1,0.205,0.6406,2,0
IWM191011C150,2019-10-10,2019-10-10 09:33:27,0.21,0.6562,206,0.2,0.625,732,0.2,0.625,1,0.205,0.6406,2,0
IWM191011C150,2019-10-10,2019-10-10 09:33:28,0.21,0.6562,11,0.2,0.625,598,0.2,0.625,1,0.205,0.6406,2,0
IWM191011C150,2019-10-10,2019-10-10 09:33:28,0.21,0.6562,147,0.2,0.625,732,0.2,0.625,1,0.205,0.6406,2,0
IWM191011C150,2019-10-10,2019-10-10 09:33:29,0.21,0.6562,11,0.2,0.625,598,0.2,0.625,1,0.205,0.6406,2,0
IWM191011C150,2019-10-10,2019-10-10 09:33:29,0.21,0.6562,10,0.2,0.625,598,0.2,0.625,1,0.205,0.6406,2,0
IWM191011C150,2019-10-10,2019-10-10 09:33:30,0.22,0.6875,352,0.2,0.625,598,0.2,0.625,1,0.21,0.6562,2,0
IWM191011C150,2019-10-10,2019-10-10 09:33:30,0.21,0.6562,20,0.2,0.625,264,0.2,0.625,10,0.205,0.6406,12,10
IWM191011C150,2019-10-10,2019-10-10 09:33:31,0.21,0.6562,47,0.2,0.625,44,0.2,0.625,10,0.205,0.6406,12,0
IWM191011C150,2019-10-10,2019-10-10 09:33:31,0.21,0.6562,47,0.2,0.625,45,0.2,0.625,10,0.205,0.6406,12,0
IWM191011C150,2019-10-10,2019-10-10 09:33:32,0.21,0.6562,181,0.2,0.625,61,0.2,0.625,10,0.205,0.6406,12,0
IWM191011C150,2019-10-10,2019-10-10 09:33:32,0.21,0.6562,162,0.2,0.625,49,0.2,0.625,10,0.205,0.6406,12,0
IWM191011C150,2019-10-10,2019-10-10 09:33:33,0.21,0.6562,181,0.19,0.5937,902,0.2,0.625,10,0.2,0.625,12,0
IWM191011C150,2019-10-10,2019-10-10 09:33:33,0.21,0.6562,683,0.19,0.5937,1718,0.2,0.625,10,0.2,0.625,12,0
IWM191011C150,2019-10-10,2019-10-10 09:33:34,0.21,0.6562,454,0.19,0.5937,388,0.2,0.625,10,0.2,0.625,12,0
IWM191011C150,2019-10-10,2019-10-10 09:33:34,0.21,0.6562,683,0.19,0.5937,1718,0.2,0.625,10,0.2,0.625,12,0
IWM191011C150,2019-10-10,2019-10-10 09:33:35,0.2,0.625,28,0.19,0.5937,1130,0.2,0.625,10,0.195,0.6093,12,0
IWM191011C150,2019-10-10,2019-10-10 09:33:35,0.2,0.625,48,0.19,0.5937,287,0.2,0.625,10,0.195,0.6093,12,0
IWM191011C150,2019-10-10,2019-10-10 09:33:36,0.2,0.625,55,0.19,0.5937,351,0.2,0.625,10,0.195,0.6093,12,0
IWM191011C150,2019-10-10,2019-10-10 09:33:36,0.2,0.625,35,0.19,0.5937,24,0.2,0.625,10,0.195,0.6093,12,0
IWM191011C150,2019-10-10,2019-10-10 09:33:37,0.2,0.625,147,0.18,0.5625,69,0.2,0.625,10,0.19,0.5937,12,0
IWM191011C150,2019-10-10,2019-10-10 09:33:37,0.19,0.5937,240,0.18,0.5625,40,0.2,0.625,10,0.185,0.5781,12,0
IWM191011C150,2019-10-10,2019-10-10 09:33:38,0.2,0.625,298,0.18,0.5625,259,0.2,0.625,10,0.19,0.5937,12,0
IWM191011C150,2019-10-10,2019-10-10 09:33:38,0.19,0.5937,37,0.18,0.5625,112,0.2,0.625,10,0.185,0.5781,12,0
IWM191011C150,2019-10-10,2019-10-10 09:33:39,0.2,0.625,281,0.18,0.5625,549,0.2,0.625,10,0.19,0.5937,12,0
IWM191011C150,2019-10-10,2019-10-10 09:33:39,0.19,0.5937,10,0.18,0.5625,813,0.2,0.625,10,0.185,0.5781,12,0
IWM191011C150,2019-10-10,2019-10-10 09:33:40,0.2,0.625,365,0.18,0.5625,549,0.2,0.625,10,0.19,0.5937,12,0
IWM191011C150,2019-10-10,2019-10-10 09:33:40,0.2,0.625,355,0.18,0.5625,951,0.2,0.625,10,0.19,0.5937,12,0
IWM191011C150,2019-10-10,2019-10-10 09:33:41,0.2,0.625,365,0.18,0.5625,1426,0.2,0.625,10,0.19,0.5937,12,0
IWM191011C150,2019-10-10,2019-10-10 09:33:41,0.2,0.625,365,0.18,0.5625,1096,0.2,0.625,10,0.19,0.5937,12,0
IWM191011C150,2019-10-10,2019-10-10 09:33:42,0.2,0.625,365,0.18,0.5625,1695,0.2,0.625,10,0.19,0.5937,12,0
IWM191011C150,2019-10-10,2019-10-10 09:33:42,0.19,0.5937,10,0.18,0.5625,1695,0.2,0.625,10,0.185,0.5781,12,0
IWM191011C150,2019-10-10,2019-10-10 09:33:43,0.2,0.625,26,0.18,0.5625,653,0.2,0.625,10,0.19,0.5937,12,0
IWM191011C150,2019-10-10,2019-10-10 09:33:43,0.2,0.625,55,0.18,0.5625,1265,0.2,0.625,10,0.19,0.5937,12,0
IWM191011C150,2019-10-10,2019-10-10 09:33:44,0.2,0.625,71,0.18,0.5625,1812,0.2,0.625,10,0.19,0.5937,12,0
IWM191011C150,2019-10-10,2019-10-10 09:33:44,0.2,0.625,70,0.18,0.5625,1481,0.2,0.625,10,0.19,0.5937,12,0
IWM191011C150,2019-10-10,2019-10-10 09:33:45,0.2,0.625,67,0.18,0.5625,1481,0.2,0.625,10,0.19,0.5937,12,0
IWM191011C150,2019-10-10,2019-10-10 09:33:46,0.21,0.6562,432,0.19,0.5937,98,0.2,0.625,10,0.2,0.625,12,0
IWM191011C150,2019-10-10,2019-10-10 09:33:46,0.2,0.625,50,0.19,0.5937,556,0.2,0.625,10,0.195,0.6093,12,0
IWM191011C150,2019-10-10,2019-10-10 09:33:47,0.21,0.6562,458,0.19,0.5937,369,0.2,0.625,10,0.2,0.625,12,0
IWM191011C150,2019-10-10,2019-10-10 09:33:48,0.21,0.6562,415,0.2,0.625,37,0.2,0.625,10,0.205,0.6406,12,0
IWM191011C150,2019-10-10,2019-10-10 09:33:48,0.21,0.6562,287,0.19,0.5937,247,0.2,0.625,10,0.2,0.625,12,0
IWM191011C150,2019-10-10,2019-10-10 09:33:49,0.21,0.6562,483,0.2,0.625,28,0.2,0.625,10,0.205,0.6406,12,0
IWM191011C150,2019-10-10,2019-10-10 09:33:49,0.21,0.6562,483,0.19,0.5937,554,0.2,0.625,10,0.2,0.625,12,0
IWM191011C150,2019-10-10,2019-10-10 09:33:50,0.21,0.6562,555,0.2,0.625,10,0.2,0.625,10,0.205,0.6406,12,0
IWM191011C150,2019-10-10,2019-10-10 09:33:50,0.21,0.6562,717,0.19,0.5937,711,0.2,0.625,10,0.2,0.625,12,0
IWM191011C150,2019-10-10,2019-10-10 09:33:51,0.21,0.6562,555,0.19,0.5937,710,0.2,0.625,10,0.2,0.625,12,0
IWM191011C150,2019-10-10,2019-10-10 09:33:51,0.21,0.6562,282,0.2,0.625,25,0.2,0.625,10,0.205,0.6406,12,0
IWM191011C150,2019-10-10,2019-10-10 09:33:52,0.21,0.6562,125,0.2,0.625,185,0.2,0.625,10,0.205,0.6406,12,0
IWM191011C150,2019-10-10,2019-10-10 09:33:52,0.21,0.6562,247,0.2,0.625,45,0.2,0.625,10,0.205,0.6406,12,0
IWM191011C150,2019-10-10,2019-10-10 09:33:53,0.22,0.6875,298,0.2,0.625,636,0.2,0.625,10,0.21,0.6562,12,0
IWM191011C150,2019-10-10,2019-10-10 09:33:53,0.21,0.6562,48,0.2,0.625,321,0.2,0.625,10,0.205,0.6406,12,0
IWM191011C150,2019-10-10,2019-10-10 09:33:54,0.22,0.6875,479,0.2,0.625,764,0.2,0.625,10,0.21,0.6562,12,0
IWM191011C150,2019-10-10,2019-10-10 09:33:54,0.22,0.6875,646,0.2,0.625,806,0.2,0.625,10,0.21,0.6562,12,0
IWM191011C150,2019-10-10,2019-10-10 09:33:55,0.22,0.6875,406,0.2,0.625,1667,0.2,0.625,10,0.21,0.6562,12,0
IWM191011C150,2019-10-10,2019-10-10 09:33:55,0.22,0.6875,406,0.2,0.625,839,0.2,0.625,10,0.21,0.6562,12,0
IWM191011C150,2019-10-10,2019-10-10 09:33:56,0.22,0.6875,406,0.2,0.625,1473,0.2,0.625,10,0.21,0.6562,12,0
IWM191011C150,2019-10-10,2019-10-10 09:33:57,0.22,0.6875,523,0.2,0.625,1804,0.2,0.625,10,0.21,0.6562,12,0
IWM191011C150,2019-10-10,2019-10-10 09:33:57,0.22,0.6875,153,0.2,0.625,430,0.2,0.625,10,0.21,0.6562,12,0
IWM191011C150,2019-10-10,2019-10-10 09:33:58,0.22,0.6875,153,0.2,0.625,1895,0.2,0.625,10,0.21,0.6562,12,0
IWM191011C150,2019-10-10,2019-10-10 09:33:58,0.22,0.6875,153,0.2,0.625,1417,0.2,0.625,10,0.21,0.6562,12,0
IWM191011C150,2019-10-10,2019-10-10 09:33:59,0.22,0.6875,211,0.2,0.625,1784,0.2,0.625,10,0.21,0.6562,12,0
IWM191011C150,2019-10-10,2019-10-10 09:33:59,0.22,0.6875,251,0.2,0.625,1173,0.2,0.625,10,0.21,0.6562,12,0
IWM191011C150,2019-10-10,2019-10-10 09:34:00,0.22,0.6875,268,0.2,0.625,1672,0.2,0.625,10,0.21,0.6562,12,0
IWM191011C150,2019-10-10,2019-10-10 09:34:01,0.22,0.6875,269,0.2,0.625,2004,0.2,0.625,10,0.21,0.6562,12,0
IWM191011C150,2019-10-10,2019-10-10 09:34:01,0.22,0.6875,268,0.2,0.625,2004,0.2,0.625,10,0.21,0.6562,12,0
IWM191011C150,2019-10-10,2019-10-10 09:34:02,0.22,0.6875,521,0.2,0.625,2266,0.2,0.625,10,0.21,0.6562,12,0
IWM191011C150,2019-10-10,2019-10-10 09:34:02,0.22,0.6875,420,0.2,0.625,2004,0.2,0.625,10,0.21,0.6562,12,0
IWM191011C150,2019-10-10,2019-10-10 09:34:03,0.22,0.6875,678,0.2,0.625,1140,0.2,0.625,10,0.21,0.6562,12,0
IWM191011C150,2019-10-10,2019-10-10 09:34:03,0.22,0.6875,580,0.2,0.625,1284,0.2,0.625,10,0.21,0.6562,12,0
IWM191011C150,2019-10-10,2019-10-10 09:34:04,0.22,0.6875,678,0.2,0.625,1140,0.2,0.625,10,0.21,0.6562,12,0
IWM191011C150,2019-10-10,2019-10-10 09:34:04,0.22,0.6875,678,0.2,0.625,1867,0.2,0.625,10,0.21,0.6562,12,0
IWM191011C150,2019-10-10,2019-10-10 09:34:05,0.22,0.6875,671,0.2,0.625,1867,0.2,0.625,10,0.21,0.6562,12,0
IWM191011C150,2019-10-10,2019-10-10 09:34:06,0.22,0.6875,677,0.2,0.625,1784,0.2,0.625,10,0.21,0.6562,12,0
IWM191011C150,2019-10-10,2019-10-10 09:34:07,0.22,0.6875,677,0.2,0.625,1784,0.2,0.625,10,0.21,0.6562,12,0
IWM191011C150,2019-10-10,2019-10-10 09:34:08,0.22,0.6875,677,0.2,0.625,1784,0.2,0.625,10,0.21,0.6562,12,0
IWM191011C150,2019-10-10,2019-10-10 09:34:09,0.22,0.6875,677,0.2,0.625,1784,0.2,0.625,10,0.21,0.6562,12,0
IWM191011C150,2019-10-10,2019-10-10 09:34:10,0.22,0.6875,350,0.21,0.6562,42,0.2,0.625,10,0.215,0.6718,12,0
IWM191011C150,2019-10-10,2019-10-10 09:34:10,0.22,0.6875,114,0.21,0.6562,42,0.2,0.625,10,0.215,0.6718,12,0
IWM191011C150,2019-10-10,2019-10-10 09:34:11,0.22,0.6875,174,0.21,0.6562,39,0.2,0.625,10,0.215,0.6718,12,0
IWM191011C150,2019-10-10,2019-10-10 09:34:11,0.22,0.6875,251,0.21,0.6562,39,0.2,0.625,10,0.215,0.6718,12,0
IWM191011C150,2019-10-10,2019-10-10 09:34:12,0.22,0.6875,352,0.21,0.6562,45,0.2,0.625,10,0.215,0.6718,12,0
IWM191011C150,2019-10-10,2019-10-10 09:34:12,0.22,0.6875,251,0.21,0.6562,39,0.2,0.625,10,0.215,0.6718,12,0
IWM191011C150,2019-10-10,2019-10-10 09:34:13,0.22,0.6875,268,0.21,0.6562,45,0.2,0.625,10,0.215,0.6718,12,0
IWM191011C150,2019-10-10,2019-10-10 09:34:13,0.22,0.6875,352,0.21,0.6562,45,0.2,0.625,10,0.215,0.6718,12,0
IWM191011C150,2019-10-10,2019-10-10 09:34:14,0.22,0.6875,212,0.21,0.6562,54,0.2,0.625,10,0.215,0.6718,12,0
IWM191011C150,2019-10-10,2019-10-10 09:34:14,0.22,0.6875,319,0.21,0.6562,54,0.2,0.625,10,0.215,0.6718,12,0
IWM191011C150,2019-10-10,2019-10-10 09:34:15,0.22,0.6875,296,0.21,0.6562,54,0.2,0.625,10,0.215,0.6718,12,0
IWM191011C150,2019-10-10,2019-10-10 09:34:16,0.22,0.6875,296,0.21,0.6562,70,0.2,0.625,10,0.215,0.6718,12,0
IWM191011C150,2019-10-10,2019-10-10 09:34:17,0.22,0.6875,296,0.21,0.6562,70,0.2,0.625,10,0.215,0.6718,12,0
IWM191011C150,2019-10-10,2019-10-10 09:34:18,0.22,0.6875,479,0.21,0.6562,70,0.2,0.625,10,0.215,0.6718,12,0
IWM191011C150,2019-10-10,2019-10-10 09:34:18,0.22,0.6875,403,0.2,0.625,1088,0.2,0.625,10,0.21,0.6562,12,0
IWM191011C150,2019-10-10,2019-10-10 09:34:19,0.22,0.6875,403,0.2,0.625,1564,0.2,0.625,10,0.21,0.6562,12,0
IWM191011C150,2019-10-10,2019-10-10 09:34:20,0.22,0.6875,403,0.2,0.625,1564,0.2,0.625,10,0.21,0.6562,12,0
IWM191011C150,2019-10-10,2019-10-10 09:34:20,0.22,0.6875,403,0.2,0.625,896,0.2,0.625,10,0.21,0.6562,12,0
IWM191011C150,2019-10-10,2019-10-10 09:34:21,0.21,0.6562,28,0.2,0.625,35,0.2,0.625,10,0.205,0.6406,12,0
IWM191011C150,2019-10-10,2019-10-10 09:34:21,0.21,0.6562,24,0.2,0.625,66,0.2,0.625,10,0.205,0.6406,12,0
IWM191011C150,2019-10-10,2019-10-10 09:34:22,0.21,0.6562,24,0.2,0.625,57,0.2,0.625,10,0.205,0.6406,12,0
IWM191011C150,2019-10-10,2019-10-10 09:34:22,0.21,0.6562,24,0.2,0.625,36,0.2,0.625,10,0.205,0.6406,12,0
IWM191011C150,2019-10-10,2019-10-10 09:34:23,0.21,0.6562,28,0.2,0.625,204,0.2,0.625,10,0.205,0.6406,12,0
IWM191011C150,2019-10-10,2019-10-10 09:34:23,0.21,0.6562,28,0.2,0.625,134,0.2,0.625,10,0.205,0.6406,12,0
IWM191011C150,2019-10-10,2019-10-10 09:34:24,0.21,0.6562,25,0.2,0.625,204,0.2,0.625,10,0.205,0.6406,12,0
IWM191011C150,2019-10-10,2019-10-10 09:34:25,0.21,0.6562,25,0.2,0.625,204,0.2,0.625,10,0.205,0.6406,12,0
IWM191011C150,2019-10-10,2019-10-10 09:34:26,0.21,0.6562,24,0.2,0.625,328,0.2,0.625,10,0.205,0.6406,12,0
IWM191011C150,2019-10-10,2019-10-10 09:34:27,0.21,0.6562,24,0.2,0.625,328,0.2,0.625,10,0.205,0.6406,12,0
IWM191011C150,2019-10-10,2019-10-10 09:34:28,0.21,0.6562,24,0.2,0.625,328,0.2,0.625,10,0.205,0.6406,12,0
IWM191011C150,2019-10-10,2019-10-10 09:34:29,0.21,0.6562,24,0.2,0.625,328,0.2,0.625,10,0.205,0.6406,12,0
IWM191011C150,2019-10-10,2019-10-10 09:34:30,0.21,0.6562,10,0.2,0.625,328,0.2,0.625,10,0.205,0.6406,12,0
IWM191011C150,2019-10-10,2019-10-10 09:34:30,0.22,0.6875,543,0.2,0.625,409,0.2,0.625,10,0.21,0.6562,12,0
IWM191011C150,2019-10-10,2019-10-10 09:34:31,0.21,0.6562,3,0.2,0.625,504,0.2,0.625,10,0.205,0.6406,12,0
IWM191011C150,2019-10-10,2019-10-10 09:34:31,0.22,0.6875,712,0.2,0.625,504,0.2,0.625,10,0.21,0.6562,12,0
IWM191011C150,2019-10-10,2019-10-10 09:34:32,0.21,0.6562,3,0.2,0.625,1410,0.2,0.625,10,0.205,0.6406,12,0
IWM191011C150,2019-10-10,2019-10-10 09:34:32,0.21,0.6562,3,0.2,0.625,778,0.2,0.625,10,0.205,0.6406,12,0
IWM191011C150,2019-10-10,2019-10-10 09:34:33,0.21,0.6562,3,0.2,0.625,1410,0.2,0.625,10,0.205,0.6406,12,0
IWM191011C150,2019-10-10,2019-10-10 09:34:33,0.21,0.6562,3,0.2,0.625,868,0.2,0.625,10,0.205,0.6406,12,0
IWM191011C150,2019-10-10,2019-10-10 09:34:34,0.21,0.6562,3,0.2,0.625,1234,0.2,0.625,10,0.205,0.6406,12,0
IWM191011C150,2019-10-10,2019-10-10 09:34:34,0.21,0.6562,3,0.2,0.625,1269,0.2,0.625,10,0.205,0.6406,12,0
IWM191011C150,2019-10-10,2019-10-10 09:34:35,0.21,0.6562,3,0.2,0.625,904,0.2,0.625,10,0.205,0.6406,12,0
IWM191011C150,2019-10-10,2019-10-10 09:34:35,0.21,0.6562,3,0.2,0.625,1269,0.2,0.625,10,0.205,0.6406,12,0
IWM191011C150,2019-10-10,2019-10-10 09:34:36,0.21,0.6562,3,0.2,0.625,1097,0.2,0.625,10,0.205,0.6406,12,0
IWM191011C150,2019-10-10,2019-10-10 09:34:37,0.21,0.6562,3,0.2,0.625,1097,0.2,0.625,10,0.205,0.6406,12,0
IWM191011C150,2019-10-10,2019-10-10 09:34:37,0.21,0.6562,3,0.2,0.625,1430,0.2,0.625,10,0.205,0.6406,12,0
IWM191011C150,2019-10-10,2019-10-10 09:34:38,0.21,0.6562,3,0.2,0.625,1225,0.2,0.625,10,0.205,0.6406,12,0
IWM191011C150,2019-10-10,2019-10-10 09:34:38,0.21,0.6562,3,0.2,0.625,1430,0.2,0.625,10,0.205,0.6406,12,0
IWM191011C150,2019-10-10,2019-10-10 09:34:39,0.21,0.6562,3,0.2,0.625,1225,0.2,0.625,10,0.205,0.6406,12,0
IWM191011C150,2019-10-10,2019-10-10 09:34:40,0.21,0.6562,3,0.2,0.625,1394,0.2,0.625,10,0.205,0.6406,12,0
IWM191011C150,2019-10-10,2019-10-10 09:34:40,0.21,0.6562,3,0.2,0.625,1558,0.2,0.625,10,0.205,0.6406,12,0
IWM191011C150,2019-10-10,2019-10-10 09:34:41,0.21,0.6562,3,0.21,0.6562,263,0.21,0.6562,3,0.21,0.6562,15,3
IWM191011C150,2019-10-10,2019-10-10 09:34:41,0.21,0.6562,3,0.2,0.625,1394,0.2,0.625,10,0.205,0.6406,12,0
IWM191011C150,2019-10-10,2019-10-10 09:34:42,0.21,0.6562,3,0.21,0.6562,425,0.21,0.6562,3,0.21,0.6562,15,0
IWM191011C150,2019-10-10,2019-10-10 09:34:42,0.21,0.6562,3,0.21,0.6562,263,0.21,0.6562,3,0.21,0.6562,15,0
IWM191011C150,2019-10-10,2019-10-10 09:34:43,0.22,0.6875,11,0.21,0.6562,690,0.21,0.6562,3,0.215,0.6718,15,0
IWM191011C150,2019-10-10,2019-10-10 09:34:44,0.23,0.7187,373,0.21,0.6562,731,0.21,0.6562,3,0.22,0.6875,15,0
IWM191011C150,2019-10-10,2019-10-10 09:34:44,0.23,0.7187,373,0.21,0.6562,966,0.21,0.6562,3,0.22,0.6875,15,0
IWM191011C150,2019-10-10,2019-10-10 09:34:45,0.23,0.7187,182,0.21,0.6562,975,0.21,0.6562,3,0.22,0.6875,15,0
IWM191011C150,2019-10-10,2019-10-10 09:34:46,0.23,0.7187,182,0.21,0.6562,1611,0.21,0.6562,3,0.22,0.6875,15,0
IWM191011C150,2019-10-10,2019-10-10 09:34:46,0.23,0.7187,182,0.21,0.6562,1814,0.21,0.6562,3,0.22,0.6875,15,0
IWM191011C150,2019-10-10,2019-10-10 09:34:47,0.23,0.7187,198,0.21,0.6562,1809,0.21,0.6562,3,0.22,0.6875,15,0
IWM191011C150,2019-10-10,2019-10-10 09:34:47,0.23,0.7187,74,0.21,0.6562,1570,0.21,0.6562,3,0.22,0.6875,15,0
IWM191011C150,2019-10-10,2019-10-10 09:34:48,0.22,0.6875,3,0.21,0.6562,438,0.21,0.6562,3,0.215,0.6718,15,0
IWM191011C150,2019-10-10,2019-10-10 09:34:49,0.22,0.6875,3,0.21,0.6562,422,0.21,0.6562,3,0.215,0.6718,15,0
IWM191011C150,2019-10-10,2019-10-10 09:34:50,0.22,0.6875,3,0.21,0.6562,445,0.21,0.6562,3,0.215,0.6718,15,0
IWM191011C150,2019-10-10,2019-10-10 09:34:50,0.23,0.7187,372,0.21,0.6562,953,0.21,0.6562,3,0.22,0.6875,15,0
IWM191011C150,2019-10-10,2019-10-10 09:34:51,0.23,0.7187,650,0.21,0.6562,1621,0.21,0.6562,3,0.22,0.6875,15,0
IWM191011C150,2019-10-10,2019-10-10 09:34:52,0.23,0.7187,650,0.21,0.6562,1621,0.21,0.6562,3,0.22,0.6875,15,0
IWM191011C150,2019-10-10,2019-10-10 09:34:52,0.23,0.7187,141,0.21,0.6562,1621,0.21,0.6562,3,0.22,0.6875,15,0
IWM191011C150,2019-10-10,2019-10-10 09:34:53,0.23,0.7187,238,0.21,0.6562,1621,0.21,0.6562,3,0.22,0.6875,15,0
IWM191011C150,2019-10-10,2019-10-10 09:34:53,0.23,0.7187,238,0.22,0.6875,20,0.21,0.6562,3,0.225,0.7031,15,0
IWM191011C150,2019-10-10,2019-10-10 09:34:54,0.23,0.7187,462,0.22,0.6875,24,0.21,0.6562,3,0.225,0.7031,15,0
IWM191011C150,2019-10-10,2019-10-10 09:34:55,0.23,0.7187,602,0.21,0.6562,577,0.21,0.6562,3,0.22,0.6875,15,0
IWM191011C150,2019-10-10,2019-10-10 09:34:55,0.23,0.7187,563,0.22,0.6875,24,0.21,0.6562,3,0.225,0.7031,15,0
IWM191011C150,2019-10-10,2019-10-10 09:34:56,0.23,0.7187,602,0.21,0.6562,577,0.21,0.6562,3,0.22,0.6875,15,0
IWM191011C150,2019-10-10,2019-10-10 09:34:56,0.23,0.7187,538,0.21,0.6562,577,0.22,0.6875,10,0.22,0.6875,25,10
IWM191011C150,2019-10-10,2019-10-10 09:34:57,0.23,0.7187,33,0.22,0.6875,229,0.22,0.6875,10,0.225,0.7031,25,0
IWM191011C150,2019-10-10,2019-10-10 09:34:57,0.24,0.75,282,0.22,0.6875,719,0.22,0.6875,10,0.23,0.7187,25,0
IWM191011C150,2019-10-10,2019-10-10 09:34:58,0.24,0.75,161,0.23,0.7187,31,0.22,0.6875,10,0.235,0.7343,25,0
IWM191011C150,2019-10-10,2019-10-10 09:34:58,0.24,0.75,278,0.23,0.7187,20,0.22,0.6875,10,0.235,0.7343,25,0
IWM191011C150,2019-10-10,2019-10-10 09:34:59,0.24,0.75,298,0.22,0.6875,737,0.22,0.6875,10,0.23,0.7187,25,0
IWM191011C150,2019-10-10,2019-10-10 09:34:59,0.24,0.75,342,0.22,0.6875,680,0.22,0.6875,10,0.23,0.7187,25,0
IWM191011C150,2019-10-10,2019-10-10 09:35:00,0.24,0.75,38,0.23,0.7187,70,0.22,0.6875,10,0.235,0.7343,25,0
IWM191011C150,2019-10-10,2019-10-10 09:35:00,0.24,0.75,28,0.23,0.7187,43,0.22,0.6875,10,0.235,0.7343,25,0
IWM191011C150,2019-10-10,2019-10-10 09:35:01,0.24,0.75,242,0.23,0.7187,71,0.22,0.6875,10,0.235,0.7343,25,0
IWM191011C150,2019-10-10,2019-10-10 09:35:01,0.24,0.75,28,0.23,0.7187,71,0.22,0.6875,10,0.235,0.7343,25,0
IWM191011C150,2019-10-10,2019-10-10 09:35:02,0.24,0.75,322,0.22,0.6875,668,0.22,0.6875,10,0.23,0.7187,25,0
IWM191011C150,2019-10-10,2019-10-10 09:35:03,0.24,0.75,354,0.22,0.6875,695,0.22,0.6875,10,0.23,0.7187,25,0
IWM191011C150,2019-10-10,2019-10-10 09:35:03,0.24,0.75,322,0.22,0.6875,1017,0.22,0.6875,10,0.23,0.7187,25,0
IWM191011C150,2019-10-10,2019-10-10 09:35:04,0.24,0.75,202,0.22,0.6875,331,0.22,0.6875,10,0.23,0.7187,25,0
IWM191011C150,2019-10-10,2019-10-10 09:35:04,0.24,0.75,265,0.22,0.6875,351,0.22,0.6875,10,0.23,0.7187,25,0
IWM191011C150,2019-10-10,2019-10-10 09:35:05,0.24,0.75,11,0.23,0.7187,86,0.22,0.6875,10,0.235,0.7343,25,0
IWM191011C150,2019-10-10,2019-10-10 09:35:05,0.24,0.75,132,0.22,0.6875,386,0.22,0.6875,10,0.23,0.7187,25,0
IWM191011C150,2019-10-10,2019-10-10 09:35:06,0.24,0.75,11,0.23,0.7187,321,0.22,0.6875,10,0.235,0.7343,25,0
IWM191011C150,2019-10-10,2019-10-10 09:35:06,0.24,0.75,11,0.23,0.7187,216,0.22,0.6875,10,0.235,0.7343,25,0
IWM191011C150,2019-10-10,2019-10-10 09:35:07,0.25,0.7812,369,0.23,0.7187,266,0.22,0.6875,10,0.24,0.75,25,0
IWM191011C150,2019-10-10,2019-10-10 09:35:07,0.25,0.7812,369,0.23,0.7187,872,0.22,0.6875,10,0.24,0.75,25,0
IWM191011C150,2019-10-10,2019-10-10 09:35:08,0.25,0.7812,369,0.23,0.7187,817,0.22,0.6875,10,0.24,0.75,25,0
IWM191011C150,2019-10-10,2019-10-10 09:35:08,0.25,0.7812,369,0.23,0.7187,803,0.22,0.6875,10,0.24,0.75,25,0
IWM191011C150,2019-10-10,2019-10-10 09:35:09,0.25,0.7812,369,0.23,0.7187,971,0.22,0.6875,10,0.24,0.75,25,0
IWM191011C150,2019-10-10,2019-10-10 09:35:09,0.25,0.7812,369,0.23,0.7187,1434,0.22,0.6875,10,0.24,0.75,25,0
IWM191011C150,2019-10-10,2019-10-10 09:35:10,0.25,0.7812,330,0.23,0.7187,1470,0.22,0.6875,10,0.24,0.75,25,0
IWM191011C150,2019-10-10,2019-10-10 09:35:10,0.25,0.7812,419,0.23,0.7187,1361,0.22,0.6875,10,0.24,0.75,25,0
IWM191011C150,2019-10-10,2019-10-10 09:35:11,0.25,0.7812,228,0.23,0.7187,846,0.22,0.6875,10,0.24,0.75,25,0
IWM191011C150,2019-10-10,2019-10-10 09:35:11,0.25,0.7812,150,0.23,0.7187,267,0.22,0.6875,10,0.24,0.75,25,0
IWM191011C150,2019-10-10,2019-10-10 09:35:12,0.25,0.7812,203,0.23,0.7187,907,0.22,0.6875,10,0.24,0.75,25,0
IWM191011C150,2019-10-10,2019-10-10 09:35:12,0.25,0.7812,203,0.23,0.7187,906,0.22,0.6875,10,0.24,0.75,25,0
IWM191011C150,2019-10-10,2019-10-10 09:35:13,0.25,0.7812,199,0.23,0.7187,906,0.22,0.6875,10,0.24,0.75,25,0
IWM191011C150,2019-10-10,2019-10-10 09:35:13,0.25,0.7812,224,0.23,0.7187,799,0.22,0.6875,10,0.24,0.75,25,0
IWM191011C150,2019-10-10,2019-10-10 09:35:14,0.25,0.7812,224,0.23,0.7187,1480,0.22,0.6875,10,0.24,0.75,25,0
IWM191011C150,2019-10-10,2019-10-10 09:35:14,0.25,0.7812,224,0.23,0.7187,1163,0.22,0.6875,10,0.24,0.75,25,0
IWM191011C150,2019-10-10,2019-10-10 09:35:15,0.25,0.7812,173,0.24,0.75,23,0.22,0.6875,10,0.245,0.7656,25,0
IWM191011C150,2019-10-10,2019-10-10 09:35:15,0.25,0.7812,316,0.24,0.75,23,0.22,0.6875,10,0.245,0.7656,25,0
IWM191011C150,2019-10-10,2019-10-10 09:35:16,0.25,0.7812,271,0.24,0.75,4,0.22,0.6875,10,0.245,0.7656,25,0
IWM191011C150,2019-10-10,2019-10-10 09:35:16,0.25,0.7812,301,0.24,0.75,4,0.22,0.6875,10,0.245,0.7656,25,0
IWM191011C150,2019-10-10,2019-10-10 09:35:17,0.25,0.7812,301,0.24,0.75,4,0.22,0.6875,10,0.245,0.7656,25,0
IWM191011C150,2019-10-10,2019-10-10 09:35:17,0.25,0.7812,311,0.24,0.75,4,0.22,0.6875,10,0.245,0.7656,25,0
IWM191011C150,2019-10-10,2019-10-10 09:35:18,0.25,0.7812,291,0.24,0.75,4,0.22,0.6875,10,0.245,0.7656,25,0
IWM191011C150,2019-10-10,2019-10-10 09:35:18,0.25,0.7812,346,0.24,0.75,4,0.22,0.6875,10,0.245,0.7656,25,0
IWM191011C150,2019-10-10,2019-10-10 09:35:19,0.25,0.7812,417,0.24,0.75,4,0.22,0.6875,10,0.245,0.7656,25,0
IWM191011C150,2019-10-10,2019-10-10 09:35:20,0.25,0.7812,190,0.24,0.75,4,0.22,0.6875,10,0.245,0.7656,25,0
IWM191011C150,2019-10-10,2019-10-10 09:35:21,0.25,0.7812,304,0.24,0.75,23,0.22,0.6875,10,0.245,0.7656,25,0
IWM191011C150,2019-10-10,2019-10-10 09:35:21,0.25,0.7812,365,0.24,0.75,4,0.22,0.6875,10,0.245,0.7656,25,0
IWM191011C150,2019-10-10,2019-10-10 09:35:22,0.25,0.7812,304,0.24,0.75,23,0.22,0.6875,10,0.245,0.7656,25,0
IWM191011C150,2019-10-10,2019-10-10 09:35:23,0.25,0.7812,284,0.24,0.75,190,0.22,0.6875,10,0.245,0.7656,25,0
IWM191011C150,2019-10-10,2019-10-10 09:35:23,0.25,0.7812,304,0.24,0.75,23,0.22,0.6875,10,0.245,0.7656,25,0
IWM191011C150,2019-10-10,2019-10-10 09:35:24,0.25,0.7812,67,0.24,0.75,105,0.22,0.6875,10,0.245,0.7656,25,0
IWM191011C150,2019-10-10,2019-10-10 09:35:24,0.25,0.7812,284,0.24,0.75,277,0.22,0.6875,10,0.245,0.7656,25,0
IWM191011C150,2019-10-10,2019-10-10 09:35:25,0.26,0.8125,544,0.24,0.75,713,0.22,0.6875,10,0.25,0.7812,25,0
IWM191011C150,2019-10-10,2019-10-10 09:35:25,0.25,0.7812,67,0.24,0.75,313,0.22,0.6875,10,0.245,0.7656,25,0
IWM191011C150,2019-10-10,2019-10-10 09:35:26,0.25,0.7812,20,0.24,0.75,543,0.22,0.6875,10,0.245,0.7656,25,0
IWM191011C150,2019-10-10,2019-10-10 09:35:26,0.26,0.8125,393,0.24,0.75,455,0.22,0.6875,10,0.25,0.7812,25,0
IWM191011C150,2019-10-10,2019-10-10 09:35:27,0.25,0.7812,20,0.24,0.75,280,0.22,0.6875,10,0.245,0.7656,25,0
IWM191011C150,2019-10-10,2019-10-10 09:35:27,0.25,0.7812,40,0.24,0.75,282,0.22,0.6875,10,0.245,0.7656,25,0
IWM191011C150,2019-10-10,2019-10-10 09:35:28,0.25,0.7812,366,0.24,0.75,278,0.22,0.6875,10,0.245,0.7656,25,0
IWM191011C150,2019-10-10,2019-10-10 09:35:28,0.25,0.7812,287,0.24,0.75,278,0.22,0.6875,10,0.245,0.7656,25,0
IWM191011C150,2019-10-10,2019-10-10 09:35:29,0.25,0.7812,411,0.23,0.7187,680,0.22,0.6875,10,0.24,0.75,25,0
IWM191011C150,2019-10-10,2019-10-10 09:35:29,0.25,0.7812,426,0.24,0.75,278,0.22,0.6875,10,0.245,0.7656,25,0
IWM191011C150,2019-10-10,2019-10-10 09:35:30,0.25,0.7812,411,0.23,0.7187,680,0.22,0.6875,10,0.24,0.75,25,0
IWM191011C150,2019-10-10,2019-10-10 09:35:30,0.25,0.7812,411,0.23,0.7187,1028,0.22,0.6875,10,0.24,0.75,25,0
IWM191011C150,2019-10-10,2019-10-10 09:35:31,0.25,0.7812,401,0.23,0.7187,301,0.22,0.6875,10,0.24,0.75,25,0
IWM191011C150,2019-10-10,2019-10-10 09:35:31,0.25,0.7812,401,0.23,0.7187,1389,0.22,0.6875,10,0.24,0.75,25,0
IWM191011C150,2019-10-10,2019-10-10 09:35:32,0.24,0.75,20,0.23,0.7187,290,0.22,0.6875,10,0.235,0.7343,25,0
IWM191011C150,2019-10-10,2019-10-10 09:35:34,0.24,0.75,28,0.23,0.7187,292,0.22,0.6875,10,0.235,0.7343,25,0
IWM191011C150,2019-10-10,2019-10-10 09:35:34,0.24,0.75,28,0.23,0.7187,45,0.22,0.6875,10,0.235,0.7343,25,0
IWM191011C150,2019-10-10,2019-10-10 09:35:35,0.24,0.75,65,0.23,0.7187,39,0.22,0.6875,10,0.235,0.7343,25,0
IWM191011C150,2019-10-10,2019-10-10 09:35:35,0.24,0.75,280,0.22,0.6875,1031,0.22,0.6875,10,0.23,0.7187,25,0
IWM191011C150,2019-10-10,2019-10-10 09:35:36,0.24,0.75,360,0.22,0.6875,1260,0.22,0.6875,10,0.23,0.7187,25,0
IWM191011C150,2019-10-10,2019-10-10 09:35:37,0.23,0.7187,20,0.22,0.6875,263,0.22,0.6875,10,0.225,0.7031,25,0
IWM191011C150,2019-10-10,2019-10-10 09:35:37,0.23,0.7187,46,0.22,0.6875,263,0.22,0.6875,10,0.225,0.7031,25,0
IWM191011C150,2019-10-10,2019-10-10 09:35:38,0.23,0.7187,28,0.22,0.6875,146,0.22,0.6875,10,0.225,0.7031,25,0
IWM191011C150,2019-10-10,2019-10-10 09:35:38,0.23,0.7187,28,0.22,0.6875,297,0.22,0.6875,10,0.225,0.7031,25,0
IWM191011C150,2019-10-10,2019-10-10 09:35:39,0.23,0.7187,28,0.22,0.6875,296,0.22,0.6875,10,0.225,0.7031,25,0
IWM191011C150,2019-10-10,2019-10-10 09:35:40,0.23,0.7187,28,0.22,0.6875,304,0.22,0.6875,10,0.225,0.7031,25,0
IWM191011C150,2019-10-10,2019-10-10 09:35:41,0.23,0.7187,28,0.22,0.6875,304,0.22,0.6875,10,0.225,0.7031,25,0
IWM191011C150,2019-10-10,2019-10-10 09:35:42,0.23,0.7187,26,0.22,0.6875,568,0.22,0.6875,10,0.225,0.7031,25,0
IWM191011C150,2019-10-10,2019-10-10 09:35:43,0.24,0.75,166,0.22,0.6875,1063,0.22,0.6875,10,0.23,0.7187,25,0
IWM191011C150,2019-10-10,2019-10-10 09:35:43,0.24,0.75,312,0.22,0.6875,836,0.22,0.6875,10,0.23,0.7187,25,0
IWM191011C150,2019-10-10,2019-10-10 09:35:44,0.23,0.7187,28,0.22,0.6875,956,0.22,0.6875,10,0.225,0.7031,25,0
IWM191011C150,2019-10-10,2019-10-10 09:35:44,0.23,0.7187,28,0.22,0.6875,836,0.22,0.6875,10,0.225,0.7031,25,0
IWM191011C150,2019-10-10,2019-10-10 09:35:45,0.24,0.75,76,0.22,0.6875,753,0.22,0.6875,10,0.23,0.7187,25,0
IWM191011C150,2019-10-10,2019-10-10 09:35:45,0.23,0.7187,11,0.22,0.6875,414,0.22,0.6875,10,0.225,0.7031,25,0
IWM191011C150,2019-10-10,2019-10-10 09:35:46,0.23,0.7187,28,0.22,0.6875,878,0.22,0.6875,10,0.225,0.7031,25,0
IWM191011C150,2019-10-10,2019-10-10 09:35:46,0.24,0.75,205,0.22,0.6875,878,0.22,0.6875,10,0.23,0.7187,25,0
IWM191011C150,2019-10-10,2019-10-10 09:35:47,0.23,0.7187,28,0.22,0.6875,878,0.22,0.6875,10,0.225,0.7031,25,0
IWM191011C150,2019-10-10,2019-10-10 09:35:47,0.24,0.75,150,0.22,0.6875,782,0.22,0.6875,10,0.23,0.7187,25,0
IWM191011C150,2019-10-10,2019-10-10 09:35:48,0.24,0.75,181,0.22,0.6875,966,0.22,0.6875,10,0.23,0.7187,25,0
IWM191011C150,2019-10-10,2019-10-10 09:35:48,0.24,0.75,341,0.22,0.6875,821,0.22,0.6875,10,0.23,0.7187,25,0
IWM191011C150,2019-10-10,2019-10-10 09:35:49,0.24,0.75,341,0.22,0.6875,585,0.22,0.6875,10,0.23,0.7187,25,0
IWM191011C150,2019-10-10,2019-10-10 09:35:50,0.24,0.75,430,0.22,0.6875,585,0.22,0.6875,10,0.23,0.7187,25,0
IWM191011C150,2019-10-10,2019-10-10 09:35:50,0.24,0.75,246,0.22,0.6875,585,0.22,0.6875,10,0.23,0.7187,25,0
IWM191011C150,2019-10-10,2019-10-10 09:35:51,0.24,0.75,420,0.22,0.6875,683,0.22,0.6875,10,0.23,0.7187,25,0
IWM191011C150,2019-10-10,2019-10-10 09:35:51,0.24,0.75,420,0.22,0.6875,785,0.22,0.6875,10,0.23,0.7187,25,0
IWM191011C150,2019-10-10,2019-10-10 09:35:52,0.24,0.75,137,0.22,0.6875,1102,0.22,0.6875,10,0.23,0.7187,25,0
IWM191011C150,2019-10-10,2019-10-10 09:35:53,0.24,0.75,28,0.23,0.7187,82,0.23,0.7187,8,0.235,0.7343,33,8
IWM191011C150,2019-10-10,2019-10-10 09:35:53,0.24,0.75,28,0.23,0.7187,202,0.23,0.7187,8,0.235,0.7343,33,0
IWM191011C150,2019-10-10,2019-10-10 09:35:54,0.24,0.75,28,0.23,0.7187,202,0.23,0.7187,8,0.235,0.7343,33,0
IWM191011C150,2019-10-10,2019-10-10 09:35:55,0.24,0.75,95,0.23,0.7187,202,0.23,0.7187,8,0.235,0.7343,33,0
IWM191011C150,2019-10-10,2019-10-10 09:35:55,0.24,0.75,73,0.23,0.7187,202,0.23,0.7187,8,0.235,0.7343,33,0
IWM191011C150,2019-10-10,2019-10-10 09:35:56,0.24,0.75,73,0.23,0.7187,202,0.23,0.7187,8,0.235,0.7343,33,0
IWM191011C150,2019-10-10,2019-10-10 09:35:57,0.24,0.75,429,0.22,0.6875,736,0.23,0.7187,8,0.23,0.7187,33,0
IWM191011C150,2019-10-10,2019-10-10 09:35:57,0.24,0.75,463,0.22,0.6875,736,0.23,0.7187,8,0.23,0.7187,33,0
IWM191011C150,2019-10-10,2019-10-10 09:35:58,0.24,0.75,506,0.22,0.6875,776,0.23,0.7187,8,0.23,0.7187,33,0
IWM191011C150,2019-10-10,2019-10-10 09:35:58,0.24,0.75,506,0.22,0.6875,882,0.23,0.7187,8,0.23,0.7187,33,0
IWM191011C150,2019-10-10,2019-10-10 09:35:59,0.24,0.75,506,0.22,0.6875,1323,0.23,0.7187,8,0.23,0.7187,33,0
IWM191011C150,2019-10-10,2019-10-10 09:35:59,0.24,0.75,506,0.22,0.6875,882,0.23,0.7187,8,0.23,0.7187,33,0
IWM191011C150,2019-10-10,2019-10-10 09:36:00,0.24,0.75,28,0.22,0.6875,1916,0.23,0.7187,8,0.23,0.7187,33,0
IWM191011C150,2019-10-10,2019-10-10 09:36:00,0.25,0.7812,530,0.23,0.7187,297,0.23,0.7187,8,0.24,0.75,33,0
IWM191011C150,2019-10-10,2019-10-10 09:36:01,0.24,0.75,274,0.23,0.7187,297,0.23,0.7187,8,0.235,0.7343,33,0
IWM191011C150,2019-10-10,2019-10-10 09:36:01,0.24,0.75,82,0.23,0.7187,297,0.23,0.7187,8,0.235,0.7343,33,0
IWM191011C150,2019-10-10,2019-10-10 09:36:02,0.25,0.7812,196,0.23,0.7187,144,0.23,0.7187,8,0.24,0.75,33,0
IWM191011C150,2019-10-10,2019-10-10 09:36:02,0.24,0.75,57,0.23,0.7187,297,0.23,0.7187,8,0.235,0.7343,33,0
IWM191011C150,2019-10-10,2019-10-10 09:36:03,0.24,0.75,41,0.23,0.7187,215,0.23,0.7187,8,0.235,0.7343,33,0
IWM191011C150,2019-10-10,2019-10-10 09:36:03,0.24,0.75,28,0.23,0.7187,215,0.23,0.7187,8,0.235,0.7343,33,0
IWM191011C150,2019-10-10,2019-10-10 09:36:04,0.24,0.75,54,0.23,0.7187,215,0.23,0.7187,8,0.235,0.7343,33,0
IWM191011C150,2019-10-10,2019-10-10 09:36:04,0.24,0.75,79,0.23,0.7187,296,0.23,0.7187,8,0.235,0.7343,33,0
IWM191011C150,2019-10-10,2019-10-10 09:36:05,0.24,0.75,414,0.22,0.6875,602,0.23,0.7187,8,0.23,0.7187,33,0
IWM191011C150,2019-10-10,2019-10-10 09:36:05,0.24,0.75,453,0.22,0.6875,582,0.23,0.7187,8,0.23,0.7187,33,0
IWM191011C150,2019-10-10,2019-10-10 09:36:06,0.24,0.75,443,0.22,0.6875,993,0.23,0.7187,8,0.23,0.7187,33,0
IWM191011C150,2019-10-10,2019-10-10 09:36:06,0.24,0.75,414,0.22,0.6875,1148,0.23,0.7187,8,0.23,0.7187,33,0
IWM191011C150,2019-10-10,2019-10-10 09:36:07,0.24,0.75,566,0.22,0.6875,1216,0.23,0.7187,8,0.23,0.7187,33,0
IWM191011C150,2019-10-10,2019-10-10 09:36:07,0.24,0.75,566,0.22,0.6875,465,0.23,0.7187,8,0.23,0.7187,33,0
IWM191011C150,2019-10-10,2019-10-10 09:36:08,0.23,0.7187,28,0.22,0.6875,539,0.23,0.7187,8,0.225,0.7031,33,0
IWM191011C150,2019-10-10,2019-10-10 09:36:08,0.23,0.7187,58,0.22,0.6875,284,0.23,0.7187,8,0.225,0.7031,33,0
IWM191011C150,2019-10-10,2019-10-10 09:36:09,0.23,0.7187,260,0.21,0.6562,1450,0.23,0.7187,8,0.22,0.6875,33,0
IWM191011C150,2019-10-10,2019-10-10 09:36:09,0.23,0.7187,270,0.21,0.6562,896,0.23,0.7187,8,0.22,0.6875,33,0
IWM191011C150,2019-10-10,2019-10-10 09:36:10,0.23,0.7187,305,0.21,0.6562,1969,0.23,0.7187,8,0.22,0.6875,33,0
IWM191011C150,2019-10-10,2019-10-10 09:36:10,0.23,0.7187,259,0.21,0.6562,1969,0.23,0.7187,8,0.22,0.6875,33,0
IWM191011C150,2019-10-10,2019-10-10 09:36:11,0.23,0.7187,306,0.21,0.6562,1829,0.23,0.7187,8,0.22,0.6875,33,0
IWM191011C150,2019-10-10,2019-10-10 09:36:12,0.23,0.7187,306,0.21,0.6562,1751,0.23,0.7187,8,0.22,0.6875,33,0
IWM191011C150,2019-10-10,2019-10-10 09:36:12,0.23,0.7187,286,0.21,0.6562,1751,0.23,0.7187,8,0.22,0.6875,33,0
IWM191011C150,2019-10-10,2019-10-10 09:36:13,0.23,0.7187,286,0.21,0.6562,1751,0.23,0.7187,8,0.22,0.6875,33,0
IWM191011C150,2019-10-10,2019-10-10 09:36:13,0.23,0.7187,160,0.21,0.6562,1198,0.23,0.7187,8,0.22,0.6875,33,0
IWM191011C150,2019-10-10,2019-10-10 09:36:14,0.23,0.7187,514,0.22,0.6875,59,0.23,0.7187,8,0.225,0.7031,33,0
IWM191011C150,2019-10-10,2019-10-10 09:36:14,0.23,0.7187,566,0.22,0.6875,284,0.23,0.7187,8,0.225,0.7031,33,0
IWM191011C150,2019-10-10,2019-10-10 09:36:15,0.23,0.7187,566,0.22,0.6875,284,0.23,0.7187,8,0.225,0.7031,33,0
IWM191011C150,2019-10-10,2019-10-10 09:36:15,0.23,0.7187,437,0.22,0.6875,284,0.23,0.7187,8,0.225,0.7031,33,0
IWM191011C150,2019-10-10,2019-10-10 09:36:16,0.23,0.7187,355,0.22,0.6875,284,0.23,0.7187,8,0.225,0.7031,33,0
IWM191011C150,2019-10-10,2019-10-10 09:36:16,0.23,0.7187,471,0.22,0.6875,284,0.23,0.7187,8,0.225,0.7031,33,0
IWM191011C150,2019-10-10,2019-10-10 09:36:17,0.23,0.7187,471,0.22,0.6875,284,0.23,0.7187,8,0.225,0.7031,33,0
IWM191011C150,2019-10-10,2019-10-10 09:36:17,0.23,0.7187,313,0.22,0.6875,284,0.23,0.7187,8,0.225,0.7031,33,0
IWM191011C150,2019-10-10,2019-10-10 09:36:18,0.23,0.7187,20,0.22,0.6875,284,0.23,0.7187,8,0.225,0.7031,33,0
IWM191011C150,2019-10-10,2019-10-10 09:36:18,0.23,0.7187,20,0.22,0.6875,829,0.23,0.7187,8,0.225,0.7031,33,0
IWM191011C150,2019-10-10,2019-10-10 09:36:19,0.23,0.7187,10,0.22,0.6875,829,0.23,0.7187,8,0.225,0.7031,33,0
IWM191011C150,2019-10-10,2019-10-10 09:36:19,0.24,0.75,380,0.22,0.6875,271,0.23,0.7187,8,0.23,0.7187,33,0
IWM191011C150,2019-10-10,2019-10-10 09:36:20,0.24,0.75,405,0.22,0.6875,890,0.23,0.7187,8,0.23,0.7187,33,0
IWM191011C150,2019-10-10,2019-10-10 09:36:20,0.24,0.75,449,0.22,0.6875,861,0.23,0.7187,8,0.23,0.7187,33,0
IWM191011C150,2019-10-10,2019-10-10 09:36:21,0.24,0.75,345,0.22,0.6875,933,0.23,0.7187,8,0.23,0.7187,33,0
IWM191011C150,2019-10-10,2019-10-10 09:36:21,0.24,0.75,449,0.22,0.6875,861,0.23,0.7187,8,0.23,0.7187,33,0
IWM191011C150,2019-10-10,2019-10-10 09:36:22,0.24,0.75,374,0.22,0.6875,992,0.23,0.7187,8,0.23,0.7187,33,0
IWM191011C150,2019-10-10,2019-10-10 09:36:23,0.24,0.75,161,0.22,0.6875,1857,0.23,0.7187,8,0.23,0.7187,33,0
IWM191011C150,2019-10-10,2019-10-10 09:36:23,0.24,0.75,80,0.22,0.6875,985,0.23,0.7187,8,0.23,0.7187,33,0
IWM191011C150,2019-10-10,2019-10-10 09:36:24,0.24,0.75,330,0.22,0.6875,1857,0.23,0.7187,8,0.23,0.7187,33,0
IWM191011C150,2019-10-10,2019-10-10 09:36:24,0.24,0.75,308,0.22,0.6875,1857,0.23,0.7187,8,0.23,0.7187,33,0
IWM191011C150,2019-10-10,2019-10-10 09:36:25,0.24,0.75,384,0.22,0.6875,1857,0.23,0.7187,8,0.23,0.7187,33,0
IWM191011C150,2019-10-10,2019-10-10 09:36:25,0.24,0.75,522,0.22,0.6875,1857,0.23,0.7187,8,0.23,0.7187,33,0
IWM191011C150,2019-10-10,2019-10-10 09:36:26,0.24,0.75,349,0.22,0.6875,1177,0.23,0.7187,8,0.23,0.7187,33,0
IWM191011C150,2019-10-10,2019-10-10 09:36:27,0.24,0.75,33,0.22,0.6875,1297,0.23,0.7187,8,0.23,0.7187,33,0
IWM191011C150,2019-10-10,2019-10-10 09:36:28,0.24,0.75,33,0.22,0.6875,1639,0.23,0.7187,8,0.23,0.7187,33,0
IWM191011C150,2019-10-10,2019-10-10 09:36:29,0.24,0.75,33,0.22,0.6875,1639,0.23,0.7187,8,0.23,0.7187,33,0
IWM191011C150,2019-10-10,2019-10-10 09:36:30,0.24,0.75,62,0.22,0.6875,1639,0.23,0.7187,8,0.23,0.7187,33,0
IWM191011C150,2019-10-10,2019-10-10 09:36:30,0.24,0.75,33,0.22,0.6875,1639,0.23,0.7187,8,0.23,0.7187,33,0
IWM191011C150,2019-10-10,2019-10-10 09:36:31,0.24,0.75,225,0.22,0.6875,1757,0.23,0.7187,8,0.23,0.7187,33,0
IWM191011C150,2019-10-10,2019-10-10 09:36:31,0.24,0.75,62,0.22,0.6875,1639,0.23,0.7187,8,0.23,0.7187,33,0
IWM191011C150,2019-10-10,2019-10-10 09:36:32,0.24,0.75,213,0.22,0.6875,1524,0.23,0.7187,8,0.23,0.7187,33,0
IWM191011C150,2019-10-10,2019-10-10 09:36:33,0.24,0.75,514,0.22,0.6875,1700,0.23,0.7187,8,0.23,0.7187,33,0
IWM191011C150,2019-10-10,2019-10-10 09:36:33,0.24,0.75,341,0.22,0.6875,1700,0.23,0.7187,8,0.23,0.7187,33,0
IWM191011C150,2019-10-10,2019-10-10 09:36:34,0.24,0.75,594,0.22,0.6875,1236,0.23,0.7187,8,0.23,0.7187,33,0
IWM191011C150,2019-10-10,2019-10-10 09:36:34,0.24,0.75,514,0.22,0.6875,1700,0.23,0.7187,8,0.23,0.7187,33,0
IWM191011C150,2019-10-10,2019-10-10 09:36:35,0.24,0.75,594,0.22,0.6875,1236,0.23,0.7187,8,0.23,0.7187,33,0
IWM191011C150,2019-10-10,2019-10-10 09:36:35,0.24,0.75,594,0.22,0.6875,1318,0.23,0.7187,8,0.23,0.7187,33,0
IWM191011C150,2019-10-10,2019-10-10 09:36:36,0.24,0.75,594,0.22,0.6875,1492,0.23,0.7187,8,0.23,0.7187,33,0
IWM191011C150,2019-10-10,2019-10-10 09:36:36,0.24,0.75,594,0.22,0.6875,1318,0.23,0.7187,8,0.23,0.7187,33,0
IWM191011C150,2019-10-10,2019-10-10 09:36:37,0.23,0.7187,28,0.22,0.6875,1448,0.23,0.7187,8,0.225,0.7031,33,0
IWM191011C150,2019-10-10,2019-10-10 09:36:38,0.23,0.7187,28,0.22,0.6875,1533,0.23,0.7187,8,0.225,0.7031,33,0
IWM191011C150,2019-10-10,2019-10-10 09:36:39,0.24,0.75,22,0.22,0.6875,594,0.23,0.7187,8,0.23,0.7187,33,0
IWM191011C150,2019-10-10,2019-10-10 09:36:39,0.24,0.75,91,0.22,0.6875,1533,0.23,0.7187,8,0.23,0.7187,33,0
IWM191011C150,2019-10-10,2019-10-10 09:36:40,0.24,0.75,133,0.22,0.6875,1328,0.23,0.7187,8,0.23,0.7187,33,0
IWM191011C150,2019-10-10,2019-10-10 09:36:40,0.24,0.75,131,0.22,0.6875,792,0.23,0.7187,8,0.23,0.7187,33,0
IWM191011C150,2019-10-10,2019-10-10 09:36:41,0.24,0.75,86,0.22,0.6875,792,0.23,0.7187,8,0.23,0.7187,33,0
IWM191011C150,2019-10-10,2019-10-10 09:36:41,0.24,0.75,134,0.22,0.6875,1578,0.23,0.7187,8,0.23,0.7187,33,0
IWM191011C150,2019-10-10,2019-10-10 09:36:42,0.24,0.75,124,0.22,0.6875,1707,0.23,0.7187,8,0.23,0.7187,33,0
IWM191011C150,2019-10-10,2019-10-10 09:36:43,0.24,0.75,126,0.23,0.7187,23,0.23,0.7187,8,0.235,0.7343,33,0
IWM191011C150,2019-10-10,2019-10-10 09:36:43,0.24,0.75,86,0.23,0.7187,58,0.23,0.7187,8,0.235,0.7343,33,0
IWM191011C150,2019-10-10,2019-10-10 09:36:44,0.24,0.75,126,0.23,0.7187,23,0.23,0.7187,8,0.235,0.7343,33,0
IWM191011C150,2019-10-10,2019-10-10 09:36:45,0.24,0.75,274,0.23,0.7187,23,0.23,0.7187,8,0.235,0.7343,33,0
IWM191011C150,2019-10-10,2019-10-10 09:36:45,0.24,0.75,332,0.23,0.7187,23,0.23,0.7187,8,0.235,0.7343,33,0
IWM191011C150,2019-10-10,2019-10-10 09:36:46,0.24,0.75,274,0.23,0.7187,23,0.23,0.7187,8,0.235,0.7343,33,0
IWM191011C150,2019-10-10,2019-10-10 09:36:46,0.24,0.75,330,0.23,0.7187,23,0.23,0.7187,8,0.235,0.7343,33,0
IWM191011C150,2019-10-10,2019-10-10 09:36:47,0.24,0.75,283,0.22,0.6875,2112,0.23,0.7187,8,0.23,0.7187,33,0
IWM191011C150,2019-10-10,2019-10-10 09:36:47,0.24,0.75,274,0.23,0.7187,23,0.23,0.7187,8,0.235,0.7343,33,0
IWM191011C150,2019-10-10,2019-10-10 09:36:48,0.24,0.75,240,0.22,0.6875,2112,0.23,0.7187,8,0.23,0.7187,33,0
IWM191011C150,2019-10-10,2019-10-10 09:36:48,0.24,0.75,283,0.22,0.6875,2112,0.23,0.7187,8,0.23,0.7187,33,0
IWM191011C150,2019-10-10,2019-10-10 09:36:49,0.24,0.75,291,0.22,0.6875,2112,0.23,0.7187,8,0.23,0.7187,33,0
IWM191011C150,2019-10-10,2019-10-10 09:36:49,0.24,0.75,347,0.22,0.6875,2112,0.23,0.7187,8,0.23,0.7187,33,0
IWM191011C150,2019-10-10,2019-10-10 09:36:50,0.24,0.75,291,0.22,0.6875,2112,0.23,0.7187,8,0.23,0.7187,33,0
IWM191011C150,2019-10-10,2019-10-10 09:36:50,0.24,0.75,336,0.22,0.6875,2112,0.23,0.7187,8,0.23,0.7187,33,0
IWM191011C150,2019-10-10,2019-10-10 09:36:51,0.24,0.75,291,0.22,0.6875,2112,0.23,0.7187,8,0.23,0.7187,33,0
IWM191011C150,2019-10-10,2019-10-10 09:36:52,0.24,0.75,344,0.22,0.6875,2112,0.23,0.7187,8,0.23,0.7187,33,0
IWM191011C150,2019-10-10,2019-10-10 09:36:52,0.24,0.75,291,0.22,0.6875,2112,0.23,0.7187,8,0.23,0.7187,33,0
IWM191011C150,2019-10-10,2019-10-10 09:36:53,0.24,0.75,344,0.22,0.6875,2063,0.23,0.7187,8,0.23,0.7187,33,0
IWM191011C150,2019-10-10,2019-10-10 09:36:53,0.23,0.7187,24,0.22,0.6875,268,0.23,0.7187,8,0.225,0.7031,33,0
IWM191011C150,2019-10-10,2019-10-10 09:36:54,0.23,0.7187,56,0.22,0.6875,268,0.23,0.7187,8,0.225,0.7031,33,0
IWM191011C150,2019-10-10,2019-10-10 09:36:54,0.23,0.7187,63,0.22,0.6875,268,0.23,0.7187,8,0.225,0.7031,33,0
IWM191011C150,2019-10-10,2019-10-10 09:36:55,0.23,0.7187,61,0.22,0.6875,268,0.23,0.7187,8,0.225,0.7031,33,0
IWM191011C150,2019-10-10,2019-10-10 09:36:55,0.23,0.7187,68,0.22,0.6875,268,0.23,0.7187,8,0.225,0.7031,33,0
IWM191011C150,2019-10-10,2019-10-10 09:36:56,0.23,0.7187,70,0.22,0.6875,268,0.23,0.7187,8,0.225,0.7031,33,0
IWM191011C150,2019-10-10,2019-10-10 09:36:56,0.23,0.7187,92,0.22,0.6875,268,0.23,0.7187,8,0.225,0.7031,33,0
IWM191011C150,2019-10-10,2019-10-10 09:36:57,0.23,0.7187,68,0.22,0.6875,268,0.23,0.7187,8,0.225,0.7031,33,0
IWM191011C150,2019-10-10,2019-10-10 09:36:57,0.23,0.7187,61,0.22,0.6875,268,0.23,0.7187,8,0.225,0.7031,33,0
IWM191011C150,2019-10-10,2019-10-10 09:36:58,0.23,0.7187,68,0.22,0.6875,268,0.23,0.7187,8,0.225,0.7031,33,0
IWM191011C150,2019-10-10,2019-10-10 09:36:59,0.23,0.7187,133,0.21,0.6562,1798,0.23,0.7187,8,0.22,0.6875,33,0
IWM191011C150,2019-10-10,2019-10-10 09:36:59,0.23,0.7187,133,0.21,0.6562,1498,0.23,0.7187,8,0.22,0.6875,33,0
IWM191011C150,2019-10-10,2019-10-10 09:37:00,0.23,0.7187,24,0.21,0.6562,1151,0.23,0.7187,8,0.22,0.6875,33,0
IWM191011C150,2019-10-10,2019-10-10 09:37:00,0.23,0.7187,133,0.21,0.6562,1040,0.23,0.7187,8,0.22,0.6875,33,0
IWM191011C150,2019-10-10,2019-10-10 09:37:01,0.23,0.7187,28,0.21,0.6562,1726,0.23,0.7187,8,0.22,0.6875,33,0
IWM191011C150,2019-10-10,2019-10-10 09:37:02,0.23,0.7187,120,0.21,0.6562,1790,0.23,0.7187,8,0.22,0.6875,33,0
IWM191011C150,2019-10-10,2019-10-10 09:37:02,0.23,0.7187,178,0.21,0.6562,1790,0.23,0.7187,8,0.22,0.6875,33,0
IWM191011C150,2019-10-10,2019-10-10 09:37:03,0.22,0.6875,20,0.21,0.6562,1778,0.23,0.7187,8,0.215,0.6718,33,0
IWM191011C150,2019-10-10,2019-10-10 09:37:03,0.23,0.7187,178,0.21,0.6562,1230,0.23,0.7187,8,0.22,0.6875,33,0
IWM191011C150,2019-10-10,2019-10-10 09:37:04,0.23,0.7187,315,0.21,0.6562,1943,0.23,0.7187,8,0.22,0.6875,33,0
IWM191011C150,2019-10-10,2019-10-10 09:37:04,0.23,0.7187,371,0.21,0.6562,1943,0.23,0.7187,8,0.22,0.6875,33,0
IWM191011C150,2019-10-10,2019-10-10 09:37:05,0.23,0.7187,25,0.22,0.6875,265,0.23,0.7187,8,0.225,0.7031,33,0
IWM191011C150,2019-10-10,2019-10-10 09:37:05,0.23,0.7187,25,0.22,0.6875,67,0.23,0.7187,8,0.225,0.7031,33,0
IWM191011C150,2019-10-10,2019-10-10 09:37:06,0.23,0.7187,25,0.22,0.6875,265,0.23,0.7187,8,0.225,0.7031,33,0
IWM191011C150,2019-10-10,2019-10-10 09:37:07,0.23,0.7187,51,0.22,0.6875,265,0.23,0.7187,8,0.225,0.7031,33,0
IWM191011C150,2019-10-10,2019-10-10 09:37:07,0.23,0.7187,98,0.22,0.6875,266,0.23,0.7187,8,0.225,0.7031,33,0
IWM191011C150,2019-10-10,2019-10-10 09:37:08,0.23,0.7187,134,0.22,0.6875,266,0.23,0.7187,8,0.225,0.7031,33,0
IWM191011C150,2019-10-10,2019-10-10 09:37:08,0.23,0.7187,419,0.21,0.6562,1009,0.23,0.7187,8,0.22,0.6875,33,0
IWM191011C150,2019-10-10,2019-10-10 09:37:09,0.23,0.7187,131,0.21,0.6562,818,0.23,0.7187,8,0.22,0.6875,33,0
IWM191011C150,2019-10-10,2019-10-10 09:37:09,0.23,0.7187,54,0.21,0.6562,853,0.23,0.7187,8,0.22,0.6875,33,0
IWM191011C150,2019-10-10,2019-10-10 09:37:10,0.23,0.7187,95,0.21,0.6562,1073,0.23,0.7187,1,0.22,0.6875,34,0
IWM191011C150,2019-10-10,2019-10-10 09:37:10,0.23,0.7187,170,0.21,0.6562,1073,0.23,0.7187,1,0.22,0.6875,34,1
IWM191011C150,2019-10-10,2019-10-10 09:37:11,0.23,0.7187,28,0.22,0.6875,602,0.23,0.7187,1,0.225,0.7031,34,0
IWM191011C150,2019-10-10,2019-10-10 09:37:11,0.23,0.7187,28,0.21,0.6562,1106,0.23,0.7187,1,0.22,0.6875,34,0
IWM191011C150,2019-10-10,2019-10-10 09:37:12,0.23,0.7187,28,0.22,0.6875,602,0.23,0.7187,1,0.225,0.7031,34,0
IWM191011C150,2019-10-10,2019-10-10 09:37:13,0.23,0.7187,28,0.22,0.6875,521,0.23,0.7187,1,0.225,0.7031,34,0
IWM191011C150,2019-10-10,2019-10-10 09:37:13,0.23,0.7187,24,0.22,0.6875,521,0.23,0.7187,1,0.225,0.7031,34,0
IWM191011C150,2019-10-10,2019-10-10 09:37:14,0.23,0.7187,20,0.22,0.6875,521,0.23,0.7187,1,0.225,0.7031,34,0
IWM191011C150,2019-10-10,2019-10-10 09:37:14,0.24,0.75,27,0.22,0.6875,1526,0.23,0.7187,1,0.23,0.7187,34,0
IWM191011C150,2019-10-10,2019-10-10 09:37:15,0.24,0.75,405,0.22,0.6875,340,0.23,0.7187,1,0.23,0.7187,34,0
IWM191011C150,2019-10-10,2019-10-10 09:37:15,0.24,0.75,405,0.22,0.6875,531,0.23,0.7187,1,0.23,0.7187,34,0
IWM191011C150,2019-10-10,2019-10-10 09:37:16,0.23,0.7187,20,0.22,0.6875,925,0.23,0.7187,1,0.225,0.7031,34,0
IWM191011C150,2019-10-10,2019-10-10 09:37:16,0.24,0.75,405,0.22,0.6875,525,0.23,0.7187,1,0.23,0.7187,34,0
IWM191011C150,2019-10-10,2019-10-10 09:37:17,0.23,0.7187,20,0.22,0.6875,900,0.23,0.7187,1,0.225,0.7031,34,0
IWM191011C150,2019-10-10,2019-10-10 09:37:17,0.23,0.7187,20,0.22,0.6875,1061,0.23,0.7187,1,0.225,0.7031,34,0
IWM191011C150,2019-10-10,2019-10-10 09:37:18,0.23,0.7187,20,0.22,0.6875,1078,0.23,0.7187,1,0.225,0.7031,34,0
IWM191011C150,2019-10-10,2019-10-10 09:37:19,0.23,0.7187,20,0.22,0.6875,889,0.23,0.7187,1,0.225,0.7031,34,0
IWM191011C150,2019-10-10,2019-10-10 09:37:19,0.23,0.7187,20,0.22,0.6875,1078,0.23,0.7187,1,0.225,0.7031,34,0
IWM191011C150,2019-10-10,2019-10-10 09:37:20,0.24,0.75,241,0.22,0.6875,588,0.23,0.7187,1,0.23,0.7187,34,0
IWM191011C150,2019-10-10,2019-10-10 09:37:20,0.24,0.75,47,0.22,0.6875,1305,0.23,0.7187,1,0.23,0.7187,34,0
IWM191011C150,2019-10-10,2019-10-10 09:37:21,0.24,0.75,10,0.22,0.6875,1146,0.23,0.7187,1,0.23,0.7187,34,0
IWM191011C150,2019-10-10,2019-10-10 09:37:21,0.24,0.75,54,0.22,0.6875,944,0.23,0.7187,1,0.23,0.7187,34,0
IWM191011C150,2019-10-10,2019-10-10 09:37:22,0.24,0.75,10,0.22,0.6875,1431,0.23,0.7187,1,0.23,0.7187,34,0
IWM191011C150,2019-10-10,2019-10-10 09:37:22,0.25,0.7812,316,0.23,0.7187,550,0.23,0.7187,1,0.24,0.75,34,0
IWM191011C150,2019-10-10,2019-10-10 09:37:23,0.25,0.7812,415,0.23,0.7187,634,0.23,0.7187,1,0.24,0.75,34,0
IWM191011C150,2019-10-10,2019-10-10 09:37:24,0.25,0.7812,306,0.23,0.7187,634,0.23,0.7187,1,0.24,0.75,34,0
IWM191011C150,2019-10-10,2019-10-10 09:37:25,0.25,0.7812,115,0.23,0.7187,1195,0.23,0.7187,1,0.24,0.75,34,0
IWM191011C150,2019-10-10,2019-10-10 09:37:25,0.25,0.7812,240,0.23,0.7187,874,0.23,0.7187,1,0.24,0.75,34,0
IWM191011C150,2019-10-10,2019-10-10 09:37:26,0.25,0.7812,41,0.23,0.7187,1251,0.23,0.7187,1,0.24,0.75,34,0
IWM191011C150,2019-10-10,2019-10-10 09:37:26,0.25,0.7812,20,0.23,0.7187,946,0.23,0.7187,1,0.24,0.75,34,0
IWM191011C150,2019-10-10,2019-10-10 09:37:27,0.25,0.7812,100,0.23,0.7187,1286,0.23,0.7187,1,0.24,0.75,34,0
IWM191011C150,2019-10-10,2019-10-10 09:37:27,0.25,0.7812,393,0.23,0.7187,1242,0.23,0.7187,1,0.24,0.75,34,0
IWM191011C150,2019-10-10,2019-10-10 09:37:28,0.25,0.7812,402,0.23,0.7187,1242,0.23,0.7187,1,0.24,0.75,34,0
IWM191011C150,2019-10-10,2019-10-10 09:37:28,0.25,0.7812,177,0.23,0.7187,1269,0.23,0.7187,1,0.24,0.75,34,0
IWM191011C150,2019-10-10,2019-10-10 09:37:29,0.25,0.7812,222,0.23,0.7187,1269,0.23,0.7187,1,0.24,0.75,34,0
IWM191011C150,2019-10-10,2019-10-10 09:37:29,0.25,0.7812,177,0.23,0.7187,1269,0.23,0.7187,1,0.24,0.75,34,0
IWM191011C150,2019-10-10,2019-10-10 09:37:30,0.25,0.7812,264,0.23,0.7187,1269,0.23,0.7187,1,0.24,0.75,34,0
IWM191011C150,2019-10-10,2019-10-10 09:37:31,0.25,0.7812,602,0.23,0.7187,1229,0.23,0.7187,1,0.24,0.75,34,0
IWM191011C150,2019-10-10,2019-10-10 09:37:32,0.25,0.7812,602,0.23,0.7187,421,0.23,0.7187,1,0.24,0.75,34,0
IWM191011C150,2019-10-10,2019-10-10 09:37:32,0.24,0.75,25,0.23,0.7187,513,0.23,0.7187,1,0.235,0.7343,34,0
IWM191011C150,2019-10-10,2019-10-10 09:37:33,0.24,0.75,11,0.23,0.7187,345,0.23,0.7187,1,0.235,0.7343,34,0
IWM191011C150,2019-10-10,2019-10-10 09:37:34,0.24,0.75,35,0.23,0.7187,538,0.23,0.7187,1,0.235,0.7343,34,0
IWM191011C150,2019-10-10,2019-10-10 09:37:34,0.24,0.75,35,0.23,0.7187,344,0.23,0.7187,1,0.235,0.7343,34,0
IWM191011C150,2019-10-10,2019-10-10 09:37:35,0.24,0.75,24,0.23,0.7187,527,0.23,0.7187,1,0.235,0.7343,34,0
IWM191011C150,2019-10-10,2019-10-10 09:37:35,0.24,0.75,24,0.23,0.7187,542,0.23,0.7187,1,0.235,0.7343,34,0
IWM191011C150,2019-10-10,2019-10-10 09:37:36,0.24,0.75,39,0.23,0.7187,548,0.23,0.7187,1,0.235,0.7343,34,0
IWM191011C150,2019-10-10,2019-10-10 09:37:36,0.25,0.7812,431,0.23,0.7187,548,0.23,0.7187,1,0.24,0.75,34,0
IWM191011C150,2019-10-10,2019-10-10 09:37:37,0.24,0.75,175,0.23,0.7187,547,0.23,0.7187,1,0.235,0.7343,34,0
IWM191011C150,2019-10-10,2019-10-10 09:37:37,0.24,0.75,114,0.23,0.7187,548,0.23,0.7187,1,0.235,0.7343,34,0
IWM191011C150,2019-10-10,2019-10-10 09:37:38,0.24,0.75,194,0.23,0.7187,547,0.23,0.7187,1,0.235,0.7343,34,0
IWM191011C150,2019-10-10,2019-10-10 09:37:38,0.24,0.75,183,0.23,0.7187,547,0.23,0.7187,1,0.235,0.7343,34,0
IWM191011C150,2019-10-10,2019-10-10 09:37:39,0.24,0.75,183,0.23,0.7187,194,0.23,0.7187,1,0.235,0.7343,34,0
IWM191011C150,2019-10-10,2019-10-10 09:37:39,0.24,0.75,194,0.23,0.7187,547,0.23,0.7187,1,0.235,0.7343,34,0
IWM191011C150,2019-10-10,2019-10-10 09:37:40,0.24,0.75,183,0.23,0.7187,281,0.23,0.7187,1,0.235,0.7343,34,0
IWM191011C150,2019-10-10,2019-10-10 09:37:40,0.24,0.75,183,0.23,0.7187,171,0.23,0.7187,1,0.235,0.7343,34,0
IWM191011C150,2019-10-10,2019-10-10 09:37:41,0.24,0.75,183,0.22,0.6875,631,0.23,0.7187,1,0.23,0.7187,34,0
IWM191011C150,2019-10-10,2019-10-10 09:37:42,0.24,0.75,183,0.22,0.6875,631,0.23,0.7187,1,0.23,0.7187,34,0
IWM191011C150,2019-10-10,2019-10-10 09:37:42,0.23,0.7187,10,0.22,0.6875,820,0.23,0.7187,1,0.225,0.7031,34,0
IWM191011C150,2019-10-10,2019-10-10 09:37:43,0.24,0.75,102,0.22,0.6875,967,0.23,0.7187,1,0.23,0.7187,34,0
IWM191011C150,2019-10-10,2019-10-10 09:37:43,0.24,0.75,102,0.22,0.6875,820,0.23,0.7187,1,0.23,0.7187,34,0
IWM191011C150,2019-10-10,2019-10-10 09:37:44,0.25,0.7812,155,0.22,0.6875,72,0.23,0.7187,1,0.235,0.7343,34,0
IWM191011C150,2019-10-10,2019-10-10 09:37:44,0.24,0.75,370,0.22,0.6875,1167,0.23,0.7187,1,0.23,0.7187,34,0
IWM191011C150,2019-10-10,2019-10-10 09:37:45,0.24,0.75,24,0.23,0.7187,150,0.23,0.7187,1,0.235,0.7343,34,0
IWM191011C150,2019-10-10,2019-10-10 09:37:45,0.24,0.75,47,0.23,0.7187,92,0.23,0.7187,1,0.235,0.7343,34,0
IWM191011C150,2019-10-10,2019-10-10 09:37:46,0.24,0.75,258,0.23,0.7187,217,0.23,0.7187,1,0.235,0.7343,34,0
IWM191011C150,2019-10-10,2019-10-10 09:37:47,0.24,0.75,533,0.23,0.7187,217,0.23,0.7187,1,0.235,0.7343,34,0
IWM191011C150,2019-10-10,2019-10-10 09:37:47,0.24,0.75,275,0.23,0.7187,217,0.23,0.7187,1,0.235,0.7343,34,0
IWM191011C150,2019-10-10,2019-10-10 09:37:48,0.24,0.75,154,0.23,0.7187,217,0.23,0.7187,1,0.235,0.7343,34,0
IWM191011C150,2019-10-10,2019-10-10 09:37:48,0.23,0.7187,20,0.23,0.7187,2,0.23,0.7187,1,0.23,0.7187,34,0
IWM191011C150,2019-10-10,2019-10-10 09:37:49,0.23,0.7187,20,0.22,0.6875,999,0.23,0.7187,1,0.225,0.7031,34,0
IWM191011C150,2019-10-10,2019-10-10 09:37:49,0.23,0.7187,28,0.22,0.6875,999,0.23,0.7187,1,0.225,0.7031,34,0
IWM191011C150,2019-10-10,2019-10-10 09:37:50,0.23,0.7187,28,0.22,0.6875,1232,0.23,0.7187,1,0.225,0.7031,34,0
IWM191011C150,2019-10-10,2019-10-10 09:37:50,0.23,0.7187,28,0.22,0.6875,935,0.23,0.7187,1,0.225,0.7031,34,0
IWM191011C150,2019-10-10,2019-10-10 09:37:51,0.23,0.7187,28,0.22,0.6875,1232,0.23,0.7187,1,0.225,0.7031,34,0
IWM191011C150,2019-10-10,2019-10-10 09:37:52,0.23,0.7187,184,0.22,0.6875,588,0.23,0.7187,1,0.225,0.7031,34,0
IWM191011C150,2019-10-10,2019-10-10 09:37:52,0.23,0.7187,24,0.22,0.6875,873,0.23,0.7187,1,0.225,0.7031,34,0
IWM191011C150,2019-10-10,2019-10-10 09:37:53,0.23,0.7187,276,0.22,0.6875,601,0.23,0.7187,1,0.225,0.7031,34,0
IWM191011C150,2019-10-10,2019-10-10 09:37:54,0.23,0.7187,706,0.22,0.6875,265,0.23,0.7187,1,0.225,0.7031,34,0
IWM191011C150,2019-10-10,2019-10-10 09:37:54,0.23,0.7187,184,0.22,0.6875,563,0.23,0.7187,1,0.225,0.7031,34,0
IWM191011C150,2019-10-10,2019-10-10 09:37:55,0.23,0.7187,391,0.22,0.6875,390,0.23,0.7187,1,0.225,0.7031,34,0
IWM191011C150,2019-10-10,2019-10-10 09:37:55,0.23,0.7187,223,0.22,0.6875,472,0.23,0.7187,1,0.225,0.7031,34,0
IWM191011C150,2019-10-10,2019-10-10 09:37:56,0.23,0.7187,184,0.22,0.6875,561,0.23,0.7187,1,0.225,0.7031,34,0
IWM191011C150,2019-10-10,2019-10-10 09:37:56,0.24,0.75,20,0.22,0.6875,320,0.23,0.7187,1,0.23,0.7187,34,0
IWM191011C150,2019-10-10,2019-10-10 09:37:57,0.24,0.75,200,0.22,0.6875,260,0.23,0.7187,1,0.23,0.7187,34,0
IWM191011C150,2019-10-10,2019-10-10 09:37:57,0.23,0.7187,20,0.22,0.6875,177,0.23,0.7187,1,0.225,0.7031,34,0
IWM191011C150,2019-10-10,2019-10-10 09:37:58,0.23,0.7187,20,0.22,0.6875,177,0.23,0.7187,1,0.225,0.7031,34,0
IWM191011C150,2019-10-10,2019-10-10 09:37:58,0.23,0.7187,156,0.22,0.6875,196,0.23,0.7187,1,0.225,0.7031,34,0
IWM191011C150,2019-10-10,2019-10-10 09:37:59,0.23,0.7187,156,0.22,0.6875,236,0.23,0.7187,1,0.225,0.7031,34,0
IWM191011C150,2019-10-10,2019-10-10 09:37:59,0.23,0.7187,156,0.22,0.6875,196,0.23,0.7187,1,0.225,0.7031,34,0
IWM191011C150,2019-10-10,2019-10-10 09:38:00,0.23,0.7187,73,0.21,0.6562,735,0.23,0.7187,1,0.22,0.6875,34,0
IWM191011C150,2019-10-10,2019-10-10 09:38:00,0.23,0.7187,50,0.21,0.6562,762,0.23,0.7187,1,0.22,0.6875,34,0
IWM191011C150,2019-10-10,2019-10-10 09:38:01,0.23,0.7187,73,0.21,0.6562,735,0.23,0.7187,1,0.22,0.6875,34,0
IWM191011C150,2019-10-10,2019-10-10 09:38:01,0.23,0.7187,421,0.21,0.6562,924,0.23,0.7187,1,0.22,0.6875,34,0
IWM191011C150,2019-10-10,2019-10-10 09:38:02,0.23,0.7187,284,0.21,0.6562,757,0.23,0.7187,1,0.22,0.6875,34,0
IWM191011C150,2019-10-10,2019-10-10 09:38:02,0.23,0.7187,421,0.21,0.6562,924,0.23,0.7187,1,0.22,0.6875,34,0
IWM191011C150,2019-10-10,2019-10-10 09:38:03,0.24,0.75,150,0.22,0.6875,369,0.23,0.7187,1,0.23,0.7187,34,0
IWM191011C150,2019-10-10,2019-10-10 09:38:03,0.25,0.7812,52,0.21,0.6562,325,0.23,0.7187,1,0.23,0.7187,34,0
IWM191011C150,2019-10-10,2019-10-10 09:38:04,0.24,0.75,170,0.22,0.6875,805,0.23,0.7187,1,0.23,0.7187,34,0
IWM191011C150,2019-10-10,2019-10-10 09:38:04,0.24,0.75,170,0.23,0.7187,5,0.23,0.7187,1,0.235,0.7343,34,0
IWM191011C150,2019-10-10,2019-10-10 09:38:05,0.24,0.75,679,0.22,0.6875,579,0.23,0.7187,1,0.23,0.7187,34,0
IWM191011C150,2019-10-10,2019-10-10 09:38:05,0.24,0.75,215,0.22,0.6875,621,0.23,0.7187,1,0.23,0.7187,34,0
IWM191011C150,2019-10-10,2019-10-10 09:38:06,0.24,0.75,790,0.22,0.6875,1047,0.23,0.7187,1,0.23,0.7187,34,0
IWM191011C150,2019-10-10,2019-10-10 09:38:06,0.24,0.75,808,0.22,0.6875,594,0.23,0.7187,1,0.23,0.7187,34,0
IWM191011C150,2019-10-10,2019-10-10 09:38:07,0.24,0.75,839,0.22,0.6875,929,0.23,0.7187,1,0.23,0.7187,34,0
IWM191011C150,2019-10-10,2019-10-10 09:38:07,0.24,0.75,959,0.22,0.6875,950,0.23,0.7187,1,0.23,0.7187,34,0
IWM191011C150,2019-10-10,2019-10-10 09:38:08,0.23,0.7187,34,0.22,0.6875,1098,0.23,0.7187,1,0.225,0.7031,34,0
IWM191011C150,2019-10-10,2019-10-10 09:38:08,0.24,0.75,959,0.22,0.6875,950,0.23,0.7187,1,0.23,0.7187,34,0
IWM191011C150,2019-10-10,2019-10-10 09:38:09,0.23,0.7187,93,0.22,0.6875,1081,0.23,0.7187,1,0.225,0.7031,34,0
IWM191011C150,2019-10-10,2019-10-10 09:38:09,0.23,0.7187,72,0.22,0.6875,673,0.23,0.7187,1,0.225,0.7031,34,0
IWM191011C150,2019-10-10,2019-10-10 09:38:10,0.23,0.7187,214,0.22,0.6875,931,0.23,0.7187,1,0.225,0.7031,34,0
IWM191011C150,2019-10-10,2019-10-10 09:38:10,0.23,0.7187,51,0.22,0.6875,394,0.23,0.7187,1,0.225,0.7031,34,0
IWM191011C150,2019-10-10,2019-10-10 09:38:11,0.23,0.7187,54,0.22,0.6875,701,0.23,0.7187,1,0.225,0.7031,34,0
IWM191011C150,2019-10-10,2019-10-10 09:38:12,0.23,0.7187,64,0.22,0.6875,870,0.23,0.7187,1,0.225,0.7031,34,0
IWM191011C150,2019-10-10,2019-10-10 09:38:12,0.23,0.7187,20,0.22,0.6875,870,0.23,0.7187,1,0.225,0.7031,34,0
IWM191011C150,2019-10-10,2019-10-10 09:38:13,0.23,0.7187,77,0.22,0.6875,845,0.23,0.7187,1,0.225,0.7031,34,0
IWM191011C150,2019-10-10,2019-10-10 09:38:13,0.23,0.7187,64,0.22,0.6875,867,0.23,0.7187,1,0.225,0.7031,34,0
IWM191011C150,2019-10-10,2019-10-10 09:38:14,0.23,0.7187,227,0.22,0.6875,695,0.23,0.7187,1,0.225,0.7031,34,0
IWM191011C150,2019-10-10,2019-10-10 09:38:14,0.23,0.7187,227,0.22,0.6875,845,0.23,0.7187,1,0.225,0.7031,34,0
IWM191011C150,2019-10-10,2019-10-10 09:38:15,0.23,0.7187,227,0.22,0.6875,695,0.23,0.7187,1,0.225,0.7031,34,0
IWM191011C150,2019-10-10,2019-10-10 09:38:16,0.24,0.75,1088,0.22,0.6875,557,0.23,0.7187,1,0.23,0.7187,34,0
IWM191011C150,2019-10-10,2019-10-10 09:38:16,0.24,0.75,843,0.22,0.6875,493,0.23,0.7187,1,0.23,0.7187,34,0
IWM191011C150,2019-10-10,2019-10-10 09:38:17,0.23,0.7187,20,0.22,0.6875,557,0.23,0.7187,1,0.225,0.7031,34,0
IWM191011C150,2019-10-10,2019-10-10 09:38:17,0.23,0.7187,28,0.22,0.6875,792,0.23,0.7187,1,0.225,0.7031,34,0
IWM191011C150,2019-10-10,2019-10-10 09:38:18,0.23,0.7187,34,0.22,0.6875,760,0.23,0.7187,1,0.225,0.7031,34,0
IWM191011C150,2019-10-10,2019-10-10 09:38:18,0.23,0.7187,28,0.22,0.6875,792,0.23,0.7187,1,0.225,0.7031,34,0
IWM191011C150,2019-10-10,2019-10-10 09:38:19,0.23,0.7187,47,0.22,0.6875,775,0.23,0.7187,1,0.225,0.7031,34,0
IWM191011C150,2019-10-10,2019-10-10 09:38:19,0.23,0.7187,34,0.22,0.6875,580,0.23,0.7187,1,0.225,0.7031,34,0
IWM191011C150,2019-10-10,2019-10-10 09:38:20,0.23,0.7187,47,0.22,0.6875,775,0.23,0.7187,1,0.225,0.7031,34,0
IWM191011C150,2019-10-10,2019-10-10 09:38:20,0.23,0.7187,20,0.22,0.6875,1090,0.23,0.7187,1,0.225,0.7031,34,0
IWM191011C150,2019-10-10,2019-10-10 09:38:21,0.23,0.7187,28,0.22,0.6875,1021,0.23,0.7187,1,0.225,0.7031,34,0
IWM191011C150,2019-10-10,2019-10-10 09:38:21,0.23,0.7187,20,0.22,0.6875,1021,0.23,0.7187,1,0.225,0.7031,34,0
IWM191011C150,2019-10-10,2019-10-10 09:38:22,0.23,0.7187,28,0.22,0.6875,1021,0.23,0.7187,1,0.225,0.7031,34,0
IWM191011C150,2019-10-10,2019-10-10 09:38:22,0.23,0.7187,28,0.22,0.6875,1135,0.23,0.7187,1,0.225,0.7031,34,0
IWM191011C150,2019-10-10,2019-10-10 09:38:23,0.24,0.75,1059,0.22,0.6875,1210,0.23,0.7187,1,0.23,0.7187,34,0
IWM191011C150,2019-10-10,2019-10-10 09:38:23,0.24,0.75,712,0.22,0.6875,1190,0.23,0.7187,1,0.23,0.7187,34,0
IWM191011C150,2019-10-10,2019-10-10 09:38:24,0.24,0.75,732,0.22,0.6875,1458,0.23,0.7187,1,0.23,0.7187,34,0
IWM191011C150,2019-10-10,2019-10-10 09:38:24,0.24,0.75,513,0.22,0.6875,1885,0.23,0.7187,1,0.23,0.7187,34,0
IWM191011C150,2019-10-10,2019-10-10 09:38:25,0.24,0.75,20,0.23,0.7187,618,0.23,0.7187,1,0.235,0.7343,34,0
IWM191011C150,2019-10-10,2019-10-10 09:38:25,0.24,0.75,20,0.23,0.7187,426,0.23,0.7187,1,0.235,0.7343,34,0
IWM191011C150,2019-10-10,2019-10-10 09:38:26,0.25,0.7812,821,0.23,0.7187,724,0.23,0.7187,1,0.24,0.75,34,0
IWM191011C150,2019-10-10,2019-10-10 09:38:26,0.25,0.7812,829,0.23,0.7187,714,0.23,0.7187,1,0.24,0.75,34,0
IWM191011C150,2019-10-10,2019-10-10 09:38:27,0.24,0.75,25,0.23,0.7187,662,0.23,0.7187,1,0.235,0.7343,34,0
IWM191011C150,2019-10-10,2019-10-10 09:38:27,0.24,0.75,25,0.23,0.7187,847,0.23,0.7187,1,0.235,0.7343,34,0
IWM191011C150,2019-10-10,2019-10-10 09:38:28,0.24,0.75,25,0.23,0.7187,847,0.23,0.7187,1,0.235,0.7343,34,0
IWM191011C150,2019-10-10,2019-10-10 09:38:28,0.24,0.75,25,0.23,0.7187,966,0.23,0.7187,1,0.235,0.7343,34,0
IWM191011C150,2019-10-10,2019-10-10 09:38:29,0.24,0.75,150,0.23,0.7187,656,0.23,0.7187,1,0.235,0.7343,34,0
IWM191011C150,2019-10-10,2019-10-10 09:38:29,0.24,0.75,150,0.23,0.7187,329,0.23,0.7187,1,0.235,0.7343,34,0
IWM191011C150,2019-10-10,2019-10-10 09:38:30,0.24,0.75,36,0.23,0.7187,466,0.23,0.7187,1,0.235,0.7343,34,0
IWM191011C150,2019-10-10,2019-10-10 09:38:31,0.25,0.7812,596,0.23,0.7187,815,0.23,0.7187,1,0.24,0.75,34,0
IWM191011C150,2019-10-10,2019-10-10 09:38:31,0.25,0.7812,332,0.23,0.7187,1200,0.23,0.7187,1,0.24,0.75,34,0
IWM191011C150,2019-10-10,2019-10-10 09:38:32,0.25,0.7812,579,0.23,0.7187,1721,0.23,0.7187,1,0.24,0.75,34,0
IWM191011C150,2019-10-10,2019-10-10 09:38:32,0.25,0.7812,599,0.23,0.7187,1741,0.23,0.7187,1,0.24,0.75,34,0
IWM191011C150,2019-10-10,2019-10-10 09:38:33,0.25,0.7812,599,0.23,0.7187,1791,0.23,0.7187,1,0.24,0.75,34,0
IWM191011C150,2019-10-10,2019-10-10 09:38:33,0.25,0.7812,524,0.23,0.7187,2105,0.23,0.7187,1,0.24,0.75,34,0
IWM191011C150,2019-10-10,2019-10-10 09:38:34,0.25,0.7812,10,0.24,0.75,555,0.23,0.7187,1,0.245,0.7656,34,0
IWM191011C150,2019-10-10,2019-10-10 09:38:34,0.25,0.7812,10,0.24,0.75,315,0.23,0.7187,1,0.245,0.7656,34,0
IWM191011C150,2019-10-10,2019-10-10 09:38:35,0.25,0.7812,161,0.24,0.75,646,0.23,0.7187,1,0.245,0.7656,34,0
IWM191011C150,2019-10-10,2019-10-10 09:38:35,0.25,0.7812,10,0.24,0.75,730,0.23,0.7187,1,0.245,0.7656,34,0
IWM191011C150,2019-10-10,2019-10-10 09:38:36,0.25,0.7812,161,0.24,0.75,840,0.23,0.7187,1,0.245,0.7656,34,0
IWM191011C150,2019-10-10,2019-10-10 09:38:36,0.25,0.7812,161,0.24,0.75,970,0.23,0.7187,1,0.245,0.7656,34,0
IWM191011C150,2019-10-10,2019-10-10 09:38:37,0.25,0.7812,161,0.24,0.75,690,0.23,0.7187,1,0.245,0.7656,34,0
IWM191011C150,2019-10-10,2019-10-10 09:38:37,0.25,0.7812,251,0.24,0.75,675,0.23,0.7187,1,0.245,0.7656,34,0
IWM191011C150,2019-10-10,2019-10-10 09:38:38,0.25,0.7812,431,0.24,0.75,302,0.23,0.7187,1,0.245,0.7656,34,0
IWM191011C150,2019-10-10,2019-10-10 09:38:38,0.25,0.7812,549,0.24,0.75,302,0.23,0.7187,1,0.245,0.7656,34,0
IWM191011C150,2019-10-10,2019-10-10 09:38:39,0.25,0.7812,569,0.24,0.75,302,0.23,0.7187,1,0.245,0.7656,34,0
IWM191011C150,2019-10-10,2019-10-10 09:38:39,0.25,0.7812,549,0.24,0.75,302,0.23,0.7187,1,0.245,0.7656,34,0
IWM191011C150,2019-10-10,2019-10-10 09:38:40,0.25,0.7812,817,0.24,0.75,302,0.23,0.7187,1,0.245,0.7656,34,0
IWM191011C150,2019-10-10,2019-10-10 09:38:40,0.24,0.75,28,0.23,0.7187,546,0.23,0.7187,1,0.235,0.7343,34,0
IWM191011C150,2019-10-10,2019-10-10 09:38:41,0.25,0.7812,615,0.23,0.7187,680,0.23,0.7187,1,0.24,0.75,34,0
IWM191011C150,2019-10-10,2019-10-10 09:38:41,0.25,0.7812,254,0.23,0.7187,737,0.23,0.7187,1,0.24,0.75,34,0
IWM191011C150,2019-10-10,2019-10-10 09:38:42,0.25,0.7812,353,0.23,0.7187,1400,0.23,0.7187,1,0.24,0.75,34,0
IWM191011C150,2019-10-10,2019-10-10 09:38:42,0.25,0.7812,409,0.23,0.7187,1141,0.23,0.7187,1,0.24,0.75,34,0
IWM191011C150,2019-10-10,2019-10-10 09:38:43,0.24,0.75,20,0.23,0.7187,1527,0.23,0.7187,1,0.235,0.7343,34,0
IWM191011C150,2019-10-10,2019-10-10 09:38:43,0.25,0.7812,353,0.23,0.7187,1400,0.23,0.7187,1,0.24,0.75,34,0
IWM191011C150,2019-10-10,2019-10-10 09:38:44,0.24,0.75,10,0.23,0.7187,1367,0.23,0.7187,1,0.235,0.7343,34,0
IWM191011C150,2019-10-10,2019-10-10 09:38:45,0.24,0.75,10,0.23,0.7187,1317,0.23,0.7187,1,0.235,0.7343,34,0
IWM191011C150,2019-10-10,2019-10-10 09:38:45,0.24,0.75,25,0.23,0.7187,1267,0.23,0.7187,1,0.235,0.7343,34,0
IWM191011C150,2019-10-10,2019-10-10 09:38:46,0.24,0.75,25,0.23,0.7187,1317,0.23,0.7187,1,0.235,0.7343,34,0
IWM191011C150,2019-10-10,2019-10-10 09:38:47,0.24,0.75,25,0.23,0.7187,1317,0.23,0.7187,1,0.235,0.7343,34,0
IWM191011C150,2019-10-10,2019-10-10 09:38:47,0.25,0.7812,332,0.23,0.7187,1561,0.23,0.7187,1,0.24,0.75,34,0
IWM191011C150,2019-10-10,2019-10-10 09:38:48,0.25,0.7812,332,0.23,0.7187,1303,0.23,0.7187,1,0.24,0.75,34,0
IWM191011C150,2019-10-10,2019-10-10 09:38:48,0.25,0.7812,598,0.23,0.7187,1941,0.23,0.7187,1,0.24,0.75,34,0
IWM191011C150,2019-10-10,2019-10-10 09:38:49,0.25,0.7812,598,0.23,0.7187,1941,0.23,0.7187,1,0.24,0.75,34,0
IWM191011C150,2019-10-10,2019-10-10 09:38:49,0.25,0.7812,590,0.23,0.7187,1941,0.23,0.7187,1,0.24,0.75,34,0
IWM191011C150,2019-10-10,2019-10-10 09:38:50,0.25,0.7812,590,0.23,0.7187,1991,0.23,0.7187,1,0.24,0.75,34,0
IWM191011C150,2019-10-10,2019-10-10 09:38:50,0.25,0.7812,278,0.23,0.7187,1303,0.23,0.7187,1,0.24,0.75,34,0
IWM191011C150,2019-10-10,2019-10-10 09:38:51,0.25,0.7812,66,0.24,0.75,315,0.23,0.7187,1,0.245,0.7656,34,0
IWM191011C150,2019-10-10,2019-10-10 09:38:52,0.25,0.7812,178,0.24,0.75,173,0.23,0.7187,1,0.245,0.7656,34,0
IWM191011C150,2019-10-10,2019-10-10 09:38:52,0.25,0.7812,278,0.23,0.7187,1311,0.23,0.7187,1,0.24,0.75,34,0
IWM191011C150,2019-10-10,2019-10-10 09:38:53,0.24,0.75,20,0.23,0.7187,962,0.23,0.7187,1,0.235,0.7343,34,0
IWM191011C150,2019-10-10,2019-10-10 09:38:53,0.25,0.7812,324,0.23,0.7187,617,0.23,0.7187,1,0.24,0.75,34,0
IWM191011C150,2019-10-10,2019-10-10 09:38:54,0.24,0.75,28,0.23,0.7187,729,0.23,0.7187,1,0.235,0.7343,34,0
