symbol,Date,quote_time,ask_price,norm_ask_price,ask_size,bid_price,norm_bid_price,bid_size,last_trade_price,norm_last_trade_price,last_trade_size,mark_price,norm_mark_price,volume,Volume
IWM191011P146,2019-10-07,2019-10-07 09:30:00,0.68,1.0,202,0.66,0.9705,214,0.0,0.0,3541,0.67,0.9852,4223,4223
IWM191011P146,2019-10-07,2019-10-07 09:30:01,0.74,1.0882,28,0.66,0.9705,28,0.7,1.0294,10,0.7,1.0294,10,0
IWM191011P146,2019-10-07,2019-10-07 09:30:02,0.74,1.0882,28,0.67,0.9852,19,0.7,1.0294,10,0.705,1.0367,10,0
IWM191011P146,2019-10-07,2019-10-07 09:30:03,0.74,1.0882,28,0.67,0.9852,60,0.69,1.0147,1,0.705,1.0367,11,0
IWM191011P146,2019-10-07,2019-10-07 09:30:03,0.74,1.0882,28,0.67,0.9852,60,0.69,1.0147,1,0.705,1.0367,11,1
IWM191011P146,2019-10-07,2019-10-07 09:30:04,0.74,1.0882,28,0.67,0.9852,75,0.69,1.0147,1,0.705,1.0367,11,0
IWM191011P146,2019-10-07,2019-10-07 09:30:04,0.74,1.0882,28,0.66,0.9705,75,0.69,1.0147,1,0.7,1.0294,11,0
IWM191011P146,2019-10-07,2019-10-07 09:30:05,0.73,1.0735,28,0.65,0.9558,80,0.69,1.0147,1,0.69,1.0147,11,0
IWM191011P146,2019-10-07,2019-10-07 09:30:05,0.74,1.0882,28,0.67,0.9852,75,0.69,1.0147,1,0.705,1.0367,11,0
IWM191011P146,2019-10-07,2019-10-07 09:30:06,0.73,1.0735,28,0.65,0.9558,28,0.69,1.0147,1,0.69,1.0147,11,0
IWM191011P146,2019-10-07,2019-10-07 09:30:07,0.72,1.0588,28,0.64,0.9411,410,0.69,1.0147,1,0.68,1.0,11,0
IWM191011P146,2019-10-07,2019-10-07 09:30:07,0.72,1.0588,28,0.65,0.9558,22,0.69,1.0147,1,0.685,1.0073,11,0
IWM191011P146,2019-10-07,2019-10-07 09:30:08,0.72,1.0588,28,0.64,0.9411,410,0.69,1.0147,1,0.68,1.0,11,0
IWM191011P146,2019-10-07,2019-10-07 09:30:09,0.72,1.0588,28,0.64,0.9411,410,0.69,1.0147,1,0.68,1.0,11,0
IWM191011P146,2019-10-07,2019-10-07 09:30:10,0.72,1.0588,10,0.64,0.9411,290,0.69,1.0147,1,0.68,1.0,11,0
IWM191011P146,2019-10-07,2019-10-07 09:30:10,0.72,1.0588,28,0.64,0.9411,290,0.69,1.0147,1,0.68,1.0,11,0
IWM191011P146,2019-10-07,2019-10-07 09:30:11,0.72,1.0588,10,0.64,0.9411,290,0.69,1.0147,1,0.68,1.0,11,0
IWM191011P146,2019-10-07,2019-10-07 09:30:11,0.72,1.0588,10,0.64,0.9411,343,0.69,1.0147,1,0.68,1.0,11,0
IWM191011P146,2019-10-07,2019-10-07 09:30:12,0.72,1.0588,10,0.64,0.9411,372,0.69,1.0147,1,0.68,1.0,11,0
IWM191011P146,2019-10-07,2019-10-07 09:30:13,0.72,1.0588,10,0.64,0.9411,122,0.69,1.0147,1,0.68,1.0,11,0
IWM191011P146,2019-10-07,2019-10-07 09:30:14,0.72,1.0588,10,0.64,0.9411,122,0.69,1.0147,1,0.68,1.0,11,0
IWM191011P146,2019-10-07,2019-10-07 09:30:14,0.72,1.0588,10,0.64,0.9411,155,0.69,1.0147,1,0.68,1.0,11,0
IWM191011P146,2019-10-07,2019-10-07 09:30:15,0.72,1.0588,10,0.64,0.9411,155,0.69,1.0147,1,0.68,1.0,11,0
IWM191011P146,2019-10-07,2019-10-07 09:30:16,0.72,1.0588,10,0.64,0.9411,155,0.69,1.0147,1,0.68,1.0,11,0
IWM191011P146,2019-10-07,2019-10-07 09:30:16,0.7,1.0294,28,0.64,0.9411,155,0.69,1.0147,1,0.67,0.9852,11,0
IWM191011P146,2019-10-07,2019-10-07 09:30:17,0.69,1.0147,31,0.64,0.9411,155,0.69,1.0147,1,0.665,0.9779,11,0
IWM191011P146,2019-10-07,2019-10-07 09:30:17,0.69,1.0147,31,0.66,0.9705,336,0.69,1.0147,1,0.675,0.9926,11,0
IWM191011P146,2019-10-07,2019-10-07 09:30:18,0.7,1.0294,31,0.67,0.9852,90,0.69,1.0147,1,0.685,1.0073,11,0
IWM191011P146,2019-10-07,2019-10-07 09:30:18,0.71,1.0441,61,0.68,1.0,15,0.69,1.0147,1,0.695,1.022,11,0
IWM191011P146,2019-10-07,2019-10-07 09:30:19,0.71,1.0441,31,0.69,1.0147,75,0.69,1.0147,1,0.7,1.0294,11,0
IWM191011P146,2019-10-07,2019-10-07 09:30:20,0.74,1.0882,141,0.71,1.0441,147,0.69,1.0147,1,0.725,1.0661,11,0
IWM191011P146,2019-10-07,2019-10-07 09:30:20,0.73,1.0735,34,0.7,1.0294,15,0.69,1.0147,1,0.715,1.0514,11,0
IWM191011P146,2019-10-07,2019-10-07 09:30:21,0.72,1.0588,2,0.69,1.0147,335,0.69,1.0147,1,0.705,1.0367,11,0
IWM191011P146,2019-10-07,2019-10-07 09:30:21,0.72,1.0588,2,0.69,1.0147,254,0.69,1.0147,1,0.705,1.0367,11,0
IWM191011P146,2019-10-07,2019-10-07 09:30:22,0.72,1.0588,76,0.69,1.0147,174,0.69,1.0147,1,0.705,1.0367,11,0
IWM191011P146,2019-10-07,2019-10-07 09:30:22,0.72,1.0588,2,0.69,1.0147,75,0.69,1.0147,1,0.705,1.0367,11,0
IWM191011P146,2019-10-07,2019-10-07 09:30:23,0.72,1.0588,94,0.68,1.0,168,0.69,1.0147,1,0.7,1.0294,11,0
IWM191011P146,2019-10-07,2019-10-07 09:30:23,0.72,1.0588,94,0.69,1.0147,203,0.69,1.0147,1,0.705,1.0367,11,0
IWM191011P146,2019-10-07,2019-10-07 09:30:24,0.72,1.0588,196,0.68,1.0,219,0.69,1.0147,1,0.7,1.0294,11,0
IWM191011P146,2019-10-07,2019-10-07 09:30:24,0.72,1.0588,186,0.68,1.0,215,0.69,1.0147,1,0.7,1.0294,11,0
IWM191011P146,2019-10-07,2019-10-07 09:30:25,0.7,1.0294,47,0.67,0.9852,4,0.69,1.0147,1,0.685,1.0073,11,0
IWM191011P146,2019-10-07,2019-10-07 09:30:26,0.69,1.0147,31,0.66,0.9705,76,0.69,1.0147,1,0.675,0.9926,11,0
IWM191011P146,2019-10-07,2019-10-07 09:30:26,0.69,1.0147,28,0.66,0.9705,99,0.69,1.0147,1,0.675,0.9926,11,0
IWM191011P146,2019-10-07,2019-10-07 09:30:27,0.69,1.0147,31,0.66,0.9705,168,0.69,1.0147,1,0.675,0.9926,11,0
IWM191011P146,2019-10-07,2019-10-07 09:30:28,0.69,1.0147,31,0.66,0.9705,155,0.69,1.0147,1,0.675,0.9926,11,0
IWM191011P146,2019-10-07,2019-10-07 09:30:29,0.7,1.0294,108,0.67,0.9852,1,0.69,1.0147,1,0.685,1.0073,11,0
IWM191011P146,2019-10-07,2019-10-07 09:30:29,0.7,1.0294,111,0.67,0.9852,1,0.69,1.0147,1,0.685,1.0073,11,0
IWM191011P146,2019-10-07,2019-10-07 09:30:30,0.7,1.0294,130,0.67,0.9852,147,0.69,1.0147,1,0.685,1.0073,11,0
IWM191011P146,2019-10-07,2019-10-07 09:30:30,0.7,1.0294,131,0.67,0.9852,1,0.69,1.0147,1,0.685,1.0073,11,0
IWM191011P146,2019-10-07,2019-10-07 09:30:31,0.7,1.0294,130,0.67,0.9852,194,0.69,1.0147,1,0.685,1.0073,11,0
IWM191011P146,2019-10-07,2019-10-07 09:30:31,0.7,1.0294,138,0.67,0.9852,301,0.69,1.0147,1,0.685,1.0073,11,0
IWM191011P146,2019-10-07,2019-10-07 09:30:32,0.7,1.0294,80,0.68,1.0,20,0.69,1.0147,1,0.69,1.0147,11,0
IWM191011P146,2019-10-07,2019-10-07 09:30:32,0.7,1.0294,80,0.68,1.0,36,0.69,1.0147,1,0.69,1.0147,11,0
IWM191011P146,2019-10-07,2019-10-07 09:30:33,0.7,1.0294,80,0.67,0.9852,95,0.69,1.0147,1,0.685,1.0073,11,0
IWM191011P146,2019-10-07,2019-10-07 09:30:33,0.7,1.0294,80,0.68,1.0,26,0.69,1.0147,1,0.69,1.0147,11,0
IWM191011P146,2019-10-07,2019-10-07 09:30:34,0.69,1.0147,63,0.66,0.9705,30,0.69,1.0147,1,0.675,0.9926,11,0
IWM191011P146,2019-10-07,2019-10-07 09:30:34,0.69,1.0147,20,0.67,0.9852,130,0.69,1.0147,1,0.68,1.0,11,0
IWM191011P146,2019-10-07,2019-10-07 09:30:35,0.69,1.0147,63,0.66,0.9705,30,0.69,1.0147,1,0.675,0.9926,11,0
IWM191011P146,2019-10-07,2019-10-07 09:30:35,0.69,1.0147,77,0.66,0.9705,61,0.69,1.0147,1,0.675,0.9926,11,0
IWM191011P146,2019-10-07,2019-10-07 09:30:36,0.69,1.0147,77,0.66,0.9705,27,0.69,1.0147,1,0.675,0.9926,11,0
IWM191011P146,2019-10-07,2019-10-07 09:30:36,0.69,1.0147,77,0.66,0.9705,37,0.69,1.0147,1,0.675,0.9926,11,0
IWM191011P146,2019-10-07,2019-10-07 09:30:37,0.69,1.0147,46,0.66,0.9705,202,0.69,1.0147,1,0.675,0.9926,11,0
IWM191011P146,2019-10-07,2019-10-07 09:30:37,0.69,1.0147,47,0.66,0.9705,27,0.69,1.0147,1,0.675,0.9926,11,0
IWM191011P146,2019-10-07,2019-10-07 09:30:38,0.69,1.0147,46,0.66,0.9705,102,0.69,1.0147,1,0.675,0.9926,11,0
IWM191011P146,2019-10-07,2019-10-07 09:30:38,0.69,1.0147,46,0.67,0.9852,20,0.69,1.0147,1,0.68,1.0,11,0
IWM191011P146,2019-10-07,2019-10-07 09:30:39,0.69,1.0147,48,0.67,0.9852,30,0.69,1.0147,1,0.68,1.0,11,0
IWM191011P146,2019-10-07,2019-10-07 09:30:39,0.69,1.0147,20,0.67,0.9852,30,0.69,1.0147,1,0.68,1.0,11,0
IWM191011P146,2019-10-07,2019-10-07 09:30:40,0.69,1.0147,74,0.66,0.9705,21,0.69,1.0147,1,0.675,0.9926,11,0
IWM191011P146,2019-10-07,2019-10-07 09:30:41,0.69,1.0147,74,0.66,0.9705,20,0.69,1.0147,1,0.675,0.9926,11,0
IWM191011P146,2019-10-07,2019-10-07 09:30:41,0.69,1.0147,74,0.67,0.9852,20,0.69,1.0147,1,0.68,1.0,11,0
IWM191011P146,2019-10-07,2019-10-07 09:30:42,0.7,1.0294,170,0.67,0.9852,20,0.69,1.0147,1,0.685,1.0073,11,0
IWM191011P146,2019-10-07,2019-10-07 09:30:42,0.69,1.0147,20,0.67,0.9852,20,0.69,1.0147,1,0.68,1.0,11,0
IWM191011P146,2019-10-07,2019-10-07 09:30:43,0.7,1.0294,178,0.67,0.9852,22,0.69,1.0147,1,0.685,1.0073,11,0
IWM191011P146,2019-10-07,2019-10-07 09:30:44,0.7,1.0294,184,0.67,0.9852,22,0.69,1.0147,1,0.685,1.0073,11,0
IWM191011P146,2019-10-07,2019-10-07 09:30:44,0.7,1.0294,182,0.67,0.9852,22,0.69,1.0147,1,0.685,1.0073,11,0
IWM191011P146,2019-10-07,2019-10-07 09:30:45,0.7,1.0294,243,0.67,0.9852,22,0.69,1.0147,1,0.685,1.0073,11,0
IWM191011P146,2019-10-07,2019-10-07 09:30:45,0.7,1.0294,184,0.67,0.9852,22,0.69,1.0147,1,0.685,1.0073,11,0
IWM191011P146,2019-10-07,2019-10-07 09:30:46,0.7,1.0294,184,0.67,0.9852,22,0.69,1.0147,1,0.685,1.0073,11,0
IWM191011P146,2019-10-07,2019-10-07 09:30:47,0.7,1.0294,187,0.67,0.9852,22,0.69,1.0147,1,0.685,1.0073,11,0
IWM191011P146,2019-10-07,2019-10-07 09:30:47,0.7,1.0294,187,0.67,0.9852,123,0.69,1.0147,1,0.685,1.0073,11,0
IWM191011P146,2019-10-07,2019-10-07 09:30:48,0.7,1.0294,321,0.67,0.9852,240,0.69,1.0147,1,0.685,1.0073,11,0
IWM191011P146,2019-10-07,2019-10-07 09:30:48,0.7,1.0294,207,0.67,0.9852,123,0.69,1.0147,1,0.685,1.0073,11,0
IWM191011P146,2019-10-07,2019-10-07 09:30:49,0.7,1.0294,321,0.67,0.9852,197,0.69,1.0147,1,0.685,1.0073,11,0
IWM191011P146,2019-10-07,2019-10-07 09:30:49,0.7,1.0294,321,0.67,0.9852,160,0.69,1.0147,1,0.685,1.0073,11,0
IWM191011P146,2019-10-07,2019-10-07 09:30:50,0.7,1.0294,321,0.67,0.9852,146,0.69,1.0147,1,0.685,1.0073,11,0
IWM191011P146,2019-10-07,2019-10-07 09:30:50,0.7,1.0294,321,0.67,0.9852,77,0.69,1.0147,1,0.685,1.0073,11,0
IWM191011P146,2019-10-07,2019-10-07 09:30:51,0.7,1.0294,222,0.67,0.9852,134,0.69,1.0147,1,0.685,1.0073,11,0
IWM191011P146,2019-10-07,2019-10-07 09:30:51,0.7,1.0294,321,0.67,0.9852,77,0.69,1.0147,1,0.685,1.0073,11,0
IWM191011P146,2019-10-07,2019-10-07 09:30:52,0.69,1.0147,56,0.67,0.9852,20,0.69,1.0147,1,0.68,1.0,11,0
IWM191011P146,2019-10-07,2019-10-07 09:30:52,0.7,1.0294,255,0.66,0.9705,171,0.69,1.0147,1,0.68,1.0,11,0
IWM191011P146,2019-10-07,2019-10-07 09:30:53,0.69,1.0147,78,0.67,0.9852,20,0.69,1.0147,1,0.68,1.0,11,0
IWM191011P146,2019-10-07,2019-10-07 09:30:53,0.69,1.0147,31,0.67,0.9852,20,0.69,1.0147,1,0.68,1.0,11,0
IWM191011P146,2019-10-07,2019-10-07 09:30:54,0.7,1.0294,202,0.68,1.0,20,0.69,1.0147,1,0.69,1.0147,11,0
IWM191011P146,2019-10-07,2019-10-07 09:30:54,0.69,1.0147,30,0.67,0.9852,20,0.69,1.0147,1,0.68,1.0,11,0
IWM191011P146,2019-10-07,2019-10-07 09:30:55,0.7,1.0294,1,0.68,1.0,277,0.69,1.0147,1,0.69,1.0147,11,0
IWM191011P146,2019-10-07,2019-10-07 09:30:55,0.7,1.0294,163,0.68,1.0,34,0.69,1.0147,1,0.69,1.0147,11,0
IWM191011P146,2019-10-07,2019-10-07 09:30:56,0.71,1.0441,326,0.68,1.0,322,0.69,1.0147,1,0.695,1.022,11,0
IWM191011P146,2019-10-07,2019-10-07 09:30:56,0.7,1.0294,1,0.68,1.0,277,0.69,1.0147,1,0.69,1.0147,11,0
IWM191011P146,2019-10-07,2019-10-07 09:30:57,0.71,1.0441,276,0.68,1.0,422,0.69,1.0147,1,0.695,1.022,11,0
IWM191011P146,2019-10-07,2019-10-07 09:30:57,0.71,1.0441,326,0.68,1.0,374,0.69,1.0147,1,0.695,1.022,11,0
IWM191011P146,2019-10-07,2019-10-07 09:30:58,0.71,1.0441,316,0.68,1.0,76,0.69,1.0147,1,0.695,1.022,11,0
IWM191011P146,2019-10-07,2019-10-07 09:30:58,0.71,1.0441,343,0.68,1.0,261,0.69,1.0147,1,0.695,1.022,11,0
IWM191011P146,2019-10-07,2019-10-07 09:30:59,0.7,1.0294,1,0.68,1.0,20,0.69,1.0147,1,0.69,1.0147,11,0
IWM191011P146,2019-10-07,2019-10-07 09:30:59,0.71,1.0441,492,0.68,1.0,76,0.69,1.0147,1,0.695,1.022,11,0
IWM191011P146,2019-10-07,2019-10-07 09:31:00,0.71,1.0441,83,0.68,1.0,332,0.69,1.0147,1,0.695,1.022,11,0
IWM191011P146,2019-10-07,2019-10-07 09:31:00,0.71,1.0441,64,0.69,1.0147,177,0.69,1.0147,1,0.7,1.0294,11,0
IWM191011P146,2019-10-07,2019-10-07 09:31:01,0.72,1.0588,120,0.68,1.0,662,0.69,1.0147,1,0.7,1.0294,11,0
IWM191011P146,2019-10-07,2019-10-07 09:31:02,0.72,1.0588,33,0.69,1.0147,367,0.69,1.0147,1,0.705,1.0367,11,0
IWM191011P146,2019-10-07,2019-10-07 09:31:02,0.72,1.0588,242,0.69,1.0147,163,0.69,1.0147,1,0.705,1.0367,11,0
IWM191011P146,2019-10-07,2019-10-07 09:31:03,0.72,1.0588,33,0.69,1.0147,367,0.69,1.0147,1,0.705,1.0367,11,0
IWM191011P146,2019-10-07,2019-10-07 09:31:04,0.72,1.0588,568,0.69,1.0147,15,0.69,1.0147,1,0.705,1.0367,11,0
IWM191011P146,2019-10-07,2019-10-07 09:31:05,0.71,1.0441,449,0.68,1.0,22,0.69,1.0147,1,0.695,1.022,11,0
IWM191011P146,2019-10-07,2019-10-07 09:31:05,0.71,1.0441,180,0.67,0.9852,397,0.69,1.0147,1,0.69,1.0147,11,0
IWM191011P146,2019-10-07,2019-10-07 09:31:06,0.7,1.0294,34,0.67,0.9852,140,0.69,1.0147,1,0.685,1.0073,11,0
IWM191011P146,2019-10-07,2019-10-07 09:31:06,0.7,1.0294,255,0.67,0.9852,105,0.69,1.0147,1,0.685,1.0073,11,0
IWM191011P146,2019-10-07,2019-10-07 09:31:07,0.7,1.0294,59,0.68,1.0,20,0.69,1.0147,1,0.69,1.0147,11,0
IWM191011P146,2019-10-07,2019-10-07 09:31:07,0.7,1.0294,34,0.67,0.9852,242,0.69,1.0147,1,0.685,1.0073,11,0
IWM191011P146,2019-10-07,2019-10-07 09:31:08,0.7,1.0294,379,0.67,0.9852,80,0.69,1.0147,1,0.685,1.0073,11,0
IWM191011P146,2019-10-07,2019-10-07 09:31:08,0.7,1.0294,197,0.67,0.9852,132,0.69,1.0147,1,0.685,1.0073,11,0
IWM191011P146,2019-10-07,2019-10-07 09:31:09,0.7,1.0294,379,0.67,0.9852,47,0.69,1.0147,1,0.685,1.0073,11,0
IWM191011P146,2019-10-07,2019-10-07 09:31:09,0.7,1.0294,428,0.67,0.9852,33,0.69,1.0147,1,0.685,1.0073,11,0
IWM191011P146,2019-10-07,2019-10-07 09:31:10,0.7,1.0294,143,0.68,1.0,20,0.69,1.0147,1,0.69,1.0147,11,0
IWM191011P146,2019-10-07,2019-10-07 09:31:10,0.7,1.0294,428,0.67,0.9852,34,0.69,1.0147,1,0.685,1.0073,11,0
IWM191011P146,2019-10-07,2019-10-07 09:31:11,0.7,1.0294,40,0.67,0.9852,214,0.69,1.0147,1,0.685,1.0073,11,0
IWM191011P146,2019-10-07,2019-10-07 09:31:11,0.7,1.0294,103,0.68,1.0,20,0.69,1.0147,1,0.69,1.0147,11,0
IWM191011P146,2019-10-07,2019-10-07 09:31:12,0.7,1.0294,19,0.68,1.0,27,0.69,1.0147,1,0.69,1.0147,11,0
IWM191011P146,2019-10-07,2019-10-07 09:31:12,0.71,1.0441,246,0.69,1.0147,20,0.69,1.0147,1,0.7,1.0294,11,0
IWM191011P146,2019-10-07,2019-10-07 09:31:13,0.71,1.0441,309,0.69,1.0147,20,0.69,1.0147,1,0.7,1.0294,11,0
IWM191011P146,2019-10-07,2019-10-07 09:31:14,0.71,1.0441,309,0.69,1.0147,20,0.69,1.0147,1,0.7,1.0294,11,0
IWM191011P146,2019-10-07,2019-10-07 09:31:14,0.71,1.0441,465,0.68,1.0,58,0.69,1.0147,1,0.695,1.022,11,0
IWM191011P146,2019-10-07,2019-10-07 09:31:15,0.71,1.0441,105,0.69,1.0147,22,0.69,1.0147,1,0.7,1.0294,11,0
IWM191011P146,2019-10-07,2019-10-07 09:31:15,0.71,1.0441,32,0.69,1.0147,42,0.69,1.0147,1,0.7,1.0294,11,0
IWM191011P146,2019-10-07,2019-10-07 09:31:16,0.72,1.0588,48,0.7,1.0294,20,0.69,1.0147,1,0.71,1.0441,11,0
IWM191011P146,2019-10-07,2019-10-07 09:31:16,0.72,1.0588,215,0.7,1.0294,20,0.69,1.0147,1,0.71,1.0441,11,0
IWM191011P146,2019-10-07,2019-10-07 09:31:17,0.72,1.0588,275,0.69,1.0147,186,0.69,1.0147,1,0.705,1.0367,11,0
IWM191011P146,2019-10-07,2019-10-07 09:31:17,0.72,1.0588,238,0.7,1.0294,20,0.69,1.0147,1,0.71,1.0441,11,0
IWM191011P146,2019-10-07,2019-10-07 09:31:18,0.72,1.0588,290,0.69,1.0147,186,0.69,1.0147,1,0.705,1.0367,11,0
IWM191011P146,2019-10-07,2019-10-07 09:31:18,0.72,1.0588,298,0.69,1.0147,28,0.69,1.0147,1,0.705,1.0367,11,0
IWM191011P146,2019-10-07,2019-10-07 09:31:19,0.71,1.0441,26,0.69,1.0147,42,0.69,1.0147,1,0.7,1.0294,11,0
IWM191011P146,2019-10-07,2019-10-07 09:31:20,0.71,1.0441,26,0.69,1.0147,42,0.69,1.0147,1,0.7,1.0294,11,0
IWM191011P146,2019-10-07,2019-10-07 09:31:21,0.71,1.0441,19,0.69,1.0147,92,0.69,1.0147,1,0.7,1.0294,11,0
IWM191011P146,2019-10-07,2019-10-07 09:31:21,0.71,1.0441,19,0.69,1.0147,129,0.69,1.0147,1,0.7,1.0294,11,0
IWM191011P146,2019-10-07,2019-10-07 09:31:22,0.71,1.0441,19,0.69,1.0147,92,0.69,1.0147,1,0.7,1.0294,11,0
IWM191011P146,2019-10-07,2019-10-07 09:31:23,0.72,1.0588,50,0.7,1.0294,22,0.69,1.0147,1,0.71,1.0441,11,0
IWM191011P146,2019-10-07,2019-10-07 09:31:23,0.72,1.0588,65,0.7,1.0294,22,0.69,1.0147,1,0.71,1.0441,11,0
IWM191011P146,2019-10-07,2019-10-07 09:31:24,0.72,1.0588,65,0.7,1.0294,22,0.69,1.0147,1,0.71,1.0441,11,0
IWM191011P146,2019-10-07,2019-10-07 09:31:25,0.72,1.0588,65,0.7,1.0294,22,0.69,1.0147,1,0.71,1.0441,11,0
IWM191011P146,2019-10-07,2019-10-07 09:31:26,0.72,1.0588,156,0.69,1.0147,251,0.69,1.0147,1,0.705,1.0367,11,0
IWM191011P146,2019-10-07,2019-10-07 09:31:27,0.72,1.0588,214,0.69,1.0147,251,0.69,1.0147,1,0.705,1.0367,11,0
IWM191011P146,2019-10-07,2019-10-07 09:31:27,0.72,1.0588,214,0.69,1.0147,27,0.69,1.0147,1,0.705,1.0367,11,0
IWM191011P146,2019-10-07,2019-10-07 09:31:28,0.71,1.0441,353,0.68,1.0,125,0.69,1.0147,1,0.695,1.022,11,0
IWM191011P146,2019-10-07,2019-10-07 09:31:28,0.71,1.0441,293,0.68,1.0,118,0.69,1.0147,1,0.695,1.022,11,0
IWM191011P146,2019-10-07,2019-10-07 09:31:29,0.71,1.0441,242,0.68,1.0,125,0.69,1.0147,1,0.695,1.022,11,0
IWM191011P146,2019-10-07,2019-10-07 09:31:29,0.71,1.0441,366,0.68,1.0,143,0.69,1.0147,1,0.695,1.022,11,0
IWM191011P146,2019-10-07,2019-10-07 09:31:30,0.71,1.0441,388,0.68,1.0,143,0.69,1.0147,1,0.695,1.022,11,0
IWM191011P146,2019-10-07,2019-10-07 09:31:30,0.71,1.0441,318,0.68,1.0,143,0.69,1.0147,1,0.695,1.022,11,0
IWM191011P146,2019-10-07,2019-10-07 09:31:31,0.71,1.0441,398,0.68,1.0,132,0.69,1.0147,1,0.695,1.022,11,0
IWM191011P146,2019-10-07,2019-10-07 09:31:31,0.71,1.0441,430,0.68,1.0,132,0.69,1.0147,1,0.695,1.022,11,0
IWM191011P146,2019-10-07,2019-10-07 09:31:32,0.71,1.0441,398,0.68,1.0,132,0.69,1.0147,1,0.695,1.022,11,0
IWM191011P146,2019-10-07,2019-10-07 09:31:33,0.71,1.0441,398,0.68,1.0,132,0.69,1.0147,1,0.695,1.022,11,0
IWM191011P146,2019-10-07,2019-10-07 09:31:33,0.71,1.0441,350,0.68,1.0,132,0.69,1.0147,1,0.695,1.022,11,0
IWM191011P146,2019-10-07,2019-10-07 09:31:34,0.72,1.0588,118,0.68,1.0,132,0.69,1.0147,1,0.7,1.0294,11,0
IWM191011P146,2019-10-07,2019-10-07 09:31:34,0.71,1.0441,350,0.68,1.0,132,0.69,1.0147,1,0.695,1.022,11,0
IWM191011P146,2019-10-07,2019-10-07 09:31:35,0.72,1.0588,153,0.7,1.0294,20,0.69,1.0147,1,0.71,1.0441,11,0
IWM191011P146,2019-10-07,2019-10-07 09:31:35,0.72,1.0588,70,0.7,1.0294,22,0.69,1.0147,1,0.71,1.0441,11,0
IWM191011P146,2019-10-07,2019-10-07 09:31:36,0.72,1.0588,70,0.7,1.0294,22,0.69,1.0147,1,0.71,1.0441,11,0
IWM191011P146,2019-10-07,2019-10-07 09:31:37,0.72,1.0588,70,0.69,1.0147,58,0.69,1.0147,1,0.705,1.0367,11,0
IWM191011P146,2019-10-07,2019-10-07 09:31:37,0.72,1.0588,70,0.69,1.0147,92,0.69,1.0147,1,0.705,1.0367,11,0
IWM191011P146,2019-10-07,2019-10-07 09:31:38,0.71,1.0441,229,0.69,1.0147,22,0.69,1.0147,1,0.7,1.0294,11,0
IWM191011P146,2019-10-07,2019-10-07 09:31:38,0.71,1.0441,239,0.69,1.0147,22,0.69,1.0147,1,0.7,1.0294,11,0
IWM191011P146,2019-10-07,2019-10-07 09:31:39,0.71,1.0441,354,0.68,1.0,94,0.69,1.0147,1,0.695,1.022,11,0
IWM191011P146,2019-10-07,2019-10-07 09:31:40,0.71,1.0441,354,0.68,1.0,94,0.69,1.0147,1,0.695,1.022,11,0
IWM191011P146,2019-10-07,2019-10-07 09:31:41,0.7,1.0294,26,0.68,1.0,20,0.69,1.0147,1,0.69,1.0147,11,0
IWM191011P146,2019-10-07,2019-10-07 09:31:41,0.69,1.0147,19,0.67,0.9852,45,0.69,1.0147,1,0.68,1.0,11,0
IWM191011P146,2019-10-07,2019-10-07 09:31:42,0.69,1.0147,19,0.67,0.9852,31,0.69,1.0147,1,0.68,1.0,11,0
IWM191011P146,2019-10-07,2019-10-07 09:31:42,0.7,1.0294,399,0.67,0.9852,90,0.69,1.0147,1,0.685,1.0073,11,0
IWM191011P146,2019-10-07,2019-10-07 09:31:43,0.7,1.0294,515,0.67,0.9852,126,0.69,1.0147,1,0.685,1.0073,11,0
IWM191011P146,2019-10-07,2019-10-07 09:31:43,0.7,1.0294,448,0.67,0.9852,90,0.69,1.0147,1,0.685,1.0073,11,0
IWM191011P146,2019-10-07,2019-10-07 09:31:44,0.7,1.0294,547,0.67,0.9852,43,0.69,1.0147,1,0.685,1.0073,11,0
IWM191011P146,2019-10-07,2019-10-07 09:31:44,0.7,1.0294,547,0.67,0.9852,103,0.69,1.0147,1,0.685,1.0073,11,0
IWM191011P146,2019-10-07,2019-10-07 09:31:45,0.7,1.0294,507,0.67,0.9852,140,0.69,1.0147,1,0.685,1.0073,11,0
IWM191011P146,2019-10-07,2019-10-07 09:31:45,0.7,1.0294,482,0.67,0.9852,176,0.69,1.0147,1,0.685,1.0073,11,0
IWM191011P146,2019-10-07,2019-10-07 09:31:46,0.7,1.0294,9,0.68,1.0,21,0.69,1.0147,1,0.69,1.0147,11,0
IWM191011P146,2019-10-07,2019-10-07 09:31:46,0.7,1.0294,20,0.68,1.0,42,0.69,1.0147,1,0.69,1.0147,11,0
IWM191011P146,2019-10-07,2019-10-07 09:31:47,0.7,1.0294,282,0.67,0.9852,244,0.69,1.0147,1,0.685,1.0073,11,0
IWM191011P146,2019-10-07,2019-10-07 09:31:47,0.7,1.0294,202,0.67,0.9852,263,0.69,1.0147,1,0.685,1.0073,11,0
IWM191011P146,2019-10-07,2019-10-07 09:31:48,0.71,1.0441,574,0.68,1.0,111,0.69,1.0147,1,0.695,1.022,11,0
IWM191011P146,2019-10-07,2019-10-07 09:31:48,0.7,1.0294,15,0.68,1.0,103,0.69,1.0147,1,0.69,1.0147,11,0
IWM191011P146,2019-10-07,2019-10-07 09:31:49,0.71,1.0441,508,0.68,1.0,179,0.69,1.0147,1,0.695,1.022,11,0
IWM191011P146,2019-10-07,2019-10-07 09:31:49,0.71,1.0441,421,0.68,1.0,179,0.69,1.0147,1,0.695,1.022,11,0
IWM191011P146,2019-10-07,2019-10-07 09:31:50,0.71,1.0441,276,0.68,1.0,275,0.69,1.0147,1,0.695,1.022,11,0
IWM191011P146,2019-10-07,2019-10-07 09:31:50,0.71,1.0441,151,0.69,1.0147,26,0.69,1.0147,1,0.7,1.0294,11,0
IWM191011P146,2019-10-07,2019-10-07 09:31:51,0.71,1.0441,77,0.68,1.0,275,0.69,1.0147,1,0.695,1.022,11,0
IWM191011P146,2019-10-07,2019-10-07 09:31:51,0.71,1.0441,19,0.69,1.0147,71,0.69,1.0147,1,0.7,1.0294,11,0
IWM191011P146,2019-10-07,2019-10-07 09:31:52,0.71,1.0441,19,0.69,1.0147,127,0.69,1.0147,1,0.7,1.0294,11,0
IWM191011P146,2019-10-07,2019-10-07 09:31:52,0.71,1.0441,19,0.69,1.0147,159,0.69,1.0147,1,0.7,1.0294,11,0
IWM191011P146,2019-10-07,2019-10-07 09:31:53,0.71,1.0441,13,0.69,1.0147,200,0.69,1.0147,1,0.7,1.0294,11,0
IWM191011P146,2019-10-07,2019-10-07 09:31:54,0.71,1.0441,19,0.69,1.0147,203,0.69,1.0147,1,0.7,1.0294,11,0
IWM191011P146,2019-10-07,2019-10-07 09:31:54,0.71,1.0441,33,0.69,1.0147,173,0.69,1.0147,1,0.7,1.0294,11,0
IWM191011P146,2019-10-07,2019-10-07 09:31:55,0.71,1.0441,13,0.69,1.0147,203,0.69,1.0147,1,0.7,1.0294,11,0
IWM191011P146,2019-10-07,2019-10-07 09:31:56,0.71,1.0441,27,0.68,1.0,221,0.69,1.0147,1,0.695,1.022,11,0
IWM191011P146,2019-10-07,2019-10-07 09:31:57,0.71,1.0441,27,0.69,1.0147,1,0.69,1.0147,1,0.7,1.0294,11,0
IWM191011P146,2019-10-07,2019-10-07 09:31:57,0.71,1.0441,27,0.68,1.0,240,0.69,1.0147,1,0.695,1.022,11,0
IWM191011P146,2019-10-07,2019-10-07 09:31:58,0.71,1.0441,33,0.68,1.0,232,0.69,1.0147,1,0.695,1.022,11,0
IWM191011P146,2019-10-07,2019-10-07 09:31:58,0.71,1.0441,27,0.68,1.0,240,0.69,1.0147,1,0.695,1.022,11,0
IWM191011P146,2019-10-07,2019-10-07 09:31:59,0.71,1.0441,38,0.69,1.0147,20,0.69,1.0147,1,0.7,1.0294,11,0
IWM191011P146,2019-10-07,2019-10-07 09:31:59,0.71,1.0441,48,0.68,1.0,166,0.69,1.0147,1,0.695,1.022,11,0
IWM191011P146,2019-10-07,2019-10-07 09:32:00,0.71,1.0441,33,0.68,1.0,270,0.69,1.0147,1,0.695,1.022,11,0
IWM191011P146,2019-10-07,2019-10-07 09:32:00,0.71,1.0441,48,0.68,1.0,166,0.69,1.0147,1,0.695,1.022,11,0
IWM191011P146,2019-10-07,2019-10-07 09:32:01,0.71,1.0441,13,0.69,1.0147,215,0.69,1.0147,1,0.7,1.0294,11,0
IWM191011P146,2019-10-07,2019-10-07 09:32:01,0.71,1.0441,13,0.69,1.0147,168,0.69,1.0147,1,0.7,1.0294,11,0
IWM191011P146,2019-10-07,2019-10-07 09:32:02,0.72,1.0588,63,0.69,1.0147,578,0.69,1.0147,1,0.705,1.0367,11,0
IWM191011P146,2019-10-07,2019-10-07 09:32:02,0.73,1.0735,99,0.7,1.0294,242,0.69,1.0147,1,0.715,1.0514,11,0
IWM191011P146,2019-10-07,2019-10-07 09:32:03,0.73,1.0735,99,0.71,1.0441,99,0.69,1.0147,1,0.72,1.0588,11,0
IWM191011P146,2019-10-07,2019-10-07 09:32:03,0.73,1.0735,99,0.71,1.0441,92,0.69,1.0147,1,0.72,1.0588,11,0
IWM191011P146,2019-10-07,2019-10-07 09:32:04,0.73,1.0735,99,0.71,1.0441,183,0.69,1.0147,1,0.72,1.0588,11,0
IWM191011P146,2019-10-07,2019-10-07 09:32:04,0.73,1.0735,99,0.71,1.0441,92,0.69,1.0147,1,0.72,1.0588,11,0
IWM191011P146,2019-10-07,2019-10-07 09:32:05,0.72,1.0588,80,0.7,1.0294,266,0.69,1.0147,1,0.71,1.0441,11,0
IWM191011P146,2019-10-07,2019-10-07 09:32:05,0.72,1.0588,80,0.7,1.0294,346,0.69,1.0147,1,0.71,1.0441,11,0
IWM191011P146,2019-10-07,2019-10-07 09:32:06,0.72,1.0588,80,0.7,1.0294,218,0.69,1.0147,1,0.71,1.0441,11,0
IWM191011P146,2019-10-07,2019-10-07 09:32:06,0.72,1.0588,80,0.7,1.0294,343,0.69,1.0147,1,0.71,1.0441,11,0
IWM191011P146,2019-10-07,2019-10-07 09:32:07,0.72,1.0588,80,0.7,1.0294,344,0.69,1.0147,1,0.71,1.0441,11,0
IWM191011P146,2019-10-07,2019-10-07 09:32:07,0.72,1.0588,80,0.7,1.0294,325,0.69,1.0147,1,0.71,1.0441,11,0
IWM191011P146,2019-10-07,2019-10-07 09:32:08,0.72,1.0588,60,0.7,1.0294,349,0.69,1.0147,1,0.71,1.0441,11,0
IWM191011P146,2019-10-07,2019-10-07 09:32:09,0.72,1.0588,60,0.7,1.0294,349,0.69,1.0147,1,0.71,1.0441,11,0
IWM191011P146,2019-10-07,2019-10-07 09:32:10,0.73,1.0735,95,0.71,1.0441,127,0.69,1.0147,1,0.72,1.0588,11,0
IWM191011P146,2019-10-07,2019-10-07 09:32:10,0.73,1.0735,97,0.71,1.0441,98,0.69,1.0147,1,0.72,1.0588,11,0
IWM191011P146,2019-10-07,2019-10-07 09:32:11,0.73,1.0735,97,0.71,1.0441,141,0.69,1.0147,1,0.72,1.0588,11,0
IWM191011P146,2019-10-07,2019-10-07 09:32:11,0.73,1.0735,97,0.71,1.0441,109,0.69,1.0147,1,0.72,1.0588,11,0
IWM191011P146,2019-10-07,2019-10-07 09:32:12,0.73,1.0735,158,0.71,1.0441,65,0.69,1.0147,1,0.72,1.0588,11,0
IWM191011P146,2019-10-07,2019-10-07 09:32:12,0.73,1.0735,97,0.71,1.0441,143,0.69,1.0147,1,0.72,1.0588,11,0
IWM191011P146,2019-10-07,2019-10-07 09:32:13,0.73,1.0735,296,0.7,1.0294,318,0.69,1.0147,1,0.715,1.0514,11,0
IWM191011P146,2019-10-07,2019-10-07 09:32:14,0.72,1.0588,33,0.7,1.0294,242,0.69,1.0147,1,0.71,1.0441,11,0
IWM191011P146,2019-10-07,2019-10-07 09:32:14,0.72,1.0588,33,0.7,1.0294,340,0.69,1.0147,1,0.71,1.0441,11,0
IWM191011P146,2019-10-07,2019-10-07 09:32:15,0.72,1.0588,33,0.7,1.0294,242,0.69,1.0147,1,0.71,1.0441,11,0
IWM191011P146,2019-10-07,2019-10-07 09:32:16,0.72,1.0588,33,0.7,1.0294,242,0.69,1.0147,1,0.71,1.0441,11,0
IWM191011P146,2019-10-07,2019-10-07 09:32:16,0.72,1.0588,13,0.7,1.0294,253,0.69,1.0147,1,0.71,1.0441,11,0
IWM191011P146,2019-10-07,2019-10-07 09:32:17,0.72,1.0588,13,0.7,1.0294,263,0.69,1.0147,1,0.71,1.0441,11,0
IWM191011P146,2019-10-07,2019-10-07 09:32:18,0.72,1.0588,33,0.7,1.0294,254,0.69,1.0147,1,0.71,1.0441,11,0
IWM191011P146,2019-10-07,2019-10-07 09:32:18,0.72,1.0588,16,0.7,1.0294,528,0.69,1.0147,1,0.71,1.0441,11,0
IWM191011P146,2019-10-07,2019-10-07 09:32:19,0.72,1.0588,16,0.7,1.0294,528,0.69,1.0147,1,0.71,1.0441,11,0
IWM191011P146,2019-10-07,2019-10-07 09:32:20,0.72,1.0588,16,0.7,1.0294,313,0.69,1.0147,1,0.71,1.0441,11,0
IWM191011P146,2019-10-07,2019-10-07 09:32:20,0.72,1.0588,16,0.7,1.0294,254,0.69,1.0147,1,0.71,1.0441,11,0
IWM191011P146,2019-10-07,2019-10-07 09:32:21,0.72,1.0588,75,0.7,1.0294,313,0.69,1.0147,1,0.71,1.0441,11,0
IWM191011P146,2019-10-07,2019-10-07 09:32:21,0.72,1.0588,209,0.7,1.0294,266,0.69,1.0147,1,0.71,1.0441,11,0
IWM191011P146,2019-10-07,2019-10-07 09:32:22,0.72,1.0588,159,0.7,1.0294,266,0.69,1.0147,1,0.71,1.0441,11,0
IWM191011P146,2019-10-07,2019-10-07 09:32:23,0.72,1.0588,13,0.7,1.0294,160,0.69,1.0147,1,0.71,1.0441,11,0
IWM191011P146,2019-10-07,2019-10-07 09:32:23,0.72,1.0588,284,0.7,1.0294,266,0.69,1.0147,1,0.71,1.0441,11,0
IWM191011P146,2019-10-07,2019-10-07 09:32:24,0.73,1.0735,18,0.71,1.0441,238,0.69,1.0147,1,0.72,1.0588,11,0
IWM191011P146,2019-10-07,2019-10-07 09:32:24,0.73,1.0735,19,0.71,1.0441,229,0.69,1.0147,1,0.72,1.0588,11,0
IWM191011P146,2019-10-07,2019-10-07 09:32:25,0.74,1.0882,89,0.71,1.0441,495,0.69,1.0147,1,0.725,1.0661,11,0
IWM191011P146,2019-10-07,2019-10-07 09:32:25,0.74,1.0882,89,0.71,1.0441,511,0.69,1.0147,1,0.725,1.0661,11,0
IWM191011P146,2019-10-07,2019-10-07 09:32:26,0.74,1.0882,89,0.71,1.0441,525,0.69,1.0147,1,0.725,1.0661,11,0
IWM191011P146,2019-10-07,2019-10-07 09:32:26,0.74,1.0882,89,0.71,1.0441,390,0.69,1.0147,1,0.725,1.0661,11,0
IWM191011P146,2019-10-07,2019-10-07 09:32:27,0.74,1.0882,89,0.71,1.0441,371,0.69,1.0147,1,0.725,1.0661,11,0
IWM191011P146,2019-10-07,2019-10-07 09:32:27,0.74,1.0882,89,0.71,1.0441,402,0.69,1.0147,1,0.725,1.0661,11,0
IWM191011P146,2019-10-07,2019-10-07 09:32:28,0.73,1.0735,41,0.71,1.0441,91,0.69,1.0147,1,0.72,1.0588,11,0
IWM191011P146,2019-10-07,2019-10-07 09:32:28,0.73,1.0735,61,0.71,1.0441,134,0.69,1.0147,1,0.72,1.0588,11,0
IWM191011P146,2019-10-07,2019-10-07 09:32:29,0.73,1.0735,239,0.71,1.0441,82,0.69,1.0147,1,0.72,1.0588,11,0
IWM191011P146,2019-10-07,2019-10-07 09:32:29,0.73,1.0735,61,0.71,1.0441,91,0.69,1.0147,1,0.72,1.0588,11,0
IWM191011P146,2019-10-07,2019-10-07 09:32:30,0.72,1.0588,51,0.7,1.0294,147,0.69,1.0147,1,0.71,1.0441,11,0
IWM191011P146,2019-10-07,2019-10-07 09:32:30,0.72,1.0588,71,0.7,1.0294,260,0.69,1.0147,1,0.71,1.0441,11,0
IWM191011P146,2019-10-07,2019-10-07 09:32:31,0.72,1.0588,158,0.7,1.0294,91,0.69,1.0147,1,0.71,1.0441,11,0
IWM191011P146,2019-10-07,2019-10-07 09:32:31,0.72,1.0588,147,0.7,1.0294,122,0.69,1.0147,1,0.71,1.0441,11,0
IWM191011P146,2019-10-07,2019-10-07 09:32:32,0.72,1.0588,71,0.7,1.0294,116,0.69,1.0147,1,0.71,1.0441,11,0
IWM191011P146,2019-10-07,2019-10-07 09:32:32,0.72,1.0588,51,0.7,1.0294,116,0.69,1.0147,1,0.71,1.0441,11,0
IWM191011P146,2019-10-07,2019-10-07 09:32:33,0.72,1.0588,71,0.7,1.0294,126,0.69,1.0147,1,0.71,1.0441,11,0
IWM191011P146,2019-10-07,2019-10-07 09:32:34,0.72,1.0588,71,0.7,1.0294,183,0.69,1.0147,1,0.71,1.0441,11,0
IWM191011P146,2019-10-07,2019-10-07 09:32:34,0.72,1.0588,71,0.7,1.0294,238,0.69,1.0147,1,0.71,1.0441,11,0
IWM191011P146,2019-10-07,2019-10-07 09:32:35,0.72,1.0588,71,0.7,1.0294,238,0.69,1.0147,1,0.71,1.0441,11,0
IWM191011P146,2019-10-07,2019-10-07 09:32:36,0.72,1.0588,71,0.7,1.0294,441,0.69,1.0147,1,0.71,1.0441,11,0
IWM191011P146,2019-10-07,2019-10-07 09:32:36,0.72,1.0588,71,0.7,1.0294,251,0.69,1.0147,1,0.71,1.0441,11,0
IWM191011P146,2019-10-07,2019-10-07 09:32:37,0.73,1.0735,82,0.71,1.0441,113,0.69,1.0147,1,0.72,1.0588,11,0
IWM191011P146,2019-10-07,2019-10-07 09:32:37,0.72,1.0588,71,0.7,1.0294,451,0.69,1.0147,1,0.71,1.0441,11,0
IWM191011P146,2019-10-07,2019-10-07 09:32:38,0.73,1.0735,62,0.71,1.0441,336,0.69,1.0147,1,0.72,1.0588,11,0
IWM191011P146,2019-10-07,2019-10-07 09:32:38,0.73,1.0735,62,0.71,1.0441,255,0.69,1.0147,1,0.72,1.0588,11,0
IWM191011P146,2019-10-07,2019-10-07 09:32:39,0.73,1.0735,82,0.71,1.0441,326,0.69,1.0147,1,0.72,1.0588,11,0
IWM191011P146,2019-10-07,2019-10-07 09:32:40,0.73,1.0735,62,0.71,1.0441,175,0.69,1.0147,1,0.72,1.0588,11,0
IWM191011P146,2019-10-07,2019-10-07 09:32:40,0.73,1.0735,62,0.71,1.0441,326,0.69,1.0147,1,0.72,1.0588,11,0
IWM191011P146,2019-10-07,2019-10-07 09:32:41,0.73,1.0735,168,0.71,1.0441,46,0.69,1.0147,1,0.72,1.0588,11,0
IWM191011P146,2019-10-07,2019-10-07 09:32:41,0.73,1.0735,226,0.7,1.0294,310,0.69,1.0147,1,0.715,1.0514,11,0
IWM191011P146,2019-10-07,2019-10-07 09:32:42,0.72,1.0588,15,0.7,1.0294,359,0.71,1.0441,9,0.71,1.0441,20,9
IWM191011P146,2019-10-07,2019-10-07 09:32:42,0.73,1.0735,226,0.7,1.0294,359,0.69,1.0147,1,0.715,1.0514,11,0
IWM191011P146,2019-10-07,2019-10-07 09:32:43,0.72,1.0588,419,0.69,1.0147,294,0.71,1.0441,9,0.705,1.0367,20,0
IWM191011P146,2019-10-07,2019-10-07 09:32:43,0.72,1.0588,307,0.69,1.0147,214,0.71,1.0441,9,0.705,1.0367,20,0
IWM191011P146,2019-10-07,2019-10-07 09:32:44,0.71,1.0441,32,0.69,1.0147,337,0.71,1.0441,9,0.7,1.0294,20,0
IWM191011P146,2019-10-07,2019-10-07 09:32:44,0.71,1.0441,31,0.7,1.0294,12,0.71,1.0441,9,0.705,1.0367,20,0
IWM191011P146,2019-10-07,2019-10-07 09:32:45,0.71,1.0441,140,0.69,1.0147,205,0.71,1.0441,9,0.7,1.0294,20,0
IWM191011P146,2019-10-07,2019-10-07 09:32:45,0.71,1.0441,65,0.69,1.0147,205,0.71,1.0441,9,0.7,1.0294,20,0
IWM191011P146,2019-10-07,2019-10-07 09:32:46,0.71,1.0441,140,0.69,1.0147,174,0.71,1.0441,9,0.7,1.0294,20,0
IWM191011P146,2019-10-07,2019-10-07 09:32:46,0.71,1.0441,156,0.69,1.0147,100,0.71,1.0441,9,0.7,1.0294,20,0
IWM191011P146,2019-10-07,2019-10-07 09:32:47,0.71,1.0441,148,0.69,1.0147,125,0.71,1.0441,9,0.7,1.0294,20,0
IWM191011P146,2019-10-07,2019-10-07 09:32:47,0.71,1.0441,156,0.69,1.0147,111,0.71,1.0441,9,0.7,1.0294,20,0
IWM191011P146,2019-10-07,2019-10-07 09:32:48,0.71,1.0441,238,0.69,1.0147,125,0.71,1.0441,9,0.7,1.0294,20,0
IWM191011P146,2019-10-07,2019-10-07 09:32:48,0.71,1.0441,109,0.7,1.0294,7,0.71,1.0441,9,0.705,1.0367,20,0
IWM191011P146,2019-10-07,2019-10-07 09:32:49,0.71,1.0441,15,0.7,1.0294,17,0.71,1.0441,9,0.705,1.0367,20,0
IWM191011P146,2019-10-07,2019-10-07 09:32:49,0.71,1.0441,15,0.7,1.0294,15,0.71,1.0441,9,0.705,1.0367,20,0
IWM191011P146,2019-10-07,2019-10-07 09:32:50,0.71,1.0441,90,0.69,1.0147,113,0.71,1.0441,9,0.7,1.0294,20,0
IWM191011P146,2019-10-07,2019-10-07 09:32:50,0.71,1.0441,15,0.7,1.0294,17,0.71,1.0441,9,0.705,1.0367,20,0
IWM191011P146,2019-10-07,2019-10-07 09:32:51,0.7,1.0294,131,0.68,1.0,53,0.71,1.0441,9,0.69,1.0147,20,0
IWM191011P146,2019-10-07,2019-10-07 09:32:51,0.71,1.0441,90,0.69,1.0147,12,0.71,1.0441,9,0.7,1.0294,20,0
IWM191011P146,2019-10-07,2019-10-07 09:32:52,0.7,1.0294,280,0.68,1.0,59,0.71,1.0441,9,0.69,1.0147,20,0
IWM191011P146,2019-10-07,2019-10-07 09:32:52,0.69,1.0147,212,0.67,0.9852,86,0.71,1.0441,9,0.68,1.0,20,0
IWM191011P146,2019-10-07,2019-10-07 09:32:53,0.69,1.0147,232,0.68,1.0,3,0.71,1.0441,9,0.685,1.0073,20,0
IWM191011P146,2019-10-07,2019-10-07 09:32:53,0.69,1.0147,383,0.68,1.0,3,0.71,1.0441,9,0.685,1.0073,20,0
IWM191011P146,2019-10-07,2019-10-07 09:32:54,0.69,1.0147,408,0.67,0.9852,40,0.71,1.0441,9,0.68,1.0,20,0
IWM191011P146,2019-10-07,2019-10-07 09:32:54,0.69,1.0147,368,0.67,0.9852,93,0.71,1.0441,9,0.68,1.0,20,0
IWM191011P146,2019-10-07,2019-10-07 09:32:55,0.69,1.0147,243,0.67,0.9852,134,0.71,1.0441,9,0.68,1.0,20,0
IWM191011P146,2019-10-07,2019-10-07 09:32:55,0.69,1.0147,483,0.67,0.9852,115,0.71,1.0441,9,0.68,1.0,20,0
IWM191011P146,2019-10-07,2019-10-07 09:32:56,0.69,1.0147,498,0.67,0.9852,52,0.71,1.0441,9,0.68,1.0,20,0
IWM191011P146,2019-10-07,2019-10-07 09:32:57,0.69,1.0147,483,0.67,0.9852,57,0.71,1.0441,9,0.68,1.0,20,0
IWM191011P146,2019-10-07,2019-10-07 09:32:58,0.68,1.0,35,0.66,0.9705,49,0.71,1.0441,9,0.67,0.9852,20,0
IWM191011P146,2019-10-07,2019-10-07 09:32:58,0.69,1.0147,498,0.67,0.9852,57,0.71,1.0441,9,0.68,1.0,20,0
IWM191011P146,2019-10-07,2019-10-07 09:32:59,0.67,0.9852,37,0.65,0.9558,26,0.71,1.0441,9,0.66,0.9705,20,0
IWM191011P146,2019-10-07,2019-10-07 09:32:59,0.67,0.9852,57,0.66,0.9705,2,0.71,1.0441,9,0.665,0.9779,20,0
IWM191011P146,2019-10-07,2019-10-07 09:33:00,0.66,0.9705,5,0.65,0.9558,20,0.71,1.0441,9,0.655,0.9632,20,0
IWM191011P146,2019-10-07,2019-10-07 09:33:01,0.66,0.9705,20,0.65,0.9558,14,0.71,1.0441,9,0.655,0.9632,20,0
IWM191011P146,2019-10-07,2019-10-07 09:33:01,0.67,0.9852,34,0.65,0.9558,128,0.71,1.0441,9,0.66,0.9705,20,0
IWM191011P146,2019-10-07,2019-10-07 09:33:02,0.67,0.9852,34,0.65,0.9558,270,0.71,1.0441,9,0.66,0.9705,20,0
IWM191011P146,2019-10-07,2019-10-07 09:33:03,0.67,0.9852,34,0.65,0.9558,288,0.71,1.0441,9,0.66,0.9705,20,0
IWM191011P146,2019-10-07,2019-10-07 09:33:03,0.67,0.9852,23,0.65,0.9558,193,0.66,0.9705,2,0.66,0.9705,22,2
IWM191011P146,2019-10-07,2019-10-07 09:33:04,0.67,0.9852,361,0.65,0.9558,10,0.66,0.9705,2,0.66,0.9705,22,0
IWM191011P146,2019-10-07,2019-10-07 09:33:04,0.67,0.9852,32,0.64,0.9411,158,0.66,0.9705,2,0.655,0.9632,22,0
IWM191011P146,2019-10-07,2019-10-07 09:33:05,0.66,0.9705,28,0.64,0.9411,17,0.66,0.9705,2,0.65,0.9558,22,0
IWM191011P146,2019-10-07,2019-10-07 09:33:05,0.66,0.9705,29,0.64,0.9411,169,0.66,0.9705,2,0.65,0.9558,22,0
IWM191011P146,2019-10-07,2019-10-07 09:33:06,0.65,0.9558,3,0.64,0.9411,149,0.66,0.9705,2,0.645,0.9485,22,0
IWM191011P146,2019-10-07,2019-10-07 09:33:06,0.65,0.9558,20,0.64,0.9411,191,0.66,0.9705,2,0.645,0.9485,22,0
IWM191011P146,2019-10-07,2019-10-07 09:33:07,0.66,0.9705,245,0.64,0.9411,169,0.66,0.9705,2,0.65,0.9558,22,0
IWM191011P146,2019-10-07,2019-10-07 09:33:07,0.66,0.9705,301,0.64,0.9411,101,0.66,0.9705,2,0.65,0.9558,22,0
IWM191011P146,2019-10-07,2019-10-07 09:33:08,0.66,0.9705,288,0.64,0.9411,142,0.66,0.9705,2,0.65,0.9558,22,0
IWM191011P146,2019-10-07,2019-10-07 09:33:09,0.66,0.9705,288,0.64,0.9411,148,0.66,0.9705,2,0.65,0.9558,22,0
IWM191011P146,2019-10-07,2019-10-07 09:33:09,0.66,0.9705,198,0.64,0.9411,234,0.66,0.9705,2,0.65,0.9558,22,0
IWM191011P146,2019-10-07,2019-10-07 09:33:10,0.67,0.9852,150,0.65,0.9558,51,0.66,0.9705,2,0.66,0.9705,22,0
IWM191011P146,2019-10-07,2019-10-07 09:33:10,0.66,0.9705,288,0.64,0.9411,209,0.66,0.9705,2,0.65,0.9558,22,0
IWM191011P146,2019-10-07,2019-10-07 09:33:11,0.66,0.9705,20,0.65,0.9558,206,0.66,0.9705,2,0.655,0.9632,22,0
IWM191011P146,2019-10-07,2019-10-07 09:33:11,0.67,0.9852,174,0.65,0.9558,213,0.66,0.9705,2,0.66,0.9705,22,0
IWM191011P146,2019-10-07,2019-10-07 09:33:12,0.66,0.9705,20,0.65,0.9558,90,0.66,0.9705,2,0.655,0.9632,22,0
IWM191011P146,2019-10-07,2019-10-07 09:33:12,0.66,0.9705,166,0.65,0.9558,121,0.66,0.9705,2,0.655,0.9632,22,0
IWM191011P146,2019-10-07,2019-10-07 09:33:13,0.66,0.9705,166,0.65,0.9558,32,0.66,0.9705,2,0.655,0.9632,22,0
IWM191011P146,2019-10-07,2019-10-07 09:33:13,0.66,0.9705,166,0.65,0.9558,121,0.66,0.9705,2,0.655,0.9632,22,0
IWM191011P146,2019-10-07,2019-10-07 09:33:14,0.66,0.9705,166,0.65,0.9558,1,0.66,0.9705,2,0.655,0.9632,22,0
IWM191011P146,2019-10-07,2019-10-07 09:33:14,0.66,0.9705,357,0.64,0.9411,222,0.66,0.9705,2,0.65,0.9558,22,0
IWM191011P146,2019-10-07,2019-10-07 09:33:15,0.66,0.9705,357,0.64,0.9411,172,0.66,0.9705,2,0.65,0.9558,22,0
IWM191011P146,2019-10-07,2019-10-07 09:33:15,0.66,0.9705,357,0.64,0.9411,103,0.66,0.9705,2,0.65,0.9558,22,0
IWM191011P146,2019-10-07,2019-10-07 09:33:16,0.66,0.9705,359,0.64,0.9411,47,0.66,0.9705,2,0.65,0.9558,22,0
IWM191011P146,2019-10-07,2019-10-07 09:33:16,0.66,0.9705,359,0.64,0.9411,50,0.66,0.9705,2,0.65,0.9558,22,0
IWM191011P146,2019-10-07,2019-10-07 09:33:17,0.66,0.9705,359,0.64,0.9411,58,0.66,0.9705,2,0.65,0.9558,22,0
IWM191011P146,2019-10-07,2019-10-07 09:33:17,0.66,0.9705,357,0.64,0.9411,68,0.66,0.9705,2,0.65,0.9558,22,0
IWM191011P146,2019-10-07,2019-10-07 09:33:18,0.66,0.9705,211,0.64,0.9411,207,0.66,0.9705,2,0.65,0.9558,22,0
IWM191011P146,2019-10-07,2019-10-07 09:33:18,0.66,0.9705,401,0.64,0.9411,28,0.66,0.9705,2,0.65,0.9558,22,0
IWM191011P146,2019-10-07,2019-10-07 09:33:19,0.66,0.9705,211,0.64,0.9411,267,0.66,0.9705,2,0.65,0.9558,22,0
IWM191011P146,2019-10-07,2019-10-07 09:33:19,0.66,0.9705,23,0.65,0.9558,134,0.66,0.9705,2,0.655,0.9632,22,0
IWM191011P146,2019-10-07,2019-10-07 09:33:20,0.66,0.9705,23,0.65,0.9558,134,0.66,0.9705,2,0.655,0.9632,22,0
IWM191011P146,2019-10-07,2019-10-07 09:33:20,0.66,0.9705,180,0.65,0.9558,96,0.66,0.9705,2,0.655,0.9632,22,0
IWM191011P146,2019-10-07,2019-10-07 09:33:21,0.66,0.9705,24,0.64,0.9411,240,0.66,0.9705,2,0.65,0.9558,22,0
IWM191011P146,2019-10-07,2019-10-07 09:33:22,0.66,0.9705,135,0.64,0.9411,324,0.66,0.9705,2,0.65,0.9558,22,0
IWM191011P146,2019-10-07,2019-10-07 09:33:22,0.66,0.9705,135,0.64,0.9411,333,0.66,0.9705,2,0.65,0.9558,22,0
IWM191011P146,2019-10-07,2019-10-07 09:33:23,0.66,0.9705,287,0.64,0.9411,157,0.66,0.9705,2,0.65,0.9558,22,0
IWM191011P146,2019-10-07,2019-10-07 09:33:23,0.66,0.9705,197,0.64,0.9411,333,0.66,0.9705,2,0.65,0.9558,22,0
IWM191011P146,2019-10-07,2019-10-07 09:33:24,0.66,0.9705,492,0.64,0.9411,90,0.66,0.9705,2,0.65,0.9558,22,0
IWM191011P146,2019-10-07,2019-10-07 09:33:24,0.66,0.9705,364,0.64,0.9411,147,0.66,0.9705,2,0.65,0.9558,22,0
IWM191011P146,2019-10-07,2019-10-07 09:33:25,0.66,0.9705,492,0.64,0.9411,100,0.66,0.9705,2,0.65,0.9558,22,0
IWM191011P146,2019-10-07,2019-10-07 09:33:25,0.66,0.9705,367,0.64,0.9411,100,0.66,0.9705,2,0.65,0.9558,22,0
IWM191011P146,2019-10-07,2019-10-07 09:33:26,0.66,0.9705,504,0.64,0.9411,73,0.66,0.9705,2,0.65,0.9558,22,0
IWM191011P146,2019-10-07,2019-10-07 09:33:26,0.66,0.9705,517,0.64,0.9411,73,0.66,0.9705,2,0.65,0.9558,22,0
IWM191011P146,2019-10-07,2019-10-07 09:33:27,0.66,0.9705,123,0.64,0.9411,214,0.66,0.9705,2,0.65,0.9558,22,0
IWM191011P146,2019-10-07,2019-10-07 09:33:27,0.66,0.9705,504,0.64,0.9411,73,0.66,0.9705,2,0.65,0.9558,22,0
IWM191011P146,2019-10-07,2019-10-07 09:33:28,0.65,0.9558,29,0.64,0.9411,316,0.66,0.9705,2,0.645,0.9485,22,0
IWM191011P146,2019-10-07,2019-10-07 09:33:28,0.66,0.9705,202,0.64,0.9411,255,0.66,0.9705,2,0.65,0.9558,22,0
IWM191011P146,2019-10-07,2019-10-07 09:33:29,0.65,0.9558,29,0.64,0.9411,316,0.66,0.9705,2,0.645,0.9485,22,0
IWM191011P146,2019-10-07,2019-10-07 09:33:29,0.66,0.9705,21,0.64,0.9411,316,0.65,0.9558,1,0.65,0.9558,23,1
IWM191011P146,2019-10-07,2019-10-07 09:33:30,0.66,0.9705,21,0.64,0.9411,316,0.65,0.9558,1,0.65,0.9558,23,0
IWM191011P146,2019-10-07,2019-10-07 09:33:30,0.66,0.9705,215,0.64,0.9411,211,0.65,0.9558,1,0.65,0.9558,23,0
IWM191011P146,2019-10-07,2019-10-07 09:33:31,0.66,0.9705,213,0.64,0.9411,247,0.65,0.9558,1,0.65,0.9558,23,0
IWM191011P146,2019-10-07,2019-10-07 09:33:31,0.66,0.9705,213,0.64,0.9411,197,0.65,0.9558,1,0.65,0.9558,23,0
IWM191011P146,2019-10-07,2019-10-07 09:33:32,0.66,0.9705,231,0.64,0.9411,197,0.65,0.9558,1,0.65,0.9558,23,0
IWM191011P146,2019-10-07,2019-10-07 09:33:32,0.66,0.9705,442,0.64,0.9411,2,0.65,0.9558,1,0.65,0.9558,23,0
IWM191011P146,2019-10-07,2019-10-07 09:33:33,0.65,0.9558,182,0.64,0.9411,55,0.65,0.9558,1,0.645,0.9485,23,0
IWM191011P146,2019-10-07,2019-10-07 09:33:33,0.65,0.9558,29,0.64,0.9411,32,0.65,0.9558,1,0.645,0.9485,23,0
IWM191011P146,2019-10-07,2019-10-07 09:33:34,0.65,0.9558,352,0.63,0.9264,32,0.65,0.9558,1,0.64,0.9411,23,0
IWM191011P146,2019-10-07,2019-10-07 09:33:35,0.65,0.9558,352,0.63,0.9264,328,0.65,0.9558,1,0.64,0.9411,23,0
IWM191011P146,2019-10-07,2019-10-07 09:33:35,0.65,0.9558,352,0.63,0.9264,65,0.65,0.9558,1,0.64,0.9411,23,0
IWM191011P146,2019-10-07,2019-10-07 09:33:36,0.65,0.9558,189,0.63,0.9264,244,0.65,0.9558,1,0.64,0.9411,23,0
IWM191011P146,2019-10-07,2019-10-07 09:33:37,0.65,0.9558,150,0.63,0.9264,281,0.65,0.9558,1,0.64,0.9411,23,0
IWM191011P146,2019-10-07,2019-10-07 09:33:37,0.65,0.9558,202,0.63,0.9264,269,0.65,0.9558,1,0.64,0.9411,23,0
IWM191011P146,2019-10-07,2019-10-07 09:33:38,0.65,0.9558,213,0.63,0.9264,470,0.65,0.9558,1,0.64,0.9411,23,0
IWM191011P146,2019-10-07,2019-10-07 09:33:38,0.65,0.9558,150,0.63,0.9264,403,0.65,0.9558,1,0.64,0.9411,23,0
IWM191011P146,2019-10-07,2019-10-07 09:33:39,0.65,0.9558,212,0.63,0.9264,470,0.65,0.9558,1,0.64,0.9411,23,0
IWM191011P146,2019-10-07,2019-10-07 09:33:39,0.65,0.9558,301,0.63,0.9264,323,0.65,0.9558,1,0.64,0.9411,23,0
IWM191011P146,2019-10-07,2019-10-07 09:33:40,0.64,0.9411,4,0.63,0.9264,256,0.65,0.9558,1,0.635,0.9338,23,0
IWM191011P146,2019-10-07,2019-10-07 09:33:40,0.64,0.9411,20,0.63,0.9264,267,0.65,0.9558,1,0.635,0.9338,23,0
IWM191011P146,2019-10-07,2019-10-07 09:33:41,0.65,0.9558,74,0.63,0.9264,267,0.65,0.9558,1,0.64,0.9411,23,0
IWM191011P146,2019-10-07,2019-10-07 09:33:41,0.65,0.9558,224,0.63,0.9264,255,0.65,0.9558,1,0.64,0.9411,23,0
IWM191011P146,2019-10-07,2019-10-07 09:33:42,0.65,0.9558,224,0.63,0.9264,267,0.65,0.9558,1,0.64,0.9411,23,0
IWM191011P146,2019-10-07,2019-10-07 09:33:42,0.65,0.9558,224,0.63,0.9264,186,0.65,0.9558,1,0.64,0.9411,23,0
IWM191011P146,2019-10-07,2019-10-07 09:33:43,0.65,0.9558,321,0.63,0.9264,154,0.65,0.9558,1,0.64,0.9411,23,0
IWM191011P146,2019-10-07,2019-10-07 09:33:43,0.65,0.9558,352,0.63,0.9264,23,0.65,0.9558,1,0.64,0.9411,23,0
IWM191011P146,2019-10-07,2019-10-07 09:33:44,0.65,0.9558,42,0.63,0.9264,285,0.65,0.9558,1,0.64,0.9411,23,0
IWM191011P146,2019-10-07,2019-10-07 09:33:45,0.66,0.9705,50,0.64,0.9411,321,0.65,0.9558,1,0.65,0.9558,23,0
IWM191011P146,2019-10-07,2019-10-07 09:33:45,0.66,0.9705,238,0.64,0.9411,317,0.65,0.9558,1,0.65,0.9558,23,0
IWM191011P146,2019-10-07,2019-10-07 09:33:46,0.65,0.9558,13,0.64,0.9411,270,0.65,0.9558,1,0.645,0.9485,23,0
IWM191011P146,2019-10-07,2019-10-07 09:33:46,0.66,0.9705,238,0.64,0.9411,350,0.65,0.9558,1,0.65,0.9558,23,0
IWM191011P146,2019-10-07,2019-10-07 09:33:47,0.65,0.9558,6,0.64,0.9411,395,0.65,0.9558,1,0.645,0.9485,23,0
IWM191011P146,2019-10-07,2019-10-07 09:33:47,0.65,0.9558,22,0.64,0.9411,270,0.65,0.9558,1,0.645,0.9485,23,0
IWM191011P146,2019-10-07,2019-10-07 09:33:48,0.66,0.9705,41,0.65,0.9558,2,0.65,0.9558,1,0.655,0.9632,23,0
IWM191011P146,2019-10-07,2019-10-07 09:33:48,0.66,0.9705,197,0.65,0.9558,10,0.65,0.9558,1,0.655,0.9632,23,0
IWM191011P146,2019-10-07,2019-10-07 09:33:49,0.66,0.9705,123,0.64,0.9411,505,0.65,0.9558,1,0.65,0.9558,23,0
IWM191011P146,2019-10-07,2019-10-07 09:33:49,0.66,0.9705,224,0.64,0.9411,505,0.65,0.9558,1,0.65,0.9558,23,0
IWM191011P146,2019-10-07,2019-10-07 09:33:50,0.66,0.9705,187,0.65,0.9558,14,0.65,0.9558,1,0.655,0.9632,23,0
IWM191011P146,2019-10-07,2019-10-07 09:33:50,0.66,0.9705,187,0.65,0.9558,190,0.65,0.9558,1,0.655,0.9632,23,0
IWM191011P146,2019-10-07,2019-10-07 09:33:51,0.66,0.9705,223,0.65,0.9558,10,0.65,0.9558,1,0.655,0.9632,23,0
IWM191011P146,2019-10-07,2019-10-07 09:33:51,0.66,0.9705,187,0.65,0.9558,14,0.65,0.9558,1,0.655,0.9632,23,0
IWM191011P146,2019-10-07,2019-10-07 09:33:52,0.66,0.9705,158,0.64,0.9411,340,0.65,0.9558,1,0.65,0.9558,23,0
IWM191011P146,2019-10-07,2019-10-07 09:33:52,0.66,0.9705,126,0.64,0.9411,516,0.65,0.9558,1,0.65,0.9558,23,0
IWM191011P146,2019-10-07,2019-10-07 09:33:53,0.66,0.9705,217,0.65,0.9558,3,0.65,0.9558,1,0.655,0.9632,23,0
IWM191011P146,2019-10-07,2019-10-07 09:33:53,0.66,0.9705,95,0.65,0.9558,10,0.65,0.9558,1,0.655,0.9632,23,0
IWM191011P146,2019-10-07,2019-10-07 09:33:54,0.66,0.9705,70,0.65,0.9558,13,0.65,0.9558,1,0.655,0.9632,23,0
IWM191011P146,2019-10-07,2019-10-07 09:33:55,0.66,0.9705,195,0.65,0.9558,10,0.65,0.9558,1,0.655,0.9632,23,0
IWM191011P146,2019-10-07,2019-10-07 09:33:55,0.66,0.9705,15,0.65,0.9558,10,0.65,0.9558,1,0.655,0.9632,23,0
IWM191011P146,2019-10-07,2019-10-07 09:33:56,0.66,0.9705,226,0.64,0.9411,707,0.65,0.9558,1,0.65,0.9558,23,0
IWM191011P146,2019-10-07,2019-10-07 09:33:56,0.66,0.9705,226,0.64,0.9411,721,0.65,0.9558,1,0.65,0.9558,23,0
IWM191011P146,2019-10-07,2019-10-07 09:33:57,0.66,0.9705,226,0.64,0.9411,638,0.65,0.9558,1,0.65,0.9558,23,0
IWM191011P146,2019-10-07,2019-10-07 09:33:58,0.66,0.9705,226,0.64,0.9411,663,0.65,0.9558,1,0.65,0.9558,23,0
IWM191011P146,2019-10-07,2019-10-07 09:33:59,0.66,0.9705,226,0.64,0.9411,697,0.65,0.9558,1,0.65,0.9558,23,0
IWM191011P146,2019-10-07,2019-10-07 09:34:00,0.66,0.9705,226,0.64,0.9411,672,0.65,0.9558,1,0.65,0.9558,23,0
IWM191011P146,2019-10-07,2019-10-07 09:34:00,0.66,0.9705,226,0.64,0.9411,697,0.65,0.9558,1,0.65,0.9558,23,0
IWM191011P146,2019-10-07,2019-10-07 09:34:01,0.66,0.9705,230,0.64,0.9411,663,0.65,0.9558,1,0.65,0.9558,23,0
IWM191011P146,2019-10-07,2019-10-07 09:34:01,0.66,0.9705,230,0.64,0.9411,502,0.65,0.9558,1,0.65,0.9558,23,0
IWM191011P146,2019-10-07,2019-10-07 09:34:02,0.66,0.9705,171,0.64,0.9411,673,0.65,0.9558,1,0.65,0.9558,23,0
IWM191011P146,2019-10-07,2019-10-07 09:34:02,0.66,0.9705,171,0.64,0.9411,698,0.65,0.9558,1,0.65,0.9558,23,0
IWM191011P146,2019-10-07,2019-10-07 09:34:03,0.66,0.9705,171,0.64,0.9411,698,0.65,0.9558,1,0.65,0.9558,23,0
IWM191011P146,2019-10-07,2019-10-07 09:34:03,0.66,0.9705,187,0.65,0.9558,239,0.65,0.9558,1,0.655,0.9632,23,0
IWM191011P146,2019-10-07,2019-10-07 09:34:04,0.66,0.9705,29,0.65,0.9558,309,0.65,0.9558,1,0.655,0.9632,23,0
IWM191011P146,2019-10-07,2019-10-07 09:34:04,0.67,0.9852,22,0.66,0.9705,188,0.65,0.9558,1,0.665,0.9779,23,0
IWM191011P146,2019-10-07,2019-10-07 09:34:05,0.68,1.0,208,0.66,0.9705,495,0.65,0.9558,1,0.67,0.9852,23,0
IWM191011P146,2019-10-07,2019-10-07 09:34:05,0.68,1.0,208,0.66,0.9705,420,0.65,0.9558,1,0.67,0.9852,23,0
IWM191011P146,2019-10-07,2019-10-07 09:34:06,0.68,1.0,208,0.66,0.9705,420,0.65,0.9558,1,0.67,0.9852,23,0
IWM191011P146,2019-10-07,2019-10-07 09:34:06,0.67,0.9852,6,0.66,0.9705,529,0.65,0.9558,1,0.665,0.9779,23,0
IWM191011P146,2019-10-07,2019-10-07 09:34:07,0.68,1.0,188,0.67,0.9852,173,0.65,0.9558,1,0.675,0.9926,23,0
IWM191011P146,2019-10-07,2019-10-07 09:34:07,0.68,1.0,2,0.67,0.9852,284,0.65,0.9558,1,0.675,0.9926,23,0
IWM191011P146,2019-10-07,2019-10-07 09:34:08,0.69,1.0147,49,0.67,0.9852,313,0.65,0.9558,1,0.68,1.0,23,0
IWM191011P146,2019-10-07,2019-10-07 09:34:08,0.68,1.0,188,0.67,0.9852,173,0.65,0.9558,1,0.675,0.9926,23,0
IWM191011P146,2019-10-07,2019-10-07 09:34:09,0.69,1.0147,322,0.67,0.9852,219,0.65,0.9558,1,0.68,1.0,23,0
IWM191011P146,2019-10-07,2019-10-07 09:34:09,0.69,1.0147,158,0.67,0.9852,238,0.65,0.9558,1,0.68,1.0,23,0
IWM191011P146,2019-10-07,2019-10-07 09:34:10,0.68,1.0,28,0.67,0.9852,219,0.65,0.9558,1,0.675,0.9926,23,0
IWM191011P146,2019-10-07,2019-10-07 09:34:10,0.68,1.0,127,0.67,0.9852,528,0.65,0.9558,1,0.675,0.9926,23,0
IWM191011P146,2019-10-07,2019-10-07 09:34:11,0.7,1.0294,509,0.68,1.0,86,0.65,0.9558,1,0.69,1.0147,23,0
IWM191011P146,2019-10-07,2019-10-07 09:34:11,0.69,1.0147,18,0.67,0.9852,348,0.65,0.9558,1,0.68,1.0,23,0
IWM191011P146,2019-10-07,2019-10-07 09:34:12,0.7,1.0294,417,0.68,1.0,86,0.65,0.9558,1,0.69,1.0147,23,0
IWM191011P146,2019-10-07,2019-10-07 09:34:12,0.69,1.0147,18,0.68,1.0,199,0.65,0.9558,1,0.685,1.0073,23,0
IWM191011P146,2019-10-07,2019-10-07 09:34:13,0.69,1.0147,20,0.68,1.0,415,0.65,0.9558,1,0.685,1.0073,23,0
IWM191011P146,2019-10-07,2019-10-07 09:34:13,0.69,1.0147,20,0.68,1.0,187,0.65,0.9558,1,0.685,1.0073,23,0
IWM191011P146,2019-10-07,2019-10-07 09:34:14,0.69,1.0147,18,0.68,1.0,327,0.65,0.9558,1,0.685,1.0073,23,0
IWM191011P146,2019-10-07,2019-10-07 09:34:15,0.69,1.0147,18,0.67,0.9852,150,0.65,0.9558,1,0.68,1.0,23,0
IWM191011P146,2019-10-07,2019-10-07 09:34:15,0.69,1.0147,2,0.67,0.9852,624,0.65,0.9558,1,0.68,1.0,23,0
IWM191011P146,2019-10-07,2019-10-07 09:34:16,0.7,1.0294,10,0.68,1.0,236,0.65,0.9558,1,0.69,1.0147,23,0
IWM191011P146,2019-10-07,2019-10-07 09:34:16,0.69,1.0147,1,0.68,1.0,567,0.65,0.9558,1,0.685,1.0073,23,0
IWM191011P146,2019-10-07,2019-10-07 09:34:17,0.7,1.0294,5,0.68,1.0,667,0.65,0.9558,1,0.69,1.0147,23,0
IWM191011P146,2019-10-07,2019-10-07 09:34:17,0.7,1.0294,5,0.68,1.0,654,0.65,0.9558,1,0.69,1.0147,23,0
IWM191011P146,2019-10-07,2019-10-07 09:34:18,0.71,1.0441,26,0.69,1.0147,668,0.65,0.9558,1,0.7,1.0294,23,0
IWM191011P146,2019-10-07,2019-10-07 09:34:18,0.7,1.0294,5,0.69,1.0147,166,0.65,0.9558,1,0.695,1.022,23,0
IWM191011P146,2019-10-07,2019-10-07 09:34:19,0.71,1.0441,50,0.69,1.0147,529,0.65,0.9558,1,0.7,1.0294,23,0
IWM191011P146,2019-10-07,2019-10-07 09:34:19,0.71,1.0441,50,0.69,1.0147,604,0.65,0.9558,1,0.7,1.0294,23,0
IWM191011P146,2019-10-07,2019-10-07 09:34:20,0.71,1.0441,43,0.69,1.0147,463,0.65,0.9558,1,0.7,1.0294,23,0
IWM191011P146,2019-10-07,2019-10-07 09:34:20,0.7,1.0294,2,0.69,1.0147,701,0.65,0.9558,1,0.695,1.022,23,0
IWM191011P146,2019-10-07,2019-10-07 09:34:21,0.71,1.0441,23,0.7,1.0294,29,0.7,1.0294,2,0.705,1.0367,25,2
IWM191011P146,2019-10-07,2019-10-07 09:34:21,0.72,1.0588,57,0.7,1.0294,215,0.7,1.0294,2,0.71,1.0441,25,0
IWM191011P146,2019-10-07,2019-10-07 09:34:22,0.72,1.0588,57,0.7,1.0294,381,0.7,1.0294,2,0.71,1.0441,25,0
IWM191011P146,2019-10-07,2019-10-07 09:34:22,0.71,1.0441,10,0.7,1.0294,488,0.7,1.0294,2,0.705,1.0367,25,0
IWM191011P146,2019-10-07,2019-10-07 09:34:23,0.71,1.0441,18,0.7,1.0294,214,0.7,1.0294,2,0.705,1.0367,25,0
IWM191011P146,2019-10-07,2019-10-07 09:34:23,0.71,1.0441,18,0.7,1.0294,107,0.7,1.0294,2,0.705,1.0367,25,0
IWM191011P146,2019-10-07,2019-10-07 09:34:24,0.72,1.0588,24,0.7,1.0294,412,0.7,1.0294,2,0.71,1.0441,25,0
IWM191011P146,2019-10-07,2019-10-07 09:34:24,0.72,1.0588,24,0.7,1.0294,422,0.7,1.0294,2,0.71,1.0441,25,0
IWM191011P146,2019-10-07,2019-10-07 09:34:25,0.73,1.0735,54,0.71,1.0441,386,0.7,1.0294,2,0.72,1.0588,25,0
IWM191011P146,2019-10-07,2019-10-07 09:34:25,0.72,1.0588,18,0.71,1.0441,162,0.7,1.0294,2,0.715,1.0514,25,0
IWM191011P146,2019-10-07,2019-10-07 09:34:26,0.73,1.0735,95,0.71,1.0441,64,0.7,1.0294,2,0.72,1.0588,25,0
IWM191011P146,2019-10-07,2019-10-07 09:34:26,0.73,1.0735,95,0.71,1.0441,114,0.7,1.0294,2,0.72,1.0588,25,0
IWM191011P146,2019-10-07,2019-10-07 09:34:27,0.72,1.0588,20,0.71,1.0441,64,0.7,1.0294,2,0.715,1.0514,25,0
IWM191011P146,2019-10-07,2019-10-07 09:34:27,0.73,1.0735,95,0.71,1.0441,124,0.7,1.0294,2,0.72,1.0588,25,0
IWM191011P146,2019-10-07,2019-10-07 09:34:28,0.72,1.0588,47,0.71,1.0441,2,0.7,1.0294,2,0.715,1.0514,25,0
IWM191011P146,2019-10-07,2019-10-07 09:34:29,0.72,1.0588,145,0.7,1.0294,228,0.7,1.0294,2,0.71,1.0441,25,0
IWM191011P146,2019-10-07,2019-10-07 09:34:29,0.71,1.0441,42,0.69,1.0147,347,0.7,1.0294,2,0.7,1.0294,25,0
IWM191011P146,2019-10-07,2019-10-07 09:34:30,0.72,1.0588,123,0.7,1.0294,98,0.7,1.0294,2,0.71,1.0441,25,0
IWM191011P146,2019-10-07,2019-10-07 09:34:30,0.72,1.0588,75,0.7,1.0294,26,0.7,1.0294,2,0.71,1.0441,25,0
IWM191011P146,2019-10-07,2019-10-07 09:34:31,0.72,1.0588,157,0.7,1.0294,261,0.7,1.0294,2,0.71,1.0441,25,0
IWM191011P146,2019-10-07,2019-10-07 09:34:31,0.72,1.0588,157,0.7,1.0294,108,0.7,1.0294,2,0.71,1.0441,25,0
IWM191011P146,2019-10-07,2019-10-07 09:34:32,0.72,1.0588,204,0.7,1.0294,183,0.7,1.0294,2,0.71,1.0441,25,0
IWM191011P146,2019-10-07,2019-10-07 09:34:33,0.72,1.0588,154,0.7,1.0294,142,0.7,1.0294,2,0.71,1.0441,25,0
IWM191011P146,2019-10-07,2019-10-07 09:34:34,0.72,1.0588,167,0.7,1.0294,152,0.7,1.0294,2,0.71,1.0441,25,0
IWM191011P146,2019-10-07,2019-10-07 09:34:34,0.72,1.0588,176,0.7,1.0294,233,0.7,1.0294,2,0.71,1.0441,25,0
IWM191011P146,2019-10-07,2019-10-07 09:34:35,0.72,1.0588,164,0.7,1.0294,370,0.7,1.0294,2,0.71,1.0441,25,0
IWM191011P146,2019-10-07,2019-10-07 09:34:35,0.72,1.0588,23,0.71,1.0441,38,0.7,1.0294,2,0.715,1.0514,25,0
IWM191011P146,2019-10-07,2019-10-07 09:34:36,0.72,1.0588,23,0.71,1.0441,38,0.7,1.0294,2,0.715,1.0514,25,0
IWM191011P146,2019-10-07,2019-10-07 09:34:36,0.72,1.0588,33,0.71,1.0441,10,0.7,1.0294,2,0.715,1.0514,25,0
IWM191011P146,2019-10-07,2019-10-07 09:34:37,0.72,1.0588,684,0.7,1.0294,5,0.7,1.0294,2,0.71,1.0441,25,0
IWM191011P146,2019-10-07,2019-10-07 09:34:37,0.72,1.0588,322,0.7,1.0294,5,0.7,1.0294,2,0.71,1.0441,25,0
IWM191011P146,2019-10-07,2019-10-07 09:34:38,0.71,1.0441,10,0.7,1.0294,28,0.7,1.0294,2,0.705,1.0367,25,0
IWM191011P146,2019-10-07,2019-10-07 09:34:38,0.71,1.0441,10,0.7,1.0294,10,0.7,1.0294,2,0.705,1.0367,25,0
IWM191011P146,2019-10-07,2019-10-07 09:34:39,0.71,1.0441,10,0.7,1.0294,10,0.7,1.0294,2,0.705,1.0367,25,0
IWM191011P146,2019-10-07,2019-10-07 09:34:40,0.72,1.0588,43,0.7,1.0294,252,0.7,1.0294,2,0.71,1.0441,25,0
IWM191011P146,2019-10-07,2019-10-07 09:34:40,0.71,1.0441,10,0.7,1.0294,10,0.7,1.0294,2,0.705,1.0367,25,0
IWM191011P146,2019-10-07,2019-10-07 09:34:41,0.72,1.0588,20,0.71,1.0441,25,0.7,1.0294,2,0.715,1.0514,25,0
IWM191011P146,2019-10-07,2019-10-07 09:34:41,0.72,1.0588,43,0.7,1.0294,239,0.7,1.0294,2,0.71,1.0441,25,0
IWM191011P146,2019-10-07,2019-10-07 09:34:42,0.72,1.0588,123,0.71,1.0441,6,0.7,1.0294,2,0.715,1.0514,25,0
IWM191011P146,2019-10-07,2019-10-07 09:34:42,0.72,1.0588,123,0.7,1.0294,328,0.7,1.0294,2,0.71,1.0441,25,0
IWM191011P146,2019-10-07,2019-10-07 09:34:43,0.72,1.0588,161,0.7,1.0294,237,0.7,1.0294,2,0.71,1.0441,25,0
IWM191011P146,2019-10-07,2019-10-07 09:34:43,0.72,1.0588,202,0.7,1.0294,43,0.7,1.0294,2,0.71,1.0441,25,0
IWM191011P146,2019-10-07,2019-10-07 09:34:44,0.72,1.0588,293,0.7,1.0294,43,0.7,1.0294,2,0.71,1.0441,25,0
IWM191011P146,2019-10-07,2019-10-07 09:34:45,0.72,1.0588,396,0.7,1.0294,39,0.7,1.0294,2,0.71,1.0441,25,0
IWM191011P146,2019-10-07,2019-10-07 09:34:45,0.72,1.0588,158,0.7,1.0294,97,0.7,1.0294,2,0.71,1.0441,25,0
IWM191011P146,2019-10-07,2019-10-07 09:34:46,0.71,1.0441,42,0.7,1.0294,20,0.7,1.0294,2,0.705,1.0367,25,0
IWM191011P146,2019-10-07,2019-10-07 09:34:46,0.72,1.0588,158,0.7,1.0294,10,0.7,1.0294,2,0.71,1.0441,25,0
IWM191011P146,2019-10-07,2019-10-07 09:34:47,0.71,1.0441,408,0.69,1.0147,88,0.7,1.0294,2,0.7,1.0294,25,0
IWM191011P146,2019-10-07,2019-10-07 09:34:47,0.71,1.0441,168,0.7,1.0294,20,0.7,1.0294,2,0.705,1.0367,25,0
IWM191011P146,2019-10-07,2019-10-07 09:34:48,0.71,1.0441,447,0.69,1.0147,97,0.7,1.0294,2,0.7,1.0294,25,0
IWM191011P146,2019-10-07,2019-10-07 09:34:48,0.71,1.0441,414,0.69,1.0147,77,0.7,1.0294,2,0.7,1.0294,25,0
IWM191011P146,2019-10-07,2019-10-07 09:34:49,0.7,1.0294,119,0.69,1.0147,97,0.7,1.0294,2,0.695,1.022,25,0
IWM191011P146,2019-10-07,2019-10-07 09:34:49,0.7,1.0294,69,0.69,1.0147,20,0.7,1.0294,2,0.695,1.022,25,0
IWM191011P146,2019-10-07,2019-10-07 09:34:50,0.7,1.0294,69,0.69,1.0147,20,0.7,1.0294,2,0.695,1.022,25,0
IWM191011P146,2019-10-07,2019-10-07 09:34:50,0.71,1.0441,195,0.69,1.0147,104,0.7,1.0294,2,0.7,1.0294,25,0
IWM191011P146,2019-10-07,2019-10-07 09:34:51,0.7,1.0294,48,0.68,1.0,100,0.7,1.0294,2,0.69,1.0147,25,0
IWM191011P146,2019-10-07,2019-10-07 09:34:51,0.7,1.0294,23,0.69,1.0147,32,0.7,1.0294,2,0.695,1.022,25,0
IWM191011P146,2019-10-07,2019-10-07 09:34:52,0.7,1.0294,234,0.68,1.0,166,0.7,1.0294,2,0.69,1.0147,25,0
IWM191011P146,2019-10-07,2019-10-07 09:34:52,0.7,1.0294,234,0.68,1.0,130,0.7,1.0294,2,0.69,1.0147,25,0
IWM191011P146,2019-10-07,2019-10-07 09:34:53,0.7,1.0294,281,0.68,1.0,166,0.7,1.0294,2,0.69,1.0147,25,0
IWM191011P146,2019-10-07,2019-10-07 09:34:53,0.7,1.0294,537,0.68,1.0,150,0.7,1.0294,2,0.69,1.0147,25,0
IWM191011P146,2019-10-07,2019-10-07 09:34:54,0.7,1.0294,537,0.68,1.0,150,0.7,1.0294,2,0.69,1.0147,25,0
IWM191011P146,2019-10-07,2019-10-07 09:34:54,0.7,1.0294,377,0.68,1.0,150,0.7,1.0294,2,0.69,1.0147,25,0
IWM191011P146,2019-10-07,2019-10-07 09:34:55,0.7,1.0294,505,0.68,1.0,150,0.7,1.0294,2,0.69,1.0147,25,0
IWM191011P146,2019-10-07,2019-10-07 09:34:56,0.7,1.0294,94,0.68,1.0,150,0.7,1.0294,2,0.69,1.0147,25,0
IWM191011P146,2019-10-07,2019-10-07 09:34:56,0.7,1.0294,377,0.68,1.0,150,0.7,1.0294,2,0.69,1.0147,25,0
IWM191011P146,2019-10-07,2019-10-07 09:34:57,0.7,1.0294,158,0.68,1.0,141,0.7,1.0294,2,0.69,1.0147,25,0
IWM191011P146,2019-10-07,2019-10-07 09:34:57,0.7,1.0294,190,0.68,1.0,150,0.7,1.0294,2,0.69,1.0147,25,0
IWM191011P146,2019-10-07,2019-10-07 09:34:58,0.69,1.0147,29,0.68,1.0,141,0.7,1.0294,2,0.685,1.0073,25,0
IWM191011P146,2019-10-07,2019-10-07 09:34:59,0.69,1.0147,23,0.68,1.0,141,0.7,1.0294,2,0.685,1.0073,25,0
IWM191011P146,2019-10-07,2019-10-07 09:34:59,0.69,1.0147,59,0.68,1.0,141,0.7,1.0294,2,0.685,1.0073,25,0
IWM191011P146,2019-10-07,2019-10-07 09:35:00,0.69,1.0147,34,0.68,1.0,141,0.7,1.0294,2,0.685,1.0073,25,0
IWM191011P146,2019-10-07,2019-10-07 09:35:00,0.69,1.0147,59,0.68,1.0,141,0.7,1.0294,2,0.685,1.0073,25,0
IWM191011P146,2019-10-07,2019-10-07 09:35:01,0.69,1.0147,23,0.68,1.0,141,0.7,1.0294,2,0.685,1.0073,25,0
IWM191011P146,2019-10-07,2019-10-07 09:35:01,0.69,1.0147,63,0.68,1.0,4,0.7,1.0294,2,0.685,1.0073,25,0
IWM191011P146,2019-10-07,2019-10-07 09:35:02,0.71,1.0441,57,0.69,1.0147,48,0.7,1.0294,2,0.7,1.0294,25,0
IWM191011P146,2019-10-07,2019-10-07 09:35:02,0.69,1.0147,40,0.67,0.9852,158,0.7,1.0294,2,0.68,1.0,25,0
IWM191011P146,2019-10-07,2019-10-07 09:35:03,0.71,1.0441,74,0.7,1.0294,4,0.7,1.0294,2,0.705,1.0367,25,0
IWM191011P146,2019-10-07,2019-10-07 09:35:03,0.71,1.0441,73,0.7,1.0294,1,0.7,1.0294,2,0.705,1.0367,25,0
IWM191011P146,2019-10-07,2019-10-07 09:35:04,0.71,1.0441,59,0.7,1.0294,1,0.7,1.0294,2,0.705,1.0367,25,0
IWM191011P146,2019-10-07,2019-10-07 09:35:04,0.71,1.0441,73,0.7,1.0294,1,0.7,1.0294,2,0.705,1.0367,25,0
IWM191011P146,2019-10-07,2019-10-07 09:35:05,0.72,1.0588,11,0.7,1.0294,564,0.7,1.0294,2,0.71,1.0441,25,0
IWM191011P146,2019-10-07,2019-10-07 09:35:05,0.72,1.0588,40,0.7,1.0294,233,0.7,1.0294,2,0.71,1.0441,25,0
IWM191011P146,2019-10-07,2019-10-07 09:35:06,0.72,1.0588,10,0.71,1.0441,99,0.7,1.0294,2,0.715,1.0514,25,0
IWM191011P146,2019-10-07,2019-10-07 09:35:06,0.72,1.0588,21,0.7,1.0294,564,0.7,1.0294,2,0.71,1.0441,25,0
IWM191011P146,2019-10-07,2019-10-07 09:35:07,0.72,1.0588,23,0.71,1.0441,38,0.7,1.0294,2,0.715,1.0514,25,0
IWM191011P146,2019-10-07,2019-10-07 09:35:07,0.72,1.0588,188,0.71,1.0441,38,0.7,1.0294,2,0.715,1.0514,25,0
IWM191011P146,2019-10-07,2019-10-07 09:35:08,0.72,1.0588,217,0.7,1.0294,93,0.7,1.0294,2,0.71,1.0441,25,0
IWM191011P146,2019-10-07,2019-10-07 09:35:08,0.72,1.0588,252,0.7,1.0294,121,0.7,1.0294,2,0.71,1.0441,25,0
IWM191011P146,2019-10-07,2019-10-07 09:35:09,0.72,1.0588,13,0.71,1.0441,2,0.7,1.0294,2,0.715,1.0514,25,0
IWM191011P146,2019-10-07,2019-10-07 09:35:09,0.72,1.0588,22,0.71,1.0441,2,0.7,1.0294,2,0.715,1.0514,25,0
IWM191011P146,2019-10-07,2019-10-07 09:35:10,0.72,1.0588,13,0.71,1.0441,2,0.7,1.0294,2,0.715,1.0514,25,0
IWM191011P146,2019-10-07,2019-10-07 09:35:11,0.72,1.0588,13,0.71,1.0441,34,0.7,1.0294,2,0.715,1.0514,25,0
IWM191011P146,2019-10-07,2019-10-07 09:35:11,0.72,1.0588,13,0.71,1.0441,59,0.7,1.0294,2,0.715,1.0514,25,0
IWM191011P146,2019-10-07,2019-10-07 09:35:12,0.72,1.0588,48,0.7,1.0294,425,0.7,1.0294,2,0.71,1.0441,25,0
IWM191011P146,2019-10-07,2019-10-07 09:35:13,0.72,1.0588,98,0.7,1.0294,257,0.7,1.0294,2,0.71,1.0441,25,0
IWM191011P146,2019-10-07,2019-10-07 09:35:13,0.72,1.0588,140,0.7,1.0294,257,0.7,1.0294,2,0.71,1.0441,25,0
IWM191011P146,2019-10-07,2019-10-07 09:35:14,0.7,1.0294,96,0.69,1.0147,23,0.7,1.0294,2,0.695,1.022,25,0
IWM191011P146,2019-10-07,2019-10-07 09:35:14,0.7,1.0294,113,0.69,1.0147,67,0.7,1.0294,2,0.695,1.022,25,0
IWM191011P146,2019-10-07,2019-10-07 09:35:15,0.7,1.0294,113,0.68,1.0,219,0.7,1.0294,2,0.69,1.0147,25,0
IWM191011P146,2019-10-07,2019-10-07 09:35:15,0.7,1.0294,221,0.68,1.0,157,0.7,1.0294,2,0.69,1.0147,25,0
IWM191011P146,2019-10-07,2019-10-07 09:35:16,0.7,1.0294,517,0.68,1.0,172,0.7,1.0294,2,0.69,1.0147,25,0
IWM191011P146,2019-10-07,2019-10-07 09:35:16,0.7,1.0294,406,0.68,1.0,179,0.7,1.0294,2,0.69,1.0147,25,0
IWM191011P146,2019-10-07,2019-10-07 09:35:17,0.69,1.0147,180,0.66,0.9705,356,0.7,1.0294,2,0.675,0.9926,25,0
IWM191011P146,2019-10-07,2019-10-07 09:35:17,0.69,1.0147,316,0.66,0.9705,231,0.7,1.0294,2,0.675,0.9926,25,0
IWM191011P146,2019-10-07,2019-10-07 09:35:18,0.68,1.0,295,0.67,0.9852,1,0.7,1.0294,2,0.675,0.9926,25,0
IWM191011P146,2019-10-07,2019-10-07 09:35:18,0.68,1.0,313,0.66,0.9705,235,0.7,1.0294,2,0.67,0.9852,25,0
IWM191011P146,2019-10-07,2019-10-07 09:35:19,0.68,1.0,444,0.66,0.9705,109,0.7,1.0294,2,0.67,0.9852,25,0
IWM191011P146,2019-10-07,2019-10-07 09:35:19,0.68,1.0,397,0.66,0.9705,213,0.7,1.0294,2,0.67,0.9852,25,0
IWM191011P146,2019-10-07,2019-10-07 09:35:20,0.68,1.0,488,0.66,0.9705,48,0.7,1.0294,2,0.67,0.9852,25,0
IWM191011P146,2019-10-07,2019-10-07 09:35:20,0.68,1.0,552,0.65,0.9558,583,0.7,1.0294,2,0.665,0.9779,25,0
IWM191011P146,2019-10-07,2019-10-07 09:35:21,0.68,1.0,551,0.65,0.9558,405,0.7,1.0294,2,0.665,0.9779,25,0
IWM191011P146,2019-10-07,2019-10-07 09:35:21,0.68,1.0,621,0.65,0.9558,427,0.7,1.0294,2,0.665,0.9779,25,0
IWM191011P146,2019-10-07,2019-10-07 09:35:22,0.68,1.0,613,0.65,0.9558,485,0.7,1.0294,2,0.665,0.9779,25,0
IWM191011P146,2019-10-07,2019-10-07 09:35:22,0.68,1.0,611,0.65,0.9558,282,0.7,1.0294,2,0.665,0.9779,25,0
IWM191011P146,2019-10-07,2019-10-07 09:35:23,0.68,1.0,561,0.65,0.9558,239,0.7,1.0294,2,0.665,0.9779,25,0
IWM191011P146,2019-10-07,2019-10-07 09:35:23,0.68,1.0,611,0.65,0.9558,282,0.7,1.0294,2,0.665,0.9779,25,0
IWM191011P146,2019-10-07,2019-10-07 09:35:24,0.68,1.0,625,0.65,0.9558,239,0.7,1.0294,2,0.665,0.9779,25,0
IWM191011P146,2019-10-07,2019-10-07 09:35:24,0.67,0.9852,255,0.65,0.9558,234,0.7,1.0294,2,0.66,0.9705,25,0
IWM191011P146,2019-10-07,2019-10-07 09:35:25,0.66,0.9705,65,0.64,0.9411,227,0.7,1.0294,2,0.65,0.9558,25,0
IWM191011P146,2019-10-07,2019-10-07 09:35:25,0.66,0.9705,65,0.65,0.9558,10,0.7,1.0294,2,0.655,0.9632,25,0
IWM191011P146,2019-10-07,2019-10-07 09:35:26,0.66,0.9705,297,0.65,0.9558,13,0.7,1.0294,2,0.655,0.9632,25,0
IWM191011P146,2019-10-07,2019-10-07 09:35:26,0.66,0.9705,275,0.65,0.9558,13,0.7,1.0294,2,0.655,0.9632,25,0
IWM191011P146,2019-10-07,2019-10-07 09:35:27,0.66,0.9705,355,0.65,0.9558,28,0.7,1.0294,2,0.655,0.9632,25,0
IWM191011P146,2019-10-07,2019-10-07 09:35:27,0.66,0.9705,225,0.65,0.9558,28,0.7,1.0294,2,0.655,0.9632,25,0
IWM191011P146,2019-10-07,2019-10-07 09:35:28,0.66,0.9705,341,0.64,0.9411,389,0.7,1.0294,2,0.65,0.9558,25,0
IWM191011P146,2019-10-07,2019-10-07 09:35:28,0.65,0.9558,13,0.64,0.9411,270,0.7,1.0294,2,0.645,0.9485,25,0
IWM191011P146,2019-10-07,2019-10-07 09:35:29,0.65,0.9558,29,0.64,0.9411,270,0.7,1.0294,2,0.645,0.9485,25,0
IWM191011P146,2019-10-07,2019-10-07 09:35:29,0.66,0.9705,179,0.64,0.9411,200,0.7,1.0294,2,0.65,0.9558,25,0
IWM191011P146,2019-10-07,2019-10-07 09:35:30,0.65,0.9558,27,0.64,0.9411,175,0.7,1.0294,2,0.645,0.9485,25,0
IWM191011P146,2019-10-07,2019-10-07 09:35:31,0.65,0.9558,174,0.64,0.9411,175,0.7,1.0294,2,0.645,0.9485,25,0
IWM191011P146,2019-10-07,2019-10-07 09:35:31,0.65,0.9558,27,0.64,0.9411,269,0.7,1.0294,2,0.645,0.9485,25,0
IWM191011P146,2019-10-07,2019-10-07 09:35:32,0.65,0.9558,27,0.64,0.9411,451,0.7,1.0294,2,0.645,0.9485,25,0
IWM191011P146,2019-10-07,2019-10-07 09:35:32,0.65,0.9558,170,0.64,0.9411,335,0.7,1.0294,2,0.645,0.9485,25,0
IWM191011P146,2019-10-07,2019-10-07 09:35:33,0.66,0.9705,8,0.65,0.9558,551,0.7,1.0294,2,0.655,0.9632,25,0
IWM191011P146,2019-10-07,2019-10-07 09:35:33,0.66,0.9705,8,0.65,0.9558,109,0.7,1.0294,2,0.655,0.9632,25,0
IWM191011P146,2019-10-07,2019-10-07 09:35:34,0.67,0.9852,44,0.66,0.9705,300,0.7,1.0294,2,0.665,0.9779,25,0
IWM191011P146,2019-10-07,2019-10-07 09:35:34,0.66,0.9705,27,0.65,0.9558,600,0.7,1.0294,2,0.655,0.9632,25,0
IWM191011P146,2019-10-07,2019-10-07 09:35:35,0.67,0.9852,266,0.66,0.9705,43,0.7,1.0294,2,0.665,0.9779,25,0
IWM191011P146,2019-10-07,2019-10-07 09:35:35,0.67,0.9852,297,0.66,0.9705,76,0.7,1.0294,2,0.665,0.9779,25,0
IWM191011P146,2019-10-07,2019-10-07 09:35:36,0.67,0.9852,297,0.66,0.9705,94,0.7,1.0294,2,0.665,0.9779,25,0
IWM191011P146,2019-10-07,2019-10-07 09:35:36,0.67,0.9852,173,0.66,0.9705,153,0.7,1.0294,2,0.665,0.9779,25,0
IWM191011P146,2019-10-07,2019-10-07 09:35:37,0.7,1.0294,487,0.67,0.9852,268,0.7,1.0294,2,0.685,1.0073,25,0
IWM191011P146,2019-10-07,2019-10-07 09:35:37,0.69,1.0147,143,0.65,0.9558,125,0.7,1.0294,2,0.67,0.9852,25,0
IWM191011P146,2019-10-07,2019-10-07 09:35:38,0.67,0.9852,94,0.66,0.9705,20,0.7,1.0294,2,0.665,0.9779,25,0
IWM191011P146,2019-10-07,2019-10-07 09:35:38,0.68,1.0,187,0.65,0.9558,495,0.7,1.0294,2,0.665,0.9779,25,0
IWM191011P146,2019-10-07,2019-10-07 09:35:39,0.67,0.9852,64,0.66,0.9705,24,0.7,1.0294,2,0.665,0.9779,25,0
IWM191011P146,2019-10-07,2019-10-07 09:35:39,0.67,0.9852,275,0.66,0.9705,24,0.7,1.0294,2,0.665,0.9779,25,0
IWM191011P146,2019-10-07,2019-10-07 09:35:40,0.68,1.0,74,0.66,0.9705,712,0.7,1.0294,2,0.67,0.9852,25,0
IWM191011P146,2019-10-07,2019-10-07 09:35:40,0.67,0.9852,165,0.66,0.9705,50,0.7,1.0294,2,0.665,0.9779,25,0
IWM191011P146,2019-10-07,2019-10-07 09:35:41,0.68,1.0,206,0.66,0.9705,651,0.7,1.0294,2,0.67,0.9852,25,0
IWM191011P146,2019-10-07,2019-10-07 09:35:41,0.68,1.0,281,0.66,0.9705,626,0.7,1.0294,2,0.67,0.9852,25,0
IWM191011P146,2019-10-07,2019-10-07 09:35:42,0.68,1.0,48,0.67,0.9852,53,0.7,1.0294,2,0.675,0.9926,25,0
IWM191011P146,2019-10-07,2019-10-07 09:35:42,0.68,1.0,281,0.67,0.9852,104,0.7,1.0294,2,0.675,0.9926,25,0
IWM191011P146,2019-10-07,2019-10-07 09:35:43,0.68,1.0,48,0.67,0.9852,53,0.7,1.0294,2,0.675,0.9926,25,0
IWM191011P146,2019-10-07,2019-10-07 09:35:43,0.69,1.0147,23,0.67,0.9852,78,0.7,1.0294,2,0.68,1.0,25,0
IWM191011P146,2019-10-07,2019-10-07 09:35:44,0.69,1.0147,67,0.67,0.9852,186,0.7,1.0294,2,0.68,1.0,25,0
IWM191011P146,2019-10-07,2019-10-07 09:35:44,0.69,1.0147,102,0.67,0.9852,26,0.7,1.0294,2,0.68,1.0,25,0
IWM191011P146,2019-10-07,2019-10-07 09:35:45,0.68,1.0,18,0.67,0.9852,64,0.7,1.0294,2,0.675,0.9926,25,0
IWM191011P146,2019-10-07,2019-10-07 09:35:45,0.68,1.0,18,0.67,0.9852,54,0.7,1.0294,2,0.675,0.9926,25,0
IWM191011P146,2019-10-07,2019-10-07 09:35:46,0.68,1.0,18,0.67,0.9852,425,0.7,1.0294,2,0.675,0.9926,25,0
IWM191011P146,2019-10-07,2019-10-07 09:35:46,0.68,1.0,40,0.67,0.9852,95,0.7,1.0294,2,0.675,0.9926,25,0
IWM191011P146,2019-10-07,2019-10-07 09:35:47,0.68,1.0,183,0.67,0.9852,92,0.7,1.0294,2,0.675,0.9926,25,0
IWM191011P146,2019-10-07,2019-10-07 09:35:47,0.68,1.0,203,0.67,0.9852,20,0.7,1.0294,2,0.675,0.9926,25,0
IWM191011P146,2019-10-07,2019-10-07 09:35:48,0.68,1.0,25,0.67,0.9852,70,0.7,1.0294,2,0.675,0.9926,25,0
IWM191011P146,2019-10-07,2019-10-07 09:35:48,0.68,1.0,25,0.67,0.9852,117,0.7,1.0294,2,0.675,0.9926,25,0
IWM191011P146,2019-10-07,2019-10-07 09:35:49,0.69,1.0147,94,0.68,1.0,20,0.7,1.0294,2,0.685,1.0073,25,0
IWM191011P146,2019-10-07,2019-10-07 09:35:50,0.69,1.0147,381,0.67,0.9852,70,0.7,1.0294,2,0.68,1.0,25,0
IWM191011P146,2019-10-07,2019-10-07 09:35:50,0.69,1.0147,549,0.67,0.9852,60,0.7,1.0294,2,0.68,1.0,25,0
IWM191011P146,2019-10-07,2019-10-07 09:35:51,0.69,1.0147,540,0.66,0.9705,596,0.7,1.0294,2,0.675,0.9926,25,0
IWM191011P146,2019-10-07,2019-10-07 09:35:51,0.69,1.0147,412,0.67,0.9852,33,0.7,1.0294,2,0.68,1.0,25,0
IWM191011P146,2019-10-07,2019-10-07 09:35:52,0.68,1.0,382,0.66,0.9705,29,0.7,1.0294,2,0.67,0.9852,25,0
IWM191011P146,2019-10-07,2019-10-07 09:35:52,0.68,1.0,438,0.66,0.9705,94,0.7,1.0294,2,0.67,0.9852,25,0
IWM191011P146,2019-10-07,2019-10-07 09:35:53,0.68,1.0,120,0.67,0.9852,20,0.7,1.0294,2,0.675,0.9926,25,0
IWM191011P146,2019-10-07,2019-10-07 09:35:53,0.68,1.0,72,0.67,0.9852,39,0.7,1.0294,2,0.675,0.9926,25,0
IWM191011P146,2019-10-07,2019-10-07 09:35:54,0.68,1.0,47,0.67,0.9852,51,0.7,1.0294,2,0.675,0.9926,25,0
IWM191011P146,2019-10-07,2019-10-07 09:35:54,0.68,1.0,65,0.67,0.9852,20,0.7,1.0294,2,0.675,0.9926,25,0
IWM191011P146,2019-10-07,2019-10-07 09:35:55,0.67,0.9852,56,0.66,0.9705,13,0.7,1.0294,2,0.665,0.9779,25,0
IWM191011P146,2019-10-07,2019-10-07 09:35:55,0.67,0.9852,56,0.65,0.9558,445,0.7,1.0294,2,0.66,0.9705,25,0
IWM191011P146,2019-10-07,2019-10-07 09:35:56,0.67,0.9852,111,0.65,0.9558,460,0.7,1.0294,2,0.66,0.9705,25,0
IWM191011P146,2019-10-07,2019-10-07 09:35:56,0.67,0.9852,111,0.66,0.9705,20,0.7,1.0294,2,0.665,0.9779,25,0
IWM191011P146,2019-10-07,2019-10-07 09:35:57,0.67,0.9852,130,0.65,0.9558,448,0.7,1.0294,2,0.66,0.9705,25,0
IWM191011P146,2019-10-07,2019-10-07 09:35:57,0.67,0.9852,39,0.65,0.9558,448,0.7,1.0294,2,0.66,0.9705,25,0
IWM191011P146,2019-10-07,2019-10-07 09:35:58,0.67,0.9852,206,0.66,0.9705,11,0.7,1.0294,2,0.665,0.9779,25,0
IWM191011P146,2019-10-07,2019-10-07 09:35:58,0.67,0.9852,39,0.66,0.9705,36,0.7,1.0294,2,0.665,0.9779,25,0
IWM191011P146,2019-10-07,2019-10-07 09:35:59,0.67,0.9852,57,0.66,0.9705,29,0.7,1.0294,2,0.665,0.9779,25,0
IWM191011P146,2019-10-07,2019-10-07 09:35:59,0.67,0.9852,67,0.66,0.9705,29,0.7,1.0294,2,0.665,0.9779,25,0
IWM191011P146,2019-10-07,2019-10-07 09:36:00,0.67,0.9852,377,0.65,0.9558,399,0.7,1.0294,2,0.66,0.9705,25,0
IWM191011P146,2019-10-07,2019-10-07 09:36:00,0.67,0.9852,129,0.66,0.9705,21,0.7,1.0294,2,0.665,0.9779,25,0
IWM191011P146,2019-10-07,2019-10-07 09:36:01,0.67,0.9852,229,0.65,0.9558,75,0.7,1.0294,2,0.66,0.9705,25,0
IWM191011P146,2019-10-07,2019-10-07 09:36:01,0.67,0.9852,297,0.65,0.9558,351,0.7,1.0294,2,0.66,0.9705,25,0
IWM191011P146,2019-10-07,2019-10-07 09:36:02,0.66,0.9705,334,0.64,0.9411,15,0.7,1.0294,2,0.65,0.9558,25,0
IWM191011P146,2019-10-07,2019-10-07 09:36:02,0.66,0.9705,129,0.64,0.9411,15,0.7,1.0294,2,0.65,0.9558,25,0
IWM191011P146,2019-10-07,2019-10-07 09:36:03,0.66,0.9705,92,0.65,0.9558,42,0.7,1.0294,2,0.655,0.9632,25,0
IWM191011P146,2019-10-07,2019-10-07 09:36:03,0.66,0.9705,92,0.65,0.9558,43,0.7,1.0294,2,0.655,0.9632,25,0
IWM191011P146,2019-10-07,2019-10-07 09:36:04,0.66,0.9705,123,0.65,0.9558,20,0.7,1.0294,2,0.655,0.9632,25,0
IWM191011P146,2019-10-07,2019-10-07 09:36:04,0.66,0.9705,128,0.65,0.9558,24,0.7,1.0294,2,0.655,0.9632,25,0
IWM191011P146,2019-10-07,2019-10-07 09:36:05,0.67,0.9852,440,0.65,0.9558,297,0.7,1.0294,2,0.66,0.9705,25,0
IWM191011P146,2019-10-07,2019-10-07 09:36:05,0.66,0.9705,5,0.65,0.9558,74,0.7,1.0294,2,0.655,0.9632,25,0
IWM191011P146,2019-10-07,2019-10-07 09:36:06,0.67,0.9852,173,0.65,0.9558,284,0.7,1.0294,2,0.66,0.9705,25,0
IWM191011P146,2019-10-07,2019-10-07 09:36:07,0.67,0.9852,328,0.65,0.9558,945,0.7,1.0294,2,0.66,0.9705,25,0
IWM191011P146,2019-10-07,2019-10-07 09:36:07,0.67,0.9852,328,0.65,0.9558,988,0.7,1.0294,2,0.66,0.9705,25,0
IWM191011P146,2019-10-07,2019-10-07 09:36:08,0.67,0.9852,143,0.65,0.9558,679,0.7,1.0294,2,0.66,0.9705,25,0
IWM191011P146,2019-10-07,2019-10-07 09:36:08,0.66,0.9705,15,0.65,0.9558,679,0.7,1.0294,2,0.655,0.9632,25,0
IWM191011P146,2019-10-07,2019-10-07 09:36:09,0.68,1.0,329,0.66,0.9705,753,0.7,1.0294,2,0.67,0.9852,25,0
IWM191011P146,2019-10-07,2019-10-07 09:36:09,0.68,1.0,303,0.66,0.9705,43,0.7,1.0294,2,0.67,0.9852,25,0
IWM191011P146,2019-10-07,2019-10-07 09:36:10,0.68,1.0,329,0.66,0.9705,753,0.7,1.0294,2,0.67,0.9852,25,0
IWM191011P146,2019-10-07,2019-10-07 09:36:10,0.67,0.9852,24,0.66,0.9705,214,0.7,1.0294,2,0.665,0.9779,25,0
IWM191011P146,2019-10-07,2019-10-07 09:36:11,0.67,0.9852,42,0.66,0.9705,107,0.7,1.0294,2,0.665,0.9779,25,0
IWM191011P146,2019-10-07,2019-10-07 09:36:11,0.67,0.9852,43,0.66,0.9705,113,0.7,1.0294,2,0.665,0.9779,25,0
IWM191011P146,2019-10-07,2019-10-07 09:36:12,0.68,1.0,133,0.66,0.9705,259,0.7,1.0294,2,0.67,0.9852,25,0
IWM191011P146,2019-10-07,2019-10-07 09:36:12,0.67,0.9852,43,0.66,0.9705,254,0.7,1.0294,2,0.665,0.9779,25,0
IWM191011P146,2019-10-07,2019-10-07 09:36:13,0.68,1.0,189,0.66,0.9705,757,0.7,1.0294,2,0.67,0.9852,25,0
IWM191011P146,2019-10-07,2019-10-07 09:36:13,0.68,1.0,224,0.66,0.9705,710,0.7,1.0294,2,0.67,0.9852,25,0
IWM191011P146,2019-10-07,2019-10-07 09:36:14,0.69,1.0147,121,0.67,0.9852,20,0.7,1.0294,2,0.68,1.0,25,0
IWM191011P146,2019-10-07,2019-10-07 09:36:14,0.68,1.0,112,0.67,0.9852,20,0.7,1.0294,2,0.675,0.9926,25,0
IWM191011P146,2019-10-07,2019-10-07 09:36:15,0.68,1.0,178,0.67,0.9852,20,0.7,1.0294,2,0.675,0.9926,25,0
IWM191011P146,2019-10-07,2019-10-07 09:36:16,0.67,0.9852,23,0.66,0.9705,32,0.7,1.0294,2,0.665,0.9779,25,0
IWM191011P146,2019-10-07,2019-10-07 09:36:16,0.68,1.0,311,0.67,0.9852,20,0.7,1.0294,2,0.675,0.9926,25,0
IWM191011P146,2019-10-07,2019-10-07 09:36:17,0.67,0.9852,65,0.66,0.9705,158,0.7,1.0294,2,0.665,0.9779,25,0
IWM191011P146,2019-10-07,2019-10-07 09:36:18,0.68,1.0,24,0.66,0.9705,603,0.7,1.0294,2,0.67,0.9852,25,0
IWM191011P146,2019-10-07,2019-10-07 09:36:18,0.68,1.0,21,0.67,0.9852,17,0.7,1.0294,2,0.675,0.9926,25,0
IWM191011P146,2019-10-07,2019-10-07 09:36:19,0.68,1.0,55,0.67,0.9852,47,0.7,1.0294,2,0.675,0.9926,25,0
IWM191011P146,2019-10-07,2019-10-07 09:36:20,0.68,1.0,216,0.66,0.9705,98,0.7,1.0294,2,0.67,0.9852,25,0
IWM191011P146,2019-10-07,2019-10-07 09:36:20,0.68,1.0,349,0.66,0.9705,131,0.7,1.0294,2,0.67,0.9852,25,0
IWM191011P146,2019-10-07,2019-10-07 09:36:21,0.68,1.0,515,0.66,0.9705,24,0.7,1.0294,2,0.67,0.9852,25,0
IWM191011P146,2019-10-07,2019-10-07 09:36:21,0.68,1.0,416,0.66,0.9705,20,0.7,1.0294,2,0.67,0.9852,25,0
IWM191011P146,2019-10-07,2019-10-07 09:36:22,0.68,1.0,206,0.66,0.9705,455,0.7,1.0294,2,0.67,0.9852,25,0
IWM191011P146,2019-10-07,2019-10-07 09:36:22,0.68,1.0,262,0.66,0.9705,191,0.7,1.0294,2,0.67,0.9852,25,0
IWM191011P146,2019-10-07,2019-10-07 09:36:23,0.68,1.0,74,0.67,0.9852,37,0.7,1.0294,2,0.675,0.9926,25,0
IWM191011P146,2019-10-07,2019-10-07 09:36:23,0.68,1.0,101,0.67,0.9852,20,0.7,1.0294,2,0.675,0.9926,25,0
IWM191011P146,2019-10-07,2019-10-07 09:36:24,0.68,1.0,101,0.67,0.9852,32,0.7,1.0294,2,0.675,0.9926,25,0
IWM191011P146,2019-10-07,2019-10-07 09:36:25,0.68,1.0,74,0.67,0.9852,42,0.7,1.0294,2,0.675,0.9926,25,0
IWM191011P146,2019-10-07,2019-10-07 09:36:25,0.68,1.0,77,0.67,0.9852,32,0.7,1.0294,2,0.675,0.9926,25,0
IWM191011P146,2019-10-07,2019-10-07 09:36:26,0.68,1.0,77,0.67,0.9852,202,0.7,1.0294,2,0.675,0.9926,25,0
IWM191011P146,2019-10-07,2019-10-07 09:36:26,0.68,1.0,1,0.67,0.9852,202,0.7,1.0294,2,0.675,0.9926,25,0
IWM191011P146,2019-10-07,2019-10-07 09:36:27,0.69,1.0147,286,0.67,0.9852,283,0.7,1.0294,2,0.68,1.0,25,0
IWM191011P146,2019-10-07,2019-10-07 09:36:27,0.69,1.0147,296,0.67,0.9852,77,0.7,1.0294,2,0.68,1.0,25,0
IWM191011P146,2019-10-07,2019-10-07 09:36:28,0.69,1.0147,496,0.67,0.9852,20,0.7,1.0294,2,0.68,1.0,25,0
IWM191011P146,2019-10-07,2019-10-07 09:36:28,0.69,1.0147,496,0.67,0.9852,27,0.7,1.0294,2,0.68,1.0,25,0
IWM191011P146,2019-10-07,2019-10-07 09:36:29,0.67,0.9852,244,0.66,0.9705,63,0.7,1.0294,2,0.665,0.9779,25,0
IWM191011P146,2019-10-07,2019-10-07 09:36:29,0.67,0.9852,135,0.66,0.9705,49,0.7,1.0294,2,0.665,0.9779,25,0
IWM191011P146,2019-10-07,2019-10-07 09:36:30,0.69,1.0147,292,0.66,0.9705,81,0.7,1.0294,2,0.675,0.9926,25,0
IWM191011P146,2019-10-07,2019-10-07 09:36:30,0.67,0.9852,244,0.66,0.9705,40,0.7,1.0294,2,0.665,0.9779,25,0
IWM191011P146,2019-10-07,2019-10-07 09:36:31,0.68,1.0,83,0.67,0.9852,24,0.7,1.0294,2,0.675,0.9926,25,0
IWM191011P146,2019-10-07,2019-10-07 09:36:31,0.68,1.0,177,0.67,0.9852,24,0.7,1.0294,2,0.675,0.9926,25,0
IWM191011P146,2019-10-07,2019-10-07 09:36:32,0.69,1.0147,100,0.67,0.9852,559,0.7,1.0294,2,0.68,1.0,25,0
IWM191011P146,2019-10-07,2019-10-07 09:36:32,0.69,1.0147,195,0.67,0.9852,128,0.7,1.0294,2,0.68,1.0,25,0
IWM191011P146,2019-10-07,2019-10-07 09:36:33,0.69,1.0147,100,0.67,0.9852,559,0.7,1.0294,2,0.68,1.0,25,0
IWM191011P146,2019-10-07,2019-10-07 09:36:34,0.69,1.0147,26,0.68,1.0,104,0.7,1.0294,2,0.685,1.0073,25,0
IWM191011P146,2019-10-07,2019-10-07 09:36:34,0.69,1.0147,48,0.67,0.9852,729,0.7,1.0294,2,0.68,1.0,25,0
IWM191011P146,2019-10-07,2019-10-07 09:36:35,0.7,1.0294,159,0.68,1.0,197,0.7,1.0294,2,0.69,1.0147,25,0
IWM191011P146,2019-10-07,2019-10-07 09:36:35,0.69,1.0147,18,0.68,1.0,197,0.7,1.0294,2,0.685,1.0073,25,0
IWM191011P146,2019-10-07,2019-10-07 09:36:36,0.69,1.0147,23,0.68,1.0,366,0.7,1.0294,2,0.685,1.0073,25,0
IWM191011P146,2019-10-07,2019-10-07 09:36:36,0.69,1.0147,23,0.68,1.0,632,0.7,1.0294,2,0.685,1.0073,25,0
IWM191011P146,2019-10-07,2019-10-07 09:36:37,0.69,1.0147,18,0.68,1.0,341,0.7,1.0294,2,0.685,1.0073,25,0
IWM191011P146,2019-10-07,2019-10-07 09:36:37,0.69,1.0147,34,0.68,1.0,450,0.7,1.0294,2,0.685,1.0073,25,0
IWM191011P146,2019-10-07,2019-10-07 09:36:38,0.69,1.0147,29,0.68,1.0,153,0.7,1.0294,2,0.685,1.0073,25,0
IWM191011P146,2019-10-07,2019-10-07 09:36:38,0.69,1.0147,44,0.68,1.0,243,0.7,1.0294,2,0.685,1.0073,25,0
IWM191011P146,2019-10-07,2019-10-07 09:36:39,0.7,1.0294,85,0.68,1.0,323,0.7,1.0294,2,0.69,1.0147,25,0
IWM191011P146,2019-10-07,2019-10-07 09:36:39,0.7,1.0294,89,0.68,1.0,434,0.7,1.0294,2,0.69,1.0147,25,0
IWM191011P146,2019-10-07,2019-10-07 09:36:40,0.7,1.0294,45,0.69,1.0147,78,0.7,1.0294,2,0.695,1.022,25,0
IWM191011P146,2019-10-07,2019-10-07 09:36:40,0.71,1.0441,239,0.69,1.0147,182,0.7,1.0294,2,0.7,1.0294,25,0
IWM191011P146,2019-10-07,2019-10-07 09:36:41,0.71,1.0441,258,0.69,1.0147,158,0.7,1.0294,2,0.7,1.0294,25,0
IWM191011P146,2019-10-07,2019-10-07 09:36:41,0.71,1.0441,239,0.69,1.0147,157,0.7,1.0294,2,0.7,1.0294,25,0
IWM191011P146,2019-10-07,2019-10-07 09:36:42,0.7,1.0294,23,0.69,1.0147,152,0.7,1.0294,2,0.695,1.022,25,0
IWM191011P146,2019-10-07,2019-10-07 09:36:42,0.7,1.0294,23,0.69,1.0147,123,0.7,1.0294,2,0.695,1.022,25,0
IWM191011P146,2019-10-07,2019-10-07 09:36:43,0.71,1.0441,201,0.69,1.0147,117,0.7,1.0294,2,0.7,1.0294,25,0
IWM191011P146,2019-10-07,2019-10-07 09:36:43,0.71,1.0441,228,0.69,1.0147,50,0.7,1.0294,2,0.7,1.0294,25,0
IWM191011P146,2019-10-07,2019-10-07 09:36:44,0.71,1.0441,143,0.69,1.0147,384,0.7,1.0294,2,0.7,1.0294,25,0
IWM191011P146,2019-10-07,2019-10-07 09:36:44,0.71,1.0441,19,0.69,1.0147,534,0.7,1.0294,2,0.7,1.0294,25,0
IWM191011P146,2019-10-07,2019-10-07 09:36:45,0.71,1.0441,70,0.7,1.0294,10,0.7,1.0294,2,0.705,1.0367,25,0
IWM191011P146,2019-10-07,2019-10-07 09:36:46,0.71,1.0441,43,0.7,1.0294,1,0.7,1.0294,2,0.705,1.0367,25,0
IWM191011P146,2019-10-07,2019-10-07 09:36:46,0.72,1.0588,270,0.7,1.0294,70,0.7,1.0294,2,0.71,1.0441,25,0
IWM191011P146,2019-10-07,2019-10-07 09:36:47,0.72,1.0588,317,0.7,1.0294,21,0.7,1.0294,2,0.71,1.0441,25,0
IWM191011P146,2019-10-07,2019-10-07 09:36:47,0.72,1.0588,291,0.7,1.0294,20,0.7,1.0294,2,0.71,1.0441,25,0
IWM191011P146,2019-10-07,2019-10-07 09:36:48,0.71,1.0441,23,0.7,1.0294,23,0.7,1.0294,2,0.705,1.0367,25,0
IWM191011P146,2019-10-07,2019-10-07 09:36:48,0.72,1.0588,152,0.7,1.0294,20,0.7,1.0294,2,0.71,1.0441,25,0
IWM191011P146,2019-10-07,2019-10-07 09:36:49,0.71,1.0441,23,0.7,1.0294,379,0.7,1.0294,2,0.705,1.0367,25,0
IWM191011P146,2019-10-07,2019-10-07 09:36:49,0.71,1.0441,23,0.7,1.0294,313,0.7,1.0294,2,0.705,1.0367,25,0
IWM191011P146,2019-10-07,2019-10-07 09:36:50,0.72,1.0588,53,0.7,1.0294,805,0.7,1.0294,2,0.71,1.0441,25,0
IWM191011P146,2019-10-07,2019-10-07 09:36:50,0.71,1.0441,23,0.7,1.0294,502,0.7,1.0294,2,0.705,1.0367,25,0
IWM191011P146,2019-10-07,2019-10-07 09:36:51,0.72,1.0588,71,0.7,1.0294,351,0.7,1.0294,2,0.71,1.0441,25,0
IWM191011P146,2019-10-07,2019-10-07 09:36:51,0.72,1.0588,53,0.7,1.0294,734,0.7,1.0294,2,0.71,1.0441,25,0
IWM191011P146,2019-10-07,2019-10-07 09:36:52,0.72,1.0588,97,0.7,1.0294,533,0.7,1.0294,2,0.71,1.0441,25,0
IWM191011P146,2019-10-07,2019-10-07 09:36:53,0.72,1.0588,114,0.71,1.0441,30,0.7,1.0294,2,0.715,1.0514,25,0
IWM191011P146,2019-10-07,2019-10-07 09:36:53,0.72,1.0588,114,0.71,1.0441,2,0.7,1.0294,2,0.715,1.0514,25,0
IWM191011P146,2019-10-07,2019-10-07 09:36:54,0.72,1.0588,93,0.7,1.0294,150,0.7,1.0294,2,0.71,1.0441,25,0
IWM191011P146,2019-10-07,2019-10-07 09:36:54,0.72,1.0588,114,0.71,1.0441,30,0.7,1.0294,2,0.715,1.0514,25,0
IWM191011P146,2019-10-07,2019-10-07 09:36:55,0.72,1.0588,152,0.7,1.0294,301,0.7,1.0294,2,0.71,1.0441,25,0
IWM191011P146,2019-10-07,2019-10-07 09:36:55,0.72,1.0588,166,0.7,1.0294,301,0.7,1.0294,2,0.71,1.0441,25,0
IWM191011P146,2019-10-07,2019-10-07 09:36:56,0.71,1.0441,15,0.7,1.0294,280,0.7,1.0294,2,0.705,1.0367,25,0
IWM191011P146,2019-10-07,2019-10-07 09:36:56,0.71,1.0441,23,0.7,1.0294,302,0.7,1.0294,2,0.705,1.0367,25,0
IWM191011P146,2019-10-07,2019-10-07 09:36:57,0.71,1.0441,15,0.7,1.0294,369,0.7,1.0294,2,0.705,1.0367,25,0
IWM191011P146,2019-10-07,2019-10-07 09:36:57,0.72,1.0588,40,0.71,1.0441,130,0.7,1.0294,2,0.715,1.0514,25,0
IWM191011P146,2019-10-07,2019-10-07 09:36:58,0.72,1.0588,31,0.71,1.0441,238,0.7,1.0294,2,0.715,1.0514,25,0
IWM191011P146,2019-10-07,2019-10-07 09:36:58,0.72,1.0588,46,0.71,1.0441,273,0.7,1.0294,2,0.715,1.0514,25,0
IWM191011P146,2019-10-07,2019-10-07 09:36:59,0.73,1.0735,236,0.71,1.0441,214,0.7,1.0294,2,0.72,1.0588,25,0
IWM191011P146,2019-10-07,2019-10-07 09:37:00,0.73,1.0735,236,0.71,1.0441,367,0.7,1.0294,2,0.72,1.0588,25,0
IWM191011P146,2019-10-07,2019-10-07 09:37:00,0.73,1.0735,236,0.71,1.0441,216,0.7,1.0294,2,0.72,1.0588,25,0
IWM191011P146,2019-10-07,2019-10-07 09:37:01,0.73,1.0735,236,0.71,1.0441,274,0.7,1.0294,2,0.72,1.0588,25,0
IWM191011P146,2019-10-07,2019-10-07 09:37:02,0.72,1.0588,39,0.71,1.0441,136,0.7,1.0294,2,0.715,1.0514,25,0
IWM191011P146,2019-10-07,2019-10-07 09:37:02,0.72,1.0588,18,0.71,1.0441,274,0.7,1.0294,2,0.715,1.0514,25,0
IWM191011P146,2019-10-07,2019-10-07 09:37:03,0.72,1.0588,23,0.71,1.0441,219,0.7,1.0294,2,0.715,1.0514,25,0
IWM191011P146,2019-10-07,2019-10-07 09:37:03,0.72,1.0588,39,0.71,1.0441,267,0.7,1.0294,2,0.715,1.0514,25,0
IWM191011P146,2019-10-07,2019-10-07 09:37:04,0.73,1.0735,181,0.71,1.0441,466,0.7,1.0294,2,0.72,1.0588,25,0
IWM191011P146,2019-10-07,2019-10-07 09:37:04,0.73,1.0735,211,0.71,1.0441,205,0.7,1.0294,2,0.72,1.0588,25,0
IWM191011P146,2019-10-07,2019-10-07 09:37:05,0.73,1.0735,181,0.71,1.0441,409,0.7,1.0294,2,0.72,1.0588,25,0
IWM191011P146,2019-10-07,2019-10-07 09:37:05,0.73,1.0735,174,0.71,1.0441,570,0.7,1.0294,2,0.72,1.0588,25,0
IWM191011P146,2019-10-07,2019-10-07 09:37:06,0.73,1.0735,42,0.72,1.0588,285,0.7,1.0294,2,0.725,1.0661,25,0
IWM191011P146,2019-10-07,2019-10-07 09:37:06,0.73,1.0735,51,0.72,1.0588,101,0.7,1.0294,2,0.725,1.0661,25,0
IWM191011P146,2019-10-07,2019-10-07 09:37:07,0.73,1.0735,62,0.72,1.0588,114,0.7,1.0294,2,0.725,1.0661,25,0
IWM191011P146,2019-10-07,2019-10-07 09:37:07,0.73,1.0735,62,0.72,1.0588,324,0.7,1.0294,2,0.725,1.0661,25,0
IWM191011P146,2019-10-07,2019-10-07 09:37:08,0.74,1.0882,77,0.72,1.0588,222,0.7,1.0294,2,0.73,1.0735,25,0
IWM191011P146,2019-10-07,2019-10-07 09:37:08,0.74,1.0882,203,0.71,1.0441,564,0.7,1.0294,2,0.725,1.0661,25,0
IWM191011P146,2019-10-07,2019-10-07 09:37:09,0.73,1.0735,18,0.72,1.0588,350,0.7,1.0294,2,0.725,1.0661,25,0
IWM191011P146,2019-10-07,2019-10-07 09:37:09,0.74,1.0882,188,0.72,1.0588,34,0.7,1.0294,2,0.73,1.0735,25,0
IWM191011P146,2019-10-07,2019-10-07 09:37:10,0.73,1.0735,105,0.72,1.0588,20,0.7,1.0294,2,0.725,1.0661,25,0
IWM191011P146,2019-10-07,2019-10-07 09:37:10,0.73,1.0735,23,0.72,1.0588,492,0.7,1.0294,2,0.725,1.0661,25,0
IWM191011P146,2019-10-07,2019-10-07 09:37:11,0.74,1.0882,216,0.72,1.0588,191,0.7,1.0294,2,0.73,1.0735,25,0
IWM191011P146,2019-10-07,2019-10-07 09:37:11,0.74,1.0882,81,0.72,1.0588,69,0.7,1.0294,2,0.73,1.0735,25,0
IWM191011P146,2019-10-07,2019-10-07 09:37:12,0.74,1.0882,176,0.72,1.0588,245,0.72,1.0588,3,0.73,1.0735,28,3
IWM191011P146,2019-10-07,2019-10-07 09:37:12,0.74,1.0882,216,0.72,1.0588,181,0.7,1.0294,2,0.73,1.0735,25,0
IWM191011P146,2019-10-07,2019-10-07 09:37:13,0.73,1.0735,23,0.72,1.0588,605,0.72,1.0588,3,0.725,1.0661,28,0
IWM191011P146,2019-10-07,2019-10-07 09:37:14,0.74,1.0882,83,0.72,1.0588,615,0.72,1.0588,3,0.73,1.0735,28,0
IWM191011P146,2019-10-07,2019-10-07 09:37:14,0.74,1.0882,106,0.72,1.0588,615,0.72,1.0588,3,0.73,1.0735,28,0
IWM191011P146,2019-10-07,2019-10-07 09:37:15,0.74,1.0882,23,0.73,1.0735,75,0.72,1.0588,3,0.735,1.0808,28,0
IWM191011P146,2019-10-07,2019-10-07 09:37:15,0.74,1.0882,131,0.72,1.0588,640,0.72,1.0588,3,0.73,1.0735,28,0
IWM191011P146,2019-10-07,2019-10-07 09:37:16,0.74,1.0882,23,0.73,1.0735,139,0.72,1.0588,3,0.735,1.0808,28,0
IWM191011P146,2019-10-07,2019-10-07 09:37:17,0.74,1.0882,35,0.73,1.0735,197,0.72,1.0588,3,0.735,1.0808,28,0
IWM191011P146,2019-10-07,2019-10-07 09:37:17,0.74,1.0882,35,0.73,1.0735,184,0.72,1.0588,3,0.735,1.0808,28,0
IWM191011P146,2019-10-07,2019-10-07 09:37:18,0.75,1.1029,269,0.73,1.0735,599,0.72,1.0588,3,0.74,1.0882,28,0
IWM191011P146,2019-10-07,2019-10-07 09:37:18,0.75,1.1029,206,0.73,1.0735,355,0.72,1.0588,3,0.74,1.0882,28,0
IWM191011P146,2019-10-07,2019-10-07 09:37:19,0.74,1.0882,181,0.72,1.0588,110,0.72,1.0588,3,0.73,1.0735,28,0
IWM191011P146,2019-10-07,2019-10-07 09:37:19,0.75,1.1029,202,0.73,1.0735,483,0.72,1.0588,3,0.74,1.0882,28,0
IWM191011P146,2019-10-07,2019-10-07 09:37:20,0.74,1.0882,181,0.72,1.0588,149,0.72,1.0588,3,0.73,1.0735,28,0
IWM191011P146,2019-10-07,2019-10-07 09:37:20,0.73,1.0735,86,0.72,1.0588,99,0.72,1.0588,3,0.725,1.0661,28,0
IWM191011P146,2019-10-07,2019-10-07 09:37:21,0.73,1.0735,81,0.72,1.0588,130,0.72,1.0588,3,0.725,1.0661,28,0
IWM191011P146,2019-10-07,2019-10-07 09:37:21,0.73,1.0735,91,0.72,1.0588,48,0.72,1.0588,3,0.725,1.0661,28,0
IWM191011P146,2019-10-07,2019-10-07 09:37:22,0.73,1.0735,34,0.71,1.0441,731,0.72,1.0588,3,0.72,1.0588,28,0
IWM191011P146,2019-10-07,2019-10-07 09:37:22,0.73,1.0735,38,0.71,1.0441,201,0.72,1.0588,3,0.72,1.0588,28,0
IWM191011P146,2019-10-07,2019-10-07 09:37:23,0.73,1.0735,18,0.71,1.0441,728,0.72,1.0588,3,0.72,1.0588,28,0
IWM191011P146,2019-10-07,2019-10-07 09:37:23,0.73,1.0735,18,0.71,1.0441,588,0.72,1.0588,3,0.72,1.0588,28,0
IWM191011P146,2019-10-07,2019-10-07 09:37:24,0.73,1.0735,18,0.72,1.0588,2,0.72,1.0588,3,0.725,1.0661,28,0
IWM191011P146,2019-10-07,2019-10-07 09:37:24,0.73,1.0735,18,0.71,1.0441,637,0.72,1.0588,3,0.72,1.0588,28,0
IWM191011P146,2019-10-07,2019-10-07 09:37:25,0.73,1.0735,45,0.72,1.0588,1,0.72,1.0588,3,0.725,1.0661,28,0
IWM191011P146,2019-10-07,2019-10-07 09:37:25,0.73,1.0735,124,0.72,1.0588,1,0.72,1.0588,3,0.725,1.0661,28,0
IWM191011P146,2019-10-07,2019-10-07 09:37:26,0.73,1.0735,395,0.71,1.0441,411,0.72,1.0588,3,0.72,1.0588,28,0
IWM191011P146,2019-10-07,2019-10-07 09:37:26,0.73,1.0735,60,0.71,1.0441,590,0.72,1.0588,3,0.72,1.0588,28,0
IWM191011P146,2019-10-07,2019-10-07 09:37:27,0.72,1.0588,68,0.7,1.0294,401,0.72,1.0588,3,0.71,1.0441,28,0
IWM191011P146,2019-10-07,2019-10-07 09:37:27,0.72,1.0588,38,0.71,1.0441,489,0.72,1.0588,3,0.715,1.0514,28,0
IWM191011P146,2019-10-07,2019-10-07 09:37:28,0.72,1.0588,32,0.71,1.0441,23,0.72,1.0588,3,0.715,1.0514,28,0
IWM191011P146,2019-10-07,2019-10-07 09:37:28,0.72,1.0588,32,0.71,1.0441,55,0.72,1.0588,3,0.715,1.0514,28,0
IWM191011P146,2019-10-07,2019-10-07 09:37:29,0.72,1.0588,28,0.71,1.0441,166,0.72,1.0588,3,0.715,1.0514,28,0
IWM191011P146,2019-10-07,2019-10-07 09:37:29,0.72,1.0588,30,0.7,1.0294,545,0.72,1.0588,3,0.71,1.0441,28,0
IWM191011P146,2019-10-07,2019-10-07 09:37:30,0.72,1.0588,153,0.7,1.0294,125,0.72,1.0588,3,0.71,1.0441,28,0
IWM191011P146,2019-10-07,2019-10-07 09:37:30,0.72,1.0588,153,0.7,1.0294,199,0.72,1.0588,3,0.71,1.0441,28,0
IWM191011P146,2019-10-07,2019-10-07 09:37:31,0.72,1.0588,46,0.7,1.0294,539,0.72,1.0588,3,0.71,1.0441,28,0
IWM191011P146,2019-10-07,2019-10-07 09:37:31,0.72,1.0588,46,0.7,1.0294,379,0.72,1.0588,3,0.71,1.0441,28,0
IWM191011P146,2019-10-07,2019-10-07 09:37:32,0.72,1.0588,46,0.7,1.0294,539,0.72,1.0588,3,0.71,1.0441,28,0
IWM191011P146,2019-10-07,2019-10-07 09:37:32,0.72,1.0588,46,0.71,1.0441,2,0.72,1.0588,3,0.715,1.0514,28,0
IWM191011P146,2019-10-07,2019-10-07 09:37:33,0.72,1.0588,36,0.71,1.0441,47,0.72,1.0588,3,0.715,1.0514,28,0
IWM191011P146,2019-10-07,2019-10-07 09:37:33,0.72,1.0588,36,0.71,1.0441,144,0.72,1.0588,3,0.715,1.0514,28,0
IWM191011P146,2019-10-07,2019-10-07 09:37:34,0.73,1.0735,33,0.71,1.0441,597,0.72,1.0588,3,0.72,1.0588,28,0
IWM191011P146,2019-10-07,2019-10-07 09:37:35,0.73,1.0735,63,0.71,1.0441,446,0.72,1.0588,3,0.72,1.0588,28,0
IWM191011P146,2019-10-07,2019-10-07 09:37:35,0.73,1.0735,23,0.71,1.0441,558,0.72,1.0588,3,0.72,1.0588,28,0
IWM191011P146,2019-10-07,2019-10-07 09:37:36,0.73,1.0735,99,0.71,1.0441,588,0.72,1.0588,3,0.72,1.0588,28,0
IWM191011P146,2019-10-07,2019-10-07 09:37:36,0.73,1.0735,23,0.72,1.0588,106,0.72,1.0588,3,0.725,1.0661,28,0
IWM191011P146,2019-10-07,2019-10-07 09:37:37,0.73,1.0735,52,0.72,1.0588,125,0.72,1.0588,3,0.725,1.0661,28,0
IWM191011P146,2019-10-07,2019-10-07 09:37:37,0.73,1.0735,52,0.72,1.0588,133,0.72,1.0588,3,0.725,1.0661,28,0
IWM191011P146,2019-10-07,2019-10-07 09:37:38,0.73,1.0735,52,0.72,1.0588,122,0.72,1.0588,3,0.725,1.0661,28,0
IWM191011P146,2019-10-07,2019-10-07 09:37:39,0.73,1.0735,52,0.72,1.0588,102,0.72,1.0588,3,0.725,1.0661,28,0
IWM191011P146,2019-10-07,2019-10-07 09:37:39,0.73,1.0735,42,0.72,1.0588,20,0.72,1.0588,3,0.725,1.0661,28,0
IWM191011P146,2019-10-07,2019-10-07 09:37:40,0.73,1.0735,45,0.72,1.0588,42,0.72,1.0588,3,0.725,1.0661,28,0
IWM191011P146,2019-10-07,2019-10-07 09:37:40,0.73,1.0735,59,0.72,1.0588,20,0.72,1.0588,3,0.725,1.0661,28,0
IWM191011P146,2019-10-07,2019-10-07 09:37:41,0.73,1.0735,45,0.72,1.0588,20,0.72,1.0588,3,0.725,1.0661,28,0
IWM191011P146,2019-10-07,2019-10-07 09:37:42,0.73,1.0735,95,0.72,1.0588,20,0.72,1.0588,3,0.725,1.0661,28,0
IWM191011P146,2019-10-07,2019-10-07 09:37:42,0.73,1.0735,161,0.71,1.0441,462,0.72,1.0588,3,0.72,1.0588,28,0
IWM191011P146,2019-10-07,2019-10-07 09:37:43,0.73,1.0735,161,0.71,1.0441,684,0.72,1.0588,3,0.72,1.0588,28,0
IWM191011P146,2019-10-07,2019-10-07 09:37:43,0.73,1.0735,45,0.71,1.0441,684,0.72,1.0588,3,0.72,1.0588,28,0
IWM191011P146,2019-10-07,2019-10-07 09:37:44,0.73,1.0735,45,0.72,1.0588,103,0.72,1.0588,3,0.725,1.0661,28,0
IWM191011P146,2019-10-07,2019-10-07 09:37:44,0.73,1.0735,45,0.72,1.0588,69,0.72,1.0588,3,0.725,1.0661,28,0
IWM191011P146,2019-10-07,2019-10-07 09:37:45,0.73,1.0735,45,0.72,1.0588,97,0.72,1.0588,3,0.725,1.0661,28,0
IWM191011P146,2019-10-07,2019-10-07 09:37:45,0.73,1.0735,45,0.72,1.0588,27,0.72,1.0588,3,0.725,1.0661,28,0
IWM191011P146,2019-10-07,2019-10-07 09:37:46,0.73,1.0735,183,0.72,1.0588,86,0.72,1.0588,3,0.725,1.0661,28,0
IWM191011P146,2019-10-07,2019-10-07 09:37:46,0.73,1.0735,66,0.71,1.0441,853,0.72,1.0588,3,0.72,1.0588,28,0
IWM191011P146,2019-10-07,2019-10-07 09:37:47,0.73,1.0735,52,0.72,1.0588,85,0.72,1.0588,3,0.725,1.0661,28,0
IWM191011P146,2019-10-07,2019-10-07 09:37:47,0.73,1.0735,52,0.71,1.0441,794,0.72,1.0588,3,0.72,1.0588,28,0
IWM191011P146,2019-10-07,2019-10-07 09:37:48,0.73,1.0735,52,0.72,1.0588,85,0.72,1.0588,3,0.725,1.0661,28,0
IWM191011P146,2019-10-07,2019-10-07 09:37:48,0.73,1.0735,44,0.72,1.0588,101,0.72,1.0588,3,0.725,1.0661,28,0
IWM191011P146,2019-10-07,2019-10-07 09:37:49,0.73,1.0735,54,0.72,1.0588,101,0.72,1.0588,3,0.725,1.0661,28,0
IWM191011P146,2019-10-07,2019-10-07 09:37:50,0.73,1.0735,52,0.72,1.0588,198,0.72,1.0588,3,0.725,1.0661,28,0
IWM191011P146,2019-10-07,2019-10-07 09:37:50,0.73,1.0735,60,0.72,1.0588,276,0.72,1.0588,3,0.725,1.0661,28,0
IWM191011P146,2019-10-07,2019-10-07 09:37:51,0.73,1.0735,52,0.72,1.0588,198,0.72,1.0588,3,0.725,1.0661,28,0
IWM191011P146,2019-10-07,2019-10-07 09:37:52,0.73,1.0735,52,0.72,1.0588,198,0.72,1.0588,3,0.725,1.0661,28,0
IWM191011P146,2019-10-07,2019-10-07 09:37:52,0.73,1.0735,58,0.72,1.0588,134,0.72,1.0588,3,0.725,1.0661,28,0
IWM191011P146,2019-10-07,2019-10-07 09:37:53,0.73,1.0735,58,0.72,1.0588,115,0.72,1.0588,3,0.725,1.0661,28,0
IWM191011P146,2019-10-07,2019-10-07 09:37:54,0.73,1.0735,58,0.72,1.0588,80,0.72,1.0588,3,0.725,1.0661,28,0
IWM191011P146,2019-10-07,2019-10-07 09:37:55,0.73,1.0735,58,0.72,1.0588,70,0.72,1.0588,3,0.725,1.0661,28,0
IWM191011P146,2019-10-07,2019-10-07 09:37:55,0.73,1.0735,44,0.72,1.0588,70,0.72,1.0588,3,0.725,1.0661,28,0
IWM191011P146,2019-10-07,2019-10-07 09:37:56,0.73,1.0735,126,0.72,1.0588,44,0.72,1.0588,3,0.725,1.0661,28,0
IWM191011P146,2019-10-07,2019-10-07 09:37:56,0.73,1.0735,135,0.72,1.0588,24,0.72,1.0588,3,0.725,1.0661,28,0
IWM191011P146,2019-10-07,2019-10-07 09:37:57,0.73,1.0735,129,0.72,1.0588,24,0.72,1.0588,3,0.725,1.0661,28,0
IWM191011P146,2019-10-07,2019-10-07 09:37:57,0.73,1.0735,208,0.72,1.0588,24,0.72,1.0588,3,0.725,1.0661,28,0
IWM191011P146,2019-10-07,2019-10-07 09:37:58,0.73,1.0735,327,0.72,1.0588,79,0.72,1.0588,3,0.725,1.0661,28,0
IWM191011P146,2019-10-07,2019-10-07 09:37:58,0.73,1.0735,53,0.72,1.0588,185,0.72,1.0588,3,0.725,1.0661,28,0
IWM191011P146,2019-10-07,2019-10-07 09:37:59,0.73,1.0735,44,0.72,1.0588,294,0.72,1.0588,3,0.725,1.0661,28,0
IWM191011P146,2019-10-07,2019-10-07 09:37:59,0.73,1.0735,53,0.72,1.0588,294,0.72,1.0588,3,0.725,1.0661,28,0
IWM191011P146,2019-10-07,2019-10-07 09:38:00,0.73,1.0735,53,0.72,1.0588,294,0.72,1.0588,3,0.725,1.0661,28,0
IWM191011P146,2019-10-07,2019-10-07 09:38:00,0.74,1.0882,116,0.72,1.0588,180,0.72,1.0588,3,0.73,1.0735,28,0
IWM191011P146,2019-10-07,2019-10-07 09:38:01,0.74,1.0882,199,0.72,1.0588,256,0.72,1.0588,3,0.73,1.0735,28,0
IWM191011P146,2019-10-07,2019-10-07 09:38:01,0.74,1.0882,218,0.72,1.0588,256,0.72,1.0588,3,0.73,1.0735,28,0
IWM191011P146,2019-10-07,2019-10-07 09:38:02,0.75,1.1029,133,0.73,1.0735,263,0.72,1.0588,3,0.74,1.0882,28,0
IWM191011P146,2019-10-07,2019-10-07 09:38:02,0.75,1.1029,133,0.73,1.0735,67,0.72,1.0588,3,0.74,1.0882,28,0
IWM191011P146,2019-10-07,2019-10-07 09:38:03,0.74,1.0882,38,0.73,1.0735,263,0.72,1.0588,3,0.735,1.0808,28,0
IWM191011P146,2019-10-07,2019-10-07 09:38:04,0.74,1.0882,38,0.73,1.0735,395,0.72,1.0588,3,0.735,1.0808,28,0
IWM191011P146,2019-10-07,2019-10-07 09:38:04,0.74,1.0882,79,0.73,1.0735,395,0.72,1.0588,3,0.735,1.0808,28,0
IWM191011P146,2019-10-07,2019-10-07 09:38:05,0.74,1.0882,125,0.72,1.0588,130,0.74,1.0882,10,0.73,1.0735,38,10
IWM191011P146,2019-10-07,2019-10-07 09:38:05,0.74,1.0882,71,0.73,1.0735,24,0.72,1.0588,3,0.735,1.0808,28,0
IWM191011P146,2019-10-07,2019-10-07 09:38:06,0.74,1.0882,140,0.72,1.0588,399,0.74,1.0882,10,0.73,1.0735,38,0
IWM191011P146,2019-10-07,2019-10-07 09:38:07,0.74,1.0882,153,0.72,1.0588,409,0.74,1.0882,10,0.73,1.0735,38,0
IWM191011P146,2019-10-07,2019-10-07 09:38:08,0.74,1.0882,103,0.72,1.0588,433,0.74,1.0882,10,0.73,1.0735,38,0
IWM191011P146,2019-10-07,2019-10-07 09:38:08,0.74,1.0882,68,0.73,1.0735,167,0.74,1.0882,10,0.735,1.0808,38,0
IWM191011P146,2019-10-07,2019-10-07 09:38:09,0.74,1.0882,68,0.73,1.0735,167,0.74,1.0882,10,0.735,1.0808,38,0
IWM191011P146,2019-10-07,2019-10-07 09:38:09,0.74,1.0882,68,0.73,1.0735,310,0.74,1.0882,10,0.735,1.0808,38,0
IWM191011P146,2019-10-07,2019-10-07 09:38:10,0.75,1.1029,131,0.73,1.0735,530,0.74,1.0882,10,0.74,1.0882,38,0
IWM191011P146,2019-10-07,2019-10-07 09:38:10,0.75,1.1029,111,0.73,1.0735,530,0.74,1.0882,10,0.74,1.0882,38,0
IWM191011P146,2019-10-07,2019-10-07 09:38:11,0.75,1.1029,36,0.74,1.0882,259,0.74,1.0882,10,0.745,1.0955,38,0
IWM191011P146,2019-10-07,2019-10-07 09:38:12,0.75,1.1029,36,0.74,1.0882,344,0.74,1.0882,10,0.745,1.0955,38,0
IWM191011P146,2019-10-07,2019-10-07 09:38:13,0.75,1.1029,36,0.74,1.0882,338,0.74,1.0882,5,0.745,1.0955,43,5
IWM191011P146,2019-10-07,2019-10-07 09:38:13,0.75,1.1029,36,0.74,1.0882,239,0.74,1.0882,10,0.745,1.0955,38,0
IWM191011P146,2019-10-07,2019-10-07 09:38:14,0.75,1.1029,36,0.74,1.0882,338,0.74,1.0882,5,0.745,1.0955,43,0
IWM191011P146,2019-10-07,2019-10-07 09:38:14,0.75,1.1029,20,0.74,1.0882,421,0.74,1.0882,5,0.745,1.0955,43,0
IWM191011P146,2019-10-07,2019-10-07 09:38:15,0.75,1.1029,26,0.74,1.0882,175,0.74,1.0882,5,0.745,1.0955,43,0
IWM191011P146,2019-10-07,2019-10-07 09:38:15,0.75,1.1029,26,0.74,1.0882,482,0.74,1.0882,5,0.745,1.0955,43,0
IWM191011P146,2019-10-07,2019-10-07 09:38:16,0.75,1.1029,26,0.74,1.0882,175,0.74,1.0882,5,0.745,1.0955,43,0
IWM191011P146,2019-10-07,2019-10-07 09:38:16,0.75,1.1029,26,0.74,1.0882,191,0.74,1.0882,5,0.745,1.0955,43,0
IWM191011P146,2019-10-07,2019-10-07 09:38:17,0.75,1.1029,26,0.74,1.0882,248,0.74,1.0882,5,0.745,1.0955,43,0
IWM191011P146,2019-10-07,2019-10-07 09:38:18,0.75,1.1029,26,0.74,1.0882,316,0.74,1.0882,5,0.745,1.0955,43,0
IWM191011P146,2019-10-07,2019-10-07 09:38:19,0.75,1.1029,26,0.74,1.0882,24,0.74,1.0882,5,0.745,1.0955,43,0
IWM191011P146,2019-10-07,2019-10-07 09:38:20,0.75,1.1029,67,0.74,1.0882,44,0.74,1.0882,5,0.745,1.0955,43,0
IWM191011P146,2019-10-07,2019-10-07 09:38:20,0.75,1.1029,26,0.74,1.0882,44,0.74,1.0882,5,0.745,1.0955,43,0
IWM191011P146,2019-10-07,2019-10-07 09:38:21,0.75,1.1029,67,0.74,1.0882,10,0.74,1.0882,5,0.745,1.0955,43,0
IWM191011P146,2019-10-07,2019-10-07 09:38:21,0.75,1.1029,305,0.74,1.0882,19,0.74,1.0882,5,0.745,1.0955,43,0
IWM191011P146,2019-10-07,2019-10-07 09:38:22,0.75,1.1029,281,0.73,1.0735,264,0.74,1.0882,5,0.74,1.0882,43,0
IWM191011P146,2019-10-07,2019-10-07 09:38:22,0.75,1.1029,265,0.73,1.0735,252,0.74,1.0882,5,0.74,1.0882,43,0
IWM191011P146,2019-10-07,2019-10-07 09:38:23,0.75,1.1029,194,0.73,1.0735,550,0.74,1.0882,5,0.74,1.0882,43,0
IWM191011P146,2019-10-07,2019-10-07 09:38:24,0.75,1.1029,217,0.73,1.0735,450,0.74,1.0882,5,0.74,1.0882,43,0
IWM191011P146,2019-10-07,2019-10-07 09:38:24,0.75,1.1029,194,0.73,1.0735,450,0.74,1.0882,5,0.74,1.0882,43,0
IWM191011P146,2019-10-07,2019-10-07 09:38:25,0.75,1.1029,318,0.73,1.0735,161,0.74,1.0882,5,0.74,1.0882,43,0
IWM191011P146,2019-10-07,2019-10-07 09:38:25,0.75,1.1029,217,0.73,1.0735,450,0.74,1.0882,5,0.74,1.0882,43,0
IWM191011P146,2019-10-07,2019-10-07 09:38:26,0.75,1.1029,288,0.73,1.0735,245,0.74,1.0882,5,0.74,1.0882,43,0
IWM191011P146,2019-10-07,2019-10-07 09:38:26,0.75,1.1029,108,0.73,1.0735,345,0.74,1.0882,5,0.74,1.0882,43,0
IWM191011P146,2019-10-07,2019-10-07 09:38:27,0.75,1.1029,108,0.73,1.0735,345,0.74,1.0882,5,0.74,1.0882,43,0
IWM191011P146,2019-10-07,2019-10-07 09:38:28,0.75,1.1029,137,0.73,1.0735,554,0.74,1.0882,5,0.74,1.0882,43,0
IWM191011P146,2019-10-07,2019-10-07 09:38:28,0.75,1.1029,84,0.73,1.0735,580,0.74,1.0882,5,0.74,1.0882,43,0
IWM191011P146,2019-10-07,2019-10-07 09:38:29,0.75,1.1029,84,0.73,1.0735,576,0.74,1.0882,5,0.74,1.0882,43,0
IWM191011P146,2019-10-07,2019-10-07 09:38:29,0.75,1.1029,84,0.73,1.0735,379,0.74,1.0882,5,0.74,1.0882,43,0
IWM191011P146,2019-10-07,2019-10-07 09:38:30,0.75,1.1029,84,0.73,1.0735,707,0.74,1.0882,5,0.74,1.0882,43,0
IWM191011P146,2019-10-07,2019-10-07 09:38:30,0.75,1.1029,84,0.73,1.0735,576,0.74,1.0882,5,0.74,1.0882,43,0
IWM191011P146,2019-10-07,2019-10-07 09:38:31,0.75,1.1029,84,0.73,1.0735,682,0.74,1.0882,5,0.74,1.0882,43,0
IWM191011P146,2019-10-07,2019-10-07 09:38:31,0.75,1.1029,95,0.74,1.0882,49,0.74,1.0882,5,0.745,1.0955,43,0
IWM191011P146,2019-10-07,2019-10-07 09:38:32,0.75,1.1029,64,0.74,1.0882,246,0.74,1.0882,5,0.745,1.0955,43,0
IWM191011P146,2019-10-07,2019-10-07 09:38:32,0.75,1.1029,64,0.74,1.0882,547,0.74,1.0882,5,0.745,1.0955,43,0
IWM191011P146,2019-10-07,2019-10-07 09:38:33,0.76,1.1176,86,0.75,1.1029,45,0.74,1.0882,5,0.755,1.1102,43,0
IWM191011P146,2019-10-07,2019-10-07 09:38:33,0.76,1.1176,24,0.75,1.1029,203,0.74,1.0882,5,0.755,1.1102,43,0
IWM191011P146,2019-10-07,2019-10-07 09:38:34,0.77,1.1323,46,0.75,1.1029,393,0.74,1.0882,5,0.76,1.1176,43,0
IWM191011P146,2019-10-07,2019-10-07 09:38:34,0.77,1.1323,133,0.75,1.1029,578,0.74,1.0882,5,0.76,1.1176,43,0
IWM191011P146,2019-10-07,2019-10-07 09:38:35,0.77,1.1323,30,0.76,1.1176,44,0.74,1.0882,5,0.765,1.125,43,0
IWM191011P146,2019-10-07,2019-10-07 09:38:35,0.77,1.1323,192,0.75,1.1029,510,0.74,1.0882,5,0.76,1.1176,43,0
IWM191011P146,2019-10-07,2019-10-07 09:38:36,0.77,1.1323,14,0.76,1.1176,425,0.74,1.0882,5,0.765,1.125,43,0
IWM191011P146,2019-10-07,2019-10-07 09:38:36,0.77,1.1323,14,0.76,1.1176,138,0.74,1.0882,5,0.765,1.125,43,0
IWM191011P146,2019-10-07,2019-10-07 09:38:37,0.78,1.147,325,0.76,1.1176,189,0.74,1.0882,5,0.77,1.1323,43,0
IWM191011P146,2019-10-07,2019-10-07 09:38:37,0.78,1.147,332,0.76,1.1176,358,0.74,1.0882,5,0.77,1.1323,43,0
IWM191011P146,2019-10-07,2019-10-07 09:38:38,0.78,1.147,211,0.76,1.1176,358,0.74,1.0882,5,0.77,1.1323,43,0
