symbol,Date,quote_time,ask_price,norm_ask_price,ask_size,bid_price,norm_bid_price,bid_size,last_trade_price,norm_last_trade_price,last_trade_size,mark_price,norm_mark_price,volume,Volume
SPY190717P299,2019-07-16,2019-07-16 09:34:31,0.19,1.0,1450,0.18,0.9473,996,0.18,0.9473,14,0.185,0.9736,1480,1480
SPY190717P299,2019-07-16,2019-07-16 09:34:39,0.19,1.0,2709,0.18,0.9473,198,0.18,0.9473,14,0.185,0.9736,1480,0
SPY190717P299,2019-07-16,2019-07-16 09:34:40,0.18,0.9473,5,0.17,0.8947,2846,0.18,0.9473,14,0.175,0.921,1480,0
SPY190717P299,2019-07-16,2019-07-16 09:34:41,0.18,0.9473,237,0.17,0.8947,2800,0.18,0.9473,14,0.175,0.921,1480,0
SPY190717P299,2019-07-16,2019-07-16 09:34:41,0.18,0.9473,212,0.17,0.8947,2912,0.18,0.9473,14,0.175,0.921,1480,0
SPY190717P299,2019-07-16,2019-07-16 09:34:42,0.18,0.9473,5,0.17,0.8947,3371,0.18,0.9473,14,0.175,0.921,1480,0
SPY190717P299,2019-07-16,2019-07-16 09:34:43,0.18,0.9473,118,0.17,0.8947,2201,0.18,0.9473,14,0.175,0.921,1480,0
SPY190717P299,2019-07-16,2019-07-16 09:34:43,0.18,0.9473,469,0.17,0.8947,1045,0.18,0.9473,14,0.175,0.921,1480,0
SPY190717P299,2019-07-16,2019-07-16 09:34:44,0.18,0.9473,628,0.17,0.8947,1508,0.18,0.9473,14,0.175,0.921,1480,0
SPY190717P299,2019-07-16,2019-07-16 09:34:45,0.18,0.9473,2267,0.17,0.8947,53,0.18,0.9473,14,0.175,0.921,1480,0
SPY190717P299,2019-07-16,2019-07-16 09:34:45,0.18,0.9473,644,0.17,0.8947,1564,0.18,0.9473,14,0.175,0.921,1480,0
SPY190717P299,2019-07-16,2019-07-16 09:34:46,0.18,0.9473,1184,0.17,0.8947,53,0.18,0.9473,14,0.175,0.921,1480,0
SPY190717P299,2019-07-16,2019-07-16 09:34:47,0.18,0.9473,2427,0.17,0.8947,449,0.18,0.9473,14,0.175,0.921,1480,0
SPY190717P299,2019-07-16,2019-07-16 09:34:47,0.18,0.9473,2468,0.17,0.8947,53,0.18,0.9473,14,0.175,0.921,1480,0
SPY190717P299,2019-07-16,2019-07-16 09:34:48,0.18,0.9473,2427,0.17,0.8947,449,0.18,0.9473,14,0.175,0.921,1480,0
SPY190717P299,2019-07-16,2019-07-16 09:34:49,0.18,0.9473,2427,0.17,0.8947,339,0.18,0.9473,14,0.175,0.921,1480,0
SPY190717P299,2019-07-16,2019-07-16 09:34:50,0.18,0.9473,2742,0.17,0.8947,339,0.18,0.9473,14,0.175,0.921,1480,0
SPY190717P299,2019-07-16,2019-07-16 09:34:50,0.18,0.9473,2465,0.17,0.8947,339,0.18,0.9473,14,0.175,0.921,1480,0
SPY190717P299,2019-07-16,2019-07-16 09:34:51,0.18,0.9473,2465,0.17,0.8947,339,0.18,0.9473,14,0.175,0.921,1480,0
SPY190717P299,2019-07-16,2019-07-16 09:34:51,0.18,0.9473,2571,0.17,0.8947,339,0.18,0.9473,14,0.175,0.921,1480,0
SPY190717P299,2019-07-16,2019-07-16 09:34:52,0.18,0.9473,2465,0.17,0.8947,339,0.18,0.9473,14,0.175,0.921,1480,0
SPY190717P299,2019-07-16,2019-07-16 09:34:53,0.18,0.9473,1974,0.17,0.8947,671,0.18,0.9473,14,0.175,0.921,1480,0
SPY190717P299,2019-07-16,2019-07-16 09:34:53,0.18,0.9473,2465,0.17,0.8947,98,0.18,0.9473,14,0.175,0.921,1480,0
SPY190717P299,2019-07-16,2019-07-16 09:34:54,0.18,0.9473,1944,0.17,0.8947,1468,0.18,0.9473,14,0.175,0.921,1480,0
SPY190717P299,2019-07-16,2019-07-16 09:34:55,0.18,0.9473,2241,0.17,0.8947,1168,0.18,0.9473,14,0.175,0.921,1480,0
SPY190717P299,2019-07-16,2019-07-16 09:34:55,0.18,0.9473,2241,0.17,0.8947,1214,0.18,0.9473,14,0.175,0.921,1480,0
SPY190717P299,2019-07-16,2019-07-16 09:34:56,0.18,0.9473,2241,0.17,0.8947,876,0.17,0.8947,1,0.175,0.921,1481,1
SPY190717P299,2019-07-16,2019-07-16 09:34:56,0.18,0.9473,2411,0.17,0.8947,586,0.17,0.8947,1,0.175,0.921,1481,0
SPY190717P299,2019-07-16,2019-07-16 09:34:57,0.18,0.9473,2411,0.17,0.8947,586,0.17,0.8947,1,0.175,0.921,1481,0
SPY190717P299,2019-07-16,2019-07-16 09:34:58,0.18,0.9473,2263,0.17,0.8947,625,0.17,0.8947,1,0.175,0.921,1481,0
SPY190717P299,2019-07-16,2019-07-16 09:34:58,0.18,0.9473,2055,0.17,0.8947,586,0.17,0.8947,1,0.175,0.921,1481,0
SPY190717P299,2019-07-16,2019-07-16 09:34:59,0.18,0.9473,2252,0.17,0.8947,752,0.17,0.8947,1,0.175,0.921,1481,0
SPY190717P299,2019-07-16,2019-07-16 09:34:59,0.18,0.9473,2263,0.17,0.8947,752,0.17,0.8947,1,0.175,0.921,1481,0
SPY190717P299,2019-07-16,2019-07-16 09:35:00,0.18,0.9473,1379,0.17,0.8947,643,0.17,0.8947,1,0.175,0.921,1481,0
SPY190717P299,2019-07-16,2019-07-16 09:35:00,0.18,0.9473,2428,0.17,0.8947,712,0.17,0.8947,1,0.175,0.921,1481,0
SPY190717P299,2019-07-16,2019-07-16 09:35:01,0.18,0.9473,1447,0.17,0.8947,1512,0.17,0.8947,20,0.175,0.921,1501,20
SPY190717P299,2019-07-16,2019-07-16 09:35:02,0.18,0.9473,2405,0.17,0.8947,1535,0.17,0.8947,20,0.175,0.921,1501,0
SPY190717P299,2019-07-16,2019-07-16 09:35:03,0.18,0.9473,1643,0.17,0.8947,274,0.17,0.8947,20,0.175,0.921,1501,0
SPY190717P299,2019-07-16,2019-07-16 09:35:04,0.18,0.9473,2739,0.17,0.8947,313,0.17,0.8947,20,0.175,0.921,1501,0
SPY190717P299,2019-07-16,2019-07-16 09:35:04,0.18,0.9473,2787,0.17,0.8947,274,0.17,0.8947,20,0.175,0.921,1501,0
SPY190717P299,2019-07-16,2019-07-16 09:35:05,0.18,0.9473,2843,0.17,0.8947,313,0.17,0.8947,20,0.175,0.921,1501,0
SPY190717P299,2019-07-16,2019-07-16 09:35:06,0.18,0.9473,2745,0.17,0.8947,222,0.17,0.8947,20,0.175,0.921,1501,0
SPY190717P299,2019-07-16,2019-07-16 09:35:06,0.18,0.9473,2699,0.17,0.8947,263,0.17,0.8947,20,0.175,0.921,1501,0
SPY190717P299,2019-07-16,2019-07-16 09:35:07,0.18,0.9473,2699,0.17,0.8947,373,0.17,0.8947,20,0.175,0.921,1501,0
SPY190717P299,2019-07-16,2019-07-16 09:35:08,0.18,0.9473,2633,0.17,0.8947,373,0.17,0.8947,20,0.175,0.921,1501,0
SPY190717P299,2019-07-16,2019-07-16 09:35:08,0.18,0.9473,2890,0.17,0.8947,373,0.17,0.8947,20,0.175,0.921,1501,0
SPY190717P299,2019-07-16,2019-07-16 09:35:09,0.17,0.8947,919,0.16,0.8421,2806,0.17,0.8947,20,0.165,0.8684,1501,0
SPY190717P299,2019-07-16,2019-07-16 09:35:09,0.17,0.8947,159,0.16,0.8421,2854,0.17,0.8947,20,0.165,0.8684,1501,0
SPY190717P299,2019-07-16,2019-07-16 09:35:10,0.17,0.8947,1029,0.16,0.8421,2806,0.17,0.8947,20,0.165,0.8684,1501,0
SPY190717P299,2019-07-16,2019-07-16 09:35:10,0.17,0.8947,1029,0.16,0.8421,2540,0.17,0.8947,20,0.165,0.8684,1501,0
SPY190717P299,2019-07-16,2019-07-16 09:35:11,0.17,0.8947,1062,0.16,0.8421,2126,0.17,0.8947,20,0.165,0.8684,1501,0
SPY190717P299,2019-07-16,2019-07-16 09:35:11,0.17,0.8947,1062,0.16,0.8421,2526,0.17,0.8947,20,0.165,0.8684,1501,0
SPY190717P299,2019-07-16,2019-07-16 09:35:12,0.17,0.8947,1062,0.16,0.8421,2521,0.17,0.8947,20,0.165,0.8684,1501,0
SPY190717P299,2019-07-16,2019-07-16 09:35:13,0.17,0.8947,1062,0.16,0.8421,2521,0.17,0.8947,20,0.165,0.8684,1501,0
SPY190717P299,2019-07-16,2019-07-16 09:35:13,0.17,0.8947,2360,0.16,0.8421,933,0.17,0.8947,20,0.165,0.8684,1501,0
SPY190717P299,2019-07-16,2019-07-16 09:35:14,0.17,0.8947,1004,0.16,0.8421,865,0.17,0.8947,20,0.165,0.8684,1501,0
SPY190717P299,2019-07-16,2019-07-16 09:35:14,0.17,0.8947,1746,0.16,0.8421,1478,0.17,0.8947,20,0.165,0.8684,1501,0
SPY190717P299,2019-07-16,2019-07-16 09:35:15,0.17,0.8947,2700,0.16,0.8421,1478,0.17,0.8947,20,0.165,0.8684,1501,0
SPY190717P299,2019-07-16,2019-07-16 09:35:16,0.17,0.8947,2700,0.16,0.8421,529,0.17,0.8947,20,0.165,0.8684,1501,0
SPY190717P299,2019-07-16,2019-07-16 09:35:16,0.17,0.8947,1608,0.16,0.8421,755,0.17,0.8947,20,0.165,0.8684,1501,0
SPY190717P299,2019-07-16,2019-07-16 09:35:17,0.17,0.8947,1885,0.16,0.8421,755,0.17,0.8947,20,0.165,0.8684,1501,0
SPY190717P299,2019-07-16,2019-07-16 09:35:17,0.17,0.8947,1583,0.16,0.8421,513,0.17,0.8947,20,0.165,0.8684,1501,0
SPY190717P299,2019-07-16,2019-07-16 09:35:18,0.17,0.8947,1583,0.16,0.8421,550,0.17,0.8947,20,0.165,0.8684,1501,0
SPY190717P299,2019-07-16,2019-07-16 09:35:19,0.17,0.8947,1583,0.16,0.8421,455,0.17,0.8947,20,0.165,0.8684,1501,0
SPY190717P299,2019-07-16,2019-07-16 09:35:20,0.17,0.8947,2316,0.16,0.8421,455,0.16,0.8421,3,0.165,0.8684,1504,3
SPY190717P299,2019-07-16,2019-07-16 09:35:20,0.17,0.8947,2856,0.16,0.8421,521,0.16,0.8421,3,0.165,0.8684,1504,0
SPY190717P299,2019-07-16,2019-07-16 09:35:21,0.17,0.8947,2637,0.16,0.8421,521,0.16,0.8421,3,0.165,0.8684,1504,0
SPY190717P299,2019-07-16,2019-07-16 09:35:22,0.17,0.8947,2050,0.16,0.8421,148,0.16,0.8421,3,0.165,0.8684,1504,0
SPY190717P299,2019-07-16,2019-07-16 09:35:22,0.17,0.8947,2221,0.16,0.8421,521,0.16,0.8421,3,0.165,0.8684,1504,0
SPY190717P299,2019-07-16,2019-07-16 09:35:23,0.17,0.8947,1382,0.16,0.8421,148,0.16,0.8421,3,0.165,0.8684,1504,0
SPY190717P299,2019-07-16,2019-07-16 09:35:24,0.17,0.8947,2573,0.16,0.8421,148,0.16,0.8421,3,0.165,0.8684,1504,0
SPY190717P299,2019-07-16,2019-07-16 09:35:24,0.17,0.8947,2571,0.16,0.8421,148,0.16,0.8421,3,0.165,0.8684,1504,0
SPY190717P299,2019-07-16,2019-07-16 09:35:25,0.17,0.8947,2750,0.16,0.8421,719,0.16,0.8421,3,0.165,0.8684,1504,0
SPY190717P299,2019-07-16,2019-07-16 09:35:25,0.17,0.8947,2334,0.16,0.8421,805,0.16,0.8421,3,0.165,0.8684,1504,0
SPY190717P299,2019-07-16,2019-07-16 09:35:27,0.17,0.8947,1506,0.16,0.8421,887,0.16,0.8421,3,0.165,0.8684,1504,0
SPY190717P299,2019-07-16,2019-07-16 09:35:27,0.17,0.8947,2317,0.16,0.8421,1559,0.16,0.8421,3,0.165,0.8684,1504,0
SPY190717P299,2019-07-16,2019-07-16 09:35:28,0.17,0.8947,904,0.16,0.8421,322,0.16,0.8421,3,0.165,0.8684,1504,0
SPY190717P299,2019-07-16,2019-07-16 09:35:29,0.17,0.8947,1356,0.16,0.8421,737,0.16,0.8421,3,0.165,0.8684,1504,0
SPY190717P299,2019-07-16,2019-07-16 09:35:30,0.17,0.8947,1362,0.16,0.8421,763,0.17,0.8947,2,0.165,0.8684,1506,2
SPY190717P299,2019-07-16,2019-07-16 09:35:31,0.17,0.8947,1362,0.16,0.8421,1648,0.17,0.8947,2,0.165,0.8684,1506,0
SPY190717P299,2019-07-16,2019-07-16 09:35:31,0.17,0.8947,1362,0.16,0.8421,2429,0.17,0.8947,2,0.165,0.8684,1506,0
SPY190717P299,2019-07-16,2019-07-16 09:35:32,0.17,0.8947,1148,0.16,0.8421,2465,0.17,0.8947,2,0.165,0.8684,1506,0
SPY190717P299,2019-07-16,2019-07-16 09:35:33,0.17,0.8947,2646,0.16,0.8421,1581,0.17,0.8947,2,0.165,0.8684,1506,0
SPY190717P299,2019-07-16,2019-07-16 09:35:34,0.17,0.8947,2334,0.16,0.8421,1602,0.17,0.8947,2,0.165,0.8684,1506,0
SPY190717P299,2019-07-16,2019-07-16 09:35:35,0.17,0.8947,2953,0.16,0.8421,1602,0.17,0.8947,2,0.165,0.8684,1506,0
SPY190717P299,2019-07-16,2019-07-16 09:35:36,0.17,0.8947,2205,0.16,0.8421,1544,0.17,0.8947,2,0.165,0.8684,1506,0
SPY190717P299,2019-07-16,2019-07-16 09:35:37,0.17,0.8947,2315,0.16,0.8421,1441,0.17,0.8947,2,0.165,0.8684,1506,0
SPY190717P299,2019-07-16,2019-07-16 09:35:37,0.17,0.8947,2731,0.16,0.8421,1441,0.17,0.8947,2,0.165,0.8684,1506,0
SPY190717P299,2019-07-16,2019-07-16 09:35:38,0.17,0.8947,2192,0.16,0.8421,1522,0.17,0.8947,2,0.165,0.8684,1506,0
SPY190717P299,2019-07-16,2019-07-16 09:35:38,0.17,0.8947,2192,0.16,0.8421,1441,0.17,0.8947,2,0.165,0.8684,1506,0
SPY190717P299,2019-07-16,2019-07-16 09:35:39,0.17,0.8947,2192,0.16,0.8421,1522,0.17,0.8947,2,0.165,0.8684,1506,0
SPY190717P299,2019-07-16,2019-07-16 09:35:40,0.17,0.8947,2192,0.16,0.8421,1522,0.17,0.8947,2,0.165,0.8684,1506,0
SPY190717P299,2019-07-16,2019-07-16 09:35:40,0.17,0.8947,2648,0.16,0.8421,1441,0.17,0.8947,2,0.165,0.8684,1506,0
SPY190717P299,2019-07-16,2019-07-16 09:35:41,0.17,0.8947,2648,0.16,0.8421,1437,0.17,0.8947,2,0.165,0.8684,1506,0
SPY190717P299,2019-07-16,2019-07-16 09:35:41,0.17,0.8947,2232,0.16,0.8421,1437,0.17,0.8947,2,0.165,0.8684,1506,0
SPY190717P299,2019-07-16,2019-07-16 09:35:42,0.17,0.8947,1505,0.16,0.8421,572,0.17,0.8947,2,0.165,0.8684,1506,0
SPY190717P299,2019-07-16,2019-07-16 09:35:42,0.17,0.8947,1388,0.16,0.8421,582,0.17,0.8947,2,0.165,0.8684,1506,0
SPY190717P299,2019-07-16,2019-07-16 09:35:43,0.17,0.8947,1921,0.16,0.8421,572,0.17,0.8947,2,0.165,0.8684,1506,0
SPY190717P299,2019-07-16,2019-07-16 09:35:43,0.17,0.8947,1921,0.16,0.8421,971,0.17,0.8947,2,0.165,0.8684,1506,0
SPY190717P299,2019-07-16,2019-07-16 09:35:44,0.17,0.8947,1505,0.16,0.8421,1901,0.17,0.8947,2,0.165,0.8684,1506,0
SPY190717P299,2019-07-16,2019-07-16 09:35:45,0.17,0.8947,1252,0.16,0.8421,1852,0.17,0.8947,2,0.165,0.8684,1506,0
SPY190717P299,2019-07-16,2019-07-16 09:35:45,0.17,0.8947,1359,0.16,0.8421,935,0.17,0.8947,2,0.165,0.8684,1506,0
SPY190717P299,2019-07-16,2019-07-16 09:35:46,0.17,0.8947,1359,0.16,0.8421,1383,0.17,0.8947,2,0.165,0.8684,1506,0
SPY190717P299,2019-07-16,2019-07-16 09:35:47,0.17,0.8947,2274,0.16,0.8421,512,0.17,0.8947,2,0.165,0.8684,1506,0
SPY190717P299,2019-07-16,2019-07-16 09:35:47,0.17,0.8947,1775,0.16,0.8421,895,0.17,0.8947,2,0.165,0.8684,1506,0
SPY190717P299,2019-07-16,2019-07-16 09:35:48,0.17,0.8947,2239,0.16,0.8421,526,0.17,0.8947,2,0.165,0.8684,1506,0
SPY190717P299,2019-07-16,2019-07-16 09:35:49,0.17,0.8947,1645,0.16,0.8421,512,0.17,0.8947,2,0.165,0.8684,1506,0
SPY190717P299,2019-07-16,2019-07-16 09:35:49,0.17,0.8947,2646,0.16,0.8421,473,0.16,0.8421,1,0.165,0.8684,1507,1
SPY190717P299,2019-07-16,2019-07-16 09:35:50,0.17,0.8947,2230,0.16,0.8421,473,0.16,0.8421,1,0.165,0.8684,1507,0
SPY190717P299,2019-07-16,2019-07-16 09:35:51,0.17,0.8947,1421,0.16,0.8421,710,0.16,0.8421,1,0.165,0.8684,1507,0
SPY190717P299,2019-07-16,2019-07-16 09:35:51,0.17,0.8947,2369,0.16,0.8421,580,0.16,0.8421,1,0.165,0.8684,1507,0
SPY190717P299,2019-07-16,2019-07-16 09:35:52,0.17,0.8947,1385,0.16,0.8421,315,0.16,0.8421,1,0.165,0.8684,1507,0
SPY190717P299,2019-07-16,2019-07-16 09:35:52,0.17,0.8947,1711,0.16,0.8421,676,0.16,0.8421,1,0.165,0.8684,1507,0
SPY190717P299,2019-07-16,2019-07-16 09:35:53,0.17,0.8947,3601,0.16,0.8421,271,0.16,0.8421,1,0.165,0.8684,1507,0
SPY190717P299,2019-07-16,2019-07-16 09:35:54,0.17,0.8947,3516,0.16,0.8421,271,0.16,0.8421,1,0.165,0.8684,1507,0
SPY190717P299,2019-07-16,2019-07-16 09:35:54,0.17,0.8947,3612,0.16,0.8421,271,0.16,0.8421,1,0.165,0.8684,1507,0
SPY190717P299,2019-07-16,2019-07-16 09:35:55,0.17,0.8947,3487,0.16,0.8421,271,0.16,0.8421,1,0.165,0.8684,1507,0
SPY190717P299,2019-07-16,2019-07-16 09:35:55,0.17,0.8947,2468,0.16,0.8421,271,0.16,0.8421,1,0.165,0.8684,1507,0
SPY190717P299,2019-07-16,2019-07-16 09:35:56,0.17,0.8947,1493,0.16,0.8421,541,0.16,0.8421,1,0.165,0.8684,1507,0
SPY190717P299,2019-07-16,2019-07-16 09:35:57,0.17,0.8947,2158,0.16,0.8421,282,0.16,0.8421,1,0.165,0.8684,1507,0
SPY190717P299,2019-07-16,2019-07-16 09:35:57,0.17,0.8947,2382,0.16,0.8421,541,0.16,0.8421,1,0.165,0.8684,1507,0
SPY190717P299,2019-07-16,2019-07-16 09:35:58,0.17,0.8947,2158,0.16,0.8421,321,0.16,0.8421,1,0.165,0.8684,1507,0
SPY190717P299,2019-07-16,2019-07-16 09:35:58,0.17,0.8947,2158,0.16,0.8421,272,0.16,0.8421,1,0.165,0.8684,1507,0
SPY190717P299,2019-07-16,2019-07-16 09:35:59,0.17,0.8947,1269,0.16,0.8421,142,0.16,0.8421,1,0.165,0.8684,1507,0
SPY190717P299,2019-07-16,2019-07-16 09:36:00,0.17,0.8947,1800,0.16,0.8421,142,0.16,0.8421,1,0.165,0.8684,1507,0
SPY190717P299,2019-07-16,2019-07-16 09:36:00,0.17,0.8947,1653,0.16,0.8421,142,0.16,0.8421,1,0.165,0.8684,1507,0
SPY190717P299,2019-07-16,2019-07-16 09:36:01,0.17,0.8947,2505,0.16,0.8421,142,0.16,0.8421,1,0.165,0.8684,1507,0
SPY190717P299,2019-07-16,2019-07-16 09:36:01,0.17,0.8947,1800,0.16,0.8421,142,0.16,0.8421,1,0.165,0.8684,1507,0
SPY190717P299,2019-07-16,2019-07-16 09:36:02,0.17,0.8947,1876,0.16,0.8421,142,0.16,0.8421,1,0.165,0.8684,1507,0
SPY190717P299,2019-07-16,2019-07-16 09:36:03,0.17,0.8947,1829,0.16,0.8421,241,0.16,0.8421,1,0.165,0.8684,1507,0
SPY190717P299,2019-07-16,2019-07-16 09:36:03,0.17,0.8947,1829,0.16,0.8421,5,0.16,0.8421,1,0.165,0.8684,1507,0
SPY190717P299,2019-07-16,2019-07-16 09:36:04,0.17,0.8947,1426,0.16,0.8421,241,0.16,0.8421,1,0.165,0.8684,1507,0
SPY190717P299,2019-07-16,2019-07-16 09:36:04,0.17,0.8947,1174,0.16,0.8421,377,0.16,0.8421,1,0.165,0.8684,1507,0
SPY190717P299,2019-07-16,2019-07-16 09:36:05,0.17,0.8947,1174,0.16,0.8421,307,0.16,0.8421,1,0.165,0.8684,1507,0
SPY190717P299,2019-07-16,2019-07-16 09:36:06,0.17,0.8947,1174,0.16,0.8421,307,0.16,0.8421,1,0.165,0.8684,1507,0
SPY190717P299,2019-07-16,2019-07-16 09:36:07,0.17,0.8947,1186,0.16,0.8421,1497,0.16,0.8421,1,0.165,0.8684,1507,0
SPY190717P299,2019-07-16,2019-07-16 09:36:07,0.17,0.8947,1186,0.16,0.8421,898,0.16,0.8421,1,0.165,0.8684,1507,0
SPY190717P299,2019-07-16,2019-07-16 09:36:08,0.17,0.8947,798,0.16,0.8421,1563,0.16,0.8421,1,0.165,0.8684,1507,0
SPY190717P299,2019-07-16,2019-07-16 09:36:08,0.17,0.8947,933,0.16,0.8421,1563,0.16,0.8421,1,0.165,0.8684,1507,0
SPY190717P299,2019-07-16,2019-07-16 09:36:09,0.17,0.8947,10,0.16,0.8421,1563,0.16,0.8421,1,0.165,0.8684,1507,0
SPY190717P299,2019-07-16,2019-07-16 09:36:09,0.17,0.8947,208,0.16,0.8421,1613,0.16,0.8421,1,0.165,0.8684,1507,0
SPY190717P299,2019-07-16,2019-07-16 09:36:10,0.17,0.8947,10,0.16,0.8421,2836,0.16,0.8421,1,0.165,0.8684,1507,0
SPY190717P299,2019-07-16,2019-07-16 09:36:11,0.17,0.8947,10,0.16,0.8421,3260,0.16,0.8421,1,0.165,0.8684,1507,0
SPY190717P299,2019-07-16,2019-07-16 09:36:11,0.17,0.8947,10,0.16,0.8421,2212,0.16,0.8421,1,0.165,0.8684,1507,0
SPY190717P299,2019-07-16,2019-07-16 09:36:12,0.17,0.8947,10,0.16,0.8421,3167,0.16,0.8421,1,0.165,0.8684,1507,0
SPY190717P299,2019-07-16,2019-07-16 09:36:13,0.17,0.8947,10,0.16,0.8421,2763,0.16,0.8421,1,0.165,0.8684,1507,0
SPY190717P299,2019-07-16,2019-07-16 09:36:14,0.17,0.8947,10,0.16,0.8421,2332,0.16,0.8421,1,0.165,0.8684,1507,0
SPY190717P299,2019-07-16,2019-07-16 09:36:14,0.17,0.8947,10,0.16,0.8421,3179,0.16,0.8421,1,0.165,0.8684,1507,0
SPY190717P299,2019-07-16,2019-07-16 09:36:15,0.17,0.8947,10,0.16,0.8421,2332,0.16,0.8421,1,0.165,0.8684,1507,0
SPY190717P299,2019-07-16,2019-07-16 09:36:16,0.17,0.8947,10,0.16,0.8421,2877,0.16,0.8421,1,0.165,0.8684,1507,0
SPY190717P299,2019-07-16,2019-07-16 09:36:16,0.17,0.8947,10,0.16,0.8421,2041,0.16,0.8421,1,0.165,0.8684,1507,0
SPY190717P299,2019-07-16,2019-07-16 09:36:17,0.17,0.8947,10,0.16,0.8421,3217,0.16,0.8421,1,0.165,0.8684,1507,0
SPY190717P299,2019-07-16,2019-07-16 09:36:17,0.17,0.8947,10,0.16,0.8421,2738,0.16,0.8421,1,0.165,0.8684,1507,0
SPY190717P299,2019-07-16,2019-07-16 09:36:18,0.17,0.8947,10,0.16,0.8421,3689,0.16,0.8421,1,0.165,0.8684,1507,0
SPY190717P299,2019-07-16,2019-07-16 09:36:19,0.17,0.8947,10,0.16,0.8421,3689,0.16,0.8421,1,0.165,0.8684,1507,0
SPY190717P299,2019-07-16,2019-07-16 09:36:19,0.17,0.8947,10,0.16,0.8421,2567,0.16,0.8421,1,0.165,0.8684,1507,0
SPY190717P299,2019-07-16,2019-07-16 09:36:20,0.17,0.8947,10,0.16,0.8421,3689,0.16,0.8421,1,0.165,0.8684,1507,0
SPY190717P299,2019-07-16,2019-07-16 09:36:21,0.17,0.8947,10,0.16,0.8421,3522,0.16,0.8421,1,0.165,0.8684,1507,0
SPY190717P299,2019-07-16,2019-07-16 09:36:22,0.17,0.8947,10,0.16,0.8421,3205,0.16,0.8421,1,0.165,0.8684,1507,0
SPY190717P299,2019-07-16,2019-07-16 09:36:22,0.17,0.8947,109,0.16,0.8421,2740,0.16,0.8421,1,0.165,0.8684,1507,0
SPY190717P299,2019-07-16,2019-07-16 09:36:23,0.17,0.8947,497,0.16,0.8421,2309,0.16,0.8421,1,0.165,0.8684,1507,0
SPY190717P299,2019-07-16,2019-07-16 09:36:24,0.17,0.8947,497,0.16,0.8421,2693,0.16,0.8421,1,0.165,0.8684,1507,0
SPY190717P299,2019-07-16,2019-07-16 09:36:26,0.17,0.8947,701,0.16,0.8421,2408,0.17,0.8947,1,0.165,0.8684,1508,1
SPY190717P299,2019-07-16,2019-07-16 09:36:26,0.17,0.8947,701,0.16,0.8421,2408,0.17,0.8947,1,0.165,0.8684,1508,0
SPY190717P299,2019-07-16,2019-07-16 09:36:27,0.17,0.8947,701,0.16,0.8421,2408,0.17,0.8947,1,0.165,0.8684,1508,0
SPY190717P299,2019-07-16,2019-07-16 09:36:28,0.17,0.8947,701,0.16,0.8421,2408,0.17,0.8947,1,0.165,0.8684,1508,0
SPY190717P299,2019-07-16,2019-07-16 09:36:29,0.17,0.8947,701,0.16,0.8421,2408,0.17,0.8947,1,0.165,0.8684,1508,0
SPY190717P299,2019-07-16,2019-07-16 09:36:30,0.17,0.8947,2152,0.16,0.8421,1461,0.17,0.8947,1,0.165,0.8684,1508,0
SPY190717P299,2019-07-16,2019-07-16 09:36:31,0.17,0.8947,2115,0.16,0.8421,1436,0.17,0.8947,1,0.165,0.8684,1508,0
SPY190717P299,2019-07-16,2019-07-16 09:36:32,0.17,0.8947,1252,0.16,0.8421,1196,0.17,0.8947,1,0.165,0.8684,1508,0
SPY190717P299,2019-07-16,2019-07-16 09:36:33,0.17,0.8947,2135,0.16,0.8421,2035,0.17,0.8947,1,0.165,0.8684,1508,0
SPY190717P299,2019-07-16,2019-07-16 09:36:35,0.17,0.8947,1445,0.16,0.8421,721,0.17,0.8947,1,0.165,0.8684,1508,0
SPY190717P299,2019-07-16,2019-07-16 09:36:36,0.17,0.8947,483,0.16,0.8421,2299,0.17,0.8947,1,0.165,0.8684,1508,0
SPY190717P299,2019-07-16,2019-07-16 09:36:38,0.17,0.8947,1323,0.16,0.8421,2308,0.17,0.8947,1,0.165,0.8684,1508,0
SPY190717P299,2019-07-16,2019-07-16 09:36:39,0.17,0.8947,1323,0.16,0.8421,2308,0.17,0.8947,1,0.165,0.8684,1508,0
SPY190717P299,2019-07-16,2019-07-16 09:36:39,0.17,0.8947,510,0.16,0.8421,2173,0.17,0.8947,1,0.165,0.8684,1508,0
SPY190717P299,2019-07-16,2019-07-16 09:36:40,0.17,0.8947,776,0.16,0.8421,2173,0.17,0.8947,1,0.165,0.8684,1508,0
SPY190717P299,2019-07-16,2019-07-16 09:36:43,0.17,0.8947,2132,0.16,0.8421,1438,0.17,0.8947,1,0.165,0.8684,1508,0
SPY190717P299,2019-07-16,2019-07-16 09:36:45,0.17,0.8947,2124,0.16,0.8421,1763,0.17,0.8947,1,0.165,0.8684,1508,0
SPY190717P299,2019-07-16,2019-07-16 09:36:45,0.17,0.8947,1904,0.16,0.8421,1317,0.17,0.8947,1,0.165,0.8684,1508,0
SPY190717P299,2019-07-16,2019-07-16 09:36:46,0.17,0.8947,1373,0.16,0.8421,903,0.17,0.8947,1,0.165,0.8684,1508,0
SPY190717P299,2019-07-16,2019-07-16 09:36:47,0.17,0.8947,1373,0.16,0.8421,864,0.17,0.8947,1,0.165,0.8684,1508,0
SPY190717P299,2019-07-16,2019-07-16 09:36:47,0.17,0.8947,1579,0.16,0.8421,1001,0.17,0.8947,1,0.165,0.8684,1508,0
SPY190717P299,2019-07-16,2019-07-16 09:36:48,0.17,0.8947,2194,0.16,0.8421,1600,0.17,0.8947,1,0.165,0.8684,1508,0
SPY190717P299,2019-07-16,2019-07-16 09:36:49,0.17,0.8947,2194,0.16,0.8421,1600,0.17,0.8947,1,0.165,0.8684,1508,0
SPY190717P299,2019-07-16,2019-07-16 09:36:50,0.17,0.8947,2194,0.16,0.8421,1461,0.17,0.8947,1,0.165,0.8684,1508,0
SPY190717P299,2019-07-16,2019-07-16 09:36:51,0.17,0.8947,2194,0.16,0.8421,1461,0.17,0.8947,1,0.165,0.8684,1508,0
SPY190717P299,2019-07-16,2019-07-16 09:36:51,0.17,0.8947,2042,0.16,0.8421,521,0.17,0.8947,1,0.165,0.8684,1509,1
SPY190717P299,2019-07-16,2019-07-16 09:36:52,0.17,0.8947,2156,0.16,0.8421,521,0.17,0.8947,1,0.165,0.8684,1509,0
SPY190717P299,2019-07-16,2019-07-16 09:36:53,0.17,0.8947,1152,0.16,0.8421,283,0.17,0.8947,1,0.165,0.8684,1509,0
SPY190717P299,2019-07-16,2019-07-16 09:36:53,0.17,0.8947,2156,0.16,0.8421,360,0.17,0.8947,1,0.165,0.8684,1509,0
SPY190717P299,2019-07-16,2019-07-16 09:36:54,0.17,0.8947,2406,0.16,0.8421,349,0.17,0.8947,1,0.165,0.8684,1509,0
SPY190717P299,2019-07-16,2019-07-16 09:36:54,0.17,0.8947,2579,0.16,0.8421,349,0.17,0.8947,1,0.165,0.8684,1509,0
SPY190717P299,2019-07-16,2019-07-16 09:36:55,0.17,0.8947,2406,0.16,0.8421,349,0.17,0.8947,1,0.165,0.8684,1509,0
SPY190717P299,2019-07-16,2019-07-16 09:36:56,0.17,0.8947,2895,0.16,0.8421,349,0.17,0.8947,1,0.165,0.8684,1509,0
SPY190717P299,2019-07-16,2019-07-16 09:36:56,0.16,0.8421,5,0.15,0.7894,3271,0.17,0.8947,1,0.155,0.8157,1509,0
SPY190717P299,2019-07-16,2019-07-16 09:36:57,0.17,0.8947,3160,0.16,0.8421,281,0.17,0.8947,1,0.165,0.8684,1509,0
SPY190717P299,2019-07-16,2019-07-16 09:36:57,0.17,0.8947,3160,0.16,0.8421,8,0.17,0.8947,1,0.165,0.8684,1509,0
SPY190717P299,2019-07-16,2019-07-16 09:36:58,0.17,0.8947,2690,0.16,0.8421,281,0.17,0.8947,1,0.165,0.8684,1509,0
SPY190717P299,2019-07-16,2019-07-16 09:36:59,0.17,0.8947,2602,0.16,0.8421,281,0.17,0.8947,1,0.165,0.8684,1509,0
SPY190717P299,2019-07-16,2019-07-16 09:36:59,0.17,0.8947,2367,0.16,0.8421,401,0.17,0.8947,1,0.165,0.8684,1509,0
SPY190717P299,2019-07-16,2019-07-16 09:37:00,0.17,0.8947,2367,0.16,0.8421,567,0.17,0.8947,1,0.165,0.8684,1509,0
SPY190717P299,2019-07-16,2019-07-16 09:37:00,0.17,0.8947,2267,0.16,0.8421,469,0.17,0.8947,1,0.165,0.8684,1509,0
SPY190717P299,2019-07-16,2019-07-16 09:37:01,0.17,0.8947,2267,0.16,0.8421,469,0.17,0.8947,1,0.165,0.8684,1509,0
SPY190717P299,2019-07-16,2019-07-16 09:37:01,0.17,0.8947,1290,0.16,0.8421,469,0.17,0.8947,1,0.165,0.8684,1509,0
SPY190717P299,2019-07-16,2019-07-16 09:37:03,0.17,0.8947,1170,0.16,0.8421,2087,0.17,0.8947,1,0.165,0.8684,1509,0
SPY190717P299,2019-07-16,2019-07-16 09:37:04,0.17,0.8947,1444,0.16,0.8421,1682,0.17,0.8947,10,0.165,0.8684,1519,10
SPY190717P299,2019-07-16,2019-07-16 09:37:05,0.17,0.8947,1444,0.16,0.8421,1871,0.17,0.8947,10,0.165,0.8684,1519,0
SPY190717P299,2019-07-16,2019-07-16 09:37:05,0.17,0.8947,1444,0.16,0.8421,1406,0.17,0.8947,10,0.165,0.8684,1519,0
SPY190717P299,2019-07-16,2019-07-16 09:37:06,0.17,0.8947,1777,0.16,0.8421,1406,0.17,0.8947,10,0.165,0.8684,1519,0
SPY190717P299,2019-07-16,2019-07-16 09:37:06,0.17,0.8947,1467,0.16,0.8421,1428,0.17,0.8947,10,0.165,0.8684,1519,0
SPY190717P299,2019-07-16,2019-07-16 09:37:07,0.17,0.8947,1218,0.16,0.8421,2143,0.17,0.8947,10,0.165,0.8684,1519,0
SPY190717P299,2019-07-16,2019-07-16 09:37:08,0.17,0.8947,1355,0.16,0.8421,1241,0.17,0.8947,10,0.165,0.8684,1519,0
SPY190717P299,2019-07-16,2019-07-16 09:37:08,0.17,0.8947,1541,0.16,0.8421,1439,0.17,0.8947,10,0.165,0.8684,1519,0
SPY190717P299,2019-07-16,2019-07-16 09:37:09,0.17,0.8947,1355,0.16,0.8421,1637,0.17,0.8947,10,0.165,0.8684,1519,0
SPY190717P299,2019-07-16,2019-07-16 09:37:10,0.17,0.8947,1355,0.16,0.8421,1842,0.17,0.8947,5,0.165,0.8684,1524,5
SPY190717P299,2019-07-16,2019-07-16 09:37:11,0.17,0.8947,1218,0.16,0.8421,2251,0.17,0.8947,5,0.165,0.8684,1524,0
SPY190717P299,2019-07-16,2019-07-16 09:37:12,0.17,0.8947,701,0.16,0.8421,2152,0.17,0.8947,5,0.165,0.8684,1524,0
SPY190717P299,2019-07-16,2019-07-16 09:37:12,0.17,0.8947,1218,0.16,0.8421,2251,0.17,0.8947,5,0.165,0.8684,1524,0
SPY190717P299,2019-07-16,2019-07-16 09:37:13,0.17,0.8947,701,0.16,0.8421,3268,0.17,0.8947,5,0.165,0.8684,1524,0
SPY190717P299,2019-07-16,2019-07-16 09:37:14,0.17,0.8947,4,0.16,0.8421,1952,0.17,0.8947,5,0.165,0.8684,1524,0
SPY190717P299,2019-07-16,2019-07-16 09:37:15,0.17,0.8947,4,0.16,0.8421,3057,0.17,0.8947,5,0.165,0.8684,1524,0
SPY190717P299,2019-07-16,2019-07-16 09:37:15,0.17,0.8947,4,0.16,0.8421,3101,0.17,0.8947,5,0.165,0.8684,1524,0
SPY190717P299,2019-07-16,2019-07-16 09:37:16,0.17,0.8947,8,0.16,0.8421,3057,0.17,0.8947,5,0.165,0.8684,1524,0
SPY190717P299,2019-07-16,2019-07-16 09:37:17,0.17,0.8947,294,0.16,0.8421,1868,0.17,0.8947,5,0.165,0.8684,1524,0
SPY190717P299,2019-07-16,2019-07-16 09:37:17,0.17,0.8947,294,0.16,0.8421,2575,0.17,0.8947,5,0.165,0.8684,1524,0
SPY190717P299,2019-07-16,2019-07-16 09:37:18,0.17,0.8947,452,0.16,0.8421,2639,0.17,0.8947,5,0.165,0.8684,1524,0
SPY190717P299,2019-07-16,2019-07-16 09:37:19,0.17,0.8947,672,0.16,0.8421,1407,0.17,0.8947,5,0.165,0.8684,1524,0
SPY190717P299,2019-07-16,2019-07-16 09:37:19,0.17,0.8947,672,0.16,0.8421,2627,0.17,0.8947,5,0.165,0.8684,1524,0
SPY190717P299,2019-07-16,2019-07-16 09:37:20,0.17,0.8947,425,0.16,0.8421,1908,0.17,0.8947,5,0.165,0.8684,1524,0
SPY190717P299,2019-07-16,2019-07-16 09:37:20,0.17,0.8947,315,0.16,0.8421,1908,0.17,0.8947,5,0.165,0.8684,1524,0
SPY190717P299,2019-07-16,2019-07-16 09:37:21,0.17,0.8947,425,0.16,0.8421,1908,0.17,0.8947,5,0.165,0.8684,1524,0
SPY190717P299,2019-07-16,2019-07-16 09:37:22,0.17,0.8947,425,0.16,0.8421,2383,0.17,0.8947,5,0.165,0.8684,1524,0
SPY190717P299,2019-07-16,2019-07-16 09:37:23,0.17,0.8947,589,0.16,0.8421,2583,0.17,0.8947,5,0.165,0.8684,1524,0
SPY190717P299,2019-07-16,2019-07-16 09:37:23,0.17,0.8947,589,0.16,0.8421,2999,0.17,0.8947,5,0.165,0.8684,1524,0
SPY190717P299,2019-07-16,2019-07-16 09:37:24,0.17,0.8947,714,0.16,0.8421,2961,0.17,0.8947,5,0.165,0.8684,1524,0
SPY190717P299,2019-07-16,2019-07-16 09:37:25,0.17,0.8947,714,0.16,0.8421,2961,0.17,0.8947,5,0.165,0.8684,1524,0
SPY190717P299,2019-07-16,2019-07-16 09:37:27,0.17,0.8947,254,0.16,0.8421,2092,0.17,0.8947,5,0.165,0.8684,1524,0
SPY190717P299,2019-07-16,2019-07-16 09:37:28,0.17,0.8947,108,0.16,0.8421,3076,0.17,0.8947,5,0.165,0.8684,1524,0
SPY190717P299,2019-07-16,2019-07-16 09:37:30,0.17,0.8947,362,0.16,0.8421,3014,0.17,0.8947,5,0.165,0.8684,1524,0
SPY190717P299,2019-07-16,2019-07-16 09:37:31,0.17,0.8947,362,0.16,0.8421,2343,0.17,0.8947,5,0.165,0.8684,1524,0
SPY190717P299,2019-07-16,2019-07-16 09:37:32,0.17,0.8947,4,0.16,0.8421,3263,0.17,0.8947,5,0.165,0.8684,1524,0
SPY190717P299,2019-07-16,2019-07-16 09:37:32,0.17,0.8947,3,0.16,0.8421,3263,0.17,0.8947,1,0.165,0.8684,1525,1
SPY190717P299,2019-07-16,2019-07-16 09:37:33,0.17,0.8947,3,0.16,0.8421,3335,0.17,0.8947,1,0.165,0.8684,1525,0
SPY190717P299,2019-07-16,2019-07-16 09:37:34,0.17,0.8947,3,0.16,0.8421,3335,0.17,0.8947,1,0.165,0.8684,1525,0
SPY190717P299,2019-07-16,2019-07-16 09:37:35,0.17,0.8947,3,0.16,0.8421,3335,0.17,0.8947,1,0.165,0.8684,1525,0
SPY190717P299,2019-07-16,2019-07-16 09:37:36,0.17,0.8947,3,0.16,0.8421,3335,0.17,0.8947,1,0.165,0.8684,1525,0
SPY190717P299,2019-07-16,2019-07-16 09:37:37,0.17,0.8947,3,0.16,0.8421,3346,0.17,0.8947,1,0.165,0.8684,1525,0
SPY190717P299,2019-07-16,2019-07-16 09:37:47,0.18,0.9473,1592,0.17,0.8947,1424,0.17,0.8947,1,0.175,0.921,1542,17
SPY190717P299,2019-07-16,2019-07-16 09:37:47,0.18,0.9473,1053,0.17,0.8947,1366,0.17,0.8947,1,0.175,0.921,1542,0
SPY190717P299,2019-07-16,2019-07-16 09:37:48,0.18,0.9473,1050,0.17,0.8947,2122,0.17,0.8947,1,0.175,0.921,1542,0
SPY190717P299,2019-07-16,2019-07-16 09:37:49,0.18,0.9473,1050,0.17,0.8947,2122,0.17,0.8947,1,0.175,0.921,1542,0
SPY190717P299,2019-07-16,2019-07-16 09:37:49,0.18,0.9473,1050,0.17,0.8947,1940,0.17,0.8947,1,0.175,0.921,1542,0
SPY190717P299,2019-07-16,2019-07-16 09:37:50,0.18,0.9473,1050,0.17,0.8947,1998,0.18,0.9473,23,0.175,0.921,1567,25
SPY190717P299,2019-07-16,2019-07-16 09:37:50,0.18,0.9473,1050,0.17,0.8947,2008,0.17,0.8947,1,0.175,0.921,1542,0
SPY190717P299,2019-07-16,2019-07-16 09:37:51,0.18,0.9473,300,0.17,0.8947,1259,0.18,0.9473,23,0.175,0.921,1567,0
SPY190717P299,2019-07-16,2019-07-16 09:37:52,0.18,0.9473,1875,0.17,0.8947,905,0.18,0.9473,23,0.175,0.921,1567,0
SPY190717P299,2019-07-16,2019-07-16 09:37:52,0.18,0.9473,1058,0.17,0.8947,1053,0.18,0.9473,23,0.175,0.921,1567,0
SPY190717P299,2019-07-16,2019-07-16 09:37:53,0.18,0.9473,1331,0.17,0.8947,905,0.18,0.9473,23,0.175,0.921,1567,0
SPY190717P299,2019-07-16,2019-07-16 09:37:53,0.18,0.9473,1940,0.17,0.8947,905,0.18,0.9473,23,0.175,0.921,1567,0
SPY190717P299,2019-07-16,2019-07-16 09:37:54,0.18,0.9473,1832,0.17,0.8947,1179,0.18,0.9473,23,0.175,0.921,1567,0
SPY190717P299,2019-07-16,2019-07-16 09:37:55,0.18,0.9473,1406,0.17,0.8947,1312,0.18,0.9473,23,0.175,0.921,1567,0
SPY190717P299,2019-07-16,2019-07-16 09:37:56,0.18,0.9473,1008,0.17,0.8947,1292,0.18,0.9473,23,0.175,0.921,1567,0
SPY190717P299,2019-07-16,2019-07-16 09:37:57,0.18,0.9473,2365,0.17,0.8947,1452,0.18,0.9473,23,0.175,0.921,1567,0
SPY190717P299,2019-07-16,2019-07-16 09:37:57,0.18,0.9473,2365,0.17,0.8947,1539,0.18,0.9473,23,0.175,0.921,1567,0
SPY190717P299,2019-07-16,2019-07-16 09:37:58,0.18,0.9473,2322,0.17,0.8947,1402,0.18,0.9473,23,0.175,0.921,1567,0
SPY190717P299,2019-07-16,2019-07-16 09:37:58,0.18,0.9473,2365,0.17,0.8947,1726,0.18,0.9473,23,0.175,0.921,1567,0
SPY190717P299,2019-07-16,2019-07-16 09:37:59,0.18,0.9473,2322,0.17,0.8947,1402,0.18,0.9473,23,0.175,0.921,1567,0
SPY190717P299,2019-07-16,2019-07-16 09:38:00,0.18,0.9473,2322,0.17,0.8947,1629,0.18,0.9473,23,0.175,0.921,1567,0
SPY190717P299,2019-07-16,2019-07-16 09:38:01,0.18,0.9473,2390,0.17,0.8947,1477,0.18,0.9473,23,0.175,0.921,1567,0
SPY190717P299,2019-07-16,2019-07-16 09:38:01,0.18,0.9473,2322,0.17,0.8947,1088,0.18,0.9473,23,0.175,0.921,1567,0
SPY190717P299,2019-07-16,2019-07-16 09:38:02,0.18,0.9473,2390,0.17,0.8947,1088,0.18,0.9473,23,0.175,0.921,1567,0
SPY190717P299,2019-07-16,2019-07-16 09:38:03,0.18,0.9473,2212,0.17,0.8947,1088,0.18,0.9473,23,0.175,0.921,1567,0
SPY190717P299,2019-07-16,2019-07-16 09:38:03,0.18,0.9473,2212,0.17,0.8947,1589,0.18,0.9473,23,0.175,0.921,1567,0
SPY190717P299,2019-07-16,2019-07-16 09:38:04,0.18,0.9473,2212,0.17,0.8947,1040,0.18,0.9473,23,0.175,0.921,1567,0
SPY190717P299,2019-07-16,2019-07-16 09:38:05,0.18,0.9473,2212,0.17,0.8947,1526,0.18,0.9473,23,0.175,0.921,1567,0
SPY190717P299,2019-07-16,2019-07-16 09:38:06,0.18,0.9473,2212,0.17,0.8947,1526,0.18,0.9473,23,0.175,0.921,1567,0
SPY190717P299,2019-07-16,2019-07-16 09:38:07,0.18,0.9473,2212,0.17,0.8947,1537,0.18,0.9473,23,0.175,0.921,1567,0
SPY190717P299,2019-07-16,2019-07-16 09:38:08,0.18,0.9473,2339,0.17,0.8947,1526,0.18,0.9473,23,0.175,0.921,1567,0
SPY190717P299,2019-07-16,2019-07-16 09:38:08,0.18,0.9473,2337,0.17,0.8947,1575,0.18,0.9473,23,0.175,0.921,1567,0
SPY190717P299,2019-07-16,2019-07-16 09:38:09,0.18,0.9473,1837,0.17,0.8947,1526,0.18,0.9473,23,0.175,0.921,1567,0
SPY190717P299,2019-07-16,2019-07-16 09:38:09,0.18,0.9473,1336,0.17,0.8947,629,0.18,0.9473,23,0.175,0.921,1567,0
SPY190717P299,2019-07-16,2019-07-16 09:38:10,0.18,0.9473,2671,0.17,0.8947,180,0.18,0.9473,23,0.175,0.921,1567,0
SPY190717P299,2019-07-16,2019-07-16 09:38:11,0.18,0.9473,2671,0.17,0.8947,180,0.18,0.9473,1,0.175,0.921,1568,1
SPY190717P299,2019-07-16,2019-07-16 09:38:12,0.18,0.9473,2588,0.17,0.8947,2,0.18,0.9473,1,0.175,0.921,1568,0
SPY190717P299,2019-07-16,2019-07-16 09:38:12,0.18,0.9473,2384,0.17,0.8947,2,0.18,0.9473,1,0.175,0.921,1568,0
SPY190717P299,2019-07-16,2019-07-16 09:38:13,0.18,0.9473,2384,0.17,0.8947,2,0.18,0.9473,1,0.175,0.921,1568,0
SPY190717P299,2019-07-16,2019-07-16 09:38:13,0.18,0.9473,2384,0.17,0.8947,568,0.18,0.9473,1,0.175,0.921,1568,0
SPY190717P299,2019-07-16,2019-07-16 09:38:14,0.18,0.9473,2674,0.17,0.8947,568,0.18,0.9473,1,0.175,0.921,1568,0
SPY190717P299,2019-07-16,2019-07-16 09:38:14,0.18,0.9473,2384,0.17,0.8947,568,0.18,0.9473,1,0.175,0.921,1568,0
SPY190717P299,2019-07-16,2019-07-16 09:38:16,0.18,0.9473,2973,0.17,0.8947,476,0.18,0.9473,2,0.175,0.921,1570,2
SPY190717P299,2019-07-16,2019-07-16 09:38:17,0.18,0.9473,3030,0.17,0.8947,476,0.18,0.9473,2,0.175,0.921,1570,0
SPY190717P299,2019-07-16,2019-07-16 09:38:18,0.18,0.9473,2194,0.17,0.8947,638,0.18,0.9473,2,0.175,0.921,1570,0
SPY190717P299,2019-07-16,2019-07-16 09:38:19,0.18,0.9473,2947,0.17,0.8947,777,0.18,0.9473,2,0.175,0.921,1570,0
SPY190717P299,2019-07-16,2019-07-16 09:38:19,0.18,0.9473,2194,0.17,0.8947,793,0.18,0.9473,2,0.175,0.921,1570,0
SPY190717P299,2019-07-16,2019-07-16 09:38:20,0.18,0.9473,2671,0.17,0.8947,732,0.18,0.9473,2,0.175,0.921,1570,0
SPY190717P299,2019-07-16,2019-07-16 09:38:21,0.18,0.9473,2671,0.17,0.8947,732,0.18,0.9473,2,0.175,0.921,1570,0
SPY190717P299,2019-07-16,2019-07-16 09:38:22,0.18,0.9473,2671,0.17,0.8947,732,0.18,0.9473,2,0.175,0.921,1570,0
SPY190717P299,2019-07-16,2019-07-16 09:38:23,0.18,0.9473,2604,0.17,0.8947,732,0.18,0.9473,2,0.175,0.921,1570,0
SPY190717P299,2019-07-16,2019-07-16 09:38:24,0.18,0.9473,2604,0.17,0.8947,732,0.18,0.9473,2,0.175,0.921,1570,0
SPY190717P299,2019-07-16,2019-07-16 09:38:25,0.18,0.9473,2160,0.17,0.8947,732,0.18,0.9473,2,0.175,0.921,1570,0
SPY190717P299,2019-07-16,2019-07-16 09:38:26,0.18,0.9473,1445,0.17,0.8947,356,0.18,0.9473,2,0.175,0.921,1570,0
SPY190717P299,2019-07-16,2019-07-16 09:38:26,0.18,0.9473,2664,0.17,0.8947,356,0.18,0.9473,2,0.175,0.921,1570,0
SPY190717P299,2019-07-16,2019-07-16 09:38:27,0.18,0.9473,2537,0.17,0.8947,590,0.18,0.9473,2,0.175,0.921,1570,0
SPY190717P299,2019-07-16,2019-07-16 09:38:27,0.18,0.9473,2664,0.17,0.8947,356,0.18,0.9473,2,0.175,0.921,1570,0
SPY190717P299,2019-07-16,2019-07-16 09:38:28,0.18,0.9473,1187,0.17,0.8947,1817,0.18,0.9473,2,0.175,0.921,1570,0
SPY190717P299,2019-07-16,2019-07-16 09:38:29,0.18,0.9473,1512,0.17,0.8947,1934,0.18,0.9473,2,0.175,0.921,1570,0
SPY190717P299,2019-07-16,2019-07-16 09:38:29,0.18,0.9473,1187,0.17,0.8947,1725,0.18,0.9473,2,0.175,0.921,1570,0
SPY190717P299,2019-07-16,2019-07-16 09:38:30,0.18,0.9473,1872,0.17,0.8947,907,0.18,0.9473,2,0.175,0.921,1570,0
SPY190717P299,2019-07-16,2019-07-16 09:38:30,0.18,0.9473,1611,0.17,0.8947,1211,0.18,0.9473,2,0.175,0.921,1570,0
SPY190717P299,2019-07-16,2019-07-16 09:38:31,0.18,0.9473,2114,0.17,0.8947,770,0.18,0.9473,2,0.175,0.921,1570,0
SPY190717P299,2019-07-16,2019-07-16 09:38:31,0.18,0.9473,2114,0.17,0.8947,907,0.18,0.9473,2,0.175,0.921,1570,0
SPY190717P299,2019-07-16,2019-07-16 09:38:32,0.18,0.9473,2119,0.17,0.8947,543,0.17,0.8947,2,0.175,0.921,1572,2
SPY190717P299,2019-07-16,2019-07-16 09:38:32,0.18,0.9473,2071,0.17,0.8947,543,0.17,0.8947,2,0.175,0.921,1572,0
SPY190717P299,2019-07-16,2019-07-16 09:38:33,0.18,0.9473,2549,0.17,0.8947,770,0.17,0.8947,2,0.175,0.921,1572,0
SPY190717P299,2019-07-16,2019-07-16 09:38:33,0.18,0.9473,2427,0.17,0.8947,724,0.17,0.8947,2,0.175,0.921,1572,0
SPY190717P299,2019-07-16,2019-07-16 09:38:36,0.18,0.9473,2683,0.17,0.8947,1450,0.17,0.8947,2,0.175,0.921,1572,0
SPY190717P299,2019-07-16,2019-07-16 09:38:37,0.18,0.9473,2683,0.17,0.8947,1450,0.17,0.8947,2,0.175,0.921,1572,0
SPY190717P299,2019-07-16,2019-07-16 09:38:38,0.18,0.9473,2721,0.17,0.8947,898,0.17,0.8947,2,0.175,0.921,1572,0
SPY190717P299,2019-07-16,2019-07-16 09:38:39,0.18,0.9473,2971,0.17,0.8947,1,0.17,0.8947,2,0.175,0.921,1572,0
SPY190717P299,2019-07-16,2019-07-16 09:38:39,0.18,0.9473,2721,0.17,0.8947,652,0.17,0.8947,2,0.175,0.921,1572,0
SPY190717P299,2019-07-16,2019-07-16 09:38:40,0.18,0.9473,2565,0.17,0.8947,5,0.17,0.8947,2,0.175,0.921,1572,0
SPY190717P299,2019-07-16,2019-07-16 09:38:40,0.18,0.9473,3920,0.17,0.8947,1,0.17,0.8947,2,0.175,0.921,1572,0
SPY190717P299,2019-07-16,2019-07-16 09:38:41,0.18,0.9473,2821,0.17,0.8947,349,0.17,0.8947,2,0.175,0.921,1572,0
SPY190717P299,2019-07-16,2019-07-16 09:38:41,0.18,0.9473,3012,0.17,0.8947,482,0.17,0.8947,2,0.175,0.921,1572,0
SPY190717P299,2019-07-16,2019-07-16 09:38:42,0.18,0.9473,2868,0.17,0.8947,549,0.17,0.8947,2,0.175,0.921,1572,0
SPY190717P299,2019-07-16,2019-07-16 09:38:43,0.18,0.9473,2941,0.17,0.8947,549,0.17,0.8947,2,0.175,0.921,1572,0
SPY190717P299,2019-07-16,2019-07-16 09:38:43,0.18,0.9473,2941,0.17,0.8947,488,0.17,0.8947,2,0.175,0.921,1572,0
SPY190717P299,2019-07-16,2019-07-16 09:38:44,0.18,0.9473,2941,0.17,0.8947,488,0.17,0.8947,2,0.175,0.921,1572,0
SPY190717P299,2019-07-16,2019-07-16 09:38:44,0.18,0.9473,2557,0.17,0.8947,2106,0.17,0.8947,2,0.175,0.921,1572,0
SPY190717P299,2019-07-16,2019-07-16 09:38:45,0.18,0.9473,2527,0.17,0.8947,2168,0.17,0.8947,2,0.175,0.921,1572,0
SPY190717P299,2019-07-16,2019-07-16 09:38:45,0.18,0.9473,2557,0.17,0.8947,1830,0.17,0.8947,2,0.175,0.921,1572,0
SPY190717P299,2019-07-16,2019-07-16 09:38:46,0.18,0.9473,2398,0.17,0.8947,1998,0.17,0.8947,2,0.175,0.921,1572,0
SPY190717P299,2019-07-16,2019-07-16 09:38:47,0.18,0.9473,1655,0.17,0.8947,824,0.17,0.8947,2,0.175,0.921,1572,0
SPY190717P299,2019-07-16,2019-07-16 09:38:48,0.18,0.9473,2563,0.17,0.8947,734,0.17,0.8947,2,0.175,0.921,1572,0
SPY190717P299,2019-07-16,2019-07-16 09:38:50,0.18,0.9473,2500,0.17,0.8947,2133,0.17,0.8947,2,0.175,0.921,1572,0
SPY190717P299,2019-07-16,2019-07-16 09:38:50,0.18,0.9473,2500,0.17,0.8947,742,0.17,0.8947,2,0.175,0.921,1572,0
SPY190717P299,2019-07-16,2019-07-16 09:38:51,0.18,0.9473,2098,0.17,0.8947,2500,0.17,0.8947,2,0.175,0.921,1572,0
SPY190717P299,2019-07-16,2019-07-16 09:38:52,0.18,0.9473,1515,0.17,0.8947,1514,0.17,0.8947,2,0.175,0.921,1572,0
SPY190717P299,2019-07-16,2019-07-16 09:38:53,0.18,0.9473,2052,0.17,0.8947,2435,0.17,0.8947,2,0.175,0.921,1572,0
SPY190717P299,2019-07-16,2019-07-16 09:38:54,0.18,0.9473,2238,0.17,0.8947,2170,0.17,0.8947,2,0.175,0.921,1572,0
SPY190717P299,2019-07-16,2019-07-16 09:38:55,0.18,0.9473,361,0.17,0.8947,3332,0.17,0.8947,2,0.175,0.921,1572,0
SPY190717P299,2019-07-16,2019-07-16 09:38:56,0.18,0.9473,361,0.17,0.8947,3245,0.17,0.8947,2,0.175,0.921,1572,0
SPY190717P299,2019-07-16,2019-07-16 09:38:57,0.18,0.9473,361,0.17,0.8947,3245,0.17,0.8947,2,0.175,0.921,1572,0
SPY190717P299,2019-07-16,2019-07-16 09:38:57,0.18,0.9473,361,0.17,0.8947,3245,0.18,0.9473,2,0.175,0.921,1574,2
SPY190717P299,2019-07-16,2019-07-16 09:39:02,0.18,0.9473,2386,0.17,0.8947,1838,0.18,0.9473,2,0.175,0.921,1574,0
SPY190717P299,2019-07-16,2019-07-16 09:39:06,0.18,0.9473,449,0.17,0.8947,2770,0.18,0.9473,2,0.175,0.921,1574,0
SPY190717P299,2019-07-16,2019-07-16 09:39:08,0.18,0.9473,397,0.17,0.8947,2984,0.18,0.9473,2,0.175,0.921,1574,0
SPY190717P299,2019-07-16,2019-07-16 09:39:09,0.18,0.9473,397,0.17,0.8947,2984,0.18,0.9473,2,0.175,0.921,1574,0
SPY190717P299,2019-07-16,2019-07-16 09:39:10,0.18,0.9473,297,0.17,0.8947,2913,0.18,0.9473,2,0.175,0.921,1574,0
SPY190717P299,2019-07-16,2019-07-16 09:39:11,0.18,0.9473,417,0.17,0.8947,2336,0.18,0.9473,2,0.175,0.921,1574,0
SPY190717P299,2019-07-16,2019-07-16 09:39:13,0.18,0.9473,1918,0.17,0.8947,2350,0.18,0.9473,2,0.175,0.921,1574,0
SPY190717P299,2019-07-16,2019-07-16 09:39:15,0.18,0.9473,1923,0.17,0.8947,2350,0.18,0.9473,2,0.175,0.921,1574,0
SPY190717P299,2019-07-16,2019-07-16 09:39:18,0.18,0.9473,1334,0.17,0.8947,1916,0.18,0.9473,2,0.175,0.921,1574,0
SPY190717P299,2019-07-16,2019-07-16 09:39:20,0.18,0.9473,1688,0.17,0.8947,1560,0.18,0.9473,2,0.175,0.921,1574,0
SPY190717P299,2019-07-16,2019-07-16 09:39:22,0.18,0.9473,1879,0.17,0.8947,2043,0.18,0.9473,2,0.175,0.921,1574,0
SPY190717P299,2019-07-16,2019-07-16 09:39:24,0.18,0.9473,3129,0.17,0.8947,521,0.17,0.8947,1,0.175,0.921,2575,1001
SPY190717P299,2019-07-16,2019-07-16 09:39:25,0.18,0.9473,3129,0.17,0.8947,495,0.17,0.8947,1,0.175,0.921,2575,0
SPY190717P299,2019-07-16,2019-07-16 09:39:28,0.18,0.9473,2968,0.17,0.8947,349,0.17,0.8947,1,0.175,0.921,2575,0
SPY190717P299,2019-07-16,2019-07-16 09:39:35,0.18,0.9473,2430,0.17,0.8947,1141,0.18,0.9473,10,0.175,0.921,2585,10
SPY190717P299,2019-07-16,2019-07-16 09:39:47,0.18,0.9473,2068,0.17,0.8947,849,0.18,0.9473,10,0.175,0.921,2585,0
SPY190717P299,2019-07-16,2019-07-16 09:39:48,0.18,0.9473,2166,0.17,0.8947,1416,0.18,0.9473,10,0.175,0.921,2585,0
SPY190717P299,2019-07-16,2019-07-16 09:39:50,0.18,0.9473,2166,0.17,0.8947,1416,0.18,0.9473,10,0.175,0.921,2585,0
SPY190717P299,2019-07-16,2019-07-16 09:39:51,0.18,0.9473,2116,0.17,0.8947,1909,0.18,0.9473,10,0.175,0.921,2585,0
SPY190717P299,2019-07-16,2019-07-16 09:39:52,0.18,0.9473,2116,0.17,0.8947,2076,0.18,0.9473,10,0.175,0.921,2585,0
SPY190717P299,2019-07-16,2019-07-16 09:39:53,0.18,0.9473,2116,0.17,0.8947,2076,0.18,0.9473,10,0.175,0.921,2585,0
SPY190717P299,2019-07-16,2019-07-16 09:42:10,0.15,0.7894,2355,0.14,0.7368,556,0.15,0.7894,1,0.145,0.7631,2748,163
SPY190717P299,2019-07-16,2019-07-16 09:42:11,0.15,0.7894,3210,0.14,0.7368,340,0.15,0.7894,1,0.145,0.7631,2748,0
SPY190717P299,2019-07-16,2019-07-16 09:42:12,0.15,0.7894,2316,0.14,0.7368,520,0.14,0.7368,1,0.145,0.7631,2749,0
SPY190717P299,2019-07-16,2019-07-16 09:42:12,0.15,0.7894,3330,0.14,0.7368,340,0.14,0.7368,1,0.145,0.7631,2749,1
SPY190717P299,2019-07-16,2019-07-16 09:42:13,0.15,0.7894,3071,0.14,0.7368,520,0.14,0.7368,1,0.145,0.7631,2749,0
SPY190717P299,2019-07-16,2019-07-16 09:42:14,0.15,0.7894,3061,0.14,0.7368,849,0.14,0.7368,1,0.145,0.7631,2749,0
SPY190717P299,2019-07-16,2019-07-16 09:42:14,0.15,0.7894,3061,0.14,0.7368,301,0.14,0.7368,1,0.145,0.7631,2749,0
SPY190717P299,2019-07-16,2019-07-16 09:42:15,0.15,0.7894,3125,0.14,0.7368,349,0.14,0.7368,1,0.145,0.7631,2749,0
SPY190717P299,2019-07-16,2019-07-16 09:42:15,0.15,0.7894,3135,0.14,0.7368,50,0.14,0.7368,1,0.145,0.7631,2749,0
SPY190717P299,2019-07-16,2019-07-16 09:42:16,0.15,0.7894,3125,0.14,0.7368,469,0.14,0.7368,1,0.145,0.7631,2749,0
SPY190717P299,2019-07-16,2019-07-16 09:42:17,0.15,0.7894,3125,0.14,0.7368,469,0.14,0.7368,1,0.145,0.7631,2749,0
SPY190717P299,2019-07-16,2019-07-16 09:42:18,0.15,0.7894,3125,0.14,0.7368,469,0.14,0.7368,1,0.145,0.7631,2749,0
SPY190717P299,2019-07-16,2019-07-16 09:42:19,0.15,0.7894,2356,0.14,0.7368,1556,0.14,0.7368,1,0.145,0.7631,2749,0
SPY190717P299,2019-07-16,2019-07-16 09:42:19,0.15,0.7894,2095,0.14,0.7368,1133,0.14,0.7368,1,0.145,0.7631,2749,0
SPY190717P299,2019-07-16,2019-07-16 09:42:20,0.15,0.7894,1761,0.14,0.7368,2972,0.14,0.7368,1,0.145,0.7631,2749,0
SPY190717P299,2019-07-16,2019-07-16 09:42:21,0.15,0.7894,1761,0.14,0.7368,3181,0.14,0.7368,1,0.145,0.7631,2749,0
SPY190717P299,2019-07-16,2019-07-16 09:42:21,0.15,0.7894,1423,0.14,0.7368,2077,0.14,0.7368,1,0.145,0.7631,2749,0
SPY190717P299,2019-07-16,2019-07-16 09:42:22,0.15,0.7894,1423,0.14,0.7368,2077,0.14,0.7368,1,0.145,0.7631,2749,0
SPY190717P299,2019-07-16,2019-07-16 09:42:23,0.15,0.7894,1301,0.14,0.7368,2953,0.15,0.7894,1,0.145,0.7631,2750,0
SPY190717P299,2019-07-16,2019-07-16 09:42:23,0.15,0.7894,2522,0.14,0.7368,2982,0.15,0.7894,1,0.145,0.7631,2750,1
SPY190717P299,2019-07-16,2019-07-16 09:42:24,0.15,0.7894,1413,0.14,0.7368,2983,0.14,0.7368,1,0.145,0.7631,2751,1
SPY190717P299,2019-07-16,2019-07-16 09:42:25,0.15,0.7894,1413,0.14,0.7368,3055,0.14,0.7368,1,0.145,0.7631,2751,0
SPY190717P299,2019-07-16,2019-07-16 09:42:26,0.15,0.7894,2014,0.14,0.7368,2971,0.14,0.7368,1,0.145,0.7631,2751,0
SPY190717P299,2019-07-16,2019-07-16 09:42:27,0.15,0.7894,2098,0.14,0.7368,3050,0.14,0.7368,1,0.145,0.7631,2751,0
SPY190717P299,2019-07-16,2019-07-16 09:42:28,0.15,0.7894,2098,0.14,0.7368,2374,0.14,0.7368,1,0.145,0.7631,2751,0
SPY190717P299,2019-07-16,2019-07-16 09:42:29,0.15,0.7894,1408,0.14,0.7368,2374,0.14,0.7368,1,0.145,0.7631,2751,0
SPY190717P299,2019-07-16,2019-07-16 09:42:30,0.15,0.7894,1408,0.14,0.7368,2374,0.14,0.7368,1,0.145,0.7631,2751,0
SPY190717P299,2019-07-16,2019-07-16 09:42:31,0.15,0.7894,1408,0.14,0.7368,2374,0.14,0.7368,1,0.145,0.7631,2751,0
SPY190717P299,2019-07-16,2019-07-16 09:42:32,0.15,0.7894,1301,0.14,0.7368,2374,0.14,0.7368,1,0.145,0.7631,2751,0
SPY190717P299,2019-07-16,2019-07-16 09:42:33,0.15,0.7894,430,0.14,0.7368,2042,0.14,0.7368,1,0.145,0.7631,2751,0
SPY190717P299,2019-07-16,2019-07-16 09:42:33,0.15,0.7894,430,0.14,0.7368,3075,0.14,0.7368,1,0.145,0.7631,2751,0
SPY190717P299,2019-07-16,2019-07-16 09:42:34,0.15,0.7894,349,0.14,0.7368,3315,0.14,0.7368,1,0.145,0.7631,2751,0
SPY190717P299,2019-07-16,2019-07-16 09:42:35,0.15,0.7894,349,0.14,0.7368,3347,0.14,0.7368,1,0.145,0.7631,2751,0
SPY190717P299,2019-07-16,2019-07-16 09:42:36,0.15,0.7894,296,0.14,0.7368,3347,0.14,0.7368,1,0.145,0.7631,2751,0
SPY190717P299,2019-07-16,2019-07-16 09:42:36,0.15,0.7894,21,0.14,0.7368,3063,0.15,0.7894,2,0.145,0.7631,2753,2
SPY190717P299,2019-07-16,2019-07-16 09:42:37,0.15,0.7894,21,0.14,0.7368,3694,0.15,0.7894,2,0.145,0.7631,2753,0
SPY190717P299,2019-07-16,2019-07-16 09:42:38,0.15,0.7894,21,0.14,0.7368,3796,0.15,0.7894,2,0.145,0.7631,2753,0
SPY190717P299,2019-07-16,2019-07-16 09:42:39,0.15,0.7894,21,0.14,0.7368,3703,0.15,0.7894,2,0.145,0.7631,2753,0
SPY190717P299,2019-07-16,2019-07-16 09:42:40,0.15,0.7894,21,0.14,0.7368,3995,0.15,0.7894,2,0.145,0.7631,2753,0
SPY190717P299,2019-07-16,2019-07-16 09:42:41,0.15,0.7894,21,0.14,0.7368,3995,0.15,0.7894,2,0.145,0.7631,2753,0
SPY190717P299,2019-07-16,2019-07-16 09:42:41,0.15,0.7894,21,0.14,0.7368,3703,0.15,0.7894,2,0.145,0.7631,2753,0
SPY190717P299,2019-07-16,2019-07-16 09:42:42,0.15,0.7894,21,0.14,0.7368,3592,0.15,0.7894,2,0.145,0.7631,2753,0
SPY190717P299,2019-07-16,2019-07-16 09:42:43,0.15,0.7894,21,0.14,0.7368,3592,0.15,0.7894,2,0.145,0.7631,2753,0
SPY190717P299,2019-07-16,2019-07-16 09:42:44,0.15,0.7894,21,0.14,0.7368,3448,0.14,0.7368,1,0.145,0.7631,2754,0
SPY190717P299,2019-07-16,2019-07-16 09:42:44,0.15,0.7894,21,0.14,0.7368,3445,0.14,0.7368,1,0.145,0.7631,2754,1
SPY190717P299,2019-07-16,2019-07-16 09:42:45,0.15,0.7894,21,0.14,0.7368,3448,0.14,0.7368,1,0.145,0.7631,2754,0
SPY190717P299,2019-07-16,2019-07-16 09:42:46,0.15,0.7894,21,0.14,0.7368,3448,0.14,0.7368,1,0.145,0.7631,2754,0
SPY190717P299,2019-07-16,2019-07-16 09:42:47,0.15,0.7894,21,0.14,0.7368,3024,0.14,0.7368,1,0.145,0.7631,2754,0
SPY190717P299,2019-07-16,2019-07-16 09:42:47,0.15,0.7894,21,0.14,0.7368,3448,0.14,0.7368,1,0.145,0.7631,2754,0
SPY190717P299,2019-07-16,2019-07-16 09:42:48,0.15,0.7894,21,0.14,0.7368,3464,0.14,0.7368,1,0.145,0.7631,2754,0
SPY190717P299,2019-07-16,2019-07-16 09:42:49,0.15,0.7894,21,0.14,0.7368,3464,0.14,0.7368,1,0.145,0.7631,2754,0
SPY190717P299,2019-07-16,2019-07-16 09:42:50,0.15,0.7894,21,0.14,0.7368,3464,0.14,0.7368,1,0.145,0.7631,2754,0
SPY190717P299,2019-07-16,2019-07-16 09:42:51,0.15,0.7894,21,0.14,0.7368,3464,0.14,0.7368,1,0.145,0.7631,2754,0
SPY190717P299,2019-07-16,2019-07-16 09:42:52,0.15,0.7894,108,0.14,0.7368,2337,0.14,0.7368,1,0.145,0.7631,2754,0
SPY190717P299,2019-07-16,2019-07-16 09:42:52,0.15,0.7894,21,0.14,0.7368,3464,0.14,0.7368,1,0.145,0.7631,2754,0
SPY190717P299,2019-07-16,2019-07-16 09:42:53,0.15,0.7894,108,0.14,0.7368,3203,0.14,0.7368,1,0.145,0.7631,2754,0
SPY190717P299,2019-07-16,2019-07-16 09:42:54,0.15,0.7894,108,0.14,0.7368,3665,0.14,0.7368,1,0.145,0.7631,2754,0
SPY190717P299,2019-07-16,2019-07-16 09:42:55,0.15,0.7894,108,0.14,0.7368,3665,0.14,0.7368,1,0.145,0.7631,2754,0
SPY190717P299,2019-07-16,2019-07-16 09:42:55,0.15,0.7894,108,0.14,0.7368,3661,0.14,0.7368,1,0.145,0.7631,2754,0
SPY190717P299,2019-07-16,2019-07-16 09:42:56,0.15,0.7894,108,0.14,0.7368,3391,0.14,0.7368,1,0.145,0.7631,2754,0
SPY190717P299,2019-07-16,2019-07-16 09:42:56,0.15,0.7894,108,0.14,0.7368,3284,0.14,0.7368,1,0.145,0.7631,2754,0
SPY190717P299,2019-07-16,2019-07-16 09:42:57,0.15,0.7894,746,0.14,0.7368,2418,0.14,0.7368,1,0.145,0.7631,2754,0
SPY190717P299,2019-07-16,2019-07-16 09:42:57,0.15,0.7894,756,0.14,0.7368,1659,0.14,0.7368,1,0.145,0.7631,2754,0
SPY190717P299,2019-07-16,2019-07-16 09:42:58,0.15,0.7894,874,0.14,0.7368,2756,0.14,0.7368,1,0.145,0.7631,2754,0
SPY190717P299,2019-07-16,2019-07-16 09:42:59,0.15,0.7894,938,0.14,0.7368,2895,0.14,0.7368,1,0.145,0.7631,2754,0
SPY190717P299,2019-07-16,2019-07-16 09:42:59,0.15,0.7894,746,0.14,0.7368,2104,0.14,0.7368,1,0.145,0.7631,2754,0
SPY190717P299,2019-07-16,2019-07-16 09:43:00,0.15,0.7894,746,0.14,0.7368,2928,0.14,0.7368,1,0.145,0.7631,2754,0
SPY190717P299,2019-07-16,2019-07-16 09:43:00,0.15,0.7894,746,0.14,0.7368,2973,0.14,0.7368,1,0.145,0.7631,2754,0
SPY190717P299,2019-07-16,2019-07-16 09:43:01,0.15,0.7894,958,0.14,0.7368,2893,0.14,0.7368,1,0.145,0.7631,2754,0
SPY190717P299,2019-07-16,2019-07-16 09:43:02,0.15,0.7894,850,0.14,0.7368,2893,0.14,0.7368,1,0.145,0.7631,2754,0
SPY190717P299,2019-07-16,2019-07-16 09:43:02,0.15,0.7894,850,0.14,0.7368,2903,0.14,0.7368,1,0.145,0.7631,2754,0
SPY190717P299,2019-07-16,2019-07-16 09:43:03,0.15,0.7894,296,0.14,0.7368,3342,0.14,0.7368,1,0.145,0.7631,2754,0
SPY190717P299,2019-07-16,2019-07-16 09:43:03,0.15,0.7894,296,0.14,0.7368,1633,0.14,0.7368,1,0.145,0.7631,2754,0
SPY190717P299,2019-07-16,2019-07-16 09:43:04,0.15,0.7894,296,0.14,0.7368,3342,0.14,0.7368,1,0.145,0.7631,2754,0
SPY190717P299,2019-07-16,2019-07-16 09:43:05,0.15,0.7894,296,0.14,0.7368,3342,0.14,0.7368,1,0.145,0.7631,2754,0
SPY190717P299,2019-07-16,2019-07-16 09:43:06,0.15,0.7894,21,0.14,0.7368,3331,0.14,0.7368,1,0.145,0.7631,2754,0
SPY190717P299,2019-07-16,2019-07-16 09:43:07,0.15,0.7894,21,0.14,0.7368,3392,0.16,0.8421,1,0.145,0.7631,2755,0
SPY190717P299,2019-07-16,2019-07-16 09:43:07,0.15,0.7894,21,0.14,0.7368,3392,0.16,0.8421,1,0.145,0.7631,2755,1
SPY190717P299,2019-07-16,2019-07-16 09:43:08,0.15,0.7894,315,0.14,0.7368,3392,0.16,0.8421,1,0.145,0.7631,2755,0
SPY190717P299,2019-07-16,2019-07-16 09:43:09,0.15,0.7894,371,0.14,0.7368,3392,0.16,0.8421,1,0.145,0.7631,2755,0
SPY190717P299,2019-07-16,2019-07-16 09:43:09,0.15,0.7894,315,0.14,0.7368,3392,0.16,0.8421,1,0.145,0.7631,2755,0
SPY190717P299,2019-07-16,2019-07-16 09:43:10,0.15,0.7894,371,0.14,0.7368,3392,0.16,0.8421,1,0.145,0.7631,2755,0
SPY190717P299,2019-07-16,2019-07-16 09:43:11,0.15,0.7894,149,0.14,0.7368,3331,0.16,0.8421,1,0.145,0.7631,2755,0
SPY190717P299,2019-07-16,2019-07-16 09:43:11,0.15,0.7894,149,0.14,0.7368,3450,0.16,0.8421,1,0.145,0.7631,2755,0
SPY190717P299,2019-07-16,2019-07-16 09:43:12,0.15,0.7894,327,0.14,0.7368,3498,0.16,0.8421,1,0.145,0.7631,2755,0
SPY190717P299,2019-07-16,2019-07-16 09:43:13,0.15,0.7894,24,0.14,0.7368,3522,0.16,0.8421,1,0.145,0.7631,2755,0
SPY190717P299,2019-07-16,2019-07-16 09:43:14,0.15,0.7894,311,0.14,0.7368,3396,0.16,0.8421,1,0.145,0.7631,2755,0
SPY190717P299,2019-07-16,2019-07-16 09:43:14,0.15,0.7894,311,0.14,0.7368,3396,0.14,0.7368,4,0.145,0.7631,2759,4
SPY190717P299,2019-07-16,2019-07-16 09:43:15,0.15,0.7894,311,0.14,0.7368,3396,0.14,0.7368,4,0.145,0.7631,2759,0
SPY190717P299,2019-07-16,2019-07-16 09:43:16,0.15,0.7894,311,0.14,0.7368,3396,0.14,0.7368,4,0.145,0.7631,2759,0
SPY190717P299,2019-07-16,2019-07-16 09:43:17,0.15,0.7894,311,0.14,0.7368,3308,0.14,0.7368,4,0.145,0.7631,2759,0
SPY190717P299,2019-07-16,2019-07-16 09:43:17,0.15,0.7894,421,0.14,0.7368,3308,0.14,0.7368,4,0.145,0.7631,2759,0
SPY190717P299,2019-07-16,2019-07-16 09:43:18,0.15,0.7894,421,0.14,0.7368,3308,0.14,0.7368,4,0.145,0.7631,2759,0
SPY190717P299,2019-07-16,2019-07-16 09:43:18,0.15,0.7894,421,0.14,0.7368,3704,0.14,0.7368,4,0.145,0.7631,2759,0
SPY190717P299,2019-07-16,2019-07-16 09:43:19,0.15,0.7894,460,0.14,0.7368,3704,0.14,0.7368,4,0.145,0.7631,2759,0
SPY190717P299,2019-07-16,2019-07-16 09:43:20,0.15,0.7894,460,0.14,0.7368,4402,0.14,0.7368,4,0.145,0.7631,2759,0
SPY190717P299,2019-07-16,2019-07-16 09:43:21,0.15,0.7894,460,0.14,0.7368,4675,0.14,0.7368,4,0.145,0.7631,2759,0
SPY190717P299,2019-07-16,2019-07-16 09:43:21,0.15,0.7894,460,0.14,0.7368,4402,0.14,0.7368,4,0.145,0.7631,2759,0
SPY190717P299,2019-07-16,2019-07-16 09:43:22,0.15,0.7894,450,0.14,0.7368,4776,0.14,0.7368,4,0.145,0.7631,2759,0
SPY190717P299,2019-07-16,2019-07-16 09:43:23,0.15,0.7894,450,0.14,0.7368,4776,0.14,0.7368,4,0.145,0.7631,2759,0
SPY190717P299,2019-07-16,2019-07-16 09:43:24,0.15,0.7894,450,0.14,0.7368,4454,0.14,0.7368,4,0.145,0.7631,2759,0
SPY190717P299,2019-07-16,2019-07-16 09:43:24,0.15,0.7894,450,0.14,0.7368,4023,0.14,0.7368,4,0.145,0.7631,2759,0
SPY190717P299,2019-07-16,2019-07-16 09:43:25,0.15,0.7894,340,0.14,0.7368,4964,0.14,0.7368,4,0.145,0.7631,2759,0
SPY190717P299,2019-07-16,2019-07-16 09:43:26,0.15,0.7894,340,0.14,0.7368,4964,0.14,0.7368,4,0.145,0.7631,2759,0
SPY190717P299,2019-07-16,2019-07-16 09:43:26,0.15,0.7894,340,0.14,0.7368,4361,0.14,0.7368,4,0.145,0.7631,2759,0
SPY190717P299,2019-07-16,2019-07-16 09:43:27,0.15,0.7894,341,0.14,0.7368,4361,0.14,0.7368,4,0.145,0.7631,2759,0
SPY190717P299,2019-07-16,2019-07-16 09:43:28,0.15,0.7894,341,0.14,0.7368,4992,0.14,0.7368,4,0.145,0.7631,2759,0
SPY190717P299,2019-07-16,2019-07-16 09:43:29,0.15,0.7894,21,0.14,0.7368,4992,0.14,0.7368,4,0.145,0.7631,2759,0
SPY190717P299,2019-07-16,2019-07-16 09:43:29,0.15,0.7894,21,0.14,0.7368,4950,0.14,0.7368,4,0.145,0.7631,2759,0
SPY190717P299,2019-07-16,2019-07-16 09:43:30,0.15,0.7894,21,0.14,0.7368,4950,0.14,0.7368,4,0.145,0.7631,2759,0
SPY190717P299,2019-07-16,2019-07-16 09:43:31,0.15,0.7894,294,0.14,0.7368,4950,0.14,0.7368,4,0.145,0.7631,2759,0
SPY190717P299,2019-07-16,2019-07-16 09:43:31,0.15,0.7894,21,0.14,0.7368,4950,0.14,0.7368,4,0.145,0.7631,2759,0
SPY190717P299,2019-07-16,2019-07-16 09:43:32,0.15,0.7894,21,0.14,0.7368,4950,0.14,0.7368,4,0.145,0.7631,2759,0
SPY190717P299,2019-07-16,2019-07-16 09:43:32,0.15,0.7894,21,0.14,0.7368,5232,0.14,0.7368,4,0.145,0.7631,2759,0
SPY190717P299,2019-07-16,2019-07-16 09:43:33,0.15,0.7894,291,0.14,0.7368,5181,0.14,0.7368,4,0.145,0.7631,2759,0
SPY190717P299,2019-07-16,2019-07-16 09:43:33,0.15,0.7894,299,0.14,0.7368,5251,0.14,0.7368,4,0.145,0.7631,2759,0
SPY190717P299,2019-07-16,2019-07-16 09:43:34,0.15,0.7894,299,0.14,0.7368,5251,0.14,0.7368,4,0.145,0.7631,2759,0
SPY190717P299,2019-07-16,2019-07-16 09:43:35,0.15,0.7894,299,0.14,0.7368,4927,0.14,0.7368,4,0.145,0.7631,2759,0
SPY190717P299,2019-07-16,2019-07-16 09:43:35,0.15,0.7894,299,0.14,0.7368,3777,0.14,0.7368,4,0.145,0.7631,2759,0
SPY190717P299,2019-07-16,2019-07-16 09:43:36,0.15,0.7894,299,0.14,0.7368,4927,0.14,0.7368,4,0.145,0.7631,2759,0
SPY190717P299,2019-07-16,2019-07-16 09:43:37,0.15,0.7894,299,0.14,0.7368,4927,0.14,0.7368,4,0.145,0.7631,2759,0
SPY190717P299,2019-07-16,2019-07-16 09:43:38,0.15,0.7894,299,0.14,0.7368,4927,0.14,0.7368,4,0.145,0.7631,2759,0
SPY190717P299,2019-07-16,2019-07-16 09:43:38,0.15,0.7894,600,0.14,0.7368,3442,0.14,0.7368,1,0.145,0.7631,2760,1
SPY190717P299,2019-07-16,2019-07-16 09:43:39,0.15,0.7894,1011,0.14,0.7368,3442,0.14,0.7368,1,0.145,0.7631,2760,0
SPY190717P299,2019-07-16,2019-07-16 09:43:40,0.15,0.7894,539,0.14,0.7368,4656,0.14,0.7368,1,0.145,0.7631,2760,0
SPY190717P299,2019-07-16,2019-07-16 09:43:40,0.15,0.7894,539,0.14,0.7368,4049,0.14,0.7368,1,0.145,0.7631,2760,0
SPY190717P299,2019-07-16,2019-07-16 09:43:41,0.15,0.7894,539,0.14,0.7368,4726,0.15,0.7894,105,0.145,0.7631,2865,105
SPY190717P299,2019-07-16,2019-07-16 09:43:42,0.15,0.7894,539,0.14,0.7368,4736,0.15,0.7894,105,0.145,0.7631,2865,0
SPY190717P299,2019-07-16,2019-07-16 09:43:43,0.15,0.7894,1277,0.14,0.7368,4129,0.15,0.7894,105,0.145,0.7631,2865,0
SPY190717P299,2019-07-16,2019-07-16 09:43:43,0.15,0.7894,946,0.14,0.7368,4129,0.15,0.7894,105,0.145,0.7631,2865,0
SPY190717P299,2019-07-16,2019-07-16 09:43:44,0.15,0.7894,812,0.14,0.7368,4748,0.15,0.7894,105,0.145,0.7631,2865,0
SPY190717P299,2019-07-16,2019-07-16 09:43:44,0.15,0.7894,697,0.14,0.7368,4129,0.15,0.7894,105,0.145,0.7631,2865,0
SPY190717P299,2019-07-16,2019-07-16 09:43:45,0.15,0.7894,742,0.14,0.7368,4626,0.15,0.7894,105,0.145,0.7631,2865,0
SPY190717P299,2019-07-16,2019-07-16 09:43:46,0.15,0.7894,742,0.14,0.7368,4185,0.15,0.7894,105,0.145,0.7631,2865,0
SPY190717P299,2019-07-16,2019-07-16 09:43:46,0.15,0.7894,742,0.14,0.7368,4812,0.15,0.7894,105,0.145,0.7631,2865,0
SPY190717P299,2019-07-16,2019-07-16 09:43:47,0.15,0.7894,878,0.14,0.7368,4812,0.15,0.7894,105,0.145,0.7631,2865,0
SPY190717P299,2019-07-16,2019-07-16 09:43:48,0.15,0.7894,878,0.14,0.7368,4812,0.15,0.7894,105,0.145,0.7631,2865,0
SPY190717P299,2019-07-16,2019-07-16 09:43:49,0.15,0.7894,1078,0.14,0.7368,5377,0.15,0.7894,105,0.145,0.7631,2865,0
SPY190717P299,2019-07-16,2019-07-16 09:43:50,0.15,0.7894,1456,0.14,0.7368,2940,0.15,0.7894,105,0.145,0.7631,2865,0
SPY190717P299,2019-07-16,2019-07-16 09:43:50,0.15,0.7894,1078,0.14,0.7368,4680,0.15,0.7894,105,0.145,0.7631,2865,0
SPY190717P299,2019-07-16,2019-07-16 09:43:51,0.15,0.7894,3098,0.14,0.7368,3889,0.15,0.7894,105,0.145,0.7631,2865,0
SPY190717P299,2019-07-16,2019-07-16 09:43:52,0.15,0.7894,3094,0.14,0.7368,3293,0.15,0.7894,1,0.145,0.7631,2866,1
SPY190717P299,2019-07-16,2019-07-16 09:43:52,0.15,0.7894,3094,0.14,0.7368,3293,0.15,0.7894,105,0.145,0.7631,2865,0
SPY190717P299,2019-07-16,2019-07-16 09:43:53,0.15,0.7894,3094,0.14,0.7368,3896,0.15,0.7894,1,0.145,0.7631,2866,0
SPY190717P299,2019-07-16,2019-07-16 09:43:53,0.15,0.7894,3094,0.14,0.7368,4011,0.15,0.7894,1,0.145,0.7631,2866,0
SPY190717P299,2019-07-16,2019-07-16 09:43:54,0.15,0.7894,1821,0.14,0.7368,4732,0.15,0.7894,1,0.145,0.7631,2866,0
SPY190717P299,2019-07-16,2019-07-16 09:43:55,0.15,0.7894,1492,0.14,0.7368,2921,0.15,0.7894,1,0.145,0.7631,2866,0
SPY190717P299,2019-07-16,2019-07-16 09:43:55,0.15,0.7894,1548,0.14,0.7368,3435,0.15,0.7894,1,0.145,0.7631,2866,0
SPY190717P299,2019-07-16,2019-07-16 09:43:56,0.15,0.7894,1548,0.14,0.7368,2660,0.15,0.7894,1,0.145,0.7631,2866,0
SPY190717P299,2019-07-16,2019-07-16 09:43:56,0.15,0.7894,1122,0.14,0.7368,2921,0.15,0.7894,1,0.145,0.7631,2866,0
SPY190717P299,2019-07-16,2019-07-16 09:43:57,0.15,0.7894,2193,0.14,0.7368,2801,0.15,0.7894,1,0.145,0.7631,2866,0
SPY190717P299,2019-07-16,2019-07-16 09:43:58,0.15,0.7894,2301,0.14,0.7368,2801,0.15,0.7894,1,0.145,0.7631,2866,0
SPY190717P299,2019-07-16,2019-07-16 09:43:59,0.15,0.7894,2301,0.14,0.7368,2239,0.15,0.7894,1,0.145,0.7631,2866,0
SPY190717P299,2019-07-16,2019-07-16 09:44:00,0.15,0.7894,2301,0.14,0.7368,2249,0.15,0.7894,1,0.145,0.7631,2866,0
SPY190717P299,2019-07-16,2019-07-16 09:44:00,0.15,0.7894,2301,0.14,0.7368,2239,0.15,0.7894,1,0.145,0.7631,2866,0
SPY190717P299,2019-07-16,2019-07-16 09:44:01,0.15,0.7894,3336,0.14,0.7368,3239,0.15,0.7894,1,0.145,0.7631,2866,0
SPY190717P299,2019-07-16,2019-07-16 09:44:02,0.15,0.7894,2401,0.14,0.7368,2193,0.15,0.7894,1,0.145,0.7631,2866,0
SPY190717P299,2019-07-16,2019-07-16 09:44:03,0.15,0.7894,1504,0.14,0.7368,1969,0.15,0.7894,1,0.145,0.7631,2866,0
SPY190717P299,2019-07-16,2019-07-16 09:44:03,0.15,0.7894,1183,0.14,0.7368,2123,0.15,0.7894,1,0.145,0.7631,2866,0
SPY190717P299,2019-07-16,2019-07-16 09:44:04,0.15,0.7894,2040,0.14,0.7368,2329,0.15,0.7894,1,0.145,0.7631,2866,0
SPY190717P299,2019-07-16,2019-07-16 09:44:04,0.15,0.7894,2300,0.14,0.7368,2329,0.15,0.7894,1,0.145,0.7631,2866,0
SPY190717P299,2019-07-16,2019-07-16 09:44:05,0.15,0.7894,1290,0.14,0.7368,2636,0.15,0.7894,1,0.145,0.7631,2866,0
SPY190717P299,2019-07-16,2019-07-16 09:44:05,0.15,0.7894,1664,0.14,0.7368,2636,0.15,0.7894,1,0.145,0.7631,2867,1
SPY190717P299,2019-07-16,2019-07-16 09:44:06,0.15,0.7894,1664,0.14,0.7368,2636,0.15,0.7894,1,0.145,0.7631,2867,0
SPY190717P299,2019-07-16,2019-07-16 09:44:07,0.15,0.7894,1664,0.14,0.7368,2524,0.15,0.7894,1,0.145,0.7631,2867,0
SPY190717P299,2019-07-16,2019-07-16 09:44:07,0.15,0.7894,2300,0.14,0.7368,2524,0.15,0.7894,1,0.145,0.7631,2867,0
SPY190717P299,2019-07-16,2019-07-16 09:44:08,0.15,0.7894,1182,0.14,0.7368,3123,0.15,0.7894,1,0.145,0.7631,2867,0
SPY190717P299,2019-07-16,2019-07-16 09:44:09,0.15,0.7894,1182,0.14,0.7368,2630,0.15,0.7894,1,0.145,0.7631,2867,0
SPY190717P299,2019-07-16,2019-07-16 09:44:09,0.15,0.7894,1182,0.14,0.7368,3754,0.15,0.7894,1,0.145,0.7631,2867,0
SPY190717P299,2019-07-16,2019-07-16 09:44:10,0.15,0.7894,1061,0.14,0.7368,4152,0.15,0.7894,1,0.145,0.7631,2867,0
SPY190717P299,2019-07-16,2019-07-16 09:44:11,0.15,0.7894,1061,0.14,0.7368,4152,0.15,0.7894,1,0.145,0.7631,2867,0
SPY190717P299,2019-07-16,2019-07-16 09:44:12,0.15,0.7894,1061,0.14,0.7368,4152,0.15,0.7894,1,0.145,0.7631,2867,0
SPY190717P299,2019-07-16,2019-07-16 09:44:13,0.15,0.7894,1061,0.14,0.7368,4152,0.15,0.7894,1,0.145,0.7631,2867,0
SPY190717P299,2019-07-16,2019-07-16 09:44:14,0.15,0.7894,463,0.14,0.7368,3769,0.15,0.7894,1,0.145,0.7631,2867,0
SPY190717P299,2019-07-16,2019-07-16 09:44:14,0.15,0.7894,1051,0.14,0.7368,5042,0.15,0.7894,1,0.145,0.7631,2867,0
SPY190717P299,2019-07-16,2019-07-16 09:44:15,0.15,0.7894,463,0.14,0.7368,4997,0.15,0.7894,1,0.145,0.7631,2867,0
SPY190717P299,2019-07-16,2019-07-16 09:44:15,0.15,0.7894,463,0.14,0.7368,3639,0.15,0.7894,1,0.145,0.7631,2867,0
SPY190717P299,2019-07-16,2019-07-16 09:44:16,0.15,0.7894,463,0.14,0.7368,3722,0.15,0.7894,1,0.145,0.7631,2867,0
SPY190717P299,2019-07-16,2019-07-16 09:44:16,0.15,0.7894,463,0.14,0.7368,4995,0.15,0.7894,1,0.145,0.7631,2867,0
SPY190717P299,2019-07-16,2019-07-16 09:44:17,0.15,0.7894,463,0.14,0.7368,3844,0.15,0.7894,1,0.145,0.7631,2867,0
SPY190717P299,2019-07-16,2019-07-16 09:44:17,0.15,0.7894,463,0.14,0.7368,5130,0.15,0.7894,1,0.145,0.7631,2867,0
SPY190717P299,2019-07-16,2019-07-16 09:44:18,0.15,0.7894,463,0.14,0.7368,5130,0.15,0.7894,1,0.145,0.7631,2867,0
SPY190717P299,2019-07-16,2019-07-16 09:44:19,0.15,0.7894,463,0.14,0.7368,5130,0.15,0.7894,1,0.145,0.7631,2867,0
SPY190717P299,2019-07-16,2019-07-16 09:44:19,0.15,0.7894,463,0.14,0.7368,4616,0.15,0.7894,1,0.145,0.7631,2867,0
SPY190717P299,2019-07-16,2019-07-16 09:44:20,0.15,0.7894,463,0.14,0.7368,4616,0.15,0.7894,1,0.145,0.7631,2867,0
SPY190717P299,2019-07-16,2019-07-16 09:44:21,0.15,0.7894,546,0.14,0.7368,4364,0.15,0.7894,1,0.145,0.7631,2867,0
SPY190717P299,2019-07-16,2019-07-16 09:44:21,0.15,0.7894,666,0.14,0.7368,4877,0.15,0.7894,1,0.145,0.7631,2867,0
SPY190717P299,2019-07-16,2019-07-16 09:44:22,0.15,0.7894,412,0.14,0.7368,4364,0.15,0.7894,1,0.145,0.7631,2867,0
SPY190717P299,2019-07-16,2019-07-16 09:44:23,0.15,0.7894,579,0.14,0.7368,4875,0.15,0.7894,1,0.145,0.7631,2867,0
SPY190717P299,2019-07-16,2019-07-16 09:44:23,0.15,0.7894,579,0.14,0.7368,4362,0.15,0.7894,1,0.145,0.7631,2867,0
SPY190717P299,2019-07-16,2019-07-16 09:44:24,0.15,0.7894,579,0.14,0.7368,4362,0.15,0.7894,1,0.145,0.7631,2867,0
SPY190717P299,2019-07-16,2019-07-16 09:44:24,0.15,0.7894,579,0.14,0.7368,4876,0.15,0.7894,1,0.145,0.7631,2867,0
SPY190717P299,2019-07-16,2019-07-16 09:44:25,0.15,0.7894,579,0.14,0.7368,4016,0.15,0.7894,1,0.145,0.7631,2867,0
SPY190717P299,2019-07-16,2019-07-16 09:44:25,0.15,0.7894,1093,0.14,0.7368,3976,0.15,0.7894,1,0.145,0.7631,2867,0
SPY190717P299,2019-07-16,2019-07-16 09:44:26,0.15,0.7894,1299,0.14,0.7368,3976,0.15,0.7894,1,0.145,0.7631,2867,0
SPY190717P299,2019-07-16,2019-07-16 09:44:27,0.15,0.7894,1349,0.14,0.7368,4646,0.15,0.7894,1,0.145,0.7631,2867,0
SPY190717P299,2019-07-16,2019-07-16 09:44:27,0.15,0.7894,1244,0.14,0.7368,4123,0.15,0.7894,1,0.145,0.7631,2867,0
SPY190717P299,2019-07-16,2019-07-16 09:44:28,0.15,0.7894,1349,0.14,0.7368,4646,0.15,0.7894,1,0.145,0.7631,2867,0
SPY190717P299,2019-07-16,2019-07-16 09:44:28,0.15,0.7894,1349,0.14,0.7368,4721,0.15,0.7894,1,0.145,0.7631,2867,0
SPY190717P299,2019-07-16,2019-07-16 09:44:29,0.15,0.7894,1066,0.14,0.7368,4646,0.15,0.7894,1,0.145,0.7631,2867,0
SPY190717P299,2019-07-16,2019-07-16 09:44:29,0.15,0.7894,1066,0.14,0.7368,4644,0.15,0.7894,1,0.145,0.7631,2867,0
SPY190717P299,2019-07-16,2019-07-16 09:44:30,0.15,0.7894,1066,0.14,0.7368,4131,0.15,0.7894,1,0.145,0.7631,2867,0
SPY190717P299,2019-07-16,2019-07-16 09:44:31,0.15,0.7894,1066,0.14,0.7368,4206,0.15,0.7894,1,0.145,0.7631,2867,0
SPY190717P299,2019-07-16,2019-07-16 09:44:31,0.15,0.7894,1066,0.14,0.7368,4131,0.15,0.7894,1,0.145,0.7631,2867,0
SPY190717P299,2019-07-16,2019-07-16 09:44:32,0.15,0.7894,1066,0.14,0.7368,2966,0.15,0.7894,1,0.145,0.7631,2867,0
SPY190717P299,2019-07-16,2019-07-16 09:44:32,0.15,0.7894,1066,0.14,0.7368,4206,0.15,0.7894,1,0.145,0.7631,2867,0
SPY190717P299,2019-07-16,2019-07-16 09:44:33,0.15,0.7894,1066,0.14,0.7368,2966,0.15,0.7894,1,0.145,0.7631,2867,0
SPY190717P299,2019-07-16,2019-07-16 09:44:34,0.15,0.7894,1066,0.14,0.7368,2966,0.15,0.7894,1,0.145,0.7631,2867,0
SPY190717P299,2019-07-16,2019-07-16 09:44:35,0.15,0.7894,1248,0.14,0.7368,2966,0.15,0.7894,35,0.145,0.7631,2902,35
SPY190717P299,2019-07-16,2019-07-16 09:44:35,0.15,0.7894,1248,0.14,0.7368,2966,0.15,0.7894,1,0.145,0.7631,2867,0
SPY190717P299,2019-07-16,2019-07-16 09:44:36,0.15,0.7894,1248,0.14,0.7368,2966,0.15,0.7894,35,0.145,0.7631,2902,0
SPY190717P299,2019-07-16,2019-07-16 09:44:37,0.15,0.7894,1248,0.14,0.7368,2966,0.15,0.7894,35,0.145,0.7631,2902,0
SPY190717P299,2019-07-16,2019-07-16 09:44:37,0.15,0.7894,1248,0.14,0.7368,3480,0.15,0.7894,35,0.145,0.7631,2902,0
SPY190717P299,2019-07-16,2019-07-16 09:44:38,0.15,0.7894,1248,0.14,0.7368,2966,0.15,0.7894,35,0.145,0.7631,2902,0
SPY190717P299,2019-07-16,2019-07-16 09:44:39,0.15,0.7894,1248,0.14,0.7368,2966,0.15,0.7894,35,0.145,0.7631,2902,0
SPY190717P299,2019-07-16,2019-07-16 09:44:40,0.15,0.7894,492,0.14,0.7368,2966,0.15,0.7894,35,0.145,0.7631,2902,0
SPY190717P299,2019-07-16,2019-07-16 09:44:40,0.15,0.7894,512,0.14,0.7368,2966,0.15,0.7894,35,0.145,0.7631,2902,0
SPY190717P299,2019-07-16,2019-07-16 09:44:41,0.15,0.7894,512,0.14,0.7368,3480,0.15,0.7894,35,0.145,0.7631,2902,0
SPY190717P299,2019-07-16,2019-07-16 09:44:42,0.15,0.7894,597,0.14,0.7368,3480,0.15,0.7894,35,0.145,0.7631,2902,0
SPY190717P299,2019-07-16,2019-07-16 09:44:42,0.15,0.7894,581,0.14,0.7368,3481,0.15,0.7894,35,0.145,0.7631,2902,0
SPY190717P299,2019-07-16,2019-07-16 09:44:43,0.15,0.7894,581,0.14,0.7368,3481,0.15,0.7894,35,0.145,0.7631,2902,0
SPY190717P299,2019-07-16,2019-07-16 09:44:43,0.15,0.7894,581,0.14,0.7368,4140,0.15,0.7894,35,0.145,0.7631,2902,0
SPY190717P299,2019-07-16,2019-07-16 09:44:44,0.15,0.7894,581,0.14,0.7368,4140,0.15,0.7894,35,0.145,0.7631,2902,0
SPY190717P299,2019-07-16,2019-07-16 09:44:44,0.15,0.7894,581,0.14,0.7368,2966,0.15,0.7894,35,0.145,0.7631,2902,0
SPY190717P299,2019-07-16,2019-07-16 09:44:45,0.15,0.7894,581,0.14,0.7368,3479,0.15,0.7894,35,0.145,0.7631,2902,0
SPY190717P299,2019-07-16,2019-07-16 09:44:46,0.15,0.7894,999,0.14,0.7368,3479,0.15,0.7894,35,0.145,0.7631,2902,0
SPY190717P299,2019-07-16,2019-07-16 09:44:47,0.15,0.7894,947,0.14,0.7368,3429,0.15,0.7894,35,0.145,0.7631,2902,0
SPY190717P299,2019-07-16,2019-07-16 09:44:48,0.15,0.7894,947,0.14,0.7368,3429,0.15,0.7894,35,0.145,0.7631,2902,0
SPY190717P299,2019-07-16,2019-07-16 09:44:48,0.15,0.7894,947,0.14,0.7368,2916,0.15,0.7894,35,0.145,0.7631,2902,0
SPY190717P299,2019-07-16,2019-07-16 09:44:49,0.15,0.7894,947,0.14,0.7368,2838,0.15,0.7894,35,0.145,0.7631,2902,0
SPY190717P299,2019-07-16,2019-07-16 09:44:49,0.15,0.7894,1251,0.14,0.7368,2763,0.15,0.7894,35,0.145,0.7631,2902,0
SPY190717P299,2019-07-16,2019-07-16 09:44:50,0.15,0.7894,1251,0.14,0.7368,2763,0.15,0.7894,35,0.145,0.7631,2902,0
SPY190717P299,2019-07-16,2019-07-16 09:44:51,0.15,0.7894,1251,0.14,0.7368,2763,0.15,0.7894,35,0.145,0.7631,2902,0
SPY190717P299,2019-07-16,2019-07-16 09:44:52,0.15,0.7894,1251,0.14,0.7368,2813,0.15,0.7894,35,0.145,0.7631,2902,0
SPY190717P299,2019-07-16,2019-07-16 09:44:53,0.15,0.7894,2088,0.14,0.7368,3515,0.15,0.7894,35,0.145,0.7631,2902,0
SPY190717P299,2019-07-16,2019-07-16 09:44:53,0.15,0.7894,1159,0.14,0.7368,2430,0.15,0.7894,35,0.145,0.7631,2902,0
SPY190717P299,2019-07-16,2019-07-16 09:44:54,0.15,0.7894,2193,0.14,0.7368,3515,0.15,0.7894,35,0.145,0.7631,2902,0
SPY190717P299,2019-07-16,2019-07-16 09:44:55,0.15,0.7894,2193,0.14,0.7368,3515,0.15,0.7894,35,0.145,0.7631,2902,0
SPY190717P299,2019-07-16,2019-07-16 09:44:56,0.15,0.7894,1981,0.14,0.7368,1831,0.15,0.7894,35,0.145,0.7631,2902,0
SPY190717P299,2019-07-16,2019-07-16 09:44:56,0.15,0.7894,3072,0.14,0.7368,2704,0.15,0.7894,35,0.145,0.7631,2902,0
SPY190717P299,2019-07-16,2019-07-16 09:44:57,0.15,0.7894,2913,0.14,0.7368,3466,0.15,0.7894,35,0.145,0.7631,2902,0
SPY190717P299,2019-07-16,2019-07-16 09:44:57,0.15,0.7894,2037,0.14,0.7368,2091,0.15,0.7894,35,0.145,0.7631,2902,0
SPY190717P299,2019-07-16,2019-07-16 09:44:58,0.15,0.7894,2913,0.14,0.7368,3569,0.15,0.7894,35,0.145,0.7631,2902,0
SPY190717P299,2019-07-16,2019-07-16 09:44:58,0.15,0.7894,2913,0.14,0.7368,3466,0.15,0.7894,35,0.145,0.7631,2902,0
SPY190717P299,2019-07-16,2019-07-16 09:44:59,0.15,0.7894,2494,0.14,0.7368,3165,0.15,0.7894,35,0.145,0.7631,2902,0
SPY190717P299,2019-07-16,2019-07-16 09:45:00,0.15,0.7894,2316,0.14,0.7368,3503,0.14,0.7368,1,0.145,0.7631,2903,1
SPY190717P299,2019-07-16,2019-07-16 09:45:00,0.15,0.7894,2170,0.14,0.7368,4014,0.14,0.7368,1,0.145,0.7631,2903,0
SPY190717P299,2019-07-16,2019-07-16 09:45:01,0.15,0.7894,1416,0.14,0.7368,2994,0.14,0.7368,1,0.145,0.7631,2903,0
SPY190717P299,2019-07-16,2019-07-16 09:45:02,0.15,0.7894,1594,0.14,0.7368,2167,0.14,0.7368,1,0.145,0.7631,2903,0
SPY190717P299,2019-07-16,2019-07-16 09:45:02,0.15,0.7894,2129,0.14,0.7368,3995,0.14,0.7368,1,0.145,0.7631,2903,0
SPY190717P299,2019-07-16,2019-07-16 09:45:03,0.15,0.7894,2244,0.14,0.7368,1114,0.14,0.7368,1,0.145,0.7631,2903,0
SPY190717P299,2019-07-16,2019-07-16 09:45:04,0.15,0.7894,2447,0.14,0.7368,1336,0.14,0.7368,1,0.145,0.7631,2903,0
SPY190717P299,2019-07-16,2019-07-16 09:45:04,0.15,0.7894,2447,0.14,0.7368,965,0.14,0.7368,1,0.145,0.7631,2903,0
SPY190717P299,2019-07-16,2019-07-16 09:45:05,0.15,0.7894,2986,0.14,0.7368,481,0.14,0.7368,1,0.145,0.7631,2903,0
SPY190717P299,2019-07-16,2019-07-16 09:45:05,0.15,0.7894,2054,0.14,0.7368,965,0.14,0.7368,1,0.145,0.7631,2903,0
SPY190717P299,2019-07-16,2019-07-16 09:45:06,0.15,0.7894,2986,0.14,0.7368,411,0.14,0.7368,1,0.145,0.7631,2903,0
SPY190717P299,2019-07-16,2019-07-16 09:45:07,0.15,0.7894,3077,0.14,0.7368,581,0.14,0.7368,1,0.145,0.7631,2903,0
SPY190717P299,2019-07-16,2019-07-16 09:45:07,0.15,0.7894,3029,0.14,0.7368,581,0.15,0.7894,150,0.145,0.7631,3053,150
SPY190717P299,2019-07-16,2019-07-16 09:45:08,0.15,0.7894,3029,0.14,0.7368,581,0.15,0.7894,150,0.145,0.7631,3053,0
SPY190717P299,2019-07-16,2019-07-16 09:45:08,0.15,0.7894,3166,0.13,0.6842,4162,0.15,0.7894,150,0.14,0.7368,3053,0
SPY190717P299,2019-07-16,2019-07-16 09:45:09,0.15,0.7894,2377,0.14,0.7368,421,0.15,0.7894,150,0.145,0.7631,3053,0
SPY190717P299,2019-07-16,2019-07-16 09:45:09,0.15,0.7894,3166,0.13,0.6842,4257,0.15,0.7894,150,0.14,0.7368,3053,0
SPY190717P299,2019-07-16,2019-07-16 09:45:10,0.15,0.7894,3274,0.14,0.7368,301,0.15,0.7894,150,0.145,0.7631,3053,0
SPY190717P299,2019-07-16,2019-07-16 09:45:11,0.15,0.7894,3225,0.14,0.7368,415,0.15,0.7894,150,0.145,0.7631,3053,0
SPY190717P299,2019-07-16,2019-07-16 09:45:11,0.15,0.7894,3274,0.14,0.7368,425,0.15,0.7894,150,0.145,0.7631,3053,0
SPY190717P299,2019-07-16,2019-07-16 09:45:12,0.15,0.7894,3222,0.14,0.7368,415,0.15,0.7894,150,0.145,0.7631,3053,0
SPY190717P299,2019-07-16,2019-07-16 09:45:13,0.15,0.7894,3149,0.14,0.7368,415,0.15,0.7894,150,0.145,0.7631,3053,0
SPY190717P299,2019-07-16,2019-07-16 09:45:13,0.15,0.7894,3104,0.14,0.7368,415,0.15,0.7894,150,0.145,0.7631,3053,0
SPY190717P299,2019-07-16,2019-07-16 09:45:14,0.15,0.7894,3298,0.14,0.7368,415,0.15,0.7894,150,0.145,0.7631,3053,0
SPY190717P299,2019-07-16,2019-07-16 09:45:15,0.15,0.7894,2803,0.14,0.7368,770,0.15,0.7894,150,0.145,0.7631,3053,0
SPY190717P299,2019-07-16,2019-07-16 09:45:15,0.15,0.7894,3106,0.14,0.7368,1066,0.15,0.7894,150,0.145,0.7631,3053,0
SPY190717P299,2019-07-16,2019-07-16 09:45:16,0.15,0.7894,2918,0.14,0.7368,770,0.15,0.7894,150,0.145,0.7631,3053,0
SPY190717P299,2019-07-16,2019-07-16 09:45:16,0.15,0.7894,2908,0.14,0.7368,770,0.14,0.7368,1,0.145,0.7631,3054,1
SPY190717P299,2019-07-16,2019-07-16 09:45:17,0.15,0.7894,2908,0.14,0.7368,631,0.14,0.7368,1,0.145,0.7631,3054,0
SPY190717P299,2019-07-16,2019-07-16 09:45:18,0.15,0.7894,2951,0.14,0.7368,541,0.14,0.7368,1,0.145,0.7631,3054,0
SPY190717P299,2019-07-16,2019-07-16 09:45:18,0.15,0.7894,3052,0.14,0.7368,541,0.14,0.7368,1,0.145,0.7631,3054,0
SPY190717P299,2019-07-16,2019-07-16 09:45:19,0.15,0.7894,3052,0.14,0.7368,584,0.14,0.7368,1,0.145,0.7631,3054,0
SPY190717P299,2019-07-16,2019-07-16 09:45:20,0.15,0.7894,3052,0.14,0.7368,584,0.14,0.7368,1,0.145,0.7631,3054,0
SPY190717P299,2019-07-16,2019-07-16 09:45:21,0.15,0.7894,2892,0.14,0.7368,5,0.14,0.7368,1,0.145,0.7631,3054,0
SPY190717P299,2019-07-16,2019-07-16 09:45:22,0.14,0.7368,295,0.14,0.7368,296,0.14,0.7368,1,0.14,0.7368,3054,0
SPY190717P299,2019-07-16,2019-07-16 09:45:22,0.15,0.7894,3027,0.14,0.7368,349,0.14,0.7368,1,0.145,0.7631,3054,0
SPY190717P299,2019-07-16,2019-07-16 09:45:23,0.14,0.7368,1063,0.13,0.6842,4724,0.14,0.7368,1,0.135,0.7105,3054,0
SPY190717P299,2019-07-16,2019-07-16 09:45:23,0.14,0.7368,519,0.13,0.6842,6071,0.14,0.7368,1,0.135,0.7105,3054,0
SPY190717P299,2019-07-16,2019-07-16 09:45:24,0.14,0.7368,1063,0.13,0.6842,4724,0.14,0.7368,1,0.135,0.7105,3054,0
SPY190717P299,2019-07-16,2019-07-16 09:45:24,0.14,0.7368,1063,0.13,0.6842,6248,0.14,0.7368,1,0.135,0.7105,3054,0
SPY190717P299,2019-07-16,2019-07-16 09:45:25,0.14,0.7368,1063,0.13,0.6842,5632,0.14,0.7368,1,0.135,0.7105,3054,0
SPY190717P299,2019-07-16,2019-07-16 09:45:26,0.14,0.7368,1980,0.13,0.6842,4724,0.14,0.7368,1,0.135,0.7105,3054,0
SPY190717P299,2019-07-16,2019-07-16 09:45:26,0.14,0.7368,1297,0.13,0.6842,3572,0.14,0.7368,1,0.135,0.7105,3054,0
SPY190717P299,2019-07-16,2019-07-16 09:45:27,0.14,0.7368,469,0.13,0.6842,5397,0.14,0.7368,1,0.135,0.7105,3054,0
SPY190717P299,2019-07-16,2019-07-16 09:45:27,0.14,0.7368,1980,0.13,0.6842,5432,0.14,0.7368,1,0.135,0.7105,3054,0
SPY190717P299,2019-07-16,2019-07-16 09:45:28,0.14,0.7368,448,0.13,0.6842,3998,0.13,0.6842,1,0.135,0.7105,3055,1
SPY190717P299,2019-07-16,2019-07-16 09:45:29,0.14,0.7368,448,0.13,0.6842,3998,0.13,0.6842,1,0.135,0.7105,3055,0
SPY190717P299,2019-07-16,2019-07-16 09:45:29,0.14,0.7368,448,0.13,0.6842,5317,0.13,0.6842,1,0.135,0.7105,3055,0
SPY190717P299,2019-07-16,2019-07-16 09:45:30,0.14,0.7368,448,0.13,0.6842,5400,0.13,0.6842,1,0.135,0.7105,3055,0
SPY190717P299,2019-07-16,2019-07-16 09:45:31,0.14,0.7368,448,0.13,0.6842,5400,0.13,0.6842,1,0.135,0.7105,3055,0
SPY190717P299,2019-07-16,2019-07-16 09:45:32,0.14,0.7368,448,0.13,0.6842,5138,0.14,0.7368,1,0.135,0.7105,3056,1
SPY190717P299,2019-07-16,2019-07-16 09:45:32,0.14,0.7368,577,0.13,0.6842,5138,0.14,0.7368,1,0.135,0.7105,3056,0
SPY190717P299,2019-07-16,2019-07-16 09:45:33,0.14,0.7368,589,0.13,0.6842,5138,0.14,0.7368,1,0.135,0.7105,3056,0
SPY190717P299,2019-07-16,2019-07-16 09:45:35,0.14,0.7368,1926,0.13,0.6842,3241,0.14,0.7368,1,0.135,0.7105,3056,0
SPY190717P299,2019-07-16,2019-07-16 09:45:35,0.14,0.7368,1985,0.13,0.6842,4591,0.14,0.7368,1,0.135,0.7105,3056,0
SPY190717P299,2019-07-16,2019-07-16 09:45:36,0.14,0.7368,2222,0.13,0.6842,3241,0.14,0.7368,1,0.135,0.7105,3056,0
SPY190717P299,2019-07-16,2019-07-16 09:45:37,0.14,0.7368,2302,0.13,0.6842,2945,0.14,0.7368,1,0.135,0.7105,3056,0
SPY190717P299,2019-07-16,2019-07-16 09:45:37,0.14,0.7368,2302,0.13,0.6842,3119,0.14,0.7368,1,0.135,0.7105,3056,0
SPY190717P299,2019-07-16,2019-07-16 09:45:38,0.14,0.7368,2207,0.13,0.6842,2945,0.14,0.7368,1,0.135,0.7105,3056,0
SPY190717P299,2019-07-16,2019-07-16 09:45:38,0.14,0.7368,3087,0.13,0.6842,3222,0.14,0.7368,1,0.135,0.7105,3056,0
SPY190717P299,2019-07-16,2019-07-16 09:45:39,0.14,0.7368,3087,0.13,0.6842,3222,0.14,0.7368,1,0.135,0.7105,3056,0
SPY190717P299,2019-07-16,2019-07-16 09:45:39,0.14,0.7368,2907,0.13,0.6842,3626,0.14,0.7368,1,0.135,0.7105,3056,0
SPY190717P299,2019-07-16,2019-07-16 09:45:40,0.14,0.7368,1341,0.13,0.6842,4648,0.14,0.7368,1,0.135,0.7105,3056,0
SPY190717P299,2019-07-16,2019-07-16 09:45:41,0.14,0.7368,2745,0.13,0.6842,4648,0.14,0.7368,1,0.135,0.7105,3056,0
SPY190717P299,2019-07-16,2019-07-16 09:45:41,0.14,0.7368,1191,0.13,0.6842,3540,0.14,0.7368,1,0.135,0.7105,3056,0
SPY190717P299,2019-07-16,2019-07-16 09:45:42,0.14,0.7368,1191,0.13,0.6842,3540,0.14,0.7368,1,0.135,0.7105,3056,0
SPY190717P299,2019-07-16,2019-07-16 09:45:42,0.14,0.7368,1646,0.13,0.6842,3528,0.14,0.7368,1,0.135,0.7105,3056,0
SPY190717P299,2019-07-16,2019-07-16 09:45:43,0.14,0.7368,1191,0.13,0.6842,3540,0.14,0.7368,1,0.135,0.7105,3056,0
SPY190717P299,2019-07-16,2019-07-16 09:45:43,0.14,0.7368,1667,0.13,0.6842,3540,0.14,0.7368,1,0.135,0.7105,3056,0
SPY190717P299,2019-07-16,2019-07-16 09:45:44,0.14,0.7368,1137,0.13,0.6842,3528,0.14,0.7368,1,0.135,0.7105,3056,0
SPY190717P299,2019-07-16,2019-07-16 09:45:45,0.14,0.7368,2607,0.13,0.6842,3430,0.13,0.6842,1,0.135,0.7105,3057,0
SPY190717P299,2019-07-16,2019-07-16 09:45:45,0.14,0.7368,2607,0.13,0.6842,3528,0.13,0.6842,1,0.135,0.7105,3057,1
SPY190717P299,2019-07-16,2019-07-16 09:45:46,0.14,0.7368,2607,0.13,0.6842,3430,0.13,0.6842,1,0.135,0.7105,3057,0
SPY190717P299,2019-07-16,2019-07-16 09:45:46,0.14,0.7368,2868,0.13,0.6842,3918,0.13,0.6842,1,0.135,0.7105,3057,0
SPY190717P299,2019-07-16,2019-07-16 09:45:47,0.14,0.7368,3476,0.13,0.6842,3680,0.13,0.6842,1,0.135,0.7105,3057,0
SPY190717P299,2019-07-16,2019-07-16 09:45:47,0.14,0.7368,2855,0.13,0.6842,3397,0.13,0.6842,1,0.135,0.7105,3057,0
SPY190717P299,2019-07-16,2019-07-16 09:45:48,0.14,0.7368,3625,0.13,0.6842,4065,0.13,0.6842,1,0.135,0.7105,3057,0
SPY190717P299,2019-07-16,2019-07-16 09:45:49,0.14,0.7368,3625,0.13,0.6842,4065,0.13,0.6842,1,0.135,0.7105,3057,0
SPY190717P299,2019-07-16,2019-07-16 09:45:49,0.14,0.7368,3517,0.13,0.6842,3993,0.13,0.6842,1,0.135,0.7105,3057,0
SPY190717P299,2019-07-16,2019-07-16 09:45:50,0.14,0.7368,3625,0.13,0.6842,4091,0.13,0.6842,1,0.135,0.7105,3057,0
SPY190717P299,2019-07-16,2019-07-16 09:45:50,0.14,0.7368,3517,0.13,0.6842,3993,0.13,0.6842,1,0.135,0.7105,3057,0
SPY190717P299,2019-07-16,2019-07-16 09:45:51,0.14,0.7368,3625,0.13,0.6842,4091,0.13,0.6842,1,0.135,0.7105,3057,0
SPY190717P299,2019-07-16,2019-07-16 09:45:52,0.14,0.7368,3625,0.13,0.6842,4091,0.13,0.6842,1,0.135,0.7105,3057,0
SPY190717P299,2019-07-16,2019-07-16 09:45:53,0.14,0.7368,2579,0.13,0.6842,2994,0.13,0.6842,1,0.135,0.7105,3057,0
SPY190717P299,2019-07-16,2019-07-16 09:45:53,0.14,0.7368,3646,0.13,0.6842,4056,0.13,0.6842,1,0.135,0.7105,3057,0
SPY190717P299,2019-07-16,2019-07-16 09:45:54,0.14,0.7368,3646,0.13,0.6842,4056,0.13,0.6842,1,0.135,0.7105,3057,0
SPY190717P299,2019-07-16,2019-07-16 09:45:54,0.14,0.7368,3558,0.13,0.6842,2747,0.13,0.6842,1,0.135,0.7105,3057,0
SPY190717P299,2019-07-16,2019-07-16 09:45:55,0.14,0.7368,3473,0.13,0.6842,2747,0.13,0.6842,1,0.135,0.7105,3057,0
SPY190717P299,2019-07-16,2019-07-16 09:45:56,0.14,0.7368,3473,0.13,0.6842,2907,0.13,0.6842,1,0.135,0.7105,3057,0
SPY190717P299,2019-07-16,2019-07-16 09:45:56,0.14,0.7368,3473,0.13,0.6842,2834,0.13,0.6842,1,0.135,0.7105,3057,0
SPY190717P299,2019-07-16,2019-07-16 09:45:57,0.14,0.7368,3473,0.13,0.6842,1846,0.13,0.6842,1,0.135,0.7105,3057,0
SPY190717P299,2019-07-16,2019-07-16 09:45:58,0.14,0.7368,3473,0.13,0.6842,2656,0.13,0.6842,1,0.135,0.7105,3057,0
SPY190717P299,2019-07-16,2019-07-16 09:45:58,0.14,0.7368,3473,0.13,0.6842,1846,0.13,0.6842,1,0.135,0.7105,3057,0
SPY190717P299,2019-07-16,2019-07-16 09:45:59,0.14,0.7368,3473,0.13,0.6842,2656,0.13,0.6842,1,0.135,0.7105,3057,0
SPY190717P299,2019-07-16,2019-07-16 09:46:00,0.14,0.7368,3248,0.13,0.6842,1040,0.13,0.6842,1,0.135,0.7105,3057,0
SPY190717P299,2019-07-16,2019-07-16 09:46:00,0.14,0.7368,3473,0.13,0.6842,2738,0.13,0.6842,1,0.135,0.7105,3057,0
SPY190717P299,2019-07-16,2019-07-16 09:46:01,0.14,0.7368,3326,0.13,0.6842,2070,0.13,0.6842,1,0.135,0.7105,3057,0
SPY190717P299,2019-07-16,2019-07-16 09:46:02,0.14,0.7368,2803,0.13,0.6842,3163,0.13,0.6842,1,0.135,0.7105,3057,0
SPY190717P299,2019-07-16,2019-07-16 09:46:02,0.14,0.7368,3241,0.13,0.6842,3590,0.13,0.6842,1,0.135,0.7105,3057,0
SPY190717P299,2019-07-16,2019-07-16 09:46:03,0.14,0.7368,2803,0.13,0.6842,4128,0.13,0.6842,3,0.135,0.7105,3060,3
SPY190717P299,2019-07-16,2019-07-16 09:46:03,0.14,0.7368,2803,0.13,0.6842,4256,0.13,0.6842,3,0.135,0.7105,3060,0
SPY190717P299,2019-07-16,2019-07-16 09:46:04,0.14,0.7368,2803,0.13,0.6842,3771,0.13,0.6842,3,0.135,0.7105,3060,0
SPY190717P299,2019-07-16,2019-07-16 09:46:04,0.14,0.7368,2803,0.13,0.6842,3165,0.13,0.6842,3,0.135,0.7105,3060,0
SPY190717P299,2019-07-16,2019-07-16 09:46:05,0.14,0.7368,2803,0.13,0.6842,3771,0.13,0.6842,3,0.135,0.7105,3060,0
SPY190717P299,2019-07-16,2019-07-16 09:46:06,0.14,0.7368,2711,0.13,0.6842,3898,0.13,0.6842,3,0.135,0.7105,3060,0
SPY190717P299,2019-07-16,2019-07-16 09:46:06,0.14,0.7368,2776,0.13,0.6842,1582,0.13,0.6842,3,0.135,0.7105,3060,0
SPY190717P299,2019-07-16,2019-07-16 09:46:07,0.14,0.7368,2711,0.13,0.6842,4058,0.13,0.6842,3,0.135,0.7105,3060,0
SPY190717P299,2019-07-16,2019-07-16 09:46:08,0.14,0.7368,2711,0.13,0.6842,4332,0.13,0.6842,3,0.135,0.7105,3060,0
SPY190717P299,2019-07-16,2019-07-16 09:46:08,0.14,0.7368,2870,0.13,0.6842,4222,0.13,0.6842,3,0.135,0.7105,3060,0
SPY190717P299,2019-07-16,2019-07-16 09:46:09,0.14,0.7368,2711,0.13,0.6842,4332,0.13,0.6842,3,0.135,0.7105,3060,0
SPY190717P299,2019-07-16,2019-07-16 09:46:10,0.14,0.7368,2917,0.13,0.6842,3051,0.13,0.6842,3,0.135,0.7105,3060,0
SPY190717P299,2019-07-16,2019-07-16 09:46:11,0.14,0.7368,2917,0.13,0.6842,3209,0.13,0.6842,3,0.135,0.7105,3060,0
SPY190717P299,2019-07-16,2019-07-16 09:46:12,0.14,0.7368,2809,0.13,0.6842,3212,0.13,0.6842,3,0.135,0.7105,3060,0
SPY190717P299,2019-07-16,2019-07-16 09:46:12,0.14,0.7368,2917,0.13,0.6842,3212,0.13,0.6842,3,0.135,0.7105,3060,0
SPY190717P299,2019-07-16,2019-07-16 09:46:13,0.14,0.7368,1325,0.13,0.6842,4527,0.13,0.6842,3,0.135,0.7105,3060,0
SPY190717P299,2019-07-16,2019-07-16 09:46:13,0.14,0.7368,2809,0.13,0.6842,3212,0.13,0.6842,3,0.135,0.7105,3060,0
SPY190717P299,2019-07-16,2019-07-16 09:46:14,0.14,0.7368,1663,0.13,0.6842,3437,0.13,0.6842,3,0.135,0.7105,3060,0
SPY190717P299,2019-07-16,2019-07-16 09:46:15,0.14,0.7368,1663,0.13,0.6842,2905,0.13,0.6842,3,0.135,0.7105,3060,0
SPY190717P299,2019-07-16,2019-07-16 09:46:16,0.14,0.7368,2113,0.13,0.6842,2860,0.13,0.6842,3,0.135,0.7105,3060,0
SPY190717P299,2019-07-16,2019-07-16 09:46:16,0.14,0.7368,1663,0.13,0.6842,2850,0.13,0.6842,3,0.135,0.7105,3060,0
SPY190717P299,2019-07-16,2019-07-16 09:46:17,0.14,0.7368,2066,0.13,0.6842,3539,0.13,0.6842,3,0.135,0.7105,3060,0
SPY190717P299,2019-07-16,2019-07-16 09:46:19,0.14,0.7368,1204,0.13,0.6842,3329,0.13,0.6842,2,0.135,0.7105,3062,2
SPY190717P299,2019-07-16,2019-07-16 09:46:21,0.14,0.7368,1307,0.13,0.6842,4289,0.13,0.6842,2,0.135,0.7105,3062,0
SPY190717P299,2019-07-16,2019-07-16 09:46:21,0.14,0.7368,1307,0.13,0.6842,3947,0.13,0.6842,2,0.135,0.7105,3062,0
SPY190717P299,2019-07-16,2019-07-16 09:46:22,0.14,0.7368,1307,0.13,0.6842,4008,0.13,0.6842,2,0.135,0.7105,3062,0
SPY190717P299,2019-07-16,2019-07-16 09:46:23,0.14,0.7368,1888,0.13,0.6842,3723,0.13,0.6842,2,0.135,0.7105,3062,0
SPY190717P299,2019-07-16,2019-07-16 09:46:23,0.14,0.7368,1888,0.13,0.6842,4149,0.13,0.6842,2,0.135,0.7105,3062,0
SPY190717P299,2019-07-16,2019-07-16 09:46:24,0.14,0.7368,1888,0.13,0.6842,4281,0.13,0.6842,2,0.135,0.7105,3062,0
SPY190717P299,2019-07-16,2019-07-16 09:46:25,0.14,0.7368,1888,0.13,0.6842,4372,0.13,0.6842,2,0.135,0.7105,3062,0
SPY190717P299,2019-07-16,2019-07-16 09:46:25,0.14,0.7368,2053,0.13,0.6842,2650,0.13,0.6842,2,0.135,0.7105,3062,0
SPY190717P299,2019-07-16,2019-07-16 09:46:26,0.14,0.7368,956,0.13,0.6842,3495,0.13,0.6842,2,0.135,0.7105,3062,0
SPY190717P299,2019-07-16,2019-07-16 09:46:26,0.14,0.7368,956,0.13,0.6842,3845,0.13,0.6842,2,0.135,0.7105,3062,0
SPY190717P299,2019-07-16,2019-07-16 09:46:27,0.14,0.7368,990,0.13,0.6842,3833,0.13,0.6842,2,0.135,0.7105,3062,0
SPY190717P299,2019-07-16,2019-07-16 09:46:27,0.14,0.7368,990,0.13,0.6842,3821,0.13,0.6842,2,0.135,0.7105,3062,0
SPY190717P299,2019-07-16,2019-07-16 09:46:28,0.14,0.7368,990,0.13,0.6842,3821,0.13,0.6842,2,0.135,0.7105,3062,0
SPY190717P299,2019-07-16,2019-07-16 09:46:29,0.14,0.7368,990,0.13,0.6842,3999,0.13,0.6842,2,0.135,0.7105,3062,0
SPY190717P299,2019-07-16,2019-07-16 09:46:31,0.14,0.7368,990,0.13,0.6842,3821,0.13,0.6842,2,0.135,0.7105,3062,0
SPY190717P299,2019-07-16,2019-07-16 09:46:32,0.14,0.7368,990,0.13,0.6842,5110,0.13,0.6842,2,0.135,0.7105,3062,0
SPY190717P299,2019-07-16,2019-07-16 09:46:32,0.14,0.7368,990,0.13,0.6842,4747,0.13,0.6842,2,0.135,0.7105,3062,0
SPY190717P299,2019-07-16,2019-07-16 09:46:33,0.14,0.7368,662,0.13,0.6842,5497,0.13,0.6842,2,0.135,0.7105,3062,0
SPY190717P299,2019-07-16,2019-07-16 09:46:34,0.14,0.7368,1266,0.13,0.6842,3636,0.13,0.6842,2,0.135,0.7105,3062,0
SPY190717P299,2019-07-16,2019-07-16 09:46:34,0.14,0.7368,631,0.13,0.6842,2154,0.13,0.6842,2,0.135,0.7105,3062,0
SPY190717P299,2019-07-16,2019-07-16 09:46:35,0.14,0.7368,1293,0.13,0.6842,3636,0.13,0.6842,2,0.135,0.7105,3062,0
SPY190717P299,2019-07-16,2019-07-16 09:46:36,0.14,0.7368,769,0.13,0.6842,2930,0.13,0.6842,2,0.135,0.7105,3062,0
SPY190717P299,2019-07-16,2019-07-16 09:46:37,0.14,0.7368,82,0.13,0.6842,4229,0.13,0.6842,2,0.135,0.7105,3062,0
SPY190717P299,2019-07-16,2019-07-16 09:46:37,0.14,0.7368,669,0.13,0.6842,4229,0.13,0.6842,2,0.135,0.7105,3062,0
SPY190717P299,2019-07-16,2019-07-16 09:46:39,0.14,0.7368,676,0.13,0.6842,4743,0.13,0.6842,2,0.135,0.7105,3062,0
SPY190717P299,2019-07-16,2019-07-16 09:46:40,0.14,0.7368,873,0.13,0.6842,4892,0.13,0.6842,2,0.135,0.7105,3062,0
SPY190717P299,2019-07-16,2019-07-16 09:46:40,0.14,0.7368,187,0.13,0.6842,4892,0.13,0.6842,2,0.135,0.7105,3062,0
SPY190717P299,2019-07-16,2019-07-16 09:46:42,0.14,0.7368,1498,0.13,0.6842,4899,0.13,0.6842,2,0.135,0.7105,3062,0
SPY190717P299,2019-07-16,2019-07-16 09:46:43,0.14,0.7368,1652,0.13,0.6842,4757,0.13,0.6842,2,0.135,0.7105,3062,0
SPY190717P299,2019-07-16,2019-07-16 09:46:44,0.14,0.7368,1652,0.13,0.6842,3710,0.13,0.6842,2,0.135,0.7105,3062,0
SPY190717P299,2019-07-16,2019-07-16 09:46:45,0.14,0.7368,2899,0.13,0.6842,4371,0.13,0.6842,2,0.135,0.7105,3062,0
SPY190717P299,2019-07-16,2019-07-16 09:46:49,0.14,0.7368,581,0.13,0.6842,4553,0.13,0.6842,2,0.135,0.7105,3085,23
SPY190717P299,2019-07-16,2019-07-16 09:46:51,0.14,0.7368,1336,0.13,0.6842,4482,0.13,0.6842,2,0.135,0.7105,3085,0
SPY190717P299,2019-07-16,2019-07-16 09:46:53,0.14,0.7368,492,0.13,0.6842,4672,0.13,0.6842,2,0.135,0.7105,3085,0
SPY190717P299,2019-07-16,2019-07-16 09:46:54,0.14,0.7368,634,0.13,0.6842,4581,0.13,0.6842,2,0.135,0.7105,3085,0
SPY190717P299,2019-07-16,2019-07-16 09:46:55,0.14,0.7368,478,0.13,0.6842,4608,0.13,0.6842,2,0.135,0.7105,3085,0
SPY190717P299,2019-07-16,2019-07-16 09:46:57,0.14,0.7368,470,0.13,0.6842,4699,0.13,0.6842,2,0.135,0.7105,3085,0
SPY190717P299,2019-07-16,2019-07-16 09:46:59,0.14,0.7368,30,0.13,0.6842,4891,0.13,0.6842,2,0.135,0.7105,3085,0
SPY190717P299,2019-07-16,2019-07-16 09:47:00,0.14,0.7368,30,0.13,0.6842,5014,0.13,0.6842,2,0.135,0.7105,3085,0
SPY190717P299,2019-07-16,2019-07-16 09:47:01,0.14,0.7368,10,0.13,0.6842,4891,0.14,0.7368,10,0.135,0.7105,3185,100
SPY190717P299,2019-07-16,2019-07-16 09:47:02,0.14,0.7368,10,0.13,0.6842,4868,0.14,0.7368,10,0.135,0.7105,3185,0
SPY190717P299,2019-07-16,2019-07-16 09:47:03,0.14,0.7368,10,0.13,0.6842,4947,0.14,0.7368,10,0.135,0.7105,3185,0
SPY190717P299,2019-07-16,2019-07-16 09:47:03,0.14,0.7368,10,0.13,0.6842,5677,0.14,0.7368,10,0.135,0.7105,3185,0
SPY190717P299,2019-07-16,2019-07-16 09:47:04,0.14,0.7368,10,0.13,0.6842,4947,0.14,0.7368,10,0.135,0.7105,3185,0
SPY190717P299,2019-07-16,2019-07-16 09:47:05,0.14,0.7368,10,0.13,0.6842,5689,0.14,0.7368,10,0.135,0.7105,3185,0
SPY190717P299,2019-07-16,2019-07-16 09:47:06,0.14,0.7368,10,0.13,0.6842,5488,0.14,0.7368,10,0.135,0.7105,3185,0
SPY190717P299,2019-07-16,2019-07-16 09:47:07,0.14,0.7368,10,0.13,0.6842,5488,0.14,0.7368,10,0.135,0.7105,3185,0
SPY190717P299,2019-07-16,2019-07-16 09:47:07,0.15,0.7894,1661,0.14,0.7368,144,0.14,0.7368,10,0.145,0.7631,3185,0
SPY190717P299,2019-07-16,2019-07-16 09:47:08,0.15,0.7894,3523,0.14,0.7368,1856,0.14,0.7368,10,0.145,0.7631,3185,0
SPY190717P299,2019-07-16,2019-07-16 09:47:09,0.15,0.7894,3523,0.14,0.7368,3159,0.14,0.7368,10,0.145,0.7631,3185,0
SPY190717P299,2019-07-16,2019-07-16 09:47:09,0.15,0.7894,3655,0.14,0.7368,3292,0.14,0.7368,10,0.145,0.7631,3185,0
SPY190717P299,2019-07-16,2019-07-16 09:47:10,0.15,0.7894,3644,0.14,0.7368,3630,0.14,0.7368,10,0.145,0.7631,3185,0
SPY190717P299,2019-07-16,2019-07-16 09:47:11,0.15,0.7894,3644,0.14,0.7368,3630,0.14,0.7368,10,0.145,0.7631,3185,0
SPY190717P299,2019-07-16,2019-07-16 09:47:11,0.15,0.7894,2709,0.14,0.7368,2337,0.14,0.7368,10,0.145,0.7631,3185,0
SPY190717P299,2019-07-16,2019-07-16 09:47:12,0.15,0.7894,2709,0.14,0.7368,2337,0.14,0.7368,10,0.145,0.7631,3185,0
SPY190717P299,2019-07-16,2019-07-16 09:47:13,0.15,0.7894,2709,0.14,0.7368,2337,0.14,0.7368,10,0.145,0.7631,3185,0
SPY190717P299,2019-07-16,2019-07-16 09:47:14,0.15,0.7894,2627,0.14,0.7368,2675,0.14,0.7368,10,0.145,0.7631,3185,0
SPY190717P299,2019-07-16,2019-07-16 09:47:15,0.15,0.7894,2735,0.14,0.7368,2675,0.14,0.7368,10,0.145,0.7631,3185,0
SPY190717P299,2019-07-16,2019-07-16 09:47:15,0.15,0.7894,2627,0.14,0.7368,2675,0.14,0.7368,10,0.145,0.7631,3185,0
SPY190717P299,2019-07-16,2019-07-16 09:47:17,0.15,0.7894,2735,0.14,0.7368,2337,0.14,0.7368,10,0.145,0.7631,3185,0
SPY190717P299,2019-07-16,2019-07-16 09:47:18,0.15,0.7894,2735,0.14,0.7368,2337,0.14,0.7368,10,0.145,0.7631,3185,0
SPY190717P299,2019-07-16,2019-07-16 09:47:19,0.15,0.7894,3814,0.14,0.7368,3382,0.14,0.7368,10,0.145,0.7631,3185,0
SPY190717P299,2019-07-16,2019-07-16 09:47:19,0.15,0.7894,3849,0.14,0.7368,3382,0.14,0.7368,10,0.145,0.7631,3185,0
SPY190717P299,2019-07-16,2019-07-16 09:47:20,0.15,0.7894,3814,0.14,0.7368,3450,0.14,0.7368,10,0.145,0.7631,3185,0
SPY190717P299,2019-07-16,2019-07-16 09:47:21,0.15,0.7894,3814,0.14,0.7368,3788,0.14,0.7368,10,0.145,0.7631,3185,0
SPY190717P299,2019-07-16,2019-07-16 09:47:21,0.15,0.7894,3814,0.14,0.7368,3450,0.14,0.7368,10,0.145,0.7631,3185,0
SPY190717P299,2019-07-16,2019-07-16 09:47:22,0.15,0.7894,1422,0.14,0.7368,2788,0.14,0.7368,10,0.145,0.7631,3185,0
SPY190717P299,2019-07-16,2019-07-16 09:47:23,0.15,0.7894,1290,0.14,0.7368,3706,0.15,0.7894,3,0.145,0.7631,3188,3
SPY190717P299,2019-07-16,2019-07-16 09:47:25,0.15,0.7894,1895,0.14,0.7368,3913,0.15,0.7894,3,0.145,0.7631,3188,0
SPY190717P299,2019-07-16,2019-07-16 09:47:26,0.15,0.7894,1895,0.14,0.7368,3229,0.15,0.7894,3,0.145,0.7631,3188,0
SPY190717P299,2019-07-16,2019-07-16 09:47:26,0.15,0.7894,1142,0.14,0.7368,3229,0.15,0.7894,3,0.145,0.7631,3188,0
SPY190717P299,2019-07-16,2019-07-16 09:47:27,0.15,0.7894,725,0.14,0.7368,3229,0.15,0.7894,3,0.145,0.7631,3188,0
SPY190717P299,2019-07-16,2019-07-16 09:47:28,0.15,0.7894,48,0.14,0.7368,5160,0.15,0.7894,3,0.145,0.7631,3188,0
SPY190717P299,2019-07-16,2019-07-16 09:47:28,0.15,0.7894,20,0.14,0.7368,4647,0.15,0.7894,3,0.145,0.7631,3188,0
SPY190717P299,2019-07-16,2019-07-16 09:47:29,0.15,0.7894,913,0.14,0.7368,4342,0.15,0.7894,3,0.145,0.7631,3188,0
SPY190717P299,2019-07-16,2019-07-16 09:47:29,0.15,0.7894,135,0.14,0.7368,4617,0.15,0.7894,3,0.145,0.7631,3188,0
SPY190717P299,2019-07-16,2019-07-16 09:47:30,0.15,0.7894,135,0.14,0.7368,3956,0.15,0.7894,3,0.145,0.7631,3188,0
SPY190717P299,2019-07-16,2019-07-16 09:47:31,0.15,0.7894,135,0.14,0.7368,3262,0.15,0.7894,3,0.145,0.7631,3188,0
SPY190717P299,2019-07-16,2019-07-16 09:47:32,0.15,0.7894,968,0.14,0.7368,3456,0.15,0.7894,3,0.145,0.7631,3188,0
SPY190717P299,2019-07-16,2019-07-16 09:47:33,0.15,0.7894,1075,0.14,0.7368,4701,0.15,0.7894,3,0.145,0.7631,3188,0
SPY190717P299,2019-07-16,2019-07-16 09:47:34,0.15,0.7894,1075,0.14,0.7368,4573,0.15,0.7894,3,0.145,0.7631,3188,0
SPY190717P299,2019-07-16,2019-07-16 09:47:35,0.15,0.7894,1075,0.14,0.7368,3323,0.15,0.7894,3,0.145,0.7631,3188,0
SPY190717P299,2019-07-16,2019-07-16 09:47:35,0.15,0.7894,1075,0.14,0.7368,4556,0.15,0.7894,3,0.145,0.7631,3188,0
SPY190717P299,2019-07-16,2019-07-16 09:47:37,0.15,0.7894,1075,0.14,0.7368,4556,0.15,0.7894,3,0.145,0.7631,3188,0
SPY190717P299,2019-07-16,2019-07-16 09:47:38,0.15,0.7894,1898,0.14,0.7368,4556,0.15,0.7894,3,0.145,0.7631,3188,0
SPY190717P299,2019-07-16,2019-07-16 09:47:38,0.15,0.7894,1900,0.14,0.7368,4556,0.15,0.7894,3,0.145,0.7631,3188,0
SPY190717P299,2019-07-16,2019-07-16 09:47:39,0.15,0.7894,1867,0.14,0.7368,4556,0.15,0.7894,3,0.145,0.7631,3188,0
SPY190717P299,2019-07-16,2019-07-16 09:47:40,0.15,0.7894,1169,0.14,0.7368,4556,0.15,0.7894,3,0.145,0.7631,3188,0
SPY190717P299,2019-07-16,2019-07-16 09:47:42,0.15,0.7894,1017,0.14,0.7368,4556,0.15,0.7894,3,0.145,0.7631,3188,0
SPY190717P299,2019-07-16,2019-07-16 09:47:43,0.15,0.7894,1017,0.14,0.7368,3323,0.15,0.7894,3,0.145,0.7631,3188,0
SPY190717P299,2019-07-16,2019-07-16 09:47:44,0.15,0.7894,1017,0.14,0.7368,4041,0.15,0.7894,3,0.145,0.7631,3188,0
SPY190717P299,2019-07-16,2019-07-16 09:47:45,0.15,0.7894,1023,0.14,0.7368,4524,0.15,0.7894,3,0.145,0.7631,3188,0
SPY190717P299,2019-07-16,2019-07-16 09:47:45,0.15,0.7894,1017,0.14,0.7368,4314,0.15,0.7894,3,0.145,0.7631,3188,0
SPY190717P299,2019-07-16,2019-07-16 09:47:46,0.15,0.7894,1023,0.14,0.7368,4524,0.15,0.7894,3,0.145,0.7631,3188,0
SPY190717P299,2019-07-16,2019-07-16 09:47:47,0.15,0.7894,158,0.14,0.7368,4551,0.15,0.7894,3,0.145,0.7631,3188,0
SPY190717P299,2019-07-16,2019-07-16 09:47:47,0.15,0.7894,1017,0.14,0.7368,4551,0.15,0.7894,3,0.145,0.7631,3188,0
SPY190717P299,2019-07-16,2019-07-16 09:47:48,0.15,0.7894,158,0.14,0.7368,5068,0.15,0.7894,3,0.145,0.7631,3188,0
SPY190717P299,2019-07-16,2019-07-16 09:47:49,0.15,0.7894,158,0.14,0.7368,4906,0.15,0.7894,3,0.145,0.7631,3188,0
SPY190717P299,2019-07-16,2019-07-16 09:47:49,0.15,0.7894,158,0.14,0.7368,4961,0.15,0.7894,3,0.145,0.7631,3188,0
SPY190717P299,2019-07-16,2019-07-16 09:47:50,0.15,0.7894,158,0.14,0.7368,5124,0.15,0.7894,3,0.145,0.7631,3188,0
SPY190717P299,2019-07-16,2019-07-16 09:47:50,0.15,0.7894,703,0.14,0.7368,4486,0.15,0.7894,3,0.145,0.7631,3188,0
SPY190717P299,2019-07-16,2019-07-16 09:47:51,0.15,0.7894,703,0.14,0.7368,4486,0.15,0.7894,3,0.145,0.7631,3188,0
SPY190717P299,2019-07-16,2019-07-16 09:47:52,0.15,0.7894,646,0.14,0.7368,5158,0.15,0.7894,3,0.145,0.7631,3188,0
SPY190717P299,2019-07-16,2019-07-16 09:47:52,0.15,0.7894,646,0.14,0.7368,4959,0.15,0.7894,3,0.145,0.7631,3188,0
SPY190717P299,2019-07-16,2019-07-16 09:47:53,0.15,0.7894,646,0.14,0.7368,4479,0.15,0.7894,3,0.145,0.7631,3188,0
SPY190717P299,2019-07-16,2019-07-16 09:47:53,0.15,0.7894,646,0.14,0.7368,5150,0.15,0.7894,3,0.145,0.7631,3188,0
SPY190717P299,2019-07-16,2019-07-16 09:47:54,0.15,0.7894,949,0.14,0.7368,5150,0.15,0.7894,3,0.145,0.7631,3188,0
SPY190717P299,2019-07-16,2019-07-16 09:47:55,0.15,0.7894,949,0.14,0.7368,5150,0.15,0.7894,3,0.145,0.7631,3188,0
SPY190717P299,2019-07-16,2019-07-16 09:47:55,0.15,0.7894,949,0.14,0.7368,3873,0.15,0.7894,3,0.145,0.7631,3188,0
SPY190717P299,2019-07-16,2019-07-16 09:47:56,0.15,0.7894,949,0.14,0.7368,4431,0.15,0.7894,3,0.145,0.7631,3188,0
SPY190717P299,2019-07-16,2019-07-16 09:47:57,0.15,0.7894,949,0.14,0.7368,4308,0.15,0.7894,3,0.145,0.7631,3188,0
SPY190717P299,2019-07-16,2019-07-16 09:47:58,0.15,0.7894,1688,0.14,0.7368,4296,0.15,0.7894,3,0.145,0.7631,3188,0
SPY190717P299,2019-07-16,2019-07-16 09:47:58,0.15,0.7894,1987,0.14,0.7368,4514,0.15,0.7894,3,0.145,0.7631,3188,0
SPY190717P299,2019-07-16,2019-07-16 09:47:59,0.15,0.7894,1875,0.14,0.7368,3615,0.15,0.7894,3,0.145,0.7631,3188,0
SPY190717P299,2019-07-16,2019-07-16 09:47:59,0.15,0.7894,1228,0.14,0.7368,1903,0.15,0.7894,3,0.145,0.7631,3188,0
SPY190717P299,2019-07-16,2019-07-16 09:48:00,0.15,0.7894,1106,0.14,0.7368,2912,0.15,0.7894,3,0.145,0.7631,3188,0
SPY190717P299,2019-07-16,2019-07-16 09:48:01,0.15,0.7894,1057,0.14,0.7368,4935,0.15,0.7894,3,0.145,0.7631,3188,0
SPY190717P299,2019-07-16,2019-07-16 09:48:01,0.15,0.7894,1057,0.14,0.7368,4724,0.15,0.7894,3,0.145,0.7631,3188,0
SPY190717P299,2019-07-16,2019-07-16 09:48:02,0.15,0.7894,1057,0.14,0.7368,4801,0.15,0.7894,3,0.145,0.7631,3188,0
SPY190717P299,2019-07-16,2019-07-16 09:48:03,0.15,0.7894,2169,0.14,0.7368,4094,0.15,0.7894,3,0.145,0.7631,3188,0
SPY190717P299,2019-07-16,2019-07-16 09:48:03,0.15,0.7894,2277,0.14,0.7368,4094,0.15,0.7894,3,0.145,0.7631,3188,0
SPY190717P299,2019-07-16,2019-07-16 09:48:04,0.15,0.7894,2169,0.14,0.7368,4094,0.15,0.7894,3,0.145,0.7631,3188,0
SPY190717P299,2019-07-16,2019-07-16 09:48:05,0.15,0.7894,1617,0.14,0.7368,2546,0.15,0.7894,3,0.145,0.7631,3188,0
SPY190717P299,2019-07-16,2019-07-16 09:48:06,0.15,0.7894,1617,0.14,0.7368,3057,0.15,0.7894,3,0.145,0.7631,3188,0
SPY190717P299,2019-07-16,2019-07-16 09:48:06,0.15,0.7894,1617,0.14,0.7368,2796,0.15,0.7894,3,0.145,0.7631,3188,0
SPY190717P299,2019-07-16,2019-07-16 09:48:07,0.15,0.7894,1617,0.14,0.7368,2755,0.15,0.7894,3,0.145,0.7631,3188,0
SPY190717P299,2019-07-16,2019-07-16 09:48:07,0.15,0.7894,1617,0.14,0.7368,3057,0.15,0.7894,3,0.145,0.7631,3188,0
SPY190717P299,2019-07-16,2019-07-16 09:48:08,0.15,0.7894,1617,0.14,0.7368,2755,0.15,0.7894,3,0.145,0.7631,3188,0
SPY190717P299,2019-07-16,2019-07-16 09:48:09,0.15,0.7894,1617,0.14,0.7368,2804,0.15,0.7894,3,0.145,0.7631,3188,0
SPY190717P299,2019-07-16,2019-07-16 09:48:09,0.15,0.7894,1617,0.14,0.7368,2853,0.15,0.7894,3,0.145,0.7631,3188,0
SPY190717P299,2019-07-16,2019-07-16 09:48:10,0.15,0.7894,1617,0.14,0.7368,3072,0.15,0.7894,3,0.145,0.7631,3188,0
SPY190717P299,2019-07-16,2019-07-16 09:48:11,0.15,0.7894,2307,0.14,0.7368,2770,0.15,0.7894,3,0.145,0.7631,3188,0
SPY190717P299,2019-07-16,2019-07-16 09:48:11,0.15,0.7894,1617,0.14,0.7368,2770,0.15,0.7894,3,0.145,0.7631,3188,0
SPY190717P299,2019-07-16,2019-07-16 09:48:12,0.15,0.7894,2307,0.14,0.7368,2869,0.15,0.7894,3,0.145,0.7631,3188,0
SPY190717P299,2019-07-16,2019-07-16 09:48:13,0.15,0.7894,2307,0.14,0.7368,2869,0.15,0.7894,3,0.145,0.7631,3188,0
SPY190717P299,2019-07-16,2019-07-16 09:48:14,0.15,0.7894,2307,0.14,0.7368,2869,0.15,0.7894,3,0.145,0.7631,3188,0
SPY190717P299,2019-07-16,2019-07-16 09:48:15,0.15,0.7894,2307,0.14,0.7368,3171,0.15,0.7894,3,0.145,0.7631,3188,0
SPY190717P299,2019-07-16,2019-07-16 09:48:16,0.15,0.7894,2307,0.14,0.7368,2869,0.15,0.7894,3,0.145,0.7631,3188,0
SPY190717P299,2019-07-16,2019-07-16 09:48:16,0.15,0.7894,2307,0.14,0.7368,3124,0.15,0.7894,3,0.145,0.7631,3188,0
SPY190717P299,2019-07-16,2019-07-16 09:48:17,0.15,0.7894,2469,0.14,0.7368,2720,0.15,0.7894,3,0.145,0.7631,3188,0
SPY190717P299,2019-07-16,2019-07-16 09:48:17,0.15,0.7894,2224,0.14,0.7368,1913,0.15,0.7894,3,0.145,0.7631,3188,0
SPY190717P299,2019-07-16,2019-07-16 09:48:18,0.15,0.7894,2469,0.14,0.7368,2397,0.15,0.7894,3,0.145,0.7631,3188,0
SPY190717P299,2019-07-16,2019-07-16 09:48:19,0.15,0.7894,2469,0.14,0.7368,2511,0.15,0.7894,3,0.145,0.7631,3188,0
SPY190717P299,2019-07-16,2019-07-16 09:48:19,0.15,0.7894,2550,0.14,0.7368,2371,0.15,0.7894,3,0.145,0.7631,3188,0
SPY190717P299,2019-07-16,2019-07-16 09:48:20,0.15,0.7894,1293,0.14,0.7368,1429,0.15,0.7894,1,0.145,0.7631,3189,1
SPY190717P299,2019-07-16,2019-07-16 09:48:20,0.15,0.7894,2447,0.14,0.7368,2833,0.15,0.7894,3,0.145,0.7631,3188,0
SPY190717P299,2019-07-16,2019-07-16 09:48:21,0.15,0.7894,3443,0.14,0.7368,914,0.15,0.7894,1,0.145,0.7631,3189,0
