symbol,Date,quote_time,ask_price,norm_ask_price,ask_size,bid_price,norm_bid_price,bid_size,last_trade_price,norm_last_trade_price,last_trade_size,mark_price,norm_mark_price,volume,Volume
SPY190712C297,2019-07-11,2019-07-11 09:30:00,2.05,1.0,100,2.01,0.9804,100,2.06,1.0048,3,2.03,0.9902,8395,8395
SPY190712C297,2019-07-11,2019-07-11 09:30:05,2.59,1.2634,125,2.36,1.1512,2,2.46,1.2,3,2.475,1.2073,38,-8357
SPY190712C297,2019-07-11,2019-07-11 09:30:06,2.6,1.2682,2,2.39,1.1658,125,2.46,1.2,3,2.495,1.217,38,0
SPY190712C297,2019-07-11,2019-07-11 09:30:07,2.6,1.2682,2,2.4,1.1707,5,2.46,1.2,3,2.5,1.2195,38,0
SPY190712C297,2019-07-11,2019-07-11 09:30:08,2.6,1.2682,2,2.4,1.1707,5,2.46,1.2,3,2.5,1.2195,38,0
SPY190712C297,2019-07-11,2019-07-11 09:30:09,2.6,1.2682,2,2.4,1.1707,5,2.46,1.2,3,2.5,1.2195,38,0
SPY190712C297,2019-07-11,2019-07-11 09:30:10,2.6,1.2682,2,2.4,1.1707,5,2.46,1.2,3,2.5,1.2195,38,0
SPY190712C297,2019-07-11,2019-07-11 09:30:11,2.6,1.2682,2,2.4,1.1707,5,2.46,1.2,3,2.5,1.2195,38,0
SPY190712C297,2019-07-11,2019-07-11 09:30:12,2.6,1.2682,2,2.4,1.1707,5,2.46,1.2,3,2.5,1.2195,38,0
SPY190712C297,2019-07-11,2019-07-11 09:30:13,2.6,1.2682,2,2.4,1.1707,5,2.46,1.2,3,2.5,1.2195,38,0
SPY190712C297,2019-07-11,2019-07-11 09:30:14,2.59,1.2634,5,2.4,1.1707,5,2.46,1.2,1,2.495,1.217,39,1
SPY190712C297,2019-07-11,2019-07-11 09:30:15,2.59,1.2634,5,2.4,1.1707,5,2.46,1.2,1,2.495,1.217,39,0
SPY190712C297,2019-07-11,2019-07-11 09:30:16,2.59,1.2634,5,2.4,1.1707,5,2.46,1.2,1,2.495,1.217,39,0
SPY190712C297,2019-07-11,2019-07-11 09:30:17,2.59,1.2634,5,2.4,1.1707,5,2.46,1.2,1,2.495,1.217,39,0
SPY190712C297,2019-07-11,2019-07-11 09:30:18,2.59,1.2634,5,2.4,1.1707,5,2.46,1.2,1,2.495,1.217,39,0
SPY190712C297,2019-07-11,2019-07-11 09:30:19,2.59,1.2634,5,2.4,1.1707,5,2.46,1.2,1,2.495,1.217,39,0
SPY190712C297,2019-07-11,2019-07-11 09:30:20,2.59,1.2634,5,2.4,1.1707,5,2.46,1.2,1,2.495,1.217,39,0
SPY190712C297,2019-07-11,2019-07-11 09:30:21,2.59,1.2634,5,2.4,1.1707,5,2.46,1.2,1,2.495,1.217,39,0
SPY190712C297,2019-07-11,2019-07-11 09:30:22,2.59,1.2634,5,2.4,1.1707,5,2.43,1.1853,1,2.495,1.217,40,1
SPY190712C297,2019-07-11,2019-07-11 09:30:23,2.59,1.2634,5,2.4,1.1707,5,2.43,1.1853,1,2.495,1.217,40,0
SPY190712C297,2019-07-11,2019-07-11 09:30:24,2.59,1.2634,5,2.4,1.1707,5,2.43,1.1853,1,2.495,1.217,40,0
SPY190712C297,2019-07-11,2019-07-11 09:30:25,2.59,1.2634,5,2.41,1.1756,50,2.43,1.1853,1,2.5,1.2195,40,0
SPY190712C297,2019-07-11,2019-07-11 09:30:25,2.59,1.2634,5,2.4,1.1707,5,2.43,1.1853,1,2.495,1.217,40,0
SPY190712C297,2019-07-11,2019-07-11 09:30:26,2.59,1.2634,5,2.41,1.1756,125,2.43,1.1853,1,2.5,1.2195,40,0
SPY190712C297,2019-07-11,2019-07-11 09:30:27,2.59,1.2634,5,2.41,1.1756,125,2.43,1.1853,1,2.5,1.2195,40,0
SPY190712C297,2019-07-11,2019-07-11 09:30:28,2.59,1.2634,5,2.41,1.1756,125,2.43,1.1853,1,2.5,1.2195,40,0
SPY190712C297,2019-07-11,2019-07-11 09:30:29,2.59,1.2634,5,2.41,1.1756,23,2.43,1.1853,1,2.5,1.2195,40,0
SPY190712C297,2019-07-11,2019-07-11 09:30:30,2.51,1.2243,46,2.41,1.1756,52,2.43,1.1853,1,2.46,1.2,40,0
SPY190712C297,2019-07-11,2019-07-11 09:30:31,2.6,1.2682,2,2.46,1.2,78,2.43,1.1853,1,2.53,1.2341,40,0
SPY190712C297,2019-07-11,2019-07-11 09:30:32,2.56,1.2487,5,2.44,1.1902,58,2.43,1.1853,1,2.5,1.2195,40,0
SPY190712C297,2019-07-11,2019-07-11 09:30:32,2.47,1.2048,42,2.42,1.1804,30,2.43,1.1853,1,2.445,1.1926,40,0
SPY190712C297,2019-07-11,2019-07-11 09:30:33,2.48,1.2097,5,2.38,1.1609,5,2.43,1.1853,1,2.43,1.1853,40,0
SPY190712C297,2019-07-11,2019-07-11 09:30:34,2.44,1.1902,55,2.3,1.1219,100,2.43,1.1853,1,2.37,1.156,40,0
SPY190712C297,2019-07-11,2019-07-11 09:30:34,2.49,1.2146,58,2.4,1.1707,5,2.43,1.1853,1,2.445,1.1926,40,0
SPY190712C297,2019-07-11,2019-07-11 09:30:35,2.5,1.2195,1,2.39,1.1658,6,2.43,1.1853,1,2.445,1.1926,40,0
SPY190712C297,2019-07-11,2019-07-11 09:30:36,2.52,1.2292,5,2.41,1.1756,5,2.43,1.1853,1,2.465,1.2024,40,0
SPY190712C297,2019-07-11,2019-07-11 09:30:37,2.51,1.2243,63,2.45,1.1951,58,2.43,1.1853,1,2.48,1.2097,40,0
SPY190712C297,2019-07-11,2019-07-11 09:30:38,2.53,1.2341,58,2.48,1.2097,58,2.43,1.1853,1,2.505,1.2219,40,0
SPY190712C297,2019-07-11,2019-07-11 09:30:38,2.52,1.2292,6,2.38,1.1609,1,2.43,1.1853,1,2.45,1.1951,40,0
SPY190712C297,2019-07-11,2019-07-11 09:30:39,2.53,1.2341,58,2.39,1.1658,6,2.43,1.1853,1,2.46,1.2,40,0
SPY190712C297,2019-07-11,2019-07-11 09:30:40,2.53,1.2341,6,2.4,1.1707,6,2.43,1.1853,1,2.465,1.2024,40,0
SPY190712C297,2019-07-11,2019-07-11 09:30:41,2.53,1.2341,6,2.41,1.1756,6,2.43,1.1853,1,2.47,1.2048,40,0
SPY190712C297,2019-07-11,2019-07-11 09:30:42,2.54,1.239,1,2.42,1.1804,5,2.43,1.1853,1,2.48,1.2097,40,0
SPY190712C297,2019-07-11,2019-07-11 09:30:42,2.53,1.2341,1,2.42,1.1804,5,2.43,1.1853,1,2.475,1.2073,40,0
SPY190712C297,2019-07-11,2019-07-11 09:30:43,2.53,1.2341,1,2.42,1.1804,5,2.43,1.1853,1,2.475,1.2073,40,0
SPY190712C297,2019-07-11,2019-07-11 09:30:44,2.53,1.2341,1,2.42,1.1804,5,2.43,1.1853,1,2.475,1.2073,40,0
SPY190712C297,2019-07-11,2019-07-11 09:30:45,2.53,1.2341,1,2.42,1.1804,5,2.43,1.1853,1,2.475,1.2073,40,0
SPY190712C297,2019-07-11,2019-07-11 09:30:45,2.5,1.2195,1,2.41,1.1756,5,2.43,1.1853,1,2.455,1.1975,40,0
SPY190712C297,2019-07-11,2019-07-11 09:30:46,2.5,1.2195,1,2.41,1.1756,5,2.43,1.1853,1,2.455,1.1975,40,0
SPY190712C297,2019-07-11,2019-07-11 09:30:47,2.47,1.2048,58,2.36,1.1512,5,2.43,1.1853,1,2.415,1.178,40,0
SPY190712C297,2019-07-11,2019-07-11 09:30:47,2.48,1.2097,1,2.37,1.156,5,2.43,1.1853,1,2.425,1.1829,40,0
SPY190712C297,2019-07-11,2019-07-11 09:30:49,2.49,1.2146,100,2.37,1.156,5,2.42,1.1804,3,2.43,1.1853,43,3
SPY190712C297,2019-07-11,2019-07-11 09:30:50,2.49,1.2146,100,2.37,1.156,5,2.42,1.1804,3,2.43,1.1853,43,0
SPY190712C297,2019-07-11,2019-07-11 09:30:51,2.5,1.2195,41,2.45,1.1951,58,2.42,1.1804,3,2.475,1.2073,43,0
SPY190712C297,2019-07-11,2019-07-11 09:30:52,2.51,1.2243,31,2.38,1.1609,190,2.42,1.1804,3,2.445,1.1926,43,0
SPY190712C297,2019-07-11,2019-07-11 09:30:52,2.51,1.2243,91,2.39,1.1658,5,2.42,1.1804,3,2.45,1.1951,43,0
SPY190712C297,2019-07-11,2019-07-11 09:30:53,2.5,1.2195,6,2.39,1.1658,5,2.42,1.1804,3,2.445,1.1926,43,0
SPY190712C297,2019-07-11,2019-07-11 09:30:53,2.51,1.2243,91,2.39,1.1658,5,2.42,1.1804,3,2.45,1.1951,43,0
SPY190712C297,2019-07-11,2019-07-11 09:30:54,2.49,1.2146,1,2.39,1.1658,5,2.45,1.1951,3,2.44,1.1902,46,3
SPY190712C297,2019-07-11,2019-07-11 09:30:54,2.5,1.2195,55,2.45,1.1951,51,2.45,1.1951,3,2.475,1.2073,46,0
SPY190712C297,2019-07-11,2019-07-11 09:30:55,2.5,1.2195,1,2.39,1.1658,5,2.45,1.1951,3,2.445,1.1926,46,0
SPY190712C297,2019-07-11,2019-07-11 09:30:55,2.5,1.2195,55,2.39,1.1658,5,2.45,1.1951,3,2.445,1.1926,46,0
SPY190712C297,2019-07-11,2019-07-11 09:30:56,2.48,1.2097,1,2.39,1.1658,5,2.45,1.1951,3,2.435,1.1878,46,0
SPY190712C297,2019-07-11,2019-07-11 09:30:57,2.48,1.2097,1,2.39,1.1658,5,2.45,1.1951,3,2.435,1.1878,46,0
SPY190712C297,2019-07-11,2019-07-11 09:30:58,2.48,1.2097,79,2.39,1.1658,5,2.45,1.1951,3,2.435,1.1878,46,0
SPY190712C297,2019-07-11,2019-07-11 09:30:59,2.48,1.2097,123,2.39,1.1658,5,2.45,1.1951,3,2.435,1.1878,46,0
SPY190712C297,2019-07-11,2019-07-11 09:31:00,2.47,1.2048,59,2.39,1.1658,5,2.45,1.1951,3,2.43,1.1853,46,0
SPY190712C297,2019-07-11,2019-07-11 09:31:00,2.48,1.2097,123,2.39,1.1658,5,2.45,1.1951,3,2.435,1.1878,46,0
SPY190712C297,2019-07-11,2019-07-11 09:31:01,2.47,1.2048,69,2.39,1.1658,5,2.45,1.1951,3,2.43,1.1853,46,0
SPY190712C297,2019-07-11,2019-07-11 09:31:02,2.47,1.2048,38,2.39,1.1658,5,2.45,1.1951,3,2.43,1.1853,46,0
SPY190712C297,2019-07-11,2019-07-11 09:31:03,2.47,1.2048,61,2.39,1.1658,5,2.45,1.1951,3,2.43,1.1853,46,0
SPY190712C297,2019-07-11,2019-07-11 09:31:04,2.44,1.1902,3,2.38,1.1609,5,2.45,1.1951,3,2.41,1.1756,46,0
SPY190712C297,2019-07-11,2019-07-11 09:31:04,2.45,1.1951,5,2.39,1.1658,5,2.45,1.1951,3,2.42,1.1804,46,0
SPY190712C297,2019-07-11,2019-07-11 09:31:05,2.45,1.1951,76,2.39,1.1658,58,2.45,1.1951,3,2.42,1.1804,46,0
SPY190712C297,2019-07-11,2019-07-11 09:31:06,2.45,1.1951,68,2.39,1.1658,63,2.45,1.1951,3,2.42,1.1804,46,0
SPY190712C297,2019-07-11,2019-07-11 09:31:06,2.45,1.1951,68,2.39,1.1658,74,2.45,1.1951,2,2.42,1.1804,53,7
SPY190712C297,2019-07-11,2019-07-11 09:31:07,2.46,1.2,116,2.34,1.1414,5,2.45,1.1951,2,2.4,1.1707,53,0
SPY190712C297,2019-07-11,2019-07-11 09:31:07,2.45,1.1951,80,2.34,1.1414,5,2.45,1.1951,2,2.395,1.1682,53,0
SPY190712C297,2019-07-11,2019-07-11 09:31:08,2.44,1.1902,5,2.32,1.1317,5,2.45,1.1951,2,2.38,1.1609,53,0
SPY190712C297,2019-07-11,2019-07-11 09:31:09,2.42,1.1804,2,2.32,1.1317,6,2.45,1.1951,2,2.37,1.156,53,0
SPY190712C297,2019-07-11,2019-07-11 09:31:09,2.42,1.1804,3,2.34,1.1414,5,2.45,1.1951,2,2.38,1.1609,53,0
SPY190712C297,2019-07-11,2019-07-11 09:31:10,2.42,1.1804,3,2.32,1.1317,190,2.4,1.1707,1,2.37,1.156,54,1
SPY190712C297,2019-07-11,2019-07-11 09:31:10,2.42,1.1804,3,2.33,1.1365,5,2.4,1.1707,1,2.375,1.1585,54,0
SPY190712C297,2019-07-11,2019-07-11 09:31:11,2.42,1.1804,3,2.33,1.1365,5,2.4,1.1707,1,2.375,1.1585,54,0
SPY190712C297,2019-07-11,2019-07-11 09:31:12,2.42,1.1804,2,2.34,1.1414,5,2.4,1.1707,1,2.38,1.1609,54,0
SPY190712C297,2019-07-11,2019-07-11 09:31:12,2.42,1.1804,2,2.33,1.1365,5,2.4,1.1707,1,2.375,1.1585,54,0
SPY190712C297,2019-07-11,2019-07-11 09:31:13,2.42,1.1804,2,2.34,1.1414,5,2.4,1.1707,1,2.38,1.1609,54,0
SPY190712C297,2019-07-11,2019-07-11 09:31:14,2.42,1.1804,2,2.33,1.1365,6,2.4,1.1707,1,2.375,1.1585,54,0
SPY190712C297,2019-07-11,2019-07-11 09:31:14,2.42,1.1804,2,2.33,1.1365,5,2.4,1.1707,1,2.375,1.1585,54,0
SPY190712C297,2019-07-11,2019-07-11 09:31:15,2.42,1.1804,2,2.33,1.1365,6,2.4,1.1707,1,2.375,1.1585,54,0
SPY190712C297,2019-07-11,2019-07-11 09:31:15,2.42,1.1804,2,2.34,1.1414,5,2.4,1.1707,1,2.38,1.1609,54,0
SPY190712C297,2019-07-11,2019-07-11 09:31:16,2.45,1.1951,4,2.35,1.1463,5,2.42,1.1804,2,2.4,1.1707,56,2
SPY190712C297,2019-07-11,2019-07-11 09:31:17,2.45,1.1951,26,2.35,1.1463,5,2.42,1.1804,2,2.4,1.1707,56,0
SPY190712C297,2019-07-11,2019-07-11 09:31:18,2.45,1.1951,100,2.34,1.1414,100,2.42,1.1804,2,2.395,1.1682,56,0
SPY190712C297,2019-07-11,2019-07-11 09:31:19,2.43,1.1853,5,2.31,1.1268,60,2.42,1.1804,2,2.37,1.156,56,0
SPY190712C297,2019-07-11,2019-07-11 09:31:19,2.45,1.1951,20,2.33,1.1365,5,2.42,1.1804,2,2.39,1.1658,56,0
SPY190712C297,2019-07-11,2019-07-11 09:31:20,2.45,1.1951,58,2.36,1.1512,5,2.42,1.1804,2,2.405,1.1731,56,0
SPY190712C297,2019-07-11,2019-07-11 09:31:21,2.45,1.1951,66,2.36,1.1512,5,2.42,1.1804,2,2.405,1.1731,56,0
SPY190712C297,2019-07-11,2019-07-11 09:31:21,2.46,1.2,100,2.36,1.1512,5,2.42,1.1804,2,2.41,1.1756,56,0
SPY190712C297,2019-07-11,2019-07-11 09:31:22,2.45,1.1951,66,2.35,1.1463,5,2.42,1.1804,2,2.4,1.1707,56,0
SPY190712C297,2019-07-11,2019-07-11 09:31:23,2.45,1.1951,66,2.35,1.1463,5,2.42,1.1804,2,2.4,1.1707,56,0
SPY190712C297,2019-07-11,2019-07-11 09:31:24,2.44,1.1902,10,2.35,1.1463,5,2.42,1.1804,2,2.395,1.1682,56,0
SPY190712C297,2019-07-11,2019-07-11 09:31:25,2.41,1.1756,26,2.36,1.1512,33,2.42,1.1804,2,2.385,1.1634,56,0
SPY190712C297,2019-07-11,2019-07-11 09:31:25,2.43,1.1853,5,2.33,1.1365,5,2.42,1.1804,2,2.38,1.1609,56,0
SPY190712C297,2019-07-11,2019-07-11 09:31:26,2.41,1.1756,44,2.34,1.1414,5,2.42,1.1804,2,2.375,1.1585,56,0
SPY190712C297,2019-07-11,2019-07-11 09:31:27,2.41,1.1756,5,2.33,1.1365,26,2.42,1.1804,2,2.37,1.156,56,0
SPY190712C297,2019-07-11,2019-07-11 09:31:27,2.41,1.1756,3,2.33,1.1365,100,2.42,1.1804,2,2.37,1.156,56,0
SPY190712C297,2019-07-11,2019-07-11 09:31:28,2.4,1.1707,1,2.28,1.1121,5,2.42,1.1804,2,2.34,1.1414,56,0
SPY190712C297,2019-07-11,2019-07-11 09:31:28,2.4,1.1707,5,2.3,1.1219,5,2.42,1.1804,2,2.35,1.1463,56,0
SPY190712C297,2019-07-11,2019-07-11 09:31:29,2.39,1.1658,49,2.28,1.1121,6,2.42,1.1804,2,2.335,1.139,56,0
SPY190712C297,2019-07-11,2019-07-11 09:31:30,2.38,1.1609,10,2.29,1.117,5,2.42,1.1804,2,2.335,1.139,56,0
SPY190712C297,2019-07-11,2019-07-11 09:31:30,2.38,1.1609,5,2.29,1.117,5,2.42,1.1804,2,2.335,1.139,56,0
SPY190712C297,2019-07-11,2019-07-11 09:31:31,2.37,1.156,5,2.28,1.1121,5,2.42,1.1804,2,2.325,1.1341,56,0
SPY190712C297,2019-07-11,2019-07-11 09:31:32,2.37,1.156,5,2.28,1.1121,5,2.42,1.1804,2,2.325,1.1341,56,0
SPY190712C297,2019-07-11,2019-07-11 09:31:33,2.37,1.156,46,2.26,1.1024,5,2.42,1.1804,2,2.315,1.1292,56,0
SPY190712C297,2019-07-11,2019-07-11 09:31:33,2.39,1.1658,5,2.26,1.1024,5,2.42,1.1804,2,2.325,1.1341,56,0
SPY190712C297,2019-07-11,2019-07-11 09:31:34,2.38,1.1609,41,2.29,1.117,5,2.42,1.1804,2,2.335,1.139,56,0
SPY190712C297,2019-07-11,2019-07-11 09:31:34,2.38,1.1609,59,2.33,1.1365,59,2.42,1.1804,2,2.355,1.1487,56,0
SPY190712C297,2019-07-11,2019-07-11 09:31:35,2.39,1.1658,6,2.29,1.117,5,2.42,1.1804,2,2.34,1.1414,56,0
SPY190712C297,2019-07-11,2019-07-11 09:31:35,2.39,1.1658,74,2.29,1.117,10,2.42,1.1804,2,2.34,1.1414,56,0
SPY190712C297,2019-07-11,2019-07-11 09:31:36,2.39,1.1658,36,2.3,1.1219,5,2.42,1.1804,2,2.345,1.1439,56,0
SPY190712C297,2019-07-11,2019-07-11 09:31:37,2.4,1.1707,59,2.35,1.1463,59,2.42,1.1804,2,2.375,1.1585,56,0
SPY190712C297,2019-07-11,2019-07-11 09:31:37,2.41,1.1756,100,2.31,1.1268,6,2.42,1.1804,2,2.36,1.1512,56,0
SPY190712C297,2019-07-11,2019-07-11 09:31:38,2.41,1.1756,100,2.32,1.1317,5,2.42,1.1804,2,2.365,1.1536,56,0
SPY190712C297,2019-07-11,2019-07-11 09:31:38,2.43,1.1853,64,2.33,1.1365,65,2.42,1.1804,2,2.38,1.1609,56,0
SPY190712C297,2019-07-11,2019-07-11 09:31:39,2.44,1.1902,100,2.38,1.1609,59,2.42,1.1804,2,2.41,1.1756,56,0
SPY190712C297,2019-07-11,2019-07-11 09:31:40,2.43,1.1853,5,2.34,1.1414,5,2.42,1.1804,2,2.385,1.1634,56,0
SPY190712C297,2019-07-11,2019-07-11 09:31:41,2.42,1.1804,5,2.34,1.1414,5,2.42,1.1804,2,2.38,1.1609,56,0
SPY190712C297,2019-07-11,2019-07-11 09:31:41,2.43,1.1853,5,2.34,1.1414,5,2.42,1.1804,2,2.385,1.1634,56,0
SPY190712C297,2019-07-11,2019-07-11 09:31:42,2.43,1.1853,63,2.34,1.1414,5,2.42,1.1804,2,2.385,1.1634,56,0
SPY190712C297,2019-07-11,2019-07-11 09:31:43,2.43,1.1853,66,2.34,1.1414,5,2.42,1.1804,2,2.385,1.1634,56,0
SPY190712C297,2019-07-11,2019-07-11 09:31:43,2.43,1.1853,66,2.35,1.1463,5,2.42,1.1804,2,2.39,1.1658,56,0
SPY190712C297,2019-07-11,2019-07-11 09:31:44,2.42,1.1804,100,2.34,1.1414,5,2.42,1.1804,2,2.38,1.1609,56,0
SPY190712C297,2019-07-11,2019-07-11 09:31:44,2.42,1.1804,5,2.33,1.1365,5,2.42,1.1804,2,2.375,1.1585,56,0
SPY190712C297,2019-07-11,2019-07-11 09:31:45,2.42,1.1804,63,2.36,1.1512,58,2.42,1.1804,2,2.39,1.1658,56,0
SPY190712C297,2019-07-11,2019-07-11 09:31:45,2.42,1.1804,58,2.35,1.1463,5,2.42,1.1804,2,2.385,1.1634,56,0
SPY190712C297,2019-07-11,2019-07-11 09:31:46,2.43,1.1853,9,2.35,1.1463,5,2.42,1.1804,2,2.39,1.1658,56,0
SPY190712C297,2019-07-11,2019-07-11 09:31:46,2.43,1.1853,63,2.36,1.1512,5,2.42,1.1804,2,2.395,1.1682,56,0
SPY190712C297,2019-07-11,2019-07-11 09:31:47,2.43,1.1853,9,2.34,1.1414,10,2.42,1.1804,2,2.385,1.1634,56,0
SPY190712C297,2019-07-11,2019-07-11 09:31:48,2.44,1.1902,100,2.36,1.1512,5,2.42,1.1804,2,2.4,1.1707,56,0
SPY190712C297,2019-07-11,2019-07-11 09:31:48,2.43,1.1853,58,2.36,1.1512,5,2.42,1.1804,2,2.395,1.1682,56,0
SPY190712C297,2019-07-11,2019-07-11 09:31:49,2.45,1.1951,90,2.37,1.156,5,2.42,1.1804,2,2.41,1.1756,56,0
SPY190712C297,2019-07-11,2019-07-11 09:31:49,2.45,1.1951,5,2.36,1.1512,5,2.42,1.1804,2,2.405,1.1731,56,0
SPY190712C297,2019-07-11,2019-07-11 09:31:50,2.45,1.1951,31,2.37,1.156,5,2.42,1.1804,2,2.41,1.1756,56,0
SPY190712C297,2019-07-11,2019-07-11 09:31:51,2.45,1.1951,31,2.38,1.1609,5,2.42,1.1804,2,2.415,1.178,56,0
SPY190712C297,2019-07-11,2019-07-11 09:31:51,2.45,1.1951,31,2.37,1.156,5,2.42,1.1804,2,2.41,1.1756,56,0
SPY190712C297,2019-07-11,2019-07-11 09:31:52,2.45,1.1951,5,2.37,1.156,5,2.42,1.1804,2,2.41,1.1756,56,0
SPY190712C297,2019-07-11,2019-07-11 09:31:53,2.45,1.1951,5,2.38,1.1609,5,2.42,1.1804,2,2.415,1.178,56,0
SPY190712C297,2019-07-11,2019-07-11 09:31:54,2.45,1.1951,5,2.38,1.1609,5,2.42,1.1804,2,2.415,1.178,56,0
SPY190712C297,2019-07-11,2019-07-11 09:31:54,2.46,1.2,100,2.38,1.1609,5,2.42,1.1804,2,2.42,1.1804,56,0
SPY190712C297,2019-07-11,2019-07-11 09:31:55,2.45,1.1951,5,2.39,1.1658,5,2.42,1.1804,2,2.42,1.1804,56,0
SPY190712C297,2019-07-11,2019-07-11 09:31:56,2.45,1.1951,6,2.39,1.1658,3,2.42,1.1804,2,2.42,1.1804,56,0
SPY190712C297,2019-07-11,2019-07-11 09:31:57,2.46,1.2,40,2.38,1.1609,65,2.42,1.1804,2,2.42,1.1804,56,0
SPY190712C297,2019-07-11,2019-07-11 09:31:57,2.44,1.1902,9,2.38,1.1609,65,2.42,1.1804,2,2.41,1.1756,56,0
SPY190712C297,2019-07-11,2019-07-11 09:31:58,2.45,1.1951,66,2.39,1.1658,5,2.42,1.1804,2,2.42,1.1804,56,0
SPY190712C297,2019-07-11,2019-07-11 09:31:58,2.45,1.1951,69,2.38,1.1609,150,2.42,1.1804,2,2.415,1.178,56,0
SPY190712C297,2019-07-11,2019-07-11 09:31:59,2.45,1.1951,92,2.39,1.1658,5,2.42,1.1804,2,2.42,1.1804,56,0
SPY190712C297,2019-07-11,2019-07-11 09:32:00,2.45,1.1951,73,2.39,1.1658,5,2.42,1.1804,2,2.42,1.1804,56,0
SPY190712C297,2019-07-11,2019-07-11 09:32:00,2.45,1.1951,69,2.39,1.1658,5,2.42,1.1804,2,2.42,1.1804,56,0
SPY190712C297,2019-07-11,2019-07-11 09:32:01,2.44,1.1902,6,2.36,1.1512,5,2.42,1.1804,2,2.4,1.1707,56,0
SPY190712C297,2019-07-11,2019-07-11 09:32:01,2.45,1.1951,77,2.37,1.156,5,2.42,1.1804,2,2.41,1.1756,56,0
SPY190712C297,2019-07-11,2019-07-11 09:32:02,2.43,1.1853,6,2.34,1.1414,5,2.42,1.1804,2,2.385,1.1634,56,0
SPY190712C297,2019-07-11,2019-07-11 09:32:03,2.43,1.1853,63,2.37,1.156,5,2.42,1.1804,2,2.4,1.1707,56,0
SPY190712C297,2019-07-11,2019-07-11 09:32:03,2.43,1.1853,100,2.36,1.1512,65,2.42,1.1804,2,2.395,1.1682,56,0
SPY190712C297,2019-07-11,2019-07-11 09:32:04,2.44,1.1902,58,2.35,1.1463,20,2.42,1.1804,2,2.395,1.1682,56,0
SPY190712C297,2019-07-11,2019-07-11 09:32:04,2.45,1.1951,66,2.36,1.1512,5,2.42,1.1804,2,2.405,1.1731,56,0
SPY190712C297,2019-07-11,2019-07-11 09:32:05,2.44,1.1902,8,2.38,1.1609,58,2.42,1.1804,2,2.41,1.1756,56,0
SPY190712C297,2019-07-11,2019-07-11 09:32:06,2.43,1.1853,6,2.36,1.1512,100,2.42,1.1804,2,2.395,1.1682,56,0
SPY190712C297,2019-07-11,2019-07-11 09:32:06,2.43,1.1853,150,2.36,1.1512,150,2.42,1.1804,2,2.395,1.1682,56,0
SPY190712C297,2019-07-11,2019-07-11 09:32:07,2.42,1.1804,20,2.34,1.1414,63,2.42,1.1804,2,2.38,1.1609,56,0
SPY190712C297,2019-07-11,2019-07-11 09:32:07,2.43,1.1853,50,2.31,1.1268,26,2.42,1.1804,2,2.37,1.156,56,0
SPY190712C297,2019-07-11,2019-07-11 09:32:08,2.42,1.1804,20,2.35,1.1463,58,2.42,1.1804,2,2.385,1.1634,56,0
SPY190712C297,2019-07-11,2019-07-11 09:32:08,2.41,1.1756,4,2.35,1.1463,65,2.42,1.1804,2,2.38,1.1609,56,0
SPY190712C297,2019-07-11,2019-07-11 09:32:09,2.4,1.1707,9,2.31,1.1268,5,2.42,1.1804,2,2.355,1.1487,56,0
SPY190712C297,2019-07-11,2019-07-11 09:32:10,2.4,1.1707,63,2.35,1.1463,30,2.42,1.1804,2,2.375,1.1585,56,0
SPY190712C297,2019-07-11,2019-07-11 09:32:11,2.4,1.1707,5,2.32,1.1317,5,2.42,1.1804,2,2.36,1.1512,56,0
SPY190712C297,2019-07-11,2019-07-11 09:32:12,2.4,1.1707,32,2.32,1.1317,5,2.42,1.1804,2,2.36,1.1512,56,0
SPY190712C297,2019-07-11,2019-07-11 09:32:12,2.4,1.1707,67,2.32,1.1317,5,2.42,1.1804,2,2.36,1.1512,56,0
SPY190712C297,2019-07-11,2019-07-11 09:32:13,2.39,1.1658,6,2.32,1.1317,63,2.42,1.1804,2,2.355,1.1487,56,0
SPY190712C297,2019-07-11,2019-07-11 09:32:14,2.39,1.1658,135,2.3,1.1219,5,2.42,1.1804,2,2.345,1.1439,56,0
SPY190712C297,2019-07-11,2019-07-11 09:32:14,2.39,1.1658,90,2.32,1.1317,1,2.42,1.1804,2,2.355,1.1487,56,0
SPY190712C297,2019-07-11,2019-07-11 09:32:15,2.37,1.156,5,2.29,1.117,5,2.42,1.1804,2,2.33,1.1365,56,0
SPY190712C297,2019-07-11,2019-07-11 09:32:16,2.38,1.1609,63,2.3,1.1219,5,2.42,1.1804,2,2.34,1.1414,56,0
SPY190712C297,2019-07-11,2019-07-11 09:32:16,2.37,1.156,8,2.3,1.1219,5,2.42,1.1804,2,2.335,1.139,56,0
SPY190712C297,2019-07-11,2019-07-11 09:32:17,2.37,1.156,10,2.31,1.1268,5,2.42,1.1804,2,2.34,1.1414,56,0
SPY190712C297,2019-07-11,2019-07-11 09:32:17,2.36,1.1512,6,2.3,1.1219,3,2.42,1.1804,2,2.33,1.1365,56,0
SPY190712C297,2019-07-11,2019-07-11 09:32:18,2.35,1.1463,6,2.28,1.1121,100,2.42,1.1804,2,2.315,1.1292,56,0
SPY190712C297,2019-07-11,2019-07-11 09:32:19,2.34,1.1414,25,2.28,1.1121,54,2.42,1.1804,2,2.31,1.1268,56,0
SPY190712C297,2019-07-11,2019-07-11 09:32:19,2.34,1.1414,6,2.28,1.1121,54,2.42,1.1804,2,2.31,1.1268,56,0
SPY190712C297,2019-07-11,2019-07-11 09:32:20,2.34,1.1414,1,2.27,1.1073,25,2.42,1.1804,2,2.305,1.1243,56,0
SPY190712C297,2019-07-11,2019-07-11 09:32:21,2.34,1.1414,57,2.24,1.0926,16,2.42,1.1804,2,2.29,1.117,56,0
SPY190712C297,2019-07-11,2019-07-11 09:32:21,2.34,1.1414,65,2.23,1.0878,92,2.42,1.1804,2,2.285,1.1146,56,0
SPY190712C297,2019-07-11,2019-07-11 09:32:22,2.32,1.1317,41,2.25,1.0975,5,2.42,1.1804,2,2.285,1.1146,56,0
SPY190712C297,2019-07-11,2019-07-11 09:32:22,2.32,1.1317,10,2.25,1.0975,5,2.42,1.1804,2,2.285,1.1146,56,0
SPY190712C297,2019-07-11,2019-07-11 09:32:23,2.31,1.1268,9,2.24,1.0926,5,2.42,1.1804,2,2.275,1.1097,56,0
SPY190712C297,2019-07-11,2019-07-11 09:32:24,2.3,1.1219,5,2.23,1.0878,5,2.42,1.1804,2,2.265,1.1048,56,0
SPY190712C297,2019-07-11,2019-07-11 09:32:24,2.31,1.1268,9,2.22,1.0829,6,2.42,1.1804,2,2.265,1.1048,56,0
SPY190712C297,2019-07-11,2019-07-11 09:32:25,2.3,1.1219,5,2.24,1.0926,5,2.42,1.1804,2,2.27,1.1073,56,0
SPY190712C297,2019-07-11,2019-07-11 09:32:26,2.3,1.1219,5,2.24,1.0926,48,2.42,1.1804,2,2.27,1.1073,56,0
SPY190712C297,2019-07-11,2019-07-11 09:32:27,2.32,1.1317,71,2.24,1.0926,5,2.42,1.1804,2,2.28,1.1121,56,0
SPY190712C297,2019-07-11,2019-07-11 09:32:27,2.31,1.1268,57,2.23,1.0878,5,2.42,1.1804,2,2.27,1.1073,56,0
SPY190712C297,2019-07-11,2019-07-11 09:32:28,2.32,1.1317,100,2.23,1.0878,5,2.42,1.1804,2,2.275,1.1097,56,0
SPY190712C297,2019-07-11,2019-07-11 09:32:28,2.32,1.1317,150,2.24,1.0926,5,2.42,1.1804,2,2.28,1.1121,56,0
SPY190712C297,2019-07-11,2019-07-11 09:32:29,2.34,1.1414,64,2.25,1.0975,92,2.42,1.1804,2,2.295,1.1195,56,0
SPY190712C297,2019-07-11,2019-07-11 09:32:29,2.32,1.1317,150,2.24,1.0926,5,2.42,1.1804,2,2.28,1.1121,56,0
SPY190712C297,2019-07-11,2019-07-11 09:32:30,2.35,1.1463,27,2.26,1.1024,60,2.42,1.1804,2,2.305,1.1243,56,0
SPY190712C297,2019-07-11,2019-07-11 09:32:31,2.39,1.1658,5,2.29,1.117,50,2.42,1.1804,2,2.34,1.1414,56,0
SPY190712C297,2019-07-11,2019-07-11 09:32:31,2.38,1.1609,50,2.29,1.117,10,2.42,1.1804,2,2.335,1.139,56,0
SPY190712C297,2019-07-11,2019-07-11 09:32:32,2.38,1.1609,59,2.29,1.117,77,2.42,1.1804,2,2.335,1.139,56,0
SPY190712C297,2019-07-11,2019-07-11 09:32:32,2.38,1.1609,59,2.31,1.1268,5,2.42,1.1804,2,2.345,1.1439,56,0
SPY190712C297,2019-07-11,2019-07-11 09:32:33,2.39,1.1658,28,2.31,1.1268,5,2.42,1.1804,2,2.35,1.1463,56,0
SPY190712C297,2019-07-11,2019-07-11 09:32:34,2.35,1.1463,45,2.3,1.1219,5,2.42,1.1804,2,2.325,1.1341,56,0
SPY190712C297,2019-07-11,2019-07-11 09:32:34,2.39,1.1658,28,2.31,1.1268,5,2.42,1.1804,2,2.35,1.1463,56,0
SPY190712C297,2019-07-11,2019-07-11 09:32:35,2.37,1.156,7,2.29,1.117,100,2.42,1.1804,2,2.33,1.1365,56,0
SPY190712C297,2019-07-11,2019-07-11 09:32:36,2.34,1.1414,3,2.27,1.1073,100,2.42,1.1804,2,2.305,1.1243,56,0
SPY190712C297,2019-07-11,2019-07-11 09:32:36,2.35,1.1463,59,2.29,1.117,5,2.42,1.1804,2,2.32,1.1317,56,0
SPY190712C297,2019-07-11,2019-07-11 09:32:37,2.37,1.156,3,2.29,1.117,100,2.42,1.1804,2,2.33,1.1365,56,0
SPY190712C297,2019-07-11,2019-07-11 09:32:38,2.35,1.1463,10,2.3,1.1219,10,2.42,1.1804,2,2.325,1.1341,56,0
SPY190712C297,2019-07-11,2019-07-11 09:32:38,2.36,1.1512,5,2.3,1.1219,5,2.42,1.1804,2,2.33,1.1365,56,0
SPY190712C297,2019-07-11,2019-07-11 09:32:39,2.35,1.1463,61,2.26,1.1024,6,2.42,1.1804,2,2.305,1.1243,56,0
SPY190712C297,2019-07-11,2019-07-11 09:32:39,2.34,1.1414,5,2.26,1.1024,5,2.42,1.1804,2,2.3,1.1219,56,0
SPY190712C297,2019-07-11,2019-07-11 09:32:40,2.34,1.1414,5,2.28,1.1121,5,2.42,1.1804,2,2.31,1.1268,56,0
SPY190712C297,2019-07-11,2019-07-11 09:32:41,2.34,1.1414,5,2.28,1.1121,5,2.42,1.1804,2,2.31,1.1268,56,0
SPY190712C297,2019-07-11,2019-07-11 09:32:41,2.35,1.1463,76,2.26,1.1024,5,2.42,1.1804,2,2.305,1.1243,56,0
SPY190712C297,2019-07-11,2019-07-11 09:32:42,2.34,1.1414,5,2.26,1.1024,6,2.42,1.1804,2,2.3,1.1219,56,0
SPY190712C297,2019-07-11,2019-07-11 09:32:42,2.34,1.1414,100,2.27,1.1073,5,2.42,1.1804,2,2.305,1.1243,56,0
SPY190712C297,2019-07-11,2019-07-11 09:32:43,2.35,1.1463,75,2.27,1.1073,100,2.34,1.1414,1,2.31,1.1268,57,1
SPY190712C297,2019-07-11,2019-07-11 09:32:44,2.36,1.1512,100,2.26,1.1024,209,2.34,1.1414,1,2.31,1.1268,57,0
SPY190712C297,2019-07-11,2019-07-11 09:32:44,2.35,1.1463,6,2.27,1.1073,5,2.34,1.1414,1,2.31,1.1268,57,0
SPY190712C297,2019-07-11,2019-07-11 09:32:45,2.34,1.1414,5,2.28,1.1121,5,2.34,1.1414,1,2.31,1.1268,57,0
SPY190712C297,2019-07-11,2019-07-11 09:32:46,2.34,1.1414,5,2.28,1.1121,3,2.34,1.1414,1,2.31,1.1268,57,0
SPY190712C297,2019-07-11,2019-07-11 09:32:46,2.33,1.1365,5,2.27,1.1073,67,2.34,1.1414,1,2.3,1.1219,57,0
SPY190712C297,2019-07-11,2019-07-11 09:32:47,2.33,1.1365,77,2.28,1.1121,47,2.34,1.1414,1,2.305,1.1243,57,0
SPY190712C297,2019-07-11,2019-07-11 09:32:48,2.33,1.1365,67,2.27,1.1073,94,2.34,1.1414,1,2.3,1.1219,57,0
SPY190712C297,2019-07-11,2019-07-11 09:32:48,2.34,1.1414,8,2.25,1.0975,6,2.34,1.1414,1,2.295,1.1195,57,0
SPY190712C297,2019-07-11,2019-07-11 09:32:49,2.33,1.1365,5,2.26,1.1024,5,2.34,1.1414,1,2.295,1.1195,57,0
SPY190712C297,2019-07-11,2019-07-11 09:32:49,2.34,1.1414,45,2.26,1.1024,5,2.34,1.1414,1,2.3,1.1219,57,0
SPY190712C297,2019-07-11,2019-07-11 09:32:50,2.34,1.1414,150,2.26,1.1024,65,2.34,1.1414,1,2.3,1.1219,57,0
SPY190712C297,2019-07-11,2019-07-11 09:32:50,2.34,1.1414,100,2.26,1.1024,65,2.34,1.1414,1,2.3,1.1219,57,0
SPY190712C297,2019-07-11,2019-07-11 09:32:51,2.33,1.1365,5,2.27,1.1073,5,2.34,1.1414,1,2.3,1.1219,57,0
SPY190712C297,2019-07-11,2019-07-11 09:32:52,2.33,1.1365,5,2.27,1.1073,5,2.34,1.1414,1,2.3,1.1219,57,0
SPY190712C297,2019-07-11,2019-07-11 09:32:52,2.34,1.1414,100,2.27,1.1073,5,2.34,1.1414,1,2.305,1.1243,57,0
SPY190712C297,2019-07-11,2019-07-11 09:32:53,2.34,1.1414,100,2.28,1.1121,5,2.34,1.1414,1,2.31,1.1268,57,0
SPY190712C297,2019-07-11,2019-07-11 09:32:53,2.35,1.1463,4,2.28,1.1121,48,2.34,1.1414,1,2.315,1.1292,57,0
SPY190712C297,2019-07-11,2019-07-11 09:32:54,2.36,1.1512,100,2.29,1.117,5,2.34,1.1414,1,2.325,1.1341,57,0
SPY190712C297,2019-07-11,2019-07-11 09:32:55,2.36,1.1512,100,2.29,1.117,65,2.34,1.1414,1,2.325,1.1341,57,0
SPY190712C297,2019-07-11,2019-07-11 09:32:55,2.36,1.1512,79,2.3,1.1219,5,2.34,1.1414,1,2.33,1.1365,57,0
SPY190712C297,2019-07-11,2019-07-11 09:32:56,2.36,1.1512,79,2.3,1.1219,64,2.34,1.1414,1,2.33,1.1365,57,0
SPY190712C297,2019-07-11,2019-07-11 09:32:56,2.36,1.1512,74,2.3,1.1219,77,2.34,1.1414,1,2.33,1.1365,57,0
SPY190712C297,2019-07-11,2019-07-11 09:32:57,2.36,1.1512,65,2.3,1.1219,77,2.34,1.1414,1,2.33,1.1365,57,0
SPY190712C297,2019-07-11,2019-07-11 09:32:58,2.36,1.1512,65,2.3,1.1219,65,2.34,1.1414,1,2.33,1.1365,57,0
SPY190712C297,2019-07-11,2019-07-11 09:32:58,2.36,1.1512,65,2.3,1.1219,77,2.34,1.1414,1,2.33,1.1365,57,0
SPY190712C297,2019-07-11,2019-07-11 09:32:59,2.36,1.1512,65,2.3,1.1219,65,2.34,1.1414,1,2.33,1.1365,57,0
SPY190712C297,2019-07-11,2019-07-11 09:32:59,2.35,1.1463,5,2.29,1.117,5,2.34,1.1414,1,2.32,1.1317,57,0
SPY190712C297,2019-07-11,2019-07-11 09:33:00,2.34,1.1414,44,2.29,1.117,64,2.34,1.1414,1,2.315,1.1292,57,0
SPY190712C297,2019-07-11,2019-07-11 09:33:01,2.36,1.1512,100,2.3,1.1219,5,2.34,1.1414,1,2.33,1.1365,57,0
SPY190712C297,2019-07-11,2019-07-11 09:33:01,2.37,1.156,96,2.27,1.1073,6,2.34,1.1414,1,2.32,1.1317,57,0
SPY190712C297,2019-07-11,2019-07-11 09:33:02,2.37,1.156,2,2.28,1.1121,6,2.34,1.1414,1,2.325,1.1341,57,0
SPY190712C297,2019-07-11,2019-07-11 09:33:02,2.38,1.1609,65,2.28,1.1121,36,2.34,1.1414,1,2.33,1.1365,57,0
SPY190712C297,2019-07-11,2019-07-11 09:33:03,2.37,1.156,74,2.31,1.1268,65,2.35,1.1463,2,2.34,1.1414,59,0
SPY190712C297,2019-07-11,2019-07-11 09:33:03,2.38,1.1609,48,2.29,1.117,210,2.35,1.1463,2,2.335,1.139,59,2
SPY190712C297,2019-07-11,2019-07-11 09:33:04,2.37,1.156,74,2.27,1.1073,41,2.37,1.156,10,2.32,1.1317,69,10
SPY190712C297,2019-07-11,2019-07-11 09:33:05,2.37,1.156,5,2.34,1.1414,59,2.37,1.156,10,2.355,1.1487,69,0
SPY190712C297,2019-07-11,2019-07-11 09:33:05,2.4,1.1707,1,2.31,1.1268,20,2.37,1.156,10,2.355,1.1487,69,0
SPY190712C297,2019-07-11,2019-07-11 09:33:06,2.37,1.156,6,2.28,1.1121,6,2.37,1.156,10,2.325,1.1341,69,0
SPY190712C297,2019-07-11,2019-07-11 09:33:07,2.37,1.156,5,2.28,1.1121,5,2.37,1.156,10,2.325,1.1341,69,0
SPY190712C297,2019-07-11,2019-07-11 09:33:07,2.37,1.156,100,2.28,1.1121,5,2.37,1.156,10,2.325,1.1341,69,0
SPY190712C297,2019-07-11,2019-07-11 09:33:08,2.37,1.156,54,2.29,1.117,5,2.37,1.156,10,2.33,1.1365,69,0
SPY190712C297,2019-07-11,2019-07-11 09:33:08,2.37,1.156,54,2.28,1.1121,5,2.37,1.156,10,2.325,1.1341,69,0
SPY190712C297,2019-07-11,2019-07-11 09:33:09,2.37,1.156,54,2.3,1.1219,5,2.37,1.156,10,2.335,1.139,69,0
SPY190712C297,2019-07-11,2019-07-11 09:33:10,2.37,1.156,54,2.3,1.1219,100,2.33,1.1365,1,2.335,1.139,70,0
SPY190712C297,2019-07-11,2019-07-11 09:33:10,2.37,1.156,76,2.31,1.1268,5,2.33,1.1365,1,2.34,1.1414,70,1
SPY190712C297,2019-07-11,2019-07-11 09:33:11,2.37,1.156,75,2.31,1.1268,5,2.33,1.1365,1,2.34,1.1414,70,0
SPY190712C297,2019-07-11,2019-07-11 09:33:12,2.39,1.1658,5,2.3,1.1219,103,2.33,1.1365,1,2.345,1.1439,70,0
SPY190712C297,2019-07-11,2019-07-11 09:33:12,2.37,1.156,5,2.3,1.1219,5,2.33,1.1365,1,2.335,1.139,70,0
SPY190712C297,2019-07-11,2019-07-11 09:33:13,2.37,1.156,5,2.31,1.1268,5,2.33,1.1365,1,2.34,1.1414,70,0
SPY190712C297,2019-07-11,2019-07-11 09:33:13,2.38,1.1609,8,2.31,1.1268,5,2.33,1.1365,1,2.345,1.1439,70,0
SPY190712C297,2019-07-11,2019-07-11 09:33:14,2.37,1.156,5,2.31,1.1268,50,2.33,1.1365,1,2.34,1.1414,70,0
SPY190712C297,2019-07-11,2019-07-11 09:33:15,2.37,1.156,12,2.3,1.1219,65,2.33,1.1365,1,2.335,1.139,70,0
SPY190712C297,2019-07-11,2019-07-11 09:33:15,2.36,1.1512,10,2.3,1.1219,95,2.33,1.1365,1,2.33,1.1365,70,0
SPY190712C297,2019-07-11,2019-07-11 09:33:16,2.35,1.1463,5,2.29,1.117,152,2.33,1.1365,1,2.32,1.1317,70,0
SPY190712C297,2019-07-11,2019-07-11 09:33:16,2.35,1.1463,5,2.3,1.1219,61,2.33,1.1365,1,2.325,1.1341,70,0
SPY190712C297,2019-07-11,2019-07-11 09:33:17,2.35,1.1463,56,2.29,1.117,189,2.33,1.1365,1,2.32,1.1317,70,0
SPY190712C297,2019-07-11,2019-07-11 09:33:18,2.35,1.1463,56,2.29,1.117,189,2.33,1.1365,1,2.32,1.1317,70,0
SPY190712C297,2019-07-11,2019-07-11 09:33:18,2.35,1.1463,53,2.29,1.117,108,2.33,1.1365,1,2.32,1.1317,70,0
SPY190712C297,2019-07-11,2019-07-11 09:33:19,2.34,1.1414,5,2.28,1.1121,59,2.33,1.1365,1,2.31,1.1268,70,0
SPY190712C297,2019-07-11,2019-07-11 09:33:19,2.35,1.1463,71,2.29,1.117,20,2.33,1.1365,1,2.32,1.1317,70,0
SPY190712C297,2019-07-11,2019-07-11 09:33:20,2.35,1.1463,65,2.29,1.117,65,2.33,1.1365,1,2.32,1.1317,70,0
SPY190712C297,2019-07-11,2019-07-11 09:33:20,2.35,1.1463,65,2.28,1.1121,5,2.33,1.1365,1,2.315,1.1292,70,0
SPY190712C297,2019-07-11,2019-07-11 09:33:21,2.32,1.1317,1,2.29,1.117,65,2.33,1.1365,1,2.305,1.1243,70,0
SPY190712C297,2019-07-11,2019-07-11 09:33:22,2.32,1.1317,1,2.29,1.117,59,2.33,1.1365,1,2.305,1.1243,70,0
SPY190712C297,2019-07-11,2019-07-11 09:33:22,2.32,1.1317,1,2.29,1.117,92,2.33,1.1365,1,2.305,1.1243,70,0
SPY190712C297,2019-07-11,2019-07-11 09:33:23,2.32,1.1317,1,2.29,1.117,92,2.33,1.1365,1,2.305,1.1243,70,0
SPY190712C297,2019-07-11,2019-07-11 09:33:24,2.32,1.1317,1,2.29,1.117,92,2.33,1.1365,1,2.305,1.1243,70,0
SPY190712C297,2019-07-11,2019-07-11 09:33:24,2.32,1.1317,1,2.29,1.117,65,2.33,1.1365,1,2.305,1.1243,70,0
SPY190712C297,2019-07-11,2019-07-11 09:33:25,2.32,1.1317,2,2.27,1.1073,5,2.33,1.1365,1,2.295,1.1195,70,0
SPY190712C297,2019-07-11,2019-07-11 09:33:26,2.32,1.1317,1,2.27,1.1073,96,2.33,1.1365,1,2.295,1.1195,70,0
SPY190712C297,2019-07-11,2019-07-11 09:33:26,2.32,1.1317,2,2.27,1.1073,96,2.33,1.1365,1,2.295,1.1195,70,0
SPY190712C297,2019-07-11,2019-07-11 09:33:27,2.32,1.1317,1,2.27,1.1073,65,2.33,1.1365,1,2.295,1.1195,70,0
SPY190712C297,2019-07-11,2019-07-11 09:33:28,2.32,1.1317,1,2.27,1.1073,65,2.33,1.1365,1,2.295,1.1195,70,0
SPY190712C297,2019-07-11,2019-07-11 09:33:29,2.32,1.1317,1,2.27,1.1073,65,2.33,1.1365,1,2.295,1.1195,70,0
SPY190712C297,2019-07-11,2019-07-11 09:33:29,2.31,1.1268,5,2.26,1.1024,57,2.33,1.1365,1,2.285,1.1146,70,0
SPY190712C297,2019-07-11,2019-07-11 09:33:30,2.32,1.1317,1,2.27,1.1073,49,2.33,1.1365,1,2.295,1.1195,70,0
SPY190712C297,2019-07-11,2019-07-11 09:33:30,2.32,1.1317,1,2.27,1.1073,41,2.33,1.1365,1,2.295,1.1195,70,0
SPY190712C297,2019-07-11,2019-07-11 09:33:31,2.32,1.1317,1,2.27,1.1073,5,2.28,1.1121,1,2.295,1.1195,73,0
SPY190712C297,2019-07-11,2019-07-11 09:33:31,2.32,1.1317,6,2.26,1.1024,41,2.28,1.1121,1,2.29,1.117,73,3
SPY190712C297,2019-07-11,2019-07-11 09:33:32,2.32,1.1317,1,2.27,1.1073,110,2.28,1.1121,1,2.295,1.1195,73,0
SPY190712C297,2019-07-11,2019-07-11 09:33:33,2.31,1.1268,48,2.26,1.1024,1,2.28,1.1121,1,2.285,1.1146,73,0
SPY190712C297,2019-07-11,2019-07-11 09:33:33,2.31,1.1268,10,2.26,1.1024,1,2.28,1.1121,1,2.285,1.1146,73,0
SPY190712C297,2019-07-11,2019-07-11 09:33:34,2.31,1.1268,59,2.26,1.1024,64,2.28,1.1121,1,2.285,1.1146,73,0
SPY190712C297,2019-07-11,2019-07-11 09:33:35,2.32,1.1317,100,2.26,1.1024,2,2.28,1.1121,1,2.29,1.117,73,0
SPY190712C297,2019-07-11,2019-07-11 09:33:35,2.32,1.1317,16,2.27,1.1073,5,2.28,1.1121,1,2.295,1.1195,73,0
SPY190712C297,2019-07-11,2019-07-11 09:33:36,2.32,1.1317,1,2.26,1.1024,1,2.28,1.1121,1,2.29,1.117,73,0
SPY190712C297,2019-07-11,2019-07-11 09:33:36,2.32,1.1317,57,2.27,1.1073,64,2.28,1.1121,1,2.295,1.1195,73,0
SPY190712C297,2019-07-11,2019-07-11 09:33:37,2.32,1.1317,6,2.26,1.1024,100,2.28,1.1121,1,2.29,1.117,73,0
SPY190712C297,2019-07-11,2019-07-11 09:33:38,2.32,1.1317,1,2.27,1.1073,87,2.28,1.1121,1,2.295,1.1195,73,0
SPY190712C297,2019-07-11,2019-07-11 09:33:38,2.32,1.1317,6,2.27,1.1073,87,2.28,1.1121,1,2.295,1.1195,73,0
SPY190712C297,2019-07-11,2019-07-11 09:33:39,2.32,1.1317,1,2.27,1.1073,65,2.28,1.1121,1,2.295,1.1195,73,0
SPY190712C297,2019-07-11,2019-07-11 09:33:39,2.32,1.1317,2,2.27,1.1073,65,2.28,1.1121,1,2.295,1.1195,73,0
SPY190712C297,2019-07-11,2019-07-11 09:33:40,2.32,1.1317,1,2.27,1.1073,65,2.28,1.1121,1,2.295,1.1195,73,0
SPY190712C297,2019-07-11,2019-07-11 09:33:41,2.32,1.1317,1,2.27,1.1073,20,2.28,1.1121,1,2.295,1.1195,73,0
SPY190712C297,2019-07-11,2019-07-11 09:33:42,2.32,1.1317,1,2.28,1.1121,10,2.28,1.1121,1,2.3,1.1219,73,0
SPY190712C297,2019-07-11,2019-07-11 09:33:43,2.32,1.1317,1,2.27,1.1073,100,2.28,1.1121,1,2.295,1.1195,73,0
SPY190712C297,2019-07-11,2019-07-11 09:33:44,2.32,1.1317,1,2.29,1.117,3,2.28,1.1121,1,2.305,1.1243,73,0
SPY190712C297,2019-07-11,2019-07-11 09:33:44,2.32,1.1317,1,2.28,1.1121,64,2.28,1.1121,1,2.3,1.1219,73,0
SPY190712C297,2019-07-11,2019-07-11 09:33:45,2.32,1.1317,1,2.28,1.1121,59,2.28,1.1121,1,2.3,1.1219,73,0
SPY190712C297,2019-07-11,2019-07-11 09:33:46,2.32,1.1317,1,2.27,1.1073,254,2.28,1.1121,1,2.295,1.1195,73,0
SPY190712C297,2019-07-11,2019-07-11 09:33:46,2.32,1.1317,1,2.27,1.1073,236,2.28,1.1121,1,2.295,1.1195,73,0
SPY190712C297,2019-07-11,2019-07-11 09:33:47,2.31,1.1268,5,2.27,1.1073,236,2.28,1.1121,1,2.29,1.117,73,0
SPY190712C297,2019-07-11,2019-07-11 09:33:47,2.32,1.1317,1,2.27,1.1073,236,2.28,1.1121,1,2.295,1.1195,73,0
SPY190712C297,2019-07-11,2019-07-11 09:33:48,2.31,1.1268,5,2.27,1.1073,236,2.28,1.1121,1,2.29,1.117,73,0
SPY190712C297,2019-07-11,2019-07-11 09:33:48,2.32,1.1317,143,2.26,1.1024,133,2.28,1.1121,1,2.29,1.117,73,0
SPY190712C297,2019-07-11,2019-07-11 09:33:49,2.31,1.1268,5,2.26,1.1024,96,2.28,1.1121,1,2.285,1.1146,73,0
SPY190712C297,2019-07-11,2019-07-11 09:33:50,2.32,1.1317,100,2.26,1.1024,96,2.28,1.1121,1,2.29,1.117,73,0
SPY190712C297,2019-07-11,2019-07-11 09:33:50,2.31,1.1268,5,2.26,1.1024,96,2.28,1.1121,1,2.285,1.1146,73,0
SPY190712C297,2019-07-11,2019-07-11 09:33:51,2.31,1.1268,20,2.26,1.1024,1,2.28,1.1121,1,2.285,1.1146,73,0
SPY190712C297,2019-07-11,2019-07-11 09:33:52,2.31,1.1268,153,2.26,1.1024,2,2.28,1.1121,1,2.285,1.1146,73,0
SPY190712C297,2019-07-11,2019-07-11 09:33:52,2.31,1.1268,20,2.26,1.1024,2,2.28,1.1121,1,2.285,1.1146,73,0
SPY190712C297,2019-07-11,2019-07-11 09:33:53,2.3,1.1219,20,2.26,1.1024,2,2.28,1.1121,1,2.28,1.1121,73,0
SPY190712C297,2019-07-11,2019-07-11 09:33:53,2.3,1.1219,140,2.26,1.1024,2,2.28,1.1121,1,2.28,1.1121,73,0
SPY190712C297,2019-07-11,2019-07-11 09:33:54,2.29,1.117,68,2.26,1.1024,1,2.26,1.1024,1,2.275,1.1097,74,1
SPY190712C297,2019-07-11,2019-07-11 09:33:55,2.28,1.1121,20,2.21,1.078,5,2.26,1.1024,1,2.245,1.0951,74,0
SPY190712C297,2019-07-11,2019-07-11 09:33:55,2.29,1.117,106,2.23,1.0878,152,2.26,1.1024,1,2.26,1.1024,74,0
SPY190712C297,2019-07-11,2019-07-11 09:33:56,2.29,1.117,12,2.22,1.0829,5,2.26,1.1024,1,2.255,1.1,74,0
SPY190712C297,2019-07-11,2019-07-11 09:33:57,2.29,1.117,98,2.24,1.0926,62,2.26,1.1024,1,2.265,1.1048,74,0
SPY190712C297,2019-07-11,2019-07-11 09:33:57,2.29,1.117,62,2.24,1.0926,62,2.26,1.1024,1,2.265,1.1048,74,0
SPY190712C297,2019-07-11,2019-07-11 09:33:58,2.29,1.117,26,2.24,1.0926,65,2.26,1.1024,1,2.265,1.1048,74,0
SPY190712C297,2019-07-11,2019-07-11 09:33:59,2.28,1.1121,65,2.23,1.0878,27,2.26,1.1024,1,2.255,1.1,74,0
SPY190712C297,2019-07-11,2019-07-11 09:33:59,2.29,1.117,65,2.23,1.0878,43,2.26,1.1024,1,2.26,1.1024,74,0
SPY190712C297,2019-07-11,2019-07-11 09:34:00,2.29,1.117,65,2.23,1.0878,83,2.26,1.1024,1,2.26,1.1024,74,0
SPY190712C297,2019-07-11,2019-07-11 09:34:00,2.29,1.117,109,2.23,1.0878,27,2.26,1.1024,1,2.26,1.1024,74,0
SPY190712C297,2019-07-11,2019-07-11 09:34:01,2.29,1.117,35,2.24,1.0926,65,2.26,1.1024,1,2.265,1.1048,74,0
SPY190712C297,2019-07-11,2019-07-11 09:34:01,2.3,1.1219,38,2.25,1.0975,65,2.26,1.1024,1,2.275,1.1097,74,0
SPY190712C297,2019-07-11,2019-07-11 09:34:02,2.3,1.1219,65,2.25,1.0975,65,2.25,1.0975,7,2.275,1.1097,81,7
SPY190712C297,2019-07-11,2019-07-11 09:34:03,2.31,1.1268,11,2.25,1.0975,62,2.25,1.0975,7,2.28,1.1121,81,0
SPY190712C297,2019-07-11,2019-07-11 09:34:03,2.3,1.1219,65,2.25,1.0975,65,2.25,1.0975,7,2.275,1.1097,81,0
SPY190712C297,2019-07-11,2019-07-11 09:34:04,2.32,1.1317,70,2.26,1.1024,5,2.25,1.0975,7,2.29,1.117,81,0
SPY190712C297,2019-07-11,2019-07-11 09:34:05,2.31,1.1268,6,2.25,1.0975,152,2.25,1.0975,7,2.28,1.1121,81,0
SPY190712C297,2019-07-11,2019-07-11 09:34:05,2.32,1.1317,163,2.25,1.0975,152,2.25,1.0975,7,2.285,1.1146,81,0
SPY190712C297,2019-07-11,2019-07-11 09:34:06,2.31,1.1268,37,2.25,1.0975,218,2.25,1.0975,7,2.28,1.1121,81,0
SPY190712C297,2019-07-11,2019-07-11 09:34:06,2.31,1.1268,80,2.25,1.0975,218,2.25,1.0975,7,2.28,1.1121,81,0
SPY190712C297,2019-07-11,2019-07-11 09:34:07,2.31,1.1268,80,2.25,1.0975,132,2.25,1.0975,7,2.28,1.1121,81,0
SPY190712C297,2019-07-11,2019-07-11 09:34:08,2.32,1.1317,1,2.26,1.1024,5,2.25,1.0975,7,2.29,1.117,81,0
SPY190712C297,2019-07-11,2019-07-11 09:34:09,2.32,1.1317,1,2.27,1.1073,101,2.25,1.0975,7,2.295,1.1195,81,0
SPY190712C297,2019-07-11,2019-07-11 09:34:10,2.32,1.1317,1,2.27,1.1073,101,2.25,1.0975,7,2.295,1.1195,81,0
SPY190712C297,2019-07-11,2019-07-11 09:34:10,2.32,1.1317,1,2.28,1.1121,5,2.25,1.0975,7,2.3,1.1219,81,0
SPY190712C297,2019-07-11,2019-07-11 09:34:11,2.32,1.1317,1,2.28,1.1121,5,2.25,1.0975,7,2.3,1.1219,81,0
SPY190712C297,2019-07-11,2019-07-11 09:34:11,2.32,1.1317,1,2.27,1.1073,100,2.25,1.0975,7,2.295,1.1195,81,0
SPY190712C297,2019-07-11,2019-07-11 09:34:12,2.32,1.1317,1,2.28,1.1121,5,2.25,1.0975,7,2.3,1.1219,81,0
SPY190712C297,2019-07-11,2019-07-11 09:34:12,2.32,1.1317,1,2.29,1.117,101,2.25,1.0975,7,2.305,1.1243,81,0
SPY190712C297,2019-07-11,2019-07-11 09:34:13,2.32,1.1317,1,2.29,1.117,101,2.25,1.0975,7,2.305,1.1243,81,0
SPY190712C297,2019-07-11,2019-07-11 09:34:14,2.32,1.1317,1,2.3,1.1219,5,2.25,1.0975,7,2.31,1.1268,81,0
SPY190712C297,2019-07-11,2019-07-11 09:34:14,2.32,1.1317,1,2.29,1.117,101,2.25,1.0975,7,2.305,1.1243,81,0
SPY190712C297,2019-07-11,2019-07-11 09:34:15,2.32,1.1317,1,2.29,1.117,221,2.25,1.0975,7,2.305,1.1243,81,0
SPY190712C297,2019-07-11,2019-07-11 09:34:16,2.32,1.1317,1,2.29,1.117,152,2.25,1.0975,7,2.305,1.1243,81,0
SPY190712C297,2019-07-11,2019-07-11 09:34:16,2.32,1.1317,1,2.3,1.1219,5,2.32,1.1317,1,2.31,1.1268,82,1
SPY190712C297,2019-07-11,2019-07-11 09:34:17,2.38,1.1609,100,2.3,1.1219,5,2.32,1.1317,1,2.34,1.1414,82,0
SPY190712C297,2019-07-11,2019-07-11 09:34:18,2.38,1.1609,159,2.32,1.1317,1,2.32,1.1317,2,2.35,1.1463,84,2
SPY190712C297,2019-07-11,2019-07-11 09:34:18,2.38,1.1609,100,2.31,1.1268,103,2.32,1.1317,2,2.345,1.1439,84,0
SPY190712C297,2019-07-11,2019-07-11 09:34:19,2.37,1.156,5,2.31,1.1268,103,2.32,1.1317,2,2.34,1.1414,84,0
SPY190712C297,2019-07-11,2019-07-11 09:34:19,2.37,1.156,64,2.32,1.1317,34,2.32,1.1317,2,2.345,1.1439,84,0
SPY190712C297,2019-07-11,2019-07-11 09:34:20,2.37,1.156,64,2.32,1.1317,5,2.32,1.1317,2,2.345,1.1439,84,0
SPY190712C297,2019-07-11,2019-07-11 09:34:21,2.38,1.1609,47,2.33,1.1365,59,2.32,1.1317,2,2.355,1.1487,84,0
SPY190712C297,2019-07-11,2019-07-11 09:34:21,2.37,1.156,16,2.33,1.1365,59,2.32,1.1317,2,2.35,1.1463,84,0
SPY190712C297,2019-07-11,2019-07-11 09:34:22,2.38,1.1609,57,2.33,1.1365,64,2.32,1.1317,2,2.355,1.1487,84,0
SPY190712C297,2019-07-11,2019-07-11 09:34:22,2.38,1.1609,64,2.33,1.1365,48,2.32,1.1317,2,2.355,1.1487,84,0
SPY190712C297,2019-07-11,2019-07-11 09:34:23,2.38,1.1609,56,2.3,1.1219,6,2.32,1.1317,2,2.34,1.1414,84,0
SPY190712C297,2019-07-11,2019-07-11 09:34:24,2.39,1.1658,59,2.32,1.1317,6,2.32,1.1317,2,2.355,1.1487,84,0
SPY190712C297,2019-07-11,2019-07-11 09:34:24,2.39,1.1658,64,2.31,1.1268,6,2.32,1.1317,2,2.35,1.1463,84,0
SPY190712C297,2019-07-11,2019-07-11 09:34:25,2.4,1.1707,59,2.35,1.1463,59,2.32,1.1317,2,2.375,1.1585,84,0
SPY190712C297,2019-07-11,2019-07-11 09:34:25,2.4,1.1707,59,2.33,1.1365,6,2.32,1.1317,2,2.365,1.1536,84,0
SPY190712C297,2019-07-11,2019-07-11 09:34:26,2.41,1.1756,59,2.35,1.1463,5,2.32,1.1317,2,2.38,1.1609,84,0
SPY190712C297,2019-07-11,2019-07-11 09:34:27,2.41,1.1756,1,2.34,1.1414,6,2.4,1.1707,10,2.375,1.1585,94,10
SPY190712C297,2019-07-11,2019-07-11 09:34:28,2.45,1.1951,73,2.4,1.1707,58,2.36,1.1512,1,2.425,1.1829,95,1
SPY190712C297,2019-07-11,2019-07-11 09:34:28,2.47,1.2048,64,2.41,1.1756,58,2.36,1.1512,1,2.44,1.1902,95,0
SPY190712C297,2019-07-11,2019-07-11 09:34:29,2.44,1.1902,31,2.41,1.1756,58,2.36,1.1512,1,2.425,1.1829,95,0
SPY190712C297,2019-07-11,2019-07-11 09:34:29,2.46,1.2,53,2.41,1.1756,58,2.36,1.1512,1,2.435,1.1878,95,0
SPY190712C297,2019-07-11,2019-07-11 09:34:30,2.45,1.1951,50,2.36,1.1512,6,2.36,1.1512,1,2.405,1.1731,95,0
SPY190712C297,2019-07-11,2019-07-11 09:34:30,2.45,1.1951,42,2.36,1.1512,6,2.36,1.1512,1,2.405,1.1731,95,0
SPY190712C297,2019-07-11,2019-07-11 09:34:31,2.46,1.2,68,2.38,1.1609,6,2.36,1.1512,1,2.42,1.1804,95,0
SPY190712C297,2019-07-11,2019-07-11 09:34:32,2.44,1.1902,6,2.35,1.1463,58,2.39,1.1658,4,2.395,1.1682,99,4
SPY190712C297,2019-07-11,2019-07-11 09:34:33,2.41,1.1756,58,2.36,1.1512,44,2.39,1.1658,4,2.385,1.1634,99,0
SPY190712C297,2019-07-11,2019-07-11 09:34:34,2.41,1.1756,58,2.35,1.1463,5,2.39,1.1658,4,2.38,1.1609,99,0
SPY190712C297,2019-07-11,2019-07-11 09:34:36,2.43,1.1853,6,2.37,1.156,103,2.39,1.1658,4,2.4,1.1707,99,0
SPY190712C297,2019-07-11,2019-07-11 09:34:36,2.43,1.1853,47,2.35,1.1463,5,2.39,1.1658,4,2.39,1.1658,99,0
SPY190712C297,2019-07-11,2019-07-11 09:34:37,2.43,1.1853,64,2.36,1.1512,5,2.39,1.1658,4,2.395,1.1682,99,0
SPY190712C297,2019-07-11,2019-07-11 09:34:37,2.43,1.1853,68,2.37,1.156,5,2.4,1.1707,10,2.4,1.1707,109,10
SPY190712C297,2019-07-11,2019-07-11 09:34:38,2.43,1.1853,68,2.37,1.156,6,2.4,1.1707,10,2.4,1.1707,109,0
SPY190712C297,2019-07-11,2019-07-11 09:34:39,2.46,1.2,68,2.38,1.1609,5,2.4,1.1707,10,2.42,1.1804,109,0
SPY190712C297,2019-07-11,2019-07-11 09:34:39,2.46,1.2,100,2.37,1.156,2,2.4,1.1707,10,2.415,1.178,109,0
SPY190712C297,2019-07-11,2019-07-11 09:34:40,2.46,1.2,73,2.39,1.1658,5,2.4,1.1707,10,2.425,1.1829,109,0
SPY190712C297,2019-07-11,2019-07-11 09:34:40,2.43,1.1853,58,2.38,1.1609,65,2.4,1.1707,10,2.405,1.1731,109,0
SPY190712C297,2019-07-11,2019-07-11 09:34:41,2.45,1.1951,115,2.38,1.1609,47,2.4,1.1707,10,2.415,1.178,109,0
SPY190712C297,2019-07-11,2019-07-11 09:34:42,2.46,1.2,63,2.38,1.1609,5,2.4,1.1707,10,2.42,1.1804,109,0
SPY190712C297,2019-07-11,2019-07-11 09:34:42,2.44,1.1902,6,2.37,1.156,5,2.4,1.1707,10,2.405,1.1731,109,0
SPY190712C297,2019-07-11,2019-07-11 09:34:43,2.46,1.2,61,2.39,1.1658,5,2.4,1.1707,10,2.425,1.1829,109,0
SPY190712C297,2019-07-11,2019-07-11 09:34:43,2.46,1.2,65,2.38,1.1609,1,2.4,1.1707,10,2.42,1.1804,109,0
SPY190712C297,2019-07-11,2019-07-11 09:34:44,2.46,1.2,65,2.39,1.1658,5,2.4,1.1707,10,2.425,1.1829,109,0
SPY190712C297,2019-07-11,2019-07-11 09:34:45,2.46,1.2,123,2.39,1.1658,105,2.4,1.1707,10,2.425,1.1829,109,0
SPY190712C297,2019-07-11,2019-07-11 09:34:45,2.46,1.2,105,2.4,1.1707,5,2.4,1.1707,10,2.43,1.1853,109,0
SPY190712C297,2019-07-11,2019-07-11 09:34:46,2.44,1.1902,8,2.38,1.1609,63,2.4,1.1707,10,2.41,1.1756,109,0
SPY190712C297,2019-07-11,2019-07-11 09:34:47,2.44,1.1902,149,2.38,1.1609,82,2.4,1.1707,10,2.41,1.1756,109,0
SPY190712C297,2019-07-11,2019-07-11 09:34:47,2.44,1.1902,10,2.38,1.1609,58,2.4,1.1707,10,2.41,1.1756,109,0
SPY190712C297,2019-07-11,2019-07-11 09:34:48,2.44,1.1902,125,2.38,1.1609,107,2.4,1.1707,10,2.41,1.1756,109,0
SPY190712C297,2019-07-11,2019-07-11 09:34:49,2.44,1.1902,125,2.38,1.1609,107,2.4,1.1707,10,2.41,1.1756,109,0
SPY190712C297,2019-07-11,2019-07-11 09:34:49,2.46,1.2,45,2.36,1.1512,1,2.4,1.1707,10,2.41,1.1756,109,0
SPY190712C297,2019-07-11,2019-07-11 09:34:50,2.44,1.1902,58,2.39,1.1658,31,2.4,1.1707,10,2.415,1.178,109,0
SPY190712C297,2019-07-11,2019-07-11 09:34:51,2.45,1.1951,112,2.38,1.1609,97,2.4,1.1707,10,2.415,1.178,109,0
SPY190712C297,2019-07-11,2019-07-11 09:34:51,2.45,1.1951,93,2.38,1.1609,5,2.4,1.1707,10,2.415,1.178,109,0
SPY190712C297,2019-07-11,2019-07-11 09:34:52,2.44,1.1902,6,2.38,1.1609,58,2.4,1.1707,10,2.41,1.1756,109,0
SPY190712C297,2019-07-11,2019-07-11 09:34:52,2.45,1.1951,93,2.38,1.1609,100,2.4,1.1707,10,2.415,1.178,109,0
SPY190712C297,2019-07-11,2019-07-11 09:34:53,2.43,1.1853,10,2.36,1.1512,79,2.36,1.1512,1,2.395,1.1682,110,1
SPY190712C297,2019-07-11,2019-07-11 09:34:53,2.42,1.1804,58,2.36,1.1512,79,2.4,1.1707,10,2.39,1.1658,109,0
SPY190712C297,2019-07-11,2019-07-11 09:34:54,2.43,1.1853,8,2.37,1.156,89,2.36,1.1512,1,2.4,1.1707,110,0
SPY190712C297,2019-07-11,2019-07-11 09:34:54,2.43,1.1853,63,2.36,1.1512,79,2.36,1.1512,1,2.395,1.1682,110,0
SPY190712C297,2019-07-11,2019-07-11 09:34:55,2.44,1.1902,6,2.37,1.156,89,2.36,1.1512,1,2.405,1.1731,110,0
SPY190712C297,2019-07-11,2019-07-11 09:34:56,2.47,1.2048,68,2.38,1.1609,157,2.36,1.1512,1,2.425,1.1829,110,0
SPY190712C297,2019-07-11,2019-07-11 09:34:56,2.45,1.1951,100,2.37,1.156,89,2.36,1.1512,1,2.41,1.1756,110,0
SPY190712C297,2019-07-11,2019-07-11 09:34:57,2.47,1.2048,68,2.39,1.1658,5,2.36,1.1512,1,2.43,1.1853,110,0
SPY190712C297,2019-07-11,2019-07-11 09:34:58,2.46,1.2,58,2.41,1.1756,58,2.44,1.1902,10,2.435,1.1878,120,0
SPY190712C297,2019-07-11,2019-07-11 09:34:58,2.47,1.2048,68,2.4,1.1707,1,2.44,1.1902,10,2.435,1.1878,120,10
SPY190712C297,2019-07-11,2019-07-11 09:34:59,2.47,1.2048,100,2.41,1.1756,29,2.44,1.1902,10,2.44,1.1902,120,0
SPY190712C297,2019-07-11,2019-07-11 09:34:59,2.47,1.2048,58,2.42,1.1804,5,2.44,1.1902,10,2.445,1.1926,120,0
SPY190712C297,2019-07-11,2019-07-11 09:35:00,2.46,1.2,58,2.41,1.1756,58,2.44,1.1902,10,2.435,1.1878,120,0
SPY190712C297,2019-07-11,2019-07-11 09:35:00,2.46,1.2,58,2.41,1.1756,65,2.44,1.1902,10,2.435,1.1878,120,0
SPY190712C297,2019-07-11,2019-07-11 09:35:01,2.46,1.2,80,2.41,1.1756,19,2.44,1.1902,10,2.435,1.1878,120,0
SPY190712C297,2019-07-11,2019-07-11 09:35:02,2.46,1.2,121,2.41,1.1756,32,2.44,1.1902,10,2.435,1.1878,120,0
SPY190712C297,2019-07-11,2019-07-11 09:35:03,2.45,1.1951,8,2.38,1.1609,63,2.44,1.1902,10,2.415,1.178,120,0
SPY190712C297,2019-07-11,2019-07-11 09:35:03,2.45,1.1951,1,2.38,1.1609,63,2.44,1.1902,10,2.415,1.178,120,0
SPY190712C297,2019-07-11,2019-07-11 09:35:04,2.41,1.1756,30,2.36,1.1512,61,2.44,1.1902,10,2.385,1.1634,120,0
SPY190712C297,2019-07-11,2019-07-11 09:35:04,2.43,1.1853,35,2.37,1.156,63,2.44,1.1902,10,2.4,1.1707,120,0
SPY190712C297,2019-07-11,2019-07-11 09:35:05,2.46,1.2,124,2.39,1.1658,41,2.44,1.1902,10,2.425,1.1829,120,0
SPY190712C297,2019-07-11,2019-07-11 09:35:05,2.43,1.1853,63,2.38,1.1609,40,2.44,1.1902,10,2.405,1.1731,120,0
SPY190712C297,2019-07-11,2019-07-11 09:35:06,2.44,1.1902,68,2.38,1.1609,63,2.44,1.1902,10,2.41,1.1756,120,0
SPY190712C297,2019-07-11,2019-07-11 09:35:07,2.43,1.1853,51,2.38,1.1609,63,2.44,1.1902,10,2.405,1.1731,120,0
SPY190712C297,2019-07-11,2019-07-11 09:35:07,2.45,1.1951,58,2.4,1.1707,51,2.44,1.1902,10,2.425,1.1829,120,0
SPY190712C297,2019-07-11,2019-07-11 09:35:08,2.45,1.1951,58,2.39,1.1658,5,2.44,1.1902,10,2.42,1.1804,120,0
SPY190712C297,2019-07-11,2019-07-11 09:35:09,2.45,1.1951,58,2.39,1.1658,154,2.44,1.1902,10,2.42,1.1804,120,0
SPY190712C297,2019-07-11,2019-07-11 09:35:10,2.45,1.1951,58,2.39,1.1658,154,2.44,1.1902,10,2.42,1.1804,120,0
SPY190712C297,2019-07-11,2019-07-11 09:35:10,2.44,1.1902,5,2.37,1.156,152,2.44,1.1902,10,2.405,1.1731,120,0
SPY190712C297,2019-07-11,2019-07-11 09:35:11,2.45,1.1951,58,2.38,1.1609,103,2.44,1.1902,10,2.415,1.178,120,0
SPY190712C297,2019-07-11,2019-07-11 09:35:12,2.45,1.1951,68,2.39,1.1658,5,2.44,1.1902,10,2.42,1.1804,120,0
SPY190712C297,2019-07-11,2019-07-11 09:35:12,2.45,1.1951,5,2.39,1.1658,5,2.44,1.1902,10,2.42,1.1804,120,0
SPY190712C297,2019-07-11,2019-07-11 09:35:13,2.45,1.1951,38,2.39,1.1658,102,2.44,1.1902,10,2.42,1.1804,120,0
SPY190712C297,2019-07-11,2019-07-11 09:35:14,2.48,1.2097,100,2.4,1.1707,5,2.44,1.1902,10,2.44,1.1902,120,0
SPY190712C297,2019-07-11,2019-07-11 09:35:14,2.47,1.2048,63,2.4,1.1707,5,2.44,1.1902,10,2.435,1.1878,120,0
SPY190712C297,2019-07-11,2019-07-11 09:35:15,2.48,1.2097,8,2.4,1.1707,5,2.44,1.1902,10,2.44,1.1902,120,0
SPY190712C297,2019-07-11,2019-07-11 09:35:15,2.48,1.2097,63,2.42,1.1804,58,2.44,1.1902,10,2.45,1.1951,120,0
SPY190712C297,2019-07-11,2019-07-11 09:35:16,2.48,1.2097,100,2.41,1.1756,5,2.44,1.1902,10,2.445,1.1926,120,0
SPY190712C297,2019-07-11,2019-07-11 09:35:17,2.46,1.2,29,2.41,1.1756,5,2.44,1.1902,10,2.435,1.1878,120,0
SPY190712C297,2019-07-11,2019-07-11 09:35:17,2.47,1.2048,5,2.41,1.1756,5,2.44,1.1902,10,2.44,1.1902,120,0
SPY190712C297,2019-07-11,2019-07-11 09:35:18,2.48,1.2097,100,2.41,1.1756,5,2.44,1.1902,10,2.445,1.1926,120,0
SPY190712C297,2019-07-11,2019-07-11 09:35:19,2.47,1.2048,182,2.4,1.1707,137,2.44,1.1902,10,2.435,1.1878,120,0
SPY190712C297,2019-07-11,2019-07-11 09:35:19,2.47,1.2048,100,2.4,1.1707,100,2.44,1.1902,10,2.435,1.1878,120,0
SPY190712C297,2019-07-11,2019-07-11 09:35:20,2.46,1.2,58,2.4,1.1707,74,2.44,1.1902,10,2.43,1.1853,120,0
SPY190712C297,2019-07-11,2019-07-11 09:35:20,2.46,1.2,73,2.4,1.1707,74,2.44,1.1902,10,2.43,1.1853,120,0
SPY190712C297,2019-07-11,2019-07-11 09:35:21,2.46,1.2,68,2.4,1.1707,113,2.44,1.1902,10,2.43,1.1853,120,0
SPY190712C297,2019-07-11,2019-07-11 09:35:22,2.46,1.2,68,2.4,1.1707,113,2.44,1.1902,10,2.43,1.1853,120,0
SPY190712C297,2019-07-11,2019-07-11 09:35:23,2.46,1.2,74,2.4,1.1707,113,2.44,1.1902,10,2.43,1.1853,120,0
SPY190712C297,2019-07-11,2019-07-11 09:35:23,2.46,1.2,100,2.4,1.1707,113,2.44,1.1902,10,2.43,1.1853,120,0
SPY190712C297,2019-07-11,2019-07-11 09:35:24,2.46,1.2,73,2.4,1.1707,60,2.44,1.1902,10,2.43,1.1853,120,0
SPY190712C297,2019-07-11,2019-07-11 09:35:24,2.46,1.2,127,2.4,1.1707,58,2.44,1.1902,10,2.43,1.1853,120,0
SPY190712C297,2019-07-11,2019-07-11 09:35:25,2.45,1.1951,10,2.4,1.1707,48,2.44,1.1902,10,2.425,1.1829,120,0
SPY190712C297,2019-07-11,2019-07-11 09:35:26,2.45,1.1951,63,2.4,1.1707,48,2.44,1.1902,10,2.425,1.1829,120,0
SPY190712C297,2019-07-11,2019-07-11 09:35:26,2.45,1.1951,73,2.39,1.1658,63,2.44,1.1902,10,2.42,1.1804,120,0
SPY190712C297,2019-07-11,2019-07-11 09:35:27,2.45,1.1951,41,2.39,1.1658,60,2.44,1.1902,10,2.42,1.1804,120,0
SPY190712C297,2019-07-11,2019-07-11 09:35:27,2.45,1.1951,99,2.39,1.1658,98,2.44,1.1902,10,2.42,1.1804,120,0
SPY190712C297,2019-07-11,2019-07-11 09:35:28,2.46,1.2,63,2.4,1.1707,56,2.44,1.1902,10,2.43,1.1853,120,0
SPY190712C297,2019-07-11,2019-07-11 09:35:29,2.47,1.2048,40,2.4,1.1707,67,2.44,1.1902,10,2.435,1.1878,120,0
SPY190712C297,2019-07-11,2019-07-11 09:35:29,2.46,1.2,96,2.4,1.1707,58,2.44,1.1902,10,2.43,1.1853,120,0
SPY190712C297,2019-07-11,2019-07-11 09:35:30,2.47,1.2048,27,2.41,1.1756,5,2.44,1.1902,10,2.44,1.1902,120,0
SPY190712C297,2019-07-11,2019-07-11 09:35:31,2.48,1.2097,100,2.41,1.1756,5,2.44,1.1902,10,2.445,1.1926,120,0
SPY190712C297,2019-07-11,2019-07-11 09:35:31,2.47,1.2048,23,2.41,1.1756,58,2.44,1.1902,10,2.44,1.1902,120,0
SPY190712C297,2019-07-11,2019-07-11 09:35:32,2.46,1.2,5,2.4,1.1707,79,2.44,1.1902,10,2.43,1.1853,120,0
SPY190712C297,2019-07-11,2019-07-11 09:35:33,2.46,1.2,5,2.4,1.1707,129,2.44,1.1902,10,2.43,1.1853,120,0
SPY190712C297,2019-07-11,2019-07-11 09:35:34,2.46,1.2,100,2.4,1.1707,65,2.44,1.1902,10,2.43,1.1853,120,0
SPY190712C297,2019-07-11,2019-07-11 09:35:34,2.46,1.2,5,2.4,1.1707,65,2.44,1.1902,10,2.43,1.1853,120,0
SPY190712C297,2019-07-11,2019-07-11 09:35:35,2.44,1.1902,5,2.38,1.1609,65,2.44,1.1902,10,2.41,1.1756,120,0
SPY190712C297,2019-07-11,2019-07-11 09:35:36,2.45,1.1951,111,2.39,1.1658,5,2.44,1.1902,10,2.42,1.1804,120,0
SPY190712C297,2019-07-11,2019-07-11 09:35:36,2.44,1.1902,5,2.39,1.1658,5,2.44,1.1902,10,2.415,1.178,120,0
SPY190712C297,2019-07-11,2019-07-11 09:35:37,2.44,1.1902,8,2.38,1.1609,110,2.44,1.1902,10,2.41,1.1756,120,0
SPY190712C297,2019-07-11,2019-07-11 09:35:37,2.45,1.1951,100,2.38,1.1609,124,2.44,1.1902,10,2.415,1.178,120,0
SPY190712C297,2019-07-11,2019-07-11 09:35:38,2.44,1.1902,125,2.38,1.1609,83,2.44,1.1902,10,2.41,1.1756,120,0
SPY190712C297,2019-07-11,2019-07-11 09:35:39,2.44,1.1902,63,2.38,1.1609,58,2.44,1.1902,10,2.41,1.1756,120,0
SPY190712C297,2019-07-11,2019-07-11 09:35:39,2.44,1.1902,101,2.38,1.1609,117,2.44,1.1902,10,2.41,1.1756,120,0
SPY190712C297,2019-07-11,2019-07-11 09:35:40,2.44,1.1902,73,2.38,1.1609,58,2.44,1.1902,10,2.41,1.1756,120,0
SPY190712C297,2019-07-11,2019-07-11 09:35:41,2.43,1.1853,91,2.36,1.1512,45,2.44,1.1902,10,2.395,1.1682,120,0
SPY190712C297,2019-07-11,2019-07-11 09:35:41,2.44,1.1902,138,2.38,1.1609,58,2.44,1.1902,10,2.41,1.1756,120,0
SPY190712C297,2019-07-11,2019-07-11 09:35:42,2.43,1.1853,61,2.36,1.1512,49,2.44,1.1902,10,2.395,1.1682,120,0
SPY190712C297,2019-07-11,2019-07-11 09:35:43,2.41,1.1756,10,2.35,1.1463,63,2.44,1.1902,10,2.38,1.1609,120,0
SPY190712C297,2019-07-11,2019-07-11 09:35:44,2.38,1.1609,58,2.33,1.1365,58,2.44,1.1902,10,2.355,1.1487,120,0
SPY190712C297,2019-07-11,2019-07-11 09:35:44,2.41,1.1756,100,2.35,1.1463,63,2.44,1.1902,10,2.38,1.1609,120,0
SPY190712C297,2019-07-11,2019-07-11 09:35:45,2.39,1.1658,5,2.33,1.1365,65,2.44,1.1902,10,2.36,1.1512,120,0
SPY190712C297,2019-07-11,2019-07-11 09:35:46,2.39,1.1658,5,2.33,1.1365,65,2.44,1.1902,10,2.36,1.1512,120,0
SPY190712C297,2019-07-11,2019-07-11 09:35:46,2.39,1.1658,155,2.33,1.1365,20,2.44,1.1902,10,2.36,1.1512,120,0
SPY190712C297,2019-07-11,2019-07-11 09:35:47,2.37,1.156,8,2.31,1.1268,68,2.44,1.1902,10,2.34,1.1414,120,0
SPY190712C297,2019-07-11,2019-07-11 09:35:47,2.38,1.1609,81,2.31,1.1268,77,2.44,1.1902,10,2.345,1.1439,120,0
SPY190712C297,2019-07-11,2019-07-11 09:35:48,2.37,1.156,5,2.31,1.1268,5,2.44,1.1902,10,2.34,1.1414,120,0
SPY190712C297,2019-07-11,2019-07-11 09:35:49,2.39,1.1658,59,2.32,1.1317,5,2.44,1.1902,10,2.355,1.1487,120,0
SPY190712C297,2019-07-11,2019-07-11 09:35:49,2.38,1.1609,5,2.32,1.1317,5,2.44,1.1902,10,2.35,1.1463,120,0
SPY190712C297,2019-07-11,2019-07-11 09:35:50,2.39,1.1658,5,2.32,1.1317,5,2.44,1.1902,10,2.355,1.1487,120,0
SPY190712C297,2019-07-11,2019-07-11 09:35:51,2.4,1.1707,100,2.33,1.1365,5,2.44,1.1902,10,2.365,1.1536,120,0
SPY190712C297,2019-07-11,2019-07-11 09:35:51,2.4,1.1707,100,2.32,1.1317,103,2.44,1.1902,10,2.36,1.1512,120,0
SPY190712C297,2019-07-11,2019-07-11 09:35:52,2.4,1.1707,59,2.33,1.1365,5,2.44,1.1902,10,2.365,1.1536,120,0
SPY190712C297,2019-07-11,2019-07-11 09:35:52,2.42,1.1804,59,2.37,1.156,59,2.44,1.1902,10,2.395,1.1682,120,0
SPY190712C297,2019-07-11,2019-07-11 09:35:53,2.42,1.1804,59,2.36,1.1512,50,2.44,1.1902,10,2.39,1.1658,120,0
SPY190712C297,2019-07-11,2019-07-11 09:35:54,2.45,1.1951,87,2.36,1.1512,160,2.44,1.1902,10,2.405,1.1731,120,0
SPY190712C297,2019-07-11,2019-07-11 09:35:54,2.44,1.1902,58,2.39,1.1658,58,2.44,1.1902,10,2.415,1.178,120,0
SPY190712C297,2019-07-11,2019-07-11 09:35:55,2.44,1.1902,58,2.39,1.1658,58,2.44,1.1902,10,2.415,1.178,120,0
SPY190712C297,2019-07-11,2019-07-11 09:35:56,2.45,1.1951,100,2.39,1.1658,63,2.44,1.1902,10,2.42,1.1804,120,0
SPY190712C297,2019-07-11,2019-07-11 09:35:57,2.44,1.1902,68,2.38,1.1609,66,2.44,1.1902,10,2.41,1.1756,120,0
SPY190712C297,2019-07-11,2019-07-11 09:35:57,2.45,1.1951,100,2.39,1.1658,63,2.44,1.1902,10,2.42,1.1804,120,0
SPY190712C297,2019-07-11,2019-07-11 09:35:58,2.44,1.1902,68,2.38,1.1609,66,2.44,1.1902,10,2.41,1.1756,120,0
SPY190712C297,2019-07-11,2019-07-11 09:35:58,2.43,1.1853,8,2.38,1.1609,65,2.44,1.1902,10,2.405,1.1731,120,0
SPY190712C297,2019-07-11,2019-07-11 09:35:59,2.43,1.1853,31,2.38,1.1609,65,2.44,1.1902,10,2.405,1.1731,120,0
SPY190712C297,2019-07-11,2019-07-11 09:36:00,2.43,1.1853,10,2.36,1.1512,5,2.4,1.1707,3,2.395,1.1682,156,0
SPY190712C297,2019-07-11,2019-07-11 09:36:00,2.43,1.1853,5,2.36,1.1512,5,2.4,1.1707,3,2.395,1.1682,156,36
SPY190712C297,2019-07-11,2019-07-11 09:36:01,2.43,1.1853,143,2.36,1.1512,100,2.4,1.1707,3,2.395,1.1682,156,0
SPY190712C297,2019-07-11,2019-07-11 09:36:01,2.43,1.1853,143,2.37,1.156,5,2.4,1.1707,3,2.4,1.1707,156,0
SPY190712C297,2019-07-11,2019-07-11 09:36:02,2.43,1.1853,68,2.37,1.156,5,2.4,1.1707,3,2.4,1.1707,156,0
SPY190712C297,2019-07-11,2019-07-11 09:36:03,2.43,1.1853,68,2.37,1.156,100,2.4,1.1707,3,2.4,1.1707,156,0
SPY190712C297,2019-07-11,2019-07-11 09:36:03,2.43,1.1853,80,2.37,1.156,100,2.4,1.1707,3,2.4,1.1707,156,0
SPY190712C297,2019-07-11,2019-07-11 09:36:04,2.43,1.1853,80,2.37,1.156,58,2.4,1.1707,3,2.4,1.1707,156,0
SPY190712C297,2019-07-11,2019-07-11 09:36:04,2.42,1.1804,5,2.37,1.156,79,2.4,1.1707,3,2.395,1.1682,156,0
SPY190712C297,2019-07-11,2019-07-11 09:36:05,2.43,1.1853,73,2.37,1.156,63,2.4,1.1707,3,2.4,1.1707,156,0
SPY190712C297,2019-07-11,2019-07-11 09:36:06,2.43,1.1853,73,2.37,1.156,63,2.4,1.1707,3,2.4,1.1707,156,0
SPY190712C297,2019-07-11,2019-07-11 09:36:06,2.43,1.1853,73,2.37,1.156,58,2.4,1.1707,3,2.4,1.1707,156,0
SPY190712C297,2019-07-11,2019-07-11 09:36:07,2.41,1.1756,58,2.36,1.1512,53,2.4,1.1707,3,2.385,1.1634,156,0
SPY190712C297,2019-07-11,2019-07-11 09:36:07,2.42,1.1804,100,2.36,1.1512,58,2.4,1.1707,3,2.39,1.1658,156,0
SPY190712C297,2019-07-11,2019-07-11 09:36:08,2.42,1.1804,65,2.35,1.1463,65,2.4,1.1707,3,2.385,1.1634,156,0
SPY190712C297,2019-07-11,2019-07-11 09:36:08,2.42,1.1804,63,2.35,1.1463,63,2.4,1.1707,3,2.385,1.1634,156,0
SPY190712C297,2019-07-11,2019-07-11 09:36:09,2.42,1.1804,100,2.36,1.1512,5,2.4,1.1707,3,2.39,1.1658,156,0
SPY190712C297,2019-07-11,2019-07-11 09:36:10,2.42,1.1804,68,2.36,1.1512,86,2.4,1.1707,3,2.39,1.1658,156,0
SPY190712C297,2019-07-11,2019-07-11 09:36:10,2.43,1.1853,63,2.37,1.156,57,2.4,1.1707,3,2.4,1.1707,156,0
SPY190712C297,2019-07-11,2019-07-11 09:36:11,2.45,1.1951,61,2.38,1.1609,5,2.4,1.1707,3,2.415,1.178,156,0
SPY190712C297,2019-07-11,2019-07-11 09:36:11,2.47,1.2048,63,2.42,1.1804,46,2.4,1.1707,3,2.445,1.1926,156,0
SPY190712C297,2019-07-11,2019-07-11 09:36:12,2.48,1.2097,5,2.41,1.1756,5,2.4,1.1707,3,2.445,1.1926,156,0
SPY190712C297,2019-07-11,2019-07-11 09:36:12,2.47,1.2048,63,2.39,1.1658,149,2.4,1.1707,3,2.43,1.1853,156,0
SPY190712C297,2019-07-11,2019-07-11 09:36:13,2.49,1.2146,63,2.44,1.1902,42,2.4,1.1707,3,2.465,1.2024,156,0
SPY190712C297,2019-07-11,2019-07-11 09:36:14,2.49,1.2146,63,2.42,1.1804,65,2.4,1.1707,3,2.455,1.1975,156,0
SPY190712C297,2019-07-11,2019-07-11 09:36:14,2.49,1.2146,58,2.44,1.1902,42,2.4,1.1707,3,2.465,1.2024,156,0
SPY190712C297,2019-07-11,2019-07-11 09:36:15,2.49,1.2146,5,2.42,1.1804,123,2.4,1.1707,3,2.455,1.1975,156,0
SPY190712C297,2019-07-11,2019-07-11 09:36:16,2.48,1.2097,40,2.43,1.1853,58,2.4,1.1707,3,2.455,1.1975,156,0
SPY190712C297,2019-07-11,2019-07-11 09:36:16,2.48,1.2097,5,2.41,1.1756,5,2.4,1.1707,3,2.445,1.1926,156,0
SPY190712C297,2019-07-11,2019-07-11 09:36:17,2.49,1.2146,126,2.43,1.1853,58,2.4,1.1707,3,2.46,1.2,156,0
SPY190712C297,2019-07-11,2019-07-11 09:36:17,2.48,1.2097,66,2.41,1.1756,103,2.4,1.1707,3,2.445,1.1926,156,0
SPY190712C297,2019-07-11,2019-07-11 09:36:18,2.48,1.2097,136,2.42,1.1804,58,2.4,1.1707,3,2.45,1.1951,156,0
SPY190712C297,2019-07-11,2019-07-11 09:36:18,2.49,1.2146,27,2.39,1.1658,48,2.4,1.1707,3,2.44,1.1902,156,0
SPY190712C297,2019-07-11,2019-07-11 09:36:19,2.48,1.2097,202,2.42,1.1804,58,2.4,1.1707,3,2.45,1.1951,156,0
SPY190712C297,2019-07-11,2019-07-11 09:36:19,2.47,1.2048,5,2.42,1.1804,65,2.4,1.1707,3,2.445,1.1926,156,0
SPY190712C297,2019-07-11,2019-07-11 09:36:20,2.48,1.2097,136,2.42,1.1804,65,2.4,1.1707,3,2.45,1.1951,156,0
SPY190712C297,2019-07-11,2019-07-11 09:36:21,2.47,1.2048,5,2.42,1.1804,65,2.4,1.1707,3,2.445,1.1926,156,0
SPY190712C297,2019-07-11,2019-07-11 09:36:21,2.48,1.2097,195,2.42,1.1804,65,2.4,1.1707,3,2.45,1.1951,156,0
SPY190712C297,2019-07-11,2019-07-11 09:36:22,2.48,1.2097,154,2.42,1.1804,65,2.4,1.1707,3,2.45,1.1951,156,0
SPY190712C297,2019-07-11,2019-07-11 09:36:22,2.48,1.2097,101,2.42,1.1804,58,2.4,1.1707,3,2.45,1.1951,156,0
SPY190712C297,2019-07-11,2019-07-11 09:36:23,2.48,1.2097,154,2.42,1.1804,65,2.4,1.1707,3,2.45,1.1951,156,0
SPY190712C297,2019-07-11,2019-07-11 09:36:23,2.49,1.2146,46,2.43,1.1853,5,2.4,1.1707,3,2.46,1.2,156,0
SPY190712C297,2019-07-11,2019-07-11 09:36:24,2.49,1.2146,104,2.43,1.1853,5,2.4,1.1707,3,2.46,1.2,156,0
SPY190712C297,2019-07-11,2019-07-11 09:36:25,2.49,1.2146,107,2.42,1.1804,173,2.4,1.1707,3,2.455,1.1975,156,0
SPY190712C297,2019-07-11,2019-07-11 09:36:25,2.49,1.2146,133,2.42,1.1804,231,2.4,1.1707,3,2.455,1.1975,156,0
SPY190712C297,2019-07-11,2019-07-11 09:36:26,2.48,1.2097,56,2.42,1.1804,158,2.4,1.1707,3,2.45,1.1951,156,0
SPY190712C297,2019-07-11,2019-07-11 09:36:26,2.48,1.2097,35,2.42,1.1804,150,2.4,1.1707,3,2.45,1.1951,156,0
SPY190712C297,2019-07-11,2019-07-11 09:36:27,2.48,1.2097,65,2.42,1.1804,150,2.4,1.1707,3,2.45,1.1951,156,0
SPY190712C297,2019-07-11,2019-07-11 09:36:28,2.48,1.2097,105,2.42,1.1804,150,2.4,1.1707,3,2.45,1.1951,156,0
SPY190712C297,2019-07-11,2019-07-11 09:36:29,2.47,1.2048,6,2.42,1.1804,61,2.4,1.1707,3,2.445,1.1926,156,0
SPY190712C297,2019-07-11,2019-07-11 09:36:30,2.48,1.2097,100,2.41,1.1756,5,2.4,1.1707,3,2.445,1.1926,156,0
SPY190712C297,2019-07-11,2019-07-11 09:36:30,2.47,1.2048,58,2.42,1.1804,77,2.4,1.1707,3,2.445,1.1926,156,0
SPY190712C297,2019-07-11,2019-07-11 09:36:31,2.49,1.2146,63,2.43,1.1853,58,2.4,1.1707,3,2.46,1.2,156,0
SPY190712C297,2019-07-11,2019-07-11 09:36:32,2.49,1.2146,73,2.43,1.1853,65,2.4,1.1707,3,2.46,1.2,156,0
SPY190712C297,2019-07-11,2019-07-11 09:36:32,2.49,1.2146,153,2.43,1.1853,55,2.4,1.1707,3,2.46,1.2,156,0
SPY190712C297,2019-07-11,2019-07-11 09:36:33,2.49,1.2146,68,2.43,1.1853,65,2.4,1.1707,3,2.46,1.2,156,0
SPY190712C297,2019-07-11,2019-07-11 09:36:33,2.49,1.2146,73,2.43,1.1853,65,2.4,1.1707,3,2.46,1.2,156,0
SPY190712C297,2019-07-11,2019-07-11 09:36:34,2.49,1.2146,68,2.43,1.1853,65,2.4,1.1707,3,2.46,1.2,156,0
SPY190712C297,2019-07-11,2019-07-11 09:36:35,2.49,1.2146,68,2.43,1.1853,107,2.4,1.1707,3,2.46,1.2,156,0
SPY190712C297,2019-07-11,2019-07-11 09:36:36,2.49,1.2146,68,2.43,1.1853,107,2.4,1.1707,3,2.46,1.2,156,0
SPY190712C297,2019-07-11,2019-07-11 09:36:36,2.49,1.2146,84,2.43,1.1853,163,2.4,1.1707,3,2.46,1.2,156,0
SPY190712C297,2019-07-11,2019-07-11 09:36:37,2.49,1.2146,84,2.43,1.1853,163,2.4,1.1707,3,2.46,1.2,156,0
SPY190712C297,2019-07-11,2019-07-11 09:36:38,2.49,1.2146,68,2.43,1.1853,65,2.4,1.1707,3,2.46,1.2,156,0
SPY190712C297,2019-07-11,2019-07-11 09:36:38,2.49,1.2146,20,2.44,1.1902,38,2.4,1.1707,3,2.465,1.2024,156,0
SPY190712C297,2019-07-11,2019-07-11 09:36:39,2.49,1.2146,46,2.44,1.1902,63,2.4,1.1707,3,2.465,1.2024,156,0
SPY190712C297,2019-07-11,2019-07-11 09:36:39,2.49,1.2146,65,2.44,1.1902,10,2.4,1.1707,3,2.465,1.2024,156,0
SPY190712C297,2019-07-11,2019-07-11 09:36:40,2.49,1.2146,65,2.44,1.1902,33,2.4,1.1707,3,2.465,1.2024,156,0
SPY190712C297,2019-07-11,2019-07-11 09:36:41,2.49,1.2146,20,2.44,1.1902,105,2.4,1.1707,3,2.465,1.2024,156,0
SPY190712C297,2019-07-11,2019-07-11 09:36:41,2.49,1.2146,65,2.43,1.1853,100,2.4,1.1707,3,2.46,1.2,156,0
SPY190712C297,2019-07-11,2019-07-11 09:36:42,2.49,1.2146,68,2.43,1.1853,153,2.4,1.1707,3,2.46,1.2,156,0
SPY190712C297,2019-07-11,2019-07-11 09:36:42,2.49,1.2146,99,2.43,1.1853,171,2.4,1.1707,3,2.46,1.2,156,0
SPY190712C297,2019-07-11,2019-07-11 09:36:43,2.49,1.2146,68,2.43,1.1853,153,2.4,1.1707,3,2.46,1.2,156,0
SPY190712C297,2019-07-11,2019-07-11 09:36:44,2.49,1.2146,68,2.43,1.1853,153,2.4,1.1707,3,2.46,1.2,156,0
SPY190712C297,2019-07-11,2019-07-11 09:36:45,2.49,1.2146,68,2.43,1.1853,178,2.4,1.1707,3,2.46,1.2,156,0
SPY190712C297,2019-07-11,2019-07-11 09:36:45,2.49,1.2146,63,2.43,1.1853,215,2.4,1.1707,3,2.46,1.2,156,0
SPY190712C297,2019-07-11,2019-07-11 09:36:46,2.51,1.2243,63,2.45,1.1951,58,2.4,1.1707,3,2.48,1.2097,156,0
SPY190712C297,2019-07-11,2019-07-11 09:36:47,2.49,1.2146,68,2.44,1.1902,59,2.4,1.1707,3,2.465,1.2024,156,0
SPY190712C297,2019-07-11,2019-07-11 09:36:47,2.51,1.2243,83,2.44,1.1902,103,2.4,1.1707,3,2.475,1.2073,156,0
SPY190712C297,2019-07-11,2019-07-11 09:36:48,2.5,1.2195,106,2.44,1.1902,59,2.4,1.1707,3,2.47,1.2048,156,0
SPY190712C297,2019-07-11,2019-07-11 09:36:48,2.5,1.2195,100,2.43,1.1853,5,2.4,1.1707,3,2.465,1.2024,156,0
SPY190712C297,2019-07-11,2019-07-11 09:36:49,2.48,1.2097,5,2.42,1.1804,54,2.4,1.1707,3,2.45,1.1951,156,0
SPY190712C297,2019-07-11,2019-07-11 09:36:49,2.49,1.2146,8,2.43,1.1853,98,2.4,1.1707,3,2.46,1.2,156,0
SPY190712C297,2019-07-11,2019-07-11 09:36:50,2.48,1.2097,68,2.42,1.1804,65,2.4,1.1707,3,2.45,1.1951,156,0
SPY190712C297,2019-07-11,2019-07-11 09:36:50,2.48,1.2097,5,2.42,1.1804,94,2.4,1.1707,3,2.45,1.1951,156,0
SPY190712C297,2019-07-11,2019-07-11 09:36:51,2.48,1.2097,60,2.42,1.1804,65,2.4,1.1707,3,2.45,1.1951,156,0
SPY190712C297,2019-07-11,2019-07-11 09:36:52,2.47,1.2048,106,2.42,1.1804,52,2.4,1.1707,3,2.445,1.1926,156,0
SPY190712C297,2019-07-11,2019-07-11 09:36:52,2.47,1.2048,5,2.43,1.1853,5,2.4,1.1707,3,2.45,1.1951,156,0
SPY190712C297,2019-07-11,2019-07-11 09:36:53,2.48,1.2097,58,2.42,1.1804,52,2.4,1.1707,3,2.45,1.1951,156,0
SPY190712C297,2019-07-11,2019-07-11 09:36:53,2.47,1.2048,63,2.42,1.1804,52,2.4,1.1707,3,2.445,1.1926,156,0
SPY190712C297,2019-07-11,2019-07-11 09:36:54,2.48,1.2097,103,2.42,1.1804,114,2.4,1.1707,3,2.45,1.1951,156,0
SPY190712C297,2019-07-11,2019-07-11 09:36:55,2.46,1.2,93,2.41,1.1756,27,2.4,1.1707,3,2.435,1.1878,156,0
SPY190712C297,2019-07-11,2019-07-11 09:36:55,2.46,1.2,103,2.41,1.1756,26,2.4,1.1707,3,2.435,1.1878,156,0
SPY190712C297,2019-07-11,2019-07-11 09:36:56,2.46,1.2,68,2.39,1.1658,5,2.4,1.1707,3,2.425,1.1829,156,0
SPY190712C297,2019-07-11,2019-07-11 09:36:57,2.46,1.2,68,2.4,1.1707,5,2.4,1.1707,3,2.43,1.1853,156,0
SPY190712C297,2019-07-11,2019-07-11 09:36:58,2.47,1.2048,93,2.4,1.1707,5,2.4,1.1707,3,2.435,1.1878,156,0
SPY190712C297,2019-07-11,2019-07-11 09:36:58,2.46,1.2,32,2.41,1.1756,58,2.4,1.1707,3,2.435,1.1878,156,0
SPY190712C297,2019-07-11,2019-07-11 09:36:59,2.47,1.2048,125,2.41,1.1756,5,2.4,1.1707,3,2.44,1.1902,156,0
SPY190712C297,2019-07-11,2019-07-11 09:37:00,2.47,1.2048,125,2.41,1.1756,5,2.4,1.1707,3,2.44,1.1902,156,0
SPY190712C297,2019-07-11,2019-07-11 09:37:01,2.47,1.2048,125,2.41,1.1756,127,2.4,1.1707,3,2.44,1.1902,156,0
SPY190712C297,2019-07-11,2019-07-11 09:37:02,2.47,1.2048,125,2.41,1.1756,127,2.4,1.1707,3,2.44,1.1902,156,0
SPY190712C297,2019-07-11,2019-07-11 09:37:03,2.47,1.2048,125,2.41,1.1756,127,2.4,1.1707,3,2.44,1.1902,156,0
SPY190712C297,2019-07-11,2019-07-11 09:37:04,2.47,1.2048,125,2.41,1.1756,127,2.4,1.1707,3,2.44,1.1902,156,0
SPY190712C297,2019-07-11,2019-07-11 09:37:05,2.47,1.2048,125,2.41,1.1756,127,2.4,1.1707,3,2.44,1.1902,156,0
SPY190712C297,2019-07-11,2019-07-11 09:37:06,2.45,1.1951,5,2.4,1.1707,44,2.4,1.1707,3,2.425,1.1829,156,0
SPY190712C297,2019-07-11,2019-07-11 09:37:06,2.46,1.2,145,2.4,1.1707,65,2.4,1.1707,3,2.43,1.1853,156,0
SPY190712C297,2019-07-11,2019-07-11 09:37:07,2.45,1.1951,52,2.39,1.1658,148,2.4,1.1707,3,2.42,1.1804,156,0
SPY190712C297,2019-07-11,2019-07-11 09:37:07,2.45,1.1951,107,2.39,1.1658,246,2.4,1.1707,3,2.42,1.1804,156,0
SPY190712C297,2019-07-11,2019-07-11 09:37:08,2.45,1.1951,100,2.38,1.1609,5,2.4,1.1707,3,2.415,1.178,156,0
SPY190712C297,2019-07-11,2019-07-11 09:37:09,2.45,1.1951,83,2.37,1.156,152,2.4,1.1707,3,2.41,1.1756,156,0
SPY190712C297,2019-07-11,2019-07-11 09:37:09,2.45,1.1951,102,2.38,1.1609,103,2.4,1.1707,3,2.415,1.178,156,0
SPY190712C297,2019-07-11,2019-07-11 09:37:10,2.45,1.1951,68,2.39,1.1658,5,2.4,1.1707,3,2.42,1.1804,156,0
SPY190712C297,2019-07-11,2019-07-11 09:37:11,2.47,1.2048,159,2.4,1.1707,5,2.4,1.1707,3,2.435,1.1878,156,0
SPY190712C297,2019-07-11,2019-07-11 09:37:11,2.46,1.2,5,2.4,1.1707,107,2.4,1.1707,3,2.43,1.1853,156,0
SPY190712C297,2019-07-11,2019-07-11 09:37:12,2.46,1.2,54,2.39,1.1658,5,2.4,1.1707,3,2.425,1.1829,156,0
SPY190712C297,2019-07-11,2019-07-11 09:37:12,2.46,1.2,58,2.4,1.1707,63,2.4,1.1707,3,2.43,1.1853,156,0
SPY190712C297,2019-07-11,2019-07-11 09:37:13,2.46,1.2,58,2.41,1.1756,63,2.4,1.1707,3,2.435,1.1878,156,0
SPY190712C297,2019-07-11,2019-07-11 09:37:13,2.46,1.2,37,2.39,1.1658,98,2.4,1.1707,3,2.425,1.1829,156,0
SPY190712C297,2019-07-11,2019-07-11 09:37:14,2.46,1.2,41,2.4,1.1707,5,2.41,1.1756,69,2.43,1.1853,225,69
SPY190712C297,2019-07-11,2019-07-11 09:37:14,2.47,1.2048,103,2.4,1.1707,5,2.41,1.1756,69,2.435,1.1878,225,0
SPY190712C297,2019-07-11,2019-07-11 09:37:15,2.47,1.2048,153,2.41,1.1756,58,2.41,1.1756,69,2.44,1.1902,225,0
SPY190712C297,2019-07-11,2019-07-11 09:37:16,2.47,1.2048,100,2.41,1.1756,89,2.41,1.1756,69,2.44,1.1902,225,0
SPY190712C297,2019-07-11,2019-07-11 09:37:16,2.47,1.2048,153,2.39,1.1658,125,2.41,1.1756,69,2.43,1.1853,225,0
SPY190712C297,2019-07-11,2019-07-11 09:37:17,2.47,1.2048,100,2.41,1.1756,178,2.41,1.1756,69,2.44,1.1902,225,0
SPY190712C297,2019-07-11,2019-07-11 09:37:18,2.47,1.2048,68,2.41,1.1756,220,2.41,1.1756,69,2.44,1.1902,225,0
SPY190712C297,2019-07-11,2019-07-11 09:37:18,2.47,1.2048,84,2.41,1.1756,89,2.41,1.1756,69,2.44,1.1902,225,0
SPY190712C297,2019-07-11,2019-07-11 09:37:19,2.48,1.2097,58,2.42,1.1804,5,2.41,1.1756,69,2.45,1.1951,225,0
SPY190712C297,2019-07-11,2019-07-11 09:37:20,2.48,1.2097,68,2.43,1.1853,153,2.41,1.1756,69,2.455,1.1975,225,0
SPY190712C297,2019-07-11,2019-07-11 09:37:20,2.48,1.2097,68,2.43,1.1853,63,2.41,1.1756,69,2.455,1.1975,225,0
SPY190712C297,2019-07-11,2019-07-11 09:37:21,2.48,1.2097,68,2.43,1.1853,98,2.41,1.1756,69,2.455,1.1975,225,0
SPY190712C297,2019-07-11,2019-07-11 09:37:22,2.48,1.2097,68,2.44,1.1902,30,2.41,1.1756,69,2.46,1.2,225,0
SPY190712C297,2019-07-11,2019-07-11 09:37:22,2.48,1.2097,68,2.43,1.1853,98,2.41,1.1756,69,2.455,1.1975,225,0
SPY190712C297,2019-07-11,2019-07-11 09:37:23,2.51,1.2243,100,2.45,1.1951,5,2.41,1.1756,69,2.48,1.2097,225,0
SPY190712C297,2019-07-11,2019-07-11 09:37:23,2.49,1.2146,58,2.44,1.1902,51,2.41,1.1756,69,2.465,1.2024,225,0
SPY190712C297,2019-07-11,2019-07-11 09:37:24,2.49,1.2146,40,2.44,1.1902,40,2.41,1.1756,69,2.465,1.2024,225,0
SPY190712C297,2019-07-11,2019-07-11 09:37:25,2.52,1.2292,100,2.45,1.1951,60,2.41,1.1756,69,2.485,1.2121,225,0
SPY190712C297,2019-07-11,2019-07-11 09:37:26,2.51,1.2243,60,2.45,1.1951,65,2.41,1.1756,69,2.48,1.2097,225,0
SPY190712C297,2019-07-11,2019-07-11 09:37:26,2.5,1.2195,5,2.45,1.1951,65,2.41,1.1756,69,2.475,1.2073,225,0
SPY190712C297,2019-07-11,2019-07-11 09:37:27,2.5,1.2195,5,2.44,1.1902,5,2.41,1.1756,69,2.47,1.2048,225,0
SPY190712C297,2019-07-11,2019-07-11 09:37:28,2.5,1.2195,101,2.44,1.1902,5,2.41,1.1756,69,2.47,1.2048,225,0
SPY190712C297,2019-07-11,2019-07-11 09:37:28,2.5,1.2195,101,2.43,1.1853,152,2.41,1.1756,69,2.465,1.2024,225,0
SPY190712C297,2019-07-11,2019-07-11 09:37:29,2.5,1.2195,101,2.44,1.1902,5,2.41,1.1756,69,2.47,1.2048,225,0
SPY190712C297,2019-07-11,2019-07-11 09:37:30,2.49,1.2146,63,2.43,1.1853,233,2.41,1.1756,69,2.46,1.2,225,0
SPY190712C297,2019-07-11,2019-07-11 09:37:30,2.49,1.2146,63,2.43,1.1853,208,2.41,1.1756,69,2.46,1.2,225,0
SPY190712C297,2019-07-11,2019-07-11 09:37:31,2.49,1.2146,78,2.43,1.1853,63,2.41,1.1756,69,2.46,1.2,225,0
SPY190712C297,2019-07-11,2019-07-11 09:37:31,2.49,1.2146,95,2.43,1.1853,233,2.41,1.1756,69,2.46,1.2,225,0
SPY190712C297,2019-07-11,2019-07-11 09:37:32,2.49,1.2146,100,2.43,1.1853,63,2.41,1.1756,69,2.46,1.2,225,0
SPY190712C297,2019-07-11,2019-07-11 09:37:33,2.49,1.2146,100,2.43,1.1853,63,2.41,1.1756,69,2.46,1.2,225,0
SPY190712C297,2019-07-11,2019-07-11 09:37:34,2.5,1.2195,31,2.44,1.1902,5,2.41,1.1756,69,2.47,1.2048,225,0
SPY190712C297,2019-07-11,2019-07-11 09:37:34,2.49,1.2146,73,2.43,1.1853,124,2.41,1.1756,69,2.46,1.2,225,0
SPY190712C297,2019-07-11,2019-07-11 09:37:35,2.51,1.2243,102,2.44,1.1902,5,2.41,1.1756,69,2.475,1.2073,225,0
SPY190712C297,2019-07-11,2019-07-11 09:37:36,2.49,1.2146,5,2.43,1.1853,152,2.41,1.1756,69,2.46,1.2,225,0
SPY190712C297,2019-07-11,2019-07-11 09:37:37,2.49,1.2146,73,2.43,1.1853,65,2.41,1.1756,69,2.46,1.2,225,0
SPY190712C297,2019-07-11,2019-07-11 09:37:38,2.48,1.2097,58,2.42,1.1804,63,2.41,1.1756,69,2.45,1.1951,225,0
SPY190712C297,2019-07-11,2019-07-11 09:37:38,2.49,1.2146,104,2.43,1.1853,65,2.41,1.1756,69,2.46,1.2,225,0
SPY190712C297,2019-07-11,2019-07-11 09:37:39,2.49,1.2146,119,2.43,1.1853,5,2.41,1.1756,69,2.46,1.2,225,0
SPY190712C297,2019-07-11,2019-07-11 09:37:39,2.49,1.2146,75,2.42,1.1804,63,2.41,1.1756,69,2.455,1.1975,225,0
SPY190712C297,2019-07-11,2019-07-11 09:37:40,2.49,1.2146,119,2.42,1.1804,133,2.41,1.1756,69,2.455,1.1975,225,0
SPY190712C297,2019-07-11,2019-07-11 09:37:41,2.51,1.2243,108,2.44,1.1902,5,2.41,1.1756,69,2.475,1.2073,225,0
SPY190712C297,2019-07-11,2019-07-11 09:37:42,2.51,1.2243,100,2.44,1.1902,5,2.41,1.1756,69,2.475,1.2073,225,0
SPY190712C297,2019-07-11,2019-07-11 09:37:43,2.51,1.2243,100,2.45,1.1951,5,2.41,1.1756,69,2.48,1.2097,225,0
SPY190712C297,2019-07-11,2019-07-11 09:37:43,2.51,1.2243,100,2.44,1.1902,5,2.41,1.1756,69,2.475,1.2073,225,0
SPY190712C297,2019-07-11,2019-07-11 09:37:44,2.51,1.2243,89,2.45,1.1951,58,2.41,1.1756,69,2.48,1.2097,225,0
SPY190712C297,2019-07-11,2019-07-11 09:37:44,2.51,1.2243,73,2.45,1.1951,5,2.41,1.1756,69,2.48,1.2097,225,0
SPY190712C297,2019-07-11,2019-07-11 09:37:45,2.49,1.2146,5,2.43,1.1853,63,2.41,1.1756,69,2.46,1.2,225,0
SPY190712C297,2019-07-11,2019-07-11 09:37:45,2.51,1.2243,89,2.45,1.1951,58,2.41,1.1756,69,2.48,1.2097,225,0
SPY190712C297,2019-07-11,2019-07-11 09:37:46,2.49,1.2146,61,2.43,1.1853,65,2.41,1.1756,69,2.46,1.2,225,0
SPY190712C297,2019-07-11,2019-07-11 09:37:47,2.49,1.2146,73,2.43,1.1853,65,2.41,1.1756,69,2.46,1.2,225,0
SPY190712C297,2019-07-11,2019-07-11 09:37:48,2.49,1.2146,68,2.44,1.1902,5,2.41,1.1756,69,2.465,1.2024,225,0
SPY190712C297,2019-07-11,2019-07-11 09:37:48,2.49,1.2146,73,2.44,1.1902,10,2.41,1.1756,69,2.465,1.2024,225,0
SPY190712C297,2019-07-11,2019-07-11 09:37:49,2.49,1.2146,68,2.44,1.1902,10,2.41,1.1756,69,2.465,1.2024,225,0
SPY190712C297,2019-07-11,2019-07-11 09:37:50,2.49,1.2146,99,2.44,1.1902,5,2.41,1.1756,69,2.465,1.2024,225,0
SPY190712C297,2019-07-11,2019-07-11 09:37:50,2.49,1.2146,99,2.43,1.1853,100,2.41,1.1756,69,2.46,1.2,225,0
SPY190712C297,2019-07-11,2019-07-11 09:37:51,2.49,1.2146,40,2.44,1.1902,95,2.41,1.1756,69,2.465,1.2024,225,0
SPY190712C297,2019-07-11,2019-07-11 09:37:52,2.5,1.2195,73,2.44,1.1902,80,2.41,1.1756,69,2.47,1.2048,225,0
SPY190712C297,2019-07-11,2019-07-11 09:37:52,2.5,1.2195,109,2.44,1.1902,58,2.41,1.1756,69,2.47,1.2048,225,0
SPY190712C297,2019-07-11,2019-07-11 09:37:53,2.51,1.2243,100,2.44,1.1902,95,2.41,1.1756,69,2.475,1.2073,225,0
SPY190712C297,2019-07-11,2019-07-11 09:37:54,2.5,1.2195,65,2.44,1.1902,95,2.41,1.1756,69,2.47,1.2048,225,0
SPY190712C297,2019-07-11,2019-07-11 09:37:55,2.51,1.2243,84,2.45,1.1951,5,2.41,1.1756,69,2.48,1.2097,225,0
SPY190712C297,2019-07-11,2019-07-11 09:37:55,2.5,1.2195,65,2.44,1.1902,95,2.41,1.1756,69,2.47,1.2048,225,0
SPY190712C297,2019-07-11,2019-07-11 09:37:56,2.5,1.2195,111,2.43,1.1853,63,2.41,1.1756,69,2.465,1.2024,225,0
SPY190712C297,2019-07-11,2019-07-11 09:37:56,2.48,1.2097,106,2.43,1.1853,5,2.41,1.1756,69,2.455,1.1975,225,0
SPY190712C297,2019-07-11,2019-07-11 09:37:57,2.47,1.2048,106,2.42,1.1804,58,2.41,1.1756,69,2.445,1.1926,225,0
SPY190712C297,2019-07-11,2019-07-11 09:37:57,2.47,1.2048,121,2.42,1.1804,60,2.41,1.1756,69,2.445,1.1926,225,0
SPY190712C297,2019-07-11,2019-07-11 09:37:58,2.47,1.2048,116,2.42,1.1804,65,2.41,1.1756,69,2.445,1.1926,225,0
SPY190712C297,2019-07-11,2019-07-11 09:37:59,2.47,1.2048,121,2.42,1.1804,65,2.41,1.1756,69,2.445,1.1926,225,0
SPY190712C297,2019-07-11,2019-07-11 09:38:00,2.48,1.2097,106,2.43,1.1853,5,2.41,1.1756,69,2.455,1.1975,225,0
SPY190712C297,2019-07-11,2019-07-11 09:38:01,2.49,1.2146,111,2.43,1.1853,63,2.41,1.1756,69,2.46,1.2,225,0
SPY190712C297,2019-07-11,2019-07-11 09:38:02,2.49,1.2146,111,2.43,1.1853,63,2.41,1.1756,69,2.46,1.2,225,0
SPY190712C297,2019-07-11,2019-07-11 09:38:02,2.49,1.2146,111,2.43,1.1853,65,2.41,1.1756,69,2.46,1.2,225,0
SPY190712C297,2019-07-11,2019-07-11 09:38:03,2.5,1.2195,106,2.45,1.1951,49,2.41,1.1756,69,2.475,1.2073,225,0
SPY190712C297,2019-07-11,2019-07-11 09:38:03,2.5,1.2195,29,2.44,1.1902,5,2.41,1.1756,69,2.47,1.2048,225,0
SPY190712C297,2019-07-11,2019-07-11 09:38:04,2.5,1.2195,34,2.45,1.1951,5,2.41,1.1756,69,2.475,1.2073,225,0
SPY190712C297,2019-07-11,2019-07-11 09:38:04,2.5,1.2195,72,2.44,1.1902,100,2.41,1.1756,69,2.47,1.2048,225,0
SPY190712C297,2019-07-11,2019-07-11 09:38:05,2.49,1.2146,72,2.43,1.1853,152,2.41,1.1756,69,2.46,1.2,225,0
SPY190712C297,2019-07-11,2019-07-11 09:38:06,2.49,1.2146,71,2.44,1.1902,5,2.41,1.1756,69,2.465,1.2024,225,0
SPY190712C297,2019-07-11,2019-07-11 09:38:06,2.5,1.2195,84,2.44,1.1902,5,2.41,1.1756,69,2.47,1.2048,225,0
SPY190712C297,2019-07-11,2019-07-11 09:38:07,2.5,1.2195,94,2.44,1.1902,5,2.41,1.1756,69,2.47,1.2048,225,0
SPY190712C297,2019-07-11,2019-07-11 09:38:08,2.51,1.2243,107,2.44,1.1902,5,2.41,1.1756,69,2.475,1.2073,225,0
SPY190712C297,2019-07-11,2019-07-11 09:38:08,2.51,1.2243,102,2.44,1.1902,5,2.41,1.1756,69,2.475,1.2073,225,0
SPY190712C297,2019-07-11,2019-07-11 09:38:09,2.53,1.2341,115,2.44,1.1902,190,2.41,1.1756,69,2.485,1.2121,225,0
SPY190712C297,2019-07-11,2019-07-11 09:38:09,2.53,1.2341,120,2.44,1.1902,190,2.41,1.1756,69,2.485,1.2121,225,0
SPY190712C297,2019-07-11,2019-07-11 09:38:10,2.53,1.2341,120,2.47,1.2048,182,2.41,1.1756,69,2.5,1.2195,225,0
SPY190712C297,2019-07-11,2019-07-11 09:38:11,2.53,1.2341,115,2.47,1.2048,182,2.41,1.1756,69,2.5,1.2195,225,0
SPY190712C297,2019-07-11,2019-07-11 09:38:12,2.53,1.2341,36,2.48,1.2097,59,2.41,1.1756,69,2.505,1.2219,225,0
SPY190712C297,2019-07-11,2019-07-11 09:38:13,2.56,1.2487,154,2.48,1.2097,5,2.41,1.1756,69,2.52,1.2292,225,0
SPY190712C297,2019-07-11,2019-07-11 09:38:13,2.55,1.2439,62,2.49,1.2146,5,2.41,1.1756,69,2.52,1.2292,225,0
SPY190712C297,2019-07-11,2019-07-11 09:38:14,2.56,1.2487,62,2.49,1.2146,5,2.41,1.1756,69,2.525,1.2317,225,0
SPY190712C297,2019-07-11,2019-07-11 09:38:15,2.58,1.2585,62,2.53,1.2341,31,2.41,1.1756,69,2.555,1.2463,225,0
SPY190712C297,2019-07-11,2019-07-11 09:38:16,2.58,1.2585,65,2.5,1.2195,3,2.41,1.1756,69,2.54,1.239,225,0
SPY190712C297,2019-07-11,2019-07-11 09:38:16,2.58,1.2585,57,2.53,1.2341,57,2.41,1.1756,69,2.555,1.2463,225,0
SPY190712C297,2019-07-11,2019-07-11 09:38:17,2.57,1.2536,57,2.5,1.2195,5,2.41,1.1756,69,2.535,1.2365,225,0
SPY190712C297,2019-07-11,2019-07-11 09:38:17,2.58,1.2585,65,2.5,1.2195,40,2.41,1.1756,69,2.54,1.239,225,0
SPY190712C297,2019-07-11,2019-07-11 09:38:18,2.57,1.2536,57,2.5,1.2195,5,2.41,1.1756,69,2.535,1.2365,225,0
SPY190712C297,2019-07-11,2019-07-11 09:38:19,2.59,1.2634,57,2.54,1.239,57,2.41,1.1756,69,2.565,1.2512,225,0
SPY190712C297,2019-07-11,2019-07-11 09:38:20,2.59,1.2634,65,2.54,1.239,50,2.41,1.1756,69,2.565,1.2512,225,0
SPY190712C297,2019-07-11,2019-07-11 09:38:21,2.59,1.2634,65,2.54,1.239,29,2.41,1.1756,69,2.565,1.2512,225,0
SPY190712C297,2019-07-11,2019-07-11 09:38:21,2.59,1.2634,174,2.54,1.239,6,2.41,1.1756,69,2.565,1.2512,225,0
SPY190712C297,2019-07-11,2019-07-11 09:38:22,2.59,1.2634,174,2.54,1.239,10,2.41,1.1756,69,2.565,1.2512,225,0
SPY190712C297,2019-07-11,2019-07-11 09:38:23,2.58,1.2585,59,2.52,1.2292,83,2.41,1.1756,69,2.55,1.2439,225,0
SPY190712C297,2019-07-11,2019-07-11 09:38:23,2.58,1.2585,59,2.52,1.2292,65,2.41,1.1756,69,2.55,1.2439,225,0
SPY190712C297,2019-07-11,2019-07-11 09:38:24,2.58,1.2585,59,2.52,1.2292,83,2.41,1.1756,69,2.55,1.2439,225,0
SPY190712C297,2019-07-11,2019-07-11 09:38:24,2.58,1.2585,59,2.52,1.2292,119,2.41,1.1756,69,2.55,1.2439,225,0
SPY190712C297,2019-07-11,2019-07-11 09:38:25,2.58,1.2585,59,2.52,1.2292,65,2.41,1.1756,69,2.55,1.2439,225,0
SPY190712C297,2019-07-11,2019-07-11 09:38:25,2.58,1.2585,59,2.52,1.2292,83,2.41,1.1756,69,2.55,1.2439,225,0
SPY190712C297,2019-07-11,2019-07-11 09:38:26,2.57,1.2536,5,2.5,1.2195,78,2.41,1.1756,69,2.535,1.2365,225,0
SPY190712C297,2019-07-11,2019-07-11 09:38:27,2.57,1.2536,57,2.52,1.2292,57,2.41,1.1756,69,2.545,1.2414,225,0
SPY190712C297,2019-07-11,2019-07-11 09:38:27,2.57,1.2536,5,2.49,1.2146,5,2.41,1.1756,69,2.53,1.2341,225,0
SPY190712C297,2019-07-11,2019-07-11 09:38:28,2.56,1.2487,5,2.5,1.2195,57,2.41,1.1756,69,2.53,1.2341,225,0
SPY190712C297,2019-07-11,2019-07-11 09:38:28,2.56,1.2487,10,2.48,1.2097,5,2.41,1.1756,69,2.52,1.2292,225,0
SPY190712C297,2019-07-11,2019-07-11 09:38:29,2.56,1.2487,72,2.49,1.2146,5,2.41,1.1756,69,2.525,1.2317,225,0
SPY190712C297,2019-07-11,2019-07-11 09:38:29,2.56,1.2487,72,2.5,1.2195,5,2.41,1.1756,69,2.53,1.2341,225,0
SPY190712C297,2019-07-11,2019-07-11 09:38:30,2.56,1.2487,72,2.5,1.2195,5,2.41,1.1756,69,2.53,1.2341,225,0
SPY190712C297,2019-07-11,2019-07-11 09:38:31,2.56,1.2487,67,2.5,1.2195,69,2.41,1.1756,69,2.53,1.2341,225,0
SPY190712C297,2019-07-11,2019-07-11 09:38:31,2.55,1.2439,10,2.5,1.2195,62,2.41,1.1756,69,2.525,1.2317,225,0
SPY190712C297,2019-07-11,2019-07-11 09:38:32,2.55,1.2439,69,2.5,1.2195,65,2.41,1.1756,69,2.525,1.2317,225,0
SPY190712C297,2019-07-11,2019-07-11 09:38:33,2.55,1.2439,69,2.5,1.2195,65,2.41,1.1756,69,2.525,1.2317,225,0
SPY190712C297,2019-07-11,2019-07-11 09:38:33,2.55,1.2439,60,2.5,1.2195,60,2.41,1.1756,69,2.525,1.2317,225,0
SPY190712C297,2019-07-11,2019-07-11 09:38:34,2.55,1.2439,69,2.5,1.2195,65,2.41,1.1756,69,2.525,1.2317,225,0
SPY190712C297,2019-07-11,2019-07-11 09:38:35,2.55,1.2439,10,2.5,1.2195,65,2.41,1.1756,69,2.525,1.2317,225,0
SPY190712C297,2019-07-11,2019-07-11 09:38:36,2.55,1.2439,10,2.5,1.2195,65,2.41,1.1756,69,2.525,1.2317,225,0
SPY190712C297,2019-07-11,2019-07-11 09:38:37,2.55,1.2439,10,2.5,1.2195,65,2.41,1.1756,69,2.525,1.2317,225,0
SPY190712C297,2019-07-11,2019-07-11 09:38:38,2.55,1.2439,55,2.5,1.2195,65,2.41,1.1756,69,2.525,1.2317,225,0
SPY190712C297,2019-07-11,2019-07-11 09:38:39,2.55,1.2439,77,2.5,1.2195,46,2.41,1.1756,69,2.525,1.2317,225,0
SPY190712C297,2019-07-11,2019-07-11 09:38:39,2.55,1.2439,77,2.5,1.2195,1,2.41,1.1756,69,2.525,1.2317,225,0
SPY190712C297,2019-07-11,2019-07-11 09:38:40,2.55,1.2439,77,2.5,1.2195,40,2.41,1.1756,69,2.525,1.2317,225,0
SPY190712C297,2019-07-11,2019-07-11 09:38:41,2.55,1.2439,77,2.5,1.2195,65,2.41,1.1756,69,2.525,1.2317,225,0
SPY190712C297,2019-07-11,2019-07-11 09:38:42,2.55,1.2439,10,2.5,1.2195,65,2.41,1.1756,69,2.525,1.2317,225,0
SPY190712C297,2019-07-11,2019-07-11 09:38:42,2.55,1.2439,10,2.5,1.2195,50,2.41,1.1756,69,2.525,1.2317,225,0
SPY190712C297,2019-07-11,2019-07-11 09:38:43,2.55,1.2439,49,2.5,1.2195,65,2.41,1.1756,69,2.525,1.2317,225,0
SPY190712C297,2019-07-11,2019-07-11 09:38:44,2.55,1.2439,39,2.5,1.2195,50,2.41,1.1756,69,2.525,1.2317,225,0
SPY190712C297,2019-07-11,2019-07-11 09:38:44,2.55,1.2439,14,2.5,1.2195,20,2.41,1.1756,69,2.525,1.2317,225,0
SPY190712C297,2019-07-11,2019-07-11 09:38:45,2.55,1.2439,47,2.5,1.2195,65,2.41,1.1756,69,2.525,1.2317,225,0
SPY190712C297,2019-07-11,2019-07-11 09:38:45,2.55,1.2439,41,2.5,1.2195,62,2.41,1.1756,69,2.525,1.2317,225,0
SPY190712C297,2019-07-11,2019-07-11 09:38:46,2.55,1.2439,47,2.5,1.2195,65,2.41,1.1756,69,2.525,1.2317,225,0
SPY190712C297,2019-07-11,2019-07-11 09:38:47,2.55,1.2439,47,2.5,1.2195,65,2.41,1.1756,69,2.525,1.2317,225,0
SPY190712C297,2019-07-11,2019-07-11 09:38:48,2.55,1.2439,28,2.5,1.2195,5,2.41,1.1756,69,2.525,1.2317,225,0
SPY190712C297,2019-07-11,2019-07-11 09:38:48,2.55,1.2439,47,2.5,1.2195,57,2.41,1.1756,69,2.525,1.2317,225,0
SPY190712C297,2019-07-11,2019-07-11 09:38:49,2.55,1.2439,10,2.51,1.2243,5,2.41,1.1756,69,2.53,1.2341,225,0
SPY190712C297,2019-07-11,2019-07-11 09:38:50,2.55,1.2439,10,2.5,1.2195,1,2.41,1.1756,69,2.525,1.2317,225,0
SPY190712C297,2019-07-11,2019-07-11 09:38:50,2.55,1.2439,10,2.51,1.2243,7,2.41,1.1756,69,2.53,1.2341,225,0
SPY190712C297,2019-07-11,2019-07-11 09:38:51,2.55,1.2439,10,2.5,1.2195,5,2.41,1.1756,69,2.525,1.2317,225,0
SPY190712C297,2019-07-11,2019-07-11 09:38:52,2.55,1.2439,52,2.5,1.2195,5,2.41,1.1756,69,2.525,1.2317,225,0
SPY190712C297,2019-07-11,2019-07-11 09:38:52,2.55,1.2439,43,2.5,1.2195,62,2.41,1.1756,69,2.525,1.2317,225,0
SPY190712C297,2019-07-11,2019-07-11 09:38:53,2.55,1.2439,51,2.5,1.2195,60,2.41,1.1756,69,2.525,1.2317,225,0
SPY190712C297,2019-07-11,2019-07-11 09:38:54,2.55,1.2439,51,2.5,1.2195,65,2.41,1.1756,69,2.525,1.2317,225,0
SPY190712C297,2019-07-11,2019-07-11 09:38:55,2.55,1.2439,51,2.5,1.2195,65,2.41,1.1756,69,2.525,1.2317,225,0
SPY190712C297,2019-07-11,2019-07-11 09:38:55,2.54,1.239,40,2.49,1.2146,42,2.41,1.1756,69,2.515,1.2268,225,0
SPY190712C297,2019-07-11,2019-07-11 09:38:56,2.54,1.239,62,2.49,1.2146,1,2.41,1.1756,69,2.515,1.2268,225,0
SPY190712C297,2019-07-11,2019-07-11 09:38:56,2.55,1.2439,75,2.49,1.2146,48,2.41,1.1756,69,2.52,1.2292,225,0
SPY190712C297,2019-07-11,2019-07-11 09:38:57,2.55,1.2439,108,2.5,1.2195,1,2.41,1.1756,69,2.525,1.2317,225,0
SPY190712C297,2019-07-11,2019-07-11 09:38:57,2.54,1.239,8,2.49,1.2146,1,2.41,1.1756,69,2.515,1.2268,225,0
SPY190712C297,2019-07-11,2019-07-11 09:38:58,2.53,1.2341,5,2.49,1.2146,1,2.41,1.1756,69,2.51,1.2243,225,0
SPY190712C297,2019-07-11,2019-07-11 09:38:59,2.51,1.2243,33,2.46,1.2,57,2.41,1.1756,69,2.485,1.2121,225,0
SPY190712C297,2019-07-11,2019-07-11 09:38:59,2.51,1.2243,57,2.48,1.2097,1,2.41,1.1756,69,2.495,1.217,225,0
SPY190712C297,2019-07-11,2019-07-11 09:39:00,2.52,1.2292,47,2.45,1.1951,79,2.5,1.2195,1,2.485,1.2121,231,6
SPY190712C297,2019-07-11,2019-07-11 09:39:01,2.5,1.2195,86,2.44,1.1902,57,2.49,1.2146,4,2.47,1.2048,235,4
SPY190712C297,2019-07-11,2019-07-11 09:39:01,2.5,1.2195,65,2.44,1.1902,61,2.49,1.2146,4,2.47,1.2048,235,0
SPY190712C297,2019-07-11,2019-07-11 09:39:02,2.5,1.2195,101,2.43,1.1853,65,2.49,1.2146,4,2.465,1.2024,235,0
SPY190712C297,2019-07-11,2019-07-11 09:39:02,2.5,1.2195,73,2.43,1.1853,91,2.49,1.2146,4,2.465,1.2024,235,0
SPY190712C297,2019-07-11,2019-07-11 09:39:03,2.5,1.2195,103,2.43,1.1853,112,2.49,1.2146,4,2.465,1.2024,235,0
SPY190712C297,2019-07-11,2019-07-11 09:39:04,2.5,1.2195,103,2.43,1.1853,94,2.49,1.2146,4,2.465,1.2024,235,0
SPY190712C297,2019-07-11,2019-07-11 09:39:04,2.5,1.2195,103,2.42,1.1804,40,2.49,1.2146,4,2.46,1.2,235,0
SPY190712C297,2019-07-11,2019-07-11 09:39:05,2.54,1.239,101,2.46,1.2,93,2.49,1.2146,4,2.5,1.2195,235,0
SPY190712C297,2019-07-11,2019-07-11 09:39:05,2.51,1.2243,68,2.44,1.1902,93,2.49,1.2146,4,2.475,1.2073,235,0
SPY190712C297,2019-07-11,2019-07-11 09:39:06,2.53,1.2341,58,2.47,1.2048,5,2.49,1.2146,4,2.5,1.2195,235,0
SPY190712C297,2019-07-11,2019-07-11 09:39:07,2.52,1.2292,91,2.46,1.2,57,2.49,1.2146,4,2.49,1.2146,235,0
SPY190712C297,2019-07-11,2019-07-11 09:39:07,2.51,1.2243,45,2.45,1.1951,100,2.49,1.2146,4,2.48,1.2097,235,0
SPY190712C297,2019-07-11,2019-07-11 09:39:08,2.51,1.2243,101,2.44,1.1902,57,2.49,1.2146,4,2.475,1.2073,235,0
SPY190712C297,2019-07-11,2019-07-11 09:39:09,2.5,1.2195,77,2.43,1.1853,5,2.49,1.2146,4,2.465,1.2024,235,0
SPY190712C297,2019-07-11,2019-07-11 09:39:10,2.51,1.2243,73,2.45,1.1951,10,2.49,1.2146,4,2.48,1.2097,235,0
SPY190712C297,2019-07-11,2019-07-11 09:39:10,2.5,1.2195,77,2.44,1.1902,5,2.49,1.2146,4,2.47,1.2048,235,0
SPY190712C297,2019-07-11,2019-07-11 09:39:11,2.5,1.2195,5,2.45,1.1951,3,2.49,1.2146,4,2.475,1.2073,235,0
SPY190712C297,2019-07-11,2019-07-11 09:39:12,2.51,1.2243,113,2.43,1.1853,5,2.49,1.2146,4,2.47,1.2048,235,0
SPY190712C297,2019-07-11,2019-07-11 09:39:12,2.53,1.2341,122,2.44,1.1902,5,2.49,1.2146,4,2.485,1.2121,235,0
SPY190712C297,2019-07-11,2019-07-11 09:39:13,2.51,1.2243,43,2.45,1.1951,103,2.49,1.2146,4,2.48,1.2097,235,0
SPY190712C297,2019-07-11,2019-07-11 09:39:14,2.51,1.2243,43,2.45,1.1951,100,2.49,1.2146,4,2.48,1.2097,235,0
SPY190712C297,2019-07-11,2019-07-11 09:39:15,2.51,1.2243,96,2.45,1.1951,60,2.49,1.2146,4,2.48,1.2097,235,0
SPY190712C297,2019-07-11,2019-07-11 09:39:16,2.51,1.2243,96,2.45,1.1951,111,2.49,1.2146,4,2.48,1.2097,235,0
SPY190712C297,2019-07-11,2019-07-11 09:39:17,2.51,1.2243,96,2.45,1.1951,169,2.49,1.2146,4,2.48,1.2097,235,0
SPY190712C297,2019-07-11,2019-07-11 09:39:17,2.52,1.2292,57,2.45,1.1951,50,2.49,1.2146,4,2.485,1.2121,235,0
SPY190712C297,2019-07-11,2019-07-11 09:39:18,2.51,1.2243,8,2.46,1.2,53,2.49,1.2146,4,2.485,1.2121,235,0
SPY190712C297,2019-07-11,2019-07-11 09:39:18,2.52,1.2292,5,2.46,1.2,46,2.49,1.2146,4,2.49,1.2146,235,0
SPY190712C297,2019-07-11,2019-07-11 09:39:19,2.51,1.2243,57,2.46,1.2,57,2.49,1.2146,4,2.485,1.2121,235,0
SPY190712C297,2019-07-11,2019-07-11 09:39:20,2.52,1.2292,88,2.45,1.1951,64,2.49,1.2146,4,2.485,1.2121,235,0
SPY190712C297,2019-07-11,2019-07-11 09:39:20,2.52,1.2292,5,2.45,1.1951,222,2.49,1.2146,4,2.485,1.2121,235,0
SPY190712C297,2019-07-11,2019-07-11 09:39:21,2.51,1.2243,5,2.45,1.1951,141,2.49,1.2146,4,2.48,1.2097,235,0
SPY190712C297,2019-07-11,2019-07-11 09:39:22,2.51,1.2243,5,2.45,1.1951,141,2.49,1.2146,4,2.48,1.2097,235,0
SPY190712C297,2019-07-11,2019-07-11 09:39:23,2.51,1.2243,72,2.45,1.1951,141,2.49,1.2146,4,2.48,1.2097,235,0
SPY190712C297,2019-07-11,2019-07-11 09:39:23,2.51,1.2243,67,2.46,1.2,5,2.49,1.2146,4,2.485,1.2121,235,0
SPY190712C297,2019-07-11,2019-07-11 09:39:24,2.51,1.2243,78,2.45,1.1951,91,2.49,1.2146,4,2.48,1.2097,235,0
SPY190712C297,2019-07-11,2019-07-11 09:39:24,2.51,1.2243,56,2.46,1.2,55,2.49,1.2146,4,2.485,1.2121,235,0
SPY190712C297,2019-07-11,2019-07-11 09:39:25,2.51,1.2243,153,2.45,1.1951,65,2.49,1.2146,4,2.48,1.2097,235,0
SPY190712C297,2019-07-11,2019-07-11 09:39:26,2.51,1.2243,100,2.45,1.1951,57,2.49,1.2146,4,2.48,1.2097,235,0
SPY190712C297,2019-07-11,2019-07-11 09:39:26,2.51,1.2243,153,2.45,1.1951,79,2.49,1.2146,4,2.48,1.2097,235,0
SPY190712C297,2019-07-11,2019-07-11 09:39:27,2.51,1.2243,78,2.45,1.1951,5,2.49,1.2146,4,2.48,1.2097,235,0
SPY190712C297,2019-07-11,2019-07-11 09:39:28,2.51,1.2243,5,2.45,1.1951,5,2.49,1.2146,4,2.48,1.2097,235,0
SPY190712C297,2019-07-11,2019-07-11 09:39:29,2.5,1.2195,73,2.44,1.1902,65,2.5,1.2195,5,2.47,1.2048,240,5
SPY190712C297,2019-07-11,2019-07-11 09:39:29,2.51,1.2243,100,2.44,1.1902,65,2.49,1.2146,4,2.475,1.2073,235,0
SPY190712C297,2019-07-11,2019-07-11 09:39:30,2.5,1.2195,99,2.44,1.1902,189,2.5,1.2195,5,2.47,1.2048,240,0
SPY190712C297,2019-07-11,2019-07-11 09:39:31,2.5,1.2195,67,2.44,1.1902,188,2.47,1.2048,1,2.47,1.2048,241,1
SPY190712C297,2019-07-11,2019-07-11 09:39:31,2.5,1.2195,99,2.44,1.1902,142,2.5,1.2195,5,2.47,1.2048,240,0
SPY190712C297,2019-07-11,2019-07-11 09:39:32,2.5,1.2195,5,2.44,1.1902,62,2.47,1.2048,1,2.47,1.2048,241,0
SPY190712C297,2019-07-11,2019-07-11 09:39:32,2.49,1.2146,5,2.44,1.1902,34,2.47,1.2048,1,2.465,1.2024,241,0
SPY190712C297,2019-07-11,2019-07-11 09:39:34,2.51,1.2243,103,2.44,1.1902,101,2.47,1.2048,1,2.475,1.2073,241,0
SPY190712C297,2019-07-11,2019-07-11 09:39:35,2.5,1.2195,62,2.44,1.1902,62,2.47,1.2048,1,2.47,1.2048,241,0
SPY190712C297,2019-07-11,2019-07-11 09:39:35,2.5,1.2195,6,2.44,1.1902,164,2.48,1.2097,80,2.47,1.2048,321,80
SPY190712C297,2019-07-11,2019-07-11 09:39:36,2.5,1.2195,30,2.44,1.1902,164,2.48,1.2097,80,2.47,1.2048,321,0
SPY190712C297,2019-07-11,2019-07-11 09:39:37,2.5,1.2195,83,2.44,1.1902,164,2.48,1.2097,80,2.47,1.2048,321,0
SPY190712C297,2019-07-11,2019-07-11 09:39:37,2.5,1.2195,83,2.44,1.1902,183,2.48,1.2097,80,2.47,1.2048,321,0
SPY190712C297,2019-07-11,2019-07-11 09:39:38,2.5,1.2195,57,2.44,1.1902,236,2.48,1.2097,80,2.47,1.2048,321,0
SPY190712C297,2019-07-11,2019-07-11 09:39:38,2.5,1.2195,83,2.44,1.1902,183,2.48,1.2097,80,2.47,1.2048,321,0
SPY190712C297,2019-07-11,2019-07-11 09:39:39,2.52,1.2292,5,2.44,1.1902,261,2.48,1.2097,80,2.48,1.2097,321,0
SPY190712C297,2019-07-11,2019-07-11 09:39:39,2.5,1.2195,60,2.44,1.1902,261,2.48,1.2097,80,2.47,1.2048,321,0
SPY190712C297,2019-07-11,2019-07-11 09:39:40,2.52,1.2292,49,2.47,1.2048,57,2.48,1.2097,80,2.495,1.217,321,0
SPY190712C297,2019-07-11,2019-07-11 09:39:41,2.53,1.2341,5,2.47,1.2048,57,2.48,1.2097,80,2.5,1.2195,321,0
SPY190712C297,2019-07-11,2019-07-11 09:39:41,2.52,1.2292,65,2.47,1.2048,57,2.48,1.2097,80,2.495,1.217,321,0
SPY190712C297,2019-07-11,2019-07-11 09:39:42,2.53,1.2341,91,2.47,1.2048,59,2.48,1.2097,80,2.5,1.2195,321,0
SPY190712C297,2019-07-11,2019-07-11 09:39:42,2.53,1.2341,47,2.48,1.2097,57,2.48,1.2097,80,2.505,1.2219,321,0
SPY190712C297,2019-07-11,2019-07-11 09:39:43,2.55,1.2439,40,2.47,1.2048,24,2.48,1.2097,80,2.51,1.2243,321,0
SPY190712C297,2019-07-11,2019-07-11 09:39:44,2.54,1.239,5,2.48,1.2097,57,2.48,1.2097,80,2.51,1.2243,321,0
SPY190712C297,2019-07-11,2019-07-11 09:39:45,2.53,1.2341,5,2.48,1.2097,57,2.48,1.2097,80,2.505,1.2219,321,0
SPY190712C297,2019-07-11,2019-07-11 09:39:46,2.54,1.239,98,2.48,1.2097,62,2.48,1.2097,80,2.51,1.2243,321,0
SPY190712C297,2019-07-11,2019-07-11 09:39:47,2.54,1.239,127,2.48,1.2097,65,2.48,1.2097,80,2.51,1.2243,321,0
SPY190712C297,2019-07-11,2019-07-11 09:39:47,2.54,1.239,127,2.48,1.2097,57,2.48,1.2097,80,2.51,1.2243,321,0
SPY190712C297,2019-07-11,2019-07-11 09:39:48,2.53,1.2341,1,2.48,1.2097,65,2.48,1.2097,80,2.505,1.2219,321,0
SPY190712C297,2019-07-11,2019-07-11 09:39:48,2.54,1.239,127,2.48,1.2097,65,2.48,1.2097,80,2.51,1.2243,321,0
SPY190712C297,2019-07-11,2019-07-11 09:39:49,2.53,1.2341,8,2.48,1.2097,65,2.48,1.2097,80,2.505,1.2219,321,0
SPY190712C297,2019-07-11,2019-07-11 09:39:49,2.53,1.2341,5,2.48,1.2097,65,2.48,1.2097,80,2.505,1.2219,321,0
SPY190712C297,2019-07-11,2019-07-11 09:39:50,2.53,1.2341,5,2.47,1.2048,62,2.48,1.2097,80,2.5,1.2195,321,0
SPY190712C297,2019-07-11,2019-07-11 09:39:51,2.54,1.239,86,2.48,1.2097,47,2.48,1.2097,80,2.51,1.2243,321,0
SPY190712C297,2019-07-11,2019-07-11 09:39:51,2.54,1.239,67,2.48,1.2097,60,2.48,1.2097,80,2.51,1.2243,321,0
SPY190712C297,2019-07-11,2019-07-11 09:39:52,2.54,1.239,45,2.48,1.2097,142,2.48,1.2097,80,2.51,1.2243,321,0
SPY190712C297,2019-07-11,2019-07-11 09:39:52,2.54,1.239,35,2.48,1.2097,142,2.48,1.2097,80,2.51,1.2243,321,0
SPY190712C297,2019-07-11,2019-07-11 09:39:53,2.55,1.2439,82,2.49,1.2146,5,2.48,1.2097,80,2.52,1.2292,321,0
SPY190712C297,2019-07-11,2019-07-11 09:39:53,2.54,1.239,5,2.48,1.2097,121,2.48,1.2097,80,2.51,1.2243,321,0
SPY190712C297,2019-07-11,2019-07-11 09:39:54,2.55,1.2439,82,2.49,1.2146,5,2.48,1.2097,80,2.52,1.2292,321,0
SPY190712C297,2019-07-11,2019-07-11 09:39:55,2.55,1.2439,82,2.49,1.2146,5,2.48,1.2097,80,2.52,1.2292,321,0
SPY190712C297,2019-07-11,2019-07-11 09:39:55,2.55,1.2439,98,2.49,1.2146,70,2.48,1.2097,80,2.52,1.2292,321,0
SPY190712C297,2019-07-11,2019-07-11 09:39:56,2.55,1.2439,98,2.49,1.2146,39,2.48,1.2097,80,2.52,1.2292,321,0
SPY190712C297,2019-07-11,2019-07-11 09:39:56,2.55,1.2439,98,2.49,1.2146,5,2.48,1.2097,80,2.52,1.2292,321,0
SPY190712C297,2019-07-11,2019-07-11 09:39:57,2.55,1.2439,98,2.49,1.2146,39,2.48,1.2097,80,2.52,1.2292,321,0
SPY190712C297,2019-07-11,2019-07-11 09:39:58,2.55,1.2439,127,2.48,1.2097,47,2.48,1.2097,80,2.515,1.2268,321,0
SPY190712C297,2019-07-11,2019-07-11 09:39:58,2.55,1.2439,98,2.49,1.2146,60,2.48,1.2097,80,2.52,1.2292,321,0
SPY190712C297,2019-07-11,2019-07-11 09:39:59,2.55,1.2439,149,2.48,1.2097,100,2.48,1.2097,80,2.515,1.2268,321,0
SPY190712C297,2019-07-11,2019-07-11 09:39:59,2.55,1.2439,100,2.48,1.2097,5,2.48,1.2097,80,2.515,1.2268,321,0
SPY190712C297,2019-07-11,2019-07-11 09:40:00,2.55,1.2439,77,2.49,1.2146,5,2.48,1.2097,80,2.52,1.2292,321,0
SPY190712C297,2019-07-11,2019-07-11 09:40:01,2.55,1.2439,82,2.49,1.2146,57,2.48,1.2097,80,2.52,1.2292,321,0
SPY190712C297,2019-07-11,2019-07-11 09:40:02,2.54,1.239,107,2.47,1.2048,152,2.48,1.2097,80,2.505,1.2219,321,0
SPY190712C297,2019-07-11,2019-07-11 09:40:03,2.54,1.239,67,2.48,1.2097,103,2.48,1.2097,80,2.51,1.2243,321,0
SPY190712C297,2019-07-11,2019-07-11 09:40:03,2.55,1.2439,107,2.49,1.2146,5,2.48,1.2097,80,2.52,1.2292,321,0
SPY190712C297,2019-07-11,2019-07-11 09:40:04,2.55,1.2439,107,2.48,1.2097,15,2.48,1.2097,80,2.515,1.2268,321,0
SPY190712C297,2019-07-11,2019-07-11 09:40:04,2.54,1.239,89,2.47,1.2048,5,2.48,1.2097,80,2.505,1.2219,321,0
SPY190712C297,2019-07-11,2019-07-11 09:40:05,2.55,1.2439,99,2.48,1.2097,5,2.48,1.2097,80,2.515,1.2268,321,0
SPY190712C297,2019-07-11,2019-07-11 09:40:06,2.55,1.2439,77,2.49,1.2146,89,2.48,1.2097,80,2.52,1.2292,321,0
SPY190712C297,2019-07-11,2019-07-11 09:40:06,2.55,1.2439,77,2.48,1.2097,5,2.48,1.2097,80,2.515,1.2268,321,0
SPY190712C297,2019-07-11,2019-07-11 09:40:07,2.54,1.239,99,2.48,1.2097,5,2.48,1.2097,80,2.51,1.2243,321,0
SPY190712C297,2019-07-11,2019-07-11 09:40:07,2.54,1.239,99,2.48,1.2097,62,2.48,1.2097,80,2.51,1.2243,321,0
SPY190712C297,2019-07-11,2019-07-11 09:40:08,2.54,1.239,99,2.47,1.2048,154,2.48,1.2097,80,2.505,1.2219,321,0
SPY190712C297,2019-07-11,2019-07-11 09:40:09,2.52,1.2292,105,2.46,1.2,60,2.48,1.2097,80,2.49,1.2146,321,0
SPY190712C297,2019-07-11,2019-07-11 09:40:10,2.51,1.2243,67,2.46,1.2,60,2.48,1.2097,80,2.485,1.2121,321,0
SPY190712C297,2019-07-11,2019-07-11 09:40:11,2.51,1.2243,67,2.46,1.2,60,2.48,1.2097,80,2.485,1.2121,321,0
SPY190712C297,2019-07-11,2019-07-11 09:40:12,2.47,1.2048,39,2.41,1.1756,65,2.48,1.2097,80,2.44,1.1902,321,0
SPY190712C297,2019-07-11,2019-07-11 09:40:12,2.49,1.2146,57,2.46,1.2,14,2.48,1.2097,80,2.475,1.2073,321,0
SPY190712C297,2019-07-11,2019-07-11 09:40:13,2.48,1.2097,92,2.41,1.1756,81,2.48,1.2097,80,2.445,1.1926,321,0
SPY190712C297,2019-07-11,2019-07-11 09:40:14,2.47,1.2048,45,2.41,1.1756,124,2.48,1.2097,80,2.44,1.1902,321,0
SPY190712C297,2019-07-11,2019-07-11 09:40:14,2.48,1.2097,97,2.41,1.1756,84,2.48,1.2097,80,2.445,1.1926,321,0
SPY190712C297,2019-07-11,2019-07-11 09:40:15,2.47,1.2048,97,2.41,1.1756,20,2.48,1.2097,80,2.44,1.1902,321,0
SPY190712C297,2019-07-11,2019-07-11 09:40:15,2.47,1.2048,8,2.41,1.1756,65,2.48,1.2097,80,2.44,1.1902,321,0
SPY190712C297,2019-07-11,2019-07-11 09:40:16,2.43,1.1853,110,2.37,1.156,37,2.48,1.2097,80,2.4,1.1707,321,0
SPY190712C297,2019-07-11,2019-07-11 09:40:16,2.43,1.1853,96,2.37,1.156,58,2.48,1.2097,80,2.4,1.1707,321,0
SPY190712C297,2019-07-11,2019-07-11 09:40:17,2.43,1.1853,65,2.37,1.156,42,2.48,1.2097,80,2.4,1.1707,321,0
SPY190712C297,2019-07-11,2019-07-11 09:40:18,2.45,1.1951,51,2.38,1.1609,231,2.48,1.2097,80,2.415,1.178,321,0
SPY190712C297,2019-07-11,2019-07-11 09:40:18,2.45,1.1951,56,2.38,1.1609,168,2.48,1.2097,80,2.415,1.178,321,0
SPY190712C297,2019-07-11,2019-07-11 09:40:19,2.45,1.1951,56,2.38,1.1609,168,2.48,1.2097,80,2.415,1.178,321,0
SPY190712C297,2019-07-11,2019-07-11 09:40:20,2.45,1.1951,66,2.38,1.1609,169,2.48,1.2097,80,2.415,1.178,321,0
SPY190712C297,2019-07-11,2019-07-11 09:40:20,2.44,1.1902,5,2.38,1.1609,88,2.48,1.2097,80,2.41,1.1756,321,0
SPY190712C297,2019-07-11,2019-07-11 09:40:21,2.45,1.1951,66,2.39,1.1658,5,2.48,1.2097,80,2.42,1.1804,321,0
