symbol,Date,quote_time,ask_price,norm_ask_price,ask_size,bid_price,norm_bid_price,bid_size,last_trade_price,norm_last_trade_price,last_trade_size,mark_price,norm_mark_price,volume,Volume
SPY190812P289,2019-08-09,2019-08-09 09:30:00,0.65,1.0,99,0.61,0.9384,99,0.5,0.7692,5,0.63,0.9692,0,0
SPY190812P289,2019-08-09,2019-08-09 09:30:00,0.67,1.0307,394,0.6,0.923,336,0.5,0.7692,5,0.635,0.9769,0,0
SPY190812P289,2019-08-09,2019-08-09 09:30:01,0.67,1.0307,313,0.62,0.9538,144,0.5,0.7692,5,0.645,0.9923,0,0
SPY190812P289,2019-08-09,2019-08-09 09:30:01,0.66,1.0153,303,0.6,0.923,290,0.5,0.7692,5,0.63,0.9692,0,0
SPY190812P289,2019-08-09,2019-08-09 09:30:02,0.67,1.0307,300,0.64,0.9846,90,0.5,0.7692,5,0.655,1.0076,0,0
SPY190812P289,2019-08-09,2019-08-09 09:30:03,0.66,1.0153,5,0.61,0.9384,415,0.5,0.7692,5,0.635,0.9769,0,0
SPY190812P289,2019-08-09,2019-08-09 09:30:03,0.66,1.0153,5,0.61,0.9384,300,0.5,0.7692,5,0.635,0.9769,0,0
SPY190812P289,2019-08-09,2019-08-09 09:30:04,0.66,1.0153,5,0.61,0.9384,125,0.5,0.7692,5,0.635,0.9769,0,0
SPY190812P289,2019-08-09,2019-08-09 09:30:04,0.66,1.0153,5,0.61,0.9384,240,0.5,0.7692,5,0.635,0.9769,0,0
SPY190812P289,2019-08-09,2019-08-09 09:30:05,0.66,1.0153,5,0.62,0.9538,5,0.5,0.7692,5,0.64,0.9846,0,0
SPY190812P289,2019-08-09,2019-08-09 09:30:05,0.66,1.0153,108,0.62,0.9538,99,0.5,0.7692,5,0.64,0.9846,0,0
SPY190812P289,2019-08-09,2019-08-09 09:30:06,0.66,1.0153,108,0.62,0.9538,99,0.5,0.7692,5,0.64,0.9846,0,0
SPY190812P289,2019-08-09,2019-08-09 09:30:07,0.66,1.0153,108,0.62,0.9538,99,0.5,0.7692,5,0.64,0.9846,0,0
SPY190812P289,2019-08-09,2019-08-09 09:30:08,0.66,1.0153,119,0.62,0.9538,99,0.5,0.7692,5,0.64,0.9846,0,0
SPY190812P289,2019-08-09,2019-08-09 09:30:08,0.66,1.0153,108,0.62,0.9538,99,0.5,0.7692,5,0.64,0.9846,0,0
SPY190812P289,2019-08-09,2019-08-09 09:30:09,0.66,1.0153,108,0.62,0.9538,108,0.5,0.7692,5,0.64,0.9846,0,0
SPY190812P289,2019-08-09,2019-08-09 09:30:09,0.66,1.0153,119,0.62,0.9538,99,0.5,0.7692,5,0.64,0.9846,0,0
SPY190812P289,2019-08-09,2019-08-09 09:30:10,0.66,1.0153,108,0.62,0.9538,5,0.5,0.7692,5,0.64,0.9846,0,0
SPY190812P289,2019-08-09,2019-08-09 09:30:11,0.66,1.0153,108,0.62,0.9538,5,0.5,0.7692,5,0.64,0.9846,0,0
SPY190812P289,2019-08-09,2019-08-09 09:30:12,0.66,1.0153,108,0.62,0.9538,5,0.5,0.7692,5,0.64,0.9846,0,0
SPY190812P289,2019-08-09,2019-08-09 09:30:13,0.66,1.0153,108,0.62,0.9538,5,0.5,0.7692,5,0.64,0.9846,0,0
SPY190812P289,2019-08-09,2019-08-09 09:30:14,0.66,1.0153,108,0.62,0.9538,99,0.5,0.7692,5,0.64,0.9846,0,0
SPY190812P289,2019-08-09,2019-08-09 09:30:15,0.65,1.0,5,0.62,0.9538,99,0.5,0.7692,5,0.635,0.9769,0,0
SPY190812P289,2019-08-09,2019-08-09 09:30:16,0.65,1.0,5,0.62,0.9538,99,0.5,0.7692,5,0.635,0.9769,0,0
SPY190812P289,2019-08-09,2019-08-09 09:30:17,0.65,1.0,5,0.62,0.9538,99,0.5,0.7692,5,0.635,0.9769,0,0
SPY190812P289,2019-08-09,2019-08-09 09:30:17,0.65,1.0,5,0.62,0.9538,120,0.5,0.7692,5,0.635,0.9769,0,0
SPY190812P289,2019-08-09,2019-08-09 09:30:18,0.65,1.0,5,0.62,0.9538,300,0.5,0.7692,5,0.635,0.9769,0,0
SPY190812P289,2019-08-09,2019-08-09 09:30:19,0.65,1.0,5,0.62,0.9538,300,0.5,0.7692,5,0.635,0.9769,0,0
SPY190812P289,2019-08-09,2019-08-09 09:30:19,0.66,1.0153,471,0.63,0.9692,120,0.5,0.7692,5,0.645,0.9923,0,0
SPY190812P289,2019-08-09,2019-08-09 09:30:20,0.65,1.0,5,0.63,0.9692,120,0.5,0.7692,5,0.64,0.9846,0,0
SPY190812P289,2019-08-09,2019-08-09 09:30:20,0.65,1.0,71,0.64,0.9846,141,0.5,0.7692,5,0.645,0.9923,0,0
SPY190812P289,2019-08-09,2019-08-09 09:30:21,0.67,1.0307,236,0.65,1.0,145,0.5,0.7692,5,0.66,1.0153,0,0
SPY190812P289,2019-08-09,2019-08-09 09:30:21,0.66,1.0153,6,0.64,0.9846,761,0.5,0.7692,5,0.65,1.0,0,0
SPY190812P289,2019-08-09,2019-08-09 09:30:22,0.65,1.0,51,0.64,0.9846,5,0.5,0.7692,5,0.645,0.9923,0,0
SPY190812P289,2019-08-09,2019-08-09 09:30:22,0.65,1.0,46,0.64,0.9846,5,0.5,0.7692,5,0.645,0.9923,0,0
SPY190812P289,2019-08-09,2019-08-09 09:30:23,0.65,1.0,122,0.61,0.9384,1697,0.63,0.9692,80,0.63,0.9692,80,80
SPY190812P289,2019-08-09,2019-08-09 09:30:23,0.65,1.0,67,0.64,0.9846,5,0.63,0.9692,80,0.645,0.9923,80,0
SPY190812P289,2019-08-09,2019-08-09 09:30:24,0.65,1.0,356,0.63,0.9692,28,0.63,0.9692,2,0.64,0.9846,82,2
SPY190812P289,2019-08-09,2019-08-09 09:30:24,0.64,0.9846,5,0.63,0.9692,5,0.63,0.9692,2,0.635,0.9769,82,0
SPY190812P289,2019-08-09,2019-08-09 09:30:25,0.64,0.9846,104,0.62,0.9538,161,0.63,0.9692,2,0.63,0.9692,82,0
SPY190812P289,2019-08-09,2019-08-09 09:30:26,0.64,0.9846,13,0.62,0.9538,309,0.63,0.9692,2,0.63,0.9692,82,0
SPY190812P289,2019-08-09,2019-08-09 09:30:26,0.64,0.9846,13,0.62,0.9538,325,0.63,0.9692,2,0.63,0.9692,82,0
SPY190812P289,2019-08-09,2019-08-09 09:30:27,0.64,0.9846,13,0.62,0.9538,325,0.63,0.9692,2,0.63,0.9692,82,0
SPY190812P289,2019-08-09,2019-08-09 09:30:27,0.63,0.9692,5,0.62,0.9538,335,0.63,0.9692,2,0.625,0.9615,82,0
SPY190812P289,2019-08-09,2019-08-09 09:30:28,0.64,0.9846,246,0.62,0.9538,335,0.63,0.9692,2,0.63,0.9692,82,0
SPY190812P289,2019-08-09,2019-08-09 09:30:28,0.64,0.9846,245,0.62,0.9538,335,0.63,0.9692,2,0.63,0.9692,82,0
SPY190812P289,2019-08-09,2019-08-09 09:30:29,0.64,0.9846,100,0.62,0.9538,616,0.63,0.9692,2,0.63,0.9692,82,0
SPY190812P289,2019-08-09,2019-08-09 09:30:29,0.64,0.9846,18,0.63,0.9692,257,0.63,0.9692,2,0.635,0.9769,82,0
SPY190812P289,2019-08-09,2019-08-09 09:30:30,0.64,0.9846,13,0.63,0.9692,213,0.63,0.9692,2,0.635,0.9769,82,0
SPY190812P289,2019-08-09,2019-08-09 09:30:30,0.64,0.9846,18,0.63,0.9692,257,0.63,0.9692,2,0.635,0.9769,82,0
SPY190812P289,2019-08-09,2019-08-09 09:30:31,0.64,0.9846,13,0.63,0.9692,213,0.63,0.9692,2,0.635,0.9769,82,0
SPY190812P289,2019-08-09,2019-08-09 09:30:31,0.64,0.9846,13,0.63,0.9692,143,0.63,0.9692,2,0.635,0.9769,82,0
SPY190812P289,2019-08-09,2019-08-09 09:30:32,0.64,0.9846,13,0.63,0.9692,170,0.63,0.9692,2,0.635,0.9769,82,0
SPY190812P289,2019-08-09,2019-08-09 09:30:32,0.64,0.9846,13,0.63,0.9692,464,0.63,0.9692,2,0.635,0.9769,82,0
SPY190812P289,2019-08-09,2019-08-09 09:30:33,0.64,0.9846,13,0.63,0.9692,289,0.63,0.9692,2,0.635,0.9769,82,0
SPY190812P289,2019-08-09,2019-08-09 09:30:33,0.64,0.9846,100,0.63,0.9692,6,0.63,0.9692,2,0.635,0.9769,82,0
SPY190812P289,2019-08-09,2019-08-09 09:30:34,0.64,0.9846,13,0.62,0.9538,499,0.63,0.9692,2,0.63,0.9692,82,0
SPY190812P289,2019-08-09,2019-08-09 09:30:34,0.64,0.9846,61,0.62,0.9538,811,0.63,0.9692,2,0.63,0.9692,82,0
SPY190812P289,2019-08-09,2019-08-09 09:30:35,0.64,0.9846,13,0.63,0.9692,5,0.63,0.9692,2,0.635,0.9769,82,0
SPY190812P289,2019-08-09,2019-08-09 09:30:35,0.64,0.9846,63,0.63,0.9692,5,0.63,0.9692,2,0.635,0.9769,82,0
SPY190812P289,2019-08-09,2019-08-09 09:30:36,0.64,0.9846,42,0.63,0.9692,1,0.63,0.9692,3,0.635,0.9769,85,3
SPY190812P289,2019-08-09,2019-08-09 09:30:36,0.64,0.9846,63,0.63,0.9692,5,0.63,0.9692,2,0.635,0.9769,82,0
SPY190812P289,2019-08-09,2019-08-09 09:30:37,0.64,0.9846,63,0.62,0.9538,840,0.63,0.9692,3,0.63,0.9692,85,0
SPY190812P289,2019-08-09,2019-08-09 09:30:37,0.64,0.9846,63,0.63,0.9692,5,0.63,0.9692,3,0.635,0.9769,85,0
SPY190812P289,2019-08-09,2019-08-09 09:30:38,0.64,0.9846,63,0.62,0.9538,840,0.63,0.9692,3,0.63,0.9692,85,0
SPY190812P289,2019-08-09,2019-08-09 09:30:38,0.64,0.9846,13,0.62,0.9538,120,0.63,0.9692,3,0.63,0.9692,85,0
SPY190812P289,2019-08-09,2019-08-09 09:30:39,0.64,0.9846,34,0.63,0.9692,22,0.63,0.9692,3,0.635,0.9769,85,0
SPY190812P289,2019-08-09,2019-08-09 09:30:39,0.64,0.9846,75,0.63,0.9692,128,0.64,0.9846,20,0.635,0.9769,105,20
SPY190812P289,2019-08-09,2019-08-09 09:30:40,0.64,0.9846,13,0.63,0.9692,110,0.64,0.9846,20,0.635,0.9769,105,0
SPY190812P289,2019-08-09,2019-08-09 09:30:40,0.64,0.9846,75,0.63,0.9692,100,0.64,0.9846,20,0.635,0.9769,105,0
SPY190812P289,2019-08-09,2019-08-09 09:30:41,0.64,0.9846,13,0.63,0.9692,110,0.64,0.9846,20,0.635,0.9769,105,0
SPY190812P289,2019-08-09,2019-08-09 09:30:42,0.64,0.9846,41,0.63,0.9692,317,0.64,0.9846,20,0.635,0.9769,105,0
SPY190812P289,2019-08-09,2019-08-09 09:30:42,0.64,0.9846,13,0.63,0.9692,10,0.64,0.9846,20,0.635,0.9769,105,0
SPY190812P289,2019-08-09,2019-08-09 09:30:43,0.64,0.9846,13,0.63,0.9692,10,0.64,0.9846,20,0.635,0.9769,105,0
SPY190812P289,2019-08-09,2019-08-09 09:30:43,0.64,0.9846,366,0.63,0.9692,5,0.64,0.9846,20,0.635,0.9769,105,0
SPY190812P289,2019-08-09,2019-08-09 09:30:44,0.64,0.9846,168,0.63,0.9692,5,0.64,0.9846,20,0.635,0.9769,105,0
SPY190812P289,2019-08-09,2019-08-09 09:30:44,0.64,0.9846,362,0.63,0.9692,5,0.64,0.9846,20,0.635,0.9769,105,0
SPY190812P289,2019-08-09,2019-08-09 09:30:45,0.64,0.9846,362,0.63,0.9692,21,0.64,0.9846,20,0.635,0.9769,105,0
SPY190812P289,2019-08-09,2019-08-09 09:30:45,0.64,0.9846,379,0.63,0.9692,5,0.64,0.9846,20,0.635,0.9769,105,0
SPY190812P289,2019-08-09,2019-08-09 09:30:46,0.64,0.9846,246,0.63,0.9692,5,0.64,0.9846,20,0.635,0.9769,105,0
SPY190812P289,2019-08-09,2019-08-09 09:30:46,0.64,0.9846,376,0.63,0.9692,5,0.64,0.9846,20,0.635,0.9769,105,0
SPY190812P289,2019-08-09,2019-08-09 09:30:47,0.64,0.9846,13,0.63,0.9692,5,0.64,0.9846,20,0.635,0.9769,105,0
SPY190812P289,2019-08-09,2019-08-09 09:30:47,0.64,0.9846,13,0.63,0.9692,10,0.64,0.9846,20,0.635,0.9769,105,0
SPY190812P289,2019-08-09,2019-08-09 09:30:48,0.64,0.9846,1,0.63,0.9692,10,0.64,0.9846,13,0.635,0.9769,118,0
SPY190812P289,2019-08-09,2019-08-09 09:30:48,0.64,0.9846,5,0.63,0.9692,10,0.64,0.9846,13,0.635,0.9769,118,13
SPY190812P289,2019-08-09,2019-08-09 09:30:49,0.64,0.9846,1,0.63,0.9692,5,0.64,0.9846,13,0.635,0.9769,118,0
SPY190812P289,2019-08-09,2019-08-09 09:30:49,0.64,0.9846,5,0.63,0.9692,21,0.64,0.9846,13,0.635,0.9769,118,0
SPY190812P289,2019-08-09,2019-08-09 09:30:50,0.65,1.0,427,0.63,0.9692,21,0.64,0.9846,13,0.64,0.9846,118,0
SPY190812P289,2019-08-09,2019-08-09 09:30:51,0.64,0.9846,5,0.63,0.9692,5,0.64,0.9846,13,0.635,0.9769,118,0
SPY190812P289,2019-08-09,2019-08-09 09:30:52,0.64,0.9846,336,0.63,0.9692,21,0.64,0.9846,13,0.635,0.9769,118,0
SPY190812P289,2019-08-09,2019-08-09 09:30:52,0.64,0.9846,336,0.63,0.9692,5,0.64,0.9846,13,0.635,0.9769,118,0
SPY190812P289,2019-08-09,2019-08-09 09:30:53,0.64,0.9846,5,0.63,0.9692,34,0.64,0.9846,13,0.635,0.9769,118,0
SPY190812P289,2019-08-09,2019-08-09 09:30:53,0.64,0.9846,336,0.63,0.9692,21,0.64,0.9846,13,0.635,0.9769,118,0
SPY190812P289,2019-08-09,2019-08-09 09:30:54,0.64,0.9846,21,0.63,0.9692,21,0.64,0.9846,13,0.635,0.9769,118,0
SPY190812P289,2019-08-09,2019-08-09 09:30:54,0.64,0.9846,110,0.63,0.9692,5,0.64,0.9846,13,0.635,0.9769,118,0
SPY190812P289,2019-08-09,2019-08-09 09:30:55,0.64,0.9846,366,0.63,0.9692,5,0.64,0.9846,13,0.635,0.9769,118,0
SPY190812P289,2019-08-09,2019-08-09 09:30:55,0.64,0.9846,246,0.63,0.9692,5,0.64,0.9846,13,0.635,0.9769,118,0
SPY190812P289,2019-08-09,2019-08-09 09:30:56,0.64,0.9846,346,0.63,0.9692,5,0.64,0.9846,13,0.635,0.9769,118,0
SPY190812P289,2019-08-09,2019-08-09 09:30:56,0.64,0.9846,366,0.63,0.9692,5,0.64,0.9846,13,0.635,0.9769,118,0
SPY190812P289,2019-08-09,2019-08-09 09:30:57,0.64,0.9846,346,0.63,0.9692,5,0.64,0.9846,13,0.635,0.9769,118,0
SPY190812P289,2019-08-09,2019-08-09 09:30:57,0.64,0.9846,452,0.63,0.9692,5,0.64,0.9846,13,0.635,0.9769,118,0
SPY190812P289,2019-08-09,2019-08-09 09:30:58,0.64,0.9846,452,0.63,0.9692,5,0.64,0.9846,13,0.635,0.9769,118,0
SPY190812P289,2019-08-09,2019-08-09 09:30:58,0.64,0.9846,442,0.63,0.9692,5,0.64,0.9846,13,0.635,0.9769,118,0
SPY190812P289,2019-08-09,2019-08-09 09:30:59,0.64,0.9846,452,0.63,0.9692,5,0.64,0.9846,13,0.635,0.9769,118,0
SPY190812P289,2019-08-09,2019-08-09 09:31:00,0.64,0.9846,100,0.63,0.9692,5,0.64,0.9846,13,0.635,0.9769,118,0
SPY190812P289,2019-08-09,2019-08-09 09:31:01,0.63,0.9692,141,0.61,0.9384,192,0.63,0.9692,5,0.62,0.9538,123,0
SPY190812P289,2019-08-09,2019-08-09 09:31:01,0.63,0.9692,1,0.61,0.9384,5,0.63,0.9692,5,0.62,0.9538,123,5
SPY190812P289,2019-08-09,2019-08-09 09:31:02,0.63,0.9692,428,0.61,0.9384,192,0.63,0.9692,5,0.62,0.9538,123,0
SPY190812P289,2019-08-09,2019-08-09 09:31:02,0.63,0.9692,366,0.61,0.9384,192,0.63,0.9692,5,0.62,0.9538,123,0
SPY190812P289,2019-08-09,2019-08-09 09:31:03,0.62,0.9538,5,0.61,0.9384,100,0.63,0.9692,5,0.615,0.9461,123,0
SPY190812P289,2019-08-09,2019-08-09 09:31:03,0.63,0.9692,428,0.61,0.9384,100,0.63,0.9692,5,0.62,0.9538,123,0
SPY190812P289,2019-08-09,2019-08-09 09:31:04,0.62,0.9538,5,0.6,0.923,766,0.63,0.9692,5,0.61,0.9384,123,0
SPY190812P289,2019-08-09,2019-08-09 09:31:04,0.62,0.9538,5,0.6,0.923,746,0.63,0.9692,5,0.61,0.9384,123,0
SPY190812P289,2019-08-09,2019-08-09 09:31:05,0.62,0.9538,100,0.6,0.923,746,0.63,0.9692,5,0.61,0.9384,123,0
SPY190812P289,2019-08-09,2019-08-09 09:31:05,0.62,0.9538,5,0.6,0.923,336,0.63,0.9692,5,0.61,0.9384,123,0
SPY190812P289,2019-08-09,2019-08-09 09:31:06,0.62,0.9538,100,0.6,0.923,336,0.63,0.9692,5,0.61,0.9384,123,0
SPY190812P289,2019-08-09,2019-08-09 09:31:06,0.62,0.9538,299,0.6,0.923,336,0.63,0.9692,5,0.61,0.9384,123,0
SPY190812P289,2019-08-09,2019-08-09 09:31:07,0.61,0.9384,5,0.6,0.923,131,0.63,0.9692,5,0.605,0.9307,123,0
SPY190812P289,2019-08-09,2019-08-09 09:31:07,0.61,0.9384,106,0.6,0.923,131,0.63,0.9692,5,0.605,0.9307,123,0
SPY190812P289,2019-08-09,2019-08-09 09:31:08,0.61,0.9384,118,0.6,0.923,36,0.63,0.9692,5,0.605,0.9307,123,0
SPY190812P289,2019-08-09,2019-08-09 09:31:09,0.61,0.9384,119,0.59,0.9076,735,0.61,0.9384,10,0.6,0.923,133,10
SPY190812P289,2019-08-09,2019-08-09 09:31:09,0.61,0.9384,5,0.6,0.923,74,0.61,0.9384,10,0.605,0.9307,133,0
SPY190812P289,2019-08-09,2019-08-09 09:31:10,0.61,0.9384,5,0.6,0.923,74,0.61,0.9384,10,0.605,0.9307,133,0
SPY190812P289,2019-08-09,2019-08-09 09:31:11,0.61,0.9384,149,0.6,0.923,41,0.61,0.9384,10,0.605,0.9307,133,0
SPY190812P289,2019-08-09,2019-08-09 09:31:11,0.61,0.9384,149,0.6,0.923,5,0.61,0.9384,10,0.605,0.9307,133,0
SPY190812P289,2019-08-09,2019-08-09 09:31:12,0.61,0.9384,149,0.59,0.9076,1120,0.61,0.9384,10,0.6,0.923,133,0
SPY190812P289,2019-08-09,2019-08-09 09:31:12,0.61,0.9384,149,0.59,0.9076,1110,0.61,0.9384,10,0.6,0.923,133,0
SPY190812P289,2019-08-09,2019-08-09 09:31:13,0.61,0.9384,149,0.59,0.9076,1155,0.61,0.9384,10,0.6,0.923,133,0
SPY190812P289,2019-08-09,2019-08-09 09:31:13,0.61,0.9384,149,0.59,0.9076,1145,0.61,0.9384,10,0.6,0.923,133,0
SPY190812P289,2019-08-09,2019-08-09 09:31:14,0.6,0.923,21,0.59,0.9076,1133,0.61,0.9384,10,0.595,0.9153,133,0
SPY190812P289,2019-08-09,2019-08-09 09:31:14,0.61,0.9384,149,0.59,0.9076,1133,0.61,0.9384,10,0.6,0.923,133,0
SPY190812P289,2019-08-09,2019-08-09 09:31:15,0.61,0.9384,149,0.59,0.9076,1150,0.61,0.9384,10,0.6,0.923,133,0
SPY190812P289,2019-08-09,2019-08-09 09:31:16,0.61,0.9384,149,0.59,0.9076,1140,0.61,0.9384,10,0.6,0.923,133,0
SPY190812P289,2019-08-09,2019-08-09 09:31:16,0.61,0.9384,149,0.59,0.9076,749,0.61,0.9384,10,0.6,0.923,133,0
SPY190812P289,2019-08-09,2019-08-09 09:31:17,0.61,0.9384,100,0.59,0.9076,1150,0.61,0.9384,10,0.6,0.923,133,0
SPY190812P289,2019-08-09,2019-08-09 09:31:17,0.61,0.9384,146,0.59,0.9076,1140,0.61,0.9384,10,0.6,0.923,133,0
SPY190812P289,2019-08-09,2019-08-09 09:31:18,0.61,0.9384,273,0.59,0.9076,294,0.61,0.9384,10,0.6,0.923,133,0
SPY190812P289,2019-08-09,2019-08-09 09:31:18,0.61,0.9384,5,0.59,0.9076,282,0.61,0.9384,10,0.6,0.923,133,0
SPY190812P289,2019-08-09,2019-08-09 09:31:19,0.61,0.9384,273,0.59,0.9076,294,0.61,0.9384,10,0.6,0.923,133,0
SPY190812P289,2019-08-09,2019-08-09 09:31:20,0.6,0.923,5,0.59,0.9076,40,0.61,0.9384,10,0.595,0.9153,133,0
SPY190812P289,2019-08-09,2019-08-09 09:31:20,0.6,0.923,5,0.59,0.9076,5,0.61,0.9384,10,0.595,0.9153,133,0
SPY190812P289,2019-08-09,2019-08-09 09:31:21,0.6,0.923,138,0.59,0.9076,213,0.61,0.9384,10,0.595,0.9153,133,0
SPY190812P289,2019-08-09,2019-08-09 09:31:21,0.6,0.923,198,0.59,0.9076,213,0.6,0.923,1,0.595,0.9153,134,1
SPY190812P289,2019-08-09,2019-08-09 09:31:22,0.6,0.923,5,0.59,0.9076,321,0.6,0.923,1,0.595,0.9153,134,0
SPY190812P289,2019-08-09,2019-08-09 09:31:22,0.6,0.923,36,0.59,0.9076,303,0.6,0.923,1,0.595,0.9153,134,0
SPY190812P289,2019-08-09,2019-08-09 09:31:23,0.61,0.9384,246,0.59,0.9076,397,0.6,0.923,1,0.6,0.923,134,0
SPY190812P289,2019-08-09,2019-08-09 09:31:23,0.61,0.9384,363,0.59,0.9076,397,0.6,0.923,1,0.6,0.923,134,0
SPY190812P289,2019-08-09,2019-08-09 09:31:24,0.6,0.923,5,0.59,0.9076,556,0.6,0.923,1,0.595,0.9153,134,0
SPY190812P289,2019-08-09,2019-08-09 09:31:25,0.6,0.923,266,0.59,0.9076,28,0.6,0.923,1,0.595,0.9153,134,0
SPY190812P289,2019-08-09,2019-08-09 09:31:25,0.6,0.923,5,0.59,0.9076,5,0.6,0.923,1,0.595,0.9153,134,0
SPY190812P289,2019-08-09,2019-08-09 09:31:26,0.6,0.923,266,0.58,0.8923,1525,0.6,0.923,1,0.59,0.9076,134,0
SPY190812P289,2019-08-09,2019-08-09 09:31:27,0.6,0.923,266,0.58,0.8923,1710,0.6,0.923,1,0.59,0.9076,134,0
SPY190812P289,2019-08-09,2019-08-09 09:31:27,0.6,0.923,266,0.58,0.8923,1718,0.6,0.923,1,0.59,0.9076,134,0
SPY190812P289,2019-08-09,2019-08-09 09:31:28,0.6,0.923,180,0.59,0.9076,255,0.6,0.923,1,0.595,0.9153,135,1
SPY190812P289,2019-08-09,2019-08-09 09:31:28,0.61,0.9384,9,0.6,0.923,1,0.6,0.923,1,0.605,0.9307,135,0
SPY190812P289,2019-08-09,2019-08-09 09:31:29,0.6,0.923,5,0.59,0.9076,136,0.6,0.923,1,0.595,0.9153,135,0
SPY190812P289,2019-08-09,2019-08-09 09:31:29,0.61,0.9384,100,0.59,0.9076,156,0.6,0.923,1,0.6,0.923,135,0
SPY190812P289,2019-08-09,2019-08-09 09:31:30,0.61,0.9384,112,0.6,0.923,6,0.6,0.923,1,0.605,0.9307,135,0
SPY190812P289,2019-08-09,2019-08-09 09:31:30,0.61,0.9384,6,0.6,0.923,6,0.6,0.923,1,0.605,0.9307,135,0
SPY190812P289,2019-08-09,2019-08-09 09:31:31,0.61,0.9384,6,0.6,0.923,6,0.6,0.923,1,0.605,0.9307,135,0
SPY190812P289,2019-08-09,2019-08-09 09:31:32,0.62,0.9538,5,0.61,0.9384,450,0.6,0.923,1,0.615,0.9461,135,0
SPY190812P289,2019-08-09,2019-08-09 09:31:32,0.61,0.9384,5,0.6,0.923,5,0.6,0.923,1,0.605,0.9307,135,0
SPY190812P289,2019-08-09,2019-08-09 09:31:33,0.62,0.9538,6,0.61,0.9384,629,0.6,0.923,1,0.615,0.9461,135,0
SPY190812P289,2019-08-09,2019-08-09 09:31:33,0.62,0.9538,145,0.61,0.9384,629,0.6,0.923,1,0.615,0.9461,135,0
SPY190812P289,2019-08-09,2019-08-09 09:31:34,0.62,0.9538,5,0.61,0.9384,664,0.6,0.923,1,0.615,0.9461,135,0
SPY190812P289,2019-08-09,2019-08-09 09:31:35,0.62,0.9538,5,0.61,0.9384,664,0.6,0.923,1,0.615,0.9461,135,0
SPY190812P289,2019-08-09,2019-08-09 09:31:35,0.62,0.9538,6,0.62,0.9538,34,0.6,0.923,1,0.62,0.9538,135,0
SPY190812P289,2019-08-09,2019-08-09 09:31:36,0.63,0.9692,147,0.61,0.9384,1508,0.6,0.923,1,0.62,0.9538,135,0
SPY190812P289,2019-08-09,2019-08-09 09:31:36,0.63,0.9692,6,0.62,0.9538,290,0.6,0.923,1,0.625,0.9615,135,0
SPY190812P289,2019-08-09,2019-08-09 09:31:37,0.63,0.9692,77,0.62,0.9538,175,0.6,0.923,1,0.625,0.9615,135,0
SPY190812P289,2019-08-09,2019-08-09 09:31:37,0.63,0.9692,5,0.62,0.9538,290,0.6,0.923,1,0.625,0.9615,135,0
SPY190812P289,2019-08-09,2019-08-09 09:31:38,0.65,1.0,10,0.62,0.9538,592,0.6,0.923,1,0.635,0.9769,135,0
SPY190812P289,2019-08-09,2019-08-09 09:31:38,0.63,0.9692,5,0.62,0.9538,313,0.6,0.923,1,0.625,0.9615,135,0
SPY190812P289,2019-08-09,2019-08-09 09:31:39,0.64,0.9846,6,0.63,0.9692,50,0.6,0.923,1,0.635,0.9769,135,0
SPY190812P289,2019-08-09,2019-08-09 09:31:40,0.64,0.9846,6,0.63,0.9692,100,0.6,0.923,1,0.635,0.9769,135,0
SPY190812P289,2019-08-09,2019-08-09 09:31:40,0.64,0.9846,6,0.63,0.9692,90,0.6,0.923,1,0.635,0.9769,135,0
SPY190812P289,2019-08-09,2019-08-09 09:31:41,0.64,0.9846,71,0.63,0.9692,16,0.6,0.923,1,0.635,0.9769,135,0
SPY190812P289,2019-08-09,2019-08-09 09:31:41,0.64,0.9846,6,0.63,0.9692,90,0.6,0.923,1,0.635,0.9769,135,0
SPY190812P289,2019-08-09,2019-08-09 09:31:42,0.64,0.9846,170,0.62,0.9538,88,0.6,0.923,1,0.63,0.9692,135,0
SPY190812P289,2019-08-09,2019-08-09 09:31:42,0.64,0.9846,349,0.62,0.9538,41,0.6,0.923,1,0.63,0.9692,135,0
SPY190812P289,2019-08-09,2019-08-09 09:31:43,0.64,0.9846,246,0.63,0.9692,27,0.6,0.923,1,0.635,0.9769,135,0
SPY190812P289,2019-08-09,2019-08-09 09:31:43,0.64,0.9846,5,0.63,0.9692,37,0.6,0.923,1,0.635,0.9769,135,0
SPY190812P289,2019-08-09,2019-08-09 09:31:44,0.64,0.9846,71,0.63,0.9692,37,0.6,0.923,1,0.635,0.9769,135,0
SPY190812P289,2019-08-09,2019-08-09 09:31:44,0.64,0.9846,5,0.63,0.9692,46,0.6,0.923,1,0.635,0.9769,135,0
SPY190812P289,2019-08-09,2019-08-09 09:31:45,0.64,0.9846,100,0.63,0.9692,16,0.6,0.923,1,0.635,0.9769,135,0
SPY190812P289,2019-08-09,2019-08-09 09:31:45,0.64,0.9846,5,0.63,0.9692,46,0.6,0.923,1,0.635,0.9769,135,0
SPY190812P289,2019-08-09,2019-08-09 09:31:46,0.64,0.9846,5,0.63,0.9692,153,0.6,0.923,1,0.635,0.9769,135,0
SPY190812P289,2019-08-09,2019-08-09 09:31:46,0.64,0.9846,71,0.63,0.9692,145,0.6,0.923,1,0.635,0.9769,135,0
SPY190812P289,2019-08-09,2019-08-09 09:31:47,0.66,1.0153,186,0.63,0.9692,181,0.6,0.923,1,0.645,0.9923,135,0
SPY190812P289,2019-08-09,2019-08-09 09:31:48,0.65,1.0,50,0.64,0.9846,36,0.6,0.923,1,0.645,0.9923,135,0
SPY190812P289,2019-08-09,2019-08-09 09:31:48,0.64,0.9846,5,0.64,0.9846,6,0.6,0.923,1,0.64,0.9846,135,0
SPY190812P289,2019-08-09,2019-08-09 09:31:49,0.65,1.0,8,0.63,0.9692,714,0.6,0.923,1,0.64,0.9846,135,0
SPY190812P289,2019-08-09,2019-08-09 09:31:49,0.65,1.0,268,0.63,0.9692,321,0.6,0.923,1,0.64,0.9846,135,0
SPY190812P289,2019-08-09,2019-08-09 09:31:50,0.65,1.0,268,0.64,0.9846,36,0.6,0.923,1,0.645,0.9923,135,0
SPY190812P289,2019-08-09,2019-08-09 09:31:50,0.65,1.0,268,0.63,0.9692,327,0.6,0.923,1,0.64,0.9846,135,0
SPY190812P289,2019-08-09,2019-08-09 09:31:51,0.64,0.9846,5,0.63,0.9692,291,0.6,0.923,1,0.635,0.9769,135,0
SPY190812P289,2019-08-09,2019-08-09 09:31:51,0.64,0.9846,5,0.64,0.9846,36,0.6,0.923,1,0.64,0.9846,135,0
SPY190812P289,2019-08-09,2019-08-09 09:31:52,0.64,0.9846,5,0.63,0.9692,291,0.6,0.923,1,0.635,0.9769,135,0
SPY190812P289,2019-08-09,2019-08-09 09:31:52,0.65,1.0,110,0.64,0.9846,27,0.6,0.923,1,0.645,0.9923,135,0
SPY190812P289,2019-08-09,2019-08-09 09:31:53,0.64,0.9846,5,0.63,0.9692,979,0.6,0.923,1,0.635,0.9769,135,0
SPY190812P289,2019-08-09,2019-08-09 09:31:54,0.64,0.9846,100,0.63,0.9692,870,0.6,0.923,1,0.635,0.9769,135,0
SPY190812P289,2019-08-09,2019-08-09 09:31:54,0.64,0.9846,21,0.63,0.9692,870,0.6,0.923,1,0.635,0.9769,135,0
SPY190812P289,2019-08-09,2019-08-09 09:31:55,0.64,0.9846,100,0.63,0.9692,425,0.6,0.923,1,0.635,0.9769,135,0
SPY190812P289,2019-08-09,2019-08-09 09:31:55,0.64,0.9846,100,0.63,0.9692,416,0.6,0.923,1,0.635,0.9769,135,0
SPY190812P289,2019-08-09,2019-08-09 09:31:56,0.64,0.9846,173,0.63,0.9692,416,0.6,0.923,1,0.635,0.9769,135,0
SPY190812P289,2019-08-09,2019-08-09 09:31:56,0.64,0.9846,173,0.63,0.9692,398,0.6,0.923,1,0.635,0.9769,135,0
SPY190812P289,2019-08-09,2019-08-09 09:31:57,0.64,0.9846,181,0.63,0.9692,233,0.6,0.923,1,0.635,0.9769,135,0
SPY190812P289,2019-08-09,2019-08-09 09:31:57,0.64,0.9846,181,0.63,0.9692,100,0.6,0.923,1,0.635,0.9769,135,0
SPY190812P289,2019-08-09,2019-08-09 09:31:58,0.63,0.9692,5,0.62,0.9538,34,0.6,0.923,1,0.625,0.9615,135,0
SPY190812P289,2019-08-09,2019-08-09 09:31:58,0.63,0.9692,269,0.61,0.9384,935,0.6,0.923,1,0.62,0.9538,135,0
SPY190812P289,2019-08-09,2019-08-09 09:31:59,0.63,0.9692,6,0.62,0.9538,9,0.6,0.923,1,0.625,0.9615,135,0
SPY190812P289,2019-08-09,2019-08-09 09:31:59,0.63,0.9692,23,0.61,0.9384,500,0.6,0.923,1,0.62,0.9538,135,0
SPY190812P289,2019-08-09,2019-08-09 09:32:00,0.63,0.9692,6,0.62,0.9538,135,0.6,0.923,1,0.625,0.9615,135,0
SPY190812P289,2019-08-09,2019-08-09 09:32:00,0.63,0.9692,77,0.62,0.9538,77,0.6,0.923,1,0.625,0.9615,135,0
SPY190812P289,2019-08-09,2019-08-09 09:32:01,0.63,0.9692,6,0.61,0.9384,1044,0.6,0.923,1,0.62,0.9538,135,0
SPY190812P289,2019-08-09,2019-08-09 09:32:01,0.63,0.9692,246,0.62,0.9538,80,0.6,0.923,1,0.625,0.9615,135,0
SPY190812P289,2019-08-09,2019-08-09 09:32:02,0.63,0.9692,246,0.62,0.9538,53,0.6,0.923,1,0.625,0.9615,135,0
SPY190812P289,2019-08-09,2019-08-09 09:32:02,0.63,0.9692,100,0.61,0.9384,1307,0.6,0.923,1,0.62,0.9538,135,0
SPY190812P289,2019-08-09,2019-08-09 09:32:03,0.63,0.9692,100,0.61,0.9384,1026,0.6,0.923,1,0.62,0.9538,135,0
SPY190812P289,2019-08-09,2019-08-09 09:32:04,0.62,0.9538,21,0.61,0.9384,906,0.6,0.923,1,0.615,0.9461,135,0
SPY190812P289,2019-08-09,2019-08-09 09:32:04,0.63,0.9692,268,0.62,0.9538,35,0.6,0.923,1,0.625,0.9615,135,0
SPY190812P289,2019-08-09,2019-08-09 09:32:05,0.62,0.9538,6,0.6,0.923,570,0.6,0.923,1,0.61,0.9384,135,0
SPY190812P289,2019-08-09,2019-08-09 09:32:05,0.61,0.9384,6,0.6,0.923,336,0.6,0.923,1,0.605,0.9307,135,0
SPY190812P289,2019-08-09,2019-08-09 09:32:06,0.61,0.9384,6,0.6,0.923,249,0.6,0.923,1,0.605,0.9307,135,0
SPY190812P289,2019-08-09,2019-08-09 09:32:07,0.61,0.9384,81,0.6,0.923,216,0.6,0.923,1,0.605,0.9307,135,0
SPY190812P289,2019-08-09,2019-08-09 09:32:07,0.61,0.9384,100,0.6,0.923,66,0.6,0.923,1,0.605,0.9307,135,0
SPY190812P289,2019-08-09,2019-08-09 09:32:08,0.61,0.9384,100,0.6,0.923,66,0.6,0.923,1,0.605,0.9307,135,0
SPY190812P289,2019-08-09,2019-08-09 09:32:08,0.61,0.9384,6,0.6,0.923,188,0.6,0.923,1,0.605,0.9307,135,0
SPY190812P289,2019-08-09,2019-08-09 09:32:09,0.62,0.9538,113,0.6,0.923,128,0.6,0.923,1,0.61,0.9384,135,0
SPY190812P289,2019-08-09,2019-08-09 09:32:09,0.61,0.9384,77,0.6,0.923,45,0.6,0.923,1,0.605,0.9307,135,0
SPY190812P289,2019-08-09,2019-08-09 09:32:10,0.61,0.9384,89,0.6,0.923,71,0.6,0.923,1,0.605,0.9307,135,0
SPY190812P289,2019-08-09,2019-08-09 09:32:10,0.61,0.9384,100,0.6,0.923,71,0.6,0.923,1,0.605,0.9307,135,0
SPY190812P289,2019-08-09,2019-08-09 09:32:11,0.61,0.9384,100,0.6,0.923,40,0.6,0.923,1,0.605,0.9307,135,0
SPY190812P289,2019-08-09,2019-08-09 09:32:11,0.61,0.9384,100,0.6,0.923,160,0.6,0.923,10,0.605,0.9307,145,10
SPY190812P289,2019-08-09,2019-08-09 09:32:12,0.61,0.9384,681,0.59,0.9076,418,0.6,0.923,10,0.6,0.923,145,0
SPY190812P289,2019-08-09,2019-08-09 09:32:12,0.61,0.9384,77,0.6,0.923,100,0.6,0.923,10,0.605,0.9307,145,0
SPY190812P289,2019-08-09,2019-08-09 09:32:13,0.6,0.923,5,0.59,0.9076,244,0.6,0.923,10,0.595,0.9153,145,0
SPY190812P289,2019-08-09,2019-08-09 09:32:13,0.6,0.923,100,0.59,0.9076,27,0.6,0.923,10,0.595,0.9153,145,0
SPY190812P289,2019-08-09,2019-08-09 09:32:14,0.6,0.923,100,0.59,0.9076,93,0.6,0.923,10,0.595,0.9153,145,0
SPY190812P289,2019-08-09,2019-08-09 09:32:15,0.61,0.9384,337,0.59,0.9076,274,0.6,0.923,10,0.6,0.923,145,0
SPY190812P289,2019-08-09,2019-08-09 09:32:15,0.61,0.9384,190,0.59,0.9076,682,0.6,0.923,10,0.6,0.923,145,0
SPY190812P289,2019-08-09,2019-08-09 09:32:16,0.61,0.9384,100,0.6,0.923,346,0.6,0.923,10,0.605,0.9307,145,0
SPY190812P289,2019-08-09,2019-08-09 09:32:16,0.61,0.9384,1,0.6,0.923,115,0.6,0.923,10,0.605,0.9307,145,0
SPY190812P289,2019-08-09,2019-08-09 09:32:17,0.62,0.9538,29,0.61,0.9384,1,0.61,0.9384,1,0.615,0.9461,146,1
SPY190812P289,2019-08-09,2019-08-09 09:32:17,0.61,0.9384,6,0.6,0.923,346,0.6,0.923,10,0.605,0.9307,145,0
SPY190812P289,2019-08-09,2019-08-09 09:32:18,0.62,0.9538,269,0.61,0.9384,6,0.61,0.9384,1,0.615,0.9461,146,0
SPY190812P289,2019-08-09,2019-08-09 09:32:18,0.62,0.9538,49,0.61,0.9384,6,0.61,0.9384,1,0.615,0.9461,146,0
SPY190812P289,2019-08-09,2019-08-09 09:32:19,0.61,0.9384,5,0.6,0.923,885,0.61,0.9384,1,0.605,0.9307,146,0
SPY190812P289,2019-08-09,2019-08-09 09:32:19,0.62,0.9538,269,0.61,0.9384,6,0.61,0.9384,1,0.615,0.9461,146,0
SPY190812P289,2019-08-09,2019-08-09 09:32:20,0.62,0.9538,19,0.61,0.9384,6,0.61,0.9384,1,0.615,0.9461,146,0
SPY190812P289,2019-08-09,2019-08-09 09:32:20,0.62,0.9538,29,0.61,0.9384,6,0.61,0.9384,1,0.615,0.9461,146,0
SPY190812P289,2019-08-09,2019-08-09 09:32:21,0.62,0.9538,276,0.6,0.923,1220,0.61,0.9384,1,0.61,0.9384,146,0
SPY190812P289,2019-08-09,2019-08-09 09:32:21,0.62,0.9538,285,0.61,0.9384,7,0.61,0.9384,1,0.615,0.9461,146,0
SPY190812P289,2019-08-09,2019-08-09 09:32:22,0.62,0.9538,276,0.6,0.923,1166,0.61,0.9384,1,0.61,0.9384,146,0
SPY190812P289,2019-08-09,2019-08-09 09:32:23,0.62,0.9538,256,0.61,0.9384,6,0.61,0.9384,1,0.615,0.9461,146,0
SPY190812P289,2019-08-09,2019-08-09 09:32:23,0.62,0.9538,256,0.6,0.923,1196,0.61,0.9384,1,0.61,0.9384,146,0
SPY190812P289,2019-08-09,2019-08-09 09:32:24,0.62,0.9538,6,0.61,0.9384,6,0.61,0.9384,1,0.615,0.9461,146,0
SPY190812P289,2019-08-09,2019-08-09 09:32:24,0.62,0.9538,6,0.6,0.923,1118,0.61,0.9384,1,0.61,0.9384,146,0
SPY190812P289,2019-08-09,2019-08-09 09:32:25,0.62,0.9538,110,0.61,0.9384,6,0.61,0.9384,1,0.615,0.9461,146,0
SPY190812P289,2019-08-09,2019-08-09 09:32:25,0.62,0.9538,85,0.61,0.9384,6,0.61,0.9384,1,0.615,0.9461,146,0
SPY190812P289,2019-08-09,2019-08-09 09:32:26,0.62,0.9538,85,0.61,0.9384,652,0.61,0.9384,1,0.615,0.9461,146,0
SPY190812P289,2019-08-09,2019-08-09 09:32:26,0.62,0.9538,1,0.61,0.9384,652,0.61,0.9384,1,0.615,0.9461,146,0
SPY190812P289,2019-08-09,2019-08-09 09:32:27,0.62,0.9538,1,0.61,0.9384,1235,0.61,0.9384,1,0.615,0.9461,146,0
SPY190812P289,2019-08-09,2019-08-09 09:32:27,0.62,0.9538,1,0.61,0.9384,919,0.61,0.9384,1,0.615,0.9461,146,0
SPY190812P289,2019-08-09,2019-08-09 09:32:28,0.64,0.9846,10,0.62,0.9538,6,0.62,0.9538,1,0.63,0.9692,147,0
SPY190812P289,2019-08-09,2019-08-09 09:32:28,0.63,0.9692,261,0.62,0.9538,1,0.62,0.9538,1,0.625,0.9615,147,1
SPY190812P289,2019-08-09,2019-08-09 09:32:29,0.63,0.9692,98,0.62,0.9538,212,0.62,0.9538,1,0.625,0.9615,147,0
SPY190812P289,2019-08-09,2019-08-09 09:32:29,0.63,0.9692,71,0.62,0.9538,22,0.62,0.9538,1,0.625,0.9615,147,0
SPY190812P289,2019-08-09,2019-08-09 09:32:30,0.64,0.9846,60,0.62,0.9538,750,0.62,0.9538,1,0.63,0.9692,147,0
SPY190812P289,2019-08-09,2019-08-09 09:32:30,0.63,0.9692,114,0.62,0.9538,630,0.62,0.9538,1,0.625,0.9615,147,0
SPY190812P289,2019-08-09,2019-08-09 09:32:31,0.64,0.9846,281,0.62,0.9538,942,0.62,0.9538,1,0.63,0.9692,147,0
SPY190812P289,2019-08-09,2019-08-09 09:32:31,0.64,0.9846,100,0.62,0.9538,520,0.62,0.9538,1,0.63,0.9692,147,0
SPY190812P289,2019-08-09,2019-08-09 09:32:32,0.64,0.9846,281,0.63,0.9692,411,0.62,0.9538,1,0.635,0.9769,147,0
SPY190812P289,2019-08-09,2019-08-09 09:32:32,0.64,0.9846,281,0.63,0.9692,21,0.62,0.9538,1,0.635,0.9769,147,0
SPY190812P289,2019-08-09,2019-08-09 09:32:33,0.63,0.9692,5,0.62,0.9538,766,0.62,0.9538,1,0.625,0.9615,147,0
SPY190812P289,2019-08-09,2019-08-09 09:32:33,0.63,0.9692,100,0.61,0.9384,1347,0.62,0.9538,1,0.62,0.9538,147,0
SPY190812P289,2019-08-09,2019-08-09 09:32:34,0.63,0.9692,44,0.61,0.9384,1568,0.62,0.9538,1,0.62,0.9538,147,0
SPY190812P289,2019-08-09,2019-08-09 09:32:35,0.63,0.9692,281,0.61,0.9384,1324,0.62,0.9538,1,0.62,0.9538,147,0
SPY190812P289,2019-08-09,2019-08-09 09:32:35,0.63,0.9692,281,0.61,0.9384,1417,0.62,0.9538,1,0.62,0.9538,147,0
SPY190812P289,2019-08-09,2019-08-09 09:32:36,0.62,0.9538,5,0.61,0.9384,1006,0.62,0.9538,1,0.615,0.9461,147,0
SPY190812P289,2019-08-09,2019-08-09 09:32:36,0.62,0.9538,5,0.61,0.9384,1283,0.62,0.9538,1,0.615,0.9461,147,0
SPY190812P289,2019-08-09,2019-08-09 09:32:37,0.62,0.9538,281,0.61,0.9384,6,0.62,0.9538,1,0.615,0.9461,147,0
SPY190812P289,2019-08-09,2019-08-09 09:32:37,0.62,0.9538,281,0.6,0.923,752,0.62,0.9538,1,0.61,0.9384,147,0
SPY190812P289,2019-08-09,2019-08-09 09:32:38,0.62,0.9538,281,0.61,0.9384,5,0.62,0.9538,1,0.615,0.9461,147,0
SPY190812P289,2019-08-09,2019-08-09 09:32:38,0.62,0.9538,281,0.61,0.9384,49,0.62,0.9538,1,0.615,0.9461,147,0
SPY190812P289,2019-08-09,2019-08-09 09:32:39,0.62,0.9538,281,0.61,0.9384,174,0.62,0.9538,1,0.615,0.9461,147,0
SPY190812P289,2019-08-09,2019-08-09 09:32:39,0.62,0.9538,281,0.61,0.9384,80,0.62,0.9538,1,0.615,0.9461,147,0
SPY190812P289,2019-08-09,2019-08-09 09:32:40,0.62,0.9538,281,0.61,0.9384,174,0.62,0.9538,1,0.615,0.9461,147,0
SPY190812P289,2019-08-09,2019-08-09 09:32:40,0.62,0.9538,259,0.61,0.9384,93,0.62,0.9538,1,0.615,0.9461,147,0
SPY190812P289,2019-08-09,2019-08-09 09:32:41,0.62,0.9538,5,0.61,0.9384,115,0.62,0.9538,1,0.615,0.9461,147,0
SPY190812P289,2019-08-09,2019-08-09 09:32:41,0.62,0.9538,56,0.61,0.9384,6,0.62,0.9538,1,0.615,0.9461,147,0
SPY190812P289,2019-08-09,2019-08-09 09:32:42,0.62,0.9538,5,0.61,0.9384,650,0.62,0.9538,1,0.615,0.9461,147,0
SPY190812P289,2019-08-09,2019-08-09 09:32:42,0.62,0.9538,108,0.6,0.923,100,0.62,0.9538,1,0.61,0.9384,147,0
SPY190812P289,2019-08-09,2019-08-09 09:32:43,0.62,0.9538,293,0.6,0.923,32,0.62,0.9538,1,0.61,0.9384,147,0
SPY190812P289,2019-08-09,2019-08-09 09:32:43,0.61,0.9384,24,0.6,0.923,5,0.62,0.9538,1,0.605,0.9307,147,0
SPY190812P289,2019-08-09,2019-08-09 09:32:44,0.6,0.923,6,0.6,0.923,32,0.62,0.9538,1,0.6,0.923,147,0
SPY190812P289,2019-08-09,2019-08-09 09:32:44,0.6,0.923,6,0.59,0.9076,263,0.62,0.9538,1,0.595,0.9153,147,0
SPY190812P289,2019-08-09,2019-08-09 09:32:45,0.6,0.923,5,0.59,0.9076,264,0.62,0.9538,1,0.595,0.9153,147,0
SPY190812P289,2019-08-09,2019-08-09 09:32:45,0.6,0.923,27,0.59,0.9076,248,0.62,0.9538,1,0.595,0.9153,147,0
SPY190812P289,2019-08-09,2019-08-09 09:32:46,0.6,0.923,279,0.59,0.9076,5,0.62,0.9538,1,0.595,0.9153,147,0
SPY190812P289,2019-08-09,2019-08-09 09:32:46,0.6,0.923,27,0.59,0.9076,27,0.62,0.9538,1,0.595,0.9153,147,0
SPY190812P289,2019-08-09,2019-08-09 09:32:47,0.6,0.923,35,0.58,0.8923,1108,0.6,0.923,4,0.59,0.9076,151,4
SPY190812P289,2019-08-09,2019-08-09 09:32:47,0.6,0.923,279,0.59,0.9076,5,0.62,0.9538,1,0.595,0.9153,147,0
SPY190812P289,2019-08-09,2019-08-09 09:32:48,0.59,0.9076,77,0.58,0.8923,325,0.6,0.923,4,0.585,0.9,151,0
SPY190812P289,2019-08-09,2019-08-09 09:32:48,0.59,0.9076,6,0.58,0.8923,309,0.6,0.923,4,0.585,0.9,151,0
SPY190812P289,2019-08-09,2019-08-09 09:32:49,0.59,0.9076,6,0.58,0.8923,343,0.6,0.923,4,0.585,0.9,151,0
SPY190812P289,2019-08-09,2019-08-09 09:32:49,0.59,0.9076,13,0.58,0.8923,343,0.6,0.923,4,0.585,0.9,151,0
SPY190812P289,2019-08-09,2019-08-09 09:32:50,0.59,0.9076,21,0.58,0.8923,343,0.6,0.923,4,0.585,0.9,151,0
SPY190812P289,2019-08-09,2019-08-09 09:32:50,0.59,0.9076,6,0.58,0.8923,343,0.6,0.923,4,0.585,0.9,151,0
SPY190812P289,2019-08-09,2019-08-09 09:32:51,0.59,0.9076,77,0.58,0.8923,343,0.6,0.923,4,0.585,0.9,151,0
SPY190812P289,2019-08-09,2019-08-09 09:32:51,0.59,0.9076,5,0.58,0.8923,366,0.6,0.923,4,0.585,0.9,151,0
SPY190812P289,2019-08-09,2019-08-09 09:32:52,0.59,0.9076,6,0.58,0.8923,258,0.6,0.923,4,0.585,0.9,151,0
SPY190812P289,2019-08-09,2019-08-09 09:32:52,0.59,0.9076,5,0.58,0.8923,336,0.6,0.923,4,0.585,0.9,151,0
SPY190812P289,2019-08-09,2019-08-09 09:32:53,0.59,0.9076,246,0.58,0.8923,100,0.6,0.923,4,0.585,0.9,151,0
SPY190812P289,2019-08-09,2019-08-09 09:32:54,0.59,0.9076,115,0.58,0.8923,6,0.6,0.923,4,0.585,0.9,151,0
SPY190812P289,2019-08-09,2019-08-09 09:32:54,0.59,0.9076,100,0.58,0.8923,6,0.6,0.923,4,0.585,0.9,151,0
SPY190812P289,2019-08-09,2019-08-09 09:32:55,0.59,0.9076,42,0.58,0.8923,11,0.6,0.923,4,0.585,0.9,151,0
SPY190812P289,2019-08-09,2019-08-09 09:32:56,0.58,0.8923,5,0.57,0.8769,1019,0.6,0.923,4,0.575,0.8846,151,0
SPY190812P289,2019-08-09,2019-08-09 09:32:56,0.59,0.9076,119,0.57,0.8769,96,0.6,0.923,4,0.58,0.8923,151,0
SPY190812P289,2019-08-09,2019-08-09 09:32:57,0.58,0.8923,278,0.57,0.8769,116,0.6,0.923,4,0.575,0.8846,151,0
SPY190812P289,2019-08-09,2019-08-09 09:32:57,0.58,0.8923,278,0.57,0.8769,177,0.6,0.923,4,0.575,0.8846,151,0
SPY190812P289,2019-08-09,2019-08-09 09:32:58,0.58,0.8923,246,0.57,0.8769,177,0.6,0.923,4,0.575,0.8846,151,0
SPY190812P289,2019-08-09,2019-08-09 09:32:59,0.58,0.8923,100,0.57,0.8769,177,0.6,0.923,4,0.575,0.8846,151,0
SPY190812P289,2019-08-09,2019-08-09 09:32:59,0.58,0.8923,100,0.57,0.8769,135,0.6,0.923,4,0.575,0.8846,151,0
SPY190812P289,2019-08-09,2019-08-09 09:33:00,0.58,0.8923,100,0.57,0.8769,147,0.6,0.923,4,0.575,0.8846,151,0
SPY190812P289,2019-08-09,2019-08-09 09:33:00,0.58,0.8923,100,0.57,0.8769,116,0.6,0.923,4,0.575,0.8846,151,0
SPY190812P289,2019-08-09,2019-08-09 09:33:01,0.58,0.8923,183,0.57,0.8769,163,0.6,0.923,4,0.575,0.8846,151,0
SPY190812P289,2019-08-09,2019-08-09 09:33:01,0.58,0.8923,5,0.57,0.8769,250,0.6,0.923,4,0.575,0.8846,151,0
SPY190812P289,2019-08-09,2019-08-09 09:33:02,0.59,0.9076,17,0.58,0.8923,6,0.6,0.923,4,0.585,0.9,151,0
SPY190812P289,2019-08-09,2019-08-09 09:33:02,0.58,0.8923,71,0.57,0.8769,166,0.6,0.923,4,0.575,0.8846,151,0
SPY190812P289,2019-08-09,2019-08-09 09:33:03,0.59,0.9076,295,0.58,0.8923,120,0.6,0.923,4,0.585,0.9,151,0
SPY190812P289,2019-08-09,2019-08-09 09:33:03,0.59,0.9076,310,0.58,0.8923,96,0.6,0.923,4,0.585,0.9,151,0
SPY190812P289,2019-08-09,2019-08-09 09:33:04,0.59,0.9076,414,0.58,0.8923,108,0.6,0.923,4,0.585,0.9,151,0
SPY190812P289,2019-08-09,2019-08-09 09:33:05,0.59,0.9076,260,0.58,0.8923,108,0.6,0.923,4,0.585,0.9,151,0
SPY190812P289,2019-08-09,2019-08-09 09:33:05,0.59,0.9076,292,0.58,0.8923,381,0.6,0.923,4,0.585,0.9,151,0
SPY190812P289,2019-08-09,2019-08-09 09:33:06,0.59,0.9076,5,0.58,0.8923,108,0.6,0.923,4,0.585,0.9,151,0
SPY190812P289,2019-08-09,2019-08-09 09:33:06,0.59,0.9076,5,0.58,0.8923,97,0.6,0.923,4,0.585,0.9,151,0
SPY190812P289,2019-08-09,2019-08-09 09:33:07,0.58,0.8923,19,0.57,0.8769,265,0.6,0.923,4,0.575,0.8846,151,0
SPY190812P289,2019-08-09,2019-08-09 09:33:07,0.58,0.8923,5,0.57,0.8769,265,0.6,0.923,4,0.575,0.8846,151,0
SPY190812P289,2019-08-09,2019-08-09 09:33:08,0.58,0.8923,100,0.57,0.8769,265,0.6,0.923,4,0.575,0.8846,151,0
SPY190812P289,2019-08-09,2019-08-09 09:33:08,0.58,0.8923,23,0.57,0.8769,96,0.6,0.923,4,0.575,0.8846,151,0
SPY190812P289,2019-08-09,2019-08-09 09:33:09,0.58,0.8923,238,0.57,0.8769,143,0.6,0.923,4,0.575,0.8846,151,0
SPY190812P289,2019-08-09,2019-08-09 09:33:09,0.58,0.8923,23,0.57,0.8769,143,0.6,0.923,4,0.575,0.8846,151,0
SPY190812P289,2019-08-09,2019-08-09 09:33:10,0.58,0.8923,20,0.57,0.8769,364,0.6,0.923,4,0.575,0.8846,151,0
SPY190812P289,2019-08-09,2019-08-09 09:33:10,0.58,0.8923,20,0.57,0.8769,294,0.6,0.923,4,0.575,0.8846,151,0
SPY190812P289,2019-08-09,2019-08-09 09:33:11,0.59,0.9076,100,0.58,0.8923,6,0.6,0.923,4,0.585,0.9,151,0
SPY190812P289,2019-08-09,2019-08-09 09:33:11,0.58,0.8923,12,0.57,0.8769,388,0.6,0.923,4,0.575,0.8846,151,0
SPY190812P289,2019-08-09,2019-08-09 09:33:12,0.58,0.8923,5,0.57,0.8769,444,0.6,0.923,4,0.575,0.8846,151,0
SPY190812P289,2019-08-09,2019-08-09 09:33:12,0.59,0.9076,521,0.57,0.8769,457,0.6,0.923,4,0.58,0.8923,151,0
SPY190812P289,2019-08-09,2019-08-09 09:33:13,0.59,0.9076,40,0.58,0.8923,402,0.6,0.923,4,0.585,0.9,151,0
SPY190812P289,2019-08-09,2019-08-09 09:33:13,0.59,0.9076,511,0.58,0.8923,7,0.6,0.923,4,0.585,0.9,151,0
SPY190812P289,2019-08-09,2019-08-09 09:33:14,0.6,0.923,511,0.59,0.9076,6,0.6,0.923,4,0.595,0.9153,151,0
SPY190812P289,2019-08-09,2019-08-09 09:33:14,0.6,0.923,511,0.59,0.9076,450,0.6,0.923,4,0.595,0.9153,151,0
SPY190812P289,2019-08-09,2019-08-09 09:33:15,0.6,0.923,7,0.59,0.9076,450,0.6,0.923,4,0.595,0.9153,151,0
SPY190812P289,2019-08-09,2019-08-09 09:33:15,0.6,0.923,511,0.59,0.9076,450,0.6,0.923,4,0.595,0.9153,151,0
SPY190812P289,2019-08-09,2019-08-09 09:33:16,0.6,0.923,100,0.59,0.9076,97,0.6,0.923,4,0.595,0.9153,151,0
SPY190812P289,2019-08-09,2019-08-09 09:33:16,0.6,0.923,6,0.59,0.9076,129,0.6,0.923,4,0.595,0.9153,151,0
SPY190812P289,2019-08-09,2019-08-09 09:33:17,0.6,0.923,100,0.59,0.9076,111,0.6,0.923,4,0.595,0.9153,151,0
SPY190812P289,2019-08-09,2019-08-09 09:33:17,0.6,0.923,100,0.59,0.9076,90,0.6,0.923,4,0.595,0.9153,151,0
SPY190812P289,2019-08-09,2019-08-09 09:33:18,0.6,0.923,100,0.58,0.8923,141,0.6,0.923,4,0.59,0.9076,151,0
SPY190812P289,2019-08-09,2019-08-09 09:33:18,0.6,0.923,100,0.58,0.8923,450,0.6,0.923,4,0.59,0.9076,151,0
SPY190812P289,2019-08-09,2019-08-09 09:33:19,0.6,0.923,100,0.58,0.8923,619,0.6,0.923,4,0.59,0.9076,151,0
SPY190812P289,2019-08-09,2019-08-09 09:33:19,0.59,0.9076,253,0.58,0.8923,619,0.6,0.923,4,0.585,0.9,151,0
SPY190812P289,2019-08-09,2019-08-09 09:33:20,0.59,0.9076,253,0.58,0.8923,867,0.6,0.923,4,0.585,0.9,151,0
SPY190812P289,2019-08-09,2019-08-09 09:33:20,0.59,0.9076,14,0.58,0.8923,619,0.6,0.923,4,0.585,0.9,151,0
SPY190812P289,2019-08-09,2019-08-09 09:33:21,0.59,0.9076,204,0.58,0.8923,619,0.6,0.923,4,0.585,0.9,151,0
SPY190812P289,2019-08-09,2019-08-09 09:33:22,0.59,0.9076,12,0.58,0.8923,1180,0.6,0.923,4,0.585,0.9,151,0
SPY190812P289,2019-08-09,2019-08-09 09:33:22,0.59,0.9076,12,0.58,0.8923,848,0.6,0.923,4,0.585,0.9,151,0
SPY190812P289,2019-08-09,2019-08-09 09:33:23,0.59,0.9076,305,0.58,0.8923,105,0.6,0.923,4,0.585,0.9,151,0
SPY190812P289,2019-08-09,2019-08-09 09:33:23,0.59,0.9076,305,0.57,0.8769,1325,0.6,0.923,4,0.58,0.8923,151,0
SPY190812P289,2019-08-09,2019-08-09 09:33:24,0.59,0.9076,304,0.57,0.8769,1325,0.6,0.923,4,0.58,0.8923,151,0
SPY190812P289,2019-08-09,2019-08-09 09:33:24,0.59,0.9076,43,0.57,0.8769,450,0.6,0.923,4,0.58,0.8923,151,0
SPY190812P289,2019-08-09,2019-08-09 09:33:25,0.58,0.8923,13,0.57,0.8769,450,0.6,0.923,4,0.575,0.8846,151,0
SPY190812P289,2019-08-09,2019-08-09 09:33:25,0.59,0.9076,6,0.58,0.8923,36,0.6,0.923,4,0.585,0.9,151,0
SPY190812P289,2019-08-09,2019-08-09 09:33:26,0.59,0.9076,6,0.58,0.8923,36,0.6,0.923,4,0.585,0.9,151,0
SPY190812P289,2019-08-09,2019-08-09 09:33:26,0.59,0.9076,275,0.58,0.8923,36,0.6,0.923,4,0.585,0.9,151,0
SPY190812P289,2019-08-09,2019-08-09 09:33:27,0.58,0.8923,33,0.57,0.8769,749,0.6,0.923,4,0.575,0.8846,151,0
SPY190812P289,2019-08-09,2019-08-09 09:33:27,0.59,0.9076,304,0.58,0.8923,41,0.6,0.923,4,0.585,0.9,151,0
SPY190812P289,2019-08-09,2019-08-09 09:33:28,0.58,0.8923,62,0.57,0.8769,707,0.6,0.923,4,0.575,0.8846,151,0
SPY190812P289,2019-08-09,2019-08-09 09:33:28,0.59,0.9076,305,0.57,0.8769,707,0.6,0.923,4,0.58,0.8923,151,0
SPY190812P289,2019-08-09,2019-08-09 09:33:29,0.59,0.9076,98,0.58,0.8923,226,0.6,0.923,4,0.585,0.9,151,0
SPY190812P289,2019-08-09,2019-08-09 09:33:29,0.59,0.9076,45,0.58,0.8923,180,0.6,0.923,4,0.585,0.9,151,0
SPY190812P289,2019-08-09,2019-08-09 09:33:30,0.6,0.923,306,0.59,0.9076,6,0.6,0.923,4,0.595,0.9153,151,0
SPY190812P289,2019-08-09,2019-08-09 09:33:30,0.59,0.9076,98,0.59,0.9076,6,0.6,0.923,4,0.59,0.9076,151,0
SPY190812P289,2019-08-09,2019-08-09 09:33:31,0.6,0.923,451,0.59,0.9076,6,0.6,0.923,4,0.595,0.9153,151,0
SPY190812P289,2019-08-09,2019-08-09 09:33:31,0.6,0.923,426,0.58,0.8923,659,0.6,0.923,4,0.59,0.9076,151,0
SPY190812P289,2019-08-09,2019-08-09 09:33:32,0.6,0.923,173,0.59,0.9076,18,0.6,0.923,4,0.595,0.9153,151,0
SPY190812P289,2019-08-09,2019-08-09 09:33:32,0.6,0.923,423,0.59,0.9076,6,0.6,0.923,4,0.595,0.9153,151,0
SPY190812P289,2019-08-09,2019-08-09 09:33:33,0.6,0.923,462,0.59,0.9076,41,0.6,0.923,4,0.595,0.9153,151,0
SPY190812P289,2019-08-09,2019-08-09 09:33:34,0.6,0.923,60,0.59,0.9076,41,0.6,0.923,4,0.595,0.9153,151,0
SPY190812P289,2019-08-09,2019-08-09 09:33:34,0.6,0.923,302,0.59,0.9076,111,0.6,0.923,4,0.595,0.9153,151,0
SPY190812P289,2019-08-09,2019-08-09 09:33:35,0.6,0.923,279,0.59,0.9076,507,0.6,0.923,4,0.595,0.9153,151,0
SPY190812P289,2019-08-09,2019-08-09 09:33:35,0.6,0.923,302,0.59,0.9076,109,0.6,0.923,4,0.595,0.9153,151,0
SPY190812P289,2019-08-09,2019-08-09 09:33:36,0.6,0.923,138,0.59,0.9076,7,0.6,0.923,4,0.595,0.9153,151,0
SPY190812P289,2019-08-09,2019-08-09 09:33:36,0.6,0.923,138,0.59,0.9076,489,0.6,0.923,4,0.595,0.9153,151,0
SPY190812P289,2019-08-09,2019-08-09 09:33:37,0.6,0.923,279,0.59,0.9076,18,0.6,0.923,4,0.595,0.9153,151,0
SPY190812P289,2019-08-09,2019-08-09 09:33:38,0.6,0.923,181,0.59,0.9076,6,0.6,0.923,4,0.595,0.9153,151,0
SPY190812P289,2019-08-09,2019-08-09 09:33:38,0.6,0.923,8,0.59,0.9076,74,0.6,0.923,4,0.595,0.9153,151,0
SPY190812P289,2019-08-09,2019-08-09 09:33:39,0.6,0.923,5,0.59,0.9076,527,0.6,0.923,4,0.595,0.9153,151,0
SPY190812P289,2019-08-09,2019-08-09 09:33:39,0.6,0.923,100,0.59,0.9076,358,0.6,0.923,4,0.595,0.9153,151,0
SPY190812P289,2019-08-09,2019-08-09 09:33:40,0.6,0.923,5,0.59,0.9076,873,0.6,0.923,4,0.595,0.9153,151,0
SPY190812P289,2019-08-09,2019-08-09 09:33:40,0.6,0.923,100,0.59,0.9076,358,0.6,0.923,4,0.595,0.9153,151,0
SPY190812P289,2019-08-09,2019-08-09 09:33:41,0.61,0.9384,56,0.6,0.923,18,0.6,0.923,4,0.605,0.9307,151,0
SPY190812P289,2019-08-09,2019-08-09 09:33:41,0.6,0.923,5,0.6,0.923,9,0.6,0.923,4,0.6,0.923,151,0
SPY190812P289,2019-08-09,2019-08-09 09:33:42,0.61,0.9384,248,0.6,0.923,6,0.6,0.923,4,0.605,0.9307,151,0
SPY190812P289,2019-08-09,2019-08-09 09:33:42,0.61,0.9384,56,0.59,0.9076,1464,0.6,0.923,4,0.6,0.923,151,0
SPY190812P289,2019-08-09,2019-08-09 09:33:43,0.61,0.9384,248,0.6,0.923,6,0.6,0.923,4,0.605,0.9307,151,0
SPY190812P289,2019-08-09,2019-08-09 09:33:44,0.61,0.9384,248,0.6,0.923,6,0.6,0.923,4,0.605,0.9307,151,0
SPY190812P289,2019-08-09,2019-08-09 09:33:44,0.61,0.9384,23,0.6,0.923,6,0.6,0.923,4,0.605,0.9307,151,0
SPY190812P289,2019-08-09,2019-08-09 09:33:45,0.61,0.9384,5,0.6,0.923,225,0.6,0.923,4,0.605,0.9307,151,0
SPY190812P289,2019-08-09,2019-08-09 09:33:45,0.61,0.9384,5,0.6,0.923,638,0.6,0.923,4,0.605,0.9307,151,0
SPY190812P289,2019-08-09,2019-08-09 09:33:46,0.61,0.9384,292,0.59,0.9076,683,0.6,0.923,4,0.6,0.923,151,0
SPY190812P289,2019-08-09,2019-08-09 09:33:46,0.6,0.923,23,0.59,0.9076,612,0.6,0.923,4,0.595,0.9153,151,0
SPY190812P289,2019-08-09,2019-08-09 09:33:47,0.59,0.9076,6,0.58,0.8923,650,0.6,0.923,4,0.585,0.9,151,0
SPY190812P289,2019-08-09,2019-08-09 09:33:47,0.6,0.923,123,0.58,0.8923,650,0.6,0.923,4,0.59,0.9076,151,0
SPY190812P289,2019-08-09,2019-08-09 09:33:48,0.6,0.923,712,0.58,0.8923,99,0.6,0.923,4,0.59,0.9076,151,0
SPY190812P289,2019-08-09,2019-08-09 09:33:49,0.59,0.9076,6,0.58,0.8923,36,0.6,0.923,4,0.585,0.9,151,0
SPY190812P289,2019-08-09,2019-08-09 09:33:49,0.59,0.9076,40,0.57,0.8769,189,0.6,0.923,4,0.58,0.8923,151,0
SPY190812P289,2019-08-09,2019-08-09 09:33:50,0.58,0.8923,18,0.57,0.8769,122,0.6,0.923,4,0.575,0.8846,151,0
SPY190812P289,2019-08-09,2019-08-09 09:33:50,0.58,0.8923,7,0.57,0.8769,189,0.6,0.923,4,0.575,0.8846,151,0
SPY190812P289,2019-08-09,2019-08-09 09:33:51,0.58,0.8923,18,0.57,0.8769,122,0.6,0.923,4,0.575,0.8846,151,0
SPY190812P289,2019-08-09,2019-08-09 09:33:51,0.58,0.8923,70,0.57,0.8769,41,0.6,0.923,4,0.575,0.8846,151,0
SPY190812P289,2019-08-09,2019-08-09 09:33:52,0.58,0.8923,7,0.57,0.8769,1,0.6,0.923,4,0.575,0.8846,151,0
SPY190812P289,2019-08-09,2019-08-09 09:33:53,0.58,0.8923,5,0.57,0.8769,36,0.6,0.923,4,0.575,0.8846,151,0
SPY190812P289,2019-08-09,2019-08-09 09:33:53,0.58,0.8923,18,0.57,0.8769,53,0.6,0.923,4,0.575,0.8846,151,0
SPY190812P289,2019-08-09,2019-08-09 09:33:54,0.58,0.8923,100,0.57,0.8769,36,0.6,0.923,4,0.575,0.8846,151,0
SPY190812P289,2019-08-09,2019-08-09 09:33:54,0.58,0.8923,292,0.57,0.8769,42,0.6,0.923,4,0.575,0.8846,151,0
SPY190812P289,2019-08-09,2019-08-09 09:33:55,0.58,0.8923,382,0.56,0.8615,402,0.6,0.923,4,0.57,0.8769,151,0
SPY190812P289,2019-08-09,2019-08-09 09:33:55,0.58,0.8923,337,0.56,0.8615,683,0.6,0.923,4,0.57,0.8769,151,0
SPY190812P289,2019-08-09,2019-08-09 09:33:56,0.58,0.8923,337,0.57,0.8769,41,0.6,0.923,4,0.575,0.8846,151,0
SPY190812P289,2019-08-09,2019-08-09 09:33:56,0.58,0.8923,247,0.57,0.8769,36,0.6,0.923,4,0.575,0.8846,151,0
SPY190812P289,2019-08-09,2019-08-09 09:33:57,0.57,0.8769,1,0.56,0.8615,1030,0.6,0.923,4,0.565,0.8692,151,0
SPY190812P289,2019-08-09,2019-08-09 09:33:57,0.57,0.8769,1,0.56,0.8615,863,0.6,0.923,4,0.565,0.8692,151,0
SPY190812P289,2019-08-09,2019-08-09 09:33:58,0.57,0.8769,5,0.57,0.8769,36,0.6,0.923,4,0.57,0.8769,151,0
SPY190812P289,2019-08-09,2019-08-09 09:33:58,0.57,0.8769,5,0.57,0.8769,52,0.6,0.923,4,0.57,0.8769,151,0
SPY190812P289,2019-08-09,2019-08-09 09:33:59,0.58,0.8923,262,0.57,0.8769,52,0.6,0.923,4,0.575,0.8846,151,0
SPY190812P289,2019-08-09,2019-08-09 09:34:00,0.58,0.8923,10,0.57,0.8769,41,0.6,0.923,4,0.575,0.8846,151,0
SPY190812P289,2019-08-09,2019-08-09 09:34:00,0.58,0.8923,100,0.57,0.8769,18,0.6,0.923,4,0.575,0.8846,151,0
SPY190812P289,2019-08-09,2019-08-09 09:34:01,0.58,0.8923,354,0.57,0.8769,36,0.6,0.923,4,0.575,0.8846,151,0
SPY190812P289,2019-08-09,2019-08-09 09:34:01,0.58,0.8923,100,0.57,0.8769,41,0.6,0.923,4,0.575,0.8846,151,0
SPY190812P289,2019-08-09,2019-08-09 09:34:02,0.57,0.8769,6,0.56,0.8615,450,0.6,0.923,4,0.565,0.8692,151,0
SPY190812P289,2019-08-09,2019-08-09 09:34:02,0.58,0.8923,406,0.57,0.8769,48,0.6,0.923,4,0.575,0.8846,151,0
SPY190812P289,2019-08-09,2019-08-09 09:34:03,0.58,0.8923,111,0.56,0.8615,766,0.6,0.923,4,0.57,0.8769,151,0
SPY190812P289,2019-08-09,2019-08-09 09:34:03,0.58,0.8923,111,0.56,0.8615,450,0.6,0.923,4,0.57,0.8769,151,0
SPY190812P289,2019-08-09,2019-08-09 09:34:04,0.57,0.8769,100,0.56,0.8615,450,0.6,0.923,4,0.565,0.8692,151,0
SPY190812P289,2019-08-09,2019-08-09 09:34:04,0.58,0.8923,111,0.56,0.8615,450,0.6,0.923,4,0.57,0.8769,151,0
SPY190812P289,2019-08-09,2019-08-09 09:34:05,0.57,0.8769,100,0.56,0.8615,107,0.6,0.923,4,0.565,0.8692,151,0
SPY190812P289,2019-08-09,2019-08-09 09:34:05,0.57,0.8769,605,0.56,0.8615,36,0.6,0.923,4,0.565,0.8692,151,0
SPY190812P289,2019-08-09,2019-08-09 09:34:06,0.56,0.8615,12,0.55,0.8461,237,0.6,0.923,4,0.555,0.8538,151,0
SPY190812P289,2019-08-09,2019-08-09 09:34:06,0.56,0.8615,5,0.55,0.8461,267,0.6,0.923,4,0.555,0.8538,151,0
SPY190812P289,2019-08-09,2019-08-09 09:34:07,0.56,0.8615,5,0.55,0.8461,127,0.6,0.923,4,0.555,0.8538,151,0
SPY190812P289,2019-08-09,2019-08-09 09:34:07,0.56,0.8615,12,0.55,0.8461,246,0.6,0.923,4,0.555,0.8538,151,0
SPY190812P289,2019-08-09,2019-08-09 09:34:08,0.56,0.8615,5,0.55,0.8461,265,0.6,0.923,4,0.555,0.8538,151,0
SPY190812P289,2019-08-09,2019-08-09 09:34:09,0.56,0.8615,5,0.55,0.8461,712,0.6,0.923,4,0.555,0.8538,151,0
SPY190812P289,2019-08-09,2019-08-09 09:34:10,0.56,0.8615,5,0.55,0.8461,928,0.6,0.923,4,0.555,0.8538,151,0
SPY190812P289,2019-08-09,2019-08-09 09:34:10,0.56,0.8615,5,0.55,0.8461,1025,0.6,0.923,4,0.555,0.8538,151,0
SPY190812P289,2019-08-09,2019-08-09 09:34:11,0.57,0.8769,7,0.56,0.8615,36,0.6,0.923,4,0.565,0.8692,151,0
SPY190812P289,2019-08-09,2019-08-09 09:34:11,0.57,0.8769,100,0.56,0.8615,126,0.6,0.923,4,0.565,0.8692,151,0
SPY190812P289,2019-08-09,2019-08-09 09:34:12,0.57,0.8769,273,0.56,0.8615,166,0.6,0.923,4,0.565,0.8692,151,0
SPY190812P289,2019-08-09,2019-08-09 09:34:12,0.57,0.8769,7,0.56,0.8615,160,0.6,0.923,4,0.565,0.8692,151,0
SPY190812P289,2019-08-09,2019-08-09 09:34:13,0.58,0.8923,100,0.56,0.8615,225,0.6,0.923,4,0.57,0.8769,151,0
SPY190812P289,2019-08-09,2019-08-09 09:34:13,0.57,0.8769,165,0.56,0.8615,166,0.6,0.923,4,0.565,0.8692,151,0
SPY190812P289,2019-08-09,2019-08-09 09:34:14,0.58,0.8923,100,0.57,0.8769,51,0.6,0.923,4,0.575,0.8846,151,0
SPY190812P289,2019-08-09,2019-08-09 09:34:15,0.57,0.8769,5,0.56,0.8615,1142,0.6,0.923,4,0.565,0.8692,151,0
SPY190812P289,2019-08-09,2019-08-09 09:34:15,0.57,0.8769,100,0.56,0.8615,1315,0.6,0.923,4,0.565,0.8692,151,0
SPY190812P289,2019-08-09,2019-08-09 09:34:16,0.58,0.8923,301,0.57,0.8769,46,0.6,0.923,4,0.575,0.8846,151,0
SPY190812P289,2019-08-09,2019-08-09 09:34:16,0.58,0.8923,305,0.57,0.8769,36,0.6,0.923,4,0.575,0.8846,151,0
SPY190812P289,2019-08-09,2019-08-09 09:34:17,0.58,0.8923,305,0.57,0.8769,46,0.6,0.923,4,0.575,0.8846,151,0
SPY190812P289,2019-08-09,2019-08-09 09:34:18,0.58,0.8923,275,0.57,0.8769,46,0.6,0.923,4,0.575,0.8846,151,0
SPY190812P289,2019-08-09,2019-08-09 09:34:18,0.58,0.8923,25,0.57,0.8769,130,0.6,0.923,4,0.575,0.8846,151,0
SPY190812P289,2019-08-09,2019-08-09 09:34:19,0.57,0.8769,5,0.56,0.8615,450,0.6,0.923,4,0.565,0.8692,151,0
SPY190812P289,2019-08-09,2019-08-09 09:34:20,0.57,0.8769,5,0.56,0.8615,655,0.6,0.923,4,0.565,0.8692,151,0
SPY190812P289,2019-08-09,2019-08-09 09:34:20,0.57,0.8769,18,0.56,0.8615,655,0.6,0.923,4,0.565,0.8692,151,0
SPY190812P289,2019-08-09,2019-08-09 09:34:21,0.57,0.8769,6,0.56,0.8615,655,0.6,0.923,4,0.565,0.8692,151,0
SPY190812P289,2019-08-09,2019-08-09 09:34:21,0.57,0.8769,18,0.56,0.8615,655,0.6,0.923,4,0.565,0.8692,151,0
SPY190812P289,2019-08-09,2019-08-09 09:34:22,0.57,0.8769,100,0.56,0.8615,171,0.6,0.923,4,0.565,0.8692,151,0
SPY190812P289,2019-08-09,2019-08-09 09:34:22,0.57,0.8769,100,0.56,0.8615,135,0.6,0.923,4,0.565,0.8692,151,0
SPY190812P289,2019-08-09,2019-08-09 09:34:23,0.57,0.8769,100,0.56,0.8615,51,0.6,0.923,4,0.565,0.8692,151,0
SPY190812P289,2019-08-09,2019-08-09 09:34:23,0.57,0.8769,380,0.56,0.8615,33,0.6,0.923,4,0.565,0.8692,151,0
SPY190812P289,2019-08-09,2019-08-09 09:34:24,0.56,0.8615,5,0.55,0.8461,49,0.6,0.923,4,0.555,0.8538,151,0
SPY190812P289,2019-08-09,2019-08-09 09:34:24,0.56,0.8615,100,0.55,0.8461,7,0.6,0.923,4,0.555,0.8538,151,0
SPY190812P289,2019-08-09,2019-08-09 09:34:25,0.56,0.8615,6,0.55,0.8461,51,0.6,0.923,4,0.555,0.8538,151,0
SPY190812P289,2019-08-09,2019-08-09 09:34:25,0.56,0.8615,6,0.55,0.8461,7,0.6,0.923,4,0.555,0.8538,151,0
SPY190812P289,2019-08-09,2019-08-09 09:34:26,0.57,0.8769,180,0.55,0.8461,69,0.6,0.923,4,0.56,0.8615,151,0
SPY190812P289,2019-08-09,2019-08-09 09:34:26,0.57,0.8769,455,0.55,0.8461,450,0.55,0.8461,1,0.56,0.8615,152,1
SPY190812P289,2019-08-09,2019-08-09 09:34:27,0.57,0.8769,260,0.56,0.8615,52,0.55,0.8461,1,0.565,0.8692,152,0
SPY190812P289,2019-08-09,2019-08-09 09:34:27,0.57,0.8769,260,0.56,0.8615,51,0.55,0.8461,1,0.565,0.8692,152,0
SPY190812P289,2019-08-09,2019-08-09 09:34:28,0.57,0.8769,170,0.56,0.8615,56,0.55,0.8461,1,0.565,0.8692,152,0
SPY190812P289,2019-08-09,2019-08-09 09:34:28,0.57,0.8769,170,0.56,0.8615,67,0.55,0.8461,1,0.565,0.8692,152,0
SPY190812P289,2019-08-09,2019-08-09 09:34:29,0.57,0.8769,18,0.56,0.8615,68,0.55,0.8461,1,0.565,0.8692,152,0
SPY190812P289,2019-08-09,2019-08-09 09:34:30,0.57,0.8769,5,0.56,0.8615,315,0.55,0.8461,1,0.565,0.8692,152,0
SPY190812P289,2019-08-09,2019-08-09 09:34:30,0.57,0.8769,5,0.56,0.8615,71,0.55,0.8461,1,0.565,0.8692,152,0
SPY190812P289,2019-08-09,2019-08-09 09:34:31,0.57,0.8769,100,0.56,0.8615,86,0.55,0.8461,1,0.565,0.8692,152,0
SPY190812P289,2019-08-09,2019-08-09 09:34:31,0.57,0.8769,100,0.56,0.8615,71,0.55,0.8461,1,0.565,0.8692,152,0
SPY190812P289,2019-08-09,2019-08-09 09:34:32,0.56,0.8615,5,0.55,0.8461,907,0.55,0.8461,1,0.555,0.8538,152,0
SPY190812P289,2019-08-09,2019-08-09 09:34:32,0.56,0.8615,5,0.55,0.8461,810,0.55,0.8461,1,0.555,0.8538,152,0
SPY190812P289,2019-08-09,2019-08-09 09:34:33,0.57,0.8769,137,0.55,0.8461,327,0.55,0.8461,1,0.56,0.8615,152,0
SPY190812P289,2019-08-09,2019-08-09 09:34:33,0.57,0.8769,137,0.55,0.8461,339,0.55,0.8461,1,0.56,0.8615,152,0
SPY190812P289,2019-08-09,2019-08-09 09:34:34,0.56,0.8615,18,0.55,0.8461,51,0.55,0.8461,1,0.555,0.8538,152,0
SPY190812P289,2019-08-09,2019-08-09 09:34:35,0.56,0.8615,18,0.55,0.8461,46,0.55,0.8461,1,0.555,0.8538,152,0
SPY190812P289,2019-08-09,2019-08-09 09:34:35,0.56,0.8615,18,0.55,0.8461,66,0.55,0.8461,1,0.555,0.8538,152,0
SPY190812P289,2019-08-09,2019-08-09 09:34:36,0.56,0.8615,398,0.55,0.8461,61,0.55,0.8461,1,0.555,0.8538,152,0
SPY190812P289,2019-08-09,2019-08-09 09:34:36,0.56,0.8615,112,0.55,0.8461,68,0.55,0.8461,1,0.555,0.8538,152,0
SPY190812P289,2019-08-09,2019-08-09 09:34:37,0.56,0.8615,398,0.55,0.8461,6,0.55,0.8461,1,0.555,0.8538,152,0
SPY190812P289,2019-08-09,2019-08-09 09:34:37,0.56,0.8615,398,0.55,0.8461,18,0.55,0.8461,1,0.555,0.8538,152,0
SPY190812P289,2019-08-09,2019-08-09 09:34:38,0.56,0.8615,889,0.55,0.8461,6,0.55,0.8461,1,0.555,0.8538,152,0
SPY190812P289,2019-08-09,2019-08-09 09:34:38,0.56,0.8615,1185,0.55,0.8461,6,0.55,0.8461,1,0.555,0.8538,152,0
SPY190812P289,2019-08-09,2019-08-09 09:34:39,0.56,0.8615,994,0.55,0.8461,6,0.55,0.8461,1,0.555,0.8538,152,0
SPY190812P289,2019-08-09,2019-08-09 09:34:39,0.55,0.8461,5,0.54,0.8307,850,0.55,0.8461,1,0.545,0.8384,152,0
SPY190812P289,2019-08-09,2019-08-09 09:34:40,0.55,0.8461,5,0.54,0.8307,850,0.55,0.8461,1,0.545,0.8384,152,0
SPY190812P289,2019-08-09,2019-08-09 09:34:40,0.55,0.8461,5,0.54,0.8307,450,0.55,0.8461,1,0.545,0.8384,152,0
SPY190812P289,2019-08-09,2019-08-09 09:34:41,0.55,0.8461,300,0.54,0.8307,450,0.55,0.8461,1,0.545,0.8384,152,0
SPY190812P289,2019-08-09,2019-08-09 09:34:41,0.55,0.8461,5,0.54,0.8307,757,0.55,0.8461,1,0.545,0.8384,152,0
SPY190812P289,2019-08-09,2019-08-09 09:34:42,0.55,0.8461,620,0.53,0.8153,335,0.55,0.8461,1,0.54,0.8307,152,0
SPY190812P289,2019-08-09,2019-08-09 09:34:42,0.55,0.8461,300,0.54,0.8307,450,0.55,0.8461,1,0.545,0.8384,152,0
SPY190812P289,2019-08-09,2019-08-09 09:34:43,0.55,0.8461,605,0.53,0.8153,335,0.55,0.8461,1,0.54,0.8307,152,0
SPY190812P289,2019-08-09,2019-08-09 09:34:43,0.54,0.8307,6,0.53,0.8153,85,0.55,0.8461,1,0.535,0.823,152,0
SPY190812P289,2019-08-09,2019-08-09 09:34:44,0.54,0.8307,18,0.53,0.8153,127,0.55,0.8461,1,0.535,0.823,152,0
SPY190812P289,2019-08-09,2019-08-09 09:34:45,0.54,0.8307,260,0.53,0.8153,6,0.55,0.8461,1,0.535,0.823,152,0
SPY190812P289,2019-08-09,2019-08-09 09:34:46,0.54,0.8307,100,0.52,0.8,224,0.55,0.8461,1,0.53,0.8153,152,0
SPY190812P289,2019-08-09,2019-08-09 09:34:46,0.54,0.8307,260,0.53,0.8153,6,0.55,0.8461,1,0.535,0.823,152,0
SPY190812P289,2019-08-09,2019-08-09 09:34:47,0.53,0.8153,5,0.52,0.8,193,0.55,0.8461,1,0.525,0.8076,152,0
SPY190812P289,2019-08-09,2019-08-09 09:34:47,0.53,0.8153,5,0.52,0.8,176,0.55,0.8461,1,0.525,0.8076,152,0
SPY190812P289,2019-08-09,2019-08-09 09:34:48,0.54,0.8307,100,0.53,0.8153,41,0.55,0.8461,1,0.535,0.823,152,0
SPY190812P289,2019-08-09,2019-08-09 09:34:49,0.54,0.8307,115,0.53,0.8153,36,0.55,0.8461,1,0.535,0.823,152,0
SPY190812P289,2019-08-09,2019-08-09 09:34:49,0.54,0.8307,275,0.53,0.8153,36,0.55,0.8461,1,0.535,0.823,152,0
SPY190812P289,2019-08-09,2019-08-09 09:34:50,0.55,0.8461,6,0.53,0.8153,36,0.55,0.8461,1,0.54,0.8307,152,0
SPY190812P289,2019-08-09,2019-08-09 09:34:50,0.55,0.8461,415,0.53,0.8153,150,0.55,0.8461,1,0.54,0.8307,152,0
SPY190812P289,2019-08-09,2019-08-09 09:34:51,0.53,0.8153,5,0.52,0.8,518,0.55,0.8461,1,0.525,0.8076,152,0
SPY190812P289,2019-08-09,2019-08-09 09:34:51,0.53,0.8153,18,0.52,0.8,518,0.55,0.8461,1,0.525,0.8076,152,0
SPY190812P289,2019-08-09,2019-08-09 09:34:52,0.53,0.8153,115,0.52,0.8,280,0.55,0.8461,1,0.525,0.8076,152,0
SPY190812P289,2019-08-09,2019-08-09 09:34:52,0.53,0.8153,18,0.52,0.8,518,0.55,0.8461,1,0.525,0.8076,152,0
SPY190812P289,2019-08-09,2019-08-09 09:34:53,0.53,0.8153,115,0.52,0.8,405,0.55,0.8461,1,0.525,0.8076,152,0
SPY190812P289,2019-08-09,2019-08-09 09:34:53,0.53,0.8153,162,0.52,0.8,523,0.55,0.8461,1,0.525,0.8076,152,0
SPY190812P289,2019-08-09,2019-08-09 09:34:54,0.53,0.8153,162,0.52,0.8,164,0.55,0.8461,1,0.525,0.8076,152,0
SPY190812P289,2019-08-09,2019-08-09 09:34:55,0.53,0.8153,150,0.52,0.8,520,0.55,0.8461,1,0.525,0.8076,152,0
SPY190812P289,2019-08-09,2019-08-09 09:34:55,0.53,0.8153,162,0.52,0.8,520,0.55,0.8461,1,0.525,0.8076,152,0
SPY190812P289,2019-08-09,2019-08-09 09:34:56,0.53,0.8153,165,0.52,0.8,7,0.55,0.8461,1,0.525,0.8076,152,0
SPY190812P289,2019-08-09,2019-08-09 09:34:57,0.53,0.8153,152,0.52,0.8,1,0.55,0.8461,1,0.525,0.8076,152,0
SPY190812P289,2019-08-09,2019-08-09 09:34:58,0.53,0.8153,275,0.52,0.8,1,0.52,0.8,1,0.525,0.8076,153,1
SPY190812P289,2019-08-09,2019-08-09 09:34:59,0.53,0.8153,260,0.52,0.8,126,0.52,0.8,1,0.525,0.8076,153,0
SPY190812P289,2019-08-09,2019-08-09 09:34:59,0.53,0.8153,305,0.52,0.8,36,0.52,0.8,1,0.525,0.8076,153,0
SPY190812P289,2019-08-09,2019-08-09 09:35:00,0.53,0.8153,282,0.52,0.8,7,0.52,0.8,1,0.525,0.8076,153,0
SPY190812P289,2019-08-09,2019-08-09 09:35:00,0.53,0.8153,282,0.52,0.8,36,0.52,0.8,1,0.525,0.8076,153,0
SPY190812P289,2019-08-09,2019-08-09 09:35:01,0.53,0.8153,282,0.52,0.8,36,0.52,0.8,1,0.525,0.8076,153,0
SPY190812P289,2019-08-09,2019-08-09 09:35:02,0.53,0.8153,282,0.52,0.8,174,0.52,0.8,1,0.525,0.8076,153,0
SPY190812P289,2019-08-09,2019-08-09 09:35:02,0.53,0.8153,100,0.52,0.8,156,0.52,0.8,1,0.525,0.8076,153,0
SPY190812P289,2019-08-09,2019-08-09 09:35:03,0.54,0.8307,302,0.52,0.8,335,0.52,0.8,1,0.53,0.8153,153,0
SPY190812P289,2019-08-09,2019-08-09 09:35:05,0.53,0.8153,5,0.52,0.8,1565,0.52,0.8,1,0.525,0.8076,153,0
SPY190812P289,2019-08-09,2019-08-09 09:35:06,0.54,0.8307,254,0.53,0.8153,216,0.52,0.8,1,0.535,0.823,153,0
SPY190812P289,2019-08-09,2019-08-09 09:35:07,0.54,0.8307,229,0.53,0.8153,118,0.52,0.8,1,0.535,0.823,153,0
SPY190812P289,2019-08-09,2019-08-09 09:35:07,0.54,0.8307,254,0.53,0.8153,117,0.52,0.8,1,0.535,0.823,153,0
SPY190812P289,2019-08-09,2019-08-09 09:35:08,0.54,0.8307,71,0.52,0.8,1196,0.52,0.8,1,0.53,0.8153,153,0
SPY190812P289,2019-08-09,2019-08-09 09:35:08,0.54,0.8307,254,0.53,0.8153,117,0.52,0.8,1,0.535,0.823,153,0
SPY190812P289,2019-08-09,2019-08-09 09:35:09,0.54,0.8307,100,0.53,0.8153,463,0.52,0.8,1,0.535,0.823,153,0
SPY190812P289,2019-08-09,2019-08-09 09:35:09,0.54,0.8307,71,0.53,0.8153,42,0.52,0.8,1,0.535,0.823,153,0
SPY190812P289,2019-08-09,2019-08-09 09:35:10,0.54,0.8307,5,0.53,0.8153,780,0.52,0.8,1,0.535,0.823,153,0
SPY190812P289,2019-08-09,2019-08-09 09:35:11,0.54,0.8307,35,0.53,0.8153,282,0.52,0.8,1,0.535,0.823,153,0
SPY190812P289,2019-08-09,2019-08-09 09:35:11,0.54,0.8307,35,0.53,0.8153,958,0.52,0.8,1,0.535,0.823,153,0
SPY190812P289,2019-08-09,2019-08-09 09:35:12,0.54,0.8307,282,0.53,0.8153,121,0.52,0.8,1,0.535,0.823,153,0
SPY190812P289,2019-08-09,2019-08-09 09:35:12,0.53,0.8153,5,0.52,0.8,296,0.52,0.8,1,0.525,0.8076,153,0
SPY190812P289,2019-08-09,2019-08-09 09:35:13,0.53,0.8153,1,0.52,0.8,345,0.52,0.8,1,0.525,0.8076,153,0
SPY190812P289,2019-08-09,2019-08-09 09:35:13,0.54,0.8307,431,0.52,0.8,562,0.52,0.8,1,0.53,0.8153,153,0
SPY190812P289,2019-08-09,2019-08-09 09:35:14,0.53,0.8153,288,0.52,0.8,44,0.52,0.8,1,0.525,0.8076,153,0
SPY190812P289,2019-08-09,2019-08-09 09:35:14,0.53,0.8153,288,0.52,0.8,50,0.52,0.8,1,0.525,0.8076,153,0
SPY190812P289,2019-08-09,2019-08-09 09:35:15,0.53,0.8153,18,0.52,0.8,161,0.52,0.8,1,0.525,0.8076,153,0
SPY190812P289,2019-08-09,2019-08-09 09:35:16,0.53,0.8153,303,0.52,0.8,48,0.52,0.8,1,0.525,0.8076,153,0
SPY190812P289,2019-08-09,2019-08-09 09:35:17,0.53,0.8153,89,0.52,0.8,36,0.52,0.8,1,0.525,0.8076,153,0
SPY190812P289,2019-08-09,2019-08-09 09:35:17,0.53,0.8153,303,0.52,0.8,48,0.52,0.8,1,0.525,0.8076,153,0
SPY190812P289,2019-08-09,2019-08-09 09:35:18,0.53,0.8153,360,0.51,0.7846,770,0.52,0.8,1,0.52,0.8,153,0
SPY190812P289,2019-08-09,2019-08-09 09:35:18,0.52,0.8,12,0.51,0.7846,466,0.52,0.8,1,0.515,0.7923,153,0
SPY190812P289,2019-08-09,2019-08-09 09:35:19,0.52,0.8,6,0.51,0.7846,450,0.52,0.8,1,0.515,0.7923,153,0
SPY190812P289,2019-08-09,2019-08-09 09:35:19,0.52,0.8,5,0.51,0.7846,840,0.52,0.8,1,0.515,0.7923,153,0
SPY190812P289,2019-08-09,2019-08-09 09:35:20,0.53,0.8153,366,0.51,0.7846,1110,0.52,0.8,1,0.52,0.8,153,0
SPY190812P289,2019-08-09,2019-08-09 09:35:20,0.53,0.8153,421,0.51,0.7846,1110,0.52,0.8,1,0.52,0.8,153,0
SPY190812P289,2019-08-09,2019-08-09 09:35:21,0.53,0.8153,40,0.52,0.8,36,0.52,0.8,1,0.525,0.8076,153,0
SPY190812P289,2019-08-09,2019-08-09 09:35:21,0.53,0.8153,301,0.52,0.8,41,0.52,0.8,1,0.525,0.8076,153,0
SPY190812P289,2019-08-09,2019-08-09 09:35:22,0.53,0.8153,301,0.52,0.8,156,0.52,0.8,1,0.525,0.8076,153,0
SPY190812P289,2019-08-09,2019-08-09 09:35:23,0.52,0.8,5,0.51,0.7846,1803,0.52,0.8,1,0.515,0.7923,153,0
SPY190812P289,2019-08-09,2019-08-09 09:35:24,0.52,0.8,5,0.52,0.8,36,0.52,0.8,1,0.52,0.8,153,0
SPY190812P289,2019-08-09,2019-08-09 09:35:25,0.53,0.8153,396,0.52,0.8,36,0.52,0.8,1,0.525,0.8076,153,0
SPY190812P289,2019-08-09,2019-08-09 09:35:25,0.53,0.8153,427,0.51,0.7846,1189,0.52,0.8,1,0.52,0.8,153,0
SPY190812P289,2019-08-09,2019-08-09 09:35:26,0.52,0.8,5,0.51,0.7846,1130,0.52,0.8,1,0.515,0.7923,153,0
SPY190812P289,2019-08-09,2019-08-09 09:35:26,0.52,0.8,5,0.52,0.8,36,0.52,0.8,1,0.52,0.8,153,0
SPY190812P289,2019-08-09,2019-08-09 09:35:27,0.52,0.8,5,0.51,0.7846,680,0.52,0.8,1,0.515,0.7923,153,0
SPY190812P289,2019-08-09,2019-08-09 09:35:27,0.52,0.8,5,0.51,0.7846,1130,0.52,0.8,1,0.515,0.7923,153,0
SPY190812P289,2019-08-09,2019-08-09 09:35:28,0.52,0.8,5,0.51,0.7846,631,0.52,0.8,1,0.515,0.7923,153,0
SPY190812P289,2019-08-09,2019-08-09 09:35:28,0.52,0.8,62,0.51,0.7846,574,0.52,0.8,1,0.515,0.7923,153,0
SPY190812P289,2019-08-09,2019-08-09 09:35:29,0.52,0.8,5,0.51,0.7846,666,0.52,0.8,1,0.515,0.7923,153,0
SPY190812P289,2019-08-09,2019-08-09 09:35:29,0.52,0.8,51,0.51,0.7846,574,0.52,0.8,1,0.515,0.7923,153,0
SPY190812P289,2019-08-09,2019-08-09 09:35:30,0.52,0.8,14,0.51,0.7846,621,0.52,0.8,1,0.515,0.7923,153,0
SPY190812P289,2019-08-09,2019-08-09 09:35:30,0.52,0.8,154,0.51,0.7846,486,0.52,0.8,1,0.515,0.7923,153,0
SPY190812P289,2019-08-09,2019-08-09 09:35:31,0.52,0.8,115,0.51,0.7846,486,0.52,0.8,1,0.515,0.7923,153,0
SPY190812P289,2019-08-09,2019-08-09 09:35:31,0.52,0.8,154,0.51,0.7846,486,0.52,0.8,1,0.515,0.7923,153,0
SPY190812P289,2019-08-09,2019-08-09 09:35:32,0.52,0.8,284,0.51,0.7846,2,0.52,0.8,1,0.515,0.7923,153,0
SPY190812P289,2019-08-09,2019-08-09 09:35:32,0.52,0.8,284,0.51,0.7846,8,0.52,0.8,1,0.515,0.7923,153,0
SPY190812P289,2019-08-09,2019-08-09 09:35:33,0.52,0.8,284,0.51,0.7846,8,0.52,0.8,1,0.515,0.7923,153,0
SPY190812P289,2019-08-09,2019-08-09 09:35:34,0.52,0.8,284,0.51,0.7846,14,0.52,0.8,1,0.515,0.7923,153,0
SPY190812P289,2019-08-09,2019-08-09 09:35:34,0.52,0.8,284,0.51,0.7846,20,0.52,0.8,1,0.515,0.7923,153,0
SPY190812P289,2019-08-09,2019-08-09 09:35:35,0.52,0.8,302,0.51,0.7846,36,0.52,0.8,1,0.515,0.7923,153,0
SPY190812P289,2019-08-09,2019-08-09 09:35:35,0.52,0.8,302,0.51,0.7846,20,0.52,0.8,1,0.515,0.7923,153,0
SPY190812P289,2019-08-09,2019-08-09 09:35:36,0.52,0.8,329,0.51,0.7846,36,0.52,0.8,1,0.515,0.7923,153,0
SPY190812P289,2019-08-09,2019-08-09 09:35:36,0.52,0.8,302,0.51,0.7846,36,0.52,0.8,1,0.515,0.7923,153,0
SPY190812P289,2019-08-09,2019-08-09 09:35:37,0.52,0.8,314,0.51,0.7846,36,0.52,0.8,1,0.515,0.7923,153,0
SPY190812P289,2019-08-09,2019-08-09 09:35:37,0.52,0.8,385,0.51,0.7846,36,0.52,0.8,1,0.515,0.7923,153,0
SPY190812P289,2019-08-09,2019-08-09 09:35:38,0.52,0.8,34,0.51,0.7846,2,0.52,0.8,1,0.515,0.7923,153,0
SPY190812P289,2019-08-09,2019-08-09 09:35:38,0.52,0.8,49,0.51,0.7846,36,0.52,0.8,1,0.515,0.7923,153,0
SPY190812P289,2019-08-09,2019-08-09 09:35:39,0.52,0.8,389,0.51,0.7846,36,0.52,0.8,1,0.515,0.7923,153,0
SPY190812P289,2019-08-09,2019-08-09 09:35:39,0.52,0.8,336,0.51,0.7846,36,0.52,0.8,1,0.515,0.7923,153,0
SPY190812P289,2019-08-09,2019-08-09 09:35:40,0.52,0.8,318,0.51,0.7846,36,0.52,0.8,1,0.515,0.7923,153,0
SPY190812P289,2019-08-09,2019-08-09 09:35:40,0.52,0.8,374,0.51,0.7846,2,0.52,0.8,1,0.515,0.7923,153,0
SPY190812P289,2019-08-09,2019-08-09 09:35:41,0.52,0.8,318,0.51,0.7846,2,0.52,0.8,1,0.515,0.7923,153,0
SPY190812P289,2019-08-09,2019-08-09 09:35:42,0.52,0.8,318,0.51,0.7846,3,0.52,0.8,1,0.515,0.7923,153,0
SPY190812P289,2019-08-09,2019-08-09 09:35:42,0.52,0.8,501,0.51,0.7846,3,0.52,0.8,1,0.515,0.7923,153,0
SPY190812P289,2019-08-09,2019-08-09 09:35:43,0.52,0.8,713,0.51,0.7846,3,0.52,0.8,1,0.515,0.7923,153,0
SPY190812P289,2019-08-09,2019-08-09 09:35:44,0.52,0.8,446,0.51,0.7846,36,0.52,0.8,1,0.515,0.7923,153,0
SPY190812P289,2019-08-09,2019-08-09 09:35:44,0.52,0.8,431,0.51,0.7846,36,0.52,0.8,1,0.515,0.7923,153,0
SPY190812P289,2019-08-09,2019-08-09 09:35:45,0.52,0.8,255,0.51,0.7846,36,0.52,0.8,1,0.515,0.7923,153,0
SPY190812P289,2019-08-09,2019-08-09 09:35:45,0.52,0.8,255,0.51,0.7846,134,0.52,0.8,1,0.515,0.7923,153,0
SPY190812P289,2019-08-09,2019-08-09 09:35:46,0.52,0.8,275,0.51,0.7846,134,0.52,0.8,1,0.515,0.7923,153,0
SPY190812P289,2019-08-09,2019-08-09 09:35:46,0.52,0.8,255,0.51,0.7846,134,0.52,0.8,1,0.515,0.7923,153,0
SPY190812P289,2019-08-09,2019-08-09 09:35:47,0.52,0.8,275,0.51,0.7846,185,0.52,0.8,1,0.515,0.7923,153,0
SPY190812P289,2019-08-09,2019-08-09 09:35:48,0.52,0.8,100,0.51,0.7846,2,0.52,0.8,1,0.515,0.7923,153,0
SPY190812P289,2019-08-09,2019-08-09 09:35:48,0.52,0.8,325,0.51,0.7846,2,0.52,0.8,1,0.515,0.7923,153,0
SPY190812P289,2019-08-09,2019-08-09 09:35:49,0.52,0.8,398,0.51,0.7846,2,0.52,0.8,1,0.515,0.7923,153,0
SPY190812P289,2019-08-09,2019-08-09 09:35:49,0.52,0.8,291,0.51,0.7846,2,0.52,0.8,1,0.515,0.7923,153,0
SPY190812P289,2019-08-09,2019-08-09 09:35:50,0.52,0.8,811,0.51,0.7846,2,0.52,0.8,1,0.515,0.7923,153,0
SPY190812P289,2019-08-09,2019-08-09 09:35:50,0.52,0.8,733,0.51,0.7846,2,0.52,0.8,1,0.515,0.7923,153,0
SPY190812P289,2019-08-09,2019-08-09 09:35:51,0.52,0.8,1127,0.51,0.7846,2,0.52,0.8,1,0.515,0.7923,153,0
SPY190812P289,2019-08-09,2019-08-09 09:35:52,0.52,0.8,711,0.51,0.7846,2,0.52,0.8,1,0.515,0.7923,153,0
SPY190812P289,2019-08-09,2019-08-09 09:35:52,0.52,0.8,662,0.51,0.7846,2,0.52,0.8,1,0.515,0.7923,153,0
SPY190812P289,2019-08-09,2019-08-09 09:35:53,0.52,0.8,711,0.51,0.7846,2,0.52,0.8,1,0.515,0.7923,153,0
SPY190812P289,2019-08-09,2019-08-09 09:35:53,0.52,0.8,806,0.51,0.7846,2,0.52,0.8,1,0.515,0.7923,153,0
SPY190812P289,2019-08-09,2019-08-09 09:35:54,0.52,0.8,878,0.51,0.7846,2,0.52,0.8,1,0.515,0.7923,153,0
SPY190812P289,2019-08-09,2019-08-09 09:35:54,0.52,0.8,603,0.51,0.7846,2,0.52,0.8,1,0.515,0.7923,154,1
SPY190812P289,2019-08-09,2019-08-09 09:35:55,0.52,0.8,876,0.51,0.7846,2,0.52,0.8,1,0.515,0.7923,154,0
SPY190812P289,2019-08-09,2019-08-09 09:35:56,0.52,0.8,444,0.51,0.7846,2,0.52,0.8,1,0.515,0.7923,154,0
SPY190812P289,2019-08-09,2019-08-09 09:35:56,0.52,0.8,624,0.51,0.7846,2,0.52,0.8,1,0.515,0.7923,154,0
SPY190812P289,2019-08-09,2019-08-09 09:35:57,0.52,0.8,354,0.51,0.7846,2,0.52,0.8,1,0.515,0.7923,154,0
SPY190812P289,2019-08-09,2019-08-09 09:35:57,0.52,0.8,394,0.51,0.7846,2,0.52,0.8,1,0.515,0.7923,154,0
SPY190812P289,2019-08-09,2019-08-09 09:35:58,0.52,0.8,357,0.51,0.7846,14,0.52,0.8,1,0.515,0.7923,154,0
SPY190812P289,2019-08-09,2019-08-09 09:35:58,0.52,0.8,354,0.51,0.7846,14,0.52,0.8,1,0.515,0.7923,154,0
SPY190812P289,2019-08-09,2019-08-09 09:35:59,0.52,0.8,612,0.51,0.7846,2,0.52,0.8,1,0.515,0.7923,154,0
SPY190812P289,2019-08-09,2019-08-09 09:35:59,0.52,0.8,795,0.51,0.7846,2,0.52,0.8,1,0.515,0.7923,154,0
SPY190812P289,2019-08-09,2019-08-09 09:36:00,0.52,0.8,795,0.51,0.7846,2,0.52,0.8,1,0.515,0.7923,154,0
SPY190812P289,2019-08-09,2019-08-09 09:36:00,0.52,0.8,843,0.51,0.7846,2,0.52,0.8,1,0.515,0.7923,154,0
SPY190812P289,2019-08-09,2019-08-09 09:36:01,0.52,0.8,856,0.51,0.7846,2,0.52,0.8,1,0.515,0.7923,154,0
SPY190812P289,2019-08-09,2019-08-09 09:36:01,0.52,0.8,520,0.51,0.7846,2,0.52,0.8,1,0.515,0.7923,154,0
SPY190812P289,2019-08-09,2019-08-09 09:36:02,0.52,0.8,856,0.51,0.7846,2,0.52,0.8,1,0.515,0.7923,154,0
SPY190812P289,2019-08-09,2019-08-09 09:36:02,0.52,0.8,712,0.51,0.7846,3,0.52,0.8,1,0.515,0.7923,154,0
SPY190812P289,2019-08-09,2019-08-09 09:36:03,0.52,0.8,2304,0.51,0.7846,2,0.52,0.8,1,0.515,0.7923,154,0
SPY190812P289,2019-08-09,2019-08-09 09:36:03,0.52,0.8,903,0.51,0.7846,2,0.52,0.8,1,0.515,0.7923,154,0
SPY190812P289,2019-08-09,2019-08-09 09:36:04,0.51,0.7846,105,0.51,0.7846,2,0.51,0.7846,2,0.51,0.7846,157,3
SPY190812P289,2019-08-09,2019-08-09 09:36:05,0.51,0.7846,105,0.49,0.7538,2078,0.51,0.7846,2,0.5,0.7692,157,0
SPY190812P289,2019-08-09,2019-08-09 09:36:05,0.51,0.7846,124,0.5,0.7692,36,0.51,0.7846,2,0.505,0.7769,157,0
SPY190812P289,2019-08-09,2019-08-09 09:36:06,0.51,0.7846,392,0.5,0.7692,49,0.51,0.7846,2,0.505,0.7769,157,0
SPY190812P289,2019-08-09,2019-08-09 09:36:06,0.51,0.7846,343,0.49,0.7538,575,0.51,0.7846,2,0.5,0.7692,157,0
SPY190812P289,2019-08-09,2019-08-09 09:36:07,0.51,0.7846,360,0.5,0.7692,46,0.51,0.7846,2,0.505,0.7769,157,0
SPY190812P289,2019-08-09,2019-08-09 09:36:07,0.51,0.7846,345,0.49,0.7538,1738,0.51,0.7846,2,0.5,0.7692,157,0
SPY190812P289,2019-08-09,2019-08-09 09:36:08,0.51,0.7846,567,0.5,0.7692,36,0.51,0.7846,2,0.505,0.7769,157,0
SPY190812P289,2019-08-09,2019-08-09 09:36:08,0.51,0.7846,360,0.5,0.7692,36,0.51,0.7846,2,0.505,0.7769,157,0
SPY190812P289,2019-08-09,2019-08-09 09:36:09,0.51,0.7846,567,0.49,0.7538,2187,0.51,0.7846,2,0.5,0.7692,157,0
SPY190812P289,2019-08-09,2019-08-09 09:36:09,0.51,0.7846,567,0.5,0.7692,36,0.51,0.7846,2,0.505,0.7769,157,0
SPY190812P289,2019-08-09,2019-08-09 09:36:10,0.51,0.7846,5,0.5,0.7692,391,0.51,0.7846,2,0.505,0.7769,157,0
SPY190812P289,2019-08-09,2019-08-09 09:36:10,0.51,0.7846,258,0.5,0.7692,464,0.51,0.7846,2,0.505,0.7769,157,0
SPY190812P289,2019-08-09,2019-08-09 09:36:11,0.51,0.7846,258,0.5,0.7692,391,0.51,0.7846,2,0.505,0.7769,157,0
SPY190812P289,2019-08-09,2019-08-09 09:36:11,0.51,0.7846,258,0.5,0.7692,462,0.51,0.7846,2,0.505,0.7769,157,0
SPY190812P289,2019-08-09,2019-08-09 09:36:12,0.52,0.8,299,0.51,0.7846,544,0.51,0.7846,2,0.515,0.7923,157,0
SPY190812P289,2019-08-09,2019-08-09 09:36:12,0.52,0.8,324,0.5,0.7692,1406,0.51,0.7846,2,0.51,0.7846,157,0
SPY190812P289,2019-08-09,2019-08-09 09:36:13,0.52,0.8,302,0.51,0.7846,651,0.51,0.7846,2,0.515,0.7923,157,0
SPY190812P289,2019-08-09,2019-08-09 09:36:13,0.52,0.8,302,0.51,0.7846,544,0.51,0.7846,2,0.515,0.7923,157,0
SPY190812P289,2019-08-09,2019-08-09 09:36:14,0.52,0.8,5,0.51,0.7846,348,0.51,0.7846,2,0.515,0.7923,157,0
SPY190812P289,2019-08-09,2019-08-09 09:36:14,0.52,0.8,5,0.51,0.7846,651,0.51,0.7846,2,0.515,0.7923,157,0
SPY190812P289,2019-08-09,2019-08-09 09:36:15,0.52,0.8,100,0.51,0.7846,759,0.51,0.7846,2,0.515,0.7923,157,0
SPY190812P289,2019-08-09,2019-08-09 09:36:15,0.52,0.8,5,0.51,0.7846,348,0.51,0.7846,2,0.515,0.7923,157,0
SPY190812P289,2019-08-09,2019-08-09 09:36:16,0.52,0.8,5,0.51,0.7846,1115,0.51,0.7846,2,0.515,0.7923,157,0
SPY190812P289,2019-08-09,2019-08-09 09:36:16,0.52,0.8,100,0.51,0.7846,1182,0.51,0.7846,2,0.515,0.7923,157,0
SPY190812P289,2019-08-09,2019-08-09 09:36:17,0.53,0.8153,293,0.51,0.7846,1503,0.51,0.7846,2,0.52,0.8,157,0
SPY190812P289,2019-08-09,2019-08-09 09:36:17,0.53,0.8153,293,0.52,0.8,37,0.51,0.7846,2,0.525,0.8076,157,0
SPY190812P289,2019-08-09,2019-08-09 09:36:18,0.53,0.8153,5,0.52,0.8,441,0.51,0.7846,2,0.525,0.8076,157,0
SPY190812P289,2019-08-09,2019-08-09 09:36:18,0.52,0.8,5,0.51,0.7846,1470,0.51,0.7846,2,0.515,0.7923,157,0
SPY190812P289,2019-08-09,2019-08-09 09:36:19,0.53,0.8153,274,0.52,0.8,1235,0.51,0.7846,2,0.525,0.8076,157,0
SPY190812P289,2019-08-09,2019-08-09 09:36:19,0.53,0.8153,5,0.52,0.8,2337,0.51,0.7846,2,0.525,0.8076,157,0
SPY190812P289,2019-08-09,2019-08-09 09:36:20,0.53,0.8153,5,0.52,0.8,892,0.51,0.7846,2,0.525,0.8076,157,0
SPY190812P289,2019-08-09,2019-08-09 09:36:20,0.53,0.8153,9,0.52,0.8,892,0.51,0.7846,2,0.525,0.8076,157,0
SPY190812P289,2019-08-09,2019-08-09 09:36:21,0.53,0.8153,104,0.52,0.8,892,0.51,0.7846,2,0.525,0.8076,157,0
SPY190812P289,2019-08-09,2019-08-09 09:36:21,0.53,0.8153,296,0.52,0.8,521,0.51,0.7846,2,0.525,0.8076,157,0
SPY190812P289,2019-08-09,2019-08-09 09:36:22,0.53,0.8153,296,0.52,0.8,521,0.51,0.7846,2,0.525,0.8076,157,0
SPY190812P289,2019-08-09,2019-08-09 09:36:22,0.53,0.8153,25,0.52,0.8,590,0.51,0.7846,2,0.525,0.8076,157,0
SPY190812P289,2019-08-09,2019-08-09 09:36:23,0.53,0.8153,3,0.52,0.8,2046,0.51,0.7846,2,0.525,0.8076,157,0
SPY190812P289,2019-08-09,2019-08-09 09:36:23,0.53,0.8153,3,0.52,0.8,1181,0.51,0.7846,2,0.525,0.8076,157,0
SPY190812P289,2019-08-09,2019-08-09 09:36:24,0.53,0.8153,3,0.52,0.8,2046,0.51,0.7846,2,0.525,0.8076,157,0
SPY190812P289,2019-08-09,2019-08-09 09:36:24,0.54,0.8307,102,0.53,0.8153,299,0.53,0.8153,3,0.535,0.823,160,3
SPY190812P289,2019-08-09,2019-08-09 09:36:25,0.54,0.8307,100,0.53,0.8153,263,0.53,0.8153,3,0.535,0.823,160,0
SPY190812P289,2019-08-09,2019-08-09 09:36:25,0.55,0.8461,157,0.53,0.8153,334,0.53,0.8153,3,0.54,0.8307,160,0
SPY190812P289,2019-08-09,2019-08-09 09:36:26,0.55,0.8461,65,0.54,0.8307,573,0.53,0.8153,3,0.545,0.8384,160,0
SPY190812P289,2019-08-09,2019-08-09 09:36:26,0.55,0.8461,165,0.53,0.8153,468,0.53,0.8153,3,0.54,0.8307,160,0
SPY190812P289,2019-08-09,2019-08-09 09:36:27,0.54,0.8307,18,0.53,0.8153,136,0.53,0.8153,3,0.535,0.823,160,0
SPY190812P289,2019-08-09,2019-08-09 09:36:27,0.54,0.8307,6,0.53,0.8153,136,0.53,0.8153,3,0.535,0.823,160,0
SPY190812P289,2019-08-09,2019-08-09 09:36:28,0.54,0.8307,247,0.53,0.8153,136,0.53,0.8153,3,0.535,0.823,160,0
SPY190812P289,2019-08-09,2019-08-09 09:36:28,0.54,0.8307,100,0.53,0.8153,36,0.53,0.8153,3,0.535,0.823,160,0
SPY190812P289,2019-08-09,2019-08-09 09:36:29,0.53,0.8153,6,0.53,0.8153,18,0.53,0.8153,3,0.53,0.8153,160,0
SPY190812P289,2019-08-09,2019-08-09 09:36:30,0.54,0.8307,747,0.53,0.8153,18,0.53,0.8153,3,0.535,0.823,160,0
SPY190812P289,2019-08-09,2019-08-09 09:36:30,0.53,0.8153,120,0.51,0.7846,536,0.53,0.8153,3,0.52,0.8,160,0
SPY190812P289,2019-08-09,2019-08-09 09:36:31,0.53,0.8153,333,0.51,0.7846,240,0.53,0.8153,3,0.52,0.8,160,0
SPY190812P289,2019-08-09,2019-08-09 09:36:31,0.53,0.8153,106,0.51,0.7846,6,0.53,0.8153,3,0.52,0.8,160,0
SPY190812P289,2019-08-09,2019-08-09 09:36:32,0.53,0.8153,298,0.51,0.7846,296,0.53,0.8153,3,0.52,0.8,160,0
SPY190812P289,2019-08-09,2019-08-09 09:36:32,0.53,0.8153,534,0.51,0.7846,296,0.53,0.8153,2,0.52,0.8,162,2
SPY190812P289,2019-08-09,2019-08-09 09:36:33,0.52,0.8,380,0.52,0.8,18,0.53,0.8153,2,0.52,0.8,162,0
SPY190812P289,2019-08-09,2019-08-09 09:36:33,0.52,0.8,12,0.52,0.8,18,0.53,0.8153,2,0.52,0.8,162,0
SPY190812P289,2019-08-09,2019-08-09 09:36:34,0.52,0.8,440,0.51,0.7846,6,0.53,0.8153,2,0.515,0.7923,162,0
SPY190812P289,2019-08-09,2019-08-09 09:36:34,0.52,0.8,380,0.52,0.8,18,0.53,0.8153,2,0.52,0.8,162,0
SPY190812P289,2019-08-09,2019-08-09 09:36:35,0.51,0.7846,5,0.5,0.7692,138,0.53,0.8153,2,0.505,0.7769,162,0
SPY190812P289,2019-08-09,2019-08-09 09:36:35,0.52,0.8,474,0.5,0.7692,468,0.53,0.8153,2,0.51,0.7846,162,0
SPY190812P289,2019-08-09,2019-08-09 09:36:36,0.51,0.7846,5,0.5,0.7692,138,0.53,0.8153,2,0.505,0.7769,162,0
SPY190812P289,2019-08-09,2019-08-09 09:36:37,0.51,0.7846,275,0.5,0.7692,58,0.53,0.8153,2,0.505,0.7769,162,0
SPY190812P289,2019-08-09,2019-08-09 09:36:37,0.51,0.7846,275,0.5,0.7692,43,0.53,0.8153,2,0.505,0.7769,162,0
SPY190812P289,2019-08-09,2019-08-09 09:36:38,0.51,0.7846,275,0.5,0.7692,32,0.53,0.8153,2,0.505,0.7769,162,0
SPY190812P289,2019-08-09,2019-08-09 09:36:39,0.51,0.7846,519,0.5,0.7692,36,0.53,0.8153,2,0.505,0.7769,162,0
SPY190812P289,2019-08-09,2019-08-09 09:36:39,0.51,0.7846,375,0.5,0.7692,33,0.53,0.8153,2,0.505,0.7769,162,0
SPY190812P289,2019-08-09,2019-08-09 09:36:40,0.51,0.7846,141,0.5,0.7692,36,0.53,0.8153,2,0.505,0.7769,162,0
SPY190812P289,2019-08-09,2019-08-09 09:36:40,0.51,0.7846,519,0.5,0.7692,36,0.53,0.8153,2,0.505,0.7769,162,0
SPY190812P289,2019-08-09,2019-08-09 09:36:41,0.51,0.7846,100,0.49,0.7538,1861,0.53,0.8153,2,0.5,0.7692,162,0
SPY190812P289,2019-08-09,2019-08-09 09:36:41,0.51,0.7846,100,0.5,0.7692,61,0.53,0.8153,2,0.505,0.7769,162,0
SPY190812P289,2019-08-09,2019-08-09 09:36:42,0.51,0.7846,141,0.49,0.7538,1633,0.53,0.8153,2,0.5,0.7692,162,0
SPY190812P289,2019-08-09,2019-08-09 09:36:42,0.51,0.7846,275,0.49,0.7538,1091,0.53,0.8153,2,0.5,0.7692,162,0
SPY190812P289,2019-08-09,2019-08-09 09:36:43,0.5,0.7692,5,0.49,0.7538,1397,0.53,0.8153,2,0.495,0.7615,162,0
SPY190812P289,2019-08-09,2019-08-09 09:36:43,0.5,0.7692,5,0.49,0.7538,1829,0.53,0.8153,2,0.495,0.7615,162,0
SPY190812P289,2019-08-09,2019-08-09 09:36:44,0.51,0.7846,530,0.5,0.7692,1,0.53,0.8153,2,0.505,0.7769,162,0
SPY190812P289,2019-08-09,2019-08-09 09:36:44,0.5,0.7692,5,0.49,0.7538,1588,0.53,0.8153,2,0.495,0.7615,162,0
SPY190812P289,2019-08-09,2019-08-09 09:36:45,0.51,0.7846,515,0.5,0.7692,37,0.53,0.8153,2,0.505,0.7769,162,0
SPY190812P289,2019-08-09,2019-08-09 09:36:45,0.51,0.7846,515,0.5,0.7692,36,0.53,0.8153,2,0.505,0.7769,162,0
SPY190812P289,2019-08-09,2019-08-09 09:36:46,0.5,0.7692,12,0.49,0.7538,383,0.53,0.8153,2,0.495,0.7615,162,0
SPY190812P289,2019-08-09,2019-08-09 09:36:46,0.5,0.7692,5,0.5,0.7692,36,0.53,0.8153,2,0.5,0.7692,162,0
SPY190812P289,2019-08-09,2019-08-09 09:36:47,0.5,0.7692,94,0.49,0.7538,633,0.53,0.8153,2,0.495,0.7615,162,0
SPY190812P289,2019-08-09,2019-08-09 09:36:47,0.5,0.7692,5,0.49,0.7538,633,0.53,0.8153,2,0.495,0.7615,162,0
SPY190812P289,2019-08-09,2019-08-09 09:36:48,0.5,0.7692,5,0.49,0.7538,633,0.53,0.8153,2,0.495,0.7615,162,0
SPY190812P289,2019-08-09,2019-08-09 09:36:48,0.5,0.7692,5,0.49,0.7538,689,0.53,0.8153,2,0.495,0.7615,162,0
SPY190812P289,2019-08-09,2019-08-09 09:36:49,0.5,0.7692,100,0.49,0.7538,689,0.53,0.8153,2,0.495,0.7615,162,0
SPY190812P289,2019-08-09,2019-08-09 09:36:49,0.5,0.7692,5,0.49,0.7538,689,0.53,0.8153,2,0.495,0.7615,162,0
SPY190812P289,2019-08-09,2019-08-09 09:36:50,0.5,0.7692,152,0.49,0.7538,1031,0.53,0.8153,2,0.495,0.7615,162,0
SPY190812P289,2019-08-09,2019-08-09 09:36:50,0.5,0.7692,128,0.49,0.7538,1031,0.53,0.8153,2,0.495,0.7615,162,0
SPY190812P289,2019-08-09,2019-08-09 09:36:51,0.52,0.8,868,0.49,0.7538,1533,0.53,0.8153,2,0.505,0.7769,162,0
SPY190812P289,2019-08-09,2019-08-09 09:36:52,0.5,0.7692,126,0.49,0.7538,848,0.53,0.8153,2,0.495,0.7615,162,0
SPY190812P289,2019-08-09,2019-08-09 09:36:52,0.51,0.7846,499,0.49,0.7538,1013,0.53,0.8153,2,0.5,0.7692,162,0
SPY190812P289,2019-08-09,2019-08-09 09:36:53,0.5,0.7692,100,0.49,0.7538,253,0.53,0.8153,2,0.495,0.7615,162,0
SPY190812P289,2019-08-09,2019-08-09 09:36:53,0.5,0.7692,126,0.49,0.7538,697,0.53,0.8153,2,0.495,0.7615,162,0
SPY190812P289,2019-08-09,2019-08-09 09:36:54,0.5,0.7692,82,0.49,0.7538,984,0.53,0.8153,2,0.495,0.7615,162,0
SPY190812P289,2019-08-09,2019-08-09 09:36:54,0.51,0.7846,543,0.49,0.7538,1680,0.53,0.8153,2,0.5,0.7692,162,0
SPY190812P289,2019-08-09,2019-08-09 09:36:55,0.51,0.7846,543,0.49,0.7538,1680,0.53,0.8153,2,0.5,0.7692,162,0
SPY190812P289,2019-08-09,2019-08-09 09:36:56,0.51,0.7846,543,0.49,0.7538,1631,0.53,0.8153,2,0.5,0.7692,162,0
SPY190812P289,2019-08-09,2019-08-09 09:36:56,0.5,0.7692,5,0.49,0.7538,1060,0.53,0.8153,2,0.495,0.7615,162,0
SPY190812P289,2019-08-09,2019-08-09 09:36:57,0.5,0.7692,5,0.49,0.7538,676,0.53,0.8153,2,0.495,0.7615,162,0
SPY190812P289,2019-08-09,2019-08-09 09:36:57,0.5,0.7692,71,0.49,0.7538,676,0.53,0.8153,2,0.495,0.7615,162,0
SPY190812P289,2019-08-09,2019-08-09 09:36:58,0.5,0.7692,100,0.49,0.7538,1102,0.53,0.8153,2,0.495,0.7615,162,0
SPY190812P289,2019-08-09,2019-08-09 09:36:58,0.5,0.7692,100,0.49,0.7538,1100,0.53,0.8153,2,0.495,0.7615,162,0
SPY190812P289,2019-08-09,2019-08-09 09:36:59,0.5,0.7692,282,0.49,0.7538,200,0.53,0.8153,2,0.495,0.7615,162,0
SPY190812P289,2019-08-09,2019-08-09 09:36:59,0.5,0.7692,193,0.49,0.7538,100,0.53,0.8153,2,0.495,0.7615,162,0
SPY190812P289,2019-08-09,2019-08-09 09:37:00,0.5,0.7692,353,0.49,0.7538,1,0.53,0.8153,2,0.495,0.7615,162,0
SPY190812P289,2019-08-09,2019-08-09 09:37:00,0.5,0.7692,193,0.48,0.7384,1517,0.53,0.8153,2,0.49,0.7538,162,0
SPY190812P289,2019-08-09,2019-08-09 09:37:01,0.5,0.7692,533,0.48,0.7384,100,0.53,0.8153,2,0.49,0.7538,162,0
SPY190812P289,2019-08-09,2019-08-09 09:37:01,0.5,0.7692,180,0.49,0.7538,12,0.53,0.8153,2,0.495,0.7615,162,0
SPY190812P289,2019-08-09,2019-08-09 09:37:02,0.49,0.7538,100,0.48,0.7384,118,0.53,0.8153,2,0.485,0.7461,162,0
SPY190812P289,2019-08-09,2019-08-09 09:37:02,0.49,0.7538,5,0.48,0.7384,76,0.53,0.8153,2,0.485,0.7461,162,0
SPY190812P289,2019-08-09,2019-08-09 09:37:03,0.49,0.7538,426,0.47,0.723,972,0.53,0.8153,2,0.48,0.7384,162,0
SPY190812P289,2019-08-09,2019-08-09 09:37:03,0.49,0.7538,339,0.47,0.723,1098,0.53,0.8153,2,0.48,0.7384,162,0
SPY190812P289,2019-08-09,2019-08-09 09:37:04,0.49,0.7538,324,0.47,0.723,1643,0.53,0.8153,2,0.48,0.7384,162,0
SPY190812P289,2019-08-09,2019-08-09 09:37:04,0.49,0.7538,311,0.48,0.7384,11,0.53,0.8153,2,0.485,0.7461,162,0
SPY190812P289,2019-08-09,2019-08-09 09:37:05,0.49,0.7538,311,0.47,0.723,357,0.53,0.8153,2,0.48,0.7384,162,0
SPY190812P289,2019-08-09,2019-08-09 09:37:05,0.49,0.7538,288,0.48,0.7384,36,0.53,0.8153,2,0.485,0.7461,162,0
SPY190812P289,2019-08-09,2019-08-09 09:37:06,0.49,0.7538,674,0.48,0.7384,37,0.53,0.8153,2,0.485,0.7461,162,0
SPY190812P289,2019-08-09,2019-08-09 09:37:06,0.49,0.7538,390,0.47,0.723,1449,0.53,0.8153,2,0.48,0.7384,162,0
SPY190812P289,2019-08-09,2019-08-09 09:37:07,0.49,0.7538,922,0.48,0.7384,18,0.53,0.8153,2,0.485,0.7461,162,0
SPY190812P289,2019-08-09,2019-08-09 09:37:07,0.49,0.7538,390,0.48,0.7384,18,0.53,0.8153,2,0.485,0.7461,162,0
SPY190812P289,2019-08-09,2019-08-09 09:37:08,0.49,0.7538,275,0.47,0.723,1345,0.53,0.8153,2,0.48,0.7384,162,0
SPY190812P289,2019-08-09,2019-08-09 09:37:08,0.49,0.7538,65,0.47,0.723,1120,0.53,0.8153,2,0.48,0.7384,162,0
SPY190812P289,2019-08-09,2019-08-09 09:37:09,0.49,0.7538,275,0.48,0.7384,47,0.53,0.8153,2,0.485,0.7461,162,0
SPY190812P289,2019-08-09,2019-08-09 09:37:09,0.49,0.7538,275,0.48,0.7384,40,0.53,0.8153,2,0.485,0.7461,162,0
SPY190812P289,2019-08-09,2019-08-09 09:37:10,0.49,0.7538,308,0.48,0.7384,47,0.53,0.8153,2,0.485,0.7461,162,0
SPY190812P289,2019-08-09,2019-08-09 09:37:10,0.49,0.7538,308,0.48,0.7384,37,0.53,0.8153,2,0.485,0.7461,162,0
SPY190812P289,2019-08-09,2019-08-09 09:37:11,0.49,0.7538,408,0.48,0.7384,1,0.53,0.8153,2,0.485,0.7461,162,0
SPY190812P289,2019-08-09,2019-08-09 09:37:12,0.49,0.7538,408,0.48,0.7384,12,0.53,0.8153,2,0.485,0.7461,162,0
SPY190812P289,2019-08-09,2019-08-09 09:37:13,0.49,0.7538,408,0.48,0.7384,12,0.53,0.8153,2,0.485,0.7461,162,0
SPY190812P289,2019-08-09,2019-08-09 09:37:13,0.49,0.7538,408,0.48,0.7384,1,0.53,0.8153,2,0.485,0.7461,162,0
SPY190812P289,2019-08-09,2019-08-09 09:37:14,0.49,0.7538,408,0.48,0.7384,12,0.53,0.8153,2,0.485,0.7461,162,0
SPY190812P289,2019-08-09,2019-08-09 09:37:14,0.49,0.7538,408,0.48,0.7384,1,0.53,0.8153,2,0.485,0.7461,162,0
SPY190812P289,2019-08-09,2019-08-09 09:37:15,0.49,0.7538,408,0.48,0.7384,1,0.53,0.8153,2,0.485,0.7461,162,0
SPY190812P289,2019-08-09,2019-08-09 09:37:16,0.49,0.7538,563,0.48,0.7384,1,0.53,0.8153,2,0.485,0.7461,162,0
SPY190812P289,2019-08-09,2019-08-09 09:37:16,0.49,0.7538,408,0.48,0.7384,1,0.53,0.8153,2,0.485,0.7461,162,0
SPY190812P289,2019-08-09,2019-08-09 09:37:17,0.48,0.7384,182,0.47,0.723,310,0.48,0.7384,1,0.475,0.7307,163,0
SPY190812P289,2019-08-09,2019-08-09 09:37:17,0.49,0.7538,563,0.47,0.723,383,0.48,0.7384,1,0.48,0.7384,163,1
SPY190812P289,2019-08-09,2019-08-09 09:37:18,0.48,0.7384,182,0.47,0.723,330,0.48,0.7384,1,0.475,0.7307,163,0
SPY190812P289,2019-08-09,2019-08-09 09:37:18,0.48,0.7384,182,0.47,0.723,387,0.48,0.7384,1,0.475,0.7307,163,0
SPY190812P289,2019-08-09,2019-08-09 09:37:19,0.48,0.7384,234,0.46,0.7076,1971,0.48,0.7384,1,0.47,0.723,163,0
SPY190812P289,2019-08-09,2019-08-09 09:37:19,0.48,0.7384,249,0.47,0.723,154,0.48,0.7384,1,0.475,0.7307,163,0
SPY190812P289,2019-08-09,2019-08-09 09:37:20,0.48,0.7384,803,0.46,0.7076,1975,0.48,0.7384,1,0.47,0.723,163,0
SPY190812P289,2019-08-09,2019-08-09 09:37:20,0.48,0.7384,234,0.46,0.7076,1975,0.48,0.7384,1,0.47,0.723,163,0
SPY190812P289,2019-08-09,2019-08-09 09:37:21,0.48,0.7384,1055,0.46,0.7076,1409,0.48,0.7384,1,0.47,0.723,163,0
SPY190812P289,2019-08-09,2019-08-09 09:37:21,0.48,0.7384,1055,0.47,0.723,12,0.48,0.7384,1,0.475,0.7307,163,0
SPY190812P289,2019-08-09,2019-08-09 09:37:22,0.48,0.7384,980,0.47,0.723,12,0.48,0.7384,1,0.475,0.7307,163,0
SPY190812P289,2019-08-09,2019-08-09 09:37:23,0.48,0.7384,131,0.46,0.7076,178,0.48,0.7384,1,0.47,0.723,163,0
SPY190812P289,2019-08-09,2019-08-09 09:37:23,0.47,0.723,360,0.45,0.6923,581,0.48,0.7384,1,0.46,0.7076,163,0
SPY190812P289,2019-08-09,2019-08-09 09:37:24,0.47,0.723,401,0.45,0.6923,311,0.46,0.7076,2,0.46,0.7076,165,2
SPY190812P289,2019-08-09,2019-08-09 09:37:24,0.47,0.723,368,0.45,0.6923,311,0.46,0.7076,2,0.46,0.7076,165,0
SPY190812P289,2019-08-09,2019-08-09 09:37:25,0.47,0.723,135,0.45,0.6923,231,0.46,0.7076,2,0.46,0.7076,165,0
SPY190812P289,2019-08-09,2019-08-09 09:37:25,0.47,0.723,100,0.46,0.7076,134,0.46,0.7076,2,0.465,0.7153,165,0
SPY190812P289,2019-08-09,2019-08-09 09:37:26,0.47,0.723,150,0.45,0.6923,77,0.46,0.7076,2,0.46,0.7076,165,0
SPY190812P289,2019-08-09,2019-08-09 09:37:26,0.46,0.7076,85,0.45,0.6923,88,0.46,0.7076,2,0.455,0.7,165,0
SPY190812P289,2019-08-09,2019-08-09 09:37:27,0.46,0.7076,83,0.45,0.6923,31,0.46,0.7076,2,0.455,0.7,165,0
SPY190812P289,2019-08-09,2019-08-09 09:37:27,0.46,0.7076,83,0.45,0.6923,64,0.46,0.7076,2,0.455,0.7,165,0
SPY190812P289,2019-08-09,2019-08-09 09:37:28,0.46,0.7076,83,0.45,0.6923,36,0.46,0.7076,2,0.455,0.7,165,0
SPY190812P289,2019-08-09,2019-08-09 09:37:28,0.46,0.7076,83,0.45,0.6923,31,0.46,0.7076,2,0.455,0.7,165,0
SPY190812P289,2019-08-09,2019-08-09 09:37:29,0.46,0.7076,409,0.45,0.6923,36,0.46,0.7076,2,0.455,0.7,165,0
SPY190812P289,2019-08-09,2019-08-09 09:37:30,0.46,0.7076,594,0.44,0.6769,853,0.46,0.7076,2,0.45,0.6923,165,0
SPY190812P289,2019-08-09,2019-08-09 09:37:30,0.46,0.7076,997,0.44,0.6769,853,0.46,0.7076,2,0.45,0.6923,165,0
SPY190812P289,2019-08-09,2019-08-09 09:37:31,0.46,0.7076,1027,0.44,0.6769,853,0.46,0.7076,2,0.45,0.6923,165,0
SPY190812P289,2019-08-09,2019-08-09 09:37:31,0.46,0.7076,1010,0.44,0.6769,853,0.46,0.7076,2,0.45,0.6923,165,0
SPY190812P289,2019-08-09,2019-08-09 09:37:32,0.46,0.7076,1010,0.44,0.6769,853,0.46,0.7076,2,0.45,0.6923,165,0
SPY190812P289,2019-08-09,2019-08-09 09:37:32,0.45,0.6923,20,0.44,0.6769,31,0.46,0.7076,2,0.445,0.6846,165,0
SPY190812P289,2019-08-09,2019-08-09 09:37:33,0.45,0.6923,100,0.44,0.6769,74,0.46,0.7076,2,0.445,0.6846,165,0
SPY190812P289,2019-08-09,2019-08-09 09:37:33,0.45,0.6923,100,0.44,0.6769,83,0.46,0.7076,2,0.445,0.6846,165,0
SPY190812P289,2019-08-09,2019-08-09 09:37:34,0.45,0.6923,100,0.43,0.6615,92,0.46,0.7076,2,0.44,0.6769,165,0
SPY190812P289,2019-08-09,2019-08-09 09:37:34,0.45,0.6923,120,0.43,0.6615,660,0.46,0.7076,2,0.44,0.6769,165,0
SPY190812P289,2019-08-09,2019-08-09 09:37:35,0.45,0.6923,378,0.43,0.6615,750,0.46,0.7076,2,0.44,0.6769,165,0
SPY190812P289,2019-08-09,2019-08-09 09:37:35,0.45,0.6923,358,0.44,0.6769,36,0.46,0.7076,2,0.445,0.6846,165,0
SPY190812P289,2019-08-09,2019-08-09 09:37:36,0.45,0.6923,358,0.44,0.6769,65,0.46,0.7076,2,0.445,0.6846,165,0
SPY190812P289,2019-08-09,2019-08-09 09:37:36,0.45,0.6923,358,0.44,0.6769,36,0.46,0.7076,2,0.445,0.6846,165,0
SPY190812P289,2019-08-09,2019-08-09 09:37:37,0.44,0.6769,274,0.43,0.6615,113,0.45,0.6923,10,0.435,0.6692,175,10
SPY190812P289,2019-08-09,2019-08-09 09:37:37,0.44,0.6769,261,0.43,0.6615,119,0.44,0.6769,5,0.435,0.6692,180,5
SPY190812P289,2019-08-09,2019-08-09 09:37:38,0.44,0.6769,308,0.43,0.6615,32,0.44,0.6769,5,0.435,0.6692,180,0
SPY190812P289,2019-08-09,2019-08-09 09:37:39,0.44,0.6769,407,0.43,0.6615,32,0.44,0.6769,5,0.435,0.6692,180,0
SPY190812P289,2019-08-09,2019-08-09 09:37:39,0.44,0.6769,434,0.42,0.6461,377,0.44,0.6769,5,0.43,0.6615,180,0
SPY190812P289,2019-08-09,2019-08-09 09:37:40,0.44,0.6769,463,0.42,0.6461,699,0.44,0.6769,5,0.43,0.6615,180,0
SPY190812P289,2019-08-09,2019-08-09 09:37:40,0.44,0.6769,463,0.43,0.6615,62,0.44,0.6769,5,0.435,0.6692,180,0
SPY190812P289,2019-08-09,2019-08-09 09:37:41,0.44,0.6769,1223,0.43,0.6615,36,0.44,0.6769,5,0.435,0.6692,180,0
SPY190812P289,2019-08-09,2019-08-09 09:37:42,0.44,0.6769,1260,0.42,0.6461,575,0.44,0.6769,5,0.43,0.6615,180,0
SPY190812P289,2019-08-09,2019-08-09 09:37:43,0.43,0.6615,5,0.42,0.6461,617,0.44,0.6769,5,0.425,0.6538,180,0
SPY190812P289,2019-08-09,2019-08-09 09:37:43,0.43,0.6615,83,0.42,0.6461,617,0.44,0.6769,5,0.425,0.6538,180,0
SPY190812P289,2019-08-09,2019-08-09 09:37:44,0.43,0.6615,5,0.42,0.6461,776,0.44,0.6769,5,0.425,0.6538,180,0
SPY190812P289,2019-08-09,2019-08-09 09:37:45,0.43,0.6615,164,0.42,0.6461,272,0.44,0.6769,5,0.425,0.6538,180,0
SPY190812P289,2019-08-09,2019-08-09 09:37:45,0.43,0.6615,230,0.42,0.6461,72,0.44,0.6769,5,0.425,0.6538,180,0
SPY190812P289,2019-08-09,2019-08-09 09:37:46,0.43,0.6615,50,0.42,0.6461,193,0.44,0.6769,5,0.425,0.6538,180,0
SPY190812P289,2019-08-09,2019-08-09 09:37:46,0.43,0.6615,215,0.42,0.6461,73,0.44,0.6769,5,0.425,0.6538,180,0
SPY190812P289,2019-08-09,2019-08-09 09:37:47,0.43,0.6615,571,0.42,0.6461,36,0.44,0.6769,5,0.425,0.6538,180,0
SPY190812P289,2019-08-09,2019-08-09 09:37:47,0.43,0.6615,100,0.42,0.6461,193,0.44,0.6769,5,0.425,0.6538,180,0
SPY190812P289,2019-08-09,2019-08-09 09:37:48,0.43,0.6615,571,0.42,0.6461,36,0.44,0.6769,5,0.425,0.6538,180,0
SPY190812P289,2019-08-09,2019-08-09 09:37:49,0.43,0.6615,668,0.42,0.6461,36,0.44,0.6769,5,0.425,0.6538,180,0
SPY190812P289,2019-08-09,2019-08-09 09:37:49,0.43,0.6615,571,0.42,0.6461,36,0.44,0.6769,5,0.425,0.6538,180,0
SPY190812P289,2019-08-09,2019-08-09 09:37:50,0.43,0.6615,1181,0.41,0.6307,384,0.44,0.6769,5,0.42,0.6461,180,0
SPY190812P289,2019-08-09,2019-08-09 09:37:50,0.42,0.6461,4,0.42,0.6461,18,0.44,0.6769,5,0.42,0.6461,180,0
SPY190812P289,2019-08-09,2019-08-09 09:37:51,0.42,0.6461,150,0.41,0.6307,366,0.44,0.6769,5,0.415,0.6384,180,0
SPY190812P289,2019-08-09,2019-08-09 09:37:51,0.42,0.6461,150,0.41,0.6307,692,0.44,0.6769,5,0.415,0.6384,180,0
SPY190812P289,2019-08-09,2019-08-09 09:37:52,0.42,0.6461,133,0.41,0.6307,692,0.44,0.6769,5,0.415,0.6384,180,0
SPY190812P289,2019-08-09,2019-08-09 09:37:53,0.42,0.6461,118,0.41,0.6307,344,0.44,0.6769,5,0.415,0.6384,180,0
SPY190812P289,2019-08-09,2019-08-09 09:37:53,0.42,0.6461,218,0.41,0.6307,36,0.44,0.6769,5,0.415,0.6384,180,0
SPY190812P289,2019-08-09,2019-08-09 09:37:54,0.42,0.6461,185,0.4,0.6153,790,0.44,0.6769,5,0.41,0.6307,180,0
SPY190812P289,2019-08-09,2019-08-09 09:37:54,0.42,0.6461,185,0.41,0.6307,36,0.44,0.6769,5,0.415,0.6384,180,0
SPY190812P289,2019-08-09,2019-08-09 09:37:55,0.42,0.6461,185,0.41,0.6307,36,0.44,0.6769,5,0.415,0.6384,180,0
SPY190812P289,2019-08-09,2019-08-09 09:37:56,0.42,0.6461,185,0.41,0.6307,36,0.44,0.6769,5,0.415,0.6384,180,0
SPY190812P289,2019-08-09,2019-08-09 09:37:57,0.42,0.6461,185,0.41,0.6307,36,0.44,0.6769,5,0.415,0.6384,180,0
SPY190812P289,2019-08-09,2019-08-09 09:37:57,0.42,0.6461,1006,0.41,0.6307,36,0.44,0.6769,5,0.415,0.6384,180,0
SPY190812P289,2019-08-09,2019-08-09 09:37:58,0.42,0.6461,1223,0.4,0.6153,781,0.44,0.6769,5,0.41,0.6307,180,0
SPY190812P289,2019-08-09,2019-08-09 09:37:58,0.42,0.6461,1435,0.4,0.6153,1080,0.44,0.6769,5,0.41,0.6307,180,0
SPY190812P289,2019-08-09,2019-08-09 09:37:59,0.42,0.6461,1413,0.4,0.6153,1080,0.44,0.6769,5,0.41,0.6307,180,0
SPY190812P289,2019-08-09,2019-08-09 09:38:00,0.42,0.6461,501,0.41,0.6307,18,0.44,0.6769,5,0.415,0.6384,180,0
SPY190812P289,2019-08-09,2019-08-09 09:38:00,0.42,0.6461,408,0.4,0.6153,881,0.44,0.6769,5,0.41,0.6307,180,0
SPY190812P289,2019-08-09,2019-08-09 09:38:01,0.42,0.6461,407,0.41,0.6307,36,0.44,0.6769,5,0.415,0.6384,180,0
SPY190812P289,2019-08-09,2019-08-09 09:38:01,0.42,0.6461,264,0.4,0.6153,1236,0.44,0.6769,5,0.41,0.6307,180,0
SPY190812P289,2019-08-09,2019-08-09 09:38:02,0.42,0.6461,264,0.4,0.6153,1485,0.44,0.6769,5,0.41,0.6307,180,0
SPY190812P289,2019-08-09,2019-08-09 09:38:03,0.42,0.6461,115,0.41,0.6307,120,0.42,0.6461,5,0.415,0.6384,185,5
SPY190812P289,2019-08-09,2019-08-09 09:38:04,0.42,0.6461,104,0.41,0.6307,305,0.41,0.6307,1,0.415,0.6384,186,1
SPY190812P289,2019-08-09,2019-08-09 09:38:04,0.42,0.6461,86,0.41,0.6307,1481,0.41,0.6307,1,0.415,0.6384,186,0
SPY190812P289,2019-08-09,2019-08-09 09:38:05,0.43,0.6615,495,0.41,0.6307,2344,0.41,0.6307,1,0.42,0.6461,186,0
SPY190812P289,2019-08-09,2019-08-09 09:38:06,0.43,0.6615,294,0.42,0.6461,211,0.41,0.6307,1,0.425,0.6538,186,0
SPY190812P289,2019-08-09,2019-08-09 09:38:07,0.43,0.6615,15,0.42,0.6461,206,0.41,0.6307,1,0.425,0.6538,186,0
SPY190812P289,2019-08-09,2019-08-09 09:38:07,0.43,0.6615,5,0.42,0.6461,301,0.41,0.6307,1,0.425,0.6538,186,0
SPY190812P289,2019-08-09,2019-08-09 09:38:08,0.43,0.6615,316,0.41,0.6307,1168,0.41,0.6307,1,0.42,0.6461,186,0
SPY190812P289,2019-08-09,2019-08-09 09:38:08,0.43,0.6615,316,0.41,0.6307,738,0.41,0.6307,1,0.42,0.6461,186,0
SPY190812P289,2019-08-09,2019-08-09 09:38:09,0.42,0.6461,4,0.41,0.6307,1394,0.41,0.6307,1,0.415,0.6384,186,0
SPY190812P289,2019-08-09,2019-08-09 09:38:09,0.43,0.6615,32,0.41,0.6307,1444,0.41,0.6307,1,0.42,0.6461,186,0
SPY190812P289,2019-08-09,2019-08-09 09:38:10,0.43,0.6615,213,0.42,0.6461,343,0.41,0.6307,1,0.425,0.6538,186,0
SPY190812P289,2019-08-09,2019-08-09 09:38:10,0.43,0.6615,213,0.42,0.6461,539,0.41,0.6307,1,0.425,0.6538,186,0
SPY190812P289,2019-08-09,2019-08-09 09:38:11,0.44,0.6769,192,0.42,0.6461,1395,0.41,0.6307,1,0.43,0.6615,186,0
SPY190812P289,2019-08-09,2019-08-09 09:38:11,0.44,0.6769,454,0.43,0.6615,36,0.41,0.6307,1,0.435,0.6692,186,0
SPY190812P289,2019-08-09,2019-08-09 09:38:12,0.44,0.6769,478,0.42,0.6461,1976,0.41,0.6307,1,0.43,0.6615,186,0
SPY190812P289,2019-08-09,2019-08-09 09:38:12,0.44,0.6769,478,0.42,0.6461,2077,0.41,0.6307,1,0.43,0.6615,186,0
SPY190812P289,2019-08-09,2019-08-09 09:38:13,0.43,0.6615,5,0.42,0.6461,796,0.41,0.6307,1,0.425,0.6538,186,0
SPY190812P289,2019-08-09,2019-08-09 09:38:13,0.43,0.6615,5,0.42,0.6461,1098,0.41,0.6307,1,0.425,0.6538,186,0
SPY190812P289,2019-08-09,2019-08-09 09:38:14,0.43,0.6615,5,0.42,0.6461,983,0.41,0.6307,1,0.425,0.6538,186,0
SPY190812P289,2019-08-09,2019-08-09 09:38:14,0.43,0.6615,5,0.42,0.6461,1038,0.41,0.6307,1,0.425,0.6538,186,0
SPY190812P289,2019-08-09,2019-08-09 09:38:15,0.44,0.6769,785,0.42,0.6461,566,0.41,0.6307,1,0.43,0.6615,186,0
SPY190812P289,2019-08-09,2019-08-09 09:38:15,0.44,0.6769,785,0.42,0.6461,885,0.41,0.6307,1,0.43,0.6615,186,0
SPY190812P289,2019-08-09,2019-08-09 09:38:16,0.43,0.6615,216,0.42,0.6461,245,0.41,0.6307,1,0.425,0.6538,186,0
SPY190812P289,2019-08-09,2019-08-09 09:38:16,0.44,0.6769,785,0.42,0.6461,559,0.41,0.6307,1,0.43,0.6615,186,0
SPY190812P289,2019-08-09,2019-08-09 09:38:17,0.43,0.6615,547,0.41,0.6307,289,0.41,0.6307,1,0.42,0.6461,186,0
SPY190812P289,2019-08-09,2019-08-09 09:38:19,0.42,0.6461,373,0.41,0.6307,108,0.41,0.6307,1,0.415,0.6384,186,0
SPY190812P289,2019-08-09,2019-08-09 09:38:20,0.42,0.6461,38,0.41,0.6307,567,0.41,0.6307,1,0.415,0.6384,186,0
SPY190812P289,2019-08-09,2019-08-09 09:38:24,0.44,0.6769,609,0.43,0.6615,36,0.41,0.6307,1,0.435,0.6692,186,0
SPY190812P289,2019-08-09,2019-08-09 09:38:24,0.44,0.6769,910,0.42,0.6461,2134,0.41,0.6307,1,0.43,0.6615,186,0
SPY190812P289,2019-08-09,2019-08-09 09:38:25,0.44,0.6769,609,0.43,0.6615,36,0.41,0.6307,1,0.435,0.6692,186,0
SPY190812P289,2019-08-09,2019-08-09 09:38:25,0.44,0.6769,609,0.43,0.6615,18,0.41,0.6307,1,0.435,0.6692,186,0
SPY190812P289,2019-08-09,2019-08-09 09:38:26,0.44,0.6769,27,0.42,0.6461,971,0.41,0.6307,1,0.43,0.6615,186,0
SPY190812P289,2019-08-09,2019-08-09 09:38:27,0.44,0.6769,27,0.43,0.6615,138,0.41,0.6307,1,0.435,0.6692,186,0
SPY190812P289,2019-08-09,2019-08-09 09:38:27,0.44,0.6769,309,0.43,0.6615,183,0.41,0.6307,1,0.435,0.6692,186,0
SPY190812P289,2019-08-09,2019-08-09 09:38:28,0.44,0.6769,294,0.43,0.6615,1044,0.41,0.6307,1,0.435,0.6692,186,0
SPY190812P289,2019-08-09,2019-08-09 09:38:28,0.44,0.6769,170,0.43,0.6615,1302,0.41,0.6307,1,0.435,0.6692,186,0
SPY190812P289,2019-08-09,2019-08-09 09:38:29,0.44,0.6769,199,0.43,0.6615,603,0.41,0.6307,1,0.435,0.6692,186,0
SPY190812P289,2019-08-09,2019-08-09 09:38:29,0.44,0.6769,158,0.43,0.6615,1877,0.41,0.6307,1,0.435,0.6692,186,0
SPY190812P289,2019-08-09,2019-08-09 09:38:30,0.44,0.6769,240,0.43,0.6615,615,0.41,0.6307,1,0.435,0.6692,186,0
SPY190812P289,2019-08-09,2019-08-09 09:38:30,0.44,0.6769,199,0.43,0.6615,603,0.41,0.6307,1,0.435,0.6692,186,0
SPY190812P289,2019-08-09,2019-08-09 09:38:31,0.44,0.6769,240,0.43,0.6615,332,0.41,0.6307,1,0.435,0.6692,186,0
SPY190812P289,2019-08-09,2019-08-09 09:38:31,0.44,0.6769,240,0.43,0.6615,331,0.41,0.6307,1,0.435,0.6692,186,0
SPY190812P289,2019-08-09,2019-08-09 09:38:32,0.44,0.6769,100,0.43,0.6615,383,0.41,0.6307,1,0.435,0.6692,186,0
SPY190812P289,2019-08-09,2019-08-09 09:38:32,0.44,0.6769,359,0.42,0.6461,1259,0.41,0.6307,1,0.43,0.6615,186,0
SPY190812P289,2019-08-09,2019-08-09 09:38:33,0.44,0.6769,218,0.43,0.6615,5,0.41,0.6307,1,0.435,0.6692,186,0
SPY190812P289,2019-08-09,2019-08-09 09:38:33,0.44,0.6769,208,0.43,0.6615,6,0.41,0.6307,1,0.435,0.6692,186,0
SPY190812P289,2019-08-09,2019-08-09 09:38:34,0.43,0.6615,11,0.42,0.6461,1016,0.41,0.6307,1,0.425,0.6538,186,0
SPY190812P289,2019-08-09,2019-08-09 09:38:34,0.44,0.6769,459,0.43,0.6615,6,0.41,0.6307,1,0.435,0.6692,186,0
SPY190812P289,2019-08-09,2019-08-09 09:38:35,0.43,0.6615,5,0.42,0.6461,403,0.41,0.6307,1,0.425,0.6538,186,0
SPY190812P289,2019-08-09,2019-08-09 09:38:35,0.43,0.6615,5,0.42,0.6461,388,0.41,0.6307,1,0.425,0.6538,186,0
SPY190812P289,2019-08-09,2019-08-09 09:38:36,0.43,0.6615,323,0.42,0.6461,51,0.41,0.6307,1,0.425,0.6538,186,0
SPY190812P289,2019-08-09,2019-08-09 09:38:37,0.43,0.6615,262,0.42,0.6461,282,0.41,0.6307,1,0.425,0.6538,186,0
SPY190812P289,2019-08-09,2019-08-09 09:38:37,0.43,0.6615,50,0.42,0.6461,690,0.41,0.6307,1,0.425,0.6538,186,0
SPY190812P289,2019-08-09,2019-08-09 09:38:38,0.43,0.6615,5,0.42,0.6461,954,0.41,0.6307,1,0.425,0.6538,186,0
SPY190812P289,2019-08-09,2019-08-09 09:38:39,0.44,0.6769,1515,0.43,0.6615,21,0.41,0.6307,1,0.435,0.6692,186,0
SPY190812P289,2019-08-09,2019-08-09 09:38:39,0.43,0.6615,33,0.43,0.6615,21,0.41,0.6307,1,0.43,0.6615,186,0
SPY190812P289,2019-08-09,2019-08-09 09:38:40,0.44,0.6769,247,0.42,0.6461,1201,0.41,0.6307,1,0.43,0.6615,186,0
SPY190812P289,2019-08-09,2019-08-09 09:38:40,0.44,0.6769,459,0.43,0.6615,36,0.41,0.6307,1,0.435,0.6692,186,0
