symbol,Date,quote_time,ask_price,norm_ask_price,ask_size,bid_price,norm_bid_price,bid_size,last_trade_price,norm_last_trade_price,last_trade_size,mark_price,norm_mark_price,volume,Volume
IWM190920C160,2019-09-13,2019-09-13 09:30:01,0.86,1.0,1,0.61,0.7093,35,0.75,0.872,1,0.735,0.8546,1,1
IWM190920C160,2019-09-13,2019-09-13 09:30:01,0.86,1.0,1,0.61,0.7093,35,0.75,0.872,1,0.735,0.8546,1,0
IWM190920C160,2019-09-13,2019-09-13 09:30:02,0.86,1.0,1,0.61,0.7093,35,0.75,0.872,1,0.735,0.8546,1,0
IWM190920C160,2019-09-13,2019-09-13 09:30:02,0.8,0.9302,15,0.73,0.8488,35,0.75,0.872,1,0.765,0.8895,1,0
IWM190920C160,2019-09-13,2019-09-13 09:30:03,0.79,0.9186,75,0.73,0.8488,120,0.75,0.872,1,0.76,0.8837,1,0
IWM190920C160,2019-09-13,2019-09-13 09:30:03,0.8,0.9302,15,0.73,0.8488,35,0.75,0.872,1,0.765,0.8895,1,0
IWM190920C160,2019-09-13,2019-09-13 09:30:04,0.79,0.9186,30,0.73,0.8488,21,0.75,0.872,1,0.76,0.8837,1,0
IWM190920C160,2019-09-13,2019-09-13 09:30:04,0.79,0.9186,75,0.73,0.8488,120,0.75,0.872,1,0.76,0.8837,1,0
IWM190920C160,2019-09-13,2019-09-13 09:30:05,0.79,0.9186,17,0.73,0.8488,36,0.75,0.872,1,0.76,0.8837,1,0
IWM190920C160,2019-09-13,2019-09-13 09:30:05,0.79,0.9186,15,0.73,0.8488,36,0.75,0.872,1,0.76,0.8837,1,0
IWM190920C160,2019-09-13,2019-09-13 09:30:06,0.79,0.9186,17,0.74,0.8604,20,0.75,0.872,1,0.765,0.8895,1,0
IWM190920C160,2019-09-13,2019-09-13 09:30:06,0.8,0.9302,30,0.74,0.8604,30,0.75,0.872,1,0.77,0.8953,1,0
IWM190920C160,2019-09-13,2019-09-13 09:30:07,0.8,0.9302,17,0.74,0.8604,30,0.75,0.872,1,0.77,0.8953,1,0
IWM190920C160,2019-09-13,2019-09-13 09:30:07,0.8,0.9302,376,0.74,0.8604,75,0.75,0.872,1,0.77,0.8953,1,0
IWM190920C160,2019-09-13,2019-09-13 09:30:08,0.81,0.9418,126,0.75,0.872,60,0.75,0.872,1,0.78,0.9069,1,0
IWM190920C160,2019-09-13,2019-09-13 09:30:09,0.79,0.9186,75,0.75,0.872,60,0.75,0.872,1,0.77,0.8953,1,0
IWM190920C160,2019-09-13,2019-09-13 09:30:09,0.79,0.9186,75,0.76,0.8837,60,0.75,0.872,1,0.775,0.9011,1,0
IWM190920C160,2019-09-13,2019-09-13 09:30:10,0.79,0.9186,75,0.75,0.872,60,0.75,0.872,1,0.77,0.8953,1,0
IWM190920C160,2019-09-13,2019-09-13 09:30:10,0.79,0.9186,75,0.75,0.872,121,0.75,0.872,1,0.77,0.8953,1,0
IWM190920C160,2019-09-13,2019-09-13 09:30:11,0.79,0.9186,13,0.76,0.8837,60,0.75,0.872,1,0.775,0.9011,1,0
IWM190920C160,2019-09-13,2019-09-13 09:30:12,0.78,0.9069,13,0.74,0.8604,20,0.75,0.872,1,0.76,0.8837,1,0
IWM190920C160,2019-09-13,2019-09-13 09:30:12,0.79,0.9186,13,0.76,0.8837,60,0.75,0.872,1,0.775,0.9011,1,0
IWM190920C160,2019-09-13,2019-09-13 09:30:13,0.79,0.9186,60,0.74,0.8604,20,0.75,0.872,1,0.765,0.8895,1,0
IWM190920C160,2019-09-13,2019-09-13 09:30:13,0.78,0.9069,20,0.74,0.8604,20,0.75,0.872,1,0.76,0.8837,1,0
IWM190920C160,2019-09-13,2019-09-13 09:30:14,0.78,0.9069,26,0.74,0.8604,20,0.75,0.872,1,0.76,0.8837,1,0
IWM190920C160,2019-09-13,2019-09-13 09:30:14,0.78,0.9069,23,0.74,0.8604,20,0.75,0.872,1,0.76,0.8837,1,0
IWM190920C160,2019-09-13,2019-09-13 09:30:15,0.77,0.8953,23,0.72,0.8372,136,0.75,0.872,1,0.745,0.8662,1,0
IWM190920C160,2019-09-13,2019-09-13 09:30:15,0.78,0.9069,228,0.72,0.8372,19,0.75,0.872,1,0.75,0.872,1,0
IWM190920C160,2019-09-13,2019-09-13 09:30:16,0.77,0.8953,23,0.72,0.8372,158,0.75,0.872,1,0.745,0.8662,1,0
IWM190920C160,2019-09-13,2019-09-13 09:30:16,0.78,0.9069,83,0.72,0.8372,158,0.75,0.872,1,0.75,0.872,1,0
IWM190920C160,2019-09-13,2019-09-13 09:30:17,0.78,0.9069,92,0.73,0.8488,133,0.75,0.872,1,0.755,0.8779,1,0
IWM190920C160,2019-09-13,2019-09-13 09:30:17,0.78,0.9069,270,0.73,0.8488,161,0.75,0.872,1,0.755,0.8779,1,0
IWM190920C160,2019-09-13,2019-09-13 09:30:18,0.78,0.9069,70,0.73,0.8488,161,0.75,0.872,1,0.755,0.8779,1,0
IWM190920C160,2019-09-13,2019-09-13 09:30:19,0.78,0.9069,88,0.73,0.8488,67,0.75,0.872,1,0.755,0.8779,1,0
IWM190920C160,2019-09-13,2019-09-13 09:30:20,0.78,0.9069,71,0.73,0.8488,67,0.75,0.872,1,0.755,0.8779,1,0
IWM190920C160,2019-09-13,2019-09-13 09:30:21,0.78,0.9069,117,0.73,0.8488,60,0.75,0.872,1,0.755,0.8779,1,0
IWM190920C160,2019-09-13,2019-09-13 09:30:21,0.78,0.9069,227,0.73,0.8488,169,0.75,0.872,1,0.755,0.8779,1,0
IWM190920C160,2019-09-13,2019-09-13 09:30:22,0.78,0.9069,258,0.73,0.8488,67,0.75,0.872,1,0.755,0.8779,1,0
IWM190920C160,2019-09-13,2019-09-13 09:30:22,0.78,0.9069,70,0.73,0.8488,67,0.75,0.872,1,0.755,0.8779,1,0
IWM190920C160,2019-09-13,2019-09-13 09:30:23,0.78,0.9069,70,0.73,0.8488,67,0.75,0.872,1,0.755,0.8779,1,0
IWM190920C160,2019-09-13,2019-09-13 09:30:24,0.78,0.9069,73,0.73,0.8488,162,0.75,0.872,1,0.755,0.8779,1,0
IWM190920C160,2019-09-13,2019-09-13 09:30:25,0.78,0.9069,37,0.74,0.8604,60,0.75,0.872,1,0.76,0.8837,1,0
IWM190920C160,2019-09-13,2019-09-13 09:30:26,0.78,0.9069,308,0.74,0.8604,109,0.75,0.872,1,0.76,0.8837,1,0
IWM190920C160,2019-09-13,2019-09-13 09:30:26,0.78,0.9069,385,0.74,0.8604,109,0.75,0.872,1,0.76,0.8837,1,0
IWM190920C160,2019-09-13,2019-09-13 09:30:27,0.78,0.9069,408,0.74,0.8604,109,0.75,0.872,1,0.76,0.8837,1,0
IWM190920C160,2019-09-13,2019-09-13 09:30:28,0.78,0.9069,408,0.74,0.8604,109,0.75,0.872,1,0.76,0.8837,1,0
IWM190920C160,2019-09-13,2019-09-13 09:30:28,0.78,0.9069,310,0.74,0.8604,120,0.75,0.872,1,0.76,0.8837,1,0
IWM190920C160,2019-09-13,2019-09-13 09:30:29,0.78,0.9069,310,0.74,0.8604,120,0.75,0.872,1,0.76,0.8837,1,0
IWM190920C160,2019-09-13,2019-09-13 09:30:29,0.78,0.9069,130,0.74,0.8604,169,0.75,0.872,1,0.76,0.8837,1,0
IWM190920C160,2019-09-13,2019-09-13 09:30:30,0.78,0.9069,108,0.74,0.8604,169,0.75,0.872,1,0.76,0.8837,1,0
IWM190920C160,2019-09-13,2019-09-13 09:30:31,0.78,0.9069,20,0.74,0.8604,198,0.75,0.872,1,0.76,0.8837,1,0
IWM190920C160,2019-09-13,2019-09-13 09:30:31,0.78,0.9069,26,0.74,0.8604,198,0.75,0.872,1,0.76,0.8837,1,0
IWM190920C160,2019-09-13,2019-09-13 09:30:32,0.78,0.9069,28,0.74,0.8604,221,0.75,0.872,1,0.76,0.8837,1,0
IWM190920C160,2019-09-13,2019-09-13 09:30:33,0.78,0.9069,28,0.74,0.8604,210,0.75,0.872,1,0.76,0.8837,1,0
IWM190920C160,2019-09-13,2019-09-13 09:30:34,0.78,0.9069,20,0.74,0.8604,167,0.75,0.872,1,0.76,0.8837,1,0
IWM190920C160,2019-09-13,2019-09-13 09:30:34,0.78,0.9069,28,0.74,0.8604,210,0.75,0.872,1,0.76,0.8837,1,0
IWM190920C160,2019-09-13,2019-09-13 09:30:35,0.78,0.9069,19,0.75,0.872,110,0.75,0.872,1,0.765,0.8895,1,0
IWM190920C160,2019-09-13,2019-09-13 09:30:35,0.78,0.9069,11,0.75,0.872,204,0.75,0.872,1,0.765,0.8895,1,0
IWM190920C160,2019-09-13,2019-09-13 09:30:36,0.78,0.9069,10,0.75,0.872,165,0.75,0.872,1,0.765,0.8895,1,0
IWM190920C160,2019-09-13,2019-09-13 09:30:36,0.78,0.9069,10,0.75,0.872,110,0.75,0.872,1,0.765,0.8895,1,0
IWM190920C160,2019-09-13,2019-09-13 09:30:37,0.78,0.9069,1,0.75,0.872,279,0.75,0.872,1,0.765,0.8895,1,0
IWM190920C160,2019-09-13,2019-09-13 09:30:37,0.78,0.9069,10,0.75,0.872,155,0.75,0.872,1,0.765,0.8895,1,0
IWM190920C160,2019-09-13,2019-09-13 09:30:38,0.78,0.9069,1,0.76,0.8837,110,0.75,0.872,1,0.77,0.8953,1,0
IWM190920C160,2019-09-13,2019-09-13 09:30:39,0.78,0.9069,1,0.77,0.8953,25,0.75,0.872,1,0.775,0.9011,1,0
IWM190920C160,2019-09-13,2019-09-13 09:30:39,0.78,0.9069,1,0.77,0.8953,106,0.75,0.872,1,0.775,0.9011,1,0
IWM190920C160,2019-09-13,2019-09-13 09:30:40,0.78,0.9069,1,0.77,0.8953,106,0.75,0.872,1,0.775,0.9011,1,0
IWM190920C160,2019-09-13,2019-09-13 09:30:41,0.78,0.9069,1,0.78,0.9069,25,0.75,0.872,1,0.78,0.9069,1,0
IWM190920C160,2019-09-13,2019-09-13 09:30:41,0.78,0.9069,1,0.77,0.8953,106,0.75,0.872,1,0.775,0.9011,1,0
IWM190920C160,2019-09-13,2019-09-13 09:30:42,0.78,0.9069,1,0.78,0.9069,36,0.75,0.872,1,0.78,0.9069,1,0
IWM190920C160,2019-09-13,2019-09-13 09:30:42,0.8,0.9302,119,0.78,0.9069,100,0.75,0.872,1,0.79,0.9186,1,0
IWM190920C160,2019-09-13,2019-09-13 09:30:43,0.8,0.9302,56,0.78,0.9069,100,0.75,0.872,1,0.79,0.9186,1,0
IWM190920C160,2019-09-13,2019-09-13 09:30:43,0.8,0.9302,124,0.78,0.9069,25,0.75,0.872,1,0.79,0.9186,1,0
IWM190920C160,2019-09-13,2019-09-13 09:30:44,0.8,0.9302,144,0.78,0.9069,60,0.75,0.872,1,0.79,0.9186,1,0
IWM190920C160,2019-09-13,2019-09-13 09:30:44,0.8,0.9302,124,0.78,0.9069,12,0.75,0.872,1,0.79,0.9186,1,0
IWM190920C160,2019-09-13,2019-09-13 09:30:45,0.8,0.9302,60,0.78,0.9069,13,0.75,0.872,1,0.79,0.9186,1,0
IWM190920C160,2019-09-13,2019-09-13 09:30:45,0.8,0.9302,69,0.78,0.9069,13,0.75,0.872,1,0.79,0.9186,1,0
IWM190920C160,2019-09-13,2019-09-13 09:30:46,0.8,0.9302,171,0.78,0.9069,13,0.75,0.872,1,0.79,0.9186,1,0
IWM190920C160,2019-09-13,2019-09-13 09:30:46,0.8,0.9302,171,0.78,0.9069,25,0.75,0.872,1,0.79,0.9186,1,0
IWM190920C160,2019-09-13,2019-09-13 09:30:47,0.8,0.9302,61,0.78,0.9069,13,0.75,0.872,1,0.79,0.9186,1,0
IWM190920C160,2019-09-13,2019-09-13 09:30:47,0.8,0.9302,61,0.78,0.9069,25,0.75,0.872,1,0.79,0.9186,1,0
IWM190920C160,2019-09-13,2019-09-13 09:30:48,0.8,0.9302,146,0.78,0.9069,13,0.75,0.872,1,0.79,0.9186,1,0
IWM190920C160,2019-09-13,2019-09-13 09:30:49,0.8,0.9302,61,0.78,0.9069,13,0.75,0.872,1,0.79,0.9186,1,0
IWM190920C160,2019-09-13,2019-09-13 09:30:50,0.8,0.9302,61,0.78,0.9069,13,0.75,0.872,1,0.79,0.9186,1,0
IWM190920C160,2019-09-13,2019-09-13 09:30:51,0.8,0.9302,61,0.78,0.9069,13,0.75,0.872,1,0.79,0.9186,1,0
IWM190920C160,2019-09-13,2019-09-13 09:30:52,0.8,0.9302,168,0.78,0.9069,13,0.75,0.872,1,0.79,0.9186,1,0
IWM190920C160,2019-09-13,2019-09-13 09:30:52,0.8,0.9302,61,0.77,0.8953,13,0.75,0.872,1,0.785,0.9127,1,0
IWM190920C160,2019-09-13,2019-09-13 09:30:53,0.8,0.9302,62,0.78,0.9069,13,0.75,0.872,1,0.79,0.9186,1,0
IWM190920C160,2019-09-13,2019-09-13 09:30:53,0.8,0.9302,290,0.77,0.8953,94,0.75,0.872,1,0.785,0.9127,1,0
IWM190920C160,2019-09-13,2019-09-13 09:30:54,0.8,0.9302,294,0.78,0.9069,13,0.75,0.872,1,0.79,0.9186,1,0
IWM190920C160,2019-09-13,2019-09-13 09:30:54,0.8,0.9302,290,0.77,0.8953,94,0.75,0.872,1,0.785,0.9127,1,0
IWM190920C160,2019-09-13,2019-09-13 09:30:55,0.8,0.9302,294,0.78,0.9069,13,0.75,0.872,1,0.79,0.9186,1,0
IWM190920C160,2019-09-13,2019-09-13 09:30:55,0.8,0.9302,289,0.78,0.9069,13,0.75,0.872,1,0.79,0.9186,1,0
IWM190920C160,2019-09-13,2019-09-13 09:30:56,0.8,0.9302,269,0.78,0.9069,13,0.75,0.872,1,0.79,0.9186,1,0
IWM190920C160,2019-09-13,2019-09-13 09:30:56,0.8,0.9302,289,0.78,0.9069,13,0.75,0.872,1,0.79,0.9186,1,0
IWM190920C160,2019-09-13,2019-09-13 09:30:57,0.8,0.9302,269,0.78,0.9069,29,0.75,0.872,1,0.79,0.9186,1,0
IWM190920C160,2019-09-13,2019-09-13 09:30:57,0.8,0.9302,289,0.78,0.9069,13,0.75,0.872,1,0.79,0.9186,1,0
IWM190920C160,2019-09-13,2019-09-13 09:30:58,0.8,0.9302,269,0.78,0.9069,29,0.75,0.872,1,0.79,0.9186,1,0
IWM190920C160,2019-09-13,2019-09-13 09:30:58,0.8,0.9302,269,0.78,0.9069,13,0.75,0.872,1,0.79,0.9186,1,0
IWM190920C160,2019-09-13,2019-09-13 09:30:59,0.8,0.9302,259,0.78,0.9069,13,0.75,0.872,1,0.79,0.9186,1,0
IWM190920C160,2019-09-13,2019-09-13 09:31:00,0.8,0.9302,259,0.78,0.9069,13,0.75,0.872,1,0.79,0.9186,1,0
IWM190920C160,2019-09-13,2019-09-13 09:31:00,0.8,0.9302,269,0.78,0.9069,13,0.75,0.872,1,0.79,0.9186,1,0
IWM190920C160,2019-09-13,2019-09-13 09:31:01,0.8,0.9302,200,0.79,0.9186,13,0.75,0.872,1,0.795,0.9244,1,0
IWM190920C160,2019-09-13,2019-09-13 09:31:01,0.8,0.9302,220,0.79,0.9186,13,0.75,0.872,1,0.795,0.9244,1,0
IWM190920C160,2019-09-13,2019-09-13 09:31:02,0.8,0.9302,200,0.79,0.9186,13,0.75,0.872,1,0.795,0.9244,1,0
IWM190920C160,2019-09-13,2019-09-13 09:31:03,0.8,0.9302,200,0.79,0.9186,13,0.75,0.872,1,0.795,0.9244,1,0
IWM190920C160,2019-09-13,2019-09-13 09:31:04,0.8,0.9302,200,0.79,0.9186,13,0.75,0.872,1,0.795,0.9244,1,0
IWM190920C160,2019-09-13,2019-09-13 09:31:05,0.81,0.9418,45,0.8,0.9302,13,0.8,0.9302,192,0.805,0.936,202,201
IWM190920C160,2019-09-13,2019-09-13 09:31:05,0.81,0.9418,45,0.8,0.9302,16,0.8,0.9302,192,0.805,0.936,202,0
IWM190920C160,2019-09-13,2019-09-13 09:31:06,0.81,0.9418,45,0.8,0.9302,13,0.8,0.9302,192,0.805,0.936,202,0
IWM190920C160,2019-09-13,2019-09-13 09:31:07,0.81,0.9418,5,0.79,0.9186,94,0.8,0.9302,192,0.8,0.9302,202,0
IWM190920C160,2019-09-13,2019-09-13 09:31:07,0.81,0.9418,5,0.8,0.9302,1,0.8,0.9302,192,0.805,0.936,202,0
IWM190920C160,2019-09-13,2019-09-13 09:31:08,0.81,0.9418,5,0.79,0.9186,13,0.8,0.9302,192,0.8,0.9302,202,0
IWM190920C160,2019-09-13,2019-09-13 09:31:08,0.81,0.9418,17,0.79,0.9186,94,0.8,0.9302,192,0.8,0.9302,202,0
IWM190920C160,2019-09-13,2019-09-13 09:31:09,0.8,0.9302,1,0.78,0.9069,13,0.8,0.9302,192,0.79,0.9186,202,0
IWM190920C160,2019-09-13,2019-09-13 09:31:09,0.81,0.9418,34,0.79,0.9186,13,0.8,0.9302,192,0.8,0.9302,202,0
IWM190920C160,2019-09-13,2019-09-13 09:31:10,0.8,0.9302,2,0.78,0.9069,34,0.8,0.9302,192,0.79,0.9186,202,0
IWM190920C160,2019-09-13,2019-09-13 09:31:11,0.81,0.9418,38,0.79,0.9186,13,0.8,0.9302,192,0.8,0.9302,202,0
IWM190920C160,2019-09-13,2019-09-13 09:31:11,0.81,0.9418,14,0.79,0.9186,13,0.8,0.9302,192,0.8,0.9302,202,0
IWM190920C160,2019-09-13,2019-09-13 09:31:12,0.81,0.9418,37,0.78,0.9069,94,0.8,0.9302,192,0.795,0.9244,202,0
IWM190920C160,2019-09-13,2019-09-13 09:31:12,0.8,0.9302,25,0.79,0.9186,13,0.8,0.9302,1,0.795,0.9244,203,1
IWM190920C160,2019-09-13,2019-09-13 09:31:13,0.8,0.9302,25,0.79,0.9186,13,0.8,0.9302,1,0.795,0.9244,203,0
IWM190920C160,2019-09-13,2019-09-13 09:31:13,0.8,0.9302,21,0.78,0.9069,120,0.8,0.9302,1,0.79,0.9186,203,0
IWM190920C160,2019-09-13,2019-09-13 09:31:14,0.8,0.9302,15,0.78,0.9069,94,0.8,0.9302,1,0.79,0.9186,203,0
IWM190920C160,2019-09-13,2019-09-13 09:31:14,0.8,0.9302,1,0.78,0.9069,13,0.8,0.9302,1,0.79,0.9186,203,0
IWM190920C160,2019-09-13,2019-09-13 09:31:15,0.81,0.9418,119,0.78,0.9069,107,0.8,0.9302,1,0.795,0.9244,203,0
IWM190920C160,2019-09-13,2019-09-13 09:31:15,0.8,0.9302,2,0.78,0.9069,107,0.8,0.9302,1,0.79,0.9186,203,0
IWM190920C160,2019-09-13,2019-09-13 09:31:16,0.81,0.9418,141,0.78,0.9069,237,0.8,0.9302,1,0.795,0.9244,203,0
IWM190920C160,2019-09-13,2019-09-13 09:31:16,0.81,0.9418,227,0.78,0.9069,122,0.8,0.9302,1,0.795,0.9244,203,0
IWM190920C160,2019-09-13,2019-09-13 09:31:17,0.81,0.9418,94,0.78,0.9069,122,0.8,0.9302,1,0.795,0.9244,203,0
IWM190920C160,2019-09-13,2019-09-13 09:31:17,0.8,0.9302,13,0.78,0.9069,128,0.8,0.9302,1,0.79,0.9186,203,0
IWM190920C160,2019-09-13,2019-09-13 09:31:18,0.8,0.9302,21,0.78,0.9069,15,0.8,0.9302,1,0.79,0.9186,203,0
IWM190920C160,2019-09-13,2019-09-13 09:31:18,0.8,0.9302,21,0.78,0.9069,128,0.8,0.9302,1,0.79,0.9186,203,0
IWM190920C160,2019-09-13,2019-09-13 09:31:19,0.8,0.9302,69,0.77,0.8953,176,0.8,0.9302,1,0.785,0.9127,203,0
IWM190920C160,2019-09-13,2019-09-13 09:31:19,0.8,0.9302,69,0.77,0.8953,105,0.8,0.9302,1,0.785,0.9127,203,0
IWM190920C160,2019-09-13,2019-09-13 09:31:20,0.8,0.9302,206,0.77,0.8953,94,0.8,0.9302,1,0.785,0.9127,203,0
IWM190920C160,2019-09-13,2019-09-13 09:31:20,0.8,0.9302,75,0.77,0.8953,94,0.8,0.9302,1,0.785,0.9127,203,0
IWM190920C160,2019-09-13,2019-09-13 09:31:21,0.8,0.9302,68,0.77,0.8953,94,0.8,0.9302,1,0.785,0.9127,203,0
IWM190920C160,2019-09-13,2019-09-13 09:31:21,0.8,0.9302,83,0.77,0.8953,94,0.8,0.9302,1,0.785,0.9127,203,0
IWM190920C160,2019-09-13,2019-09-13 09:31:22,0.8,0.9302,84,0.78,0.9069,13,0.8,0.9302,1,0.79,0.9186,203,0
IWM190920C160,2019-09-13,2019-09-13 09:31:22,0.8,0.9302,25,0.78,0.9069,13,0.8,0.9302,1,0.79,0.9186,203,0
IWM190920C160,2019-09-13,2019-09-13 09:31:23,0.8,0.9302,252,0.77,0.8953,190,0.8,0.9302,1,0.785,0.9127,203,0
IWM190920C160,2019-09-13,2019-09-13 09:31:23,0.8,0.9302,95,0.77,0.8953,190,0.8,0.9302,1,0.785,0.9127,203,0
IWM190920C160,2019-09-13,2019-09-13 09:31:24,0.8,0.9302,242,0.77,0.8953,216,0.8,0.9302,1,0.785,0.9127,203,0
IWM190920C160,2019-09-13,2019-09-13 09:31:24,0.8,0.9302,252,0.77,0.8953,190,0.8,0.9302,1,0.785,0.9127,203,0
IWM190920C160,2019-09-13,2019-09-13 09:31:25,0.8,0.9302,242,0.77,0.8953,94,0.8,0.9302,1,0.785,0.9127,203,0
IWM190920C160,2019-09-13,2019-09-13 09:31:26,0.8,0.9302,33,0.78,0.9069,13,0.8,0.9302,1,0.79,0.9186,203,0
IWM190920C160,2019-09-13,2019-09-13 09:31:26,0.8,0.9302,266,0.77,0.8953,94,0.8,0.9302,1,0.785,0.9127,203,0
IWM190920C160,2019-09-13,2019-09-13 09:31:27,0.8,0.9302,70,0.77,0.8953,94,0.8,0.9302,1,0.785,0.9127,203,0
IWM190920C160,2019-09-13,2019-09-13 09:31:27,0.8,0.9302,50,0.78,0.9069,13,0.8,0.9302,1,0.79,0.9186,203,0
IWM190920C160,2019-09-13,2019-09-13 09:31:28,0.8,0.9302,218,0.78,0.9069,13,0.8,0.9302,1,0.79,0.9186,203,0
IWM190920C160,2019-09-13,2019-09-13 09:31:28,0.8,0.9302,70,0.77,0.8953,94,0.8,0.9302,1,0.785,0.9127,203,0
IWM190920C160,2019-09-13,2019-09-13 09:31:29,0.8,0.9302,81,0.77,0.8953,68,0.8,0.9302,1,0.785,0.9127,203,0
IWM190920C160,2019-09-13,2019-09-13 09:31:29,0.79,0.9186,13,0.77,0.8953,205,0.8,0.9302,1,0.78,0.9069,203,0
IWM190920C160,2019-09-13,2019-09-13 09:31:30,0.8,0.9302,28,0.77,0.8953,100,0.8,0.9302,1,0.785,0.9127,203,0
IWM190920C160,2019-09-13,2019-09-13 09:31:31,0.8,0.9302,216,0.78,0.9069,13,0.8,0.9302,1,0.79,0.9186,203,0
IWM190920C160,2019-09-13,2019-09-13 09:31:31,0.8,0.9302,23,0.78,0.9069,13,0.8,0.9302,1,0.79,0.9186,203,0
IWM190920C160,2019-09-13,2019-09-13 09:31:32,0.8,0.9302,255,0.77,0.8953,140,0.8,0.9302,1,0.785,0.9127,203,0
IWM190920C160,2019-09-13,2019-09-13 09:31:33,0.8,0.9302,91,0.77,0.8953,170,0.8,0.9302,1,0.785,0.9127,203,0
IWM190920C160,2019-09-13,2019-09-13 09:31:33,0.8,0.9302,68,0.77,0.8953,170,0.8,0.9302,1,0.785,0.9127,203,0
IWM190920C160,2019-09-13,2019-09-13 09:31:34,0.8,0.9302,140,0.78,0.9069,13,0.8,0.9302,1,0.79,0.9186,203,0
IWM190920C160,2019-09-13,2019-09-13 09:31:34,0.8,0.9302,91,0.77,0.8953,65,0.8,0.9302,1,0.785,0.9127,203,0
IWM190920C160,2019-09-13,2019-09-13 09:31:35,0.8,0.9302,44,0.78,0.9069,13,0.8,0.9302,1,0.79,0.9186,203,0
IWM190920C160,2019-09-13,2019-09-13 09:31:35,0.8,0.9302,17,0.78,0.9069,13,0.8,0.9302,1,0.79,0.9186,203,0
IWM190920C160,2019-09-13,2019-09-13 09:31:36,0.8,0.9302,68,0.78,0.9069,13,0.8,0.9302,1,0.79,0.9186,203,0
IWM190920C160,2019-09-13,2019-09-13 09:31:36,0.8,0.9302,44,0.78,0.9069,13,0.8,0.9302,1,0.79,0.9186,203,0
IWM190920C160,2019-09-13,2019-09-13 09:31:37,0.8,0.9302,245,0.78,0.9069,13,0.8,0.9302,1,0.79,0.9186,203,0
IWM190920C160,2019-09-13,2019-09-13 09:31:37,0.8,0.9302,58,0.78,0.9069,13,0.8,0.9302,1,0.79,0.9186,203,0
IWM190920C160,2019-09-13,2019-09-13 09:31:38,0.8,0.9302,220,0.78,0.9069,13,0.8,0.9302,1,0.79,0.9186,203,0
IWM190920C160,2019-09-13,2019-09-13 09:31:38,0.8,0.9302,245,0.78,0.9069,13,0.8,0.9302,1,0.79,0.9186,203,0
IWM190920C160,2019-09-13,2019-09-13 09:31:39,0.8,0.9302,79,0.78,0.9069,13,0.8,0.9302,1,0.79,0.9186,203,0
IWM190920C160,2019-09-13,2019-09-13 09:31:39,0.8,0.9302,220,0.78,0.9069,13,0.8,0.9302,1,0.79,0.9186,203,0
IWM190920C160,2019-09-13,2019-09-13 09:31:40,0.8,0.9302,94,0.77,0.8953,208,0.8,0.9302,1,0.785,0.9127,203,0
IWM190920C160,2019-09-13,2019-09-13 09:31:40,0.8,0.9302,94,0.77,0.8953,237,0.8,0.9302,1,0.785,0.9127,203,0
IWM190920C160,2019-09-13,2019-09-13 09:31:41,0.8,0.9302,94,0.77,0.8953,208,0.8,0.9302,1,0.785,0.9127,203,0
IWM190920C160,2019-09-13,2019-09-13 09:31:41,0.8,0.9302,307,0.77,0.8953,87,0.8,0.9302,1,0.785,0.9127,203,0
IWM190920C160,2019-09-13,2019-09-13 09:31:42,0.8,0.9302,314,0.78,0.9069,13,0.8,0.9302,1,0.79,0.9186,203,0
IWM190920C160,2019-09-13,2019-09-13 09:31:42,0.8,0.9302,307,0.77,0.8953,94,0.8,0.9302,1,0.785,0.9127,203,0
IWM190920C160,2019-09-13,2019-09-13 09:31:43,0.8,0.9302,50,0.78,0.9069,13,0.8,0.9302,1,0.79,0.9186,203,0
IWM190920C160,2019-09-13,2019-09-13 09:31:43,0.81,0.9418,110,0.79,0.9186,13,0.8,0.9302,1,0.8,0.9302,203,0
IWM190920C160,2019-09-13,2019-09-13 09:31:44,0.81,0.9418,78,0.78,0.9069,133,0.8,0.9302,1,0.795,0.9244,203,0
IWM190920C160,2019-09-13,2019-09-13 09:31:44,0.81,0.9418,131,0.78,0.9069,100,0.8,0.9302,1,0.795,0.9244,203,0
IWM190920C160,2019-09-13,2019-09-13 09:31:45,0.81,0.9418,232,0.78,0.9069,134,0.8,0.9302,1,0.795,0.9244,203,0
IWM190920C160,2019-09-13,2019-09-13 09:31:45,0.79,0.9186,2,0.78,0.9069,80,0.8,0.9302,1,0.785,0.9127,203,0
IWM190920C160,2019-09-13,2019-09-13 09:31:46,0.79,0.9186,2,0.78,0.9069,66,0.8,0.9302,1,0.785,0.9127,203,0
IWM190920C160,2019-09-13,2019-09-13 09:31:46,0.79,0.9186,3,0.78,0.9069,80,0.8,0.9302,1,0.785,0.9127,203,0
IWM190920C160,2019-09-13,2019-09-13 09:31:47,0.81,0.9418,33,0.79,0.9186,32,0.79,0.9186,1,0.8,0.9302,205,2
IWM190920C160,2019-09-13,2019-09-13 09:31:47,0.81,0.9418,46,0.79,0.9186,60,0.79,0.9186,1,0.8,0.9302,205,0
IWM190920C160,2019-09-13,2019-09-13 09:31:48,0.81,0.9418,5,0.8,0.9302,13,0.79,0.9186,1,0.805,0.936,205,0
IWM190920C160,2019-09-13,2019-09-13 09:31:48,0.81,0.9418,29,0.79,0.9186,118,0.79,0.9186,1,0.8,0.9302,205,0
IWM190920C160,2019-09-13,2019-09-13 09:31:49,0.81,0.9418,9,0.79,0.9186,122,0.79,0.9186,1,0.8,0.9302,205,0
IWM190920C160,2019-09-13,2019-09-13 09:31:49,0.81,0.9418,5,0.79,0.9186,122,0.79,0.9186,1,0.8,0.9302,205,0
IWM190920C160,2019-09-13,2019-09-13 09:31:50,0.81,0.9418,6,0.79,0.9186,122,0.79,0.9186,1,0.8,0.9302,205,0
IWM190920C160,2019-09-13,2019-09-13 09:31:50,0.81,0.9418,5,0.8,0.9302,13,0.79,0.9186,1,0.805,0.936,205,0
IWM190920C160,2019-09-13,2019-09-13 09:31:51,0.81,0.9418,40,0.79,0.9186,43,0.79,0.9186,1,0.8,0.9302,205,0
IWM190920C160,2019-09-13,2019-09-13 09:31:52,0.8,0.9302,78,0.79,0.9186,13,0.79,0.9186,1,0.795,0.9244,205,0
IWM190920C160,2019-09-13,2019-09-13 09:31:52,0.81,0.9418,98,0.79,0.9186,30,0.79,0.9186,1,0.8,0.9302,205,0
IWM190920C160,2019-09-13,2019-09-13 09:31:53,0.81,0.9418,52,0.79,0.9186,13,0.79,0.9186,1,0.8,0.9302,205,0
IWM190920C160,2019-09-13,2019-09-13 09:31:53,0.81,0.9418,84,0.78,0.9069,148,0.79,0.9186,1,0.795,0.9244,205,0
IWM190920C160,2019-09-13,2019-09-13 09:31:54,0.8,0.9302,2,0.78,0.9069,83,0.79,0.9186,1,0.79,0.9186,205,0
IWM190920C160,2019-09-13,2019-09-13 09:31:54,0.8,0.9302,15,0.78,0.9069,83,0.79,0.9186,1,0.79,0.9186,205,0
IWM190920C160,2019-09-13,2019-09-13 09:31:55,0.81,0.9418,31,0.79,0.9186,13,0.79,0.9186,1,0.8,0.9302,205,0
IWM190920C160,2019-09-13,2019-09-13 09:31:55,0.81,0.9418,24,0.79,0.9186,60,0.79,0.9186,1,0.8,0.9302,205,0
IWM190920C160,2019-09-13,2019-09-13 09:31:56,0.81,0.9418,53,0.79,0.9186,15,0.79,0.9186,1,0.8,0.9302,205,0
IWM190920C160,2019-09-13,2019-09-13 09:31:56,0.81,0.9418,21,0.79,0.9186,15,0.79,0.9186,1,0.8,0.9302,205,0
IWM190920C160,2019-09-13,2019-09-13 09:31:57,0.81,0.9418,35,0.79,0.9186,15,0.79,0.9186,1,0.8,0.9302,205,0
IWM190920C160,2019-09-13,2019-09-13 09:31:57,0.81,0.9418,58,0.79,0.9186,15,0.79,0.9186,1,0.8,0.9302,205,0
IWM190920C160,2019-09-13,2019-09-13 09:31:58,0.81,0.9418,28,0.79,0.9186,15,0.79,0.9186,1,0.8,0.9302,205,0
IWM190920C160,2019-09-13,2019-09-13 09:31:58,0.81,0.9418,185,0.79,0.9186,15,0.79,0.9186,1,0.8,0.9302,205,0
IWM190920C160,2019-09-13,2019-09-13 09:31:59,0.81,0.9418,189,0.79,0.9186,2,0.79,0.9186,1,0.8,0.9302,205,0
IWM190920C160,2019-09-13,2019-09-13 09:31:59,0.81,0.9418,189,0.79,0.9186,15,0.79,0.9186,1,0.8,0.9302,205,0
IWM190920C160,2019-09-13,2019-09-13 09:32:00,0.81,0.9418,5,0.8,0.9302,60,0.79,0.9186,1,0.805,0.936,205,0
IWM190920C160,2019-09-13,2019-09-13 09:32:00,0.81,0.9418,31,0.79,0.9186,15,0.79,0.9186,1,0.8,0.9302,205,0
IWM190920C160,2019-09-13,2019-09-13 09:32:01,0.81,0.9418,5,0.8,0.9302,60,0.79,0.9186,1,0.805,0.936,205,0
IWM190920C160,2019-09-13,2019-09-13 09:32:01,0.81,0.9418,5,0.8,0.9302,55,0.79,0.9186,1,0.805,0.936,205,0
IWM190920C160,2019-09-13,2019-09-13 09:32:02,0.81,0.9418,5,0.8,0.9302,220,0.81,0.9418,4,0.805,0.936,210,5
IWM190920C160,2019-09-13,2019-09-13 09:32:02,0.81,0.9418,5,0.8,0.9302,220,0.79,0.9186,1,0.805,0.936,205,0
IWM190920C160,2019-09-13,2019-09-13 09:32:03,0.82,0.9534,6,0.81,0.9418,30,0.81,0.9418,4,0.815,0.9476,210,0
IWM190920C160,2019-09-13,2019-09-13 09:32:03,0.82,0.9534,6,0.81,0.9418,76,0.81,0.9418,4,0.815,0.9476,210,0
IWM190920C160,2019-09-13,2019-09-13 09:32:04,0.82,0.9534,6,0.81,0.9418,178,0.81,0.9418,4,0.815,0.9476,210,0
IWM190920C160,2019-09-13,2019-09-13 09:32:04,0.83,0.9651,1,0.81,0.9418,205,0.81,0.9418,4,0.82,0.9534,210,0
IWM190920C160,2019-09-13,2019-09-13 09:32:05,0.84,0.9767,544,0.82,0.9534,43,0.81,0.9418,4,0.83,0.9651,210,0
IWM190920C160,2019-09-13,2019-09-13 09:32:05,0.84,0.9767,462,0.82,0.9534,29,0.81,0.9418,4,0.83,0.9651,210,0
IWM190920C160,2019-09-13,2019-09-13 09:32:06,0.84,0.9767,544,0.82,0.9534,53,0.81,0.9418,4,0.83,0.9651,210,0
IWM190920C160,2019-09-13,2019-09-13 09:32:06,0.83,0.9651,10,0.81,0.9418,509,0.81,0.9418,4,0.82,0.9534,210,0
IWM190920C160,2019-09-13,2019-09-13 09:32:07,0.84,0.9767,337,0.82,0.9534,82,0.81,0.9418,4,0.83,0.9651,210,0
IWM190920C160,2019-09-13,2019-09-13 09:32:07,0.83,0.9651,20,0.82,0.9534,25,0.81,0.9418,4,0.825,0.9593,210,0
IWM190920C160,2019-09-13,2019-09-13 09:32:08,0.84,0.9767,359,0.82,0.9534,117,0.81,0.9418,4,0.83,0.9651,210,0
IWM190920C160,2019-09-13,2019-09-13 09:32:08,0.84,0.9767,337,0.82,0.9534,101,0.81,0.9418,4,0.83,0.9651,210,0
IWM190920C160,2019-09-13,2019-09-13 09:32:09,0.83,0.9651,96,0.81,0.9418,268,0.81,0.9418,4,0.82,0.9534,210,0
IWM190920C160,2019-09-13,2019-09-13 09:32:09,0.84,0.9767,207,0.82,0.9534,62,0.81,0.9418,4,0.83,0.9651,210,0
IWM190920C160,2019-09-13,2019-09-13 09:32:10,0.84,0.9767,561,0.81,0.9418,295,0.81,0.9418,4,0.825,0.9593,210,0
IWM190920C160,2019-09-13,2019-09-13 09:32:10,0.84,0.9767,463,0.82,0.9534,56,0.81,0.9418,4,0.83,0.9651,210,0
IWM190920C160,2019-09-13,2019-09-13 09:32:11,0.83,0.9651,179,0.81,0.9418,365,0.81,0.9418,4,0.82,0.9534,210,0
IWM190920C160,2019-09-13,2019-09-13 09:32:11,0.83,0.9651,77,0.81,0.9418,365,0.81,0.9418,4,0.82,0.9534,210,0
IWM190920C160,2019-09-13,2019-09-13 09:32:12,0.83,0.9651,142,0.81,0.9418,411,0.81,0.9418,4,0.82,0.9534,210,0
IWM190920C160,2019-09-13,2019-09-13 09:32:12,0.83,0.9651,23,0.81,0.9418,411,0.81,0.9418,4,0.82,0.9534,210,0
IWM190920C160,2019-09-13,2019-09-13 09:32:13,0.84,0.9767,533,0.82,0.9534,31,0.81,0.9418,4,0.83,0.9651,210,0
IWM190920C160,2019-09-13,2019-09-13 09:32:14,0.84,0.9767,240,0.82,0.9534,164,0.83,0.9651,5,0.83,0.9651,215,5
IWM190920C160,2019-09-13,2019-09-13 09:32:14,0.84,0.9767,104,0.82,0.9534,339,0.83,0.9651,5,0.83,0.9651,215,0
IWM190920C160,2019-09-13,2019-09-13 09:32:15,0.83,0.9651,251,0.81,0.9418,216,0.83,0.9651,5,0.82,0.9534,215,0
IWM190920C160,2019-09-13,2019-09-13 09:32:15,0.83,0.9651,13,0.81,0.9418,196,0.83,0.9651,5,0.82,0.9534,215,0
IWM190920C160,2019-09-13,2019-09-13 09:32:16,0.83,0.9651,251,0.81,0.9418,314,0.83,0.9651,5,0.82,0.9534,215,0
IWM190920C160,2019-09-13,2019-09-13 09:32:16,0.84,0.9767,30,0.81,0.9418,314,0.83,0.9651,5,0.825,0.9593,215,0
IWM190920C160,2019-09-13,2019-09-13 09:32:17,0.84,0.9767,10,0.82,0.9534,344,0.83,0.9651,5,0.83,0.9651,215,0
IWM190920C160,2019-09-13,2019-09-13 09:32:17,0.84,0.9767,20,0.82,0.9534,344,0.83,0.9651,5,0.83,0.9651,215,0
IWM190920C160,2019-09-13,2019-09-13 09:32:18,0.84,0.9767,150,0.83,0.9651,13,0.83,0.9651,5,0.835,0.9709,215,0
IWM190920C160,2019-09-13,2019-09-13 09:32:18,0.84,0.9767,30,0.83,0.9651,13,0.83,0.9651,5,0.835,0.9709,215,0
IWM190920C160,2019-09-13,2019-09-13 09:32:19,0.84,0.9767,175,0.82,0.9534,114,0.83,0.9651,5,0.83,0.9651,215,0
IWM190920C160,2019-09-13,2019-09-13 09:32:19,0.84,0.9767,71,0.83,0.9651,13,0.83,0.9651,5,0.835,0.9709,215,0
IWM190920C160,2019-09-13,2019-09-13 09:32:20,0.84,0.9767,244,0.82,0.9534,80,0.83,0.9651,5,0.83,0.9651,215,0
IWM190920C160,2019-09-13,2019-09-13 09:32:20,0.84,0.9767,20,0.83,0.9651,13,0.83,0.9651,5,0.835,0.9709,215,0
IWM190920C160,2019-09-13,2019-09-13 09:32:21,0.84,0.9767,218,0.83,0.9651,13,0.83,0.9651,5,0.835,0.9709,215,0
IWM190920C160,2019-09-13,2019-09-13 09:32:21,0.84,0.9767,191,0.83,0.9651,13,0.83,0.9651,5,0.835,0.9709,215,0
IWM190920C160,2019-09-13,2019-09-13 09:32:22,0.84,0.9767,235,0.83,0.9651,13,0.83,0.9651,5,0.835,0.9709,215,0
IWM190920C160,2019-09-13,2019-09-13 09:32:22,0.84,0.9767,61,0.82,0.9534,166,0.83,0.9651,5,0.83,0.9651,215,0
IWM190920C160,2019-09-13,2019-09-13 09:32:23,0.84,0.9767,177,0.82,0.9534,41,0.83,0.9651,5,0.83,0.9651,215,0
IWM190920C160,2019-09-13,2019-09-13 09:32:23,0.84,0.9767,302,0.82,0.9534,41,0.83,0.9651,5,0.83,0.9651,215,0
IWM190920C160,2019-09-13,2019-09-13 09:32:24,0.84,0.9767,54,0.83,0.9651,13,0.83,0.9651,5,0.835,0.9709,215,0
IWM190920C160,2019-09-13,2019-09-13 09:32:24,0.84,0.9767,116,0.83,0.9651,13,0.83,0.9651,5,0.835,0.9709,215,0
IWM190920C160,2019-09-13,2019-09-13 09:32:25,0.84,0.9767,31,0.82,0.9534,80,0.83,0.9651,5,0.83,0.9651,215,0
IWM190920C160,2019-09-13,2019-09-13 09:32:25,0.84,0.9767,39,0.82,0.9534,400,0.83,0.9651,5,0.83,0.9651,215,0
IWM190920C160,2019-09-13,2019-09-13 09:32:26,0.84,0.9767,214,0.82,0.9534,315,0.83,0.9651,5,0.83,0.9651,215,0
IWM190920C160,2019-09-13,2019-09-13 09:32:26,0.84,0.9767,160,0.82,0.9534,443,0.83,0.9651,5,0.83,0.9651,215,0
IWM190920C160,2019-09-13,2019-09-13 09:32:27,0.84,0.9767,77,0.82,0.9534,197,0.83,0.9651,5,0.83,0.9651,215,0
IWM190920C160,2019-09-13,2019-09-13 09:32:27,0.84,0.9767,63,0.82,0.9534,197,0.83,0.9651,5,0.83,0.9651,215,0
IWM190920C160,2019-09-13,2019-09-13 09:32:28,0.84,0.9767,272,0.82,0.9534,276,0.83,0.9651,5,0.83,0.9651,215,0
IWM190920C160,2019-09-13,2019-09-13 09:32:28,0.84,0.9767,65,0.82,0.9534,294,0.83,0.9651,5,0.83,0.9651,215,0
IWM190920C160,2019-09-13,2019-09-13 09:32:29,0.85,0.9883,33,0.84,0.9767,71,0.83,0.9651,5,0.845,0.9825,215,0
IWM190920C160,2019-09-13,2019-09-13 09:32:29,0.84,0.9767,10,0.83,0.9651,25,0.83,0.9651,5,0.835,0.9709,215,0
IWM190920C160,2019-09-13,2019-09-13 09:32:30,0.86,1.0,189,0.84,0.9767,71,0.83,0.9651,5,0.85,0.9883,215,0
IWM190920C160,2019-09-13,2019-09-13 09:32:30,0.86,1.0,281,0.84,0.9767,291,0.83,0.9651,5,0.85,0.9883,215,0
IWM190920C160,2019-09-13,2019-09-13 09:32:31,0.86,1.0,102,0.84,0.9767,445,0.83,0.9651,5,0.85,0.9883,215,0
IWM190920C160,2019-09-13,2019-09-13 09:32:31,0.86,1.0,411,0.84,0.9767,308,0.83,0.9651,5,0.85,0.9883,215,0
IWM190920C160,2019-09-13,2019-09-13 09:32:32,0.87,1.0116,412,0.85,0.9883,78,0.83,0.9651,5,0.86,1.0,215,0
IWM190920C160,2019-09-13,2019-09-13 09:32:32,0.87,1.0116,329,0.85,0.9883,198,0.83,0.9651,5,0.86,1.0,215,0
IWM190920C160,2019-09-13,2019-09-13 09:32:33,0.87,1.0116,363,0.85,0.9883,198,0.83,0.9651,5,0.86,1.0,215,0
IWM190920C160,2019-09-13,2019-09-13 09:32:34,0.87,1.0116,496,0.85,0.9883,93,0.83,0.9651,5,0.86,1.0,215,0
IWM190920C160,2019-09-13,2019-09-13 09:32:34,0.87,1.0116,536,0.85,0.9883,197,0.83,0.9651,5,0.86,1.0,215,0
IWM190920C160,2019-09-13,2019-09-13 09:32:35,0.87,1.0116,609,0.85,0.9883,93,0.83,0.9651,5,0.86,1.0,215,0
IWM190920C160,2019-09-13,2019-09-13 09:32:35,0.87,1.0116,332,0.85,0.9883,93,0.83,0.9651,5,0.86,1.0,215,0
IWM190920C160,2019-09-13,2019-09-13 09:32:36,0.87,1.0116,619,0.85,0.9883,34,0.83,0.9651,5,0.86,1.0,215,0
IWM190920C160,2019-09-13,2019-09-13 09:32:36,0.87,1.0116,635,0.85,0.9883,34,0.83,0.9651,5,0.86,1.0,215,0
IWM190920C160,2019-09-13,2019-09-13 09:32:37,0.86,1.0,290,0.84,0.9767,92,0.83,0.9651,5,0.85,0.9883,215,0
IWM190920C160,2019-09-13,2019-09-13 09:32:37,0.86,1.0,49,0.84,0.9767,81,0.83,0.9651,5,0.85,0.9883,215,0
IWM190920C160,2019-09-13,2019-09-13 09:32:38,0.86,1.0,335,0.84,0.9767,194,0.83,0.9651,5,0.85,0.9883,215,0
IWM190920C160,2019-09-13,2019-09-13 09:32:38,0.86,1.0,200,0.85,0.9883,24,0.83,0.9651,5,0.855,0.9941,215,0
IWM190920C160,2019-09-13,2019-09-13 09:32:39,0.87,1.0116,671,0.85,0.9883,15,0.83,0.9651,5,0.86,1.0,215,0
IWM190920C160,2019-09-13,2019-09-13 09:32:39,0.87,1.0116,306,0.85,0.9883,66,0.83,0.9651,5,0.86,1.0,215,0
IWM190920C160,2019-09-13,2019-09-13 09:32:40,0.87,1.0116,366,0.85,0.9883,23,0.83,0.9651,5,0.86,1.0,215,0
IWM190920C160,2019-09-13,2019-09-13 09:32:40,0.87,1.0116,366,0.84,0.9767,288,0.83,0.9651,5,0.855,0.9941,215,0
IWM190920C160,2019-09-13,2019-09-13 09:32:41,0.85,0.9883,288,0.83,0.9651,45,0.83,0.9651,5,0.84,0.9767,215,0
IWM190920C160,2019-09-13,2019-09-13 09:32:41,0.85,0.9883,370,0.83,0.9651,46,0.83,0.9651,5,0.84,0.9767,215,0
IWM190920C160,2019-09-13,2019-09-13 09:32:42,0.85,0.9883,381,0.83,0.9651,125,0.83,0.9651,5,0.84,0.9767,215,0
IWM190920C160,2019-09-13,2019-09-13 09:32:42,0.85,0.9883,261,0.83,0.9651,105,0.83,0.9651,5,0.84,0.9767,215,0
IWM190920C160,2019-09-13,2019-09-13 09:32:43,0.85,0.9883,569,0.82,0.9534,228,0.83,0.9651,5,0.835,0.9709,215,0
IWM190920C160,2019-09-13,2019-09-13 09:32:43,0.85,0.9883,496,0.83,0.9651,26,0.83,0.9651,5,0.84,0.9767,215,0
IWM190920C160,2019-09-13,2019-09-13 09:32:44,0.84,0.9767,565,0.81,0.9418,413,0.83,0.9651,5,0.825,0.9593,215,0
IWM190920C160,2019-09-13,2019-09-13 09:32:44,0.84,0.9767,333,0.82,0.9534,87,0.83,0.9651,5,0.83,0.9651,215,0
IWM190920C160,2019-09-13,2019-09-13 09:32:45,0.83,0.9651,14,0.82,0.9534,25,0.83,0.9651,5,0.825,0.9593,215,0
IWM190920C160,2019-09-13,2019-09-13 09:32:45,0.83,0.9651,69,0.81,0.9418,116,0.83,0.9651,5,0.82,0.9534,215,0
IWM190920C160,2019-09-13,2019-09-13 09:32:46,0.83,0.9651,88,0.81,0.9418,150,0.83,0.9651,5,0.82,0.9534,215,0
IWM190920C160,2019-09-13,2019-09-13 09:32:46,0.83,0.9651,83,0.82,0.9534,13,0.83,0.9651,5,0.825,0.9593,215,0
IWM190920C160,2019-09-13,2019-09-13 09:32:47,0.83,0.9651,132,0.82,0.9534,13,0.83,0.9651,5,0.825,0.9593,215,0
IWM190920C160,2019-09-13,2019-09-13 09:32:47,0.83,0.9651,117,0.82,0.9534,13,0.83,0.9651,5,0.825,0.9593,215,0
IWM190920C160,2019-09-13,2019-09-13 09:32:48,0.84,0.9767,295,0.82,0.9534,27,0.83,0.9651,5,0.83,0.9651,215,0
IWM190920C160,2019-09-13,2019-09-13 09:32:48,0.83,0.9651,34,0.82,0.9534,13,0.83,0.9651,5,0.825,0.9593,215,0
IWM190920C160,2019-09-13,2019-09-13 09:32:49,0.84,0.9767,120,0.82,0.9534,27,0.83,0.9651,5,0.83,0.9651,215,0
IWM190920C160,2019-09-13,2019-09-13 09:32:49,0.85,0.9883,392,0.83,0.9651,20,0.83,0.9651,5,0.84,0.9767,215,0
IWM190920C160,2019-09-13,2019-09-13 09:32:50,0.85,0.9883,439,0.83,0.9651,71,0.83,0.9651,5,0.84,0.9767,215,0
IWM190920C160,2019-09-13,2019-09-13 09:32:50,0.85,0.9883,380,0.83,0.9651,20,0.83,0.9651,5,0.84,0.9767,215,0
IWM190920C160,2019-09-13,2019-09-13 09:32:51,0.85,0.9883,469,0.84,0.9767,13,0.83,0.9651,5,0.845,0.9825,215,0
IWM190920C160,2019-09-13,2019-09-13 09:32:51,0.85,0.9883,506,0.83,0.9651,123,0.83,0.9651,5,0.84,0.9767,215,0
IWM190920C160,2019-09-13,2019-09-13 09:32:52,0.85,0.9883,482,0.83,0.9651,60,0.83,0.9651,5,0.84,0.9767,215,0
IWM190920C160,2019-09-13,2019-09-13 09:32:53,0.85,0.9883,186,0.83,0.9651,60,0.83,0.9651,5,0.84,0.9767,215,0
IWM190920C160,2019-09-13,2019-09-13 09:32:53,0.85,0.9883,398,0.84,0.9767,10,0.83,0.9651,5,0.845,0.9825,215,0
IWM190920C160,2019-09-13,2019-09-13 09:32:54,0.85,0.9883,339,0.83,0.9651,108,0.83,0.9651,5,0.84,0.9767,215,0
IWM190920C160,2019-09-13,2019-09-13 09:32:54,0.85,0.9883,232,0.84,0.9767,26,0.83,0.9651,5,0.845,0.9825,215,0
IWM190920C160,2019-09-13,2019-09-13 09:32:55,0.85,0.9883,398,0.83,0.9651,95,0.83,0.9651,5,0.84,0.9767,215,0
IWM190920C160,2019-09-13,2019-09-13 09:32:55,0.85,0.9883,232,0.83,0.9651,60,0.83,0.9651,5,0.84,0.9767,215,0
IWM190920C160,2019-09-13,2019-09-13 09:32:56,0.85,0.9883,398,0.83,0.9651,143,0.83,0.9651,5,0.84,0.9767,215,0
IWM190920C160,2019-09-13,2019-09-13 09:32:56,0.85,0.9883,133,0.83,0.9651,197,0.83,0.9651,5,0.84,0.9767,215,0
IWM190920C160,2019-09-13,2019-09-13 09:32:57,0.85,0.9883,173,0.83,0.9651,197,0.83,0.9651,5,0.84,0.9767,215,0
IWM190920C160,2019-09-13,2019-09-13 09:32:57,0.85,0.9883,202,0.84,0.9767,26,0.83,0.9651,5,0.845,0.9825,215,0
IWM190920C160,2019-09-13,2019-09-13 09:32:58,0.85,0.9883,155,0.84,0.9767,26,0.83,0.9651,5,0.845,0.9825,215,0
IWM190920C160,2019-09-13,2019-09-13 09:32:58,0.85,0.9883,122,0.84,0.9767,39,0.83,0.9651,5,0.845,0.9825,215,0
IWM190920C160,2019-09-13,2019-09-13 09:32:59,0.85,0.9883,122,0.84,0.9767,26,0.83,0.9651,5,0.845,0.9825,215,0
IWM190920C160,2019-09-13,2019-09-13 09:32:59,0.85,0.9883,122,0.84,0.9767,26,0.84,0.9767,10,0.845,0.9825,225,10
IWM190920C160,2019-09-13,2019-09-13 09:33:00,0.85,0.9883,104,0.84,0.9767,61,0.84,0.9767,10,0.845,0.9825,225,0
IWM190920C160,2019-09-13,2019-09-13 09:33:00,0.85,0.9883,321,0.84,0.9767,26,0.84,0.9767,10,0.845,0.9825,225,0
IWM190920C160,2019-09-13,2019-09-13 09:33:01,0.85,0.9883,11,0.84,0.9767,61,0.84,0.9767,10,0.845,0.9825,225,0
IWM190920C160,2019-09-13,2019-09-13 09:33:01,0.85,0.9883,55,0.84,0.9767,61,0.84,0.9767,10,0.845,0.9825,225,0
IWM190920C160,2019-09-13,2019-09-13 09:33:02,0.86,1.0,251,0.85,0.9883,22,0.84,0.9767,10,0.855,0.9941,225,0
IWM190920C160,2019-09-13,2019-09-13 09:33:02,0.86,1.0,363,0.84,0.9767,61,0.84,0.9767,10,0.85,0.9883,225,0
IWM190920C160,2019-09-13,2019-09-13 09:33:03,0.86,1.0,134,0.85,0.9883,34,0.84,0.9767,10,0.855,0.9941,225,0
IWM190920C160,2019-09-13,2019-09-13 09:33:03,0.87,1.0116,201,0.85,0.9883,34,0.84,0.9767,10,0.86,1.0,225,0
IWM190920C160,2019-09-13,2019-09-13 09:33:04,0.87,1.0116,269,0.85,0.9883,34,0.84,0.9767,10,0.86,1.0,225,0
IWM190920C160,2019-09-13,2019-09-13 09:33:05,0.88,1.0232,529,0.86,1.0,22,0.84,0.9767,10,0.87,1.0116,225,0
IWM190920C160,2019-09-13,2019-09-13 09:33:05,0.88,1.0232,95,0.86,1.0,22,0.84,0.9767,10,0.87,1.0116,225,0
IWM190920C160,2019-09-13,2019-09-13 09:33:06,0.88,1.0232,334,0.86,1.0,58,0.84,0.9767,10,0.87,1.0116,225,0
IWM190920C160,2019-09-13,2019-09-13 09:33:06,0.88,1.0232,252,0.86,1.0,58,0.84,0.9767,10,0.87,1.0116,225,0
IWM190920C160,2019-09-13,2019-09-13 09:33:07,0.88,1.0232,472,0.86,1.0,84,0.84,0.9767,10,0.87,1.0116,225,0
IWM190920C160,2019-09-13,2019-09-13 09:33:07,0.88,1.0232,253,0.86,1.0,58,0.84,0.9767,10,0.87,1.0116,225,0
IWM190920C160,2019-09-13,2019-09-13 09:33:08,0.88,1.0232,366,0.86,1.0,84,0.84,0.9767,10,0.87,1.0116,225,0
IWM190920C160,2019-09-13,2019-09-13 09:33:08,0.88,1.0232,356,0.86,1.0,84,0.84,0.9767,10,0.87,1.0116,225,0
IWM190920C160,2019-09-13,2019-09-13 09:33:09,0.88,1.0232,356,0.86,1.0,84,0.84,0.9767,10,0.87,1.0116,225,0
IWM190920C160,2019-09-13,2019-09-13 09:33:09,0.88,1.0232,511,0.86,1.0,84,0.84,0.9767,10,0.87,1.0116,225,0
IWM190920C160,2019-09-13,2019-09-13 09:33:10,0.88,1.0232,613,0.86,1.0,22,0.84,0.9767,10,0.87,1.0116,225,0
IWM190920C160,2019-09-13,2019-09-13 09:33:10,0.88,1.0232,511,0.86,1.0,22,0.84,0.9767,10,0.87,1.0116,225,0
IWM190920C160,2019-09-13,2019-09-13 09:33:11,0.86,1.0,43,0.85,0.9883,25,0.84,0.9767,10,0.855,0.9941,225,0
IWM190920C160,2019-09-13,2019-09-13 09:33:11,0.88,1.0232,712,0.85,0.9883,64,0.84,0.9767,10,0.865,1.0058,225,0
IWM190920C160,2019-09-13,2019-09-13 09:33:12,0.87,1.0116,453,0.85,0.9883,102,0.84,0.9767,10,0.86,1.0,225,0
IWM190920C160,2019-09-13,2019-09-13 09:33:12,0.87,1.0116,258,0.85,0.9883,115,0.84,0.9767,10,0.86,1.0,225,0
IWM190920C160,2019-09-13,2019-09-13 09:33:13,0.87,1.0116,423,0.85,0.9883,56,0.84,0.9767,10,0.86,1.0,225,0
IWM190920C160,2019-09-13,2019-09-13 09:33:14,0.87,1.0116,14,0.86,1.0,13,0.84,0.9767,10,0.865,1.0058,225,0
IWM190920C160,2019-09-13,2019-09-13 09:33:14,0.87,1.0116,20,0.86,1.0,13,0.84,0.9767,10,0.865,1.0058,225,0
IWM190920C160,2019-09-13,2019-09-13 09:33:15,0.87,1.0116,54,0.86,1.0,71,0.84,0.9767,10,0.865,1.0058,225,0
IWM190920C160,2019-09-13,2019-09-13 09:33:15,0.87,1.0116,14,0.86,1.0,48,0.84,0.9767,10,0.865,1.0058,225,0
IWM190920C160,2019-09-13,2019-09-13 09:33:16,0.88,1.0232,329,0.86,1.0,155,0.84,0.9767,10,0.87,1.0116,225,0
IWM190920C160,2019-09-13,2019-09-13 09:33:16,0.88,1.0232,364,0.86,1.0,122,0.84,0.9767,10,0.87,1.0116,225,0
IWM190920C160,2019-09-13,2019-09-13 09:33:17,0.88,1.0232,469,0.86,1.0,61,0.84,0.9767,10,0.87,1.0116,225,0
IWM190920C160,2019-09-13,2019-09-13 09:33:17,0.88,1.0232,465,0.86,1.0,61,0.84,0.9767,10,0.87,1.0116,225,0
IWM190920C160,2019-09-13,2019-09-13 09:33:18,0.88,1.0232,530,0.86,1.0,13,0.84,0.9767,10,0.87,1.0116,225,0
IWM190920C160,2019-09-13,2019-09-13 09:33:18,0.88,1.0232,477,0.86,1.0,32,0.84,0.9767,10,0.87,1.0116,225,0
IWM190920C160,2019-09-13,2019-09-13 09:33:19,0.88,1.0232,676,0.85,0.9883,87,0.84,0.9767,10,0.865,1.0058,225,0
IWM190920C160,2019-09-13,2019-09-13 09:33:19,0.88,1.0232,553,0.85,0.9883,78,0.84,0.9767,10,0.865,1.0058,225,0
IWM190920C160,2019-09-13,2019-09-13 09:33:20,0.87,1.0116,66,0.86,1.0,24,0.84,0.9767,10,0.865,1.0058,225,0
IWM190920C160,2019-09-13,2019-09-13 09:33:21,0.87,1.0116,612,0.85,0.9883,38,0.84,0.9767,10,0.86,1.0,225,0
IWM190920C160,2019-09-13,2019-09-13 09:33:21,0.87,1.0116,530,0.85,0.9883,38,0.84,0.9767,10,0.86,1.0,225,0
IWM190920C160,2019-09-13,2019-09-13 09:33:22,0.87,1.0116,611,0.85,0.9883,38,0.84,0.9767,10,0.86,1.0,225,0
IWM190920C160,2019-09-13,2019-09-13 09:33:22,0.87,1.0116,611,0.85,0.9883,55,0.84,0.9767,10,0.86,1.0,225,0
IWM190920C160,2019-09-13,2019-09-13 09:33:23,0.86,1.0,502,0.84,0.9767,60,0.84,0.9767,10,0.85,0.9883,225,0
IWM190920C160,2019-09-13,2019-09-13 09:33:23,0.86,1.0,534,0.84,0.9767,38,0.84,0.9767,10,0.85,0.9883,225,0
IWM190920C160,2019-09-13,2019-09-13 09:33:24,0.86,1.0,286,0.84,0.9767,60,0.84,0.9767,10,0.85,0.9883,225,0
IWM190920C160,2019-09-13,2019-09-13 09:33:24,0.86,1.0,298,0.84,0.9767,60,0.84,0.9767,10,0.85,0.9883,225,0
IWM190920C160,2019-09-13,2019-09-13 09:33:25,0.86,1.0,286,0.85,0.9883,13,0.84,0.9767,10,0.855,0.9941,225,0
IWM190920C160,2019-09-13,2019-09-13 09:33:26,0.86,1.0,475,0.84,0.9767,43,0.84,0.9767,10,0.85,0.9883,225,0
IWM190920C160,2019-09-13,2019-09-13 09:33:26,0.86,1.0,43,0.85,0.9883,13,0.84,0.9767,10,0.855,0.9941,225,0
IWM190920C160,2019-09-13,2019-09-13 09:33:27,0.86,1.0,338,0.85,0.9883,13,0.84,0.9767,10,0.855,0.9941,225,0
IWM190920C160,2019-09-13,2019-09-13 09:33:27,0.86,1.0,91,0.85,0.9883,13,0.84,0.9767,10,0.855,0.9941,225,0
IWM190920C160,2019-09-13,2019-09-13 09:33:28,0.86,1.0,338,0.85,0.9883,13,0.84,0.9767,10,0.855,0.9941,225,0
IWM190920C160,2019-09-13,2019-09-13 09:33:28,0.86,1.0,767,0.84,0.9767,12,0.84,0.9767,10,0.85,0.9883,225,0
IWM190920C160,2019-09-13,2019-09-13 09:33:29,0.86,1.0,767,0.84,0.9767,25,0.84,0.9767,10,0.85,0.9883,225,0
IWM190920C160,2019-09-13,2019-09-13 09:33:29,0.86,1.0,748,0.84,0.9767,13,0.84,0.9767,10,0.85,0.9883,225,0
IWM190920C160,2019-09-13,2019-09-13 09:33:30,0.86,1.0,540,0.85,0.9883,8,0.84,0.9767,10,0.855,0.9941,225,0
IWM190920C160,2019-09-13,2019-09-13 09:33:30,0.86,1.0,540,0.85,0.9883,35,0.84,0.9767,10,0.855,0.9941,225,0
IWM190920C160,2019-09-13,2019-09-13 09:33:31,0.86,1.0,149,0.85,0.9883,36,0.84,0.9767,10,0.855,0.9941,225,0
IWM190920C160,2019-09-13,2019-09-13 09:33:31,0.86,1.0,149,0.85,0.9883,35,0.84,0.9767,10,0.855,0.9941,225,0
IWM190920C160,2019-09-13,2019-09-13 09:33:32,0.87,1.0116,291,0.85,0.9883,156,0.86,1.0,2,0.86,1.0,227,0
IWM190920C160,2019-09-13,2019-09-13 09:33:32,0.86,1.0,149,0.85,0.9883,156,0.86,1.0,2,0.855,0.9941,227,2
IWM190920C160,2019-09-13,2019-09-13 09:33:33,0.87,1.0116,406,0.86,1.0,8,0.86,1.0,2,0.865,1.0058,227,0
IWM190920C160,2019-09-13,2019-09-13 09:33:34,0.87,1.0116,547,0.86,1.0,8,0.86,1.0,2,0.865,1.0058,227,0
IWM190920C160,2019-09-13,2019-09-13 09:33:35,0.87,1.0116,563,0.86,1.0,8,0.86,1.0,2,0.865,1.0058,227,0
IWM190920C160,2019-09-13,2019-09-13 09:33:35,0.87,1.0116,116,0.86,1.0,26,0.86,1.0,2,0.865,1.0058,227,0
IWM190920C160,2019-09-13,2019-09-13 09:33:36,0.87,1.0116,485,0.85,0.9883,40,0.86,1.0,2,0.86,1.0,227,0
IWM190920C160,2019-09-13,2019-09-13 09:33:36,0.87,1.0116,520,0.85,0.9883,55,0.86,1.0,2,0.86,1.0,227,0
IWM190920C160,2019-09-13,2019-09-13 09:33:37,0.87,1.0116,448,0.84,0.9767,59,0.86,1.0,2,0.855,0.9941,227,0
IWM190920C160,2019-09-13,2019-09-13 09:33:37,0.87,1.0116,541,0.84,0.9767,59,0.86,1.0,2,0.855,0.9941,227,0
IWM190920C160,2019-09-13,2019-09-13 09:33:38,0.87,1.0116,436,0.85,0.9883,55,0.86,1.0,2,0.86,1.0,227,0
IWM190920C160,2019-09-13,2019-09-13 09:33:38,0.87,1.0116,448,0.86,1.0,10,0.86,1.0,2,0.865,1.0058,227,0
IWM190920C160,2019-09-13,2019-09-13 09:33:39,0.87,1.0116,446,0.85,0.9883,25,0.86,1.0,2,0.86,1.0,227,0
IWM190920C160,2019-09-13,2019-09-13 09:33:39,0.86,1.0,94,0.85,0.9883,25,0.86,1.0,2,0.855,0.9941,227,0
IWM190920C160,2019-09-13,2019-09-13 09:33:40,0.86,1.0,84,0.85,0.9883,25,0.86,1.0,2,0.855,0.9941,227,0
IWM190920C160,2019-09-13,2019-09-13 09:33:40,0.86,1.0,93,0.85,0.9883,25,0.86,1.0,2,0.855,0.9941,227,0
IWM190920C160,2019-09-13,2019-09-13 09:33:41,0.87,1.0116,691,0.85,0.9883,52,0.86,1.0,2,0.86,1.0,227,0
IWM190920C160,2019-09-13,2019-09-13 09:33:41,0.87,1.0116,691,0.85,0.9883,53,0.86,1.0,2,0.86,1.0,227,0
IWM190920C160,2019-09-13,2019-09-13 09:33:42,0.87,1.0116,695,0.85,0.9883,52,0.86,1.0,2,0.86,1.0,227,0
IWM190920C160,2019-09-13,2019-09-13 09:33:42,0.87,1.0116,685,0.85,0.9883,38,0.86,1.0,2,0.86,1.0,227,0
IWM190920C160,2019-09-13,2019-09-13 09:33:43,0.87,1.0116,553,0.85,0.9883,70,0.86,1.0,2,0.86,1.0,227,0
IWM190920C160,2019-09-13,2019-09-13 09:33:43,0.87,1.0116,595,0.85,0.9883,63,0.86,1.0,2,0.86,1.0,227,0
IWM190920C160,2019-09-13,2019-09-13 09:33:44,0.87,1.0116,595,0.85,0.9883,63,0.86,1.0,2,0.86,1.0,227,0
IWM190920C160,2019-09-13,2019-09-13 09:33:45,0.86,1.0,152,0.84,0.9767,110,0.86,1.0,2,0.85,0.9883,227,0
IWM190920C160,2019-09-13,2019-09-13 09:33:45,0.86,1.0,102,0.84,0.9767,80,0.86,1.0,2,0.85,0.9883,227,0
IWM190920C160,2019-09-13,2019-09-13 09:33:46,0.87,1.0116,483,0.85,0.9883,29,0.86,1.0,2,0.86,1.0,227,0
IWM190920C160,2019-09-13,2019-09-13 09:33:46,0.87,1.0116,406,0.85,0.9883,29,0.86,1.0,2,0.86,1.0,227,0
IWM190920C160,2019-09-13,2019-09-13 09:33:47,0.87,1.0116,411,0.85,0.9883,31,0.86,1.0,2,0.86,1.0,227,0
IWM190920C160,2019-09-13,2019-09-13 09:33:48,0.87,1.0116,606,0.85,0.9883,31,0.86,1.0,2,0.86,1.0,227,0
IWM190920C160,2019-09-13,2019-09-13 09:33:48,0.87,1.0116,392,0.85,0.9883,31,0.86,1.0,2,0.86,1.0,227,0
IWM190920C160,2019-09-13,2019-09-13 09:33:49,0.86,1.0,325,0.85,0.9883,3,0.86,1.0,2,0.855,0.9941,227,0
IWM190920C160,2019-09-13,2019-09-13 09:33:49,0.86,1.0,442,0.84,0.9767,47,0.86,1.0,2,0.85,0.9883,227,0
IWM190920C160,2019-09-13,2019-09-13 09:33:50,0.85,0.9883,121,0.84,0.9767,60,0.86,1.0,2,0.845,0.9825,227,0
IWM190920C160,2019-09-13,2019-09-13 09:33:50,0.85,0.9883,154,0.84,0.9767,47,0.86,1.0,2,0.845,0.9825,227,0
IWM190920C160,2019-09-13,2019-09-13 09:33:51,0.86,1.0,412,0.81,0.9418,169,0.86,1.0,2,0.835,0.9709,227,0
IWM190920C160,2019-09-13,2019-09-13 09:33:51,0.86,1.0,412,0.84,0.9767,122,0.86,1.0,2,0.85,0.9883,227,0
IWM190920C160,2019-09-13,2019-09-13 09:33:52,0.85,0.9883,248,0.83,0.9651,143,0.86,1.0,2,0.84,0.9767,227,0
IWM190920C160,2019-09-13,2019-09-13 09:33:52,0.86,1.0,412,0.83,0.9651,24,0.86,1.0,2,0.845,0.9825,227,0
IWM190920C160,2019-09-13,2019-09-13 09:33:53,0.85,0.9883,315,0.83,0.9651,81,0.86,1.0,2,0.84,0.9767,227,0
IWM190920C160,2019-09-13,2019-09-13 09:33:53,0.86,1.0,79,0.85,0.9883,13,0.86,1.0,2,0.855,0.9941,227,0
IWM190920C160,2019-09-13,2019-09-13 09:33:54,0.86,1.0,186,0.85,0.9883,13,0.86,1.0,2,0.855,0.9941,227,0
IWM190920C160,2019-09-13,2019-09-13 09:33:54,0.86,1.0,560,0.84,0.9767,109,0.86,1.0,2,0.85,0.9883,227,0
IWM190920C160,2019-09-13,2019-09-13 09:33:55,0.86,1.0,390,0.84,0.9767,109,0.84,0.9767,20,0.85,0.9883,247,20
IWM190920C160,2019-09-13,2019-09-13 09:33:55,0.86,1.0,292,0.84,0.9767,109,0.84,0.9767,20,0.85,0.9883,247,0
IWM190920C160,2019-09-13,2019-09-13 09:33:56,0.86,1.0,83,0.84,0.9767,213,0.84,0.9767,20,0.85,0.9883,247,0
IWM190920C160,2019-09-13,2019-09-13 09:33:56,0.86,1.0,377,0.84,0.9767,109,0.84,0.9767,20,0.85,0.9883,247,0
IWM190920C160,2019-09-13,2019-09-13 09:33:57,0.87,1.0116,503,0.85,0.9883,80,0.84,0.9767,20,0.86,1.0,247,0
IWM190920C160,2019-09-13,2019-09-13 09:33:57,0.87,1.0116,636,0.85,0.9883,80,0.84,0.9767,20,0.86,1.0,247,0
IWM190920C160,2019-09-13,2019-09-13 09:33:58,0.87,1.0116,595,0.85,0.9883,101,0.84,0.9767,20,0.86,1.0,247,0
IWM190920C160,2019-09-13,2019-09-13 09:33:58,0.87,1.0116,583,0.85,0.9883,101,0.84,0.9767,20,0.86,1.0,247,0
IWM190920C160,2019-09-13,2019-09-13 09:33:59,0.87,1.0116,633,0.84,0.9767,100,0.84,0.9767,20,0.855,0.9941,247,0
IWM190920C160,2019-09-13,2019-09-13 09:33:59,0.87,1.0116,610,0.85,0.9883,133,0.84,0.9767,20,0.86,1.0,247,0
IWM190920C160,2019-09-13,2019-09-13 09:34:00,0.86,1.0,464,0.84,0.9767,63,0.84,0.9767,20,0.85,0.9883,247,0
IWM190920C160,2019-09-13,2019-09-13 09:34:00,0.86,1.0,380,0.84,0.9767,136,0.84,0.9767,20,0.85,0.9883,247,0
IWM190920C160,2019-09-13,2019-09-13 09:34:01,0.86,1.0,654,0.83,0.9651,96,0.84,0.9767,20,0.845,0.9825,247,0
IWM190920C160,2019-09-13,2019-09-13 09:34:01,0.86,1.0,674,0.84,0.9767,40,0.84,0.9767,20,0.85,0.9883,247,0
IWM190920C160,2019-09-13,2019-09-13 09:34:02,0.84,0.9767,26,0.83,0.9651,70,0.84,0.9767,20,0.835,0.9709,247,0
IWM190920C160,2019-09-13,2019-09-13 09:34:02,0.85,0.9883,479,0.83,0.9651,77,0.84,0.9767,20,0.84,0.9767,247,0
IWM190920C160,2019-09-13,2019-09-13 09:34:03,0.84,0.9767,13,0.83,0.9651,15,0.84,0.9767,20,0.835,0.9709,247,0
IWM190920C160,2019-09-13,2019-09-13 09:34:03,0.84,0.9767,13,0.84,0.9767,10,0.84,0.9767,20,0.84,0.9767,247,0
IWM190920C160,2019-09-13,2019-09-13 09:34:04,0.83,0.9651,25,0.82,0.9534,25,0.84,0.9767,20,0.825,0.9593,247,0
IWM190920C160,2019-09-13,2019-09-13 09:34:04,0.84,0.9767,321,0.83,0.9651,15,0.84,0.9767,20,0.835,0.9709,247,0
IWM190920C160,2019-09-13,2019-09-13 09:34:05,0.82,0.9534,13,0.8,0.9302,100,0.84,0.9767,20,0.81,0.9418,247,0
IWM190920C160,2019-09-13,2019-09-13 09:34:06,0.82,0.9534,13,0.8,0.9302,100,0.84,0.9767,20,0.81,0.9418,247,0
IWM190920C160,2019-09-13,2019-09-13 09:34:06,0.82,0.9534,117,0.81,0.9418,11,0.84,0.9767,20,0.815,0.9476,247,0
IWM190920C160,2019-09-13,2019-09-13 09:34:07,0.82,0.9534,371,0.8,0.9302,132,0.84,0.9767,20,0.81,0.9418,247,0
IWM190920C160,2019-09-13,2019-09-13 09:34:07,0.82,0.9534,139,0.8,0.9302,139,0.84,0.9767,20,0.81,0.9418,247,0
IWM190920C160,2019-09-13,2019-09-13 09:34:08,0.81,0.9418,71,0.8,0.9302,30,0.8,0.9302,1,0.805,0.936,248,0
IWM190920C160,2019-09-13,2019-09-13 09:34:08,0.82,0.9534,391,0.8,0.9302,54,0.8,0.9302,1,0.81,0.9418,248,1
IWM190920C160,2019-09-13,2019-09-13 09:34:09,0.82,0.9534,303,0.8,0.9302,135,0.8,0.9302,1,0.81,0.9418,248,0
IWM190920C160,2019-09-13,2019-09-13 09:34:09,0.81,0.9418,92,0.8,0.9302,29,0.8,0.9302,1,0.805,0.936,248,0
IWM190920C160,2019-09-13,2019-09-13 09:34:10,0.82,0.9534,303,0.8,0.9302,135,0.8,0.9302,1,0.81,0.9418,248,0
IWM190920C160,2019-09-13,2019-09-13 09:34:10,0.82,0.9534,587,0.8,0.9302,37,0.8,0.9302,1,0.81,0.9418,248,0
IWM190920C160,2019-09-13,2019-09-13 09:34:11,0.82,0.9534,587,0.8,0.9302,37,0.8,0.9302,1,0.81,0.9418,248,0
IWM190920C160,2019-09-13,2019-09-13 09:34:11,0.82,0.9534,220,0.8,0.9302,110,0.8,0.9302,1,0.81,0.9418,248,0
IWM190920C160,2019-09-13,2019-09-13 09:34:12,0.83,0.9651,103,0.81,0.9418,95,0.8,0.9302,1,0.82,0.9534,248,0
IWM190920C160,2019-09-13,2019-09-13 09:34:12,0.83,0.9651,184,0.81,0.9418,95,0.81,0.9418,4,0.82,0.9534,252,4
IWM190920C160,2019-09-13,2019-09-13 09:34:13,0.83,0.9651,52,0.82,0.9534,38,0.81,0.9418,4,0.825,0.9593,252,0
IWM190920C160,2019-09-13,2019-09-13 09:34:13,0.84,0.9767,241,0.83,0.9651,13,0.81,0.9418,4,0.835,0.9709,252,0
IWM190920C160,2019-09-13,2019-09-13 09:34:14,0.84,0.9767,375,0.83,0.9651,13,0.81,0.9418,4,0.835,0.9709,252,0
IWM190920C160,2019-09-13,2019-09-13 09:34:14,0.83,0.9651,14,0.83,0.9651,13,0.81,0.9418,4,0.83,0.9651,252,0
IWM190920C160,2019-09-13,2019-09-13 09:34:15,0.83,0.9651,95,0.82,0.9534,18,0.81,0.9418,4,0.825,0.9593,252,0
IWM190920C160,2019-09-13,2019-09-13 09:34:16,0.83,0.9651,63,0.82,0.9534,26,0.81,0.9418,4,0.825,0.9593,252,0
IWM190920C160,2019-09-13,2019-09-13 09:34:16,0.83,0.9651,89,0.82,0.9534,78,0.81,0.9418,4,0.825,0.9593,252,0
IWM190920C160,2019-09-13,2019-09-13 09:34:17,0.83,0.9651,20,0.82,0.9534,27,0.81,0.9418,4,0.825,0.9593,252,0
IWM190920C160,2019-09-13,2019-09-13 09:34:17,0.84,0.9767,538,0.82,0.9534,47,0.81,0.9418,4,0.83,0.9651,252,0
IWM190920C160,2019-09-13,2019-09-13 09:34:18,0.83,0.9651,130,0.82,0.9534,27,0.81,0.9418,4,0.825,0.9593,252,0
IWM190920C160,2019-09-13,2019-09-13 09:34:18,0.83,0.9651,30,0.82,0.9534,27,0.81,0.9418,4,0.825,0.9593,252,0
IWM190920C160,2019-09-13,2019-09-13 09:34:19,0.82,0.9534,150,0.81,0.9418,40,0.81,0.9418,4,0.815,0.9476,252,0
IWM190920C160,2019-09-13,2019-09-13 09:34:19,0.83,0.9651,232,0.81,0.9418,69,0.81,0.9418,4,0.82,0.9534,252,0
IWM190920C160,2019-09-13,2019-09-13 09:34:20,0.82,0.9534,298,0.8,0.9302,189,0.81,0.9418,4,0.81,0.9418,252,0
IWM190920C160,2019-09-13,2019-09-13 09:34:20,0.82,0.9534,358,0.8,0.9302,219,0.81,0.9418,4,0.81,0.9418,252,0
IWM190920C160,2019-09-13,2019-09-13 09:34:21,0.82,0.9534,366,0.81,0.9418,26,0.81,0.9418,4,0.815,0.9476,252,0
IWM190920C160,2019-09-13,2019-09-13 09:34:21,0.82,0.9534,354,0.8,0.9302,154,0.81,0.9418,4,0.81,0.9418,252,0
IWM190920C160,2019-09-13,2019-09-13 09:34:22,0.82,0.9534,366,0.81,0.9418,13,0.81,0.9418,4,0.815,0.9476,252,0
IWM190920C160,2019-09-13,2019-09-13 09:34:22,0.82,0.9534,110,0.81,0.9418,13,0.81,0.9418,4,0.815,0.9476,252,0
IWM190920C160,2019-09-13,2019-09-13 09:34:23,0.82,0.9534,83,0.81,0.9418,53,0.81,0.9418,4,0.815,0.9476,252,0
IWM190920C160,2019-09-13,2019-09-13 09:34:23,0.82,0.9534,133,0.81,0.9418,53,0.81,0.9418,4,0.815,0.9476,252,0
IWM190920C160,2019-09-13,2019-09-13 09:34:24,0.82,0.9534,211,0.81,0.9418,13,0.81,0.9418,3,0.815,0.9476,255,3
IWM190920C160,2019-09-13,2019-09-13 09:34:24,0.82,0.9534,211,0.81,0.9418,13,0.81,0.9418,3,0.815,0.9476,255,0
IWM190920C160,2019-09-13,2019-09-13 09:34:25,0.82,0.9534,217,0.81,0.9418,13,0.81,0.9418,3,0.815,0.9476,255,0
IWM190920C160,2019-09-13,2019-09-13 09:34:25,0.82,0.9534,211,0.81,0.9418,16,0.81,0.9418,3,0.815,0.9476,255,0
IWM190920C160,2019-09-13,2019-09-13 09:34:26,0.82,0.9534,217,0.81,0.9418,13,0.81,0.9418,3,0.815,0.9476,255,0
IWM190920C160,2019-09-13,2019-09-13 09:34:27,0.82,0.9534,217,0.81,0.9418,13,0.81,0.9418,3,0.815,0.9476,255,0
IWM190920C160,2019-09-13,2019-09-13 09:34:27,0.82,0.9534,196,0.81,0.9418,17,0.81,0.9418,3,0.815,0.9476,255,0
IWM190920C160,2019-09-13,2019-09-13 09:34:28,0.82,0.9534,20,0.81,0.9418,44,0.81,0.9418,3,0.815,0.9476,255,0
IWM190920C160,2019-09-13,2019-09-13 09:34:28,0.82,0.9534,197,0.81,0.9418,47,0.81,0.9418,3,0.815,0.9476,255,0
IWM190920C160,2019-09-13,2019-09-13 09:34:29,0.82,0.9534,128,0.81,0.9418,63,0.81,0.9418,3,0.815,0.9476,255,0
IWM190920C160,2019-09-13,2019-09-13 09:34:29,0.82,0.9534,128,0.81,0.9418,57,0.81,0.9418,3,0.815,0.9476,255,0
IWM190920C160,2019-09-13,2019-09-13 09:34:30,0.83,0.9651,67,0.81,0.9418,64,0.82,0.9534,18,0.82,0.9534,273,18
IWM190920C160,2019-09-13,2019-09-13 09:34:30,0.82,0.9534,179,0.81,0.9418,63,0.81,0.9418,3,0.815,0.9476,255,0
IWM190920C160,2019-09-13,2019-09-13 09:34:31,0.84,0.9767,368,0.83,0.9651,20,0.82,0.9534,18,0.835,0.9709,273,0
IWM190920C160,2019-09-13,2019-09-13 09:34:31,0.84,0.9767,335,0.83,0.9651,28,0.82,0.9534,18,0.835,0.9709,273,0
IWM190920C160,2019-09-13,2019-09-13 09:34:32,0.84,0.9767,356,0.82,0.9534,181,0.84,0.9767,5,0.83,0.9651,278,5
IWM190920C160,2019-09-13,2019-09-13 09:34:32,0.84,0.9767,335,0.83,0.9651,80,0.82,0.9534,18,0.835,0.9709,273,0
IWM190920C160,2019-09-13,2019-09-13 09:34:33,0.84,0.9767,345,0.82,0.9534,181,0.84,0.9767,5,0.83,0.9651,278,0
IWM190920C160,2019-09-13,2019-09-13 09:34:33,0.84,0.9767,231,0.82,0.9534,181,0.84,0.9767,5,0.83,0.9651,278,0
IWM190920C160,2019-09-13,2019-09-13 09:34:34,0.84,0.9767,231,0.83,0.9651,70,0.84,0.9767,5,0.835,0.9709,278,0
IWM190920C160,2019-09-13,2019-09-13 09:34:35,0.84,0.9767,177,0.83,0.9651,70,0.84,0.9767,5,0.835,0.9709,278,0
IWM190920C160,2019-09-13,2019-09-13 09:34:35,0.85,0.9883,224,0.84,0.9767,6,0.84,0.9767,5,0.845,0.9825,278,0
IWM190920C160,2019-09-13,2019-09-13 09:34:36,0.85,0.9883,224,0.84,0.9767,6,0.84,0.9767,5,0.845,0.9825,278,0
IWM190920C160,2019-09-13,2019-09-13 09:34:36,0.85,0.9883,339,0.84,0.9767,18,0.84,0.9767,5,0.845,0.9825,278,0
IWM190920C160,2019-09-13,2019-09-13 09:34:37,0.85,0.9883,380,0.84,0.9767,6,0.84,0.9767,5,0.845,0.9825,278,0
IWM190920C160,2019-09-13,2019-09-13 09:34:37,0.85,0.9883,593,0.84,0.9767,6,0.84,0.9767,5,0.845,0.9825,278,0
IWM190920C160,2019-09-13,2019-09-13 09:34:38,0.85,0.9883,771,0.83,0.9651,58,0.84,0.9767,5,0.84,0.9767,278,0
IWM190920C160,2019-09-13,2019-09-13 09:34:38,0.85,0.9883,781,0.84,0.9767,6,0.84,0.9767,5,0.845,0.9825,278,0
IWM190920C160,2019-09-13,2019-09-13 09:34:39,0.85,0.9883,795,0.83,0.9651,58,0.84,0.9767,5,0.84,0.9767,278,0
IWM190920C160,2019-09-13,2019-09-13 09:34:39,0.85,0.9883,770,0.83,0.9651,62,0.84,0.9767,5,0.84,0.9767,278,0
IWM190920C160,2019-09-13,2019-09-13 09:34:40,0.85,0.9883,770,0.83,0.9651,42,0.84,0.9767,5,0.84,0.9767,278,0
IWM190920C160,2019-09-13,2019-09-13 09:34:41,0.84,0.9767,29,0.82,0.9534,119,0.84,0.9767,5,0.83,0.9651,278,0
IWM190920C160,2019-09-13,2019-09-13 09:34:41,0.84,0.9767,38,0.83,0.9651,38,0.84,0.9767,5,0.835,0.9709,278,0
IWM190920C160,2019-09-13,2019-09-13 09:34:42,0.85,0.9883,314,0.83,0.9651,42,0.84,0.9767,5,0.84,0.9767,278,0
IWM190920C160,2019-09-13,2019-09-13 09:34:42,0.84,0.9767,70,0.83,0.9651,42,0.84,0.9767,5,0.835,0.9709,278,0
IWM190920C160,2019-09-13,2019-09-13 09:34:43,0.84,0.9767,184,0.83,0.9651,29,0.84,0.9767,5,0.835,0.9709,278,0
IWM190920C160,2019-09-13,2019-09-13 09:34:43,0.85,0.9883,747,0.83,0.9651,29,0.84,0.9767,5,0.84,0.9767,278,0
IWM190920C160,2019-09-13,2019-09-13 09:34:44,0.85,0.9883,290,0.83,0.9651,56,0.84,0.9767,5,0.84,0.9767,278,0
IWM190920C160,2019-09-13,2019-09-13 09:34:44,0.84,0.9767,104,0.83,0.9651,34,0.84,0.9767,5,0.835,0.9709,278,0
IWM190920C160,2019-09-13,2019-09-13 09:34:45,0.85,0.9883,663,0.83,0.9651,50,0.84,0.9767,5,0.84,0.9767,278,0
IWM190920C160,2019-09-13,2019-09-13 09:34:45,0.85,0.9883,524,0.83,0.9651,65,0.84,0.9767,5,0.84,0.9767,278,0
IWM190920C160,2019-09-13,2019-09-13 09:34:46,0.85,0.9883,11,0.84,0.9767,47,0.84,0.9767,5,0.845,0.9825,278,0
IWM190920C160,2019-09-13,2019-09-13 09:34:46,0.85,0.9883,295,0.84,0.9767,31,0.84,0.9767,5,0.845,0.9825,278,0
IWM190920C160,2019-09-13,2019-09-13 09:34:47,0.85,0.9883,37,0.84,0.9767,31,0.84,0.9767,5,0.845,0.9825,278,0
IWM190920C160,2019-09-13,2019-09-13 09:34:47,0.85,0.9883,34,0.84,0.9767,31,0.84,0.9767,5,0.845,0.9825,278,0
IWM190920C160,2019-09-13,2019-09-13 09:34:48,0.85,0.9883,122,0.84,0.9767,47,0.84,0.9767,5,0.845,0.9825,278,0
IWM190920C160,2019-09-13,2019-09-13 09:34:48,0.85,0.9883,37,0.84,0.9767,31,0.84,0.9767,5,0.845,0.9825,278,0
IWM190920C160,2019-09-13,2019-09-13 09:34:49,0.85,0.9883,10,0.84,0.9767,49,0.84,0.9767,5,0.845,0.9825,278,0
IWM190920C160,2019-09-13,2019-09-13 09:34:49,0.86,1.0,244,0.85,0.9883,11,0.84,0.9767,5,0.855,0.9941,278,0
IWM190920C160,2019-09-13,2019-09-13 09:34:50,0.86,1.0,419,0.85,0.9883,8,0.84,0.9767,5,0.855,0.9941,278,0
IWM190920C160,2019-09-13,2019-09-13 09:34:50,0.86,1.0,454,0.85,0.9883,8,0.84,0.9767,5,0.855,0.9941,278,0
IWM190920C160,2019-09-13,2019-09-13 09:34:51,0.87,1.0116,52,0.85,0.9883,60,0.84,0.9767,5,0.86,1.0,278,0
IWM190920C160,2019-09-13,2019-09-13 09:34:51,0.86,1.0,255,0.85,0.9883,6,0.84,0.9767,5,0.855,0.9941,278,0
IWM190920C160,2019-09-13,2019-09-13 09:34:52,0.88,1.0232,453,0.87,1.0116,6,0.84,0.9767,5,0.875,1.0174,278,0
IWM190920C160,2019-09-13,2019-09-13 09:34:52,0.88,1.0232,272,0.86,1.0,76,0.84,0.9767,5,0.87,1.0116,278,0
IWM190920C160,2019-09-13,2019-09-13 09:34:53,0.88,1.0232,282,0.86,1.0,98,0.84,0.9767,5,0.87,1.0116,278,0
IWM190920C160,2019-09-13,2019-09-13 09:34:54,0.88,1.0232,643,0.87,1.0116,6,0.84,0.9767,5,0.875,1.0174,278,0
IWM190920C160,2019-09-13,2019-09-13 09:34:54,0.88,1.0232,603,0.87,1.0116,6,0.84,0.9767,5,0.875,1.0174,278,0
IWM190920C160,2019-09-13,2019-09-13 09:34:55,0.88,1.0232,603,0.87,1.0116,6,0.84,0.9767,5,0.875,1.0174,278,0
IWM190920C160,2019-09-13,2019-09-13 09:34:56,0.88,1.0232,603,0.87,1.0116,6,0.84,0.9767,5,0.875,1.0174,278,0
IWM190920C160,2019-09-13,2019-09-13 09:34:56,0.88,1.0232,603,0.86,1.0,97,0.84,0.9767,5,0.87,1.0116,278,0
IWM190920C160,2019-09-13,2019-09-13 09:34:57,0.88,1.0232,700,0.86,1.0,14,0.84,0.9767,5,0.87,1.0116,278,0
IWM190920C160,2019-09-13,2019-09-13 09:34:57,0.88,1.0232,603,0.86,1.0,13,0.84,0.9767,5,0.87,1.0116,278,0
IWM190920C160,2019-09-13,2019-09-13 09:34:58,0.88,1.0232,431,0.86,1.0,58,0.84,0.9767,5,0.87,1.0116,278,0
IWM190920C160,2019-09-13,2019-09-13 09:34:58,0.88,1.0232,493,0.86,1.0,48,0.84,0.9767,5,0.87,1.0116,278,0
IWM190920C160,2019-09-13,2019-09-13 09:34:59,0.88,1.0232,403,0.86,1.0,58,0.84,0.9767,5,0.87,1.0116,278,0
IWM190920C160,2019-09-13,2019-09-13 09:34:59,0.88,1.0232,403,0.85,0.9883,55,0.84,0.9767,5,0.865,1.0058,278,0
IWM190920C160,2019-09-13,2019-09-13 09:35:00,0.88,1.0232,399,0.87,1.0116,12,0.84,0.9767,5,0.875,1.0174,278,0
IWM190920C160,2019-09-13,2019-09-13 09:35:00,0.89,1.0348,96,0.87,1.0116,77,0.84,0.9767,5,0.88,1.0232,278,0
IWM190920C160,2019-09-13,2019-09-13 09:35:01,0.89,1.0348,10,0.88,1.0232,13,0.84,0.9767,5,0.885,1.029,278,0
IWM190920C160,2019-09-13,2019-09-13 09:35:01,0.89,1.0348,10,0.88,1.0232,101,0.84,0.9767,5,0.885,1.029,278,0
IWM190920C160,2019-09-13,2019-09-13 09:35:02,0.89,1.0348,10,0.88,1.0232,101,0.84,0.9767,5,0.885,1.029,278,0
IWM190920C160,2019-09-13,2019-09-13 09:35:02,0.9,1.0465,322,0.88,1.0232,92,0.84,0.9767,5,0.89,1.0348,278,0
IWM190920C160,2019-09-13,2019-09-13 09:35:03,0.91,1.0581,411,0.89,1.0348,38,0.84,0.9767,5,0.9,1.0465,278,0
IWM190920C160,2019-09-13,2019-09-13 09:35:03,0.9,1.0465,93,0.89,1.0348,81,0.84,0.9767,5,0.895,1.0406,278,0
IWM190920C160,2019-09-13,2019-09-13 09:35:04,0.91,1.0581,527,0.89,1.0348,22,0.84,0.9767,5,0.9,1.0465,278,0
IWM190920C160,2019-09-13,2019-09-13 09:35:04,0.91,1.0581,486,0.89,1.0348,22,0.84,0.9767,5,0.9,1.0465,278,0
IWM190920C160,2019-09-13,2019-09-13 09:35:05,0.91,1.0581,470,0.89,1.0348,100,0.84,0.9767,5,0.9,1.0465,278,0
IWM190920C160,2019-09-13,2019-09-13 09:35:05,0.91,1.0581,417,0.89,1.0348,100,0.84,0.9767,5,0.9,1.0465,278,0
IWM190920C160,2019-09-13,2019-09-13 09:35:06,0.91,1.0581,257,0.89,1.0348,100,0.84,0.9767,5,0.9,1.0465,278,0
IWM190920C160,2019-09-13,2019-09-13 09:35:06,0.91,1.0581,417,0.89,1.0348,100,0.84,0.9767,5,0.9,1.0465,278,0
IWM190920C160,2019-09-13,2019-09-13 09:35:07,0.91,1.0581,151,0.9,1.0465,46,0.84,0.9767,5,0.905,1.0523,278,0
IWM190920C160,2019-09-13,2019-09-13 09:35:08,0.91,1.0581,346,0.89,1.0348,13,0.84,0.9767,5,0.9,1.0465,278,0
IWM190920C160,2019-09-13,2019-09-13 09:35:08,0.92,1.0697,487,0.9,1.0465,46,0.84,0.9767,5,0.91,1.0581,278,0
IWM190920C160,2019-09-13,2019-09-13 09:35:09,0.91,1.0581,201,0.9,1.0465,13,0.89,1.0348,10,0.905,1.0523,288,10
IWM190920C160,2019-09-13,2019-09-13 09:35:09,0.91,1.0581,182,0.9,1.0465,10,0.89,1.0348,10,0.905,1.0523,288,0
IWM190920C160,2019-09-13,2019-09-13 09:35:10,0.92,1.0697,410,0.9,1.0465,68,0.89,1.0348,10,0.91,1.0581,288,0
IWM190920C160,2019-09-13,2019-09-13 09:35:10,0.91,1.0581,34,0.9,1.0465,60,0.89,1.0348,10,0.905,1.0523,288,0
IWM190920C160,2019-09-13,2019-09-13 09:35:11,0.92,1.0697,410,0.9,1.0465,68,0.89,1.0348,10,0.91,1.0581,288,0
IWM190920C160,2019-09-13,2019-09-13 09:35:11,0.92,1.0697,357,0.9,1.0465,68,0.89,1.0348,10,0.91,1.0581,288,0
IWM190920C160,2019-09-13,2019-09-13 09:35:12,0.92,1.0697,45,0.9,1.0465,68,0.89,1.0348,10,0.91,1.0581,288,0
IWM190920C160,2019-09-13,2019-09-13 09:35:12,0.92,1.0697,45,0.91,1.0581,44,0.89,1.0348,10,0.915,1.0639,288,0
IWM190920C160,2019-09-13,2019-09-13 09:35:13,0.93,1.0813,82,0.92,1.0697,16,0.89,1.0348,10,0.925,1.0755,288,0
IWM190920C160,2019-09-13,2019-09-13 09:35:13,0.94,1.093,265,0.93,1.0813,3,0.89,1.0348,10,0.935,1.0872,288,0
IWM190920C160,2019-09-13,2019-09-13 09:35:14,0.94,1.093,457,0.92,1.0697,36,0.89,1.0348,10,0.93,1.0813,288,0
IWM190920C160,2019-09-13,2019-09-13 09:35:14,0.94,1.093,379,0.93,1.0813,3,0.89,1.0348,10,0.935,1.0872,288,0
IWM190920C160,2019-09-13,2019-09-13 09:35:15,0.95,1.1046,194,0.93,1.0813,47,0.89,1.0348,10,0.94,1.093,288,0
IWM190920C160,2019-09-13,2019-09-13 09:35:15,0.94,1.093,33,0.92,1.0697,36,0.89,1.0348,10,0.93,1.0813,288,0
IWM190920C160,2019-09-13,2019-09-13 09:35:16,0.95,1.1046,438,0.94,1.093,10,0.89,1.0348,10,0.945,1.0988,288,0
IWM190920C160,2019-09-13,2019-09-13 09:35:16,0.95,1.1046,541,0.94,1.093,13,0.89,1.0348,10,0.945,1.0988,288,0
IWM190920C160,2019-09-13,2019-09-13 09:35:17,0.95,1.1046,447,0.94,1.093,13,0.93,1.0813,11,0.945,1.0988,299,0
IWM190920C160,2019-09-13,2019-09-13 09:35:17,0.95,1.1046,438,0.93,1.0813,36,0.93,1.0813,11,0.94,1.093,299,11
IWM190920C160,2019-09-13,2019-09-13 09:35:18,0.95,1.1046,444,0.94,1.093,13,0.93,1.0813,11,0.945,1.0988,299,0
IWM190920C160,2019-09-13,2019-09-13 09:35:18,0.95,1.1046,323,0.94,1.093,26,0.93,1.0813,11,0.945,1.0988,299,0
IWM190920C160,2019-09-13,2019-09-13 09:35:19,0.95,1.1046,413,0.94,1.093,26,0.93,1.0813,11,0.945,1.0988,299,0
IWM190920C160,2019-09-13,2019-09-13 09:35:20,0.95,1.1046,10,0.94,1.093,16,0.93,1.0813,11,0.945,1.0988,299,0
IWM190920C160,2019-09-13,2019-09-13 09:35:20,0.95,1.1046,413,0.94,1.093,16,0.93,1.0813,11,0.945,1.0988,299,0
IWM190920C160,2019-09-13,2019-09-13 09:35:21,0.95,1.1046,10,0.94,1.093,114,0.94,1.093,5,0.945,1.0988,304,5
IWM190920C160,2019-09-13,2019-09-13 09:35:21,0.95,1.1046,10,0.94,1.093,94,0.93,1.0813,11,0.945,1.0988,299,0
IWM190920C160,2019-09-13,2019-09-13 09:35:22,0.96,1.1162,425,0.94,1.093,114,0.94,1.093,5,0.95,1.1046,304,0
IWM190920C160,2019-09-13,2019-09-13 09:35:22,0.96,1.1162,425,0.95,1.1046,3,0.94,1.093,5,0.955,1.1104,304,0
IWM190920C160,2019-09-13,2019-09-13 09:35:23,0.96,1.1162,425,0.95,1.1046,3,0.94,1.093,5,0.955,1.1104,304,0
IWM190920C160,2019-09-13,2019-09-13 09:35:23,0.96,1.1162,69,0.95,1.1046,26,0.94,1.093,5,0.955,1.1104,304,0
IWM190920C160,2019-09-13,2019-09-13 09:35:24,0.96,1.1162,105,0.95,1.1046,43,0.94,1.093,5,0.955,1.1104,304,0
IWM190920C160,2019-09-13,2019-09-13 09:35:24,0.97,1.1279,62,0.96,1.1162,3,0.94,1.093,5,0.965,1.122,304,0
IWM190920C160,2019-09-13,2019-09-13 09:35:25,0.97,1.1279,75,0.95,1.1046,36,0.94,1.093,5,0.96,1.1162,304,0
IWM190920C160,2019-09-13,2019-09-13 09:35:25,0.97,1.1279,301,0.95,1.1046,36,0.94,1.093,5,0.96,1.1162,304,0
IWM190920C160,2019-09-13,2019-09-13 09:35:26,0.96,1.1162,239,0.94,1.093,33,0.94,1.093,5,0.95,1.1046,304,0
IWM190920C160,2019-09-13,2019-09-13 09:35:26,0.96,1.1162,151,0.94,1.093,33,0.94,1.093,5,0.95,1.1046,304,0
IWM190920C160,2019-09-13,2019-09-13 09:35:27,0.96,1.1162,277,0.94,1.093,33,0.94,1.093,5,0.95,1.1046,304,0
IWM190920C160,2019-09-13,2019-09-13 09:35:27,0.96,1.1162,334,0.94,1.093,101,0.94,1.093,5,0.95,1.1046,304,0
IWM190920C160,2019-09-13,2019-09-13 09:35:28,0.96,1.1162,109,0.94,1.093,101,0.94,1.093,5,0.95,1.1046,304,0
IWM190920C160,2019-09-13,2019-09-13 09:35:29,0.95,1.1046,237,0.93,1.0813,96,0.94,1.093,5,0.94,1.093,304,0
IWM190920C160,2019-09-13,2019-09-13 09:35:29,0.96,1.1162,150,0.93,1.0813,96,0.94,1.093,5,0.945,1.0988,304,0
IWM190920C160,2019-09-13,2019-09-13 09:35:30,0.96,1.1162,144,0.94,1.093,16,0.94,1.093,5,0.95,1.1046,304,0
IWM190920C160,2019-09-13,2019-09-13 09:35:30,0.95,1.1046,203,0.93,1.0813,58,0.94,1.093,5,0.94,1.093,304,0
IWM190920C160,2019-09-13,2019-09-13 09:35:31,0.96,1.1162,24,0.95,1.1046,16,0.94,1.093,5,0.955,1.1104,304,0
IWM190920C160,2019-09-13,2019-09-13 09:35:32,0.96,1.1162,40,0.94,1.093,3,0.94,1.093,5,0.95,1.1046,304,0
IWM190920C160,2019-09-13,2019-09-13 09:35:32,0.96,1.1162,217,0.95,1.1046,2,0.94,1.093,5,0.955,1.1104,304,0
IWM190920C160,2019-09-13,2019-09-13 09:35:33,0.95,1.1046,6,0.93,1.0813,36,0.94,1.093,5,0.94,1.093,304,0
IWM190920C160,2019-09-13,2019-09-13 09:35:33,0.96,1.1162,166,0.95,1.1046,3,0.94,1.093,5,0.955,1.1104,304,0
IWM190920C160,2019-09-13,2019-09-13 09:35:34,0.97,1.1279,66,0.95,1.1046,16,0.94,1.093,5,0.96,1.1162,304,0
IWM190920C160,2019-09-13,2019-09-13 09:35:34,0.96,1.1162,137,0.94,1.093,13,0.94,1.093,5,0.95,1.1046,304,0
IWM190920C160,2019-09-13,2019-09-13 09:35:35,0.98,1.1395,201,0.96,1.1162,29,0.96,1.1162,1,0.97,1.1279,305,1
IWM190920C160,2019-09-13,2019-09-13 09:35:35,0.98,1.1395,201,0.97,1.1279,3,0.96,1.1162,1,0.975,1.1337,305,0
IWM190920C160,2019-09-13,2019-09-13 09:35:36,0.98,1.1395,390,0.97,1.1279,3,0.96,1.1162,1,0.975,1.1337,305,0
IWM190920C160,2019-09-13,2019-09-13 09:35:36,0.98,1.1395,392,0.96,1.1162,13,0.96,1.1162,1,0.97,1.1279,305,0
IWM190920C160,2019-09-13,2019-09-13 09:35:37,0.97,1.1279,333,0.95,1.1046,85,0.96,1.1162,1,0.96,1.1162,305,0
IWM190920C160,2019-09-13,2019-09-13 09:35:37,0.97,1.1279,46,0.96,1.1162,40,0.96,1.1162,1,0.965,1.122,305,0
IWM190920C160,2019-09-13,2019-09-13 09:35:38,0.98,1.1395,360,0.97,1.1279,25,0.96,1.1162,1,0.975,1.1337,305,0
IWM190920C160,2019-09-13,2019-09-13 09:35:38,0.97,1.1279,16,0.96,1.1162,60,0.96,1.1162,1,0.965,1.122,305,0
IWM190920C160,2019-09-13,2019-09-13 09:35:39,0.98,1.1395,50,0.97,1.1279,50,0.96,1.1162,1,0.975,1.1337,305,0
IWM190920C160,2019-09-13,2019-09-13 09:35:39,0.99,1.1511,391,0.97,1.1279,50,0.96,1.1162,1,0.98,1.1395,305,0
IWM190920C160,2019-09-13,2019-09-13 09:35:40,0.99,1.1511,440,0.97,1.1279,50,0.96,1.1162,1,0.98,1.1395,305,0
IWM190920C160,2019-09-13,2019-09-13 09:35:40,0.99,1.1511,415,0.97,1.1279,50,0.96,1.1162,1,0.98,1.1395,305,0
IWM190920C160,2019-09-13,2019-09-13 09:35:41,0.99,1.1511,557,0.97,1.1279,58,0.96,1.1162,1,0.98,1.1395,305,0
IWM190920C160,2019-09-13,2019-09-13 09:35:41,0.99,1.1511,533,0.97,1.1279,50,0.96,1.1162,1,0.98,1.1395,305,0
IWM190920C160,2019-09-13,2019-09-13 09:35:42,0.99,1.1511,600,0.97,1.1279,79,0.96,1.1162,1,0.98,1.1395,305,0
IWM190920C160,2019-09-13,2019-09-13 09:35:42,0.99,1.1511,437,0.97,1.1279,79,0.96,1.1162,1,0.98,1.1395,305,0
IWM190920C160,2019-09-13,2019-09-13 09:35:43,0.99,1.1511,600,0.97,1.1279,35,0.96,1.1162,1,0.98,1.1395,305,0
IWM190920C160,2019-09-13,2019-09-13 09:35:43,0.98,1.1395,540,0.96,1.1162,49,0.96,1.1162,1,0.97,1.1279,305,0
IWM190920C160,2019-09-13,2019-09-13 09:35:44,0.97,1.1279,173,0.95,1.1046,36,0.96,1.1162,1,0.96,1.1162,305,0
IWM190920C160,2019-09-13,2019-09-13 09:35:44,0.98,1.1395,550,0.96,1.1162,57,0.96,1.1162,1,0.97,1.1279,305,0
IWM190920C160,2019-09-13,2019-09-13 09:35:45,0.98,1.1395,631,0.96,1.1162,16,0.96,1.1162,1,0.97,1.1279,305,0
IWM190920C160,2019-09-13,2019-09-13 09:35:45,0.98,1.1395,141,0.96,1.1162,16,0.96,1.1162,1,0.97,1.1279,305,0
IWM190920C160,2019-09-13,2019-09-13 09:35:46,0.98,1.1395,266,0.96,1.1162,68,0.97,1.1279,6,0.97,1.1279,314,9
IWM190920C160,2019-09-13,2019-09-13 09:35:46,0.98,1.1395,475,0.96,1.1162,68,0.96,1.1162,1,0.97,1.1279,305,0
IWM190920C160,2019-09-13,2019-09-13 09:35:47,0.98,1.1395,172,0.96,1.1162,13,0.97,1.1279,6,0.97,1.1279,314,0
IWM190920C160,2019-09-13,2019-09-13 09:35:48,0.97,1.1279,78,0.95,1.1046,103,0.97,1.1279,6,0.96,1.1162,314,0
IWM190920C160,2019-09-13,2019-09-13 09:35:48,0.97,1.1279,304,0.96,1.1162,68,0.97,1.1279,6,0.965,1.122,314,0
IWM190920C160,2019-09-13,2019-09-13 09:35:49,0.97,1.1279,92,0.95,1.1046,36,0.97,1.1279,6,0.96,1.1162,314,0
IWM190920C160,2019-09-13,2019-09-13 09:35:49,0.98,1.1395,242,0.97,1.1279,3,0.97,1.1279,6,0.975,1.1337,314,0
IWM190920C160,2019-09-13,2019-09-13 09:35:50,0.97,1.1279,212,0.95,1.1046,75,0.97,1.1279,6,0.96,1.1162,314,0
IWM190920C160,2019-09-13,2019-09-13 09:35:51,0.97,1.1279,474,0.95,1.1046,103,0.97,1.1279,6,0.96,1.1162,314,0
IWM190920C160,2019-09-13,2019-09-13 09:35:51,0.97,1.1279,454,0.95,1.1046,13,0.97,1.1279,6,0.96,1.1162,314,0
IWM190920C160,2019-09-13,2019-09-13 09:35:52,0.97,1.1279,119,0.96,1.1162,101,0.97,1.1279,6,0.965,1.122,314,0
IWM190920C160,2019-09-13,2019-09-13 09:35:52,0.97,1.1279,464,0.95,1.1046,92,0.97,1.1279,6,0.96,1.1162,314,0
IWM190920C160,2019-09-13,2019-09-13 09:35:53,0.97,1.1279,60,0.96,1.1162,46,0.97,1.1279,6,0.965,1.122,314,0
IWM190920C160,2019-09-13,2019-09-13 09:35:53,0.98,1.1395,344,0.96,1.1162,120,0.97,1.1279,6,0.97,1.1279,314,0
IWM190920C160,2019-09-13,2019-09-13 09:35:54,0.97,1.1279,49,0.95,1.1046,57,0.97,1.1279,6,0.96,1.1162,314,0
IWM190920C160,2019-09-13,2019-09-13 09:35:54,0.98,1.1395,143,0.96,1.1162,32,0.97,1.1279,6,0.97,1.1279,314,0
IWM190920C160,2019-09-13,2019-09-13 09:35:55,0.98,1.1395,530,0.96,1.1162,32,0.97,1.1279,6,0.97,1.1279,314,0
IWM190920C160,2019-09-13,2019-09-13 09:35:55,0.98,1.1395,532,0.96,1.1162,103,0.97,1.1279,6,0.97,1.1279,314,0
IWM190920C160,2019-09-13,2019-09-13 09:35:56,0.98,1.1395,547,0.96,1.1162,37,0.97,1.1279,6,0.97,1.1279,314,0
IWM190920C160,2019-09-13,2019-09-13 09:35:57,0.98,1.1395,410,0.97,1.1279,31,0.97,1.1279,6,0.975,1.1337,314,0
IWM190920C160,2019-09-13,2019-09-13 09:35:57,0.98,1.1395,441,0.97,1.1279,31,0.97,1.1279,6,0.975,1.1337,314,0
IWM190920C160,2019-09-13,2019-09-13 09:35:58,0.98,1.1395,569,0.96,1.1162,73,0.97,1.1279,6,0.97,1.1279,314,0
IWM190920C160,2019-09-13,2019-09-13 09:35:58,0.98,1.1395,449,0.96,1.1162,23,0.97,1.1279,6,0.97,1.1279,314,0
IWM190920C160,2019-09-13,2019-09-13 09:35:59,0.98,1.1395,353,0.96,1.1162,36,0.97,1.1279,6,0.97,1.1279,314,0
IWM190920C160,2019-09-13,2019-09-13 09:36:00,0.98,1.1395,523,0.96,1.1162,36,0.97,1.1279,6,0.97,1.1279,314,0
IWM190920C160,2019-09-13,2019-09-13 09:36:00,0.98,1.1395,569,0.96,1.1162,36,0.97,1.1279,6,0.97,1.1279,314,0
IWM190920C160,2019-09-13,2019-09-13 09:36:01,0.98,1.1395,431,0.96,1.1162,92,0.97,1.1279,6,0.97,1.1279,314,0
IWM190920C160,2019-09-13,2019-09-13 09:36:01,0.98,1.1395,562,0.96,1.1162,73,0.97,1.1279,6,0.97,1.1279,314,0
IWM190920C160,2019-09-13,2019-09-13 09:36:02,0.98,1.1395,531,0.96,1.1162,23,0.97,1.1279,6,0.97,1.1279,314,0
IWM190920C160,2019-09-13,2019-09-13 09:36:02,0.97,1.1279,63,0.96,1.1162,38,0.97,1.1279,6,0.965,1.122,314,0
IWM190920C160,2019-09-13,2019-09-13 09:36:03,0.98,1.1395,102,0.95,1.1046,101,0.97,1.1279,6,0.965,1.122,314,0
IWM190920C160,2019-09-13,2019-09-13 09:36:03,0.98,1.1395,276,0.96,1.1162,38,0.97,1.1279,6,0.97,1.1279,314,0
IWM190920C160,2019-09-13,2019-09-13 09:36:04,0.98,1.1395,360,0.95,1.1046,101,0.97,1.1279,6,0.965,1.122,314,0
IWM190920C160,2019-09-13,2019-09-13 09:36:04,0.98,1.1395,225,0.95,1.1046,101,0.97,1.1279,6,0.965,1.122,314,0
IWM190920C160,2019-09-13,2019-09-13 09:36:05,0.97,1.1279,111,0.95,1.1046,167,0.97,1.1279,2,0.96,1.1162,316,2
IWM190920C160,2019-09-13,2019-09-13 09:36:05,0.97,1.1279,222,0.95,1.1046,195,0.97,1.1279,2,0.96,1.1162,316,0
IWM190920C160,2019-09-13,2019-09-13 09:36:06,0.97,1.1279,247,0.95,1.1046,160,0.97,1.1279,2,0.96,1.1162,316,0
IWM190920C160,2019-09-13,2019-09-13 09:36:07,0.97,1.1279,185,0.95,1.1046,160,0.97,1.1279,2,0.96,1.1162,316,0
IWM190920C160,2019-09-13,2019-09-13 09:36:07,0.97,1.1279,247,0.95,1.1046,160,0.97,1.1279,2,0.96,1.1162,316,0
IWM190920C160,2019-09-13,2019-09-13 09:36:08,0.97,1.1279,108,0.96,1.1162,119,0.97,1.1279,2,0.965,1.122,316,0
IWM190920C160,2019-09-13,2019-09-13 09:36:08,0.97,1.1279,185,0.95,1.1046,160,0.97,1.1279,2,0.96,1.1162,316,0
IWM190920C160,2019-09-13,2019-09-13 09:36:09,0.98,1.1395,298,0.96,1.1162,24,0.97,1.1279,2,0.97,1.1279,316,0
IWM190920C160,2019-09-13,2019-09-13 09:36:09,0.98,1.1395,176,0.96,1.1162,24,0.97,1.1279,2,0.97,1.1279,316,0
IWM190920C160,2019-09-13,2019-09-13 09:36:10,0.98,1.1395,39,0.97,1.1279,67,0.97,1.1279,2,0.975,1.1337,316,0
IWM190920C160,2019-09-13,2019-09-13 09:36:10,0.98,1.1395,288,0.97,1.1279,27,0.97,1.1279,2,0.975,1.1337,316,0
IWM190920C160,2019-09-13,2019-09-13 09:36:11,0.99,1.1511,389,0.98,1.1395,3,0.97,1.1279,2,0.985,1.1453,316,0
IWM190920C160,2019-09-13,2019-09-13 09:36:11,0.98,1.1395,30,0.97,1.1279,67,0.97,1.1279,2,0.975,1.1337,316,0
IWM190920C160,2019-09-13,2019-09-13 09:36:12,0.98,1.1395,544,0.96,1.1162,57,0.97,1.1279,2,0.97,1.1279,316,0
IWM190920C160,2019-09-13,2019-09-13 09:36:12,0.98,1.1395,513,0.96,1.1162,57,0.97,1.1279,2,0.97,1.1279,316,0
IWM190920C160,2019-09-13,2019-09-13 09:36:13,0.98,1.1395,631,0.96,1.1162,36,0.97,1.1279,2,0.97,1.1279,316,0
IWM190920C160,2019-09-13,2019-09-13 09:36:13,0.98,1.1395,433,0.96,1.1162,57,0.97,1.1279,2,0.97,1.1279,316,0
IWM190920C160,2019-09-13,2019-09-13 09:36:14,0.98,1.1395,565,0.97,1.1279,16,0.97,1.1279,2,0.975,1.1337,316,0
IWM190920C160,2019-09-13,2019-09-13 09:36:15,0.98,1.1395,565,0.97,1.1279,16,0.97,1.1279,2,0.975,1.1337,316,0
IWM190920C160,2019-09-13,2019-09-13 09:36:15,0.98,1.1395,196,0.97,1.1279,42,0.97,1.1279,2,0.975,1.1337,316,0
IWM190920C160,2019-09-13,2019-09-13 09:36:16,0.99,1.1511,307,0.98,1.1395,24,0.97,1.1279,2,0.985,1.1453,316,0
IWM190920C160,2019-09-13,2019-09-13 09:36:16,0.99,1.1511,108,0.98,1.1395,24,0.97,1.1279,2,0.985,1.1453,316,0
IWM190920C160,2019-09-13,2019-09-13 09:36:17,0.99,1.1511,162,0.98,1.1395,13,0.97,1.1279,2,0.985,1.1453,316,0
IWM190920C160,2019-09-13,2019-09-13 09:36:17,0.99,1.1511,228,0.98,1.1395,24,0.97,1.1279,2,0.985,1.1453,316,0
IWM190920C160,2019-09-13,2019-09-13 09:36:18,1.01,1.1744,10,0.99,1.1511,13,1.0,1.1627,2,1.0,1.1627,320,4
IWM190920C160,2019-09-13,2019-09-13 09:36:18,0.99,1.1511,69,0.98,1.1395,16,0.97,1.1279,2,0.985,1.1453,316,0
IWM190920C160,2019-09-13,2019-09-13 09:36:19,1.01,1.1744,88,0.99,1.1511,54,1.0,1.1627,2,1.0,1.1627,320,0
IWM190920C160,2019-09-13,2019-09-13 09:36:19,1.02,1.186,88,1.0,1.1627,16,1.0,1.1627,2,1.01,1.1744,320,0
IWM190920C160,2019-09-13,2019-09-13 09:36:20,1.02,1.186,21,1.0,1.1627,144,1.0,1.1627,2,1.01,1.1744,320,0
IWM190920C160,2019-09-13,2019-09-13 09:36:20,1.02,1.186,88,1.0,1.1627,79,1.0,1.1627,2,1.01,1.1744,320,0
IWM190920C160,2019-09-13,2019-09-13 09:36:21,1.02,1.186,35,1.0,1.1627,144,1.0,1.1627,2,1.01,1.1744,320,0
IWM190920C160,2019-09-13,2019-09-13 09:36:21,1.02,1.186,88,1.0,1.1627,144,1.0,1.1627,2,1.01,1.1744,320,0
IWM190920C160,2019-09-13,2019-09-13 09:36:22,1.03,1.1976,20,1.0,1.1627,144,1.0,1.1627,2,1.015,1.1802,320,0
IWM190920C160,2019-09-13,2019-09-13 09:36:22,1.03,1.1976,194,1.01,1.1744,13,1.0,1.1627,2,1.02,1.186,320,0
IWM190920C160,2019-09-13,2019-09-13 09:36:23,1.02,1.186,78,1.01,1.1744,28,1.02,1.186,20,1.015,1.1802,340,20
IWM190920C160,2019-09-13,2019-09-13 09:36:24,1.03,1.1976,88,1.02,1.186,13,1.02,1.186,20,1.025,1.1918,340,0
IWM190920C160,2019-09-13,2019-09-13 09:36:25,1.03,1.1976,10,1.02,1.186,40,1.02,1.186,20,1.025,1.1918,340,0
IWM190920C160,2019-09-13,2019-09-13 09:36:25,1.03,1.1976,58,1.01,1.1744,105,1.02,1.186,20,1.02,1.186,340,0
IWM190920C160,2019-09-13,2019-09-13 09:36:26,1.03,1.1976,112,1.01,1.1744,105,1.02,1.186,20,1.02,1.186,340,0
IWM190920C160,2019-09-13,2019-09-13 09:36:27,1.03,1.1976,163,1.01,1.1744,105,1.02,1.186,20,1.02,1.186,340,0
IWM190920C160,2019-09-13,2019-09-13 09:36:27,1.03,1.1976,267,1.01,1.1744,142,1.02,1.186,20,1.02,1.186,340,0
IWM190920C160,2019-09-13,2019-09-13 09:36:28,1.03,1.1976,267,1.01,1.1744,128,1.02,1.186,20,1.02,1.186,340,0
IWM190920C160,2019-09-13,2019-09-13 09:36:28,1.03,1.1976,214,1.01,1.1744,128,1.02,1.186,20,1.02,1.186,340,0
IWM190920C160,2019-09-13,2019-09-13 09:36:29,1.04,1.2093,188,1.02,1.186,78,1.02,1.186,20,1.03,1.1976,340,0
IWM190920C160,2019-09-13,2019-09-13 09:36:29,1.03,1.1976,47,1.01,1.1744,128,1.02,1.186,20,1.02,1.186,340,0
IWM190920C160,2019-09-13,2019-09-13 09:36:30,1.04,1.2093,90,1.02,1.186,78,1.02,1.186,20,1.03,1.1976,340,0
IWM190920C160,2019-09-13,2019-09-13 09:36:30,1.05,1.2209,84,1.03,1.1976,62,1.02,1.186,20,1.04,1.2093,340,0
IWM190920C160,2019-09-13,2019-09-13 09:36:31,1.04,1.2093,104,1.03,1.1976,41,1.02,1.186,20,1.035,1.2034,340,0
IWM190920C160,2019-09-13,2019-09-13 09:36:31,1.05,1.2209,62,1.03,1.1976,62,1.02,1.186,20,1.04,1.2093,340,0
IWM190920C160,2019-09-13,2019-09-13 09:36:32,1.04,1.2093,94,1.02,1.186,45,1.02,1.186,20,1.03,1.1976,340,0
IWM190920C160,2019-09-13,2019-09-13 09:36:33,1.04,1.2093,172,1.03,1.1976,11,1.02,1.186,20,1.035,1.2034,340,0
IWM190920C160,2019-09-13,2019-09-13 09:36:33,1.04,1.2093,117,1.02,1.186,53,1.02,1.186,20,1.03,1.1976,340,0
IWM190920C160,2019-09-13,2019-09-13 09:36:34,1.04,1.2093,87,1.02,1.186,84,1.02,1.186,20,1.03,1.1976,340,0
IWM190920C160,2019-09-13,2019-09-13 09:36:34,1.05,1.2209,104,1.04,1.2093,11,1.02,1.186,20,1.045,1.2151,340,0
IWM190920C160,2019-09-13,2019-09-13 09:36:35,1.05,1.2209,254,1.03,1.1976,84,1.05,1.2209,1,1.04,1.2093,341,1
IWM190920C160,2019-09-13,2019-09-13 09:36:35,1.05,1.2209,133,1.04,1.2093,11,1.02,1.186,20,1.045,1.2151,340,0
IWM190920C160,2019-09-13,2019-09-13 09:36:36,1.05,1.2209,192,1.04,1.2093,20,1.05,1.2209,7,1.045,1.2151,348,7
IWM190920C160,2019-09-13,2019-09-13 09:36:36,1.05,1.2209,192,1.04,1.2093,9,1.05,1.2209,1,1.045,1.2151,341,0
IWM190920C160,2019-09-13,2019-09-13 09:36:37,1.05,1.2209,137,1.04,1.2093,20,1.05,1.2209,7,1.045,1.2151,348,0
IWM190920C160,2019-09-13,2019-09-13 09:36:37,1.05,1.2209,145,1.04,1.2093,9,1.05,1.2209,7,1.045,1.2151,348,0
IWM190920C160,2019-09-13,2019-09-13 09:36:38,1.05,1.2209,127,1.04,1.2093,9,1.05,1.2209,7,1.045,1.2151,348,0
IWM190920C160,2019-09-13,2019-09-13 09:36:39,1.05,1.2209,22,1.03,1.1976,100,1.05,1.2209,7,1.04,1.2093,348,0
IWM190920C160,2019-09-13,2019-09-13 09:36:39,1.05,1.2209,127,1.03,1.1976,100,1.05,1.2209,7,1.04,1.2093,348,0
IWM190920C160,2019-09-13,2019-09-13 09:36:40,1.05,1.2209,22,1.03,1.1976,100,1.05,1.2209,7,1.04,1.2093,348,0
IWM190920C160,2019-09-13,2019-09-13 09:36:40,1.05,1.2209,22,1.04,1.2093,107,1.05,1.2209,7,1.045,1.2151,348,0
IWM190920C160,2019-09-13,2019-09-13 09:36:41,1.05,1.2209,22,1.04,1.2093,48,1.05,1.2209,7,1.045,1.2151,348,0
IWM190920C160,2019-09-13,2019-09-13 09:36:41,1.05,1.2209,22,1.04,1.2093,80,1.05,1.2209,7,1.045,1.2151,348,0
IWM190920C160,2019-09-13,2019-09-13 09:36:42,1.05,1.2209,22,1.05,1.2209,66,1.05,1.2209,7,1.05,1.2209,348,0
IWM190920C160,2019-09-13,2019-09-13 09:36:42,1.05,1.2209,22,1.04,1.2093,80,1.05,1.2209,7,1.045,1.2151,348,0
IWM190920C160,2019-09-13,2019-09-13 09:36:43,1.06,1.2325,22,1.05,1.2209,53,1.05,1.2209,7,1.055,1.2267,348,0
IWM190920C160,2019-09-13,2019-09-13 09:36:44,1.06,1.2325,22,1.05,1.2209,53,1.05,1.2209,7,1.055,1.2267,348,0
IWM190920C160,2019-09-13,2019-09-13 09:36:44,1.06,1.2325,23,1.04,1.2093,85,1.05,1.2209,7,1.05,1.2209,348,0
IWM190920C160,2019-09-13,2019-09-13 09:36:45,1.06,1.2325,101,1.04,1.2093,94,1.05,1.2209,7,1.05,1.2209,348,0
IWM190920C160,2019-09-13,2019-09-13 09:36:45,1.06,1.2325,101,1.04,1.2093,85,1.05,1.2209,7,1.05,1.2209,348,0
IWM190920C160,2019-09-13,2019-09-13 09:36:46,1.06,1.2325,22,1.04,1.2093,85,1.05,1.2209,7,1.05,1.2209,348,0
IWM190920C160,2019-09-13,2019-09-13 09:36:46,1.06,1.2325,101,1.04,1.2093,85,1.05,1.2209,7,1.05,1.2209,348,0
IWM190920C160,2019-09-13,2019-09-13 09:36:47,1.07,1.2441,24,1.05,1.2209,62,1.05,1.2209,7,1.06,1.2325,348,0
IWM190920C160,2019-09-13,2019-09-13 09:36:47,1.07,1.2441,22,1.04,1.2093,85,1.05,1.2209,7,1.055,1.2267,348,0
IWM190920C160,2019-09-13,2019-09-13 09:36:48,1.07,1.2441,76,1.05,1.2209,95,1.05,1.2209,7,1.06,1.2325,348,0
IWM190920C160,2019-09-13,2019-09-13 09:36:48,1.07,1.2441,23,1.05,1.2209,95,1.05,1.2209,7,1.06,1.2325,348,0
IWM190920C160,2019-09-13,2019-09-13 09:36:49,1.07,1.2441,23,1.05,1.2209,100,1.05,1.2209,7,1.06,1.2325,348,0
IWM190920C160,2019-09-13,2019-09-13 09:36:49,1.06,1.2325,13,1.05,1.2209,20,1.05,1.2209,7,1.055,1.2267,348,0
IWM190920C160,2019-09-13,2019-09-13 09:36:50,1.06,1.2325,204,1.04,1.2093,97,1.05,1.2209,7,1.05,1.2209,348,0
IWM190920C160,2019-09-13,2019-09-13 09:36:51,1.06,1.2325,349,1.04,1.2093,47,1.05,1.2209,7,1.05,1.2209,348,0
IWM190920C160,2019-09-13,2019-09-13 09:36:51,1.06,1.2325,347,1.04,1.2093,47,1.05,1.2209,7,1.05,1.2209,348,0
IWM190920C160,2019-09-13,2019-09-13 09:36:52,1.06,1.2325,98,1.04,1.2093,57,1.05,1.2209,7,1.05,1.2209,348,0
IWM190920C160,2019-09-13,2019-09-13 09:36:52,1.06,1.2325,98,1.04,1.2093,125,1.05,1.2209,7,1.05,1.2209,348,0
IWM190920C160,2019-09-13,2019-09-13 09:36:53,1.06,1.2325,98,1.04,1.2093,212,1.05,1.2209,7,1.05,1.2209,348,0
IWM190920C160,2019-09-13,2019-09-13 09:36:53,1.06,1.2325,98,1.04,1.2093,100,1.05,1.2209,7,1.05,1.2209,348,0
IWM190920C160,2019-09-13,2019-09-13 09:36:54,1.06,1.2325,154,1.04,1.2093,110,1.05,1.2209,1,1.05,1.2209,350,1
IWM190920C160,2019-09-13,2019-09-13 09:36:54,1.06,1.2325,122,1.05,1.2209,1,1.05,1.2209,1,1.055,1.2267,349,1
IWM190920C160,2019-09-13,2019-09-13 09:36:55,1.06,1.2325,22,1.04,1.2093,167,1.05,1.2209,1,1.05,1.2209,350,0
IWM190920C160,2019-09-13,2019-09-13 09:36:56,1.06,1.2325,10,1.05,1.2209,83,1.05,1.2209,1,1.055,1.2267,350,0
IWM190920C160,2019-09-13,2019-09-13 09:36:57,1.06,1.2325,41,1.05,1.2209,18,1.05,1.2209,1,1.055,1.2267,350,0
IWM190920C160,2019-09-13,2019-09-13 09:36:57,1.06,1.2325,10,1.05,1.2209,83,1.05,1.2209,1,1.055,1.2267,350,0
IWM190920C160,2019-09-13,2019-09-13 09:36:58,1.06,1.2325,41,1.05,1.2209,18,1.05,1.2209,1,1.055,1.2267,350,0
IWM190920C160,2019-09-13,2019-09-13 09:36:58,1.06,1.2325,91,1.05,1.2209,7,1.05,1.2209,1,1.055,1.2267,350,0
IWM190920C160,2019-09-13,2019-09-13 09:36:59,1.06,1.2325,281,1.04,1.2093,70,1.05,1.2209,1,1.05,1.2209,350,0
IWM190920C160,2019-09-13,2019-09-13 09:36:59,1.06,1.2325,137,1.05,1.2209,7,1.05,1.2209,1,1.055,1.2267,350,0
IWM190920C160,2019-09-13,2019-09-13 09:37:00,1.07,1.2441,40,1.05,1.2209,55,1.05,1.2209,1,1.06,1.2325,350,0
IWM190920C160,2019-09-13,2019-09-13 09:37:00,1.07,1.2441,125,1.05,1.2209,77,1.05,1.2209,1,1.06,1.2325,350,0
IWM190920C160,2019-09-13,2019-09-13 09:37:01,1.06,1.2325,399,1.04,1.2093,176,1.05,1.2209,1,1.05,1.2209,350,0
IWM190920C160,2019-09-13,2019-09-13 09:37:01,1.06,1.2325,132,1.04,1.2093,176,1.05,1.2209,1,1.05,1.2209,350,0
IWM190920C160,2019-09-13,2019-09-13 09:37:02,1.06,1.2325,118,1.05,1.2209,6,1.05,1.2209,1,1.055,1.2267,350,0
IWM190920C160,2019-09-13,2019-09-13 09:37:02,1.06,1.2325,110,1.05,1.2209,6,1.05,1.2209,1,1.055,1.2267,350,0
IWM190920C160,2019-09-13,2019-09-13 09:37:03,1.06,1.2325,254,1.04,1.2093,62,1.05,1.2209,1,1.05,1.2209,350,0
IWM190920C160,2019-09-13,2019-09-13 09:37:03,1.06,1.2325,275,1.04,1.2093,36,1.05,1.2209,1,1.05,1.2209,350,0
IWM190920C160,2019-09-13,2019-09-13 09:37:04,1.06,1.2325,1,1.05,1.2209,91,1.06,1.2325,1,1.055,1.2267,351,1
IWM190920C160,2019-09-13,2019-09-13 09:37:04,1.08,1.2558,24,1.06,1.2325,155,1.06,1.2325,1,1.07,1.2441,351,0
IWM190920C160,2019-09-13,2019-09-13 09:37:05,1.08,1.2558,84,1.06,1.2325,64,1.06,1.2325,1,1.07,1.2441,351,0
IWM190920C160,2019-09-13,2019-09-13 09:37:05,1.08,1.2558,46,1.06,1.2325,122,1.06,1.2325,1,1.07,1.2441,351,0
IWM190920C160,2019-09-13,2019-09-13 09:37:06,1.08,1.2558,144,1.07,1.2441,6,1.06,1.2325,1,1.075,1.25,351,0
IWM190920C160,2019-09-13,2019-09-13 09:37:06,1.07,1.2441,41,1.06,1.2325,74,1.06,1.2325,1,1.065,1.2383,351,0
IWM190920C160,2019-09-13,2019-09-13 09:37:07,1.08,1.2558,61,1.07,1.2441,19,1.06,1.2325,1,1.075,1.25,351,0
IWM190920C160,2019-09-13,2019-09-13 09:37:07,1.08,1.2558,56,1.07,1.2441,24,1.07,1.2441,5,1.075,1.25,356,5
IWM190920C160,2019-09-13,2019-09-13 09:37:08,1.08,1.2558,56,1.07,1.2441,55,1.07,1.2441,5,1.075,1.25,356,0
IWM190920C160,2019-09-13,2019-09-13 09:37:08,1.09,1.2674,252,1.07,1.2441,24,1.07,1.2441,5,1.08,1.2558,356,0
IWM190920C160,2019-09-13,2019-09-13 09:37:09,1.08,1.2558,132,1.06,1.2325,71,1.07,1.2441,5,1.07,1.2441,356,0
IWM190920C160,2019-09-13,2019-09-13 09:37:09,1.08,1.2558,116,1.07,1.2441,8,1.07,1.2441,5,1.075,1.25,356,0
IWM190920C160,2019-09-13,2019-09-13 09:37:10,1.08,1.2558,80,1.06,1.2325,170,1.07,1.2441,5,1.07,1.2441,356,0
IWM190920C160,2019-09-13,2019-09-13 09:37:11,1.08,1.2558,173,1.06,1.2325,170,1.07,1.2441,5,1.07,1.2441,356,0
IWM190920C160,2019-09-13,2019-09-13 09:37:12,1.08,1.2558,173,1.06,1.2325,170,1.07,1.2441,5,1.07,1.2441,356,0
IWM190920C160,2019-09-13,2019-09-13 09:37:13,1.08,1.2558,173,1.06,1.2325,170,1.07,1.2441,5,1.07,1.2441,356,0
IWM190920C160,2019-09-13,2019-09-13 09:37:13,1.08,1.2558,173,1.06,1.2325,71,1.07,1.2441,5,1.07,1.2441,356,0
IWM190920C160,2019-09-13,2019-09-13 09:37:14,1.08,1.2558,80,1.06,1.2325,78,1.07,1.2441,5,1.07,1.2441,356,0
IWM190920C160,2019-09-13,2019-09-13 09:37:14,1.08,1.2558,80,1.07,1.2441,35,1.07,1.2441,5,1.075,1.25,356,0
IWM190920C160,2019-09-13,2019-09-13 09:37:15,1.08,1.2558,80,1.07,1.2441,35,1.07,1.2441,5,1.075,1.25,356,0
IWM190920C160,2019-09-13,2019-09-13 09:37:16,1.08,1.2558,80,1.06,1.2325,99,1.07,1.2441,5,1.07,1.2441,356,0
IWM190920C160,2019-09-13,2019-09-13 09:37:17,1.08,1.2558,92,1.06,1.2325,99,1.07,1.2441,5,1.07,1.2441,356,0
IWM190920C160,2019-09-13,2019-09-13 09:37:18,1.08,1.2558,92,1.07,1.2441,77,1.07,1.2441,5,1.075,1.25,356,0
IWM190920C160,2019-09-13,2019-09-13 09:37:19,1.08,1.2558,92,1.07,1.2441,77,1.07,1.2441,5,1.075,1.25,356,0
IWM190920C160,2019-09-13,2019-09-13 09:37:19,1.09,1.2674,10,1.07,1.2441,118,1.08,1.2558,1,1.08,1.2558,357,1
IWM190920C160,2019-09-13,2019-09-13 09:37:20,1.1,1.279,76,1.08,1.2558,102,1.08,1.2558,1,1.09,1.2674,357,0
IWM190920C160,2019-09-13,2019-09-13 09:37:20,1.09,1.2674,22,1.08,1.2558,18,1.08,1.2558,1,1.085,1.2616,357,0
IWM190920C160,2019-09-13,2019-09-13 09:37:21,1.08,1.2558,92,1.06,1.2325,128,1.08,1.2558,1,1.07,1.2441,357,0
IWM190920C160,2019-09-13,2019-09-13 09:37:21,1.08,1.2558,13,1.07,1.2441,77,1.08,1.2558,1,1.075,1.25,357,0
IWM190920C160,2019-09-13,2019-09-13 09:37:22,1.08,1.2558,86,1.07,1.2441,17,1.08,1.2558,1,1.075,1.25,357,0
IWM190920C160,2019-09-13,2019-09-13 09:37:22,1.07,1.2441,62,1.06,1.2325,128,1.08,1.2558,1,1.065,1.2383,357,0
IWM190920C160,2019-09-13,2019-09-13 09:37:23,1.08,1.2558,86,1.07,1.2441,17,1.08,1.2558,1,1.075,1.25,357,0
IWM190920C160,2019-09-13,2019-09-13 09:37:24,1.08,1.2558,128,1.07,1.2441,17,1.08,1.2558,1,1.075,1.25,357,0
IWM190920C160,2019-09-13,2019-09-13 09:37:24,1.08,1.2558,99,1.07,1.2441,10,1.08,1.2558,1,1.075,1.25,357,0
IWM190920C160,2019-09-13,2019-09-13 09:37:25,1.07,1.2441,13,1.07,1.2441,23,1.08,1.2558,1,1.07,1.2441,357,0
IWM190920C160,2019-09-13,2019-09-13 09:37:25,1.08,1.2558,96,1.07,1.2441,10,1.08,1.2558,1,1.075,1.25,357,0
IWM190920C160,2019-09-13,2019-09-13 09:37:26,1.08,1.2558,45,1.06,1.2325,100,1.08,1.2558,1,1.07,1.2441,357,0
IWM190920C160,2019-09-13,2019-09-13 09:37:26,1.07,1.2441,13,1.07,1.2441,23,1.08,1.2558,1,1.07,1.2441,357,0
IWM190920C160,2019-09-13,2019-09-13 09:37:27,1.08,1.2558,76,1.06,1.2325,30,1.08,1.2558,1,1.07,1.2441,357,0
IWM190920C160,2019-09-13,2019-09-13 09:37:27,1.07,1.2441,13,1.06,1.2325,22,1.08,1.2558,1,1.065,1.2383,357,0
IWM190920C160,2019-09-13,2019-09-13 09:37:28,1.07,1.2441,88,1.06,1.2325,47,1.08,1.2558,1,1.065,1.2383,357,0
IWM190920C160,2019-09-13,2019-09-13 09:37:28,1.08,1.2558,23,1.07,1.2441,124,1.08,1.2558,1,1.075,1.25,357,0
IWM190920C160,2019-09-13,2019-09-13 09:37:29,1.08,1.2558,22,1.07,1.2441,44,1.08,1.2558,1,1.075,1.25,357,0
IWM190920C160,2019-09-13,2019-09-13 09:37:29,1.08,1.2558,22,1.07,1.2441,119,1.08,1.2558,1,1.075,1.25,357,0
IWM190920C160,2019-09-13,2019-09-13 09:37:30,1.08,1.2558,59,1.07,1.2441,84,1.08,1.2558,1,1.075,1.25,357,0
IWM190920C160,2019-09-13,2019-09-13 09:37:31,1.09,1.2674,10,1.08,1.2558,81,1.08,1.2558,1,1.085,1.2616,359,0
IWM190920C160,2019-09-13,2019-09-13 09:37:31,1.09,1.2674,10,1.08,1.2558,94,1.08,1.2558,1,1.085,1.2616,359,2
IWM190920C160,2019-09-13,2019-09-13 09:37:32,1.09,1.2674,10,1.08,1.2558,81,1.08,1.2558,1,1.085,1.2616,359,0
IWM190920C160,2019-09-13,2019-09-13 09:37:33,1.09,1.2674,10,1.08,1.2558,81,1.08,1.2558,1,1.085,1.2616,359,0
IWM190920C160,2019-09-13,2019-09-13 09:37:34,1.1,1.279,10,1.08,1.2558,81,1.08,1.2558,1,1.09,1.2674,359,0
IWM190920C160,2019-09-13,2019-09-13 09:37:34,1.1,1.279,107,1.08,1.2558,81,1.08,1.2558,1,1.09,1.2674,359,0
IWM190920C160,2019-09-13,2019-09-13 09:37:35,1.1,1.279,92,1.08,1.2558,112,1.08,1.2558,1,1.09,1.2674,359,0
IWM190920C160,2019-09-13,2019-09-13 09:37:35,1.1,1.279,280,1.08,1.2558,81,1.08,1.2558,1,1.09,1.2674,359,0
IWM190920C160,2019-09-13,2019-09-13 09:37:36,1.1,1.279,92,1.08,1.2558,81,1.08,1.2558,1,1.09,1.2674,359,0
IWM190920C160,2019-09-13,2019-09-13 09:37:36,1.1,1.279,280,1.08,1.2558,81,1.08,1.2558,1,1.09,1.2674,359,0
IWM190920C160,2019-09-13,2019-09-13 09:37:37,1.1,1.279,116,1.08,1.2558,81,1.08,1.2558,1,1.09,1.2674,359,0
IWM190920C160,2019-09-13,2019-09-13 09:37:37,1.1,1.279,92,1.08,1.2558,154,1.08,1.2558,1,1.09,1.2674,359,0
IWM190920C160,2019-09-13,2019-09-13 09:37:38,1.1,1.279,116,1.08,1.2558,81,1.08,1.2558,1,1.09,1.2674,359,0
IWM190920C160,2019-09-13,2019-09-13 09:37:39,1.1,1.279,126,1.08,1.2558,81,1.08,1.2558,1,1.09,1.2674,359,0
IWM190920C160,2019-09-13,2019-09-13 09:37:39,1.1,1.279,168,1.08,1.2558,81,1.08,1.2558,1,1.09,1.2674,359,0
IWM190920C160,2019-09-13,2019-09-13 09:37:40,1.1,1.279,114,1.08,1.2558,81,1.08,1.2558,1,1.09,1.2674,359,0
IWM190920C160,2019-09-13,2019-09-13 09:37:40,1.1,1.279,92,1.08,1.2558,94,1.08,1.2558,1,1.09,1.2674,359,0
IWM190920C160,2019-09-13,2019-09-13 09:37:41,1.1,1.279,92,1.08,1.2558,82,1.08,1.2558,1,1.09,1.2674,359,0
IWM190920C160,2019-09-13,2019-09-13 09:37:41,1.11,1.2906,70,1.09,1.2674,150,1.08,1.2558,1,1.1,1.279,359,0
IWM190920C160,2019-09-13,2019-09-13 09:37:42,1.11,1.2906,92,1.09,1.2674,107,1.08,1.2558,1,1.1,1.279,359,0
IWM190920C160,2019-09-13,2019-09-13 09:37:42,1.1,1.279,31,1.09,1.2674,81,1.08,1.2558,1,1.095,1.2732,359,0
IWM190920C160,2019-09-13,2019-09-13 09:37:43,1.1,1.279,10,1.08,1.2558,64,1.08,1.2558,1,1.09,1.2674,359,0
IWM190920C160,2019-09-13,2019-09-13 09:37:43,1.1,1.279,114,1.08,1.2558,92,1.08,1.2558,1,1.09,1.2674,359,0
IWM190920C160,2019-09-13,2019-09-13 09:37:44,1.11,1.2906,23,1.1,1.279,25,1.08,1.2558,1,1.105,1.2848,359,0
IWM190920C160,2019-09-13,2019-09-13 09:37:44,1.11,1.2906,48,1.1,1.279,50,1.08,1.2558,1,1.105,1.2848,359,0
IWM190920C160,2019-09-13,2019-09-13 09:37:45,1.11,1.2906,48,1.09,1.2674,91,1.08,1.2558,1,1.1,1.279,359,0
IWM190920C160,2019-09-13,2019-09-13 09:37:45,1.11,1.2906,35,1.09,1.2674,88,1.08,1.2558,1,1.1,1.279,359,0
IWM190920C160,2019-09-13,2019-09-13 09:37:46,1.11,1.2906,35,1.09,1.2674,100,1.08,1.2558,1,1.1,1.279,359,0
IWM190920C160,2019-09-13,2019-09-13 09:37:46,1.1,1.279,65,1.09,1.2674,19,1.08,1.2558,1,1.095,1.2732,359,0
IWM190920C160,2019-09-13,2019-09-13 09:37:47,1.1,1.279,121,1.08,1.2558,60,1.08,1.2558,1,1.09,1.2674,359,0
IWM190920C160,2019-09-13,2019-09-13 09:37:47,1.1,1.279,124,1.08,1.2558,60,1.08,1.2558,1,1.09,1.2674,359,0
IWM190920C160,2019-09-13,2019-09-13 09:37:48,1.11,1.2906,91,1.09,1.2674,58,1.08,1.2558,1,1.1,1.279,359,0
IWM190920C160,2019-09-13,2019-09-13 09:37:48,1.11,1.2906,141,1.09,1.2674,58,1.08,1.2558,1,1.1,1.279,359,0
IWM190920C160,2019-09-13,2019-09-13 09:37:49,1.11,1.2906,90,1.09,1.2674,58,1.08,1.2558,1,1.1,1.279,359,0
IWM190920C160,2019-09-13,2019-09-13 09:37:49,1.11,1.2906,91,1.09,1.2674,58,1.08,1.2558,1,1.1,1.279,359,0
IWM190920C160,2019-09-13,2019-09-13 09:37:50,1.12,1.3023,22,1.11,1.2906,36,1.08,1.2558,1,1.115,1.2965,359,0
IWM190920C160,2019-09-13,2019-09-13 09:37:50,1.12,1.3023,90,1.11,1.2906,12,1.08,1.2558,1,1.115,1.2965,359,0
IWM190920C160,2019-09-13,2019-09-13 09:37:51,1.12,1.3023,87,1.11,1.2906,12,1.08,1.2558,1,1.115,1.2965,359,0
IWM190920C160,2019-09-13,2019-09-13 09:37:52,1.11,1.2906,53,1.1,1.279,13,1.08,1.2558,1,1.105,1.2848,359,0
IWM190920C160,2019-09-13,2019-09-13 09:37:52,1.11,1.2906,53,1.09,1.2674,90,1.08,1.2558,1,1.1,1.279,359,0
IWM190920C160,2019-09-13,2019-09-13 09:37:53,1.12,1.3023,90,1.11,1.2906,79,1.08,1.2558,1,1.115,1.2965,359,0
IWM190920C160,2019-09-13,2019-09-13 09:37:53,1.12,1.3023,114,1.11,1.2906,15,1.08,1.2558,1,1.115,1.2965,359,0
IWM190920C160,2019-09-13,2019-09-13 09:37:54,1.12,1.3023,90,1.11,1.2906,26,1.08,1.2558,1,1.115,1.2965,359,0
IWM190920C160,2019-09-13,2019-09-13 09:37:55,1.12,1.3023,89,1.11,1.2906,39,1.08,1.2558,1,1.115,1.2965,359,0
IWM190920C160,2019-09-13,2019-09-13 09:37:55,1.12,1.3023,89,1.11,1.2906,14,1.08,1.2558,1,1.115,1.2965,359,0
IWM190920C160,2019-09-13,2019-09-13 09:37:56,1.12,1.3023,113,1.11,1.2906,14,1.08,1.2558,1,1.115,1.2965,359,0
IWM190920C160,2019-09-13,2019-09-13 09:37:57,1.12,1.3023,67,1.11,1.2906,43,1.08,1.2558,1,1.115,1.2965,359,0
IWM190920C160,2019-09-13,2019-09-13 09:37:57,1.12,1.3023,113,1.11,1.2906,43,1.08,1.2558,1,1.115,1.2965,359,0
IWM190920C160,2019-09-13,2019-09-13 09:37:58,1.11,1.2906,108,1.09,1.2674,44,1.08,1.2558,1,1.1,1.279,359,0
IWM190920C160,2019-09-13,2019-09-13 09:37:58,1.12,1.3023,10,1.11,1.2906,37,1.08,1.2558,1,1.115,1.2965,359,0
IWM190920C160,2019-09-13,2019-09-13 09:37:59,1.11,1.2906,62,1.09,1.2674,84,1.08,1.2558,1,1.1,1.279,359,0
IWM190920C160,2019-09-13,2019-09-13 09:38:00,1.13,1.3139,169,1.11,1.2906,83,1.08,1.2558,1,1.12,1.3023,359,0
IWM190920C160,2019-09-13,2019-09-13 09:38:00,1.13,1.3139,179,1.11,1.2906,83,1.08,1.2558,1,1.12,1.3023,359,0
IWM190920C160,2019-09-13,2019-09-13 09:38:01,1.12,1.3023,84,1.11,1.2906,26,1.08,1.2558,1,1.115,1.2965,359,0
IWM190920C160,2019-09-13,2019-09-13 09:38:01,1.13,1.3139,23,1.11,1.2906,21,1.08,1.2558,1,1.12,1.3023,359,0
IWM190920C160,2019-09-13,2019-09-13 09:38:02,1.13,1.3139,45,1.12,1.3023,8,1.08,1.2558,1,1.125,1.3081,359,0
IWM190920C160,2019-09-13,2019-09-13 09:38:02,1.13,1.3139,45,1.12,1.3023,125,1.08,1.2558,1,1.125,1.3081,359,0
IWM190920C160,2019-09-13,2019-09-13 09:38:03,1.13,1.3139,113,1.12,1.3023,91,1.08,1.2558,1,1.125,1.3081,359,0
IWM190920C160,2019-09-13,2019-09-13 09:38:03,1.13,1.3139,45,1.12,1.3023,125,1.08,1.2558,1,1.125,1.3081,359,0
IWM190920C160,2019-09-13,2019-09-13 09:38:04,1.13,1.3139,40,1.12,1.3023,91,1.08,1.2558,1,1.125,1.3081,359,0
IWM190920C160,2019-09-13,2019-09-13 09:38:04,1.12,1.3023,215,1.1,1.279,31,1.08,1.2558,1,1.11,1.2906,359,0
IWM190920C160,2019-09-13,2019-09-13 09:38:05,1.12,1.3023,98,1.1,1.279,100,1.08,1.2558,1,1.11,1.2906,359,0
IWM190920C160,2019-09-13,2019-09-13 09:38:05,1.12,1.3023,248,1.1,1.279,31,1.08,1.2558,1,1.11,1.2906,359,0
IWM190920C160,2019-09-13,2019-09-13 09:38:06,1.12,1.3023,98,1.1,1.279,71,1.11,1.2906,5,1.11,1.2906,364,5
IWM190920C160,2019-09-13,2019-09-13 09:38:07,1.12,1.3023,98,1.1,1.279,115,1.11,1.2906,5,1.11,1.2906,364,0
IWM190920C160,2019-09-13,2019-09-13 09:38:08,1.12,1.3023,98,1.1,1.279,64,1.11,1.2906,5,1.11,1.2906,364,0
IWM190920C160,2019-09-13,2019-09-13 09:38:08,1.12,1.3023,98,1.1,1.279,71,1.11,1.2906,5,1.11,1.2906,364,0
IWM190920C160,2019-09-13,2019-09-13 09:38:09,1.12,1.3023,215,1.1,1.279,64,1.11,1.2906,5,1.11,1.2906,364,0
IWM190920C160,2019-09-13,2019-09-13 09:38:09,1.12,1.3023,98,1.1,1.279,64,1.11,1.2906,5,1.11,1.2906,364,0
IWM190920C160,2019-09-13,2019-09-13 09:38:10,1.11,1.2906,117,1.1,1.279,62,1.11,1.2906,5,1.105,1.2848,364,0
IWM190920C160,2019-09-13,2019-09-13 09:38:10,1.11,1.2906,163,1.1,1.279,64,1.11,1.2906,5,1.105,1.2848,364,0
IWM190920C160,2019-09-13,2019-09-13 09:38:11,1.11,1.2906,88,1.1,1.279,11,1.11,1.2906,5,1.105,1.2848,364,0
IWM190920C160,2019-09-13,2019-09-13 09:38:11,1.11,1.2906,75,1.1,1.279,26,1.11,1.2906,5,1.105,1.2848,364,0
IWM190920C160,2019-09-13,2019-09-13 09:38:12,1.11,1.2906,299,1.09,1.2674,50,1.11,1.2906,5,1.1,1.279,364,0
IWM190920C160,2019-09-13,2019-09-13 09:38:12,1.11,1.2906,253,1.09,1.2674,50,1.11,1.2906,5,1.1,1.279,364,0
IWM190920C160,2019-09-13,2019-09-13 09:38:13,1.11,1.2906,284,1.09,1.2674,80,1.11,1.2906,5,1.1,1.279,364,0
IWM190920C160,2019-09-13,2019-09-13 09:38:14,1.12,1.3023,162,1.1,1.279,100,1.11,1.2906,5,1.11,1.2906,364,0
IWM190920C160,2019-09-13,2019-09-13 09:38:14,1.11,1.2906,284,1.09,1.2674,80,1.11,1.2906,5,1.1,1.279,364,0
IWM190920C160,2019-09-13,2019-09-13 09:38:15,1.12,1.3023,10,1.1,1.279,100,1.11,1.2906,5,1.11,1.2906,364,0
IWM190920C160,2019-09-13,2019-09-13 09:38:15,1.12,1.3023,187,1.11,1.2906,34,1.11,1.2906,5,1.115,1.2965,364,0
IWM190920C160,2019-09-13,2019-09-13 09:38:16,1.12,1.3023,241,1.11,1.2906,8,1.11,1.2906,5,1.115,1.2965,364,0
IWM190920C160,2019-09-13,2019-09-13 09:38:16,1.12,1.3023,241,1.1,1.279,18,1.11,1.2906,5,1.11,1.2906,364,0
IWM190920C160,2019-09-13,2019-09-13 09:38:17,1.11,1.2906,105,1.09,1.2674,68,1.11,1.2906,5,1.1,1.279,364,0
IWM190920C160,2019-09-13,2019-09-13 09:38:17,1.11,1.2906,95,1.1,1.279,18,1.11,1.2906,5,1.105,1.2848,364,0
IWM190920C160,2019-09-13,2019-09-13 09:38:18,1.11,1.2906,241,1.09,1.2674,40,1.11,1.2906,5,1.1,1.279,364,0
IWM190920C160,2019-09-13,2019-09-13 09:38:18,1.11,1.2906,241,1.09,1.2674,36,1.11,1.2906,5,1.1,1.279,364,0
IWM190920C160,2019-09-13,2019-09-13 09:38:19,1.11,1.2906,212,1.09,1.2674,45,1.11,1.2906,5,1.1,1.279,364,0
IWM190920C160,2019-09-13,2019-09-13 09:38:19,1.11,1.2906,262,1.09,1.2674,100,1.11,1.2906,5,1.1,1.279,364,0
IWM190920C160,2019-09-13,2019-09-13 09:38:20,1.11,1.2906,105,1.09,1.2674,63,1.11,1.2906,5,1.1,1.279,364,0
IWM190920C160,2019-09-13,2019-09-13 09:38:20,1.11,1.2906,124,1.09,1.2674,63,1.11,1.2906,5,1.1,1.279,364,0
IWM190920C160,2019-09-13,2019-09-13 09:38:21,1.11,1.2906,92,1.09,1.2674,82,1.11,1.2906,5,1.1,1.279,364,0
IWM190920C160,2019-09-13,2019-09-13 09:38:21,1.11,1.2906,105,1.09,1.2674,82,1.11,1.2906,5,1.1,1.279,364,0
IWM190920C160,2019-09-13,2019-09-13 09:38:22,1.11,1.2906,200,1.09,1.2674,82,1.11,1.2906,5,1.1,1.279,364,0
IWM190920C160,2019-09-13,2019-09-13 09:38:23,1.11,1.2906,242,1.09,1.2674,36,1.11,1.2906,5,1.1,1.279,364,0
IWM190920C160,2019-09-13,2019-09-13 09:38:23,1.11,1.2906,135,1.09,1.2674,32,1.11,1.2906,5,1.1,1.279,364,0
IWM190920C160,2019-09-13,2019-09-13 09:38:24,1.1,1.279,96,1.08,1.2558,59,1.11,1.2906,5,1.09,1.2674,364,0
IWM190920C160,2019-09-13,2019-09-13 09:38:24,1.1,1.279,100,1.08,1.2558,119,1.11,1.2906,5,1.09,1.2674,364,0
IWM190920C160,2019-09-13,2019-09-13 09:38:25,1.1,1.279,142,1.08,1.2558,59,1.11,1.2906,5,1.09,1.2674,364,0
IWM190920C160,2019-09-13,2019-09-13 09:38:26,1.1,1.279,226,1.08,1.2558,69,1.11,1.2906,5,1.09,1.2674,364,0
IWM190920C160,2019-09-13,2019-09-13 09:38:26,1.1,1.279,96,1.08,1.2558,91,1.11,1.2906,5,1.09,1.2674,364,0
IWM190920C160,2019-09-13,2019-09-13 09:38:27,1.1,1.279,156,1.08,1.2558,91,1.11,1.2906,5,1.09,1.2674,364,0
IWM190920C160,2019-09-13,2019-09-13 09:38:27,1.1,1.279,115,1.08,1.2558,91,1.11,1.2906,5,1.09,1.2674,364,0
IWM190920C160,2019-09-13,2019-09-13 09:38:28,1.1,1.279,96,1.08,1.2558,47,1.11,1.2906,5,1.09,1.2674,364,0
IWM190920C160,2019-09-13,2019-09-13 09:38:29,1.1,1.279,185,1.08,1.2558,47,1.11,1.2906,5,1.09,1.2674,364,0
IWM190920C160,2019-09-13,2019-09-13 09:38:30,1.09,1.2674,55,1.08,1.2558,47,1.11,1.2906,5,1.085,1.2616,364,0
IWM190920C160,2019-09-13,2019-09-13 09:38:30,1.09,1.2674,105,1.08,1.2558,29,1.11,1.2906,5,1.085,1.2616,364,0
IWM190920C160,2019-09-13,2019-09-13 09:38:31,1.09,1.2674,78,1.08,1.2558,29,1.11,1.2906,5,1.085,1.2616,364,0
IWM190920C160,2019-09-13,2019-09-13 09:38:31,1.09,1.2674,113,1.07,1.2441,86,1.11,1.2906,5,1.08,1.2558,364,0
