symbol,Date,quote_time,ask_price,norm_ask_price,ask_size,bid_price,norm_bid_price,bid_size,last_trade_price,norm_last_trade_price,last_trade_size,mark_price,norm_mark_price,volume,Volume
IWM191011P145,2019-10-07,2019-10-07 09:30:00,0.49,1.0,92,0.48,0.9795,24,0.0,0.0,13635,0.485,0.9897,4331,4331
IWM191011P145,2019-10-07,2019-10-07 09:30:01,5.0,10.204,2,0.0,0.0,0,0.0,0.0,13635,2.5,5.102,0,-4331
IWM191011P145,2019-10-07,2019-10-07 09:30:01,0.54,1.102,28,0.46,0.9387,34,0.0,0.0,13635,0.5,1.0204,0,0
IWM191011P145,2019-10-07,2019-10-07 09:30:02,0.54,1.102,28,0.46,0.9387,528,0.0,0.0,13635,0.5,1.0204,0,0
IWM191011P145,2019-10-07,2019-10-07 09:30:02,0.54,1.102,28,0.46,0.9387,612,0.0,0.0,13635,0.5,1.0204,0,0
IWM191011P145,2019-10-07,2019-10-07 09:30:03,0.54,1.102,28,0.46,0.9387,612,0.0,0.0,13635,0.5,1.0204,0,0
IWM191011P145,2019-10-07,2019-10-07 09:30:03,0.54,1.102,28,0.47,0.9591,150,0.0,0.0,13635,0.505,1.0306,0,0
IWM191011P145,2019-10-07,2019-10-07 09:30:04,0.54,1.102,28,0.47,0.9591,150,0.0,0.0,13635,0.505,1.0306,0,0
IWM191011P145,2019-10-07,2019-10-07 09:30:05,0.54,1.102,28,0.47,0.9591,331,0.0,0.0,13635,0.505,1.0306,0,0
IWM191011P145,2019-10-07,2019-10-07 09:30:05,0.54,1.102,28,0.47,0.9591,150,0.0,0.0,13635,0.505,1.0306,0,0
IWM191011P145,2019-10-07,2019-10-07 09:30:06,0.53,1.0816,19,0.47,0.9591,2,0.0,0.0,13635,0.5,1.0204,0,0
IWM191011P145,2019-10-07,2019-10-07 09:30:06,0.53,1.0816,19,0.47,0.9591,19,0.0,0.0,13635,0.5,1.0204,0,0
IWM191011P145,2019-10-07,2019-10-07 09:30:07,0.53,1.0816,19,0.46,0.9387,23,0.0,0.0,13635,0.495,1.0102,0,0
IWM191011P145,2019-10-07,2019-10-07 09:30:07,0.53,1.0816,19,0.47,0.9591,2,0.0,0.0,13635,0.5,1.0204,0,0
IWM191011P145,2019-10-07,2019-10-07 09:30:08,0.53,1.0816,19,0.46,0.9387,23,0.0,0.0,13635,0.495,1.0102,0,0
IWM191011P145,2019-10-07,2019-10-07 09:30:09,0.53,1.0816,19,0.46,0.9387,60,0.0,0.0,13635,0.495,1.0102,0,0
IWM191011P145,2019-10-07,2019-10-07 09:30:10,0.54,1.102,10,0.45,0.9183,20,0.0,0.0,13635,0.495,1.0102,0,0
IWM191011P145,2019-10-07,2019-10-07 09:30:10,0.54,1.102,11,0.45,0.9183,84,0.0,0.0,13635,0.495,1.0102,0,0
IWM191011P145,2019-10-07,2019-10-07 09:30:11,0.54,1.102,10,0.45,0.9183,30,0.0,0.0,13635,0.495,1.0102,0,0
IWM191011P145,2019-10-07,2019-10-07 09:30:11,0.52,1.0612,36,0.45,0.9183,30,0.0,0.0,13635,0.485,0.9897,0,0
IWM191011P145,2019-10-07,2019-10-07 09:30:12,0.52,1.0612,36,0.45,0.9183,30,0.0,0.0,13635,0.485,0.9897,0,0
IWM191011P145,2019-10-07,2019-10-07 09:30:13,0.52,1.0612,36,0.45,0.9183,41,0.51,1.0408,9,0.485,0.9897,9,9
IWM191011P145,2019-10-07,2019-10-07 09:30:13,0.52,1.0612,36,0.45,0.9183,41,0.0,0.0,13635,0.485,0.9897,0,0
IWM191011P145,2019-10-07,2019-10-07 09:30:14,0.52,1.0612,36,0.45,0.9183,41,0.51,1.0408,9,0.485,0.9897,9,0
IWM191011P145,2019-10-07,2019-10-07 09:30:15,0.52,1.0612,15,0.45,0.9183,41,0.51,1.0408,9,0.485,0.9897,9,0
IWM191011P145,2019-10-07,2019-10-07 09:30:15,0.52,1.0612,13,0.45,0.9183,41,0.51,1.0408,9,0.485,0.9897,9,0
IWM191011P145,2019-10-07,2019-10-07 09:30:16,0.52,1.0612,15,0.45,0.9183,41,0.51,1.0408,9,0.485,0.9897,9,0
IWM191011P145,2019-10-07,2019-10-07 09:30:17,0.5,1.0204,31,0.45,0.9183,52,0.51,1.0408,9,0.475,0.9693,9,0
IWM191011P145,2019-10-07,2019-10-07 09:30:17,0.5,1.0204,31,0.47,0.9591,180,0.51,1.0408,9,0.485,0.9897,9,0
IWM191011P145,2019-10-07,2019-10-07 09:30:18,0.5,1.0204,31,0.49,1.0,150,0.51,1.0408,9,0.495,1.0102,9,0
IWM191011P145,2019-10-07,2019-10-07 09:30:18,0.5,1.0204,31,0.47,0.9591,208,0.51,1.0408,9,0.485,0.9897,9,0
IWM191011P145,2019-10-07,2019-10-07 09:30:19,0.52,1.0612,31,0.49,1.0,183,0.51,1.0408,9,0.505,1.0306,9,0
IWM191011P145,2019-10-07,2019-10-07 09:30:19,0.52,1.0612,31,0.51,1.0408,150,0.51,1.0408,9,0.515,1.051,9,0
IWM191011P145,2019-10-07,2019-10-07 09:30:20,0.53,1.0816,68,0.5,1.0204,205,0.51,1.0408,9,0.515,1.051,9,0
IWM191011P145,2019-10-07,2019-10-07 09:30:20,0.54,1.102,58,0.51,1.0408,154,0.51,1.0408,9,0.525,1.0714,9,0
IWM191011P145,2019-10-07,2019-10-07 09:30:21,0.53,1.0816,68,0.49,1.0,170,0.51,1.0408,9,0.51,1.0408,9,0
IWM191011P145,2019-10-07,2019-10-07 09:30:21,0.53,1.0816,68,0.5,1.0204,138,0.51,1.0408,9,0.515,1.051,9,0
IWM191011P145,2019-10-07,2019-10-07 09:30:22,0.52,1.0612,71,0.49,1.0,641,0.51,1.0408,9,0.505,1.0306,9,0
IWM191011P145,2019-10-07,2019-10-07 09:30:22,0.52,1.0612,60,0.49,1.0,625,0.51,1.0408,9,0.505,1.0306,9,0
IWM191011P145,2019-10-07,2019-10-07 09:30:23,0.52,1.0612,60,0.49,1.0,164,0.51,1.0408,9,0.505,1.0306,9,0
IWM191011P145,2019-10-07,2019-10-07 09:30:23,0.52,1.0612,82,0.49,1.0,171,0.51,1.0408,9,0.505,1.0306,9,0
IWM191011P145,2019-10-07,2019-10-07 09:30:24,0.52,1.0612,82,0.49,1.0,171,0.51,1.0408,9,0.505,1.0306,9,0
IWM191011P145,2019-10-07,2019-10-07 09:30:24,0.51,1.0408,28,0.49,1.0,171,0.51,1.0408,9,0.5,1.0204,9,0
IWM191011P145,2019-10-07,2019-10-07 09:30:25,0.51,1.0408,66,0.48,0.9795,1,0.51,1.0408,9,0.495,1.0102,9,0
IWM191011P145,2019-10-07,2019-10-07 09:30:26,0.5,1.0204,28,0.48,0.9795,1,0.51,1.0408,9,0.49,1.0,9,0
IWM191011P145,2019-10-07,2019-10-07 09:30:26,0.5,1.0204,31,0.48,0.9795,1,0.51,1.0408,9,0.49,1.0,9,0
IWM191011P145,2019-10-07,2019-10-07 09:30:27,0.5,1.0204,31,0.48,0.9795,1,0.51,1.0408,9,0.49,1.0,9,0
IWM191011P145,2019-10-07,2019-10-07 09:30:28,0.5,1.0204,31,0.48,0.9795,1,0.51,1.0408,9,0.49,1.0,9,0
IWM191011P145,2019-10-07,2019-10-07 09:30:29,0.5,1.0204,31,0.48,0.9795,1,0.51,1.0408,9,0.49,1.0,9,0
IWM191011P145,2019-10-07,2019-10-07 09:30:30,0.5,1.0204,31,0.48,0.9795,26,0.51,1.0408,9,0.49,1.0,9,0
IWM191011P145,2019-10-07,2019-10-07 09:30:30,0.5,1.0204,51,0.48,0.9795,47,0.51,1.0408,9,0.49,1.0,9,0
IWM191011P145,2019-10-07,2019-10-07 09:30:31,0.51,1.0408,75,0.48,0.9795,265,0.51,1.0408,9,0.495,1.0102,9,0
IWM191011P145,2019-10-07,2019-10-07 09:30:31,0.51,1.0408,85,0.48,0.9795,265,0.51,1.0408,9,0.495,1.0102,9,0
IWM191011P145,2019-10-07,2019-10-07 09:30:32,0.51,1.0408,30,0.48,0.9795,364,0.51,1.0408,9,0.495,1.0102,9,0
IWM191011P145,2019-10-07,2019-10-07 09:30:32,0.51,1.0408,75,0.48,0.9795,265,0.51,1.0408,9,0.495,1.0102,9,0
IWM191011P145,2019-10-07,2019-10-07 09:30:33,0.51,1.0408,28,0.48,0.9795,581,0.51,1.0408,9,0.495,1.0102,9,0
IWM191011P145,2019-10-07,2019-10-07 09:30:33,0.51,1.0408,28,0.48,0.9795,304,0.51,1.0408,9,0.495,1.0102,9,0
IWM191011P145,2019-10-07,2019-10-07 09:30:34,0.5,1.0204,28,0.47,0.9591,20,0.51,1.0408,9,0.485,0.9897,9,0
IWM191011P145,2019-10-07,2019-10-07 09:30:34,0.51,1.0408,30,0.49,1.0,1,0.51,1.0408,9,0.5,1.0204,9,0
IWM191011P145,2019-10-07,2019-10-07 09:30:35,0.5,1.0204,66,0.47,0.9591,148,0.51,1.0408,9,0.485,0.9897,9,0
IWM191011P145,2019-10-07,2019-10-07 09:30:35,0.5,1.0204,66,0.47,0.9591,328,0.51,1.0408,9,0.485,0.9897,9,0
IWM191011P145,2019-10-07,2019-10-07 09:30:36,0.5,1.0204,66,0.47,0.9591,302,0.51,1.0408,9,0.485,0.9897,9,0
IWM191011P145,2019-10-07,2019-10-07 09:30:37,0.5,1.0204,66,0.47,0.9591,27,0.51,1.0408,9,0.485,0.9897,9,0
IWM191011P145,2019-10-07,2019-10-07 09:30:37,0.5,1.0204,66,0.47,0.9591,338,0.51,1.0408,9,0.485,0.9897,9,0
IWM191011P145,2019-10-07,2019-10-07 09:30:38,0.5,1.0204,28,0.48,0.9795,30,0.51,1.0408,9,0.49,1.0,9,0
IWM191011P145,2019-10-07,2019-10-07 09:30:39,0.5,1.0204,20,0.47,0.9591,188,0.51,1.0408,9,0.485,0.9897,9,0
IWM191011P145,2019-10-07,2019-10-07 09:30:39,0.5,1.0204,20,0.47,0.9591,371,0.51,1.0408,9,0.485,0.9897,9,0
IWM191011P145,2019-10-07,2019-10-07 09:30:40,0.5,1.0204,20,0.47,0.9591,347,0.51,1.0408,9,0.485,0.9897,9,0
IWM191011P145,2019-10-07,2019-10-07 09:30:40,0.5,1.0204,26,0.47,0.9591,485,0.51,1.0408,9,0.485,0.9897,9,0
IWM191011P145,2019-10-07,2019-10-07 09:30:41,0.5,1.0204,26,0.47,0.9591,122,0.51,1.0408,9,0.485,0.9897,9,0
IWM191011P145,2019-10-07,2019-10-07 09:30:41,0.5,1.0204,20,0.48,0.9795,20,0.51,1.0408,9,0.49,1.0,9,0
IWM191011P145,2019-10-07,2019-10-07 09:30:42,0.5,1.0204,20,0.48,0.9795,36,0.51,1.0408,9,0.49,1.0,9,0
IWM191011P145,2019-10-07,2019-10-07 09:30:43,0.5,1.0204,20,0.48,0.9795,36,0.51,1.0408,9,0.49,1.0,9,0
IWM191011P145,2019-10-07,2019-10-07 09:30:43,0.51,1.0408,89,0.48,0.9795,58,0.51,1.0408,9,0.495,1.0102,9,0
IWM191011P145,2019-10-07,2019-10-07 09:30:44,0.51,1.0408,89,0.48,0.9795,38,0.51,1.0408,9,0.495,1.0102,9,0
IWM191011P145,2019-10-07,2019-10-07 09:30:44,0.51,1.0408,89,0.48,0.9795,27,0.51,1.0408,9,0.495,1.0102,9,0
IWM191011P145,2019-10-07,2019-10-07 09:30:45,0.51,1.0408,88,0.48,0.9795,113,0.51,1.0408,9,0.495,1.0102,9,0
IWM191011P145,2019-10-07,2019-10-07 09:30:46,0.51,1.0408,88,0.48,0.9795,42,0.51,1.0408,9,0.495,1.0102,9,0
IWM191011P145,2019-10-07,2019-10-07 09:30:46,0.51,1.0408,60,0.48,0.9795,162,0.51,1.0408,9,0.495,1.0102,9,0
IWM191011P145,2019-10-07,2019-10-07 09:30:47,0.51,1.0408,172,0.48,0.9795,283,0.51,1.0408,9,0.495,1.0102,9,0
IWM191011P145,2019-10-07,2019-10-07 09:30:47,0.51,1.0408,136,0.48,0.9795,227,0.51,1.0408,9,0.495,1.0102,9,0
IWM191011P145,2019-10-07,2019-10-07 09:30:48,0.51,1.0408,172,0.48,0.9795,363,0.51,1.0408,9,0.495,1.0102,9,0
IWM191011P145,2019-10-07,2019-10-07 09:30:48,0.51,1.0408,229,0.48,0.9795,318,0.51,1.0408,9,0.495,1.0102,9,0
IWM191011P145,2019-10-07,2019-10-07 09:30:49,0.51,1.0408,229,0.48,0.9795,119,0.51,1.0408,9,0.495,1.0102,9,0
IWM191011P145,2019-10-07,2019-10-07 09:30:49,0.51,1.0408,229,0.48,0.9795,66,0.51,1.0408,9,0.495,1.0102,9,0
IWM191011P145,2019-10-07,2019-10-07 09:30:50,0.5,1.0204,28,0.48,0.9795,42,0.51,1.0408,9,0.49,1.0,9,0
IWM191011P145,2019-10-07,2019-10-07 09:30:50,0.5,1.0204,28,0.48,0.9795,222,0.51,1.0408,9,0.49,1.0,9,0
IWM191011P145,2019-10-07,2019-10-07 09:30:51,0.51,1.0408,268,0.48,0.9795,244,0.51,1.0408,9,0.495,1.0102,9,0
IWM191011P145,2019-10-07,2019-10-07 09:30:51,0.51,1.0408,355,0.48,0.9795,82,0.51,1.0408,9,0.495,1.0102,9,0
IWM191011P145,2019-10-07,2019-10-07 09:30:52,0.51,1.0408,627,0.47,0.9591,619,0.51,1.0408,9,0.49,1.0,9,0
IWM191011P145,2019-10-07,2019-10-07 09:30:52,0.5,1.0204,20,0.48,0.9795,41,0.51,1.0408,9,0.49,1.0,9,0
IWM191011P145,2019-10-07,2019-10-07 09:30:53,0.5,1.0204,43,0.48,0.9795,31,0.51,1.0408,9,0.49,1.0,9,0
IWM191011P145,2019-10-07,2019-10-07 09:30:53,0.5,1.0204,28,0.48,0.9795,22,0.51,1.0408,9,0.49,1.0,9,0
IWM191011P145,2019-10-07,2019-10-07 09:30:54,0.51,1.0408,202,0.48,0.9795,267,0.51,1.0408,9,0.495,1.0102,9,0
IWM191011P145,2019-10-07,2019-10-07 09:30:54,0.51,1.0408,202,0.48,0.9795,308,0.51,1.0408,9,0.495,1.0102,9,0
IWM191011P145,2019-10-07,2019-10-07 09:30:55,0.51,1.0408,28,0.49,1.0,150,0.51,1.0408,9,0.5,1.0204,9,0
IWM191011P145,2019-10-07,2019-10-07 09:30:55,0.51,1.0408,99,0.49,1.0,36,0.51,1.0408,9,0.5,1.0204,9,0
IWM191011P145,2019-10-07,2019-10-07 09:30:56,0.51,1.0408,28,0.49,1.0,298,0.51,1.0408,9,0.5,1.0204,9,0
IWM191011P145,2019-10-07,2019-10-07 09:30:56,0.51,1.0408,28,0.49,1.0,184,0.51,1.0408,9,0.5,1.0204,9,0
IWM191011P145,2019-10-07,2019-10-07 09:30:57,0.51,1.0408,28,0.49,1.0,287,0.51,1.0408,9,0.5,1.0204,9,0
IWM191011P145,2019-10-07,2019-10-07 09:30:57,0.51,1.0408,28,0.49,1.0,369,0.51,1.0408,9,0.5,1.0204,9,0
IWM191011P145,2019-10-07,2019-10-07 09:30:58,0.51,1.0408,21,0.49,1.0,51,0.51,1.0408,9,0.5,1.0204,9,0
IWM191011P145,2019-10-07,2019-10-07 09:30:58,0.51,1.0408,28,0.49,1.0,255,0.51,1.0408,9,0.5,1.0204,9,0
IWM191011P145,2019-10-07,2019-10-07 09:30:59,0.51,1.0408,21,0.49,1.0,51,0.51,1.0408,9,0.5,1.0204,9,0
IWM191011P145,2019-10-07,2019-10-07 09:30:59,0.52,1.0612,373,0.49,1.0,31,0.51,1.0408,9,0.505,1.0306,9,0
IWM191011P145,2019-10-07,2019-10-07 09:31:00,0.52,1.0612,391,0.49,1.0,306,0.51,1.0408,9,0.505,1.0306,9,0
IWM191011P145,2019-10-07,2019-10-07 09:31:00,0.52,1.0612,10,0.49,1.0,306,0.51,1.0408,9,0.505,1.0306,9,0
IWM191011P145,2019-10-07,2019-10-07 09:31:01,0.52,1.0612,20,0.5,1.0204,267,0.51,1.0408,9,0.51,1.0408,9,0
IWM191011P145,2019-10-07,2019-10-07 09:31:02,0.52,1.0612,20,0.5,1.0204,30,0.51,1.0408,9,0.51,1.0408,9,0
IWM191011P145,2019-10-07,2019-10-07 09:31:03,0.52,1.0612,20,0.5,1.0204,211,0.51,1.0408,9,0.51,1.0408,9,0
IWM191011P145,2019-10-07,2019-10-07 09:31:03,0.52,1.0612,20,0.5,1.0204,110,0.51,1.0408,9,0.51,1.0408,9,0
IWM191011P145,2019-10-07,2019-10-07 09:31:04,0.52,1.0612,28,0.5,1.0204,47,0.51,1.0408,9,0.51,1.0408,9,0
IWM191011P145,2019-10-07,2019-10-07 09:31:04,0.52,1.0612,351,0.49,1.0,150,0.51,1.0408,9,0.505,1.0306,9,0
IWM191011P145,2019-10-07,2019-10-07 09:31:05,0.52,1.0612,795,0.48,0.9795,778,0.51,1.0408,9,0.5,1.0204,9,0
IWM191011P145,2019-10-07,2019-10-07 09:31:05,0.51,1.0408,28,0.49,1.0,42,0.51,1.0408,9,0.5,1.0204,9,0
IWM191011P145,2019-10-07,2019-10-07 09:31:06,0.51,1.0408,309,0.48,0.9795,68,0.51,1.0408,9,0.495,1.0102,9,0
IWM191011P145,2019-10-07,2019-10-07 09:31:07,0.51,1.0408,221,0.48,0.9795,229,0.51,1.0408,9,0.495,1.0102,9,0
IWM191011P145,2019-10-07,2019-10-07 09:31:07,0.51,1.0408,295,0.49,1.0,20,0.51,1.0408,9,0.5,1.0204,9,0
IWM191011P145,2019-10-07,2019-10-07 09:31:08,0.51,1.0408,273,0.49,1.0,20,0.51,1.0408,9,0.5,1.0204,9,0
IWM191011P145,2019-10-07,2019-10-07 09:31:08,0.51,1.0408,607,0.48,0.9795,30,0.51,1.0408,9,0.495,1.0102,9,0
IWM191011P145,2019-10-07,2019-10-07 09:31:09,0.51,1.0408,656,0.48,0.9795,30,0.51,1.0408,9,0.495,1.0102,9,0
IWM191011P145,2019-10-07,2019-10-07 09:31:09,0.51,1.0408,656,0.48,0.9795,27,0.51,1.0408,9,0.495,1.0102,9,0
IWM191011P145,2019-10-07,2019-10-07 09:31:10,0.51,1.0408,806,0.48,0.9795,20,0.51,1.0408,9,0.495,1.0102,9,0
IWM191011P145,2019-10-07,2019-10-07 09:31:11,0.51,1.0408,408,0.49,1.0,20,0.51,1.0408,9,0.5,1.0204,9,0
IWM191011P145,2019-10-07,2019-10-07 09:31:11,0.51,1.0408,501,0.49,1.0,20,0.51,1.0408,9,0.5,1.0204,9,0
IWM191011P145,2019-10-07,2019-10-07 09:31:12,0.51,1.0408,131,0.49,1.0,30,0.51,1.0408,9,0.5,1.0204,9,0
IWM191011P145,2019-10-07,2019-10-07 09:31:12,0.51,1.0408,131,0.49,1.0,36,0.51,1.0408,9,0.5,1.0204,9,0
IWM191011P145,2019-10-07,2019-10-07 09:31:13,0.52,1.0612,721,0.49,1.0,57,0.51,1.0408,9,0.505,1.0306,9,0
IWM191011P145,2019-10-07,2019-10-07 09:31:13,0.52,1.0612,721,0.49,1.0,47,0.51,1.0408,9,0.505,1.0306,9,0
IWM191011P145,2019-10-07,2019-10-07 09:31:14,0.52,1.0612,721,0.49,1.0,57,0.51,1.0408,9,0.505,1.0306,9,0
IWM191011P145,2019-10-07,2019-10-07 09:31:14,0.51,1.0408,28,0.49,1.0,10,0.51,1.0408,9,0.5,1.0204,9,0
IWM191011P145,2019-10-07,2019-10-07 09:31:15,0.51,1.0408,1,0.5,1.0204,20,0.51,1.0408,9,0.505,1.0306,9,0
IWM191011P145,2019-10-07,2019-10-07 09:31:15,0.52,1.0612,475,0.5,1.0204,20,0.51,1.0408,9,0.51,1.0408,9,0
IWM191011P145,2019-10-07,2019-10-07 09:31:16,0.52,1.0612,128,0.5,1.0204,48,0.51,1.0408,9,0.51,1.0408,9,0
IWM191011P145,2019-10-07,2019-10-07 09:31:16,0.52,1.0612,143,0.5,1.0204,20,0.51,1.0408,9,0.51,1.0408,9,0
IWM191011P145,2019-10-07,2019-10-07 09:31:17,0.52,1.0612,97,0.5,1.0204,48,0.51,1.0408,9,0.51,1.0408,9,0
IWM191011P145,2019-10-07,2019-10-07 09:31:18,0.52,1.0612,97,0.5,1.0204,22,0.51,1.0408,9,0.51,1.0408,9,0
IWM191011P145,2019-10-07,2019-10-07 09:31:18,0.52,1.0612,97,0.5,1.0204,26,0.51,1.0408,9,0.51,1.0408,9,0
IWM191011P145,2019-10-07,2019-10-07 09:31:19,0.52,1.0612,243,0.49,1.0,218,0.51,1.0408,9,0.505,1.0306,9,0
IWM191011P145,2019-10-07,2019-10-07 09:31:19,0.52,1.0612,443,0.5,1.0204,20,0.51,1.0408,9,0.51,1.0408,9,0
IWM191011P145,2019-10-07,2019-10-07 09:31:20,0.52,1.0612,443,0.5,1.0204,26,0.51,1.0408,9,0.51,1.0408,9,0
IWM191011P145,2019-10-07,2019-10-07 09:31:20,0.52,1.0612,503,0.5,1.0204,22,0.51,1.0408,9,0.51,1.0408,9,0
IWM191011P145,2019-10-07,2019-10-07 09:31:21,0.52,1.0612,226,0.5,1.0204,26,0.51,1.0408,9,0.51,1.0408,9,0
IWM191011P145,2019-10-07,2019-10-07 09:31:21,0.52,1.0612,239,0.5,1.0204,20,0.51,1.0408,9,0.51,1.0408,9,0
IWM191011P145,2019-10-07,2019-10-07 09:31:22,0.52,1.0612,239,0.5,1.0204,30,0.51,1.0408,9,0.51,1.0408,9,0
IWM191011P145,2019-10-07,2019-10-07 09:31:22,0.52,1.0612,239,0.5,1.0204,20,0.51,1.0408,9,0.51,1.0408,9,0
IWM191011P145,2019-10-07,2019-10-07 09:31:23,0.52,1.0612,186,0.5,1.0204,58,0.51,1.0408,9,0.51,1.0408,9,0
IWM191011P145,2019-10-07,2019-10-07 09:31:24,0.52,1.0612,186,0.5,1.0204,58,0.51,1.0408,9,0.51,1.0408,9,0
IWM191011P145,2019-10-07,2019-10-07 09:31:25,0.52,1.0612,207,0.5,1.0204,38,0.51,1.0408,9,0.51,1.0408,9,0
IWM191011P145,2019-10-07,2019-10-07 09:31:25,0.52,1.0612,186,0.5,1.0204,58,0.51,1.0408,9,0.51,1.0408,9,0
IWM191011P145,2019-10-07,2019-10-07 09:31:26,0.51,1.0408,110,0.49,1.0,22,0.51,1.0408,9,0.5,1.0204,9,0
IWM191011P145,2019-10-07,2019-10-07 09:31:26,0.52,1.0612,207,0.5,1.0204,38,0.51,1.0408,9,0.51,1.0408,9,0
IWM191011P145,2019-10-07,2019-10-07 09:31:27,0.51,1.0408,193,0.49,1.0,22,0.51,1.0408,9,0.5,1.0204,9,0
IWM191011P145,2019-10-07,2019-10-07 09:31:28,0.51,1.0408,183,0.49,1.0,57,0.51,1.0408,9,0.5,1.0204,9,0
IWM191011P145,2019-10-07,2019-10-07 09:31:28,0.51,1.0408,183,0.49,1.0,31,0.51,1.0408,9,0.5,1.0204,9,0
IWM191011P145,2019-10-07,2019-10-07 09:31:29,0.51,1.0408,183,0.49,1.0,47,0.51,1.0408,9,0.5,1.0204,9,0
IWM191011P145,2019-10-07,2019-10-07 09:31:29,0.51,1.0408,183,0.49,1.0,36,0.51,1.0408,9,0.5,1.0204,9,0
IWM191011P145,2019-10-07,2019-10-07 09:31:30,0.51,1.0408,183,0.49,1.0,57,0.51,1.0408,9,0.5,1.0204,9,0
IWM191011P145,2019-10-07,2019-10-07 09:31:30,0.51,1.0408,183,0.49,1.0,47,0.51,1.0408,9,0.5,1.0204,9,0
IWM191011P145,2019-10-07,2019-10-07 09:31:31,0.51,1.0408,183,0.49,1.0,47,0.51,1.0408,9,0.5,1.0204,9,0
IWM191011P145,2019-10-07,2019-10-07 09:31:32,0.51,1.0408,183,0.49,1.0,47,0.51,1.0408,9,0.5,1.0204,9,0
IWM191011P145,2019-10-07,2019-10-07 09:31:33,0.51,1.0408,183,0.49,1.0,47,0.51,1.0408,9,0.5,1.0204,9,0
IWM191011P145,2019-10-07,2019-10-07 09:31:34,0.51,1.0408,183,0.49,1.0,68,0.51,1.0408,9,0.5,1.0204,9,0
IWM191011P145,2019-10-07,2019-10-07 09:31:35,0.52,1.0612,76,0.5,1.0204,53,0.51,1.0408,9,0.51,1.0408,9,0
IWM191011P145,2019-10-07,2019-10-07 09:31:35,0.52,1.0612,247,0.5,1.0204,53,0.51,1.0408,9,0.51,1.0408,9,0
IWM191011P145,2019-10-07,2019-10-07 09:31:36,0.52,1.0612,247,0.5,1.0204,89,0.51,1.0408,9,0.51,1.0408,9,0
IWM191011P145,2019-10-07,2019-10-07 09:31:36,0.52,1.0612,247,0.5,1.0204,53,0.51,1.0408,9,0.51,1.0408,9,0
IWM191011P145,2019-10-07,2019-10-07 09:31:37,0.52,1.0612,206,0.5,1.0204,42,0.51,1.0408,9,0.51,1.0408,9,0
IWM191011P145,2019-10-07,2019-10-07 09:31:37,0.52,1.0612,259,0.5,1.0204,58,0.51,1.0408,9,0.51,1.0408,9,0
IWM191011P145,2019-10-07,2019-10-07 09:31:38,0.51,1.0408,68,0.49,1.0,92,0.51,1.0408,9,0.5,1.0204,9,0
IWM191011P145,2019-10-07,2019-10-07 09:31:38,0.51,1.0408,68,0.49,1.0,75,0.51,1.0408,9,0.5,1.0204,9,0
IWM191011P145,2019-10-07,2019-10-07 09:31:39,0.51,1.0408,199,0.49,1.0,92,0.51,1.0408,9,0.5,1.0204,9,0
IWM191011P145,2019-10-07,2019-10-07 09:31:40,0.51,1.0408,199,0.49,1.0,92,0.51,1.0408,9,0.5,1.0204,9,0
IWM191011P145,2019-10-07,2019-10-07 09:31:41,0.5,1.0204,102,0.48,0.9795,69,0.51,1.0408,9,0.49,1.0,9,0
IWM191011P145,2019-10-07,2019-10-07 09:31:41,0.51,1.0408,251,0.49,1.0,69,0.51,1.0408,9,0.5,1.0204,9,0
IWM191011P145,2019-10-07,2019-10-07 09:31:42,0.5,1.0204,11,0.48,0.9795,30,0.51,1.0408,9,0.49,1.0,9,0
IWM191011P145,2019-10-07,2019-10-07 09:31:42,0.51,1.0408,806,0.48,0.9795,36,0.51,1.0408,9,0.495,1.0102,9,0
IWM191011P145,2019-10-07,2019-10-07 09:31:43,0.5,1.0204,84,0.48,0.9795,48,0.51,1.0408,9,0.49,1.0,9,0
IWM191011P145,2019-10-07,2019-10-07 09:31:43,0.5,1.0204,20,0.48,0.9795,46,0.51,1.0408,9,0.49,1.0,9,0
IWM191011P145,2019-10-07,2019-10-07 09:31:44,0.5,1.0204,84,0.48,0.9795,58,0.51,1.0408,9,0.49,1.0,9,0
IWM191011P145,2019-10-07,2019-10-07 09:31:44,0.5,1.0204,64,0.48,0.9795,58,0.51,1.0408,9,0.49,1.0,9,0
IWM191011P145,2019-10-07,2019-10-07 09:31:45,0.51,1.0408,170,0.48,0.9795,72,0.51,1.0408,9,0.495,1.0102,9,0
IWM191011P145,2019-10-07,2019-10-07 09:31:45,0.5,1.0204,64,0.48,0.9795,58,0.51,1.0408,9,0.49,1.0,9,0
IWM191011P145,2019-10-07,2019-10-07 09:31:46,0.51,1.0408,316,0.49,1.0,58,0.51,1.0408,9,0.5,1.0204,9,0
IWM191011P145,2019-10-07,2019-10-07 09:31:46,0.5,1.0204,53,0.48,0.9795,450,0.51,1.0408,9,0.49,1.0,9,0
IWM191011P145,2019-10-07,2019-10-07 09:31:47,0.5,1.0204,53,0.48,0.9795,439,0.51,1.0408,9,0.49,1.0,9,0
IWM191011P145,2019-10-07,2019-10-07 09:31:48,0.51,1.0408,264,0.49,1.0,42,0.51,1.0408,9,0.5,1.0204,9,0
IWM191011P145,2019-10-07,2019-10-07 09:31:49,0.51,1.0408,264,0.49,1.0,58,0.51,1.0408,9,0.5,1.0204,9,0
IWM191011P145,2019-10-07,2019-10-07 09:31:49,0.51,1.0408,306,0.49,1.0,58,0.51,1.0408,9,0.5,1.0204,9,0
IWM191011P145,2019-10-07,2019-10-07 09:31:50,0.5,1.0204,1,0.49,1.0,58,0.51,1.0408,9,0.495,1.0102,9,0
IWM191011P145,2019-10-07,2019-10-07 09:31:50,0.5,1.0204,1,0.49,1.0,64,0.51,1.0408,9,0.495,1.0102,9,0
IWM191011P145,2019-10-07,2019-10-07 09:31:51,0.5,1.0204,1,0.49,1.0,322,0.51,1.0408,9,0.495,1.0102,9,0
IWM191011P145,2019-10-07,2019-10-07 09:31:51,0.5,1.0204,1,0.49,1.0,417,0.51,1.0408,9,0.495,1.0102,9,0
IWM191011P145,2019-10-07,2019-10-07 09:31:52,0.52,1.0612,241,0.49,1.0,575,0.5,1.0204,1,0.505,1.0306,10,1
IWM191011P145,2019-10-07,2019-10-07 09:31:52,0.5,1.0204,1,0.49,1.0,575,0.51,1.0408,9,0.495,1.0102,9,0
IWM191011P145,2019-10-07,2019-10-07 09:31:53,0.52,1.0612,270,0.5,1.0204,30,0.5,1.0204,1,0.51,1.0408,10,0
IWM191011P145,2019-10-07,2019-10-07 09:31:53,0.52,1.0612,245,0.5,1.0204,20,0.5,1.0204,1,0.51,1.0408,10,0
IWM191011P145,2019-10-07,2019-10-07 09:31:54,0.52,1.0612,361,0.5,1.0204,20,0.5,1.0204,1,0.51,1.0408,10,0
IWM191011P145,2019-10-07,2019-10-07 09:31:55,0.52,1.0612,284,0.5,1.0204,20,0.5,1.0204,1,0.51,1.0408,10,0
IWM191011P145,2019-10-07,2019-10-07 09:31:55,0.52,1.0612,175,0.5,1.0204,20,0.5,1.0204,1,0.51,1.0408,10,0
IWM191011P145,2019-10-07,2019-10-07 09:31:56,0.51,1.0408,81,0.49,1.0,199,0.5,1.0204,1,0.5,1.0204,10,0
IWM191011P145,2019-10-07,2019-10-07 09:31:56,0.52,1.0612,121,0.5,1.0204,20,0.5,1.0204,1,0.51,1.0408,10,0
IWM191011P145,2019-10-07,2019-10-07 09:31:57,0.51,1.0408,169,0.49,1.0,363,0.5,1.0204,1,0.5,1.0204,10,0
IWM191011P145,2019-10-07,2019-10-07 09:31:57,0.51,1.0408,84,0.49,1.0,363,0.5,1.0204,1,0.5,1.0204,10,0
IWM191011P145,2019-10-07,2019-10-07 09:31:58,0.51,1.0408,271,0.49,1.0,363,0.5,1.0204,1,0.5,1.0204,10,0
IWM191011P145,2019-10-07,2019-10-07 09:31:58,0.51,1.0408,271,0.49,1.0,397,0.5,1.0204,1,0.5,1.0204,10,0
IWM191011P145,2019-10-07,2019-10-07 09:31:59,0.51,1.0408,204,0.49,1.0,295,0.5,1.0204,1,0.5,1.0204,10,0
IWM191011P145,2019-10-07,2019-10-07 09:31:59,0.51,1.0408,271,0.49,1.0,202,0.5,1.0204,1,0.5,1.0204,10,0
IWM191011P145,2019-10-07,2019-10-07 09:32:00,0.51,1.0408,204,0.49,1.0,382,0.5,1.0204,1,0.5,1.0204,10,0
IWM191011P145,2019-10-07,2019-10-07 09:32:01,0.52,1.0612,47,0.5,1.0204,280,0.5,1.0204,1,0.51,1.0408,10,0
IWM191011P145,2019-10-07,2019-10-07 09:32:01,0.51,1.0408,61,0.5,1.0204,20,0.5,1.0204,1,0.505,1.0306,10,0
IWM191011P145,2019-10-07,2019-10-07 09:32:02,0.53,1.0816,318,0.51,1.0408,68,0.5,1.0204,1,0.52,1.0612,10,0
IWM191011P145,2019-10-07,2019-10-07 09:32:02,0.53,1.0816,246,0.5,1.0204,405,0.5,1.0204,1,0.515,1.051,10,0
IWM191011P145,2019-10-07,2019-10-07 09:32:03,0.53,1.0816,318,0.51,1.0408,155,0.5,1.0204,1,0.52,1.0612,10,0
IWM191011P145,2019-10-07,2019-10-07 09:32:03,0.53,1.0816,318,0.51,1.0408,79,0.5,1.0204,1,0.52,1.0612,10,0
IWM191011P145,2019-10-07,2019-10-07 09:32:04,0.53,1.0816,318,0.51,1.0408,147,0.5,1.0204,1,0.52,1.0612,10,0
IWM191011P145,2019-10-07,2019-10-07 09:32:04,0.52,1.0612,84,0.51,1.0408,119,0.5,1.0204,1,0.515,1.051,10,0
IWM191011P145,2019-10-07,2019-10-07 09:32:05,0.52,1.0612,64,0.51,1.0408,1,0.5,1.0204,1,0.515,1.051,10,0
IWM191011P145,2019-10-07,2019-10-07 09:32:05,0.53,1.0816,256,0.51,1.0408,30,0.5,1.0204,1,0.52,1.0612,10,0
IWM191011P145,2019-10-07,2019-10-07 09:32:06,0.52,1.0612,86,0.5,1.0204,558,0.5,1.0204,1,0.51,1.0408,10,0
IWM191011P145,2019-10-07,2019-10-07 09:32:07,0.52,1.0612,63,0.5,1.0204,780,0.5,1.0204,1,0.51,1.0408,10,0
IWM191011P145,2019-10-07,2019-10-07 09:32:07,0.52,1.0612,63,0.5,1.0204,930,0.5,1.0204,1,0.51,1.0408,10,0
IWM191011P145,2019-10-07,2019-10-07 09:32:08,0.52,1.0612,63,0.5,1.0204,780,0.5,1.0204,1,0.51,1.0408,10,0
IWM191011P145,2019-10-07,2019-10-07 09:32:09,0.52,1.0612,63,0.5,1.0204,780,0.5,1.0204,1,0.51,1.0408,10,0
IWM191011P145,2019-10-07,2019-10-07 09:32:09,0.52,1.0612,63,0.5,1.0204,930,0.5,1.0204,1,0.51,1.0408,10,0
IWM191011P145,2019-10-07,2019-10-07 09:32:10,0.53,1.0816,235,0.51,1.0408,106,0.5,1.0204,1,0.52,1.0612,10,0
IWM191011P145,2019-10-07,2019-10-07 09:32:10,0.53,1.0816,165,0.51,1.0408,104,0.5,1.0204,1,0.52,1.0612,10,0
IWM191011P145,2019-10-07,2019-10-07 09:32:11,0.53,1.0816,235,0.51,1.0408,106,0.5,1.0204,1,0.52,1.0612,10,0
IWM191011P145,2019-10-07,2019-10-07 09:32:12,0.53,1.0816,243,0.51,1.0408,92,0.5,1.0204,1,0.52,1.0612,10,0
IWM191011P145,2019-10-07,2019-10-07 09:32:12,0.53,1.0816,235,0.51,1.0408,143,0.5,1.0204,1,0.52,1.0612,10,0
IWM191011P145,2019-10-07,2019-10-07 09:32:13,0.53,1.0816,357,0.51,1.0408,102,0.5,1.0204,1,0.52,1.0612,10,0
IWM191011P145,2019-10-07,2019-10-07 09:32:13,0.52,1.0612,20,0.51,1.0408,20,0.5,1.0204,1,0.515,1.051,10,0
IWM191011P145,2019-10-07,2019-10-07 09:32:14,0.52,1.0612,91,0.5,1.0204,450,0.5,1.0204,1,0.51,1.0408,10,0
IWM191011P145,2019-10-07,2019-10-07 09:32:14,0.52,1.0612,91,0.5,1.0204,456,0.5,1.0204,1,0.51,1.0408,10,0
IWM191011P145,2019-10-07,2019-10-07 09:32:15,0.52,1.0612,91,0.5,1.0204,586,0.5,1.0204,1,0.51,1.0408,10,0
IWM191011P145,2019-10-07,2019-10-07 09:32:15,0.52,1.0612,91,0.5,1.0204,592,0.5,1.0204,1,0.51,1.0408,10,0
IWM191011P145,2019-10-07,2019-10-07 09:32:16,0.52,1.0612,91,0.5,1.0204,586,0.5,1.0204,1,0.51,1.0408,10,0
IWM191011P145,2019-10-07,2019-10-07 09:32:16,0.52,1.0612,91,0.51,1.0408,1,0.5,1.0204,1,0.515,1.051,10,0
IWM191011P145,2019-10-07,2019-10-07 09:32:17,0.52,1.0612,91,0.51,1.0408,20,0.5,1.0204,1,0.515,1.051,10,0
IWM191011P145,2019-10-07,2019-10-07 09:32:17,0.52,1.0612,20,0.51,1.0408,30,0.5,1.0204,1,0.515,1.051,10,0
IWM191011P145,2019-10-07,2019-10-07 09:32:18,0.52,1.0612,20,0.51,1.0408,30,0.5,1.0204,1,0.515,1.051,10,0
IWM191011P145,2019-10-07,2019-10-07 09:32:19,0.52,1.0612,12,0.5,1.0204,1046,0.5,1.0204,1,0.51,1.0408,10,0
IWM191011P145,2019-10-07,2019-10-07 09:32:19,0.52,1.0612,20,0.51,1.0408,1,0.5,1.0204,1,0.515,1.051,10,0
IWM191011P145,2019-10-07,2019-10-07 09:32:20,0.52,1.0612,1,0.5,1.0204,1046,0.5,1.0204,1,0.51,1.0408,10,0
IWM191011P145,2019-10-07,2019-10-07 09:32:20,0.53,1.0816,368,0.5,1.0204,851,0.5,1.0204,1,0.515,1.051,10,0
IWM191011P145,2019-10-07,2019-10-07 09:32:21,0.52,1.0612,23,0.5,1.0204,644,0.5,1.0204,1,0.51,1.0408,10,0
IWM191011P145,2019-10-07,2019-10-07 09:32:21,0.52,1.0612,155,0.5,1.0204,524,0.5,1.0204,1,0.51,1.0408,10,0
IWM191011P145,2019-10-07,2019-10-07 09:32:22,0.52,1.0612,65,0.5,1.0204,459,0.5,1.0204,1,0.51,1.0408,10,0
IWM191011P145,2019-10-07,2019-10-07 09:32:23,0.53,1.0816,165,0.5,1.0204,323,0.5,1.0204,1,0.515,1.051,10,0
IWM191011P145,2019-10-07,2019-10-07 09:32:23,0.52,1.0612,104,0.5,1.0204,459,0.5,1.0204,1,0.51,1.0408,10,0
IWM191011P145,2019-10-07,2019-10-07 09:32:24,0.53,1.0816,278,0.51,1.0408,100,0.5,1.0204,1,0.52,1.0612,10,0
IWM191011P145,2019-10-07,2019-10-07 09:32:24,0.54,1.102,252,0.51,1.0408,528,0.5,1.0204,1,0.525,1.0714,10,0
IWM191011P145,2019-10-07,2019-10-07 09:32:25,0.53,1.0816,20,0.51,1.0408,662,0.5,1.0204,1,0.52,1.0612,10,0
IWM191011P145,2019-10-07,2019-10-07 09:32:25,0.53,1.0816,20,0.52,1.0612,22,0.5,1.0204,1,0.525,1.0714,10,0
IWM191011P145,2019-10-07,2019-10-07 09:32:26,0.54,1.102,309,0.52,1.0612,48,0.5,1.0204,1,0.53,1.0816,10,0
IWM191011P145,2019-10-07,2019-10-07 09:32:27,0.54,1.102,309,0.52,1.0612,38,0.5,1.0204,1,0.53,1.0816,10,0
IWM191011P145,2019-10-07,2019-10-07 09:32:27,0.54,1.102,309,0.52,1.0612,48,0.5,1.0204,1,0.53,1.0816,10,0
IWM191011P145,2019-10-07,2019-10-07 09:32:28,0.53,1.0816,90,0.52,1.0612,30,0.5,1.0204,1,0.525,1.0714,10,0
IWM191011P145,2019-10-07,2019-10-07 09:32:28,0.53,1.0816,214,0.52,1.0612,30,0.5,1.0204,1,0.525,1.0714,10,0
IWM191011P145,2019-10-07,2019-10-07 09:32:29,0.53,1.0816,250,0.52,1.0612,30,0.5,1.0204,1,0.525,1.0714,10,0
IWM191011P145,2019-10-07,2019-10-07 09:32:29,0.53,1.0816,214,0.51,1.0408,54,0.5,1.0204,1,0.52,1.0612,10,0
IWM191011P145,2019-10-07,2019-10-07 09:32:30,0.52,1.0612,7,0.5,1.0204,538,0.5,1.0204,1,0.51,1.0408,10,0
IWM191011P145,2019-10-07,2019-10-07 09:32:30,0.53,1.0816,349,0.51,1.0408,30,0.5,1.0204,1,0.52,1.0612,10,0
IWM191011P145,2019-10-07,2019-10-07 09:32:31,0.52,1.0612,10,0.5,1.0204,435,0.5,1.0204,1,0.51,1.0408,10,0
IWM191011P145,2019-10-07,2019-10-07 09:32:31,0.52,1.0612,153,0.5,1.0204,435,0.5,1.0204,1,0.51,1.0408,10,0
IWM191011P145,2019-10-07,2019-10-07 09:32:32,0.52,1.0612,27,0.5,1.0204,484,0.5,1.0204,1,0.51,1.0408,10,0
IWM191011P145,2019-10-07,2019-10-07 09:32:33,0.52,1.0612,63,0.5,1.0204,412,0.5,1.0204,1,0.51,1.0408,10,0
IWM191011P145,2019-10-07,2019-10-07 09:32:33,0.52,1.0612,109,0.5,1.0204,413,0.5,1.0204,1,0.51,1.0408,10,0
IWM191011P145,2019-10-07,2019-10-07 09:32:34,0.52,1.0612,37,0.5,1.0204,405,0.5,1.0204,1,0.51,1.0408,10,0
IWM191011P145,2019-10-07,2019-10-07 09:32:34,0.52,1.0612,111,0.5,1.0204,406,0.5,1.0204,1,0.51,1.0408,10,0
IWM191011P145,2019-10-07,2019-10-07 09:32:35,0.52,1.0612,111,0.5,1.0204,406,0.5,1.0204,1,0.51,1.0408,10,0
IWM191011P145,2019-10-07,2019-10-07 09:32:36,0.53,1.0816,287,0.51,1.0408,66,0.5,1.0204,1,0.52,1.0612,10,0
IWM191011P145,2019-10-07,2019-10-07 09:32:36,0.53,1.0816,287,0.51,1.0408,123,0.5,1.0204,1,0.52,1.0612,10,0
IWM191011P145,2019-10-07,2019-10-07 09:32:37,0.53,1.0816,319,0.51,1.0408,100,0.5,1.0204,1,0.52,1.0612,10,0
IWM191011P145,2019-10-07,2019-10-07 09:32:37,0.53,1.0816,319,0.51,1.0408,319,0.5,1.0204,1,0.52,1.0612,10,0
IWM191011P145,2019-10-07,2019-10-07 09:32:38,0.53,1.0816,23,0.51,1.0408,546,0.5,1.0204,1,0.52,1.0612,10,0
IWM191011P145,2019-10-07,2019-10-07 09:32:39,0.53,1.0816,103,0.51,1.0408,521,0.5,1.0204,1,0.52,1.0612,10,0
IWM191011P145,2019-10-07,2019-10-07 09:32:39,0.53,1.0816,103,0.51,1.0408,546,0.5,1.0204,1,0.52,1.0612,10,0
IWM191011P145,2019-10-07,2019-10-07 09:32:40,0.53,1.0816,102,0.51,1.0408,216,0.5,1.0204,1,0.52,1.0612,10,0
IWM191011P145,2019-10-07,2019-10-07 09:32:40,0.53,1.0816,103,0.51,1.0408,321,0.5,1.0204,1,0.52,1.0612,10,0
IWM191011P145,2019-10-07,2019-10-07 09:32:41,0.52,1.0612,20,0.51,1.0408,42,0.5,1.0204,1,0.515,1.051,10,0
IWM191011P145,2019-10-07,2019-10-07 09:32:41,0.52,1.0612,20,0.51,1.0408,168,0.5,1.0204,1,0.515,1.051,10,0
IWM191011P145,2019-10-07,2019-10-07 09:32:42,0.52,1.0612,2,0.51,1.0408,64,0.5,1.0204,1,0.515,1.051,10,0
IWM191011P145,2019-10-07,2019-10-07 09:32:42,0.52,1.0612,2,0.51,1.0408,20,0.5,1.0204,1,0.515,1.051,10,0
IWM191011P145,2019-10-07,2019-10-07 09:32:43,0.52,1.0612,406,0.5,1.0204,55,0.5,1.0204,1,0.51,1.0408,10,0
IWM191011P145,2019-10-07,2019-10-07 09:32:43,0.52,1.0612,395,0.5,1.0204,62,0.5,1.0204,1,0.51,1.0408,10,0
IWM191011P145,2019-10-07,2019-10-07 09:32:44,0.51,1.0408,33,0.5,1.0204,71,0.5,1.0204,1,0.505,1.0306,10,0
IWM191011P145,2019-10-07,2019-10-07 09:32:44,0.51,1.0408,33,0.5,1.0204,33,0.5,1.0204,1,0.505,1.0306,10,0
IWM191011P145,2019-10-07,2019-10-07 09:32:45,0.51,1.0408,24,0.5,1.0204,20,0.5,1.0204,1,0.505,1.0306,10,0
IWM191011P145,2019-10-07,2019-10-07 09:32:46,0.51,1.0408,24,0.5,1.0204,18,0.5,1.0204,1,0.505,1.0306,10,0
IWM191011P145,2019-10-07,2019-10-07 09:32:46,0.51,1.0408,24,0.5,1.0204,20,0.5,1.0204,1,0.505,1.0306,10,0
IWM191011P145,2019-10-07,2019-10-07 09:32:47,0.51,1.0408,147,0.5,1.0204,18,0.5,1.0204,1,0.505,1.0306,10,0
IWM191011P145,2019-10-07,2019-10-07 09:32:48,0.51,1.0408,307,0.5,1.0204,18,0.5,1.0204,1,0.505,1.0306,10,0
IWM191011P145,2019-10-07,2019-10-07 09:32:48,0.52,1.0612,209,0.5,1.0204,1,0.5,1.0204,1,0.51,1.0408,10,0
IWM191011P145,2019-10-07,2019-10-07 09:32:49,0.51,1.0408,2,0.5,1.0204,32,0.5,1.0204,1,0.505,1.0306,10,0
IWM191011P145,2019-10-07,2019-10-07 09:32:49,0.51,1.0408,2,0.5,1.0204,47,0.5,1.0204,1,0.505,1.0306,10,0
IWM191011P145,2019-10-07,2019-10-07 09:32:50,0.51,1.0408,2,0.5,1.0204,43,0.5,1.0204,1,0.505,1.0306,10,0
IWM191011P145,2019-10-07,2019-10-07 09:32:50,0.51,1.0408,22,0.5,1.0204,43,0.5,1.0204,1,0.505,1.0306,10,0
IWM191011P145,2019-10-07,2019-10-07 09:32:51,0.51,1.0408,35,0.5,1.0204,43,0.5,1.0204,1,0.505,1.0306,10,0
IWM191011P145,2019-10-07,2019-10-07 09:32:51,0.51,1.0408,281,0.49,1.0,20,0.5,1.0204,1,0.5,1.0204,10,0
IWM191011P145,2019-10-07,2019-10-07 09:32:52,0.5,1.0204,29,0.49,1.0,30,0.5,1.0204,1,0.495,1.0102,10,0
IWM191011P145,2019-10-07,2019-10-07 09:32:52,0.49,1.0,9,0.49,1.0,20,0.5,1.0204,1,0.49,1.0,10,0
IWM191011P145,2019-10-07,2019-10-07 09:32:53,0.49,1.0,9,0.48,0.9795,81,0.5,1.0204,1,0.485,0.9897,10,0
IWM191011P145,2019-10-07,2019-10-07 09:32:54,0.49,1.0,9,0.48,0.9795,65,0.5,1.0204,1,0.485,0.9897,10,0
IWM191011P145,2019-10-07,2019-10-07 09:32:54,0.49,1.0,9,0.48,0.9795,75,0.5,1.0204,1,0.485,0.9897,10,0
IWM191011P145,2019-10-07,2019-10-07 09:32:55,0.49,1.0,9,0.48,0.9795,65,0.5,1.0204,1,0.485,0.9897,10,0
IWM191011P145,2019-10-07,2019-10-07 09:32:56,0.49,1.0,9,0.48,0.9795,65,0.5,1.0204,1,0.485,0.9897,10,0
IWM191011P145,2019-10-07,2019-10-07 09:32:57,0.49,1.0,9,0.48,0.9795,65,0.5,1.0204,1,0.485,0.9897,10,0
IWM191011P145,2019-10-07,2019-10-07 09:32:58,0.49,1.0,9,0.48,0.9795,65,0.5,1.0204,1,0.485,0.9897,10,0
IWM191011P145,2019-10-07,2019-10-07 09:32:58,0.49,1.0,9,0.47,0.9591,68,0.5,1.0204,1,0.48,0.9795,10,0
IWM191011P145,2019-10-07,2019-10-07 09:32:59,0.49,1.0,518,0.46,0.9387,84,0.5,1.0204,1,0.475,0.9693,10,0
IWM191011P145,2019-10-07,2019-10-07 09:32:59,0.49,1.0,351,0.46,0.9387,3,0.5,1.0204,1,0.475,0.9693,10,0
IWM191011P145,2019-10-07,2019-10-07 09:33:00,0.48,0.9795,47,0.46,0.9387,180,0.5,1.0204,1,0.47,0.9591,10,0
IWM191011P145,2019-10-07,2019-10-07 09:33:01,0.48,0.9795,161,0.46,0.9387,194,0.5,1.0204,1,0.47,0.9591,10,0
IWM191011P145,2019-10-07,2019-10-07 09:33:01,0.48,0.9795,17,0.46,0.9387,163,0.5,1.0204,1,0.47,0.9591,10,0
IWM191011P145,2019-10-07,2019-10-07 09:33:02,0.48,0.9795,5,0.47,0.9591,43,0.5,1.0204,1,0.475,0.9693,10,0
IWM191011P145,2019-10-07,2019-10-07 09:33:03,0.48,0.9795,5,0.47,0.9591,23,0.5,1.0204,1,0.475,0.9693,10,0
IWM191011P145,2019-10-07,2019-10-07 09:33:03,0.48,0.9795,5,0.47,0.9591,59,0.5,1.0204,1,0.475,0.9693,10,0
IWM191011P145,2019-10-07,2019-10-07 09:33:04,0.48,0.9795,290,0.46,0.9387,72,0.5,1.0204,1,0.47,0.9591,10,0
IWM191011P145,2019-10-07,2019-10-07 09:33:05,0.48,0.9795,249,0.46,0.9387,387,0.5,1.0204,1,0.47,0.9591,10,0
IWM191011P145,2019-10-07,2019-10-07 09:33:05,0.47,0.9591,5,0.46,0.9387,40,0.5,1.0204,1,0.465,0.9489,10,0
IWM191011P145,2019-10-07,2019-10-07 09:33:06,0.47,0.9591,5,0.46,0.9387,40,0.5,1.0204,1,0.465,0.9489,10,0
IWM191011P145,2019-10-07,2019-10-07 09:33:06,0.47,0.9591,5,0.46,0.9387,50,0.5,1.0204,1,0.465,0.9489,10,0
IWM191011P145,2019-10-07,2019-10-07 09:33:07,0.47,0.9591,5,0.46,0.9387,30,0.5,1.0204,1,0.465,0.9489,10,0
IWM191011P145,2019-10-07,2019-10-07 09:33:08,0.47,0.9591,21,0.46,0.9387,20,0.5,1.0204,1,0.465,0.9489,10,0
IWM191011P145,2019-10-07,2019-10-07 09:33:08,0.47,0.9591,21,0.46,0.9387,43,0.5,1.0204,1,0.465,0.9489,10,0
IWM191011P145,2019-10-07,2019-10-07 09:33:09,0.47,0.9591,21,0.46,0.9387,53,0.5,1.0204,1,0.465,0.9489,10,0
IWM191011P145,2019-10-07,2019-10-07 09:33:10,0.47,0.9591,21,0.46,0.9387,441,0.5,1.0204,1,0.465,0.9489,10,0
IWM191011P145,2019-10-07,2019-10-07 09:33:10,0.47,0.9591,21,0.46,0.9387,43,0.5,1.0204,1,0.465,0.9489,10,0
IWM191011P145,2019-10-07,2019-10-07 09:33:11,0.48,0.9795,191,0.46,0.9387,625,0.5,1.0204,1,0.47,0.9591,10,0
IWM191011P145,2019-10-07,2019-10-07 09:33:11,0.47,0.9591,21,0.46,0.9387,625,0.5,1.0204,1,0.465,0.9489,10,0
IWM191011P145,2019-10-07,2019-10-07 09:33:12,0.47,0.9591,8,0.46,0.9387,383,0.5,1.0204,1,0.465,0.9489,10,0
IWM191011P145,2019-10-07,2019-10-07 09:33:12,0.47,0.9591,12,0.46,0.9387,383,0.5,1.0204,1,0.465,0.9489,10,0
IWM191011P145,2019-10-07,2019-10-07 09:33:13,0.47,0.9591,20,0.46,0.9387,445,0.5,1.0204,1,0.465,0.9489,10,0
IWM191011P145,2019-10-07,2019-10-07 09:33:13,0.47,0.9591,7,0.46,0.9387,383,0.5,1.0204,1,0.465,0.9489,10,0
IWM191011P145,2019-10-07,2019-10-07 09:33:14,0.47,0.9591,21,0.46,0.9387,58,0.5,1.0204,1,0.465,0.9489,10,0
IWM191011P145,2019-10-07,2019-10-07 09:33:14,0.47,0.9591,21,0.46,0.9387,40,0.5,1.0204,1,0.465,0.9489,10,0
IWM191011P145,2019-10-07,2019-10-07 09:33:15,0.47,0.9591,130,0.46,0.9387,58,0.5,1.0204,1,0.465,0.9489,10,0
IWM191011P145,2019-10-07,2019-10-07 09:33:15,0.47,0.9591,187,0.46,0.9387,42,0.5,1.0204,1,0.465,0.9489,10,0
IWM191011P145,2019-10-07,2019-10-07 09:33:16,0.47,0.9591,187,0.46,0.9387,32,0.5,1.0204,1,0.465,0.9489,10,0
IWM191011P145,2019-10-07,2019-10-07 09:33:16,0.47,0.9591,187,0.46,0.9387,14,0.5,1.0204,1,0.465,0.9489,10,0
IWM191011P145,2019-10-07,2019-10-07 09:33:17,0.47,0.9591,187,0.46,0.9387,22,0.5,1.0204,1,0.465,0.9489,10,0
IWM191011P145,2019-10-07,2019-10-07 09:33:17,0.47,0.9591,187,0.46,0.9387,32,0.5,1.0204,1,0.465,0.9489,10,0
IWM191011P145,2019-10-07,2019-10-07 09:33:18,0.48,0.9795,513,0.46,0.9387,58,0.5,1.0204,1,0.47,0.9591,10,0
IWM191011P145,2019-10-07,2019-10-07 09:33:18,0.47,0.9591,187,0.46,0.9387,20,0.5,1.0204,1,0.465,0.9489,10,0
IWM191011P145,2019-10-07,2019-10-07 09:33:19,0.48,0.9795,289,0.46,0.9387,297,0.5,1.0204,1,0.47,0.9591,10,0
IWM191011P145,2019-10-07,2019-10-07 09:33:19,0.48,0.9795,289,0.46,0.9387,327,0.5,1.0204,1,0.47,0.9591,10,0
IWM191011P145,2019-10-07,2019-10-07 09:33:20,0.48,0.9795,289,0.46,0.9387,479,0.5,1.0204,1,0.47,0.9591,10,0
IWM191011P145,2019-10-07,2019-10-07 09:33:20,0.48,0.9795,289,0.46,0.9387,513,0.5,1.0204,1,0.47,0.9591,10,0
IWM191011P145,2019-10-07,2019-10-07 09:33:21,0.48,0.9795,259,0.46,0.9387,418,0.5,1.0204,1,0.47,0.9591,10,0
IWM191011P145,2019-10-07,2019-10-07 09:33:22,0.48,0.9795,259,0.46,0.9387,314,0.5,1.0204,1,0.47,0.9591,10,0
IWM191011P145,2019-10-07,2019-10-07 09:33:22,0.48,0.9795,259,0.46,0.9387,329,0.5,1.0204,1,0.47,0.9591,10,0
IWM191011P145,2019-10-07,2019-10-07 09:33:23,0.48,0.9795,483,0.46,0.9387,48,0.5,1.0204,1,0.47,0.9591,10,0
IWM191011P145,2019-10-07,2019-10-07 09:33:23,0.48,0.9795,267,0.46,0.9387,358,0.5,1.0204,1,0.47,0.9591,10,0
IWM191011P145,2019-10-07,2019-10-07 09:33:24,0.47,0.9591,34,0.46,0.9387,48,0.5,1.0204,1,0.465,0.9489,10,0
IWM191011P145,2019-10-07,2019-10-07 09:33:24,0.47,0.9591,143,0.46,0.9387,30,0.5,1.0204,1,0.465,0.9489,10,0
IWM191011P145,2019-10-07,2019-10-07 09:33:25,0.47,0.9591,143,0.46,0.9387,48,0.5,1.0204,1,0.465,0.9489,10,0
IWM191011P145,2019-10-07,2019-10-07 09:33:25,0.47,0.9591,211,0.46,0.9387,20,0.5,1.0204,1,0.465,0.9489,10,0
IWM191011P145,2019-10-07,2019-10-07 09:33:26,0.47,0.9591,211,0.46,0.9387,40,0.5,1.0204,1,0.465,0.9489,10,0
IWM191011P145,2019-10-07,2019-10-07 09:33:26,0.47,0.9591,211,0.46,0.9387,46,0.5,1.0204,1,0.465,0.9489,10,0
IWM191011P145,2019-10-07,2019-10-07 09:33:27,0.47,0.9591,1,0.46,0.9387,71,0.5,1.0204,1,0.465,0.9489,10,0
IWM191011P145,2019-10-07,2019-10-07 09:33:27,0.47,0.9591,211,0.46,0.9387,46,0.5,1.0204,1,0.465,0.9489,10,0
IWM191011P145,2019-10-07,2019-10-07 09:33:28,0.47,0.9591,20,0.46,0.9387,263,0.5,1.0204,1,0.465,0.9489,10,0
IWM191011P145,2019-10-07,2019-10-07 09:33:29,0.47,0.9591,184,0.46,0.9387,91,0.5,1.0204,1,0.465,0.9489,10,0
IWM191011P145,2019-10-07,2019-10-07 09:33:30,0.47,0.9591,20,0.46,0.9387,91,0.5,1.0204,1,0.465,0.9489,10,0
IWM191011P145,2019-10-07,2019-10-07 09:33:31,0.47,0.9591,20,0.46,0.9387,46,0.5,1.0204,1,0.465,0.9489,10,0
IWM191011P145,2019-10-07,2019-10-07 09:33:31,0.47,0.9591,20,0.46,0.9387,92,0.5,1.0204,1,0.465,0.9489,10,0
IWM191011P145,2019-10-07,2019-10-07 09:33:32,0.47,0.9591,189,0.46,0.9387,46,0.5,1.0204,1,0.465,0.9489,10,0
IWM191011P145,2019-10-07,2019-10-07 09:33:33,0.47,0.9591,189,0.46,0.9387,46,0.5,1.0204,1,0.465,0.9489,10,0
IWM191011P145,2019-10-07,2019-10-07 09:33:33,0.47,0.9591,244,0.45,0.9183,899,0.5,1.0204,1,0.46,0.9387,10,0
IWM191011P145,2019-10-07,2019-10-07 09:33:34,0.47,0.9591,244,0.45,0.9183,162,0.5,1.0204,1,0.46,0.9387,10,0
IWM191011P145,2019-10-07,2019-10-07 09:33:34,0.47,0.9591,244,0.45,0.9183,47,0.5,1.0204,1,0.46,0.9387,10,0
IWM191011P145,2019-10-07,2019-10-07 09:33:35,0.47,0.9591,60,0.45,0.9183,389,0.5,1.0204,1,0.46,0.9387,10,0
IWM191011P145,2019-10-07,2019-10-07 09:33:35,0.47,0.9591,275,0.45,0.9183,167,0.5,1.0204,1,0.46,0.9387,10,0
IWM191011P145,2019-10-07,2019-10-07 09:33:36,0.47,0.9591,228,0.45,0.9183,496,0.5,1.0204,1,0.46,0.9387,10,0
IWM191011P145,2019-10-07,2019-10-07 09:33:36,0.47,0.9591,228,0.45,0.9183,478,0.5,1.0204,1,0.46,0.9387,10,0
IWM191011P145,2019-10-07,2019-10-07 09:33:37,0.47,0.9591,228,0.45,0.9183,506,0.5,1.0204,1,0.46,0.9387,10,0
IWM191011P145,2019-10-07,2019-10-07 09:33:37,0.47,0.9591,228,0.45,0.9183,496,0.5,1.0204,1,0.46,0.9387,10,0
IWM191011P145,2019-10-07,2019-10-07 09:33:38,0.47,0.9591,228,0.45,0.9183,506,0.5,1.0204,1,0.46,0.9387,10,0
IWM191011P145,2019-10-07,2019-10-07 09:33:38,0.47,0.9591,228,0.45,0.9183,684,0.5,1.0204,1,0.46,0.9387,10,0
IWM191011P145,2019-10-07,2019-10-07 09:33:39,0.47,0.9591,52,0.45,0.9183,70,0.5,1.0204,1,0.46,0.9387,10,0
IWM191011P145,2019-10-07,2019-10-07 09:33:39,0.46,0.9387,5,0.45,0.9183,70,0.5,1.0204,1,0.455,0.9285,10,0
IWM191011P145,2019-10-07,2019-10-07 09:33:40,0.46,0.9387,5,0.45,0.9183,66,0.5,1.0204,1,0.455,0.9285,10,0
IWM191011P145,2019-10-07,2019-10-07 09:33:40,0.46,0.9387,21,0.45,0.9183,66,0.5,1.0204,1,0.455,0.9285,10,0
IWM191011P145,2019-10-07,2019-10-07 09:33:41,0.46,0.9387,21,0.45,0.9183,48,0.5,1.0204,1,0.455,0.9285,10,0
IWM191011P145,2019-10-07,2019-10-07 09:33:42,0.46,0.9387,186,0.45,0.9183,59,0.5,1.0204,1,0.455,0.9285,10,0
IWM191011P145,2019-10-07,2019-10-07 09:33:43,0.46,0.9387,197,0.45,0.9183,48,0.5,1.0204,1,0.455,0.9285,10,0
IWM191011P145,2019-10-07,2019-10-07 09:33:43,0.46,0.9387,24,0.45,0.9183,48,0.5,1.0204,1,0.455,0.9285,10,0
IWM191011P145,2019-10-07,2019-10-07 09:33:44,0.46,0.9387,24,0.45,0.9183,48,0.5,1.0204,1,0.455,0.9285,10,0
IWM191011P145,2019-10-07,2019-10-07 09:33:44,0.47,0.9591,48,0.45,0.9183,607,0.5,1.0204,1,0.46,0.9387,10,0
IWM191011P145,2019-10-07,2019-10-07 09:33:45,0.47,0.9591,29,0.45,0.9183,766,0.5,1.0204,1,0.46,0.9387,10,0
IWM191011P145,2019-10-07,2019-10-07 09:33:45,0.48,0.9795,515,0.46,0.9387,10,0.5,1.0204,1,0.47,0.9591,10,0
IWM191011P145,2019-10-07,2019-10-07 09:33:46,0.47,0.9591,132,0.45,0.9183,1019,0.5,1.0204,1,0.46,0.9387,10,0
IWM191011P145,2019-10-07,2019-10-07 09:33:46,0.47,0.9591,21,0.45,0.9183,1029,0.5,1.0204,1,0.46,0.9387,10,0
IWM191011P145,2019-10-07,2019-10-07 09:33:47,0.47,0.9591,190,0.46,0.9387,217,0.5,1.0204,1,0.465,0.9489,10,0
IWM191011P145,2019-10-07,2019-10-07 09:33:47,0.47,0.9591,190,0.46,0.9387,20,0.5,1.0204,1,0.465,0.9489,10,0
IWM191011P145,2019-10-07,2019-10-07 09:33:48,0.47,0.9591,182,0.46,0.9387,498,0.5,1.0204,1,0.465,0.9489,10,0
IWM191011P145,2019-10-07,2019-10-07 09:33:48,0.47,0.9591,190,0.46,0.9387,217,0.5,1.0204,1,0.465,0.9489,10,0
IWM191011P145,2019-10-07,2019-10-07 09:33:49,0.47,0.9591,182,0.46,0.9387,494,0.5,1.0204,1,0.465,0.9489,10,0
IWM191011P145,2019-10-07,2019-10-07 09:33:50,0.48,0.9795,241,0.46,0.9387,782,0.5,1.0204,1,0.47,0.9591,10,0
IWM191011P145,2019-10-07,2019-10-07 09:33:50,0.48,0.9795,241,0.46,0.9387,792,0.5,1.0204,1,0.47,0.9591,10,0
IWM191011P145,2019-10-07,2019-10-07 09:33:51,0.48,0.9795,241,0.46,0.9387,782,0.5,1.0204,1,0.47,0.9591,10,0
IWM191011P145,2019-10-07,2019-10-07 09:33:51,0.48,0.9795,241,0.46,0.9387,792,0.5,1.0204,1,0.47,0.9591,10,0
IWM191011P145,2019-10-07,2019-10-07 09:33:52,0.47,0.9591,185,0.46,0.9387,216,0.5,1.0204,1,0.465,0.9489,10,0
IWM191011P145,2019-10-07,2019-10-07 09:33:52,0.48,0.9795,241,0.46,0.9387,792,0.5,1.0204,1,0.47,0.9591,10,0
IWM191011P145,2019-10-07,2019-10-07 09:33:53,0.47,0.9591,209,0.46,0.9387,541,0.5,1.0204,1,0.465,0.9489,10,0
IWM191011P145,2019-10-07,2019-10-07 09:33:53,0.47,0.9591,22,0.46,0.9387,541,0.5,1.0204,1,0.465,0.9489,10,0
IWM191011P145,2019-10-07,2019-10-07 09:33:54,0.48,0.9795,185,0.46,0.9387,360,0.5,1.0204,1,0.47,0.9591,10,0
IWM191011P145,2019-10-07,2019-10-07 09:33:54,0.48,0.9795,256,0.46,0.9387,387,0.5,1.0204,1,0.47,0.9591,10,0
IWM191011P145,2019-10-07,2019-10-07 09:33:55,0.47,0.9591,3,0.46,0.9387,360,0.5,1.0204,1,0.465,0.9489,10,0
IWM191011P145,2019-10-07,2019-10-07 09:33:55,0.48,0.9795,255,0.46,0.9387,360,0.5,1.0204,1,0.47,0.9591,10,0
IWM191011P145,2019-10-07,2019-10-07 09:33:56,0.47,0.9591,21,0.46,0.9387,619,0.5,1.0204,1,0.465,0.9489,10,0
IWM191011P145,2019-10-07,2019-10-07 09:33:57,0.47,0.9591,20,0.46,0.9387,578,0.5,1.0204,1,0.465,0.9489,10,0
IWM191011P145,2019-10-07,2019-10-07 09:33:57,0.47,0.9591,6,0.46,0.9387,619,0.5,1.0204,1,0.465,0.9489,10,0
IWM191011P145,2019-10-07,2019-10-07 09:33:58,0.47,0.9591,20,0.46,0.9387,619,0.5,1.0204,1,0.465,0.9489,10,0
IWM191011P145,2019-10-07,2019-10-07 09:33:58,0.47,0.9591,171,0.46,0.9387,649,0.5,1.0204,1,0.465,0.9489,10,0
IWM191011P145,2019-10-07,2019-10-07 09:33:59,0.47,0.9591,173,0.46,0.9387,649,0.5,1.0204,1,0.465,0.9489,10,0
IWM191011P145,2019-10-07,2019-10-07 09:34:00,0.48,0.9795,260,0.46,0.9387,649,0.5,1.0204,1,0.47,0.9591,10,0
IWM191011P145,2019-10-07,2019-10-07 09:34:01,0.48,0.9795,288,0.46,0.9387,566,0.5,1.0204,1,0.47,0.9591,10,0
IWM191011P145,2019-10-07,2019-10-07 09:34:01,0.48,0.9795,539,0.46,0.9387,566,0.5,1.0204,1,0.47,0.9591,10,0
IWM191011P145,2019-10-07,2019-10-07 09:34:02,0.47,0.9591,19,0.46,0.9387,566,0.5,1.0204,1,0.465,0.9489,10,0
IWM191011P145,2019-10-07,2019-10-07 09:34:03,0.47,0.9591,10,0.46,0.9387,557,0.5,1.0204,1,0.465,0.9489,10,0
IWM191011P145,2019-10-07,2019-10-07 09:34:03,0.47,0.9591,128,0.46,0.9387,566,0.5,1.0204,1,0.465,0.9489,10,0
IWM191011P145,2019-10-07,2019-10-07 09:34:04,0.49,1.0,218,0.47,0.9591,496,0.47,0.9591,10,0.48,0.9795,20,0
IWM191011P145,2019-10-07,2019-10-07 09:34:04,0.49,1.0,238,0.47,0.9591,197,0.47,0.9591,10,0.48,0.9795,20,10
IWM191011P145,2019-10-07,2019-10-07 09:34:05,0.49,1.0,218,0.47,0.9591,737,0.47,0.9591,10,0.48,0.9795,20,0
IWM191011P145,2019-10-07,2019-10-07 09:34:05,0.49,1.0,218,0.47,0.9591,737,0.47,0.9591,1,0.48,0.9795,21,1
IWM191011P145,2019-10-07,2019-10-07 09:34:06,0.5,1.0204,85,0.47,0.9591,747,0.47,0.9591,1,0.485,0.9897,21,0
IWM191011P145,2019-10-07,2019-10-07 09:34:06,0.48,0.9795,5,0.47,0.9591,747,0.47,0.9591,1,0.475,0.9693,21,0
IWM191011P145,2019-10-07,2019-10-07 09:34:07,0.49,1.0,21,0.48,0.9795,474,0.47,0.9591,1,0.485,0.9897,21,0
IWM191011P145,2019-10-07,2019-10-07 09:34:08,0.49,1.0,189,0.48,0.9795,246,0.47,0.9591,1,0.485,0.9897,21,0
IWM191011P145,2019-10-07,2019-10-07 09:34:08,0.49,1.0,189,0.48,0.9795,259,0.47,0.9591,1,0.485,0.9897,21,0
IWM191011P145,2019-10-07,2019-10-07 09:34:09,0.5,1.0204,126,0.48,0.9795,561,0.47,0.9591,1,0.49,1.0,21,0
IWM191011P145,2019-10-07,2019-10-07 09:34:09,0.5,1.0204,194,0.48,0.9795,466,0.47,0.9591,1,0.49,1.0,21,0
IWM191011P145,2019-10-07,2019-10-07 09:34:10,0.49,1.0,5,0.48,0.9795,492,0.47,0.9591,1,0.485,0.9897,21,0
IWM191011P145,2019-10-07,2019-10-07 09:34:10,0.5,1.0204,408,0.48,0.9795,447,0.47,0.9591,1,0.49,1.0,21,0
IWM191011P145,2019-10-07,2019-10-07 09:34:11,0.5,1.0204,209,0.48,0.9795,784,0.47,0.9591,1,0.49,1.0,21,0
IWM191011P145,2019-10-07,2019-10-07 09:34:11,0.49,1.0,119,0.48,0.9795,343,0.47,0.9591,1,0.485,0.9897,21,0
IWM191011P145,2019-10-07,2019-10-07 09:34:12,0.5,1.0204,211,0.48,0.9795,851,0.47,0.9591,1,0.49,1.0,21,0
IWM191011P145,2019-10-07,2019-10-07 09:34:12,0.5,1.0204,210,0.48,0.9795,851,0.47,0.9591,1,0.49,1.0,21,0
IWM191011P145,2019-10-07,2019-10-07 09:34:13,0.5,1.0204,210,0.49,1.0,2,0.47,0.9591,1,0.495,1.0102,21,0
IWM191011P145,2019-10-07,2019-10-07 09:34:13,0.5,1.0204,210,0.49,1.0,1,0.47,0.9591,1,0.495,1.0102,21,0
IWM191011P145,2019-10-07,2019-10-07 09:34:14,0.5,1.0204,210,0.48,0.9795,636,0.47,0.9591,1,0.49,1.0,21,0
IWM191011P145,2019-10-07,2019-10-07 09:34:14,0.5,1.0204,210,0.48,0.9795,623,0.47,0.9591,1,0.49,1.0,21,0
IWM191011P145,2019-10-07,2019-10-07 09:34:15,0.5,1.0204,18,0.48,0.9795,842,0.47,0.9591,1,0.49,1.0,21,0
IWM191011P145,2019-10-07,2019-10-07 09:34:15,0.49,1.0,12,0.48,0.9795,346,0.47,0.9591,1,0.485,0.9897,21,0
IWM191011P145,2019-10-07,2019-10-07 09:34:16,0.51,1.0408,68,0.49,1.0,229,0.47,0.9591,1,0.5,1.0204,21,0
IWM191011P145,2019-10-07,2019-10-07 09:34:16,0.5,1.0204,22,0.49,1.0,275,0.47,0.9591,1,0.495,1.0102,21,0
IWM191011P145,2019-10-07,2019-10-07 09:34:17,0.5,1.0204,22,0.49,1.0,600,0.47,0.9591,1,0.495,1.0102,21,0
IWM191011P145,2019-10-07,2019-10-07 09:34:17,0.5,1.0204,22,0.49,1.0,396,0.47,0.9591,1,0.495,1.0102,21,0
IWM191011P145,2019-10-07,2019-10-07 09:34:18,0.52,1.0612,514,0.5,1.0204,270,0.47,0.9591,1,0.51,1.0408,21,0
IWM191011P145,2019-10-07,2019-10-07 09:34:18,0.5,1.0204,22,0.5,1.0204,193,0.47,0.9591,1,0.5,1.0204,21,0
IWM191011P145,2019-10-07,2019-10-07 09:34:19,0.51,1.0408,206,0.5,1.0204,210,0.47,0.9591,1,0.505,1.0306,21,0
IWM191011P145,2019-10-07,2019-10-07 09:34:19,0.51,1.0408,40,0.5,1.0204,279,0.47,0.9591,1,0.505,1.0306,21,0
IWM191011P145,2019-10-07,2019-10-07 09:34:20,0.51,1.0408,206,0.5,1.0204,203,0.47,0.9591,1,0.505,1.0306,21,0
IWM191011P145,2019-10-07,2019-10-07 09:34:20,0.51,1.0408,206,0.5,1.0204,526,0.47,0.9591,1,0.505,1.0306,21,0
IWM191011P145,2019-10-07,2019-10-07 09:34:21,0.51,1.0408,120,0.5,1.0204,899,0.47,0.9591,1,0.505,1.0306,21,0
IWM191011P145,2019-10-07,2019-10-07 09:34:21,0.52,1.0612,65,0.5,1.0204,930,0.47,0.9591,1,0.51,1.0408,21,0
IWM191011P145,2019-10-07,2019-10-07 09:34:22,0.52,1.0612,85,0.5,1.0204,930,0.47,0.9591,1,0.51,1.0408,21,0
IWM191011P145,2019-10-07,2019-10-07 09:34:22,0.52,1.0612,227,0.5,1.0204,930,0.47,0.9591,1,0.51,1.0408,21,0
IWM191011P145,2019-10-07,2019-10-07 09:34:23,0.52,1.0612,59,0.5,1.0204,468,0.47,0.9591,1,0.51,1.0408,21,0
IWM191011P145,2019-10-07,2019-10-07 09:34:23,0.52,1.0612,235,0.5,1.0204,468,0.47,0.9591,1,0.51,1.0408,21,0
IWM191011P145,2019-10-07,2019-10-07 09:34:24,0.52,1.0612,71,0.5,1.0204,948,0.47,0.9591,1,0.51,1.0408,21,0
IWM191011P145,2019-10-07,2019-10-07 09:34:25,0.53,1.0816,163,0.52,1.0612,10,0.47,0.9591,1,0.525,1.0714,21,0
IWM191011P145,2019-10-07,2019-10-07 09:34:25,0.52,1.0612,149,0.51,1.0408,477,0.47,0.9591,1,0.515,1.051,21,0
IWM191011P145,2019-10-07,2019-10-07 09:34:26,0.53,1.0816,43,0.52,1.0612,22,0.47,0.9591,1,0.525,1.0714,21,0
IWM191011P145,2019-10-07,2019-10-07 09:34:26,0.53,1.0816,481,0.51,1.0408,347,0.47,0.9591,1,0.52,1.0612,21,0
IWM191011P145,2019-10-07,2019-10-07 09:34:27,0.52,1.0612,21,0.51,1.0408,344,0.47,0.9591,1,0.515,1.051,21,0
IWM191011P145,2019-10-07,2019-10-07 09:34:27,0.53,1.0816,481,0.51,1.0408,380,0.47,0.9591,1,0.52,1.0612,21,0
IWM191011P145,2019-10-07,2019-10-07 09:34:28,0.52,1.0612,203,0.51,1.0408,67,0.47,0.9591,1,0.515,1.051,21,0
IWM191011P145,2019-10-07,2019-10-07 09:34:28,0.52,1.0612,47,0.5,1.0204,279,0.47,0.9591,1,0.51,1.0408,21,0
IWM191011P145,2019-10-07,2019-10-07 09:34:29,0.52,1.0612,47,0.5,1.0204,285,0.47,0.9591,1,0.51,1.0408,21,0
IWM191011P145,2019-10-07,2019-10-07 09:34:29,0.52,1.0612,574,0.5,1.0204,456,0.47,0.9591,1,0.51,1.0408,21,0
IWM191011P145,2019-10-07,2019-10-07 09:34:30,0.51,1.0408,13,0.5,1.0204,274,0.47,0.9591,1,0.505,1.0306,21,0
IWM191011P145,2019-10-07,2019-10-07 09:34:30,0.51,1.0408,8,0.5,1.0204,456,0.47,0.9591,1,0.505,1.0306,21,0
IWM191011P145,2019-10-07,2019-10-07 09:34:31,0.52,1.0612,130,0.51,1.0408,21,0.47,0.9591,1,0.515,1.051,21,0
IWM191011P145,2019-10-07,2019-10-07 09:34:31,0.52,1.0612,202,0.51,1.0408,7,0.47,0.9591,1,0.515,1.051,21,0
IWM191011P145,2019-10-07,2019-10-07 09:34:32,0.52,1.0612,377,0.51,1.0408,21,0.47,0.9591,1,0.515,1.051,21,0
IWM191011P145,2019-10-07,2019-10-07 09:34:32,0.52,1.0612,316,0.51,1.0408,12,0.47,0.9591,1,0.515,1.051,21,0
IWM191011P145,2019-10-07,2019-10-07 09:34:33,0.52,1.0612,242,0.51,1.0408,21,0.47,0.9591,1,0.515,1.051,21,0
IWM191011P145,2019-10-07,2019-10-07 09:34:34,0.52,1.0612,325,0.51,1.0408,20,0.47,0.9591,1,0.515,1.051,21,0
IWM191011P145,2019-10-07,2019-10-07 09:34:34,0.52,1.0612,242,0.51,1.0408,21,0.47,0.9591,1,0.515,1.051,21,0
IWM191011P145,2019-10-07,2019-10-07 09:34:35,0.52,1.0612,182,0.51,1.0408,89,0.47,0.9591,1,0.515,1.051,21,0
IWM191011P145,2019-10-07,2019-10-07 09:34:35,0.52,1.0612,182,0.51,1.0408,79,0.47,0.9591,1,0.515,1.051,21,0
IWM191011P145,2019-10-07,2019-10-07 09:34:36,0.52,1.0612,220,0.51,1.0408,79,0.47,0.9591,1,0.515,1.051,21,0
IWM191011P145,2019-10-07,2019-10-07 09:34:36,0.52,1.0612,241,0.5,1.0204,103,0.47,0.9591,1,0.51,1.0408,21,0
IWM191011P145,2019-10-07,2019-10-07 09:34:37,0.52,1.0612,572,0.5,1.0204,84,0.47,0.9591,1,0.51,1.0408,21,0
IWM191011P145,2019-10-07,2019-10-07 09:34:37,0.52,1.0612,572,0.5,1.0204,128,0.47,0.9591,1,0.51,1.0408,21,0
IWM191011P145,2019-10-07,2019-10-07 09:34:38,0.52,1.0612,686,0.5,1.0204,328,0.47,0.9591,1,0.51,1.0408,21,0
IWM191011P145,2019-10-07,2019-10-07 09:34:38,0.52,1.0612,686,0.5,1.0204,296,0.47,0.9591,1,0.51,1.0408,21,0
IWM191011P145,2019-10-07,2019-10-07 09:34:39,0.52,1.0612,686,0.5,1.0204,219,0.47,0.9591,1,0.51,1.0408,21,0
IWM191011P145,2019-10-07,2019-10-07 09:34:39,0.52,1.0612,686,0.5,1.0204,296,0.47,0.9591,1,0.51,1.0408,21,0
IWM191011P145,2019-10-07,2019-10-07 09:34:40,0.52,1.0612,161,0.51,1.0408,39,0.47,0.9591,1,0.515,1.051,21,0
IWM191011P145,2019-10-07,2019-10-07 09:34:41,0.52,1.0612,226,0.51,1.0408,74,0.47,0.9591,1,0.515,1.051,21,0
IWM191011P145,2019-10-07,2019-10-07 09:34:41,0.52,1.0612,161,0.51,1.0408,30,0.47,0.9591,1,0.515,1.051,21,0
IWM191011P145,2019-10-07,2019-10-07 09:34:42,0.52,1.0612,271,0.51,1.0408,65,0.47,0.9591,1,0.515,1.051,21,0
IWM191011P145,2019-10-07,2019-10-07 09:34:42,0.52,1.0612,271,0.51,1.0408,32,0.47,0.9591,1,0.515,1.051,21,0
IWM191011P145,2019-10-07,2019-10-07 09:34:43,0.52,1.0612,389,0.5,1.0204,385,0.47,0.9591,1,0.51,1.0408,21,0
IWM191011P145,2019-10-07,2019-10-07 09:34:43,0.52,1.0612,271,0.51,1.0408,72,0.47,0.9591,1,0.515,1.051,21,0
IWM191011P145,2019-10-07,2019-10-07 09:34:44,0.52,1.0612,348,0.5,1.0204,361,0.47,0.9591,1,0.51,1.0408,21,0
IWM191011P145,2019-10-07,2019-10-07 09:34:45,0.52,1.0612,391,0.5,1.0204,168,0.47,0.9591,1,0.51,1.0408,21,0
IWM191011P145,2019-10-07,2019-10-07 09:34:45,0.52,1.0612,286,0.5,1.0204,115,0.47,0.9591,1,0.51,1.0408,21,0
IWM191011P145,2019-10-07,2019-10-07 09:34:46,0.51,1.0408,11,0.5,1.0204,196,0.47,0.9591,1,0.505,1.0306,21,0
IWM191011P145,2019-10-07,2019-10-07 09:34:46,0.51,1.0408,181,0.5,1.0204,196,0.47,0.9591,1,0.505,1.0306,21,0
IWM191011P145,2019-10-07,2019-10-07 09:34:47,0.51,1.0408,181,0.5,1.0204,65,0.47,0.9591,1,0.505,1.0306,21,0
IWM191011P145,2019-10-07,2019-10-07 09:34:47,0.51,1.0408,268,0.5,1.0204,34,0.47,0.9591,1,0.505,1.0306,21,0
IWM191011P145,2019-10-07,2019-10-07 09:34:48,0.51,1.0408,423,0.5,1.0204,14,0.47,0.9591,1,0.505,1.0306,21,0
IWM191011P145,2019-10-07,2019-10-07 09:34:48,0.51,1.0408,350,0.5,1.0204,14,0.47,0.9591,1,0.505,1.0306,21,0
IWM191011P145,2019-10-07,2019-10-07 09:34:49,0.51,1.0408,350,0.5,1.0204,14,0.47,0.9591,1,0.505,1.0306,21,0
IWM191011P145,2019-10-07,2019-10-07 09:34:49,0.51,1.0408,495,0.5,1.0204,14,0.47,0.9591,1,0.505,1.0306,21,0
IWM191011P145,2019-10-07,2019-10-07 09:34:50,0.51,1.0408,597,0.49,1.0,56,0.47,0.9591,1,0.5,1.0204,21,0
IWM191011P145,2019-10-07,2019-10-07 09:34:50,0.51,1.0408,218,0.49,1.0,486,0.47,0.9591,1,0.5,1.0204,21,0
IWM191011P145,2019-10-07,2019-10-07 09:34:51,0.51,1.0408,238,0.49,1.0,404,0.47,0.9591,1,0.5,1.0204,21,0
IWM191011P145,2019-10-07,2019-10-07 09:34:52,0.5,1.0204,39,0.49,1.0,109,0.47,0.9591,1,0.495,1.0102,21,0
IWM191011P145,2019-10-07,2019-10-07 09:34:52,0.51,1.0408,350,0.49,1.0,109,0.47,0.9591,1,0.5,1.0204,21,0
IWM191011P145,2019-10-07,2019-10-07 09:34:53,0.5,1.0204,179,0.49,1.0,109,0.47,0.9591,1,0.495,1.0102,21,0
IWM191011P145,2019-10-07,2019-10-07 09:34:53,0.5,1.0204,230,0.49,1.0,100,0.47,0.9591,1,0.495,1.0102,21,0
IWM191011P145,2019-10-07,2019-10-07 09:34:54,0.5,1.0204,230,0.49,1.0,111,0.47,0.9591,1,0.495,1.0102,21,0
IWM191011P145,2019-10-07,2019-10-07 09:34:55,0.5,1.0204,230,0.49,1.0,100,0.47,0.9591,1,0.495,1.0102,21,0
IWM191011P145,2019-10-07,2019-10-07 09:34:56,0.5,1.0204,230,0.49,1.0,100,0.47,0.9591,1,0.495,1.0102,21,0
IWM191011P145,2019-10-07,2019-10-07 09:34:57,0.5,1.0204,63,0.49,1.0,109,0.47,0.9591,1,0.495,1.0102,21,0
IWM191011P145,2019-10-07,2019-10-07 09:34:57,0.5,1.0204,177,0.49,1.0,100,0.47,0.9591,1,0.495,1.0102,21,0
IWM191011P145,2019-10-07,2019-10-07 09:34:58,0.5,1.0204,257,0.49,1.0,98,0.47,0.9591,1,0.495,1.0102,21,0
IWM191011P145,2019-10-07,2019-10-07 09:34:58,0.5,1.0204,200,0.49,1.0,98,0.49,1.0,10,0.495,1.0102,31,10
IWM191011P145,2019-10-07,2019-10-07 09:34:59,0.5,1.0204,211,0.49,1.0,268,0.49,1.0,10,0.495,1.0102,31,0
IWM191011P145,2019-10-07,2019-10-07 09:35:00,0.5,1.0204,211,0.49,1.0,166,0.49,1.0,10,0.495,1.0102,31,0
IWM191011P145,2019-10-07,2019-10-07 09:35:00,0.5,1.0204,211,0.49,1.0,98,0.49,1.0,10,0.495,1.0102,31,0
IWM191011P145,2019-10-07,2019-10-07 09:35:01,0.5,1.0204,613,0.48,0.9795,193,0.49,1.0,10,0.49,1.0,31,0
IWM191011P145,2019-10-07,2019-10-07 09:35:01,0.5,1.0204,264,0.48,0.9795,526,0.49,1.0,10,0.49,1.0,31,0
IWM191011P145,2019-10-07,2019-10-07 09:35:02,0.51,1.0408,217,0.49,1.0,311,0.49,1.0,10,0.5,1.0204,31,0
IWM191011P145,2019-10-07,2019-10-07 09:35:02,0.51,1.0408,290,0.49,1.0,227,0.49,1.0,10,0.5,1.0204,31,0
IWM191011P145,2019-10-07,2019-10-07 09:35:03,0.51,1.0408,52,0.5,1.0204,53,0.49,1.0,10,0.505,1.0306,31,0
IWM191011P145,2019-10-07,2019-10-07 09:35:03,0.51,1.0408,202,0.5,1.0204,53,0.49,1.0,10,0.505,1.0306,31,0
IWM191011P145,2019-10-07,2019-10-07 09:35:04,0.51,1.0408,202,0.5,1.0204,72,0.49,1.0,10,0.505,1.0306,31,0
IWM191011P145,2019-10-07,2019-10-07 09:35:04,0.52,1.0612,190,0.5,1.0204,777,0.49,1.0,10,0.51,1.0408,31,0
IWM191011P145,2019-10-07,2019-10-07 09:35:05,0.52,1.0612,94,0.5,1.0204,840,0.49,1.0,10,0.51,1.0408,31,0
IWM191011P145,2019-10-07,2019-10-07 09:35:05,0.52,1.0612,267,0.5,1.0204,840,0.49,1.0,10,0.51,1.0408,31,0
IWM191011P145,2019-10-07,2019-10-07 09:35:06,0.52,1.0612,237,0.51,1.0408,151,0.49,1.0,10,0.515,1.051,31,0
IWM191011P145,2019-10-07,2019-10-07 09:35:06,0.52,1.0612,237,0.5,1.0204,840,0.49,1.0,10,0.51,1.0408,31,0
IWM191011P145,2019-10-07,2019-10-07 09:35:07,0.52,1.0612,212,0.51,1.0408,59,0.49,1.0,10,0.515,1.051,31,0
IWM191011P145,2019-10-07,2019-10-07 09:35:07,0.52,1.0612,193,0.5,1.0204,306,0.49,1.0,10,0.51,1.0408,31,0
IWM191011P145,2019-10-07,2019-10-07 09:35:08,0.52,1.0612,222,0.5,1.0204,551,0.49,1.0,10,0.51,1.0408,31,0
IWM191011P145,2019-10-07,2019-10-07 09:35:08,0.52,1.0612,222,0.5,1.0204,246,0.49,1.0,10,0.51,1.0408,31,0
IWM191011P145,2019-10-07,2019-10-07 09:35:09,0.52,1.0612,220,0.51,1.0408,25,0.49,1.0,10,0.515,1.051,31,0
IWM191011P145,2019-10-07,2019-10-07 09:35:10,0.52,1.0612,220,0.51,1.0408,25,0.49,1.0,10,0.515,1.051,31,0
IWM191011P145,2019-10-07,2019-10-07 09:35:11,0.52,1.0612,45,0.51,1.0408,52,0.49,1.0,10,0.515,1.051,31,0
IWM191011P145,2019-10-07,2019-10-07 09:35:11,0.52,1.0612,263,0.51,1.0408,50,0.49,1.0,10,0.515,1.051,31,0
IWM191011P145,2019-10-07,2019-10-07 09:35:12,0.52,1.0612,45,0.51,1.0408,20,0.49,1.0,10,0.515,1.051,31,0
IWM191011P145,2019-10-07,2019-10-07 09:35:12,0.52,1.0612,84,0.5,1.0204,647,0.49,1.0,10,0.51,1.0408,31,0
IWM191011P145,2019-10-07,2019-10-07 09:35:13,0.52,1.0612,210,0.5,1.0204,647,0.49,1.0,10,0.51,1.0408,31,0
IWM191011P145,2019-10-07,2019-10-07 09:35:13,0.51,1.0408,335,0.5,1.0204,10,0.49,1.0,10,0.505,1.0306,31,0
IWM191011P145,2019-10-07,2019-10-07 09:35:14,0.51,1.0408,335,0.49,1.0,504,0.49,1.0,10,0.5,1.0204,31,0
IWM191011P145,2019-10-07,2019-10-07 09:35:14,0.51,1.0408,335,0.49,1.0,343,0.49,1.0,10,0.5,1.0204,31,0
IWM191011P145,2019-10-07,2019-10-07 09:35:15,0.51,1.0408,727,0.49,1.0,157,0.49,1.0,10,0.5,1.0204,31,0
IWM191011P145,2019-10-07,2019-10-07 09:35:16,0.51,1.0408,765,0.49,1.0,49,0.49,1.0,10,0.5,1.0204,31,0
IWM191011P145,2019-10-07,2019-10-07 09:35:16,0.51,1.0408,765,0.49,1.0,20,0.49,1.0,10,0.5,1.0204,31,0
IWM191011P145,2019-10-07,2019-10-07 09:35:17,0.5,1.0204,191,0.48,0.9795,55,0.49,1.0,10,0.49,1.0,31,0
IWM191011P145,2019-10-07,2019-10-07 09:35:17,0.5,1.0204,691,0.48,0.9795,64,0.49,1.0,10,0.49,1.0,31,0
IWM191011P145,2019-10-07,2019-10-07 09:35:18,0.49,1.0,367,0.48,0.9795,15,0.49,1.0,10,0.485,0.9897,31,0
IWM191011P145,2019-10-07,2019-10-07 09:35:18,0.5,1.0204,1002,0.47,0.9591,363,0.49,1.0,10,0.485,0.9897,31,0
IWM191011P145,2019-10-07,2019-10-07 09:35:19,0.49,1.0,383,0.47,0.9591,178,0.49,1.0,10,0.48,0.9795,31,0
IWM191011P145,2019-10-07,2019-10-07 09:35:19,0.49,1.0,442,0.48,0.9795,15,0.49,1.0,10,0.485,0.9897,31,0
IWM191011P145,2019-10-07,2019-10-07 09:35:20,0.49,1.0,802,0.47,0.9591,118,0.49,1.0,10,0.48,0.9795,31,0
IWM191011P145,2019-10-07,2019-10-07 09:35:20,0.49,1.0,544,0.47,0.9591,118,0.49,1.0,10,0.48,0.9795,31,0
IWM191011P145,2019-10-07,2019-10-07 09:35:21,0.49,1.0,735,0.47,0.9591,91,0.49,1.0,10,0.48,0.9795,31,0
IWM191011P145,2019-10-07,2019-10-07 09:35:21,0.49,1.0,636,0.47,0.9591,52,0.49,1.0,10,0.48,0.9795,31,0
IWM191011P145,2019-10-07,2019-10-07 09:35:22,0.49,1.0,636,0.47,0.9591,41,0.49,1.0,10,0.48,0.9795,31,0
IWM191011P145,2019-10-07,2019-10-07 09:35:22,0.49,1.0,747,0.46,0.9387,404,0.49,1.0,10,0.475,0.9693,31,0
IWM191011P145,2019-10-07,2019-10-07 09:35:23,0.49,1.0,685,0.46,0.9387,404,0.49,1.0,10,0.475,0.9693,31,0
IWM191011P145,2019-10-07,2019-10-07 09:35:23,0.49,1.0,675,0.46,0.9387,404,0.49,1.0,10,0.475,0.9693,31,0
IWM191011P145,2019-10-07,2019-10-07 09:35:24,0.49,1.0,706,0.46,0.9387,531,0.49,1.0,10,0.475,0.9693,31,0
IWM191011P145,2019-10-07,2019-10-07 09:35:24,0.49,1.0,723,0.46,0.9387,404,0.49,1.0,10,0.475,0.9693,31,0
IWM191011P145,2019-10-07,2019-10-07 09:35:25,0.49,1.0,727,0.46,0.9387,171,0.49,1.0,10,0.475,0.9693,31,0
IWM191011P145,2019-10-07,2019-10-07 09:35:25,0.49,1.0,727,0.46,0.9387,113,0.49,1.0,10,0.475,0.9693,31,0
IWM191011P145,2019-10-07,2019-10-07 09:35:26,0.48,0.9795,621,0.46,0.9387,146,0.49,1.0,10,0.47,0.9591,31,0
IWM191011P145,2019-10-07,2019-10-07 09:35:26,0.48,0.9795,621,0.46,0.9387,131,0.49,1.0,10,0.47,0.9591,31,0
IWM191011P145,2019-10-07,2019-10-07 09:35:27,0.47,0.9591,29,0.46,0.9387,106,0.49,1.0,10,0.465,0.9489,31,0
IWM191011P145,2019-10-07,2019-10-07 09:35:27,0.47,0.9591,8,0.46,0.9387,106,0.49,1.0,10,0.465,0.9489,31,0
IWM191011P145,2019-10-07,2019-10-07 09:35:28,0.47,0.9591,270,0.46,0.9387,106,0.49,1.0,10,0.465,0.9489,31,0
IWM191011P145,2019-10-07,2019-10-07 09:35:28,0.47,0.9591,181,0.46,0.9387,106,0.49,1.0,10,0.465,0.9489,31,0
IWM191011P145,2019-10-07,2019-10-07 09:35:29,0.47,0.9591,270,0.46,0.9387,68,0.49,1.0,10,0.465,0.9489,31,0
IWM191011P145,2019-10-07,2019-10-07 09:35:29,0.47,0.9591,270,0.46,0.9387,106,0.49,1.0,10,0.465,0.9489,31,0
IWM191011P145,2019-10-07,2019-10-07 09:35:30,0.47,0.9591,270,0.46,0.9387,20,0.49,1.0,10,0.465,0.9489,31,0
IWM191011P145,2019-10-07,2019-10-07 09:35:31,0.47,0.9591,270,0.46,0.9387,47,0.49,1.0,10,0.465,0.9489,31,0
IWM191011P145,2019-10-07,2019-10-07 09:35:32,0.47,0.9591,270,0.46,0.9387,47,0.49,1.0,10,0.465,0.9489,31,0
IWM191011P145,2019-10-07,2019-10-07 09:35:33,0.48,0.9795,184,0.46,0.9387,847,0.49,1.0,10,0.47,0.9591,31,0
IWM191011P145,2019-10-07,2019-10-07 09:35:33,0.48,0.9795,265,0.46,0.9387,491,0.49,1.0,10,0.47,0.9591,31,0
IWM191011P145,2019-10-07,2019-10-07 09:35:34,0.48,0.9795,184,0.46,0.9387,962,0.49,1.0,10,0.47,0.9591,31,0
IWM191011P145,2019-10-07,2019-10-07 09:35:34,0.48,0.9795,179,0.47,0.9591,186,0.49,1.0,10,0.475,0.9693,31,0
IWM191011P145,2019-10-07,2019-10-07 09:35:35,0.48,0.9795,268,0.47,0.9591,90,0.48,0.9795,40,0.475,0.9693,71,40
IWM191011P145,2019-10-07,2019-10-07 09:35:35,0.48,0.9795,310,0.47,0.9591,125,0.48,0.9795,40,0.475,0.9693,71,0
IWM191011P145,2019-10-07,2019-10-07 09:35:36,0.49,1.0,168,0.47,0.9591,196,0.48,0.9795,40,0.48,0.9795,71,0
IWM191011P145,2019-10-07,2019-10-07 09:35:36,0.48,0.9795,310,0.47,0.9591,125,0.48,0.9795,40,0.475,0.9693,71,0
IWM191011P145,2019-10-07,2019-10-07 09:35:37,0.5,1.0204,343,0.48,0.9795,258,0.48,0.9795,40,0.49,1.0,71,0
IWM191011P145,2019-10-07,2019-10-07 09:35:37,0.5,1.0204,343,0.47,0.9591,9,0.48,0.9795,40,0.485,0.9897,71,0
IWM191011P145,2019-10-07,2019-10-07 09:35:38,0.48,0.9795,43,0.47,0.9591,25,0.48,0.9795,40,0.475,0.9693,71,0
IWM191011P145,2019-10-07,2019-10-07 09:35:38,0.48,0.9795,14,0.46,0.9387,579,0.48,0.9795,40,0.47,0.9591,71,0
IWM191011P145,2019-10-07,2019-10-07 09:35:39,0.48,0.9795,113,0.47,0.9591,234,0.48,0.9795,40,0.475,0.9693,71,0
IWM191011P145,2019-10-07,2019-10-07 09:35:39,0.48,0.9795,278,0.47,0.9591,110,0.48,0.9795,40,0.475,0.9693,71,0
IWM191011P145,2019-10-07,2019-10-07 09:35:40,0.49,1.0,83,0.47,0.9591,188,0.48,0.9795,40,0.48,0.9795,71,0
IWM191011P145,2019-10-07,2019-10-07 09:35:40,0.49,1.0,214,0.47,0.9591,250,0.48,0.9795,40,0.48,0.9795,71,0
IWM191011P145,2019-10-07,2019-10-07 09:35:41,0.49,1.0,192,0.47,0.9591,461,0.48,0.9795,40,0.48,0.9795,71,0
IWM191011P145,2019-10-07,2019-10-07 09:35:41,0.48,0.9795,100,0.47,0.9591,461,0.48,0.9795,40,0.475,0.9693,71,0
IWM191011P145,2019-10-07,2019-10-07 09:35:42,0.48,0.9795,100,0.47,0.9591,739,0.48,0.9795,40,0.475,0.9693,71,0
IWM191011P145,2019-10-07,2019-10-07 09:35:42,0.48,0.9795,100,0.47,0.9591,1165,0.48,0.9795,40,0.475,0.9693,71,0
IWM191011P145,2019-10-07,2019-10-07 09:35:43,0.48,0.9795,100,0.47,0.9591,1160,0.48,0.9795,40,0.475,0.9693,71,0
IWM191011P145,2019-10-07,2019-10-07 09:35:43,0.49,1.0,31,0.48,0.9795,6,0.48,0.9795,99,0.485,0.9897,171,100
IWM191011P145,2019-10-07,2019-10-07 09:35:44,0.49,1.0,186,0.48,0.9795,21,0.48,0.9795,99,0.485,0.9897,171,0
IWM191011P145,2019-10-07,2019-10-07 09:35:44,0.49,1.0,31,0.48,0.9795,21,0.48,0.9795,99,0.485,0.9897,171,0
IWM191011P145,2019-10-07,2019-10-07 09:35:45,0.49,1.0,221,0.48,0.9795,20,0.48,0.9795,8,0.485,0.9897,179,8
IWM191011P145,2019-10-07,2019-10-07 09:35:45,0.49,1.0,114,0.48,0.9795,37,0.48,0.9795,99,0.485,0.9897,171,0
IWM191011P145,2019-10-07,2019-10-07 09:35:46,0.49,1.0,101,0.48,0.9795,38,0.48,0.9795,8,0.485,0.9897,179,0
IWM191011P145,2019-10-07,2019-10-07 09:35:46,0.49,1.0,90,0.48,0.9795,456,0.48,0.9795,8,0.485,0.9897,179,0
IWM191011P145,2019-10-07,2019-10-07 09:35:47,0.49,1.0,108,0.48,0.9795,203,0.48,0.9795,8,0.485,0.9897,179,0
IWM191011P145,2019-10-07,2019-10-07 09:35:47,0.49,1.0,129,0.48,0.9795,61,0.48,0.9795,8,0.485,0.9897,179,0
IWM191011P145,2019-10-07,2019-10-07 09:35:48,0.49,1.0,272,0.48,0.9795,247,0.48,0.9795,8,0.485,0.9897,179,0
IWM191011P145,2019-10-07,2019-10-07 09:35:48,0.49,1.0,108,0.48,0.9795,20,0.48,0.9795,8,0.485,0.9897,179,0
IWM191011P145,2019-10-07,2019-10-07 09:35:49,0.49,1.0,107,0.48,0.9795,247,0.48,0.9795,8,0.485,0.9897,179,0
IWM191011P145,2019-10-07,2019-10-07 09:35:49,0.5,1.0204,249,0.48,0.9795,150,0.48,0.9795,8,0.49,1.0,179,0
IWM191011P145,2019-10-07,2019-10-07 09:35:50,0.49,1.0,107,0.48,0.9795,30,0.48,0.9795,8,0.485,0.9897,179,0
IWM191011P145,2019-10-07,2019-10-07 09:35:50,0.49,1.0,294,0.48,0.9795,30,0.48,0.9795,8,0.485,0.9897,179,0
IWM191011P145,2019-10-07,2019-10-07 09:35:51,0.49,1.0,443,0.48,0.9795,30,0.48,0.9795,8,0.485,0.9897,179,0
IWM191011P145,2019-10-07,2019-10-07 09:35:52,0.49,1.0,502,0.48,0.9795,20,0.48,0.9795,8,0.485,0.9897,179,0
IWM191011P145,2019-10-07,2019-10-07 09:35:52,0.49,1.0,643,0.47,0.9591,720,0.48,0.9795,8,0.48,0.9795,179,0
IWM191011P145,2019-10-07,2019-10-07 09:35:53,0.49,1.0,201,0.47,0.9591,1446,0.48,0.9795,8,0.48,0.9795,179,0
IWM191011P145,2019-10-07,2019-10-07 09:35:53,0.49,1.0,400,0.47,0.9591,1006,0.48,0.9795,8,0.48,0.9795,179,0
IWM191011P145,2019-10-07,2019-10-07 09:35:54,0.49,1.0,352,0.47,0.9591,562,0.48,0.9795,8,0.48,0.9795,179,0
IWM191011P145,2019-10-07,2019-10-07 09:35:54,0.49,1.0,269,0.47,0.9591,1486,0.48,0.9795,8,0.48,0.9795,179,0
IWM191011P145,2019-10-07,2019-10-07 09:35:55,0.49,1.0,416,0.47,0.9591,289,0.48,0.9795,8,0.48,0.9795,179,0
IWM191011P145,2019-10-07,2019-10-07 09:35:55,0.49,1.0,417,0.47,0.9591,101,0.48,0.9795,8,0.48,0.9795,179,0
IWM191011P145,2019-10-07,2019-10-07 09:35:56,0.49,1.0,747,0.47,0.9591,101,0.48,0.9795,8,0.48,0.9795,179,0
IWM191011P145,2019-10-07,2019-10-07 09:35:56,0.49,1.0,682,0.47,0.9591,101,0.48,0.9795,8,0.48,0.9795,179,0
IWM191011P145,2019-10-07,2019-10-07 09:35:57,0.49,1.0,682,0.47,0.9591,101,0.48,0.9795,8,0.48,0.9795,179,0
IWM191011P145,2019-10-07,2019-10-07 09:35:57,0.49,1.0,366,0.47,0.9591,378,0.48,0.9795,8,0.48,0.9795,179,0
IWM191011P145,2019-10-07,2019-10-07 09:35:58,0.49,1.0,398,0.47,0.9591,315,0.48,0.9795,8,0.48,0.9795,179,0
IWM191011P145,2019-10-07,2019-10-07 09:35:58,0.49,1.0,398,0.47,0.9591,378,0.48,0.9795,8,0.48,0.9795,179,0
IWM191011P145,2019-10-07,2019-10-07 09:35:59,0.48,0.9795,46,0.47,0.9591,323,0.48,0.9795,8,0.475,0.9693,179,0
IWM191011P145,2019-10-07,2019-10-07 09:36:00,0.48,0.9795,221,0.47,0.9591,323,0.48,0.9795,8,0.475,0.9693,179,0
IWM191011P145,2019-10-07,2019-10-07 09:36:00,0.48,0.9795,126,0.47,0.9591,323,0.48,0.9795,8,0.475,0.9693,179,0
IWM191011P145,2019-10-07,2019-10-07 09:36:01,0.48,0.9795,221,0.47,0.9591,100,0.48,0.9795,8,0.475,0.9693,179,0
IWM191011P145,2019-10-07,2019-10-07 09:36:01,0.48,0.9795,176,0.47,0.9591,20,0.48,0.9795,8,0.475,0.9693,179,0
IWM191011P145,2019-10-07,2019-10-07 09:36:02,0.48,0.9795,492,0.46,0.9387,20,0.48,0.9795,8,0.47,0.9591,179,0
IWM191011P145,2019-10-07,2019-10-07 09:36:02,0.48,0.9795,350,0.46,0.9387,50,0.48,0.9795,8,0.47,0.9591,179,0
IWM191011P145,2019-10-07,2019-10-07 09:36:03,0.48,0.9795,267,0.46,0.9387,701,0.48,0.9795,8,0.47,0.9591,179,0
IWM191011P145,2019-10-07,2019-10-07 09:36:03,0.48,0.9795,267,0.46,0.9387,941,0.48,0.9795,8,0.47,0.9591,179,0
IWM191011P145,2019-10-07,2019-10-07 09:36:04,0.48,0.9795,228,0.46,0.9387,562,0.48,0.9795,8,0.47,0.9591,179,0
IWM191011P145,2019-10-07,2019-10-07 09:36:04,0.48,0.9795,255,0.46,0.9387,1006,0.48,0.9795,8,0.47,0.9591,179,0
IWM191011P145,2019-10-07,2019-10-07 09:36:05,0.48,0.9795,210,0.46,0.9387,349,0.48,0.9795,8,0.47,0.9591,179,0
IWM191011P145,2019-10-07,2019-10-07 09:36:05,0.48,0.9795,228,0.46,0.9387,716,0.48,0.9795,8,0.47,0.9591,179,0
IWM191011P145,2019-10-07,2019-10-07 09:36:06,0.48,0.9795,228,0.47,0.9591,20,0.48,0.9795,8,0.475,0.9693,179,0
IWM191011P145,2019-10-07,2019-10-07 09:36:06,0.48,0.9795,228,0.46,0.9387,422,0.48,0.9795,8,0.47,0.9591,179,0
IWM191011P145,2019-10-07,2019-10-07 09:36:07,0.48,0.9795,250,0.47,0.9591,20,0.48,0.9795,8,0.475,0.9693,179,0
IWM191011P145,2019-10-07,2019-10-07 09:36:08,0.48,0.9795,250,0.47,0.9591,33,0.48,0.9795,8,0.475,0.9693,179,0
IWM191011P145,2019-10-07,2019-10-07 09:36:09,0.49,1.0,238,0.47,0.9591,1101,0.48,0.9795,8,0.48,0.9795,179,0
IWM191011P145,2019-10-07,2019-10-07 09:36:09,0.49,1.0,93,0.47,0.9591,475,0.48,0.9795,8,0.48,0.9795,179,0
IWM191011P145,2019-10-07,2019-10-07 09:36:10,0.49,1.0,308,0.47,0.9591,904,0.48,0.9795,8,0.48,0.9795,179,0
IWM191011P145,2019-10-07,2019-10-07 09:36:10,0.49,1.0,590,0.47,0.9591,626,0.48,0.9795,8,0.48,0.9795,179,0
IWM191011P145,2019-10-07,2019-10-07 09:36:11,0.48,0.9795,64,0.47,0.9591,919,0.48,0.9795,8,0.475,0.9693,179,0
IWM191011P145,2019-10-07,2019-10-07 09:36:11,0.49,1.0,440,0.47,0.9591,896,0.48,0.9795,8,0.48,0.9795,179,0
IWM191011P145,2019-10-07,2019-10-07 09:36:12,0.48,0.9795,64,0.47,0.9591,919,0.48,0.9795,8,0.475,0.9693,179,0
IWM191011P145,2019-10-07,2019-10-07 09:36:12,0.48,0.9795,64,0.47,0.9591,652,0.48,0.9795,8,0.475,0.9693,179,0
IWM191011P145,2019-10-07,2019-10-07 09:36:13,0.49,1.0,273,0.48,0.9795,10,0.48,0.9795,8,0.485,0.9897,179,0
IWM191011P145,2019-10-07,2019-10-07 09:36:13,0.49,1.0,91,0.47,0.9591,1471,0.48,0.9795,8,0.48,0.9795,179,0
IWM191011P145,2019-10-07,2019-10-07 09:36:14,0.49,1.0,158,0.47,0.9591,1471,0.48,0.9795,8,0.48,0.9795,179,0
IWM191011P145,2019-10-07,2019-10-07 09:36:14,0.49,1.0,430,0.48,0.9795,20,0.48,0.9795,8,0.485,0.9897,179,0
IWM191011P145,2019-10-07,2019-10-07 09:36:15,0.49,1.0,430,0.48,0.9795,20,0.48,0.9795,8,0.485,0.9897,179,0
IWM191011P145,2019-10-07,2019-10-07 09:36:16,0.49,1.0,1022,0.48,0.9795,20,0.48,0.9795,8,0.485,0.9897,179,0
IWM191011P145,2019-10-07,2019-10-07 09:36:16,0.49,1.0,203,0.48,0.9795,20,0.48,0.9795,8,0.485,0.9897,179,0
IWM191011P145,2019-10-07,2019-10-07 09:36:17,0.49,1.0,644,0.48,0.9795,20,0.48,0.9795,8,0.485,0.9897,179,0
IWM191011P145,2019-10-07,2019-10-07 09:36:18,0.49,1.0,261,0.48,0.9795,30,0.48,0.9795,8,0.485,0.9897,179,0
IWM191011P145,2019-10-07,2019-10-07 09:36:18,0.49,1.0,261,0.48,0.9795,152,0.48,0.9795,8,0.485,0.9897,179,0
IWM191011P145,2019-10-07,2019-10-07 09:36:19,0.49,1.0,261,0.48,0.9795,407,0.48,0.9795,8,0.485,0.9897,179,0
IWM191011P145,2019-10-07,2019-10-07 09:36:20,0.49,1.0,335,0.48,0.9795,20,0.48,0.9795,8,0.485,0.9897,179,0
IWM191011P145,2019-10-07,2019-10-07 09:36:20,0.49,1.0,92,0.48,0.9795,20,0.48,0.9795,8,0.485,0.9897,179,0
IWM191011P145,2019-10-07,2019-10-07 09:36:21,0.49,1.0,516,0.47,0.9591,508,0.48,0.9795,8,0.48,0.9795,179,0
IWM191011P145,2019-10-07,2019-10-07 09:36:21,0.49,1.0,335,0.48,0.9795,20,0.48,0.9795,8,0.485,0.9897,179,0
IWM191011P145,2019-10-07,2019-10-07 09:36:22,0.49,1.0,461,0.47,0.9591,859,0.48,0.9795,8,0.48,0.9795,179,0
IWM191011P145,2019-10-07,2019-10-07 09:36:22,0.49,1.0,229,0.47,0.9591,958,0.48,0.9795,8,0.48,0.9795,179,0
IWM191011P145,2019-10-07,2019-10-07 09:36:23,0.49,1.0,92,0.48,0.9795,349,0.48,0.9795,8,0.485,0.9897,179,0
IWM191011P145,2019-10-07,2019-10-07 09:36:23,0.49,1.0,112,0.48,0.9795,38,0.48,0.9795,8,0.485,0.9897,179,0
IWM191011P145,2019-10-07,2019-10-07 09:36:24,0.49,1.0,313,0.48,0.9795,157,0.48,0.9795,8,0.485,0.9897,179,0
IWM191011P145,2019-10-07,2019-10-07 09:36:24,0.49,1.0,395,0.48,0.9795,157,0.48,0.9795,8,0.485,0.9897,179,0
IWM191011P145,2019-10-07,2019-10-07 09:36:25,0.49,1.0,327,0.48,0.9795,97,0.48,0.9795,8,0.485,0.9897,179,0
IWM191011P145,2019-10-07,2019-10-07 09:36:25,0.49,1.0,234,0.48,0.9795,35,0.48,0.9795,8,0.485,0.9897,179,0
IWM191011P145,2019-10-07,2019-10-07 09:36:26,0.49,1.0,96,0.48,0.9795,35,0.48,0.9795,8,0.485,0.9897,179,0
IWM191011P145,2019-10-07,2019-10-07 09:36:26,0.49,1.0,93,0.48,0.9795,307,0.48,0.9795,8,0.485,0.9897,179,0
IWM191011P145,2019-10-07,2019-10-07 09:36:27,0.49,1.0,93,0.48,0.9795,660,0.48,0.9795,8,0.485,0.9897,179,0
IWM191011P145,2019-10-07,2019-10-07 09:36:27,0.49,1.0,153,0.48,0.9795,692,0.48,0.9795,8,0.485,0.9897,179,0
IWM191011P145,2019-10-07,2019-10-07 09:36:28,0.49,1.0,464,0.48,0.9795,99,0.48,0.9795,8,0.485,0.9897,179,0
IWM191011P145,2019-10-07,2019-10-07 09:36:28,0.49,1.0,464,0.48,0.9795,41,0.48,0.9795,8,0.485,0.9897,179,0
IWM191011P145,2019-10-07,2019-10-07 09:36:29,0.49,1.0,405,0.48,0.9795,10,0.48,0.9795,8,0.485,0.9897,179,0
IWM191011P145,2019-10-07,2019-10-07 09:36:29,0.49,1.0,561,0.47,0.9591,422,0.48,0.9795,8,0.48,0.9795,179,0
IWM191011P145,2019-10-07,2019-10-07 09:36:30,0.49,1.0,289,0.47,0.9591,273,0.48,0.9795,8,0.48,0.9795,179,0
IWM191011P145,2019-10-07,2019-10-07 09:36:30,0.49,1.0,584,0.47,0.9591,541,0.48,0.9795,8,0.48,0.9795,179,0
IWM191011P145,2019-10-07,2019-10-07 09:36:31,0.49,1.0,259,0.48,0.9795,25,0.48,0.9795,8,0.485,0.9897,179,0
IWM191011P145,2019-10-07,2019-10-07 09:36:31,0.49,1.0,165,0.48,0.9795,120,0.48,0.9795,8,0.485,0.9897,179,0
IWM191011P145,2019-10-07,2019-10-07 09:36:32,0.49,1.0,26,0.48,0.9795,236,0.48,0.9795,8,0.485,0.9897,179,0
IWM191011P145,2019-10-07,2019-10-07 09:36:32,0.49,1.0,320,0.48,0.9795,166,0.48,0.9795,8,0.485,0.9897,179,0
IWM191011P145,2019-10-07,2019-10-07 09:36:33,0.49,1.0,26,0.49,1.0,10,0.48,0.9795,8,0.49,1.0,179,0
IWM191011P145,2019-10-07,2019-10-07 09:36:33,0.5,1.0204,135,0.48,0.9795,1330,0.48,0.9795,8,0.49,1.0,179,0
IWM191011P145,2019-10-07,2019-10-07 09:36:34,0.5,1.0204,404,0.49,1.0,310,0.48,0.9795,8,0.495,1.0102,179,0
IWM191011P145,2019-10-07,2019-10-07 09:36:34,0.5,1.0204,318,0.49,1.0,295,0.48,0.9795,8,0.495,1.0102,179,0
IWM191011P145,2019-10-07,2019-10-07 09:36:35,0.5,1.0204,12,0.49,1.0,765,0.48,0.9795,8,0.495,1.0102,179,0
IWM191011P145,2019-10-07,2019-10-07 09:36:35,0.5,1.0204,119,0.49,1.0,295,0.48,0.9795,8,0.495,1.0102,179,0
IWM191011P145,2019-10-07,2019-10-07 09:36:36,0.5,1.0204,12,0.49,1.0,450,0.48,0.9795,8,0.495,1.0102,179,0
IWM191011P145,2019-10-07,2019-10-07 09:36:36,0.5,1.0204,221,0.49,1.0,229,0.48,0.9795,8,0.495,1.0102,179,0
IWM191011P145,2019-10-07,2019-10-07 09:36:37,0.5,1.0204,43,0.49,1.0,540,0.48,0.9795,8,0.495,1.0102,179,0
IWM191011P145,2019-10-07,2019-10-07 09:36:37,0.5,1.0204,43,0.49,1.0,275,0.48,0.9795,8,0.495,1.0102,179,0
IWM191011P145,2019-10-07,2019-10-07 09:36:38,0.5,1.0204,328,0.49,1.0,206,0.48,0.9795,8,0.495,1.0102,179,0
IWM191011P145,2019-10-07,2019-10-07 09:36:39,0.5,1.0204,327,0.49,1.0,312,0.48,0.9795,8,0.495,1.0102,179,0
IWM191011P145,2019-10-07,2019-10-07 09:36:40,0.51,1.0408,425,0.49,1.0,1143,0.48,0.9795,8,0.5,1.0204,179,0
IWM191011P145,2019-10-07,2019-10-07 09:36:40,0.51,1.0408,271,0.49,1.0,796,0.48,0.9795,8,0.5,1.0204,179,0
IWM191011P145,2019-10-07,2019-10-07 09:36:41,0.51,1.0408,425,0.49,1.0,1201,0.48,0.9795,8,0.5,1.0204,179,0
IWM191011P145,2019-10-07,2019-10-07 09:36:41,0.51,1.0408,425,0.49,1.0,1151,0.48,0.9795,8,0.5,1.0204,179,0
IWM191011P145,2019-10-07,2019-10-07 09:36:42,0.51,1.0408,425,0.49,1.0,948,0.48,0.9795,8,0.5,1.0204,179,0
IWM191011P145,2019-10-07,2019-10-07 09:36:42,0.51,1.0408,425,0.49,1.0,1176,0.48,0.9795,8,0.5,1.0204,179,0
IWM191011P145,2019-10-07,2019-10-07 09:36:43,0.51,1.0408,125,0.5,1.0204,22,0.48,0.9795,8,0.505,1.0306,179,0
IWM191011P145,2019-10-07,2019-10-07 09:36:43,0.51,1.0408,383,0.49,1.0,948,0.48,0.9795,8,0.5,1.0204,179,0
IWM191011P145,2019-10-07,2019-10-07 09:36:44,0.51,1.0408,282,0.5,1.0204,252,0.48,0.9795,8,0.505,1.0306,179,0
IWM191011P145,2019-10-07,2019-10-07 09:36:44,0.51,1.0408,288,0.49,1.0,855,0.48,0.9795,8,0.5,1.0204,179,0
IWM191011P145,2019-10-07,2019-10-07 09:36:45,0.51,1.0408,177,0.5,1.0204,558,0.48,0.9795,8,0.505,1.0306,179,0
IWM191011P145,2019-10-07,2019-10-07 09:36:45,0.51,1.0408,36,0.5,1.0204,345,0.48,0.9795,8,0.505,1.0306,179,0
IWM191011P145,2019-10-07,2019-10-07 09:36:46,0.52,1.0612,256,0.5,1.0204,869,0.48,0.9795,8,0.51,1.0408,179,0
IWM191011P145,2019-10-07,2019-10-07 09:36:46,0.51,1.0408,39,0.5,1.0204,558,0.48,0.9795,8,0.505,1.0306,179,0
IWM191011P145,2019-10-07,2019-10-07 09:36:47,0.52,1.0612,394,0.5,1.0204,997,0.48,0.9795,8,0.51,1.0408,179,0
IWM191011P145,2019-10-07,2019-10-07 09:36:48,0.52,1.0612,462,0.5,1.0204,719,0.48,0.9795,8,0.51,1.0408,179,0
IWM191011P145,2019-10-07,2019-10-07 09:36:48,0.52,1.0612,382,0.51,1.0408,10,0.48,0.9795,8,0.515,1.051,179,0
IWM191011P145,2019-10-07,2019-10-07 09:36:49,0.52,1.0612,393,0.5,1.0204,883,0.48,0.9795,8,0.51,1.0408,179,0
IWM191011P145,2019-10-07,2019-10-07 09:36:49,0.52,1.0612,382,0.5,1.0204,794,0.48,0.9795,8,0.51,1.0408,179,0
IWM191011P145,2019-10-07,2019-10-07 09:36:50,0.52,1.0612,393,0.51,1.0408,10,0.48,0.9795,8,0.515,1.051,179,0
IWM191011P145,2019-10-07,2019-10-07 09:36:50,0.52,1.0612,393,0.5,1.0204,1147,0.48,0.9795,8,0.51,1.0408,179,0
IWM191011P145,2019-10-07,2019-10-07 09:36:51,0.52,1.0612,263,0.5,1.0204,1226,0.48,0.9795,8,0.51,1.0408,179,0
IWM191011P145,2019-10-07,2019-10-07 09:36:51,0.52,1.0612,207,0.51,1.0408,35,0.48,0.9795,8,0.515,1.051,179,0
IWM191011P145,2019-10-07,2019-10-07 09:36:52,0.52,1.0612,303,0.51,1.0408,20,0.48,0.9795,8,0.515,1.051,179,0
IWM191011P145,2019-10-07,2019-10-07 09:36:52,0.52,1.0612,303,0.51,1.0408,30,0.48,0.9795,8,0.515,1.051,179,0
IWM191011P145,2019-10-07,2019-10-07 09:36:53,0.52,1.0612,302,0.51,1.0408,160,0.48,0.9795,8,0.515,1.051,179,0
IWM191011P145,2019-10-07,2019-10-07 09:36:53,0.52,1.0612,302,0.51,1.0408,127,0.48,0.9795,8,0.515,1.051,179,0
IWM191011P145,2019-10-07,2019-10-07 09:36:54,0.52,1.0612,302,0.51,1.0408,39,0.48,0.9795,8,0.515,1.051,179,0
IWM191011P145,2019-10-07,2019-10-07 09:36:55,0.52,1.0612,325,0.51,1.0408,20,0.48,0.9795,8,0.515,1.051,179,0
IWM191011P145,2019-10-07,2019-10-07 09:36:55,0.52,1.0612,293,0.51,1.0408,57,0.48,0.9795,8,0.515,1.051,179,0
IWM191011P145,2019-10-07,2019-10-07 09:36:56,0.52,1.0612,293,0.51,1.0408,57,0.48,0.9795,8,0.515,1.051,179,0
IWM191011P145,2019-10-07,2019-10-07 09:36:57,0.52,1.0612,293,0.51,1.0408,30,0.48,0.9795,8,0.515,1.051,179,0
IWM191011P145,2019-10-07,2019-10-07 09:36:57,0.52,1.0612,54,0.51,1.0408,134,0.48,0.9795,8,0.515,1.051,179,0
IWM191011P145,2019-10-07,2019-10-07 09:36:58,0.53,1.0816,407,0.51,1.0408,512,0.48,0.9795,8,0.52,1.0612,179,0
IWM191011P145,2019-10-07,2019-10-07 09:36:58,0.53,1.0816,486,0.51,1.0408,768,0.48,0.9795,8,0.52,1.0612,179,0
IWM191011P145,2019-10-07,2019-10-07 09:36:59,0.53,1.0816,407,0.51,1.0408,512,0.48,0.9795,8,0.52,1.0612,179,0
IWM191011P145,2019-10-07,2019-10-07 09:36:59,0.53,1.0816,407,0.51,1.0408,872,0.48,0.9795,8,0.52,1.0612,179,0
IWM191011P145,2019-10-07,2019-10-07 09:37:00,0.53,1.0816,407,0.51,1.0408,872,0.48,0.9795,8,0.52,1.0612,179,0
IWM191011P145,2019-10-07,2019-10-07 09:37:00,0.53,1.0816,371,0.51,1.0408,731,0.52,1.0612,10,0.52,1.0612,189,10
IWM191011P145,2019-10-07,2019-10-07 09:37:01,0.53,1.0816,371,0.51,1.0408,731,0.52,1.0612,10,0.52,1.0612,189,0
IWM191011P145,2019-10-07,2019-10-07 09:37:01,0.53,1.0816,371,0.51,1.0408,1034,0.52,1.0612,10,0.52,1.0612,189,0
IWM191011P145,2019-10-07,2019-10-07 09:37:02,0.53,1.0816,371,0.51,1.0408,378,0.52,1.0612,10,0.52,1.0612,189,0
IWM191011P145,2019-10-07,2019-10-07 09:37:02,0.53,1.0816,371,0.51,1.0408,401,0.52,1.0612,10,0.52,1.0612,189,0
IWM191011P145,2019-10-07,2019-10-07 09:37:03,0.52,1.0612,50,0.51,1.0408,517,0.52,1.0612,10,0.515,1.051,189,0
IWM191011P145,2019-10-07,2019-10-07 09:37:03,0.52,1.0612,50,0.51,1.0408,290,0.52,1.0612,10,0.515,1.051,189,0
IWM191011P145,2019-10-07,2019-10-07 09:37:04,0.52,1.0612,50,0.51,1.0408,952,0.52,1.0612,10,0.515,1.051,189,0
IWM191011P145,2019-10-07,2019-10-07 09:37:04,0.53,1.0816,339,0.51,1.0408,1148,0.52,1.0612,10,0.52,1.0612,189,0
IWM191011P145,2019-10-07,2019-10-07 09:37:05,0.53,1.0816,313,0.51,1.0408,1148,0.52,1.0612,10,0.52,1.0612,189,0
IWM191011P145,2019-10-07,2019-10-07 09:37:05,0.53,1.0816,339,0.51,1.0408,1148,0.52,1.0612,10,0.52,1.0612,189,0
IWM191011P145,2019-10-07,2019-10-07 09:37:06,0.53,1.0816,180,0.52,1.0612,42,0.52,1.0612,3,0.525,1.0714,192,3
IWM191011P145,2019-10-07,2019-10-07 09:37:06,0.53,1.0816,296,0.52,1.0612,27,0.52,1.0612,3,0.525,1.0714,192,0
IWM191011P145,2019-10-07,2019-10-07 09:37:07,0.53,1.0816,178,0.52,1.0612,305,0.52,1.0612,3,0.525,1.0714,192,0
IWM191011P145,2019-10-07,2019-10-07 09:37:07,0.53,1.0816,146,0.52,1.0612,213,0.52,1.0612,3,0.525,1.0714,192,0
IWM191011P145,2019-10-07,2019-10-07 09:37:08,0.53,1.0816,202,0.52,1.0612,414,0.52,1.0612,3,0.525,1.0714,192,0
IWM191011P145,2019-10-07,2019-10-07 09:37:08,0.53,1.0816,101,0.52,1.0612,20,0.52,1.0612,3,0.525,1.0714,192,0
IWM191011P145,2019-10-07,2019-10-07 09:37:09,0.53,1.0816,101,0.52,1.0612,30,0.52,1.0612,3,0.525,1.0714,192,0
IWM191011P145,2019-10-07,2019-10-07 09:37:09,0.53,1.0816,76,0.52,1.0612,239,0.52,1.0612,3,0.525,1.0714,192,0
IWM191011P145,2019-10-07,2019-10-07 09:37:10,0.53,1.0816,76,0.52,1.0612,20,0.52,1.0612,3,0.525,1.0714,192,0
IWM191011P145,2019-10-07,2019-10-07 09:37:10,0.53,1.0816,219,0.52,1.0612,20,0.52,1.0612,3,0.525,1.0714,192,0
IWM191011P145,2019-10-07,2019-10-07 09:37:11,0.53,1.0816,311,0.52,1.0612,215,0.52,1.0612,3,0.525,1.0714,192,0
IWM191011P145,2019-10-07,2019-10-07 09:37:12,0.53,1.0816,199,0.52,1.0612,248,0.52,1.0612,3,0.525,1.0714,192,0
IWM191011P145,2019-10-07,2019-10-07 09:37:12,0.53,1.0816,284,0.52,1.0612,248,0.52,1.0612,3,0.525,1.0714,192,0
IWM191011P145,2019-10-07,2019-10-07 09:37:13,0.53,1.0816,287,0.52,1.0612,544,0.52,1.0612,3,0.525,1.0714,192,0
IWM191011P145,2019-10-07,2019-10-07 09:37:13,0.53,1.0816,287,0.52,1.0612,554,0.52,1.0612,3,0.525,1.0714,192,0
IWM191011P145,2019-10-07,2019-10-07 09:37:14,0.54,1.102,358,0.52,1.0612,564,0.52,1.0612,3,0.53,1.0816,192,0
IWM191011P145,2019-10-07,2019-10-07 09:37:14,0.54,1.102,359,0.52,1.0612,564,0.52,1.0612,3,0.53,1.0816,192,0
IWM191011P145,2019-10-07,2019-10-07 09:37:15,0.54,1.102,145,0.52,1.0612,459,0.52,1.0612,3,0.53,1.0816,192,0
IWM191011P145,2019-10-07,2019-10-07 09:37:15,0.54,1.102,358,0.52,1.0612,1059,0.52,1.0612,3,0.53,1.0816,192,0
IWM191011P145,2019-10-07,2019-10-07 09:37:16,0.54,1.102,306,0.52,1.0612,824,0.52,1.0612,3,0.53,1.0816,192,0
IWM191011P145,2019-10-07,2019-10-07 09:37:16,0.54,1.102,362,0.52,1.0612,1130,0.52,1.0612,3,0.53,1.0816,192,0
IWM191011P145,2019-10-07,2019-10-07 09:37:17,0.54,1.102,362,0.52,1.0612,731,0.52,1.0612,3,0.53,1.0816,192,0
IWM191011P145,2019-10-07,2019-10-07 09:37:17,0.54,1.102,362,0.52,1.0612,889,0.52,1.0612,3,0.53,1.0816,192,0
IWM191011P145,2019-10-07,2019-10-07 09:37:18,0.54,1.102,233,0.53,1.0816,22,0.52,1.0612,3,0.535,1.0918,192,0
IWM191011P145,2019-10-07,2019-10-07 09:37:18,0.54,1.102,425,0.53,1.0816,22,0.52,1.0612,3,0.535,1.0918,192,0
IWM191011P145,2019-10-07,2019-10-07 09:37:19,0.54,1.102,425,0.53,1.0816,20,0.52,1.0612,3,0.535,1.0918,192,0
IWM191011P145,2019-10-07,2019-10-07 09:37:19,0.54,1.102,465,0.52,1.0612,48,0.52,1.0612,3,0.53,1.0816,192,0
IWM191011P145,2019-10-07,2019-10-07 09:37:20,0.53,1.0816,172,0.52,1.0612,88,0.52,1.0612,3,0.525,1.0714,192,0
IWM191011P145,2019-10-07,2019-10-07 09:37:20,0.53,1.0816,298,0.52,1.0612,218,0.52,1.0612,3,0.525,1.0714,192,0
IWM191011P145,2019-10-07,2019-10-07 09:37:21,0.53,1.0816,193,0.52,1.0612,20,0.52,1.0612,3,0.525,1.0714,192,0
IWM191011P145,2019-10-07,2019-10-07 09:37:21,0.53,1.0816,322,0.51,1.0408,425,0.52,1.0612,3,0.52,1.0612,192,0
IWM191011P145,2019-10-07,2019-10-07 09:37:22,0.53,1.0816,281,0.51,1.0408,986,0.52,1.0612,3,0.52,1.0612,192,0
IWM191011P145,2019-10-07,2019-10-07 09:37:22,0.53,1.0816,351,0.51,1.0408,996,0.52,1.0612,3,0.52,1.0612,192,0
IWM191011P145,2019-10-07,2019-10-07 09:37:23,0.53,1.0816,351,0.51,1.0408,789,0.52,1.0612,3,0.52,1.0612,192,0
IWM191011P145,2019-10-07,2019-10-07 09:37:23,0.53,1.0816,351,0.52,1.0612,1,0.52,1.0612,3,0.525,1.0714,192,0
IWM191011P145,2019-10-07,2019-10-07 09:37:24,0.53,1.0816,219,0.51,1.0408,1096,0.52,1.0612,3,0.52,1.0612,192,0
IWM191011P145,2019-10-07,2019-10-07 09:37:24,0.53,1.0816,340,0.52,1.0612,20,0.52,1.0612,3,0.525,1.0714,192,0
IWM191011P145,2019-10-07,2019-10-07 09:37:25,0.53,1.0816,641,0.51,1.0408,797,0.52,1.0612,3,0.52,1.0612,192,0
IWM191011P145,2019-10-07,2019-10-07 09:37:25,0.53,1.0816,340,0.52,1.0612,30,0.52,1.0612,3,0.525,1.0714,192,0
IWM191011P145,2019-10-07,2019-10-07 09:37:26,0.52,1.0612,12,0.51,1.0408,1013,0.52,1.0612,3,0.515,1.051,192,0
IWM191011P145,2019-10-07,2019-10-07 09:37:26,0.53,1.0816,527,0.51,1.0408,1013,0.52,1.0612,3,0.52,1.0612,192,0
IWM191011P145,2019-10-07,2019-10-07 09:37:27,0.52,1.0612,38,0.51,1.0408,297,0.52,1.0612,3,0.515,1.051,192,0
IWM191011P145,2019-10-07,2019-10-07 09:37:27,0.52,1.0612,38,0.51,1.0408,31,0.52,1.0612,3,0.515,1.051,192,0
IWM191011P145,2019-10-07,2019-10-07 09:37:28,0.52,1.0612,228,0.51,1.0408,31,0.52,1.0612,3,0.515,1.051,192,0
IWM191011P145,2019-10-07,2019-10-07 09:37:29,0.52,1.0612,48,0.51,1.0408,177,0.52,1.0612,3,0.515,1.051,192,0
IWM191011P145,2019-10-07,2019-10-07 09:37:29,0.52,1.0612,228,0.51,1.0408,164,0.52,1.0612,3,0.515,1.051,192,0
IWM191011P145,2019-10-07,2019-10-07 09:37:30,0.52,1.0612,48,0.51,1.0408,25,0.52,1.0612,3,0.515,1.051,192,0
IWM191011P145,2019-10-07,2019-10-07 09:37:30,0.52,1.0612,301,0.5,1.0204,1034,0.52,1.0612,3,0.51,1.0408,192,0
IWM191011P145,2019-10-07,2019-10-07 09:37:31,0.52,1.0612,213,0.5,1.0204,967,0.52,1.0612,3,0.51,1.0408,192,0
IWM191011P145,2019-10-07,2019-10-07 09:37:31,0.52,1.0612,213,0.5,1.0204,921,0.52,1.0612,3,0.51,1.0408,192,0
IWM191011P145,2019-10-07,2019-10-07 09:37:32,0.52,1.0612,328,0.5,1.0204,967,0.52,1.0612,3,0.51,1.0408,192,0
IWM191011P145,2019-10-07,2019-10-07 09:37:32,0.52,1.0612,328,0.51,1.0408,21,0.52,1.0612,3,0.515,1.051,192,0
IWM191011P145,2019-10-07,2019-10-07 09:37:33,0.52,1.0612,304,0.51,1.0408,281,0.52,1.0612,3,0.515,1.051,192,0
IWM191011P145,2019-10-07,2019-10-07 09:37:33,0.52,1.0612,328,0.51,1.0408,21,0.52,1.0612,3,0.515,1.051,192,0
IWM191011P145,2019-10-07,2019-10-07 09:37:34,0.53,1.0816,133,0.51,1.0408,133,0.52,1.0612,3,0.52,1.0612,192,0
IWM191011P145,2019-10-07,2019-10-07 09:37:34,0.53,1.0816,263,0.51,1.0408,1091,0.52,1.0612,3,0.52,1.0612,192,0
IWM191011P145,2019-10-07,2019-10-07 09:37:35,0.53,1.0816,263,0.51,1.0408,1120,0.52,1.0612,3,0.52,1.0612,192,0
IWM191011P145,2019-10-07,2019-10-07 09:37:35,0.53,1.0816,263,0.51,1.0408,943,0.52,1.0612,3,0.52,1.0612,192,0
IWM191011P145,2019-10-07,2019-10-07 09:37:36,0.53,1.0816,303,0.51,1.0408,936,0.52,1.0612,3,0.52,1.0612,192,0
IWM191011P145,2019-10-07,2019-10-07 09:37:36,0.53,1.0816,194,0.51,1.0408,1319,0.52,1.0612,3,0.52,1.0612,192,0
IWM191011P145,2019-10-07,2019-10-07 09:37:37,0.53,1.0816,327,0.52,1.0612,31,0.52,1.0612,3,0.525,1.0714,192,0
IWM191011P145,2019-10-07,2019-10-07 09:37:37,0.53,1.0816,327,0.52,1.0612,372,0.52,1.0612,3,0.525,1.0714,192,0
IWM191011P145,2019-10-07,2019-10-07 09:37:38,0.53,1.0816,327,0.52,1.0612,31,0.52,1.0612,3,0.525,1.0714,192,0
IWM191011P145,2019-10-07,2019-10-07 09:37:38,0.53,1.0816,327,0.52,1.0612,37,0.52,1.0612,3,0.525,1.0714,192,0
IWM191011P145,2019-10-07,2019-10-07 09:37:39,0.53,1.0816,338,0.52,1.0612,20,0.52,1.0612,3,0.525,1.0714,192,0
IWM191011P145,2019-10-07,2019-10-07 09:37:39,0.53,1.0816,327,0.52,1.0612,26,0.52,1.0612,3,0.525,1.0714,192,0
IWM191011P145,2019-10-07,2019-10-07 09:37:40,0.53,1.0816,338,0.52,1.0612,20,0.52,1.0612,3,0.525,1.0714,192,0
IWM191011P145,2019-10-07,2019-10-07 09:37:41,0.53,1.0816,338,0.52,1.0612,20,0.52,1.0612,3,0.525,1.0714,192,0
IWM191011P145,2019-10-07,2019-10-07 09:37:42,0.53,1.0816,370,0.52,1.0612,20,0.52,1.0612,3,0.525,1.0714,192,0
IWM191011P145,2019-10-07,2019-10-07 09:37:42,0.53,1.0816,382,0.52,1.0612,20,0.52,1.0612,3,0.525,1.0714,192,0
IWM191011P145,2019-10-07,2019-10-07 09:37:43,0.53,1.0816,371,0.52,1.0612,20,0.52,1.0612,3,0.525,1.0714,192,0
IWM191011P145,2019-10-07,2019-10-07 09:37:43,0.53,1.0816,295,0.52,1.0612,20,0.52,1.0612,3,0.525,1.0714,192,0
IWM191011P145,2019-10-07,2019-10-07 09:37:44,0.53,1.0816,371,0.52,1.0612,20,0.52,1.0612,3,0.525,1.0714,192,0
IWM191011P145,2019-10-07,2019-10-07 09:37:45,0.53,1.0816,371,0.52,1.0612,20,0.52,1.0612,3,0.525,1.0714,192,0
IWM191011P145,2019-10-07,2019-10-07 09:37:46,0.53,1.0816,371,0.52,1.0612,20,0.52,1.0612,3,0.525,1.0714,192,0
IWM191011P145,2019-10-07,2019-10-07 09:37:47,0.53,1.0816,223,0.52,1.0612,33,0.52,1.0612,3,0.525,1.0714,192,0
IWM191011P145,2019-10-07,2019-10-07 09:37:48,0.53,1.0816,271,0.52,1.0612,46,0.52,1.0612,3,0.525,1.0714,192,0
IWM191011P145,2019-10-07,2019-10-07 09:37:48,0.53,1.0816,271,0.52,1.0612,33,0.52,1.0612,3,0.525,1.0714,192,0
IWM191011P145,2019-10-07,2019-10-07 09:37:49,0.53,1.0816,271,0.52,1.0612,115,0.52,1.0612,3,0.525,1.0714,192,0
IWM191011P145,2019-10-07,2019-10-07 09:37:49,0.53,1.0816,271,0.52,1.0612,46,0.52,1.0612,3,0.525,1.0714,192,0
IWM191011P145,2019-10-07,2019-10-07 09:37:50,0.53,1.0816,271,0.52,1.0612,139,0.52,1.0612,3,0.525,1.0714,192,0
IWM191011P145,2019-10-07,2019-10-07 09:37:51,0.53,1.0816,271,0.52,1.0612,139,0.52,1.0612,3,0.525,1.0714,192,0
IWM191011P145,2019-10-07,2019-10-07 09:37:52,0.53,1.0816,271,0.52,1.0612,139,0.52,1.0612,3,0.525,1.0714,192,0
IWM191011P145,2019-10-07,2019-10-07 09:37:52,0.53,1.0816,271,0.52,1.0612,146,0.52,1.0612,3,0.525,1.0714,192,0
IWM191011P145,2019-10-07,2019-10-07 09:37:53,0.53,1.0816,271,0.52,1.0612,97,0.52,1.0612,3,0.525,1.0714,192,0
IWM191011P145,2019-10-07,2019-10-07 09:37:53,0.53,1.0816,271,0.52,1.0612,72,0.52,1.0612,3,0.525,1.0714,192,0
IWM191011P145,2019-10-07,2019-10-07 09:37:54,0.53,1.0816,271,0.52,1.0612,72,0.52,1.0612,3,0.525,1.0714,192,0
IWM191011P145,2019-10-07,2019-10-07 09:37:55,0.53,1.0816,271,0.52,1.0612,47,0.52,1.0612,3,0.525,1.0714,192,0
IWM191011P145,2019-10-07,2019-10-07 09:37:55,0.53,1.0816,271,0.52,1.0612,42,0.52,1.0612,3,0.525,1.0714,192,0
IWM191011P145,2019-10-07,2019-10-07 09:37:56,0.53,1.0816,314,0.52,1.0612,20,0.52,1.0612,3,0.525,1.0714,192,0
IWM191011P145,2019-10-07,2019-10-07 09:37:57,0.53,1.0816,345,0.52,1.0612,20,0.52,1.0612,3,0.525,1.0714,192,0
IWM191011P145,2019-10-07,2019-10-07 09:37:57,0.53,1.0816,314,0.52,1.0612,20,0.52,1.0612,3,0.525,1.0714,192,0
IWM191011P145,2019-10-07,2019-10-07 09:37:58,0.53,1.0816,286,0.52,1.0612,60,0.52,1.0612,3,0.525,1.0714,192,0
IWM191011P145,2019-10-07,2019-10-07 09:37:58,0.53,1.0816,286,0.52,1.0612,40,0.52,1.0612,3,0.525,1.0714,192,0
IWM191011P145,2019-10-07,2019-10-07 09:37:59,0.53,1.0816,286,0.52,1.0612,150,0.52,1.0612,3,0.525,1.0714,192,0
IWM191011P145,2019-10-07,2019-10-07 09:38:00,0.53,1.0816,164,0.52,1.0612,168,0.52,1.0612,3,0.525,1.0714,192,0
IWM191011P145,2019-10-07,2019-10-07 09:38:00,0.53,1.0816,181,0.52,1.0612,144,0.52,1.0612,3,0.525,1.0714,192,0
IWM191011P145,2019-10-07,2019-10-07 09:38:01,0.53,1.0816,43,0.52,1.0612,680,0.52,1.0612,3,0.525,1.0714,192,0
IWM191011P145,2019-10-07,2019-10-07 09:38:01,0.53,1.0816,272,0.52,1.0612,144,0.52,1.0612,3,0.525,1.0714,192,0
IWM191011P145,2019-10-07,2019-10-07 09:38:02,0.53,1.0816,43,0.52,1.0612,906,0.52,1.0612,3,0.525,1.0714,192,0
IWM191011P145,2019-10-07,2019-10-07 09:38:02,0.54,1.102,311,0.52,1.0612,1040,0.52,1.0612,3,0.53,1.0816,192,0
IWM191011P145,2019-10-07,2019-10-07 09:38:03,0.54,1.102,311,0.53,1.0816,10,0.52,1.0612,3,0.535,1.0918,192,0
IWM191011P145,2019-10-07,2019-10-07 09:38:03,0.54,1.102,311,0.52,1.0612,1050,0.52,1.0612,3,0.53,1.0816,192,0
IWM191011P145,2019-10-07,2019-10-07 09:38:04,0.54,1.102,311,0.52,1.0612,1001,0.52,1.0612,3,0.53,1.0816,192,0
IWM191011P145,2019-10-07,2019-10-07 09:38:04,0.54,1.102,311,0.52,1.0612,1044,0.52,1.0612,3,0.53,1.0816,192,0
IWM191011P145,2019-10-07,2019-10-07 09:38:05,0.54,1.102,311,0.52,1.0612,1001,0.52,1.0612,3,0.53,1.0816,192,0
IWM191011P145,2019-10-07,2019-10-07 09:38:05,0.54,1.102,265,0.52,1.0612,1038,0.52,1.0612,3,0.53,1.0816,192,0
IWM191011P145,2019-10-07,2019-10-07 09:38:06,0.54,1.102,402,0.52,1.0612,492,0.52,1.0612,3,0.53,1.0816,192,0
IWM191011P145,2019-10-07,2019-10-07 09:38:07,0.54,1.102,423,0.52,1.0612,252,0.52,1.0612,3,0.53,1.0816,192,0
IWM191011P145,2019-10-07,2019-10-07 09:38:07,0.54,1.102,423,0.52,1.0612,492,0.52,1.0612,3,0.53,1.0816,192,0
IWM191011P145,2019-10-07,2019-10-07 09:38:08,0.54,1.102,412,0.52,1.0612,617,0.52,1.0612,3,0.53,1.0816,192,0
IWM191011P145,2019-10-07,2019-10-07 09:38:08,0.54,1.102,412,0.52,1.0612,794,0.52,1.0612,3,0.53,1.0816,192,0
IWM191011P145,2019-10-07,2019-10-07 09:38:09,0.54,1.102,254,0.52,1.0612,927,0.52,1.0612,3,0.53,1.0816,192,0
IWM191011P145,2019-10-07,2019-10-07 09:38:09,0.54,1.102,325,0.52,1.0612,1134,0.52,1.0612,3,0.53,1.0816,192,0
IWM191011P145,2019-10-07,2019-10-07 09:38:10,0.54,1.102,98,0.52,1.0612,1334,0.52,1.0612,3,0.53,1.0816,192,0
IWM191011P145,2019-10-07,2019-10-07 09:38:10,0.54,1.102,98,0.53,1.0816,344,0.52,1.0612,3,0.535,1.0918,192,0
IWM191011P145,2019-10-07,2019-10-07 09:38:11,0.54,1.102,88,0.53,1.0816,720,0.52,1.0612,3,0.535,1.0918,192,0
IWM191011P145,2019-10-07,2019-10-07 09:38:11,0.54,1.102,88,0.53,1.0816,910,0.52,1.0612,3,0.535,1.0918,192,0
IWM191011P145,2019-10-07,2019-10-07 09:38:12,0.54,1.102,88,0.53,1.0816,867,0.52,1.0612,3,0.535,1.0918,192,0
IWM191011P145,2019-10-07,2019-10-07 09:38:13,0.54,1.102,21,0.53,1.0816,934,0.52,1.0612,3,0.535,1.0918,192,0
IWM191011P145,2019-10-07,2019-10-07 09:38:14,0.55,1.1224,136,0.53,1.0816,1034,0.52,1.0612,3,0.54,1.102,192,0
IWM191011P145,2019-10-07,2019-10-07 09:38:14,0.55,1.1224,435,0.53,1.0816,1254,0.52,1.0612,3,0.54,1.102,192,0
IWM191011P145,2019-10-07,2019-10-07 09:38:15,0.55,1.1224,280,0.53,1.0816,594,0.52,1.0612,3,0.54,1.102,192,0
IWM191011P145,2019-10-07,2019-10-07 09:38:15,0.55,1.1224,384,0.53,1.0816,1254,0.52,1.0612,3,0.54,1.102,192,0
IWM191011P145,2019-10-07,2019-10-07 09:38:16,0.55,1.1224,713,0.53,1.0816,887,0.52,1.0612,3,0.54,1.102,192,0
IWM191011P145,2019-10-07,2019-10-07 09:38:16,0.55,1.1224,280,0.53,1.0816,594,0.52,1.0612,3,0.54,1.102,192,0
IWM191011P145,2019-10-07,2019-10-07 09:38:17,0.55,1.1224,563,0.53,1.0816,887,0.52,1.0612,3,0.54,1.102,192,0
IWM191011P145,2019-10-07,2019-10-07 09:38:17,0.55,1.1224,713,0.53,1.0816,887,0.52,1.0612,3,0.54,1.102,192,0
IWM191011P145,2019-10-07,2019-10-07 09:38:18,0.55,1.1224,653,0.53,1.0816,815,0.52,1.0612,3,0.54,1.102,192,0
IWM191011P145,2019-10-07,2019-10-07 09:38:18,0.55,1.1224,713,0.53,1.0816,887,0.52,1.0612,3,0.54,1.102,192,0
IWM191011P145,2019-10-07,2019-10-07 09:38:19,0.55,1.1224,503,0.53,1.0816,793,0.52,1.0612,3,0.54,1.102,192,0
IWM191011P145,2019-10-07,2019-10-07 09:38:20,0.54,1.102,53,0.53,1.0816,613,0.52,1.0612,3,0.535,1.0918,192,0
IWM191011P145,2019-10-07,2019-10-07 09:38:20,0.55,1.1224,503,0.53,1.0816,793,0.52,1.0612,3,0.54,1.102,192,0
IWM191011P145,2019-10-07,2019-10-07 09:38:21,0.54,1.102,84,0.53,1.0816,367,0.52,1.0612,3,0.535,1.0918,192,0
IWM191011P145,2019-10-07,2019-10-07 09:38:21,0.54,1.102,30,0.53,1.0816,221,0.52,1.0612,3,0.535,1.0918,192,0
IWM191011P145,2019-10-07,2019-10-07 09:38:22,0.54,1.102,285,0.53,1.0816,40,0.52,1.0612,3,0.535,1.0918,192,0
IWM191011P145,2019-10-07,2019-10-07 09:38:23,0.54,1.102,321,0.53,1.0816,32,0.52,1.0612,3,0.535,1.0918,192,0
IWM191011P145,2019-10-07,2019-10-07 09:38:23,0.54,1.102,332,0.53,1.0816,335,0.52,1.0612,3,0.535,1.0918,192,0
IWM191011P145,2019-10-07,2019-10-07 09:38:24,0.54,1.102,397,0.53,1.0816,335,0.52,1.0612,3,0.535,1.0918,192,0
IWM191011P145,2019-10-07,2019-10-07 09:38:25,0.54,1.102,397,0.53,1.0816,20,0.52,1.0612,3,0.535,1.0918,192,0
IWM191011P145,2019-10-07,2019-10-07 09:38:25,0.54,1.102,397,0.53,1.0816,335,0.52,1.0612,3,0.535,1.0918,192,0
IWM191011P145,2019-10-07,2019-10-07 09:38:26,0.54,1.102,312,0.53,1.0816,154,0.52,1.0612,3,0.535,1.0918,192,0
IWM191011P145,2019-10-07,2019-10-07 09:38:26,0.54,1.102,385,0.53,1.0816,30,0.52,1.0612,3,0.535,1.0918,192,0
IWM191011P145,2019-10-07,2019-10-07 09:38:27,0.54,1.102,312,0.53,1.0816,313,0.52,1.0612,3,0.535,1.0918,192,0
IWM191011P145,2019-10-07,2019-10-07 09:38:28,0.54,1.102,312,0.53,1.0816,313,0.52,1.0612,3,0.535,1.0918,192,0
IWM191011P145,2019-10-07,2019-10-07 09:38:28,0.54,1.102,312,0.53,1.0816,461,0.52,1.0612,3,0.535,1.0918,192,0
IWM191011P145,2019-10-07,2019-10-07 09:38:29,0.54,1.102,312,0.53,1.0816,546,0.52,1.0612,3,0.535,1.0918,192,0
IWM191011P145,2019-10-07,2019-10-07 09:38:29,0.54,1.102,312,0.53,1.0816,720,0.52,1.0612,3,0.535,1.0918,192,0
IWM191011P145,2019-10-07,2019-10-07 09:38:30,0.54,1.102,312,0.53,1.0816,667,0.52,1.0612,3,0.535,1.0918,192,0
IWM191011P145,2019-10-07,2019-10-07 09:38:31,0.54,1.102,44,0.53,1.0816,602,0.52,1.0612,3,0.535,1.0918,192,0
IWM191011P145,2019-10-07,2019-10-07 09:38:31,0.54,1.102,312,0.53,1.0816,517,0.52,1.0612,3,0.535,1.0918,192,0
IWM191011P145,2019-10-07,2019-10-07 09:38:32,0.55,1.1224,314,0.53,1.0816,1341,0.52,1.0612,3,0.54,1.102,192,0
IWM191011P145,2019-10-07,2019-10-07 09:38:32,0.55,1.1224,247,0.53,1.0816,1341,0.52,1.0612,3,0.54,1.102,192,0
IWM191011P145,2019-10-07,2019-10-07 09:38:33,0.55,1.1224,43,0.54,1.102,216,0.52,1.0612,3,0.545,1.1122,192,0
IWM191011P145,2019-10-07,2019-10-07 09:38:33,0.55,1.1224,34,0.54,1.102,381,0.52,1.0612,3,0.545,1.1122,192,0
IWM191011P145,2019-10-07,2019-10-07 09:38:34,0.56,1.1428,327,0.54,1.102,933,0.52,1.0612,3,0.55,1.1224,192,0
IWM191011P145,2019-10-07,2019-10-07 09:38:34,0.56,1.1428,327,0.54,1.102,841,0.52,1.0612,3,0.55,1.1224,192,0
IWM191011P145,2019-10-07,2019-10-07 09:38:35,0.56,1.1428,223,0.55,1.1224,1,0.52,1.0612,3,0.555,1.1326,192,0
IWM191011P145,2019-10-07,2019-10-07 09:38:35,0.56,1.1428,327,0.54,1.102,883,0.52,1.0612,3,0.55,1.1224,192,0
IWM191011P145,2019-10-07,2019-10-07 09:38:36,0.56,1.1428,223,0.55,1.1224,348,0.52,1.0612,3,0.555,1.1326,192,0
IWM191011P145,2019-10-07,2019-10-07 09:38:36,0.56,1.1428,93,0.55,1.1224,348,0.52,1.0612,3,0.555,1.1326,192,0
IWM191011P145,2019-10-07,2019-10-07 09:38:37,0.57,1.1632,374,0.55,1.1224,120,0.52,1.0612,3,0.56,1.1428,192,0
IWM191011P145,2019-10-07,2019-10-07 09:38:37,0.57,1.1632,598,0.55,1.1224,506,0.52,1.0612,3,0.56,1.1428,192,0
IWM191011P145,2019-10-07,2019-10-07 09:38:38,0.56,1.1428,45,0.55,1.1224,541,0.52,1.0612,3,0.555,1.1326,192,0
IWM191011P145,2019-10-07,2019-10-07 09:38:38,0.56,1.1428,31,0.55,1.1224,541,0.52,1.0612,3,0.555,1.1326,192,0
IWM191011P145,2019-10-07,2019-10-07 09:38:39,0.56,1.1428,45,0.55,1.1224,541,0.52,1.0612,3,0.555,1.1326,192,0
IWM191011P145,2019-10-07,2019-10-07 09:38:39,0.56,1.1428,45,0.55,1.1224,241,0.52,1.0612,3,0.555,1.1326,192,0
IWM191011P145,2019-10-07,2019-10-07 09:38:40,0.56,1.1428,45,0.55,1.1224,365,0.52,1.0612,3,0.555,1.1326,192,0
IWM191011P145,2019-10-07,2019-10-07 09:38:40,0.56,1.1428,45,0.55,1.1224,408,0.52,1.0612,3,0.555,1.1326,192,0
IWM191011P145,2019-10-07,2019-10-07 09:38:41,0.56,1.1428,45,0.55,1.1224,365,0.52,1.0612,3,0.555,1.1326,192,0
IWM191011P145,2019-10-07,2019-10-07 09:38:42,0.56,1.1428,45,0.55,1.1224,365,0.52,1.0612,3,0.555,1.1326,192,0
IWM191011P145,2019-10-07,2019-10-07 09:38:43,0.56,1.1428,60,0.55,1.1224,355,0.52,1.0612,3,0.555,1.1326,192,0
IWM191011P145,2019-10-07,2019-10-07 09:38:43,0.56,1.1428,45,0.55,1.1224,365,0.52,1.0612,3,0.555,1.1326,192,0
IWM191011P145,2019-10-07,2019-10-07 09:38:44,0.57,1.1632,339,0.55,1.1224,577,0.52,1.0612,3,0.56,1.1428,192,0
IWM191011P145,2019-10-07,2019-10-07 09:38:44,0.57,1.1632,339,0.55,1.1224,587,0.52,1.0612,3,0.56,1.1428,192,0
IWM191011P145,2019-10-07,2019-10-07 09:38:45,0.57,1.1632,399,0.55,1.1224,577,0.52,1.0612,3,0.56,1.1428,192,0
IWM191011P145,2019-10-07,2019-10-07 09:38:45,0.57,1.1632,415,0.55,1.1224,577,0.52,1.0612,3,0.56,1.1428,192,0
IWM191011P145,2019-10-07,2019-10-07 09:38:46,0.57,1.1632,417,0.55,1.1224,577,0.52,1.0612,3,0.56,1.1428,192,0
IWM191011P145,2019-10-07,2019-10-07 09:38:47,0.57,1.1632,280,0.55,1.1224,714,0.52,1.0612,3,0.56,1.1428,192,0
IWM191011P145,2019-10-07,2019-10-07 09:38:47,0.57,1.1632,280,0.55,1.1224,653,0.52,1.0612,3,0.56,1.1428,192,0
IWM191011P145,2019-10-07,2019-10-07 09:38:48,0.57,1.1632,74,0.55,1.1224,755,0.52,1.0612,3,0.56,1.1428,192,0
