symbol,Date,quote_time,ask_price,norm_ask_price,ask_size,bid_price,norm_bid_price,bid_size,last_trade_price,norm_last_trade_price,last_trade_size,mark_price,norm_mark_price,volume,Volume
SPY190722P298,2019-07-19,2019-07-19 09:30:00,0.29,1.0,100,0.28,0.9655,227,0.28,0.9655,1,0.285,0.9827,2,2
SPY190722P298,2019-07-19,2019-07-19 09:30:08,0.3,1.0344,170,0.28,0.9655,153,0.33,1.1379,1,0.29,1.0,4,2
SPY190722P298,2019-07-19,2019-07-19 09:30:08,0.3,1.0344,170,0.28,0.9655,153,0.33,1.1379,1,0.29,1.0,4,0
SPY190722P298,2019-07-19,2019-07-19 09:30:09,0.3,1.0344,185,0.28,0.9655,153,0.33,1.1379,1,0.29,1.0,4,0
SPY190722P298,2019-07-19,2019-07-19 09:30:10,0.31,1.0689,621,0.28,0.9655,153,0.33,1.1379,1,0.295,1.0172,4,0
SPY190722P298,2019-07-19,2019-07-19 09:30:10,0.3,1.0344,15,0.28,0.9655,153,0.33,1.1379,1,0.29,1.0,4,0
SPY190722P298,2019-07-19,2019-07-19 09:30:11,0.29,1.0,240,0.28,0.9655,153,0.33,1.1379,1,0.285,0.9827,4,0
SPY190722P298,2019-07-19,2019-07-19 09:30:12,0.29,1.0,240,0.28,0.9655,153,0.33,1.1379,1,0.285,0.9827,4,0
SPY190722P298,2019-07-19,2019-07-19 09:30:13,0.29,1.0,240,0.28,0.9655,153,0.33,1.1379,1,0.285,0.9827,4,0
SPY190722P298,2019-07-19,2019-07-19 09:30:14,0.29,1.0,240,0.28,0.9655,153,0.33,1.1379,1,0.285,0.9827,4,0
SPY190722P298,2019-07-19,2019-07-19 09:30:15,0.29,1.0,240,0.28,0.9655,153,0.33,1.1379,1,0.285,0.9827,4,0
SPY190722P298,2019-07-19,2019-07-19 09:30:16,0.29,1.0,240,0.28,0.9655,153,0.33,1.1379,1,0.285,0.9827,4,0
SPY190722P298,2019-07-19,2019-07-19 09:30:17,0.29,1.0,240,0.28,0.9655,153,0.33,1.1379,1,0.285,0.9827,4,0
SPY190722P298,2019-07-19,2019-07-19 09:30:18,0.3,1.0344,100,0.28,0.9655,153,0.33,1.1379,1,0.29,1.0,4,0
SPY190722P298,2019-07-19,2019-07-19 09:30:19,0.3,1.0344,100,0.28,0.9655,153,0.33,1.1379,1,0.29,1.0,4,0
SPY190722P298,2019-07-19,2019-07-19 09:30:20,0.3,1.0344,100,0.28,0.9655,153,0.33,1.1379,1,0.29,1.0,4,0
SPY190722P298,2019-07-19,2019-07-19 09:30:21,0.3,1.0344,100,0.28,0.9655,153,0.33,1.1379,1,0.29,1.0,4,0
SPY190722P298,2019-07-19,2019-07-19 09:30:22,0.3,1.0344,100,0.28,0.9655,153,0.33,1.1379,1,0.29,1.0,4,0
SPY190722P298,2019-07-19,2019-07-19 09:30:23,0.3,1.0344,100,0.28,0.9655,153,0.33,1.1379,1,0.29,1.0,4,0
SPY190722P298,2019-07-19,2019-07-19 09:30:24,0.3,1.0344,100,0.28,0.9655,153,0.33,1.1379,1,0.29,1.0,4,0
SPY190722P298,2019-07-19,2019-07-19 09:30:25,0.3,1.0344,360,0.28,0.9655,321,0.33,1.1379,1,0.29,1.0,4,0
SPY190722P298,2019-07-19,2019-07-19 09:30:26,0.31,1.0689,230,0.29,1.0,410,0.33,1.1379,1,0.3,1.0344,4,0
SPY190722P298,2019-07-19,2019-07-19 09:30:26,0.3,1.0344,350,0.29,1.0,265,0.33,1.1379,1,0.295,1.0172,4,0
SPY190722P298,2019-07-19,2019-07-19 09:30:27,0.32,1.1034,1664,0.3,1.0344,277,0.33,1.1379,1,0.31,1.0689,4,0
SPY190722P298,2019-07-19,2019-07-19 09:30:27,0.32,1.1034,80,0.3,1.0344,1827,0.33,1.1379,1,0.31,1.0689,4,0
SPY190722P298,2019-07-19,2019-07-19 09:30:28,0.31,1.0689,1076,0.3,1.0344,412,0.29,1.0,2,0.305,1.0517,11,7
SPY190722P298,2019-07-19,2019-07-19 09:30:29,0.31,1.0689,1422,0.29,1.0,1618,0.29,1.0,2,0.3,1.0344,11,0
SPY190722P298,2019-07-19,2019-07-19 09:30:29,0.31,1.0689,800,0.29,1.0,2029,0.29,1.0,2,0.3,1.0344,11,0
SPY190722P298,2019-07-19,2019-07-19 09:30:30,0.31,1.0689,954,0.29,1.0,827,0.29,1.0,2,0.3,1.0344,11,0
SPY190722P298,2019-07-19,2019-07-19 09:30:30,0.3,1.0344,383,0.29,1.0,1432,0.29,1.0,2,0.295,1.0172,11,0
SPY190722P298,2019-07-19,2019-07-19 09:30:31,0.3,1.0344,841,0.29,1.0,2306,0.29,1.0,2,0.295,1.0172,11,0
SPY190722P298,2019-07-19,2019-07-19 09:30:31,0.3,1.0344,892,0.29,1.0,827,0.29,1.0,2,0.295,1.0172,11,0
SPY190722P298,2019-07-19,2019-07-19 09:30:32,0.3,1.0344,1962,0.29,1.0,578,0.29,1.0,2,0.295,1.0172,11,0
SPY190722P298,2019-07-19,2019-07-19 09:30:32,0.3,1.0344,1789,0.29,1.0,827,0.29,1.0,2,0.295,1.0172,11,0
SPY190722P298,2019-07-19,2019-07-19 09:30:34,0.3,1.0344,1027,0.28,0.9655,216,0.29,1.0,1,0.29,1.0,12,1
SPY190722P298,2019-07-19,2019-07-19 09:30:34,0.29,1.0,410,0.28,0.9655,336,0.29,1.0,1,0.285,0.9827,12,0
SPY190722P298,2019-07-19,2019-07-19 09:30:35,0.29,1.0,280,0.28,0.9655,931,0.29,1.0,1,0.285,0.9827,12,0
SPY190722P298,2019-07-19,2019-07-19 09:30:35,0.29,1.0,1050,0.28,0.9655,295,0.29,1.0,1,0.285,0.9827,12,0
SPY190722P298,2019-07-19,2019-07-19 09:30:36,0.3,1.0344,474,0.29,1.0,217,0.29,1.0,1,0.295,1.0172,12,0
SPY190722P298,2019-07-19,2019-07-19 09:30:37,0.3,1.0344,1643,0.29,1.0,446,0.29,1.0,1,0.295,1.0172,12,0
SPY190722P298,2019-07-19,2019-07-19 09:30:37,0.3,1.0344,640,0.29,1.0,384,0.29,1.0,1,0.295,1.0172,12,0
SPY190722P298,2019-07-19,2019-07-19 09:30:38,0.3,1.0344,1951,0.29,1.0,600,0.29,1.0,1,0.295,1.0172,12,0
SPY190722P298,2019-07-19,2019-07-19 09:30:38,0.3,1.0344,1901,0.29,1.0,509,0.29,1.0,1,0.295,1.0172,12,0
SPY190722P298,2019-07-19,2019-07-19 09:30:39,0.3,1.0344,1703,0.29,1.0,594,0.29,1.0,1,0.295,1.0172,12,0
SPY190722P298,2019-07-19,2019-07-19 09:30:39,0.3,1.0344,1827,0.29,1.0,446,0.29,1.0,1,0.295,1.0172,12,0
SPY190722P298,2019-07-19,2019-07-19 09:30:40,0.3,1.0344,2046,0.29,1.0,446,0.29,1.0,2,0.295,1.0172,14,0
SPY190722P298,2019-07-19,2019-07-19 09:30:40,0.3,1.0344,2027,0.29,1.0,594,0.29,1.0,2,0.295,1.0172,14,2
SPY190722P298,2019-07-19,2019-07-19 09:30:41,0.3,1.0344,2046,0.29,1.0,517,0.29,1.0,2,0.295,1.0172,14,0
SPY190722P298,2019-07-19,2019-07-19 09:30:42,0.3,1.0344,1871,0.29,1.0,984,0.29,1.0,2,0.295,1.0172,14,0
SPY190722P298,2019-07-19,2019-07-19 09:30:42,0.3,1.0344,1871,0.29,1.0,969,0.29,1.0,2,0.295,1.0172,14,0
SPY190722P298,2019-07-19,2019-07-19 09:30:43,0.3,1.0344,2074,0.29,1.0,543,0.3,1.0344,20,0.295,1.0172,34,20
SPY190722P298,2019-07-19,2019-07-19 09:30:43,0.3,1.0344,2074,0.29,1.0,543,0.29,1.0,2,0.295,1.0172,14,0
SPY190722P298,2019-07-19,2019-07-19 09:30:44,0.3,1.0344,2074,0.29,1.0,543,0.3,1.0344,20,0.295,1.0172,34,0
SPY190722P298,2019-07-19,2019-07-19 09:30:44,0.29,1.0,5,0.28,0.9655,2535,0.3,1.0344,20,0.285,0.9827,34,0
SPY190722P298,2019-07-19,2019-07-19 09:30:45,0.29,1.0,280,0.28,0.9655,2638,0.3,1.0344,20,0.285,0.9827,34,0
SPY190722P298,2019-07-19,2019-07-19 09:30:46,0.29,1.0,187,0.28,0.9655,3371,0.3,1.0344,20,0.285,0.9827,34,0
SPY190722P298,2019-07-19,2019-07-19 09:30:46,0.29,1.0,5,0.28,0.9655,3323,0.3,1.0344,20,0.285,0.9827,34,0
SPY190722P298,2019-07-19,2019-07-19 09:30:47,0.29,1.0,5,0.28,0.9655,2583,0.3,1.0344,20,0.285,0.9827,34,0
SPY190722P298,2019-07-19,2019-07-19 09:30:47,0.29,1.0,280,0.28,0.9655,2544,0.3,1.0344,20,0.285,0.9827,34,0
SPY190722P298,2019-07-19,2019-07-19 09:30:48,0.3,1.0344,2047,0.29,1.0,209,0.3,1.0344,20,0.295,1.0172,34,0
SPY190722P298,2019-07-19,2019-07-19 09:30:48,0.3,1.0344,2047,0.29,1.0,279,0.3,1.0344,20,0.295,1.0172,34,0
SPY190722P298,2019-07-19,2019-07-19 09:30:49,0.3,1.0344,2197,0.29,1.0,209,0.3,1.0344,20,0.295,1.0172,34,0
SPY190722P298,2019-07-19,2019-07-19 09:30:50,0.3,1.0344,2211,0.29,1.0,193,0.3,1.0344,20,0.295,1.0172,34,0
SPY190722P298,2019-07-19,2019-07-19 09:30:51,0.29,1.0,170,0.28,0.9655,2158,0.3,1.0344,20,0.285,0.9827,34,0
SPY190722P298,2019-07-19,2019-07-19 09:30:51,0.3,1.0344,1617,0.28,0.9655,2072,0.3,1.0344,20,0.29,1.0,34,0
SPY190722P298,2019-07-19,2019-07-19 09:30:52,0.3,1.0344,662,0.28,0.9655,1960,0.3,1.0344,20,0.29,1.0,34,0
SPY190722P298,2019-07-19,2019-07-19 09:30:53,0.3,1.0344,662,0.28,0.9655,2072,0.3,1.0344,20,0.29,1.0,34,0
SPY190722P298,2019-07-19,2019-07-19 09:30:53,0.29,1.0,5,0.28,0.9655,2870,0.3,1.0344,20,0.285,0.9827,34,0
SPY190722P298,2019-07-19,2019-07-19 09:30:54,0.29,1.0,5,0.28,0.9655,2408,0.3,1.0344,20,0.285,0.9827,34,0
SPY190722P298,2019-07-19,2019-07-19 09:30:54,0.29,1.0,5,0.28,0.9655,2822,0.3,1.0344,20,0.285,0.9827,34,0
SPY190722P298,2019-07-19,2019-07-19 09:30:55,0.29,1.0,5,0.28,0.9655,3225,0.3,1.0344,20,0.285,0.9827,34,0
SPY190722P298,2019-07-19,2019-07-19 09:30:55,0.29,1.0,5,0.28,0.9655,2822,0.3,1.0344,20,0.285,0.9827,34,0
SPY190722P298,2019-07-19,2019-07-19 09:30:56,0.29,1.0,5,0.28,0.9655,2270,0.3,1.0344,20,0.285,0.9827,34,0
SPY190722P298,2019-07-19,2019-07-19 09:30:56,0.29,1.0,5,0.28,0.9655,2158,0.3,1.0344,20,0.285,0.9827,34,0
SPY190722P298,2019-07-19,2019-07-19 09:30:57,0.29,1.0,5,0.28,0.9655,3266,0.3,1.0344,20,0.285,0.9827,34,0
SPY190722P298,2019-07-19,2019-07-19 09:30:58,0.3,1.0344,1605,0.29,1.0,1039,0.3,1.0344,20,0.295,1.0172,34,0
SPY190722P298,2019-07-19,2019-07-19 09:30:58,0.3,1.0344,1273,0.29,1.0,361,0.3,1.0344,20,0.295,1.0172,34,0
SPY190722P298,2019-07-19,2019-07-19 09:30:59,0.3,1.0344,1,0.29,1.0,963,0.3,1.0344,20,0.295,1.0172,34,0
SPY190722P298,2019-07-19,2019-07-19 09:30:59,0.3,1.0344,5,0.29,1.0,1200,0.3,1.0344,20,0.295,1.0172,34,0
SPY190722P298,2019-07-19,2019-07-19 09:31:00,0.3,1.0344,100,0.29,1.0,1398,0.3,1.0344,20,0.295,1.0172,34,0
SPY190722P298,2019-07-19,2019-07-19 09:31:00,0.3,1.0344,280,0.29,1.0,1398,0.3,1.0344,20,0.295,1.0172,34,0
SPY190722P298,2019-07-19,2019-07-19 09:31:01,0.3,1.0344,280,0.29,1.0,1200,0.3,1.0344,20,0.295,1.0172,34,0
SPY190722P298,2019-07-19,2019-07-19 09:31:02,0.3,1.0344,280,0.29,1.0,1554,0.3,1.0344,5,0.295,1.0172,39,5
SPY190722P298,2019-07-19,2019-07-19 09:31:02,0.3,1.0344,110,0.29,1.0,1554,0.3,1.0344,5,0.295,1.0172,39,0
SPY190722P298,2019-07-19,2019-07-19 09:31:03,0.3,1.0344,110,0.29,1.0,1692,0.3,1.0344,5,0.295,1.0172,39,0
SPY190722P298,2019-07-19,2019-07-19 09:31:04,0.3,1.0344,5,0.29,1.0,1490,0.3,1.0344,5,0.295,1.0172,39,0
SPY190722P298,2019-07-19,2019-07-19 09:31:05,0.3,1.0344,5,0.29,1.0,2042,0.3,1.0344,5,0.295,1.0172,39,0
SPY190722P298,2019-07-19,2019-07-19 09:31:05,0.3,1.0344,5,0.29,1.0,1892,0.3,1.0344,5,0.295,1.0172,39,0
SPY190722P298,2019-07-19,2019-07-19 09:31:06,0.3,1.0344,5,0.29,1.0,2004,0.3,1.0344,5,0.295,1.0172,39,0
SPY190722P298,2019-07-19,2019-07-19 09:31:06,0.3,1.0344,1,0.29,1.0,1824,0.3,1.0344,5,0.295,1.0172,39,0
SPY190722P298,2019-07-19,2019-07-19 09:31:07,0.31,1.0689,90,0.3,1.0344,368,0.3,1.0344,1,0.305,1.0517,40,1
SPY190722P298,2019-07-19,2019-07-19 09:31:08,0.31,1.0689,90,0.3,1.0344,556,0.3,1.0344,1,0.305,1.0517,40,0
SPY190722P298,2019-07-19,2019-07-19 09:31:08,0.31,1.0689,100,0.3,1.0344,528,0.3,1.0344,1,0.305,1.0517,40,0
SPY190722P298,2019-07-19,2019-07-19 09:31:09,0.31,1.0689,205,0.3,1.0344,766,0.3,1.0344,10,0.305,1.0517,50,0
SPY190722P298,2019-07-19,2019-07-19 09:31:09,0.31,1.0689,205,0.3,1.0344,830,0.3,1.0344,10,0.305,1.0517,50,10
SPY190722P298,2019-07-19,2019-07-19 09:31:10,0.31,1.0689,400,0.3,1.0344,732,0.3,1.0344,10,0.305,1.0517,50,0
SPY190722P298,2019-07-19,2019-07-19 09:31:11,0.31,1.0689,400,0.3,1.0344,732,0.3,1.0344,10,0.305,1.0517,50,0
SPY190722P298,2019-07-19,2019-07-19 09:31:11,0.31,1.0689,370,0.3,1.0344,1133,0.3,1.0344,10,0.305,1.0517,50,0
SPY190722P298,2019-07-19,2019-07-19 09:31:12,0.31,1.0689,280,0.3,1.0344,2127,0.3,1.0344,10,0.305,1.0517,50,0
SPY190722P298,2019-07-19,2019-07-19 09:31:12,0.31,1.0689,370,0.3,1.0344,1146,0.3,1.0344,10,0.305,1.0517,50,0
SPY190722P298,2019-07-19,2019-07-19 09:31:13,0.31,1.0689,80,0.3,1.0344,357,0.3,1.0344,10,0.305,1.0517,50,0
SPY190722P298,2019-07-19,2019-07-19 09:31:14,0.31,1.0689,400,0.3,1.0344,881,0.31,1.0689,5,0.305,1.0517,55,5
SPY190722P298,2019-07-19,2019-07-19 09:31:15,0.31,1.0689,370,0.3,1.0344,714,0.31,1.0689,5,0.305,1.0517,55,0
SPY190722P298,2019-07-19,2019-07-19 09:31:15,0.31,1.0689,400,0.3,1.0344,882,0.31,1.0689,5,0.305,1.0517,55,0
SPY190722P298,2019-07-19,2019-07-19 09:31:16,0.31,1.0689,378,0.3,1.0344,714,0.31,1.0689,5,0.305,1.0517,55,0
SPY190722P298,2019-07-19,2019-07-19 09:31:17,0.31,1.0689,378,0.3,1.0344,714,0.31,1.0689,5,0.305,1.0517,55,0
SPY190722P298,2019-07-19,2019-07-19 09:31:18,0.31,1.0689,850,0.3,1.0344,714,0.31,1.0689,5,0.305,1.0517,55,0
SPY190722P298,2019-07-19,2019-07-19 09:31:18,0.31,1.0689,850,0.3,1.0344,794,0.31,1.0689,5,0.305,1.0517,55,0
SPY190722P298,2019-07-19,2019-07-19 09:31:19,0.31,1.0689,1334,0.3,1.0344,797,0.31,1.0689,5,0.305,1.0517,55,0
SPY190722P298,2019-07-19,2019-07-19 09:31:20,0.31,1.0689,1289,0.3,1.0344,527,0.31,1.0689,5,0.305,1.0517,55,0
SPY190722P298,2019-07-19,2019-07-19 09:31:21,0.31,1.0689,1151,0.3,1.0344,527,0.31,1.0689,5,0.305,1.0517,55,0
SPY190722P298,2019-07-19,2019-07-19 09:31:21,0.31,1.0689,1709,0.3,1.0344,527,0.31,1.0689,5,0.305,1.0517,55,0
SPY190722P298,2019-07-19,2019-07-19 09:31:22,0.31,1.0689,1465,0.3,1.0344,527,0.31,1.0689,5,0.305,1.0517,55,0
SPY190722P298,2019-07-19,2019-07-19 09:31:22,0.31,1.0689,2139,0.3,1.0344,527,0.31,1.0689,5,0.305,1.0517,55,0
SPY190722P298,2019-07-19,2019-07-19 09:31:23,0.31,1.0689,1446,0.3,1.0344,527,0.31,1.0689,5,0.305,1.0517,55,0
SPY190722P298,2019-07-19,2019-07-19 09:31:23,0.31,1.0689,1457,0.3,1.0344,527,0.31,1.0689,5,0.305,1.0517,55,0
SPY190722P298,2019-07-19,2019-07-19 09:31:24,0.31,1.0689,879,0.3,1.0344,726,0.31,1.0689,5,0.305,1.0517,55,0
SPY190722P298,2019-07-19,2019-07-19 09:31:25,0.31,1.0689,1080,0.3,1.0344,1037,0.31,1.0689,5,0.305,1.0517,55,0
SPY190722P298,2019-07-19,2019-07-19 09:31:25,0.31,1.0689,1080,0.3,1.0344,894,0.31,1.0689,5,0.305,1.0517,55,0
SPY190722P298,2019-07-19,2019-07-19 09:31:26,0.31,1.0689,1138,0.3,1.0344,1047,0.31,1.0689,5,0.305,1.0517,55,0
SPY190722P298,2019-07-19,2019-07-19 09:31:27,0.31,1.0689,770,0.3,1.0344,539,0.31,1.0689,5,0.305,1.0517,55,0
SPY190722P298,2019-07-19,2019-07-19 09:31:27,0.31,1.0689,1413,0.3,1.0344,539,0.3,1.0344,10,0.305,1.0517,65,10
SPY190722P298,2019-07-19,2019-07-19 09:31:28,0.31,1.0689,1764,0.3,1.0344,539,0.31,1.0689,1,0.305,1.0517,66,1
SPY190722P298,2019-07-19,2019-07-19 09:31:29,0.31,1.0689,1413,0.3,1.0344,539,0.31,1.0689,1,0.305,1.0517,66,0
SPY190722P298,2019-07-19,2019-07-19 09:31:30,0.31,1.0689,940,0.3,1.0344,791,0.31,1.0689,1,0.305,1.0517,66,0
SPY190722P298,2019-07-19,2019-07-19 09:31:31,0.31,1.0689,760,0.3,1.0344,791,0.31,1.0689,1,0.305,1.0517,66,0
SPY190722P298,2019-07-19,2019-07-19 09:31:31,0.31,1.0689,1281,0.3,1.0344,791,0.31,1.0689,1,0.305,1.0517,66,0
SPY190722P298,2019-07-19,2019-07-19 09:31:32,0.31,1.0689,1295,0.3,1.0344,794,0.31,1.0689,1,0.305,1.0517,67,0
SPY190722P298,2019-07-19,2019-07-19 09:31:32,0.31,1.0689,1295,0.3,1.0344,906,0.31,1.0689,1,0.305,1.0517,67,1
SPY190722P298,2019-07-19,2019-07-19 09:31:33,0.31,1.0689,907,0.3,1.0344,651,0.31,1.0689,1,0.305,1.0517,67,0
SPY190722P298,2019-07-19,2019-07-19 09:31:34,0.31,1.0689,495,0.3,1.0344,962,0.31,1.0689,1,0.305,1.0517,67,0
SPY190722P298,2019-07-19,2019-07-19 09:31:34,0.31,1.0689,760,0.3,1.0344,379,0.31,1.0689,1,0.305,1.0517,67,0
SPY190722P298,2019-07-19,2019-07-19 09:31:35,0.31,1.0689,495,0.3,1.0344,477,0.3,1.0344,2,0.305,1.0517,71,0
SPY190722P298,2019-07-19,2019-07-19 09:31:35,0.31,1.0689,1296,0.3,1.0344,375,0.3,1.0344,2,0.305,1.0517,71,4
SPY190722P298,2019-07-19,2019-07-19 09:31:36,0.31,1.0689,803,0.3,1.0344,1121,0.3,1.0344,2,0.305,1.0517,71,0
SPY190722P298,2019-07-19,2019-07-19 09:31:36,0.31,1.0689,760,0.3,1.0344,502,0.3,1.0344,2,0.305,1.0517,71,0
SPY190722P298,2019-07-19,2019-07-19 09:31:37,0.31,1.0689,1335,0.3,1.0344,502,0.3,1.0344,2,0.305,1.0517,71,0
SPY190722P298,2019-07-19,2019-07-19 09:31:37,0.31,1.0689,1335,0.3,1.0344,233,0.3,1.0344,2,0.305,1.0517,71,0
SPY190722P298,2019-07-19,2019-07-19 09:31:38,0.31,1.0689,1335,0.3,1.0344,340,0.3,1.0344,2,0.305,1.0517,71,0
SPY190722P298,2019-07-19,2019-07-19 09:31:39,0.31,1.0689,1325,0.3,1.0344,857,0.3,1.0344,2,0.305,1.0517,71,0
SPY190722P298,2019-07-19,2019-07-19 09:31:40,0.31,1.0689,1325,0.3,1.0344,857,0.3,1.0344,2,0.305,1.0517,71,0
SPY190722P298,2019-07-19,2019-07-19 09:31:41,0.31,1.0689,1325,0.3,1.0344,689,0.3,1.0344,2,0.305,1.0517,71,0
SPY190722P298,2019-07-19,2019-07-19 09:31:41,0.31,1.0689,1325,0.3,1.0344,857,0.3,1.0344,2,0.305,1.0517,71,0
SPY190722P298,2019-07-19,2019-07-19 09:31:42,0.31,1.0689,907,0.3,1.0344,639,0.3,1.0344,2,0.305,1.0517,71,0
SPY190722P298,2019-07-19,2019-07-19 09:31:42,0.31,1.0689,1654,0.3,1.0344,393,0.3,1.0344,2,0.305,1.0517,71,0
SPY190722P298,2019-07-19,2019-07-19 09:31:43,0.31,1.0689,1022,0.3,1.0344,916,0.3,1.0344,2,0.305,1.0517,71,0
SPY190722P298,2019-07-19,2019-07-19 09:31:44,0.31,1.0689,1022,0.3,1.0344,916,0.3,1.0344,2,0.305,1.0517,71,0
SPY190722P298,2019-07-19,2019-07-19 09:31:45,0.31,1.0689,1022,0.3,1.0344,762,0.3,1.0344,2,0.305,1.0517,71,0
SPY190722P298,2019-07-19,2019-07-19 09:31:45,0.31,1.0689,907,0.3,1.0344,659,0.3,1.0344,2,0.305,1.0517,71,0
SPY190722P298,2019-07-19,2019-07-19 09:31:46,0.31,1.0689,997,0.3,1.0344,659,0.3,1.0344,2,0.305,1.0517,71,0
SPY190722P298,2019-07-19,2019-07-19 09:31:47,0.31,1.0689,1232,0.3,1.0344,659,0.3,1.0344,2,0.305,1.0517,71,0
SPY190722P298,2019-07-19,2019-07-19 09:31:48,0.31,1.0689,1232,0.3,1.0344,1085,0.3,1.0344,2,0.305,1.0517,71,0
SPY190722P298,2019-07-19,2019-07-19 09:31:48,0.31,1.0689,1232,0.3,1.0344,818,0.3,1.0344,2,0.305,1.0517,71,0
SPY190722P298,2019-07-19,2019-07-19 09:31:49,0.31,1.0689,1232,0.3,1.0344,1137,0.3,1.0344,2,0.305,1.0517,71,0
SPY190722P298,2019-07-19,2019-07-19 09:31:49,0.31,1.0689,987,0.3,1.0344,1137,0.3,1.0344,2,0.305,1.0517,71,0
SPY190722P298,2019-07-19,2019-07-19 09:31:50,0.31,1.0689,1337,0.3,1.0344,1289,0.3,1.0344,2,0.305,1.0517,71,0
SPY190722P298,2019-07-19,2019-07-19 09:31:50,0.31,1.0689,1337,0.3,1.0344,1403,0.3,1.0344,2,0.305,1.0517,71,0
SPY190722P298,2019-07-19,2019-07-19 09:31:51,0.31,1.0689,1337,0.3,1.0344,1403,0.3,1.0344,2,0.305,1.0517,71,0
SPY190722P298,2019-07-19,2019-07-19 09:31:52,0.31,1.0689,1337,0.3,1.0344,1403,0.3,1.0344,2,0.305,1.0517,71,0
SPY190722P298,2019-07-19,2019-07-19 09:31:52,0.31,1.0689,1337,0.3,1.0344,888,0.3,1.0344,2,0.305,1.0517,71,0
SPY190722P298,2019-07-19,2019-07-19 09:31:53,0.31,1.0689,1337,0.3,1.0344,1303,0.3,1.0344,2,0.305,1.0517,71,0
SPY190722P298,2019-07-19,2019-07-19 09:31:53,0.31,1.0689,1057,0.3,1.0344,835,0.3,1.0344,2,0.305,1.0517,71,0
SPY190722P298,2019-07-19,2019-07-19 09:31:54,0.31,1.0689,1339,0.3,1.0344,1147,0.3,1.0344,2,0.305,1.0517,71,0
SPY190722P298,2019-07-19,2019-07-19 09:31:54,0.31,1.0689,1361,0.3,1.0344,835,0.3,1.0344,2,0.305,1.0517,71,0
SPY190722P298,2019-07-19,2019-07-19 09:31:55,0.31,1.0689,99,0.3,1.0344,2489,0.3,1.0344,2,0.305,1.0517,71,0
SPY190722P298,2019-07-19,2019-07-19 09:31:55,0.31,1.0689,1290,0.3,1.0344,1147,0.3,1.0344,2,0.305,1.0517,71,0
SPY190722P298,2019-07-19,2019-07-19 09:31:56,0.31,1.0689,166,0.3,1.0344,2489,0.3,1.0344,2,0.305,1.0517,71,0
SPY190722P298,2019-07-19,2019-07-19 09:31:56,0.31,1.0689,304,0.3,1.0344,1529,0.3,1.0344,2,0.305,1.0517,71,0
SPY190722P298,2019-07-19,2019-07-19 09:31:57,0.31,1.0689,1084,0.3,1.0344,146,0.3,1.0344,2,0.305,1.0517,71,0
SPY190722P298,2019-07-19,2019-07-19 09:31:58,0.31,1.0689,1317,0.3,1.0344,146,0.3,1.0344,2,0.305,1.0517,71,0
SPY190722P298,2019-07-19,2019-07-19 09:31:58,0.31,1.0689,1546,0.3,1.0344,137,0.3,1.0344,2,0.305,1.0517,71,0
SPY190722P298,2019-07-19,2019-07-19 09:31:59,0.3,1.0344,5,0.3,1.0344,1,0.3,1.0344,1,0.3,1.0344,73,2
SPY190722P298,2019-07-19,2019-07-19 09:31:59,0.31,1.0689,1546,0.3,1.0344,70,0.3,1.0344,2,0.305,1.0517,71,0
SPY190722P298,2019-07-19,2019-07-19 09:32:00,0.3,1.0344,5,0.29,1.0,3209,0.3,1.0344,2,0.295,1.0172,75,2
SPY190722P298,2019-07-19,2019-07-19 09:32:00,0.3,1.0344,5,0.29,1.0,3209,0.3,1.0344,2,0.295,1.0172,75,0
SPY190722P298,2019-07-19,2019-07-19 09:32:01,0.31,1.0689,304,0.3,1.0344,953,0.3,1.0344,2,0.305,1.0517,75,0
SPY190722P298,2019-07-19,2019-07-19 09:32:01,0.31,1.0689,221,0.3,1.0344,742,0.3,1.0344,2,0.305,1.0517,75,0
SPY190722P298,2019-07-19,2019-07-19 09:32:02,0.31,1.0689,417,0.3,1.0344,807,0.3,1.0344,2,0.305,1.0517,75,0
SPY190722P298,2019-07-19,2019-07-19 09:32:03,0.31,1.0689,417,0.3,1.0344,1170,0.3,1.0344,2,0.305,1.0517,75,0
SPY190722P298,2019-07-19,2019-07-19 09:32:03,0.31,1.0689,417,0.3,1.0344,807,0.3,1.0344,2,0.305,1.0517,75,0
SPY190722P298,2019-07-19,2019-07-19 09:32:04,0.31,1.0689,417,0.3,1.0344,1170,0.3,1.0344,2,0.305,1.0517,75,0
SPY190722P298,2019-07-19,2019-07-19 09:32:05,0.31,1.0689,396,0.3,1.0344,1485,0.3,1.0344,2,0.305,1.0517,75,0
SPY190722P298,2019-07-19,2019-07-19 09:32:05,0.31,1.0689,417,0.3,1.0344,858,0.3,1.0344,2,0.305,1.0517,75,0
SPY190722P298,2019-07-19,2019-07-19 09:32:06,0.31,1.0689,410,0.3,1.0344,1641,0.3,1.0344,2,0.305,1.0517,75,0
SPY190722P298,2019-07-19,2019-07-19 09:32:07,0.31,1.0689,274,0.3,1.0344,1780,0.3,1.0344,2,0.305,1.0517,75,0
SPY190722P298,2019-07-19,2019-07-19 09:32:07,0.31,1.0689,280,0.3,1.0344,2193,0.3,1.0344,2,0.305,1.0517,75,0
SPY190722P298,2019-07-19,2019-07-19 09:32:08,0.31,1.0689,274,0.3,1.0344,1780,0.3,1.0344,2,0.305,1.0517,75,0
SPY190722P298,2019-07-19,2019-07-19 09:32:08,0.32,1.1034,5,0.3,1.0344,1611,0.3,1.0344,2,0.31,1.0689,75,0
SPY190722P298,2019-07-19,2019-07-19 09:32:09,0.32,1.1034,446,0.31,1.0689,372,0.3,1.0344,2,0.315,1.0862,75,0
SPY190722P298,2019-07-19,2019-07-19 09:32:10,0.32,1.1034,5,0.31,1.0689,330,0.3,1.0344,2,0.315,1.0862,75,0
SPY190722P298,2019-07-19,2019-07-19 09:32:10,0.32,1.1034,51,0.31,1.0689,561,0.3,1.0344,2,0.315,1.0862,75,0
SPY190722P298,2019-07-19,2019-07-19 09:32:11,0.32,1.1034,139,0.31,1.0689,1250,0.3,1.0344,2,0.315,1.0862,75,0
SPY190722P298,2019-07-19,2019-07-19 09:32:11,0.32,1.1034,210,0.31,1.0689,429,0.3,1.0344,2,0.315,1.0862,75,0
SPY190722P298,2019-07-19,2019-07-19 09:32:12,0.32,1.1034,139,0.31,1.0689,1165,0.3,1.0344,2,0.315,1.0862,75,0
SPY190722P298,2019-07-19,2019-07-19 09:32:13,0.32,1.1034,139,0.31,1.0689,1165,0.3,1.0344,2,0.315,1.0862,75,0
SPY190722P298,2019-07-19,2019-07-19 09:32:13,0.32,1.1034,114,0.31,1.0689,1165,0.3,1.0344,2,0.315,1.0862,75,0
SPY190722P298,2019-07-19,2019-07-19 09:32:14,0.32,1.1034,114,0.31,1.0689,1717,0.32,1.1034,2,0.315,1.0862,77,2
SPY190722P298,2019-07-19,2019-07-19 09:32:15,0.32,1.1034,114,0.31,1.0689,1717,0.32,1.1034,2,0.315,1.0862,77,0
SPY190722P298,2019-07-19,2019-07-19 09:32:16,0.32,1.1034,114,0.31,1.0689,1717,0.32,1.1034,2,0.315,1.0862,77,0
SPY190722P298,2019-07-19,2019-07-19 09:32:17,0.32,1.1034,114,0.31,1.0689,1600,0.32,1.1034,2,0.315,1.0862,77,0
SPY190722P298,2019-07-19,2019-07-19 09:32:18,0.32,1.1034,114,0.31,1.0689,1600,0.32,1.1034,2,0.315,1.0862,77,0
SPY190722P298,2019-07-19,2019-07-19 09:32:18,0.32,1.1034,114,0.31,1.0689,2072,0.32,1.1034,2,0.315,1.0862,77,0
SPY190722P298,2019-07-19,2019-07-19 09:32:20,0.32,1.1034,114,0.31,1.0689,1467,0.32,1.1034,2,0.315,1.0862,77,0
SPY190722P298,2019-07-19,2019-07-19 09:32:20,0.32,1.1034,114,0.31,1.0689,2037,0.32,1.1034,2,0.315,1.0862,77,0
SPY190722P298,2019-07-19,2019-07-19 09:32:21,0.32,1.1034,71,0.31,1.0689,1467,0.32,1.1034,2,0.315,1.0862,77,0
SPY190722P298,2019-07-19,2019-07-19 09:32:21,0.33,1.1379,30,0.31,1.0689,1798,0.32,1.1034,2,0.32,1.1034,77,0
SPY190722P298,2019-07-19,2019-07-19 09:32:22,0.33,1.1379,30,0.31,1.0689,2934,0.32,1.1034,2,0.32,1.1034,77,0
SPY190722P298,2019-07-19,2019-07-19 09:32:23,0.33,1.1379,30,0.31,1.0689,3287,0.32,1.1034,2,0.32,1.1034,77,0
SPY190722P298,2019-07-19,2019-07-19 09:32:24,0.33,1.1379,30,0.31,1.0689,3287,0.32,1.1034,2,0.32,1.1034,77,0
SPY190722P298,2019-07-19,2019-07-19 09:32:25,0.33,1.1379,30,0.31,1.0689,3300,0.32,1.1034,10,0.32,1.1034,87,10
SPY190722P298,2019-07-19,2019-07-19 09:32:25,0.33,1.1379,30,0.31,1.0689,3287,0.32,1.1034,2,0.32,1.1034,77,0
SPY190722P298,2019-07-19,2019-07-19 09:32:26,0.33,1.1379,400,0.31,1.0689,3123,0.32,1.1034,10,0.32,1.1034,87,0
SPY190722P298,2019-07-19,2019-07-19 09:32:27,0.32,1.1034,5,0.31,1.0689,1424,0.32,1.1034,10,0.315,1.0862,87,0
SPY190722P298,2019-07-19,2019-07-19 09:32:28,0.32,1.1034,37,0.31,1.0689,2670,0.32,1.1034,10,0.315,1.0862,87,0
SPY190722P298,2019-07-19,2019-07-19 09:32:28,0.32,1.1034,37,0.31,1.0689,2341,0.32,1.1034,10,0.315,1.0862,87,0
SPY190722P298,2019-07-19,2019-07-19 09:32:29,0.32,1.1034,285,0.31,1.0689,1705,0.32,1.1034,1,0.315,1.0862,88,1
SPY190722P298,2019-07-19,2019-07-19 09:32:29,0.32,1.1034,27,0.31,1.0689,2727,0.32,1.1034,1,0.315,1.0862,88,0
SPY190722P298,2019-07-19,2019-07-19 09:32:30,0.32,1.1034,279,0.31,1.0689,2727,0.32,1.1034,1,0.315,1.0862,88,0
SPY190722P298,2019-07-19,2019-07-19 09:32:31,0.32,1.1034,279,0.31,1.0689,2975,0.32,1.1034,1,0.315,1.0862,88,0
SPY190722P298,2019-07-19,2019-07-19 09:32:31,0.32,1.1034,279,0.31,1.0689,3145,0.32,1.1034,1,0.315,1.0862,88,0
SPY190722P298,2019-07-19,2019-07-19 09:32:32,0.32,1.1034,279,0.31,1.0689,2975,0.32,1.1034,1,0.315,1.0862,88,0
SPY190722P298,2019-07-19,2019-07-19 09:32:32,0.32,1.1034,279,0.31,1.0689,2974,0.32,1.1034,1,0.315,1.0862,88,0
SPY190722P298,2019-07-19,2019-07-19 09:32:33,0.32,1.1034,279,0.31,1.0689,3021,0.32,1.1034,1,0.315,1.0862,88,0
SPY190722P298,2019-07-19,2019-07-19 09:32:34,0.32,1.1034,303,0.31,1.0689,1958,0.32,1.1034,1,0.315,1.0862,88,0
SPY190722P298,2019-07-19,2019-07-19 09:32:35,0.32,1.1034,280,0.31,1.0689,1259,0.32,1.1034,1,0.315,1.0862,88,0
SPY190722P298,2019-07-19,2019-07-19 09:32:35,0.32,1.1034,280,0.31,1.0689,1309,0.32,1.1034,1,0.315,1.0862,88,0
SPY190722P298,2019-07-19,2019-07-19 09:32:36,0.32,1.1034,280,0.31,1.0689,1616,0.32,1.1034,1,0.315,1.0862,88,0
SPY190722P298,2019-07-19,2019-07-19 09:32:37,0.32,1.1034,280,0.31,1.0689,1700,0.32,1.1034,1,0.315,1.0862,88,0
SPY190722P298,2019-07-19,2019-07-19 09:32:38,0.32,1.1034,280,0.31,1.0689,1807,0.32,1.1034,1,0.315,1.0862,88,0
SPY190722P298,2019-07-19,2019-07-19 09:32:39,0.32,1.1034,280,0.31,1.0689,1149,0.32,1.1034,1,0.315,1.0862,88,0
SPY190722P298,2019-07-19,2019-07-19 09:32:39,0.32,1.1034,280,0.31,1.0689,1343,0.32,1.1034,1,0.315,1.0862,88,0
SPY190722P298,2019-07-19,2019-07-19 09:32:40,0.32,1.1034,370,0.31,1.0689,1149,0.32,1.1034,1,0.315,1.0862,88,0
SPY190722P298,2019-07-19,2019-07-19 09:32:40,0.32,1.1034,370,0.31,1.0689,1262,0.32,1.1034,1,0.315,1.0862,88,0
SPY190722P298,2019-07-19,2019-07-19 09:32:41,0.32,1.1034,146,0.31,1.0689,447,0.32,1.1034,12,0.315,1.0862,100,12
SPY190722P298,2019-07-19,2019-07-19 09:32:41,0.32,1.1034,370,0.31,1.0689,1066,0.32,1.1034,1,0.315,1.0862,88,0
SPY190722P298,2019-07-19,2019-07-19 09:32:42,0.31,1.0689,6,0.3,1.0344,2293,0.32,1.1034,12,0.305,1.0517,100,0
SPY190722P298,2019-07-19,2019-07-19 09:32:43,0.31,1.0689,5,0.31,1.0689,77,0.32,1.1034,12,0.31,1.0689,100,0
SPY190722P298,2019-07-19,2019-07-19 09:32:43,0.31,1.0689,5,0.31,1.0689,50,0.32,1.1034,12,0.31,1.0689,100,0
SPY190722P298,2019-07-19,2019-07-19 09:32:44,0.32,1.1034,285,0.31,1.0689,728,0.32,1.1034,12,0.315,1.0862,100,0
SPY190722P298,2019-07-19,2019-07-19 09:32:44,0.32,1.1034,285,0.31,1.0689,778,0.32,1.1034,12,0.315,1.0862,100,0
SPY190722P298,2019-07-19,2019-07-19 09:32:45,0.32,1.1034,285,0.31,1.0689,931,0.32,1.1034,12,0.315,1.0862,100,0
SPY190722P298,2019-07-19,2019-07-19 09:32:45,0.32,1.1034,40,0.31,1.0689,2629,0.32,1.1034,12,0.315,1.0862,100,0
SPY190722P298,2019-07-19,2019-07-19 09:32:46,0.32,1.1034,279,0.31,1.0689,2618,0.32,1.1034,12,0.315,1.0862,100,0
SPY190722P298,2019-07-19,2019-07-19 09:32:46,0.32,1.1034,279,0.31,1.0689,2541,0.32,1.1034,12,0.315,1.0862,100,0
SPY190722P298,2019-07-19,2019-07-19 09:32:47,0.32,1.1034,261,0.31,1.0689,2316,0.32,1.1034,12,0.315,1.0862,100,0
SPY190722P298,2019-07-19,2019-07-19 09:32:48,0.32,1.1034,279,0.31,1.0689,1053,0.31,1.0689,35,0.315,1.0862,135,35
SPY190722P298,2019-07-19,2019-07-19 09:32:48,0.32,1.1034,279,0.31,1.0689,1053,0.31,1.0689,35,0.315,1.0862,135,0
SPY190722P298,2019-07-19,2019-07-19 09:32:49,0.32,1.1034,67,0.31,1.0689,2941,0.31,1.0689,35,0.315,1.0862,135,0
SPY190722P298,2019-07-19,2019-07-19 09:32:49,0.32,1.1034,279,0.31,1.0689,831,0.31,1.0689,35,0.315,1.0862,135,0
SPY190722P298,2019-07-19,2019-07-19 09:32:50,0.32,1.1034,279,0.31,1.0689,871,0.31,1.0689,35,0.315,1.0862,135,0
SPY190722P298,2019-07-19,2019-07-19 09:32:51,0.32,1.1034,7,0.31,1.0689,1250,0.31,1.0689,35,0.315,1.0862,135,0
SPY190722P298,2019-07-19,2019-07-19 09:32:52,0.32,1.1034,116,0.31,1.0689,1415,0.31,1.0689,35,0.315,1.0862,135,0
SPY190722P298,2019-07-19,2019-07-19 09:32:52,0.32,1.1034,320,0.31,1.0689,853,0.31,1.0689,35,0.315,1.0862,135,0
SPY190722P298,2019-07-19,2019-07-19 09:32:53,0.32,1.1034,116,0.31,1.0689,2340,0.31,1.0689,35,0.315,1.0862,135,0
SPY190722P298,2019-07-19,2019-07-19 09:32:53,0.32,1.1034,375,0.31,1.0689,780,0.31,1.0689,35,0.315,1.0862,135,0
SPY190722P298,2019-07-19,2019-07-19 09:32:54,0.32,1.1034,375,0.31,1.0689,780,0.31,1.0689,35,0.315,1.0862,135,0
SPY190722P298,2019-07-19,2019-07-19 09:32:54,0.32,1.1034,375,0.31,1.0689,781,0.31,1.0689,35,0.315,1.0862,135,0
SPY190722P298,2019-07-19,2019-07-19 09:32:55,0.32,1.1034,375,0.31,1.0689,993,0.31,1.0689,35,0.315,1.0862,135,0
SPY190722P298,2019-07-19,2019-07-19 09:32:56,0.32,1.1034,100,0.31,1.0689,980,0.31,1.0689,35,0.315,1.0862,135,0
SPY190722P298,2019-07-19,2019-07-19 09:32:56,0.32,1.1034,375,0.31,1.0689,1181,0.31,1.0689,35,0.315,1.0862,135,0
SPY190722P298,2019-07-19,2019-07-19 09:32:57,0.32,1.1034,100,0.31,1.0689,2872,0.31,1.0689,35,0.315,1.0862,135,0
SPY190722P298,2019-07-19,2019-07-19 09:32:57,0.32,1.1034,100,0.31,1.0689,2932,0.31,1.0689,35,0.315,1.0862,135,0
SPY190722P298,2019-07-19,2019-07-19 09:32:58,0.32,1.1034,100,0.31,1.0689,2952,0.31,1.0689,35,0.315,1.0862,135,0
SPY190722P298,2019-07-19,2019-07-19 09:32:58,0.32,1.1034,100,0.31,1.0689,2905,0.31,1.0689,35,0.315,1.0862,135,0
SPY190722P298,2019-07-19,2019-07-19 09:32:59,0.32,1.1034,100,0.31,1.0689,3009,0.31,1.0689,35,0.315,1.0862,135,0
SPY190722P298,2019-07-19,2019-07-19 09:33:00,0.32,1.1034,285,0.31,1.0689,1107,0.31,1.0689,35,0.315,1.0862,135,0
SPY190722P298,2019-07-19,2019-07-19 09:33:00,0.32,1.1034,100,0.31,1.0689,3009,0.31,1.0689,35,0.315,1.0862,135,0
SPY190722P298,2019-07-19,2019-07-19 09:33:01,0.32,1.1034,285,0.31,1.0689,1169,0.31,1.0689,35,0.315,1.0862,135,0
SPY190722P298,2019-07-19,2019-07-19 09:33:02,0.32,1.1034,285,0.31,1.0689,1390,0.31,1.0689,35,0.315,1.0862,135,0
SPY190722P298,2019-07-19,2019-07-19 09:33:02,0.32,1.1034,285,0.31,1.0689,1354,0.31,1.0689,35,0.315,1.0862,135,0
SPY190722P298,2019-07-19,2019-07-19 09:33:03,0.32,1.1034,285,0.31,1.0689,1354,0.31,1.0689,35,0.315,1.0862,135,0
SPY190722P298,2019-07-19,2019-07-19 09:33:03,0.32,1.1034,478,0.31,1.0689,1354,0.31,1.0689,35,0.315,1.0862,135,0
SPY190722P298,2019-07-19,2019-07-19 09:33:04,0.32,1.1034,397,0.31,1.0689,1015,0.31,1.0689,35,0.315,1.0862,135,0
SPY190722P298,2019-07-19,2019-07-19 09:33:04,0.32,1.1034,151,0.31,1.0689,1354,0.31,1.0689,35,0.315,1.0862,135,0
SPY190722P298,2019-07-19,2019-07-19 09:33:05,0.32,1.1034,1342,0.31,1.0689,331,0.31,1.0689,35,0.315,1.0862,135,0
SPY190722P298,2019-07-19,2019-07-19 09:33:05,0.32,1.1034,397,0.31,1.0689,1015,0.31,1.0689,35,0.315,1.0862,135,0
SPY190722P298,2019-07-19,2019-07-19 09:33:06,0.32,1.1034,1253,0.31,1.0689,331,0.31,1.0689,35,0.315,1.0862,135,0
SPY190722P298,2019-07-19,2019-07-19 09:33:07,0.32,1.1034,1101,0.31,1.0689,1,0.31,1.0689,35,0.315,1.0862,135,0
SPY190722P298,2019-07-19,2019-07-19 09:33:07,0.32,1.1034,1417,0.31,1.0689,1,0.31,1.0689,35,0.315,1.0862,135,0
SPY190722P298,2019-07-19,2019-07-19 09:33:08,0.32,1.1034,1417,0.31,1.0689,1,0.31,1.0689,35,0.315,1.0862,135,0
SPY190722P298,2019-07-19,2019-07-19 09:33:09,0.32,1.1034,285,0.31,1.0689,1,0.31,1.0689,35,0.315,1.0862,135,0
SPY190722P298,2019-07-19,2019-07-19 09:33:09,0.32,1.1034,1469,0.31,1.0689,1,0.31,1.0689,35,0.315,1.0862,135,0
SPY190722P298,2019-07-19,2019-07-19 09:33:10,0.32,1.1034,1519,0.31,1.0689,1,0.31,1.0689,35,0.315,1.0862,135,0
SPY190722P298,2019-07-19,2019-07-19 09:33:11,0.32,1.1034,1521,0.31,1.0689,1,0.32,1.1034,20,0.315,1.0862,155,20
SPY190722P298,2019-07-19,2019-07-19 09:33:11,0.32,1.1034,1521,0.31,1.0689,1,0.32,1.1034,20,0.315,1.0862,155,0
SPY190722P298,2019-07-19,2019-07-19 09:33:12,0.32,1.1034,1521,0.3,1.0344,1907,0.31,1.0689,1,0.31,1.0689,156,1
SPY190722P298,2019-07-19,2019-07-19 09:33:12,0.31,1.0689,100,0.3,1.0344,2659,0.31,1.0689,1,0.305,1.0517,156,0
SPY190722P298,2019-07-19,2019-07-19 09:33:13,0.31,1.0689,7,0.3,1.0344,2936,0.31,1.0689,1,0.305,1.0517,156,0
SPY190722P298,2019-07-19,2019-07-19 09:33:13,0.32,1.1034,334,0.31,1.0689,409,0.31,1.0689,1,0.315,1.0862,156,0
SPY190722P298,2019-07-19,2019-07-19 09:33:14,0.32,1.1034,624,0.31,1.0689,990,0.31,1.0689,1,0.315,1.0862,156,0
SPY190722P298,2019-07-19,2019-07-19 09:33:14,0.32,1.1034,334,0.31,1.0689,527,0.31,1.0689,1,0.315,1.0862,156,0
SPY190722P298,2019-07-19,2019-07-19 09:33:15,0.31,1.0689,6,0.3,1.0344,1804,0.31,1.0689,1,0.305,1.0517,156,0
SPY190722P298,2019-07-19,2019-07-19 09:33:16,0.32,1.1034,495,0.31,1.0689,287,0.32,1.1034,220,0.315,1.0862,2181,0
SPY190722P298,2019-07-19,2019-07-19 09:33:16,0.32,1.1034,419,0.3,1.0344,1618,0.32,1.1034,220,0.31,1.0689,2181,2025
SPY190722P298,2019-07-19,2019-07-19 09:33:17,0.32,1.1034,495,0.31,1.0689,387,0.32,1.1034,220,0.315,1.0862,2181,0
SPY190722P298,2019-07-19,2019-07-19 09:33:17,0.32,1.1034,495,0.31,1.0689,627,0.32,1.1034,220,0.315,1.0862,2181,0
SPY190722P298,2019-07-19,2019-07-19 09:33:18,0.32,1.1034,1181,0.31,1.0689,277,0.32,1.1034,220,0.315,1.0862,2181,0
SPY190722P298,2019-07-19,2019-07-19 09:33:18,0.32,1.1034,1158,0.3,1.0344,3099,0.32,1.1034,220,0.31,1.0689,2181,0
SPY190722P298,2019-07-19,2019-07-19 09:33:19,0.32,1.1034,272,0.31,1.0689,677,0.32,1.1034,220,0.315,1.0862,2181,0
SPY190722P298,2019-07-19,2019-07-19 09:33:20,0.32,1.1034,150,0.31,1.0689,459,0.32,1.1034,220,0.315,1.0862,2181,0
SPY190722P298,2019-07-19,2019-07-19 09:33:20,0.32,1.1034,392,0.31,1.0689,1186,0.32,1.1034,220,0.315,1.0862,2181,0
SPY190722P298,2019-07-19,2019-07-19 09:33:21,0.32,1.1034,337,0.31,1.0689,757,0.32,1.1034,220,0.315,1.0862,2181,0
SPY190722P298,2019-07-19,2019-07-19 09:33:21,0.32,1.1034,272,0.31,1.0689,461,0.32,1.1034,220,0.315,1.0862,2181,0
SPY190722P298,2019-07-19,2019-07-19 09:33:22,0.32,1.1034,454,0.31,1.0689,147,0.32,1.1034,220,0.315,1.0862,2181,0
SPY190722P298,2019-07-19,2019-07-19 09:33:22,0.32,1.1034,297,0.3,1.0344,1386,0.32,1.1034,220,0.31,1.0689,2181,0
SPY190722P298,2019-07-19,2019-07-19 09:33:23,0.32,1.1034,473,0.31,1.0689,293,0.32,1.1034,220,0.315,1.0862,2181,0
SPY190722P298,2019-07-19,2019-07-19 09:33:24,0.32,1.1034,447,0.31,1.0689,431,0.32,1.1034,220,0.315,1.0862,2181,0
SPY190722P298,2019-07-19,2019-07-19 09:33:24,0.32,1.1034,473,0.31,1.0689,163,0.32,1.1034,220,0.315,1.0862,2181,0
SPY190722P298,2019-07-19,2019-07-19 09:33:25,0.31,1.0689,5,0.3,1.0344,2026,0.32,1.1034,220,0.305,1.0517,2181,0
SPY190722P298,2019-07-19,2019-07-19 09:33:25,0.32,1.1034,480,0.31,1.0689,221,0.32,1.1034,220,0.315,1.0862,2181,0
SPY190722P298,2019-07-19,2019-07-19 09:33:26,0.31,1.0689,5,0.3,1.0344,2730,0.32,1.1034,220,0.305,1.0517,2181,0
SPY190722P298,2019-07-19,2019-07-19 09:33:27,0.31,1.0689,5,0.3,1.0344,2730,0.32,1.1034,220,0.305,1.0517,2181,0
SPY190722P298,2019-07-19,2019-07-19 09:33:28,0.31,1.0689,5,0.3,1.0344,2083,0.32,1.1034,220,0.305,1.0517,2181,0
SPY190722P298,2019-07-19,2019-07-19 09:33:28,0.31,1.0689,5,0.3,1.0344,1937,0.32,1.1034,220,0.305,1.0517,2181,0
SPY190722P298,2019-07-19,2019-07-19 09:33:29,0.32,1.1034,416,0.31,1.0689,565,0.32,1.1034,220,0.315,1.0862,2181,0
SPY190722P298,2019-07-19,2019-07-19 09:33:29,0.32,1.1034,176,0.31,1.0689,27,0.32,1.1034,220,0.315,1.0862,2181,0
SPY190722P298,2019-07-19,2019-07-19 09:33:30,0.32,1.1034,529,0.3,1.0344,1547,0.32,1.1034,220,0.31,1.0689,2181,0
SPY190722P298,2019-07-19,2019-07-19 09:33:30,0.31,1.0689,5,0.3,1.0344,2298,0.32,1.1034,220,0.305,1.0517,2181,0
SPY190722P298,2019-07-19,2019-07-19 09:33:31,0.31,1.0689,5,0.3,1.0344,2298,0.32,1.1034,220,0.305,1.0517,2181,0
SPY190722P298,2019-07-19,2019-07-19 09:33:32,0.31,1.0689,5,0.3,1.0344,3183,0.32,1.1034,220,0.305,1.0517,2181,0
SPY190722P298,2019-07-19,2019-07-19 09:33:32,0.31,1.0689,1,0.3,1.0344,2823,0.32,1.1034,220,0.305,1.0517,2181,0
SPY190722P298,2019-07-19,2019-07-19 09:33:33,0.31,1.0689,1,0.3,1.0344,2823,0.32,1.1034,220,0.305,1.0517,2181,0
SPY190722P298,2019-07-19,2019-07-19 09:33:33,0.31,1.0689,5,0.3,1.0344,1876,0.32,1.1034,220,0.305,1.0517,2181,0
SPY190722P298,2019-07-19,2019-07-19 09:33:34,0.31,1.0689,100,0.3,1.0344,1876,0.32,1.1034,220,0.305,1.0517,2181,0
SPY190722P298,2019-07-19,2019-07-19 09:33:34,0.31,1.0689,5,0.3,1.0344,1826,0.32,1.1034,220,0.305,1.0517,2181,0
SPY190722P298,2019-07-19,2019-07-19 09:33:35,0.31,1.0689,5,0.3,1.0344,3044,0.32,1.1034,220,0.305,1.0517,2181,0
SPY190722P298,2019-07-19,2019-07-19 09:33:35,0.31,1.0689,5,0.3,1.0344,2267,0.32,1.1034,220,0.305,1.0517,2181,0
SPY190722P298,2019-07-19,2019-07-19 09:33:36,0.31,1.0689,5,0.3,1.0344,2267,0.32,1.1034,220,0.305,1.0517,2181,0
SPY190722P298,2019-07-19,2019-07-19 09:33:37,0.31,1.0689,5,0.3,1.0344,2221,0.32,1.1034,220,0.305,1.0517,2181,0
SPY190722P298,2019-07-19,2019-07-19 09:33:37,0.31,1.0689,5,0.3,1.0344,3546,0.32,1.1034,220,0.305,1.0517,2181,0
SPY190722P298,2019-07-19,2019-07-19 09:33:38,0.32,1.1034,1178,0.3,1.0344,3679,0.32,1.1034,220,0.31,1.0689,2181,0
SPY190722P298,2019-07-19,2019-07-19 09:33:38,0.31,1.0689,5,0.3,1.0344,3229,0.32,1.1034,220,0.305,1.0517,2181,0
SPY190722P298,2019-07-19,2019-07-19 09:33:39,0.31,1.0689,5,0.3,1.0344,3008,0.32,1.1034,220,0.305,1.0517,2181,0
SPY190722P298,2019-07-19,2019-07-19 09:33:39,0.32,1.1034,872,0.31,1.0689,646,0.32,1.1034,220,0.315,1.0862,2181,0
SPY190722P298,2019-07-19,2019-07-19 09:33:40,0.32,1.1034,752,0.31,1.0689,646,0.32,1.1034,220,0.315,1.0862,2181,0
SPY190722P298,2019-07-19,2019-07-19 09:33:41,0.32,1.1034,634,0.31,1.0689,622,0.32,1.1034,220,0.315,1.0862,2181,0
SPY190722P298,2019-07-19,2019-07-19 09:33:41,0.32,1.1034,872,0.31,1.0689,670,0.32,1.1034,220,0.315,1.0862,2181,0
SPY190722P298,2019-07-19,2019-07-19 09:33:42,0.32,1.1034,656,0.31,1.0689,715,0.32,1.1034,220,0.315,1.0862,2181,0
SPY190722P298,2019-07-19,2019-07-19 09:33:43,0.32,1.1034,656,0.31,1.0689,992,0.32,1.1034,220,0.315,1.0862,2181,0
SPY190722P298,2019-07-19,2019-07-19 09:33:43,0.32,1.1034,656,0.31,1.0689,1123,0.32,1.1034,220,0.315,1.0862,2181,0
SPY190722P298,2019-07-19,2019-07-19 09:33:44,0.32,1.1034,656,0.31,1.0689,1126,0.32,1.1034,220,0.315,1.0862,2181,0
SPY190722P298,2019-07-19,2019-07-19 09:33:44,0.32,1.1034,492,0.31,1.0689,820,0.31,1.0689,5,0.315,1.0862,2191,10
SPY190722P298,2019-07-19,2019-07-19 09:33:45,0.32,1.1034,261,0.31,1.0689,1905,0.31,1.0689,5,0.315,1.0862,2191,0
SPY190722P298,2019-07-19,2019-07-19 09:33:46,0.32,1.1034,5,0.31,1.0689,1855,0.31,1.0689,5,0.315,1.0862,2191,0
SPY190722P298,2019-07-19,2019-07-19 09:33:46,0.32,1.1034,5,0.31,1.0689,1578,0.31,1.0689,5,0.315,1.0862,2191,0
SPY190722P298,2019-07-19,2019-07-19 09:33:47,0.32,1.1034,5,0.31,1.0689,1948,0.31,1.0689,5,0.315,1.0862,2191,0
SPY190722P298,2019-07-19,2019-07-19 09:33:48,0.33,1.1379,1079,0.32,1.1034,218,0.31,1.0689,5,0.325,1.1206,2191,0
SPY190722P298,2019-07-19,2019-07-19 09:33:49,0.33,1.1379,569,0.32,1.1034,221,0.31,1.0689,5,0.325,1.1206,2191,0
SPY190722P298,2019-07-19,2019-07-19 09:33:49,0.33,1.1379,625,0.32,1.1034,10,0.31,1.0689,5,0.325,1.1206,2191,0
SPY190722P298,2019-07-19,2019-07-19 09:33:50,0.33,1.1379,297,0.32,1.1034,270,0.31,1.0689,5,0.325,1.1206,2191,0
SPY190722P298,2019-07-19,2019-07-19 09:33:50,0.33,1.1379,400,0.32,1.1034,954,0.31,1.0689,5,0.325,1.1206,2191,0
SPY190722P298,2019-07-19,2019-07-19 09:33:51,0.33,1.1379,309,0.32,1.1034,1123,0.31,1.0689,5,0.325,1.1206,2191,0
SPY190722P298,2019-07-19,2019-07-19 09:33:51,0.33,1.1379,301,0.32,1.1034,1291,0.31,1.0689,5,0.325,1.1206,2191,0
SPY190722P298,2019-07-19,2019-07-19 09:33:52,0.33,1.1379,304,0.32,1.1034,1123,0.31,1.0689,5,0.325,1.1206,2191,0
SPY190722P298,2019-07-19,2019-07-19 09:33:53,0.33,1.1379,1187,0.31,1.0689,2146,0.31,1.0689,5,0.32,1.1034,2191,0
SPY190722P298,2019-07-19,2019-07-19 09:33:53,0.33,1.1379,1930,0.31,1.0689,2315,0.31,1.0689,5,0.32,1.1034,2191,0
SPY190722P298,2019-07-19,2019-07-19 09:33:54,0.32,1.1034,20,0.31,1.0689,1420,0.31,1.0689,5,0.315,1.0862,2191,0
SPY190722P298,2019-07-19,2019-07-19 09:33:54,0.33,1.1379,1790,0.31,1.0689,2123,0.31,1.0689,5,0.32,1.1034,2191,0
SPY190722P298,2019-07-19,2019-07-19 09:33:55,0.32,1.1034,488,0.31,1.0689,1182,0.31,1.0689,5,0.315,1.0862,2191,0
SPY190722P298,2019-07-19,2019-07-19 09:33:55,0.32,1.1034,788,0.31,1.0689,970,0.31,1.0689,5,0.315,1.0862,2191,0
SPY190722P298,2019-07-19,2019-07-19 09:33:56,0.32,1.1034,488,0.31,1.0689,1182,0.31,1.0689,5,0.315,1.0862,2191,0
SPY190722P298,2019-07-19,2019-07-19 09:33:57,0.32,1.1034,325,0.31,1.0689,606,0.31,1.0689,5,0.315,1.0862,2191,0
SPY190722P298,2019-07-19,2019-07-19 09:33:57,0.32,1.1034,1050,0.31,1.0689,275,0.31,1.0689,5,0.315,1.0862,2191,0
SPY190722P298,2019-07-19,2019-07-19 09:33:58,0.33,1.1379,269,0.32,1.1034,221,0.31,1.0689,5,0.325,1.1206,2191,0
SPY190722P298,2019-07-19,2019-07-19 09:33:58,0.33,1.1379,400,0.31,1.0689,1551,0.31,1.0689,5,0.32,1.1034,2191,0
SPY190722P298,2019-07-19,2019-07-19 09:33:59,0.33,1.1379,269,0.32,1.1034,1025,0.31,1.0689,5,0.325,1.1206,2191,0
SPY190722P298,2019-07-19,2019-07-19 09:34:00,0.33,1.1379,269,0.32,1.1034,28,0.31,1.0689,5,0.325,1.1206,2191,0
SPY190722P298,2019-07-19,2019-07-19 09:34:00,0.32,1.1034,5,0.32,1.1034,28,0.31,1.0689,5,0.32,1.1034,2191,0
SPY190722P298,2019-07-19,2019-07-19 09:34:01,0.32,1.1034,108,0.31,1.0689,1350,0.31,1.0689,7,0.315,1.0862,2198,7
SPY190722P298,2019-07-19,2019-07-19 09:34:01,0.32,1.1034,11,0.31,1.0689,894,0.31,1.0689,7,0.315,1.0862,2198,0
SPY190722P298,2019-07-19,2019-07-19 09:34:02,0.32,1.1034,270,0.31,1.0689,894,0.31,1.0689,7,0.315,1.0862,2198,0
SPY190722P298,2019-07-19,2019-07-19 09:34:02,0.32,1.1034,297,0.31,1.0689,357,0.31,1.0689,7,0.315,1.0862,2198,0
SPY190722P298,2019-07-19,2019-07-19 09:34:03,0.32,1.1034,473,0.31,1.0689,597,0.31,1.0689,7,0.315,1.0862,2198,0
SPY190722P298,2019-07-19,2019-07-19 09:34:03,0.32,1.1034,473,0.31,1.0689,786,0.31,1.0689,7,0.315,1.0862,2198,0
SPY190722P298,2019-07-19,2019-07-19 09:34:04,0.32,1.1034,473,0.31,1.0689,934,0.31,1.0689,7,0.315,1.0862,2198,0
SPY190722P298,2019-07-19,2019-07-19 09:34:05,0.32,1.1034,565,0.31,1.0689,1284,0.31,1.0689,7,0.315,1.0862,2198,0
SPY190722P298,2019-07-19,2019-07-19 09:34:05,0.32,1.1034,503,0.31,1.0689,597,0.31,1.0689,7,0.315,1.0862,2198,0
SPY190722P298,2019-07-19,2019-07-19 09:34:06,0.32,1.1034,407,0.31,1.0689,784,0.31,1.0689,7,0.315,1.0862,2198,0
SPY190722P298,2019-07-19,2019-07-19 09:34:06,0.32,1.1034,270,0.31,1.0689,1840,0.31,1.0689,7,0.315,1.0862,2198,0
SPY190722P298,2019-07-19,2019-07-19 09:34:07,0.32,1.1034,349,0.31,1.0689,1766,0.31,1.0689,7,0.315,1.0862,2198,0
SPY190722P298,2019-07-19,2019-07-19 09:34:07,0.32,1.1034,270,0.31,1.0689,1840,0.31,1.0689,7,0.315,1.0862,2198,0
SPY190722P298,2019-07-19,2019-07-19 09:34:08,0.32,1.1034,489,0.31,1.0689,1327,0.31,1.0689,7,0.315,1.0862,2198,0
SPY190722P298,2019-07-19,2019-07-19 09:34:09,0.32,1.1034,484,0.31,1.0689,1250,0.31,1.0689,7,0.315,1.0862,2198,0
SPY190722P298,2019-07-19,2019-07-19 09:34:09,0.32,1.1034,484,0.31,1.0689,1327,0.31,1.0689,7,0.315,1.0862,2198,0
SPY190722P298,2019-07-19,2019-07-19 09:34:10,0.32,1.1034,791,0.31,1.0689,1247,0.31,1.0689,7,0.315,1.0862,2198,0
SPY190722P298,2019-07-19,2019-07-19 09:34:10,0.32,1.1034,363,0.31,1.0689,1247,0.31,1.0689,7,0.315,1.0862,2198,0
SPY190722P298,2019-07-19,2019-07-19 09:34:11,0.32,1.1034,261,0.31,1.0689,1018,0.31,1.0689,7,0.315,1.0862,2198,0
SPY190722P298,2019-07-19,2019-07-19 09:34:11,0.32,1.1034,270,0.31,1.0689,922,0.31,1.0689,7,0.315,1.0862,2198,0
SPY190722P298,2019-07-19,2019-07-19 09:34:12,0.32,1.1034,269,0.31,1.0689,1568,0.31,1.0689,7,0.315,1.0862,2198,0
SPY190722P298,2019-07-19,2019-07-19 09:34:13,0.32,1.1034,272,0.31,1.0689,879,0.31,1.0689,7,0.315,1.0862,2198,0
SPY190722P298,2019-07-19,2019-07-19 09:34:13,0.32,1.1034,590,0.31,1.0689,879,0.31,1.0689,7,0.315,1.0862,2198,0
SPY190722P298,2019-07-19,2019-07-19 09:34:14,0.33,1.1379,1269,0.32,1.1034,224,0.31,1.0689,7,0.325,1.1206,2198,0
SPY190722P298,2019-07-19,2019-07-19 09:34:14,0.32,1.1034,272,0.31,1.0689,1688,0.31,1.0689,7,0.315,1.0862,2198,0
SPY190722P298,2019-07-19,2019-07-19 09:34:15,0.33,1.1379,362,0.32,1.1034,1344,0.31,1.0689,7,0.325,1.1206,2198,0
SPY190722P298,2019-07-19,2019-07-19 09:34:16,0.33,1.1379,351,0.32,1.1034,1064,0.31,1.0689,7,0.325,1.1206,2198,0
SPY190722P298,2019-07-19,2019-07-19 09:34:16,0.33,1.1379,362,0.32,1.1034,1344,0.31,1.0689,7,0.325,1.1206,2198,0
SPY190722P298,2019-07-19,2019-07-19 09:34:17,0.33,1.1379,358,0.32,1.1034,255,0.31,1.0689,7,0.325,1.1206,2198,0
SPY190722P298,2019-07-19,2019-07-19 09:34:18,0.33,1.1379,1035,0.32,1.1034,21,0.32,1.1034,20,0.325,1.1206,2218,20
SPY190722P298,2019-07-19,2019-07-19 09:34:18,0.33,1.1379,438,0.32,1.1034,1069,0.31,1.0689,7,0.325,1.1206,2198,0
SPY190722P298,2019-07-19,2019-07-19 09:34:19,0.33,1.1379,422,0.32,1.1034,346,0.32,1.1034,20,0.325,1.1206,2218,0
SPY190722P298,2019-07-19,2019-07-19 09:34:19,0.33,1.1379,362,0.32,1.1034,353,0.32,1.1034,20,0.325,1.1206,2218,0
SPY190722P298,2019-07-19,2019-07-19 09:34:20,0.32,1.1034,5,0.32,1.1034,129,0.32,1.1034,20,0.32,1.1034,2218,0
SPY190722P298,2019-07-19,2019-07-19 09:34:20,0.32,1.1034,5,0.31,1.0689,2778,0.32,1.1034,20,0.315,1.0862,2218,0
SPY190722P298,2019-07-19,2019-07-19 09:34:21,0.33,1.1379,911,0.32,1.1034,759,0.32,1.1034,20,0.325,1.1206,2218,0
SPY190722P298,2019-07-19,2019-07-19 09:34:21,0.33,1.1379,466,0.32,1.1034,759,0.32,1.1034,20,0.325,1.1206,2218,0
SPY190722P298,2019-07-19,2019-07-19 09:34:22,0.33,1.1379,1043,0.31,1.0689,2329,0.32,1.1034,20,0.32,1.1034,2218,0
SPY190722P298,2019-07-19,2019-07-19 09:34:23,0.33,1.1379,1043,0.31,1.0689,2336,0.32,1.1034,20,0.32,1.1034,2218,0
SPY190722P298,2019-07-19,2019-07-19 09:34:24,0.32,1.1034,5,0.31,1.0689,1745,0.31,1.0689,15,0.315,1.0862,2233,15
SPY190722P298,2019-07-19,2019-07-19 09:34:24,0.32,1.1034,5,0.31,1.0689,1893,0.31,1.0689,15,0.315,1.0862,2233,0
SPY190722P298,2019-07-19,2019-07-19 09:34:25,0.32,1.1034,5,0.31,1.0689,1893,0.31,1.0689,15,0.315,1.0862,2233,0
SPY190722P298,2019-07-19,2019-07-19 09:34:26,0.32,1.1034,5,0.31,1.0689,1893,0.31,1.0689,15,0.315,1.0862,2233,0
SPY190722P298,2019-07-19,2019-07-19 09:34:26,0.32,1.1034,5,0.31,1.0689,1807,0.31,1.0689,15,0.315,1.0862,2233,0
SPY190722P298,2019-07-19,2019-07-19 09:34:27,0.33,1.1379,283,0.32,1.1034,1146,0.31,1.0689,15,0.325,1.1206,2233,0
SPY190722P298,2019-07-19,2019-07-19 09:34:27,0.33,1.1379,283,0.32,1.1034,845,0.31,1.0689,15,0.325,1.1206,2233,0
SPY190722P298,2019-07-19,2019-07-19 09:34:28,0.33,1.1379,164,0.32,1.1034,1118,0.31,1.0689,15,0.325,1.1206,2233,0
SPY190722P298,2019-07-19,2019-07-19 09:34:28,0.33,1.1379,420,0.32,1.1034,773,0.31,1.0689,15,0.325,1.1206,2233,0
SPY190722P298,2019-07-19,2019-07-19 09:34:29,0.33,1.1379,1177,0.32,1.1034,230,0.31,1.0689,15,0.325,1.1206,2233,0
SPY190722P298,2019-07-19,2019-07-19 09:34:30,0.33,1.1379,1447,0.32,1.1034,221,0.31,1.0689,15,0.325,1.1206,2233,0
SPY190722P298,2019-07-19,2019-07-19 09:34:30,0.33,1.1379,1177,0.32,1.1034,16,0.31,1.0689,15,0.325,1.1206,2233,0
SPY190722P298,2019-07-19,2019-07-19 09:34:31,0.33,1.1379,1198,0.32,1.1034,407,0.31,1.0689,15,0.325,1.1206,2233,0
SPY190722P298,2019-07-19,2019-07-19 09:34:31,0.33,1.1379,522,0.32,1.1034,407,0.31,1.0689,15,0.325,1.1206,2233,0
SPY190722P298,2019-07-19,2019-07-19 09:34:32,0.33,1.1379,990,0.32,1.1034,130,0.31,1.0689,15,0.325,1.1206,2233,0
SPY190722P298,2019-07-19,2019-07-19 09:34:32,0.33,1.1379,1858,0.32,1.1034,1,0.31,1.0689,15,0.325,1.1206,2233,0
SPY190722P298,2019-07-19,2019-07-19 09:34:33,0.33,1.1379,1696,0.32,1.1034,1,0.31,1.0689,15,0.325,1.1206,2233,0
SPY190722P298,2019-07-19,2019-07-19 09:34:33,0.33,1.1379,1858,0.32,1.1034,1,0.31,1.0689,15,0.325,1.1206,2233,0
SPY190722P298,2019-07-19,2019-07-19 09:34:34,0.33,1.1379,1349,0.32,1.1034,1,0.31,1.0689,15,0.325,1.1206,2233,0
SPY190722P298,2019-07-19,2019-07-19 09:34:35,0.33,1.1379,1646,0.32,1.1034,1,0.31,1.0689,15,0.325,1.1206,2233,0
SPY190722P298,2019-07-19,2019-07-19 09:34:36,0.33,1.1379,1867,0.32,1.1034,472,0.31,1.0689,15,0.325,1.1206,2233,0
SPY190722P298,2019-07-19,2019-07-19 09:34:36,0.33,1.1379,2025,0.32,1.1034,20,0.31,1.0689,15,0.325,1.1206,2233,0
SPY190722P298,2019-07-19,2019-07-19 09:34:37,0.33,1.1379,1867,0.32,1.1034,816,0.31,1.0689,15,0.325,1.1206,2233,0
SPY190722P298,2019-07-19,2019-07-19 09:34:38,0.33,1.1379,530,0.32,1.1034,331,0.31,1.0689,15,0.325,1.1206,2233,0
SPY190722P298,2019-07-19,2019-07-19 09:34:38,0.33,1.1379,1324,0.32,1.1034,768,0.31,1.0689,15,0.325,1.1206,2233,0
SPY190722P298,2019-07-19,2019-07-19 09:34:39,0.33,1.1379,1004,0.32,1.1034,838,0.31,1.0689,15,0.325,1.1206,2233,0
SPY190722P298,2019-07-19,2019-07-19 09:34:39,0.33,1.1379,1095,0.32,1.1034,837,0.31,1.0689,15,0.325,1.1206,2233,0
SPY190722P298,2019-07-19,2019-07-19 09:34:40,0.33,1.1379,2164,0.32,1.1034,360,0.33,1.1379,1,0.325,1.1206,2234,1
SPY190722P298,2019-07-19,2019-07-19 09:34:40,0.33,1.1379,1627,0.32,1.1034,837,0.31,1.0689,15,0.325,1.1206,2233,0
SPY190722P298,2019-07-19,2019-07-19 09:34:41,0.33,1.1379,1256,0.32,1.1034,847,0.33,1.1379,1,0.325,1.1206,2234,0
SPY190722P298,2019-07-19,2019-07-19 09:34:42,0.33,1.1379,1256,0.32,1.1034,1053,0.33,1.1379,1,0.325,1.1206,2234,0
SPY190722P298,2019-07-19,2019-07-19 09:34:42,0.33,1.1379,1484,0.32,1.1034,1053,0.33,1.1379,1,0.325,1.1206,2234,0
SPY190722P298,2019-07-19,2019-07-19 09:34:43,0.33,1.1379,1324,0.32,1.1034,1147,0.32,1.1034,2,0.325,1.1206,2236,2
SPY190722P298,2019-07-19,2019-07-19 09:34:43,0.33,1.1379,1324,0.32,1.1034,1053,0.33,1.1379,1,0.325,1.1206,2234,0
SPY190722P298,2019-07-19,2019-07-19 09:34:44,0.33,1.1379,408,0.32,1.1034,1129,0.32,1.1034,2,0.325,1.1206,2236,0
SPY190722P298,2019-07-19,2019-07-19 09:34:45,0.33,1.1379,1101,0.32,1.1034,1129,0.32,1.1034,2,0.325,1.1206,2236,0
SPY190722P298,2019-07-19,2019-07-19 09:34:45,0.33,1.1379,1093,0.32,1.1034,1129,0.32,1.1034,2,0.325,1.1206,2236,0
SPY190722P298,2019-07-19,2019-07-19 09:34:46,0.33,1.1379,866,0.32,1.1034,1129,0.32,1.1034,2,0.325,1.1206,2236,0
SPY190722P298,2019-07-19,2019-07-19 09:34:47,0.33,1.1379,1092,0.32,1.1034,1566,0.33,1.1379,3,0.325,1.1206,2239,3
SPY190722P298,2019-07-19,2019-07-19 09:34:47,0.33,1.1379,1092,0.32,1.1034,1578,0.32,1.1034,2,0.325,1.1206,2236,0
SPY190722P298,2019-07-19,2019-07-19 09:34:48,0.33,1.1379,1092,0.32,1.1034,1217,0.33,1.1379,3,0.325,1.1206,2239,0
SPY190722P298,2019-07-19,2019-07-19 09:34:48,0.33,1.1379,876,0.32,1.1034,962,0.33,1.1379,3,0.325,1.1206,2239,0
SPY190722P298,2019-07-19,2019-07-19 09:34:49,0.33,1.1379,1498,0.32,1.1034,870,0.33,1.1379,3,0.325,1.1206,2239,0
SPY190722P298,2019-07-19,2019-07-19 09:34:49,0.33,1.1379,975,0.32,1.1034,798,0.33,1.1379,3,0.325,1.1206,2239,0
SPY190722P298,2019-07-19,2019-07-19 09:34:50,0.33,1.1379,975,0.32,1.1034,1115,0.33,1.1379,3,0.325,1.1206,2239,0
SPY190722P298,2019-07-19,2019-07-19 09:34:51,0.33,1.1379,975,0.32,1.1034,1115,0.33,1.1379,3,0.325,1.1206,2239,0
SPY190722P298,2019-07-19,2019-07-19 09:34:51,0.33,1.1379,1910,0.32,1.1034,660,0.33,1.1379,3,0.325,1.1206,2239,0
SPY190722P298,2019-07-19,2019-07-19 09:34:52,0.33,1.1379,1579,0.32,1.1034,819,0.33,1.1379,3,0.325,1.1206,2239,0
SPY190722P298,2019-07-19,2019-07-19 09:34:52,0.33,1.1379,1066,0.32,1.1034,1304,0.33,1.1379,3,0.325,1.1206,2239,0
SPY190722P298,2019-07-19,2019-07-19 09:34:53,0.33,1.1379,861,0.32,1.1034,1077,0.33,1.1379,3,0.325,1.1206,2239,0
SPY190722P298,2019-07-19,2019-07-19 09:34:53,0.33,1.1379,887,0.32,1.1034,1077,0.33,1.1379,3,0.325,1.1206,2239,0
SPY190722P298,2019-07-19,2019-07-19 09:34:54,0.33,1.1379,1200,0.32,1.1034,645,0.33,1.1379,3,0.325,1.1206,2239,0
SPY190722P298,2019-07-19,2019-07-19 09:34:54,0.33,1.1379,1342,0.32,1.1034,645,0.33,1.1379,3,0.325,1.1206,2239,0
SPY190722P298,2019-07-19,2019-07-19 09:34:55,0.33,1.1379,1208,0.32,1.1034,161,0.33,1.1379,3,0.325,1.1206,2239,0
SPY190722P298,2019-07-19,2019-07-19 09:34:55,0.33,1.1379,1208,0.32,1.1034,357,0.33,1.1379,3,0.325,1.1206,2239,0
SPY190722P298,2019-07-19,2019-07-19 09:34:56,0.33,1.1379,1208,0.32,1.1034,357,0.33,1.1379,3,0.325,1.1206,2239,0
SPY190722P298,2019-07-19,2019-07-19 09:34:57,0.33,1.1379,1208,0.32,1.1034,161,0.33,1.1379,3,0.325,1.1206,2239,0
SPY190722P298,2019-07-19,2019-07-19 09:34:57,0.33,1.1379,474,0.32,1.1034,699,0.33,1.1379,3,0.325,1.1206,2239,0
SPY190722P298,2019-07-19,2019-07-19 09:34:58,0.33,1.1379,788,0.32,1.1034,221,0.33,1.1379,3,0.325,1.1206,2239,0
SPY190722P298,2019-07-19,2019-07-19 09:34:58,0.33,1.1379,111,0.32,1.1034,918,0.33,1.1379,3,0.325,1.1206,2239,0
SPY190722P298,2019-07-19,2019-07-19 09:34:59,0.33,1.1379,697,0.32,1.1034,114,0.33,1.1379,3,0.325,1.1206,2239,0
SPY190722P298,2019-07-19,2019-07-19 09:35:00,0.33,1.1379,984,0.32,1.1034,776,0.33,1.1379,3,0.325,1.1206,2239,0
SPY190722P298,2019-07-19,2019-07-19 09:35:00,0.33,1.1379,932,0.32,1.1034,403,0.33,1.1379,3,0.325,1.1206,2239,0
SPY190722P298,2019-07-19,2019-07-19 09:35:01,0.33,1.1379,984,0.32,1.1034,574,0.33,1.1379,3,0.325,1.1206,2239,0
SPY190722P298,2019-07-19,2019-07-19 09:35:01,0.33,1.1379,984,0.32,1.1034,776,0.33,1.1379,3,0.325,1.1206,2239,0
SPY190722P298,2019-07-19,2019-07-19 09:35:02,0.33,1.1379,562,0.32,1.1034,608,0.33,1.1379,3,0.325,1.1206,2239,0
SPY190722P298,2019-07-19,2019-07-19 09:35:02,0.33,1.1379,1089,0.32,1.1034,130,0.33,1.1379,3,0.325,1.1206,2239,0
SPY190722P298,2019-07-19,2019-07-19 09:35:03,0.33,1.1379,1368,0.32,1.1034,271,0.33,1.1379,3,0.325,1.1206,2239,0
SPY190722P298,2019-07-19,2019-07-19 09:35:04,0.33,1.1379,1014,0.32,1.1034,659,0.33,1.1379,3,0.325,1.1206,2239,0
SPY190722P298,2019-07-19,2019-07-19 09:35:04,0.33,1.1379,1106,0.32,1.1034,271,0.33,1.1379,3,0.325,1.1206,2239,0
SPY190722P298,2019-07-19,2019-07-19 09:35:05,0.33,1.1379,826,0.32,1.1034,295,0.33,1.1379,3,0.325,1.1206,2239,0
SPY190722P298,2019-07-19,2019-07-19 09:35:05,0.33,1.1379,1095,0.32,1.1034,404,0.33,1.1379,3,0.325,1.1206,2239,0
SPY190722P298,2019-07-19,2019-07-19 09:35:06,0.33,1.1379,1562,0.32,1.1034,453,0.33,1.1379,3,0.325,1.1206,2239,0
SPY190722P298,2019-07-19,2019-07-19 09:35:06,0.33,1.1379,1566,0.32,1.1034,563,0.33,1.1379,3,0.325,1.1206,2239,0
SPY190722P298,2019-07-19,2019-07-19 09:35:07,0.33,1.1379,1562,0.32,1.1034,453,0.33,1.1379,3,0.325,1.1206,2239,0
SPY190722P298,2019-07-19,2019-07-19 09:35:08,0.33,1.1379,1563,0.32,1.1034,453,0.33,1.1379,3,0.325,1.1206,2239,0
SPY190722P298,2019-07-19,2019-07-19 09:35:09,0.33,1.1379,1563,0.32,1.1034,453,0.33,1.1379,3,0.325,1.1206,2239,0
SPY190722P298,2019-07-19,2019-07-19 09:35:09,0.33,1.1379,1561,0.32,1.1034,453,0.33,1.1379,3,0.325,1.1206,2239,0
SPY190722P298,2019-07-19,2019-07-19 09:35:10,0.33,1.1379,1254,0.32,1.1034,201,0.33,1.1379,3,0.325,1.1206,2239,0
SPY190722P298,2019-07-19,2019-07-19 09:35:10,0.33,1.1379,1561,0.32,1.1034,453,0.33,1.1379,3,0.325,1.1206,2239,0
SPY190722P298,2019-07-19,2019-07-19 09:35:11,0.33,1.1379,1332,0.32,1.1034,221,0.33,1.1379,3,0.325,1.1206,2239,0
SPY190722P298,2019-07-19,2019-07-19 09:35:12,0.33,1.1379,1563,0.32,1.1034,457,0.33,1.1379,3,0.325,1.1206,2239,0
SPY190722P298,2019-07-19,2019-07-19 09:35:13,0.33,1.1379,1300,0.32,1.1034,346,0.33,1.1379,3,0.325,1.1206,2239,0
SPY190722P298,2019-07-19,2019-07-19 09:35:13,0.33,1.1379,1208,0.32,1.1034,457,0.33,1.1379,3,0.325,1.1206,2239,0
SPY190722P298,2019-07-19,2019-07-19 09:35:14,0.33,1.1379,1563,0.32,1.1034,221,0.33,1.1379,3,0.325,1.1206,2239,0
SPY190722P298,2019-07-19,2019-07-19 09:35:14,0.33,1.1379,1563,0.32,1.1034,346,0.33,1.1379,3,0.325,1.1206,2239,0
SPY190722P298,2019-07-19,2019-07-19 09:35:15,0.33,1.1379,1208,0.32,1.1034,490,0.33,1.1379,3,0.325,1.1206,2239,0
SPY190722P298,2019-07-19,2019-07-19 09:35:16,0.33,1.1379,579,0.32,1.1034,938,0.33,1.1379,1,0.325,1.1206,2240,0
SPY190722P298,2019-07-19,2019-07-19 09:35:16,0.33,1.1379,579,0.32,1.1034,1292,0.33,1.1379,1,0.325,1.1206,2240,1
SPY190722P298,2019-07-19,2019-07-19 09:35:17,0.33,1.1379,272,0.32,1.1034,938,0.33,1.1379,1,0.325,1.1206,2240,0
SPY190722P298,2019-07-19,2019-07-19 09:35:18,0.33,1.1379,997,0.32,1.1034,1461,0.33,1.1379,1,0.325,1.1206,2240,0
SPY190722P298,2019-07-19,2019-07-19 09:35:18,0.33,1.1379,1441,0.32,1.1034,226,0.33,1.1379,1,0.325,1.1206,2240,0
SPY190722P298,2019-07-19,2019-07-19 09:35:19,0.33,1.1379,1511,0.32,1.1034,683,0.33,1.1379,1,0.325,1.1206,2240,0
SPY190722P298,2019-07-19,2019-07-19 09:35:20,0.33,1.1379,747,0.32,1.1034,1053,0.33,1.1379,1,0.325,1.1206,2240,0
SPY190722P298,2019-07-19,2019-07-19 09:35:20,0.33,1.1379,952,0.32,1.1034,1393,0.33,1.1379,1,0.325,1.1206,2240,0
SPY190722P298,2019-07-19,2019-07-19 09:35:21,0.33,1.1379,826,0.32,1.1034,1393,0.33,1.1379,1,0.325,1.1206,2240,0
SPY190722P298,2019-07-19,2019-07-19 09:35:22,0.33,1.1379,923,0.32,1.1034,1393,0.33,1.1379,1,0.325,1.1206,2240,0
SPY190722P298,2019-07-19,2019-07-19 09:35:22,0.33,1.1379,1010,0.32,1.1034,1393,0.33,1.1379,1,0.325,1.1206,2240,0
SPY190722P298,2019-07-19,2019-07-19 09:35:23,0.33,1.1379,381,0.32,1.1034,1106,0.33,1.1379,1,0.325,1.1206,2240,0
SPY190722P298,2019-07-19,2019-07-19 09:35:23,0.33,1.1379,923,0.32,1.1034,1783,0.33,1.1379,1,0.325,1.1206,2240,0
SPY190722P298,2019-07-19,2019-07-19 09:35:24,0.33,1.1379,381,0.32,1.1034,1179,0.33,1.1379,1,0.325,1.1206,2240,0
SPY190722P298,2019-07-19,2019-07-19 09:35:25,0.33,1.1379,386,0.32,1.1034,1100,0.33,1.1379,1,0.325,1.1206,2240,0
SPY190722P298,2019-07-19,2019-07-19 09:35:25,0.33,1.1379,120,0.32,1.1034,697,0.33,1.1379,1,0.325,1.1206,2240,0
SPY190722P298,2019-07-19,2019-07-19 09:35:26,0.33,1.1379,391,0.32,1.1034,1100,0.33,1.1379,1,0.325,1.1206,2240,0
SPY190722P298,2019-07-19,2019-07-19 09:35:26,0.33,1.1379,391,0.32,1.1034,1541,0.33,1.1379,1,0.325,1.1206,2240,0
SPY190722P298,2019-07-19,2019-07-19 09:35:27,0.33,1.1379,391,0.32,1.1034,2613,0.33,1.1379,1,0.325,1.1206,2240,0
SPY190722P298,2019-07-19,2019-07-19 09:35:27,0.33,1.1379,391,0.32,1.1034,1553,0.33,1.1379,1,0.325,1.1206,2240,0
SPY190722P298,2019-07-19,2019-07-19 09:35:28,0.33,1.1379,391,0.32,1.1034,2659,0.33,1.1379,1,0.325,1.1206,2240,0
SPY190722P298,2019-07-19,2019-07-19 09:35:29,0.33,1.1379,391,0.32,1.1034,3023,0.33,1.1379,1,0.325,1.1206,2240,0
SPY190722P298,2019-07-19,2019-07-19 09:35:29,0.33,1.1379,391,0.32,1.1034,2607,0.33,1.1379,1,0.325,1.1206,2240,0
SPY190722P298,2019-07-19,2019-07-19 09:35:30,0.33,1.1379,391,0.32,1.1034,3023,0.33,1.1379,1,0.325,1.1206,2240,0
SPY190722P298,2019-07-19,2019-07-19 09:35:31,0.33,1.1379,391,0.32,1.1034,3023,0.33,1.1379,1,0.325,1.1206,2240,0
SPY190722P298,2019-07-19,2019-07-19 09:35:31,0.33,1.1379,261,0.32,1.1034,3023,0.33,1.1379,1,0.325,1.1206,2240,0
SPY190722P298,2019-07-19,2019-07-19 09:35:32,0.33,1.1379,261,0.32,1.1034,1827,0.33,1.1379,1,0.325,1.1206,2240,0
SPY190722P298,2019-07-19,2019-07-19 09:35:32,0.33,1.1379,261,0.32,1.1034,3053,0.33,1.1379,1,0.325,1.1206,2240,0
SPY190722P298,2019-07-19,2019-07-19 09:35:33,0.33,1.1379,6,0.32,1.1034,3053,0.33,1.1379,1,0.325,1.1206,2240,0
SPY190722P298,2019-07-19,2019-07-19 09:35:34,0.33,1.1379,6,0.32,1.1034,3053,0.33,1.1379,1,0.325,1.1206,2240,0
SPY190722P298,2019-07-19,2019-07-19 09:35:34,0.33,1.1379,6,0.32,1.1034,3374,0.33,1.1379,1,0.325,1.1206,2240,0
SPY190722P298,2019-07-19,2019-07-19 09:35:35,0.33,1.1379,6,0.33,1.1379,489,0.33,1.1379,1,0.33,1.1379,2241,1
SPY190722P298,2019-07-19,2019-07-19 09:35:35,0.34,1.1724,168,0.33,1.1379,489,0.33,1.1379,1,0.335,1.1551,2241,0
SPY190722P298,2019-07-19,2019-07-19 09:35:36,0.34,1.1724,434,0.33,1.1379,1532,0.33,1.1379,1,0.335,1.1551,2241,0
SPY190722P298,2019-07-19,2019-07-19 09:35:36,0.34,1.1724,484,0.33,1.1379,1444,0.33,1.1379,1,0.335,1.1551,2241,0
SPY190722P298,2019-07-19,2019-07-19 09:35:37,0.34,1.1724,552,0.33,1.1379,1012,0.33,1.1379,1,0.335,1.1551,2241,0
SPY190722P298,2019-07-19,2019-07-19 09:35:37,0.34,1.1724,374,0.33,1.1379,1532,0.33,1.1379,1,0.335,1.1551,2241,0
SPY190722P298,2019-07-19,2019-07-19 09:35:38,0.34,1.1724,552,0.33,1.1379,1012,0.33,1.1379,1,0.335,1.1551,2241,0
SPY190722P298,2019-07-19,2019-07-19 09:35:39,0.34,1.1724,552,0.33,1.1379,1152,0.33,1.1379,1,0.335,1.1551,2241,0
SPY190722P298,2019-07-19,2019-07-19 09:35:40,0.34,1.1724,552,0.33,1.1379,1073,0.33,1.1379,1,0.335,1.1551,2241,0
SPY190722P298,2019-07-19,2019-07-19 09:35:40,0.34,1.1724,552,0.33,1.1379,1152,0.33,1.1379,1,0.335,1.1551,2241,0
SPY190722P298,2019-07-19,2019-07-19 09:35:41,0.34,1.1724,552,0.33,1.1379,1073,0.33,1.1379,1,0.335,1.1551,2241,0
SPY190722P298,2019-07-19,2019-07-19 09:35:42,0.34,1.1724,552,0.33,1.1379,1073,0.33,1.1379,1,0.335,1.1551,2241,0
SPY190722P298,2019-07-19,2019-07-19 09:35:42,0.34,1.1724,368,0.33,1.1379,1137,0.33,1.1379,1,0.335,1.1551,2241,0
SPY190722P298,2019-07-19,2019-07-19 09:35:43,0.34,1.1724,368,0.33,1.1379,2112,0.33,1.1379,1,0.335,1.1551,2241,0
SPY190722P298,2019-07-19,2019-07-19 09:35:43,0.34,1.1724,449,0.33,1.1379,2112,0.33,1.1379,1,0.335,1.1551,2241,0
SPY190722P298,2019-07-19,2019-07-19 09:35:44,0.34,1.1724,345,0.33,1.1379,1581,0.33,1.1379,1,0.335,1.1551,2241,0
SPY190722P298,2019-07-19,2019-07-19 09:35:44,0.34,1.1724,345,0.33,1.1379,1413,0.33,1.1379,1,0.335,1.1551,2241,0
SPY190722P298,2019-07-19,2019-07-19 09:35:45,0.34,1.1724,461,0.33,1.1379,1330,0.33,1.1379,1,0.335,1.1551,2241,0
SPY190722P298,2019-07-19,2019-07-19 09:35:46,0.34,1.1724,461,0.33,1.1379,1330,0.33,1.1379,1,0.335,1.1551,2241,0
SPY190722P298,2019-07-19,2019-07-19 09:35:47,0.34,1.1724,461,0.33,1.1379,1353,0.33,1.1379,1,0.335,1.1551,2241,0
SPY190722P298,2019-07-19,2019-07-19 09:35:48,0.34,1.1724,198,0.33,1.1379,1415,0.33,1.1379,1,0.335,1.1551,2241,0
SPY190722P298,2019-07-19,2019-07-19 09:35:48,0.34,1.1724,346,0.33,1.1379,1415,0.33,1.1379,1,0.335,1.1551,2241,0
SPY190722P298,2019-07-19,2019-07-19 09:35:49,0.34,1.1724,346,0.33,1.1379,1162,0.33,1.1379,1,0.335,1.1551,2241,0
SPY190722P298,2019-07-19,2019-07-19 09:35:49,0.34,1.1724,346,0.33,1.1379,1415,0.33,1.1379,1,0.335,1.1551,2241,0
SPY190722P298,2019-07-19,2019-07-19 09:35:50,0.34,1.1724,338,0.33,1.1379,1162,0.33,1.1379,1,0.335,1.1551,2241,0
SPY190722P298,2019-07-19,2019-07-19 09:35:51,0.34,1.1724,338,0.33,1.1379,1232,0.33,1.1379,10,0.335,1.1551,2251,10
SPY190722P298,2019-07-19,2019-07-19 09:35:52,0.34,1.1724,338,0.33,1.1379,1853,0.33,1.1379,10,0.335,1.1551,2251,0
SPY190722P298,2019-07-19,2019-07-19 09:35:52,0.34,1.1724,338,0.33,1.1379,1232,0.33,1.1379,10,0.335,1.1551,2251,0
SPY190722P298,2019-07-19,2019-07-19 09:35:53,0.34,1.1724,7,0.33,1.1379,1261,0.33,1.1379,10,0.335,1.1551,2251,0
SPY190722P298,2019-07-19,2019-07-19 09:35:53,0.34,1.1724,338,0.33,1.1379,2636,0.33,1.1379,10,0.335,1.1551,2251,0
SPY190722P298,2019-07-19,2019-07-19 09:35:54,0.34,1.1724,379,0.33,1.1379,1074,0.33,1.1379,10,0.335,1.1551,2251,0
SPY190722P298,2019-07-19,2019-07-19 09:35:54,0.34,1.1724,188,0.33,1.1379,1219,0.33,1.1379,10,0.335,1.1551,2251,0
SPY190722P298,2019-07-19,2019-07-19 09:35:55,0.34,1.1724,379,0.33,1.1379,1162,0.33,1.1379,10,0.335,1.1551,2251,0
SPY190722P298,2019-07-19,2019-07-19 09:35:56,0.34,1.1724,379,0.33,1.1379,1162,0.33,1.1379,10,0.335,1.1551,2251,0
SPY190722P298,2019-07-19,2019-07-19 09:35:57,0.34,1.1724,349,0.33,1.1379,1246,0.33,1.1379,10,0.335,1.1551,2251,0
SPY190722P298,2019-07-19,2019-07-19 09:35:57,0.34,1.1724,148,0.33,1.1379,1644,0.33,1.1379,10,0.335,1.1551,2251,0
SPY190722P298,2019-07-19,2019-07-19 09:35:58,0.34,1.1724,6,0.33,1.1379,1812,0.33,1.1379,10,0.335,1.1551,2251,0
SPY190722P298,2019-07-19,2019-07-19 09:35:58,0.34,1.1724,210,0.33,1.1379,1531,0.33,1.1379,10,0.335,1.1551,2251,0
SPY190722P298,2019-07-19,2019-07-19 09:35:59,0.34,1.1724,319,0.33,1.1379,1208,0.33,1.1379,10,0.335,1.1551,2251,0
SPY190722P298,2019-07-19,2019-07-19 09:35:59,0.34,1.1724,330,0.33,1.1379,1208,0.33,1.1379,10,0.335,1.1551,2251,0
SPY190722P298,2019-07-19,2019-07-19 09:36:00,0.34,1.1724,1325,0.33,1.1379,311,0.33,1.1379,10,0.335,1.1551,2251,0
SPY190722P298,2019-07-19,2019-07-19 09:36:00,0.34,1.1724,624,0.33,1.1379,311,0.33,1.1379,10,0.335,1.1551,2251,0
SPY190722P298,2019-07-19,2019-07-19 09:36:01,0.34,1.1724,1426,0.33,1.1379,217,0.33,1.1379,10,0.335,1.1551,2251,0
SPY190722P298,2019-07-19,2019-07-19 09:36:02,0.34,1.1724,1426,0.33,1.1379,217,0.33,1.1379,10,0.335,1.1551,2251,0
SPY190722P298,2019-07-19,2019-07-19 09:36:02,0.34,1.1724,1628,0.33,1.1379,217,0.33,1.1379,10,0.335,1.1551,2251,0
SPY190722P298,2019-07-19,2019-07-19 09:36:03,0.34,1.1724,1705,0.33,1.1379,217,0.33,1.1379,10,0.335,1.1551,2251,0
SPY190722P298,2019-07-19,2019-07-19 09:36:04,0.34,1.1724,372,0.33,1.1379,1249,0.33,1.1379,5,0.335,1.1551,2256,0
SPY190722P298,2019-07-19,2019-07-19 09:36:04,0.34,1.1724,416,0.33,1.1379,649,0.33,1.1379,5,0.335,1.1551,2256,5
SPY190722P298,2019-07-19,2019-07-19 09:36:05,0.34,1.1724,372,0.33,1.1379,2496,0.33,1.1379,5,0.335,1.1551,2256,0
SPY190722P298,2019-07-19,2019-07-19 09:36:06,0.34,1.1724,258,0.33,1.1379,1783,0.33,1.1379,5,0.335,1.1551,2256,0
SPY190722P298,2019-07-19,2019-07-19 09:36:06,0.34,1.1724,372,0.33,1.1379,2357,0.33,1.1379,5,0.335,1.1551,2256,0
SPY190722P298,2019-07-19,2019-07-19 09:36:07,0.34,1.1724,6,0.33,1.1379,2596,0.33,1.1379,5,0.335,1.1551,2256,0
SPY190722P298,2019-07-19,2019-07-19 09:36:07,0.34,1.1724,5,0.33,1.1379,2596,0.33,1.1379,5,0.335,1.1551,2256,0
SPY190722P298,2019-07-19,2019-07-19 09:36:08,0.34,1.1724,248,0.33,1.1379,1019,0.33,1.1379,5,0.335,1.1551,2256,0
SPY190722P298,2019-07-19,2019-07-19 09:36:08,0.34,1.1724,72,0.33,1.1379,1297,0.33,1.1379,5,0.335,1.1551,2256,0
SPY190722P298,2019-07-19,2019-07-19 09:36:09,0.34,1.1724,347,0.33,1.1379,1187,0.33,1.1379,5,0.335,1.1551,2256,0
SPY190722P298,2019-07-19,2019-07-19 09:36:09,0.34,1.1724,252,0.33,1.1379,1187,0.33,1.1379,5,0.335,1.1551,2256,0
SPY190722P298,2019-07-19,2019-07-19 09:36:10,0.34,1.1724,347,0.33,1.1379,1749,0.33,1.1379,5,0.335,1.1551,2256,0
SPY190722P298,2019-07-19,2019-07-19 09:36:11,0.34,1.1724,347,0.33,1.1379,1749,0.33,1.1379,5,0.335,1.1551,2256,0
SPY190722P298,2019-07-19,2019-07-19 09:36:11,0.34,1.1724,347,0.33,1.1379,1865,0.33,1.1379,5,0.335,1.1551,2256,0
SPY190722P298,2019-07-19,2019-07-19 09:36:12,0.34,1.1724,454,0.33,1.1379,2033,0.33,1.1379,5,0.335,1.1551,2256,0
SPY190722P298,2019-07-19,2019-07-19 09:36:12,0.34,1.1724,915,0.33,1.1379,974,0.33,1.1379,5,0.335,1.1551,2256,0
SPY190722P298,2019-07-19,2019-07-19 09:36:13,0.34,1.1724,1197,0.32,1.1034,2441,0.33,1.1379,5,0.33,1.1379,2256,0
SPY190722P298,2019-07-19,2019-07-19 09:36:14,0.33,1.1379,17,0.32,1.1034,1617,0.33,1.1379,5,0.325,1.1206,2256,0
SPY190722P298,2019-07-19,2019-07-19 09:36:15,0.33,1.1379,349,0.32,1.1034,1690,0.33,1.1379,5,0.325,1.1206,2256,0
SPY190722P298,2019-07-19,2019-07-19 09:36:15,0.33,1.1379,349,0.32,1.1034,1519,0.33,1.1379,5,0.325,1.1206,2256,0
SPY190722P298,2019-07-19,2019-07-19 09:36:16,0.33,1.1379,100,0.32,1.1034,2769,0.33,1.1379,5,0.325,1.1206,2256,0
SPY190722P298,2019-07-19,2019-07-19 09:36:16,0.33,1.1379,29,0.32,1.1034,3173,0.33,1.1379,5,0.325,1.1206,2256,0
SPY190722P298,2019-07-19,2019-07-19 09:36:17,0.33,1.1379,146,0.32,1.1034,2757,0.33,1.1379,5,0.325,1.1206,2256,0
SPY190722P298,2019-07-19,2019-07-19 09:36:18,0.34,1.1724,374,0.33,1.1379,528,0.33,1.1379,5,0.335,1.1551,2256,0
SPY190722P298,2019-07-19,2019-07-19 09:36:18,0.33,1.1379,108,0.32,1.1034,2157,0.33,1.1379,5,0.325,1.1206,2256,0
SPY190722P298,2019-07-19,2019-07-19 09:36:19,0.34,1.1724,476,0.33,1.1379,1233,0.33,1.1379,5,0.335,1.1551,2256,0
SPY190722P298,2019-07-19,2019-07-19 09:36:19,0.34,1.1724,272,0.33,1.1379,896,0.33,1.1379,5,0.335,1.1551,2256,0
SPY190722P298,2019-07-19,2019-07-19 09:36:20,0.34,1.1724,256,0.33,1.1379,694,0.33,1.1379,5,0.335,1.1551,2256,0
SPY190722P298,2019-07-19,2019-07-19 09:36:20,0.34,1.1724,1335,0.33,1.1379,827,0.33,1.1379,20,0.335,1.1551,2276,20
SPY190722P298,2019-07-19,2019-07-19 09:36:21,0.34,1.1724,397,0.33,1.1379,1208,0.33,1.1379,20,0.335,1.1551,2276,0
SPY190722P298,2019-07-19,2019-07-19 09:36:22,0.34,1.1724,1113,0.33,1.1379,561,0.33,1.1379,20,0.335,1.1551,2276,0
SPY190722P298,2019-07-19,2019-07-19 09:36:22,0.34,1.1724,376,0.33,1.1379,1054,0.33,1.1379,20,0.335,1.1551,2276,0
SPY190722P298,2019-07-19,2019-07-19 09:36:23,0.34,1.1724,1571,0.33,1.1379,228,0.33,1.1379,20,0.335,1.1551,2276,0
SPY190722P298,2019-07-19,2019-07-19 09:36:23,0.34,1.1724,1421,0.33,1.1379,384,0.33,1.1379,20,0.335,1.1551,2276,0
SPY190722P298,2019-07-19,2019-07-19 09:36:24,0.34,1.1724,1421,0.33,1.1379,384,0.33,1.1379,20,0.335,1.1551,2276,0
SPY190722P298,2019-07-19,2019-07-19 09:36:25,0.34,1.1724,1482,0.33,1.1379,276,0.33,1.1379,20,0.335,1.1551,2276,0
SPY190722P298,2019-07-19,2019-07-19 09:36:26,0.34,1.1724,1422,0.33,1.1379,510,0.33,1.1379,20,0.335,1.1551,2276,0
SPY190722P298,2019-07-19,2019-07-19 09:36:26,0.34,1.1724,1222,0.33,1.1379,510,0.33,1.1379,20,0.335,1.1551,2276,0
SPY190722P298,2019-07-19,2019-07-19 09:36:27,0.34,1.1724,1422,0.33,1.1379,385,0.33,1.1379,20,0.335,1.1551,2276,0
SPY190722P298,2019-07-19,2019-07-19 09:36:27,0.34,1.1724,1422,0.33,1.1379,305,0.33,1.1379,20,0.335,1.1551,2276,0
SPY190722P298,2019-07-19,2019-07-19 09:36:28,0.33,1.1379,349,0.32,1.1034,1627,0.33,1.1379,20,0.325,1.1206,2276,0
SPY190722P298,2019-07-19,2019-07-19 09:36:28,0.34,1.1724,1422,0.33,1.1379,276,0.33,1.1379,20,0.335,1.1551,2276,0
SPY190722P298,2019-07-19,2019-07-19 09:36:29,0.33,1.1379,349,0.32,1.1034,1636,0.33,1.1379,20,0.325,1.1206,2276,0
SPY190722P298,2019-07-19,2019-07-19 09:36:29,0.34,1.1724,953,0.33,1.1379,384,0.33,1.1379,20,0.335,1.1551,2276,0
SPY190722P298,2019-07-19,2019-07-19 09:36:30,0.34,1.1724,547,0.33,1.1379,384,0.33,1.1379,20,0.335,1.1551,2276,0
SPY190722P298,2019-07-19,2019-07-19 09:36:31,0.33,1.1379,379,0.32,1.1034,1848,0.33,1.1379,20,0.325,1.1206,2276,0
SPY190722P298,2019-07-19,2019-07-19 09:36:31,0.34,1.1724,547,0.32,1.1034,1526,0.33,1.1379,20,0.33,1.1379,2276,0
SPY190722P298,2019-07-19,2019-07-19 09:36:32,0.33,1.1379,376,0.32,1.1034,2138,0.33,1.1379,20,0.325,1.1206,2276,0
SPY190722P298,2019-07-19,2019-07-19 09:36:32,0.33,1.1379,376,0.32,1.1034,1574,0.33,1.1379,20,0.325,1.1206,2276,0
SPY190722P298,2019-07-19,2019-07-19 09:36:33,0.33,1.1379,248,0.32,1.1034,1601,0.33,1.1379,20,0.325,1.1206,2276,0
SPY190722P298,2019-07-19,2019-07-19 09:36:33,0.33,1.1379,376,0.32,1.1034,1574,0.33,1.1379,20,0.325,1.1206,2276,0
SPY190722P298,2019-07-19,2019-07-19 09:36:34,0.33,1.1379,248,0.32,1.1034,1661,0.33,1.1379,20,0.325,1.1206,2276,0
SPY190722P298,2019-07-19,2019-07-19 09:36:34,0.33,1.1379,581,0.32,1.1034,1661,0.33,1.1379,20,0.325,1.1206,2276,0
SPY190722P298,2019-07-19,2019-07-19 09:36:35,0.33,1.1379,471,0.32,1.1034,1661,0.33,1.1379,20,0.325,1.1206,2276,0
SPY190722P298,2019-07-19,2019-07-19 09:36:36,0.33,1.1379,773,0.32,1.1034,1127,0.33,1.1379,20,0.325,1.1206,2276,0
SPY190722P298,2019-07-19,2019-07-19 09:36:36,0.33,1.1379,458,0.32,1.1034,1661,0.33,1.1379,20,0.325,1.1206,2276,0
SPY190722P298,2019-07-19,2019-07-19 09:36:37,0.33,1.1379,1538,0.32,1.1034,381,0.33,1.1379,20,0.325,1.1206,2276,0
SPY190722P298,2019-07-19,2019-07-19 09:36:37,0.33,1.1379,1486,0.32,1.1034,722,0.33,1.1379,20,0.325,1.1206,2276,0
SPY190722P298,2019-07-19,2019-07-19 09:36:38,0.33,1.1379,876,0.32,1.1034,413,0.33,1.1379,20,0.325,1.1206,2276,0
SPY190722P298,2019-07-19,2019-07-19 09:36:39,0.33,1.1379,371,0.32,1.1034,955,0.33,1.1379,20,0.325,1.1206,2276,0
SPY190722P298,2019-07-19,2019-07-19 09:36:39,0.33,1.1379,975,0.32,1.1034,1361,0.33,1.1379,20,0.325,1.1206,2276,0
SPY190722P298,2019-07-19,2019-07-19 09:36:40,0.33,1.1379,579,0.32,1.1034,1015,0.33,1.1379,20,0.325,1.1206,2276,0
SPY190722P298,2019-07-19,2019-07-19 09:36:40,0.33,1.1379,579,0.32,1.1034,1073,0.33,1.1379,20,0.325,1.1206,2276,0
SPY190722P298,2019-07-19,2019-07-19 09:36:41,0.33,1.1379,579,0.32,1.1034,1490,0.33,1.1379,20,0.325,1.1206,2276,0
SPY190722P298,2019-07-19,2019-07-19 09:36:41,0.33,1.1379,579,0.32,1.1034,1038,0.33,1.1379,20,0.325,1.1206,2276,0
SPY190722P298,2019-07-19,2019-07-19 09:36:42,0.33,1.1379,1277,0.32,1.1034,598,0.33,1.1379,20,0.325,1.1206,2276,0
SPY190722P298,2019-07-19,2019-07-19 09:36:42,0.33,1.1379,1310,0.32,1.1034,488,0.33,1.1379,20,0.325,1.1206,2276,0
SPY190722P298,2019-07-19,2019-07-19 09:36:43,0.33,1.1379,1310,0.32,1.1034,597,0.33,1.1379,20,0.325,1.1206,2276,0
SPY190722P298,2019-07-19,2019-07-19 09:36:44,0.33,1.1379,1310,0.32,1.1034,807,0.33,1.1379,20,0.325,1.1206,2276,0
SPY190722P298,2019-07-19,2019-07-19 09:36:44,0.33,1.1379,1735,0.32,1.1034,488,0.33,1.1379,20,0.325,1.1206,2276,0
SPY190722P298,2019-07-19,2019-07-19 09:36:45,0.33,1.1379,610,0.32,1.1034,1388,0.33,1.1379,20,0.325,1.1206,2276,0
SPY190722P298,2019-07-19,2019-07-19 09:36:45,0.33,1.1379,849,0.32,1.1034,904,0.33,1.1379,20,0.325,1.1206,2276,0
SPY190722P298,2019-07-19,2019-07-19 09:36:46,0.33,1.1379,610,0.32,1.1034,1257,0.33,1.1379,20,0.325,1.1206,2276,0
SPY190722P298,2019-07-19,2019-07-19 09:36:46,0.33,1.1379,610,0.32,1.1034,1202,0.33,1.1379,20,0.325,1.1206,2276,0
SPY190722P298,2019-07-19,2019-07-19 09:36:47,0.33,1.1379,5,0.32,1.1034,2015,0.33,1.1379,20,0.325,1.1206,2276,0
SPY190722P298,2019-07-19,2019-07-19 09:36:48,0.33,1.1379,283,0.32,1.1034,2058,0.33,1.1379,20,0.325,1.1206,2276,0
SPY190722P298,2019-07-19,2019-07-19 09:36:48,0.33,1.1379,5,0.32,1.1034,2058,0.33,1.1379,20,0.325,1.1206,2276,0
SPY190722P298,2019-07-19,2019-07-19 09:36:49,0.33,1.1379,98,0.32,1.1034,2641,0.33,1.1379,20,0.325,1.1206,2276,0
SPY190722P298,2019-07-19,2019-07-19 09:36:49,0.33,1.1379,98,0.32,1.1034,2344,0.33,1.1379,20,0.325,1.1206,2276,0
SPY190722P298,2019-07-19,2019-07-19 09:36:50,0.33,1.1379,98,0.32,1.1034,2751,0.33,1.1379,1,0.325,1.1206,2277,1
SPY190722P298,2019-07-19,2019-07-19 09:36:50,0.33,1.1379,248,0.32,1.1034,1934,0.33,1.1379,1,0.325,1.1206,2277,0
SPY190722P298,2019-07-19,2019-07-19 09:36:51,0.33,1.1379,248,0.32,1.1034,1695,0.33,1.1379,1,0.325,1.1206,2277,0
SPY190722P298,2019-07-19,2019-07-19 09:36:51,0.33,1.1379,374,0.32,1.1034,1695,0.33,1.1379,1,0.325,1.1206,2277,0
SPY190722P298,2019-07-19,2019-07-19 09:36:52,0.33,1.1379,344,0.32,1.1034,1880,0.33,1.1379,1,0.325,1.1206,2277,0
SPY190722P298,2019-07-19,2019-07-19 09:36:53,0.33,1.1379,344,0.32,1.1034,2626,0.33,1.1379,1,0.325,1.1206,2277,0
SPY190722P298,2019-07-19,2019-07-19 09:36:53,0.33,1.1379,5,0.32,1.1034,2632,0.33,1.1379,1,0.325,1.1206,2277,0
SPY190722P298,2019-07-19,2019-07-19 09:36:54,0.33,1.1379,5,0.32,1.1034,3627,0.33,1.1379,1,0.325,1.1206,2278,1
SPY190722P298,2019-07-19,2019-07-19 09:36:54,0.33,1.1379,5,0.32,1.1034,2794,0.33,1.1379,1,0.325,1.1206,2277,0
SPY190722P298,2019-07-19,2019-07-19 09:36:55,0.33,1.1379,1,0.32,1.1034,3599,0.33,1.1379,1,0.325,1.1206,2278,0
SPY190722P298,2019-07-19,2019-07-19 09:36:55,0.33,1.1379,1,0.32,1.1034,3463,0.33,1.1379,1,0.325,1.1206,2278,0
SPY190722P298,2019-07-19,2019-07-19 09:36:56,0.33,1.1379,1,0.32,1.1034,3463,0.33,1.1379,1,0.325,1.1206,2278,0
SPY190722P298,2019-07-19,2019-07-19 09:36:56,0.33,1.1379,1,0.32,1.1034,3012,0.33,1.1379,1,0.325,1.1206,2278,0
SPY190722P298,2019-07-19,2019-07-19 09:36:57,0.33,1.1379,1,0.32,1.1034,3463,0.33,1.1379,1,0.325,1.1206,2278,0
SPY190722P298,2019-07-19,2019-07-19 09:36:58,0.33,1.1379,1,0.32,1.1034,1332,0.33,1.1379,1,0.325,1.1206,2278,0
SPY190722P298,2019-07-19,2019-07-19 09:36:58,0.33,1.1379,1,0.32,1.1034,3012,0.33,1.1379,1,0.325,1.1206,2278,0
SPY190722P298,2019-07-19,2019-07-19 09:36:59,0.33,1.1379,323,0.32,1.1034,1280,0.33,1.1379,1,0.325,1.1206,2278,0
SPY190722P298,2019-07-19,2019-07-19 09:36:59,0.33,1.1379,117,0.32,1.1034,699,0.33,1.1379,1,0.325,1.1206,2278,0
SPY190722P298,2019-07-19,2019-07-19 09:37:00,0.33,1.1379,361,0.32,1.1034,370,0.33,1.1379,1,0.325,1.1206,2278,0
SPY190722P298,2019-07-19,2019-07-19 09:37:00,0.33,1.1379,416,0.32,1.1034,723,0.33,1.1379,1,0.325,1.1206,2278,0
SPY190722P298,2019-07-19,2019-07-19 09:37:01,0.33,1.1379,416,0.32,1.1034,1592,0.33,1.1379,1,0.325,1.1206,2278,0
SPY190722P298,2019-07-19,2019-07-19 09:37:02,0.33,1.1379,280,0.32,1.1034,1975,0.33,1.1379,1,0.325,1.1206,2278,0
SPY190722P298,2019-07-19,2019-07-19 09:37:02,0.33,1.1379,280,0.32,1.1034,2824,0.33,1.1379,1,0.325,1.1206,2278,0
SPY190722P298,2019-07-19,2019-07-19 09:37:03,0.33,1.1379,1,0.32,1.1034,2624,0.33,1.1379,1,0.325,1.1206,2278,0
SPY190722P298,2019-07-19,2019-07-19 09:37:03,0.33,1.1379,280,0.32,1.1034,1992,0.33,1.1379,1,0.325,1.1206,2278,0
SPY190722P298,2019-07-19,2019-07-19 09:37:04,0.33,1.1379,1,0.32,1.1034,3341,0.33,1.1379,1,0.325,1.1206,2278,0
SPY190722P298,2019-07-19,2019-07-19 09:37:05,0.33,1.1379,1,0.32,1.1034,3341,0.33,1.1379,1,0.325,1.1206,2278,0
SPY190722P298,2019-07-19,2019-07-19 09:37:06,0.33,1.1379,1,0.32,1.1034,3852,0.33,1.1379,1,0.325,1.1206,2278,0
SPY190722P298,2019-07-19,2019-07-19 09:37:06,0.33,1.1379,1,0.32,1.1034,3341,0.33,1.1379,1,0.325,1.1206,2278,0
SPY190722P298,2019-07-19,2019-07-19 09:37:07,0.33,1.1379,1,0.32,1.1034,3173,0.33,1.1379,1,0.325,1.1206,2278,0
SPY190722P298,2019-07-19,2019-07-19 09:37:07,0.33,1.1379,1,0.32,1.1034,3842,0.32,1.1034,1,0.325,1.1206,2279,1
SPY190722P298,2019-07-19,2019-07-19 09:37:08,0.33,1.1379,1,0.32,1.1034,2775,0.32,1.1034,1,0.325,1.1206,2279,0
SPY190722P298,2019-07-19,2019-07-19 09:37:09,0.33,1.1379,1,0.32,1.1034,2526,0.32,1.1034,1,0.325,1.1206,2279,0
SPY190722P298,2019-07-19,2019-07-19 09:37:09,0.33,1.1379,1,0.32,1.1034,2694,0.32,1.1034,1,0.325,1.1206,2279,0
SPY190722P298,2019-07-19,2019-07-19 09:37:10,0.33,1.1379,1,0.32,1.1034,2526,0.32,1.1034,1,0.325,1.1206,2279,0
SPY190722P298,2019-07-19,2019-07-19 09:37:11,0.33,1.1379,1,0.32,1.1034,2935,0.32,1.1034,1,0.325,1.1206,2279,0
SPY190722P298,2019-07-19,2019-07-19 09:37:12,0.33,1.1379,1,0.32,1.1034,2935,0.32,1.1034,1,0.325,1.1206,2279,0
SPY190722P298,2019-07-19,2019-07-19 09:37:12,0.33,1.1379,1,0.32,1.1034,3105,0.32,1.1034,1,0.325,1.1206,2279,0
SPY190722P298,2019-07-19,2019-07-19 09:37:13,0.33,1.1379,1,0.32,1.1034,2996,0.32,1.1034,1,0.325,1.1206,2279,0
SPY190722P298,2019-07-19,2019-07-19 09:37:13,0.33,1.1379,1,0.32,1.1034,3105,0.32,1.1034,1,0.325,1.1206,2279,0
SPY190722P298,2019-07-19,2019-07-19 09:37:14,0.33,1.1379,1,0.32,1.1034,2996,0.32,1.1034,1,0.325,1.1206,2279,0
SPY190722P298,2019-07-19,2019-07-19 09:37:14,0.33,1.1379,1,0.32,1.1034,2937,0.32,1.1034,1,0.325,1.1206,2279,0
SPY190722P298,2019-07-19,2019-07-19 09:37:15,0.33,1.1379,1,0.32,1.1034,3105,0.32,1.1034,1,0.325,1.1206,2279,0
SPY190722P298,2019-07-19,2019-07-19 09:37:16,0.33,1.1379,1,0.32,1.1034,3105,0.32,1.1034,1,0.325,1.1206,2279,0
SPY190722P298,2019-07-19,2019-07-19 09:37:17,0.33,1.1379,1,0.32,1.1034,2824,0.32,1.1034,1,0.325,1.1206,2279,0
SPY190722P298,2019-07-19,2019-07-19 09:37:17,0.33,1.1379,1,0.32,1.1034,3106,0.32,1.1034,1,0.325,1.1206,2279,0
SPY190722P298,2019-07-19,2019-07-19 09:37:18,0.34,1.1724,7,0.33,1.1379,1517,0.33,1.1379,1,0.335,1.1551,2280,0
SPY190722P298,2019-07-19,2019-07-19 09:37:18,0.34,1.1724,402,0.33,1.1379,67,0.33,1.1379,1,0.335,1.1551,2280,1
SPY190722P298,2019-07-19,2019-07-19 09:37:19,0.34,1.1724,16,0.33,1.1379,1517,0.33,1.1379,1,0.335,1.1551,2280,0
SPY190722P298,2019-07-19,2019-07-19 09:37:19,0.35,1.2068,1313,0.34,1.1724,385,0.33,1.1379,1,0.345,1.1896,2280,0
SPY190722P298,2019-07-19,2019-07-19 09:37:20,0.35,1.2068,1187,0.34,1.1724,385,0.33,1.1379,1,0.345,1.1896,2280,0
SPY190722P298,2019-07-19,2019-07-19 09:37:21,0.35,1.2068,436,0.34,1.1724,901,0.33,1.1379,1,0.345,1.1896,2280,0
SPY190722P298,2019-07-19,2019-07-19 09:37:21,0.35,1.2068,1039,0.34,1.1724,385,0.33,1.1379,1,0.345,1.1896,2280,0
SPY190722P298,2019-07-19,2019-07-19 09:37:22,0.35,1.2068,518,0.34,1.1724,1409,0.33,1.1379,1,0.345,1.1896,2280,0
SPY190722P298,2019-07-19,2019-07-19 09:37:22,0.35,1.2068,607,0.34,1.1724,1728,0.33,1.1379,1,0.345,1.1896,2280,0
SPY190722P298,2019-07-19,2019-07-19 09:37:23,0.35,1.2068,1373,0.34,1.1724,625,0.33,1.1379,1,0.345,1.1896,2280,0
SPY190722P298,2019-07-19,2019-07-19 09:37:23,0.35,1.2068,1029,0.34,1.1724,893,0.33,1.1379,1,0.345,1.1896,2280,0
SPY190722P298,2019-07-19,2019-07-19 09:37:24,0.35,1.2068,1373,0.34,1.1724,625,0.33,1.1379,1,0.345,1.1896,2280,0
SPY190722P298,2019-07-19,2019-07-19 09:37:24,0.35,1.2068,1014,0.34,1.1724,625,0.33,1.1379,1,0.345,1.1896,2280,0
SPY190722P298,2019-07-19,2019-07-19 09:37:25,0.35,1.2068,1014,0.34,1.1724,620,0.35,1.2068,36,0.345,1.1896,2330,50
SPY190722P298,2019-07-19,2019-07-19 09:37:26,0.35,1.2068,1096,0.34,1.1724,620,0.35,1.2068,36,0.345,1.1896,2330,0
SPY190722P298,2019-07-19,2019-07-19 09:37:27,0.35,1.2068,1096,0.34,1.1724,465,0.35,1.2068,36,0.345,1.1896,2330,0
SPY190722P298,2019-07-19,2019-07-19 09:37:28,0.35,1.2068,1096,0.34,1.1724,465,0.35,1.2068,36,0.345,1.1896,2330,0
SPY190722P298,2019-07-19,2019-07-19 09:37:29,0.35,1.2068,1336,0.34,1.1724,465,0.35,1.2068,36,0.345,1.1896,2330,0
SPY190722P298,2019-07-19,2019-07-19 09:37:29,0.35,1.2068,1336,0.34,1.1724,576,0.34,1.1724,2,0.345,1.1896,2332,2
SPY190722P298,2019-07-19,2019-07-19 09:37:30,0.35,1.2068,2165,0.34,1.1724,168,0.34,1.1724,1,0.345,1.1896,2336,4
SPY190722P298,2019-07-19,2019-07-19 09:37:30,0.35,1.2068,1986,0.34,1.1724,217,0.34,1.1724,1,0.345,1.1896,2338,2
SPY190722P298,2019-07-19,2019-07-19 09:37:31,0.35,1.2068,1778,0.34,1.1724,217,0.34,1.1724,1,0.345,1.1896,2338,0
SPY190722P298,2019-07-19,2019-07-19 09:37:32,0.35,1.2068,1778,0.34,1.1724,353,0.34,1.1724,1,0.345,1.1896,2338,0
SPY190722P298,2019-07-19,2019-07-19 09:37:32,0.35,1.2068,1856,0.34,1.1724,353,0.34,1.1724,3,0.345,1.1896,2344,6
SPY190722P298,2019-07-19,2019-07-19 09:37:33,0.35,1.2068,2084,0.34,1.1724,124,0.34,1.1724,1,0.345,1.1896,2345,1
SPY190722P298,2019-07-19,2019-07-19 09:37:34,0.35,1.2068,1856,0.34,1.1724,220,0.34,1.1724,1,0.345,1.1896,2345,0
SPY190722P298,2019-07-19,2019-07-19 09:37:34,0.35,1.2068,2055,0.34,1.1724,564,0.34,1.1724,1,0.345,1.1896,2345,0
SPY190722P298,2019-07-19,2019-07-19 09:37:35,0.35,1.2068,1714,0.34,1.1724,564,0.34,1.1724,1,0.345,1.1896,2345,0
SPY190722P298,2019-07-19,2019-07-19 09:37:36,0.35,1.2068,1437,0.34,1.1724,455,0.34,1.1724,1,0.345,1.1896,2345,0
SPY190722P298,2019-07-19,2019-07-19 09:37:36,0.35,1.2068,2055,0.34,1.1724,564,0.34,1.1724,1,0.345,1.1896,2345,0
SPY190722P298,2019-07-19,2019-07-19 09:37:37,0.35,1.2068,1901,0.34,1.1724,288,0.34,1.1724,1,0.345,1.1896,2345,0
SPY190722P298,2019-07-19,2019-07-19 09:37:37,0.35,1.2068,1437,0.34,1.1724,288,0.34,1.1724,1,0.345,1.1896,2345,0
SPY190722P298,2019-07-19,2019-07-19 09:37:38,0.35,1.2068,1680,0.34,1.1724,288,0.34,1.1724,1,0.345,1.1896,2345,0
SPY190722P298,2019-07-19,2019-07-19 09:37:39,0.35,1.2068,1734,0.34,1.1724,384,0.34,1.1724,1,0.345,1.1896,2345,0
SPY190722P298,2019-07-19,2019-07-19 09:37:39,0.35,1.2068,1784,0.34,1.1724,220,0.34,1.1724,1,0.345,1.1896,2345,0
SPY190722P298,2019-07-19,2019-07-19 09:37:40,0.35,1.2068,1734,0.34,1.1724,220,0.34,1.1724,1,0.345,1.1896,2345,0
SPY190722P298,2019-07-19,2019-07-19 09:37:40,0.35,1.2068,1734,0.34,1.1724,384,0.34,1.1724,1,0.345,1.1896,2345,0
SPY190722P298,2019-07-19,2019-07-19 09:37:41,0.35,1.2068,990,0.34,1.1724,564,0.34,1.1724,1,0.345,1.1896,2345,0
SPY190722P298,2019-07-19,2019-07-19 09:37:42,0.35,1.2068,990,0.34,1.1724,609,0.34,1.1724,1,0.345,1.1896,2345,0
SPY190722P298,2019-07-19,2019-07-19 09:37:43,0.35,1.2068,990,0.34,1.1724,700,0.34,1.1724,1,0.345,1.1896,2345,0
SPY190722P298,2019-07-19,2019-07-19 09:37:43,0.35,1.2068,1601,0.34,1.1724,919,0.34,1.1724,1,0.345,1.1896,2345,0
SPY190722P298,2019-07-19,2019-07-19 09:37:44,0.35,1.2068,2089,0.34,1.1724,700,0.34,1.1724,1,0.345,1.1896,2345,0
SPY190722P298,2019-07-19,2019-07-19 09:37:44,0.35,1.2068,2434,0.34,1.1724,700,0.34,1.1724,10,0.345,1.1896,2355,10
SPY190722P298,2019-07-19,2019-07-19 09:37:45,0.35,1.2068,2018,0.34,1.1724,700,0.34,1.1724,10,0.345,1.1896,2355,0
SPY190722P298,2019-07-19,2019-07-19 09:37:46,0.35,1.2068,765,0.34,1.1724,1500,0.34,1.1724,10,0.345,1.1896,2355,0
SPY190722P298,2019-07-19,2019-07-19 09:37:46,0.35,1.2068,415,0.34,1.1724,1371,0.34,1.1724,10,0.345,1.1896,2355,0
SPY190722P298,2019-07-19,2019-07-19 09:37:47,0.35,1.2068,373,0.34,1.1724,1371,0.34,1.1724,10,0.345,1.1896,2355,0
SPY190722P298,2019-07-19,2019-07-19 09:37:48,0.35,1.2068,373,0.34,1.1724,1371,0.34,1.1724,10,0.345,1.1896,2355,0
SPY190722P298,2019-07-19,2019-07-19 09:37:49,0.35,1.2068,285,0.34,1.1724,1371,0.34,1.1724,10,0.345,1.1896,2355,0
SPY190722P298,2019-07-19,2019-07-19 09:37:50,0.35,1.2068,259,0.34,1.1724,1382,0.34,1.1724,10,0.345,1.1896,2355,0
SPY190722P298,2019-07-19,2019-07-19 09:37:50,0.35,1.2068,285,0.34,1.1724,1382,0.34,1.1724,10,0.345,1.1896,2355,0
SPY190722P298,2019-07-19,2019-07-19 09:37:51,0.35,1.2068,499,0.34,1.1724,1382,0.34,1.1724,10,0.345,1.1896,2355,0
SPY190722P298,2019-07-19,2019-07-19 09:37:52,0.35,1.2068,499,0.34,1.1724,1382,0.34,1.1724,10,0.345,1.1896,2355,0
SPY190722P298,2019-07-19,2019-07-19 09:37:52,0.35,1.2068,205,0.34,1.1724,2318,0.34,1.1724,10,0.345,1.1896,2355,0
SPY190722P298,2019-07-19,2019-07-19 09:37:53,0.35,1.2068,205,0.34,1.1724,2327,0.34,1.1724,10,0.345,1.1896,2355,0
SPY190722P298,2019-07-19,2019-07-19 09:37:54,0.35,1.2068,205,0.34,1.1724,1911,0.34,1.1724,10,0.345,1.1896,2355,0
SPY190722P298,2019-07-19,2019-07-19 09:37:54,0.35,1.2068,86,0.34,1.1724,1911,0.34,1.1724,10,0.345,1.1896,2355,0
SPY190722P298,2019-07-19,2019-07-19 09:37:55,0.35,1.2068,25,0.34,1.1724,1536,0.34,1.1724,10,0.345,1.1896,2355,0
SPY190722P298,2019-07-19,2019-07-19 09:37:56,0.35,1.2068,25,0.34,1.1724,1909,0.34,1.1724,10,0.345,1.1896,2355,0
SPY190722P298,2019-07-19,2019-07-19 09:37:56,0.35,1.2068,25,0.34,1.1724,1422,0.34,1.1724,10,0.345,1.1896,2355,0
SPY190722P298,2019-07-19,2019-07-19 09:37:57,0.35,1.2068,346,0.34,1.1724,1422,0.34,1.1724,10,0.345,1.1896,2355,0
SPY190722P298,2019-07-19,2019-07-19 09:37:58,0.35,1.2068,25,0.34,1.1724,1393,0.34,1.1724,10,0.345,1.1896,2355,0
SPY190722P298,2019-07-19,2019-07-19 09:37:58,0.35,1.2068,368,0.34,1.1724,1789,0.34,1.1724,10,0.345,1.1896,2355,0
SPY190722P298,2019-07-19,2019-07-19 09:37:59,0.35,1.2068,536,0.34,1.1724,938,0.34,1.1724,10,0.345,1.1896,2355,0
SPY190722P298,2019-07-19,2019-07-19 09:37:59,0.35,1.2068,808,0.34,1.1724,1280,0.34,1.1724,10,0.345,1.1896,2355,0
SPY190722P298,2019-07-19,2019-07-19 09:38:00,0.35,1.2068,1020,0.34,1.1724,992,0.34,1.1724,10,0.345,1.1896,2355,0
SPY190722P298,2019-07-19,2019-07-19 09:38:01,0.35,1.2068,1896,0.34,1.1724,856,0.34,1.1724,10,0.345,1.1896,2355,0
SPY190722P298,2019-07-19,2019-07-19 09:38:01,0.35,1.2068,1887,0.34,1.1724,1291,0.34,1.1724,10,0.345,1.1896,2355,0
SPY190722P298,2019-07-19,2019-07-19 09:38:02,0.35,1.2068,1343,0.34,1.1724,962,0.34,1.1724,10,0.345,1.1896,2355,0
SPY190722P298,2019-07-19,2019-07-19 09:38:03,0.35,1.2068,1343,0.34,1.1724,795,0.34,1.1724,10,0.345,1.1896,2355,0
SPY190722P298,2019-07-19,2019-07-19 09:38:03,0.35,1.2068,1343,0.34,1.1724,962,0.34,1.1724,10,0.345,1.1896,2355,0
SPY190722P298,2019-07-19,2019-07-19 09:38:04,0.35,1.2068,1357,0.34,1.1724,689,0.34,1.1724,10,0.345,1.1896,2355,0
SPY190722P298,2019-07-19,2019-07-19 09:38:05,0.35,1.2068,1367,0.34,1.1724,495,0.34,1.1724,10,0.345,1.1896,2355,0
SPY190722P298,2019-07-19,2019-07-19 09:38:05,0.35,1.2068,1453,0.34,1.1724,495,0.34,1.1724,10,0.345,1.1896,2355,0
SPY190722P298,2019-07-19,2019-07-19 09:38:06,0.35,1.2068,480,0.34,1.1724,495,0.34,1.1724,10,0.345,1.1896,2355,0
SPY190722P298,2019-07-19,2019-07-19 09:38:06,0.35,1.2068,848,0.34,1.1724,853,0.34,1.1724,10,0.345,1.1896,2355,0
SPY190722P298,2019-07-19,2019-07-19 09:38:07,0.35,1.2068,853,0.34,1.1724,1340,0.34,1.1724,10,0.345,1.1896,2355,0
SPY190722P298,2019-07-19,2019-07-19 09:38:08,0.35,1.2068,1007,0.34,1.1724,1313,0.34,1.1724,10,0.345,1.1896,2355,0
SPY190722P298,2019-07-19,2019-07-19 09:38:08,0.35,1.2068,1103,0.34,1.1724,719,0.34,1.1724,10,0.345,1.1896,2355,0
SPY190722P298,2019-07-19,2019-07-19 09:38:09,0.35,1.2068,1193,0.34,1.1724,650,0.34,1.1724,1,0.345,1.1896,2356,1
SPY190722P298,2019-07-19,2019-07-19 09:38:09,0.35,1.2068,1193,0.34,1.1724,653,0.34,1.1724,1,0.345,1.1896,2356,0
SPY190722P298,2019-07-19,2019-07-19 09:38:10,0.35,1.2068,1193,0.34,1.1724,1287,0.34,1.1724,1,0.345,1.1896,2356,0
SPY190722P298,2019-07-19,2019-07-19 09:38:10,0.35,1.2068,1193,0.34,1.1724,1357,0.34,1.1724,1,0.345,1.1896,2356,0
SPY190722P298,2019-07-19,2019-07-19 09:38:11,0.35,1.2068,1193,0.34,1.1724,1463,0.34,1.1724,1,0.345,1.1896,2356,0
SPY190722P298,2019-07-19,2019-07-19 09:38:11,0.35,1.2068,1193,0.34,1.1724,1357,0.34,1.1724,1,0.345,1.1896,2356,0
SPY190722P298,2019-07-19,2019-07-19 09:38:12,0.35,1.2068,655,0.34,1.1724,1352,0.34,1.1724,1,0.345,1.1896,2356,0
SPY190722P298,2019-07-19,2019-07-19 09:38:13,0.35,1.2068,1109,0.34,1.1724,1352,0.34,1.1724,1,0.345,1.1896,2356,0
SPY190722P298,2019-07-19,2019-07-19 09:38:13,0.35,1.2068,941,0.34,1.1724,1352,0.34,1.1724,1,0.345,1.1896,2356,0
SPY190722P298,2019-07-19,2019-07-19 09:38:14,0.35,1.2068,1109,0.34,1.1724,1352,0.34,1.1724,1,0.345,1.1896,2356,0
SPY190722P298,2019-07-19,2019-07-19 09:38:15,0.35,1.2068,1129,0.34,1.1724,1398,0.34,1.1724,1,0.345,1.1896,2356,0
SPY190722P298,2019-07-19,2019-07-19 09:38:15,0.35,1.2068,1109,0.34,1.1724,1352,0.34,1.1724,1,0.345,1.1896,2356,0
SPY190722P298,2019-07-19,2019-07-19 09:38:16,0.35,1.2068,853,0.34,1.1724,835,0.34,1.1724,1,0.345,1.1896,2356,0
SPY190722P298,2019-07-19,2019-07-19 09:38:17,0.35,1.2068,1025,0.34,1.1724,1263,0.34,1.1724,1,0.345,1.1896,2356,0
SPY190722P298,2019-07-19,2019-07-19 09:38:17,0.35,1.2068,1214,0.34,1.1724,1402,0.34,1.1724,1,0.345,1.1896,2356,0
SPY190722P298,2019-07-19,2019-07-19 09:38:18,0.35,1.2068,1214,0.34,1.1724,1402,0.34,1.1724,1,0.345,1.1896,2356,0
SPY190722P298,2019-07-19,2019-07-19 09:38:19,0.35,1.2068,1214,0.34,1.1724,1402,0.34,1.1724,1,0.345,1.1896,2356,0
SPY190722P298,2019-07-19,2019-07-19 09:38:19,0.35,1.2068,1046,0.34,1.1724,1263,0.34,1.1724,1,0.345,1.1896,2356,0
SPY190722P298,2019-07-19,2019-07-19 09:38:20,0.35,1.2068,1214,0.34,1.1724,1263,0.34,1.1724,1,0.345,1.1896,2356,0
SPY190722P298,2019-07-19,2019-07-19 09:38:21,0.35,1.2068,1213,0.34,1.1724,1172,0.34,1.1724,1,0.345,1.1896,2356,0
SPY190722P298,2019-07-19,2019-07-19 09:38:21,0.35,1.2068,1214,0.34,1.1724,822,0.34,1.1724,1,0.345,1.1896,2356,0
SPY190722P298,2019-07-19,2019-07-19 09:38:22,0.35,1.2068,983,0.34,1.1724,1172,0.34,1.1724,1,0.345,1.1896,2356,0
SPY190722P298,2019-07-19,2019-07-19 09:38:23,0.35,1.2068,983,0.34,1.1724,1172,0.34,1.1724,1,0.345,1.1896,2356,0
SPY190722P298,2019-07-19,2019-07-19 09:38:23,0.35,1.2068,983,0.34,1.1724,969,0.34,1.1724,1,0.345,1.1896,2356,0
SPY190722P298,2019-07-19,2019-07-19 09:38:24,0.35,1.2068,1208,0.34,1.1724,1313,0.34,1.1724,1,0.345,1.1896,2356,0
SPY190722P298,2019-07-19,2019-07-19 09:38:24,0.35,1.2068,1624,0.34,1.1724,1207,0.34,1.1724,1,0.345,1.1896,2356,0
SPY190722P298,2019-07-19,2019-07-19 09:38:25,0.35,1.2068,1207,0.34,1.1724,1299,0.34,1.1724,1,0.345,1.1896,2356,0
SPY190722P298,2019-07-19,2019-07-19 09:38:26,0.35,1.2068,1207,0.34,1.1724,1299,0.34,1.1724,1,0.345,1.1896,2356,0
SPY190722P298,2019-07-19,2019-07-19 09:38:27,0.35,1.2068,1207,0.34,1.1724,1299,0.34,1.1724,1,0.345,1.1896,2356,0
SPY190722P298,2019-07-19,2019-07-19 09:38:27,0.35,1.2068,1207,0.34,1.1724,1272,0.34,1.1724,1,0.345,1.1896,2356,0
SPY190722P298,2019-07-19,2019-07-19 09:38:28,0.35,1.2068,1138,0.34,1.1724,1206,0.34,1.1724,1,0.345,1.1896,2356,0
SPY190722P298,2019-07-19,2019-07-19 09:38:28,0.35,1.2068,823,0.34,1.1724,1286,0.34,1.1724,1,0.345,1.1896,2356,0
SPY190722P298,2019-07-19,2019-07-19 09:38:29,0.35,1.2068,1138,0.34,1.1724,1206,0.34,1.1724,1,0.345,1.1896,2356,0
SPY190722P298,2019-07-19,2019-07-19 09:38:29,0.35,1.2068,1154,0.34,1.1724,1312,0.34,1.1724,1,0.345,1.1896,2356,0
SPY190722P298,2019-07-19,2019-07-19 09:38:30,0.35,1.2068,1154,0.34,1.1724,1312,0.34,1.1724,1,0.345,1.1896,2356,0
SPY190722P298,2019-07-19,2019-07-19 09:38:31,0.35,1.2068,839,0.34,1.1724,969,0.34,1.1724,1,0.345,1.1896,2356,0
SPY190722P298,2019-07-19,2019-07-19 09:38:31,0.35,1.2068,1154,0.34,1.1724,1312,0.34,1.1724,1,0.345,1.1896,2356,0
SPY190722P298,2019-07-19,2019-07-19 09:38:32,0.35,1.2068,1155,0.34,1.1724,1313,0.34,1.1724,1,0.345,1.1896,2356,0
SPY190722P298,2019-07-19,2019-07-19 09:38:32,0.35,1.2068,839,0.34,1.1724,969,0.34,1.1724,1,0.345,1.1896,2356,0
SPY190722P298,2019-07-19,2019-07-19 09:38:33,0.35,1.2068,1155,0.34,1.1724,1313,0.34,1.1724,1,0.345,1.1896,2356,0
SPY190722P298,2019-07-19,2019-07-19 09:38:34,0.35,1.2068,1155,0.34,1.1724,577,0.34,1.1724,1,0.345,1.1896,2356,0
SPY190722P298,2019-07-19,2019-07-19 09:38:35,0.35,1.2068,1155,0.34,1.1724,341,0.34,1.1724,1,0.345,1.1896,2356,0
SPY190722P298,2019-07-19,2019-07-19 09:38:35,0.35,1.2068,1496,0.34,1.1724,338,0.34,1.1724,1,0.345,1.1896,2356,0
SPY190722P298,2019-07-19,2019-07-19 09:38:36,0.35,1.2068,1491,0.34,1.1724,338,0.34,1.1724,1,0.345,1.1896,2356,0
SPY190722P298,2019-07-19,2019-07-19 09:38:36,0.35,1.2068,1479,0.34,1.1724,338,0.34,1.1724,1,0.345,1.1896,2356,0
SPY190722P298,2019-07-19,2019-07-19 09:38:37,0.35,1.2068,1649,0.34,1.1724,338,0.34,1.1724,1,0.345,1.1896,2356,0
SPY190722P298,2019-07-19,2019-07-19 09:38:37,0.35,1.2068,1316,0.34,1.1724,338,0.34,1.1724,1,0.345,1.1896,2356,0
SPY190722P298,2019-07-19,2019-07-19 09:38:38,0.35,1.2068,1649,0.34,1.1724,445,0.34,1.1724,1,0.345,1.1896,2356,0
SPY190722P298,2019-07-19,2019-07-19 09:38:39,0.35,1.2068,1649,0.34,1.1724,445,0.34,1.1724,1,0.345,1.1896,2356,0
SPY190722P298,2019-07-19,2019-07-19 09:38:40,0.35,1.2068,1649,0.34,1.1724,445,0.34,1.1724,1,0.345,1.1896,2356,0
SPY190722P298,2019-07-19,2019-07-19 09:38:40,0.35,1.2068,1566,0.34,1.1724,445,0.34,1.1724,1,0.345,1.1896,2356,0
SPY190722P298,2019-07-19,2019-07-19 09:38:41,0.35,1.2068,1366,0.34,1.1724,445,0.34,1.1724,1,0.345,1.1896,2356,0
SPY190722P298,2019-07-19,2019-07-19 09:38:42,0.35,1.2068,1633,0.34,1.1724,338,0.34,1.1724,1,0.345,1.1896,2356,0
SPY190722P298,2019-07-19,2019-07-19 09:38:42,0.35,1.2068,1645,0.34,1.1724,338,0.34,1.1724,1,0.345,1.1896,2356,0
SPY190722P298,2019-07-19,2019-07-19 09:38:43,0.35,1.2068,1633,0.34,1.1724,338,0.34,1.1724,1,0.345,1.1896,2356,0
SPY190722P298,2019-07-19,2019-07-19 09:38:44,0.35,1.2068,1250,0.34,1.1724,738,0.34,1.1724,1,0.345,1.1896,2356,0
SPY190722P298,2019-07-19,2019-07-19 09:38:44,0.35,1.2068,1633,0.34,1.1724,447,0.34,1.1724,1,0.345,1.1896,2356,0
SPY190722P298,2019-07-19,2019-07-19 09:38:45,0.35,1.2068,1566,0.34,1.1724,891,0.34,1.1724,1,0.345,1.1896,2356,0
SPY190722P298,2019-07-19,2019-07-19 09:38:45,0.35,1.2068,1542,0.34,1.1724,710,0.34,1.1724,1,0.345,1.1896,2356,0
SPY190722P298,2019-07-19,2019-07-19 09:38:46,0.35,1.2068,1662,0.34,1.1724,345,0.34,1.1724,1,0.345,1.1896,2356,0
SPY190722P298,2019-07-19,2019-07-19 09:38:46,0.35,1.2068,1662,0.34,1.1724,360,0.34,1.1724,1,0.345,1.1896,2356,0
SPY190722P298,2019-07-19,2019-07-19 09:38:47,0.34,1.1724,428,0.33,1.1379,1510,0.34,1.1724,1,0.335,1.1551,2356,0
SPY190722P298,2019-07-19,2019-07-19 09:38:48,0.34,1.1724,428,0.33,1.1379,1953,0.34,1.1724,1,0.335,1.1551,2356,0
SPY190722P298,2019-07-19,2019-07-19 09:38:48,0.34,1.1724,428,0.33,1.1379,1886,0.34,1.1724,1,0.335,1.1551,2356,0
SPY190722P298,2019-07-19,2019-07-19 09:38:49,0.34,1.1724,248,0.33,1.1379,2018,0.34,1.1724,1,0.335,1.1551,2356,0
SPY190722P298,2019-07-19,2019-07-19 09:38:49,0.34,1.1724,248,0.33,1.1379,1953,0.34,1.1724,1,0.335,1.1551,2356,0
SPY190722P298,2019-07-19,2019-07-19 09:38:50,0.34,1.1724,248,0.33,1.1379,2018,0.34,1.1724,1,0.335,1.1551,2356,0
SPY190722P298,2019-07-19,2019-07-19 09:38:50,0.34,1.1724,248,0.33,1.1379,1902,0.34,1.1724,1,0.335,1.1551,2356,0
SPY190722P298,2019-07-19,2019-07-19 09:38:51,0.34,1.1724,248,0.33,1.1379,1915,0.34,1.1724,1,0.335,1.1551,2356,0
SPY190722P298,2019-07-19,2019-07-19 09:38:51,0.34,1.1724,110,0.33,1.1379,3087,0.34,1.1724,1,0.335,1.1551,2356,0
SPY190722P298,2019-07-19,2019-07-19 09:38:52,0.34,1.1724,338,0.33,1.1379,3087,0.34,1.1724,1,0.335,1.1551,2356,0
SPY190722P298,2019-07-19,2019-07-19 09:38:53,0.34,1.1724,248,0.33,1.1379,2011,0.34,1.1724,1,0.335,1.1551,2356,0
SPY190722P298,2019-07-19,2019-07-19 09:38:53,0.34,1.1724,338,0.33,1.1379,2011,0.34,1.1724,1,0.335,1.1551,2356,0
SPY190722P298,2019-07-19,2019-07-19 09:38:54,0.34,1.1724,156,0.33,1.1379,2764,0.34,1.1724,1,0.335,1.1551,2356,0
SPY190722P298,2019-07-19,2019-07-19 09:38:55,0.34,1.1724,156,0.33,1.1379,2002,0.34,1.1724,1,0.335,1.1551,2356,0
SPY190722P298,2019-07-19,2019-07-19 09:38:56,0.34,1.1724,156,0.33,1.1379,2002,0.34,1.1724,1,0.335,1.1551,2356,0
SPY190722P298,2019-07-19,2019-07-19 09:38:57,0.34,1.1724,156,0.33,1.1379,2002,0.34,1.1724,1,0.335,1.1551,2356,0
SPY190722P298,2019-07-19,2019-07-19 09:38:58,0.34,1.1724,156,0.33,1.1379,1917,0.34,1.1724,1,0.335,1.1551,2356,0
SPY190722P298,2019-07-19,2019-07-19 09:38:58,0.34,1.1724,156,0.33,1.1379,2002,0.34,1.1724,1,0.335,1.1551,2356,0
SPY190722P298,2019-07-19,2019-07-19 09:38:59,0.34,1.1724,156,0.33,1.1379,1978,0.34,1.1724,1,0.335,1.1551,2356,0
SPY190722P298,2019-07-19,2019-07-19 09:39:00,0.34,1.1724,156,0.33,1.1379,2825,0.34,1.1724,1,0.335,1.1551,2356,0
SPY190722P298,2019-07-19,2019-07-19 09:39:00,0.34,1.1724,156,0.33,1.1379,2777,0.34,1.1724,1,0.335,1.1551,2356,0
SPY190722P298,2019-07-19,2019-07-19 09:39:01,0.35,1.2068,400,0.34,1.1724,440,0.34,1.1724,1,0.345,1.1896,2356,0
SPY190722P298,2019-07-19,2019-07-19 09:39:01,0.35,1.2068,25,0.34,1.1724,805,0.34,1.1724,1,0.345,1.1896,2356,0
SPY190722P298,2019-07-19,2019-07-19 09:39:02,0.35,1.2068,25,0.34,1.1724,1438,0.34,1.1724,1,0.345,1.1896,2356,0
SPY190722P298,2019-07-19,2019-07-19 09:39:03,0.35,1.2068,255,0.34,1.1724,1460,0.34,1.1724,1,0.345,1.1896,2356,0
SPY190722P298,2019-07-19,2019-07-19 09:39:03,0.35,1.2068,25,0.34,1.1724,2266,0.34,1.1724,1,0.345,1.1896,2356,0
SPY190722P298,2019-07-19,2019-07-19 09:39:04,0.35,1.2068,855,0.34,1.1724,1460,0.34,1.1724,1,0.345,1.1896,2356,0
SPY190722P298,2019-07-19,2019-07-19 09:39:04,0.35,1.2068,1397,0.34,1.1724,864,0.34,1.1724,1,0.345,1.1896,2356,0
SPY190722P298,2019-07-19,2019-07-19 09:39:05,0.35,1.2068,1116,0.34,1.1724,884,0.34,1.1724,1,0.345,1.1896,2356,0
SPY190722P298,2019-07-19,2019-07-19 09:39:05,0.35,1.2068,1009,0.34,1.1724,884,0.34,1.1724,1,0.345,1.1896,2356,0
SPY190722P298,2019-07-19,2019-07-19 09:39:06,0.35,1.2068,1189,0.34,1.1724,1275,0.34,1.1724,1,0.345,1.1896,2356,0
SPY190722P298,2019-07-19,2019-07-19 09:39:06,0.35,1.2068,1605,0.34,1.1724,1275,0.34,1.1724,1,0.345,1.1896,2356,0
SPY190722P298,2019-07-19,2019-07-19 09:39:07,0.35,1.2068,1605,0.34,1.1724,1247,0.34,1.1724,1,0.345,1.1896,2356,0
SPY190722P298,2019-07-19,2019-07-19 09:39:08,0.35,1.2068,1204,0.34,1.1724,1247,0.34,1.1724,1,0.345,1.1896,2356,0
SPY190722P298,2019-07-19,2019-07-19 09:39:09,0.35,1.2068,1204,0.34,1.1724,1247,0.34,1.1724,1,0.345,1.1896,2356,0
SPY190722P298,2019-07-19,2019-07-19 09:39:10,0.35,1.2068,855,0.34,1.1724,1247,0.34,1.1724,1,0.345,1.1896,2356,0
SPY190722P298,2019-07-19,2019-07-19 09:39:10,0.35,1.2068,248,0.34,1.1724,1168,0.34,1.1724,1,0.345,1.1896,2356,0
SPY190722P298,2019-07-19,2019-07-19 09:39:11,0.35,1.2068,335,0.34,1.1724,914,0.34,1.1724,1,0.345,1.1896,2356,0
SPY190722P298,2019-07-19,2019-07-19 09:39:11,0.35,1.2068,335,0.34,1.1724,1440,0.34,1.1724,1,0.345,1.1896,2356,0
SPY190722P298,2019-07-19,2019-07-19 09:39:12,0.35,1.2068,1324,0.34,1.1724,819,0.34,1.1724,1,0.345,1.1896,2356,0
SPY190722P298,2019-07-19,2019-07-19 09:39:12,0.35,1.2068,1009,0.34,1.1724,1150,0.34,1.1724,1,0.345,1.1896,2356,0
SPY190722P298,2019-07-19,2019-07-19 09:39:13,0.35,1.2068,1253,0.34,1.1724,858,0.34,1.1724,1,0.345,1.1896,2356,0
SPY190722P298,2019-07-19,2019-07-19 09:39:14,0.35,1.2068,1012,0.34,1.1724,898,0.34,1.1724,1,0.345,1.1896,2356,0
SPY190722P298,2019-07-19,2019-07-19 09:39:14,0.35,1.2068,1012,0.34,1.1724,819,0.34,1.1724,1,0.345,1.1896,2356,0
SPY190722P298,2019-07-19,2019-07-19 09:39:15,0.35,1.2068,1012,0.34,1.1724,898,0.34,1.1724,1,0.345,1.1896,2356,0
SPY190722P298,2019-07-19,2019-07-19 09:39:15,0.35,1.2068,1012,0.34,1.1724,946,0.34,1.1724,1,0.345,1.1896,2356,0
SPY190722P298,2019-07-19,2019-07-19 09:39:16,0.35,1.2068,1012,0.34,1.1724,946,0.34,1.1724,1,0.345,1.1896,2356,0
SPY190722P298,2019-07-19,2019-07-19 09:39:16,0.35,1.2068,1012,0.34,1.1724,1049,0.34,1.1724,1,0.345,1.1896,2356,0
SPY190722P298,2019-07-19,2019-07-19 09:39:17,0.35,1.2068,1012,0.34,1.1724,919,0.34,1.1724,1,0.345,1.1896,2356,0
SPY190722P298,2019-07-19,2019-07-19 09:39:18,0.35,1.2068,1217,0.34,1.1724,1240,0.34,1.1724,1,0.345,1.1896,2356,0
SPY190722P298,2019-07-19,2019-07-19 09:39:19,0.35,1.2068,1217,0.34,1.1724,1240,0.34,1.1724,1,0.345,1.1896,2356,0
SPY190722P298,2019-07-19,2019-07-19 09:39:19,0.35,1.2068,168,0.34,1.1724,2159,0.34,1.1724,1,0.345,1.1896,2356,0
SPY190722P298,2019-07-19,2019-07-19 09:39:20,0.35,1.2068,936,0.34,1.1724,599,0.34,1.1724,1,0.345,1.1896,2356,0
SPY190722P298,2019-07-19,2019-07-19 09:39:21,0.35,1.2068,1475,0.34,1.1724,432,0.34,1.1724,1,0.345,1.1896,2356,0
SPY190722P298,2019-07-19,2019-07-19 09:39:22,0.35,1.2068,1675,0.34,1.1724,432,0.34,1.1724,1,0.345,1.1896,2356,0
SPY190722P298,2019-07-19,2019-07-19 09:39:22,0.35,1.2068,1696,0.34,1.1724,361,0.34,1.1724,1,0.345,1.1896,2356,0
SPY190722P298,2019-07-19,2019-07-19 09:39:23,0.35,1.2068,816,0.33,1.1379,1388,0.34,1.1724,1,0.34,1.1724,2356,0
SPY190722P298,2019-07-19,2019-07-19 09:39:23,0.35,1.2068,1706,0.34,1.1724,361,0.34,1.1724,1,0.345,1.1896,2356,0
