symbol,Date,quote_time,ask_price,norm_ask_price,ask_size,bid_price,norm_bid_price,bid_size,last_trade_price,norm_last_trade_price,last_trade_size,mark_price,norm_mark_price,volume,Volume
SPY190802P299,2019-07-31,2019-07-31 09:30:00,1.1,1.0,149,1.07,0.9727,100,1.28,1.1636,2,1.085,0.9863,0,0
SPY190802P299,2019-07-31,2019-07-31 09:30:06,1.1,1.0,351,1.07,0.9727,326,1.28,1.1636,2,1.085,0.9863,0,0
SPY190802P299,2019-07-31,2019-07-31 09:30:07,1.1,1.0,351,1.07,0.9727,326,1.28,1.1636,2,1.085,0.9863,0,0
SPY190802P299,2019-07-31,2019-07-31 09:30:09,1.1,1.0,351,1.07,0.9727,326,1.28,1.1636,2,1.085,0.9863,0,0
SPY190802P299,2019-07-31,2019-07-31 09:30:10,1.1,1.0,351,1.07,0.9727,326,1.28,1.1636,2,1.085,0.9863,0,0
SPY190802P299,2019-07-31,2019-07-31 09:30:11,1.09,0.9909,5,1.08,0.9818,105,1.28,1.1636,2,1.085,0.9863,0,0
SPY190802P299,2019-07-31,2019-07-31 09:30:12,1.09,0.9909,5,1.08,0.9818,105,1.28,1.1636,2,1.085,0.9863,0,0
SPY190802P299,2019-07-31,2019-07-31 09:30:13,1.09,0.9909,5,1.08,0.9818,105,1.28,1.1636,2,1.085,0.9863,0,0
SPY190802P299,2019-07-31,2019-07-31 09:30:14,1.1,1.0,149,1.08,0.9818,100,1.28,1.1636,2,1.09,0.9909,0,0
SPY190802P299,2019-07-31,2019-07-31 09:30:14,1.1,1.0,107,1.08,0.9818,100,1.28,1.1636,2,1.09,0.9909,0,0
SPY190802P299,2019-07-31,2019-07-31 09:30:15,1.1,1.0,107,1.08,0.9818,100,1.28,1.1636,2,1.09,0.9909,0,0
SPY190802P299,2019-07-31,2019-07-31 09:30:16,1.1,1.0,351,1.08,0.9818,160,1.28,1.1636,2,1.09,0.9909,0,0
SPY190802P299,2019-07-31,2019-07-31 09:30:17,1.1,1.0,351,1.08,0.9818,160,1.28,1.1636,2,1.09,0.9909,0,0
SPY190802P299,2019-07-31,2019-07-31 09:30:18,1.1,1.0,351,1.08,0.9818,160,1.28,1.1636,2,1.09,0.9909,0,0
SPY190802P299,2019-07-31,2019-07-31 09:30:19,1.1,1.0,351,1.08,0.9818,165,1.28,1.1636,2,1.09,0.9909,0,0
SPY190802P299,2019-07-31,2019-07-31 09:30:20,1.09,0.9909,5,1.08,0.9818,180,1.28,1.1636,2,1.085,0.9863,0,0
SPY190802P299,2019-07-31,2019-07-31 09:30:21,1.09,0.9909,285,1.07,0.9727,138,1.28,1.1636,2,1.08,0.9818,0,0
SPY190802P299,2019-07-31,2019-07-31 09:30:21,1.09,0.9909,148,1.07,0.9727,100,1.28,1.1636,2,1.08,0.9818,0,0
SPY190802P299,2019-07-31,2019-07-31 09:30:22,1.08,0.9818,5,1.06,0.9636,216,1.28,1.1636,2,1.07,0.9727,0,0
SPY190802P299,2019-07-31,2019-07-31 09:30:23,1.12,1.0181,141,1.1,1.0,65,1.28,1.1636,2,1.11,1.009,0,0
SPY190802P299,2019-07-31,2019-07-31 09:30:23,1.1,1.0,110,1.09,0.9909,15,1.28,1.1636,2,1.095,0.9954,0,0
SPY190802P299,2019-07-31,2019-07-31 09:30:24,1.13,1.0272,166,1.1,1.0,122,1.28,1.1636,2,1.115,1.0136,0,0
SPY190802P299,2019-07-31,2019-07-31 09:30:25,1.13,1.0272,508,1.11,1.009,5,1.28,1.1636,2,1.12,1.0181,0,0
SPY190802P299,2019-07-31,2019-07-31 09:30:25,1.13,1.0272,813,1.11,1.009,5,1.28,1.1636,2,1.12,1.0181,0,0
SPY190802P299,2019-07-31,2019-07-31 09:30:26,1.12,1.0181,5,1.11,1.009,100,1.28,1.1636,2,1.115,1.0136,0,0
SPY190802P299,2019-07-31,2019-07-31 09:30:26,1.12,1.0181,5,1.11,1.009,5,1.28,1.1636,2,1.115,1.0136,0,0
SPY190802P299,2019-07-31,2019-07-31 09:30:27,1.12,1.0181,5,1.11,1.009,100,1.28,1.1636,2,1.115,1.0136,0,0
SPY190802P299,2019-07-31,2019-07-31 09:30:28,1.12,1.0181,5,1.11,1.009,131,1.28,1.1636,2,1.115,1.0136,0,0
SPY190802P299,2019-07-31,2019-07-31 09:30:29,1.13,1.0272,226,1.11,1.009,55,1.28,1.1636,2,1.12,1.0181,0,0
SPY190802P299,2019-07-31,2019-07-31 09:30:29,1.12,1.0181,156,1.1,1.0,234,1.28,1.1636,2,1.11,1.009,0,0
SPY190802P299,2019-07-31,2019-07-31 09:30:30,1.12,1.0181,343,1.1,1.0,143,1.28,1.1636,2,1.11,1.009,0,0
SPY190802P299,2019-07-31,2019-07-31 09:30:31,1.11,1.009,5,1.1,1.0,199,1.28,1.1636,2,1.105,1.0045,0,0
SPY190802P299,2019-07-31,2019-07-31 09:30:32,1.12,1.0181,1038,1.1,1.0,203,1.09,0.9909,1,1.11,1.009,1,0
SPY190802P299,2019-07-31,2019-07-31 09:30:32,1.11,1.009,5,1.1,1.0,139,1.09,0.9909,1,1.105,1.0045,1,1
SPY190802P299,2019-07-31,2019-07-31 09:30:33,1.12,1.0181,891,1.1,1.0,203,1.09,0.9909,1,1.11,1.009,1,0
SPY190802P299,2019-07-31,2019-07-31 09:30:34,1.11,1.009,5,1.1,1.0,5,1.09,0.9909,1,1.105,1.0045,1,0
SPY190802P299,2019-07-31,2019-07-31 09:30:35,1.11,1.009,5,1.1,1.0,20,1.09,0.9909,1,1.105,1.0045,1,0
SPY190802P299,2019-07-31,2019-07-31 09:30:35,1.11,1.009,100,1.1,1.0,84,1.09,0.9909,1,1.105,1.0045,1,0
SPY190802P299,2019-07-31,2019-07-31 09:30:36,1.11,1.009,338,1.1,1.0,5,1.09,0.9909,1,1.105,1.0045,1,0
SPY190802P299,2019-07-31,2019-07-31 09:30:37,1.11,1.009,712,1.09,0.9909,203,1.09,0.9909,1,1.1,1.0,1,0
SPY190802P299,2019-07-31,2019-07-31 09:30:37,1.11,1.009,712,1.09,0.9909,5,1.09,0.9909,1,1.1,1.0,1,0
SPY190802P299,2019-07-31,2019-07-31 09:30:38,1.1,1.0,5,1.09,0.9909,100,1.09,0.9909,1,1.095,0.9954,1,0
SPY190802P299,2019-07-31,2019-07-31 09:30:38,1.1,1.0,5,1.09,0.9909,188,1.09,0.9909,1,1.095,0.9954,1,0
SPY190802P299,2019-07-31,2019-07-31 09:30:40,1.11,1.009,821,1.09,0.9909,143,1.09,0.9909,1,1.1,1.0,1,0
SPY190802P299,2019-07-31,2019-07-31 09:30:40,1.1,1.0,5,1.09,0.9909,100,1.09,0.9909,1,1.095,0.9954,1,0
SPY190802P299,2019-07-31,2019-07-31 09:30:41,1.1,1.0,5,1.09,0.9909,116,1.09,0.9909,1,1.095,0.9954,1,0
SPY190802P299,2019-07-31,2019-07-31 09:30:42,1.1,1.0,143,1.09,0.9909,5,1.09,0.9909,1,1.095,0.9954,1,0
SPY190802P299,2019-07-31,2019-07-31 09:30:42,1.11,1.009,821,1.09,0.9909,5,1.09,0.9909,1,1.1,1.0,1,0
SPY190802P299,2019-07-31,2019-07-31 09:30:43,1.11,1.009,5,1.1,1.0,20,1.09,0.9909,1,1.105,1.0045,1,0
SPY190802P299,2019-07-31,2019-07-31 09:30:43,1.11,1.009,590,1.09,0.9909,60,1.09,0.9909,1,1.1,1.0,1,0
SPY190802P299,2019-07-31,2019-07-31 09:30:44,1.12,1.0181,876,1.1,1.0,126,1.09,0.9909,1,1.11,1.009,1,0
SPY190802P299,2019-07-31,2019-07-31 09:30:44,1.11,1.009,5,1.1,1.0,126,1.09,0.9909,1,1.105,1.0045,1,0
SPY190802P299,2019-07-31,2019-07-31 09:30:45,1.11,1.009,5,1.1,1.0,50,1.09,0.9909,1,1.105,1.0045,1,0
SPY190802P299,2019-07-31,2019-07-31 09:30:46,1.11,1.009,5,1.09,0.9909,277,1.09,0.9909,1,1.1,1.0,1,0
SPY190802P299,2019-07-31,2019-07-31 09:30:46,1.11,1.009,244,1.09,0.9909,209,1.09,0.9909,1,1.1,1.0,1,0
SPY190802P299,2019-07-31,2019-07-31 09:30:47,1.1,1.0,766,1.08,0.9818,203,1.09,0.9909,1,1.09,0.9909,1,0
SPY190802P299,2019-07-31,2019-07-31 09:30:47,1.1,1.0,243,1.09,0.9909,29,1.09,0.9909,1,1.095,0.9954,1,0
SPY190802P299,2019-07-31,2019-07-31 09:30:48,1.1,1.0,580,1.08,0.9818,404,1.1,1.0,8,1.09,0.9909,25,0
SPY190802P299,2019-07-31,2019-07-31 09:30:48,1.1,1.0,580,1.08,0.9818,404,1.1,1.0,8,1.09,0.9909,25,24
SPY190802P299,2019-07-31,2019-07-31 09:30:49,1.1,1.0,580,1.09,0.9909,5,1.1,1.0,8,1.095,0.9954,25,0
SPY190802P299,2019-07-31,2019-07-31 09:30:50,1.1,1.0,574,1.09,0.9909,70,1.1,1.0,5,1.095,0.9954,30,0
SPY190802P299,2019-07-31,2019-07-31 09:30:50,1.1,1.0,574,1.08,0.9818,404,1.1,1.0,5,1.09,0.9909,30,5
SPY190802P299,2019-07-31,2019-07-31 09:30:51,1.1,1.0,5,1.09,0.9909,70,1.1,1.0,5,1.095,0.9954,30,0
SPY190802P299,2019-07-31,2019-07-31 09:30:52,1.1,1.0,477,1.08,0.9818,203,1.1,1.0,5,1.09,0.9909,30,0
SPY190802P299,2019-07-31,2019-07-31 09:30:53,1.1,1.0,477,1.09,0.9909,5,1.1,1.0,5,1.095,0.9954,30,0
SPY190802P299,2019-07-31,2019-07-31 09:31:06,1.09,0.9909,203,1.08,0.9818,20,1.1,1.0,5,1.085,0.9863,30,0
SPY190802P299,2019-07-31,2019-07-31 09:31:07,1.09,0.9909,5,1.09,0.9909,5,1.1,1.0,5,1.09,0.9909,30,0
SPY190802P299,2019-07-31,2019-07-31 09:31:07,1.09,0.9909,5,1.08,0.9818,143,1.1,1.0,5,1.085,0.9863,30,0
SPY190802P299,2019-07-31,2019-07-31 09:31:08,1.1,1.0,93,1.09,0.9909,65,1.1,1.0,5,1.095,0.9954,30,0
SPY190802P299,2019-07-31,2019-07-31 09:31:09,1.1,1.0,5,1.09,0.9909,121,1.1,1.0,5,1.095,0.9954,30,0
SPY190802P299,2019-07-31,2019-07-31 09:31:09,1.1,1.0,243,1.09,0.9909,70,1.1,1.0,5,1.095,0.9954,30,0
SPY190802P299,2019-07-31,2019-07-31 09:31:10,1.1,1.0,100,1.1,1.0,5,1.1,1.0,5,1.1,1.0,30,0
SPY190802P299,2019-07-31,2019-07-31 09:31:11,1.11,1.009,862,1.09,0.9909,132,1.1,1.0,5,1.1,1.0,30,0
SPY190802P299,2019-07-31,2019-07-31 09:31:11,1.1,1.0,5,1.1,1.0,5,1.1,1.0,5,1.1,1.0,30,0
SPY190802P299,2019-07-31,2019-07-31 09:31:12,1.11,1.009,624,1.1,1.0,5,1.1,1.0,5,1.105,1.0045,30,0
SPY190802P299,2019-07-31,2019-07-31 09:31:12,1.11,1.009,876,1.1,1.0,5,1.1,1.0,5,1.105,1.0045,30,0
SPY190802P299,2019-07-31,2019-07-31 09:31:13,1.11,1.009,723,1.1,1.0,5,1.1,1.0,5,1.105,1.0045,30,0
SPY190802P299,2019-07-31,2019-07-31 09:31:14,1.11,1.009,741,1.09,0.9909,180,1.1,1.0,5,1.1,1.0,30,0
SPY190802P299,2019-07-31,2019-07-31 09:31:14,1.11,1.009,741,1.09,0.9909,251,1.1,1.0,5,1.1,1.0,30,0
SPY190802P299,2019-07-31,2019-07-31 09:31:15,1.11,1.009,741,1.1,1.0,20,1.1,1.0,5,1.105,1.0045,30,0
SPY190802P299,2019-07-31,2019-07-31 09:31:16,1.11,1.009,765,1.09,0.9909,77,1.1,1.0,5,1.1,1.0,30,0
SPY190802P299,2019-07-31,2019-07-31 09:31:16,1.1,1.0,5,1.09,0.9909,77,1.1,1.0,5,1.095,0.9954,30,0
SPY190802P299,2019-07-31,2019-07-31 09:31:17,1.1,1.0,143,1.09,0.9909,79,1.1,1.0,5,1.095,0.9954,30,0
SPY190802P299,2019-07-31,2019-07-31 09:31:18,1.1,1.0,100,1.09,0.9909,98,1.1,1.0,5,1.095,0.9954,30,0
SPY190802P299,2019-07-31,2019-07-31 09:31:19,1.1,1.0,5,1.09,0.9909,20,1.1,1.0,5,1.095,0.9954,30,0
SPY190802P299,2019-07-31,2019-07-31 09:31:19,1.11,1.009,964,1.1,1.0,20,1.1,1.0,5,1.105,1.0045,30,0
SPY190802P299,2019-07-31,2019-07-31 09:31:20,1.11,1.009,1158,1.09,0.9909,263,1.1,1.0,5,1.1,1.0,30,0
SPY190802P299,2019-07-31,2019-07-31 09:31:20,1.11,1.009,1158,1.09,0.9909,228,1.1,1.0,5,1.1,1.0,30,0
SPY190802P299,2019-07-31,2019-07-31 09:31:21,1.11,1.009,1149,1.09,0.9909,158,1.1,1.0,5,1.1,1.0,30,0
SPY190802P299,2019-07-31,2019-07-31 09:31:22,1.1,1.0,243,1.09,0.9909,14,1.1,1.0,5,1.095,0.9954,30,0
SPY190802P299,2019-07-31,2019-07-31 09:31:23,1.1,1.0,87,1.09,0.9909,48,1.1,1.0,5,1.095,0.9954,35,0
SPY190802P299,2019-07-31,2019-07-31 09:31:23,1.1,1.0,518,1.09,0.9909,48,1.1,1.0,5,1.095,0.9954,35,5
SPY190802P299,2019-07-31,2019-07-31 09:31:24,1.1,1.0,1,1.09,0.9909,143,1.1,1.0,5,1.095,0.9954,35,0
SPY190802P299,2019-07-31,2019-07-31 09:31:25,1.11,1.009,1053,1.1,1.0,20,1.1,1.0,5,1.105,1.0045,35,0
SPY190802P299,2019-07-31,2019-07-31 09:31:25,1.11,1.009,1180,1.09,0.9909,166,1.1,1.0,5,1.1,1.0,35,0
SPY190802P299,2019-07-31,2019-07-31 09:31:26,1.11,1.009,577,1.1,1.0,20,1.1,1.0,5,1.105,1.0045,35,0
SPY190802P299,2019-07-31,2019-07-31 09:31:26,1.11,1.009,684,1.09,0.9909,374,1.1,1.0,5,1.1,1.0,35,0
SPY190802P299,2019-07-31,2019-07-31 09:31:27,1.11,1.009,684,1.1,1.0,20,1.1,1.0,5,1.105,1.0045,35,0
SPY190802P299,2019-07-31,2019-07-31 09:31:27,1.11,1.009,684,1.1,1.0,5,1.1,1.0,5,1.105,1.0045,35,0
SPY190802P299,2019-07-31,2019-07-31 09:31:28,1.11,1.009,730,1.1,1.0,20,1.1,1.0,5,1.105,1.0045,35,0
SPY190802P299,2019-07-31,2019-07-31 09:31:29,1.11,1.009,711,1.09,0.9909,15,1.1,1.0,5,1.1,1.0,35,0
SPY190802P299,2019-07-31,2019-07-31 09:31:29,1.11,1.009,737,1.09,0.9909,168,1.1,1.0,5,1.1,1.0,35,0
SPY190802P299,2019-07-31,2019-07-31 09:31:30,1.1,1.0,85,1.09,0.9909,20,1.09,0.9909,1,1.095,0.9954,36,1
SPY190802P299,2019-07-31,2019-07-31 09:31:31,1.1,1.0,263,1.09,0.9909,20,1.09,0.9909,1,1.095,0.9954,36,0
SPY190802P299,2019-07-31,2019-07-31 09:31:33,1.1,1.0,65,1.09,0.9909,14,1.09,0.9909,1,1.095,0.9954,36,0
SPY190802P299,2019-07-31,2019-07-31 09:31:34,1.1,1.0,203,1.09,0.9909,14,1.09,0.9909,1,1.095,0.9954,36,0
SPY190802P299,2019-07-31,2019-07-31 09:31:34,1.1,1.0,160,1.09,0.9909,14,1.09,0.9909,1,1.095,0.9954,36,0
SPY190802P299,2019-07-31,2019-07-31 09:31:35,1.1,1.0,490,1.09,0.9909,14,1.09,0.9909,1,1.095,0.9954,36,0
SPY190802P299,2019-07-31,2019-07-31 09:31:36,1.1,1.0,876,1.09,0.9909,14,1.09,0.9909,1,1.095,0.9954,36,0
SPY190802P299,2019-07-31,2019-07-31 09:31:36,1.1,1.0,718,1.09,0.9909,14,1.09,0.9909,1,1.095,0.9954,36,0
SPY190802P299,2019-07-31,2019-07-31 09:31:37,1.1,1.0,1038,1.09,0.9909,14,1.09,0.9909,1,1.095,0.9954,36,0
SPY190802P299,2019-07-31,2019-07-31 09:31:38,1.1,1.0,1038,1.09,0.9909,14,1.09,0.9909,1,1.095,0.9954,36,0
SPY190802P299,2019-07-31,2019-07-31 09:31:39,1.1,1.0,1007,1.09,0.9909,14,1.09,0.9909,1,1.095,0.9954,36,0
SPY190802P299,2019-07-31,2019-07-31 09:31:40,1.1,1.0,1017,1.09,0.9909,14,1.09,0.9909,1,1.095,0.9954,36,0
SPY190802P299,2019-07-31,2019-07-31 09:31:41,1.1,1.0,977,1.09,0.9909,14,1.09,0.9909,1,1.095,0.9954,36,0
SPY190802P299,2019-07-31,2019-07-31 09:31:41,1.1,1.0,993,1.09,0.9909,14,1.09,0.9909,1,1.095,0.9954,36,0
SPY190802P299,2019-07-31,2019-07-31 09:31:42,1.1,1.0,1030,1.09,0.9909,14,1.09,0.9909,1,1.095,0.9954,36,0
SPY190802P299,2019-07-31,2019-07-31 09:31:43,1.1,1.0,821,1.09,0.9909,1,1.09,0.9909,13,1.095,0.9954,49,13
SPY190802P299,2019-07-31,2019-07-31 09:31:43,1.1,1.0,772,1.09,0.9909,1,1.09,0.9909,13,1.095,0.9954,49,0
SPY190802P299,2019-07-31,2019-07-31 09:31:44,1.1,1.0,772,1.09,0.9909,1,1.09,0.9909,13,1.095,0.9954,49,0
SPY190802P299,2019-07-31,2019-07-31 09:31:45,1.1,1.0,766,1.09,0.9909,1,1.09,0.9909,13,1.095,0.9954,49,0
SPY190802P299,2019-07-31,2019-07-31 09:31:46,1.1,1.0,758,1.09,0.9909,1,1.09,0.9909,13,1.095,0.9954,49,0
SPY190802P299,2019-07-31,2019-07-31 09:31:46,1.1,1.0,150,1.09,0.9909,46,1.09,0.9909,13,1.095,0.9954,49,0
SPY190802P299,2019-07-31,2019-07-31 09:31:47,1.1,1.0,150,1.09,0.9909,11,1.09,0.9909,13,1.095,0.9954,49,0
SPY190802P299,2019-07-31,2019-07-31 09:31:47,1.1,1.0,100,1.09,0.9909,27,1.09,0.9909,13,1.095,0.9954,49,0
SPY190802P299,2019-07-31,2019-07-31 09:31:48,1.1,1.0,100,1.09,0.9909,40,1.09,0.9909,13,1.095,0.9954,49,0
SPY190802P299,2019-07-31,2019-07-31 09:31:49,1.1,1.0,5,1.09,0.9909,95,1.09,0.9909,13,1.095,0.9954,49,0
SPY190802P299,2019-07-31,2019-07-31 09:31:49,1.1,1.0,100,1.09,0.9909,40,1.09,0.9909,13,1.095,0.9954,49,0
SPY190802P299,2019-07-31,2019-07-31 09:31:50,1.1,1.0,5,1.09,0.9909,105,1.09,0.9909,13,1.095,0.9954,49,0
SPY190802P299,2019-07-31,2019-07-31 09:31:50,1.1,1.0,100,1.09,0.9909,6,1.09,0.9909,13,1.095,0.9954,49,0
SPY190802P299,2019-07-31,2019-07-31 09:31:51,1.1,1.0,100,1.09,0.9909,6,1.09,0.9909,13,1.095,0.9954,49,0
SPY190802P299,2019-07-31,2019-07-31 09:31:52,1.1,1.0,16,1.09,0.9909,6,1.09,0.9909,13,1.095,0.9954,49,0
SPY190802P299,2019-07-31,2019-07-31 09:31:53,1.1,1.0,143,1.09,0.9909,143,1.09,0.9909,13,1.095,0.9954,49,0
SPY190802P299,2019-07-31,2019-07-31 09:31:53,1.1,1.0,5,1.09,0.9909,26,1.09,0.9909,13,1.095,0.9954,49,0
SPY190802P299,2019-07-31,2019-07-31 09:31:54,1.1,1.0,5,1.09,0.9909,203,1.09,0.9909,13,1.095,0.9954,49,0
SPY190802P299,2019-07-31,2019-07-31 09:31:54,1.11,1.009,998,1.09,0.9909,203,1.09,0.9909,13,1.1,1.0,49,0
SPY190802P299,2019-07-31,2019-07-31 09:31:55,1.1,1.0,6,1.09,0.9909,143,1.09,0.9909,13,1.095,0.9954,49,0
SPY190802P299,2019-07-31,2019-07-31 09:31:55,1.1,1.0,5,1.09,0.9909,143,1.09,0.9909,13,1.095,0.9954,49,0
SPY190802P299,2019-07-31,2019-07-31 09:31:56,1.1,1.0,156,1.09,0.9909,1,1.09,0.9909,13,1.095,0.9954,49,0
SPY190802P299,2019-07-31,2019-07-31 09:31:57,1.1,1.0,329,1.09,0.9909,1,1.09,0.9909,13,1.095,0.9954,49,0
SPY190802P299,2019-07-31,2019-07-31 09:31:57,1.1,1.0,551,1.09,0.9909,1,1.09,0.9909,13,1.095,0.9954,49,0
SPY190802P299,2019-07-31,2019-07-31 09:31:58,1.1,1.0,197,1.09,0.9909,103,1.09,0.9909,13,1.095,0.9954,49,0
SPY190802P299,2019-07-31,2019-07-31 09:31:58,1.1,1.0,203,1.09,0.9909,26,1.09,0.9909,13,1.095,0.9954,49,0
SPY190802P299,2019-07-31,2019-07-31 09:31:59,1.1,1.0,181,1.09,0.9909,6,1.09,0.9909,13,1.095,0.9954,49,0
SPY190802P299,2019-07-31,2019-07-31 09:32:00,1.11,1.009,189,1.09,0.9909,149,1.09,0.9909,13,1.1,1.0,49,0
SPY190802P299,2019-07-31,2019-07-31 09:32:01,1.11,1.009,143,1.1,1.0,21,1.09,0.9909,13,1.105,1.0045,49,0
SPY190802P299,2019-07-31,2019-07-31 09:32:01,1.12,1.0181,277,1.1,1.0,503,1.09,0.9909,13,1.11,1.009,49,0
SPY190802P299,2019-07-31,2019-07-31 09:32:02,1.12,1.0181,277,1.11,1.009,26,1.09,0.9909,13,1.115,1.0136,49,0
SPY190802P299,2019-07-31,2019-07-31 09:32:02,1.12,1.0181,485,1.11,1.009,26,1.09,0.9909,13,1.115,1.0136,49,0
SPY190802P299,2019-07-31,2019-07-31 09:32:03,1.12,1.0181,665,1.1,1.0,143,1.09,0.9909,13,1.11,1.009,49,0
SPY190802P299,2019-07-31,2019-07-31 09:32:04,1.12,1.0181,672,1.1,1.0,613,1.09,0.9909,13,1.11,1.009,49,0
SPY190802P299,2019-07-31,2019-07-31 09:32:04,1.12,1.0181,672,1.11,1.009,26,1.09,0.9909,13,1.115,1.0136,49,0
SPY190802P299,2019-07-31,2019-07-31 09:32:05,1.12,1.0181,110,1.11,1.009,62,1.09,0.9909,13,1.115,1.0136,49,0
SPY190802P299,2019-07-31,2019-07-31 09:32:06,1.12,1.0181,5,1.11,1.009,160,1.09,0.9909,13,1.115,1.0136,49,0
SPY190802P299,2019-07-31,2019-07-31 09:32:06,1.12,1.0181,5,1.11,1.009,6,1.09,0.9909,13,1.115,1.0136,49,0
SPY190802P299,2019-07-31,2019-07-31 09:32:07,1.12,1.0181,203,1.11,1.009,38,1.09,0.9909,13,1.115,1.0136,49,0
SPY190802P299,2019-07-31,2019-07-31 09:32:07,1.12,1.0181,5,1.11,1.009,460,1.09,0.9909,13,1.115,1.0136,49,0
SPY190802P299,2019-07-31,2019-07-31 09:32:08,1.13,1.0272,565,1.11,1.009,141,1.09,0.9909,13,1.12,1.0181,49,0
SPY190802P299,2019-07-31,2019-07-31 09:32:09,1.13,1.0272,5,1.12,1.0181,100,1.09,0.9909,13,1.125,1.0227,49,0
SPY190802P299,2019-07-31,2019-07-31 09:32:09,1.13,1.0272,286,1.12,1.0181,62,1.09,0.9909,13,1.125,1.0227,49,0
SPY190802P299,2019-07-31,2019-07-31 09:32:10,1.14,1.0363,178,1.12,1.0181,460,1.09,0.9909,13,1.13,1.0272,49,0
SPY190802P299,2019-07-31,2019-07-31 09:32:10,1.14,1.0363,267,1.13,1.0272,6,1.09,0.9909,13,1.135,1.0318,49,0
SPY190802P299,2019-07-31,2019-07-31 09:32:11,1.14,1.0363,169,1.13,1.0272,6,1.09,0.9909,13,1.135,1.0318,49,0
SPY190802P299,2019-07-31,2019-07-31 09:32:12,1.14,1.0363,111,1.12,1.0181,841,1.09,0.9909,13,1.13,1.0272,49,0
SPY190802P299,2019-07-31,2019-07-31 09:32:12,1.14,1.0363,169,1.12,1.0181,824,1.09,0.9909,13,1.13,1.0272,49,0
SPY190802P299,2019-07-31,2019-07-31 09:32:13,1.14,1.0363,169,1.12,1.0181,841,1.09,0.9909,13,1.13,1.0272,49,0
SPY190802P299,2019-07-31,2019-07-31 09:32:13,1.14,1.0363,100,1.13,1.0272,60,1.09,0.9909,13,1.135,1.0318,49,0
SPY190802P299,2019-07-31,2019-07-31 09:32:14,1.13,1.0272,6,1.12,1.0181,203,1.09,0.9909,13,1.125,1.0227,49,0
SPY190802P299,2019-07-31,2019-07-31 09:32:14,1.14,1.0363,821,1.12,1.0181,203,1.09,0.9909,13,1.13,1.0272,49,0
SPY190802P299,2019-07-31,2019-07-31 09:32:15,1.14,1.0363,758,1.12,1.0181,237,1.09,0.9909,13,1.13,1.0272,49,0
SPY190802P299,2019-07-31,2019-07-31 09:32:16,1.14,1.0363,758,1.12,1.0181,237,1.09,0.9909,13,1.13,1.0272,49,0
SPY190802P299,2019-07-31,2019-07-31 09:32:18,1.14,1.0363,100,1.13,1.0272,6,1.09,0.9909,13,1.135,1.0318,49,0
SPY190802P299,2019-07-31,2019-07-31 09:32:19,1.14,1.0363,5,1.13,1.0272,72,1.09,0.9909,13,1.135,1.0318,49,0
SPY190802P299,2019-07-31,2019-07-31 09:32:19,1.14,1.0363,5,1.13,1.0272,179,1.09,0.9909,13,1.135,1.0318,49,0
SPY190802P299,2019-07-31,2019-07-31 09:32:20,1.14,1.0363,5,1.13,1.0272,133,1.09,0.9909,13,1.135,1.0318,49,0
SPY190802P299,2019-07-31,2019-07-31 09:32:21,1.14,1.0363,5,1.13,1.0272,133,1.09,0.9909,13,1.135,1.0318,49,0
SPY190802P299,2019-07-31,2019-07-31 09:32:22,1.15,1.0454,772,1.13,1.0272,133,1.09,0.9909,13,1.14,1.0363,49,0
SPY190802P299,2019-07-31,2019-07-31 09:32:23,1.14,1.0363,6,1.13,1.0272,142,1.09,0.9909,13,1.135,1.0318,49,0
SPY190802P299,2019-07-31,2019-07-31 09:32:23,1.15,1.0454,772,1.13,1.0272,143,1.09,0.9909,13,1.14,1.0363,49,0
SPY190802P299,2019-07-31,2019-07-31 09:32:24,1.14,1.0363,64,1.13,1.0272,142,1.09,0.9909,13,1.135,1.0318,49,0
SPY190802P299,2019-07-31,2019-07-31 09:32:25,1.15,1.0454,228,1.14,1.0363,97,1.13,1.0272,2,1.145,1.0409,51,0
SPY190802P299,2019-07-31,2019-07-31 09:32:25,1.15,1.0454,163,1.13,1.0272,606,1.13,1.0272,2,1.14,1.0363,51,2
SPY190802P299,2019-07-31,2019-07-31 09:32:26,1.15,1.0454,228,1.14,1.0363,36,1.13,1.0272,2,1.145,1.0409,51,0
SPY190802P299,2019-07-31,2019-07-31 09:32:26,1.15,1.0454,228,1.14,1.0363,87,1.13,1.0272,2,1.145,1.0409,51,0
SPY190802P299,2019-07-31,2019-07-31 09:32:27,1.15,1.0454,228,1.14,1.0363,87,1.13,1.0272,2,1.145,1.0409,51,0
SPY190802P299,2019-07-31,2019-07-31 09:32:28,1.14,1.0363,6,1.13,1.0272,185,1.13,1.0272,2,1.135,1.0318,51,0
SPY190802P299,2019-07-31,2019-07-31 09:32:28,1.15,1.0454,228,1.14,1.0363,20,1.13,1.0272,2,1.145,1.0409,51,0
SPY190802P299,2019-07-31,2019-07-31 09:32:29,1.15,1.0454,203,1.14,1.0363,99,1.13,1.0272,2,1.145,1.0409,51,0
SPY190802P299,2019-07-31,2019-07-31 09:32:30,1.15,1.0454,110,1.14,1.0363,30,1.14,1.0363,4,1.145,1.0409,55,0
SPY190802P299,2019-07-31,2019-07-31 09:32:30,1.15,1.0454,143,1.14,1.0363,109,1.14,1.0363,4,1.145,1.0409,55,4
SPY190802P299,2019-07-31,2019-07-31 09:32:31,1.15,1.0454,230,1.13,1.0272,277,1.14,1.0363,4,1.14,1.0363,55,0
SPY190802P299,2019-07-31,2019-07-31 09:32:32,1.15,1.0454,307,1.13,1.0272,192,1.14,1.0363,4,1.14,1.0363,55,0
SPY190802P299,2019-07-31,2019-07-31 09:32:32,1.15,1.0454,288,1.14,1.0363,5,1.14,1.0363,4,1.145,1.0409,55,0
SPY190802P299,2019-07-31,2019-07-31 09:32:33,1.15,1.0454,5,1.14,1.0363,165,1.14,1.0363,4,1.145,1.0409,55,0
SPY190802P299,2019-07-31,2019-07-31 09:32:34,1.15,1.0454,5,1.14,1.0363,595,1.14,1.0363,4,1.145,1.0409,55,0
SPY190802P299,2019-07-31,2019-07-31 09:32:34,1.15,1.0454,5,1.14,1.0363,535,1.14,1.0363,4,1.145,1.0409,55,0
SPY190802P299,2019-07-31,2019-07-31 09:32:35,1.15,1.0454,161,1.14,1.0363,165,1.14,1.0363,4,1.145,1.0409,55,0
SPY190802P299,2019-07-31,2019-07-31 09:32:35,1.15,1.0454,5,1.14,1.0363,595,1.14,1.0363,4,1.145,1.0409,55,0
SPY190802P299,2019-07-31,2019-07-31 09:32:36,1.15,1.0454,112,1.14,1.0363,93,1.14,1.0363,4,1.145,1.0409,55,0
SPY190802P299,2019-07-31,2019-07-31 09:32:37,1.15,1.0454,114,1.14,1.0363,6,1.14,1.0363,4,1.145,1.0409,55,0
SPY190802P299,2019-07-31,2019-07-31 09:32:37,1.15,1.0454,115,1.14,1.0363,93,1.14,1.0363,4,1.145,1.0409,55,0
SPY190802P299,2019-07-31,2019-07-31 09:32:38,1.15,1.0454,591,1.14,1.0363,6,1.15,1.0454,1,1.145,1.0409,56,1
SPY190802P299,2019-07-31,2019-07-31 09:32:39,1.15,1.0454,5,1.14,1.0363,174,1.15,1.0454,1,1.145,1.0409,56,0
SPY190802P299,2019-07-31,2019-07-31 09:32:39,1.15,1.0454,44,1.14,1.0363,136,1.15,1.0454,1,1.145,1.0409,56,0
SPY190802P299,2019-07-31,2019-07-31 09:32:40,1.15,1.0454,186,1.14,1.0363,100,1.15,1.0454,1,1.145,1.0409,56,0
SPY190802P299,2019-07-31,2019-07-31 09:32:40,1.15,1.0454,186,1.14,1.0363,132,1.15,1.0454,1,1.145,1.0409,56,0
SPY190802P299,2019-07-31,2019-07-31 09:32:41,1.14,1.0363,5,1.13,1.0272,175,1.15,1.0454,1,1.135,1.0318,56,0
SPY190802P299,2019-07-31,2019-07-31 09:32:41,1.14,1.0363,5,1.13,1.0272,237,1.15,1.0454,1,1.135,1.0318,56,0
SPY190802P299,2019-07-31,2019-07-31 09:32:42,1.15,1.0454,1094,1.13,1.0272,449,1.15,1.0454,1,1.14,1.0363,56,0
SPY190802P299,2019-07-31,2019-07-31 09:32:43,1.15,1.0454,279,1.14,1.0363,26,1.15,1.0454,1,1.145,1.0409,56,0
SPY190802P299,2019-07-31,2019-07-31 09:32:43,1.15,1.0454,279,1.14,1.0363,6,1.15,1.0454,1,1.145,1.0409,56,0
SPY190802P299,2019-07-31,2019-07-31 09:32:45,1.15,1.0454,507,1.14,1.0363,89,1.15,1.0454,1,1.145,1.0409,56,0
SPY190802P299,2019-07-31,2019-07-31 09:32:46,1.15,1.0454,507,1.14,1.0363,59,1.15,1.0454,1,1.145,1.0409,56,0
SPY190802P299,2019-07-31,2019-07-31 09:32:47,1.15,1.0454,507,1.14,1.0363,6,1.15,1.0454,1,1.145,1.0409,56,0
SPY190802P299,2019-07-31,2019-07-31 09:32:48,1.15,1.0454,529,1.14,1.0363,12,1.15,1.0454,1,1.145,1.0409,56,0
SPY190802P299,2019-07-31,2019-07-31 09:32:48,1.15,1.0454,529,1.14,1.0363,8,1.15,1.0454,1,1.145,1.0409,56,0
SPY190802P299,2019-07-31,2019-07-31 09:32:49,1.15,1.0454,189,1.13,1.0272,354,1.15,1.0454,1,1.14,1.0363,56,0
SPY190802P299,2019-07-31,2019-07-31 09:32:50,1.14,1.0363,5,1.13,1.0272,119,1.15,1.0454,1,1.135,1.0318,56,0
SPY190802P299,2019-07-31,2019-07-31 09:32:50,1.14,1.0363,217,1.13,1.0272,29,1.15,1.0454,1,1.135,1.0318,56,0
SPY190802P299,2019-07-31,2019-07-31 09:32:51,1.14,1.0363,217,1.13,1.0272,29,1.15,1.0454,1,1.135,1.0318,56,0
SPY190802P299,2019-07-31,2019-07-31 09:32:51,1.14,1.0363,157,1.13,1.0272,14,1.15,1.0454,1,1.135,1.0318,56,0
SPY190802P299,2019-07-31,2019-07-31 09:32:52,1.14,1.0363,257,1.12,1.0181,317,1.15,1.0454,1,1.13,1.0272,56,0
SPY190802P299,2019-07-31,2019-07-31 09:32:53,1.14,1.0363,954,1.12,1.0181,578,1.15,1.0454,1,1.13,1.0272,56,0
SPY190802P299,2019-07-31,2019-07-31 09:32:53,1.13,1.0272,357,1.12,1.0181,33,1.15,1.0454,1,1.125,1.0227,56,0
SPY190802P299,2019-07-31,2019-07-31 09:32:54,1.12,1.0181,69,1.11,1.009,176,1.15,1.0454,1,1.115,1.0136,56,0
SPY190802P299,2019-07-31,2019-07-31 09:32:55,1.12,1.0181,506,1.1,1.0,470,1.15,1.0454,1,1.11,1.009,56,0
SPY190802P299,2019-07-31,2019-07-31 09:32:55,1.12,1.0181,111,1.11,1.009,117,1.15,1.0454,1,1.115,1.0136,56,0
SPY190802P299,2019-07-31,2019-07-31 09:32:56,1.12,1.0181,533,1.1,1.0,470,1.15,1.0454,1,1.11,1.009,56,0
SPY190802P299,2019-07-31,2019-07-31 09:32:57,1.12,1.0181,533,1.11,1.009,20,1.15,1.0454,1,1.115,1.0136,56,0
SPY190802P299,2019-07-31,2019-07-31 09:32:58,1.12,1.0181,54,1.11,1.009,71,1.15,1.0454,1,1.115,1.0136,56,0
SPY190802P299,2019-07-31,2019-07-31 09:32:58,1.12,1.0181,436,1.1,1.0,187,1.12,1.0181,50,1.11,1.009,106,50
SPY190802P299,2019-07-31,2019-07-31 09:32:59,1.11,1.009,500,1.1,1.0,6,1.12,1.0181,50,1.105,1.0045,106,0
SPY190802P299,2019-07-31,2019-07-31 09:32:59,1.12,1.0181,673,1.1,1.0,176,1.12,1.0181,50,1.11,1.009,106,0
SPY190802P299,2019-07-31,2019-07-31 09:33:00,1.11,1.009,256,1.1,1.0,88,1.09,0.9909,16,1.105,1.0045,606,500
SPY190802P299,2019-07-31,2019-07-31 09:33:00,1.11,1.009,578,1.1,1.0,6,1.09,0.9909,16,1.105,1.0045,606,0
SPY190802P299,2019-07-31,2019-07-31 09:33:01,1.11,1.009,675,1.09,0.9909,398,1.09,0.9909,16,1.1,1.0,606,0
SPY190802P299,2019-07-31,2019-07-31 09:33:02,1.11,1.009,675,1.1,1.0,20,1.09,0.9909,16,1.105,1.0045,606,0
SPY190802P299,2019-07-31,2019-07-31 09:33:03,1.11,1.009,675,1.09,0.9909,316,1.09,0.9909,16,1.1,1.0,606,0
SPY190802P299,2019-07-31,2019-07-31 09:33:03,1.11,1.009,675,1.09,0.9909,480,1.09,0.9909,16,1.1,1.0,606,0
SPY190802P299,2019-07-31,2019-07-31 09:33:04,1.11,1.009,675,1.09,0.9909,394,1.09,0.9909,16,1.1,1.0,606,0
SPY190802P299,2019-07-31,2019-07-31 09:33:04,1.11,1.009,494,1.09,0.9909,401,1.09,0.9909,16,1.1,1.0,606,0
SPY190802P299,2019-07-31,2019-07-31 09:33:05,1.11,1.009,675,1.1,1.0,21,1.09,0.9909,16,1.105,1.0045,606,0
SPY190802P299,2019-07-31,2019-07-31 09:33:06,1.11,1.009,675,1.1,1.0,21,1.09,0.9909,16,1.105,1.0045,606,0
SPY190802P299,2019-07-31,2019-07-31 09:33:06,1.11,1.009,494,1.1,1.0,26,1.09,0.9909,16,1.105,1.0045,606,0
SPY190802P299,2019-07-31,2019-07-31 09:33:07,1.11,1.009,63,1.1,1.0,159,1.09,0.9909,16,1.105,1.0045,606,0
SPY190802P299,2019-07-31,2019-07-31 09:33:07,1.11,1.009,675,1.1,1.0,32,1.09,0.9909,16,1.105,1.0045,606,0
SPY190802P299,2019-07-31,2019-07-31 09:33:08,1.11,1.009,63,1.1,1.0,159,1.09,0.9909,16,1.105,1.0045,606,0
SPY190802P299,2019-07-31,2019-07-31 09:33:08,1.12,1.0181,944,1.11,1.009,26,1.09,0.9909,16,1.115,1.0136,606,0
SPY190802P299,2019-07-31,2019-07-31 09:33:09,1.12,1.0181,690,1.11,1.009,6,1.09,0.9909,16,1.115,1.0136,606,0
SPY190802P299,2019-07-31,2019-07-31 09:33:10,1.12,1.0181,690,1.11,1.009,6,1.09,0.9909,16,1.115,1.0136,606,0
SPY190802P299,2019-07-31,2019-07-31 09:33:10,1.12,1.0181,690,1.11,1.009,14,1.09,0.9909,16,1.115,1.0136,606,0
SPY190802P299,2019-07-31,2019-07-31 09:33:11,1.12,1.0181,448,1.11,1.009,38,1.09,0.9909,16,1.115,1.0136,606,0
SPY190802P299,2019-07-31,2019-07-31 09:33:12,1.12,1.0181,419,1.11,1.009,117,1.09,0.9909,16,1.115,1.0136,606,0
SPY190802P299,2019-07-31,2019-07-31 09:33:12,1.13,1.0272,850,1.12,1.0181,6,1.09,0.9909,16,1.125,1.0227,606,0
SPY190802P299,2019-07-31,2019-07-31 09:33:13,1.13,1.0272,850,1.12,1.0181,15,1.09,0.9909,16,1.125,1.0227,606,0
SPY190802P299,2019-07-31,2019-07-31 09:33:14,1.12,1.0181,200,1.11,1.009,220,1.09,0.9909,16,1.115,1.0136,606,0
SPY190802P299,2019-07-31,2019-07-31 09:33:14,1.13,1.0272,871,1.12,1.0181,21,1.09,0.9909,16,1.125,1.0227,606,0
SPY190802P299,2019-07-31,2019-07-31 09:33:15,1.13,1.0272,893,1.11,1.009,108,1.09,0.9909,16,1.12,1.0181,606,0
SPY190802P299,2019-07-31,2019-07-31 09:33:16,1.12,1.0181,63,1.11,1.009,237,1.09,0.9909,16,1.115,1.0136,606,0
SPY190802P299,2019-07-31,2019-07-31 09:33:16,1.12,1.0181,63,1.11,1.009,158,1.09,0.9909,16,1.115,1.0136,606,0
SPY190802P299,2019-07-31,2019-07-31 09:33:17,1.12,1.0181,123,1.11,1.009,158,1.09,0.9909,16,1.115,1.0136,606,0
SPY190802P299,2019-07-31,2019-07-31 09:33:18,1.12,1.0181,549,1.11,1.009,20,1.09,0.9909,16,1.115,1.0136,606,0
SPY190802P299,2019-07-31,2019-07-31 09:33:18,1.12,1.0181,549,1.1,1.0,755,1.09,0.9909,16,1.11,1.009,606,0
SPY190802P299,2019-07-31,2019-07-31 09:33:19,1.11,1.009,5,1.1,1.0,366,1.09,0.9909,16,1.105,1.0045,606,0
SPY190802P299,2019-07-31,2019-07-31 09:33:19,1.12,1.0181,814,1.11,1.009,20,1.09,0.9909,16,1.115,1.0136,606,0
SPY190802P299,2019-07-31,2019-07-31 09:33:20,1.11,1.009,5,1.1,1.0,186,1.09,0.9909,16,1.105,1.0045,606,0
SPY190802P299,2019-07-31,2019-07-31 09:33:20,1.11,1.009,5,1.1,1.0,266,1.09,0.9909,16,1.105,1.0045,606,0
SPY190802P299,2019-07-31,2019-07-31 09:33:21,1.1,1.0,6,1.08,0.9818,50,1.09,0.9909,16,1.09,0.9909,606,0
SPY190802P299,2019-07-31,2019-07-31 09:33:21,1.1,1.0,33,1.08,0.9818,226,1.09,0.9909,6,1.09,0.9909,616,10
SPY190802P299,2019-07-31,2019-07-31 09:33:22,1.09,0.9909,90,1.08,0.9818,163,1.09,0.9909,6,1.085,0.9863,616,0
SPY190802P299,2019-07-31,2019-07-31 09:33:23,1.1,1.0,784,1.08,0.9818,250,1.09,0.9909,6,1.09,0.9909,616,0
SPY190802P299,2019-07-31,2019-07-31 09:33:23,1.09,0.9909,33,1.08,0.9818,250,1.09,0.9909,6,1.085,0.9863,616,0
SPY190802P299,2019-07-31,2019-07-31 09:33:24,1.09,0.9909,17,1.09,0.9909,30,1.09,0.9909,6,1.09,0.9909,616,0
SPY190802P299,2019-07-31,2019-07-31 09:33:25,1.1,1.0,984,1.09,0.9909,6,1.09,0.9909,6,1.095,0.9954,616,0
SPY190802P299,2019-07-31,2019-07-31 09:33:25,1.1,1.0,935,1.09,0.9909,26,1.09,0.9909,6,1.095,0.9954,616,0
SPY190802P299,2019-07-31,2019-07-31 09:33:26,1.1,1.0,837,1.09,0.9909,49,1.09,0.9909,6,1.095,0.9954,616,0
SPY190802P299,2019-07-31,2019-07-31 09:33:27,1.1,1.0,837,1.09,0.9909,6,1.09,0.9909,6,1.095,0.9954,616,0
SPY190802P299,2019-07-31,2019-07-31 09:33:27,1.09,0.9909,337,1.08,0.9818,21,1.09,0.9909,6,1.085,0.9863,616,0
SPY190802P299,2019-07-31,2019-07-31 09:33:28,1.09,0.9909,623,1.08,0.9818,32,1.09,0.9909,6,1.085,0.9863,616,0
SPY190802P299,2019-07-31,2019-07-31 09:33:28,1.09,0.9909,623,1.08,0.9818,21,1.09,0.9909,6,1.085,0.9863,616,0
SPY190802P299,2019-07-31,2019-07-31 09:33:29,1.09,0.9909,623,1.07,0.9727,421,1.09,0.9909,6,1.08,0.9818,616,0
SPY190802P299,2019-07-31,2019-07-31 09:33:30,1.08,0.9818,50,1.08,0.9818,15,1.09,0.9909,6,1.08,0.9818,616,0
SPY190802P299,2019-07-31,2019-07-31 09:33:30,1.08,0.9818,5,1.07,0.9727,217,1.09,0.9909,6,1.075,0.9772,616,0
SPY190802P299,2019-07-31,2019-07-31 09:33:31,1.08,0.9818,5,1.07,0.9727,237,1.09,0.9909,6,1.075,0.9772,616,0
SPY190802P299,2019-07-31,2019-07-31 09:33:32,1.08,0.9818,53,1.07,0.9727,217,1.09,0.9909,6,1.075,0.9772,616,0
SPY190802P299,2019-07-31,2019-07-31 09:33:33,1.08,0.9818,53,1.07,0.9727,217,1.09,0.9909,6,1.075,0.9772,616,0
SPY190802P299,2019-07-31,2019-07-31 09:33:33,1.08,0.9818,53,1.06,0.9636,138,1.09,0.9909,6,1.07,0.9727,616,0
SPY190802P299,2019-07-31,2019-07-31 09:33:34,1.08,0.9818,860,1.06,0.9636,138,1.09,0.9909,6,1.07,0.9727,616,0
SPY190802P299,2019-07-31,2019-07-31 09:33:35,1.08,0.9818,860,1.07,0.9727,20,1.09,0.9909,6,1.075,0.9772,616,0
SPY190802P299,2019-07-31,2019-07-31 09:33:35,1.08,0.9818,860,1.07,0.9727,27,1.09,0.9909,6,1.075,0.9772,616,0
SPY190802P299,2019-07-31,2019-07-31 09:33:36,1.07,0.9727,35,1.06,0.9636,217,1.09,0.9909,6,1.065,0.9681,616,0
SPY190802P299,2019-07-31,2019-07-31 09:33:36,1.08,0.9818,860,1.06,0.9636,203,1.09,0.9909,6,1.07,0.9727,616,0
SPY190802P299,2019-07-31,2019-07-31 09:33:37,1.07,0.9727,39,1.06,0.9636,217,1.09,0.9909,6,1.065,0.9681,616,0
SPY190802P299,2019-07-31,2019-07-31 09:33:38,1.08,0.9818,247,1.07,0.9727,11,1.07,0.9727,3,1.075,0.9772,619,0
SPY190802P299,2019-07-31,2019-07-31 09:33:38,1.08,0.9818,614,1.07,0.9727,11,1.07,0.9727,3,1.075,0.9772,619,3
SPY190802P299,2019-07-31,2019-07-31 09:33:39,1.08,0.9818,792,1.07,0.9727,11,1.07,0.9727,3,1.075,0.9772,619,0
SPY190802P299,2019-07-31,2019-07-31 09:33:40,1.08,0.9818,792,1.07,0.9727,32,1.07,0.9727,3,1.075,0.9772,619,0
SPY190802P299,2019-07-31,2019-07-31 09:33:40,1.08,0.9818,792,1.06,0.9636,230,1.07,0.9727,3,1.07,0.9727,619,0
SPY190802P299,2019-07-31,2019-07-31 09:33:41,1.08,0.9818,364,1.07,0.9727,32,1.07,0.9727,3,1.075,0.9772,619,0
SPY190802P299,2019-07-31,2019-07-31 09:33:41,1.08,0.9818,364,1.07,0.9727,112,1.07,0.9727,3,1.075,0.9772,619,0
SPY190802P299,2019-07-31,2019-07-31 09:33:42,1.08,0.9818,209,1.07,0.9727,94,1.07,0.9727,3,1.075,0.9772,619,0
SPY190802P299,2019-07-31,2019-07-31 09:33:43,1.08,0.9818,314,1.07,0.9727,94,1.07,0.9727,3,1.075,0.9772,619,0
SPY190802P299,2019-07-31,2019-07-31 09:33:44,1.09,0.9909,556,1.08,0.9818,5,1.07,0.9727,3,1.085,0.9863,619,0
SPY190802P299,2019-07-31,2019-07-31 09:33:44,1.09,0.9909,869,1.07,0.9727,288,1.07,0.9727,3,1.08,0.9818,619,0
SPY190802P299,2019-07-31,2019-07-31 09:33:45,1.09,0.9909,747,1.07,0.9727,255,1.07,0.9727,3,1.08,0.9818,619,0
SPY190802P299,2019-07-31,2019-07-31 09:33:46,1.09,0.9909,765,1.07,0.9727,380,1.07,0.9727,3,1.08,0.9818,619,0
SPY190802P299,2019-07-31,2019-07-31 09:33:46,1.09,0.9909,234,1.08,0.9818,8,1.07,0.9727,3,1.085,0.9863,619,0
SPY190802P299,2019-07-31,2019-07-31 09:33:47,1.09,0.9909,160,1.08,0.9818,134,1.07,0.9727,3,1.085,0.9863,619,0
SPY190802P299,2019-07-31,2019-07-31 09:33:47,1.09,0.9909,182,1.08,0.9818,134,1.07,0.9727,3,1.085,0.9863,619,0
SPY190802P299,2019-07-31,2019-07-31 09:33:48,1.09,0.9909,160,1.08,0.9818,134,1.07,0.9727,3,1.085,0.9863,619,0
SPY190802P299,2019-07-31,2019-07-31 09:33:49,1.09,0.9909,160,1.08,0.9818,154,1.07,0.9727,3,1.085,0.9863,619,0
SPY190802P299,2019-07-31,2019-07-31 09:33:49,1.09,0.9909,160,1.08,0.9818,134,1.07,0.9727,3,1.085,0.9863,619,0
SPY190802P299,2019-07-31,2019-07-31 09:33:50,1.09,0.9909,160,1.08,0.9818,154,1.07,0.9727,3,1.085,0.9863,619,0
SPY190802P299,2019-07-31,2019-07-31 09:33:50,1.09,0.9909,215,1.08,0.9818,134,1.07,0.9727,3,1.085,0.9863,619,0
SPY190802P299,2019-07-31,2019-07-31 09:33:51,1.09,0.9909,153,1.08,0.9818,134,1.07,0.9727,3,1.085,0.9863,619,0
SPY190802P299,2019-07-31,2019-07-31 09:33:52,1.08,0.9818,60,1.07,0.9727,194,1.07,0.9727,3,1.075,0.9772,619,0
SPY190802P299,2019-07-31,2019-07-31 09:33:52,1.09,0.9909,140,1.07,0.9727,263,1.07,0.9727,3,1.08,0.9818,619,0
SPY190802P299,2019-07-31,2019-07-31 09:33:53,1.09,0.9909,120,1.07,0.9727,194,1.07,0.9727,3,1.08,0.9818,619,0
SPY190802P299,2019-07-31,2019-07-31 09:33:54,1.09,0.9909,712,1.07,0.9727,254,1.07,0.9727,3,1.08,0.9818,619,0
SPY190802P299,2019-07-31,2019-07-31 09:33:55,1.08,0.9818,60,1.08,0.9818,11,1.07,0.9727,3,1.08,0.9818,619,0
SPY190802P299,2019-07-31,2019-07-31 09:33:56,1.09,0.9909,87,1.08,0.9818,6,1.07,0.9727,3,1.085,0.9863,619,0
SPY190802P299,2019-07-31,2019-07-31 09:33:56,1.08,0.9818,60,1.08,0.9818,6,1.07,0.9727,3,1.08,0.9818,619,0
SPY190802P299,2019-07-31,2019-07-31 09:33:57,1.09,0.9909,60,1.08,0.9818,215,1.09,0.9909,6,1.085,0.9863,625,6
SPY190802P299,2019-07-31,2019-07-31 09:33:58,1.1,1.0,427,1.09,0.9909,6,1.09,0.9909,6,1.095,0.9954,625,0
SPY190802P299,2019-07-31,2019-07-31 09:33:58,1.1,1.0,892,1.08,0.9818,266,1.09,0.9909,6,1.09,0.9909,625,0
SPY190802P299,2019-07-31,2019-07-31 09:33:59,1.11,1.009,60,1.1,1.0,5,1.09,0.9909,6,1.105,1.0045,625,0
SPY190802P299,2019-07-31,2019-07-31 09:33:59,1.1,1.0,288,1.09,0.9909,62,1.09,0.9909,6,1.095,0.9954,625,0
SPY190802P299,2019-07-31,2019-07-31 09:34:00,1.11,1.009,101,1.1,1.0,5,1.09,0.9909,6,1.105,1.0045,625,0
SPY190802P299,2019-07-31,2019-07-31 09:34:01,1.11,1.009,419,1.1,1.0,5,1.09,0.9909,6,1.105,1.0045,625,0
SPY190802P299,2019-07-31,2019-07-31 09:34:01,1.12,1.0181,204,1.11,1.009,53,1.09,0.9909,6,1.115,1.0136,625,0
SPY190802P299,2019-07-31,2019-07-31 09:34:02,1.12,1.0181,66,1.11,1.009,130,1.09,0.9909,6,1.115,1.0136,625,0
SPY190802P299,2019-07-31,2019-07-31 09:34:02,1.13,1.0272,329,1.12,1.0181,20,1.09,0.9909,6,1.125,1.0227,625,0
SPY190802P299,2019-07-31,2019-07-31 09:34:03,1.13,1.0272,294,1.11,1.009,146,1.09,0.9909,6,1.12,1.0181,625,0
SPY190802P299,2019-07-31,2019-07-31 09:34:03,1.13,1.0272,343,1.12,1.0181,20,1.09,0.9909,6,1.125,1.0227,625,0
SPY190802P299,2019-07-31,2019-07-31 09:34:04,1.13,1.0272,483,1.11,1.009,136,1.09,0.9909,6,1.12,1.0181,625,0
SPY190802P299,2019-07-31,2019-07-31 09:34:04,1.12,1.0181,60,1.11,1.009,136,1.09,0.9909,6,1.115,1.0136,625,0
SPY190802P299,2019-07-31,2019-07-31 09:34:05,1.13,1.0272,173,1.12,1.0181,9,1.09,0.9909,6,1.125,1.0227,625,0
SPY190802P299,2019-07-31,2019-07-31 09:34:06,1.13,1.0272,419,1.12,1.0181,6,1.13,1.0272,1,1.125,1.0227,626,0
SPY190802P299,2019-07-31,2019-07-31 09:34:06,1.13,1.0272,288,1.12,1.0181,6,1.13,1.0272,1,1.125,1.0227,626,1
SPY190802P299,2019-07-31,2019-07-31 09:34:07,1.13,1.0272,772,1.11,1.009,233,1.13,1.0272,1,1.12,1.0181,626,0
SPY190802P299,2019-07-31,2019-07-31 09:34:07,1.13,1.0272,538,1.12,1.0181,34,1.13,1.0272,1,1.125,1.0227,626,0
SPY190802P299,2019-07-31,2019-07-31 09:34:08,1.13,1.0272,288,1.12,1.0181,6,1.13,1.0272,1,1.125,1.0227,626,0
SPY190802P299,2019-07-31,2019-07-31 09:34:09,1.13,1.0272,288,1.12,1.0181,6,1.13,1.0272,1,1.125,1.0227,626,0
SPY190802P299,2019-07-31,2019-07-31 09:34:10,1.13,1.0272,95,1.11,1.009,163,1.13,1.0272,1,1.12,1.0181,626,0
SPY190802P299,2019-07-31,2019-07-31 09:34:10,1.14,1.0363,842,1.13,1.0272,5,1.13,1.0272,1,1.135,1.0318,626,0
SPY190802P299,2019-07-31,2019-07-31 09:34:11,1.12,1.0181,79,1.1,1.0,537,1.13,1.0272,1,1.11,1.009,626,0
SPY190802P299,2019-07-31,2019-07-31 09:34:11,1.12,1.0181,127,1.11,1.009,26,1.13,1.0272,1,1.115,1.0136,626,0
SPY190802P299,2019-07-31,2019-07-31 09:34:12,1.12,1.0181,84,1.11,1.009,71,1.13,1.0272,1,1.115,1.0136,626,0
SPY190802P299,2019-07-31,2019-07-31 09:34:13,1.13,1.0272,932,1.11,1.009,528,1.13,1.0272,1,1.12,1.0181,626,0
SPY190802P299,2019-07-31,2019-07-31 09:34:13,1.13,1.0272,699,1.11,1.009,140,1.13,1.0272,1,1.12,1.0181,626,0
SPY190802P299,2019-07-31,2019-07-31 09:34:14,1.13,1.0272,1059,1.11,1.009,614,1.13,1.0272,1,1.12,1.0181,626,0
SPY190802P299,2019-07-31,2019-07-31 09:34:15,1.12,1.0181,60,1.11,1.009,26,1.13,1.0272,1,1.115,1.0136,626,0
SPY190802P299,2019-07-31,2019-07-31 09:34:15,1.13,1.0272,823,1.11,1.009,82,1.13,1.0272,1,1.12,1.0181,626,0
SPY190802P299,2019-07-31,2019-07-31 09:34:16,1.12,1.0181,323,1.11,1.009,69,1.13,1.0272,1,1.115,1.0136,626,0
SPY190802P299,2019-07-31,2019-07-31 09:34:16,1.12,1.0181,419,1.11,1.009,43,1.13,1.0272,1,1.115,1.0136,626,0
SPY190802P299,2019-07-31,2019-07-31 09:34:17,1.12,1.0181,419,1.11,1.009,94,1.13,1.0272,1,1.115,1.0136,626,0
SPY190802P299,2019-07-31,2019-07-31 09:34:18,1.12,1.0181,288,1.11,1.009,9,1.13,1.0272,1,1.115,1.0136,626,0
SPY190802P299,2019-07-31,2019-07-31 09:34:19,1.12,1.0181,288,1.1,1.0,589,1.13,1.0272,1,1.11,1.009,626,0
SPY190802P299,2019-07-31,2019-07-31 09:34:19,1.12,1.0181,170,1.1,1.0,813,1.13,1.0272,1,1.11,1.009,626,0
SPY190802P299,2019-07-31,2019-07-31 09:34:20,1.12,1.0181,419,1.11,1.009,96,1.13,1.0272,1,1.115,1.0136,626,0
SPY190802P299,2019-07-31,2019-07-31 09:34:20,1.12,1.0181,419,1.11,1.009,85,1.13,1.0272,1,1.115,1.0136,626,0
SPY190802P299,2019-07-31,2019-07-31 09:34:21,1.12,1.0181,419,1.11,1.009,85,1.13,1.0272,1,1.115,1.0136,626,0
SPY190802P299,2019-07-31,2019-07-31 09:34:22,1.12,1.0181,6,1.11,1.009,91,1.13,1.0272,1,1.115,1.0136,626,0
SPY190802P299,2019-07-31,2019-07-31 09:34:22,1.12,1.0181,419,1.11,1.009,85,1.13,1.0272,1,1.115,1.0136,626,0
SPY190802P299,2019-07-31,2019-07-31 09:34:23,1.13,1.0272,248,1.11,1.009,91,1.13,1.0272,1,1.12,1.0181,626,0
SPY190802P299,2019-07-31,2019-07-31 09:34:23,1.13,1.0272,205,1.11,1.009,256,1.13,1.0272,1,1.12,1.0181,626,0
SPY190802P299,2019-07-31,2019-07-31 09:34:24,1.12,1.0181,1,1.11,1.009,552,1.13,1.0272,1,1.115,1.0136,626,0
SPY190802P299,2019-07-31,2019-07-31 09:34:24,1.13,1.0272,260,1.11,1.009,797,1.13,1.0272,1,1.12,1.0181,626,0
SPY190802P299,2019-07-31,2019-07-31 09:34:25,1.12,1.0181,1,1.11,1.009,453,1.13,1.0272,1,1.115,1.0136,626,0
SPY190802P299,2019-07-31,2019-07-31 09:34:26,1.12,1.0181,1,1.11,1.009,428,1.13,1.0272,1,1.115,1.0136,626,0
SPY190802P299,2019-07-31,2019-07-31 09:34:26,1.12,1.0181,66,1.11,1.009,118,1.13,1.0272,1,1.115,1.0136,626,0
SPY190802P299,2019-07-31,2019-07-31 09:34:27,1.12,1.0181,102,1.11,1.009,118,1.13,1.0272,1,1.115,1.0136,626,0
SPY190802P299,2019-07-31,2019-07-31 09:34:28,1.12,1.0181,87,1.11,1.009,132,1.13,1.0272,1,1.115,1.0136,626,0
SPY190802P299,2019-07-31,2019-07-31 09:34:29,1.12,1.0181,1,1.11,1.009,609,1.13,1.0272,1,1.115,1.0136,626,0
SPY190802P299,2019-07-31,2019-07-31 09:34:29,1.12,1.0181,1,1.11,1.009,231,1.13,1.0272,1,1.115,1.0136,626,0
SPY190802P299,2019-07-31,2019-07-31 09:34:30,1.12,1.0181,1,1.11,1.009,385,1.13,1.0272,1,1.115,1.0136,626,0
SPY190802P299,2019-07-31,2019-07-31 09:34:31,1.12,1.0181,6,1.11,1.009,589,1.13,1.0272,1,1.115,1.0136,626,0
SPY190802P299,2019-07-31,2019-07-31 09:34:31,1.12,1.0181,10,1.11,1.009,385,1.13,1.0272,1,1.115,1.0136,626,0
SPY190802P299,2019-07-31,2019-07-31 09:34:32,1.12,1.0181,10,1.11,1.009,639,1.13,1.0272,1,1.115,1.0136,626,0
SPY190802P299,2019-07-31,2019-07-31 09:34:33,1.12,1.0181,1,1.11,1.009,258,1.13,1.0272,1,1.115,1.0136,626,0
SPY190802P299,2019-07-31,2019-07-31 09:34:34,1.12,1.0181,98,1.11,1.009,144,1.13,1.0272,1,1.115,1.0136,626,0
SPY190802P299,2019-07-31,2019-07-31 09:34:34,1.12,1.0181,121,1.11,1.009,158,1.13,1.0272,1,1.115,1.0136,626,0
SPY190802P299,2019-07-31,2019-07-31 09:34:35,1.12,1.0181,98,1.11,1.009,144,1.13,1.0272,1,1.115,1.0136,626,0
SPY190802P299,2019-07-31,2019-07-31 09:34:35,1.12,1.0181,82,1.11,1.009,144,1.13,1.0272,1,1.115,1.0136,626,0
SPY190802P299,2019-07-31,2019-07-31 09:34:36,1.12,1.0181,1,1.11,1.009,244,1.13,1.0272,1,1.115,1.0136,626,0
SPY190802P299,2019-07-31,2019-07-31 09:34:37,1.12,1.0181,1,1.11,1.009,244,1.13,1.0272,1,1.115,1.0136,626,0
SPY190802P299,2019-07-31,2019-07-31 09:34:37,1.12,1.0181,1,1.11,1.009,557,1.13,1.0272,1,1.115,1.0136,626,0
SPY190802P299,2019-07-31,2019-07-31 09:34:38,1.12,1.0181,86,1.11,1.009,188,1.13,1.0272,1,1.115,1.0136,626,0
SPY190802P299,2019-07-31,2019-07-31 09:34:39,1.12,1.0181,6,1.11,1.009,188,1.13,1.0272,1,1.115,1.0136,626,0
SPY190802P299,2019-07-31,2019-07-31 09:34:40,1.12,1.0181,26,1.11,1.009,224,1.13,1.0272,1,1.115,1.0136,626,0
SPY190802P299,2019-07-31,2019-07-31 09:34:40,1.12,1.0181,1,1.11,1.009,224,1.13,1.0272,1,1.115,1.0136,626,0
SPY190802P299,2019-07-31,2019-07-31 09:34:41,1.12,1.0181,1,1.11,1.009,224,1.13,1.0272,1,1.115,1.0136,626,0
SPY190802P299,2019-07-31,2019-07-31 09:34:41,1.12,1.0181,11,1.11,1.009,317,1.13,1.0272,1,1.115,1.0136,626,0
SPY190802P299,2019-07-31,2019-07-31 09:34:42,1.12,1.0181,3,1.11,1.009,669,1.13,1.0272,1,1.115,1.0136,626,0
SPY190802P299,2019-07-31,2019-07-31 09:34:43,1.12,1.0181,1,1.11,1.009,584,1.13,1.0272,1,1.115,1.0136,626,0
SPY190802P299,2019-07-31,2019-07-31 09:34:43,1.12,1.0181,1,1.11,1.009,752,1.13,1.0272,1,1.115,1.0136,626,0
SPY190802P299,2019-07-31,2019-07-31 09:34:44,1.12,1.0181,1,1.11,1.009,269,1.13,1.0272,1,1.115,1.0136,626,0
SPY190802P299,2019-07-31,2019-07-31 09:34:44,1.12,1.0181,1,1.11,1.009,812,1.13,1.0272,1,1.115,1.0136,626,0
SPY190802P299,2019-07-31,2019-07-31 09:34:45,1.12,1.0181,1,1.11,1.009,318,1.13,1.0272,1,1.115,1.0136,626,0
SPY190802P299,2019-07-31,2019-07-31 09:34:45,1.12,1.0181,1,1.11,1.009,812,1.13,1.0272,1,1.115,1.0136,626,0
SPY190802P299,2019-07-31,2019-07-31 09:34:46,1.12,1.0181,1,1.11,1.009,806,1.13,1.0272,1,1.115,1.0136,626,0
SPY190802P299,2019-07-31,2019-07-31 09:34:47,1.12,1.0181,1,1.11,1.009,606,1.13,1.0272,1,1.115,1.0136,626,0
SPY190802P299,2019-07-31,2019-07-31 09:34:47,1.13,1.0272,99,1.12,1.0181,15,1.12,1.0181,1,1.125,1.0227,627,1
SPY190802P299,2019-07-31,2019-07-31 09:34:48,1.13,1.0272,80,1.12,1.0181,5,1.12,1.0181,1,1.125,1.0227,627,0
SPY190802P299,2019-07-31,2019-07-31 09:34:48,1.13,1.0272,33,1.12,1.0181,5,1.12,1.0181,1,1.125,1.0227,627,0
SPY190802P299,2019-07-31,2019-07-31 09:34:49,1.12,1.0181,33,1.12,1.0181,5,1.12,1.0181,1,1.12,1.0181,627,0
SPY190802P299,2019-07-31,2019-07-31 09:34:50,1.12,1.0181,33,1.11,1.009,871,1.12,1.0181,1,1.115,1.0136,627,0
SPY190802P299,2019-07-31,2019-07-31 09:34:50,1.13,1.0272,421,1.12,1.0181,67,1.12,1.0181,1,1.125,1.0227,627,0
SPY190802P299,2019-07-31,2019-07-31 09:34:51,1.13,1.0272,98,1.12,1.0181,143,1.12,1.0181,1,1.125,1.0227,627,0
SPY190802P299,2019-07-31,2019-07-31 09:34:51,1.13,1.0272,33,1.12,1.0181,142,1.12,1.0181,1,1.125,1.0227,627,0
SPY190802P299,2019-07-31,2019-07-31 09:34:52,1.13,1.0272,33,1.12,1.0181,142,1.12,1.0181,1,1.125,1.0227,627,0
SPY190802P299,2019-07-31,2019-07-31 09:34:52,1.13,1.0272,33,1.12,1.0181,518,1.12,1.0181,1,1.125,1.0227,627,0
SPY190802P299,2019-07-31,2019-07-31 09:34:53,1.13,1.0272,53,1.12,1.0181,592,1.12,1.0181,1,1.125,1.0227,627,0
SPY190802P299,2019-07-31,2019-07-31 09:34:54,1.13,1.0272,53,1.12,1.0181,288,1.12,1.0181,1,1.125,1.0227,627,0
SPY190802P299,2019-07-31,2019-07-31 09:34:54,1.13,1.0272,53,1.12,1.0181,258,1.12,1.0181,1,1.125,1.0227,627,0
SPY190802P299,2019-07-31,2019-07-31 09:34:55,1.13,1.0272,33,1.12,1.0181,70,1.12,1.0181,1,1.125,1.0227,627,0
SPY190802P299,2019-07-31,2019-07-31 09:34:55,1.13,1.0272,53,1.12,1.0181,269,1.12,1.0181,1,1.125,1.0227,627,0
SPY190802P299,2019-07-31,2019-07-31 09:34:56,1.14,1.0363,419,1.12,1.0181,264,1.12,1.0181,1,1.13,1.0272,627,0
SPY190802P299,2019-07-31,2019-07-31 09:34:56,1.13,1.0272,53,1.12,1.0181,188,1.12,1.0181,1,1.125,1.0227,627,0
SPY190802P299,2019-07-31,2019-07-31 09:34:57,1.14,1.0363,449,1.12,1.0181,604,1.12,1.0181,1,1.13,1.0272,627,0
SPY190802P299,2019-07-31,2019-07-31 09:34:58,1.14,1.0363,33,1.13,1.0272,5,1.12,1.0181,1,1.135,1.0318,627,0
SPY190802P299,2019-07-31,2019-07-31 09:34:58,1.14,1.0363,53,1.13,1.0272,71,1.12,1.0181,1,1.135,1.0318,627,0
SPY190802P299,2019-07-31,2019-07-31 09:34:59,1.12,1.0181,6,1.11,1.009,767,1.12,1.0181,1,1.115,1.0136,627,0
SPY190802P299,2019-07-31,2019-07-31 09:34:59,1.14,1.0363,515,1.13,1.0272,5,1.12,1.0181,1,1.135,1.0318,627,0
SPY190802P299,2019-07-31,2019-07-31 09:35:00,1.12,1.0181,33,1.11,1.009,620,1.12,1.0181,1,1.115,1.0136,627,0
SPY190802P299,2019-07-31,2019-07-31 09:35:00,1.12,1.0181,33,1.11,1.009,816,1.12,1.0181,1,1.115,1.0136,627,0
SPY190802P299,2019-07-31,2019-07-31 09:35:01,1.12,1.0181,19,1.11,1.009,675,1.12,1.0181,1,1.115,1.0136,627,0
SPY190802P299,2019-07-31,2019-07-31 09:35:02,1.12,1.0181,115,1.11,1.009,577,1.12,1.0181,4,1.115,1.0136,631,0
SPY190802P299,2019-07-31,2019-07-31 09:35:02,1.12,1.0181,33,1.11,1.009,577,1.12,1.0181,4,1.115,1.0136,631,4
SPY190802P299,2019-07-31,2019-07-31 09:35:03,1.12,1.0181,98,1.11,1.009,451,1.12,1.0181,4,1.115,1.0136,631,0
SPY190802P299,2019-07-31,2019-07-31 09:35:04,1.12,1.0181,141,1.1,1.0,598,1.12,1.0181,4,1.11,1.009,631,0
SPY190802P299,2019-07-31,2019-07-31 09:35:04,1.11,1.009,17,1.1,1.0,598,1.12,1.0181,4,1.105,1.0045,631,0
SPY190802P299,2019-07-31,2019-07-31 09:35:05,1.11,1.009,17,1.1,1.0,669,1.12,1.0181,4,1.105,1.0045,631,0
SPY190802P299,2019-07-31,2019-07-31 09:35:06,1.11,1.009,17,1.1,1.0,669,1.12,1.0181,4,1.105,1.0045,631,0
SPY190802P299,2019-07-31,2019-07-31 09:35:07,1.11,1.009,17,1.1,1.0,669,1.12,1.0181,4,1.105,1.0045,631,0
SPY190802P299,2019-07-31,2019-07-31 09:35:08,1.11,1.009,17,1.1,1.0,620,1.12,1.0181,4,1.105,1.0045,631,0
SPY190802P299,2019-07-31,2019-07-31 09:35:08,1.11,1.009,17,1.1,1.0,499,1.12,1.0181,4,1.105,1.0045,631,0
SPY190802P299,2019-07-31,2019-07-31 09:35:09,1.12,1.0181,33,1.11,1.009,146,1.12,1.0181,4,1.115,1.0136,631,0
SPY190802P299,2019-07-31,2019-07-31 09:35:10,1.12,1.0181,38,1.11,1.009,143,1.12,1.0181,4,1.115,1.0136,631,0
SPY190802P299,2019-07-31,2019-07-31 09:35:10,1.13,1.0272,907,1.11,1.009,145,1.12,1.0181,4,1.12,1.0181,631,0
SPY190802P299,2019-07-31,2019-07-31 09:35:11,1.13,1.0272,1028,1.11,1.009,7,1.12,1.0181,4,1.12,1.0181,631,0
SPY190802P299,2019-07-31,2019-07-31 09:35:11,1.12,1.0181,33,1.11,1.009,165,1.12,1.0181,4,1.115,1.0136,631,0
SPY190802P299,2019-07-31,2019-07-31 09:35:12,1.12,1.0181,33,1.11,1.009,123,1.12,1.0181,4,1.115,1.0136,631,0
SPY190802P299,2019-07-31,2019-07-31 09:35:12,1.12,1.0181,11,1.11,1.009,43,1.12,1.0181,4,1.115,1.0136,631,0
SPY190802P299,2019-07-31,2019-07-31 09:35:13,1.12,1.0181,38,1.11,1.009,101,1.12,1.0181,4,1.115,1.0136,631,0
SPY190802P299,2019-07-31,2019-07-31 09:35:14,1.13,1.0272,568,1.12,1.0181,1,1.12,1.0181,4,1.125,1.0227,631,0
SPY190802P299,2019-07-31,2019-07-31 09:35:15,1.13,1.0272,95,1.12,1.0181,82,1.12,1.0181,4,1.125,1.0227,631,0
SPY190802P299,2019-07-31,2019-07-31 09:35:16,1.13,1.0272,33,1.12,1.0181,214,1.12,1.0181,4,1.125,1.0227,631,0
SPY190802P299,2019-07-31,2019-07-31 09:35:16,1.14,1.0363,918,1.12,1.0181,293,1.12,1.0181,4,1.13,1.0272,631,0
SPY190802P299,2019-07-31,2019-07-31 09:35:17,1.14,1.0363,119,1.13,1.0272,6,1.12,1.0181,4,1.135,1.0318,631,0
SPY190802P299,2019-07-31,2019-07-31 09:35:17,1.14,1.0363,181,1.13,1.0272,26,1.12,1.0181,4,1.135,1.0318,631,0
SPY190802P299,2019-07-31,2019-07-31 09:35:18,1.14,1.0363,815,1.13,1.0272,33,1.12,1.0181,4,1.135,1.0318,631,0
SPY190802P299,2019-07-31,2019-07-31 09:35:19,1.14,1.0363,241,1.12,1.0181,525,1.12,1.0181,4,1.13,1.0272,631,0
SPY190802P299,2019-07-31,2019-07-31 09:35:19,1.14,1.0363,258,1.13,1.0272,6,1.12,1.0181,4,1.135,1.0318,631,0
SPY190802P299,2019-07-31,2019-07-31 09:35:20,1.14,1.0363,150,1.13,1.0272,32,1.12,1.0181,4,1.135,1.0318,631,0
SPY190802P299,2019-07-31,2019-07-31 09:35:20,1.14,1.0363,282,1.13,1.0272,6,1.12,1.0181,4,1.135,1.0318,631,0
SPY190802P299,2019-07-31,2019-07-31 09:35:21,1.14,1.0363,150,1.13,1.0272,32,1.12,1.0181,4,1.135,1.0318,631,0
SPY190802P299,2019-07-31,2019-07-31 09:35:22,1.14,1.0363,139,1.13,1.0272,29,1.12,1.0181,4,1.135,1.0318,631,0
SPY190802P299,2019-07-31,2019-07-31 09:35:22,1.14,1.0363,159,1.13,1.0272,26,1.12,1.0181,4,1.135,1.0318,631,0
SPY190802P299,2019-07-31,2019-07-31 09:35:23,1.14,1.0363,249,1.13,1.0272,27,1.12,1.0181,4,1.135,1.0318,631,0
SPY190802P299,2019-07-31,2019-07-31 09:35:24,1.14,1.0363,249,1.13,1.0272,26,1.12,1.0181,4,1.135,1.0318,631,0
SPY190802P299,2019-07-31,2019-07-31 09:35:25,1.14,1.0363,249,1.13,1.0272,26,1.12,1.0181,4,1.135,1.0318,631,0
SPY190802P299,2019-07-31,2019-07-31 09:35:26,1.14,1.0363,119,1.13,1.0272,28,1.12,1.0181,4,1.135,1.0318,631,0
SPY190802P299,2019-07-31,2019-07-31 09:35:26,1.15,1.0454,204,1.14,1.0363,6,1.12,1.0181,4,1.145,1.0409,631,0
SPY190802P299,2019-07-31,2019-07-31 09:35:27,1.15,1.0454,204,1.13,1.0272,272,1.12,1.0181,4,1.14,1.0363,631,0
SPY190802P299,2019-07-31,2019-07-31 09:35:28,1.14,1.0363,82,1.13,1.0272,93,1.12,1.0181,4,1.135,1.0318,631,0
SPY190802P299,2019-07-31,2019-07-31 09:35:28,1.14,1.0363,38,1.13,1.0272,93,1.12,1.0181,4,1.135,1.0318,631,0
SPY190802P299,2019-07-31,2019-07-31 09:35:29,1.14,1.0363,227,1.12,1.0181,718,1.12,1.0181,4,1.13,1.0272,631,0
SPY190802P299,2019-07-31,2019-07-31 09:35:29,1.13,1.0272,33,1.12,1.0181,413,1.12,1.0181,4,1.125,1.0227,631,0
SPY190802P299,2019-07-31,2019-07-31 09:35:30,1.13,1.0272,39,1.12,1.0181,2,1.12,1.0181,4,1.125,1.0227,631,0
SPY190802P299,2019-07-31,2019-07-31 09:35:30,1.13,1.0272,95,1.12,1.0181,81,1.12,1.0181,4,1.125,1.0227,631,0
SPY190802P299,2019-07-31,2019-07-31 09:35:31,1.13,1.0272,83,1.12,1.0181,1,1.12,1.0181,4,1.125,1.0227,631,0
SPY190802P299,2019-07-31,2019-07-31 09:35:32,1.13,1.0272,76,1.12,1.0181,1,1.12,1.0181,4,1.125,1.0227,631,0
SPY190802P299,2019-07-31,2019-07-31 09:35:33,1.13,1.0272,450,1.12,1.0181,1,1.12,1.0181,4,1.125,1.0227,631,0
SPY190802P299,2019-07-31,2019-07-31 09:35:33,1.13,1.0272,98,1.12,1.0181,1,1.12,1.0181,4,1.125,1.0227,631,0
SPY190802P299,2019-07-31,2019-07-31 09:35:34,1.13,1.0272,103,1.12,1.0181,41,1.12,1.0181,4,1.125,1.0227,631,0
SPY190802P299,2019-07-31,2019-07-31 09:35:34,1.13,1.0272,23,1.12,1.0181,182,1.12,1.0181,4,1.125,1.0227,631,0
SPY190802P299,2019-07-31,2019-07-31 09:35:35,1.13,1.0272,23,1.12,1.0181,142,1.12,1.0181,4,1.125,1.0227,631,0
SPY190802P299,2019-07-31,2019-07-31 09:35:36,1.13,1.0272,33,1.12,1.0181,162,1.12,1.0181,4,1.125,1.0227,631,0
SPY190802P299,2019-07-31,2019-07-31 09:35:36,1.13,1.0272,23,1.12,1.0181,142,1.12,1.0181,4,1.125,1.0227,631,0
SPY190802P299,2019-07-31,2019-07-31 09:35:37,1.14,1.0363,1017,1.12,1.0181,162,1.12,1.0181,4,1.13,1.0272,631,0
SPY190802P299,2019-07-31,2019-07-31 09:35:37,1.13,1.0272,33,1.12,1.0181,151,1.12,1.0181,4,1.125,1.0227,631,0
SPY190802P299,2019-07-31,2019-07-31 09:35:38,1.15,1.0454,539,1.13,1.0272,7,1.12,1.0181,4,1.14,1.0363,631,0
SPY190802P299,2019-07-31,2019-07-31 09:35:39,1.14,1.0363,5,1.13,1.0272,20,1.12,1.0181,4,1.135,1.0318,631,0
SPY190802P299,2019-07-31,2019-07-31 09:35:39,1.14,1.0363,10,1.13,1.0272,20,1.12,1.0181,4,1.135,1.0318,631,0
SPY190802P299,2019-07-31,2019-07-31 09:35:41,1.15,1.0454,1287,1.13,1.0272,565,1.12,1.0181,4,1.14,1.0363,631,0
SPY190802P299,2019-07-31,2019-07-31 09:35:41,1.14,1.0363,6,1.13,1.0272,205,1.12,1.0181,4,1.135,1.0318,631,0
SPY190802P299,2019-07-31,2019-07-31 09:35:42,1.14,1.0363,33,1.13,1.0272,237,1.12,1.0181,4,1.135,1.0318,631,0
SPY190802P299,2019-07-31,2019-07-31 09:35:43,1.14,1.0363,5,1.13,1.0272,465,1.12,1.0181,4,1.135,1.0318,631,0
SPY190802P299,2019-07-31,2019-07-31 09:35:44,1.14,1.0363,84,1.13,1.0272,237,1.12,1.0181,4,1.135,1.0318,631,0
SPY190802P299,2019-07-31,2019-07-31 09:35:45,1.14,1.0363,39,1.13,1.0272,237,1.12,1.0181,4,1.135,1.0318,631,0
SPY190802P299,2019-07-31,2019-07-31 09:35:45,1.14,1.0363,116,1.13,1.0272,237,1.12,1.0181,4,1.135,1.0318,631,0
SPY190802P299,2019-07-31,2019-07-31 09:35:46,1.14,1.0363,39,1.13,1.0272,138,1.12,1.0181,4,1.135,1.0318,631,0
SPY190802P299,2019-07-31,2019-07-31 09:35:47,1.14,1.0363,11,1.13,1.0272,26,1.12,1.0181,4,1.135,1.0318,631,0
SPY190802P299,2019-07-31,2019-07-31 09:35:47,1.14,1.0363,192,1.13,1.0272,5,1.12,1.0181,4,1.135,1.0318,631,0
SPY190802P299,2019-07-31,2019-07-31 09:35:48,1.14,1.0363,57,1.13,1.0272,71,1.12,1.0181,4,1.135,1.0318,631,0
SPY190802P299,2019-07-31,2019-07-31 09:35:49,1.14,1.0363,38,1.13,1.0272,178,1.12,1.0181,4,1.135,1.0318,631,0
SPY190802P299,2019-07-31,2019-07-31 09:35:49,1.14,1.0363,6,1.13,1.0272,6,1.12,1.0181,4,1.135,1.0318,631,0
SPY190802P299,2019-07-31,2019-07-31 09:35:50,1.14,1.0363,5,1.13,1.0272,178,1.12,1.0181,4,1.135,1.0318,631,0
SPY190802P299,2019-07-31,2019-07-31 09:35:50,1.14,1.0363,58,1.13,1.0272,178,1.12,1.0181,4,1.135,1.0318,631,0
SPY190802P299,2019-07-31,2019-07-31 09:35:51,1.14,1.0363,39,1.13,1.0272,178,1.12,1.0181,4,1.135,1.0318,631,0
SPY190802P299,2019-07-31,2019-07-31 09:35:52,1.14,1.0363,26,1.13,1.0272,178,1.12,1.0181,4,1.135,1.0318,631,0
SPY190802P299,2019-07-31,2019-07-31 09:35:53,1.14,1.0363,57,1.13,1.0272,178,1.12,1.0181,4,1.135,1.0318,631,0
SPY190802P299,2019-07-31,2019-07-31 09:35:53,1.14,1.0363,35,1.13,1.0272,178,1.12,1.0181,4,1.135,1.0318,631,0
SPY190802P299,2019-07-31,2019-07-31 09:35:54,1.14,1.0363,5,1.13,1.0272,118,1.12,1.0181,4,1.135,1.0318,631,0
SPY190802P299,2019-07-31,2019-07-31 09:35:55,1.14,1.0363,363,1.12,1.0181,504,1.14,1.0363,5,1.13,1.0272,636,5
SPY190802P299,2019-07-31,2019-07-31 09:35:56,1.13,1.0272,5,1.12,1.0181,264,1.14,1.0363,5,1.125,1.0227,636,0
SPY190802P299,2019-07-31,2019-07-31 09:35:57,1.15,1.0454,849,1.13,1.0272,189,1.14,1.0363,5,1.14,1.0363,636,0
SPY190802P299,2019-07-31,2019-07-31 09:35:57,1.14,1.0363,589,1.12,1.0181,160,1.14,1.0363,5,1.13,1.0272,636,0
SPY190802P299,2019-07-31,2019-07-31 09:35:58,1.15,1.0454,350,1.13,1.0272,150,1.14,1.0363,5,1.14,1.0363,636,0
SPY190802P299,2019-07-31,2019-07-31 09:35:59,1.15,1.0454,274,1.14,1.0363,1,1.14,1.0363,5,1.145,1.0409,636,0
SPY190802P299,2019-07-31,2019-07-31 09:35:59,1.15,1.0454,152,1.14,1.0363,50,1.14,1.0363,5,1.145,1.0409,636,0
SPY190802P299,2019-07-31,2019-07-31 09:36:00,1.15,1.0454,5,1.14,1.0363,101,1.14,1.0363,5,1.145,1.0409,636,0
SPY190802P299,2019-07-31,2019-07-31 09:36:00,1.15,1.0454,98,1.14,1.0363,76,1.14,1.0363,5,1.145,1.0409,636,0
SPY190802P299,2019-07-31,2019-07-31 09:36:01,1.15,1.0454,5,1.14,1.0363,204,1.14,1.0363,5,1.145,1.0409,636,0
SPY190802P299,2019-07-31,2019-07-31 09:36:02,1.15,1.0454,763,1.14,1.0363,20,1.14,1.0363,5,1.145,1.0409,636,0
SPY190802P299,2019-07-31,2019-07-31 09:36:02,1.15,1.0454,262,1.13,1.0272,718,1.14,1.0363,5,1.14,1.0363,636,0
SPY190802P299,2019-07-31,2019-07-31 09:36:03,1.15,1.0454,265,1.13,1.0272,772,1.14,1.0363,5,1.14,1.0363,636,0
SPY190802P299,2019-07-31,2019-07-31 09:36:04,1.14,1.0363,5,1.13,1.0272,828,1.14,1.0363,5,1.135,1.0318,636,0
SPY190802P299,2019-07-31,2019-07-31 09:36:05,1.15,1.0454,144,1.13,1.0272,858,1.14,1.0363,5,1.14,1.0363,636,0
SPY190802P299,2019-07-31,2019-07-31 09:36:06,1.15,1.0454,317,1.14,1.0363,1,1.14,1.0363,5,1.145,1.0409,636,0
SPY190802P299,2019-07-31,2019-07-31 09:36:07,1.15,1.0454,527,1.14,1.0363,1,1.14,1.0363,5,1.145,1.0409,636,0
SPY190802P299,2019-07-31,2019-07-31 09:36:08,1.15,1.0454,203,1.14,1.0363,57,1.14,1.0363,5,1.145,1.0409,636,0
SPY190802P299,2019-07-31,2019-07-31 09:36:08,1.15,1.0454,49,1.14,1.0363,78,1.14,1.0363,5,1.145,1.0409,636,0
SPY190802P299,2019-07-31,2019-07-31 09:36:09,1.15,1.0454,133,1.14,1.0363,144,1.14,1.0363,5,1.145,1.0409,636,0
SPY190802P299,2019-07-31,2019-07-31 09:36:10,1.15,1.0454,122,1.14,1.0363,144,1.14,1.0363,5,1.145,1.0409,636,0
SPY190802P299,2019-07-31,2019-07-31 09:36:10,1.15,1.0454,92,1.14,1.0363,164,1.14,1.0363,5,1.145,1.0409,636,0
SPY190802P299,2019-07-31,2019-07-31 09:36:11,1.15,1.0454,5,1.14,1.0363,177,1.14,1.0363,5,1.145,1.0409,636,0
SPY190802P299,2019-07-31,2019-07-31 09:36:11,1.15,1.0454,5,1.14,1.0363,164,1.14,1.0363,5,1.145,1.0409,636,0
SPY190802P299,2019-07-31,2019-07-31 09:36:12,1.15,1.0454,5,1.14,1.0363,224,1.14,1.0363,5,1.145,1.0409,636,0
SPY190802P299,2019-07-31,2019-07-31 09:36:13,1.15,1.0454,42,1.14,1.0363,224,1.14,1.0363,5,1.145,1.0409,636,0
SPY190802P299,2019-07-31,2019-07-31 09:36:14,1.15,1.0454,119,1.14,1.0363,224,1.14,1.0363,5,1.145,1.0409,636,0
SPY190802P299,2019-07-31,2019-07-31 09:36:14,1.15,1.0454,115,1.14,1.0363,224,1.14,1.0363,5,1.145,1.0409,636,0
SPY190802P299,2019-07-31,2019-07-31 09:36:15,1.15,1.0454,160,1.14,1.0363,55,1.14,1.0363,5,1.145,1.0409,636,0
SPY190802P299,2019-07-31,2019-07-31 09:36:15,1.15,1.0454,105,1.14,1.0363,55,1.14,1.0363,5,1.145,1.0409,636,0
SPY190802P299,2019-07-31,2019-07-31 09:36:16,1.15,1.0454,612,1.14,1.0363,155,1.14,1.0363,5,1.145,1.0409,636,0
SPY190802P299,2019-07-31,2019-07-31 09:36:17,1.15,1.0454,1194,1.14,1.0363,155,1.14,1.0363,5,1.145,1.0409,636,0
SPY190802P299,2019-07-31,2019-07-31 09:36:17,1.15,1.0454,548,1.14,1.0363,5,1.14,1.0363,5,1.145,1.0409,636,0
SPY190802P299,2019-07-31,2019-07-31 09:36:18,1.15,1.0454,433,1.14,1.0363,5,1.14,1.0363,5,1.145,1.0409,636,0
SPY190802P299,2019-07-31,2019-07-31 09:36:18,1.15,1.0454,369,1.14,1.0363,5,1.14,1.0363,5,1.145,1.0409,636,0
SPY190802P299,2019-07-31,2019-07-31 09:36:19,1.15,1.0454,1263,1.14,1.0363,1,1.14,1.0363,5,1.145,1.0409,636,0
SPY190802P299,2019-07-31,2019-07-31 09:36:20,1.13,1.0272,16,1.12,1.0181,384,1.14,1.0363,1,1.125,1.0227,637,0
SPY190802P299,2019-07-31,2019-07-31 09:36:20,1.15,1.0454,1620,1.13,1.0272,119,1.14,1.0363,1,1.14,1.0363,637,1
SPY190802P299,2019-07-31,2019-07-31 09:36:21,1.13,1.0272,33,1.12,1.0181,626,1.14,1.0363,1,1.125,1.0227,637,0
SPY190802P299,2019-07-31,2019-07-31 09:36:21,1.13,1.0272,33,1.12,1.0181,606,1.14,1.0363,1,1.125,1.0227,637,0
SPY190802P299,2019-07-31,2019-07-31 09:36:22,1.14,1.0363,596,1.12,1.0181,626,1.14,1.0363,1,1.13,1.0272,637,0
SPY190802P299,2019-07-31,2019-07-31 09:36:22,1.13,1.0272,33,1.12,1.0181,626,1.14,1.0363,1,1.125,1.0227,637,0
SPY190802P299,2019-07-31,2019-07-31 09:36:23,1.14,1.0363,720,1.12,1.0181,749,1.14,1.0363,1,1.13,1.0272,637,0
SPY190802P299,2019-07-31,2019-07-31 09:36:24,1.13,1.0272,1,1.12,1.0181,749,1.13,1.0272,1,1.125,1.0227,638,1
SPY190802P299,2019-07-31,2019-07-31 09:36:24,1.14,1.0363,1394,1.12,1.0181,749,1.13,1.0272,1,1.13,1.0272,638,0
SPY190802P299,2019-07-31,2019-07-31 09:36:25,1.13,1.0272,6,1.12,1.0181,749,1.13,1.0272,1,1.125,1.0227,638,0
SPY190802P299,2019-07-31,2019-07-31 09:36:25,1.14,1.0363,1363,1.12,1.0181,749,1.13,1.0272,1,1.13,1.0272,638,0
SPY190802P299,2019-07-31,2019-07-31 09:36:26,1.13,1.0272,6,1.12,1.0181,880,1.13,1.0272,1,1.125,1.0227,638,0
SPY190802P299,2019-07-31,2019-07-31 09:36:27,1.14,1.0363,1191,1.12,1.0181,1125,1.13,1.0272,1,1.13,1.0272,638,0
SPY190802P299,2019-07-31,2019-07-31 09:36:27,1.14,1.0363,1407,1.12,1.0181,1239,1.13,1.0272,1,1.13,1.0272,638,0
SPY190802P299,2019-07-31,2019-07-31 09:36:28,1.13,1.0272,33,1.12,1.0181,1089,1.13,1.0272,1,1.125,1.0227,638,0
SPY190802P299,2019-07-31,2019-07-31 09:36:29,1.14,1.0363,968,1.12,1.0181,782,1.13,1.0272,1,1.13,1.0272,638,0
SPY190802P299,2019-07-31,2019-07-31 09:36:29,1.14,1.0363,354,1.12,1.0181,360,1.13,1.0272,1,1.13,1.0272,638,0
SPY190802P299,2019-07-31,2019-07-31 09:36:30,1.14,1.0363,645,1.12,1.0181,360,1.13,1.0272,1,1.13,1.0272,638,0
SPY190802P299,2019-07-31,2019-07-31 09:36:30,1.14,1.0363,694,1.13,1.0272,1,1.13,1.0272,1,1.135,1.0318,638,0
SPY190802P299,2019-07-31,2019-07-31 09:36:31,1.14,1.0363,694,1.13,1.0272,1,1.13,1.0272,1,1.135,1.0318,638,0
SPY190802P299,2019-07-31,2019-07-31 09:36:31,1.14,1.0363,695,1.13,1.0272,1,1.13,1.0272,1,1.135,1.0318,638,0
SPY190802P299,2019-07-31,2019-07-31 09:36:32,1.14,1.0363,620,1.13,1.0272,1,1.13,1.0272,1,1.135,1.0318,638,0
SPY190802P299,2019-07-31,2019-07-31 09:36:33,1.14,1.0363,693,1.13,1.0272,1,1.13,1.0272,1,1.135,1.0318,638,0
SPY190802P299,2019-07-31,2019-07-31 09:36:34,1.14,1.0363,1106,1.13,1.0272,1,1.13,1.0272,1,1.135,1.0318,638,0
SPY190802P299,2019-07-31,2019-07-31 09:36:34,1.14,1.0363,1210,1.13,1.0272,1,1.13,1.0272,1,1.135,1.0318,638,0
SPY190802P299,2019-07-31,2019-07-31 09:36:35,1.14,1.0363,1211,1.13,1.0272,1,1.13,1.0272,1,1.135,1.0318,638,0
SPY190802P299,2019-07-31,2019-07-31 09:36:36,1.14,1.0363,1106,1.13,1.0272,50,1.13,1.0272,1,1.135,1.0318,638,0
SPY190802P299,2019-07-31,2019-07-31 09:36:36,1.14,1.0363,1106,1.13,1.0272,5,1.13,1.0272,1,1.135,1.0318,638,0
SPY190802P299,2019-07-31,2019-07-31 09:36:37,1.14,1.0363,60,1.13,1.0272,23,1.13,1.0272,1,1.135,1.0318,638,0
SPY190802P299,2019-07-31,2019-07-31 09:36:38,1.14,1.0363,163,1.13,1.0272,5,1.13,1.0272,1,1.135,1.0318,638,0
SPY190802P299,2019-07-31,2019-07-31 09:36:38,1.14,1.0363,60,1.13,1.0272,23,1.13,1.0272,1,1.135,1.0318,638,0
SPY190802P299,2019-07-31,2019-07-31 09:36:39,1.14,1.0363,39,1.13,1.0272,518,1.13,1.0272,1,1.135,1.0318,638,0
SPY190802P299,2019-07-31,2019-07-31 09:36:40,1.14,1.0363,11,1.13,1.0272,603,1.13,1.0272,1,1.135,1.0318,638,0
SPY190802P299,2019-07-31,2019-07-31 09:36:41,1.15,1.0454,1244,1.13,1.0272,1154,1.13,1.0272,1,1.14,1.0363,638,0
SPY190802P299,2019-07-31,2019-07-31 09:36:42,1.14,1.0363,10,1.13,1.0272,133,1.13,1.0272,1,1.135,1.0318,638,0
SPY190802P299,2019-07-31,2019-07-31 09:36:43,1.14,1.0363,44,1.13,1.0272,448,1.13,1.0272,1,1.135,1.0318,638,0
SPY190802P299,2019-07-31,2019-07-31 09:36:43,1.14,1.0363,44,1.13,1.0272,179,1.13,1.0272,1,1.135,1.0318,638,0
SPY190802P299,2019-07-31,2019-07-31 09:36:44,1.14,1.0363,42,1.13,1.0272,258,1.13,1.0272,1,1.135,1.0318,638,0
SPY190802P299,2019-07-31,2019-07-31 09:36:45,1.14,1.0363,55,1.13,1.0272,5,1.14,1.0363,1,1.135,1.0318,639,1
SPY190802P299,2019-07-31,2019-07-31 09:36:45,1.14,1.0363,364,1.13,1.0272,5,1.13,1.0272,1,1.135,1.0318,638,0
SPY190802P299,2019-07-31,2019-07-31 09:36:46,1.14,1.0363,269,1.13,1.0272,5,1.14,1.0363,1,1.135,1.0318,639,0
SPY190802P299,2019-07-31,2019-07-31 09:36:47,1.14,1.0363,427,1.13,1.0272,5,1.14,1.0363,1,1.135,1.0318,639,0
SPY190802P299,2019-07-31,2019-07-31 09:36:48,1.14,1.0363,368,1.12,1.0181,770,1.14,1.0363,1,1.13,1.0272,639,0
SPY190802P299,2019-07-31,2019-07-31 09:36:49,1.14,1.0363,246,1.13,1.0272,5,1.14,1.0363,1,1.135,1.0318,639,0
SPY190802P299,2019-07-31,2019-07-31 09:36:50,1.14,1.0363,246,1.12,1.0181,1253,1.14,1.0363,1,1.13,1.0272,639,0
SPY190802P299,2019-07-31,2019-07-31 09:36:51,1.14,1.0363,184,1.12,1.0181,948,1.14,1.0363,1,1.13,1.0272,639,0
SPY190802P299,2019-07-31,2019-07-31 09:36:52,1.14,1.0363,61,1.13,1.0272,449,1.14,1.0363,1,1.135,1.0318,639,0
SPY190802P299,2019-07-31,2019-07-31 09:36:52,1.14,1.0363,146,1.13,1.0272,60,1.14,1.0363,1,1.135,1.0318,639,0
SPY190802P299,2019-07-31,2019-07-31 09:36:53,1.14,1.0363,6,1.13,1.0272,690,1.14,1.0363,1,1.135,1.0318,639,0
SPY190802P299,2019-07-31,2019-07-31 09:36:54,1.14,1.0363,57,1.13,1.0272,673,1.14,1.0363,1,1.135,1.0318,639,0
SPY190802P299,2019-07-31,2019-07-31 09:36:54,1.14,1.0363,6,1.13,1.0272,823,1.14,1.0363,1,1.135,1.0318,639,0
SPY190802P299,2019-07-31,2019-07-31 09:36:55,1.14,1.0363,6,1.13,1.0272,1336,1.14,1.0363,1,1.135,1.0318,639,0
SPY190802P299,2019-07-31,2019-07-31 09:36:56,1.15,1.0454,236,1.13,1.0272,1193,1.14,1.0363,1,1.14,1.0363,639,0
SPY190802P299,2019-07-31,2019-07-31 09:36:56,1.14,1.0363,6,1.13,1.0272,1397,1.14,1.0363,1,1.135,1.0318,639,0
SPY190802P299,2019-07-31,2019-07-31 09:36:57,1.15,1.0454,173,1.13,1.0272,1279,1.14,1.0363,1,1.14,1.0363,639,0
SPY190802P299,2019-07-31,2019-07-31 09:36:58,1.15,1.0454,72,1.14,1.0363,82,1.14,1.0363,10,1.145,1.0409,649,0
SPY190802P299,2019-07-31,2019-07-31 09:36:58,1.14,1.0363,6,1.13,1.0272,954,1.14,1.0363,10,1.135,1.0318,649,10
SPY190802P299,2019-07-31,2019-07-31 09:36:59,1.15,1.0454,193,1.13,1.0272,833,1.14,1.0363,10,1.14,1.0363,649,0
SPY190802P299,2019-07-31,2019-07-31 09:37:00,1.15,1.0454,144,1.13,1.0272,1356,1.14,1.0363,10,1.14,1.0363,649,0
SPY190802P299,2019-07-31,2019-07-31 09:37:00,1.14,1.0363,10,1.13,1.0272,1356,1.14,1.0363,10,1.135,1.0318,649,0
SPY190802P299,2019-07-31,2019-07-31 09:37:01,1.14,1.0363,44,1.13,1.0272,170,1.14,1.0363,10,1.135,1.0318,649,0
SPY190802P299,2019-07-31,2019-07-31 09:37:02,1.14,1.0363,56,1.13,1.0272,158,1.14,1.0363,10,1.135,1.0318,649,0
SPY190802P299,2019-07-31,2019-07-31 09:37:03,1.14,1.0363,123,1.13,1.0272,707,1.14,1.0363,10,1.135,1.0318,649,0
SPY190802P299,2019-07-31,2019-07-31 09:37:04,1.14,1.0363,123,1.13,1.0272,146,1.14,1.0363,10,1.135,1.0318,649,0
SPY190802P299,2019-07-31,2019-07-31 09:37:05,1.14,1.0363,123,1.13,1.0272,141,1.14,1.0363,10,1.135,1.0318,649,0
SPY190802P299,2019-07-31,2019-07-31 09:37:06,1.14,1.0363,123,1.13,1.0272,71,1.14,1.0363,10,1.135,1.0318,649,0
SPY190802P299,2019-07-31,2019-07-31 09:37:06,1.15,1.0454,258,1.14,1.0363,5,1.14,1.0363,10,1.145,1.0409,649,0
SPY190802P299,2019-07-31,2019-07-31 09:37:07,1.14,1.0363,10,1.13,1.0272,526,1.14,1.0363,10,1.135,1.0318,649,0
SPY190802P299,2019-07-31,2019-07-31 09:37:08,1.15,1.0454,456,1.13,1.0272,713,1.14,1.0363,10,1.14,1.0363,649,0
SPY190802P299,2019-07-31,2019-07-31 09:37:08,1.14,1.0363,10,1.13,1.0272,713,1.14,1.0363,10,1.135,1.0318,649,0
SPY190802P299,2019-07-31,2019-07-31 09:37:09,1.15,1.0454,123,1.14,1.0363,20,1.14,1.0363,10,1.145,1.0409,649,0
SPY190802P299,2019-07-31,2019-07-31 09:37:10,1.15,1.0454,133,1.13,1.0272,771,1.14,1.0363,10,1.14,1.0363,649,0
SPY190802P299,2019-07-31,2019-07-31 09:37:10,1.14,1.0363,10,1.13,1.0272,760,1.14,1.0363,10,1.135,1.0318,649,0
SPY190802P299,2019-07-31,2019-07-31 09:37:11,1.14,1.0363,39,1.13,1.0272,82,1.14,1.0363,10,1.135,1.0318,649,0
SPY190802P299,2019-07-31,2019-07-31 09:37:12,1.14,1.0363,33,1.13,1.0272,102,1.14,1.0363,10,1.135,1.0318,649,0
SPY190802P299,2019-07-31,2019-07-31 09:37:12,1.14,1.0363,33,1.13,1.0272,517,1.14,1.0363,10,1.135,1.0318,649,0
SPY190802P299,2019-07-31,2019-07-31 09:37:13,1.14,1.0363,123,1.13,1.0272,62,1.14,1.0363,10,1.135,1.0318,649,0
SPY190802P299,2019-07-31,2019-07-31 09:37:13,1.14,1.0363,123,1.13,1.0272,62,1.14,1.0363,2,1.135,1.0318,651,2
SPY190802P299,2019-07-31,2019-07-31 09:37:14,1.14,1.0363,123,1.13,1.0272,82,1.14,1.0363,2,1.135,1.0318,651,0
SPY190802P299,2019-07-31,2019-07-31 09:37:15,1.14,1.0363,123,1.13,1.0272,82,1.14,1.0363,2,1.135,1.0318,651,0
SPY190802P299,2019-07-31,2019-07-31 09:37:16,1.14,1.0363,123,1.13,1.0272,82,1.14,1.0363,2,1.135,1.0318,651,0
SPY190802P299,2019-07-31,2019-07-31 09:37:16,1.14,1.0363,10,1.13,1.0272,505,1.14,1.0363,2,1.135,1.0318,651,0
SPY190802P299,2019-07-31,2019-07-31 09:37:17,1.14,1.0363,6,1.13,1.0272,841,1.14,1.0363,2,1.135,1.0318,651,0
SPY190802P299,2019-07-31,2019-07-31 09:37:18,1.15,1.0454,337,1.13,1.0272,1288,1.14,1.0363,2,1.14,1.0363,651,0
SPY190802P299,2019-07-31,2019-07-31 09:37:19,1.15,1.0454,266,1.14,1.0363,20,1.14,1.0363,2,1.145,1.0409,651,0
SPY190802P299,2019-07-31,2019-07-31 09:37:19,1.15,1.0454,337,1.14,1.0363,20,1.14,1.0363,2,1.145,1.0409,651,0
SPY190802P299,2019-07-31,2019-07-31 09:37:20,1.15,1.0454,266,1.14,1.0363,20,1.14,1.0363,2,1.145,1.0409,651,0
SPY190802P299,2019-07-31,2019-07-31 09:37:21,1.15,1.0454,235,1.13,1.0272,1010,1.14,1.0363,2,1.14,1.0363,651,0
SPY190802P299,2019-07-31,2019-07-31 09:37:21,1.15,1.0454,266,1.14,1.0363,20,1.14,1.0363,2,1.145,1.0409,651,0
SPY190802P299,2019-07-31,2019-07-31 09:37:22,1.15,1.0454,269,1.14,1.0363,24,1.14,1.0363,2,1.145,1.0409,651,0
SPY190802P299,2019-07-31,2019-07-31 09:37:23,1.15,1.0454,269,1.13,1.0272,1017,1.14,1.0363,2,1.14,1.0363,651,0
SPY190802P299,2019-07-31,2019-07-31 09:37:23,1.15,1.0454,269,1.14,1.0363,20,1.14,1.0363,2,1.145,1.0409,651,0
SPY190802P299,2019-07-31,2019-07-31 09:37:24,1.15,1.0454,258,1.13,1.0272,1017,1.14,1.0363,2,1.14,1.0363,651,0
SPY190802P299,2019-07-31,2019-07-31 09:37:25,1.14,1.0363,123,1.13,1.0272,503,1.14,1.0363,2,1.135,1.0318,651,0
SPY190802P299,2019-07-31,2019-07-31 09:37:25,1.14,1.0363,35,1.13,1.0272,525,1.14,1.0363,2,1.135,1.0318,651,0
SPY190802P299,2019-07-31,2019-07-31 09:37:26,1.14,1.0363,67,1.13,1.0272,379,1.14,1.0363,2,1.135,1.0318,651,0
SPY190802P299,2019-07-31,2019-07-31 09:37:27,1.15,1.0454,668,1.14,1.0363,20,1.14,1.0363,2,1.145,1.0409,651,0
SPY190802P299,2019-07-31,2019-07-31 09:37:28,1.15,1.0454,362,1.14,1.0363,30,1.14,1.0363,2,1.145,1.0409,651,0
SPY190802P299,2019-07-31,2019-07-31 09:37:28,1.15,1.0454,362,1.14,1.0363,43,1.14,1.0363,2,1.145,1.0409,651,0
SPY190802P299,2019-07-31,2019-07-31 09:37:29,1.15,1.0454,362,1.13,1.0272,972,1.14,1.0363,2,1.14,1.0363,651,0
SPY190802P299,2019-07-31,2019-07-31 09:37:30,1.15,1.0454,143,1.14,1.0363,130,1.14,1.0363,2,1.145,1.0409,651,0
SPY190802P299,2019-07-31,2019-07-31 09:37:30,1.15,1.0454,362,1.13,1.0272,969,1.14,1.0363,2,1.14,1.0363,651,0
SPY190802P299,2019-07-31,2019-07-31 09:37:31,1.15,1.0454,143,1.14,1.0363,130,1.14,1.0363,2,1.145,1.0409,651,0
SPY190802P299,2019-07-31,2019-07-31 09:37:31,1.15,1.0454,44,1.14,1.0363,206,1.14,1.0363,2,1.145,1.0409,651,0
SPY190802P299,2019-07-31,2019-07-31 09:37:32,1.15,1.0454,37,1.14,1.0363,367,1.14,1.0363,2,1.145,1.0409,651,0
SPY190802P299,2019-07-31,2019-07-31 09:37:33,1.15,1.0454,142,1.14,1.0363,205,1.14,1.0363,2,1.145,1.0409,651,0
SPY190802P299,2019-07-31,2019-07-31 09:37:34,1.15,1.0454,142,1.14,1.0363,116,1.14,1.0363,2,1.145,1.0409,651,0
SPY190802P299,2019-07-31,2019-07-31 09:37:34,1.15,1.0454,202,1.13,1.0272,900,1.14,1.0363,2,1.14,1.0363,651,0
SPY190802P299,2019-07-31,2019-07-31 09:37:35,1.14,1.0363,1,1.13,1.0272,952,1.14,1.0363,2,1.135,1.0318,651,0
SPY190802P299,2019-07-31,2019-07-31 09:37:36,1.14,1.0363,93,1.13,1.0272,122,1.14,1.0363,2,1.135,1.0318,651,0
SPY190802P299,2019-07-31,2019-07-31 09:37:37,1.15,1.0454,572,1.14,1.0363,11,1.14,1.0363,2,1.145,1.0409,651,0
SPY190802P299,2019-07-31,2019-07-31 09:37:37,1.14,1.0363,93,1.13,1.0272,482,1.14,1.0363,2,1.135,1.0318,651,0
SPY190802P299,2019-07-31,2019-07-31 09:37:38,1.15,1.0454,572,1.14,1.0363,11,1.14,1.0363,2,1.145,1.0409,651,0
SPY190802P299,2019-07-31,2019-07-31 09:37:39,1.15,1.0454,440,1.14,1.0363,5,1.14,1.0363,2,1.145,1.0409,651,0
SPY190802P299,2019-07-31,2019-07-31 09:37:39,1.14,1.0363,7,1.13,1.0272,299,1.14,1.0363,2,1.135,1.0318,651,0
SPY190802P299,2019-07-31,2019-07-31 09:37:40,1.14,1.0363,152,1.13,1.0272,442,1.14,1.0363,2,1.135,1.0318,651,0
SPY190802P299,2019-07-31,2019-07-31 09:37:41,1.14,1.0363,258,1.13,1.0272,158,1.14,1.0363,2,1.135,1.0318,651,0
SPY190802P299,2019-07-31,2019-07-31 09:37:42,1.14,1.0363,259,1.13,1.0272,237,1.14,1.0363,2,1.135,1.0318,651,0
SPY190802P299,2019-07-31,2019-07-31 09:37:42,1.14,1.0363,267,1.13,1.0272,237,1.14,1.0363,2,1.135,1.0318,651,0
SPY190802P299,2019-07-31,2019-07-31 09:37:43,1.14,1.0363,421,1.13,1.0272,11,1.14,1.0363,2,1.135,1.0318,651,0
SPY190802P299,2019-07-31,2019-07-31 09:37:44,1.14,1.0363,925,1.13,1.0272,11,1.14,1.0363,2,1.135,1.0318,651,0
SPY190802P299,2019-07-31,2019-07-31 09:37:44,1.14,1.0363,925,1.12,1.0181,1164,1.14,1.0363,2,1.13,1.0272,651,0
SPY190802P299,2019-07-31,2019-07-31 09:37:45,1.13,1.0272,6,1.12,1.0181,1164,1.14,1.0363,2,1.125,1.0227,651,0
SPY190802P299,2019-07-31,2019-07-31 09:37:46,1.13,1.0272,100,1.12,1.0181,804,1.14,1.0363,2,1.125,1.0227,651,0
SPY190802P299,2019-07-31,2019-07-31 09:37:46,1.13,1.0272,100,1.12,1.0181,919,1.14,1.0363,2,1.125,1.0227,651,0
SPY190802P299,2019-07-31,2019-07-31 09:37:47,1.13,1.0272,100,1.12,1.0181,802,1.14,1.0363,2,1.125,1.0227,651,0
SPY190802P299,2019-07-31,2019-07-31 09:37:48,1.14,1.0363,748,1.12,1.0181,1474,1.14,1.0363,2,1.13,1.0272,651,0
SPY190802P299,2019-07-31,2019-07-31 09:37:49,1.14,1.0363,391,1.12,1.0181,748,1.14,1.0363,2,1.13,1.0272,651,0
SPY190802P299,2019-07-31,2019-07-31 09:37:49,1.14,1.0363,391,1.12,1.0181,869,1.14,1.0363,2,1.13,1.0272,651,0
SPY190802P299,2019-07-31,2019-07-31 09:37:50,1.13,1.0272,6,1.12,1.0181,748,1.14,1.0363,2,1.125,1.0227,651,0
SPY190802P299,2019-07-31,2019-07-31 09:37:50,1.13,1.0272,6,1.12,1.0181,768,1.14,1.0363,2,1.125,1.0227,651,0
SPY190802P299,2019-07-31,2019-07-31 09:37:51,1.13,1.0272,99,1.12,1.0181,640,1.14,1.0363,2,1.125,1.0227,651,0
SPY190802P299,2019-07-31,2019-07-31 09:37:52,1.13,1.0272,119,1.12,1.0181,592,1.14,1.0363,2,1.125,1.0227,651,0
SPY190802P299,2019-07-31,2019-07-31 09:37:53,1.13,1.0272,119,1.12,1.0181,592,1.14,1.0363,2,1.125,1.0227,651,0
SPY190802P299,2019-07-31,2019-07-31 09:37:54,1.13,1.0272,1,1.12,1.0181,653,1.14,1.0363,2,1.125,1.0227,651,0
SPY190802P299,2019-07-31,2019-07-31 09:37:55,1.14,1.0363,851,1.12,1.0181,592,1.14,1.0363,2,1.13,1.0272,651,0
SPY190802P299,2019-07-31,2019-07-31 09:37:55,1.14,1.0363,899,1.12,1.0181,592,1.14,1.0363,2,1.13,1.0272,651,0
SPY190802P299,2019-07-31,2019-07-31 09:37:56,1.14,1.0363,899,1.12,1.0181,711,1.14,1.0363,2,1.13,1.0272,651,0
SPY190802P299,2019-07-31,2019-07-31 09:37:57,1.14,1.0363,713,1.13,1.0272,20,1.14,1.0363,2,1.135,1.0318,651,0
SPY190802P299,2019-07-31,2019-07-31 09:37:58,1.14,1.0363,839,1.12,1.0181,907,1.14,1.0363,2,1.13,1.0272,651,0
SPY190802P299,2019-07-31,2019-07-31 09:37:59,1.13,1.0272,92,1.12,1.0181,441,1.14,1.0363,2,1.125,1.0227,651,0
SPY190802P299,2019-07-31,2019-07-31 09:38:00,1.13,1.0272,169,1.12,1.0181,441,1.14,1.0363,2,1.125,1.0227,651,0
SPY190802P299,2019-07-31,2019-07-31 09:38:01,1.13,1.0272,169,1.12,1.0181,584,1.14,1.0363,2,1.125,1.0227,651,0
SPY190802P299,2019-07-31,2019-07-31 09:38:02,1.14,1.0363,615,1.12,1.0181,1211,1.14,1.0363,2,1.13,1.0272,651,0
SPY190802P299,2019-07-31,2019-07-31 09:38:03,1.13,1.0272,152,1.12,1.0181,860,1.14,1.0363,2,1.125,1.0227,651,0
SPY190802P299,2019-07-31,2019-07-31 09:38:04,1.13,1.0272,269,1.12,1.0181,662,1.14,1.0363,2,1.125,1.0227,651,0
SPY190802P299,2019-07-31,2019-07-31 09:38:04,1.13,1.0272,279,1.12,1.0181,604,1.14,1.0363,2,1.125,1.0227,651,0
SPY190802P299,2019-07-31,2019-07-31 09:38:05,1.13,1.0272,290,1.12,1.0181,229,1.14,1.0363,2,1.125,1.0227,651,0
SPY190802P299,2019-07-31,2019-07-31 09:38:06,1.13,1.0272,194,1.12,1.0181,229,1.14,1.0363,2,1.125,1.0227,651,0
SPY190802P299,2019-07-31,2019-07-31 09:38:07,1.13,1.0272,448,1.12,1.0181,478,1.14,1.0363,2,1.125,1.0227,651,0
SPY190802P299,2019-07-31,2019-07-31 09:38:07,1.13,1.0272,267,1.12,1.0181,237,1.14,1.0363,2,1.125,1.0227,651,0
SPY190802P299,2019-07-31,2019-07-31 09:38:08,1.13,1.0272,1,1.13,1.0272,400,1.13,1.0272,120,1.13,1.0272,965,314
SPY190802P299,2019-07-31,2019-07-31 09:38:09,1.14,1.0363,604,1.13,1.0272,360,1.13,1.0272,120,1.135,1.0318,965,0
SPY190802P299,2019-07-31,2019-07-31 09:38:10,1.14,1.0363,662,1.13,1.0272,435,1.13,1.0272,120,1.135,1.0318,965,0
SPY190802P299,2019-07-31,2019-07-31 09:38:10,1.14,1.0363,607,1.13,1.0272,384,1.13,1.0272,120,1.135,1.0318,965,0
SPY190802P299,2019-07-31,2019-07-31 09:38:11,1.14,1.0363,607,1.13,1.0272,384,1.13,1.0272,120,1.135,1.0318,965,0
SPY190802P299,2019-07-31,2019-07-31 09:38:11,1.14,1.0363,607,1.13,1.0272,407,1.13,1.0272,120,1.135,1.0318,965,0
SPY190802P299,2019-07-31,2019-07-31 09:38:12,1.14,1.0363,607,1.13,1.0272,364,1.13,1.0272,120,1.135,1.0318,965,0
SPY190802P299,2019-07-31,2019-07-31 09:38:13,1.14,1.0363,584,1.13,1.0272,20,1.13,1.0272,120,1.135,1.0318,965,0
SPY190802P299,2019-07-31,2019-07-31 09:38:14,1.14,1.0363,425,1.12,1.0181,936,1.13,1.0272,120,1.13,1.0272,965,0
SPY190802P299,2019-07-31,2019-07-31 09:38:14,1.14,1.0363,425,1.12,1.0181,820,1.13,1.0272,120,1.13,1.0272,965,0
SPY190802P299,2019-07-31,2019-07-31 09:38:15,1.13,1.0272,1,1.12,1.0181,641,1.13,1.0272,5,1.125,1.0227,970,5
SPY190802P299,2019-07-31,2019-07-31 09:38:16,1.14,1.0363,599,1.12,1.0181,788,1.13,1.0272,5,1.13,1.0272,970,0
SPY190802P299,2019-07-31,2019-07-31 09:38:16,1.14,1.0363,599,1.13,1.0272,20,1.13,1.0272,5,1.135,1.0318,970,0
SPY190802P299,2019-07-31,2019-07-31 09:38:17,1.14,1.0363,430,1.12,1.0181,773,1.13,1.0272,5,1.13,1.0272,970,0
SPY190802P299,2019-07-31,2019-07-31 09:38:18,1.14,1.0363,370,1.13,1.0272,20,1.13,1.0272,5,1.135,1.0318,970,0
SPY190802P299,2019-07-31,2019-07-31 09:38:18,1.14,1.0363,524,1.12,1.0181,773,1.13,1.0272,5,1.13,1.0272,970,0
SPY190802P299,2019-07-31,2019-07-31 09:38:19,1.14,1.0363,525,1.13,1.0272,66,1.13,1.0272,5,1.135,1.0318,970,0
SPY190802P299,2019-07-31,2019-07-31 09:38:19,1.14,1.0363,526,1.12,1.0181,773,1.13,1.0272,5,1.13,1.0272,970,0
SPY190802P299,2019-07-31,2019-07-31 09:38:20,1.14,1.0363,179,1.13,1.0272,70,1.13,1.0272,5,1.135,1.0318,970,0
SPY190802P299,2019-07-31,2019-07-31 09:38:21,1.14,1.0363,179,1.13,1.0272,135,1.13,1.0272,5,1.135,1.0318,970,0
SPY190802P299,2019-07-31,2019-07-31 09:38:22,1.14,1.0363,422,1.13,1.0272,163,1.13,1.0272,5,1.135,1.0318,970,0
SPY190802P299,2019-07-31,2019-07-31 09:38:22,1.14,1.0363,422,1.13,1.0272,72,1.13,1.0272,5,1.135,1.0318,970,0
SPY190802P299,2019-07-31,2019-07-31 09:38:23,1.14,1.0363,460,1.13,1.0272,134,1.13,1.0272,5,1.135,1.0318,970,0
SPY190802P299,2019-07-31,2019-07-31 09:38:23,1.14,1.0363,460,1.13,1.0272,159,1.13,1.0272,5,1.135,1.0318,970,0
SPY190802P299,2019-07-31,2019-07-31 09:38:24,1.14,1.0363,460,1.13,1.0272,170,1.13,1.0272,5,1.135,1.0318,970,0
SPY190802P299,2019-07-31,2019-07-31 09:38:25,1.14,1.0363,445,1.13,1.0272,131,1.13,1.0272,5,1.135,1.0318,970,0
SPY190802P299,2019-07-31,2019-07-31 09:38:26,1.14,1.0363,364,1.13,1.0272,151,1.13,1.0272,5,1.135,1.0318,970,0
SPY190802P299,2019-07-31,2019-07-31 09:38:27,1.14,1.0363,364,1.13,1.0272,131,1.13,1.0272,5,1.135,1.0318,970,0
SPY190802P299,2019-07-31,2019-07-31 09:38:28,1.14,1.0363,364,1.13,1.0272,145,1.13,1.0272,5,1.135,1.0318,970,0
SPY190802P299,2019-07-31,2019-07-31 09:38:28,1.14,1.0363,364,1.13,1.0272,151,1.13,1.0272,5,1.135,1.0318,970,0
SPY190802P299,2019-07-31,2019-07-31 09:38:29,1.14,1.0363,133,1.13,1.0272,131,1.13,1.0272,5,1.135,1.0318,970,0
SPY190802P299,2019-07-31,2019-07-31 09:38:30,1.14,1.0363,68,1.13,1.0272,131,1.13,1.0272,5,1.135,1.0318,970,0
SPY190802P299,2019-07-31,2019-07-31 09:38:30,1.14,1.0363,82,1.13,1.0272,131,1.13,1.0272,5,1.135,1.0318,970,0
SPY190802P299,2019-07-31,2019-07-31 09:38:31,1.14,1.0363,82,1.13,1.0272,145,1.13,1.0272,5,1.135,1.0318,970,0
SPY190802P299,2019-07-31,2019-07-31 09:38:32,1.14,1.0363,23,1.13,1.0272,145,1.13,1.0272,5,1.135,1.0318,970,0
SPY190802P299,2019-07-31,2019-07-31 09:38:32,1.14,1.0363,10,1.13,1.0272,125,1.13,1.0272,5,1.135,1.0318,970,0
SPY190802P299,2019-07-31,2019-07-31 09:38:33,1.14,1.0363,38,1.13,1.0272,105,1.13,1.0272,5,1.135,1.0318,970,0
SPY190802P299,2019-07-31,2019-07-31 09:38:34,1.14,1.0363,10,1.13,1.0272,181,1.13,1.0272,5,1.135,1.0318,970,0
SPY190802P299,2019-07-31,2019-07-31 09:38:34,1.14,1.0363,10,1.13,1.0272,174,1.13,1.0272,5,1.135,1.0318,970,0
SPY190802P299,2019-07-31,2019-07-31 09:38:35,1.14,1.0363,148,1.13,1.0272,70,1.13,1.0272,5,1.135,1.0318,970,0
SPY190802P299,2019-07-31,2019-07-31 09:38:36,1.14,1.0363,199,1.13,1.0272,30,1.13,1.0272,5,1.135,1.0318,970,0
SPY190802P299,2019-07-31,2019-07-31 09:38:36,1.14,1.0363,258,1.13,1.0272,29,1.13,1.0272,5,1.135,1.0318,970,0
SPY190802P299,2019-07-31,2019-07-31 09:38:37,1.14,1.0363,258,1.13,1.0272,29,1.13,1.0272,5,1.135,1.0318,970,0
SPY190802P299,2019-07-31,2019-07-31 09:38:38,1.14,1.0363,10,1.13,1.0272,100,1.13,1.0272,5,1.135,1.0318,970,0
SPY190802P299,2019-07-31,2019-07-31 09:38:39,1.14,1.0363,10,1.13,1.0272,247,1.13,1.0272,5,1.135,1.0318,970,0
SPY190802P299,2019-07-31,2019-07-31 09:38:39,1.14,1.0363,21,1.13,1.0272,247,1.13,1.0272,5,1.135,1.0318,970,0
SPY190802P299,2019-07-31,2019-07-31 09:38:40,1.14,1.0363,21,1.13,1.0272,247,1.13,1.0272,5,1.135,1.0318,970,0
SPY190802P299,2019-07-31,2019-07-31 09:38:41,1.14,1.0363,21,1.13,1.0272,487,1.13,1.0272,5,1.135,1.0318,970,0
SPY190802P299,2019-07-31,2019-07-31 09:38:41,1.14,1.0363,21,1.13,1.0272,651,1.13,1.0272,5,1.135,1.0318,970,0
SPY190802P299,2019-07-31,2019-07-31 09:38:42,1.14,1.0363,6,1.13,1.0272,651,1.13,1.0272,5,1.135,1.0318,970,0
SPY190802P299,2019-07-31,2019-07-31 09:38:43,1.14,1.0363,5,1.13,1.0272,596,1.13,1.0272,5,1.135,1.0318,970,0
SPY190802P299,2019-07-31,2019-07-31 09:38:44,1.14,1.0363,5,1.13,1.0272,896,1.13,1.0272,5,1.135,1.0318,970,0
SPY190802P299,2019-07-31,2019-07-31 09:38:44,1.14,1.0363,5,1.13,1.0272,757,1.13,1.0272,5,1.135,1.0318,970,0
SPY190802P299,2019-07-31,2019-07-31 09:38:45,1.14,1.0363,5,1.13,1.0272,1180,1.13,1.0272,5,1.135,1.0318,970,0
SPY190802P299,2019-07-31,2019-07-31 09:38:46,1.14,1.0363,5,1.13,1.0272,893,1.13,1.0272,5,1.135,1.0318,970,0
SPY190802P299,2019-07-31,2019-07-31 09:38:46,1.15,1.0454,187,1.14,1.0363,1,1.14,1.0363,1,1.145,1.0409,976,6
SPY190802P299,2019-07-31,2019-07-31 09:38:47,1.15,1.0454,120,1.14,1.0363,171,1.14,1.0363,1,1.145,1.0409,976,0
SPY190802P299,2019-07-31,2019-07-31 09:38:48,1.15,1.0454,137,1.14,1.0363,151,1.14,1.0363,1,1.145,1.0409,976,0
SPY190802P299,2019-07-31,2019-07-31 09:38:49,1.15,1.0454,211,1.14,1.0363,129,1.14,1.0363,1,1.145,1.0409,976,0
SPY190802P299,2019-07-31,2019-07-31 09:38:50,1.15,1.0454,115,1.14,1.0363,129,1.14,1.0363,1,1.145,1.0409,976,0
SPY190802P299,2019-07-31,2019-07-31 09:38:51,1.15,1.0454,115,1.14,1.0363,210,1.14,1.0363,1,1.145,1.0409,976,0
SPY190802P299,2019-07-31,2019-07-31 09:38:52,1.15,1.0454,10,1.14,1.0363,210,1.14,1.0363,1,1.145,1.0409,976,0
SPY190802P299,2019-07-31,2019-07-31 09:38:53,1.15,1.0454,6,1.14,1.0363,299,1.14,1.0363,1,1.145,1.0409,976,0
SPY190802P299,2019-07-31,2019-07-31 09:38:53,1.16,1.0545,796,1.14,1.0363,299,1.14,1.0363,1,1.15,1.0454,976,0
SPY190802P299,2019-07-31,2019-07-31 09:38:54,1.16,1.0545,252,1.15,1.0454,104,1.14,1.0363,1,1.155,1.05,976,0
SPY190802P299,2019-07-31,2019-07-31 09:38:55,1.16,1.0545,162,1.15,1.0454,151,1.14,1.0363,1,1.155,1.05,976,0
SPY190802P299,2019-07-31,2019-07-31 09:38:56,1.16,1.0545,136,1.15,1.0454,151,1.14,1.0363,1,1.155,1.05,976,0
SPY190802P299,2019-07-31,2019-07-31 09:38:56,1.16,1.0545,136,1.15,1.0454,211,1.14,1.0363,1,1.155,1.05,976,0
SPY190802P299,2019-07-31,2019-07-31 09:38:57,1.16,1.0545,86,1.16,1.0545,5,1.14,1.0363,1,1.16,1.0545,976,0
SPY190802P299,2019-07-31,2019-07-31 09:38:58,1.17,1.0636,390,1.16,1.0545,5,1.14,1.0363,1,1.165,1.059,976,0
SPY190802P299,2019-07-31,2019-07-31 09:39:00,1.17,1.0636,168,1.16,1.0545,139,1.14,1.0363,1,1.165,1.059,976,0
SPY190802P299,2019-07-31,2019-07-31 09:39:01,1.17,1.0636,80,1.16,1.0545,139,1.14,1.0363,1,1.165,1.059,976,0
SPY190802P299,2019-07-31,2019-07-31 09:39:02,1.17,1.0636,10,1.16,1.0545,199,1.14,1.0363,1,1.165,1.059,976,0
SPY190802P299,2019-07-31,2019-07-31 09:39:03,1.17,1.0636,10,1.16,1.0545,199,1.14,1.0363,1,1.165,1.059,976,0
SPY190802P299,2019-07-31,2019-07-31 09:39:03,1.17,1.0636,10,1.16,1.0545,219,1.14,1.0363,1,1.165,1.059,976,0
SPY190802P299,2019-07-31,2019-07-31 09:39:04,1.17,1.0636,7,1.16,1.0545,219,1.14,1.0363,1,1.165,1.059,976,0
SPY190802P299,2019-07-31,2019-07-31 09:39:05,1.17,1.0636,12,1.16,1.0545,219,1.14,1.0363,1,1.165,1.059,976,0
SPY190802P299,2019-07-31,2019-07-31 09:39:05,1.17,1.0636,222,1.16,1.0545,199,1.14,1.0363,1,1.165,1.059,976,0
SPY190802P299,2019-07-31,2019-07-31 09:39:06,1.17,1.0636,214,1.16,1.0545,199,1.14,1.0363,1,1.165,1.059,976,0
SPY190802P299,2019-07-31,2019-07-31 09:39:07,1.17,1.0636,60,1.16,1.0545,199,1.14,1.0363,1,1.165,1.059,976,0
SPY190802P299,2019-07-31,2019-07-31 09:39:08,1.17,1.0636,60,1.16,1.0545,199,1.14,1.0363,1,1.165,1.059,976,0
SPY190802P299,2019-07-31,2019-07-31 09:39:09,1.17,1.0636,87,1.16,1.0545,199,1.14,1.0363,1,1.165,1.059,976,0
SPY190802P299,2019-07-31,2019-07-31 09:39:09,1.17,1.0636,251,1.16,1.0545,199,1.14,1.0363,1,1.165,1.059,976,0
SPY190802P299,2019-07-31,2019-07-31 09:39:10,1.17,1.0636,256,1.16,1.0545,219,1.14,1.0363,1,1.165,1.059,976,0
SPY190802P299,2019-07-31,2019-07-31 09:39:11,1.17,1.0636,502,1.16,1.0545,199,1.14,1.0363,1,1.165,1.059,976,0
SPY190802P299,2019-07-31,2019-07-31 09:39:11,1.17,1.0636,256,1.16,1.0545,199,1.14,1.0363,1,1.165,1.059,976,0
SPY190802P299,2019-07-31,2019-07-31 09:39:12,1.17,1.0636,502,1.16,1.0545,219,1.14,1.0363,1,1.165,1.059,976,0
SPY190802P299,2019-07-31,2019-07-31 09:39:13,1.17,1.0636,619,1.16,1.0545,139,1.14,1.0363,1,1.165,1.059,976,0
SPY190802P299,2019-07-31,2019-07-31 09:39:14,1.17,1.0636,502,1.16,1.0545,100,1.14,1.0363,1,1.165,1.059,976,0
SPY190802P299,2019-07-31,2019-07-31 09:39:14,1.16,1.0545,6,1.16,1.0545,5,1.14,1.0363,1,1.16,1.0545,976,0
SPY190802P299,2019-07-31,2019-07-31 09:39:15,1.16,1.0545,10,1.15,1.0454,310,1.14,1.0363,1,1.155,1.05,976,0
SPY190802P299,2019-07-31,2019-07-31 09:39:16,1.16,1.0545,114,1.15,1.0454,76,1.14,1.0363,1,1.155,1.05,976,0
SPY190802P299,2019-07-31,2019-07-31 09:39:16,1.16,1.0545,56,1.15,1.0454,147,1.14,1.0363,1,1.155,1.05,976,0
SPY190802P299,2019-07-31,2019-07-31 09:39:17,1.16,1.0545,174,1.15,1.0454,112,1.14,1.0363,1,1.155,1.05,976,0
SPY190802P299,2019-07-31,2019-07-31 09:39:18,1.16,1.0545,117,1.14,1.0363,821,1.14,1.0363,1,1.15,1.0454,976,0
SPY190802P299,2019-07-31,2019-07-31 09:39:18,1.15,1.0454,27,1.14,1.0363,473,1.14,1.0363,1,1.145,1.0409,976,0
SPY190802P299,2019-07-31,2019-07-31 09:39:19,1.16,1.0545,37,1.14,1.0363,112,1.14,1.0363,1,1.15,1.0454,976,0
SPY190802P299,2019-07-31,2019-07-31 09:39:20,1.15,1.0454,6,1.14,1.0363,198,1.14,1.0363,1,1.145,1.0409,976,0
SPY190802P299,2019-07-31,2019-07-31 09:39:20,1.15,1.0454,6,1.14,1.0363,260,1.14,1.0363,1,1.145,1.0409,976,0
SPY190802P299,2019-07-31,2019-07-31 09:39:21,1.15,1.0454,6,1.14,1.0363,198,1.14,1.0363,1,1.145,1.0409,976,0
SPY190802P299,2019-07-31,2019-07-31 09:39:22,1.16,1.0545,151,1.15,1.0454,151,1.14,1.0363,1,1.155,1.05,976,0
SPY190802P299,2019-07-31,2019-07-31 09:39:22,1.15,1.0454,1,1.14,1.0363,198,1.14,1.0363,1,1.145,1.0409,976,0
SPY190802P299,2019-07-31,2019-07-31 09:39:23,1.16,1.0545,20,1.15,1.0454,251,1.14,1.0363,1,1.155,1.05,976,0
SPY190802P299,2019-07-31,2019-07-31 09:39:23,1.16,1.0545,20,1.15,1.0454,399,1.14,1.0363,1,1.155,1.05,976,0
SPY190802P299,2019-07-31,2019-07-31 09:39:24,1.17,1.0636,676,1.15,1.0454,444,1.14,1.0363,1,1.16,1.0545,976,0
SPY190802P299,2019-07-31,2019-07-31 09:39:25,1.17,1.0636,419,1.15,1.0454,827,1.14,1.0363,1,1.16,1.0545,976,0
SPY190802P299,2019-07-31,2019-07-31 09:39:26,1.17,1.0636,220,1.16,1.0545,123,1.14,1.0363,1,1.165,1.059,976,0
SPY190802P299,2019-07-31,2019-07-31 09:39:26,1.17,1.0636,203,1.15,1.0454,827,1.14,1.0363,1,1.16,1.0545,976,0
SPY190802P299,2019-07-31,2019-07-31 09:39:27,1.17,1.0636,142,1.16,1.0545,183,1.14,1.0363,1,1.165,1.059,976,0
SPY190802P299,2019-07-31,2019-07-31 09:39:28,1.17,1.0636,166,1.16,1.0545,254,1.14,1.0363,1,1.165,1.059,976,0
SPY190802P299,2019-07-31,2019-07-31 09:39:29,1.17,1.0636,76,1.16,1.0545,183,1.14,1.0363,1,1.165,1.059,976,0
SPY190802P299,2019-07-31,2019-07-31 09:39:30,1.17,1.0636,136,1.16,1.0545,183,1.14,1.0363,1,1.165,1.059,976,0
SPY190802P299,2019-07-31,2019-07-31 09:39:30,1.17,1.0636,494,1.16,1.0545,231,1.16,1.0545,4,1.165,1.059,986,10
SPY190802P299,2019-07-31,2019-07-31 09:39:31,1.17,1.0636,494,1.16,1.0545,183,1.16,1.0545,4,1.165,1.059,986,0
SPY190802P299,2019-07-31,2019-07-31 09:39:32,1.17,1.0636,445,1.15,1.0454,757,1.16,1.0545,4,1.16,1.0545,986,0
SPY190802P299,2019-07-31,2019-07-31 09:39:33,1.16,1.0545,290,1.15,1.0454,446,1.16,1.0545,4,1.155,1.05,986,0
SPY190802P299,2019-07-31,2019-07-31 09:39:34,1.16,1.0545,290,1.15,1.0454,446,1.16,1.0545,4,1.155,1.05,986,0
SPY190802P299,2019-07-31,2019-07-31 09:39:34,1.16,1.0545,290,1.15,1.0454,254,1.16,1.0545,4,1.155,1.05,986,0
SPY190802P299,2019-07-31,2019-07-31 09:39:35,1.16,1.0545,290,1.15,1.0454,494,1.16,1.0545,4,1.155,1.05,986,0
SPY190802P299,2019-07-31,2019-07-31 09:39:36,1.16,1.0545,154,1.15,1.0454,254,1.16,1.0545,4,1.155,1.05,986,0
SPY190802P299,2019-07-31,2019-07-31 09:39:36,1.17,1.0636,543,1.16,1.0545,98,1.16,1.0545,4,1.165,1.059,986,0
SPY190802P299,2019-07-31,2019-07-31 09:39:37,1.17,1.0636,543,1.16,1.0545,98,1.16,1.0545,4,1.165,1.059,986,0
SPY190802P299,2019-07-31,2019-07-31 09:39:38,1.17,1.0636,592,1.16,1.0545,81,1.16,1.0545,4,1.165,1.059,986,0
SPY190802P299,2019-07-31,2019-07-31 09:39:38,1.17,1.0636,681,1.16,1.0545,5,1.16,1.0545,4,1.165,1.059,986,0
SPY190802P299,2019-07-31,2019-07-31 09:39:39,1.17,1.0636,592,1.16,1.0545,211,1.16,1.0545,4,1.165,1.059,986,0
SPY190802P299,2019-07-31,2019-07-31 09:39:39,1.17,1.0636,592,1.16,1.0545,452,1.16,1.0545,4,1.165,1.059,986,0
SPY190802P299,2019-07-31,2019-07-31 09:39:40,1.17,1.0636,282,1.16,1.0545,452,1.16,1.0545,4,1.165,1.059,986,0
SPY190802P299,2019-07-31,2019-07-31 09:39:41,1.17,1.0636,343,1.16,1.0545,452,1.16,1.0545,4,1.165,1.059,986,0
SPY190802P299,2019-07-31,2019-07-31 09:39:42,1.17,1.0636,457,1.16,1.0545,305,1.16,1.0545,4,1.165,1.059,986,0
SPY190802P299,2019-07-31,2019-07-31 09:39:42,1.17,1.0636,457,1.16,1.0545,452,1.16,1.0545,4,1.165,1.059,986,0
SPY190802P299,2019-07-31,2019-07-31 09:39:43,1.17,1.0636,505,1.16,1.0545,211,1.16,1.0545,4,1.165,1.059,986,0
SPY190802P299,2019-07-31,2019-07-31 09:39:44,1.17,1.0636,616,1.16,1.0545,237,1.16,1.0545,4,1.165,1.059,986,0
SPY190802P299,2019-07-31,2019-07-31 09:39:45,1.17,1.0636,709,1.16,1.0545,211,1.16,1.0545,4,1.165,1.059,986,0
SPY190802P299,2019-07-31,2019-07-31 09:39:45,1.17,1.0636,588,1.16,1.0545,297,1.16,1.0545,4,1.165,1.059,986,0
SPY190802P299,2019-07-31,2019-07-31 09:39:46,1.17,1.0636,434,1.16,1.0545,211,1.16,1.0545,4,1.165,1.059,986,0
SPY190802P299,2019-07-31,2019-07-31 09:39:47,1.17,1.0636,748,1.16,1.0545,211,1.16,1.0545,4,1.165,1.059,986,0
SPY190802P299,2019-07-31,2019-07-31 09:39:48,1.17,1.0636,180,1.16,1.0545,117,1.16,1.0545,4,1.165,1.059,986,0
SPY190802P299,2019-07-31,2019-07-31 09:39:49,1.17,1.0636,278,1.16,1.0545,117,1.17,1.0636,1,1.165,1.059,987,0
SPY190802P299,2019-07-31,2019-07-31 09:39:49,1.17,1.0636,290,1.16,1.0545,117,1.17,1.0636,1,1.165,1.059,987,1
SPY190802P299,2019-07-31,2019-07-31 09:39:50,1.17,1.0636,373,1.15,1.0454,1266,1.17,1.0636,1,1.16,1.0545,987,0
SPY190802P299,2019-07-31,2019-07-31 09:39:51,1.17,1.0636,239,1.16,1.0545,82,1.17,1.0636,1,1.165,1.059,987,0
SPY190802P299,2019-07-31,2019-07-31 09:39:52,1.17,1.0636,382,1.16,1.0545,5,1.17,1.0636,1,1.165,1.059,987,0
SPY190802P299,2019-07-31,2019-07-31 09:39:52,1.17,1.0636,385,1.16,1.0545,5,1.17,1.0636,1,1.165,1.059,987,0
SPY190802P299,2019-07-31,2019-07-31 09:39:53,1.17,1.0636,353,1.16,1.0545,86,1.17,1.0636,1,1.165,1.059,987,0
SPY190802P299,2019-07-31,2019-07-31 09:39:54,1.17,1.0636,353,1.16,1.0545,79,1.17,1.0636,1,1.165,1.059,987,0
SPY190802P299,2019-07-31,2019-07-31 09:39:54,1.17,1.0636,353,1.16,1.0545,32,1.17,1.0636,1,1.165,1.059,987,0
SPY190802P299,2019-07-31,2019-07-31 09:39:55,1.17,1.0636,141,1.15,1.0454,623,1.17,1.0636,1,1.16,1.0545,987,0
SPY190802P299,2019-07-31,2019-07-31 09:39:56,1.17,1.0636,393,1.15,1.0454,913,1.17,1.0636,1,1.16,1.0545,987,0
SPY190802P299,2019-07-31,2019-07-31 09:39:56,1.17,1.0636,141,1.16,1.0545,99,1.17,1.0636,1,1.165,1.059,987,0
SPY190802P299,2019-07-31,2019-07-31 09:39:57,1.16,1.0545,6,1.15,1.0454,110,1.17,1.0636,1,1.155,1.05,987,0
SPY190802P299,2019-07-31,2019-07-31 09:39:58,1.16,1.0545,7,1.15,1.0454,223,1.17,1.0636,1,1.155,1.05,987,0
SPY190802P299,2019-07-31,2019-07-31 09:39:58,1.17,1.0636,67,1.16,1.0545,5,1.16,1.0545,1,1.165,1.059,988,1
SPY190802P299,2019-07-31,2019-07-31 09:39:59,1.17,1.0636,92,1.16,1.0545,9,1.16,1.0545,1,1.165,1.059,988,0
SPY190802P299,2019-07-31,2019-07-31 09:40:00,1.16,1.0545,38,1.15,1.0454,148,1.16,1.0545,1,1.155,1.05,988,0
SPY190802P299,2019-07-31,2019-07-31 09:40:00,1.17,1.0636,1118,1.15,1.0454,215,1.16,1.0545,1,1.16,1.0545,988,0
SPY190802P299,2019-07-31,2019-07-31 09:40:01,1.16,1.0545,33,1.15,1.0454,508,1.16,1.0545,1,1.155,1.05,988,0
SPY190802P299,2019-07-31,2019-07-31 09:40:02,1.17,1.0636,946,1.15,1.0454,608,1.16,1.0545,1,1.16,1.0545,988,0
SPY190802P299,2019-07-31,2019-07-31 09:40:03,1.16,1.0545,93,1.15,1.0454,568,1.16,1.0545,1,1.155,1.05,988,0
SPY190802P299,2019-07-31,2019-07-31 09:40:04,1.16,1.0545,93,1.15,1.0454,568,1.16,1.0545,1,1.155,1.05,988,0
SPY190802P299,2019-07-31,2019-07-31 09:40:05,1.16,1.0545,177,1.15,1.0454,111,1.16,1.0545,1,1.155,1.05,988,0
SPY190802P299,2019-07-31,2019-07-31 09:40:06,1.16,1.0545,7,1.15,1.0454,191,1.16,1.0545,1,1.155,1.05,988,0
SPY190802P299,2019-07-31,2019-07-31 09:40:06,1.16,1.0545,177,1.15,1.0454,131,1.16,1.0545,1,1.155,1.05,988,0
SPY190802P299,2019-07-31,2019-07-31 09:40:07,1.16,1.0545,53,1.15,1.0454,551,1.16,1.0545,1,1.155,1.05,988,0
SPY190802P299,2019-07-31,2019-07-31 09:40:08,1.16,1.0545,107,1.15,1.0454,540,1.16,1.0545,1,1.155,1.05,988,0
SPY190802P299,2019-07-31,2019-07-31 09:40:08,1.16,1.0545,84,1.15,1.0454,551,1.16,1.0545,1,1.155,1.05,988,0
SPY190802P299,2019-07-31,2019-07-31 09:40:09,1.16,1.0545,110,1.15,1.0454,388,1.16,1.0545,1,1.155,1.05,988,0
SPY190802P299,2019-07-31,2019-07-31 09:40:10,1.16,1.0545,1244,1.14,1.0363,572,1.16,1.0545,1,1.15,1.0454,988,0
SPY190802P299,2019-07-31,2019-07-31 09:40:10,1.16,1.0545,888,1.15,1.0454,388,1.16,1.0545,1,1.155,1.05,988,0
SPY190802P299,2019-07-31,2019-07-31 09:40:11,1.16,1.0545,1232,1.14,1.0363,572,1.16,1.0545,1,1.15,1.0454,988,0
SPY190802P299,2019-07-31,2019-07-31 09:40:12,1.16,1.0545,156,1.14,1.0363,465,1.16,1.0545,1,1.15,1.0454,988,0
SPY190802P299,2019-07-31,2019-07-31 09:40:12,1.16,1.0545,6,1.15,1.0454,512,1.16,1.0545,1,1.155,1.05,988,0
SPY190802P299,2019-07-31,2019-07-31 09:40:13,1.16,1.0545,26,1.15,1.0454,512,1.16,1.0545,1,1.155,1.05,988,0
SPY190802P299,2019-07-31,2019-07-31 09:40:14,1.16,1.0545,191,1.15,1.0454,402,1.16,1.0545,1,1.155,1.05,988,0
SPY190802P299,2019-07-31,2019-07-31 09:40:14,1.16,1.0545,191,1.15,1.0454,407,1.16,1.0545,1,1.155,1.05,988,0
SPY190802P299,2019-07-31,2019-07-31 09:40:15,1.15,1.0454,6,1.15,1.0454,50,1.16,1.0545,1,1.15,1.0454,988,0
SPY190802P299,2019-07-31,2019-07-31 09:40:16,1.15,1.0454,26,1.14,1.0363,648,1.16,1.0545,1,1.145,1.0409,988,0
SPY190802P299,2019-07-31,2019-07-31 09:40:16,1.15,1.0454,55,1.14,1.0363,648,1.16,1.0545,1,1.145,1.0409,988,0
SPY190802P299,2019-07-31,2019-07-31 09:40:17,1.15,1.0454,35,1.14,1.0363,648,1.16,1.0545,1,1.145,1.0409,988,0
SPY190802P299,2019-07-31,2019-07-31 09:40:18,1.15,1.0454,33,1.14,1.0363,648,1.16,1.0545,1,1.145,1.0409,988,0
SPY190802P299,2019-07-31,2019-07-31 09:40:18,1.16,1.0545,219,1.15,1.0454,447,1.16,1.0545,1,1.155,1.05,988,0
SPY190802P299,2019-07-31,2019-07-31 09:40:19,1.16,1.0545,317,1.15,1.0454,101,1.16,1.0545,1,1.155,1.05,988,0
SPY190802P299,2019-07-31,2019-07-31 09:40:20,1.16,1.0545,317,1.15,1.0454,101,1.16,1.0545,1,1.155,1.05,988,0
SPY190802P299,2019-07-31,2019-07-31 09:40:21,1.16,1.0545,219,1.15,1.0454,101,1.16,1.0545,1,1.155,1.05,988,0
SPY190802P299,2019-07-31,2019-07-31 09:40:22,1.16,1.0545,32,1.15,1.0454,109,1.16,1.0545,1,1.155,1.05,988,0
SPY190802P299,2019-07-31,2019-07-31 09:40:22,1.17,1.0636,260,1.15,1.0454,682,1.16,1.0545,1,1.16,1.0545,988,0
SPY190802P299,2019-07-31,2019-07-31 09:40:23,1.16,1.0545,6,1.15,1.0454,572,1.16,1.0545,1,1.155,1.05,988,0
SPY190802P299,2019-07-31,2019-07-31 09:40:24,1.16,1.0545,10,1.15,1.0454,572,1.16,1.0545,1,1.155,1.05,988,0
SPY190802P299,2019-07-31,2019-07-31 09:40:24,1.16,1.0545,6,1.15,1.0454,572,1.16,1.0545,1,1.155,1.05,988,0
SPY190802P299,2019-07-31,2019-07-31 09:40:25,1.16,1.0545,26,1.15,1.0454,598,1.16,1.0545,10,1.155,1.05,1000,12
SPY190802P299,2019-07-31,2019-07-31 09:40:26,1.16,1.0545,10,1.15,1.0454,592,1.16,1.0545,10,1.155,1.05,1000,0
SPY190802P299,2019-07-31,2019-07-31 09:40:26,1.16,1.0545,6,1.15,1.0454,592,1.16,1.0545,10,1.155,1.05,1000,0
SPY190802P299,2019-07-31,2019-07-31 09:40:27,1.16,1.0545,59,1.15,1.0454,219,1.16,1.0545,10,1.155,1.05,1000,0
SPY190802P299,2019-07-31,2019-07-31 09:40:28,1.16,1.0545,133,1.15,1.0454,219,1.16,1.0545,10,1.155,1.05,1000,0
SPY190802P299,2019-07-31,2019-07-31 09:40:29,1.16,1.0545,190,1.15,1.0454,152,1.16,1.0545,10,1.155,1.05,1000,0
SPY190802P299,2019-07-31,2019-07-31 09:40:29,1.16,1.0545,145,1.15,1.0454,152,1.16,1.0545,10,1.155,1.05,1000,0
SPY190802P299,2019-07-31,2019-07-31 09:40:30,1.16,1.0545,199,1.15,1.0454,212,1.16,1.0545,10,1.155,1.05,1000,0
SPY190802P299,2019-07-31,2019-07-31 09:40:31,1.16,1.0545,163,1.15,1.0454,212,1.16,1.0545,10,1.155,1.05,1000,0
SPY190802P299,2019-07-31,2019-07-31 09:40:32,1.15,1.0454,6,1.14,1.0363,758,1.16,1.0545,10,1.145,1.0409,1000,0
SPY190802P299,2019-07-31,2019-07-31 09:40:32,1.15,1.0454,5,1.14,1.0363,603,1.16,1.0545,10,1.145,1.0409,1000,0
SPY190802P299,2019-07-31,2019-07-31 09:40:33,1.15,1.0454,41,1.14,1.0363,1182,1.16,1.0545,10,1.145,1.0409,1000,0
SPY190802P299,2019-07-31,2019-07-31 09:40:34,1.15,1.0454,68,1.14,1.0363,1182,1.16,1.0545,10,1.145,1.0409,1000,0
SPY190802P299,2019-07-31,2019-07-31 09:40:35,1.15,1.0454,68,1.14,1.0363,772,1.16,1.0545,10,1.145,1.0409,1000,0
SPY190802P299,2019-07-31,2019-07-31 09:40:35,1.15,1.0454,62,1.14,1.0363,1336,1.16,1.0545,10,1.145,1.0409,1000,0
SPY190802P299,2019-07-31,2019-07-31 09:40:36,1.15,1.0454,26,1.14,1.0363,772,1.16,1.0545,10,1.145,1.0409,1000,0
SPY190802P299,2019-07-31,2019-07-31 09:40:36,1.15,1.0454,68,1.14,1.0363,1177,1.16,1.0545,10,1.145,1.0409,1000,0
SPY190802P299,2019-07-31,2019-07-31 09:40:37,1.15,1.0454,40,1.14,1.0363,837,1.16,1.0545,10,1.145,1.0409,1000,0
SPY190802P299,2019-07-31,2019-07-31 09:40:37,1.15,1.0454,26,1.14,1.0363,1182,1.16,1.0545,10,1.145,1.0409,1000,0
SPY190802P299,2019-07-31,2019-07-31 09:40:38,1.15,1.0454,10,1.14,1.0363,676,1.16,1.0545,10,1.145,1.0409,1000,0
SPY190802P299,2019-07-31,2019-07-31 09:40:39,1.15,1.0454,14,1.14,1.0363,582,1.16,1.0545,10,1.145,1.0409,1000,0
SPY190802P299,2019-07-31,2019-07-31 09:40:40,1.15,1.0454,14,1.14,1.0363,582,1.16,1.0545,10,1.145,1.0409,1000,0
SPY190802P299,2019-07-31,2019-07-31 09:40:41,1.15,1.0454,48,1.14,1.0363,582,1.16,1.0545,10,1.145,1.0409,1000,0
SPY190802P299,2019-07-31,2019-07-31 09:40:41,1.15,1.0454,77,1.14,1.0363,582,1.16,1.0545,10,1.145,1.0409,1000,0
SPY190802P299,2019-07-31,2019-07-31 09:40:42,1.15,1.0454,7,1.14,1.0363,814,1.16,1.0545,10,1.145,1.0409,1000,0
SPY190802P299,2019-07-31,2019-07-31 09:40:42,1.15,1.0454,20,1.14,1.0363,582,1.16,1.0545,10,1.145,1.0409,1000,0
SPY190802P299,2019-07-31,2019-07-31 09:40:43,1.16,1.0545,673,1.14,1.0363,780,1.16,1.0545,10,1.15,1.0454,1000,0
SPY190802P299,2019-07-31,2019-07-31 09:40:44,1.16,1.0545,87,1.14,1.0363,375,1.16,1.0545,10,1.15,1.0454,1000,0
SPY190802P299,2019-07-31,2019-07-31 09:40:45,1.16,1.0545,72,1.15,1.0454,205,1.16,1.0545,10,1.155,1.05,1000,0
SPY190802P299,2019-07-31,2019-07-31 09:40:46,1.16,1.0545,130,1.15,1.0454,191,1.16,1.0545,10,1.155,1.05,1000,0
SPY190802P299,2019-07-31,2019-07-31 09:40:46,1.16,1.0545,130,1.15,1.0454,145,1.16,1.0545,10,1.155,1.05,1000,0
SPY190802P299,2019-07-31,2019-07-31 09:40:47,1.16,1.0545,130,1.15,1.0454,191,1.16,1.0545,10,1.155,1.05,1000,0
SPY190802P299,2019-07-31,2019-07-31 09:40:48,1.16,1.0545,113,1.15,1.0454,193,1.16,1.0545,10,1.155,1.05,1000,0
SPY190802P299,2019-07-31,2019-07-31 09:40:49,1.16,1.0545,108,1.15,1.0454,193,1.16,1.0545,10,1.155,1.05,1000,0
SPY190802P299,2019-07-31,2019-07-31 09:40:50,1.16,1.0545,108,1.15,1.0454,193,1.16,1.0545,10,1.155,1.05,1000,0
SPY190802P299,2019-07-31,2019-07-31 09:40:51,1.16,1.0545,174,1.15,1.0454,193,1.16,1.0545,10,1.155,1.05,1000,0
SPY190802P299,2019-07-31,2019-07-31 09:40:52,1.16,1.0545,238,1.15,1.0454,193,1.16,1.0545,10,1.155,1.05,1000,0
SPY190802P299,2019-07-31,2019-07-31 09:40:53,1.15,1.0454,6,1.15,1.0454,33,1.16,1.0545,10,1.15,1.0454,1000,0
SPY190802P299,2019-07-31,2019-07-31 09:40:54,1.15,1.0454,3,1.14,1.0363,1156,1.16,1.0545,10,1.145,1.0409,1000,0
SPY190802P299,2019-07-31,2019-07-31 09:40:54,1.16,1.0545,539,1.14,1.0363,1009,1.16,1.0545,10,1.15,1.0454,1000,0
