symbol,Date,quote_time,ask_price,norm_ask_price,ask_size,bid_price,norm_bid_price,bid_size,last_trade_price,norm_last_trade_price,last_trade_size,mark_price,norm_mark_price,volume,Volume
IWM190906P145,2019-08-30,2019-08-30 09:30:01,0.44,1.0,42,0.38,0.8636,10,0.6,1.3636,2,0.41,0.9318,0,0
IWM190906P145,2019-08-30,2019-08-30 09:30:02,0.44,1.0,42,0.38,0.8636,10,0.6,1.3636,2,0.41,0.9318,0,0
IWM190906P145,2019-08-30,2019-08-30 09:30:03,0.45,1.0227,70,0.4,0.909,30,0.4,0.909,1,0.425,0.9659,1,0
IWM190906P145,2019-08-30,2019-08-30 09:30:03,0.45,1.0227,42,0.38,0.8636,52,0.4,0.909,1,0.415,0.9431,1,1
IWM190906P145,2019-08-30,2019-08-30 09:30:04,0.45,1.0227,70,0.4,0.909,30,0.4,0.909,1,0.425,0.9659,2,1
IWM190906P145,2019-08-30,2019-08-30 09:30:04,0.45,1.0227,70,0.4,0.909,30,0.4,0.909,1,0.425,0.9659,2,0
IWM190906P145,2019-08-30,2019-08-30 09:30:05,0.45,1.0227,70,0.4,0.909,30,0.4,0.909,1,0.425,0.9659,2,0
IWM190906P145,2019-08-30,2019-08-30 09:30:05,0.45,1.0227,70,0.4,0.909,40,0.4,0.909,1,0.425,0.9659,2,0
IWM190906P145,2019-08-30,2019-08-30 09:30:06,0.45,1.0227,10,0.4,0.909,40,0.4,0.909,1,0.425,0.9659,2,0
IWM190906P145,2019-08-30,2019-08-30 09:30:06,0.45,1.0227,10,0.4,0.909,39,0.4,0.909,1,0.425,0.9659,2,0
IWM190906P145,2019-08-30,2019-08-30 09:30:07,0.45,1.0227,10,0.4,0.909,39,0.4,0.909,1,0.425,0.9659,2,0
IWM190906P145,2019-08-30,2019-08-30 09:30:07,0.44,1.0,174,0.4,0.909,39,0.4,0.909,1,0.42,0.9545,2,0
IWM190906P145,2019-08-30,2019-08-30 09:30:08,0.44,1.0,174,0.4,0.909,70,0.4,0.909,1,0.42,0.9545,2,0
IWM190906P145,2019-08-30,2019-08-30 09:30:08,0.44,1.0,10,0.4,0.909,49,0.4,0.909,1,0.42,0.9545,2,0
IWM190906P145,2019-08-30,2019-08-30 09:30:09,0.44,1.0,174,0.4,0.909,39,0.4,0.909,1,0.42,0.9545,2,0
IWM190906P145,2019-08-30,2019-08-30 09:30:10,0.44,1.0,174,0.4,0.909,39,0.4,0.909,1,0.42,0.9545,2,0
IWM190906P145,2019-08-30,2019-08-30 09:30:10,0.44,1.0,44,0.4,0.909,39,0.4,0.909,1,0.42,0.9545,2,0
IWM190906P145,2019-08-30,2019-08-30 09:30:11,0.44,1.0,20,0.4,0.909,39,0.4,0.909,1,0.42,0.9545,2,0
IWM190906P145,2019-08-30,2019-08-30 09:30:11,0.44,1.0,193,0.4,0.909,39,0.4,0.909,1,0.42,0.9545,2,0
IWM190906P145,2019-08-30,2019-08-30 09:30:12,0.44,1.0,10,0.4,0.909,445,0.4,0.909,1,0.42,0.9545,2,0
IWM190906P145,2019-08-30,2019-08-30 09:30:12,0.44,1.0,20,0.4,0.909,39,0.4,0.909,1,0.42,0.9545,2,0
IWM190906P145,2019-08-30,2019-08-30 09:30:13,0.44,1.0,10,0.4,0.909,445,0.4,0.909,1,0.42,0.9545,2,0
IWM190906P145,2019-08-30,2019-08-30 09:30:13,0.45,1.0227,285,0.4,0.909,487,0.4,0.909,1,0.425,0.9659,2,0
IWM190906P145,2019-08-30,2019-08-30 09:30:14,0.45,1.0227,16,0.4,0.909,762,0.4,0.909,1,0.425,0.9659,2,0
IWM190906P145,2019-08-30,2019-08-30 09:30:14,0.45,1.0227,16,0.4,0.909,699,0.4,0.909,1,0.425,0.9659,2,0
IWM190906P145,2019-08-30,2019-08-30 09:30:15,0.45,1.0227,16,0.4,0.909,762,0.4,0.909,1,0.425,0.9659,2,0
IWM190906P145,2019-08-30,2019-08-30 09:30:16,0.45,1.0227,16,0.4,0.909,762,0.4,0.909,1,0.425,0.9659,2,0
IWM190906P145,2019-08-30,2019-08-30 09:30:17,0.45,1.0227,16,0.4,0.909,762,0.4,0.909,1,0.425,0.9659,2,0
IWM190906P145,2019-08-30,2019-08-30 09:30:18,0.45,1.0227,16,0.4,0.909,762,0.4,0.909,1,0.425,0.9659,2,0
IWM190906P145,2019-08-30,2019-08-30 09:30:19,0.45,1.0227,16,0.4,0.909,762,0.4,0.909,1,0.425,0.9659,2,0
IWM190906P145,2019-08-30,2019-08-30 09:30:20,0.45,1.0227,16,0.4,0.909,762,0.4,0.909,1,0.425,0.9659,2,0
IWM190906P145,2019-08-30,2019-08-30 09:30:21,0.45,1.0227,16,0.4,0.909,762,0.4,0.909,1,0.425,0.9659,2,0
IWM190906P145,2019-08-30,2019-08-30 09:30:22,0.45,1.0227,16,0.4,0.909,762,0.4,0.909,1,0.425,0.9659,2,0
IWM190906P145,2019-08-30,2019-08-30 09:30:23,0.45,1.0227,16,0.4,0.909,921,0.4,0.909,1,0.425,0.9659,2,0
IWM190906P145,2019-08-30,2019-08-30 09:30:23,0.45,1.0227,16,0.4,0.909,762,0.4,0.909,1,0.425,0.9659,2,0
IWM190906P145,2019-08-30,2019-08-30 09:30:24,0.45,1.0227,16,0.4,0.909,762,0.4,0.909,1,0.425,0.9659,2,0
IWM190906P145,2019-08-30,2019-08-30 09:30:25,0.45,1.0227,30,0.4,0.909,762,0.4,0.909,1,0.425,0.9659,2,0
IWM190906P145,2019-08-30,2019-08-30 09:30:26,0.45,1.0227,30,0.4,0.909,762,0.4,0.909,1,0.425,0.9659,2,0
IWM190906P145,2019-08-30,2019-08-30 09:30:27,0.45,1.0227,30,0.4,0.909,762,0.4,0.909,1,0.425,0.9659,2,0
IWM190906P145,2019-08-30,2019-08-30 09:30:28,0.45,1.0227,181,0.4,0.909,806,0.4,0.909,1,0.425,0.9659,2,0
IWM190906P145,2019-08-30,2019-08-30 09:30:28,0.45,1.0227,20,0.4,0.909,806,0.4,0.909,1,0.425,0.9659,2,0
IWM190906P145,2019-08-30,2019-08-30 09:30:29,0.45,1.0227,202,0.4,0.909,806,0.4,0.909,1,0.425,0.9659,2,0
IWM190906P145,2019-08-30,2019-08-30 09:30:29,0.45,1.0227,439,0.41,0.9318,1,0.4,0.909,1,0.43,0.9772,2,0
IWM190906P145,2019-08-30,2019-08-30 09:30:30,0.45,1.0227,439,0.41,0.9318,1,0.4,0.909,1,0.43,0.9772,2,0
IWM190906P145,2019-08-30,2019-08-30 09:30:31,0.44,1.0,842,0.4,0.909,29,0.4,0.909,1,0.42,0.9545,2,0
IWM190906P145,2019-08-30,2019-08-30 09:30:31,0.45,1.0227,684,0.4,0.909,157,0.4,0.909,1,0.425,0.9659,2,0
IWM190906P145,2019-08-30,2019-08-30 09:30:32,0.44,1.0,842,0.4,0.909,29,0.4,0.909,1,0.42,0.9545,2,0
IWM190906P145,2019-08-30,2019-08-30 09:30:33,0.44,1.0,632,0.4,0.909,29,0.4,0.909,1,0.42,0.9545,2,0
IWM190906P145,2019-08-30,2019-08-30 09:30:33,0.44,1.0,842,0.4,0.909,29,0.4,0.909,1,0.42,0.9545,2,0
IWM190906P145,2019-08-30,2019-08-30 09:30:34,0.44,1.0,632,0.4,0.909,67,0.4,0.909,1,0.42,0.9545,2,0
IWM190906P145,2019-08-30,2019-08-30 09:30:34,0.44,1.0,632,0.4,0.909,29,0.4,0.909,1,0.42,0.9545,2,0
IWM190906P145,2019-08-30,2019-08-30 09:30:35,0.44,1.0,625,0.4,0.909,62,0.4,0.909,1,0.42,0.9545,2,0
IWM190906P145,2019-08-30,2019-08-30 09:30:36,0.44,1.0,890,0.4,0.909,62,0.4,0.909,1,0.42,0.9545,2,0
IWM190906P145,2019-08-30,2019-08-30 09:30:36,0.44,1.0,752,0.4,0.909,62,0.4,0.909,1,0.42,0.9545,2,0
IWM190906P145,2019-08-30,2019-08-30 09:30:37,0.44,1.0,890,0.4,0.909,62,0.4,0.909,1,0.42,0.9545,2,0
IWM190906P145,2019-08-30,2019-08-30 09:30:38,0.44,1.0,890,0.4,0.909,62,0.4,0.909,1,0.42,0.9545,2,0
IWM190906P145,2019-08-30,2019-08-30 09:30:39,0.44,1.0,890,0.4,0.909,62,0.4,0.909,1,0.42,0.9545,2,0
IWM190906P145,2019-08-30,2019-08-30 09:30:40,0.44,1.0,890,0.4,0.909,33,0.4,0.909,1,0.42,0.9545,2,0
IWM190906P145,2019-08-30,2019-08-30 09:30:40,0.44,1.0,728,0.4,0.909,33,0.4,0.909,1,0.42,0.9545,2,0
IWM190906P145,2019-08-30,2019-08-30 09:30:41,0.44,1.0,890,0.4,0.909,33,0.4,0.909,1,0.42,0.9545,2,0
IWM190906P145,2019-08-30,2019-08-30 09:30:42,0.44,1.0,890,0.4,0.909,33,0.4,0.909,1,0.42,0.9545,2,0
IWM190906P145,2019-08-30,2019-08-30 09:30:43,0.44,1.0,728,0.4,0.909,33,0.4,0.909,1,0.42,0.9545,2,0
IWM190906P145,2019-08-30,2019-08-30 09:30:44,0.44,1.0,999,0.4,0.909,33,0.4,0.909,1,0.42,0.9545,2,0
IWM190906P145,2019-08-30,2019-08-30 09:30:44,0.44,1.0,728,0.4,0.909,33,0.4,0.909,1,0.42,0.9545,2,0
IWM190906P145,2019-08-30,2019-08-30 09:30:45,0.44,1.0,999,0.4,0.909,29,0.4,0.909,1,0.42,0.9545,2,0
IWM190906P145,2019-08-30,2019-08-30 09:30:46,0.44,1.0,999,0.4,0.909,29,0.4,0.909,1,0.42,0.9545,2,0
IWM190906P145,2019-08-30,2019-08-30 09:30:47,0.44,1.0,999,0.4,0.909,29,0.4,0.909,1,0.42,0.9545,2,0
IWM190906P145,2019-08-30,2019-08-30 09:30:48,0.44,1.0,999,0.4,0.909,29,0.4,0.909,1,0.42,0.9545,2,0
IWM190906P145,2019-08-30,2019-08-30 09:30:49,0.44,1.0,999,0.4,0.909,29,0.4,0.909,1,0.42,0.9545,2,0
IWM190906P145,2019-08-30,2019-08-30 09:30:50,0.44,1.0,999,0.4,0.909,29,0.4,0.909,1,0.42,0.9545,2,0
IWM190906P145,2019-08-30,2019-08-30 09:30:50,0.44,1.0,749,0.4,0.909,29,0.4,0.909,1,0.42,0.9545,2,0
IWM190906P145,2019-08-30,2019-08-30 09:30:51,0.44,1.0,749,0.4,0.909,29,0.4,0.909,1,0.42,0.9545,2,0
IWM190906P145,2019-08-30,2019-08-30 09:30:51,0.44,1.0,749,0.4,0.909,67,0.4,0.909,1,0.42,0.9545,2,0
IWM190906P145,2019-08-30,2019-08-30 09:30:52,0.44,1.0,593,0.41,0.9318,13,0.4,0.909,1,0.425,0.9659,2,0
IWM190906P145,2019-08-30,2019-08-30 09:30:52,0.44,1.0,995,0.41,0.9318,13,0.4,0.909,1,0.425,0.9659,2,0
IWM190906P145,2019-08-30,2019-08-30 09:30:53,0.44,1.0,995,0.4,0.909,398,0.4,0.909,1,0.42,0.9545,2,0
IWM190906P145,2019-08-30,2019-08-30 09:30:54,0.44,1.0,995,0.4,0.909,398,0.4,0.909,1,0.42,0.9545,2,0
IWM190906P145,2019-08-30,2019-08-30 09:30:55,0.44,1.0,995,0.4,0.909,398,0.4,0.909,1,0.42,0.9545,2,0
IWM190906P145,2019-08-30,2019-08-30 09:30:56,0.44,1.0,995,0.4,0.909,362,0.4,0.909,1,0.42,0.9545,2,0
IWM190906P145,2019-08-30,2019-08-30 09:30:57,0.44,1.0,995,0.4,0.909,362,0.4,0.909,1,0.42,0.9545,2,0
IWM190906P145,2019-08-30,2019-08-30 09:30:57,0.42,0.9545,20,0.4,0.909,329,0.4,0.909,1,0.41,0.9318,2,0
IWM190906P145,2019-08-30,2019-08-30 09:30:58,0.42,0.9545,20,0.4,0.909,329,0.4,0.909,1,0.41,0.9318,2,0
IWM190906P145,2019-08-30,2019-08-30 09:30:59,0.42,0.9545,20,0.4,0.909,339,0.4,0.909,1,0.41,0.9318,2,0
IWM190906P145,2019-08-30,2019-08-30 09:31:00,0.42,0.9545,10,0.4,0.909,416,0.4,0.909,1,0.41,0.9318,2,0
IWM190906P145,2019-08-30,2019-08-30 09:31:01,0.42,0.9545,2,0.4,0.909,216,0.4,0.909,1,0.41,0.9318,2,0
IWM190906P145,2019-08-30,2019-08-30 09:31:01,0.42,0.9545,2,0.4,0.909,274,0.4,0.909,1,0.41,0.9318,2,0
IWM190906P145,2019-08-30,2019-08-30 09:31:02,0.42,0.9545,2,0.4,0.909,274,0.4,0.909,1,0.41,0.9318,2,0
IWM190906P145,2019-08-30,2019-08-30 09:31:03,0.42,0.9545,2,0.4,0.909,274,0.4,0.909,1,0.41,0.9318,2,0
IWM190906P145,2019-08-30,2019-08-30 09:31:04,0.42,0.9545,2,0.4,0.909,320,0.4,0.909,1,0.41,0.9318,2,0
IWM190906P145,2019-08-30,2019-08-30 09:31:05,0.42,0.9545,2,0.4,0.909,320,0.4,0.909,1,0.41,0.9318,2,0
IWM190906P145,2019-08-30,2019-08-30 09:31:06,0.42,0.9545,2,0.4,0.909,320,0.4,0.909,1,0.41,0.9318,2,0
IWM190906P145,2019-08-30,2019-08-30 09:31:06,0.42,0.9545,2,0.4,0.909,310,0.4,0.909,1,0.41,0.9318,2,0
IWM190906P145,2019-08-30,2019-08-30 09:31:07,0.42,0.9545,10,0.4,0.909,314,0.4,0.909,1,0.41,0.9318,2,0
IWM190906P145,2019-08-30,2019-08-30 09:31:07,0.42,0.9545,2,0.4,0.909,294,0.4,0.909,1,0.41,0.9318,2,0
IWM190906P145,2019-08-30,2019-08-30 09:31:08,0.42,0.9545,2,0.4,0.909,314,0.4,0.909,1,0.41,0.9318,2,0
IWM190906P145,2019-08-30,2019-08-30 09:31:08,0.42,0.9545,2,0.4,0.909,340,0.4,0.909,1,0.41,0.9318,2,0
IWM190906P145,2019-08-30,2019-08-30 09:31:09,0.42,0.9545,2,0.4,0.909,67,0.4,0.909,1,0.41,0.9318,2,0
IWM190906P145,2019-08-30,2019-08-30 09:31:09,0.42,0.9545,2,0.41,0.9318,13,0.4,0.909,1,0.415,0.9431,2,0
IWM190906P145,2019-08-30,2019-08-30 09:31:10,0.42,0.9545,2,0.4,0.909,263,0.4,0.909,1,0.41,0.9318,2,0
IWM190906P145,2019-08-30,2019-08-30 09:31:10,0.42,0.9545,2,0.4,0.909,234,0.4,0.909,1,0.41,0.9318,2,0
IWM190906P145,2019-08-30,2019-08-30 09:31:11,0.42,0.9545,2,0.4,0.909,390,0.4,0.909,1,0.41,0.9318,2,0
IWM190906P145,2019-08-30,2019-08-30 09:31:11,0.42,0.9545,2,0.4,0.909,406,0.4,0.909,1,0.41,0.9318,2,0
IWM190906P145,2019-08-30,2019-08-30 09:31:12,0.42,0.9545,2,0.4,0.909,406,0.4,0.909,1,0.41,0.9318,2,0
IWM190906P145,2019-08-30,2019-08-30 09:31:13,0.42,0.9545,2,0.4,0.909,406,0.4,0.909,1,0.41,0.9318,2,0
IWM190906P145,2019-08-30,2019-08-30 09:31:13,0.42,0.9545,2,0.4,0.909,338,0.4,0.909,1,0.41,0.9318,2,0
IWM190906P145,2019-08-30,2019-08-30 09:31:14,0.42,0.9545,2,0.4,0.909,348,0.4,0.909,1,0.41,0.9318,2,0
IWM190906P145,2019-08-30,2019-08-30 09:31:14,0.42,0.9545,12,0.4,0.909,348,0.4,0.909,1,0.41,0.9318,2,0
IWM190906P145,2019-08-30,2019-08-30 09:31:15,0.42,0.9545,12,0.4,0.909,338,0.4,0.909,1,0.41,0.9318,2,0
IWM190906P145,2019-08-30,2019-08-30 09:31:16,0.42,0.9545,12,0.4,0.909,319,0.4,0.909,1,0.41,0.9318,2,0
IWM190906P145,2019-08-30,2019-08-30 09:31:17,0.42,0.9545,12,0.4,0.909,319,0.4,0.909,1,0.41,0.9318,2,0
IWM190906P145,2019-08-30,2019-08-30 09:31:18,0.42,0.9545,12,0.4,0.909,319,0.4,0.909,1,0.41,0.9318,2,0
IWM190906P145,2019-08-30,2019-08-30 09:31:19,0.42,0.9545,12,0.4,0.909,413,0.4,0.909,1,0.41,0.9318,2,0
IWM190906P145,2019-08-30,2019-08-30 09:31:19,0.42,0.9545,12,0.4,0.909,319,0.4,0.909,1,0.41,0.9318,2,0
IWM190906P145,2019-08-30,2019-08-30 09:31:20,0.42,0.9545,12,0.41,0.9318,13,0.4,0.909,1,0.415,0.9431,2,0
IWM190906P145,2019-08-30,2019-08-30 09:31:20,0.42,0.9545,12,0.4,0.909,705,0.4,0.909,1,0.41,0.9318,2,0
IWM190906P145,2019-08-30,2019-08-30 09:31:21,0.42,0.9545,12,0.41,0.9318,30,0.4,0.909,1,0.415,0.9431,2,0
IWM190906P145,2019-08-30,2019-08-30 09:31:21,0.42,0.9545,12,0.41,0.9318,20,0.4,0.909,1,0.415,0.9431,2,0
IWM190906P145,2019-08-30,2019-08-30 09:31:22,0.42,0.9545,12,0.41,0.9318,30,0.4,0.909,1,0.415,0.9431,2,0
IWM190906P145,2019-08-30,2019-08-30 09:31:23,0.44,1.0,186,0.42,0.9545,1,0.42,0.9545,2,0.43,0.9772,4,2
IWM190906P145,2019-08-30,2019-08-30 09:31:23,0.44,1.0,320,0.41,0.9318,150,0.42,0.9545,2,0.425,0.9659,4,0
IWM190906P145,2019-08-30,2019-08-30 09:31:24,0.44,1.0,382,0.41,0.9318,466,0.42,0.9545,2,0.425,0.9659,4,0
IWM190906P145,2019-08-30,2019-08-30 09:31:24,0.44,1.0,57,0.41,0.9318,532,0.42,0.9545,2,0.425,0.9659,4,0
IWM190906P145,2019-08-30,2019-08-30 09:31:25,0.44,1.0,57,0.41,0.9318,522,0.42,0.9545,2,0.425,0.9659,4,0
IWM190906P145,2019-08-30,2019-08-30 09:31:26,0.45,1.0227,831,0.41,0.9318,695,0.44,1.0,50,0.43,0.9772,857,853
IWM190906P145,2019-08-30,2019-08-30 09:31:26,0.44,1.0,36,0.41,0.9318,577,0.42,0.9545,2,0.425,0.9659,4,0
IWM190906P145,2019-08-30,2019-08-30 09:31:27,0.45,1.0227,726,0.41,0.9318,121,0.44,1.0,50,0.43,0.9772,857,0
IWM190906P145,2019-08-30,2019-08-30 09:31:27,0.45,1.0227,726,0.42,0.9545,281,0.44,1.0,1,0.435,0.9886,858,1
IWM190906P145,2019-08-30,2019-08-30 09:31:28,0.45,1.0227,726,0.42,0.9545,261,0.44,1.0,1,0.435,0.9886,858,0
IWM190906P145,2019-08-30,2019-08-30 09:31:28,0.45,1.0227,726,0.42,0.9545,331,0.44,1.0,1,0.435,0.9886,858,0
IWM190906P145,2019-08-30,2019-08-30 09:31:29,0.45,1.0227,640,0.42,0.9545,173,0.44,1.0,1,0.435,0.9886,858,0
IWM190906P145,2019-08-30,2019-08-30 09:31:29,0.45,1.0227,640,0.42,0.9545,150,0.44,1.0,1,0.435,0.9886,958,100
IWM190906P145,2019-08-30,2019-08-30 09:31:30,0.45,1.0227,645,0.42,0.9545,150,0.44,1.0,1,0.435,0.9886,959,1
IWM190906P145,2019-08-30,2019-08-30 09:31:30,0.45,1.0227,640,0.42,0.9545,152,0.44,1.0,1,0.435,0.9886,958,0
IWM190906P145,2019-08-30,2019-08-30 09:31:31,0.45,1.0227,645,0.42,0.9545,150,0.44,1.0,1,0.435,0.9886,959,0
IWM190906P145,2019-08-30,2019-08-30 09:31:31,0.45,1.0227,645,0.43,0.9772,282,0.44,1.0,10,0.44,1.0,2448,1489
IWM190906P145,2019-08-30,2019-08-30 09:31:32,0.45,1.0227,914,0.44,1.0,140,0.44,1.0,2,0.445,1.0113,2467,5
IWM190906P145,2019-08-30,2019-08-30 09:31:32,0.45,1.0227,740,0.42,0.9545,150,0.44,1.0,13,0.435,0.9886,2462,14
IWM190906P145,2019-08-30,2019-08-30 09:31:33,0.45,1.0227,760,0.44,1.0,275,0.44,1.0,1,0.445,1.0113,2523,1
IWM190906P145,2019-08-30,2019-08-30 09:31:33,0.44,1.0,1,0.42,0.9545,54,0.44,1.0,43,0.43,0.9772,2522,55
IWM190906P145,2019-08-30,2019-08-30 09:31:34,0.45,1.0227,640,0.42,0.9545,54,0.44,1.0,1,0.435,0.9886,2523,0
IWM190906P145,2019-08-30,2019-08-30 09:31:34,0.45,1.0227,640,0.42,0.9545,39,0.44,1.0,1,0.435,0.9886,2523,0
IWM190906P145,2019-08-30,2019-08-30 09:31:35,0.45,1.0227,760,0.42,0.9545,39,0.44,1.0,1,0.435,0.9886,2523,0
IWM190906P145,2019-08-30,2019-08-30 09:31:35,0.45,1.0227,640,0.42,0.9545,187,0.44,1.0,1,0.435,0.9886,2524,1
IWM190906P145,2019-08-30,2019-08-30 09:31:36,0.45,1.0227,413,0.42,0.9545,108,0.44,1.0,1,0.435,0.9886,2524,0
IWM190906P145,2019-08-30,2019-08-30 09:31:36,0.45,1.0227,640,0.42,0.9545,108,0.44,1.0,1,0.435,0.9886,2524,0
IWM190906P145,2019-08-30,2019-08-30 09:31:37,0.45,1.0227,393,0.42,0.9545,267,0.44,1.0,29,0.435,0.9886,2553,29
IWM190906P145,2019-08-30,2019-08-30 09:31:37,0.45,1.0227,402,0.42,0.9545,203,0.44,1.0,1,0.435,0.9886,2524,0
IWM190906P145,2019-08-30,2019-08-30 09:31:38,0.45,1.0227,393,0.42,0.9545,267,0.44,1.0,29,0.435,0.9886,2553,0
IWM190906P145,2019-08-30,2019-08-30 09:31:39,0.45,1.0227,226,0.42,0.9545,150,0.44,1.0,1,0.435,0.9886,2554,0
IWM190906P145,2019-08-30,2019-08-30 09:31:39,0.45,1.0227,393,0.42,0.9545,267,0.44,1.0,1,0.435,0.9886,2554,1
IWM190906P145,2019-08-30,2019-08-30 09:31:40,0.45,1.0227,175,0.43,0.9772,46,0.44,1.0,1,0.44,1.0,2554,0
IWM190906P145,2019-08-30,2019-08-30 09:31:40,0.45,1.0227,244,0.42,0.9545,271,0.44,1.0,1,0.435,0.9886,2554,0
IWM190906P145,2019-08-30,2019-08-30 09:31:41,0.45,1.0227,175,0.43,0.9772,150,0.44,1.0,1,0.44,1.0,2554,0
IWM190906P145,2019-08-30,2019-08-30 09:31:42,0.45,1.0227,175,0.43,0.9772,150,0.44,1.0,1,0.44,1.0,2554,0
IWM190906P145,2019-08-30,2019-08-30 09:31:43,0.45,1.0227,175,0.43,0.9772,150,0.44,1.0,1,0.44,1.0,2555,1
IWM190906P145,2019-08-30,2019-08-30 09:31:43,0.45,1.0227,175,0.43,0.9772,150,0.44,1.0,1,0.44,1.0,2555,0
IWM190906P145,2019-08-30,2019-08-30 09:31:44,0.45,1.0227,175,0.43,0.9772,169,0.44,1.0,1,0.44,1.0,2555,0
IWM190906P145,2019-08-30,2019-08-30 09:31:44,0.45,1.0227,175,0.44,1.0,88,0.44,1.0,1,0.445,1.0113,2555,0
IWM190906P145,2019-08-30,2019-08-30 09:31:45,0.45,1.0227,175,0.43,0.9772,150,0.44,1.0,1,0.44,1.0,2555,0
IWM190906P145,2019-08-30,2019-08-30 09:31:46,0.46,1.0454,869,0.43,0.9772,150,0.44,1.0,1,0.445,1.0113,2555,0
IWM190906P145,2019-08-30,2019-08-30 09:31:46,0.45,1.0227,175,0.43,0.9772,150,0.44,1.0,1,0.44,1.0,2555,0
IWM190906P145,2019-08-30,2019-08-30 09:31:47,0.46,1.0454,334,0.43,0.9772,150,0.44,1.0,1,0.445,1.0113,2555,0
IWM190906P145,2019-08-30,2019-08-30 09:31:47,0.46,1.0454,725,0.43,0.9772,150,0.44,1.0,1,0.445,1.0113,2555,0
IWM190906P145,2019-08-30,2019-08-30 09:31:48,0.46,1.0454,886,0.43,0.9772,150,0.44,1.0,1,0.445,1.0113,2555,0
IWM190906P145,2019-08-30,2019-08-30 09:31:48,0.46,1.0454,508,0.43,0.9772,150,0.44,1.0,1,0.445,1.0113,2555,0
IWM190906P145,2019-08-30,2019-08-30 09:31:49,0.46,1.0454,886,0.43,0.9772,150,0.44,1.0,1,0.445,1.0113,2555,0
IWM190906P145,2019-08-30,2019-08-30 09:31:49,0.45,1.0227,92,0.43,0.9772,150,0.44,1.0,1,0.44,1.0,2555,0
IWM190906P145,2019-08-30,2019-08-30 09:31:50,0.45,1.0227,92,0.42,0.9545,150,0.44,1.0,1,0.435,0.9886,2555,0
IWM190906P145,2019-08-30,2019-08-30 09:31:51,0.45,1.0227,92,0.42,0.9545,150,0.44,1.0,1,0.435,0.9886,2555,0
IWM190906P145,2019-08-30,2019-08-30 09:31:51,0.45,1.0227,306,0.42,0.9545,150,0.44,1.0,1,0.435,0.9886,2555,0
IWM190906P145,2019-08-30,2019-08-30 09:31:52,0.45,1.0227,306,0.42,0.9545,150,0.44,1.0,1,0.435,0.9886,2555,0
IWM190906P145,2019-08-30,2019-08-30 09:31:52,0.45,1.0227,349,0.43,0.9772,13,0.44,1.0,1,0.44,1.0,2555,0
IWM190906P145,2019-08-30,2019-08-30 09:31:53,0.45,1.0227,66,0.42,0.9545,20,0.44,1.0,1,0.435,0.9886,2555,0
IWM190906P145,2019-08-30,2019-08-30 09:31:53,0.45,1.0227,92,0.43,0.9772,13,0.44,1.0,1,0.44,1.0,2555,0
IWM190906P145,2019-08-30,2019-08-30 09:31:54,0.45,1.0227,66,0.42,0.9545,150,0.44,1.0,1,0.435,0.9886,2555,0
IWM190906P145,2019-08-30,2019-08-30 09:31:54,0.45,1.0227,87,0.42,0.9545,150,0.44,1.0,1,0.435,0.9886,2555,0
IWM190906P145,2019-08-30,2019-08-30 09:31:55,0.45,1.0227,815,0.42,0.9545,232,0.44,1.0,1,0.435,0.9886,2555,0
IWM190906P145,2019-08-30,2019-08-30 09:31:55,0.45,1.0227,635,0.42,0.9545,233,0.44,1.0,1,0.435,0.9886,2555,0
IWM190906P145,2019-08-30,2019-08-30 09:31:56,0.45,1.0227,640,0.42,0.9545,171,0.44,1.0,1,0.435,0.9886,2555,0
IWM190906P145,2019-08-30,2019-08-30 09:31:57,0.45,1.0227,640,0.42,0.9545,257,0.44,1.0,1,0.435,0.9886,2555,0
IWM190906P145,2019-08-30,2019-08-30 09:31:58,0.45,1.0227,667,0.42,0.9545,171,0.44,1.0,1,0.435,0.9886,2555,0
IWM190906P145,2019-08-30,2019-08-30 09:31:59,0.45,1.0227,1132,0.42,0.9545,150,0.44,1.0,1,0.435,0.9886,2555,0
IWM190906P145,2019-08-30,2019-08-30 09:31:59,0.45,1.0227,848,0.42,0.9545,150,0.44,1.0,1,0.435,0.9886,2555,0
IWM190906P145,2019-08-30,2019-08-30 09:32:00,0.45,1.0227,848,0.42,0.9545,150,0.44,1.0,1,0.435,0.9886,2555,0
IWM190906P145,2019-08-30,2019-08-30 09:32:01,0.45,1.0227,848,0.42,0.9545,150,0.44,1.0,1,0.435,0.9886,2555,0
IWM190906P145,2019-08-30,2019-08-30 09:32:02,0.45,1.0227,1028,0.42,0.9545,116,0.44,1.0,1,0.435,0.9886,2555,0
IWM190906P145,2019-08-30,2019-08-30 09:32:02,0.45,1.0227,721,0.42,0.9545,116,0.44,1.0,1,0.435,0.9886,2555,0
IWM190906P145,2019-08-30,2019-08-30 09:32:03,0.45,1.0227,1028,0.42,0.9545,66,0.44,1.0,1,0.435,0.9886,2555,0
IWM190906P145,2019-08-30,2019-08-30 09:32:04,0.45,1.0227,1090,0.42,0.9545,75,0.44,1.0,1,0.435,0.9886,2555,0
IWM190906P145,2019-08-30,2019-08-30 09:32:04,0.45,1.0227,1090,0.42,0.9545,66,0.44,1.0,1,0.435,0.9886,2555,0
IWM190906P145,2019-08-30,2019-08-30 09:32:05,0.45,1.0227,1012,0.42,0.9545,19,0.44,1.0,1,0.435,0.9886,2555,0
IWM190906P145,2019-08-30,2019-08-30 09:32:05,0.45,1.0227,1090,0.42,0.9545,75,0.44,1.0,1,0.435,0.9886,2555,0
IWM190906P145,2019-08-30,2019-08-30 09:32:06,0.45,1.0227,1012,0.42,0.9545,19,0.44,1.0,1,0.435,0.9886,2555,0
IWM190906P145,2019-08-30,2019-08-30 09:32:07,0.45,1.0227,1077,0.42,0.9545,10,0.44,1.0,1,0.435,0.9886,2555,0
IWM190906P145,2019-08-30,2019-08-30 09:32:07,0.45,1.0227,1012,0.42,0.9545,15,0.44,1.0,1,0.435,0.9886,2555,0
IWM190906P145,2019-08-30,2019-08-30 09:32:08,0.44,1.0,1,0.42,0.9545,20,0.44,1.0,498,0.43,0.9772,3637,1082
IWM190906P145,2019-08-30,2019-08-30 09:32:08,0.45,1.0227,1041,0.42,0.9545,20,0.44,1.0,1,0.435,0.9886,2555,0
IWM190906P145,2019-08-30,2019-08-30 09:32:09,0.45,1.0227,1015,0.42,0.9545,10,0.44,1.0,1,0.435,0.9886,8129,4492
IWM190906P145,2019-08-30,2019-08-30 09:32:09,0.44,1.0,64,0.42,0.9545,15,0.44,1.0,15,0.43,0.9772,8244,115
IWM190906P145,2019-08-30,2019-08-30 09:32:10,0.45,1.0227,976,0.42,0.9545,10,0.44,1.0,4,0.435,0.9886,8302,58
IWM190906P145,2019-08-30,2019-08-30 09:32:10,0.44,1.0,1,0.42,0.9545,10,0.44,1.0,1,0.43,0.9772,9083,781
IWM190906P145,2019-08-30,2019-08-30 09:32:11,0.45,1.0227,945,0.44,1.0,264,0.44,1.0,1,0.445,1.0113,10732,1649
IWM190906P145,2019-08-30,2019-08-30 09:32:11,0.45,1.0227,945,0.42,0.9545,10,0.44,1.0,1,0.435,0.9886,10732,0
IWM190906P145,2019-08-30,2019-08-30 09:32:12,0.45,1.0227,945,0.42,0.9545,10,0.44,1.0,1,0.435,0.9886,10733,1
IWM190906P145,2019-08-30,2019-08-30 09:32:12,0.45,1.0227,947,0.42,0.9545,10,0.44,1.0,1,0.435,0.9886,10733,0
IWM190906P145,2019-08-30,2019-08-30 09:32:13,0.45,1.0227,947,0.42,0.9545,15,0.44,1.0,1,0.435,0.9886,10733,0
IWM190906P145,2019-08-30,2019-08-30 09:32:13,0.45,1.0227,947,0.42,0.9545,10,0.44,1.0,1,0.435,0.9886,10733,0
IWM190906P145,2019-08-30,2019-08-30 09:32:14,0.45,1.0227,858,0.42,0.9545,15,0.44,1.0,1,0.435,0.9886,10734,1
IWM190906P145,2019-08-30,2019-08-30 09:32:14,0.45,1.0227,1197,0.42,0.9545,15,0.44,1.0,1,0.435,0.9886,10734,0
IWM190906P145,2019-08-30,2019-08-30 09:32:15,0.45,1.0227,858,0.42,0.9545,15,0.44,1.0,1,0.435,0.9886,10734,0
IWM190906P145,2019-08-30,2019-08-30 09:32:16,0.45,1.0227,858,0.42,0.9545,20,0.44,1.0,1,0.435,0.9886,10734,0
IWM190906P145,2019-08-30,2019-08-30 09:32:16,0.45,1.0227,858,0.42,0.9545,15,0.44,1.0,1,0.435,0.9886,10734,0
IWM190906P145,2019-08-30,2019-08-30 09:32:17,0.45,1.0227,735,0.42,0.9545,10,0.44,1.0,1,0.435,0.9886,10735,0
IWM190906P145,2019-08-30,2019-08-30 09:32:17,0.45,1.0227,735,0.42,0.9545,20,0.44,1.0,1,0.435,0.9886,10735,1
IWM190906P145,2019-08-30,2019-08-30 09:32:18,0.45,1.0227,735,0.42,0.9545,44,0.44,1.0,3,0.435,0.9886,10832,97
IWM190906P145,2019-08-30,2019-08-30 09:32:18,0.45,1.0227,735,0.42,0.9545,15,0.44,1.0,1,0.435,0.9886,10735,0
IWM190906P145,2019-08-30,2019-08-30 09:32:19,0.44,1.0,314,0.42,0.9545,44,0.44,1.0,3,0.43,0.9772,10832,0
IWM190906P145,2019-08-30,2019-08-30 09:32:19,0.44,1.0,356,0.42,0.9545,44,0.44,1.0,3,0.43,0.9772,10832,0
IWM190906P145,2019-08-30,2019-08-30 09:32:20,0.44,1.0,247,0.42,0.9545,44,0.44,1.0,3,0.43,0.9772,10832,0
IWM190906P145,2019-08-30,2019-08-30 09:32:21,0.44,1.0,390,0.42,0.9545,29,0.44,1.0,3,0.43,0.9772,10832,0
IWM190906P145,2019-08-30,2019-08-30 09:32:21,0.44,1.0,414,0.42,0.9545,15,0.44,1.0,3,0.43,0.9772,10832,0
IWM190906P145,2019-08-30,2019-08-30 09:32:22,0.44,1.0,414,0.42,0.9545,38,0.44,1.0,3,0.43,0.9772,10832,0
IWM190906P145,2019-08-30,2019-08-30 09:32:23,0.44,1.0,390,0.42,0.9545,38,0.44,1.0,3,0.43,0.9772,10832,0
IWM190906P145,2019-08-30,2019-08-30 09:32:23,0.44,1.0,414,0.42,0.9545,38,0.44,1.0,3,0.43,0.9772,10832,0
IWM190906P145,2019-08-30,2019-08-30 09:32:24,0.44,1.0,390,0.42,0.9545,38,0.44,1.0,3,0.43,0.9772,10832,0
IWM190906P145,2019-08-30,2019-08-30 09:32:24,0.44,1.0,414,0.42,0.9545,154,0.44,1.0,3,0.43,0.9772,10832,0
IWM190906P145,2019-08-30,2019-08-30 09:32:25,0.44,1.0,390,0.42,0.9545,154,0.44,1.0,3,0.43,0.9772,10832,0
IWM190906P145,2019-08-30,2019-08-30 09:32:25,0.44,1.0,414,0.42,0.9545,154,0.44,1.0,3,0.43,0.9772,10832,0
IWM190906P145,2019-08-30,2019-08-30 09:32:26,0.44,1.0,420,0.42,0.9545,38,0.44,1.0,3,0.43,0.9772,10832,0
IWM190906P145,2019-08-30,2019-08-30 09:32:26,0.44,1.0,390,0.42,0.9545,154,0.44,1.0,3,0.43,0.9772,10832,0
IWM190906P145,2019-08-30,2019-08-30 09:32:27,0.44,1.0,444,0.42,0.9545,38,0.44,1.0,3,0.43,0.9772,10832,0
IWM190906P145,2019-08-30,2019-08-30 09:32:28,0.44,1.0,444,0.42,0.9545,10,0.44,1.0,3,0.43,0.9772,10832,0
IWM190906P145,2019-08-30,2019-08-30 09:32:28,0.44,1.0,444,0.42,0.9545,15,0.44,1.0,3,0.43,0.9772,10832,0
IWM190906P145,2019-08-30,2019-08-30 09:32:29,0.44,1.0,444,0.42,0.9545,15,0.44,1.0,3,0.43,0.9772,10832,0
IWM190906P145,2019-08-30,2019-08-30 09:32:30,0.44,1.0,444,0.42,0.9545,15,0.44,1.0,3,0.43,0.9772,10832,0
IWM190906P145,2019-08-30,2019-08-30 09:32:31,0.44,1.0,430,0.42,0.9545,15,0.44,1.0,3,0.43,0.9772,10832,0
IWM190906P145,2019-08-30,2019-08-30 09:32:32,0.44,1.0,553,0.42,0.9545,15,0.44,1.0,3,0.43,0.9772,10832,0
IWM190906P145,2019-08-30,2019-08-30 09:32:33,0.44,1.0,553,0.42,0.9545,10,0.44,1.0,3,0.43,0.9772,10832,0
IWM190906P145,2019-08-30,2019-08-30 09:32:34,0.44,1.0,475,0.42,0.9545,10,0.44,1.0,3,0.43,0.9772,10832,0
IWM190906P145,2019-08-30,2019-08-30 09:32:34,0.44,1.0,587,0.42,0.9545,10,0.44,1.0,3,0.43,0.9772,10832,0
IWM190906P145,2019-08-30,2019-08-30 09:32:35,0.44,1.0,475,0.42,0.9545,10,0.44,1.0,3,0.43,0.9772,10832,0
IWM190906P145,2019-08-30,2019-08-30 09:32:36,0.44,1.0,475,0.42,0.9545,10,0.44,1.0,3,0.43,0.9772,10832,0
IWM190906P145,2019-08-30,2019-08-30 09:32:37,0.44,1.0,475,0.42,0.9545,10,0.44,1.0,3,0.43,0.9772,10832,0
IWM190906P145,2019-08-30,2019-08-30 09:32:37,0.44,1.0,570,0.42,0.9545,10,0.44,1.0,3,0.43,0.9772,10832,0
IWM190906P145,2019-08-30,2019-08-30 09:32:38,0.44,1.0,570,0.42,0.9545,10,0.44,1.0,3,0.43,0.9772,10832,0
IWM190906P145,2019-08-30,2019-08-30 09:32:39,0.44,1.0,570,0.42,0.9545,15,0.44,1.0,3,0.43,0.9772,10832,0
IWM190906P145,2019-08-30,2019-08-30 09:32:40,0.44,1.0,570,0.42,0.9545,15,0.44,1.0,3,0.43,0.9772,10832,0
IWM190906P145,2019-08-30,2019-08-30 09:32:41,0.44,1.0,490,0.42,0.9545,15,0.44,1.0,3,0.43,0.9772,10832,0
IWM190906P145,2019-08-30,2019-08-30 09:32:41,0.44,1.0,490,0.42,0.9545,30,0.44,1.0,3,0.43,0.9772,10832,0
IWM190906P145,2019-08-30,2019-08-30 09:32:42,0.44,1.0,490,0.42,0.9545,30,0.44,1.0,3,0.43,0.9772,10832,0
IWM190906P145,2019-08-30,2019-08-30 09:32:43,0.44,1.0,490,0.42,0.9545,30,0.44,1.0,3,0.43,0.9772,10832,0
IWM190906P145,2019-08-30,2019-08-30 09:32:44,0.44,1.0,490,0.42,0.9545,30,0.44,1.0,3,0.43,0.9772,10832,0
IWM190906P145,2019-08-30,2019-08-30 09:32:45,0.44,1.0,490,0.42,0.9545,30,0.44,1.0,3,0.43,0.9772,10832,0
IWM190906P145,2019-08-30,2019-08-30 09:32:46,0.44,1.0,490,0.42,0.9545,30,0.44,1.0,3,0.43,0.9772,10832,0
IWM190906P145,2019-08-30,2019-08-30 09:32:46,0.44,1.0,199,0.42,0.9545,30,0.44,1.0,3,0.43,0.9772,10832,0
IWM190906P145,2019-08-30,2019-08-30 09:32:47,0.44,1.0,69,0.42,0.9545,62,0.44,1.0,3,0.43,0.9772,10832,0
IWM190906P145,2019-08-30,2019-08-30 09:32:47,0.44,1.0,160,0.42,0.9545,30,0.44,1.0,3,0.43,0.9772,10832,0
IWM190906P145,2019-08-30,2019-08-30 09:32:48,0.44,1.0,69,0.42,0.9545,62,0.44,1.0,3,0.43,0.9772,10832,0
IWM190906P145,2019-08-30,2019-08-30 09:32:48,0.44,1.0,50,0.42,0.9545,62,0.44,1.0,3,0.43,0.9772,10832,0
IWM190906P145,2019-08-30,2019-08-30 09:32:49,0.45,1.0227,822,0.43,0.9772,19,0.44,1.0,3,0.44,1.0,10832,0
IWM190906P145,2019-08-30,2019-08-30 09:32:49,0.44,1.0,50,0.43,0.9772,30,0.44,1.0,3,0.435,0.9886,10832,0
IWM190906P145,2019-08-30,2019-08-30 09:32:50,0.45,1.0227,778,0.43,0.9772,30,0.44,1.0,3,0.44,1.0,10832,0
IWM190906P145,2019-08-30,2019-08-30 09:32:51,0.45,1.0227,503,0.43,0.9772,20,0.44,1.0,3,0.44,1.0,10832,0
IWM190906P145,2019-08-30,2019-08-30 09:32:51,0.45,1.0227,778,0.43,0.9772,30,0.44,1.0,3,0.44,1.0,10832,0
IWM190906P145,2019-08-30,2019-08-30 09:32:52,0.45,1.0227,688,0.43,0.9772,30,0.44,1.0,3,0.44,1.0,10832,0
IWM190906P145,2019-08-30,2019-08-30 09:32:53,0.45,1.0227,439,0.43,0.9772,30,0.44,1.0,3,0.44,1.0,10832,0
IWM190906P145,2019-08-30,2019-08-30 09:32:53,0.45,1.0227,662,0.43,0.9772,30,0.44,1.0,3,0.44,1.0,10832,0
IWM190906P145,2019-08-30,2019-08-30 09:32:54,0.45,1.0227,405,0.43,0.9772,30,0.44,1.0,3,0.44,1.0,10832,0
IWM190906P145,2019-08-30,2019-08-30 09:32:54,0.45,1.0227,662,0.43,0.9772,30,0.44,1.0,3,0.44,1.0,10832,0
IWM190906P145,2019-08-30,2019-08-30 09:32:55,0.45,1.0227,405,0.43,0.9772,30,0.44,1.0,3,0.44,1.0,10832,0
IWM190906P145,2019-08-30,2019-08-30 09:32:56,0.45,1.0227,405,0.43,0.9772,30,0.44,1.0,3,0.44,1.0,10832,0
IWM190906P145,2019-08-30,2019-08-30 09:32:56,0.45,1.0227,234,0.43,0.9772,95,0.44,1.0,3,0.44,1.0,10832,0
IWM190906P145,2019-08-30,2019-08-30 09:32:57,0.45,1.0227,177,0.43,0.9772,30,0.44,1.0,3,0.44,1.0,10832,0
IWM190906P145,2019-08-30,2019-08-30 09:32:57,0.45,1.0227,177,0.43,0.9772,44,0.44,1.0,3,0.44,1.0,10832,0
IWM190906P145,2019-08-30,2019-08-30 09:32:58,0.45,1.0227,187,0.43,0.9772,154,0.44,1.0,3,0.44,1.0,10832,0
IWM190906P145,2019-08-30,2019-08-30 09:32:58,0.46,1.0454,320,0.43,0.9772,202,0.44,1.0,3,0.445,1.0113,10832,0
IWM190906P145,2019-08-30,2019-08-30 09:32:59,0.46,1.0454,50,0.43,0.9772,150,0.44,1.0,3,0.445,1.0113,10832,0
IWM190906P145,2019-08-30,2019-08-30 09:33:00,0.46,1.0454,50,0.44,1.0,13,0.44,1.0,3,0.45,1.0227,10832,0
IWM190906P145,2019-08-30,2019-08-30 09:33:01,0.46,1.0454,20,0.44,1.0,13,0.44,1.0,3,0.45,1.0227,10832,0
IWM190906P145,2019-08-30,2019-08-30 09:33:01,0.47,1.0681,318,0.44,1.0,187,0.44,1.0,3,0.455,1.034,10832,0
IWM190906P145,2019-08-30,2019-08-30 09:33:02,0.47,1.0681,432,0.44,1.0,120,0.44,1.0,3,0.455,1.034,10832,0
IWM190906P145,2019-08-30,2019-08-30 09:33:02,0.47,1.0681,370,0.44,1.0,220,0.44,1.0,3,0.455,1.034,10832,0
IWM190906P145,2019-08-30,2019-08-30 09:33:03,0.47,1.0681,380,0.44,1.0,150,0.44,1.0,3,0.455,1.034,10832,0
IWM190906P145,2019-08-30,2019-08-30 09:33:03,0.47,1.0681,432,0.44,1.0,120,0.44,1.0,3,0.455,1.034,10832,0
IWM190906P145,2019-08-30,2019-08-30 09:33:04,0.47,1.0681,554,0.44,1.0,150,0.44,1.0,3,0.455,1.034,10832,0
IWM190906P145,2019-08-30,2019-08-30 09:33:04,0.47,1.0681,564,0.44,1.0,150,0.44,1.0,3,0.455,1.034,10832,0
IWM190906P145,2019-08-30,2019-08-30 09:33:05,0.47,1.0681,564,0.44,1.0,150,0.44,1.0,3,0.455,1.034,10832,0
IWM190906P145,2019-08-30,2019-08-30 09:33:05,0.47,1.0681,564,0.44,1.0,44,0.44,1.0,3,0.455,1.034,10832,0
IWM190906P145,2019-08-30,2019-08-30 09:33:06,0.47,1.0681,564,0.44,1.0,20,0.44,1.0,3,0.455,1.034,10832,0
IWM190906P145,2019-08-30,2019-08-30 09:33:07,0.47,1.0681,920,0.44,1.0,20,0.44,1.0,3,0.455,1.034,10832,0
IWM190906P145,2019-08-30,2019-08-30 09:33:08,0.46,1.0454,575,0.43,0.9772,12,0.44,1.0,3,0.445,1.0113,10832,0
IWM190906P145,2019-08-30,2019-08-30 09:33:08,0.46,1.0454,673,0.43,0.9772,45,0.44,1.0,3,0.445,1.0113,10832,0
IWM190906P145,2019-08-30,2019-08-30 09:33:09,0.46,1.0454,673,0.43,0.9772,12,0.44,1.0,3,0.445,1.0113,10832,0
IWM190906P145,2019-08-30,2019-08-30 09:33:09,0.46,1.0454,954,0.43,0.9772,8,0.44,1.0,3,0.445,1.0113,10832,0
IWM190906P145,2019-08-30,2019-08-30 09:33:10,0.46,1.0454,720,0.43,0.9772,2,0.44,1.0,3,0.445,1.0113,10832,0
IWM190906P145,2019-08-30,2019-08-30 09:33:10,0.46,1.0454,747,0.43,0.9772,2,0.44,1.0,3,0.445,1.0113,10832,0
IWM190906P145,2019-08-30,2019-08-30 09:33:11,0.46,1.0454,720,0.42,0.9545,30,0.44,1.0,3,0.44,1.0,10832,0
IWM190906P145,2019-08-30,2019-08-30 09:33:12,0.46,1.0454,744,0.42,0.9545,30,0.44,1.0,3,0.44,1.0,10832,0
IWM190906P145,2019-08-30,2019-08-30 09:33:12,0.46,1.0454,744,0.42,0.9545,147,0.44,1.0,3,0.44,1.0,10832,0
IWM190906P145,2019-08-30,2019-08-30 09:33:13,0.46,1.0454,744,0.42,0.9545,147,0.44,1.0,3,0.44,1.0,10832,0
IWM190906P145,2019-08-30,2019-08-30 09:33:13,0.46,1.0454,744,0.42,0.9545,223,0.44,1.0,3,0.44,1.0,10832,0
IWM190906P145,2019-08-30,2019-08-30 09:33:14,0.46,1.0454,783,0.42,0.9545,203,0.44,1.0,3,0.44,1.0,10832,0
IWM190906P145,2019-08-30,2019-08-30 09:33:14,0.46,1.0454,744,0.42,0.9545,223,0.44,1.0,3,0.44,1.0,10832,0
IWM190906P145,2019-08-30,2019-08-30 09:33:15,0.46,1.0454,893,0.42,0.9545,203,0.44,1.0,3,0.44,1.0,10832,0
IWM190906P145,2019-08-30,2019-08-30 09:33:15,0.46,1.0454,783,0.42,0.9545,203,0.44,1.0,3,0.44,1.0,10832,0
IWM190906P145,2019-08-30,2019-08-30 09:33:16,0.46,1.0454,893,0.43,0.9772,1,0.44,1.0,3,0.445,1.0113,10832,0
IWM190906P145,2019-08-30,2019-08-30 09:33:16,0.46,1.0454,907,0.42,0.9545,112,0.44,1.0,3,0.44,1.0,10832,0
IWM190906P145,2019-08-30,2019-08-30 09:33:17,0.45,1.0227,557,0.42,0.9545,41,0.44,1.0,3,0.435,0.9886,10832,0
IWM190906P145,2019-08-30,2019-08-30 09:33:17,0.45,1.0227,567,0.42,0.9545,27,0.44,1.0,3,0.435,0.9886,10832,0
IWM190906P145,2019-08-30,2019-08-30 09:33:18,0.45,1.0227,329,0.42,0.9545,30,0.44,1.0,3,0.435,0.9886,10832,0
IWM190906P145,2019-08-30,2019-08-30 09:33:19,0.45,1.0227,386,0.42,0.9545,27,0.44,1.0,3,0.435,0.9886,10832,0
IWM190906P145,2019-08-30,2019-08-30 09:33:19,0.45,1.0227,386,0.42,0.9545,32,0.44,1.0,3,0.435,0.9886,10832,0
IWM190906P145,2019-08-30,2019-08-30 09:33:20,0.45,1.0227,391,0.43,0.9772,25,0.44,1.0,3,0.44,1.0,10832,0
IWM190906P145,2019-08-30,2019-08-30 09:33:21,0.45,1.0227,421,0.42,0.9545,27,0.44,1.0,3,0.435,0.9886,10832,0
IWM190906P145,2019-08-30,2019-08-30 09:33:22,0.45,1.0227,393,0.42,0.9545,27,0.44,1.0,3,0.435,0.9886,10832,0
IWM190906P145,2019-08-30,2019-08-30 09:33:22,0.45,1.0227,393,0.42,0.9545,43,0.44,1.0,3,0.435,0.9886,10832,0
IWM190906P145,2019-08-30,2019-08-30 09:33:23,0.45,1.0227,446,0.42,0.9545,27,0.44,1.0,3,0.435,0.9886,10832,0
IWM190906P145,2019-08-30,2019-08-30 09:33:23,0.45,1.0227,495,0.42,0.9545,27,0.44,1.0,3,0.435,0.9886,10832,0
IWM190906P145,2019-08-30,2019-08-30 09:33:24,0.45,1.0227,495,0.42,0.9545,27,0.44,1.0,3,0.435,0.9886,10832,0
IWM190906P145,2019-08-30,2019-08-30 09:33:24,0.45,1.0227,507,0.42,0.9545,120,0.44,1.0,3,0.435,0.9886,10832,0
IWM190906P145,2019-08-30,2019-08-30 09:33:25,0.45,1.0227,527,0.42,0.9545,231,0.44,1.0,3,0.435,0.9886,10832,0
IWM190906P145,2019-08-30,2019-08-30 09:33:25,0.45,1.0227,594,0.42,0.9545,141,0.44,1.0,3,0.435,0.9886,10832,0
IWM190906P145,2019-08-30,2019-08-30 09:33:26,0.45,1.0227,594,0.42,0.9545,141,0.44,1.0,3,0.435,0.9886,10832,0
IWM190906P145,2019-08-30,2019-08-30 09:33:26,0.45,1.0227,554,0.42,0.9545,187,0.44,1.0,3,0.435,0.9886,10832,0
IWM190906P145,2019-08-30,2019-08-30 09:33:27,0.45,1.0227,554,0.42,0.9545,187,0.44,1.0,3,0.435,0.9886,10832,0
IWM190906P145,2019-08-30,2019-08-30 09:33:28,0.45,1.0227,554,0.42,0.9545,187,0.44,1.0,3,0.435,0.9886,10832,0
IWM190906P145,2019-08-30,2019-08-30 09:33:29,0.45,1.0227,554,0.42,0.9545,187,0.44,1.0,3,0.435,0.9886,10832,0
IWM190906P145,2019-08-30,2019-08-30 09:33:30,0.45,1.0227,544,0.42,0.9545,187,0.44,1.0,3,0.435,0.9886,10832,0
IWM190906P145,2019-08-30,2019-08-30 09:33:31,0.45,1.0227,544,0.42,0.9545,187,0.44,1.0,3,0.435,0.9886,10832,0
IWM190906P145,2019-08-30,2019-08-30 09:33:31,0.45,1.0227,626,0.42,0.9545,105,0.44,1.0,3,0.435,0.9886,10832,0
IWM190906P145,2019-08-30,2019-08-30 09:33:32,0.45,1.0227,626,0.42,0.9545,51,0.44,1.0,3,0.435,0.9886,10832,0
IWM190906P145,2019-08-30,2019-08-30 09:33:33,0.45,1.0227,626,0.42,0.9545,51,0.44,1.0,3,0.435,0.9886,10832,0
IWM190906P145,2019-08-30,2019-08-30 09:33:34,0.45,1.0227,330,0.42,0.9545,17,0.44,1.0,3,0.435,0.9886,10832,0
IWM190906P145,2019-08-30,2019-08-30 09:33:34,0.45,1.0227,626,0.42,0.9545,51,0.44,1.0,3,0.435,0.9886,10832,0
IWM190906P145,2019-08-30,2019-08-30 09:33:35,0.45,1.0227,502,0.42,0.9545,17,0.44,1.0,3,0.435,0.9886,10832,0
IWM190906P145,2019-08-30,2019-08-30 09:33:36,0.45,1.0227,487,0.42,0.9545,20,0.44,1.0,3,0.435,0.9886,10832,0
IWM190906P145,2019-08-30,2019-08-30 09:33:37,0.45,1.0227,489,0.42,0.9545,158,0.44,1.0,3,0.435,0.9886,10832,0
IWM190906P145,2019-08-30,2019-08-30 09:33:37,0.45,1.0227,487,0.42,0.9545,20,0.44,1.0,3,0.435,0.9886,10832,0
IWM190906P145,2019-08-30,2019-08-30 09:33:38,0.45,1.0227,418,0.42,0.9545,235,0.44,1.0,3,0.435,0.9886,10832,0
IWM190906P145,2019-08-30,2019-08-30 09:33:39,0.45,1.0227,418,0.42,0.9545,247,0.44,1.0,3,0.435,0.9886,10832,0
IWM190906P145,2019-08-30,2019-08-30 09:33:39,0.45,1.0227,418,0.42,0.9545,215,0.44,1.0,3,0.435,0.9886,10832,0
IWM190906P145,2019-08-30,2019-08-30 09:33:40,0.45,1.0227,418,0.42,0.9545,215,0.44,1.0,3,0.435,0.9886,10832,0
IWM190906P145,2019-08-30,2019-08-30 09:33:41,0.45,1.0227,418,0.42,0.9545,215,0.44,1.0,3,0.435,0.9886,10832,0
IWM190906P145,2019-08-30,2019-08-30 09:33:42,0.45,1.0227,418,0.42,0.9545,215,0.44,1.0,3,0.435,0.9886,10832,0
IWM190906P145,2019-08-30,2019-08-30 09:33:43,0.45,1.0227,398,0.42,0.9545,261,0.44,1.0,3,0.435,0.9886,10832,0
IWM190906P145,2019-08-30,2019-08-30 09:33:43,0.45,1.0227,398,0.42,0.9545,285,0.44,1.0,3,0.435,0.9886,10832,0
IWM190906P145,2019-08-30,2019-08-30 09:33:44,0.45,1.0227,398,0.42,0.9545,234,0.44,1.0,3,0.435,0.9886,10832,0
IWM190906P145,2019-08-30,2019-08-30 09:33:44,0.45,1.0227,398,0.42,0.9545,285,0.44,1.0,3,0.435,0.9886,10832,0
IWM190906P145,2019-08-30,2019-08-30 09:33:45,0.45,1.0227,398,0.42,0.9545,234,0.44,1.0,3,0.435,0.9886,10832,0
IWM190906P145,2019-08-30,2019-08-30 09:33:46,0.45,1.0227,398,0.42,0.9545,234,0.44,1.0,3,0.435,0.9886,10832,0
IWM190906P145,2019-08-30,2019-08-30 09:33:47,0.45,1.0227,372,0.42,0.9545,48,0.44,1.0,3,0.435,0.9886,10832,0
IWM190906P145,2019-08-30,2019-08-30 09:33:48,0.45,1.0227,372,0.42,0.9545,46,0.44,1.0,3,0.435,0.9886,10832,0
IWM190906P145,2019-08-30,2019-08-30 09:33:49,0.45,1.0227,543,0.42,0.9545,26,0.44,1.0,3,0.435,0.9886,10832,0
IWM190906P145,2019-08-30,2019-08-30 09:33:49,0.45,1.0227,372,0.42,0.9545,46,0.44,1.0,3,0.435,0.9886,10832,0
IWM190906P145,2019-08-30,2019-08-30 09:33:50,0.45,1.0227,543,0.42,0.9545,26,0.44,1.0,3,0.435,0.9886,10832,0
IWM190906P145,2019-08-30,2019-08-30 09:33:51,0.45,1.0227,543,0.42,0.9545,26,0.44,1.0,3,0.435,0.9886,10832,0
IWM190906P145,2019-08-30,2019-08-30 09:33:52,0.45,1.0227,543,0.42,0.9545,26,0.44,1.0,3,0.435,0.9886,10832,0
IWM190906P145,2019-08-30,2019-08-30 09:33:53,0.45,1.0227,543,0.42,0.9545,26,0.44,1.0,3,0.435,0.9886,10832,0
IWM190906P145,2019-08-30,2019-08-30 09:33:54,0.45,1.0227,533,0.42,0.9545,10,0.44,1.0,3,0.435,0.9886,10832,0
IWM190906P145,2019-08-30,2019-08-30 09:33:55,0.45,1.0227,543,0.42,0.9545,10,0.44,1.0,3,0.435,0.9886,10832,0
IWM190906P145,2019-08-30,2019-08-30 09:33:56,0.45,1.0227,935,0.42,0.9545,10,0.44,1.0,3,0.435,0.9886,10832,0
IWM190906P145,2019-08-30,2019-08-30 09:33:56,0.45,1.0227,978,0.42,0.9545,10,0.44,1.0,3,0.435,0.9886,10832,0
IWM190906P145,2019-08-30,2019-08-30 09:33:57,0.45,1.0227,961,0.42,0.9545,10,0.44,1.0,3,0.435,0.9886,10832,0
IWM190906P145,2019-08-30,2019-08-30 09:33:57,0.45,1.0227,631,0.42,0.9545,10,0.44,1.0,3,0.435,0.9886,10832,0
IWM190906P145,2019-08-30,2019-08-30 09:33:58,0.45,1.0227,961,0.42,0.9545,10,0.44,1.0,3,0.435,0.9886,10832,0
IWM190906P145,2019-08-30,2019-08-30 09:33:59,0.45,1.0227,961,0.42,0.9545,10,0.44,1.0,3,0.435,0.9886,10832,0
IWM190906P145,2019-08-30,2019-08-30 09:34:00,0.45,1.0227,695,0.42,0.9545,10,0.44,1.0,3,0.435,0.9886,10832,0
IWM190906P145,2019-08-30,2019-08-30 09:34:01,0.45,1.0227,958,0.42,0.9545,10,0.44,1.0,3,0.435,0.9886,10832,0
IWM190906P145,2019-08-30,2019-08-30 09:34:02,0.45,1.0227,958,0.42,0.9545,10,0.44,1.0,3,0.435,0.9886,10832,0
IWM190906P145,2019-08-30,2019-08-30 09:34:02,0.45,1.0227,974,0.42,0.9545,10,0.42,0.9545,5,0.435,0.9886,10852,20
IWM190906P145,2019-08-30,2019-08-30 09:34:03,0.45,1.0227,1148,0.42,0.9545,10,0.42,0.9545,10,0.435,0.9886,10967,115
IWM190906P145,2019-08-30,2019-08-30 09:34:04,0.45,1.0227,1146,0.42,0.9545,10,0.42,0.9545,10,0.435,0.9886,10967,0
IWM190906P145,2019-08-30,2019-08-30 09:34:05,0.44,1.0,547,0.42,0.9545,10,0.42,0.9545,10,0.43,0.9772,11027,60
IWM190906P145,2019-08-30,2019-08-30 09:34:05,0.43,0.9772,150,0.42,0.9545,10,0.42,0.9545,10,0.425,0.9659,11027,0
IWM190906P145,2019-08-30,2019-08-30 09:34:06,0.43,0.9772,589,0.42,0.9545,10,0.42,0.9545,10,0.425,0.9659,11027,0
IWM190906P145,2019-08-30,2019-08-30 09:34:06,0.43,0.9772,427,0.42,0.9545,10,0.42,0.9545,10,0.425,0.9659,11027,0
IWM190906P145,2019-08-30,2019-08-30 09:34:07,0.43,0.9772,589,0.42,0.9545,10,0.42,0.9545,10,0.425,0.9659,11027,0
IWM190906P145,2019-08-30,2019-08-30 09:34:07,0.43,0.9772,534,0.42,0.9545,10,0.42,0.9545,10,0.425,0.9659,11027,0
IWM190906P145,2019-08-30,2019-08-30 09:34:08,0.43,0.9772,534,0.42,0.9545,10,0.42,0.9545,10,0.425,0.9659,11027,0
IWM190906P145,2019-08-30,2019-08-30 09:34:09,0.42,0.9545,150,0.41,0.9318,10,0.42,0.9545,10,0.415,0.9431,11027,0
IWM190906P145,2019-08-30,2019-08-30 09:34:09,0.43,0.9772,382,0.41,0.9318,10,0.42,0.9545,10,0.42,0.9545,11027,0
IWM190906P145,2019-08-30,2019-08-30 09:34:10,0.42,0.9545,150,0.41,0.9318,10,0.42,0.9545,10,0.415,0.9431,11027,0
IWM190906P145,2019-08-30,2019-08-30 09:34:11,0.42,0.9545,150,0.41,0.9318,10,0.42,0.9545,10,0.415,0.9431,11027,0
IWM190906P145,2019-08-30,2019-08-30 09:34:12,0.42,0.9545,150,0.41,0.9318,10,0.42,0.9545,10,0.415,0.9431,11027,0
IWM190906P145,2019-08-30,2019-08-30 09:34:13,0.42,0.9545,150,0.41,0.9318,10,0.42,0.9545,10,0.415,0.9431,11027,0
IWM190906P145,2019-08-30,2019-08-30 09:34:14,0.42,0.9545,150,0.41,0.9318,10,0.42,0.9545,10,0.415,0.9431,11027,0
IWM190906P145,2019-08-30,2019-08-30 09:34:15,0.42,0.9545,150,0.41,0.9318,10,0.42,0.9545,10,0.415,0.9431,11027,0
IWM190906P145,2019-08-30,2019-08-30 09:34:15,0.42,0.9545,163,0.41,0.9318,10,0.42,0.9545,10,0.415,0.9431,11027,0
IWM190906P145,2019-08-30,2019-08-30 09:34:16,0.42,0.9545,190,0.41,0.9318,10,0.42,0.9545,10,0.415,0.9431,11027,0
IWM190906P145,2019-08-30,2019-08-30 09:34:16,0.42,0.9545,332,0.41,0.9318,10,0.42,0.9545,10,0.415,0.9431,11027,0
IWM190906P145,2019-08-30,2019-08-30 09:34:17,0.42,0.9545,199,0.41,0.9318,10,0.42,0.9545,10,0.415,0.9431,11027,0
IWM190906P145,2019-08-30,2019-08-30 09:34:17,0.42,0.9545,209,0.41,0.9318,10,0.42,0.9545,10,0.415,0.9431,11027,0
IWM190906P145,2019-08-30,2019-08-30 09:34:18,0.42,0.9545,209,0.41,0.9318,10,0.42,0.9545,10,0.415,0.9431,11027,0
IWM190906P145,2019-08-30,2019-08-30 09:34:19,0.42,0.9545,199,0.41,0.9318,10,0.42,0.9545,10,0.415,0.9431,11027,0
IWM190906P145,2019-08-30,2019-08-30 09:34:19,0.42,0.9545,209,0.41,0.9318,10,0.42,0.9545,10,0.415,0.9431,11027,0
IWM190906P145,2019-08-30,2019-08-30 09:34:20,0.42,0.9545,168,0.41,0.9318,10,0.42,0.9545,10,0.415,0.9431,11027,0
IWM190906P145,2019-08-30,2019-08-30 09:34:20,0.42,0.9545,178,0.41,0.9318,10,0.42,0.9545,10,0.415,0.9431,11027,0
IWM190906P145,2019-08-30,2019-08-30 09:34:21,0.42,0.9545,178,0.41,0.9318,10,0.42,0.9545,10,0.415,0.9431,11027,0
IWM190906P145,2019-08-30,2019-08-30 09:34:22,0.42,0.9545,178,0.41,0.9318,10,0.42,0.9545,10,0.415,0.9431,11027,0
IWM190906P145,2019-08-30,2019-08-30 09:34:23,0.42,0.9545,178,0.41,0.9318,10,0.42,0.9545,10,0.415,0.9431,11027,0
IWM190906P145,2019-08-30,2019-08-30 09:34:23,0.42,0.9545,263,0.41,0.9318,10,0.42,0.9545,10,0.415,0.9431,11027,0
IWM190906P145,2019-08-30,2019-08-30 09:34:24,0.42,0.9545,263,0.41,0.9318,10,0.42,0.9545,10,0.415,0.9431,11027,0
IWM190906P145,2019-08-30,2019-08-30 09:34:24,0.42,0.9545,260,0.41,0.9318,10,0.42,0.9545,10,0.415,0.9431,11027,0
IWM190906P145,2019-08-30,2019-08-30 09:34:25,0.42,0.9545,193,0.41,0.9318,10,0.42,0.9545,10,0.415,0.9431,11027,0
IWM190906P145,2019-08-30,2019-08-30 09:34:25,0.42,0.9545,254,0.41,0.9318,10,0.42,0.9545,10,0.415,0.9431,11027,0
IWM190906P145,2019-08-30,2019-08-30 09:34:26,0.42,0.9545,193,0.41,0.9318,10,0.42,0.9545,10,0.415,0.9431,11027,0
IWM190906P145,2019-08-30,2019-08-30 09:34:27,0.42,0.9545,193,0.41,0.9318,10,0.42,0.9545,10,0.415,0.9431,11027,0
IWM190906P145,2019-08-30,2019-08-30 09:34:27,0.42,0.9545,150,0.41,0.9318,10,0.42,0.9545,10,0.415,0.9431,11027,0
IWM190906P145,2019-08-30,2019-08-30 09:34:28,0.42,0.9545,150,0.41,0.9318,10,0.42,0.9545,10,0.415,0.9431,11027,0
IWM190906P145,2019-08-30,2019-08-30 09:34:29,0.42,0.9545,150,0.41,0.9318,10,0.42,0.9545,10,0.415,0.9431,11027,0
IWM190906P145,2019-08-30,2019-08-30 09:34:30,0.42,0.9545,150,0.41,0.9318,10,0.42,0.9545,10,0.415,0.9431,11027,0
IWM190906P145,2019-08-30,2019-08-30 09:34:31,0.42,0.9545,203,0.41,0.9318,10,0.42,0.9545,10,0.415,0.9431,11027,0
IWM190906P145,2019-08-30,2019-08-30 09:34:31,0.42,0.9545,150,0.41,0.9318,10,0.42,0.9545,10,0.415,0.9431,11027,0
IWM190906P145,2019-08-30,2019-08-30 09:34:32,0.42,0.9545,180,0.41,0.9318,10,0.42,0.9545,10,0.415,0.9431,11027,0
IWM190906P145,2019-08-30,2019-08-30 09:34:32,0.42,0.9545,150,0.41,0.9318,10,0.42,0.9545,10,0.415,0.9431,11027,0
IWM190906P145,2019-08-30,2019-08-30 09:34:33,0.42,0.9545,201,0.41,0.9318,10,0.41,0.9318,5,0.415,0.9431,11032,5
IWM190906P145,2019-08-30,2019-08-30 09:34:33,0.42,0.9545,313,0.41,0.9318,10,0.41,0.9318,5,0.415,0.9431,11032,0
IWM190906P145,2019-08-30,2019-08-30 09:34:34,0.42,0.9545,313,0.41,0.9318,10,0.41,0.9318,5,0.415,0.9431,11047,15
IWM190906P145,2019-08-30,2019-08-30 09:34:34,0.42,0.9545,313,0.41,0.9318,10,0.41,0.9318,5,0.415,0.9431,11047,0
IWM190906P145,2019-08-30,2019-08-30 09:34:35,0.42,0.9545,372,0.41,0.9318,10,0.41,0.9318,5,0.415,0.9431,11047,0
IWM190906P145,2019-08-30,2019-08-30 09:34:35,0.42,0.9545,372,0.41,0.9318,5,0.41,0.9318,5,0.415,0.9431,11078,31
IWM190906P145,2019-08-30,2019-08-30 09:34:36,0.42,0.9545,432,0.41,0.9318,7,0.41,0.9318,3,0.415,0.9431,11100,22
IWM190906P145,2019-08-30,2019-08-30 09:34:36,0.42,0.9545,353,0.41,0.9318,7,0.41,0.9318,3,0.415,0.9431,11100,0
IWM190906P145,2019-08-30,2019-08-30 09:34:37,0.42,0.9545,555,0.41,0.9318,8,0.41,0.9318,1,0.415,0.9431,11208,3
IWM190906P145,2019-08-30,2019-08-30 09:34:37,0.42,0.9545,555,0.41,0.9318,10,0.41,0.9318,1,0.415,0.9431,11205,105
IWM190906P145,2019-08-30,2019-08-30 09:34:38,0.42,0.9545,600,0.41,0.9318,8,0.41,0.9318,5,0.415,0.9431,11223,15
IWM190906P145,2019-08-30,2019-08-30 09:34:38,0.42,0.9545,201,0.41,0.9318,8,0.41,0.9318,5,0.415,0.9431,11223,0
IWM190906P145,2019-08-30,2019-08-30 09:34:39,0.42,0.9545,176,0.41,0.9318,8,0.41,0.9318,5,0.415,0.9431,11223,0
IWM190906P145,2019-08-30,2019-08-30 09:34:40,0.42,0.9545,171,0.41,0.9318,8,0.41,0.9318,5,0.415,0.9431,11223,0
IWM190906P145,2019-08-30,2019-08-30 09:34:41,0.43,0.9772,148,0.41,0.9318,115,0.41,0.9318,5,0.42,0.9545,11223,0
IWM190906P145,2019-08-30,2019-08-30 09:34:41,0.43,0.9772,94,0.41,0.9318,168,0.41,0.9318,5,0.42,0.9545,11223,0
IWM190906P145,2019-08-30,2019-08-30 09:34:42,0.43,0.9772,94,0.41,0.9318,168,0.41,0.9318,5,0.42,0.9545,11223,0
IWM190906P145,2019-08-30,2019-08-30 09:34:43,0.43,0.9772,250,0.41,0.9318,168,0.41,0.9318,5,0.42,0.9545,11223,0
IWM190906P145,2019-08-30,2019-08-30 09:34:44,0.43,0.9772,187,0.41,0.9318,10,0.41,0.9318,5,0.42,0.9545,11223,0
IWM190906P145,2019-08-30,2019-08-30 09:34:44,0.43,0.9772,226,0.41,0.9318,10,0.41,0.9318,5,0.42,0.9545,11223,0
IWM190906P145,2019-08-30,2019-08-30 09:34:45,0.43,0.9772,208,0.41,0.9318,66,0.41,0.9318,5,0.42,0.9545,11223,0
IWM190906P145,2019-08-30,2019-08-30 09:34:45,0.43,0.9772,186,0.41,0.9318,206,0.41,0.9318,5,0.42,0.9545,11223,0
IWM190906P145,2019-08-30,2019-08-30 09:34:46,0.43,0.9772,161,0.41,0.9318,66,0.41,0.9318,5,0.42,0.9545,11223,0
IWM190906P145,2019-08-30,2019-08-30 09:34:46,0.43,0.9772,191,0.41,0.9318,44,0.41,0.9318,5,0.42,0.9545,11223,0
IWM190906P145,2019-08-30,2019-08-30 09:34:47,0.43,0.9772,221,0.41,0.9318,178,0.41,0.9318,5,0.42,0.9545,11223,0
IWM190906P145,2019-08-30,2019-08-30 09:34:47,0.43,0.9772,191,0.41,0.9318,178,0.41,0.9318,5,0.42,0.9545,11223,0
IWM190906P145,2019-08-30,2019-08-30 09:34:48,0.43,0.9772,210,0.41,0.9318,111,0.41,0.9318,5,0.42,0.9545,11223,0
IWM190906P145,2019-08-30,2019-08-30 09:34:48,0.43,0.9772,191,0.41,0.9318,168,0.41,0.9318,5,0.42,0.9545,11223,0
IWM190906P145,2019-08-30,2019-08-30 09:34:49,0.43,0.9772,210,0.41,0.9318,111,0.41,0.9318,5,0.42,0.9545,11223,0
IWM190906P145,2019-08-30,2019-08-30 09:34:49,0.43,0.9772,220,0.41,0.9318,111,0.41,0.9318,5,0.42,0.9545,11223,0
IWM190906P145,2019-08-30,2019-08-30 09:34:50,0.43,0.9772,220,0.41,0.9318,111,0.41,0.9318,5,0.42,0.9545,11223,0
IWM190906P145,2019-08-30,2019-08-30 09:34:51,0.42,0.9545,150,0.41,0.9318,10,0.42,0.9545,10,0.415,0.9431,11233,10
IWM190906P145,2019-08-30,2019-08-30 09:34:51,0.43,0.9772,220,0.41,0.9318,111,0.41,0.9318,5,0.42,0.9545,11223,0
IWM190906P145,2019-08-30,2019-08-30 09:34:52,0.42,0.9545,150,0.41,0.9318,10,0.42,0.9545,10,0.415,0.9431,11233,0
IWM190906P145,2019-08-30,2019-08-30 09:34:53,0.43,0.9772,233,0.41,0.9318,169,0.42,0.9545,10,0.42,0.9545,11233,0
IWM190906P145,2019-08-30,2019-08-30 09:34:53,0.42,0.9545,150,0.41,0.9318,10,0.42,0.9545,10,0.415,0.9431,11233,0
IWM190906P145,2019-08-30,2019-08-30 09:34:54,0.43,0.9772,409,0.41,0.9318,39,0.42,0.9545,10,0.42,0.9545,11233,0
IWM190906P145,2019-08-30,2019-08-30 09:34:54,0.43,0.9772,268,0.41,0.9318,30,0.42,0.9545,10,0.42,0.9545,11233,0
IWM190906P145,2019-08-30,2019-08-30 09:34:55,0.43,0.9772,388,0.41,0.9318,96,0.42,0.9545,10,0.42,0.9545,11233,0
IWM190906P145,2019-08-30,2019-08-30 09:34:55,0.43,0.9772,388,0.41,0.9318,30,0.42,0.9545,10,0.42,0.9545,11233,0
IWM190906P145,2019-08-30,2019-08-30 09:34:56,0.43,0.9772,388,0.41,0.9318,30,0.42,0.9545,10,0.42,0.9545,11233,0
IWM190906P145,2019-08-30,2019-08-30 09:34:56,0.43,0.9772,390,0.41,0.9318,127,0.42,0.9545,10,0.42,0.9545,11233,0
IWM190906P145,2019-08-30,2019-08-30 09:34:57,0.43,0.9772,390,0.41,0.9318,127,0.42,0.9545,10,0.42,0.9545,11233,0
IWM190906P145,2019-08-30,2019-08-30 09:34:58,0.43,0.9772,354,0.41,0.9318,30,0.42,0.9545,10,0.42,0.9545,11233,0
IWM190906P145,2019-08-30,2019-08-30 09:34:58,0.43,0.9772,365,0.41,0.9318,126,0.42,0.9545,10,0.42,0.9545,11233,0
IWM190906P145,2019-08-30,2019-08-30 09:34:59,0.43,0.9772,318,0.41,0.9318,180,0.42,0.9545,10,0.42,0.9545,11233,0
IWM190906P145,2019-08-30,2019-08-30 09:34:59,0.43,0.9772,365,0.41,0.9318,126,0.42,0.9545,10,0.42,0.9545,11233,0
IWM190906P145,2019-08-30,2019-08-30 09:35:00,0.43,0.9772,55,0.41,0.9318,252,0.42,0.9545,10,0.42,0.9545,11233,0
IWM190906P145,2019-08-30,2019-08-30 09:35:00,0.43,0.9772,318,0.41,0.9318,180,0.42,0.9545,10,0.42,0.9545,11233,0
IWM190906P145,2019-08-30,2019-08-30 09:35:01,0.43,0.9772,55,0.41,0.9318,257,0.42,0.9545,10,0.42,0.9545,11233,0
IWM190906P145,2019-08-30,2019-08-30 09:35:02,0.43,0.9772,129,0.41,0.9318,247,0.42,0.9545,10,0.42,0.9545,11233,0
IWM190906P145,2019-08-30,2019-08-30 09:35:02,0.43,0.9772,141,0.41,0.9318,240,0.42,0.9545,10,0.42,0.9545,11233,0
IWM190906P145,2019-08-30,2019-08-30 09:35:03,0.43,0.9772,222,0.41,0.9318,167,0.42,0.9545,10,0.42,0.9545,11233,0
IWM190906P145,2019-08-30,2019-08-30 09:35:03,0.43,0.9772,323,0.41,0.9318,33,0.42,0.9545,10,0.42,0.9545,11233,0
IWM190906P145,2019-08-30,2019-08-30 09:35:04,0.43,0.9772,444,0.41,0.9318,10,0.42,0.9545,10,0.42,0.9545,11233,0
IWM190906P145,2019-08-30,2019-08-30 09:35:04,0.43,0.9772,323,0.41,0.9318,15,0.42,0.9545,10,0.42,0.9545,11233,0
IWM190906P145,2019-08-30,2019-08-30 09:35:05,0.43,0.9772,461,0.41,0.9318,3,0.42,0.9545,3,0.42,0.9545,11289,56
IWM190906P145,2019-08-30,2019-08-30 09:35:05,0.43,0.9772,461,0.41,0.9318,10,0.42,0.9545,10,0.42,0.9545,11233,0
IWM190906P145,2019-08-30,2019-08-30 09:35:06,0.43,0.9772,581,0.42,0.9545,25,0.42,0.9545,25,0.425,0.9659,11341,0
IWM190906P145,2019-08-30,2019-08-30 09:35:06,0.43,0.9772,461,0.42,0.9545,25,0.42,0.9545,25,0.425,0.9659,11341,52
IWM190906P145,2019-08-30,2019-08-30 09:35:07,0.43,0.9772,678,0.42,0.9545,25,0.42,0.9545,25,0.425,0.9659,11341,0
IWM190906P145,2019-08-30,2019-08-30 09:35:08,0.43,0.9772,320,0.42,0.9545,25,0.42,0.9545,25,0.425,0.9659,11376,35
IWM190906P145,2019-08-30,2019-08-30 09:35:08,0.43,0.9772,320,0.42,0.9545,25,0.42,0.9545,25,0.425,0.9659,11376,0
IWM190906P145,2019-08-30,2019-08-30 09:35:09,0.43,0.9772,348,0.42,0.9545,25,0.42,0.9545,25,0.425,0.9659,11376,0
IWM190906P145,2019-08-30,2019-08-30 09:35:09,0.43,0.9772,324,0.42,0.9545,25,0.42,0.9545,25,0.425,0.9659,11376,0
IWM190906P145,2019-08-30,2019-08-30 09:35:10,0.43,0.9772,348,0.42,0.9545,25,0.42,0.9545,25,0.425,0.9659,11376,0
IWM190906P145,2019-08-30,2019-08-30 09:35:11,0.43,0.9772,705,0.42,0.9545,25,0.42,0.9545,1,0.425,0.9659,11397,0
IWM190906P145,2019-08-30,2019-08-30 09:35:11,0.43,0.9772,705,0.42,0.9545,25,0.42,0.9545,1,0.425,0.9659,11397,21
IWM190906P145,2019-08-30,2019-08-30 09:35:12,0.43,0.9772,562,0.42,0.9545,25,0.42,0.9545,1,0.425,0.9659,11397,0
IWM190906P145,2019-08-30,2019-08-30 09:35:12,0.43,0.9772,705,0.42,0.9545,25,0.42,0.9545,1,0.425,0.9659,11397,0
IWM190906P145,2019-08-30,2019-08-30 09:35:13,0.43,0.9772,562,0.42,0.9545,25,0.42,0.9545,300,0.425,0.9659,11697,0
IWM190906P145,2019-08-30,2019-08-30 09:35:13,0.43,0.9772,562,0.42,0.9545,25,0.42,0.9545,300,0.425,0.9659,11697,300
IWM190906P145,2019-08-30,2019-08-30 09:35:14,0.43,0.9772,562,0.42,0.9545,25,0.42,0.9545,300,0.425,0.9659,11697,0
IWM190906P145,2019-08-30,2019-08-30 09:35:15,0.43,0.9772,562,0.42,0.9545,25,0.42,0.9545,300,0.425,0.9659,11697,0
IWM190906P145,2019-08-30,2019-08-30 09:35:16,0.43,0.9772,562,0.42,0.9545,25,0.42,0.9545,300,0.425,0.9659,11697,0
IWM190906P145,2019-08-30,2019-08-30 09:35:17,0.43,0.9772,562,0.42,0.9545,25,0.42,0.9545,300,0.425,0.9659,11697,0
IWM190906P145,2019-08-30,2019-08-30 09:35:17,0.43,0.9772,694,0.42,0.9545,25,0.42,0.9545,300,0.425,0.9659,11697,0
IWM190906P145,2019-08-30,2019-08-30 09:35:18,0.43,0.9772,596,0.42,0.9545,25,0.42,0.9545,5,0.425,0.9659,11702,5
IWM190906P145,2019-08-30,2019-08-30 09:35:19,0.43,0.9772,596,0.42,0.9545,25,0.42,0.9545,5,0.425,0.9659,11702,0
IWM190906P145,2019-08-30,2019-08-30 09:35:20,0.43,0.9772,596,0.42,0.9545,25,0.42,0.9545,5,0.425,0.9659,11702,0
IWM190906P145,2019-08-30,2019-08-30 09:35:20,0.43,0.9772,625,0.42,0.9545,25,0.42,0.9545,5,0.425,0.9659,11702,0
IWM190906P145,2019-08-30,2019-08-30 09:35:21,0.43,0.9772,625,0.42,0.9545,25,0.42,0.9545,5,0.425,0.9659,11702,0
IWM190906P145,2019-08-30,2019-08-30 09:35:21,0.43,0.9772,557,0.42,0.9545,25,0.42,0.9545,6,0.425,0.9659,11738,36
IWM190906P145,2019-08-30,2019-08-30 09:35:22,0.43,0.9772,692,0.42,0.9545,25,0.42,0.9545,6,0.425,0.9659,11738,0
IWM190906P145,2019-08-30,2019-08-30 09:35:23,0.43,0.9772,692,0.42,0.9545,25,0.42,0.9545,6,0.425,0.9659,11738,0
IWM190906P145,2019-08-30,2019-08-30 09:35:23,0.43,0.9772,1269,0.42,0.9545,25,0.42,0.9545,3,0.425,0.9659,11785,47
IWM190906P145,2019-08-30,2019-08-30 09:35:24,0.43,0.9772,1074,0.42,0.9545,25,0.42,0.9545,3,0.425,0.9659,11785,0
IWM190906P145,2019-08-30,2019-08-30 09:35:24,0.43,0.9772,1031,0.42,0.9545,25,0.42,0.9545,3,0.425,0.9659,11785,0
IWM190906P145,2019-08-30,2019-08-30 09:35:25,0.43,0.9772,780,0.42,0.9545,25,0.42,0.9545,1,0.425,0.9659,11786,1
IWM190906P145,2019-08-30,2019-08-30 09:35:25,0.43,0.9772,1031,0.42,0.9545,25,0.42,0.9545,3,0.425,0.9659,11785,0
IWM190906P145,2019-08-30,2019-08-30 09:35:26,0.43,0.9772,1005,0.42,0.9545,25,0.42,0.9545,1,0.425,0.9659,11786,0
IWM190906P145,2019-08-30,2019-08-30 09:35:27,0.43,0.9772,1029,0.42,0.9545,5,0.42,0.9545,2,0.425,0.9659,11796,8
IWM190906P145,2019-08-30,2019-08-30 09:35:27,0.43,0.9772,1005,0.42,0.9545,25,0.42,0.9545,1,0.425,0.9659,11788,2
IWM190906P145,2019-08-30,2019-08-30 09:35:28,0.43,0.9772,1029,0.42,0.9545,4,0.42,0.9545,1,0.425,0.9659,11798,2
IWM190906P145,2019-08-30,2019-08-30 09:35:28,0.43,0.9772,1029,0.42,0.9545,4,0.42,0.9545,1,0.425,0.9659,11798,0
IWM190906P145,2019-08-30,2019-08-30 09:35:29,0.43,0.9772,1029,0.42,0.9545,4,0.42,0.9545,2,0.425,0.9659,11818,20
IWM190906P145,2019-08-30,2019-08-30 09:35:29,0.43,0.9772,1029,0.42,0.9545,4,0.42,0.9545,1,0.425,0.9659,11798,0
IWM190906P145,2019-08-30,2019-08-30 09:35:30,0.43,0.9772,1029,0.42,0.9545,4,0.42,0.9545,2,0.425,0.9659,11818,0
IWM190906P145,2019-08-30,2019-08-30 09:35:30,0.43,0.9772,1029,0.42,0.9545,6,0.42,0.9545,2,0.425,0.9659,11818,0
IWM190906P145,2019-08-30,2019-08-30 09:35:31,0.43,0.9772,1025,0.42,0.9545,6,0.42,0.9545,2,0.425,0.9659,11818,0
IWM190906P145,2019-08-30,2019-08-30 09:35:31,0.43,0.9772,1057,0.42,0.9545,6,0.42,0.9545,2,0.425,0.9659,11818,0
IWM190906P145,2019-08-30,2019-08-30 09:35:32,0.43,0.9772,1057,0.42,0.9545,6,0.42,0.9545,2,0.425,0.9659,11818,0
IWM190906P145,2019-08-30,2019-08-30 09:35:33,0.43,0.9772,1057,0.42,0.9545,6,0.42,0.9545,2,0.425,0.9659,11818,0
IWM190906P145,2019-08-30,2019-08-30 09:35:33,0.43,0.9772,1149,0.42,0.9545,6,0.42,0.9545,2,0.425,0.9659,11818,0
IWM190906P145,2019-08-30,2019-08-30 09:35:34,0.43,0.9772,1149,0.42,0.9545,6,0.42,0.9545,2,0.425,0.9659,11818,0
IWM190906P145,2019-08-30,2019-08-30 09:35:35,0.43,0.9772,1149,0.42,0.9545,10,0.42,0.9545,4,0.425,0.9659,11830,0
IWM190906P145,2019-08-30,2019-08-30 09:35:35,0.43,0.9772,1149,0.42,0.9545,10,0.42,0.9545,4,0.425,0.9659,11830,12
IWM190906P145,2019-08-30,2019-08-30 09:35:36,0.43,0.9772,1149,0.42,0.9545,10,0.42,0.9545,1,0.425,0.9659,11849,19
IWM190906P145,2019-08-30,2019-08-30 09:35:36,0.43,0.9772,1149,0.42,0.9545,10,0.42,0.9545,8,0.425,0.9659,11857,8
IWM190906P145,2019-08-30,2019-08-30 09:35:37,0.43,0.9772,1374,0.42,0.9545,10,0.42,0.9545,8,0.425,0.9659,11857,0
IWM190906P145,2019-08-30,2019-08-30 09:35:37,0.43,0.9772,1580,0.42,0.9545,10,0.42,0.9545,8,0.425,0.9659,11857,0
IWM190906P145,2019-08-30,2019-08-30 09:35:38,0.43,0.9772,1580,0.42,0.9545,10,0.42,0.9545,8,0.425,0.9659,11857,0
IWM190906P145,2019-08-30,2019-08-30 09:35:38,0.43,0.9772,1374,0.42,0.9545,10,0.42,0.9545,8,0.425,0.9659,11857,0
IWM190906P145,2019-08-30,2019-08-30 09:35:39,0.43,0.9772,1580,0.42,0.9545,10,0.42,0.9545,4,0.425,0.9659,11871,14
IWM190906P145,2019-08-30,2019-08-30 09:35:39,0.43,0.9772,1580,0.42,0.9545,10,0.42,0.9545,8,0.425,0.9659,11857,0
IWM190906P145,2019-08-30,2019-08-30 09:35:40,0.43,0.9772,1580,0.42,0.9545,10,0.42,0.9545,4,0.425,0.9659,11871,0
IWM190906P145,2019-08-30,2019-08-30 09:35:41,0.43,0.9772,1904,0.42,0.9545,10,0.42,0.9545,5,0.425,0.9659,11886,15
IWM190906P145,2019-08-30,2019-08-30 09:35:41,0.43,0.9772,1580,0.42,0.9545,10,0.42,0.9545,4,0.425,0.9659,11871,0
IWM190906P145,2019-08-30,2019-08-30 09:35:42,0.43,0.9772,1904,0.42,0.9545,10,0.42,0.9545,10,0.425,0.9659,12173,287
IWM190906P145,2019-08-30,2019-08-30 09:35:42,0.43,0.9772,1527,0.42,0.9545,10,0.42,0.9545,10,0.425,0.9659,12173,0
IWM190906P145,2019-08-30,2019-08-30 09:35:43,0.43,0.9772,1527,0.42,0.9545,10,0.42,0.9545,10,0.425,0.9659,12173,0
IWM190906P145,2019-08-30,2019-08-30 09:35:44,0.43,0.9772,1221,0.42,0.9545,10,0.42,0.9545,10,0.425,0.9659,12173,0
IWM190906P145,2019-08-30,2019-08-30 09:35:44,0.43,0.9772,1527,0.42,0.9545,10,0.42,0.9545,10,0.425,0.9659,12173,0
IWM190906P145,2019-08-30,2019-08-30 09:35:45,0.43,0.9772,1105,0.42,0.9545,10,0.42,0.9545,10,0.425,0.9659,12173,0
IWM190906P145,2019-08-30,2019-08-30 09:35:46,0.43,0.9772,1350,0.42,0.9545,10,0.42,0.9545,10,0.425,0.9659,12173,0
IWM190906P145,2019-08-30,2019-08-30 09:35:46,0.43,0.9772,1270,0.42,0.9545,10,0.42,0.9545,10,0.425,0.9659,12173,0
IWM190906P145,2019-08-30,2019-08-30 09:35:47,0.43,0.9772,1326,0.42,0.9545,10,0.42,0.9545,10,0.425,0.9659,12173,0
IWM190906P145,2019-08-30,2019-08-30 09:35:47,0.43,0.9772,1350,0.42,0.9545,10,0.42,0.9545,10,0.425,0.9659,12173,0
IWM190906P145,2019-08-30,2019-08-30 09:35:48,0.43,0.9772,1040,0.42,0.9545,10,0.42,0.9545,10,0.425,0.9659,12173,0
IWM190906P145,2019-08-30,2019-08-30 09:35:48,0.43,0.9772,1264,0.42,0.9545,10,0.42,0.9545,10,0.425,0.9659,12173,0
IWM190906P145,2019-08-30,2019-08-30 09:35:49,0.43,0.9772,1040,0.42,0.9545,10,0.42,0.9545,10,0.425,0.9659,12173,0
IWM190906P145,2019-08-30,2019-08-30 09:35:50,0.43,0.9772,1040,0.42,0.9545,10,0.42,0.9545,10,0.425,0.9659,12173,0
IWM190906P145,2019-08-30,2019-08-30 09:35:51,0.43,0.9772,1040,0.42,0.9545,10,0.42,0.9545,10,0.425,0.9659,12173,0
IWM190906P145,2019-08-30,2019-08-30 09:35:52,0.43,0.9772,1005,0.42,0.9545,10,0.42,0.9545,10,0.425,0.9659,12173,0
IWM190906P145,2019-08-30,2019-08-30 09:35:52,0.43,0.9772,1040,0.42,0.9545,10,0.42,0.9545,10,0.425,0.9659,12173,0
IWM190906P145,2019-08-30,2019-08-30 09:35:53,0.43,0.9772,1005,0.42,0.9545,10,0.42,0.9545,10,0.425,0.9659,12173,0
IWM190906P145,2019-08-30,2019-08-30 09:35:54,0.43,0.9772,1005,0.42,0.9545,10,0.42,0.9545,10,0.425,0.9659,12173,0
IWM190906P145,2019-08-30,2019-08-30 09:35:55,0.43,0.9772,1005,0.42,0.9545,10,0.42,0.9545,10,0.425,0.9659,12173,0
IWM190906P145,2019-08-30,2019-08-30 09:35:55,0.43,0.9772,1024,0.42,0.9545,10,0.42,0.9545,10,0.425,0.9659,12173,0
IWM190906P145,2019-08-30,2019-08-30 09:35:56,0.43,0.9772,1183,0.42,0.9545,2,0.42,0.9545,6,0.425,0.9659,12431,0
IWM190906P145,2019-08-30,2019-08-30 09:35:56,0.43,0.9772,1179,0.42,0.9545,2,0.42,0.9545,6,0.425,0.9659,12431,258
IWM190906P145,2019-08-30,2019-08-30 09:35:57,0.43,0.9772,1058,0.42,0.9545,2,0.42,0.9545,6,0.425,0.9659,12431,0
IWM190906P145,2019-08-30,2019-08-30 09:35:58,0.43,0.9772,1215,0.42,0.9545,2,0.42,0.9545,6,0.425,0.9659,12431,0
IWM190906P145,2019-08-30,2019-08-30 09:35:58,0.43,0.9772,1217,0.42,0.9545,2,0.42,0.9545,6,0.425,0.9659,12431,0
IWM190906P145,2019-08-30,2019-08-30 09:35:59,0.43,0.9772,1166,0.42,0.9545,2,0.42,0.9545,6,0.425,0.9659,12431,0
IWM190906P145,2019-08-30,2019-08-30 09:35:59,0.43,0.9772,1024,0.42,0.9545,2,0.42,0.9545,6,0.425,0.9659,12431,0
IWM190906P145,2019-08-30,2019-08-30 09:36:00,0.42,0.9545,299,0.39,0.8863,26,0.41,0.9318,29,0.405,0.9204,12470,29
IWM190906P145,2019-08-30,2019-08-30 09:36:00,0.43,0.9772,1024,0.39,0.8863,26,0.41,0.9318,5,0.41,0.9318,12441,10
IWM190906P145,2019-08-30,2019-08-30 09:36:01,0.42,0.9545,299,0.39,0.8863,26,0.41,0.9318,29,0.405,0.9204,12470,0
IWM190906P145,2019-08-30,2019-08-30 09:36:01,0.42,0.9545,299,0.41,0.9318,25,0.41,0.9318,29,0.415,0.9431,12470,0
IWM190906P145,2019-08-30,2019-08-30 09:36:02,0.42,0.9545,481,0.41,0.9318,25,0.41,0.9318,29,0.415,0.9431,12470,0
IWM190906P145,2019-08-30,2019-08-30 09:36:02,0.42,0.9545,409,0.41,0.9318,25,0.41,0.9318,29,0.415,0.9431,12470,0
IWM190906P145,2019-08-30,2019-08-30 09:36:03,0.42,0.9545,481,0.41,0.9318,25,0.41,0.9318,29,0.415,0.9431,12470,0
IWM190906P145,2019-08-30,2019-08-30 09:36:04,0.42,0.9545,170,0.41,0.9318,25,0.41,0.9318,29,0.415,0.9431,12470,0
IWM190906P145,2019-08-30,2019-08-30 09:36:04,0.42,0.9545,481,0.41,0.9318,25,0.41,0.9318,29,0.415,0.9431,12470,0
IWM190906P145,2019-08-30,2019-08-30 09:36:05,0.42,0.9545,170,0.41,0.9318,25,0.41,0.9318,29,0.415,0.9431,12470,0
IWM190906P145,2019-08-30,2019-08-30 09:36:05,0.42,0.9545,329,0.41,0.9318,25,0.41,0.9318,29,0.415,0.9431,12470,0
IWM190906P145,2019-08-30,2019-08-30 09:36:06,0.42,0.9545,301,0.41,0.9318,25,0.41,0.9318,29,0.415,0.9431,12470,0
IWM190906P145,2019-08-30,2019-08-30 09:36:07,0.42,0.9545,291,0.41,0.9318,25,0.41,0.9318,29,0.415,0.9431,12470,0
IWM190906P145,2019-08-30,2019-08-30 09:36:08,0.42,0.9545,195,0.41,0.9318,25,0.41,0.9318,29,0.415,0.9431,12470,0
IWM190906P145,2019-08-30,2019-08-30 09:36:08,0.42,0.9545,275,0.41,0.9318,25,0.41,0.9318,29,0.415,0.9431,12470,0
IWM190906P145,2019-08-30,2019-08-30 09:36:09,0.42,0.9545,275,0.41,0.9318,25,0.41,0.9318,29,0.415,0.9431,12470,0
IWM190906P145,2019-08-30,2019-08-30 09:36:10,0.42,0.9545,275,0.41,0.9318,25,0.41,0.9318,29,0.415,0.9431,12470,0
IWM190906P145,2019-08-30,2019-08-30 09:36:11,0.42,0.9545,199,0.41,0.9318,25,0.41,0.9318,29,0.415,0.9431,12470,0
IWM190906P145,2019-08-30,2019-08-30 09:36:11,0.42,0.9545,229,0.41,0.9318,25,0.41,0.9318,29,0.415,0.9431,12470,0
IWM190906P145,2019-08-30,2019-08-30 09:36:12,0.42,0.9545,229,0.41,0.9318,25,0.41,0.9318,29,0.415,0.9431,12470,0
IWM190906P145,2019-08-30,2019-08-30 09:36:13,0.42,0.9545,204,0.41,0.9318,25,0.41,0.9318,29,0.415,0.9431,12470,0
IWM190906P145,2019-08-30,2019-08-30 09:36:13,0.42,0.9545,240,0.41,0.9318,25,0.41,0.9318,29,0.415,0.9431,12470,0
IWM190906P145,2019-08-30,2019-08-30 09:36:14,0.42,0.9545,240,0.41,0.9318,25,0.41,0.9318,29,0.415,0.9431,12470,0
IWM190906P145,2019-08-30,2019-08-30 09:36:15,0.42,0.9545,285,0.41,0.9318,25,0.41,0.9318,29,0.415,0.9431,12470,0
IWM190906P145,2019-08-30,2019-08-30 09:36:15,0.42,0.9545,240,0.41,0.9318,25,0.41,0.9318,29,0.415,0.9431,12470,0
IWM190906P145,2019-08-30,2019-08-30 09:36:16,0.42,0.9545,338,0.41,0.9318,25,0.41,0.9318,29,0.415,0.9431,12470,0
IWM190906P145,2019-08-30,2019-08-30 09:36:17,0.42,0.9545,338,0.41,0.9318,25,0.41,0.9318,29,0.415,0.9431,12470,0
IWM190906P145,2019-08-30,2019-08-30 09:36:18,0.42,0.9545,338,0.41,0.9318,25,0.41,0.9318,29,0.415,0.9431,12470,0
IWM190906P145,2019-08-30,2019-08-30 09:36:19,0.42,0.9545,337,0.41,0.9318,25,0.41,0.9318,29,0.415,0.9431,12470,0
IWM190906P145,2019-08-30,2019-08-30 09:36:20,0.42,0.9545,337,0.41,0.9318,25,0.41,0.9318,29,0.415,0.9431,12470,0
IWM190906P145,2019-08-30,2019-08-30 09:36:21,0.42,0.9545,247,0.41,0.9318,25,0.41,0.9318,29,0.415,0.9431,12470,0
IWM190906P145,2019-08-30,2019-08-30 09:36:21,0.42,0.9545,212,0.41,0.9318,25,0.41,0.9318,29,0.415,0.9431,12470,0
IWM190906P145,2019-08-30,2019-08-30 09:36:22,0.42,0.9545,247,0.41,0.9318,25,0.41,0.9318,29,0.415,0.9431,12470,0
IWM190906P145,2019-08-30,2019-08-30 09:36:23,0.42,0.9545,189,0.41,0.9318,25,0.41,0.9318,29,0.415,0.9431,12470,0
IWM190906P145,2019-08-30,2019-08-30 09:36:23,0.42,0.9545,247,0.41,0.9318,25,0.41,0.9318,29,0.415,0.9431,12470,0
IWM190906P145,2019-08-30,2019-08-30 09:36:24,0.42,0.9545,362,0.41,0.9318,25,0.41,0.9318,29,0.415,0.9431,12470,0
IWM190906P145,2019-08-30,2019-08-30 09:36:25,0.42,0.9545,297,0.41,0.9318,25,0.41,0.9318,29,0.415,0.9431,12470,0
IWM190906P145,2019-08-30,2019-08-30 09:36:26,0.42,0.9545,196,0.41,0.9318,25,0.41,0.9318,29,0.415,0.9431,12470,0
IWM190906P145,2019-08-30,2019-08-30 09:36:26,0.42,0.9545,297,0.41,0.9318,25,0.41,0.9318,29,0.415,0.9431,12470,0
IWM190906P145,2019-08-30,2019-08-30 09:36:27,0.42,0.9545,218,0.41,0.9318,25,0.41,0.9318,29,0.415,0.9431,12470,0
IWM190906P145,2019-08-30,2019-08-30 09:36:27,0.42,0.9545,301,0.41,0.9318,25,0.41,0.9318,29,0.415,0.9431,12470,0
IWM190906P145,2019-08-30,2019-08-30 09:36:28,0.42,0.9545,375,0.41,0.9318,25,0.41,0.9318,29,0.415,0.9431,12470,0
IWM190906P145,2019-08-30,2019-08-30 09:36:29,0.42,0.9545,375,0.41,0.9318,25,0.41,0.9318,29,0.415,0.9431,12470,0
IWM190906P145,2019-08-30,2019-08-30 09:36:30,0.42,0.9545,244,0.41,0.9318,25,0.41,0.9318,29,0.415,0.9431,12470,0
IWM190906P145,2019-08-30,2019-08-30 09:36:31,0.42,0.9545,373,0.41,0.9318,25,0.41,0.9318,29,0.415,0.9431,12470,0
IWM190906P145,2019-08-30,2019-08-30 09:36:32,0.42,0.9545,373,0.41,0.9318,25,0.41,0.9318,29,0.415,0.9431,12470,0
IWM190906P145,2019-08-30,2019-08-30 09:36:33,0.42,0.9545,373,0.41,0.9318,25,0.41,0.9318,29,0.415,0.9431,12470,0
IWM190906P145,2019-08-30,2019-08-30 09:36:34,0.42,0.9545,373,0.41,0.9318,25,0.41,0.9318,29,0.415,0.9431,12470,0
IWM190906P145,2019-08-30,2019-08-30 09:36:35,0.42,0.9545,387,0.41,0.9318,25,0.41,0.9318,29,0.415,0.9431,12470,0
IWM190906P145,2019-08-30,2019-08-30 09:36:36,0.42,0.9545,204,0.41,0.9318,25,0.41,0.9318,29,0.415,0.9431,12470,0
IWM190906P145,2019-08-30,2019-08-30 09:36:36,0.42,0.9545,387,0.41,0.9318,25,0.41,0.9318,29,0.415,0.9431,12470,0
IWM190906P145,2019-08-30,2019-08-30 09:36:37,0.42,0.9545,193,0.41,0.9318,25,0.41,0.9318,29,0.415,0.9431,12470,0
IWM190906P145,2019-08-30,2019-08-30 09:36:37,0.42,0.9545,121,0.41,0.9318,25,0.41,0.9318,29,0.415,0.9431,12470,0
IWM190906P145,2019-08-30,2019-08-30 09:36:38,0.42,0.9545,193,0.41,0.9318,25,0.41,0.9318,29,0.415,0.9431,12470,0
IWM190906P145,2019-08-30,2019-08-30 09:36:39,0.42,0.9545,193,0.41,0.9318,25,0.41,0.9318,29,0.415,0.9431,12470,0
IWM190906P145,2019-08-30,2019-08-30 09:36:39,0.42,0.9545,193,0.41,0.9318,114,0.41,0.9318,29,0.415,0.9431,12470,0
IWM190906P145,2019-08-30,2019-08-30 09:36:40,0.42,0.9545,294,0.41,0.9318,88,0.41,0.9318,29,0.415,0.9431,12470,0
IWM190906P145,2019-08-30,2019-08-30 09:36:40,0.42,0.9545,193,0.41,0.9318,25,0.41,0.9318,29,0.415,0.9431,12470,0
IWM190906P145,2019-08-30,2019-08-30 09:36:41,0.42,0.9545,41,0.41,0.9318,61,0.41,0.9318,29,0.415,0.9431,12470,0
IWM190906P145,2019-08-30,2019-08-30 09:36:41,0.42,0.9545,20,0.41,0.9318,61,0.41,0.9318,29,0.415,0.9431,12470,0
IWM190906P145,2019-08-30,2019-08-30 09:36:42,0.43,0.9772,250,0.41,0.9318,348,0.41,0.9318,29,0.42,0.9545,12470,0
IWM190906P145,2019-08-30,2019-08-30 09:36:42,0.43,0.9772,200,0.41,0.9318,61,0.41,0.9318,29,0.42,0.9545,12470,0
IWM190906P145,2019-08-30,2019-08-30 09:36:43,0.43,0.9772,168,0.41,0.9318,123,0.41,0.9318,29,0.42,0.9545,12470,0
IWM190906P145,2019-08-30,2019-08-30 09:36:43,0.43,0.9772,321,0.41,0.9318,346,0.41,0.9318,29,0.42,0.9545,12470,0
IWM190906P145,2019-08-30,2019-08-30 09:36:44,0.43,0.9772,64,0.42,0.9545,30,0.41,0.9318,29,0.425,0.9659,12470,0
IWM190906P145,2019-08-30,2019-08-30 09:36:44,0.43,0.9772,25,0.41,0.9318,83,0.41,0.9318,29,0.42,0.9545,12470,0
IWM190906P145,2019-08-30,2019-08-30 09:36:45,0.43,0.9772,20,0.42,0.9545,151,0.41,0.9318,29,0.425,0.9659,12470,0
IWM190906P145,2019-08-30,2019-08-30 09:36:46,0.43,0.9772,20,0.42,0.9545,87,0.41,0.9318,29,0.425,0.9659,12470,0
IWM190906P145,2019-08-30,2019-08-30 09:36:46,0.43,0.9772,20,0.42,0.9545,30,0.41,0.9318,29,0.425,0.9659,12470,0
IWM190906P145,2019-08-30,2019-08-30 09:36:47,0.44,1.0,250,0.41,0.9318,375,0.41,0.9318,29,0.425,0.9659,12470,0
IWM190906P145,2019-08-30,2019-08-30 09:36:47,0.44,1.0,249,0.42,0.9545,152,0.41,0.9318,29,0.43,0.9772,12470,0
IWM190906P145,2019-08-30,2019-08-30 09:36:48,0.44,1.0,311,0.42,0.9545,221,0.41,0.9318,29,0.43,0.9772,12470,0
IWM190906P145,2019-08-30,2019-08-30 09:36:48,0.44,1.0,244,0.42,0.9545,20,0.41,0.9318,29,0.43,0.9772,12470,0
IWM190906P145,2019-08-30,2019-08-30 09:36:49,0.44,1.0,306,0.42,0.9545,206,0.41,0.9318,29,0.43,0.9772,12470,0
IWM190906P145,2019-08-30,2019-08-30 09:36:49,0.44,1.0,358,0.42,0.9545,149,0.41,0.9318,29,0.43,0.9772,12470,0
IWM190906P145,2019-08-30,2019-08-30 09:36:50,0.44,1.0,402,0.42,0.9545,20,0.41,0.9318,29,0.43,0.9772,12470,0
IWM190906P145,2019-08-30,2019-08-30 09:36:50,0.44,1.0,306,0.42,0.9545,206,0.41,0.9318,29,0.43,0.9772,12470,0
IWM190906P145,2019-08-30,2019-08-30 09:36:51,0.44,1.0,415,0.43,0.9772,10,0.41,0.9318,29,0.435,0.9886,12470,0
IWM190906P145,2019-08-30,2019-08-30 09:36:51,0.44,1.0,183,0.42,0.9545,30,0.41,0.9318,29,0.43,0.9772,12470,0
IWM190906P145,2019-08-30,2019-08-30 09:36:52,0.44,1.0,43,0.43,0.9772,20,0.41,0.9318,29,0.435,0.9886,12470,0
IWM190906P145,2019-08-30,2019-08-30 09:36:53,0.44,1.0,64,0.43,0.9772,20,0.41,0.9318,29,0.435,0.9886,12470,0
IWM190906P145,2019-08-30,2019-08-30 09:36:54,0.45,1.0227,249,0.43,0.9772,20,0.41,0.9318,29,0.44,1.0,12470,0
IWM190906P145,2019-08-30,2019-08-30 09:36:54,0.44,1.0,137,0.43,0.9772,20,0.41,0.9318,29,0.435,0.9886,12470,0
IWM190906P145,2019-08-30,2019-08-30 09:36:55,0.44,1.0,153,0.43,0.9772,20,0.41,0.9318,29,0.435,0.9886,12470,0
IWM190906P145,2019-08-30,2019-08-30 09:36:56,0.44,1.0,153,0.43,0.9772,10,0.41,0.9318,29,0.435,0.9886,12470,0
IWM190906P145,2019-08-30,2019-08-30 09:36:57,0.45,1.0227,339,0.43,0.9772,30,0.41,0.9318,29,0.44,1.0,12470,0
IWM190906P145,2019-08-30,2019-08-30 09:36:58,0.45,1.0227,472,0.43,0.9772,30,0.41,0.9318,29,0.44,1.0,12470,0
IWM190906P145,2019-08-30,2019-08-30 09:36:59,0.45,1.0227,472,0.43,0.9772,30,0.41,0.9318,29,0.44,1.0,12470,0
IWM190906P145,2019-08-30,2019-08-30 09:37:00,0.45,1.0227,484,0.43,0.9772,30,0.41,0.9318,29,0.44,1.0,12470,0
IWM190906P145,2019-08-30,2019-08-30 09:37:00,0.45,1.0227,383,0.43,0.9772,30,0.41,0.9318,29,0.44,1.0,12470,0
IWM190906P145,2019-08-30,2019-08-30 09:37:01,0.45,1.0227,383,0.43,0.9772,50,0.41,0.9318,29,0.44,1.0,12470,0
IWM190906P145,2019-08-30,2019-08-30 09:37:01,0.45,1.0227,383,0.43,0.9772,60,0.41,0.9318,29,0.44,1.0,12470,0
IWM190906P145,2019-08-30,2019-08-30 09:37:02,0.45,1.0227,197,0.43,0.9772,60,0.41,0.9318,29,0.44,1.0,12470,0
IWM190906P145,2019-08-30,2019-08-30 09:37:03,0.45,1.0227,400,0.44,1.0,20,0.41,0.9318,29,0.445,1.0113,12470,0
IWM190906P145,2019-08-30,2019-08-30 09:37:03,0.45,1.0227,369,0.44,1.0,5,0.41,0.9318,29,0.445,1.0113,12470,0
IWM190906P145,2019-08-30,2019-08-30 09:37:04,0.45,1.0227,353,0.44,1.0,10,0.41,0.9318,29,0.445,1.0113,12470,0
IWM190906P145,2019-08-30,2019-08-30 09:37:04,0.45,1.0227,400,0.44,1.0,20,0.41,0.9318,29,0.445,1.0113,12470,0
IWM190906P145,2019-08-30,2019-08-30 09:37:05,0.45,1.0227,439,0.44,1.0,10,0.41,0.9318,29,0.445,1.0113,12470,0
IWM190906P145,2019-08-30,2019-08-30 09:37:05,0.45,1.0227,397,0.44,1.0,10,0.41,0.9318,29,0.445,1.0113,12470,0
IWM190906P145,2019-08-30,2019-08-30 09:37:06,0.45,1.0227,401,0.44,1.0,10,0.41,0.9318,29,0.445,1.0113,12470,0
IWM190906P145,2019-08-30,2019-08-30 09:37:06,0.45,1.0227,442,0.44,1.0,10,0.41,0.9318,29,0.445,1.0113,12470,0
IWM190906P145,2019-08-30,2019-08-30 09:37:07,0.45,1.0227,442,0.44,1.0,10,0.41,0.9318,29,0.445,1.0113,12470,0
IWM190906P145,2019-08-30,2019-08-30 09:37:08,0.45,1.0227,452,0.44,1.0,10,0.41,0.9318,29,0.445,1.0113,12470,0
IWM190906P145,2019-08-30,2019-08-30 09:37:09,0.45,1.0227,452,0.44,1.0,10,0.41,0.9318,29,0.445,1.0113,12470,0
IWM190906P145,2019-08-30,2019-08-30 09:37:10,0.45,1.0227,452,0.44,1.0,10,0.41,0.9318,29,0.445,1.0113,12470,0
IWM190906P145,2019-08-30,2019-08-30 09:37:11,0.45,1.0227,452,0.44,1.0,10,0.41,0.9318,29,0.445,1.0113,12470,0
IWM190906P145,2019-08-30,2019-08-30 09:37:12,0.45,1.0227,452,0.44,1.0,10,0.41,0.9318,29,0.445,1.0113,12470,0
IWM190906P145,2019-08-30,2019-08-30 09:37:13,0.45,1.0227,452,0.44,1.0,10,0.41,0.9318,29,0.445,1.0113,12470,0
IWM190906P145,2019-08-30,2019-08-30 09:37:14,0.45,1.0227,620,0.44,1.0,10,0.41,0.9318,29,0.445,1.0113,12470,0
IWM190906P145,2019-08-30,2019-08-30 09:37:14,0.45,1.0227,692,0.44,1.0,10,0.41,0.9318,29,0.445,1.0113,12470,0
IWM190906P145,2019-08-30,2019-08-30 09:37:15,0.45,1.0227,259,0.44,1.0,10,0.41,0.9318,29,0.445,1.0113,12470,0
IWM190906P145,2019-08-30,2019-08-30 09:37:16,0.45,1.0227,186,0.44,1.0,10,0.41,0.9318,29,0.445,1.0113,12470,0
IWM190906P145,2019-08-30,2019-08-30 09:37:16,0.45,1.0227,417,0.44,1.0,10,0.41,0.9318,29,0.445,1.0113,12470,0
IWM190906P145,2019-08-30,2019-08-30 09:37:17,0.45,1.0227,399,0.44,1.0,20,0.41,0.9318,29,0.445,1.0113,12470,0
IWM190906P145,2019-08-30,2019-08-30 09:37:17,0.45,1.0227,417,0.44,1.0,20,0.41,0.9318,29,0.445,1.0113,12470,0
IWM190906P145,2019-08-30,2019-08-30 09:37:18,0.45,1.0227,428,0.44,1.0,20,0.41,0.9318,29,0.445,1.0113,12470,0
IWM190906P145,2019-08-30,2019-08-30 09:37:18,0.45,1.0227,399,0.44,1.0,20,0.41,0.9318,29,0.445,1.0113,12470,0
IWM190906P145,2019-08-30,2019-08-30 09:37:19,0.45,1.0227,394,0.44,1.0,20,0.41,0.9318,29,0.445,1.0113,12470,0
IWM190906P145,2019-08-30,2019-08-30 09:37:19,0.45,1.0227,428,0.44,1.0,20,0.41,0.9318,29,0.445,1.0113,12470,0
IWM190906P145,2019-08-30,2019-08-30 09:37:20,0.45,1.0227,394,0.44,1.0,20,0.41,0.9318,29,0.445,1.0113,12470,0
IWM190906P145,2019-08-30,2019-08-30 09:37:21,0.45,1.0227,394,0.44,1.0,20,0.41,0.9318,29,0.445,1.0113,12470,0
IWM190906P145,2019-08-30,2019-08-30 09:37:22,0.45,1.0227,394,0.44,1.0,20,0.41,0.9318,29,0.445,1.0113,12470,0
IWM190906P145,2019-08-30,2019-08-30 09:37:23,0.45,1.0227,418,0.44,1.0,20,0.41,0.9318,29,0.445,1.0113,12470,0
IWM190906P145,2019-08-30,2019-08-30 09:37:23,0.45,1.0227,569,0.44,1.0,20,0.41,0.9318,29,0.445,1.0113,12470,0
IWM190906P145,2019-08-30,2019-08-30 09:37:24,0.45,1.0227,569,0.44,1.0,20,0.41,0.9318,29,0.445,1.0113,12470,0
IWM190906P145,2019-08-30,2019-08-30 09:37:24,0.45,1.0227,641,0.44,1.0,20,0.41,0.9318,29,0.445,1.0113,12470,0
IWM190906P145,2019-08-30,2019-08-30 09:37:25,0.45,1.0227,641,0.44,1.0,20,0.41,0.9318,29,0.445,1.0113,12470,0
IWM190906P145,2019-08-30,2019-08-30 09:37:26,0.45,1.0227,641,0.44,1.0,20,0.41,0.9318,29,0.445,1.0113,12470,0
IWM190906P145,2019-08-30,2019-08-30 09:37:27,0.45,1.0227,641,0.44,1.0,20,0.41,0.9318,29,0.445,1.0113,12470,0
IWM190906P145,2019-08-30,2019-08-30 09:37:28,0.45,1.0227,641,0.44,1.0,20,0.41,0.9318,29,0.445,1.0113,12470,0
IWM190906P145,2019-08-30,2019-08-30 09:37:28,0.45,1.0227,814,0.44,1.0,9,0.44,1.0,1,0.445,1.0113,12533,63
IWM190906P145,2019-08-30,2019-08-30 09:37:29,0.45,1.0227,814,0.44,1.0,9,0.44,1.0,1,0.445,1.0113,12533,0
IWM190906P145,2019-08-30,2019-08-30 09:37:29,0.45,1.0227,845,0.44,1.0,7,0.44,1.0,5,0.445,1.0113,12574,41
IWM190906P145,2019-08-30,2019-08-30 09:37:30,0.45,1.0227,845,0.44,1.0,7,0.44,1.0,5,0.445,1.0113,12574,0
IWM190906P145,2019-08-30,2019-08-30 09:37:31,0.45,1.0227,845,0.44,1.0,7,0.44,1.0,5,0.445,1.0113,12574,0
IWM190906P145,2019-08-30,2019-08-30 09:37:32,0.45,1.0227,845,0.44,1.0,7,0.44,1.0,5,0.445,1.0113,12574,0
IWM190906P145,2019-08-30,2019-08-30 09:37:33,0.45,1.0227,858,0.44,1.0,7,0.44,1.0,4,0.445,1.0113,12578,4
IWM190906P145,2019-08-30,2019-08-30 09:37:33,0.45,1.0227,858,0.44,1.0,7,0.44,1.0,4,0.445,1.0113,12578,0
IWM190906P145,2019-08-30,2019-08-30 09:37:34,0.45,1.0227,858,0.44,1.0,10,0.44,1.0,1,0.445,1.0113,12747,169
IWM190906P145,2019-08-30,2019-08-30 09:37:34,0.45,1.0227,858,0.44,1.0,7,0.44,1.0,4,0.445,1.0113,12578,0
IWM190906P145,2019-08-30,2019-08-30 09:37:35,0.44,1.0,749,0.43,0.9772,10,0.43,0.9772,5,0.435,0.9886,12787,0
IWM190906P145,2019-08-30,2019-08-30 09:37:35,0.44,1.0,262,0.43,0.9772,10,0.43,0.9772,5,0.435,0.9886,12787,40
IWM190906P145,2019-08-30,2019-08-30 09:37:36,0.44,1.0,681,0.43,0.9772,10,0.43,0.9772,5,0.435,0.9886,12787,0
IWM190906P145,2019-08-30,2019-08-30 09:37:37,0.44,1.0,657,0.43,0.9772,10,0.43,0.9772,5,0.435,0.9886,12787,0
IWM190906P145,2019-08-30,2019-08-30 09:37:37,0.44,1.0,681,0.43,0.9772,10,0.43,0.9772,5,0.435,0.9886,12787,0
IWM190906P145,2019-08-30,2019-08-30 09:37:38,0.44,1.0,671,0.43,0.9772,10,0.43,0.9772,5,0.435,0.9886,12787,0
IWM190906P145,2019-08-30,2019-08-30 09:37:38,0.44,1.0,647,0.43,0.9772,10,0.43,0.9772,5,0.435,0.9886,12787,0
IWM190906P145,2019-08-30,2019-08-30 09:37:39,0.44,1.0,671,0.43,0.9772,10,0.43,0.9772,5,0.435,0.9886,12787,0
IWM190906P145,2019-08-30,2019-08-30 09:37:40,0.44,1.0,551,0.43,0.9772,10,0.43,0.9772,5,0.435,0.9886,12787,0
IWM190906P145,2019-08-30,2019-08-30 09:37:40,0.44,1.0,643,0.43,0.9772,10,0.43,0.9772,5,0.435,0.9886,12787,0
IWM190906P145,2019-08-30,2019-08-30 09:37:41,0.44,1.0,527,0.43,0.9772,10,0.43,0.9772,5,0.435,0.9886,12787,0
IWM190906P145,2019-08-30,2019-08-30 09:37:42,0.44,1.0,437,0.43,0.9772,10,0.43,0.9772,5,0.435,0.9886,12787,0
IWM190906P145,2019-08-30,2019-08-30 09:37:42,0.44,1.0,447,0.43,0.9772,10,0.43,0.9772,5,0.435,0.9886,12787,0
IWM190906P145,2019-08-30,2019-08-30 09:37:43,0.44,1.0,429,0.43,0.9772,10,0.43,0.9772,5,0.435,0.9886,12787,0
IWM190906P145,2019-08-30,2019-08-30 09:37:44,0.44,1.0,429,0.43,0.9772,10,0.43,0.9772,5,0.435,0.9886,12787,0
IWM190906P145,2019-08-30,2019-08-30 09:37:45,0.44,1.0,429,0.43,0.9772,10,0.44,1.0,1,0.435,0.9886,12788,1
IWM190906P145,2019-08-30,2019-08-30 09:37:45,0.44,1.0,429,0.43,0.9772,10,0.43,0.9772,5,0.435,0.9886,12787,0
IWM190906P145,2019-08-30,2019-08-30 09:37:46,0.44,1.0,643,0.43,0.9772,10,0.44,1.0,1,0.435,0.9886,12788,0
IWM190906P145,2019-08-30,2019-08-30 09:37:46,0.44,1.0,489,0.43,0.9772,10,0.44,1.0,1,0.435,0.9886,12788,0
IWM190906P145,2019-08-30,2019-08-30 09:37:47,0.44,1.0,716,0.43,0.9772,10,0.44,1.0,1,0.435,0.9886,12788,0
IWM190906P145,2019-08-30,2019-08-30 09:37:47,0.44,1.0,477,0.43,0.9772,10,0.44,1.0,1,0.435,0.9886,12788,0
IWM190906P145,2019-08-30,2019-08-30 09:37:48,0.44,1.0,688,0.43,0.9772,10,0.44,1.0,1,0.435,0.9886,12788,0
IWM190906P145,2019-08-30,2019-08-30 09:37:48,0.44,1.0,696,0.43,0.9772,10,0.44,1.0,1,0.435,0.9886,12788,0
IWM190906P145,2019-08-30,2019-08-30 09:37:49,0.44,1.0,563,0.43,0.9772,10,0.44,1.0,1,0.435,0.9886,12788,0
IWM190906P145,2019-08-30,2019-08-30 09:37:49,0.44,1.0,573,0.43,0.9772,10,0.44,1.0,1,0.435,0.9886,12788,0
IWM190906P145,2019-08-30,2019-08-30 09:37:50,0.44,1.0,563,0.43,0.9772,10,0.44,1.0,1,0.435,0.9886,12788,0
IWM190906P145,2019-08-30,2019-08-30 09:37:51,0.44,1.0,563,0.43,0.9772,10,0.44,1.0,1,0.435,0.9886,12788,0
IWM190906P145,2019-08-30,2019-08-30 09:37:52,0.44,1.0,563,0.43,0.9772,10,0.44,1.0,1,0.435,0.9886,12788,0
IWM190906P145,2019-08-30,2019-08-30 09:37:53,0.44,1.0,513,0.43,0.9772,10,0.44,1.0,1,0.435,0.9886,12788,0
IWM190906P145,2019-08-30,2019-08-30 09:37:53,0.44,1.0,563,0.43,0.9772,10,0.44,1.0,1,0.435,0.9886,12788,0
IWM190906P145,2019-08-30,2019-08-30 09:37:54,0.44,1.0,580,0.43,0.9772,10,0.44,1.0,1,0.435,0.9886,12788,0
IWM190906P145,2019-08-30,2019-08-30 09:37:54,0.44,1.0,731,0.43,0.9772,10,0.44,1.0,1,0.435,0.9886,12788,0
IWM190906P145,2019-08-30,2019-08-30 09:37:55,0.44,1.0,661,0.43,0.9772,10,0.44,1.0,1,0.435,0.9886,12788,0
IWM190906P145,2019-08-30,2019-08-30 09:37:56,0.44,1.0,661,0.43,0.9772,10,0.44,1.0,1,0.435,0.9886,12788,0
IWM190906P145,2019-08-30,2019-08-30 09:37:57,0.44,1.0,311,0.43,0.9772,10,0.44,1.0,1,0.435,0.9886,12788,0
IWM190906P145,2019-08-30,2019-08-30 09:37:57,0.44,1.0,661,0.43,0.9772,10,0.44,1.0,1,0.435,0.9886,12788,0
IWM190906P145,2019-08-30,2019-08-30 09:37:58,0.44,1.0,564,0.43,0.9772,10,0.44,1.0,1,0.435,0.9886,12788,0
IWM190906P145,2019-08-30,2019-08-30 09:37:58,0.44,1.0,311,0.43,0.9772,10,0.44,1.0,1,0.435,0.9886,12788,0
IWM190906P145,2019-08-30,2019-08-30 09:37:59,0.44,1.0,564,0.43,0.9772,10,0.44,1.0,1,0.435,0.9886,12788,0
IWM190906P145,2019-08-30,2019-08-30 09:38:00,0.44,1.0,503,0.43,0.9772,10,0.44,1.0,1,0.435,0.9886,12788,0
IWM190906P145,2019-08-30,2019-08-30 09:38:00,0.44,1.0,567,0.43,0.9772,10,0.44,1.0,1,0.435,0.9886,12788,0
IWM190906P145,2019-08-30,2019-08-30 09:38:01,0.44,1.0,311,0.43,0.9772,10,0.44,1.0,1,0.435,0.9886,12788,0
IWM190906P145,2019-08-30,2019-08-30 09:38:01,0.44,1.0,355,0.43,0.9772,10,0.44,1.0,1,0.435,0.9886,12788,0
IWM190906P145,2019-08-30,2019-08-30 09:38:02,0.44,1.0,345,0.43,0.9772,10,0.44,1.0,1,0.435,0.9886,12788,0
IWM190906P145,2019-08-30,2019-08-30 09:38:03,0.44,1.0,480,0.43,0.9772,10,0.44,1.0,1,0.435,0.9886,12788,0
IWM190906P145,2019-08-30,2019-08-30 09:38:03,0.44,1.0,345,0.43,0.9772,10,0.44,1.0,1,0.435,0.9886,12788,0
IWM190906P145,2019-08-30,2019-08-30 09:38:04,0.44,1.0,628,0.43,0.9772,10,0.44,1.0,1,0.435,0.9886,12788,0
IWM190906P145,2019-08-30,2019-08-30 09:38:05,0.44,1.0,628,0.43,0.9772,10,0.42,0.9545,2,0.435,0.9886,12790,2
IWM190906P145,2019-08-30,2019-08-30 09:38:05,0.44,1.0,628,0.43,0.9772,10,0.42,0.9545,2,0.435,0.9886,12790,0
IWM190906P145,2019-08-30,2019-08-30 09:38:06,0.44,1.0,628,0.43,0.9772,10,0.42,0.9545,2,0.435,0.9886,12790,0
IWM190906P145,2019-08-30,2019-08-30 09:38:07,0.44,1.0,628,0.43,0.9772,10,0.42,0.9545,2,0.435,0.9886,12790,0
IWM190906P145,2019-08-30,2019-08-30 09:38:08,0.44,1.0,353,0.43,0.9772,10,0.42,0.9545,2,0.435,0.9886,12790,0
IWM190906P145,2019-08-30,2019-08-30 09:38:08,0.44,1.0,628,0.43,0.9772,10,0.42,0.9545,2,0.435,0.9886,12790,0
IWM190906P145,2019-08-30,2019-08-30 09:38:09,0.44,1.0,606,0.43,0.9772,10,0.42,0.9545,2,0.435,0.9886,12790,0
IWM190906P145,2019-08-30,2019-08-30 09:38:09,0.44,1.0,526,0.43,0.9772,10,0.42,0.9545,2,0.435,0.9886,12790,0
IWM190906P145,2019-08-30,2019-08-30 09:38:10,0.44,1.0,745,0.43,0.9772,10,0.42,0.9545,2,0.435,0.9886,12790,0
IWM190906P145,2019-08-30,2019-08-30 09:38:10,0.44,1.0,671,0.43,0.9772,10,0.42,0.9545,2,0.435,0.9886,12790,0
IWM190906P145,2019-08-30,2019-08-30 09:38:11,0.44,1.0,621,0.43,0.9772,10,0.42,0.9545,2,0.435,0.9886,12790,0
IWM190906P145,2019-08-30,2019-08-30 09:38:11,0.44,1.0,671,0.43,0.9772,10,0.42,0.9545,2,0.435,0.9886,12790,0
IWM190906P145,2019-08-30,2019-08-30 09:38:12,0.44,1.0,671,0.43,0.9772,10,0.42,0.9545,2,0.435,0.9886,12790,0
IWM190906P145,2019-08-30,2019-08-30 09:38:13,0.44,1.0,621,0.43,0.9772,10,0.42,0.9545,2,0.435,0.9886,12790,0
IWM190906P145,2019-08-30,2019-08-30 09:38:14,0.44,1.0,671,0.43,0.9772,10,0.42,0.9545,2,0.435,0.9886,12790,0
IWM190906P145,2019-08-30,2019-08-30 09:38:14,0.44,1.0,621,0.43,0.9772,10,0.42,0.9545,2,0.435,0.9886,12790,0
IWM190906P145,2019-08-30,2019-08-30 09:38:15,0.44,1.0,621,0.43,0.9772,10,0.42,0.9545,2,0.435,0.9886,12790,0
IWM190906P145,2019-08-30,2019-08-30 09:38:16,0.44,1.0,611,0.43,0.9772,10,0.42,0.9545,2,0.435,0.9886,12790,0
IWM190906P145,2019-08-30,2019-08-30 09:38:16,0.44,1.0,561,0.43,0.9772,10,0.42,0.9545,2,0.435,0.9886,12790,0
IWM190906P145,2019-08-30,2019-08-30 09:38:17,0.44,1.0,551,0.43,0.9772,10,0.42,0.9545,2,0.435,0.9886,12790,0
IWM190906P145,2019-08-30,2019-08-30 09:38:17,0.44,1.0,561,0.43,0.9772,10,0.42,0.9545,2,0.435,0.9886,12790,0
IWM190906P145,2019-08-30,2019-08-30 09:38:18,0.44,1.0,410,0.43,0.9772,10,0.42,0.9545,2,0.435,0.9886,12790,0
IWM190906P145,2019-08-30,2019-08-30 09:38:19,0.44,1.0,292,0.43,0.9772,10,0.42,0.9545,2,0.435,0.9886,12790,0
IWM190906P145,2019-08-30,2019-08-30 09:38:19,0.44,1.0,325,0.43,0.9772,10,0.42,0.9545,2,0.435,0.9886,12790,0
IWM190906P145,2019-08-30,2019-08-30 09:38:20,0.44,1.0,292,0.43,0.9772,10,0.42,0.9545,2,0.435,0.9886,12790,0
IWM190906P145,2019-08-30,2019-08-30 09:38:21,0.44,1.0,10,0.43,0.9772,10,0.42,0.9545,2,0.435,0.9886,12790,0
IWM190906P145,2019-08-30,2019-08-30 09:38:21,0.44,1.0,11,0.43,0.9772,10,0.42,0.9545,2,0.435,0.9886,12790,0
IWM190906P145,2019-08-30,2019-08-30 09:38:22,0.44,1.0,115,0.43,0.9772,31,0.42,0.9545,2,0.435,0.9886,12790,0
IWM190906P145,2019-08-30,2019-08-30 09:38:22,0.44,1.0,115,0.43,0.9772,39,0.42,0.9545,2,0.435,0.9886,12790,0
IWM190906P145,2019-08-30,2019-08-30 09:38:23,0.45,1.0227,172,0.43,0.9772,89,0.42,0.9545,2,0.44,1.0,12790,0
IWM190906P145,2019-08-30,2019-08-30 09:38:23,0.45,1.0227,310,0.43,0.9772,104,0.42,0.9545,2,0.44,1.0,12790,0
IWM190906P145,2019-08-30,2019-08-30 09:38:24,0.45,1.0227,310,0.43,0.9772,104,0.42,0.9545,2,0.44,1.0,12790,0
IWM190906P145,2019-08-30,2019-08-30 09:38:25,0.45,1.0227,389,0.43,0.9772,104,0.42,0.9545,2,0.44,1.0,12790,0
IWM190906P145,2019-08-30,2019-08-30 09:38:26,0.45,1.0227,389,0.43,0.9772,37,0.42,0.9545,2,0.44,1.0,12790,0
IWM190906P145,2019-08-30,2019-08-30 09:38:26,0.45,1.0227,389,0.43,0.9772,104,0.42,0.9545,2,0.44,1.0,12790,0
IWM190906P145,2019-08-30,2019-08-30 09:38:27,0.45,1.0227,389,0.43,0.9772,37,0.42,0.9545,2,0.44,1.0,12790,0
IWM190906P145,2019-08-30,2019-08-30 09:38:28,0.45,1.0227,389,0.43,0.9772,37,0.42,0.9545,2,0.44,1.0,12790,0
IWM190906P145,2019-08-30,2019-08-30 09:38:28,0.44,1.0,295,0.43,0.9772,10,0.42,0.9545,2,0.435,0.9886,12790,0
IWM190906P145,2019-08-30,2019-08-30 09:38:29,0.44,1.0,264,0.43,0.9772,10,0.42,0.9545,2,0.435,0.9886,12790,0
IWM190906P145,2019-08-30,2019-08-30 09:38:29,0.44,1.0,302,0.43,0.9772,15,0.42,0.9545,2,0.435,0.9886,12790,0
IWM190906P145,2019-08-30,2019-08-30 09:38:30,0.44,1.0,262,0.43,0.9772,15,0.42,0.9545,2,0.435,0.9886,12790,0
IWM190906P145,2019-08-30,2019-08-30 09:38:31,0.44,1.0,262,0.43,0.9772,15,0.42,0.9545,2,0.435,0.9886,12790,0
IWM190906P145,2019-08-30,2019-08-30 09:38:32,0.44,1.0,262,0.43,0.9772,15,0.42,0.9545,2,0.435,0.9886,12790,0
IWM190906P145,2019-08-30,2019-08-30 09:38:32,0.44,1.0,331,0.43,0.9772,15,0.42,0.9545,2,0.435,0.9886,12790,0
IWM190906P145,2019-08-30,2019-08-30 09:38:33,0.44,1.0,374,0.43,0.9772,15,0.42,0.9545,2,0.435,0.9886,12790,0
IWM190906P145,2019-08-30,2019-08-30 09:38:33,0.44,1.0,331,0.43,0.9772,15,0.42,0.9545,2,0.435,0.9886,12790,0
IWM190906P145,2019-08-30,2019-08-30 09:38:34,0.44,1.0,290,0.43,0.9772,15,0.42,0.9545,2,0.435,0.9886,12790,0
IWM190906P145,2019-08-30,2019-08-30 09:38:34,0.44,1.0,435,0.43,0.9772,15,0.42,0.9545,2,0.435,0.9886,12790,0
IWM190906P145,2019-08-30,2019-08-30 09:38:35,0.44,1.0,295,0.43,0.9772,15,0.42,0.9545,2,0.435,0.9886,12790,0
IWM190906P145,2019-08-30,2019-08-30 09:38:35,0.44,1.0,290,0.43,0.9772,15,0.42,0.9545,2,0.435,0.9886,12790,0
IWM190906P145,2019-08-30,2019-08-30 09:38:36,0.44,1.0,223,0.43,0.9772,15,0.42,0.9545,2,0.435,0.9886,12790,0
IWM190906P145,2019-08-30,2019-08-30 09:38:36,0.44,1.0,196,0.43,0.9772,15,0.42,0.9545,2,0.435,0.9886,12790,0
IWM190906P145,2019-08-30,2019-08-30 09:38:37,0.44,1.0,203,0.43,0.9772,15,0.42,0.9545,2,0.435,0.9886,12790,0
IWM190906P145,2019-08-30,2019-08-30 09:38:38,0.44,1.0,203,0.43,0.9772,15,0.42,0.9545,2,0.435,0.9886,12790,0
IWM190906P145,2019-08-30,2019-08-30 09:38:39,0.44,1.0,521,0.43,0.9772,15,0.42,0.9545,2,0.435,0.9886,12790,0
IWM190906P145,2019-08-30,2019-08-30 09:38:39,0.44,1.0,307,0.43,0.9772,15,0.42,0.9545,2,0.435,0.9886,12790,0
IWM190906P145,2019-08-30,2019-08-30 09:38:40,0.44,1.0,521,0.43,0.9772,15,0.42,0.9545,2,0.435,0.9886,12790,0
IWM190906P145,2019-08-30,2019-08-30 09:38:41,0.44,1.0,521,0.43,0.9772,15,0.42,0.9545,2,0.435,0.9886,12790,0
IWM190906P145,2019-08-30,2019-08-30 09:38:41,0.44,1.0,521,0.43,0.9772,10,0.43,0.9772,5,0.435,0.9886,12795,5
IWM190906P145,2019-08-30,2019-08-30 09:38:42,0.44,1.0,679,0.43,0.9772,10,0.43,0.9772,5,0.435,0.9886,12795,0
IWM190906P145,2019-08-30,2019-08-30 09:38:43,0.44,1.0,775,0.43,0.9772,10,0.43,0.9772,10,0.435,0.9886,12805,0
IWM190906P145,2019-08-30,2019-08-30 09:38:43,0.44,1.0,819,0.43,0.9772,10,0.43,0.9772,10,0.435,0.9886,12805,10
IWM190906P145,2019-08-30,2019-08-30 09:38:44,0.44,1.0,1025,0.43,0.9772,10,0.43,0.9772,10,0.435,0.9886,12805,0
IWM190906P145,2019-08-30,2019-08-30 09:38:45,0.44,1.0,775,0.43,0.9772,10,0.43,0.9772,10,0.435,0.9886,12805,0
IWM190906P145,2019-08-30,2019-08-30 09:38:45,0.44,1.0,1025,0.43,0.9772,10,0.43,0.9772,10,0.435,0.9886,12805,0
IWM190906P145,2019-08-30,2019-08-30 09:38:46,0.44,1.0,1025,0.43,0.9772,10,0.43,0.9772,10,0.435,0.9886,12815,10
IWM190906P145,2019-08-30,2019-08-30 09:38:46,0.44,1.0,1025,0.43,0.9772,10,0.43,0.9772,10,0.435,0.9886,12815,0
IWM190906P145,2019-08-30,2019-08-30 09:38:47,0.44,1.0,1025,0.43,0.9772,10,0.43,0.9772,5,0.435,0.9886,12830,15
IWM190906P145,2019-08-30,2019-08-30 09:38:47,0.44,1.0,1025,0.43,0.9772,10,0.43,0.9772,10,0.435,0.9886,12815,0
IWM190906P145,2019-08-30,2019-08-30 09:38:48,0.44,1.0,775,0.43,0.9772,10,0.43,0.9772,5,0.435,0.9886,12830,0
IWM190906P145,2019-08-30,2019-08-30 09:38:48,0.44,1.0,1025,0.43,0.9772,10,0.43,0.9772,10,0.435,0.9886,12840,10
IWM190906P145,2019-08-30,2019-08-30 09:38:49,0.44,1.0,775,0.43,0.9772,10,0.43,0.9772,10,0.435,0.9886,12840,0
IWM190906P145,2019-08-30,2019-08-30 09:38:50,0.44,1.0,780,0.43,0.9772,10,0.43,0.9772,5,0.435,0.9886,12845,5
IWM190906P145,2019-08-30,2019-08-30 09:38:50,0.44,1.0,780,0.43,0.9772,10,0.43,0.9772,5,0.435,0.9886,12845,0
IWM190906P145,2019-08-30,2019-08-30 09:38:51,0.44,1.0,1030,0.43,0.9772,10,0.43,0.9772,5,0.435,0.9886,12845,0
IWM190906P145,2019-08-30,2019-08-30 09:38:51,0.44,1.0,780,0.43,0.9772,5,0.43,0.9772,5,0.435,0.9886,12845,0
IWM190906P145,2019-08-30,2019-08-30 09:38:52,0.44,1.0,775,0.43,0.9772,5,0.43,0.9772,5,0.435,0.9886,12845,0
IWM190906P145,2019-08-30,2019-08-30 09:38:52,0.44,1.0,775,0.43,0.9772,5,0.43,0.9772,5,0.435,0.9886,12850,5
IWM190906P145,2019-08-30,2019-08-30 09:38:53,0.44,1.0,775,0.43,0.9772,5,0.43,0.9772,5,0.435,0.9886,12850,0
IWM190906P145,2019-08-30,2019-08-30 09:38:54,0.44,1.0,625,0.43,0.9772,5,0.43,0.9772,5,0.435,0.9886,12850,0
IWM190906P145,2019-08-30,2019-08-30 09:38:54,0.44,1.0,775,0.43,0.9772,5,0.43,0.9772,5,0.435,0.9886,12850,0
IWM190906P145,2019-08-30,2019-08-30 09:38:55,0.44,1.0,592,0.43,0.9772,5,0.43,0.9772,5,0.435,0.9886,12850,0
IWM190906P145,2019-08-30,2019-08-30 09:38:55,0.44,1.0,959,0.43,0.9772,5,0.43,0.9772,5,0.435,0.9886,12850,0
IWM190906P145,2019-08-30,2019-08-30 09:38:56,0.44,1.0,592,0.43,0.9772,5,0.43,0.9772,5,0.435,0.9886,12850,0
IWM190906P145,2019-08-30,2019-08-30 09:38:57,0.44,1.0,709,0.43,0.9772,5,0.43,0.9772,5,0.435,0.9886,12858,0
IWM190906P145,2019-08-30,2019-08-30 09:38:57,0.44,1.0,709,0.43,0.9772,5,0.43,0.9772,5,0.435,0.9886,12858,8
IWM190906P145,2019-08-30,2019-08-30 09:38:58,0.44,1.0,1063,0.43,0.9772,5,0.43,0.9772,5,0.435,0.9886,12858,0
IWM190906P145,2019-08-30,2019-08-30 09:38:58,0.44,1.0,709,0.43,0.9772,5,0.43,0.9772,5,0.435,0.9886,12858,0
IWM190906P145,2019-08-30,2019-08-30 09:38:59,0.44,1.0,813,0.43,0.9772,5,0.43,0.9772,5,0.435,0.9886,12858,0
IWM190906P145,2019-08-30,2019-08-30 09:38:59,0.44,1.0,1063,0.43,0.9772,5,0.43,0.9772,5,0.435,0.9886,12858,0
IWM190906P145,2019-08-30,2019-08-30 09:39:00,0.44,1.0,813,0.43,0.9772,5,0.43,0.9772,5,0.435,0.9886,12858,0
IWM190906P145,2019-08-30,2019-08-30 09:39:00,0.44,1.0,1063,0.43,0.9772,5,0.43,0.9772,5,0.435,0.9886,12858,0
IWM190906P145,2019-08-30,2019-08-30 09:39:01,0.44,1.0,813,0.43,0.9772,5,0.43,0.9772,5,0.435,0.9886,12858,0
IWM190906P145,2019-08-30,2019-08-30 09:39:01,0.43,0.9772,236,0.4,0.909,286,0.43,0.9772,2,0.415,0.9431,12870,12
IWM190906P145,2019-08-30,2019-08-30 09:39:02,0.43,0.9772,363,0.41,0.9318,100,0.43,0.9772,2,0.42,0.9545,12870,0
IWM190906P145,2019-08-30,2019-08-30 09:39:02,0.43,0.9772,437,0.4,0.909,59,0.43,0.9772,2,0.415,0.9431,12870,0
IWM190906P145,2019-08-30,2019-08-30 09:39:03,0.43,0.9772,375,0.41,0.9318,87,0.43,0.9772,2,0.42,0.9545,12870,0
IWM190906P145,2019-08-30,2019-08-30 09:39:03,0.43,0.9772,407,0.41,0.9318,20,0.43,0.9772,2,0.42,0.9545,12870,0
IWM190906P145,2019-08-30,2019-08-30 09:39:04,0.43,0.9772,407,0.41,0.9318,20,0.43,0.9772,2,0.42,0.9545,12870,0
IWM190906P145,2019-08-30,2019-08-30 09:39:05,0.43,0.9772,391,0.41,0.9318,20,0.43,0.9772,2,0.42,0.9545,12870,0
IWM190906P145,2019-08-30,2019-08-30 09:39:06,0.43,0.9772,391,0.41,0.9318,20,0.43,0.9772,2,0.42,0.9545,12870,0
IWM190906P145,2019-08-30,2019-08-30 09:39:06,0.43,0.9772,401,0.41,0.9318,20,0.43,0.9772,2,0.42,0.9545,12870,0
IWM190906P145,2019-08-30,2019-08-30 09:39:07,0.42,0.9545,373,0.4,0.909,240,0.43,0.9772,2,0.41,0.9318,12870,0
IWM190906P145,2019-08-30,2019-08-30 09:39:07,0.42,0.9545,113,0.4,0.909,424,0.43,0.9772,2,0.41,0.9318,12870,0
IWM190906P145,2019-08-30,2019-08-30 09:39:08,0.42,0.9545,242,0.4,0.909,367,0.43,0.9772,2,0.41,0.9318,12870,0
IWM190906P145,2019-08-30,2019-08-30 09:39:09,0.42,0.9545,242,0.4,0.909,298,0.43,0.9772,2,0.41,0.9318,12870,0
IWM190906P145,2019-08-30,2019-08-30 09:39:10,0.42,0.9545,349,0.4,0.909,187,0.43,0.9772,2,0.41,0.9318,12870,0
IWM190906P145,2019-08-30,2019-08-30 09:39:10,0.42,0.9545,242,0.4,0.909,298,0.43,0.9772,2,0.41,0.9318,12870,0
IWM190906P145,2019-08-30,2019-08-30 09:39:11,0.42,0.9545,322,0.4,0.909,227,0.43,0.9772,2,0.41,0.9318,12870,0
IWM190906P145,2019-08-30,2019-08-30 09:39:11,0.42,0.9545,344,0.4,0.909,187,0.43,0.9772,2,0.41,0.9318,12870,0
IWM190906P145,2019-08-30,2019-08-30 09:39:12,0.42,0.9545,415,0.4,0.909,227,0.43,0.9772,2,0.41,0.9318,12870,0
IWM190906P145,2019-08-30,2019-08-30 09:39:13,0.42,0.9545,23,0.41,0.9318,13,0.43,0.9772,2,0.415,0.9431,12870,0
IWM190906P145,2019-08-30,2019-08-30 09:39:13,0.42,0.9545,415,0.4,0.909,150,0.43,0.9772,2,0.41,0.9318,12870,0
IWM190906P145,2019-08-30,2019-08-30 09:39:14,0.43,0.9772,349,0.41,0.9318,428,0.43,0.9772,2,0.42,0.9545,12870,0
IWM190906P145,2019-08-30,2019-08-30 09:39:14,0.43,0.9772,349,0.41,0.9318,150,0.43,0.9772,2,0.42,0.9545,12870,0
IWM190906P145,2019-08-30,2019-08-30 09:39:15,0.43,0.9772,409,0.41,0.9318,428,0.43,0.9772,2,0.42,0.9545,12870,0
IWM190906P145,2019-08-30,2019-08-30 09:39:16,0.43,0.9772,399,0.41,0.9318,428,0.43,0.9772,2,0.42,0.9545,12870,0
IWM190906P145,2019-08-30,2019-08-30 09:39:16,0.43,0.9772,406,0.41,0.9318,428,0.43,0.9772,2,0.42,0.9545,12870,0
IWM190906P145,2019-08-30,2019-08-30 09:39:17,0.43,0.9772,406,0.41,0.9318,428,0.43,0.9772,2,0.42,0.9545,12870,0
IWM190906P145,2019-08-30,2019-08-30 09:39:18,0.43,0.9772,406,0.41,0.9318,428,0.43,0.9772,2,0.42,0.9545,12870,0
IWM190906P145,2019-08-30,2019-08-30 09:39:19,0.43,0.9772,406,0.41,0.9318,428,0.43,0.9772,2,0.42,0.9545,12870,0
IWM190906P145,2019-08-30,2019-08-30 09:39:20,0.43,0.9772,406,0.41,0.9318,428,0.43,0.9772,2,0.42,0.9545,12870,0
IWM190906P145,2019-08-30,2019-08-30 09:39:20,0.43,0.9772,406,0.41,0.9318,500,0.43,0.9772,2,0.42,0.9545,12870,0
IWM190906P145,2019-08-30,2019-08-30 09:39:21,0.43,0.9772,406,0.41,0.9318,500,0.43,0.9772,2,0.42,0.9545,12870,0
IWM190906P145,2019-08-30,2019-08-30 09:39:22,0.43,0.9772,403,0.41,0.9318,434,0.43,0.9772,2,0.42,0.9545,12870,0
IWM190906P145,2019-08-30,2019-08-30 09:39:22,0.43,0.9772,339,0.41,0.9318,523,0.43,0.9772,2,0.42,0.9545,12870,0
IWM190906P145,2019-08-30,2019-08-30 09:39:23,0.43,0.9772,442,0.41,0.9318,422,0.43,0.9772,2,0.42,0.9545,12870,0
IWM190906P145,2019-08-30,2019-08-30 09:39:23,0.43,0.9772,411,0.41,0.9318,422,0.43,0.9772,2,0.42,0.9545,12870,0
IWM190906P145,2019-08-30,2019-08-30 09:39:24,0.42,0.9545,65,0.41,0.9318,60,0.43,0.9772,2,0.415,0.9431,12870,0
IWM190906P145,2019-08-30,2019-08-30 09:39:24,0.43,0.9772,442,0.41,0.9318,422,0.43,0.9772,2,0.42,0.9545,12870,0
IWM190906P145,2019-08-30,2019-08-30 09:39:25,0.42,0.9545,65,0.41,0.9318,60,0.43,0.9772,2,0.415,0.9431,12870,0
IWM190906P145,2019-08-30,2019-08-30 09:39:25,0.42,0.9545,132,0.41,0.9318,60,0.43,0.9772,2,0.415,0.9431,12870,0
IWM190906P145,2019-08-30,2019-08-30 09:39:26,0.43,0.9772,272,0.41,0.9318,99,0.43,0.9772,2,0.42,0.9545,12870,0
IWM190906P145,2019-08-30,2019-08-30 09:39:26,0.43,0.9772,424,0.41,0.9318,130,0.43,0.9772,2,0.42,0.9545,12870,0
IWM190906P145,2019-08-30,2019-08-30 09:39:27,0.43,0.9772,424,0.41,0.9318,260,0.43,0.9772,2,0.42,0.9545,12870,0
IWM190906P145,2019-08-30,2019-08-30 09:39:27,0.43,0.9772,424,0.41,0.9318,301,0.43,0.9772,2,0.42,0.9545,12870,0
IWM190906P145,2019-08-30,2019-08-30 09:39:28,0.43,0.9772,424,0.41,0.9318,301,0.43,0.9772,2,0.42,0.9545,12870,0
IWM190906P145,2019-08-30,2019-08-30 09:39:29,0.43,0.9772,424,0.41,0.9318,301,0.43,0.9772,2,0.42,0.9545,12870,0
IWM190906P145,2019-08-30,2019-08-30 09:39:30,0.42,0.9545,65,0.41,0.9318,199,0.43,0.9772,2,0.415,0.9431,12870,0
IWM190906P145,2019-08-30,2019-08-30 09:39:30,0.43,0.9772,424,0.41,0.9318,301,0.43,0.9772,2,0.42,0.9545,12870,0
IWM190906P145,2019-08-30,2019-08-30 09:39:31,0.42,0.9545,192,0.41,0.9318,199,0.43,0.9772,2,0.415,0.9431,12870,0
IWM190906P145,2019-08-30,2019-08-30 09:39:31,0.42,0.9545,325,0.41,0.9318,27,0.43,0.9772,2,0.415,0.9431,12870,0
IWM190906P145,2019-08-30,2019-08-30 09:39:32,0.42,0.9545,325,0.41,0.9318,18,0.43,0.9772,2,0.415,0.9431,12870,0
IWM190906P145,2019-08-30,2019-08-30 09:39:33,0.42,0.9545,325,0.41,0.9318,20,0.43,0.9772,2,0.415,0.9431,12870,0
IWM190906P145,2019-08-30,2019-08-30 09:39:33,0.42,0.9545,325,0.41,0.9318,18,0.43,0.9772,2,0.415,0.9431,12870,0
IWM190906P145,2019-08-30,2019-08-30 09:39:34,0.42,0.9545,249,0.4,0.909,315,0.43,0.9772,2,0.41,0.9318,12870,0
IWM190906P145,2019-08-30,2019-08-30 09:39:34,0.42,0.9545,414,0.4,0.909,150,0.43,0.9772,2,0.41,0.9318,12870,0
IWM190906P145,2019-08-30,2019-08-30 09:39:35,0.42,0.9545,249,0.41,0.9318,9,0.43,0.9772,2,0.415,0.9431,12870,0
IWM190906P145,2019-08-30,2019-08-30 09:39:35,0.42,0.9545,249,0.4,0.909,372,0.43,0.9772,2,0.41,0.9318,12870,0
IWM190906P145,2019-08-30,2019-08-30 09:39:36,0.42,0.9545,249,0.4,0.909,372,0.43,0.9772,2,0.41,0.9318,12870,0
IWM190906P145,2019-08-30,2019-08-30 09:39:37,0.42,0.9545,414,0.4,0.909,317,0.43,0.9772,2,0.41,0.9318,12870,0
IWM190906P145,2019-08-30,2019-08-30 09:39:37,0.42,0.9545,249,0.4,0.909,372,0.43,0.9772,2,0.41,0.9318,12870,0
IWM190906P145,2019-08-30,2019-08-30 09:39:38,0.42,0.9545,414,0.4,0.909,317,0.43,0.9772,2,0.41,0.9318,12870,0
IWM190906P145,2019-08-30,2019-08-30 09:39:39,0.42,0.9545,192,0.4,0.909,150,0.43,0.9772,2,0.41,0.9318,12870,0
IWM190906P145,2019-08-30,2019-08-30 09:39:39,0.42,0.9545,327,0.4,0.909,150,0.43,0.9772,2,0.41,0.9318,12870,0
IWM190906P145,2019-08-30,2019-08-30 09:39:40,0.42,0.9545,328,0.41,0.9318,10,0.43,0.9772,2,0.415,0.9431,12870,0
IWM190906P145,2019-08-30,2019-08-30 09:39:40,0.42,0.9545,327,0.4,0.909,293,0.43,0.9772,2,0.41,0.9318,12870,0
IWM190906P145,2019-08-30,2019-08-30 09:39:41,0.42,0.9545,328,0.41,0.9318,20,0.43,0.9772,2,0.415,0.9431,12870,0
IWM190906P145,2019-08-30,2019-08-30 09:39:42,0.42,0.9545,167,0.41,0.9318,20,0.43,0.9772,2,0.415,0.9431,12870,0
IWM190906P145,2019-08-30,2019-08-30 09:39:43,0.42,0.9545,167,0.41,0.9318,20,0.43,0.9772,2,0.415,0.9431,12870,0
IWM190906P145,2019-08-30,2019-08-30 09:39:44,0.42,0.9545,113,0.41,0.9318,20,0.43,0.9772,2,0.415,0.9431,12870,0
IWM190906P145,2019-08-30,2019-08-30 09:39:45,0.42,0.9545,275,0.41,0.9318,20,0.43,0.9772,2,0.415,0.9431,12870,0
IWM190906P145,2019-08-30,2019-08-30 09:39:45,0.42,0.9545,113,0.41,0.9318,20,0.43,0.9772,2,0.415,0.9431,12870,0
IWM190906P145,2019-08-30,2019-08-30 09:39:46,0.42,0.9545,312,0.41,0.9318,20,0.43,0.9772,2,0.415,0.9431,12870,0
IWM190906P145,2019-08-30,2019-08-30 09:39:46,0.42,0.9545,275,0.41,0.9318,20,0.43,0.9772,2,0.415,0.9431,12870,0
IWM190906P145,2019-08-30,2019-08-30 09:39:47,0.42,0.9545,312,0.41,0.9318,20,0.43,0.9772,2,0.415,0.9431,12870,0
IWM190906P145,2019-08-30,2019-08-30 09:39:48,0.42,0.9545,312,0.41,0.9318,2,0.43,0.9772,2,0.415,0.9431,12870,0
IWM190906P145,2019-08-30,2019-08-30 09:39:48,0.42,0.9545,350,0.41,0.9318,2,0.43,0.9772,2,0.415,0.9431,12870,0
