symbol,Date,quote_time,ask_price,norm_ask_price,ask_size,bid_price,norm_bid_price,bid_size,last_trade_price,norm_last_trade_price,last_trade_size,mark_price,norm_mark_price,volume,Volume
SPY190805C297,2019-08-02,2019-08-02 09:30:17,0.48,1.0,375,0.45,0.9375,99,0.47,0.9791,5,0.465,0.9687,35,35
SPY190805C297,2019-08-02,2019-08-02 09:30:34,0.47,0.9791,5,0.45,0.9375,90,0.47,0.9791,5,0.46,0.9583,35,0
SPY190805C297,2019-08-02,2019-08-02 09:30:41,0.46,0.9583,5,0.44,0.9166,1064,0.47,0.9791,5,0.45,0.9375,35,0
SPY190805C297,2019-08-02,2019-08-02 09:30:50,0.45,0.9375,5,0.42,0.875,280,0.44,0.9166,1,0.435,0.9062,48,13
SPY190805C297,2019-08-02,2019-08-02 09:30:54,0.45,0.9375,5,0.43,0.8958,339,0.44,0.9166,1,0.44,0.9166,48,0
SPY190805C297,2019-08-02,2019-08-02 09:30:55,0.45,0.9375,5,0.43,0.8958,474,0.44,0.9166,1,0.44,0.9166,48,0
SPY190805C297,2019-08-02,2019-08-02 09:30:56,0.46,0.9583,475,0.43,0.8958,393,0.44,0.9166,1,0.445,0.927,48,0
SPY190805C297,2019-08-02,2019-08-02 09:30:58,0.45,0.9375,5,0.43,0.8958,183,0.44,0.9166,1,0.44,0.9166,48,0
SPY190805C297,2019-08-02,2019-08-02 09:31:00,0.45,0.9375,5,0.42,0.875,1532,0.44,0.9166,1,0.435,0.9062,48,0
SPY190805C297,2019-08-02,2019-08-02 09:31:00,0.45,0.9375,5,0.43,0.8958,191,0.44,0.9166,1,0.44,0.9166,48,0
SPY190805C297,2019-08-02,2019-08-02 09:31:01,0.44,0.9166,5,0.4,0.8333,220,0.44,0.9166,1,0.42,0.875,48,0
SPY190805C297,2019-08-02,2019-08-02 09:31:03,0.43,0.8958,5,0.41,0.8541,214,0.41,0.8541,10,0.42,0.875,58,10
SPY190805C297,2019-08-02,2019-08-02 09:31:04,0.42,0.875,1,0.41,0.8541,100,0.41,0.8541,10,0.415,0.8645,58,0
SPY190805C297,2019-08-02,2019-08-02 09:31:05,0.42,0.875,1,0.4,0.8333,270,0.41,0.8541,10,0.41,0.8541,58,0
SPY190805C297,2019-08-02,2019-08-02 09:31:07,0.42,0.875,1,0.4,0.8333,450,0.41,0.8541,10,0.41,0.8541,58,0
SPY190805C297,2019-08-02,2019-08-02 09:31:08,0.42,0.875,126,0.39,0.8125,382,0.41,0.8541,10,0.405,0.8437,58,0
SPY190805C297,2019-08-02,2019-08-02 09:31:11,0.42,0.875,224,0.39,0.8125,45,0.41,0.8541,10,0.405,0.8437,58,0
SPY190805C297,2019-08-02,2019-08-02 09:31:13,0.4,0.8333,159,0.38,0.7916,50,0.41,0.8541,10,0.39,0.8125,58,0
SPY190805C297,2019-08-02,2019-08-02 09:31:13,0.4,0.8333,159,0.37,0.7708,290,0.41,0.8541,10,0.385,0.802,58,0
SPY190805C297,2019-08-02,2019-08-02 09:31:14,0.4,0.8333,159,0.37,0.7708,1382,0.41,0.8541,10,0.385,0.802,58,0
SPY190805C297,2019-08-02,2019-08-02 09:31:16,0.39,0.8125,159,0.35,0.7291,620,0.41,0.8541,10,0.37,0.7708,58,0
SPY190805C297,2019-08-02,2019-08-02 09:31:18,0.38,0.7916,315,0.36,0.75,367,0.41,0.8541,10,0.37,0.7708,58,0
SPY190805C297,2019-08-02,2019-08-02 09:31:19,0.38,0.7916,315,0.36,0.75,295,0.41,0.8541,10,0.37,0.7708,58,0
SPY190805C297,2019-08-02,2019-08-02 09:31:21,0.37,0.7708,406,0.35,0.7291,110,0.41,0.8541,10,0.36,0.75,58,0
SPY190805C297,2019-08-02,2019-08-02 09:31:24,0.38,0.7916,131,0.36,0.75,240,0.41,0.8541,10,0.37,0.7708,58,0
SPY190805C297,2019-08-02,2019-08-02 09:31:26,0.38,0.7916,4,0.37,0.7708,132,0.41,0.8541,10,0.375,0.7812,58,0
SPY190805C297,2019-08-02,2019-08-02 09:31:26,0.38,0.7916,5,0.36,0.75,784,0.41,0.8541,10,0.37,0.7708,58,0
SPY190805C297,2019-08-02,2019-08-02 09:31:27,0.38,0.7916,4,0.37,0.7708,190,0.41,0.8541,10,0.375,0.7812,58,0
SPY190805C297,2019-08-02,2019-08-02 09:31:29,0.39,0.8125,5,0.38,0.7916,390,0.38,0.7916,1,0.385,0.802,63,5
SPY190805C297,2019-08-02,2019-08-02 09:31:30,0.4,0.8333,5,0.38,0.7916,894,0.38,0.7916,1,0.39,0.8125,63,0
SPY190805C297,2019-08-02,2019-08-02 09:31:31,0.4,0.8333,295,0.38,0.7916,1470,0.38,0.7916,2,0.39,0.8125,65,2
SPY190805C297,2019-08-02,2019-08-02 09:31:33,0.39,0.8125,109,0.37,0.7708,295,0.38,0.7916,2,0.38,0.7916,65,0
SPY190805C297,2019-08-02,2019-08-02 09:31:34,0.39,0.8125,295,0.37,0.7708,913,0.38,0.7916,2,0.38,0.7916,65,0
SPY190805C297,2019-08-02,2019-08-02 09:31:35,0.39,0.8125,295,0.37,0.7708,190,0.38,0.7916,2,0.38,0.7916,65,0
SPY190805C297,2019-08-02,2019-08-02 09:31:35,0.39,0.8125,295,0.37,0.7708,773,0.38,0.7916,2,0.38,0.7916,65,0
SPY190805C297,2019-08-02,2019-08-02 09:31:36,0.4,0.8333,176,0.37,0.7708,814,0.38,0.7916,2,0.385,0.802,65,0
SPY190805C297,2019-08-02,2019-08-02 09:31:38,0.39,0.8125,5,0.38,0.7916,10,0.38,0.7916,2,0.385,0.802,65,0
SPY190805C297,2019-08-02,2019-08-02 09:31:39,0.39,0.8125,109,0.37,0.7708,244,0.38,0.7916,2,0.38,0.7916,65,0
SPY190805C297,2019-08-02,2019-08-02 09:31:40,0.39,0.8125,5,0.37,0.7708,777,0.38,0.7916,2,0.38,0.7916,65,0
SPY190805C297,2019-08-02,2019-08-02 09:31:41,0.39,0.8125,5,0.37,0.7708,476,0.38,0.7916,2,0.38,0.7916,65,0
SPY190805C297,2019-08-02,2019-08-02 09:31:42,0.4,0.8333,485,0.38,0.7916,100,0.38,0.7916,2,0.39,0.8125,65,0
SPY190805C297,2019-08-02,2019-08-02 09:31:43,0.39,0.8125,5,0.38,0.7916,310,0.38,0.7916,1,0.385,0.802,66,0
SPY190805C297,2019-08-02,2019-08-02 09:31:43,0.4,0.8333,452,0.38,0.7916,197,0.38,0.7916,1,0.39,0.8125,66,1
SPY190805C297,2019-08-02,2019-08-02 09:31:44,0.38,0.7916,5,0.37,0.7708,5,0.38,0.7916,1,0.375,0.7812,66,0
SPY190805C297,2019-08-02,2019-08-02 09:31:44,0.39,0.8125,109,0.37,0.7708,90,0.38,0.7916,1,0.38,0.7916,66,0
SPY190805C297,2019-08-02,2019-08-02 09:31:45,0.39,0.8125,231,0.37,0.7708,5,0.38,0.7916,1,0.38,0.7916,66,0
SPY190805C297,2019-08-02,2019-08-02 09:31:46,0.38,0.7916,5,0.36,0.75,500,0.38,0.7916,1,0.37,0.7708,66,0
SPY190805C297,2019-08-02,2019-08-02 09:31:47,0.38,0.7916,5,0.37,0.7708,5,0.38,0.7916,1,0.375,0.7812,66,0
SPY190805C297,2019-08-02,2019-08-02 09:31:48,0.39,0.8125,5,0.37,0.7708,980,0.38,0.7916,1,0.38,0.7916,66,0
SPY190805C297,2019-08-02,2019-08-02 09:31:48,0.39,0.8125,5,0.37,0.7708,5,0.38,0.7916,1,0.38,0.7916,66,0
SPY190805C297,2019-08-02,2019-08-02 09:31:49,0.39,0.8125,5,0.37,0.7708,994,0.38,0.7916,1,0.38,0.7916,66,0
SPY190805C297,2019-08-02,2019-08-02 09:31:50,0.38,0.7916,5,0.36,0.75,792,0.38,0.7916,1,0.37,0.7708,66,0
SPY190805C297,2019-08-02,2019-08-02 09:31:51,0.4,0.8333,174,0.37,0.7708,120,0.38,0.7916,1,0.385,0.802,66,0
SPY190805C297,2019-08-02,2019-08-02 09:31:51,0.39,0.8125,295,0.37,0.7708,3,0.38,0.7916,1,0.38,0.7916,66,0
SPY190805C297,2019-08-02,2019-08-02 09:31:52,0.4,0.8333,224,0.37,0.7708,483,0.38,0.7916,1,0.385,0.802,66,0
SPY190805C297,2019-08-02,2019-08-02 09:31:54,0.4,0.8333,5,0.38,0.7916,295,0.38,0.7916,2,0.39,0.8125,68,2
SPY190805C297,2019-08-02,2019-08-02 09:31:58,0.44,0.9166,5,0.41,0.8541,305,0.4,0.8333,1,0.425,0.8854,88,20
SPY190805C297,2019-08-02,2019-08-02 09:31:59,0.45,0.9375,264,0.41,0.8541,240,0.4,0.8333,1,0.43,0.8958,88,0
SPY190805C297,2019-08-02,2019-08-02 09:31:59,0.44,0.9166,5,0.42,0.875,100,0.4,0.8333,1,0.43,0.8958,88,0
SPY190805C297,2019-08-02,2019-08-02 09:32:00,0.44,0.9166,5,0.42,0.875,5,0.4,0.8333,1,0.43,0.8958,88,0
SPY190805C297,2019-08-02,2019-08-02 09:32:01,0.46,0.9583,120,0.42,0.875,180,0.4,0.8333,1,0.44,0.9166,88,0
SPY190805C297,2019-08-02,2019-08-02 09:32:01,0.46,0.9583,286,0.42,0.875,120,0.4,0.8333,1,0.44,0.9166,88,0
SPY190805C297,2019-08-02,2019-08-02 09:32:02,0.46,0.9583,328,0.42,0.875,180,0.4,0.8333,1,0.44,0.9166,88,0
SPY190805C297,2019-08-02,2019-08-02 09:32:03,0.47,0.9791,813,0.43,0.8958,110,0.4,0.8333,1,0.45,0.9375,88,0
SPY190805C297,2019-08-02,2019-08-02 09:32:04,0.46,0.9583,108,0.43,0.8958,100,0.4,0.8333,1,0.445,0.927,88,0
SPY190805C297,2019-08-02,2019-08-02 09:32:04,0.46,0.9583,130,0.42,0.875,180,0.4,0.8333,1,0.44,0.9166,88,0
SPY190805C297,2019-08-02,2019-08-02 09:32:05,0.44,0.9166,5,0.42,0.875,8,0.4,0.8333,1,0.43,0.8958,88,0
SPY190805C297,2019-08-02,2019-08-02 09:32:10,0.48,1.0,180,0.44,0.9166,295,0.4,0.8333,1,0.46,0.9583,88,0
SPY190805C297,2019-08-02,2019-08-02 09:32:11,0.48,1.0,344,0.44,0.9166,120,0.4,0.8333,1,0.46,0.9583,88,0
SPY190805C297,2019-08-02,2019-08-02 09:32:13,0.48,1.0,5,0.45,0.9375,99,0.4,0.8333,1,0.465,0.9687,88,0
SPY190805C297,2019-08-02,2019-08-02 09:32:13,0.49,1.0208,90,0.46,0.9583,120,0.4,0.8333,1,0.475,0.9895,88,0
SPY190805C297,2019-08-02,2019-08-02 09:32:14,0.48,1.0,5,0.45,0.9375,210,0.4,0.8333,1,0.465,0.9687,88,0
SPY190805C297,2019-08-02,2019-08-02 09:32:14,0.48,1.0,5,0.46,0.9583,100,0.4,0.8333,1,0.47,0.9791,88,0
SPY190805C297,2019-08-02,2019-08-02 09:32:15,0.48,1.0,5,0.46,0.9583,5,0.4,0.8333,1,0.47,0.9791,88,0
SPY190805C297,2019-08-02,2019-08-02 09:32:16,0.49,1.0208,5,0.46,0.9583,289,0.48,1.0,1,0.475,0.9895,89,0
SPY190805C297,2019-08-02,2019-08-02 09:32:16,0.48,1.0,4,0.46,0.9583,123,0.48,1.0,1,0.47,0.9791,89,1
SPY190805C297,2019-08-02,2019-08-02 09:32:17,0.49,1.0208,5,0.46,0.9583,279,0.48,1.0,1,0.475,0.9895,89,0
SPY190805C297,2019-08-02,2019-08-02 09:32:18,0.49,1.0208,5,0.46,0.9583,289,0.48,1.0,1,0.475,0.9895,89,0
SPY190805C297,2019-08-02,2019-08-02 09:32:19,0.49,1.0208,5,0.47,0.9791,5,0.48,1.0,1,0.48,1.0,89,0
SPY190805C297,2019-08-02,2019-08-02 09:32:20,0.49,1.0208,8,0.45,0.9375,289,0.48,1.0,1,0.47,0.9791,89,0
SPY190805C297,2019-08-02,2019-08-02 09:32:21,0.47,0.9791,12,0.45,0.9375,130,0.48,1.0,1,0.46,0.9583,89,0
SPY190805C297,2019-08-02,2019-08-02 09:32:21,0.47,0.9791,12,0.46,0.9583,5,0.48,1.0,1,0.465,0.9687,89,0
SPY190805C297,2019-08-02,2019-08-02 09:32:22,0.47,0.9791,12,0.46,0.9583,40,0.48,1.0,1,0.465,0.9687,89,0
SPY190805C297,2019-08-02,2019-08-02 09:32:23,0.47,0.9791,12,0.46,0.9583,150,0.48,1.0,1,0.465,0.9687,89,0
SPY190805C297,2019-08-02,2019-08-02 09:32:24,0.47,0.9791,12,0.45,0.9375,389,0.48,1.0,1,0.46,0.9583,89,0
SPY190805C297,2019-08-02,2019-08-02 09:32:24,0.47,0.9791,12,0.46,0.9583,5,0.48,1.0,1,0.465,0.9687,89,0
SPY190805C297,2019-08-02,2019-08-02 09:32:25,0.47,0.9791,12,0.46,0.9583,150,0.48,1.0,1,0.465,0.9687,89,0
SPY190805C297,2019-08-02,2019-08-02 09:32:26,0.47,0.9791,12,0.46,0.9583,5,0.48,1.0,1,0.465,0.9687,89,0
SPY190805C297,2019-08-02,2019-08-02 09:32:27,0.47,0.9791,12,0.46,0.9583,5,0.48,1.0,1,0.465,0.9687,89,0
SPY190805C297,2019-08-02,2019-08-02 09:32:29,0.47,0.9791,17,0.45,0.9375,5,0.48,1.0,1,0.46,0.9583,89,0
SPY190805C297,2019-08-02,2019-08-02 09:32:29,0.47,0.9791,12,0.45,0.9375,184,0.48,1.0,1,0.46,0.9583,89,0
SPY190805C297,2019-08-02,2019-08-02 09:32:30,0.47,0.9791,100,0.45,0.9375,173,0.48,1.0,1,0.46,0.9583,89,0
SPY190805C297,2019-08-02,2019-08-02 09:32:31,0.47,0.9791,17,0.46,0.9583,34,0.47,0.9791,5,0.465,0.9687,99,10
SPY190805C297,2019-08-02,2019-08-02 09:32:32,0.47,0.9791,100,0.45,0.9375,253,0.47,0.9791,5,0.46,0.9583,99,0
SPY190805C297,2019-08-02,2019-08-02 09:32:32,0.47,0.9791,100,0.45,0.9375,110,0.47,0.9791,5,0.46,0.9583,99,0
SPY190805C297,2019-08-02,2019-08-02 09:32:33,0.47,0.9791,12,0.46,0.9583,28,0.47,0.9791,5,0.465,0.9687,99,0
SPY190805C297,2019-08-02,2019-08-02 09:32:34,0.47,0.9791,12,0.46,0.9583,192,0.47,0.9791,5,0.465,0.9687,99,0
SPY190805C297,2019-08-02,2019-08-02 09:32:34,0.48,1.0,5,0.47,0.9791,34,0.47,0.9791,12,0.475,0.9895,111,12
SPY190805C297,2019-08-02,2019-08-02 09:32:35,0.47,0.9791,317,0.46,0.9583,1,0.47,0.9791,12,0.465,0.9687,111,0
SPY190805C297,2019-08-02,2019-08-02 09:32:35,0.48,1.0,196,0.47,0.9791,24,0.47,0.9791,12,0.475,0.9895,111,0
SPY190805C297,2019-08-02,2019-08-02 09:32:36,0.46,0.9583,100,0.45,0.9375,10,0.46,0.9583,1,0.455,0.9479,112,0
SPY190805C297,2019-08-02,2019-08-02 09:32:36,0.47,0.9791,317,0.45,0.9375,10,0.46,0.9583,1,0.46,0.9583,112,1
SPY190805C297,2019-08-02,2019-08-02 09:32:38,0.47,0.9791,5,0.45,0.9375,26,0.46,0.9583,1,0.46,0.9583,112,0
SPY190805C297,2019-08-02,2019-08-02 09:32:38,0.47,0.9791,5,0.45,0.9375,158,0.46,0.9583,1,0.46,0.9583,112,0
SPY190805C297,2019-08-02,2019-08-02 09:32:39,0.47,0.9791,5,0.46,0.9583,36,0.46,0.9583,1,0.465,0.9687,112,0
SPY190805C297,2019-08-02,2019-08-02 09:32:40,0.48,1.0,39,0.46,0.9583,26,0.46,0.9583,1,0.47,0.9791,112,0
SPY190805C297,2019-08-02,2019-08-02 09:32:41,0.47,0.9791,279,0.46,0.9583,10,0.46,0.9583,1,0.465,0.9687,112,0
SPY190805C297,2019-08-02,2019-08-02 09:32:42,0.47,0.9791,89,0.46,0.9583,1,0.46,0.9583,1,0.465,0.9687,112,0
SPY190805C297,2019-08-02,2019-08-02 09:32:43,0.47,0.9791,279,0.46,0.9583,1,0.46,0.9583,1,0.465,0.9687,112,0
SPY190805C297,2019-08-02,2019-08-02 09:32:43,0.47,0.9791,287,0.46,0.9583,1,0.47,0.9791,7,0.465,0.9687,125,13
SPY190805C297,2019-08-02,2019-08-02 09:32:44,0.48,1.0,548,0.46,0.9583,1,0.47,0.9791,7,0.47,0.9791,125,0
SPY190805C297,2019-08-02,2019-08-02 09:32:46,0.47,0.9791,299,0.46,0.9583,1,0.47,0.9791,7,0.465,0.9687,125,0
SPY190805C297,2019-08-02,2019-08-02 09:32:47,0.49,1.0208,39,0.46,0.9583,1,0.47,0.9791,6,0.475,0.9895,131,6
SPY190805C297,2019-08-02,2019-08-02 09:32:48,0.47,0.9791,5,0.46,0.9583,1,0.47,0.9791,6,0.465,0.9687,131,0
SPY190805C297,2019-08-02,2019-08-02 09:32:49,0.47,0.9791,5,0.46,0.9583,1,0.47,0.9791,6,0.465,0.9687,131,0
SPY190805C297,2019-08-02,2019-08-02 09:32:50,0.47,0.9791,5,0.46,0.9583,1,0.47,0.9791,6,0.465,0.9687,131,0
SPY190805C297,2019-08-02,2019-08-02 09:32:51,0.47,0.9791,5,0.46,0.9583,1,0.47,0.9791,6,0.465,0.9687,131,0
SPY190805C297,2019-08-02,2019-08-02 09:32:52,0.47,0.9791,5,0.46,0.9583,71,0.47,0.9791,6,0.465,0.9687,131,0
SPY190805C297,2019-08-02,2019-08-02 09:32:53,0.47,0.9791,5,0.46,0.9583,101,0.47,0.9791,6,0.465,0.9687,131,0
SPY190805C297,2019-08-02,2019-08-02 09:32:53,0.48,1.0,100,0.46,0.9583,127,0.47,0.9791,6,0.47,0.9791,131,0
SPY190805C297,2019-08-02,2019-08-02 09:32:54,0.48,1.0,5,0.47,0.9791,27,0.47,0.9791,6,0.475,0.9895,131,0
SPY190805C297,2019-08-02,2019-08-02 09:32:55,0.48,1.0,5,0.46,0.9583,134,0.47,0.9791,6,0.47,0.9791,131,0
SPY190805C297,2019-08-02,2019-08-02 09:32:57,0.48,1.0,317,0.46,0.9583,39,0.47,0.9791,6,0.47,0.9791,131,0
SPY190805C297,2019-08-02,2019-08-02 09:32:59,0.47,0.9791,39,0.46,0.9583,1,0.47,0.9791,6,0.465,0.9687,131,0
SPY190805C297,2019-08-02,2019-08-02 09:32:59,0.47,0.9791,279,0.46,0.9583,1,0.46,0.9583,1,0.465,0.9687,132,1
SPY190805C297,2019-08-02,2019-08-02 09:33:00,0.47,0.9791,107,0.45,0.9375,10,0.45,0.9375,3,0.46,0.9583,135,3
SPY190805C297,2019-08-02,2019-08-02 09:33:01,0.45,0.9375,5,0.43,0.8958,518,0.45,0.9375,10,0.44,0.9166,145,10
SPY190805C297,2019-08-02,2019-08-02 09:33:02,0.45,0.9375,71,0.44,0.9166,139,0.45,0.9375,10,0.445,0.927,145,0
SPY190805C297,2019-08-02,2019-08-02 09:33:04,0.46,0.9583,279,0.44,0.9166,22,0.45,0.9375,10,0.45,0.9375,145,0
SPY190805C297,2019-08-02,2019-08-02 09:33:05,0.47,0.9791,5,0.46,0.9583,39,0.45,0.9375,10,0.465,0.9687,145,0
SPY190805C297,2019-08-02,2019-08-02 09:33:05,0.47,0.9791,5,0.46,0.9583,5,0.45,0.9375,10,0.465,0.9687,145,0
SPY190805C297,2019-08-02,2019-08-02 09:33:06,0.46,0.9583,5,0.45,0.9375,154,0.45,0.9375,10,0.455,0.9479,145,0
SPY190805C297,2019-08-02,2019-08-02 09:33:07,0.47,0.9791,312,0.45,0.9375,150,0.45,0.9375,10,0.46,0.9583,145,0
SPY190805C297,2019-08-02,2019-08-02 09:33:08,0.47,0.9791,1,0.45,0.9375,438,0.45,0.9375,10,0.46,0.9583,145,0
SPY190805C297,2019-08-02,2019-08-02 09:33:09,0.46,0.9583,317,0.43,0.8958,437,0.45,0.9375,10,0.445,0.927,145,0
SPY190805C297,2019-08-02,2019-08-02 09:33:10,0.46,0.9583,5,0.45,0.9375,20,0.45,0.9375,10,0.455,0.9479,145,0
SPY190805C297,2019-08-02,2019-08-02 09:33:11,0.47,0.9791,100,0.46,0.9583,39,0.45,0.9375,10,0.465,0.9687,145,0
SPY190805C297,2019-08-02,2019-08-02 09:33:11,0.47,0.9791,90,0.45,0.9375,95,0.45,0.9375,10,0.46,0.9583,145,0
SPY190805C297,2019-08-02,2019-08-02 09:33:12,0.47,0.9791,172,0.45,0.9375,498,0.47,0.9791,1,0.46,0.9583,146,1
SPY190805C297,2019-08-02,2019-08-02 09:33:13,0.47,0.9791,6,0.47,0.9791,29,0.47,0.9791,1,0.47,0.9791,146,0
SPY190805C297,2019-08-02,2019-08-02 09:33:13,0.48,1.0,5,0.46,0.9583,118,0.47,0.9791,1,0.47,0.9791,146,0
SPY190805C297,2019-08-02,2019-08-02 09:33:14,0.47,0.9791,6,0.45,0.9375,618,0.46,0.9583,1,0.46,0.9583,147,0
SPY190805C297,2019-08-02,2019-08-02 09:33:14,0.47,0.9791,6,0.46,0.9583,128,0.46,0.9583,1,0.465,0.9687,147,1
SPY190805C297,2019-08-02,2019-08-02 09:33:15,0.48,1.0,39,0.46,0.9583,39,0.46,0.9583,1,0.47,0.9791,148,1
SPY190805C297,2019-08-02,2019-08-02 09:33:16,0.47,0.9791,43,0.45,0.9375,656,0.46,0.9583,1,0.46,0.9583,148,0
SPY190805C297,2019-08-02,2019-08-02 09:33:16,0.47,0.9791,100,0.45,0.9375,407,0.46,0.9583,1,0.46,0.9583,148,0
SPY190805C297,2019-08-02,2019-08-02 09:33:17,0.45,0.9375,6,0.44,0.9166,152,0.46,0.9583,1,0.445,0.927,148,0
SPY190805C297,2019-08-02,2019-08-02 09:33:18,0.46,0.9583,5,0.45,0.9375,156,0.47,0.9791,2,0.455,0.9479,150,2
SPY190805C297,2019-08-02,2019-08-02 09:33:19,0.46,0.9583,5,0.44,0.9166,186,0.47,0.9791,2,0.45,0.9375,150,0
SPY190805C297,2019-08-02,2019-08-02 09:33:19,0.47,0.9791,96,0.44,0.9166,128,0.47,0.9791,2,0.455,0.9479,150,0
SPY190805C297,2019-08-02,2019-08-02 09:33:20,0.46,0.9583,5,0.44,0.9166,307,0.47,0.9791,2,0.45,0.9375,150,0
SPY190805C297,2019-08-02,2019-08-02 09:33:21,0.46,0.9583,100,0.44,0.9166,307,0.47,0.9791,2,0.45,0.9375,150,0
SPY190805C297,2019-08-02,2019-08-02 09:33:21,0.46,0.9583,100,0.44,0.9166,38,0.44,0.9166,3,0.45,0.9375,153,3
SPY190805C297,2019-08-02,2019-08-02 09:33:22,0.45,0.9375,6,0.43,0.8958,128,0.44,0.9166,3,0.44,0.9166,153,0
SPY190805C297,2019-08-02,2019-08-02 09:33:23,0.45,0.9375,5,0.44,0.9166,128,0.44,0.9166,3,0.445,0.927,153,0
SPY190805C297,2019-08-02,2019-08-02 09:33:23,0.45,0.9375,128,0.43,0.8958,307,0.44,0.9166,3,0.44,0.9166,153,0
SPY190805C297,2019-08-02,2019-08-02 09:33:24,0.45,0.9375,5,0.43,0.8958,372,0.44,0.9166,3,0.44,0.9166,153,0
SPY190805C297,2019-08-02,2019-08-02 09:33:25,0.45,0.9375,5,0.44,0.9166,120,0.44,0.9166,3,0.445,0.927,153,0
SPY190805C297,2019-08-02,2019-08-02 09:33:25,0.46,0.9583,312,0.44,0.9166,119,0.44,0.9166,3,0.45,0.9375,153,0
SPY190805C297,2019-08-02,2019-08-02 09:33:26,0.46,0.9583,279,0.44,0.9166,269,0.44,0.9166,3,0.45,0.9375,153,0
SPY190805C297,2019-08-02,2019-08-02 09:33:26,0.45,0.9375,5,0.44,0.9166,140,0.44,0.9166,3,0.445,0.927,153,0
SPY190805C297,2019-08-02,2019-08-02 09:33:27,0.45,0.9375,6,0.44,0.9166,46,0.44,0.9166,3,0.445,0.927,153,0
SPY190805C297,2019-08-02,2019-08-02 09:33:28,0.46,0.9583,320,0.44,0.9166,190,0.44,0.9166,3,0.45,0.9375,153,0
SPY190805C297,2019-08-02,2019-08-02 09:33:28,0.45,0.9375,6,0.44,0.9166,190,0.44,0.9166,3,0.445,0.927,153,0
SPY190805C297,2019-08-02,2019-08-02 09:33:29,0.46,0.9583,6,0.45,0.9375,126,0.44,0.9166,3,0.455,0.9479,153,0
SPY190805C297,2019-08-02,2019-08-02 09:33:29,0.47,0.9791,96,0.45,0.9375,37,0.44,0.9166,3,0.46,0.9583,153,0
SPY190805C297,2019-08-02,2019-08-02 09:33:30,0.47,0.9791,317,0.45,0.9375,257,0.44,0.9166,3,0.46,0.9583,153,0
SPY190805C297,2019-08-02,2019-08-02 09:33:31,0.46,0.9583,6,0.45,0.9375,220,0.44,0.9166,3,0.455,0.9479,153,0
SPY190805C297,2019-08-02,2019-08-02 09:33:31,0.46,0.9583,6,0.45,0.9375,257,0.44,0.9166,3,0.455,0.9479,153,0
SPY190805C297,2019-08-02,2019-08-02 09:33:32,0.46,0.9583,6,0.45,0.9375,29,0.44,0.9166,3,0.455,0.9479,153,0
SPY190805C297,2019-08-02,2019-08-02 09:33:32,0.46,0.9583,43,0.44,0.9166,37,0.44,0.9166,3,0.45,0.9375,153,0
SPY190805C297,2019-08-02,2019-08-02 09:33:33,0.47,0.9791,20,0.45,0.9375,5,0.44,0.9166,3,0.46,0.9583,153,0
SPY190805C297,2019-08-02,2019-08-02 09:33:34,0.47,0.9791,317,0.45,0.9375,213,0.44,0.9166,3,0.46,0.9583,153,0
SPY190805C297,2019-08-02,2019-08-02 09:33:35,0.46,0.9583,5,0.45,0.9375,5,0.44,0.9166,3,0.455,0.9479,153,0
SPY190805C297,2019-08-02,2019-08-02 09:33:35,0.47,0.9791,317,0.45,0.9375,231,0.44,0.9166,3,0.46,0.9583,153,0
SPY190805C297,2019-08-02,2019-08-02 09:33:36,0.47,0.9791,5,0.45,0.9375,128,0.44,0.9166,3,0.46,0.9583,153,0
SPY190805C297,2019-08-02,2019-08-02 09:33:37,0.46,0.9583,6,0.45,0.9375,302,0.44,0.9166,3,0.455,0.9479,153,0
SPY190805C297,2019-08-02,2019-08-02 09:33:37,0.47,0.9791,5,0.46,0.9583,37,0.44,0.9166,3,0.465,0.9687,153,0
SPY190805C297,2019-08-02,2019-08-02 09:33:38,0.48,1.0,300,0.46,0.9583,227,0.44,0.9166,3,0.47,0.9791,153,0
SPY190805C297,2019-08-02,2019-08-02 09:33:39,0.49,1.0208,550,0.46,0.9583,222,0.44,0.9166,3,0.475,0.9895,153,0
SPY190805C297,2019-08-02,2019-08-02 09:33:39,0.47,0.9791,287,0.45,0.9375,454,0.44,0.9166,3,0.46,0.9583,153,0
SPY190805C297,2019-08-02,2019-08-02 09:33:40,0.47,0.9791,50,0.45,0.9375,149,0.44,0.9166,3,0.46,0.9583,153,0
SPY190805C297,2019-08-02,2019-08-02 09:33:40,0.47,0.9791,279,0.45,0.9375,227,0.44,0.9166,3,0.46,0.9583,153,0
SPY190805C297,2019-08-02,2019-08-02 09:33:41,0.47,0.9791,318,0.45,0.9375,227,0.44,0.9166,3,0.46,0.9583,153,0
SPY190805C297,2019-08-02,2019-08-02 09:33:41,0.47,0.9791,294,0.45,0.9375,222,0.44,0.9166,3,0.46,0.9583,153,0
SPY190805C297,2019-08-02,2019-08-02 09:33:42,0.46,0.9583,5,0.45,0.9375,227,0.44,0.9166,3,0.455,0.9479,153,0
SPY190805C297,2019-08-02,2019-08-02 09:33:43,0.46,0.9583,39,0.44,0.9166,92,0.45,0.9375,1,0.45,0.9375,154,1
SPY190805C297,2019-08-02,2019-08-02 09:33:43,0.46,0.9583,317,0.44,0.9166,102,0.45,0.9375,1,0.45,0.9375,154,0
SPY190805C297,2019-08-02,2019-08-02 09:33:44,0.47,0.9791,285,0.45,0.9375,37,0.45,0.9375,1,0.46,0.9583,154,0
SPY190805C297,2019-08-02,2019-08-02 09:33:45,0.46,0.9583,204,0.44,0.9166,407,0.45,0.9375,1,0.45,0.9375,154,0
SPY190805C297,2019-08-02,2019-08-02 09:33:45,0.45,0.9375,5,0.44,0.9166,204,0.45,0.9375,1,0.445,0.927,154,0
SPY190805C297,2019-08-02,2019-08-02 09:33:46,0.45,0.9375,39,0.43,0.8958,309,0.45,0.9375,1,0.44,0.9166,154,0
SPY190805C297,2019-08-02,2019-08-02 09:33:48,0.44,0.9166,139,0.42,0.875,318,0.45,0.9375,1,0.43,0.8958,154,0
SPY190805C297,2019-08-02,2019-08-02 09:33:48,0.44,0.9166,309,0.42,0.875,303,0.45,0.9375,1,0.43,0.8958,154,0
SPY190805C297,2019-08-02,2019-08-02 09:33:50,0.44,0.9166,139,0.42,0.875,406,0.45,0.9375,1,0.43,0.8958,154,0
SPY190805C297,2019-08-02,2019-08-02 09:33:51,0.43,0.8958,5,0.42,0.875,208,0.45,0.9375,1,0.425,0.8854,154,0
SPY190805C297,2019-08-02,2019-08-02 09:33:52,0.43,0.8958,315,0.41,0.8541,548,0.45,0.9375,1,0.42,0.875,154,0
SPY190805C297,2019-08-02,2019-08-02 09:33:54,0.43,0.8958,5,0.42,0.875,28,0.45,0.9375,1,0.425,0.8854,154,0
SPY190805C297,2019-08-02,2019-08-02 09:33:55,0.43,0.8958,317,0.42,0.875,10,0.45,0.9375,1,0.425,0.8854,154,0
SPY190805C297,2019-08-02,2019-08-02 09:33:56,0.43,0.8958,100,0.41,0.8541,297,0.45,0.9375,1,0.42,0.875,154,0
SPY190805C297,2019-08-02,2019-08-02 09:33:57,0.42,0.875,5,0.41,0.8541,103,0.45,0.9375,1,0.415,0.8645,154,0
SPY190805C297,2019-08-02,2019-08-02 09:33:57,0.43,0.8958,325,0.41,0.8541,81,0.45,0.9375,1,0.42,0.875,154,0
SPY190805C297,2019-08-02,2019-08-02 09:34:00,0.43,0.8958,1,0.42,0.875,37,0.43,0.8958,1,0.425,0.8854,155,1
SPY190805C297,2019-08-02,2019-08-02 09:34:03,0.44,0.9166,100,0.43,0.8958,37,0.43,0.8958,1,0.435,0.9062,156,1
SPY190805C297,2019-08-02,2019-08-02 09:34:04,0.44,0.9166,5,0.43,0.8958,37,0.43,0.8958,1,0.435,0.9062,156,0
SPY190805C297,2019-08-02,2019-08-02 09:34:08,0.47,0.9791,6,0.46,0.9583,117,0.43,0.8958,1,0.465,0.9687,156,0
SPY190805C297,2019-08-02,2019-08-02 09:34:09,0.48,1.0,124,0.46,0.9583,37,0.43,0.8958,1,0.47,0.9791,156,0
SPY190805C297,2019-08-02,2019-08-02 09:34:11,0.46,0.9583,5,0.45,0.9375,28,0.43,0.8958,1,0.455,0.9479,156,0
SPY190805C297,2019-08-02,2019-08-02 09:34:12,0.46,0.9583,6,0.45,0.9375,19,0.43,0.8958,1,0.455,0.9479,156,0
SPY190805C297,2019-08-02,2019-08-02 09:34:13,0.46,0.9583,1,0.44,0.9166,159,0.43,0.8958,1,0.45,0.9375,156,0
SPY190805C297,2019-08-02,2019-08-02 09:34:14,0.45,0.9375,306,0.42,0.875,150,0.44,0.9166,1,0.435,0.9062,161,5
SPY190805C297,2019-08-02,2019-08-02 09:34:15,0.45,0.9375,257,0.42,0.875,10,0.44,0.9166,1,0.435,0.9062,161,0
SPY190805C297,2019-08-02,2019-08-02 09:34:17,0.44,0.9166,6,0.43,0.8958,28,0.44,0.9166,1,0.435,0.9062,161,0
SPY190805C297,2019-08-02,2019-08-02 09:34:18,0.45,0.9375,6,0.44,0.9166,37,0.44,0.9166,1,0.445,0.927,161,0
SPY190805C297,2019-08-02,2019-08-02 09:34:19,0.45,0.9375,6,0.44,0.9166,37,0.44,0.9166,1,0.445,0.927,161,0
SPY190805C297,2019-08-02,2019-08-02 09:34:20,0.45,0.9375,5,0.44,0.9166,46,0.44,0.9166,1,0.445,0.927,161,0
SPY190805C297,2019-08-02,2019-08-02 09:34:21,0.43,0.8958,6,0.42,0.875,208,0.44,0.9166,1,0.425,0.8854,161,0
SPY190805C297,2019-08-02,2019-08-02 09:34:21,0.46,0.9583,650,0.43,0.8958,37,0.44,0.9166,1,0.445,0.927,161,0
SPY190805C297,2019-08-02,2019-08-02 09:34:22,0.44,0.9166,5,0.42,0.875,284,0.45,0.9375,1,0.43,0.8958,162,1
SPY190805C297,2019-08-02,2019-08-02 09:34:23,0.45,0.9375,1062,0.42,0.875,126,0.45,0.9375,1,0.435,0.9062,162,0
SPY190805C297,2019-08-02,2019-08-02 09:34:23,0.44,0.9166,5,0.42,0.875,126,0.45,0.9375,1,0.43,0.8958,162,0
SPY190805C297,2019-08-02,2019-08-02 09:34:24,0.44,0.9166,407,0.42,0.875,28,0.45,0.9375,1,0.43,0.8958,162,0
SPY190805C297,2019-08-02,2019-08-02 09:34:25,0.44,0.9166,6,0.42,0.875,100,0.45,0.9375,1,0.43,0.8958,162,0
SPY190805C297,2019-08-02,2019-08-02 09:34:26,0.43,0.8958,100,0.42,0.875,19,0.43,0.8958,2,0.425,0.8854,164,2
SPY190805C297,2019-08-02,2019-08-02 09:34:26,0.43,0.8958,6,0.41,0.8541,153,0.43,0.8958,2,0.42,0.875,164,0
SPY190805C297,2019-08-02,2019-08-02 09:34:27,0.43,0.8958,100,0.41,0.8541,163,0.43,0.8958,2,0.42,0.875,164,0
SPY190805C297,2019-08-02,2019-08-02 09:34:27,0.42,0.875,6,0.41,0.8541,153,0.43,0.8958,2,0.415,0.8645,164,0
SPY190805C297,2019-08-02,2019-08-02 09:34:28,0.43,0.8958,324,0.42,0.875,33,0.43,0.8958,2,0.425,0.8854,164,0
SPY190805C297,2019-08-02,2019-08-02 09:34:29,0.43,0.8958,50,0.42,0.875,37,0.43,0.8958,2,0.425,0.8854,164,0
SPY190805C297,2019-08-02,2019-08-02 09:34:29,0.44,0.9166,56,0.43,0.8958,28,0.43,0.8958,2,0.435,0.9062,164,0
SPY190805C297,2019-08-02,2019-08-02 09:34:30,0.44,0.9166,6,0.43,0.8958,37,0.43,0.8958,2,0.435,0.9062,164,0
SPY190805C297,2019-08-02,2019-08-02 09:34:31,0.45,0.9375,307,0.42,0.875,236,0.43,0.8958,2,0.435,0.9062,164,0
SPY190805C297,2019-08-02,2019-08-02 09:34:31,0.42,0.875,6,0.41,0.8541,454,0.43,0.8958,2,0.415,0.8645,164,0
SPY190805C297,2019-08-02,2019-08-02 09:34:32,0.42,0.875,5,0.41,0.8541,37,0.43,0.8958,2,0.415,0.8645,164,0
SPY190805C297,2019-08-02,2019-08-02 09:34:33,0.41,0.8541,6,0.4,0.8333,343,0.43,0.8958,2,0.405,0.8437,164,0
SPY190805C297,2019-08-02,2019-08-02 09:34:33,0.42,0.875,6,0.41,0.8541,37,0.43,0.8958,2,0.415,0.8645,164,0
SPY190805C297,2019-08-02,2019-08-02 09:34:34,0.42,0.875,6,0.41,0.8541,74,0.43,0.8958,2,0.415,0.8645,164,0
SPY190805C297,2019-08-02,2019-08-02 09:34:35,0.42,0.875,6,0.4,0.8333,186,0.43,0.8958,2,0.41,0.8541,164,0
SPY190805C297,2019-08-02,2019-08-02 09:34:35,0.42,0.875,6,0.4,0.8333,503,0.42,0.875,1,0.41,0.8541,165,1
SPY190805C297,2019-08-02,2019-08-02 09:34:38,0.41,0.8541,6,0.4,0.8333,37,0.42,0.875,1,0.405,0.8437,165,0
SPY190805C297,2019-08-02,2019-08-02 09:34:39,0.42,0.875,6,0.41,0.8541,195,0.42,0.875,1,0.415,0.8645,165,0
SPY190805C297,2019-08-02,2019-08-02 09:34:43,0.45,0.9375,381,0.42,0.875,25,0.42,0.875,1,0.435,0.9062,165,0
SPY190805C297,2019-08-02,2019-08-02 09:34:44,0.42,0.875,6,0.41,0.8541,60,0.42,0.875,1,0.415,0.8645,165,0
SPY190805C297,2019-08-02,2019-08-02 09:34:45,0.42,0.875,5,0.41,0.8541,33,0.42,0.875,1,0.415,0.8645,165,0
SPY190805C297,2019-08-02,2019-08-02 09:34:46,0.42,0.875,5,0.41,0.8541,47,0.42,0.875,1,0.415,0.8645,165,0
SPY190805C297,2019-08-02,2019-08-02 09:34:54,0.42,0.875,5,0.41,0.8541,28,0.42,0.875,1,0.415,0.8645,165,0
SPY190805C297,2019-08-02,2019-08-02 09:35:02,0.43,0.8958,50,0.42,0.875,12,0.42,0.875,1,0.425,0.8854,165,0
SPY190805C297,2019-08-02,2019-08-02 09:35:03,0.43,0.8958,6,0.41,0.8541,157,0.42,0.875,6,0.42,0.875,171,0
SPY190805C297,2019-08-02,2019-08-02 09:35:03,0.43,0.8958,5,0.41,0.8541,132,0.42,0.875,6,0.42,0.875,171,6
SPY190805C297,2019-08-02,2019-08-02 09:35:04,0.44,0.9166,35,0.42,0.875,37,0.42,0.875,6,0.43,0.8958,171,0
SPY190805C297,2019-08-02,2019-08-02 09:35:07,0.43,0.8958,5,0.41,0.8541,137,0.42,0.875,6,0.42,0.875,171,0
SPY190805C297,2019-08-02,2019-08-02 09:35:07,0.43,0.8958,6,0.42,0.875,29,0.42,0.875,6,0.425,0.8854,171,0
SPY190805C297,2019-08-02,2019-08-02 09:35:09,0.43,0.8958,31,0.41,0.8541,12,0.42,0.875,6,0.42,0.875,171,0
SPY190805C297,2019-08-02,2019-08-02 09:35:11,0.42,0.875,31,0.39,0.8125,448,0.41,0.8541,1,0.405,0.8437,173,2
SPY190805C297,2019-08-02,2019-08-02 09:35:12,0.41,0.8541,5,0.39,0.8125,865,0.41,0.8541,1,0.4,0.8333,173,0
SPY190805C297,2019-08-02,2019-08-02 09:35:12,0.41,0.8541,20,0.4,0.8333,28,0.41,0.8541,1,0.405,0.8437,173,0
SPY190805C297,2019-08-02,2019-08-02 09:35:15,0.41,0.8541,318,0.38,0.7916,953,0.41,0.8541,1,0.395,0.8229,173,0
SPY190805C297,2019-08-02,2019-08-02 09:35:20,0.38,0.7916,5,0.37,0.7708,100,0.38,0.7916,3,0.375,0.7812,176,3
SPY190805C297,2019-08-02,2019-08-02 09:35:21,0.37,0.7708,5,0.36,0.75,100,0.38,0.7916,3,0.365,0.7604,176,0
SPY190805C297,2019-08-02,2019-08-02 09:35:21,0.39,0.8125,133,0.36,0.75,100,0.38,0.7916,3,0.375,0.7812,176,0
SPY190805C297,2019-08-02,2019-08-02 09:35:22,0.37,0.7708,5,0.35,0.7291,948,0.38,0.7916,3,0.36,0.75,176,0
SPY190805C297,2019-08-02,2019-08-02 09:35:27,0.36,0.75,100,0.34,0.7083,277,0.34,0.7083,20,0.35,0.7291,196,20
SPY190805C297,2019-08-02,2019-08-02 09:35:31,0.37,0.7708,297,0.36,0.75,2,0.36,0.75,1,0.365,0.7604,197,1
SPY190805C297,2019-08-02,2019-08-02 09:35:31,0.38,0.7916,623,0.36,0.75,47,0.36,0.75,1,0.37,0.7708,197,0
SPY190805C297,2019-08-02,2019-08-02 09:35:37,0.36,0.75,239,0.33,0.6875,227,0.36,0.75,2,0.345,0.7187,199,2
SPY190805C297,2019-08-02,2019-08-02 09:35:44,0.34,0.7083,5,0.32,0.6666,147,0.33,0.6875,1,0.33,0.6875,200,1
SPY190805C297,2019-08-02,2019-08-02 09:35:46,0.34,0.7083,239,0.31,0.6458,215,0.34,0.7083,1,0.325,0.677,211,0
SPY190805C297,2019-08-02,2019-08-02 09:35:46,0.35,0.7291,1494,0.32,0.6666,28,0.34,0.7083,1,0.335,0.6979,211,11
SPY190805C297,2019-08-02,2019-08-02 09:35:47,0.34,0.7083,239,0.31,0.6458,225,0.34,0.7083,1,0.325,0.677,212,1
SPY190805C297,2019-08-02,2019-08-02 09:35:48,0.33,0.6875,1,0.31,0.6458,28,0.34,0.7083,1,0.32,0.6666,212,0
SPY190805C297,2019-08-02,2019-08-02 09:35:49,0.33,0.6875,5,0.31,0.6458,120,0.34,0.7083,1,0.32,0.6666,212,0
SPY190805C297,2019-08-02,2019-08-02 09:35:49,0.34,0.7083,110,0.31,0.6458,148,0.34,0.7083,1,0.325,0.677,212,0
SPY190805C297,2019-08-02,2019-08-02 09:35:50,0.33,0.6875,17,0.31,0.6458,110,0.33,0.6875,2,0.32,0.6666,214,2
SPY190805C297,2019-08-02,2019-08-02 09:35:51,0.34,0.7083,1062,0.3,0.625,121,0.33,0.6875,2,0.32,0.6666,214,0
SPY190805C297,2019-08-02,2019-08-02 09:35:51,0.33,0.6875,17,0.31,0.6458,129,0.33,0.6875,2,0.32,0.6666,214,0
SPY190805C297,2019-08-02,2019-08-02 09:35:52,0.32,0.6666,100,0.31,0.6458,129,0.33,0.6875,2,0.315,0.6562,214,0
SPY190805C297,2019-08-02,2019-08-02 09:35:52,0.33,0.6875,17,0.31,0.6458,147,0.33,0.6875,2,0.32,0.6666,214,0
SPY190805C297,2019-08-02,2019-08-02 09:35:54,0.32,0.6666,5,0.31,0.6458,139,0.33,0.6875,2,0.315,0.6562,214,0
SPY190805C297,2019-08-02,2019-08-02 09:35:57,0.32,0.6666,5,0.31,0.6458,129,0.33,0.6875,2,0.315,0.6562,214,0
SPY190805C297,2019-08-02,2019-08-02 09:36:21,0.34,0.7083,36,0.32,0.6666,139,0.32,0.6666,11,0.33,0.6875,333,119
SPY190805C297,2019-08-02,2019-08-02 09:36:24,0.37,0.7708,634,0.34,0.7083,265,0.32,0.6666,11,0.355,0.7395,333,0
SPY190805C297,2019-08-02,2019-08-02 09:36:25,0.36,0.75,100,0.34,0.7083,44,0.32,0.6666,11,0.35,0.7291,333,0
SPY190805C297,2019-08-02,2019-08-02 09:36:26,0.36,0.75,5,0.34,0.7083,465,0.32,0.6666,11,0.35,0.7291,333,0
SPY190805C297,2019-08-02,2019-08-02 09:36:29,0.38,0.7916,878,0.37,0.7708,5,0.32,0.6666,11,0.375,0.7812,333,0
SPY190805C297,2019-08-02,2019-08-02 09:36:31,0.38,0.7916,5,0.37,0.7708,37,0.32,0.6666,11,0.375,0.7812,333,0
SPY190805C297,2019-08-02,2019-08-02 09:36:32,0.39,0.8125,38,0.37,0.7708,38,0.32,0.6666,11,0.38,0.7916,333,0
SPY190805C297,2019-08-02,2019-08-02 09:36:33,0.39,0.8125,22,0.37,0.7708,73,0.32,0.6666,11,0.38,0.7916,333,0
SPY190805C297,2019-08-02,2019-08-02 09:36:33,0.38,0.7916,5,0.37,0.7708,39,0.32,0.6666,11,0.375,0.7812,333,0
SPY190805C297,2019-08-02,2019-08-02 09:36:34,0.39,0.8125,132,0.38,0.7916,8,0.32,0.6666,11,0.385,0.802,333,0
SPY190805C297,2019-08-02,2019-08-02 09:36:34,0.39,0.8125,120,0.38,0.7916,5,0.32,0.6666,11,0.385,0.802,333,0
SPY190805C297,2019-08-02,2019-08-02 09:36:35,0.4,0.8333,864,0.38,0.7916,5,0.32,0.6666,11,0.39,0.8125,333,0
SPY190805C297,2019-08-02,2019-08-02 09:36:36,0.38,0.7916,38,0.36,0.75,331,0.38,0.7916,2,0.37,0.7708,338,5
SPY190805C297,2019-08-02,2019-08-02 09:36:37,0.39,0.8125,140,0.36,0.75,100,0.38,0.7916,2,0.375,0.7812,338,0
SPY190805C297,2019-08-02,2019-08-02 09:36:38,0.38,0.7916,199,0.35,0.7291,356,0.38,0.7916,2,0.365,0.7604,338,0
SPY190805C297,2019-08-02,2019-08-02 09:36:39,0.37,0.7708,121,0.35,0.7291,356,0.38,0.7916,2,0.36,0.75,338,0
SPY190805C297,2019-08-02,2019-08-02 09:36:40,0.36,0.75,199,0.33,0.6875,1361,0.38,0.7916,2,0.345,0.7187,338,0
SPY190805C297,2019-08-02,2019-08-02 09:36:40,0.36,0.75,29,0.34,0.7083,70,0.38,0.7916,2,0.35,0.7291,338,0
SPY190805C297,2019-08-02,2019-08-02 09:36:41,0.36,0.75,139,0.33,0.6875,727,0.38,0.7916,2,0.345,0.7187,338,0
SPY190805C297,2019-08-02,2019-08-02 09:36:41,0.35,0.7291,19,0.33,0.6875,441,0.38,0.7916,2,0.34,0.7083,338,0
SPY190805C297,2019-08-02,2019-08-02 09:36:42,0.35,0.7291,133,0.32,0.6666,1134,0.38,0.7916,2,0.335,0.6979,338,0
SPY190805C297,2019-08-02,2019-08-02 09:36:43,0.35,0.7291,414,0.32,0.6666,37,0.38,0.7916,2,0.335,0.6979,338,0
SPY190805C297,2019-08-02,2019-08-02 09:36:44,0.34,0.7083,19,0.32,0.6666,510,0.38,0.7916,2,0.33,0.6875,338,0
SPY190805C297,2019-08-02,2019-08-02 09:36:45,0.34,0.7083,19,0.31,0.6458,1184,0.38,0.7916,2,0.325,0.677,338,0
SPY190805C297,2019-08-02,2019-08-02 09:36:46,0.34,0.7083,240,0.31,0.6458,1134,0.38,0.7916,2,0.325,0.677,338,0
SPY190805C297,2019-08-02,2019-08-02 09:36:47,0.34,0.7083,176,0.31,0.6458,1134,0.38,0.7916,2,0.325,0.677,338,0
SPY190805C297,2019-08-02,2019-08-02 09:36:47,0.34,0.7083,259,0.31,0.6458,1184,0.38,0.7916,2,0.325,0.677,338,0
SPY190805C297,2019-08-02,2019-08-02 09:36:48,0.34,0.7083,193,0.32,0.6666,47,0.38,0.7916,2,0.33,0.6875,338,0
SPY190805C297,2019-08-02,2019-08-02 09:36:49,0.34,0.7083,193,0.32,0.6666,44,0.38,0.7916,2,0.33,0.6875,338,0
SPY190805C297,2019-08-02,2019-08-02 09:36:50,0.34,0.7083,193,0.33,0.6875,1,0.38,0.7916,2,0.335,0.6979,338,0
SPY190805C297,2019-08-02,2019-08-02 09:36:51,0.35,0.7291,266,0.33,0.6875,10,0.38,0.7916,2,0.34,0.7083,338,0
SPY190805C297,2019-08-02,2019-08-02 09:36:51,0.35,0.7291,206,0.33,0.6875,37,0.38,0.7916,2,0.34,0.7083,338,0
SPY190805C297,2019-08-02,2019-08-02 09:36:53,0.35,0.7291,120,0.33,0.6875,37,0.38,0.7916,2,0.34,0.7083,338,0
SPY190805C297,2019-08-02,2019-08-02 09:36:53,0.36,0.75,550,0.33,0.6875,500,0.38,0.7916,2,0.345,0.7187,338,0
SPY190805C297,2019-08-02,2019-08-02 09:36:54,0.37,0.7708,176,0.33,0.6875,1200,0.38,0.7916,2,0.35,0.7291,338,0
SPY190805C297,2019-08-02,2019-08-02 09:36:54,0.37,0.7708,176,0.34,0.7083,792,0.38,0.7916,2,0.355,0.7395,338,0
SPY190805C297,2019-08-02,2019-08-02 09:36:55,0.37,0.7708,110,0.35,0.7291,37,0.38,0.7916,2,0.36,0.75,338,0
SPY190805C297,2019-08-02,2019-08-02 09:36:56,0.37,0.7708,110,0.35,0.7291,47,0.38,0.7916,2,0.36,0.75,338,0
SPY190805C297,2019-08-02,2019-08-02 09:36:57,0.36,0.75,110,0.34,0.7083,42,0.38,0.7916,2,0.35,0.7291,338,0
SPY190805C297,2019-08-02,2019-08-02 09:36:57,0.37,0.7708,254,0.34,0.7083,147,0.38,0.7916,2,0.355,0.7395,338,0
SPY190805C297,2019-08-02,2019-08-02 09:36:58,0.36,0.75,110,0.34,0.7083,37,0.38,0.7916,2,0.35,0.7291,338,0
SPY190805C297,2019-08-02,2019-08-02 09:36:59,0.36,0.75,110,0.34,0.7083,47,0.38,0.7916,2,0.35,0.7291,338,0
SPY190805C297,2019-08-02,2019-08-02 09:37:00,0.35,0.7291,1,0.34,0.7083,47,0.38,0.7916,2,0.345,0.7187,338,0
SPY190805C297,2019-08-02,2019-08-02 09:37:01,0.35,0.7291,120,0.33,0.6875,37,0.38,0.7916,2,0.34,0.7083,338,0
SPY190805C297,2019-08-02,2019-08-02 09:37:01,0.35,0.7291,1,0.34,0.7083,10,0.38,0.7916,2,0.345,0.7187,338,0
SPY190805C297,2019-08-02,2019-08-02 09:37:02,0.35,0.7291,120,0.32,0.6666,685,0.38,0.7916,2,0.335,0.6979,338,0
SPY190805C297,2019-08-02,2019-08-02 09:37:02,0.35,0.7291,120,0.32,0.6666,806,0.38,0.7916,2,0.335,0.6979,338,0
SPY190805C297,2019-08-02,2019-08-02 09:37:03,0.35,0.7291,132,0.32,0.6666,732,0.38,0.7916,2,0.335,0.6979,338,0
SPY190805C297,2019-08-02,2019-08-02 09:37:04,0.35,0.7291,132,0.32,0.6666,157,0.38,0.7916,2,0.335,0.6979,338,0
SPY190805C297,2019-08-02,2019-08-02 09:37:05,0.34,0.7083,1,0.32,0.6666,47,0.38,0.7916,2,0.33,0.6875,338,0
SPY190805C297,2019-08-02,2019-08-02 09:37:05,0.34,0.7083,1,0.32,0.6666,37,0.34,0.7083,1,0.33,0.6875,339,1
SPY190805C297,2019-08-02,2019-08-02 09:37:06,0.34,0.7083,19,0.31,0.6458,1134,0.34,0.7083,1,0.325,0.677,339,0
SPY190805C297,2019-08-02,2019-08-02 09:37:07,0.34,0.7083,1,0.32,0.6666,5,0.34,0.7083,1,0.33,0.6875,339,0
SPY190805C297,2019-08-02,2019-08-02 09:37:08,0.35,0.7291,176,0.33,0.6875,37,0.34,0.7083,1,0.34,0.7083,339,0
SPY190805C297,2019-08-02,2019-08-02 09:37:09,0.35,0.7291,114,0.32,0.6666,1150,0.34,0.7083,1,0.335,0.6979,339,0
SPY190805C297,2019-08-02,2019-08-02 09:37:10,0.34,0.7083,1,0.32,0.6666,1612,0.34,0.7083,1,0.33,0.6875,339,0
SPY190805C297,2019-08-02,2019-08-02 09:37:11,0.34,0.7083,1,0.33,0.6875,146,0.34,0.7083,1,0.335,0.6979,339,0
SPY190805C297,2019-08-02,2019-08-02 09:37:12,0.34,0.7083,1,0.33,0.6875,279,0.34,0.7083,1,0.335,0.6979,339,0
SPY190805C297,2019-08-02,2019-08-02 09:37:13,0.36,0.75,120,0.34,0.7083,37,0.34,0.7083,1,0.35,0.7291,340,1
SPY190805C297,2019-08-02,2019-08-02 09:37:13,0.37,0.7708,176,0.34,0.7083,47,0.34,0.7083,1,0.355,0.7395,340,0
SPY190805C297,2019-08-02,2019-08-02 09:37:14,0.37,0.7708,242,0.34,0.7083,82,0.34,0.7083,1,0.355,0.7395,340,0
SPY190805C297,2019-08-02,2019-08-02 09:37:15,0.37,0.7708,320,0.34,0.7083,101,0.34,0.7083,1,0.355,0.7395,340,0
SPY190805C297,2019-08-02,2019-08-02 09:37:21,0.36,0.75,121,0.35,0.7291,5,0.34,0.7083,1,0.355,0.7395,340,0
SPY190805C297,2019-08-02,2019-08-02 09:37:21,0.36,0.75,10,0.35,0.7291,5,0.34,0.7083,1,0.355,0.7395,340,0
SPY190805C297,2019-08-02,2019-08-02 09:37:27,0.37,0.7708,180,0.36,0.75,5,0.34,0.7083,1,0.365,0.7604,340,0
SPY190805C297,2019-08-02,2019-08-02 09:37:29,0.36,0.75,120,0.34,0.7083,37,0.34,0.7083,1,0.35,0.7291,340,0
SPY190805C297,2019-08-02,2019-08-02 09:37:30,0.37,0.7708,1438,0.34,0.7083,137,0.34,0.7083,1,0.355,0.7395,340,0
SPY190805C297,2019-08-02,2019-08-02 09:37:31,0.37,0.7708,238,0.33,0.6875,866,0.34,0.7083,1,0.35,0.7291,340,0
SPY190805C297,2019-08-02,2019-08-02 09:37:32,0.36,0.75,110,0.35,0.7291,5,0.34,0.7083,1,0.355,0.7395,340,0
SPY190805C297,2019-08-02,2019-08-02 09:37:33,0.36,0.75,235,0.34,0.7083,333,0.34,0.7083,1,0.35,0.7291,340,0
SPY190805C297,2019-08-02,2019-08-02 09:37:35,0.35,0.7291,221,0.32,0.6666,37,0.34,0.7083,1,0.335,0.6979,340,0
SPY190805C297,2019-08-02,2019-08-02 09:37:35,0.35,0.7291,120,0.34,0.7083,5,0.34,0.7083,1,0.345,0.7187,340,0
SPY190805C297,2019-08-02,2019-08-02 09:37:36,0.34,0.7083,16,0.32,0.6666,37,0.34,0.7083,1,0.33,0.6875,340,0
SPY190805C297,2019-08-02,2019-08-02 09:37:37,0.35,0.7291,300,0.34,0.7083,5,0.34,0.7083,1,0.345,0.7187,340,0
SPY190805C297,2019-08-02,2019-08-02 09:37:37,0.35,0.7291,176,0.33,0.6875,46,0.34,0.7083,1,0.34,0.7083,340,0
SPY190805C297,2019-08-02,2019-08-02 09:37:39,0.35,0.7291,283,0.33,0.6875,60,0.34,0.7083,2,0.34,0.7083,345,5
SPY190805C297,2019-08-02,2019-08-02 09:37:41,0.36,0.75,346,0.35,0.7291,5,0.34,0.7083,2,0.355,0.7395,345,0
SPY190805C297,2019-08-02,2019-08-02 09:37:41,0.36,0.75,476,0.34,0.7083,302,0.34,0.7083,2,0.35,0.7291,345,0
SPY190805C297,2019-08-02,2019-08-02 09:37:42,0.37,0.7708,634,0.35,0.7291,8,0.34,0.7083,2,0.36,0.75,345,0
SPY190805C297,2019-08-02,2019-08-02 09:37:43,0.37,0.7708,500,0.33,0.6875,179,0.34,0.7083,2,0.35,0.7291,345,0
SPY190805C297,2019-08-02,2019-08-02 09:37:45,0.37,0.7708,859,0.34,0.7083,47,0.34,0.7083,2,0.355,0.7395,345,0
SPY190805C297,2019-08-02,2019-08-02 09:37:46,0.36,0.75,125,0.35,0.7291,5,0.34,0.7083,2,0.355,0.7395,345,0
SPY190805C297,2019-08-02,2019-08-02 09:37:47,0.36,0.75,110,0.35,0.7291,5,0.34,0.7083,2,0.355,0.7395,345,0
SPY190805C297,2019-08-02,2019-08-02 09:37:47,0.37,0.7708,772,0.35,0.7291,333,0.34,0.7083,2,0.36,0.75,345,0
SPY190805C297,2019-08-02,2019-08-02 09:37:48,0.37,0.7708,112,0.36,0.75,5,0.34,0.7083,2,0.365,0.7604,345,0
SPY190805C297,2019-08-02,2019-08-02 09:37:49,0.38,0.7916,110,0.36,0.75,119,0.34,0.7083,2,0.37,0.7708,345,0
SPY190805C297,2019-08-02,2019-08-02 09:37:49,0.37,0.7708,112,0.36,0.75,137,0.34,0.7083,2,0.365,0.7604,345,0
SPY190805C297,2019-08-02,2019-08-02 09:37:50,0.38,0.7916,193,0.36,0.75,5,0.37,0.7708,5,0.37,0.7708,350,5
SPY190805C297,2019-08-02,2019-08-02 09:37:51,0.38,0.7916,110,0.35,0.7291,37,0.37,0.7708,5,0.365,0.7604,350,0
SPY190805C297,2019-08-02,2019-08-02 09:37:51,0.38,0.7916,110,0.37,0.7708,5,0.37,0.7708,5,0.375,0.7812,350,0
SPY190805C297,2019-08-02,2019-08-02 09:37:52,0.37,0.7708,121,0.35,0.7291,328,0.37,0.7708,5,0.36,0.75,350,0
SPY190805C297,2019-08-02,2019-08-02 09:37:53,0.37,0.7708,121,0.35,0.7291,50,0.37,0.7708,5,0.36,0.75,350,0
SPY190805C297,2019-08-02,2019-08-02 09:37:54,0.37,0.7708,121,0.36,0.75,3,0.37,0.7708,5,0.365,0.7604,350,0
SPY190805C297,2019-08-02,2019-08-02 09:37:54,0.37,0.7708,121,0.36,0.75,8,0.37,0.7708,5,0.365,0.7604,350,0
SPY190805C297,2019-08-02,2019-08-02 09:37:55,0.38,0.7916,660,0.36,0.75,147,0.37,0.7708,5,0.37,0.7708,350,0
SPY190805C297,2019-08-02,2019-08-02 09:37:55,0.38,0.7916,264,0.36,0.75,37,0.37,0.7708,5,0.37,0.7708,350,0
SPY190805C297,2019-08-02,2019-08-02 09:37:56,0.38,0.7916,1289,0.36,0.75,95,0.37,0.7708,5,0.37,0.7708,350,0
SPY190805C297,2019-08-02,2019-08-02 09:37:57,0.37,0.7708,939,0.35,0.7291,242,0.36,0.75,1,0.36,0.75,357,7
SPY190805C297,2019-08-02,2019-08-02 09:37:57,0.38,0.7916,1353,0.35,0.7291,143,0.37,0.7708,5,0.365,0.7604,350,0
SPY190805C297,2019-08-02,2019-08-02 09:37:58,0.37,0.7708,695,0.35,0.7291,328,0.36,0.75,5,0.36,0.75,362,5
SPY190805C297,2019-08-02,2019-08-02 09:37:59,0.37,0.7708,110,0.36,0.75,41,0.36,0.75,5,0.365,0.7604,362,0
SPY190805C297,2019-08-02,2019-08-02 09:38:00,0.38,0.7916,176,0.37,0.7708,137,0.36,0.75,5,0.375,0.7812,362,0
SPY190805C297,2019-08-02,2019-08-02 09:38:02,0.39,0.8125,176,0.38,0.7916,5,0.38,0.7916,5,0.385,0.802,367,5
SPY190805C297,2019-08-02,2019-08-02 09:38:03,0.38,0.7916,110,0.37,0.7708,335,0.38,0.7916,5,0.375,0.7812,372,0
SPY190805C297,2019-08-02,2019-08-02 09:38:03,0.39,0.8125,849,0.37,0.7708,137,0.38,0.7916,5,0.38,0.7916,372,5
SPY190805C297,2019-08-02,2019-08-02 09:38:04,0.39,0.8125,180,0.37,0.7708,342,0.38,0.7916,5,0.38,0.7916,372,0
SPY190805C297,2019-08-02,2019-08-02 09:38:04,0.38,0.7916,1,0.37,0.7708,137,0.38,0.7916,5,0.375,0.7812,377,5
SPY190805C297,2019-08-02,2019-08-02 09:38:05,0.39,0.8125,110,0.38,0.7916,37,0.38,0.7916,1,0.385,0.802,383,6
SPY190805C297,2019-08-02,2019-08-02 09:38:06,0.39,0.8125,110,0.38,0.7916,37,0.38,0.7916,1,0.385,0.802,383,0
SPY190805C297,2019-08-02,2019-08-02 09:38:06,0.4,0.8333,600,0.38,0.7916,328,0.39,0.8125,5,0.39,0.8125,388,5
SPY190805C297,2019-08-02,2019-08-02 09:38:07,0.4,0.8333,176,0.38,0.7916,333,0.39,0.8125,20,0.39,0.8125,462,74
SPY190805C297,2019-08-02,2019-08-02 09:38:09,0.4,0.8333,160,0.38,0.7916,5,0.38,0.7916,3,0.39,0.8125,465,3
SPY190805C297,2019-08-02,2019-08-02 09:38:10,0.4,0.8333,160,0.37,0.7708,28,0.39,0.8125,1,0.385,0.802,519,54
SPY190805C297,2019-08-02,2019-08-02 09:38:12,0.4,0.8333,160,0.38,0.7916,292,0.39,0.8125,5,0.39,0.8125,528,9
SPY190805C297,2019-08-02,2019-08-02 09:38:12,0.39,0.8125,50,0.36,0.75,240,0.39,0.8125,5,0.375,0.7812,528,0
SPY190805C297,2019-08-02,2019-08-02 09:38:13,0.39,0.8125,100,0.38,0.7916,5,0.38,0.7916,1,0.385,0.802,534,6
SPY190805C297,2019-08-02,2019-08-02 09:38:14,0.39,0.8125,219,0.37,0.7708,292,0.38,0.7916,5,0.38,0.7916,542,8
SPY190805C297,2019-08-02,2019-08-02 09:38:16,0.38,0.7916,100,0.37,0.7708,328,0.37,0.7708,3,0.375,0.7812,545,0
SPY190805C297,2019-08-02,2019-08-02 09:38:16,0.38,0.7916,100,0.37,0.7708,5,0.37,0.7708,3,0.375,0.7812,545,3
SPY190805C297,2019-08-02,2019-08-02 09:38:18,0.39,0.8125,271,0.38,0.7916,100,0.38,0.7916,1,0.385,0.802,546,0
SPY190805C297,2019-08-02,2019-08-02 09:38:18,0.39,0.8125,271,0.38,0.7916,8,0.38,0.7916,1,0.385,0.802,546,1
SPY190805C297,2019-08-02,2019-08-02 09:38:19,0.39,0.8125,130,0.38,0.7916,100,0.38,0.7916,1,0.385,0.802,546,0
SPY190805C297,2019-08-02,2019-08-02 09:38:20,0.39,0.8125,110,0.37,0.7708,633,0.38,0.7916,1,0.38,0.7916,546,0
SPY190805C297,2019-08-02,2019-08-02 09:38:21,0.39,0.8125,132,0.38,0.7916,5,0.39,0.8125,5,0.385,0.802,551,5
SPY190805C297,2019-08-02,2019-08-02 09:38:22,0.39,0.8125,130,0.38,0.7916,14,0.39,0.8125,5,0.385,0.802,551,0
SPY190805C297,2019-08-02,2019-08-02 09:38:22,0.39,0.8125,130,0.38,0.7916,5,0.39,0.8125,5,0.385,0.802,551,0
SPY190805C297,2019-08-02,2019-08-02 09:38:23,0.39,0.8125,130,0.38,0.7916,137,0.39,0.8125,5,0.385,0.802,551,0
SPY190805C297,2019-08-02,2019-08-02 09:38:24,0.4,0.8333,110,0.39,0.8125,5,0.39,0.8125,5,0.395,0.8229,551,0
SPY190805C297,2019-08-02,2019-08-02 09:38:24,0.41,0.8541,600,0.39,0.8125,328,0.39,0.8125,5,0.4,0.8333,551,0
SPY190805C297,2019-08-02,2019-08-02 09:38:25,0.41,0.8541,600,0.39,0.8125,328,0.4,0.8333,1,0.4,0.8333,556,5
SPY190805C297,2019-08-02,2019-08-02 09:38:29,0.41,0.8541,122,0.39,0.8125,338,0.4,0.8333,2,0.4,0.8333,679,123
SPY190805C297,2019-08-02,2019-08-02 09:38:35,0.43,0.8958,100,0.41,0.8541,317,0.41,0.8541,5,0.42,0.875,693,14
SPY190805C297,2019-08-02,2019-08-02 09:38:36,0.42,0.875,1,0.42,0.875,322,0.43,0.8958,5,0.42,0.875,698,5
SPY190805C297,2019-08-02,2019-08-02 09:38:37,0.44,0.9166,1707,0.4,0.8333,100,0.43,0.8958,5,0.42,0.875,698,0
SPY190805C297,2019-08-02,2019-08-02 09:38:38,0.44,0.9166,560,0.43,0.8958,5,0.43,0.8958,4,0.435,0.9062,709,11
SPY190805C297,2019-08-02,2019-08-02 09:38:39,0.44,0.9166,1182,0.42,0.875,5,0.43,0.8958,4,0.43,0.8958,709,0
SPY190805C297,2019-08-02,2019-08-02 09:38:41,0.43,0.8958,100,0.41,0.8541,29,0.43,0.8958,4,0.42,0.875,709,0
SPY190805C297,2019-08-02,2019-08-02 09:38:49,0.44,0.9166,1045,0.42,0.875,5,0.43,0.8958,4,0.43,0.8958,709,0
SPY190805C297,2019-08-02,2019-08-02 09:38:50,0.44,0.9166,465,0.41,0.8541,34,0.43,0.8958,4,0.425,0.8854,709,0
SPY190805C297,2019-08-02,2019-08-02 09:38:51,0.43,0.8958,101,0.42,0.875,5,0.43,0.8958,4,0.425,0.8854,709,0
SPY190805C297,2019-08-02,2019-08-02 09:38:53,0.43,0.8958,170,0.41,0.8541,330,0.43,0.8958,4,0.42,0.875,709,0
SPY190805C297,2019-08-02,2019-08-02 09:38:53,0.43,0.8958,121,0.42,0.875,10,0.43,0.8958,4,0.425,0.8854,709,0
SPY190805C297,2019-08-02,2019-08-02 09:38:54,0.43,0.8958,170,0.41,0.8541,241,0.43,0.8958,4,0.42,0.875,709,0
SPY190805C297,2019-08-02,2019-08-02 09:38:56,0.44,0.9166,864,0.42,0.875,171,0.43,0.8958,4,0.43,0.8958,709,0
SPY190805C297,2019-08-02,2019-08-02 09:38:56,0.44,0.9166,856,0.42,0.875,171,0.43,0.8958,4,0.43,0.8958,709,0
SPY190805C297,2019-08-02,2019-08-02 09:38:57,0.44,0.9166,404,0.42,0.875,144,0.43,0.8958,4,0.43,0.8958,709,0
SPY190805C297,2019-08-02,2019-08-02 09:38:58,0.44,0.9166,904,0.42,0.875,172,0.43,0.8958,4,0.43,0.8958,709,0
SPY190805C297,2019-08-02,2019-08-02 09:38:59,0.44,0.9166,403,0.42,0.875,147,0.43,0.8958,4,0.43,0.8958,709,0
SPY190805C297,2019-08-02,2019-08-02 09:39:00,0.45,0.9375,862,0.42,0.875,313,0.43,0.8958,4,0.435,0.9062,709,0
SPY190805C297,2019-08-02,2019-08-02 09:39:00,0.45,0.9375,429,0.43,0.8958,119,0.43,0.8958,4,0.44,0.9166,709,0
SPY190805C297,2019-08-02,2019-08-02 09:39:01,0.45,0.9375,270,0.43,0.8958,119,0.43,0.8958,4,0.44,0.9166,709,0
SPY190805C297,2019-08-02,2019-08-02 09:39:02,0.46,0.9583,854,0.42,0.875,106,0.43,0.8958,4,0.44,0.9166,709,0
SPY190805C297,2019-08-02,2019-08-02 09:39:05,0.46,0.9583,747,0.44,0.9166,100,0.43,0.8958,4,0.45,0.9375,709,0
SPY190805C297,2019-08-02,2019-08-02 09:39:06,0.46,0.9583,1114,0.44,0.9166,34,0.43,0.8958,4,0.45,0.9375,709,0
SPY190805C297,2019-08-02,2019-08-02 09:39:07,0.46,0.9583,158,0.45,0.9375,26,0.43,0.8958,4,0.455,0.9479,709,0
SPY190805C297,2019-08-02,2019-08-02 09:39:07,0.46,0.9583,318,0.45,0.9375,26,0.43,0.8958,4,0.455,0.9479,709,0
SPY190805C297,2019-08-02,2019-08-02 09:39:08,0.47,0.9791,132,0.45,0.9375,78,0.43,0.8958,4,0.46,0.9583,709,0
SPY190805C297,2019-08-02,2019-08-02 09:39:09,0.46,0.9583,5,0.43,0.8958,519,0.43,0.8958,4,0.445,0.927,709,0
SPY190805C297,2019-08-02,2019-08-02 09:39:10,0.45,0.9375,6,0.43,0.8958,256,0.43,0.8958,4,0.44,0.9166,709,0
SPY190805C297,2019-08-02,2019-08-02 09:39:10,0.46,0.9583,5,0.44,0.9166,200,0.43,0.8958,4,0.45,0.9375,709,0
SPY190805C297,2019-08-02,2019-08-02 09:39:11,0.46,0.9583,159,0.44,0.9166,130,0.43,0.8958,4,0.45,0.9375,709,0
SPY190805C297,2019-08-02,2019-08-02 09:39:12,0.45,0.9375,6,0.44,0.9166,5,0.44,0.9166,1,0.445,0.927,717,0
SPY190805C297,2019-08-02,2019-08-02 09:39:12,0.45,0.9375,6,0.44,0.9166,17,0.44,0.9166,1,0.445,0.927,717,8
SPY190805C297,2019-08-02,2019-08-02 09:39:13,0.45,0.9375,6,0.44,0.9166,3,0.44,0.9166,1,0.445,0.927,718,0
SPY190805C297,2019-08-02,2019-08-02 09:39:13,0.47,0.9791,5,0.44,0.9166,5,0.44,0.9166,1,0.455,0.9479,718,1
SPY190805C297,2019-08-02,2019-08-02 09:39:14,0.45,0.9375,6,0.44,0.9166,214,0.44,0.9166,1,0.445,0.927,718,0
SPY190805C297,2019-08-02,2019-08-02 09:39:15,0.46,0.9583,32,0.44,0.9166,319,0.44,0.9166,1,0.45,0.9375,718,0
SPY190805C297,2019-08-02,2019-08-02 09:39:16,0.47,0.9791,424,0.45,0.9375,100,0.44,0.9166,1,0.46,0.9583,718,0
SPY190805C297,2019-08-02,2019-08-02 09:39:17,0.46,0.9583,6,0.44,0.9166,130,0.44,0.9166,1,0.45,0.9375,718,0
SPY190805C297,2019-08-02,2019-08-02 09:39:18,0.47,0.9791,283,0.45,0.9375,145,0.44,0.9166,1,0.46,0.9583,718,0
SPY190805C297,2019-08-02,2019-08-02 09:39:18,0.47,0.9791,6,0.46,0.9583,28,0.44,0.9166,1,0.465,0.9687,718,0
SPY190805C297,2019-08-02,2019-08-02 09:39:19,0.46,0.9583,6,0.45,0.9375,192,0.44,0.9166,1,0.455,0.9479,718,0
SPY190805C297,2019-08-02,2019-08-02 09:39:20,0.47,0.9791,6,0.46,0.9583,21,0.44,0.9166,1,0.465,0.9687,718,0
SPY190805C297,2019-08-02,2019-08-02 09:39:20,0.47,0.9791,6,0.46,0.9583,97,0.44,0.9166,1,0.465,0.9687,718,0
SPY190805C297,2019-08-02,2019-08-02 09:39:21,0.47,0.9791,6,0.45,0.9375,146,0.44,0.9166,1,0.46,0.9583,718,0
SPY190805C297,2019-08-02,2019-08-02 09:39:22,0.48,1.0,367,0.46,0.9583,33,0.47,0.9791,1,0.47,0.9791,719,1
SPY190805C297,2019-08-02,2019-08-02 09:39:22,0.47,0.9791,6,0.46,0.9583,98,0.47,0.9791,1,0.465,0.9687,719,0
SPY190805C297,2019-08-02,2019-08-02 09:39:23,0.47,0.9791,6,0.46,0.9583,98,0.47,0.9791,1,0.465,0.9687,719,0
SPY190805C297,2019-08-02,2019-08-02 09:39:25,0.47,0.9791,6,0.46,0.9583,100,0.47,0.9791,1,0.465,0.9687,719,0
SPY190805C297,2019-08-02,2019-08-02 09:39:26,0.47,0.9791,6,0.46,0.9583,100,0.47,0.9791,1,0.465,0.9687,719,0
SPY190805C297,2019-08-02,2019-08-02 09:39:27,0.47,0.9791,6,0.46,0.9583,100,0.47,0.9791,1,0.465,0.9687,719,0
SPY190805C297,2019-08-02,2019-08-02 09:39:27,0.49,1.0208,32,0.47,0.9791,5,0.47,0.9791,1,0.48,1.0,719,0
SPY190805C297,2019-08-02,2019-08-02 09:39:28,0.49,1.0208,6,0.47,0.9791,278,0.47,0.9791,1,0.48,1.0,719,0
SPY190805C297,2019-08-02,2019-08-02 09:39:29,0.49,1.0208,6,0.48,1.0,20,0.47,0.9791,1,0.485,1.0104,719,0
SPY190805C297,2019-08-02,2019-08-02 09:39:30,0.49,1.0208,6,0.48,1.0,34,0.47,0.9791,1,0.485,1.0104,719,0
SPY190805C297,2019-08-02,2019-08-02 09:39:30,0.49,1.0208,6,0.48,1.0,100,0.47,0.9791,1,0.485,1.0104,719,0
SPY190805C297,2019-08-02,2019-08-02 09:39:31,0.49,1.0208,269,0.47,0.9791,126,0.47,0.9791,1,0.48,1.0,719,0
SPY190805C297,2019-08-02,2019-08-02 09:39:32,0.49,1.0208,39,0.48,1.0,32,0.47,0.9791,1,0.485,1.0104,719,0
SPY190805C297,2019-08-02,2019-08-02 09:39:33,0.5,1.0416,39,0.49,1.0208,6,0.47,0.9791,1,0.495,1.0312,719,0
SPY190805C297,2019-08-02,2019-08-02 09:39:34,0.51,1.0625,6,0.5,1.0416,44,0.47,0.9791,1,0.505,1.052,719,0
SPY190805C297,2019-08-02,2019-08-02 09:39:36,0.52,1.0833,139,0.5,1.0416,100,0.51,1.0625,10,0.51,1.0625,729,10
SPY190805C297,2019-08-02,2019-08-02 09:39:37,0.52,1.0833,6,0.51,1.0625,20,0.51,1.0625,10,0.515,1.0729,729,0
SPY190805C297,2019-08-02,2019-08-02 09:39:39,0.52,1.0833,36,0.5,1.0416,24,0.51,1.0625,10,0.51,1.0625,729,0
SPY190805C297,2019-08-02,2019-08-02 09:39:40,0.51,1.0625,39,0.5,1.0416,106,0.51,1.0625,10,0.505,1.052,729,0
SPY190805C297,2019-08-02,2019-08-02 09:39:41,0.5,1.0416,6,0.49,1.0208,303,0.51,1.0625,10,0.495,1.0312,729,0
SPY190805C297,2019-08-02,2019-08-02 09:39:42,0.52,1.0833,812,0.49,1.0208,39,0.51,1.0625,10,0.505,1.052,729,0
SPY190805C297,2019-08-02,2019-08-02 09:39:43,0.5,1.0416,159,0.47,0.9791,44,0.51,1.0625,10,0.485,1.0104,729,0
SPY190805C297,2019-08-02,2019-08-02 09:39:44,0.5,1.0416,810,0.48,1.0,100,0.51,1.0625,10,0.49,1.0208,729,0
SPY190805C297,2019-08-02,2019-08-02 09:39:44,0.49,1.0208,90,0.47,0.9791,277,0.51,1.0625,10,0.48,1.0,729,0
SPY190805C297,2019-08-02,2019-08-02 09:39:45,0.5,1.0416,595,0.47,0.9791,48,0.51,1.0625,10,0.485,1.0104,729,0
SPY190805C297,2019-08-02,2019-08-02 09:39:45,0.49,1.0208,110,0.47,0.9791,305,0.51,1.0625,10,0.48,1.0,729,0
SPY190805C297,2019-08-02,2019-08-02 09:39:46,0.5,1.0416,357,0.48,1.0,65,0.51,1.0625,10,0.49,1.0208,729,0
SPY190805C297,2019-08-02,2019-08-02 09:39:47,0.52,1.0833,661,0.48,1.0,10,0.51,1.0625,10,0.5,1.0416,729,0
SPY190805C297,2019-08-02,2019-08-02 09:39:48,0.5,1.0416,6,0.49,1.0208,77,0.51,1.0625,10,0.495,1.0312,729,0
SPY190805C297,2019-08-02,2019-08-02 09:39:49,0.52,1.0833,300,0.49,1.0208,296,0.5,1.0416,6,0.505,1.052,735,6
SPY190805C297,2019-08-02,2019-08-02 09:39:50,0.5,1.0416,6,0.49,1.0208,149,0.5,1.0416,6,0.495,1.0312,735,0
SPY190805C297,2019-08-02,2019-08-02 09:39:51,0.5,1.0416,39,0.48,1.0,45,0.5,1.0416,6,0.49,1.0208,735,0
SPY190805C297,2019-08-02,2019-08-02 09:39:52,0.5,1.0416,141,0.48,1.0,43,0.5,1.0416,6,0.49,1.0208,735,0
SPY190805C297,2019-08-02,2019-08-02 09:39:53,0.49,1.0208,5,0.48,1.0,10,0.5,1.0416,6,0.485,1.0104,735,0
SPY190805C297,2019-08-02,2019-08-02 09:39:54,0.49,1.0208,5,0.48,1.0,9,0.5,1.0416,6,0.485,1.0104,735,0
SPY190805C297,2019-08-02,2019-08-02 09:39:55,0.5,1.0416,1,0.47,0.9791,268,0.5,1.0416,6,0.485,1.0104,735,0
SPY190805C297,2019-08-02,2019-08-02 09:39:56,0.49,1.0208,6,0.48,1.0,51,0.5,1.0416,6,0.485,1.0104,735,0
SPY190805C297,2019-08-02,2019-08-02 09:39:56,0.5,1.0416,300,0.48,1.0,49,0.5,1.0416,6,0.49,1.0208,735,0
SPY190805C297,2019-08-02,2019-08-02 09:39:57,0.48,1.0,258,0.47,0.9791,9,0.5,1.0416,6,0.475,0.9895,735,0
SPY190805C297,2019-08-02,2019-08-02 09:39:58,0.48,1.0,56,0.47,0.9791,9,0.47,0.9791,4,0.475,0.9895,739,4
SPY190805C297,2019-08-02,2019-08-02 09:39:58,0.48,1.0,43,0.47,0.9791,9,0.47,0.9791,5,0.475,0.9895,744,5
SPY190805C297,2019-08-02,2019-08-02 09:39:59,0.47,0.9791,300,0.45,0.9375,432,0.47,0.9791,5,0.46,0.9583,744,0
SPY190805C297,2019-08-02,2019-08-02 09:40:00,0.46,0.9583,6,0.45,0.9375,10,0.47,0.9791,5,0.455,0.9479,744,0
SPY190805C297,2019-08-02,2019-08-02 09:40:00,0.46,0.9583,68,0.44,0.9166,149,0.47,0.9791,5,0.45,0.9375,744,0
SPY190805C297,2019-08-02,2019-08-02 09:40:01,0.46,0.9583,92,0.44,0.9166,120,0.47,0.9791,5,0.45,0.9375,744,0
SPY190805C297,2019-08-02,2019-08-02 09:40:01,0.47,0.9791,158,0.44,0.9166,100,0.47,0.9791,5,0.455,0.9479,744,0
SPY190805C297,2019-08-02,2019-08-02 09:40:02,0.45,0.9375,6,0.44,0.9166,116,0.47,0.9791,5,0.445,0.927,744,0
SPY190805C297,2019-08-02,2019-08-02 09:40:03,0.45,0.9375,6,0.44,0.9166,49,0.47,0.9791,5,0.445,0.927,744,0
SPY190805C297,2019-08-02,2019-08-02 09:40:04,0.45,0.9375,68,0.43,0.8958,220,0.47,0.9791,5,0.44,0.9166,744,0
SPY190805C297,2019-08-02,2019-08-02 09:40:04,0.45,0.9375,30,0.43,0.8958,240,0.47,0.9791,5,0.44,0.9166,744,0
SPY190805C297,2019-08-02,2019-08-02 09:40:05,0.44,0.9166,6,0.43,0.8958,130,0.47,0.9791,5,0.435,0.9062,744,0
SPY190805C297,2019-08-02,2019-08-02 09:40:06,0.45,0.9375,89,0.43,0.8958,195,0.47,0.9791,5,0.44,0.9166,744,0
SPY190805C297,2019-08-02,2019-08-02 09:40:07,0.46,0.9583,39,0.44,0.9166,45,0.47,0.9791,5,0.45,0.9375,744,0
SPY190805C297,2019-08-02,2019-08-02 09:40:07,0.46,0.9583,288,0.44,0.9166,10,0.47,0.9791,5,0.45,0.9375,744,0
SPY190805C297,2019-08-02,2019-08-02 09:40:08,0.45,0.9375,6,0.44,0.9166,130,0.47,0.9791,5,0.445,0.927,744,0
SPY190805C297,2019-08-02,2019-08-02 09:40:09,0.45,0.9375,168,0.44,0.9166,10,0.47,0.9791,5,0.445,0.927,744,0
SPY190805C297,2019-08-02,2019-08-02 09:40:10,0.44,0.9166,7,0.42,0.875,6,0.47,0.9791,5,0.43,0.8958,744,0
SPY190805C297,2019-08-02,2019-08-02 09:40:10,0.44,0.9166,158,0.43,0.8958,132,0.47,0.9791,5,0.435,0.9062,744,0
SPY190805C297,2019-08-02,2019-08-02 09:40:11,0.44,0.9166,331,0.4,0.8333,350,0.47,0.9791,5,0.42,0.875,744,0
SPY190805C297,2019-08-02,2019-08-02 09:40:12,0.43,0.8958,81,0.41,0.8541,130,0.47,0.9791,5,0.42,0.875,744,0
SPY190805C297,2019-08-02,2019-08-02 09:40:13,0.42,0.875,65,0.4,0.8333,139,0.47,0.9791,5,0.41,0.8541,744,0
SPY190805C297,2019-08-02,2019-08-02 09:40:13,0.42,0.875,65,0.41,0.8541,10,0.47,0.9791,5,0.415,0.8645,744,0
SPY190805C297,2019-08-02,2019-08-02 09:40:14,0.42,0.875,65,0.41,0.8541,6,0.47,0.9791,5,0.415,0.8645,744,0
SPY190805C297,2019-08-02,2019-08-02 09:40:15,0.43,0.8958,95,0.41,0.8541,39,0.47,0.9791,5,0.42,0.875,744,0
SPY190805C297,2019-08-02,2019-08-02 09:40:15,0.43,0.8958,321,0.42,0.875,3,0.47,0.9791,5,0.425,0.8854,744,0
SPY190805C297,2019-08-02,2019-08-02 09:40:16,0.43,0.8958,321,0.42,0.875,9,0.47,0.9791,5,0.425,0.8854,744,0
SPY190805C297,2019-08-02,2019-08-02 09:40:16,0.43,0.8958,5,0.42,0.875,39,0.47,0.9791,5,0.425,0.8854,744,0
SPY190805C297,2019-08-02,2019-08-02 09:40:17,0.43,0.8958,257,0.42,0.875,39,0.47,0.9791,5,0.425,0.8854,744,0
SPY190805C297,2019-08-02,2019-08-02 09:40:18,0.43,0.8958,225,0.42,0.875,9,0.47,0.9791,5,0.425,0.8854,744,0
SPY190805C297,2019-08-02,2019-08-02 09:40:18,0.44,0.9166,45,0.42,0.875,39,0.47,0.9791,5,0.43,0.8958,744,0
SPY190805C297,2019-08-02,2019-08-02 09:40:19,0.44,0.9166,340,0.43,0.8958,6,0.47,0.9791,5,0.435,0.9062,744,0
SPY190805C297,2019-08-02,2019-08-02 09:40:19,0.43,0.8958,5,0.42,0.875,39,0.47,0.9791,5,0.425,0.8854,744,0
SPY190805C297,2019-08-02,2019-08-02 09:40:20,0.44,0.9166,335,0.42,0.875,169,0.47,0.9791,5,0.43,0.8958,744,0
SPY190805C297,2019-08-02,2019-08-02 09:40:21,0.43,0.8958,139,0.42,0.875,149,0.47,0.9791,5,0.425,0.8854,744,0
SPY190805C297,2019-08-02,2019-08-02 09:40:21,0.43,0.8958,139,0.41,0.8541,688,0.47,0.9791,5,0.42,0.875,744,0
SPY190805C297,2019-08-02,2019-08-02 09:40:22,0.43,0.8958,5,0.41,0.8541,644,0.47,0.9791,5,0.42,0.875,744,0
SPY190805C297,2019-08-02,2019-08-02 09:40:23,0.43,0.8958,179,0.41,0.8541,199,0.47,0.9791,5,0.42,0.875,744,0
SPY190805C297,2019-08-02,2019-08-02 09:40:24,0.43,0.8958,5,0.42,0.875,1,0.47,0.9791,5,0.425,0.8854,744,0
SPY190805C297,2019-08-02,2019-08-02 09:40:25,0.43,0.8958,253,0.41,0.8541,252,0.47,0.9791,5,0.42,0.875,744,0
SPY190805C297,2019-08-02,2019-08-02 09:40:26,0.43,0.8958,253,0.41,0.8541,733,0.47,0.9791,5,0.42,0.875,744,0
SPY190805C297,2019-08-02,2019-08-02 09:40:27,0.43,0.8958,219,0.41,0.8541,169,0.47,0.9791,5,0.42,0.875,744,0
SPY190805C297,2019-08-02,2019-08-02 09:40:28,0.43,0.8958,246,0.41,0.8541,575,0.47,0.9791,5,0.42,0.875,744,0
SPY190805C297,2019-08-02,2019-08-02 09:40:28,0.43,0.8958,237,0.41,0.8541,165,0.47,0.9791,5,0.42,0.875,744,0
SPY190805C297,2019-08-02,2019-08-02 09:40:29,0.42,0.875,5,0.41,0.8541,120,0.47,0.9791,5,0.415,0.8645,744,0
SPY190805C297,2019-08-02,2019-08-02 09:40:30,0.42,0.875,5,0.4,0.8333,230,0.47,0.9791,5,0.41,0.8541,744,0
SPY190805C297,2019-08-02,2019-08-02 09:40:31,0.42,0.875,5,0.4,0.8333,260,0.47,0.9791,5,0.41,0.8541,744,0
SPY190805C297,2019-08-02,2019-08-02 09:40:31,0.41,0.8541,5,0.4,0.8333,120,0.47,0.9791,5,0.405,0.8437,744,0
SPY190805C297,2019-08-02,2019-08-02 09:40:32,0.42,0.875,35,0.4,0.8333,100,0.47,0.9791,5,0.41,0.8541,744,0
SPY190805C297,2019-08-02,2019-08-02 09:40:32,0.41,0.8541,186,0.4,0.8333,110,0.47,0.9791,5,0.405,0.8437,744,0
SPY190805C297,2019-08-02,2019-08-02 09:40:33,0.41,0.8541,305,0.39,0.8125,575,0.47,0.9791,5,0.4,0.8333,744,0
SPY190805C297,2019-08-02,2019-08-02 09:40:34,0.41,0.8541,305,0.39,0.8125,733,0.47,0.9791,5,0.4,0.8333,744,0
SPY190805C297,2019-08-02,2019-08-02 09:40:35,0.4,0.8333,5,0.39,0.8125,159,0.47,0.9791,5,0.395,0.8229,744,0
SPY190805C297,2019-08-02,2019-08-02 09:40:36,0.41,0.8541,72,0.38,0.7916,220,0.47,0.9791,5,0.395,0.8229,744,0
SPY190805C297,2019-08-02,2019-08-02 09:40:36,0.41,0.8541,337,0.39,0.8125,131,0.47,0.9791,5,0.4,0.8333,744,0
SPY190805C297,2019-08-02,2019-08-02 09:40:37,0.41,0.8541,428,0.38,0.7916,110,0.47,0.9791,5,0.395,0.8229,744,0
SPY190805C297,2019-08-02,2019-08-02 09:40:38,0.4,0.8333,119,0.38,0.7916,49,0.47,0.9791,5,0.39,0.8125,744,0
SPY190805C297,2019-08-02,2019-08-02 09:40:39,0.4,0.8333,5,0.38,0.7916,242,0.47,0.9791,5,0.39,0.8125,744,0
SPY190805C297,2019-08-02,2019-08-02 09:40:40,0.42,0.875,514,0.39,0.8125,120,0.47,0.9791,5,0.405,0.8437,744,0
SPY190805C297,2019-08-02,2019-08-02 09:40:41,0.41,0.8541,329,0.39,0.8125,140,0.47,0.9791,5,0.4,0.8333,744,0
SPY190805C297,2019-08-02,2019-08-02 09:40:42,0.41,0.8541,317,0.39,0.8125,121,0.47,0.9791,5,0.4,0.8333,744,0
SPY190805C297,2019-08-02,2019-08-02 09:40:42,0.41,0.8541,1,0.39,0.8125,110,0.47,0.9791,5,0.4,0.8333,744,0
SPY190805C297,2019-08-02,2019-08-02 09:40:43,0.4,0.8333,324,0.38,0.7916,229,0.47,0.9791,5,0.39,0.8125,744,0
SPY190805C297,2019-08-02,2019-08-02 09:40:44,0.4,0.8333,324,0.38,0.7916,219,0.47,0.9791,5,0.39,0.8125,744,0
SPY190805C297,2019-08-02,2019-08-02 09:40:45,0.4,0.8333,5,0.38,0.7916,219,0.47,0.9791,5,0.39,0.8125,744,0
SPY190805C297,2019-08-02,2019-08-02 09:40:45,0.41,0.8541,420,0.38,0.7916,324,0.47,0.9791,5,0.395,0.8229,744,0
SPY190805C297,2019-08-02,2019-08-02 09:40:46,0.41,0.8541,5,0.39,0.8125,134,0.47,0.9791,5,0.4,0.8333,744,0
SPY190805C297,2019-08-02,2019-08-02 09:40:46,0.41,0.8541,297,0.39,0.8125,130,0.47,0.9791,5,0.4,0.8333,744,0
SPY190805C297,2019-08-02,2019-08-02 09:40:47,0.42,0.875,16,0.4,0.8333,34,0.47,0.9791,5,0.41,0.8541,744,0
SPY190805C297,2019-08-02,2019-08-02 09:40:48,0.42,0.875,400,0.39,0.8125,144,0.47,0.9791,5,0.405,0.8437,744,0
SPY190805C297,2019-08-02,2019-08-02 09:40:49,0.4,0.8333,5,0.39,0.8125,49,0.47,0.9791,5,0.395,0.8229,744,0
SPY190805C297,2019-08-02,2019-08-02 09:40:50,0.4,0.8333,116,0.39,0.8125,10,0.4,0.8333,6,0.395,0.8229,750,6
SPY190805C297,2019-08-02,2019-08-02 09:40:51,0.4,0.8333,5,0.38,0.7916,157,0.4,0.8333,6,0.39,0.8125,750,0
SPY190805C297,2019-08-02,2019-08-02 09:40:51,0.4,0.8333,1,0.39,0.8125,47,0.4,0.8333,6,0.395,0.8229,750,0
SPY190805C297,2019-08-02,2019-08-02 09:40:52,0.4,0.8333,422,0.38,0.7916,47,0.4,0.8333,6,0.39,0.8125,750,0
SPY190805C297,2019-08-02,2019-08-02 09:40:53,0.4,0.8333,12,0.38,0.7916,21,0.4,0.8333,6,0.39,0.8125,750,0
SPY190805C297,2019-08-02,2019-08-02 09:40:53,0.4,0.8333,410,0.38,0.7916,1,0.4,0.8333,6,0.39,0.8125,750,0
SPY190805C297,2019-08-02,2019-08-02 09:40:54,0.39,0.8125,100,0.38,0.7916,39,0.4,0.8333,6,0.385,0.802,750,0
SPY190805C297,2019-08-02,2019-08-02 09:40:55,0.39,0.8125,100,0.38,0.7916,1,0.38,0.7916,3,0.385,0.802,753,0
SPY190805C297,2019-08-02,2019-08-02 09:40:55,0.39,0.8125,116,0.38,0.7916,2,0.38,0.7916,3,0.385,0.802,753,3
SPY190805C297,2019-08-02,2019-08-02 09:40:56,0.39,0.8125,100,0.38,0.7916,1,0.38,0.7916,3,0.385,0.802,753,0
SPY190805C297,2019-08-02,2019-08-02 09:40:57,0.39,0.8125,5,0.38,0.7916,1,0.38,0.7916,3,0.385,0.802,753,0
SPY190805C297,2019-08-02,2019-08-02 09:40:58,0.39,0.8125,318,0.38,0.7916,1,0.38,0.7916,3,0.385,0.802,753,0
SPY190805C297,2019-08-02,2019-08-02 09:40:58,0.39,0.8125,420,0.38,0.7916,1,0.38,0.7916,3,0.385,0.802,753,0
SPY190805C297,2019-08-02,2019-08-02 09:40:59,0.39,0.8125,73,0.38,0.7916,1,0.38,0.7916,3,0.385,0.802,753,0
SPY190805C297,2019-08-02,2019-08-02 09:41:00,0.4,0.8333,33,0.38,0.7916,49,0.38,0.7916,3,0.39,0.8125,753,0
SPY190805C297,2019-08-02,2019-08-02 09:41:01,0.39,0.8125,124,0.38,0.7916,18,0.38,0.7916,3,0.385,0.802,753,0
SPY190805C297,2019-08-02,2019-08-02 09:41:02,0.4,0.8333,1,0.38,0.7916,111,0.38,0.7916,3,0.39,0.8125,753,0
SPY190805C297,2019-08-02,2019-08-02 09:41:03,0.41,0.8541,832,0.38,0.7916,1,0.38,0.7916,3,0.395,0.8229,753,0
SPY190805C297,2019-08-02,2019-08-02 09:41:03,0.41,0.8541,832,0.38,0.7916,49,0.38,0.7916,3,0.395,0.8229,753,0
SPY190805C297,2019-08-02,2019-08-02 09:41:04,0.4,0.8333,302,0.39,0.8125,32,0.38,0.7916,3,0.395,0.8229,753,0
SPY190805C297,2019-08-02,2019-08-02 09:41:04,0.4,0.8333,302,0.38,0.7916,101,0.38,0.7916,3,0.39,0.8125,753,0
SPY190805C297,2019-08-02,2019-08-02 09:41:05,0.4,0.8333,69,0.38,0.7916,139,0.38,0.7916,3,0.39,0.8125,753,0
SPY190805C297,2019-08-02,2019-08-02 09:41:06,0.4,0.8333,289,0.38,0.7916,139,0.38,0.7916,3,0.39,0.8125,753,0
SPY190805C297,2019-08-02,2019-08-02 09:41:07,0.39,0.8125,5,0.38,0.7916,140,0.38,0.7916,3,0.385,0.802,753,0
SPY190805C297,2019-08-02,2019-08-02 09:41:07,0.39,0.8125,5,0.38,0.7916,139,0.38,0.7916,3,0.385,0.802,753,0
SPY190805C297,2019-08-02,2019-08-02 09:41:08,0.39,0.8125,5,0.38,0.7916,150,0.38,0.7916,3,0.385,0.802,753,0
SPY190805C297,2019-08-02,2019-08-02 09:41:09,0.39,0.8125,5,0.38,0.7916,49,0.38,0.7916,3,0.385,0.802,753,0
SPY190805C297,2019-08-02,2019-08-02 09:41:09,0.39,0.8125,5,0.38,0.7916,149,0.38,0.7916,3,0.385,0.802,753,0
SPY190805C297,2019-08-02,2019-08-02 09:41:10,0.39,0.8125,5,0.38,0.7916,49,0.38,0.7916,3,0.385,0.802,753,0
SPY190805C297,2019-08-02,2019-08-02 09:41:11,0.39,0.8125,5,0.38,0.7916,49,0.38,0.7916,3,0.385,0.802,753,0
SPY190805C297,2019-08-02,2019-08-02 09:41:12,0.39,0.8125,5,0.38,0.7916,11,0.38,0.7916,3,0.385,0.802,753,0
SPY190805C297,2019-08-02,2019-08-02 09:41:13,0.39,0.8125,100,0.38,0.7916,40,0.38,0.7916,3,0.385,0.802,753,0
SPY190805C297,2019-08-02,2019-08-02 09:41:13,0.39,0.8125,106,0.38,0.7916,1,0.38,0.7916,3,0.385,0.802,753,0
SPY190805C297,2019-08-02,2019-08-02 09:41:14,0.39,0.8125,5,0.38,0.7916,49,0.38,0.7916,3,0.385,0.802,753,0
SPY190805C297,2019-08-02,2019-08-02 09:41:15,0.39,0.8125,5,0.38,0.7916,49,0.38,0.7916,3,0.385,0.802,753,0
SPY190805C297,2019-08-02,2019-08-02 09:41:17,0.39,0.8125,5,0.38,0.7916,49,0.38,0.7916,3,0.385,0.802,753,0
SPY190805C297,2019-08-02,2019-08-02 09:41:18,0.39,0.8125,5,0.38,0.7916,34,0.38,0.7916,3,0.385,0.802,753,0
SPY190805C297,2019-08-02,2019-08-02 09:41:19,0.39,0.8125,96,0.38,0.7916,2,0.38,0.7916,3,0.385,0.802,753,0
SPY190805C297,2019-08-02,2019-08-02 09:41:21,0.39,0.8125,5,0.38,0.7916,111,0.38,0.7916,3,0.385,0.802,753,0
SPY190805C297,2019-08-02,2019-08-02 09:41:22,0.41,0.8541,303,0.39,0.8125,49,0.39,0.8125,5,0.4,0.8333,763,10
SPY190805C297,2019-08-02,2019-08-02 09:41:24,0.42,0.875,5,0.39,0.8125,242,0.39,0.8125,5,0.405,0.8437,763,0
SPY190805C297,2019-08-02,2019-08-02 09:41:25,0.42,0.875,489,0.39,0.8125,110,0.39,0.8125,5,0.405,0.8437,763,0
SPY190805C297,2019-08-02,2019-08-02 09:41:27,0.42,0.875,722,0.39,0.8125,39,0.39,0.8125,5,0.405,0.8437,763,0
SPY190805C297,2019-08-02,2019-08-02 09:41:29,0.41,0.8541,118,0.39,0.8125,49,0.41,0.8541,3,0.4,0.8333,767,0
SPY190805C297,2019-08-02,2019-08-02 09:41:29,0.4,0.8333,5,0.39,0.8125,105,0.41,0.8541,3,0.395,0.8229,767,4
SPY190805C297,2019-08-02,2019-08-02 09:41:30,0.41,0.8541,35,0.39,0.8125,49,0.41,0.8541,3,0.4,0.8333,767,0
SPY190805C297,2019-08-02,2019-08-02 09:41:31,0.41,0.8541,297,0.39,0.8125,49,0.41,0.8541,3,0.4,0.8333,767,0
SPY190805C297,2019-08-02,2019-08-02 09:41:33,0.41,0.8541,100,0.39,0.8125,5,0.41,0.8541,3,0.4,0.8333,767,0
SPY190805C297,2019-08-02,2019-08-02 09:41:33,0.4,0.8333,5,0.39,0.8125,5,0.41,0.8541,3,0.395,0.8229,767,0
SPY190805C297,2019-08-02,2019-08-02 09:41:34,0.42,0.875,1364,0.39,0.8125,236,0.41,0.8541,3,0.405,0.8437,767,0
SPY190805C297,2019-08-02,2019-08-02 09:41:35,0.41,0.8541,5,0.39,0.8125,416,0.41,0.8541,3,0.4,0.8333,767,0
SPY190805C297,2019-08-02,2019-08-02 09:41:36,0.42,0.875,302,0.4,0.8333,388,0.41,0.8541,3,0.41,0.8541,767,0
SPY190805C297,2019-08-02,2019-08-02 09:41:37,0.41,0.8541,5,0.4,0.8333,139,0.41,0.8541,3,0.405,0.8437,767,0
SPY190805C297,2019-08-02,2019-08-02 09:41:38,0.42,0.875,700,0.39,0.8125,151,0.41,0.8541,3,0.405,0.8437,767,0
SPY190805C297,2019-08-02,2019-08-02 09:41:38,0.41,0.8541,5,0.39,0.8125,516,0.41,0.8541,3,0.4,0.8333,767,0
SPY190805C297,2019-08-02,2019-08-02 09:41:40,0.41,0.8541,5,0.4,0.8333,159,0.41,0.8541,3,0.405,0.8437,767,0
SPY190805C297,2019-08-02,2019-08-02 09:41:41,0.41,0.8541,85,0.39,0.8125,1405,0.41,0.8541,3,0.4,0.8333,767,0
SPY190805C297,2019-08-02,2019-08-02 09:41:42,0.4,0.8333,5,0.39,0.8125,10,0.41,0.8541,3,0.395,0.8229,767,0
SPY190805C297,2019-08-02,2019-08-02 09:41:42,0.4,0.8333,100,0.38,0.7916,700,0.41,0.8541,3,0.39,0.8125,767,0
SPY190805C297,2019-08-02,2019-08-02 09:41:44,0.41,0.8541,424,0.39,0.8125,139,0.41,0.8541,3,0.4,0.8333,767,0
SPY190805C297,2019-08-02,2019-08-02 09:41:45,0.41,0.8541,436,0.39,0.8125,139,0.41,0.8541,3,0.4,0.8333,767,0
SPY190805C297,2019-08-02,2019-08-02 09:41:46,0.4,0.8333,5,0.38,0.7916,1063,0.41,0.8541,3,0.39,0.8125,767,0
SPY190805C297,2019-08-02,2019-08-02 09:41:48,0.41,0.8541,100,0.39,0.8125,20,0.41,0.8541,3,0.4,0.8333,767,0
SPY190805C297,2019-08-02,2019-08-02 09:41:49,0.41,0.8541,89,0.39,0.8125,110,0.41,0.8541,3,0.4,0.8333,767,0
SPY190805C297,2019-08-02,2019-08-02 09:41:50,0.43,0.8958,336,0.41,0.8541,110,0.41,0.8541,3,0.42,0.875,767,0
SPY190805C297,2019-08-02,2019-08-02 09:41:51,0.42,0.875,5,0.41,0.8541,139,0.41,0.8541,3,0.415,0.8645,767,0
SPY190805C297,2019-08-02,2019-08-02 09:41:51,0.43,0.8958,610,0.41,0.8541,139,0.41,0.8541,3,0.42,0.875,767,0
SPY190805C297,2019-08-02,2019-08-02 09:41:52,0.43,0.8958,59,0.41,0.8541,139,0.41,0.8541,3,0.42,0.875,767,0
SPY190805C297,2019-08-02,2019-08-02 09:41:53,0.43,0.8958,238,0.41,0.8541,192,0.41,0.8541,3,0.42,0.875,767,0
SPY190805C297,2019-08-02,2019-08-02 09:41:53,0.43,0.8958,638,0.41,0.8541,139,0.41,0.8541,3,0.42,0.875,767,0
SPY190805C297,2019-08-02,2019-08-02 09:41:54,0.43,0.8958,273,0.42,0.875,39,0.41,0.8541,3,0.425,0.8854,767,0
SPY190805C297,2019-08-02,2019-08-02 09:41:55,0.44,0.9166,660,0.41,0.8541,670,0.41,0.8541,3,0.425,0.8854,767,0
SPY190805C297,2019-08-02,2019-08-02 09:41:56,0.44,0.9166,731,0.42,0.875,69,0.41,0.8541,3,0.43,0.8958,767,0
SPY190805C297,2019-08-02,2019-08-02 09:41:56,0.44,0.9166,670,0.42,0.875,69,0.41,0.8541,3,0.43,0.8958,767,0
SPY190805C297,2019-08-02,2019-08-02 09:41:57,0.43,0.8958,40,0.41,0.8541,1141,0.41,0.8541,3,0.42,0.875,767,0
SPY190805C297,2019-08-02,2019-08-02 09:41:58,0.43,0.8958,40,0.41,0.8541,348,0.41,0.8541,3,0.42,0.875,767,0
SPY190805C297,2019-08-02,2019-08-02 09:41:59,0.43,0.8958,38,0.41,0.8541,365,0.41,0.8541,3,0.42,0.875,767,0
SPY190805C297,2019-08-02,2019-08-02 09:41:59,0.43,0.8958,73,0.41,0.8541,590,0.41,0.8541,3,0.42,0.875,767,0
SPY190805C297,2019-08-02,2019-08-02 09:42:00,0.45,0.9375,753,0.42,0.875,575,0.41,0.8541,3,0.435,0.9062,767,0
SPY190805C297,2019-08-02,2019-08-02 09:42:01,0.44,0.9166,324,0.42,0.875,110,0.41,0.8541,3,0.43,0.8958,767,0
SPY190805C297,2019-08-02,2019-08-02 09:42:01,0.45,0.9375,480,0.42,0.875,230,0.41,0.8541,3,0.435,0.9062,767,0
SPY190805C297,2019-08-02,2019-08-02 09:42:03,0.4,0.8333,276,0.38,0.7916,1,0.41,0.8541,3,0.39,0.8125,767,0
SPY190805C297,2019-08-02,2019-08-02 09:42:03,0.42,0.875,480,0.38,0.7916,1,0.41,0.8541,3,0.4,0.8333,767,0
SPY190805C297,2019-08-02,2019-08-02 09:42:04,0.39,0.8125,550,0.38,0.7916,1,0.41,0.8541,3,0.385,0.802,767,0
SPY190805C297,2019-08-02,2019-08-02 09:42:04,0.39,0.8125,1115,0.38,0.7916,1,0.38,0.7916,1,0.385,0.802,768,1
SPY190805C297,2019-08-02,2019-08-02 09:42:05,0.39,0.8125,1220,0.36,0.75,100,0.38,0.7916,1,0.375,0.7812,768,0
SPY190805C297,2019-08-02,2019-08-02 09:42:06,0.38,0.7916,139,0.36,0.75,50,0.38,0.7916,1,0.37,0.7708,768,0
SPY190805C297,2019-08-02,2019-08-02 09:42:06,0.38,0.7916,600,0.36,0.75,113,0.38,0.7916,1,0.37,0.7708,768,0
SPY190805C297,2019-08-02,2019-08-02 09:42:07,0.39,0.8125,685,0.35,0.7291,248,0.38,0.7916,1,0.37,0.7708,768,0
SPY190805C297,2019-08-02,2019-08-02 09:42:08,0.38,0.7916,39,0.36,0.75,149,0.38,0.7916,1,0.37,0.7708,768,0
SPY190805C297,2019-08-02,2019-08-02 09:42:08,0.39,0.8125,341,0.36,0.75,340,0.38,0.7916,1,0.375,0.7812,768,0
SPY190805C297,2019-08-02,2019-08-02 09:42:09,0.38,0.7916,93,0.36,0.75,39,0.38,0.7916,1,0.37,0.7708,768,0
SPY190805C297,2019-08-02,2019-08-02 09:42:10,0.38,0.7916,353,0.35,0.7291,1084,0.38,0.7916,1,0.365,0.7604,768,0
SPY190805C297,2019-08-02,2019-08-02 09:42:10,0.38,0.7916,158,0.36,0.75,149,0.38,0.7916,1,0.37,0.7708,768,0
SPY190805C297,2019-08-02,2019-08-02 09:42:11,0.37,0.7708,308,0.34,0.7083,615,0.34,0.7083,1,0.355,0.7395,769,1
SPY190805C297,2019-08-02,2019-08-02 09:42:11,0.37,0.7708,308,0.34,0.7083,651,0.38,0.7916,1,0.355,0.7395,768,0
SPY190805C297,2019-08-02,2019-08-02 09:42:12,0.36,0.75,187,0.34,0.7083,120,0.34,0.7083,1,0.35,0.7291,769,0
SPY190805C297,2019-08-02,2019-08-02 09:42:13,0.36,0.75,215,0.34,0.7083,268,0.34,0.7083,1,0.35,0.7291,769,0
SPY190805C297,2019-08-02,2019-08-02 09:42:14,0.37,0.7708,242,0.35,0.7291,164,0.34,0.7083,1,0.36,0.75,769,0
SPY190805C297,2019-08-02,2019-08-02 09:42:14,0.37,0.7708,192,0.34,0.7083,339,0.34,0.7083,1,0.355,0.7395,769,0
SPY190805C297,2019-08-02,2019-08-02 09:42:15,0.37,0.7708,242,0.35,0.7291,633,0.34,0.7083,1,0.36,0.75,769,0
SPY190805C297,2019-08-02,2019-08-02 09:42:16,0.37,0.7708,189,0.35,0.7291,970,0.34,0.7083,1,0.36,0.75,769,0
SPY190805C297,2019-08-02,2019-08-02 09:42:17,0.37,0.7708,256,0.35,0.7291,550,0.34,0.7083,1,0.36,0.75,769,0
SPY190805C297,2019-08-02,2019-08-02 09:42:17,0.37,0.7708,256,0.35,0.7291,789,0.34,0.7083,1,0.36,0.75,769,0
SPY190805C297,2019-08-02,2019-08-02 09:42:18,0.38,0.7916,134,0.35,0.7291,414,0.34,0.7083,1,0.365,0.7604,769,0
SPY190805C297,2019-08-02,2019-08-02 09:42:19,0.39,0.8125,749,0.37,0.7708,43,0.34,0.7083,1,0.38,0.7916,769,0
SPY190805C297,2019-08-02,2019-08-02 09:42:20,0.38,0.7916,10,0.36,0.75,178,0.34,0.7083,1,0.37,0.7708,769,0
SPY190805C297,2019-08-02,2019-08-02 09:42:20,0.38,0.7916,5,0.36,0.75,49,0.34,0.7083,1,0.37,0.7708,769,0
SPY190805C297,2019-08-02,2019-08-02 09:42:21,0.39,0.8125,332,0.37,0.7708,15,0.34,0.7083,1,0.38,0.7916,769,0
SPY190805C297,2019-08-02,2019-08-02 09:42:21,0.39,0.8125,291,0.37,0.7708,13,0.34,0.7083,1,0.38,0.7916,769,0
SPY190805C297,2019-08-02,2019-08-02 09:42:22,0.39,0.8125,332,0.36,0.75,994,0.34,0.7083,1,0.375,0.7812,769,0
SPY190805C297,2019-08-02,2019-08-02 09:42:23,0.39,0.8125,332,0.37,0.7708,4,0.34,0.7083,1,0.38,0.7916,769,0
SPY190805C297,2019-08-02,2019-08-02 09:42:23,0.38,0.7916,5,0.36,0.75,821,0.34,0.7083,1,0.37,0.7708,769,0
SPY190805C297,2019-08-02,2019-08-02 09:42:24,0.38,0.7916,5,0.36,0.75,821,0.34,0.7083,1,0.37,0.7708,769,0
SPY190805C297,2019-08-02,2019-08-02 09:42:25,0.38,0.7916,162,0.37,0.7708,39,0.34,0.7083,1,0.375,0.7812,769,0
SPY190805C297,2019-08-02,2019-08-02 09:42:25,0.38,0.7916,56,0.37,0.7708,49,0.34,0.7083,1,0.375,0.7812,769,0
SPY190805C297,2019-08-02,2019-08-02 09:42:26,0.38,0.7916,1,0.37,0.7708,131,0.34,0.7083,1,0.375,0.7812,769,0
SPY190805C297,2019-08-02,2019-08-02 09:42:26,0.38,0.7916,1,0.37,0.7708,94,0.34,0.7083,1,0.375,0.7812,769,0
SPY190805C297,2019-08-02,2019-08-02 09:42:27,0.4,0.8333,882,0.38,0.7916,49,0.38,0.7916,1,0.39,0.8125,770,0
SPY190805C297,2019-08-02,2019-08-02 09:42:27,0.4,0.8333,467,0.38,0.7916,49,0.38,0.7916,1,0.39,0.8125,770,1
SPY190805C297,2019-08-02,2019-08-02 09:42:28,0.4,0.8333,1285,0.37,0.7708,1037,0.38,0.7916,1,0.385,0.802,770,0
SPY190805C297,2019-08-02,2019-08-02 09:42:29,0.4,0.8333,547,0.37,0.7708,781,0.38,0.7916,1,0.385,0.802,770,0
SPY190805C297,2019-08-02,2019-08-02 09:42:30,0.4,0.8333,547,0.38,0.7916,64,0.38,0.7916,1,0.39,0.8125,770,0
SPY190805C297,2019-08-02,2019-08-02 09:42:30,0.39,0.8125,161,0.37,0.7708,833,0.38,0.7916,1,0.38,0.7916,770,0
SPY190805C297,2019-08-02,2019-08-02 09:42:31,0.4,0.8333,1083,0.37,0.7708,304,0.38,0.7916,1,0.385,0.802,770,0
SPY190805C297,2019-08-02,2019-08-02 09:42:32,0.4,0.8333,1291,0.38,0.7916,39,0.38,0.7916,1,0.39,0.8125,770,0
SPY190805C297,2019-08-02,2019-08-02 09:42:32,0.4,0.8333,1142,0.38,0.7916,71,0.38,0.7916,1,0.39,0.8125,770,0
SPY190805C297,2019-08-02,2019-08-02 09:42:33,0.39,0.8125,107,0.37,0.7708,688,0.38,0.7916,1,0.38,0.7916,770,0
SPY190805C297,2019-08-02,2019-08-02 09:42:33,0.39,0.8125,177,0.37,0.7708,226,0.38,0.7916,1,0.38,0.7916,770,0
SPY190805C297,2019-08-02,2019-08-02 09:42:34,0.39,0.8125,695,0.37,0.7708,144,0.38,0.7916,1,0.38,0.7916,770,0
SPY190805C297,2019-08-02,2019-08-02 09:42:35,0.39,0.8125,201,0.37,0.7708,144,0.38,0.7916,1,0.38,0.7916,770,0
SPY190805C297,2019-08-02,2019-08-02 09:42:36,0.39,0.8125,163,0.37,0.7708,181,0.38,0.7916,1,0.38,0.7916,770,0
SPY190805C297,2019-08-02,2019-08-02 09:42:37,0.39,0.8125,5,0.36,0.75,116,0.38,0.7916,1,0.375,0.7812,770,0
SPY190805C297,2019-08-02,2019-08-02 09:42:37,0.39,0.8125,88,0.37,0.7708,60,0.38,0.7916,1,0.38,0.7916,770,0
SPY190805C297,2019-08-02,2019-08-02 09:42:38,0.4,0.8333,452,0.38,0.7916,176,0.38,0.7916,1,0.39,0.8125,770,0
SPY190805C297,2019-08-02,2019-08-02 09:42:38,0.4,0.8333,238,0.38,0.7916,176,0.38,0.7916,1,0.39,0.8125,770,0
SPY190805C297,2019-08-02,2019-08-02 09:42:39,0.4,0.8333,575,0.37,0.7708,550,0.38,0.7916,1,0.385,0.802,770,0
SPY190805C297,2019-08-02,2019-08-02 09:42:40,0.4,0.8333,118,0.38,0.7916,139,0.38,0.7916,1,0.39,0.8125,770,0
SPY190805C297,2019-08-02,2019-08-02 09:42:40,0.4,0.8333,100,0.38,0.7916,281,0.38,0.7916,1,0.39,0.8125,770,0
SPY190805C297,2019-08-02,2019-08-02 09:42:41,0.4,0.8333,5,0.38,0.7916,214,0.38,0.7916,1,0.39,0.8125,770,0
SPY190805C297,2019-08-02,2019-08-02 09:42:41,0.4,0.8333,110,0.38,0.7916,214,0.38,0.7916,1,0.39,0.8125,770,0
SPY190805C297,2019-08-02,2019-08-02 09:42:42,0.4,0.8333,5,0.38,0.7916,202,0.38,0.7916,1,0.39,0.8125,770,0
SPY190805C297,2019-08-02,2019-08-02 09:42:43,0.4,0.8333,29,0.38,0.7916,100,0.38,0.7916,1,0.39,0.8125,770,0
SPY190805C297,2019-08-02,2019-08-02 09:42:43,0.4,0.8333,124,0.38,0.7916,160,0.38,0.7916,1,0.39,0.8125,770,0
SPY190805C297,2019-08-02,2019-08-02 09:42:44,0.41,0.8541,110,0.39,0.8125,149,0.38,0.7916,1,0.4,0.8333,770,0
SPY190805C297,2019-08-02,2019-08-02 09:42:45,0.41,0.8541,817,0.39,0.8125,128,0.38,0.7916,1,0.4,0.8333,770,0
SPY190805C297,2019-08-02,2019-08-02 09:42:46,0.41,0.8541,990,0.39,0.8125,39,0.38,0.7916,1,0.4,0.8333,770,0
SPY190805C297,2019-08-02,2019-08-02 09:42:46,0.4,0.8333,5,0.38,0.7916,715,0.38,0.7916,1,0.39,0.8125,770,0
SPY190805C297,2019-08-02,2019-08-02 09:42:47,0.4,0.8333,5,0.38,0.7916,317,0.38,0.7916,1,0.39,0.8125,770,0
SPY190805C297,2019-08-02,2019-08-02 09:42:48,0.39,0.8125,5,0.38,0.7916,39,0.38,0.7916,1,0.385,0.802,770,0
SPY190805C297,2019-08-02,2019-08-02 09:42:48,0.4,0.8333,233,0.38,0.7916,39,0.38,0.7916,1,0.39,0.8125,770,0
SPY190805C297,2019-08-02,2019-08-02 09:42:49,0.39,0.8125,500,0.38,0.7916,39,0.38,0.7916,1,0.385,0.802,770,0
SPY190805C297,2019-08-02,2019-08-02 09:42:50,0.38,0.7916,5,0.37,0.7708,39,0.38,0.7916,1,0.375,0.7812,770,0
SPY190805C297,2019-08-02,2019-08-02 09:42:51,0.38,0.7916,412,0.36,0.75,149,0.38,0.7916,1,0.37,0.7708,770,0
SPY190805C297,2019-08-02,2019-08-02 09:42:52,0.38,0.7916,5,0.35,0.7291,700,0.38,0.7916,1,0.365,0.7604,770,0
SPY190805C297,2019-08-02,2019-08-02 09:42:53,0.37,0.7708,5,0.35,0.7291,219,0.38,0.7916,1,0.36,0.75,770,0
SPY190805C297,2019-08-02,2019-08-02 09:42:54,0.37,0.7708,5,0.35,0.7291,10,0.38,0.7916,1,0.36,0.75,770,0
SPY190805C297,2019-08-02,2019-08-02 09:42:55,0.37,0.7708,5,0.36,0.75,159,0.38,0.7916,1,0.365,0.7604,770,0
SPY190805C297,2019-08-02,2019-08-02 09:42:56,0.37,0.7708,5,0.36,0.75,149,0.38,0.7916,1,0.365,0.7604,770,0
SPY190805C297,2019-08-02,2019-08-02 09:42:57,0.36,0.75,5,0.35,0.7291,229,0.38,0.7916,1,0.355,0.7395,770,0
SPY190805C297,2019-08-02,2019-08-02 09:42:57,0.37,0.7708,87,0.35,0.7291,149,0.38,0.7916,1,0.36,0.75,770,0
SPY190805C297,2019-08-02,2019-08-02 09:42:58,0.37,0.7708,299,0.35,0.7291,229,0.38,0.7916,1,0.36,0.75,770,0
SPY190805C297,2019-08-02,2019-08-02 09:42:59,0.37,0.7708,5,0.36,0.75,165,0.38,0.7916,1,0.365,0.7604,770,0
SPY190805C297,2019-08-02,2019-08-02 09:43:00,0.37,0.7708,5,0.36,0.75,132,0.38,0.7916,1,0.365,0.7604,770,0
SPY190805C297,2019-08-02,2019-08-02 09:43:01,0.37,0.7708,5,0.36,0.75,132,0.38,0.7916,1,0.365,0.7604,770,0
SPY190805C297,2019-08-02,2019-08-02 09:43:02,0.38,0.7916,100,0.36,0.75,167,0.38,0.7916,1,0.37,0.7708,770,0
SPY190805C297,2019-08-02,2019-08-02 09:43:03,0.38,0.7916,50,0.37,0.7708,48,0.38,0.7916,1,0.375,0.7812,770,0
SPY190805C297,2019-08-02,2019-08-02 09:43:04,0.39,0.8125,623,0.37,0.7708,48,0.38,0.7916,1,0.38,0.7916,770,0
SPY190805C297,2019-08-02,2019-08-02 09:43:04,0.38,0.7916,5,0.37,0.7708,157,0.38,0.7916,1,0.375,0.7812,770,0
SPY190805C297,2019-08-02,2019-08-02 09:43:05,0.39,0.8125,623,0.37,0.7708,48,0.38,0.7916,1,0.38,0.7916,770,0
SPY190805C297,2019-08-02,2019-08-02 09:43:06,0.38,0.7916,5,0.37,0.7708,48,0.38,0.7916,1,0.375,0.7812,770,0
SPY190805C297,2019-08-02,2019-08-02 09:43:06,0.38,0.7916,5,0.37,0.7708,32,0.38,0.7916,1,0.375,0.7812,770,0
SPY190805C297,2019-08-02,2019-08-02 09:43:07,0.38,0.7916,5,0.37,0.7708,49,0.38,0.7916,1,0.375,0.7812,770,0
SPY190805C297,2019-08-02,2019-08-02 09:43:08,0.38,0.7916,5,0.37,0.7708,29,0.38,0.7916,1,0.375,0.7812,770,0
SPY190805C297,2019-08-02,2019-08-02 09:43:09,0.38,0.7916,5,0.37,0.7708,110,0.38,0.7916,1,0.375,0.7812,770,0
SPY190805C297,2019-08-02,2019-08-02 09:43:10,0.38,0.7916,5,0.37,0.7708,172,0.38,0.7916,1,0.375,0.7812,770,0
SPY190805C297,2019-08-02,2019-08-02 09:43:10,0.4,0.8333,780,0.38,0.7916,4,0.38,0.7916,1,0.39,0.8125,770,0
SPY190805C297,2019-08-02,2019-08-02 09:43:11,0.4,0.8333,833,0.38,0.7916,2,0.38,0.7916,1,0.39,0.8125,770,0
SPY190805C297,2019-08-02,2019-08-02 09:43:12,0.39,0.8125,5,0.38,0.7916,84,0.38,0.7916,1,0.385,0.802,770,0
SPY190805C297,2019-08-02,2019-08-02 09:43:12,0.39,0.8125,5,0.38,0.7916,2,0.38,0.7916,1,0.385,0.802,770,0
SPY190805C297,2019-08-02,2019-08-02 09:43:13,0.39,0.8125,5,0.38,0.7916,74,0.38,0.7916,1,0.385,0.802,770,0
SPY190805C297,2019-08-02,2019-08-02 09:43:14,0.39,0.8125,600,0.38,0.7916,29,0.38,0.7916,1,0.385,0.802,770,0
SPY190805C297,2019-08-02,2019-08-02 09:43:14,0.39,0.8125,5,0.37,0.7708,615,0.38,0.7916,1,0.38,0.7916,770,0
SPY190805C297,2019-08-02,2019-08-02 09:43:15,0.39,0.8125,550,0.36,0.75,140,0.38,0.7916,1,0.375,0.7812,770,0
SPY190805C297,2019-08-02,2019-08-02 09:43:16,0.4,0.8333,844,0.38,0.7916,14,0.38,0.7916,1,0.39,0.8125,770,0
SPY190805C297,2019-08-02,2019-08-02 09:43:16,0.39,0.8125,302,0.38,0.7916,9,0.38,0.7916,1,0.385,0.802,770,0
SPY190805C297,2019-08-02,2019-08-02 09:43:17,0.39,0.8125,5,0.38,0.7916,14,0.38,0.7916,1,0.385,0.802,770,0
SPY190805C297,2019-08-02,2019-08-02 09:43:17,0.39,0.8125,5,0.38,0.7916,29,0.38,0.7916,1,0.385,0.802,770,0
SPY190805C297,2019-08-02,2019-08-02 09:43:18,0.39,0.8125,107,0.37,0.7708,121,0.38,0.7916,1,0.38,0.7916,770,0
SPY190805C297,2019-08-02,2019-08-02 09:43:19,0.39,0.8125,100,0.37,0.7708,136,0.38,0.7916,1,0.38,0.7916,770,0
SPY190805C297,2019-08-02,2019-08-02 09:43:20,0.39,0.8125,5,0.38,0.7916,47,0.38,0.7916,1,0.385,0.802,770,0
SPY190805C297,2019-08-02,2019-08-02 09:43:20,0.39,0.8125,5,0.37,0.7708,290,0.38,0.7916,1,0.38,0.7916,770,0
SPY190805C297,2019-08-02,2019-08-02 09:43:21,0.39,0.8125,5,0.38,0.7916,47,0.38,0.7916,1,0.385,0.802,770,0
SPY190805C297,2019-08-02,2019-08-02 09:43:21,0.39,0.8125,5,0.38,0.7916,4,0.38,0.7916,1,0.385,0.802,770,0
SPY190805C297,2019-08-02,2019-08-02 09:43:22,0.39,0.8125,5,0.38,0.7916,75,0.38,0.7916,1,0.385,0.802,770,0
SPY190805C297,2019-08-02,2019-08-02 09:43:22,0.4,0.8333,500,0.38,0.7916,67,0.38,0.7916,1,0.39,0.8125,770,0
SPY190805C297,2019-08-02,2019-08-02 09:43:23,0.4,0.8333,333,0.38,0.7916,163,0.38,0.7916,1,0.39,0.8125,770,0
SPY190805C297,2019-08-02,2019-08-02 09:43:24,0.4,0.8333,5,0.39,0.8125,29,0.39,0.8125,2,0.395,0.8229,772,2
SPY190805C297,2019-08-02,2019-08-02 09:43:24,0.4,0.8333,5,0.39,0.8125,29,0.38,0.7916,1,0.395,0.8229,770,0
SPY190805C297,2019-08-02,2019-08-02 09:43:25,0.4,0.8333,5,0.39,0.8125,29,0.39,0.8125,2,0.395,0.8229,772,0
SPY190805C297,2019-08-02,2019-08-02 09:43:26,0.39,0.8125,5,0.38,0.7916,195,0.39,0.8125,2,0.385,0.802,772,0
SPY190805C297,2019-08-02,2019-08-02 09:43:26,0.39,0.8125,5,0.38,0.7916,51,0.39,0.8125,2,0.385,0.802,772,0
SPY190805C297,2019-08-02,2019-08-02 09:43:27,0.4,0.8333,325,0.39,0.8125,29,0.39,0.8125,2,0.395,0.8229,772,0
SPY190805C297,2019-08-02,2019-08-02 09:43:28,0.39,0.8125,5,0.38,0.7916,40,0.39,0.8125,2,0.385,0.802,772,0
SPY190805C297,2019-08-02,2019-08-02 09:43:29,0.39,0.8125,5,0.38,0.7916,48,0.39,0.8125,2,0.385,0.802,772,0
SPY190805C297,2019-08-02,2019-08-02 09:43:29,0.39,0.8125,325,0.37,0.7708,360,0.39,0.8125,2,0.38,0.7916,772,0
SPY190805C297,2019-08-02,2019-08-02 09:43:30,0.38,0.7916,5,0.37,0.7708,153,0.39,0.8125,2,0.375,0.7812,772,0
SPY190805C297,2019-08-02,2019-08-02 09:43:31,0.38,0.7916,5,0.37,0.7708,43,0.39,0.8125,2,0.375,0.7812,772,0
SPY190805C297,2019-08-02,2019-08-02 09:43:31,0.39,0.8125,5,0.37,0.7708,160,0.39,0.8125,2,0.38,0.7916,772,0
SPY190805C297,2019-08-02,2019-08-02 09:43:32,0.39,0.8125,124,0.37,0.7708,298,0.39,0.8125,2,0.38,0.7916,772,0
SPY190805C297,2019-08-02,2019-08-02 09:43:32,0.39,0.8125,5,0.37,0.7708,298,0.39,0.8125,2,0.38,0.7916,772,0
SPY190805C297,2019-08-02,2019-08-02 09:43:33,0.39,0.8125,5,0.37,0.7708,298,0.39,0.8125,2,0.38,0.7916,772,0
SPY190805C297,2019-08-02,2019-08-02 09:43:34,0.39,0.8125,5,0.37,0.7708,298,0.39,0.8125,2,0.38,0.7916,772,0
SPY190805C297,2019-08-02,2019-08-02 09:43:35,0.39,0.8125,5,0.37,0.7708,298,0.39,0.8125,2,0.38,0.7916,772,0
SPY190805C297,2019-08-02,2019-08-02 09:43:35,0.39,0.8125,5,0.37,0.7708,130,0.39,0.8125,2,0.38,0.7916,772,0
SPY190805C297,2019-08-02,2019-08-02 09:43:36,0.37,0.7708,5,0.36,0.75,317,0.39,0.8125,2,0.365,0.7604,772,0
SPY190805C297,2019-08-02,2019-08-02 09:43:37,0.37,0.7708,5,0.36,0.75,317,0.39,0.8125,2,0.365,0.7604,772,0
SPY190805C297,2019-08-02,2019-08-02 09:43:37,0.38,0.7916,297,0.36,0.75,322,0.39,0.8125,2,0.37,0.7708,772,0
SPY190805C297,2019-08-02,2019-08-02 09:43:38,0.38,0.7916,235,0.33,0.6875,848,0.39,0.8125,2,0.355,0.7395,772,0
SPY190805C297,2019-08-02,2019-08-02 09:43:38,0.38,0.7916,50,0.36,0.75,240,0.39,0.8125,2,0.37,0.7708,772,0
SPY190805C297,2019-08-02,2019-08-02 09:43:39,0.38,0.7916,326,0.36,0.75,72,0.39,0.8125,2,0.37,0.7708,772,0
SPY190805C297,2019-08-02,2019-08-02 09:43:40,0.38,0.7916,147,0.35,0.7291,1181,0.39,0.8125,2,0.365,0.7604,772,0
SPY190805C297,2019-08-02,2019-08-02 09:43:40,0.38,0.7916,865,0.35,0.7291,130,0.39,0.8125,2,0.365,0.7604,772,0
SPY190805C297,2019-08-02,2019-08-02 09:43:41,0.37,0.7708,133,0.35,0.7291,49,0.39,0.8125,2,0.36,0.75,772,0
SPY190805C297,2019-08-02,2019-08-02 09:43:42,0.37,0.7708,344,0.35,0.7291,49,0.39,0.8125,2,0.36,0.75,772,0
SPY190805C297,2019-08-02,2019-08-02 09:43:43,0.38,0.7916,1033,0.35,0.7291,133,0.39,0.8125,2,0.365,0.7604,772,0
SPY190805C297,2019-08-02,2019-08-02 09:43:43,0.38,0.7916,313,0.35,0.7291,133,0.39,0.8125,2,0.365,0.7604,772,0
SPY190805C297,2019-08-02,2019-08-02 09:43:44,0.38,0.7916,422,0.36,0.75,49,0.39,0.8125,2,0.37,0.7708,772,0
SPY190805C297,2019-08-02,2019-08-02 09:43:45,0.37,0.7708,5,0.36,0.75,39,0.39,0.8125,2,0.365,0.7604,772,0
SPY190805C297,2019-08-02,2019-08-02 09:43:46,0.37,0.7708,5,0.36,0.75,154,0.39,0.8125,2,0.365,0.7604,772,0
SPY190805C297,2019-08-02,2019-08-02 09:43:46,0.38,0.7916,127,0.36,0.75,154,0.39,0.8125,2,0.37,0.7708,772,0
SPY190805C297,2019-08-02,2019-08-02 09:43:47,0.38,0.7916,143,0.36,0.75,149,0.39,0.8125,2,0.37,0.7708,772,0
SPY190805C297,2019-08-02,2019-08-02 09:43:47,0.37,0.7708,5,0.36,0.75,154,0.39,0.8125,2,0.365,0.7604,772,0
SPY190805C297,2019-08-02,2019-08-02 09:43:48,0.37,0.7708,5,0.36,0.75,154,0.39,0.8125,2,0.365,0.7604,772,0
SPY190805C297,2019-08-02,2019-08-02 09:43:49,0.37,0.7708,5,0.36,0.75,154,0.39,0.8125,2,0.365,0.7604,772,0
SPY190805C297,2019-08-02,2019-08-02 09:43:50,0.37,0.7708,5,0.36,0.75,154,0.39,0.8125,2,0.365,0.7604,772,0
SPY190805C297,2019-08-02,2019-08-02 09:43:50,0.37,0.7708,5,0.36,0.75,164,0.39,0.8125,2,0.365,0.7604,772,0
SPY190805C297,2019-08-02,2019-08-02 09:43:51,0.37,0.7708,5,0.36,0.75,164,0.39,0.8125,2,0.365,0.7604,772,0
SPY190805C297,2019-08-02,2019-08-02 09:43:51,0.38,0.7916,10,0.36,0.75,164,0.39,0.8125,2,0.37,0.7708,772,0
SPY190805C297,2019-08-02,2019-08-02 09:43:52,0.38,0.7916,100,0.36,0.75,164,0.39,0.8125,2,0.37,0.7708,772,0
SPY190805C297,2019-08-02,2019-08-02 09:43:53,0.37,0.7708,5,0.36,0.75,54,0.39,0.8125,2,0.365,0.7604,772,0
SPY190805C297,2019-08-02,2019-08-02 09:43:54,0.37,0.7708,5,0.36,0.75,43,0.39,0.8125,2,0.365,0.7604,772,0
SPY190805C297,2019-08-02,2019-08-02 09:43:54,0.37,0.7708,5,0.36,0.75,53,0.39,0.8125,2,0.365,0.7604,772,0
SPY190805C297,2019-08-02,2019-08-02 09:43:55,0.38,0.7916,228,0.36,0.75,97,0.39,0.8125,2,0.37,0.7708,772,0
SPY190805C297,2019-08-02,2019-08-02 09:43:56,0.37,0.7708,5,0.36,0.75,53,0.39,0.8125,2,0.365,0.7604,772,0
SPY190805C297,2019-08-02,2019-08-02 09:43:57,0.37,0.7708,5,0.36,0.75,53,0.39,0.8125,2,0.365,0.7604,772,0
SPY190805C297,2019-08-02,2019-08-02 09:43:58,0.37,0.7708,5,0.36,0.75,38,0.39,0.8125,2,0.365,0.7604,772,0
SPY190805C297,2019-08-02,2019-08-02 09:43:59,0.36,0.75,5,0.35,0.7291,39,0.39,0.8125,2,0.355,0.7395,772,0
SPY190805C297,2019-08-02,2019-08-02 09:44:00,0.36,0.75,353,0.34,0.7083,29,0.39,0.8125,2,0.35,0.7291,772,0
SPY190805C297,2019-08-02,2019-08-02 09:44:00,0.36,0.75,214,0.34,0.7083,350,0.39,0.8125,2,0.35,0.7291,772,0
SPY190805C297,2019-08-02,2019-08-02 09:44:01,0.36,0.75,5,0.35,0.7291,74,0.39,0.8125,2,0.355,0.7395,772,0
SPY190805C297,2019-08-02,2019-08-02 09:44:02,0.36,0.75,5,0.35,0.7291,53,0.39,0.8125,2,0.355,0.7395,772,0
SPY190805C297,2019-08-02,2019-08-02 09:44:02,0.37,0.7708,368,0.35,0.7291,114,0.39,0.8125,2,0.36,0.75,772,0
SPY190805C297,2019-08-02,2019-08-02 09:44:03,0.36,0.75,5,0.35,0.7291,149,0.39,0.8125,2,0.355,0.7395,772,0
SPY190805C297,2019-08-02,2019-08-02 09:44:04,0.36,0.75,5,0.35,0.7291,53,0.39,0.8125,2,0.355,0.7395,772,0
SPY190805C297,2019-08-02,2019-08-02 09:44:04,0.36,0.75,5,0.35,0.7291,201,0.39,0.8125,2,0.355,0.7395,772,0
SPY190805C297,2019-08-02,2019-08-02 09:44:05,0.37,0.7708,412,0.35,0.7291,433,0.39,0.8125,2,0.36,0.75,772,0
SPY190805C297,2019-08-02,2019-08-02 09:44:06,0.37,0.7708,29,0.36,0.75,149,0.39,0.8125,2,0.365,0.7604,772,0
SPY190805C297,2019-08-02,2019-08-02 09:44:06,0.37,0.7708,77,0.36,0.75,29,0.39,0.8125,2,0.365,0.7604,772,0
SPY190805C297,2019-08-02,2019-08-02 09:44:07,0.37,0.7708,29,0.36,0.75,149,0.39,0.8125,2,0.365,0.7604,772,0
SPY190805C297,2019-08-02,2019-08-02 09:44:08,0.37,0.7708,29,0.36,0.75,23,0.39,0.8125,2,0.365,0.7604,772,0
SPY190805C297,2019-08-02,2019-08-02 09:44:08,0.37,0.7708,29,0.36,0.75,149,0.39,0.8125,2,0.365,0.7604,772,0
SPY190805C297,2019-08-02,2019-08-02 09:44:09,0.37,0.7708,10,0.36,0.75,125,0.39,0.8125,2,0.365,0.7604,772,0
SPY190805C297,2019-08-02,2019-08-02 09:44:10,0.37,0.7708,100,0.36,0.75,39,0.39,0.8125,2,0.365,0.7604,772,0
SPY190805C297,2019-08-02,2019-08-02 09:44:11,0.37,0.7708,10,0.35,0.7291,861,0.39,0.8125,2,0.36,0.75,772,0
SPY190805C297,2019-08-02,2019-08-02 09:44:11,0.37,0.7708,10,0.36,0.75,29,0.39,0.8125,2,0.365,0.7604,772,0
SPY190805C297,2019-08-02,2019-08-02 09:44:12,0.37,0.7708,10,0.36,0.75,29,0.39,0.8125,2,0.365,0.7604,772,0
SPY190805C297,2019-08-02,2019-08-02 09:44:13,0.37,0.7708,315,0.36,0.75,29,0.39,0.8125,2,0.365,0.7604,772,0
SPY190805C297,2019-08-02,2019-08-02 09:44:14,0.37,0.7708,100,0.35,0.7291,451,0.39,0.8125,2,0.36,0.75,772,0
SPY190805C297,2019-08-02,2019-08-02 09:44:14,0.37,0.7708,302,0.36,0.75,29,0.39,0.8125,2,0.365,0.7604,772,0
SPY190805C297,2019-08-02,2019-08-02 09:44:15,0.37,0.7708,50,0.35,0.7291,506,0.39,0.8125,2,0.36,0.75,772,0
SPY190805C297,2019-08-02,2019-08-02 09:44:16,0.37,0.7708,27,0.36,0.75,197,0.39,0.8125,2,0.365,0.7604,772,0
SPY190805C297,2019-08-02,2019-08-02 09:44:16,0.37,0.7708,10,0.36,0.75,86,0.39,0.8125,2,0.365,0.7604,772,0
SPY190805C297,2019-08-02,2019-08-02 09:44:17,0.37,0.7708,10,0.36,0.75,43,0.39,0.8125,2,0.365,0.7604,772,0
SPY190805C297,2019-08-02,2019-08-02 09:44:17,0.37,0.7708,5,0.36,0.75,102,0.36,0.75,7,0.365,0.7604,782,10
SPY190805C297,2019-08-02,2019-08-02 09:44:18,0.37,0.7708,5,0.36,0.75,39,0.36,0.75,7,0.365,0.7604,782,0
SPY190805C297,2019-08-02,2019-08-02 09:44:19,0.37,0.7708,317,0.35,0.7291,439,0.36,0.75,7,0.36,0.75,782,0
SPY190805C297,2019-08-02,2019-08-02 09:44:19,0.37,0.7708,15,0.35,0.7291,243,0.36,0.75,7,0.36,0.75,782,0
SPY190805C297,2019-08-02,2019-08-02 09:44:20,0.37,0.7708,317,0.36,0.75,29,0.36,0.75,7,0.365,0.7604,782,0
SPY190805C297,2019-08-02,2019-08-02 09:44:21,0.37,0.7708,230,0.35,0.7291,286,0.36,0.75,7,0.36,0.75,782,0
SPY190805C297,2019-08-02,2019-08-02 09:44:22,0.37,0.7708,317,0.36,0.75,20,0.36,0.75,7,0.365,0.7604,782,0
SPY190805C297,2019-08-02,2019-08-02 09:44:22,0.37,0.7708,317,0.35,0.7291,402,0.36,0.75,7,0.36,0.75,782,0
SPY190805C297,2019-08-02,2019-08-02 09:44:23,0.37,0.7708,317,0.36,0.75,29,0.36,0.75,7,0.365,0.7604,782,0
SPY190805C297,2019-08-02,2019-08-02 09:44:24,0.37,0.7708,317,0.35,0.7291,402,0.36,0.75,7,0.36,0.75,782,0
SPY190805C297,2019-08-02,2019-08-02 09:44:24,0.37,0.7708,317,0.36,0.75,29,0.36,0.75,7,0.365,0.7604,782,0
SPY190805C297,2019-08-02,2019-08-02 09:44:25,0.37,0.7708,317,0.36,0.75,29,0.36,0.75,7,0.365,0.7604,782,0
SPY190805C297,2019-08-02,2019-08-02 09:44:26,0.37,0.7708,317,0.36,0.75,29,0.36,0.75,7,0.365,0.7604,782,0
SPY190805C297,2019-08-02,2019-08-02 09:44:26,0.37,0.7708,317,0.36,0.75,39,0.36,0.75,7,0.365,0.7604,782,0
SPY190805C297,2019-08-02,2019-08-02 09:44:27,0.37,0.7708,317,0.36,0.75,64,0.36,0.75,7,0.365,0.7604,782,0
SPY190805C297,2019-08-02,2019-08-02 09:44:27,0.37,0.7708,15,0.36,0.75,214,0.36,0.75,7,0.365,0.7604,782,0
SPY190805C297,2019-08-02,2019-08-02 09:44:28,0.37,0.7708,15,0.36,0.75,214,0.36,0.75,7,0.365,0.7604,782,0
SPY190805C297,2019-08-02,2019-08-02 09:44:29,0.37,0.7708,15,0.36,0.75,311,0.36,0.75,7,0.365,0.7604,782,0
SPY190805C297,2019-08-02,2019-08-02 09:44:30,0.37,0.7708,75,0.36,0.75,198,0.36,0.75,7,0.365,0.7604,782,0
SPY190805C297,2019-08-02,2019-08-02 09:44:31,0.37,0.7708,809,0.35,0.7291,43,0.36,0.75,7,0.36,0.75,782,0
SPY190805C297,2019-08-02,2019-08-02 09:44:32,0.36,0.75,5,0.35,0.7291,100,0.36,0.75,7,0.355,0.7395,782,0
SPY190805C297,2019-08-02,2019-08-02 09:44:33,0.36,0.75,191,0.35,0.7291,100,0.36,0.75,7,0.355,0.7395,782,0
SPY190805C297,2019-08-02,2019-08-02 09:44:34,0.36,0.75,191,0.35,0.7291,43,0.36,0.75,7,0.355,0.7395,782,0
SPY190805C297,2019-08-02,2019-08-02 09:44:35,0.36,0.75,191,0.35,0.7291,43,0.36,0.75,7,0.355,0.7395,782,0
SPY190805C297,2019-08-02,2019-08-02 09:44:35,0.36,0.75,15,0.34,0.7083,149,0.36,0.75,7,0.35,0.7291,782,0
SPY190805C297,2019-08-02,2019-08-02 09:44:36,0.36,0.75,449,0.34,0.7083,330,0.36,0.75,7,0.35,0.7291,782,0
SPY190805C297,2019-08-02,2019-08-02 09:44:37,0.36,0.75,578,0.34,0.7083,330,0.36,0.75,7,0.35,0.7291,782,0
SPY190805C297,2019-08-02,2019-08-02 09:44:38,0.36,0.75,303,0.35,0.7291,29,0.36,0.75,7,0.355,0.7395,782,0
SPY190805C297,2019-08-02,2019-08-02 09:44:38,0.36,0.75,437,0.34,0.7083,312,0.36,0.75,7,0.35,0.7291,782,0
SPY190805C297,2019-08-02,2019-08-02 09:44:39,0.36,0.75,295,0.35,0.7291,84,0.36,0.75,7,0.355,0.7395,782,0
SPY190805C297,2019-08-02,2019-08-02 09:44:40,0.36,0.75,324,0.35,0.7291,29,0.36,0.75,7,0.355,0.7395,782,0
SPY190805C297,2019-08-02,2019-08-02 09:44:41,0.37,0.7708,1114,0.35,0.7291,263,0.36,0.75,7,0.36,0.75,782,0
SPY190805C297,2019-08-02,2019-08-02 09:44:41,0.37,0.7708,1384,0.35,0.7291,263,0.36,0.75,7,0.36,0.75,782,0
SPY190805C297,2019-08-02,2019-08-02 09:44:42,0.37,0.7708,210,0.36,0.75,43,0.36,0.75,7,0.365,0.7604,782,0
SPY190805C297,2019-08-02,2019-08-02 09:44:43,0.37,0.7708,5,0.36,0.75,50,0.36,0.75,7,0.365,0.7604,782,0
SPY190805C297,2019-08-02,2019-08-02 09:44:43,0.37,0.7708,174,0.36,0.75,43,0.36,0.75,7,0.365,0.7604,782,0
SPY190805C297,2019-08-02,2019-08-02 09:44:44,0.37,0.7708,163,0.36,0.75,50,0.36,0.75,7,0.365,0.7604,782,0
SPY190805C297,2019-08-02,2019-08-02 09:44:45,0.37,0.7708,178,0.36,0.75,43,0.36,0.75,7,0.365,0.7604,782,0
SPY190805C297,2019-08-02,2019-08-02 09:44:46,0.37,0.7708,5,0.36,0.75,43,0.36,0.75,7,0.365,0.7604,782,0
SPY190805C297,2019-08-02,2019-08-02 09:44:46,0.37,0.7708,5,0.36,0.75,65,0.36,0.75,7,0.365,0.7604,782,0
SPY190805C297,2019-08-02,2019-08-02 09:44:47,0.37,0.7708,5,0.36,0.75,65,0.36,0.75,7,0.365,0.7604,782,0
SPY190805C297,2019-08-02,2019-08-02 09:44:48,0.37,0.7708,5,0.36,0.75,132,0.36,0.75,7,0.365,0.7604,782,0
SPY190805C297,2019-08-02,2019-08-02 09:44:48,0.37,0.7708,163,0.36,0.75,128,0.36,0.75,7,0.365,0.7604,782,0
SPY190805C297,2019-08-02,2019-08-02 09:44:49,0.37,0.7708,198,0.36,0.75,132,0.36,0.75,7,0.365,0.7604,782,0
SPY190805C297,2019-08-02,2019-08-02 09:44:50,0.37,0.7708,633,0.35,0.7291,294,0.36,0.75,7,0.36,0.75,782,0
SPY190805C297,2019-08-02,2019-08-02 09:44:50,0.37,0.7708,660,0.35,0.7291,294,0.36,0.75,7,0.36,0.75,782,0
SPY190805C297,2019-08-02,2019-08-02 09:44:51,0.36,0.75,192,0.35,0.7291,96,0.35,0.7291,4,0.355,0.7395,786,4
SPY190805C297,2019-08-02,2019-08-02 09:44:52,0.36,0.75,241,0.35,0.7291,96,0.35,0.7291,4,0.355,0.7395,786,0
SPY190805C297,2019-08-02,2019-08-02 09:44:53,0.37,0.7708,500,0.35,0.7291,225,0.35,0.7291,4,0.36,0.75,786,0
SPY190805C297,2019-08-02,2019-08-02 09:44:54,0.37,0.7708,49,0.36,0.75,139,0.35,0.7291,4,0.365,0.7604,786,0
SPY190805C297,2019-08-02,2019-08-02 09:44:55,0.37,0.7708,1,0.36,0.75,218,0.35,0.7291,4,0.365,0.7604,786,0
SPY190805C297,2019-08-02,2019-08-02 09:44:56,0.37,0.7708,206,0.36,0.75,139,0.35,0.7291,4,0.365,0.7604,786,0
SPY190805C297,2019-08-02,2019-08-02 09:44:57,0.37,0.7708,704,0.35,0.7291,297,0.35,0.7291,4,0.36,0.75,786,0
SPY190805C297,2019-08-02,2019-08-02 09:44:57,0.37,0.7708,782,0.35,0.7291,237,0.35,0.7291,4,0.36,0.75,786,0
SPY190805C297,2019-08-02,2019-08-02 09:44:58,0.36,0.75,5,0.35,0.7291,237,0.35,0.7291,4,0.355,0.7395,786,0
SPY190805C297,2019-08-02,2019-08-02 09:44:59,0.37,0.7708,5,0.35,0.7291,149,0.35,0.7291,4,0.36,0.75,786,0
SPY190805C297,2019-08-02,2019-08-02 09:44:59,0.37,0.7708,213,0.35,0.7291,37,0.35,0.7291,4,0.36,0.75,786,0
SPY190805C297,2019-08-02,2019-08-02 09:45:00,0.37,0.7708,241,0.35,0.7291,149,0.35,0.7291,4,0.36,0.75,786,0
SPY190805C297,2019-08-02,2019-08-02 09:45:00,0.37,0.7708,506,0.35,0.7291,137,0.35,0.7291,4,0.36,0.75,786,0
SPY190805C297,2019-08-02,2019-08-02 09:45:01,0.37,0.7708,1105,0.35,0.7291,137,0.35,0.7291,4,0.36,0.75,786,0
SPY190805C297,2019-08-02,2019-08-02 09:45:02,0.37,0.7708,1117,0.36,0.75,5,0.35,0.7291,4,0.365,0.7604,786,0
SPY190805C297,2019-08-02,2019-08-02 09:45:03,0.37,0.7708,241,0.35,0.7291,322,0.35,0.7291,4,0.36,0.75,786,0
SPY190805C297,2019-08-02,2019-08-02 09:45:05,0.36,0.75,307,0.34,0.7083,341,0.35,0.7291,4,0.35,0.7291,786,0
SPY190805C297,2019-08-02,2019-08-02 09:45:05,0.36,0.75,307,0.35,0.7291,68,0.35,0.7291,4,0.355,0.7395,786,0
SPY190805C297,2019-08-02,2019-08-02 09:45:06,0.36,0.75,181,0.35,0.7291,82,0.35,0.7291,4,0.355,0.7395,786,0
SPY190805C297,2019-08-02,2019-08-02 09:45:07,0.36,0.75,5,0.35,0.7291,131,0.35,0.7291,4,0.355,0.7395,786,0
SPY190805C297,2019-08-02,2019-08-02 09:45:07,0.36,0.75,107,0.35,0.7291,109,0.35,0.7291,4,0.355,0.7395,786,0
SPY190805C297,2019-08-02,2019-08-02 09:45:08,0.36,0.75,5,0.35,0.7291,88,0.35,0.7291,4,0.355,0.7395,786,0
SPY190805C297,2019-08-02,2019-08-02 09:45:08,0.36,0.75,123,0.35,0.7291,29,0.35,0.7291,4,0.355,0.7395,786,0
SPY190805C297,2019-08-02,2019-08-02 09:45:10,0.36,0.75,554,0.34,0.7083,296,0.35,0.7291,4,0.35,0.7291,786,0
SPY190805C297,2019-08-02,2019-08-02 09:45:10,0.36,0.75,471,0.34,0.7083,278,0.35,0.7291,4,0.35,0.7291,786,0
SPY190805C297,2019-08-02,2019-08-02 09:45:11,0.36,0.75,845,0.34,0.7083,78,0.35,0.7291,4,0.35,0.7291,786,0
SPY190805C297,2019-08-02,2019-08-02 09:45:11,0.36,0.75,1199,0.34,0.7083,78,0.35,0.7291,4,0.35,0.7291,786,0
SPY190805C297,2019-08-02,2019-08-02 09:45:12,0.36,0.75,1454,0.34,0.7083,178,0.35,0.7291,4,0.35,0.7291,786,0
SPY190805C297,2019-08-02,2019-08-02 09:45:13,0.35,0.7291,500,0.33,0.6875,336,0.35,0.7291,4,0.34,0.7083,786,0
SPY190805C297,2019-08-02,2019-08-02 09:45:13,0.34,0.7083,117,0.33,0.6875,341,0.35,0.7291,4,0.335,0.6979,786,0
SPY190805C297,2019-08-02,2019-08-02 09:45:14,0.34,0.7083,241,0.33,0.6875,242,0.35,0.7291,4,0.335,0.6979,786,0
SPY190805C297,2019-08-02,2019-08-02 09:45:15,0.34,0.7083,241,0.33,0.6875,242,0.35,0.7291,4,0.335,0.6979,786,0
SPY190805C297,2019-08-02,2019-08-02 09:45:16,0.35,0.7291,481,0.33,0.6875,340,0.35,0.7291,4,0.34,0.7083,786,0
SPY190805C297,2019-08-02,2019-08-02 09:45:16,0.34,0.7083,348,0.33,0.6875,100,0.35,0.7291,4,0.335,0.6979,786,0
SPY190805C297,2019-08-02,2019-08-02 09:45:17,0.35,0.7291,410,0.34,0.7083,5,0.35,0.7291,4,0.345,0.7187,786,0
SPY190805C297,2019-08-02,2019-08-02 09:45:17,0.35,0.7291,461,0.34,0.7083,89,0.35,0.7291,4,0.345,0.7187,786,0
SPY190805C297,2019-08-02,2019-08-02 09:45:18,0.35,0.7291,461,0.34,0.7083,44,0.35,0.7291,4,0.345,0.7187,786,0
SPY190805C297,2019-08-02,2019-08-02 09:45:19,0.35,0.7291,461,0.34,0.7083,29,0.35,0.7291,4,0.345,0.7187,786,0
SPY190805C297,2019-08-02,2019-08-02 09:45:19,0.35,0.7291,537,0.34,0.7083,29,0.35,0.7291,4,0.345,0.7187,786,0
SPY190805C297,2019-08-02,2019-08-02 09:45:20,0.35,0.7291,537,0.34,0.7083,29,0.35,0.7291,4,0.345,0.7187,786,0
