symbol,Date,quote_time,ask_price,norm_ask_price,ask_size,bid_price,norm_bid_price,bid_size,last_trade_price,norm_last_trade_price,last_trade_size,mark_price,norm_mark_price,volume,Volume
SPY190809P291,2019-08-08,2019-08-08 09:30:00,2.52,1.0,159,2.27,0.9007,159,3.83,1.5198,1,2.395,0.9503,0,0
SPY190809P291,2019-08-08,2019-08-08 09:30:01,3.85,1.5277,7,2.05,0.8134,20,3.83,1.5198,1,2.95,1.1706,0,0
SPY190809P291,2019-08-08,2019-08-08 09:30:01,2.8,1.1111,10,2.27,0.9007,159,3.83,1.5198,1,2.535,1.0059,0,0
SPY190809P291,2019-08-08,2019-08-08 09:30:02,2.41,0.9563,33,2.31,0.9166,33,3.83,1.5198,1,2.36,0.9365,0,0
SPY190809P291,2019-08-08,2019-08-08 09:30:02,3.85,1.5277,7,2.05,0.8134,10,3.83,1.5198,1,2.95,1.1706,0,0
SPY190809P291,2019-08-08,2019-08-08 09:30:03,2.39,0.9484,33,2.32,0.9206,100,3.83,1.5198,1,2.355,0.9345,0,0
SPY190809P291,2019-08-08,2019-08-08 09:30:04,2.39,0.9484,33,2.31,0.9166,33,3.83,1.5198,1,2.35,0.9325,0,0
SPY190809P291,2019-08-08,2019-08-08 09:30:04,2.39,0.9484,33,2.32,0.9206,100,3.83,1.5198,1,2.355,0.9345,0,0
SPY190809P291,2019-08-08,2019-08-08 09:30:05,2.39,0.9484,33,2.31,0.9166,33,2.39,0.9484,1,2.35,0.9325,1,0
SPY190809P291,2019-08-08,2019-08-08 09:30:05,2.39,0.9484,33,2.31,0.9166,33,2.39,0.9484,1,2.35,0.9325,1,1
SPY190809P291,2019-08-08,2019-08-08 09:30:06,2.39,0.9484,33,2.31,0.9166,33,2.39,0.9484,1,2.35,0.9325,1,0
SPY190809P291,2019-08-08,2019-08-08 09:30:07,2.39,0.9484,33,2.31,0.9166,33,2.39,0.9484,1,2.35,0.9325,1,0
SPY190809P291,2019-08-08,2019-08-08 09:30:07,2.38,0.9444,5,2.33,0.9246,5,2.39,0.9484,1,2.355,0.9345,1,0
SPY190809P291,2019-08-08,2019-08-08 09:30:08,2.38,0.9444,5,2.33,0.9246,5,2.33,0.9246,2,2.355,0.9345,3,2
SPY190809P291,2019-08-08,2019-08-08 09:30:09,2.38,0.9444,33,2.32,0.9206,84,2.33,0.9246,2,2.35,0.9325,3,0
SPY190809P291,2019-08-08,2019-08-08 09:30:09,2.38,0.9444,5,2.33,0.9246,5,2.33,0.9246,2,2.355,0.9345,3,0
SPY190809P291,2019-08-08,2019-08-08 09:30:10,2.38,0.9444,33,2.31,0.9166,100,2.33,0.9246,2,2.345,0.9305,3,0
SPY190809P291,2019-08-08,2019-08-08 09:30:10,2.38,0.9444,33,2.32,0.9206,84,2.33,0.9246,2,2.35,0.9325,3,0
SPY190809P291,2019-08-08,2019-08-08 09:30:11,2.38,0.9444,33,2.31,0.9166,100,2.33,0.9246,2,2.345,0.9305,3,0
SPY190809P291,2019-08-08,2019-08-08 09:30:12,2.38,0.9444,33,2.31,0.9166,100,2.33,0.9246,2,2.345,0.9305,3,0
SPY190809P291,2019-08-08,2019-08-08 09:30:13,2.38,0.9444,33,2.32,0.9206,5,2.33,0.9246,2,2.35,0.9325,3,0
SPY190809P291,2019-08-08,2019-08-08 09:30:14,2.38,0.9444,33,2.3,0.9126,33,2.33,0.9246,2,2.34,0.9285,3,0
SPY190809P291,2019-08-08,2019-08-08 09:30:14,2.4,0.9523,144,2.25,0.8928,144,2.33,0.9246,2,2.325,0.9226,3,0
SPY190809P291,2019-08-08,2019-08-08 09:30:15,2.41,0.9563,144,2.24,0.8888,144,2.33,0.9246,2,2.325,0.9226,3,0
SPY190809P291,2019-08-08,2019-08-08 09:30:15,2.33,0.9246,5,2.28,0.9047,5,2.33,0.9246,2,2.305,0.9146,3,0
SPY190809P291,2019-08-08,2019-08-08 09:30:16,2.35,0.9325,33,2.26,0.8968,208,2.33,0.9246,2,2.305,0.9146,3,0
SPY190809P291,2019-08-08,2019-08-08 09:30:16,2.35,0.9325,33,2.28,0.9047,5,2.33,0.9246,2,2.315,0.9186,3,0
SPY190809P291,2019-08-08,2019-08-08 09:30:17,2.33,0.9246,5,2.29,0.9087,64,2.33,0.9246,2,2.31,0.9166,3,0
SPY190809P291,2019-08-08,2019-08-08 09:30:17,2.35,0.9325,81,2.3,0.9126,72,2.33,0.9246,2,2.325,0.9226,3,0
SPY190809P291,2019-08-08,2019-08-08 09:30:18,2.37,0.9404,33,2.32,0.9206,5,2.33,0.9246,2,2.345,0.9305,3,0
SPY190809P291,2019-08-08,2019-08-08 09:30:18,2.47,0.9801,428,2.34,0.9285,33,2.33,0.9246,2,2.405,0.9543,3,0
SPY190809P291,2019-08-08,2019-08-08 09:30:19,2.47,0.9801,100,2.33,0.9246,5,2.33,0.9246,2,2.4,0.9523,3,0
SPY190809P291,2019-08-08,2019-08-08 09:30:19,2.45,0.9722,100,2.33,0.9246,5,2.33,0.9246,2,2.39,0.9484,3,0
SPY190809P291,2019-08-08,2019-08-08 09:30:20,2.41,0.9563,33,2.33,0.9246,33,2.33,0.9246,2,2.37,0.9404,3,0
SPY190809P291,2019-08-08,2019-08-08 09:30:20,2.4,0.9523,5,2.34,0.9285,8,2.33,0.9246,2,2.37,0.9404,3,0
SPY190809P291,2019-08-08,2019-08-08 09:30:21,2.4,0.9523,5,2.35,0.9325,33,2.33,0.9246,2,2.375,0.9424,3,0
SPY190809P291,2019-08-08,2019-08-08 09:30:21,2.41,0.9563,79,2.36,0.9365,5,2.33,0.9246,2,2.385,0.9464,3,0
SPY190809P291,2019-08-08,2019-08-08 09:30:22,2.4,0.9523,5,2.36,0.9365,8,2.33,0.9246,2,2.38,0.9444,3,0
SPY190809P291,2019-08-08,2019-08-08 09:30:22,2.41,0.9563,8,2.36,0.9365,8,2.33,0.9246,2,2.385,0.9464,3,0
SPY190809P291,2019-08-08,2019-08-08 09:30:23,2.4,0.9523,5,2.36,0.9365,8,2.33,0.9246,2,2.38,0.9444,3,0
SPY190809P291,2019-08-08,2019-08-08 09:30:23,2.4,0.9523,88,2.36,0.9365,8,2.33,0.9246,2,2.38,0.9444,3,0
SPY190809P291,2019-08-08,2019-08-08 09:30:24,2.4,0.9523,100,2.32,0.9206,42,2.33,0.9246,2,2.36,0.9365,3,0
SPY190809P291,2019-08-08,2019-08-08 09:30:24,2.4,0.9523,33,2.32,0.9206,5,2.33,0.9246,2,2.36,0.9365,3,0
SPY190809P291,2019-08-08,2019-08-08 09:30:25,2.4,0.9523,33,2.32,0.9206,8,2.36,0.9365,1,2.36,0.9365,4,1
SPY190809P291,2019-08-08,2019-08-08 09:30:25,2.36,0.9365,5,2.32,0.9206,8,2.36,0.9365,1,2.34,0.9285,4,0
SPY190809P291,2019-08-08,2019-08-08 09:30:26,2.36,0.9365,5,2.3,0.9126,84,2.36,0.9365,1,2.33,0.9246,4,0
SPY190809P291,2019-08-08,2019-08-08 09:30:26,2.37,0.9404,33,2.31,0.9166,5,2.36,0.9365,1,2.34,0.9285,4,0
SPY190809P291,2019-08-08,2019-08-08 09:30:27,2.36,0.9365,33,2.26,0.8968,144,2.36,0.9365,1,2.31,0.9166,4,0
SPY190809P291,2019-08-08,2019-08-08 09:30:27,2.37,0.9404,8,2.3,0.9126,8,2.36,0.9365,1,2.335,0.9265,4,0
SPY190809P291,2019-08-08,2019-08-08 09:30:28,2.36,0.9365,33,2.29,0.9087,33,2.36,0.9365,1,2.325,0.9226,4,0
SPY190809P291,2019-08-08,2019-08-08 09:30:28,2.36,0.9365,33,2.29,0.9087,5,2.36,0.9365,1,2.325,0.9226,4,0
SPY190809P291,2019-08-08,2019-08-08 09:30:29,2.35,0.9325,33,2.27,0.9007,5,2.36,0.9365,1,2.31,0.9166,4,0
SPY190809P291,2019-08-08,2019-08-08 09:30:29,2.35,0.9325,33,2.28,0.9047,33,2.36,0.9365,1,2.315,0.9186,4,0
SPY190809P291,2019-08-08,2019-08-08 09:30:30,2.4,0.9523,100,2.27,0.9007,194,2.36,0.9365,1,2.335,0.9265,4,0
SPY190809P291,2019-08-08,2019-08-08 09:30:31,2.35,0.9325,8,2.3,0.9126,8,2.36,0.9365,1,2.325,0.9226,4,0
SPY190809P291,2019-08-08,2019-08-08 09:30:31,2.39,0.9484,5,2.28,0.9047,5,2.36,0.9365,1,2.335,0.9265,4,0
SPY190809P291,2019-08-08,2019-08-08 09:30:32,2.36,0.9365,200,2.31,0.9166,74,2.36,0.9365,1,2.335,0.9265,4,0
SPY190809P291,2019-08-08,2019-08-08 09:30:32,2.36,0.9365,200,2.31,0.9166,5,2.36,0.9365,1,2.335,0.9265,4,0
SPY190809P291,2019-08-08,2019-08-08 09:30:33,2.36,0.9365,200,2.31,0.9166,74,2.36,0.9365,1,2.335,0.9265,4,0
SPY190809P291,2019-08-08,2019-08-08 09:30:34,2.34,0.9285,5,2.3,0.9126,8,2.36,0.9365,1,2.32,0.9206,4,0
SPY190809P291,2019-08-08,2019-08-08 09:30:34,2.35,0.9325,100,2.3,0.9126,45,2.36,0.9365,1,2.325,0.9226,4,0
SPY190809P291,2019-08-08,2019-08-08 09:30:35,2.34,0.9285,5,2.3,0.9126,8,2.36,0.9365,1,2.32,0.9206,4,0
SPY190809P291,2019-08-08,2019-08-08 09:30:35,2.34,0.9285,5,2.3,0.9126,45,2.36,0.9365,1,2.32,0.9206,4,0
SPY190809P291,2019-08-08,2019-08-08 09:30:36,2.32,0.9206,5,2.27,0.9007,5,2.36,0.9365,1,2.295,0.9107,4,0
SPY190809P291,2019-08-08,2019-08-08 09:30:36,2.33,0.9246,163,2.27,0.9007,5,2.36,0.9365,1,2.3,0.9126,4,0
SPY190809P291,2019-08-08,2019-08-08 09:30:37,2.32,0.9206,8,2.27,0.9007,100,2.36,0.9365,1,2.295,0.9107,4,0
SPY190809P291,2019-08-08,2019-08-08 09:30:37,2.31,0.9166,5,2.27,0.9007,100,2.36,0.9365,1,2.29,0.9087,4,0
SPY190809P291,2019-08-08,2019-08-08 09:30:38,2.31,0.9166,5,2.24,0.8888,33,2.36,0.9365,1,2.275,0.9027,4,0
SPY190809P291,2019-08-08,2019-08-08 09:30:38,2.31,0.9166,5,2.25,0.8928,2,2.36,0.9365,1,2.28,0.9047,4,0
SPY190809P291,2019-08-08,2019-08-08 09:30:39,2.31,0.9166,114,2.25,0.8928,5,2.36,0.9365,1,2.28,0.9047,4,0
SPY190809P291,2019-08-08,2019-08-08 09:30:39,2.31,0.9166,114,2.26,0.8968,5,2.36,0.9365,1,2.285,0.9067,4,0
SPY190809P291,2019-08-08,2019-08-08 09:30:40,2.31,0.9166,134,2.23,0.8849,100,2.36,0.9365,1,2.27,0.9007,4,0
SPY190809P291,2019-08-08,2019-08-08 09:30:40,2.31,0.9166,164,2.25,0.8928,5,2.36,0.9365,1,2.28,0.9047,4,0
SPY190809P291,2019-08-08,2019-08-08 09:30:41,2.31,0.9166,50,2.25,0.8928,5,2.36,0.9365,1,2.28,0.9047,4,0
SPY190809P291,2019-08-08,2019-08-08 09:30:41,2.31,0.9166,44,2.24,0.8888,33,2.36,0.9365,1,2.275,0.9027,4,0
SPY190809P291,2019-08-08,2019-08-08 09:30:42,2.31,0.9166,44,2.25,0.8928,5,2.36,0.9365,1,2.28,0.9047,4,0
SPY190809P291,2019-08-08,2019-08-08 09:30:42,2.31,0.9166,33,2.25,0.8928,5,2.36,0.9365,1,2.28,0.9047,4,0
SPY190809P291,2019-08-08,2019-08-08 09:30:43,2.31,0.9166,33,2.26,0.8968,89,2.36,0.9365,1,2.285,0.9067,4,0
SPY190809P291,2019-08-08,2019-08-08 09:30:43,2.31,0.9166,158,2.26,0.8968,96,2.36,0.9365,1,2.285,0.9067,4,0
SPY190809P291,2019-08-08,2019-08-08 09:30:44,2.31,0.9166,158,2.26,0.8968,96,2.36,0.9365,1,2.285,0.9067,4,0
SPY190809P291,2019-08-08,2019-08-08 09:30:44,2.31,0.9166,158,2.26,0.8968,100,2.36,0.9365,1,2.285,0.9067,4,0
SPY190809P291,2019-08-08,2019-08-08 09:30:45,2.3,0.9126,5,2.25,0.8928,5,2.36,0.9365,1,2.275,0.9027,4,0
SPY190809P291,2019-08-08,2019-08-08 09:30:45,2.3,0.9126,8,2.25,0.8928,8,2.36,0.9365,1,2.275,0.9027,4,0
SPY190809P291,2019-08-08,2019-08-08 09:30:46,2.3,0.9126,8,2.25,0.8928,12,2.36,0.9365,1,2.275,0.9027,4,0
SPY190809P291,2019-08-08,2019-08-08 09:30:46,2.3,0.9126,5,2.26,0.8968,5,2.36,0.9365,1,2.28,0.9047,4,0
SPY190809P291,2019-08-08,2019-08-08 09:30:47,2.3,0.9126,2,2.26,0.8968,5,2.36,0.9365,1,2.28,0.9047,4,0
SPY190809P291,2019-08-08,2019-08-08 09:30:48,2.31,0.9166,86,2.26,0.8968,8,2.36,0.9365,1,2.285,0.9067,4,0
SPY190809P291,2019-08-08,2019-08-08 09:30:48,2.3,0.9126,8,2.26,0.8968,6,2.36,0.9365,1,2.28,0.9047,4,0
SPY190809P291,2019-08-08,2019-08-08 09:30:49,2.31,0.9166,8,2.27,0.9007,5,2.36,0.9365,1,2.29,0.9087,4,0
SPY190809P291,2019-08-08,2019-08-08 09:30:49,2.31,0.9166,86,2.26,0.8968,6,2.36,0.9365,1,2.285,0.9067,4,0
SPY190809P291,2019-08-08,2019-08-08 09:30:50,2.31,0.9166,8,2.27,0.9007,8,2.36,0.9365,1,2.29,0.9087,4,0
SPY190809P291,2019-08-08,2019-08-08 09:30:50,2.32,0.9206,5,2.27,0.9007,111,2.36,0.9365,1,2.295,0.9107,4,0
SPY190809P291,2019-08-08,2019-08-08 09:30:51,2.32,0.9206,63,2.27,0.9007,121,2.36,0.9365,1,2.295,0.9107,4,0
SPY190809P291,2019-08-08,2019-08-08 09:30:52,2.33,0.9246,5,2.28,0.9047,10,2.36,0.9365,1,2.305,0.9146,4,0
SPY190809P291,2019-08-08,2019-08-08 09:30:52,2.33,0.9246,5,2.28,0.9047,8,2.36,0.9365,1,2.305,0.9146,4,0
SPY190809P291,2019-08-08,2019-08-08 09:30:53,2.34,0.9285,100,2.26,0.8968,33,2.36,0.9365,1,2.3,0.9126,4,0
SPY190809P291,2019-08-08,2019-08-08 09:30:53,2.33,0.9246,5,2.28,0.9047,10,2.36,0.9365,1,2.305,0.9146,4,0
SPY190809P291,2019-08-08,2019-08-08 09:30:54,2.32,0.9206,5,2.26,0.8968,76,2.36,0.9365,1,2.29,0.9087,4,0
SPY190809P291,2019-08-08,2019-08-08 09:30:55,2.32,0.9206,5,2.26,0.8968,120,2.36,0.9365,1,2.29,0.9087,4,0
SPY190809P291,2019-08-08,2019-08-08 09:30:55,2.32,0.9206,33,2.26,0.8968,41,2.36,0.9365,1,2.29,0.9087,4,0
SPY190809P291,2019-08-08,2019-08-08 09:30:56,2.31,0.9166,6,2.26,0.8968,93,2.36,0.9365,1,2.285,0.9067,4,0
SPY190809P291,2019-08-08,2019-08-08 09:30:56,2.31,0.9166,6,2.27,0.9007,6,2.36,0.9365,1,2.29,0.9087,4,0
SPY190809P291,2019-08-08,2019-08-08 09:30:57,2.3,0.9126,2,2.26,0.8968,113,2.36,0.9365,1,2.28,0.9047,4,0
SPY190809P291,2019-08-08,2019-08-08 09:30:57,2.3,0.9126,2,2.27,0.9007,11,2.36,0.9365,1,2.285,0.9067,4,0
SPY190809P291,2019-08-08,2019-08-08 09:30:58,2.33,0.9246,100,2.27,0.9007,174,2.3,0.9126,2,2.3,0.9126,6,2
SPY190809P291,2019-08-08,2019-08-08 09:30:58,2.34,0.9285,206,2.28,0.9047,41,2.3,0.9126,2,2.31,0.9166,6,0
SPY190809P291,2019-08-08,2019-08-08 09:30:59,2.33,0.9246,100,2.3,0.9126,21,2.3,0.9126,2,2.315,0.9186,6,0
SPY190809P291,2019-08-08,2019-08-08 09:30:59,2.33,0.9246,100,2.28,0.9047,89,2.3,0.9126,2,2.305,0.9146,6,0
SPY190809P291,2019-08-08,2019-08-08 09:31:00,2.34,0.9285,50,2.31,0.9166,8,2.3,0.9126,2,2.325,0.9226,6,0
SPY190809P291,2019-08-08,2019-08-08 09:31:00,2.38,0.9444,5,2.32,0.9206,5,2.34,0.9285,10,2.35,0.9325,21,15
SPY190809P291,2019-08-08,2019-08-08 09:31:01,2.38,0.9444,29,2.34,0.9285,22,2.34,0.9285,48,2.36,0.9365,116,95
SPY190809P291,2019-08-08,2019-08-08 09:31:01,2.36,0.9365,5,2.32,0.9206,50,2.34,0.9285,48,2.34,0.9285,116,0
SPY190809P291,2019-08-08,2019-08-08 09:31:02,2.37,0.9404,5,2.31,0.9166,10,2.36,0.9365,1,2.34,0.9285,117,0
SPY190809P291,2019-08-08,2019-08-08 09:31:02,2.36,0.9365,5,2.33,0.9246,17,2.36,0.9365,1,2.345,0.9305,117,1
SPY190809P291,2019-08-08,2019-08-08 09:31:03,2.37,0.9404,13,2.29,0.9087,433,2.36,0.9365,1,2.33,0.9246,117,0
SPY190809P291,2019-08-08,2019-08-08 09:31:03,2.37,0.9404,100,2.31,0.9166,202,2.36,0.9365,1,2.34,0.9285,117,0
SPY190809P291,2019-08-08,2019-08-08 09:31:04,2.38,0.9444,13,2.34,0.9285,86,2.36,0.9365,1,2.36,0.9365,117,0
SPY190809P291,2019-08-08,2019-08-08 09:31:05,2.5,0.992,1,2.35,0.9325,120,2.36,0.9365,1,2.425,0.9623,117,0
SPY190809P291,2019-08-08,2019-08-08 09:31:06,2.42,0.9603,39,2.36,0.9365,130,2.36,0.9365,1,2.39,0.9484,117,0
SPY190809P291,2019-08-08,2019-08-08 09:31:06,2.43,0.9642,8,2.37,0.9404,120,2.36,0.9365,1,2.4,0.9523,117,0
SPY190809P291,2019-08-08,2019-08-08 09:31:07,2.5,0.992,6,2.37,0.9404,20,2.36,0.9365,1,2.435,0.9662,117,0
SPY190809P291,2019-08-08,2019-08-08 09:31:07,2.45,0.9722,5,2.38,0.9444,120,2.36,0.9365,1,2.415,0.9583,117,0
SPY190809P291,2019-08-08,2019-08-08 09:31:08,2.45,0.9722,5,2.37,0.9404,33,2.36,0.9365,1,2.41,0.9563,117,0
SPY190809P291,2019-08-08,2019-08-08 09:31:09,2.43,0.9642,8,2.36,0.9365,158,2.36,0.9365,1,2.395,0.9503,117,0
SPY190809P291,2019-08-08,2019-08-08 09:31:09,2.43,0.9642,8,2.38,0.9444,20,2.36,0.9365,1,2.405,0.9543,117,0
SPY190809P291,2019-08-08,2019-08-08 09:31:10,2.44,0.9682,100,2.37,0.9404,186,2.36,0.9365,1,2.405,0.9543,117,0
SPY190809P291,2019-08-08,2019-08-08 09:31:10,2.46,0.9761,33,2.38,0.9444,33,2.36,0.9365,1,2.42,0.9603,117,0
SPY190809P291,2019-08-08,2019-08-08 09:31:11,2.45,0.9722,33,2.37,0.9404,33,2.36,0.9365,1,2.41,0.9563,117,0
SPY190809P291,2019-08-08,2019-08-08 09:31:11,2.49,0.988,100,2.36,0.9365,13,2.36,0.9365,1,2.425,0.9623,117,0
SPY190809P291,2019-08-08,2019-08-08 09:31:12,2.45,0.9722,33,2.37,0.9404,71,2.41,0.9563,1,2.41,0.9563,118,1
SPY190809P291,2019-08-08,2019-08-08 09:31:12,2.5,0.992,110,2.39,0.9484,119,2.41,0.9563,1,2.445,0.9702,118,0
SPY190809P291,2019-08-08,2019-08-08 09:31:13,2.45,0.9722,8,2.39,0.9484,9,2.41,0.9563,1,2.42,0.9603,118,0
SPY190809P291,2019-08-08,2019-08-08 09:31:13,2.47,0.9801,51,2.41,0.9563,70,2.41,0.9563,1,2.44,0.9682,118,0
SPY190809P291,2019-08-08,2019-08-08 09:31:14,2.46,0.9761,5,2.41,0.9563,110,2.41,0.9563,1,2.435,0.9662,118,0
SPY190809P291,2019-08-08,2019-08-08 09:31:14,2.46,0.9761,5,2.42,0.9603,10,2.41,0.9563,1,2.44,0.9682,118,0
SPY190809P291,2019-08-08,2019-08-08 09:31:15,2.47,0.9801,113,2.41,0.9563,100,2.41,0.9563,1,2.44,0.9682,118,0
SPY190809P291,2019-08-08,2019-08-08 09:31:15,2.46,0.9761,113,2.41,0.9563,100,2.41,0.9563,1,2.435,0.9662,118,0
SPY190809P291,2019-08-08,2019-08-08 09:31:16,2.43,0.9642,87,2.37,0.9404,130,2.41,0.9563,1,2.4,0.9523,118,0
SPY190809P291,2019-08-08,2019-08-08 09:31:16,2.45,0.9722,113,2.4,0.9523,10,2.41,0.9563,1,2.425,0.9623,118,0
SPY190809P291,2019-08-08,2019-08-08 09:31:17,2.46,0.9761,113,2.38,0.9444,150,2.41,0.9563,1,2.42,0.9603,118,0
SPY190809P291,2019-08-08,2019-08-08 09:31:17,2.43,0.9642,87,2.37,0.9404,130,2.41,0.9563,1,2.4,0.9523,118,0
SPY190809P291,2019-08-08,2019-08-08 09:31:18,2.43,0.9642,113,2.37,0.9404,120,2.44,0.9682,1,2.4,0.9523,119,1
SPY190809P291,2019-08-08,2019-08-08 09:31:18,2.46,0.9761,113,2.37,0.9404,5,2.41,0.9563,1,2.415,0.9583,118,0
SPY190809P291,2019-08-08,2019-08-08 09:31:19,2.42,0.9603,98,2.36,0.9365,79,2.44,0.9682,1,2.39,0.9484,119,0
SPY190809P291,2019-08-08,2019-08-08 09:31:19,2.4,0.9523,21,2.36,0.9365,141,2.44,0.9682,1,2.38,0.9444,119,0
SPY190809P291,2019-08-08,2019-08-08 09:31:20,2.41,0.9563,87,2.31,0.9166,144,2.42,0.9603,25,2.36,0.9365,149,30
SPY190809P291,2019-08-08,2019-08-08 09:31:20,2.42,0.9603,84,2.31,0.9166,144,2.44,0.9682,1,2.365,0.9384,119,0
SPY190809P291,2019-08-08,2019-08-08 09:31:21,2.41,0.9563,116,2.35,0.9325,60,2.42,0.9603,25,2.38,0.9444,149,0
SPY190809P291,2019-08-08,2019-08-08 09:31:21,2.39,0.9484,5,2.34,0.9285,94,2.42,0.9603,25,2.365,0.9384,149,0
SPY190809P291,2019-08-08,2019-08-08 09:31:22,2.39,0.9484,8,2.34,0.9285,5,2.42,0.9603,25,2.365,0.9384,149,0
SPY190809P291,2019-08-08,2019-08-08 09:31:22,2.46,0.9761,8,2.35,0.9325,5,2.42,0.9603,25,2.405,0.9543,149,0
SPY190809P291,2019-08-08,2019-08-08 09:31:23,2.39,0.9484,12,2.32,0.9206,33,2.42,0.9603,25,2.355,0.9345,149,0
SPY190809P291,2019-08-08,2019-08-08 09:31:23,2.39,0.9484,100,2.32,0.9206,33,2.42,0.9603,25,2.355,0.9345,149,0
SPY190809P291,2019-08-08,2019-08-08 09:31:24,2.38,0.9444,10,2.34,0.9285,148,2.42,0.9603,25,2.36,0.9365,149,0
SPY190809P291,2019-08-08,2019-08-08 09:31:24,2.39,0.9484,10,2.36,0.9365,2,2.42,0.9603,25,2.375,0.9424,149,0
SPY190809P291,2019-08-08,2019-08-08 09:31:25,2.46,0.9761,33,2.37,0.9404,33,2.42,0.9603,25,2.415,0.9583,149,0
SPY190809P291,2019-08-08,2019-08-08 09:31:25,2.5,0.992,144,2.33,0.9246,144,2.42,0.9603,25,2.415,0.9583,149,0
SPY190809P291,2019-08-08,2019-08-08 09:31:26,2.45,0.9722,5,2.39,0.9484,2,2.42,0.9603,25,2.42,0.9603,149,0
SPY190809P291,2019-08-08,2019-08-08 09:31:26,2.49,0.988,6,2.37,0.9404,12,2.42,0.9603,25,2.43,0.9642,149,0
SPY190809P291,2019-08-08,2019-08-08 09:31:27,2.44,0.9682,33,2.39,0.9484,21,2.42,0.9603,25,2.415,0.9583,149,0
SPY190809P291,2019-08-08,2019-08-08 09:31:28,2.44,0.9682,33,2.38,0.9444,5,2.42,0.9603,25,2.41,0.9563,149,0
SPY190809P291,2019-08-08,2019-08-08 09:31:28,2.44,0.9682,33,2.38,0.9444,202,2.42,0.9603,25,2.41,0.9563,149,0
SPY190809P291,2019-08-08,2019-08-08 09:31:29,2.44,0.9682,33,2.38,0.9444,5,2.42,0.9603,25,2.41,0.9563,149,0
SPY190809P291,2019-08-08,2019-08-08 09:31:30,2.43,0.9642,8,2.38,0.9444,5,2.42,0.9603,25,2.405,0.9543,149,0
SPY190809P291,2019-08-08,2019-08-08 09:31:30,2.43,0.9642,8,2.38,0.9444,2,2.4,0.9523,1,2.405,0.9543,150,1
SPY190809P291,2019-08-08,2019-08-08 09:31:31,2.42,0.9603,8,2.38,0.9444,119,2.4,0.9523,1,2.4,0.9523,150,0
SPY190809P291,2019-08-08,2019-08-08 09:31:31,2.42,0.9603,82,2.38,0.9444,79,2.4,0.9523,1,2.4,0.9523,150,0
SPY190809P291,2019-08-08,2019-08-08 09:31:32,2.45,0.9722,100,2.39,0.9484,5,2.4,0.9523,1,2.42,0.9603,150,0
SPY190809P291,2019-08-08,2019-08-08 09:31:32,2.42,0.9603,8,2.38,0.9444,5,2.4,0.9523,1,2.4,0.9523,150,0
SPY190809P291,2019-08-08,2019-08-08 09:31:33,2.43,0.9642,5,2.38,0.9444,5,2.4,0.9523,1,2.405,0.9543,150,0
SPY190809P291,2019-08-08,2019-08-08 09:31:33,2.44,0.9682,106,2.4,0.9523,2,2.4,0.9523,1,2.42,0.9603,150,0
SPY190809P291,2019-08-08,2019-08-08 09:31:34,2.43,0.9642,101,2.38,0.9444,120,2.4,0.9523,1,2.405,0.9543,150,0
SPY190809P291,2019-08-08,2019-08-08 09:31:35,2.43,0.9642,50,2.38,0.9444,50,2.4,0.9523,1,2.405,0.9543,150,0
SPY190809P291,2019-08-08,2019-08-08 09:31:35,2.43,0.9642,106,2.38,0.9444,120,2.4,0.9523,1,2.405,0.9543,150,0
SPY190809P291,2019-08-08,2019-08-08 09:31:36,2.42,0.9603,10,2.38,0.9444,105,2.4,0.9523,1,2.4,0.9523,150,0
SPY190809P291,2019-08-08,2019-08-08 09:31:36,2.43,0.9642,106,2.38,0.9444,119,2.4,0.9523,1,2.405,0.9543,150,0
SPY190809P291,2019-08-08,2019-08-08 09:31:37,2.43,0.9642,106,2.38,0.9444,105,2.4,0.9523,1,2.405,0.9543,150,0
SPY190809P291,2019-08-08,2019-08-08 09:31:37,2.43,0.9642,50,2.38,0.9444,104,2.4,0.9523,1,2.405,0.9543,150,0
SPY190809P291,2019-08-08,2019-08-08 09:31:38,2.42,0.9603,119,2.36,0.9365,120,2.4,0.9523,1,2.39,0.9484,150,0
SPY190809P291,2019-08-08,2019-08-08 09:31:38,2.4,0.9523,10,2.36,0.9365,140,2.4,0.9523,1,2.38,0.9444,150,0
SPY190809P291,2019-08-08,2019-08-08 09:31:39,2.4,0.9523,10,2.37,0.9404,25,2.4,0.9523,1,2.385,0.9464,150,0
SPY190809P291,2019-08-08,2019-08-08 09:31:39,2.41,0.9563,94,2.36,0.9365,94,2.4,0.9523,1,2.385,0.9464,150,0
SPY190809P291,2019-08-08,2019-08-08 09:31:40,2.44,0.9682,33,2.37,0.9404,59,2.4,0.9523,1,2.405,0.9543,150,0
SPY190809P291,2019-08-08,2019-08-08 09:31:40,2.41,0.9563,69,2.37,0.9404,39,2.4,0.9523,1,2.39,0.9484,150,0
SPY190809P291,2019-08-08,2019-08-08 09:31:41,2.42,0.9603,20,2.38,0.9444,74,2.4,0.9523,1,2.4,0.9523,150,0
SPY190809P291,2019-08-08,2019-08-08 09:31:41,2.43,0.9642,93,2.38,0.9444,120,2.4,0.9523,1,2.405,0.9543,150,0
SPY190809P291,2019-08-08,2019-08-08 09:31:42,2.42,0.9603,20,2.38,0.9444,118,2.4,0.9523,1,2.4,0.9523,150,0
SPY190809P291,2019-08-08,2019-08-08 09:31:42,2.42,0.9603,20,2.39,0.9484,40,2.4,0.9523,1,2.405,0.9543,150,0
SPY190809P291,2019-08-08,2019-08-08 09:31:43,2.42,0.9603,20,2.39,0.9484,3,2.4,0.9523,1,2.405,0.9543,150,0
SPY190809P291,2019-08-08,2019-08-08 09:31:43,2.42,0.9603,20,2.38,0.9444,108,2.4,0.9523,1,2.4,0.9523,150,0
SPY190809P291,2019-08-08,2019-08-08 09:31:44,2.41,0.9563,27,2.37,0.9404,8,2.4,0.9523,1,2.39,0.9484,150,0
SPY190809P291,2019-08-08,2019-08-08 09:31:44,2.41,0.9563,21,2.37,0.9404,128,2.4,0.9523,1,2.39,0.9484,150,0
SPY190809P291,2019-08-08,2019-08-08 09:31:45,2.4,0.9523,121,2.35,0.9325,120,2.4,0.9523,1,2.375,0.9424,150,0
SPY190809P291,2019-08-08,2019-08-08 09:31:45,2.39,0.9484,55,2.36,0.9365,10,2.4,0.9523,1,2.375,0.9424,150,0
SPY190809P291,2019-08-08,2019-08-08 09:31:46,2.39,0.9484,55,2.35,0.9325,20,2.39,0.9484,3,2.37,0.9404,153,3
SPY190809P291,2019-08-08,2019-08-08 09:31:47,2.39,0.9484,50,2.35,0.9325,25,2.39,0.9484,3,2.37,0.9404,153,0
SPY190809P291,2019-08-08,2019-08-08 09:31:47,2.45,0.9722,100,2.35,0.9325,140,2.39,0.9484,3,2.4,0.9523,153,0
SPY190809P291,2019-08-08,2019-08-08 09:31:48,2.43,0.9642,39,2.38,0.9444,5,2.39,0.9484,3,2.405,0.9543,153,0
SPY190809P291,2019-08-08,2019-08-08 09:31:48,2.42,0.9603,13,2.37,0.9404,140,2.39,0.9484,3,2.395,0.9503,153,0
SPY190809P291,2019-08-08,2019-08-08 09:31:49,2.43,0.9642,9,2.38,0.9444,5,2.39,0.9484,3,2.405,0.9543,153,0
SPY190809P291,2019-08-08,2019-08-08 09:31:49,2.43,0.9642,61,2.34,0.9285,8,2.39,0.9484,3,2.385,0.9464,153,0
SPY190809P291,2019-08-08,2019-08-08 09:31:50,2.42,0.9603,5,2.37,0.9404,72,2.39,0.9484,3,2.395,0.9503,153,0
SPY190809P291,2019-08-08,2019-08-08 09:31:50,2.42,0.9603,5,2.37,0.9404,116,2.39,0.9484,3,2.395,0.9503,153,0
SPY190809P291,2019-08-08,2019-08-08 09:31:51,2.4,0.9523,84,2.36,0.9365,71,2.39,0.9484,3,2.38,0.9444,153,0
SPY190809P291,2019-08-08,2019-08-08 09:31:51,2.41,0.9563,5,2.36,0.9365,44,2.39,0.9484,3,2.385,0.9464,153,0
SPY190809P291,2019-08-08,2019-08-08 09:31:52,2.4,0.9523,84,2.36,0.9365,91,2.39,0.9484,3,2.38,0.9444,153,0
SPY190809P291,2019-08-08,2019-08-08 09:31:53,2.39,0.9484,89,2.34,0.9285,120,2.39,0.9484,3,2.365,0.9384,153,0
SPY190809P291,2019-08-08,2019-08-08 09:31:53,2.39,0.9484,83,2.35,0.9325,98,2.39,0.9484,3,2.37,0.9404,153,0
SPY190809P291,2019-08-08,2019-08-08 09:31:54,2.41,0.9563,84,2.34,0.9285,18,2.39,0.9484,3,2.375,0.9424,153,0
SPY190809P291,2019-08-08,2019-08-08 09:31:54,2.39,0.9484,100,2.28,0.9047,10,2.39,0.9484,3,2.335,0.9265,153,0
SPY190809P291,2019-08-08,2019-08-08 09:31:55,2.41,0.9563,171,2.35,0.9325,10,2.39,0.9484,3,2.38,0.9444,153,0
SPY190809P291,2019-08-08,2019-08-08 09:31:55,2.41,0.9563,110,2.36,0.9365,120,2.39,0.9484,3,2.385,0.9464,153,0
SPY190809P291,2019-08-08,2019-08-08 09:31:56,2.39,0.9484,23,2.37,0.9404,70,2.39,0.9484,3,2.38,0.9444,153,0
SPY190809P291,2019-08-08,2019-08-08 09:31:56,2.41,0.9563,110,2.37,0.9404,70,2.39,0.9484,3,2.39,0.9484,153,0
SPY190809P291,2019-08-08,2019-08-08 09:31:57,2.4,0.9523,23,2.37,0.9404,70,2.39,0.9484,3,2.385,0.9464,153,0
SPY190809P291,2019-08-08,2019-08-08 09:31:57,2.39,0.9484,33,2.35,0.9325,110,2.39,0.9484,3,2.37,0.9404,153,0
SPY190809P291,2019-08-08,2019-08-08 09:31:58,2.39,0.9484,33,2.35,0.9325,110,2.39,0.9484,3,2.37,0.9404,153,0
SPY190809P291,2019-08-08,2019-08-08 09:31:58,2.41,0.9563,128,2.35,0.9325,110,2.39,0.9484,3,2.38,0.9444,153,0
SPY190809P291,2019-08-08,2019-08-08 09:31:59,2.4,0.9523,67,2.36,0.9365,120,2.39,0.9484,3,2.38,0.9444,153,0
SPY190809P291,2019-08-08,2019-08-08 09:31:59,2.4,0.9523,33,2.36,0.9365,120,2.39,0.9484,3,2.38,0.9444,153,0
SPY190809P291,2019-08-08,2019-08-08 09:32:00,2.38,0.9444,33,2.34,0.9285,120,2.39,0.9484,3,2.36,0.9365,153,0
SPY190809P291,2019-08-08,2019-08-08 09:32:00,2.38,0.9444,84,2.33,0.9246,120,2.39,0.9484,3,2.355,0.9345,153,0
SPY190809P291,2019-08-08,2019-08-08 09:32:01,2.37,0.9404,15,2.35,0.9325,49,2.39,0.9484,3,2.36,0.9365,153,0
SPY190809P291,2019-08-08,2019-08-08 09:32:01,2.38,0.9444,33,2.34,0.9285,120,2.39,0.9484,3,2.36,0.9365,153,0
SPY190809P291,2019-08-08,2019-08-08 09:32:02,2.4,0.9523,8,2.37,0.9404,5,2.39,0.9484,3,2.385,0.9464,153,0
SPY190809P291,2019-08-08,2019-08-08 09:32:02,2.4,0.9523,11,2.36,0.9365,20,2.39,0.9484,3,2.38,0.9444,153,0
SPY190809P291,2019-08-08,2019-08-08 09:32:03,2.4,0.9523,2,2.37,0.9404,82,2.39,0.9484,3,2.385,0.9464,153,0
SPY190809P291,2019-08-08,2019-08-08 09:32:03,2.41,0.9563,82,2.37,0.9404,82,2.39,0.9484,3,2.39,0.9484,153,0
SPY190809P291,2019-08-08,2019-08-08 09:32:04,2.47,0.9801,144,2.37,0.9404,100,2.39,0.9484,3,2.42,0.9603,153,0
SPY190809P291,2019-08-08,2019-08-08 09:32:04,2.42,0.9603,5,2.37,0.9404,5,2.39,0.9484,3,2.395,0.9503,153,0
SPY190809P291,2019-08-08,2019-08-08 09:32:05,2.41,0.9563,72,2.36,0.9365,120,2.39,0.9484,3,2.385,0.9464,153,0
SPY190809P291,2019-08-08,2019-08-08 09:32:05,2.42,0.9603,120,2.37,0.9404,94,2.39,0.9484,3,2.395,0.9503,153,0
SPY190809P291,2019-08-08,2019-08-08 09:32:06,2.41,0.9563,114,2.35,0.9325,6,2.39,0.9484,3,2.38,0.9444,153,0
SPY190809P291,2019-08-08,2019-08-08 09:32:06,2.41,0.9563,88,2.37,0.9404,78,2.39,0.9484,3,2.39,0.9484,153,0
SPY190809P291,2019-08-08,2019-08-08 09:32:07,2.4,0.9523,42,2.36,0.9365,120,2.39,0.9484,3,2.38,0.9444,153,0
SPY190809P291,2019-08-08,2019-08-08 09:32:07,2.38,0.9444,1,2.31,0.9166,144,2.39,0.9484,3,2.345,0.9305,153,0
SPY190809P291,2019-08-08,2019-08-08 09:32:08,2.38,0.9444,1,2.35,0.9325,5,2.39,0.9484,3,2.365,0.9384,153,0
SPY190809P291,2019-08-08,2019-08-08 09:32:09,2.38,0.9444,33,2.34,0.9285,5,2.35,0.9325,18,2.36,0.9365,171,0
SPY190809P291,2019-08-08,2019-08-08 09:32:09,2.38,0.9444,1,2.31,0.9166,192,2.35,0.9325,18,2.345,0.9305,171,18
SPY190809P291,2019-08-08,2019-08-08 09:32:10,2.38,0.9444,33,2.34,0.9285,5,2.35,0.9325,18,2.36,0.9365,171,0
SPY190809P291,2019-08-08,2019-08-08 09:32:11,2.38,0.9444,1,2.34,0.9285,5,2.35,0.9325,18,2.36,0.9365,171,0
SPY190809P291,2019-08-08,2019-08-08 09:32:11,2.38,0.9444,33,2.34,0.9285,5,2.35,0.9325,18,2.36,0.9365,171,0
SPY190809P291,2019-08-08,2019-08-08 09:32:12,2.38,0.9444,33,2.3,0.9126,164,2.35,0.9325,18,2.34,0.9285,171,0
SPY190809P291,2019-08-08,2019-08-08 09:32:12,2.37,0.9404,22,2.3,0.9126,144,2.35,0.9325,18,2.335,0.9265,171,0
SPY190809P291,2019-08-08,2019-08-08 09:32:13,2.38,0.9444,38,2.31,0.9166,33,2.35,0.9325,18,2.345,0.9305,171,0
SPY190809P291,2019-08-08,2019-08-08 09:32:13,2.38,0.9444,33,2.31,0.9166,33,2.35,0.9325,18,2.345,0.9305,171,0
SPY190809P291,2019-08-08,2019-08-08 09:32:14,2.37,0.9404,6,2.3,0.9126,33,2.35,0.9325,18,2.335,0.9265,171,0
SPY190809P291,2019-08-08,2019-08-08 09:32:14,2.38,0.9444,33,2.31,0.9166,43,2.35,0.9325,18,2.345,0.9305,171,0
SPY190809P291,2019-08-08,2019-08-08 09:32:15,2.35,0.9325,18,2.3,0.9126,33,2.35,0.9325,18,2.325,0.9226,171,0
SPY190809P291,2019-08-08,2019-08-08 09:32:15,2.36,0.9365,33,2.28,0.9047,33,2.35,0.9325,18,2.32,0.9206,171,0
SPY190809P291,2019-08-08,2019-08-08 09:32:16,2.35,0.9325,18,2.28,0.9047,43,2.35,0.9325,18,2.315,0.9186,171,0
SPY190809P291,2019-08-08,2019-08-08 09:32:16,2.37,0.9404,118,2.29,0.9087,144,2.35,0.9325,18,2.33,0.9246,171,0
SPY190809P291,2019-08-08,2019-08-08 09:32:17,2.36,0.9365,11,2.28,0.9047,144,2.35,0.9325,18,2.32,0.9206,171,0
SPY190809P291,2019-08-08,2019-08-08 09:32:17,2.36,0.9365,5,2.29,0.9087,164,2.35,0.9325,18,2.325,0.9226,171,0
SPY190809P291,2019-08-08,2019-08-08 09:32:18,2.38,0.9444,1,2.29,0.9087,400,2.35,0.9325,18,2.335,0.9265,171,0
SPY190809P291,2019-08-08,2019-08-08 09:32:18,2.36,0.9365,38,2.3,0.9126,33,2.35,0.9325,18,2.33,0.9246,171,0
SPY190809P291,2019-08-08,2019-08-08 09:32:19,2.38,0.9444,1,2.29,0.9087,154,2.35,0.9325,18,2.335,0.9265,171,0
SPY190809P291,2019-08-08,2019-08-08 09:32:19,2.38,0.9444,1,2.29,0.9087,400,2.35,0.9325,18,2.335,0.9265,171,0
SPY190809P291,2019-08-08,2019-08-08 09:32:20,2.38,0.9444,1,2.3,0.9126,144,2.35,0.9325,18,2.34,0.9285,171,0
SPY190809P291,2019-08-08,2019-08-08 09:32:20,2.38,0.9444,1,2.32,0.9206,20,2.35,0.9325,18,2.35,0.9325,171,0
SPY190809P291,2019-08-08,2019-08-08 09:32:21,2.42,0.9603,33,2.34,0.9285,33,2.38,0.9444,1,2.38,0.9444,172,1
SPY190809P291,2019-08-08,2019-08-08 09:32:21,2.38,0.9444,1,2.33,0.9246,43,2.35,0.9325,18,2.355,0.9345,171,0
SPY190809P291,2019-08-08,2019-08-08 09:32:22,2.41,0.9563,76,2.34,0.9285,155,2.38,0.9444,1,2.375,0.9424,172,0
SPY190809P291,2019-08-08,2019-08-08 09:32:22,2.43,0.9642,33,2.36,0.9365,33,2.38,0.9444,1,2.395,0.9503,172,0
SPY190809P291,2019-08-08,2019-08-08 09:32:23,2.42,0.9603,16,2.35,0.9325,33,2.38,0.9444,1,2.385,0.9464,172,0
SPY190809P291,2019-08-08,2019-08-08 09:32:23,2.42,0.9603,40,2.35,0.9325,144,2.38,0.9444,1,2.385,0.9464,172,0
SPY190809P291,2019-08-08,2019-08-08 09:32:24,2.43,0.9642,197,2.36,0.9365,43,2.38,0.9444,1,2.395,0.9503,172,0
SPY190809P291,2019-08-08,2019-08-08 09:32:24,2.43,0.9642,70,2.36,0.9365,43,2.38,0.9444,1,2.395,0.9503,172,0
SPY190809P291,2019-08-08,2019-08-08 09:32:25,2.44,0.9682,51,2.37,0.9404,33,2.38,0.9444,1,2.405,0.9543,172,0
SPY190809P291,2019-08-08,2019-08-08 09:32:25,2.43,0.9642,133,2.36,0.9365,33,2.38,0.9444,1,2.395,0.9503,172,0
SPY190809P291,2019-08-08,2019-08-08 09:32:26,2.42,0.9603,33,2.35,0.9325,43,2.38,0.9444,1,2.385,0.9464,172,0
SPY190809P291,2019-08-08,2019-08-08 09:32:26,2.4,0.9523,8,2.35,0.9325,156,2.38,0.9444,1,2.375,0.9424,172,0
SPY190809P291,2019-08-08,2019-08-08 09:32:27,2.47,0.9801,2,2.36,0.9365,17,2.38,0.9444,1,2.415,0.9583,172,0
SPY190809P291,2019-08-08,2019-08-08 09:32:27,2.44,0.9682,67,2.37,0.9404,144,2.38,0.9444,1,2.405,0.9543,172,0
SPY190809P291,2019-08-08,2019-08-08 09:32:28,2.44,0.9682,76,2.37,0.9404,164,2.38,0.9444,1,2.405,0.9543,172,0
SPY190809P291,2019-08-08,2019-08-08 09:32:28,2.45,0.9722,33,2.38,0.9444,43,2.38,0.9444,1,2.415,0.9583,172,0
SPY190809P291,2019-08-08,2019-08-08 09:32:29,2.42,0.9603,8,2.39,0.9484,43,2.38,0.9444,1,2.405,0.9543,172,0
SPY190809P291,2019-08-08,2019-08-08 09:32:29,2.45,0.9722,2,2.39,0.9484,43,2.38,0.9444,1,2.42,0.9603,172,0
SPY190809P291,2019-08-08,2019-08-08 09:32:30,2.45,0.9722,118,2.37,0.9404,144,2.38,0.9444,1,2.41,0.9563,172,0
SPY190809P291,2019-08-08,2019-08-08 09:32:30,2.47,0.9801,33,2.39,0.9484,144,2.38,0.9444,1,2.43,0.9642,172,0
SPY190809P291,2019-08-08,2019-08-08 09:32:31,2.5,0.992,128,2.38,0.9444,10,2.38,0.9444,1,2.44,0.9682,172,0
SPY190809P291,2019-08-08,2019-08-08 09:32:32,2.44,0.9682,2,2.4,0.9523,33,2.38,0.9444,1,2.42,0.9603,172,0
SPY190809P291,2019-08-08,2019-08-08 09:32:32,2.48,0.9841,84,2.38,0.9444,10,2.38,0.9444,1,2.43,0.9642,172,0
SPY190809P291,2019-08-08,2019-08-08 09:32:33,2.48,0.9841,30,2.42,0.9603,33,2.38,0.9444,1,2.45,0.9722,172,0
SPY190809P291,2019-08-08,2019-08-08 09:32:33,2.48,0.9841,18,2.41,0.9563,144,2.38,0.9444,1,2.445,0.9702,172,0
SPY190809P291,2019-08-08,2019-08-08 09:32:34,2.49,0.988,33,2.42,0.9603,144,2.38,0.9444,1,2.455,0.9742,172,0
SPY190809P291,2019-08-08,2019-08-08 09:32:34,2.49,0.988,98,2.42,0.9603,144,2.38,0.9444,1,2.455,0.9742,172,0
SPY190809P291,2019-08-08,2019-08-08 09:32:35,2.48,0.9841,118,2.4,0.9523,154,2.38,0.9444,1,2.44,0.9682,172,0
SPY190809P291,2019-08-08,2019-08-08 09:32:35,2.47,0.9801,18,2.42,0.9603,144,2.38,0.9444,1,2.445,0.9702,172,0
SPY190809P291,2019-08-08,2019-08-08 09:32:36,2.48,0.9841,157,2.4,0.9523,152,2.38,0.9444,1,2.44,0.9682,172,0
SPY190809P291,2019-08-08,2019-08-08 09:32:36,2.47,0.9801,118,2.39,0.9484,33,2.38,0.9444,1,2.43,0.9642,172,0
SPY190809P291,2019-08-08,2019-08-08 09:32:37,2.45,0.9722,98,2.38,0.9444,33,2.38,0.9444,1,2.415,0.9583,172,0
SPY190809P291,2019-08-08,2019-08-08 09:32:37,2.45,0.9722,33,2.38,0.9444,33,2.38,0.9444,1,2.415,0.9583,172,0
SPY190809P291,2019-08-08,2019-08-08 09:32:38,2.45,0.9722,105,2.38,0.9444,27,2.38,0.9444,1,2.415,0.9583,172,0
SPY190809P291,2019-08-08,2019-08-08 09:32:38,2.44,0.9682,84,2.37,0.9404,33,2.38,0.9444,1,2.405,0.9543,172,0
SPY190809P291,2019-08-08,2019-08-08 09:32:39,2.39,0.9484,8,2.35,0.9325,144,2.38,0.9444,1,2.37,0.9404,172,0
SPY190809P291,2019-08-08,2019-08-08 09:32:39,2.44,0.9682,140,2.37,0.9404,33,2.38,0.9444,1,2.405,0.9543,172,0
SPY190809P291,2019-08-08,2019-08-08 09:32:40,2.4,0.9523,14,2.35,0.9325,144,2.38,0.9444,1,2.375,0.9424,172,0
SPY190809P291,2019-08-08,2019-08-08 09:32:40,2.4,0.9523,32,2.35,0.9325,144,2.38,0.9444,1,2.375,0.9424,172,0
SPY190809P291,2019-08-08,2019-08-08 09:32:41,2.4,0.9523,113,2.32,0.9206,144,2.38,0.9444,1,2.36,0.9365,172,0
SPY190809P291,2019-08-08,2019-08-08 09:32:41,2.4,0.9523,145,2.35,0.9325,15,2.38,0.9444,1,2.375,0.9424,172,0
SPY190809P291,2019-08-08,2019-08-08 09:32:42,2.39,0.9484,113,2.33,0.9246,104,2.38,0.9444,1,2.36,0.9365,172,0
SPY190809P291,2019-08-08,2019-08-08 09:32:42,2.4,0.9523,145,2.35,0.9325,15,2.38,0.9444,1,2.375,0.9424,172,0
SPY190809P291,2019-08-08,2019-08-08 09:32:43,2.34,0.9285,13,2.32,0.9206,1,2.32,0.9206,1,2.33,0.9246,173,1
SPY190809P291,2019-08-08,2019-08-08 09:32:43,2.38,0.9444,5,2.32,0.9206,100,2.38,0.9444,1,2.35,0.9325,172,0
SPY190809P291,2019-08-08,2019-08-08 09:32:44,2.34,0.9285,9,2.29,0.9087,112,2.34,0.9285,10,2.315,0.9186,183,0
SPY190809P291,2019-08-08,2019-08-08 09:32:44,2.35,0.9325,5,2.33,0.9246,6,2.34,0.9285,10,2.34,0.9285,183,10
SPY190809P291,2019-08-08,2019-08-08 09:32:45,2.35,0.9325,19,2.32,0.9206,112,2.34,0.9285,10,2.335,0.9265,183,0
SPY190809P291,2019-08-08,2019-08-08 09:32:45,2.35,0.9325,19,2.31,0.9166,112,2.34,0.9285,10,2.33,0.9246,183,0
SPY190809P291,2019-08-08,2019-08-08 09:32:46,2.4,0.9523,19,2.35,0.9325,14,2.34,0.9285,10,2.375,0.9424,183,0
SPY190809P291,2019-08-08,2019-08-08 09:32:46,2.37,0.9404,67,2.33,0.9246,12,2.34,0.9285,10,2.35,0.9325,183,0
SPY190809P291,2019-08-08,2019-08-08 09:32:47,2.39,0.9484,25,2.36,0.9365,5,2.34,0.9285,10,2.375,0.9424,183,0
SPY190809P291,2019-08-08,2019-08-08 09:32:47,2.4,0.9523,19,2.35,0.9325,14,2.34,0.9285,10,2.375,0.9424,183,0
SPY190809P291,2019-08-08,2019-08-08 09:32:48,2.39,0.9484,7,2.35,0.9325,79,2.34,0.9285,10,2.37,0.9404,183,0
SPY190809P291,2019-08-08,2019-08-08 09:32:48,2.46,0.9761,113,2.36,0.9365,144,2.34,0.9285,10,2.41,0.9563,183,0
SPY190809P291,2019-08-08,2019-08-08 09:32:49,2.44,0.9682,133,2.38,0.9444,12,2.34,0.9285,10,2.41,0.9563,183,0
SPY190809P291,2019-08-08,2019-08-08 09:32:50,2.43,0.9642,113,2.38,0.9444,5,2.34,0.9285,10,2.405,0.9543,183,0
SPY190809P291,2019-08-08,2019-08-08 09:32:50,2.43,0.9642,113,2.36,0.9365,122,2.34,0.9285,10,2.395,0.9503,183,0
SPY190809P291,2019-08-08,2019-08-08 09:32:51,2.43,0.9642,98,2.38,0.9444,42,2.34,0.9285,10,2.405,0.9543,183,0
SPY190809P291,2019-08-08,2019-08-08 09:32:51,2.43,0.9642,61,2.38,0.9444,122,2.34,0.9285,10,2.405,0.9543,183,0
SPY190809P291,2019-08-08,2019-08-08 09:32:52,2.41,0.9563,21,2.36,0.9365,134,2.34,0.9285,10,2.385,0.9464,183,0
SPY190809P291,2019-08-08,2019-08-08 09:32:52,2.41,0.9563,21,2.37,0.9404,121,2.34,0.9285,10,2.39,0.9484,183,0
SPY190809P291,2019-08-08,2019-08-08 09:32:53,2.41,0.9563,21,2.36,0.9365,100,2.34,0.9285,10,2.385,0.9464,183,0
SPY190809P291,2019-08-08,2019-08-08 09:32:54,2.38,0.9444,9,2.35,0.9325,14,2.34,0.9285,10,2.365,0.9384,183,0
SPY190809P291,2019-08-08,2019-08-08 09:32:54,2.39,0.9484,120,2.34,0.9285,144,2.34,0.9285,10,2.365,0.9384,183,0
SPY190809P291,2019-08-08,2019-08-08 09:32:55,2.37,0.9404,22,2.32,0.9206,119,2.34,0.9285,10,2.345,0.9305,183,0
SPY190809P291,2019-08-08,2019-08-08 09:32:55,2.37,0.9404,56,2.34,0.9285,76,2.34,0.9285,10,2.355,0.9345,183,0
SPY190809P291,2019-08-08,2019-08-08 09:32:56,2.39,0.9484,126,2.33,0.9246,124,2.34,0.9285,10,2.36,0.9365,183,0
SPY190809P291,2019-08-08,2019-08-08 09:32:56,2.37,0.9404,2,2.32,0.9206,202,2.34,0.9285,10,2.345,0.9305,183,0
SPY190809P291,2019-08-08,2019-08-08 09:32:57,2.37,0.9404,18,2.32,0.9206,33,2.34,0.9285,10,2.345,0.9305,183,0
SPY190809P291,2019-08-08,2019-08-08 09:32:57,2.36,0.9365,18,2.33,0.9246,93,2.34,0.9285,10,2.345,0.9305,183,0
SPY190809P291,2019-08-08,2019-08-08 09:32:58,2.36,0.9365,84,2.29,0.9087,118,2.34,0.9285,10,2.325,0.9226,183,0
SPY190809P291,2019-08-08,2019-08-08 09:32:58,2.34,0.9285,9,2.27,0.9007,144,2.34,0.9285,10,2.305,0.9146,183,0
SPY190809P291,2019-08-08,2019-08-08 09:32:59,2.34,0.9285,26,2.31,0.9166,6,2.34,0.9285,10,2.325,0.9226,183,0
SPY190809P291,2019-08-08,2019-08-08 09:32:59,2.35,0.9325,124,2.31,0.9166,51,2.34,0.9285,10,2.33,0.9246,183,0
SPY190809P291,2019-08-08,2019-08-08 09:33:00,2.38,0.9444,88,2.31,0.9166,65,2.34,0.9285,10,2.345,0.9305,183,0
SPY190809P291,2019-08-08,2019-08-08 09:33:00,2.33,0.9246,1,2.32,0.9206,1,2.34,0.9285,10,2.325,0.9226,183,0
SPY190809P291,2019-08-08,2019-08-08 09:33:01,2.44,0.9682,144,2.31,0.9166,20,2.34,0.9285,10,2.375,0.9424,183,0
SPY190809P291,2019-08-08,2019-08-08 09:33:01,2.35,0.9325,21,2.31,0.9166,100,2.34,0.9285,10,2.33,0.9246,183,0
SPY190809P291,2019-08-08,2019-08-08 09:33:02,2.36,0.9365,118,2.31,0.9166,5,2.34,0.9285,10,2.335,0.9265,183,0
SPY190809P291,2019-08-08,2019-08-08 09:33:02,2.36,0.9365,21,2.32,0.9206,5,2.34,0.9285,10,2.34,0.9285,183,0
SPY190809P291,2019-08-08,2019-08-08 09:33:03,2.35,0.9325,45,2.31,0.9166,92,2.34,0.9285,10,2.33,0.9246,183,0
SPY190809P291,2019-08-08,2019-08-08 09:33:03,2.37,0.9404,100,2.29,0.9087,79,2.34,0.9285,10,2.33,0.9246,183,0
SPY190809P291,2019-08-08,2019-08-08 09:33:04,2.31,0.9166,1,2.3,0.9126,1,2.34,0.9285,10,2.305,0.9146,183,0
SPY190809P291,2019-08-08,2019-08-08 09:33:04,2.31,0.9166,15,2.29,0.9087,92,2.34,0.9285,10,2.3,0.9126,183,0
SPY190809P291,2019-08-08,2019-08-08 09:33:05,2.32,0.9206,112,2.25,0.8928,120,2.34,0.9285,10,2.285,0.9067,183,0
SPY190809P291,2019-08-08,2019-08-08 09:33:05,2.34,0.9285,173,2.3,0.9126,1,2.34,0.9285,10,2.32,0.9206,183,0
SPY190809P291,2019-08-08,2019-08-08 09:33:06,2.32,0.9206,33,2.21,0.8769,20,2.34,0.9285,10,2.265,0.8988,183,0
SPY190809P291,2019-08-08,2019-08-08 09:33:06,2.3,0.9126,46,2.26,0.8968,120,2.34,0.9285,10,2.28,0.9047,183,0
SPY190809P291,2019-08-08,2019-08-08 09:33:07,2.29,0.9087,110,2.25,0.8928,64,2.34,0.9285,10,2.27,0.9007,183,0
SPY190809P291,2019-08-08,2019-08-08 09:33:07,2.31,0.9166,112,2.27,0.9007,7,2.34,0.9285,10,2.29,0.9087,183,0
SPY190809P291,2019-08-08,2019-08-08 09:33:08,2.28,0.9047,17,2.24,0.8888,130,2.34,0.9285,10,2.26,0.8968,183,0
SPY190809P291,2019-08-08,2019-08-08 09:33:08,2.28,0.9047,17,2.25,0.8928,45,2.34,0.9285,10,2.265,0.8988,183,0
SPY190809P291,2019-08-08,2019-08-08 09:33:09,2.28,0.9047,21,2.25,0.8928,31,2.34,0.9285,10,2.265,0.8988,183,0
SPY190809P291,2019-08-08,2019-08-08 09:33:09,2.28,0.9047,21,2.25,0.8928,7,2.34,0.9285,10,2.265,0.8988,183,0
SPY190809P291,2019-08-08,2019-08-08 09:33:10,2.29,0.9087,119,2.25,0.8928,7,2.34,0.9285,10,2.27,0.9007,183,0
SPY190809P291,2019-08-08,2019-08-08 09:33:10,2.31,0.9166,50,2.25,0.8928,134,2.34,0.9285,10,2.28,0.9047,183,0
SPY190809P291,2019-08-08,2019-08-08 09:33:11,2.3,0.9126,83,2.26,0.8968,103,2.34,0.9285,10,2.28,0.9047,183,0
SPY190809P291,2019-08-08,2019-08-08 09:33:11,2.3,0.9126,21,2.26,0.8968,79,2.34,0.9285,10,2.28,0.9047,183,0
SPY190809P291,2019-08-08,2019-08-08 09:33:12,2.29,0.9087,83,2.24,0.8888,110,2.34,0.9285,10,2.265,0.8988,183,0
SPY190809P291,2019-08-08,2019-08-08 09:33:12,2.28,0.9047,19,2.26,0.8968,44,2.34,0.9285,10,2.27,0.9007,183,0
SPY190809P291,2019-08-08,2019-08-08 09:33:13,2.29,0.9087,103,2.24,0.8888,130,2.34,0.9285,10,2.265,0.8988,183,0
SPY190809P291,2019-08-08,2019-08-08 09:33:14,2.28,0.9047,36,2.24,0.8888,100,2.34,0.9285,10,2.26,0.8968,183,0
SPY190809P291,2019-08-08,2019-08-08 09:33:14,2.28,0.9047,41,2.24,0.8888,120,2.34,0.9285,10,2.26,0.8968,183,0
SPY190809P291,2019-08-08,2019-08-08 09:33:15,2.27,0.9007,99,2.23,0.8849,120,2.34,0.9285,10,2.25,0.8928,183,0
SPY190809P291,2019-08-08,2019-08-08 09:33:15,2.27,0.9007,49,2.23,0.8849,120,2.34,0.9285,10,2.25,0.8928,183,0
SPY190809P291,2019-08-08,2019-08-08 09:33:16,2.27,0.9007,53,2.23,0.8849,120,2.34,0.9285,10,2.25,0.8928,183,0
SPY190809P291,2019-08-08,2019-08-08 09:33:16,2.28,0.9047,100,2.23,0.8849,20,2.34,0.9285,10,2.255,0.8948,183,0
SPY190809P291,2019-08-08,2019-08-08 09:33:17,2.28,0.9047,108,2.24,0.8888,34,2.34,0.9285,10,2.26,0.8968,183,0
SPY190809P291,2019-08-08,2019-08-08 09:33:17,2.27,0.9007,20,2.25,0.8928,1,2.34,0.9285,10,2.26,0.8968,183,0
SPY190809P291,2019-08-08,2019-08-08 09:33:18,2.28,0.9047,120,2.25,0.8928,38,2.34,0.9285,10,2.265,0.8988,183,0
SPY190809P291,2019-08-08,2019-08-08 09:33:18,2.27,0.9007,115,2.23,0.8849,39,2.34,0.9285,10,2.25,0.8928,183,0
SPY190809P291,2019-08-08,2019-08-08 09:33:19,2.26,0.8968,94,2.22,0.8809,110,2.34,0.9285,10,2.24,0.8888,183,0
SPY190809P291,2019-08-08,2019-08-08 09:33:19,2.25,0.8928,16,2.22,0.8809,136,2.34,0.9285,10,2.235,0.8869,183,0
SPY190809P291,2019-08-08,2019-08-08 09:33:20,2.26,0.8968,50,2.23,0.8849,43,2.34,0.9285,10,2.245,0.8908,183,0
SPY190809P291,2019-08-08,2019-08-08 09:33:20,2.25,0.8928,20,2.23,0.8849,44,2.34,0.9285,10,2.24,0.8888,183,0
SPY190809P291,2019-08-08,2019-08-08 09:33:21,2.28,0.9047,70,2.23,0.8849,2,2.34,0.9285,10,2.255,0.8948,183,0
SPY190809P291,2019-08-08,2019-08-08 09:33:21,2.26,0.8968,1,2.24,0.8888,1,2.34,0.9285,10,2.25,0.8928,183,0
SPY190809P291,2019-08-08,2019-08-08 09:33:22,2.27,0.9007,110,2.23,0.8849,82,2.34,0.9285,10,2.25,0.8928,183,0
SPY190809P291,2019-08-08,2019-08-08 09:33:22,2.27,0.9007,120,2.22,0.8809,120,2.34,0.9285,10,2.245,0.8908,183,0
SPY190809P291,2019-08-08,2019-08-08 09:33:23,2.26,0.8968,75,2.23,0.8849,38,2.34,0.9285,10,2.245,0.8908,183,0
SPY190809P291,2019-08-08,2019-08-08 09:33:23,2.27,0.9007,110,2.23,0.8849,82,2.34,0.9285,10,2.25,0.8928,183,0
SPY190809P291,2019-08-08,2019-08-08 09:33:24,2.25,0.8928,21,2.23,0.8849,2,2.34,0.9285,10,2.24,0.8888,183,0
SPY190809P291,2019-08-08,2019-08-08 09:33:24,2.26,0.8968,75,2.23,0.8849,38,2.34,0.9285,10,2.245,0.8908,183,0
SPY190809P291,2019-08-08,2019-08-08 09:33:25,2.25,0.8928,20,2.23,0.8849,2,2.34,0.9285,10,2.24,0.8888,183,0
SPY190809P291,2019-08-08,2019-08-08 09:33:25,2.25,0.8928,39,2.23,0.8849,26,2.34,0.9285,10,2.24,0.8888,183,0
SPY190809P291,2019-08-08,2019-08-08 09:33:26,2.25,0.8928,1,2.21,0.8769,130,2.34,0.9285,10,2.23,0.8849,183,0
SPY190809P291,2019-08-08,2019-08-08 09:33:26,2.25,0.8928,20,2.23,0.8849,26,2.34,0.9285,10,2.24,0.8888,183,0
SPY190809P291,2019-08-08,2019-08-08 09:33:27,2.25,0.8928,1,2.21,0.8769,134,2.34,0.9285,10,2.23,0.8849,183,0
SPY190809P291,2019-08-08,2019-08-08 09:33:27,2.24,0.8888,21,2.22,0.8809,20,2.34,0.9285,10,2.23,0.8849,183,0
SPY190809P291,2019-08-08,2019-08-08 09:33:28,2.25,0.8928,20,2.22,0.8809,3,2.34,0.9285,10,2.235,0.8869,183,0
SPY190809P291,2019-08-08,2019-08-08 09:33:28,2.25,0.8928,23,2.23,0.8849,3,2.34,0.9285,10,2.24,0.8888,183,0
SPY190809P291,2019-08-08,2019-08-08 09:33:29,2.25,0.8928,20,2.22,0.8809,48,2.34,0.9285,10,2.235,0.8869,183,0
SPY190809P291,2019-08-08,2019-08-08 09:33:29,2.3,0.9126,33,2.23,0.8849,13,2.25,0.8928,1,2.265,0.8988,204,21
SPY190809P291,2019-08-08,2019-08-08 09:33:30,2.32,0.9206,120,2.21,0.8769,144,2.25,0.8928,1,2.265,0.8988,204,0
SPY190809P291,2019-08-08,2019-08-08 09:33:30,2.27,0.9007,3,2.24,0.8888,3,2.25,0.8928,1,2.255,0.8948,204,0
SPY190809P291,2019-08-08,2019-08-08 09:33:31,2.29,0.9087,18,2.24,0.8888,22,2.23,0.8849,1,2.265,0.8988,205,0
SPY190809P291,2019-08-08,2019-08-08 09:33:31,2.3,0.9126,100,2.21,0.8769,144,2.23,0.8849,1,2.255,0.8948,205,1
SPY190809P291,2019-08-08,2019-08-08 09:33:32,2.29,0.9087,113,2.25,0.8928,56,2.23,0.8849,1,2.27,0.9007,205,0
SPY190809P291,2019-08-08,2019-08-08 09:33:32,2.29,0.9087,113,2.25,0.8928,20,2.23,0.8849,1,2.27,0.9007,205,0
SPY190809P291,2019-08-08,2019-08-08 09:33:33,2.28,0.9047,20,2.25,0.8928,28,2.23,0.8849,1,2.265,0.8988,205,0
SPY190809P291,2019-08-08,2019-08-08 09:33:33,2.28,0.9047,20,2.25,0.8928,18,2.23,0.8849,1,2.265,0.8988,205,0
SPY190809P291,2019-08-08,2019-08-08 09:33:34,2.29,0.9087,115,2.24,0.8888,110,2.23,0.8849,1,2.265,0.8988,205,0
SPY190809P291,2019-08-08,2019-08-08 09:33:34,2.29,0.9087,115,2.25,0.8928,47,2.23,0.8849,1,2.27,0.9007,205,0
SPY190809P291,2019-08-08,2019-08-08 09:33:35,2.33,0.9246,144,2.24,0.8888,110,2.23,0.8849,1,2.285,0.9067,205,0
SPY190809P291,2019-08-08,2019-08-08 09:33:36,2.27,0.9007,91,2.19,0.869,173,2.23,0.8849,1,2.23,0.8849,205,0
SPY190809P291,2019-08-08,2019-08-08 09:33:36,2.28,0.9047,115,2.23,0.8849,80,2.23,0.8849,1,2.255,0.8948,205,0
SPY190809P291,2019-08-08,2019-08-08 09:33:37,2.26,0.8968,115,2.2,0.873,106,2.23,0.8849,1,2.23,0.8849,205,0
SPY190809P291,2019-08-08,2019-08-08 09:33:37,2.28,0.9047,5,2.21,0.8769,5,2.23,0.8849,1,2.245,0.8908,205,0
SPY190809P291,2019-08-08,2019-08-08 09:33:38,2.26,0.8968,15,2.23,0.8849,19,2.23,0.8849,1,2.245,0.8908,205,0
SPY190809P291,2019-08-08,2019-08-08 09:33:38,2.28,0.9047,115,2.24,0.8888,3,2.23,0.8849,1,2.26,0.8968,205,0
SPY190809P291,2019-08-08,2019-08-08 09:33:39,2.3,0.9126,115,2.23,0.8849,128,2.23,0.8849,1,2.265,0.8988,205,0
SPY190809P291,2019-08-08,2019-08-08 09:33:39,2.29,0.9087,33,2.24,0.8888,11,2.23,0.8849,1,2.265,0.8988,205,0
SPY190809P291,2019-08-08,2019-08-08 09:33:40,2.29,0.9087,115,2.24,0.8888,81,2.23,0.8849,1,2.265,0.8988,205,0
SPY190809P291,2019-08-08,2019-08-08 09:33:40,2.29,0.9087,115,2.23,0.8849,128,2.23,0.8849,1,2.26,0.8968,205,0
SPY190809P291,2019-08-08,2019-08-08 09:33:41,2.28,0.9047,108,2.25,0.8928,3,2.23,0.8849,1,2.265,0.8988,205,0
SPY190809P291,2019-08-08,2019-08-08 09:33:41,2.28,0.9047,108,2.24,0.8888,101,2.23,0.8849,1,2.26,0.8968,205,0
SPY190809P291,2019-08-08,2019-08-08 09:33:42,2.29,0.9087,15,2.23,0.8849,120,2.23,0.8849,1,2.26,0.8968,205,0
SPY190809P291,2019-08-08,2019-08-08 09:33:42,2.28,0.9047,4,2.22,0.8809,124,2.23,0.8849,1,2.25,0.8928,205,0
SPY190809P291,2019-08-08,2019-08-08 09:33:43,2.26,0.8968,7,2.23,0.8849,70,2.23,0.8849,1,2.245,0.8908,205,0
SPY190809P291,2019-08-08,2019-08-08 09:33:43,2.27,0.9007,115,2.22,0.8809,127,2.23,0.8849,1,2.245,0.8908,205,0
SPY190809P291,2019-08-08,2019-08-08 09:33:44,2.29,0.9087,33,2.23,0.8849,38,2.23,0.8849,1,2.26,0.8968,205,0
SPY190809P291,2019-08-08,2019-08-08 09:33:44,2.28,0.9047,108,2.23,0.8849,201,2.23,0.8849,1,2.255,0.8948,205,0
SPY190809P291,2019-08-08,2019-08-08 09:33:45,2.27,0.9007,115,2.18,0.865,164,2.23,0.8849,1,2.225,0.8829,205,0
SPY190809P291,2019-08-08,2019-08-08 09:33:45,2.28,0.9047,108,2.23,0.8849,201,2.23,0.8849,1,2.255,0.8948,205,0
SPY190809P291,2019-08-08,2019-08-08 09:33:46,2.26,0.8968,115,2.21,0.8769,91,2.23,0.8849,1,2.235,0.8869,205,0
SPY190809P291,2019-08-08,2019-08-08 09:33:46,2.26,0.8968,115,2.18,0.865,164,2.23,0.8849,1,2.22,0.8809,205,0
SPY190809P291,2019-08-08,2019-08-08 09:33:47,2.25,0.8928,108,2.22,0.8809,1,2.23,0.8849,1,2.235,0.8869,205,0
SPY190809P291,2019-08-08,2019-08-08 09:33:47,2.25,0.8928,66,2.21,0.8769,20,2.23,0.8849,1,2.23,0.8849,205,0
SPY190809P291,2019-08-08,2019-08-08 09:33:48,2.24,0.8888,15,2.22,0.8809,1,2.23,0.8849,1,2.23,0.8849,205,0
SPY190809P291,2019-08-08,2019-08-08 09:33:49,2.26,0.8968,128,2.21,0.8769,130,2.23,0.8849,1,2.235,0.8869,205,0
SPY190809P291,2019-08-08,2019-08-08 09:33:49,2.27,0.9007,115,2.22,0.8809,100,2.23,0.8849,1,2.245,0.8908,205,0
SPY190809P291,2019-08-08,2019-08-08 09:33:50,2.26,0.8968,115,2.22,0.8809,98,2.24,0.8888,3,2.24,0.8888,208,3
SPY190809P291,2019-08-08,2019-08-08 09:33:50,2.26,0.8968,46,2.22,0.8809,55,2.23,0.8849,1,2.24,0.8888,205,0
SPY190809P291,2019-08-08,2019-08-08 09:33:51,2.26,0.8968,17,2.22,0.8809,98,2.24,0.8888,3,2.24,0.8888,208,0
SPY190809P291,2019-08-08,2019-08-08 09:33:51,2.29,0.9087,114,2.23,0.8849,96,2.24,0.8888,3,2.26,0.8968,208,0
SPY190809P291,2019-08-08,2019-08-08 09:33:52,2.28,0.9047,7,2.22,0.8809,20,2.24,0.8888,3,2.25,0.8928,208,0
SPY190809P291,2019-08-08,2019-08-08 09:33:52,2.28,0.9047,5,2.22,0.8809,140,2.24,0.8888,3,2.25,0.8928,208,0
SPY190809P291,2019-08-08,2019-08-08 09:33:53,2.26,0.8968,5,2.23,0.8849,1,2.24,0.8888,3,2.245,0.8908,208,0
SPY190809P291,2019-08-08,2019-08-08 09:33:53,2.26,0.8968,89,2.22,0.8809,3,2.24,0.8888,3,2.24,0.8888,208,0
SPY190809P291,2019-08-08,2019-08-08 09:33:54,2.24,0.8888,13,2.21,0.8769,81,2.24,0.8888,3,2.225,0.8829,208,0
SPY190809P291,2019-08-08,2019-08-08 09:33:55,2.25,0.8928,104,2.21,0.8769,20,2.24,0.8888,3,2.23,0.8849,208,0
SPY190809P291,2019-08-08,2019-08-08 09:33:56,2.24,0.8888,96,2.2,0.873,109,2.24,0.8888,3,2.22,0.8809,208,0
SPY190809P291,2019-08-08,2019-08-08 09:33:56,2.25,0.8928,124,2.2,0.873,109,2.24,0.8888,3,2.225,0.8829,208,0
SPY190809P291,2019-08-08,2019-08-08 09:33:57,2.24,0.8888,121,2.19,0.869,120,2.24,0.8888,3,2.215,0.8789,208,0
SPY190809P291,2019-08-08,2019-08-08 09:33:57,2.25,0.8928,121,2.2,0.873,119,2.24,0.8888,3,2.225,0.8829,208,0
SPY190809P291,2019-08-08,2019-08-08 09:33:58,2.25,0.8928,121,2.2,0.873,41,2.24,0.8888,3,2.225,0.8829,208,0
SPY190809P291,2019-08-08,2019-08-08 09:33:58,2.24,0.8888,99,2.2,0.873,33,2.24,0.8888,3,2.22,0.8809,208,0
SPY190809P291,2019-08-08,2019-08-08 09:33:59,2.26,0.8968,33,2.19,0.869,105,2.24,0.8888,3,2.225,0.8829,208,0
SPY190809P291,2019-08-08,2019-08-08 09:33:59,2.23,0.8849,3,2.21,0.8769,3,2.24,0.8888,7,2.22,0.8809,215,7
SPY190809P291,2019-08-08,2019-08-08 09:34:00,2.23,0.8849,21,2.2,0.873,75,2.24,0.8888,7,2.215,0.8789,215,0
SPY190809P291,2019-08-08,2019-08-08 09:34:00,2.25,0.8928,111,2.21,0.8769,58,2.24,0.8888,7,2.23,0.8849,215,0
SPY190809P291,2019-08-08,2019-08-08 09:34:01,2.26,0.8968,100,2.21,0.8769,118,2.24,0.8888,7,2.235,0.8869,215,0
SPY190809P291,2019-08-08,2019-08-08 09:34:01,2.26,0.8968,111,2.22,0.8809,83,2.24,0.8888,7,2.24,0.8888,215,0
SPY190809P291,2019-08-08,2019-08-08 09:34:02,2.24,0.8888,21,2.21,0.8769,3,2.24,0.8888,7,2.225,0.8829,215,0
SPY190809P291,2019-08-08,2019-08-08 09:34:02,2.24,0.8888,47,2.2,0.873,128,2.24,0.8888,7,2.22,0.8809,215,0
SPY190809P291,2019-08-08,2019-08-08 09:34:03,2.25,0.8928,84,2.21,0.8769,82,2.24,0.8888,7,2.23,0.8849,215,0
SPY190809P291,2019-08-08,2019-08-08 09:34:03,2.27,0.9007,113,2.21,0.8769,130,2.24,0.8888,7,2.24,0.8888,215,0
SPY190809P291,2019-08-08,2019-08-08 09:34:04,2.26,0.8968,86,2.21,0.8769,92,2.24,0.8888,7,2.235,0.8869,215,0
SPY190809P291,2019-08-08,2019-08-08 09:34:04,2.25,0.8928,13,2.23,0.8849,20,2.24,0.8888,7,2.24,0.8888,215,0
SPY190809P291,2019-08-08,2019-08-08 09:34:05,2.28,0.9047,121,2.23,0.8849,147,2.24,0.8888,7,2.255,0.8948,215,0
SPY190809P291,2019-08-08,2019-08-08 09:34:05,2.27,0.9007,121,2.22,0.8809,120,2.24,0.8888,7,2.245,0.8908,215,0
SPY190809P291,2019-08-08,2019-08-08 09:34:06,2.3,0.9126,121,2.23,0.8849,195,2.24,0.8888,7,2.265,0.8988,215,0
SPY190809P291,2019-08-08,2019-08-08 09:34:06,2.29,0.9087,119,2.24,0.8888,136,2.24,0.8888,7,2.265,0.8988,215,0
SPY190809P291,2019-08-08,2019-08-08 09:34:07,2.28,0.9047,119,2.24,0.8888,55,2.24,0.8888,7,2.26,0.8968,215,0
SPY190809P291,2019-08-08,2019-08-08 09:34:07,2.29,0.9087,110,2.24,0.8888,106,2.24,0.8888,7,2.265,0.8988,215,0
SPY190809P291,2019-08-08,2019-08-08 09:34:08,2.28,0.9047,119,2.24,0.8888,40,2.24,0.8888,7,2.26,0.8968,215,0
SPY190809P291,2019-08-08,2019-08-08 09:34:08,2.27,0.9007,16,2.22,0.8809,124,2.24,0.8888,7,2.245,0.8908,215,0
SPY190809P291,2019-08-08,2019-08-08 09:34:09,2.26,0.8968,100,2.19,0.869,33,2.24,0.8888,7,2.225,0.8829,215,0
SPY190809P291,2019-08-08,2019-08-08 09:34:09,2.24,0.8888,19,2.21,0.8769,116,2.24,0.8888,7,2.225,0.8829,215,0
SPY190809P291,2019-08-08,2019-08-08 09:34:10,2.25,0.8928,107,2.2,0.873,85,2.24,0.8888,7,2.225,0.8829,215,0
SPY190809P291,2019-08-08,2019-08-08 09:34:10,2.26,0.8968,100,2.2,0.873,110,2.24,0.8888,7,2.23,0.8849,215,0
SPY190809P291,2019-08-08,2019-08-08 09:34:11,2.23,0.8849,11,2.21,0.8769,13,2.24,0.8888,7,2.22,0.8809,215,0
SPY190809P291,2019-08-08,2019-08-08 09:34:11,2.24,0.8888,11,2.2,0.873,90,2.24,0.8888,7,2.22,0.8809,215,0
SPY190809P291,2019-08-08,2019-08-08 09:34:12,2.24,0.8888,6,2.2,0.873,52,2.24,0.8888,7,2.22,0.8809,215,0
SPY190809P291,2019-08-08,2019-08-08 09:34:12,2.23,0.8849,11,2.18,0.865,100,2.24,0.8888,7,2.205,0.875,215,0
SPY190809P291,2019-08-08,2019-08-08 09:34:13,2.24,0.8888,111,2.19,0.869,113,2.24,0.8888,7,2.215,0.8789,215,0
SPY190809P291,2019-08-08,2019-08-08 09:34:13,2.24,0.8888,19,2.2,0.873,48,2.24,0.8888,7,2.22,0.8809,215,0
SPY190809P291,2019-08-08,2019-08-08 09:34:14,2.25,0.8928,111,2.2,0.873,117,2.24,0.8888,7,2.225,0.8829,215,0
SPY190809P291,2019-08-08,2019-08-08 09:34:14,2.25,0.8928,111,2.2,0.873,177,2.24,0.8888,7,2.225,0.8829,215,0
SPY190809P291,2019-08-08,2019-08-08 09:34:15,2.25,0.8928,119,2.2,0.873,130,2.24,0.8888,7,2.225,0.8829,215,0
SPY190809P291,2019-08-08,2019-08-08 09:34:15,2.25,0.8928,110,2.21,0.8769,64,2.24,0.8888,7,2.23,0.8849,215,0
SPY190809P291,2019-08-08,2019-08-08 09:34:16,2.25,0.8928,19,2.21,0.8769,186,2.24,0.8888,7,2.23,0.8849,215,0
SPY190809P291,2019-08-08,2019-08-08 09:34:16,2.26,0.8968,121,2.21,0.8769,186,2.24,0.8888,7,2.235,0.8869,215,0
SPY190809P291,2019-08-08,2019-08-08 09:34:17,2.25,0.8928,19,2.22,0.8809,38,2.24,0.8888,7,2.235,0.8869,215,0
SPY190809P291,2019-08-08,2019-08-08 09:34:18,2.27,0.9007,21,2.24,0.8888,10,2.24,0.8888,7,2.255,0.8948,215,0
SPY190809P291,2019-08-08,2019-08-08 09:34:18,2.28,0.9047,11,2.24,0.8888,14,2.24,0.8888,7,2.26,0.8968,215,0
SPY190809P291,2019-08-08,2019-08-08 09:34:19,2.27,0.9007,21,2.23,0.8849,100,2.24,0.8888,7,2.25,0.8928,215,0
SPY190809P291,2019-08-08,2019-08-08 09:34:19,2.27,0.9007,16,2.22,0.8809,86,2.24,0.8888,7,2.245,0.8908,215,0
SPY190809P291,2019-08-08,2019-08-08 09:34:20,2.26,0.8968,86,2.24,0.8888,9,2.24,0.8888,7,2.25,0.8928,215,0
SPY190809P291,2019-08-08,2019-08-08 09:34:21,2.28,0.9047,121,2.24,0.8888,3,2.24,0.8888,7,2.26,0.8968,215,0
SPY190809P291,2019-08-08,2019-08-08 09:34:21,2.27,0.9007,78,2.24,0.8888,3,2.24,0.8888,7,2.255,0.8948,215,0
SPY190809P291,2019-08-08,2019-08-08 09:34:22,2.27,0.9007,71,2.23,0.8849,5,2.24,0.8888,7,2.25,0.8928,215,0
SPY190809P291,2019-08-08,2019-08-08 09:34:22,2.27,0.9007,78,2.24,0.8888,3,2.24,0.8888,7,2.255,0.8948,215,0
SPY190809P291,2019-08-08,2019-08-08 09:34:23,2.26,0.8968,74,2.23,0.8849,12,2.24,0.8888,7,2.245,0.8908,215,0
SPY190809P291,2019-08-08,2019-08-08 09:34:23,2.26,0.8968,23,2.23,0.8849,13,2.24,0.8888,7,2.245,0.8908,215,0
SPY190809P291,2019-08-08,2019-08-08 09:34:24,2.26,0.8968,84,2.22,0.8809,120,2.24,0.8888,7,2.24,0.8888,215,0
SPY190809P291,2019-08-08,2019-08-08 09:34:24,2.26,0.8968,74,2.23,0.8849,40,2.24,0.8888,7,2.245,0.8908,215,0
SPY190809P291,2019-08-08,2019-08-08 09:34:25,2.24,0.8888,21,2.21,0.8769,23,2.24,0.8888,7,2.225,0.8829,215,0
SPY190809P291,2019-08-08,2019-08-08 09:34:25,2.26,0.8968,84,2.22,0.8809,120,2.24,0.8888,7,2.24,0.8888,215,0
SPY190809P291,2019-08-08,2019-08-08 09:34:26,2.26,0.8968,111,2.23,0.8849,20,2.24,0.8888,7,2.245,0.8908,215,0
SPY190809P291,2019-08-08,2019-08-08 09:34:26,2.25,0.8928,1,2.23,0.8849,23,2.24,0.8888,7,2.24,0.8888,215,0
SPY190809P291,2019-08-08,2019-08-08 09:34:27,2.24,0.8888,3,2.23,0.8849,43,2.24,0.8888,7,2.235,0.8869,215,0
SPY190809P291,2019-08-08,2019-08-08 09:34:27,2.24,0.8888,3,2.23,0.8849,20,2.24,0.8888,7,2.235,0.8869,215,0
SPY190809P291,2019-08-08,2019-08-08 09:34:28,2.27,0.9007,121,2.21,0.8769,130,2.24,0.8888,7,2.24,0.8888,215,0
SPY190809P291,2019-08-08,2019-08-08 09:34:28,2.26,0.8968,100,2.22,0.8809,125,2.24,0.8888,7,2.24,0.8888,215,0
SPY190809P291,2019-08-08,2019-08-08 09:34:29,2.28,0.9047,71,2.23,0.8849,186,2.24,0.8888,7,2.255,0.8948,215,0
SPY190809P291,2019-08-08,2019-08-08 09:34:30,2.27,0.9007,5,2.23,0.8849,5,2.24,0.8888,7,2.25,0.8928,215,0
SPY190809P291,2019-08-08,2019-08-08 09:34:30,2.28,0.9047,21,2.24,0.8888,20,2.24,0.8888,7,2.26,0.8968,215,0
SPY190809P291,2019-08-08,2019-08-08 09:34:31,2.27,0.9007,81,2.24,0.8888,28,2.24,0.8888,7,2.255,0.8948,215,0
SPY190809P291,2019-08-08,2019-08-08 09:34:31,2.27,0.9007,81,2.24,0.8888,20,2.24,0.8888,7,2.255,0.8948,215,0
SPY190809P291,2019-08-08,2019-08-08 09:34:32,2.27,0.9007,107,2.24,0.8888,10,2.24,0.8888,7,2.255,0.8948,215,0
SPY190809P291,2019-08-08,2019-08-08 09:34:32,2.26,0.8968,5,2.21,0.8769,186,2.24,0.8888,7,2.235,0.8869,215,0
SPY190809P291,2019-08-08,2019-08-08 09:34:33,2.28,0.9047,100,2.2,0.873,20,2.24,0.8888,7,2.24,0.8888,215,0
SPY190809P291,2019-08-08,2019-08-08 09:34:33,2.26,0.8968,16,2.2,0.873,5,2.24,0.8888,7,2.23,0.8849,215,0
SPY190809P291,2019-08-08,2019-08-08 09:34:34,2.25,0.8928,86,2.21,0.8769,68,2.24,0.8888,7,2.23,0.8849,215,0
SPY190809P291,2019-08-08,2019-08-08 09:34:34,2.26,0.8968,112,2.21,0.8769,40,2.24,0.8888,7,2.235,0.8869,215,0
SPY190809P291,2019-08-08,2019-08-08 09:34:35,2.25,0.8928,46,2.21,0.8769,78,2.24,0.8888,7,2.23,0.8849,215,0
SPY190809P291,2019-08-08,2019-08-08 09:34:35,2.25,0.8928,88,2.2,0.873,100,2.24,0.8888,7,2.225,0.8829,215,0
SPY190809P291,2019-08-08,2019-08-08 09:34:36,2.25,0.8928,88,2.21,0.8769,70,2.24,0.8888,7,2.23,0.8849,215,0
SPY190809P291,2019-08-08,2019-08-08 09:34:36,2.25,0.8928,16,2.21,0.8769,70,2.24,0.8888,7,2.23,0.8849,215,0
SPY190809P291,2019-08-08,2019-08-08 09:34:37,2.26,0.8968,78,2.21,0.8769,100,2.24,0.8888,7,2.235,0.8869,215,0
SPY190809P291,2019-08-08,2019-08-08 09:34:37,2.26,0.8968,12,2.23,0.8849,10,2.24,0.8888,7,2.245,0.8908,215,0
SPY190809P291,2019-08-08,2019-08-08 09:34:38,2.24,0.8888,83,2.2,0.873,120,2.24,0.8888,7,2.22,0.8809,215,0
SPY190809P291,2019-08-08,2019-08-08 09:34:38,2.25,0.8928,111,2.23,0.8849,1,2.24,0.8888,7,2.24,0.8888,215,0
SPY190809P291,2019-08-08,2019-08-08 09:34:39,2.26,0.8968,195,2.2,0.873,120,2.24,0.8888,7,2.23,0.8849,215,0
SPY190809P291,2019-08-08,2019-08-08 09:34:39,2.25,0.8928,5,2.2,0.873,20,2.24,0.8888,7,2.225,0.8829,215,0
SPY190809P291,2019-08-08,2019-08-08 09:34:40,2.26,0.8968,16,2.2,0.873,20,2.24,0.8888,7,2.23,0.8849,215,0
SPY190809P291,2019-08-08,2019-08-08 09:34:40,2.24,0.8888,12,2.21,0.8769,20,2.24,0.8888,7,2.225,0.8829,215,0
SPY190809P291,2019-08-08,2019-08-08 09:34:41,2.27,0.9007,100,2.23,0.8849,16,2.24,0.8888,7,2.25,0.8928,215,0
SPY190809P291,2019-08-08,2019-08-08 09:34:41,2.27,0.9007,112,2.23,0.8849,25,2.24,0.8888,7,2.25,0.8928,215,0
SPY190809P291,2019-08-08,2019-08-08 09:34:42,2.31,0.9166,100,2.23,0.8849,100,2.24,0.8888,7,2.27,0.9007,215,0
SPY190809P291,2019-08-08,2019-08-08 09:34:42,2.28,0.9047,79,2.24,0.8888,105,2.24,0.8888,7,2.26,0.8968,215,0
SPY190809P291,2019-08-08,2019-08-08 09:34:43,2.28,0.9047,79,2.24,0.8888,110,2.24,0.8888,7,2.26,0.8968,215,0
SPY190809P291,2019-08-08,2019-08-08 09:34:43,2.28,0.9047,79,2.25,0.8928,6,2.24,0.8888,7,2.265,0.8988,215,0
SPY190809P291,2019-08-08,2019-08-08 09:34:44,2.29,0.9087,109,2.25,0.8928,6,2.24,0.8888,7,2.27,0.9007,215,0
SPY190809P291,2019-08-08,2019-08-08 09:34:44,2.28,0.9047,94,2.24,0.8888,46,2.24,0.8888,7,2.26,0.8968,215,0
SPY190809P291,2019-08-08,2019-08-08 09:34:45,2.27,0.9007,187,2.23,0.8849,1,2.24,0.8888,7,2.25,0.8928,215,0
SPY190809P291,2019-08-08,2019-08-08 09:34:45,2.27,0.9007,111,2.23,0.8849,1,2.24,0.8888,7,2.25,0.8928,215,0
SPY190809P291,2019-08-08,2019-08-08 09:34:46,2.26,0.8968,112,2.21,0.8769,100,2.24,0.8888,7,2.235,0.8869,215,0
SPY190809P291,2019-08-08,2019-08-08 09:34:46,2.26,0.8968,70,2.22,0.8809,20,2.24,0.8888,7,2.24,0.8888,215,0
SPY190809P291,2019-08-08,2019-08-08 09:34:47,2.28,0.9047,193,2.22,0.8809,93,2.24,0.8888,7,2.25,0.8928,215,0
SPY190809P291,2019-08-08,2019-08-08 09:34:47,2.26,0.8968,74,2.23,0.8849,40,2.24,0.8888,7,2.245,0.8908,215,0
SPY190809P291,2019-08-08,2019-08-08 09:34:48,2.28,0.9047,100,2.23,0.8849,134,2.24,0.8888,7,2.255,0.8948,215,0
SPY190809P291,2019-08-08,2019-08-08 09:34:48,2.27,0.9007,112,2.23,0.8849,20,2.24,0.8888,7,2.25,0.8928,215,0
SPY190809P291,2019-08-08,2019-08-08 09:34:49,2.31,0.9166,197,2.24,0.8888,206,2.24,0.8888,7,2.275,0.9027,215,0
SPY190809P291,2019-08-08,2019-08-08 09:34:50,2.33,0.9246,33,2.26,0.8968,100,2.24,0.8888,7,2.295,0.9107,215,0
SPY190809P291,2019-08-08,2019-08-08 09:34:50,2.29,0.9087,112,2.25,0.8928,104,2.24,0.8888,7,2.27,0.9007,215,0
SPY190809P291,2019-08-08,2019-08-08 09:34:51,2.32,0.9206,110,2.26,0.8968,100,2.24,0.8888,7,2.29,0.9087,215,0
SPY190809P291,2019-08-08,2019-08-08 09:34:51,2.33,0.9246,86,2.28,0.9047,220,2.24,0.8888,7,2.305,0.9146,215,0
SPY190809P291,2019-08-08,2019-08-08 09:34:52,2.34,0.9285,5,2.29,0.9087,73,2.24,0.8888,7,2.315,0.9186,215,0
SPY190809P291,2019-08-08,2019-08-08 09:34:52,2.34,0.9285,43,2.29,0.9087,112,2.24,0.8888,7,2.315,0.9186,215,0
SPY190809P291,2019-08-08,2019-08-08 09:34:53,2.36,0.9365,55,2.31,0.9166,110,2.24,0.8888,7,2.335,0.9265,215,0
SPY190809P291,2019-08-08,2019-08-08 09:34:53,2.35,0.9325,49,2.31,0.9166,30,2.24,0.8888,7,2.33,0.9246,215,0
SPY190809P291,2019-08-08,2019-08-08 09:34:54,2.37,0.9404,50,2.33,0.9246,20,2.24,0.8888,7,2.35,0.9325,215,0
SPY190809P291,2019-08-08,2019-08-08 09:34:54,2.36,0.9365,10,2.33,0.9246,13,2.24,0.8888,7,2.345,0.9305,215,0
SPY190809P291,2019-08-08,2019-08-08 09:34:55,2.4,0.9523,5,2.34,0.9285,102,2.24,0.8888,7,2.37,0.9404,215,0
SPY190809P291,2019-08-08,2019-08-08 09:34:55,2.4,0.9523,82,2.34,0.9285,102,2.24,0.8888,7,2.37,0.9404,215,0
SPY190809P291,2019-08-08,2019-08-08 09:34:56,2.4,0.9523,79,2.35,0.9325,100,2.24,0.8888,7,2.375,0.9424,215,0
SPY190809P291,2019-08-08,2019-08-08 09:34:56,2.39,0.9484,5,2.34,0.9285,100,2.24,0.8888,7,2.365,0.9384,215,0
SPY190809P291,2019-08-08,2019-08-08 09:34:57,2.4,0.9523,5,2.36,0.9365,110,2.24,0.8888,7,2.38,0.9444,215,0
SPY190809P291,2019-08-08,2019-08-08 09:34:57,2.4,0.9523,45,2.36,0.9365,20,2.24,0.8888,7,2.38,0.9444,215,0
SPY190809P291,2019-08-08,2019-08-08 09:34:58,2.43,0.9642,179,2.37,0.9404,10,2.24,0.8888,7,2.4,0.9523,215,0
SPY190809P291,2019-08-08,2019-08-08 09:34:58,2.43,0.9642,33,2.38,0.9444,120,2.24,0.8888,7,2.405,0.9543,215,0
SPY190809P291,2019-08-08,2019-08-08 09:34:59,2.42,0.9603,5,2.39,0.9484,9,2.24,0.8888,7,2.405,0.9543,215,0
SPY190809P291,2019-08-08,2019-08-08 09:34:59,2.42,0.9603,5,2.38,0.9444,119,2.24,0.8888,7,2.4,0.9523,215,0
SPY190809P291,2019-08-08,2019-08-08 09:35:00,2.43,0.9642,5,2.39,0.9484,119,2.24,0.8888,7,2.41,0.9563,215,0
SPY190809P291,2019-08-08,2019-08-08 09:35:00,2.44,0.9682,44,2.4,0.9523,117,2.24,0.8888,7,2.42,0.9603,215,0
SPY190809P291,2019-08-08,2019-08-08 09:35:01,2.43,0.9642,179,2.36,0.9365,182,2.24,0.8888,7,2.395,0.9503,215,0
SPY190809P291,2019-08-08,2019-08-08 09:35:01,2.45,0.9722,100,2.38,0.9444,20,2.24,0.8888,7,2.415,0.9583,215,0
SPY190809P291,2019-08-08,2019-08-08 09:35:02,2.43,0.9642,179,2.37,0.9404,10,2.24,0.8888,7,2.4,0.9523,215,0
SPY190809P291,2019-08-08,2019-08-08 09:35:02,2.42,0.9603,198,2.36,0.9365,182,2.24,0.8888,7,2.39,0.9484,215,0
SPY190809P291,2019-08-08,2019-08-08 09:35:03,2.41,0.9563,5,2.35,0.9325,182,2.24,0.8888,7,2.38,0.9444,215,0
SPY190809P291,2019-08-08,2019-08-08 09:35:03,2.43,0.9642,179,2.37,0.9404,10,2.24,0.8888,7,2.4,0.9523,215,0
SPY190809P291,2019-08-08,2019-08-08 09:35:04,2.43,0.9642,43,2.39,0.9484,100,2.24,0.8888,7,2.41,0.9563,215,0
SPY190809P291,2019-08-08,2019-08-08 09:35:04,2.42,0.9603,87,2.37,0.9404,115,2.24,0.8888,7,2.395,0.9503,215,0
SPY190809P291,2019-08-08,2019-08-08 09:35:05,2.45,0.9722,188,2.38,0.9444,120,2.24,0.8888,7,2.415,0.9583,215,0
SPY190809P291,2019-08-08,2019-08-08 09:35:05,2.45,0.9722,39,2.39,0.9484,110,2.24,0.8888,7,2.42,0.9603,215,0
SPY190809P291,2019-08-08,2019-08-08 09:35:06,2.44,0.9682,33,2.38,0.9444,120,2.24,0.8888,7,2.41,0.9563,215,0
SPY190809P291,2019-08-08,2019-08-08 09:35:06,2.45,0.9722,256,2.37,0.9404,182,2.24,0.8888,7,2.41,0.9563,215,0
SPY190809P291,2019-08-08,2019-08-08 09:35:07,2.46,0.9761,100,2.41,0.9563,54,2.24,0.8888,7,2.435,0.9662,215,0
SPY190809P291,2019-08-08,2019-08-08 09:35:07,2.44,0.9682,33,2.39,0.9484,76,2.24,0.8888,7,2.415,0.9583,215,0
SPY190809P291,2019-08-08,2019-08-08 09:35:08,2.44,0.9682,5,2.38,0.9444,177,2.24,0.8888,7,2.41,0.9563,215,0
SPY190809P291,2019-08-08,2019-08-08 09:35:08,2.43,0.9642,5,2.38,0.9444,110,2.24,0.8888,7,2.405,0.9543,215,0
SPY190809P291,2019-08-08,2019-08-08 09:35:09,2.44,0.9682,100,2.36,0.9365,100,2.24,0.8888,7,2.4,0.9523,215,0
SPY190809P291,2019-08-08,2019-08-08 09:35:09,2.43,0.9642,198,2.37,0.9404,1,2.24,0.8888,7,2.4,0.9523,215,0
SPY190809P291,2019-08-08,2019-08-08 09:35:10,2.41,0.9563,33,2.35,0.9325,129,2.24,0.8888,7,2.38,0.9444,215,0
SPY190809P291,2019-08-08,2019-08-08 09:35:10,2.41,0.9563,33,2.35,0.9325,100,2.24,0.8888,7,2.38,0.9444,215,0
SPY190809P291,2019-08-08,2019-08-08 09:35:11,2.41,0.9563,100,2.35,0.9325,82,2.24,0.8888,7,2.38,0.9444,215,0
SPY190809P291,2019-08-08,2019-08-08 09:35:12,2.42,0.9603,3,2.37,0.9404,170,2.24,0.8888,7,2.395,0.9503,215,0
SPY190809P291,2019-08-08,2019-08-08 09:35:12,2.43,0.9642,82,2.37,0.9404,170,2.24,0.8888,7,2.4,0.9523,215,0
SPY190809P291,2019-08-08,2019-08-08 09:35:13,2.49,0.988,10,2.38,0.9444,16,2.24,0.8888,7,2.435,0.9662,215,0
SPY190809P291,2019-08-08,2019-08-08 09:35:13,2.46,0.9761,5,2.41,0.9563,182,2.24,0.8888,7,2.435,0.9662,215,0
SPY190809P291,2019-08-08,2019-08-08 09:35:14,2.48,0.9841,114,2.41,0.9563,105,2.24,0.8888,7,2.445,0.9702,215,0
SPY190809P291,2019-08-08,2019-08-08 09:35:14,2.49,0.988,5,2.43,0.9642,100,2.24,0.8888,7,2.46,0.9761,215,0
SPY190809P291,2019-08-08,2019-08-08 09:35:15,2.49,0.988,82,2.42,0.9603,192,2.24,0.8888,7,2.455,0.9742,215,0
SPY190809P291,2019-08-08,2019-08-08 09:35:15,2.49,0.988,99,2.43,0.9642,5,2.24,0.8888,7,2.46,0.9761,215,0
SPY190809P291,2019-08-08,2019-08-08 09:35:16,2.49,0.988,5,2.44,0.9682,153,2.24,0.8888,7,2.465,0.9781,215,0
SPY190809P291,2019-08-08,2019-08-08 09:35:16,2.48,0.9841,57,2.45,0.9722,20,2.24,0.8888,7,2.465,0.9781,215,0
SPY190809P291,2019-08-08,2019-08-08 09:35:17,2.49,0.988,82,2.44,0.9682,192,2.24,0.8888,7,2.465,0.9781,215,0
SPY190809P291,2019-08-08,2019-08-08 09:35:17,2.49,0.988,5,2.44,0.9682,192,2.24,0.8888,7,2.465,0.9781,215,0
SPY190809P291,2019-08-08,2019-08-08 09:35:18,2.49,0.988,32,2.45,0.9722,3,2.24,0.8888,7,2.47,0.9801,215,0
SPY190809P291,2019-08-08,2019-08-08 09:35:18,2.49,0.988,32,2.44,0.9682,192,2.24,0.8888,7,2.465,0.9781,215,0
SPY190809P291,2019-08-08,2019-08-08 09:35:19,2.5,0.992,52,2.46,0.9761,156,2.24,0.8888,7,2.48,0.9841,215,0
SPY190809P291,2019-08-08,2019-08-08 09:35:19,2.51,0.996,50,2.47,0.9801,100,2.24,0.8888,7,2.49,0.988,215,0
SPY190809P291,2019-08-08,2019-08-08 09:35:20,2.51,0.996,5,2.47,0.9801,20,2.24,0.8888,7,2.49,0.988,215,0
SPY190809P291,2019-08-08,2019-08-08 09:35:20,2.51,0.996,100,2.47,0.9801,27,2.24,0.8888,7,2.49,0.988,215,0
SPY190809P291,2019-08-08,2019-08-08 09:35:21,2.52,1.0,100,2.47,0.9801,20,2.24,0.8888,7,2.495,0.99,215,0
SPY190809P291,2019-08-08,2019-08-08 09:35:21,2.5,0.992,177,2.45,0.9722,60,2.24,0.8888,7,2.475,0.9821,215,0
SPY190809P291,2019-08-08,2019-08-08 09:35:22,2.49,0.988,4,2.43,0.9642,192,2.24,0.8888,7,2.46,0.9761,215,0
SPY190809P291,2019-08-08,2019-08-08 09:35:22,2.47,0.9801,100,2.41,0.9563,100,2.24,0.8888,7,2.44,0.9682,215,0
SPY190809P291,2019-08-08,2019-08-08 09:35:23,2.44,0.9682,22,2.38,0.9444,131,2.24,0.8888,7,2.41,0.9563,215,0
SPY190809P291,2019-08-08,2019-08-08 09:35:23,2.45,0.9722,22,2.4,0.9523,100,2.24,0.8888,7,2.425,0.9623,215,0
SPY190809P291,2019-08-08,2019-08-08 09:35:24,2.43,0.9642,198,2.37,0.9404,115,2.24,0.8888,7,2.4,0.9523,215,0
SPY190809P291,2019-08-08,2019-08-08 09:35:24,2.43,0.9642,33,2.38,0.9444,73,2.24,0.8888,7,2.405,0.9543,215,0
SPY190809P291,2019-08-08,2019-08-08 09:35:25,2.43,0.9642,198,2.37,0.9404,20,2.24,0.8888,7,2.4,0.9523,215,0
SPY190809P291,2019-08-08,2019-08-08 09:35:25,2.43,0.9642,100,2.36,0.9365,100,2.24,0.8888,7,2.395,0.9503,215,0
SPY190809P291,2019-08-08,2019-08-08 09:35:26,2.45,0.9722,100,2.35,0.9325,83,2.24,0.8888,7,2.4,0.9523,215,0
SPY190809P291,2019-08-08,2019-08-08 09:35:26,2.41,0.9563,100,2.35,0.9325,10,2.24,0.8888,7,2.38,0.9444,215,0
SPY190809P291,2019-08-08,2019-08-08 09:35:27,2.4,0.9523,33,2.35,0.9325,10,2.24,0.8888,7,2.375,0.9424,215,0
SPY190809P291,2019-08-08,2019-08-08 09:35:27,2.41,0.9563,198,2.36,0.9365,78,2.24,0.8888,7,2.385,0.9464,215,0
SPY190809P291,2019-08-08,2019-08-08 09:35:28,2.4,0.9523,33,2.33,0.9246,182,2.24,0.8888,7,2.365,0.9384,215,0
SPY190809P291,2019-08-08,2019-08-08 09:35:28,2.4,0.9523,121,2.34,0.9285,110,2.24,0.8888,7,2.37,0.9404,215,0
SPY190809P291,2019-08-08,2019-08-08 09:35:29,2.39,0.9484,113,2.35,0.9325,20,2.24,0.8888,7,2.37,0.9404,215,0
SPY190809P291,2019-08-08,2019-08-08 09:35:30,2.42,0.9603,5,2.36,0.9365,120,2.24,0.8888,7,2.39,0.9484,215,0
SPY190809P291,2019-08-08,2019-08-08 09:35:30,2.41,0.9563,24,2.36,0.9365,202,2.24,0.8888,7,2.385,0.9464,215,0
SPY190809P291,2019-08-08,2019-08-08 09:35:31,2.41,0.9563,109,2.37,0.9404,18,2.24,0.8888,7,2.39,0.9484,215,0
SPY190809P291,2019-08-08,2019-08-08 09:35:31,2.41,0.9563,109,2.38,0.9444,40,2.24,0.8888,7,2.395,0.9503,215,0
SPY190809P291,2019-08-08,2019-08-08 09:35:32,2.4,0.9523,5,2.35,0.9325,10,2.24,0.8888,7,2.375,0.9424,215,0
SPY190809P291,2019-08-08,2019-08-08 09:35:32,2.41,0.9563,101,2.37,0.9404,18,2.24,0.8888,7,2.39,0.9484,215,0
SPY190809P291,2019-08-08,2019-08-08 09:35:33,2.39,0.9484,72,2.35,0.9325,24,2.24,0.8888,7,2.37,0.9404,215,0
SPY190809P291,2019-08-08,2019-08-08 09:35:34,2.38,0.9444,1,2.35,0.9325,1,2.24,0.8888,7,2.365,0.9384,215,0
SPY190809P291,2019-08-08,2019-08-08 09:35:34,2.35,0.9325,1,2.33,0.9246,189,2.24,0.8888,7,2.34,0.9285,215,0
SPY190809P291,2019-08-08,2019-08-08 09:35:35,2.37,0.9404,50,2.34,0.9285,6,2.24,0.8888,7,2.355,0.9345,215,0
SPY190809P291,2019-08-08,2019-08-08 09:35:35,2.36,0.9365,1,2.35,0.9325,2,2.24,0.8888,7,2.355,0.9345,215,0
SPY190809P291,2019-08-08,2019-08-08 09:35:36,2.37,0.9404,102,2.33,0.9246,186,2.24,0.8888,7,2.35,0.9325,215,0
SPY190809P291,2019-08-08,2019-08-08 09:35:36,2.37,0.9404,98,2.33,0.9246,8,2.24,0.8888,7,2.35,0.9325,215,0
SPY190809P291,2019-08-08,2019-08-08 09:35:37,2.37,0.9404,5,2.35,0.9325,16,2.24,0.8888,7,2.36,0.9365,215,0
SPY190809P291,2019-08-08,2019-08-08 09:35:37,2.37,0.9404,122,2.31,0.9166,100,2.24,0.8888,7,2.34,0.9285,215,0
SPY190809P291,2019-08-08,2019-08-08 09:35:38,2.35,0.9325,10,2.31,0.9166,126,2.24,0.8888,7,2.33,0.9246,215,0
SPY190809P291,2019-08-08,2019-08-08 09:35:38,2.36,0.9365,109,2.31,0.9166,109,2.24,0.8888,7,2.335,0.9265,215,0
SPY190809P291,2019-08-08,2019-08-08 09:35:39,2.36,0.9365,109,2.3,0.9126,194,2.24,0.8888,7,2.33,0.9246,215,0
SPY190809P291,2019-08-08,2019-08-08 09:35:39,2.35,0.9325,98,2.3,0.9126,184,2.24,0.8888,7,2.325,0.9226,215,0
SPY190809P291,2019-08-08,2019-08-08 09:35:40,2.34,0.9285,93,2.3,0.9126,44,2.24,0.8888,7,2.32,0.9206,215,0
SPY190809P291,2019-08-08,2019-08-08 09:35:40,2.34,0.9285,101,2.3,0.9126,16,2.24,0.8888,7,2.32,0.9206,215,0
SPY190809P291,2019-08-08,2019-08-08 09:35:41,2.33,0.9246,120,2.28,0.9047,9,2.24,0.8888,7,2.305,0.9146,215,0
SPY190809P291,2019-08-08,2019-08-08 09:35:41,2.41,0.9563,154,2.3,0.9126,20,2.24,0.8888,7,2.355,0.9345,215,0
SPY190809P291,2019-08-08,2019-08-08 09:35:42,2.31,0.9166,120,2.26,0.8968,119,2.24,0.8888,7,2.285,0.9067,215,0
SPY190809P291,2019-08-08,2019-08-08 09:35:42,2.32,0.9206,120,2.27,0.9007,104,2.24,0.8888,7,2.295,0.9107,215,0
SPY190809P291,2019-08-08,2019-08-08 09:35:43,2.3,0.9126,40,2.26,0.8968,118,2.24,0.8888,7,2.28,0.9047,215,0
SPY190809P291,2019-08-08,2019-08-08 09:35:43,2.31,0.9166,19,2.26,0.8968,56,2.24,0.8888,7,2.285,0.9067,215,0
SPY190809P291,2019-08-08,2019-08-08 09:35:44,2.31,0.9166,120,2.27,0.9007,16,2.24,0.8888,7,2.29,0.9087,215,0
SPY190809P291,2019-08-08,2019-08-08 09:35:45,2.29,0.9087,24,2.24,0.8888,20,2.24,0.8888,7,2.265,0.8988,215,0
SPY190809P291,2019-08-08,2019-08-08 09:35:45,2.29,0.9087,104,2.24,0.8888,87,2.24,0.8888,7,2.265,0.8988,215,0
SPY190809P291,2019-08-08,2019-08-08 09:35:46,2.27,0.9007,22,2.25,0.8928,3,2.24,0.8888,7,2.26,0.8968,215,0
SPY190809P291,2019-08-08,2019-08-08 09:35:46,2.28,0.9047,102,2.23,0.8849,61,2.24,0.8888,7,2.255,0.8948,215,0
SPY190809P291,2019-08-08,2019-08-08 09:35:47,2.28,0.9047,102,2.22,0.8809,117,2.24,0.8888,7,2.25,0.8928,215,0
SPY190809P291,2019-08-08,2019-08-08 09:35:47,2.31,0.9166,194,2.25,0.8928,46,2.24,0.8888,7,2.28,0.9047,215,0
SPY190809P291,2019-08-08,2019-08-08 09:35:48,2.31,0.9166,203,2.24,0.8888,193,2.24,0.8888,7,2.275,0.9027,215,0
SPY190809P291,2019-08-08,2019-08-08 09:35:48,2.3,0.9126,84,2.23,0.8849,100,2.24,0.8888,7,2.265,0.8988,215,0
SPY190809P291,2019-08-08,2019-08-08 09:35:49,2.3,0.9126,119,2.25,0.8928,20,2.24,0.8888,7,2.275,0.9027,215,0
SPY190809P291,2019-08-08,2019-08-08 09:35:49,2.28,0.9047,62,2.23,0.8849,179,2.26,0.8968,30,2.255,0.8948,245,30
SPY190809P291,2019-08-08,2019-08-08 09:35:50,2.27,0.9007,27,2.23,0.8849,197,2.26,0.8968,30,2.25,0.8928,245,0
SPY190809P291,2019-08-08,2019-08-08 09:35:50,2.26,0.8968,20,2.24,0.8888,3,2.26,0.8968,30,2.25,0.8928,245,0
SPY190809P291,2019-08-08,2019-08-08 09:35:51,2.28,0.9047,119,2.24,0.8888,18,2.26,0.8968,8,2.26,0.8968,253,8
SPY190809P291,2019-08-08,2019-08-08 09:35:52,2.28,0.9047,119,2.23,0.8849,139,2.26,0.8968,8,2.255,0.8948,253,0
SPY190809P291,2019-08-08,2019-08-08 09:35:52,2.3,0.9126,259,2.23,0.8849,193,2.26,0.8968,8,2.265,0.8988,253,0
SPY190809P291,2019-08-08,2019-08-08 09:35:53,2.28,0.9047,20,2.23,0.8849,61,2.26,0.8968,8,2.255,0.8948,253,0
SPY190809P291,2019-08-08,2019-08-08 09:35:53,2.27,0.9007,113,2.22,0.8809,127,2.26,0.8968,8,2.245,0.8908,253,0
SPY190809P291,2019-08-08,2019-08-08 09:35:54,2.25,0.8928,15,2.23,0.8849,1,2.26,0.8968,8,2.24,0.8888,253,0
SPY190809P291,2019-08-08,2019-08-08 09:35:54,2.25,0.8928,18,2.23,0.8849,3,2.26,0.8968,8,2.24,0.8888,253,0
SPY190809P291,2019-08-08,2019-08-08 09:35:55,2.27,0.9007,154,2.23,0.8849,1,2.26,0.8968,8,2.25,0.8928,253,0
SPY190809P291,2019-08-08,2019-08-08 09:35:55,2.27,0.9007,121,2.22,0.8809,86,2.26,0.8968,8,2.245,0.8908,253,0
SPY190809P291,2019-08-08,2019-08-08 09:35:56,2.26,0.8968,120,2.22,0.8809,65,2.26,0.8968,8,2.24,0.8888,253,0
SPY190809P291,2019-08-08,2019-08-08 09:35:56,2.24,0.8888,23,2.22,0.8809,3,2.26,0.8968,8,2.23,0.8849,253,0
SPY190809P291,2019-08-08,2019-08-08 09:35:57,2.26,0.8968,140,2.22,0.8809,63,2.26,0.8968,8,2.24,0.8888,253,0
SPY190809P291,2019-08-08,2019-08-08 09:35:57,2.27,0.9007,50,2.23,0.8849,81,2.26,0.8968,8,2.25,0.8928,253,0
SPY190809P291,2019-08-08,2019-08-08 09:35:58,2.27,0.9007,51,2.24,0.8888,3,2.26,0.8968,8,2.255,0.8948,253,0
SPY190809P291,2019-08-08,2019-08-08 09:35:58,2.27,0.9007,79,2.23,0.8849,81,2.26,0.8968,8,2.25,0.8928,253,0
SPY190809P291,2019-08-08,2019-08-08 09:35:59,2.27,0.9007,5,2.22,0.8809,5,2.26,0.8968,8,2.245,0.8908,253,0
SPY190809P291,2019-08-08,2019-08-08 09:35:59,2.27,0.9007,120,2.22,0.8809,1,2.26,0.8968,8,2.245,0.8908,253,0
SPY190809P291,2019-08-08,2019-08-08 09:36:00,2.27,0.9007,5,2.22,0.8809,187,2.26,0.8968,8,2.245,0.8908,253,0
SPY190809P291,2019-08-08,2019-08-08 09:36:00,2.28,0.9047,86,2.23,0.8849,197,2.26,0.8968,8,2.255,0.8948,253,0
SPY190809P291,2019-08-08,2019-08-08 09:36:01,2.27,0.9007,20,2.24,0.8888,3,2.26,0.8968,8,2.255,0.8948,253,0
SPY190809P291,2019-08-08,2019-08-08 09:36:01,2.27,0.9007,20,2.25,0.8928,1,2.26,0.8968,8,2.26,0.8968,253,0
SPY190809P291,2019-08-08,2019-08-08 09:36:02,2.28,0.9047,100,2.25,0.8928,3,2.26,0.8968,8,2.265,0.8988,253,0
SPY190809P291,2019-08-08,2019-08-08 09:36:02,2.27,0.9007,6,2.23,0.8849,207,2.26,0.8968,8,2.25,0.8928,253,0
SPY190809P291,2019-08-08,2019-08-08 09:36:03,2.27,0.9007,1,2.26,0.8968,21,2.26,0.8968,8,2.265,0.8988,253,0
SPY190809P291,2019-08-08,2019-08-08 09:36:03,2.27,0.9007,6,2.23,0.8849,207,2.26,0.8968,8,2.25,0.8928,253,0
SPY190809P291,2019-08-08,2019-08-08 09:36:04,2.27,0.9007,20,2.26,0.8968,21,2.26,0.8968,8,2.265,0.8988,253,0
SPY190809P291,2019-08-08,2019-08-08 09:36:05,2.27,0.9007,36,2.25,0.8928,21,2.26,0.8968,8,2.26,0.8968,253,0
SPY190809P291,2019-08-08,2019-08-08 09:36:05,2.27,0.9007,20,2.26,0.8968,1,2.26,0.8968,8,2.265,0.8988,253,0
SPY190809P291,2019-08-08,2019-08-08 09:36:06,2.27,0.9007,200,2.23,0.8849,29,2.26,0.8968,8,2.25,0.8928,253,0
SPY190809P291,2019-08-08,2019-08-08 09:36:06,2.27,0.9007,5,2.22,0.8809,106,2.26,0.8968,8,2.245,0.8908,253,0
SPY190809P291,2019-08-08,2019-08-08 09:36:07,2.25,0.8928,95,2.21,0.8769,58,2.26,0.8968,8,2.23,0.8849,253,0
SPY190809P291,2019-08-08,2019-08-08 09:36:07,2.26,0.8968,95,2.23,0.8849,39,2.26,0.8968,8,2.245,0.8908,253,0
SPY190809P291,2019-08-08,2019-08-08 09:36:08,2.25,0.8928,86,2.2,0.873,5,2.26,0.8968,8,2.225,0.8829,253,0
SPY190809P291,2019-08-08,2019-08-08 09:36:08,2.25,0.8928,95,2.21,0.8769,58,2.26,0.8968,8,2.23,0.8849,253,0
SPY190809P291,2019-08-08,2019-08-08 09:36:09,2.24,0.8888,22,2.21,0.8769,21,2.26,0.8968,8,2.225,0.8829,253,0
SPY190809P291,2019-08-08,2019-08-08 09:36:09,2.25,0.8928,194,2.21,0.8769,65,2.26,0.8968,8,2.23,0.8849,253,0
SPY190809P291,2019-08-08,2019-08-08 09:36:10,2.24,0.8888,10,2.2,0.873,108,2.26,0.8968,8,2.22,0.8809,253,0
SPY190809P291,2019-08-08,2019-08-08 09:36:10,2.26,0.8968,33,2.2,0.873,33,2.26,0.8968,8,2.23,0.8849,253,0
SPY190809P291,2019-08-08,2019-08-08 09:36:11,2.26,0.8968,33,2.2,0.873,5,2.26,0.8968,8,2.23,0.8849,253,0
SPY190809P291,2019-08-08,2019-08-08 09:36:11,2.26,0.8968,204,2.21,0.8769,96,2.26,0.8968,8,2.235,0.8869,253,0
SPY190809P291,2019-08-08,2019-08-08 09:36:12,2.25,0.8928,127,2.2,0.873,123,2.26,0.8968,8,2.225,0.8829,253,0
SPY190809P291,2019-08-08,2019-08-08 09:36:12,2.25,0.8928,100,2.18,0.865,121,2.26,0.8968,8,2.215,0.8789,253,0
SPY190809P291,2019-08-08,2019-08-08 09:36:13,2.22,0.8809,20,2.18,0.865,204,2.26,0.8968,8,2.2,0.873,253,0
SPY190809P291,2019-08-08,2019-08-08 09:36:13,2.23,0.8849,67,2.19,0.869,122,2.26,0.8968,8,2.21,0.8769,253,0
SPY190809P291,2019-08-08,2019-08-08 09:36:14,2.22,0.8809,13,2.21,0.8769,1,2.26,0.8968,8,2.215,0.8789,253,0
SPY190809P291,2019-08-08,2019-08-08 09:36:14,2.23,0.8849,67,2.2,0.873,8,2.26,0.8968,8,2.215,0.8789,253,0
SPY190809P291,2019-08-08,2019-08-08 09:36:15,2.22,0.8809,20,2.2,0.873,58,2.26,0.8968,8,2.21,0.8769,253,0
SPY190809P291,2019-08-08,2019-08-08 09:36:15,2.23,0.8849,10,2.2,0.873,73,2.26,0.8968,8,2.215,0.8789,253,0
SPY190809P291,2019-08-08,2019-08-08 09:36:16,2.23,0.8849,10,2.2,0.873,86,2.26,0.8968,8,2.215,0.8789,253,0
SPY190809P291,2019-08-08,2019-08-08 09:36:16,2.23,0.8849,10,2.21,0.8769,3,2.26,0.8968,8,2.22,0.8809,253,0
SPY190809P291,2019-08-08,2019-08-08 09:36:17,2.24,0.8888,56,2.2,0.873,90,2.26,0.8968,8,2.22,0.8809,253,0
SPY190809P291,2019-08-08,2019-08-08 09:36:17,2.25,0.8928,194,2.2,0.873,99,2.26,0.8968,8,2.225,0.8829,253,0
SPY190809P291,2019-08-08,2019-08-08 09:36:18,2.23,0.8849,186,2.17,0.8611,81,2.26,0.8968,8,2.2,0.873,253,0
SPY190809P291,2019-08-08,2019-08-08 09:36:18,2.24,0.8888,199,2.19,0.869,50,2.26,0.8968,8,2.215,0.8789,253,0
SPY190809P291,2019-08-08,2019-08-08 09:36:19,2.21,0.8769,10,2.17,0.8611,111,2.26,0.8968,8,2.19,0.869,253,0
SPY190809P291,2019-08-08,2019-08-08 09:36:19,2.22,0.8809,127,2.17,0.8611,121,2.26,0.8968,8,2.195,0.871,253,0
SPY190809P291,2019-08-08,2019-08-08 09:36:20,2.21,0.8769,10,2.18,0.865,73,2.26,0.8968,8,2.195,0.871,253,0
SPY190809P291,2019-08-08,2019-08-08 09:36:20,2.21,0.8769,10,2.18,0.865,90,2.26,0.8968,8,2.195,0.871,253,0
SPY190809P291,2019-08-08,2019-08-08 09:36:21,2.2,0.873,21,2.18,0.865,69,2.26,0.8968,8,2.19,0.869,253,0
SPY190809P291,2019-08-08,2019-08-08 09:36:21,2.22,0.8809,105,2.19,0.869,3,2.26,0.8968,8,2.205,0.875,253,0
SPY190809P291,2019-08-08,2019-08-08 09:36:22,2.2,0.873,22,2.18,0.865,81,2.26,0.8968,8,2.19,0.869,253,0
SPY190809P291,2019-08-08,2019-08-08 09:36:22,2.22,0.8809,110,2.18,0.865,81,2.26,0.8968,8,2.2,0.873,253,0
SPY190809P291,2019-08-08,2019-08-08 09:36:23,2.21,0.8769,169,2.16,0.8571,121,2.26,0.8968,8,2.185,0.867,253,0
SPY190809P291,2019-08-08,2019-08-08 09:36:23,2.21,0.8769,119,2.16,0.8571,121,2.26,0.8968,8,2.185,0.867,253,0
SPY190809P291,2019-08-08,2019-08-08 09:36:24,2.19,0.869,20,2.16,0.8571,121,2.26,0.8968,8,2.175,0.863,253,0
SPY190809P291,2019-08-08,2019-08-08 09:36:24,2.19,0.869,22,2.17,0.8611,3,2.26,0.8968,8,2.18,0.865,253,0
SPY190809P291,2019-08-08,2019-08-08 09:36:25,2.21,0.8769,9,2.17,0.8611,121,2.26,0.8968,8,2.19,0.869,253,0
SPY190809P291,2019-08-08,2019-08-08 09:36:26,2.21,0.8769,9,2.18,0.865,98,2.26,0.8968,8,2.195,0.871,253,0
SPY190809P291,2019-08-08,2019-08-08 09:36:27,2.21,0.8769,128,2.16,0.8571,121,2.26,0.8968,8,2.185,0.867,253,0
SPY190809P291,2019-08-08,2019-08-08 09:36:27,2.21,0.8769,17,2.18,0.865,21,2.26,0.8968,8,2.195,0.871,253,0
SPY190809P291,2019-08-08,2019-08-08 09:36:28,2.2,0.873,22,2.16,0.8571,111,2.26,0.8968,8,2.18,0.865,253,0
SPY190809P291,2019-08-08,2019-08-08 09:36:28,2.2,0.873,95,2.16,0.8571,116,2.26,0.8968,8,2.18,0.865,253,0
SPY190809P291,2019-08-08,2019-08-08 09:36:29,2.18,0.865,1,2.17,0.8611,3,2.26,0.8968,8,2.175,0.863,253,0
SPY190809P291,2019-08-08,2019-08-08 09:36:29,2.2,0.873,23,2.16,0.8571,126,2.26,0.8968,8,2.18,0.865,253,0
SPY190809P291,2019-08-08,2019-08-08 09:36:30,2.18,0.865,21,2.17,0.8611,1,2.26,0.8968,8,2.175,0.863,253,0
SPY190809P291,2019-08-08,2019-08-08 09:36:30,2.18,0.865,21,2.17,0.8611,3,2.26,0.8968,8,2.175,0.863,253,0
SPY190809P291,2019-08-08,2019-08-08 09:36:31,2.18,0.865,21,2.17,0.8611,3,2.26,0.8968,8,2.175,0.863,253,0
SPY190809P291,2019-08-08,2019-08-08 09:36:31,2.2,0.873,93,2.16,0.8571,119,2.26,0.8968,8,2.18,0.865,253,0
SPY190809P291,2019-08-08,2019-08-08 09:36:32,2.2,0.873,69,2.17,0.8611,1,2.26,0.8968,8,2.185,0.867,253,0
SPY190809P291,2019-08-08,2019-08-08 09:36:32,2.2,0.873,38,2.16,0.8571,141,2.26,0.8968,8,2.18,0.865,253,0
SPY190809P291,2019-08-08,2019-08-08 09:36:33,2.2,0.873,85,2.16,0.8571,105,2.26,0.8968,8,2.18,0.865,253,0
SPY190809P291,2019-08-08,2019-08-08 09:36:33,2.2,0.873,90,2.16,0.8571,111,2.26,0.8968,8,2.18,0.865,253,0
SPY190809P291,2019-08-08,2019-08-08 09:36:34,2.21,0.8769,5,2.14,0.8492,181,2.26,0.8968,8,2.175,0.863,253,0
SPY190809P291,2019-08-08,2019-08-08 09:36:34,2.2,0.873,90,2.16,0.8571,105,2.26,0.8968,8,2.18,0.865,253,0
SPY190809P291,2019-08-08,2019-08-08 09:36:35,2.2,0.873,20,2.16,0.8571,121,2.26,0.8968,8,2.18,0.865,253,0
SPY190809P291,2019-08-08,2019-08-08 09:36:35,2.21,0.8769,20,2.16,0.8571,121,2.26,0.8968,8,2.185,0.867,253,0
SPY190809P291,2019-08-08,2019-08-08 09:36:36,2.22,0.8809,20,2.18,0.865,121,2.26,0.8968,8,2.2,0.873,253,0
SPY190809P291,2019-08-08,2019-08-08 09:36:36,2.21,0.8769,20,2.16,0.8571,181,2.26,0.8968,8,2.185,0.867,253,0
SPY190809P291,2019-08-08,2019-08-08 09:36:37,2.2,0.873,16,2.17,0.8611,121,2.26,0.8968,8,2.185,0.867,253,0
SPY190809P291,2019-08-08,2019-08-08 09:36:37,2.21,0.8769,33,2.19,0.869,3,2.26,0.8968,8,2.2,0.873,253,0
SPY190809P291,2019-08-08,2019-08-08 09:36:38,2.2,0.873,16,2.17,0.8611,121,2.26,0.8968,8,2.185,0.867,253,0
SPY190809P291,2019-08-08,2019-08-08 09:36:38,2.21,0.8769,77,2.17,0.8611,81,2.26,0.8968,8,2.19,0.869,253,0
SPY190809P291,2019-08-08,2019-08-08 09:36:39,2.2,0.873,8,2.17,0.8611,55,2.26,0.8968,8,2.185,0.867,253,0
SPY190809P291,2019-08-08,2019-08-08 09:36:39,2.21,0.8769,77,2.18,0.865,3,2.26,0.8968,8,2.195,0.871,253,0
SPY190809P291,2019-08-08,2019-08-08 09:36:40,2.2,0.873,8,2.16,0.8571,98,2.26,0.8968,8,2.18,0.865,253,0
SPY190809P291,2019-08-08,2019-08-08 09:36:40,2.2,0.873,16,2.16,0.8571,100,2.26,0.8968,8,2.18,0.865,253,0
SPY190809P291,2019-08-08,2019-08-08 09:36:41,2.2,0.873,20,2.18,0.865,11,2.26,0.8968,8,2.19,0.869,253,0
SPY190809P291,2019-08-08,2019-08-08 09:36:41,2.22,0.8809,70,2.17,0.8611,112,2.26,0.8968,8,2.195,0.871,253,0
SPY190809P291,2019-08-08,2019-08-08 09:36:42,2.21,0.8769,81,2.16,0.8571,181,2.26,0.8968,8,2.185,0.867,253,0
SPY190809P291,2019-08-08,2019-08-08 09:36:43,2.19,0.869,19,2.15,0.8531,197,2.26,0.8968,8,2.17,0.8611,253,0
SPY190809P291,2019-08-08,2019-08-08 09:36:44,2.19,0.869,22,2.17,0.8611,21,2.26,0.8968,8,2.18,0.865,253,0
SPY190809P291,2019-08-08,2019-08-08 09:36:44,2.19,0.869,10,2.16,0.8571,121,2.26,0.8968,8,2.175,0.863,253,0
SPY190809P291,2019-08-08,2019-08-08 09:36:45,2.2,0.873,54,2.16,0.8571,141,2.26,0.8968,8,2.18,0.865,253,0
SPY190809P291,2019-08-08,2019-08-08 09:36:45,2.2,0.873,62,2.16,0.8571,87,2.19,0.869,1,2.18,0.865,254,1
SPY190809P291,2019-08-08,2019-08-08 09:36:46,2.2,0.873,102,2.17,0.8611,3,2.19,0.869,1,2.185,0.867,254,0
SPY190809P291,2019-08-08,2019-08-08 09:36:47,2.18,0.865,16,2.17,0.8611,3,2.19,0.869,1,2.175,0.863,254,0
SPY190809P291,2019-08-08,2019-08-08 09:36:48,2.18,0.865,16,2.17,0.8611,3,2.19,0.869,1,2.175,0.863,254,0
SPY190809P291,2019-08-08,2019-08-08 09:36:48,2.2,0.873,106,2.16,0.8571,102,2.19,0.869,1,2.18,0.865,254,0
SPY190809P291,2019-08-08,2019-08-08 09:36:49,2.22,0.8809,164,2.18,0.865,17,2.19,0.869,1,2.2,0.873,254,0
SPY190809P291,2019-08-08,2019-08-08 09:36:50,2.21,0.8769,46,2.16,0.8571,33,2.19,0.869,1,2.185,0.867,254,0
SPY190809P291,2019-08-08,2019-08-08 09:36:50,2.21,0.8769,20,2.18,0.865,55,2.19,0.869,1,2.195,0.871,254,0
SPY190809P291,2019-08-08,2019-08-08 09:36:51,2.21,0.8769,5,2.16,0.8571,5,2.19,0.869,1,2.185,0.867,254,0
SPY190809P291,2019-08-08,2019-08-08 09:36:51,2.2,0.873,92,2.16,0.8571,111,2.19,0.869,1,2.18,0.865,254,0
SPY190809P291,2019-08-08,2019-08-08 09:36:52,2.2,0.873,88,2.17,0.8611,32,2.19,0.869,1,2.185,0.867,254,0
SPY190809P291,2019-08-08,2019-08-08 09:36:52,2.19,0.869,10,2.17,0.8611,23,2.19,0.869,1,2.18,0.865,254,0
SPY190809P291,2019-08-08,2019-08-08 09:36:53,2.2,0.873,67,2.17,0.8611,31,2.19,0.869,1,2.185,0.867,254,0
SPY190809P291,2019-08-08,2019-08-08 09:36:53,2.2,0.873,36,2.17,0.8611,41,2.19,0.869,1,2.185,0.867,254,0
SPY190809P291,2019-08-08,2019-08-08 09:36:54,2.19,0.869,20,2.17,0.8611,11,2.19,0.869,1,2.18,0.865,254,0
SPY190809P291,2019-08-08,2019-08-08 09:36:54,2.2,0.873,52,2.17,0.8611,25,2.19,0.869,1,2.185,0.867,254,0
SPY190809P291,2019-08-08,2019-08-08 09:36:55,2.2,0.873,52,2.17,0.8611,11,2.19,0.869,1,2.185,0.867,254,0
SPY190809P291,2019-08-08,2019-08-08 09:36:55,2.21,0.8769,107,2.17,0.8611,58,2.19,0.869,1,2.19,0.869,254,0
SPY190809P291,2019-08-08,2019-08-08 09:36:56,2.23,0.8849,114,2.18,0.865,50,2.19,0.869,1,2.205,0.875,254,0
SPY190809P291,2019-08-08,2019-08-08 09:36:56,2.23,0.8849,208,2.19,0.869,21,2.21,0.8769,4,2.21,0.8769,258,4
SPY190809P291,2019-08-08,2019-08-08 09:36:57,2.24,0.8888,33,2.19,0.869,5,2.21,0.8769,4,2.215,0.8789,258,0
SPY190809P291,2019-08-08,2019-08-08 09:36:57,2.23,0.8849,208,2.19,0.869,86,2.21,0.8769,4,2.21,0.8769,258,0
SPY190809P291,2019-08-08,2019-08-08 09:36:58,2.22,0.8809,3,2.19,0.869,120,2.21,0.8769,4,2.205,0.875,258,0
SPY190809P291,2019-08-08,2019-08-08 09:36:58,2.24,0.8888,207,2.19,0.869,115,2.21,0.8769,4,2.215,0.8789,258,0
SPY190809P291,2019-08-08,2019-08-08 09:36:59,2.22,0.8809,2,2.2,0.873,16,2.21,0.8769,4,2.21,0.8769,258,0
SPY190809P291,2019-08-08,2019-08-08 09:36:59,2.22,0.8809,3,2.2,0.873,6,2.21,0.8769,4,2.21,0.8769,258,0
SPY190809P291,2019-08-08,2019-08-08 09:37:00,2.23,0.8849,2,2.19,0.869,16,2.21,0.8769,4,2.21,0.8769,258,0
SPY190809P291,2019-08-08,2019-08-08 09:37:00,2.22,0.8809,20,2.19,0.869,71,2.21,0.8769,4,2.205,0.875,258,0
SPY190809P291,2019-08-08,2019-08-08 09:37:01,2.25,0.8928,100,2.18,0.865,100,2.21,0.8769,4,2.215,0.8789,258,0
SPY190809P291,2019-08-08,2019-08-08 09:37:01,2.24,0.8888,100,2.19,0.869,81,2.21,0.8769,4,2.215,0.8789,258,0
SPY190809P291,2019-08-08,2019-08-08 09:37:02,2.23,0.8849,77,2.19,0.869,72,2.21,0.8769,4,2.21,0.8769,258,0
SPY190809P291,2019-08-08,2019-08-08 09:37:02,2.24,0.8888,196,2.19,0.869,44,2.21,0.8769,4,2.215,0.8789,258,0
SPY190809P291,2019-08-08,2019-08-08 09:37:03,2.26,0.8968,120,2.2,0.873,24,2.21,0.8769,4,2.23,0.8849,258,0
SPY190809P291,2019-08-08,2019-08-08 09:37:03,2.26,0.8968,96,2.22,0.8809,110,2.21,0.8769,4,2.24,0.8888,258,0
SPY190809P291,2019-08-08,2019-08-08 09:37:04,2.25,0.8928,105,2.22,0.8809,8,2.21,0.8769,4,2.235,0.8869,258,0
SPY190809P291,2019-08-08,2019-08-08 09:37:04,2.25,0.8928,90,2.21,0.8769,101,2.21,0.8769,4,2.23,0.8849,258,0
SPY190809P291,2019-08-08,2019-08-08 09:37:05,2.26,0.8968,10,2.21,0.8769,116,2.21,0.8769,4,2.235,0.8869,258,0
SPY190809P291,2019-08-08,2019-08-08 09:37:05,2.24,0.8888,5,2.2,0.873,106,2.21,0.8769,4,2.22,0.8809,258,0
SPY190809P291,2019-08-08,2019-08-08 09:37:06,2.24,0.8888,94,2.21,0.8769,21,2.21,0.8769,4,2.225,0.8829,258,0
SPY190809P291,2019-08-08,2019-08-08 09:37:06,2.25,0.8928,120,2.21,0.8769,11,2.21,0.8769,4,2.23,0.8849,258,0
SPY190809P291,2019-08-08,2019-08-08 09:37:07,2.24,0.8888,70,2.21,0.8769,31,2.21,0.8769,4,2.225,0.8829,258,0
SPY190809P291,2019-08-08,2019-08-08 09:37:07,2.25,0.8928,10,2.21,0.8769,21,2.21,0.8769,4,2.23,0.8849,258,0
SPY190809P291,2019-08-08,2019-08-08 09:37:08,2.25,0.8928,247,2.21,0.8769,41,2.21,0.8769,4,2.23,0.8849,258,0
SPY190809P291,2019-08-08,2019-08-08 09:37:08,2.27,0.9007,33,2.21,0.8769,80,2.21,0.8769,4,2.24,0.8888,258,0
SPY190809P291,2019-08-08,2019-08-08 09:37:09,2.28,0.9047,197,2.22,0.8809,206,2.21,0.8769,4,2.25,0.8928,258,0
SPY190809P291,2019-08-08,2019-08-08 09:37:10,2.28,0.9047,143,2.23,0.8849,136,2.21,0.8769,4,2.255,0.8948,258,0
SPY190809P291,2019-08-08,2019-08-08 09:37:10,2.27,0.9007,88,2.23,0.8849,111,2.21,0.8769,4,2.25,0.8928,258,0
SPY190809P291,2019-08-08,2019-08-08 09:37:11,2.29,0.9087,95,2.24,0.8888,97,2.21,0.8769,4,2.265,0.8988,258,0
SPY190809P291,2019-08-08,2019-08-08 09:37:11,2.29,0.9087,90,2.24,0.8888,186,2.21,0.8769,4,2.265,0.8988,258,0
SPY190809P291,2019-08-08,2019-08-08 09:37:12,2.29,0.9087,17,2.27,0.9007,1,2.21,0.8769,4,2.28,0.9047,258,0
SPY190809P291,2019-08-08,2019-08-08 09:37:12,2.29,0.9087,86,2.26,0.8968,4,2.21,0.8769,4,2.275,0.9027,258,0
SPY190809P291,2019-08-08,2019-08-08 09:37:13,2.28,0.9047,14,2.27,0.9007,1,2.21,0.8769,4,2.275,0.9027,258,0
SPY190809P291,2019-08-08,2019-08-08 09:37:13,2.29,0.9087,91,2.26,0.8968,41,2.21,0.8769,4,2.275,0.9027,258,0
SPY190809P291,2019-08-08,2019-08-08 09:37:14,2.34,0.9285,110,2.31,0.9166,21,2.21,0.8769,4,2.325,0.9226,258,0
SPY190809P291,2019-08-08,2019-08-08 09:37:14,2.31,0.9166,119,2.27,0.9007,100,2.21,0.8769,4,2.29,0.9087,258,0
SPY190809P291,2019-08-08,2019-08-08 09:37:15,2.34,0.9285,20,2.31,0.9166,3,2.21,0.8769,4,2.325,0.9226,258,0
SPY190809P291,2019-08-08,2019-08-08 09:37:15,2.34,0.9285,20,2.31,0.9166,21,2.21,0.8769,4,2.325,0.9226,258,0
SPY190809P291,2019-08-08,2019-08-08 09:37:16,2.34,0.9285,54,2.3,0.9126,21,2.21,0.8769,4,2.32,0.9206,258,0
SPY190809P291,2019-08-08,2019-08-08 09:37:16,2.34,0.9285,18,2.32,0.9206,1,2.21,0.8769,4,2.33,0.9246,258,0
SPY190809P291,2019-08-08,2019-08-08 09:37:17,2.33,0.9246,5,2.29,0.9087,113,2.21,0.8769,4,2.31,0.9166,258,0
SPY190809P291,2019-08-08,2019-08-08 09:37:17,2.33,0.9246,33,2.29,0.9087,11,2.21,0.8769,4,2.31,0.9166,258,0
SPY190809P291,2019-08-08,2019-08-08 09:37:18,2.31,0.9166,33,2.26,0.8968,203,2.21,0.8769,4,2.285,0.9067,258,0
SPY190809P291,2019-08-08,2019-08-08 09:37:18,2.32,0.9206,33,2.26,0.8968,110,2.21,0.8769,4,2.29,0.9087,258,0
SPY190809P291,2019-08-08,2019-08-08 09:37:19,2.31,0.9166,33,2.28,0.9047,16,2.21,0.8769,4,2.295,0.9107,258,0
SPY190809P291,2019-08-08,2019-08-08 09:37:19,2.31,0.9166,5,2.27,0.9007,1,2.21,0.8769,4,2.29,0.9087,258,0
SPY190809P291,2019-08-08,2019-08-08 09:37:20,2.3,0.9126,113,2.25,0.8928,113,2.29,0.9087,1,2.275,0.9027,259,0
SPY190809P291,2019-08-08,2019-08-08 09:37:20,2.31,0.9166,184,2.25,0.8928,5,2.29,0.9087,1,2.28,0.9047,259,1
SPY190809P291,2019-08-08,2019-08-08 09:37:21,2.29,0.9087,89,2.26,0.8968,31,2.29,0.9087,1,2.275,0.9027,259,0
SPY190809P291,2019-08-08,2019-08-08 09:37:21,2.3,0.9126,120,2.26,0.8968,21,2.29,0.9087,1,2.28,0.9047,259,0
SPY190809P291,2019-08-08,2019-08-08 09:37:22,2.29,0.9087,120,2.24,0.8888,121,2.29,0.9087,1,2.265,0.8988,259,0
SPY190809P291,2019-08-08,2019-08-08 09:37:22,2.29,0.9087,203,2.24,0.8888,121,2.29,0.9087,1,2.265,0.8988,259,0
SPY190809P291,2019-08-08,2019-08-08 09:37:23,2.31,0.9166,94,2.26,0.8968,104,2.29,0.9087,1,2.285,0.9067,259,0
SPY190809P291,2019-08-08,2019-08-08 09:37:23,2.29,0.9087,5,2.24,0.8888,8,2.29,0.9087,1,2.265,0.8988,259,0
SPY190809P291,2019-08-08,2019-08-08 09:37:24,2.3,0.9126,120,2.25,0.8928,114,2.29,0.9087,1,2.275,0.9027,259,0
SPY190809P291,2019-08-08,2019-08-08 09:37:24,2.29,0.9087,120,2.25,0.8928,41,2.29,0.9087,1,2.27,0.9007,259,0
SPY190809P291,2019-08-08,2019-08-08 09:37:25,2.3,0.9126,33,2.25,0.8928,5,2.29,0.9087,1,2.275,0.9027,259,0
SPY190809P291,2019-08-08,2019-08-08 09:37:25,2.3,0.9126,120,2.25,0.8928,105,2.29,0.9087,1,2.275,0.9027,259,0
SPY190809P291,2019-08-08,2019-08-08 09:37:26,2.29,0.9087,20,2.27,0.9007,2,2.29,0.9087,1,2.28,0.9047,259,0
SPY190809P291,2019-08-08,2019-08-08 09:37:26,2.28,0.9047,20,2.25,0.8928,1,2.29,0.9087,1,2.265,0.8988,259,0
SPY190809P291,2019-08-08,2019-08-08 09:37:27,2.3,0.9126,99,2.26,0.8968,85,2.29,0.9087,1,2.28,0.9047,259,0
SPY190809P291,2019-08-08,2019-08-08 09:37:27,2.3,0.9126,10,2.27,0.9007,15,2.29,0.9087,1,2.285,0.9067,259,0
SPY190809P291,2019-08-08,2019-08-08 09:37:28,2.32,0.9206,79,2.29,0.9087,21,2.31,0.9166,1,2.305,0.9146,260,1
SPY190809P291,2019-08-08,2019-08-08 09:37:28,2.32,0.9206,79,2.29,0.9087,10,2.29,0.9087,1,2.305,0.9146,259,0
SPY190809P291,2019-08-08,2019-08-08 09:37:29,2.33,0.9246,100,2.29,0.9087,55,2.31,0.9166,1,2.31,0.9166,260,0
SPY190809P291,2019-08-08,2019-08-08 09:37:29,2.33,0.9246,33,2.29,0.9087,17,2.31,0.9166,1,2.31,0.9166,260,0
SPY190809P291,2019-08-08,2019-08-08 09:37:30,2.33,0.9246,14,2.29,0.9087,37,2.31,0.9166,1,2.31,0.9166,260,0
SPY190809P291,2019-08-08,2019-08-08 09:37:30,2.33,0.9246,33,2.28,0.9047,33,2.31,0.9166,1,2.305,0.9146,260,0
SPY190809P291,2019-08-08,2019-08-08 09:37:31,2.32,0.9206,14,2.29,0.9087,21,2.31,0.9166,1,2.305,0.9146,260,0
SPY190809P291,2019-08-08,2019-08-08 09:37:31,2.31,0.9166,7,2.27,0.9007,126,2.31,0.9166,1,2.29,0.9087,260,0
SPY190809P291,2019-08-08,2019-08-08 09:37:32,2.31,0.9166,82,2.29,0.9087,3,2.31,0.9166,1,2.3,0.9126,260,0
SPY190809P291,2019-08-08,2019-08-08 09:37:32,2.32,0.9206,54,2.27,0.9007,204,2.31,0.9166,1,2.295,0.9107,260,0
SPY190809P291,2019-08-08,2019-08-08 09:37:33,2.31,0.9166,146,2.26,0.8968,131,2.31,0.9166,1,2.285,0.9067,260,0
SPY190809P291,2019-08-08,2019-08-08 09:37:34,2.32,0.9206,13,2.27,0.9007,11,2.31,0.9166,1,2.295,0.9107,260,0
SPY190809P291,2019-08-08,2019-08-08 09:37:34,2.32,0.9206,108,2.27,0.9007,104,2.31,0.9166,1,2.295,0.9107,260,0
SPY190809P291,2019-08-08,2019-08-08 09:37:35,2.31,0.9166,128,2.28,0.9047,28,2.31,0.9166,1,2.295,0.9107,260,0
SPY190809P291,2019-08-08,2019-08-08 09:37:35,2.31,0.9166,33,2.26,0.8968,142,2.31,0.9166,1,2.285,0.9067,260,0
SPY190809P291,2019-08-08,2019-08-08 09:37:36,2.31,0.9166,201,2.26,0.8968,132,2.31,0.9166,1,2.285,0.9067,260,0
SPY190809P291,2019-08-08,2019-08-08 09:37:36,2.31,0.9166,128,2.28,0.9047,21,2.31,0.9166,1,2.295,0.9107,260,0
SPY190809P291,2019-08-08,2019-08-08 09:37:37,2.29,0.9087,61,2.25,0.8928,12,2.31,0.9166,1,2.27,0.9007,260,0
SPY190809P291,2019-08-08,2019-08-08 09:37:37,2.29,0.9087,5,2.25,0.8928,69,2.31,0.9166,1,2.27,0.9007,260,0
SPY190809P291,2019-08-08,2019-08-08 09:37:38,2.28,0.9047,20,2.24,0.8888,205,2.31,0.9166,1,2.26,0.8968,260,0
SPY190809P291,2019-08-08,2019-08-08 09:37:38,2.28,0.9047,70,2.22,0.8809,5,2.31,0.9166,1,2.25,0.8928,260,0
SPY190809P291,2019-08-08,2019-08-08 09:37:39,2.28,0.9047,70,2.23,0.8849,6,2.31,0.9166,1,2.255,0.8948,260,0
SPY190809P291,2019-08-08,2019-08-08 09:37:39,2.24,0.8888,1,2.21,0.8769,100,2.31,0.9166,1,2.225,0.8829,260,0
SPY190809P291,2019-08-08,2019-08-08 09:37:40,2.25,0.8928,78,2.21,0.8769,100,2.31,0.9166,1,2.23,0.8849,260,0
SPY190809P291,2019-08-08,2019-08-08 09:37:40,2.25,0.8928,29,2.22,0.8809,77,2.31,0.9166,1,2.235,0.8869,260,0
SPY190809P291,2019-08-08,2019-08-08 09:37:41,2.25,0.8928,102,2.21,0.8769,5,2.31,0.9166,1,2.23,0.8849,260,0
SPY190809P291,2019-08-08,2019-08-08 09:37:41,2.25,0.8928,102,2.21,0.8769,100,2.31,0.9166,1,2.23,0.8849,260,0
SPY190809P291,2019-08-08,2019-08-08 09:37:42,2.23,0.8849,3,2.21,0.8769,41,2.31,0.9166,1,2.22,0.8809,260,0
SPY190809P291,2019-08-08,2019-08-08 09:37:42,2.26,0.8968,95,2.22,0.8809,21,2.31,0.9166,1,2.24,0.8888,260,0
SPY190809P291,2019-08-08,2019-08-08 09:37:43,2.25,0.8928,10,2.22,0.8809,21,2.31,0.9166,1,2.235,0.8869,260,0
SPY190809P291,2019-08-08,2019-08-08 09:37:43,2.25,0.8928,78,2.22,0.8809,1,2.31,0.9166,1,2.235,0.8869,260,0
SPY190809P291,2019-08-08,2019-08-08 09:37:44,2.25,0.8928,5,2.22,0.8809,2,2.31,0.9166,1,2.235,0.8869,260,0
SPY190809P291,2019-08-08,2019-08-08 09:37:44,2.25,0.8928,100,2.21,0.8769,4,2.31,0.9166,1,2.23,0.8849,260,0
SPY190809P291,2019-08-08,2019-08-08 09:37:45,2.24,0.8888,73,2.22,0.8809,18,2.31,0.9166,1,2.23,0.8849,260,0
SPY190809P291,2019-08-08,2019-08-08 09:37:45,2.24,0.8888,73,2.21,0.8769,28,2.31,0.9166,1,2.225,0.8829,260,0
SPY190809P291,2019-08-08,2019-08-08 09:37:46,2.24,0.8888,67,2.21,0.8769,37,2.31,0.9166,1,2.225,0.8829,260,0
SPY190809P291,2019-08-08,2019-08-08 09:37:47,2.24,0.8888,92,2.21,0.8769,8,2.31,0.9166,1,2.225,0.8829,260,0
SPY190809P291,2019-08-08,2019-08-08 09:37:47,2.24,0.8888,42,2.21,0.8769,6,2.31,0.9166,1,2.225,0.8829,260,0
SPY190809P291,2019-08-08,2019-08-08 09:37:48,2.24,0.8888,97,2.21,0.8769,6,2.31,0.9166,1,2.225,0.8829,260,0
SPY190809P291,2019-08-08,2019-08-08 09:37:49,2.25,0.8928,22,2.22,0.8809,22,2.31,0.9166,1,2.235,0.8869,260,0
SPY190809P291,2019-08-08,2019-08-08 09:37:49,2.26,0.8968,33,2.21,0.8769,21,2.31,0.9166,1,2.235,0.8869,260,0
SPY190809P291,2019-08-08,2019-08-08 09:37:50,2.29,0.9087,100,2.23,0.8849,19,2.31,0.9166,1,2.26,0.8968,260,0
SPY190809P291,2019-08-08,2019-08-08 09:37:50,2.29,0.9087,5,2.23,0.8849,100,2.31,0.9166,1,2.26,0.8968,260,0
SPY190809P291,2019-08-08,2019-08-08 09:37:51,2.29,0.9087,112,2.23,0.8849,113,2.31,0.9166,1,2.26,0.8968,260,0
SPY190809P291,2019-08-08,2019-08-08 09:37:51,2.28,0.9047,106,2.24,0.8888,96,2.31,0.9166,1,2.26,0.8968,260,0
SPY190809P291,2019-08-08,2019-08-08 09:37:52,2.3,0.9126,106,2.26,0.8968,82,2.31,0.9166,1,2.28,0.9047,260,0
SPY190809P291,2019-08-08,2019-08-08 09:37:52,2.29,0.9087,106,2.24,0.8888,115,2.31,0.9166,1,2.265,0.8988,260,0
SPY190809P291,2019-08-08,2019-08-08 09:37:53,2.31,0.9166,110,2.25,0.8928,2,2.31,0.9166,1,2.28,0.9047,260,0
SPY190809P291,2019-08-08,2019-08-08 09:37:53,2.3,0.9126,120,2.26,0.8968,21,2.31,0.9166,1,2.28,0.9047,260,0
SPY190809P291,2019-08-08,2019-08-08 09:37:54,2.3,0.9126,91,2.26,0.8968,101,2.31,0.9166,1,2.28,0.9047,260,0
SPY190809P291,2019-08-08,2019-08-08 09:37:55,2.3,0.9126,96,2.26,0.8968,79,2.31,0.9166,1,2.28,0.9047,260,0
SPY190809P291,2019-08-08,2019-08-08 09:37:55,2.31,0.9166,50,2.26,0.8968,70,2.31,0.9166,1,2.285,0.9067,260,0
SPY190809P291,2019-08-08,2019-08-08 09:37:56,2.29,0.9087,22,2.28,0.9047,1,2.31,0.9166,1,2.285,0.9067,260,0
SPY190809P291,2019-08-08,2019-08-08 09:37:56,2.31,0.9166,62,2.28,0.9047,21,2.31,0.9166,1,2.295,0.9107,260,0
SPY190809P291,2019-08-08,2019-08-08 09:37:57,2.29,0.9087,22,2.28,0.9047,1,2.31,0.9166,1,2.285,0.9067,260,0
SPY190809P291,2019-08-08,2019-08-08 09:37:57,2.28,0.9047,10,2.26,0.8968,21,2.31,0.9166,1,2.27,0.9007,260,0
SPY190809P291,2019-08-08,2019-08-08 09:37:58,2.31,0.9166,61,2.27,0.9007,71,2.31,0.9166,1,2.29,0.9087,260,0
SPY190809P291,2019-08-08,2019-08-08 09:37:58,2.31,0.9166,117,2.26,0.8968,100,2.31,0.9166,1,2.285,0.9067,260,0
SPY190809P291,2019-08-08,2019-08-08 09:37:59,2.28,0.9047,1,2.27,0.9007,21,2.31,0.9166,1,2.275,0.9027,260,0
SPY190809P291,2019-08-08,2019-08-08 09:37:59,2.29,0.9087,3,2.28,0.9047,23,2.31,0.9166,1,2.285,0.9067,260,0
SPY190809P291,2019-08-08,2019-08-08 09:38:00,2.31,0.9166,120,2.28,0.9047,11,2.31,0.9166,1,2.295,0.9107,260,0
SPY190809P291,2019-08-08,2019-08-08 09:38:00,2.29,0.9087,50,2.26,0.8968,121,2.31,0.9166,1,2.275,0.9027,260,0
SPY190809P291,2019-08-08,2019-08-08 09:38:01,2.32,0.9206,120,2.28,0.9047,91,2.31,0.9166,1,2.3,0.9126,260,0
SPY190809P291,2019-08-08,2019-08-08 09:38:01,2.31,0.9166,1,2.3,0.9126,14,2.31,0.9166,1,2.305,0.9146,260,0
SPY190809P291,2019-08-08,2019-08-08 09:38:02,2.3,0.9126,1,2.26,0.8968,50,2.31,0.9166,1,2.28,0.9047,260,0
SPY190809P291,2019-08-08,2019-08-08 09:38:02,2.31,0.9166,21,2.28,0.9047,41,2.31,0.9166,1,2.295,0.9107,260,0
SPY190809P291,2019-08-08,2019-08-08 09:38:03,2.29,0.9087,1,2.27,0.9007,17,2.31,0.9166,1,2.28,0.9047,260,0
SPY190809P291,2019-08-08,2019-08-08 09:38:03,2.3,0.9126,2,2.27,0.9007,62,2.31,0.9166,1,2.285,0.9067,260,0
SPY190809P291,2019-08-08,2019-08-08 09:38:04,2.33,0.9246,113,2.28,0.9047,43,2.31,0.9166,1,2.305,0.9146,260,0
SPY190809P291,2019-08-08,2019-08-08 09:38:04,2.34,0.9285,33,2.29,0.9087,184,2.31,0.9166,1,2.315,0.9186,260,0
SPY190809P291,2019-08-08,2019-08-08 09:38:05,2.33,0.9246,99,2.3,0.9126,21,2.31,0.9166,1,2.315,0.9186,260,0
SPY190809P291,2019-08-08,2019-08-08 09:38:05,2.33,0.9246,99,2.28,0.9047,100,2.31,0.9166,1,2.305,0.9146,260,0
SPY190809P291,2019-08-08,2019-08-08 09:38:06,2.32,0.9206,1,2.29,0.9087,68,2.31,0.9166,1,2.305,0.9146,260,0
SPY190809P291,2019-08-08,2019-08-08 09:38:06,2.32,0.9206,58,2.29,0.9087,3,2.31,0.9166,1,2.305,0.9146,260,0
