symbol,Date,quote_time,ask_price,norm_ask_price,ask_size,bid_price,norm_bid_price,bid_size,last_trade_price,norm_last_trade_price,last_trade_size,mark_price,norm_mark_price,volume,Volume
IWM191004P151,2019-09-27,2019-09-27 09:42:50,0.85,1.0,270,0.83,0.9764,161,0.83,0.9764,1,0.84,0.9882,1,0
IWM191004P151,2019-09-27,2019-09-27 09:42:50,0.85,1.0,356,0.83,0.9764,126,0.83,0.9764,1,0.84,0.9882,1,1
IWM191004P151,2019-09-27,2019-09-27 09:42:51,0.85,1.0,429,0.83,0.9764,64,0.83,0.9764,1,0.84,0.9882,1,0
IWM191004P151,2019-09-27,2019-09-27 09:42:52,0.85,1.0,439,0.83,0.9764,79,0.83,0.9764,1,0.84,0.9882,1,0
IWM191004P151,2019-09-27,2019-09-27 09:42:53,0.85,1.0,313,0.83,0.9764,195,0.83,0.9764,1,0.84,0.9882,1,0
IWM191004P151,2019-09-27,2019-09-27 09:42:53,0.85,1.0,398,0.83,0.9764,75,0.83,0.9764,1,0.84,0.9882,1,0
IWM191004P151,2019-09-27,2019-09-27 09:42:54,0.85,1.0,289,0.83,0.9764,293,0.83,0.9764,1,0.84,0.9882,1,0
IWM191004P151,2019-09-27,2019-09-27 09:42:55,0.85,1.0,289,0.83,0.9764,293,0.83,0.9764,1,0.84,0.9882,1,0
IWM191004P151,2019-09-27,2019-09-27 09:42:56,0.85,1.0,289,0.83,0.9764,77,0.83,0.9764,1,0.84,0.9882,1,0
IWM191004P151,2019-09-27,2019-09-27 09:42:56,0.85,1.0,574,0.82,0.9647,181,0.83,0.9764,1,0.835,0.9823,1,0
IWM191004P151,2019-09-27,2019-09-27 09:42:57,0.84,0.9882,342,0.82,0.9647,253,0.83,0.9764,1,0.83,0.9764,1,0
IWM191004P151,2019-09-27,2019-09-27 09:42:57,0.85,1.0,574,0.82,0.9647,300,0.83,0.9764,1,0.835,0.9823,1,0
IWM191004P151,2019-09-27,2019-09-27 09:42:58,0.84,0.9882,380,0.82,0.9647,85,0.83,0.9764,1,0.83,0.9764,1,0
IWM191004P151,2019-09-27,2019-09-27 09:42:58,0.84,0.9882,30,0.81,0.9529,24,0.83,0.9764,1,0.825,0.9705,1,0
IWM191004P151,2019-09-27,2019-09-27 09:42:59,0.84,0.9882,270,0.81,0.9529,45,0.83,0.9764,1,0.825,0.9705,1,0
IWM191004P151,2019-09-27,2019-09-27 09:42:59,0.84,0.9882,306,0.81,0.9529,78,0.83,0.9764,1,0.825,0.9705,1,0
IWM191004P151,2019-09-27,2019-09-27 09:43:00,0.83,0.9764,111,0.8,0.9411,110,0.83,0.9764,1,0.815,0.9588,1,0
IWM191004P151,2019-09-27,2019-09-27 09:43:00,0.83,0.9764,113,0.81,0.9529,78,0.83,0.9764,1,0.82,0.9647,1,0
IWM191004P151,2019-09-27,2019-09-27 09:43:01,0.82,0.9647,91,0.8,0.9411,139,0.83,0.9764,1,0.81,0.9529,1,0
IWM191004P151,2019-09-27,2019-09-27 09:43:02,0.82,0.9647,372,0.8,0.9411,152,0.83,0.9764,1,0.81,0.9529,1,0
IWM191004P151,2019-09-27,2019-09-27 09:43:02,0.82,0.9647,222,0.8,0.9411,152,0.83,0.9764,1,0.81,0.9529,1,0
IWM191004P151,2019-09-27,2019-09-27 09:43:03,0.82,0.9647,304,0.8,0.9411,143,0.83,0.9764,1,0.81,0.9529,1,0
IWM191004P151,2019-09-27,2019-09-27 09:43:04,0.82,0.9647,304,0.8,0.9411,143,0.83,0.9764,1,0.81,0.9529,1,0
IWM191004P151,2019-09-27,2019-09-27 09:43:04,0.82,0.9647,122,0.8,0.9411,177,0.83,0.9764,1,0.81,0.9529,1,0
IWM191004P151,2019-09-27,2019-09-27 09:43:05,0.82,0.9647,90,0.8,0.9411,177,0.83,0.9764,1,0.81,0.9529,1,0
IWM191004P151,2019-09-27,2019-09-27 09:43:05,0.82,0.9647,280,0.8,0.9411,126,0.83,0.9764,1,0.81,0.9529,1,0
IWM191004P151,2019-09-27,2019-09-27 09:43:06,0.82,0.9647,280,0.8,0.9411,143,0.83,0.9764,1,0.81,0.9529,1,0
IWM191004P151,2019-09-27,2019-09-27 09:43:07,0.82,0.9647,280,0.8,0.9411,143,0.83,0.9764,1,0.81,0.9529,1,0
IWM191004P151,2019-09-27,2019-09-27 09:43:07,0.82,0.9647,340,0.8,0.9411,143,0.83,0.9764,1,0.81,0.9529,1,0
IWM191004P151,2019-09-27,2019-09-27 09:43:08,0.82,0.9647,340,0.8,0.9411,143,0.83,0.9764,1,0.81,0.9529,1,0
IWM191004P151,2019-09-27,2019-09-27 09:43:09,0.82,0.9647,340,0.8,0.9411,143,0.83,0.9764,1,0.81,0.9529,1,0
IWM191004P151,2019-09-27,2019-09-27 09:43:09,0.82,0.9647,139,0.8,0.9411,143,0.83,0.9764,1,0.81,0.9529,1,0
IWM191004P151,2019-09-27,2019-09-27 09:43:10,0.82,0.9647,217,0.8,0.9411,143,0.83,0.9764,1,0.81,0.9529,1,0
IWM191004P151,2019-09-27,2019-09-27 09:43:10,0.83,0.9764,43,0.82,0.9647,20,0.83,0.9764,1,0.825,0.9705,1,0
IWM191004P151,2019-09-27,2019-09-27 09:43:11,0.83,0.9764,36,0.81,0.9529,74,0.83,0.9764,1,0.82,0.9647,1,0
IWM191004P151,2019-09-27,2019-09-27 09:43:11,0.83,0.9764,20,0.82,0.9647,38,0.83,0.9764,1,0.825,0.9705,1,0
IWM191004P151,2019-09-27,2019-09-27 09:43:12,0.83,0.9764,56,0.81,0.9529,267,0.83,0.9764,1,0.82,0.9647,1,0
IWM191004P151,2019-09-27,2019-09-27 09:43:12,0.83,0.9764,393,0.81,0.9529,84,0.83,0.9764,1,0.82,0.9647,1,0
IWM191004P151,2019-09-27,2019-09-27 09:43:13,0.83,0.9764,243,0.81,0.9529,267,0.83,0.9764,1,0.82,0.9647,1,0
IWM191004P151,2019-09-27,2019-09-27 09:43:13,0.83,0.9764,252,0.81,0.9529,401,0.83,0.9764,1,0.82,0.9647,1,0
IWM191004P151,2019-09-27,2019-09-27 09:43:14,0.83,0.9764,74,0.81,0.9529,395,0.83,0.9764,1,0.82,0.9647,1,0
IWM191004P151,2019-09-27,2019-09-27 09:43:14,0.83,0.9764,252,0.81,0.9529,395,0.83,0.9764,1,0.82,0.9647,1,0
IWM191004P151,2019-09-27,2019-09-27 09:43:15,0.83,0.9764,56,0.82,0.9647,20,0.83,0.9764,1,0.825,0.9705,1,0
IWM191004P151,2019-09-27,2019-09-27 09:43:16,0.83,0.9764,56,0.82,0.9647,34,0.83,0.9764,1,0.825,0.9705,1,0
IWM191004P151,2019-09-27,2019-09-27 09:43:17,0.84,0.9882,260,0.82,0.9647,34,0.83,0.9764,1,0.83,0.9764,1,0
IWM191004P151,2019-09-27,2019-09-27 09:43:17,0.84,0.9882,337,0.82,0.9647,105,0.83,0.9764,1,0.83,0.9764,1,0
IWM191004P151,2019-09-27,2019-09-27 09:43:18,0.84,0.9882,429,0.81,0.9529,61,0.83,0.9764,1,0.825,0.9705,1,0
IWM191004P151,2019-09-27,2019-09-27 09:43:18,0.84,0.9882,337,0.82,0.9647,105,0.83,0.9764,1,0.83,0.9764,1,0
IWM191004P151,2019-09-27,2019-09-27 09:43:19,0.83,0.9764,410,0.81,0.9529,60,0.83,0.9764,1,0.82,0.9647,1,0
IWM191004P151,2019-09-27,2019-09-27 09:43:19,0.83,0.9764,410,0.81,0.9529,78,0.83,0.9764,1,0.82,0.9647,1,0
IWM191004P151,2019-09-27,2019-09-27 09:43:20,0.83,0.9764,384,0.81,0.9529,165,0.83,0.9764,1,0.82,0.9647,1,0
IWM191004P151,2019-09-27,2019-09-27 09:43:20,0.83,0.9764,384,0.81,0.9529,111,0.83,0.9764,1,0.82,0.9647,1,0
IWM191004P151,2019-09-27,2019-09-27 09:43:21,0.83,0.9764,418,0.81,0.9529,111,0.83,0.9764,1,0.82,0.9647,1,0
IWM191004P151,2019-09-27,2019-09-27 09:43:21,0.83,0.9764,418,0.81,0.9529,167,0.83,0.9764,1,0.82,0.9647,1,0
IWM191004P151,2019-09-27,2019-09-27 09:43:22,0.83,0.9764,418,0.81,0.9529,167,0.83,0.9764,1,0.82,0.9647,1,0
IWM191004P151,2019-09-27,2019-09-27 09:43:23,0.82,0.9647,68,0.81,0.9529,24,0.83,0.9764,1,0.815,0.9588,1,0
IWM191004P151,2019-09-27,2019-09-27 09:43:23,0.83,0.9764,418,0.81,0.9529,167,0.83,0.9764,1,0.82,0.9647,1,0
IWM191004P151,2019-09-27,2019-09-27 09:43:24,0.82,0.9647,226,0.8,0.9411,400,0.83,0.9764,1,0.81,0.9529,1,0
IWM191004P151,2019-09-27,2019-09-27 09:43:24,0.82,0.9647,81,0.8,0.9411,274,0.83,0.9764,1,0.81,0.9529,1,0
IWM191004P151,2019-09-27,2019-09-27 09:43:25,0.82,0.9647,237,0.8,0.9411,275,0.83,0.9764,1,0.81,0.9529,1,0
IWM191004P151,2019-09-27,2019-09-27 09:43:25,0.82,0.9647,173,0.8,0.9411,354,0.83,0.9764,1,0.81,0.9529,1,0
IWM191004P151,2019-09-27,2019-09-27 09:43:26,0.82,0.9647,237,0.8,0.9411,275,0.83,0.9764,1,0.81,0.9529,1,0
IWM191004P151,2019-09-27,2019-09-27 09:43:27,0.82,0.9647,237,0.8,0.9411,161,0.83,0.9764,1,0.81,0.9529,1,0
IWM191004P151,2019-09-27,2019-09-27 09:43:27,0.82,0.9647,105,0.8,0.9411,161,0.83,0.9764,1,0.81,0.9529,1,0
IWM191004P151,2019-09-27,2019-09-27 09:43:28,0.82,0.9647,209,0.8,0.9411,111,0.83,0.9764,1,0.81,0.9529,1,0
IWM191004P151,2019-09-27,2019-09-27 09:43:28,0.82,0.9647,209,0.8,0.9411,452,0.83,0.9764,1,0.81,0.9529,1,0
IWM191004P151,2019-09-27,2019-09-27 09:43:29,0.82,0.9647,312,0.8,0.9411,111,0.83,0.9764,1,0.81,0.9529,1,0
IWM191004P151,2019-09-27,2019-09-27 09:43:30,0.82,0.9647,322,0.8,0.9411,24,0.83,0.9764,1,0.81,0.9529,1,0
IWM191004P151,2019-09-27,2019-09-27 09:43:30,0.82,0.9647,322,0.8,0.9411,178,0.83,0.9764,1,0.81,0.9529,1,0
IWM191004P151,2019-09-27,2019-09-27 09:43:31,0.82,0.9647,475,0.79,0.9294,315,0.83,0.9764,1,0.805,0.947,1,0
IWM191004P151,2019-09-27,2019-09-27 09:43:31,0.81,0.9529,34,0.79,0.9294,315,0.83,0.9764,1,0.8,0.9411,1,0
IWM191004P151,2019-09-27,2019-09-27 09:43:32,0.81,0.9529,75,0.79,0.9294,140,0.83,0.9764,1,0.8,0.9411,1,0
IWM191004P151,2019-09-27,2019-09-27 09:43:32,0.81,0.9529,205,0.79,0.9294,84,0.83,0.9764,1,0.8,0.9411,1,0
IWM191004P151,2019-09-27,2019-09-27 09:43:33,0.81,0.9529,356,0.79,0.9294,49,0.83,0.9764,1,0.8,0.9411,1,0
IWM191004P151,2019-09-27,2019-09-27 09:43:33,0.81,0.9529,346,0.79,0.9294,49,0.83,0.9764,1,0.8,0.9411,1,0
IWM191004P151,2019-09-27,2019-09-27 09:43:34,0.81,0.9529,356,0.79,0.9294,32,0.83,0.9764,1,0.8,0.9411,1,0
IWM191004P151,2019-09-27,2019-09-27 09:43:35,0.81,0.9529,366,0.79,0.9294,35,0.83,0.9764,1,0.8,0.9411,1,0
IWM191004P151,2019-09-27,2019-09-27 09:43:36,0.81,0.9529,366,0.79,0.9294,35,0.83,0.9764,1,0.8,0.9411,1,0
IWM191004P151,2019-09-27,2019-09-27 09:43:36,0.81,0.9529,591,0.78,0.9176,327,0.83,0.9764,1,0.795,0.9352,1,0
IWM191004P151,2019-09-27,2019-09-27 09:43:37,0.81,0.9529,648,0.78,0.9176,111,0.83,0.9764,1,0.795,0.9352,1,0
IWM191004P151,2019-09-27,2019-09-27 09:43:37,0.81,0.9529,648,0.78,0.9176,264,0.83,0.9764,1,0.795,0.9352,1,0
IWM191004P151,2019-09-27,2019-09-27 09:43:38,0.81,0.9529,486,0.78,0.9176,151,0.83,0.9764,1,0.795,0.9352,1,0
IWM191004P151,2019-09-27,2019-09-27 09:43:38,0.81,0.9529,586,0.78,0.9176,151,0.83,0.9764,1,0.795,0.9352,1,0
IWM191004P151,2019-09-27,2019-09-27 09:43:39,0.81,0.9529,486,0.79,0.9294,54,0.83,0.9764,1,0.8,0.9411,1,0
IWM191004P151,2019-09-27,2019-09-27 09:43:39,0.81,0.9529,337,0.79,0.9294,88,0.83,0.9764,1,0.8,0.9411,1,0
IWM191004P151,2019-09-27,2019-09-27 09:43:40,0.81,0.9529,469,0.79,0.9294,88,0.83,0.9764,1,0.8,0.9411,1,0
IWM191004P151,2019-09-27,2019-09-27 09:43:40,0.81,0.9529,261,0.79,0.9294,174,0.83,0.9764,1,0.8,0.9411,1,0
IWM191004P151,2019-09-27,2019-09-27 09:43:41,0.81,0.9529,292,0.79,0.9294,162,0.83,0.9764,1,0.8,0.9411,1,0
IWM191004P151,2019-09-27,2019-09-27 09:43:42,0.82,0.9647,57,0.8,0.9411,32,0.83,0.9764,1,0.81,0.9529,1,0
IWM191004P151,2019-09-27,2019-09-27 09:43:42,0.81,0.9529,292,0.79,0.9294,162,0.83,0.9764,1,0.8,0.9411,1,0
IWM191004P151,2019-09-27,2019-09-27 09:43:43,0.82,0.9647,268,0.8,0.9411,541,0.83,0.9764,1,0.81,0.9529,1,0
IWM191004P151,2019-09-27,2019-09-27 09:43:43,0.82,0.9647,451,0.8,0.9411,174,0.83,0.9764,1,0.81,0.9529,1,0
IWM191004P151,2019-09-27,2019-09-27 09:43:44,0.82,0.9647,451,0.8,0.9411,209,0.83,0.9764,1,0.81,0.9529,1,0
IWM191004P151,2019-09-27,2019-09-27 09:43:44,0.82,0.9647,441,0.8,0.9411,101,0.83,0.9764,1,0.81,0.9529,1,0
IWM191004P151,2019-09-27,2019-09-27 09:43:45,0.82,0.9647,447,0.8,0.9411,90,0.83,0.9764,1,0.81,0.9529,1,0
IWM191004P151,2019-09-27,2019-09-27 09:43:45,0.82,0.9647,441,0.8,0.9411,100,0.83,0.9764,1,0.81,0.9529,1,0
IWM191004P151,2019-09-27,2019-09-27 09:43:46,0.82,0.9647,447,0.8,0.9411,123,0.83,0.9764,1,0.81,0.9529,1,0
IWM191004P151,2019-09-27,2019-09-27 09:43:46,0.82,0.9647,447,0.8,0.9411,90,0.83,0.9764,1,0.81,0.9529,1,0
IWM191004P151,2019-09-27,2019-09-27 09:43:47,0.82,0.9647,447,0.8,0.9411,219,0.83,0.9764,1,0.81,0.9529,1,0
IWM191004P151,2019-09-27,2019-09-27 09:43:48,0.82,0.9647,466,0.8,0.9411,219,0.83,0.9764,1,0.81,0.9529,1,0
IWM191004P151,2019-09-27,2019-09-27 09:43:49,0.82,0.9647,316,0.8,0.9411,74,0.83,0.9764,1,0.81,0.9529,1,0
IWM191004P151,2019-09-27,2019-09-27 09:43:49,0.82,0.9647,500,0.79,0.9294,55,0.83,0.9764,1,0.805,0.947,1,0
IWM191004P151,2019-09-27,2019-09-27 09:43:50,0.82,0.9647,551,0.79,0.9294,80,0.83,0.9764,1,0.805,0.947,1,0
IWM191004P151,2019-09-27,2019-09-27 09:43:50,0.82,0.9647,660,0.79,0.9294,92,0.83,0.9764,1,0.805,0.947,1,0
IWM191004P151,2019-09-27,2019-09-27 09:43:51,0.82,0.9647,660,0.79,0.9294,91,0.83,0.9764,1,0.805,0.947,1,0
IWM191004P151,2019-09-27,2019-09-27 09:43:52,0.82,0.9647,660,0.79,0.9294,149,0.83,0.9764,1,0.805,0.947,1,0
IWM191004P151,2019-09-27,2019-09-27 09:43:52,0.82,0.9647,660,0.79,0.9294,173,0.83,0.9764,1,0.805,0.947,1,0
IWM191004P151,2019-09-27,2019-09-27 09:43:53,0.82,0.9647,657,0.79,0.9294,94,0.83,0.9764,1,0.805,0.947,1,0
IWM191004P151,2019-09-27,2019-09-27 09:43:53,0.81,0.9529,225,0.79,0.9294,77,0.83,0.9764,1,0.8,0.9411,1,0
IWM191004P151,2019-09-27,2019-09-27 09:43:54,0.81,0.9529,111,0.8,0.9411,20,0.83,0.9764,1,0.805,0.947,1,0
IWM191004P151,2019-09-27,2019-09-27 09:43:54,0.81,0.9529,160,0.8,0.9411,20,0.83,0.9764,1,0.805,0.947,1,0
IWM191004P151,2019-09-27,2019-09-27 09:43:55,0.81,0.9529,53,0.8,0.9411,87,0.83,0.9764,1,0.805,0.947,1,0
IWM191004P151,2019-09-27,2019-09-27 09:43:55,0.81,0.9529,53,0.8,0.9411,20,0.83,0.9764,1,0.805,0.947,1,0
IWM191004P151,2019-09-27,2019-09-27 09:43:56,0.82,0.9647,424,0.8,0.9411,116,0.83,0.9764,1,0.81,0.9529,1,0
IWM191004P151,2019-09-27,2019-09-27 09:43:56,0.82,0.9647,424,0.8,0.9411,78,0.83,0.9764,1,0.81,0.9529,1,0
IWM191004P151,2019-09-27,2019-09-27 09:43:57,0.82,0.9647,436,0.8,0.9411,78,0.83,0.9764,1,0.81,0.9529,1,0
IWM191004P151,2019-09-27,2019-09-27 09:43:58,0.82,0.9647,350,0.8,0.9411,209,0.83,0.9764,1,0.81,0.9529,1,0
IWM191004P151,2019-09-27,2019-09-27 09:43:58,0.82,0.9647,498,0.8,0.9411,24,0.83,0.9764,1,0.81,0.9529,1,0
IWM191004P151,2019-09-27,2019-09-27 09:43:59,0.82,0.9647,350,0.8,0.9411,20,0.83,0.9764,1,0.81,0.9529,1,0
IWM191004P151,2019-09-27,2019-09-27 09:43:59,0.82,0.9647,484,0.8,0.9411,20,0.83,0.9764,1,0.81,0.9529,1,0
IWM191004P151,2019-09-27,2019-09-27 09:44:00,0.82,0.9647,327,0.8,0.9411,119,0.83,0.9764,1,0.81,0.9529,1,0
IWM191004P151,2019-09-27,2019-09-27 09:44:00,0.82,0.9647,350,0.8,0.9411,43,0.83,0.9764,1,0.81,0.9529,1,0
IWM191004P151,2019-09-27,2019-09-27 09:44:01,0.82,0.9647,469,0.79,0.9294,173,0.83,0.9764,1,0.805,0.947,1,0
IWM191004P151,2019-09-27,2019-09-27 09:44:01,0.82,0.9647,469,0.8,0.9411,30,0.83,0.9764,1,0.81,0.9529,1,0
IWM191004P151,2019-09-27,2019-09-27 09:44:02,0.82,0.9647,523,0.79,0.9294,462,0.83,0.9764,1,0.805,0.947,1,0
IWM191004P151,2019-09-27,2019-09-27 09:44:02,0.82,0.9647,469,0.79,0.9294,173,0.83,0.9764,1,0.805,0.947,1,0
IWM191004P151,2019-09-27,2019-09-27 09:44:03,0.82,0.9647,497,0.79,0.9294,462,0.83,0.9764,1,0.805,0.947,1,0
IWM191004P151,2019-09-27,2019-09-27 09:44:03,0.82,0.9647,523,0.79,0.9294,462,0.83,0.9764,1,0.805,0.947,1,0
IWM191004P151,2019-09-27,2019-09-27 09:44:04,0.82,0.9647,381,0.79,0.9294,310,0.83,0.9764,1,0.805,0.947,1,0
IWM191004P151,2019-09-27,2019-09-27 09:44:04,0.82,0.9647,492,0.79,0.9294,408,0.83,0.9764,1,0.805,0.947,1,0
IWM191004P151,2019-09-27,2019-09-27 09:44:05,0.81,0.9529,308,0.79,0.9294,353,0.83,0.9764,1,0.8,0.9411,1,0
IWM191004P151,2019-09-27,2019-09-27 09:44:05,0.81,0.9529,308,0.79,0.9294,122,0.83,0.9764,1,0.8,0.9411,1,0
IWM191004P151,2019-09-27,2019-09-27 09:44:06,0.81,0.9529,320,0.79,0.9294,276,0.83,0.9764,1,0.8,0.9411,1,0
IWM191004P151,2019-09-27,2019-09-27 09:44:07,0.81,0.9529,320,0.79,0.9294,374,0.83,0.9764,1,0.8,0.9411,1,0
IWM191004P151,2019-09-27,2019-09-27 09:44:08,0.81,0.9529,320,0.79,0.9294,374,0.83,0.9764,1,0.8,0.9411,1,0
IWM191004P151,2019-09-27,2019-09-27 09:44:08,0.81,0.9529,320,0.8,0.9411,20,0.83,0.9764,1,0.805,0.947,1,0
IWM191004P151,2019-09-27,2019-09-27 09:44:09,0.81,0.9529,320,0.8,0.9411,20,0.83,0.9764,1,0.805,0.947,1,0
IWM191004P151,2019-09-27,2019-09-27 09:44:09,0.81,0.9529,214,0.79,0.9294,146,0.83,0.9764,1,0.8,0.9411,1,0
IWM191004P151,2019-09-27,2019-09-27 09:44:10,0.81,0.9529,320,0.79,0.9294,215,0.83,0.9764,1,0.8,0.9411,1,0
IWM191004P151,2019-09-27,2019-09-27 09:44:10,0.81,0.9529,320,0.79,0.9294,146,0.83,0.9764,1,0.8,0.9411,1,0
IWM191004P151,2019-09-27,2019-09-27 09:44:11,0.81,0.9529,320,0.79,0.9294,158,0.83,0.9764,1,0.8,0.9411,1,0
IWM191004P151,2019-09-27,2019-09-27 09:44:11,0.81,0.9529,499,0.79,0.9294,20,0.83,0.9764,1,0.8,0.9411,1,0
IWM191004P151,2019-09-27,2019-09-27 09:44:12,0.81,0.9529,509,0.79,0.9294,22,0.83,0.9764,1,0.8,0.9411,1,0
IWM191004P151,2019-09-27,2019-09-27 09:44:13,0.81,0.9529,509,0.79,0.9294,22,0.83,0.9764,1,0.8,0.9411,1,0
IWM191004P151,2019-09-27,2019-09-27 09:44:14,0.81,0.9529,280,0.79,0.9294,129,0.83,0.9764,1,0.8,0.9411,1,0
IWM191004P151,2019-09-27,2019-09-27 09:44:14,0.81,0.9529,489,0.79,0.9294,22,0.83,0.9764,1,0.8,0.9411,1,0
IWM191004P151,2019-09-27,2019-09-27 09:44:15,0.81,0.9529,280,0.79,0.9294,77,0.83,0.9764,1,0.8,0.9411,1,0
IWM191004P151,2019-09-27,2019-09-27 09:44:15,0.81,0.9529,280,0.79,0.9294,63,0.83,0.9764,1,0.8,0.9411,1,0
IWM191004P151,2019-09-27,2019-09-27 09:44:16,0.81,0.9529,280,0.79,0.9294,77,0.83,0.9764,1,0.8,0.9411,1,0
IWM191004P151,2019-09-27,2019-09-27 09:44:17,0.81,0.9529,243,0.8,0.9411,20,0.83,0.9764,1,0.805,0.947,1,0
IWM191004P151,2019-09-27,2019-09-27 09:44:17,0.81,0.9529,356,0.79,0.9294,181,0.83,0.9764,1,0.8,0.9411,1,0
IWM191004P151,2019-09-27,2019-09-27 09:44:18,0.81,0.9529,402,0.79,0.9294,36,0.83,0.9764,1,0.8,0.9411,1,0
IWM191004P151,2019-09-27,2019-09-27 09:44:18,0.81,0.9529,402,0.79,0.9294,181,0.83,0.9764,1,0.8,0.9411,1,0
IWM191004P151,2019-09-27,2019-09-27 09:44:19,0.81,0.9529,402,0.79,0.9294,36,0.83,0.9764,1,0.8,0.9411,1,0
IWM191004P151,2019-09-27,2019-09-27 09:44:20,0.81,0.9529,231,0.8,0.9411,101,0.83,0.9764,1,0.805,0.947,1,0
IWM191004P151,2019-09-27,2019-09-27 09:44:20,0.81,0.9529,402,0.79,0.9294,72,0.83,0.9764,1,0.8,0.9411,1,0
IWM191004P151,2019-09-27,2019-09-27 09:44:21,0.82,0.9647,64,0.8,0.9411,390,0.83,0.9764,1,0.81,0.9529,1,0
IWM191004P151,2019-09-27,2019-09-27 09:44:21,0.82,0.9647,152,0.8,0.9411,267,0.83,0.9764,1,0.81,0.9529,1,0
IWM191004P151,2019-09-27,2019-09-27 09:44:22,0.82,0.9647,110,0.8,0.9411,336,0.83,0.9764,1,0.81,0.9529,1,0
IWM191004P151,2019-09-27,2019-09-27 09:44:22,0.82,0.9647,77,0.8,0.9411,421,0.83,0.9764,1,0.81,0.9529,1,0
IWM191004P151,2019-09-27,2019-09-27 09:44:23,0.82,0.9647,47,0.8,0.9411,421,0.83,0.9764,1,0.81,0.9529,1,0
IWM191004P151,2019-09-27,2019-09-27 09:44:23,0.82,0.9647,25,0.81,0.9529,20,0.83,0.9764,1,0.815,0.9588,1,0
IWM191004P151,2019-09-27,2019-09-27 09:44:24,0.82,0.9647,25,0.8,0.9411,212,0.83,0.9764,1,0.81,0.9529,1,0
IWM191004P151,2019-09-27,2019-09-27 09:44:24,0.82,0.9647,25,0.81,0.9529,103,0.83,0.9764,1,0.815,0.9588,1,0
IWM191004P151,2019-09-27,2019-09-27 09:44:25,0.82,0.9647,99,0.8,0.9411,212,0.83,0.9764,1,0.81,0.9529,1,0
IWM191004P151,2019-09-27,2019-09-27 09:44:25,0.82,0.9647,138,0.8,0.9411,430,0.83,0.9764,1,0.81,0.9529,1,0
IWM191004P151,2019-09-27,2019-09-27 09:44:26,0.82,0.9647,212,0.8,0.9411,191,0.83,0.9764,1,0.81,0.9529,1,0
IWM191004P151,2019-09-27,2019-09-27 09:44:26,0.82,0.9647,176,0.8,0.9411,430,0.83,0.9764,1,0.81,0.9529,1,0
IWM191004P151,2019-09-27,2019-09-27 09:44:27,0.82,0.9647,328,0.8,0.9411,290,0.83,0.9764,1,0.81,0.9529,1,0
IWM191004P151,2019-09-27,2019-09-27 09:44:27,0.82,0.9647,328,0.8,0.9411,287,0.83,0.9764,1,0.81,0.9529,1,0
IWM191004P151,2019-09-27,2019-09-27 09:44:28,0.82,0.9647,11,0.8,0.9411,171,0.83,0.9764,1,0.81,0.9529,1,0
IWM191004P151,2019-09-27,2019-09-27 09:44:28,0.82,0.9647,348,0.8,0.9411,69,0.83,0.9764,1,0.81,0.9529,1,0
IWM191004P151,2019-09-27,2019-09-27 09:44:29,0.83,0.9764,328,0.81,0.9529,62,0.83,0.9764,1,0.82,0.9647,1,0
IWM191004P151,2019-09-27,2019-09-27 09:44:29,0.83,0.9764,469,0.81,0.9529,62,0.83,0.9764,1,0.82,0.9647,1,0
IWM191004P151,2019-09-27,2019-09-27 09:44:30,0.83,0.9764,338,0.81,0.9529,82,0.83,0.9764,1,0.82,0.9647,1,0
IWM191004P151,2019-09-27,2019-09-27 09:44:31,0.83,0.9764,473,0.8,0.9411,491,0.83,0.9764,1,0.815,0.9588,1,0
IWM191004P151,2019-09-27,2019-09-27 09:44:31,0.83,0.9764,582,0.8,0.9411,595,0.83,0.9764,1,0.815,0.9588,1,0
IWM191004P151,2019-09-27,2019-09-27 09:44:32,0.83,0.9764,473,0.8,0.9411,591,0.83,0.9764,1,0.815,0.9588,1,0
IWM191004P151,2019-09-27,2019-09-27 09:44:32,0.83,0.9764,472,0.8,0.9411,251,0.83,0.9764,1,0.815,0.9588,1,0
IWM191004P151,2019-09-27,2019-09-27 09:44:33,0.83,0.9764,466,0.81,0.9529,22,0.83,0.9764,1,0.82,0.9647,1,0
IWM191004P151,2019-09-27,2019-09-27 09:44:34,0.83,0.9764,466,0.81,0.9529,22,0.83,0.9764,1,0.82,0.9647,1,0
IWM191004P151,2019-09-27,2019-09-27 09:44:35,0.83,0.9764,328,0.81,0.9529,10,0.83,0.9764,1,0.82,0.9647,1,0
IWM191004P151,2019-09-27,2019-09-27 09:44:36,0.83,0.9764,328,0.8,0.9411,90,0.83,0.9764,1,0.815,0.9588,1,0
IWM191004P151,2019-09-27,2019-09-27 09:44:36,0.83,0.9764,328,0.8,0.9411,108,0.83,0.9764,1,0.815,0.9588,1,0
IWM191004P151,2019-09-27,2019-09-27 09:44:37,0.81,0.9529,306,0.79,0.9294,219,0.83,0.9764,1,0.8,0.9411,1,0
IWM191004P151,2019-09-27,2019-09-27 09:44:37,0.82,0.9647,434,0.8,0.9411,67,0.83,0.9764,1,0.81,0.9529,1,0
IWM191004P151,2019-09-27,2019-09-27 09:44:38,0.81,0.9529,312,0.79,0.9294,219,0.83,0.9764,1,0.8,0.9411,1,0
IWM191004P151,2019-09-27,2019-09-27 09:44:38,0.81,0.9529,312,0.79,0.9294,329,0.83,0.9764,1,0.8,0.9411,1,0
IWM191004P151,2019-09-27,2019-09-27 09:44:39,0.81,0.9529,412,0.79,0.9294,47,0.83,0.9764,1,0.8,0.9411,1,0
IWM191004P151,2019-09-27,2019-09-27 09:44:39,0.81,0.9529,412,0.79,0.9294,329,0.83,0.9764,1,0.8,0.9411,1,0
IWM191004P151,2019-09-27,2019-09-27 09:44:40,0.81,0.9529,304,0.79,0.9294,71,0.83,0.9764,1,0.8,0.9411,1,0
IWM191004P151,2019-09-27,2019-09-27 09:44:40,0.81,0.9529,441,0.79,0.9294,47,0.83,0.9764,1,0.8,0.9411,1,0
IWM191004P151,2019-09-27,2019-09-27 09:44:41,0.81,0.9529,314,0.79,0.9294,43,0.83,0.9764,1,0.8,0.9411,1,0
IWM191004P151,2019-09-27,2019-09-27 09:44:41,0.81,0.9529,314,0.79,0.9294,210,0.83,0.9764,1,0.8,0.9411,1,0
IWM191004P151,2019-09-27,2019-09-27 09:44:42,0.81,0.9529,314,0.79,0.9294,305,0.83,0.9764,1,0.8,0.9411,1,0
IWM191004P151,2019-09-27,2019-09-27 09:44:43,0.81,0.9529,314,0.79,0.9294,443,0.83,0.9764,1,0.8,0.9411,1,0
IWM191004P151,2019-09-27,2019-09-27 09:44:43,0.81,0.9529,84,0.79,0.9294,470,0.83,0.9764,1,0.8,0.9411,1,0
IWM191004P151,2019-09-27,2019-09-27 09:44:44,0.81,0.9529,61,0.79,0.9294,470,0.83,0.9764,1,0.8,0.9411,1,0
IWM191004P151,2019-09-27,2019-09-27 09:44:45,0.81,0.9529,134,0.79,0.9294,558,0.83,0.9764,1,0.8,0.9411,1,0
IWM191004P151,2019-09-27,2019-09-27 09:44:45,0.81,0.9529,227,0.79,0.9294,480,0.83,0.9764,1,0.8,0.9411,1,0
IWM191004P151,2019-09-27,2019-09-27 09:44:46,0.81,0.9529,369,0.79,0.9294,127,0.83,0.9764,1,0.8,0.9411,1,0
IWM191004P151,2019-09-27,2019-09-27 09:44:46,0.81,0.9529,134,0.79,0.9294,480,0.83,0.9764,1,0.8,0.9411,1,0
IWM191004P151,2019-09-27,2019-09-27 09:44:47,0.81,0.9529,369,0.78,0.9176,323,0.83,0.9764,1,0.795,0.9352,1,0
IWM191004P151,2019-09-27,2019-09-27 09:44:47,0.81,0.9529,369,0.79,0.9294,20,0.83,0.9764,1,0.8,0.9411,1,0
IWM191004P151,2019-09-27,2019-09-27 09:44:48,0.81,0.9529,484,0.78,0.9176,221,0.83,0.9764,1,0.795,0.9352,1,0
IWM191004P151,2019-09-27,2019-09-27 09:44:48,0.81,0.9529,484,0.78,0.9176,323,0.83,0.9764,1,0.795,0.9352,1,0
IWM191004P151,2019-09-27,2019-09-27 09:44:49,0.81,0.9529,484,0.78,0.9176,221,0.83,0.9764,1,0.795,0.9352,1,0
IWM191004P151,2019-09-27,2019-09-27 09:44:50,0.81,0.9529,484,0.78,0.9176,221,0.83,0.9764,1,0.795,0.9352,1,0
IWM191004P151,2019-09-27,2019-09-27 09:44:51,0.81,0.9529,360,0.78,0.9176,221,0.83,0.9764,1,0.795,0.9352,1,0
IWM191004P151,2019-09-27,2019-09-27 09:44:51,0.81,0.9529,504,0.78,0.9176,221,0.83,0.9764,1,0.795,0.9352,1,0
IWM191004P151,2019-09-27,2019-09-27 09:44:52,0.81,0.9529,493,0.79,0.9294,32,0.83,0.9764,1,0.8,0.9411,1,0
IWM191004P151,2019-09-27,2019-09-27 09:44:52,0.81,0.9529,434,0.79,0.9294,292,0.83,0.9764,1,0.8,0.9411,1,0
IWM191004P151,2019-09-27,2019-09-27 09:44:53,0.81,0.9529,444,0.79,0.9294,90,0.83,0.9764,1,0.8,0.9411,1,0
IWM191004P151,2019-09-27,2019-09-27 09:44:53,0.81,0.9529,434,0.79,0.9294,90,0.83,0.9764,1,0.8,0.9411,1,0
IWM191004P151,2019-09-27,2019-09-27 09:44:54,0.81,0.9529,434,0.79,0.9294,24,0.83,0.9764,1,0.8,0.9411,1,0
IWM191004P151,2019-09-27,2019-09-27 09:44:55,0.82,0.9647,303,0.79,0.9294,189,0.83,0.9764,1,0.805,0.947,1,0
IWM191004P151,2019-09-27,2019-09-27 09:44:55,0.81,0.9529,21,0.79,0.9294,189,0.83,0.9764,1,0.8,0.9411,1,0
IWM191004P151,2019-09-27,2019-09-27 09:44:56,0.81,0.9529,73,0.79,0.9294,279,0.83,0.9764,1,0.8,0.9411,1,0
IWM191004P151,2019-09-27,2019-09-27 09:44:56,0.81,0.9529,49,0.79,0.9294,189,0.83,0.9764,1,0.8,0.9411,1,0
IWM191004P151,2019-09-27,2019-09-27 09:44:57,0.81,0.9529,368,0.79,0.9294,131,0.83,0.9764,1,0.8,0.9411,1,0
IWM191004P151,2019-09-27,2019-09-27 09:44:57,0.81,0.9529,73,0.79,0.9294,134,0.83,0.9764,1,0.8,0.9411,1,0
IWM191004P151,2019-09-27,2019-09-27 09:44:58,0.81,0.9529,385,0.79,0.9294,131,0.83,0.9764,1,0.8,0.9411,1,0
IWM191004P151,2019-09-27,2019-09-27 09:44:58,0.81,0.9529,378,0.79,0.9294,131,0.83,0.9764,1,0.8,0.9411,1,0
IWM191004P151,2019-09-27,2019-09-27 09:44:59,0.81,0.9529,255,0.79,0.9294,36,0.83,0.9764,1,0.8,0.9411,1,0
IWM191004P151,2019-09-27,2019-09-27 09:44:59,0.81,0.9529,267,0.79,0.9294,173,0.83,0.9764,1,0.8,0.9411,1,0
IWM191004P151,2019-09-27,2019-09-27 09:45:00,0.81,0.9529,76,0.79,0.9294,150,0.83,0.9764,1,0.8,0.9411,1,0
IWM191004P151,2019-09-27,2019-09-27 09:45:00,0.81,0.9529,173,0.79,0.9294,359,0.83,0.9764,1,0.8,0.9411,1,0
IWM191004P151,2019-09-27,2019-09-27 09:45:01,0.81,0.9529,280,0.79,0.9294,115,0.83,0.9764,1,0.8,0.9411,1,0
IWM191004P151,2019-09-27,2019-09-27 09:45:02,0.81,0.9529,400,0.79,0.9294,36,0.83,0.9764,1,0.8,0.9411,1,0
IWM191004P151,2019-09-27,2019-09-27 09:45:02,0.81,0.9529,243,0.79,0.9294,172,0.83,0.9764,1,0.8,0.9411,1,0
IWM191004P151,2019-09-27,2019-09-27 09:45:03,0.81,0.9529,243,0.79,0.9294,310,0.83,0.9764,1,0.8,0.9411,1,0
IWM191004P151,2019-09-27,2019-09-27 09:45:03,0.81,0.9529,172,0.79,0.9294,102,0.83,0.9764,1,0.8,0.9411,1,0
IWM191004P151,2019-09-27,2019-09-27 09:45:04,0.82,0.9647,218,0.8,0.9411,218,0.83,0.9764,1,0.81,0.9529,1,0
IWM191004P151,2019-09-27,2019-09-27 09:45:04,0.82,0.9647,350,0.79,0.9294,102,0.83,0.9764,1,0.805,0.947,1,0
IWM191004P151,2019-09-27,2019-09-27 09:45:05,0.82,0.9647,333,0.8,0.9411,177,0.83,0.9764,1,0.81,0.9529,1,0
IWM191004P151,2019-09-27,2019-09-27 09:45:05,0.82,0.9647,333,0.8,0.9411,264,0.83,0.9764,1,0.81,0.9529,1,0
IWM191004P151,2019-09-27,2019-09-27 09:45:06,0.82,0.9647,464,0.8,0.9411,177,0.83,0.9764,1,0.81,0.9529,1,0
IWM191004P151,2019-09-27,2019-09-27 09:45:07,0.82,0.9647,464,0.8,0.9411,177,0.83,0.9764,1,0.81,0.9529,1,0
IWM191004P151,2019-09-27,2019-09-27 09:45:08,0.82,0.9647,523,0.79,0.9294,627,0.83,0.9764,1,0.805,0.947,1,0
IWM191004P151,2019-09-27,2019-09-27 09:45:08,0.82,0.9647,464,0.79,0.9294,627,0.83,0.9764,1,0.805,0.947,1,0
IWM191004P151,2019-09-27,2019-09-27 09:45:09,0.82,0.9647,464,0.79,0.9294,774,0.83,0.9764,1,0.805,0.947,1,0
IWM191004P151,2019-09-27,2019-09-27 09:45:09,0.81,0.9529,10,0.79,0.9294,774,0.83,0.9764,1,0.8,0.9411,1,0
IWM191004P151,2019-09-27,2019-09-27 09:45:10,0.82,0.9647,350,0.8,0.9411,101,0.83,0.9764,1,0.81,0.9529,1,0
IWM191004P151,2019-09-27,2019-09-27 09:45:10,0.81,0.9529,10,0.8,0.9411,101,0.83,0.9764,1,0.805,0.947,1,0
IWM191004P151,2019-09-27,2019-09-27 09:45:11,0.82,0.9647,486,0.8,0.9411,101,0.83,0.9764,1,0.81,0.9529,1,0
IWM191004P151,2019-09-27,2019-09-27 09:45:12,0.82,0.9647,496,0.79,0.9294,394,0.83,0.9764,1,0.805,0.947,1,0
IWM191004P151,2019-09-27,2019-09-27 09:45:12,0.82,0.9647,496,0.79,0.9294,270,0.83,0.9764,1,0.805,0.947,1,0
IWM191004P151,2019-09-27,2019-09-27 09:45:13,0.82,0.9647,486,0.79,0.9294,394,0.83,0.9764,1,0.805,0.947,1,0
IWM191004P151,2019-09-27,2019-09-27 09:45:13,0.82,0.9647,360,0.79,0.9294,394,0.83,0.9764,1,0.805,0.947,1,0
IWM191004P151,2019-09-27,2019-09-27 09:45:14,0.82,0.9647,497,0.8,0.9411,319,0.83,0.9764,1,0.81,0.9529,1,0
IWM191004P151,2019-09-27,2019-09-27 09:45:14,0.82,0.9647,497,0.79,0.9294,394,0.83,0.9764,1,0.805,0.947,1,0
IWM191004P151,2019-09-27,2019-09-27 09:45:15,0.82,0.9647,316,0.8,0.9411,319,0.83,0.9764,1,0.81,0.9529,1,0
IWM191004P151,2019-09-27,2019-09-27 09:45:15,0.82,0.9647,328,0.8,0.9411,329,0.83,0.9764,1,0.81,0.9529,1,0
IWM191004P151,2019-09-27,2019-09-27 09:45:16,0.82,0.9647,370,0.8,0.9411,272,0.83,0.9764,1,0.81,0.9529,1,0
IWM191004P151,2019-09-27,2019-09-27 09:45:16,0.82,0.9647,328,0.8,0.9411,290,0.83,0.9764,1,0.81,0.9529,1,0
IWM191004P151,2019-09-27,2019-09-27 09:45:17,0.82,0.9647,370,0.8,0.9411,52,0.83,0.9764,1,0.81,0.9529,1,0
IWM191004P151,2019-09-27,2019-09-27 09:45:18,0.82,0.9647,361,0.8,0.9411,259,0.83,0.9764,1,0.81,0.9529,1,0
IWM191004P151,2019-09-27,2019-09-27 09:45:18,0.82,0.9647,370,0.8,0.9411,108,0.83,0.9764,1,0.81,0.9529,1,0
IWM191004P151,2019-09-27,2019-09-27 09:45:19,0.82,0.9647,480,0.8,0.9411,259,0.83,0.9764,1,0.81,0.9529,1,0
IWM191004P151,2019-09-27,2019-09-27 09:45:19,0.82,0.9647,335,0.8,0.9411,46,0.83,0.9764,1,0.81,0.9529,1,0
IWM191004P151,2019-09-27,2019-09-27 09:45:20,0.82,0.9647,468,0.8,0.9411,31,0.83,0.9764,1,0.81,0.9529,1,0
IWM191004P151,2019-09-27,2019-09-27 09:45:20,0.82,0.9647,468,0.8,0.9411,46,0.83,0.9764,1,0.81,0.9529,1,0
IWM191004P151,2019-09-27,2019-09-27 09:45:21,0.82,0.9647,468,0.8,0.9411,46,0.83,0.9764,1,0.81,0.9529,1,0
IWM191004P151,2019-09-27,2019-09-27 09:45:22,0.82,0.9647,89,0.8,0.9411,487,0.83,0.9764,1,0.81,0.9529,1,0
IWM191004P151,2019-09-27,2019-09-27 09:45:22,0.82,0.9647,369,0.81,0.9529,20,0.83,0.9764,1,0.815,0.9588,1,0
IWM191004P151,2019-09-27,2019-09-27 09:45:23,0.82,0.9647,306,0.8,0.9411,506,0.83,0.9764,1,0.81,0.9529,1,0
IWM191004P151,2019-09-27,2019-09-27 09:45:23,0.82,0.9647,255,0.8,0.9411,420,0.83,0.9764,1,0.81,0.9529,1,0
IWM191004P151,2019-09-27,2019-09-27 09:45:24,0.82,0.9647,406,0.8,0.9411,36,0.83,0.9764,1,0.81,0.9529,1,0
IWM191004P151,2019-09-27,2019-09-27 09:45:24,0.82,0.9647,406,0.8,0.9411,25,0.83,0.9764,1,0.81,0.9529,1,0
IWM191004P151,2019-09-27,2019-09-27 09:45:25,0.82,0.9647,475,0.8,0.9411,25,0.83,0.9764,1,0.81,0.9529,1,0
IWM191004P151,2019-09-27,2019-09-27 09:45:26,0.82,0.9647,475,0.8,0.9411,128,0.83,0.9764,1,0.81,0.9529,1,0
IWM191004P151,2019-09-27,2019-09-27 09:45:26,0.82,0.9647,475,0.8,0.9411,25,0.83,0.9764,1,0.81,0.9529,1,0
IWM191004P151,2019-09-27,2019-09-27 09:45:27,0.82,0.9647,215,0.8,0.9411,121,0.83,0.9764,1,0.81,0.9529,1,0
IWM191004P151,2019-09-27,2019-09-27 09:45:27,0.82,0.9647,326,0.8,0.9411,198,0.83,0.9764,1,0.81,0.9529,1,0
IWM191004P151,2019-09-27,2019-09-27 09:45:28,0.82,0.9647,156,0.8,0.9411,480,0.83,0.9764,1,0.81,0.9529,1,0
IWM191004P151,2019-09-27,2019-09-27 09:45:28,0.82,0.9647,156,0.8,0.9411,469,0.83,0.9764,1,0.81,0.9529,1,0
IWM191004P151,2019-09-27,2019-09-27 09:45:29,0.82,0.9647,44,0.8,0.9411,469,0.83,0.9764,1,0.81,0.9529,1,0
IWM191004P151,2019-09-27,2019-09-27 09:45:30,0.82,0.9647,44,0.8,0.9411,469,0.83,0.9764,1,0.81,0.9529,1,0
IWM191004P151,2019-09-27,2019-09-27 09:45:30,0.82,0.9647,44,0.8,0.9411,577,0.83,0.9764,1,0.81,0.9529,1,0
IWM191004P151,2019-09-27,2019-09-27 09:45:31,0.82,0.9647,331,0.8,0.9411,216,0.83,0.9764,1,0.81,0.9529,1,0
IWM191004P151,2019-09-27,2019-09-27 09:45:31,0.82,0.9647,62,0.8,0.9411,206,0.83,0.9764,1,0.81,0.9529,1,0
IWM191004P151,2019-09-27,2019-09-27 09:45:32,0.82,0.9647,331,0.8,0.9411,344,0.83,0.9764,1,0.81,0.9529,1,0
IWM191004P151,2019-09-27,2019-09-27 09:45:32,0.82,0.9647,331,0.8,0.9411,459,0.83,0.9764,1,0.81,0.9529,1,0
IWM191004P151,2019-09-27,2019-09-27 09:45:33,0.82,0.9647,230,0.8,0.9411,459,0.83,0.9764,1,0.81,0.9529,1,0
IWM191004P151,2019-09-27,2019-09-27 09:45:33,0.82,0.9647,291,0.8,0.9411,206,0.83,0.9764,1,0.81,0.9529,1,0
IWM191004P151,2019-09-27,2019-09-27 09:45:34,0.82,0.9647,405,0.8,0.9411,84,0.83,0.9764,1,0.81,0.9529,1,0
IWM191004P151,2019-09-27,2019-09-27 09:45:35,0.82,0.9647,445,0.8,0.9411,25,0.83,0.9764,1,0.81,0.9529,1,0
IWM191004P151,2019-09-27,2019-09-27 09:45:35,0.82,0.9647,510,0.8,0.9411,60,0.83,0.9764,1,0.81,0.9529,1,0
IWM191004P151,2019-09-27,2019-09-27 09:45:36,0.82,0.9647,510,0.8,0.9411,68,0.83,0.9764,1,0.81,0.9529,1,0
IWM191004P151,2019-09-27,2019-09-27 09:45:36,0.82,0.9647,510,0.8,0.9411,90,0.83,0.9764,1,0.81,0.9529,1,0
IWM191004P151,2019-09-27,2019-09-27 09:45:37,0.82,0.9647,315,0.8,0.9411,45,0.83,0.9764,1,0.81,0.9529,1,0
IWM191004P151,2019-09-27,2019-09-27 09:45:37,0.82,0.9647,499,0.8,0.9411,45,0.83,0.9764,1,0.81,0.9529,1,0
IWM191004P151,2019-09-27,2019-09-27 09:45:38,0.82,0.9647,61,0.8,0.9411,45,0.83,0.9764,1,0.81,0.9529,1,0
IWM191004P151,2019-09-27,2019-09-27 09:45:38,0.82,0.9647,39,0.81,0.9529,20,0.83,0.9764,1,0.815,0.9588,1,0
IWM191004P151,2019-09-27,2019-09-27 09:45:39,0.82,0.9647,52,0.8,0.9411,633,0.83,0.9764,1,0.81,0.9529,1,0
IWM191004P151,2019-09-27,2019-09-27 09:45:39,0.82,0.9647,39,0.8,0.9411,414,0.83,0.9764,1,0.81,0.9529,1,0
IWM191004P151,2019-09-27,2019-09-27 09:45:40,0.82,0.9647,154,0.8,0.9411,448,0.83,0.9764,1,0.81,0.9529,1,0
IWM191004P151,2019-09-27,2019-09-27 09:45:40,0.82,0.9647,58,0.8,0.9411,633,0.83,0.9764,1,0.81,0.9529,1,0
IWM191004P151,2019-09-27,2019-09-27 09:45:41,0.82,0.9647,99,0.8,0.9411,448,0.83,0.9764,1,0.81,0.9529,1,0
IWM191004P151,2019-09-27,2019-09-27 09:45:41,0.82,0.9647,99,0.8,0.9411,549,0.83,0.9764,1,0.81,0.9529,1,0
IWM191004P151,2019-09-27,2019-09-27 09:45:42,0.82,0.9647,62,0.81,0.9529,20,0.83,0.9764,1,0.815,0.9588,1,0
IWM191004P151,2019-09-27,2019-09-27 09:45:42,0.83,0.9764,456,0.81,0.9529,176,0.83,0.9764,1,0.82,0.9647,1,0
IWM191004P151,2019-09-27,2019-09-27 09:45:43,0.83,0.9764,456,0.81,0.9529,446,0.83,0.9764,1,0.82,0.9647,1,0
IWM191004P151,2019-09-27,2019-09-27 09:45:43,0.83,0.9764,456,0.81,0.9529,176,0.83,0.9764,1,0.82,0.9647,1,0
IWM191004P151,2019-09-27,2019-09-27 09:45:44,0.83,0.9764,409,0.81,0.9529,280,0.83,0.9764,1,0.82,0.9647,1,0
IWM191004P151,2019-09-27,2019-09-27 09:45:44,0.83,0.9764,402,0.81,0.9529,456,0.83,0.9764,1,0.82,0.9647,1,0
IWM191004P151,2019-09-27,2019-09-27 09:45:45,0.83,0.9764,248,0.81,0.9529,439,0.83,0.9764,1,0.82,0.9647,1,0
IWM191004P151,2019-09-27,2019-09-27 09:45:45,0.83,0.9764,289,0.81,0.9529,329,0.83,0.9764,1,0.82,0.9647,1,0
IWM191004P151,2019-09-27,2019-09-27 09:45:46,0.83,0.9764,264,0.81,0.9529,458,0.83,0.9764,1,0.82,0.9647,1,0
IWM191004P151,2019-09-27,2019-09-27 09:45:46,0.83,0.9764,372,0.81,0.9529,439,0.83,0.9764,1,0.82,0.9647,1,0
IWM191004P151,2019-09-27,2019-09-27 09:45:47,0.83,0.9764,264,0.81,0.9529,464,0.83,0.9764,1,0.82,0.9647,1,0
IWM191004P151,2019-09-27,2019-09-27 09:45:47,0.83,0.9764,392,0.81,0.9529,286,0.83,0.9764,1,0.82,0.9647,1,0
IWM191004P151,2019-09-27,2019-09-27 09:45:48,0.83,0.9764,377,0.81,0.9529,465,0.83,0.9764,1,0.82,0.9647,1,0
IWM191004P151,2019-09-27,2019-09-27 09:45:49,0.83,0.9764,377,0.81,0.9529,465,0.83,0.9764,1,0.82,0.9647,1,0
IWM191004P151,2019-09-27,2019-09-27 09:45:50,0.83,0.9764,377,0.81,0.9529,465,0.83,0.9764,1,0.82,0.9647,1,0
IWM191004P151,2019-09-27,2019-09-27 09:45:51,0.83,0.9764,109,0.81,0.9529,620,0.83,0.9764,1,0.82,0.9647,1,0
IWM191004P151,2019-09-27,2019-09-27 09:45:51,0.83,0.9764,109,0.81,0.9529,413,0.83,0.9764,1,0.82,0.9647,1,0
IWM191004P151,2019-09-27,2019-09-27 09:45:52,0.83,0.9764,356,0.81,0.9529,324,0.83,0.9764,1,0.82,0.9647,1,0
IWM191004P151,2019-09-27,2019-09-27 09:45:52,0.83,0.9764,109,0.81,0.9529,183,0.83,0.9764,1,0.82,0.9647,1,0
IWM191004P151,2019-09-27,2019-09-27 09:45:53,0.83,0.9764,356,0.81,0.9529,395,0.83,0.9764,1,0.82,0.9647,1,0
IWM191004P151,2019-09-27,2019-09-27 09:45:54,0.83,0.9764,360,0.81,0.9529,397,0.83,0.9764,1,0.82,0.9647,1,0
IWM191004P151,2019-09-27,2019-09-27 09:45:54,0.83,0.9764,244,0.81,0.9529,397,0.83,0.9764,1,0.82,0.9647,1,0
IWM191004P151,2019-09-27,2019-09-27 09:45:55,0.83,0.9764,122,0.81,0.9529,494,0.83,0.9764,1,0.82,0.9647,1,0
IWM191004P151,2019-09-27,2019-09-27 09:45:55,0.83,0.9764,67,0.81,0.9529,436,0.83,0.9764,1,0.82,0.9647,1,0
IWM191004P151,2019-09-27,2019-09-27 09:45:56,0.83,0.9764,66,0.82,0.9647,105,0.83,0.9764,1,0.825,0.9705,1,0
IWM191004P151,2019-09-27,2019-09-27 09:45:57,0.83,0.9764,65,0.81,0.9529,415,0.83,0.9764,1,0.82,0.9647,1,0
IWM191004P151,2019-09-27,2019-09-27 09:45:57,0.83,0.9764,65,0.81,0.9529,423,0.83,0.9764,1,0.82,0.9647,1,0
IWM191004P151,2019-09-27,2019-09-27 09:45:58,0.83,0.9764,65,0.82,0.9647,1,0.83,0.9764,1,0.825,0.9705,1,0
IWM191004P151,2019-09-27,2019-09-27 09:45:58,0.83,0.9764,65,0.81,0.9529,477,0.83,0.9764,1,0.82,0.9647,1,0
IWM191004P151,2019-09-27,2019-09-27 09:45:59,0.83,0.9764,75,0.81,0.9529,318,0.83,0.9764,1,0.82,0.9647,1,0
IWM191004P151,2019-09-27,2019-09-27 09:45:59,0.84,0.9882,400,0.82,0.9647,157,0.83,0.9764,1,0.83,0.9764,1,0
IWM191004P151,2019-09-27,2019-09-27 09:46:00,0.84,0.9882,400,0.82,0.9647,408,0.83,0.9764,1,0.83,0.9764,1,0
IWM191004P151,2019-09-27,2019-09-27 09:46:01,0.84,0.9882,29,0.82,0.9647,555,0.83,0.9764,1,0.83,0.9764,1,0
IWM191004P151,2019-09-27,2019-09-27 09:46:01,0.84,0.9882,425,0.82,0.9647,408,0.83,0.9764,1,0.83,0.9764,1,0
IWM191004P151,2019-09-27,2019-09-27 09:46:02,0.84,0.9882,44,0.82,0.9647,783,0.83,0.9764,1,0.83,0.9764,1,0
IWM191004P151,2019-09-27,2019-09-27 09:46:02,0.84,0.9882,44,0.82,0.9647,726,0.83,0.9764,1,0.83,0.9764,1,0
IWM191004P151,2019-09-27,2019-09-27 09:46:03,0.84,0.9882,51,0.82,0.9647,484,0.83,0.9764,1,0.83,0.9764,1,0
IWM191004P151,2019-09-27,2019-09-27 09:46:03,0.84,0.9882,51,0.82,0.9647,676,0.83,0.9764,1,0.83,0.9764,1,0
IWM191004P151,2019-09-27,2019-09-27 09:46:04,0.84,0.9882,51,0.82,0.9647,718,0.83,0.9764,1,0.83,0.9764,1,0
IWM191004P151,2019-09-27,2019-09-27 09:46:05,0.85,1.0,492,0.83,0.9764,32,0.83,0.9764,1,0.84,0.9882,1,0
IWM191004P151,2019-09-27,2019-09-27 09:46:05,0.85,1.0,427,0.83,0.9764,48,0.83,0.9764,1,0.84,0.9882,1,0
IWM191004P151,2019-09-27,2019-09-27 09:46:06,0.85,1.0,372,0.83,0.9764,117,0.83,0.9764,1,0.84,0.9882,1,0
IWM191004P151,2019-09-27,2019-09-27 09:46:06,0.85,1.0,372,0.83,0.9764,133,0.83,0.9764,1,0.84,0.9882,1,0
IWM191004P151,2019-09-27,2019-09-27 09:46:07,0.85,1.0,429,0.83,0.9764,18,0.83,0.9764,1,0.84,0.9882,1,0
IWM191004P151,2019-09-27,2019-09-27 09:46:07,0.85,1.0,429,0.83,0.9764,30,0.83,0.9764,1,0.84,0.9882,1,0
IWM191004P151,2019-09-27,2019-09-27 09:46:08,0.85,1.0,376,0.83,0.9764,92,0.83,0.9764,1,0.84,0.9882,1,0
IWM191004P151,2019-09-27,2019-09-27 09:46:08,0.85,1.0,429,0.83,0.9764,12,0.83,0.9764,1,0.84,0.9882,1,0
IWM191004P151,2019-09-27,2019-09-27 09:46:09,0.85,1.0,223,0.83,0.9764,488,0.83,0.9764,1,0.84,0.9882,1,0
IWM191004P151,2019-09-27,2019-09-27 09:46:09,0.85,1.0,428,0.83,0.9764,164,0.83,0.9764,1,0.84,0.9882,1,0
IWM191004P151,2019-09-27,2019-09-27 09:46:10,0.85,1.0,66,0.83,0.9764,487,0.83,0.9764,1,0.84,0.9882,1,0
IWM191004P151,2019-09-27,2019-09-27 09:46:10,0.86,1.0117,520,0.83,0.9764,465,0.83,0.9764,1,0.845,0.9941,1,0
IWM191004P151,2019-09-27,2019-09-27 09:46:11,0.85,1.0,121,0.83,0.9764,595,0.83,0.9764,1,0.84,0.9882,1,0
IWM191004P151,2019-09-27,2019-09-27 09:46:12,0.86,1.0117,326,0.84,0.9882,213,0.83,0.9764,1,0.85,1.0,1,0
IWM191004P151,2019-09-27,2019-09-27 09:46:12,0.86,1.0117,282,0.83,0.9764,743,0.83,0.9764,1,0.845,0.9941,1,0
IWM191004P151,2019-09-27,2019-09-27 09:46:13,0.86,1.0117,300,0.84,0.9882,248,0.83,0.9764,1,0.85,1.0,1,0
IWM191004P151,2019-09-27,2019-09-27 09:46:13,0.86,1.0117,377,0.84,0.9882,311,0.83,0.9764,1,0.85,1.0,1,0
IWM191004P151,2019-09-27,2019-09-27 09:46:14,0.86,1.0117,377,0.84,0.9882,335,0.83,0.9764,1,0.85,1.0,1,0
IWM191004P151,2019-09-27,2019-09-27 09:46:15,0.86,1.0117,226,0.84,0.9882,335,0.83,0.9764,1,0.85,1.0,1,0
IWM191004P151,2019-09-27,2019-09-27 09:46:15,0.86,1.0117,483,0.84,0.9882,335,0.83,0.9764,1,0.85,1.0,1,0
IWM191004P151,2019-09-27,2019-09-27 09:46:16,0.86,1.0117,302,0.84,0.9882,500,0.83,0.9764,1,0.85,1.0,1,0
IWM191004P151,2019-09-27,2019-09-27 09:46:16,0.86,1.0117,368,0.84,0.9882,517,0.83,0.9764,1,0.85,1.0,1,0
IWM191004P151,2019-09-27,2019-09-27 09:46:17,0.86,1.0117,387,0.84,0.9882,455,0.83,0.9764,1,0.85,1.0,1,0
IWM191004P151,2019-09-27,2019-09-27 09:46:17,0.86,1.0117,387,0.84,0.9882,513,0.83,0.9764,1,0.85,1.0,1,0
IWM191004P151,2019-09-27,2019-09-27 09:46:18,0.86,1.0117,415,0.84,0.9882,513,0.83,0.9764,1,0.85,1.0,1,0
IWM191004P151,2019-09-27,2019-09-27 09:46:18,0.86,1.0117,388,0.84,0.9882,513,0.83,0.9764,1,0.85,1.0,1,0
IWM191004P151,2019-09-27,2019-09-27 09:46:19,0.86,1.0117,408,0.84,0.9882,232,0.83,0.9764,1,0.85,1.0,1,0
IWM191004P151,2019-09-27,2019-09-27 09:46:19,0.86,1.0117,356,0.84,0.9882,513,0.83,0.9764,1,0.85,1.0,1,0
IWM191004P151,2019-09-27,2019-09-27 09:46:20,0.85,1.0,34,0.84,0.9882,328,0.83,0.9764,1,0.845,0.9941,1,0
IWM191004P151,2019-09-27,2019-09-27 09:46:20,0.86,1.0117,334,0.84,0.9882,81,0.83,0.9764,1,0.85,1.0,1,0
IWM191004P151,2019-09-27,2019-09-27 09:46:21,0.86,1.0117,480,0.83,0.9764,558,0.83,0.9764,1,0.845,0.9941,1,0
IWM191004P151,2019-09-27,2019-09-27 09:46:21,0.86,1.0117,470,0.83,0.9764,482,0.83,0.9764,1,0.845,0.9941,1,0
IWM191004P151,2019-09-27,2019-09-27 09:46:22,0.86,1.0117,334,0.84,0.9882,188,0.83,0.9764,1,0.85,1.0,1,0
IWM191004P151,2019-09-27,2019-09-27 09:46:22,0.86,1.0117,470,0.84,0.9882,188,0.83,0.9764,1,0.85,1.0,1,0
IWM191004P151,2019-09-27,2019-09-27 09:46:23,0.86,1.0117,442,0.84,0.9882,213,0.83,0.9764,1,0.85,1.0,1,0
IWM191004P151,2019-09-27,2019-09-27 09:46:23,0.86,1.0117,442,0.84,0.9882,124,0.83,0.9764,1,0.85,1.0,1,0
IWM191004P151,2019-09-27,2019-09-27 09:46:24,0.86,1.0117,274,0.84,0.9882,282,0.83,0.9764,1,0.85,1.0,1,0
IWM191004P151,2019-09-27,2019-09-27 09:46:24,0.86,1.0117,405,0.84,0.9882,186,0.83,0.9764,1,0.85,1.0,1,0
IWM191004P151,2019-09-27,2019-09-27 09:46:25,0.86,1.0117,274,0.84,0.9882,443,0.83,0.9764,1,0.85,1.0,1,0
IWM191004P151,2019-09-27,2019-09-27 09:46:25,0.86,1.0117,274,0.84,0.9882,365,0.83,0.9764,1,0.85,1.0,1,0
IWM191004P151,2019-09-27,2019-09-27 09:46:26,0.86,1.0117,274,0.84,0.9882,435,0.83,0.9764,1,0.85,1.0,1,0
IWM191004P151,2019-09-27,2019-09-27 09:46:26,0.86,1.0117,274,0.84,0.9882,457,0.83,0.9764,1,0.85,1.0,1,0
IWM191004P151,2019-09-27,2019-09-27 09:46:27,0.86,1.0117,314,0.84,0.9882,398,0.83,0.9764,1,0.85,1.0,1,0
IWM191004P151,2019-09-27,2019-09-27 09:46:27,0.86,1.0117,314,0.84,0.9882,435,0.83,0.9764,1,0.85,1.0,1,0
IWM191004P151,2019-09-27,2019-09-27 09:46:28,0.86,1.0117,264,0.84,0.9882,370,0.83,0.9764,1,0.85,1.0,1,0
IWM191004P151,2019-09-27,2019-09-27 09:46:28,0.86,1.0117,303,0.84,0.9882,370,0.83,0.9764,1,0.85,1.0,1,0
IWM191004P151,2019-09-27,2019-09-27 09:46:29,0.86,1.0117,195,0.84,0.9882,420,0.83,0.9764,1,0.85,1.0,1,0
IWM191004P151,2019-09-27,2019-09-27 09:46:29,0.86,1.0117,195,0.84,0.9882,370,0.83,0.9764,1,0.85,1.0,1,0
IWM191004P151,2019-09-27,2019-09-27 09:46:30,0.86,1.0117,195,0.84,0.9882,370,0.83,0.9764,1,0.85,1.0,1,0
IWM191004P151,2019-09-27,2019-09-27 09:46:30,0.86,1.0117,195,0.84,0.9882,403,0.83,0.9764,1,0.85,1.0,1,0
IWM191004P151,2019-09-27,2019-09-27 09:46:31,0.85,1.0,60,0.84,0.9882,154,0.83,0.9764,1,0.845,0.9941,1,0
IWM191004P151,2019-09-27,2019-09-27 09:46:32,0.85,1.0,60,0.84,0.9882,90,0.83,0.9764,1,0.845,0.9941,1,0
IWM191004P151,2019-09-27,2019-09-27 09:46:32,0.85,1.0,106,0.84,0.9882,176,0.83,0.9764,1,0.845,0.9941,1,0
IWM191004P151,2019-09-27,2019-09-27 09:46:33,0.85,1.0,113,0.84,0.9882,90,0.83,0.9764,1,0.845,0.9941,1,0
IWM191004P151,2019-09-27,2019-09-27 09:46:33,0.85,1.0,60,0.84,0.9882,90,0.83,0.9764,1,0.845,0.9941,1,0
IWM191004P151,2019-09-27,2019-09-27 09:46:34,0.85,1.0,113,0.84,0.9882,90,0.83,0.9764,1,0.845,0.9941,1,0
IWM191004P151,2019-09-27,2019-09-27 09:46:34,0.85,1.0,113,0.84,0.9882,186,0.83,0.9764,1,0.845,0.9941,1,0
IWM191004P151,2019-09-27,2019-09-27 09:46:35,0.86,1.0117,308,0.84,0.9882,274,0.83,0.9764,1,0.85,1.0,1,0
IWM191004P151,2019-09-27,2019-09-27 09:46:35,0.85,1.0,113,0.84,0.9882,229,0.83,0.9764,1,0.845,0.9941,1,0
IWM191004P151,2019-09-27,2019-09-27 09:46:36,0.85,1.0,60,0.84,0.9882,126,0.83,0.9764,1,0.845,0.9941,1,0
IWM191004P151,2019-09-27,2019-09-27 09:46:36,0.85,1.0,30,0.84,0.9882,150,0.83,0.9764,1,0.845,0.9941,1,0
IWM191004P151,2019-09-27,2019-09-27 09:46:37,0.85,1.0,60,0.84,0.9882,126,0.83,0.9764,1,0.845,0.9941,1,0
IWM191004P151,2019-09-27,2019-09-27 09:46:37,0.85,1.0,90,0.84,0.9882,126,0.83,0.9764,1,0.845,0.9941,1,0
IWM191004P151,2019-09-27,2019-09-27 09:46:38,0.85,1.0,57,0.84,0.9882,278,0.83,0.9764,1,0.845,0.9941,1,0
IWM191004P151,2019-09-27,2019-09-27 09:46:38,0.85,1.0,90,0.84,0.9882,198,0.83,0.9764,1,0.845,0.9941,1,0
IWM191004P151,2019-09-27,2019-09-27 09:46:39,0.86,1.0117,135,0.84,0.9882,368,0.83,0.9764,1,0.85,1.0,1,0
IWM191004P151,2019-09-27,2019-09-27 09:46:39,0.85,1.0,57,0.84,0.9882,278,0.83,0.9764,1,0.845,0.9941,1,0
IWM191004P151,2019-09-27,2019-09-27 09:46:40,0.86,1.0117,356,0.84,0.9882,368,0.83,0.9764,1,0.85,1.0,1,0
IWM191004P151,2019-09-27,2019-09-27 09:46:41,0.86,1.0117,214,0.84,0.9882,488,0.83,0.9764,1,0.85,1.0,1,0
IWM191004P151,2019-09-27,2019-09-27 09:46:41,0.86,1.0117,220,0.84,0.9882,447,0.83,0.9764,1,0.85,1.0,1,0
IWM191004P151,2019-09-27,2019-09-27 09:46:42,0.86,1.0117,201,0.85,1.0,90,0.83,0.9764,1,0.855,1.0058,1,0
IWM191004P151,2019-09-27,2019-09-27 09:46:42,0.86,1.0117,103,0.85,1.0,90,0.83,0.9764,1,0.855,1.0058,1,0
IWM191004P151,2019-09-27,2019-09-27 09:46:43,0.85,1.0,60,0.84,0.9882,351,0.83,0.9764,1,0.845,0.9941,1,0
IWM191004P151,2019-09-27,2019-09-27 09:46:43,0.86,1.0117,241,0.84,0.9882,413,0.83,0.9764,1,0.85,1.0,1,0
IWM191004P151,2019-09-27,2019-09-27 09:46:44,0.86,1.0117,111,0.84,0.9882,429,0.83,0.9764,1,0.85,1.0,1,0
IWM191004P151,2019-09-27,2019-09-27 09:46:44,0.86,1.0117,167,0.84,0.9882,565,0.83,0.9764,1,0.85,1.0,1,0
IWM191004P151,2019-09-27,2019-09-27 09:46:45,0.87,1.0235,107,0.85,1.0,426,0.83,0.9764,1,0.86,1.0117,1,0
IWM191004P151,2019-09-27,2019-09-27 09:46:45,0.86,1.0117,117,0.85,1.0,123,0.83,0.9764,1,0.855,1.0058,1,0
IWM191004P151,2019-09-27,2019-09-27 09:46:46,0.87,1.0235,252,0.85,1.0,90,0.83,0.9764,1,0.86,1.0117,1,0
IWM191004P151,2019-09-27,2019-09-27 09:46:46,0.87,1.0235,354,0.85,1.0,426,0.83,0.9764,1,0.86,1.0117,1,0
IWM191004P151,2019-09-27,2019-09-27 09:46:47,0.86,1.0117,60,0.85,1.0,43,0.83,0.9764,1,0.855,1.0058,1,0
IWM191004P151,2019-09-27,2019-09-27 09:46:47,0.86,1.0117,145,0.84,0.9882,222,0.83,0.9764,1,0.85,1.0,1,0
IWM191004P151,2019-09-27,2019-09-27 09:46:48,0.86,1.0117,296,0.84,0.9882,101,0.83,0.9764,1,0.85,1.0,1,0
IWM191004P151,2019-09-27,2019-09-27 09:46:49,0.86,1.0117,296,0.84,0.9882,101,0.83,0.9764,1,0.85,1.0,1,0
IWM191004P151,2019-09-27,2019-09-27 09:46:50,0.85,1.0,83,0.84,0.9882,285,0.83,0.9764,1,0.845,0.9941,1,0
IWM191004P151,2019-09-27,2019-09-27 09:46:50,0.85,1.0,132,0.84,0.9882,101,0.83,0.9764,1,0.845,0.9941,1,0
IWM191004P151,2019-09-27,2019-09-27 09:46:51,0.85,1.0,132,0.84,0.9882,101,0.83,0.9764,1,0.845,0.9941,1,0
IWM191004P151,2019-09-27,2019-09-27 09:46:52,0.85,1.0,132,0.84,0.9882,101,0.83,0.9764,1,0.845,0.9941,1,0
IWM191004P151,2019-09-27,2019-09-27 09:46:53,0.85,1.0,60,0.84,0.9882,328,0.83,0.9764,1,0.845,0.9941,1,0
IWM191004P151,2019-09-27,2019-09-27 09:46:53,0.85,1.0,60,0.84,0.9882,356,0.83,0.9764,1,0.845,0.9941,1,0
IWM191004P151,2019-09-27,2019-09-27 09:46:54,0.85,1.0,60,0.84,0.9882,169,0.83,0.9764,1,0.845,0.9941,1,0
IWM191004P151,2019-09-27,2019-09-27 09:46:54,0.85,1.0,60,0.84,0.9882,366,0.83,0.9764,1,0.845,0.9941,1,0
IWM191004P151,2019-09-27,2019-09-27 09:46:55,0.85,1.0,60,0.84,0.9882,366,0.83,0.9764,1,0.845,0.9941,1,0
IWM191004P151,2019-09-27,2019-09-27 09:46:56,0.85,1.0,30,0.84,0.9882,214,0.83,0.9764,1,0.845,0.9941,1,0
IWM191004P151,2019-09-27,2019-09-27 09:46:56,0.86,1.0117,60,0.85,1.0,95,0.83,0.9764,1,0.855,1.0058,1,0
IWM191004P151,2019-09-27,2019-09-27 09:46:57,0.86,1.0117,60,0.85,1.0,117,0.83,0.9764,1,0.855,1.0058,1,0
IWM191004P151,2019-09-27,2019-09-27 09:46:58,0.86,1.0117,90,0.85,1.0,176,0.83,0.9764,1,0.855,1.0058,1,0
IWM191004P151,2019-09-27,2019-09-27 09:46:58,0.86,1.0117,122,0.85,1.0,106,0.83,0.9764,1,0.855,1.0058,1,0
IWM191004P151,2019-09-27,2019-09-27 09:46:59,0.86,1.0117,122,0.85,1.0,81,0.83,0.9764,1,0.855,1.0058,1,0
IWM191004P151,2019-09-27,2019-09-27 09:46:59,0.86,1.0117,183,0.85,1.0,106,0.83,0.9764,1,0.855,1.0058,1,0
IWM191004P151,2019-09-27,2019-09-27 09:47:00,0.86,1.0117,132,0.85,1.0,106,0.83,0.9764,1,0.855,1.0058,1,0
IWM191004P151,2019-09-27,2019-09-27 09:47:00,0.86,1.0117,30,0.85,1.0,217,0.83,0.9764,1,0.855,1.0058,1,0
IWM191004P151,2019-09-27,2019-09-27 09:47:01,0.87,1.0235,125,0.85,1.0,514,0.83,0.9764,1,0.86,1.0117,1,0
IWM191004P151,2019-09-27,2019-09-27 09:47:01,0.88,1.0352,66,0.86,1.0117,198,0.83,0.9764,1,0.87,1.0235,1,0
IWM191004P151,2019-09-27,2019-09-27 09:47:02,0.88,1.0352,190,0.86,1.0117,307,0.83,0.9764,1,0.87,1.0235,1,0
IWM191004P151,2019-09-27,2019-09-27 09:47:02,0.88,1.0352,244,0.86,1.0117,542,0.83,0.9764,1,0.87,1.0235,1,0
IWM191004P151,2019-09-27,2019-09-27 09:47:03,0.87,1.0235,30,0.86,1.0117,227,0.83,0.9764,1,0.865,1.0176,1,0
IWM191004P151,2019-09-27,2019-09-27 09:47:03,0.88,1.0352,273,0.86,1.0117,542,0.83,0.9764,1,0.87,1.0235,1,0
IWM191004P151,2019-09-27,2019-09-27 09:47:04,0.87,1.0235,30,0.86,1.0117,572,0.83,0.9764,1,0.865,1.0176,1,0
IWM191004P151,2019-09-27,2019-09-27 09:47:04,0.87,1.0235,30,0.86,1.0117,227,0.83,0.9764,1,0.865,1.0176,1,0
IWM191004P151,2019-09-27,2019-09-27 09:47:05,0.87,1.0235,60,0.86,1.0117,434,0.83,0.9764,1,0.865,1.0176,1,0
IWM191004P151,2019-09-27,2019-09-27 09:47:06,0.88,1.0352,132,0.86,1.0117,484,0.83,0.9764,1,0.87,1.0235,1,0
IWM191004P151,2019-09-27,2019-09-27 09:47:06,0.88,1.0352,191,0.86,1.0117,331,0.83,0.9764,1,0.87,1.0235,1,0
IWM191004P151,2019-09-27,2019-09-27 09:47:07,0.88,1.0352,191,0.86,1.0117,350,0.83,0.9764,1,0.87,1.0235,1,0
IWM191004P151,2019-09-27,2019-09-27 09:47:08,0.88,1.0352,245,0.86,1.0117,411,0.83,0.9764,1,0.87,1.0235,1,0
IWM191004P151,2019-09-27,2019-09-27 09:47:09,0.88,1.0352,245,0.86,1.0117,411,0.83,0.9764,1,0.87,1.0235,1,0
IWM191004P151,2019-09-27,2019-09-27 09:47:09,0.88,1.0352,245,0.86,1.0117,461,0.83,0.9764,1,0.87,1.0235,1,0
IWM191004P151,2019-09-27,2019-09-27 09:47:10,0.87,1.0235,90,0.86,1.0117,124,0.83,0.9764,1,0.865,1.0176,1,0
IWM191004P151,2019-09-27,2019-09-27 09:47:10,0.88,1.0352,245,0.86,1.0117,411,0.83,0.9764,1,0.87,1.0235,1,0
IWM191004P151,2019-09-27,2019-09-27 09:47:11,0.87,1.0235,90,0.86,1.0117,186,0.83,0.9764,1,0.865,1.0176,1,0
IWM191004P151,2019-09-27,2019-09-27 09:47:11,0.87,1.0235,90,0.86,1.0117,124,0.83,0.9764,1,0.865,1.0176,1,0
IWM191004P151,2019-09-27,2019-09-27 09:47:12,0.87,1.0235,90,0.86,1.0117,206,0.83,0.9764,1,0.865,1.0176,1,0
IWM191004P151,2019-09-27,2019-09-27 09:47:12,0.87,1.0235,90,0.86,1.0117,186,0.83,0.9764,1,0.865,1.0176,1,0
IWM191004P151,2019-09-27,2019-09-27 09:47:13,0.88,1.0352,58,0.86,1.0117,404,0.83,0.9764,1,0.87,1.0235,1,0
IWM191004P151,2019-09-27,2019-09-27 09:47:13,0.88,1.0352,87,0.86,1.0117,492,0.83,0.9764,1,0.87,1.0235,1,0
IWM191004P151,2019-09-27,2019-09-27 09:47:14,0.88,1.0352,179,0.86,1.0117,492,0.83,0.9764,1,0.87,1.0235,1,0
IWM191004P151,2019-09-27,2019-09-27 09:47:14,0.88,1.0352,68,0.87,1.0235,99,0.83,0.9764,1,0.875,1.0294,1,0
IWM191004P151,2019-09-27,2019-09-27 09:47:15,0.88,1.0352,68,0.87,1.0235,146,0.83,0.9764,1,0.875,1.0294,1,0
IWM191004P151,2019-09-27,2019-09-27 09:47:15,0.88,1.0352,68,0.87,1.0235,166,0.83,0.9764,1,0.875,1.0294,1,0
IWM191004P151,2019-09-27,2019-09-27 09:47:16,0.88,1.0352,60,0.87,1.0235,471,0.83,0.9764,1,0.875,1.0294,1,0
IWM191004P151,2019-09-27,2019-09-27 09:47:16,0.88,1.0352,60,0.87,1.0235,342,0.83,0.9764,1,0.875,1.0294,1,0
IWM191004P151,2019-09-27,2019-09-27 09:47:17,0.88,1.0352,60,0.87,1.0235,471,0.83,0.9764,1,0.875,1.0294,1,0
IWM191004P151,2019-09-27,2019-09-27 09:47:17,0.88,1.0352,90,0.87,1.0235,471,0.83,0.9764,1,0.875,1.0294,1,0
IWM191004P151,2019-09-27,2019-09-27 09:47:18,0.88,1.0352,90,0.87,1.0235,471,0.83,0.9764,1,0.875,1.0294,1,0
IWM191004P151,2019-09-27,2019-09-27 09:47:18,0.89,1.047,86,0.87,1.0235,471,0.83,0.9764,1,0.88,1.0352,1,0
IWM191004P151,2019-09-27,2019-09-27 09:47:19,0.89,1.047,241,0.87,1.0235,534,0.83,0.9764,1,0.88,1.0352,1,0
IWM191004P151,2019-09-27,2019-09-27 09:47:19,0.89,1.047,187,0.87,1.0235,421,0.83,0.9764,1,0.88,1.0352,1,0
IWM191004P151,2019-09-27,2019-09-27 09:47:20,0.89,1.047,241,0.87,1.0235,534,0.83,0.9764,1,0.88,1.0352,1,0
IWM191004P151,2019-09-27,2019-09-27 09:47:21,0.89,1.047,216,0.87,1.0235,534,0.83,0.9764,1,0.88,1.0352,1,0
IWM191004P151,2019-09-27,2019-09-27 09:47:21,0.89,1.047,241,0.87,1.0235,534,0.83,0.9764,1,0.88,1.0352,1,0
IWM191004P151,2019-09-27,2019-09-27 09:47:22,0.89,1.047,216,0.87,1.0235,584,0.83,0.9764,1,0.88,1.0352,1,0
IWM191004P151,2019-09-27,2019-09-27 09:47:22,0.89,1.047,228,0.87,1.0235,499,0.83,0.9764,1,0.88,1.0352,1,0
IWM191004P151,2019-09-27,2019-09-27 09:47:23,0.89,1.047,291,0.87,1.0235,499,0.83,0.9764,1,0.88,1.0352,1,0
IWM191004P151,2019-09-27,2019-09-27 09:47:23,0.89,1.047,228,0.87,1.0235,499,0.83,0.9764,1,0.88,1.0352,1,0
IWM191004P151,2019-09-27,2019-09-27 09:47:24,0.89,1.047,291,0.87,1.0235,297,0.83,0.9764,1,0.88,1.0352,1,0
IWM191004P151,2019-09-27,2019-09-27 09:47:24,0.89,1.047,291,0.87,1.0235,499,0.83,0.9764,1,0.88,1.0352,1,0
IWM191004P151,2019-09-27,2019-09-27 09:47:25,0.88,1.0352,107,0.87,1.0235,149,0.83,0.9764,1,0.875,1.0294,1,0
IWM191004P151,2019-09-27,2019-09-27 09:47:26,0.88,1.0352,78,0.87,1.0235,149,0.83,0.9764,1,0.875,1.0294,1,0
IWM191004P151,2019-09-27,2019-09-27 09:47:26,0.88,1.0352,60,0.87,1.0235,149,0.83,0.9764,1,0.875,1.0294,1,0
IWM191004P151,2019-09-27,2019-09-27 09:47:27,0.88,1.0352,60,0.87,1.0235,147,0.83,0.9764,1,0.875,1.0294,1,0
IWM191004P151,2019-09-27,2019-09-27 09:47:28,0.88,1.0352,93,0.87,1.0235,27,0.83,0.9764,1,0.875,1.0294,1,0
IWM191004P151,2019-09-27,2019-09-27 09:47:28,0.88,1.0352,122,0.87,1.0235,27,0.83,0.9764,1,0.875,1.0294,1,0
IWM191004P151,2019-09-27,2019-09-27 09:47:29,0.88,1.0352,147,0.87,1.0235,27,0.83,0.9764,1,0.875,1.0294,1,0
IWM191004P151,2019-09-27,2019-09-27 09:47:29,0.88,1.0352,65,0.87,1.0235,27,0.83,0.9764,1,0.875,1.0294,1,0
IWM191004P151,2019-09-27,2019-09-27 09:47:30,0.88,1.0352,90,0.87,1.0235,27,0.83,0.9764,1,0.875,1.0294,1,0
IWM191004P151,2019-09-27,2019-09-27 09:47:31,0.87,1.0235,30,0.86,1.0117,222,0.83,0.9764,1,0.865,1.0176,1,0
IWM191004P151,2019-09-27,2019-09-27 09:47:31,0.88,1.0352,151,0.87,1.0235,27,0.83,0.9764,1,0.875,1.0294,1,0
IWM191004P151,2019-09-27,2019-09-27 09:47:32,0.87,1.0235,60,0.86,1.0117,325,0.83,0.9764,1,0.865,1.0176,1,0
IWM191004P151,2019-09-27,2019-09-27 09:47:32,0.88,1.0352,178,0.86,1.0117,511,0.83,0.9764,1,0.87,1.0235,1,0
IWM191004P151,2019-09-27,2019-09-27 09:47:33,0.88,1.0352,148,0.86,1.0117,391,0.83,0.9764,1,0.87,1.0235,1,0
IWM191004P151,2019-09-27,2019-09-27 09:47:33,0.88,1.0352,160,0.86,1.0117,391,0.83,0.9764,1,0.87,1.0235,1,0
IWM191004P151,2019-09-27,2019-09-27 09:47:34,0.88,1.0352,115,0.86,1.0117,538,0.83,0.9764,1,0.87,1.0235,1,0
IWM191004P151,2019-09-27,2019-09-27 09:47:34,0.88,1.0352,214,0.86,1.0117,485,0.83,0.9764,1,0.87,1.0235,1,0
IWM191004P151,2019-09-27,2019-09-27 09:47:35,0.88,1.0352,128,0.86,1.0117,538,0.83,0.9764,1,0.87,1.0235,1,0
IWM191004P151,2019-09-27,2019-09-27 09:47:35,0.88,1.0352,146,0.86,1.0117,517,0.83,0.9764,1,0.87,1.0235,1,0
IWM191004P151,2019-09-27,2019-09-27 09:47:36,0.88,1.0352,59,0.87,1.0235,196,0.83,0.9764,1,0.875,1.0294,1,0
IWM191004P151,2019-09-27,2019-09-27 09:47:36,0.88,1.0352,59,0.87,1.0235,159,0.83,0.9764,1,0.875,1.0294,1,0
IWM191004P151,2019-09-27,2019-09-27 09:47:37,0.88,1.0352,68,0.87,1.0235,264,0.83,0.9764,1,0.875,1.0294,1,0
IWM191004P151,2019-09-27,2019-09-27 09:47:37,0.88,1.0352,83,0.87,1.0235,164,0.83,0.9764,1,0.875,1.0294,1,0
IWM191004P151,2019-09-27,2019-09-27 09:47:38,0.88,1.0352,68,0.87,1.0235,395,0.83,0.9764,1,0.875,1.0294,1,0
IWM191004P151,2019-09-27,2019-09-27 09:47:38,0.88,1.0352,68,0.87,1.0235,141,0.83,0.9764,1,0.875,1.0294,1,0
IWM191004P151,2019-09-27,2019-09-27 09:47:39,0.88,1.0352,60,0.87,1.0235,110,0.83,0.9764,1,0.875,1.0294,1,0
IWM191004P151,2019-09-27,2019-09-27 09:47:39,0.88,1.0352,83,0.87,1.0235,55,0.83,0.9764,1,0.875,1.0294,1,0
IWM191004P151,2019-09-27,2019-09-27 09:47:40,0.88,1.0352,132,0.87,1.0235,83,0.83,0.9764,1,0.875,1.0294,1,0
IWM191004P151,2019-09-27,2019-09-27 09:47:41,0.88,1.0352,132,0.87,1.0235,83,0.83,0.9764,1,0.875,1.0294,1,0
IWM191004P151,2019-09-27,2019-09-27 09:47:41,0.88,1.0352,157,0.87,1.0235,110,0.83,0.9764,1,0.875,1.0294,1,0
IWM191004P151,2019-09-27,2019-09-27 09:47:42,0.87,1.0235,30,0.86,1.0117,124,0.83,0.9764,1,0.865,1.0176,1,0
IWM191004P151,2019-09-27,2019-09-27 09:47:42,0.88,1.0352,106,0.87,1.0235,110,0.83,0.9764,1,0.875,1.0294,1,0
IWM191004P151,2019-09-27,2019-09-27 09:47:43,0.87,1.0235,30,0.86,1.0117,81,0.83,0.9764,1,0.865,1.0176,1,0
IWM191004P151,2019-09-27,2019-09-27 09:47:43,0.87,1.0235,46,0.86,1.0117,81,0.83,0.9764,1,0.865,1.0176,1,0
IWM191004P151,2019-09-27,2019-09-27 09:47:44,0.87,1.0235,143,0.86,1.0117,9,0.83,0.9764,1,0.865,1.0176,1,0
IWM191004P151,2019-09-27,2019-09-27 09:47:44,0.87,1.0235,69,0.86,1.0117,81,0.83,0.9764,1,0.865,1.0176,1,0
IWM191004P151,2019-09-27,2019-09-27 09:47:45,0.86,1.0117,30,0.85,1.0,52,0.83,0.9764,1,0.855,1.0058,1,0
IWM191004P151,2019-09-27,2019-09-27 09:47:45,0.86,1.0117,30,0.85,1.0,121,0.83,0.9764,1,0.855,1.0058,1,0
IWM191004P151,2019-09-27,2019-09-27 09:47:46,0.86,1.0117,81,0.85,1.0,173,0.83,0.9764,1,0.855,1.0058,1,0
IWM191004P151,2019-09-27,2019-09-27 09:47:46,0.86,1.0117,30,0.85,1.0,47,0.83,0.9764,1,0.855,1.0058,1,0
IWM191004P151,2019-09-27,2019-09-27 09:47:47,0.86,1.0117,81,0.85,1.0,173,0.83,0.9764,1,0.855,1.0058,1,0
IWM191004P151,2019-09-27,2019-09-27 09:47:48,0.86,1.0117,30,0.85,1.0,173,0.83,0.9764,1,0.855,1.0058,1,0
IWM191004P151,2019-09-27,2019-09-27 09:47:48,0.87,1.0235,70,0.85,1.0,463,0.83,0.9764,1,0.86,1.0117,1,0
IWM191004P151,2019-09-27,2019-09-27 09:47:49,0.87,1.0235,30,0.86,1.0117,273,0.83,0.9764,1,0.865,1.0176,1,0
IWM191004P151,2019-09-27,2019-09-27 09:47:49,0.88,1.0352,163,0.86,1.0117,544,0.83,0.9764,1,0.87,1.0235,1,0
IWM191004P151,2019-09-27,2019-09-27 09:47:50,0.88,1.0352,238,0.86,1.0117,552,0.83,0.9764,1,0.87,1.0235,1,0
IWM191004P151,2019-09-27,2019-09-27 09:47:51,0.88,1.0352,238,0.86,1.0117,552,0.83,0.9764,1,0.87,1.0235,1,0
IWM191004P151,2019-09-27,2019-09-27 09:47:52,0.88,1.0352,223,0.86,1.0117,602,0.83,0.9764,1,0.87,1.0235,1,0
IWM191004P151,2019-09-27,2019-09-27 09:47:52,0.88,1.0352,250,0.86,1.0117,602,0.83,0.9764,1,0.87,1.0235,1,0
IWM191004P151,2019-09-27,2019-09-27 09:47:53,0.88,1.0352,296,0.86,1.0117,565,0.83,0.9764,1,0.87,1.0235,1,0
IWM191004P151,2019-09-27,2019-09-27 09:47:54,0.87,1.0235,69,0.86,1.0117,117,0.83,0.9764,1,0.865,1.0176,1,0
IWM191004P151,2019-09-27,2019-09-27 09:47:54,0.87,1.0235,69,0.86,1.0117,166,0.83,0.9764,1,0.865,1.0176,1,0
IWM191004P151,2019-09-27,2019-09-27 09:47:55,0.87,1.0235,69,0.86,1.0117,166,0.83,0.9764,1,0.865,1.0176,1,0
IWM191004P151,2019-09-27,2019-09-27 09:47:55,0.87,1.0235,81,0.86,1.0117,166,0.83,0.9764,1,0.865,1.0176,1,0
IWM191004P151,2019-09-27,2019-09-27 09:47:56,0.87,1.0235,81,0.86,1.0117,166,0.83,0.9764,1,0.865,1.0176,1,0
IWM191004P151,2019-09-27,2019-09-27 09:47:56,0.87,1.0235,81,0.86,1.0117,512,0.83,0.9764,1,0.865,1.0176,1,0
IWM191004P151,2019-09-27,2019-09-27 09:47:57,0.88,1.0352,89,0.86,1.0117,477,0.83,0.9764,1,0.87,1.0235,1,0
IWM191004P151,2019-09-27,2019-09-27 09:47:57,0.88,1.0352,168,0.86,1.0117,596,0.83,0.9764,1,0.87,1.0235,1,0
IWM191004P151,2019-09-27,2019-09-27 09:47:58,0.88,1.0352,187,0.86,1.0117,583,0.83,0.9764,1,0.87,1.0235,1,0
IWM191004P151,2019-09-27,2019-09-27 09:47:58,0.88,1.0352,168,0.86,1.0117,596,0.83,0.9764,1,0.87,1.0235,1,0
IWM191004P151,2019-09-27,2019-09-27 09:47:59,0.88,1.0352,197,0.86,1.0117,629,0.83,0.9764,1,0.87,1.0235,1,0
IWM191004P151,2019-09-27,2019-09-27 09:47:59,0.88,1.0352,137,0.86,1.0117,583,0.83,0.9764,1,0.87,1.0235,1,0
IWM191004P151,2019-09-27,2019-09-27 09:48:00,0.88,1.0352,87,0.87,1.0235,90,0.83,0.9764,1,0.875,1.0294,1,0
IWM191004P151,2019-09-27,2019-09-27 09:48:00,0.88,1.0352,197,0.86,1.0117,629,0.83,0.9764,1,0.87,1.0235,1,0
IWM191004P151,2019-09-27,2019-09-27 09:48:01,0.88,1.0352,30,0.87,1.0235,90,0.83,0.9764,1,0.875,1.0294,1,0
IWM191004P151,2019-09-27,2019-09-27 09:48:02,0.88,1.0352,57,0.87,1.0235,141,0.83,0.9764,1,0.875,1.0294,1,0
IWM191004P151,2019-09-27,2019-09-27 09:48:02,0.88,1.0352,96,0.87,1.0235,211,0.83,0.9764,1,0.875,1.0294,1,0
IWM191004P151,2019-09-27,2019-09-27 09:48:03,0.89,1.047,94,0.87,1.0235,348,0.83,0.9764,1,0.88,1.0352,1,0
IWM191004P151,2019-09-27,2019-09-27 09:48:03,0.88,1.0352,30,0.87,1.0235,210,0.83,0.9764,1,0.875,1.0294,1,0
IWM191004P151,2019-09-27,2019-09-27 09:48:04,0.9,1.0588,84,0.88,1.0352,199,0.83,0.9764,1,0.89,1.047,1,0
IWM191004P151,2019-09-27,2019-09-27 09:48:04,0.9,1.0588,84,0.88,1.0352,152,0.83,0.9764,1,0.89,1.047,1,0
IWM191004P151,2019-09-27,2019-09-27 09:48:05,0.89,1.047,30,0.88,1.0352,141,0.83,0.9764,1,0.885,1.0411,1,0
IWM191004P151,2019-09-27,2019-09-27 09:48:05,0.89,1.047,46,0.88,1.0352,141,0.83,0.9764,1,0.885,1.0411,1,0
IWM191004P151,2019-09-27,2019-09-27 09:48:06,0.9,1.0588,142,0.88,1.0352,348,0.83,0.9764,1,0.89,1.047,1,0
IWM191004P151,2019-09-27,2019-09-27 09:48:06,0.9,1.0588,151,0.88,1.0352,447,0.83,0.9764,1,0.89,1.047,1,0
IWM191004P151,2019-09-27,2019-09-27 09:48:07,0.9,1.0588,236,0.88,1.0352,509,0.83,0.9764,1,0.89,1.047,1,0
IWM191004P151,2019-09-27,2019-09-27 09:48:07,0.89,1.047,46,0.88,1.0352,509,0.83,0.9764,1,0.885,1.0411,1,0
IWM191004P151,2019-09-27,2019-09-27 09:48:08,0.89,1.047,46,0.88,1.0352,509,0.83,0.9764,1,0.885,1.0411,1,0
IWM191004P151,2019-09-27,2019-09-27 09:48:08,0.89,1.047,69,0.88,1.0352,141,0.83,0.9764,1,0.885,1.0411,1,0
IWM191004P151,2019-09-27,2019-09-27 09:48:09,0.89,1.047,46,0.88,1.0352,141,0.83,0.9764,1,0.885,1.0411,1,0
IWM191004P151,2019-09-27,2019-09-27 09:48:09,0.89,1.047,46,0.88,1.0352,169,0.83,0.9764,1,0.885,1.0411,1,0
IWM191004P151,2019-09-27,2019-09-27 09:48:10,0.9,1.0588,86,0.88,1.0352,469,0.83,0.9764,1,0.89,1.047,1,0
IWM191004P151,2019-09-27,2019-09-27 09:48:11,0.9,1.0588,46,0.88,1.0352,596,0.83,0.9764,1,0.89,1.047,1,0
IWM191004P151,2019-09-27,2019-09-27 09:48:11,0.9,1.0588,67,0.88,1.0352,356,0.83,0.9764,1,0.89,1.047,1,0
IWM191004P151,2019-09-27,2019-09-27 09:48:12,0.9,1.0588,81,0.88,1.0352,596,0.83,0.9764,1,0.89,1.047,1,0
IWM191004P151,2019-09-27,2019-09-27 09:48:12,0.9,1.0588,81,0.88,1.0352,591,0.83,0.9764,1,0.89,1.047,1,0
IWM191004P151,2019-09-27,2019-09-27 09:48:13,0.9,1.0588,81,0.88,1.0352,510,0.83,0.9764,1,0.89,1.047,1,0
IWM191004P151,2019-09-27,2019-09-27 09:48:14,0.91,1.0705,184,0.89,1.047,473,0.83,0.9764,1,0.9,1.0588,1,0
IWM191004P151,2019-09-27,2019-09-27 09:48:14,0.9,1.0588,81,0.89,1.047,100,0.83,0.9764,1,0.895,1.0529,1,0
IWM191004P151,2019-09-27,2019-09-27 09:48:15,0.9,1.0588,30,0.89,1.047,136,0.83,0.9764,1,0.895,1.0529,1,0
IWM191004P151,2019-09-27,2019-09-27 09:48:16,0.9,1.0588,30,0.89,1.047,160,0.83,0.9764,1,0.895,1.0529,1,0
IWM191004P151,2019-09-27,2019-09-27 09:48:16,0.9,1.0588,46,0.89,1.047,195,0.83,0.9764,1,0.895,1.0529,1,0
IWM191004P151,2019-09-27,2019-09-27 09:48:17,0.9,1.0588,46,0.88,1.0352,397,0.83,0.9764,1,0.89,1.047,1,0
IWM191004P151,2019-09-27,2019-09-27 09:48:17,0.9,1.0588,144,0.88,1.0352,438,0.83,0.9764,1,0.89,1.047,1,0
IWM191004P151,2019-09-27,2019-09-27 09:48:18,0.9,1.0588,125,0.88,1.0352,438,0.83,0.9764,1,0.89,1.047,1,0
IWM191004P151,2019-09-27,2019-09-27 09:48:18,0.9,1.0588,144,0.88,1.0352,438,0.83,0.9764,1,0.89,1.047,1,0
IWM191004P151,2019-09-27,2019-09-27 09:48:19,0.9,1.0588,190,0.88,1.0352,435,0.83,0.9764,1,0.89,1.047,1,0
IWM191004P151,2019-09-27,2019-09-27 09:48:19,0.9,1.0588,207,0.88,1.0352,361,0.83,0.9764,1,0.89,1.047,1,0
IWM191004P151,2019-09-27,2019-09-27 09:48:20,0.9,1.0588,207,0.88,1.0352,489,0.83,0.9764,1,0.89,1.047,1,0
IWM191004P151,2019-09-27,2019-09-27 09:48:20,0.9,1.0588,207,0.88,1.0352,524,0.83,0.9764,1,0.89,1.047,1,0
IWM191004P151,2019-09-27,2019-09-27 09:48:21,0.91,1.0705,223,0.88,1.0352,557,0.83,0.9764,1,0.895,1.0529,1,0
IWM191004P151,2019-09-27,2019-09-27 09:48:21,0.91,1.0705,172,0.88,1.0352,489,0.83,0.9764,1,0.895,1.0529,1,0
IWM191004P151,2019-09-27,2019-09-27 09:48:22,0.91,1.0705,257,0.88,1.0352,557,0.83,0.9764,1,0.895,1.0529,1,0
IWM191004P151,2019-09-27,2019-09-27 09:48:23,0.91,1.0705,257,0.88,1.0352,557,0.83,0.9764,1,0.895,1.0529,1,0
IWM191004P151,2019-09-27,2019-09-27 09:48:24,0.91,1.0705,257,0.88,1.0352,557,0.83,0.9764,1,0.895,1.0529,1,0
IWM191004P151,2019-09-27,2019-09-27 09:48:24,0.91,1.0705,342,0.88,1.0352,557,0.83,0.9764,1,0.895,1.0529,1,0
IWM191004P151,2019-09-27,2019-09-27 09:48:25,0.91,1.0705,282,0.88,1.0352,557,0.83,0.9764,1,0.895,1.0529,1,0
IWM191004P151,2019-09-27,2019-09-27 09:48:26,0.9,1.0588,239,0.87,1.0235,461,0.83,0.9764,1,0.885,1.0411,1,0
IWM191004P151,2019-09-27,2019-09-27 09:48:26,0.9,1.0588,62,0.88,1.0352,24,0.83,0.9764,1,0.89,1.047,1,0
IWM191004P151,2019-09-27,2019-09-27 09:48:27,0.9,1.0588,430,0.87,1.0235,562,0.83,0.9764,1,0.885,1.0411,1,0
IWM191004P151,2019-09-27,2019-09-27 09:48:27,0.89,1.047,149,0.87,1.0235,154,0.83,0.9764,1,0.88,1.0352,1,0
IWM191004P151,2019-09-27,2019-09-27 09:48:28,0.88,1.0352,80,0.87,1.0235,154,0.83,0.9764,1,0.875,1.0294,1,0
IWM191004P151,2019-09-27,2019-09-27 09:48:28,0.88,1.0352,157,0.86,1.0117,123,0.83,0.9764,1,0.87,1.0235,1,0
IWM191004P151,2019-09-27,2019-09-27 09:48:29,0.88,1.0352,126,0.87,1.0235,23,0.83,0.9764,1,0.875,1.0294,1,0
IWM191004P151,2019-09-27,2019-09-27 09:48:29,0.88,1.0352,197,0.87,1.0235,23,0.83,0.9764,1,0.875,1.0294,1,0
IWM191004P151,2019-09-27,2019-09-27 09:48:30,0.89,1.047,226,0.87,1.0235,101,0.83,0.9764,1,0.88,1.0352,1,0
IWM191004P151,2019-09-27,2019-09-27 09:48:30,0.89,1.047,97,0.87,1.0235,171,0.83,0.9764,1,0.88,1.0352,1,0
IWM191004P151,2019-09-27,2019-09-27 09:48:31,0.89,1.047,199,0.87,1.0235,101,0.83,0.9764,1,0.88,1.0352,1,0
IWM191004P151,2019-09-27,2019-09-27 09:48:31,0.89,1.047,255,0.87,1.0235,101,0.83,0.9764,1,0.88,1.0352,1,0
IWM191004P151,2019-09-27,2019-09-27 09:48:32,0.89,1.047,216,0.87,1.0235,211,0.83,0.9764,1,0.88,1.0352,1,0
IWM191004P151,2019-09-27,2019-09-27 09:48:32,0.89,1.047,152,0.88,1.0352,20,0.83,0.9764,1,0.885,1.0411,1,0
IWM191004P151,2019-09-27,2019-09-27 09:48:33,0.89,1.047,45,0.88,1.0352,20,0.83,0.9764,1,0.885,1.0411,1,0
IWM191004P151,2019-09-27,2019-09-27 09:48:33,0.89,1.047,169,0.88,1.0352,20,0.83,0.9764,1,0.885,1.0411,1,0
IWM191004P151,2019-09-27,2019-09-27 09:48:34,0.89,1.047,45,0.88,1.0352,147,0.83,0.9764,1,0.885,1.0411,1,0
IWM191004P151,2019-09-27,2019-09-27 09:48:35,0.89,1.047,101,0.88,1.0352,73,0.83,0.9764,1,0.885,1.0411,1,0
IWM191004P151,2019-09-27,2019-09-27 09:48:35,0.89,1.047,73,0.88,1.0352,73,0.83,0.9764,1,0.885,1.0411,1,0
IWM191004P151,2019-09-27,2019-09-27 09:48:36,0.89,1.047,151,0.88,1.0352,73,0.83,0.9764,1,0.885,1.0411,1,0
IWM191004P151,2019-09-27,2019-09-27 09:48:36,0.89,1.047,168,0.87,1.0235,208,0.83,0.9764,1,0.88,1.0352,1,0
IWM191004P151,2019-09-27,2019-09-27 09:48:37,0.89,1.047,218,0.87,1.0235,208,0.83,0.9764,1,0.88,1.0352,1,0
IWM191004P151,2019-09-27,2019-09-27 09:48:37,0.89,1.047,168,0.87,1.0235,208,0.83,0.9764,1,0.88,1.0352,1,0
IWM191004P151,2019-09-27,2019-09-27 09:48:38,0.89,1.047,270,0.88,1.0352,20,0.83,0.9764,1,0.885,1.0411,1,0
IWM191004P151,2019-09-27,2019-09-27 09:48:38,0.89,1.047,218,0.88,1.0352,20,0.83,0.9764,1,0.885,1.0411,1,0
IWM191004P151,2019-09-27,2019-09-27 09:48:39,0.88,1.0352,82,0.86,1.0117,128,0.83,0.9764,1,0.87,1.0235,1,0
IWM191004P151,2019-09-27,2019-09-27 09:48:39,0.89,1.047,180,0.87,1.0235,101,0.83,0.9764,1,0.88,1.0352,1,0
IWM191004P151,2019-09-27,2019-09-27 09:48:40,0.88,1.0352,114,0.86,1.0117,143,0.83,0.9764,1,0.87,1.0235,1,0
IWM191004P151,2019-09-27,2019-09-27 09:48:41,0.88,1.0352,175,0.87,1.0235,21,0.83,0.9764,1,0.875,1.0294,1,0
IWM191004P151,2019-09-27,2019-09-27 09:48:41,0.88,1.0352,118,0.87,1.0235,21,0.83,0.9764,1,0.875,1.0294,1,0
IWM191004P151,2019-09-27,2019-09-27 09:48:42,0.88,1.0352,159,0.87,1.0235,21,0.83,0.9764,1,0.875,1.0294,1,0
IWM191004P151,2019-09-27,2019-09-27 09:48:43,0.88,1.0352,125,0.87,1.0235,21,0.83,0.9764,1,0.875,1.0294,1,0
IWM191004P151,2019-09-27,2019-09-27 09:48:44,0.88,1.0352,93,0.87,1.0235,21,0.83,0.9764,1,0.875,1.0294,1,0
IWM191004P151,2019-09-27,2019-09-27 09:48:45,0.88,1.0352,140,0.87,1.0235,21,0.83,0.9764,1,0.875,1.0294,1,0
IWM191004P151,2019-09-27,2019-09-27 09:48:46,0.88,1.0352,220,0.86,1.0117,370,0.83,0.9764,1,0.87,1.0235,1,0
IWM191004P151,2019-09-27,2019-09-27 09:48:46,0.88,1.0352,140,0.86,1.0117,189,0.83,0.9764,1,0.87,1.0235,1,0
IWM191004P151,2019-09-27,2019-09-27 09:48:47,0.88,1.0352,244,0.86,1.0117,87,0.83,0.9764,1,0.87,1.0235,1,0
IWM191004P151,2019-09-27,2019-09-27 09:48:47,0.88,1.0352,244,0.86,1.0117,98,0.83,0.9764,1,0.87,1.0235,1,0
IWM191004P151,2019-09-27,2019-09-27 09:48:48,0.87,1.0235,45,0.86,1.0117,56,0.83,0.9764,1,0.865,1.0176,1,0
IWM191004P151,2019-09-27,2019-09-27 09:48:48,0.87,1.0235,50,0.86,1.0117,37,0.83,0.9764,1,0.865,1.0176,1,0
IWM191004P151,2019-09-27,2019-09-27 09:48:49,0.88,1.0352,204,0.86,1.0117,23,0.83,0.9764,1,0.87,1.0235,1,0
IWM191004P151,2019-09-27,2019-09-27 09:48:49,0.88,1.0352,260,0.86,1.0117,23,0.83,0.9764,1,0.87,1.0235,1,0
IWM191004P151,2019-09-27,2019-09-27 09:48:50,0.88,1.0352,277,0.86,1.0117,23,0.83,0.9764,1,0.87,1.0235,1,0
IWM191004P151,2019-09-27,2019-09-27 09:48:50,0.88,1.0352,453,0.86,1.0117,36,0.83,0.9764,1,0.87,1.0235,1,0
IWM191004P151,2019-09-27,2019-09-27 09:48:51,0.87,1.0235,1,0.86,1.0117,23,0.83,0.9764,1,0.865,1.0176,1,0
IWM191004P151,2019-09-27,2019-09-27 09:48:51,0.87,1.0235,46,0.86,1.0117,23,0.83,0.9764,1,0.865,1.0176,1,0
IWM191004P151,2019-09-27,2019-09-27 09:48:52,0.87,1.0235,143,0.86,1.0117,23,0.83,0.9764,1,0.865,1.0176,1,0
IWM191004P151,2019-09-27,2019-09-27 09:48:52,0.88,1.0352,205,0.86,1.0117,61,0.83,0.9764,1,0.87,1.0235,1,0
IWM191004P151,2019-09-27,2019-09-27 09:48:53,0.87,1.0235,69,0.86,1.0117,61,0.83,0.9764,1,0.865,1.0176,1,0
IWM191004P151,2019-09-27,2019-09-27 09:48:53,0.87,1.0235,46,0.86,1.0117,61,0.83,0.9764,1,0.865,1.0176,1,0
IWM191004P151,2019-09-27,2019-09-27 09:48:54,0.87,1.0235,46,0.86,1.0117,86,0.83,0.9764,1,0.865,1.0176,1,0
IWM191004P151,2019-09-27,2019-09-27 09:48:54,0.87,1.0235,69,0.86,1.0117,61,0.83,0.9764,1,0.865,1.0176,1,0
IWM191004P151,2019-09-27,2019-09-27 09:48:55,0.87,1.0235,189,0.86,1.0117,20,0.83,0.9764,1,0.865,1.0176,1,0
IWM191004P151,2019-09-27,2019-09-27 09:48:55,0.88,1.0352,247,0.86,1.0117,86,0.83,0.9764,1,0.87,1.0235,1,0
IWM191004P151,2019-09-27,2019-09-27 09:48:56,0.87,1.0235,230,0.85,1.0,131,0.83,0.9764,1,0.86,1.0117,1,0
IWM191004P151,2019-09-27,2019-09-27 09:48:56,0.87,1.0235,230,0.85,1.0,155,0.83,0.9764,1,0.86,1.0117,1,0
IWM191004P151,2019-09-27,2019-09-27 09:48:57,0.87,1.0235,230,0.85,1.0,155,0.83,0.9764,1,0.86,1.0117,1,0
IWM191004P151,2019-09-27,2019-09-27 09:48:58,0.87,1.0235,230,0.85,1.0,182,0.83,0.9764,1,0.86,1.0117,1,0
IWM191004P151,2019-09-27,2019-09-27 09:48:58,0.87,1.0235,230,0.85,1.0,155,0.83,0.9764,1,0.86,1.0117,1,0
IWM191004P151,2019-09-27,2019-09-27 09:48:59,0.87,1.0235,230,0.85,1.0,182,0.83,0.9764,1,0.86,1.0117,1,0
IWM191004P151,2019-09-27,2019-09-27 09:48:59,0.87,1.0235,230,0.85,1.0,192,0.83,0.9764,1,0.86,1.0117,1,0
IWM191004P151,2019-09-27,2019-09-27 09:49:00,0.87,1.0235,230,0.85,1.0,158,0.83,0.9764,1,0.86,1.0117,1,0
IWM191004P151,2019-09-27,2019-09-27 09:49:01,0.87,1.0235,230,0.85,1.0,357,0.83,0.9764,1,0.86,1.0117,1,0
IWM191004P151,2019-09-27,2019-09-27 09:49:02,0.87,1.0235,257,0.85,1.0,357,0.83,0.9764,1,0.86,1.0117,1,0
IWM191004P151,2019-09-27,2019-09-27 09:49:03,0.87,1.0235,287,0.85,1.0,300,0.83,0.9764,1,0.86,1.0117,1,0
IWM191004P151,2019-09-27,2019-09-27 09:49:04,0.87,1.0235,186,0.85,1.0,164,0.83,0.9764,1,0.86,1.0117,1,0
IWM191004P151,2019-09-27,2019-09-27 09:49:04,0.87,1.0235,186,0.85,1.0,174,0.83,0.9764,1,0.86,1.0117,1,0
IWM191004P151,2019-09-27,2019-09-27 09:49:05,0.86,1.0117,54,0.85,1.0,126,0.83,0.9764,1,0.855,1.0058,1,0
IWM191004P151,2019-09-27,2019-09-27 09:49:05,0.87,1.0235,186,0.85,1.0,174,0.83,0.9764,1,0.86,1.0117,1,0
IWM191004P151,2019-09-27,2019-09-27 09:49:06,0.86,1.0117,308,0.84,0.9882,83,0.83,0.9764,1,0.85,1.0,1,0
IWM191004P151,2019-09-27,2019-09-27 09:49:06,0.86,1.0117,176,0.84,0.9882,46,0.83,0.9764,1,0.85,1.0,1,0
IWM191004P151,2019-09-27,2019-09-27 09:49:07,0.86,1.0117,172,0.84,0.9882,47,0.83,0.9764,1,0.85,1.0,1,0
IWM191004P151,2019-09-27,2019-09-27 09:49:07,0.86,1.0117,291,0.84,0.9882,65,0.83,0.9764,1,0.85,1.0,1,0
IWM191004P151,2019-09-27,2019-09-27 09:49:08,0.86,1.0117,291,0.84,0.9882,65,0.83,0.9764,1,0.85,1.0,1,0
IWM191004P151,2019-09-27,2019-09-27 09:49:08,0.85,1.0,30,0.84,0.9882,1,0.83,0.9764,1,0.845,0.9941,1,0
IWM191004P151,2019-09-27,2019-09-27 09:49:09,0.85,1.0,30,0.84,0.9882,21,0.83,0.9764,1,0.845,0.9941,1,0
IWM191004P151,2019-09-27,2019-09-27 09:49:09,0.85,1.0,136,0.83,0.9764,110,0.83,0.9764,1,0.84,0.9882,1,0
IWM191004P151,2019-09-27,2019-09-27 09:49:10,0.85,1.0,297,0.83,0.9764,214,0.83,0.9764,1,0.84,0.9882,1,0
IWM191004P151,2019-09-27,2019-09-27 09:49:10,0.85,1.0,246,0.83,0.9764,136,0.83,0.9764,1,0.84,0.9882,1,0
IWM191004P151,2019-09-27,2019-09-27 09:49:11,0.85,1.0,297,0.83,0.9764,262,0.83,0.9764,1,0.84,0.9882,1,0
IWM191004P151,2019-09-27,2019-09-27 09:49:11,0.85,1.0,297,0.83,0.9764,194,0.83,0.9764,1,0.84,0.9882,1,0
IWM191004P151,2019-09-27,2019-09-27 09:49:12,0.85,1.0,297,0.83,0.9764,291,0.83,0.9764,1,0.84,0.9882,1,0
IWM191004P151,2019-09-27,2019-09-27 09:49:12,0.85,1.0,297,0.83,0.9764,194,0.83,0.9764,1,0.84,0.9882,1,0
IWM191004P151,2019-09-27,2019-09-27 09:49:13,0.85,1.0,328,0.83,0.9764,305,0.83,0.9764,1,0.84,0.9882,1,0
IWM191004P151,2019-09-27,2019-09-27 09:49:13,0.85,1.0,297,0.83,0.9764,305,0.83,0.9764,1,0.84,0.9882,1,0
IWM191004P151,2019-09-27,2019-09-27 09:49:14,0.85,1.0,267,0.83,0.9764,305,0.83,0.9764,1,0.84,0.9882,1,0
IWM191004P151,2019-09-27,2019-09-27 09:49:15,0.85,1.0,262,0.83,0.9764,305,0.83,0.9764,1,0.84,0.9882,1,0
IWM191004P151,2019-09-27,2019-09-27 09:49:16,0.85,1.0,232,0.83,0.9764,134,0.83,0.9764,1,0.84,0.9882,1,0
IWM191004P151,2019-09-27,2019-09-27 09:49:16,0.85,1.0,242,0.83,0.9764,297,0.83,0.9764,1,0.84,0.9882,1,0
IWM191004P151,2019-09-27,2019-09-27 09:49:17,0.85,1.0,83,0.84,0.9882,49,0.83,0.9764,1,0.845,0.9941,1,0
IWM191004P151,2019-09-27,2019-09-27 09:49:17,0.85,1.0,132,0.83,0.9764,297,0.83,0.9764,1,0.84,0.9882,1,0
IWM191004P151,2019-09-27,2019-09-27 09:49:18,0.85,1.0,96,0.83,0.9764,133,0.83,0.9764,1,0.84,0.9882,1,0
IWM191004P151,2019-09-27,2019-09-27 09:49:18,0.85,1.0,196,0.83,0.9764,133,0.83,0.9764,1,0.84,0.9882,1,0
IWM191004P151,2019-09-27,2019-09-27 09:49:19,0.85,1.0,117,0.83,0.9764,155,0.83,0.9764,1,0.84,0.9882,1,0
IWM191004P151,2019-09-27,2019-09-27 09:49:19,0.85,1.0,166,0.83,0.9764,209,0.83,0.9764,1,0.84,0.9882,1,0
IWM191004P151,2019-09-27,2019-09-27 09:49:20,0.85,1.0,178,0.83,0.9764,209,0.83,0.9764,1,0.84,0.9882,1,0
IWM191004P151,2019-09-27,2019-09-27 09:49:20,0.85,1.0,205,0.83,0.9764,209,0.83,0.9764,1,0.84,0.9882,1,0
IWM191004P151,2019-09-27,2019-09-27 09:49:21,0.85,1.0,237,0.83,0.9764,182,0.83,0.9764,1,0.84,0.9882,1,0
IWM191004P151,2019-09-27,2019-09-27 09:49:21,0.85,1.0,141,0.83,0.9764,75,0.83,0.9764,1,0.84,0.9882,1,0
IWM191004P151,2019-09-27,2019-09-27 09:49:22,0.85,1.0,257,0.83,0.9764,215,0.83,0.9764,1,0.84,0.9882,1,0
IWM191004P151,2019-09-27,2019-09-27 09:49:22,0.85,1.0,405,0.83,0.9764,215,0.83,0.9764,1,0.84,0.9882,1,0
IWM191004P151,2019-09-27,2019-09-27 09:49:23,0.85,1.0,405,0.83,0.9764,215,0.83,0.9764,1,0.84,0.9882,1,0
IWM191004P151,2019-09-27,2019-09-27 09:49:23,0.84,0.9882,116,0.83,0.9764,1,0.83,0.9764,1,0.835,0.9823,1,0
IWM191004P151,2019-09-27,2019-09-27 09:49:24,0.84,0.9882,240,0.82,0.9647,305,0.83,0.9764,1,0.83,0.9764,1,0
IWM191004P151,2019-09-27,2019-09-27 09:49:24,0.84,0.9882,181,0.82,0.9647,212,0.83,0.9764,1,0.83,0.9764,1,0
IWM191004P151,2019-09-27,2019-09-27 09:49:25,0.84,0.9882,307,0.82,0.9647,242,0.83,0.9764,1,0.83,0.9764,1,0
IWM191004P151,2019-09-27,2019-09-27 09:49:26,0.84,0.9882,307,0.83,0.9764,20,0.83,0.9764,1,0.835,0.9823,1,0
IWM191004P151,2019-09-27,2019-09-27 09:49:26,0.84,0.9882,59,0.83,0.9764,20,0.83,0.9764,1,0.835,0.9823,1,0
IWM191004P151,2019-09-27,2019-09-27 09:49:27,0.85,1.0,203,0.83,0.9764,118,0.83,0.9764,1,0.84,0.9882,1,0
IWM191004P151,2019-09-27,2019-09-27 09:49:27,0.85,1.0,277,0.83,0.9764,121,0.83,0.9764,1,0.84,0.9882,1,0
IWM191004P151,2019-09-27,2019-09-27 09:49:28,0.85,1.0,224,0.83,0.9764,208,0.83,0.9764,1,0.84,0.9882,1,0
IWM191004P151,2019-09-27,2019-09-27 09:49:28,0.85,1.0,283,0.83,0.9764,278,0.83,0.9764,1,0.84,0.9882,1,0
IWM191004P151,2019-09-27,2019-09-27 09:49:29,0.85,1.0,30,0.83,0.9764,226,0.83,0.9764,1,0.84,0.9882,1,0
IWM191004P151,2019-09-27,2019-09-27 09:49:29,0.85,1.0,313,0.83,0.9764,226,0.83,0.9764,1,0.84,0.9882,1,0
IWM191004P151,2019-09-27,2019-09-27 09:49:30,0.85,1.0,30,0.83,0.9764,126,0.83,0.9764,1,0.84,0.9882,1,0
IWM191004P151,2019-09-27,2019-09-27 09:49:30,0.85,1.0,46,0.84,0.9882,45,0.83,0.9764,1,0.845,0.9941,1,0
IWM191004P151,2019-09-27,2019-09-27 09:49:31,0.85,1.0,162,0.83,0.9764,131,0.83,0.9764,1,0.84,0.9882,1,0
IWM191004P151,2019-09-27,2019-09-27 09:49:31,0.85,1.0,259,0.83,0.9764,324,0.83,0.9764,1,0.84,0.9882,1,0
IWM191004P151,2019-09-27,2019-09-27 09:49:32,0.85,1.0,285,0.83,0.9764,324,0.83,0.9764,1,0.84,0.9882,1,0
IWM191004P151,2019-09-27,2019-09-27 09:49:33,0.85,1.0,328,0.83,0.9764,289,0.83,0.9764,1,0.84,0.9882,1,0
IWM191004P151,2019-09-27,2019-09-27 09:49:34,0.85,1.0,269,0.83,0.9764,182,0.83,0.9764,1,0.84,0.9882,1,0
IWM191004P151,2019-09-27,2019-09-27 09:49:34,0.85,1.0,307,0.83,0.9764,177,0.83,0.9764,1,0.84,0.9882,1,0
IWM191004P151,2019-09-27,2019-09-27 09:49:35,0.85,1.0,307,0.83,0.9764,143,0.83,0.9764,1,0.84,0.9882,1,0
IWM191004P151,2019-09-27,2019-09-27 09:49:35,0.85,1.0,307,0.83,0.9764,177,0.83,0.9764,1,0.84,0.9882,1,0
IWM191004P151,2019-09-27,2019-09-27 09:49:36,0.85,1.0,307,0.83,0.9764,146,0.83,0.9764,1,0.84,0.9882,1,0
IWM191004P151,2019-09-27,2019-09-27 09:49:37,0.85,1.0,337,0.83,0.9764,303,0.83,0.9764,1,0.84,0.9882,1,0
IWM191004P151,2019-09-27,2019-09-27 09:49:38,0.85,1.0,337,0.83,0.9764,256,0.83,0.9764,1,0.84,0.9882,1,0
IWM191004P151,2019-09-27,2019-09-27 09:49:39,0.85,1.0,337,0.83,0.9764,256,0.83,0.9764,1,0.84,0.9882,1,0
IWM191004P151,2019-09-27,2019-09-27 09:49:39,0.85,1.0,337,0.83,0.9764,235,0.83,0.9764,1,0.84,0.9882,1,0
IWM191004P151,2019-09-27,2019-09-27 09:49:40,0.85,1.0,337,0.83,0.9764,235,0.83,0.9764,1,0.84,0.9882,1,0
IWM191004P151,2019-09-27,2019-09-27 09:49:41,0.85,1.0,337,0.83,0.9764,235,0.83,0.9764,1,0.84,0.9882,1,0
IWM191004P151,2019-09-27,2019-09-27 09:49:41,0.85,1.0,401,0.83,0.9764,126,0.83,0.9764,1,0.84,0.9882,1,0
IWM191004P151,2019-09-27,2019-09-27 09:49:42,0.85,1.0,401,0.83,0.9764,114,0.83,0.9764,1,0.84,0.9882,1,0
IWM191004P151,2019-09-27,2019-09-27 09:49:43,0.85,1.0,401,0.83,0.9764,114,0.83,0.9764,1,0.84,0.9882,1,0
IWM191004P151,2019-09-27,2019-09-27 09:49:43,0.85,1.0,351,0.83,0.9764,173,0.83,0.9764,1,0.84,0.9882,1,0
IWM191004P151,2019-09-27,2019-09-27 09:49:44,0.85,1.0,339,0.83,0.9764,173,0.83,0.9764,1,0.84,0.9882,1,0
IWM191004P151,2019-09-27,2019-09-27 09:49:44,0.85,1.0,351,0.83,0.9764,173,0.83,0.9764,1,0.84,0.9882,1,0
IWM191004P151,2019-09-27,2019-09-27 09:49:45,0.84,0.9882,132,0.83,0.9764,24,0.83,0.9764,1,0.835,0.9823,1,0
IWM191004P151,2019-09-27,2019-09-27 09:49:45,0.84,0.9882,213,0.83,0.9764,17,0.83,0.9764,1,0.835,0.9823,1,0
IWM191004P151,2019-09-27,2019-09-27 09:49:46,0.84,0.9882,132,0.83,0.9764,24,0.83,0.9764,1,0.835,0.9823,1,0
IWM191004P151,2019-09-27,2019-09-27 09:49:46,0.84,0.9882,55,0.83,0.9764,24,0.83,0.9764,1,0.835,0.9823,1,0
IWM191004P151,2019-09-27,2019-09-27 09:49:47,0.84,0.9882,146,0.83,0.9764,24,0.83,0.9764,1,0.835,0.9823,1,0
IWM191004P151,2019-09-27,2019-09-27 09:49:47,0.85,1.0,111,0.83,0.9764,48,0.83,0.9764,1,0.84,0.9882,1,0
IWM191004P151,2019-09-27,2019-09-27 09:49:48,0.85,1.0,243,0.83,0.9764,71,0.83,0.9764,1,0.84,0.9882,1,0
IWM191004P151,2019-09-27,2019-09-27 09:49:48,0.85,1.0,351,0.83,0.9764,271,0.83,0.9764,1,0.84,0.9882,1,0
IWM191004P151,2019-09-27,2019-09-27 09:49:49,0.85,1.0,81,0.84,0.9882,24,0.83,0.9764,1,0.845,0.9941,1,0
IWM191004P151,2019-09-27,2019-09-27 09:49:49,0.85,1.0,98,0.84,0.9882,24,0.83,0.9764,1,0.845,0.9941,1,0
IWM191004P151,2019-09-27,2019-09-27 09:49:50,0.85,1.0,141,0.84,0.9882,24,0.83,0.9764,1,0.845,0.9941,1,0
IWM191004P151,2019-09-27,2019-09-27 09:49:51,0.85,1.0,94,0.84,0.9882,36,0.83,0.9764,1,0.845,0.9941,1,0
IWM191004P151,2019-09-27,2019-09-27 09:49:52,0.85,1.0,223,0.83,0.9764,371,0.83,0.9764,1,0.84,0.9882,1,0
IWM191004P151,2019-09-27,2019-09-27 09:49:52,0.85,1.0,210,0.83,0.9764,479,0.83,0.9764,1,0.84,0.9882,1,0
IWM191004P151,2019-09-27,2019-09-27 09:49:53,0.85,1.0,259,0.83,0.9764,392,0.83,0.9764,1,0.84,0.9882,1,0
IWM191004P151,2019-09-27,2019-09-27 09:49:53,0.85,1.0,259,0.83,0.9764,379,0.83,0.9764,1,0.84,0.9882,1,0
IWM191004P151,2019-09-27,2019-09-27 09:49:54,0.85,1.0,225,0.83,0.9764,405,0.83,0.9764,1,0.84,0.9882,1,0
IWM191004P151,2019-09-27,2019-09-27 09:49:54,0.85,1.0,259,0.83,0.9764,379,0.83,0.9764,1,0.84,0.9882,1,0
IWM191004P151,2019-09-27,2019-09-27 09:49:55,0.85,1.0,195,0.83,0.9764,379,0.83,0.9764,1,0.84,0.9882,1,0
IWM191004P151,2019-09-27,2019-09-27 09:49:55,0.85,1.0,195,0.83,0.9764,405,0.83,0.9764,1,0.84,0.9882,1,0
IWM191004P151,2019-09-27,2019-09-27 09:49:56,0.85,1.0,225,0.83,0.9764,379,0.83,0.9764,1,0.84,0.9882,1,0
IWM191004P151,2019-09-27,2019-09-27 09:49:57,0.85,1.0,225,0.83,0.9764,110,0.83,0.9764,1,0.84,0.9882,1,0
IWM191004P151,2019-09-27,2019-09-27 09:49:57,0.85,1.0,225,0.83,0.9764,379,0.83,0.9764,1,0.84,0.9882,1,0
IWM191004P151,2019-09-27,2019-09-27 09:49:58,0.85,1.0,208,0.83,0.9764,127,0.83,0.9764,1,0.84,0.9882,1,0
IWM191004P151,2019-09-27,2019-09-27 09:49:58,0.85,1.0,188,0.83,0.9764,125,0.83,0.9764,1,0.84,0.9882,1,0
IWM191004P151,2019-09-27,2019-09-27 09:49:59,0.85,1.0,149,0.83,0.9764,125,0.83,0.9764,1,0.84,0.9882,1,0
IWM191004P151,2019-09-27,2019-09-27 09:49:59,0.85,1.0,91,0.83,0.9764,144,0.83,0.9764,1,0.84,0.9882,1,0
IWM191004P151,2019-09-27,2019-09-27 09:50:00,0.85,1.0,177,0.83,0.9764,144,0.83,0.9764,1,0.84,0.9882,1,0
IWM191004P151,2019-09-27,2019-09-27 09:50:00,0.85,1.0,118,0.83,0.9764,144,0.83,0.9764,1,0.84,0.9882,1,0
IWM191004P151,2019-09-27,2019-09-27 09:50:01,0.85,1.0,323,0.83,0.9764,144,0.83,0.9764,1,0.84,0.9882,1,0
IWM191004P151,2019-09-27,2019-09-27 09:50:01,0.85,1.0,196,0.83,0.9764,56,0.83,0.9764,1,0.84,0.9882,1,0
IWM191004P151,2019-09-27,2019-09-27 09:50:02,0.85,1.0,279,0.83,0.9764,56,0.83,0.9764,1,0.84,0.9882,1,0
IWM191004P151,2019-09-27,2019-09-27 09:50:02,0.84,0.9882,292,0.82,0.9647,212,0.83,0.9764,1,0.83,0.9764,1,0
IWM191004P151,2019-09-27,2019-09-27 09:50:03,0.83,0.9764,94,0.82,0.9647,20,0.83,0.9764,1,0.825,0.9705,1,0
IWM191004P151,2019-09-27,2019-09-27 09:50:03,0.84,0.9882,199,0.82,0.9647,45,0.83,0.9764,1,0.83,0.9764,1,0
IWM191004P151,2019-09-27,2019-09-27 09:50:04,0.83,0.9764,183,0.81,0.9529,316,0.83,0.9764,1,0.82,0.9647,1,0
IWM191004P151,2019-09-27,2019-09-27 09:50:04,0.83,0.9764,220,0.81,0.9529,260,0.83,0.9764,1,0.82,0.9647,1,0
IWM191004P151,2019-09-27,2019-09-27 09:50:05,0.83,0.9764,259,0.82,0.9647,20,0.83,0.9764,1,0.825,0.9705,1,0
IWM191004P151,2019-09-27,2019-09-27 09:50:06,0.83,0.9764,139,0.81,0.9529,181,0.83,0.9764,1,0.82,0.9647,1,0
IWM191004P151,2019-09-27,2019-09-27 09:50:06,0.83,0.9764,259,0.82,0.9647,20,0.83,0.9764,1,0.825,0.9705,1,0
IWM191004P151,2019-09-27,2019-09-27 09:50:07,0.83,0.9764,53,0.82,0.9647,65,0.83,0.9764,1,0.825,0.9705,1,0
IWM191004P151,2019-09-27,2019-09-27 09:50:08,0.83,0.9764,78,0.82,0.9647,65,0.83,0.9764,1,0.825,0.9705,1,0
IWM191004P151,2019-09-27,2019-09-27 09:50:08,0.84,0.9882,193,0.82,0.9647,54,0.83,0.9764,1,0.83,0.9764,1,0
IWM191004P151,2019-09-27,2019-09-27 09:50:09,0.83,0.9764,158,0.82,0.9647,20,0.83,0.9764,1,0.825,0.9705,1,0
IWM191004P151,2019-09-27,2019-09-27 09:50:09,0.84,0.9882,193,0.82,0.9647,54,0.83,0.9764,1,0.83,0.9764,1,0
IWM191004P151,2019-09-27,2019-09-27 09:50:10,0.83,0.9764,158,0.82,0.9647,20,0.83,0.9764,1,0.825,0.9705,1,0
IWM191004P151,2019-09-27,2019-09-27 09:50:10,0.84,0.9882,232,0.82,0.9647,98,0.83,0.9764,1,0.83,0.9764,1,0
IWM191004P151,2019-09-27,2019-09-27 09:50:11,0.85,1.0,154,0.83,0.9764,24,0.83,0.9764,1,0.84,0.9882,1,0
IWM191004P151,2019-09-27,2019-09-27 09:50:11,0.84,0.9882,232,0.82,0.9647,98,0.83,0.9764,1,0.83,0.9764,1,0
IWM191004P151,2019-09-27,2019-09-27 09:50:12,0.85,1.0,220,0.83,0.9764,83,0.83,0.9764,1,0.84,0.9882,1,0
IWM191004P151,2019-09-27,2019-09-27 09:50:13,0.85,1.0,135,0.83,0.9764,111,0.83,0.9764,1,0.84,0.9882,1,0
IWM191004P151,2019-09-27,2019-09-27 09:50:13,0.86,1.0117,150,0.83,0.9764,317,0.83,0.9764,1,0.845,0.9941,1,0
IWM191004P151,2019-09-27,2019-09-27 09:50:14,0.85,1.0,248,0.84,0.9882,2,0.83,0.9764,1,0.845,0.9941,1,0
IWM191004P151,2019-09-27,2019-09-27 09:50:14,0.86,1.0117,150,0.84,0.9882,2,0.83,0.9764,1,0.85,1.0,1,0
IWM191004P151,2019-09-27,2019-09-27 09:50:15,0.85,1.0,44,0.84,0.9882,20,0.83,0.9764,1,0.845,0.9941,1,0
IWM191004P151,2019-09-27,2019-09-27 09:50:16,0.85,1.0,147,0.84,0.9882,20,0.83,0.9764,1,0.845,0.9941,1,0
IWM191004P151,2019-09-27,2019-09-27 09:50:16,0.85,1.0,125,0.83,0.9764,503,0.83,0.9764,1,0.84,0.9882,1,0
IWM191004P151,2019-09-27,2019-09-27 09:50:17,0.85,1.0,300,0.84,0.9882,20,0.83,0.9764,1,0.845,0.9941,1,0
IWM191004P151,2019-09-27,2019-09-27 09:50:17,0.85,1.0,68,0.83,0.9764,266,0.83,0.9764,1,0.84,0.9882,1,0
IWM191004P151,2019-09-27,2019-09-27 09:50:18,0.85,1.0,68,0.83,0.9764,266,0.83,0.9764,1,0.84,0.9882,1,0
IWM191004P151,2019-09-27,2019-09-27 09:50:18,0.85,1.0,114,0.84,0.9882,20,0.83,0.9764,1,0.845,0.9941,1,0
IWM191004P151,2019-09-27,2019-09-27 09:50:19,0.85,1.0,54,0.84,0.9882,20,0.83,0.9764,1,0.845,0.9941,1,0
IWM191004P151,2019-09-27,2019-09-27 09:50:19,0.85,1.0,69,0.84,0.9882,20,0.83,0.9764,1,0.845,0.9941,1,0
IWM191004P151,2019-09-27,2019-09-27 09:50:20,0.85,1.0,54,0.84,0.9882,20,0.83,0.9764,1,0.845,0.9941,1,0
IWM191004P151,2019-09-27,2019-09-27 09:50:21,0.85,1.0,81,0.84,0.9882,81,0.83,0.9764,1,0.845,0.9941,1,0
IWM191004P151,2019-09-27,2019-09-27 09:50:21,0.85,1.0,81,0.84,0.9882,20,0.83,0.9764,1,0.845,0.9941,1,0
IWM191004P151,2019-09-27,2019-09-27 09:50:22,0.85,1.0,54,0.84,0.9882,81,0.83,0.9764,1,0.845,0.9941,1,0
IWM191004P151,2019-09-27,2019-09-27 09:50:23,0.85,1.0,81,0.84,0.9882,93,0.83,0.9764,1,0.845,0.9941,1,0
IWM191004P151,2019-09-27,2019-09-27 09:50:23,0.85,1.0,81,0.84,0.9882,81,0.83,0.9764,1,0.845,0.9941,1,0
IWM191004P151,2019-09-27,2019-09-27 09:50:24,0.85,1.0,54,0.84,0.9882,56,0.83,0.9764,1,0.845,0.9941,1,0
IWM191004P151,2019-09-27,2019-09-27 09:50:25,0.85,1.0,81,0.84,0.9882,56,0.83,0.9764,1,0.845,0.9941,1,0
IWM191004P151,2019-09-27,2019-09-27 09:50:25,0.85,1.0,81,0.84,0.9882,85,0.83,0.9764,1,0.845,0.9941,1,0
IWM191004P151,2019-09-27,2019-09-27 09:50:26,0.85,1.0,81,0.84,0.9882,20,0.83,0.9764,1,0.845,0.9941,1,0
IWM191004P151,2019-09-27,2019-09-27 09:50:26,0.85,1.0,81,0.84,0.9882,85,0.83,0.9764,1,0.845,0.9941,1,0
IWM191004P151,2019-09-27,2019-09-27 09:50:27,0.85,1.0,146,0.84,0.9882,20,0.83,0.9764,1,0.845,0.9941,1,0
IWM191004P151,2019-09-27,2019-09-27 09:50:27,0.85,1.0,45,0.84,0.9882,20,0.83,0.9764,1,0.845,0.9941,1,0
IWM191004P151,2019-09-27,2019-09-27 09:50:28,0.85,1.0,81,0.84,0.9882,20,0.83,0.9764,1,0.845,0.9941,1,0
IWM191004P151,2019-09-27,2019-09-27 09:50:28,0.85,1.0,45,0.84,0.9882,20,0.83,0.9764,1,0.845,0.9941,1,0
IWM191004P151,2019-09-27,2019-09-27 09:50:29,0.86,1.0117,83,0.84,0.9882,241,0.83,0.9764,1,0.85,1.0,1,0
IWM191004P151,2019-09-27,2019-09-27 09:50:30,0.86,1.0117,78,0.85,1.0,20,0.83,0.9764,1,0.855,1.0058,1,0
IWM191004P151,2019-09-27,2019-09-27 09:50:30,0.86,1.0117,83,0.84,0.9882,241,0.83,0.9764,1,0.85,1.0,1,0
IWM191004P151,2019-09-27,2019-09-27 09:50:31,0.86,1.0117,43,0.85,1.0,82,0.83,0.9764,1,0.855,1.0058,1,0
IWM191004P151,2019-09-27,2019-09-27 09:50:31,0.86,1.0117,46,0.85,1.0,20,0.83,0.9764,1,0.855,1.0058,1,0
IWM191004P151,2019-09-27,2019-09-27 09:50:32,0.86,1.0117,46,0.85,1.0,20,0.83,0.9764,1,0.855,1.0058,1,0
IWM191004P151,2019-09-27,2019-09-27 09:50:33,0.86,1.0117,46,0.85,1.0,20,0.83,0.9764,1,0.855,1.0058,1,0
IWM191004P151,2019-09-27,2019-09-27 09:50:34,0.86,1.0117,45,0.85,1.0,20,0.83,0.9764,1,0.855,1.0058,1,0
IWM191004P151,2019-09-27,2019-09-27 09:50:34,0.87,1.0235,372,0.85,1.0,20,0.83,0.9764,1,0.86,1.0117,1,0
IWM191004P151,2019-09-27,2019-09-27 09:50:35,0.86,1.0117,45,0.85,1.0,32,0.83,0.9764,1,0.855,1.0058,1,0
IWM191004P151,2019-09-27,2019-09-27 09:50:36,0.86,1.0117,45,0.85,1.0,32,0.83,0.9764,1,0.855,1.0058,1,0
IWM191004P151,2019-09-27,2019-09-27 09:50:36,0.86,1.0117,46,0.85,1.0,20,0.83,0.9764,1,0.855,1.0058,1,0
IWM191004P151,2019-09-27,2019-09-27 09:50:37,0.86,1.0117,173,0.85,1.0,20,0.83,0.9764,1,0.855,1.0058,1,0
IWM191004P151,2019-09-27,2019-09-27 09:50:38,0.86,1.0117,310,0.84,0.9882,44,0.83,0.9764,1,0.85,1.0,1,0
IWM191004P151,2019-09-27,2019-09-27 09:50:38,0.86,1.0117,224,0.84,0.9882,240,0.83,0.9764,1,0.85,1.0,1,0
IWM191004P151,2019-09-27,2019-09-27 09:50:39,0.86,1.0117,357,0.84,0.9882,44,0.83,0.9764,1,0.85,1.0,1,0
IWM191004P151,2019-09-27,2019-09-27 09:50:39,0.86,1.0117,300,0.84,0.9882,44,0.83,0.9764,1,0.85,1.0,1,0
IWM191004P151,2019-09-27,2019-09-27 09:50:40,0.86,1.0117,66,0.84,0.9882,102,0.83,0.9764,1,0.85,1.0,1,0
IWM191004P151,2019-09-27,2019-09-27 09:50:40,0.86,1.0117,357,0.84,0.9882,44,0.83,0.9764,1,0.85,1.0,1,0
IWM191004P151,2019-09-27,2019-09-27 09:50:41,0.86,1.0117,112,0.84,0.9882,102,0.83,0.9764,1,0.85,1.0,1,0
IWM191004P151,2019-09-27,2019-09-27 09:50:41,0.86,1.0117,241,0.84,0.9882,145,0.83,0.9764,1,0.85,1.0,1,0
IWM191004P151,2019-09-27,2019-09-27 09:50:42,0.86,1.0117,397,0.84,0.9882,85,0.83,0.9764,1,0.85,1.0,1,0
IWM191004P151,2019-09-27,2019-09-27 09:50:42,0.86,1.0117,282,0.84,0.9882,60,0.83,0.9764,1,0.85,1.0,1,0
IWM191004P151,2019-09-27,2019-09-27 09:50:43,0.85,1.0,230,0.83,0.9764,20,0.83,0.9764,1,0.84,0.9882,1,0
IWM191004P151,2019-09-27,2019-09-27 09:50:43,0.85,1.0,68,0.83,0.9764,51,0.83,0.9764,1,0.84,0.9882,1,0
IWM191004P151,2019-09-27,2019-09-27 09:50:44,0.85,1.0,358,0.83,0.9764,21,0.83,0.9764,1,0.84,0.9882,1,0
IWM191004P151,2019-09-27,2019-09-27 09:50:44,0.85,1.0,260,0.83,0.9764,20,0.83,0.9764,1,0.84,0.9882,1,0
IWM191004P151,2019-09-27,2019-09-27 09:50:45,0.85,1.0,283,0.83,0.9764,21,0.83,0.9764,1,0.84,0.9882,1,0
IWM191004P151,2019-09-27,2019-09-27 09:50:45,0.85,1.0,358,0.83,0.9764,21,0.83,0.9764,1,0.84,0.9882,1,0
IWM191004P151,2019-09-27,2019-09-27 09:50:46,0.85,1.0,283,0.83,0.9764,21,0.83,0.9764,1,0.84,0.9882,1,0
IWM191004P151,2019-09-27,2019-09-27 09:50:47,0.85,1.0,292,0.83,0.9764,48,0.83,0.9764,1,0.84,0.9882,1,0
IWM191004P151,2019-09-27,2019-09-27 09:50:48,0.85,1.0,332,0.83,0.9764,114,0.83,0.9764,1,0.84,0.9882,1,0
IWM191004P151,2019-09-27,2019-09-27 09:50:49,0.85,1.0,151,0.83,0.9764,99,0.83,0.9764,1,0.84,0.9882,1,0
IWM191004P151,2019-09-27,2019-09-27 09:50:49,0.85,1.0,45,0.84,0.9882,51,0.83,0.9764,1,0.845,0.9941,1,0
IWM191004P151,2019-09-27,2019-09-27 09:50:50,0.85,1.0,46,0.84,0.9882,49,0.83,0.9764,1,0.845,0.9941,1,0
IWM191004P151,2019-09-27,2019-09-27 09:50:51,0.85,1.0,46,0.84,0.9882,34,0.83,0.9764,1,0.845,0.9941,1,0
IWM191004P151,2019-09-27,2019-09-27 09:50:51,0.85,1.0,81,0.84,0.9882,20,0.83,0.9764,1,0.845,0.9941,1,0
IWM191004P151,2019-09-27,2019-09-27 09:50:52,0.85,1.0,49,0.84,0.9882,51,0.83,0.9764,1,0.845,0.9941,1,0
IWM191004P151,2019-09-27,2019-09-27 09:50:52,0.85,1.0,46,0.84,0.9882,39,0.83,0.9764,1,0.845,0.9941,1,0
IWM191004P151,2019-09-27,2019-09-27 09:50:53,0.85,1.0,317,0.83,0.9764,169,0.83,0.9764,1,0.84,0.9882,1,0
IWM191004P151,2019-09-27,2019-09-27 09:50:53,0.85,1.0,287,0.84,0.9882,20,0.83,0.9764,1,0.845,0.9941,1,0
IWM191004P151,2019-09-27,2019-09-27 09:50:54,0.85,1.0,116,0.83,0.9764,169,0.83,0.9764,1,0.84,0.9882,1,0
IWM191004P151,2019-09-27,2019-09-27 09:50:54,0.85,1.0,113,0.84,0.9882,20,0.83,0.9764,1,0.845,0.9941,1,0
IWM191004P151,2019-09-27,2019-09-27 09:50:55,0.85,1.0,46,0.84,0.9882,22,0.83,0.9764,1,0.845,0.9941,1,0
IWM191004P151,2019-09-27,2019-09-27 09:50:55,0.85,1.0,273,0.83,0.9764,179,0.83,0.9764,1,0.84,0.9882,1,0
IWM191004P151,2019-09-27,2019-09-27 09:50:56,0.85,1.0,69,0.84,0.9882,20,0.83,0.9764,1,0.845,0.9941,1,0
IWM191004P151,2019-09-27,2019-09-27 09:50:56,0.85,1.0,46,0.84,0.9882,22,0.83,0.9764,1,0.845,0.9941,1,0
IWM191004P151,2019-09-27,2019-09-27 09:50:57,0.85,1.0,151,0.84,0.9882,49,0.83,0.9764,1,0.845,0.9941,1,0
IWM191004P151,2019-09-27,2019-09-27 09:50:57,0.85,1.0,69,0.84,0.9882,20,0.83,0.9764,1,0.845,0.9941,1,0
IWM191004P151,2019-09-27,2019-09-27 09:50:58,0.85,1.0,46,0.84,0.9882,49,0.83,0.9764,1,0.845,0.9941,1,0
IWM191004P151,2019-09-27,2019-09-27 09:50:58,0.85,1.0,46,0.84,0.9882,128,0.83,0.9764,1,0.845,0.9941,1,0
IWM191004P151,2019-09-27,2019-09-27 09:50:59,0.86,1.0117,122,0.84,0.9882,264,0.83,0.9764,1,0.85,1.0,1,0
IWM191004P151,2019-09-27,2019-09-27 09:50:59,0.86,1.0117,179,0.84,0.9882,264,0.83,0.9764,1,0.85,1.0,1,0
IWM191004P151,2019-09-27,2019-09-27 09:51:00,0.86,1.0117,179,0.84,0.9882,264,0.83,0.9764,1,0.85,1.0,1,0
IWM191004P151,2019-09-27,2019-09-27 09:51:00,0.86,1.0117,98,0.84,0.9882,264,0.83,0.9764,1,0.85,1.0,1,0
IWM191004P151,2019-09-27,2019-09-27 09:51:01,0.86,1.0117,87,0.85,1.0,30,0.83,0.9764,1,0.855,1.0058,1,0
IWM191004P151,2019-09-27,2019-09-27 09:51:01,0.86,1.0117,69,0.85,1.0,20,0.83,0.9764,1,0.855,1.0058,1,0
IWM191004P151,2019-09-27,2019-09-27 09:51:02,0.86,1.0117,87,0.85,1.0,34,0.83,0.9764,1,0.855,1.0058,1,0
IWM191004P151,2019-09-27,2019-09-27 09:51:03,0.86,1.0117,87,0.85,1.0,34,0.83,0.9764,1,0.855,1.0058,1,0
IWM191004P151,2019-09-27,2019-09-27 09:51:04,0.86,1.0117,43,0.85,1.0,117,0.83,0.9764,1,0.855,1.0058,1,0
IWM191004P151,2019-09-27,2019-09-27 09:51:04,0.86,1.0117,43,0.85,1.0,146,0.83,0.9764,1,0.855,1.0058,1,0
IWM191004P151,2019-09-27,2019-09-27 09:51:05,0.87,1.0235,200,0.85,1.0,21,0.83,0.9764,1,0.86,1.0117,1,0
IWM191004P151,2019-09-27,2019-09-27 09:51:05,0.86,1.0117,65,0.85,1.0,21,0.83,0.9764,1,0.855,1.0058,1,0
IWM191004P151,2019-09-27,2019-09-27 09:51:06,0.86,1.0117,46,0.85,1.0,102,0.83,0.9764,1,0.855,1.0058,1,0
IWM191004P151,2019-09-27,2019-09-27 09:51:07,0.86,1.0117,46,0.85,1.0,102,0.83,0.9764,1,0.855,1.0058,1,0
IWM191004P151,2019-09-27,2019-09-27 09:51:08,0.87,1.0235,80,0.86,1.0117,50,0.83,0.9764,1,0.865,1.0176,1,0
IWM191004P151,2019-09-27,2019-09-27 09:51:09,0.88,1.0352,323,0.86,1.0117,56,0.83,0.9764,1,0.87,1.0235,1,0
IWM191004P151,2019-09-27,2019-09-27 09:51:09,0.87,1.0235,68,0.86,1.0117,33,0.83,0.9764,1,0.865,1.0176,1,0
IWM191004P151,2019-09-27,2019-09-27 09:51:10,0.88,1.0352,178,0.86,1.0117,75,0.83,0.9764,1,0.87,1.0235,1,0
IWM191004P151,2019-09-27,2019-09-27 09:51:10,0.88,1.0352,259,0.86,1.0117,148,0.83,0.9764,1,0.87,1.0235,1,0
IWM191004P151,2019-09-27,2019-09-27 09:51:11,0.88,1.0352,305,0.86,1.0117,272,0.83,0.9764,1,0.87,1.0235,1,0
IWM191004P151,2019-09-27,2019-09-27 09:51:11,0.88,1.0352,305,0.86,1.0117,358,0.83,0.9764,1,0.87,1.0235,1,0
IWM191004P151,2019-09-27,2019-09-27 09:51:12,0.88,1.0352,98,0.87,1.0235,47,0.83,0.9764,1,0.875,1.0294,1,0
IWM191004P151,2019-09-27,2019-09-27 09:51:12,0.88,1.0352,102,0.87,1.0235,31,0.83,0.9764,1,0.875,1.0294,1,0
IWM191004P151,2019-09-27,2019-09-27 09:51:13,0.88,1.0352,30,0.87,1.0235,47,0.83,0.9764,1,0.875,1.0294,1,0
IWM191004P151,2019-09-27,2019-09-27 09:51:14,0.88,1.0352,30,0.87,1.0235,47,0.83,0.9764,1,0.875,1.0294,1,0
IWM191004P151,2019-09-27,2019-09-27 09:51:15,0.88,1.0352,57,0.87,1.0235,47,0.83,0.9764,1,0.875,1.0294,1,0
IWM191004P151,2019-09-27,2019-09-27 09:51:15,0.88,1.0352,42,0.87,1.0235,23,0.83,0.9764,1,0.875,1.0294,1,0
IWM191004P151,2019-09-27,2019-09-27 09:51:16,0.88,1.0352,46,0.87,1.0235,23,0.83,0.9764,1,0.875,1.0294,1,0
IWM191004P151,2019-09-27,2019-09-27 09:51:17,0.88,1.0352,1,0.87,1.0235,33,0.83,0.9764,1,0.875,1.0294,1,0
IWM191004P151,2019-09-27,2019-09-27 09:51:17,0.88,1.0352,46,0.87,1.0235,35,0.83,0.9764,1,0.875,1.0294,1,0
IWM191004P151,2019-09-27,2019-09-27 09:51:18,0.88,1.0352,1,0.87,1.0235,90,0.83,0.9764,1,0.875,1.0294,1,0
IWM191004P151,2019-09-27,2019-09-27 09:51:18,0.88,1.0352,46,0.87,1.0235,35,0.83,0.9764,1,0.875,1.0294,1,0
IWM191004P151,2019-09-27,2019-09-27 09:51:19,0.88,1.0352,1,0.87,1.0235,90,0.83,0.9764,1,0.875,1.0294,1,0
IWM191004P151,2019-09-27,2019-09-27 09:51:19,0.89,1.047,249,0.87,1.0235,159,0.83,0.9764,1,0.88,1.0352,1,0
IWM191004P151,2019-09-27,2019-09-27 09:51:20,0.88,1.0352,170,0.87,1.0235,20,0.83,0.9764,1,0.875,1.0294,1,0
IWM191004P151,2019-09-27,2019-09-27 09:51:20,0.89,1.047,143,0.87,1.0235,159,0.83,0.9764,1,0.88,1.0352,1,0
IWM191004P151,2019-09-27,2019-09-27 09:51:21,0.87,1.0235,30,0.86,1.0117,37,0.83,0.9764,1,0.865,1.0176,1,0
IWM191004P151,2019-09-27,2019-09-27 09:51:21,0.87,1.0235,102,0.86,1.0117,20,0.83,0.9764,1,0.865,1.0176,1,0
IWM191004P151,2019-09-27,2019-09-27 09:51:22,0.87,1.0235,190,0.86,1.0117,20,0.83,0.9764,1,0.865,1.0176,1,0
IWM191004P151,2019-09-27,2019-09-27 09:51:22,0.87,1.0235,234,0.86,1.0117,20,0.83,0.9764,1,0.865,1.0176,1,0
IWM191004P151,2019-09-27,2019-09-27 09:51:23,0.87,1.0235,146,0.86,1.0117,30,0.83,0.9764,1,0.865,1.0176,1,0
IWM191004P151,2019-09-27,2019-09-27 09:51:23,0.87,1.0235,164,0.86,1.0117,20,0.83,0.9764,1,0.865,1.0176,1,0
IWM191004P151,2019-09-27,2019-09-27 09:51:24,0.87,1.0235,84,0.86,1.0117,30,0.83,0.9764,1,0.865,1.0176,1,0
IWM191004P151,2019-09-27,2019-09-27 09:51:24,0.87,1.0235,56,0.86,1.0117,30,0.83,0.9764,1,0.865,1.0176,1,0
IWM191004P151,2019-09-27,2019-09-27 09:51:25,0.88,1.0352,110,0.86,1.0117,64,0.83,0.9764,1,0.87,1.0235,1,0
IWM191004P151,2019-09-27,2019-09-27 09:51:25,0.87,1.0235,127,0.86,1.0117,30,0.83,0.9764,1,0.865,1.0176,1,0
IWM191004P151,2019-09-27,2019-09-27 09:51:26,0.88,1.0352,334,0.86,1.0117,138,0.83,0.9764,1,0.87,1.0235,1,0
IWM191004P151,2019-09-27,2019-09-27 09:51:26,0.88,1.0352,55,0.86,1.0117,138,0.83,0.9764,1,0.87,1.0235,1,0
IWM191004P151,2019-09-27,2019-09-27 09:51:27,0.88,1.0352,99,0.86,1.0117,138,0.83,0.9764,1,0.87,1.0235,1,0
IWM191004P151,2019-09-27,2019-09-27 09:51:27,0.88,1.0352,108,0.87,1.0235,20,0.83,0.9764,1,0.875,1.0294,1,0
IWM191004P151,2019-09-27,2019-09-27 09:51:28,0.88,1.0352,128,0.86,1.0117,530,0.83,0.9764,1,0.87,1.0235,1,0
IWM191004P151,2019-09-27,2019-09-27 09:51:29,0.88,1.0352,63,0.86,1.0117,530,0.83,0.9764,1,0.87,1.0235,1,0
IWM191004P151,2019-09-27,2019-09-27 09:51:29,0.88,1.0352,63,0.87,1.0235,20,0.83,0.9764,1,0.875,1.0294,1,0
IWM191004P151,2019-09-27,2019-09-27 09:51:30,0.89,1.047,320,0.87,1.0235,20,0.83,0.9764,1,0.88,1.0352,1,0
IWM191004P151,2019-09-27,2019-09-27 09:51:30,0.89,1.047,269,0.87,1.0235,268,0.83,0.9764,1,0.88,1.0352,1,0
IWM191004P151,2019-09-27,2019-09-27 09:51:31,0.89,1.047,347,0.87,1.0235,30,0.83,0.9764,1,0.88,1.0352,1,0
IWM191004P151,2019-09-27,2019-09-27 09:51:31,0.89,1.047,347,0.87,1.0235,158,0.83,0.9764,1,0.88,1.0352,1,0
IWM191004P151,2019-09-27,2019-09-27 09:51:32,0.89,1.047,151,0.87,1.0235,203,0.83,0.9764,1,0.88,1.0352,1,0
IWM191004P151,2019-09-27,2019-09-27 09:51:32,0.88,1.0352,46,0.87,1.0235,30,0.83,0.9764,1,0.875,1.0294,1,0
IWM191004P151,2019-09-27,2019-09-27 09:51:33,0.89,1.047,212,0.87,1.0235,203,0.83,0.9764,1,0.88,1.0352,1,0
IWM191004P151,2019-09-27,2019-09-27 09:51:33,0.89,1.047,247,0.87,1.0235,203,0.83,0.9764,1,0.88,1.0352,1,0
IWM191004P151,2019-09-27,2019-09-27 09:51:34,0.88,1.0352,69,0.87,1.0235,20,0.83,0.9764,1,0.875,1.0294,1,0
IWM191004P151,2019-09-27,2019-09-27 09:51:34,0.88,1.0352,46,0.87,1.0235,44,0.83,0.9764,1,0.875,1.0294,1,0
IWM191004P151,2019-09-27,2019-09-27 09:51:35,0.88,1.0352,69,0.87,1.0235,20,0.83,0.9764,1,0.875,1.0294,1,0
IWM191004P151,2019-09-27,2019-09-27 09:51:35,0.88,1.0352,69,0.87,1.0235,30,0.83,0.9764,1,0.875,1.0294,1,0
IWM191004P151,2019-09-27,2019-09-27 09:51:36,0.89,1.047,89,0.87,1.0235,108,0.83,0.9764,1,0.88,1.0352,1,0
IWM191004P151,2019-09-27,2019-09-27 09:51:36,0.88,1.0352,46,0.87,1.0235,30,0.83,0.9764,1,0.875,1.0294,1,0
IWM191004P151,2019-09-27,2019-09-27 09:51:37,0.89,1.047,46,0.88,1.0352,20,0.83,0.9764,1,0.885,1.0411,1,0
IWM191004P151,2019-09-27,2019-09-27 09:51:37,0.9,1.0588,218,0.88,1.0352,20,0.83,0.9764,1,0.89,1.047,1,0
IWM191004P151,2019-09-27,2019-09-27 09:51:38,0.9,1.0588,60,0.88,1.0352,188,0.83,0.9764,1,0.89,1.047,1,0
IWM191004P151,2019-09-27,2019-09-27 09:51:38,0.9,1.0588,46,0.89,1.047,30,0.83,0.9764,1,0.895,1.0529,1,0
IWM191004P151,2019-09-27,2019-09-27 09:51:39,0.9,1.0588,89,0.89,1.047,20,0.83,0.9764,1,0.895,1.0529,1,0
IWM191004P151,2019-09-27,2019-09-27 09:51:39,0.9,1.0588,44,0.89,1.047,30,0.83,0.9764,1,0.895,1.0529,1,0
IWM191004P151,2019-09-27,2019-09-27 09:51:40,0.9,1.0588,46,0.89,1.047,30,0.83,0.9764,1,0.895,1.0529,1,0
IWM191004P151,2019-09-27,2019-09-27 09:51:41,0.9,1.0588,20,0.89,1.047,30,0.83,0.9764,1,0.895,1.0529,1,0
IWM191004P151,2019-09-27,2019-09-27 09:51:41,0.9,1.0588,46,0.89,1.047,30,0.83,0.9764,1,0.895,1.0529,1,0
IWM191004P151,2019-09-27,2019-09-27 09:51:42,0.9,1.0588,52,0.89,1.047,20,0.83,0.9764,1,0.895,1.0529,1,0
IWM191004P151,2019-09-27,2019-09-27 09:51:42,0.9,1.0588,30,0.89,1.047,30,0.83,0.9764,1,0.895,1.0529,1,0
IWM191004P151,2019-09-27,2019-09-27 09:51:43,0.9,1.0588,45,0.89,1.047,20,0.83,0.9764,1,0.895,1.0529,1,0
IWM191004P151,2019-09-27,2019-09-27 09:51:44,0.9,1.0588,46,0.89,1.047,20,0.83,0.9764,1,0.895,1.0529,1,0
IWM191004P151,2019-09-27,2019-09-27 09:51:45,0.9,1.0588,46,0.89,1.047,20,0.83,0.9764,1,0.895,1.0529,1,0
IWM191004P151,2019-09-27,2019-09-27 09:51:45,0.9,1.0588,44,0.89,1.047,30,0.83,0.9764,1,0.895,1.0529,1,0
IWM191004P151,2019-09-27,2019-09-27 09:51:46,0.9,1.0588,44,0.89,1.047,30,0.83,0.9764,1,0.895,1.0529,1,0
IWM191004P151,2019-09-27,2019-09-27 09:51:46,0.91,1.0705,245,0.89,1.047,93,0.83,0.9764,1,0.9,1.0588,1,0
IWM191004P151,2019-09-27,2019-09-27 09:51:47,0.91,1.0705,434,0.89,1.047,134,0.83,0.9764,1,0.9,1.0588,1,0
IWM191004P151,2019-09-27,2019-09-27 09:51:48,0.91,1.0705,434,0.89,1.047,134,0.83,0.9764,1,0.9,1.0588,1,0
IWM191004P151,2019-09-27,2019-09-27 09:51:48,0.91,1.0705,456,0.89,1.047,134,0.83,0.9764,1,0.9,1.0588,1,0
IWM191004P151,2019-09-27,2019-09-27 09:51:49,0.91,1.0705,59,0.9,1.0588,20,0.83,0.9764,1,0.905,1.0647,1,0
IWM191004P151,2019-09-27,2019-09-27 09:51:49,0.91,1.0705,333,0.89,1.047,381,0.83,0.9764,1,0.9,1.0588,1,0
IWM191004P151,2019-09-27,2019-09-27 09:51:50,0.91,1.0705,20,0.9,1.0588,30,0.83,0.9764,1,0.905,1.0647,1,0
