symbol,Date,quote_time,ask_price,norm_ask_price,ask_size,bid_price,norm_bid_price,bid_size,last_trade_price,norm_last_trade_price,last_trade_size,mark_price,norm_mark_price,volume,Volume
IWM191115C162,2019-11-13,2019-11-13 09:30:02,5.0,1.0,10,0.0,0.0,0,0.06,0.012,1,2.5,0.5,2,2
IWM191115C162,2019-11-13,2019-11-13 09:30:04,0.09,0.018,100,0.02,0.004,47,0.02,0.004,3,0.055,0.011,5,0
IWM191115C162,2019-11-13,2019-11-13 09:30:04,0.09,0.018,100,0.02,0.004,47,0.02,0.004,3,0.055,0.011,5,3
IWM191115C162,2019-11-13,2019-11-13 09:30:05,0.09,0.018,100,0.02,0.004,47,0.02,0.004,3,0.055,0.011,5,0
IWM191115C162,2019-11-13,2019-11-13 09:30:06,0.08,0.016,500,0.02,0.004,47,0.02,0.004,3,0.05,0.01,5,0
IWM191115C162,2019-11-13,2019-11-13 09:30:06,0.09,0.018,100,0.02,0.004,47,0.02,0.004,3,0.055,0.011,5,0
IWM191115C162,2019-11-13,2019-11-13 09:30:07,0.08,0.016,500,0.02,0.004,47,0.02,0.004,3,0.05,0.01,5,0
IWM191115C162,2019-11-13,2019-11-13 09:30:08,0.04,0.008,570,0.02,0.004,47,0.02,0.004,3,0.03,0.006,5,0
IWM191115C162,2019-11-13,2019-11-13 09:30:09,0.04,0.008,650,0.02,0.004,47,0.02,0.004,3,0.03,0.006,5,0
IWM191115C162,2019-11-13,2019-11-13 09:30:09,0.04,0.008,950,0.02,0.004,47,0.02,0.004,3,0.03,0.006,5,0
IWM191115C162,2019-11-13,2019-11-13 09:30:10,0.04,0.008,1150,0.02,0.004,47,0.02,0.004,3,0.03,0.006,5,0
IWM191115C162,2019-11-13,2019-11-13 09:30:11,0.04,0.008,1260,0.02,0.004,47,0.02,0.004,3,0.03,0.006,5,0
IWM191115C162,2019-11-13,2019-11-13 09:30:12,0.04,0.008,788,0.01,0.002,480,0.02,0.004,3,0.025,0.005,10,5
IWM191115C162,2019-11-13,2019-11-13 09:30:12,0.04,0.008,915,0.01,0.002,480,0.01,0.002,5,0.025,0.005,10,0
IWM191115C162,2019-11-13,2019-11-13 09:30:13,0.04,0.008,963,0.01,0.002,480,0.01,0.002,5,0.025,0.005,10,0
IWM191115C162,2019-11-13,2019-11-13 09:30:14,0.04,0.008,963,0.01,0.002,450,0.01,0.002,5,0.025,0.005,10,0
IWM191115C162,2019-11-13,2019-11-13 09:30:15,0.04,0.008,963,0.01,0.002,450,0.01,0.002,5,0.025,0.005,10,0
IWM191115C162,2019-11-13,2019-11-13 09:30:16,0.04,0.008,963,0.01,0.002,450,0.01,0.002,5,0.025,0.005,10,0
IWM191115C162,2019-11-13,2019-11-13 09:30:17,0.03,0.006,19,0.01,0.002,762,0.01,0.002,5,0.02,0.004,10,0
IWM191115C162,2019-11-13,2019-11-13 09:30:18,0.03,0.006,26,0.01,0.002,762,0.01,0.002,5,0.02,0.004,10,0
IWM191115C162,2019-11-13,2019-11-13 09:30:18,0.03,0.006,26,0.01,0.002,525,0.01,0.002,5,0.02,0.004,10,0
IWM191115C162,2019-11-13,2019-11-13 09:30:19,0.03,0.006,27,0.01,0.002,76,0.01,0.002,5,0.02,0.004,10,0
IWM191115C162,2019-11-13,2019-11-13 09:30:19,0.03,0.006,29,0.01,0.002,525,0.01,0.002,5,0.02,0.004,10,0
IWM191115C162,2019-11-13,2019-11-13 09:30:20,0.03,0.006,1037,0.01,0.002,1133,0.01,0.002,5,0.02,0.004,10,0
IWM191115C162,2019-11-13,2019-11-13 09:30:20,0.03,0.006,978,0.01,0.002,1141,0.01,0.002,5,0.02,0.004,10,0
IWM191115C162,2019-11-13,2019-11-13 09:30:21,0.03,0.006,1367,0.01,0.002,903,0.01,0.002,5,0.02,0.004,10,0
IWM191115C162,2019-11-13,2019-11-13 09:30:22,0.03,0.006,1161,0.01,0.002,903,0.01,0.002,5,0.02,0.004,10,0
IWM191115C162,2019-11-13,2019-11-13 09:30:22,0.03,0.006,1432,0.01,0.002,903,0.01,0.002,5,0.02,0.004,10,0
IWM191115C162,2019-11-13,2019-11-13 09:30:23,0.03,0.006,1332,0.01,0.002,1134,0.01,0.002,5,0.02,0.004,10,0
IWM191115C162,2019-11-13,2019-11-13 09:30:23,0.03,0.006,1332,0.01,0.002,1203,0.01,0.002,5,0.02,0.004,10,0
IWM191115C162,2019-11-13,2019-11-13 09:30:24,0.03,0.006,1332,0.01,0.002,1203,0.01,0.002,5,0.02,0.004,10,0
IWM191115C162,2019-11-13,2019-11-13 09:30:25,0.03,0.006,1332,0.01,0.002,1203,0.01,0.002,5,0.02,0.004,10,0
IWM191115C162,2019-11-13,2019-11-13 09:30:26,0.03,0.006,1656,0.01,0.002,1489,0.01,0.002,5,0.02,0.004,10,0
IWM191115C162,2019-11-13,2019-11-13 09:30:26,0.03,0.006,1032,0.01,0.002,1134,0.01,0.002,5,0.02,0.004,10,0
IWM191115C162,2019-11-13,2019-11-13 09:30:27,0.03,0.006,1903,0.01,0.002,1096,0.01,0.002,5,0.02,0.004,10,0
IWM191115C162,2019-11-13,2019-11-13 09:30:27,0.03,0.006,1417,0.01,0.002,1096,0.01,0.002,5,0.02,0.004,10,0
IWM191115C162,2019-11-13,2019-11-13 09:30:28,0.03,0.006,1973,0.01,0.002,1096,0.01,0.002,5,0.02,0.004,10,0
IWM191115C162,2019-11-13,2019-11-13 09:30:29,0.03,0.006,1973,0.01,0.002,1096,0.01,0.002,5,0.02,0.004,10,0
IWM191115C162,2019-11-13,2019-11-13 09:30:29,0.03,0.006,1417,0.01,0.002,1477,0.01,0.002,5,0.02,0.004,10,0
IWM191115C162,2019-11-13,2019-11-13 09:30:30,0.03,0.006,1417,0.01,0.002,1477,0.01,0.002,5,0.02,0.004,10,0
IWM191115C162,2019-11-13,2019-11-13 09:30:30,0.03,0.006,1637,0.01,0.002,1477,0.01,0.002,5,0.02,0.004,10,0
IWM191115C162,2019-11-13,2019-11-13 09:30:31,0.03,0.006,1637,0.01,0.002,1491,0.01,0.002,5,0.02,0.004,10,0
IWM191115C162,2019-11-13,2019-11-13 09:30:32,0.03,0.006,1637,0.01,0.002,1491,0.01,0.002,5,0.02,0.004,10,0
IWM191115C162,2019-11-13,2019-11-13 09:30:33,0.03,0.006,1627,0.01,0.002,1456,0.01,0.002,5,0.02,0.004,10,0
IWM191115C162,2019-11-13,2019-11-13 09:30:34,0.03,0.006,1627,0.01,0.002,1456,0.01,0.002,5,0.02,0.004,10,0
IWM191115C162,2019-11-13,2019-11-13 09:30:35,0.03,0.006,1627,0.01,0.002,1456,0.01,0.002,5,0.02,0.004,10,0
IWM191115C162,2019-11-13,2019-11-13 09:30:36,0.03,0.006,1627,0.01,0.002,1456,0.01,0.002,5,0.02,0.004,10,0
IWM191115C162,2019-11-13,2019-11-13 09:30:36,0.03,0.006,1627,0.01,0.002,1442,0.01,0.002,5,0.02,0.004,10,0
IWM191115C162,2019-11-13,2019-11-13 09:30:37,0.03,0.006,1327,0.01,0.002,1438,0.01,0.002,5,0.02,0.004,10,0
IWM191115C162,2019-11-13,2019-11-13 09:30:37,0.03,0.006,1676,0.01,0.002,1378,0.01,0.002,5,0.02,0.004,10,0
IWM191115C162,2019-11-13,2019-11-13 09:30:38,0.03,0.006,1638,0.01,0.002,2067,0.01,0.002,5,0.02,0.004,10,0
IWM191115C162,2019-11-13,2019-11-13 09:30:38,0.03,0.006,1338,0.01,0.002,1767,0.01,0.002,5,0.02,0.004,10,0
IWM191115C162,2019-11-13,2019-11-13 09:30:39,0.03,0.006,1638,0.01,0.002,2006,0.01,0.002,5,0.02,0.004,10,0
IWM191115C162,2019-11-13,2019-11-13 09:30:39,0.03,0.006,1338,0.01,0.002,1767,0.01,0.002,5,0.02,0.004,10,0
IWM191115C162,2019-11-13,2019-11-13 09:30:40,0.03,0.006,1636,0.01,0.002,2006,0.01,0.002,5,0.02,0.004,10,0
IWM191115C162,2019-11-13,2019-11-13 09:30:40,0.03,0.006,1338,0.01,0.002,1767,0.01,0.002,5,0.02,0.004,10,0
IWM191115C162,2019-11-13,2019-11-13 09:30:41,0.03,0.006,1636,0.01,0.002,1767,0.01,0.002,5,0.02,0.004,10,0
IWM191115C162,2019-11-13,2019-11-13 09:30:41,0.03,0.006,1636,0.01,0.002,2006,0.01,0.002,5,0.02,0.004,10,0
IWM191115C162,2019-11-13,2019-11-13 09:30:42,0.03,0.006,1636,0.01,0.002,2067,0.01,0.002,5,0.02,0.004,10,0
IWM191115C162,2019-11-13,2019-11-13 09:30:42,0.03,0.006,1336,0.01,0.002,1767,0.01,0.002,5,0.02,0.004,10,0
IWM191115C162,2019-11-13,2019-11-13 09:30:43,0.03,0.006,1636,0.01,0.002,2067,0.01,0.002,5,0.02,0.004,10,0
IWM191115C162,2019-11-13,2019-11-13 09:30:44,0.03,0.006,1636,0.01,0.002,2067,0.01,0.002,5,0.02,0.004,10,0
IWM191115C162,2019-11-13,2019-11-13 09:30:45,0.03,0.006,1336,0.01,0.002,1767,0.01,0.002,5,0.02,0.004,10,0
IWM191115C162,2019-11-13,2019-11-13 09:30:45,0.03,0.006,1636,0.01,0.002,2067,0.01,0.002,5,0.02,0.004,10,0
IWM191115C162,2019-11-13,2019-11-13 09:30:46,0.03,0.006,1336,0.01,0.002,1767,0.01,0.002,5,0.02,0.004,10,0
IWM191115C162,2019-11-13,2019-11-13 09:30:46,0.03,0.006,1636,0.01,0.002,2067,0.01,0.002,5,0.02,0.004,10,0
IWM191115C162,2019-11-13,2019-11-13 09:30:47,0.03,0.006,1642,0.01,0.002,2182,0.01,0.002,5,0.02,0.004,10,0
IWM191115C162,2019-11-13,2019-11-13 09:30:48,0.03,0.006,1782,0.01,0.002,2059,0.01,0.002,5,0.02,0.004,10,0
IWM191115C162,2019-11-13,2019-11-13 09:30:48,0.03,0.006,1642,0.01,0.002,2182,0.01,0.002,5,0.02,0.004,10,0
IWM191115C162,2019-11-13,2019-11-13 09:30:49,0.03,0.006,923,0.01,0.002,1409,0.01,0.002,5,0.02,0.004,10,0
IWM191115C162,2019-11-13,2019-11-13 09:30:49,0.03,0.006,1782,0.01,0.002,2182,0.01,0.002,5,0.02,0.004,10,0
IWM191115C162,2019-11-13,2019-11-13 09:30:50,0.03,0.006,923,0.01,0.002,1409,0.01,0.002,5,0.02,0.004,10,0
IWM191115C162,2019-11-13,2019-11-13 09:30:51,0.03,0.006,923,0.01,0.002,1409,0.01,0.002,5,0.02,0.004,10,0
IWM191115C162,2019-11-13,2019-11-13 09:30:51,0.03,0.006,1349,0.01,0.002,1613,0.01,0.002,5,0.02,0.004,10,0
IWM191115C162,2019-11-13,2019-11-13 09:30:52,0.03,0.006,2218,0.01,0.002,3123,0.01,0.002,5,0.02,0.004,10,0
IWM191115C162,2019-11-13,2019-11-13 09:30:52,0.03,0.006,2218,0.01,0.002,2718,0.01,0.002,5,0.02,0.004,10,0
IWM191115C162,2019-11-13,2019-11-13 09:30:53,0.03,0.006,2218,0.01,0.002,3123,0.01,0.002,5,0.02,0.004,10,0
IWM191115C162,2019-11-13,2019-11-13 09:30:53,0.03,0.006,2282,0.01,0.002,3123,0.01,0.002,5,0.02,0.004,10,0
IWM191115C162,2019-11-13,2019-11-13 09:30:54,0.03,0.006,2282,0.01,0.002,3123,0.01,0.002,5,0.02,0.004,10,0
IWM191115C162,2019-11-13,2019-11-13 09:30:55,0.03,0.006,2282,0.01,0.002,3123,0.01,0.002,5,0.02,0.004,10,0
IWM191115C162,2019-11-13,2019-11-13 09:30:55,0.03,0.006,2518,0.01,0.002,3438,0.01,0.002,5,0.02,0.004,10,0
IWM191115C162,2019-11-13,2019-11-13 09:30:56,0.03,0.006,2518,0.01,0.002,3438,0.01,0.002,5,0.02,0.004,10,0
IWM191115C162,2019-11-13,2019-11-13 09:30:57,0.03,0.006,2518,0.01,0.002,3438,0.01,0.002,5,0.02,0.004,10,0
IWM191115C162,2019-11-13,2019-11-13 09:30:58,0.03,0.006,2518,0.01,0.002,3435,0.01,0.002,5,0.02,0.004,10,0
IWM191115C162,2019-11-13,2019-11-13 09:30:59,0.03,0.006,2518,0.01,0.002,3435,0.01,0.002,5,0.02,0.004,10,0
IWM191115C162,2019-11-13,2019-11-13 09:30:59,0.03,0.006,2518,0.01,0.002,3345,0.01,0.002,5,0.02,0.004,10,0
IWM191115C162,2019-11-13,2019-11-13 09:31:00,0.03,0.006,2358,0.01,0.002,2885,0.01,0.002,5,0.02,0.004,10,0
IWM191115C162,2019-11-13,2019-11-13 09:31:00,0.03,0.006,2567,0.01,0.002,3181,0.01,0.002,5,0.02,0.004,10,0
IWM191115C162,2019-11-13,2019-11-13 09:31:01,0.03,0.006,2567,0.01,0.002,3181,0.01,0.002,5,0.02,0.004,10,0
IWM191115C162,2019-11-13,2019-11-13 09:31:02,0.03,0.006,1769,0.01,0.002,2029,0.01,0.002,5,0.02,0.004,10,0
IWM191115C162,2019-11-13,2019-11-13 09:31:02,0.03,0.006,2567,0.01,0.002,3181,0.01,0.002,5,0.02,0.004,10,0
IWM191115C162,2019-11-13,2019-11-13 09:31:03,0.02,0.004,561,0.01,0.002,2937,0.01,0.002,5,0.015,0.003,10,0
IWM191115C162,2019-11-13,2019-11-13 09:31:04,0.02,0.004,561,0.01,0.002,2937,0.01,0.002,5,0.015,0.003,10,0
IWM191115C162,2019-11-13,2019-11-13 09:31:05,0.02,0.004,561,0.01,0.002,3015,0.01,0.002,5,0.015,0.003,10,0
IWM191115C162,2019-11-13,2019-11-13 09:31:05,0.02,0.004,380,0.01,0.002,3015,0.01,0.002,5,0.015,0.003,10,0
IWM191115C162,2019-11-13,2019-11-13 09:31:06,0.02,0.004,1036,0.01,0.002,3015,0.01,0.002,5,0.015,0.003,10,0
IWM191115C162,2019-11-13,2019-11-13 09:31:06,0.02,0.004,1209,0.01,0.002,3015,0.01,0.002,5,0.015,0.003,10,0
IWM191115C162,2019-11-13,2019-11-13 09:31:07,0.02,0.004,306,0.01,0.002,3015,0.01,0.002,5,0.015,0.003,10,0
IWM191115C162,2019-11-13,2019-11-13 09:31:07,0.02,0.004,466,0.01,0.002,3015,0.01,0.002,5,0.015,0.003,10,0
IWM191115C162,2019-11-13,2019-11-13 09:31:08,0.02,0.004,466,0.01,0.002,3015,0.01,0.002,5,0.015,0.003,10,0
IWM191115C162,2019-11-13,2019-11-13 09:31:08,0.02,0.004,467,0.01,0.002,3015,0.01,0.002,5,0.015,0.003,10,0
IWM191115C162,2019-11-13,2019-11-13 09:31:09,0.02,0.004,813,0.01,0.002,3015,0.01,0.002,5,0.015,0.003,10,0
IWM191115C162,2019-11-13,2019-11-13 09:31:09,0.02,0.004,467,0.01,0.002,3015,0.01,0.002,5,0.015,0.003,10,0
IWM191115C162,2019-11-13,2019-11-13 09:31:10,0.02,0.004,813,0.01,0.002,3015,0.01,0.002,5,0.015,0.003,10,0
IWM191115C162,2019-11-13,2019-11-13 09:31:11,0.02,0.004,813,0.01,0.002,1616,0.01,0.002,5,0.015,0.003,10,0
IWM191115C162,2019-11-13,2019-11-13 09:31:11,0.02,0.004,551,0.01,0.002,2192,0.01,0.002,5,0.015,0.003,10,0
IWM191115C162,2019-11-13,2019-11-13 09:31:12,0.02,0.004,467,0.01,0.002,2137,0.01,0.002,5,0.015,0.003,10,0
IWM191115C162,2019-11-13,2019-11-13 09:31:12,0.02,0.004,776,0.01,0.002,3021,0.01,0.002,5,0.015,0.003,10,0
IWM191115C162,2019-11-13,2019-11-13 09:31:13,0.02,0.004,955,0.01,0.002,2137,0.01,0.002,5,0.015,0.003,10,0
IWM191115C162,2019-11-13,2019-11-13 09:31:14,0.02,0.004,1011,0.01,0.002,3021,0.01,0.002,5,0.015,0.003,10,0
IWM191115C162,2019-11-13,2019-11-13 09:31:14,0.02,0.004,594,0.01,0.002,2137,0.01,0.002,5,0.015,0.003,10,0
IWM191115C162,2019-11-13,2019-11-13 09:31:15,0.02,0.004,1011,0.01,0.002,3021,0.01,0.002,5,0.015,0.003,10,0
IWM191115C162,2019-11-13,2019-11-13 09:31:15,0.02,0.004,1133,0.01,0.002,2841,0.01,0.002,5,0.015,0.003,10,0
IWM191115C162,2019-11-13,2019-11-13 09:31:16,0.02,0.004,1213,0.01,0.002,2841,0.01,0.002,5,0.015,0.003,10,0
IWM191115C162,2019-11-13,2019-11-13 09:31:17,0.02,0.004,1213,0.01,0.002,2841,0.01,0.002,5,0.015,0.003,10,0
IWM191115C162,2019-11-13,2019-11-13 09:31:18,0.02,0.004,1248,0.01,0.002,2841,0.01,0.002,5,0.015,0.003,10,0
IWM191115C162,2019-11-13,2019-11-13 09:31:18,0.02,0.004,1213,0.01,0.002,2841,0.01,0.002,5,0.015,0.003,10,0
IWM191115C162,2019-11-13,2019-11-13 09:31:19,0.02,0.004,1337,0.01,0.002,3111,0.01,0.002,5,0.015,0.003,10,0
IWM191115C162,2019-11-13,2019-11-13 09:31:20,0.02,0.004,1337,0.01,0.002,3111,0.01,0.002,5,0.015,0.003,10,0
IWM191115C162,2019-11-13,2019-11-13 09:31:20,0.02,0.004,1551,0.01,0.002,3111,0.01,0.002,5,0.015,0.003,10,0
IWM191115C162,2019-11-13,2019-11-13 09:31:21,0.02,0.004,2300,0.01,0.002,3144,0.01,0.002,5,0.015,0.003,10,0
IWM191115C162,2019-11-13,2019-11-13 09:31:21,0.02,0.004,1551,0.01,0.002,2265,0.01,0.002,5,0.015,0.003,10,0
IWM191115C162,2019-11-13,2019-11-13 09:31:22,0.02,0.004,2300,0.01,0.002,3144,0.01,0.002,5,0.015,0.003,10,0
IWM191115C162,2019-11-13,2019-11-13 09:31:23,0.02,0.004,1459,0.01,0.002,3324,0.01,0.002,5,0.015,0.003,10,0
IWM191115C162,2019-11-13,2019-11-13 09:31:23,0.02,0.004,886,0.01,0.002,3242,0.01,0.002,5,0.015,0.003,10,0
IWM191115C162,2019-11-13,2019-11-13 09:31:24,0.02,0.004,886,0.01,0.002,75,0.01,0.002,5,0.015,0.003,10,0
IWM191115C162,2019-11-13,2019-11-13 09:31:25,0.02,0.004,1172,0.01,0.002,1830,0.01,0.002,5,0.015,0.003,10,0
IWM191115C162,2019-11-13,2019-11-13 09:31:25,0.02,0.004,1172,0.01,0.002,2258,0.01,0.002,5,0.015,0.003,10,0
IWM191115C162,2019-11-13,2019-11-13 09:31:26,0.02,0.004,1172,0.01,0.002,2258,0.01,0.002,5,0.015,0.003,10,0
IWM191115C162,2019-11-13,2019-11-13 09:31:29,0.02,0.004,1061,0.01,0.002,3533,0.01,0.002,5,0.015,0.003,10,0
IWM191115C162,2019-11-13,2019-11-13 09:31:30,0.02,0.004,1227,0.01,0.002,3533,0.01,0.002,5,0.015,0.003,10,0
IWM191115C162,2019-11-13,2019-11-13 09:31:31,0.02,0.004,730,0.01,0.002,3533,0.01,0.002,5,0.015,0.003,10,0
IWM191115C162,2019-11-13,2019-11-13 09:31:31,0.02,0.004,1227,0.01,0.002,3533,0.01,0.002,5,0.015,0.003,10,0
IWM191115C162,2019-11-13,2019-11-13 09:31:32,0.02,0.004,1339,0.01,0.002,3833,0.01,0.002,5,0.015,0.003,10,0
IWM191115C162,2019-11-13,2019-11-13 09:31:32,0.02,0.004,1230,0.01,0.002,3533,0.01,0.002,5,0.015,0.003,10,0
IWM191115C162,2019-11-13,2019-11-13 09:31:33,0.02,0.004,1339,0.01,0.002,3833,0.01,0.002,5,0.015,0.003,10,0
IWM191115C162,2019-11-13,2019-11-13 09:31:34,0.02,0.004,1532,0.01,0.002,3833,0.01,0.002,5,0.015,0.003,10,0
IWM191115C162,2019-11-13,2019-11-13 09:31:38,0.02,0.004,1888,0.01,0.002,4039,0.01,0.002,5,0.015,0.003,10,0
IWM191115C162,2019-11-13,2019-11-13 09:31:39,0.02,0.004,1950,0.01,0.002,2742,0.01,0.002,5,0.015,0.003,10,0
IWM191115C162,2019-11-13,2019-11-13 09:31:40,0.02,0.004,1950,0.01,0.002,2742,0.01,0.002,5,0.015,0.003,10,0
IWM191115C162,2019-11-13,2019-11-13 09:31:41,0.02,0.004,1579,0.01,0.002,2644,0.01,0.002,5,0.015,0.003,10,0
IWM191115C162,2019-11-13,2019-11-13 09:31:42,0.02,0.004,1918,0.01,0.002,2644,0.01,0.002,5,0.015,0.003,10,0
IWM191115C162,2019-11-13,2019-11-13 09:31:43,0.02,0.004,1576,0.01,0.002,3763,0.01,0.002,5,0.015,0.003,10,0
IWM191115C162,2019-11-13,2019-11-13 09:31:43,0.02,0.004,1576,0.01,0.002,3730,0.01,0.002,5,0.015,0.003,10,0
IWM191115C162,2019-11-13,2019-11-13 09:31:44,0.02,0.004,1172,0.01,0.002,3765,0.01,0.002,5,0.015,0.003,10,0
IWM191115C162,2019-11-13,2019-11-13 09:31:44,0.02,0.004,890,0.01,0.002,2825,0.01,0.002,5,0.015,0.003,10,0
IWM191115C162,2019-11-13,2019-11-13 09:31:45,0.02,0.004,1714,0.01,0.002,4104,0.01,0.002,5,0.015,0.003,10,0
IWM191115C162,2019-11-13,2019-11-13 09:31:45,0.02,0.004,1513,0.01,0.002,4104,0.01,0.002,5,0.015,0.003,10,0
IWM191115C162,2019-11-13,2019-11-13 09:31:46,0.02,0.004,235,0.01,0.002,2523,0.01,0.002,5,0.015,0.003,10,0
IWM191115C162,2019-11-13,2019-11-13 09:31:46,0.02,0.004,996,0.01,0.002,3765,0.01,0.002,5,0.015,0.003,10,0
IWM191115C162,2019-11-13,2019-11-13 09:31:47,0.02,0.004,150,0.01,0.002,2823,0.01,0.002,5,0.015,0.003,10,0
IWM191115C162,2019-11-13,2019-11-13 09:31:47,0.02,0.004,330,0.01,0.002,2823,0.01,0.002,5,0.015,0.003,10,0
IWM191115C162,2019-11-13,2019-11-13 09:31:48,0.02,0.004,302,0.01,0.002,2823,0.01,0.002,5,0.015,0.003,10,0
IWM191115C162,2019-11-13,2019-11-13 09:31:48,0.02,0.004,330,0.01,0.002,2823,0.01,0.002,5,0.015,0.003,10,0
IWM191115C162,2019-11-13,2019-11-13 09:31:49,0.02,0.004,336,0.01,0.002,2524,0.01,0.002,5,0.015,0.003,10,0
IWM191115C162,2019-11-13,2019-11-13 09:31:49,0.02,0.004,314,0.01,0.002,2524,0.01,0.002,5,0.015,0.003,10,0
IWM191115C162,2019-11-13,2019-11-13 09:31:50,0.02,0.004,285,0.01,0.002,3425,0.01,0.002,5,0.015,0.003,10,0
IWM191115C162,2019-11-13,2019-11-13 09:31:50,0.02,0.004,516,0.01,0.002,3725,0.01,0.002,5,0.015,0.003,10,0
IWM191115C162,2019-11-13,2019-11-13 09:31:51,0.02,0.004,516,0.01,0.002,3725,0.01,0.002,5,0.015,0.003,10,0
IWM191115C162,2019-11-13,2019-11-13 09:31:51,0.02,0.004,516,0.01,0.002,2824,0.01,0.002,5,0.015,0.003,10,0
IWM191115C162,2019-11-13,2019-11-13 09:31:52,0.02,0.004,685,0.01,0.002,3725,0.01,0.002,5,0.015,0.003,10,0
IWM191115C162,2019-11-13,2019-11-13 09:31:52,0.02,0.004,286,0.01,0.002,3425,0.01,0.002,5,0.015,0.003,10,0
IWM191115C162,2019-11-13,2019-11-13 09:31:53,0.02,0.004,232,0.01,0.002,3725,0.01,0.002,5,0.015,0.003,10,0
IWM191115C162,2019-11-13,2019-11-13 09:31:53,0.02,0.004,314,0.01,0.002,3725,0.01,0.002,5,0.015,0.003,10,0
IWM191115C162,2019-11-13,2019-11-13 09:31:54,0.02,0.004,535,0.01,0.002,3725,0.01,0.002,5,0.015,0.003,10,0
IWM191115C162,2019-11-13,2019-11-13 09:31:55,0.02,0.004,1195,0.01,0.002,4111,0.01,0.002,5,0.015,0.003,10,0
IWM191115C162,2019-11-13,2019-11-13 09:31:55,0.02,0.004,1312,0.01,0.002,4111,0.01,0.002,5,0.015,0.003,10,0
IWM191115C162,2019-11-13,2019-11-13 09:31:56,0.02,0.004,1967,0.01,0.002,4111,0.01,0.002,5,0.015,0.003,10,0
IWM191115C162,2019-11-13,2019-11-13 09:31:56,0.02,0.004,1312,0.01,0.002,4111,0.01,0.002,5,0.015,0.003,10,0
IWM191115C162,2019-11-13,2019-11-13 09:31:57,0.02,0.004,1967,0.01,0.002,4111,0.01,0.002,5,0.015,0.003,10,0
IWM191115C162,2019-11-13,2019-11-13 09:31:58,0.02,0.004,1229,0.01,0.002,3210,0.01,0.002,5,0.015,0.003,10,0
IWM191115C162,2019-11-13,2019-11-13 09:31:59,0.02,0.004,1969,0.01,0.002,4177,0.01,0.002,5,0.015,0.003,10,0
IWM191115C162,2019-11-13,2019-11-13 09:32:00,0.02,0.004,1969,0.01,0.002,4177,0.01,0.002,5,0.015,0.003,10,0
IWM191115C162,2019-11-13,2019-11-13 09:32:01,0.02,0.004,1776,0.01,0.002,4129,0.01,0.002,5,0.015,0.003,10,0
IWM191115C162,2019-11-13,2019-11-13 09:32:01,0.02,0.004,1969,0.01,0.002,4177,0.01,0.002,5,0.015,0.003,10,0
IWM191115C162,2019-11-13,2019-11-13 09:32:02,0.02,0.004,1776,0.01,0.002,4129,0.01,0.002,5,0.015,0.003,10,0
IWM191115C162,2019-11-13,2019-11-13 09:32:02,0.02,0.004,1227,0.01,0.002,3162,0.01,0.002,5,0.015,0.003,10,0
IWM191115C162,2019-11-13,2019-11-13 09:32:03,0.02,0.004,1883,0.01,0.002,4126,0.01,0.002,5,0.015,0.003,10,0
IWM191115C162,2019-11-13,2019-11-13 09:32:04,0.02,0.004,1472,0.01,0.002,4126,0.01,0.002,5,0.015,0.003,10,0
IWM191115C162,2019-11-13,2019-11-13 09:32:04,0.02,0.004,1883,0.01,0.002,4126,0.01,0.002,5,0.015,0.003,10,0
IWM191115C162,2019-11-13,2019-11-13 09:32:05,0.02,0.004,1883,0.01,0.002,4126,0.01,0.002,5,0.015,0.003,10,0
IWM191115C162,2019-11-13,2019-11-13 09:32:06,0.02,0.004,1883,0.01,0.002,4126,0.01,0.002,5,0.015,0.003,10,0
IWM191115C162,2019-11-13,2019-11-13 09:32:07,0.02,0.004,1229,0.01,0.002,3162,0.01,0.002,5,0.015,0.003,10,0
IWM191115C162,2019-11-13,2019-11-13 09:32:07,0.02,0.004,935,0.01,0.002,2376,0.01,0.002,5,0.015,0.003,10,0
IWM191115C162,2019-11-13,2019-11-13 09:32:08,0.02,0.004,1714,0.01,0.002,4075,0.01,0.002,5,0.015,0.003,10,0
IWM191115C162,2019-11-13,2019-11-13 09:32:09,0.02,0.004,1912,0.01,0.002,4075,0.01,0.002,5,0.015,0.003,10,0
IWM191115C162,2019-11-13,2019-11-13 09:32:09,0.02,0.004,1714,0.01,0.002,4075,0.01,0.002,5,0.015,0.003,10,0
IWM191115C162,2019-11-13,2019-11-13 09:32:10,0.02,0.004,1912,0.01,0.002,4075,0.01,0.002,5,0.015,0.003,10,0
IWM191115C162,2019-11-13,2019-11-13 09:32:11,0.02,0.004,1912,0.01,0.002,4075,0.01,0.002,5,0.015,0.003,10,0
IWM191115C162,2019-11-13,2019-11-13 09:32:12,0.02,0.004,2666,0.01,0.002,4120,0.01,0.002,5,0.015,0.003,10,0
IWM191115C162,2019-11-13,2019-11-13 09:32:13,0.02,0.004,2666,0.01,0.002,4120,0.01,0.002,5,0.015,0.003,10,0
IWM191115C162,2019-11-13,2019-11-13 09:32:14,0.02,0.004,2666,0.01,0.002,4120,0.01,0.002,5,0.015,0.003,10,0
IWM191115C162,2019-11-13,2019-11-13 09:32:14,0.02,0.004,2801,0.01,0.002,4120,0.01,0.002,5,0.015,0.003,10,0
IWM191115C162,2019-11-13,2019-11-13 09:32:15,0.02,0.004,2801,0.01,0.002,4120,0.01,0.002,5,0.015,0.003,10,0
IWM191115C162,2019-11-13,2019-11-13 09:32:16,0.02,0.004,2801,0.01,0.002,4120,0.01,0.002,5,0.015,0.003,10,0
IWM191115C162,2019-11-13,2019-11-13 09:32:17,0.02,0.004,2801,0.01,0.002,4120,0.01,0.002,5,0.015,0.003,10,0
IWM191115C162,2019-11-13,2019-11-13 09:32:18,0.02,0.004,2187,0.01,0.002,3801,0.01,0.002,5,0.015,0.003,10,0
IWM191115C162,2019-11-13,2019-11-13 09:32:18,0.02,0.004,2557,0.01,0.002,4062,0.01,0.002,5,0.015,0.003,10,0
IWM191115C162,2019-11-13,2019-11-13 09:32:19,0.02,0.004,2697,0.01,0.002,4062,0.01,0.002,5,0.015,0.003,10,0
IWM191115C162,2019-11-13,2019-11-13 09:32:19,0.02,0.004,2557,0.01,0.002,4062,0.01,0.002,5,0.015,0.003,10,0
IWM191115C162,2019-11-13,2019-11-13 09:32:20,0.02,0.004,2808,0.01,0.002,4121,0.01,0.002,5,0.015,0.003,10,0
IWM191115C162,2019-11-13,2019-11-13 09:32:21,0.02,0.004,2808,0.01,0.002,4121,0.01,0.002,5,0.015,0.003,10,0
IWM191115C162,2019-11-13,2019-11-13 09:32:22,0.02,0.004,2878,0.01,0.002,4121,0.01,0.002,5,0.015,0.003,10,0
IWM191115C162,2019-11-13,2019-11-13 09:32:23,0.02,0.004,2002,0.01,0.002,3156,0.01,0.002,5,0.015,0.003,10,0
IWM191115C162,2019-11-13,2019-11-13 09:32:24,0.02,0.004,3013,0.01,0.002,4120,0.01,0.002,5,0.015,0.003,10,0
IWM191115C162,2019-11-13,2019-11-13 09:32:25,0.02,0.004,3013,0.01,0.002,4120,0.01,0.002,5,0.015,0.003,10,0
IWM191115C162,2019-11-13,2019-11-13 09:32:26,0.02,0.004,2696,0.01,0.002,3249,0.01,0.002,5,0.015,0.003,10,0
IWM191115C162,2019-11-13,2019-11-13 09:32:26,0.02,0.004,1830,0.01,0.002,2334,0.01,0.002,5,0.015,0.003,10,0
IWM191115C162,2019-11-13,2019-11-13 09:32:27,0.02,0.004,2130,0.01,0.002,3091,0.01,0.002,5,0.015,0.003,10,0
IWM191115C162,2019-11-13,2019-11-13 09:32:27,0.02,0.004,2996,0.01,0.002,4006,0.01,0.002,5,0.015,0.003,10,0
IWM191115C162,2019-11-13,2019-11-13 09:32:28,0.02,0.004,1920,0.01,0.002,2791,0.01,0.002,5,0.015,0.003,10,0
IWM191115C162,2019-11-13,2019-11-13 09:32:28,0.02,0.004,2220,0.01,0.002,3091,0.01,0.002,5,0.015,0.003,10,0
IWM191115C162,2019-11-13,2019-11-13 09:32:29,0.02,0.004,3120,0.01,0.002,4052,0.01,0.002,5,0.015,0.003,10,0
IWM191115C162,2019-11-13,2019-11-13 09:32:30,0.02,0.004,2220,0.01,0.002,3091,0.01,0.002,5,0.015,0.003,10,0
IWM191115C162,2019-11-13,2019-11-13 09:32:30,0.02,0.004,3120,0.01,0.002,4052,0.01,0.002,2,0.015,0.003,12,2
IWM191115C162,2019-11-13,2019-11-13 09:32:31,0.02,0.004,3120,0.01,0.002,4052,0.01,0.002,2,0.015,0.003,12,0
IWM191115C162,2019-11-13,2019-11-13 09:32:32,0.02,0.004,3126,0.01,0.002,4052,0.01,0.002,2,0.015,0.003,12,0
IWM191115C162,2019-11-13,2019-11-13 09:32:32,0.02,0.004,3037,0.01,0.002,4052,0.01,0.002,2,0.015,0.003,12,0
IWM191115C162,2019-11-13,2019-11-13 09:32:33,0.02,0.004,2260,0.01,0.002,3091,0.01,0.002,2,0.015,0.003,12,0
IWM191115C162,2019-11-13,2019-11-13 09:32:33,0.02,0.004,1870,0.01,0.002,2833,0.01,0.002,2,0.015,0.003,12,0
IWM191115C162,2019-11-13,2019-11-13 09:32:34,0.02,0.004,1642,0.01,0.002,2791,0.01,0.002,2,0.015,0.003,12,0
IWM191115C162,2019-11-13,2019-11-13 09:32:34,0.02,0.004,2819,0.01,0.002,4052,0.01,0.002,2,0.015,0.003,12,0
IWM191115C162,2019-11-13,2019-11-13 09:32:35,0.02,0.004,2819,0.01,0.002,4052,0.01,0.002,2,0.015,0.003,12,0
IWM191115C162,2019-11-13,2019-11-13 09:32:36,0.02,0.004,3025,0.01,0.002,4052,0.01,0.002,2,0.015,0.003,12,0
IWM191115C162,2019-11-13,2019-11-13 09:32:37,0.02,0.004,3025,0.01,0.002,4052,0.01,0.002,2,0.015,0.003,12,0
IWM191115C162,2019-11-13,2019-11-13 09:32:38,0.02,0.004,3025,0.01,0.002,4052,0.01,0.002,2,0.015,0.003,12,0
IWM191115C162,2019-11-13,2019-11-13 09:32:39,0.02,0.004,3016,0.01,0.002,4006,0.01,0.002,2,0.015,0.003,12,0
IWM191115C162,2019-11-13,2019-11-13 09:32:39,0.02,0.004,3025,0.01,0.002,4052,0.01,0.002,2,0.015,0.003,12,0
IWM191115C162,2019-11-13,2019-11-13 09:32:40,0.02,0.004,3016,0.01,0.002,4006,0.01,0.002,2,0.015,0.003,12,0
IWM191115C162,2019-11-13,2019-11-13 09:32:41,0.02,0.004,1823,0.01,0.002,2791,0.01,0.002,2,0.015,0.003,12,0
IWM191115C162,2019-11-13,2019-11-13 09:32:41,0.02,0.004,2691,0.01,0.002,3874,0.01,0.002,2,0.015,0.003,12,0
IWM191115C162,2019-11-13,2019-11-13 09:32:42,0.02,0.004,1823,0.01,0.002,2791,0.01,0.002,2,0.015,0.003,12,0
IWM191115C162,2019-11-13,2019-11-13 09:32:42,0.02,0.004,2914,0.01,0.002,3818,0.01,0.002,2,0.015,0.003,12,0
IWM191115C162,2019-11-13,2019-11-13 09:32:43,0.02,0.004,2029,0.01,0.002,2869,0.01,0.002,2,0.015,0.003,12,0
IWM191115C162,2019-11-13,2019-11-13 09:32:43,0.02,0.004,1939,0.01,0.002,2809,0.01,0.002,2,0.015,0.003,12,0
IWM191115C162,2019-11-13,2019-11-13 09:32:44,0.02,0.004,2813,0.01,0.002,3932,0.01,0.002,2,0.015,0.003,12,0
IWM191115C162,2019-11-13,2019-11-13 09:32:44,0.02,0.004,2933,0.01,0.002,3932,0.01,0.002,2,0.015,0.003,12,0
IWM191115C162,2019-11-13,2019-11-13 09:32:45,0.02,0.004,2932,0.01,0.002,3913,0.01,0.002,2,0.015,0.003,12,0
IWM191115C162,2019-11-13,2019-11-13 09:32:45,0.02,0.004,2933,0.01,0.002,3932,0.01,0.002,2,0.015,0.003,12,0
IWM191115C162,2019-11-13,2019-11-13 09:32:46,0.02,0.004,2933,0.01,0.002,2697,0.01,0.002,2,0.015,0.003,12,0
IWM191115C162,2019-11-13,2019-11-13 09:32:46,0.02,0.004,2933,0.01,0.002,3932,0.01,0.002,2,0.015,0.003,12,0
IWM191115C162,2019-11-13,2019-11-13 09:32:47,0.02,0.004,2933,0.01,0.002,2422,0.01,0.002,2,0.015,0.003,12,0
IWM191115C162,2019-11-13,2019-11-13 09:32:47,0.02,0.004,2933,0.01,0.002,2829,0.01,0.002,2,0.015,0.003,12,0
IWM191115C162,2019-11-13,2019-11-13 09:32:48,0.02,0.004,2933,0.01,0.002,3933,0.01,0.002,2,0.015,0.003,12,0
IWM191115C162,2019-11-13,2019-11-13 09:32:49,0.02,0.004,2932,0.01,0.002,4029,0.01,0.002,2,0.015,0.003,12,0
IWM191115C162,2019-11-13,2019-11-13 09:32:50,0.02,0.004,2832,0.01,0.002,3733,0.01,0.002,2,0.015,0.003,12,0
IWM191115C162,2019-11-13,2019-11-13 09:32:50,0.02,0.004,2835,0.01,0.002,4045,0.01,0.002,2,0.015,0.003,12,0
IWM191115C162,2019-11-13,2019-11-13 09:32:51,0.02,0.004,2815,0.01,0.002,3733,0.01,0.002,2,0.015,0.003,12,0
IWM191115C162,2019-11-13,2019-11-13 09:32:51,0.02,0.004,2832,0.01,0.002,4033,0.01,0.002,2,0.015,0.003,12,0
IWM191115C162,2019-11-13,2019-11-13 09:32:52,0.02,0.004,1936,0.01,0.002,3088,0.01,0.002,2,0.015,0.003,12,0
IWM191115C162,2019-11-13,2019-11-13 09:32:53,0.02,0.004,2923,0.01,0.002,3728,0.01,0.002,2,0.015,0.003,12,0
IWM191115C162,2019-11-13,2019-11-13 09:32:53,0.02,0.004,2774,0.01,0.002,3670,0.01,0.002,2,0.015,0.003,12,0
IWM191115C162,2019-11-13,2019-11-13 09:32:54,0.02,0.004,1936,0.01,0.002,2784,0.01,0.002,2,0.015,0.003,12,0
IWM191115C162,2019-11-13,2019-11-13 09:32:55,0.02,0.004,1799,0.01,0.002,3120,0.01,0.002,2,0.015,0.003,12,0
IWM191115C162,2019-11-13,2019-11-13 09:32:56,0.02,0.004,1682,0.01,0.002,2618,0.01,0.002,2,0.015,0.003,12,0
IWM191115C162,2019-11-13,2019-11-13 09:32:56,0.02,0.004,1682,0.01,0.002,3120,0.01,0.002,2,0.015,0.003,12,0
IWM191115C162,2019-11-13,2019-11-13 09:32:57,0.02,0.004,1669,0.01,0.002,1391,0.01,0.002,2,0.015,0.003,12,0
IWM191115C162,2019-11-13,2019-11-13 09:32:57,0.02,0.004,1682,0.01,0.002,2708,0.01,0.002,2,0.015,0.003,12,0
IWM191115C162,2019-11-13,2019-11-13 09:32:58,0.02,0.004,1762,0.01,0.002,2491,0.01,0.002,2,0.015,0.003,12,0
IWM191115C162,2019-11-13,2019-11-13 09:32:59,0.02,0.004,1762,0.01,0.002,2491,0.01,0.002,2,0.015,0.003,12,0
IWM191115C162,2019-11-13,2019-11-13 09:32:59,0.02,0.004,1494,0.01,0.002,1863,0.01,0.002,2,0.015,0.003,12,0
IWM191115C162,2019-11-13,2019-11-13 09:33:00,0.02,0.004,832,0.01,0.002,1953,0.01,0.002,2,0.015,0.003,12,0
IWM191115C162,2019-11-13,2019-11-13 09:33:00,0.02,0.004,832,0.01,0.002,2563,0.01,0.002,2,0.015,0.003,12,0
IWM191115C162,2019-11-13,2019-11-13 09:33:01,0.02,0.004,1295,0.01,0.002,2519,0.01,0.002,2,0.015,0.003,12,0
IWM191115C162,2019-11-13,2019-11-13 09:33:01,0.02,0.004,1295,0.01,0.002,2019,0.01,0.002,2,0.015,0.003,12,0
IWM191115C162,2019-11-13,2019-11-13 09:33:02,0.02,0.004,1327,0.01,0.002,2519,0.01,0.002,2,0.015,0.003,12,0
IWM191115C162,2019-11-13,2019-11-13 09:33:03,0.02,0.004,1587,0.01,0.002,2609,0.01,0.002,2,0.015,0.003,12,0
IWM191115C162,2019-11-13,2019-11-13 09:33:03,0.02,0.004,1527,0.01,0.002,2519,0.01,0.002,2,0.015,0.003,12,0
IWM191115C162,2019-11-13,2019-11-13 09:33:04,0.02,0.004,1477,0.01,0.002,2659,0.01,0.002,2,0.015,0.003,12,0
IWM191115C162,2019-11-13,2019-11-13 09:33:04,0.02,0.004,1285,0.01,0.002,2659,0.01,0.002,2,0.015,0.003,12,0
IWM191115C162,2019-11-13,2019-11-13 09:33:05,0.02,0.004,1271,0.01,0.002,2618,0.01,0.002,2,0.015,0.003,12,0
IWM191115C162,2019-11-13,2019-11-13 09:33:05,0.02,0.004,397,0.01,0.002,1543,0.01,0.002,2,0.015,0.003,12,0
IWM191115C162,2019-11-13,2019-11-13 09:33:06,0.02,0.004,860,0.01,0.002,2217,0.01,0.002,2,0.015,0.003,12,0
IWM191115C162,2019-11-13,2019-11-13 09:33:06,0.02,0.004,860,0.01,0.002,2208,0.01,0.002,2,0.015,0.003,12,0
IWM191115C162,2019-11-13,2019-11-13 09:33:07,0.02,0.004,121,0.01,0.002,2794,0.01,0.002,2,0.015,0.003,12,0
IWM191115C162,2019-11-13,2019-11-13 09:33:07,0.02,0.004,162,0.01,0.002,2794,0.01,0.002,2,0.015,0.003,12,0
IWM191115C162,2019-11-13,2019-11-13 09:33:08,0.02,0.004,245,0.01,0.002,4086,0.01,0.002,2,0.015,0.003,12,0
IWM191115C162,2019-11-13,2019-11-13 09:33:08,0.02,0.004,175,0.01,0.002,4086,0.01,0.002,2,0.015,0.003,12,0
IWM191115C162,2019-11-13,2019-11-13 09:33:09,0.02,0.004,1017,0.01,0.002,3867,0.01,0.002,2,0.015,0.003,12,0
IWM191115C162,2019-11-13,2019-11-13 09:33:09,0.02,0.004,576,0.01,0.002,3867,0.01,0.002,2,0.015,0.003,12,0
IWM191115C162,2019-11-13,2019-11-13 09:33:10,0.02,0.004,1037,0.01,0.002,2966,0.01,0.002,2,0.015,0.003,12,0
IWM191115C162,2019-11-13,2019-11-13 09:33:10,0.02,0.004,1539,0.01,0.002,3867,0.01,0.002,2,0.015,0.003,12,0
IWM191115C162,2019-11-13,2019-11-13 09:33:11,0.02,0.004,1539,0.01,0.002,3867,0.01,0.002,2,0.015,0.003,12,0
IWM191115C162,2019-11-13,2019-11-13 09:33:12,0.02,0.004,1510,0.01,0.002,2766,0.01,0.002,2,0.015,0.003,12,0
IWM191115C162,2019-11-13,2019-11-13 09:33:12,0.02,0.004,1554,0.01,0.002,2517,0.01,0.002,2,0.015,0.003,12,0
IWM191115C162,2019-11-13,2019-11-13 09:33:13,0.02,0.004,898,0.01,0.002,2856,0.01,0.002,2,0.015,0.003,12,0
IWM191115C162,2019-11-13,2019-11-13 09:33:13,0.02,0.004,2138,0.01,0.002,3688,0.01,0.002,2,0.015,0.003,12,0
IWM191115C162,2019-11-13,2019-11-13 09:33:14,0.02,0.004,1582,0.01,0.002,2828,0.01,0.002,2,0.015,0.003,12,0
IWM191115C162,2019-11-13,2019-11-13 09:33:15,0.02,0.004,2388,0.01,0.002,4096,0.01,0.002,2,0.015,0.003,12,0
IWM191115C162,2019-11-13,2019-11-13 09:33:16,0.02,0.004,1544,0.01,0.002,2828,0.01,0.002,2,0.015,0.003,12,0
IWM191115C162,2019-11-13,2019-11-13 09:33:16,0.02,0.004,2329,0.01,0.002,4102,0.01,0.002,2,0.015,0.003,12,0
IWM191115C162,2019-11-13,2019-11-13 09:33:17,0.02,0.004,2329,0.01,0.002,3780,0.01,0.002,2,0.015,0.003,12,0
IWM191115C162,2019-11-13,2019-11-13 09:33:17,0.02,0.004,1544,0.01,0.002,2828,0.01,0.002,2,0.015,0.003,12,0
IWM191115C162,2019-11-13,2019-11-13 09:33:18,0.02,0.004,2373,0.01,0.002,2615,0.01,0.002,2,0.015,0.003,12,0
IWM191115C162,2019-11-13,2019-11-13 09:33:18,0.02,0.004,2373,0.01,0.002,3788,0.01,0.002,2,0.015,0.003,12,0
IWM191115C162,2019-11-13,2019-11-13 09:33:19,0.02,0.004,1544,0.01,0.002,1464,0.01,0.002,2,0.015,0.003,12,0
IWM191115C162,2019-11-13,2019-11-13 09:33:19,0.02,0.004,1634,0.01,0.002,1863,0.01,0.002,2,0.015,0.003,12,0
IWM191115C162,2019-11-13,2019-11-13 09:33:20,0.02,0.004,2480,0.01,0.002,3801,0.01,0.002,2,0.015,0.003,12,0
IWM191115C162,2019-11-13,2019-11-13 09:33:20,0.02,0.004,2252,0.01,0.002,3801,0.01,0.002,2,0.015,0.003,12,0
IWM191115C162,2019-11-13,2019-11-13 09:33:21,0.02,0.004,1496,0.01,0.002,2848,0.01,0.002,2,0.015,0.003,12,0
IWM191115C162,2019-11-13,2019-11-13 09:33:21,0.02,0.004,2238,0.01,0.002,3809,0.01,0.002,2,0.015,0.003,12,0
IWM191115C162,2019-11-13,2019-11-13 09:33:22,0.02,0.004,2339,0.01,0.002,3483,0.01,0.002,2,0.015,0.003,12,0
IWM191115C162,2019-11-13,2019-11-13 09:33:22,0.02,0.004,2339,0.01,0.002,3783,0.01,0.002,2,0.015,0.003,12,0
IWM191115C162,2019-11-13,2019-11-13 09:33:23,0.02,0.004,2249,0.01,0.002,3799,0.01,0.002,2,0.015,0.003,12,0
IWM191115C162,2019-11-13,2019-11-13 09:33:23,0.02,0.004,2235,0.01,0.002,3481,0.01,0.002,2,0.015,0.003,12,0
IWM191115C162,2019-11-13,2019-11-13 09:33:24,0.02,0.004,1920,0.01,0.002,3753,0.01,0.002,2,0.015,0.003,12,0
IWM191115C162,2019-11-13,2019-11-13 09:33:24,0.02,0.004,2333,0.01,0.002,3753,0.01,0.002,2,0.015,0.003,12,0
IWM191115C162,2019-11-13,2019-11-13 09:33:25,0.02,0.004,2333,0.01,0.002,3753,0.01,0.002,2,0.015,0.003,12,0
IWM191115C162,2019-11-13,2019-11-13 09:33:25,0.02,0.004,2423,0.01,0.002,3753,0.01,0.002,2,0.015,0.003,12,0
IWM191115C162,2019-11-13,2019-11-13 09:33:26,0.02,0.004,2423,0.01,0.002,3753,0.01,0.002,2,0.015,0.003,12,0
IWM191115C162,2019-11-13,2019-11-13 09:33:27,0.02,0.004,2423,0.01,0.002,3780,0.01,0.002,2,0.015,0.003,12,0
IWM191115C162,2019-11-13,2019-11-13 09:33:27,0.02,0.004,1495,0.01,0.002,2822,0.01,0.002,2,0.015,0.003,12,0
IWM191115C162,2019-11-13,2019-11-13 09:33:28,0.02,0.004,2433,0.01,0.002,3753,0.01,0.002,2,0.015,0.003,12,0
IWM191115C162,2019-11-13,2019-11-13 09:33:28,0.02,0.004,1585,0.01,0.002,2522,0.01,0.002,2,0.015,0.003,12,0
IWM191115C162,2019-11-13,2019-11-13 09:33:29,0.02,0.004,2414,0.01,0.002,3454,0.01,0.002,2,0.015,0.003,12,0
IWM191115C162,2019-11-13,2019-11-13 09:33:30,0.02,0.004,1585,0.01,0.002,2522,0.01,0.002,2,0.015,0.003,12,0
IWM191115C162,2019-11-13,2019-11-13 09:33:31,0.02,0.004,2424,0.01,0.002,3780,0.01,0.002,2,0.015,0.003,12,0
IWM191115C162,2019-11-13,2019-11-13 09:33:32,0.02,0.004,2424,0.01,0.002,4145,0.01,0.002,2,0.015,0.003,12,0
IWM191115C162,2019-11-13,2019-11-13 09:33:33,0.02,0.004,2425,0.01,0.002,3841,0.01,0.002,2,0.015,0.003,12,0
IWM191115C162,2019-11-13,2019-11-13 09:33:33,0.02,0.004,2424,0.01,0.002,4145,0.01,0.002,2,0.015,0.003,12,0
IWM191115C162,2019-11-13,2019-11-13 09:33:34,0.02,0.004,2674,0.01,0.002,4033,0.01,0.002,2,0.015,0.003,12,0
IWM191115C162,2019-11-13,2019-11-13 09:33:35,0.02,0.004,2425,0.01,0.002,3840,0.01,0.002,2,0.015,0.003,12,0
IWM191115C162,2019-11-13,2019-11-13 09:33:35,0.02,0.004,2674,0.01,0.002,4348,0.01,0.002,2,0.015,0.003,12,0
IWM191115C162,2019-11-13,2019-11-13 09:33:36,0.02,0.004,2425,0.01,0.002,2826,0.01,0.002,2,0.015,0.003,12,0
IWM191115C162,2019-11-13,2019-11-13 09:33:36,0.02,0.004,2425,0.01,0.002,1863,0.01,0.002,2,0.015,0.003,12,0
IWM191115C162,2019-11-13,2019-11-13 09:33:37,0.02,0.004,2325,0.01,0.002,2616,0.01,0.002,2,0.015,0.003,12,0
IWM191115C162,2019-11-13,2019-11-13 09:33:38,0.02,0.004,2498,0.01,0.002,2616,0.01,0.002,2,0.015,0.003,12,0
IWM191115C162,2019-11-13,2019-11-13 09:33:38,0.02,0.004,2498,0.01,0.002,2892,0.01,0.002,2,0.015,0.003,12,0
IWM191115C162,2019-11-13,2019-11-13 09:33:39,0.02,0.004,2498,0.01,0.002,2892,0.01,0.002,2,0.015,0.003,12,0
IWM191115C162,2019-11-13,2019-11-13 09:33:39,0.02,0.004,2498,0.01,0.002,4206,0.01,0.002,2,0.015,0.003,12,0
IWM191115C162,2019-11-13,2019-11-13 09:33:40,0.02,0.004,2498,0.01,0.002,4206,0.01,0.002,2,0.015,0.003,12,0
IWM191115C162,2019-11-13,2019-11-13 09:33:40,0.02,0.004,2498,0.01,0.002,3906,0.01,0.002,2,0.015,0.003,12,0
IWM191115C162,2019-11-13,2019-11-13 09:33:41,0.02,0.004,2498,0.01,0.002,4206,0.01,0.002,2,0.015,0.003,12,0
IWM191115C162,2019-11-13,2019-11-13 09:33:42,0.02,0.004,2428,0.01,0.002,4206,0.01,0.002,2,0.015,0.003,12,0
IWM191115C162,2019-11-13,2019-11-13 09:33:42,0.02,0.004,2498,0.01,0.002,4206,0.01,0.002,2,0.015,0.003,12,0
IWM191115C162,2019-11-13,2019-11-13 09:33:43,0.02,0.004,1668,0.01,0.002,3324,0.01,0.002,2,0.015,0.003,12,0
IWM191115C162,2019-11-13,2019-11-13 09:33:43,0.02,0.004,1598,0.01,0.002,3324,0.01,0.002,2,0.015,0.003,12,0
IWM191115C162,2019-11-13,2019-11-13 09:33:44,0.02,0.004,1668,0.01,0.002,3324,0.01,0.002,2,0.015,0.003,12,0
IWM191115C162,2019-11-13,2019-11-13 09:33:45,0.02,0.004,2444,0.01,0.002,4375,0.01,0.002,2,0.015,0.003,12,0
IWM191115C162,2019-11-13,2019-11-13 09:33:45,0.02,0.004,1668,0.01,0.002,3324,0.01,0.002,2,0.015,0.003,12,0
IWM191115C162,2019-11-13,2019-11-13 09:33:46,0.02,0.004,2138,0.01,0.002,3273,0.01,0.002,2,0.015,0.003,12,0
IWM191115C162,2019-11-13,2019-11-13 09:33:46,0.02,0.004,2340,0.01,0.002,4375,0.01,0.002,2,0.015,0.003,12,0
IWM191115C162,2019-11-13,2019-11-13 09:33:47,0.02,0.004,2138,0.01,0.002,3273,0.01,0.002,2,0.015,0.003,12,0
IWM191115C162,2019-11-13,2019-11-13 09:33:47,0.02,0.004,2325,0.01,0.002,4413,0.01,0.002,2,0.015,0.003,12,0
IWM191115C162,2019-11-13,2019-11-13 09:33:48,0.02,0.004,2317,0.01,0.002,4431,0.01,0.002,2,0.015,0.003,12,0
IWM191115C162,2019-11-13,2019-11-13 09:33:48,0.02,0.004,2325,0.01,0.002,4413,0.01,0.002,2,0.015,0.003,12,0
IWM191115C162,2019-11-13,2019-11-13 09:33:49,0.02,0.004,2317,0.01,0.002,4431,0.01,0.002,2,0.015,0.003,12,0
IWM191115C162,2019-11-13,2019-11-13 09:33:50,0.02,0.004,2317,0.01,0.002,4431,0.01,0.002,2,0.015,0.003,12,0
IWM191115C162,2019-11-13,2019-11-13 09:33:51,0.02,0.004,2317,0.01,0.002,4431,0.01,0.002,2,0.015,0.003,12,0
IWM191115C162,2019-11-13,2019-11-13 09:33:52,0.02,0.004,2306,0.01,0.002,4431,0.01,0.002,2,0.015,0.003,12,0
IWM191115C162,2019-11-13,2019-11-13 09:33:53,0.02,0.004,1486,0.01,0.002,3443,0.01,0.002,2,0.015,0.003,12,0
IWM191115C162,2019-11-13,2019-11-13 09:33:53,0.02,0.004,2306,0.01,0.002,4431,0.01,0.002,2,0.015,0.003,12,0
IWM191115C162,2019-11-13,2019-11-13 09:33:54,0.02,0.004,2326,0.01,0.002,4425,0.01,0.002,2,0.015,0.003,12,0
IWM191115C162,2019-11-13,2019-11-13 09:33:54,0.02,0.004,1486,0.01,0.002,3443,0.01,0.002,2,0.015,0.003,12,0
IWM191115C162,2019-11-13,2019-11-13 09:33:55,0.02,0.004,2326,0.01,0.002,4425,0.01,0.002,2,0.015,0.003,12,0
IWM191115C162,2019-11-13,2019-11-13 09:33:55,0.02,0.004,2274,0.01,0.002,4411,0.01,0.002,2,0.015,0.003,12,0
IWM191115C162,2019-11-13,2019-11-13 09:33:56,0.02,0.004,2274,0.01,0.002,4411,0.01,0.002,2,0.015,0.003,12,0
IWM191115C162,2019-11-13,2019-11-13 09:33:57,0.02,0.004,2274,0.01,0.002,4411,0.01,0.002,2,0.015,0.003,12,0
IWM191115C162,2019-11-13,2019-11-13 09:33:58,0.02,0.004,2274,0.01,0.002,4411,0.01,0.002,2,0.015,0.003,12,0
IWM191115C162,2019-11-13,2019-11-13 09:33:59,0.02,0.004,2274,0.01,0.002,4411,0.01,0.002,2,0.015,0.003,12,0
IWM191115C162,2019-11-13,2019-11-13 09:34:00,0.02,0.004,2274,0.01,0.002,4411,0.01,0.002,2,0.015,0.003,12,0
IWM191115C162,2019-11-13,2019-11-13 09:34:01,0.02,0.004,2274,0.01,0.002,4411,0.01,0.002,2,0.015,0.003,12,0
IWM191115C162,2019-11-13,2019-11-13 09:34:02,0.02,0.004,1965,0.01,0.002,4411,0.01,0.002,2,0.015,0.003,12,0
IWM191115C162,2019-11-13,2019-11-13 09:34:02,0.02,0.004,2391,0.01,0.002,4431,0.01,0.002,2,0.015,0.003,12,0
IWM191115C162,2019-11-13,2019-11-13 09:34:03,0.02,0.004,2391,0.01,0.002,4431,0.01,0.002,2,0.015,0.003,12,0
IWM191115C162,2019-11-13,2019-11-13 09:34:04,0.02,0.004,2391,0.01,0.002,4431,0.01,0.002,2,0.015,0.003,12,0
IWM191115C162,2019-11-13,2019-11-13 09:34:05,0.02,0.004,2391,0.01,0.002,4431,0.01,0.002,2,0.015,0.003,12,0
IWM191115C162,2019-11-13,2019-11-13 09:34:06,0.02,0.004,2391,0.01,0.002,4431,0.01,0.002,2,0.015,0.003,12,0
IWM191115C162,2019-11-13,2019-11-13 09:34:07,0.02,0.004,2391,0.01,0.002,4431,0.01,0.002,2,0.015,0.003,12,0
IWM191115C162,2019-11-13,2019-11-13 09:34:08,0.02,0.004,1981,0.01,0.002,4118,0.01,0.002,2,0.015,0.003,12,0
IWM191115C162,2019-11-13,2019-11-13 09:34:08,0.02,0.004,2391,0.01,0.002,4431,0.01,0.002,2,0.015,0.003,12,0
IWM191115C162,2019-11-13,2019-11-13 09:34:09,0.02,0.004,2393,0.01,0.002,4418,0.01,0.002,2,0.015,0.003,12,0
IWM191115C162,2019-11-13,2019-11-13 09:34:10,0.02,0.004,2440,0.01,0.002,4411,0.01,0.002,2,0.015,0.003,12,0
IWM191115C162,2019-11-13,2019-11-13 09:34:11,0.02,0.004,2441,0.01,0.002,4424,0.01,0.002,2,0.015,0.003,12,0
IWM191115C162,2019-11-13,2019-11-13 09:34:11,0.02,0.004,2440,0.01,0.002,4411,0.01,0.002,2,0.015,0.003,12,0
IWM191115C162,2019-11-13,2019-11-13 09:34:12,0.02,0.004,2442,0.01,0.002,4431,0.01,0.002,2,0.015,0.003,12,0
IWM191115C162,2019-11-13,2019-11-13 09:34:13,0.02,0.004,2442,0.01,0.002,4431,0.01,0.002,2,0.015,0.003,12,0
IWM191115C162,2019-11-13,2019-11-13 09:34:13,0.02,0.004,2030,0.01,0.002,4431,0.01,0.002,2,0.015,0.003,12,0
IWM191115C162,2019-11-13,2019-11-13 09:34:14,0.02,0.004,2442,0.01,0.002,4431,0.01,0.002,2,0.015,0.003,12,0
IWM191115C162,2019-11-13,2019-11-13 09:34:15,0.02,0.004,2439,0.01,0.002,4431,0.01,0.002,2,0.015,0.003,12,0
IWM191115C162,2019-11-13,2019-11-13 09:34:15,0.02,0.004,2442,0.01,0.002,4431,0.01,0.002,2,0.015,0.003,12,0
IWM191115C162,2019-11-13,2019-11-13 09:34:16,0.02,0.004,1586,0.01,0.002,2397,0.01,0.002,2,0.015,0.003,12,0
IWM191115C162,2019-11-13,2019-11-13 09:34:16,0.02,0.004,1311,0.01,0.002,3622,0.01,0.002,2,0.015,0.003,12,0
IWM191115C162,2019-11-13,2019-11-13 09:34:17,0.02,0.004,987,0.01,0.002,3823,0.01,0.002,2,0.015,0.003,12,0
IWM191115C162,2019-11-13,2019-11-13 09:34:18,0.02,0.004,921,0.01,0.002,4123,0.01,0.002,2,0.015,0.003,12,0
IWM191115C162,2019-11-13,2019-11-13 09:34:18,0.02,0.004,1050,0.01,0.002,4309,0.01,0.002,2,0.015,0.003,12,0
IWM191115C162,2019-11-13,2019-11-13 09:34:19,0.02,0.004,1050,0.01,0.002,4309,0.01,0.002,2,0.015,0.003,12,0
IWM191115C162,2019-11-13,2019-11-13 09:34:20,0.02,0.004,1050,0.01,0.002,4309,0.01,0.002,2,0.015,0.003,12,0
IWM191115C162,2019-11-13,2019-11-13 09:34:21,0.02,0.004,840,0.01,0.002,3384,0.01,0.002,2,0.015,0.003,12,0
IWM191115C162,2019-11-13,2019-11-13 09:34:21,0.02,0.004,959,0.01,0.002,3994,0.01,0.002,2,0.015,0.003,12,0
IWM191115C162,2019-11-13,2019-11-13 09:34:22,0.02,0.004,1301,0.01,0.002,4325,0.01,0.002,2,0.015,0.003,12,0
IWM191115C162,2019-11-13,2019-11-13 09:34:22,0.02,0.004,892,0.01,0.002,4325,0.01,0.002,2,0.015,0.003,12,0
IWM191115C162,2019-11-13,2019-11-13 09:34:23,0.02,0.004,934,0.01,0.002,4325,0.01,0.002,2,0.015,0.003,12,0
IWM191115C162,2019-11-13,2019-11-13 09:34:24,0.02,0.004,2221,0.01,0.002,4315,0.01,0.002,2,0.015,0.003,12,0
IWM191115C162,2019-11-13,2019-11-13 09:34:24,0.02,0.004,2285,0.01,0.002,4315,0.01,0.002,2,0.015,0.003,12,0
IWM191115C162,2019-11-13,2019-11-13 09:34:25,0.02,0.004,867,0.01,0.002,3795,0.01,0.002,2,0.015,0.003,12,0
IWM191115C162,2019-11-13,2019-11-13 09:34:25,0.02,0.004,2285,0.01,0.002,4315,0.01,0.002,2,0.015,0.003,12,0
IWM191115C162,2019-11-13,2019-11-13 09:34:26,0.02,0.004,880,0.01,0.002,3178,0.01,0.002,2,0.015,0.003,12,0
IWM191115C162,2019-11-13,2019-11-13 09:34:26,0.02,0.004,754,0.01,0.002,3178,0.01,0.002,2,0.015,0.003,12,0
IWM191115C162,2019-11-13,2019-11-13 09:34:27,0.02,0.004,811,0.01,0.002,3244,0.01,0.002,2,0.015,0.003,12,0
IWM191115C162,2019-11-13,2019-11-13 09:34:27,0.02,0.004,1152,0.01,0.002,4162,0.01,0.002,2,0.015,0.003,12,0
IWM191115C162,2019-11-13,2019-11-13 09:34:28,0.02,0.004,1976,0.01,0.002,4379,0.01,0.002,2,0.015,0.003,12,0
IWM191115C162,2019-11-13,2019-11-13 09:34:28,0.02,0.004,2191,0.01,0.002,4379,0.01,0.002,2,0.015,0.003,12,0
IWM191115C162,2019-11-13,2019-11-13 09:34:29,0.02,0.004,2191,0.01,0.002,4379,0.01,0.002,2,0.015,0.003,12,0
IWM191115C162,2019-11-13,2019-11-13 09:34:30,0.02,0.004,1546,0.01,0.002,3144,0.01,0.002,2,0.015,0.003,12,0
IWM191115C162,2019-11-13,2019-11-13 09:34:30,0.02,0.004,1476,0.01,0.002,3444,0.01,0.002,2,0.015,0.003,12,0
IWM191115C162,2019-11-13,2019-11-13 09:34:31,0.02,0.004,2191,0.01,0.002,4379,0.01,0.002,2,0.015,0.003,12,0
IWM191115C162,2019-11-13,2019-11-13 09:34:32,0.02,0.004,2352,0.01,0.002,4426,0.01,0.002,2,0.015,0.003,12,0
IWM191115C162,2019-11-13,2019-11-13 09:34:33,0.02,0.004,2295,0.01,0.002,4390,0.01,0.002,2,0.015,0.003,12,0
IWM191115C162,2019-11-13,2019-11-13 09:34:33,0.02,0.004,2392,0.01,0.002,4390,0.01,0.002,2,0.015,0.003,12,0
IWM191115C162,2019-11-13,2019-11-13 09:34:34,0.02,0.004,2295,0.01,0.002,4390,0.01,0.002,2,0.015,0.003,12,0
IWM191115C162,2019-11-13,2019-11-13 09:34:35,0.02,0.004,2346,0.01,0.002,4485,0.01,0.002,2,0.015,0.003,12,0
IWM191115C162,2019-11-13,2019-11-13 09:34:36,0.02,0.004,1589,0.01,0.002,3505,0.01,0.002,2,0.015,0.003,12,0
IWM191115C162,2019-11-13,2019-11-13 09:34:36,0.02,0.004,2439,0.01,0.002,4495,0.01,0.002,2,0.015,0.003,12,0
IWM191115C162,2019-11-13,2019-11-13 09:34:37,0.02,0.004,2439,0.01,0.002,4495,0.01,0.002,2,0.015,0.003,12,0
IWM191115C162,2019-11-13,2019-11-13 09:34:38,0.02,0.004,2439,0.01,0.002,4495,0.01,0.002,2,0.015,0.003,12,0
IWM191115C162,2019-11-13,2019-11-13 09:34:39,0.02,0.004,2439,0.01,0.002,4495,0.01,0.002,2,0.015,0.003,12,0
IWM191115C162,2019-11-13,2019-11-13 09:34:40,0.02,0.004,2360,0.01,0.002,4496,0.01,0.002,2,0.015,0.003,12,0
IWM191115C162,2019-11-13,2019-11-13 09:34:40,0.02,0.004,2357,0.01,0.002,4490,0.01,0.002,2,0.015,0.003,12,0
IWM191115C162,2019-11-13,2019-11-13 09:34:41,0.02,0.004,1403,0.01,0.002,3505,0.01,0.002,2,0.015,0.003,12,0
IWM191115C162,2019-11-13,2019-11-13 09:34:41,0.02,0.004,2357,0.01,0.002,4489,0.01,0.002,2,0.015,0.003,12,0
IWM191115C162,2019-11-13,2019-11-13 09:34:42,0.02,0.004,1403,0.01,0.002,3505,0.01,0.002,2,0.015,0.003,12,0
IWM191115C162,2019-11-13,2019-11-13 09:34:43,0.02,0.004,1403,0.01,0.002,3505,0.01,0.002,2,0.015,0.003,12,0
IWM191115C162,2019-11-13,2019-11-13 09:34:43,0.02,0.004,2202,0.01,0.002,4181,0.01,0.002,2,0.015,0.003,12,0
IWM191115C162,2019-11-13,2019-11-13 09:34:44,0.02,0.004,1550,0.01,0.002,3681,0.01,0.002,2,0.015,0.003,12,0
IWM191115C162,2019-11-13,2019-11-13 09:34:44,0.02,0.004,2200,0.01,0.002,3381,0.01,0.002,2,0.015,0.003,12,0
IWM191115C162,2019-11-13,2019-11-13 09:34:45,0.02,0.004,1695,0.01,0.002,4488,0.01,0.002,2,0.015,0.003,12,0
IWM191115C162,2019-11-13,2019-11-13 09:34:45,0.02,0.004,1550,0.01,0.002,3681,0.01,0.002,2,0.015,0.003,12,0
IWM191115C162,2019-11-13,2019-11-13 09:34:46,0.02,0.004,1352,0.01,0.002,4523,0.01,0.002,2,0.015,0.003,12,0
IWM191115C162,2019-11-13,2019-11-13 09:34:46,0.02,0.004,1280,0.01,0.002,4523,0.01,0.002,2,0.015,0.003,12,0
IWM191115C162,2019-11-13,2019-11-13 09:34:47,0.02,0.004,1280,0.01,0.002,4523,0.01,0.002,2,0.015,0.003,12,0
IWM191115C162,2019-11-13,2019-11-13 09:34:47,0.02,0.004,1251,0.01,0.002,4538,0.01,0.002,2,0.015,0.003,12,0
IWM191115C162,2019-11-13,2019-11-13 09:34:48,0.02,0.004,1261,0.01,0.002,4661,0.01,0.002,2,0.015,0.003,12,0
IWM191115C162,2019-11-13,2019-11-13 09:34:49,0.02,0.004,1261,0.01,0.002,4661,0.01,0.002,2,0.015,0.003,12,0
IWM191115C162,2019-11-13,2019-11-13 09:34:50,0.02,0.004,1261,0.01,0.002,4661,0.01,0.002,2,0.015,0.003,12,0
IWM191115C162,2019-11-13,2019-11-13 09:34:51,0.02,0.004,1042,0.01,0.002,4684,0.01,0.002,2,0.015,0.003,12,0
IWM191115C162,2019-11-13,2019-11-13 09:34:51,0.02,0.004,636,0.01,0.002,4684,0.01,0.002,2,0.015,0.003,12,0
IWM191115C162,2019-11-13,2019-11-13 09:34:52,0.02,0.004,1338,0.01,0.002,4685,0.01,0.002,2,0.015,0.003,12,0
IWM191115C162,2019-11-13,2019-11-13 09:34:52,0.02,0.004,636,0.01,0.002,4684,0.01,0.002,2,0.015,0.003,12,0
IWM191115C162,2019-11-13,2019-11-13 09:34:53,0.02,0.004,1338,0.01,0.002,4685,0.01,0.002,2,0.015,0.003,12,0
IWM191115C162,2019-11-13,2019-11-13 09:34:54,0.02,0.004,660,0.01,0.002,4665,0.01,0.002,2,0.015,0.003,12,0
IWM191115C162,2019-11-13,2019-11-13 09:34:54,0.02,0.004,458,0.01,0.002,3425,0.01,0.002,2,0.015,0.003,12,0
IWM191115C162,2019-11-13,2019-11-13 09:34:55,0.02,0.004,47,0.01,0.002,4694,0.01,0.002,2,0.015,0.003,12,0
IWM191115C162,2019-11-13,2019-11-13 09:34:55,0.02,0.004,458,0.01,0.002,3425,0.01,0.002,2,0.015,0.003,12,0
IWM191115C162,2019-11-13,2019-11-13 09:34:56,0.02,0.004,127,0.01,0.002,4721,0.01,0.002,2,0.015,0.003,12,0
IWM191115C162,2019-11-13,2019-11-13 09:34:56,0.02,0.004,47,0.01,0.002,4694,0.01,0.002,2,0.015,0.003,12,0
IWM191115C162,2019-11-13,2019-11-13 09:34:57,0.02,0.004,100,0.01,0.002,4721,0.01,0.002,2,0.015,0.003,12,0
IWM191115C162,2019-11-13,2019-11-13 09:34:58,0.02,0.004,130,0.01,0.002,4721,0.01,0.002,2,0.015,0.003,12,0
IWM191115C162,2019-11-13,2019-11-13 09:34:58,0.02,0.004,345,0.01,0.002,4721,0.02,0.004,6,0.015,0.003,42,30
IWM191115C162,2019-11-13,2019-11-13 09:34:59,0.02,0.004,422,0.01,0.002,3733,0.02,0.004,6,0.015,0.003,42,0
IWM191115C162,2019-11-13,2019-11-13 09:34:59,0.02,0.004,397,0.01,0.002,3733,0.02,0.004,6,0.015,0.003,42,0
IWM191115C162,2019-11-13,2019-11-13 09:35:00,0.02,0.004,264,0.01,0.002,4736,0.02,0.004,6,0.015,0.003,42,0
IWM191115C162,2019-11-13,2019-11-13 09:35:00,0.02,0.004,397,0.01,0.002,4727,0.02,0.004,6,0.015,0.003,42,0
IWM191115C162,2019-11-13,2019-11-13 09:35:01,0.02,0.004,290,0.01,0.002,3733,0.02,0.004,6,0.015,0.003,42,0
IWM191115C162,2019-11-13,2019-11-13 09:35:01,0.02,0.004,405,0.01,0.002,4730,0.02,0.004,6,0.015,0.003,42,0
IWM191115C162,2019-11-13,2019-11-13 09:35:02,0.02,0.004,168,0.01,0.002,4730,0.02,0.004,6,0.015,0.003,42,0
IWM191115C162,2019-11-13,2019-11-13 09:35:03,0.02,0.004,212,0.01,0.002,3733,0.02,0.004,6,0.015,0.003,42,0
IWM191115C162,2019-11-13,2019-11-13 09:35:03,0.02,0.004,363,0.01,0.002,3433,0.02,0.004,6,0.015,0.003,42,0
IWM191115C162,2019-11-13,2019-11-13 09:35:04,0.02,0.004,166,0.01,0.002,3733,0.02,0.004,6,0.015,0.003,42,0
IWM191115C162,2019-11-13,2019-11-13 09:35:05,0.03,0.006,3139,0.01,0.002,4418,0.02,0.004,6,0.02,0.004,42,0
IWM191115C162,2019-11-13,2019-11-13 09:35:05,0.02,0.004,166,0.01,0.002,3433,0.02,0.004,6,0.015,0.003,42,0
IWM191115C162,2019-11-13,2019-11-13 09:35:06,0.03,0.006,3608,0.02,0.004,995,0.02,0.004,6,0.025,0.005,42,0
IWM191115C162,2019-11-13,2019-11-13 09:35:06,0.03,0.006,3856,0.02,0.004,720,0.02,0.004,6,0.025,0.005,42,0
IWM191115C162,2019-11-13,2019-11-13 09:35:07,0.03,0.006,3849,0.02,0.004,1726,0.02,0.004,6,0.025,0.005,42,0
IWM191115C162,2019-11-13,2019-11-13 09:35:07,0.03,0.006,3856,0.02,0.004,1726,0.02,0.004,6,0.025,0.005,42,0
IWM191115C162,2019-11-13,2019-11-13 09:35:08,0.03,0.006,3700,0.02,0.004,1730,0.02,0.004,6,0.025,0.005,42,0
IWM191115C162,2019-11-13,2019-11-13 09:35:08,0.03,0.006,3849,0.02,0.004,1730,0.02,0.004,6,0.025,0.005,42,0
IWM191115C162,2019-11-13,2019-11-13 09:35:09,0.03,0.006,3930,0.02,0.004,1730,0.02,0.004,6,0.025,0.005,42,0
IWM191115C162,2019-11-13,2019-11-13 09:35:09,0.03,0.006,3700,0.02,0.004,1730,0.02,0.004,6,0.025,0.005,42,0
IWM191115C162,2019-11-13,2019-11-13 09:35:10,0.03,0.006,3930,0.02,0.004,1934,0.02,0.004,6,0.025,0.005,42,0
IWM191115C162,2019-11-13,2019-11-13 09:35:10,0.03,0.006,3257,0.02,0.004,1083,0.02,0.004,6,0.025,0.005,42,0
IWM191115C162,2019-11-13,2019-11-13 09:35:11,0.03,0.006,3926,0.02,0.004,1092,0.02,0.004,6,0.025,0.005,42,0
IWM191115C162,2019-11-13,2019-11-13 09:35:12,0.03,0.006,3926,0.02,0.004,1092,0.02,0.004,6,0.025,0.005,42,0
IWM191115C162,2019-11-13,2019-11-13 09:35:13,0.03,0.006,4047,0.02,0.004,1162,0.02,0.004,6,0.025,0.005,42,0
IWM191115C162,2019-11-13,2019-11-13 09:35:13,0.03,0.006,3426,0.02,0.004,1162,0.02,0.004,6,0.025,0.005,42,0
IWM191115C162,2019-11-13,2019-11-13 09:35:14,0.03,0.006,3343,0.02,0.004,1146,0.02,0.004,6,0.025,0.005,42,0
IWM191115C162,2019-11-13,2019-11-13 09:35:14,0.03,0.006,3343,0.02,0.004,1150,0.02,0.004,6,0.025,0.005,42,0
IWM191115C162,2019-11-13,2019-11-13 09:35:15,0.03,0.006,3343,0.02,0.004,1076,0.02,0.004,6,0.025,0.005,42,0
IWM191115C162,2019-11-13,2019-11-13 09:35:16,0.03,0.006,3552,0.02,0.004,1146,0.02,0.004,6,0.025,0.005,42,0
IWM191115C162,2019-11-13,2019-11-13 09:35:16,0.03,0.006,4052,0.02,0.004,480,0.02,0.004,6,0.025,0.005,42,0
IWM191115C162,2019-11-13,2019-11-13 09:35:17,0.03,0.006,1794,0.01,0.002,1710,0.02,0.004,6,0.02,0.004,42,0
IWM191115C162,2019-11-13,2019-11-13 09:35:17,0.03,0.006,1624,0.01,0.002,1348,0.02,0.004,6,0.02,0.004,42,0
IWM191115C162,2019-11-13,2019-11-13 09:35:18,0.03,0.006,1794,0.01,0.002,1710,0.02,0.004,6,0.02,0.004,42,0
IWM191115C162,2019-11-13,2019-11-13 09:35:18,0.03,0.006,3573,0.02,0.004,686,0.02,0.004,6,0.025,0.005,42,0
IWM191115C162,2019-11-13,2019-11-13 09:35:19,0.03,0.006,3573,0.02,0.004,1426,0.02,0.004,6,0.025,0.005,42,0
IWM191115C162,2019-11-13,2019-11-13 09:35:19,0.03,0.006,3573,0.02,0.004,759,0.02,0.004,6,0.025,0.005,42,0
IWM191115C162,2019-11-13,2019-11-13 09:35:20,0.03,0.006,3972,0.02,0.004,2150,0.02,0.004,6,0.025,0.005,42,0
IWM191115C162,2019-11-13,2019-11-13 09:35:21,0.03,0.006,3972,0.02,0.004,2134,0.02,0.004,6,0.025,0.005,42,0
IWM191115C162,2019-11-13,2019-11-13 09:35:21,0.03,0.006,4092,0.02,0.004,2145,0.02,0.004,6,0.025,0.005,42,0
IWM191115C162,2019-11-13,2019-11-13 09:35:22,0.03,0.006,3838,0.02,0.004,2125,0.02,0.004,6,0.025,0.005,42,0
IWM191115C162,2019-11-13,2019-11-13 09:35:22,0.03,0.006,4019,0.02,0.004,2125,0.02,0.004,6,0.025,0.005,42,0
IWM191115C162,2019-11-13,2019-11-13 09:35:23,0.03,0.006,4025,0.02,0.004,2125,0.02,0.004,6,0.025,0.005,42,0
IWM191115C162,2019-11-13,2019-11-13 09:35:23,0.03,0.006,4025,0.02,0.004,1413,0.02,0.004,6,0.025,0.005,42,0
IWM191115C162,2019-11-13,2019-11-13 09:35:24,0.03,0.006,4025,0.02,0.004,2102,0.02,0.004,6,0.025,0.005,42,0
IWM191115C162,2019-11-13,2019-11-13 09:35:25,0.03,0.006,4025,0.02,0.004,2102,0.02,0.004,6,0.025,0.005,42,0
IWM191115C162,2019-11-13,2019-11-13 09:35:26,0.03,0.006,4025,0.02,0.004,1413,0.02,0.004,6,0.025,0.005,42,0
IWM191115C162,2019-11-13,2019-11-13 09:35:26,0.03,0.006,4135,0.02,0.004,1999,0.02,0.004,6,0.025,0.005,42,0
IWM191115C162,2019-11-13,2019-11-13 09:35:27,0.03,0.006,4135,0.02,0.004,1999,0.02,0.004,6,0.025,0.005,42,0
IWM191115C162,2019-11-13,2019-11-13 09:35:28,0.03,0.006,3774,0.02,0.004,2122,0.02,0.004,6,0.025,0.005,42,0
IWM191115C162,2019-11-13,2019-11-13 09:35:28,0.03,0.006,3460,0.02,0.004,2122,0.02,0.004,6,0.025,0.005,42,0
IWM191115C162,2019-11-13,2019-11-13 09:35:29,0.03,0.006,4140,0.02,0.004,2111,0.02,0.004,6,0.025,0.005,42,0
IWM191115C162,2019-11-13,2019-11-13 09:35:30,0.03,0.006,4140,0.02,0.004,1080,0.02,0.004,6,0.025,0.005,42,0
IWM191115C162,2019-11-13,2019-11-13 09:35:30,0.03,0.006,4140,0.02,0.004,1999,0.02,0.004,6,0.025,0.005,42,0
IWM191115C162,2019-11-13,2019-11-13 09:35:31,0.03,0.006,4140,0.02,0.004,1999,0.02,0.004,6,0.025,0.005,42,0
IWM191115C162,2019-11-13,2019-11-13 09:35:32,0.03,0.006,4096,0.02,0.004,1931,0.02,0.004,6,0.025,0.005,42,0
IWM191115C162,2019-11-13,2019-11-13 09:35:33,0.03,0.006,4096,0.02,0.004,1931,0.02,0.004,6,0.025,0.005,42,0
IWM191115C162,2019-11-13,2019-11-13 09:35:34,0.03,0.006,4096,0.02,0.004,1265,0.02,0.004,6,0.025,0.005,42,0
IWM191115C162,2019-11-13,2019-11-13 09:35:35,0.03,0.006,4096,0.02,0.004,1265,0.02,0.004,6,0.025,0.005,42,0
IWM191115C162,2019-11-13,2019-11-13 09:35:36,0.03,0.006,4106,0.02,0.004,1038,0.02,0.004,6,0.025,0.005,42,0
IWM191115C162,2019-11-13,2019-11-13 09:35:36,0.03,0.006,4106,0.02,0.004,838,0.02,0.004,6,0.025,0.005,42,0
IWM191115C162,2019-11-13,2019-11-13 09:35:37,0.03,0.006,4099,0.02,0.004,1038,0.02,0.004,6,0.025,0.005,42,0
IWM191115C162,2019-11-13,2019-11-13 09:35:37,0.03,0.006,4106,0.02,0.004,1038,0.02,0.004,6,0.025,0.005,42,0
IWM191115C162,2019-11-13,2019-11-13 09:35:38,0.03,0.006,4099,0.02,0.004,474,0.02,0.004,6,0.025,0.005,42,0
IWM191115C162,2019-11-13,2019-11-13 09:35:39,0.03,0.006,3397,0.02,0.004,474,0.02,0.004,6,0.025,0.005,42,0
IWM191115C162,2019-11-13,2019-11-13 09:35:39,0.03,0.006,3489,0.02,0.004,474,0.02,0.004,6,0.025,0.005,42,0
IWM191115C162,2019-11-13,2019-11-13 09:35:40,0.03,0.006,4105,0.02,0.004,474,0.02,0.004,6,0.025,0.005,42,0
IWM191115C162,2019-11-13,2019-11-13 09:35:41,0.03,0.006,3605,0.02,0.004,474,0.02,0.004,6,0.025,0.005,42,0
IWM191115C162,2019-11-13,2019-11-13 09:35:42,0.03,0.006,4105,0.02,0.004,474,0.02,0.004,6,0.025,0.005,42,0
IWM191115C162,2019-11-13,2019-11-13 09:35:42,0.03,0.006,2577,0.02,0.004,474,0.02,0.004,6,0.025,0.005,42,0
IWM191115C162,2019-11-13,2019-11-13 09:35:43,0.03,0.006,4006,0.02,0.004,450,0.02,0.004,6,0.025,0.005,42,0
IWM191115C162,2019-11-13,2019-11-13 09:35:44,0.03,0.006,4006,0.02,0.004,1160,0.02,0.004,6,0.025,0.005,42,0
IWM191115C162,2019-11-13,2019-11-13 09:35:45,0.03,0.006,4006,0.02,0.004,964,0.02,0.004,6,0.025,0.005,42,0
IWM191115C162,2019-11-13,2019-11-13 09:35:45,0.03,0.006,4006,0.02,0.004,1164,0.02,0.004,6,0.025,0.005,42,0
IWM191115C162,2019-11-13,2019-11-13 09:35:46,0.03,0.006,4006,0.02,0.004,1164,0.02,0.004,6,0.025,0.005,42,0
IWM191115C162,2019-11-13,2019-11-13 09:35:47,0.03,0.006,4006,0.02,0.004,1232,0.02,0.004,6,0.025,0.005,42,0
IWM191115C162,2019-11-13,2019-11-13 09:35:47,0.03,0.006,4006,0.02,0.004,1974,0.02,0.004,6,0.025,0.005,42,0
IWM191115C162,2019-11-13,2019-11-13 09:35:48,0.03,0.006,4006,0.02,0.004,1974,0.02,0.004,6,0.025,0.005,42,0
IWM191115C162,2019-11-13,2019-11-13 09:35:49,0.03,0.006,4153,0.02,0.004,1974,0.02,0.004,6,0.025,0.005,42,0
IWM191115C162,2019-11-13,2019-11-13 09:35:49,0.03,0.006,4006,0.02,0.004,1974,0.02,0.004,6,0.025,0.005,42,0
IWM191115C162,2019-11-13,2019-11-13 09:35:50,0.03,0.006,4153,0.02,0.004,1985,0.02,0.004,6,0.025,0.005,42,0
IWM191115C162,2019-11-13,2019-11-13 09:35:51,0.03,0.006,4153,0.02,0.004,1985,0.02,0.004,6,0.025,0.005,42,0
IWM191115C162,2019-11-13,2019-11-13 09:35:52,0.03,0.006,4153,0.02,0.004,1985,0.02,0.004,6,0.025,0.005,42,0
IWM191115C162,2019-11-13,2019-11-13 09:35:53,0.03,0.006,4153,0.02,0.004,1915,0.02,0.004,6,0.025,0.005,42,0
IWM191115C162,2019-11-13,2019-11-13 09:35:54,0.03,0.006,2306,0.02,0.004,1232,0.02,0.004,6,0.025,0.005,42,0
IWM191115C162,2019-11-13,2019-11-13 09:35:54,0.03,0.006,4153,0.02,0.004,1915,0.02,0.004,6,0.025,0.005,42,0
IWM191115C162,2019-11-13,2019-11-13 09:35:56,0.03,0.006,2541,0.02,0.004,1200,0.02,0.004,6,0.025,0.005,42,0
IWM191115C162,2019-11-13,2019-11-13 09:35:57,0.03,0.006,3910,0.02,0.004,450,0.02,0.004,6,0.025,0.005,42,0
IWM191115C162,2019-11-13,2019-11-13 09:36:00,0.03,0.006,3876,0.02,0.004,650,0.02,0.004,6,0.025,0.005,42,0
IWM191115C162,2019-11-13,2019-11-13 09:36:01,0.03,0.006,3388,0.02,0.004,932,0.02,0.004,6,0.025,0.005,42,0
IWM191115C162,2019-11-13,2019-11-13 09:36:01,0.03,0.006,3876,0.02,0.004,852,0.02,0.004,6,0.025,0.005,42,0
IWM191115C162,2019-11-13,2019-11-13 09:36:02,0.03,0.006,3876,0.02,0.004,932,0.02,0.004,6,0.025,0.005,42,0
IWM191115C162,2019-11-13,2019-11-13 09:36:02,0.03,0.006,3876,0.02,0.004,1110,0.02,0.004,6,0.025,0.005,42,0
IWM191115C162,2019-11-13,2019-11-13 09:36:03,0.03,0.006,3876,0.02,0.004,921,0.02,0.004,6,0.025,0.005,42,0
IWM191115C162,2019-11-13,2019-11-13 09:36:03,0.03,0.006,3876,0.02,0.004,1109,0.02,0.004,6,0.025,0.005,42,0
IWM191115C162,2019-11-13,2019-11-13 09:36:04,0.03,0.006,3876,0.02,0.004,1109,0.02,0.004,6,0.025,0.005,42,0
IWM191115C162,2019-11-13,2019-11-13 09:36:04,0.03,0.006,3446,0.02,0.004,473,0.02,0.004,6,0.025,0.005,42,0
IWM191115C162,2019-11-13,2019-11-13 09:36:05,0.03,0.006,3916,0.02,0.004,450,0.02,0.004,6,0.025,0.005,42,0
IWM191115C162,2019-11-13,2019-11-13 09:36:05,0.03,0.006,3916,0.02,0.004,470,0.02,0.004,6,0.025,0.005,42,0
IWM191115C162,2019-11-13,2019-11-13 09:36:06,0.03,0.006,3916,0.02,0.004,470,0.02,0.004,6,0.025,0.005,42,0
IWM191115C162,2019-11-13,2019-11-13 09:36:06,0.03,0.006,3420,0.02,0.004,470,0.02,0.004,6,0.025,0.005,42,0
IWM191115C162,2019-11-13,2019-11-13 09:36:07,0.03,0.006,3914,0.02,0.004,450,0.02,0.004,6,0.025,0.005,42,0
IWM191115C162,2019-11-13,2019-11-13 09:36:13,0.03,0.006,4076,0.02,0.004,1348,0.02,0.004,6,0.025,0.005,42,0
IWM191115C162,2019-11-13,2019-11-13 09:36:14,0.03,0.006,4076,0.02,0.004,1942,0.02,0.004,6,0.025,0.005,42,0
IWM191115C162,2019-11-13,2019-11-13 09:36:15,0.03,0.006,4076,0.02,0.004,1942,0.02,0.004,6,0.025,0.005,42,0
IWM191115C162,2019-11-13,2019-11-13 09:36:15,0.03,0.006,4076,0.02,0.004,1932,0.02,0.004,6,0.025,0.005,42,0
IWM191115C162,2019-11-13,2019-11-13 09:36:16,0.03,0.006,4076,0.02,0.004,1932,0.02,0.004,6,0.025,0.005,42,0
IWM191115C162,2019-11-13,2019-11-13 09:36:17,0.03,0.006,3368,0.02,0.004,1932,0.02,0.004,6,0.025,0.005,42,0
IWM191115C162,2019-11-13,2019-11-13 09:36:17,0.03,0.006,4076,0.02,0.004,529,0.02,0.004,6,0.025,0.005,42,0
IWM191115C162,2019-11-13,2019-11-13 09:36:18,0.03,0.006,4076,0.02,0.004,529,0.02,0.004,6,0.025,0.005,42,0
IWM191115C162,2019-11-13,2019-11-13 09:36:21,0.03,0.006,4076,0.02,0.004,529,0.02,0.004,6,0.025,0.005,42,0
IWM191115C162,2019-11-13,2019-11-13 09:36:22,0.03,0.006,3576,0.02,0.004,529,0.02,0.004,6,0.025,0.005,42,0
IWM191115C162,2019-11-13,2019-11-13 09:36:22,0.03,0.006,4076,0.02,0.004,529,0.02,0.004,6,0.025,0.005,42,0
IWM191115C162,2019-11-13,2019-11-13 09:36:23,0.03,0.006,3796,0.02,0.004,450,0.02,0.004,6,0.025,0.005,42,0
IWM191115C162,2019-11-13,2019-11-13 09:36:23,0.03,0.006,3799,0.02,0.004,450,0.02,0.004,6,0.025,0.005,42,0
IWM191115C162,2019-11-13,2019-11-13 09:36:24,0.03,0.006,4001,0.02,0.004,450,0.02,0.004,6,0.025,0.005,42,0
IWM191115C162,2019-11-13,2019-11-13 09:36:25,0.02,0.004,551,0.01,0.002,4204,0.02,0.004,6,0.015,0.003,42,0
IWM191115C162,2019-11-13,2019-11-13 09:36:25,0.03,0.006,4001,0.02,0.004,450,0.02,0.004,6,0.025,0.005,42,0
IWM191115C162,2019-11-13,2019-11-13 09:36:26,0.02,0.004,803,0.01,0.002,4501,0.02,0.004,6,0.015,0.003,42,0
IWM191115C162,2019-11-13,2019-11-13 09:36:26,0.02,0.004,496,0.01,0.002,4473,0.02,0.004,6,0.015,0.003,42,0
IWM191115C162,2019-11-13,2019-11-13 09:36:27,0.02,0.004,452,0.01,0.002,3508,0.02,0.004,6,0.015,0.003,42,0
IWM191115C162,2019-11-13,2019-11-13 09:36:28,0.02,0.004,407,0.01,0.002,4516,0.02,0.004,6,0.015,0.003,42,0
IWM191115C162,2019-11-13,2019-11-13 09:36:28,0.03,0.006,3981,0.01,0.002,4516,0.02,0.004,6,0.02,0.004,42,0
IWM191115C162,2019-11-13,2019-11-13 09:36:29,0.03,0.006,3981,0.01,0.002,4516,0.02,0.004,6,0.02,0.004,42,0
IWM191115C162,2019-11-13,2019-11-13 09:36:29,0.03,0.006,3981,0.02,0.004,450,0.02,0.004,6,0.025,0.005,42,0
IWM191115C162,2019-11-13,2019-11-13 09:36:30,0.03,0.006,3981,0.02,0.004,450,0.02,0.004,6,0.025,0.005,42,0
IWM191115C162,2019-11-13,2019-11-13 09:36:30,0.03,0.006,4060,0.01,0.002,4465,0.02,0.004,6,0.02,0.004,42,0
IWM191115C162,2019-11-13,2019-11-13 09:36:31,0.03,0.006,3809,0.01,0.002,4465,0.02,0.004,6,0.02,0.004,42,0
IWM191115C162,2019-11-13,2019-11-13 09:36:31,0.03,0.006,3313,0.01,0.002,4465,0.02,0.004,6,0.02,0.004,42,0
IWM191115C162,2019-11-13,2019-11-13 09:36:32,0.03,0.006,3798,0.01,0.002,4484,0.02,0.004,6,0.02,0.004,42,0
IWM191115C162,2019-11-13,2019-11-13 09:36:32,0.03,0.006,3313,0.01,0.002,4465,0.02,0.004,6,0.02,0.004,42,0
IWM191115C162,2019-11-13,2019-11-13 09:36:33,0.02,0.004,65,0.01,0.002,4484,0.02,0.004,6,0.015,0.003,42,0
IWM191115C162,2019-11-13,2019-11-13 09:36:33,0.02,0.004,130,0.01,0.002,4484,0.02,0.004,6,0.015,0.003,42,0
IWM191115C162,2019-11-13,2019-11-13 09:36:34,0.02,0.004,762,0.01,0.002,4435,0.02,0.004,6,0.015,0.003,42,0
IWM191115C162,2019-11-13,2019-11-13 09:36:34,0.02,0.004,689,0.01,0.002,4477,0.02,0.004,6,0.015,0.003,42,0
IWM191115C162,2019-11-13,2019-11-13 09:36:35,0.02,0.004,1170,0.01,0.002,4440,0.02,0.004,6,0.015,0.003,42,0
IWM191115C162,2019-11-13,2019-11-13 09:36:35,0.02,0.004,532,0.01,0.002,3449,0.02,0.004,6,0.015,0.003,42,0
IWM191115C162,2019-11-13,2019-11-13 09:36:36,0.02,0.004,993,0.01,0.002,3639,0.02,0.004,6,0.015,0.003,42,0
IWM191115C162,2019-11-13,2019-11-13 09:36:36,0.02,0.004,831,0.01,0.002,4459,0.02,0.004,6,0.015,0.003,42,0
IWM191115C162,2019-11-13,2019-11-13 09:36:37,0.02,0.004,993,0.01,0.002,3639,0.02,0.004,6,0.015,0.003,42,0
IWM191115C162,2019-11-13,2019-11-13 09:36:38,0.02,0.004,640,0.01,0.002,4461,0.02,0.004,6,0.015,0.003,42,0
IWM191115C162,2019-11-13,2019-11-13 09:36:39,0.02,0.004,708,0.01,0.002,4441,0.02,0.004,6,0.015,0.003,42,0
IWM191115C162,2019-11-13,2019-11-13 09:36:39,0.02,0.004,653,0.01,0.002,3659,0.02,0.004,6,0.015,0.003,42,0
IWM191115C162,2019-11-13,2019-11-13 09:36:40,0.02,0.004,859,0.01,0.002,4461,0.02,0.004,6,0.015,0.003,42,0
IWM191115C162,2019-11-13,2019-11-13 09:36:41,0.02,0.004,1218,0.01,0.002,4434,0.02,0.004,6,0.015,0.003,42,0
IWM191115C162,2019-11-13,2019-11-13 09:36:41,0.02,0.004,2182,0.01,0.002,4434,0.02,0.004,6,0.015,0.003,42,0
IWM191115C162,2019-11-13,2019-11-13 09:36:42,0.02,0.004,2182,0.01,0.002,4392,0.02,0.004,6,0.015,0.003,42,0
IWM191115C162,2019-11-13,2019-11-13 09:36:43,0.02,0.004,2182,0.01,0.002,4392,0.02,0.004,6,0.015,0.003,42,0
IWM191115C162,2019-11-13,2019-11-13 09:36:44,0.02,0.004,2247,0.01,0.002,4396,0.02,0.004,6,0.015,0.003,42,0
IWM191115C162,2019-11-13,2019-11-13 09:36:45,0.02,0.004,2247,0.01,0.002,4396,0.02,0.004,6,0.015,0.003,42,0
IWM191115C162,2019-11-13,2019-11-13 09:36:46,0.02,0.004,629,0.01,0.002,4396,0.02,0.004,6,0.015,0.003,42,0
IWM191115C162,2019-11-13,2019-11-13 09:36:46,0.02,0.004,955,0.01,0.002,4411,0.02,0.004,6,0.015,0.003,42,0
IWM191115C162,2019-11-13,2019-11-13 09:36:47,0.02,0.004,770,0.01,0.002,4396,0.02,0.004,6,0.015,0.003,42,0
IWM191115C162,2019-11-13,2019-11-13 09:36:47,0.02,0.004,647,0.01,0.002,4396,0.02,0.004,6,0.015,0.003,42,0
IWM191115C162,2019-11-13,2019-11-13 09:36:48,0.02,0.004,1779,0.01,0.002,4396,0.02,0.004,6,0.015,0.003,42,0
IWM191115C162,2019-11-13,2019-11-13 09:36:48,0.02,0.004,770,0.01,0.002,4396,0.02,0.004,6,0.015,0.003,42,0
IWM191115C162,2019-11-13,2019-11-13 09:36:49,0.02,0.004,1779,0.01,0.002,4396,0.02,0.004,6,0.015,0.003,42,0
IWM191115C162,2019-11-13,2019-11-13 09:36:50,0.02,0.004,1779,0.01,0.002,4396,0.02,0.004,6,0.015,0.003,42,0
IWM191115C162,2019-11-13,2019-11-13 09:36:51,0.02,0.004,1779,0.01,0.002,4396,0.02,0.004,6,0.015,0.003,42,0
IWM191115C162,2019-11-13,2019-11-13 09:36:52,0.02,0.004,1779,0.01,0.002,4396,0.02,0.004,6,0.015,0.003,42,0
IWM191115C162,2019-11-13,2019-11-13 09:36:53,0.02,0.004,1458,0.01,0.002,3407,0.02,0.004,6,0.015,0.003,42,0
IWM191115C162,2019-11-13,2019-11-13 09:36:53,0.02,0.004,1779,0.01,0.002,4396,0.02,0.004,6,0.015,0.003,42,0
IWM191115C162,2019-11-13,2019-11-13 09:36:54,0.02,0.004,2245,0.01,0.002,4397,0.02,0.004,6,0.015,0.003,42,0
IWM191115C162,2019-11-13,2019-11-13 09:36:55,0.02,0.004,2245,0.01,0.002,4397,0.02,0.004,6,0.015,0.003,42,0
IWM191115C162,2019-11-13,2019-11-13 09:36:56,0.02,0.004,2245,0.01,0.002,4397,0.02,0.004,6,0.015,0.003,42,0
IWM191115C162,2019-11-13,2019-11-13 09:36:57,0.02,0.004,2245,0.01,0.002,4397,0.02,0.004,6,0.015,0.003,42,0
IWM191115C162,2019-11-13,2019-11-13 09:36:57,0.02,0.004,2293,0.01,0.002,4396,0.02,0.004,6,0.015,0.003,42,0
IWM191115C162,2019-11-13,2019-11-13 09:36:58,0.02,0.004,2293,0.01,0.002,4396,0.02,0.004,6,0.015,0.003,42,0
IWM191115C162,2019-11-13,2019-11-13 09:36:59,0.02,0.004,2293,0.01,0.002,4396,0.02,0.004,6,0.015,0.003,42,0
IWM191115C162,2019-11-13,2019-11-13 09:37:00,0.02,0.004,2291,0.01,0.002,4396,0.02,0.004,6,0.015,0.003,42,0
IWM191115C162,2019-11-13,2019-11-13 09:37:01,0.02,0.004,2292,0.01,0.002,4396,0.02,0.004,6,0.015,0.003,42,0
IWM191115C162,2019-11-13,2019-11-13 09:37:01,0.02,0.004,2291,0.01,0.002,3407,0.02,0.004,6,0.015,0.003,42,0
IWM191115C162,2019-11-13,2019-11-13 09:37:02,0.02,0.004,808,0.01,0.002,2506,0.02,0.004,6,0.015,0.003,42,0
IWM191115C162,2019-11-13,2019-11-13 09:37:02,0.02,0.004,2292,0.01,0.002,4396,0.02,0.004,6,0.015,0.003,42,0
IWM191115C162,2019-11-13,2019-11-13 09:37:03,0.02,0.004,2042,0.01,0.002,3266,0.02,0.004,6,0.015,0.003,42,0
IWM191115C162,2019-11-13,2019-11-13 09:37:04,0.02,0.004,2042,0.01,0.002,4077,0.02,0.004,6,0.015,0.003,42,0
IWM191115C162,2019-11-13,2019-11-13 09:37:05,0.02,0.004,2198,0.01,0.002,4122,0.02,0.004,6,0.015,0.003,42,0
IWM191115C162,2019-11-13,2019-11-13 09:37:06,0.02,0.004,2198,0.01,0.002,4122,0.02,0.004,6,0.015,0.003,42,0
IWM191115C162,2019-11-13,2019-11-13 09:37:06,0.02,0.004,2200,0.01,0.002,4129,0.02,0.004,6,0.015,0.003,42,0
IWM191115C162,2019-11-13,2019-11-13 09:37:07,0.02,0.004,2200,0.01,0.002,4129,0.02,0.004,6,0.015,0.003,42,0
IWM191115C162,2019-11-13,2019-11-13 09:37:08,0.02,0.004,2200,0.01,0.002,4129,0.02,0.004,6,0.015,0.003,42,0
IWM191115C162,2019-11-13,2019-11-13 09:37:09,0.02,0.004,2200,0.01,0.002,4129,0.02,0.004,6,0.015,0.003,42,0
IWM191115C162,2019-11-13,2019-11-13 09:37:10,0.02,0.004,2200,0.01,0.002,4129,0.02,0.004,6,0.015,0.003,42,0
IWM191115C162,2019-11-13,2019-11-13 09:37:11,0.02,0.004,2200,0.01,0.002,4129,0.02,0.004,6,0.015,0.003,42,0
IWM191115C162,2019-11-13,2019-11-13 09:37:12,0.02,0.004,2200,0.01,0.002,4129,0.02,0.004,6,0.015,0.003,42,0
IWM191115C162,2019-11-13,2019-11-13 09:37:13,0.02,0.004,2200,0.01,0.002,4129,0.02,0.004,6,0.015,0.003,42,0
IWM191115C162,2019-11-13,2019-11-13 09:37:13,0.02,0.004,1409,0.01,0.002,3150,0.02,0.004,6,0.015,0.003,42,0
IWM191115C162,2019-11-13,2019-11-13 09:37:14,0.02,0.004,2200,0.01,0.002,4122,0.02,0.004,6,0.015,0.003,42,0
IWM191115C162,2019-11-13,2019-11-13 09:37:14,0.02,0.004,1550,0.01,0.002,4122,0.02,0.004,6,0.015,0.003,42,0
IWM191115C162,2019-11-13,2019-11-13 09:37:15,0.02,0.004,1193,0.01,0.002,3169,0.02,0.004,6,0.015,0.003,42,0
IWM191115C162,2019-11-13,2019-11-13 09:37:15,0.02,0.004,1193,0.01,0.002,4142,0.02,0.004,6,0.015,0.003,42,0
IWM191115C162,2019-11-13,2019-11-13 09:37:16,0.02,0.004,1193,0.01,0.002,4142,0.02,0.004,6,0.015,0.003,42,0
IWM191115C162,2019-11-13,2019-11-13 09:37:16,0.02,0.004,779,0.01,0.002,4142,0.02,0.004,6,0.015,0.003,42,0
IWM191115C162,2019-11-13,2019-11-13 09:37:17,0.02,0.004,657,0.01,0.002,3328,0.02,0.004,6,0.015,0.003,42,0
IWM191115C162,2019-11-13,2019-11-13 09:37:17,0.02,0.004,657,0.01,0.002,3225,0.02,0.004,6,0.015,0.003,42,0
IWM191115C162,2019-11-13,2019-11-13 09:37:18,0.02,0.004,621,0.01,0.002,4144,0.02,0.004,6,0.015,0.003,42,0
IWM191115C162,2019-11-13,2019-11-13 09:37:18,0.02,0.004,856,0.01,0.002,4144,0.02,0.004,6,0.015,0.003,42,0
IWM191115C162,2019-11-13,2019-11-13 09:37:19,0.02,0.004,611,0.01,0.002,4144,0.02,0.004,6,0.015,0.003,42,0
IWM191115C162,2019-11-13,2019-11-13 09:37:19,0.02,0.004,825,0.01,0.002,4144,0.02,0.004,6,0.015,0.003,42,0
IWM191115C162,2019-11-13,2019-11-13 09:37:20,0.02,0.004,611,0.01,0.002,4144,0.02,0.004,6,0.015,0.003,42,0
IWM191115C162,2019-11-13,2019-11-13 09:37:21,0.02,0.004,582,0.01,0.002,4144,0.02,0.004,6,0.015,0.003,42,0
IWM191115C162,2019-11-13,2019-11-13 09:37:22,0.02,0.004,582,0.01,0.002,4144,0.02,0.004,6,0.015,0.003,42,0
IWM191115C162,2019-11-13,2019-11-13 09:37:23,0.02,0.004,464,0.01,0.002,4144,0.02,0.004,6,0.015,0.003,42,0
IWM191115C162,2019-11-13,2019-11-13 09:37:23,0.02,0.004,494,0.01,0.002,4144,0.02,0.004,6,0.015,0.003,42,0
IWM191115C162,2019-11-13,2019-11-13 09:37:24,0.02,0.004,580,0.01,0.002,4144,0.02,0.004,6,0.015,0.003,42,0
IWM191115C162,2019-11-13,2019-11-13 09:37:25,0.02,0.004,580,0.01,0.002,4144,0.02,0.004,6,0.015,0.003,42,0
IWM191115C162,2019-11-13,2019-11-13 09:37:25,0.02,0.004,580,0.01,0.002,4151,0.02,0.004,6,0.015,0.003,42,0
IWM191115C162,2019-11-13,2019-11-13 09:37:26,0.02,0.004,580,0.01,0.002,4151,0.02,0.004,6,0.015,0.003,42,0
IWM191115C162,2019-11-13,2019-11-13 09:37:26,0.02,0.004,957,0.01,0.002,4150,0.02,0.004,6,0.015,0.003,42,0
IWM191115C162,2019-11-13,2019-11-13 09:37:27,0.02,0.004,692,0.01,0.002,4150,0.02,0.004,6,0.015,0.003,42,0
IWM191115C162,2019-11-13,2019-11-13 09:37:27,0.02,0.004,692,0.01,0.002,3337,0.02,0.004,6,0.015,0.003,42,0
IWM191115C162,2019-11-13,2019-11-13 09:37:28,0.02,0.004,175,0.01,0.002,4162,0.02,0.004,6,0.015,0.003,42,0
IWM191115C162,2019-11-13,2019-11-13 09:37:28,0.02,0.004,410,0.01,0.002,3337,0.02,0.004,6,0.015,0.003,42,0
IWM191115C162,2019-11-13,2019-11-13 09:37:29,0.02,0.004,266,0.01,0.002,4152,0.02,0.004,6,0.015,0.003,42,0
IWM191115C162,2019-11-13,2019-11-13 09:37:30,0.02,0.004,213,0.01,0.002,4152,0.02,0.004,6,0.015,0.003,42,0
IWM191115C162,2019-11-13,2019-11-13 09:37:30,0.02,0.004,197,0.01,0.002,4152,0.02,0.004,6,0.015,0.003,42,0
IWM191115C162,2019-11-13,2019-11-13 09:37:31,0.02,0.004,471,0.01,0.002,4158,0.02,0.004,6,0.015,0.003,42,0
IWM191115C162,2019-11-13,2019-11-13 09:37:32,0.02,0.004,544,0.01,0.002,4158,0.02,0.004,6,0.015,0.003,42,0
IWM191115C162,2019-11-13,2019-11-13 09:37:33,0.02,0.004,893,0.01,0.002,4158,0.02,0.004,6,0.015,0.003,42,0
IWM191115C162,2019-11-13,2019-11-13 09:37:33,0.02,0.004,969,0.01,0.002,4133,0.02,0.004,6,0.015,0.003,42,0
IWM191115C162,2019-11-13,2019-11-13 09:37:34,0.02,0.004,933,0.01,0.002,4132,0.02,0.004,6,0.015,0.003,42,0
IWM191115C162,2019-11-13,2019-11-13 09:37:34,0.02,0.004,969,0.01,0.002,4133,0.02,0.004,6,0.015,0.003,42,0
IWM191115C162,2019-11-13,2019-11-13 09:37:35,0.02,0.004,1045,0.01,0.002,4132,0.02,0.004,6,0.015,0.003,42,0
IWM191115C162,2019-11-13,2019-11-13 09:37:36,0.02,0.004,1045,0.01,0.002,4132,0.02,0.004,6,0.015,0.003,42,0
IWM191115C162,2019-11-13,2019-11-13 09:37:37,0.02,0.004,559,0.01,0.002,3153,0.02,0.004,6,0.015,0.003,42,0
IWM191115C162,2019-11-13,2019-11-13 09:37:37,0.02,0.004,1045,0.01,0.002,4132,0.02,0.004,6,0.015,0.003,42,0
IWM191115C162,2019-11-13,2019-11-13 09:37:38,0.02,0.004,1609,0.01,0.002,4126,0.02,0.004,6,0.015,0.003,42,0
IWM191115C162,2019-11-13,2019-11-13 09:37:39,0.02,0.004,1609,0.01,0.002,4126,0.02,0.004,6,0.015,0.003,42,0
IWM191115C162,2019-11-13,2019-11-13 09:37:39,0.02,0.004,1265,0.01,0.002,4126,0.02,0.004,6,0.015,0.003,42,0
IWM191115C162,2019-11-13,2019-11-13 09:37:40,0.02,0.004,1265,0.01,0.002,4126,0.02,0.004,6,0.015,0.003,42,0
IWM191115C162,2019-11-13,2019-11-13 09:37:41,0.02,0.004,1265,0.01,0.002,4126,0.02,0.004,6,0.015,0.003,42,0
IWM191115C162,2019-11-13,2019-11-13 09:37:42,0.02,0.004,1165,0.01,0.002,4126,0.02,0.004,6,0.015,0.003,42,0
IWM191115C162,2019-11-13,2019-11-13 09:37:43,0.02,0.004,1165,0.01,0.002,4126,0.02,0.004,6,0.015,0.003,42,0
IWM191115C162,2019-11-13,2019-11-13 09:37:44,0.02,0.004,1165,0.01,0.002,4441,0.02,0.004,6,0.015,0.003,42,0
IWM191115C162,2019-11-13,2019-11-13 09:37:44,0.02,0.004,1165,0.01,0.002,4126,0.02,0.004,6,0.015,0.003,42,0
IWM191115C162,2019-11-13,2019-11-13 09:37:45,0.02,0.004,1091,0.01,0.002,4441,0.02,0.004,6,0.015,0.003,42,0
IWM191115C162,2019-11-13,2019-11-13 09:37:45,0.02,0.004,928,0.01,0.002,4441,0.02,0.004,6,0.015,0.003,42,0
IWM191115C162,2019-11-13,2019-11-13 09:37:46,0.02,0.004,1091,0.01,0.002,3468,0.02,0.004,6,0.015,0.003,42,0
IWM191115C162,2019-11-13,2019-11-13 09:37:46,0.02,0.004,1091,0.01,0.002,4461,0.02,0.004,6,0.015,0.003,42,0
IWM191115C162,2019-11-13,2019-11-13 09:37:47,0.02,0.004,1091,0.01,0.002,3468,0.02,0.004,6,0.015,0.003,42,0
IWM191115C162,2019-11-13,2019-11-13 09:37:48,0.02,0.004,1091,0.01,0.002,4461,0.02,0.004,6,0.015,0.003,42,0
IWM191115C162,2019-11-13,2019-11-13 09:37:49,0.02,0.004,1404,0.01,0.002,3134,0.02,0.004,6,0.015,0.003,42,0
IWM191115C162,2019-11-13,2019-11-13 09:37:49,0.02,0.004,1474,0.01,0.002,3134,0.02,0.004,6,0.015,0.003,42,0
IWM191115C162,2019-11-13,2019-11-13 09:37:50,0.02,0.004,2190,0.01,0.002,4109,0.02,0.004,6,0.015,0.003,42,0
IWM191115C162,2019-11-13,2019-11-13 09:37:50,0.02,0.004,2260,0.01,0.002,4109,0.02,0.004,6,0.015,0.003,42,0
IWM191115C162,2019-11-13,2019-11-13 09:37:51,0.02,0.004,2260,0.01,0.002,4325,0.02,0.004,6,0.015,0.003,42,0
IWM191115C162,2019-11-13,2019-11-13 09:37:51,0.02,0.004,2260,0.01,0.002,4109,0.02,0.004,6,0.015,0.003,42,0
IWM191115C162,2019-11-13,2019-11-13 09:37:52,0.02,0.004,2209,0.01,0.002,4334,0.02,0.004,6,0.015,0.003,42,0
IWM191115C162,2019-11-13,2019-11-13 09:37:53,0.02,0.004,2209,0.01,0.002,4334,0.02,0.004,6,0.015,0.003,42,0
IWM191115C162,2019-11-13,2019-11-13 09:37:53,0.02,0.004,1083,0.01,0.002,3350,0.02,0.004,6,0.015,0.003,42,0
IWM191115C162,2019-11-13,2019-11-13 09:37:54,0.02,0.004,2209,0.01,0.002,4328,0.02,0.004,6,0.015,0.003,42,0
IWM191115C162,2019-11-13,2019-11-13 09:37:55,0.02,0.004,2209,0.01,0.002,4328,0.02,0.004,6,0.015,0.003,42,0
IWM191115C162,2019-11-13,2019-11-13 09:37:55,0.02,0.004,2206,0.01,0.002,4328,0.02,0.004,6,0.015,0.003,42,0
IWM191115C162,2019-11-13,2019-11-13 09:37:56,0.02,0.004,1474,0.01,0.002,3350,0.02,0.004,6,0.015,0.003,42,0
IWM191115C162,2019-11-13,2019-11-13 09:37:56,0.02,0.004,2206,0.01,0.002,4328,0.02,0.004,6,0.015,0.003,42,0
IWM191115C162,2019-11-13,2019-11-13 09:37:57,0.02,0.004,2268,0.01,0.002,4328,0.02,0.004,6,0.015,0.003,42,0
IWM191115C162,2019-11-13,2019-11-13 09:37:58,0.02,0.004,2129,0.01,0.002,4328,0.02,0.004,6,0.015,0.003,42,0
IWM191115C162,2019-11-13,2019-11-13 09:37:58,0.02,0.004,2268,0.01,0.002,4328,0.02,0.004,6,0.015,0.003,42,0
IWM191115C162,2019-11-13,2019-11-13 09:37:59,0.02,0.004,2129,0.01,0.002,4328,0.02,0.004,6,0.015,0.003,42,0
IWM191115C162,2019-11-13,2019-11-13 09:38:00,0.02,0.004,2219,0.01,0.002,4328,0.02,0.004,6,0.015,0.003,42,0
IWM191115C162,2019-11-13,2019-11-13 09:38:01,0.02,0.004,2219,0.01,0.002,4328,0.02,0.004,6,0.015,0.003,42,0
IWM191115C162,2019-11-13,2019-11-13 09:38:02,0.02,0.004,2219,0.01,0.002,4328,0.02,0.004,6,0.015,0.003,42,0
IWM191115C162,2019-11-13,2019-11-13 09:38:03,0.02,0.004,1939,0.01,0.002,4277,0.02,0.004,6,0.015,0.003,42,0
IWM191115C162,2019-11-13,2019-11-13 09:38:03,0.02,0.004,1173,0.01,0.002,3350,0.02,0.004,6,0.015,0.003,42,0
IWM191115C162,2019-11-13,2019-11-13 09:38:04,0.02,0.004,2330,0.01,0.002,4277,0.02,0.004,6,0.015,0.003,42,0
IWM191115C162,2019-11-13,2019-11-13 09:38:04,0.02,0.004,1564,0.01,0.002,3299,0.02,0.004,6,0.015,0.003,42,0
IWM191115C162,2019-11-13,2019-11-13 09:38:05,0.02,0.004,2413,0.01,0.002,4274,0.02,0.004,6,0.015,0.003,42,0
IWM191115C162,2019-11-13,2019-11-13 09:38:05,0.02,0.004,2652,0.01,0.002,4274,0.02,0.004,6,0.015,0.003,42,0
IWM191115C162,2019-11-13,2019-11-13 09:38:06,0.02,0.004,2503,0.01,0.002,4274,0.02,0.004,6,0.015,0.003,42,0
IWM191115C162,2019-11-13,2019-11-13 09:38:06,0.02,0.004,2413,0.01,0.002,4274,0.02,0.004,6,0.015,0.003,42,0
IWM191115C162,2019-11-13,2019-11-13 09:38:07,0.02,0.004,1654,0.01,0.002,3299,0.02,0.004,6,0.015,0.003,42,0
IWM191115C162,2019-11-13,2019-11-13 09:38:07,0.02,0.004,2512,0.01,0.002,4274,0.02,0.004,6,0.015,0.003,42,0
IWM191115C162,2019-11-13,2019-11-13 09:38:08,0.02,0.004,2512,0.01,0.002,4274,0.02,0.004,6,0.015,0.003,42,0
IWM191115C162,2019-11-13,2019-11-13 09:38:09,0.02,0.004,2512,0.01,0.002,4274,0.02,0.004,6,0.015,0.003,42,0
IWM191115C162,2019-11-13,2019-11-13 09:38:10,0.02,0.004,2366,0.01,0.002,4048,0.02,0.004,6,0.015,0.003,42,0
IWM191115C162,2019-11-13,2019-11-13 09:38:10,0.02,0.004,2512,0.01,0.002,4274,0.02,0.004,6,0.015,0.003,42,0
IWM191115C162,2019-11-13,2019-11-13 09:38:11,0.02,0.004,2445,0.01,0.002,4048,0.02,0.004,6,0.015,0.003,42,0
IWM191115C162,2019-11-13,2019-11-13 09:38:12,0.02,0.004,2500,0.01,0.002,4047,0.02,0.004,6,0.015,0.003,42,0
IWM191115C162,2019-11-13,2019-11-13 09:38:13,0.02,0.004,2500,0.01,0.002,4047,0.02,0.004,6,0.015,0.003,42,0
IWM191115C162,2019-11-13,2019-11-13 09:38:14,0.02,0.004,2500,0.01,0.002,4258,0.02,0.004,6,0.015,0.003,42,0
IWM191115C162,2019-11-13,2019-11-13 09:38:14,0.02,0.004,2590,0.01,0.002,4258,0.02,0.004,6,0.015,0.003,42,0
IWM191115C162,2019-11-13,2019-11-13 09:38:15,0.02,0.004,2590,0.01,0.002,4258,0.02,0.004,6,0.015,0.003,42,0
IWM191115C162,2019-11-13,2019-11-13 09:38:16,0.02,0.004,2500,0.01,0.002,4258,0.02,0.004,6,0.015,0.003,42,0
IWM191115C162,2019-11-13,2019-11-13 09:38:17,0.02,0.004,2500,0.01,0.002,4258,0.02,0.004,6,0.015,0.003,42,0
IWM191115C162,2019-11-13,2019-11-13 09:38:18,0.02,0.004,2502,0.01,0.002,4258,0.02,0.004,6,0.015,0.003,42,0
IWM191115C162,2019-11-13,2019-11-13 09:38:18,0.02,0.004,2500,0.01,0.002,4258,0.02,0.004,6,0.015,0.003,42,0
IWM191115C162,2019-11-13,2019-11-13 09:38:19,0.02,0.004,2502,0.01,0.002,4258,0.02,0.004,6,0.015,0.003,42,0
IWM191115C162,2019-11-13,2019-11-13 09:38:20,0.02,0.004,2502,0.01,0.002,4258,0.02,0.004,6,0.015,0.003,42,0
IWM191115C162,2019-11-13,2019-11-13 09:38:21,0.02,0.004,2500,0.01,0.002,4262,0.02,0.004,6,0.015,0.003,42,0
IWM191115C162,2019-11-13,2019-11-13 09:38:21,0.02,0.004,1643,0.01,0.002,3284,0.02,0.004,6,0.015,0.003,42,0
IWM191115C162,2019-11-13,2019-11-13 09:38:22,0.02,0.004,2500,0.01,0.002,4262,0.02,0.004,6,0.015,0.003,42,0
IWM191115C162,2019-11-13,2019-11-13 09:38:25,0.02,0.004,2401,0.01,0.002,4258,0.02,0.004,6,0.015,0.003,42,0
IWM191115C162,2019-11-13,2019-11-13 09:38:25,0.02,0.004,2401,0.01,0.002,4262,0.02,0.004,6,0.015,0.003,42,0
IWM191115C162,2019-11-13,2019-11-13 09:38:26,0.02,0.004,2401,0.01,0.002,4258,0.02,0.004,6,0.015,0.003,42,0
IWM191115C162,2019-11-13,2019-11-13 09:38:27,0.02,0.004,2412,0.01,0.002,4261,0.02,0.004,6,0.015,0.003,42,0
IWM191115C162,2019-11-13,2019-11-13 09:38:28,0.02,0.004,2412,0.01,0.002,4261,0.02,0.004,6,0.015,0.003,42,0
IWM191115C162,2019-11-13,2019-11-13 09:38:29,0.02,0.004,2412,0.01,0.002,4261,0.02,0.004,6,0.015,0.003,42,0
IWM191115C162,2019-11-13,2019-11-13 09:38:30,0.02,0.004,2412,0.01,0.002,4261,0.02,0.004,6,0.015,0.003,42,0
IWM191115C162,2019-11-13,2019-11-13 09:38:31,0.02,0.004,2502,0.01,0.002,4261,0.02,0.004,6,0.015,0.003,42,0
IWM191115C162,2019-11-13,2019-11-13 09:38:32,0.02,0.004,2502,0.01,0.002,4268,0.02,0.004,6,0.015,0.003,42,0
IWM191115C162,2019-11-13,2019-11-13 09:38:33,0.02,0.004,2502,0.01,0.002,4268,0.02,0.004,6,0.015,0.003,42,0
IWM191115C162,2019-11-13,2019-11-13 09:38:34,0.02,0.004,2502,0.01,0.002,4268,0.02,0.004,6,0.015,0.003,42,0
IWM191115C162,2019-11-13,2019-11-13 09:38:35,0.02,0.004,2502,0.01,0.002,4268,0.02,0.004,6,0.015,0.003,42,0
IWM191115C162,2019-11-13,2019-11-13 09:38:36,0.02,0.004,2724,0.01,0.002,4268,0.02,0.004,6,0.015,0.003,42,0
IWM191115C162,2019-11-13,2019-11-13 09:38:37,0.02,0.004,2724,0.01,0.002,4268,0.02,0.004,6,0.015,0.003,42,0
IWM191115C162,2019-11-13,2019-11-13 09:38:38,0.02,0.004,2724,0.01,0.002,4268,0.02,0.004,6,0.015,0.003,42,0
IWM191115C162,2019-11-13,2019-11-13 09:38:39,0.02,0.004,2724,0.01,0.002,4268,0.02,0.004,6,0.015,0.003,42,0
IWM191115C162,2019-11-13,2019-11-13 09:38:39,0.02,0.004,2843,0.01,0.002,4067,0.02,0.004,6,0.015,0.003,42,0
IWM191115C162,2019-11-13,2019-11-13 09:38:40,0.02,0.004,2843,0.01,0.002,4067,0.02,0.004,6,0.015,0.003,42,0
IWM191115C162,2019-11-13,2019-11-13 09:38:40,0.02,0.004,2818,0.01,0.002,4011,0.02,0.004,6,0.015,0.003,42,0
IWM191115C162,2019-11-13,2019-11-13 09:38:41,0.02,0.004,2815,0.01,0.002,3992,0.01,0.002,3,0.015,0.003,45,3
IWM191115C162,2019-11-13,2019-11-13 09:38:41,0.02,0.004,2995,0.01,0.002,3992,0.01,0.002,3,0.015,0.003,45,0
IWM191115C162,2019-11-13,2019-11-13 09:38:42,0.02,0.004,2995,0.01,0.002,3992,0.01,0.002,3,0.015,0.003,45,0
IWM191115C162,2019-11-13,2019-11-13 09:38:43,0.02,0.004,2995,0.01,0.002,3992,0.01,0.002,3,0.015,0.003,45,0
IWM191115C162,2019-11-13,2019-11-13 09:38:44,0.02,0.004,2995,0.01,0.002,3992,0.01,0.002,3,0.015,0.003,45,0
IWM191115C162,2019-11-13,2019-11-13 09:38:45,0.02,0.004,2995,0.01,0.002,3992,0.01,0.002,3,0.015,0.003,45,0
IWM191115C162,2019-11-13,2019-11-13 09:38:46,0.02,0.004,2995,0.01,0.002,3992,0.01,0.002,3,0.015,0.003,45,0
IWM191115C162,2019-11-13,2019-11-13 09:38:47,0.02,0.004,2995,0.01,0.002,3992,0.01,0.002,3,0.015,0.003,45,0
IWM191115C162,2019-11-13,2019-11-13 09:38:48,0.02,0.004,2995,0.01,0.002,3992,0.01,0.002,3,0.015,0.003,45,0
IWM191115C162,2019-11-13,2019-11-13 09:38:49,0.02,0.004,2905,0.01,0.002,3992,0.01,0.002,3,0.015,0.003,45,0
IWM191115C162,2019-11-13,2019-11-13 09:38:49,0.02,0.004,2995,0.01,0.002,3992,0.01,0.002,3,0.015,0.003,45,0
IWM191115C162,2019-11-13,2019-11-13 09:38:50,0.02,0.004,2905,0.01,0.002,3992,0.01,0.002,3,0.015,0.003,45,0
IWM191115C162,2019-11-13,2019-11-13 09:38:51,0.02,0.004,2905,0.01,0.002,3992,0.01,0.002,3,0.015,0.003,45,0
IWM191115C162,2019-11-13,2019-11-13 09:38:52,0.02,0.004,2995,0.01,0.002,3992,0.01,0.002,3,0.015,0.003,45,0
IWM191115C162,2019-11-13,2019-11-13 09:38:53,0.02,0.004,2995,0.01,0.002,3992,0.01,0.002,3,0.015,0.003,45,0
IWM191115C162,2019-11-13,2019-11-13 09:38:54,0.02,0.004,2995,0.01,0.002,3992,0.01,0.002,3,0.015,0.003,45,0
IWM191115C162,2019-11-13,2019-11-13 09:38:55,0.02,0.004,2995,0.01,0.002,3992,0.01,0.002,3,0.015,0.003,45,0
IWM191115C162,2019-11-13,2019-11-13 09:38:56,0.02,0.004,2110,0.01,0.002,3027,0.01,0.002,3,0.015,0.003,45,0
IWM191115C162,2019-11-13,2019-11-13 09:38:56,0.02,0.004,2995,0.01,0.002,3992,0.01,0.002,3,0.015,0.003,45,0
IWM191115C162,2019-11-13,2019-11-13 09:38:57,0.02,0.004,2913,0.01,0.002,3993,0.01,0.002,3,0.015,0.003,45,0
IWM191115C162,2019-11-13,2019-11-13 09:38:58,0.02,0.004,3011,0.01,0.002,3993,0.01,0.002,3,0.015,0.003,45,0
IWM191115C162,2019-11-13,2019-11-13 09:38:58,0.02,0.004,2085,0.01,0.002,3027,0.01,0.002,3,0.015,0.003,45,0
IWM191115C162,2019-11-13,2019-11-13 09:38:59,0.02,0.004,2110,0.01,0.002,3027,0.01,0.002,3,0.015,0.003,45,0
IWM191115C162,2019-11-13,2019-11-13 09:38:59,0.02,0.004,3011,0.01,0.002,3993,0.01,0.002,3,0.015,0.003,45,0
IWM191115C162,2019-11-13,2019-11-13 09:39:00,0.02,0.004,2160,0.01,0.002,3027,0.01,0.002,3,0.015,0.003,45,0
IWM191115C162,2019-11-13,2019-11-13 09:39:00,0.02,0.004,2156,0.01,0.002,3027,0.01,0.002,3,0.015,0.003,45,0
IWM191115C162,2019-11-13,2019-11-13 09:39:01,0.02,0.004,3108,0.01,0.002,3992,0.01,0.002,3,0.015,0.003,45,0
IWM191115C162,2019-11-13,2019-11-13 09:39:02,0.02,0.004,3174,0.01,0.002,3993,0.01,0.002,3,0.015,0.003,45,0
IWM191115C162,2019-11-13,2019-11-13 09:39:02,0.02,0.004,3108,0.01,0.002,3992,0.01,0.002,3,0.015,0.003,45,0
IWM191115C162,2019-11-13,2019-11-13 09:39:03,0.02,0.004,3174,0.01,0.002,3993,0.01,0.002,3,0.015,0.003,45,0
IWM191115C162,2019-11-13,2019-11-13 09:39:04,0.02,0.004,3174,0.01,0.002,3993,0.01,0.002,3,0.015,0.003,45,0
IWM191115C162,2019-11-13,2019-11-13 09:39:05,0.02,0.004,3082,0.01,0.002,3992,0.01,0.002,3,0.015,0.003,45,0
IWM191115C162,2019-11-13,2019-11-13 09:39:05,0.02,0.004,3084,0.01,0.002,3993,0.01,0.002,3,0.015,0.003,45,0
IWM191115C162,2019-11-13,2019-11-13 09:39:06,0.02,0.004,2176,0.01,0.002,3027,0.01,0.002,3,0.015,0.003,45,0
IWM191115C162,2019-11-13,2019-11-13 09:39:07,0.02,0.004,3082,0.01,0.002,3993,0.01,0.002,3,0.015,0.003,45,0
IWM191115C162,2019-11-13,2019-11-13 09:39:08,0.02,0.004,3082,0.01,0.002,3993,0.01,0.002,3,0.015,0.003,45,0
IWM191115C162,2019-11-13,2019-11-13 09:39:09,0.02,0.004,3082,0.01,0.002,3992,0.01,0.002,3,0.015,0.003,45,0
IWM191115C162,2019-11-13,2019-11-13 09:39:10,0.02,0.004,3082,0.01,0.002,3992,0.01,0.002,3,0.015,0.003,45,0
IWM191115C162,2019-11-13,2019-11-13 09:39:11,0.02,0.004,2176,0.01,0.002,3027,0.01,0.002,3,0.015,0.003,45,0
IWM191115C162,2019-11-13,2019-11-13 09:39:11,0.02,0.004,3083,0.01,0.002,3993,0.01,0.002,3,0.015,0.003,45,0
IWM191115C162,2019-11-13,2019-11-13 09:39:12,0.02,0.004,3083,0.01,0.002,3993,0.01,0.002,3,0.015,0.003,45,0
IWM191115C162,2019-11-13,2019-11-13 09:39:12,0.02,0.004,3082,0.01,0.002,3993,0.01,0.002,3,0.015,0.003,45,0
IWM191115C162,2019-11-13,2019-11-13 09:39:13,0.02,0.004,3082,0.01,0.002,3993,0.01,0.002,3,0.015,0.003,45,0
IWM191115C162,2019-11-13,2019-11-13 09:39:14,0.02,0.004,3082,0.01,0.002,3993,0.01,0.002,3,0.015,0.003,45,0
IWM191115C162,2019-11-13,2019-11-13 09:39:15,0.02,0.004,3082,0.01,0.002,3993,0.01,0.002,3,0.015,0.003,45,0
IWM191115C162,2019-11-13,2019-11-13 09:39:15,0.02,0.004,3173,0.01,0.002,3992,0.01,0.002,3,0.015,0.003,45,0
IWM191115C162,2019-11-13,2019-11-13 09:39:16,0.02,0.004,3083,0.01,0.002,3992,0.01,0.002,3,0.015,0.003,45,0
IWM191115C162,2019-11-13,2019-11-13 09:39:16,0.02,0.004,3064,0.01,0.002,3992,0.01,0.002,3,0.015,0.003,45,0
IWM191115C162,2019-11-13,2019-11-13 09:39:17,0.02,0.004,3154,0.01,0.002,3992,0.01,0.002,3,0.015,0.003,45,0
IWM191115C162,2019-11-13,2019-11-13 09:39:18,0.02,0.004,2150,0.01,0.002,3992,0.01,0.002,3,0.015,0.003,45,0
IWM191115C162,2019-11-13,2019-11-13 09:39:18,0.02,0.004,2831,0.01,0.002,3992,0.01,0.002,3,0.015,0.003,45,0
IWM191115C162,2019-11-13,2019-11-13 09:39:19,0.02,0.004,2831,0.01,0.002,3992,0.01,0.002,3,0.015,0.003,45,0
IWM191115C162,2019-11-13,2019-11-13 09:39:20,0.02,0.004,3338,0.01,0.002,4260,0.01,0.002,3,0.015,0.003,45,0
IWM191115C162,2019-11-13,2019-11-13 09:39:21,0.02,0.004,3338,0.01,0.002,4260,0.01,0.002,3,0.015,0.003,45,0
IWM191115C162,2019-11-13,2019-11-13 09:39:22,0.02,0.004,3338,0.01,0.002,4260,0.01,0.002,3,0.015,0.003,45,0
IWM191115C162,2019-11-13,2019-11-13 09:39:23,0.02,0.004,3338,0.01,0.002,4260,0.01,0.002,3,0.015,0.003,45,0
IWM191115C162,2019-11-13,2019-11-13 09:39:24,0.02,0.004,3338,0.01,0.002,4260,0.01,0.002,3,0.015,0.003,45,0
IWM191115C162,2019-11-13,2019-11-13 09:39:25,0.02,0.004,3338,0.01,0.002,4260,0.01,0.002,3,0.015,0.003,45,0
IWM191115C162,2019-11-13,2019-11-13 09:39:26,0.02,0.004,3338,0.01,0.002,4260,0.01,0.002,3,0.015,0.003,45,0
IWM191115C162,2019-11-13,2019-11-13 09:39:27,0.02,0.004,2485,0.01,0.002,2971,0.01,0.002,3,0.015,0.003,45,0
IWM191115C162,2019-11-13,2019-11-13 09:39:27,0.02,0.004,2485,0.01,0.002,3295,0.01,0.002,3,0.015,0.003,45,0
IWM191115C162,2019-11-13,2019-11-13 09:39:28,0.02,0.004,3559,0.01,0.002,3937,0.01,0.002,3,0.015,0.003,45,0
IWM191115C162,2019-11-13,2019-11-13 09:39:29,0.02,0.004,3559,0.01,0.002,3937,0.01,0.002,3,0.015,0.003,45,0
IWM191115C162,2019-11-13,2019-11-13 09:39:30,0.02,0.004,3559,0.01,0.002,3937,0.01,0.002,3,0.015,0.003,45,0
IWM191115C162,2019-11-13,2019-11-13 09:39:31,0.02,0.004,3559,0.01,0.002,3937,0.01,0.002,3,0.015,0.003,45,0
IWM191115C162,2019-11-13,2019-11-13 09:39:32,0.02,0.004,3559,0.01,0.002,3912,0.01,0.002,3,0.015,0.003,45,0
IWM191115C162,2019-11-13,2019-11-13 09:39:33,0.02,0.004,3250,0.01,0.002,3595,0.01,0.002,3,0.015,0.003,45,0
IWM191115C162,2019-11-13,2019-11-13 09:39:33,0.02,0.004,3550,0.01,0.002,3895,0.01,0.002,3,0.015,0.003,45,0
IWM191115C162,2019-11-13,2019-11-13 09:39:34,0.02,0.004,3550,0.01,0.002,3895,0.01,0.002,3,0.015,0.003,45,0
IWM191115C162,2019-11-13,2019-11-13 09:39:35,0.02,0.004,3250,0.01,0.002,3595,0.01,0.002,3,0.015,0.003,45,0
IWM191115C162,2019-11-13,2019-11-13 09:39:35,0.02,0.004,3550,0.01,0.002,3895,0.01,0.002,3,0.015,0.003,45,0
IWM191115C162,2019-11-13,2019-11-13 09:39:36,0.02,0.004,3550,0.01,0.002,3895,0.01,0.002,3,0.015,0.003,45,0
IWM191115C162,2019-11-13,2019-11-13 09:39:37,0.02,0.004,3594,0.01,0.002,3911,0.01,0.002,3,0.015,0.003,45,0
IWM191115C162,2019-11-13,2019-11-13 09:39:38,0.02,0.004,3594,0.01,0.002,3911,0.01,0.002,3,0.015,0.003,45,0
IWM191115C162,2019-11-13,2019-11-13 09:39:39,0.02,0.004,3594,0.01,0.002,3911,0.01,0.002,3,0.015,0.003,45,0
IWM191115C162,2019-11-13,2019-11-13 09:39:39,0.02,0.004,3279,0.01,0.002,3904,0.01,0.002,3,0.015,0.003,45,0
IWM191115C162,2019-11-13,2019-11-13 09:39:40,0.02,0.004,3272,0.01,0.002,3899,0.01,0.002,3,0.015,0.003,45,0
IWM191115C162,2019-11-13,2019-11-13 09:39:41,0.02,0.004,3572,0.01,0.002,4199,0.01,0.002,3,0.015,0.003,45,0
IWM191115C162,2019-11-13,2019-11-13 09:39:42,0.02,0.004,3230,0.01,0.002,4199,0.01,0.002,3,0.015,0.003,45,0
IWM191115C162,2019-11-13,2019-11-13 09:39:42,0.02,0.004,2949,0.01,0.002,3899,0.01,0.002,3,0.015,0.003,45,0
IWM191115C162,2019-11-13,2019-11-13 09:39:43,0.02,0.004,3230,0.01,0.002,4199,0.01,0.002,3,0.015,0.003,45,0
IWM191115C162,2019-11-13,2019-11-13 09:39:43,0.02,0.004,3588,0.01,0.002,4214,0.01,0.002,3,0.015,0.003,45,0
IWM191115C162,2019-11-13,2019-11-13 09:39:44,0.02,0.004,3588,0.01,0.002,4214,0.01,0.002,3,0.015,0.003,45,0
IWM191115C162,2019-11-13,2019-11-13 09:39:45,0.02,0.004,3588,0.01,0.002,4214,0.01,0.002,3,0.015,0.003,45,0
IWM191115C162,2019-11-13,2019-11-13 09:39:46,0.02,0.004,3588,0.01,0.002,4214,0.01,0.002,3,0.015,0.003,45,0
IWM191115C162,2019-11-13,2019-11-13 09:39:47,0.02,0.004,3588,0.01,0.002,4214,0.01,0.002,3,0.015,0.003,45,0
IWM191115C162,2019-11-13,2019-11-13 09:39:48,0.02,0.004,3588,0.01,0.002,4214,0.01,0.002,3,0.015,0.003,45,0
IWM191115C162,2019-11-13,2019-11-13 09:39:49,0.02,0.004,3588,0.01,0.002,4214,0.01,0.002,3,0.015,0.003,45,0
IWM191115C162,2019-11-13,2019-11-13 09:39:50,0.02,0.004,3588,0.01,0.002,4214,0.01,0.002,3,0.015,0.003,45,0
IWM191115C162,2019-11-13,2019-11-13 09:39:51,0.02,0.004,3588,0.01,0.002,4214,0.01,0.002,3,0.015,0.003,45,0
IWM191115C162,2019-11-13,2019-11-13 09:39:52,0.02,0.004,3588,0.01,0.002,4214,0.01,0.002,3,0.015,0.003,45,0
IWM191115C162,2019-11-13,2019-11-13 09:39:53,0.02,0.004,3588,0.01,0.002,4214,0.01,0.002,3,0.015,0.003,45,0
IWM191115C162,2019-11-13,2019-11-13 09:39:54,0.02,0.004,3588,0.01,0.002,4214,0.01,0.002,3,0.015,0.003,45,0
IWM191115C162,2019-11-13,2019-11-13 09:39:55,0.02,0.004,3230,0.01,0.002,3693,0.01,0.002,3,0.015,0.003,45,0
IWM191115C162,2019-11-13,2019-11-13 09:39:55,0.02,0.004,2930,0.01,0.002,3393,0.01,0.002,3,0.015,0.003,45,0
IWM191115C162,2019-11-13,2019-11-13 09:39:56,0.02,0.004,3230,0.01,0.002,4190,0.01,0.002,3,0.015,0.003,45,0
IWM191115C162,2019-11-13,2019-11-13 09:39:56,0.02,0.004,3491,0.01,0.002,4190,0.01,0.002,3,0.015,0.003,45,0
IWM191115C162,2019-11-13,2019-11-13 09:39:57,0.02,0.004,3491,0.01,0.002,4190,0.01,0.002,3,0.015,0.003,45,0
IWM191115C162,2019-11-13,2019-11-13 09:39:58,0.02,0.004,3491,0.01,0.002,4190,0.01,0.002,3,0.015,0.003,45,0
IWM191115C162,2019-11-13,2019-11-13 09:39:59,0.02,0.004,3522,0.01,0.002,4227,0.01,0.002,3,0.015,0.003,45,0
IWM191115C162,2019-11-13,2019-11-13 09:40:00,0.02,0.004,3522,0.01,0.002,4227,0.01,0.002,3,0.015,0.003,45,0
IWM191115C162,2019-11-13,2019-11-13 09:40:01,0.02,0.004,3206,0.01,0.002,3912,0.01,0.002,3,0.015,0.003,45,0
IWM191115C162,2019-11-13,2019-11-13 09:40:01,0.02,0.004,3522,0.01,0.002,4227,0.01,0.002,3,0.015,0.003,45,0
IWM191115C162,2019-11-13,2019-11-13 09:40:02,0.02,0.004,3506,0.01,0.002,4212,0.01,0.002,3,0.015,0.003,45,0
IWM191115C162,2019-11-13,2019-11-13 09:40:03,0.02,0.004,3506,0.01,0.002,4212,0.01,0.002,3,0.015,0.003,45,0
IWM191115C162,2019-11-13,2019-11-13 09:40:04,0.02,0.004,3506,0.01,0.002,4212,0.01,0.002,3,0.015,0.003,45,0
IWM191115C162,2019-11-13,2019-11-13 09:40:05,0.02,0.004,3506,0.01,0.002,4212,0.01,0.002,3,0.015,0.003,45,0
IWM191115C162,2019-11-13,2019-11-13 09:40:06,0.02,0.004,3506,0.01,0.002,4212,0.01,0.002,3,0.015,0.003,45,0
IWM191115C162,2019-11-13,2019-11-13 09:40:06,0.02,0.004,3209,0.01,0.002,3390,0.01,0.002,3,0.015,0.003,45,0
IWM191115C162,2019-11-13,2019-11-13 09:40:07,0.02,0.004,3509,0.01,0.002,4159,0.01,0.002,3,0.015,0.003,45,0
IWM191115C162,2019-11-13,2019-11-13 09:40:07,0.02,0.004,3209,0.01,0.002,3390,0.01,0.002,3,0.015,0.003,45,0
IWM191115C162,2019-11-13,2019-11-13 09:40:08,0.02,0.004,3509,0.01,0.002,4159,0.01,0.002,3,0.015,0.003,45,0
IWM191115C162,2019-11-13,2019-11-13 09:40:09,0.02,0.004,3508,0.01,0.002,4186,0.01,0.002,3,0.015,0.003,45,0
IWM191115C162,2019-11-13,2019-11-13 09:40:09,0.02,0.004,3208,0.01,0.002,3886,0.01,0.002,3,0.015,0.003,45,0
IWM191115C162,2019-11-13,2019-11-13 09:40:10,0.02,0.004,3209,0.01,0.002,3885,0.01,0.002,3,0.015,0.003,45,0
IWM191115C162,2019-11-13,2019-11-13 09:40:10,0.02,0.004,2261,0.01,0.002,2921,0.01,0.002,3,0.015,0.003,45,0
IWM191115C162,2019-11-13,2019-11-13 09:40:11,0.02,0.004,3509,0.01,0.002,4185,0.01,0.002,3,0.015,0.003,45,0
IWM191115C162,2019-11-13,2019-11-13 09:40:11,0.02,0.004,3208,0.01,0.002,3886,0.01,0.002,3,0.015,0.003,45,0
IWM191115C162,2019-11-13,2019-11-13 09:40:12,0.02,0.004,3508,0.01,0.002,4186,0.01,0.002,3,0.015,0.003,45,0
IWM191115C162,2019-11-13,2019-11-13 09:40:13,0.02,0.004,3508,0.01,0.002,4186,0.01,0.002,3,0.015,0.003,45,0
IWM191115C162,2019-11-13,2019-11-13 09:40:14,0.02,0.004,2927,0.01,0.002,3885,0.01,0.002,3,0.015,0.003,45,0
IWM191115C162,2019-11-13,2019-11-13 09:40:15,0.02,0.004,3246,0.01,0.002,4200,0.01,0.002,3,0.015,0.003,45,0
IWM191115C162,2019-11-13,2019-11-13 09:40:16,0.02,0.004,3510,0.01,0.002,4200,0.01,0.002,3,0.015,0.003,45,0
IWM191115C162,2019-11-13,2019-11-13 09:40:16,0.02,0.004,3246,0.01,0.002,4200,0.01,0.002,3,0.015,0.003,45,0
IWM191115C162,2019-11-13,2019-11-13 09:40:17,0.02,0.004,3510,0.01,0.002,4200,0.01,0.002,3,0.015,0.003,45,0
IWM191115C162,2019-11-13,2019-11-13 09:40:18,0.02,0.004,3500,0.01,0.002,4200,0.01,0.002,3,0.015,0.003,45,0
IWM191115C162,2019-11-13,2019-11-13 09:40:19,0.02,0.004,3660,0.01,0.002,4360,0.01,0.002,3,0.015,0.003,45,0
IWM191115C162,2019-11-13,2019-11-13 09:40:19,0.02,0.004,3500,0.01,0.002,4200,0.01,0.002,3,0.015,0.003,45,0
IWM191115C162,2019-11-13,2019-11-13 09:40:20,0.02,0.004,3660,0.01,0.002,4360,0.01,0.002,3,0.015,0.003,45,0
IWM191115C162,2019-11-13,2019-11-13 09:40:21,0.02,0.004,3677,0.01,0.002,4353,0.01,0.002,3,0.015,0.003,45,0
IWM191115C162,2019-11-13,2019-11-13 09:40:21,0.02,0.004,3377,0.01,0.002,4053,0.01,0.002,3,0.015,0.003,45,0
IWM191115C162,2019-11-13,2019-11-13 09:40:22,0.02,0.004,3693,0.01,0.002,4366,0.01,0.002,3,0.015,0.003,45,0
IWM191115C162,2019-11-13,2019-11-13 09:40:23,0.02,0.004,3693,0.01,0.002,4366,0.01,0.002,3,0.015,0.003,45,0
IWM191115C162,2019-11-13,2019-11-13 09:40:24,0.02,0.004,3248,0.01,0.002,4049,0.01,0.002,3,0.015,0.003,45,0
IWM191115C162,2019-11-13,2019-11-13 09:40:24,0.02,0.004,2629,0.01,0.002,3381,0.01,0.002,3,0.015,0.003,45,0
IWM191115C162,2019-11-13,2019-11-13 09:40:25,0.02,0.004,3536,0.01,0.002,4309,0.01,0.002,3,0.015,0.003,45,0
IWM191115C162,2019-11-13,2019-11-13 09:40:26,0.02,0.004,3537,0.01,0.002,4309,0.01,0.002,3,0.015,0.003,45,0
IWM191115C162,2019-11-13,2019-11-13 09:40:26,0.02,0.004,3536,0.01,0.002,4309,0.01,0.002,3,0.015,0.003,45,0
IWM191115C162,2019-11-13,2019-11-13 09:40:27,0.02,0.004,3537,0.01,0.002,4309,0.01,0.002,3,0.015,0.003,45,0
IWM191115C162,2019-11-13,2019-11-13 09:40:28,0.02,0.004,3570,0.01,0.002,4365,0.01,0.002,3,0.015,0.003,45,0
IWM191115C162,2019-11-13,2019-11-13 09:40:28,0.02,0.004,2238,0.01,0.002,3381,0.01,0.002,3,0.015,0.003,45,0
IWM191115C162,2019-11-13,2019-11-13 09:40:29,0.02,0.004,3570,0.01,0.002,4365,0.01,0.002,3,0.015,0.003,45,0
IWM191115C162,2019-11-13,2019-11-13 09:40:30,0.02,0.004,3570,0.01,0.002,4365,0.01,0.002,3,0.015,0.003,45,0
IWM191115C162,2019-11-13,2019-11-13 09:40:31,0.02,0.004,2359,0.01,0.002,3081,0.01,0.002,3,0.015,0.003,45,0
IWM191115C162,2019-11-13,2019-11-13 09:40:32,0.02,0.004,3624,0.01,0.002,4368,0.01,0.002,3,0.015,0.003,45,0
IWM191115C162,2019-11-13,2019-11-13 09:40:33,0.02,0.004,3336,0.01,0.002,4368,0.01,0.002,3,0.015,0.003,45,0
IWM191115C162,2019-11-13,2019-11-13 09:40:33,0.02,0.004,3529,0.01,0.002,4368,0.01,0.002,3,0.015,0.003,45,0
IWM191115C162,2019-11-13,2019-11-13 09:40:34,0.02,0.004,3241,0.01,0.002,4368,0.01,0.002,3,0.015,0.003,45,0
IWM191115C162,2019-11-13,2019-11-13 09:40:35,0.02,0.004,3241,0.01,0.002,4368,0.01,0.002,3,0.015,0.003,45,0
IWM191115C162,2019-11-13,2019-11-13 09:40:35,0.02,0.004,3521,0.01,0.002,4368,0.01,0.002,3,0.015,0.003,45,0
IWM191115C162,2019-11-13,2019-11-13 09:40:36,0.02,0.004,3521,0.01,0.002,4368,0.01,0.002,3,0.015,0.003,45,0
IWM191115C162,2019-11-13,2019-11-13 09:40:37,0.02,0.004,3521,0.01,0.002,4368,0.01,0.002,3,0.015,0.003,45,0
IWM191115C162,2019-11-13,2019-11-13 09:40:38,0.02,0.004,3530,0.01,0.002,4368,0.01,0.002,3,0.015,0.003,45,0
IWM191115C162,2019-11-13,2019-11-13 09:40:38,0.02,0.004,3521,0.01,0.002,4368,0.01,0.002,3,0.015,0.003,45,0
IWM191115C162,2019-11-13,2019-11-13 09:40:39,0.02,0.004,3530,0.01,0.002,4368,0.01,0.002,3,0.015,0.003,45,0
IWM191115C162,2019-11-13,2019-11-13 09:40:40,0.02,0.004,3530,0.01,0.002,4368,0.01,0.002,3,0.015,0.003,45,0
IWM191115C162,2019-11-13,2019-11-13 09:40:41,0.02,0.004,3463,0.01,0.002,4352,0.01,0.002,3,0.015,0.003,45,0
IWM191115C162,2019-11-13,2019-11-13 09:40:41,0.02,0.004,2742,0.01,0.002,4052,0.01,0.002,3,0.015,0.003,45,0
IWM191115C162,2019-11-13,2019-11-13 09:40:42,0.02,0.004,3463,0.01,0.002,4352,0.01,0.002,3,0.015,0.003,45,0
IWM191115C162,2019-11-13,2019-11-13 09:40:43,0.02,0.004,2168,0.01,0.002,3381,0.01,0.002,3,0.015,0.003,45,0
IWM191115C162,2019-11-13,2019-11-13 09:40:43,0.02,0.004,3517,0.01,0.002,4358,0.01,0.002,3,0.015,0.003,45,0
IWM191115C162,2019-11-13,2019-11-13 09:40:44,0.02,0.004,3517,0.01,0.002,4358,0.01,0.002,3,0.015,0.003,45,0
IWM191115C162,2019-11-13,2019-11-13 09:40:45,0.02,0.004,3548,0.01,0.002,4406,0.01,0.002,3,0.015,0.003,45,0
IWM191115C162,2019-11-13,2019-11-13 09:40:46,0.02,0.004,3537,0.01,0.002,4406,0.01,0.002,3,0.015,0.003,45,0
IWM191115C162,2019-11-13,2019-11-13 09:40:46,0.02,0.004,3442,0.01,0.002,4406,0.01,0.002,3,0.015,0.003,45,0
IWM191115C162,2019-11-13,2019-11-13 09:40:47,0.02,0.004,2514,0.01,0.002,3429,0.01,0.002,3,0.015,0.003,45,0
IWM191115C162,2019-11-13,2019-11-13 09:40:47,0.02,0.004,2868,0.01,0.002,4099,0.01,0.002,3,0.015,0.003,45,0
IWM191115C162,2019-11-13,2019-11-13 09:40:48,0.02,0.004,3581,0.01,0.002,4399,0.01,0.002,3,0.015,0.003,45,0
IWM191115C162,2019-11-13,2019-11-13 09:40:49,0.02,0.004,3598,0.01,0.002,4399,0.01,0.002,3,0.015,0.003,45,0
IWM191115C162,2019-11-13,2019-11-13 09:40:50,0.02,0.004,3598,0.01,0.002,4399,0.01,0.002,3,0.015,0.003,45,0
IWM191115C162,2019-11-13,2019-11-13 09:40:51,0.02,0.004,3598,0.01,0.002,4399,0.01,0.002,3,0.015,0.003,45,0
IWM191115C162,2019-11-13,2019-11-13 09:40:52,0.02,0.004,3598,0.01,0.002,4399,0.01,0.002,3,0.015,0.003,45,0
IWM191115C162,2019-11-13,2019-11-13 09:40:53,0.02,0.004,3598,0.01,0.002,4399,0.01,0.002,3,0.015,0.003,45,0
IWM191115C162,2019-11-13,2019-11-13 09:40:54,0.02,0.004,2329,0.01,0.002,3129,0.01,0.002,3,0.015,0.003,45,0
IWM191115C162,2019-11-13,2019-11-13 09:40:54,0.02,0.004,3362,0.01,0.002,4098,0.01,0.002,3,0.015,0.003,45,0
IWM191115C162,2019-11-13,2019-11-13 09:40:55,0.02,0.004,3662,0.01,0.002,4398,0.01,0.002,3,0.015,0.003,45,0
IWM191115C162,2019-11-13,2019-11-13 09:40:56,0.02,0.004,2418,0.01,0.002,3429,0.01,0.002,3,0.015,0.003,45,0
