symbol,Date,quote_time,ask_price,norm_ask_price,ask_size,bid_price,norm_bid_price,bid_size,last_trade_price,norm_last_trade_price,last_trade_size,mark_price,norm_mark_price,volume,Volume
SPY190712P296,2019-07-10,2019-07-10 00:21:38,0.75,1.0,30,0.73,0.9733,402,0.79,1.0533,10,0.74,0.9866,0,0
SPY190712P296,2019-07-10,2019-07-10 00:21:39,0.75,1.0,30,0.73,0.9733,402,0.79,1.0533,10,0.74,0.9866,0,0
SPY190712P296,2019-07-10,2019-07-10 00:21:44,0.75,1.0,30,0.73,0.9733,402,0.79,1.0533,10,0.74,0.9866,0,0
SPY190712P296,2019-07-10,2019-07-10 00:21:46,0.75,1.0,30,0.73,0.9733,402,0.79,1.0533,10,0.74,0.9866,0,0
SPY190712P296,2019-07-10,2019-07-10 00:21:48,0.75,1.0,30,0.73,0.9733,402,0.79,1.0533,10,0.74,0.9866,0,0
SPY190712P296,2019-07-10,2019-07-10 00:21:49,0.75,1.0,30,0.73,0.9733,402,0.79,1.0533,10,0.74,0.9866,0,0
SPY190712P296,2019-07-10,2019-07-10 00:21:51,0.75,1.0,30,0.73,0.9733,402,0.79,1.0533,10,0.74,0.9866,0,0
SPY190712P296,2019-07-10,2019-07-10 00:21:52,0.75,1.0,30,0.73,0.9733,402,0.79,1.0533,10,0.74,0.9866,0,0
SPY190712P296,2019-07-10,2019-07-10 00:21:54,0.75,1.0,30,0.73,0.9733,402,0.79,1.0533,10,0.74,0.9866,0,0
SPY190712P296,2019-07-10,2019-07-10 00:21:56,0.75,1.0,30,0.73,0.9733,402,0.79,1.0533,10,0.74,0.9866,0,0
SPY190712P296,2019-07-10,2019-07-10 00:21:58,0.75,1.0,30,0.73,0.9733,402,0.79,1.0533,10,0.74,0.9866,0,0
SPY190712P296,2019-07-10,2019-07-10 00:22:00,0.75,1.0,30,0.73,0.9733,402,0.79,1.0533,10,0.74,0.9866,0,0
SPY190712P296,2019-07-10,2019-07-10 00:22:01,0.75,1.0,30,0.73,0.9733,402,0.79,1.0533,10,0.74,0.9866,0,0
SPY190712P296,2019-07-10,2019-07-10 00:22:02,0.75,1.0,30,0.73,0.9733,402,0.79,1.0533,10,0.74,0.9866,0,0
SPY190712P296,2019-07-10,2019-07-10 00:45:15,0.75,1.0,30,0.73,0.9733,402,0.79,1.0533,10,0.74,0.9866,0,0
SPY190712P296,2019-07-10,2019-07-10 00:45:28,0.75,1.0,30,0.73,0.9733,402,0.79,1.0533,10,0.74,0.9866,0,0
SPY190712P296,2019-07-10,2019-07-10 00:45:31,0.75,1.0,30,0.73,0.9733,402,0.79,1.0533,10,0.74,0.9866,0,0
SPY190712P296,2019-07-10,2019-07-10 00:45:37,0.75,1.0,30,0.73,0.9733,402,0.79,1.0533,10,0.74,0.9866,0,0
SPY190712P296,2019-07-10,2019-07-10 00:45:40,0.75,1.0,30,0.73,0.9733,402,0.79,1.0533,10,0.74,0.9866,0,0
SPY190712P296,2019-07-10,2019-07-10 00:45:43,0.75,1.0,30,0.73,0.9733,402,0.79,1.0533,10,0.74,0.9866,0,0
SPY190712P296,2019-07-10,2019-07-10 00:45:45,0.75,1.0,30,0.73,0.9733,402,0.79,1.0533,10,0.74,0.9866,0,0
SPY190712P296,2019-07-10,2019-07-10 00:45:47,0.75,1.0,30,0.73,0.9733,402,0.79,1.0533,10,0.74,0.9866,0,0
SPY190712P296,2019-07-10,2019-07-10 00:45:49,0.75,1.0,30,0.73,0.9733,402,0.79,1.0533,10,0.74,0.9866,0,0
SPY190712P296,2019-07-10,2019-07-10 00:45:52,0.75,1.0,30,0.73,0.9733,402,0.79,1.0533,10,0.74,0.9866,0,0
SPY190712P296,2019-07-10,2019-07-10 00:45:55,0.75,1.0,30,0.73,0.9733,402,0.79,1.0533,10,0.74,0.9866,0,0
SPY190712P296,2019-07-10,2019-07-10 00:45:58,0.75,1.0,30,0.73,0.9733,402,0.79,1.0533,10,0.74,0.9866,0,0
SPY190712P296,2019-07-10,2019-07-10 00:46:02,0.75,1.0,30,0.73,0.9733,402,0.79,1.0533,10,0.74,0.9866,0,0
SPY190712P296,2019-07-10,2019-07-10 00:46:04,0.75,1.0,30,0.73,0.9733,402,0.79,1.0533,10,0.74,0.9866,0,0
SPY190712P296,2019-07-10,2019-07-10 00:46:07,0.75,1.0,30,0.73,0.9733,402,0.79,1.0533,10,0.74,0.9866,0,0
SPY190712P296,2019-07-10,2019-07-10 00:46:11,0.75,1.0,30,0.73,0.9733,402,0.79,1.0533,10,0.74,0.9866,0,0
SPY190712P296,2019-07-10,2019-07-10 00:46:14,0.75,1.0,30,0.73,0.9733,402,0.79,1.0533,10,0.74,0.9866,0,0
SPY190712P296,2019-07-10,2019-07-10 00:46:17,0.75,1.0,30,0.73,0.9733,402,0.79,1.0533,10,0.74,0.9866,0,0
SPY190712P296,2019-07-10,2019-07-10 00:46:21,0.75,1.0,30,0.73,0.9733,402,0.79,1.0533,10,0.74,0.9866,0,0
SPY190712P296,2019-07-10,2019-07-10 00:46:24,0.75,1.0,30,0.73,0.9733,402,0.79,1.0533,10,0.74,0.9866,0,0
SPY190712P296,2019-07-10,2019-07-10 00:46:27,0.75,1.0,30,0.73,0.9733,402,0.79,1.0533,10,0.74,0.9866,0,0
SPY190712P296,2019-07-10,2019-07-10 00:46:31,0.75,1.0,30,0.73,0.9733,402,0.79,1.0533,10,0.74,0.9866,0,0
SPY190712P296,2019-07-10,2019-07-10 00:46:34,0.75,1.0,30,0.73,0.9733,402,0.79,1.0533,10,0.74,0.9866,0,0
SPY190712P296,2019-07-10,2019-07-10 00:46:37,0.75,1.0,30,0.73,0.9733,402,0.79,1.0533,10,0.74,0.9866,0,0
SPY190712P296,2019-07-10,2019-07-10 00:46:41,0.75,1.0,30,0.73,0.9733,402,0.79,1.0533,10,0.74,0.9866,0,0
SPY190712P296,2019-07-10,2019-07-10 00:46:43,0.75,1.0,30,0.73,0.9733,402,0.79,1.0533,10,0.74,0.9866,0,0
SPY190712P296,2019-07-10,2019-07-10 00:46:46,0.75,1.0,30,0.73,0.9733,402,0.79,1.0533,10,0.74,0.9866,0,0
SPY190712P296,2019-07-10,2019-07-10 00:46:49,0.75,1.0,30,0.73,0.9733,402,0.79,1.0533,10,0.74,0.9866,0,0
SPY190712P296,2019-07-10,2019-07-10 00:46:52,0.75,1.0,30,0.73,0.9733,402,0.79,1.0533,10,0.74,0.9866,0,0
SPY190712P296,2019-07-10,2019-07-10 00:46:55,0.75,1.0,30,0.73,0.9733,402,0.79,1.0533,10,0.74,0.9866,0,0
SPY190712P296,2019-07-10,2019-07-10 00:46:58,0.75,1.0,30,0.73,0.9733,402,0.79,1.0533,10,0.74,0.9866,0,0
SPY190712P296,2019-07-10,2019-07-10 00:47:02,0.75,1.0,30,0.73,0.9733,402,0.79,1.0533,10,0.74,0.9866,0,0
SPY190712P296,2019-07-10,2019-07-10 00:47:05,0.75,1.0,30,0.73,0.9733,402,0.79,1.0533,10,0.74,0.9866,0,0
SPY190712P296,2019-07-10,2019-07-10 00:47:08,0.75,1.0,30,0.73,0.9733,402,0.79,1.0533,10,0.74,0.9866,0,0
SPY190712P296,2019-07-10,2019-07-10 00:47:11,0.75,1.0,30,0.73,0.9733,402,0.79,1.0533,10,0.74,0.9866,0,0
SPY190712P296,2019-07-10,2019-07-10 00:47:14,0.75,1.0,30,0.73,0.9733,402,0.79,1.0533,10,0.74,0.9866,0,0
SPY190712P296,2019-07-10,2019-07-10 00:47:17,0.75,1.0,30,0.73,0.9733,402,0.79,1.0533,10,0.74,0.9866,0,0
SPY190712P296,2019-07-10,2019-07-10 00:47:20,0.75,1.0,30,0.73,0.9733,402,0.79,1.0533,10,0.74,0.9866,0,0
SPY190712P296,2019-07-10,2019-07-10 00:47:23,0.75,1.0,30,0.73,0.9733,402,0.79,1.0533,10,0.74,0.9866,0,0
SPY190712P296,2019-07-10,2019-07-10 00:47:27,0.75,1.0,30,0.73,0.9733,402,0.79,1.0533,10,0.74,0.9866,0,0
SPY190712P296,2019-07-10,2019-07-10 00:47:31,0.75,1.0,30,0.73,0.9733,402,0.79,1.0533,10,0.74,0.9866,0,0
SPY190712P296,2019-07-10,2019-07-10 00:47:34,0.75,1.0,30,0.73,0.9733,402,0.79,1.0533,10,0.74,0.9866,0,0
SPY190712P296,2019-07-10,2019-07-10 00:47:38,0.75,1.0,30,0.73,0.9733,402,0.79,1.0533,10,0.74,0.9866,0,0
SPY190712P296,2019-07-10,2019-07-10 00:47:41,0.75,1.0,30,0.73,0.9733,402,0.79,1.0533,10,0.74,0.9866,0,0
SPY190712P296,2019-07-10,2019-07-10 00:47:43,0.75,1.0,30,0.73,0.9733,402,0.79,1.0533,10,0.74,0.9866,0,0
SPY190712P296,2019-07-10,2019-07-10 00:47:46,0.75,1.0,30,0.73,0.9733,402,0.79,1.0533,10,0.74,0.9866,0,0
SPY190712P296,2019-07-10,2019-07-10 00:47:49,0.75,1.0,30,0.73,0.9733,402,0.79,1.0533,10,0.74,0.9866,0,0
SPY190712P296,2019-07-10,2019-07-10 00:47:53,0.75,1.0,30,0.73,0.9733,402,0.79,1.0533,10,0.74,0.9866,0,0
SPY190712P296,2019-07-10,2019-07-10 00:47:56,0.75,1.0,30,0.73,0.9733,402,0.79,1.0533,10,0.74,0.9866,0,0
SPY190712P296,2019-07-10,2019-07-10 00:47:59,0.75,1.0,30,0.73,0.9733,402,0.79,1.0533,10,0.74,0.9866,0,0
SPY190712P296,2019-07-10,2019-07-10 00:48:01,0.75,1.0,30,0.73,0.9733,402,0.79,1.0533,10,0.74,0.9866,0,0
SPY190712P296,2019-07-10,2019-07-10 00:48:04,0.75,1.0,30,0.73,0.9733,402,0.79,1.0533,10,0.74,0.9866,0,0
SPY190712P296,2019-07-10,2019-07-10 00:48:07,0.75,1.0,30,0.73,0.9733,402,0.79,1.0533,10,0.74,0.9866,0,0
SPY190712P296,2019-07-10,2019-07-10 00:48:10,0.75,1.0,30,0.73,0.9733,402,0.79,1.0533,10,0.74,0.9866,0,0
SPY190712P296,2019-07-10,2019-07-10 00:48:13,0.75,1.0,30,0.73,0.9733,402,0.79,1.0533,10,0.74,0.9866,0,0
SPY190712P296,2019-07-10,2019-07-10 00:48:16,0.75,1.0,30,0.73,0.9733,402,0.79,1.0533,10,0.74,0.9866,0,0
SPY190712P296,2019-07-10,2019-07-10 00:48:19,0.75,1.0,30,0.73,0.9733,402,0.79,1.0533,10,0.74,0.9866,0,0
SPY190712P296,2019-07-10,2019-07-10 00:48:22,0.75,1.0,30,0.73,0.9733,402,0.79,1.0533,10,0.74,0.9866,0,0
SPY190712P296,2019-07-10,2019-07-10 00:48:26,0.75,1.0,30,0.73,0.9733,402,0.79,1.0533,10,0.74,0.9866,0,0
SPY190712P296,2019-07-10,2019-07-10 00:48:27,0.75,1.0,30,0.73,0.9733,402,0.79,1.0533,10,0.74,0.9866,0,0
SPY190712P296,2019-07-10,2019-07-10 00:48:32,0.75,1.0,30,0.73,0.9733,402,0.79,1.0533,10,0.74,0.9866,0,0
SPY190712P296,2019-07-10,2019-07-10 00:48:36,0.75,1.0,30,0.73,0.9733,402,0.79,1.0533,10,0.74,0.9866,0,0
SPY190712P296,2019-07-10,2019-07-10 00:48:41,0.75,1.0,30,0.73,0.9733,402,0.79,1.0533,10,0.74,0.9866,0,0
SPY190712P296,2019-07-10,2019-07-10 00:48:47,0.75,1.0,30,0.73,0.9733,402,0.79,1.0533,10,0.74,0.9866,0,0
SPY190712P296,2019-07-10,2019-07-10 00:48:55,0.75,1.0,30,0.73,0.9733,402,0.79,1.0533,10,0.74,0.9866,0,0
SPY190712P296,2019-07-10,2019-07-10 00:49:01,0.75,1.0,30,0.73,0.9733,402,0.79,1.0533,10,0.74,0.9866,0,0
SPY190712P296,2019-07-10,2019-07-10 00:49:02,0.75,1.0,30,0.73,0.9733,402,0.79,1.0533,10,0.74,0.9866,0,0
SPY190712P296,2019-07-10,2019-07-10 00:49:15,0.75,1.0,30,0.73,0.9733,402,0.79,1.0533,10,0.74,0.9866,0,0
SPY190712P296,2019-07-10,2019-07-10 00:49:19,0.75,1.0,30,0.73,0.9733,402,0.79,1.0533,10,0.74,0.9866,0,0
SPY190712P296,2019-07-10,2019-07-10 00:49:24,0.75,1.0,30,0.73,0.9733,402,0.79,1.0533,10,0.74,0.9866,0,0
SPY190712P296,2019-07-10,2019-07-10 00:49:30,0.75,1.0,30,0.73,0.9733,402,0.79,1.0533,10,0.74,0.9866,0,0
SPY190712P296,2019-07-10,2019-07-10 00:49:33,0.75,1.0,30,0.73,0.9733,402,0.79,1.0533,10,0.74,0.9866,0,0
SPY190712P296,2019-07-10,2019-07-10 00:49:40,0.75,1.0,30,0.73,0.9733,402,0.79,1.0533,10,0.74,0.9866,0,0
SPY190712P296,2019-07-10,2019-07-10 00:49:45,0.75,1.0,30,0.73,0.9733,402,0.79,1.0533,10,0.74,0.9866,0,0
SPY190712P296,2019-07-10,2019-07-10 00:49:51,0.75,1.0,30,0.73,0.9733,402,0.79,1.0533,10,0.74,0.9866,0,0
SPY190712P296,2019-07-10,2019-07-10 00:49:58,0.75,1.0,30,0.73,0.9733,402,0.79,1.0533,10,0.74,0.9866,0,0
SPY190712P296,2019-07-10,2019-07-10 00:50:04,0.75,1.0,30,0.73,0.9733,402,0.79,1.0533,10,0.74,0.9866,0,0
SPY190712P296,2019-07-10,2019-07-10 00:50:09,0.75,1.0,30,0.73,0.9733,402,0.79,1.0533,10,0.74,0.9866,0,0
SPY190712P296,2019-07-10,2019-07-10 00:50:17,0.75,1.0,30,0.73,0.9733,402,0.79,1.0533,10,0.74,0.9866,0,0
SPY190712P296,2019-07-10,2019-07-10 00:50:22,0.75,1.0,30,0.73,0.9733,402,0.79,1.0533,10,0.74,0.9866,0,0
SPY190712P296,2019-07-10,2019-07-10 00:50:34,0.75,1.0,30,0.73,0.9733,402,0.79,1.0533,10,0.74,0.9866,0,0
SPY190712P296,2019-07-10,2019-07-10 00:50:39,0.75,1.0,30,0.73,0.9733,402,0.79,1.0533,10,0.74,0.9866,0,0
SPY190712P296,2019-07-10,2019-07-10 00:50:45,0.75,1.0,30,0.73,0.9733,402,0.79,1.0533,10,0.74,0.9866,0,0
SPY190712P296,2019-07-10,2019-07-10 00:50:52,0.75,1.0,30,0.73,0.9733,402,0.79,1.0533,10,0.74,0.9866,0,0
SPY190712P296,2019-07-10,2019-07-10 00:50:58,0.75,1.0,30,0.73,0.9733,402,0.79,1.0533,10,0.74,0.9866,0,0
SPY190712P296,2019-07-10,2019-07-10 00:51:04,0.75,1.0,30,0.73,0.9733,402,0.79,1.0533,10,0.74,0.9866,0,0
SPY190712P296,2019-07-10,2019-07-10 00:51:08,0.75,1.0,30,0.73,0.9733,402,0.79,1.0533,10,0.74,0.9866,0,0
SPY190712P296,2019-07-10,2019-07-10 00:51:11,0.75,1.0,30,0.73,0.9733,402,0.79,1.0533,10,0.74,0.9866,0,0
SPY190712P296,2019-07-10,2019-07-10 00:51:14,0.75,1.0,30,0.73,0.9733,402,0.79,1.0533,10,0.74,0.9866,0,0
SPY190712P296,2019-07-10,2019-07-10 00:51:17,0.75,1.0,30,0.73,0.9733,402,0.79,1.0533,10,0.74,0.9866,0,0
SPY190712P296,2019-07-10,2019-07-10 00:51:18,0.75,1.0,30,0.73,0.9733,402,0.79,1.0533,10,0.74,0.9866,0,0
SPY190712P296,2019-07-10,2019-07-10 00:51:21,0.75,1.0,30,0.73,0.9733,402,0.79,1.0533,10,0.74,0.9866,0,0
SPY190712P296,2019-07-10,2019-07-10 00:51:24,0.75,1.0,30,0.73,0.9733,402,0.79,1.0533,10,0.74,0.9866,0,0
SPY190712P296,2019-07-10,2019-07-10 00:51:27,0.75,1.0,30,0.73,0.9733,402,0.79,1.0533,10,0.74,0.9866,0,0
SPY190712P296,2019-07-10,2019-07-10 00:51:30,0.75,1.0,30,0.73,0.9733,402,0.79,1.0533,10,0.74,0.9866,0,0
SPY190712P296,2019-07-10,2019-07-10 00:51:33,0.75,1.0,30,0.73,0.9733,402,0.79,1.0533,10,0.74,0.9866,0,0
SPY190712P296,2019-07-10,2019-07-10 00:51:35,0.75,1.0,30,0.73,0.9733,402,0.79,1.0533,10,0.74,0.9866,0,0
SPY190712P296,2019-07-10,2019-07-10 00:51:38,0.75,1.0,30,0.73,0.9733,402,0.79,1.0533,10,0.74,0.9866,0,0
SPY190712P296,2019-07-10,2019-07-10 00:51:42,0.75,1.0,30,0.73,0.9733,402,0.79,1.0533,10,0.74,0.9866,0,0
SPY190712P296,2019-07-10,2019-07-10 00:51:45,0.75,1.0,30,0.73,0.9733,402,0.79,1.0533,10,0.74,0.9866,0,0
SPY190712P296,2019-07-10,2019-07-10 00:51:49,0.75,1.0,30,0.73,0.9733,402,0.79,1.0533,10,0.74,0.9866,0,0
SPY190712P296,2019-07-10,2019-07-10 00:51:55,0.75,1.0,30,0.73,0.9733,402,0.79,1.0533,10,0.74,0.9866,0,0
SPY190712P296,2019-07-10,2019-07-10 00:51:58,0.75,1.0,30,0.73,0.9733,402,0.79,1.0533,10,0.74,0.9866,0,0
SPY190712P296,2019-07-10,2019-07-10 00:52:02,0.75,1.0,30,0.73,0.9733,402,0.79,1.0533,10,0.74,0.9866,0,0
SPY190712P296,2019-07-10,2019-07-10 00:52:06,0.75,1.0,30,0.73,0.9733,402,0.79,1.0533,10,0.74,0.9866,0,0
SPY190712P296,2019-07-10,2019-07-10 00:52:09,0.75,1.0,30,0.73,0.9733,402,0.79,1.0533,10,0.74,0.9866,0,0
SPY190712P296,2019-07-10,2019-07-10 00:52:12,0.75,1.0,30,0.73,0.9733,402,0.79,1.0533,10,0.74,0.9866,0,0
SPY190712P296,2019-07-10,2019-07-10 00:52:15,0.75,1.0,30,0.73,0.9733,402,0.79,1.0533,10,0.74,0.9866,0,0
SPY190712P296,2019-07-10,2019-07-10 00:52:20,0.75,1.0,30,0.73,0.9733,402,0.79,1.0533,10,0.74,0.9866,0,0
SPY190712P296,2019-07-10,2019-07-10 00:52:23,0.75,1.0,30,0.73,0.9733,402,0.79,1.0533,10,0.74,0.9866,0,0
SPY190712P296,2019-07-10,2019-07-10 00:52:27,0.75,1.0,30,0.73,0.9733,402,0.79,1.0533,10,0.74,0.9866,0,0
SPY190712P296,2019-07-10,2019-07-10 00:52:30,0.75,1.0,30,0.73,0.9733,402,0.79,1.0533,10,0.74,0.9866,0,0
SPY190712P296,2019-07-10,2019-07-10 00:52:33,0.75,1.0,30,0.73,0.9733,402,0.79,1.0533,10,0.74,0.9866,0,0
SPY190712P296,2019-07-10,2019-07-10 00:52:37,0.75,1.0,30,0.73,0.9733,402,0.79,1.0533,10,0.74,0.9866,0,0
SPY190712P296,2019-07-10,2019-07-10 00:52:41,0.75,1.0,30,0.73,0.9733,402,0.79,1.0533,10,0.74,0.9866,0,0
SPY190712P296,2019-07-10,2019-07-10 00:52:44,0.75,1.0,30,0.73,0.9733,402,0.79,1.0533,10,0.74,0.9866,0,0
SPY190712P296,2019-07-10,2019-07-10 00:52:47,0.75,1.0,30,0.73,0.9733,402,0.79,1.0533,10,0.74,0.9866,0,0
SPY190712P296,2019-07-10,2019-07-10 00:52:50,0.75,1.0,30,0.73,0.9733,402,0.79,1.0533,10,0.74,0.9866,0,0
SPY190712P296,2019-07-10,2019-07-10 00:52:55,0.75,1.0,30,0.73,0.9733,402,0.79,1.0533,10,0.74,0.9866,0,0
SPY190712P296,2019-07-10,2019-07-10 00:53:00,0.75,1.0,30,0.73,0.9733,402,0.79,1.0533,10,0.74,0.9866,0,0
SPY190712P296,2019-07-10,2019-07-10 00:53:05,0.75,1.0,30,0.73,0.9733,402,0.79,1.0533,10,0.74,0.9866,0,0
SPY190712P296,2019-07-10,2019-07-10 00:53:10,0.75,1.0,30,0.73,0.9733,402,0.79,1.0533,10,0.74,0.9866,0,0
SPY190712P296,2019-07-10,2019-07-10 00:53:15,0.75,1.0,30,0.73,0.9733,402,0.79,1.0533,10,0.74,0.9866,0,0
SPY190712P296,2019-07-10,2019-07-10 00:53:20,0.75,1.0,30,0.73,0.9733,402,0.79,1.0533,10,0.74,0.9866,0,0
SPY190712P296,2019-07-10,2019-07-10 00:53:29,0.75,1.0,30,0.73,0.9733,402,0.79,1.0533,10,0.74,0.9866,0,0
SPY190712P296,2019-07-10,2019-07-10 00:53:35,0.75,1.0,30,0.73,0.9733,402,0.79,1.0533,10,0.74,0.9866,0,0
SPY190712P296,2019-07-10,2019-07-10 00:53:41,0.75,1.0,30,0.73,0.9733,402,0.79,1.0533,10,0.74,0.9866,0,0
SPY190712P296,2019-07-10,2019-07-10 00:53:48,0.75,1.0,30,0.73,0.9733,402,0.79,1.0533,10,0.74,0.9866,0,0
SPY190712P296,2019-07-10,2019-07-10 00:53:58,0.75,1.0,30,0.73,0.9733,402,0.79,1.0533,10,0.74,0.9866,0,0
SPY190712P296,2019-07-10,2019-07-10 00:54:06,0.75,1.0,30,0.73,0.9733,402,0.79,1.0533,10,0.74,0.9866,0,0
SPY190712P296,2019-07-10,2019-07-10 00:54:11,0.75,1.0,30,0.73,0.9733,402,0.79,1.0533,10,0.74,0.9866,0,0
SPY190712P296,2019-07-10,2019-07-10 00:54:16,0.75,1.0,30,0.73,0.9733,402,0.79,1.0533,10,0.74,0.9866,0,0
SPY190712P296,2019-07-10,2019-07-10 00:54:21,0.75,1.0,30,0.73,0.9733,402,0.79,1.0533,10,0.74,0.9866,0,0
SPY190712P296,2019-07-10,2019-07-10 00:54:28,0.75,1.0,30,0.73,0.9733,402,0.79,1.0533,10,0.74,0.9866,0,0
SPY190712P296,2019-07-10,2019-07-10 00:54:34,0.75,1.0,30,0.73,0.9733,402,0.79,1.0533,10,0.74,0.9866,0,0
SPY190712P296,2019-07-10,2019-07-10 00:54:37,0.75,1.0,30,0.73,0.9733,402,0.79,1.0533,10,0.74,0.9866,0,0
SPY190712P296,2019-07-10,2019-07-10 00:54:43,0.75,1.0,30,0.73,0.9733,402,0.79,1.0533,10,0.74,0.9866,0,0
SPY190712P296,2019-07-10,2019-07-10 00:54:50,0.75,1.0,30,0.73,0.9733,402,0.79,1.0533,10,0.74,0.9866,0,0
SPY190712P296,2019-07-10,2019-07-10 00:54:52,0.75,1.0,30,0.73,0.9733,402,0.79,1.0533,10,0.74,0.9866,0,0
SPY190712P296,2019-07-10,2019-07-10 00:54:56,0.75,1.0,30,0.73,0.9733,402,0.79,1.0533,10,0.74,0.9866,0,0
SPY190712P296,2019-07-10,2019-07-10 00:54:57,0.75,1.0,30,0.73,0.9733,402,0.79,1.0533,10,0.74,0.9866,0,0
SPY190712P296,2019-07-10,2019-07-10 00:55:03,0.75,1.0,30,0.73,0.9733,402,0.79,1.0533,10,0.74,0.9866,0,0
SPY190712P296,2019-07-10,2019-07-10 00:55:08,0.75,1.0,30,0.73,0.9733,402,0.79,1.0533,10,0.74,0.9866,0,0
SPY190712P296,2019-07-10,2019-07-10 00:55:11,0.75,1.0,30,0.73,0.9733,402,0.79,1.0533,10,0.74,0.9866,0,0
SPY190712P296,2019-07-10,2019-07-10 00:55:17,0.75,1.0,30,0.73,0.9733,402,0.79,1.0533,10,0.74,0.9866,0,0
SPY190712P296,2019-07-10,2019-07-10 00:55:23,0.75,1.0,30,0.73,0.9733,402,0.79,1.0533,10,0.74,0.9866,0,0
SPY190712P296,2019-07-10,2019-07-10 00:55:29,0.75,1.0,30,0.73,0.9733,402,0.79,1.0533,10,0.74,0.9866,0,0
SPY190712P296,2019-07-10,2019-07-10 00:55:33,0.75,1.0,30,0.73,0.9733,402,0.79,1.0533,10,0.74,0.9866,0,0
SPY190712P296,2019-07-10,2019-07-10 00:55:40,0.75,1.0,30,0.73,0.9733,402,0.79,1.0533,10,0.74,0.9866,0,0
SPY190712P296,2019-07-10,2019-07-10 00:55:53,0.75,1.0,30,0.73,0.9733,402,0.79,1.0533,10,0.74,0.9866,0,0
SPY190712P296,2019-07-10,2019-07-10 00:55:57,0.75,1.0,30,0.73,0.9733,402,0.79,1.0533,10,0.74,0.9866,0,0
SPY190712P296,2019-07-10,2019-07-10 00:56:01,0.75,1.0,30,0.73,0.9733,402,0.79,1.0533,10,0.74,0.9866,0,0
SPY190712P296,2019-07-10,2019-07-10 00:56:06,0.75,1.0,30,0.73,0.9733,402,0.79,1.0533,10,0.74,0.9866,0,0
SPY190712P296,2019-07-10,2019-07-10 00:56:10,0.75,1.0,30,0.73,0.9733,402,0.79,1.0533,10,0.74,0.9866,0,0
SPY190712P296,2019-07-10,2019-07-10 00:56:13,0.75,1.0,30,0.73,0.9733,402,0.79,1.0533,10,0.74,0.9866,0,0
SPY190712P296,2019-07-10,2019-07-10 00:56:17,0.75,1.0,30,0.73,0.9733,402,0.79,1.0533,10,0.74,0.9866,0,0
SPY190712P296,2019-07-10,2019-07-10 00:56:21,0.75,1.0,30,0.73,0.9733,402,0.79,1.0533,10,0.74,0.9866,0,0
SPY190712P296,2019-07-10,2019-07-10 00:56:24,0.75,1.0,30,0.73,0.9733,402,0.79,1.0533,10,0.74,0.9866,0,0
SPY190712P296,2019-07-10,2019-07-10 00:56:27,0.75,1.0,30,0.73,0.9733,402,0.79,1.0533,10,0.74,0.9866,0,0
SPY190712P296,2019-07-10,2019-07-10 00:56:30,0.75,1.0,30,0.73,0.9733,402,0.79,1.0533,10,0.74,0.9866,0,0
SPY190712P296,2019-07-10,2019-07-10 00:56:34,0.75,1.0,30,0.73,0.9733,402,0.79,1.0533,10,0.74,0.9866,0,0
SPY190712P296,2019-07-10,2019-07-10 00:56:37,0.75,1.0,30,0.73,0.9733,402,0.79,1.0533,10,0.74,0.9866,0,0
SPY190712P296,2019-07-10,2019-07-10 00:56:40,0.75,1.0,30,0.73,0.9733,402,0.79,1.0533,10,0.74,0.9866,0,0
SPY190712P296,2019-07-10,2019-07-10 00:56:42,0.75,1.0,30,0.73,0.9733,402,0.79,1.0533,10,0.74,0.9866,0,0
SPY190712P296,2019-07-10,2019-07-10 00:56:45,0.75,1.0,30,0.73,0.9733,402,0.79,1.0533,10,0.74,0.9866,0,0
SPY190712P296,2019-07-10,2019-07-10 00:56:48,0.75,1.0,30,0.73,0.9733,402,0.79,1.0533,10,0.74,0.9866,0,0
SPY190712P296,2019-07-10,2019-07-10 00:56:52,0.75,1.0,30,0.73,0.9733,402,0.79,1.0533,10,0.74,0.9866,0,0
SPY190712P296,2019-07-10,2019-07-10 00:56:56,0.75,1.0,30,0.73,0.9733,402,0.79,1.0533,10,0.74,0.9866,0,0
SPY190712P296,2019-07-10,2019-07-10 00:56:59,0.75,1.0,30,0.73,0.9733,402,0.79,1.0533,10,0.74,0.9866,0,0
SPY190712P296,2019-07-10,2019-07-10 00:57:03,0.75,1.0,30,0.73,0.9733,402,0.79,1.0533,10,0.74,0.9866,0,0
SPY190712P296,2019-07-10,2019-07-10 00:57:08,0.75,1.0,30,0.73,0.9733,402,0.79,1.0533,10,0.74,0.9866,0,0
SPY190712P296,2019-07-10,2019-07-10 00:57:11,0.75,1.0,30,0.73,0.9733,402,0.79,1.0533,10,0.74,0.9866,0,0
SPY190712P296,2019-07-10,2019-07-10 00:57:14,0.75,1.0,30,0.73,0.9733,402,0.79,1.0533,10,0.74,0.9866,0,0
SPY190712P296,2019-07-10,2019-07-10 00:57:20,0.75,1.0,30,0.73,0.9733,402,0.79,1.0533,10,0.74,0.9866,0,0
SPY190712P296,2019-07-10,2019-07-10 00:57:23,0.75,1.0,30,0.73,0.9733,402,0.79,1.0533,10,0.74,0.9866,0,0
SPY190712P296,2019-07-10,2019-07-10 00:57:27,0.75,1.0,30,0.73,0.9733,402,0.79,1.0533,10,0.74,0.9866,0,0
SPY190712P296,2019-07-10,2019-07-10 00:57:31,0.75,1.0,30,0.73,0.9733,402,0.79,1.0533,10,0.74,0.9866,0,0
SPY190712P296,2019-07-10,2019-07-10 00:57:37,0.75,1.0,30,0.73,0.9733,402,0.79,1.0533,10,0.74,0.9866,0,0
SPY190712P296,2019-07-10,2019-07-10 00:57:38,0.75,1.0,30,0.73,0.9733,402,0.79,1.0533,10,0.74,0.9866,0,0
SPY190712P296,2019-07-10,2019-07-10 00:57:40,0.75,1.0,30,0.73,0.9733,402,0.79,1.0533,10,0.74,0.9866,0,0
SPY190712P296,2019-07-10,2019-07-10 00:57:41,0.75,1.0,30,0.73,0.9733,402,0.79,1.0533,10,0.74,0.9866,0,0
SPY190712P296,2019-07-10,2019-07-10 00:57:42,0.75,1.0,30,0.73,0.9733,402,0.79,1.0533,10,0.74,0.9866,0,0
SPY190712P296,2019-07-10,2019-07-10 00:57:43,0.75,1.0,30,0.73,0.9733,402,0.79,1.0533,10,0.74,0.9866,0,0
SPY190712P296,2019-07-10,2019-07-10 00:57:49,0.75,1.0,30,0.73,0.9733,402,0.79,1.0533,10,0.74,0.9866,0,0
SPY190712P296,2019-07-10,2019-07-10 00:57:55,0.75,1.0,30,0.73,0.9733,402,0.79,1.0533,10,0.74,0.9866,0,0
SPY190712P296,2019-07-10,2019-07-10 00:57:57,0.75,1.0,30,0.73,0.9733,402,0.79,1.0533,10,0.74,0.9866,0,0
SPY190712P296,2019-07-10,2019-07-10 00:58:02,0.75,1.0,30,0.73,0.9733,402,0.79,1.0533,10,0.74,0.9866,0,0
SPY190712P296,2019-07-10,2019-07-10 00:58:11,0.75,1.0,30,0.73,0.9733,402,0.79,1.0533,10,0.74,0.9866,0,0
SPY190712P296,2019-07-10,2019-07-10 00:58:16,0.75,1.0,30,0.73,0.9733,402,0.79,1.0533,10,0.74,0.9866,0,0
SPY190712P296,2019-07-10,2019-07-10 00:58:35,0.75,1.0,30,0.73,0.9733,402,0.79,1.0533,10,0.74,0.9866,0,0
SPY190712P296,2019-07-10,2019-07-10 00:58:41,0.75,1.0,30,0.73,0.9733,402,0.79,1.0533,10,0.74,0.9866,0,0
SPY190712P296,2019-07-10,2019-07-10 00:58:46,0.75,1.0,30,0.73,0.9733,402,0.79,1.0533,10,0.74,0.9866,0,0
SPY190712P296,2019-07-10,2019-07-10 00:58:57,0.75,1.0,30,0.73,0.9733,402,0.79,1.0533,10,0.74,0.9866,0,0
SPY190712P296,2019-07-10,2019-07-10 00:59:02,0.75,1.0,30,0.73,0.9733,402,0.79,1.0533,10,0.74,0.9866,0,0
SPY190712P296,2019-07-10,2019-07-10 00:59:10,0.75,1.0,30,0.73,0.9733,402,0.79,1.0533,10,0.74,0.9866,0,0
SPY190712P296,2019-07-10,2019-07-10 00:59:12,0.75,1.0,30,0.73,0.9733,402,0.79,1.0533,10,0.74,0.9866,0,0
SPY190712P296,2019-07-10,2019-07-10 00:59:13,0.75,1.0,30,0.73,0.9733,402,0.79,1.0533,10,0.74,0.9866,0,0
SPY190712P296,2019-07-10,2019-07-10 00:59:14,0.75,1.0,30,0.73,0.9733,402,0.79,1.0533,10,0.74,0.9866,0,0
SPY190712P296,2019-07-10,2019-07-10 00:59:16,0.75,1.0,30,0.73,0.9733,402,0.79,1.0533,10,0.74,0.9866,0,0
SPY190712P296,2019-07-10,2019-07-10 00:59:22,0.75,1.0,30,0.73,0.9733,402,0.79,1.0533,10,0.74,0.9866,0,0
SPY190712P296,2019-07-10,2019-07-10 00:59:28,0.75,1.0,30,0.73,0.9733,402,0.79,1.0533,10,0.74,0.9866,0,0
SPY190712P296,2019-07-10,2019-07-10 00:59:33,0.75,1.0,30,0.73,0.9733,402,0.79,1.0533,10,0.74,0.9866,0,0
SPY190712P296,2019-07-10,2019-07-10 00:59:39,0.75,1.0,30,0.73,0.9733,402,0.79,1.0533,10,0.74,0.9866,0,0
SPY190712P296,2019-07-10,2019-07-10 00:59:40,0.75,1.0,30,0.73,0.9733,402,0.79,1.0533,10,0.74,0.9866,0,0
SPY190712P296,2019-07-10,2019-07-10 00:59:47,0.75,1.0,30,0.73,0.9733,402,0.79,1.0533,10,0.74,0.9866,0,0
SPY190712P296,2019-07-10,2019-07-10 00:59:51,0.75,1.0,30,0.73,0.9733,402,0.79,1.0533,10,0.74,0.9866,0,0
SPY190712P296,2019-07-10,2019-07-10 00:59:55,0.75,1.0,30,0.73,0.9733,402,0.79,1.0533,10,0.74,0.9866,0,0
SPY190712P296,2019-07-10,2019-07-10 01:00:00,0.75,1.0,30,0.73,0.9733,402,0.79,1.0533,10,0.74,0.9866,0,0
SPY190712P296,2019-07-10,2019-07-10 01:00:03,0.75,1.0,30,0.73,0.9733,402,0.79,1.0533,10,0.74,0.9866,0,0
SPY190712P296,2019-07-10,2019-07-10 01:00:06,0.75,1.0,30,0.73,0.9733,402,0.79,1.0533,10,0.74,0.9866,0,0
SPY190712P296,2019-07-10,2019-07-10 01:00:14,0.75,1.0,30,0.73,0.9733,402,0.79,1.0533,10,0.74,0.9866,0,0
SPY190712P296,2019-07-10,2019-07-10 01:00:31,0.75,1.0,30,0.73,0.9733,402,0.79,1.0533,10,0.74,0.9866,0,0
SPY190712P296,2019-07-10,2019-07-10 01:00:34,0.75,1.0,30,0.73,0.9733,402,0.79,1.0533,10,0.74,0.9866,0,0
SPY190712P296,2019-07-10,2019-07-10 01:00:53,0.75,1.0,30,0.73,0.9733,402,0.79,1.0533,10,0.74,0.9866,0,0
SPY190712P296,2019-07-10,2019-07-10 01:00:56,0.75,1.0,30,0.73,0.9733,402,0.79,1.0533,10,0.74,0.9866,0,0
SPY190712P296,2019-07-10,2019-07-10 01:01:14,0.75,1.0,30,0.73,0.9733,402,0.79,1.0533,10,0.74,0.9866,0,0
SPY190712P296,2019-07-10,2019-07-10 01:01:16,0.75,1.0,30,0.73,0.9733,402,0.79,1.0533,10,0.74,0.9866,0,0
SPY190712P296,2019-07-10,2019-07-10 01:01:22,0.75,1.0,30,0.73,0.9733,402,0.79,1.0533,10,0.74,0.9866,0,0
SPY190712P296,2019-07-10,2019-07-10 01:01:27,0.75,1.0,30,0.73,0.9733,402,0.79,1.0533,10,0.74,0.9866,0,0
SPY190712P296,2019-07-10,2019-07-10 01:01:30,0.75,1.0,30,0.73,0.9733,402,0.79,1.0533,10,0.74,0.9866,0,0
SPY190712P296,2019-07-10,2019-07-10 01:01:36,0.75,1.0,30,0.73,0.9733,402,0.79,1.0533,10,0.74,0.9866,0,0
SPY190712P296,2019-07-10,2019-07-10 01:01:39,0.75,1.0,30,0.73,0.9733,402,0.79,1.0533,10,0.74,0.9866,0,0
SPY190712P296,2019-07-10,2019-07-10 01:01:49,0.75,1.0,30,0.73,0.9733,402,0.79,1.0533,10,0.74,0.9866,0,0
SPY190712P296,2019-07-10,2019-07-10 01:01:53,0.75,1.0,30,0.73,0.9733,402,0.79,1.0533,10,0.74,0.9866,0,0
SPY190712P296,2019-07-10,2019-07-10 01:01:56,0.75,1.0,30,0.73,0.9733,402,0.79,1.0533,10,0.74,0.9866,0,0
SPY190712P296,2019-07-10,2019-07-10 01:01:59,0.75,1.0,30,0.73,0.9733,402,0.79,1.0533,10,0.74,0.9866,0,0
SPY190712P296,2019-07-10,2019-07-10 01:02:03,0.75,1.0,30,0.73,0.9733,402,0.79,1.0533,10,0.74,0.9866,0,0
SPY190712P296,2019-07-10,2019-07-10 01:02:07,0.75,1.0,30,0.73,0.9733,402,0.79,1.0533,10,0.74,0.9866,0,0
SPY190712P296,2019-07-10,2019-07-10 01:02:11,0.75,1.0,30,0.73,0.9733,402,0.79,1.0533,10,0.74,0.9866,0,0
SPY190712P296,2019-07-10,2019-07-10 01:02:14,0.75,1.0,30,0.73,0.9733,402,0.79,1.0533,10,0.74,0.9866,0,0
SPY190712P296,2019-07-10,2019-07-10 01:02:17,0.75,1.0,30,0.73,0.9733,402,0.79,1.0533,10,0.74,0.9866,0,0
SPY190712P296,2019-07-10,2019-07-10 01:02:20,0.75,1.0,30,0.73,0.9733,402,0.79,1.0533,10,0.74,0.9866,0,0
SPY190712P296,2019-07-10,2019-07-10 01:02:24,0.75,1.0,30,0.73,0.9733,402,0.79,1.0533,10,0.74,0.9866,0,0
SPY190712P296,2019-07-10,2019-07-10 01:02:28,0.75,1.0,30,0.73,0.9733,402,0.79,1.0533,10,0.74,0.9866,0,0
SPY190712P296,2019-07-10,2019-07-10 01:02:31,0.75,1.0,30,0.73,0.9733,402,0.79,1.0533,10,0.74,0.9866,0,0
SPY190712P296,2019-07-10,2019-07-10 01:02:35,0.75,1.0,30,0.73,0.9733,402,0.79,1.0533,10,0.74,0.9866,0,0
SPY190712P296,2019-07-10,2019-07-10 01:02:38,0.75,1.0,30,0.73,0.9733,402,0.79,1.0533,10,0.74,0.9866,0,0
SPY190712P296,2019-07-10,2019-07-10 01:02:41,0.75,1.0,30,0.73,0.9733,402,0.79,1.0533,10,0.74,0.9866,0,0
SPY190712P296,2019-07-10,2019-07-10 01:02:44,0.75,1.0,30,0.73,0.9733,402,0.79,1.0533,10,0.74,0.9866,0,0
SPY190712P296,2019-07-10,2019-07-10 01:02:47,0.75,1.0,30,0.73,0.9733,402,0.79,1.0533,10,0.74,0.9866,0,0
SPY190712P296,2019-07-10,2019-07-10 01:02:50,0.75,1.0,30,0.73,0.9733,402,0.79,1.0533,10,0.74,0.9866,0,0
SPY190712P296,2019-07-10,2019-07-10 01:02:55,0.75,1.0,30,0.73,0.9733,402,0.79,1.0533,10,0.74,0.9866,0,0
SPY190712P296,2019-07-10,2019-07-10 01:03:09,0.75,1.0,30,0.73,0.9733,402,0.79,1.0533,10,0.74,0.9866,0,0
SPY190712P296,2019-07-10,2019-07-10 01:03:15,0.75,1.0,30,0.73,0.9733,402,0.79,1.0533,10,0.74,0.9866,0,0
SPY190712P296,2019-07-10,2019-07-10 01:03:16,0.75,1.0,30,0.73,0.9733,402,0.79,1.0533,10,0.74,0.9866,0,0
SPY190712P296,2019-07-10,2019-07-10 01:03:21,0.75,1.0,30,0.73,0.9733,402,0.79,1.0533,10,0.74,0.9866,0,0
SPY190712P296,2019-07-10,2019-07-10 01:03:26,0.75,1.0,30,0.73,0.9733,402,0.79,1.0533,10,0.74,0.9866,0,0
SPY190712P296,2019-07-10,2019-07-10 01:03:30,0.75,1.0,30,0.73,0.9733,402,0.79,1.0533,10,0.74,0.9866,0,0
SPY190712P296,2019-07-10,2019-07-10 01:03:35,0.75,1.0,30,0.73,0.9733,402,0.79,1.0533,10,0.74,0.9866,0,0
SPY190712P296,2019-07-10,2019-07-10 01:03:40,0.75,1.0,30,0.73,0.9733,402,0.79,1.0533,10,0.74,0.9866,0,0
SPY190712P296,2019-07-10,2019-07-10 01:03:47,0.75,1.0,30,0.73,0.9733,402,0.79,1.0533,10,0.74,0.9866,0,0
SPY190712P296,2019-07-10,2019-07-10 01:03:53,0.75,1.0,30,0.73,0.9733,402,0.79,1.0533,10,0.74,0.9866,0,0
SPY190712P296,2019-07-10,2019-07-10 01:03:58,0.75,1.0,30,0.73,0.9733,402,0.79,1.0533,10,0.74,0.9866,0,0
SPY190712P296,2019-07-10,2019-07-10 01:04:11,0.75,1.0,30,0.73,0.9733,402,0.79,1.0533,10,0.74,0.9866,0,0
SPY190712P296,2019-07-10,2019-07-10 01:04:17,0.75,1.0,30,0.73,0.9733,402,0.79,1.0533,10,0.74,0.9866,0,0
SPY190712P296,2019-07-10,2019-07-10 01:04:26,0.75,1.0,30,0.73,0.9733,402,0.79,1.0533,10,0.74,0.9866,0,0
SPY190712P296,2019-07-10,2019-07-10 01:04:34,0.75,1.0,30,0.73,0.9733,402,0.79,1.0533,10,0.74,0.9866,0,0
SPY190712P296,2019-07-10,2019-07-10 01:04:42,0.75,1.0,30,0.73,0.9733,402,0.79,1.0533,10,0.74,0.9866,0,0
SPY190712P296,2019-07-10,2019-07-10 01:04:49,0.75,1.0,30,0.73,0.9733,402,0.79,1.0533,10,0.74,0.9866,0,0
SPY190712P296,2019-07-10,2019-07-10 01:05:04,0.75,1.0,30,0.73,0.9733,402,0.79,1.0533,10,0.74,0.9866,0,0
SPY190712P296,2019-07-10,2019-07-10 01:05:13,0.75,1.0,30,0.73,0.9733,402,0.79,1.0533,10,0.74,0.9866,0,0
SPY190712P296,2019-07-10,2019-07-10 01:05:22,0.75,1.0,30,0.73,0.9733,402,0.79,1.0533,10,0.74,0.9866,0,0
SPY190712P296,2019-07-10,2019-07-10 01:05:29,0.75,1.0,30,0.73,0.9733,402,0.79,1.0533,10,0.74,0.9866,0,0
SPY190712P296,2019-07-10,2019-07-10 01:05:37,0.75,1.0,30,0.73,0.9733,402,0.79,1.0533,10,0.74,0.9866,0,0
SPY190712P296,2019-07-10,2019-07-10 01:05:44,0.75,1.0,30,0.73,0.9733,402,0.79,1.0533,10,0.74,0.9866,0,0
SPY190712P296,2019-07-10,2019-07-10 01:05:52,0.75,1.0,30,0.73,0.9733,402,0.79,1.0533,10,0.74,0.9866,0,0
SPY190712P296,2019-07-10,2019-07-10 01:05:59,0.75,1.0,30,0.73,0.9733,402,0.79,1.0533,10,0.74,0.9866,0,0
SPY190712P296,2019-07-10,2019-07-10 01:06:05,0.75,1.0,30,0.73,0.9733,402,0.79,1.0533,10,0.74,0.9866,0,0
SPY190712P296,2019-07-10,2019-07-10 01:06:12,0.75,1.0,30,0.73,0.9733,402,0.79,1.0533,10,0.74,0.9866,0,0
SPY190712P296,2019-07-10,2019-07-10 01:06:19,0.75,1.0,30,0.73,0.9733,402,0.79,1.0533,10,0.74,0.9866,0,0
SPY190712P296,2019-07-10,2019-07-10 01:06:23,0.75,1.0,30,0.73,0.9733,402,0.79,1.0533,10,0.74,0.9866,0,0
SPY190712P296,2019-07-10,2019-07-10 01:06:27,0.75,1.0,30,0.73,0.9733,402,0.79,1.0533,10,0.74,0.9866,0,0
SPY190712P296,2019-07-10,2019-07-10 01:06:32,0.75,1.0,30,0.73,0.9733,402,0.79,1.0533,10,0.74,0.9866,0,0
SPY190712P296,2019-07-10,2019-07-10 01:06:37,0.75,1.0,30,0.73,0.9733,402,0.79,1.0533,10,0.74,0.9866,0,0
SPY190712P296,2019-07-10,2019-07-10 01:06:41,0.75,1.0,30,0.73,0.9733,402,0.79,1.0533,10,0.74,0.9866,0,0
SPY190712P296,2019-07-10,2019-07-10 01:06:46,0.75,1.0,30,0.73,0.9733,402,0.79,1.0533,10,0.74,0.9866,0,0
SPY190712P296,2019-07-10,2019-07-10 01:06:50,0.75,1.0,30,0.73,0.9733,402,0.79,1.0533,10,0.74,0.9866,0,0
SPY190712P296,2019-07-10,2019-07-10 01:06:54,0.75,1.0,30,0.73,0.9733,402,0.79,1.0533,10,0.74,0.9866,0,0
SPY190712P296,2019-07-10,2019-07-10 01:06:58,0.75,1.0,30,0.73,0.9733,402,0.79,1.0533,10,0.74,0.9866,0,0
SPY190712P296,2019-07-10,2019-07-10 01:07:04,0.75,1.0,30,0.73,0.9733,402,0.79,1.0533,10,0.74,0.9866,0,0
SPY190712P296,2019-07-10,2019-07-10 01:07:07,0.75,1.0,30,0.73,0.9733,402,0.79,1.0533,10,0.74,0.9866,0,0
SPY190712P296,2019-07-10,2019-07-10 01:07:11,0.75,1.0,30,0.73,0.9733,402,0.79,1.0533,10,0.74,0.9866,0,0
SPY190712P296,2019-07-10,2019-07-10 01:07:15,0.75,1.0,30,0.73,0.9733,402,0.79,1.0533,10,0.74,0.9866,0,0
SPY190712P296,2019-07-10,2019-07-10 01:07:22,0.75,1.0,30,0.73,0.9733,402,0.79,1.0533,10,0.74,0.9866,0,0
SPY190712P296,2019-07-10,2019-07-10 01:07:26,0.75,1.0,30,0.73,0.9733,402,0.79,1.0533,10,0.74,0.9866,0,0
SPY190712P296,2019-07-10,2019-07-10 01:07:30,0.75,1.0,30,0.73,0.9733,402,0.79,1.0533,10,0.74,0.9866,0,0
SPY190712P296,2019-07-10,2019-07-10 01:07:33,0.75,1.0,30,0.73,0.9733,402,0.79,1.0533,10,0.74,0.9866,0,0
SPY190712P296,2019-07-10,2019-07-10 01:07:38,0.75,1.0,30,0.73,0.9733,402,0.79,1.0533,10,0.74,0.9866,0,0
SPY190712P296,2019-07-10,2019-07-10 01:07:41,0.75,1.0,30,0.73,0.9733,402,0.79,1.0533,10,0.74,0.9866,0,0
SPY190712P296,2019-07-10,2019-07-10 01:07:45,0.75,1.0,30,0.73,0.9733,402,0.79,1.0533,10,0.74,0.9866,0,0
SPY190712P296,2019-07-10,2019-07-10 01:07:48,0.75,1.0,30,0.73,0.9733,402,0.79,1.0533,10,0.74,0.9866,0,0
SPY190712P296,2019-07-10,2019-07-10 01:07:51,0.75,1.0,30,0.73,0.9733,402,0.79,1.0533,10,0.74,0.9866,0,0
SPY190712P296,2019-07-10,2019-07-10 01:07:55,0.75,1.0,30,0.73,0.9733,402,0.79,1.0533,10,0.74,0.9866,0,0
SPY190712P296,2019-07-10,2019-07-10 01:07:58,0.75,1.0,30,0.73,0.9733,402,0.79,1.0533,10,0.74,0.9866,0,0
SPY190712P296,2019-07-10,2019-07-10 03:04:28,0.75,1.0,30,0.73,0.9733,402,0.79,1.0533,10,0.74,0.9866,0,0
SPY190712P296,2019-07-10,2019-07-10 03:04:29,0.75,1.0,30,0.73,0.9733,402,0.79,1.0533,10,0.74,0.9866,0,0
SPY190712P296,2019-07-10,2019-07-10 03:04:30,0.75,1.0,30,0.73,0.9733,402,0.79,1.0533,10,0.74,0.9866,0,0
SPY190712P296,2019-07-10,2019-07-10 03:04:31,0.75,1.0,30,0.73,0.9733,402,0.79,1.0533,10,0.74,0.9866,0,0
SPY190712P296,2019-07-10,2019-07-10 09:27:28,0.75,1.0,30,0.73,0.9733,402,0.79,1.0533,10,0.74,0.9866,0,0
SPY190712P296,2019-07-10,2019-07-10 09:29:32,0.46,0.6133,653,0.45,0.6,34,0.46,0.6133,30,0.455,0.6066,0,0
SPY190712P296,2019-07-10,2019-07-10 09:29:33,0.46,0.6133,3720,0.44,0.5866,69,0.46,0.6133,30,0.45,0.6,0,0
SPY190712P296,2019-07-10,2019-07-10 09:29:34,0.45,0.6,364,0.44,0.5866,69,0.46,0.6133,30,0.445,0.5933,0,0
SPY190712P296,2019-07-10,2019-07-10 09:29:35,0.45,0.6,913,0.44,0.5866,69,0.46,0.6133,30,0.445,0.5933,0,0
SPY190712P296,2019-07-10,2019-07-10 09:29:35,0.45,0.6,639,0.44,0.5866,69,0.46,0.6133,30,0.445,0.5933,0,0
SPY190712P296,2019-07-10,2019-07-10 09:29:36,0.45,0.6,332,0.44,0.5866,156,0.44,0.5866,10,0.445,0.5933,0,0
SPY190712P296,2019-07-10,2019-07-10 09:29:36,0.45,0.6,281,0.44,0.5866,124,0.44,0.5866,10,0.445,0.5933,0,0
SPY190712P296,2019-07-10,2019-07-10 09:29:37,0.45,0.6,335,0.44,0.5866,180,0.44,0.5866,10,0.445,0.5933,0,0
SPY190712P296,2019-07-10,2019-07-10 09:29:37,0.45,0.6,335,0.44,0.5866,150,0.44,0.5866,10,0.445,0.5933,0,0
SPY190712P296,2019-07-10,2019-07-10 09:29:38,0.45,0.6,335,0.44,0.5866,692,0.44,0.5866,10,0.445,0.5933,0,0
SPY190712P296,2019-07-10,2019-07-10 09:29:39,0.45,0.6,242,0.44,0.5866,232,0.45,0.6,1,0.445,0.5933,0,0
SPY190712P296,2019-07-10,2019-07-10 09:29:39,0.45,0.6,247,0.44,0.5866,232,0.44,0.5866,10,0.445,0.5933,0,0
SPY190712P296,2019-07-10,2019-07-10 09:29:40,0.45,0.6,242,0.44,0.5866,479,0.45,0.6,1,0.445,0.5933,0,0
SPY190712P296,2019-07-10,2019-07-10 09:29:41,0.45,0.6,242,0.44,0.5866,124,0.44,0.5866,2,0.445,0.5933,0,0
SPY190712P296,2019-07-10,2019-07-10 09:29:41,0.45,0.6,242,0.44,0.5866,124,0.45,0.6,1,0.445,0.5933,0,0
SPY190712P296,2019-07-10,2019-07-10 09:29:42,0.45,0.6,197,0.44,0.5866,3,0.44,0.5866,2,0.445,0.5933,0,0
SPY190712P296,2019-07-10,2019-07-10 09:29:43,0.44,0.5866,20,0.43,0.5733,120,0.44,0.5866,1,0.435,0.58,0,0
SPY190712P296,2019-07-10,2019-07-10 09:29:44,0.44,0.5866,4,0.43,0.5733,490,0.44,0.5866,1,0.435,0.58,0,0
SPY190712P296,2019-07-10,2019-07-10 09:29:44,0.44,0.5866,4,0.43,0.5733,1317,0.44,0.5866,1,0.435,0.58,0,0
SPY190712P296,2019-07-10,2019-07-10 09:29:45,0.44,0.5866,5,0.43,0.5733,1178,0.44,0.5866,1,0.435,0.58,0,0
SPY190712P296,2019-07-10,2019-07-10 09:29:45,0.44,0.5866,95,0.43,0.5733,722,0.44,0.5866,1,0.435,0.58,0,0
SPY190712P296,2019-07-10,2019-07-10 09:29:46,0.44,0.5866,242,0.43,0.5733,1160,0.44,0.5866,1,0.435,0.58,0,0
SPY190712P296,2019-07-10,2019-07-10 09:29:47,0.44,0.5866,84,0.43,0.5733,112,0.44,0.5866,1,0.435,0.58,0,0
SPY190712P296,2019-07-10,2019-07-10 09:29:47,0.44,0.5866,100,0.42,0.56,680,0.44,0.5866,1,0.43,0.5733,0,0
SPY190712P296,2019-07-10,2019-07-10 09:29:48,0.44,0.5866,100,0.42,0.56,288,0.44,0.5866,1,0.43,0.5733,0,0
SPY190712P296,2019-07-10,2019-07-10 09:29:49,0.43,0.5733,242,0.42,0.56,1028,0.42,0.56,35,0.425,0.5666,0,0
SPY190712P296,2019-07-10,2019-07-10 09:29:49,0.43,0.5733,34,0.42,0.56,532,0.44,0.5866,1,0.425,0.5666,0,0
SPY190712P296,2019-07-10,2019-07-10 09:29:50,0.43,0.5733,242,0.42,0.56,1153,0.43,0.5733,30,0.425,0.5666,0,0
SPY190712P296,2019-07-10,2019-07-10 09:29:51,0.43,0.5733,377,0.42,0.56,90,0.43,0.5733,30,0.425,0.5666,0,0
SPY190712P296,2019-07-10,2019-07-10 09:29:51,0.42,0.56,223,0.41,0.5466,436,0.42,0.56,1,0.415,0.5533,0,0
SPY190712P296,2019-07-10,2019-07-10 09:29:52,0.42,0.56,84,0.41,0.5466,376,0.42,0.56,1,0.415,0.5533,0,0
SPY190712P296,2019-07-10,2019-07-10 09:29:53,0.42,0.56,227,0.41,0.5466,376,0.41,0.5466,40,0.415,0.5533,0,0
SPY190712P296,2019-07-10,2019-07-10 09:29:53,0.42,0.56,227,0.41,0.5466,376,0.42,0.56,40,0.415,0.5533,0,0
SPY190712P296,2019-07-10,2019-07-10 09:29:54,0.42,0.56,179,0.41,0.5466,436,0.41,0.5466,40,0.415,0.5533,0,0
SPY190712P296,2019-07-10,2019-07-10 09:29:55,0.42,0.56,106,0.41,0.5466,983,0.41,0.5466,40,0.415,0.5533,0,0
SPY190712P296,2019-07-10,2019-07-10 09:29:55,0.42,0.56,10,0.41,0.5466,983,0.41,0.5466,40,0.415,0.5533,0,0
SPY190712P296,2019-07-10,2019-07-10 09:29:56,0.42,0.56,10,0.41,0.5466,1336,0.42,0.56,3,0.415,0.5533,0,0
SPY190712P296,2019-07-10,2019-07-10 09:29:56,0.42,0.56,10,0.41,0.5466,829,0.42,0.56,3,0.415,0.5533,0,0
SPY190712P296,2019-07-10,2019-07-10 09:29:57,0.42,0.56,10,0.41,0.5466,1397,0.41,0.5466,2,0.415,0.5533,0,0
SPY190712P296,2019-07-10,2019-07-10 09:29:57,0.42,0.56,10,0.41,0.5466,1639,0.42,0.56,3,0.415,0.5533,0,0
SPY190712P296,2019-07-10,2019-07-10 09:29:58,0.42,0.56,10,0.41,0.5466,1830,0.41,0.5466,2,0.415,0.5533,0,0
SPY190712P296,2019-07-10,2019-07-10 09:29:59,0.42,0.56,10,0.41,0.5466,1381,0.41,0.5466,2,0.415,0.5533,0,0
SPY190712P296,2019-07-10,2019-07-10 09:29:59,0.42,0.56,10,0.41,0.5466,2032,0.41,0.5466,2,0.415,0.5533,0,0
SPY190712P296,2019-07-10,2019-07-10 09:30:00,0.44,0.5866,120,0.42,0.56,688,0.42,0.56,10,0.43,0.5733,0,0
SPY190712P296,2019-07-10,2019-07-10 09:30:01,0.44,0.5866,436,0.42,0.56,1459,0.42,0.56,10,0.43,0.5733,0,0
SPY190712P296,2019-07-10,2019-07-10 09:30:02,0.44,0.5866,352,0.42,0.56,240,0.43,0.5733,5,0.43,0.5733,0,0
SPY190712P296,2019-07-10,2019-07-10 09:30:05,0.42,0.56,79,0.41,0.5466,1270,0.43,0.5733,5,0.415,0.5533,0,0
SPY190712P296,2019-07-10,2019-07-10 09:30:06,0.42,0.56,370,0.41,0.5466,51,0.43,0.5733,5,0.415,0.5533,0,0
SPY190712P296,2019-07-10,2019-07-10 09:30:06,0.42,0.56,436,0.41,0.5466,1270,0.43,0.5733,5,0.415,0.5533,0,0
SPY190712P296,2019-07-10,2019-07-10 09:30:07,0.42,0.56,523,0.41,0.5466,1,0.43,0.5733,5,0.415,0.5533,0,0
SPY190712P296,2019-07-10,2019-07-10 09:30:07,0.42,0.56,773,0.41,0.5466,1,0.43,0.5733,5,0.415,0.5533,0,0
SPY190712P296,2019-07-10,2019-07-10 09:30:08,0.42,0.56,1384,0.41,0.5466,1,0.41,0.5466,1,0.415,0.5533,0,0
SPY190712P296,2019-07-10,2019-07-10 09:30:08,0.41,0.5466,89,0.4,0.5333,989,0.41,0.5466,1,0.405,0.54,0,0
SPY190712P296,2019-07-10,2019-07-10 09:30:09,0.41,0.5466,89,0.4,0.5333,905,0.41,0.5466,1,0.405,0.54,0,0
SPY190712P296,2019-07-10,2019-07-10 09:30:10,0.41,0.5466,351,0.4,0.5333,10,0.41,0.5466,1,0.405,0.54,0,0
SPY190712P296,2019-07-10,2019-07-10 09:30:10,0.41,0.5466,89,0.4,0.5333,1045,0.41,0.5466,1,0.405,0.54,0,0
SPY190712P296,2019-07-10,2019-07-10 09:30:11,0.41,0.5466,620,0.4,0.5333,154,0.41,0.5466,1,0.405,0.54,0,0
SPY190712P296,2019-07-10,2019-07-10 09:30:11,0.41,0.5466,366,0.4,0.5333,156,0.41,0.5466,1,0.405,0.54,0,0
SPY190712P296,2019-07-10,2019-07-10 09:30:12,0.41,0.5466,454,0.4,0.5333,336,0.41,0.5466,1,0.405,0.54,0,0
SPY190712P296,2019-07-10,2019-07-10 09:30:12,0.41,0.5466,371,0.4,0.5333,95,0.41,0.5466,1,0.405,0.54,0,0
SPY190712P296,2019-07-10,2019-07-10 09:30:13,0.41,0.5466,371,0.4,0.5333,220,0.41,0.5466,1,0.405,0.54,0,0
SPY190712P296,2019-07-10,2019-07-10 09:30:14,0.41,0.5466,242,0.4,0.5333,392,0.4,0.5333,2,0.405,0.54,0,0
SPY190712P296,2019-07-10,2019-07-10 09:30:14,0.41,0.5466,371,0.4,0.5333,350,0.4,0.5333,2,0.405,0.54,0,0
SPY190712P296,2019-07-10,2019-07-10 09:30:15,0.41,0.5466,242,0.4,0.5333,680,0.4,0.5333,4,0.405,0.54,0,0
SPY190712P296,2019-07-10,2019-07-10 09:30:15,0.41,0.5466,242,0.4,0.5333,794,0.4,0.5333,4,0.405,0.54,0,0
SPY190712P296,2019-07-10,2019-07-10 09:30:16,0.41,0.5466,165,0.4,0.5333,755,0.4,0.5333,3,0.405,0.54,0,0
SPY190712P296,2019-07-10,2019-07-10 09:30:16,0.41,0.5466,50,0.4,0.5333,430,0.4,0.5333,3,0.405,0.54,0,0
SPY190712P296,2019-07-10,2019-07-10 09:30:17,0.41,0.5466,390,0.39,0.52,1667,0.4,0.5333,3,0.4,0.5333,0,0
SPY190712P296,2019-07-10,2019-07-10 09:30:17,0.41,0.5466,50,0.4,0.5333,61,0.4,0.5333,3,0.405,0.54,0,0
SPY190712P296,2019-07-10,2019-07-10 09:30:18,0.41,0.5466,390,0.4,0.5333,40,0.4,0.5333,3,0.405,0.54,0,0
SPY190712P296,2019-07-10,2019-07-10 09:30:19,0.41,0.5466,390,0.4,0.5333,50,0.4,0.5333,3,0.405,0.54,0,0
SPY190712P296,2019-07-10,2019-07-10 09:30:19,0.41,0.5466,390,0.4,0.5333,88,0.4,0.5333,3,0.405,0.54,0,0
SPY190712P296,2019-07-10,2019-07-10 09:30:20,0.41,0.5466,610,0.4,0.5333,77,0.4,0.5333,3,0.405,0.54,0,0
SPY190712P296,2019-07-10,2019-07-10 09:30:21,0.41,0.5466,616,0.4,0.5333,184,0.4,0.5333,3,0.405,0.54,0,0
SPY190712P296,2019-07-10,2019-07-10 09:30:21,0.41,0.5466,1026,0.39,0.52,875,0.4,0.5333,3,0.4,0.5333,0,0
SPY190712P296,2019-07-10,2019-07-10 09:30:22,0.41,0.5466,1278,0.39,0.52,1523,0.4,0.5333,3,0.4,0.5333,0,0
SPY190712P296,2019-07-10,2019-07-10 09:30:22,0.41,0.5466,1103,0.39,0.52,1523,0.4,0.5333,3,0.4,0.5333,0,0
SPY190712P296,2019-07-10,2019-07-10 09:30:23,0.41,0.5466,851,0.39,0.52,318,0.4,0.5333,3,0.4,0.5333,0,0
SPY190712P296,2019-07-10,2019-07-10 09:30:24,0.4,0.5333,217,0.39,0.52,554,0.4,0.5333,3,0.395,0.5266,0,0
SPY190712P296,2019-07-10,2019-07-10 09:30:24,0.4,0.5333,217,0.39,0.52,623,0.4,0.5333,3,0.395,0.5266,0,0
SPY190712P296,2019-07-10,2019-07-10 09:30:25,0.4,0.5333,277,0.39,0.52,306,0.4,0.5333,3,0.395,0.5266,0,0
SPY190712P296,2019-07-10,2019-07-10 09:30:25,0.4,0.5333,471,0.38,0.5066,669,0.4,0.5333,3,0.39,0.52,0,0
SPY190712P296,2019-07-10,2019-07-10 09:30:26,0.4,0.5333,210,0.39,0.52,110,0.4,0.5333,1,0.395,0.5266,0,0
SPY190712P296,2019-07-10,2019-07-10 09:30:26,0.4,0.5333,291,0.39,0.52,210,0.4,0.5333,3,0.395,0.5266,0,0
SPY190712P296,2019-07-10,2019-07-10 09:30:27,0.4,0.5333,236,0.39,0.52,299,0.4,0.5333,1,0.395,0.5266,0,0
SPY190712P296,2019-07-10,2019-07-10 09:30:28,0.4,0.5333,236,0.39,0.52,503,0.4,0.5333,1,0.395,0.5266,0,0
SPY190712P296,2019-07-10,2019-07-10 09:30:28,0.4,0.5333,236,0.39,0.52,489,0.4,0.5333,1,0.395,0.5266,0,0
SPY190712P296,2019-07-10,2019-07-10 09:30:29,0.4,0.5333,236,0.39,0.52,503,0.4,0.5333,1,0.395,0.5266,0,0
SPY190712P296,2019-07-10,2019-07-10 09:30:29,0.4,0.5333,270,0.39,0.52,496,0.4,0.5333,1,0.395,0.5266,0,0
SPY190712P296,2019-07-10,2019-07-10 09:30:30,0.4,0.5333,5,0.39,0.52,987,0.4,0.5333,1,0.395,0.5266,0,0
SPY190712P296,2019-07-10,2019-07-10 09:30:31,0.4,0.5333,305,0.39,0.52,1110,0.4,0.5333,1,0.395,0.5266,0,0
SPY190712P296,2019-07-10,2019-07-10 09:30:31,0.4,0.5333,305,0.39,0.52,1102,0.4,0.5333,1,0.395,0.5266,0,0
SPY190712P296,2019-07-10,2019-07-10 09:30:32,0.4,0.5333,305,0.39,0.52,1102,0.39,0.52,1,0.395,0.5266,0,0
SPY190712P296,2019-07-10,2019-07-10 09:30:32,0.4,0.5333,391,0.39,0.52,100,0.39,0.52,1,0.395,0.5266,0,0
SPY190712P296,2019-07-10,2019-07-10 09:30:33,0.4,0.5333,705,0.39,0.52,34,0.39,0.52,1,0.395,0.5266,0,0
SPY190712P296,2019-07-10,2019-07-10 09:30:34,0.4,0.5333,351,0.39,0.52,100,0.39,0.52,1,0.395,0.5266,0,0
SPY190712P296,2019-07-10,2019-07-10 09:30:34,0.4,0.5333,684,0.39,0.52,134,0.39,0.52,3,0.395,0.5266,0,0
SPY190712P296,2019-07-10,2019-07-10 09:30:35,0.4,0.5333,684,0.39,0.52,134,0.39,0.52,3,0.395,0.5266,0,0
SPY190712P296,2019-07-10,2019-07-10 09:30:36,0.4,0.5333,745,0.38,0.5066,1692,0.39,0.52,3,0.39,0.52,0,0
SPY190712P296,2019-07-10,2019-07-10 09:30:36,0.4,0.5333,588,0.38,0.5066,1180,0.39,0.52,3,0.39,0.52,0,0
SPY190712P296,2019-07-10,2019-07-10 09:30:37,0.4,0.5333,806,0.38,0.5066,1692,0.39,0.52,3,0.39,0.52,0,0
SPY190712P296,2019-07-10,2019-07-10 09:30:37,0.4,0.5333,974,0.39,0.52,90,0.39,0.52,3,0.395,0.5266,0,0
SPY190712P296,2019-07-10,2019-07-10 09:30:38,0.4,0.5333,974,0.39,0.52,90,0.39,0.52,3,0.395,0.5266,0,0
SPY190712P296,2019-07-10,2019-07-10 09:30:38,0.4,0.5333,974,0.39,0.52,100,0.39,0.52,3,0.395,0.5266,0,0
SPY190712P296,2019-07-10,2019-07-10 09:30:39,0.4,0.5333,678,0.39,0.52,100,0.39,0.52,6,0.395,0.5266,0,0
SPY190712P296,2019-07-10,2019-07-10 09:30:40,0.4,0.5333,678,0.39,0.52,100,0.39,0.52,6,0.395,0.5266,0,0
SPY190712P296,2019-07-10,2019-07-10 09:30:41,0.4,0.5333,678,0.39,0.52,100,0.39,0.52,6,0.395,0.5266,0,0
SPY190712P296,2019-07-10,2019-07-10 09:30:41,0.4,0.5333,976,0.39,0.52,106,0.39,0.52,6,0.395,0.5266,0,0
SPY190712P296,2019-07-10,2019-07-10 09:30:42,0.39,0.52,263,0.38,0.5066,1164,0.39,0.52,6,0.385,0.5133,0,0
SPY190712P296,2019-07-10,2019-07-10 09:30:42,0.4,0.5333,976,0.39,0.52,100,0.39,0.52,6,0.395,0.5266,0,0
SPY190712P296,2019-07-10,2019-07-10 09:30:43,0.39,0.52,263,0.38,0.5066,1198,0.39,0.52,6,0.385,0.5133,0,0
SPY190712P296,2019-07-10,2019-07-10 09:30:43,0.39,0.52,307,0.38,0.5066,1539,0.39,0.52,6,0.385,0.5133,0,0
SPY190712P296,2019-07-10,2019-07-10 09:30:44,0.39,0.52,584,0.38,0.5066,1558,0.39,0.52,6,0.385,0.5133,0,0
SPY190712P296,2019-07-10,2019-07-10 09:30:45,0.39,0.52,945,0.38,0.5066,1510,0.39,0.52,6,0.385,0.5133,0,0
SPY190712P296,2019-07-10,2019-07-10 09:30:45,0.39,0.52,305,0.38,0.5066,251,0.39,0.52,6,0.385,0.5133,0,0
SPY190712P296,2019-07-10,2019-07-10 09:30:46,0.39,0.52,144,0.38,0.5066,271,0.39,0.52,6,0.385,0.5133,0,0
SPY190712P296,2019-07-10,2019-07-10 09:30:46,0.39,0.52,144,0.38,0.5066,617,0.39,0.52,6,0.385,0.5133,0,0
SPY190712P296,2019-07-10,2019-07-10 09:30:47,0.39,0.52,1,0.38,0.5066,1497,0.39,0.52,6,0.385,0.5133,0,0
SPY190712P296,2019-07-10,2019-07-10 09:30:47,0.39,0.52,67,0.38,0.5066,768,0.39,0.52,6,0.385,0.5133,0,0
SPY190712P296,2019-07-10,2019-07-10 09:30:48,0.39,0.52,1,0.38,0.5066,2119,0.39,0.52,6,0.385,0.5133,0,0
SPY190712P296,2019-07-10,2019-07-10 09:30:48,0.39,0.52,1,0.38,0.5066,1973,0.39,0.52,6,0.385,0.5133,0,0
SPY190712P296,2019-07-10,2019-07-10 09:30:49,0.39,0.52,1,0.39,0.52,5,0.39,0.52,1,0.39,0.52,0,0
SPY190712P296,2019-07-10,2019-07-10 09:30:50,0.4,0.5333,305,0.39,0.52,352,0.39,0.52,1,0.395,0.5266,0,0
SPY190712P296,2019-07-10,2019-07-10 09:30:50,0.4,0.5333,305,0.39,0.52,474,0.39,0.52,1,0.395,0.5266,0,0
SPY190712P296,2019-07-10,2019-07-10 09:30:51,0.4,0.5333,305,0.39,0.52,313,0.39,0.52,1,0.395,0.5266,0,0
SPY190712P296,2019-07-10,2019-07-10 09:30:51,0.4,0.5333,187,0.39,0.52,283,0.39,0.52,1,0.395,0.5266,0,0
SPY190712P296,2019-07-10,2019-07-10 09:30:52,0.4,0.5333,277,0.39,0.52,300,0.39,0.52,25,0.395,0.5266,0,0
SPY190712P296,2019-07-10,2019-07-10 09:30:53,0.4,0.5333,277,0.39,0.52,90,0.39,0.52,25,0.395,0.5266,0,0
SPY190712P296,2019-07-10,2019-07-10 09:30:53,0.4,0.5333,277,0.39,0.52,300,0.39,0.52,25,0.395,0.5266,0,0
SPY190712P296,2019-07-10,2019-07-10 09:30:54,0.4,0.5333,697,0.39,0.52,90,0.39,0.52,25,0.395,0.5266,0,0
SPY190712P296,2019-07-10,2019-07-10 09:30:55,0.4,0.5333,745,0.39,0.52,90,0.39,0.52,25,0.395,0.5266,0,0
SPY190712P296,2019-07-10,2019-07-10 09:30:55,0.4,0.5333,367,0.39,0.52,240,0.39,0.52,25,0.395,0.5266,0,0
SPY190712P296,2019-07-10,2019-07-10 09:30:56,0.4,0.5333,477,0.39,0.52,263,0.39,0.52,25,0.395,0.5266,0,0
SPY190712P296,2019-07-10,2019-07-10 09:30:56,0.4,0.5333,277,0.39,0.52,350,0.39,0.52,25,0.395,0.5266,0,0
SPY190712P296,2019-07-10,2019-07-10 09:30:57,0.4,0.5333,493,0.39,0.52,110,0.39,0.52,25,0.395,0.5266,0,0
SPY190712P296,2019-07-10,2019-07-10 09:30:57,0.4,0.5333,448,0.39,0.52,204,0.39,0.52,25,0.395,0.5266,0,0
SPY190712P296,2019-07-10,2019-07-10 09:30:58,0.4,0.5333,493,0.39,0.52,110,0.39,0.52,25,0.395,0.5266,0,0
SPY190712P296,2019-07-10,2019-07-10 09:30:59,0.4,0.5333,493,0.39,0.52,110,0.39,0.52,25,0.395,0.5266,0,0
SPY190712P296,2019-07-10,2019-07-10 09:31:00,0.4,0.5333,493,0.39,0.52,100,0.39,0.52,25,0.395,0.5266,0,0
SPY190712P296,2019-07-10,2019-07-10 09:31:00,0.4,0.5333,1261,0.38,0.5066,1515,0.39,0.52,25,0.39,0.52,0,0
SPY190712P296,2019-07-10,2019-07-10 09:31:01,0.4,0.5333,1228,0.38,0.5066,1446,0.39,0.52,25,0.39,0.52,0,0
SPY190712P296,2019-07-10,2019-07-10 09:31:01,0.4,0.5333,1228,0.38,0.5066,1499,0.39,0.52,25,0.39,0.52,0,0
SPY190712P296,2019-07-10,2019-07-10 09:31:02,0.39,0.52,5,0.38,0.5066,1479,0.39,0.52,25,0.385,0.5133,0,0
SPY190712P296,2019-07-10,2019-07-10 09:31:02,0.39,0.52,86,0.38,0.5066,1479,0.39,0.52,25,0.385,0.5133,0,0
SPY190712P296,2019-07-10,2019-07-10 09:31:03,0.39,0.52,2,0.38,0.5066,1554,0.38,0.5066,1,0.385,0.5133,0,0
SPY190712P296,2019-07-10,2019-07-10 09:31:04,0.39,0.52,68,0.38,0.5066,1474,0.38,0.5066,1,0.385,0.5133,0,0
SPY190712P296,2019-07-10,2019-07-10 09:31:04,0.39,0.52,110,0.38,0.5066,1474,0.38,0.5066,1,0.385,0.5133,0,0
SPY190712P296,2019-07-10,2019-07-10 09:31:05,0.39,0.52,2,0.38,0.5066,1584,0.38,0.5066,1,0.385,0.5133,0,0
SPY190712P296,2019-07-10,2019-07-10 09:31:05,0.39,0.52,2,0.38,0.5066,1567,0.38,0.5066,4,0.385,0.5133,0,0
SPY190712P296,2019-07-10,2019-07-10 09:31:06,0.39,0.52,116,0.38,0.5066,1300,0.38,0.5066,4,0.385,0.5133,0,0
SPY190712P296,2019-07-10,2019-07-10 09:31:06,0.39,0.52,2,0.38,0.5066,1310,0.38,0.5066,4,0.385,0.5133,0,0
SPY190712P296,2019-07-10,2019-07-10 09:31:07,0.39,0.52,99,0.38,0.5066,1300,0.38,0.5066,4,0.385,0.5133,0,0
SPY190712P296,2019-07-10,2019-07-10 09:31:07,0.39,0.52,104,0.38,0.5066,1300,0.38,0.5066,4,0.385,0.5133,0,0
SPY190712P296,2019-07-10,2019-07-10 09:31:08,0.39,0.52,104,0.38,0.5066,1305,0.38,0.5066,1,0.385,0.5133,0,0
SPY190712P296,2019-07-10,2019-07-10 09:31:09,0.39,0.52,113,0.38,0.5066,1305,0.38,0.5066,1,0.385,0.5133,0,0
SPY190712P296,2019-07-10,2019-07-10 09:31:09,0.39,0.52,104,0.38,0.5066,1305,0.38,0.5066,1,0.385,0.5133,0,0
SPY190712P296,2019-07-10,2019-07-10 09:31:10,0.39,0.52,270,0.38,0.5066,1305,0.38,0.5066,1,0.385,0.5133,0,0
SPY190712P296,2019-07-10,2019-07-10 09:31:10,0.39,0.52,270,0.38,0.5066,310,0.38,0.5066,1,0.385,0.5133,0,0
SPY190712P296,2019-07-10,2019-07-10 09:31:11,0.39,0.52,270,0.38,0.5066,310,0.38,0.5066,1,0.385,0.5133,0,0
SPY190712P296,2019-07-10,2019-07-10 09:31:12,0.39,0.52,287,0.38,0.5066,300,0.38,0.5066,1,0.385,0.5133,0,0
SPY190712P296,2019-07-10,2019-07-10 09:31:12,0.39,0.52,287,0.38,0.5066,337,0.38,0.5066,1,0.385,0.5133,0,0
SPY190712P296,2019-07-10,2019-07-10 09:31:13,0.39,0.52,287,0.38,0.5066,310,0.38,0.5066,1,0.385,0.5133,0,0
SPY190712P296,2019-07-10,2019-07-10 09:31:14,0.39,0.52,291,0.38,0.5066,242,0.38,0.5066,1,0.385,0.5133,0,0
SPY190712P296,2019-07-10,2019-07-10 09:31:15,0.39,0.52,418,0.38,0.5066,223,0.38,0.5066,1,0.385,0.5133,0,0
SPY190712P296,2019-07-10,2019-07-10 09:31:16,0.38,0.5066,98,0.37,0.4933,1404,0.38,0.5066,1,0.375,0.5,0,0
SPY190712P296,2019-07-10,2019-07-10 09:31:16,0.39,0.52,232,0.38,0.5066,213,0.38,0.5066,1,0.385,0.5133,0,0
SPY190712P296,2019-07-10,2019-07-10 09:31:17,0.38,0.5066,114,0.37,0.4933,1495,0.38,0.5066,1,0.375,0.5,0,0
SPY190712P296,2019-07-10,2019-07-10 09:31:18,0.38,0.5066,125,0.37,0.4933,1348,0.38,0.5066,55,0.375,0.5,0,0
SPY190712P296,2019-07-10,2019-07-10 09:31:19,0.38,0.5066,283,0.37,0.4933,395,0.38,0.5066,55,0.375,0.5,0,0
SPY190712P296,2019-07-10,2019-07-10 09:31:20,0.38,0.5066,75,0.37,0.4933,1858,0.38,0.5066,55,0.375,0.5,0,0
SPY190712P296,2019-07-10,2019-07-10 09:31:20,0.38,0.5066,169,0.37,0.4933,269,0.38,0.5066,55,0.375,0.5,0,0
SPY190712P296,2019-07-10,2019-07-10 09:31:21,0.38,0.5066,106,0.37,0.4933,2104,0.38,0.5066,5,0.375,0.5,0,0
SPY190712P296,2019-07-10,2019-07-10 09:31:21,0.38,0.5066,1,0.37,0.4933,1239,0.38,0.5066,55,0.375,0.5,0,0
SPY190712P296,2019-07-10,2019-07-10 09:31:22,0.38,0.5066,5,0.37,0.4933,2104,0.38,0.5066,5,0.375,0.5,0,0
SPY190712P296,2019-07-10,2019-07-10 09:31:23,0.38,0.5066,202,0.37,0.4933,2104,0.38,0.5066,5,0.375,0.5,0,0
SPY190712P296,2019-07-10,2019-07-10 09:31:24,0.38,0.5066,202,0.37,0.4933,1536,0.38,0.5066,5,0.375,0.5,0,0
SPY190712P296,2019-07-10,2019-07-10 09:31:24,0.38,0.5066,202,0.37,0.4933,2055,0.38,0.5066,5,0.375,0.5,0,0
SPY190712P296,2019-07-10,2019-07-10 09:31:25,0.38,0.5066,202,0.37,0.4933,1536,0.38,0.5066,5,0.375,0.5,0,0
SPY190712P296,2019-07-10,2019-07-10 09:31:25,0.38,0.5066,216,0.37,0.4933,987,0.37,0.4933,3,0.375,0.5,0,0
SPY190712P296,2019-07-10,2019-07-10 09:31:26,0.38,0.5066,216,0.37,0.4933,987,0.37,0.4933,3,0.375,0.5,0,0
SPY190712P296,2019-07-10,2019-07-10 09:31:27,0.38,0.5066,216,0.37,0.4933,1277,0.37,0.4933,3,0.375,0.5,0,0
SPY190712P296,2019-07-10,2019-07-10 09:31:28,0.38,0.5066,156,0.37,0.4933,1277,0.37,0.4933,3,0.375,0.5,0,0
SPY190712P296,2019-07-10,2019-07-10 09:31:29,0.38,0.5066,142,0.37,0.4933,1650,0.38,0.5066,1,0.375,0.5,0,0
SPY190712P296,2019-07-10,2019-07-10 09:31:29,0.38,0.5066,156,0.37,0.4933,1277,0.37,0.4933,3,0.375,0.5,0,0
SPY190712P296,2019-07-10,2019-07-10 09:31:30,0.38,0.5066,151,0.37,0.4933,1650,0.38,0.5066,1,0.375,0.5,0,0
SPY190712P296,2019-07-10,2019-07-10 09:31:31,0.38,0.5066,98,0.37,0.4933,1650,0.38,0.5066,28,0.375,0.5,0,0
SPY190712P296,2019-07-10,2019-07-10 09:31:31,0.39,0.52,453,0.38,0.5066,387,0.38,0.5066,5,0.385,0.5133,0,0
SPY190712P296,2019-07-10,2019-07-10 09:31:32,0.39,0.52,59,0.38,0.5066,240,0.38,0.5066,5,0.385,0.5133,0,0
SPY190712P296,2019-07-10,2019-07-10 09:31:33,0.39,0.52,59,0.38,0.5066,190,0.38,0.5066,1,0.385,0.5133,0,0
SPY190712P296,2019-07-10,2019-07-10 09:31:33,0.39,0.52,160,0.38,0.5066,190,0.38,0.5066,1,0.385,0.5133,0,0
SPY190712P296,2019-07-10,2019-07-10 09:31:34,0.39,0.52,160,0.38,0.5066,190,0.38,0.5066,1,0.385,0.5133,0,0
SPY190712P296,2019-07-10,2019-07-10 09:31:34,0.39,0.52,247,0.38,0.5066,646,0.38,0.5066,1,0.385,0.5133,0,0
SPY190712P296,2019-07-10,2019-07-10 09:31:35,0.39,0.52,169,0.38,0.5066,646,0.38,0.5066,1,0.385,0.5133,0,0
SPY190712P296,2019-07-10,2019-07-10 09:31:36,0.39,0.52,750,0.38,0.5066,182,0.38,0.5066,1,0.385,0.5133,0,0
SPY190712P296,2019-07-10,2019-07-10 09:31:36,0.39,0.52,420,0.38,0.5066,180,0.38,0.5066,1,0.385,0.5133,0,0
SPY190712P296,2019-07-10,2019-07-10 09:31:37,0.39,0.52,519,0.38,0.5066,300,0.38,0.5066,1,0.385,0.5133,0,0
SPY190712P296,2019-07-10,2019-07-10 09:31:37,0.39,0.52,781,0.38,0.5066,528,0.38,0.5066,1,0.385,0.5133,0,0
SPY190712P296,2019-07-10,2019-07-10 09:31:38,0.39,0.52,781,0.38,0.5066,528,0.38,0.5066,1,0.385,0.5133,0,0
SPY190712P296,2019-07-10,2019-07-10 09:31:39,0.39,0.52,433,0.38,0.5066,389,0.38,0.5066,1,0.385,0.5133,0,0
SPY190712P296,2019-07-10,2019-07-10 09:31:40,0.39,0.52,188,0.38,0.5066,1002,0.38,0.5066,1,0.385,0.5133,0,0
SPY190712P296,2019-07-10,2019-07-10 09:31:40,0.39,0.52,304,0.38,0.5066,581,0.38,0.5066,1,0.385,0.5133,0,0
SPY190712P296,2019-07-10,2019-07-10 09:31:41,0.39,0.52,166,0.38,0.5066,1545,0.38,0.5066,1,0.385,0.5133,0,0
SPY190712P296,2019-07-10,2019-07-10 09:31:41,0.39,0.52,163,0.38,0.5066,1493,0.38,0.5066,1,0.385,0.5133,0,0
SPY190712P296,2019-07-10,2019-07-10 09:31:42,0.39,0.52,166,0.38,0.5066,1504,0.38,0.5066,1,0.385,0.5133,0,0
SPY190712P296,2019-07-10,2019-07-10 09:31:42,0.39,0.52,96,0.38,0.5066,1504,0.38,0.5066,1,0.385,0.5133,0,0
SPY190712P296,2019-07-10,2019-07-10 09:31:43,0.39,0.52,95,0.38,0.5066,419,0.38,0.5066,1,0.385,0.5133,0,0
SPY190712P296,2019-07-10,2019-07-10 09:31:43,0.39,0.52,175,0.38,0.5066,389,0.38,0.5066,1,0.385,0.5133,0,0
SPY190712P296,2019-07-10,2019-07-10 09:31:44,0.39,0.52,175,0.38,0.5066,389,0.38,0.5066,1,0.385,0.5133,0,0
SPY190712P296,2019-07-10,2019-07-10 09:31:45,0.39,0.52,252,0.37,0.4933,1429,0.38,0.5066,1,0.38,0.5066,0,0
SPY190712P296,2019-07-10,2019-07-10 09:31:45,0.39,0.52,192,0.38,0.5066,251,0.38,0.5066,1,0.385,0.5133,0,0
SPY190712P296,2019-07-10,2019-07-10 09:31:46,0.38,0.5066,6,0.37,0.4933,1419,0.38,0.5066,1,0.375,0.5,0,0
SPY190712P296,2019-07-10,2019-07-10 09:31:47,0.38,0.5066,5,0.37,0.4933,1226,0.38,0.5066,1,0.375,0.5,0,0
SPY190712P296,2019-07-10,2019-07-10 09:31:47,0.38,0.5066,5,0.38,0.5066,1,0.38,0.5066,1,0.38,0.5066,0,0
SPY190712P296,2019-07-10,2019-07-10 09:31:48,0.38,0.5066,5,0.37,0.4933,1298,0.38,0.5066,1,0.375,0.5,0,0
SPY190712P296,2019-07-10,2019-07-10 09:31:49,0.38,0.5066,5,0.37,0.4933,1226,0.38,0.5066,1,0.375,0.5,0,0
SPY190712P296,2019-07-10,2019-07-10 09:31:49,0.38,0.5066,41,0.37,0.4933,442,0.38,0.5066,1,0.375,0.5,0,0
SPY190712P296,2019-07-10,2019-07-10 09:31:50,0.38,0.5066,268,0.37,0.4933,284,0.38,0.5066,1,0.375,0.5,0,0
SPY190712P296,2019-07-10,2019-07-10 09:31:50,0.38,0.5066,268,0.37,0.4933,367,0.38,0.5066,1,0.375,0.5,0,0
SPY190712P296,2019-07-10,2019-07-10 09:31:51,0.38,0.5066,288,0.37,0.4933,476,0.37,0.4933,10,0.375,0.5,0,0
SPY190712P296,2019-07-10,2019-07-10 09:31:51,0.38,0.5066,268,0.37,0.4933,205,0.38,0.5066,1,0.375,0.5,0,0
SPY190712P296,2019-07-10,2019-07-10 09:31:52,0.38,0.5066,298,0.37,0.4933,525,0.37,0.4933,10,0.375,0.5,0,0
SPY190712P296,2019-07-10,2019-07-10 09:31:53,0.38,0.5066,315,0.37,0.4933,434,0.37,0.4933,3,0.375,0.5,0,0
SPY190712P296,2019-07-10,2019-07-10 09:31:54,0.38,0.5066,997,0.37,0.4933,526,0.37,0.4933,3,0.375,0.5,0,0
SPY190712P296,2019-07-10,2019-07-10 09:31:54,0.38,0.5066,997,0.37,0.4933,434,0.37,0.4933,3,0.375,0.5,0,0
SPY190712P296,2019-07-10,2019-07-10 09:31:55,0.38,0.5066,1152,0.37,0.4933,526,0.37,0.4933,3,0.375,0.5,0,0
SPY190712P296,2019-07-10,2019-07-10 09:31:55,0.38,0.5066,1569,0.37,0.4933,526,0.37,0.4933,3,0.375,0.5,0,0
SPY190712P296,2019-07-10,2019-07-10 09:31:56,0.38,0.5066,1181,0.37,0.4933,526,0.37,0.4933,3,0.375,0.5,0,0
SPY190712P296,2019-07-10,2019-07-10 09:31:56,0.38,0.5066,1181,0.37,0.4933,526,0.37,0.4933,1,0.375,0.5,0,0
SPY190712P296,2019-07-10,2019-07-10 09:31:57,0.38,0.5066,804,0.37,0.4933,526,0.37,0.4933,1,0.375,0.5,0,0
SPY190712P296,2019-07-10,2019-07-10 09:31:58,0.38,0.5066,1214,0.37,0.4933,596,0.37,0.4933,1,0.375,0.5,0,0
SPY190712P296,2019-07-10,2019-07-10 09:31:58,0.38,0.5066,1186,0.37,0.4933,526,0.37,0.4933,1,0.375,0.5,0,0
SPY190712P296,2019-07-10,2019-07-10 09:31:59,0.38,0.5066,1214,0.37,0.4933,526,0.37,0.4933,1,0.375,0.5,0,0
SPY190712P296,2019-07-10,2019-07-10 09:31:59,0.38,0.5066,1254,0.37,0.4933,526,0.38,0.5066,6,0.375,0.5,0,0
SPY190712P296,2019-07-10,2019-07-10 09:32:00,0.38,0.5066,1254,0.37,0.4933,526,0.38,0.5066,6,0.375,0.5,0,0
SPY190712P296,2019-07-10,2019-07-10 09:32:00,0.38,0.5066,345,0.37,0.4933,490,0.38,0.5066,6,0.375,0.5,0,0
SPY190712P296,2019-07-10,2019-07-10 09:32:01,0.38,0.5066,775,0.37,0.4933,177,0.38,0.5066,6,0.375,0.5,0,0
SPY190712P296,2019-07-10,2019-07-10 09:32:02,0.38,0.5066,759,0.37,0.4933,177,0.38,0.5066,2,0.375,0.5,0,0
SPY190712P296,2019-07-10,2019-07-10 09:32:02,0.38,0.5066,733,0.37,0.4933,177,0.38,0.5066,6,0.375,0.5,0,0
SPY190712P296,2019-07-10,2019-07-10 09:32:03,0.38,0.5066,51,0.37,0.4933,129,0.37,0.4933,4,0.375,0.5,0,0
SPY190712P296,2019-07-10,2019-07-10 09:32:03,0.38,0.5066,1100,0.37,0.4933,225,0.38,0.5066,2,0.375,0.5,0,0
SPY190712P296,2019-07-10,2019-07-10 09:32:04,0.38,0.5066,272,0.37,0.4933,274,0.38,0.5066,1,0.375,0.5,0,0
SPY190712P296,2019-07-10,2019-07-10 09:32:04,0.38,0.5066,392,0.37,0.4933,326,0.37,0.4933,4,0.375,0.5,0,0
SPY190712P296,2019-07-10,2019-07-10 09:32:05,0.38,0.5066,292,0.37,0.4933,292,0.38,0.5066,1,0.375,0.5,0,0
SPY190712P296,2019-07-10,2019-07-10 09:32:05,0.38,0.5066,392,0.37,0.4933,301,0.38,0.5066,1,0.375,0.5,0,0
SPY190712P296,2019-07-10,2019-07-10 09:32:06,0.38,0.5066,853,0.37,0.4933,223,0.38,0.5066,6,0.375,0.5,0,0
SPY190712P296,2019-07-10,2019-07-10 09:32:07,0.38,0.5066,913,0.37,0.4933,223,0.38,0.5066,6,0.375,0.5,0,0
SPY190712P296,2019-07-10,2019-07-10 09:32:07,0.38,0.5066,906,0.37,0.4933,221,0.38,0.5066,6,0.375,0.5,0,0
SPY190712P296,2019-07-10,2019-07-10 09:32:08,0.38,0.5066,692,0.37,0.4933,223,0.38,0.5066,6,0.375,0.5,0,0
SPY190712P296,2019-07-10,2019-07-10 09:32:08,0.38,0.5066,955,0.37,0.4933,223,0.38,0.5066,6,0.375,0.5,0,0
SPY190712P296,2019-07-10,2019-07-10 09:32:09,0.38,0.5066,907,0.37,0.4933,183,0.38,0.5066,6,0.375,0.5,0,0
SPY190712P296,2019-07-10,2019-07-10 09:32:10,0.38,0.5066,816,0.37,0.4933,193,0.38,0.5066,6,0.375,0.5,0,0
SPY190712P296,2019-07-10,2019-07-10 09:32:10,0.38,0.5066,1036,0.37,0.4933,193,0.38,0.5066,6,0.375,0.5,0,0
SPY190712P296,2019-07-10,2019-07-10 09:32:11,0.38,0.5066,1351,0.37,0.4933,101,0.38,0.5066,6,0.375,0.5,0,0
SPY190712P296,2019-07-10,2019-07-10 09:32:11,0.38,0.5066,1287,0.37,0.4933,223,0.38,0.5066,6,0.375,0.5,0,0
SPY190712P296,2019-07-10,2019-07-10 09:32:12,0.38,0.5066,1682,0.36,0.48,1366,0.38,0.5066,6,0.37,0.4933,0,0
SPY190712P296,2019-07-10,2019-07-10 09:32:12,0.38,0.5066,1375,0.37,0.4933,85,0.38,0.5066,6,0.375,0.5,0,0
SPY190712P296,2019-07-10,2019-07-10 09:32:13,0.38,0.5066,2032,0.36,0.48,1366,0.38,0.5066,6,0.37,0.4933,0,0
SPY190712P296,2019-07-10,2019-07-10 09:32:13,0.38,0.5066,2003,0.36,0.48,1366,0.38,0.5066,6,0.37,0.4933,0,0
SPY190712P296,2019-07-10,2019-07-10 09:32:14,0.38,0.5066,1785,0.37,0.4933,166,0.38,0.5066,6,0.375,0.5,0,0
SPY190712P296,2019-07-10,2019-07-10 09:32:15,0.38,0.5066,1799,0.36,0.48,1540,0.38,0.5066,6,0.37,0.4933,0,0
SPY190712P296,2019-07-10,2019-07-10 09:32:15,0.38,0.5066,1823,0.36,0.48,1558,0.38,0.5066,6,0.37,0.4933,0,0
SPY190712P296,2019-07-10,2019-07-10 09:32:16,0.38,0.5066,1911,0.36,0.48,1105,0.38,0.5066,6,0.37,0.4933,0,0
SPY190712P296,2019-07-10,2019-07-10 09:32:17,0.38,0.5066,1911,0.36,0.48,1090,0.38,0.5066,6,0.37,0.4933,0,0
SPY190712P296,2019-07-10,2019-07-10 09:32:17,0.38,0.5066,1911,0.36,0.48,1215,0.38,0.5066,6,0.37,0.4933,0,0
SPY190712P296,2019-07-10,2019-07-10 09:32:18,0.38,0.5066,1501,0.36,0.48,904,0.38,0.5066,6,0.37,0.4933,0,0
SPY190712P296,2019-07-10,2019-07-10 09:32:18,0.38,0.5066,2486,0.36,0.48,1492,0.38,0.5066,6,0.37,0.4933,0,0
SPY190712P296,2019-07-10,2019-07-10 09:32:19,0.37,0.4933,458,0.36,0.48,386,0.36,0.48,1,0.365,0.4866,0,0
SPY190712P296,2019-07-10,2019-07-10 09:32:19,0.37,0.4933,6,0.36,0.48,421,0.36,0.48,1,0.365,0.4866,0,0
SPY190712P296,2019-07-10,2019-07-10 09:32:20,0.37,0.4933,532,0.36,0.48,386,0.36,0.48,1,0.365,0.4866,0,0
SPY190712P296,2019-07-10,2019-07-10 09:32:20,0.37,0.4933,875,0.36,0.48,314,0.36,0.48,1,0.365,0.4866,0,0
SPY190712P296,2019-07-10,2019-07-10 09:32:21,0.37,0.4933,1387,0.36,0.48,282,0.36,0.48,1,0.365,0.4866,0,0
SPY190712P296,2019-07-10,2019-07-10 09:32:22,0.37,0.4933,2348,0.35,0.4666,1447,0.36,0.48,1,0.36,0.48,0,0
SPY190712P296,2019-07-10,2019-07-10 09:32:22,0.37,0.4933,1437,0.35,0.4666,1508,0.36,0.48,1,0.36,0.48,0,0
SPY190712P296,2019-07-10,2019-07-10 09:32:23,0.37,0.4933,2348,0.35,0.4666,1391,0.36,0.48,1,0.36,0.48,0,0
SPY190712P296,2019-07-10,2019-07-10 09:32:23,0.37,0.4933,2348,0.35,0.4666,1447,0.36,0.48,1,0.36,0.48,0,0
SPY190712P296,2019-07-10,2019-07-10 09:32:24,0.36,0.48,149,0.35,0.4666,1346,0.36,0.48,1,0.355,0.4733,0,0
SPY190712P296,2019-07-10,2019-07-10 09:32:24,0.37,0.4933,2324,0.35,0.4666,1346,0.36,0.48,1,0.36,0.48,0,0
SPY190712P296,2019-07-10,2019-07-10 09:32:25,0.36,0.48,149,0.35,0.4666,1346,0.36,0.48,1,0.355,0.4733,0,0
SPY190712P296,2019-07-10,2019-07-10 09:32:25,0.36,0.48,149,0.35,0.4666,1419,0.36,0.48,1,0.355,0.4733,0,0
SPY190712P296,2019-07-10,2019-07-10 09:32:26,0.36,0.48,172,0.35,0.4666,1716,0.36,0.48,1,0.355,0.4733,0,0
SPY190712P296,2019-07-10,2019-07-10 09:32:27,0.36,0.48,172,0.35,0.4666,1716,0.36,0.48,1,0.355,0.4733,0,0
SPY190712P296,2019-07-10,2019-07-10 09:32:27,0.36,0.48,172,0.35,0.4666,1727,0.36,0.48,1,0.355,0.4733,0,0
SPY190712P296,2019-07-10,2019-07-10 09:32:28,0.36,0.48,172,0.35,0.4666,1727,0.36,0.48,1,0.355,0.4733,0,0
SPY190712P296,2019-07-10,2019-07-10 09:32:29,0.36,0.48,179,0.35,0.4666,1792,0.36,0.48,1,0.355,0.4733,0,0
SPY190712P296,2019-07-10,2019-07-10 09:32:29,0.36,0.48,171,0.35,0.4666,1792,0.36,0.48,1,0.355,0.4733,0,0
SPY190712P296,2019-07-10,2019-07-10 09:32:30,0.36,0.48,171,0.35,0.4666,1792,0.36,0.48,1,0.355,0.4733,0,0
SPY190712P296,2019-07-10,2019-07-10 09:32:30,0.36,0.48,169,0.35,0.4666,1792,0.36,0.48,1,0.355,0.4733,0,0
SPY190712P296,2019-07-10,2019-07-10 09:32:31,0.36,0.48,268,0.35,0.4666,1792,0.35,0.4666,1,0.355,0.4733,0,0
SPY190712P296,2019-07-10,2019-07-10 09:32:32,0.36,0.48,149,0.35,0.4666,1802,0.35,0.4666,1,0.355,0.4733,0,0
SPY190712P296,2019-07-10,2019-07-10 09:32:32,0.36,0.48,171,0.35,0.4666,1802,0.35,0.4666,1,0.355,0.4733,0,0
SPY190712P296,2019-07-10,2019-07-10 09:32:33,0.37,0.4933,2772,0.35,0.4666,1802,0.35,0.4666,1,0.36,0.48,0,0
SPY190712P296,2019-07-10,2019-07-10 09:32:34,0.36,0.48,8,0.35,0.4666,1817,0.35,0.4666,1,0.355,0.4733,0,0
SPY190712P296,2019-07-10,2019-07-10 09:32:34,0.37,0.4933,2772,0.35,0.4666,1817,0.35,0.4666,1,0.36,0.48,0,0
SPY190712P296,2019-07-10,2019-07-10 09:32:35,0.36,0.48,92,0.35,0.4666,1817,0.35,0.4666,1,0.355,0.4733,0,0
SPY190712P296,2019-07-10,2019-07-10 09:32:36,0.36,0.48,92,0.35,0.4666,1817,0.35,0.4666,1,0.355,0.4733,0,0
SPY190712P296,2019-07-10,2019-07-10 09:32:37,0.36,0.48,195,0.35,0.4666,1817,0.35,0.4666,1,0.355,0.4733,0,0
SPY190712P296,2019-07-10,2019-07-10 09:32:37,0.36,0.48,92,0.35,0.4666,1817,0.35,0.4666,1,0.355,0.4733,0,0
SPY190712P296,2019-07-10,2019-07-10 09:32:38,0.37,0.4933,2119,0.35,0.4666,1468,0.35,0.4666,1,0.36,0.48,0,0
SPY190712P296,2019-07-10,2019-07-10 09:32:38,0.37,0.4933,2119,0.35,0.4666,1569,0.35,0.4666,1,0.36,0.48,0,0
SPY190712P296,2019-07-10,2019-07-10 09:32:39,0.36,0.48,223,0.35,0.4666,1174,0.35,0.4666,1,0.355,0.4733,0,0
SPY190712P296,2019-07-10,2019-07-10 09:32:39,0.36,0.48,174,0.35,0.4666,883,0.35,0.4666,1,0.355,0.4733,0,0
SPY190712P296,2019-07-10,2019-07-10 09:32:40,0.36,0.48,502,0.35,0.4666,1137,0.35,0.4666,1,0.355,0.4733,0,0
SPY190712P296,2019-07-10,2019-07-10 09:32:40,0.36,0.48,869,0.35,0.4666,1494,0.35,0.4666,1,0.355,0.4733,0,0
SPY190712P296,2019-07-10,2019-07-10 09:32:41,0.36,0.48,893,0.35,0.4666,1494,0.35,0.4666,1,0.355,0.4733,0,0
SPY190712P296,2019-07-10,2019-07-10 09:32:42,0.36,0.48,797,0.35,0.4666,1395,0.35,0.4666,1,0.355,0.4733,0,0
SPY190712P296,2019-07-10,2019-07-10 09:32:42,0.36,0.48,1257,0.35,0.4666,1519,0.35,0.4666,1,0.355,0.4733,0,0
SPY190712P296,2019-07-10,2019-07-10 09:32:43,0.36,0.48,1180,0.35,0.4666,1395,0.35,0.4666,1,0.355,0.4733,0,0
SPY190712P296,2019-07-10,2019-07-10 09:32:43,0.36,0.48,1204,0.35,0.4666,1395,0.35,0.4666,1,0.355,0.4733,0,0
SPY190712P296,2019-07-10,2019-07-10 09:32:45,0.36,0.48,1290,0.35,0.4666,1366,0.35,0.4666,1,0.355,0.4733,0,0
SPY190712P296,2019-07-10,2019-07-10 09:32:46,0.36,0.48,1581,0.35,0.4666,941,0.35,0.4666,1,0.355,0.4733,0,0
SPY190712P296,2019-07-10,2019-07-10 09:32:46,0.36,0.48,1294,0.35,0.4666,941,0.35,0.4666,1,0.355,0.4733,0,0
SPY190712P296,2019-07-10,2019-07-10 09:32:47,0.36,0.48,1172,0.35,0.4666,941,0.35,0.4666,1,0.355,0.4733,0,0
SPY190712P296,2019-07-10,2019-07-10 09:32:48,0.36,0.48,1539,0.35,0.4666,705,0.35,0.4666,1,0.355,0.4733,0,0
SPY190712P296,2019-07-10,2019-07-10 09:32:48,0.36,0.48,1172,0.35,0.4666,705,0.35,0.4666,1,0.355,0.4733,0,0
SPY190712P296,2019-07-10,2019-07-10 09:32:49,0.36,0.48,1248,0.35,0.4666,705,0.35,0.4666,1,0.355,0.4733,0,0
SPY190712P296,2019-07-10,2019-07-10 09:32:50,0.36,0.48,693,0.35,0.4666,826,0.35,0.4666,1,0.355,0.4733,0,0
SPY190712P296,2019-07-10,2019-07-10 09:32:50,0.36,0.48,1224,0.35,0.4666,705,0.35,0.4666,1,0.355,0.4733,0,0
SPY190712P296,2019-07-10,2019-07-10 09:32:51,0.36,0.48,467,0.35,0.4666,350,0.35,0.4666,1,0.355,0.4733,0,0
SPY190712P296,2019-07-10,2019-07-10 09:32:51,0.36,0.48,310,0.35,0.4666,90,0.35,0.4666,1,0.355,0.4733,0,0
SPY190712P296,2019-07-10,2019-07-10 09:32:52,0.36,0.48,1806,0.34,0.4533,847,0.35,0.4666,1,0.35,0.4666,0,0
SPY190712P296,2019-07-10,2019-07-10 09:32:52,0.36,0.48,2250,0.34,0.4533,1589,0.35,0.4666,1,0.35,0.4666,0,0
SPY190712P296,2019-07-10,2019-07-10 09:32:53,0.36,0.48,2443,0.34,0.4533,2112,0.35,0.4666,1,0.35,0.4666,0,0
SPY190712P296,2019-07-10,2019-07-10 09:32:53,0.36,0.48,2467,0.34,0.4533,1837,0.35,0.4666,1,0.35,0.4666,0,0
SPY190712P296,2019-07-10,2019-07-10 09:32:54,0.36,0.48,2467,0.35,0.4666,83,0.35,0.4666,1,0.355,0.4733,0,0
SPY190712P296,2019-07-10,2019-07-10 09:32:55,0.36,0.48,2467,0.35,0.4666,83,0.35,0.4666,5,0.355,0.4733,0,0
SPY190712P296,2019-07-10,2019-07-10 09:32:56,0.36,0.48,2467,0.35,0.4666,175,0.35,0.4666,5,0.355,0.4733,0,0
SPY190712P296,2019-07-10,2019-07-10 09:32:57,0.36,0.48,2488,0.34,0.4533,1837,0.35,0.4666,5,0.35,0.4666,0,0
SPY190712P296,2019-07-10,2019-07-10 09:32:57,0.36,0.48,2440,0.34,0.4533,1837,0.35,0.4666,5,0.35,0.4666,0,0
SPY190712P296,2019-07-10,2019-07-10 09:32:58,0.36,0.48,2438,0.34,0.4533,1837,0.35,0.4666,5,0.35,0.4666,0,0
SPY190712P296,2019-07-10,2019-07-10 09:32:58,0.36,0.48,2438,0.34,0.4533,1421,0.35,0.4666,1,0.35,0.4666,0,0
SPY190712P296,2019-07-10,2019-07-10 09:32:59,0.36,0.48,2438,0.34,0.4533,1564,0.35,0.4666,1,0.35,0.4666,0,0
SPY190712P296,2019-07-10,2019-07-10 09:32:59,0.36,0.48,2438,0.34,0.4533,1784,0.35,0.4666,1,0.35,0.4666,0,0
SPY190712P296,2019-07-10,2019-07-10 09:33:00,0.36,0.48,2438,0.35,0.4666,142,0.35,0.4666,1,0.355,0.4733,0,0
SPY190712P296,2019-07-10,2019-07-10 09:33:01,0.36,0.48,2842,0.35,0.4666,61,0.35,0.4666,1,0.355,0.4733,0,0
SPY190712P296,2019-07-10,2019-07-10 09:33:01,0.36,0.48,2524,0.35,0.4666,108,0.35,0.4666,1,0.355,0.4733,0,0
SPY190712P296,2019-07-10,2019-07-10 09:33:02,0.36,0.48,2415,0.35,0.4666,172,0.35,0.4666,1,0.355,0.4733,0,0
SPY190712P296,2019-07-10,2019-07-10 09:33:03,0.36,0.48,217,0.35,0.4666,1263,0.35,0.4666,1,0.355,0.4733,0,0
SPY190712P296,2019-07-10,2019-07-10 09:33:03,0.36,0.48,217,0.35,0.4666,623,0.35,0.4666,1,0.355,0.4733,0,0
SPY190712P296,2019-07-10,2019-07-10 09:33:04,0.36,0.48,221,0.35,0.4666,1361,0.35,0.4666,1,0.355,0.4733,0,0
SPY190712P296,2019-07-10,2019-07-10 09:33:05,0.36,0.48,394,0.35,0.4666,424,0.35,0.4666,1,0.355,0.4733,0,0
SPY190712P296,2019-07-10,2019-07-10 09:33:06,0.36,0.48,156,0.35,0.4666,226,0.35,0.4666,10,0.355,0.4733,0,0
SPY190712P296,2019-07-10,2019-07-10 09:33:06,0.36,0.48,323,0.35,0.4666,580,0.35,0.4666,1,0.355,0.4733,0,0
SPY190712P296,2019-07-10,2019-07-10 09:33:07,0.36,0.48,2171,0.35,0.4666,226,0.35,0.4666,10,0.355,0.4733,0,0
SPY190712P296,2019-07-10,2019-07-10 09:33:07,0.36,0.48,1838,0.35,0.4666,226,0.35,0.4666,10,0.355,0.4733,0,0
SPY190712P296,2019-07-10,2019-07-10 09:33:08,0.36,0.48,2483,0.35,0.4666,5,0.35,0.4666,10,0.355,0.4733,0,0
SPY190712P296,2019-07-10,2019-07-10 09:33:08,0.36,0.48,2648,0.35,0.4666,98,0.35,0.4666,10,0.355,0.4733,0,0
SPY190712P296,2019-07-10,2019-07-10 09:33:09,0.36,0.48,2579,0.35,0.4666,173,0.35,0.4666,1,0.355,0.4733,0,0
SPY190712P296,2019-07-10,2019-07-10 09:33:10,0.36,0.48,2579,0.35,0.4666,101,0.35,0.4666,1,0.355,0.4733,0,0
SPY190712P296,2019-07-10,2019-07-10 09:33:10,0.36,0.48,1292,0.35,0.4666,101,0.35,0.4666,1,0.355,0.4733,0,0
SPY190712P296,2019-07-10,2019-07-10 09:33:11,0.36,0.48,2045,0.35,0.4666,33,0.35,0.4666,1,0.355,0.4733,0,0
SPY190712P296,2019-07-10,2019-07-10 09:33:11,0.36,0.48,2492,0.35,0.4666,32,0.35,0.4666,1,0.355,0.4733,0,0
SPY190712P296,2019-07-10,2019-07-10 09:33:12,0.36,0.48,3296,0.35,0.4666,13,0.35,0.4666,1,0.355,0.4733,0,0
SPY190712P296,2019-07-10,2019-07-10 09:33:12,0.36,0.48,3102,0.35,0.4666,13,0.35,0.4666,1,0.355,0.4733,0,0
SPY190712P296,2019-07-10,2019-07-10 09:33:13,0.35,0.4666,161,0.34,0.4533,687,0.35,0.4666,5,0.345,0.46,0,0
SPY190712P296,2019-07-10,2019-07-10 09:33:13,0.35,0.4666,800,0.34,0.4533,874,0.35,0.4666,5,0.345,0.46,0,0
SPY190712P296,2019-07-10,2019-07-10 09:33:14,0.35,0.4666,1304,0.34,0.4533,962,0.35,0.4666,5,0.345,0.46,0,0
SPY190712P296,2019-07-10,2019-07-10 09:33:14,0.35,0.4666,833,0.34,0.4533,1150,0.35,0.4666,5,0.345,0.46,0,0
SPY190712P296,2019-07-10,2019-07-10 09:33:16,0.35,0.4666,572,0.34,0.4533,971,0.35,0.4666,5,0.345,0.46,0,0
SPY190712P296,2019-07-10,2019-07-10 09:33:16,0.35,0.4666,572,0.34,0.4533,475,0.35,0.4666,5,0.345,0.46,0,0
SPY190712P296,2019-07-10,2019-07-10 09:33:17,0.35,0.4666,282,0.34,0.4533,1155,0.35,0.4666,5,0.345,0.46,0,0
SPY190712P296,2019-07-10,2019-07-10 09:33:17,0.35,0.4666,245,0.34,0.4533,1221,0.35,0.4666,5,0.345,0.46,0,0
SPY190712P296,2019-07-10,2019-07-10 09:33:18,0.35,0.4666,280,0.34,0.4533,1453,0.35,0.4666,5,0.345,0.46,0,0
SPY190712P296,2019-07-10,2019-07-10 09:33:18,0.35,0.4666,150,0.34,0.4533,710,0.35,0.4666,5,0.345,0.46,0,0
SPY190712P296,2019-07-10,2019-07-10 09:33:19,0.36,0.48,1779,0.35,0.4666,208,0.35,0.4666,5,0.355,0.4733,0,0
SPY190712P296,2019-07-10,2019-07-10 09:33:20,0.35,0.4666,120,0.35,0.4666,208,0.35,0.4666,5,0.35,0.4666,0,0
SPY190712P296,2019-07-10,2019-07-10 09:33:20,0.35,0.4666,120,0.34,0.4533,1147,0.35,0.4666,5,0.345,0.46,0,0
SPY190712P296,2019-07-10,2019-07-10 09:33:21,0.35,0.4666,120,0.34,0.4533,1147,0.35,0.4666,5,0.345,0.46,0,0
SPY190712P296,2019-07-10,2019-07-10 09:33:21,0.35,0.4666,120,0.34,0.4533,850,0.35,0.4666,5,0.345,0.46,0,0
SPY190712P296,2019-07-10,2019-07-10 09:33:22,0.35,0.4666,120,0.34,0.4533,1377,0.35,0.4666,5,0.345,0.46,0,0
SPY190712P296,2019-07-10,2019-07-10 09:33:22,0.35,0.4666,120,0.34,0.4533,1668,0.35,0.4666,5,0.345,0.46,0,0
SPY190712P296,2019-07-10,2019-07-10 09:33:23,0.35,0.4666,100,0.34,0.4533,1189,0.35,0.4666,5,0.345,0.46,0,0
SPY190712P296,2019-07-10,2019-07-10 09:33:23,0.36,0.48,1323,0.34,0.4533,1598,0.35,0.4666,5,0.35,0.4666,0,0
SPY190712P296,2019-07-10,2019-07-10 09:33:24,0.35,0.4666,100,0.34,0.4533,1421,0.35,0.4666,5,0.345,0.46,0,0
SPY190712P296,2019-07-10,2019-07-10 09:33:24,0.35,0.4666,100,0.34,0.4533,1503,0.35,0.4666,5,0.345,0.46,0,0
SPY190712P296,2019-07-10,2019-07-10 09:33:25,0.36,0.48,848,0.35,0.4666,856,0.35,0.4666,5,0.355,0.4733,0,0
SPY190712P296,2019-07-10,2019-07-10 09:33:26,0.36,0.48,1218,0.35,0.4666,246,0.35,0.4666,5,0.355,0.4733,0,0
SPY190712P296,2019-07-10,2019-07-10 09:33:26,0.36,0.48,977,0.35,0.4666,835,0.35,0.4666,5,0.355,0.4733,0,0
SPY190712P296,2019-07-10,2019-07-10 09:33:27,0.36,0.48,1193,0.35,0.4666,207,0.35,0.4666,5,0.355,0.4733,0,0
SPY190712P296,2019-07-10,2019-07-10 09:33:27,0.36,0.48,864,0.35,0.4666,78,0.35,0.4666,5,0.355,0.4733,0,0
SPY190712P296,2019-07-10,2019-07-10 09:33:28,0.36,0.48,1092,0.34,0.4533,1587,0.35,0.4666,5,0.35,0.4666,0,0
SPY190712P296,2019-07-10,2019-07-10 09:33:29,0.36,0.48,2688,0.35,0.4666,102,0.35,0.4666,5,0.355,0.4733,0,0
SPY190712P296,2019-07-10,2019-07-10 09:33:29,0.35,0.4666,480,0.34,0.4533,1232,0.35,0.4666,54,0.345,0.46,0,0
SPY190712P296,2019-07-10,2019-07-10 09:33:30,0.35,0.4666,432,0.34,0.4533,1221,0.35,0.4666,54,0.345,0.46,0,0
SPY190712P296,2019-07-10,2019-07-10 09:33:30,0.36,0.48,1306,0.35,0.4666,92,0.35,0.4666,54,0.355,0.4733,0,0
SPY190712P296,2019-07-10,2019-07-10 09:33:31,0.36,0.48,1328,0.35,0.4666,613,0.35,0.4666,54,0.355,0.4733,0,0
SPY190712P296,2019-07-10,2019-07-10 09:33:31,0.36,0.48,1185,0.35,0.4666,613,0.35,0.4666,54,0.355,0.4733,0,0
SPY190712P296,2019-07-10,2019-07-10 09:33:32,0.36,0.48,1185,0.35,0.4666,613,0.35,0.4666,54,0.355,0.4733,0,0
SPY190712P296,2019-07-10,2019-07-10 09:33:33,0.36,0.48,442,0.35,0.4666,427,0.35,0.4666,54,0.355,0.4733,0,0
SPY190712P296,2019-07-10,2019-07-10 09:33:33,0.36,0.48,442,0.35,0.4666,1031,0.35,0.4666,54,0.355,0.4733,0,0
SPY190712P296,2019-07-10,2019-07-10 09:33:34,0.36,0.48,213,0.35,0.4666,1677,0.35,0.4666,54,0.355,0.4733,0,0
SPY190712P296,2019-07-10,2019-07-10 09:33:34,0.36,0.48,213,0.35,0.4666,1073,0.35,0.4666,54,0.355,0.4733,0,0
SPY190712P296,2019-07-10,2019-07-10 09:33:35,0.36,0.48,20,0.35,0.4666,1956,0.35,0.4666,54,0.355,0.4733,0,0
SPY190712P296,2019-07-10,2019-07-10 09:33:35,0.36,0.48,20,0.35,0.4666,2349,0.35,0.4666,54,0.355,0.4733,0,0
SPY190712P296,2019-07-10,2019-07-10 09:33:36,0.36,0.48,20,0.35,0.4666,1161,0.35,0.4666,54,0.355,0.4733,0,0
SPY190712P296,2019-07-10,2019-07-10 09:33:36,0.36,0.48,20,0.35,0.4666,2349,0.35,0.4666,54,0.355,0.4733,0,0
SPY190712P296,2019-07-10,2019-07-10 09:33:37,0.36,0.48,20,0.35,0.4666,1693,0.35,0.4666,54,0.355,0.4733,0,0
SPY190712P296,2019-07-10,2019-07-10 09:33:38,0.36,0.48,20,0.35,0.4666,1943,0.35,0.4666,54,0.355,0.4733,0,0
SPY190712P296,2019-07-10,2019-07-10 09:33:38,0.36,0.48,20,0.35,0.4666,1975,0.35,0.4666,54,0.355,0.4733,0,0
SPY190712P296,2019-07-10,2019-07-10 09:33:39,0.36,0.48,20,0.35,0.4666,2047,0.35,0.4666,54,0.355,0.4733,0,0
SPY190712P296,2019-07-10,2019-07-10 09:33:39,0.36,0.48,20,0.35,0.4666,1977,0.35,0.4666,54,0.355,0.4733,0,0
SPY190712P296,2019-07-10,2019-07-10 09:33:40,0.36,0.48,20,0.35,0.4666,2047,0.35,0.4666,54,0.355,0.4733,0,0
SPY190712P296,2019-07-10,2019-07-10 09:33:41,0.36,0.48,20,0.35,0.4666,2738,0.35,0.4666,3,0.355,0.4733,0,0
SPY190712P296,2019-07-10,2019-07-10 09:33:41,0.36,0.48,20,0.35,0.4666,1337,0.35,0.4666,54,0.355,0.4733,0,0
SPY190712P296,2019-07-10,2019-07-10 09:33:42,0.36,0.48,20,0.35,0.4666,2935,0.35,0.4666,3,0.355,0.4733,0,0
SPY190712P296,2019-07-10,2019-07-10 09:33:42,0.36,0.48,20,0.35,0.4666,3161,0.35,0.4666,3,0.355,0.4733,0,0
SPY190712P296,2019-07-10,2019-07-10 09:33:43,0.36,0.48,20,0.35,0.4666,3055,0.35,0.4666,3,0.355,0.4733,0,0
SPY190712P296,2019-07-10,2019-07-10 09:33:44,0.36,0.48,20,0.35,0.4666,3055,0.35,0.4666,3,0.355,0.4733,0,0
SPY190712P296,2019-07-10,2019-07-10 09:33:45,0.36,0.48,20,0.35,0.4666,3199,0.35,0.4666,3,0.355,0.4733,0,0
SPY190712P296,2019-07-10,2019-07-10 09:33:46,0.36,0.48,20,0.35,0.4666,3444,0.35,0.4666,3,0.355,0.4733,0,0
SPY190712P296,2019-07-10,2019-07-10 09:33:47,0.36,0.48,20,0.35,0.4666,3444,0.35,0.4666,3,0.355,0.4733,0,0
SPY190712P296,2019-07-10,2019-07-10 09:33:47,0.37,0.4933,364,0.36,0.48,437,0.36,0.48,20,0.365,0.4866,0,0
SPY190712P296,2019-07-10,2019-07-10 09:33:48,0.37,0.4933,108,0.36,0.48,1955,0.36,0.48,20,0.365,0.4866,0,0
SPY190712P296,2019-07-10,2019-07-10 09:33:48,0.37,0.4933,108,0.36,0.48,2180,0.36,0.48,15,0.365,0.4866,0,0
SPY190712P296,2019-07-10,2019-07-10 09:33:49,0.37,0.4933,33,0.36,0.48,2472,0.36,0.48,15,0.365,0.4866,0,0
SPY190712P296,2019-07-10,2019-07-10 09:33:49,0.38,0.5066,136,0.37,0.4933,929,0.37,0.4933,2,0.375,0.5,0,0
SPY190712P296,2019-07-10,2019-07-10 09:33:50,0.38,0.5066,147,0.37,0.4933,1214,0.37,0.4933,2,0.375,0.5,0,0
SPY190712P296,2019-07-10,2019-07-10 09:33:51,0.38,0.5066,337,0.37,0.4933,433,0.37,0.4933,2,0.375,0.5,0,0
SPY190712P296,2019-07-10,2019-07-10 09:33:51,0.38,0.5066,297,0.37,0.4933,123,0.37,0.4933,2,0.375,0.5,0,0
SPY190712P296,2019-07-10,2019-07-10 09:33:52,0.38,0.5066,337,0.37,0.4933,589,0.37,0.4933,2,0.375,0.5,0,0
SPY190712P296,2019-07-10,2019-07-10 09:33:53,0.38,0.5066,367,0.37,0.4933,433,0.37,0.4933,2,0.375,0.5,0,0
SPY190712P296,2019-07-10,2019-07-10 09:33:53,0.38,0.5066,412,0.37,0.4933,433,0.37,0.4933,2,0.375,0.5,0,0
SPY190712P296,2019-07-10,2019-07-10 09:33:54,0.38,0.5066,1286,0.37,0.4933,433,0.37,0.4933,2,0.375,0.5,0,0
SPY190712P296,2019-07-10,2019-07-10 09:33:55,0.38,0.5066,1235,0.37,0.4933,602,0.37,0.4933,2,0.375,0.5,0,0
SPY190712P296,2019-07-10,2019-07-10 09:33:56,0.38,0.5066,1215,0.37,0.4933,602,0.37,0.4933,2,0.375,0.5,0,0
SPY190712P296,2019-07-10,2019-07-10 09:33:56,0.38,0.5066,1280,0.37,0.4933,602,0.37,0.4933,2,0.375,0.5,0,0
SPY190712P296,2019-07-10,2019-07-10 09:33:57,0.38,0.5066,1274,0.37,0.4933,602,0.37,0.4933,2,0.375,0.5,0,0
SPY190712P296,2019-07-10,2019-07-10 09:33:58,0.38,0.5066,1374,0.37,0.4933,602,0.37,0.4933,2,0.375,0.5,0,0
SPY190712P296,2019-07-10,2019-07-10 09:33:58,0.38,0.5066,1374,0.37,0.4933,176,0.37,0.4933,2,0.375,0.5,0,0
SPY190712P296,2019-07-10,2019-07-10 09:33:59,0.38,0.5066,1762,0.36,0.48,1214,0.37,0.4933,2,0.37,0.4933,0,0
SPY190712P296,2019-07-10,2019-07-10 09:33:59,0.37,0.4933,156,0.36,0.48,1200,0.37,0.4933,2,0.365,0.4866,0,0
SPY190712P296,2019-07-10,2019-07-10 09:34:00,0.37,0.4933,134,0.36,0.48,1384,0.37,0.4933,2,0.365,0.4866,0,0
SPY190712P296,2019-07-10,2019-07-10 09:34:01,0.37,0.4933,92,0.36,0.48,1205,0.37,0.4933,2,0.365,0.4866,0,0
SPY190712P296,2019-07-10,2019-07-10 09:34:01,0.37,0.4933,301,0.36,0.48,1024,0.37,0.4933,2,0.365,0.4866,0,0
SPY190712P296,2019-07-10,2019-07-10 09:34:02,0.37,0.4933,379,0.36,0.48,1455,0.37,0.4933,2,0.365,0.4866,0,0
SPY190712P296,2019-07-10,2019-07-10 09:34:02,0.37,0.4933,301,0.36,0.48,1419,0.37,0.4933,2,0.365,0.4866,0,0
SPY190712P296,2019-07-10,2019-07-10 09:34:03,0.37,0.4933,569,0.36,0.48,1078,0.37,0.4933,2,0.365,0.4866,0,0
SPY190712P296,2019-07-10,2019-07-10 09:34:03,0.37,0.4933,1323,0.36,0.48,467,0.37,0.4933,2,0.365,0.4866,0,0
SPY190712P296,2019-07-10,2019-07-10 09:34:04,0.37,0.4933,999,0.36,0.48,400,0.37,0.4933,1,0.365,0.4866,0,0
SPY190712P296,2019-07-10,2019-07-10 09:34:05,0.37,0.4933,1249,0.35,0.4666,1095,0.37,0.4933,1,0.36,0.48,0,0
SPY190712P296,2019-07-10,2019-07-10 09:34:05,0.36,0.48,326,0.35,0.4666,1429,0.35,0.4666,1,0.355,0.4733,0,0
SPY190712P296,2019-07-10,2019-07-10 09:34:06,0.36,0.48,289,0.35,0.4666,1429,0.35,0.4666,1,0.355,0.4733,0,0
SPY190712P296,2019-07-10,2019-07-10 09:34:06,0.36,0.48,321,0.35,0.4666,1043,0.35,0.4666,1,0.355,0.4733,0,0
SPY190712P296,2019-07-10,2019-07-10 09:34:07,0.36,0.48,631,0.35,0.4666,1038,0.35,0.4666,1,0.355,0.4733,0,0
SPY190712P296,2019-07-10,2019-07-10 09:34:07,0.37,0.4933,714,0.35,0.4666,978,0.35,0.4666,1,0.36,0.48,0,0
SPY190712P296,2019-07-10,2019-07-10 09:34:08,0.37,0.4933,950,0.36,0.48,271,0.35,0.4666,1,0.365,0.4866,0,0
SPY190712P296,2019-07-10,2019-07-10 09:34:08,0.36,0.48,319,0.34,0.4533,841,0.35,0.4666,1,0.35,0.4666,0,0
SPY190712P296,2019-07-10,2019-07-10 09:34:09,0.35,0.4666,220,0.34,0.4533,2190,0.35,0.4666,1,0.345,0.46,0,0
SPY190712P296,2019-07-10,2019-07-10 09:34:09,0.35,0.4666,216,0.34,0.4533,1989,0.35,0.4666,1,0.345,0.46,0,0
SPY190712P296,2019-07-10,2019-07-10 09:34:10,0.36,0.48,627,0.34,0.4533,1817,0.35,0.4666,1,0.35,0.4666,0,0
SPY190712P296,2019-07-10,2019-07-10 09:34:11,0.36,0.48,925,0.35,0.4666,289,0.35,0.4666,1,0.355,0.4733,0,0
SPY190712P296,2019-07-10,2019-07-10 09:34:11,0.36,0.48,1550,0.34,0.4533,3320,0.35,0.4666,1,0.35,0.4666,0,0
SPY190712P296,2019-07-10,2019-07-10 09:34:12,0.36,0.48,1847,0.35,0.4666,409,0.35,0.4666,1,0.355,0.4733,0,0
SPY190712P296,2019-07-10,2019-07-10 09:34:12,0.36,0.48,1847,0.34,0.4533,3320,0.35,0.4666,1,0.35,0.4666,0,0
SPY190712P296,2019-07-10,2019-07-10 09:34:13,0.36,0.48,1565,0.35,0.4666,389,0.35,0.4666,1,0.355,0.4733,0,0
SPY190712P296,2019-07-10,2019-07-10 09:34:13,0.36,0.48,1847,0.35,0.4666,389,0.35,0.4666,1,0.355,0.4733,0,0
SPY190712P296,2019-07-10,2019-07-10 09:34:14,0.36,0.48,297,0.35,0.4666,733,0.35,0.4666,1,0.355,0.4733,0,0
SPY190712P296,2019-07-10,2019-07-10 09:34:15,0.36,0.48,529,0.35,0.4666,1017,0.35,0.4666,1,0.355,0.4733,0,0
SPY190712P296,2019-07-10,2019-07-10 09:34:15,0.36,0.48,689,0.35,0.4666,882,0.35,0.4666,1,0.355,0.4733,0,0
SPY190712P296,2019-07-10,2019-07-10 09:34:16,0.36,0.48,305,0.35,0.4666,1449,0.35,0.4666,1,0.355,0.4733,0,0
SPY190712P296,2019-07-10,2019-07-10 09:34:16,0.36,0.48,397,0.35,0.4666,1602,0.35,0.4666,1,0.355,0.4733,0,0
SPY190712P296,2019-07-10,2019-07-10 09:34:17,0.36,0.48,50,0.35,0.4666,2968,0.35,0.4666,1,0.355,0.4733,0,0
SPY190712P296,2019-07-10,2019-07-10 09:34:17,0.36,0.48,50,0.35,0.4666,3481,0.35,0.4666,1,0.355,0.4733,0,0
SPY190712P296,2019-07-10,2019-07-10 09:34:18,0.36,0.48,50,0.35,0.4666,1875,0.35,0.4666,1,0.355,0.4733,0,0
SPY190712P296,2019-07-10,2019-07-10 09:34:19,0.36,0.48,250,0.35,0.4666,3149,0.35,0.4666,1,0.355,0.4733,0,0
SPY190712P296,2019-07-10,2019-07-10 09:34:19,0.36,0.48,50,0.35,0.4666,1193,0.35,0.4666,1,0.355,0.4733,0,0
SPY190712P296,2019-07-10,2019-07-10 09:34:20,0.36,0.48,455,0.35,0.4666,469,0.35,0.4666,1,0.355,0.4733,0,0
SPY190712P296,2019-07-10,2019-07-10 09:34:21,0.36,0.48,1399,0.35,0.4666,469,0.35,0.4666,1,0.355,0.4733,0,0
SPY190712P296,2019-07-10,2019-07-10 09:34:21,0.36,0.48,1052,0.35,0.4666,469,0.35,0.4666,1,0.355,0.4733,0,0
SPY190712P296,2019-07-10,2019-07-10 09:34:22,0.35,0.4666,280,0.34,0.4533,2091,0.35,0.4666,1,0.345,0.46,0,0
SPY190712P296,2019-07-10,2019-07-10 09:34:22,0.35,0.4666,280,0.34,0.4533,1232,0.35,0.4666,1,0.345,0.46,0,0
SPY190712P296,2019-07-10,2019-07-10 09:34:23,0.35,0.4666,270,0.34,0.4533,1124,0.35,0.4666,1,0.345,0.46,0,0
SPY190712P296,2019-07-10,2019-07-10 09:34:23,0.35,0.4666,265,0.34,0.4533,966,0.35,0.4666,1,0.345,0.46,0,0
SPY190712P296,2019-07-10,2019-07-10 09:34:24,0.35,0.4666,416,0.34,0.4533,893,0.35,0.4666,1,0.345,0.46,0,0
SPY190712P296,2019-07-10,2019-07-10 09:34:25,0.35,0.4666,416,0.34,0.4533,893,0.35,0.4666,1,0.345,0.46,0,0
SPY190712P296,2019-07-10,2019-07-10 09:34:25,0.35,0.4666,416,0.34,0.4533,1445,0.35,0.4666,1,0.345,0.46,0,0
SPY190712P296,2019-07-10,2019-07-10 09:34:26,0.35,0.4666,60,0.34,0.4533,1440,0.35,0.4666,1,0.345,0.46,0,0
SPY190712P296,2019-07-10,2019-07-10 09:34:26,0.35,0.4666,1,0.34,0.4533,3665,0.35,0.4666,1,0.345,0.46,0,0
SPY190712P296,2019-07-10,2019-07-10 09:34:27,0.35,0.4666,1,0.34,0.4533,2005,0.35,0.4666,1,0.345,0.46,0,0
SPY190712P296,2019-07-10,2019-07-10 09:34:27,0.35,0.4666,92,0.34,0.4533,3665,0.35,0.4666,1,0.345,0.46,0,0
SPY190712P296,2019-07-10,2019-07-10 09:34:28,0.35,0.4666,1,0.34,0.4533,3037,0.35,0.4666,1,0.345,0.46,0,0
SPY190712P296,2019-07-10,2019-07-10 09:34:29,0.35,0.4666,95,0.34,0.4533,2957,0.35,0.4666,1,0.345,0.46,0,0
SPY190712P296,2019-07-10,2019-07-10 09:34:29,0.35,0.4666,92,0.34,0.4533,3176,0.35,0.4666,1,0.345,0.46,0,0
SPY190712P296,2019-07-10,2019-07-10 09:34:30,0.35,0.4666,658,0.34,0.4533,1692,0.35,0.4666,1,0.345,0.46,0,0
SPY190712P296,2019-07-10,2019-07-10 09:34:30,0.35,0.4666,231,0.34,0.4533,2957,0.35,0.4666,1,0.345,0.46,0,0
SPY190712P296,2019-07-10,2019-07-10 09:34:31,0.35,0.4666,684,0.34,0.4533,1245,0.35,0.4666,1,0.345,0.46,0,0
SPY190712P296,2019-07-10,2019-07-10 09:34:31,0.35,0.4666,680,0.34,0.4533,1245,0.35,0.4666,1,0.345,0.46,0,0
SPY190712P296,2019-07-10,2019-07-10 09:34:32,0.35,0.4666,680,0.34,0.4533,480,0.35,0.4666,1,0.345,0.46,0,0
SPY190712P296,2019-07-10,2019-07-10 09:34:32,0.35,0.4666,1412,0.34,0.4533,50,0.35,0.4666,1,0.345,0.46,0,0
SPY190712P296,2019-07-10,2019-07-10 09:34:33,0.35,0.4666,2224,0.33,0.44,985,0.35,0.4666,1,0.34,0.4533,0,0
SPY190712P296,2019-07-10,2019-07-10 09:34:34,0.34,0.4533,113,0.33,0.44,1983,0.35,0.4666,1,0.335,0.4466,0,0
SPY190712P296,2019-07-10,2019-07-10 09:34:34,0.35,0.4666,2224,0.33,0.44,1915,0.35,0.4666,1,0.34,0.4533,0,0
SPY190712P296,2019-07-10,2019-07-10 09:34:35,0.34,0.4533,116,0.33,0.44,2223,0.35,0.4666,1,0.335,0.4466,0,0
SPY190712P296,2019-07-10,2019-07-10 09:34:35,0.34,0.4533,662,0.33,0.44,1718,0.34,0.4533,5,0.335,0.4466,0,0
SPY190712P296,2019-07-10,2019-07-10 09:34:36,0.34,0.4533,175,0.33,0.44,1445,0.34,0.4533,5,0.335,0.4466,0,0
SPY190712P296,2019-07-10,2019-07-10 09:34:36,0.34,0.4533,662,0.33,0.44,1445,0.34,0.4533,5,0.335,0.4466,0,0
SPY190712P296,2019-07-10,2019-07-10 09:34:37,0.35,0.4666,2112,0.33,0.44,1632,0.34,0.4533,5,0.34,0.4533,0,0
SPY190712P296,2019-07-10,2019-07-10 09:34:37,0.34,0.4533,416,0.33,0.44,1632,0.34,0.4533,5,0.335,0.4466,0,0
SPY190712P296,2019-07-10,2019-07-10 09:34:38,0.35,0.4666,1377,0.33,0.44,1897,0.34,0.4533,5,0.34,0.4533,0,0
SPY190712P296,2019-07-10,2019-07-10 09:34:39,0.34,0.4533,102,0.33,0.44,3178,0.34,0.4533,5,0.335,0.4466,0,0
SPY190712P296,2019-07-10,2019-07-10 09:34:39,0.35,0.4666,1889,0.33,0.44,3022,0.34,0.4533,5,0.34,0.4533,0,0
SPY190712P296,2019-07-10,2019-07-10 09:34:40,0.35,0.4666,1931,0.33,0.44,3178,0.34,0.4533,5,0.34,0.4533,0,0
SPY190712P296,2019-07-10,2019-07-10 09:34:40,0.35,0.4666,2119,0.34,0.4533,5,0.34,0.4533,5,0.345,0.46,0,0
SPY190712P296,2019-07-10,2019-07-10 09:34:41,0.35,0.4666,990,0.33,0.44,691,0.34,0.4533,5,0.34,0.4533,0,0
SPY190712P296,2019-07-10,2019-07-10 09:34:41,0.34,0.4533,92,0.33,0.44,2691,0.34,0.4533,5,0.335,0.4466,0,0
SPY190712P296,2019-07-10,2019-07-10 09:34:42,0.35,0.4666,1341,0.33,0.44,3626,0.34,0.4533,5,0.34,0.4533,0,0
SPY190712P296,2019-07-10,2019-07-10 09:34:42,0.35,0.4666,1046,0.34,0.4533,70,0.34,0.4533,5,0.345,0.46,0,0
SPY190712P296,2019-07-10,2019-07-10 09:34:43,0.35,0.4666,416,0.33,0.44,3626,0.34,0.4533,5,0.34,0.4533,0,0
SPY190712P296,2019-07-10,2019-07-10 09:34:44,0.35,0.4666,1341,0.33,0.44,2771,0.34,0.4533,5,0.34,0.4533,0,0
SPY190712P296,2019-07-10,2019-07-10 09:34:44,0.35,0.4666,1796,0.33,0.44,2902,0.34,0.4533,5,0.34,0.4533,0,0
SPY190712P296,2019-07-10,2019-07-10 09:34:45,0.34,0.4533,118,0.33,0.44,2771,0.34,0.4533,5,0.335,0.4466,0,0
SPY190712P296,2019-07-10,2019-07-10 09:34:45,0.35,0.4666,2002,0.33,0.44,2832,0.34,0.4533,5,0.34,0.4533,0,0
SPY190712P296,2019-07-10,2019-07-10 09:34:46,0.34,0.4533,158,0.33,0.44,2146,0.34,0.4533,5,0.335,0.4466,0,0
SPY190712P296,2019-07-10,2019-07-10 09:34:46,0.34,0.4533,162,0.33,0.44,2676,0.34,0.4533,5,0.335,0.4466,0,0
SPY190712P296,2019-07-10,2019-07-10 09:34:47,0.34,0.4533,530,0.33,0.44,1850,0.34,0.4533,5,0.335,0.4466,0,0
SPY190712P296,2019-07-10,2019-07-10 09:34:47,0.34,0.4533,160,0.33,0.44,2998,0.34,0.4533,5,0.335,0.4466,0,0
SPY190712P296,2019-07-10,2019-07-10 09:34:48,0.35,0.4666,2021,0.33,0.44,2397,0.34,0.4533,5,0.34,0.4533,0,0
SPY190712P296,2019-07-10,2019-07-10 09:34:49,0.35,0.4666,2014,0.33,0.44,3393,0.34,0.4533,5,0.34,0.4533,0,0
SPY190712P296,2019-07-10,2019-07-10 09:34:49,0.35,0.4666,2121,0.33,0.44,2397,0.34,0.4533,5,0.34,0.4533,0,0
SPY190712P296,2019-07-10,2019-07-10 09:34:50,0.34,0.4533,2,0.33,0.44,3514,0.34,0.4533,5,0.335,0.4466,0,0
SPY190712P296,2019-07-10,2019-07-10 09:34:50,0.34,0.4533,103,0.33,0.44,1905,0.34,0.4533,5,0.335,0.4466,0,0
SPY190712P296,2019-07-10,2019-07-10 09:34:51,0.34,0.4533,160,0.33,0.44,1905,0.34,0.4533,5,0.335,0.4466,0,0
SPY190712P296,2019-07-10,2019-07-10 09:34:52,0.34,0.4533,1446,0.33,0.44,381,0.34,0.4533,5,0.335,0.4466,0,0
SPY190712P296,2019-07-10,2019-07-10 09:34:52,0.34,0.4533,1156,0.33,0.44,627,0.34,0.4533,5,0.335,0.4466,0,0
SPY190712P296,2019-07-10,2019-07-10 09:34:53,0.34,0.4533,1474,0.33,0.44,429,0.34,0.4533,5,0.335,0.4466,0,0
SPY190712P296,2019-07-10,2019-07-10 09:34:53,0.34,0.4533,1474,0.33,0.44,615,0.34,0.4533,5,0.335,0.4466,0,0
SPY190712P296,2019-07-10,2019-07-10 09:34:54,0.34,0.4533,1573,0.33,0.44,429,0.34,0.4533,5,0.335,0.4466,0,0
SPY190712P296,2019-07-10,2019-07-10 09:34:55,0.34,0.4533,1573,0.33,0.44,313,0.34,0.4533,5,0.335,0.4466,0,0
SPY190712P296,2019-07-10,2019-07-10 09:34:56,0.34,0.4533,1180,0.33,0.44,235,0.34,0.4533,5,0.335,0.4466,0,0
SPY190712P296,2019-07-10,2019-07-10 09:34:56,0.34,0.4533,701,0.33,0.44,10,0.34,0.4533,5,0.335,0.4466,0,0
SPY190712P296,2019-07-10,2019-07-10 09:34:57,0.34,0.4533,1768,0.33,0.44,122,0.34,0.4533,5,0.335,0.4466,0,0
SPY190712P296,2019-07-10,2019-07-10 09:34:57,0.34,0.4533,1967,0.33,0.44,235,0.34,0.4533,5,0.335,0.4466,0,0
SPY190712P296,2019-07-10,2019-07-10 09:34:58,0.34,0.4533,2025,0.33,0.44,296,0.34,0.4533,5,0.335,0.4466,0,0
SPY190712P296,2019-07-10,2019-07-10 09:34:59,0.33,0.44,130,0.32,0.4266,1867,0.34,0.4533,5,0.325,0.4333,0,0
SPY190712P296,2019-07-10,2019-07-10 09:35:01,0.33,0.44,190,0.32,0.4266,2488,0.32,0.4266,1,0.325,0.4333,0,0
SPY190712P296,2019-07-10,2019-07-10 09:35:02,0.33,0.44,190,0.32,0.4266,1810,0.32,0.4266,1,0.325,0.4333,0,0
SPY190712P296,2019-07-10,2019-07-10 09:35:02,0.33,0.44,205,0.32,0.4266,2505,0.32,0.4266,1,0.325,0.4333,0,0
SPY190712P296,2019-07-10,2019-07-10 09:35:03,0.33,0.44,205,0.32,0.4266,2505,0.32,0.4266,1,0.325,0.4333,0,0
SPY190712P296,2019-07-10,2019-07-10 09:35:04,0.33,0.44,200,0.32,0.4266,2392,0.32,0.4266,1,0.325,0.4333,0,0
SPY190712P296,2019-07-10,2019-07-10 09:35:06,0.33,0.44,706,0.32,0.4266,908,0.33,0.44,1,0.325,0.4333,0,0
SPY190712P296,2019-07-10,2019-07-10 09:35:07,0.33,0.44,416,0.32,0.4266,1138,0.33,0.44,40,0.325,0.4333,0,0
SPY190712P296,2019-07-10,2019-07-10 09:35:07,0.33,0.44,664,0.32,0.4266,1758,0.33,0.44,1,0.325,0.4333,0,0
SPY190712P296,2019-07-10,2019-07-10 09:35:08,0.33,0.44,79,0.32,0.4266,2731,0.33,0.44,40,0.325,0.4333,0,0
SPY190712P296,2019-07-10,2019-07-10 09:35:09,0.33,0.44,199,0.32,0.4266,2968,0.33,0.44,40,0.325,0.4333,0,0
SPY190712P296,2019-07-10,2019-07-10 09:35:09,0.33,0.44,527,0.32,0.4266,916,0.33,0.44,40,0.325,0.4333,0,0
SPY190712P296,2019-07-10,2019-07-10 09:35:10,0.33,0.44,198,0.32,0.4266,2968,0.33,0.44,40,0.325,0.4333,0,0
SPY190712P296,2019-07-10,2019-07-10 09:35:10,0.33,0.44,685,0.32,0.4266,1399,0.33,0.44,40,0.325,0.4333,0,0
SPY190712P296,2019-07-10,2019-07-10 09:35:11,0.33,0.44,156,0.32,0.4266,658,0.33,0.44,40,0.325,0.4333,0,0
SPY190712P296,2019-07-10,2019-07-10 09:35:12,0.33,0.44,98,0.32,0.4266,1918,0.33,0.44,40,0.325,0.4333,0,0
SPY190712P296,2019-07-10,2019-07-10 09:35:12,0.33,0.44,98,0.32,0.4266,1982,0.33,0.44,40,0.325,0.4333,0,0
SPY190712P296,2019-07-10,2019-07-10 09:35:13,0.33,0.44,95,0.32,0.4266,2629,0.33,0.44,40,0.325,0.4333,0,0
SPY190712P296,2019-07-10,2019-07-10 09:35:13,0.33,0.44,98,0.32,0.4266,3573,0.33,0.44,40,0.325,0.4333,0,0
SPY190712P296,2019-07-10,2019-07-10 09:35:14,0.33,0.44,42,0.32,0.4266,3943,0.33,0.44,40,0.325,0.4333,0,0
SPY190712P296,2019-07-10,2019-07-10 09:35:15,0.33,0.44,1,0.32,0.4266,2772,0.33,0.44,40,0.325,0.4333,0,0
SPY190712P296,2019-07-10,2019-07-10 09:35:16,0.33,0.44,176,0.32,0.4266,3350,0.33,0.44,40,0.325,0.4333,0,0
SPY190712P296,2019-07-10,2019-07-10 09:35:17,0.33,0.44,176,0.32,0.4266,3350,0.33,0.44,40,0.325,0.4333,0,0
SPY190712P296,2019-07-10,2019-07-10 09:35:18,0.33,0.44,105,0.32,0.4266,3311,0.33,0.44,40,0.325,0.4333,0,0
SPY190712P296,2019-07-10,2019-07-10 09:35:19,0.33,0.44,3,0.32,0.4266,3581,0.33,0.44,40,0.325,0.4333,0,0
SPY190712P296,2019-07-10,2019-07-10 09:35:19,0.33,0.44,95,0.32,0.4266,3488,0.33,0.44,40,0.325,0.4333,0,0
SPY190712P296,2019-07-10,2019-07-10 09:35:20,0.33,0.44,180,0.32,0.4266,3485,0.33,0.44,40,0.325,0.4333,0,0
SPY190712P296,2019-07-10,2019-07-10 09:35:21,0.33,0.44,384,0.32,0.4266,1660,0.33,0.44,40,0.325,0.4333,0,0
SPY190712P296,2019-07-10,2019-07-10 09:35:26,0.33,0.44,1997,0.31,0.4133,3977,0.31,0.4133,1,0.32,0.4266,0,0
SPY190712P296,2019-07-10,2019-07-10 09:35:26,0.32,0.4266,127,0.31,0.4133,2955,0.31,0.4133,1,0.315,0.42,0,0
SPY190712P296,2019-07-10,2019-07-10 09:35:27,0.32,0.4266,231,0.31,0.4133,2768,0.31,0.4133,1,0.315,0.42,0,0
SPY190712P296,2019-07-10,2019-07-10 09:35:28,0.32,0.4266,223,0.31,0.4133,2768,0.31,0.4133,1,0.315,0.42,0,0
SPY190712P296,2019-07-10,2019-07-10 09:35:29,0.33,0.44,1097,0.32,0.4266,163,0.31,0.4133,1,0.325,0.4333,0,0
SPY190712P296,2019-07-10,2019-07-10 09:35:29,0.33,0.44,1429,0.32,0.4266,132,0.31,0.4133,1,0.325,0.4333,0,0
SPY190712P296,2019-07-10,2019-07-10 09:35:30,0.33,0.44,680,0.32,0.4266,649,0.31,0.4133,1,0.325,0.4333,0,0
SPY190712P296,2019-07-10,2019-07-10 09:35:31,0.33,0.44,952,0.32,0.4266,451,0.31,0.4133,1,0.325,0.4333,0,0
SPY190712P296,2019-07-10,2019-07-10 09:35:31,0.33,0.44,2614,0.31,0.4133,4255,0.31,0.4133,1,0.32,0.4266,0,0
SPY190712P296,2019-07-10,2019-07-10 09:35:32,0.32,0.4266,2,0.31,0.4133,4156,0.31,0.4133,1,0.315,0.42,0,0
SPY190712P296,2019-07-10,2019-07-10 09:35:32,0.32,0.4266,2,0.31,0.4133,3896,0.31,0.4133,1,0.315,0.42,0,0
SPY190712P296,2019-07-10,2019-07-10 09:35:33,0.32,0.4266,2,0.31,0.4133,3241,0.31,0.4133,1,0.315,0.42,0,0
SPY190712P296,2019-07-10,2019-07-10 09:35:33,0.32,0.4266,2,0.31,0.4133,4156,0.31,0.4133,1,0.315,0.42,0,0
SPY190712P296,2019-07-10,2019-07-10 09:35:34,0.32,0.4266,95,0.31,0.4133,4368,0.31,0.4133,1,0.315,0.42,0,0
SPY190712P296,2019-07-10,2019-07-10 09:35:35,0.32,0.4266,135,0.31,0.4133,3741,0.31,0.4133,1,0.315,0.42,0,0
SPY190712P296,2019-07-10,2019-07-10 09:35:35,0.32,0.4266,5,0.31,0.4133,2639,0.31,0.4133,1,0.315,0.42,0,0
SPY190712P296,2019-07-10,2019-07-10 09:35:36,0.32,0.4266,50,0.31,0.4133,4119,0.31,0.4133,1,0.315,0.42,0,0
SPY190712P296,2019-07-10,2019-07-10 09:35:36,0.32,0.4266,50,0.31,0.4133,4071,0.31,0.4133,1,0.315,0.42,0,0
SPY190712P296,2019-07-10,2019-07-10 09:35:37,0.32,0.4266,95,0.31,0.4133,4098,0.31,0.4133,1,0.315,0.42,0,0
SPY190712P296,2019-07-10,2019-07-10 09:35:38,0.32,0.4266,2,0.31,0.4133,3594,0.31,0.4133,1,0.315,0.42,0,0
SPY190712P296,2019-07-10,2019-07-10 09:35:38,0.32,0.4266,135,0.31,0.4133,4446,0.31,0.4133,1,0.315,0.42,0,0
SPY190712P296,2019-07-10,2019-07-10 09:35:39,0.32,0.4266,2,0.31,0.4133,4536,0.31,0.4133,1,0.315,0.42,0,0
SPY190712P296,2019-07-10,2019-07-10 09:35:40,0.32,0.4266,2,0.31,0.4133,4536,0.31,0.4133,1,0.315,0.42,0,0
SPY190712P296,2019-07-10,2019-07-10 09:35:41,0.33,0.44,687,0.32,0.4266,1,0.32,0.4266,2,0.325,0.4333,0,0
SPY190712P296,2019-07-10,2019-07-10 09:35:41,0.32,0.4266,2,0.31,0.4133,4653,0.31,0.4133,1,0.315,0.42,0,0
SPY190712P296,2019-07-10,2019-07-10 09:35:42,0.33,0.44,2106,0.32,0.4266,561,0.32,0.4266,2,0.325,0.4333,0,0
SPY190712P296,2019-07-10,2019-07-10 09:35:42,0.33,0.44,1596,0.32,0.4266,420,0.32,0.4266,2,0.325,0.4333,0,0
SPY190712P296,2019-07-10,2019-07-10 09:35:43,0.33,0.44,2113,0.32,0.4266,684,0.32,0.4266,2,0.325,0.4333,0,0
SPY190712P296,2019-07-10,2019-07-10 09:35:43,0.33,0.44,416,0.32,0.4266,502,0.32,0.4266,2,0.325,0.4333,0,0
SPY190712P296,2019-07-10,2019-07-10 09:35:44,0.33,0.44,395,0.32,0.4266,1642,0.32,0.4266,2,0.325,0.4333,0,0
SPY190712P296,2019-07-10,2019-07-10 09:35:45,0.33,0.44,332,0.32,0.4266,2792,0.32,0.4266,2,0.325,0.4333,0,0
SPY190712P296,2019-07-10,2019-07-10 09:35:46,0.33,0.44,676,0.32,0.4266,2792,0.32,0.4266,2,0.325,0.4333,0,0
SPY190712P296,2019-07-10,2019-07-10 09:35:46,0.33,0.44,366,0.32,0.4266,2346,0.32,0.4266,2,0.325,0.4333,0,0
SPY190712P296,2019-07-10,2019-07-10 09:35:47,0.33,0.44,391,0.32,0.4266,2133,0.32,0.4266,2,0.325,0.4333,0,0
SPY190712P296,2019-07-10,2019-07-10 09:35:47,0.33,0.44,366,0.32,0.4266,1047,0.32,0.4266,2,0.325,0.4333,0,0
SPY190712P296,2019-07-10,2019-07-10 09:35:48,0.33,0.44,1540,0.32,0.4266,1589,0.32,0.4266,2,0.325,0.4333,0,0
SPY190712P296,2019-07-10,2019-07-10 09:35:48,0.33,0.44,1572,0.32,0.4266,876,0.32,0.4266,2,0.325,0.4333,0,0
SPY190712P296,2019-07-10,2019-07-10 09:35:49,0.33,0.44,1101,0.32,0.4266,563,0.32,0.4266,2,0.325,0.4333,0,0
SPY190712P296,2019-07-10,2019-07-10 09:35:50,0.33,0.44,2857,0.32,0.4266,12,0.32,0.4266,2,0.325,0.4333,0,0
SPY190712P296,2019-07-10,2019-07-10 09:35:50,0.33,0.44,1902,0.32,0.4266,266,0.32,0.4266,2,0.325,0.4333,0,0
SPY190712P296,2019-07-10,2019-07-10 09:35:51,0.33,0.44,677,0.32,0.4266,241,0.32,0.4266,2,0.325,0.4333,0,0
SPY190712P296,2019-07-10,2019-07-10 09:35:52,0.33,0.44,354,0.32,0.4266,1216,0.32,0.4266,2,0.325,0.4333,0,0
SPY190712P296,2019-07-10,2019-07-10 09:35:52,0.33,0.44,848,0.32,0.4266,804,0.32,0.4266,2,0.325,0.4333,0,0
SPY190712P296,2019-07-10,2019-07-10 09:35:53,0.33,0.44,1017,0.32,0.4266,1860,0.32,0.4266,2,0.325,0.4333,0,0
SPY190712P296,2019-07-10,2019-07-10 09:35:53,0.33,0.44,361,0.32,0.4266,1395,0.32,0.4266,2,0.325,0.4333,0,0
SPY190712P296,2019-07-10,2019-07-10 09:35:54,0.33,0.44,1074,0.32,0.4266,465,0.32,0.4266,2,0.325,0.4333,0,0
SPY190712P296,2019-07-10,2019-07-10 09:35:54,0.33,0.44,1074,0.32,0.4266,354,0.32,0.4266,2,0.325,0.4333,0,0
SPY190712P296,2019-07-10,2019-07-10 09:35:55,0.33,0.44,839,0.32,0.4266,2641,0.32,0.4266,2,0.325,0.4333,0,0
SPY190712P296,2019-07-10,2019-07-10 09:35:56,0.33,0.44,738,0.32,0.4266,2641,0.32,0.4266,2,0.325,0.4333,0,0
SPY190712P296,2019-07-10,2019-07-10 09:35:57,0.33,0.44,693,0.32,0.4266,2652,0.32,0.4266,2,0.325,0.4333,0,0
SPY190712P296,2019-07-10,2019-07-10 09:35:57,0.33,0.44,565,0.32,0.4266,2652,0.32,0.4266,2,0.325,0.4333,0,0
SPY190712P296,2019-07-10,2019-07-10 09:35:58,0.33,0.44,970,0.32,0.4266,2652,0.32,0.4266,2,0.325,0.4333,0,0
SPY190712P296,2019-07-10,2019-07-10 09:35:58,0.33,0.44,857,0.32,0.4266,2001,0.32,0.4266,2,0.325,0.4333,0,0
SPY190712P296,2019-07-10,2019-07-10 09:35:59,0.33,0.44,857,0.32,0.4266,2695,0.32,0.4266,2,0.325,0.4333,0,0
SPY190712P296,2019-07-10,2019-07-10 09:36:00,0.33,0.44,190,0.32,0.4266,1825,0.32,0.4266,2,0.325,0.4333,0,0
SPY190712P296,2019-07-10,2019-07-10 09:36:00,0.33,0.44,93,0.32,0.4266,2048,0.32,0.4266,2,0.325,0.4333,0,0
SPY190712P296,2019-07-10,2019-07-10 09:36:01,0.33,0.44,43,0.32,0.4266,3108,0.32,0.4266,2,0.325,0.4333,0,0
SPY190712P296,2019-07-10,2019-07-10 09:36:01,0.33,0.44,293,0.32,0.4266,2048,0.32,0.4266,2,0.325,0.4333,0,0
SPY190712P296,2019-07-10,2019-07-10 09:36:02,0.33,0.44,43,0.32,0.4266,3108,0.32,0.4266,2,0.325,0.4333,0,0
SPY190712P296,2019-07-10,2019-07-10 09:36:02,0.33,0.44,134,0.32,0.4266,3518,0.32,0.4266,2,0.325,0.4333,0,0
SPY190712P296,2019-07-10,2019-07-10 09:36:03,0.33,0.44,43,0.32,0.4266,3518,0.32,0.4266,2,0.325,0.4333,0,0
SPY190712P296,2019-07-10,2019-07-10 09:36:03,0.33,0.44,43,0.32,0.4266,3108,0.32,0.4266,2,0.325,0.4333,0,0
SPY190712P296,2019-07-10,2019-07-10 09:36:04,0.33,0.44,43,0.32,0.4266,3572,0.32,0.4266,2,0.325,0.4333,0,0
SPY190712P296,2019-07-10,2019-07-10 09:36:05,0.33,0.44,276,0.32,0.4266,2695,0.32,0.4266,2,0.325,0.4333,0,0
SPY190712P296,2019-07-10,2019-07-10 09:36:05,0.33,0.44,77,0.32,0.4266,3572,0.32,0.4266,2,0.325,0.4333,0,0
SPY190712P296,2019-07-10,2019-07-10 09:36:06,0.33,0.44,172,0.32,0.4266,2443,0.32,0.4266,2,0.325,0.4333,0,0
SPY190712P296,2019-07-10,2019-07-10 09:36:06,0.33,0.44,43,0.32,0.4266,3385,0.33,0.44,1,0.325,0.4333,0,0
