symbol,Date,quote_time,ask_price,norm_ask_price,ask_size,bid_price,norm_bid_price,bid_size,last_trade_price,norm_last_trade_price,last_trade_size,mark_price,norm_mark_price,volume,Volume
SPY190712P298,2019-07-10,2019-07-10 00:21:39,1.59,1.0,100,1.55,0.9748,289,1.65,1.0377,2,1.57,0.9874,0,0
SPY190712P298,2019-07-10,2019-07-10 00:21:41,1.59,1.0,100,1.55,0.9748,289,1.65,1.0377,2,1.57,0.9874,0,0
SPY190712P298,2019-07-10,2019-07-10 00:21:42,1.59,1.0,100,1.55,0.9748,289,1.65,1.0377,2,1.57,0.9874,0,0
SPY190712P298,2019-07-10,2019-07-10 00:21:43,1.59,1.0,100,1.55,0.9748,289,1.65,1.0377,2,1.57,0.9874,0,0
SPY190712P298,2019-07-10,2019-07-10 00:21:45,1.59,1.0,100,1.55,0.9748,289,1.65,1.0377,2,1.57,0.9874,0,0
SPY190712P298,2019-07-10,2019-07-10 00:21:47,1.59,1.0,100,1.55,0.9748,289,1.65,1.0377,2,1.57,0.9874,0,0
SPY190712P298,2019-07-10,2019-07-10 00:21:49,1.59,1.0,100,1.55,0.9748,289,1.65,1.0377,2,1.57,0.9874,0,0
SPY190712P298,2019-07-10,2019-07-10 00:21:50,1.59,1.0,100,1.55,0.9748,289,1.65,1.0377,2,1.57,0.9874,0,0
SPY190712P298,2019-07-10,2019-07-10 00:21:51,1.59,1.0,100,1.55,0.9748,289,1.65,1.0377,2,1.57,0.9874,0,0
SPY190712P298,2019-07-10,2019-07-10 00:21:52,1.59,1.0,100,1.55,0.9748,289,1.65,1.0377,2,1.57,0.9874,0,0
SPY190712P298,2019-07-10,2019-07-10 00:21:54,1.59,1.0,100,1.55,0.9748,289,1.65,1.0377,2,1.57,0.9874,0,0
SPY190712P298,2019-07-10,2019-07-10 00:21:56,1.59,1.0,100,1.55,0.9748,289,1.65,1.0377,2,1.57,0.9874,0,0
SPY190712P298,2019-07-10,2019-07-10 00:21:58,1.59,1.0,100,1.55,0.9748,289,1.65,1.0377,2,1.57,0.9874,0,0
SPY190712P298,2019-07-10,2019-07-10 00:22:00,1.59,1.0,100,1.55,0.9748,289,1.65,1.0377,2,1.57,0.9874,0,0
SPY190712P298,2019-07-10,2019-07-10 00:22:01,1.59,1.0,100,1.55,0.9748,289,1.65,1.0377,2,1.57,0.9874,0,0
SPY190712P298,2019-07-10,2019-07-10 00:22:02,1.59,1.0,100,1.55,0.9748,289,1.65,1.0377,2,1.57,0.9874,0,0
SPY190712P298,2019-07-10,2019-07-10 00:45:16,1.59,1.0,100,1.55,0.9748,289,1.65,1.0377,2,1.57,0.9874,0,0
SPY190712P298,2019-07-10,2019-07-10 00:45:32,1.59,1.0,100,1.55,0.9748,289,1.65,1.0377,2,1.57,0.9874,0,0
SPY190712P298,2019-07-10,2019-07-10 00:45:37,1.59,1.0,100,1.55,0.9748,289,1.65,1.0377,2,1.57,0.9874,0,0
SPY190712P298,2019-07-10,2019-07-10 00:45:40,1.59,1.0,100,1.55,0.9748,289,1.65,1.0377,2,1.57,0.9874,0,0
SPY190712P298,2019-07-10,2019-07-10 00:45:43,1.59,1.0,100,1.55,0.9748,289,1.65,1.0377,2,1.57,0.9874,0,0
SPY190712P298,2019-07-10,2019-07-10 00:45:49,1.59,1.0,100,1.55,0.9748,289,1.65,1.0377,2,1.57,0.9874,0,0
SPY190712P298,2019-07-10,2019-07-10 00:45:53,1.59,1.0,100,1.55,0.9748,289,1.65,1.0377,2,1.57,0.9874,0,0
SPY190712P298,2019-07-10,2019-07-10 00:45:55,1.59,1.0,100,1.55,0.9748,289,1.65,1.0377,2,1.57,0.9874,0,0
SPY190712P298,2019-07-10,2019-07-10 00:45:59,1.59,1.0,100,1.55,0.9748,289,1.65,1.0377,2,1.57,0.9874,0,0
SPY190712P298,2019-07-10,2019-07-10 00:46:03,1.59,1.0,100,1.55,0.9748,289,1.65,1.0377,2,1.57,0.9874,0,0
SPY190712P298,2019-07-10,2019-07-10 00:46:07,1.59,1.0,100,1.55,0.9748,289,1.65,1.0377,2,1.57,0.9874,0,0
SPY190712P298,2019-07-10,2019-07-10 00:46:10,1.59,1.0,100,1.55,0.9748,289,1.65,1.0377,2,1.57,0.9874,0,0
SPY190712P298,2019-07-10,2019-07-10 00:46:13,1.59,1.0,100,1.55,0.9748,289,1.65,1.0377,2,1.57,0.9874,0,0
SPY190712P298,2019-07-10,2019-07-10 00:46:17,1.59,1.0,100,1.55,0.9748,289,1.65,1.0377,2,1.57,0.9874,0,0
SPY190712P298,2019-07-10,2019-07-10 00:46:20,1.59,1.0,100,1.55,0.9748,289,1.65,1.0377,2,1.57,0.9874,0,0
SPY190712P298,2019-07-10,2019-07-10 00:46:27,1.59,1.0,100,1.55,0.9748,289,1.65,1.0377,2,1.57,0.9874,0,0
SPY190712P298,2019-07-10,2019-07-10 00:46:30,1.59,1.0,100,1.55,0.9748,289,1.65,1.0377,2,1.57,0.9874,0,0
SPY190712P298,2019-07-10,2019-07-10 00:46:34,1.59,1.0,100,1.55,0.9748,289,1.65,1.0377,2,1.57,0.9874,0,0
SPY190712P298,2019-07-10,2019-07-10 00:46:37,1.59,1.0,100,1.55,0.9748,289,1.65,1.0377,2,1.57,0.9874,0,0
SPY190712P298,2019-07-10,2019-07-10 00:46:40,1.59,1.0,100,1.55,0.9748,289,1.65,1.0377,2,1.57,0.9874,0,0
SPY190712P298,2019-07-10,2019-07-10 00:46:44,1.59,1.0,100,1.55,0.9748,289,1.65,1.0377,2,1.57,0.9874,0,0
SPY190712P298,2019-07-10,2019-07-10 00:46:48,1.59,1.0,100,1.55,0.9748,289,1.65,1.0377,2,1.57,0.9874,0,0
SPY190712P298,2019-07-10,2019-07-10 00:46:51,1.59,1.0,100,1.55,0.9748,289,1.65,1.0377,2,1.57,0.9874,0,0
SPY190712P298,2019-07-10,2019-07-10 00:46:54,1.59,1.0,100,1.55,0.9748,289,1.65,1.0377,2,1.57,0.9874,0,0
SPY190712P298,2019-07-10,2019-07-10 00:46:57,1.59,1.0,100,1.55,0.9748,289,1.65,1.0377,2,1.57,0.9874,0,0
SPY190712P298,2019-07-10,2019-07-10 00:47:00,1.59,1.0,100,1.55,0.9748,289,1.65,1.0377,2,1.57,0.9874,0,0
SPY190712P298,2019-07-10,2019-07-10 00:47:03,1.59,1.0,100,1.55,0.9748,289,1.65,1.0377,2,1.57,0.9874,0,0
SPY190712P298,2019-07-10,2019-07-10 00:47:07,1.59,1.0,100,1.55,0.9748,289,1.65,1.0377,2,1.57,0.9874,0,0
SPY190712P298,2019-07-10,2019-07-10 00:47:09,1.59,1.0,100,1.55,0.9748,289,1.65,1.0377,2,1.57,0.9874,0,0
SPY190712P298,2019-07-10,2019-07-10 00:47:12,1.59,1.0,100,1.55,0.9748,289,1.65,1.0377,2,1.57,0.9874,0,0
SPY190712P298,2019-07-10,2019-07-10 00:47:15,1.59,1.0,100,1.55,0.9748,289,1.65,1.0377,2,1.57,0.9874,0,0
SPY190712P298,2019-07-10,2019-07-10 00:47:18,1.59,1.0,100,1.55,0.9748,289,1.65,1.0377,2,1.57,0.9874,0,0
SPY190712P298,2019-07-10,2019-07-10 00:47:21,1.59,1.0,100,1.55,0.9748,289,1.65,1.0377,2,1.57,0.9874,0,0
SPY190712P298,2019-07-10,2019-07-10 00:47:26,1.59,1.0,100,1.55,0.9748,289,1.65,1.0377,2,1.57,0.9874,0,0
SPY190712P298,2019-07-10,2019-07-10 00:47:30,1.59,1.0,100,1.55,0.9748,289,1.65,1.0377,2,1.57,0.9874,0,0
SPY190712P298,2019-07-10,2019-07-10 00:47:33,1.59,1.0,100,1.55,0.9748,289,1.65,1.0377,2,1.57,0.9874,0,0
SPY190712P298,2019-07-10,2019-07-10 00:47:36,1.59,1.0,100,1.55,0.9748,289,1.65,1.0377,2,1.57,0.9874,0,0
SPY190712P298,2019-07-10,2019-07-10 00:47:39,1.59,1.0,100,1.55,0.9748,289,1.65,1.0377,2,1.57,0.9874,0,0
SPY190712P298,2019-07-10,2019-07-10 00:47:42,1.59,1.0,100,1.55,0.9748,289,1.65,1.0377,2,1.57,0.9874,0,0
SPY190712P298,2019-07-10,2019-07-10 00:47:47,1.59,1.0,100,1.55,0.9748,289,1.65,1.0377,2,1.57,0.9874,0,0
SPY190712P298,2019-07-10,2019-07-10 00:47:50,1.59,1.0,100,1.55,0.9748,289,1.65,1.0377,2,1.57,0.9874,0,0
SPY190712P298,2019-07-10,2019-07-10 00:47:53,1.59,1.0,100,1.55,0.9748,289,1.65,1.0377,2,1.57,0.9874,0,0
SPY190712P298,2019-07-10,2019-07-10 00:47:56,1.59,1.0,100,1.55,0.9748,289,1.65,1.0377,2,1.57,0.9874,0,0
SPY190712P298,2019-07-10,2019-07-10 00:47:59,1.59,1.0,100,1.55,0.9748,289,1.65,1.0377,2,1.57,0.9874,0,0
SPY190712P298,2019-07-10,2019-07-10 00:48:02,1.59,1.0,100,1.55,0.9748,289,1.65,1.0377,2,1.57,0.9874,0,0
SPY190712P298,2019-07-10,2019-07-10 00:48:06,1.59,1.0,100,1.55,0.9748,289,1.65,1.0377,2,1.57,0.9874,0,0
SPY190712P298,2019-07-10,2019-07-10 00:48:09,1.59,1.0,100,1.55,0.9748,289,1.65,1.0377,2,1.57,0.9874,0,0
SPY190712P298,2019-07-10,2019-07-10 00:48:12,1.59,1.0,100,1.55,0.9748,289,1.65,1.0377,2,1.57,0.9874,0,0
SPY190712P298,2019-07-10,2019-07-10 00:48:15,1.59,1.0,100,1.55,0.9748,289,1.65,1.0377,2,1.57,0.9874,0,0
SPY190712P298,2019-07-10,2019-07-10 00:48:18,1.59,1.0,100,1.55,0.9748,289,1.65,1.0377,2,1.57,0.9874,0,0
SPY190712P298,2019-07-10,2019-07-10 00:48:22,1.59,1.0,100,1.55,0.9748,289,1.65,1.0377,2,1.57,0.9874,0,0
SPY190712P298,2019-07-10,2019-07-10 00:48:26,1.59,1.0,100,1.55,0.9748,289,1.65,1.0377,2,1.57,0.9874,0,0
SPY190712P298,2019-07-10,2019-07-10 00:48:32,1.59,1.0,100,1.55,0.9748,289,1.65,1.0377,2,1.57,0.9874,0,0
SPY190712P298,2019-07-10,2019-07-10 00:48:37,1.59,1.0,100,1.55,0.9748,289,1.65,1.0377,2,1.57,0.9874,0,0
SPY190712P298,2019-07-10,2019-07-10 00:48:42,1.59,1.0,100,1.55,0.9748,289,1.65,1.0377,2,1.57,0.9874,0,0
SPY190712P298,2019-07-10,2019-07-10 00:48:48,1.59,1.0,100,1.55,0.9748,289,1.65,1.0377,2,1.57,0.9874,0,0
SPY190712P298,2019-07-10,2019-07-10 00:49:00,1.59,1.0,100,1.55,0.9748,289,1.65,1.0377,2,1.57,0.9874,0,0
SPY190712P298,2019-07-10,2019-07-10 00:49:12,1.59,1.0,100,1.55,0.9748,289,1.65,1.0377,2,1.57,0.9874,0,0
SPY190712P298,2019-07-10,2019-07-10 00:49:16,1.59,1.0,100,1.55,0.9748,289,1.65,1.0377,2,1.57,0.9874,0,0
SPY190712P298,2019-07-10,2019-07-10 00:49:22,1.59,1.0,100,1.55,0.9748,289,1.65,1.0377,2,1.57,0.9874,0,0
SPY190712P298,2019-07-10,2019-07-10 00:49:32,1.59,1.0,100,1.55,0.9748,289,1.65,1.0377,2,1.57,0.9874,0,0
SPY190712P298,2019-07-10,2019-07-10 00:49:37,1.59,1.0,100,1.55,0.9748,289,1.65,1.0377,2,1.57,0.9874,0,0
SPY190712P298,2019-07-10,2019-07-10 00:49:45,1.59,1.0,100,1.55,0.9748,289,1.65,1.0377,2,1.57,0.9874,0,0
SPY190712P298,2019-07-10,2019-07-10 00:49:52,1.59,1.0,100,1.55,0.9748,289,1.65,1.0377,2,1.57,0.9874,0,0
SPY190712P298,2019-07-10,2019-07-10 00:49:58,1.59,1.0,100,1.55,0.9748,289,1.65,1.0377,2,1.57,0.9874,0,0
SPY190712P298,2019-07-10,2019-07-10 00:49:59,1.59,1.0,100,1.55,0.9748,289,1.65,1.0377,2,1.57,0.9874,0,0
SPY190712P298,2019-07-10,2019-07-10 00:50:05,1.59,1.0,100,1.55,0.9748,289,1.65,1.0377,2,1.57,0.9874,0,0
SPY190712P298,2019-07-10,2019-07-10 00:50:17,1.59,1.0,100,1.55,0.9748,289,1.65,1.0377,2,1.57,0.9874,0,0
SPY190712P298,2019-07-10,2019-07-10 00:50:23,1.59,1.0,100,1.55,0.9748,289,1.65,1.0377,2,1.57,0.9874,0,0
SPY190712P298,2019-07-10,2019-07-10 00:50:29,1.59,1.0,100,1.55,0.9748,289,1.65,1.0377,2,1.57,0.9874,0,0
SPY190712P298,2019-07-10,2019-07-10 00:50:36,1.59,1.0,100,1.55,0.9748,289,1.65,1.0377,2,1.57,0.9874,0,0
SPY190712P298,2019-07-10,2019-07-10 00:50:41,1.59,1.0,100,1.55,0.9748,289,1.65,1.0377,2,1.57,0.9874,0,0
SPY190712P298,2019-07-10,2019-07-10 00:50:44,1.59,1.0,100,1.55,0.9748,289,1.65,1.0377,2,1.57,0.9874,0,0
SPY190712P298,2019-07-10,2019-07-10 00:50:55,1.59,1.0,100,1.55,0.9748,289,1.65,1.0377,2,1.57,0.9874,0,0
SPY190712P298,2019-07-10,2019-07-10 00:51:01,1.59,1.0,100,1.55,0.9748,289,1.65,1.0377,2,1.57,0.9874,0,0
SPY190712P298,2019-07-10,2019-07-10 00:51:05,1.59,1.0,100,1.55,0.9748,289,1.65,1.0377,2,1.57,0.9874,0,0
SPY190712P298,2019-07-10,2019-07-10 00:51:09,1.59,1.0,100,1.55,0.9748,289,1.65,1.0377,2,1.57,0.9874,0,0
SPY190712P298,2019-07-10,2019-07-10 00:51:12,1.59,1.0,100,1.55,0.9748,289,1.65,1.0377,2,1.57,0.9874,0,0
SPY190712P298,2019-07-10,2019-07-10 00:51:15,1.59,1.0,100,1.55,0.9748,289,1.65,1.0377,2,1.57,0.9874,0,0
SPY190712P298,2019-07-10,2019-07-10 00:51:20,1.59,1.0,100,1.55,0.9748,289,1.65,1.0377,2,1.57,0.9874,0,0
SPY190712P298,2019-07-10,2019-07-10 00:51:23,1.59,1.0,100,1.55,0.9748,289,1.65,1.0377,2,1.57,0.9874,0,0
SPY190712P298,2019-07-10,2019-07-10 00:51:26,1.59,1.0,100,1.55,0.9748,289,1.65,1.0377,2,1.57,0.9874,0,0
SPY190712P298,2019-07-10,2019-07-10 00:51:29,1.59,1.0,100,1.55,0.9748,289,1.65,1.0377,2,1.57,0.9874,0,0
SPY190712P298,2019-07-10,2019-07-10 00:51:33,1.59,1.0,100,1.55,0.9748,289,1.65,1.0377,2,1.57,0.9874,0,0
SPY190712P298,2019-07-10,2019-07-10 00:51:37,1.59,1.0,100,1.55,0.9748,289,1.65,1.0377,2,1.57,0.9874,0,0
SPY190712P298,2019-07-10,2019-07-10 00:51:41,1.59,1.0,100,1.55,0.9748,289,1.65,1.0377,2,1.57,0.9874,0,0
SPY190712P298,2019-07-10,2019-07-10 00:51:44,1.59,1.0,100,1.55,0.9748,289,1.65,1.0377,2,1.57,0.9874,0,0
SPY190712P298,2019-07-10,2019-07-10 00:51:48,1.59,1.0,100,1.55,0.9748,289,1.65,1.0377,2,1.57,0.9874,0,0
SPY190712P298,2019-07-10,2019-07-10 00:51:52,1.59,1.0,100,1.55,0.9748,289,1.65,1.0377,2,1.57,0.9874,0,0
SPY190712P298,2019-07-10,2019-07-10 00:51:59,1.59,1.0,100,1.55,0.9748,289,1.65,1.0377,2,1.57,0.9874,0,0
SPY190712P298,2019-07-10,2019-07-10 00:52:05,1.59,1.0,100,1.55,0.9748,289,1.65,1.0377,2,1.57,0.9874,0,0
SPY190712P298,2019-07-10,2019-07-10 00:52:09,1.59,1.0,100,1.55,0.9748,289,1.65,1.0377,2,1.57,0.9874,0,0
SPY190712P298,2019-07-10,2019-07-10 00:52:12,1.59,1.0,100,1.55,0.9748,289,1.65,1.0377,2,1.57,0.9874,0,0
SPY190712P298,2019-07-10,2019-07-10 00:52:17,1.59,1.0,100,1.55,0.9748,289,1.65,1.0377,2,1.57,0.9874,0,0
SPY190712P298,2019-07-10,2019-07-10 00:52:21,1.59,1.0,100,1.55,0.9748,289,1.65,1.0377,2,1.57,0.9874,0,0
SPY190712P298,2019-07-10,2019-07-10 00:52:24,1.59,1.0,100,1.55,0.9748,289,1.65,1.0377,2,1.57,0.9874,0,0
SPY190712P298,2019-07-10,2019-07-10 00:52:27,1.59,1.0,100,1.55,0.9748,289,1.65,1.0377,2,1.57,0.9874,0,0
SPY190712P298,2019-07-10,2019-07-10 00:52:31,1.59,1.0,100,1.55,0.9748,289,1.65,1.0377,2,1.57,0.9874,0,0
SPY190712P298,2019-07-10,2019-07-10 00:52:35,1.59,1.0,100,1.55,0.9748,289,1.65,1.0377,2,1.57,0.9874,0,0
SPY190712P298,2019-07-10,2019-07-10 00:52:36,1.59,1.0,100,1.55,0.9748,289,1.65,1.0377,2,1.57,0.9874,0,0
SPY190712P298,2019-07-10,2019-07-10 00:52:40,1.59,1.0,100,1.55,0.9748,289,1.65,1.0377,2,1.57,0.9874,0,0
SPY190712P298,2019-07-10,2019-07-10 00:52:43,1.59,1.0,100,1.55,0.9748,289,1.65,1.0377,2,1.57,0.9874,0,0
SPY190712P298,2019-07-10,2019-07-10 00:52:46,1.59,1.0,100,1.55,0.9748,289,1.65,1.0377,2,1.57,0.9874,0,0
SPY190712P298,2019-07-10,2019-07-10 00:52:49,1.59,1.0,100,1.55,0.9748,289,1.65,1.0377,2,1.57,0.9874,0,0
SPY190712P298,2019-07-10,2019-07-10 00:53:00,1.59,1.0,100,1.55,0.9748,289,1.65,1.0377,2,1.57,0.9874,0,0
SPY190712P298,2019-07-10,2019-07-10 00:53:06,1.59,1.0,100,1.55,0.9748,289,1.65,1.0377,2,1.57,0.9874,0,0
SPY190712P298,2019-07-10,2019-07-10 00:53:11,1.59,1.0,100,1.55,0.9748,289,1.65,1.0377,2,1.57,0.9874,0,0
SPY190712P298,2019-07-10,2019-07-10 00:53:16,1.59,1.0,100,1.55,0.9748,289,1.65,1.0377,2,1.57,0.9874,0,0
SPY190712P298,2019-07-10,2019-07-10 00:53:21,1.59,1.0,100,1.55,0.9748,289,1.65,1.0377,2,1.57,0.9874,0,0
SPY190712P298,2019-07-10,2019-07-10 00:53:36,1.59,1.0,100,1.55,0.9748,289,1.65,1.0377,2,1.57,0.9874,0,0
SPY190712P298,2019-07-10,2019-07-10 00:53:42,1.59,1.0,100,1.55,0.9748,289,1.65,1.0377,2,1.57,0.9874,0,0
SPY190712P298,2019-07-10,2019-07-10 00:53:47,1.59,1.0,100,1.55,0.9748,289,1.65,1.0377,2,1.57,0.9874,0,0
SPY190712P298,2019-07-10,2019-07-10 00:53:53,1.59,1.0,100,1.55,0.9748,289,1.65,1.0377,2,1.57,0.9874,0,0
SPY190712P298,2019-07-10,2019-07-10 00:54:06,1.59,1.0,100,1.55,0.9748,289,1.65,1.0377,2,1.57,0.9874,0,0
SPY190712P298,2019-07-10,2019-07-10 00:54:11,1.59,1.0,100,1.55,0.9748,289,1.65,1.0377,2,1.57,0.9874,0,0
SPY190712P298,2019-07-10,2019-07-10 00:54:19,1.59,1.0,100,1.55,0.9748,289,1.65,1.0377,2,1.57,0.9874,0,0
SPY190712P298,2019-07-10,2019-07-10 00:54:32,1.59,1.0,100,1.55,0.9748,289,1.65,1.0377,2,1.57,0.9874,0,0
SPY190712P298,2019-07-10,2019-07-10 00:54:38,1.59,1.0,100,1.55,0.9748,289,1.65,1.0377,2,1.57,0.9874,0,0
SPY190712P298,2019-07-10,2019-07-10 00:54:44,1.59,1.0,100,1.55,0.9748,289,1.65,1.0377,2,1.57,0.9874,0,0
SPY190712P298,2019-07-10,2019-07-10 00:54:51,1.59,1.0,100,1.55,0.9748,289,1.65,1.0377,2,1.57,0.9874,0,0
SPY190712P298,2019-07-10,2019-07-10 00:55:02,1.59,1.0,100,1.55,0.9748,289,1.65,1.0377,2,1.57,0.9874,0,0
SPY190712P298,2019-07-10,2019-07-10 00:55:03,1.59,1.0,100,1.55,0.9748,289,1.65,1.0377,2,1.57,0.9874,0,0
SPY190712P298,2019-07-10,2019-07-10 00:55:08,1.59,1.0,100,1.55,0.9748,289,1.65,1.0377,2,1.57,0.9874,0,0
SPY190712P298,2019-07-10,2019-07-10 00:55:12,1.59,1.0,100,1.55,0.9748,289,1.65,1.0377,2,1.57,0.9874,0,0
SPY190712P298,2019-07-10,2019-07-10 00:55:18,1.59,1.0,100,1.55,0.9748,289,1.65,1.0377,2,1.57,0.9874,0,0
SPY190712P298,2019-07-10,2019-07-10 00:55:27,1.59,1.0,100,1.55,0.9748,289,1.65,1.0377,2,1.57,0.9874,0,0
SPY190712P298,2019-07-10,2019-07-10 00:55:33,1.59,1.0,100,1.55,0.9748,289,1.65,1.0377,2,1.57,0.9874,0,0
SPY190712P298,2019-07-10,2019-07-10 00:55:35,1.59,1.0,100,1.55,0.9748,289,1.65,1.0377,2,1.57,0.9874,0,0
SPY190712P298,2019-07-10,2019-07-10 00:55:51,1.59,1.0,100,1.55,0.9748,289,1.65,1.0377,2,1.57,0.9874,0,0
SPY190712P298,2019-07-10,2019-07-10 00:55:56,1.59,1.0,100,1.55,0.9748,289,1.65,1.0377,2,1.57,0.9874,0,0
SPY190712P298,2019-07-10,2019-07-10 00:56:01,1.59,1.0,100,1.55,0.9748,289,1.65,1.0377,2,1.57,0.9874,0,0
SPY190712P298,2019-07-10,2019-07-10 00:56:14,1.59,1.0,100,1.55,0.9748,289,1.65,1.0377,2,1.57,0.9874,0,0
SPY190712P298,2019-07-10,2019-07-10 00:56:17,1.59,1.0,100,1.55,0.9748,289,1.65,1.0377,2,1.57,0.9874,0,0
SPY190712P298,2019-07-10,2019-07-10 00:56:18,1.59,1.0,100,1.55,0.9748,289,1.65,1.0377,2,1.57,0.9874,0,0
SPY190712P298,2019-07-10,2019-07-10 00:56:23,1.59,1.0,100,1.55,0.9748,289,1.65,1.0377,2,1.57,0.9874,0,0
SPY190712P298,2019-07-10,2019-07-10 00:56:26,1.59,1.0,100,1.55,0.9748,289,1.65,1.0377,2,1.57,0.9874,0,0
SPY190712P298,2019-07-10,2019-07-10 00:56:34,1.59,1.0,100,1.55,0.9748,289,1.65,1.0377,2,1.57,0.9874,0,0
SPY190712P298,2019-07-10,2019-07-10 00:56:37,1.59,1.0,100,1.55,0.9748,289,1.65,1.0377,2,1.57,0.9874,0,0
SPY190712P298,2019-07-10,2019-07-10 00:56:40,1.59,1.0,100,1.55,0.9748,289,1.65,1.0377,2,1.57,0.9874,0,0
SPY190712P298,2019-07-10,2019-07-10 00:56:42,1.59,1.0,100,1.55,0.9748,289,1.65,1.0377,2,1.57,0.9874,0,0
SPY190712P298,2019-07-10,2019-07-10 00:56:46,1.59,1.0,100,1.55,0.9748,289,1.65,1.0377,2,1.57,0.9874,0,0
SPY190712P298,2019-07-10,2019-07-10 00:56:50,1.59,1.0,100,1.55,0.9748,289,1.65,1.0377,2,1.57,0.9874,0,0
SPY190712P298,2019-07-10,2019-07-10 00:56:54,1.59,1.0,100,1.55,0.9748,289,1.65,1.0377,2,1.57,0.9874,0,0
SPY190712P298,2019-07-10,2019-07-10 00:56:58,1.59,1.0,100,1.55,0.9748,289,1.65,1.0377,2,1.57,0.9874,0,0
SPY190712P298,2019-07-10,2019-07-10 00:57:02,1.59,1.0,100,1.55,0.9748,289,1.65,1.0377,2,1.57,0.9874,0,0
SPY190712P298,2019-07-10,2019-07-10 00:57:13,1.59,1.0,100,1.55,0.9748,289,1.65,1.0377,2,1.57,0.9874,0,0
SPY190712P298,2019-07-10,2019-07-10 00:57:16,1.59,1.0,100,1.55,0.9748,289,1.65,1.0377,2,1.57,0.9874,0,0
SPY190712P298,2019-07-10,2019-07-10 00:57:20,1.59,1.0,100,1.55,0.9748,289,1.65,1.0377,2,1.57,0.9874,0,0
SPY190712P298,2019-07-10,2019-07-10 00:57:23,1.59,1.0,100,1.55,0.9748,289,1.65,1.0377,2,1.57,0.9874,0,0
SPY190712P298,2019-07-10,2019-07-10 00:57:28,1.59,1.0,100,1.55,0.9748,289,1.65,1.0377,2,1.57,0.9874,0,0
SPY190712P298,2019-07-10,2019-07-10 00:57:34,1.59,1.0,100,1.55,0.9748,289,1.65,1.0377,2,1.57,0.9874,0,0
SPY190712P298,2019-07-10,2019-07-10 00:57:35,1.59,1.0,100,1.55,0.9748,289,1.65,1.0377,2,1.57,0.9874,0,0
SPY190712P298,2019-07-10,2019-07-10 00:57:37,1.59,1.0,100,1.55,0.9748,289,1.65,1.0377,2,1.57,0.9874,0,0
SPY190712P298,2019-07-10,2019-07-10 00:57:40,1.59,1.0,100,1.55,0.9748,289,1.65,1.0377,2,1.57,0.9874,0,0
SPY190712P298,2019-07-10,2019-07-10 00:57:42,1.59,1.0,100,1.55,0.9748,289,1.65,1.0377,2,1.57,0.9874,0,0
SPY190712P298,2019-07-10,2019-07-10 00:57:43,1.59,1.0,100,1.55,0.9748,289,1.65,1.0377,2,1.57,0.9874,0,0
SPY190712P298,2019-07-10,2019-07-10 00:57:49,1.59,1.0,100,1.55,0.9748,289,1.65,1.0377,2,1.57,0.9874,0,0
SPY190712P298,2019-07-10,2019-07-10 00:57:53,1.59,1.0,100,1.55,0.9748,289,1.65,1.0377,2,1.57,0.9874,0,0
SPY190712P298,2019-07-10,2019-07-10 00:57:58,1.59,1.0,100,1.55,0.9748,289,1.65,1.0377,2,1.57,0.9874,0,0
SPY190712P298,2019-07-10,2019-07-10 00:58:04,1.59,1.0,100,1.55,0.9748,289,1.65,1.0377,2,1.57,0.9874,0,0
SPY190712P298,2019-07-10,2019-07-10 00:58:10,1.59,1.0,100,1.55,0.9748,289,1.65,1.0377,2,1.57,0.9874,0,0
SPY190712P298,2019-07-10,2019-07-10 00:58:20,1.59,1.0,100,1.55,0.9748,289,1.65,1.0377,2,1.57,0.9874,0,0
SPY190712P298,2019-07-10,2019-07-10 00:58:21,1.59,1.0,100,1.55,0.9748,289,1.65,1.0377,2,1.57,0.9874,0,0
SPY190712P298,2019-07-10,2019-07-10 00:58:34,1.59,1.0,100,1.55,0.9748,289,1.65,1.0377,2,1.57,0.9874,0,0
SPY190712P298,2019-07-10,2019-07-10 00:58:39,1.59,1.0,100,1.55,0.9748,289,1.65,1.0377,2,1.57,0.9874,0,0
SPY190712P298,2019-07-10,2019-07-10 00:58:50,1.59,1.0,100,1.55,0.9748,289,1.65,1.0377,2,1.57,0.9874,0,0
SPY190712P298,2019-07-10,2019-07-10 00:58:56,1.59,1.0,100,1.55,0.9748,289,1.65,1.0377,2,1.57,0.9874,0,0
SPY190712P298,2019-07-10,2019-07-10 00:59:01,1.59,1.0,100,1.55,0.9748,289,1.65,1.0377,2,1.57,0.9874,0,0
SPY190712P298,2019-07-10,2019-07-10 00:59:06,1.59,1.0,100,1.55,0.9748,289,1.65,1.0377,2,1.57,0.9874,0,0
SPY190712P298,2019-07-10,2019-07-10 00:59:07,1.59,1.0,100,1.55,0.9748,289,1.65,1.0377,2,1.57,0.9874,0,0
SPY190712P298,2019-07-10,2019-07-10 00:59:12,1.59,1.0,100,1.55,0.9748,289,1.65,1.0377,2,1.57,0.9874,0,0
SPY190712P298,2019-07-10,2019-07-10 00:59:13,1.59,1.0,100,1.55,0.9748,289,1.65,1.0377,2,1.57,0.9874,0,0
SPY190712P298,2019-07-10,2019-07-10 00:59:20,1.59,1.0,100,1.55,0.9748,289,1.65,1.0377,2,1.57,0.9874,0,0
SPY190712P298,2019-07-10,2019-07-10 00:59:26,1.59,1.0,100,1.55,0.9748,289,1.65,1.0377,2,1.57,0.9874,0,0
SPY190712P298,2019-07-10,2019-07-10 00:59:27,1.59,1.0,100,1.55,0.9748,289,1.65,1.0377,2,1.57,0.9874,0,0
SPY190712P298,2019-07-10,2019-07-10 00:59:28,1.59,1.0,100,1.55,0.9748,289,1.65,1.0377,2,1.57,0.9874,0,0
SPY190712P298,2019-07-10,2019-07-10 00:59:34,1.59,1.0,100,1.55,0.9748,289,1.65,1.0377,2,1.57,0.9874,0,0
SPY190712P298,2019-07-10,2019-07-10 00:59:41,1.59,1.0,100,1.55,0.9748,289,1.65,1.0377,2,1.57,0.9874,0,0
SPY190712P298,2019-07-10,2019-07-10 00:59:48,1.59,1.0,100,1.55,0.9748,289,1.65,1.0377,2,1.57,0.9874,0,0
SPY190712P298,2019-07-10,2019-07-10 00:59:56,1.59,1.0,100,1.55,0.9748,289,1.65,1.0377,2,1.57,0.9874,0,0
SPY190712P298,2019-07-10,2019-07-10 01:00:11,1.59,1.0,100,1.55,0.9748,289,1.65,1.0377,2,1.57,0.9874,0,0
SPY190712P298,2019-07-10,2019-07-10 01:00:16,1.59,1.0,100,1.55,0.9748,289,1.65,1.0377,2,1.57,0.9874,0,0
SPY190712P298,2019-07-10,2019-07-10 01:00:34,1.59,1.0,100,1.55,0.9748,289,1.65,1.0377,2,1.57,0.9874,0,0
SPY190712P298,2019-07-10,2019-07-10 01:01:22,1.59,1.0,100,1.55,0.9748,289,1.65,1.0377,2,1.57,0.9874,0,0
SPY190712P298,2019-07-10,2019-07-10 01:01:30,1.59,1.0,100,1.55,0.9748,289,1.65,1.0377,2,1.57,0.9874,0,0
SPY190712P298,2019-07-10,2019-07-10 01:01:32,1.59,1.0,100,1.55,0.9748,289,1.65,1.0377,2,1.57,0.9874,0,0
SPY190712P298,2019-07-10,2019-07-10 01:01:38,1.59,1.0,100,1.55,0.9748,289,1.65,1.0377,2,1.57,0.9874,0,0
SPY190712P298,2019-07-10,2019-07-10 01:01:45,1.59,1.0,100,1.55,0.9748,289,1.65,1.0377,2,1.57,0.9874,0,0
SPY190712P298,2019-07-10,2019-07-10 01:01:46,1.59,1.0,100,1.55,0.9748,289,1.65,1.0377,2,1.57,0.9874,0,0
SPY190712P298,2019-07-10,2019-07-10 01:01:53,1.59,1.0,100,1.55,0.9748,289,1.65,1.0377,2,1.57,0.9874,0,0
SPY190712P298,2019-07-10,2019-07-10 01:01:56,1.59,1.0,100,1.55,0.9748,289,1.65,1.0377,2,1.57,0.9874,0,0
SPY190712P298,2019-07-10,2019-07-10 01:02:00,1.59,1.0,100,1.55,0.9748,289,1.65,1.0377,2,1.57,0.9874,0,0
SPY190712P298,2019-07-10,2019-07-10 01:02:03,1.59,1.0,100,1.55,0.9748,289,1.65,1.0377,2,1.57,0.9874,0,0
SPY190712P298,2019-07-10,2019-07-10 01:02:07,1.59,1.0,100,1.55,0.9748,289,1.65,1.0377,2,1.57,0.9874,0,0
SPY190712P298,2019-07-10,2019-07-10 01:02:11,1.59,1.0,100,1.55,0.9748,289,1.65,1.0377,2,1.57,0.9874,0,0
SPY190712P298,2019-07-10,2019-07-10 01:02:17,1.59,1.0,100,1.55,0.9748,289,1.65,1.0377,2,1.57,0.9874,0,0
SPY190712P298,2019-07-10,2019-07-10 01:02:20,1.59,1.0,100,1.55,0.9748,289,1.65,1.0377,2,1.57,0.9874,0,0
SPY190712P298,2019-07-10,2019-07-10 01:02:24,1.59,1.0,100,1.55,0.9748,289,1.65,1.0377,2,1.57,0.9874,0,0
SPY190712P298,2019-07-10,2019-07-10 01:02:27,1.59,1.0,100,1.55,0.9748,289,1.65,1.0377,2,1.57,0.9874,0,0
SPY190712P298,2019-07-10,2019-07-10 01:02:31,1.59,1.0,100,1.55,0.9748,289,1.65,1.0377,2,1.57,0.9874,0,0
SPY190712P298,2019-07-10,2019-07-10 01:02:37,1.59,1.0,100,1.55,0.9748,289,1.65,1.0377,2,1.57,0.9874,0,0
SPY190712P298,2019-07-10,2019-07-10 01:02:40,1.59,1.0,100,1.55,0.9748,289,1.65,1.0377,2,1.57,0.9874,0,0
SPY190712P298,2019-07-10,2019-07-10 01:02:45,1.59,1.0,100,1.55,0.9748,289,1.65,1.0377,2,1.57,0.9874,0,0
SPY190712P298,2019-07-10,2019-07-10 01:02:48,1.59,1.0,100,1.55,0.9748,289,1.65,1.0377,2,1.57,0.9874,0,0
SPY190712P298,2019-07-10,2019-07-10 01:02:52,1.59,1.0,100,1.55,0.9748,289,1.65,1.0377,2,1.57,0.9874,0,0
SPY190712P298,2019-07-10,2019-07-10 01:02:56,1.59,1.0,100,1.55,0.9748,289,1.65,1.0377,2,1.57,0.9874,0,0
SPY190712P298,2019-07-10,2019-07-10 01:03:06,1.59,1.0,100,1.55,0.9748,289,1.65,1.0377,2,1.57,0.9874,0,0
SPY190712P298,2019-07-10,2019-07-10 01:03:12,1.59,1.0,100,1.55,0.9748,289,1.65,1.0377,2,1.57,0.9874,0,0
SPY190712P298,2019-07-10,2019-07-10 01:03:18,1.59,1.0,100,1.55,0.9748,289,1.65,1.0377,2,1.57,0.9874,0,0
SPY190712P298,2019-07-10,2019-07-10 01:03:23,1.59,1.0,100,1.55,0.9748,289,1.65,1.0377,2,1.57,0.9874,0,0
SPY190712P298,2019-07-10,2019-07-10 01:03:27,1.59,1.0,100,1.55,0.9748,289,1.65,1.0377,2,1.57,0.9874,0,0
SPY190712P298,2019-07-10,2019-07-10 01:03:31,1.59,1.0,100,1.55,0.9748,289,1.65,1.0377,2,1.57,0.9874,0,0
SPY190712P298,2019-07-10,2019-07-10 01:03:41,1.59,1.0,100,1.55,0.9748,289,1.65,1.0377,2,1.57,0.9874,0,0
SPY190712P298,2019-07-10,2019-07-10 01:03:53,1.59,1.0,100,1.55,0.9748,289,1.65,1.0377,2,1.57,0.9874,0,0
SPY190712P298,2019-07-10,2019-07-10 01:03:59,1.59,1.0,100,1.55,0.9748,289,1.65,1.0377,2,1.57,0.9874,0,0
SPY190712P298,2019-07-10,2019-07-10 01:04:07,1.59,1.0,100,1.55,0.9748,289,1.65,1.0377,2,1.57,0.9874,0,0
SPY190712P298,2019-07-10,2019-07-10 01:04:14,1.59,1.0,100,1.55,0.9748,289,1.65,1.0377,2,1.57,0.9874,0,0
SPY190712P298,2019-07-10,2019-07-10 01:04:28,1.59,1.0,100,1.55,0.9748,289,1.65,1.0377,2,1.57,0.9874,0,0
SPY190712P298,2019-07-10,2019-07-10 01:04:36,1.59,1.0,100,1.55,0.9748,289,1.65,1.0377,2,1.57,0.9874,0,0
SPY190712P298,2019-07-10,2019-07-10 01:04:45,1.59,1.0,100,1.55,0.9748,289,1.65,1.0377,2,1.57,0.9874,0,0
SPY190712P298,2019-07-10,2019-07-10 01:04:52,1.59,1.0,100,1.55,0.9748,289,1.65,1.0377,2,1.57,0.9874,0,0
SPY190712P298,2019-07-10,2019-07-10 01:04:59,1.59,1.0,100,1.55,0.9748,289,1.65,1.0377,2,1.57,0.9874,0,0
SPY190712P298,2019-07-10,2019-07-10 01:05:00,1.59,1.0,100,1.55,0.9748,289,1.65,1.0377,2,1.57,0.9874,0,0
SPY190712P298,2019-07-10,2019-07-10 01:05:09,1.59,1.0,100,1.55,0.9748,289,1.65,1.0377,2,1.57,0.9874,0,0
SPY190712P298,2019-07-10,2019-07-10 01:05:25,1.59,1.0,100,1.55,0.9748,289,1.65,1.0377,2,1.57,0.9874,0,0
SPY190712P298,2019-07-10,2019-07-10 01:05:33,1.59,1.0,100,1.55,0.9748,289,1.65,1.0377,2,1.57,0.9874,0,0
SPY190712P298,2019-07-10,2019-07-10 01:05:40,1.59,1.0,100,1.55,0.9748,289,1.65,1.0377,2,1.57,0.9874,0,0
SPY190712P298,2019-07-10,2019-07-10 01:05:47,1.59,1.0,100,1.55,0.9748,289,1.65,1.0377,2,1.57,0.9874,0,0
SPY190712P298,2019-07-10,2019-07-10 01:05:54,1.59,1.0,100,1.55,0.9748,289,1.65,1.0377,2,1.57,0.9874,0,0
SPY190712P298,2019-07-10,2019-07-10 01:05:55,1.59,1.0,100,1.55,0.9748,289,1.65,1.0377,2,1.57,0.9874,0,0
SPY190712P298,2019-07-10,2019-07-10 01:06:01,1.59,1.0,100,1.55,0.9748,289,1.65,1.0377,2,1.57,0.9874,0,0
SPY190712P298,2019-07-10,2019-07-10 01:06:08,1.59,1.0,100,1.55,0.9748,289,1.65,1.0377,2,1.57,0.9874,0,0
SPY190712P298,2019-07-10,2019-07-10 01:06:19,1.59,1.0,100,1.55,0.9748,289,1.65,1.0377,2,1.57,0.9874,0,0
SPY190712P298,2019-07-10,2019-07-10 01:06:24,1.59,1.0,100,1.55,0.9748,289,1.65,1.0377,2,1.57,0.9874,0,0
SPY190712P298,2019-07-10,2019-07-10 01:06:32,1.59,1.0,100,1.55,0.9748,289,1.65,1.0377,2,1.57,0.9874,0,0
SPY190712P298,2019-07-10,2019-07-10 01:06:37,1.59,1.0,100,1.55,0.9748,289,1.65,1.0377,2,1.57,0.9874,0,0
SPY190712P298,2019-07-10,2019-07-10 01:06:41,1.59,1.0,100,1.55,0.9748,289,1.65,1.0377,2,1.57,0.9874,0,0
SPY190712P298,2019-07-10,2019-07-10 01:06:46,1.59,1.0,100,1.55,0.9748,289,1.65,1.0377,2,1.57,0.9874,0,0
SPY190712P298,2019-07-10,2019-07-10 01:06:50,1.59,1.0,100,1.55,0.9748,289,1.65,1.0377,2,1.57,0.9874,0,0
SPY190712P298,2019-07-10,2019-07-10 01:06:54,1.59,1.0,100,1.55,0.9748,289,1.65,1.0377,2,1.57,0.9874,0,0
SPY190712P298,2019-07-10,2019-07-10 01:06:58,1.59,1.0,100,1.55,0.9748,289,1.65,1.0377,2,1.57,0.9874,0,0
SPY190712P298,2019-07-10,2019-07-10 01:07:01,1.59,1.0,100,1.55,0.9748,289,1.65,1.0377,2,1.57,0.9874,0,0
SPY190712P298,2019-07-10,2019-07-10 01:07:04,1.59,1.0,100,1.55,0.9748,289,1.65,1.0377,2,1.57,0.9874,0,0
SPY190712P298,2019-07-10,2019-07-10 01:07:08,1.59,1.0,100,1.55,0.9748,289,1.65,1.0377,2,1.57,0.9874,0,0
SPY190712P298,2019-07-10,2019-07-10 01:07:12,1.59,1.0,100,1.55,0.9748,289,1.65,1.0377,2,1.57,0.9874,0,0
SPY190712P298,2019-07-10,2019-07-10 01:07:16,1.59,1.0,100,1.55,0.9748,289,1.65,1.0377,2,1.57,0.9874,0,0
SPY190712P298,2019-07-10,2019-07-10 01:07:20,1.59,1.0,100,1.55,0.9748,289,1.65,1.0377,2,1.57,0.9874,0,0
SPY190712P298,2019-07-10,2019-07-10 01:07:24,1.59,1.0,100,1.55,0.9748,289,1.65,1.0377,2,1.57,0.9874,0,0
SPY190712P298,2019-07-10,2019-07-10 01:07:28,1.59,1.0,100,1.55,0.9748,289,1.65,1.0377,2,1.57,0.9874,0,0
SPY190712P298,2019-07-10,2019-07-10 01:07:35,1.59,1.0,100,1.55,0.9748,289,1.65,1.0377,2,1.57,0.9874,0,0
SPY190712P298,2019-07-10,2019-07-10 01:07:39,1.59,1.0,100,1.55,0.9748,289,1.65,1.0377,2,1.57,0.9874,0,0
SPY190712P298,2019-07-10,2019-07-10 01:07:42,1.59,1.0,100,1.55,0.9748,289,1.65,1.0377,2,1.57,0.9874,0,0
SPY190712P298,2019-07-10,2019-07-10 01:07:46,1.59,1.0,100,1.55,0.9748,289,1.65,1.0377,2,1.57,0.9874,0,0
SPY190712P298,2019-07-10,2019-07-10 01:07:49,1.59,1.0,100,1.55,0.9748,289,1.65,1.0377,2,1.57,0.9874,0,0
SPY190712P298,2019-07-10,2019-07-10 01:07:53,1.59,1.0,100,1.55,0.9748,289,1.65,1.0377,2,1.57,0.9874,0,0
SPY190712P298,2019-07-10,2019-07-10 01:07:56,1.59,1.0,100,1.55,0.9748,289,1.65,1.0377,2,1.57,0.9874,0,0
SPY190712P298,2019-07-10,2019-07-10 01:08:00,1.59,1.0,100,1.55,0.9748,289,1.65,1.0377,2,1.57,0.9874,0,0
SPY190712P298,2019-07-10,2019-07-10 03:04:28,1.59,1.0,100,1.55,0.9748,289,1.65,1.0377,2,1.57,0.9874,0,0
SPY190712P298,2019-07-10,2019-07-10 03:04:29,1.59,1.0,100,1.55,0.9748,289,1.65,1.0377,2,1.57,0.9874,0,0
SPY190712P298,2019-07-10,2019-07-10 03:04:30,1.59,1.0,100,1.55,0.9748,289,1.65,1.0377,2,1.57,0.9874,0,0
SPY190712P298,2019-07-10,2019-07-10 03:04:31,1.59,1.0,100,1.55,0.9748,289,1.65,1.0377,2,1.57,0.9874,0,0
SPY190712P298,2019-07-10,2019-07-10 09:27:28,1.59,1.0,100,1.55,0.9748,289,1.65,1.0377,2,1.57,0.9874,0,0
SPY190712P298,2019-07-10,2019-07-10 09:29:32,1.02,0.6415,5,1.01,0.6352,22,0.99,0.6226,1,1.015,0.6383,0,0
SPY190712P298,2019-07-10,2019-07-10 09:29:33,1.01,0.6352,170,1.0,0.6289,100,0.99,0.6226,1,1.005,0.632,0,0
SPY190712P298,2019-07-10,2019-07-10 09:29:34,1.01,0.6352,474,1.0,0.6289,100,1.0,0.6289,3,1.005,0.632,0,0
SPY190712P298,2019-07-10,2019-07-10 09:29:35,1.01,0.6352,994,1.0,0.6289,100,1.01,0.6352,4,1.005,0.632,0,0
SPY190712P298,2019-07-10,2019-07-10 09:29:35,1.01,0.6352,770,1.0,0.6289,100,1.01,0.6352,4,1.005,0.632,0,0
SPY190712P298,2019-07-10,2019-07-10 09:29:36,1.01,0.6352,228,1.0,0.6289,100,1.01,0.6352,4,1.005,0.632,0,0
SPY190712P298,2019-07-10,2019-07-10 09:29:37,1.01,0.6352,282,1.0,0.6289,100,1.01,0.6352,6,1.005,0.632,0,0
SPY190712P298,2019-07-10,2019-07-10 09:29:37,1.01,0.6352,282,1.0,0.6289,100,1.01,0.6352,50,1.005,0.632,0,0
SPY190712P298,2019-07-10,2019-07-10 09:29:38,1.01,0.6352,152,1.0,0.6289,100,1.01,0.6352,50,1.005,0.632,0,0
SPY190712P298,2019-07-10,2019-07-10 09:29:39,1.03,0.6477,255,1.0,0.6289,100,1.01,0.6352,50,1.015,0.6383,0,0
SPY190712P298,2019-07-10,2019-07-10 09:29:39,1.01,0.6352,120,1.0,0.6289,100,1.01,0.6352,50,1.005,0.632,0,0
SPY190712P298,2019-07-10,2019-07-10 09:29:40,1.01,0.6352,170,1.0,0.6289,100,1.01,0.6352,50,1.005,0.632,0,0
SPY190712P298,2019-07-10,2019-07-10 09:29:41,1.01,0.6352,174,1.0,0.6289,100,1.01,0.6352,50,1.005,0.632,0,0
SPY190712P298,2019-07-10,2019-07-10 09:29:41,1.01,0.6352,488,1.0,0.6289,100,1.01,0.6352,50,1.005,0.632,0,0
SPY190712P298,2019-07-10,2019-07-10 09:29:42,1.0,0.6289,5,0.99,0.6226,1,1.0,0.6289,2,0.995,0.6257,0,0
SPY190712P298,2019-07-10,2019-07-10 09:29:43,0.99,0.6226,5,0.98,0.6163,100,0.99,0.6226,1,0.985,0.6194,0,0
SPY190712P298,2019-07-10,2019-07-10 09:29:44,1.0,0.6289,73,0.99,0.6226,50,0.99,0.6226,1,0.995,0.6257,0,0
SPY190712P298,2019-07-10,2019-07-10 09:29:44,1.0,0.6289,5,0.98,0.6163,150,0.99,0.6226,1,0.99,0.6226,0,0
SPY190712P298,2019-07-10,2019-07-10 09:29:45,0.99,0.6226,35,0.98,0.6163,335,0.99,0.6226,1,0.985,0.6194,0,0
SPY190712P298,2019-07-10,2019-07-10 09:29:46,0.99,0.6226,22,0.98,0.6163,100,0.99,0.6226,1,0.985,0.6194,0,0
SPY190712P298,2019-07-10,2019-07-10 09:29:46,0.99,0.6226,112,0.98,0.6163,150,0.99,0.6226,1,0.985,0.6194,0,0
SPY190712P298,2019-07-10,2019-07-10 09:29:47,0.98,0.6163,22,0.96,0.6037,103,0.98,0.6163,25,0.97,0.61,0,0
SPY190712P298,2019-07-10,2019-07-10 09:29:47,0.99,0.6226,72,0.98,0.6163,100,0.98,0.6163,75,0.985,0.6194,0,0
SPY190712P298,2019-07-10,2019-07-10 09:29:48,0.98,0.6163,22,0.96,0.6037,103,0.98,0.6163,25,0.97,0.61,0,0
SPY190712P298,2019-07-10,2019-07-10 09:29:49,0.97,0.61,72,0.96,0.6037,22,0.98,0.6163,25,0.965,0.6069,0,0
SPY190712P298,2019-07-10,2019-07-10 09:29:49,0.97,0.61,5,0.96,0.6037,22,0.98,0.6163,25,0.965,0.6069,0,0
SPY190712P298,2019-07-10,2019-07-10 09:29:50,0.97,0.61,5,0.96,0.6037,22,0.98,0.6163,25,0.965,0.6069,0,0
SPY190712P298,2019-07-10,2019-07-10 09:29:51,0.96,0.6037,72,0.95,0.5974,22,0.98,0.6163,25,0.955,0.6006,0,0
SPY190712P298,2019-07-10,2019-07-10 09:29:51,0.96,0.6037,106,0.94,0.5911,22,0.98,0.6163,25,0.95,0.5974,0,0
SPY190712P298,2019-07-10,2019-07-10 09:29:52,0.95,0.5974,72,0.94,0.5911,22,0.98,0.6163,25,0.945,0.5943,0,0
SPY190712P298,2019-07-10,2019-07-10 09:29:53,0.95,0.5974,99,0.93,0.5849,566,0.98,0.6163,25,0.94,0.5911,0,0
SPY190712P298,2019-07-10,2019-07-10 09:29:53,0.95,0.5974,99,0.94,0.5911,22,0.98,0.6163,25,0.945,0.5943,0,0
SPY190712P298,2019-07-10,2019-07-10 09:29:54,0.96,0.6037,123,0.94,0.5911,151,0.98,0.6163,25,0.95,0.5974,0,0
SPY190712P298,2019-07-10,2019-07-10 09:29:55,0.96,0.6037,123,0.95,0.5974,22,0.98,0.6163,25,0.955,0.6006,0,0
SPY190712P298,2019-07-10,2019-07-10 09:29:55,0.96,0.6037,123,0.94,0.5911,85,0.98,0.6163,25,0.95,0.5974,0,0
SPY190712P298,2019-07-10,2019-07-10 09:29:56,0.96,0.6037,50,0.95,0.5974,22,0.98,0.6163,25,0.955,0.6006,0,0
SPY190712P298,2019-07-10,2019-07-10 09:29:56,0.96,0.6037,22,0.95,0.5974,22,0.98,0.6163,25,0.955,0.6006,0,0
SPY190712P298,2019-07-10,2019-07-10 09:29:57,0.97,0.61,50,0.96,0.6037,22,0.98,0.6163,25,0.965,0.6069,0,0
SPY190712P298,2019-07-10,2019-07-10 09:29:57,0.97,0.61,123,0.95,0.5974,115,0.98,0.6163,25,0.96,0.6037,0,0
SPY190712P298,2019-07-10,2019-07-10 09:29:58,0.97,0.61,50,0.95,0.5974,261,0.98,0.6163,25,0.96,0.6037,0,0
SPY190712P298,2019-07-10,2019-07-10 09:29:59,0.98,0.6163,337,0.95,0.5974,200,0.98,0.6163,25,0.965,0.6069,0,0
SPY190712P298,2019-07-10,2019-07-10 09:29:59,0.97,0.61,29,0.95,0.5974,200,0.98,0.6163,25,0.96,0.6037,0,0
SPY190712P298,2019-07-10,2019-07-10 09:30:00,0.98,0.6163,223,0.96,0.6037,170,0.98,0.6163,25,0.97,0.61,0,0
SPY190712P298,2019-07-10,2019-07-10 09:30:01,0.99,0.6226,372,0.97,0.61,106,0.98,0.6163,25,0.98,0.6163,0,0
SPY190712P298,2019-07-10,2019-07-10 09:30:02,0.99,0.6226,443,0.97,0.61,40,0.98,0.6163,25,0.98,0.6163,0,0
SPY190712P298,2019-07-10,2019-07-10 09:30:05,0.96,0.6037,282,0.94,0.5911,170,0.96,0.6037,65,0.95,0.5974,0,0
SPY190712P298,2019-07-10,2019-07-10 09:30:06,0.95,0.5974,316,0.93,0.5849,82,0.95,0.5974,1,0.94,0.5911,0,0
SPY190712P298,2019-07-10,2019-07-10 09:30:06,0.95,0.5974,186,0.92,0.5786,128,0.96,0.6037,65,0.935,0.588,0,0
SPY190712P298,2019-07-10,2019-07-10 09:30:07,0.95,0.5974,389,0.93,0.5849,22,0.95,0.5974,1,0.94,0.5911,0,0
SPY190712P298,2019-07-10,2019-07-10 09:30:07,0.94,0.5911,28,0.93,0.5849,22,0.94,0.5911,5,0.935,0.588,0,0
SPY190712P298,2019-07-10,2019-07-10 09:30:08,0.93,0.5849,28,0.92,0.5786,81,0.94,0.5911,5,0.925,0.5817,0,0
SPY190712P298,2019-07-10,2019-07-10 09:30:08,0.94,0.5911,28,0.92,0.5786,118,0.94,0.5911,5,0.93,0.5849,0,0
SPY190712P298,2019-07-10,2019-07-10 09:30:09,0.93,0.5849,28,0.92,0.5786,50,0.94,0.5911,5,0.925,0.5817,0,0
SPY190712P298,2019-07-10,2019-07-10 09:30:10,0.93,0.5849,98,0.91,0.5723,126,0.94,0.5911,5,0.92,0.5786,0,0
SPY190712P298,2019-07-10,2019-07-10 09:30:10,0.93,0.5849,22,0.92,0.5786,72,0.94,0.5911,5,0.925,0.5817,0,0
SPY190712P298,2019-07-10,2019-07-10 09:30:11,0.93,0.5849,1,0.91,0.5723,192,0.93,0.5849,10,0.92,0.5786,0,0
SPY190712P298,2019-07-10,2019-07-10 09:30:11,0.93,0.5849,148,0.91,0.5723,176,0.94,0.5911,5,0.92,0.5786,0,0
SPY190712P298,2019-07-10,2019-07-10 09:30:12,0.93,0.5849,22,0.92,0.5786,28,0.93,0.5849,10,0.925,0.5817,0,0
SPY190712P298,2019-07-10,2019-07-10 09:30:12,0.93,0.5849,148,0.91,0.5723,97,0.93,0.5849,10,0.92,0.5786,0,0
SPY190712P298,2019-07-10,2019-07-10 09:30:13,0.93,0.5849,22,0.92,0.5786,28,0.93,0.5849,10,0.925,0.5817,0,0
SPY190712P298,2019-07-10,2019-07-10 09:30:14,0.94,0.5911,950,0.92,0.5786,24,0.93,0.5849,10,0.93,0.5849,0,0
SPY190712P298,2019-07-10,2019-07-10 09:30:14,0.93,0.5849,22,0.92,0.5786,38,0.93,0.5849,10,0.925,0.5817,0,0
SPY190712P298,2019-07-10,2019-07-10 09:30:15,0.93,0.5849,22,0.92,0.5786,60,0.93,0.5849,10,0.925,0.5817,0,0
SPY190712P298,2019-07-10,2019-07-10 09:30:15,0.95,0.5974,318,0.92,0.5786,166,0.93,0.5849,10,0.935,0.588,0,0
SPY190712P298,2019-07-10,2019-07-10 09:30:16,0.93,0.5849,22,0.92,0.5786,54,0.93,0.5849,10,0.925,0.5817,0,0
SPY190712P298,2019-07-10,2019-07-10 09:30:16,0.94,0.5911,335,0.92,0.5786,77,0.93,0.5849,10,0.93,0.5849,0,0
SPY190712P298,2019-07-10,2019-07-10 09:30:17,0.93,0.5849,126,0.91,0.5723,94,0.93,0.5849,10,0.92,0.5786,0,0
SPY190712P298,2019-07-10,2019-07-10 09:30:17,0.93,0.5849,158,0.91,0.5723,94,0.93,0.5849,10,0.92,0.5786,0,0
SPY190712P298,2019-07-10,2019-07-10 09:30:18,0.93,0.5849,176,0.91,0.5723,122,0.93,0.5849,10,0.92,0.5786,0,0
SPY190712P298,2019-07-10,2019-07-10 09:30:19,0.93,0.5849,176,0.92,0.5786,22,0.93,0.5849,10,0.925,0.5817,0,0
SPY190712P298,2019-07-10,2019-07-10 09:30:19,0.93,0.5849,176,0.91,0.5723,158,0.93,0.5849,10,0.92,0.5786,0,0
SPY190712P298,2019-07-10,2019-07-10 09:30:20,0.93,0.5849,194,0.91,0.5723,352,0.93,0.5849,10,0.92,0.5786,0,0
SPY190712P298,2019-07-10,2019-07-10 09:30:20,0.93,0.5849,332,0.91,0.5723,558,0.93,0.5849,10,0.92,0.5786,0,0
SPY190712P298,2019-07-10,2019-07-10 09:30:21,0.93,0.5849,176,0.91,0.5723,106,0.93,0.5849,10,0.92,0.5786,0,0
SPY190712P298,2019-07-10,2019-07-10 09:30:22,0.93,0.5849,373,0.91,0.5723,146,0.93,0.5849,10,0.92,0.5786,0,0
SPY190712P298,2019-07-10,2019-07-10 09:30:22,0.93,0.5849,609,0.91,0.5723,146,0.93,0.5849,10,0.92,0.5786,0,0
SPY190712P298,2019-07-10,2019-07-10 09:30:23,0.93,0.5849,609,0.91,0.5723,176,0.93,0.5849,10,0.92,0.5786,0,0
SPY190712P298,2019-07-10,2019-07-10 09:30:23,0.92,0.5786,6,0.9,0.566,96,0.93,0.5849,10,0.91,0.5723,0,0
SPY190712P298,2019-07-10,2019-07-10 09:30:24,0.92,0.5786,236,0.9,0.566,96,0.93,0.5849,10,0.91,0.5723,0,0
SPY190712P298,2019-07-10,2019-07-10 09:30:24,0.92,0.5786,6,0.9,0.566,144,0.93,0.5849,10,0.91,0.5723,0,0
SPY190712P298,2019-07-10,2019-07-10 09:30:25,0.91,0.5723,91,0.89,0.5597,31,0.93,0.5849,10,0.9,0.566,0,0
SPY190712P298,2019-07-10,2019-07-10 09:30:25,0.92,0.5786,469,0.9,0.566,20,0.93,0.5849,10,0.91,0.5723,0,0
SPY190712P298,2019-07-10,2019-07-10 09:30:26,0.91,0.5723,96,0.9,0.566,9,0.93,0.5849,10,0.905,0.5691,0,0
SPY190712P298,2019-07-10,2019-07-10 09:30:27,0.92,0.5786,130,0.89,0.5597,145,0.93,0.5849,10,0.905,0.5691,0,0
SPY190712P298,2019-07-10,2019-07-10 09:30:27,0.91,0.5723,175,0.89,0.5597,425,0.93,0.5849,10,0.9,0.566,0,0
SPY190712P298,2019-07-10,2019-07-10 09:30:28,0.92,0.5786,421,0.9,0.566,54,0.93,0.5849,10,0.91,0.5723,0,0
SPY190712P298,2019-07-10,2019-07-10 09:30:28,0.92,0.5786,421,0.9,0.566,64,0.93,0.5849,10,0.91,0.5723,0,0
SPY190712P298,2019-07-10,2019-07-10 09:30:29,0.92,0.5786,421,0.9,0.566,89,0.93,0.5849,10,0.91,0.5723,0,0
SPY190712P298,2019-07-10,2019-07-10 09:30:29,0.92,0.5786,180,0.9,0.566,41,0.93,0.5849,10,0.91,0.5723,0,0
SPY190712P298,2019-07-10,2019-07-10 09:30:30,0.92,0.5786,167,0.9,0.566,64,0.93,0.5849,10,0.91,0.5723,0,0
SPY190712P298,2019-07-10,2019-07-10 09:30:31,0.92,0.5786,565,0.9,0.566,143,0.93,0.5849,10,0.91,0.5723,0,0
SPY190712P298,2019-07-10,2019-07-10 09:30:31,0.92,0.5786,441,0.9,0.566,73,0.93,0.5849,10,0.91,0.5723,0,0
SPY190712P298,2019-07-10,2019-07-10 09:30:32,0.91,0.5723,131,0.9,0.566,2,0.9,0.566,8,0.905,0.5691,0,0
SPY190712P298,2019-07-10,2019-07-10 09:30:32,0.92,0.5786,565,0.9,0.566,171,0.93,0.5849,10,0.91,0.5723,0,0
SPY190712P298,2019-07-10,2019-07-10 09:30:33,0.91,0.5723,86,0.89,0.5597,196,0.91,0.5723,10,0.9,0.566,0,0
SPY190712P298,2019-07-10,2019-07-10 09:30:33,0.9,0.566,1,0.89,0.5597,30,0.91,0.5723,10,0.895,0.5628,0,0
SPY190712P298,2019-07-10,2019-07-10 09:30:34,0.91,0.5723,86,0.89,0.5597,454,0.91,0.5723,10,0.9,0.566,0,0
SPY190712P298,2019-07-10,2019-07-10 09:30:35,0.91,0.5723,150,0.89,0.5597,813,0.91,0.5723,10,0.9,0.566,0,0
SPY190712P298,2019-07-10,2019-07-10 09:30:35,0.91,0.5723,130,0.87,0.5471,200,0.91,0.5723,10,0.89,0.5597,0,0
SPY190712P298,2019-07-10,2019-07-10 09:30:36,0.91,0.5723,180,0.89,0.5597,75,0.91,0.5723,10,0.9,0.566,0,0
SPY190712P298,2019-07-10,2019-07-10 09:30:36,0.91,0.5723,180,0.89,0.5597,60,0.91,0.5723,10,0.9,0.566,0,0
SPY190712P298,2019-07-10,2019-07-10 09:30:37,0.91,0.5723,282,0.89,0.5597,174,0.91,0.5723,10,0.9,0.566,0,0
SPY190712P298,2019-07-10,2019-07-10 09:30:37,0.91,0.5723,247,0.89,0.5597,219,0.89,0.5597,48,0.9,0.566,0,0
SPY190712P298,2019-07-10,2019-07-10 09:30:38,0.91,0.5723,273,0.89,0.5597,311,0.89,0.5597,48,0.9,0.566,0,0
SPY190712P298,2019-07-10,2019-07-10 09:30:39,0.91,0.5723,277,0.89,0.5597,225,0.89,0.5597,48,0.9,0.566,0,0
SPY190712P298,2019-07-10,2019-07-10 09:30:40,0.91,0.5723,277,0.89,0.5597,219,0.89,0.5597,48,0.9,0.566,0,0
SPY190712P298,2019-07-10,2019-07-10 09:30:40,0.9,0.566,6,0.89,0.5597,225,0.89,0.5597,48,0.895,0.5628,0,0
SPY190712P298,2019-07-10,2019-07-10 09:30:41,0.91,0.5723,277,0.89,0.5597,182,0.89,0.5597,48,0.9,0.566,0,0
SPY190712P298,2019-07-10,2019-07-10 09:30:42,0.9,0.566,131,0.88,0.5534,163,0.89,0.5597,48,0.89,0.5597,0,0
SPY190712P298,2019-07-10,2019-07-10 09:30:42,0.91,0.5723,277,0.89,0.5597,182,0.89,0.5597,48,0.9,0.566,0,0
SPY190712P298,2019-07-10,2019-07-10 09:30:43,0.9,0.566,130,0.88,0.5534,92,0.89,0.5597,48,0.89,0.5597,0,0
SPY190712P298,2019-07-10,2019-07-10 09:30:44,0.9,0.566,181,0.88,0.5534,308,0.89,0.5597,48,0.89,0.5597,0,0
SPY190712P298,2019-07-10,2019-07-10 09:30:44,0.9,0.566,181,0.88,0.5534,360,0.89,0.5597,48,0.89,0.5597,0,0
SPY190712P298,2019-07-10,2019-07-10 09:30:45,0.89,0.5597,6,0.87,0.5471,255,0.89,0.5597,48,0.88,0.5534,0,0
SPY190712P298,2019-07-10,2019-07-10 09:30:45,0.9,0.566,181,0.88,0.5534,360,0.89,0.5597,48,0.89,0.5597,0,0
SPY190712P298,2019-07-10,2019-07-10 09:30:46,0.9,0.566,6,0.87,0.5471,236,0.89,0.5597,48,0.885,0.5566,0,0
SPY190712P298,2019-07-10,2019-07-10 09:30:46,0.9,0.566,23,0.88,0.5534,110,0.89,0.5597,48,0.89,0.5597,0,0
SPY190712P298,2019-07-10,2019-07-10 09:30:47,0.91,0.5723,6,0.9,0.566,63,0.89,0.5597,48,0.905,0.5691,0,0
SPY190712P298,2019-07-10,2019-07-10 09:30:47,0.91,0.5723,6,0.9,0.566,47,0.89,0.5597,48,0.905,0.5691,0,0
SPY190712P298,2019-07-10,2019-07-10 09:30:48,0.91,0.5723,6,0.9,0.566,63,0.89,0.5597,48,0.905,0.5691,0,0
SPY190712P298,2019-07-10,2019-07-10 09:30:49,0.91,0.5723,50,0.9,0.566,80,0.89,0.5597,48,0.905,0.5691,0,0
SPY190712P298,2019-07-10,2019-07-10 09:30:49,0.91,0.5723,6,0.9,0.566,114,0.89,0.5597,48,0.905,0.5691,0,0
SPY190712P298,2019-07-10,2019-07-10 09:30:50,0.91,0.5723,50,0.9,0.566,94,0.89,0.5597,48,0.905,0.5691,0,0
SPY190712P298,2019-07-10,2019-07-10 09:30:50,0.92,0.5786,336,0.9,0.566,113,0.89,0.5597,48,0.91,0.5723,0,0
SPY190712P298,2019-07-10,2019-07-10 09:30:51,0.92,0.5786,130,0.9,0.566,38,0.89,0.5597,48,0.91,0.5723,0,0
SPY190712P298,2019-07-10,2019-07-10 09:30:51,0.92,0.5786,180,0.9,0.566,34,0.89,0.5597,48,0.91,0.5723,0,0
SPY190712P298,2019-07-10,2019-07-10 09:30:52,0.92,0.5786,336,0.9,0.566,80,0.89,0.5597,48,0.91,0.5723,0,0
SPY190712P298,2019-07-10,2019-07-10 09:30:52,0.92,0.5786,502,0.91,0.5723,23,0.89,0.5597,48,0.915,0.5754,0,0
SPY190712P298,2019-07-10,2019-07-10 09:30:53,0.92,0.5786,576,0.9,0.566,130,0.89,0.5597,48,0.91,0.5723,0,0
SPY190712P298,2019-07-10,2019-07-10 09:30:54,0.91,0.5723,140,0.9,0.566,23,0.89,0.5597,48,0.905,0.5691,0,0
SPY190712P298,2019-07-10,2019-07-10 09:30:54,0.91,0.5723,100,0.89,0.5597,350,0.89,0.5597,48,0.9,0.566,0,0
SPY190712P298,2019-07-10,2019-07-10 09:30:55,0.91,0.5723,130,0.9,0.566,56,0.91,0.5723,50,0.905,0.5691,0,0
SPY190712P298,2019-07-10,2019-07-10 09:30:55,0.91,0.5723,140,0.9,0.566,33,0.89,0.5597,48,0.905,0.5691,0,0
SPY190712P298,2019-07-10,2019-07-10 09:30:56,0.91,0.5723,130,0.9,0.566,98,0.91,0.5723,50,0.905,0.5691,0,0
SPY190712P298,2019-07-10,2019-07-10 09:30:56,0.91,0.5723,59,0.9,0.566,142,0.91,0.5723,50,0.905,0.5691,0,0
SPY190712P298,2019-07-10,2019-07-10 09:30:57,0.91,0.5723,74,0.9,0.566,100,0.91,0.5723,50,0.905,0.5691,0,0
SPY190712P298,2019-07-10,2019-07-10 09:30:57,0.91,0.5723,60,0.9,0.566,124,0.91,0.5723,50,0.905,0.5691,0,0
SPY190712P298,2019-07-10,2019-07-10 09:30:58,0.91,0.5723,126,0.9,0.566,122,0.91,0.5723,50,0.905,0.5691,0,0
SPY190712P298,2019-07-10,2019-07-10 09:30:59,0.91,0.5723,117,0.9,0.566,114,0.91,0.5723,50,0.905,0.5691,0,0
SPY190712P298,2019-07-10,2019-07-10 09:30:59,0.91,0.5723,126,0.9,0.566,100,0.91,0.5723,50,0.905,0.5691,0,0
SPY190712P298,2019-07-10,2019-07-10 09:31:00,0.91,0.5723,117,0.9,0.566,1,0.9,0.566,100,0.905,0.5691,0,0
SPY190712P298,2019-07-10,2019-07-10 09:31:00,0.91,0.5723,117,0.9,0.566,100,0.91,0.5723,50,0.905,0.5691,0,0
SPY190712P298,2019-07-10,2019-07-10 09:31:01,0.91,0.5723,117,0.89,0.5597,148,0.9,0.566,100,0.9,0.566,0,0
SPY190712P298,2019-07-10,2019-07-10 09:31:01,0.91,0.5723,117,0.89,0.5597,161,0.9,0.566,100,0.9,0.566,0,0
SPY190712P298,2019-07-10,2019-07-10 09:31:02,0.91,0.5723,117,0.89,0.5597,152,0.9,0.566,100,0.9,0.566,0,0
SPY190712P298,2019-07-10,2019-07-10 09:31:02,0.91,0.5723,117,0.89,0.5597,166,0.9,0.566,100,0.9,0.566,0,0
SPY190712P298,2019-07-10,2019-07-10 09:31:03,0.91,0.5723,109,0.9,0.566,43,0.9,0.566,100,0.905,0.5691,0,0
SPY190712P298,2019-07-10,2019-07-10 09:31:04,0.91,0.5723,109,0.89,0.5597,151,0.9,0.566,100,0.9,0.566,0,0
SPY190712P298,2019-07-10,2019-07-10 09:31:04,0.91,0.5723,106,0.9,0.566,33,0.9,0.566,100,0.905,0.5691,0,0
SPY190712P298,2019-07-10,2019-07-10 09:31:05,0.91,0.5723,148,0.9,0.566,43,0.9,0.566,100,0.905,0.5691,0,0
SPY190712P298,2019-07-10,2019-07-10 09:31:05,0.91,0.5723,50,0.9,0.566,33,0.9,0.566,100,0.905,0.5691,0,0
SPY190712P298,2019-07-10,2019-07-10 09:31:06,0.9,0.566,19,0.9,0.566,1,0.9,0.566,8,0.9,0.566,0,0
SPY190712P298,2019-07-10,2019-07-10 09:31:06,0.91,0.5723,69,0.9,0.566,1,0.9,0.566,8,0.905,0.5691,0,0
SPY190712P298,2019-07-10,2019-07-10 09:31:07,0.9,0.566,47,0.89,0.5597,129,0.9,0.566,8,0.895,0.5628,0,0
SPY190712P298,2019-07-10,2019-07-10 09:31:07,0.91,0.5723,79,0.89,0.5597,129,0.9,0.566,8,0.9,0.566,0,0
SPY190712P298,2019-07-10,2019-07-10 09:31:08,0.9,0.566,47,0.89,0.5597,111,0.9,0.566,8,0.895,0.5628,0,0
SPY190712P298,2019-07-10,2019-07-10 09:31:09,0.9,0.566,47,0.89,0.5597,79,0.9,0.566,8,0.895,0.5628,0,0
SPY190712P298,2019-07-10,2019-07-10 09:31:09,0.9,0.566,81,0.89,0.5597,79,0.9,0.566,8,0.895,0.5628,0,0
SPY190712P298,2019-07-10,2019-07-10 09:31:10,0.89,0.5597,6,0.88,0.5534,81,0.9,0.566,8,0.885,0.5566,0,0
SPY190712P298,2019-07-10,2019-07-10 09:31:10,0.89,0.5597,5,0.88,0.5534,50,0.9,0.566,8,0.885,0.5566,0,0
SPY190712P298,2019-07-10,2019-07-10 09:31:11,0.89,0.5597,47,0.88,0.5534,73,0.9,0.566,8,0.885,0.5566,0,0
SPY190712P298,2019-07-10,2019-07-10 09:31:11,0.89,0.5597,47,0.88,0.5534,80,0.9,0.566,8,0.885,0.5566,0,0
SPY190712P298,2019-07-10,2019-07-10 09:31:12,0.89,0.5597,47,0.88,0.5534,72,0.9,0.566,8,0.885,0.5566,0,0
SPY190712P298,2019-07-10,2019-07-10 09:31:13,0.89,0.5597,151,0.88,0.5534,62,0.9,0.566,8,0.885,0.5566,0,0
SPY190712P298,2019-07-10,2019-07-10 09:31:13,0.89,0.5597,151,0.88,0.5534,71,0.9,0.566,8,0.885,0.5566,0,0
SPY190712P298,2019-07-10,2019-07-10 09:31:14,0.89,0.5597,151,0.88,0.5534,62,0.9,0.566,8,0.885,0.5566,0,0
SPY190712P298,2019-07-10,2019-07-10 09:31:15,0.89,0.5597,151,0.88,0.5534,99,0.9,0.566,8,0.885,0.5566,0,0
SPY190712P298,2019-07-10,2019-07-10 09:31:16,0.89,0.5597,97,0.88,0.5534,99,0.88,0.5534,15,0.885,0.5566,0,0
SPY190712P298,2019-07-10,2019-07-10 09:31:16,0.88,0.5534,59,0.87,0.5471,122,0.88,0.5534,1,0.875,0.5503,0,0
SPY190712P298,2019-07-10,2019-07-10 09:31:17,0.88,0.5534,108,0.87,0.5471,122,0.88,0.5534,1,0.875,0.5503,0,0
SPY190712P298,2019-07-10,2019-07-10 09:31:17,0.88,0.5534,30,0.87,0.5471,138,0.88,0.5534,1,0.875,0.5503,0,0
SPY190712P298,2019-07-10,2019-07-10 09:31:18,0.88,0.5534,143,0.87,0.5471,60,0.88,0.5534,1,0.875,0.5503,0,0
SPY190712P298,2019-07-10,2019-07-10 09:31:19,0.87,0.5471,143,0.86,0.5408,5,0.88,0.5534,1,0.865,0.544,0,0
SPY190712P298,2019-07-10,2019-07-10 09:31:19,0.87,0.5471,143,0.86,0.5408,34,0.88,0.5534,1,0.865,0.544,0,0
SPY190712P298,2019-07-10,2019-07-10 09:31:20,0.87,0.5471,143,0.87,0.5471,67,0.88,0.5534,1,0.87,0.5471,0,0
SPY190712P298,2019-07-10,2019-07-10 09:31:21,0.89,0.5597,63,0.88,0.5534,50,0.88,0.5534,1,0.885,0.5566,0,0
SPY190712P298,2019-07-10,2019-07-10 09:31:21,0.89,0.5597,18,0.87,0.5471,20,0.88,0.5534,1,0.88,0.5534,0,0
SPY190712P298,2019-07-10,2019-07-10 09:31:22,0.89,0.5597,147,0.88,0.5534,50,0.88,0.5534,1,0.885,0.5566,0,0
SPY190712P298,2019-07-10,2019-07-10 09:31:22,0.89,0.5597,147,0.87,0.5471,189,0.88,0.5534,1,0.88,0.5534,0,0
SPY190712P298,2019-07-10,2019-07-10 09:31:23,0.89,0.5597,147,0.88,0.5534,50,0.88,0.5534,1,0.885,0.5566,0,0
SPY190712P298,2019-07-10,2019-07-10 09:31:23,0.89,0.5597,147,0.88,0.5534,56,0.88,0.5534,1,0.885,0.5566,0,0
SPY190712P298,2019-07-10,2019-07-10 09:31:24,0.89,0.5597,147,0.87,0.5471,666,0.88,0.5534,1,0.88,0.5534,0,0
SPY190712P298,2019-07-10,2019-07-10 09:31:25,0.88,0.5534,83,0.87,0.5471,750,0.88,0.5534,1,0.875,0.5503,0,0
SPY190712P298,2019-07-10,2019-07-10 09:31:25,0.89,0.5597,147,0.87,0.5471,750,0.88,0.5534,1,0.88,0.5534,0,0
SPY190712P298,2019-07-10,2019-07-10 09:31:26,0.88,0.5534,83,0.87,0.5471,75,0.88,0.5534,1,0.875,0.5503,0,0
SPY190712P298,2019-07-10,2019-07-10 09:31:27,0.89,0.5597,141,0.87,0.5471,123,0.88,0.5534,1,0.88,0.5534,0,0
SPY190712P298,2019-07-10,2019-07-10 09:31:28,0.89,0.5597,141,0.88,0.5534,67,0.88,0.5534,1,0.885,0.5566,0,0
SPY190712P298,2019-07-10,2019-07-10 09:31:28,0.89,0.5597,141,0.88,0.5534,78,0.88,0.5534,1,0.885,0.5566,0,0
SPY190712P298,2019-07-10,2019-07-10 09:31:29,0.89,0.5597,141,0.88,0.5534,68,0.88,0.5534,1,0.885,0.5566,0,0
SPY190712P298,2019-07-10,2019-07-10 09:31:30,0.89,0.5597,141,0.88,0.5534,69,0.88,0.5534,1,0.885,0.5566,0,0
SPY190712P298,2019-07-10,2019-07-10 09:31:30,0.89,0.5597,141,0.88,0.5534,80,0.88,0.5534,1,0.885,0.5566,0,0
SPY190712P298,2019-07-10,2019-07-10 09:31:31,0.89,0.5597,135,0.88,0.5534,106,0.88,0.5534,1,0.885,0.5566,0,0
SPY190712P298,2019-07-10,2019-07-10 09:31:31,0.89,0.5597,134,0.88,0.5534,98,0.88,0.5534,1,0.885,0.5566,0,0
SPY190712P298,2019-07-10,2019-07-10 09:31:32,0.9,0.566,297,0.87,0.5471,173,0.88,0.5534,1,0.885,0.5566,0,0
SPY190712P298,2019-07-10,2019-07-10 09:31:33,0.89,0.5597,10,0.88,0.5534,100,0.88,0.5534,1,0.885,0.5566,0,0
SPY190712P298,2019-07-10,2019-07-10 09:31:33,0.89,0.5597,37,0.88,0.5534,184,0.88,0.5534,1,0.885,0.5566,0,0
SPY190712P298,2019-07-10,2019-07-10 09:31:34,0.89,0.5597,44,0.88,0.5534,222,0.88,0.5534,1,0.885,0.5566,0,0
SPY190712P298,2019-07-10,2019-07-10 09:31:34,0.89,0.5597,46,0.88,0.5534,100,0.88,0.5534,1,0.885,0.5566,0,0
SPY190712P298,2019-07-10,2019-07-10 09:31:35,0.89,0.5597,45,0.88,0.5534,222,0.88,0.5534,1,0.885,0.5566,0,0
SPY190712P298,2019-07-10,2019-07-10 09:31:36,0.89,0.5597,158,0.88,0.5534,70,0.88,0.5534,1,0.885,0.5566,0,0
SPY190712P298,2019-07-10,2019-07-10 09:31:36,0.89,0.5597,108,0.88,0.5534,75,0.88,0.5534,1,0.885,0.5566,0,0
SPY190712P298,2019-07-10,2019-07-10 09:31:37,0.89,0.5597,18,0.88,0.5534,110,0.88,0.5534,1,0.885,0.5566,0,0
SPY190712P298,2019-07-10,2019-07-10 09:31:37,0.89,0.5597,19,0.88,0.5534,70,0.88,0.5534,1,0.885,0.5566,0,0
SPY190712P298,2019-07-10,2019-07-10 09:31:38,0.89,0.5597,91,0.88,0.5534,68,0.88,0.5534,1,0.885,0.5566,0,0
SPY190712P298,2019-07-10,2019-07-10 09:31:38,0.89,0.5597,61,0.88,0.5534,70,0.88,0.5534,1,0.885,0.5566,0,0
SPY190712P298,2019-07-10,2019-07-10 09:31:39,0.89,0.5597,6,0.88,0.5534,314,0.88,0.5534,1,0.885,0.5566,0,0
SPY190712P298,2019-07-10,2019-07-10 09:31:40,0.89,0.5597,6,0.88,0.5534,114,0.88,0.5534,1,0.885,0.5566,0,0
SPY190712P298,2019-07-10,2019-07-10 09:31:40,0.89,0.5597,6,0.88,0.5534,138,0.88,0.5534,1,0.885,0.5566,0,0
SPY190712P298,2019-07-10,2019-07-10 09:31:41,0.89,0.5597,6,0.88,0.5534,404,0.88,0.5534,1,0.885,0.5566,0,0
SPY190712P298,2019-07-10,2019-07-10 09:31:41,0.9,0.566,51,0.89,0.5597,32,0.89,0.5597,1,0.895,0.5628,0,0
SPY190712P298,2019-07-10,2019-07-10 09:31:42,0.9,0.566,93,0.89,0.5597,32,0.89,0.5597,1,0.895,0.5628,0,0
SPY190712P298,2019-07-10,2019-07-10 09:31:43,0.89,0.5597,5,0.88,0.5534,91,0.9,0.566,2,0.885,0.5566,0,0
SPY190712P298,2019-07-10,2019-07-10 09:31:44,0.89,0.5597,6,0.88,0.5534,120,0.9,0.566,2,0.885,0.5566,0,0
SPY190712P298,2019-07-10,2019-07-10 09:31:45,0.89,0.5597,31,0.88,0.5534,90,0.88,0.5534,10,0.885,0.5566,0,0
SPY190712P298,2019-07-10,2019-07-10 09:31:45,0.88,0.5534,6,0.87,0.5471,34,0.88,0.5534,1,0.875,0.5503,0,0
SPY190712P298,2019-07-10,2019-07-10 09:31:46,0.88,0.5534,6,0.87,0.5471,63,0.88,0.5534,1,0.875,0.5503,0,0
SPY190712P298,2019-07-10,2019-07-10 09:31:46,0.88,0.5534,6,0.87,0.5471,35,0.88,0.5534,1,0.875,0.5503,0,0
SPY190712P298,2019-07-10,2019-07-10 09:31:47,0.88,0.5534,36,0.87,0.5471,63,0.88,0.5534,1,0.875,0.5503,0,0
SPY190712P298,2019-07-10,2019-07-10 09:31:48,0.88,0.5534,10,0.87,0.5471,63,0.88,0.5534,1,0.875,0.5503,0,0
SPY190712P298,2019-07-10,2019-07-10 09:31:48,0.88,0.5534,20,0.87,0.5471,63,0.88,0.5534,1,0.875,0.5503,0,0
SPY190712P298,2019-07-10,2019-07-10 09:31:49,0.87,0.5471,35,0.86,0.5408,32,0.88,0.5534,2,0.865,0.544,0,0
SPY190712P298,2019-07-10,2019-07-10 09:31:49,0.88,0.5534,6,0.87,0.5471,63,0.88,0.5534,1,0.875,0.5503,0,0
SPY190712P298,2019-07-10,2019-07-10 09:31:50,0.87,0.5471,39,0.86,0.5408,32,0.88,0.5534,2,0.865,0.544,0,0
SPY190712P298,2019-07-10,2019-07-10 09:31:51,0.87,0.5471,39,0.86,0.5408,66,0.88,0.5534,2,0.865,0.544,0,0
SPY190712P298,2019-07-10,2019-07-10 09:31:52,0.87,0.5471,35,0.86,0.5408,66,0.88,0.5534,2,0.865,0.544,0,0
SPY190712P298,2019-07-10,2019-07-10 09:31:52,0.87,0.5471,38,0.86,0.5408,28,0.88,0.5534,2,0.865,0.544,0,0
SPY190712P298,2019-07-10,2019-07-10 09:31:53,0.87,0.5471,39,0.86,0.5408,41,0.88,0.5534,2,0.865,0.544,0,0
SPY190712P298,2019-07-10,2019-07-10 09:31:54,0.87,0.5471,36,0.86,0.5408,41,0.88,0.5534,2,0.865,0.544,0,0
SPY190712P298,2019-07-10,2019-07-10 09:31:54,0.87,0.5471,40,0.86,0.5408,41,0.88,0.5534,2,0.865,0.544,0,0
SPY190712P298,2019-07-10,2019-07-10 09:31:55,0.87,0.5471,38,0.86,0.5408,34,0.88,0.5534,2,0.865,0.544,0,0
SPY190712P298,2019-07-10,2019-07-10 09:31:55,0.87,0.5471,35,0.86,0.5408,34,0.88,0.5534,2,0.865,0.544,0,0
SPY190712P298,2019-07-10,2019-07-10 09:31:56,0.87,0.5471,38,0.86,0.5408,44,0.88,0.5534,2,0.865,0.544,0,0
SPY190712P298,2019-07-10,2019-07-10 09:31:56,0.87,0.5471,35,0.86,0.5408,61,0.88,0.5534,2,0.865,0.544,0,0
SPY190712P298,2019-07-10,2019-07-10 09:31:57,0.87,0.5471,55,0.86,0.5408,55,0.88,0.5534,2,0.865,0.544,0,0
SPY190712P298,2019-07-10,2019-07-10 09:31:57,0.87,0.5471,56,0.86,0.5408,54,0.88,0.5534,2,0.865,0.544,0,0
SPY190712P298,2019-07-10,2019-07-10 09:31:58,0.87,0.5471,56,0.86,0.5408,60,0.88,0.5534,2,0.865,0.544,0,0
SPY190712P298,2019-07-10,2019-07-10 09:31:58,0.87,0.5471,85,0.86,0.5408,63,0.88,0.5534,2,0.865,0.544,0,0
SPY190712P298,2019-07-10,2019-07-10 09:31:59,0.87,0.5471,85,0.86,0.5408,63,0.88,0.5534,2,0.865,0.544,0,0
SPY190712P298,2019-07-10,2019-07-10 09:32:00,0.87,0.5471,85,0.86,0.5408,63,0.88,0.5534,2,0.865,0.544,0,0
SPY190712P298,2019-07-10,2019-07-10 09:32:01,0.87,0.5471,6,0.86,0.5408,40,0.88,0.5534,2,0.865,0.544,0,0
SPY190712P298,2019-07-10,2019-07-10 09:32:01,0.87,0.5471,6,0.86,0.5408,22,0.88,0.5534,2,0.865,0.544,0,0
SPY190712P298,2019-07-10,2019-07-10 09:32:02,0.87,0.5471,6,0.86,0.5408,66,0.88,0.5534,2,0.865,0.544,0,0
SPY190712P298,2019-07-10,2019-07-10 09:32:02,0.87,0.5471,185,0.86,0.5408,99,0.88,0.5534,2,0.865,0.544,0,0
SPY190712P298,2019-07-10,2019-07-10 09:32:03,0.87,0.5471,185,0.86,0.5408,75,0.88,0.5534,2,0.865,0.544,0,0
SPY190712P298,2019-07-10,2019-07-10 09:32:04,0.87,0.5471,185,0.86,0.5408,50,0.88,0.5534,2,0.865,0.544,0,0
SPY190712P298,2019-07-10,2019-07-10 09:32:04,0.87,0.5471,1,0.86,0.5408,18,0.88,0.5534,2,0.865,0.544,0,0
SPY190712P298,2019-07-10,2019-07-10 09:32:05,0.87,0.5471,1,0.86,0.5408,40,0.88,0.5534,2,0.865,0.544,0,0
SPY190712P298,2019-07-10,2019-07-10 09:32:05,0.87,0.5471,6,0.86,0.5408,46,0.88,0.5534,2,0.865,0.544,0,0
SPY190712P298,2019-07-10,2019-07-10 09:32:06,0.87,0.5471,7,0.86,0.5408,40,0.88,0.5534,2,0.865,0.544,0,0
SPY190712P298,2019-07-10,2019-07-10 09:32:06,0.87,0.5471,6,0.86,0.5408,51,0.88,0.5534,2,0.865,0.544,0,0
SPY190712P298,2019-07-10,2019-07-10 09:32:07,0.87,0.5471,6,0.86,0.5408,44,0.88,0.5534,2,0.865,0.544,0,0
SPY190712P298,2019-07-10,2019-07-10 09:32:08,0.87,0.5471,7,0.86,0.5408,44,0.88,0.5534,2,0.865,0.544,0,0
SPY190712P298,2019-07-10,2019-07-10 09:32:08,0.87,0.5471,6,0.86,0.5408,44,0.88,0.5534,2,0.865,0.544,0,0
SPY190712P298,2019-07-10,2019-07-10 09:32:09,0.87,0.5471,7,0.86,0.5408,44,0.88,0.5534,2,0.865,0.544,0,0
SPY190712P298,2019-07-10,2019-07-10 09:32:09,0.87,0.5471,6,0.86,0.5408,51,0.88,0.5534,2,0.865,0.544,0,0
SPY190712P298,2019-07-10,2019-07-10 09:32:10,0.87,0.5471,185,0.86,0.5408,93,0.88,0.5534,2,0.865,0.544,0,0
SPY190712P298,2019-07-10,2019-07-10 09:32:10,0.87,0.5471,185,0.86,0.5408,41,0.88,0.5534,2,0.865,0.544,0,0
SPY190712P298,2019-07-10,2019-07-10 09:32:11,0.87,0.5471,184,0.86,0.5408,131,0.87,0.5471,5,0.865,0.544,0,0
SPY190712P298,2019-07-10,2019-07-10 09:32:12,0.87,0.5471,184,0.86,0.5408,44,0.87,0.5471,5,0.865,0.544,0,0
SPY190712P298,2019-07-10,2019-07-10 09:32:12,0.87,0.5471,184,0.86,0.5408,35,0.87,0.5471,5,0.865,0.544,0,0
SPY190712P298,2019-07-10,2019-07-10 09:32:13,0.86,0.5408,34,0.85,0.5345,40,0.87,0.5471,5,0.855,0.5377,0,0
SPY190712P298,2019-07-10,2019-07-10 09:32:13,0.86,0.5408,39,0.85,0.5345,40,0.87,0.5471,5,0.855,0.5377,0,0
SPY190712P298,2019-07-10,2019-07-10 09:32:14,0.87,0.5471,199,0.85,0.5345,60,0.87,0.5471,5,0.86,0.5408,0,0
SPY190712P298,2019-07-10,2019-07-10 09:32:14,0.87,0.5471,231,0.86,0.5408,31,0.87,0.5471,5,0.865,0.544,0,0
SPY190712P298,2019-07-10,2019-07-10 09:32:15,0.87,0.5471,199,0.85,0.5345,152,0.87,0.5471,5,0.86,0.5408,0,0
SPY190712P298,2019-07-10,2019-07-10 09:32:16,0.86,0.5408,87,0.85,0.5345,43,0.87,0.5471,5,0.855,0.5377,0,0
SPY190712P298,2019-07-10,2019-07-10 09:32:17,0.86,0.5408,82,0.85,0.5345,42,0.87,0.5471,5,0.855,0.5377,0,0
SPY190712P298,2019-07-10,2019-07-10 09:32:17,0.86,0.5408,50,0.85,0.5345,48,0.87,0.5471,5,0.855,0.5377,0,0
SPY190712P298,2019-07-10,2019-07-10 09:32:18,0.86,0.5408,11,0.85,0.5345,42,0.87,0.5471,5,0.855,0.5377,0,0
SPY190712P298,2019-07-10,2019-07-10 09:32:18,0.86,0.5408,54,0.85,0.5345,78,0.87,0.5471,5,0.855,0.5377,0,0
SPY190712P298,2019-07-10,2019-07-10 09:32:19,0.86,0.5408,399,0.85,0.5345,42,0.87,0.5471,5,0.855,0.5377,0,0
SPY190712P298,2019-07-10,2019-07-10 09:32:19,0.86,0.5408,793,0.84,0.5283,56,0.84,0.5283,1,0.85,0.5345,0,0
SPY190712P298,2019-07-10,2019-07-10 09:32:20,0.85,0.5345,34,0.84,0.5283,71,0.84,0.5283,1,0.845,0.5314,0,0
SPY190712P298,2019-07-10,2019-07-10 09:32:20,0.85,0.5345,111,0.84,0.5283,85,0.84,0.5283,1,0.845,0.5314,0,0
SPY190712P298,2019-07-10,2019-07-10 09:32:21,0.85,0.5345,111,0.84,0.5283,25,0.84,0.5283,1,0.845,0.5314,0,0
SPY190712P298,2019-07-10,2019-07-10 09:32:22,0.84,0.5283,5,0.83,0.522,30,0.84,0.5283,1,0.835,0.5251,0,0
SPY190712P298,2019-07-10,2019-07-10 09:32:22,0.84,0.5283,59,0.83,0.522,31,0.84,0.5283,1,0.835,0.5251,0,0
SPY190712P298,2019-07-10,2019-07-10 09:32:23,0.84,0.5283,78,0.83,0.522,38,0.84,0.5283,1,0.835,0.5251,0,0
SPY190712P298,2019-07-10,2019-07-10 09:32:23,0.84,0.5283,5,0.83,0.522,39,0.84,0.5283,1,0.835,0.5251,0,0
SPY190712P298,2019-07-10,2019-07-10 09:32:24,0.84,0.5283,161,0.83,0.522,35,0.84,0.5283,1,0.835,0.5251,0,0
SPY190712P298,2019-07-10,2019-07-10 09:32:24,0.84,0.5283,161,0.83,0.522,45,0.84,0.5283,1,0.835,0.5251,0,0
SPY190712P298,2019-07-10,2019-07-10 09:32:25,0.84,0.5283,161,0.83,0.522,50,0.84,0.5283,1,0.835,0.5251,0,0
SPY190712P298,2019-07-10,2019-07-10 09:32:26,0.84,0.5283,160,0.83,0.522,75,0.84,0.5283,1,0.835,0.5251,0,0
SPY190712P298,2019-07-10,2019-07-10 09:32:26,0.84,0.5283,161,0.83,0.522,113,0.84,0.5283,1,0.835,0.5251,0,0
SPY190712P298,2019-07-10,2019-07-10 09:32:27,0.84,0.5283,223,0.83,0.522,144,0.84,0.5283,25,0.835,0.5251,0,0
SPY190712P298,2019-07-10,2019-07-10 09:32:27,0.84,0.5283,350,0.83,0.522,169,0.84,0.5283,25,0.835,0.5251,0,0
SPY190712P298,2019-07-10,2019-07-10 09:32:28,0.84,0.5283,350,0.83,0.522,169,0.84,0.5283,25,0.835,0.5251,0,0
SPY190712P298,2019-07-10,2019-07-10 09:32:28,0.84,0.5283,160,0.83,0.522,34,0.84,0.5283,5,0.835,0.5251,0,0
SPY190712P298,2019-07-10,2019-07-10 09:32:29,0.84,0.5283,264,0.83,0.522,18,0.84,0.5283,5,0.835,0.5251,0,0
SPY190712P298,2019-07-10,2019-07-10 09:32:30,0.84,0.5283,400,0.82,0.5157,500,0.84,0.5283,5,0.83,0.522,0,0
SPY190712P298,2019-07-10,2019-07-10 09:32:30,0.84,0.5283,419,0.82,0.5157,369,0.84,0.5283,5,0.83,0.522,0,0
SPY190712P298,2019-07-10,2019-07-10 09:32:31,0.84,0.5283,280,0.83,0.522,42,0.84,0.5283,5,0.835,0.5251,0,0
SPY190712P298,2019-07-10,2019-07-10 09:32:31,0.84,0.5283,423,0.82,0.5157,942,0.84,0.5283,5,0.83,0.522,0,0
SPY190712P298,2019-07-10,2019-07-10 09:32:32,0.84,0.5283,327,0.83,0.522,62,0.84,0.5283,5,0.835,0.5251,0,0
SPY190712P298,2019-07-10,2019-07-10 09:32:33,0.84,0.5283,272,0.83,0.522,135,0.84,0.5283,5,0.835,0.5251,0,0
SPY190712P298,2019-07-10,2019-07-10 09:32:33,0.84,0.5283,155,0.83,0.522,79,0.84,0.5283,5,0.835,0.5251,0,0
SPY190712P298,2019-07-10,2019-07-10 09:32:34,0.84,0.5283,305,0.83,0.522,62,0.84,0.5283,5,0.835,0.5251,0,0
SPY190712P298,2019-07-10,2019-07-10 09:32:34,0.84,0.5283,305,0.83,0.522,50,0.84,0.5283,5,0.835,0.5251,0,0
SPY190712P298,2019-07-10,2019-07-10 09:32:35,0.84,0.5283,332,0.83,0.522,86,0.84,0.5283,5,0.835,0.5251,0,0
SPY190712P298,2019-07-10,2019-07-10 09:32:35,0.84,0.5283,305,0.83,0.522,50,0.84,0.5283,5,0.835,0.5251,0,0
SPY190712P298,2019-07-10,2019-07-10 09:32:36,0.84,0.5283,332,0.83,0.522,86,0.84,0.5283,5,0.835,0.5251,0,0
SPY190712P298,2019-07-10,2019-07-10 09:32:37,0.84,0.5283,364,0.83,0.522,50,0.84,0.5283,5,0.835,0.5251,0,0
SPY190712P298,2019-07-10,2019-07-10 09:32:37,0.84,0.5283,170,0.82,0.5157,236,0.84,0.5283,5,0.83,0.522,0,0
SPY190712P298,2019-07-10,2019-07-10 09:32:38,0.84,0.5283,281,0.82,0.5157,660,0.84,0.5283,5,0.83,0.522,0,0
SPY190712P298,2019-07-10,2019-07-10 09:32:38,0.84,0.5283,160,0.83,0.522,48,0.84,0.5283,5,0.835,0.5251,0,0
SPY190712P298,2019-07-10,2019-07-10 09:32:39,0.84,0.5283,301,0.82,0.5157,138,0.84,0.5283,5,0.83,0.522,0,0
SPY190712P298,2019-07-10,2019-07-10 09:32:39,0.83,0.522,78,0.82,0.5157,138,0.84,0.5283,5,0.825,0.5188,0,0
SPY190712P298,2019-07-10,2019-07-10 09:32:40,0.83,0.522,86,0.82,0.5157,112,0.84,0.5283,5,0.825,0.5188,0,0
SPY190712P298,2019-07-10,2019-07-10 09:32:40,0.83,0.522,84,0.82,0.5157,149,0.84,0.5283,5,0.825,0.5188,0,0
SPY190712P298,2019-07-10,2019-07-10 09:32:41,0.83,0.522,96,0.82,0.5157,113,0.84,0.5283,5,0.825,0.5188,0,0
SPY190712P298,2019-07-10,2019-07-10 09:32:42,0.83,0.522,96,0.82,0.5157,28,0.84,0.5283,5,0.825,0.5188,0,0
SPY190712P298,2019-07-10,2019-07-10 09:32:42,0.83,0.522,127,0.82,0.5157,28,0.84,0.5283,5,0.825,0.5188,0,0
SPY190712P298,2019-07-10,2019-07-10 09:32:43,0.83,0.522,146,0.82,0.5157,40,0.84,0.5283,5,0.825,0.5188,0,0
SPY190712P298,2019-07-10,2019-07-10 09:32:43,0.83,0.522,146,0.82,0.5157,28,0.84,0.5283,5,0.825,0.5188,0,0
SPY190712P298,2019-07-10,2019-07-10 09:32:44,0.83,0.522,146,0.82,0.5157,105,0.84,0.5283,5,0.825,0.5188,0,0
SPY190712P298,2019-07-10,2019-07-10 09:32:45,0.83,0.522,250,0.82,0.5157,28,0.84,0.5283,5,0.825,0.5188,0,0
SPY190712P298,2019-07-10,2019-07-10 09:32:46,0.83,0.522,460,0.82,0.5157,28,0.83,0.522,2,0.825,0.5188,0,0
SPY190712P298,2019-07-10,2019-07-10 09:32:46,0.83,0.522,397,0.82,0.5157,34,0.83,0.522,2,0.825,0.5188,0,0
SPY190712P298,2019-07-10,2019-07-10 09:32:47,0.83,0.522,189,0.82,0.5157,78,0.83,0.522,2,0.825,0.5188,0,0
SPY190712P298,2019-07-10,2019-07-10 09:32:47,0.83,0.522,397,0.82,0.5157,28,0.83,0.522,2,0.825,0.5188,0,0
SPY190712P298,2019-07-10,2019-07-10 09:32:48,0.83,0.522,280,0.82,0.5157,78,0.83,0.522,2,0.825,0.5188,0,0
SPY190712P298,2019-07-10,2019-07-10 09:32:48,0.83,0.522,373,0.82,0.5157,78,0.83,0.522,2,0.825,0.5188,0,0
SPY190712P298,2019-07-10,2019-07-10 09:32:49,0.83,0.522,398,0.82,0.5157,151,0.83,0.522,2,0.825,0.5188,0,0
SPY190712P298,2019-07-10,2019-07-10 09:32:50,0.83,0.522,572,0.82,0.5157,201,0.83,0.522,2,0.825,0.5188,0,0
SPY190712P298,2019-07-10,2019-07-10 09:32:51,0.83,0.522,183,0.81,0.5094,195,0.83,0.522,2,0.82,0.5157,0,0
SPY190712P298,2019-07-10,2019-07-10 09:32:51,0.83,0.522,270,0.82,0.5157,68,0.83,0.522,2,0.825,0.5188,0,0
SPY190712P298,2019-07-10,2019-07-10 09:32:52,0.82,0.5157,128,0.81,0.5094,59,0.82,0.5157,1,0.815,0.5125,0,0
SPY190712P298,2019-07-10,2019-07-10 09:32:52,0.83,0.522,1004,0.81,0.5094,29,0.83,0.522,2,0.82,0.5157,0,0
SPY190712P298,2019-07-10,2019-07-10 09:32:53,0.82,0.5157,128,0.81,0.5094,73,0.82,0.5157,1,0.815,0.5125,0,0
SPY190712P298,2019-07-10,2019-07-10 09:32:54,0.82,0.5157,128,0.81,0.5094,73,0.82,0.5157,1,0.815,0.5125,0,0
SPY190712P298,2019-07-10,2019-07-10 09:32:54,0.82,0.5157,128,0.81,0.5094,79,0.82,0.5157,1,0.815,0.5125,0,0
SPY190712P298,2019-07-10,2019-07-10 09:32:55,0.82,0.5157,128,0.81,0.5094,79,0.82,0.5157,1,0.815,0.5125,0,0
SPY190712P298,2019-07-10,2019-07-10 09:32:56,0.82,0.5157,188,0.81,0.5094,79,0.82,0.5157,1,0.815,0.5125,0,0
SPY190712P298,2019-07-10,2019-07-10 09:32:56,0.82,0.5157,190,0.81,0.5094,79,0.82,0.5157,1,0.815,0.5125,0,0
SPY190712P298,2019-07-10,2019-07-10 09:32:57,0.82,0.5157,188,0.81,0.5094,49,0.82,0.5157,1,0.815,0.5125,0,0
SPY190712P298,2019-07-10,2019-07-10 09:32:57,0.82,0.5157,141,0.81,0.5094,56,0.82,0.5157,1,0.815,0.5125,0,0
SPY190712P298,2019-07-10,2019-07-10 09:32:58,0.82,0.5157,441,0.81,0.5094,14,0.82,0.5157,1,0.815,0.5125,0,0
SPY190712P298,2019-07-10,2019-07-10 09:32:58,0.82,0.5157,649,0.81,0.5094,12,0.82,0.5157,1,0.815,0.5125,0,0
SPY190712P298,2019-07-10,2019-07-10 09:32:59,0.82,0.5157,649,0.81,0.5094,12,0.82,0.5157,1,0.815,0.5125,0,0
SPY190712P298,2019-07-10,2019-07-10 09:33:00,0.82,0.5157,191,0.81,0.5094,73,0.82,0.5157,1,0.815,0.5125,0,0
SPY190712P298,2019-07-10,2019-07-10 09:33:01,0.82,0.5157,191,0.81,0.5094,96,0.82,0.5157,1,0.815,0.5125,0,0
SPY190712P298,2019-07-10,2019-07-10 09:33:01,0.82,0.5157,188,0.81,0.5094,133,0.82,0.5157,1,0.815,0.5125,0,0
SPY190712P298,2019-07-10,2019-07-10 09:33:02,0.82,0.5157,188,0.81,0.5094,133,0.82,0.5157,1,0.815,0.5125,0,0
SPY190712P298,2019-07-10,2019-07-10 09:33:02,0.82,0.5157,191,0.81,0.5094,115,0.82,0.5157,1,0.815,0.5125,0,0
SPY190712P298,2019-07-10,2019-07-10 09:33:03,0.82,0.5157,50,0.81,0.5094,115,0.82,0.5157,1,0.815,0.5125,0,0
SPY190712P298,2019-07-10,2019-07-10 09:33:03,0.84,0.5283,440,0.81,0.5094,613,0.82,0.5157,1,0.825,0.5188,0,0
SPY190712P298,2019-07-10,2019-07-10 09:33:04,0.84,0.5283,725,0.82,0.5157,64,0.82,0.5157,1,0.83,0.522,0,0
SPY190712P298,2019-07-10,2019-07-10 09:33:05,0.83,0.522,88,0.82,0.5157,64,0.82,0.5157,1,0.825,0.5188,0,0
SPY190712P298,2019-07-10,2019-07-10 09:33:06,0.83,0.522,330,0.82,0.5157,100,0.82,0.5157,1,0.825,0.5188,0,0
SPY190712P298,2019-07-10,2019-07-10 09:33:06,0.83,0.522,84,0.82,0.5157,116,0.82,0.5157,1,0.825,0.5188,0,0
SPY190712P298,2019-07-10,2019-07-10 09:33:07,0.83,0.522,917,0.82,0.5157,100,0.82,0.5157,100,0.825,0.5188,0,0
SPY190712P298,2019-07-10,2019-07-10 09:33:07,0.82,0.5157,1,0.81,0.5094,63,0.82,0.5157,100,0.815,0.5125,0,0
SPY190712P298,2019-07-10,2019-07-10 09:33:08,0.82,0.5157,10,0.81,0.5094,5,0.82,0.5157,100,0.815,0.5125,0,0
SPY190712P298,2019-07-10,2019-07-10 09:33:08,0.82,0.5157,325,0.81,0.5094,11,0.82,0.5157,100,0.815,0.5125,0,0
SPY190712P298,2019-07-10,2019-07-10 09:33:09,0.82,0.5157,6,0.81,0.5094,49,0.82,0.5157,100,0.815,0.5125,0,0
SPY190712P298,2019-07-10,2019-07-10 09:33:09,0.82,0.5157,15,0.81,0.5094,64,0.82,0.5157,100,0.815,0.5125,0,0
SPY190712P298,2019-07-10,2019-07-10 09:33:10,0.82,0.5157,150,0.81,0.5094,11,0.82,0.5157,25,0.815,0.5125,0,0
SPY190712P298,2019-07-10,2019-07-10 09:33:11,0.82,0.5157,116,0.81,0.5094,11,0.82,0.5157,25,0.815,0.5125,0,0
SPY190712P298,2019-07-10,2019-07-10 09:33:11,0.82,0.5157,110,0.81,0.5094,49,0.82,0.5157,25,0.815,0.5125,0,0
SPY190712P298,2019-07-10,2019-07-10 09:33:12,0.82,0.5157,196,0.81,0.5094,9,0.82,0.5157,25,0.815,0.5125,0,0
SPY190712P298,2019-07-10,2019-07-10 09:33:12,0.81,0.5094,106,0.8,0.5031,168,0.81,0.5094,5,0.805,0.5062,0,0
SPY190712P298,2019-07-10,2019-07-10 09:33:13,0.81,0.5094,106,0.8,0.5031,178,0.81,0.5094,5,0.805,0.5062,0,0
SPY190712P298,2019-07-10,2019-07-10 09:33:13,0.81,0.5094,118,0.79,0.4968,176,0.81,0.5094,5,0.8,0.5031,0,0
SPY190712P298,2019-07-10,2019-07-10 09:33:14,0.81,0.5094,102,0.8,0.5031,44,0.81,0.5094,5,0.805,0.5062,0,0
SPY190712P298,2019-07-10,2019-07-10 09:33:14,0.81,0.5094,100,0.8,0.5031,113,0.81,0.5094,5,0.805,0.5062,0,0
SPY190712P298,2019-07-10,2019-07-10 09:33:15,0.81,0.5094,100,0.8,0.5031,65,0.81,0.5094,5,0.805,0.5062,0,0
SPY190712P298,2019-07-10,2019-07-10 09:33:15,0.81,0.5094,100,0.8,0.5031,83,0.81,0.5094,5,0.805,0.5062,0,0
SPY190712P298,2019-07-10,2019-07-10 09:33:16,0.81,0.5094,100,0.8,0.5031,70,0.81,0.5094,5,0.805,0.5062,0,0
SPY190712P298,2019-07-10,2019-07-10 09:33:17,0.82,0.5157,140,0.8,0.5031,62,0.81,0.5094,5,0.81,0.5094,0,0
SPY190712P298,2019-07-10,2019-07-10 09:33:17,0.82,0.5157,446,0.81,0.5094,34,0.81,0.5094,5,0.815,0.5125,0,0
SPY190712P298,2019-07-10,2019-07-10 09:33:18,0.82,0.5157,858,0.81,0.5094,34,0.81,0.5094,5,0.815,0.5125,0,0
SPY190712P298,2019-07-10,2019-07-10 09:33:18,0.82,0.5157,520,0.81,0.5094,34,0.81,0.5094,5,0.815,0.5125,0,0
SPY190712P298,2019-07-10,2019-07-10 09:33:19,0.82,0.5157,106,0.81,0.5094,26,0.81,0.5094,5,0.815,0.5125,0,0
SPY190712P298,2019-07-10,2019-07-10 09:33:20,0.82,0.5157,163,0.81,0.5094,63,0.81,0.5094,5,0.815,0.5125,0,0
SPY190712P298,2019-07-10,2019-07-10 09:33:20,0.82,0.5157,123,0.81,0.5094,74,0.81,0.5094,5,0.815,0.5125,0,0
SPY190712P298,2019-07-10,2019-07-10 09:33:21,0.82,0.5157,224,0.81,0.5094,55,0.81,0.5094,5,0.815,0.5125,0,0
SPY190712P298,2019-07-10,2019-07-10 09:33:21,0.82,0.5157,262,0.81,0.5094,63,0.81,0.5094,5,0.815,0.5125,0,0
SPY190712P298,2019-07-10,2019-07-10 09:33:22,0.82,0.5157,224,0.81,0.5094,55,0.81,0.5094,5,0.815,0.5125,0,0
SPY190712P298,2019-07-10,2019-07-10 09:33:22,0.82,0.5157,510,0.81,0.5094,111,0.81,0.5094,5,0.815,0.5125,0,0
SPY190712P298,2019-07-10,2019-07-10 09:33:23,0.82,0.5157,6,0.81,0.5094,45,0.81,0.5094,5,0.815,0.5125,0,0
SPY190712P298,2019-07-10,2019-07-10 09:33:23,0.82,0.5157,218,0.81,0.5094,45,0.81,0.5094,5,0.815,0.5125,0,0
SPY190712P298,2019-07-10,2019-07-10 09:33:24,0.82,0.5157,51,0.81,0.5094,99,0.81,0.5094,5,0.815,0.5125,0,0
SPY190712P298,2019-07-10,2019-07-10 09:33:24,0.82,0.5157,60,0.81,0.5094,99,0.81,0.5094,5,0.815,0.5125,0,0
SPY190712P298,2019-07-10,2019-07-10 09:33:25,0.83,0.522,106,0.82,0.5157,28,0.82,0.5157,1,0.825,0.5188,0,0
SPY190712P298,2019-07-10,2019-07-10 09:33:26,0.83,0.522,113,0.82,0.5157,53,0.82,0.5157,1,0.825,0.5188,0,0
SPY190712P298,2019-07-10,2019-07-10 09:33:26,0.83,0.522,104,0.82,0.5157,61,0.82,0.5157,1,0.825,0.5188,0,0
SPY190712P298,2019-07-10,2019-07-10 09:33:27,0.83,0.522,248,0.82,0.5157,20,0.82,0.5157,1,0.825,0.5188,0,0
SPY190712P298,2019-07-10,2019-07-10 09:33:27,0.83,0.522,165,0.82,0.5157,51,0.82,0.5157,1,0.825,0.5188,0,0
SPY190712P298,2019-07-10,2019-07-10 09:33:28,0.83,0.522,248,0.82,0.5157,10,0.82,0.5157,1,0.825,0.5188,0,0
SPY190712P298,2019-07-10,2019-07-10 09:33:29,0.82,0.5157,250,0.8,0.5031,266,0.81,0.5094,1,0.81,0.5094,0,0
SPY190712P298,2019-07-10,2019-07-10 09:33:29,0.83,0.522,645,0.82,0.5157,28,0.82,0.5157,1,0.825,0.5188,0,0
SPY190712P298,2019-07-10,2019-07-10 09:33:30,0.83,0.522,210,0.82,0.5157,35,0.81,0.5094,1,0.825,0.5188,0,0
SPY190712P298,2019-07-10,2019-07-10 09:33:30,0.82,0.5157,100,0.8,0.5031,266,0.81,0.5094,1,0.81,0.5094,0,0
SPY190712P298,2019-07-10,2019-07-10 09:33:31,0.83,0.522,160,0.82,0.5157,113,0.82,0.5157,2,0.825,0.5188,0,0
SPY190712P298,2019-07-10,2019-07-10 09:33:31,0.83,0.522,160,0.82,0.5157,39,0.81,0.5094,1,0.825,0.5188,0,0
SPY190712P298,2019-07-10,2019-07-10 09:33:32,0.83,0.522,36,0.82,0.5157,111,0.82,0.5157,2,0.825,0.5188,0,0
SPY190712P298,2019-07-10,2019-07-10 09:33:32,0.83,0.522,160,0.82,0.5157,113,0.82,0.5157,2,0.825,0.5188,0,0
SPY190712P298,2019-07-10,2019-07-10 09:33:33,0.84,0.5283,325,0.82,0.5157,675,0.82,0.5157,2,0.83,0.522,0,0
SPY190712P298,2019-07-10,2019-07-10 09:33:34,0.84,0.5283,142,0.83,0.522,28,0.82,0.5157,2,0.835,0.5251,0,0
SPY190712P298,2019-07-10,2019-07-10 09:33:34,0.84,0.5283,252,0.83,0.522,28,0.82,0.5157,2,0.835,0.5251,0,0
SPY190712P298,2019-07-10,2019-07-10 09:33:35,0.85,0.5345,509,0.83,0.522,449,0.82,0.5157,2,0.84,0.5283,0,0
SPY190712P298,2019-07-10,2019-07-10 09:33:35,0.85,0.5345,509,0.83,0.522,709,0.82,0.5157,2,0.84,0.5283,0,0
SPY190712P298,2019-07-10,2019-07-10 09:33:36,0.85,0.5345,125,0.83,0.522,100,0.82,0.5157,2,0.84,0.5283,0,0
SPY190712P298,2019-07-10,2019-07-10 09:33:36,0.85,0.5345,126,0.84,0.5283,154,0.82,0.5157,2,0.845,0.5314,0,0
SPY190712P298,2019-07-10,2019-07-10 09:33:37,0.85,0.5345,128,0.84,0.5283,28,0.82,0.5157,2,0.845,0.5314,0,0
SPY190712P298,2019-07-10,2019-07-10 09:33:37,0.85,0.5345,187,0.83,0.522,8,0.82,0.5157,2,0.84,0.5283,0,0
SPY190712P298,2019-07-10,2019-07-10 09:33:38,0.84,0.5283,4,0.83,0.522,560,0.82,0.5157,2,0.835,0.5251,0,0
SPY190712P298,2019-07-10,2019-07-10 09:33:39,0.85,0.5345,358,0.83,0.522,699,0.82,0.5157,2,0.84,0.5283,0,0
SPY190712P298,2019-07-10,2019-07-10 09:33:40,0.85,0.5345,358,0.83,0.522,699,0.82,0.5157,2,0.84,0.5283,0,0
SPY190712P298,2019-07-10,2019-07-10 09:33:40,0.85,0.5345,358,0.84,0.5283,28,0.82,0.5157,2,0.845,0.5314,0,0
SPY190712P298,2019-07-10,2019-07-10 09:33:41,0.85,0.5345,116,0.84,0.5283,20,0.82,0.5157,2,0.845,0.5314,0,0
SPY190712P298,2019-07-10,2019-07-10 09:33:41,0.85,0.5345,36,0.84,0.5283,78,0.85,0.5345,176,0.845,0.5314,0,0
SPY190712P298,2019-07-10,2019-07-10 09:33:42,0.85,0.5345,36,0.84,0.5283,678,0.85,0.5345,176,0.845,0.5314,0,0
SPY190712P298,2019-07-10,2019-07-10 09:33:42,0.85,0.5345,36,0.84,0.5283,98,0.85,0.5345,176,0.845,0.5314,0,0
SPY190712P298,2019-07-10,2019-07-10 09:33:43,0.85,0.5345,36,0.84,0.5283,396,0.85,0.5345,176,0.845,0.5314,0,0
SPY190712P298,2019-07-10,2019-07-10 09:33:44,0.85,0.5345,36,0.84,0.5283,709,0.85,0.5345,176,0.845,0.5314,0,0
SPY190712P298,2019-07-10,2019-07-10 09:33:44,0.85,0.5345,36,0.84,0.5283,396,0.85,0.5345,176,0.845,0.5314,0,0
SPY190712P298,2019-07-10,2019-07-10 09:33:45,0.85,0.5345,36,0.84,0.5283,396,0.85,0.5345,176,0.845,0.5314,0,0
SPY190712P298,2019-07-10,2019-07-10 09:33:46,0.85,0.5345,36,0.84,0.5283,214,0.85,0.5345,176,0.845,0.5314,0,0
SPY190712P298,2019-07-10,2019-07-10 09:33:46,0.85,0.5345,36,0.84,0.5283,396,0.85,0.5345,176,0.845,0.5314,0,0
SPY190712P298,2019-07-10,2019-07-10 09:33:47,0.87,0.5471,202,0.85,0.5345,274,0.85,0.5345,176,0.86,0.5408,0,0
SPY190712P298,2019-07-10,2019-07-10 09:33:47,0.86,0.5408,134,0.84,0.5283,420,0.85,0.5345,176,0.85,0.5345,0,0
SPY190712P298,2019-07-10,2019-07-10 09:33:48,0.87,0.5471,141,0.85,0.5345,121,0.85,0.5345,176,0.86,0.5408,0,0
SPY190712P298,2019-07-10,2019-07-10 09:33:49,0.88,0.5534,416,0.86,0.5408,232,0.85,0.5345,176,0.87,0.5471,0,0
SPY190712P298,2019-07-10,2019-07-10 09:33:49,0.87,0.5471,141,0.85,0.5345,673,0.85,0.5345,176,0.86,0.5408,0,0
SPY190712P298,2019-07-10,2019-07-10 09:33:50,0.88,0.5534,36,0.87,0.5471,27,0.85,0.5345,176,0.875,0.5503,0,0
SPY190712P298,2019-07-10,2019-07-10 09:33:51,0.87,0.5471,37,0.86,0.5408,309,0.87,0.5471,1,0.865,0.544,0,0
SPY190712P298,2019-07-10,2019-07-10 09:33:51,0.88,0.5534,152,0.86,0.5408,532,0.85,0.5345,176,0.87,0.5471,0,0
SPY190712P298,2019-07-10,2019-07-10 09:33:52,0.87,0.5471,36,0.86,0.5408,466,0.87,0.5471,1,0.865,0.544,0,0
SPY190712P298,2019-07-10,2019-07-10 09:33:52,0.87,0.5471,36,0.86,0.5408,379,0.87,0.5471,1,0.865,0.544,0,0
SPY190712P298,2019-07-10,2019-07-10 09:33:53,0.87,0.5471,36,0.86,0.5408,23,0.87,0.5471,1,0.865,0.544,0,0
SPY190712P298,2019-07-10,2019-07-10 09:33:54,0.87,0.5471,58,0.86,0.5408,38,0.87,0.5471,1,0.865,0.544,0,0
SPY190712P298,2019-07-10,2019-07-10 09:33:54,0.87,0.5471,68,0.85,0.5345,984,0.87,0.5471,1,0.86,0.5408,0,0
SPY190712P298,2019-07-10,2019-07-10 09:33:55,0.87,0.5471,58,0.86,0.5408,28,0.87,0.5471,1,0.865,0.544,0,0
SPY190712P298,2019-07-10,2019-07-10 09:33:55,0.87,0.5471,58,0.86,0.5408,38,0.87,0.5471,1,0.865,0.544,0,0
SPY190712P298,2019-07-10,2019-07-10 09:33:56,0.87,0.5471,115,0.86,0.5408,38,0.87,0.5471,1,0.865,0.544,0,0
SPY190712P298,2019-07-10,2019-07-10 09:33:57,0.87,0.5471,105,0.86,0.5408,100,0.87,0.5471,1,0.865,0.544,0,0
SPY190712P298,2019-07-10,2019-07-10 09:33:58,0.87,0.5471,107,0.86,0.5408,50,0.87,0.5471,1,0.865,0.544,0,0
SPY190712P298,2019-07-10,2019-07-10 09:33:58,0.87,0.5471,149,0.84,0.5283,378,0.87,0.5471,1,0.855,0.5377,0,0
SPY190712P298,2019-07-10,2019-07-10 09:33:59,0.86,0.5408,4,0.84,0.5283,912,0.87,0.5471,1,0.85,0.5345,0,0
SPY190712P298,2019-07-10,2019-07-10 09:33:59,0.86,0.5408,28,0.85,0.5345,50,0.87,0.5471,1,0.855,0.5377,0,0
SPY190712P298,2019-07-10,2019-07-10 09:34:00,0.86,0.5408,34,0.85,0.5345,48,0.87,0.5471,1,0.855,0.5377,0,0
SPY190712P298,2019-07-10,2019-07-10 09:34:01,0.86,0.5408,34,0.85,0.5345,38,0.87,0.5471,1,0.855,0.5377,0,0
SPY190712P298,2019-07-10,2019-07-10 09:34:01,0.86,0.5408,114,0.85,0.5345,48,0.87,0.5471,1,0.855,0.5377,0,0
SPY190712P298,2019-07-10,2019-07-10 09:34:02,0.86,0.5408,119,0.85,0.5345,98,0.87,0.5471,1,0.855,0.5377,0,0
SPY190712P298,2019-07-10,2019-07-10 09:34:02,0.86,0.5408,25,0.84,0.5283,242,0.87,0.5471,1,0.85,0.5345,0,0
SPY190712P298,2019-07-10,2019-07-10 09:34:03,0.86,0.5408,161,0.85,0.5345,5,0.86,0.5408,25,0.855,0.5377,0,0
SPY190712P298,2019-07-10,2019-07-10 09:34:03,0.85,0.5345,99,0.84,0.5283,111,0.85,0.5345,3,0.845,0.5314,0,0
SPY190712P298,2019-07-10,2019-07-10 09:34:04,0.85,0.5345,106,0.84,0.5283,111,0.85,0.5345,3,0.845,0.5314,0,0
SPY190712P298,2019-07-10,2019-07-10 09:34:05,0.85,0.5345,212,0.84,0.5283,3,0.85,0.5345,1,0.845,0.5314,0,0
SPY190712P298,2019-07-10,2019-07-10 09:34:05,0.83,0.522,24,0.82,0.5157,472,0.84,0.5283,3,0.825,0.5188,0,0
SPY190712P298,2019-07-10,2019-07-10 09:34:06,0.84,0.5283,137,0.83,0.522,25,0.84,0.5283,3,0.835,0.5251,0,0
SPY190712P298,2019-07-10,2019-07-10 09:34:06,0.84,0.5283,134,0.83,0.522,1,0.83,0.522,1,0.835,0.5251,0,0
SPY190712P298,2019-07-10,2019-07-10 09:34:07,0.85,0.5345,138,0.83,0.522,5,0.84,0.5283,12,0.84,0.5283,0,0
SPY190712P298,2019-07-10,2019-07-10 09:34:07,0.83,0.522,84,0.82,0.5157,185,0.83,0.522,1,0.825,0.5188,0,0
SPY190712P298,2019-07-10,2019-07-10 09:34:08,0.84,0.5283,36,0.83,0.522,695,0.84,0.5283,12,0.835,0.5251,0,0
SPY190712P298,2019-07-10,2019-07-10 09:34:08,0.84,0.5283,187,0.82,0.5157,1,0.84,0.5283,12,0.83,0.522,0,0
SPY190712P298,2019-07-10,2019-07-10 09:34:09,0.83,0.522,229,0.82,0.5157,1,0.84,0.5283,12,0.825,0.5188,0,0
SPY190712P298,2019-07-10,2019-07-10 09:34:10,0.82,0.5157,1,0.81,0.5094,122,0.82,0.5157,1,0.815,0.5125,0,0
SPY190712P298,2019-07-10,2019-07-10 09:34:10,0.83,0.522,229,0.82,0.5157,1,0.84,0.5283,12,0.825,0.5188,0,0
SPY190712P298,2019-07-10,2019-07-10 09:34:11,0.82,0.5157,36,0.81,0.5094,67,0.83,0.522,1,0.815,0.5125,0,0
SPY190712P298,2019-07-10,2019-07-10 09:34:11,0.83,0.522,174,0.81,0.5094,792,0.82,0.5157,1,0.82,0.5157,0,0
SPY190712P298,2019-07-10,2019-07-10 09:34:12,0.83,0.522,36,0.82,0.5157,139,0.83,0.522,1,0.825,0.5188,0,0
SPY190712P298,2019-07-10,2019-07-10 09:34:12,0.83,0.522,87,0.82,0.5157,139,0.83,0.522,1,0.825,0.5188,0,0
SPY190712P298,2019-07-10,2019-07-10 09:34:13,0.84,0.5283,52,0.82,0.5157,292,0.83,0.522,1,0.83,0.522,0,0
SPY190712P298,2019-07-10,2019-07-10 09:34:13,0.83,0.522,87,0.82,0.5157,77,0.83,0.522,1,0.825,0.5188,0,0
SPY190712P298,2019-07-10,2019-07-10 09:34:14,0.83,0.522,28,0.82,0.5157,344,0.83,0.522,1,0.825,0.5188,0,0
SPY190712P298,2019-07-10,2019-07-10 09:34:15,0.84,0.5283,212,0.82,0.5157,310,0.83,0.522,1,0.83,0.522,0,0
SPY190712P298,2019-07-10,2019-07-10 09:34:15,0.84,0.5283,212,0.83,0.522,78,0.83,0.522,1,0.835,0.5251,0,0
SPY190712P298,2019-07-10,2019-07-10 09:34:16,0.85,0.5345,169,0.83,0.522,1098,0.83,0.522,1,0.84,0.5283,0,0
SPY190712P298,2019-07-10,2019-07-10 09:34:16,0.84,0.5283,96,0.83,0.522,135,0.83,0.522,1,0.835,0.5251,0,0
SPY190712P298,2019-07-10,2019-07-10 09:34:17,0.85,0.5345,224,0.83,0.522,1112,0.83,0.522,1,0.84,0.5283,0,0
SPY190712P298,2019-07-10,2019-07-10 09:34:18,0.85,0.5345,100,0.83,0.522,26,0.83,0.522,1,0.84,0.5283,0,0
SPY190712P298,2019-07-10,2019-07-10 09:34:19,0.84,0.5283,139,0.82,0.5157,6,0.83,0.522,1,0.83,0.522,0,0
SPY190712P298,2019-07-10,2019-07-10 09:34:19,0.84,0.5283,121,0.82,0.5157,373,0.83,0.522,1,0.83,0.522,0,0
SPY190712P298,2019-07-10,2019-07-10 09:34:20,0.83,0.522,94,0.82,0.5157,101,0.83,0.522,1,0.825,0.5188,0,0
SPY190712P298,2019-07-10,2019-07-10 09:34:20,0.83,0.522,115,0.82,0.5157,101,0.83,0.522,1,0.825,0.5188,0,0
SPY190712P298,2019-07-10,2019-07-10 09:34:21,0.82,0.5157,65,0.82,0.5157,51,0.83,0.522,1,0.82,0.5157,0,0
SPY190712P298,2019-07-10,2019-07-10 09:34:21,0.83,0.522,125,0.82,0.5157,51,0.83,0.522,1,0.825,0.5188,0,0
SPY190712P298,2019-07-10,2019-07-10 09:34:22,0.82,0.5157,86,0.81,0.5094,61,0.83,0.522,1,0.815,0.5125,0,0
SPY190712P298,2019-07-10,2019-07-10 09:34:22,0.82,0.5157,152,0.81,0.5094,48,0.83,0.522,1,0.815,0.5125,0,0
SPY190712P298,2019-07-10,2019-07-10 09:34:23,0.82,0.5157,63,0.8,0.5031,22,0.83,0.522,1,0.81,0.5094,0,0
SPY190712P298,2019-07-10,2019-07-10 09:34:24,0.81,0.5094,1,0.8,0.5031,193,0.83,0.522,1,0.805,0.5062,0,0
SPY190712P298,2019-07-10,2019-07-10 09:34:24,0.81,0.5094,46,0.8,0.5031,143,0.83,0.522,1,0.805,0.5062,0,0
SPY190712P298,2019-07-10,2019-07-10 09:34:25,0.83,0.522,178,0.81,0.5094,9,0.83,0.522,1,0.82,0.5157,0,0
SPY190712P298,2019-07-10,2019-07-10 09:34:25,0.81,0.5094,1,0.8,0.5031,311,0.83,0.522,1,0.805,0.5062,0,0
SPY190712P298,2019-07-10,2019-07-10 09:34:26,0.83,0.522,46,0.82,0.5157,5,0.82,0.5157,5,0.825,0.5188,0,0
SPY190712P298,2019-07-10,2019-07-10 09:34:26,0.83,0.522,44,0.82,0.5157,10,0.83,0.522,25,0.825,0.5188,0,0
SPY190712P298,2019-07-10,2019-07-10 09:34:27,0.82,0.5157,28,0.82,0.5157,10,0.83,0.522,2,0.82,0.5157,0,0
SPY190712P298,2019-07-10,2019-07-10 09:34:27,0.83,0.522,196,0.82,0.5157,10,0.83,0.522,2,0.825,0.5188,0,0
SPY190712P298,2019-07-10,2019-07-10 09:34:28,0.83,0.522,82,0.82,0.5157,10,0.83,0.522,2,0.825,0.5188,0,0
SPY190712P298,2019-07-10,2019-07-10 09:34:29,0.82,0.5157,16,0.81,0.5094,503,0.82,0.5157,1,0.815,0.5125,0,0
SPY190712P298,2019-07-10,2019-07-10 09:34:29,0.82,0.5157,31,0.81,0.5094,325,0.82,0.5157,1,0.815,0.5125,0,0
SPY190712P298,2019-07-10,2019-07-10 09:34:30,0.82,0.5157,68,0.81,0.5094,138,0.82,0.5157,10,0.815,0.5125,0,0
SPY190712P298,2019-07-10,2019-07-10 09:34:30,0.81,0.5094,40,0.8,0.5031,460,0.82,0.5157,10,0.805,0.5062,0,0
SPY190712P298,2019-07-10,2019-07-10 09:34:31,0.81,0.5094,56,0.8,0.5031,138,0.82,0.5157,10,0.805,0.5062,0,0
SPY190712P298,2019-07-10,2019-07-10 09:34:31,0.81,0.5094,40,0.8,0.5031,138,0.82,0.5157,10,0.805,0.5062,0,0
SPY190712P298,2019-07-10,2019-07-10 09:34:32,0.81,0.5094,40,0.8,0.5031,138,0.82,0.5157,10,0.805,0.5062,0,0
SPY190712P298,2019-07-10,2019-07-10 09:34:32,0.8,0.5031,60,0.79,0.4968,138,0.82,0.5157,10,0.795,0.5,0,0
SPY190712P298,2019-07-10,2019-07-10 09:34:33,0.8,0.5031,60,0.79,0.4968,10,0.82,0.5157,10,0.795,0.5,0,0
SPY190712P298,2019-07-10,2019-07-10 09:34:34,0.8,0.5031,151,0.78,0.4905,190,0.82,0.5157,10,0.79,0.4968,0,0
SPY190712P298,2019-07-10,2019-07-10 09:34:34,0.8,0.5031,84,0.79,0.4968,74,0.82,0.5157,10,0.795,0.5,0,0
SPY190712P298,2019-07-10,2019-07-10 09:34:35,0.79,0.4968,28,0.78,0.4905,817,0.82,0.5157,10,0.785,0.4937,0,0
SPY190712P298,2019-07-10,2019-07-10 09:34:35,0.79,0.4968,34,0.78,0.4905,817,0.82,0.5157,10,0.785,0.4937,0,0
SPY190712P298,2019-07-10,2019-07-10 09:34:36,0.79,0.4968,52,0.78,0.4905,163,0.79,0.4968,10,0.785,0.4937,0,0
SPY190712P298,2019-07-10,2019-07-10 09:34:37,0.8,0.5031,137,0.78,0.4905,891,0.79,0.4968,10,0.79,0.4968,0,0
SPY190712P298,2019-07-10,2019-07-10 09:34:37,0.79,0.4968,58,0.78,0.4905,188,0.79,0.4968,10,0.785,0.4937,0,0
SPY190712P298,2019-07-10,2019-07-10 09:34:38,0.8,0.5031,126,0.78,0.4905,1422,0.79,0.4968,10,0.79,0.4968,0,0
SPY190712P298,2019-07-10,2019-07-10 09:34:38,0.8,0.5031,100,0.78,0.4905,1422,0.79,0.4968,10,0.79,0.4968,0,0
SPY190712P298,2019-07-10,2019-07-10 09:34:39,0.8,0.5031,101,0.79,0.4968,10,0.79,0.4968,10,0.795,0.5,0,0
SPY190712P298,2019-07-10,2019-07-10 09:34:39,0.8,0.5031,100,0.79,0.4968,87,0.79,0.4968,10,0.795,0.5,0,0
SPY190712P298,2019-07-10,2019-07-10 09:34:40,0.8,0.5031,100,0.79,0.4968,227,0.79,0.4968,10,0.795,0.5,0,0
SPY190712P298,2019-07-10,2019-07-10 09:34:40,0.8,0.5031,100,0.79,0.4968,157,0.79,0.4968,10,0.795,0.5,0,0
SPY190712P298,2019-07-10,2019-07-10 09:34:41,0.8,0.5031,100,0.79,0.4968,10,0.79,0.4968,10,0.795,0.5,0,0
SPY190712P298,2019-07-10,2019-07-10 09:34:41,0.8,0.5031,100,0.79,0.4968,53,0.79,0.4968,10,0.795,0.5,0,0
SPY190712P298,2019-07-10,2019-07-10 09:34:42,0.8,0.5031,100,0.79,0.4968,103,0.79,0.4968,10,0.795,0.5,0,0
SPY190712P298,2019-07-10,2019-07-10 09:34:43,0.8,0.5031,100,0.79,0.4968,143,0.79,0.4968,6,0.795,0.5,0,0
SPY190712P298,2019-07-10,2019-07-10 09:34:43,0.8,0.5031,100,0.79,0.4968,276,0.79,0.4968,6,0.795,0.5,0,0
SPY190712P298,2019-07-10,2019-07-10 09:34:44,0.8,0.5031,100,0.79,0.4968,46,0.79,0.4968,6,0.795,0.5,0,0
SPY190712P298,2019-07-10,2019-07-10 09:34:44,0.8,0.5031,100,0.78,0.4905,1173,0.79,0.4968,6,0.79,0.4968,0,0
SPY190712P298,2019-07-10,2019-07-10 09:34:45,0.8,0.5031,108,0.78,0.4905,1317,0.8,0.5031,6,0.79,0.4968,0,0
SPY190712P298,2019-07-10,2019-07-10 09:34:45,0.8,0.5031,113,0.78,0.4905,1317,0.8,0.5031,6,0.79,0.4968,0,0
SPY190712P298,2019-07-10,2019-07-10 09:34:46,0.8,0.5031,110,0.78,0.4905,1317,0.8,0.5031,6,0.79,0.4968,0,0
SPY190712P298,2019-07-10,2019-07-10 09:34:47,0.8,0.5031,199,0.78,0.4905,997,0.8,0.5031,6,0.79,0.4968,0,0
SPY190712P298,2019-07-10,2019-07-10 09:34:47,0.8,0.5031,105,0.78,0.4905,1045,0.8,0.5031,6,0.79,0.4968,0,0
SPY190712P298,2019-07-10,2019-07-10 09:34:48,0.8,0.5031,105,0.79,0.4968,102,0.8,0.5031,6,0.795,0.5,0,0
SPY190712P298,2019-07-10,2019-07-10 09:34:48,0.8,0.5031,100,0.79,0.4968,163,0.8,0.5031,6,0.795,0.5,0,0
SPY190712P298,2019-07-10,2019-07-10 09:34:49,0.8,0.5031,100,0.79,0.4968,132,0.8,0.5031,6,0.795,0.5,0,0
SPY190712P298,2019-07-10,2019-07-10 09:34:50,0.8,0.5031,100,0.79,0.4968,270,0.8,0.5031,6,0.795,0.5,0,0
SPY190712P298,2019-07-10,2019-07-10 09:34:50,0.8,0.5031,100,0.79,0.4968,10,0.8,0.5031,6,0.795,0.5,0,0
SPY190712P298,2019-07-10,2019-07-10 09:34:51,0.79,0.4968,69,0.78,0.4905,73,0.8,0.5031,6,0.785,0.4937,0,0
SPY190712P298,2019-07-10,2019-07-10 09:34:51,0.8,0.5031,100,0.78,0.4905,928,0.8,0.5031,6,0.79,0.4968,0,0
SPY190712P298,2019-07-10,2019-07-10 09:34:52,0.79,0.4968,61,0.78,0.4905,140,0.8,0.5031,6,0.785,0.4937,0,0
SPY190712P298,2019-07-10,2019-07-10 09:34:52,0.79,0.4968,69,0.78,0.4905,73,0.8,0.5031,6,0.785,0.4937,0,0
SPY190712P298,2019-07-10,2019-07-10 09:34:53,0.79,0.4968,61,0.78,0.4905,140,0.8,0.5031,6,0.785,0.4937,0,0
SPY190712P298,2019-07-10,2019-07-10 09:34:54,0.79,0.4968,69,0.78,0.4905,65,0.8,0.5031,6,0.785,0.4937,0,0
SPY190712P298,2019-07-10,2019-07-10 09:34:55,0.79,0.4968,85,0.78,0.4905,2,0.8,0.5031,6,0.785,0.4937,0,0
SPY190712P298,2019-07-10,2019-07-10 09:34:55,0.79,0.4968,86,0.78,0.4905,60,0.8,0.5031,6,0.785,0.4937,0,0
SPY190712P298,2019-07-10,2019-07-10 09:34:56,0.79,0.4968,86,0.78,0.4905,7,0.8,0.5031,6,0.785,0.4937,0,0
SPY190712P298,2019-07-10,2019-07-10 09:34:57,0.79,0.4968,57,0.78,0.4905,125,0.8,0.5031,6,0.785,0.4937,0,0
SPY190712P298,2019-07-10,2019-07-10 09:34:57,0.79,0.4968,57,0.78,0.4905,3,0.8,0.5031,6,0.785,0.4937,0,0
SPY190712P298,2019-07-10,2019-07-10 09:34:58,0.79,0.4968,624,0.78,0.4905,2,0.78,0.4905,2,0.785,0.4937,0,0
SPY190712P298,2019-07-10,2019-07-10 09:34:58,0.79,0.4968,108,0.78,0.4905,3,0.8,0.5031,6,0.785,0.4937,0,0
SPY190712P298,2019-07-10,2019-07-10 09:34:59,0.78,0.4905,36,0.76,0.4779,128,0.78,0.4905,2,0.77,0.4842,0,0
SPY190712P298,2019-07-10,2019-07-10 09:35:01,0.78,0.4905,36,0.77,0.4842,38,0.78,0.4905,2,0.775,0.4874,0,0
SPY190712P298,2019-07-10,2019-07-10 09:35:02,0.78,0.4905,58,0.77,0.4842,70,0.78,0.4905,2,0.775,0.4874,0,0
SPY190712P298,2019-07-10,2019-07-10 09:35:02,0.78,0.4905,68,0.77,0.4842,121,0.78,0.4905,2,0.775,0.4874,0,0
SPY190712P298,2019-07-10,2019-07-10 09:35:03,0.78,0.4905,58,0.77,0.4842,77,0.78,0.4905,2,0.775,0.4874,0,0
SPY190712P298,2019-07-10,2019-07-10 09:35:04,0.78,0.4905,68,0.77,0.4842,135,0.78,0.4905,2,0.775,0.4874,0,0
SPY190712P298,2019-07-10,2019-07-10 09:35:06,0.77,0.4842,52,0.76,0.4779,192,0.78,0.4905,2,0.765,0.4811,0,0
SPY190712P298,2019-07-10,2019-07-10 09:35:07,0.78,0.4905,50,0.76,0.4779,208,0.78,0.4905,2,0.77,0.4842,0,0
SPY190712P298,2019-07-10,2019-07-10 09:35:07,0.78,0.4905,174,0.77,0.4842,6,0.78,0.4905,2,0.775,0.4874,0,0
SPY190712P298,2019-07-10,2019-07-10 09:35:08,0.78,0.4905,173,0.76,0.4779,164,0.78,0.4905,2,0.77,0.4842,0,0
SPY190712P298,2019-07-10,2019-07-10 09:35:09,0.77,0.4842,36,0.76,0.4779,179,0.77,0.4842,10,0.765,0.4811,0,0
SPY190712P298,2019-07-10,2019-07-10 09:35:09,0.78,0.4905,72,0.76,0.4779,460,0.77,0.4842,10,0.77,0.4842,0,0
SPY190712P298,2019-07-10,2019-07-10 09:35:10,0.78,0.4905,44,0.77,0.4842,34,0.77,0.4842,10,0.775,0.4874,0,0
SPY190712P298,2019-07-10,2019-07-10 09:35:10,0.78,0.4905,70,0.76,0.4779,268,0.77,0.4842,10,0.77,0.4842,0,0
SPY190712P298,2019-07-10,2019-07-10 09:35:11,0.77,0.4842,52,0.76,0.4779,696,0.77,0.4842,10,0.765,0.4811,0,0
SPY190712P298,2019-07-10,2019-07-10 09:35:11,0.78,0.4905,58,0.77,0.4842,50,0.77,0.4842,10,0.775,0.4874,0,0
SPY190712P298,2019-07-10,2019-07-10 09:35:12,0.78,0.4905,91,0.76,0.4779,423,0.77,0.4842,10,0.77,0.4842,0,0
SPY190712P298,2019-07-10,2019-07-10 09:35:13,0.78,0.4905,44,0.77,0.4842,16,0.77,0.4842,10,0.775,0.4874,0,0
SPY190712P298,2019-07-10,2019-07-10 09:35:14,0.78,0.4905,10,0.77,0.4842,146,0.77,0.4842,10,0.775,0.4874,0,0
SPY190712P298,2019-07-10,2019-07-10 09:35:14,0.78,0.4905,44,0.77,0.4842,146,0.77,0.4842,10,0.775,0.4874,0,0
SPY190712P298,2019-07-10,2019-07-10 09:35:15,0.78,0.4905,68,0.77,0.4842,91,0.77,0.4842,10,0.775,0.4874,0,0
SPY190712P298,2019-07-10,2019-07-10 09:35:16,0.78,0.4905,68,0.77,0.4842,58,0.77,0.4842,10,0.775,0.4874,0,0
SPY190712P298,2019-07-10,2019-07-10 09:35:17,0.78,0.4905,58,0.77,0.4842,123,0.77,0.4842,10,0.775,0.4874,0,0
SPY190712P298,2019-07-10,2019-07-10 09:35:17,0.78,0.4905,58,0.77,0.4842,122,0.77,0.4842,10,0.775,0.4874,0,0
SPY190712P298,2019-07-10,2019-07-10 09:35:18,0.78,0.4905,58,0.77,0.4842,156,0.77,0.4842,10,0.775,0.4874,0,0
SPY190712P298,2019-07-10,2019-07-10 09:35:19,0.79,0.4968,195,0.77,0.4842,1066,0.77,0.4842,10,0.78,0.4905,0,0
SPY190712P298,2019-07-10,2019-07-10 09:35:20,0.78,0.4905,58,0.76,0.4779,798,0.77,0.4842,10,0.77,0.4842,0,0
SPY190712P298,2019-07-10,2019-07-10 09:35:20,0.78,0.4905,58,0.77,0.4842,163,0.77,0.4842,10,0.775,0.4874,0,0
SPY190712P298,2019-07-10,2019-07-10 09:35:21,0.77,0.4842,68,0.76,0.4779,521,0.77,0.4842,10,0.765,0.4811,0,0
SPY190712P298,2019-07-10,2019-07-10 09:35:26,0.75,0.4716,31,0.74,0.4654,657,0.76,0.4779,100,0.745,0.4685,0,0
SPY190712P298,2019-07-10,2019-07-10 09:35:26,0.76,0.4779,64,0.75,0.4716,191,0.76,0.4779,100,0.755,0.4748,0,0
SPY190712P298,2019-07-10,2019-07-10 09:35:27,0.75,0.4716,18,0.74,0.4654,1007,0.76,0.4779,100,0.745,0.4685,0,0
SPY190712P298,2019-07-10,2019-07-10 09:35:27,0.76,0.4779,167,0.74,0.4654,893,0.76,0.4779,100,0.75,0.4716,0,0
SPY190712P298,2019-07-10,2019-07-10 09:35:28,0.76,0.4779,36,0.75,0.4716,174,0.76,0.4779,100,0.755,0.4748,0,0
SPY190712P298,2019-07-10,2019-07-10 09:35:29,0.77,0.4842,284,0.75,0.4716,337,0.76,0.4779,100,0.76,0.4779,0,0
SPY190712P298,2019-07-10,2019-07-10 09:35:29,0.77,0.4842,108,0.75,0.4716,557,0.76,0.4779,100,0.76,0.4779,0,0
SPY190712P298,2019-07-10,2019-07-10 09:35:30,0.77,0.4842,344,0.76,0.4779,169,0.77,0.4842,38,0.765,0.4811,0,0
SPY190712P298,2019-07-10,2019-07-10 09:35:31,0.76,0.4779,258,0.75,0.4716,157,0.76,0.4779,2,0.755,0.4748,0,0
SPY190712P298,2019-07-10,2019-07-10 09:35:31,0.77,0.4842,104,0.76,0.4779,28,0.77,0.4842,38,0.765,0.4811,0,0
SPY190712P298,2019-07-10,2019-07-10 09:35:32,0.77,0.4842,131,0.75,0.4716,151,0.76,0.4779,2,0.76,0.4779,0,0
SPY190712P298,2019-07-10,2019-07-10 09:35:32,0.77,0.4842,54,0.75,0.4716,1134,0.76,0.4779,2,0.76,0.4779,0,0
SPY190712P298,2019-07-10,2019-07-10 09:35:33,0.77,0.4842,87,0.75,0.4716,1161,0.76,0.4779,2,0.76,0.4779,0,0
SPY190712P298,2019-07-10,2019-07-10 09:35:33,0.77,0.4842,82,0.76,0.4779,17,0.76,0.4779,2,0.765,0.4811,0,0
SPY190712P298,2019-07-10,2019-07-10 09:35:34,0.76,0.4779,36,0.75,0.4716,245,0.76,0.4779,2,0.755,0.4748,0,0
SPY190712P298,2019-07-10,2019-07-10 09:35:35,0.76,0.4779,129,0.75,0.4716,104,0.76,0.4779,2,0.755,0.4748,0,0
SPY190712P298,2019-07-10,2019-07-10 09:35:35,0.76,0.4779,164,0.75,0.4716,16,0.76,0.4779,2,0.755,0.4748,0,0
SPY190712P298,2019-07-10,2019-07-10 09:35:36,0.76,0.4779,164,0.75,0.4716,146,0.75,0.4716,100,0.755,0.4748,0,0
SPY190712P298,2019-07-10,2019-07-10 09:35:36,0.76,0.4779,164,0.75,0.4716,173,0.75,0.4716,100,0.755,0.4748,0,0
SPY190712P298,2019-07-10,2019-07-10 09:35:37,0.76,0.4779,103,0.75,0.4716,533,0.75,0.4716,100,0.755,0.4748,0,0
SPY190712P298,2019-07-10,2019-07-10 09:35:37,0.76,0.4779,103,0.75,0.4716,156,0.75,0.4716,100,0.755,0.4748,0,0
SPY190712P298,2019-07-10,2019-07-10 09:35:38,0.77,0.4842,235,0.75,0.4716,1131,0.75,0.4716,100,0.76,0.4779,0,0
SPY190712P298,2019-07-10,2019-07-10 09:35:39,0.77,0.4842,175,0.76,0.4779,41,0.75,0.4716,100,0.765,0.4811,0,0
SPY190712P298,2019-07-10,2019-07-10 09:35:39,0.77,0.4842,175,0.76,0.4779,16,0.75,0.4716,100,0.765,0.4811,0,0
SPY190712P298,2019-07-10,2019-07-10 09:35:40,0.77,0.4842,175,0.76,0.4779,16,0.76,0.4779,15,0.765,0.4811,0,0
SPY190712P298,2019-07-10,2019-07-10 09:35:40,0.77,0.4842,175,0.76,0.4779,57,0.75,0.4716,100,0.765,0.4811,0,0
SPY190712P298,2019-07-10,2019-07-10 09:35:41,0.77,0.4842,93,0.76,0.4779,76,0.76,0.4779,15,0.765,0.4811,0,0
SPY190712P298,2019-07-10,2019-07-10 09:35:41,0.77,0.4842,175,0.76,0.4779,69,0.76,0.4779,15,0.765,0.4811,0,0
SPY190712P298,2019-07-10,2019-07-10 09:35:42,0.77,0.4842,112,0.76,0.4779,6,0.76,0.4779,15,0.765,0.4811,0,0
SPY190712P298,2019-07-10,2019-07-10 09:35:43,0.77,0.4842,141,0.76,0.4779,146,0.76,0.4779,15,0.765,0.4811,0,0
SPY190712P298,2019-07-10,2019-07-10 09:35:43,0.77,0.4842,112,0.76,0.4779,16,0.76,0.4779,15,0.765,0.4811,0,0
SPY190712P298,2019-07-10,2019-07-10 09:35:44,0.78,0.4905,163,0.77,0.4842,32,0.76,0.4779,15,0.775,0.4874,0,0
SPY190712P298,2019-07-10,2019-07-10 09:35:45,0.78,0.4905,214,0.77,0.4842,9,0.76,0.4779,15,0.775,0.4874,0,0
SPY190712P298,2019-07-10,2019-07-10 09:35:46,0.78,0.4905,278,0.76,0.4779,483,0.76,0.4779,15,0.77,0.4842,0,0
SPY190712P298,2019-07-10,2019-07-10 09:35:47,0.78,0.4905,163,0.77,0.4842,66,0.76,0.4779,15,0.775,0.4874,0,0
SPY190712P298,2019-07-10,2019-07-10 09:35:47,0.78,0.4905,86,0.76,0.4779,461,0.76,0.4779,15,0.77,0.4842,0,0
SPY190712P298,2019-07-10,2019-07-10 09:35:48,0.78,0.4905,215,0.76,0.4779,244,0.76,0.4779,15,0.77,0.4842,0,0
SPY190712P298,2019-07-10,2019-07-10 09:35:48,0.77,0.4842,72,0.76,0.4779,192,0.76,0.4779,15,0.765,0.4811,0,0
SPY190712P298,2019-07-10,2019-07-10 09:35:49,0.77,0.4842,35,0.76,0.4779,30,0.76,0.4779,15,0.765,0.4811,0,0
SPY190712P298,2019-07-10,2019-07-10 09:35:50,0.76,0.4779,40,0.75,0.4716,199,0.76,0.4779,15,0.755,0.4748,0,0
SPY190712P298,2019-07-10,2019-07-10 09:35:50,0.77,0.4842,115,0.76,0.4779,44,0.76,0.4779,15,0.765,0.4811,0,0
SPY190712P298,2019-07-10,2019-07-10 09:35:51,0.77,0.4842,115,0.76,0.4779,63,0.76,0.4779,15,0.765,0.4811,0,0
SPY190712P298,2019-07-10,2019-07-10 09:35:51,0.77,0.4842,66,0.76,0.4779,222,0.76,0.4779,15,0.765,0.4811,0,0
SPY190712P298,2019-07-10,2019-07-10 09:35:52,0.77,0.4842,46,0.76,0.4779,592,0.76,0.4779,15,0.765,0.4811,0,0
SPY190712P298,2019-07-10,2019-07-10 09:35:52,0.77,0.4842,46,0.76,0.4779,342,0.76,0.4779,15,0.765,0.4811,0,0
SPY190712P298,2019-07-10,2019-07-10 09:35:53,0.77,0.4842,132,0.76,0.4779,189,0.76,0.4779,15,0.765,0.4811,0,0
SPY190712P298,2019-07-10,2019-07-10 09:35:54,0.77,0.4842,181,0.76,0.4779,252,0.76,0.4779,15,0.765,0.4811,0,0
SPY190712P298,2019-07-10,2019-07-10 09:35:54,0.77,0.4842,181,0.76,0.4779,88,0.76,0.4779,15,0.765,0.4811,0,0
SPY190712P298,2019-07-10,2019-07-10 09:35:55,0.77,0.4842,40,0.76,0.4779,1060,0.76,0.4779,15,0.765,0.4811,0,0
SPY190712P298,2019-07-10,2019-07-10 09:35:56,0.78,0.4905,298,0.77,0.4842,52,0.76,0.4779,15,0.775,0.4874,0,0
SPY190712P298,2019-07-10,2019-07-10 09:35:57,0.78,0.4905,322,0.77,0.4842,42,0.76,0.4779,15,0.775,0.4874,0,0
SPY190712P298,2019-07-10,2019-07-10 09:35:57,0.78,0.4905,298,0.77,0.4842,42,0.76,0.4779,15,0.775,0.4874,0,0
SPY190712P298,2019-07-10,2019-07-10 09:35:58,0.78,0.4905,214,0.77,0.4842,42,0.76,0.4779,15,0.775,0.4874,0,0
SPY190712P298,2019-07-10,2019-07-10 09:35:58,0.78,0.4905,337,0.77,0.4842,42,0.76,0.4779,15,0.775,0.4874,0,0
SPY190712P298,2019-07-10,2019-07-10 09:35:59,0.78,0.4905,214,0.77,0.4842,45,0.76,0.4779,15,0.775,0.4874,0,0
SPY190712P298,2019-07-10,2019-07-10 09:35:59,0.78,0.4905,164,0.77,0.4842,64,0.76,0.4779,15,0.775,0.4874,0,0
SPY190712P298,2019-07-10,2019-07-10 09:36:00,0.79,0.4968,215,0.77,0.4842,71,0.76,0.4779,15,0.78,0.4905,0,0
SPY190712P298,2019-07-10,2019-07-10 09:36:01,0.79,0.4968,177,0.77,0.4842,383,0.77,0.4842,6,0.78,0.4905,0,0
SPY190712P298,2019-07-10,2019-07-10 09:36:01,0.78,0.4905,112,0.77,0.4842,92,0.77,0.4842,6,0.775,0.4874,0,0
SPY190712P298,2019-07-10,2019-07-10 09:36:02,0.79,0.4968,190,0.78,0.4905,42,0.77,0.4842,6,0.785,0.4937,0,0
SPY190712P298,2019-07-10,2019-07-10 09:36:03,0.79,0.4968,211,0.77,0.4842,742,0.77,0.4842,6,0.78,0.4905,0,0
SPY190712P298,2019-07-10,2019-07-10 09:36:03,0.79,0.4968,211,0.78,0.4905,50,0.77,0.4842,6,0.785,0.4937,0,0
SPY190712P298,2019-07-10,2019-07-10 09:36:04,0.79,0.4968,278,0.77,0.4842,912,0.77,0.4842,6,0.78,0.4905,0,0
SPY190712P298,2019-07-10,2019-07-10 09:36:05,0.79,0.4968,278,0.77,0.4842,1009,0.77,0.4842,6,0.78,0.4905,0,0
SPY190712P298,2019-07-10,2019-07-10 09:36:05,0.78,0.4905,56,0.77,0.4842,136,0.77,0.4842,6,0.775,0.4874,0,0
SPY190712P298,2019-07-10,2019-07-10 09:36:06,0.79,0.4968,62,0.77,0.4842,257,0.77,0.4842,6,0.78,0.4905,0,0
SPY190712P298,2019-07-10,2019-07-10 09:36:06,0.78,0.4905,160,0.77,0.4842,86,0.77,0.4842,6,0.775,0.4874,0,0
SPY190712P298,2019-07-10,2019-07-10 09:36:07,0.79,0.4968,211,0.77,0.4842,995,0.77,0.4842,6,0.78,0.4905,0,0
SPY190712P298,2019-07-10,2019-07-10 09:36:07,0.79,0.4968,304,0.77,0.4842,607,0.77,0.4842,6,0.78,0.4905,0,0
SPY190712P298,2019-07-10,2019-07-10 09:36:08,0.78,0.4905,177,0.77,0.4842,61,0.77,0.4842,6,0.775,0.4874,0,0
SPY190712P298,2019-07-10,2019-07-10 09:36:09,0.78,0.4905,207,0.77,0.4842,61,0.78,0.4905,1,0.775,0.4874,0,0
SPY190712P298,2019-07-10,2019-07-10 09:36:11,0.76,0.4779,116,0.75,0.4716,84,0.77,0.4842,61,0.755,0.4748,0,0
SPY190712P298,2019-07-10,2019-07-10 09:36:11,0.76,0.4779,116,0.75,0.4716,90,0.77,0.4842,61,0.755,0.4748,0,0
SPY190712P298,2019-07-10,2019-07-10 09:36:12,0.77,0.4842,202,0.75,0.4716,123,0.77,0.4842,61,0.76,0.4779,0,0
SPY190712P298,2019-07-10,2019-07-10 09:36:12,0.77,0.4842,148,0.75,0.4716,72,0.77,0.4842,61,0.76,0.4779,0,0
SPY190712P298,2019-07-10,2019-07-10 09:36:13,0.77,0.4842,302,0.75,0.4716,123,0.77,0.4842,61,0.76,0.4779,0,0
SPY190712P298,2019-07-10,2019-07-10 09:36:14,0.77,0.4842,209,0.76,0.4779,150,0.77,0.4842,61,0.765,0.4811,0,0
SPY190712P298,2019-07-10,2019-07-10 09:36:14,0.77,0.4842,209,0.76,0.4779,144,0.77,0.4842,61,0.765,0.4811,0,0
SPY190712P298,2019-07-10,2019-07-10 09:36:15,0.77,0.4842,209,0.76,0.4779,152,0.77,0.4842,2,0.765,0.4811,0,0
SPY190712P298,2019-07-10,2019-07-10 09:36:15,0.77,0.4842,209,0.76,0.4779,146,0.77,0.4842,2,0.765,0.4811,0,0
SPY190712P298,2019-07-10,2019-07-10 09:36:16,0.77,0.4842,137,0.76,0.4779,184,0.77,0.4842,2,0.765,0.4811,0,0
SPY190712P298,2019-07-10,2019-07-10 09:36:18,0.78,0.4905,373,0.76,0.4779,252,0.77,0.4842,2,0.77,0.4842,0,0
SPY190712P298,2019-07-10,2019-07-10 09:36:19,0.78,0.4905,466,0.76,0.4779,526,0.77,0.4842,2,0.77,0.4842,0,0
SPY190712P298,2019-07-10,2019-07-10 09:36:19,0.77,0.4842,5,0.76,0.4779,601,0.77,0.4842,2,0.765,0.4811,0,0
SPY190712P298,2019-07-10,2019-07-10 09:36:20,0.77,0.4842,5,0.76,0.4779,370,0.77,0.4842,2,0.765,0.4811,0,0
SPY190712P298,2019-07-10,2019-07-10 09:36:21,0.78,0.4905,718,0.76,0.4779,508,0.77,0.4842,2,0.77,0.4842,0,0
