symbol,Date,quote_time,ask_price,norm_ask_price,ask_size,bid_price,norm_bid_price,bid_size,last_trade_price,norm_last_trade_price,last_trade_size,mark_price,norm_mark_price,volume,Volume
SPY190823C297,2019-08-21,2019-08-21 09:30:00,0.2,1.0,1,0.19,0.95,387,0.16,0.8,14,0.195,0.975,24,24
SPY190823C297,2019-08-21,2019-08-21 09:30:00,0.2,1.0,1,0.19,0.95,387,0.16,0.8,14,0.195,0.975,24,0
SPY190823C297,2019-08-21,2019-08-21 09:30:01,0.2,1.0,1,0.19,0.95,387,0.16,0.8,14,0.195,0.975,24,0
SPY190823C297,2019-08-21,2019-08-21 09:30:01,0.2,1.0,300,0.19,0.95,387,0.16,0.8,14,0.195,0.975,24,0
SPY190823C297,2019-08-21,2019-08-21 09:30:02,0.2,1.0,1050,0.19,0.95,387,0.16,0.8,14,0.195,0.975,24,0
SPY190823C297,2019-08-21,2019-08-21 09:30:03,0.19,0.95,750,0.18,0.9,1264,0.16,0.8,14,0.185,0.925,24,0
SPY190823C297,2019-08-21,2019-08-21 09:30:04,0.19,0.95,750,0.18,0.9,1024,0.16,0.8,14,0.185,0.925,24,0
SPY190823C297,2019-08-21,2019-08-21 09:30:05,0.19,0.95,750,0.18,0.9,1024,0.16,0.8,14,0.185,0.925,24,0
SPY190823C297,2019-08-21,2019-08-21 09:30:06,0.19,0.95,750,0.18,0.9,969,0.16,0.8,14,0.185,0.925,24,0
SPY190823C297,2019-08-21,2019-08-21 09:30:07,0.19,0.95,750,0.18,0.9,969,0.16,0.8,14,0.185,0.925,24,0
SPY190823C297,2019-08-21,2019-08-21 09:30:08,0.19,0.95,750,0.18,0.9,969,0.16,0.8,14,0.185,0.925,24,0
SPY190823C297,2019-08-21,2019-08-21 09:30:09,0.19,0.95,750,0.18,0.9,943,0.16,0.8,14,0.185,0.925,24,0
SPY190823C297,2019-08-21,2019-08-21 09:30:10,0.19,0.95,750,0.18,0.9,943,0.16,0.8,14,0.185,0.925,24,0
SPY190823C297,2019-08-21,2019-08-21 09:30:11,0.19,0.95,750,0.18,0.9,938,0.16,0.8,14,0.185,0.925,24,0
SPY190823C297,2019-08-21,2019-08-21 09:30:11,0.19,0.95,750,0.18,0.9,943,0.16,0.8,14,0.185,0.925,24,0
SPY190823C297,2019-08-21,2019-08-21 09:30:12,0.19,0.95,750,0.18,0.9,938,0.16,0.8,14,0.185,0.925,24,0
SPY190823C297,2019-08-21,2019-08-21 09:30:13,0.19,0.95,750,0.18,0.9,938,0.16,0.8,14,0.185,0.925,24,0
SPY190823C297,2019-08-21,2019-08-21 09:30:14,0.19,0.95,750,0.18,0.9,938,0.16,0.8,14,0.185,0.925,24,0
SPY190823C297,2019-08-21,2019-08-21 09:30:14,0.19,0.95,750,0.18,0.9,826,0.16,0.8,14,0.185,0.925,24,0
SPY190823C297,2019-08-21,2019-08-21 09:30:15,0.19,0.95,750,0.18,0.9,826,0.16,0.8,14,0.185,0.925,24,0
SPY190823C297,2019-08-21,2019-08-21 09:30:16,0.19,0.95,750,0.18,0.9,1189,0.16,0.8,14,0.185,0.925,24,0
SPY190823C297,2019-08-21,2019-08-21 09:30:16,0.19,0.95,750,0.18,0.9,826,0.16,0.8,14,0.185,0.925,24,0
SPY190823C297,2019-08-21,2019-08-21 09:30:17,0.19,0.95,750,0.18,0.9,1371,0.16,0.8,14,0.185,0.925,24,0
SPY190823C297,2019-08-21,2019-08-21 09:30:18,0.19,0.95,930,0.18,0.9,1371,0.16,0.8,14,0.185,0.925,24,0
SPY190823C297,2019-08-21,2019-08-21 09:30:18,0.19,0.95,750,0.18,0.9,1371,0.16,0.8,14,0.185,0.925,24,0
SPY190823C297,2019-08-21,2019-08-21 09:30:19,0.19,0.95,930,0.18,0.9,1190,0.16,0.8,14,0.185,0.925,24,0
SPY190823C297,2019-08-21,2019-08-21 09:30:20,0.19,0.95,930,0.18,0.9,1617,0.16,0.8,14,0.185,0.925,24,0
SPY190823C297,2019-08-21,2019-08-21 09:30:20,0.19,0.95,930,0.18,0.9,1777,0.16,0.8,14,0.185,0.925,24,0
SPY190823C297,2019-08-21,2019-08-21 09:30:21,0.19,0.95,750,0.18,0.9,2023,0.16,0.8,14,0.185,0.925,24,0
SPY190823C297,2019-08-21,2019-08-21 09:30:21,0.19,0.95,930,0.18,0.9,1617,0.16,0.8,14,0.185,0.925,24,0
SPY190823C297,2019-08-21,2019-08-21 09:30:22,0.19,0.95,1030,0.18,0.9,597,0.16,0.8,14,0.185,0.925,24,0
SPY190823C297,2019-08-21,2019-08-21 09:30:22,0.19,0.95,990,0.18,0.9,620,0.16,0.8,14,0.185,0.925,24,0
SPY190823C297,2019-08-21,2019-08-21 09:30:23,0.19,0.95,750,0.18,0.9,720,0.16,0.8,14,0.185,0.925,24,0
SPY190823C297,2019-08-21,2019-08-21 09:30:23,0.19,0.95,904,0.18,0.9,1960,0.16,0.8,14,0.185,0.925,24,0
SPY190823C297,2019-08-21,2019-08-21 09:30:24,0.19,0.95,750,0.18,0.9,1240,0.16,0.8,14,0.185,0.925,24,0
SPY190823C297,2019-08-21,2019-08-21 09:30:24,0.19,0.95,750,0.18,0.9,1960,0.16,0.8,14,0.185,0.925,24,0
SPY190823C297,2019-08-21,2019-08-21 09:30:25,0.19,0.95,2,0.18,0.9,2319,0.16,0.8,14,0.185,0.925,24,0
SPY190823C297,2019-08-21,2019-08-21 09:30:25,0.19,0.95,2,0.18,0.9,2475,0.16,0.8,14,0.185,0.925,24,0
SPY190823C297,2019-08-21,2019-08-21 09:30:26,0.19,0.95,2,0.18,0.9,2465,0.16,0.8,14,0.185,0.925,24,0
SPY190823C297,2019-08-21,2019-08-21 09:30:26,0.19,0.95,2,0.18,0.9,2475,0.16,0.8,14,0.185,0.925,24,0
SPY190823C297,2019-08-21,2019-08-21 09:30:27,0.19,0.95,2,0.18,0.9,2475,0.16,0.8,14,0.185,0.925,24,0
SPY190823C297,2019-08-21,2019-08-21 09:30:28,0.19,0.95,2,0.18,0.9,2475,0.16,0.8,14,0.185,0.925,24,0
SPY190823C297,2019-08-21,2019-08-21 09:30:29,0.19,0.95,2,0.18,0.9,2475,0.16,0.8,14,0.185,0.925,24,0
SPY190823C297,2019-08-21,2019-08-21 09:30:30,0.19,0.95,2,0.18,0.9,2327,0.16,0.8,14,0.185,0.925,24,0
SPY190823C297,2019-08-21,2019-08-21 09:30:30,0.2,1.0,1206,0.19,0.95,1147,0.16,0.8,14,0.195,0.975,24,0
SPY190823C297,2019-08-21,2019-08-21 09:30:31,0.2,1.0,1372,0.19,0.95,1147,0.16,0.8,14,0.195,0.975,24,0
SPY190823C297,2019-08-21,2019-08-21 09:30:32,0.2,1.0,1491,0.19,0.95,1529,0.16,0.8,14,0.195,0.975,24,0
SPY190823C297,2019-08-21,2019-08-21 09:30:32,0.2,1.0,1802,0.19,0.95,1529,0.16,0.8,14,0.195,0.975,24,0
SPY190823C297,2019-08-21,2019-08-21 09:30:33,0.2,1.0,1491,0.19,0.95,1529,0.16,0.8,14,0.195,0.975,24,0
SPY190823C297,2019-08-21,2019-08-21 09:30:34,0.2,1.0,1804,0.19,0.95,1529,0.16,0.8,14,0.195,0.975,24,0
SPY190823C297,2019-08-21,2019-08-21 09:30:34,0.2,1.0,1584,0.19,0.95,1727,0.16,0.8,14,0.195,0.975,24,0
SPY190823C297,2019-08-21,2019-08-21 09:30:35,0.2,1.0,1994,0.19,0.95,2091,0.16,0.8,14,0.195,0.975,24,0
SPY190823C297,2019-08-21,2019-08-21 09:30:36,0.2,1.0,1994,0.19,0.95,2091,0.16,0.8,14,0.195,0.975,24,0
SPY190823C297,2019-08-21,2019-08-21 09:30:37,0.2,1.0,1994,0.19,0.95,2091,0.16,0.8,14,0.195,0.975,24,0
SPY190823C297,2019-08-21,2019-08-21 09:30:38,0.2,1.0,1479,0.19,0.95,1661,0.16,0.8,14,0.195,0.975,24,0
SPY190823C297,2019-08-21,2019-08-21 09:30:38,0.2,1.0,1994,0.19,0.95,2091,0.16,0.8,14,0.195,0.975,24,0
SPY190823C297,2019-08-21,2019-08-21 09:30:39,0.2,1.0,1500,0.19,0.95,1188,0.16,0.8,14,0.195,0.975,24,0
SPY190823C297,2019-08-21,2019-08-21 09:30:39,0.2,1.0,1125,0.19,0.95,891,0.16,0.8,14,0.195,0.975,24,0
SPY190823C297,2019-08-21,2019-08-21 09:30:40,0.2,1.0,1658,0.19,0.95,1727,0.16,0.8,14,0.195,0.975,24,0
SPY190823C297,2019-08-21,2019-08-21 09:30:40,0.2,1.0,2128,0.19,0.95,2082,0.16,0.8,14,0.195,0.975,24,0
SPY190823C297,2019-08-21,2019-08-21 09:30:41,0.2,1.0,1586,0.19,0.95,1727,0.16,0.8,14,0.195,0.975,24,0
SPY190823C297,2019-08-21,2019-08-21 09:30:41,0.2,1.0,1571,0.19,0.95,1652,0.16,0.8,14,0.195,0.975,24,0
SPY190823C297,2019-08-21,2019-08-21 09:30:42,0.2,1.0,1586,0.19,0.95,1727,0.16,0.8,14,0.195,0.975,24,0
SPY190823C297,2019-08-21,2019-08-21 09:30:42,0.2,1.0,2001,0.19,0.95,2082,0.16,0.8,14,0.195,0.975,24,0
SPY190823C297,2019-08-21,2019-08-21 09:30:43,0.2,1.0,2001,0.19,0.95,2082,0.16,0.8,14,0.195,0.975,24,0
SPY190823C297,2019-08-21,2019-08-21 09:30:43,0.2,1.0,2017,0.19,0.95,2082,0.16,0.8,14,0.195,0.975,24,0
SPY190823C297,2019-08-21,2019-08-21 09:30:44,0.2,1.0,2017,0.19,0.95,2082,0.16,0.8,14,0.195,0.975,24,0
SPY190823C297,2019-08-21,2019-08-21 09:30:45,0.2,1.0,1847,0.19,0.95,2823,0.16,0.8,14,0.195,0.975,24,0
SPY190823C297,2019-08-21,2019-08-21 09:30:45,0.2,1.0,958,0.19,0.95,2131,0.16,0.8,14,0.195,0.975,24,0
SPY190823C297,2019-08-21,2019-08-21 09:30:46,0.2,1.0,1847,0.19,0.95,2766,0.16,0.8,14,0.195,0.975,24,0
SPY190823C297,2019-08-21,2019-08-21 09:30:47,0.2,1.0,1847,0.19,0.95,2677,0.16,0.8,14,0.195,0.975,24,0
SPY190823C297,2019-08-21,2019-08-21 09:30:47,0.2,1.0,1847,0.19,0.95,2766,0.16,0.8,14,0.195,0.975,24,0
SPY190823C297,2019-08-21,2019-08-21 09:30:48,0.2,1.0,2017,0.19,0.95,2333,0.16,0.8,14,0.195,0.975,24,0
SPY190823C297,2019-08-21,2019-08-21 09:30:48,0.2,1.0,1417,0.19,0.95,2247,0.16,0.8,14,0.195,0.975,24,0
SPY190823C297,2019-08-21,2019-08-21 09:30:49,0.2,1.0,1580,0.19,0.95,1981,0.16,0.8,14,0.195,0.975,24,0
SPY190823C297,2019-08-21,2019-08-21 09:30:49,0.2,1.0,1596,0.19,0.95,1981,0.16,0.8,14,0.195,0.975,24,0
SPY190823C297,2019-08-21,2019-08-21 09:30:50,0.2,1.0,2001,0.19,0.95,2411,0.16,0.8,14,0.195,0.975,24,0
SPY190823C297,2019-08-21,2019-08-21 09:30:50,0.2,1.0,2017,0.19,0.95,2411,0.16,0.8,14,0.195,0.975,24,0
SPY190823C297,2019-08-21,2019-08-21 09:30:51,0.2,1.0,1617,0.19,0.95,2763,0.16,0.8,14,0.195,0.975,24,0
SPY190823C297,2019-08-21,2019-08-21 09:30:51,0.2,1.0,2017,0.19,0.95,2763,0.16,0.8,14,0.195,0.975,24,0
SPY190823C297,2019-08-21,2019-08-21 09:30:52,0.2,1.0,1362,0.19,0.95,2411,0.16,0.8,14,0.195,0.975,24,0
SPY190823C297,2019-08-21,2019-08-21 09:30:52,0.2,1.0,1877,0.19,0.95,2763,0.16,0.8,14,0.195,0.975,24,0
SPY190823C297,2019-08-21,2019-08-21 09:30:53,0.2,1.0,1877,0.19,0.95,1927,0.16,0.8,14,0.195,0.975,24,0
SPY190823C297,2019-08-21,2019-08-21 09:30:53,0.2,1.0,1617,0.19,0.95,2616,0.16,0.8,14,0.195,0.975,24,0
SPY190823C297,2019-08-21,2019-08-21 09:30:54,0.2,1.0,1511,0.19,0.95,2616,0.16,0.8,14,0.195,0.975,24,0
SPY190823C297,2019-08-21,2019-08-21 09:30:54,0.2,1.0,1495,0.19,0.95,2616,0.16,0.8,14,0.195,0.975,24,0
SPY190823C297,2019-08-21,2019-08-21 09:30:55,0.2,1.0,1511,0.19,0.95,2616,0.16,0.8,14,0.195,0.975,24,0
SPY190823C297,2019-08-21,2019-08-21 09:30:56,0.2,1.0,1511,0.19,0.95,2616,0.16,0.8,14,0.195,0.975,24,0
SPY190823C297,2019-08-21,2019-08-21 09:30:57,0.2,1.0,1511,0.19,0.95,2616,0.16,0.8,14,0.195,0.975,24,0
SPY190823C297,2019-08-21,2019-08-21 09:30:58,0.2,1.0,1303,0.19,0.95,1519,0.2,1.0,1,0.195,0.975,25,1
SPY190823C297,2019-08-21,2019-08-21 09:30:58,0.2,1.0,1725,0.19,0.95,2612,0.16,0.8,14,0.195,0.975,24,0
SPY190823C297,2019-08-21,2019-08-21 09:30:59,0.2,1.0,1745,0.19,0.95,1981,0.2,1.0,1,0.195,0.975,25,0
SPY190823C297,2019-08-21,2019-08-21 09:30:59,0.2,1.0,1435,0.19,0.95,2763,0.2,1.0,1,0.195,0.975,25,0
SPY190823C297,2019-08-21,2019-08-21 09:31:00,0.2,1.0,1475,0.19,0.95,1670,0.2,1.0,1,0.195,0.975,25,0
SPY190823C297,2019-08-21,2019-08-21 09:31:01,0.2,1.0,1491,0.19,0.95,1670,0.2,1.0,1,0.195,0.975,25,0
SPY190823C297,2019-08-21,2019-08-21 09:31:02,0.2,1.0,1061,0.19,0.95,1670,0.2,1.0,1,0.195,0.975,25,0
SPY190823C297,2019-08-21,2019-08-21 09:31:02,0.2,1.0,1414,0.19,0.95,1670,0.2,1.0,1,0.195,0.975,25,0
SPY190823C297,2019-08-21,2019-08-21 09:31:03,0.2,1.0,1393,0.19,0.95,1255,0.2,1.0,1,0.195,0.975,25,0
SPY190823C297,2019-08-21,2019-08-21 09:31:03,0.2,1.0,1045,0.19,0.95,1255,0.2,1.0,1,0.195,0.975,25,0
SPY190823C297,2019-08-21,2019-08-21 09:31:04,0.2,1.0,1414,0.19,0.95,1112,0.2,1.0,1,0.195,0.975,25,0
SPY190823C297,2019-08-21,2019-08-21 09:31:04,0.2,1.0,1045,0.19,0.95,1240,0.2,1.0,1,0.195,0.975,25,0
SPY190823C297,2019-08-21,2019-08-21 09:31:05,0.2,1.0,1432,0.19,0.95,913,0.2,1.0,1,0.195,0.975,25,0
SPY190823C297,2019-08-21,2019-08-21 09:31:05,0.2,1.0,1560,0.19,0.95,1456,0.2,1.0,1,0.195,0.975,25,0
SPY190823C297,2019-08-21,2019-08-21 09:31:06,0.2,1.0,1989,0.19,0.95,753,0.2,1.0,1,0.195,0.975,25,0
SPY190823C297,2019-08-21,2019-08-21 09:31:06,0.2,1.0,1448,0.19,0.95,753,0.2,1.0,1,0.195,0.975,25,0
SPY190823C297,2019-08-21,2019-08-21 09:31:07,0.2,1.0,1973,0.19,0.95,647,0.2,1.0,1,0.195,0.975,25,0
SPY190823C297,2019-08-21,2019-08-21 09:31:07,0.2,1.0,1989,0.19,0.95,647,0.2,1.0,1,0.195,0.975,25,0
SPY190823C297,2019-08-21,2019-08-21 09:31:08,0.2,1.0,1989,0.19,0.95,647,0.2,1.0,1,0.195,0.975,25,0
SPY190823C297,2019-08-21,2019-08-21 09:31:09,0.2,1.0,1989,0.19,0.95,647,0.2,1.0,1,0.195,0.975,25,0
SPY190823C297,2019-08-21,2019-08-21 09:31:09,0.2,1.0,2786,0.19,0.95,647,0.2,1.0,1,0.195,0.975,25,0
SPY190823C297,2019-08-21,2019-08-21 09:31:10,0.2,1.0,2786,0.19,0.95,647,0.2,1.0,1,0.195,0.975,25,0
SPY190823C297,2019-08-21,2019-08-21 09:31:10,0.2,1.0,2364,0.19,0.95,741,0.2,1.0,1,0.195,0.975,25,0
SPY190823C297,2019-08-21,2019-08-21 09:31:11,0.2,1.0,3620,0.19,0.95,529,0.2,1.0,1,0.195,0.975,25,0
SPY190823C297,2019-08-21,2019-08-21 09:31:11,0.2,1.0,3604,0.19,0.95,529,0.2,1.0,1,0.195,0.975,25,0
SPY190823C297,2019-08-21,2019-08-21 09:31:12,0.2,1.0,3134,0.19,0.95,64,0.2,1.0,1,0.195,0.975,25,0
SPY190823C297,2019-08-21,2019-08-21 09:31:12,0.2,1.0,3548,0.19,0.95,64,0.2,1.0,1,0.195,0.975,25,0
SPY190823C297,2019-08-21,2019-08-21 09:31:13,0.19,0.95,750,0.18,0.9,1350,0.2,1.0,1,0.185,0.925,25,0
SPY190823C297,2019-08-21,2019-08-21 09:31:13,0.19,0.95,750,0.18,0.9,1533,0.2,1.0,1,0.185,0.925,25,0
SPY190823C297,2019-08-21,2019-08-21 09:31:14,0.19,0.95,1554,0.18,0.9,1963,0.2,1.0,1,0.185,0.925,25,0
SPY190823C297,2019-08-21,2019-08-21 09:31:14,0.19,0.95,844,0.18,0.9,1963,0.2,1.0,1,0.185,0.925,25,0
SPY190823C297,2019-08-21,2019-08-21 09:31:15,0.19,0.95,1621,0.18,0.9,1963,0.2,1.0,1,0.185,0.925,25,0
SPY190823C297,2019-08-21,2019-08-21 09:31:16,0.19,0.95,1605,0.18,0.9,1533,0.2,1.0,1,0.185,0.925,25,0
SPY190823C297,2019-08-21,2019-08-21 09:31:16,0.19,0.95,884,0.18,0.9,2283,0.2,1.0,1,0.185,0.925,25,0
SPY190823C297,2019-08-21,2019-08-21 09:31:17,0.19,0.95,1149,0.18,0.9,1963,0.2,1.0,1,0.185,0.925,25,0
SPY190823C297,2019-08-21,2019-08-21 09:31:18,0.19,0.95,1149,0.18,0.9,1500,0.2,1.0,1,0.185,0.925,25,0
SPY190823C297,2019-08-21,2019-08-21 09:31:18,0.19,0.95,1149,0.18,0.9,1611,0.2,1.0,1,0.185,0.925,25,0
SPY190823C297,2019-08-21,2019-08-21 09:31:19,0.19,0.95,1149,0.18,0.9,1852,0.2,1.0,1,0.185,0.925,25,0
SPY190823C297,2019-08-21,2019-08-21 09:31:19,0.19,0.95,1914,0.18,0.9,1308,0.2,1.0,1,0.185,0.925,25,0
SPY190823C297,2019-08-21,2019-08-21 09:31:20,0.19,0.95,1679,0.18,0.9,1033,0.2,1.0,1,0.185,0.925,25,0
SPY190823C297,2019-08-21,2019-08-21 09:31:20,0.19,0.95,1807,0.18,0.9,1033,0.2,1.0,1,0.185,0.925,25,0
SPY190823C297,2019-08-21,2019-08-21 09:31:21,0.19,0.95,1579,0.18,0.9,1033,0.2,1.0,1,0.185,0.925,25,0
SPY190823C297,2019-08-21,2019-08-21 09:31:21,0.19,0.95,1674,0.18,0.9,1502,0.2,1.0,1,0.185,0.925,25,0
SPY190823C297,2019-08-21,2019-08-21 09:31:22,0.19,0.95,1861,0.18,0.9,1642,0.2,1.0,1,0.185,0.925,25,0
SPY190823C297,2019-08-21,2019-08-21 09:31:23,0.19,0.95,1983,0.18,0.9,1502,0.2,1.0,1,0.185,0.925,25,0
SPY190823C297,2019-08-21,2019-08-21 09:31:23,0.19,0.95,1877,0.18,0.9,1502,0.2,1.0,1,0.185,0.925,25,0
SPY190823C297,2019-08-21,2019-08-21 09:31:24,0.19,0.95,2023,0.18,0.9,1502,0.2,1.0,1,0.185,0.925,25,0
SPY190823C297,2019-08-21,2019-08-21 09:31:25,0.19,0.95,2065,0.18,0.9,298,0.2,1.0,1,0.185,0.925,25,0
SPY190823C297,2019-08-21,2019-08-21 09:31:25,0.19,0.95,2039,0.18,0.9,224,0.2,1.0,1,0.185,0.925,25,0
SPY190823C297,2019-08-21,2019-08-21 09:31:26,0.19,0.95,2225,0.18,0.9,64,0.2,1.0,1,0.185,0.925,25,0
SPY190823C297,2019-08-21,2019-08-21 09:31:27,0.19,0.95,2241,0.18,0.9,64,0.18,0.9,94,0.185,0.925,119,94
SPY190823C297,2019-08-21,2019-08-21 09:31:27,0.19,0.95,2225,0.18,0.9,64,0.2,1.0,1,0.185,0.925,25,0
SPY190823C297,2019-08-21,2019-08-21 09:31:28,0.19,0.95,2671,0.18,0.9,64,0.18,0.9,94,0.185,0.925,119,0
SPY190823C297,2019-08-21,2019-08-21 09:31:28,0.19,0.95,2671,0.18,0.9,85,0.18,0.9,94,0.185,0.925,119,0
SPY190823C297,2019-08-21,2019-08-21 09:31:29,0.18,0.9,1870,0.17,0.85,3065,0.18,0.9,1,0.175,0.875,250,0
SPY190823C297,2019-08-21,2019-08-21 09:31:29,0.18,0.9,1870,0.18,0.9,66,0.18,0.9,1,0.18,0.9,250,131
SPY190823C297,2019-08-21,2019-08-21 09:31:30,0.18,0.9,1946,0.17,0.85,234,0.17,0.85,1,0.175,0.875,251,1
SPY190823C297,2019-08-21,2019-08-21 09:31:30,0.18,0.9,1870,0.17,0.85,1112,0.18,0.9,1,0.175,0.875,250,0
SPY190823C297,2019-08-21,2019-08-21 09:31:31,0.18,0.9,1956,0.17,0.85,234,0.17,0.85,1,0.175,0.875,251,0
SPY190823C297,2019-08-21,2019-08-21 09:31:31,0.18,0.9,1879,0.16,0.8,3044,0.17,0.85,1,0.17,0.85,611,360
SPY190823C297,2019-08-21,2019-08-21 09:31:32,0.17,0.85,1732,0.16,0.8,3044,0.17,0.85,1,0.165,0.825,611,0
SPY190823C297,2019-08-21,2019-08-21 09:31:32,0.17,0.85,1732,0.16,0.8,2516,0.17,0.85,1,0.165,0.825,611,0
SPY190823C297,2019-08-21,2019-08-21 09:31:33,0.17,0.85,1817,0.16,0.8,2896,0.17,0.85,1,0.165,0.825,611,0
SPY190823C297,2019-08-21,2019-08-21 09:31:34,0.17,0.85,1858,0.16,0.8,2014,0.17,0.85,1,0.165,0.825,611,0
SPY190823C297,2019-08-21,2019-08-21 09:31:34,0.17,0.85,1808,0.16,0.8,2014,0.17,0.85,1,0.165,0.825,611,0
SPY190823C297,2019-08-21,2019-08-21 09:31:35,0.17,0.85,1732,0.16,0.8,2583,0.17,0.85,1,0.165,0.825,611,0
SPY190823C297,2019-08-21,2019-08-21 09:31:35,0.17,0.85,1792,0.16,0.8,2583,0.17,0.85,1,0.165,0.825,611,0
SPY190823C297,2019-08-21,2019-08-21 09:31:36,0.17,0.85,385,0.16,0.8,2265,0.16,0.8,188,0.165,0.825,5119,0
SPY190823C297,2019-08-21,2019-08-21 09:31:36,0.17,0.85,85,0.16,0.8,2265,0.16,0.8,188,0.165,0.825,5119,4508
SPY190823C297,2019-08-21,2019-08-21 09:31:37,0.17,0.85,360,0.16,0.8,1195,0.16,0.8,188,0.165,0.825,5119,0
SPY190823C297,2019-08-21,2019-08-21 09:31:37,0.17,0.85,2240,0.16,0.8,1945,0.16,0.8,188,0.165,0.825,5119,0
SPY190823C297,2019-08-21,2019-08-21 09:31:38,0.18,0.9,2004,0.16,0.8,2225,0.16,0.8,188,0.17,0.85,5119,0
SPY190823C297,2019-08-21,2019-08-21 09:31:38,0.17,0.85,1654,0.16,0.8,1475,0.16,0.8,188,0.165,0.825,5119,0
SPY190823C297,2019-08-21,2019-08-21 09:31:39,0.18,0.9,2745,0.17,0.85,5,0.16,0.8,188,0.175,0.875,5119,0
SPY190823C297,2019-08-21,2019-08-21 09:31:39,0.18,0.9,3034,0.17,0.85,690,0.16,0.8,188,0.175,0.875,5119,0
SPY190823C297,2019-08-21,2019-08-21 09:31:40,0.18,0.9,2745,0.17,0.85,690,0.16,0.8,188,0.175,0.875,5119,0
SPY190823C297,2019-08-21,2019-08-21 09:31:40,0.18,0.9,3147,0.17,0.85,722,0.16,0.8,188,0.175,0.875,5119,0
SPY190823C297,2019-08-21,2019-08-21 09:31:41,0.18,0.9,3536,0.17,0.85,722,0.16,0.8,188,0.175,0.875,5119,0
SPY190823C297,2019-08-21,2019-08-21 09:31:41,0.18,0.9,2476,0.17,0.85,538,0.16,0.8,188,0.175,0.875,5119,0
SPY190823C297,2019-08-21,2019-08-21 09:31:42,0.18,0.9,2476,0.17,0.85,538,0.16,0.8,188,0.175,0.875,5119,0
SPY190823C297,2019-08-21,2019-08-21 09:31:42,0.18,0.9,2476,0.17,0.85,969,0.16,0.8,188,0.175,0.875,5119,0
SPY190823C297,2019-08-21,2019-08-21 09:31:43,0.18,0.9,2476,0.17,0.85,779,0.16,0.8,188,0.175,0.875,5119,0
SPY190823C297,2019-08-21,2019-08-21 09:31:43,0.18,0.9,3191,0.17,0.85,1038,0.16,0.8,188,0.175,0.875,5119,0
SPY190823C297,2019-08-21,2019-08-21 09:31:44,0.18,0.9,2200,0.17,0.85,1590,0.16,0.8,188,0.175,0.875,5119,0
SPY190823C297,2019-08-21,2019-08-21 09:31:44,0.18,0.9,3034,0.17,0.85,898,0.18,0.9,2,0.175,0.875,5121,2
SPY190823C297,2019-08-21,2019-08-21 09:31:45,0.18,0.9,3034,0.17,0.85,898,0.18,0.9,2,0.175,0.875,5121,0
SPY190823C297,2019-08-21,2019-08-21 09:31:45,0.18,0.9,3547,0.17,0.85,562,0.18,0.9,2,0.175,0.875,5121,0
SPY190823C297,2019-08-21,2019-08-21 09:31:46,0.18,0.9,3547,0.17,0.85,476,0.18,0.9,2,0.175,0.875,5121,0
SPY190823C297,2019-08-21,2019-08-21 09:31:47,0.18,0.9,3207,0.17,0.85,781,0.18,0.9,2,0.175,0.875,5121,0
SPY190823C297,2019-08-21,2019-08-21 09:31:47,0.18,0.9,3207,0.17,0.85,974,0.18,0.9,2,0.175,0.875,5121,0
SPY190823C297,2019-08-21,2019-08-21 09:31:48,0.18,0.9,3108,0.17,0.85,1593,0.18,0.9,2,0.175,0.875,5121,0
SPY190823C297,2019-08-21,2019-08-21 09:31:48,0.18,0.9,3124,0.17,0.85,2468,0.18,0.9,2,0.175,0.875,5121,0
SPY190823C297,2019-08-21,2019-08-21 09:31:49,0.18,0.9,3494,0.17,0.85,2358,0.18,0.9,1,0.175,0.875,5122,1
SPY190823C297,2019-08-21,2019-08-21 09:31:49,0.18,0.9,2745,0.17,0.85,2231,0.18,0.9,1,0.175,0.875,5122,0
SPY190823C297,2019-08-21,2019-08-21 09:31:50,0.18,0.9,2745,0.17,0.85,2176,0.18,0.9,1,0.175,0.875,5122,0
SPY190823C297,2019-08-21,2019-08-21 09:31:50,0.18,0.9,2745,0.17,0.85,2451,0.18,0.9,1,0.175,0.875,5122,0
SPY190823C297,2019-08-21,2019-08-21 09:31:51,0.18,0.9,1481,0.17,0.85,2504,0.18,0.9,1,0.175,0.875,5122,0
SPY190823C297,2019-08-21,2019-08-21 09:31:51,0.18,0.9,1911,0.17,0.85,2504,0.18,0.9,1,0.175,0.875,5122,0
SPY190823C297,2019-08-21,2019-08-21 09:31:52,0.18,0.9,1911,0.17,0.85,2532,0.18,0.9,1,0.175,0.875,5122,0
SPY190823C297,2019-08-21,2019-08-21 09:31:52,0.18,0.9,1465,0.17,0.85,2074,0.18,0.9,1,0.175,0.875,5122,0
SPY190823C297,2019-08-21,2019-08-21 09:31:53,0.18,0.9,1911,0.17,0.85,2528,0.18,0.9,1,0.175,0.875,5122,0
SPY190823C297,2019-08-21,2019-08-21 09:31:54,0.18,0.9,1911,0.17,0.85,2528,0.18,0.9,1,0.175,0.875,5122,0
SPY190823C297,2019-08-21,2019-08-21 09:31:54,0.18,0.9,1911,0.17,0.85,2532,0.18,0.9,1,0.175,0.875,5123,1
SPY190823C297,2019-08-21,2019-08-21 09:31:55,0.18,0.9,2190,0.17,0.85,2528,0.18,0.9,2,0.175,0.875,5125,0
SPY190823C297,2019-08-21,2019-08-21 09:31:55,0.18,0.9,2190,0.17,0.85,2528,0.18,0.9,2,0.175,0.875,5125,2
SPY190823C297,2019-08-21,2019-08-21 09:31:56,0.18,0.9,2628,0.17,0.85,2532,0.18,0.9,2,0.175,0.875,5125,0
SPY190823C297,2019-08-21,2019-08-21 09:31:56,0.18,0.9,1851,0.17,0.85,1222,0.18,0.9,2,0.175,0.875,5125,0
SPY190823C297,2019-08-21,2019-08-21 09:31:57,0.18,0.9,1851,0.17,0.85,1222,0.18,0.9,2,0.175,0.875,5125,0
SPY190823C297,2019-08-21,2019-08-21 09:31:58,0.18,0.9,1851,0.17,0.85,1222,0.18,0.9,2,0.175,0.875,5125,0
SPY190823C297,2019-08-21,2019-08-21 09:31:58,0.18,0.9,1879,0.17,0.85,2535,0.18,0.9,2,0.175,0.875,5125,0
SPY190823C297,2019-08-21,2019-08-21 09:31:59,0.18,0.9,1849,0.17,0.85,1830,0.18,0.9,2,0.175,0.875,5125,0
SPY190823C297,2019-08-21,2019-08-21 09:31:59,0.18,0.9,1665,0.17,0.85,1400,0.18,0.9,2,0.175,0.875,5125,0
SPY190823C297,2019-08-21,2019-08-21 09:32:00,0.18,0.9,1655,0.17,0.85,1169,0.18,0.9,2,0.175,0.875,5125,0
SPY190823C297,2019-08-21,2019-08-21 09:32:00,0.18,0.9,2611,0.17,0.85,455,0.18,0.9,2,0.175,0.875,5125,0
SPY190823C297,2019-08-21,2019-08-21 09:32:01,0.18,0.9,1655,0.17,0.85,1169,0.18,0.9,2,0.175,0.875,5125,0
SPY190823C297,2019-08-21,2019-08-21 09:32:01,0.18,0.9,1016,0.17,0.85,1776,0.18,0.9,2,0.175,0.875,5125,0
SPY190823C297,2019-08-21,2019-08-21 09:32:02,0.18,0.9,2054,0.17,0.85,1863,0.18,0.9,2,0.175,0.875,5125,0
SPY190823C297,2019-08-21,2019-08-21 09:32:02,0.18,0.9,1698,0.17,0.85,1863,0.18,0.9,2,0.175,0.875,5125,0
SPY190823C297,2019-08-21,2019-08-21 09:32:03,0.18,0.9,1698,0.17,0.85,1923,0.18,0.9,2,0.175,0.875,5125,0
SPY190823C297,2019-08-21,2019-08-21 09:32:03,0.18,0.9,1895,0.17,0.85,1919,0.18,0.9,2,0.175,0.875,5125,0
SPY190823C297,2019-08-21,2019-08-21 09:32:04,0.18,0.9,1911,0.17,0.85,1919,0.18,0.9,2,0.175,0.875,5125,0
SPY190823C297,2019-08-21,2019-08-21 09:32:04,0.18,0.9,1481,0.17,0.85,1962,0.18,0.9,2,0.175,0.875,5125,0
SPY190823C297,2019-08-21,2019-08-21 09:32:05,0.18,0.9,85,0.17,0.85,4059,0.18,0.9,2,0.175,0.875,5125,0
SPY190823C297,2019-08-21,2019-08-21 09:32:05,0.18,0.9,64,0.17,0.85,1877,0.18,0.9,2,0.175,0.875,5125,0
SPY190823C297,2019-08-21,2019-08-21 09:32:06,0.18,0.9,1512,0.17,0.85,4000,0.18,0.9,2,0.175,0.875,5125,0
SPY190823C297,2019-08-21,2019-08-21 09:32:06,0.18,0.9,85,0.17,0.85,4096,0.18,0.9,2,0.175,0.875,5125,0
SPY190823C297,2019-08-21,2019-08-21 09:32:07,0.18,0.9,1021,0.17,0.85,2980,0.18,0.9,2,0.175,0.875,5125,0
SPY190823C297,2019-08-21,2019-08-21 09:32:07,0.18,0.9,64,0.17,0.85,2980,0.18,0.9,2,0.175,0.875,5125,0
SPY190823C297,2019-08-21,2019-08-21 09:32:08,0.18,0.9,750,0.17,0.85,2014,0.18,0.9,1,0.175,0.875,5130,0
SPY190823C297,2019-08-21,2019-08-21 09:32:08,0.18,0.9,61,0.17,0.85,2860,0.18,0.9,1,0.175,0.875,5130,5
SPY190823C297,2019-08-21,2019-08-21 09:32:09,0.18,0.9,1412,0.17,0.85,1112,0.18,0.9,1,0.175,0.875,5130,0
SPY190823C297,2019-08-21,2019-08-21 09:32:10,0.18,0.9,1005,0.17,0.85,1862,0.18,0.9,1,0.175,0.875,5130,0
SPY190823C297,2019-08-21,2019-08-21 09:32:10,0.18,0.9,1021,0.17,0.85,3004,0.18,0.9,1,0.175,0.875,5130,0
SPY190823C297,2019-08-21,2019-08-21 09:32:11,0.18,0.9,1498,0.17,0.85,2258,0.18,0.9,1,0.175,0.875,5130,0
SPY190823C297,2019-08-21,2019-08-21 09:32:11,0.18,0.9,1505,0.17,0.85,3008,0.18,0.9,1,0.175,0.875,5130,0
SPY190823C297,2019-08-21,2019-08-21 09:32:12,0.18,0.9,1817,0.17,0.85,2864,0.18,0.9,1,0.175,0.875,5130,0
SPY190823C297,2019-08-21,2019-08-21 09:32:12,0.18,0.9,1960,0.17,0.85,2864,0.18,0.9,1,0.175,0.875,5130,0
SPY190823C297,2019-08-21,2019-08-21 09:32:13,0.18,0.9,2228,0.17,0.85,928,0.17,0.85,1,0.175,0.875,5131,1
SPY190823C297,2019-08-21,2019-08-21 09:32:13,0.18,0.9,1994,0.17,0.85,623,0.18,0.9,1,0.175,0.875,5130,0
SPY190823C297,2019-08-21,2019-08-21 09:32:14,0.18,0.9,2690,0.17,0.85,814,0.17,0.85,1,0.175,0.875,5131,0
SPY190823C297,2019-08-21,2019-08-21 09:32:15,0.18,0.9,2816,0.17,0.85,819,0.17,0.85,1,0.175,0.875,5131,0
SPY190823C297,2019-08-21,2019-08-21 09:32:15,0.18,0.9,2690,0.17,0.85,819,0.17,0.85,1,0.175,0.875,5131,0
SPY190823C297,2019-08-21,2019-08-21 09:32:16,0.18,0.9,2336,0.17,0.85,469,0.17,0.85,1,0.175,0.875,5131,0
SPY190823C297,2019-08-21,2019-08-21 09:32:16,0.18,0.9,2816,0.17,0.85,819,0.17,0.85,1,0.175,0.875,5131,0
SPY190823C297,2019-08-21,2019-08-21 09:32:17,0.18,0.9,2690,0.17,0.85,330,0.17,0.85,1,0.175,0.875,5131,0
SPY190823C297,2019-08-21,2019-08-21 09:32:17,0.18,0.9,2674,0.17,0.85,1018,0.17,0.85,1,0.175,0.875,5131,0
SPY190823C297,2019-08-21,2019-08-21 09:32:18,0.18,0.9,3524,0.17,0.85,1018,0.17,0.85,1,0.175,0.875,5131,0
SPY190823C297,2019-08-21,2019-08-21 09:32:18,0.18,0.9,3524,0.17,0.85,760,0.17,0.85,1,0.175,0.875,5131,0
SPY190823C297,2019-08-21,2019-08-21 09:32:19,0.18,0.9,3524,0.17,0.85,760,0.17,0.85,1,0.175,0.875,5131,0
SPY190823C297,2019-08-21,2019-08-21 09:32:19,0.18,0.9,3508,0.17,0.85,764,0.17,0.85,1,0.175,0.875,5131,0
SPY190823C297,2019-08-21,2019-08-21 09:32:20,0.18,0.9,3524,0.17,0.85,755,0.17,0.85,1,0.175,0.875,5137,6
SPY190823C297,2019-08-21,2019-08-21 09:32:20,0.18,0.9,3524,0.17,0.85,764,0.17,0.85,1,0.175,0.875,5131,0
SPY190823C297,2019-08-21,2019-08-21 09:32:21,0.18,0.9,3524,0.17,0.85,245,0.17,0.85,2,0.175,0.875,5144,7
SPY190823C297,2019-08-21,2019-08-21 09:32:21,0.18,0.9,3524,0.17,0.85,755,0.17,0.85,1,0.175,0.875,5137,0
SPY190823C297,2019-08-21,2019-08-21 09:32:22,0.18,0.9,3524,0.17,0.85,530,0.17,0.85,2,0.175,0.875,5144,0
SPY190823C297,2019-08-21,2019-08-21 09:32:23,0.18,0.9,3524,0.17,0.85,538,0.18,0.9,6,0.175,0.875,5150,6
SPY190823C297,2019-08-21,2019-08-21 09:32:23,0.18,0.9,3524,0.17,0.85,538,0.18,0.9,6,0.175,0.875,5150,0
SPY190823C297,2019-08-21,2019-08-21 09:32:24,0.18,0.9,3207,0.17,0.85,525,0.18,0.9,6,0.175,0.875,5150,0
SPY190823C297,2019-08-21,2019-08-21 09:32:24,0.18,0.9,3679,0.17,0.85,428,0.18,0.9,6,0.175,0.875,5150,0
SPY190823C297,2019-08-21,2019-08-21 09:32:25,0.18,0.9,3201,0.17,0.85,199,0.18,0.9,6,0.175,0.875,5150,0
SPY190823C297,2019-08-21,2019-08-21 09:32:25,0.18,0.9,3679,0.17,0.85,428,0.18,0.9,6,0.175,0.875,5150,0
SPY190823C297,2019-08-21,2019-08-21 09:32:26,0.18,0.9,2476,0.17,0.85,1395,0.18,0.9,6,0.175,0.875,5150,0
SPY190823C297,2019-08-21,2019-08-21 09:32:26,0.18,0.9,2014,0.17,0.85,1103,0.18,0.9,6,0.175,0.875,5150,0
SPY190823C297,2019-08-21,2019-08-21 09:32:27,0.18,0.9,2492,0.17,0.85,1090,0.18,0.9,6,0.175,0.875,5150,0
SPY190823C297,2019-08-21,2019-08-21 09:32:27,0.18,0.9,2729,0.17,0.85,818,0.18,0.9,6,0.175,0.875,5150,0
SPY190823C297,2019-08-21,2019-08-21 09:32:28,0.18,0.9,1959,0.17,0.85,1161,0.18,0.9,6,0.175,0.875,5150,0
SPY190823C297,2019-08-21,2019-08-21 09:32:28,0.18,0.9,3097,0.17,0.85,1271,0.18,0.9,6,0.175,0.875,5150,0
SPY190823C297,2019-08-21,2019-08-21 09:32:29,0.18,0.9,1959,0.17,0.85,2007,0.18,0.9,6,0.175,0.875,5150,0
SPY190823C297,2019-08-21,2019-08-21 09:32:29,0.18,0.9,2357,0.17,0.85,1602,0.18,0.9,6,0.175,0.875,5150,0
SPY190823C297,2019-08-21,2019-08-21 09:32:30,0.18,0.9,1911,0.17,0.85,1982,0.18,0.9,6,0.175,0.875,5150,0
SPY190823C297,2019-08-21,2019-08-21 09:32:30,0.18,0.9,1959,0.17,0.85,2007,0.18,0.9,6,0.175,0.875,5150,0
SPY190823C297,2019-08-21,2019-08-21 09:32:31,0.18,0.9,1911,0.17,0.85,2457,0.18,0.9,6,0.175,0.875,5150,0
SPY190823C297,2019-08-21,2019-08-21 09:32:32,0.18,0.9,1911,0.17,0.85,2646,0.18,0.9,6,0.175,0.875,5150,0
SPY190823C297,2019-08-21,2019-08-21 09:32:32,0.18,0.9,1895,0.17,0.85,2186,0.18,0.9,6,0.175,0.875,5150,0
SPY190823C297,2019-08-21,2019-08-21 09:32:33,0.18,0.9,2270,0.17,0.85,2228,0.18,0.9,6,0.175,0.875,5150,0
SPY190823C297,2019-08-21,2019-08-21 09:32:33,0.18,0.9,1911,0.17,0.85,3317,0.18,0.9,6,0.175,0.875,5150,0
SPY190823C297,2019-08-21,2019-08-21 09:32:34,0.18,0.9,1911,0.17,0.85,3406,0.18,0.9,6,0.175,0.875,5150,0
SPY190823C297,2019-08-21,2019-08-21 09:32:34,0.18,0.9,1895,0.17,0.85,3137,0.18,0.9,6,0.175,0.875,5150,0
SPY190823C297,2019-08-21,2019-08-21 09:32:35,0.18,0.9,1895,0.17,0.85,3406,0.18,0.9,6,0.175,0.875,5150,0
SPY190823C297,2019-08-21,2019-08-21 09:32:35,0.18,0.9,1911,0.17,0.85,3406,0.18,0.9,6,0.175,0.875,5150,0
SPY190823C297,2019-08-21,2019-08-21 09:32:36,0.18,0.9,1911,0.17,0.85,3406,0.18,0.9,6,0.175,0.875,5150,0
SPY190823C297,2019-08-21,2019-08-21 09:32:36,0.18,0.9,1911,0.17,0.85,3419,0.18,0.9,6,0.175,0.875,5150,0
SPY190823C297,2019-08-21,2019-08-21 09:32:37,0.18,0.9,1895,0.17,0.85,3150,0.18,0.9,6,0.175,0.875,5150,0
SPY190823C297,2019-08-21,2019-08-21 09:32:37,0.18,0.9,1895,0.17,0.85,3419,0.18,0.9,6,0.175,0.875,5150,0
SPY190823C297,2019-08-21,2019-08-21 09:32:38,0.18,0.9,1895,0.17,0.85,3618,0.18,0.9,6,0.175,0.875,5150,0
SPY190823C297,2019-08-21,2019-08-21 09:32:38,0.18,0.9,1911,0.17,0.85,3612,0.18,0.9,6,0.175,0.875,5150,0
SPY190823C297,2019-08-21,2019-08-21 09:32:39,0.18,0.9,1911,0.17,0.85,3618,0.18,0.9,6,0.175,0.875,5150,0
SPY190823C297,2019-08-21,2019-08-21 09:32:40,0.18,0.9,1895,0.17,0.85,2169,0.18,0.9,6,0.175,0.875,5150,0
SPY190823C297,2019-08-21,2019-08-21 09:32:40,0.18,0.9,1911,0.17,0.85,2708,0.18,0.9,6,0.175,0.875,5150,0
SPY190823C297,2019-08-21,2019-08-21 09:32:41,0.18,0.9,1911,0.17,0.85,3740,0.18,0.9,6,0.175,0.875,5150,0
SPY190823C297,2019-08-21,2019-08-21 09:32:41,0.18,0.9,1895,0.17,0.85,3740,0.18,0.9,6,0.175,0.875,5150,0
SPY190823C297,2019-08-21,2019-08-21 09:32:42,0.18,0.9,1911,0.17,0.85,2001,0.18,0.9,6,0.175,0.875,5150,0
SPY190823C297,2019-08-21,2019-08-21 09:32:42,0.18,0.9,1133,0.17,0.85,2109,0.18,0.9,6,0.175,0.875,5150,0
SPY190823C297,2019-08-21,2019-08-21 09:32:43,0.18,0.9,1690,0.17,0.85,3477,0.18,0.9,6,0.175,0.875,5150,0
SPY190823C297,2019-08-21,2019-08-21 09:32:43,0.18,0.9,1706,0.17,0.85,3477,0.18,0.9,6,0.175,0.875,5150,0
SPY190823C297,2019-08-21,2019-08-21 09:32:44,0.18,0.9,1759,0.17,0.85,3477,0.18,0.9,6,0.175,0.875,5150,0
SPY190823C297,2019-08-21,2019-08-21 09:32:44,0.18,0.9,1690,0.17,0.85,3477,0.18,0.9,6,0.175,0.875,5150,0
SPY190823C297,2019-08-21,2019-08-21 09:32:45,0.18,0.9,1313,0.17,0.85,1652,0.18,0.9,6,0.175,0.875,5150,0
SPY190823C297,2019-08-21,2019-08-21 09:32:45,0.18,0.9,1003,0.17,0.85,1652,0.18,0.9,6,0.175,0.875,5150,0
SPY190823C297,2019-08-21,2019-08-21 09:32:46,0.18,0.9,1650,0.17,0.85,1296,0.18,0.9,6,0.175,0.875,5150,0
SPY190823C297,2019-08-21,2019-08-21 09:32:46,0.18,0.9,1741,0.17,0.85,2390,0.18,0.9,6,0.175,0.875,5150,0
SPY190823C297,2019-08-21,2019-08-21 09:32:47,0.18,0.9,2283,0.17,0.85,2124,0.18,0.9,6,0.175,0.875,5150,0
SPY190823C297,2019-08-21,2019-08-21 09:32:47,0.18,0.9,2260,0.17,0.85,1296,0.18,0.9,6,0.175,0.875,5150,0
SPY190823C297,2019-08-21,2019-08-21 09:32:48,0.18,0.9,1911,0.17,0.85,2644,0.18,0.9,6,0.175,0.875,5150,0
SPY190823C297,2019-08-21,2019-08-21 09:32:48,0.18,0.9,1911,0.17,0.85,1735,0.18,0.9,6,0.175,0.875,5150,0
SPY190823C297,2019-08-21,2019-08-21 09:32:49,0.18,0.9,1911,0.17,0.85,2630,0.18,0.9,30,0.175,0.875,5180,0
SPY190823C297,2019-08-21,2019-08-21 09:32:49,0.18,0.9,1911,0.17,0.85,2630,0.18,0.9,30,0.175,0.875,5180,30
SPY190823C297,2019-08-21,2019-08-21 09:32:50,0.18,0.9,1911,0.17,0.85,2606,0.18,0.9,30,0.175,0.875,5180,0
SPY190823C297,2019-08-21,2019-08-21 09:32:50,0.18,0.9,1911,0.17,0.85,2630,0.18,0.9,30,0.175,0.875,5180,0
SPY190823C297,2019-08-21,2019-08-21 09:32:51,0.18,0.9,1911,0.17,0.85,2035,0.18,0.9,5,0.175,0.875,5185,5
SPY190823C297,2019-08-21,2019-08-21 09:32:51,0.18,0.9,1895,0.17,0.85,2035,0.18,0.9,5,0.175,0.875,5185,0
SPY190823C297,2019-08-21,2019-08-21 09:32:52,0.18,0.9,1911,0.17,0.85,2574,0.18,0.9,1,0.175,0.875,5186,1
SPY190823C297,2019-08-21,2019-08-21 09:32:52,0.18,0.9,1895,0.17,0.85,1597,0.18,0.9,5,0.175,0.875,5185,0
SPY190823C297,2019-08-21,2019-08-21 09:32:53,0.18,0.9,2256,0.17,0.85,3408,0.18,0.9,1,0.175,0.875,5186,0
SPY190823C297,2019-08-21,2019-08-21 09:32:53,0.18,0.9,1911,0.17,0.85,3498,0.18,0.9,1,0.175,0.875,5186,0
SPY190823C297,2019-08-21,2019-08-21 09:32:54,0.18,0.9,2378,0.17,0.85,3060,0.18,0.9,1,0.175,0.875,5186,0
SPY190823C297,2019-08-21,2019-08-21 09:32:54,0.18,0.9,1911,0.17,0.85,3036,0.18,0.9,1,0.175,0.875,5186,0
SPY190823C297,2019-08-21,2019-08-21 09:32:55,0.18,0.9,1895,0.17,0.85,2442,0.18,0.9,1,0.175,0.875,5186,0
SPY190823C297,2019-08-21,2019-08-21 09:32:55,0.18,0.9,2175,0.17,0.85,2466,0.18,0.9,1,0.175,0.875,5186,0
SPY190823C297,2019-08-21,2019-08-21 09:32:56,0.18,0.9,1911,0.17,0.85,2564,0.18,0.9,1,0.175,0.875,5186,0
SPY190823C297,2019-08-21,2019-08-21 09:32:57,0.18,0.9,2255,0.17,0.85,3438,0.18,0.9,1,0.175,0.875,5186,0
SPY190823C297,2019-08-21,2019-08-21 09:32:58,0.18,0.9,2169,0.17,0.85,3438,0.18,0.9,1,0.175,0.875,5186,0
SPY190823C297,2019-08-21,2019-08-21 09:32:59,0.18,0.9,1016,0.17,0.85,3438,0.18,0.9,1,0.175,0.875,5186,0
SPY190823C297,2019-08-21,2019-08-21 09:32:59,0.18,0.9,1016,0.17,0.85,3414,0.18,0.9,1,0.175,0.875,5186,0
SPY190823C297,2019-08-21,2019-08-21 09:33:00,0.18,0.9,1000,0.17,0.85,3438,0.18,0.9,1,0.175,0.875,5186,0
SPY190823C297,2019-08-21,2019-08-21 09:33:00,0.18,0.9,1125,0.17,0.85,2162,0.18,0.9,1,0.175,0.875,5186,0
SPY190823C297,2019-08-21,2019-08-21 09:33:01,0.18,0.9,1637,0.17,0.85,3257,0.18,0.9,1,0.175,0.875,5186,0
SPY190823C297,2019-08-21,2019-08-21 09:33:01,0.18,0.9,899,0.17,0.85,2162,0.18,0.9,1,0.175,0.875,5186,0
SPY190823C297,2019-08-21,2019-08-21 09:33:02,0.18,0.9,2104,0.17,0.85,2555,0.18,0.9,1,0.175,0.875,5186,0
SPY190823C297,2019-08-21,2019-08-21 09:33:02,0.18,0.9,2104,0.17,0.85,2339,0.18,0.9,1,0.175,0.875,5186,0
SPY190823C297,2019-08-21,2019-08-21 09:33:03,0.18,0.9,2270,0.17,0.85,2849,0.18,0.9,1,0.175,0.875,5186,0
SPY190823C297,2019-08-21,2019-08-21 09:33:03,0.18,0.9,2125,0.17,0.85,2283,0.18,0.9,1,0.175,0.875,5186,0
SPY190823C297,2019-08-21,2019-08-21 09:33:04,0.18,0.9,2232,0.17,0.85,755,0.18,0.9,1,0.175,0.875,5186,0
SPY190823C297,2019-08-21,2019-08-21 09:33:04,0.18,0.9,2699,0.17,0.85,978,0.18,0.9,1,0.175,0.875,5186,0
SPY190823C297,2019-08-21,2019-08-21 09:33:05,0.18,0.9,1982,0.17,0.85,2496,0.18,0.9,1,0.175,0.875,5186,0
SPY190823C297,2019-08-21,2019-08-21 09:33:05,0.18,0.9,2232,0.17,0.85,433,0.18,0.9,1,0.175,0.875,5186,0
SPY190823C297,2019-08-21,2019-08-21 09:33:06,0.18,0.9,2635,0.17,0.85,2043,0.18,0.9,1,0.175,0.875,5186,0
SPY190823C297,2019-08-21,2019-08-21 09:33:06,0.18,0.9,1894,0.17,0.85,2496,0.18,0.9,1,0.175,0.875,5186,0
SPY190823C297,2019-08-21,2019-08-21 09:33:07,0.18,0.9,2846,0.17,0.85,2234,0.18,0.9,1,0.175,0.875,5186,0
SPY190823C297,2019-08-21,2019-08-21 09:33:07,0.18,0.9,2846,0.17,0.85,2067,0.18,0.9,1,0.175,0.875,5186,0
SPY190823C297,2019-08-21,2019-08-21 09:33:08,0.18,0.9,2846,0.17,0.85,2616,0.18,0.9,1,0.175,0.875,5186,0
SPY190823C297,2019-08-21,2019-08-21 09:33:09,0.18,0.9,2711,0.17,0.85,2616,0.18,0.9,1,0.175,0.875,5186,0
SPY190823C297,2019-08-21,2019-08-21 09:33:09,0.18,0.9,2846,0.17,0.85,2616,0.18,0.9,1,0.175,0.875,5186,0
SPY190823C297,2019-08-21,2019-08-21 09:33:10,0.18,0.9,2846,0.17,0.85,3593,0.18,0.9,1,0.175,0.875,5186,0
SPY190823C297,2019-08-21,2019-08-21 09:33:10,0.18,0.9,2622,0.17,0.85,3450,0.18,0.9,1,0.175,0.875,5186,0
SPY190823C297,2019-08-21,2019-08-21 09:33:11,0.18,0.9,2846,0.17,0.85,3593,0.18,0.9,1,0.175,0.875,5186,0
SPY190823C297,2019-08-21,2019-08-21 09:33:12,0.18,0.9,2830,0.17,0.85,3593,0.18,0.9,1,0.175,0.875,5186,0
SPY190823C297,2019-08-21,2019-08-21 09:33:12,0.18,0.9,2012,0.17,0.85,3593,0.18,0.9,1,0.175,0.875,5186,0
SPY190823C297,2019-08-21,2019-08-21 09:33:13,0.18,0.9,2012,0.17,0.85,3593,0.18,0.9,1,0.175,0.875,5186,0
SPY190823C297,2019-08-21,2019-08-21 09:33:14,0.18,0.9,2012,0.17,0.85,3900,0.18,0.9,1,0.175,0.875,5186,0
SPY190823C297,2019-08-21,2019-08-21 09:33:14,0.18,0.9,2012,0.17,0.85,4043,0.18,0.9,1,0.175,0.875,5186,0
SPY190823C297,2019-08-21,2019-08-21 09:33:15,0.18,0.9,2012,0.17,0.85,3900,0.18,0.9,1,0.175,0.875,5186,0
SPY190823C297,2019-08-21,2019-08-21 09:33:16,0.18,0.9,1658,0.17,0.85,2374,0.18,0.9,1,0.175,0.875,5186,0
SPY190823C297,2019-08-21,2019-08-21 09:33:16,0.18,0.9,1658,0.17,0.85,2041,0.18,0.9,1,0.175,0.875,5186,0
SPY190823C297,2019-08-21,2019-08-21 09:33:17,0.18,0.9,1579,0.17,0.85,925,0.18,0.9,1,0.175,0.875,5186,0
SPY190823C297,2019-08-21,2019-08-21 09:33:17,0.18,0.9,2846,0.17,0.85,1272,0.18,0.9,1,0.175,0.875,5186,0
SPY190823C297,2019-08-21,2019-08-21 09:33:18,0.18,0.9,2373,0.17,0.85,1521,0.18,0.9,1,0.175,0.875,5186,0
SPY190823C297,2019-08-21,2019-08-21 09:33:18,0.18,0.9,2357,0.17,0.85,2640,0.18,0.9,1,0.175,0.875,5186,0
SPY190823C297,2019-08-21,2019-08-21 09:33:19,0.18,0.9,1943,0.17,0.85,2210,0.18,0.9,1,0.175,0.875,5186,0
SPY190823C297,2019-08-21,2019-08-21 09:33:19,0.18,0.9,2253,0.17,0.85,2421,0.18,0.9,1,0.175,0.875,5186,0
SPY190823C297,2019-08-21,2019-08-21 09:33:20,0.18,0.9,1927,0.17,0.85,2958,0.18,0.9,1,0.175,0.875,5186,0
SPY190823C297,2019-08-21,2019-08-21 09:33:20,0.18,0.9,2253,0.17,0.85,2124,0.18,0.9,1,0.175,0.875,5186,0
SPY190823C297,2019-08-21,2019-08-21 09:33:21,0.18,0.9,2846,0.17,0.85,3443,0.18,0.9,1,0.175,0.875,5186,0
SPY190823C297,2019-08-21,2019-08-21 09:33:21,0.18,0.9,2373,0.17,0.85,3831,0.18,0.9,1,0.175,0.875,5186,0
SPY190823C297,2019-08-21,2019-08-21 09:33:22,0.18,0.9,2638,0.17,0.85,3388,0.18,0.9,1,0.175,0.875,5186,0
SPY190823C297,2019-08-21,2019-08-21 09:33:23,0.18,0.9,2638,0.17,0.85,3388,0.18,0.9,1,0.175,0.875,5186,0
SPY190823C297,2019-08-21,2019-08-21 09:33:23,0.18,0.9,2846,0.17,0.85,3388,0.18,0.9,1,0.175,0.875,5186,0
SPY190823C297,2019-08-21,2019-08-21 09:33:24,0.18,0.9,2846,0.17,0.85,3388,0.18,0.9,1,0.175,0.875,5186,0
SPY190823C297,2019-08-21,2019-08-21 09:33:25,0.18,0.9,2846,0.17,0.85,3405,0.18,0.9,1,0.175,0.875,5186,0
SPY190823C297,2019-08-21,2019-08-21 09:33:25,0.18,0.9,2846,0.17,0.85,2699,0.18,0.9,1,0.175,0.875,5186,0
SPY190823C297,2019-08-21,2019-08-21 09:33:26,0.18,0.9,2846,0.17,0.85,3405,0.18,0.9,1,0.175,0.875,5186,0
SPY190823C297,2019-08-21,2019-08-21 09:33:27,0.18,0.9,2846,0.17,0.85,3405,0.18,0.9,1,0.175,0.875,5186,0
SPY190823C297,2019-08-21,2019-08-21 09:33:27,0.18,0.9,1970,0.17,0.85,1006,0.18,0.9,1,0.175,0.875,5186,0
SPY190823C297,2019-08-21,2019-08-21 09:33:28,0.18,0.9,2131,0.17,0.85,1931,0.18,0.9,1,0.175,0.875,5186,0
SPY190823C297,2019-08-21,2019-08-21 09:33:28,0.18,0.9,2115,0.17,0.85,1212,0.18,0.9,1,0.175,0.875,5186,0
SPY190823C297,2019-08-21,2019-08-21 09:33:29,0.18,0.9,2846,0.17,0.85,2361,0.18,0.9,1,0.175,0.875,5186,0
SPY190823C297,2019-08-21,2019-08-21 09:33:29,0.18,0.9,2131,0.17,0.85,2361,0.18,0.9,1,0.175,0.875,5186,0
SPY190823C297,2019-08-21,2019-08-21 09:33:30,0.18,0.9,2601,0.17,0.85,1690,0.18,0.9,1,0.175,0.875,5186,0
SPY190823C297,2019-08-21,2019-08-21 09:33:30,0.18,0.9,2617,0.17,0.85,1690,0.18,0.9,1,0.175,0.875,5186,0
SPY190823C297,2019-08-21,2019-08-21 09:33:31,0.18,0.9,2846,0.17,0.85,1690,0.18,0.9,1,0.175,0.875,5186,0
SPY190823C297,2019-08-21,2019-08-21 09:33:31,0.18,0.9,3036,0.17,0.85,1962,0.18,0.9,1,0.175,0.875,5186,0
SPY190823C297,2019-08-21,2019-08-21 09:33:32,0.18,0.9,2846,0.17,0.85,1962,0.18,0.9,1,0.175,0.875,5186,0
SPY190823C297,2019-08-21,2019-08-21 09:33:32,0.18,0.9,3036,0.17,0.85,1962,0.18,0.9,1,0.175,0.875,5186,0
SPY190823C297,2019-08-21,2019-08-21 09:33:33,0.18,0.9,2846,0.17,0.85,1962,0.18,0.9,1,0.175,0.875,5186,0
SPY190823C297,2019-08-21,2019-08-21 09:33:34,0.18,0.9,2830,0.17,0.85,1962,0.18,0.9,1,0.175,0.875,5186,0
SPY190823C297,2019-08-21,2019-08-21 09:33:34,0.18,0.9,2846,0.17,0.85,2392,0.18,0.9,1,0.175,0.875,5186,0
SPY190823C297,2019-08-21,2019-08-21 09:33:35,0.18,0.9,2846,0.17,0.85,1269,0.18,0.9,1,0.175,0.875,5186,0
SPY190823C297,2019-08-21,2019-08-21 09:33:35,0.18,0.9,2830,0.17,0.85,1962,0.18,0.9,1,0.175,0.875,5186,0
SPY190823C297,2019-08-21,2019-08-21 09:33:36,0.18,0.9,3680,0.17,0.85,1252,0.18,0.9,1,0.175,0.875,5186,0
SPY190823C297,2019-08-21,2019-08-21 09:33:36,0.18,0.9,2846,0.17,0.85,1269,0.18,0.9,1,0.175,0.875,5186,0
SPY190823C297,2019-08-21,2019-08-21 09:33:37,0.18,0.9,3680,0.17,0.85,1252,0.18,0.9,1,0.175,0.875,5186,0
SPY190823C297,2019-08-21,2019-08-21 09:33:37,0.18,0.9,3680,0.17,0.85,1260,0.18,0.9,1,0.175,0.875,5186,0
SPY190823C297,2019-08-21,2019-08-21 09:33:38,0.18,0.9,3680,0.17,0.85,1680,0.18,0.9,1,0.175,0.875,5186,0
SPY190823C297,2019-08-21,2019-08-21 09:33:39,0.18,0.9,3680,0.17,0.85,1680,0.18,0.9,1,0.175,0.875,5186,0
SPY190823C297,2019-08-21,2019-08-21 09:33:40,0.18,0.9,3680,0.17,0.85,1260,0.17,0.85,3,0.175,0.875,5189,3
SPY190823C297,2019-08-21,2019-08-21 09:33:40,0.18,0.9,3680,0.17,0.85,1260,0.18,0.9,1,0.175,0.875,5186,0
SPY190823C297,2019-08-21,2019-08-21 09:33:41,0.18,0.9,3202,0.17,0.85,623,0.17,0.85,2,0.175,0.875,5191,2
SPY190823C297,2019-08-21,2019-08-21 09:33:41,0.18,0.9,3274,0.17,0.85,973,0.17,0.85,2,0.175,0.875,5194,3
SPY190823C297,2019-08-21,2019-08-21 09:33:42,0.18,0.9,3218,0.17,0.85,487,0.17,0.85,2,0.175,0.875,5194,0
SPY190823C297,2019-08-21,2019-08-21 09:33:42,0.18,0.9,3218,0.17,0.85,973,0.17,0.85,2,0.175,0.875,5194,0
SPY190823C297,2019-08-21,2019-08-21 09:33:43,0.18,0.9,3218,0.17,0.85,925,0.17,0.85,2,0.175,0.875,5194,0
SPY190823C297,2019-08-21,2019-08-21 09:33:43,0.18,0.9,3680,0.17,0.85,1254,0.17,0.85,2,0.175,0.875,5194,0
SPY190823C297,2019-08-21,2019-08-21 09:33:44,0.18,0.9,3680,0.17,0.85,798,0.18,0.9,1,0.175,0.875,5205,1
SPY190823C297,2019-08-21,2019-08-21 09:33:44,0.18,0.9,3664,0.17,0.85,1254,0.17,0.85,10,0.175,0.875,5204,10
SPY190823C297,2019-08-21,2019-08-21 09:33:45,0.18,0.9,3680,0.17,0.85,1672,0.18,0.9,1,0.175,0.875,5205,0
SPY190823C297,2019-08-21,2019-08-21 09:33:46,0.18,0.9,3680,0.17,0.85,816,0.17,0.85,2,0.175,0.875,5207,2
SPY190823C297,2019-08-21,2019-08-21 09:33:46,0.18,0.9,3664,0.17,0.85,1539,0.18,0.9,1,0.175,0.875,5205,0
SPY190823C297,2019-08-21,2019-08-21 09:33:47,0.18,0.9,3561,0.17,0.85,1297,0.17,0.85,2,0.175,0.875,5207,0
SPY190823C297,2019-08-21,2019-08-21 09:33:47,0.18,0.9,3083,0.17,0.85,1297,0.17,0.85,2,0.175,0.875,5207,0
SPY190823C297,2019-08-21,2019-08-21 09:33:48,0.18,0.9,3010,0.17,0.85,1297,0.17,0.85,2,0.175,0.875,5207,0
SPY190823C297,2019-08-21,2019-08-21 09:33:49,0.18,0.9,3534,0.17,0.85,1865,0.17,0.85,2,0.175,0.875,5207,0
SPY190823C297,2019-08-21,2019-08-21 09:33:49,0.18,0.9,3202,0.17,0.85,1297,0.17,0.85,2,0.175,0.875,5207,0
SPY190823C297,2019-08-21,2019-08-21 09:33:50,0.18,0.9,3518,0.17,0.85,1865,0.17,0.85,2,0.175,0.875,5207,0
SPY190823C297,2019-08-21,2019-08-21 09:33:50,0.18,0.9,3056,0.17,0.85,600,0.17,0.85,2,0.175,0.875,5207,0
SPY190823C297,2019-08-21,2019-08-21 09:33:51,0.18,0.9,3534,0.17,0.85,1813,0.17,0.85,2,0.175,0.875,5207,0
SPY190823C297,2019-08-21,2019-08-21 09:33:52,0.18,0.9,3056,0.17,0.85,1403,0.17,0.85,2,0.175,0.875,5207,0
SPY190823C297,2019-08-21,2019-08-21 09:33:52,0.18,0.9,3534,0.17,0.85,1813,0.17,0.85,2,0.175,0.875,5207,0
SPY190823C297,2019-08-21,2019-08-21 09:33:53,0.18,0.9,3207,0.17,0.85,1249,0.17,0.85,2,0.175,0.875,5207,0
SPY190823C297,2019-08-21,2019-08-21 09:33:53,0.18,0.9,3191,0.17,0.85,310,0.17,0.85,2,0.175,0.875,5207,0
SPY190823C297,2019-08-21,2019-08-21 09:33:54,0.18,0.9,3337,0.17,0.85,925,0.17,0.85,2,0.175,0.875,5207,0
SPY190823C297,2019-08-21,2019-08-21 09:33:54,0.18,0.9,2811,0.17,0.85,736,0.17,0.85,2,0.175,0.875,5207,0
SPY190823C297,2019-08-21,2019-08-21 09:33:55,0.18,0.9,3988,0.17,0.85,784,0.17,0.85,2,0.175,0.875,5207,0
SPY190823C297,2019-08-21,2019-08-21 09:33:55,0.18,0.9,3515,0.17,0.85,736,0.17,0.85,2,0.175,0.875,5207,0
SPY190823C297,2019-08-21,2019-08-21 09:33:56,0.18,0.9,3515,0.17,0.85,736,0.17,0.85,2,0.175,0.875,5207,0
SPY190823C297,2019-08-21,2019-08-21 09:33:57,0.17,0.85,1805,0.16,0.8,1645,0.17,0.85,2,0.165,0.825,5207,0
SPY190823C297,2019-08-21,2019-08-21 09:33:57,0.17,0.85,2737,0.16,0.8,3012,0.17,0.85,2,0.165,0.825,5207,0
SPY190823C297,2019-08-21,2019-08-21 09:33:58,0.17,0.85,2900,0.16,0.8,3008,0.17,0.85,1,0.165,0.825,5208,0
SPY190823C297,2019-08-21,2019-08-21 09:33:58,0.17,0.85,2454,0.16,0.8,3380,0.17,0.85,1,0.165,0.825,5208,1
SPY190823C297,2019-08-21,2019-08-21 09:33:59,0.17,0.85,2916,0.16,0.8,3008,0.17,0.85,1,0.165,0.825,5208,0
SPY190823C297,2019-08-21,2019-08-21 09:33:59,0.17,0.85,2040,0.16,0.8,787,0.17,0.85,1,0.165,0.825,5208,0
SPY190823C297,2019-08-21,2019-08-21 09:34:00,0.17,0.85,2476,0.16,0.8,1986,0.17,0.85,1,0.165,0.825,5208,0
SPY190823C297,2019-08-21,2019-08-21 09:34:00,0.17,0.85,2067,0.16,0.8,1470,0.17,0.85,1,0.165,0.825,5208,0
SPY190823C297,2019-08-21,2019-08-21 09:34:01,0.17,0.85,2954,0.16,0.8,2850,0.17,0.85,1,0.165,0.825,5208,0
SPY190823C297,2019-08-21,2019-08-21 09:34:01,0.17,0.85,3664,0.16,0.8,2949,0.17,0.85,1,0.165,0.825,5208,0
SPY190823C297,2019-08-21,2019-08-21 09:34:02,0.17,0.85,3648,0.16,0.8,2134,0.17,0.85,1,0.165,0.825,5208,0
SPY190823C297,2019-08-21,2019-08-21 09:34:02,0.17,0.85,3664,0.16,0.8,2134,0.17,0.85,1,0.165,0.825,5208,0
SPY190823C297,2019-08-21,2019-08-21 09:34:03,0.17,0.85,3664,0.16,0.8,2820,0.17,0.85,1,0.165,0.825,5208,0
SPY190823C297,2019-08-21,2019-08-21 09:34:03,0.17,0.85,3680,0.16,0.8,1513,0.17,0.85,1,0.165,0.825,5208,0
SPY190823C297,2019-08-21,2019-08-21 09:34:04,0.17,0.85,3493,0.16,0.8,748,0.16,0.8,1,0.165,0.825,5217,9
SPY190823C297,2019-08-21,2019-08-21 09:34:04,0.17,0.85,3493,0.16,0.8,748,0.16,0.8,1,0.165,0.825,5217,0
SPY190823C297,2019-08-21,2019-08-21 09:34:05,0.17,0.85,3493,0.16,0.8,256,0.16,0.8,1,0.165,0.825,5218,1
SPY190823C297,2019-08-21,2019-08-21 09:34:05,0.17,0.85,3572,0.16,0.8,750,0.16,0.8,1,0.165,0.825,5218,0
SPY190823C297,2019-08-21,2019-08-21 09:34:06,0.17,0.85,3272,0.16,0.8,256,0.16,0.8,1,0.165,0.825,5219,1
SPY190823C297,2019-08-21,2019-08-21 09:34:06,0.17,0.85,3718,0.16,0.8,341,0.16,0.8,1,0.165,0.825,5218,0
SPY190823C297,2019-08-21,2019-08-21 09:34:07,0.17,0.85,3664,0.16,0.8,255,0.16,0.8,1,0.165,0.825,5219,0
SPY190823C297,2019-08-21,2019-08-21 09:34:07,0.17,0.85,3680,0.16,0.8,255,0.16,0.8,1,0.165,0.825,5219,0
SPY190823C297,2019-08-21,2019-08-21 09:34:08,0.17,0.85,3664,0.16,0.8,287,0.16,0.8,1,0.165,0.825,5222,0
SPY190823C297,2019-08-21,2019-08-21 09:34:08,0.17,0.85,3664,0.16,0.8,287,0.16,0.8,1,0.165,0.825,5222,3
SPY190823C297,2019-08-21,2019-08-21 09:34:09,0.17,0.85,3218,0.16,0.8,287,0.16,0.8,1,0.165,0.825,5222,0
SPY190823C297,2019-08-21,2019-08-21 09:34:10,0.17,0.85,3393,0.16,0.8,346,0.16,0.8,1,0.165,0.825,5222,0
SPY190823C297,2019-08-21,2019-08-21 09:34:10,0.17,0.85,3218,0.16,0.8,324,0.16,0.8,1,0.165,0.825,5222,0
SPY190823C297,2019-08-21,2019-08-21 09:34:11,0.17,0.85,2904,0.16,0.8,706,0.16,0.8,1,0.165,0.825,5222,0
SPY190823C297,2019-08-21,2019-08-21 09:34:11,0.17,0.85,3855,0.16,0.8,346,0.16,0.8,1,0.165,0.825,5222,0
SPY190823C297,2019-08-21,2019-08-21 09:34:12,0.17,0.85,2014,0.16,0.8,576,0.16,0.8,1,0.165,0.825,5222,0
SPY190823C297,2019-08-21,2019-08-21 09:34:12,0.17,0.85,2503,0.16,0.8,349,0.16,0.8,1,0.165,0.825,5222,0
SPY190823C297,2019-08-21,2019-08-21 09:34:13,0.17,0.85,2965,0.16,0.8,349,0.16,0.8,1,0.165,0.825,5222,0
SPY190823C297,2019-08-21,2019-08-21 09:34:14,0.17,0.85,3680,0.16,0.8,349,0.16,0.8,1,0.165,0.825,5222,0
SPY190823C297,2019-08-21,2019-08-21 09:34:15,0.17,0.85,3768,0.16,0.8,1213,0.16,0.8,1,0.165,0.825,5222,0
SPY190823C297,2019-08-21,2019-08-21 09:34:15,0.17,0.85,3768,0.16,0.8,863,0.16,0.8,1,0.165,0.825,5222,0
SPY190823C297,2019-08-21,2019-08-21 09:34:16,0.17,0.85,3679,0.16,0.8,563,0.16,0.8,1,0.165,0.825,5222,0
SPY190823C297,2019-08-21,2019-08-21 09:34:16,0.17,0.85,3343,0.16,0.8,732,0.16,0.8,1,0.165,0.825,5222,0
SPY190823C297,2019-08-21,2019-08-21 09:34:17,0.17,0.85,3207,0.16,0.8,1986,0.16,0.8,1,0.165,0.825,5222,0
SPY190823C297,2019-08-21,2019-08-21 09:34:17,0.17,0.85,2729,0.16,0.8,1986,0.16,0.8,1,0.165,0.825,5222,0
SPY190823C297,2019-08-21,2019-08-21 09:34:18,0.17,0.85,3207,0.16,0.8,2068,0.16,0.8,1,0.165,0.825,5222,0
SPY190823C297,2019-08-21,2019-08-21 09:34:18,0.17,0.85,3664,0.16,0.8,2068,0.16,0.8,1,0.165,0.825,5222,0
SPY190823C297,2019-08-21,2019-08-21 09:34:19,0.17,0.85,1999,0.16,0.8,2255,0.16,0.8,1,0.165,0.825,5222,0
SPY190823C297,2019-08-21,2019-08-21 09:34:20,0.17,0.85,750,0.16,0.8,2347,0.16,0.8,1,0.165,0.825,5222,0
SPY190823C297,2019-08-21,2019-08-21 09:34:20,0.17,0.85,1055,0.16,0.8,3356,0.16,0.8,1,0.165,0.825,5222,0
SPY190823C297,2019-08-21,2019-08-21 09:34:21,0.17,0.85,345,0.16,0.8,3655,0.16,0.8,1,0.165,0.825,5222,0
SPY190823C297,2019-08-21,2019-08-21 09:34:21,0.17,0.85,345,0.16,0.8,3657,0.16,0.8,1,0.165,0.825,5222,0
SPY190823C297,2019-08-21,2019-08-21 09:34:22,0.17,0.85,575,0.16,0.8,4687,0.16,0.8,1,0.165,0.825,5222,0
SPY190823C297,2019-08-21,2019-08-21 09:34:23,0.17,0.85,1096,0.16,0.8,4639,0.16,0.8,1,0.165,0.825,5222,0
SPY190823C297,2019-08-21,2019-08-21 09:34:23,0.17,0.85,1096,0.16,0.8,4687,0.16,0.8,1,0.165,0.825,5222,0
SPY190823C297,2019-08-21,2019-08-21 09:34:24,0.17,0.85,1869,0.16,0.8,3889,0.16,0.8,1,0.165,0.825,5222,0
SPY190823C297,2019-08-21,2019-08-21 09:34:24,0.17,0.85,1630,0.16,0.8,2160,0.16,0.8,1,0.165,0.825,5222,0
SPY190823C297,2019-08-21,2019-08-21 09:34:25,0.17,0.85,812,0.16,0.8,1818,0.16,0.8,1,0.165,0.825,5222,0
SPY190823C297,2019-08-21,2019-08-21 09:34:25,0.17,0.85,812,0.16,0.8,1334,0.16,0.8,1,0.165,0.825,5222,0
SPY190823C297,2019-08-21,2019-08-21 09:34:26,0.17,0.85,2110,0.16,0.8,2968,0.16,0.8,1,0.165,0.825,5222,0
SPY190823C297,2019-08-21,2019-08-21 09:34:26,0.17,0.85,2110,0.16,0.8,2267,0.16,0.8,1,0.165,0.825,5222,0
SPY190823C297,2019-08-21,2019-08-21 09:34:27,0.17,0.85,2167,0.16,0.8,2267,0.16,0.8,1,0.165,0.825,5222,0
SPY190823C297,2019-08-21,2019-08-21 09:34:27,0.17,0.85,2110,0.16,0.8,2267,0.16,0.8,1,0.165,0.825,5222,0
SPY190823C297,2019-08-21,2019-08-21 09:34:28,0.17,0.85,2167,0.16,0.8,2594,0.16,0.8,1,0.165,0.825,5222,0
SPY190823C297,2019-08-21,2019-08-21 09:34:28,0.17,0.85,2131,0.16,0.8,3072,0.16,0.8,1,0.165,0.825,5222,0
SPY190823C297,2019-08-21,2019-08-21 09:34:29,0.17,0.85,2131,0.16,0.8,3477,0.16,0.8,1,0.165,0.825,5222,0
SPY190823C297,2019-08-21,2019-08-21 09:34:29,0.17,0.85,2115,0.16,0.8,2296,0.16,0.8,1,0.165,0.825,5222,0
SPY190823C297,2019-08-21,2019-08-21 09:34:30,0.17,0.85,1664,0.16,0.8,3538,0.16,0.8,1,0.165,0.825,5222,0
SPY190823C297,2019-08-21,2019-08-21 09:34:30,0.17,0.85,2115,0.16,0.8,2576,0.16,0.8,1,0.165,0.825,5222,0
SPY190823C297,2019-08-21,2019-08-21 09:34:31,0.17,0.85,2009,0.16,0.8,3538,0.16,0.8,1,0.165,0.825,5222,0
SPY190823C297,2019-08-21,2019-08-21 09:34:31,0.17,0.85,1981,0.16,0.8,3538,0.16,0.8,1,0.165,0.825,5222,0
SPY190823C297,2019-08-21,2019-08-21 09:34:32,0.17,0.85,2021,0.16,0.8,3170,0.16,0.8,1,0.165,0.825,5222,0
SPY190823C297,2019-08-21,2019-08-21 09:34:32,0.17,0.85,1815,0.16,0.8,3170,0.16,0.8,1,0.165,0.825,5222,0
SPY190823C297,2019-08-21,2019-08-21 09:34:33,0.17,0.85,2114,0.16,0.8,3170,0.16,0.8,1,0.165,0.825,5222,0
SPY190823C297,2019-08-21,2019-08-21 09:34:33,0.17,0.85,2098,0.16,0.8,3421,0.16,0.8,1,0.165,0.825,5222,0
SPY190823C297,2019-08-21,2019-08-21 09:34:34,0.17,0.85,2110,0.16,0.8,3431,0.16,0.8,1,0.165,0.825,5222,0
SPY190823C297,2019-08-21,2019-08-21 09:34:34,0.17,0.85,2098,0.16,0.8,2138,0.16,0.8,1,0.165,0.825,5222,0
SPY190823C297,2019-08-21,2019-08-21 09:34:35,0.17,0.85,2110,0.16,0.8,3431,0.16,0.8,1,0.165,0.825,5222,0
SPY190823C297,2019-08-21,2019-08-21 09:34:35,0.17,0.85,2110,0.16,0.8,3170,0.16,0.8,1,0.165,0.825,5222,0
SPY190823C297,2019-08-21,2019-08-21 09:34:36,0.17,0.85,2110,0.16,0.8,3170,0.16,0.8,1,0.165,0.825,5222,0
SPY190823C297,2019-08-21,2019-08-21 09:34:37,0.17,0.85,1621,0.16,0.8,1453,0.16,0.8,1,0.165,0.825,5222,0
SPY190823C297,2019-08-21,2019-08-21 09:34:38,0.17,0.85,1630,0.16,0.8,2846,0.16,0.8,1,0.165,0.825,5222,0
SPY190823C297,2019-08-21,2019-08-21 09:34:38,0.17,0.85,2108,0.16,0.8,3713,0.16,0.8,7,0.165,0.825,5229,7
SPY190823C297,2019-08-21,2019-08-21 09:34:39,0.17,0.85,1857,0.16,0.8,2267,0.16,0.8,7,0.165,0.825,5229,0
SPY190823C297,2019-08-21,2019-08-21 09:34:39,0.17,0.85,2108,0.16,0.8,3713,0.16,0.8,7,0.165,0.825,5229,0
SPY190823C297,2019-08-21,2019-08-21 09:34:40,0.17,0.85,2083,0.16,0.8,3092,0.16,0.8,7,0.165,0.825,5229,0
SPY190823C297,2019-08-21,2019-08-21 09:34:40,0.17,0.85,2083,0.16,0.8,2424,0.16,0.8,7,0.165,0.825,5229,0
SPY190823C297,2019-08-21,2019-08-21 09:34:41,0.17,0.85,1918,0.16,0.8,2424,0.16,0.8,7,0.165,0.825,5229,0
SPY190823C297,2019-08-21,2019-08-21 09:34:41,0.17,0.85,2067,0.16,0.8,2424,0.16,0.8,7,0.165,0.825,5229,0
SPY190823C297,2019-08-21,2019-08-21 09:34:42,0.17,0.85,1815,0.16,0.8,2485,0.16,0.8,7,0.165,0.825,5229,0
SPY190823C297,2019-08-21,2019-08-21 09:34:42,0.17,0.85,1918,0.16,0.8,2485,0.16,0.8,7,0.165,0.825,5229,0
SPY190823C297,2019-08-21,2019-08-21 09:34:43,0.17,0.85,2108,0.16,0.8,2485,0.16,0.8,7,0.165,0.825,5229,0
SPY190823C297,2019-08-21,2019-08-21 09:34:44,0.17,0.85,2174,0.16,0.8,1432,0.16,0.8,1,0.165,0.825,5232,0
SPY190823C297,2019-08-21,2019-08-21 09:34:44,0.17,0.85,2174,0.16,0.8,1432,0.16,0.8,1,0.165,0.825,5232,3
SPY190823C297,2019-08-21,2019-08-21 09:34:45,0.17,0.85,2773,0.16,0.8,1432,0.16,0.8,1,0.165,0.825,5232,0
SPY190823C297,2019-08-21,2019-08-21 09:34:46,0.17,0.85,2327,0.16,0.8,970,0.16,0.8,1,0.165,0.825,5232,0
SPY190823C297,2019-08-21,2019-08-21 09:34:46,0.17,0.85,2773,0.16,0.8,970,0.16,0.8,1,0.165,0.825,5232,0
SPY190823C297,2019-08-21,2019-08-21 09:34:47,0.17,0.85,2757,0.16,0.8,970,0.16,0.8,1,0.165,0.825,5232,0
SPY190823C297,2019-08-21,2019-08-21 09:34:47,0.17,0.85,2773,0.16,0.8,1694,0.16,0.8,1,0.165,0.825,5232,0
SPY190823C297,2019-08-21,2019-08-21 09:34:48,0.17,0.85,3488,0.16,0.8,1018,0.16,0.8,1,0.165,0.825,5232,0
SPY190823C297,2019-08-21,2019-08-21 09:34:48,0.17,0.85,3488,0.16,0.8,1763,0.16,0.8,1,0.165,0.825,5232,0
SPY190823C297,2019-08-21,2019-08-21 09:34:49,0.17,0.85,3488,0.16,0.8,1763,0.16,0.8,1,0.165,0.825,5232,0
SPY190823C297,2019-08-21,2019-08-21 09:34:50,0.17,0.85,3472,0.16,0.8,1763,0.16,0.8,1,0.165,0.825,5232,0
SPY190823C297,2019-08-21,2019-08-21 09:34:50,0.17,0.85,3488,0.16,0.8,1763,0.16,0.8,1,0.165,0.825,5232,0
SPY190823C297,2019-08-21,2019-08-21 09:34:51,0.17,0.85,3472,0.16,0.8,1763,0.16,0.8,1,0.165,0.825,5232,0
SPY190823C297,2019-08-21,2019-08-21 09:34:51,0.17,0.85,3488,0.16,0.8,1763,0.16,0.8,1,0.165,0.825,5232,0
SPY190823C297,2019-08-21,2019-08-21 09:34:52,0.17,0.85,3339,0.16,0.8,1763,0.16,0.8,1,0.165,0.825,5232,0
SPY190823C297,2019-08-21,2019-08-21 09:34:52,0.17,0.85,3488,0.16,0.8,1763,0.16,0.8,1,0.165,0.825,5232,0
SPY190823C297,2019-08-21,2019-08-21 09:34:53,0.17,0.85,3339,0.16,0.8,1763,0.16,0.8,1,0.165,0.825,5232,0
SPY190823C297,2019-08-21,2019-08-21 09:34:54,0.17,0.85,2724,0.16,0.8,1875,0.16,0.8,1,0.165,0.825,5232,0
SPY190823C297,2019-08-21,2019-08-21 09:34:54,0.17,0.85,1658,0.16,0.8,2325,0.16,0.8,1,0.165,0.825,5232,0
SPY190823C297,2019-08-21,2019-08-21 09:34:55,0.17,0.85,1642,0.16,0.8,2373,0.16,0.8,1,0.165,0.825,5232,0
SPY190823C297,2019-08-21,2019-08-21 09:34:55,0.17,0.85,1819,0.16,0.8,2373,0.16,0.8,1,0.165,0.825,5232,0
SPY190823C297,2019-08-21,2019-08-21 09:34:56,0.17,0.85,2131,0.16,0.8,2373,0.16,0.8,1,0.165,0.825,5232,0
SPY190823C297,2019-08-21,2019-08-21 09:34:57,0.17,0.85,2131,0.16,0.8,2373,0.16,0.8,1,0.165,0.825,5232,0
SPY190823C297,2019-08-21,2019-08-21 09:34:58,0.17,0.85,2012,0.16,0.8,2432,0.16,0.8,1,0.165,0.825,5232,0
SPY190823C297,2019-08-21,2019-08-21 09:34:59,0.17,0.85,1996,0.16,0.8,2570,0.16,0.8,1,0.165,0.825,5232,0
SPY190823C297,2019-08-21,2019-08-21 09:34:59,0.17,0.85,2012,0.16,0.8,2570,0.16,0.8,1,0.165,0.825,5232,0
SPY190823C297,2019-08-21,2019-08-21 09:35:00,0.17,0.85,1366,0.16,0.8,2926,0.16,0.8,1,0.165,0.825,5232,0
SPY190823C297,2019-08-21,2019-08-21 09:35:00,0.17,0.85,2128,0.16,0.8,2926,0.16,0.8,1,0.165,0.825,5232,0
SPY190823C297,2019-08-21,2019-08-21 09:35:01,0.17,0.85,2112,0.16,0.8,1833,0.16,0.8,1,0.165,0.825,5232,0
SPY190823C297,2019-08-21,2019-08-21 09:35:01,0.17,0.85,1805,0.16,0.8,3574,0.16,0.8,1,0.165,0.825,5232,0
SPY190823C297,2019-08-21,2019-08-21 09:35:02,0.17,0.85,2036,0.16,0.8,3574,0.16,0.8,1,0.165,0.825,5232,0
SPY190823C297,2019-08-21,2019-08-21 09:35:02,0.17,0.85,1805,0.16,0.8,3574,0.16,0.8,1,0.165,0.825,5232,0
SPY190823C297,2019-08-21,2019-08-21 09:35:03,0.17,0.85,1859,0.16,0.8,3574,0.16,0.8,1,0.165,0.825,5233,0
SPY190823C297,2019-08-21,2019-08-21 09:35:03,0.17,0.85,2036,0.16,0.8,3574,0.16,0.8,1,0.165,0.825,5233,1
SPY190823C297,2019-08-21,2019-08-21 09:35:04,0.17,0.85,1821,0.16,0.8,2155,0.16,0.8,1,0.165,0.825,5233,0
SPY190823C297,2019-08-21,2019-08-21 09:35:04,0.17,0.85,2051,0.16,0.8,3574,0.16,0.8,1,0.165,0.825,5233,0
SPY190823C297,2019-08-21,2019-08-21 09:35:05,0.17,0.85,1648,0.16,0.8,3112,0.16,0.8,1,0.165,0.825,5233,0
SPY190823C297,2019-08-21,2019-08-21 09:35:05,0.17,0.85,2051,0.16,0.8,3574,0.16,0.8,1,0.165,0.825,5233,0
SPY190823C297,2019-08-21,2019-08-21 09:35:06,0.17,0.85,1855,0.16,0.8,834,0.16,0.8,1,0.165,0.825,5233,0
SPY190823C297,2019-08-21,2019-08-21 09:35:06,0.17,0.85,1626,0.16,0.8,834,0.16,0.8,1,0.165,0.825,5233,0
SPY190823C297,2019-08-21,2019-08-21 09:35:07,0.17,0.85,2107,0.16,0.8,1828,0.16,0.8,1,0.165,0.825,5233,0
SPY190823C297,2019-08-21,2019-08-21 09:35:07,0.17,0.85,1666,0.16,0.8,1386,0.16,0.8,1,0.165,0.825,5233,0
SPY190823C297,2019-08-21,2019-08-21 09:35:08,0.17,0.85,1971,0.16,0.8,1463,0.16,0.8,1,0.165,0.825,5233,0
SPY190823C297,2019-08-21,2019-08-21 09:35:09,0.17,0.85,1971,0.16,0.8,1463,0.16,0.8,1,0.165,0.825,5233,0
SPY190823C297,2019-08-21,2019-08-21 09:35:09,0.17,0.85,2128,0.16,0.8,1925,0.16,0.8,1,0.165,0.825,5233,0
SPY190823C297,2019-08-21,2019-08-21 09:35:10,0.17,0.85,2164,0.16,0.8,941,0.16,0.8,1,0.165,0.825,5233,0
SPY190823C297,2019-08-21,2019-08-21 09:35:10,0.17,0.85,3460,0.16,0.8,1181,0.16,0.8,1,0.165,0.825,5233,0
SPY190823C297,2019-08-21,2019-08-21 09:35:11,0.17,0.85,4175,0.16,0.8,664,0.16,0.8,1,0.165,0.825,5233,0
SPY190823C297,2019-08-21,2019-08-21 09:35:11,0.17,0.85,3460,0.16,0.8,1181,0.16,0.8,1,0.165,0.825,5233,0
SPY190823C297,2019-08-21,2019-08-21 09:35:12,0.17,0.85,3713,0.16,0.8,459,0.16,0.8,1,0.165,0.825,5233,0
SPY190823C297,2019-08-21,2019-08-21 09:35:12,0.17,0.85,4175,0.16,0.8,664,0.16,0.8,1,0.165,0.825,5233,0
SPY190823C297,2019-08-21,2019-08-21 09:35:13,0.17,0.85,5818,0.16,0.8,346,0.16,0.8,1,0.165,0.825,5249,16
SPY190823C297,2019-08-21,2019-08-21 09:35:13,0.17,0.85,5818,0.16,0.8,346,0.16,0.8,1,0.165,0.825,5249,0
SPY190823C297,2019-08-21,2019-08-21 09:35:14,0.17,0.85,5818,0.16,0.8,389,0.16,0.8,1,0.165,0.825,5249,0
SPY190823C297,2019-08-21,2019-08-21 09:35:14,0.17,0.85,5818,0.16,0.8,346,0.16,0.8,1,0.165,0.825,5249,0
SPY190823C297,2019-08-21,2019-08-21 09:35:15,0.17,0.85,3207,0.16,0.8,1547,0.16,0.8,1,0.165,0.825,5249,0
SPY190823C297,2019-08-21,2019-08-21 09:35:15,0.17,0.85,2373,0.16,0.8,1547,0.16,0.8,1,0.165,0.825,5249,0
SPY190823C297,2019-08-21,2019-08-21 09:35:16,0.17,0.85,3355,0.16,0.8,556,0.16,0.8,1,0.165,0.825,5249,0
SPY190823C297,2019-08-21,2019-08-21 09:35:16,0.17,0.85,1911,0.16,0.8,797,0.16,0.8,1,0.165,0.825,5249,0
SPY190823C297,2019-08-21,2019-08-21 09:35:17,0.17,0.85,3355,0.16,0.8,741,0.16,0.8,1,0.165,0.825,5249,0
SPY190823C297,2019-08-21,2019-08-21 09:35:17,0.17,0.85,4175,0.16,0.8,858,0.16,0.8,1,0.165,0.825,5249,0
SPY190823C297,2019-08-21,2019-08-21 09:35:18,0.17,0.85,2373,0.16,0.8,1522,0.16,0.8,1,0.165,0.825,5249,0
SPY190823C297,2019-08-21,2019-08-21 09:35:18,0.17,0.85,2843,0.16,0.8,1522,0.16,0.8,1,0.165,0.825,5249,0
SPY190823C297,2019-08-21,2019-08-21 09:35:19,0.17,0.85,2843,0.16,0.8,1968,0.16,0.8,1,0.165,0.825,5249,0
SPY190823C297,2019-08-21,2019-08-21 09:35:19,0.17,0.85,2365,0.16,0.8,1921,0.16,0.8,1,0.165,0.825,5249,0
SPY190823C297,2019-08-21,2019-08-21 09:35:20,0.17,0.85,2843,0.16,0.8,1968,0.16,0.8,1,0.165,0.825,5249,0
SPY190823C297,2019-08-21,2019-08-21 09:35:20,0.17,0.85,2373,0.16,0.8,1409,0.16,0.8,1,0.165,0.825,5249,0
SPY190823C297,2019-08-21,2019-08-21 09:35:21,0.17,0.85,2373,0.16,0.8,3371,0.16,0.8,1,0.165,0.825,5249,0
SPY190823C297,2019-08-21,2019-08-21 09:35:21,0.17,0.85,1999,0.16,0.8,2683,0.16,0.8,1,0.165,0.825,5249,0
SPY190823C297,2019-08-21,2019-08-21 09:35:22,0.17,0.85,2077,0.16,0.8,2683,0.16,0.8,1,0.165,0.825,5249,0
SPY190823C297,2019-08-21,2019-08-21 09:35:22,0.17,0.85,2507,0.16,0.8,3802,0.16,0.8,1,0.165,0.825,5249,0
SPY190823C297,2019-08-21,2019-08-21 09:35:23,0.17,0.85,2507,0.16,0.8,3802,0.16,0.8,1,0.165,0.825,5249,0
SPY190823C297,2019-08-21,2019-08-21 09:35:23,0.17,0.85,2155,0.16,0.8,3802,0.16,0.8,1,0.165,0.825,5249,0
SPY190823C297,2019-08-21,2019-08-21 09:35:24,0.17,0.85,2625,0.16,0.8,3802,0.16,0.8,1,0.165,0.825,5249,0
SPY190823C297,2019-08-21,2019-08-21 09:35:25,0.17,0.85,3024,0.16,0.8,3113,0.16,0.8,1,0.165,0.825,5249,0
SPY190823C297,2019-08-21,2019-08-21 09:35:25,0.17,0.85,2609,0.16,0.8,3548,0.16,0.8,1,0.165,0.825,5249,0
SPY190823C297,2019-08-21,2019-08-21 09:35:26,0.17,0.85,2155,0.16,0.8,4511,0.16,0.8,1,0.165,0.825,5249,0
SPY190823C297,2019-08-21,2019-08-21 09:35:26,0.17,0.85,2155,0.16,0.8,4520,0.16,0.8,1,0.165,0.825,5249,0
SPY190823C297,2019-08-21,2019-08-21 09:35:27,0.17,0.85,2155,0.16,0.8,4520,0.16,0.8,1,0.165,0.825,5249,0
SPY190823C297,2019-08-21,2019-08-21 09:35:27,0.17,0.85,2155,0.16,0.8,4747,0.16,0.8,1,0.165,0.825,5249,0
SPY190823C297,2019-08-21,2019-08-21 09:35:28,0.17,0.85,1927,0.16,0.8,4747,0.16,0.8,1,0.165,0.825,5249,0
SPY190823C297,2019-08-21,2019-08-21 09:35:28,0.17,0.85,1817,0.16,0.8,4747,0.16,0.8,1,0.165,0.825,5249,0
SPY190823C297,2019-08-21,2019-08-21 09:35:29,0.17,0.85,1911,0.16,0.8,4750,0.16,0.8,1,0.165,0.825,5249,0
SPY190823C297,2019-08-21,2019-08-21 09:35:29,0.17,0.85,1002,0.16,0.8,4767,0.16,0.8,1,0.165,0.825,5249,0
SPY190823C297,2019-08-21,2019-08-21 09:35:30,0.17,0.85,1016,0.16,0.8,4874,0.16,0.8,1,0.165,0.825,5249,0
SPY190823C297,2019-08-21,2019-08-21 09:35:30,0.17,0.85,1016,0.16,0.8,4741,0.16,0.8,1,0.165,0.825,5249,0
SPY190823C297,2019-08-21,2019-08-21 09:35:31,0.17,0.85,1016,0.16,0.8,4626,0.16,0.8,1,0.165,0.825,5249,0
SPY190823C297,2019-08-21,2019-08-21 09:35:32,0.17,0.85,85,0.16,0.8,3537,0.16,0.8,1,0.165,0.825,5249,0
SPY190823C297,2019-08-21,2019-08-21 09:35:32,0.17,0.85,1016,0.16,0.8,3142,0.16,0.8,1,0.165,0.825,5249,0
SPY190823C297,2019-08-21,2019-08-21 09:35:33,0.17,0.85,85,0.16,0.8,4550,0.16,0.8,1,0.165,0.825,5249,0
SPY190823C297,2019-08-21,2019-08-21 09:35:34,0.17,0.85,85,0.16,0.8,4657,0.16,0.8,1,0.165,0.825,5249,0
SPY190823C297,2019-08-21,2019-08-21 09:35:34,0.17,0.85,85,0.16,0.8,3430,0.16,0.8,1,0.165,0.825,5249,0
SPY190823C297,2019-08-21,2019-08-21 09:35:35,0.17,0.85,85,0.16,0.8,4657,0.16,0.8,1,0.165,0.825,5249,0
SPY190823C297,2019-08-21,2019-08-21 09:35:35,0.17,0.85,85,0.16,0.8,4195,0.16,0.8,1,0.165,0.825,5249,0
SPY190823C297,2019-08-21,2019-08-21 09:35:36,0.17,0.85,85,0.16,0.8,5736,0.16,0.8,1,0.165,0.825,5249,0
SPY190823C297,2019-08-21,2019-08-21 09:35:36,0.17,0.85,85,0.16,0.8,5629,0.16,0.8,1,0.165,0.825,5249,0
SPY190823C297,2019-08-21,2019-08-21 09:35:37,0.17,0.85,103,0.16,0.8,5162,0.16,0.8,1,0.165,0.825,5249,0
SPY190823C297,2019-08-21,2019-08-21 09:35:37,0.17,0.85,85,0.16,0.8,5624,0.16,0.8,1,0.165,0.825,5249,0
SPY190823C297,2019-08-21,2019-08-21 09:35:38,0.17,0.85,85,0.16,0.8,4550,0.16,0.8,1,0.165,0.825,5249,0
SPY190823C297,2019-08-21,2019-08-21 09:35:38,0.17,0.85,85,0.16,0.8,5736,0.16,0.8,1,0.165,0.825,5249,0
SPY190823C297,2019-08-21,2019-08-21 09:35:39,0.17,0.85,168,0.16,0.8,4958,0.16,0.8,1,0.165,0.825,5249,0
SPY190823C297,2019-08-21,2019-08-21 09:35:39,0.17,0.85,173,0.16,0.8,4550,0.16,0.8,1,0.165,0.825,5249,0
SPY190823C297,2019-08-21,2019-08-21 09:35:40,0.17,0.85,103,0.16,0.8,4958,0.16,0.8,1,0.165,0.825,5249,0
SPY190823C297,2019-08-21,2019-08-21 09:35:41,0.17,0.85,85,0.16,0.8,5069,0.16,0.8,1,0.165,0.825,5249,0
SPY190823C297,2019-08-21,2019-08-21 09:35:41,0.17,0.85,85,0.16,0.8,4387,0.16,0.8,1,0.165,0.825,5249,0
SPY190823C297,2019-08-21,2019-08-21 09:35:42,0.17,0.85,85,0.16,0.8,6041,0.16,0.8,1,0.165,0.825,5249,0
SPY190823C297,2019-08-21,2019-08-21 09:35:42,0.17,0.85,85,0.16,0.8,5929,0.16,0.8,1,0.165,0.825,5249,0
SPY190823C297,2019-08-21,2019-08-21 09:35:43,0.17,0.85,85,0.16,0.8,6175,0.16,0.8,1,0.165,0.825,5249,0
SPY190823C297,2019-08-21,2019-08-21 09:35:43,0.17,0.85,85,0.16,0.8,6002,0.16,0.8,1,0.165,0.825,5249,0
SPY190823C297,2019-08-21,2019-08-21 09:35:44,0.17,0.85,85,0.16,0.8,5659,0.16,0.8,1,0.165,0.825,5249,0
SPY190823C297,2019-08-21,2019-08-21 09:35:44,0.17,0.85,85,0.16,0.8,5415,0.16,0.8,1,0.165,0.825,5249,0
SPY190823C297,2019-08-21,2019-08-21 09:35:45,0.17,0.85,180,0.16,0.8,5523,0.16,0.8,1,0.165,0.825,5249,0
SPY190823C297,2019-08-21,2019-08-21 09:35:45,0.17,0.85,1610,0.16,0.8,5518,0.16,0.8,1,0.165,0.825,5249,0
SPY190823C297,2019-08-21,2019-08-21 09:35:46,0.17,0.85,1610,0.16,0.8,5404,0.16,0.8,1,0.165,0.825,5249,0
SPY190823C297,2019-08-21,2019-08-21 09:35:46,0.17,0.85,199,0.16,0.8,5404,0.16,0.8,1,0.165,0.825,5249,0
SPY190823C297,2019-08-21,2019-08-21 09:35:47,0.17,0.85,1916,0.16,0.8,5061,0.16,0.8,1,0.165,0.825,5249,0
SPY190823C297,2019-08-21,2019-08-21 09:35:47,0.17,0.85,1663,0.16,0.8,5061,0.16,0.8,1,0.165,0.825,5249,0
SPY190823C297,2019-08-21,2019-08-21 09:35:48,0.17,0.85,1915,0.16,0.8,5061,0.16,0.8,1,0.165,0.825,5249,0
SPY190823C297,2019-08-21,2019-08-21 09:35:48,0.17,0.85,1663,0.16,0.8,4438,0.16,0.8,1,0.165,0.825,5249,0
SPY190823C297,2019-08-21,2019-08-21 09:35:49,0.17,0.85,107,0.16,0.8,4761,0.16,0.8,1,0.165,0.825,5249,0
SPY190823C297,2019-08-21,2019-08-21 09:35:49,0.17,0.85,85,0.16,0.8,4761,0.16,0.8,1,0.165,0.825,5249,0
SPY190823C297,2019-08-21,2019-08-21 09:35:50,0.17,0.85,85,0.16,0.8,5970,0.16,0.8,1,0.165,0.825,5249,0
SPY190823C297,2019-08-21,2019-08-21 09:35:50,0.17,0.85,64,0.16,0.8,4850,0.16,0.8,1,0.165,0.825,5249,0
SPY190823C297,2019-08-21,2019-08-21 09:35:51,0.17,0.85,64,0.16,0.8,5866,0.16,0.8,1,0.165,0.825,5249,0
SPY190823C297,2019-08-21,2019-08-21 09:35:51,0.17,0.85,85,0.16,0.8,5866,0.16,0.8,1,0.165,0.825,5249,0
SPY190823C297,2019-08-21,2019-08-21 09:35:52,0.17,0.85,85,0.16,0.8,5970,0.16,0.8,1,0.165,0.825,5249,0
SPY190823C297,2019-08-21,2019-08-21 09:35:52,0.17,0.85,85,0.16,0.8,6092,0.16,0.8,1,0.165,0.825,5249,0
SPY190823C297,2019-08-21,2019-08-21 09:35:53,0.17,0.85,1622,0.16,0.8,4577,0.16,0.8,1,0.165,0.825,5249,0
SPY190823C297,2019-08-21,2019-08-21 09:35:53,0.17,0.85,98,0.16,0.8,4749,0.16,0.8,1,0.165,0.825,5249,0
SPY190823C297,2019-08-21,2019-08-21 09:35:54,0.17,0.85,98,0.16,0.8,5787,0.16,0.8,1,0.165,0.825,5249,0
SPY190823C297,2019-08-21,2019-08-21 09:35:55,0.17,0.85,98,0.16,0.8,5787,0.16,0.8,1,0.165,0.825,5249,0
SPY190823C297,2019-08-21,2019-08-21 09:35:55,0.17,0.85,108,0.16,0.8,5325,0.16,0.8,1,0.165,0.825,5249,0
SPY190823C297,2019-08-21,2019-08-21 09:35:56,0.17,0.85,64,0.16,0.8,4386,0.16,0.8,1,0.165,0.825,5249,0
SPY190823C297,2019-08-21,2019-08-21 09:35:56,0.17,0.85,106,0.16,0.8,5817,0.16,0.8,1,0.165,0.825,5249,0
SPY190823C297,2019-08-21,2019-08-21 09:35:57,0.17,0.85,85,0.16,0.8,4761,0.16,0.8,1,0.165,0.825,5249,0
SPY190823C297,2019-08-21,2019-08-21 09:35:57,0.17,0.85,64,0.16,0.8,4761,0.16,0.8,1,0.165,0.825,5249,0
SPY190823C297,2019-08-21,2019-08-21 09:35:58,0.17,0.85,85,0.16,0.8,6193,0.16,0.8,1,0.165,0.825,5249,0
SPY190823C297,2019-08-21,2019-08-21 09:35:58,0.17,0.85,85,0.16,0.8,4865,0.16,0.8,1,0.165,0.825,5249,0
SPY190823C297,2019-08-21,2019-08-21 09:35:59,0.17,0.85,3,0.16,0.8,4116,0.16,0.8,1,0.165,0.825,5249,0
SPY190823C297,2019-08-21,2019-08-21 09:35:59,0.17,0.85,85,0.16,0.8,6193,0.16,0.8,1,0.165,0.825,5249,0
SPY190823C297,2019-08-21,2019-08-21 09:36:00,0.17,0.85,85,0.16,0.8,2430,0.16,0.8,1,0.165,0.825,5249,0
SPY190823C297,2019-08-21,2019-08-21 09:36:00,0.17,0.85,3,0.16,0.8,5229,0.16,0.8,1,0.165,0.825,5249,0
SPY190823C297,2019-08-21,2019-08-21 09:36:01,0.17,0.85,64,0.16,0.8,3348,0.16,0.8,1,0.165,0.825,5249,0
SPY190823C297,2019-08-21,2019-08-21 09:36:01,0.17,0.85,64,0.16,0.8,4748,0.16,0.8,1,0.165,0.825,5249,0
SPY190823C297,2019-08-21,2019-08-21 09:36:02,0.17,0.85,78,0.16,0.8,4182,0.16,0.8,1,0.165,0.825,5249,0
SPY190823C297,2019-08-21,2019-08-21 09:36:02,0.17,0.85,64,0.16,0.8,4182,0.16,0.8,1,0.165,0.825,5249,0
SPY190823C297,2019-08-21,2019-08-21 09:36:03,0.17,0.85,101,0.16,0.8,3596,0.16,0.8,1,0.165,0.825,5249,0
SPY190823C297,2019-08-21,2019-08-21 09:36:03,0.17,0.85,216,0.16,0.8,4841,0.16,0.8,1,0.165,0.825,5249,0
SPY190823C297,2019-08-21,2019-08-21 09:36:04,0.17,0.85,1436,0.16,0.8,2846,0.16,0.8,1,0.165,0.825,5249,0
SPY190823C297,2019-08-21,2019-08-21 09:36:04,0.17,0.85,1990,0.16,0.8,4024,0.16,0.8,1,0.165,0.825,5249,0
SPY190823C297,2019-08-21,2019-08-21 09:36:05,0.17,0.85,622,0.16,0.8,5093,0.16,0.8,1,0.165,0.825,5249,0
SPY190823C297,2019-08-21,2019-08-21 09:36:05,0.17,0.85,274,0.16,0.8,3869,0.16,0.8,1,0.165,0.825,5249,0
SPY190823C297,2019-08-21,2019-08-21 09:36:06,0.17,0.85,85,0.16,0.8,5256,0.16,0.8,1,0.165,0.825,5249,0
SPY190823C297,2019-08-21,2019-08-21 09:36:06,0.17,0.85,85,0.16,0.8,5584,0.16,0.8,1,0.165,0.825,5249,0
SPY190823C297,2019-08-21,2019-08-21 09:36:07,0.17,0.85,85,0.16,0.8,5550,0.16,0.8,1,0.165,0.825,5249,0
SPY190823C297,2019-08-21,2019-08-21 09:36:07,0.17,0.85,85,0.16,0.8,4530,0.16,0.8,1,0.165,0.825,5249,0
SPY190823C297,2019-08-21,2019-08-21 09:36:08,0.17,0.85,21,0.16,0.8,5739,0.16,0.8,1,0.165,0.825,5249,0
SPY190823C297,2019-08-21,2019-08-21 09:36:08,0.17,0.85,21,0.16,0.8,5550,0.16,0.8,1,0.165,0.825,5249,0
SPY190823C297,2019-08-21,2019-08-21 09:36:09,0.17,0.85,85,0.16,0.8,4634,0.17,0.85,1,0.165,0.825,5250,0
SPY190823C297,2019-08-21,2019-08-21 09:36:09,0.17,0.85,64,0.16,0.8,4634,0.17,0.85,1,0.165,0.825,5250,1
SPY190823C297,2019-08-21,2019-08-21 09:36:10,0.17,0.85,64,0.16,0.8,4530,0.17,0.85,1,0.165,0.825,5250,0
SPY190823C297,2019-08-21,2019-08-21 09:36:11,0.17,0.85,64,0.16,0.8,4530,0.17,0.85,1,0.165,0.825,5250,0
SPY190823C297,2019-08-21,2019-08-21 09:36:11,0.17,0.85,64,0.16,0.8,3700,0.17,0.85,1,0.165,0.825,5250,0
SPY190823C297,2019-08-21,2019-08-21 09:36:12,0.17,0.85,64,0.16,0.8,3596,0.17,0.85,1,0.165,0.825,5250,0
SPY190823C297,2019-08-21,2019-08-21 09:36:12,0.17,0.85,1000,0.16,0.8,3596,0.17,0.85,1,0.165,0.825,5250,0
SPY190823C297,2019-08-21,2019-08-21 09:36:13,0.17,0.85,1622,0.16,0.8,3700,0.17,0.85,1,0.165,0.825,5250,0
SPY190823C297,2019-08-21,2019-08-21 09:36:14,0.17,0.85,1045,0.16,0.8,3781,0.17,0.85,1,0.165,0.825,5250,0
SPY190823C297,2019-08-21,2019-08-21 09:36:15,0.17,0.85,84,0.16,0.8,4449,0.17,0.85,1,0.165,0.825,5250,0
SPY190823C297,2019-08-21,2019-08-21 09:36:15,0.17,0.85,1045,0.16,0.8,4449,0.17,0.85,1,0.165,0.825,5250,0
SPY190823C297,2019-08-21,2019-08-21 09:36:16,0.17,0.85,84,0.16,0.8,4449,0.17,0.85,1,0.165,0.825,5250,0
SPY190823C297,2019-08-21,2019-08-21 09:36:17,0.17,0.85,105,0.16,0.8,4449,0.17,0.85,1,0.165,0.825,5250,0
SPY190823C297,2019-08-21,2019-08-21 09:36:17,0.17,0.85,85,0.16,0.8,3520,0.17,0.85,1,0.165,0.825,5250,0
SPY190823C297,2019-08-21,2019-08-21 09:36:18,0.17,0.85,85,0.16,0.8,5343,0.17,0.85,1,0.165,0.825,5250,0
SPY190823C297,2019-08-21,2019-08-21 09:36:18,0.17,0.85,85,0.16,0.8,3520,0.17,0.85,1,0.165,0.825,5250,0
SPY190823C297,2019-08-21,2019-08-21 09:36:19,0.17,0.85,64,0.16,0.8,5459,0.17,0.85,1,0.165,0.825,5250,0
SPY190823C297,2019-08-21,2019-08-21 09:36:19,0.17,0.85,85,0.16,0.8,5459,0.17,0.85,1,0.165,0.825,5250,0
SPY190823C297,2019-08-21,2019-08-21 09:36:20,0.17,0.85,64,0.16,0.8,5459,0.17,0.85,1,0.165,0.825,5250,0
SPY190823C297,2019-08-21,2019-08-21 09:36:20,0.17,0.85,1526,0.16,0.8,5316,0.17,0.85,1,0.165,0.825,5250,0
SPY190823C297,2019-08-21,2019-08-21 09:36:21,0.17,0.85,1000,0.16,0.8,5316,0.17,0.85,1,0.165,0.825,5250,0
SPY190823C297,2019-08-21,2019-08-21 09:36:21,0.17,0.85,85,0.16,0.8,5212,0.17,0.85,1,0.165,0.825,5250,0
SPY190823C297,2019-08-21,2019-08-21 09:36:22,0.17,0.85,1500,0.16,0.8,4372,0.17,0.85,1,0.165,0.825,5250,0
SPY190823C297,2019-08-21,2019-08-21 09:36:23,0.17,0.85,1509,0.16,0.8,5493,0.17,0.85,1,0.165,0.825,5250,0
SPY190823C297,2019-08-21,2019-08-21 09:36:23,0.17,0.85,1622,0.16,0.8,5493,0.17,0.85,1,0.165,0.825,5250,0
SPY190823C297,2019-08-21,2019-08-21 09:36:24,0.17,0.85,1509,0.16,0.8,3910,0.17,0.85,1,0.165,0.825,5250,0
SPY190823C297,2019-08-21,2019-08-21 09:36:24,0.17,0.85,1016,0.16,0.8,3296,0.17,0.85,1,0.165,0.825,5250,0
SPY190823C297,2019-08-21,2019-08-21 09:36:25,0.17,0.85,1527,0.16,0.8,4067,0.17,0.85,1,0.165,0.825,5311,61
SPY190823C297,2019-08-21,2019-08-21 09:36:25,0.17,0.85,64,0.16,0.8,3067,0.17,0.85,1,0.165,0.825,5311,0
SPY190823C297,2019-08-21,2019-08-21 09:36:26,0.18,0.9,1659,0.17,0.85,485,0.17,0.85,64,0.175,0.875,5375,64
SPY190823C297,2019-08-21,2019-08-21 09:36:26,0.18,0.9,1973,0.17,0.85,1420,0.17,0.85,64,0.175,0.875,5375,0
SPY190823C297,2019-08-21,2019-08-21 09:36:27,0.18,0.9,1973,0.17,0.85,1683,0.17,0.85,64,0.175,0.875,5375,0
SPY190823C297,2019-08-21,2019-08-21 09:36:27,0.18,0.9,2572,0.17,0.85,1665,0.17,0.85,64,0.175,0.875,5375,0
SPY190823C297,2019-08-21,2019-08-21 09:36:28,0.18,0.9,2572,0.17,0.85,1665,0.17,0.85,64,0.175,0.875,5375,0
SPY190823C297,2019-08-21,2019-08-21 09:36:28,0.18,0.9,2572,0.17,0.85,1769,0.17,0.85,64,0.175,0.875,5375,0
SPY190823C297,2019-08-21,2019-08-21 09:36:29,0.18,0.9,2125,0.17,0.85,1769,0.17,0.85,64,0.175,0.875,5375,0
SPY190823C297,2019-08-21,2019-08-21 09:36:29,0.18,0.9,2572,0.17,0.85,1769,0.17,0.85,64,0.175,0.875,5375,0
SPY190823C297,2019-08-21,2019-08-21 09:36:30,0.18,0.9,2125,0.17,0.85,1769,0.17,0.85,64,0.175,0.875,5375,0
SPY190823C297,2019-08-21,2019-08-21 09:36:30,0.18,0.9,2548,0.17,0.85,1769,0.17,0.85,64,0.175,0.875,5375,0
SPY190823C297,2019-08-21,2019-08-21 09:36:31,0.18,0.9,2125,0.17,0.85,1769,0.17,0.85,64,0.175,0.875,5375,0
SPY190823C297,2019-08-21,2019-08-21 09:36:32,0.18,0.9,2645,0.17,0.85,1769,0.17,0.85,64,0.175,0.875,5375,0
SPY190823C297,2019-08-21,2019-08-21 09:36:33,0.18,0.9,1177,0.17,0.85,920,0.17,0.85,64,0.175,0.875,5375,0
SPY190823C297,2019-08-21,2019-08-21 09:36:33,0.18,0.9,2200,0.17,0.85,1665,0.17,0.85,64,0.175,0.875,5375,0
SPY190823C297,2019-08-21,2019-08-21 09:36:34,0.18,0.9,4297,0.17,0.85,231,0.17,0.85,64,0.175,0.875,5375,0
SPY190823C297,2019-08-21,2019-08-21 09:36:34,0.18,0.9,4297,0.17,0.85,620,0.17,0.85,64,0.175,0.875,5375,0
SPY190823C297,2019-08-21,2019-08-21 09:36:35,0.18,0.9,6207,0.17,0.85,151,0.17,0.85,3,0.175,0.875,5382,7
SPY190823C297,2019-08-21,2019-08-21 09:36:35,0.18,0.9,4297,0.17,0.85,224,0.17,0.85,64,0.175,0.875,5375,0
SPY190823C297,2019-08-21,2019-08-21 09:36:36,0.18,0.9,6207,0.17,0.85,148,0.17,0.85,3,0.175,0.875,5382,0
SPY190823C297,2019-08-21,2019-08-21 09:36:37,0.18,0.9,6207,0.17,0.85,148,0.17,0.85,3,0.175,0.875,5382,0
SPY190823C297,2019-08-21,2019-08-21 09:36:37,0.18,0.9,4074,0.17,0.85,141,0.17,0.85,2,0.175,0.875,5389,7
SPY190823C297,2019-08-21,2019-08-21 09:36:38,0.18,0.9,4334,0.17,0.85,141,0.17,0.85,2,0.175,0.875,5389,0
SPY190823C297,2019-08-21,2019-08-21 09:36:38,0.18,0.9,3970,0.17,0.85,141,0.17,0.85,2,0.175,0.875,5389,0
SPY190823C297,2019-08-21,2019-08-21 09:36:39,0.18,0.9,4334,0.17,0.85,182,0.17,0.85,2,0.175,0.875,5389,0
SPY190823C297,2019-08-21,2019-08-21 09:36:39,0.18,0.9,3674,0.17,0.85,675,0.17,0.85,2,0.175,0.875,5389,0
SPY190823C297,2019-08-21,2019-08-21 09:36:40,0.18,0.9,3594,0.17,0.85,1609,0.17,0.85,2,0.175,0.875,5389,0
SPY190823C297,2019-08-21,2019-08-21 09:36:40,0.18,0.9,3207,0.17,0.85,1405,0.17,0.85,2,0.175,0.875,5389,0
SPY190823C297,2019-08-21,2019-08-21 09:36:41,0.18,0.9,3207,0.17,0.85,1505,0.17,0.85,2,0.175,0.875,5389,0
SPY190823C297,2019-08-21,2019-08-21 09:36:42,0.18,0.9,3207,0.17,0.85,1505,0.17,0.85,2,0.175,0.875,5389,0
SPY190823C297,2019-08-21,2019-08-21 09:36:43,0.18,0.9,3207,0.17,0.85,1505,0.17,0.85,2,0.175,0.875,5389,0
SPY190823C297,2019-08-21,2019-08-21 09:36:43,0.18,0.9,3674,0.17,0.85,1609,0.17,0.85,2,0.175,0.875,5389,0
SPY190823C297,2019-08-21,2019-08-21 09:36:44,0.18,0.9,3674,0.17,0.85,1609,0.17,0.85,2,0.175,0.875,5389,0
SPY190823C297,2019-08-21,2019-08-21 09:36:45,0.18,0.9,3674,0.17,0.85,1609,0.17,0.85,2,0.175,0.875,5389,0
SPY190823C297,2019-08-21,2019-08-21 09:36:46,0.18,0.9,2840,0.17,0.85,1747,0.17,0.85,2,0.175,0.875,5389,0
SPY190823C297,2019-08-21,2019-08-21 09:36:46,0.18,0.9,2840,0.17,0.85,1038,0.17,0.85,2,0.175,0.875,5389,0
SPY190823C297,2019-08-21,2019-08-21 09:36:47,0.18,0.9,2840,0.17,0.85,1747,0.17,0.85,2,0.175,0.875,5389,0
SPY190823C297,2019-08-21,2019-08-21 09:36:47,0.18,0.9,2840,0.17,0.85,2177,0.17,0.85,2,0.175,0.875,5389,0
SPY190823C297,2019-08-21,2019-08-21 09:36:48,0.18,0.9,2840,0.17,0.85,1643,0.17,0.85,2,0.175,0.875,5389,0
SPY190823C297,2019-08-21,2019-08-21 09:36:49,0.18,0.9,3561,0.17,0.85,1492,0.17,0.85,2,0.175,0.875,5389,0
SPY190823C297,2019-08-21,2019-08-21 09:36:49,0.18,0.9,3561,0.17,0.85,1643,0.17,0.85,2,0.175,0.875,5389,0
SPY190823C297,2019-08-21,2019-08-21 09:36:50,0.18,0.9,3561,0.17,0.85,1492,0.17,0.85,2,0.175,0.875,5389,0
SPY190823C297,2019-08-21,2019-08-21 09:36:50,0.18,0.9,3172,0.17,0.85,934,0.17,0.85,2,0.175,0.875,5389,0
SPY190823C297,2019-08-21,2019-08-21 09:36:51,0.18,0.9,5351,0.17,0.85,879,0.17,0.85,2,0.175,0.875,5389,0
SPY190823C297,2019-08-21,2019-08-21 09:36:51,0.18,0.9,4720,0.17,0.85,224,0.17,0.85,2,0.175,0.875,5389,0
SPY190823C297,2019-08-21,2019-08-21 09:36:52,0.18,0.9,5351,0.17,0.85,879,0.17,0.85,2,0.175,0.875,5389,0
SPY190823C297,2019-08-21,2019-08-21 09:36:52,0.18,0.9,4517,0.17,0.85,879,0.17,0.85,2,0.175,0.875,5389,0
SPY190823C297,2019-08-21,2019-08-21 09:36:53,0.18,0.9,3886,0.17,0.85,879,0.17,0.85,2,0.175,0.875,5389,0
SPY190823C297,2019-08-21,2019-08-21 09:36:53,0.18,0.9,4468,0.17,0.85,879,0.17,0.85,2,0.175,0.875,5389,0
SPY190823C297,2019-08-21,2019-08-21 09:36:54,0.18,0.9,2840,0.17,0.85,1372,0.17,0.85,2,0.175,0.875,5389,0
SPY190823C297,2019-08-21,2019-08-21 09:36:54,0.18,0.9,3579,0.17,0.85,1372,0.17,0.85,2,0.175,0.875,5389,0
SPY190823C297,2019-08-21,2019-08-21 09:36:55,0.18,0.9,3579,0.17,0.85,1372,0.17,0.85,2,0.175,0.875,5389,0
SPY190823C297,2019-08-21,2019-08-21 09:36:56,0.18,0.9,3256,0.17,0.85,442,0.17,0.85,2,0.175,0.875,5389,0
SPY190823C297,2019-08-21,2019-08-21 09:36:56,0.18,0.9,3622,0.17,0.85,1424,0.17,0.85,2,0.175,0.875,5389,0
SPY190823C297,2019-08-21,2019-08-21 09:36:57,0.18,0.9,3622,0.17,0.85,1424,0.17,0.85,2,0.175,0.875,5389,0
SPY190823C297,2019-08-21,2019-08-21 09:36:57,0.18,0.9,3600,0.17,0.85,834,0.17,0.85,2,0.175,0.875,5389,0
SPY190823C297,2019-08-21,2019-08-21 09:36:58,0.18,0.9,2840,0.17,0.85,1998,0.17,0.85,2,0.175,0.875,5389,0
SPY190823C297,2019-08-21,2019-08-21 09:36:58,0.18,0.9,2840,0.17,0.85,1464,0.17,0.85,2,0.175,0.875,5389,0
SPY190823C297,2019-08-21,2019-08-21 09:36:59,0.18,0.9,2840,0.17,0.85,1753,0.17,0.85,2,0.175,0.875,5389,0
SPY190823C297,2019-08-21,2019-08-21 09:36:59,0.18,0.9,2840,0.17,0.85,1998,0.17,0.85,2,0.175,0.875,5389,0
SPY190823C297,2019-08-21,2019-08-21 09:37:00,0.18,0.9,2840,0.17,0.85,1753,0.17,0.85,2,0.175,0.875,5389,0
SPY190823C297,2019-08-21,2019-08-21 09:37:00,0.18,0.9,2840,0.17,0.85,1429,0.17,0.85,2,0.175,0.875,5389,0
SPY190823C297,2019-08-21,2019-08-21 09:37:01,0.18,0.9,2840,0.17,0.85,2281,0.17,0.85,2,0.175,0.875,5389,0
SPY190823C297,2019-08-21,2019-08-21 09:37:01,0.18,0.9,2840,0.17,0.85,2179,0.17,0.85,2,0.175,0.875,5389,0
SPY190823C297,2019-08-21,2019-08-21 09:37:02,0.18,0.9,2840,0.17,0.85,2281,0.17,0.85,2,0.175,0.875,5389,0
SPY190823C297,2019-08-21,2019-08-21 09:37:02,0.18,0.9,1628,0.17,0.85,2118,0.17,0.85,2,0.175,0.875,5389,0
SPY190823C297,2019-08-21,2019-08-21 09:37:03,0.18,0.9,2411,0.17,0.85,3556,0.17,0.85,2,0.175,0.875,5389,0
SPY190823C297,2019-08-21,2019-08-21 09:37:04,0.18,0.9,2373,0.17,0.85,2112,0.17,0.85,2,0.175,0.875,5389,0
SPY190823C297,2019-08-21,2019-08-21 09:37:04,0.18,0.9,2373,0.17,0.85,1959,0.17,0.85,2,0.175,0.875,5389,0
SPY190823C297,2019-08-21,2019-08-21 09:37:05,0.18,0.9,3636,0.17,0.85,1974,0.17,0.85,2,0.175,0.875,5389,0
SPY190823C297,2019-08-21,2019-08-21 09:37:05,0.18,0.9,3837,0.17,0.85,834,0.17,0.85,2,0.175,0.875,5389,0
SPY190823C297,2019-08-21,2019-08-21 09:37:06,0.18,0.9,4427,0.17,0.85,1499,0.17,0.85,2,0.175,0.875,5389,0
SPY190823C297,2019-08-21,2019-08-21 09:37:06,0.18,0.9,4323,0.17,0.85,459,0.17,0.85,2,0.175,0.875,5389,0
SPY190823C297,2019-08-21,2019-08-21 09:37:07,0.18,0.9,4427,0.17,0.85,749,0.17,0.85,2,0.175,0.875,5389,0
SPY190823C297,2019-08-21,2019-08-21 09:37:07,0.18,0.9,4427,0.17,0.85,459,0.17,0.85,2,0.175,0.875,5389,0
SPY190823C297,2019-08-21,2019-08-21 09:37:08,0.18,0.9,3941,0.17,0.85,719,0.17,0.85,2,0.175,0.875,5389,0
SPY190823C297,2019-08-21,2019-08-21 09:37:08,0.18,0.9,3941,0.17,0.85,879,0.17,0.85,2,0.175,0.875,5389,0
SPY190823C297,2019-08-21,2019-08-21 09:37:09,0.18,0.9,3960,0.17,0.85,775,0.17,0.85,2,0.175,0.875,5389,0
SPY190823C297,2019-08-21,2019-08-21 09:37:09,0.18,0.9,4427,0.17,0.85,712,0.17,0.85,2,0.175,0.875,5389,0
SPY190823C297,2019-08-21,2019-08-21 09:37:10,0.18,0.9,4427,0.17,0.85,1234,0.17,0.85,2,0.175,0.875,5389,0
SPY190823C297,2019-08-21,2019-08-21 09:37:10,0.18,0.9,4427,0.17,0.85,879,0.17,0.85,2,0.175,0.875,5389,0
SPY190823C297,2019-08-21,2019-08-21 09:37:11,0.18,0.9,4308,0.17,0.85,484,0.17,0.85,2,0.175,0.875,5389,0
SPY190823C297,2019-08-21,2019-08-21 09:37:12,0.18,0.9,6031,0.17,0.85,349,0.17,0.85,2,0.175,0.875,5389,0
SPY190823C297,2019-08-21,2019-08-21 09:37:12,0.18,0.9,6984,0.17,0.85,349,0.17,0.85,2,0.175,0.875,5389,0
SPY190823C297,2019-08-21,2019-08-21 09:37:13,0.18,0.9,3875,0.17,0.85,879,0.17,0.85,2,0.175,0.875,5389,0
SPY190823C297,2019-08-21,2019-08-21 09:37:14,0.18,0.9,5012,0.17,0.85,879,0.17,0.85,2,0.175,0.875,5389,0
SPY190823C297,2019-08-21,2019-08-21 09:37:15,0.18,0.9,3875,0.17,0.85,1365,0.17,0.85,2,0.175,0.875,5389,0
SPY190823C297,2019-08-21,2019-08-21 09:37:15,0.18,0.9,5012,0.17,0.85,1365,0.17,0.85,2,0.175,0.875,5389,0
SPY190823C297,2019-08-21,2019-08-21 09:37:16,0.18,0.9,4540,0.17,0.85,1769,0.17,0.85,2,0.175,0.875,5389,0
SPY190823C297,2019-08-21,2019-08-21 09:37:16,0.18,0.9,3875,0.17,0.85,1899,0.17,0.85,2,0.175,0.875,5389,0
SPY190823C297,2019-08-21,2019-08-21 09:37:17,0.18,0.9,3817,0.17,0.85,2640,0.17,0.85,2,0.175,0.875,5389,0
SPY190823C297,2019-08-21,2019-08-21 09:37:18,0.18,0.9,2004,0.17,0.85,1525,0.17,0.85,2,0.175,0.875,5389,0
SPY190823C297,2019-08-21,2019-08-21 09:37:19,0.18,0.9,2847,0.17,0.85,3267,0.17,0.85,2,0.175,0.875,5389,0
SPY190823C297,2019-08-21,2019-08-21 09:37:19,0.18,0.9,2610,0.17,0.85,2663,0.17,0.85,2,0.175,0.875,5389,0
SPY190823C297,2019-08-21,2019-08-21 09:37:20,0.18,0.9,2199,0.17,0.85,2645,0.17,0.85,2,0.175,0.875,5389,0
SPY190823C297,2019-08-21,2019-08-21 09:37:20,0.18,0.9,2369,0.17,0.85,2056,0.17,0.85,2,0.175,0.875,5389,0
SPY190823C297,2019-08-21,2019-08-21 09:37:21,0.18,0.9,2844,0.17,0.85,2645,0.17,0.85,2,0.175,0.875,5389,0
SPY190823C297,2019-08-21,2019-08-21 09:37:22,0.18,0.9,3559,0.17,0.85,1895,0.17,0.85,2,0.175,0.875,5389,0
SPY190823C297,2019-08-21,2019-08-21 09:37:23,0.18,0.9,3559,0.17,0.85,1895,0.17,0.85,2,0.175,0.875,5389,0
SPY190823C297,2019-08-21,2019-08-21 09:37:24,0.18,0.9,3559,0.17,0.85,1895,0.17,0.85,2,0.175,0.875,5389,0
SPY190823C297,2019-08-21,2019-08-21 09:37:24,0.18,0.9,2461,0.17,0.85,2544,0.17,0.85,2,0.175,0.875,5389,0
SPY190823C297,2019-08-21,2019-08-21 09:37:25,0.18,0.9,3696,0.17,0.85,2645,0.17,0.85,2,0.175,0.875,5389,0
SPY190823C297,2019-08-21,2019-08-21 09:37:25,0.18,0.9,3590,0.17,0.85,2645,0.17,0.85,2,0.175,0.875,5389,0
SPY190823C297,2019-08-21,2019-08-21 09:37:26,0.18,0.9,3696,0.17,0.85,2873,0.17,0.85,2,0.175,0.875,5389,0
SPY190823C297,2019-08-21,2019-08-21 09:37:27,0.18,0.9,3799,0.17,0.85,2873,0.17,0.85,2,0.175,0.875,5389,0
SPY190823C297,2019-08-21,2019-08-21 09:37:28,0.18,0.9,3799,0.17,0.85,2873,0.17,0.85,2,0.175,0.875,5389,0
SPY190823C297,2019-08-21,2019-08-21 09:37:29,0.18,0.9,3041,0.17,0.85,2123,0.17,0.85,2,0.175,0.875,5389,0
SPY190823C297,2019-08-21,2019-08-21 09:37:29,0.18,0.9,4294,0.17,0.85,1338,0.17,0.85,39,0.175,0.875,5428,39
SPY190823C297,2019-08-21,2019-08-21 09:37:30,0.18,0.9,4294,0.17,0.85,1768,0.17,0.85,39,0.175,0.875,5428,0
SPY190823C297,2019-08-21,2019-08-21 09:37:31,0.18,0.9,2971,0.17,0.85,1295,0.17,0.85,39,0.175,0.875,5428,0
SPY190823C297,2019-08-21,2019-08-21 09:37:31,0.18,0.9,4781,0.17,0.85,1895,0.17,0.85,39,0.175,0.875,5428,0
SPY190823C297,2019-08-21,2019-08-21 09:37:32,0.18,0.9,2971,0.17,0.85,1295,0.17,0.85,39,0.175,0.875,5428,0
SPY190823C297,2019-08-21,2019-08-21 09:37:32,0.18,0.9,4859,0.17,0.85,1852,0.17,0.85,39,0.175,0.875,5428,0
SPY190823C297,2019-08-21,2019-08-21 09:37:33,0.18,0.9,4859,0.17,0.85,1852,0.17,0.85,39,0.175,0.875,5428,0
SPY190823C297,2019-08-21,2019-08-21 09:37:34,0.18,0.9,4859,0.17,0.85,1852,0.17,0.85,39,0.175,0.875,5428,0
SPY190823C297,2019-08-21,2019-08-21 09:37:35,0.18,0.9,4859,0.17,0.85,1818,0.17,0.85,39,0.175,0.875,5428,0
SPY190823C297,2019-08-21,2019-08-21 09:37:35,0.18,0.9,4859,0.17,0.85,1202,0.17,0.85,39,0.175,0.875,5428,0
SPY190823C297,2019-08-21,2019-08-21 09:37:36,0.18,0.9,4859,0.17,0.85,1202,0.17,0.85,39,0.175,0.875,5428,0
SPY190823C297,2019-08-21,2019-08-21 09:37:36,0.18,0.9,3888,0.17,0.85,1897,0.17,0.85,39,0.175,0.875,5428,0
SPY190823C297,2019-08-21,2019-08-21 09:37:37,0.18,0.9,4680,0.17,0.85,1897,0.17,0.85,39,0.175,0.875,5428,0
SPY190823C297,2019-08-21,2019-08-21 09:37:38,0.18,0.9,4680,0.17,0.85,1897,0.17,0.85,39,0.175,0.875,5428,0
SPY190823C297,2019-08-21,2019-08-21 09:37:39,0.18,0.9,3888,0.17,0.85,1897,0.17,0.85,39,0.175,0.875,5428,0
SPY190823C297,2019-08-21,2019-08-21 09:37:40,0.18,0.9,3888,0.17,0.85,922,0.17,0.85,39,0.175,0.875,5428,0
SPY190823C297,2019-08-21,2019-08-21 09:37:40,0.18,0.9,3888,0.17,0.85,785,0.17,0.85,39,0.175,0.875,5428,0
SPY190823C297,2019-08-21,2019-08-21 09:37:41,0.18,0.9,4813,0.17,0.85,785,0.17,0.85,39,0.175,0.875,5428,0
SPY190823C297,2019-08-21,2019-08-21 09:37:42,0.18,0.9,4351,0.17,0.85,785,0.17,0.85,39,0.175,0.875,5428,0
SPY190823C297,2019-08-21,2019-08-21 09:37:42,0.18,0.9,4813,0.17,0.85,785,0.17,0.85,39,0.175,0.875,5428,0
SPY190823C297,2019-08-21,2019-08-21 09:37:43,0.18,0.9,3304,0.17,0.85,774,0.17,0.85,39,0.175,0.875,5428,0
SPY190823C297,2019-08-21,2019-08-21 09:37:43,0.18,0.9,4358,0.17,0.85,903,0.17,0.85,39,0.175,0.875,5428,0
SPY190823C297,2019-08-21,2019-08-21 09:37:44,0.18,0.9,4358,0.17,0.85,903,0.17,0.85,39,0.175,0.875,5428,0
SPY190823C297,2019-08-21,2019-08-21 09:37:44,0.18,0.9,4358,0.17,0.85,965,0.17,0.85,39,0.175,0.875,5428,0
SPY190823C297,2019-08-21,2019-08-21 09:37:45,0.18,0.9,4582,0.17,0.85,838,0.17,0.85,39,0.175,0.875,5428,0
SPY190823C297,2019-08-21,2019-08-21 09:37:45,0.18,0.9,4582,0.17,0.85,933,0.17,0.85,39,0.175,0.875,5428,0
SPY190823C297,2019-08-21,2019-08-21 09:37:46,0.18,0.9,4217,0.17,0.85,806,0.17,0.85,39,0.175,0.875,5428,0
SPY190823C297,2019-08-21,2019-08-21 09:37:46,0.18,0.9,3888,0.17,0.85,933,0.17,0.85,39,0.175,0.875,5428,0
SPY190823C297,2019-08-21,2019-08-21 09:37:47,0.18,0.9,4732,0.17,0.85,933,0.17,0.85,39,0.175,0.875,5428,0
SPY190823C297,2019-08-21,2019-08-21 09:37:48,0.18,0.9,4789,0.17,0.85,690,0.17,0.85,39,0.175,0.875,5428,0
SPY190823C297,2019-08-21,2019-08-21 09:37:48,0.18,0.9,3888,0.17,0.85,690,0.17,0.85,39,0.175,0.875,5428,0
SPY190823C297,2019-08-21,2019-08-21 09:37:49,0.18,0.9,5954,0.17,0.85,654,0.17,0.85,39,0.175,0.875,5428,0
SPY190823C297,2019-08-21,2019-08-21 09:37:49,0.18,0.9,4637,0.17,0.85,654,0.17,0.85,39,0.175,0.875,5428,0
SPY190823C297,2019-08-21,2019-08-21 09:37:50,0.18,0.9,4519,0.17,0.85,348,0.17,0.85,20,0.175,0.875,5448,0
SPY190823C297,2019-08-21,2019-08-21 09:37:50,0.18,0.9,5467,0.17,0.85,654,0.17,0.85,20,0.175,0.875,5448,20
SPY190823C297,2019-08-21,2019-08-21 09:37:51,0.18,0.9,4844,0.17,0.85,648,0.17,0.85,20,0.175,0.875,5448,0
SPY190823C297,2019-08-21,2019-08-21 09:37:51,0.18,0.9,4844,0.17,0.85,1083,0.17,0.85,20,0.175,0.875,5448,0
SPY190823C297,2019-08-21,2019-08-21 09:37:52,0.18,0.9,4844,0.17,0.85,965,0.17,0.85,20,0.175,0.875,5448,0
SPY190823C297,2019-08-21,2019-08-21 09:37:53,0.18,0.9,4844,0.17,0.85,965,0.17,0.85,20,0.175,0.875,5448,0
SPY190823C297,2019-08-21,2019-08-21 09:37:54,0.18,0.9,4844,0.17,0.85,479,0.17,0.85,20,0.175,0.875,5448,0
SPY190823C297,2019-08-21,2019-08-21 09:37:54,0.18,0.9,4844,0.17,0.85,968,0.17,0.85,20,0.175,0.875,5448,0
SPY190823C297,2019-08-21,2019-08-21 09:37:55,0.18,0.9,4844,0.17,0.85,968,0.17,0.85,20,0.175,0.875,5448,0
SPY190823C297,2019-08-21,2019-08-21 09:37:56,0.18,0.9,4844,0.17,0.85,968,0.17,0.85,20,0.175,0.875,5448,0
SPY190823C297,2019-08-21,2019-08-21 09:37:57,0.18,0.9,4844,0.17,0.85,968,0.17,0.85,20,0.175,0.875,5448,0
SPY190823C297,2019-08-21,2019-08-21 09:37:57,0.18,0.9,4652,0.17,0.85,968,0.17,0.85,20,0.175,0.875,5448,0
SPY190823C297,2019-08-21,2019-08-21 09:37:58,0.18,0.9,3827,0.17,0.85,980,0.17,0.85,20,0.175,0.875,5448,0
SPY190823C297,2019-08-21,2019-08-21 09:37:58,0.18,0.9,3694,0.17,0.85,968,0.17,0.85,20,0.175,0.875,5448,0
SPY190823C297,2019-08-21,2019-08-21 09:37:59,0.18,0.9,4490,0.17,0.85,980,0.17,0.85,20,0.175,0.875,5448,0
SPY190823C297,2019-08-21,2019-08-21 09:38:00,0.18,0.9,4490,0.17,0.85,980,0.17,0.85,20,0.175,0.875,5448,0
SPY190823C297,2019-08-21,2019-08-21 09:38:00,0.18,0.9,4483,0.17,0.85,980,0.17,0.85,20,0.175,0.875,5448,0
SPY190823C297,2019-08-21,2019-08-21 09:38:01,0.18,0.9,3694,0.17,0.85,980,0.17,0.85,20,0.175,0.875,5448,0
SPY190823C297,2019-08-21,2019-08-21 09:38:02,0.18,0.9,3694,0.17,0.85,475,0.17,0.85,20,0.175,0.875,5448,0
SPY190823C297,2019-08-21,2019-08-21 09:38:02,0.18,0.9,3694,0.17,0.85,980,0.17,0.85,20,0.175,0.875,5448,0
SPY190823C297,2019-08-21,2019-08-21 09:38:03,0.18,0.9,2482,0.17,0.85,413,0.17,0.85,20,0.175,0.875,5448,0
SPY190823C297,2019-08-21,2019-08-21 09:38:03,0.18,0.9,4601,0.17,0.85,154,0.17,0.85,20,0.175,0.875,5448,0
SPY190823C297,2019-08-21,2019-08-21 09:38:04,0.18,0.9,6085,0.17,0.85,154,0.17,0.85,20,0.175,0.875,5448,0
SPY190823C297,2019-08-21,2019-08-21 09:38:04,0.18,0.9,4917,0.17,0.85,154,0.17,0.85,20,0.175,0.875,5448,0
SPY190823C297,2019-08-21,2019-08-21 09:38:05,0.18,0.9,5028,0.17,0.85,21,0.17,0.85,20,0.175,0.875,5448,0
SPY190823C297,2019-08-21,2019-08-21 09:38:05,0.18,0.9,2978,0.17,0.85,252,0.17,0.85,20,0.175,0.875,5448,0
SPY190823C297,2019-08-21,2019-08-21 09:38:06,0.18,0.9,3702,0.17,0.85,201,0.17,0.85,20,0.175,0.875,5448,0
SPY190823C297,2019-08-21,2019-08-21 09:38:07,0.18,0.9,4372,0.17,0.85,1064,0.18,0.9,8,0.175,0.875,5456,8
SPY190823C297,2019-08-21,2019-08-21 09:38:07,0.18,0.9,2979,0.17,0.85,201,0.17,0.85,20,0.175,0.875,5448,0
SPY190823C297,2019-08-21,2019-08-21 09:38:08,0.18,0.9,2549,0.17,0.85,798,0.18,0.9,8,0.175,0.875,5456,0
SPY190823C297,2019-08-21,2019-08-21 09:38:08,0.18,0.9,3750,0.17,0.85,381,0.18,0.9,8,0.175,0.875,5456,0
SPY190823C297,2019-08-21,2019-08-21 09:38:09,0.18,0.9,3035,0.17,0.85,922,0.18,0.9,8,0.175,0.875,5456,0
SPY190823C297,2019-08-21,2019-08-21 09:38:09,0.18,0.9,3126,0.17,0.85,922,0.18,0.9,8,0.175,0.875,5456,0
SPY190823C297,2019-08-21,2019-08-21 09:38:10,0.18,0.9,3694,0.17,0.85,416,0.18,0.9,8,0.175,0.875,5456,0
SPY190823C297,2019-08-21,2019-08-21 09:38:11,0.18,0.9,3862,0.17,0.85,648,0.18,0.9,8,0.175,0.875,5456,0
SPY190823C297,2019-08-21,2019-08-21 09:38:11,0.18,0.9,3207,0.17,0.85,648,0.18,0.9,8,0.175,0.875,5456,0
SPY190823C297,2019-08-21,2019-08-21 09:38:12,0.18,0.9,3694,0.17,0.85,1068,0.18,0.9,8,0.175,0.875,5456,0
SPY190823C297,2019-08-21,2019-08-21 09:38:12,0.18,0.9,3694,0.17,0.85,1981,0.18,0.9,8,0.175,0.875,5456,0
SPY190823C297,2019-08-21,2019-08-21 09:38:13,0.18,0.9,3694,0.17,0.85,3331,0.18,0.9,8,0.175,0.875,5456,0
SPY190823C297,2019-08-21,2019-08-21 09:38:14,0.18,0.9,3694,0.17,0.85,2181,0.18,0.9,8,0.175,0.875,5456,0
SPY190823C297,2019-08-21,2019-08-21 09:38:15,0.18,0.9,3694,0.17,0.85,2181,0.18,0.9,8,0.175,0.875,5456,0
SPY190823C297,2019-08-21,2019-08-21 09:38:16,0.18,0.9,4275,0.17,0.85,2052,0.18,0.9,8,0.175,0.875,5456,0
SPY190823C297,2019-08-21,2019-08-21 09:38:16,0.18,0.9,3694,0.17,0.85,3567,0.18,0.9,8,0.175,0.875,5456,0
SPY190823C297,2019-08-21,2019-08-21 09:38:17,0.18,0.9,3207,0.17,0.85,400,0.18,0.9,8,0.175,0.875,5456,0
SPY190823C297,2019-08-21,2019-08-21 09:38:17,0.18,0.9,5022,0.17,0.85,217,0.18,0.9,8,0.175,0.875,5456,0
SPY190823C297,2019-08-21,2019-08-21 09:38:18,0.18,0.9,5211,0.17,0.85,154,0.18,0.9,8,0.175,0.875,5456,0
SPY190823C297,2019-08-21,2019-08-21 09:38:18,0.18,0.9,5022,0.17,0.85,217,0.18,0.9,8,0.175,0.875,5456,0
SPY190823C297,2019-08-21,2019-08-21 09:38:19,0.18,0.9,5211,0.17,0.85,154,0.18,0.9,8,0.175,0.875,5456,0
SPY190823C297,2019-08-21,2019-08-21 09:38:19,0.18,0.9,5233,0.17,0.85,154,0.18,0.9,8,0.175,0.875,5456,0
SPY190823C297,2019-08-21,2019-08-21 09:38:20,0.18,0.9,5233,0.17,0.85,154,0.18,0.9,8,0.175,0.875,5456,0
SPY190823C297,2019-08-21,2019-08-21 09:38:20,0.18,0.9,4747,0.17,0.85,154,0.18,0.9,8,0.175,0.875,5456,0
SPY190823C297,2019-08-21,2019-08-21 09:38:21,0.18,0.9,5241,0.17,0.85,154,0.18,0.9,8,0.175,0.875,5456,0
SPY190823C297,2019-08-21,2019-08-21 09:38:22,0.18,0.9,5119,0.17,0.85,154,0.18,0.9,8,0.175,0.875,5456,0
SPY190823C297,2019-08-21,2019-08-21 09:38:22,0.18,0.9,5241,0.17,0.85,154,0.18,0.9,8,0.175,0.875,5456,0
SPY190823C297,2019-08-21,2019-08-21 09:38:23,0.18,0.9,5441,0.17,0.85,154,0.18,0.9,8,0.175,0.875,5456,0
SPY190823C297,2019-08-21,2019-08-21 09:38:23,0.18,0.9,5212,0.17,0.85,154,0.18,0.9,8,0.175,0.875,5456,0
SPY190823C297,2019-08-21,2019-08-21 09:38:24,0.18,0.9,5441,0.17,0.85,154,0.18,0.9,8,0.175,0.875,5456,0
SPY190823C297,2019-08-21,2019-08-21 09:38:25,0.18,0.9,5031,0.17,0.85,154,0.18,0.9,8,0.175,0.875,5456,0
SPY190823C297,2019-08-21,2019-08-21 09:38:25,0.18,0.9,5441,0.17,0.85,154,0.18,0.9,8,0.175,0.875,5456,0
SPY190823C297,2019-08-21,2019-08-21 09:38:26,0.18,0.9,5726,0.17,0.85,83,0.17,0.85,2,0.175,0.875,5458,2
SPY190823C297,2019-08-21,2019-08-21 09:38:26,0.18,0.9,5140,0.17,0.85,83,0.18,0.9,8,0.175,0.875,5456,0
SPY190823C297,2019-08-21,2019-08-21 09:38:27,0.18,0.9,5061,0.17,0.85,83,0.17,0.85,2,0.175,0.875,5458,0
SPY190823C297,2019-08-21,2019-08-21 09:38:28,0.18,0.9,4539,0.17,0.85,83,0.17,0.85,2,0.175,0.875,5458,0
SPY190823C297,2019-08-21,2019-08-21 09:38:29,0.18,0.9,5170,0.17,0.85,85,0.17,0.85,2,0.175,0.875,5458,0
SPY190823C297,2019-08-21,2019-08-21 09:38:30,0.17,0.85,134,0.16,0.8,5493,0.17,0.85,2,0.165,0.825,5458,0
SPY190823C297,2019-08-21,2019-08-21 09:38:30,0.17,0.85,134,0.16,0.8,7572,0.17,0.85,2,0.165,0.825,5458,0
SPY190823C297,2019-08-21,2019-08-21 09:38:31,0.17,0.85,135,0.16,0.8,6230,0.17,0.85,2,0.165,0.825,5458,0
SPY190823C297,2019-08-21,2019-08-21 09:38:32,0.17,0.85,135,0.16,0.8,6230,0.17,0.85,2,0.165,0.825,5458,0
SPY190823C297,2019-08-21,2019-08-21 09:38:33,0.17,0.85,155,0.16,0.8,4296,0.17,0.85,2,0.165,0.825,5458,0
SPY190823C297,2019-08-21,2019-08-21 09:38:33,0.17,0.85,135,0.16,0.8,6124,0.17,0.85,2,0.165,0.825,5458,0
SPY190823C297,2019-08-21,2019-08-21 09:38:34,0.17,0.85,155,0.16,0.8,5105,0.17,0.85,2,0.165,0.825,5458,0
SPY190823C297,2019-08-21,2019-08-21 09:38:34,0.17,0.85,155,0.16,0.8,4999,0.17,0.85,2,0.165,0.825,5458,0
SPY190823C297,2019-08-21,2019-08-21 09:38:35,0.17,0.85,155,0.16,0.8,4999,0.17,0.85,2,0.165,0.825,5458,0
SPY190823C297,2019-08-21,2019-08-21 09:38:35,0.17,0.85,125,0.16,0.8,5105,0.17,0.85,2,0.165,0.825,5458,0
SPY190823C297,2019-08-21,2019-08-21 09:38:36,0.17,0.85,125,0.16,0.8,5080,0.17,0.85,2,0.165,0.825,5458,0
SPY190823C297,2019-08-21,2019-08-21 09:38:36,0.17,0.85,155,0.16,0.8,4296,0.17,0.85,2,0.165,0.825,5458,0
SPY190823C297,2019-08-21,2019-08-21 09:38:37,0.17,0.85,155,0.16,0.8,4296,0.17,0.85,2,0.165,0.825,5458,0
SPY190823C297,2019-08-21,2019-08-21 09:38:37,0.17,0.85,2412,0.16,0.8,4402,0.17,0.85,2,0.165,0.825,5458,0
SPY190823C297,2019-08-21,2019-08-21 09:38:38,0.17,0.85,2412,0.16,0.8,2285,0.17,0.85,2,0.165,0.825,5458,0
SPY190823C297,2019-08-21,2019-08-21 09:38:38,0.17,0.85,1780,0.16,0.8,3483,0.17,0.85,2,0.165,0.825,5458,0
SPY190823C297,2019-08-21,2019-08-21 09:38:39,0.17,0.85,2782,0.16,0.8,3589,0.17,0.85,2,0.165,0.825,5458,0
SPY190823C297,2019-08-21,2019-08-21 09:38:39,0.17,0.85,2798,0.16,0.8,3589,0.17,0.85,2,0.165,0.825,5458,0
SPY190823C297,2019-08-21,2019-08-21 09:38:40,0.17,0.85,2798,0.16,0.8,2678,0.17,0.85,2,0.165,0.825,5458,0
SPY190823C297,2019-08-21,2019-08-21 09:38:40,0.17,0.85,2798,0.16,0.8,3589,0.17,0.85,2,0.165,0.825,5458,0
SPY190823C297,2019-08-21,2019-08-21 09:38:41,0.17,0.85,2798,0.16,0.8,3589,0.17,0.85,2,0.165,0.825,5458,0
SPY190823C297,2019-08-21,2019-08-21 09:38:42,0.17,0.85,2798,0.16,0.8,3589,0.17,0.85,2,0.165,0.825,5458,0
SPY190823C297,2019-08-21,2019-08-21 09:38:43,0.17,0.85,75,0.16,0.8,4108,0.17,0.85,2,0.165,0.825,5458,0
SPY190823C297,2019-08-21,2019-08-21 09:38:43,0.17,0.85,2277,0.16,0.8,4253,0.17,0.85,2,0.165,0.825,5458,0
SPY190823C297,2019-08-21,2019-08-21 09:38:44,0.17,0.85,75,0.16,0.8,4347,0.17,0.85,2,0.165,0.825,5458,0
SPY190823C297,2019-08-21,2019-08-21 09:38:44,0.17,0.85,75,0.16,0.8,5224,0.17,0.85,2,0.165,0.825,5458,0
SPY190823C297,2019-08-21,2019-08-21 09:38:46,0.17,0.85,1022,0.16,0.8,5200,0.17,0.85,2,0.165,0.825,5458,0
SPY190823C297,2019-08-21,2019-08-21 09:38:46,0.17,0.85,97,0.16,0.8,5200,0.17,0.85,2,0.165,0.825,5458,0
SPY190823C297,2019-08-21,2019-08-21 09:38:47,0.17,0.85,1662,0.16,0.8,5306,0.17,0.85,2,0.165,0.825,5458,0
SPY190823C297,2019-08-21,2019-08-21 09:38:47,0.17,0.85,272,0.16,0.8,5306,0.17,0.85,2,0.165,0.825,5458,0
SPY190823C297,2019-08-21,2019-08-21 09:38:48,0.17,0.85,272,0.16,0.8,5306,0.17,0.85,2,0.165,0.825,5458,0
SPY190823C297,2019-08-21,2019-08-21 09:38:49,0.17,0.85,1574,0.16,0.8,5306,0.17,0.85,2,0.165,0.825,5458,0
SPY190823C297,2019-08-21,2019-08-21 09:38:50,0.17,0.85,1574,0.16,0.8,5306,0.17,0.85,2,0.165,0.825,5458,0
SPY190823C297,2019-08-21,2019-08-21 09:38:51,0.17,0.85,1574,0.16,0.8,4565,0.17,0.85,2,0.165,0.825,5458,0
SPY190823C297,2019-08-21,2019-08-21 09:38:52,0.17,0.85,1574,0.16,0.8,4565,0.17,0.85,2,0.165,0.825,5458,0
SPY190823C297,2019-08-21,2019-08-21 09:38:53,0.17,0.85,174,0.16,0.8,4565,0.17,0.85,2,0.165,0.825,5458,0
SPY190823C297,2019-08-21,2019-08-21 09:38:54,0.17,0.85,155,0.16,0.8,5474,0.17,0.85,2,0.165,0.825,5458,0
SPY190823C297,2019-08-21,2019-08-21 09:38:54,0.17,0.85,174,0.16,0.8,4565,0.17,0.85,2,0.165,0.825,5458,0
SPY190823C297,2019-08-21,2019-08-21 09:38:55,0.17,0.85,134,0.16,0.8,5474,0.17,0.85,2,0.165,0.825,5458,0
SPY190823C297,2019-08-21,2019-08-21 09:38:55,0.17,0.85,175,0.16,0.8,5521,0.17,0.85,2,0.165,0.825,5458,0
SPY190823C297,2019-08-21,2019-08-21 09:38:56,0.17,0.85,64,0.16,0.8,5494,0.17,0.85,2,0.165,0.825,5458,0
SPY190823C297,2019-08-21,2019-08-21 09:38:56,0.17,0.85,175,0.16,0.8,5415,0.17,0.85,2,0.165,0.825,5458,0
SPY190823C297,2019-08-21,2019-08-21 09:38:57,0.17,0.85,114,0.16,0.8,5632,0.17,0.85,2,0.165,0.825,5458,0
SPY190823C297,2019-08-21,2019-08-21 09:38:58,0.17,0.85,30,0.16,0.8,4649,0.17,0.85,2,0.165,0.825,5458,0
SPY190823C297,2019-08-21,2019-08-21 09:38:58,0.17,0.85,120,0.16,0.8,4787,0.17,0.85,2,0.165,0.825,5458,0
SPY190823C297,2019-08-21,2019-08-21 09:38:59,0.17,0.85,30,0.16,0.8,5580,0.17,0.85,2,0.165,0.825,5458,0
SPY190823C297,2019-08-21,2019-08-21 09:39:00,0.17,0.85,87,0.16,0.8,5476,0.17,0.85,30,0.165,0.825,5488,30
SPY190823C297,2019-08-21,2019-08-21 09:39:00,0.17,0.85,30,0.16,0.8,5476,0.17,0.85,2,0.165,0.825,5458,0
SPY190823C297,2019-08-21,2019-08-21 09:39:01,0.17,0.85,1116,0.16,0.8,7284,0.17,0.85,30,0.165,0.825,5488,0
SPY190823C297,2019-08-21,2019-08-21 09:39:01,0.17,0.85,1116,0.16,0.8,6615,0.17,0.85,30,0.165,0.825,5488,0
SPY190823C297,2019-08-21,2019-08-21 09:39:02,0.17,0.85,1574,0.16,0.8,5177,0.17,0.85,30,0.165,0.825,5488,0
SPY190823C297,2019-08-21,2019-08-21 09:39:03,0.17,0.85,129,0.16,0.8,6724,0.17,0.85,30,0.165,0.825,5488,0
SPY190823C297,2019-08-21,2019-08-21 09:39:03,0.17,0.85,1574,0.16,0.8,5177,0.17,0.85,30,0.165,0.825,5488,0
SPY190823C297,2019-08-21,2019-08-21 09:39:04,0.17,0.85,114,0.16,0.8,5029,0.17,0.85,30,0.165,0.825,5488,0
SPY190823C297,2019-08-21,2019-08-21 09:39:04,0.17,0.85,114,0.16,0.8,5749,0.17,0.85,30,0.165,0.825,5488,0
SPY190823C297,2019-08-21,2019-08-21 09:39:05,0.17,0.85,64,0.16,0.8,5167,0.17,0.85,30,0.165,0.825,5488,0
SPY190823C297,2019-08-21,2019-08-21 09:39:05,0.17,0.85,70,0.16,0.8,5761,0.17,0.85,30,0.165,0.825,5488,0
SPY190823C297,2019-08-21,2019-08-21 09:39:06,0.17,0.85,64,0.16,0.8,5167,0.17,0.85,30,0.165,0.825,5488,0
SPY190823C297,2019-08-21,2019-08-21 09:39:06,0.17,0.85,30,0.16,0.8,4330,0.17,0.85,30,0.165,0.825,5488,0
SPY190823C297,2019-08-21,2019-08-21 09:39:07,0.17,0.85,30,0.16,0.8,3749,0.17,0.85,30,0.165,0.825,5488,0
SPY190823C297,2019-08-21,2019-08-21 09:39:07,0.17,0.85,30,0.16,0.8,4330,0.17,0.85,30,0.165,0.825,5488,0
SPY190823C297,2019-08-21,2019-08-21 09:39:08,0.17,0.85,30,0.16,0.8,5453,0.17,0.85,30,0.165,0.825,5488,0
SPY190823C297,2019-08-21,2019-08-21 09:39:09,0.17,0.85,30,0.16,0.8,5453,0.17,0.85,30,0.165,0.825,5488,0
SPY190823C297,2019-08-21,2019-08-21 09:39:09,0.17,0.85,64,0.16,0.8,5281,0.17,0.85,30,0.165,0.825,5488,0
SPY190823C297,2019-08-21,2019-08-21 09:39:10,0.17,0.85,85,0.16,0.8,5281,0.17,0.85,30,0.165,0.825,5488,0
