symbol,Date,quote_time,ask_price,norm_ask_price,ask_size,bid_price,norm_bid_price,bid_size,last_trade_price,norm_last_trade_price,last_trade_size,mark_price,norm_mark_price,volume,Volume
SPY190726C301,2019-07-25,2019-07-25 09:30:00,0.83,1.0,48,0.75,0.9036,3,0.79,0.9518,10,0.79,0.9518,33,33
SPY190726C301,2019-07-25,2019-07-25 09:30:15,0.78,0.9397,105,0.76,0.9156,180,0.77,0.9277,1,0.77,0.9277,68,35
SPY190726C301,2019-07-25,2019-07-25 09:30:18,0.77,0.9277,32,0.75,0.9036,150,0.77,0.9277,2,0.76,0.9156,70,2
SPY190726C301,2019-07-25,2019-07-25 09:30:24,0.78,0.9397,326,0.76,0.9156,57,0.77,0.9277,3,0.77,0.9277,73,3
SPY190726C301,2019-07-25,2019-07-25 09:30:27,0.77,0.9277,356,0.74,0.8915,315,0.75,0.9036,2,0.755,0.9096,79,6
SPY190726C301,2019-07-25,2019-07-25 09:30:30,0.77,0.9277,116,0.75,0.9036,211,0.75,0.9036,2,0.76,0.9156,79,0
SPY190726C301,2019-07-25,2019-07-25 09:30:31,0.77,0.9277,155,0.74,0.8915,32,0.77,0.9277,50,0.755,0.9096,129,50
SPY190726C301,2019-07-25,2019-07-25 09:30:33,0.76,0.9156,165,0.74,0.8915,62,0.77,0.9277,50,0.75,0.9036,129,0
SPY190726C301,2019-07-25,2019-07-25 09:30:34,0.76,0.9156,155,0.74,0.8915,50,0.77,0.9277,50,0.75,0.9036,129,0
SPY190726C301,2019-07-25,2019-07-25 09:30:36,0.75,0.9036,227,0.73,0.8795,32,0.75,0.9036,1,0.74,0.8915,130,1
SPY190726C301,2019-07-25,2019-07-25 09:30:38,0.73,0.8795,122,0.71,0.8554,25,0.74,0.8915,7,0.72,0.8674,172,42
SPY190726C301,2019-07-25,2019-07-25 09:30:40,0.72,0.8674,42,0.71,0.8554,57,0.72,0.8674,1,0.715,0.8614,173,1
SPY190726C301,2019-07-25,2019-07-25 09:30:42,0.74,0.8915,166,0.72,0.8674,50,0.72,0.8674,1,0.73,0.8795,174,1
SPY190726C301,2019-07-25,2019-07-25 09:30:43,0.73,0.8795,100,0.72,0.8674,57,0.73,0.8795,27,0.725,0.8734,201,27
SPY190726C301,2019-07-25,2019-07-25 09:30:45,0.74,0.8915,3,0.73,0.8795,121,0.73,0.8795,5,0.735,0.8855,206,5
SPY190726C301,2019-07-25,2019-07-25 09:30:47,0.74,0.8915,3,0.73,0.8795,568,0.73,0.8795,5,0.735,0.8855,206,0
SPY190726C301,2019-07-25,2019-07-25 09:30:49,0.75,0.9036,2,0.73,0.8795,138,0.73,0.8795,3,0.74,0.8915,213,7
SPY190726C301,2019-07-25,2019-07-25 09:30:50,0.74,0.8915,5,0.74,0.8915,32,0.74,0.8915,1,0.74,0.8915,214,1
SPY190726C301,2019-07-25,2019-07-25 09:30:52,0.73,0.8795,108,0.71,0.8554,117,0.73,0.8795,1,0.72,0.8674,215,1
SPY190726C301,2019-07-25,2019-07-25 09:30:54,0.73,0.8795,398,0.71,0.8554,90,0.73,0.8795,10,0.72,0.8674,225,10
SPY190726C301,2019-07-25,2019-07-25 09:30:55,0.73,0.8795,329,0.71,0.8554,26,0.73,0.8795,10,0.72,0.8674,225,0
SPY190726C301,2019-07-25,2019-07-25 09:30:57,0.73,0.8795,74,0.72,0.8674,32,0.73,0.8795,10,0.725,0.8734,225,0
SPY190726C301,2019-07-25,2019-07-25 09:30:59,0.72,0.8674,6,0.71,0.8554,35,0.72,0.8674,1,0.715,0.8614,226,1
SPY190726C301,2019-07-25,2019-07-25 09:31:01,0.73,0.8795,100,0.72,0.8674,32,0.72,0.8674,1,0.725,0.8734,226,0
SPY190726C301,2019-07-25,2019-07-25 09:31:01,0.74,0.8915,140,0.72,0.8674,10,0.72,0.8674,1,0.73,0.8795,226,0
SPY190726C301,2019-07-25,2019-07-25 09:31:02,0.74,0.8915,147,0.72,0.8674,358,0.72,0.8674,1,0.73,0.8795,226,0
SPY190726C301,2019-07-25,2019-07-25 09:31:02,0.74,0.8915,122,0.72,0.8674,171,0.72,0.8674,1,0.73,0.8795,226,0
SPY190726C301,2019-07-25,2019-07-25 09:31:03,0.74,0.8915,92,0.72,0.8674,358,0.72,0.8674,1,0.73,0.8795,226,0
SPY190726C301,2019-07-25,2019-07-25 09:31:03,0.74,0.8915,132,0.72,0.8674,60,0.72,0.8674,1,0.73,0.8795,226,0
SPY190726C301,2019-07-25,2019-07-25 09:31:04,0.74,0.8915,132,0.73,0.8795,32,0.72,0.8674,1,0.735,0.8855,226,0
SPY190726C301,2019-07-25,2019-07-25 09:31:05,0.73,0.8795,91,0.72,0.8674,3,0.73,0.8795,1,0.725,0.8734,227,1
SPY190726C301,2019-07-25,2019-07-25 09:31:05,0.73,0.8795,6,0.72,0.8674,2,0.72,0.8674,1,0.725,0.8734,226,0
SPY190726C301,2019-07-25,2019-07-25 09:31:06,0.73,0.8795,100,0.72,0.8674,3,0.73,0.8795,1,0.725,0.8734,227,0
SPY190726C301,2019-07-25,2019-07-25 09:31:06,0.73,0.8795,109,0.72,0.8674,3,0.73,0.8795,1,0.725,0.8734,227,0
SPY190726C301,2019-07-25,2019-07-25 09:31:07,0.74,0.8915,108,0.73,0.8795,10,0.73,0.8795,1,0.735,0.8855,227,0
SPY190726C301,2019-07-25,2019-07-25 09:31:07,0.74,0.8915,116,0.73,0.8795,34,0.73,0.8795,1,0.735,0.8855,227,0
SPY190726C301,2019-07-25,2019-07-25 09:31:08,0.74,0.8915,166,0.73,0.8795,10,0.73,0.8795,1,0.735,0.8855,227,0
SPY190726C301,2019-07-25,2019-07-25 09:31:09,0.73,0.8795,6,0.72,0.8674,2,0.73,0.8795,10,0.725,0.8734,237,0
SPY190726C301,2019-07-25,2019-07-25 09:31:09,0.73,0.8795,6,0.72,0.8674,2,0.73,0.8795,10,0.725,0.8734,237,10
SPY190726C301,2019-07-25,2019-07-25 09:31:10,0.73,0.8795,9,0.71,0.8554,1,0.72,0.8674,2,0.72,0.8674,239,2
SPY190726C301,2019-07-25,2019-07-25 09:31:10,0.72,0.8674,158,0.71,0.8554,1,0.72,0.8674,2,0.715,0.8614,239,0
SPY190726C301,2019-07-25,2019-07-25 09:31:11,0.72,0.8674,158,0.71,0.8554,1,0.72,0.8674,2,0.715,0.8614,239,0
SPY190726C301,2019-07-25,2019-07-25 09:31:11,0.72,0.8674,219,0.71,0.8554,1,0.72,0.8674,2,0.715,0.8614,239,0
SPY190726C301,2019-07-25,2019-07-25 09:31:12,0.72,0.8674,241,0.71,0.8554,1,0.71,0.8554,1,0.715,0.8614,240,1
SPY190726C301,2019-07-25,2019-07-25 09:31:13,0.72,0.8674,161,0.71,0.8554,1,0.71,0.8554,1,0.715,0.8614,240,0
SPY190726C301,2019-07-25,2019-07-25 09:31:13,0.72,0.8674,241,0.71,0.8554,1,0.71,0.8554,1,0.715,0.8614,240,0
SPY190726C301,2019-07-25,2019-07-25 09:31:14,0.72,0.8674,547,0.68,0.8192,162,0.71,0.8554,1,0.7,0.8433,241,1
SPY190726C301,2019-07-25,2019-07-25 09:31:14,0.71,0.8554,111,0.69,0.8313,438,0.71,0.8554,1,0.7,0.8433,241,0
SPY190726C301,2019-07-25,2019-07-25 09:31:15,0.71,0.8554,5,0.7,0.8433,32,0.7,0.8433,1,0.705,0.8493,242,1
SPY190726C301,2019-07-25,2019-07-25 09:31:15,0.71,0.8554,5,0.7,0.8433,32,0.71,0.8554,1,0.705,0.8493,241,0
SPY190726C301,2019-07-25,2019-07-25 09:31:16,0.72,0.8674,111,0.71,0.8554,42,0.7,0.8433,1,0.715,0.8614,242,0
SPY190726C301,2019-07-25,2019-07-25 09:31:16,0.71,0.8554,5,0.7,0.8433,32,0.7,0.8433,1,0.705,0.8493,242,0
SPY190726C301,2019-07-25,2019-07-25 09:31:17,0.71,0.8554,5,0.7,0.8433,75,0.71,0.8554,4,0.705,0.8493,246,0
SPY190726C301,2019-07-25,2019-07-25 09:31:17,0.72,0.8674,100,0.71,0.8554,57,0.71,0.8554,4,0.715,0.8614,246,4
SPY190726C301,2019-07-25,2019-07-25 09:31:18,0.71,0.8554,5,0.7,0.8433,75,0.71,0.8554,4,0.705,0.8493,246,0
SPY190726C301,2019-07-25,2019-07-25 09:31:19,0.7,0.8433,32,0.69,0.8313,25,0.71,0.8554,4,0.695,0.8373,246,0
SPY190726C301,2019-07-25,2019-07-25 09:31:19,0.71,0.8554,111,0.69,0.8313,545,0.71,0.8554,4,0.7,0.8433,246,0
SPY190726C301,2019-07-25,2019-07-25 09:31:20,0.7,0.8433,111,0.69,0.8313,335,0.71,0.8554,4,0.695,0.8373,246,0
SPY190726C301,2019-07-25,2019-07-25 09:31:20,0.7,0.8433,5,0.68,0.8192,438,0.71,0.8554,4,0.69,0.8313,246,0
SPY190726C301,2019-07-25,2019-07-25 09:31:21,0.7,0.8433,111,0.68,0.8192,697,0.71,0.8554,4,0.69,0.8313,246,0
SPY190726C301,2019-07-25,2019-07-25 09:31:21,0.7,0.8433,111,0.68,0.8192,637,0.71,0.8554,4,0.69,0.8313,246,0
SPY190726C301,2019-07-25,2019-07-25 09:31:22,0.7,0.8433,111,0.68,0.8192,637,0.71,0.8554,4,0.69,0.8313,246,0
SPY190726C301,2019-07-25,2019-07-25 09:31:22,0.7,0.8433,111,0.68,0.8192,611,0.69,0.8313,100,0.69,0.8313,346,100
SPY190726C301,2019-07-25,2019-07-25 09:31:23,0.7,0.8433,111,0.69,0.8313,1,0.69,0.8313,100,0.695,0.8373,346,0
SPY190726C301,2019-07-25,2019-07-25 09:31:24,0.7,0.8433,111,0.69,0.8313,1,0.69,0.8313,2,0.695,0.8373,348,2
SPY190726C301,2019-07-25,2019-07-25 09:31:24,0.7,0.8433,111,0.68,0.8192,533,0.69,0.8313,100,0.69,0.8313,346,0
SPY190726C301,2019-07-25,2019-07-25 09:31:25,0.7,0.8433,111,0.68,0.8192,633,0.68,0.8192,12,0.69,0.8313,361,12
SPY190726C301,2019-07-25,2019-07-25 09:31:25,0.69,0.8313,12,0.68,0.8192,301,0.69,0.8313,1,0.685,0.8253,349,1
SPY190726C301,2019-07-25,2019-07-25 09:31:26,0.69,0.8313,1,0.68,0.8192,633,0.68,0.8192,12,0.685,0.8253,361,0
SPY190726C301,2019-07-25,2019-07-25 09:31:27,0.7,0.8433,111,0.68,0.8192,585,0.68,0.8192,12,0.69,0.8313,361,0
SPY190726C301,2019-07-25,2019-07-25 09:31:28,0.7,0.8433,111,0.68,0.8192,348,0.7,0.8433,1,0.69,0.8313,389,1
SPY190726C301,2019-07-25,2019-07-25 09:31:28,0.7,0.8433,111,0.68,0.8192,634,0.68,0.8192,22,0.69,0.8313,388,27
SPY190726C301,2019-07-25,2019-07-25 09:31:29,0.7,0.8433,161,0.68,0.8192,234,0.7,0.8433,1,0.69,0.8313,389,0
SPY190726C301,2019-07-25,2019-07-25 09:31:30,0.7,0.8433,138,0.67,0.8072,56,0.7,0.8433,1,0.685,0.8253,389,0
SPY190726C301,2019-07-25,2019-07-25 09:31:30,0.68,0.8192,5,0.66,0.7951,518,0.7,0.8433,1,0.67,0.8072,389,0
SPY190726C301,2019-07-25,2019-07-25 09:31:31,0.68,0.8192,5,0.67,0.8072,87,0.7,0.8433,1,0.675,0.8132,389,0
SPY190726C301,2019-07-25,2019-07-25 09:31:31,0.69,0.8313,317,0.67,0.8072,87,0.7,0.8433,1,0.68,0.8192,389,0
SPY190726C301,2019-07-25,2019-07-25 09:31:32,0.68,0.8192,88,0.66,0.7951,327,0.69,0.8313,5,0.67,0.8072,509,5
SPY190726C301,2019-07-25,2019-07-25 09:31:32,0.68,0.8192,5,0.67,0.8072,77,0.68,0.8192,5,0.675,0.8132,504,115
SPY190726C301,2019-07-25,2019-07-25 09:31:33,0.68,0.8192,60,0.66,0.7951,3,0.69,0.8313,5,0.67,0.8072,509,0
SPY190726C301,2019-07-25,2019-07-25 09:31:33,0.68,0.8192,5,0.67,0.8072,76,0.69,0.8313,5,0.675,0.8132,509,0
SPY190726C301,2019-07-25,2019-07-25 09:31:34,0.67,0.8072,88,0.66,0.7951,27,0.69,0.8313,5,0.665,0.8012,509,0
SPY190726C301,2019-07-25,2019-07-25 09:31:35,0.67,0.8072,114,0.66,0.7951,27,0.69,0.8313,5,0.665,0.8012,509,0
SPY190726C301,2019-07-25,2019-07-25 09:31:35,0.67,0.8072,100,0.66,0.7951,67,0.69,0.8313,5,0.665,0.8012,509,0
SPY190726C301,2019-07-25,2019-07-25 09:31:36,0.66,0.7951,164,0.64,0.771,196,0.69,0.8313,5,0.65,0.7831,509,0
SPY190726C301,2019-07-25,2019-07-25 09:31:36,0.66,0.7951,32,0.65,0.7831,13,0.69,0.8313,5,0.655,0.7891,509,0
SPY190726C301,2019-07-25,2019-07-25 09:31:37,0.65,0.7831,88,0.64,0.771,7,0.65,0.7831,1,0.645,0.7771,521,12
SPY190726C301,2019-07-25,2019-07-25 09:31:37,0.65,0.7831,50,0.63,0.759,145,0.65,0.7831,12,0.64,0.771,577,56
SPY190726C301,2019-07-25,2019-07-25 09:31:38,0.64,0.771,5,0.63,0.759,145,0.66,0.7951,15,0.635,0.765,622,45
SPY190726C301,2019-07-25,2019-07-25 09:31:38,0.65,0.7831,6,0.63,0.759,86,0.65,0.7831,5,0.64,0.771,635,13
SPY190726C301,2019-07-25,2019-07-25 09:31:39,0.65,0.7831,6,0.63,0.759,113,0.65,0.7831,5,0.64,0.771,635,0
SPY190726C301,2019-07-25,2019-07-25 09:31:40,0.64,0.771,5,0.63,0.759,143,0.65,0.7831,2,0.635,0.765,644,9
SPY190726C301,2019-07-25,2019-07-25 09:31:40,0.64,0.771,5,0.63,0.759,185,0.64,0.771,2,0.635,0.765,651,7
SPY190726C301,2019-07-25,2019-07-25 09:31:41,0.64,0.771,5,0.63,0.759,90,0.65,0.7831,1,0.635,0.765,655,4
SPY190726C301,2019-07-25,2019-07-25 09:31:41,0.64,0.771,5,0.63,0.759,339,0.64,0.771,2,0.635,0.765,651,0
SPY190726C301,2019-07-25,2019-07-25 09:31:42,0.64,0.771,5,0.63,0.759,434,0.65,0.7831,6,0.635,0.765,680,0
SPY190726C301,2019-07-25,2019-07-25 09:31:42,0.64,0.771,5,0.63,0.759,481,0.65,0.7831,6,0.635,0.765,680,25
SPY190726C301,2019-07-25,2019-07-25 09:31:43,0.65,0.7831,111,0.64,0.771,404,0.65,0.7831,6,0.645,0.7771,680,0
SPY190726C301,2019-07-25,2019-07-25 09:31:43,0.65,0.7831,111,0.64,0.771,32,0.65,0.7831,6,0.645,0.7771,680,0
SPY190726C301,2019-07-25,2019-07-25 09:31:44,0.65,0.7831,111,0.64,0.771,404,0.65,0.7831,6,0.645,0.7771,680,0
SPY190726C301,2019-07-25,2019-07-25 09:31:45,0.66,0.7951,38,0.65,0.7831,719,0.64,0.771,1,0.655,0.7891,682,2
SPY190726C301,2019-07-25,2019-07-25 09:31:46,0.66,0.7951,32,0.65,0.7831,1084,0.64,0.771,1,0.655,0.7891,682,0
SPY190726C301,2019-07-25,2019-07-25 09:31:46,0.66,0.7951,38,0.65,0.7831,1084,0.64,0.771,1,0.655,0.7891,682,0
SPY190726C301,2019-07-25,2019-07-25 09:31:47,0.66,0.7951,66,0.64,0.771,500,0.64,0.771,1,0.65,0.7831,682,0
SPY190726C301,2019-07-25,2019-07-25 09:31:47,0.66,0.7951,66,0.64,0.771,538,0.64,0.771,1,0.65,0.7831,682,0
SPY190726C301,2019-07-25,2019-07-25 09:31:48,0.66,0.7951,1,0.65,0.7831,460,0.64,0.771,1,0.655,0.7891,682,0
SPY190726C301,2019-07-25,2019-07-25 09:31:49,0.66,0.7951,234,0.64,0.771,150,0.65,0.7831,33,0.65,0.7831,722,40
SPY190726C301,2019-07-25,2019-07-25 09:31:49,0.65,0.7831,135,0.64,0.771,150,0.64,0.771,20,0.645,0.7771,742,20
SPY190726C301,2019-07-25,2019-07-25 09:31:50,0.65,0.7831,407,0.63,0.759,36,0.64,0.771,20,0.64,0.771,742,0
SPY190726C301,2019-07-25,2019-07-25 09:31:50,0.64,0.771,136,0.63,0.759,179,0.64,0.771,20,0.635,0.765,742,0
SPY190726C301,2019-07-25,2019-07-25 09:31:51,0.64,0.771,5,0.63,0.759,625,0.64,0.771,20,0.635,0.765,742,0
SPY190726C301,2019-07-25,2019-07-25 09:31:51,0.64,0.771,136,0.63,0.759,222,0.64,0.771,20,0.635,0.765,742,0
SPY190726C301,2019-07-25,2019-07-25 09:31:52,0.64,0.771,5,0.63,0.759,505,0.64,0.771,20,0.635,0.765,742,0
SPY190726C301,2019-07-25,2019-07-25 09:31:53,0.65,0.7831,340,0.63,0.759,844,0.64,0.771,20,0.64,0.771,742,0
SPY190726C301,2019-07-25,2019-07-25 09:31:54,0.65,0.7831,281,0.63,0.759,315,0.64,0.771,20,0.64,0.771,742,0
SPY190726C301,2019-07-25,2019-07-25 09:31:54,0.65,0.7831,271,0.63,0.759,844,0.64,0.771,20,0.64,0.771,742,0
SPY190726C301,2019-07-25,2019-07-25 09:31:55,0.65,0.7831,340,0.64,0.771,4,0.64,0.771,4,0.645,0.7771,747,4
SPY190726C301,2019-07-25,2019-07-25 09:31:55,0.65,0.7831,340,0.64,0.771,4,0.63,0.759,1,0.645,0.7771,743,1
SPY190726C301,2019-07-25,2019-07-25 09:31:56,0.64,0.771,155,0.63,0.759,1,0.64,0.771,4,0.635,0.765,747,0
SPY190726C301,2019-07-25,2019-07-25 09:31:57,0.65,0.7831,432,0.63,0.759,86,0.64,0.771,4,0.64,0.771,747,0
SPY190726C301,2019-07-25,2019-07-25 09:31:57,0.67,0.8072,155,0.65,0.7831,155,0.65,0.7831,10,0.66,0.7951,758,11
SPY190726C301,2019-07-25,2019-07-25 09:31:58,0.66,0.7951,68,0.65,0.7831,32,0.65,0.7831,10,0.655,0.7891,758,0
SPY190726C301,2019-07-25,2019-07-25 09:31:58,0.66,0.7951,68,0.65,0.7831,90,0.65,0.7831,10,0.655,0.7891,758,0
SPY190726C301,2019-07-25,2019-07-25 09:31:59,0.66,0.7951,66,0.65,0.7831,32,0.66,0.7951,23,0.655,0.7891,858,100
SPY190726C301,2019-07-25,2019-07-25 09:32:00,0.66,0.7951,71,0.65,0.7831,40,0.66,0.7951,23,0.655,0.7891,858,0
SPY190726C301,2019-07-25,2019-07-25 09:32:01,0.68,0.8192,115,0.66,0.7951,150,0.65,0.7831,1,0.67,0.8072,859,1
SPY190726C301,2019-07-25,2019-07-25 09:32:02,0.68,0.8192,36,0.66,0.7951,524,0.65,0.7831,1,0.67,0.8072,859,0
SPY190726C301,2019-07-25,2019-07-25 09:32:03,0.7,0.8433,240,0.68,0.8192,469,0.7,0.8433,1,0.69,0.8313,861,1
SPY190726C301,2019-07-25,2019-07-25 09:32:03,0.7,0.8433,225,0.68,0.8192,174,0.7,0.8433,1,0.69,0.8313,860,1
SPY190726C301,2019-07-25,2019-07-25 09:32:04,0.7,0.8433,200,0.68,0.8192,291,0.7,0.8433,1,0.69,0.8313,861,0
SPY190726C301,2019-07-25,2019-07-25 09:32:05,0.7,0.8433,200,0.68,0.8192,318,0.7,0.8433,1,0.69,0.8313,861,0
SPY190726C301,2019-07-25,2019-07-25 09:32:05,0.69,0.8313,120,0.67,0.8072,400,0.7,0.8433,1,0.68,0.8192,861,0
SPY190726C301,2019-07-25,2019-07-25 09:32:06,0.71,0.8554,146,0.69,0.8313,173,0.7,0.8433,1,0.7,0.8433,861,0
SPY190726C301,2019-07-25,2019-07-25 09:32:07,0.72,0.8674,186,0.69,0.8313,136,0.7,0.8433,1,0.705,0.8493,861,0
SPY190726C301,2019-07-25,2019-07-25 09:32:08,0.7,0.8433,136,0.69,0.8313,1,0.7,0.8433,1,0.695,0.8373,861,0
SPY190726C301,2019-07-25,2019-07-25 09:32:08,0.7,0.8433,146,0.69,0.8313,1,0.7,0.8433,1,0.695,0.8373,861,0
SPY190726C301,2019-07-25,2019-07-25 09:32:09,0.7,0.8433,435,0.69,0.8313,1,0.7,0.8433,1,0.695,0.8373,861,0
SPY190726C301,2019-07-25,2019-07-25 09:32:10,0.69,0.8313,36,0.67,0.8072,197,0.69,0.8313,6,0.68,0.8192,887,26
SPY190726C301,2019-07-25,2019-07-25 09:32:11,0.69,0.8313,29,0.67,0.8072,232,0.67,0.8072,1,0.68,0.8192,888,1
SPY190726C301,2019-07-25,2019-07-25 09:32:11,0.7,0.8433,211,0.67,0.8072,592,0.69,0.8313,6,0.685,0.8253,887,0
SPY190726C301,2019-07-25,2019-07-25 09:32:12,0.69,0.8313,36,0.67,0.8072,232,0.67,0.8072,1,0.68,0.8192,888,0
SPY190726C301,2019-07-25,2019-07-25 09:32:13,0.68,0.8192,136,0.67,0.8072,31,0.67,0.8072,1,0.675,0.8132,888,0
SPY190726C301,2019-07-25,2019-07-25 09:32:13,0.69,0.8313,139,0.67,0.8072,323,0.67,0.8072,1,0.68,0.8192,888,0
SPY190726C301,2019-07-25,2019-07-25 09:32:15,0.68,0.8192,90,0.67,0.8072,39,0.68,0.8192,14,0.675,0.8132,902,0
SPY190726C301,2019-07-25,2019-07-25 09:32:15,0.68,0.8192,1,0.67,0.8072,39,0.68,0.8192,14,0.675,0.8132,902,14
SPY190726C301,2019-07-25,2019-07-25 09:32:16,0.68,0.8192,117,0.67,0.8072,71,0.68,0.8192,14,0.675,0.8132,902,0
SPY190726C301,2019-07-25,2019-07-25 09:32:17,0.68,0.8192,72,0.67,0.8072,48,0.68,0.8192,100,0.675,0.8132,1002,100
SPY190726C301,2019-07-25,2019-07-25 09:32:17,0.68,0.8192,110,0.67,0.8072,61,0.68,0.8192,100,0.675,0.8132,1002,0
SPY190726C301,2019-07-25,2019-07-25 09:32:18,0.68,0.8192,110,0.67,0.8072,61,0.68,0.8192,100,0.675,0.8132,1002,0
SPY190726C301,2019-07-25,2019-07-25 09:32:19,0.66,0.7951,142,0.65,0.7831,25,0.68,0.8192,100,0.655,0.7891,1002,0
SPY190726C301,2019-07-25,2019-07-25 09:32:20,0.66,0.7951,142,0.65,0.7831,25,0.68,0.8192,100,0.655,0.7891,1002,0
SPY190726C301,2019-07-25,2019-07-25 09:32:20,0.65,0.7831,147,0.63,0.759,202,0.65,0.7831,1,0.64,0.771,1007,5
SPY190726C301,2019-07-25,2019-07-25 09:32:21,0.65,0.7831,113,0.63,0.759,317,0.65,0.7831,1,0.64,0.771,1007,0
SPY190726C301,2019-07-25,2019-07-25 09:32:21,0.65,0.7831,147,0.63,0.759,429,0.65,0.7831,1,0.64,0.771,1007,0
SPY190726C301,2019-07-25,2019-07-25 09:32:22,0.65,0.7831,113,0.63,0.759,529,0.65,0.7831,10,0.64,0.771,1017,10
SPY190726C301,2019-07-25,2019-07-25 09:32:23,0.64,0.771,151,0.62,0.7469,68,0.65,0.7831,10,0.63,0.759,1017,0
SPY190726C301,2019-07-25,2019-07-25 09:32:23,0.63,0.759,112,0.62,0.7469,12,0.63,0.759,11,0.625,0.753,1028,11
SPY190726C301,2019-07-25,2019-07-25 09:32:24,0.63,0.759,112,0.62,0.7469,12,0.63,0.759,11,0.625,0.753,1028,0
SPY190726C301,2019-07-25,2019-07-25 09:32:24,0.63,0.759,210,0.62,0.7469,12,0.63,0.759,5,0.625,0.753,1038,10
SPY190726C301,2019-07-25,2019-07-25 09:32:25,0.63,0.759,156,0.61,0.7349,179,0.62,0.7469,12,0.62,0.7469,1050,0
SPY190726C301,2019-07-25,2019-07-25 09:32:25,0.63,0.759,156,0.61,0.7349,210,0.62,0.7469,12,0.62,0.7469,1050,12
SPY190726C301,2019-07-25,2019-07-25 09:32:26,0.61,0.7349,36,0.6,0.7228,479,0.62,0.7469,12,0.605,0.7289,1050,0
SPY190726C301,2019-07-25,2019-07-25 09:32:27,0.62,0.7469,120,0.6,0.7228,308,0.62,0.7469,12,0.61,0.7349,1050,0
SPY190726C301,2019-07-25,2019-07-25 09:32:28,0.61,0.7349,18,0.6,0.7228,636,0.62,0.7469,12,0.605,0.7289,1050,0
SPY190726C301,2019-07-25,2019-07-25 09:32:28,0.61,0.7349,38,0.6,0.7228,636,0.62,0.7469,12,0.605,0.7289,1050,0
SPY190726C301,2019-07-25,2019-07-25 09:32:29,0.61,0.7349,143,0.6,0.7228,130,0.62,0.7469,12,0.605,0.7289,1050,0
SPY190726C301,2019-07-25,2019-07-25 09:32:29,0.61,0.7349,175,0.6,0.7228,130,0.62,0.7469,12,0.605,0.7289,1050,0
SPY190726C301,2019-07-25,2019-07-25 09:32:30,0.61,0.7349,285,0.6,0.7228,130,0.62,0.7469,12,0.605,0.7289,1050,0
SPY190726C301,2019-07-25,2019-07-25 09:32:31,0.61,0.7349,91,0.6,0.7228,130,0.62,0.7469,12,0.605,0.7289,1050,0
SPY190726C301,2019-07-25,2019-07-25 09:32:31,0.61,0.7349,300,0.6,0.7228,130,0.62,0.7469,12,0.605,0.7289,1050,0
SPY190726C301,2019-07-25,2019-07-25 09:32:33,0.61,0.7349,263,0.6,0.7228,130,0.62,0.7469,12,0.605,0.7289,1050,0
SPY190726C301,2019-07-25,2019-07-25 09:32:34,0.61,0.7349,132,0.6,0.7228,120,0.62,0.7469,12,0.605,0.7289,1050,0
SPY190726C301,2019-07-25,2019-07-25 09:32:36,0.61,0.7349,334,0.58,0.6987,314,0.6,0.7228,180,0.595,0.7168,1359,309
SPY190726C301,2019-07-25,2019-07-25 09:32:38,0.58,0.6987,60,0.57,0.6867,504,0.6,0.7228,20,0.575,0.6927,1379,20
SPY190726C301,2019-07-25,2019-07-25 09:32:39,0.6,0.7228,102,0.58,0.6987,383,0.58,0.6987,10,0.59,0.7108,1389,10
SPY190726C301,2019-07-25,2019-07-25 09:32:41,0.59,0.7108,36,0.58,0.6987,314,0.58,0.6987,10,0.585,0.7048,1389,0
SPY190726C301,2019-07-25,2019-07-25 09:32:42,0.59,0.7108,68,0.59,0.7108,30,0.58,0.6987,10,0.59,0.7108,1389,0
SPY190726C301,2019-07-25,2019-07-25 09:32:43,0.58,0.6987,63,0.57,0.6867,181,0.58,0.6987,10,0.575,0.6927,1389,0
SPY190726C301,2019-07-25,2019-07-25 09:32:43,0.59,0.7108,72,0.58,0.6987,287,0.58,0.6987,10,0.585,0.7048,1389,0
SPY190726C301,2019-07-25,2019-07-25 09:32:44,0.58,0.6987,36,0.57,0.6867,212,0.58,0.6987,15,0.575,0.6927,1404,15
SPY190726C301,2019-07-25,2019-07-25 09:32:45,0.58,0.6987,6,0.56,0.6746,323,0.58,0.6987,15,0.57,0.6867,1404,0
SPY190726C301,2019-07-25,2019-07-25 09:32:45,0.58,0.6987,136,0.56,0.6746,605,0.58,0.6987,100,0.57,0.6867,1504,100
SPY190726C301,2019-07-25,2019-07-25 09:32:46,0.58,0.6987,64,0.56,0.6746,880,0.58,0.6987,100,0.57,0.6867,1504,0
SPY190726C301,2019-07-25,2019-07-25 09:32:47,0.58,0.6987,111,0.56,0.6746,386,0.58,0.6987,100,0.57,0.6867,1504,0
SPY190726C301,2019-07-25,2019-07-25 09:32:47,0.57,0.6867,48,0.56,0.6746,311,0.58,0.6987,100,0.565,0.6807,1504,0
SPY190726C301,2019-07-25,2019-07-25 09:32:48,0.57,0.6867,36,0.56,0.6746,411,0.58,0.6987,100,0.565,0.6807,1504,0
SPY190726C301,2019-07-25,2019-07-25 09:32:49,0.57,0.6867,71,0.56,0.6746,411,0.58,0.6987,100,0.565,0.6807,1504,0
SPY190726C301,2019-07-25,2019-07-25 09:32:49,0.57,0.6867,71,0.56,0.6746,281,0.58,0.6987,100,0.565,0.6807,1504,0
SPY190726C301,2019-07-25,2019-07-25 09:32:50,0.57,0.6867,91,0.56,0.6746,281,0.58,0.6987,100,0.565,0.6807,1504,0
SPY190726C301,2019-07-25,2019-07-25 09:32:51,0.56,0.6746,67,0.55,0.6626,289,0.58,0.6987,100,0.555,0.6686,1504,0
SPY190726C301,2019-07-25,2019-07-25 09:32:52,0.56,0.6746,67,0.55,0.6626,315,0.56,0.6746,1,0.555,0.6686,1505,1
SPY190726C301,2019-07-25,2019-07-25 09:32:52,0.56,0.6746,67,0.55,0.6626,315,0.56,0.6746,1,0.555,0.6686,1505,0
SPY190726C301,2019-07-25,2019-07-25 09:32:53,0.56,0.6746,67,0.55,0.6626,380,0.56,0.6746,1,0.555,0.6686,1505,0
SPY190726C301,2019-07-25,2019-07-25 09:32:53,0.56,0.6746,127,0.55,0.6626,385,0.56,0.6746,1,0.555,0.6686,1505,0
SPY190726C301,2019-07-25,2019-07-25 09:32:54,0.56,0.6746,127,0.55,0.6626,385,0.56,0.6746,1,0.555,0.6686,1505,0
SPY190726C301,2019-07-25,2019-07-25 09:32:55,0.56,0.6746,127,0.55,0.6626,838,0.56,0.6746,2,0.555,0.6686,1507,2
SPY190726C301,2019-07-25,2019-07-25 09:32:55,0.56,0.6746,125,0.55,0.6626,629,0.56,0.6746,2,0.555,0.6686,1507,0
SPY190726C301,2019-07-25,2019-07-25 09:32:56,0.56,0.6746,65,0.55,0.6626,629,0.56,0.6746,2,0.555,0.6686,1507,0
SPY190726C301,2019-07-25,2019-07-25 09:32:56,0.56,0.6746,35,0.55,0.6626,385,0.56,0.6746,2,0.555,0.6686,1507,0
SPY190726C301,2019-07-25,2019-07-25 09:32:57,0.56,0.6746,67,0.55,0.6626,315,0.56,0.6746,2,0.555,0.6686,1507,0
SPY190726C301,2019-07-25,2019-07-25 09:32:57,0.56,0.6746,127,0.55,0.6626,215,0.56,0.6746,2,0.555,0.6686,1507,0
SPY190726C301,2019-07-25,2019-07-25 09:32:58,0.56,0.6746,67,0.55,0.6626,211,0.56,0.6746,9,0.555,0.6686,1546,39
SPY190726C301,2019-07-25,2019-07-25 09:32:59,0.57,0.6867,116,0.56,0.6746,16,0.57,0.6867,1,0.565,0.6807,1547,1
SPY190726C301,2019-07-25,2019-07-25 09:32:59,0.56,0.6746,136,0.55,0.6626,50,0.55,0.6626,1,0.555,0.6686,1548,1
SPY190726C301,2019-07-25,2019-07-25 09:33:00,0.55,0.6626,36,0.54,0.6506,298,0.55,0.6626,1,0.545,0.6566,1548,0
SPY190726C301,2019-07-25,2019-07-25 09:33:01,0.55,0.6626,57,0.54,0.6506,298,0.55,0.6626,1,0.545,0.6566,1549,1
SPY190726C301,2019-07-25,2019-07-25 09:33:01,0.55,0.6626,57,0.54,0.6506,298,0.55,0.6626,1,0.545,0.6566,1548,0
SPY190726C301,2019-07-25,2019-07-25 09:33:02,0.55,0.6626,18,0.54,0.6506,279,0.55,0.6626,1,0.545,0.6566,1549,0
SPY190726C301,2019-07-25,2019-07-25 09:33:03,0.55,0.6626,40,0.54,0.6506,380,0.55,0.6626,1,0.545,0.6566,1549,0
SPY190726C301,2019-07-25,2019-07-25 09:33:03,0.55,0.6626,68,0.54,0.6506,431,0.55,0.6626,1,0.545,0.6566,1549,0
SPY190726C301,2019-07-25,2019-07-25 09:33:04,0.55,0.6626,118,0.54,0.6506,354,0.54,0.6506,5,0.545,0.6566,1554,5
SPY190726C301,2019-07-25,2019-07-25 09:33:04,0.57,0.6867,128,0.55,0.6626,538,0.55,0.6626,1,0.56,0.6746,1555,1
SPY190726C301,2019-07-25,2019-07-25 09:33:05,0.58,0.6987,82,0.57,0.6867,247,0.56,0.6746,2,0.575,0.6927,1558,3
SPY190726C301,2019-07-25,2019-07-25 09:33:06,0.59,0.7108,186,0.57,0.6867,352,0.56,0.6746,2,0.58,0.6987,1558,0
SPY190726C301,2019-07-25,2019-07-25 09:33:06,0.6,0.7228,761,0.58,0.6987,1,0.58,0.6987,10,0.59,0.7108,1568,10
SPY190726C301,2019-07-25,2019-07-25 09:33:07,0.59,0.7108,92,0.58,0.6987,234,0.58,0.6987,10,0.585,0.7048,1568,0
SPY190726C301,2019-07-25,2019-07-25 09:33:08,0.61,0.7349,64,0.6,0.7228,345,0.6,0.7228,4,0.605,0.7289,1593,25
SPY190726C301,2019-07-25,2019-07-25 09:33:08,0.59,0.7108,24,0.58,0.6987,1133,0.58,0.6987,10,0.585,0.7048,1568,0
SPY190726C301,2019-07-25,2019-07-25 09:33:09,0.6,0.7228,64,0.59,0.7108,234,0.6,0.7228,4,0.595,0.7168,1593,0
SPY190726C301,2019-07-25,2019-07-25 09:33:09,0.6,0.7228,187,0.59,0.7108,10,0.6,0.7228,4,0.595,0.7168,1593,0
SPY190726C301,2019-07-25,2019-07-25 09:33:10,0.6,0.7228,564,0.59,0.7108,2,0.59,0.7108,4,0.595,0.7168,1701,108
SPY190726C301,2019-07-25,2019-07-25 09:33:10,0.6,0.7228,88,0.59,0.7108,2,0.59,0.7108,4,0.595,0.7168,1701,0
SPY190726C301,2019-07-25,2019-07-25 09:33:11,0.6,0.7228,132,0.59,0.7108,6,0.59,0.7108,4,0.595,0.7168,1701,0
SPY190726C301,2019-07-25,2019-07-25 09:33:12,0.6,0.7228,432,0.59,0.7108,6,0.59,0.7108,1,0.595,0.7168,1702,1
SPY190726C301,2019-07-25,2019-07-25 09:33:12,0.6,0.7228,811,0.59,0.7108,6,0.59,0.7108,1,0.595,0.7168,1702,0
SPY190726C301,2019-07-25,2019-07-25 09:33:13,0.59,0.7108,164,0.58,0.6987,8,0.59,0.7108,90,0.585,0.7048,1793,0
SPY190726C301,2019-07-25,2019-07-25 09:33:13,0.59,0.7108,48,0.58,0.6987,8,0.59,0.7108,90,0.585,0.7048,1793,91
SPY190726C301,2019-07-25,2019-07-25 09:33:14,0.59,0.7108,58,0.58,0.6987,350,0.59,0.7108,90,0.585,0.7048,1793,0
SPY190726C301,2019-07-25,2019-07-25 09:33:15,0.59,0.7108,114,0.58,0.6987,248,0.59,0.7108,90,0.585,0.7048,1793,0
SPY190726C301,2019-07-25,2019-07-25 09:33:15,0.59,0.7108,95,0.58,0.6987,350,0.59,0.7108,90,0.585,0.7048,1793,0
SPY190726C301,2019-07-25,2019-07-25 09:33:16,0.59,0.7108,1,0.58,0.6987,248,0.59,0.7108,1,0.585,0.7048,1908,115
SPY190726C301,2019-07-25,2019-07-25 09:33:16,0.6,0.7228,727,0.58,0.6987,248,0.59,0.7108,90,0.59,0.7108,1793,0
SPY190726C301,2019-07-25,2019-07-25 09:33:17,0.59,0.7108,280,0.57,0.6867,234,0.59,0.7108,303,0.58,0.6987,2294,386
SPY190726C301,2019-07-25,2019-07-25 09:33:17,0.59,0.7108,1,0.58,0.6987,248,0.59,0.7108,1,0.585,0.7048,1908,0
SPY190726C301,2019-07-25,2019-07-25 09:33:18,0.6,0.7228,180,0.58,0.6987,364,0.59,0.7108,303,0.59,0.7108,2294,0
SPY190726C301,2019-07-25,2019-07-25 09:33:18,0.59,0.7108,640,0.57,0.6867,234,0.59,0.7108,303,0.58,0.6987,2294,0
SPY190726C301,2019-07-25,2019-07-25 09:33:19,0.59,0.7108,1,0.58,0.6987,613,0.59,0.7108,303,0.585,0.7048,2294,0
SPY190726C301,2019-07-25,2019-07-25 09:33:20,0.59,0.7108,16,0.58,0.6987,348,0.59,0.7108,303,0.585,0.7048,2294,0
SPY190726C301,2019-07-25,2019-07-25 09:33:20,0.59,0.7108,16,0.58,0.6987,395,0.59,0.7108,303,0.585,0.7048,2294,0
SPY190726C301,2019-07-25,2019-07-25 09:33:21,0.6,0.7228,66,0.58,0.6987,670,0.59,0.7108,1,0.59,0.7108,2295,0
SPY190726C301,2019-07-25,2019-07-25 09:33:21,0.6,0.7228,143,0.58,0.6987,1073,0.59,0.7108,1,0.59,0.7108,2295,1
SPY190726C301,2019-07-25,2019-07-25 09:33:22,0.6,0.7228,231,0.58,0.6987,426,0.59,0.7108,1,0.59,0.7108,2295,0
SPY190726C301,2019-07-25,2019-07-25 09:33:22,0.6,0.7228,22,0.58,0.6987,1005,0.59,0.7108,1,0.59,0.7108,2295,0
SPY190726C301,2019-07-25,2019-07-25 09:33:23,0.6,0.7228,16,0.58,0.6987,1005,0.59,0.7108,1,0.59,0.7108,2295,0
SPY190726C301,2019-07-25,2019-07-25 09:33:23,0.61,0.7349,139,0.59,0.7108,424,0.59,0.7108,1,0.6,0.7228,2295,0
SPY190726C301,2019-07-25,2019-07-25 09:33:24,0.61,0.7349,53,0.6,0.7228,38,0.59,0.7108,1,0.605,0.7289,2295,0
SPY190726C301,2019-07-25,2019-07-25 09:33:24,0.61,0.7349,88,0.6,0.7228,10,0.59,0.7108,1,0.605,0.7289,2295,0
SPY190726C301,2019-07-25,2019-07-25 09:33:25,0.61,0.7349,53,0.6,0.7228,310,0.59,0.7108,1,0.605,0.7289,2295,0
SPY190726C301,2019-07-25,2019-07-25 09:33:26,0.61,0.7349,22,0.6,0.7228,310,0.59,0.7108,1,0.605,0.7289,2295,0
SPY190726C301,2019-07-25,2019-07-25 09:33:26,0.62,0.7469,10,0.61,0.7349,94,0.61,0.7349,10,0.615,0.7409,2305,10
SPY190726C301,2019-07-25,2019-07-25 09:33:27,0.62,0.7469,22,0.6,0.7228,128,0.61,0.7349,10,0.61,0.7349,2305,0
SPY190726C301,2019-07-25,2019-07-25 09:33:27,0.62,0.7469,16,0.61,0.7349,94,0.61,0.7349,10,0.615,0.7409,2305,0
SPY190726C301,2019-07-25,2019-07-25 09:33:28,0.61,0.7349,27,0.6,0.7228,50,0.61,0.7349,10,0.605,0.7289,2305,0
SPY190726C301,2019-07-25,2019-07-25 09:33:28,0.61,0.7349,54,0.6,0.7228,40,0.61,0.7349,10,0.605,0.7289,2305,0
SPY190726C301,2019-07-25,2019-07-25 09:33:29,0.6,0.7228,58,0.59,0.7108,56,0.61,0.7349,10,0.595,0.7168,2305,0
SPY190726C301,2019-07-25,2019-07-25 09:33:30,0.6,0.7228,58,0.59,0.7108,56,0.61,0.7349,10,0.595,0.7168,2305,0
SPY190726C301,2019-07-25,2019-07-25 09:33:30,0.61,0.7349,22,0.59,0.7108,334,0.61,0.7349,1,0.6,0.7228,2306,1
SPY190726C301,2019-07-25,2019-07-25 09:33:33,0.62,0.7469,251,0.6,0.7228,140,0.59,0.7108,2,0.61,0.7349,2310,4
SPY190726C301,2019-07-25,2019-07-25 09:33:36,0.63,0.759,458,0.61,0.7349,159,0.59,0.7108,2,0.62,0.7469,2310,0
SPY190726C301,2019-07-25,2019-07-25 09:33:38,0.62,0.7469,6,0.61,0.7349,177,0.62,0.7469,5,0.615,0.7409,2320,10
SPY190726C301,2019-07-25,2019-07-25 09:33:41,0.62,0.7469,7,0.61,0.7349,309,0.62,0.7469,25,0.615,0.7409,2354,0
SPY190726C301,2019-07-25,2019-07-25 09:33:41,0.62,0.7469,13,0.61,0.7349,88,0.62,0.7469,25,0.615,0.7409,2354,34
SPY190726C301,2019-07-25,2019-07-25 09:33:42,0.62,0.7469,7,0.61,0.7349,243,0.62,0.7469,25,0.615,0.7409,2354,0
SPY190726C301,2019-07-25,2019-07-25 09:33:43,0.62,0.7469,7,0.61,0.7349,53,0.62,0.7469,1,0.615,0.7409,2355,1
SPY190726C301,2019-07-25,2019-07-25 09:33:45,0.62,0.7469,51,0.61,0.7349,5,0.62,0.7469,13,0.615,0.7409,2372,0
SPY190726C301,2019-07-25,2019-07-25 09:33:45,0.62,0.7469,51,0.61,0.7349,213,0.62,0.7469,13,0.615,0.7409,2372,17
SPY190726C301,2019-07-25,2019-07-25 09:33:46,0.62,0.7469,87,0.61,0.7349,5,0.62,0.7469,13,0.615,0.7409,2372,0
SPY190726C301,2019-07-25,2019-07-25 09:33:47,0.62,0.7469,87,0.61,0.7349,5,0.62,0.7469,13,0.615,0.7409,2372,0
SPY190726C301,2019-07-25,2019-07-25 09:33:48,0.61,0.7349,116,0.6,0.7228,10,0.61,0.7349,1,0.605,0.7289,2375,3
SPY190726C301,2019-07-25,2019-07-25 09:33:55,0.62,0.7469,109,0.61,0.7349,122,0.61,0.7349,3,0.615,0.7409,2383,8
SPY190726C301,2019-07-25,2019-07-25 09:33:55,0.62,0.7469,109,0.61,0.7349,157,0.61,0.7349,3,0.615,0.7409,2383,0
SPY190726C301,2019-07-25,2019-07-25 09:33:56,0.62,0.7469,109,0.61,0.7349,157,0.61,0.7349,3,0.615,0.7409,2383,0
SPY190726C301,2019-07-25,2019-07-25 09:33:56,0.62,0.7469,109,0.61,0.7349,218,0.61,0.7349,3,0.615,0.7409,2383,0
SPY190726C301,2019-07-25,2019-07-25 09:33:57,0.62,0.7469,109,0.62,0.7469,40,0.62,0.7469,2,0.62,0.7469,2385,2
SPY190726C301,2019-07-25,2019-07-25 09:33:59,0.62,0.7469,50,0.61,0.7349,136,0.62,0.7469,2,0.615,0.7409,2385,0
SPY190726C301,2019-07-25,2019-07-25 09:33:59,0.62,0.7469,50,0.61,0.7349,119,0.62,0.7469,2,0.615,0.7409,2385,0
SPY190726C301,2019-07-25,2019-07-25 09:34:00,0.63,0.759,252,0.61,0.7349,136,0.62,0.7469,2,0.62,0.7469,2385,0
SPY190726C301,2019-07-25,2019-07-25 09:34:01,0.62,0.7469,28,0.61,0.7349,46,0.62,0.7469,2,0.615,0.7409,2385,0
SPY190726C301,2019-07-25,2019-07-25 09:34:01,0.62,0.7469,133,0.61,0.7349,5,0.62,0.7469,2,0.615,0.7409,2385,0
SPY190726C301,2019-07-25,2019-07-25 09:34:02,0.63,0.759,238,0.61,0.7349,114,0.62,0.7469,2,0.62,0.7469,2385,0
SPY190726C301,2019-07-25,2019-07-25 09:34:04,0.63,0.759,198,0.62,0.7469,42,0.63,0.759,3,0.625,0.753,2388,3
SPY190726C301,2019-07-25,2019-07-25 09:34:04,0.63,0.759,198,0.61,0.7349,44,0.63,0.759,3,0.62,0.7469,2388,0
SPY190726C301,2019-07-25,2019-07-25 09:34:05,0.62,0.7469,178,0.61,0.7349,55,0.63,0.759,3,0.615,0.7409,2388,0
SPY190726C301,2019-07-25,2019-07-25 09:34:06,0.63,0.759,252,0.61,0.7349,103,0.63,0.759,3,0.62,0.7469,2388,0
SPY190726C301,2019-07-25,2019-07-25 09:34:07,0.63,0.759,333,0.61,0.7349,118,0.63,0.759,3,0.62,0.7469,2388,0
SPY190726C301,2019-07-25,2019-07-25 09:34:07,0.62,0.7469,74,0.62,0.7469,40,0.63,0.759,3,0.62,0.7469,2388,0
SPY190726C301,2019-07-25,2019-07-25 09:34:08,0.63,0.759,192,0.61,0.7349,102,0.63,0.759,3,0.62,0.7469,2388,0
SPY190726C301,2019-07-25,2019-07-25 09:34:09,0.63,0.759,209,0.62,0.7469,48,0.63,0.759,3,0.625,0.753,2388,0
SPY190726C301,2019-07-25,2019-07-25 09:34:09,0.63,0.759,192,0.61,0.7349,261,0.63,0.759,3,0.62,0.7469,2388,0
SPY190726C301,2019-07-25,2019-07-25 09:34:10,0.62,0.7469,18,0.61,0.7349,55,0.63,0.759,3,0.615,0.7409,2388,0
SPY190726C301,2019-07-25,2019-07-25 09:34:11,0.62,0.7469,30,0.61,0.7349,211,0.63,0.759,10,0.615,0.7409,2442,54
SPY190726C301,2019-07-25,2019-07-25 09:34:11,0.63,0.759,808,0.61,0.7349,88,0.63,0.759,10,0.62,0.7469,2442,0
SPY190726C301,2019-07-25,2019-07-25 09:34:12,0.62,0.7469,155,0.61,0.7349,5,0.63,0.759,10,0.615,0.7409,2442,0
SPY190726C301,2019-07-25,2019-07-25 09:34:13,0.62,0.7469,186,0.61,0.7349,37,0.63,0.759,10,0.615,0.7409,2442,0
SPY190726C301,2019-07-25,2019-07-25 09:34:14,0.62,0.7469,168,0.61,0.7349,70,0.62,0.7469,1,0.615,0.7409,2443,1
SPY190726C301,2019-07-25,2019-07-25 09:34:15,0.62,0.7469,64,0.61,0.7349,53,0.62,0.7469,1,0.615,0.7409,2443,0
SPY190726C301,2019-07-25,2019-07-25 09:34:16,0.62,0.7469,58,0.61,0.7349,63,0.62,0.7469,1,0.615,0.7409,2443,0
SPY190726C301,2019-07-25,2019-07-25 09:34:16,0.63,0.759,846,0.61,0.7349,63,0.62,0.7469,1,0.62,0.7469,2443,0
SPY190726C301,2019-07-25,2019-07-25 09:34:17,0.63,0.759,957,0.61,0.7349,53,0.62,0.7469,1,0.62,0.7469,2443,0
SPY190726C301,2019-07-25,2019-07-25 09:34:18,0.63,0.759,957,0.61,0.7349,63,0.62,0.7469,1,0.62,0.7469,2443,0
SPY190726C301,2019-07-25,2019-07-25 09:34:19,0.63,0.759,553,0.61,0.7349,71,0.62,0.7469,1,0.62,0.7469,2443,0
SPY190726C301,2019-07-25,2019-07-25 09:34:21,0.63,0.759,253,0.61,0.7349,76,0.62,0.7469,1,0.62,0.7469,2443,0
SPY190726C301,2019-07-25,2019-07-25 09:34:22,0.63,0.759,210,0.61,0.7349,88,0.62,0.7469,5,0.62,0.7469,2448,5
SPY190726C301,2019-07-25,2019-07-25 09:34:23,0.63,0.759,856,0.61,0.7349,88,0.62,0.7469,3,0.62,0.7469,2451,3
SPY190726C301,2019-07-25,2019-07-25 09:34:24,0.62,0.7469,12,0.61,0.7349,78,0.62,0.7469,3,0.615,0.7409,2451,0
SPY190726C301,2019-07-25,2019-07-25 09:34:25,0.62,0.7469,39,0.61,0.7349,191,0.62,0.7469,3,0.615,0.7409,2451,0
SPY190726C301,2019-07-25,2019-07-25 09:34:26,0.62,0.7469,47,0.61,0.7349,78,0.62,0.7469,1,0.615,0.7409,2453,2
SPY190726C301,2019-07-25,2019-07-25 09:34:26,0.62,0.7469,39,0.61,0.7349,191,0.62,0.7469,3,0.615,0.7409,2451,0
SPY190726C301,2019-07-25,2019-07-25 09:34:27,0.62,0.7469,73,0.61,0.7349,88,0.62,0.7469,1,0.615,0.7409,2453,0
SPY190726C301,2019-07-25,2019-07-25 09:34:28,0.62,0.7469,36,0.61,0.7349,85,0.62,0.7469,1,0.615,0.7409,2453,0
SPY190726C301,2019-07-25,2019-07-25 09:34:30,0.61,0.7349,41,0.6,0.7228,165,0.61,0.7349,1,0.605,0.7289,2454,1
SPY190726C301,2019-07-25,2019-07-25 09:34:32,0.62,0.7469,1,0.61,0.7349,51,0.61,0.7349,1,0.615,0.7409,2454,0
SPY190726C301,2019-07-25,2019-07-25 09:34:33,0.62,0.7469,1,0.61,0.7349,667,0.61,0.7349,3,0.615,0.7409,2457,3
SPY190726C301,2019-07-25,2019-07-25 09:34:35,0.62,0.7469,1,0.61,0.7349,163,0.61,0.7349,3,0.615,0.7409,2457,0
SPY190726C301,2019-07-25,2019-07-25 09:34:37,0.63,0.759,48,0.62,0.7469,123,0.63,0.759,1,0.625,0.753,2460,3
SPY190726C301,2019-07-25,2019-07-25 09:34:38,0.64,0.771,174,0.62,0.7469,142,0.63,0.759,1,0.63,0.759,2460,0
SPY190726C301,2019-07-25,2019-07-25 09:34:39,0.63,0.759,42,0.62,0.7469,142,0.63,0.759,1,0.625,0.753,2460,0
SPY190726C301,2019-07-25,2019-07-25 09:34:40,0.64,0.771,200,0.62,0.7469,155,0.63,0.759,1,0.63,0.759,2460,0
SPY190726C301,2019-07-25,2019-07-25 09:34:41,0.65,0.7831,480,0.63,0.759,76,0.63,0.759,1,0.64,0.771,2460,0
SPY190726C301,2019-07-25,2019-07-25 09:34:42,0.65,0.7831,903,0.63,0.759,76,0.63,0.759,1,0.64,0.771,2460,0
SPY190726C301,2019-07-25,2019-07-25 09:34:44,0.66,0.7951,616,0.64,0.771,91,0.63,0.759,1,0.65,0.7831,2460,0
SPY190726C301,2019-07-25,2019-07-25 09:34:45,0.66,0.7951,616,0.64,0.771,84,0.63,0.759,1,0.65,0.7831,2460,0
SPY190726C301,2019-07-25,2019-07-25 09:34:46,0.66,0.7951,567,0.64,0.771,121,0.63,0.759,1,0.65,0.7831,2460,0
SPY190726C301,2019-07-25,2019-07-25 09:34:47,0.66,0.7951,567,0.65,0.7831,5,0.63,0.759,1,0.655,0.7891,2460,0
SPY190726C301,2019-07-25,2019-07-25 09:34:48,0.65,0.7831,64,0.64,0.771,122,0.65,0.7831,5,0.645,0.7771,2465,5
SPY190726C301,2019-07-25,2019-07-25 09:34:49,0.65,0.7831,66,0.64,0.771,34,0.65,0.7831,5,0.645,0.7771,2465,0
SPY190726C301,2019-07-25,2019-07-25 09:34:49,0.65,0.7831,66,0.64,0.771,122,0.65,0.7831,5,0.645,0.7771,2465,0
SPY190726C301,2019-07-25,2019-07-25 09:34:50,0.65,0.7831,46,0.64,0.771,41,0.65,0.7831,5,0.645,0.7771,2465,0
SPY190726C301,2019-07-25,2019-07-25 09:34:51,0.65,0.7831,1,0.64,0.771,82,0.65,0.7831,1,0.645,0.7771,2477,11
SPY190726C301,2019-07-25,2019-07-25 09:34:51,0.65,0.7831,130,0.64,0.771,82,0.65,0.7831,1,0.645,0.7771,2466,1
SPY190726C301,2019-07-25,2019-07-25 09:34:52,0.65,0.7831,1,0.64,0.771,82,0.65,0.7831,1,0.645,0.7771,2477,0
SPY190726C301,2019-07-25,2019-07-25 09:34:53,0.65,0.7831,38,0.64,0.771,82,0.65,0.7831,2,0.645,0.7771,2481,4
SPY190726C301,2019-07-25,2019-07-25 09:34:54,0.65,0.7831,97,0.64,0.771,22,0.64,0.771,5,0.645,0.7771,2486,5
SPY190726C301,2019-07-25,2019-07-25 09:34:55,0.65,0.7831,177,0.63,0.759,53,0.64,0.771,10,0.64,0.771,2496,10
SPY190726C301,2019-07-25,2019-07-25 09:34:56,0.65,0.7831,38,0.64,0.771,57,0.64,0.771,2,0.645,0.7771,2513,17
SPY190726C301,2019-07-25,2019-07-25 09:34:56,0.65,0.7831,6,0.64,0.771,18,0.64,0.771,2,0.645,0.7771,2513,0
SPY190726C301,2019-07-25,2019-07-25 09:34:57,0.65,0.7831,66,0.64,0.771,34,0.65,0.7831,13,0.645,0.7771,2526,13
SPY190726C301,2019-07-25,2019-07-25 09:34:58,0.64,0.771,32,0.63,0.759,39,0.63,0.759,1,0.635,0.765,2528,1
SPY190726C301,2019-07-25,2019-07-25 09:34:58,0.65,0.7831,75,0.64,0.771,8,0.64,0.771,1,0.645,0.7771,2527,1
SPY190726C301,2019-07-25,2019-07-25 09:34:59,0.65,0.7831,201,0.64,0.771,105,0.64,0.771,1,0.645,0.7771,2529,1
SPY190726C301,2019-07-25,2019-07-25 09:35:00,0.65,0.7831,188,0.64,0.771,159,0.64,0.771,1,0.645,0.7771,2529,0
SPY190726C301,2019-07-25,2019-07-25 09:35:00,0.65,0.7831,188,0.64,0.771,33,0.65,0.7831,7,0.645,0.7771,2536,7
SPY190726C301,2019-07-25,2019-07-25 09:35:01,0.65,0.7831,188,0.64,0.771,40,0.65,0.7831,7,0.645,0.7771,2536,0
SPY190726C301,2019-07-25,2019-07-25 09:35:02,0.65,0.7831,2,0.64,0.771,208,0.65,0.7831,188,0.645,0.7771,2724,188
SPY190726C301,2019-07-25,2019-07-25 09:35:02,0.65,0.7831,2,0.64,0.771,412,0.65,0.7831,188,0.645,0.7771,2724,0
SPY190726C301,2019-07-25,2019-07-25 09:35:03,0.66,0.7951,75,0.64,0.771,346,0.65,0.7831,2,0.65,0.7831,2726,2
SPY190726C301,2019-07-25,2019-07-25 09:35:04,0.66,0.7951,134,0.65,0.7831,6,0.65,0.7831,1,0.655,0.7891,2735,0
SPY190726C301,2019-07-25,2019-07-25 09:35:04,0.66,0.7951,118,0.65,0.7831,6,0.65,0.7831,1,0.655,0.7891,2735,9
SPY190726C301,2019-07-25,2019-07-25 09:35:05,0.66,0.7951,134,0.65,0.7831,118,0.65,0.7831,1,0.655,0.7891,2735,0
SPY190726C301,2019-07-25,2019-07-25 09:35:06,0.66,0.7951,537,0.65,0.7831,118,0.65,0.7831,1,0.655,0.7891,2735,0
SPY190726C301,2019-07-25,2019-07-25 09:35:06,0.66,0.7951,128,0.65,0.7831,118,0.65,0.7831,1,0.655,0.7891,2735,0
SPY190726C301,2019-07-25,2019-07-25 09:35:07,0.66,0.7951,706,0.65,0.7831,118,0.66,0.7951,10,0.655,0.7891,2745,10
SPY190726C301,2019-07-25,2019-07-25 09:35:08,0.66,0.7951,627,0.65,0.7831,118,0.66,0.7951,10,0.655,0.7891,2745,0
SPY190726C301,2019-07-25,2019-07-25 09:35:09,0.65,0.7831,18,0.65,0.7831,118,0.65,0.7831,2,0.65,0.7831,2749,3
SPY190726C301,2019-07-25,2019-07-25 09:35:09,0.66,0.7951,368,0.65,0.7831,118,0.66,0.7951,1,0.655,0.7891,2746,1
SPY190726C301,2019-07-25,2019-07-25 09:35:10,0.65,0.7831,36,0.64,0.771,127,0.65,0.7831,20,0.645,0.7771,2769,20
SPY190726C301,2019-07-25,2019-07-25 09:35:10,0.65,0.7831,18,0.65,0.7831,118,0.65,0.7831,2,0.65,0.7831,2749,0
SPY190726C301,2019-07-25,2019-07-25 09:35:11,0.65,0.7831,36,0.64,0.771,127,0.65,0.7831,20,0.645,0.7771,2769,0
SPY190726C301,2019-07-25,2019-07-25 09:35:12,0.65,0.7831,89,0.64,0.771,159,0.65,0.7831,20,0.645,0.7771,2769,0
SPY190726C301,2019-07-25,2019-07-25 09:35:16,0.65,0.7831,120,0.64,0.771,159,0.65,0.7831,50,0.645,0.7771,2824,0
SPY190726C301,2019-07-25,2019-07-25 09:35:16,0.65,0.7831,173,0.64,0.771,127,0.65,0.7831,50,0.645,0.7771,2824,55
SPY190726C301,2019-07-25,2019-07-25 09:35:17,0.66,0.7951,113,0.64,0.771,253,0.64,0.771,10,0.65,0.7831,2834,10
SPY190726C301,2019-07-25,2019-07-25 09:35:18,0.66,0.7951,113,0.65,0.7831,150,0.64,0.771,10,0.655,0.7891,2834,0
SPY190726C301,2019-07-25,2019-07-25 09:35:18,0.65,0.7831,36,0.64,0.771,263,0.64,0.771,10,0.645,0.7771,2834,0
SPY190726C301,2019-07-25,2019-07-25 09:35:19,0.66,0.7951,113,0.65,0.7831,151,0.65,0.7831,1,0.655,0.7891,2836,0
SPY190726C301,2019-07-25,2019-07-25 09:35:19,0.66,0.7951,130,0.65,0.7831,119,0.65,0.7831,1,0.655,0.7891,2836,2
SPY190726C301,2019-07-25,2019-07-25 09:35:20,0.66,0.7951,113,0.65,0.7831,151,0.65,0.7831,1,0.655,0.7891,2836,0
SPY190726C301,2019-07-25,2019-07-25 09:35:21,0.66,0.7951,113,0.64,0.771,90,0.65,0.7831,5,0.65,0.7831,2841,5
SPY190726C301,2019-07-25,2019-07-25 09:35:22,0.65,0.7831,36,0.64,0.771,78,0.65,0.7831,5,0.645,0.7771,2841,0
SPY190726C301,2019-07-25,2019-07-25 09:35:22,0.66,0.7951,63,0.65,0.7831,119,0.65,0.7831,5,0.655,0.7891,2841,0
SPY190726C301,2019-07-25,2019-07-25 09:35:24,0.68,0.8192,122,0.66,0.7951,106,0.65,0.7831,5,0.67,0.8072,2841,0
SPY190726C301,2019-07-25,2019-07-25 09:35:27,0.66,0.7951,106,0.65,0.7831,74,0.66,0.7951,1,0.655,0.7891,2842,1
SPY190726C301,2019-07-25,2019-07-25 09:35:29,0.65,0.7831,125,0.64,0.771,25,0.65,0.7831,1,0.645,0.7771,2854,12
SPY190726C301,2019-07-25,2019-07-25 09:35:30,0.65,0.7831,186,0.64,0.771,25,0.65,0.7831,1,0.645,0.7771,2854,0
SPY190726C301,2019-07-25,2019-07-25 09:35:31,0.63,0.759,36,0.62,0.7469,119,0.63,0.759,5,0.625,0.753,2896,42
SPY190726C301,2019-07-25,2019-07-25 09:35:32,0.64,0.771,402,0.62,0.7469,233,0.63,0.759,15,0.63,0.759,2911,15
SPY190726C301,2019-07-25,2019-07-25 09:35:32,0.63,0.759,36,0.62,0.7469,115,0.63,0.759,15,0.625,0.753,2911,0
SPY190726C301,2019-07-25,2019-07-25 09:35:33,0.63,0.759,112,0.62,0.7469,20,0.63,0.759,15,0.625,0.753,2911,0
SPY190726C301,2019-07-25,2019-07-25 09:35:34,0.63,0.759,112,0.62,0.7469,20,0.63,0.759,15,0.625,0.753,2911,0
SPY190726C301,2019-07-25,2019-07-25 09:35:35,0.63,0.759,81,0.62,0.7469,20,0.63,0.759,15,0.625,0.753,2911,0
SPY190726C301,2019-07-25,2019-07-25 09:35:36,0.64,0.771,496,0.62,0.7469,20,0.63,0.759,15,0.63,0.759,2911,0
SPY190726C301,2019-07-25,2019-07-25 09:35:36,0.63,0.759,63,0.62,0.7469,153,0.63,0.759,15,0.625,0.753,2911,0
SPY190726C301,2019-07-25,2019-07-25 09:35:37,0.63,0.759,124,0.62,0.7469,1,0.63,0.759,15,0.625,0.753,2911,0
SPY190726C301,2019-07-25,2019-07-25 09:35:37,0.63,0.759,190,0.62,0.7469,1,0.64,0.771,19,0.625,0.753,2930,19
SPY190726C301,2019-07-25,2019-07-25 09:35:38,0.63,0.759,124,0.61,0.7349,645,0.63,0.759,1,0.62,0.7469,2931,1
SPY190726C301,2019-07-25,2019-07-25 09:35:38,0.63,0.759,124,0.62,0.7469,1,0.64,0.771,19,0.625,0.753,2930,0
SPY190726C301,2019-07-25,2019-07-25 09:35:39,0.63,0.759,36,0.62,0.7469,227,0.63,0.759,1,0.625,0.753,2931,0
SPY190726C301,2019-07-25,2019-07-25 09:35:40,0.64,0.771,110,0.62,0.7469,301,0.63,0.759,1,0.63,0.759,2931,0
SPY190726C301,2019-07-25,2019-07-25 09:35:40,0.64,0.771,175,0.62,0.7469,940,0.63,0.759,1,0.63,0.759,2931,0
SPY190726C301,2019-07-25,2019-07-25 09:35:41,0.64,0.771,170,0.62,0.7469,858,0.63,0.759,1,0.63,0.759,2931,0
SPY190726C301,2019-07-25,2019-07-25 09:35:42,0.64,0.771,209,0.62,0.7469,469,0.62,0.7469,1,0.63,0.759,2932,1
SPY190726C301,2019-07-25,2019-07-25 09:35:43,0.64,0.771,195,0.62,0.7469,736,0.62,0.7469,1,0.63,0.759,2932,0
SPY190726C301,2019-07-25,2019-07-25 09:35:43,0.63,0.759,263,0.62,0.7469,50,0.63,0.759,5,0.625,0.753,2937,5
SPY190726C301,2019-07-25,2019-07-25 09:35:44,0.63,0.759,313,0.62,0.7469,20,0.63,0.759,5,0.625,0.753,2937,0
SPY190726C301,2019-07-25,2019-07-25 09:35:45,0.63,0.759,313,0.62,0.7469,20,0.63,0.759,5,0.625,0.753,2937,0
SPY190726C301,2019-07-25,2019-07-25 09:35:46,0.63,0.759,246,0.62,0.7469,39,0.63,0.759,5,0.625,0.753,2937,0
SPY190726C301,2019-07-25,2019-07-25 09:35:46,0.63,0.759,257,0.62,0.7469,82,0.63,0.759,5,0.625,0.753,2937,0
SPY190726C301,2019-07-25,2019-07-25 09:35:47,0.63,0.759,106,0.61,0.7349,427,0.63,0.759,5,0.62,0.7469,2937,0
SPY190726C301,2019-07-25,2019-07-25 09:35:47,0.63,0.759,106,0.61,0.7349,232,0.63,0.759,5,0.62,0.7469,2937,0
SPY190726C301,2019-07-25,2019-07-25 09:35:48,0.63,0.759,106,0.61,0.7349,427,0.63,0.759,5,0.62,0.7469,2937,0
SPY190726C301,2019-07-25,2019-07-25 09:35:49,0.63,0.759,381,0.61,0.7349,531,0.63,0.759,5,0.62,0.7469,2937,0
SPY190726C301,2019-07-25,2019-07-25 09:35:49,0.63,0.759,98,0.62,0.7469,5,0.63,0.759,5,0.625,0.753,2937,0
SPY190726C301,2019-07-25,2019-07-25 09:35:50,0.63,0.759,43,0.62,0.7469,88,0.63,0.759,5,0.625,0.753,2937,0
SPY190726C301,2019-07-25,2019-07-25 09:35:51,0.64,0.771,78,0.62,0.7469,398,0.63,0.759,5,0.63,0.759,2937,0
SPY190726C301,2019-07-25,2019-07-25 09:35:52,0.64,0.771,133,0.62,0.7469,682,0.63,0.759,5,0.63,0.759,2937,0
SPY190726C301,2019-07-25,2019-07-25 09:35:52,0.64,0.771,167,0.63,0.759,1,0.63,0.759,1,0.635,0.765,2938,1
SPY190726C301,2019-07-25,2019-07-25 09:35:53,0.62,0.7469,36,0.61,0.7349,410,0.63,0.759,1,0.615,0.7409,2938,0
SPY190726C301,2019-07-25,2019-07-25 09:35:54,0.62,0.7469,36,0.61,0.7349,410,0.63,0.759,1,0.615,0.7409,2938,0
SPY190726C301,2019-07-25,2019-07-25 09:35:54,0.62,0.7469,36,0.61,0.7349,313,0.63,0.759,1,0.615,0.7409,2938,0
SPY190726C301,2019-07-25,2019-07-25 09:35:55,0.62,0.7469,161,0.61,0.7349,10,0.63,0.759,1,0.615,0.7409,2938,0
SPY190726C301,2019-07-25,2019-07-25 09:35:56,0.62,0.7469,123,0.61,0.7349,10,0.63,0.759,1,0.615,0.7409,2938,0
SPY190726C301,2019-07-25,2019-07-25 09:35:56,0.62,0.7469,126,0.61,0.7349,10,0.63,0.759,1,0.615,0.7409,2938,0
SPY190726C301,2019-07-25,2019-07-25 09:35:57,0.62,0.7469,495,0.61,0.7349,10,0.63,0.759,1,0.615,0.7409,2938,0
SPY190726C301,2019-07-25,2019-07-25 09:35:58,0.61,0.7349,86,0.6,0.7228,20,0.61,0.7349,10,0.605,0.7289,2948,10
SPY190726C301,2019-07-25,2019-07-25 09:35:58,0.62,0.7469,495,0.61,0.7349,10,0.63,0.759,1,0.615,0.7409,2938,0
SPY190726C301,2019-07-25,2019-07-25 09:35:59,0.61,0.7349,113,0.6,0.7228,20,0.61,0.7349,10,0.605,0.7289,2948,0
SPY190726C301,2019-07-25,2019-07-25 09:36:00,0.6,0.7228,134,0.59,0.7108,5,0.6,0.7228,1,0.595,0.7168,2979,31
SPY190726C301,2019-07-25,2019-07-25 09:36:00,0.61,0.7349,113,0.6,0.7228,20,0.61,0.7349,10,0.605,0.7289,2948,0
SPY190726C301,2019-07-25,2019-07-25 09:36:01,0.61,0.7349,60,0.59,0.7108,185,0.6,0.7228,1,0.6,0.7228,2979,0
SPY190726C301,2019-07-25,2019-07-25 09:36:02,0.62,0.7469,354,0.59,0.7108,137,0.6,0.7228,1,0.605,0.7289,2980,1
SPY190726C301,2019-07-25,2019-07-25 09:36:03,0.62,0.7469,124,0.6,0.7228,236,0.6,0.7228,1,0.61,0.7349,2980,0
SPY190726C301,2019-07-25,2019-07-25 09:36:03,0.63,0.759,537,0.61,0.7349,50,0.6,0.7228,4,0.62,0.7469,2984,4
SPY190726C301,2019-07-25,2019-07-25 09:36:04,0.61,0.7349,18,0.6,0.7228,215,0.6,0.7228,4,0.605,0.7289,2984,0
SPY190726C301,2019-07-25,2019-07-25 09:36:05,0.61,0.7349,67,0.6,0.7228,100,0.6,0.7228,4,0.605,0.7289,2984,0
SPY190726C301,2019-07-25,2019-07-25 09:36:06,0.61,0.7349,27,0.6,0.7228,175,0.6,0.7228,4,0.605,0.7289,2984,0
SPY190726C301,2019-07-25,2019-07-25 09:36:06,0.61,0.7349,10,0.6,0.7228,93,0.6,0.7228,4,0.605,0.7289,2984,0
SPY190726C301,2019-07-25,2019-07-25 09:36:07,0.61,0.7349,65,0.6,0.7228,293,0.6,0.7228,4,0.605,0.7289,2984,0
SPY190726C301,2019-07-25,2019-07-25 09:36:08,0.61,0.7349,36,0.6,0.7228,119,0.6,0.7228,4,0.605,0.7289,2984,0
SPY190726C301,2019-07-25,2019-07-25 09:36:08,0.62,0.7469,324,0.6,0.7228,120,0.6,0.7228,4,0.61,0.7349,2984,0
SPY190726C301,2019-07-25,2019-07-25 09:36:09,0.62,0.7469,672,0.6,0.7228,195,0.62,0.7469,12,0.61,0.7349,3034,50
SPY190726C301,2019-07-25,2019-07-25 09:36:10,0.61,0.7349,92,0.6,0.7228,62,0.62,0.7469,12,0.605,0.7289,3034,0
SPY190726C301,2019-07-25,2019-07-25 09:36:10,0.61,0.7349,48,0.6,0.7228,24,0.62,0.7469,12,0.605,0.7289,3034,0
SPY190726C301,2019-07-25,2019-07-25 09:36:11,0.62,0.7469,334,0.6,0.7228,209,0.62,0.7469,12,0.61,0.7349,3034,0
SPY190726C301,2019-07-25,2019-07-25 09:36:11,0.62,0.7469,334,0.6,0.7228,476,0.62,0.7469,12,0.61,0.7349,3034,0
SPY190726C301,2019-07-25,2019-07-25 09:36:12,0.62,0.7469,130,0.6,0.7228,476,0.62,0.7469,12,0.61,0.7349,3034,0
SPY190726C301,2019-07-25,2019-07-25 09:36:13,0.62,0.7469,130,0.6,0.7228,476,0.62,0.7469,12,0.61,0.7349,3034,0
SPY190726C301,2019-07-25,2019-07-25 09:36:13,0.62,0.7469,130,0.6,0.7228,1317,0.62,0.7469,12,0.61,0.7349,3034,0
SPY190726C301,2019-07-25,2019-07-25 09:36:14,0.62,0.7469,204,0.6,0.7228,640,0.62,0.7469,12,0.61,0.7349,3034,0
SPY190726C301,2019-07-25,2019-07-25 09:36:14,0.63,0.759,138,0.61,0.7349,174,0.62,0.7469,12,0.62,0.7469,3034,0
SPY190726C301,2019-07-25,2019-07-25 09:36:15,0.63,0.759,100,0.62,0.7469,108,0.62,0.7469,12,0.625,0.753,3034,0
SPY190726C301,2019-07-25,2019-07-25 09:36:16,0.63,0.759,56,0.62,0.7469,84,0.62,0.7469,12,0.625,0.753,3034,0
SPY190726C301,2019-07-25,2019-07-25 09:36:16,0.63,0.759,113,0.62,0.7469,108,0.62,0.7469,12,0.625,0.753,3034,0
SPY190726C301,2019-07-25,2019-07-25 09:36:17,0.63,0.759,108,0.62,0.7469,81,0.62,0.7469,12,0.625,0.753,3034,0
SPY190726C301,2019-07-25,2019-07-25 09:36:18,0.62,0.7469,73,0.61,0.7349,211,0.62,0.7469,12,0.615,0.7409,3034,0
SPY190726C301,2019-07-25,2019-07-25 09:36:18,0.63,0.759,153,0.62,0.7469,81,0.62,0.7469,12,0.625,0.753,3034,0
SPY190726C301,2019-07-25,2019-07-25 09:36:19,0.62,0.7469,73,0.61,0.7349,211,0.62,0.7469,12,0.615,0.7409,3034,0
SPY190726C301,2019-07-25,2019-07-25 09:36:20,0.63,0.759,117,0.62,0.7469,139,0.62,0.7469,12,0.625,0.753,3034,0
SPY190726C301,2019-07-25,2019-07-25 09:36:20,0.64,0.771,88,0.62,0.7469,139,0.62,0.7469,12,0.63,0.759,3034,0
SPY190726C301,2019-07-25,2019-07-25 09:36:21,0.63,0.759,42,0.62,0.7469,124,0.62,0.7469,12,0.625,0.753,3034,0
SPY190726C301,2019-07-25,2019-07-25 09:36:21,0.63,0.759,74,0.62,0.7469,124,0.62,0.7469,12,0.625,0.753,3034,0
SPY190726C301,2019-07-25,2019-07-25 09:36:22,0.63,0.759,448,0.62,0.7469,1,0.62,0.7469,12,0.625,0.753,3034,0
SPY190726C301,2019-07-25,2019-07-25 09:36:23,0.63,0.759,867,0.62,0.7469,1,0.63,0.759,10,0.625,0.753,3044,10
SPY190726C301,2019-07-25,2019-07-25 09:36:23,0.62,0.7469,99,0.61,0.7349,89,0.62,0.7469,1,0.615,0.7409,3045,1
SPY190726C301,2019-07-25,2019-07-25 09:36:24,0.62,0.7469,78,0.61,0.7349,89,0.62,0.7469,1,0.615,0.7409,3045,0
SPY190726C301,2019-07-25,2019-07-25 09:36:25,0.62,0.7469,84,0.61,0.7349,89,0.62,0.7469,1,0.615,0.7409,3045,0
SPY190726C301,2019-07-25,2019-07-25 09:36:26,0.62,0.7469,556,0.61,0.7349,25,0.61,0.7349,16,0.615,0.7409,3061,0
SPY190726C301,2019-07-25,2019-07-25 09:36:26,0.62,0.7469,617,0.61,0.7349,25,0.61,0.7349,16,0.615,0.7409,3061,16
SPY190726C301,2019-07-25,2019-07-25 09:36:27,0.62,0.7469,603,0.61,0.7349,25,0.62,0.7469,5,0.615,0.7409,3066,5
SPY190726C301,2019-07-25,2019-07-25 09:36:27,0.62,0.7469,556,0.61,0.7349,25,0.61,0.7349,16,0.615,0.7409,3061,0
SPY190726C301,2019-07-25,2019-07-25 09:36:28,0.62,0.7469,603,0.61,0.7349,25,0.62,0.7469,5,0.615,0.7409,3066,0
SPY190726C301,2019-07-25,2019-07-25 09:36:29,0.62,0.7469,603,0.61,0.7349,25,0.62,0.7469,5,0.615,0.7409,3066,0
SPY190726C301,2019-07-25,2019-07-25 09:36:29,0.62,0.7469,547,0.61,0.7349,25,0.62,0.7469,5,0.615,0.7409,3066,0
SPY190726C301,2019-07-25,2019-07-25 09:36:30,0.62,0.7469,698,0.61,0.7349,25,0.62,0.7469,5,0.615,0.7409,3066,0
SPY190726C301,2019-07-25,2019-07-25 09:36:30,0.62,0.7469,625,0.61,0.7349,25,0.62,0.7469,5,0.615,0.7409,3066,0
SPY190726C301,2019-07-25,2019-07-25 09:36:31,0.62,0.7469,698,0.61,0.7349,25,0.62,0.7469,5,0.615,0.7409,3066,0
SPY190726C301,2019-07-25,2019-07-25 09:36:32,0.62,0.7469,608,0.61,0.7349,25,0.62,0.7469,5,0.615,0.7409,3066,0
SPY190726C301,2019-07-25,2019-07-25 09:36:32,0.62,0.7469,485,0.61,0.7349,25,0.62,0.7469,5,0.615,0.7409,3066,0
SPY190726C301,2019-07-25,2019-07-25 09:36:33,0.62,0.7469,447,0.6,0.7228,193,0.61,0.7349,22,0.61,0.7349,3091,25
SPY190726C301,2019-07-25,2019-07-25 09:36:33,0.62,0.7469,681,0.61,0.7349,25,0.62,0.7469,5,0.615,0.7409,3066,0
SPY190726C301,2019-07-25,2019-07-25 09:36:34,0.61,0.7349,36,0.6,0.7228,193,0.61,0.7349,22,0.605,0.7289,3091,0
SPY190726C301,2019-07-25,2019-07-25 09:36:35,0.62,0.7469,617,0.6,0.7228,161,0.61,0.7349,22,0.61,0.7349,3091,0
SPY190726C301,2019-07-25,2019-07-25 09:36:35,0.61,0.7349,52,0.6,0.7228,161,0.61,0.7349,22,0.605,0.7289,3091,0
SPY190726C301,2019-07-25,2019-07-25 09:36:36,0.61,0.7349,80,0.6,0.7228,161,0.61,0.7349,22,0.605,0.7289,3091,0
SPY190726C301,2019-07-25,2019-07-25 09:36:37,0.61,0.7349,80,0.6,0.7228,161,0.61,0.7349,22,0.605,0.7289,3091,0
SPY190726C301,2019-07-25,2019-07-25 09:36:38,0.61,0.7349,36,0.6,0.7228,161,0.61,0.7349,22,0.605,0.7289,3091,0
SPY190726C301,2019-07-25,2019-07-25 09:36:38,0.62,0.7469,535,0.6,0.7228,161,0.61,0.7349,22,0.61,0.7349,3091,0
SPY190726C301,2019-07-25,2019-07-25 09:36:39,0.62,0.7469,813,0.6,0.7228,161,0.6,0.7228,1,0.61,0.7349,3092,1
SPY190726C301,2019-07-25,2019-07-25 09:36:40,0.63,0.759,670,0.61,0.7349,154,0.6,0.7228,1,0.62,0.7469,3092,0
SPY190726C301,2019-07-25,2019-07-25 09:36:40,0.62,0.7469,813,0.6,0.7228,161,0.6,0.7228,1,0.61,0.7349,3092,0
SPY190726C301,2019-07-25,2019-07-25 09:36:41,0.62,0.7469,86,0.61,0.7349,154,0.6,0.7228,1,0.615,0.7409,3092,0
SPY190726C301,2019-07-25,2019-07-25 09:36:41,0.62,0.7469,118,0.61,0.7349,154,0.6,0.7228,1,0.615,0.7409,3092,0
SPY190726C301,2019-07-25,2019-07-25 09:36:42,0.62,0.7469,134,0.61,0.7349,149,0.6,0.7228,1,0.615,0.7409,3092,0
SPY190726C301,2019-07-25,2019-07-25 09:36:43,0.62,0.7469,134,0.61,0.7349,137,0.6,0.7228,1,0.615,0.7409,3092,0
SPY190726C301,2019-07-25,2019-07-25 09:36:44,0.62,0.7469,626,0.6,0.7228,193,0.6,0.7228,1,0.61,0.7349,3092,0
SPY190726C301,2019-07-25,2019-07-25 09:36:44,0.62,0.7469,741,0.6,0.7228,225,0.6,0.7228,1,0.61,0.7349,3092,0
SPY190726C301,2019-07-25,2019-07-25 09:36:45,0.63,0.759,634,0.61,0.7349,88,0.6,0.7228,1,0.62,0.7469,3092,0
SPY190726C301,2019-07-25,2019-07-25 09:36:45,0.62,0.7469,553,0.6,0.7228,215,0.6,0.7228,1,0.61,0.7349,3092,0
SPY190726C301,2019-07-25,2019-07-25 09:36:46,0.64,0.771,804,0.62,0.7469,160,0.6,0.7228,1,0.63,0.759,3092,0
SPY190726C301,2019-07-25,2019-07-25 09:36:46,0.63,0.759,56,0.61,0.7349,82,0.6,0.7228,1,0.62,0.7469,3092,0
SPY190726C301,2019-07-25,2019-07-25 09:36:47,0.63,0.759,38,0.62,0.7469,160,0.6,0.7228,1,0.625,0.753,3092,0
SPY190726C301,2019-07-25,2019-07-25 09:36:48,0.63,0.759,403,0.61,0.7349,206,0.6,0.7228,1,0.62,0.7469,3092,0
SPY190726C301,2019-07-25,2019-07-25 09:36:49,0.63,0.759,612,0.61,0.7349,206,0.6,0.7228,1,0.62,0.7469,3092,0
SPY190726C301,2019-07-25,2019-07-25 09:36:49,0.63,0.759,478,0.61,0.7349,175,0.6,0.7228,1,0.62,0.7469,3092,0
SPY190726C301,2019-07-25,2019-07-25 09:36:50,0.62,0.7469,79,0.61,0.7349,161,0.6,0.7228,1,0.615,0.7409,3092,0
SPY190726C301,2019-07-25,2019-07-25 09:36:51,0.63,0.759,535,0.61,0.7349,211,0.6,0.7228,1,0.62,0.7469,3092,0
SPY190726C301,2019-07-25,2019-07-25 09:36:52,0.62,0.7469,36,0.61,0.7349,161,0.6,0.7228,1,0.615,0.7409,3092,0
SPY190726C301,2019-07-25,2019-07-25 09:36:52,0.63,0.759,557,0.61,0.7349,103,0.6,0.7228,1,0.62,0.7469,3092,0
SPY190726C301,2019-07-25,2019-07-25 09:36:53,0.62,0.7469,439,0.6,0.7228,211,0.6,0.7228,1,0.61,0.7349,3092,0
SPY190726C301,2019-07-25,2019-07-25 09:36:54,0.62,0.7469,772,0.6,0.7228,211,0.62,0.7469,10,0.61,0.7349,3102,10
SPY190726C301,2019-07-25,2019-07-25 09:36:55,0.62,0.7469,192,0.6,0.7228,211,0.62,0.7469,10,0.61,0.7349,3102,0
SPY190726C301,2019-07-25,2019-07-25 09:36:55,0.62,0.7469,184,0.6,0.7228,241,0.62,0.7469,10,0.61,0.7349,3102,0
SPY190726C301,2019-07-25,2019-07-25 09:36:56,0.61,0.7349,294,0.6,0.7228,5,0.62,0.7469,1,0.605,0.7289,3103,1
SPY190726C301,2019-07-25,2019-07-25 09:36:57,0.62,0.7469,663,0.6,0.7228,156,0.62,0.7469,1,0.61,0.7349,3103,0
SPY190726C301,2019-07-25,2019-07-25 09:36:57,0.62,0.7469,360,0.61,0.7349,5,0.62,0.7469,1,0.615,0.7409,3103,0
SPY190726C301,2019-07-25,2019-07-25 09:36:58,0.63,0.759,523,0.61,0.7349,137,0.61,0.7349,1,0.62,0.7469,3104,1
SPY190726C301,2019-07-25,2019-07-25 09:36:59,0.63,0.759,648,0.61,0.7349,137,0.61,0.7349,1,0.62,0.7469,3104,0
SPY190726C301,2019-07-25,2019-07-25 09:36:59,0.63,0.759,618,0.61,0.7349,137,0.61,0.7349,1,0.62,0.7469,3104,0
SPY190726C301,2019-07-25,2019-07-25 09:37:00,0.63,0.759,1213,0.61,0.7349,147,0.61,0.7349,1,0.62,0.7469,3104,0
SPY190726C301,2019-07-25,2019-07-25 09:37:01,0.63,0.759,589,0.61,0.7349,147,0.61,0.7349,1,0.62,0.7469,3104,0
SPY190726C301,2019-07-25,2019-07-25 09:37:02,0.63,0.759,414,0.61,0.7349,165,0.61,0.7349,1,0.62,0.7469,3104,0
SPY190726C301,2019-07-25,2019-07-25 09:37:02,0.63,0.759,589,0.61,0.7349,137,0.61,0.7349,1,0.62,0.7469,3104,0
SPY190726C301,2019-07-25,2019-07-25 09:37:03,0.63,0.759,618,0.61,0.7349,165,0.61,0.7349,1,0.62,0.7469,3104,0
SPY190726C301,2019-07-25,2019-07-25 09:37:03,0.63,0.759,835,0.61,0.7349,165,0.61,0.7349,1,0.62,0.7469,3104,0
SPY190726C301,2019-07-25,2019-07-25 09:37:04,0.63,0.759,618,0.61,0.7349,215,0.61,0.7349,1,0.62,0.7469,3104,0
SPY190726C301,2019-07-25,2019-07-25 09:37:05,0.63,0.759,457,0.62,0.7469,37,0.61,0.7349,1,0.625,0.753,3104,0
SPY190726C301,2019-07-25,2019-07-25 09:37:05,0.63,0.759,354,0.61,0.7349,257,0.61,0.7349,1,0.62,0.7469,3104,0
SPY190726C301,2019-07-25,2019-07-25 09:37:06,0.63,0.759,457,0.62,0.7469,81,0.61,0.7349,1,0.625,0.753,3104,0
SPY190726C301,2019-07-25,2019-07-25 09:37:07,0.63,0.759,185,0.62,0.7469,19,0.61,0.7349,1,0.625,0.753,3104,0
SPY190726C301,2019-07-25,2019-07-25 09:37:08,0.62,0.7469,50,0.61,0.7349,100,0.61,0.7349,1,0.615,0.7409,3104,0
SPY190726C301,2019-07-25,2019-07-25 09:37:08,0.63,0.759,777,0.62,0.7469,37,0.61,0.7349,1,0.625,0.753,3104,0
SPY190726C301,2019-07-25,2019-07-25 09:37:09,0.62,0.7469,177,0.61,0.7349,64,0.61,0.7349,1,0.615,0.7409,3104,0
SPY190726C301,2019-07-25,2019-07-25 09:37:09,0.62,0.7469,209,0.61,0.7349,64,0.61,0.7349,1,0.615,0.7409,3104,0
SPY190726C301,2019-07-25,2019-07-25 09:37:10,0.63,0.759,733,0.61,0.7349,96,0.61,0.7349,1,0.62,0.7469,3104,0
SPY190726C301,2019-07-25,2019-07-25 09:37:11,0.63,0.759,510,0.61,0.7349,106,0.61,0.7349,1,0.62,0.7469,3104,0
SPY190726C301,2019-07-25,2019-07-25 09:37:11,0.63,0.759,604,0.61,0.7349,106,0.61,0.7349,1,0.62,0.7469,3104,0
SPY190726C301,2019-07-25,2019-07-25 09:37:12,0.63,0.759,680,0.62,0.7469,61,0.61,0.7349,1,0.625,0.753,3104,0
SPY190726C301,2019-07-25,2019-07-25 09:37:12,0.63,0.759,640,0.62,0.7469,61,0.63,0.759,10,0.625,0.753,3114,10
SPY190726C301,2019-07-25,2019-07-25 09:37:13,0.63,0.759,434,0.62,0.7469,29,0.62,0.7469,2,0.625,0.753,3116,2
SPY190726C301,2019-07-25,2019-07-25 09:37:14,0.63,0.759,1072,0.62,0.7469,54,0.62,0.7469,6,0.625,0.753,3123,7
SPY190726C301,2019-07-25,2019-07-25 09:37:14,0.63,0.759,1114,0.61,0.7349,100,0.62,0.7469,20,0.62,0.7469,3143,20
SPY190726C301,2019-07-25,2019-07-25 09:37:15,0.62,0.7469,136,0.61,0.7349,160,0.62,0.7469,20,0.615,0.7409,3143,0
SPY190726C301,2019-07-25,2019-07-25 09:37:15,0.62,0.7469,136,0.61,0.7349,165,0.62,0.7469,20,0.615,0.7409,3143,0
SPY190726C301,2019-07-25,2019-07-25 09:37:16,0.62,0.7469,80,0.61,0.7349,148,0.61,0.7349,1,0.615,0.7409,3144,1
SPY190726C301,2019-07-25,2019-07-25 09:37:17,0.62,0.7469,78,0.61,0.7349,106,0.61,0.7349,1,0.615,0.7409,3144,0
SPY190726C301,2019-07-25,2019-07-25 09:37:17,0.63,0.759,831,0.61,0.7349,116,0.61,0.7349,1,0.62,0.7469,3144,0
SPY190726C301,2019-07-25,2019-07-25 09:37:18,0.63,0.759,842,0.61,0.7349,224,0.61,0.7349,1,0.62,0.7469,3144,0
SPY190726C301,2019-07-25,2019-07-25 09:37:18,0.62,0.7469,138,0.61,0.7349,64,0.61,0.7349,1,0.615,0.7409,3144,0
SPY190726C301,2019-07-25,2019-07-25 09:37:19,0.62,0.7469,50,0.61,0.7349,164,0.61,0.7349,1,0.615,0.7409,3144,0
SPY190726C301,2019-07-25,2019-07-25 09:37:20,0.62,0.7469,78,0.61,0.7349,147,0.61,0.7349,1,0.615,0.7409,3144,0
SPY190726C301,2019-07-25,2019-07-25 09:37:20,0.62,0.7469,124,0.61,0.7349,128,0.61,0.7349,1,0.615,0.7409,3144,0
SPY190726C301,2019-07-25,2019-07-25 09:37:21,0.62,0.7469,92,0.61,0.7349,38,0.61,0.7349,1,0.615,0.7409,3144,0
SPY190726C301,2019-07-25,2019-07-25 09:37:22,0.62,0.7469,83,0.61,0.7349,111,0.61,0.7349,1,0.615,0.7409,3144,0
SPY190726C301,2019-07-25,2019-07-25 09:37:22,0.62,0.7469,209,0.61,0.7349,32,0.61,0.7349,1,0.615,0.7409,3144,0
SPY190726C301,2019-07-25,2019-07-25 09:37:23,0.62,0.7469,209,0.61,0.7349,115,0.61,0.7349,1,0.615,0.7409,3144,0
SPY190726C301,2019-07-25,2019-07-25 09:37:24,0.62,0.7469,366,0.61,0.7349,4,0.61,0.7349,1,0.615,0.7409,3144,0
SPY190726C301,2019-07-25,2019-07-25 09:37:24,0.62,0.7469,144,0.61,0.7349,32,0.61,0.7349,1,0.615,0.7409,3144,0
SPY190726C301,2019-07-25,2019-07-25 09:37:25,0.62,0.7469,365,0.61,0.7349,32,0.61,0.7349,1,0.615,0.7409,3144,0
SPY190726C301,2019-07-25,2019-07-25 09:37:26,0.62,0.7469,477,0.61,0.7349,32,0.61,0.7349,1,0.615,0.7409,3144,0
SPY190726C301,2019-07-25,2019-07-25 09:37:26,0.62,0.7469,112,0.61,0.7349,81,0.61,0.7349,1,0.615,0.7409,3144,0
SPY190726C301,2019-07-25,2019-07-25 09:37:27,0.62,0.7469,611,0.61,0.7349,35,0.61,0.7349,1,0.615,0.7409,3144,0
SPY190726C301,2019-07-25,2019-07-25 09:37:28,0.62,0.7469,1649,0.61,0.7349,4,0.61,0.7349,1,0.615,0.7409,3144,0
SPY190726C301,2019-07-25,2019-07-25 09:37:29,0.62,0.7469,1772,0.61,0.7349,4,0.61,0.7349,1,0.615,0.7409,3144,0
SPY190726C301,2019-07-25,2019-07-25 09:37:30,0.62,0.7469,1776,0.61,0.7349,4,0.61,0.7349,1,0.615,0.7409,3144,0
SPY190726C301,2019-07-25,2019-07-25 09:37:31,0.62,0.7469,1765,0.61,0.7349,4,0.61,0.7349,1,0.615,0.7409,3144,0
SPY190726C301,2019-07-25,2019-07-25 09:37:32,0.61,0.7349,156,0.6,0.7228,30,0.61,0.7349,4,0.605,0.7289,3148,0
SPY190726C301,2019-07-25,2019-07-25 09:37:32,0.62,0.7469,1498,0.6,0.7228,52,0.61,0.7349,4,0.61,0.7349,3148,4
SPY190726C301,2019-07-25,2019-07-25 09:37:33,0.63,0.759,160,0.61,0.7349,160,0.61,0.7349,4,0.62,0.7469,3148,0
SPY190726C301,2019-07-25,2019-07-25 09:37:33,0.63,0.759,293,0.61,0.7349,160,0.61,0.7349,4,0.62,0.7469,3148,0
SPY190726C301,2019-07-25,2019-07-25 09:37:34,0.62,0.7469,10,0.61,0.7349,122,0.61,0.7349,4,0.615,0.7409,3148,0
SPY190726C301,2019-07-25,2019-07-25 09:37:34,0.62,0.7469,155,0.61,0.7349,43,0.61,0.7349,4,0.615,0.7409,3148,0
SPY190726C301,2019-07-25,2019-07-25 09:37:35,0.63,0.759,442,0.61,0.7349,122,0.61,0.7349,4,0.62,0.7469,3148,0
SPY190726C301,2019-07-25,2019-07-25 09:37:35,0.63,0.759,442,0.61,0.7349,182,0.61,0.7349,4,0.62,0.7469,3148,0
SPY190726C301,2019-07-25,2019-07-25 09:37:36,0.63,0.759,315,0.61,0.7349,182,0.62,0.7469,35,0.62,0.7469,3183,35
SPY190726C301,2019-07-25,2019-07-25 09:37:37,0.63,0.759,454,0.61,0.7349,182,0.62,0.7469,35,0.62,0.7469,3183,0
SPY190726C301,2019-07-25,2019-07-25 09:37:38,0.63,0.759,364,0.61,0.7349,182,0.62,0.7469,35,0.62,0.7469,3183,0
SPY190726C301,2019-07-25,2019-07-25 09:37:38,0.63,0.759,454,0.61,0.7349,182,0.62,0.7469,35,0.62,0.7469,3183,0
SPY190726C301,2019-07-25,2019-07-25 09:37:39,0.62,0.7469,559,0.6,0.7228,260,0.62,0.7469,35,0.61,0.7349,3183,0
SPY190726C301,2019-07-25,2019-07-25 09:37:40,0.61,0.7349,35,0.6,0.7228,306,0.62,0.7469,35,0.605,0.7289,3183,0
SPY190726C301,2019-07-25,2019-07-25 09:37:41,0.61,0.7349,10,0.6,0.7228,43,0.62,0.7469,35,0.605,0.7289,3183,0
SPY190726C301,2019-07-25,2019-07-25 09:37:41,0.61,0.7349,50,0.6,0.7228,145,0.62,0.7469,35,0.605,0.7289,3183,0
SPY190726C301,2019-07-25,2019-07-25 09:37:42,0.61,0.7349,34,0.6,0.7228,225,0.62,0.7469,35,0.605,0.7289,3183,0
SPY190726C301,2019-07-25,2019-07-25 09:37:43,0.62,0.7469,552,0.61,0.7349,10,0.62,0.7469,35,0.615,0.7409,3183,0
SPY190726C301,2019-07-25,2019-07-25 09:37:43,0.61,0.7349,44,0.6,0.7228,209,0.62,0.7469,35,0.605,0.7289,3183,0
SPY190726C301,2019-07-25,2019-07-25 09:37:44,0.62,0.7469,1590,0.61,0.7349,10,0.62,0.7469,35,0.615,0.7409,3183,0
SPY190726C301,2019-07-25,2019-07-25 09:37:44,0.62,0.7469,649,0.61,0.7349,10,0.62,0.7469,35,0.615,0.7409,3183,0
SPY190726C301,2019-07-25,2019-07-25 09:37:45,0.61,0.7349,220,0.6,0.7228,30,0.61,0.7349,6,0.605,0.7289,3193,10
SPY190726C301,2019-07-25,2019-07-25 09:37:46,0.61,0.7349,562,0.6,0.7228,30,0.61,0.7349,6,0.605,0.7289,3193,0
SPY190726C301,2019-07-25,2019-07-25 09:37:46,0.61,0.7349,229,0.6,0.7228,30,0.61,0.7349,6,0.605,0.7289,3193,0
SPY190726C301,2019-07-25,2019-07-25 09:37:47,0.61,0.7349,636,0.6,0.7228,30,0.61,0.7349,6,0.605,0.7289,3193,0
SPY190726C301,2019-07-25,2019-07-25 09:37:48,0.61,0.7349,636,0.6,0.7228,30,0.61,0.7349,6,0.605,0.7289,3193,0
SPY190726C301,2019-07-25,2019-07-25 09:37:49,0.61,0.7349,793,0.6,0.7228,30,0.61,0.7349,6,0.605,0.7289,3193,0
SPY190726C301,2019-07-25,2019-07-25 09:37:50,0.61,0.7349,793,0.6,0.7228,30,0.61,0.7349,6,0.605,0.7289,3193,0
SPY190726C301,2019-07-25,2019-07-25 09:37:50,0.61,0.7349,360,0.6,0.7228,30,0.6,0.7228,5,0.605,0.7289,3198,5
SPY190726C301,2019-07-25,2019-07-25 09:37:51,0.61,0.7349,360,0.6,0.7228,30,0.6,0.7228,5,0.605,0.7289,3198,0
SPY190726C301,2019-07-25,2019-07-25 09:37:51,0.61,0.7349,341,0.6,0.7228,37,0.6,0.7228,5,0.605,0.7289,3198,0
SPY190726C301,2019-07-25,2019-07-25 09:37:52,0.61,0.7349,341,0.6,0.7228,37,0.6,0.7228,5,0.605,0.7289,3198,0
SPY190726C301,2019-07-25,2019-07-25 09:37:53,0.61,0.7349,318,0.6,0.7228,37,0.6,0.7228,1,0.605,0.7289,3199,1
SPY190726C301,2019-07-25,2019-07-25 09:37:53,0.61,0.7349,331,0.6,0.7228,37,0.6,0.7228,5,0.605,0.7289,3198,0
SPY190726C301,2019-07-25,2019-07-25 09:37:54,0.61,0.7349,369,0.6,0.7228,37,0.6,0.7228,1,0.605,0.7289,3199,0
SPY190726C301,2019-07-25,2019-07-25 09:37:55,0.61,0.7349,403,0.6,0.7228,30,0.61,0.7349,9,0.605,0.7289,3213,0
SPY190726C301,2019-07-25,2019-07-25 09:37:55,0.61,0.7349,403,0.6,0.7228,30,0.61,0.7349,9,0.605,0.7289,3213,14
SPY190726C301,2019-07-25,2019-07-25 09:37:56,0.6,0.7228,158,0.6,0.7228,30,0.6,0.7228,30,0.6,0.7228,3245,32
SPY190726C301,2019-07-25,2019-07-25 09:37:57,0.6,0.7228,208,0.59,0.7108,69,0.59,0.7108,5,0.595,0.7168,3251,0
SPY190726C301,2019-07-25,2019-07-25 09:37:57,0.6,0.7228,208,0.59,0.7108,75,0.59,0.7108,5,0.595,0.7168,3251,6
SPY190726C301,2019-07-25,2019-07-25 09:37:58,0.6,0.7228,568,0.59,0.7108,9,0.59,0.7108,5,0.595,0.7168,3251,0
SPY190726C301,2019-07-25,2019-07-25 09:37:58,0.6,0.7228,984,0.59,0.7108,9,0.59,0.7108,5,0.595,0.7168,3251,0
SPY190726C301,2019-07-25,2019-07-25 09:37:59,0.6,0.7228,568,0.59,0.7108,9,0.59,0.7108,5,0.595,0.7168,3251,0
SPY190726C301,2019-07-25,2019-07-25 09:38:00,0.59,0.7108,679,0.58,0.6987,22,0.59,0.7108,2,0.585,0.7048,3267,11
SPY190726C301,2019-07-25,2019-07-25 09:38:00,0.6,0.7228,1208,0.59,0.7108,9,0.59,0.7108,5,0.595,0.7168,3256,5
SPY190726C301,2019-07-25,2019-07-25 09:38:01,0.59,0.7108,1129,0.58,0.6987,22,0.58,0.6987,16,0.585,0.7048,3283,0
SPY190726C301,2019-07-25,2019-07-25 09:38:01,0.59,0.7108,529,0.58,0.6987,22,0.58,0.6987,16,0.585,0.7048,3283,16
SPY190726C301,2019-07-25,2019-07-25 09:38:02,0.59,0.7108,1129,0.58,0.6987,22,0.58,0.6987,16,0.585,0.7048,3283,0
SPY190726C301,2019-07-25,2019-07-25 09:38:03,0.59,0.7108,1129,0.58,0.6987,22,0.58,0.6987,16,0.585,0.7048,3283,0
SPY190726C301,2019-07-25,2019-07-25 09:38:03,0.59,0.7108,626,0.58,0.6987,22,0.58,0.6987,16,0.585,0.7048,3283,0
SPY190726C301,2019-07-25,2019-07-25 09:38:04,0.58,0.6987,198,0.56,0.6746,116,0.58,0.6987,5,0.57,0.6867,3310,27
SPY190726C301,2019-07-25,2019-07-25 09:38:04,0.59,0.7108,1771,0.58,0.6987,22,0.58,0.6987,16,0.585,0.7048,3283,0
SPY190726C301,2019-07-25,2019-07-25 09:38:05,0.58,0.6987,532,0.57,0.6867,38,0.58,0.6987,5,0.575,0.6927,3310,0
SPY190726C301,2019-07-25,2019-07-25 09:38:05,0.58,0.6987,444,0.57,0.6867,38,0.58,0.6987,5,0.575,0.6927,3310,0
SPY190726C301,2019-07-25,2019-07-25 09:38:06,0.58,0.6987,532,0.57,0.6867,38,0.58,0.6987,5,0.575,0.6927,3310,0
SPY190726C301,2019-07-25,2019-07-25 09:38:07,0.58,0.6987,886,0.56,0.6746,129,0.58,0.6987,5,0.57,0.6867,3310,0
SPY190726C301,2019-07-25,2019-07-25 09:38:07,0.58,0.6987,659,0.57,0.6867,38,0.58,0.6987,5,0.575,0.6927,3310,0
SPY190726C301,2019-07-25,2019-07-25 09:38:08,0.58,0.6987,886,0.56,0.6746,129,0.58,0.6987,5,0.57,0.6867,3310,0
SPY190726C301,2019-07-25,2019-07-25 09:38:09,0.58,0.6987,956,0.56,0.6746,119,0.58,0.6987,5,0.57,0.6867,3310,0
SPY190726C301,2019-07-25,2019-07-25 09:38:10,0.57,0.6867,372,0.55,0.6626,80,0.57,0.6867,2,0.56,0.6746,3312,2
SPY190726C301,2019-07-25,2019-07-25 09:38:10,0.58,0.6987,956,0.56,0.6746,116,0.58,0.6987,5,0.57,0.6867,3310,0
SPY190726C301,2019-07-25,2019-07-25 09:38:11,0.57,0.6867,836,0.55,0.6626,51,0.57,0.6867,2,0.56,0.6746,3312,0
SPY190726C301,2019-07-25,2019-07-25 09:38:12,0.56,0.6746,920,0.55,0.6626,51,0.55,0.6626,3,0.555,0.6686,3315,3
SPY190726C301,2019-07-25,2019-07-25 09:38:12,0.56,0.6746,425,0.55,0.6626,51,0.57,0.6867,2,0.555,0.6686,3312,0
SPY190726C301,2019-07-25,2019-07-25 09:38:13,0.56,0.6746,867,0.55,0.6626,10,0.55,0.6626,3,0.555,0.6686,3315,0
SPY190726C301,2019-07-25,2019-07-25 09:38:13,0.56,0.6746,1229,0.55,0.6626,10,0.55,0.6626,3,0.555,0.6686,3315,0
SPY190726C301,2019-07-25,2019-07-25 09:38:14,0.56,0.6746,350,0.55,0.6626,48,0.55,0.6626,3,0.555,0.6686,3315,0
SPY190726C301,2019-07-25,2019-07-25 09:38:15,0.56,0.6746,1618,0.55,0.6626,48,0.55,0.6626,3,0.555,0.6686,3315,0
SPY190726C301,2019-07-25,2019-07-25 09:38:16,0.56,0.6746,729,0.55,0.6626,38,0.55,0.6626,3,0.555,0.6686,3315,0
SPY190726C301,2019-07-25,2019-07-25 09:38:17,0.56,0.6746,719,0.55,0.6626,49,0.55,0.6626,3,0.555,0.6686,3315,0
SPY190726C301,2019-07-25,2019-07-25 09:38:18,0.56,0.6746,607,0.55,0.6626,49,0.55,0.6626,3,0.555,0.6686,3315,0
SPY190726C301,2019-07-25,2019-07-25 09:38:18,0.56,0.6746,702,0.55,0.6626,49,0.55,0.6626,3,0.555,0.6686,3315,0
SPY190726C301,2019-07-25,2019-07-25 09:38:19,0.55,0.6626,527,0.54,0.6506,78,0.55,0.6626,2,0.545,0.6566,3332,17
SPY190726C301,2019-07-25,2019-07-25 09:38:20,0.55,0.6626,393,0.54,0.6506,73,0.55,0.6626,2,0.545,0.6566,3332,0
SPY190726C301,2019-07-25,2019-07-25 09:38:20,0.55,0.6626,492,0.54,0.6506,78,0.55,0.6626,2,0.545,0.6566,3332,0
SPY190726C301,2019-07-25,2019-07-25 09:38:21,0.55,0.6626,856,0.54,0.6506,20,0.55,0.6626,2,0.545,0.6566,3332,0
SPY190726C301,2019-07-25,2019-07-25 09:38:22,0.55,0.6626,481,0.54,0.6506,46,0.53,0.6385,1,0.545,0.6566,3333,1
SPY190726C301,2019-07-25,2019-07-25 09:38:23,0.57,0.6867,645,0.55,0.6626,126,0.57,0.6867,10,0.56,0.6746,3353,10
SPY190726C301,2019-07-25,2019-07-25 09:38:23,0.57,0.6867,178,0.54,0.6506,841,0.55,0.6626,10,0.555,0.6686,3343,10
SPY190726C301,2019-07-25,2019-07-25 09:38:24,0.58,0.6987,902,0.57,0.6867,38,0.57,0.6867,10,0.575,0.6927,3353,0
SPY190726C301,2019-07-25,2019-07-25 09:38:24,0.57,0.6867,497,0.56,0.6746,118,0.57,0.6867,10,0.565,0.6807,3353,0
SPY190726C301,2019-07-25,2019-07-25 09:38:25,0.57,0.6867,75,0.56,0.6746,40,0.57,0.6867,10,0.565,0.6807,3353,0
SPY190726C301,2019-07-25,2019-07-25 09:38:26,0.57,0.6867,204,0.56,0.6746,79,0.57,0.6867,10,0.565,0.6807,3353,0
SPY190726C301,2019-07-25,2019-07-25 09:38:27,0.57,0.6867,586,0.56,0.6746,79,0.57,0.6867,10,0.565,0.6807,3353,0
SPY190726C301,2019-07-25,2019-07-25 09:38:27,0.58,0.6987,980,0.56,0.6746,113,0.57,0.6867,10,0.57,0.6867,3353,0
SPY190726C301,2019-07-25,2019-07-25 09:38:28,0.58,0.6987,219,0.57,0.6867,41,0.57,0.6867,10,0.575,0.6927,3353,0
SPY190726C301,2019-07-25,2019-07-25 09:38:29,0.6,0.7228,408,0.58,0.6987,171,0.58,0.6987,14,0.59,0.7108,3367,14
SPY190726C301,2019-07-25,2019-07-25 09:38:29,0.59,0.7108,344,0.57,0.6867,78,0.57,0.6867,10,0.58,0.6987,3353,0
SPY190726C301,2019-07-25,2019-07-25 09:38:30,0.61,0.7349,1005,0.59,0.7108,139,0.58,0.6987,14,0.6,0.7228,3367,0
SPY190726C301,2019-07-25,2019-07-25 09:38:31,0.61,0.7349,1005,0.59,0.7108,91,0.58,0.6987,14,0.6,0.7228,3367,0
SPY190726C301,2019-07-25,2019-07-25 09:38:31,0.62,0.7469,966,0.6,0.7228,181,0.61,0.7349,10,0.61,0.7349,3377,10
SPY190726C301,2019-07-25,2019-07-25 09:38:32,0.62,0.7469,172,0.6,0.7228,629,0.61,0.7349,1,0.61,0.7349,3380,3
SPY190726C301,2019-07-25,2019-07-25 09:38:32,0.62,0.7469,1032,0.6,0.7228,181,0.61,0.7349,10,0.61,0.7349,3377,0
SPY190726C301,2019-07-25,2019-07-25 09:38:33,0.63,0.759,334,0.61,0.7349,171,0.63,0.759,2,0.62,0.7469,3382,2
SPY190726C301,2019-07-25,2019-07-25 09:38:33,0.63,0.759,656,0.61,0.7349,41,0.63,0.759,2,0.62,0.7469,3382,0
SPY190726C301,2019-07-25,2019-07-25 09:38:34,0.62,0.7469,674,0.61,0.7349,47,0.63,0.759,2,0.615,0.7409,3382,0
SPY190726C301,2019-07-25,2019-07-25 09:38:35,0.63,0.759,1373,0.61,0.7349,6,0.63,0.759,2,0.62,0.7469,3382,0
SPY190726C301,2019-07-25,2019-07-25 09:38:36,0.62,0.7469,743,0.6,0.7228,153,0.63,0.759,2,0.61,0.7349,3382,0
SPY190726C301,2019-07-25,2019-07-25 09:38:37,0.61,0.7349,40,0.6,0.7228,103,0.63,0.759,2,0.605,0.7289,3382,0
SPY190726C301,2019-07-25,2019-07-25 09:38:38,0.61,0.7349,40,0.6,0.7228,135,0.63,0.759,2,0.605,0.7289,3382,0
SPY190726C301,2019-07-25,2019-07-25 09:38:39,0.62,0.7469,182,0.61,0.7349,175,0.63,0.759,2,0.615,0.7409,3382,0
SPY190726C301,2019-07-25,2019-07-25 09:38:39,0.63,0.759,304,0.61,0.7349,179,0.63,0.759,2,0.62,0.7469,3382,0
SPY190726C301,2019-07-25,2019-07-25 09:38:40,0.63,0.759,1052,0.61,0.7349,25,0.63,0.759,2,0.62,0.7469,3382,0
SPY190726C301,2019-07-25,2019-07-25 09:38:40,0.62,0.7469,115,0.61,0.7349,25,0.63,0.759,2,0.615,0.7409,3382,0
SPY190726C301,2019-07-25,2019-07-25 09:38:41,0.63,0.759,119,0.61,0.7349,354,0.63,0.759,2,0.62,0.7469,3382,0
SPY190726C301,2019-07-25,2019-07-25 09:38:42,0.64,0.771,32,0.63,0.759,41,0.63,0.759,2,0.635,0.765,3382,0
SPY190726C301,2019-07-25,2019-07-25 09:38:42,0.64,0.771,216,0.62,0.7469,96,0.63,0.759,2,0.63,0.759,3382,0
SPY190726C301,2019-07-25,2019-07-25 09:38:43,0.66,0.7951,638,0.64,0.771,106,0.63,0.759,2,0.65,0.7831,3382,0
SPY190726C301,2019-07-25,2019-07-25 09:38:44,0.64,0.771,615,0.63,0.759,41,0.63,0.759,2,0.635,0.765,3382,0
SPY190726C301,2019-07-25,2019-07-25 09:38:44,0.64,0.771,317,0.63,0.759,90,0.63,0.759,2,0.635,0.765,3382,0
SPY190726C301,2019-07-25,2019-07-25 09:38:45,0.63,0.759,164,0.62,0.7469,7,0.63,0.759,2,0.625,0.753,3382,0
SPY190726C301,2019-07-25,2019-07-25 09:38:46,0.63,0.759,211,0.62,0.7469,7,0.63,0.759,1,0.625,0.753,3383,0
SPY190726C301,2019-07-25,2019-07-25 09:38:46,0.63,0.759,1,0.62,0.7469,38,0.63,0.759,1,0.625,0.753,3383,1
SPY190726C301,2019-07-25,2019-07-25 09:38:47,0.62,0.7469,233,0.61,0.7349,50,0.62,0.7469,2,0.615,0.7409,3390,7
SPY190726C301,2019-07-25,2019-07-25 09:38:48,0.61,0.7349,40,0.6,0.7228,128,0.62,0.7469,2,0.605,0.7289,3390,0
SPY190726C301,2019-07-25,2019-07-25 09:38:48,0.62,0.7469,844,0.6,0.7228,128,0.62,0.7469,2,0.61,0.7349,3390,0
SPY190726C301,2019-07-25,2019-07-25 09:38:49,0.61,0.7349,869,0.6,0.7228,25,0.62,0.7469,2,0.605,0.7289,3390,0
SPY190726C301,2019-07-25,2019-07-25 09:38:49,0.61,0.7349,83,0.6,0.7228,57,0.62,0.7469,2,0.605,0.7289,3390,0
SPY190726C301,2019-07-25,2019-07-25 09:38:50,0.6,0.7228,40,0.59,0.7108,66,0.6,0.7228,25,0.595,0.7168,3415,25
SPY190726C301,2019-07-25,2019-07-25 09:38:51,0.6,0.7228,55,0.59,0.7108,64,0.6,0.7228,25,0.595,0.7168,3415,0
SPY190726C301,2019-07-25,2019-07-25 09:38:51,0.6,0.7228,206,0.58,0.6987,244,0.6,0.7228,4,0.59,0.7108,3419,4
SPY190726C301,2019-07-25,2019-07-25 09:38:52,0.6,0.7228,368,0.58,0.6987,357,0.59,0.7108,45,0.59,0.7108,3464,45
SPY190726C301,2019-07-25,2019-07-25 09:38:52,0.6,0.7228,484,0.58,0.6987,357,0.59,0.7108,45,0.59,0.7108,3464,0
SPY190726C301,2019-07-25,2019-07-25 09:38:53,0.6,0.7228,484,0.58,0.6987,131,0.59,0.7108,45,0.59,0.7108,3464,0
SPY190726C301,2019-07-25,2019-07-25 09:38:53,0.59,0.7108,687,0.58,0.6987,10,0.59,0.7108,45,0.585,0.7048,3464,0
SPY190726C301,2019-07-25,2019-07-25 09:38:54,0.59,0.7108,767,0.58,0.6987,10,0.59,0.7108,45,0.585,0.7048,3464,0
SPY190726C301,2019-07-25,2019-07-25 09:38:55,0.6,0.7228,863,0.59,0.7108,25,0.59,0.7108,45,0.595,0.7168,3464,0
SPY190726C301,2019-07-25,2019-07-25 09:38:55,0.59,0.7108,40,0.58,0.6987,71,0.59,0.7108,45,0.585,0.7048,3464,0
SPY190726C301,2019-07-25,2019-07-25 09:38:56,0.6,0.7228,41,0.59,0.7108,244,0.59,0.7108,45,0.595,0.7168,3464,0
SPY190726C301,2019-07-25,2019-07-25 09:38:57,0.6,0.7228,2,0.59,0.7108,222,0.59,0.7108,45,0.595,0.7168,3464,0
SPY190726C301,2019-07-25,2019-07-25 09:38:57,0.6,0.7228,40,0.58,0.6987,90,0.59,0.7108,45,0.59,0.7108,3464,0
SPY190726C301,2019-07-25,2019-07-25 09:38:58,0.59,0.7108,54,0.58,0.6987,49,0.59,0.7108,45,0.585,0.7048,3464,0
SPY190726C301,2019-07-25,2019-07-25 09:38:58,0.59,0.7108,483,0.58,0.6987,10,0.58,0.6987,10,0.585,0.7048,3474,10
SPY190726C301,2019-07-25,2019-07-25 09:38:59,0.58,0.6987,181,0.56,0.6746,62,0.58,0.6987,10,0.57,0.6867,3474,0
SPY190726C301,2019-07-25,2019-07-25 09:39:00,0.59,0.7108,199,0.57,0.6867,169,0.58,0.6987,10,0.58,0.6987,3474,0
SPY190726C301,2019-07-25,2019-07-25 09:39:00,0.57,0.6867,40,0.56,0.6746,157,0.58,0.6987,10,0.565,0.6807,3474,0
SPY190726C301,2019-07-25,2019-07-25 09:39:01,0.58,0.6987,10,0.57,0.6867,25,0.57,0.6867,1,0.575,0.6927,3475,1
SPY190726C301,2019-07-25,2019-07-25 09:39:02,0.58,0.6987,40,0.57,0.6867,178,0.57,0.6867,1,0.575,0.6927,3475,0
SPY190726C301,2019-07-25,2019-07-25 09:39:02,0.59,0.7108,40,0.58,0.6987,73,0.57,0.6867,1,0.585,0.7048,3475,0
SPY190726C301,2019-07-25,2019-07-25 09:39:03,0.59,0.7108,40,0.58,0.6987,207,0.57,0.6867,1,0.585,0.7048,3475,0
SPY190726C301,2019-07-25,2019-07-25 09:39:04,0.6,0.7228,88,0.59,0.7108,233,0.59,0.7108,1,0.595,0.7168,3477,0
SPY190726C301,2019-07-25,2019-07-25 09:39:04,0.6,0.7228,2,0.58,0.6987,488,0.59,0.7108,1,0.59,0.7108,3477,2
SPY190726C301,2019-07-25,2019-07-25 09:39:05,0.6,0.7228,20,0.59,0.7108,161,0.6,0.7228,2,0.595,0.7168,3481,4
SPY190726C301,2019-07-25,2019-07-25 09:39:06,0.6,0.7228,38,0.59,0.7108,59,0.6,0.7228,2,0.595,0.7168,3481,0
SPY190726C301,2019-07-25,2019-07-25 09:39:06,0.59,0.7108,31,0.59,0.7108,21,0.6,0.7228,2,0.59,0.7108,3481,0
SPY190726C301,2019-07-25,2019-07-25 09:39:07,0.6,0.7228,40,0.59,0.7108,70,0.6,0.7228,2,0.595,0.7168,3481,0
SPY190726C301,2019-07-25,2019-07-25 09:39:07,0.6,0.7228,63,0.59,0.7108,123,0.6,0.7228,2,0.595,0.7168,3481,0
SPY190726C301,2019-07-25,2019-07-25 09:39:08,0.6,0.7228,40,0.59,0.7108,150,0.6,0.7228,10,0.595,0.7168,3495,14
SPY190726C301,2019-07-25,2019-07-25 09:39:09,0.62,0.7469,1089,0.6,0.7228,79,0.6,0.7228,10,0.61,0.7349,3495,0
SPY190726C301,2019-07-25,2019-07-25 09:39:09,0.62,0.7469,647,0.6,0.7228,47,0.6,0.7228,10,0.61,0.7349,3495,0
SPY190726C301,2019-07-25,2019-07-25 09:39:10,0.62,0.7469,483,0.6,0.7228,169,0.6,0.7228,10,0.61,0.7349,3515,20
SPY190726C301,2019-07-25,2019-07-25 09:39:11,0.61,0.7349,9,0.6,0.7228,169,0.6,0.7228,20,0.605,0.7289,3515,0
SPY190726C301,2019-07-25,2019-07-25 09:39:11,0.61,0.7349,40,0.59,0.7108,497,0.6,0.7228,20,0.6,0.7228,3515,0
SPY190726C301,2019-07-25,2019-07-25 09:39:12,0.6,0.7228,31,0.59,0.7108,476,0.6,0.7228,20,0.595,0.7168,3515,0
SPY190726C301,2019-07-25,2019-07-25 09:39:12,0.61,0.7349,101,0.6,0.7228,79,0.61,0.7349,5,0.605,0.7289,3520,5
SPY190726C301,2019-07-25,2019-07-25 09:39:13,0.61,0.7349,252,0.6,0.7228,79,0.61,0.7349,5,0.605,0.7289,3520,0
SPY190726C301,2019-07-25,2019-07-25 09:39:13,0.61,0.7349,134,0.6,0.7228,42,0.61,0.7349,5,0.605,0.7289,3520,0
SPY190726C301,2019-07-25,2019-07-25 09:39:14,0.61,0.7349,94,0.6,0.7228,129,0.61,0.7349,5,0.605,0.7289,3520,0
SPY190726C301,2019-07-25,2019-07-25 09:39:15,0.62,0.7469,600,0.6,0.7228,598,0.61,0.7349,1,0.61,0.7349,3521,0
SPY190726C301,2019-07-25,2019-07-25 09:39:15,0.61,0.7349,94,0.6,0.7228,176,0.61,0.7349,1,0.605,0.7289,3521,1
SPY190726C301,2019-07-25,2019-07-25 09:39:16,0.61,0.7349,62,0.6,0.7228,48,0.61,0.7349,1,0.605,0.7289,3521,0
SPY190726C301,2019-07-25,2019-07-25 09:39:16,0.62,0.7469,600,0.6,0.7228,598,0.61,0.7349,1,0.61,0.7349,3521,0
SPY190726C301,2019-07-25,2019-07-25 09:39:17,0.61,0.7349,42,0.6,0.7228,85,0.61,0.7349,1,0.605,0.7289,3521,0
SPY190726C301,2019-07-25,2019-07-25 09:39:18,0.61,0.7349,48,0.6,0.7228,175,0.61,0.7349,1,0.605,0.7289,3521,0
SPY190726C301,2019-07-25,2019-07-25 09:39:18,0.61,0.7349,42,0.6,0.7228,85,0.61,0.7349,1,0.605,0.7289,3521,0
SPY190726C301,2019-07-25,2019-07-25 09:39:19,0.62,0.7469,852,0.61,0.7349,10,0.61,0.7349,3,0.615,0.7409,3524,0
SPY190726C301,2019-07-25,2019-07-25 09:39:19,0.62,0.7469,642,0.61,0.7349,10,0.61,0.7349,3,0.615,0.7409,3524,3
SPY190726C301,2019-07-25,2019-07-25 09:39:20,0.62,0.7469,38,0.61,0.7349,186,0.61,0.7349,3,0.615,0.7409,3524,0
SPY190726C301,2019-07-25,2019-07-25 09:39:21,0.62,0.7469,38,0.61,0.7349,145,0.61,0.7349,3,0.615,0.7409,3524,0
SPY190726C301,2019-07-25,2019-07-25 09:39:21,0.62,0.7469,58,0.61,0.7349,109,0.62,0.7469,5,0.615,0.7409,3529,5
SPY190726C301,2019-07-25,2019-07-25 09:39:22,0.62,0.7469,150,0.61,0.7349,109,0.62,0.7469,5,0.615,0.7409,3529,0
SPY190726C301,2019-07-25,2019-07-25 09:39:22,0.62,0.7469,168,0.61,0.7349,10,0.62,0.7469,5,0.615,0.7409,3529,0
SPY190726C301,2019-07-25,2019-07-25 09:39:23,0.62,0.7469,203,0.61,0.7349,41,0.62,0.7469,5,0.615,0.7409,3529,0
SPY190726C301,2019-07-25,2019-07-25 09:39:24,0.62,0.7469,312,0.61,0.7349,41,0.62,0.7469,5,0.615,0.7409,3529,0
SPY190726C301,2019-07-25,2019-07-25 09:39:24,0.62,0.7469,224,0.61,0.7349,41,0.62,0.7469,5,0.615,0.7409,3529,0
SPY190726C301,2019-07-25,2019-07-25 09:39:25,0.62,0.7469,684,0.61,0.7349,41,0.62,0.7469,5,0.615,0.7409,3529,0
SPY190726C301,2019-07-25,2019-07-25 09:39:25,0.62,0.7469,823,0.61,0.7349,41,0.62,0.7469,5,0.615,0.7409,3529,0
SPY190726C301,2019-07-25,2019-07-25 09:39:26,0.62,0.7469,787,0.61,0.7349,41,0.62,0.7469,5,0.615,0.7409,3529,0
SPY190726C301,2019-07-25,2019-07-25 09:39:27,0.62,0.7469,20,0.61,0.7349,78,0.62,0.7469,5,0.615,0.7409,3529,0
SPY190726C301,2019-07-25,2019-07-25 09:39:27,0.62,0.7469,20,0.61,0.7349,98,0.62,0.7469,1,0.615,0.7409,3530,1
SPY190726C301,2019-07-25,2019-07-25 09:39:28,0.62,0.7469,1,0.61,0.7349,164,0.62,0.7469,1,0.615,0.7409,3531,1
SPY190726C301,2019-07-25,2019-07-25 09:39:28,0.62,0.7469,20,0.61,0.7349,119,0.62,0.7469,1,0.615,0.7409,3530,0
SPY190726C301,2019-07-25,2019-07-25 09:39:29,0.62,0.7469,119,0.61,0.7349,47,0.62,0.7469,1,0.615,0.7409,3531,0
SPY190726C301,2019-07-25,2019-07-25 09:39:30,0.62,0.7469,224,0.61,0.7349,10,0.61,0.7349,1,0.615,0.7409,3532,1
SPY190726C301,2019-07-25,2019-07-25 09:39:30,0.63,0.759,1180,0.61,0.7349,10,0.62,0.7469,1,0.62,0.7469,3531,0
SPY190726C301,2019-07-25,2019-07-25 09:39:31,0.62,0.7469,154,0.61,0.7349,41,0.61,0.7349,1,0.615,0.7409,3532,0
SPY190726C301,2019-07-25,2019-07-25 09:39:31,0.62,0.7469,514,0.61,0.7349,41,0.61,0.7349,1,0.615,0.7409,3532,0
SPY190726C301,2019-07-25,2019-07-25 09:39:32,0.62,0.7469,685,0.61,0.7349,41,0.61,0.7349,1,0.615,0.7409,3532,0
SPY190726C301,2019-07-25,2019-07-25 09:39:33,0.62,0.7469,860,0.61,0.7349,41,0.61,0.7349,1,0.615,0.7409,3532,0
SPY190726C301,2019-07-25,2019-07-25 09:39:33,0.62,0.7469,890,0.61,0.7349,41,0.61,0.7349,1,0.615,0.7409,3532,0
SPY190726C301,2019-07-25,2019-07-25 09:39:34,0.62,0.7469,901,0.61,0.7349,41,0.61,0.7349,1,0.615,0.7409,3532,0
SPY190726C301,2019-07-25,2019-07-25 09:39:35,0.61,0.7349,72,0.6,0.7228,144,0.61,0.7349,7,0.605,0.7289,3544,10
SPY190726C301,2019-07-25,2019-07-25 09:39:35,0.62,0.7469,1120,0.61,0.7349,41,0.62,0.7469,2,0.615,0.7409,3534,2
SPY190726C301,2019-07-25,2019-07-25 09:39:36,0.61,0.7349,311,0.6,0.7228,134,0.61,0.7349,7,0.605,0.7289,3544,0
SPY190726C301,2019-07-25,2019-07-25 09:39:36,0.61,0.7349,670,0.6,0.7228,134,0.6,0.7228,1,0.605,0.7289,3545,1
SPY190726C301,2019-07-25,2019-07-25 09:39:37,0.61,0.7349,255,0.6,0.7228,121,0.6,0.7228,1,0.605,0.7289,3545,0
SPY190726C301,2019-07-25,2019-07-25 09:39:37,0.61,0.7349,128,0.6,0.7228,121,0.6,0.7228,1,0.605,0.7289,3545,0
SPY190726C301,2019-07-25,2019-07-25 09:39:38,0.6,0.7228,48,0.59,0.7108,47,0.6,0.7228,1,0.595,0.7168,3545,0
SPY190726C301,2019-07-25,2019-07-25 09:39:39,0.6,0.7228,170,0.59,0.7108,38,0.6,0.7228,1,0.595,0.7168,3646,101
SPY190726C301,2019-07-25,2019-07-25 09:39:39,0.6,0.7228,64,0.59,0.7108,20,0.6,0.7228,1,0.595,0.7168,3646,0
SPY190726C301,2019-07-25,2019-07-25 09:39:40,0.59,0.7108,20,0.58,0.6987,161,0.6,0.7228,1,0.585,0.7048,3646,0
SPY190726C301,2019-07-25,2019-07-25 09:39:41,0.59,0.7108,218,0.58,0.6987,20,0.6,0.7228,1,0.585,0.7048,3646,0
SPY190726C301,2019-07-25,2019-07-25 09:39:41,0.59,0.7108,20,0.59,0.7108,20,0.6,0.7228,1,0.59,0.7108,3646,0
SPY190726C301,2019-07-25,2019-07-25 09:39:42,0.59,0.7108,227,0.58,0.6987,20,0.6,0.7228,1,0.585,0.7048,3646,0
SPY190726C301,2019-07-25,2019-07-25 09:39:43,0.58,0.6987,202,0.56,0.6746,38,0.58,0.6987,20,0.57,0.6867,3666,20
SPY190726C301,2019-07-25,2019-07-25 09:39:43,0.57,0.6867,178,0.56,0.6746,5,0.58,0.6987,20,0.565,0.6807,3666,0
SPY190726C301,2019-07-25,2019-07-25 09:39:44,0.57,0.6867,213,0.56,0.6746,5,0.58,0.6987,20,0.565,0.6807,3666,0
SPY190726C301,2019-07-25,2019-07-25 09:39:45,0.57,0.6867,153,0.56,0.6746,5,0.58,0.6987,20,0.565,0.6807,3666,0
SPY190726C301,2019-07-25,2019-07-25 09:39:45,0.57,0.6867,997,0.56,0.6746,5,0.58,0.6987,20,0.565,0.6807,3666,0
SPY190726C301,2019-07-25,2019-07-25 09:39:46,0.57,0.6867,750,0.56,0.6746,5,0.58,0.6987,20,0.565,0.6807,3666,0
SPY190726C301,2019-07-25,2019-07-25 09:39:46,0.57,0.6867,997,0.56,0.6746,5,0.58,0.6987,20,0.565,0.6807,3666,0
SPY190726C301,2019-07-25,2019-07-25 09:39:47,0.57,0.6867,49,0.56,0.6746,151,0.58,0.6987,20,0.565,0.6807,3666,0
SPY190726C301,2019-07-25,2019-07-25 09:39:48,0.58,0.6987,219,0.56,0.6746,326,0.58,0.6987,20,0.57,0.6867,3666,0
SPY190726C301,2019-07-25,2019-07-25 09:39:48,0.58,0.6987,677,0.56,0.6746,267,0.58,0.6987,20,0.57,0.6867,3666,0
SPY190726C301,2019-07-25,2019-07-25 09:39:49,0.58,0.6987,677,0.57,0.6867,38,0.58,0.6987,20,0.575,0.6927,3666,0
SPY190726C301,2019-07-25,2019-07-25 09:39:50,0.58,0.6987,712,0.56,0.6746,224,0.58,0.6987,20,0.57,0.6867,3666,0
SPY190726C301,2019-07-25,2019-07-25 09:39:50,0.58,0.6987,50,0.57,0.6867,129,0.58,0.6987,20,0.575,0.6927,3666,0
SPY190726C301,2019-07-25,2019-07-25 09:39:51,0.59,0.7108,50,0.58,0.6987,79,0.58,0.6987,20,0.585,0.7048,3666,0
SPY190726C301,2019-07-25,2019-07-25 09:39:52,0.6,0.7228,862,0.58,0.6987,255,0.58,0.6987,20,0.59,0.7108,3666,0
SPY190726C301,2019-07-25,2019-07-25 09:39:53,0.6,0.7228,861,0.58,0.6987,182,0.58,0.6987,20,0.59,0.7108,3666,0
SPY190726C301,2019-07-25,2019-07-25 09:39:54,0.59,0.7108,564,0.57,0.6867,580,0.58,0.6987,20,0.58,0.6987,3666,0
SPY190726C301,2019-07-25,2019-07-25 09:39:54,0.59,0.7108,564,0.58,0.6987,41,0.58,0.6987,20,0.585,0.7048,3666,0
SPY190726C301,2019-07-25,2019-07-25 09:39:55,0.59,0.7108,564,0.57,0.6867,344,0.58,0.6987,20,0.58,0.6987,3666,0
SPY190726C301,2019-07-25,2019-07-25 09:39:55,0.59,0.7108,564,0.57,0.6867,258,0.58,0.6987,20,0.58,0.6987,3666,0
SPY190726C301,2019-07-25,2019-07-25 09:39:56,0.58,0.6987,93,0.57,0.6867,258,0.58,0.6987,20,0.575,0.6927,3666,0
SPY190726C301,2019-07-25,2019-07-25 09:39:57,0.59,0.7108,628,0.58,0.6987,41,0.58,0.6987,20,0.585,0.7048,3666,0
SPY190726C301,2019-07-25,2019-07-25 09:39:57,0.59,0.7108,722,0.57,0.6867,50,0.58,0.6987,20,0.58,0.6987,3666,0
SPY190726C301,2019-07-25,2019-07-25 09:39:58,0.57,0.6867,5,0.56,0.6746,41,0.58,0.6987,1,0.565,0.6807,3667,1
SPY190726C301,2019-07-25,2019-07-25 09:39:58,0.57,0.6867,168,0.56,0.6746,41,0.58,0.6987,1,0.565,0.6807,3667,0
SPY190726C301,2019-07-25,2019-07-25 09:39:59,0.57,0.6867,324,0.56,0.6746,41,0.58,0.6987,1,0.565,0.6807,3667,0
SPY190726C301,2019-07-25,2019-07-25 09:40:01,0.56,0.6746,364,0.55,0.6626,28,0.56,0.6746,2,0.555,0.6686,3674,2
SPY190726C301,2019-07-25,2019-07-25 09:40:01,0.56,0.6746,364,0.55,0.6626,28,0.56,0.6746,5,0.555,0.6686,3672,5
SPY190726C301,2019-07-25,2019-07-25 09:40:02,0.56,0.6746,364,0.55,0.6626,28,0.56,0.6746,2,0.555,0.6686,3674,0
SPY190726C301,2019-07-25,2019-07-25 09:40:03,0.56,0.6746,67,0.55,0.6626,194,0.56,0.6746,2,0.555,0.6686,3674,0
SPY190726C301,2019-07-25,2019-07-25 09:40:03,0.56,0.6746,72,0.55,0.6626,144,0.56,0.6746,2,0.555,0.6686,3674,0
SPY190726C301,2019-07-25,2019-07-25 09:40:04,0.57,0.6867,5,0.57,0.6867,10,0.56,0.6746,20,0.57,0.6867,3705,31
SPY190726C301,2019-07-25,2019-07-25 09:40:05,0.59,0.7108,42,0.57,0.6867,151,0.56,0.6746,20,0.58,0.6987,3715,10
SPY190726C301,2019-07-25,2019-07-25 09:40:06,0.59,0.7108,150,0.58,0.6987,165,0.57,0.6867,10,0.585,0.7048,3715,0
SPY190726C301,2019-07-25,2019-07-25 09:40:07,0.6,0.7228,574,0.58,0.6987,230,0.57,0.6867,10,0.59,0.7108,3715,0
SPY190726C301,2019-07-25,2019-07-25 09:40:07,0.59,0.7108,40,0.59,0.7108,21,0.57,0.6867,10,0.59,0.7108,3715,0
SPY190726C301,2019-07-25,2019-07-25 09:40:08,0.6,0.7228,219,0.58,0.6987,219,0.57,0.6867,10,0.59,0.7108,3715,0
SPY190726C301,2019-07-25,2019-07-25 09:40:09,0.6,0.7228,40,0.59,0.7108,139,0.57,0.6867,10,0.595,0.7168,3715,0
SPY190726C301,2019-07-25,2019-07-25 09:40:09,0.61,0.7349,154,0.6,0.7228,100,0.57,0.6867,10,0.605,0.7289,3715,0
SPY190726C301,2019-07-25,2019-07-25 09:40:10,0.6,0.7228,40,0.59,0.7108,797,0.59,0.7108,1,0.595,0.7168,3716,1
SPY190726C301,2019-07-25,2019-07-25 09:40:10,0.61,0.7349,154,0.6,0.7228,41,0.57,0.6867,10,0.605,0.7289,3715,0
SPY190726C301,2019-07-25,2019-07-25 09:40:11,0.61,0.7349,522,0.59,0.7108,228,0.59,0.7108,1,0.6,0.7228,3716,0
SPY190726C301,2019-07-25,2019-07-25 09:40:12,0.62,0.7469,353,0.61,0.7349,38,0.59,0.7108,1,0.615,0.7409,3716,0
SPY190726C301,2019-07-25,2019-07-25 09:40:12,0.61,0.7349,20,0.6,0.7228,150,0.59,0.7108,1,0.605,0.7289,3716,0
SPY190726C301,2019-07-25,2019-07-25 09:40:13,0.61,0.7349,204,0.6,0.7228,124,0.59,0.7108,1,0.605,0.7289,3716,0
SPY190726C301,2019-07-25,2019-07-25 09:40:13,0.61,0.7349,493,0.59,0.7108,229,0.59,0.7108,1,0.6,0.7228,3716,0
SPY190726C301,2019-07-25,2019-07-25 09:40:14,0.61,0.7349,466,0.6,0.7228,60,0.59,0.7108,1,0.605,0.7289,3716,0
SPY190726C301,2019-07-25,2019-07-25 09:40:15,0.61,0.7349,614,0.59,0.7108,169,0.59,0.7108,1,0.6,0.7228,3716,0
SPY190726C301,2019-07-25,2019-07-25 09:40:15,0.61,0.7349,466,0.59,0.7108,169,0.59,0.7108,1,0.6,0.7228,3716,0
SPY190726C301,2019-07-25,2019-07-25 09:40:16,0.6,0.7228,246,0.59,0.7108,3,0.59,0.7108,1,0.595,0.7168,3716,0
SPY190726C301,2019-07-25,2019-07-25 09:40:17,0.6,0.7228,230,0.59,0.7108,192,0.6,0.7228,44,0.595,0.7168,3766,50
SPY190726C301,2019-07-25,2019-07-25 09:40:17,0.61,0.7349,140,0.59,0.7108,213,0.6,0.7228,1,0.6,0.7228,3767,1
SPY190726C301,2019-07-25,2019-07-25 09:40:18,0.61,0.7349,29,0.59,0.7108,228,0.6,0.7228,1,0.6,0.7228,3767,0
SPY190726C301,2019-07-25,2019-07-25 09:40:19,0.62,0.7469,782,0.6,0.7228,548,0.6,0.7228,1,0.61,0.7349,3767,0
SPY190726C301,2019-07-25,2019-07-25 09:40:20,0.62,0.7469,502,0.61,0.7349,1,0.6,0.7228,1,0.615,0.7409,3767,0
SPY190726C301,2019-07-25,2019-07-25 09:40:21,0.62,0.7469,40,0.61,0.7349,66,0.61,0.7349,1,0.615,0.7409,3769,2
SPY190726C301,2019-07-25,2019-07-25 09:40:21,0.62,0.7469,645,0.6,0.7228,387,0.6,0.7228,5,0.61,0.7349,3774,5
SPY190726C301,2019-07-25,2019-07-25 09:40:22,0.62,0.7469,232,0.6,0.7228,267,0.6,0.7228,5,0.61,0.7349,3774,0
SPY190726C301,2019-07-25,2019-07-25 09:40:22,0.62,0.7469,518,0.6,0.7228,267,0.6,0.7228,5,0.61,0.7349,3774,0
SPY190726C301,2019-07-25,2019-07-25 09:40:23,0.62,0.7469,601,0.61,0.7349,47,0.6,0.7228,5,0.615,0.7409,3774,0
SPY190726C301,2019-07-25,2019-07-25 09:40:24,0.62,0.7469,232,0.6,0.7228,267,0.6,0.7228,5,0.61,0.7349,3774,0
SPY190726C301,2019-07-25,2019-07-25 09:40:24,0.62,0.7469,232,0.61,0.7349,170,0.6,0.7228,5,0.615,0.7409,3774,0
SPY190726C301,2019-07-25,2019-07-25 09:40:25,0.62,0.7469,350,0.61,0.7349,6,0.61,0.7349,3,0.615,0.7409,3777,3
SPY190726C301,2019-07-25,2019-07-25 09:40:25,0.62,0.7469,215,0.61,0.7349,46,0.6,0.7228,5,0.615,0.7409,3774,0
SPY190726C301,2019-07-25,2019-07-25 09:40:26,0.62,0.7469,307,0.61,0.7349,2,0.61,0.7349,3,0.615,0.7409,3777,0
SPY190726C301,2019-07-25,2019-07-25 09:40:26,0.62,0.7469,551,0.61,0.7349,2,0.61,0.7349,3,0.615,0.7409,3777,0
SPY190726C301,2019-07-25,2019-07-25 09:40:27,0.62,0.7469,641,0.61,0.7349,43,0.61,0.7349,3,0.615,0.7409,3777,0
SPY190726C301,2019-07-25,2019-07-25 09:40:28,0.63,0.759,118,0.62,0.7469,166,0.61,0.7349,3,0.625,0.753,3777,0
SPY190726C301,2019-07-25,2019-07-25 09:40:29,0.63,0.759,140,0.62,0.7469,134,0.61,0.7349,3,0.625,0.753,3777,0
SPY190726C301,2019-07-25,2019-07-25 09:40:30,0.64,0.771,525,0.62,0.7469,121,0.61,0.7349,3,0.63,0.759,3777,0
SPY190726C301,2019-07-25,2019-07-25 09:40:30,0.63,0.759,293,0.61,0.7349,244,0.61,0.7349,3,0.62,0.7469,3777,0
SPY190726C301,2019-07-25,2019-07-25 09:40:31,0.64,0.771,755,0.62,0.7469,131,0.61,0.7349,3,0.63,0.759,3777,0
SPY190726C301,2019-07-25,2019-07-25 09:40:32,0.64,0.771,476,0.63,0.759,46,0.61,0.7349,3,0.635,0.765,3777,0
SPY190726C301,2019-07-25,2019-07-25 09:40:32,0.64,0.771,348,0.63,0.759,56,0.61,0.7349,3,0.635,0.765,3777,0
SPY190726C301,2019-07-25,2019-07-25 09:40:33,0.64,0.771,464,0.63,0.759,46,0.61,0.7349,3,0.635,0.765,3777,0
SPY190726C301,2019-07-25,2019-07-25 09:40:34,0.64,0.771,40,0.63,0.759,163,0.64,0.771,20,0.635,0.765,3797,20
SPY190726C301,2019-07-25,2019-07-25 09:40:34,0.65,0.7831,429,0.63,0.759,196,0.64,0.771,20,0.64,0.771,3797,0
SPY190726C301,2019-07-25,2019-07-25 09:40:35,0.65,0.7831,493,0.63,0.759,282,0.64,0.771,20,0.64,0.771,3797,0
SPY190726C301,2019-07-25,2019-07-25 09:40:36,0.65,0.7831,493,0.63,0.759,230,0.64,0.771,20,0.64,0.771,3797,0
SPY190726C301,2019-07-25,2019-07-25 09:40:36,0.65,0.7831,575,0.63,0.759,338,0.64,0.771,20,0.64,0.771,3797,0
SPY190726C301,2019-07-25,2019-07-25 09:40:37,0.65,0.7831,368,0.64,0.771,42,0.65,0.7831,10,0.645,0.7771,3807,10
SPY190726C301,2019-07-25,2019-07-25 09:40:38,0.65,0.7831,512,0.63,0.759,288,0.65,0.7831,10,0.64,0.771,3807,0
SPY190726C301,2019-07-25,2019-07-25 09:40:38,0.65,0.7831,509,0.63,0.759,247,0.65,0.7831,10,0.64,0.771,3807,0
SPY190726C301,2019-07-25,2019-07-25 09:40:39,0.65,0.7831,512,0.63,0.759,288,0.65,0.7831,10,0.64,0.771,3807,0
SPY190726C301,2019-07-25,2019-07-25 09:40:40,0.65,0.7831,512,0.63,0.759,288,0.65,0.7831,10,0.64,0.771,3807,0
SPY190726C301,2019-07-25,2019-07-25 09:40:40,0.64,0.771,40,0.63,0.759,288,0.65,0.7831,10,0.635,0.765,3807,0
SPY190726C301,2019-07-25,2019-07-25 09:40:41,0.65,0.7831,512,0.63,0.759,260,0.65,0.7831,10,0.64,0.771,3807,0
SPY190726C301,2019-07-25,2019-07-25 09:40:41,0.66,0.7951,602,0.65,0.7831,43,0.65,0.7831,10,0.655,0.7891,3807,0
SPY190726C301,2019-07-25,2019-07-25 09:40:42,0.66,0.7951,140,0.65,0.7831,5,0.65,0.7831,10,0.655,0.7891,3807,0
SPY190726C301,2019-07-25,2019-07-25 09:40:43,0.66,0.7951,171,0.65,0.7831,43,0.65,0.7831,10,0.655,0.7891,3807,0
SPY190726C301,2019-07-25,2019-07-25 09:40:43,0.66,0.7951,166,0.65,0.7831,41,0.65,0.7831,10,0.655,0.7891,3807,0
SPY190726C301,2019-07-25,2019-07-25 09:40:44,0.66,0.7951,83,0.65,0.7831,82,0.65,0.7831,10,0.655,0.7891,3807,0
SPY190726C301,2019-07-25,2019-07-25 09:40:45,0.66,0.7951,283,0.65,0.7831,5,0.65,0.7831,10,0.655,0.7891,3807,0
SPY190726C301,2019-07-25,2019-07-25 09:40:46,0.66,0.7951,154,0.65,0.7831,5,0.65,0.7831,10,0.655,0.7891,3807,0
SPY190726C301,2019-07-25,2019-07-25 09:40:46,0.66,0.7951,46,0.65,0.7831,82,0.65,0.7831,10,0.655,0.7891,3807,0
SPY190726C301,2019-07-25,2019-07-25 09:40:47,0.66,0.7951,154,0.65,0.7831,5,0.65,0.7831,10,0.655,0.7891,3807,0
SPY190726C301,2019-07-25,2019-07-25 09:40:48,0.66,0.7951,10,0.65,0.7831,5,0.65,0.7831,1,0.655,0.7891,3813,6
SPY190726C301,2019-07-25,2019-07-25 09:40:49,0.66,0.7951,111,0.65,0.7831,142,0.65,0.7831,1,0.655,0.7891,3813,0
SPY190726C301,2019-07-25,2019-07-25 09:40:49,0.66,0.7951,10,0.65,0.7831,142,0.65,0.7831,1,0.655,0.7891,3813,0
SPY190726C301,2019-07-25,2019-07-25 09:40:50,0.65,0.7831,18,0.65,0.7831,1,0.65,0.7831,1,0.65,0.7831,3813,0
SPY190726C301,2019-07-25,2019-07-25 09:40:50,0.66,0.7951,481,0.65,0.7831,37,0.65,0.7831,1,0.655,0.7891,3814,1
SPY190726C301,2019-07-25,2019-07-25 09:40:51,0.66,0.7951,28,0.65,0.7831,110,0.66,0.7951,10,0.655,0.7891,3824,10
SPY190726C301,2019-07-25,2019-07-25 09:40:52,0.67,0.8072,50,0.66,0.7951,19,0.66,0.7951,10,0.665,0.8012,3824,0
SPY190726C301,2019-07-25,2019-07-25 09:40:53,0.67,0.8072,121,0.66,0.7951,129,0.66,0.7951,10,0.665,0.8012,3824,0
SPY190726C301,2019-07-25,2019-07-25 09:40:53,0.68,0.8192,434,0.66,0.7951,129,0.66,0.7951,10,0.67,0.8072,3824,0
SPY190726C301,2019-07-25,2019-07-25 09:40:54,0.67,0.8072,135,0.66,0.7951,94,0.66,0.7951,17,0.665,0.8012,3856,31
SPY190726C301,2019-07-25,2019-07-25 09:40:54,0.67,0.8072,120,0.66,0.7951,129,0.67,0.8072,1,0.665,0.8012,3825,1
SPY190726C301,2019-07-25,2019-07-25 09:40:55,0.68,0.8192,68,0.67,0.8072,90,0.67,0.8072,22,0.675,0.8132,3929,73
SPY190726C301,2019-07-25,2019-07-25 09:40:56,0.69,0.8313,753,0.67,0.8072,34,0.67,0.8072,22,0.68,0.8192,3929,0
SPY190726C301,2019-07-25,2019-07-25 09:40:57,0.68,0.8192,135,0.67,0.8072,43,0.69,0.8313,3,0.675,0.8132,3932,3
SPY190726C301,2019-07-25,2019-07-25 09:40:58,0.67,0.8072,120,0.66,0.7951,77,0.69,0.8313,3,0.665,0.8012,3932,0
SPY190726C301,2019-07-25,2019-07-25 09:40:59,0.67,0.8072,239,0.66,0.7951,20,0.69,0.8313,3,0.665,0.8012,3932,0
SPY190726C301,2019-07-25,2019-07-25 09:41:00,0.67,0.8072,131,0.66,0.7951,101,0.67,0.8072,5,0.665,0.8012,3944,12
SPY190726C301,2019-07-25,2019-07-25 09:41:02,0.67,0.8072,127,0.66,0.7951,54,0.67,0.8072,17,0.665,0.8012,3961,17
SPY190726C301,2019-07-25,2019-07-25 09:41:02,0.67,0.8072,127,0.66,0.7951,54,0.67,0.8072,17,0.665,0.8012,3961,0
SPY190726C301,2019-07-25,2019-07-25 09:41:03,0.67,0.8072,131,0.66,0.7951,37,0.67,0.8072,17,0.665,0.8012,3961,0
SPY190726C301,2019-07-25,2019-07-25 09:41:04,0.68,0.8192,165,0.66,0.7951,220,0.66,0.7951,4,0.67,0.8072,3965,4
SPY190726C301,2019-07-25,2019-07-25 09:41:06,0.67,0.8072,383,0.66,0.7951,20,0.67,0.8072,3,0.665,0.8012,3968,3
SPY190726C301,2019-07-25,2019-07-25 09:41:09,0.66,0.7951,356,0.65,0.7831,1,0.66,0.7951,5,0.655,0.7891,3993,25
SPY190726C301,2019-07-25,2019-07-25 09:41:10,0.64,0.771,230,0.63,0.759,37,0.64,0.771,1,0.635,0.765,4047,54
SPY190726C301,2019-07-25,2019-07-25 09:41:11,0.65,0.7831,192,0.64,0.771,43,0.64,0.771,1,0.645,0.7771,4048,1
SPY190726C301,2019-07-25,2019-07-25 09:41:12,0.65,0.7831,203,0.64,0.771,43,0.64,0.771,3,0.645,0.7771,4051,3
SPY190726C301,2019-07-25,2019-07-25 09:41:12,0.64,0.771,35,0.64,0.771,1,0.64,0.771,3,0.64,0.771,4051,0
SPY190726C301,2019-07-25,2019-07-25 09:41:13,0.64,0.771,135,0.63,0.759,87,0.64,0.771,3,0.635,0.765,4051,0
SPY190726C301,2019-07-25,2019-07-25 09:41:14,0.65,0.7831,166,0.64,0.771,43,0.64,0.771,3,0.645,0.7771,4051,0
SPY190726C301,2019-07-25,2019-07-25 09:41:14,0.65,0.7831,103,0.63,0.759,648,0.64,0.771,3,0.64,0.771,4051,0
SPY190726C301,2019-07-25,2019-07-25 09:41:15,0.65,0.7831,1,0.64,0.771,212,0.65,0.7831,1,0.645,0.7771,4052,1
SPY190726C301,2019-07-25,2019-07-25 09:41:16,0.66,0.7951,315,0.64,0.771,653,0.65,0.7831,1,0.65,0.7831,4052,0
SPY190726C301,2019-07-25,2019-07-25 09:41:17,0.66,0.7951,617,0.64,0.771,209,0.65,0.7831,1,0.65,0.7831,4052,0
SPY190726C301,2019-07-25,2019-07-25 09:41:18,0.65,0.7831,112,0.64,0.771,133,0.65,0.7831,1,0.645,0.7771,4052,0
SPY190726C301,2019-07-25,2019-07-25 09:41:19,0.64,0.771,240,0.62,0.7469,248,0.65,0.7831,1,0.63,0.759,4052,0
SPY190726C301,2019-07-25,2019-07-25 09:41:20,0.63,0.759,161,0.62,0.7469,308,0.65,0.7831,1,0.625,0.753,4052,0
SPY190726C301,2019-07-25,2019-07-25 09:41:21,0.62,0.7469,178,0.61,0.7349,143,0.61,0.7349,2,0.615,0.7409,4054,2
SPY190726C301,2019-07-25,2019-07-25 09:41:21,0.62,0.7469,449,0.6,0.7228,132,0.6,0.7228,3,0.61,0.7349,4057,3
SPY190726C301,2019-07-25,2019-07-25 09:41:22,0.61,0.7349,32,0.6,0.7228,139,0.61,0.7349,20,0.605,0.7289,4078,21
SPY190726C301,2019-07-25,2019-07-25 09:41:22,0.61,0.7349,354,0.6,0.7228,139,0.61,0.7349,20,0.605,0.7289,4078,0
SPY190726C301,2019-07-25,2019-07-25 09:41:23,0.61,0.7349,294,0.6,0.7228,61,0.61,0.7349,20,0.605,0.7289,4078,0
SPY190726C301,2019-07-25,2019-07-25 09:41:24,0.62,0.7469,202,0.61,0.7349,47,0.62,0.7469,100,0.615,0.7409,4178,100
SPY190726C301,2019-07-25,2019-07-25 09:41:24,0.61,0.7349,32,0.6,0.7228,235,0.61,0.7349,20,0.605,0.7289,4078,0
SPY190726C301,2019-07-25,2019-07-25 09:41:25,0.62,0.7469,116,0.61,0.7349,97,0.62,0.7469,100,0.615,0.7409,4178,0
SPY190726C301,2019-07-25,2019-07-25 09:41:26,0.64,0.771,145,0.62,0.7469,253,0.64,0.771,2,0.63,0.759,4205,27
SPY190726C301,2019-07-25,2019-07-25 09:41:27,0.63,0.759,192,0.62,0.7469,43,0.64,0.771,2,0.625,0.753,4205,0
SPY190726C301,2019-07-25,2019-07-25 09:41:28,0.63,0.759,192,0.62,0.7469,43,0.63,0.759,2,0.625,0.753,4208,3
SPY190726C301,2019-07-25,2019-07-25 09:41:29,0.62,0.7469,51,0.61,0.7349,202,0.63,0.759,2,0.615,0.7409,4208,0
SPY190726C301,2019-07-25,2019-07-25 09:41:29,0.63,0.759,114,0.61,0.7349,118,0.63,0.759,2,0.62,0.7469,4208,0
SPY190726C301,2019-07-25,2019-07-25 09:41:30,0.62,0.7469,69,0.61,0.7349,142,0.63,0.759,2,0.615,0.7409,4208,0
SPY190726C301,2019-07-25,2019-07-25 09:41:31,0.62,0.7469,12,0.61,0.7349,192,0.63,0.759,2,0.615,0.7409,4208,0
SPY190726C301,2019-07-25,2019-07-25 09:41:31,0.62,0.7469,24,0.61,0.7349,142,0.63,0.759,2,0.615,0.7409,4208,0
