symbol,Date,quote_time,ask_price,norm_ask_price,ask_size,bid_price,norm_bid_price,bid_size,last_trade_price,norm_last_trade_price,last_trade_size,mark_price,norm_mark_price,volume,Volume
SPY190805C295,2019-08-02,2019-08-02 09:30:17,1.18,1.0,5,1.13,0.9576,55,1.19,1.0084,1,1.155,0.9788,31,31
SPY190805C295,2019-08-02,2019-08-02 09:30:38,1.16,0.983,79,1.13,0.9576,276,1.17,0.9915,6,1.145,0.9703,43,12
SPY190805C295,2019-08-02,2019-08-02 09:30:48,1.14,0.9661,5,1.12,0.9491,101,1.17,0.9915,1,1.13,0.9576,44,1
SPY190805C295,2019-08-02,2019-08-02 09:30:53,1.14,0.9661,100,1.12,0.9491,21,1.14,0.9661,5,1.13,0.9576,54,10
SPY190805C295,2019-08-02,2019-08-02 09:30:55,1.14,0.9661,5,1.11,0.9406,592,1.14,0.9661,5,1.125,0.9533,54,0
SPY190805C295,2019-08-02,2019-08-02 09:30:56,1.15,0.9745,5,1.11,0.9406,71,1.14,0.9661,5,1.13,0.9576,54,0
SPY190805C295,2019-08-02,2019-08-02 09:30:57,1.15,0.9745,313,1.11,0.9406,50,1.14,0.9661,5,1.13,0.9576,54,0
SPY190805C295,2019-08-02,2019-08-02 09:30:58,1.14,0.9661,5,1.12,0.9491,5,1.14,0.9661,5,1.13,0.9576,54,0
SPY190805C295,2019-08-02,2019-08-02 09:30:59,1.14,0.9661,5,1.11,0.9406,422,1.14,0.9661,5,1.125,0.9533,54,0
SPY190805C295,2019-08-02,2019-08-02 09:31:01,1.13,0.9576,5,1.11,0.9406,66,1.14,0.9661,5,1.12,0.9491,54,0
SPY190805C295,2019-08-02,2019-08-02 09:31:03,1.11,0.9406,5,1.06,0.8983,20,1.14,0.9661,5,1.085,0.9194,54,0
SPY190805C295,2019-08-02,2019-08-02 09:31:03,1.11,0.9406,173,1.07,0.9067,110,1.14,0.9661,5,1.09,0.9237,54,0
SPY190805C295,2019-08-02,2019-08-02 09:31:05,1.09,0.9237,99,1.05,0.8898,367,1.14,0.9661,5,1.07,0.9067,54,0
SPY190805C295,2019-08-02,2019-08-02 09:31:06,1.09,0.9237,291,1.06,0.8983,100,1.14,0.9661,5,1.075,0.911,54,0
SPY190805C295,2019-08-02,2019-08-02 09:31:07,1.09,0.9237,88,1.06,0.8983,113,1.14,0.9661,5,1.075,0.911,54,0
SPY190805C295,2019-08-02,2019-08-02 09:31:08,1.07,0.9067,98,1.03,0.8728,50,1.14,0.9661,5,1.05,0.8898,54,0
SPY190805C295,2019-08-02,2019-08-02 09:31:11,1.06,0.8983,355,1.02,0.8644,307,1.14,0.9661,5,1.04,0.8813,54,0
SPY190805C295,2019-08-02,2019-08-02 09:31:11,1.06,0.8983,145,1.02,0.8644,242,1.14,0.9661,5,1.04,0.8813,54,0
SPY190805C295,2019-08-02,2019-08-02 09:31:13,1.04,0.8813,261,1.0,0.8474,151,1.14,0.9661,5,1.02,0.8644,54,0
SPY190805C295,2019-08-02,2019-08-02 09:31:13,1.04,0.8813,204,1.01,0.8559,60,1.14,0.9661,5,1.025,0.8686,54,0
SPY190805C295,2019-08-02,2019-08-02 09:31:14,1.04,0.8813,377,1.01,0.8559,37,1.14,0.9661,5,1.025,0.8686,54,0
SPY190805C295,2019-08-02,2019-08-02 09:31:15,1.04,0.8813,305,1.0,0.8474,287,1.14,0.9661,5,1.02,0.8644,54,0
SPY190805C295,2019-08-02,2019-08-02 09:31:17,1.01,0.8559,84,0.96,0.8135,48,1.14,0.9661,5,0.985,0.8347,54,0
SPY190805C295,2019-08-02,2019-08-02 09:31:18,1.0,0.8474,179,0.98,0.8305,157,0.99,0.8389,10,0.99,0.8389,64,10
SPY190805C295,2019-08-02,2019-08-02 09:31:19,1.0,0.8474,179,0.97,0.822,5,0.99,0.8389,10,0.985,0.8347,64,0
SPY190805C295,2019-08-02,2019-08-02 09:31:20,0.97,0.822,84,0.94,0.7966,60,0.98,0.8305,2,0.955,0.8093,66,2
SPY190805C295,2019-08-02,2019-08-02 09:31:24,1.02,0.8644,159,0.97,0.822,267,0.97,0.822,1,0.995,0.8432,67,1
SPY190805C295,2019-08-02,2019-08-02 09:31:26,1.01,0.8559,5,0.99,0.8389,10,0.98,0.8305,1,1.0,0.8474,68,1
SPY190805C295,2019-08-02,2019-08-02 09:31:27,1.01,0.8559,5,0.99,0.8389,72,0.98,0.8305,1,1.0,0.8474,68,0
SPY190805C295,2019-08-02,2019-08-02 09:31:29,1.05,0.8898,143,1.02,0.8644,5,0.98,0.8305,1,1.035,0.8771,68,0
SPY190805C295,2019-08-02,2019-08-02 09:31:30,1.05,0.8898,147,1.02,0.8644,65,0.98,0.8305,1,1.035,0.8771,68,0
SPY190805C295,2019-08-02,2019-08-02 09:31:31,1.04,0.8813,1,1.03,0.8728,8,1.04,0.8813,50,1.035,0.8771,118,50
SPY190805C295,2019-08-02,2019-08-02 09:31:33,1.03,0.8728,84,1.0,0.8474,110,1.04,0.8813,50,1.015,0.8601,118,0
SPY190805C295,2019-08-02,2019-08-02 09:31:34,1.03,0.8728,84,1.0,0.8474,66,1.04,0.8813,50,1.015,0.8601,118,0
SPY190805C295,2019-08-02,2019-08-02 09:31:34,1.05,0.8898,277,1.0,0.8474,60,1.04,0.8813,50,1.025,0.8686,118,0
SPY190805C295,2019-08-02,2019-08-02 09:31:35,1.03,0.8728,157,1.0,0.8474,157,1.04,0.8813,50,1.015,0.8601,118,0
SPY190805C295,2019-08-02,2019-08-02 09:31:36,1.03,0.8728,84,1.0,0.8474,60,1.04,0.8813,50,1.015,0.8601,118,0
SPY190805C295,2019-08-02,2019-08-02 09:31:37,1.04,0.8813,147,1.0,0.8474,110,1.04,0.8813,50,1.02,0.8644,118,0
SPY190805C295,2019-08-02,2019-08-02 09:31:38,1.04,0.8813,90,1.0,0.8474,110,1.04,0.8813,50,1.02,0.8644,118,0
SPY190805C295,2019-08-02,2019-08-02 09:31:39,1.03,0.8728,5,1.0,0.8474,157,1.04,0.8813,50,1.015,0.8601,118,0
SPY190805C295,2019-08-02,2019-08-02 09:31:41,1.04,0.8813,311,1.0,0.8474,100,1.04,0.8813,50,1.02,0.8644,118,0
SPY190805C295,2019-08-02,2019-08-02 09:31:42,1.04,0.8813,164,1.0,0.8474,408,1.04,0.8813,50,1.02,0.8644,118,0
SPY190805C295,2019-08-02,2019-08-02 09:31:42,1.04,0.8813,100,1.01,0.8559,99,1.04,0.8813,50,1.025,0.8686,118,0
SPY190805C295,2019-08-02,2019-08-02 09:31:43,1.04,0.8813,5,1.01,0.8559,99,1.04,0.8813,50,1.025,0.8686,118,0
SPY190805C295,2019-08-02,2019-08-02 09:31:44,1.03,0.8728,211,0.98,0.8305,360,1.0,0.8474,10,1.005,0.8516,129,10
SPY190805C295,2019-08-02,2019-08-02 09:31:44,1.03,0.8728,179,1.0,0.8474,10,1.02,0.8644,1,1.015,0.8601,119,1
SPY190805C295,2019-08-02,2019-08-02 09:31:45,1.02,0.8644,5,0.99,0.8389,5,1.0,0.8474,10,1.005,0.8516,129,0
SPY190805C295,2019-08-02,2019-08-02 09:31:45,1.03,0.8728,224,0.99,0.8389,5,0.99,0.8389,20,1.01,0.8559,149,20
SPY190805C295,2019-08-02,2019-08-02 09:31:46,1.02,0.8644,182,0.97,0.822,72,0.99,0.8389,20,0.995,0.8432,149,0
SPY190805C295,2019-08-02,2019-08-02 09:31:47,1.02,0.8644,5,0.98,0.8305,72,0.99,0.8389,20,1.0,0.8474,149,0
SPY190805C295,2019-08-02,2019-08-02 09:31:47,1.02,0.8644,182,0.98,0.8305,5,0.99,0.8389,20,1.0,0.8474,149,0
SPY190805C295,2019-08-02,2019-08-02 09:31:48,1.04,0.8813,344,1.0,0.8474,5,0.99,0.8389,20,1.02,0.8644,149,0
SPY190805C295,2019-08-02,2019-08-02 09:31:49,1.03,0.8728,211,0.97,0.822,360,0.99,0.8389,20,1.0,0.8474,149,0
SPY190805C295,2019-08-02,2019-08-02 09:31:50,1.03,0.8728,159,0.98,0.8305,72,0.99,0.8389,20,1.005,0.8516,149,0
SPY190805C295,2019-08-02,2019-08-02 09:31:50,1.03,0.8728,159,1.0,0.8474,74,0.99,0.8389,20,1.015,0.8601,149,0
SPY190805C295,2019-08-02,2019-08-02 09:31:51,1.03,0.8728,72,1.0,0.8474,5,0.99,0.8389,20,1.015,0.8601,149,0
SPY190805C295,2019-08-02,2019-08-02 09:31:52,1.04,0.8813,161,1.0,0.8474,60,0.99,0.8389,20,1.02,0.8644,149,0
SPY190805C295,2019-08-02,2019-08-02 09:31:54,1.05,0.8898,18,1.03,0.8728,60,0.99,0.8389,20,1.04,0.8813,149,0
SPY190805C295,2019-08-02,2019-08-02 09:31:58,1.12,0.9491,5,1.09,0.9237,5,1.05,0.8898,18,1.105,0.9364,167,18
SPY190805C295,2019-08-02,2019-08-02 09:31:59,1.14,0.9661,93,1.08,0.9152,50,1.05,0.8898,18,1.11,0.9406,167,0
SPY190805C295,2019-08-02,2019-08-02 09:31:59,1.14,0.9661,132,1.09,0.9237,59,1.05,0.8898,18,1.115,0.9449,167,0
SPY190805C295,2019-08-02,2019-08-02 09:32:00,1.16,0.983,154,1.1,0.9322,360,1.14,0.9661,15,1.13,0.9576,182,15
SPY190805C295,2019-08-02,2019-08-02 09:32:01,1.16,0.983,139,1.11,0.9406,5,1.14,0.9661,15,1.135,0.9618,182,0
SPY190805C295,2019-08-02,2019-08-02 09:32:03,1.16,0.983,100,1.12,0.9491,82,1.14,0.9661,15,1.14,0.9661,182,0
SPY190805C295,2019-08-02,2019-08-02 09:32:03,1.17,0.9915,98,1.12,0.9491,5,1.14,0.9661,15,1.145,0.9703,182,0
SPY190805C295,2019-08-02,2019-08-02 09:32:04,1.16,0.983,50,1.11,0.9406,50,1.14,0.9661,15,1.135,0.9618,182,0
SPY190805C295,2019-08-02,2019-08-02 09:32:05,1.14,0.9661,82,1.1,0.9322,50,1.14,0.9661,15,1.12,0.9491,182,0
SPY190805C295,2019-08-02,2019-08-02 09:32:10,1.2,1.0169,60,1.15,0.9745,2,1.14,0.9661,15,1.175,0.9957,182,0
SPY190805C295,2019-08-02,2019-08-02 09:32:11,1.2,1.0169,50,1.15,0.9745,50,1.14,0.9661,15,1.175,0.9957,182,0
SPY190805C295,2019-08-02,2019-08-02 09:32:12,1.2,1.0169,194,1.15,0.9745,100,1.14,0.9661,15,1.175,0.9957,182,0
SPY190805C295,2019-08-02,2019-08-02 09:32:13,1.21,1.0254,5,1.16,0.983,75,1.14,0.9661,15,1.185,1.0042,182,0
SPY190805C295,2019-08-02,2019-08-02 09:32:14,1.22,1.0338,145,1.17,0.9915,27,1.14,0.9661,15,1.195,1.0127,182,0
SPY190805C295,2019-08-02,2019-08-02 09:32:14,1.22,1.0338,100,1.18,1.0,50,1.14,0.9661,15,1.2,1.0169,182,0
SPY190805C295,2019-08-02,2019-08-02 09:32:15,1.21,1.0254,5,1.18,1.0,5,1.14,0.9661,15,1.195,1.0127,182,0
SPY190805C295,2019-08-02,2019-08-02 09:32:16,1.21,1.0254,5,1.18,1.0,71,1.14,0.9661,15,1.195,1.0127,182,0
SPY190805C295,2019-08-02,2019-08-02 09:32:16,1.23,1.0423,100,1.18,1.0,100,1.14,0.9661,15,1.205,1.0211,182,0
SPY190805C295,2019-08-02,2019-08-02 09:32:17,1.24,1.0508,360,1.19,1.0084,5,1.14,0.9661,15,1.215,1.0296,182,0
SPY190805C295,2019-08-02,2019-08-02 09:32:18,1.22,1.0338,5,1.2,1.0169,3,1.14,0.9661,15,1.21,1.0254,182,0
SPY190805C295,2019-08-02,2019-08-02 09:32:19,1.23,1.0423,100,1.2,1.0169,3,1.2,1.0169,3,1.215,1.0296,185,3
SPY190805C295,2019-08-02,2019-08-02 09:32:19,1.22,1.0338,131,1.16,0.983,100,1.2,1.0169,3,1.19,1.0084,185,0
SPY190805C295,2019-08-02,2019-08-02 09:32:20,1.21,1.0254,100,1.17,0.9915,50,1.2,1.0169,3,1.19,1.0084,185,0
SPY190805C295,2019-08-02,2019-08-02 09:32:22,1.22,1.0338,5,1.18,1.0,31,1.21,1.0254,10,1.2,1.0169,195,10
SPY190805C295,2019-08-02,2019-08-02 09:32:22,1.22,1.0338,50,1.17,0.9915,50,1.2,1.0169,3,1.195,1.0127,185,0
SPY190805C295,2019-08-02,2019-08-02 09:32:23,1.22,1.0338,60,1.17,0.9915,69,1.21,1.0254,10,1.195,1.0127,195,0
SPY190805C295,2019-08-02,2019-08-02 09:32:24,1.22,1.0338,131,1.18,1.0,2,1.21,1.0254,10,1.2,1.0169,195,0
SPY190805C295,2019-08-02,2019-08-02 09:32:24,1.21,1.0254,5,1.18,1.0,2,1.21,1.0254,10,1.195,1.0127,195,0
SPY190805C295,2019-08-02,2019-08-02 09:32:26,1.22,1.0338,6,1.18,1.0,5,1.21,1.0254,10,1.2,1.0169,195,0
SPY190805C295,2019-08-02,2019-08-02 09:32:27,1.22,1.0338,5,1.18,1.0,12,1.21,1.0254,10,1.2,1.0169,195,0
SPY190805C295,2019-08-02,2019-08-02 09:32:28,1.22,1.0338,5,1.18,1.0,100,1.21,1.0254,10,1.2,1.0169,195,0
SPY190805C295,2019-08-02,2019-08-02 09:32:29,1.2,1.0169,124,1.18,1.0,113,1.18,1.0,2,1.19,1.0084,197,2
SPY190805C295,2019-08-02,2019-08-02 09:32:30,1.19,1.0084,31,1.18,1.0,2,1.18,1.0,2,1.185,1.0042,197,0
SPY190805C295,2019-08-02,2019-08-02 09:32:30,1.19,1.0084,165,1.18,1.0,2,1.18,1.0,2,1.185,1.0042,197,0
SPY190805C295,2019-08-02,2019-08-02 09:32:31,1.19,1.0084,31,1.18,1.0,2,1.18,1.0,2,1.185,1.0042,197,0
SPY190805C295,2019-08-02,2019-08-02 09:32:32,1.19,1.0084,31,1.18,1.0,2,1.18,1.0,2,1.185,1.0042,197,0
SPY190805C295,2019-08-02,2019-08-02 09:32:33,1.22,1.0338,161,1.18,1.0,23,1.19,1.0084,1,1.2,1.0169,198,0
SPY190805C295,2019-08-02,2019-08-02 09:32:33,1.22,1.0338,131,1.18,1.0,23,1.19,1.0084,1,1.2,1.0169,198,1
SPY190805C295,2019-08-02,2019-08-02 09:32:34,1.22,1.0338,104,1.19,1.0084,159,1.19,1.0084,1,1.205,1.0211,198,0
SPY190805C295,2019-08-02,2019-08-02 09:32:34,1.23,1.0423,172,1.19,1.0084,118,1.19,1.0084,1,1.21,1.0254,198,0
SPY190805C295,2019-08-02,2019-08-02 09:32:35,1.21,1.0254,327,1.18,1.0,2,1.19,1.0084,1,1.195,1.0127,198,0
SPY190805C295,2019-08-02,2019-08-02 09:32:36,1.17,0.9915,23,1.15,0.9745,35,1.18,1.0,2,1.16,0.983,200,0
SPY190805C295,2019-08-02,2019-08-02 09:32:36,1.2,1.0169,203,1.18,1.0,2,1.18,1.0,2,1.19,1.0084,200,2
SPY190805C295,2019-08-02,2019-08-02 09:32:37,1.17,0.9915,125,1.15,0.9745,35,1.18,1.0,2,1.16,0.983,200,0
SPY190805C295,2019-08-02,2019-08-02 09:32:38,1.2,1.0169,31,1.16,0.983,60,1.18,1.0,2,1.18,1.0,200,0
SPY190805C295,2019-08-02,2019-08-02 09:32:38,1.2,1.0169,170,1.15,0.9745,20,1.18,1.0,2,1.175,0.9957,200,0
SPY190805C295,2019-08-02,2019-08-02 09:32:39,1.2,1.0169,150,1.17,0.9915,109,1.18,1.0,2,1.185,1.0042,200,0
SPY190805C295,2019-08-02,2019-08-02 09:32:40,1.2,1.0169,59,1.18,1.0,20,1.18,1.0,2,1.19,1.0084,200,0
SPY190805C295,2019-08-02,2019-08-02 09:32:40,1.21,1.0254,81,1.18,1.0,79,1.18,1.0,2,1.195,1.0127,200,0
SPY190805C295,2019-08-02,2019-08-02 09:32:42,1.21,1.0254,31,1.17,0.9915,60,1.18,1.0,2,1.19,1.0084,200,0
SPY190805C295,2019-08-02,2019-08-02 09:32:43,1.19,1.0084,131,1.16,0.983,139,1.18,1.0,2,1.175,0.9957,200,0
SPY190805C295,2019-08-02,2019-08-02 09:32:43,1.19,1.0084,100,1.16,0.983,124,1.18,1.0,2,1.175,0.9957,200,0
SPY190805C295,2019-08-02,2019-08-02 09:32:44,1.18,1.0,100,1.15,0.9745,303,1.18,1.0,2,1.165,0.9872,200,0
SPY190805C295,2019-08-02,2019-08-02 09:32:45,1.19,1.0084,80,1.16,0.983,166,1.18,1.0,2,1.175,0.9957,200,0
SPY190805C295,2019-08-02,2019-08-02 09:32:47,1.2,1.0169,131,1.17,0.9915,126,1.18,1.0,2,1.185,1.0042,200,0
SPY190805C295,2019-08-02,2019-08-02 09:32:48,1.21,1.0254,147,1.18,1.0,126,1.18,1.0,2,1.195,1.0127,200,0
SPY190805C295,2019-08-02,2019-08-02 09:32:48,1.21,1.0254,171,1.18,1.0,5,1.18,1.0,2,1.195,1.0127,200,0
SPY190805C295,2019-08-02,2019-08-02 09:32:49,1.21,1.0254,171,1.18,1.0,121,1.18,1.0,2,1.195,1.0127,200,0
SPY190805C295,2019-08-02,2019-08-02 09:32:50,1.2,1.0169,5,1.17,0.9915,141,1.18,1.0,2,1.185,1.0042,200,0
SPY190805C295,2019-08-02,2019-08-02 09:32:52,1.21,1.0254,131,1.18,1.0,126,1.18,1.0,2,1.195,1.0127,200,0
SPY190805C295,2019-08-02,2019-08-02 09:32:52,1.22,1.0338,172,1.19,1.0084,5,1.18,1.0,2,1.205,1.0211,200,0
SPY190805C295,2019-08-02,2019-08-02 09:32:53,1.21,1.0254,23,1.18,1.0,10,1.18,1.0,2,1.195,1.0127,200,0
SPY190805C295,2019-08-02,2019-08-02 09:32:53,1.22,1.0338,87,1.2,1.0169,20,1.18,1.0,2,1.21,1.0254,200,0
SPY190805C295,2019-08-02,2019-08-02 09:32:54,1.22,1.0338,99,1.2,1.0169,20,1.18,1.0,2,1.21,1.0254,200,0
SPY190805C295,2019-08-02,2019-08-02 09:32:55,1.23,1.0423,90,1.2,1.0169,20,1.18,1.0,2,1.215,1.0296,200,0
SPY190805C295,2019-08-02,2019-08-02 09:32:56,1.22,1.0338,171,1.2,1.0169,20,1.18,1.0,2,1.21,1.0254,200,0
SPY190805C295,2019-08-02,2019-08-02 09:32:57,1.2,1.0169,31,1.19,1.0084,5,1.2,1.0169,12,1.195,1.0127,220,20
SPY190805C295,2019-08-02,2019-08-02 09:32:58,1.21,1.0254,179,1.19,1.0084,5,1.2,1.0169,12,1.2,1.0169,220,0
SPY190805C295,2019-08-02,2019-08-02 09:32:59,1.2,1.0169,180,1.17,0.9915,18,1.19,1.0084,5,1.185,1.0042,225,5
SPY190805C295,2019-08-02,2019-08-02 09:33:00,1.19,1.0084,32,1.16,0.983,18,1.19,1.0084,1,1.175,0.9957,226,1
SPY190805C295,2019-08-02,2019-08-02 09:33:00,1.18,1.0,171,1.15,0.9745,15,1.19,1.0084,1,1.165,0.9872,226,0
SPY190805C295,2019-08-02,2019-08-02 09:33:01,1.16,0.983,31,1.15,0.9745,15,1.19,1.0084,1,1.155,0.9788,226,0
SPY190805C295,2019-08-02,2019-08-02 09:33:03,1.16,0.983,23,1.15,0.9745,15,1.19,1.0084,1,1.155,0.9788,226,0
SPY190805C295,2019-08-02,2019-08-02 09:33:04,1.2,1.0169,81,1.16,0.983,91,1.19,1.0084,1,1.18,1.0,226,0
SPY190805C295,2019-08-02,2019-08-02 09:33:05,1.21,1.0254,171,1.17,0.9915,217,1.19,1.0084,1,1.19,1.0084,226,0
SPY190805C295,2019-08-02,2019-08-02 09:33:06,1.19,1.0084,5,1.17,0.9915,31,1.19,1.0084,1,1.18,1.0,226,0
SPY190805C295,2019-08-02,2019-08-02 09:33:06,1.19,1.0084,171,1.16,0.983,221,1.19,1.0084,1,1.175,0.9957,226,0
SPY190805C295,2019-08-02,2019-08-02 09:33:07,1.19,1.0084,5,1.17,0.9915,31,1.19,1.0084,1,1.18,1.0,226,0
SPY190805C295,2019-08-02,2019-08-02 09:33:08,1.2,1.0169,45,1.18,1.0,38,1.19,1.0084,1,1.19,1.0084,226,0
SPY190805C295,2019-08-02,2019-08-02 09:33:09,1.19,1.0084,523,1.16,0.983,9,1.19,1.0084,1,1.175,0.9957,226,0
SPY190805C295,2019-08-02,2019-08-02 09:33:10,1.18,1.0,5,1.16,0.983,14,1.16,0.983,1,1.17,0.9915,236,10
SPY190805C295,2019-08-02,2019-08-02 09:33:11,1.22,1.0338,50,1.16,0.983,14,1.16,0.983,1,1.19,1.0084,236,0
SPY190805C295,2019-08-02,2019-08-02 09:33:11,1.22,1.0338,35,1.19,1.0084,50,1.16,0.983,1,1.205,1.0211,236,0
SPY190805C295,2019-08-02,2019-08-02 09:33:12,1.23,1.0423,81,1.19,1.0084,2,1.16,0.983,1,1.21,1.0254,236,0
SPY190805C295,2019-08-02,2019-08-02 09:33:13,1.22,1.0338,131,1.18,1.0,81,1.16,0.983,1,1.2,1.0169,236,0
SPY190805C295,2019-08-02,2019-08-02 09:33:13,1.22,1.0338,5,1.19,1.0084,91,1.16,0.983,1,1.205,1.0211,236,0
SPY190805C295,2019-08-02,2019-08-02 09:33:14,1.22,1.0338,222,1.18,1.0,222,1.16,0.983,1,1.2,1.0169,236,0
SPY190805C295,2019-08-02,2019-08-02 09:33:15,1.21,1.0254,158,1.18,1.0,91,1.16,0.983,1,1.195,1.0127,236,0
SPY190805C295,2019-08-02,2019-08-02 09:33:16,1.21,1.0254,172,1.19,1.0084,31,1.16,0.983,1,1.2,1.0169,236,0
SPY190805C295,2019-08-02,2019-08-02 09:33:17,1.2,1.0169,208,1.19,1.0084,23,1.19,1.0084,3,1.195,1.0127,239,3
SPY190805C295,2019-08-02,2019-08-02 09:33:17,1.19,1.0084,60,1.16,0.983,18,1.19,1.0084,3,1.175,0.9957,239,0
SPY190805C295,2019-08-02,2019-08-02 09:33:18,1.2,1.0169,81,1.16,0.983,50,1.19,1.0084,3,1.18,1.0,239,0
SPY190805C295,2019-08-02,2019-08-02 09:33:19,1.19,1.0084,44,1.17,0.9915,6,1.19,1.0084,1,1.18,1.0,240,1
SPY190805C295,2019-08-02,2019-08-02 09:33:20,1.19,1.0084,100,1.16,0.983,31,1.19,1.0084,1,1.175,0.9957,240,0
SPY190805C295,2019-08-02,2019-08-02 09:33:20,1.19,1.0084,41,1.17,0.9915,6,1.19,1.0084,1,1.18,1.0,240,0
SPY190805C295,2019-08-02,2019-08-02 09:33:21,1.18,1.0,129,1.15,0.9745,15,1.19,1.0084,1,1.165,0.9872,240,0
SPY190805C295,2019-08-02,2019-08-02 09:33:22,1.16,0.983,82,1.15,0.9745,15,1.19,1.0084,1,1.155,0.9788,240,0
SPY190805C295,2019-08-02,2019-08-02 09:33:22,1.17,0.9915,150,1.15,0.9745,15,1.19,1.0084,1,1.16,0.983,240,0
SPY190805C295,2019-08-02,2019-08-02 09:33:23,1.17,0.9915,150,1.15,0.9745,15,1.19,1.0084,1,1.16,0.983,240,0
SPY190805C295,2019-08-02,2019-08-02 09:33:23,1.17,0.9915,87,1.15,0.9745,115,1.19,1.0084,1,1.16,0.983,240,0
SPY190805C295,2019-08-02,2019-08-02 09:33:24,1.17,0.9915,167,1.15,0.9745,21,1.19,1.0084,1,1.16,0.983,240,0
SPY190805C295,2019-08-02,2019-08-02 09:33:25,1.18,1.0,166,1.15,0.9745,28,1.19,1.0084,1,1.165,0.9872,240,0
SPY190805C295,2019-08-02,2019-08-02 09:33:25,1.17,0.9915,165,1.16,0.983,6,1.19,1.0084,1,1.165,0.9872,240,0
SPY190805C295,2019-08-02,2019-08-02 09:33:26,1.18,1.0,167,1.16,0.983,6,1.19,1.0084,1,1.17,0.9915,240,0
SPY190805C295,2019-08-02,2019-08-02 09:33:27,1.19,1.0084,171,1.16,0.983,83,1.19,1.0084,1,1.175,0.9957,240,0
SPY190805C295,2019-08-02,2019-08-02 09:33:28,1.19,1.0084,172,1.15,0.9745,169,1.19,1.0084,1,1.17,0.9915,240,0
SPY190805C295,2019-08-02,2019-08-02 09:33:29,1.19,1.0084,31,1.18,1.0,6,1.19,1.0084,1,1.185,1.0042,240,0
SPY190805C295,2019-08-02,2019-08-02 09:33:30,1.2,1.0169,172,1.16,0.983,50,1.19,1.0084,1,1.18,1.0,240,0
SPY190805C295,2019-08-02,2019-08-02 09:33:31,1.2,1.0169,31,1.18,1.0,5,1.19,1.0084,1,1.19,1.0084,240,0
SPY190805C295,2019-08-02,2019-08-02 09:33:32,1.19,1.0084,34,1.18,1.0,6,1.19,1.0084,1,1.185,1.0042,240,0
SPY190805C295,2019-08-02,2019-08-02 09:33:32,1.19,1.0084,223,1.15,0.9745,15,1.18,1.0,1,1.17,0.9915,241,1
SPY190805C295,2019-08-02,2019-08-02 09:33:33,1.2,1.0169,82,1.17,0.9915,28,1.17,0.9915,10,1.185,1.0042,251,10
SPY190805C295,2019-08-02,2019-08-02 09:33:34,1.2,1.0169,159,1.17,0.9915,150,1.17,0.9915,10,1.185,1.0042,251,0
SPY190805C295,2019-08-02,2019-08-02 09:33:34,1.19,1.0084,26,1.17,0.9915,100,1.17,0.9915,10,1.18,1.0,251,0
SPY190805C295,2019-08-02,2019-08-02 09:33:35,1.19,1.0084,31,1.17,0.9915,32,1.17,0.9915,10,1.18,1.0,251,0
SPY190805C295,2019-08-02,2019-08-02 09:33:36,1.2,1.0169,31,1.17,0.9915,128,1.17,0.9915,10,1.185,1.0042,251,0
SPY190805C295,2019-08-02,2019-08-02 09:33:37,1.21,1.0254,62,1.19,1.0084,32,1.17,0.9915,10,1.2,1.0169,251,0
SPY190805C295,2019-08-02,2019-08-02 09:33:37,1.2,1.0169,31,1.18,1.0,105,1.17,0.9915,10,1.19,1.0084,251,0
SPY190805C295,2019-08-02,2019-08-02 09:33:38,1.22,1.0338,86,1.19,1.0084,213,1.17,0.9915,10,1.205,1.0211,251,0
SPY190805C295,2019-08-02,2019-08-02 09:33:38,1.22,1.0338,221,1.19,1.0084,141,1.17,0.9915,10,1.205,1.0211,251,0
SPY190805C295,2019-08-02,2019-08-02 09:33:39,1.21,1.0254,80,1.18,1.0,163,1.17,0.9915,10,1.195,1.0127,251,0
SPY190805C295,2019-08-02,2019-08-02 09:33:40,1.2,1.0169,88,1.16,0.983,214,1.17,0.9915,10,1.18,1.0,251,0
SPY190805C295,2019-08-02,2019-08-02 09:33:40,1.2,1.0169,88,1.18,1.0,6,1.17,0.9915,10,1.19,1.0084,251,0
SPY190805C295,2019-08-02,2019-08-02 09:33:41,1.2,1.0169,172,1.17,0.9915,215,1.17,0.9915,10,1.185,1.0042,251,0
SPY190805C295,2019-08-02,2019-08-02 09:33:41,1.2,1.0169,360,1.18,1.0,6,1.17,0.9915,10,1.19,1.0084,251,0
SPY190805C295,2019-08-02,2019-08-02 09:33:42,1.2,1.0169,315,1.17,0.9915,100,1.17,0.9915,10,1.185,1.0042,251,0
SPY190805C295,2019-08-02,2019-08-02 09:33:43,1.19,1.0084,129,1.15,0.9745,50,1.17,0.9915,10,1.17,0.9915,251,0
SPY190805C295,2019-08-02,2019-08-02 09:33:43,1.17,0.9915,23,1.15,0.9745,113,1.17,0.9915,10,1.16,0.983,251,0
SPY190805C295,2019-08-02,2019-08-02 09:33:44,1.18,1.0,31,1.16,0.983,98,1.17,0.9915,10,1.17,0.9915,251,0
SPY190805C295,2019-08-02,2019-08-02 09:33:45,1.18,1.0,35,1.16,0.983,140,1.17,0.9915,10,1.17,0.9915,251,0
SPY190805C295,2019-08-02,2019-08-02 09:33:45,1.17,0.9915,27,1.15,0.9745,91,1.17,0.9915,10,1.16,0.983,251,0
SPY190805C295,2019-08-02,2019-08-02 09:33:47,1.16,0.983,169,1.15,0.9745,5,1.15,0.9745,10,1.155,0.9788,261,10
SPY190805C295,2019-08-02,2019-08-02 09:33:48,1.14,0.9661,56,1.11,0.9406,128,1.15,0.9745,5,1.125,0.9533,269,8
SPY190805C295,2019-08-02,2019-08-02 09:33:49,1.14,0.9661,100,1.11,0.9406,128,1.15,0.9745,5,1.125,0.9533,269,0
SPY190805C295,2019-08-02,2019-08-02 09:33:50,1.14,0.9661,74,1.11,0.9406,81,1.15,0.9745,5,1.125,0.9533,269,0
SPY190805C295,2019-08-02,2019-08-02 09:33:52,1.13,0.9576,6,1.1,0.9322,226,1.15,0.9745,5,1.115,0.9449,269,0
SPY190805C295,2019-08-02,2019-08-02 09:33:54,1.13,0.9576,205,1.11,0.9406,24,1.15,0.9745,5,1.12,0.9491,269,0
SPY190805C295,2019-08-02,2019-08-02 09:33:55,1.13,0.9576,159,1.12,0.9491,6,1.11,0.9406,3,1.125,0.9533,338,69
SPY190805C295,2019-08-02,2019-08-02 09:33:56,1.11,0.9406,5,1.1,0.9322,6,1.1,0.9322,1,1.105,0.9364,339,0
SPY190805C295,2019-08-02,2019-08-02 09:33:56,1.12,0.9491,147,1.1,0.9322,14,1.1,0.9322,1,1.11,0.9406,339,1
SPY190805C295,2019-08-02,2019-08-02 09:33:57,1.11,0.9406,113,1.09,0.9237,18,1.1,0.9322,1,1.1,0.9322,339,0
SPY190805C295,2019-08-02,2019-08-02 09:33:57,1.12,0.9491,176,1.09,0.9237,60,1.1,0.9322,1,1.105,0.9364,339,0
SPY190805C295,2019-08-02,2019-08-02 09:34:00,1.12,0.9491,157,1.1,0.9322,31,1.12,0.9491,6,1.11,0.9406,345,6
SPY190805C295,2019-08-02,2019-08-02 09:34:03,1.15,0.9745,5,1.14,0.9661,6,1.12,0.9491,6,1.145,0.9703,345,0
SPY190805C295,2019-08-02,2019-08-02 09:34:04,1.15,0.9745,180,1.12,0.9491,81,1.12,0.9491,6,1.135,0.9618,345,0
SPY190805C295,2019-08-02,2019-08-02 09:34:06,1.18,1.0,127,1.15,0.9745,31,1.12,0.9491,6,1.165,0.9872,345,0
SPY190805C295,2019-08-02,2019-08-02 09:34:10,1.19,1.0084,127,1.16,0.983,148,1.19,1.0084,1,1.175,0.9957,346,1
SPY190805C295,2019-08-02,2019-08-02 09:34:11,1.19,1.0084,177,1.16,0.983,31,1.18,1.0,6,1.175,0.9957,352,6
SPY190805C295,2019-08-02,2019-08-02 09:34:12,1.19,1.0084,132,1.17,0.9915,31,1.18,1.0,6,1.18,1.0,352,0
SPY190805C295,2019-08-02,2019-08-02 09:34:13,1.17,0.9915,20,1.15,0.9745,131,1.18,1.0,6,1.16,0.983,352,0
SPY190805C295,2019-08-02,2019-08-02 09:34:14,1.15,0.9745,131,1.12,0.9491,31,1.18,1.0,6,1.135,0.9618,352,0
SPY190805C295,2019-08-02,2019-08-02 09:34:15,1.14,0.9661,87,1.11,0.9406,50,1.18,1.0,6,1.125,0.9533,352,0
SPY190805C295,2019-08-02,2019-08-02 09:34:17,1.16,0.983,24,1.13,0.9576,60,1.18,1.0,6,1.145,0.9703,352,0
SPY190805C295,2019-08-02,2019-08-02 09:34:18,1.17,0.9915,137,1.14,0.9661,131,1.18,1.0,6,1.155,0.9788,352,0
SPY190805C295,2019-08-02,2019-08-02 09:34:19,1.17,0.9915,5,1.15,0.9745,31,1.15,0.9745,10,1.16,0.983,362,10
SPY190805C295,2019-08-02,2019-08-02 09:34:20,1.17,0.9915,142,1.15,0.9745,31,1.15,0.9745,10,1.16,0.983,362,0
SPY190805C295,2019-08-02,2019-08-02 09:34:21,1.17,0.9915,155,1.15,0.9745,6,1.15,0.9745,10,1.16,0.983,362,0
SPY190805C295,2019-08-02,2019-08-02 09:34:21,1.16,0.983,121,1.12,0.9491,55,1.15,0.9745,10,1.14,0.9661,362,0
SPY190805C295,2019-08-02,2019-08-02 09:34:22,1.15,0.9745,162,1.11,0.9406,173,1.15,0.9745,10,1.13,0.9576,362,0
SPY190805C295,2019-08-02,2019-08-02 09:34:23,1.14,0.9661,162,1.11,0.9406,62,1.15,0.9745,10,1.125,0.9533,362,0
SPY190805C295,2019-08-02,2019-08-02 09:34:23,1.14,0.9661,121,1.11,0.9406,64,1.15,0.9745,10,1.125,0.9533,362,0
SPY190805C295,2019-08-02,2019-08-02 09:34:24,1.13,0.9576,162,1.1,0.9322,56,1.15,0.9745,10,1.115,0.9449,362,0
SPY190805C295,2019-08-02,2019-08-02 09:34:25,1.15,0.9745,112,1.11,0.9406,31,1.15,0.9745,10,1.13,0.9576,362,0
SPY190805C295,2019-08-02,2019-08-02 09:34:26,1.13,0.9576,50,1.1,0.9322,3,1.15,0.9745,10,1.115,0.9449,362,0
SPY190805C295,2019-08-02,2019-08-02 09:34:26,1.12,0.9491,50,1.1,0.9322,3,1.15,0.9745,10,1.11,0.9406,362,0
SPY190805C295,2019-08-02,2019-08-02 09:34:27,1.12,0.9491,166,1.1,0.9322,6,1.15,0.9745,10,1.11,0.9406,362,0
SPY190805C295,2019-08-02,2019-08-02 09:34:28,1.12,0.9491,167,1.11,0.9406,1,1.15,0.9745,10,1.115,0.9449,362,0
SPY190805C295,2019-08-02,2019-08-02 09:34:28,1.12,0.9491,100,1.1,0.9322,3,1.15,0.9745,10,1.11,0.9406,362,0
SPY190805C295,2019-08-02,2019-08-02 09:34:29,1.15,0.9745,167,1.13,0.9576,6,1.15,0.9745,10,1.14,0.9661,362,0
SPY190805C295,2019-08-02,2019-08-02 09:34:29,1.14,0.9661,21,1.11,0.9406,6,1.15,0.9745,10,1.125,0.9533,362,0
SPY190805C295,2019-08-02,2019-08-02 09:34:30,1.14,0.9661,1,1.13,0.9576,6,1.14,0.9661,1,1.135,0.9618,363,1
SPY190805C295,2019-08-02,2019-08-02 09:34:31,1.13,0.9576,5,1.12,0.9491,50,1.13,0.9576,5,1.125,0.9533,369,6
SPY190805C295,2019-08-02,2019-08-02 09:34:31,1.13,0.9576,77,1.1,0.9322,56,1.11,0.9406,1,1.115,0.9449,376,7
SPY190805C295,2019-08-02,2019-08-02 09:34:32,1.11,0.9406,21,1.08,0.9152,36,1.1,0.9322,3,1.095,0.9279,379,3
SPY190805C295,2019-08-02,2019-08-02 09:34:33,1.11,0.9406,167,1.09,0.9237,6,1.1,0.9322,3,1.1,0.9322,379,0
SPY190805C295,2019-08-02,2019-08-02 09:34:33,1.11,0.9406,167,1.08,0.9152,6,1.1,0.9322,3,1.095,0.9279,379,0
SPY190805C295,2019-08-02,2019-08-02 09:34:34,1.12,0.9491,21,1.09,0.9237,6,1.1,0.9322,1,1.105,0.9364,380,1
SPY190805C295,2019-08-02,2019-08-02 09:34:34,1.12,0.9491,21,1.1,0.9322,6,1.1,0.9322,1,1.11,0.9406,380,0
SPY190805C295,2019-08-02,2019-08-02 09:34:35,1.12,0.9491,90,1.09,0.9237,31,1.1,0.9322,1,1.105,0.9364,380,0
SPY190805C295,2019-08-02,2019-08-02 09:34:36,1.11,0.9406,160,1.08,0.9152,81,1.1,0.9322,1,1.095,0.9279,380,0
SPY190805C295,2019-08-02,2019-08-02 09:34:39,1.12,0.9491,110,1.1,0.9322,6,1.1,0.9322,1,1.11,0.9406,380,0
SPY190805C295,2019-08-02,2019-08-02 09:34:43,1.14,0.9661,115,1.12,0.9491,6,1.12,0.9491,1,1.13,0.9576,388,8
SPY190805C295,2019-08-02,2019-08-02 09:34:43,1.14,0.9661,108,1.1,0.9322,31,1.16,0.983,31,1.12,0.9491,438,50
SPY190805C295,2019-08-02,2019-08-02 09:34:44,1.13,0.9576,208,1.09,0.9237,31,1.16,0.983,31,1.11,0.9406,438,0
SPY190805C295,2019-08-02,2019-08-02 09:34:45,1.12,0.9491,306,1.09,0.9237,78,1.16,0.983,31,1.105,0.9364,438,0
SPY190805C295,2019-08-02,2019-08-02 09:34:46,1.11,0.9406,62,1.1,0.9322,6,1.16,0.983,31,1.105,0.9364,438,0
SPY190805C295,2019-08-02,2019-08-02 09:34:54,1.13,0.9576,175,1.09,0.9237,84,1.11,0.9406,6,1.11,0.9406,445,7
SPY190805C295,2019-08-02,2019-08-02 09:35:02,1.13,0.9576,5,1.11,0.9406,50,1.12,0.9491,1,1.12,0.9491,451,6
SPY190805C295,2019-08-02,2019-08-02 09:35:03,1.13,0.9576,166,1.11,0.9406,6,1.12,0.9491,1,1.12,0.9491,451,0
SPY190805C295,2019-08-02,2019-08-02 09:35:03,1.14,0.9661,200,1.11,0.9406,60,1.13,0.9576,50,1.125,0.9533,625,174
SPY190805C295,2019-08-02,2019-08-02 09:35:04,1.14,0.9661,5,1.12,0.9491,68,1.13,0.9576,71,1.13,0.9576,702,77
SPY190805C295,2019-08-02,2019-08-02 09:35:07,1.12,0.9491,5,1.11,0.9406,6,1.13,0.9576,71,1.115,0.9449,702,0
SPY190805C295,2019-08-02,2019-08-02 09:35:11,1.09,0.9237,5,1.08,0.9152,6,1.13,0.9576,71,1.085,0.9194,702,0
SPY190805C295,2019-08-02,2019-08-02 09:35:12,1.1,0.9322,146,1.08,0.9152,6,1.13,0.9576,71,1.09,0.9237,702,0
SPY190805C295,2019-08-02,2019-08-02 09:35:14,1.09,0.9237,5,1.08,0.9152,6,1.13,0.9576,71,1.085,0.9194,702,0
SPY190805C295,2019-08-02,2019-08-02 09:35:20,1.02,0.8644,9,1.02,0.8644,4,1.02,0.8644,4,1.02,0.8644,712,10
SPY190805C295,2019-08-02,2019-08-02 09:35:21,1.02,0.8644,9,1.01,0.8559,5,1.02,0.8644,4,1.015,0.8601,712,0
SPY190805C295,2019-08-02,2019-08-02 09:35:22,1.01,0.8559,213,1.0,0.8474,1,1.0,0.8474,1,1.005,0.8516,718,6
SPY190805C295,2019-08-02,2019-08-02 09:35:27,0.97,0.822,6,0.96,0.8135,6,1.0,0.8474,1,0.965,0.8177,718,0
SPY190805C295,2019-08-02,2019-08-02 09:35:31,0.98,0.8305,5,0.96,0.8135,92,0.98,0.8305,5,0.97,0.822,732,14
SPY190805C295,2019-08-02,2019-08-02 09:35:32,1.01,0.8559,215,0.97,0.822,92,0.98,0.8305,1,0.99,0.8389,738,6
SPY190805C295,2019-08-02,2019-08-02 09:35:37,0.96,0.8135,14,0.95,0.805,3,0.95,0.805,2,0.955,0.8093,744,6
SPY190805C295,2019-08-02,2019-08-02 09:35:44,0.94,0.7966,9,0.9,0.7627,95,0.95,0.805,1,0.92,0.7796,753,9
SPY190805C295,2019-08-02,2019-08-02 09:35:46,0.92,0.7796,10,0.91,0.7711,6,0.95,0.805,1,0.915,0.7754,753,0
SPY190805C295,2019-08-02,2019-08-02 09:35:46,0.92,0.7796,6,0.91,0.7711,6,0.95,0.805,1,0.915,0.7754,753,0
SPY190805C295,2019-08-02,2019-08-02 09:35:47,0.92,0.7796,14,0.91,0.7711,6,0.95,0.805,1,0.915,0.7754,753,0
SPY190805C295,2019-08-02,2019-08-02 09:35:48,0.91,0.7711,10,0.9,0.7627,15,0.95,0.805,1,0.905,0.7669,753,0
SPY190805C295,2019-08-02,2019-08-02 09:35:48,0.91,0.7711,15,0.88,0.7457,29,0.9,0.7627,15,0.895,0.7584,768,15
SPY190805C295,2019-08-02,2019-08-02 09:35:49,0.91,0.7711,1,0.88,0.7457,90,0.9,0.7627,5,0.895,0.7584,773,5
SPY190805C295,2019-08-02,2019-08-02 09:35:50,0.91,0.7711,26,0.87,0.7372,74,0.9,0.7627,5,0.89,0.7542,778,5
SPY190805C295,2019-08-02,2019-08-02 09:35:51,0.9,0.7627,111,0.88,0.7457,6,0.9,0.7627,5,0.89,0.7542,778,0
SPY190805C295,2019-08-02,2019-08-02 09:35:52,0.89,0.7542,5,0.87,0.7372,97,0.9,0.7627,5,0.88,0.7457,778,0
SPY190805C295,2019-08-02,2019-08-02 09:35:52,0.9,0.7627,100,0.89,0.7542,6,0.9,0.7627,5,0.895,0.7584,778,0
SPY190805C295,2019-08-02,2019-08-02 09:35:54,0.91,0.7711,193,0.89,0.7542,6,0.9,0.7627,5,0.9,0.7627,778,0
SPY190805C295,2019-08-02,2019-08-02 09:35:54,0.91,0.7711,193,0.87,0.7372,108,0.9,0.7627,5,0.89,0.7542,778,0
SPY190805C295,2019-08-02,2019-08-02 09:35:57,0.9,0.7627,193,0.88,0.7457,18,0.9,0.7627,5,0.89,0.7542,778,0
SPY190805C295,2019-08-02,2019-08-02 09:35:58,0.9,0.7627,166,0.88,0.7457,60,0.89,0.7542,1,0.89,0.7542,784,6
SPY190805C295,2019-08-02,2019-08-02 09:36:20,0.93,0.7881,1,0.91,0.7711,6,0.92,0.7796,2,0.92,0.7796,805,21
SPY190805C295,2019-08-02,2019-08-02 09:36:24,0.97,0.822,165,0.96,0.8135,6,0.93,0.7881,1,0.965,0.8177,806,1
SPY190805C295,2019-08-02,2019-08-02 09:36:24,0.98,0.8305,5,0.96,0.8135,38,0.93,0.7881,1,0.97,0.822,806,0
SPY190805C295,2019-08-02,2019-08-02 09:36:25,0.98,0.8305,147,0.96,0.8135,6,0.98,0.8305,19,0.97,0.822,856,50
SPY190805C295,2019-08-02,2019-08-02 09:36:29,1.01,0.8559,95,1.0,0.8474,6,1.01,0.8559,5,1.005,0.8516,861,5
SPY190805C295,2019-08-02,2019-08-02 09:36:31,1.02,0.8644,5,1.01,0.8559,32,1.0,0.8474,1,1.015,0.8601,862,1
SPY190805C295,2019-08-02,2019-08-02 09:36:32,1.02,0.8644,5,1.03,0.8728,6,1.0,0.8474,1,1.025,0.8686,862,0
SPY190805C295,2019-08-02,2019-08-02 09:36:33,1.05,0.8898,103,1.03,0.8728,6,1.0,0.8474,1,1.04,0.8813,862,0
SPY190805C295,2019-08-02,2019-08-02 09:36:33,1.04,0.8813,50,1.03,0.8728,6,1.0,0.8474,1,1.035,0.8771,862,0
SPY190805C295,2019-08-02,2019-08-02 09:36:34,1.05,0.8898,116,1.03,0.8728,6,1.0,0.8474,1,1.04,0.8813,862,0
SPY190805C295,2019-08-02,2019-08-02 09:36:35,1.04,0.8813,27,1.01,0.8559,38,1.0,0.8474,1,1.025,0.8686,862,0
SPY190805C295,2019-08-02,2019-08-02 09:36:35,1.05,0.8898,179,1.02,0.8644,38,1.0,0.8474,1,1.035,0.8771,862,0
SPY190805C295,2019-08-02,2019-08-02 09:36:37,1.03,0.8728,25,1.01,0.8559,6,1.0,0.8474,1,1.02,0.8644,862,0
SPY190805C295,2019-08-02,2019-08-02 09:36:38,1.02,0.8644,179,0.99,0.8389,6,1.0,0.8474,1,1.005,0.8516,862,0
SPY190805C295,2019-08-02,2019-08-02 09:36:39,1.0,0.8474,26,0.96,0.8135,88,1.0,0.8474,1,0.98,0.8305,862,0
SPY190805C295,2019-08-02,2019-08-02 09:36:39,1.0,0.8474,26,0.97,0.822,38,1.0,0.8474,1,0.985,0.8347,862,0
SPY190805C295,2019-08-02,2019-08-02 09:36:40,0.98,0.8305,85,0.96,0.8135,5,0.98,0.8305,1,0.97,0.822,863,1
SPY190805C295,2019-08-02,2019-08-02 09:36:41,0.97,0.822,28,0.96,0.8135,5,0.98,0.8305,1,0.965,0.8177,868,5
SPY190805C295,2019-08-02,2019-08-02 09:36:41,0.98,0.8305,158,0.96,0.8135,5,0.98,0.8305,1,0.97,0.822,863,0
SPY190805C295,2019-08-02,2019-08-02 09:36:42,0.97,0.822,113,0.94,0.7966,6,0.96,0.8135,5,0.955,0.8093,868,0
SPY190805C295,2019-08-02,2019-08-02 09:36:42,0.95,0.805,90,0.93,0.7881,6,0.96,0.8135,5,0.94,0.7966,868,0
SPY190805C295,2019-08-02,2019-08-02 09:36:43,0.95,0.805,120,0.91,0.7711,5,0.96,0.8135,5,0.93,0.7881,868,0
SPY190805C295,2019-08-02,2019-08-02 09:36:45,0.94,0.7966,29,0.91,0.7711,11,0.96,0.8135,5,0.925,0.7838,868,0
SPY190805C295,2019-08-02,2019-08-02 09:36:45,0.95,0.805,86,0.92,0.7796,6,0.96,0.8135,5,0.935,0.7923,868,0
SPY190805C295,2019-08-02,2019-08-02 09:36:46,0.92,0.7796,26,0.91,0.7711,5,0.96,0.8135,5,0.915,0.7754,868,0
SPY190805C295,2019-08-02,2019-08-02 09:36:47,0.93,0.7881,213,0.91,0.7711,5,0.93,0.7881,15,0.92,0.7796,892,24
SPY190805C295,2019-08-02,2019-08-02 09:36:48,0.93,0.7881,67,0.91,0.7711,17,0.92,0.7796,4,0.92,0.7796,896,0
SPY190805C295,2019-08-02,2019-08-02 09:36:48,0.93,0.7881,213,0.91,0.7711,5,0.92,0.7796,4,0.92,0.7796,896,4
SPY190805C295,2019-08-02,2019-08-02 09:36:49,0.94,0.7966,552,0.91,0.7711,37,0.92,0.7796,4,0.925,0.7838,896,0
SPY190805C295,2019-08-02,2019-08-02 09:36:49,0.94,0.7966,243,0.91,0.7711,48,0.92,0.7796,4,0.925,0.7838,896,0
SPY190805C295,2019-08-02,2019-08-02 09:36:50,0.95,0.805,84,0.92,0.7796,6,0.92,0.7796,4,0.935,0.7923,896,0
SPY190805C295,2019-08-02,2019-08-02 09:36:51,0.95,0.805,78,0.93,0.7881,6,0.92,0.7796,4,0.94,0.7966,896,0
SPY190805C295,2019-08-02,2019-08-02 09:36:51,0.96,0.8135,79,0.92,0.7796,110,0.92,0.7796,4,0.94,0.7966,896,0
SPY190805C295,2019-08-02,2019-08-02 09:36:52,0.96,0.8135,158,0.93,0.7881,28,0.92,0.7796,4,0.945,0.8008,896,0
SPY190805C295,2019-08-02,2019-08-02 09:36:53,0.98,0.8305,87,0.95,0.805,6,0.92,0.7796,4,0.965,0.8177,896,0
SPY190805C295,2019-08-02,2019-08-02 09:36:53,0.97,0.822,181,0.93,0.7881,28,0.92,0.7796,4,0.95,0.805,896,0
SPY190805C295,2019-08-02,2019-08-02 09:36:54,0.99,0.8389,66,0.94,0.7966,386,0.92,0.7796,4,0.965,0.8177,896,0
SPY190805C295,2019-08-02,2019-08-02 09:36:55,1.01,0.8559,72,0.97,0.822,38,0.92,0.7796,4,0.99,0.8389,896,0
SPY190805C295,2019-08-02,2019-08-02 09:36:55,1.01,0.8559,169,0.98,0.8305,34,0.92,0.7796,4,0.995,0.8432,896,0
SPY190805C295,2019-08-02,2019-08-02 09:36:56,1.0,0.8474,19,0.98,0.8305,6,0.92,0.7796,4,0.99,0.8389,896,0
SPY190805C295,2019-08-02,2019-08-02 09:36:57,0.99,0.8389,78,0.97,0.822,6,0.92,0.7796,4,0.98,0.8305,896,0
SPY190805C295,2019-08-02,2019-08-02 09:36:57,0.99,0.8389,73,0.96,0.8135,34,0.92,0.7796,4,0.975,0.8262,896,0
SPY190805C295,2019-08-02,2019-08-02 09:36:58,0.99,0.8389,67,0.96,0.8135,34,0.92,0.7796,4,0.975,0.8262,896,0
SPY190805C295,2019-08-02,2019-08-02 09:36:59,0.99,0.8389,60,0.97,0.822,6,0.92,0.7796,4,0.98,0.8305,896,0
SPY190805C295,2019-08-02,2019-08-02 09:37:00,0.98,0.8305,7,0.94,0.7966,98,0.98,0.8305,6,0.96,0.8135,902,6
SPY190805C295,2019-08-02,2019-08-02 09:37:01,0.96,0.8135,13,0.92,0.7796,100,0.98,0.8305,6,0.94,0.7966,902,0
SPY190805C295,2019-08-02,2019-08-02 09:37:01,0.98,0.8305,7,0.94,0.7966,38,0.98,0.8305,6,0.96,0.8135,902,0
SPY190805C295,2019-08-02,2019-08-02 09:37:02,0.95,0.805,7,0.93,0.7881,35,0.98,0.8305,6,0.94,0.7966,902,0
SPY190805C295,2019-08-02,2019-08-02 09:37:02,0.95,0.805,7,0.93,0.7881,6,0.98,0.8305,6,0.94,0.7966,902,0
SPY190805C295,2019-08-02,2019-08-02 09:37:03,0.97,0.822,6,0.93,0.7881,45,0.98,0.8305,6,0.95,0.805,902,0
SPY190805C295,2019-08-02,2019-08-02 09:37:04,0.94,0.7966,6,0.92,0.7796,6,0.98,0.8305,6,0.93,0.7881,902,0
SPY190805C295,2019-08-02,2019-08-02 09:37:05,0.94,0.7966,13,0.91,0.7711,23,0.98,0.8305,6,0.925,0.7838,902,0
SPY190805C295,2019-08-02,2019-08-02 09:37:06,0.93,0.7881,7,0.91,0.7711,11,0.98,0.8305,6,0.92,0.7796,902,0
SPY190805C295,2019-08-02,2019-08-02 09:37:06,0.93,0.7881,13,0.91,0.7711,11,0.98,0.8305,6,0.92,0.7796,902,0
SPY190805C295,2019-08-02,2019-08-02 09:37:07,0.95,0.805,14,0.92,0.7796,12,0.98,0.8305,6,0.935,0.7923,902,0
SPY190805C295,2019-08-02,2019-08-02 09:37:08,0.96,0.8135,14,0.94,0.7966,6,0.98,0.8305,6,0.95,0.805,902,0
SPY190805C295,2019-08-02,2019-08-02 09:37:09,0.96,0.8135,1,0.92,0.7796,34,0.98,0.8305,6,0.94,0.7966,902,0
SPY190805C295,2019-08-02,2019-08-02 09:37:10,0.96,0.8135,14,0.93,0.7881,6,0.98,0.8305,6,0.945,0.8008,902,0
SPY190805C295,2019-08-02,2019-08-02 09:37:11,0.97,0.822,7,0.94,0.7966,6,0.95,0.805,15,0.955,0.8093,917,15
SPY190805C295,2019-08-02,2019-08-02 09:37:12,0.97,0.822,14,0.95,0.805,6,0.95,0.805,15,0.96,0.8135,917,0
SPY190805C295,2019-08-02,2019-08-02 09:37:13,0.99,0.8389,20,0.97,0.822,6,0.95,0.805,15,0.98,0.8305,917,0
SPY190805C295,2019-08-02,2019-08-02 09:37:13,0.99,0.8389,248,0.97,0.822,6,0.95,0.805,15,0.98,0.8305,917,0
SPY190805C295,2019-08-02,2019-08-02 09:37:14,0.99,0.8389,151,0.96,0.8135,6,0.95,0.805,15,0.975,0.8262,917,0
SPY190805C295,2019-08-02,2019-08-02 09:37:20,0.98,0.8305,14,0.97,0.822,130,0.95,0.805,15,0.975,0.8262,917,0
SPY190805C295,2019-08-02,2019-08-02 09:37:21,0.98,0.8305,14,0.96,0.8135,172,0.95,0.805,15,0.97,0.822,917,0
SPY190805C295,2019-08-02,2019-08-02 09:37:26,1.0,0.8474,179,0.98,0.8305,6,0.95,0.805,15,0.99,0.8389,917,0
SPY190805C295,2019-08-02,2019-08-02 09:37:29,0.98,0.8305,6,0.96,0.8135,6,0.98,0.8305,5,0.97,0.822,922,5
SPY190805C295,2019-08-02,2019-08-02 09:37:30,0.99,0.8389,431,0.97,0.822,6,0.98,0.8305,5,0.98,0.8305,922,0
SPY190805C295,2019-08-02,2019-08-02 09:37:31,0.99,0.8389,371,0.97,0.822,5,0.98,0.8305,5,0.98,0.8305,922,0
SPY190805C295,2019-08-02,2019-08-02 09:37:32,0.98,0.8305,100,0.96,0.8135,6,0.98,0.8305,5,0.97,0.822,922,0
SPY190805C295,2019-08-02,2019-08-02 09:37:33,0.97,0.822,16,0.96,0.8135,5,0.98,0.8305,5,0.965,0.8177,922,0
SPY190805C295,2019-08-02,2019-08-02 09:37:35,0.95,0.805,426,0.92,0.7796,100,0.95,0.805,1,0.935,0.7923,923,0
SPY190805C295,2019-08-02,2019-08-02 09:37:35,0.96,0.8135,179,0.94,0.7966,6,0.95,0.805,1,0.95,0.805,923,1
SPY190805C295,2019-08-02,2019-08-02 09:37:36,0.94,0.7966,11,0.93,0.7881,5,0.95,0.805,1,0.935,0.7923,923,0
SPY190805C295,2019-08-02,2019-08-02 09:37:37,0.96,0.8135,371,0.92,0.7796,95,0.95,0.805,1,0.94,0.7966,923,0
SPY190805C295,2019-08-02,2019-08-02 09:37:37,0.95,0.805,179,0.93,0.7881,5,0.95,0.805,1,0.94,0.7966,923,0
SPY190805C295,2019-08-02,2019-08-02 09:37:39,0.95,0.805,181,0.93,0.7881,163,0.95,0.805,1,0.94,0.7966,923,0
SPY190805C295,2019-08-02,2019-08-02 09:37:39,0.96,0.8135,96,0.94,0.7966,6,0.95,0.805,1,0.95,0.805,923,0
SPY190805C295,2019-08-02,2019-08-02 09:37:41,0.97,0.822,267,0.95,0.805,5,0.95,0.805,1,0.96,0.8135,923,0
SPY190805C295,2019-08-02,2019-08-02 09:37:42,0.98,0.8305,171,0.96,0.8135,100,0.95,0.805,1,0.97,0.822,923,0
SPY190805C295,2019-08-02,2019-08-02 09:37:42,0.98,0.8305,6,0.96,0.8135,36,0.95,0.805,1,0.97,0.822,923,0
SPY190805C295,2019-08-02,2019-08-02 09:37:45,0.98,0.8305,6,0.96,0.8135,38,0.95,0.805,1,0.97,0.822,923,0
SPY190805C295,2019-08-02,2019-08-02 09:37:45,0.99,0.8389,93,0.97,0.822,54,0.95,0.805,1,0.98,0.8305,923,0
SPY190805C295,2019-08-02,2019-08-02 09:37:47,1.0,0.8474,452,0.98,0.8305,6,0.95,0.805,1,0.99,0.8389,923,0
SPY190805C295,2019-08-02,2019-08-02 09:37:47,0.98,0.8305,66,0.96,0.8135,6,0.95,0.805,1,0.97,0.822,923,0
SPY190805C295,2019-08-02,2019-08-02 09:37:48,1.0,0.8474,1,0.99,0.8389,138,1.0,0.8474,1,0.995,0.8432,924,1
SPY190805C295,2019-08-02,2019-08-02 09:37:49,1.02,0.8644,60,1.0,0.8474,138,1.0,0.8474,1,1.01,0.8559,924,0
SPY190805C295,2019-08-02,2019-08-02 09:37:50,1.01,0.8559,7,0.99,0.8389,6,1.0,0.8474,1,1.0,0.8474,924,0
SPY190805C295,2019-08-02,2019-08-02 09:37:51,1.02,0.8644,508,1.0,0.8474,6,1.0,0.8474,1,1.01,0.8559,924,0
SPY190805C295,2019-08-02,2019-08-02 09:37:51,1.02,0.8644,635,0.99,0.8389,6,1.0,0.8474,1,1.005,0.8516,924,0
SPY190805C295,2019-08-02,2019-08-02 09:37:52,1.0,0.8474,84,0.98,0.8305,157,0.97,0.822,20,0.99,0.8389,944,20
SPY190805C295,2019-08-02,2019-08-02 09:37:53,1.0,0.8474,508,0.98,0.8305,157,0.97,0.822,20,0.99,0.8389,944,0
SPY190805C295,2019-08-02,2019-08-02 09:37:53,1.0,0.8474,150,0.96,0.8135,76,0.97,0.822,20,0.98,0.8305,944,0
SPY190805C295,2019-08-02,2019-08-02 09:37:54,1.0,0.8474,152,0.98,0.8305,100,0.97,0.822,20,0.99,0.8389,944,0
SPY190805C295,2019-08-02,2019-08-02 09:37:54,1.0,0.8474,150,0.98,0.8305,5,0.97,0.822,20,0.99,0.8389,944,0
SPY190805C295,2019-08-02,2019-08-02 09:37:55,1.01,0.8559,84,0.98,0.8305,42,0.97,0.822,20,0.995,0.8432,944,0
SPY190805C295,2019-08-02,2019-08-02 09:37:56,1.02,0.8644,607,0.99,0.8389,100,0.97,0.822,20,1.005,0.8516,944,0
SPY190805C295,2019-08-02,2019-08-02 09:37:56,1.0,0.8474,360,0.96,0.8135,315,0.97,0.822,20,0.98,0.8305,944,0
SPY190805C295,2019-08-02,2019-08-02 09:37:57,0.99,0.8389,559,0.96,0.8135,195,0.97,0.822,20,0.975,0.8262,944,0
SPY190805C295,2019-08-02,2019-08-02 09:37:58,0.98,0.8305,90,0.96,0.8135,195,0.98,0.8305,1,0.97,0.822,945,1
SPY190805C295,2019-08-02,2019-08-02 09:37:59,1.0,0.8474,111,0.98,0.8305,6,0.98,0.8305,1,0.99,0.8389,945,0
SPY190805C295,2019-08-02,2019-08-02 09:37:59,1.02,0.8644,360,1.0,0.8474,5,0.98,0.8305,1,1.01,0.8559,945,0
SPY190805C295,2019-08-02,2019-08-02 09:38:00,1.03,0.8728,409,1.0,0.8474,138,0.98,0.8305,1,1.015,0.8601,945,0
SPY190805C295,2019-08-02,2019-08-02 09:38:02,1.04,0.8813,360,1.01,0.8559,15,0.98,0.8305,1,1.025,0.8686,945,0
SPY190805C295,2019-08-02,2019-08-02 09:38:03,1.03,0.8728,149,1.01,0.8559,176,1.02,0.8644,5,1.02,0.8644,950,5
SPY190805C295,2019-08-02,2019-08-02 09:38:03,1.03,0.8728,360,1.02,0.8644,5,0.98,0.8305,1,1.025,0.8686,945,0
SPY190805C295,2019-08-02,2019-08-02 09:38:04,1.04,0.8813,420,1.02,0.8644,5,1.02,0.8644,5,1.03,0.8728,950,0
SPY190805C295,2019-08-02,2019-08-02 09:38:05,1.05,0.8898,420,1.02,0.8644,195,1.02,0.8644,5,1.035,0.8771,950,0
SPY190805C295,2019-08-02,2019-08-02 09:38:05,1.03,0.8728,60,1.02,0.8644,5,1.02,0.8644,5,1.025,0.8686,950,0
SPY190805C295,2019-08-02,2019-08-02 09:38:06,1.06,0.8983,360,1.03,0.8728,6,1.02,0.8644,5,1.045,0.8855,950,0
SPY190805C295,2019-08-02,2019-08-02 09:38:07,1.06,0.8983,360,1.03,0.8728,6,1.02,0.8644,5,1.045,0.8855,950,0
SPY190805C295,2019-08-02,2019-08-02 09:38:08,1.06,0.8983,360,1.04,0.8813,6,1.02,0.8644,5,1.05,0.8898,950,0
SPY190805C295,2019-08-02,2019-08-02 09:38:10,1.05,0.8898,192,1.01,0.8559,38,1.02,0.8644,5,1.03,0.8728,950,0
SPY190805C295,2019-08-02,2019-08-02 09:38:11,1.06,0.8983,26,1.03,0.8728,169,1.02,0.8644,5,1.045,0.8855,950,0
SPY190805C295,2019-08-02,2019-08-02 09:38:11,1.04,0.8813,6,1.0,0.8474,196,1.02,0.8644,5,1.02,0.8644,950,0
SPY190805C295,2019-08-02,2019-08-02 09:38:12,1.05,0.8898,556,1.0,0.8474,185,1.02,0.8644,5,1.025,0.8686,950,0
SPY190805C295,2019-08-02,2019-08-02 09:38:13,1.03,0.8728,6,1.0,0.8474,38,1.03,0.8728,1,1.015,0.8601,957,7
SPY190805C295,2019-08-02,2019-08-02 09:38:14,1.03,0.8728,66,0.99,0.8389,60,1.03,0.8728,1,1.01,0.8559,957,0
SPY190805C295,2019-08-02,2019-08-02 09:38:15,1.02,0.8644,235,0.99,0.8389,115,1.03,0.8728,1,1.005,0.8516,957,0
SPY190805C295,2019-08-02,2019-08-02 09:38:16,1.02,0.8644,60,0.99,0.8389,172,1.03,0.8728,1,1.005,0.8516,957,0
SPY190805C295,2019-08-02,2019-08-02 09:38:17,1.03,0.8728,66,1.01,0.8559,5,1.03,0.8728,1,1.02,0.8644,957,0
SPY190805C295,2019-08-02,2019-08-02 09:38:18,1.03,0.8728,6,1.02,0.8644,5,1.03,0.8728,1,1.025,0.8686,957,0
SPY190805C295,2019-08-02,2019-08-02 09:38:18,1.03,0.8728,6,1.01,0.8559,6,1.03,0.8728,1,1.02,0.8644,957,0
SPY190805C295,2019-08-02,2019-08-02 09:38:19,1.05,0.8898,446,1.01,0.8559,190,1.03,0.8728,1,1.03,0.8728,957,0
SPY190805C295,2019-08-02,2019-08-02 09:38:20,1.05,0.8898,446,1.02,0.8644,190,1.03,0.8728,1,1.035,0.8771,957,0
SPY190805C295,2019-08-02,2019-08-02 09:38:21,1.04,0.8813,446,1.01,0.8559,5,1.03,0.8728,1,1.025,0.8686,957,0
SPY190805C295,2019-08-02,2019-08-02 09:38:22,1.04,0.8813,78,1.02,0.8644,5,1.03,0.8728,1,1.03,0.8728,957,0
SPY190805C295,2019-08-02,2019-08-02 09:38:23,1.05,0.8898,101,1.02,0.8644,5,1.03,0.8728,1,1.035,0.8771,957,0
SPY190805C295,2019-08-02,2019-08-02 09:38:23,1.06,0.8983,90,1.04,0.8813,6,1.03,0.8728,1,1.05,0.8898,957,0
SPY190805C295,2019-08-02,2019-08-02 09:38:24,1.07,0.9067,6,1.05,0.8898,6,1.03,0.8728,1,1.06,0.8983,957,0
SPY190805C295,2019-08-02,2019-08-02 09:38:25,1.07,0.9067,78,1.05,0.8898,6,1.03,0.8728,1,1.06,0.8983,957,0
SPY190805C295,2019-08-02,2019-08-02 09:38:25,1.07,0.9067,66,1.05,0.8898,100,1.03,0.8728,1,1.06,0.8983,957,0
SPY190805C295,2019-08-02,2019-08-02 09:38:29,1.06,0.8983,26,1.05,0.8898,1,1.06,0.8983,5,1.055,0.894,999,42
SPY190805C295,2019-08-02,2019-08-02 09:38:35,1.12,0.9491,423,1.1,0.9322,6,1.08,0.9152,6,1.11,0.9406,1006,7
SPY190805C295,2019-08-02,2019-08-02 09:38:36,1.12,0.9491,410,1.1,0.9322,6,1.08,0.9152,6,1.11,0.9406,1006,0
SPY190805C295,2019-08-02,2019-08-02 09:38:37,1.12,0.9491,56,1.09,0.9237,6,1.08,0.9152,6,1.105,0.9364,1006,0
SPY190805C295,2019-08-02,2019-08-02 09:38:38,1.12,0.9491,360,1.1,0.9322,133,1.12,0.9491,1,1.11,0.9406,1013,7
SPY190805C295,2019-08-02,2019-08-02 09:38:39,1.12,0.9491,360,1.08,0.9152,5,1.12,0.9491,1,1.1,0.9322,1013,0
SPY190805C295,2019-08-02,2019-08-02 09:38:40,1.11,0.9406,360,1.08,0.9152,6,1.12,0.9491,1,1.095,0.9279,1013,0
SPY190805C295,2019-08-02,2019-08-02 09:38:41,1.12,0.9491,50,1.07,0.9067,217,1.12,0.9491,1,1.095,0.9279,1013,0
SPY190805C295,2019-08-02,2019-08-02 09:38:49,1.12,0.9491,436,1.1,0.9322,6,1.08,0.9152,1,1.11,0.9406,1020,7
SPY190805C295,2019-08-02,2019-08-02 09:38:50,1.12,0.9491,76,1.09,0.9237,100,1.08,0.9152,1,1.105,0.9364,1020,0
SPY190805C295,2019-08-02,2019-08-02 09:38:51,1.11,0.9406,1,1.08,0.9152,178,1.1,0.9322,6,1.095,0.9279,1026,6
SPY190805C295,2019-08-02,2019-08-02 09:38:52,1.11,0.9406,1,1.1,0.9322,6,1.1,0.9322,6,1.105,0.9364,1026,0
SPY190805C295,2019-08-02,2019-08-02 09:38:53,1.11,0.9406,114,1.09,0.9237,6,1.09,0.9237,50,1.1,0.9322,1076,0
SPY190805C295,2019-08-02,2019-08-02 09:38:53,1.11,0.9406,76,1.09,0.9237,179,1.09,0.9237,50,1.1,0.9322,1076,50
SPY190805C295,2019-08-02,2019-08-02 09:38:54,1.11,0.9406,76,1.09,0.9237,6,1.09,0.9237,50,1.1,0.9322,1076,0
SPY190805C295,2019-08-02,2019-08-02 09:38:56,1.12,0.9491,50,1.09,0.9237,176,1.11,0.9406,6,1.105,0.9364,1082,0
SPY190805C295,2019-08-02,2019-08-02 09:38:56,1.12,0.9491,50,1.09,0.9237,176,1.11,0.9406,6,1.105,0.9364,1082,6
SPY190805C295,2019-08-02,2019-08-02 09:38:57,1.12,0.9491,78,1.1,0.9322,6,1.11,0.9406,6,1.11,0.9406,1082,0
SPY190805C295,2019-08-02,2019-08-02 09:38:57,1.12,0.9491,19,1.1,0.9322,57,1.11,0.9406,6,1.11,0.9406,1082,0
SPY190805C295,2019-08-02,2019-08-02 09:38:58,1.12,0.9491,78,1.1,0.9322,6,1.11,0.9406,6,1.11,0.9406,1082,0
SPY190805C295,2019-08-02,2019-08-02 09:38:59,1.12,0.9491,50,1.1,0.9322,6,1.11,0.9406,6,1.11,0.9406,1082,0
SPY190805C295,2019-08-02,2019-08-02 09:39:00,1.13,0.9576,176,1.11,0.9406,100,1.11,0.9406,6,1.12,0.9491,1082,0
SPY190805C295,2019-08-02,2019-08-02 09:39:03,1.16,0.983,83,1.14,0.9661,20,1.11,0.9406,6,1.15,0.9745,1082,0
SPY190805C295,2019-08-02,2019-08-02 09:39:04,1.17,0.9915,507,1.15,0.9745,6,1.11,0.9406,6,1.16,0.983,1082,0
SPY190805C295,2019-08-02,2019-08-02 09:39:06,1.16,0.983,429,1.14,0.9661,29,1.11,0.9406,6,1.15,0.9745,1082,0
SPY190805C295,2019-08-02,2019-08-02 09:39:07,1.17,0.9915,251,1.16,0.983,11,1.16,0.983,5,1.165,0.9872,1087,5
SPY190805C295,2019-08-02,2019-08-02 09:39:08,1.18,1.0,89,1.16,0.983,95,1.16,0.983,5,1.17,0.9915,1087,0
SPY190805C295,2019-08-02,2019-08-02 09:39:09,1.18,1.0,509,1.15,0.9745,54,1.16,0.983,5,1.165,0.9872,1087,0
SPY190805C295,2019-08-02,2019-08-02 09:39:10,1.15,0.9745,88,1.15,0.9745,100,1.16,0.983,5,1.15,0.9745,1087,0
SPY190805C295,2019-08-02,2019-08-02 09:39:10,1.17,0.9915,360,1.15,0.9745,100,1.16,0.983,5,1.16,0.983,1087,0
SPY190805C295,2019-08-02,2019-08-02 09:39:11,1.16,0.983,6,1.15,0.9745,100,1.16,0.983,5,1.155,0.9788,1087,0
SPY190805C295,2019-08-02,2019-08-02 09:39:12,1.16,0.983,6,1.14,0.9661,45,1.16,0.983,5,1.15,0.9745,1087,0
SPY190805C295,2019-08-02,2019-08-02 09:39:12,1.16,0.983,6,1.14,0.9661,22,1.16,0.983,5,1.15,0.9745,1087,0
SPY190805C295,2019-08-02,2019-08-02 09:39:13,1.16,0.983,6,1.14,0.9661,22,1.16,0.983,5,1.15,0.9745,1087,0
SPY190805C295,2019-08-02,2019-08-02 09:39:14,1.16,0.983,13,1.15,0.9745,6,1.16,0.983,5,1.155,0.9788,1087,0
SPY190805C295,2019-08-02,2019-08-02 09:39:15,1.18,1.0,215,1.16,0.983,100,1.16,0.983,5,1.17,0.9915,1087,0
SPY190805C295,2019-08-02,2019-08-02 09:39:15,1.17,0.9915,6,1.15,0.9745,72,1.16,0.983,5,1.16,0.983,1087,0
SPY190805C295,2019-08-02,2019-08-02 09:39:16,1.18,1.0,6,1.16,0.983,100,1.16,0.983,5,1.17,0.9915,1087,0
SPY190805C295,2019-08-02,2019-08-02 09:39:17,1.18,1.0,6,1.16,0.983,96,1.16,0.983,5,1.17,0.9915,1087,0
SPY190805C295,2019-08-02,2019-08-02 09:39:17,1.18,1.0,24,1.16,0.983,100,1.16,0.983,5,1.17,0.9915,1087,0
SPY190805C295,2019-08-02,2019-08-02 09:39:18,1.19,1.0084,93,1.16,0.983,50,1.16,0.983,5,1.175,0.9957,1087,0
SPY190805C295,2019-08-02,2019-08-02 09:39:18,1.2,1.0169,198,1.17,0.9915,76,1.16,0.983,5,1.185,1.0042,1087,0
SPY190805C295,2019-08-02,2019-08-02 09:39:19,1.19,1.0084,195,1.16,0.983,26,1.16,0.983,5,1.175,0.9957,1087,0
SPY190805C295,2019-08-02,2019-08-02 09:39:20,1.19,1.0084,13,1.18,1.0,6,1.16,0.983,5,1.185,1.0042,1087,0
SPY190805C295,2019-08-02,2019-08-02 09:39:21,1.2,1.0169,174,1.17,0.9915,50,1.16,0.983,5,1.185,1.0042,1087,0
SPY190805C295,2019-08-02,2019-08-02 09:39:22,1.2,1.0169,209,1.18,1.0,22,1.16,0.983,5,1.19,1.0084,1087,0
SPY190805C295,2019-08-02,2019-08-02 09:39:22,1.2,1.0169,93,1.18,1.0,70,1.16,0.983,5,1.19,1.0084,1087,0
SPY190805C295,2019-08-02,2019-08-02 09:39:23,1.2,1.0169,174,1.17,0.9915,150,1.16,0.983,5,1.185,1.0042,1087,0
SPY190805C295,2019-08-02,2019-08-02 09:39:24,1.2,1.0169,174,1.17,0.9915,115,1.16,0.983,5,1.185,1.0042,1087,0
SPY190805C295,2019-08-02,2019-08-02 09:39:25,1.2,1.0169,26,1.18,1.0,22,1.16,0.983,5,1.19,1.0084,1087,0
SPY190805C295,2019-08-02,2019-08-02 09:39:26,1.2,1.0169,88,1.18,1.0,100,1.16,0.983,5,1.19,1.0084,1087,0
SPY190805C295,2019-08-02,2019-08-02 09:39:27,1.21,1.0254,280,1.18,1.0,100,1.16,0.983,5,1.195,1.0127,1087,0
SPY190805C295,2019-08-02,2019-08-02 09:39:27,1.23,1.0423,143,1.19,1.0084,22,1.2,1.0169,1,1.21,1.0254,1096,9
SPY190805C295,2019-08-02,2019-08-02 09:39:28,1.24,1.0508,174,1.22,1.0338,27,1.2,1.0169,1,1.23,1.0423,1096,0
SPY190805C295,2019-08-02,2019-08-02 09:39:28,1.24,1.0508,247,1.22,1.0338,6,1.2,1.0169,1,1.23,1.0423,1096,0
SPY190805C295,2019-08-02,2019-08-02 09:39:29,1.24,1.0508,174,1.22,1.0338,27,1.2,1.0169,1,1.23,1.0423,1096,0
SPY190805C295,2019-08-02,2019-08-02 09:39:30,1.24,1.0508,6,1.22,1.0338,82,1.22,1.0338,3,1.23,1.0423,1103,7
SPY190805C295,2019-08-02,2019-08-02 09:39:31,1.25,1.0593,332,1.23,1.0423,16,1.22,1.0338,3,1.24,1.0508,1103,0
SPY190805C295,2019-08-02,2019-08-02 09:39:32,1.23,1.0423,7,1.21,1.0254,30,1.22,1.0338,3,1.22,1.0338,1103,0
SPY190805C295,2019-08-02,2019-08-02 09:39:33,1.26,1.0677,113,1.23,1.0423,30,1.22,1.0338,3,1.245,1.055,1103,0
SPY190805C295,2019-08-02,2019-08-02 09:39:34,1.29,1.0932,32,1.27,1.0762,6,1.22,1.0338,3,1.28,1.0847,1103,0
SPY190805C295,2019-08-02,2019-08-02 09:39:35,1.29,1.0932,524,1.26,1.0677,73,1.22,1.0338,3,1.275,1.0805,1103,0
SPY190805C295,2019-08-02,2019-08-02 09:39:36,1.29,1.0932,26,1.27,1.0762,30,1.22,1.0338,3,1.28,1.0847,1103,0
SPY190805C295,2019-08-02,2019-08-02 09:39:38,1.3,1.1016,373,1.25,1.0593,157,1.22,1.0338,3,1.275,1.0805,1103,0
SPY190805C295,2019-08-02,2019-08-02 09:39:39,1.29,1.0932,30,1.26,1.0677,28,1.22,1.0338,3,1.275,1.0805,1103,0
SPY190805C295,2019-08-02,2019-08-02 09:39:40,1.28,1.0847,26,1.26,1.0677,72,1.22,1.0338,3,1.27,1.0762,1103,0
SPY190805C295,2019-08-02,2019-08-02 09:39:41,1.28,1.0847,574,1.23,1.0423,82,1.27,1.0762,10,1.255,1.0635,1113,10
SPY190805C295,2019-08-02,2019-08-02 09:39:42,1.25,1.0593,489,1.21,1.0254,159,1.27,1.0762,10,1.23,1.0423,1113,0
SPY190805C295,2019-08-02,2019-08-02 09:39:43,1.24,1.0508,11,1.22,1.0338,17,1.27,1.0762,10,1.23,1.0423,1113,0
SPY190805C295,2019-08-02,2019-08-02 09:39:44,1.23,1.0423,21,1.2,1.0169,25,1.27,1.0762,10,1.215,1.0296,1113,0
SPY190805C295,2019-08-02,2019-08-02 09:39:44,1.23,1.0423,21,1.21,1.0254,31,1.22,1.0338,8,1.22,1.0338,1122,9
SPY190805C295,2019-08-02,2019-08-02 09:39:45,1.23,1.0423,25,1.21,1.0254,16,1.23,1.0423,1,1.22,1.0338,1124,2
SPY190805C295,2019-08-02,2019-08-02 09:39:46,1.25,1.0593,209,1.23,1.0423,23,1.23,1.0423,1,1.24,1.0508,1124,0
SPY190805C295,2019-08-02,2019-08-02 09:39:46,1.25,1.0593,674,1.23,1.0423,1,1.23,1.0423,1,1.24,1.0508,1124,0
SPY190805C295,2019-08-02,2019-08-02 09:39:47,1.26,1.0677,6,1.24,1.0508,28,1.23,1.0423,1,1.25,1.0593,1124,0
SPY190805C295,2019-08-02,2019-08-02 09:39:48,1.27,1.0762,381,1.24,1.0508,30,1.23,1.0423,1,1.255,1.0635,1124,0
SPY190805C295,2019-08-02,2019-08-02 09:39:49,1.28,1.0847,25,1.26,1.0677,34,1.23,1.0423,1,1.27,1.0762,1124,0
SPY190805C295,2019-08-02,2019-08-02 09:39:50,1.26,1.0677,27,1.24,1.0508,30,1.26,1.0677,10,1.25,1.0593,1134,10
SPY190805C295,2019-08-02,2019-08-02 09:39:52,1.24,1.0508,26,1.23,1.0423,6,1.26,1.0677,10,1.235,1.0466,1134,0
SPY190805C295,2019-08-02,2019-08-02 09:39:53,1.25,1.0593,121,1.23,1.0423,1,1.26,1.0677,10,1.24,1.0508,1134,0
SPY190805C295,2019-08-02,2019-08-02 09:39:54,1.24,1.0508,2,1.23,1.0423,22,1.26,1.0677,10,1.235,1.0466,1134,0
SPY190805C295,2019-08-02,2019-08-02 09:39:55,1.24,1.0508,2,1.23,1.0423,1,1.24,1.0508,1,1.235,1.0466,1135,1
SPY190805C295,2019-08-02,2019-08-02 09:39:56,1.26,1.0677,381,1.23,1.0423,17,1.24,1.0508,1,1.245,1.055,1136,1
SPY190805C295,2019-08-02,2019-08-02 09:39:56,1.24,1.0508,97,1.23,1.0423,17,1.24,1.0508,1,1.235,1.0466,1137,1
SPY190805C295,2019-08-02,2019-08-02 09:39:57,1.24,1.0508,50,1.22,1.0338,6,1.23,1.0423,1,1.23,1.0423,1138,1
SPY190805C295,2019-08-02,2019-08-02 09:39:58,1.22,1.0338,74,1.2,1.0169,30,1.23,1.0423,1,1.21,1.0254,1138,0
SPY190805C295,2019-08-02,2019-08-02 09:39:58,1.2,1.0169,5,1.17,0.9915,2,1.23,1.0423,1,1.185,1.0042,1138,0
SPY190805C295,2019-08-02,2019-08-02 09:39:59,1.2,1.0169,114,1.17,0.9915,2,1.23,1.0423,1,1.185,1.0042,1138,0
SPY190805C295,2019-08-02,2019-08-02 09:39:59,1.2,1.0169,5,1.17,0.9915,2,1.23,1.0423,1,1.185,1.0042,1138,0
SPY190805C295,2019-08-02,2019-08-02 09:40:00,1.18,1.0,5,1.17,0.9915,2,1.23,1.0423,1,1.175,0.9957,1138,0
SPY190805C295,2019-08-02,2019-08-02 09:40:01,1.18,1.0,5,1.17,0.9915,2,1.23,1.0423,1,1.175,0.9957,1138,0
SPY190805C295,2019-08-02,2019-08-02 09:40:01,1.19,1.0084,67,1.16,0.983,30,1.17,0.9915,2,1.175,0.9957,1140,2
SPY190805C295,2019-08-02,2019-08-02 09:40:02,1.18,1.0,7,1.15,0.9745,36,1.17,0.9915,2,1.165,0.9872,1140,0
SPY190805C295,2019-08-02,2019-08-02 09:40:02,1.17,0.9915,21,1.15,0.9745,86,1.17,0.9915,2,1.16,0.983,1140,0
SPY190805C295,2019-08-02,2019-08-02 09:40:03,1.17,0.9915,26,1.15,0.9745,30,1.17,0.9915,2,1.16,0.983,1140,0
SPY190805C295,2019-08-02,2019-08-02 09:40:04,1.17,0.9915,68,1.13,0.9576,125,1.17,0.9915,2,1.15,0.9745,1140,0
SPY190805C295,2019-08-02,2019-08-02 09:40:05,1.16,0.983,87,1.14,0.9661,10,1.16,0.983,1,1.15,0.9745,1141,1
SPY190805C295,2019-08-02,2019-08-02 09:40:06,1.15,0.9745,19,1.14,0.9661,26,1.16,0.983,1,1.145,0.9703,1141,0
SPY190805C295,2019-08-02,2019-08-02 09:40:06,1.16,0.983,47,1.14,0.9661,26,1.16,0.983,1,1.15,0.9745,1141,0
SPY190805C295,2019-08-02,2019-08-02 09:40:07,1.18,1.0,163,1.15,0.9745,36,1.16,0.983,1,1.165,0.9872,1141,0
SPY190805C295,2019-08-02,2019-08-02 09:40:08,1.17,0.9915,91,1.15,0.9745,20,1.16,0.983,1,1.16,0.983,1141,0
SPY190805C295,2019-08-02,2019-08-02 09:40:09,1.16,0.983,57,1.14,0.9661,75,1.16,0.983,1,1.15,0.9745,1141,0
SPY190805C295,2019-08-02,2019-08-02 09:40:10,1.13,0.9576,1,1.08,0.9152,158,1.13,0.9576,1,1.105,0.9364,1142,1
SPY190805C295,2019-08-02,2019-08-02 09:40:11,1.13,0.9576,174,1.08,0.9152,50,1.13,0.9576,1,1.105,0.9364,1142,0
SPY190805C295,2019-08-02,2019-08-02 09:40:12,1.13,0.9576,73,1.1,0.9322,6,1.12,0.9491,8,1.115,0.9449,1150,8
SPY190805C295,2019-08-02,2019-08-02 09:40:13,1.1,0.9322,8,1.08,0.9152,6,1.12,0.9491,8,1.09,0.9237,1150,0
SPY190805C295,2019-08-02,2019-08-02 09:40:13,1.11,0.9406,5,1.08,0.9152,80,1.12,0.9491,8,1.095,0.9279,1150,0
SPY190805C295,2019-08-02,2019-08-02 09:40:14,1.1,0.9322,37,1.08,0.9152,6,1.12,0.9491,8,1.09,0.9237,1150,0
SPY190805C295,2019-08-02,2019-08-02 09:40:14,1.1,0.9322,13,1.08,0.9152,6,1.12,0.9491,8,1.09,0.9237,1150,0
SPY190805C295,2019-08-02,2019-08-02 09:40:15,1.12,0.9491,56,1.1,0.9322,6,1.12,0.9491,8,1.11,0.9406,1150,0
SPY190805C295,2019-08-02,2019-08-02 09:40:15,1.12,0.9491,147,1.1,0.9322,33,1.12,0.9491,8,1.11,0.9406,1150,0
SPY190805C295,2019-08-02,2019-08-02 09:40:16,1.13,0.9576,18,1.11,0.9406,10,1.12,0.9491,8,1.12,0.9491,1150,0
SPY190805C295,2019-08-02,2019-08-02 09:40:17,1.13,0.9576,80,1.11,0.9406,6,1.12,0.9491,8,1.12,0.9491,1150,0
SPY190805C295,2019-08-02,2019-08-02 09:40:17,1.13,0.9576,5,1.12,0.9491,6,1.12,0.9491,8,1.125,0.9533,1150,0
SPY190805C295,2019-08-02,2019-08-02 09:40:18,1.13,0.9576,118,1.12,0.9491,6,1.12,0.9491,8,1.125,0.9533,1150,0
SPY190805C295,2019-08-02,2019-08-02 09:40:18,1.13,0.9576,134,1.11,0.9406,6,1.12,0.9491,8,1.12,0.9491,1150,0
SPY190805C295,2019-08-02,2019-08-02 09:40:19,1.14,0.9661,50,1.12,0.9491,25,1.12,0.9491,1,1.13,0.9576,1151,1
SPY190805C295,2019-08-02,2019-08-02 09:40:20,1.14,0.9661,74,1.12,0.9491,25,1.12,0.9491,1,1.13,0.9576,1151,0
SPY190805C295,2019-08-02,2019-08-02 09:40:21,1.13,0.9576,118,1.11,0.9406,31,1.12,0.9491,1,1.12,0.9491,1151,0
SPY190805C295,2019-08-02,2019-08-02 09:40:21,1.12,0.9491,138,1.1,0.9322,93,1.12,0.9491,1,1.11,0.9406,1151,0
SPY190805C295,2019-08-02,2019-08-02 09:40:22,1.13,0.9576,59,1.1,0.9322,100,1.12,0.9491,1,1.115,0.9449,1151,0
SPY190805C295,2019-08-02,2019-08-02 09:40:22,1.12,0.9491,133,1.11,0.9406,9,1.12,0.9491,1,1.115,0.9449,1151,0
SPY190805C295,2019-08-02,2019-08-02 09:40:23,1.12,0.9491,22,1.1,0.9322,93,1.12,0.9491,1,1.11,0.9406,1151,0
SPY190805C295,2019-08-02,2019-08-02 09:40:24,1.13,0.9576,118,1.1,0.9322,83,1.12,0.9491,1,1.115,0.9449,1151,0
SPY190805C295,2019-08-02,2019-08-02 09:40:25,1.13,0.9576,159,1.1,0.9322,93,1.12,0.9491,1,1.115,0.9449,1151,0
SPY190805C295,2019-08-02,2019-08-02 09:40:26,1.13,0.9576,159,1.11,0.9406,36,1.12,0.9491,1,1.12,0.9491,1151,0
SPY190805C295,2019-08-02,2019-08-02 09:40:27,1.12,0.9491,5,1.1,0.9322,71,1.12,0.9491,1,1.11,0.9406,1151,0
SPY190805C295,2019-08-02,2019-08-02 09:40:28,1.12,0.9491,26,1.1,0.9322,71,1.12,0.9491,1,1.11,0.9406,1151,0
SPY190805C295,2019-08-02,2019-08-02 09:40:28,1.12,0.9491,5,1.11,0.9406,6,1.12,0.9491,1,1.115,0.9449,1151,0
SPY190805C295,2019-08-02,2019-08-02 09:40:29,1.12,0.9491,18,1.09,0.9237,83,1.12,0.9491,1,1.105,0.9364,1151,0
SPY190805C295,2019-08-02,2019-08-02 09:40:30,1.11,0.9406,118,1.08,0.9152,26,1.12,0.9491,1,1.095,0.9279,1151,0
SPY190805C295,2019-08-02,2019-08-02 09:40:30,1.11,0.9406,118,1.09,0.9237,7,1.12,0.9491,1,1.1,0.9322,1151,0
SPY190805C295,2019-08-02,2019-08-02 09:40:31,1.1,0.9322,16,1.09,0.9237,6,1.12,0.9491,1,1.095,0.9279,1151,0
SPY190805C295,2019-08-02,2019-08-02 09:40:32,1.09,0.9237,32,1.08,0.9152,9,1.12,0.9491,1,1.085,0.9194,1151,0
SPY190805C295,2019-08-02,2019-08-02 09:40:32,1.1,0.9322,16,1.06,0.8983,83,1.12,0.9491,1,1.08,0.9152,1151,0
SPY190805C295,2019-08-02,2019-08-02 09:40:33,1.08,0.9152,22,1.05,0.8898,83,1.12,0.9491,1,1.065,0.9025,1151,0
SPY190805C295,2019-08-02,2019-08-02 09:40:33,1.08,0.9152,118,1.05,0.8898,180,1.12,0.9491,1,1.065,0.9025,1151,0
SPY190805C295,2019-08-02,2019-08-02 09:40:34,1.08,0.9152,109,1.07,0.9067,6,1.12,0.9491,1,1.075,0.911,1151,0
SPY190805C295,2019-08-02,2019-08-02 09:40:35,1.08,0.9152,109,1.05,0.8898,100,1.12,0.9491,1,1.065,0.9025,1151,0
SPY190805C295,2019-08-02,2019-08-02 09:40:35,1.07,0.9067,14,1.06,0.8983,6,1.12,0.9491,1,1.065,0.9025,1151,0
SPY190805C295,2019-08-02,2019-08-02 09:40:36,1.08,0.9152,171,1.07,0.9067,6,1.12,0.9491,1,1.075,0.911,1151,0
SPY190805C295,2019-08-02,2019-08-02 09:40:37,1.06,0.8983,118,1.03,0.8728,60,1.05,0.8898,50,1.045,0.8855,1201,50
SPY190805C295,2019-08-02,2019-08-02 09:40:38,1.06,0.8983,18,1.05,0.8898,6,1.05,0.8898,50,1.055,0.894,1201,0
SPY190805C295,2019-08-02,2019-08-02 09:40:38,1.06,0.8983,58,1.03,0.8728,95,1.05,0.8898,50,1.045,0.8855,1201,0
SPY190805C295,2019-08-02,2019-08-02 09:40:39,1.07,0.9067,167,1.05,0.8898,6,1.05,0.8898,50,1.06,0.8983,1201,0
SPY190805C295,2019-08-02,2019-08-02 09:40:40,1.07,0.9067,167,1.05,0.8898,8,1.05,0.8898,50,1.06,0.8983,1201,0
SPY190805C295,2019-08-02,2019-08-02 09:40:41,1.09,0.9237,174,1.07,0.9067,9,1.05,0.8898,50,1.08,0.9152,1201,0
SPY190805C295,2019-08-02,2019-08-02 09:40:42,1.08,0.9152,115,1.07,0.9067,6,1.09,0.9237,10,1.075,0.911,1211,10
SPY190805C295,2019-08-02,2019-08-02 09:40:43,1.08,0.9152,15,1.06,0.8983,9,1.09,0.9237,10,1.07,0.9067,1211,0
SPY190805C295,2019-08-02,2019-08-02 09:40:43,1.06,0.8983,115,1.03,0.8728,86,1.09,0.9237,10,1.045,0.8855,1211,0
SPY190805C295,2019-08-02,2019-08-02 09:40:44,1.06,0.8983,132,1.04,0.8813,6,1.09,0.9237,10,1.05,0.8898,1211,0
SPY190805C295,2019-08-02,2019-08-02 09:40:45,1.06,0.8983,132,1.04,0.8813,6,1.09,0.9237,10,1.05,0.8898,1211,0
SPY190805C295,2019-08-02,2019-08-02 09:40:45,1.08,0.9152,155,1.06,0.8983,6,1.09,0.9237,10,1.07,0.9067,1211,0
SPY190805C295,2019-08-02,2019-08-02 09:40:46,1.09,0.9237,17,1.06,0.8983,6,1.09,0.9237,10,1.075,0.911,1211,0
SPY190805C295,2019-08-02,2019-08-02 09:40:47,1.09,0.9237,111,1.07,0.9067,6,1.09,0.9237,10,1.08,0.9152,1211,0
SPY190805C295,2019-08-02,2019-08-02 09:40:47,1.09,0.9237,1,1.08,0.9152,6,1.09,0.9237,10,1.085,0.9194,1211,0
SPY190805C295,2019-08-02,2019-08-02 09:40:49,1.07,0.9067,5,1.06,0.8983,6,1.09,0.9237,10,1.065,0.9025,1211,0
SPY190805C295,2019-08-02,2019-08-02 09:40:50,1.06,0.8983,114,1.04,0.8813,33,1.09,0.9237,10,1.05,0.8898,1211,0
SPY190805C295,2019-08-02,2019-08-02 09:40:50,1.06,0.8983,111,1.05,0.8898,6,1.09,0.9237,10,1.055,0.894,1211,0
SPY190805C295,2019-08-02,2019-08-02 09:40:51,1.06,0.8983,15,1.04,0.8813,6,1.09,0.9237,10,1.05,0.8898,1211,0
SPY190805C295,2019-08-02,2019-08-02 09:40:52,1.05,0.8898,15,1.03,0.8728,6,1.09,0.9237,10,1.04,0.8813,1211,0
SPY190805C295,2019-08-02,2019-08-02 09:40:52,1.06,0.8983,371,1.04,0.8813,6,1.09,0.9237,10,1.05,0.8898,1211,0
SPY190805C295,2019-08-02,2019-08-02 09:40:53,1.04,0.8813,6,1.02,0.8644,6,1.09,0.9237,10,1.03,0.8728,1211,0
SPY190805C295,2019-08-02,2019-08-02 09:40:54,1.03,0.8728,48,1.01,0.8559,90,1.09,0.9237,10,1.02,0.8644,1211,0
SPY190805C295,2019-08-02,2019-08-02 09:40:55,1.04,0.8813,182,1.02,0.8644,6,1.04,0.8813,1,1.03,0.8728,1212,1
SPY190805C295,2019-08-02,2019-08-02 09:40:56,1.03,0.8728,11,1.01,0.8559,9,1.04,0.8813,1,1.02,0.8644,1212,0
SPY190805C295,2019-08-02,2019-08-02 09:40:56,1.03,0.8728,11,1.01,0.8559,60,1.04,0.8813,1,1.02,0.8644,1212,0
SPY190805C295,2019-08-02,2019-08-02 09:40:57,1.03,0.8728,6,1.02,0.8644,6,1.04,0.8813,1,1.025,0.8686,1212,0
SPY190805C295,2019-08-02,2019-08-02 09:40:58,1.02,0.8644,71,1.01,0.8559,6,1.04,0.8813,1,1.015,0.8601,1212,0
SPY190805C295,2019-08-02,2019-08-02 09:40:58,1.03,0.8728,11,1.01,0.8559,10,1.04,0.8813,1,1.02,0.8644,1212,0
SPY190805C295,2019-08-02,2019-08-02 09:40:59,1.04,0.8813,104,1.02,0.8644,6,1.04,0.8813,1,1.03,0.8728,1212,0
SPY190805C295,2019-08-02,2019-08-02 09:41:00,1.05,0.8898,106,1.02,0.8644,33,1.04,0.8813,1,1.035,0.8771,1212,0
SPY190805C295,2019-08-02,2019-08-02 09:41:01,1.05,0.8898,95,1.03,0.8728,9,1.04,0.8813,1,1.04,0.8813,1212,0
SPY190805C295,2019-08-02,2019-08-02 09:41:01,1.06,0.8983,178,1.03,0.8728,36,1.04,0.8813,1,1.045,0.8855,1212,0
SPY190805C295,2019-08-02,2019-08-02 09:41:02,1.06,0.8983,5,1.04,0.8813,33,1.04,0.8813,1,1.05,0.8898,1212,0
SPY190805C295,2019-08-02,2019-08-02 09:41:03,1.05,0.8898,5,1.03,0.8728,28,1.04,0.8813,1,1.04,0.8813,1213,1
SPY190805C295,2019-08-02,2019-08-02 09:41:04,1.05,0.8898,5,1.03,0.8728,28,1.04,0.8813,1,1.04,0.8813,1213,0
SPY190805C295,2019-08-02,2019-08-02 09:41:04,1.06,0.8983,105,1.04,0.8813,33,1.04,0.8813,1,1.05,0.8898,1213,0
SPY190805C295,2019-08-02,2019-08-02 09:41:05,1.07,0.9067,221,1.05,0.8898,6,1.04,0.8813,1,1.06,0.8983,1213,0
SPY190805C295,2019-08-02,2019-08-02 09:41:06,1.06,0.8983,5,1.04,0.8813,33,1.04,0.8813,1,1.05,0.8898,1213,0
SPY190805C295,2019-08-02,2019-08-02 09:41:06,1.06,0.8983,80,1.04,0.8813,33,1.04,0.8813,1,1.05,0.8898,1213,0
SPY190805C295,2019-08-02,2019-08-02 09:41:07,1.06,0.8983,75,1.05,0.8898,33,1.04,0.8813,1,1.055,0.894,1213,0
SPY190805C295,2019-08-02,2019-08-02 09:41:07,1.06,0.8983,5,1.05,0.8898,6,1.04,0.8813,1,1.055,0.894,1213,0
SPY190805C295,2019-08-02,2019-08-02 09:41:08,1.06,0.8983,1,1.05,0.8898,6,1.04,0.8813,1,1.055,0.894,1213,0
SPY190805C295,2019-08-02,2019-08-02 09:41:09,1.06,0.8983,85,1.04,0.8813,6,1.04,0.8813,1,1.05,0.8898,1213,0
SPY190805C295,2019-08-02,2019-08-02 09:41:09,1.05,0.8898,5,1.04,0.8813,33,1.04,0.8813,1,1.045,0.8855,1213,0
SPY190805C295,2019-08-02,2019-08-02 09:41:10,1.05,0.8898,5,1.04,0.8813,6,1.04,0.8813,1,1.045,0.8855,1213,0
SPY190805C295,2019-08-02,2019-08-02 09:41:10,1.05,0.8898,141,1.03,0.8728,6,1.04,0.8813,1,1.04,0.8813,1213,0
SPY190805C295,2019-08-02,2019-08-02 09:41:11,1.04,0.8813,5,1.03,0.8728,6,1.04,0.8813,1,1.035,0.8771,1213,0
SPY190805C295,2019-08-02,2019-08-02 09:41:12,1.04,0.8813,90,1.01,0.8559,25,1.04,0.8813,1,1.025,0.8686,1213,0
SPY190805C295,2019-08-02,2019-08-02 09:41:13,1.03,0.8728,5,1.02,0.8644,6,1.04,0.8813,1,1.025,0.8686,1213,0
SPY190805C295,2019-08-02,2019-08-02 09:41:13,1.04,0.8813,100,1.03,0.8728,6,1.04,0.8813,1,1.035,0.8771,1213,0
SPY190805C295,2019-08-02,2019-08-02 09:41:14,1.05,0.8898,9,1.03,0.8728,6,1.04,0.8813,1,1.04,0.8813,1213,0
SPY190805C295,2019-08-02,2019-08-02 09:41:16,1.05,0.8898,5,1.03,0.8728,71,1.04,0.8813,1,1.04,0.8813,1213,0
SPY190805C295,2019-08-02,2019-08-02 09:41:17,1.05,0.8898,100,1.03,0.8728,31,1.04,0.8813,6,1.04,0.8813,1219,6
SPY190805C295,2019-08-02,2019-08-02 09:41:18,1.04,0.8813,5,1.02,0.8644,81,1.04,0.8813,6,1.03,0.8728,1219,0
SPY190805C295,2019-08-02,2019-08-02 09:41:19,1.04,0.8813,5,1.03,0.8728,31,1.04,0.8813,6,1.035,0.8771,1219,0
SPY190805C295,2019-08-02,2019-08-02 09:41:21,1.04,0.8813,5,1.02,0.8644,101,1.04,0.8813,6,1.03,0.8728,1219,0
SPY190805C295,2019-08-02,2019-08-02 09:41:22,1.05,0.8898,5,1.03,0.8728,72,1.04,0.8813,6,1.04,0.8813,1219,0
SPY190805C295,2019-08-02,2019-08-02 09:41:25,1.09,0.9237,41,1.07,0.9067,60,1.04,0.8813,6,1.08,0.9152,1219,0
SPY190805C295,2019-08-02,2019-08-02 09:41:27,1.07,0.9067,100,1.06,0.8983,6,1.04,0.8813,6,1.065,0.9025,1219,0
SPY190805C295,2019-08-02,2019-08-02 09:41:27,1.07,0.9067,113,1.06,0.8983,6,1.04,0.8813,6,1.065,0.9025,1219,0
SPY190805C295,2019-08-02,2019-08-02 09:41:29,1.07,0.9067,5,1.06,0.8983,6,1.04,0.8813,6,1.065,0.9025,1219,0
SPY190805C295,2019-08-02,2019-08-02 09:41:30,1.07,0.9067,113,1.05,0.8898,6,1.04,0.8813,6,1.06,0.8983,1219,0
SPY190805C295,2019-08-02,2019-08-02 09:41:30,1.07,0.9067,150,1.05,0.8898,31,1.07,0.9067,1,1.06,0.8983,1220,1
SPY190805C295,2019-08-02,2019-08-02 09:41:31,1.07,0.9067,108,1.05,0.8898,6,1.07,0.9067,1,1.06,0.8983,1220,0
SPY190805C295,2019-08-02,2019-08-02 09:41:32,1.07,0.9067,115,1.06,0.8983,6,1.07,0.9067,1,1.065,0.9025,1220,0
SPY190805C295,2019-08-02,2019-08-02 09:41:33,1.08,0.9152,159,1.04,0.8813,193,1.07,0.9067,1,1.06,0.8983,1220,0
SPY190805C295,2019-08-02,2019-08-02 09:41:34,1.07,0.9067,5,1.06,0.8983,6,1.07,0.9067,1,1.065,0.9025,1220,0
SPY190805C295,2019-08-02,2019-08-02 09:41:35,1.08,0.9152,67,1.06,0.8983,6,1.07,0.9067,1,1.07,0.9067,1220,0
SPY190805C295,2019-08-02,2019-08-02 09:41:36,1.1,0.9322,163,1.08,0.9152,27,1.07,0.9067,1,1.09,0.9237,1220,0
SPY190805C295,2019-08-02,2019-08-02 09:41:37,1.1,0.9322,518,1.08,0.9152,6,1.07,0.9067,1,1.09,0.9237,1220,0
SPY190805C295,2019-08-02,2019-08-02 09:41:37,1.09,0.9237,101,1.07,0.9067,77,1.07,0.9067,1,1.08,0.9152,1220,0
SPY190805C295,2019-08-02,2019-08-02 09:41:38,1.08,0.9152,115,1.06,0.8983,6,1.07,0.9067,1,1.07,0.9067,1220,0
SPY190805C295,2019-08-02,2019-08-02 09:41:40,1.11,0.9406,65,1.08,0.9152,29,1.07,0.9067,1,1.095,0.9279,1220,0
SPY190805C295,2019-08-02,2019-08-02 09:41:41,1.09,0.9237,141,1.06,0.8983,170,1.07,0.9067,1,1.075,0.911,1220,0
SPY190805C295,2019-08-02,2019-08-02 09:41:41,1.07,0.9067,115,1.05,0.8898,31,1.07,0.9067,1,1.06,0.8983,1220,0
SPY190805C295,2019-08-02,2019-08-02 09:41:42,1.06,0.8983,75,1.05,0.8898,5,1.07,0.9067,1,1.055,0.894,1220,0
SPY190805C295,2019-08-02,2019-08-02 09:41:44,1.07,0.9067,15,1.05,0.8898,30,1.07,0.9067,1,1.06,0.8983,1220,0
SPY190805C295,2019-08-02,2019-08-02 09:41:44,1.07,0.9067,53,1.05,0.8898,30,1.07,0.9067,1,1.06,0.8983,1220,0
SPY190805C295,2019-08-02,2019-08-02 09:41:45,1.07,0.9067,56,1.05,0.8898,40,1.07,0.9067,1,1.06,0.8983,1220,0
SPY190805C295,2019-08-02,2019-08-02 09:41:46,1.07,0.9067,49,1.05,0.8898,44,1.07,0.9067,1,1.06,0.8983,1220,0
SPY190805C295,2019-08-02,2019-08-02 09:41:48,1.08,0.9152,7,1.06,0.8983,31,1.07,0.9067,1,1.07,0.9067,1220,0
SPY190805C295,2019-08-02,2019-08-02 09:41:48,1.08,0.9152,78,1.05,0.8898,127,1.07,0.9067,1,1.065,0.9025,1220,0
SPY190805C295,2019-08-02,2019-08-02 09:41:49,1.09,0.9237,6,1.07,0.9067,6,1.07,0.9067,1,1.08,0.9152,1220,0
SPY190805C295,2019-08-02,2019-08-02 09:41:50,1.12,0.9491,575,1.09,0.9237,31,1.07,0.9067,1,1.105,0.9364,1220,0
SPY190805C295,2019-08-02,2019-08-02 09:41:51,1.12,0.9491,475,1.1,0.9322,6,1.07,0.9067,1,1.11,0.9406,1220,0
SPY190805C295,2019-08-02,2019-08-02 09:41:51,1.12,0.9491,475,1.09,0.9237,31,1.07,0.9067,1,1.105,0.9364,1220,0
SPY190805C295,2019-08-02,2019-08-02 09:41:52,1.12,0.9491,165,1.09,0.9237,31,1.07,0.9067,1,1.105,0.9364,1220,0
SPY190805C295,2019-08-02,2019-08-02 09:41:52,1.12,0.9491,375,1.09,0.9237,31,1.07,0.9067,1,1.105,0.9364,1220,0
SPY190805C295,2019-08-02,2019-08-02 09:41:53,1.12,0.9491,525,1.09,0.9237,31,1.07,0.9067,1,1.105,0.9364,1220,0
SPY190805C295,2019-08-02,2019-08-02 09:41:54,1.12,0.9491,116,1.1,0.9322,33,1.07,0.9067,1,1.11,0.9406,1220,0
SPY190805C295,2019-08-02,2019-08-02 09:41:55,1.14,0.9661,525,1.11,0.9406,67,1.07,0.9067,1,1.125,0.9533,1220,0
SPY190805C295,2019-08-02,2019-08-02 09:41:55,1.13,0.9576,360,1.1,0.9322,60,1.07,0.9067,1,1.115,0.9449,1220,0
SPY190805C295,2019-08-02,2019-08-02 09:41:56,1.14,0.9661,525,1.11,0.9406,67,1.13,0.9576,22,1.125,0.9533,1270,50
SPY190805C295,2019-08-02,2019-08-02 09:41:57,1.13,0.9576,521,1.1,0.9322,177,1.13,0.9576,22,1.115,0.9449,1270,0
SPY190805C295,2019-08-02,2019-08-02 09:41:58,1.12,0.9491,100,1.1,0.9322,43,1.13,0.9576,22,1.11,0.9406,1270,0
SPY190805C295,2019-08-02,2019-08-02 09:41:58,1.13,0.9576,525,1.1,0.9322,25,1.13,0.9576,22,1.115,0.9449,1270,0
SPY190805C295,2019-08-02,2019-08-02 09:41:59,1.12,0.9491,7,1.1,0.9322,33,1.13,0.9576,22,1.11,0.9406,1270,0
SPY190805C295,2019-08-02,2019-08-02 09:42:00,1.16,0.983,153,1.12,0.9491,206,1.13,0.9576,22,1.14,0.9661,1270,0
SPY190805C295,2019-08-02,2019-08-02 09:42:01,1.16,0.983,504,1.12,0.9491,217,1.13,0.9576,22,1.14,0.9661,1270,0
SPY190805C295,2019-08-02,2019-08-02 09:42:01,1.15,0.9745,121,1.12,0.9491,6,1.13,0.9576,22,1.135,0.9618,1270,0
SPY190805C295,2019-08-02,2019-08-02 09:42:03,1.03,0.8728,229,1.0,0.8474,1,1.05,0.8898,1,1.015,0.8601,1285,0
SPY190805C295,2019-08-02,2019-08-02 09:42:03,1.08,0.9152,360,1.05,0.8898,5,1.05,0.8898,1,1.065,0.9025,1285,15
SPY190805C295,2019-08-02,2019-08-02 09:42:04,1.02,0.8644,50,1.0,0.8474,1,1.01,0.8559,2,1.01,0.8559,1287,2
SPY190805C295,2019-08-02,2019-08-02 09:42:04,1.01,0.8559,15,1.0,0.8474,1,1.01,0.8559,2,1.005,0.8516,1287,0
SPY190805C295,2019-08-02,2019-08-02 09:42:05,1.01,0.8559,15,1.0,0.8474,1,1.01,0.8559,2,1.005,0.8516,1287,0
SPY190805C295,2019-08-02,2019-08-02 09:42:06,1.01,0.8559,15,0.97,0.822,374,1.01,0.8559,2,0.99,0.8389,1287,0
SPY190805C295,2019-08-02,2019-08-02 09:42:06,1.0,0.8474,15,0.97,0.822,374,1.01,0.8559,2,0.985,0.8347,1287,0
SPY190805C295,2019-08-02,2019-08-02 09:42:07,1.01,0.8559,15,0.98,0.8305,6,1.01,0.8559,2,0.995,0.8432,1287,0
SPY190805C295,2019-08-02,2019-08-02 09:42:07,1.02,0.8644,6,1.0,0.8474,6,1.02,0.8644,6,1.01,0.8559,1293,6
SPY190805C295,2019-08-02,2019-08-02 09:42:08,1.01,0.8559,6,0.99,0.8389,6,1.02,0.8644,6,1.0,0.8474,1293,0
SPY190805C295,2019-08-02,2019-08-02 09:42:09,1.01,0.8559,15,0.99,0.8389,6,1.02,0.8644,6,1.0,0.8474,1293,0
SPY190805C295,2019-08-02,2019-08-02 09:42:09,1.02,0.8644,184,1.0,0.8474,6,1.02,0.8644,6,1.01,0.8559,1293,0
SPY190805C295,2019-08-02,2019-08-02 09:42:10,1.0,0.8474,15,0.98,0.8305,8,1.02,0.8644,6,0.99,0.8389,1293,0
SPY190805C295,2019-08-02,2019-08-02 09:42:11,0.99,0.8389,15,0.97,0.822,6,1.02,0.8644,6,0.98,0.8305,1293,0
SPY190805C295,2019-08-02,2019-08-02 09:42:11,0.99,0.8389,15,0.96,0.8135,6,0.96,0.8135,5,0.975,0.8262,1299,6
SPY190805C295,2019-08-02,2019-08-02 09:42:12,0.98,0.8305,114,0.94,0.7966,60,0.96,0.8135,5,0.96,0.8135,1299,0
SPY190805C295,2019-08-02,2019-08-02 09:42:12,0.96,0.8135,116,0.93,0.7881,6,0.96,0.8135,5,0.945,0.8008,1299,0
SPY190805C295,2019-08-02,2019-08-02 09:42:13,0.98,0.8305,110,0.95,0.805,6,0.96,0.8135,5,0.965,0.8177,1299,0
SPY190805C295,2019-08-02,2019-08-02 09:42:14,0.99,0.8389,60,0.96,0.8135,33,0.96,0.8135,5,0.975,0.8262,1299,0
SPY190805C295,2019-08-02,2019-08-02 09:42:14,1.01,0.8559,240,0.97,0.822,42,0.96,0.8135,5,0.99,0.8389,1299,0
SPY190805C295,2019-08-02,2019-08-02 09:42:15,1.0,0.8474,111,0.97,0.822,60,0.96,0.8135,5,0.985,0.8347,1299,0
SPY190805C295,2019-08-02,2019-08-02 09:42:16,0.99,0.8389,65,0.98,0.8305,6,0.96,0.8135,5,0.985,0.8347,1299,0
SPY190805C295,2019-08-02,2019-08-02 09:42:16,1.0,0.8474,241,0.98,0.8305,6,0.96,0.8135,5,0.99,0.8389,1299,0
SPY190805C295,2019-08-02,2019-08-02 09:42:17,0.99,0.8389,15,0.97,0.822,6,0.96,0.8135,5,0.98,0.8305,1299,0
SPY190805C295,2019-08-02,2019-08-02 09:42:18,1.01,0.8559,91,0.97,0.822,6,0.96,0.8135,5,0.99,0.8389,1299,0
SPY190805C295,2019-08-02,2019-08-02 09:42:19,1.03,0.8728,360,1.0,0.8474,6,0.96,0.8135,5,1.015,0.8601,1299,0
SPY190805C295,2019-08-02,2019-08-02 09:42:20,1.02,0.8644,116,1.0,0.8474,6,0.96,0.8135,5,1.01,0.8559,1299,0
SPY190805C295,2019-08-02,2019-08-02 09:42:20,1.02,0.8644,360,1.0,0.8474,6,0.96,0.8135,5,1.01,0.8559,1299,0
SPY190805C295,2019-08-02,2019-08-02 09:42:21,1.03,0.8728,160,1.01,0.8559,6,0.96,0.8135,5,1.02,0.8644,1299,0
SPY190805C295,2019-08-02,2019-08-02 09:42:21,1.03,0.8728,115,1.01,0.8559,9,0.96,0.8135,5,1.02,0.8644,1299,0
SPY190805C295,2019-08-02,2019-08-02 09:42:22,1.03,0.8728,160,1.01,0.8559,6,0.96,0.8135,5,1.02,0.8644,1299,0
SPY190805C295,2019-08-02,2019-08-02 09:42:22,1.02,0.8644,54,1.01,0.8559,6,0.96,0.8135,5,1.015,0.8601,1299,0
SPY190805C295,2019-08-02,2019-08-02 09:42:23,1.02,0.8644,156,1.0,0.8474,6,0.96,0.8135,5,1.01,0.8559,1299,0
SPY190805C295,2019-08-02,2019-08-02 09:42:24,1.02,0.8644,148,1.0,0.8474,6,0.96,0.8135,5,1.01,0.8559,1299,0
SPY190805C295,2019-08-02,2019-08-02 09:42:25,1.02,0.8644,115,1.0,0.8474,6,0.96,0.8135,5,1.01,0.8559,1299,0
SPY190805C295,2019-08-02,2019-08-02 09:42:25,1.02,0.8644,301,1.0,0.8474,6,0.96,0.8135,5,1.01,0.8559,1299,0
SPY190805C295,2019-08-02,2019-08-02 09:42:26,1.03,0.8728,400,1.02,0.8644,6,0.96,0.8135,5,1.025,0.8686,1299,0
SPY190805C295,2019-08-02,2019-08-02 09:42:26,1.04,0.8813,118,1.03,0.8728,6,0.96,0.8135,5,1.035,0.8771,1299,0
SPY190805C295,2019-08-02,2019-08-02 09:42:27,1.05,0.8898,121,1.04,0.8813,6,0.96,0.8135,5,1.045,0.8855,1299,0
SPY190805C295,2019-08-02,2019-08-02 09:42:28,1.05,0.8898,292,1.03,0.8728,6,0.96,0.8135,5,1.04,0.8813,1299,0
SPY190805C295,2019-08-02,2019-08-02 09:42:28,1.05,0.8898,177,1.03,0.8728,6,0.96,0.8135,5,1.04,0.8813,1299,0
SPY190805C295,2019-08-02,2019-08-02 09:42:29,1.05,0.8898,292,1.04,0.8813,6,0.96,0.8135,5,1.045,0.8855,1299,0
SPY190805C295,2019-08-02,2019-08-02 09:42:30,1.03,0.8728,83,1.01,0.8559,16,0.96,0.8135,5,1.02,0.8644,1299,0
SPY190805C295,2019-08-02,2019-08-02 09:42:30,1.04,0.8813,88,1.02,0.8644,18,0.96,0.8135,5,1.03,0.8728,1299,0
SPY190805C295,2019-08-02,2019-08-02 09:42:31,1.04,0.8813,114,1.02,0.8644,18,0.96,0.8135,5,1.03,0.8728,1299,0
SPY190805C295,2019-08-02,2019-08-02 09:42:32,1.04,0.8813,94,1.02,0.8644,6,0.96,0.8135,5,1.03,0.8728,1299,0
SPY190805C295,2019-08-02,2019-08-02 09:42:32,1.04,0.8813,114,1.03,0.8728,6,0.96,0.8135,5,1.035,0.8771,1299,0
SPY190805C295,2019-08-02,2019-08-02 09:42:33,1.04,0.8813,407,1.01,0.8559,29,0.96,0.8135,5,1.025,0.8686,1299,0
SPY190805C295,2019-08-02,2019-08-02 09:42:33,1.04,0.8813,227,1.02,0.8644,6,0.96,0.8135,5,1.03,0.8728,1299,0
SPY190805C295,2019-08-02,2019-08-02 09:42:34,1.03,0.8728,332,1.01,0.8559,29,0.96,0.8135,5,1.02,0.8644,1299,0
SPY190805C295,2019-08-02,2019-08-02 09:42:35,1.03,0.8728,54,1.02,0.8644,6,0.96,0.8135,5,1.025,0.8686,1299,0
SPY190805C295,2019-08-02,2019-08-02 09:42:35,1.03,0.8728,24,1.02,0.8644,6,0.96,0.8135,5,1.025,0.8686,1299,0
SPY190805C295,2019-08-02,2019-08-02 09:42:36,1.03,0.8728,72,1.02,0.8644,6,0.96,0.8135,5,1.025,0.8686,1299,0
SPY190805C295,2019-08-02,2019-08-02 09:42:37,1.05,0.8898,157,1.04,0.8813,6,1.04,0.8813,1,1.045,0.8855,1299,0
SPY190805C295,2019-08-02,2019-08-02 09:42:37,1.04,0.8813,50,1.02,0.8644,6,0.96,0.8135,5,1.03,0.8728,1299,0
SPY190805C295,2019-08-02,2019-08-02 09:42:38,1.05,0.8898,103,1.04,0.8813,6,1.04,0.8813,1,1.045,0.8855,1300,1
SPY190805C295,2019-08-02,2019-08-02 09:42:39,1.04,0.8813,152,1.01,0.8559,6,1.04,0.8813,6,1.025,0.8686,1306,6
SPY190805C295,2019-08-02,2019-08-02 09:42:39,1.05,0.8898,103,1.04,0.8813,6,1.04,0.8813,1,1.045,0.8855,1300,0
SPY190805C295,2019-08-02,2019-08-02 09:42:40,1.05,0.8898,10,1.03,0.8728,92,1.04,0.8813,6,1.04,0.8813,1306,0
SPY190805C295,2019-08-02,2019-08-02 09:42:40,1.05,0.8898,10,1.02,0.8644,33,1.04,0.8813,6,1.035,0.8771,1306,0
SPY190805C295,2019-08-02,2019-08-02 09:42:41,1.05,0.8898,10,1.04,0.8813,23,1.04,0.8813,6,1.045,0.8855,1306,0
SPY190805C295,2019-08-02,2019-08-02 09:42:42,1.05,0.8898,14,1.04,0.8813,31,1.04,0.8813,6,1.045,0.8855,1306,0
SPY190805C295,2019-08-02,2019-08-02 09:42:42,1.05,0.8898,116,1.04,0.8813,25,1.04,0.8813,6,1.045,0.8855,1306,0
SPY190805C295,2019-08-02,2019-08-02 09:42:43,1.05,0.8898,15,1.04,0.8813,25,1.04,0.8813,6,1.045,0.8855,1306,0
SPY190805C295,2019-08-02,2019-08-02 09:42:44,1.05,0.8898,14,1.05,0.8898,1,1.05,0.8898,1,1.05,0.8898,1317,11
SPY190805C295,2019-08-02,2019-08-02 09:42:44,1.07,0.9067,18,1.05,0.8898,6,1.05,0.8898,1,1.06,0.8983,1317,0
SPY190805C295,2019-08-02,2019-08-02 09:42:45,1.07,0.9067,75,1.05,0.8898,6,1.05,0.8898,1,1.06,0.8983,1317,0
SPY190805C295,2019-08-02,2019-08-02 09:42:46,1.06,0.8983,84,1.04,0.8813,25,1.06,0.8983,2,1.05,0.8898,1319,2
SPY190805C295,2019-08-02,2019-08-02 09:42:46,1.06,0.8983,20,1.04,0.8813,27,1.05,0.8898,1,1.05,0.8898,1317,0
SPY190805C295,2019-08-02,2019-08-02 09:42:47,1.05,0.8898,25,1.04,0.8813,25,1.06,0.8983,2,1.045,0.8855,1319,0
SPY190805C295,2019-08-02,2019-08-02 09:42:48,1.04,0.8813,230,1.01,0.8559,31,1.04,0.8813,17,1.025,0.8686,1344,25
SPY190805C295,2019-08-02,2019-08-02 09:42:48,1.05,0.8898,25,1.04,0.8813,25,1.06,0.8983,2,1.045,0.8855,1319,0
SPY190805C295,2019-08-02,2019-08-02 09:42:49,1.02,0.8644,5,1.01,0.8559,31,1.04,0.8813,17,1.015,0.8601,1344,0
SPY190805C295,2019-08-02,2019-08-02 09:42:50,1.01,0.8559,170,1.0,0.8474,5,1.0,0.8474,8,1.005,0.8516,1352,8
SPY190805C295,2019-08-02,2019-08-02 09:42:50,1.01,0.8559,170,1.0,0.8474,5,1.0,0.8474,1,1.005,0.8516,1353,1
SPY190805C295,2019-08-02,2019-08-02 09:42:51,1.0,0.8474,115,0.98,0.8305,5,1.0,0.8474,5,0.99,0.8389,1358,5
SPY190805C295,2019-08-02,2019-08-02 09:42:52,1.0,0.8474,5,0.98,0.8305,5,1.0,0.8474,5,0.99,0.8389,1358,0
SPY190805C295,2019-08-02,2019-08-02 09:42:53,0.99,0.8389,19,0.96,0.8135,94,0.98,0.8305,1,0.975,0.8262,1364,6
SPY190805C295,2019-08-02,2019-08-02 09:42:54,0.99,0.8389,5,0.97,0.822,34,0.98,0.8305,1,0.98,0.8305,1364,0
SPY190805C295,2019-08-02,2019-08-02 09:42:55,1.0,0.8474,161,0.99,0.8389,2,0.98,0.8305,1,0.995,0.8432,1364,0
SPY190805C295,2019-08-02,2019-08-02 09:42:56,1.0,0.8474,5,0.99,0.8389,8,0.98,0.8305,1,0.995,0.8432,1364,0
SPY190805C295,2019-08-02,2019-08-02 09:42:56,0.99,0.8389,6,0.96,0.8135,60,0.99,0.8389,1,0.975,0.8262,1367,3
SPY190805C295,2019-08-02,2019-08-02 09:42:57,0.99,0.8389,20,0.96,0.8135,76,0.99,0.8389,1,0.975,0.8262,1367,0
SPY190805C295,2019-08-02,2019-08-02 09:42:58,0.99,0.8389,100,0.97,0.822,22,0.99,0.8389,1,0.98,0.8305,1367,0
SPY190805C295,2019-08-02,2019-08-02 09:42:59,1.0,0.8474,5,0.99,0.8389,6,0.99,0.8389,5,0.995,0.8432,1372,5
SPY190805C295,2019-08-02,2019-08-02 09:42:59,1.01,0.8559,5,0.98,0.8305,106,0.99,0.8389,5,0.995,0.8432,1372,0
SPY190805C295,2019-08-02,2019-08-02 09:43:00,1.01,0.8559,5,0.98,0.8305,106,0.99,0.8389,5,0.995,0.8432,1372,0
SPY190805C295,2019-08-02,2019-08-02 09:43:01,1.01,0.8559,103,0.99,0.8389,6,0.99,0.8389,5,1.0,0.8474,1372,0
SPY190805C295,2019-08-02,2019-08-02 09:43:02,1.04,0.8813,75,1.0,0.8474,77,0.99,0.8389,5,1.02,0.8644,1372,0
SPY190805C295,2019-08-02,2019-08-02 09:43:02,1.01,0.8559,103,0.99,0.8389,12,0.99,0.8389,5,1.0,0.8474,1372,0
SPY190805C295,2019-08-02,2019-08-02 09:43:03,1.03,0.8728,5,1.02,0.8644,6,0.99,0.8389,5,1.025,0.8686,1372,0
SPY190805C295,2019-08-02,2019-08-02 09:43:04,1.03,0.8728,5,1.01,0.8559,34,0.99,0.8389,5,1.02,0.8644,1372,0
SPY190805C295,2019-08-02,2019-08-02 09:43:05,1.03,0.8728,79,1.0,0.8474,33,0.99,0.8389,5,1.015,0.8601,1372,0
SPY190805C295,2019-08-02,2019-08-02 09:43:05,1.03,0.8728,100,1.01,0.8559,6,0.99,0.8389,5,1.02,0.8644,1372,0
SPY190805C295,2019-08-02,2019-08-02 09:43:06,1.02,0.8644,5,1.0,0.8474,33,0.99,0.8389,5,1.01,0.8559,1372,0
SPY190805C295,2019-08-02,2019-08-02 09:43:06,1.02,0.8644,5,1.01,0.8559,33,0.99,0.8389,5,1.015,0.8601,1372,0
SPY190805C295,2019-08-02,2019-08-02 09:43:07,1.02,0.8644,5,1.0,0.8474,76,0.99,0.8389,5,1.01,0.8559,1372,0
SPY190805C295,2019-08-02,2019-08-02 09:43:08,1.01,0.8559,5,0.99,0.8389,156,0.99,0.8389,5,1.0,0.8474,1372,0
SPY190805C295,2019-08-02,2019-08-02 09:43:09,1.03,0.8728,106,1.02,0.8644,6,1.01,0.8559,1,1.025,0.8686,1373,0
SPY190805C295,2019-08-02,2019-08-02 09:43:09,1.03,0.8728,15,1.01,0.8559,6,1.01,0.8559,1,1.02,0.8644,1373,1
SPY190805C295,2019-08-02,2019-08-02 09:43:10,1.03,0.8728,106,1.02,0.8644,6,1.01,0.8559,1,1.025,0.8686,1373,0
SPY190805C295,2019-08-02,2019-08-02 09:43:11,1.05,0.8898,72,1.01,0.8559,33,1.01,0.8559,1,1.03,0.8728,1373,0
SPY190805C295,2019-08-02,2019-08-02 09:43:11,1.04,0.8813,5,1.02,0.8644,5,1.01,0.8559,1,1.03,0.8728,1373,0
SPY190805C295,2019-08-02,2019-08-02 09:43:12,1.04,0.8813,5,1.02,0.8644,5,1.01,0.8559,1,1.03,0.8728,1373,0
SPY190805C295,2019-08-02,2019-08-02 09:43:12,1.05,0.8898,160,1.04,0.8813,6,1.01,0.8559,1,1.045,0.8855,1373,0
SPY190805C295,2019-08-02,2019-08-02 09:43:13,1.05,0.8898,100,1.02,0.8644,36,1.01,0.8559,1,1.035,0.8771,1373,0
SPY190805C295,2019-08-02,2019-08-02 09:43:14,1.04,0.8813,119,1.01,0.8559,34,1.04,0.8813,6,1.025,0.8686,1379,6
SPY190805C295,2019-08-02,2019-08-02 09:43:15,1.04,0.8813,177,1.02,0.8644,17,1.04,0.8813,6,1.03,0.8728,1379,0
SPY190805C295,2019-08-02,2019-08-02 09:43:15,1.04,0.8813,374,1.02,0.8644,6,1.04,0.8813,6,1.03,0.8728,1379,0
SPY190805C295,2019-08-02,2019-08-02 09:43:16,1.04,0.8813,162,1.03,0.8728,6,1.04,0.8813,6,1.035,0.8771,1379,0
SPY190805C295,2019-08-02,2019-08-02 09:43:17,1.04,0.8813,179,1.02,0.8644,25,1.04,0.8813,6,1.03,0.8728,1379,0
SPY190805C295,2019-08-02,2019-08-02 09:43:17,1.05,0.8898,381,1.02,0.8644,105,1.04,0.8813,6,1.035,0.8771,1379,0
SPY190805C295,2019-08-02,2019-08-02 09:43:18,1.04,0.8813,172,1.02,0.8644,6,1.04,0.8813,6,1.03,0.8728,1379,0
SPY190805C295,2019-08-02,2019-08-02 09:43:19,1.04,0.8813,84,1.02,0.8644,6,1.04,0.8813,6,1.03,0.8728,1379,0
SPY190805C295,2019-08-02,2019-08-02 09:43:19,1.04,0.8813,156,1.02,0.8644,34,1.04,0.8813,6,1.03,0.8728,1379,0
SPY190805C295,2019-08-02,2019-08-02 09:43:20,1.04,0.8813,5,1.03,0.8728,6,1.04,0.8813,6,1.035,0.8771,1379,0
SPY190805C295,2019-08-02,2019-08-02 09:43:21,1.04,0.8813,115,1.02,0.8644,35,1.04,0.8813,6,1.03,0.8728,1379,0
SPY190805C295,2019-08-02,2019-08-02 09:43:21,1.04,0.8813,5,1.03,0.8728,6,1.04,0.8813,6,1.035,0.8771,1379,0
SPY190805C295,2019-08-02,2019-08-02 09:43:22,1.05,0.8898,48,1.03,0.8728,34,1.04,0.8813,6,1.04,0.8813,1379,0
SPY190805C295,2019-08-02,2019-08-02 09:43:22,1.05,0.8898,144,1.03,0.8728,34,1.04,0.8813,6,1.04,0.8813,1379,0
SPY190805C295,2019-08-02,2019-08-02 09:43:23,1.06,0.8983,208,1.04,0.8813,6,1.04,0.8813,6,1.05,0.8898,1379,0
SPY190805C295,2019-08-02,2019-08-02 09:43:24,1.06,0.8983,5,1.05,0.8898,6,1.04,0.8813,6,1.055,0.894,1379,0
SPY190805C295,2019-08-02,2019-08-02 09:43:25,1.06,0.8983,5,1.04,0.8813,37,1.04,0.8813,6,1.05,0.8898,1379,0
SPY190805C295,2019-08-02,2019-08-02 09:43:26,1.07,0.9067,545,1.03,0.8728,37,1.04,0.8813,6,1.05,0.8898,1379,0
SPY190805C295,2019-08-02,2019-08-02 09:43:26,1.05,0.8898,5,1.04,0.8813,6,1.04,0.8813,6,1.045,0.8855,1379,0
SPY190805C295,2019-08-02,2019-08-02 09:43:27,1.06,0.8983,115,1.04,0.8813,6,1.04,0.8813,6,1.05,0.8898,1379,0
SPY190805C295,2019-08-02,2019-08-02 09:43:27,1.06,0.8983,148,1.04,0.8813,6,1.04,0.8813,6,1.05,0.8898,1379,0
SPY190805C295,2019-08-02,2019-08-02 09:43:28,1.05,0.8898,156,1.04,0.8813,6,1.04,0.8813,6,1.045,0.8855,1379,0
SPY190805C295,2019-08-02,2019-08-02 09:43:29,1.04,0.8813,5,1.03,0.8728,37,1.04,0.8813,6,1.035,0.8771,1379,0
SPY190805C295,2019-08-02,2019-08-02 09:43:29,1.04,0.8813,5,1.02,0.8644,37,1.04,0.8813,6,1.03,0.8728,1379,0
SPY190805C295,2019-08-02,2019-08-02 09:43:30,1.03,0.8728,6,1.01,0.8559,37,1.04,0.8813,6,1.02,0.8644,1379,0
SPY190805C295,2019-08-02,2019-08-02 09:43:31,1.03,0.8728,5,1.01,0.8559,37,1.04,0.8813,6,1.02,0.8644,1379,0
SPY190805C295,2019-08-02,2019-08-02 09:43:31,1.04,0.8813,100,1.02,0.8644,37,1.04,0.8813,5,1.03,0.8728,1384,5
SPY190805C295,2019-08-02,2019-08-02 09:43:32,1.04,0.8813,115,1.02,0.8644,37,1.04,0.8813,5,1.03,0.8728,1384,0
SPY190805C295,2019-08-02,2019-08-02 09:43:33,1.03,0.8728,5,1.0,0.8474,93,1.04,0.8813,5,1.015,0.8601,1384,0
SPY190805C295,2019-08-02,2019-08-02 09:43:33,1.03,0.8728,115,1.0,0.8474,336,1.04,0.8813,5,1.015,0.8601,1384,0
SPY190805C295,2019-08-02,2019-08-02 09:43:34,1.01,0.8559,6,1.0,0.8474,37,1.04,0.8813,5,1.005,0.8516,1384,0
SPY190805C295,2019-08-02,2019-08-02 09:43:34,1.02,0.8644,5,1.0,0.8474,102,1.04,0.8813,5,1.01,0.8559,1384,0
SPY190805C295,2019-08-02,2019-08-02 09:43:35,1.01,0.8559,5,1.0,0.8474,33,1.04,0.8813,5,1.005,0.8516,1384,0
SPY190805C295,2019-08-02,2019-08-02 09:43:35,1.02,0.8644,204,1.0,0.8474,37,1.04,0.8813,5,1.01,0.8559,1384,0
SPY190805C295,2019-08-02,2019-08-02 09:43:36,1.02,0.8644,313,1.0,0.8474,20,1.04,0.8813,5,1.01,0.8559,1384,0
SPY190805C295,2019-08-02,2019-08-02 09:43:37,1.02,0.8644,349,1.0,0.8474,33,1.04,0.8813,5,1.01,0.8559,1384,0
SPY190805C295,2019-08-02,2019-08-02 09:43:37,1.01,0.8559,65,1.0,0.8474,33,1.04,0.8813,5,1.005,0.8516,1384,0
SPY190805C295,2019-08-02,2019-08-02 09:43:38,1.02,0.8644,173,1.0,0.8474,20,1.04,0.8813,5,1.01,0.8559,1384,0
SPY190805C295,2019-08-02,2019-08-02 09:43:39,1.01,0.8559,5,0.98,0.8305,100,1.0,0.8474,20,0.995,0.8432,1404,20
SPY190805C295,2019-08-02,2019-08-02 09:43:39,1.01,0.8559,125,1.0,0.8474,20,1.04,0.8813,5,1.005,0.8516,1384,0
SPY190805C295,2019-08-02,2019-08-02 09:43:40,1.0,0.8474,15,0.97,0.822,6,1.0,0.8474,20,0.985,0.8347,1404,0
SPY190805C295,2019-08-02,2019-08-02 09:43:41,0.99,0.8389,6,0.97,0.822,76,1.0,0.8474,20,0.98,0.8305,1404,0
SPY190805C295,2019-08-02,2019-08-02 09:43:42,0.98,0.8305,15,0.95,0.805,93,1.0,0.8474,20,0.965,0.8177,1404,0
SPY190805C295,2019-08-02,2019-08-02 09:43:43,0.99,0.8389,6,0.97,0.822,25,1.0,0.8474,20,0.98,0.8305,1404,0
SPY190805C295,2019-08-02,2019-08-02 09:43:43,1.01,0.8559,179,0.98,0.8305,28,1.0,0.8474,20,0.995,0.8432,1404,0
SPY190805C295,2019-08-02,2019-08-02 09:43:44,1.01,0.8559,100,0.98,0.8305,70,1.0,0.8474,20,0.995,0.8432,1404,0
SPY190805C295,2019-08-02,2019-08-02 09:43:45,1.0,0.8474,5,0.99,0.8389,28,1.0,0.8474,20,0.995,0.8432,1404,0
SPY190805C295,2019-08-02,2019-08-02 09:43:46,1.01,0.8559,5,0.99,0.8389,43,1.0,0.8474,20,1.0,0.8474,1404,0
SPY190805C295,2019-08-02,2019-08-02 09:43:46,1.01,0.8559,106,0.99,0.8389,28,1.0,0.8474,20,1.0,0.8474,1404,0
SPY190805C295,2019-08-02,2019-08-02 09:43:47,1.0,0.8474,6,0.98,0.8305,93,1.0,0.8474,20,0.99,0.8389,1404,0
SPY190805C295,2019-08-02,2019-08-02 09:43:47,1.01,0.8559,6,0.99,0.8389,33,1.0,0.8474,20,1.0,0.8474,1404,0
SPY190805C295,2019-08-02,2019-08-02 09:43:48,1.01,0.8559,242,0.98,0.8305,100,1.0,0.8474,20,0.995,0.8432,1404,0
SPY190805C295,2019-08-02,2019-08-02 09:43:49,1.01,0.8559,179,0.98,0.8305,139,1.0,0.8474,20,0.995,0.8432,1404,0
SPY190805C295,2019-08-02,2019-08-02 09:43:49,1.01,0.8559,179,0.98,0.8305,103,1.0,0.8474,20,0.995,0.8432,1404,0
SPY190805C295,2019-08-02,2019-08-02 09:43:50,1.01,0.8559,25,0.99,0.8389,31,1.0,0.8474,20,1.0,0.8474,1404,0
SPY190805C295,2019-08-02,2019-08-02 09:43:51,1.02,0.8644,162,0.99,0.8389,74,1.0,0.8474,20,1.005,0.8516,1404,0
SPY190805C295,2019-08-02,2019-08-02 09:43:51,1.0,0.8474,6,0.99,0.8389,25,1.0,0.8474,20,0.995,0.8432,1404,0
SPY190805C295,2019-08-02,2019-08-02 09:43:52,1.01,0.8559,5,1.0,0.8474,25,1.0,0.8474,20,1.005,0.8516,1404,0
SPY190805C295,2019-08-02,2019-08-02 09:43:53,1.0,0.8474,6,0.98,0.8305,103,1.0,0.8474,20,0.99,0.8389,1404,0
SPY190805C295,2019-08-02,2019-08-02 09:43:53,1.01,0.8559,5,0.99,0.8389,42,1.0,0.8474,20,1.0,0.8474,1404,0
SPY190805C295,2019-08-02,2019-08-02 09:43:54,1.01,0.8559,90,0.99,0.8389,25,1.0,0.8474,20,1.0,0.8474,1404,0
SPY190805C295,2019-08-02,2019-08-02 09:43:54,1.01,0.8559,179,0.98,0.8305,103,1.0,0.8474,20,0.995,0.8432,1404,0
SPY190805C295,2019-08-02,2019-08-02 09:43:55,1.02,0.8644,341,1.0,0.8474,11,1.0,0.8474,20,1.01,0.8559,1404,0
SPY190805C295,2019-08-02,2019-08-02 09:43:56,1.02,0.8644,341,0.99,0.8389,6,1.0,0.8474,20,1.005,0.8516,1404,0
SPY190805C295,2019-08-02,2019-08-02 09:43:57,1.01,0.8559,407,0.99,0.8389,6,1.0,0.8474,20,1.0,0.8474,1404,0
SPY190805C295,2019-08-02,2019-08-02 09:43:58,1.0,0.8474,251,0.98,0.8305,28,1.0,0.8474,20,0.99,0.8389,1404,0
SPY190805C295,2019-08-02,2019-08-02 09:43:59,1.0,0.8474,72,0.97,0.822,112,1.0,0.8474,20,0.985,0.8347,1404,0
SPY190805C295,2019-08-02,2019-08-02 09:43:59,0.97,0.822,251,0.95,0.805,67,1.0,0.8474,20,0.96,0.8135,1404,0
SPY190805C295,2019-08-02,2019-08-02 09:44:00,0.97,0.822,84,0.96,0.8135,6,1.0,0.8474,20,0.965,0.8177,1404,0
SPY190805C295,2019-08-02,2019-08-02 09:44:01,0.98,0.8305,15,0.97,0.822,6,1.0,0.8474,20,0.975,0.8262,1404,0
SPY190805C295,2019-08-02,2019-08-02 09:44:01,0.98,0.8305,19,0.97,0.822,6,1.0,0.8474,20,0.975,0.8262,1404,0
SPY190805C295,2019-08-02,2019-08-02 09:44:02,0.98,0.8305,28,0.97,0.822,6,1.0,0.8474,20,0.975,0.8262,1404,0
SPY190805C295,2019-08-02,2019-08-02 09:44:02,0.98,0.8305,65,0.97,0.822,6,1.0,0.8474,20,0.975,0.8262,1404,0
SPY190805C295,2019-08-02,2019-08-02 09:44:03,0.99,0.8389,171,0.97,0.822,29,1.0,0.8474,20,0.98,0.8305,1404,0
SPY190805C295,2019-08-02,2019-08-02 09:44:04,0.99,0.8389,342,0.97,0.822,6,1.0,0.8474,20,0.98,0.8305,1404,0
SPY190805C295,2019-08-02,2019-08-02 09:44:04,0.99,0.8389,129,0.98,0.8305,6,1.0,0.8474,20,0.985,0.8347,1404,0
SPY190805C295,2019-08-02,2019-08-02 09:44:05,1.0,0.8474,419,0.96,0.8135,97,1.0,0.8474,20,0.98,0.8305,1404,0
SPY190805C295,2019-08-02,2019-08-02 09:44:06,0.99,0.8389,5,0.98,0.8305,6,1.0,0.8474,20,0.985,0.8347,1404,0
SPY190805C295,2019-08-02,2019-08-02 09:44:07,1.01,0.8559,317,1.0,0.8474,6,1.0,0.8474,20,1.005,0.8516,1404,0
SPY190805C295,2019-08-02,2019-08-02 09:44:07,1.01,0.8559,119,1.0,0.8474,6,1.0,0.8474,20,1.005,0.8516,1404,0
SPY190805C295,2019-08-02,2019-08-02 09:44:08,1.0,0.8474,110,0.98,0.8305,62,1.0,0.8474,20,0.99,0.8389,1404,0
SPY190805C295,2019-08-02,2019-08-02 09:44:08,1.01,0.8559,179,0.99,0.8389,31,1.0,0.8474,20,1.0,0.8474,1404,0
SPY190805C295,2019-08-02,2019-08-02 09:44:09,1.0,0.8474,13,0.99,0.8389,6,1.0,0.8474,20,0.995,0.8432,1404,0
SPY190805C295,2019-08-02,2019-08-02 09:44:10,1.01,0.8559,399,0.99,0.8389,6,1.0,0.8474,20,1.0,0.8474,1404,0
SPY190805C295,2019-08-02,2019-08-02 09:44:10,1.01,0.8559,399,0.99,0.8389,33,1.0,0.8474,20,1.0,0.8474,1404,0
SPY190805C295,2019-08-02,2019-08-02 09:44:11,1.0,0.8474,124,0.98,0.8305,33,1.0,0.8474,20,0.99,0.8389,1404,0
SPY190805C295,2019-08-02,2019-08-02 09:44:12,0.99,0.8389,5,0.98,0.8305,6,1.0,0.8474,20,0.985,0.8347,1404,0
SPY190805C295,2019-08-02,2019-08-02 09:44:12,1.0,0.8474,179,0.98,0.8305,111,1.0,0.8474,20,0.99,0.8389,1404,0
SPY190805C295,2019-08-02,2019-08-02 09:44:13,1.0,0.8474,417,0.98,0.8305,6,1.0,0.8474,20,0.99,0.8389,1404,0
SPY190805C295,2019-08-02,2019-08-02 09:44:13,0.99,0.8389,34,0.98,0.8305,6,1.0,0.8474,20,0.985,0.8347,1404,0
SPY190805C295,2019-08-02,2019-08-02 09:44:14,1.01,0.8559,327,0.99,0.8389,35,1.0,0.8474,20,1.0,0.8474,1404,0
SPY190805C295,2019-08-02,2019-08-02 09:44:15,1.0,0.8474,5,0.98,0.8305,38,1.0,0.8474,20,0.99,0.8389,1404,0
SPY190805C295,2019-08-02,2019-08-02 09:44:15,1.01,0.8559,387,0.98,0.8305,109,1.0,0.8474,14,0.995,0.8432,1418,14
SPY190805C295,2019-08-02,2019-08-02 09:44:16,1.01,0.8559,72,1.0,0.8474,6,1.0,0.8474,14,1.005,0.8516,1418,0
SPY190805C295,2019-08-02,2019-08-02 09:44:17,1.01,0.8559,77,0.99,0.8389,38,1.0,0.8474,14,1.0,0.8474,1418,0
SPY190805C295,2019-08-02,2019-08-02 09:44:17,1.01,0.8559,169,1.0,0.8474,6,1.0,0.8474,14,1.005,0.8516,1418,0
SPY190805C295,2019-08-02,2019-08-02 09:44:18,1.01,0.8559,163,0.98,0.8305,178,1.0,0.8474,14,0.995,0.8432,1418,0
SPY190805C295,2019-08-02,2019-08-02 09:44:19,1.0,0.8474,5,0.99,0.8389,35,1.0,0.8474,14,0.995,0.8432,1418,0
SPY190805C295,2019-08-02,2019-08-02 09:44:19,1.0,0.8474,6,0.98,0.8305,35,1.0,0.8474,14,0.99,0.8389,1418,0
SPY190805C295,2019-08-02,2019-08-02 09:44:20,0.99,0.8389,5,0.98,0.8305,6,1.0,0.8474,14,0.985,0.8347,1418,0
SPY190805C295,2019-08-02,2019-08-02 09:44:20,1.0,0.8474,171,0.99,0.8389,6,1.0,0.8474,14,0.995,0.8432,1418,0
SPY190805C295,2019-08-02,2019-08-02 09:44:21,1.0,0.8474,5,0.98,0.8305,6,1.0,0.8474,14,0.99,0.8389,1418,0
SPY190805C295,2019-08-02,2019-08-02 09:44:22,1.0,0.8474,231,0.98,0.8305,6,1.0,0.8474,14,0.99,0.8389,1418,0
SPY190805C295,2019-08-02,2019-08-02 09:44:22,1.0,0.8474,6,0.98,0.8305,6,1.0,0.8474,14,0.99,0.8389,1418,0
SPY190805C295,2019-08-02,2019-08-02 09:44:23,1.0,0.8474,231,0.98,0.8305,6,1.0,0.8474,14,0.99,0.8389,1418,0
SPY190805C295,2019-08-02,2019-08-02 09:44:23,1.0,0.8474,106,0.98,0.8305,29,1.0,0.8474,14,0.99,0.8389,1418,0
SPY190805C295,2019-08-02,2019-08-02 09:44:24,0.99,0.8389,5,0.98,0.8305,29,1.0,0.8474,14,0.985,0.8347,1418,0
SPY190805C295,2019-08-02,2019-08-02 09:44:25,1.0,0.8474,354,0.98,0.8305,29,1.0,0.8474,14,0.99,0.8389,1418,0
SPY190805C295,2019-08-02,2019-08-02 09:44:26,1.0,0.8474,379,0.98,0.8305,33,1.0,0.8474,14,0.99,0.8389,1418,0
SPY190805C295,2019-08-02,2019-08-02 09:44:26,1.0,0.8474,379,0.98,0.8305,29,1.0,0.8474,14,0.99,0.8389,1418,0
SPY190805C295,2019-08-02,2019-08-02 09:44:27,1.0,0.8474,66,0.98,0.8305,193,1.0,0.8474,14,0.99,0.8389,1418,0
SPY190805C295,2019-08-02,2019-08-02 09:44:27,1.0,0.8474,379,0.98,0.8305,33,1.0,0.8474,14,0.99,0.8389,1418,0
SPY190805C295,2019-08-02,2019-08-02 09:44:28,1.01,0.8559,396,0.98,0.8305,193,1.0,0.8474,14,0.995,0.8432,1418,0
SPY190805C295,2019-08-02,2019-08-02 09:44:29,1.01,0.8559,218,0.99,0.8389,157,1.0,0.8474,14,1.0,0.8474,1418,0
SPY190805C295,2019-08-02,2019-08-02 09:44:29,1.01,0.8559,345,0.98,0.8305,188,1.0,0.8474,14,0.995,0.8432,1418,0
SPY190805C295,2019-08-02,2019-08-02 09:44:30,1.0,0.8474,179,0.98,0.8305,193,1.0,0.8474,14,0.99,0.8389,1418,0
SPY190805C295,2019-08-02,2019-08-02 09:44:31,0.99,0.8389,518,0.97,0.822,35,1.0,0.8474,14,0.98,0.8305,1418,0
SPY190805C295,2019-08-02,2019-08-02 09:44:32,0.98,0.8305,5,0.97,0.822,35,1.0,0.8474,14,0.975,0.8262,1418,0
SPY190805C295,2019-08-02,2019-08-02 09:44:32,0.97,0.822,1,0.96,0.8135,5,0.97,0.822,1,0.965,0.8177,1419,1
SPY190805C295,2019-08-02,2019-08-02 09:44:33,0.97,0.822,1,0.96,0.8135,65,0.97,0.822,1,0.965,0.8177,1419,0
SPY190805C295,2019-08-02,2019-08-02 09:44:34,0.97,0.822,6,0.96,0.8135,69,0.97,0.822,1,0.965,0.8177,1419,0
SPY190805C295,2019-08-02,2019-08-02 09:44:34,0.97,0.822,6,0.96,0.8135,78,0.97,0.822,1,0.965,0.8177,1419,0
SPY190805C295,2019-08-02,2019-08-02 09:44:35,0.98,0.8305,408,0.96,0.8135,61,0.97,0.822,1,0.97,0.822,1419,0
SPY190805C295,2019-08-02,2019-08-02 09:44:36,0.97,0.822,187,0.96,0.8135,5,0.97,0.822,1,0.965,0.8177,1419,0
SPY190805C295,2019-08-02,2019-08-02 09:44:36,0.96,0.8135,1,0.96,0.8135,5,0.95,0.805,5,0.96,0.8135,1429,10
SPY190805C295,2019-08-02,2019-08-02 09:44:37,0.97,0.822,123,0.96,0.8135,36,0.95,0.805,5,0.965,0.8177,1429,0
SPY190805C295,2019-08-02,2019-08-02 09:44:38,0.97,0.822,179,0.95,0.805,162,0.95,0.805,5,0.96,0.8135,1429,0
SPY190805C295,2019-08-02,2019-08-02 09:44:38,0.97,0.822,77,0.95,0.805,1,0.95,0.805,5,0.96,0.8135,1429,0
SPY190805C295,2019-08-02,2019-08-02 09:44:40,0.97,0.822,84,0.96,0.8135,40,0.95,0.805,5,0.965,0.8177,1429,0
SPY190805C295,2019-08-02,2019-08-02 09:44:41,0.98,0.8305,179,0.96,0.8135,6,0.95,0.805,5,0.97,0.822,1429,0
SPY190805C295,2019-08-02,2019-08-02 09:44:41,0.99,0.8389,298,0.98,0.8305,6,0.95,0.805,5,0.985,0.8347,1429,0
SPY190805C295,2019-08-02,2019-08-02 09:44:42,1.0,0.8474,139,0.98,0.8305,79,0.95,0.805,5,0.99,0.8389,1429,0
SPY190805C295,2019-08-02,2019-08-02 09:44:42,1.0,0.8474,298,0.99,0.8389,21,0.99,0.8389,2,0.995,0.8432,1431,2
SPY190805C295,2019-08-02,2019-08-02 09:44:43,1.0,0.8474,227,0.99,0.8389,11,0.99,0.8389,2,0.995,0.8432,1431,0
SPY190805C295,2019-08-02,2019-08-02 09:44:44,1.0,0.8474,227,0.99,0.8389,16,0.99,0.8389,2,0.995,0.8432,1431,0
SPY190805C295,2019-08-02,2019-08-02 09:44:44,1.0,0.8474,227,0.99,0.8389,40,0.99,0.8389,2,0.995,0.8432,1431,0
SPY190805C295,2019-08-02,2019-08-02 09:44:45,1.0,0.8474,192,0.99,0.8389,40,0.99,0.8389,2,0.995,0.8432,1431,0
SPY190805C295,2019-08-02,2019-08-02 09:44:46,1.0,0.8474,179,0.99,0.8389,40,0.99,0.8389,2,0.995,0.8432,1431,0
SPY190805C295,2019-08-02,2019-08-02 09:44:46,1.0,0.8474,187,0.99,0.8389,36,0.99,0.8389,2,0.995,0.8432,1431,0
SPY190805C295,2019-08-02,2019-08-02 09:44:47,1.0,0.8474,106,0.99,0.8389,40,0.99,0.8389,2,0.995,0.8432,1431,0
SPY190805C295,2019-08-02,2019-08-02 09:44:47,1.0,0.8474,179,0.98,0.8305,6,0.99,0.8389,2,0.99,0.8389,1431,0
SPY190805C295,2019-08-02,2019-08-02 09:44:48,1.0,0.8474,106,0.99,0.8389,6,0.99,0.8389,2,0.995,0.8432,1431,0
SPY190805C295,2019-08-02,2019-08-02 09:44:49,1.0,0.8474,106,0.98,0.8305,6,0.99,0.8389,2,0.99,0.8389,1431,0
SPY190805C295,2019-08-02,2019-08-02 09:44:50,0.98,0.8305,84,0.97,0.822,6,0.99,0.8389,2,0.975,0.8262,1431,0
SPY190805C295,2019-08-02,2019-08-02 09:44:50,0.99,0.8389,184,0.98,0.8305,6,0.99,0.8389,2,0.985,0.8347,1431,0
SPY190805C295,2019-08-02,2019-08-02 09:44:51,0.98,0.8305,404,0.96,0.8135,93,0.98,0.8305,1,0.97,0.822,1433,2
SPY190805C295,2019-08-02,2019-08-02 09:44:52,0.98,0.8305,628,0.96,0.8135,93,0.98,0.8305,1,0.97,0.822,1433,0
SPY190805C295,2019-08-02,2019-08-02 09:44:52,0.97,0.822,84,0.96,0.8135,93,0.98,0.8305,1,0.965,0.8177,1433,0
SPY190805C295,2019-08-02,2019-08-02 09:44:53,0.98,0.8305,147,0.96,0.8135,188,0.98,0.8305,1,0.97,0.822,1433,0
SPY190805C295,2019-08-02,2019-08-02 09:44:54,1.0,0.8474,84,0.99,0.8389,6,0.98,0.8305,1,0.995,0.8432,1433,0
SPY190805C295,2019-08-02,2019-08-02 09:44:55,1.0,0.8474,84,0.99,0.8389,63,0.98,0.8305,1,0.995,0.8432,1433,0
SPY190805C295,2019-08-02,2019-08-02 09:44:56,1.0,0.8474,84,0.99,0.8389,36,0.98,0.8305,1,0.995,0.8432,1433,0
SPY190805C295,2019-08-02,2019-08-02 09:44:56,1.0,0.8474,271,0.98,0.8305,121,0.98,0.8305,1,0.99,0.8389,1433,0
SPY190805C295,2019-08-02,2019-08-02 09:44:57,0.99,0.8389,312,0.97,0.822,6,0.98,0.8305,1,0.98,0.8305,1433,0
SPY190805C295,2019-08-02,2019-08-02 09:44:58,0.98,0.8305,6,0.97,0.822,6,0.96,0.8135,1,0.975,0.8262,1434,0
SPY190805C295,2019-08-02,2019-08-02 09:44:58,0.99,0.8389,387,0.97,0.822,63,0.96,0.8135,1,0.98,0.8305,1434,1
SPY190805C295,2019-08-02,2019-08-02 09:44:59,1.01,0.8559,78,0.98,0.8305,6,0.96,0.8135,1,0.995,0.8432,1435,0
SPY190805C295,2019-08-02,2019-08-02 09:44:59,1.0,0.8474,324,0.98,0.8305,64,0.96,0.8135,1,0.99,0.8389,1435,1
SPY190805C295,2019-08-02,2019-08-02 09:45:00,0.99,0.8389,179,0.97,0.822,6,0.96,0.8135,1,0.98,0.8305,1435,0
SPY190805C295,2019-08-02,2019-08-02 09:45:01,0.99,0.8389,141,0.98,0.8305,6,0.96,0.8135,1,0.985,0.8347,1435,0
SPY190805C295,2019-08-02,2019-08-02 09:45:01,0.99,0.8389,264,0.97,0.822,62,0.96,0.8135,1,0.98,0.8305,1435,0
SPY190805C295,2019-08-02,2019-08-02 09:45:02,1.0,0.8474,213,0.97,0.822,72,0.96,0.8135,1,0.985,0.8347,1435,0
SPY190805C295,2019-08-02,2019-08-02 09:45:03,0.99,0.8389,84,0.98,0.8305,20,0.96,0.8135,1,0.985,0.8347,1435,0
SPY190805C295,2019-08-02,2019-08-02 09:45:05,0.98,0.8305,728,0.96,0.8135,20,0.98,0.8305,6,0.97,0.822,1441,0
SPY190805C295,2019-08-02,2019-08-02 09:45:05,0.97,0.822,152,0.95,0.805,1,0.98,0.8305,6,0.96,0.8135,1441,6
SPY190805C295,2019-08-02,2019-08-02 09:45:06,0.98,0.8305,252,0.96,0.8135,67,0.98,0.8305,6,0.97,0.822,1441,0
SPY190805C295,2019-08-02,2019-08-02 09:45:07,0.98,0.8305,263,0.96,0.8135,167,0.98,0.8305,6,0.97,0.822,1441,0
