symbol,Date,quote_time,ask_price,norm_ask_price,ask_size,bid_price,norm_bid_price,bid_size,last_trade_price,norm_last_trade_price,last_trade_size,mark_price,norm_mark_price,volume,Volume
SPY190712P298,2019-07-11,2019-07-11 09:30:00,0.61,1.0,31,0.6,0.9836,21,0.57,0.9344,25,0.605,0.9918,43579,43579
SPY190712P298,2019-07-11,2019-07-11 09:30:05,0.36,0.5901,378,0.35,0.5737,2,0.35,0.5737,2,0.355,0.5819,9,-43570
SPY190712P298,2019-07-11,2019-07-11 09:30:06,0.34,0.5573,267,0.32,0.5245,300,0.35,0.5737,2,0.33,0.5409,9,0
SPY190712P298,2019-07-11,2019-07-11 09:30:07,0.34,0.5573,267,0.32,0.5245,300,0.35,0.5737,2,0.33,0.5409,9,0
SPY190712P298,2019-07-11,2019-07-11 09:30:08,0.34,0.5573,267,0.33,0.5409,5,0.35,0.5737,2,0.335,0.5491,9,0
SPY190712P298,2019-07-11,2019-07-11 09:30:08,0.34,0.5573,267,0.32,0.5245,300,0.35,0.5737,2,0.33,0.5409,9,0
SPY190712P298,2019-07-11,2019-07-11 09:30:09,0.34,0.5573,267,0.33,0.5409,5,0.35,0.5737,2,0.335,0.5491,9,0
SPY190712P298,2019-07-11,2019-07-11 09:30:09,0.34,0.5573,267,0.33,0.5409,5,0.33,0.5409,5,0.335,0.5491,14,5
SPY190712P298,2019-07-11,2019-07-11 09:30:10,0.34,0.5573,267,0.33,0.5409,5,0.33,0.5409,5,0.335,0.5491,14,0
SPY190712P298,2019-07-11,2019-07-11 09:30:11,0.34,0.5573,267,0.33,0.5409,5,0.33,0.5409,5,0.335,0.5491,14,0
SPY190712P298,2019-07-11,2019-07-11 09:30:11,0.34,0.5573,372,0.33,0.5409,5,0.33,0.5409,5,0.335,0.5491,14,0
SPY190712P298,2019-07-11,2019-07-11 09:30:12,0.34,0.5573,372,0.33,0.5409,5,0.33,0.5409,5,0.335,0.5491,14,0
SPY190712P298,2019-07-11,2019-07-11 09:30:13,0.34,0.5573,372,0.33,0.5409,5,0.33,0.5409,5,0.335,0.5491,14,0
SPY190712P298,2019-07-11,2019-07-11 09:30:14,0.34,0.5573,372,0.33,0.5409,5,0.33,0.5409,5,0.335,0.5491,14,0
SPY190712P298,2019-07-11,2019-07-11 09:30:15,0.34,0.5573,372,0.33,0.5409,5,0.33,0.5409,5,0.335,0.5491,14,0
SPY190712P298,2019-07-11,2019-07-11 09:30:16,0.34,0.5573,372,0.33,0.5409,5,0.35,0.5737,1,0.335,0.5491,15,1
SPY190712P298,2019-07-11,2019-07-11 09:30:16,0.34,0.5573,372,0.33,0.5409,5,0.35,0.5737,1,0.335,0.5491,15,0
SPY190712P298,2019-07-11,2019-07-11 09:30:17,0.34,0.5573,372,0.33,0.5409,5,0.36,0.5901,30,0.335,0.5491,45,0
SPY190712P298,2019-07-11,2019-07-11 09:30:17,0.34,0.5573,372,0.33,0.5409,5,0.36,0.5901,30,0.335,0.5491,45,30
SPY190712P298,2019-07-11,2019-07-11 09:30:18,0.34,0.5573,372,0.33,0.5409,5,0.36,0.5901,30,0.335,0.5491,45,0
SPY190712P298,2019-07-11,2019-07-11 09:30:19,0.34,0.5573,372,0.33,0.5409,5,0.36,0.5901,30,0.335,0.5491,45,0
SPY190712P298,2019-07-11,2019-07-11 09:30:19,0.34,0.5573,372,0.33,0.5409,5,0.36,0.5901,1,0.335,0.5491,46,1
SPY190712P298,2019-07-11,2019-07-11 09:30:20,0.34,0.5573,372,0.33,0.5409,5,0.36,0.5901,1,0.335,0.5491,46,0
SPY190712P298,2019-07-11,2019-07-11 09:30:21,0.34,0.5573,372,0.33,0.5409,5,0.36,0.5901,1,0.335,0.5491,46,0
SPY190712P298,2019-07-11,2019-07-11 09:30:22,0.34,0.5573,372,0.33,0.5409,5,0.36,0.5901,1,0.335,0.5491,46,0
SPY190712P298,2019-07-11,2019-07-11 09:30:22,0.34,0.5573,438,0.33,0.5409,5,0.36,0.5901,1,0.335,0.5491,46,0
SPY190712P298,2019-07-11,2019-07-11 09:30:23,0.34,0.5573,454,0.33,0.5409,5,0.36,0.5901,1,0.335,0.5491,46,0
SPY190712P298,2019-07-11,2019-07-11 09:30:24,0.34,0.5573,454,0.33,0.5409,5,0.36,0.5901,1,0.335,0.5491,46,0
SPY190712P298,2019-07-11,2019-07-11 09:30:25,0.33,0.5409,234,0.32,0.5245,205,0.36,0.5901,1,0.325,0.5327,46,0
SPY190712P298,2019-07-11,2019-07-11 09:30:25,0.34,0.5573,557,0.32,0.5245,205,0.36,0.5901,1,0.33,0.5409,46,0
SPY190712P298,2019-07-11,2019-07-11 09:30:26,0.33,0.5409,234,0.32,0.5245,205,0.36,0.5901,1,0.325,0.5327,46,0
SPY190712P298,2019-07-11,2019-07-11 09:30:27,0.33,0.5409,234,0.32,0.5245,205,0.36,0.5901,1,0.325,0.5327,46,0
SPY190712P298,2019-07-11,2019-07-11 09:30:28,0.33,0.5409,286,0.32,0.5245,205,0.36,0.5901,1,0.325,0.5327,46,0
SPY190712P298,2019-07-11,2019-07-11 09:30:28,0.33,0.5409,234,0.32,0.5245,205,0.36,0.5901,1,0.325,0.5327,46,0
SPY190712P298,2019-07-11,2019-07-11 09:30:29,0.34,0.5573,480,0.32,0.5245,563,0.36,0.5901,1,0.33,0.5409,46,0
SPY190712P298,2019-07-11,2019-07-11 09:30:30,0.35,0.5737,721,0.34,0.5573,5,0.36,0.5901,1,0.345,0.5655,46,0
SPY190712P298,2019-07-11,2019-07-11 09:30:31,0.36,0.5901,181,0.35,0.5737,253,0.35,0.5737,3,0.355,0.5819,49,3
SPY190712P298,2019-07-11,2019-07-11 09:30:31,0.35,0.5737,705,0.34,0.5573,360,0.36,0.5901,1,0.345,0.5655,46,0
SPY190712P298,2019-07-11,2019-07-11 09:30:32,0.37,0.6065,377,0.36,0.5901,614,0.35,0.5737,3,0.365,0.5983,49,0
SPY190712P298,2019-07-11,2019-07-11 09:30:33,0.37,0.6065,354,0.36,0.5901,5,0.35,0.5737,3,0.365,0.5983,49,0
SPY190712P298,2019-07-11,2019-07-11 09:30:34,0.36,0.5901,5,0.35,0.5737,35,0.35,0.5737,3,0.355,0.5819,49,0
SPY190712P298,2019-07-11,2019-07-11 09:30:34,0.38,0.6229,1063,0.36,0.5901,529,0.35,0.5737,3,0.37,0.6065,49,0
SPY190712P298,2019-07-11,2019-07-11 09:30:35,0.35,0.5737,100,0.34,0.5573,468,0.35,0.5737,3,0.345,0.5655,49,0
SPY190712P298,2019-07-11,2019-07-11 09:30:36,0.35,0.5737,280,0.34,0.5573,280,0.35,0.5737,3,0.345,0.5655,49,0
SPY190712P298,2019-07-11,2019-07-11 09:30:37,0.35,0.5737,5,0.34,0.5573,135,0.35,0.5737,3,0.345,0.5655,49,0
SPY190712P298,2019-07-11,2019-07-11 09:30:38,0.35,0.5737,568,0.33,0.5409,351,0.35,0.5737,3,0.34,0.5573,49,0
SPY190712P298,2019-07-11,2019-07-11 09:30:38,0.35,0.5737,280,0.34,0.5573,200,0.35,0.5737,3,0.345,0.5655,49,0
SPY190712P298,2019-07-11,2019-07-11 09:30:39,0.34,0.5573,35,0.33,0.5409,856,0.35,0.5737,3,0.335,0.5491,49,0
SPY190712P298,2019-07-11,2019-07-11 09:30:40,0.34,0.5573,68,0.33,0.5409,856,0.35,0.5737,3,0.335,0.5491,49,0
SPY190712P298,2019-07-11,2019-07-11 09:30:40,0.35,0.5737,1216,0.33,0.5409,856,0.35,0.5737,3,0.34,0.5573,49,0
SPY190712P298,2019-07-11,2019-07-11 09:30:41,0.34,0.5573,68,0.33,0.5409,856,0.35,0.5737,3,0.335,0.5491,49,0
SPY190712P298,2019-07-11,2019-07-11 09:30:42,0.34,0.5573,35,0.33,0.5409,856,0.35,0.5737,3,0.335,0.5491,49,0
SPY190712P298,2019-07-11,2019-07-11 09:30:42,0.34,0.5573,62,0.33,0.5409,856,0.35,0.5737,3,0.335,0.5491,49,0
SPY190712P298,2019-07-11,2019-07-11 09:30:43,0.34,0.5573,62,0.33,0.5409,1169,0.35,0.5737,3,0.335,0.5491,49,0
SPY190712P298,2019-07-11,2019-07-11 09:30:44,0.34,0.5573,62,0.33,0.5409,1169,0.34,0.5573,50,0.335,0.5491,99,50
SPY190712P298,2019-07-11,2019-07-11 09:30:45,0.34,0.5573,1,0.33,0.5409,1169,0.34,0.5573,50,0.335,0.5491,99,0
SPY190712P298,2019-07-11,2019-07-11 09:30:45,0.35,0.5737,1,0.34,0.5573,1224,0.34,0.5573,1,0.345,0.5655,100,1
SPY190712P298,2019-07-11,2019-07-11 09:30:46,0.35,0.5737,1,0.34,0.5573,1191,0.34,0.5573,1,0.345,0.5655,100,0
SPY190712P298,2019-07-11,2019-07-11 09:30:47,0.35,0.5737,1,0.34,0.5573,1196,0.34,0.5573,1,0.345,0.5655,100,0
SPY190712P298,2019-07-11,2019-07-11 09:30:47,0.35,0.5737,1,0.34,0.5573,1191,0.34,0.5573,1,0.345,0.5655,100,0
SPY190712P298,2019-07-11,2019-07-11 09:30:49,0.35,0.5737,1,0.34,0.5573,1090,0.34,0.5573,1,0.345,0.5655,100,0
SPY190712P298,2019-07-11,2019-07-11 09:30:50,0.35,0.5737,35,0.34,0.5573,772,0.34,0.5573,1,0.345,0.5655,101,1
SPY190712P298,2019-07-11,2019-07-11 09:30:51,0.35,0.5737,121,0.34,0.5573,233,0.34,0.5573,1,0.345,0.5655,102,0
SPY190712P298,2019-07-11,2019-07-11 09:30:51,0.35,0.5737,137,0.34,0.5573,233,0.34,0.5573,1,0.345,0.5655,102,1
SPY190712P298,2019-07-11,2019-07-11 09:30:52,0.35,0.5737,146,0.34,0.5573,233,0.34,0.5573,1,0.345,0.5655,102,0
SPY190712P298,2019-07-11,2019-07-11 09:30:53,0.35,0.5737,126,0.34,0.5573,233,0.34,0.5573,1,0.345,0.5655,102,0
SPY190712P298,2019-07-11,2019-07-11 09:30:53,0.36,0.5901,689,0.35,0.5737,5,0.34,0.5573,1,0.355,0.5819,102,0
SPY190712P298,2019-07-11,2019-07-11 09:30:54,0.36,0.5901,812,0.35,0.5737,5,0.34,0.5573,1,0.355,0.5819,102,0
SPY190712P298,2019-07-11,2019-07-11 09:30:55,0.35,0.5737,142,0.35,0.5737,35,0.34,0.5573,1,0.35,0.5737,102,0
SPY190712P298,2019-07-11,2019-07-11 09:30:55,0.35,0.5737,161,0.35,0.5737,35,0.34,0.5573,1,0.35,0.5737,102,0
SPY190712P298,2019-07-11,2019-07-11 09:30:56,0.35,0.5737,35,0.34,0.5573,288,0.34,0.5573,1,0.345,0.5655,102,0
SPY190712P298,2019-07-11,2019-07-11 09:30:57,0.36,0.5901,286,0.35,0.5737,5,0.34,0.5573,1,0.355,0.5819,102,0
SPY190712P298,2019-07-11,2019-07-11 09:30:58,0.36,0.5901,208,0.35,0.5737,208,0.34,0.5573,1,0.355,0.5819,102,0
SPY190712P298,2019-07-11,2019-07-11 09:30:58,0.36,0.5901,633,0.35,0.5737,208,0.34,0.5573,1,0.355,0.5819,102,0
SPY190712P298,2019-07-11,2019-07-11 09:30:59,0.36,0.5901,207,0.35,0.5737,308,0.36,0.5901,1,0.355,0.5819,103,1
SPY190712P298,2019-07-11,2019-07-11 09:30:59,0.36,0.5901,208,0.35,0.5737,308,0.34,0.5573,1,0.355,0.5819,102,0
SPY190712P298,2019-07-11,2019-07-11 09:31:00,0.36,0.5901,122,0.35,0.5737,1012,0.36,0.5901,1,0.355,0.5819,103,0
SPY190712P298,2019-07-11,2019-07-11 09:31:01,0.36,0.5901,87,0.35,0.5737,1012,0.36,0.5901,1,0.355,0.5819,103,0
SPY190712P298,2019-07-11,2019-07-11 09:31:01,0.36,0.5901,46,0.35,0.5737,539,0.36,0.5901,1,0.355,0.5819,103,0
SPY190712P298,2019-07-11,2019-07-11 09:31:02,0.37,0.6065,1580,0.35,0.5737,298,0.36,0.5901,1,0.36,0.5901,103,0
SPY190712P298,2019-07-11,2019-07-11 09:31:03,0.36,0.5901,105,0.35,0.5737,298,0.36,0.5901,1,0.355,0.5819,103,0
SPY190712P298,2019-07-11,2019-07-11 09:31:04,0.37,0.6065,50,0.36,0.5901,200,0.36,0.5901,1,0.365,0.5983,103,0
SPY190712P298,2019-07-11,2019-07-11 09:31:04,0.37,0.6065,525,0.36,0.5901,111,0.36,0.5901,1,0.365,0.5983,103,0
SPY190712P298,2019-07-11,2019-07-11 09:31:05,0.37,0.6065,353,0.36,0.5901,195,0.36,0.5901,1,0.365,0.5983,103,0
SPY190712P298,2019-07-11,2019-07-11 09:31:06,0.37,0.6065,319,0.36,0.5901,5,0.36,0.5901,1,0.365,0.5983,103,0
SPY190712P298,2019-07-11,2019-07-11 09:31:06,0.37,0.6065,581,0.36,0.5901,5,0.36,0.5901,1,0.365,0.5983,103,0
SPY190712P298,2019-07-11,2019-07-11 09:31:07,0.37,0.6065,350,0.36,0.5901,5,0.36,0.5901,1,0.365,0.5983,103,0
SPY190712P298,2019-07-11,2019-07-11 09:31:07,0.37,0.6065,270,0.36,0.5901,5,0.37,0.6065,1,0.365,0.5983,107,4
SPY190712P298,2019-07-11,2019-07-11 09:31:08,0.37,0.6065,111,0.36,0.5901,211,0.37,0.6065,1,0.365,0.5983,107,0
SPY190712P298,2019-07-11,2019-07-11 09:31:09,0.37,0.6065,16,0.36,0.5901,61,0.37,0.6065,1,0.365,0.5983,107,0
SPY190712P298,2019-07-11,2019-07-11 09:31:09,0.37,0.6065,111,0.36,0.5901,253,0.37,0.6065,1,0.365,0.5983,107,0
SPY190712P298,2019-07-11,2019-07-11 09:31:10,0.37,0.6065,200,0.36,0.5901,200,0.36,0.5901,2,0.365,0.5983,109,2
SPY190712P298,2019-07-11,2019-07-11 09:31:11,0.37,0.6065,229,0.36,0.5901,200,0.36,0.5901,1,0.365,0.5983,110,1
SPY190712P298,2019-07-11,2019-07-11 09:31:11,0.37,0.6065,284,0.36,0.5901,200,0.37,0.6065,2,0.365,0.5983,117,7
SPY190712P298,2019-07-11,2019-07-11 09:31:12,0.37,0.6065,284,0.36,0.5901,170,0.36,0.5901,30,0.365,0.5983,147,30
SPY190712P298,2019-07-11,2019-07-11 09:31:13,0.37,0.6065,637,0.36,0.5901,94,0.36,0.5901,30,0.365,0.5983,147,0
SPY190712P298,2019-07-11,2019-07-11 09:31:13,0.37,0.6065,548,0.36,0.5901,170,0.36,0.5901,30,0.365,0.5983,147,0
SPY190712P298,2019-07-11,2019-07-11 09:31:14,0.37,0.6065,825,0.36,0.5901,94,0.36,0.5901,30,0.365,0.5983,147,0
SPY190712P298,2019-07-11,2019-07-11 09:31:15,0.37,0.6065,1300,0.36,0.5901,94,0.36,0.5901,30,0.365,0.5983,147,0
SPY190712P298,2019-07-11,2019-07-11 09:31:15,0.37,0.6065,1340,0.36,0.5901,94,0.36,0.5901,30,0.365,0.5983,147,0
SPY190712P298,2019-07-11,2019-07-11 09:31:16,0.37,0.6065,1340,0.36,0.5901,94,0.36,0.5901,30,0.365,0.5983,147,0
SPY190712P298,2019-07-11,2019-07-11 09:31:17,0.37,0.6065,1444,0.35,0.5737,1148,0.36,0.5901,30,0.36,0.5901,147,0
SPY190712P298,2019-07-11,2019-07-11 09:31:18,0.37,0.6065,242,0.36,0.5901,200,0.36,0.5901,30,0.365,0.5983,147,0
SPY190712P298,2019-07-11,2019-07-11 09:31:19,0.38,0.6229,1470,0.37,0.6065,50,0.36,0.5901,30,0.375,0.6147,147,0
SPY190712P298,2019-07-11,2019-07-11 09:31:19,0.38,0.6229,913,0.36,0.5901,46,0.36,0.5901,30,0.37,0.6065,147,0
SPY190712P298,2019-07-11,2019-07-11 09:31:20,0.38,0.6229,1997,0.37,0.6065,50,0.37,0.6065,50,0.375,0.6147,197,50
SPY190712P298,2019-07-11,2019-07-11 09:31:21,0.36,0.5901,90,0.35,0.5737,298,0.37,0.6065,50,0.355,0.5819,197,0
SPY190712P298,2019-07-11,2019-07-11 09:31:21,0.36,0.5901,90,0.35,0.5737,461,0.37,0.6065,50,0.355,0.5819,197,0
SPY190712P298,2019-07-11,2019-07-11 09:31:22,0.36,0.5901,90,0.35,0.5737,522,0.37,0.6065,50,0.355,0.5819,197,0
SPY190712P298,2019-07-11,2019-07-11 09:31:23,0.36,0.5901,54,0.35,0.5737,461,0.37,0.6065,50,0.355,0.5819,197,0
SPY190712P298,2019-07-11,2019-07-11 09:31:23,0.36,0.5901,135,0.36,0.5901,91,0.37,0.6065,50,0.36,0.5901,197,0
SPY190712P298,2019-07-11,2019-07-11 09:31:24,0.37,0.6065,888,0.36,0.5901,91,0.37,0.6065,50,0.365,0.5983,197,0
SPY190712P298,2019-07-11,2019-07-11 09:31:25,0.38,0.6229,139,0.37,0.6065,200,0.37,0.6065,50,0.375,0.6147,197,0
SPY190712P298,2019-07-11,2019-07-11 09:31:25,0.38,0.6229,606,0.37,0.6065,200,0.37,0.6065,50,0.375,0.6147,197,0
SPY190712P298,2019-07-11,2019-07-11 09:31:26,0.38,0.6229,763,0.37,0.6065,91,0.37,0.6065,50,0.375,0.6147,197,0
SPY190712P298,2019-07-11,2019-07-11 09:31:26,0.38,0.6229,300,0.37,0.6065,200,0.37,0.6065,50,0.375,0.6147,197,0
SPY190712P298,2019-07-11,2019-07-11 09:31:27,0.38,0.6229,310,0.37,0.6065,192,0.37,0.6065,50,0.375,0.6147,197,0
SPY190712P298,2019-07-11,2019-07-11 09:31:28,0.38,0.6229,35,0.37,0.6065,192,0.37,0.6065,50,0.375,0.6147,197,0
SPY190712P298,2019-07-11,2019-07-11 09:31:28,0.38,0.6229,310,0.37,0.6065,192,0.37,0.6065,50,0.375,0.6147,197,0
SPY190712P298,2019-07-11,2019-07-11 09:31:29,0.38,0.6229,6,0.37,0.6065,192,0.37,0.6065,50,0.375,0.6147,197,0
SPY190712P298,2019-07-11,2019-07-11 09:31:29,0.38,0.6229,7,0.37,0.6065,192,0.37,0.6065,50,0.375,0.6147,197,0
SPY190712P298,2019-07-11,2019-07-11 09:31:30,0.39,0.6393,714,0.38,0.6229,85,0.37,0.6065,4,0.385,0.6311,208,11
SPY190712P298,2019-07-11,2019-07-11 09:31:30,0.38,0.6229,7,0.37,0.6065,192,0.37,0.6065,50,0.375,0.6147,197,0
SPY190712P298,2019-07-11,2019-07-11 09:31:31,0.39,0.6393,542,0.38,0.6229,192,0.37,0.6065,4,0.385,0.6311,208,0
SPY190712P298,2019-07-11,2019-07-11 09:31:32,0.39,0.6393,263,0.38,0.6229,192,0.37,0.6065,4,0.385,0.6311,208,0
SPY190712P298,2019-07-11,2019-07-11 09:31:32,0.39,0.6393,213,0.38,0.6229,192,0.37,0.6065,4,0.385,0.6311,208,0
SPY190712P298,2019-07-11,2019-07-11 09:31:33,0.39,0.6393,733,0.38,0.6229,179,0.37,0.6065,4,0.385,0.6311,208,0
SPY190712P298,2019-07-11,2019-07-11 09:31:33,0.39,0.6393,161,0.38,0.6229,35,0.37,0.6065,4,0.385,0.6311,208,0
SPY190712P298,2019-07-11,2019-07-11 09:31:34,0.39,0.6393,1806,0.38,0.6229,179,0.37,0.6065,4,0.385,0.6311,208,0
SPY190712P298,2019-07-11,2019-07-11 09:31:34,0.39,0.6393,1776,0.38,0.6229,179,0.37,0.6065,4,0.385,0.6311,208,0
SPY190712P298,2019-07-11,2019-07-11 09:31:35,0.39,0.6393,1806,0.38,0.6229,1,0.37,0.6065,4,0.385,0.6311,208,0
SPY190712P298,2019-07-11,2019-07-11 09:31:36,0.38,0.6229,397,0.37,0.6065,268,0.38,0.6229,1,0.375,0.6147,209,1
SPY190712P298,2019-07-11,2019-07-11 09:31:36,0.38,0.6229,397,0.37,0.6065,273,0.38,0.6229,1,0.375,0.6147,209,0
SPY190712P298,2019-07-11,2019-07-11 09:31:37,0.38,0.6229,823,0.36,0.5901,342,0.38,0.6229,1,0.37,0.6065,209,0
SPY190712P298,2019-07-11,2019-07-11 09:31:37,0.37,0.6065,433,0.36,0.5901,859,0.37,0.6065,5,0.365,0.5983,214,5
SPY190712P298,2019-07-11,2019-07-11 09:31:38,0.37,0.6065,433,0.35,0.5737,264,0.37,0.6065,2,0.36,0.5901,216,2
SPY190712P298,2019-07-11,2019-07-11 09:31:39,0.36,0.5901,83,0.35,0.5737,262,0.37,0.6065,2,0.355,0.5819,216,0
SPY190712P298,2019-07-11,2019-07-11 09:31:39,0.37,0.6065,1427,0.36,0.5901,40,0.37,0.6065,2,0.365,0.5983,216,0
SPY190712P298,2019-07-11,2019-07-11 09:31:40,0.36,0.5901,499,0.35,0.5737,284,0.37,0.6065,2,0.355,0.5819,216,0
SPY190712P298,2019-07-11,2019-07-11 09:31:41,0.36,0.5901,90,0.35,0.5737,275,0.37,0.6065,2,0.355,0.5819,216,0
SPY190712P298,2019-07-11,2019-07-11 09:31:41,0.36,0.5901,20,0.35,0.5737,275,0.37,0.6065,2,0.355,0.5819,216,0
SPY190712P298,2019-07-11,2019-07-11 09:31:42,0.36,0.5901,132,0.35,0.5737,280,0.37,0.6065,2,0.355,0.5819,216,0
SPY190712P298,2019-07-11,2019-07-11 09:31:42,0.37,0.6065,768,0.36,0.5901,192,0.37,0.6065,2,0.365,0.5983,216,0
SPY190712P298,2019-07-11,2019-07-11 09:31:43,0.37,0.6065,799,0.35,0.5737,498,0.37,0.6065,2,0.36,0.5901,216,0
SPY190712P298,2019-07-11,2019-07-11 09:31:44,0.37,0.6065,970,0.35,0.5737,498,0.37,0.6065,2,0.36,0.5901,216,0
SPY190712P298,2019-07-11,2019-07-11 09:31:44,0.36,0.5901,5,0.35,0.5737,656,0.36,0.5901,12,0.355,0.5819,228,12
SPY190712P298,2019-07-11,2019-07-11 09:31:45,0.36,0.5901,1,0.36,0.5901,5,0.36,0.5901,12,0.36,0.5901,228,0
SPY190712P298,2019-07-11,2019-07-11 09:31:45,0.37,0.6065,1253,0.36,0.5901,5,0.36,0.5901,12,0.365,0.5983,228,0
SPY190712P298,2019-07-11,2019-07-11 09:31:46,0.36,0.5901,149,0.35,0.5737,193,0.36,0.5901,12,0.355,0.5819,228,0
SPY190712P298,2019-07-11,2019-07-11 09:31:46,0.36,0.5901,159,0.35,0.5737,213,0.36,0.5901,12,0.355,0.5819,228,0
SPY190712P298,2019-07-11,2019-07-11 09:31:47,0.36,0.5901,302,0.35,0.5737,213,0.36,0.5901,12,0.355,0.5819,228,0
SPY190712P298,2019-07-11,2019-07-11 09:31:47,0.36,0.5901,150,0.35,0.5737,192,0.36,0.5901,12,0.355,0.5819,228,0
SPY190712P298,2019-07-11,2019-07-11 09:31:48,0.36,0.5901,272,0.35,0.5737,192,0.36,0.5901,12,0.355,0.5819,228,0
SPY190712P298,2019-07-11,2019-07-11 09:31:49,0.36,0.5901,692,0.34,0.5573,79,0.36,0.5901,12,0.35,0.5737,228,0
SPY190712P298,2019-07-11,2019-07-11 09:31:49,0.35,0.5737,7,0.34,0.5573,606,0.36,0.5901,12,0.345,0.5655,228,0
SPY190712P298,2019-07-11,2019-07-11 09:31:50,0.35,0.5737,9,0.34,0.5573,654,0.36,0.5901,12,0.345,0.5655,228,0
SPY190712P298,2019-07-11,2019-07-11 09:31:51,0.35,0.5737,50,0.34,0.5573,990,0.36,0.5901,12,0.345,0.5655,228,0
SPY190712P298,2019-07-11,2019-07-11 09:31:51,0.35,0.5737,50,0.34,0.5573,720,0.35,0.5737,6,0.345,0.5655,234,6
SPY190712P298,2019-07-11,2019-07-11 09:31:52,0.35,0.5737,105,0.34,0.5573,1256,0.35,0.5737,6,0.345,0.5655,234,0
SPY190712P298,2019-07-11,2019-07-11 09:31:52,0.35,0.5737,65,0.34,0.5573,1125,0.35,0.5737,6,0.345,0.5655,234,0
SPY190712P298,2019-07-11,2019-07-11 09:31:53,0.35,0.5737,105,0.34,0.5573,908,0.35,0.5737,6,0.345,0.5655,234,0
SPY190712P298,2019-07-11,2019-07-11 09:31:54,0.35,0.5737,105,0.34,0.5573,1004,0.35,0.5737,6,0.345,0.5655,234,0
SPY190712P298,2019-07-11,2019-07-11 09:31:55,0.35,0.5737,85,0.34,0.5573,914,0.34,0.5573,1,0.345,0.5655,236,1
SPY190712P298,2019-07-11,2019-07-11 09:31:55,0.35,0.5737,85,0.34,0.5573,1027,0.35,0.5737,1,0.345,0.5655,235,1
SPY190712P298,2019-07-11,2019-07-11 09:31:56,0.36,0.5901,316,0.35,0.5737,5,0.34,0.5573,1,0.355,0.5819,236,0
SPY190712P298,2019-07-11,2019-07-11 09:31:57,0.36,0.5901,316,0.35,0.5737,126,0.34,0.5573,1,0.355,0.5819,236,0
SPY190712P298,2019-07-11,2019-07-11 09:31:57,0.36,0.5901,500,0.34,0.5573,1213,0.34,0.5573,1,0.35,0.5737,236,0
SPY190712P298,2019-07-11,2019-07-11 09:31:58,0.35,0.5737,53,0.34,0.5573,1035,0.34,0.5573,1,0.345,0.5655,236,0
SPY190712P298,2019-07-11,2019-07-11 09:31:59,0.35,0.5737,102,0.34,0.5573,1146,0.34,0.5573,1,0.345,0.5655,236,0
SPY190712P298,2019-07-11,2019-07-11 09:31:59,0.35,0.5737,53,0.34,0.5573,1146,0.34,0.5573,1,0.345,0.5655,236,0
SPY190712P298,2019-07-11,2019-07-11 09:32:00,0.35,0.5737,93,0.34,0.5573,1206,0.34,0.5573,1,0.345,0.5655,242,6
SPY190712P298,2019-07-11,2019-07-11 09:32:00,0.35,0.5737,35,0.34,0.5573,1252,0.34,0.5573,1,0.345,0.5655,242,0
SPY190712P298,2019-07-11,2019-07-11 09:32:01,0.35,0.5737,35,0.34,0.5573,1252,0.34,0.5573,1,0.345,0.5655,242,0
SPY190712P298,2019-07-11,2019-07-11 09:32:01,0.35,0.5737,35,0.35,0.5737,41,0.35,0.5737,1,0.35,0.5737,243,1
SPY190712P298,2019-07-11,2019-07-11 09:32:02,0.36,0.5901,121,0.35,0.5737,172,0.35,0.5737,1,0.355,0.5819,243,0
SPY190712P298,2019-07-11,2019-07-11 09:32:03,0.36,0.5901,121,0.35,0.5737,869,0.35,0.5737,1,0.355,0.5819,243,0
SPY190712P298,2019-07-11,2019-07-11 09:32:03,0.36,0.5901,177,0.35,0.5737,281,0.35,0.5737,1,0.355,0.5819,243,0
SPY190712P298,2019-07-11,2019-07-11 09:32:04,0.36,0.5901,642,0.35,0.5737,50,0.35,0.5737,1,0.355,0.5819,243,0
SPY190712P298,2019-07-11,2019-07-11 09:32:04,0.36,0.5901,792,0.35,0.5737,50,0.35,0.5737,1,0.355,0.5819,243,0
SPY190712P298,2019-07-11,2019-07-11 09:32:05,0.36,0.5901,280,0.35,0.5737,270,0.35,0.5737,1,0.355,0.5819,243,0
SPY190712P298,2019-07-11,2019-07-11 09:32:05,0.36,0.5901,280,0.35,0.5737,200,0.35,0.5737,10,0.355,0.5819,253,10
SPY190712P298,2019-07-11,2019-07-11 09:32:06,0.36,0.5901,280,0.35,0.5737,310,0.35,0.5737,10,0.355,0.5819,253,0
SPY190712P298,2019-07-11,2019-07-11 09:32:07,0.36,0.5901,20,0.35,0.5737,51,0.35,0.5737,10,0.355,0.5819,253,0
SPY190712P298,2019-07-11,2019-07-11 09:32:07,0.37,0.6065,172,0.35,0.5737,1074,0.35,0.5737,10,0.36,0.5901,253,0
SPY190712P298,2019-07-11,2019-07-11 09:32:08,0.37,0.6065,200,0.35,0.5737,1794,0.35,0.5737,10,0.36,0.5901,253,0
SPY190712P298,2019-07-11,2019-07-11 09:32:09,0.37,0.6065,210,0.36,0.5901,261,0.35,0.5737,10,0.365,0.5983,253,0
SPY190712P298,2019-07-11,2019-07-11 09:32:09,0.37,0.6065,310,0.35,0.5737,1678,0.35,0.5737,10,0.36,0.5901,253,0
SPY190712P298,2019-07-11,2019-07-11 09:32:10,0.37,0.6065,274,0.36,0.5901,163,0.35,0.5737,10,0.365,0.5983,253,0
SPY190712P298,2019-07-11,2019-07-11 09:32:11,0.37,0.6065,280,0.36,0.5901,5,0.35,0.5737,10,0.365,0.5983,253,0
SPY190712P298,2019-07-11,2019-07-11 09:32:11,0.37,0.6065,280,0.36,0.5901,50,0.35,0.5737,10,0.365,0.5983,253,0
SPY190712P298,2019-07-11,2019-07-11 09:32:12,0.37,0.6065,270,0.36,0.5901,262,0.35,0.5737,10,0.365,0.5983,253,0
SPY190712P298,2019-07-11,2019-07-11 09:32:12,0.37,0.6065,280,0.36,0.5901,192,0.35,0.5737,10,0.365,0.5983,253,0
SPY190712P298,2019-07-11,2019-07-11 09:32:13,0.37,0.6065,109,0.36,0.5901,313,0.36,0.5901,1,0.365,0.5983,254,1
SPY190712P298,2019-07-11,2019-07-11 09:32:14,0.37,0.6065,61,0.36,0.5901,97,0.36,0.5901,1,0.365,0.5983,254,0
SPY190712P298,2019-07-11,2019-07-11 09:32:15,0.38,0.6229,812,0.36,0.5901,546,0.36,0.5901,1,0.37,0.6065,254,0
SPY190712P298,2019-07-11,2019-07-11 09:32:15,0.38,0.6229,812,0.36,0.5901,199,0.36,0.5901,1,0.37,0.6065,254,0
SPY190712P298,2019-07-11,2019-07-11 09:32:16,0.38,0.6229,1546,0.36,0.5901,1006,0.36,0.5901,1,0.37,0.6065,254,0
SPY190712P298,2019-07-11,2019-07-11 09:32:17,0.37,0.6065,100,0.36,0.5901,241,0.36,0.5901,1,0.365,0.5983,254,0
SPY190712P298,2019-07-11,2019-07-11 09:32:17,0.37,0.6065,70,0.36,0.5901,386,0.36,0.5901,1,0.365,0.5983,254,0
SPY190712P298,2019-07-11,2019-07-11 09:32:18,0.38,0.6229,70,0.37,0.6065,100,0.36,0.5901,1,0.375,0.6147,254,0
SPY190712P298,2019-07-11,2019-07-11 09:32:18,0.38,0.6229,812,0.37,0.6065,42,0.36,0.5901,1,0.375,0.6147,254,0
SPY190712P298,2019-07-11,2019-07-11 09:32:19,0.38,0.6229,50,0.37,0.6065,100,0.36,0.5901,1,0.375,0.6147,254,0
SPY190712P298,2019-07-11,2019-07-11 09:32:19,0.38,0.6229,145,0.37,0.6065,100,0.36,0.5901,1,0.375,0.6147,254,0
SPY190712P298,2019-07-11,2019-07-11 09:32:20,0.38,0.6229,50,0.37,0.6065,1226,0.36,0.5901,1,0.375,0.6147,254,0
SPY190712P298,2019-07-11,2019-07-11 09:32:21,0.38,0.6229,50,0.37,0.6065,481,0.36,0.5901,1,0.375,0.6147,254,0
SPY190712P298,2019-07-11,2019-07-11 09:32:21,0.38,0.6229,50,0.37,0.6065,572,0.36,0.5901,1,0.375,0.6147,254,0
SPY190712P298,2019-07-11,2019-07-11 09:32:22,0.39,0.6393,172,0.38,0.6229,6,0.38,0.6229,1,0.385,0.6311,304,50
SPY190712P298,2019-07-11,2019-07-11 09:32:23,0.39,0.6393,50,0.38,0.6229,10,0.38,0.6229,1,0.385,0.6311,304,0
SPY190712P298,2019-07-11,2019-07-11 09:32:23,0.39,0.6393,8,0.38,0.6229,626,0.38,0.6229,1,0.385,0.6311,304,0
SPY190712P298,2019-07-11,2019-07-11 09:32:24,0.39,0.6393,78,0.38,0.6229,123,0.38,0.6229,1,0.385,0.6311,304,0
SPY190712P298,2019-07-11,2019-07-11 09:32:24,0.39,0.6393,11,0.38,0.6229,626,0.38,0.6229,1,0.385,0.6311,304,0
SPY190712P298,2019-07-11,2019-07-11 09:32:25,0.39,0.6393,35,0.38,0.6229,143,0.38,0.6229,1,0.385,0.6311,304,0
SPY190712P298,2019-07-11,2019-07-11 09:32:26,0.39,0.6393,31,0.38,0.6229,640,0.38,0.6229,1,0.385,0.6311,305,1
SPY190712P298,2019-07-11,2019-07-11 09:32:26,0.39,0.6393,31,0.38,0.6229,614,0.38,0.6229,1,0.385,0.6311,305,0
SPY190712P298,2019-07-11,2019-07-11 09:32:27,0.39,0.6393,52,0.38,0.6229,144,0.38,0.6229,2,0.385,0.6311,307,2
SPY190712P298,2019-07-11,2019-07-11 09:32:28,0.39,0.6393,66,0.38,0.6229,84,0.38,0.6229,2,0.385,0.6311,307,0
SPY190712P298,2019-07-11,2019-07-11 09:32:28,0.39,0.6393,121,0.38,0.6229,84,0.38,0.6229,2,0.385,0.6311,307,0
SPY190712P298,2019-07-11,2019-07-11 09:32:29,0.38,0.6229,101,0.37,0.6065,70,0.39,0.6393,10,0.375,0.6147,337,10
SPY190712P298,2019-07-11,2019-07-11 09:32:29,0.39,0.6393,121,0.38,0.6229,78,0.39,0.6393,6,0.385,0.6311,327,20
SPY190712P298,2019-07-11,2019-07-11 09:32:30,0.38,0.6229,500,0.37,0.6065,33,0.37,0.6065,29,0.375,0.6147,375,38
SPY190712P298,2019-07-11,2019-07-11 09:32:30,0.38,0.6229,355,0.37,0.6065,78,0.39,0.6393,10,0.375,0.6147,337,0
SPY190712P298,2019-07-11,2019-07-11 09:32:31,0.37,0.6065,177,0.36,0.5901,100,0.37,0.6065,2,0.365,0.5983,377,2
SPY190712P298,2019-07-11,2019-07-11 09:32:32,0.37,0.6065,147,0.36,0.5901,100,0.37,0.6065,2,0.365,0.5983,377,0
SPY190712P298,2019-07-11,2019-07-11 09:32:32,0.37,0.6065,311,0.36,0.5901,100,0.37,0.6065,2,0.365,0.5983,377,0
SPY190712P298,2019-07-11,2019-07-11 09:32:33,0.37,0.6065,857,0.36,0.5901,100,0.37,0.6065,2,0.365,0.5983,377,0
SPY190712P298,2019-07-11,2019-07-11 09:32:33,0.37,0.6065,863,0.36,0.5901,100,0.37,0.6065,2,0.365,0.5983,377,0
SPY190712P298,2019-07-11,2019-07-11 09:32:34,0.37,0.6065,304,0.36,0.5901,100,0.37,0.6065,2,0.365,0.5983,377,0
SPY190712P298,2019-07-11,2019-07-11 09:32:35,0.37,0.6065,1,0.36,0.5901,536,0.37,0.6065,5,0.365,0.5983,382,5
SPY190712P298,2019-07-11,2019-07-11 09:32:35,0.38,0.6229,50,0.37,0.6065,41,0.37,0.6065,5,0.375,0.6147,382,0
SPY190712P298,2019-07-11,2019-07-11 09:32:36,0.38,0.6229,41,0.36,0.5901,683,0.37,0.6065,5,0.37,0.6065,382,0
SPY190712P298,2019-07-11,2019-07-11 09:32:36,0.38,0.6229,105,0.37,0.6065,141,0.37,0.6065,5,0.375,0.6147,382,0
SPY190712P298,2019-07-11,2019-07-11 09:32:37,0.38,0.6229,628,0.36,0.5901,942,0.37,0.6065,5,0.37,0.6065,382,0
SPY190712P298,2019-07-11,2019-07-11 09:32:38,0.38,0.6229,995,0.36,0.5901,982,0.37,0.6065,5,0.37,0.6065,382,0
SPY190712P298,2019-07-11,2019-07-11 09:32:38,0.38,0.6229,899,0.36,0.5901,982,0.37,0.6065,5,0.37,0.6065,382,0
SPY190712P298,2019-07-11,2019-07-11 09:32:39,0.38,0.6229,304,0.37,0.6065,106,0.37,0.6065,5,0.375,0.6147,382,0
SPY190712P298,2019-07-11,2019-07-11 09:32:40,0.38,0.6229,175,0.37,0.6065,107,0.37,0.6065,5,0.375,0.6147,382,0
SPY190712P298,2019-07-11,2019-07-11 09:32:41,0.38,0.6229,350,0.37,0.6065,57,0.37,0.6065,5,0.375,0.6147,382,0
SPY190712P298,2019-07-11,2019-07-11 09:32:41,0.38,0.6229,175,0.37,0.6065,88,0.37,0.6065,5,0.375,0.6147,382,0
SPY190712P298,2019-07-11,2019-07-11 09:32:42,0.38,0.6229,585,0.37,0.6065,57,0.37,0.6065,5,0.375,0.6147,382,0
SPY190712P298,2019-07-11,2019-07-11 09:32:43,0.38,0.6229,147,0.37,0.6065,84,0.37,0.6065,5,0.375,0.6147,382,0
SPY190712P298,2019-07-11,2019-07-11 09:32:43,0.38,0.6229,287,0.37,0.6065,5,0.37,0.6065,5,0.375,0.6147,382,0
SPY190712P298,2019-07-11,2019-07-11 09:32:44,0.38,0.6229,279,0.37,0.6065,5,0.37,0.6065,5,0.375,0.6147,382,0
SPY190712P298,2019-07-11,2019-07-11 09:32:44,0.38,0.6229,431,0.37,0.6065,18,0.38,0.6229,6,0.375,0.6147,392,10
SPY190712P298,2019-07-11,2019-07-11 09:32:45,0.38,0.6229,431,0.37,0.6065,263,0.38,0.6229,6,0.375,0.6147,392,0
SPY190712P298,2019-07-11,2019-07-11 09:32:46,0.38,0.6229,141,0.37,0.6065,296,0.37,0.6065,4,0.375,0.6147,396,0
SPY190712P298,2019-07-11,2019-07-11 09:32:46,0.38,0.6229,141,0.37,0.6065,263,0.37,0.6065,4,0.375,0.6147,396,4
SPY190712P298,2019-07-11,2019-07-11 09:32:47,0.38,0.6229,65,0.37,0.6065,856,0.37,0.6065,4,0.375,0.6147,396,0
SPY190712P298,2019-07-11,2019-07-11 09:32:48,0.38,0.6229,100,0.37,0.6065,831,0.37,0.6065,4,0.375,0.6147,396,0
SPY190712P298,2019-07-11,2019-07-11 09:32:48,0.38,0.6229,62,0.37,0.6065,939,0.37,0.6065,4,0.375,0.6147,396,0
SPY190712P298,2019-07-11,2019-07-11 09:32:49,0.38,0.6229,85,0.37,0.6065,731,0.37,0.6065,4,0.375,0.6147,396,0
SPY190712P298,2019-07-11,2019-07-11 09:32:49,0.38,0.6229,69,0.37,0.6065,1272,0.37,0.6065,4,0.375,0.6147,396,0
SPY190712P298,2019-07-11,2019-07-11 09:32:50,0.38,0.6229,103,0.37,0.6065,731,0.37,0.6065,4,0.375,0.6147,396,0
SPY190712P298,2019-07-11,2019-07-11 09:32:51,0.38,0.6229,71,0.37,0.6065,911,0.37,0.6065,4,0.375,0.6147,396,0
SPY190712P298,2019-07-11,2019-07-11 09:32:51,0.38,0.6229,98,0.37,0.6065,911,0.37,0.6065,4,0.375,0.6147,396,0
SPY190712P298,2019-07-11,2019-07-11 09:32:52,0.38,0.6229,186,0.37,0.6065,863,0.37,0.6065,4,0.375,0.6147,396,0
SPY190712P298,2019-07-11,2019-07-11 09:32:52,0.38,0.6229,80,0.37,0.6065,911,0.37,0.6065,4,0.375,0.6147,396,0
SPY190712P298,2019-07-11,2019-07-11 09:32:53,0.38,0.6229,88,0.37,0.6065,911,0.37,0.6065,1,0.375,0.6147,397,1
SPY190712P298,2019-07-11,2019-07-11 09:32:54,0.38,0.6229,265,0.37,0.6065,5,0.38,0.6229,40,0.375,0.6147,437,40
SPY190712P298,2019-07-11,2019-07-11 09:32:54,0.38,0.6229,255,0.37,0.6065,185,0.37,0.6065,1,0.375,0.6147,397,0
SPY190712P298,2019-07-11,2019-07-11 09:32:55,0.38,0.6229,308,0.37,0.6065,5,0.38,0.6229,5,0.375,0.6147,442,5
SPY190712P298,2019-07-11,2019-07-11 09:32:56,0.38,0.6229,320,0.37,0.6065,5,0.38,0.6229,5,0.375,0.6147,442,0
SPY190712P298,2019-07-11,2019-07-11 09:32:57,0.38,0.6229,616,0.37,0.6065,5,0.38,0.6229,5,0.375,0.6147,442,0
SPY190712P298,2019-07-11,2019-07-11 09:32:57,0.38,0.6229,877,0.36,0.5901,1162,0.38,0.6229,5,0.37,0.6065,442,0
SPY190712P298,2019-07-11,2019-07-11 09:32:58,0.38,0.6229,877,0.37,0.6065,5,0.38,0.6229,5,0.375,0.6147,442,0
SPY190712P298,2019-07-11,2019-07-11 09:32:59,0.38,0.6229,658,0.37,0.6065,5,0.38,0.6229,5,0.375,0.6147,442,0
SPY190712P298,2019-07-11,2019-07-11 09:32:59,0.38,0.6229,85,0.37,0.6065,157,0.38,0.6229,5,0.375,0.6147,442,0
SPY190712P298,2019-07-11,2019-07-11 09:33:00,0.38,0.6229,66,0.37,0.6065,88,0.38,0.6229,5,0.375,0.6147,442,0
SPY190712P298,2019-07-11,2019-07-11 09:33:00,0.38,0.6229,96,0.37,0.6065,6,0.38,0.6229,5,0.375,0.6147,442,0
SPY190712P298,2019-07-11,2019-07-11 09:33:01,0.38,0.6229,295,0.37,0.6065,185,0.38,0.6229,5,0.375,0.6147,442,0
SPY190712P298,2019-07-11,2019-07-11 09:33:01,0.38,0.6229,578,0.36,0.5901,1216,0.38,0.6229,5,0.37,0.6065,442,0
SPY190712P298,2019-07-11,2019-07-11 09:33:02,0.38,0.6229,578,0.36,0.5901,185,0.38,0.6229,5,0.37,0.6065,442,0
SPY190712P298,2019-07-11,2019-07-11 09:33:03,0.37,0.6065,185,0.36,0.5901,255,0.38,0.6229,5,0.365,0.5983,442,0
SPY190712P298,2019-07-11,2019-07-11 09:33:03,0.38,0.6229,441,0.36,0.5901,307,0.38,0.6229,5,0.37,0.6065,442,0
SPY190712P298,2019-07-11,2019-07-11 09:33:04,0.37,0.6065,605,0.36,0.5901,659,0.38,0.6229,5,0.365,0.5983,442,0
SPY190712P298,2019-07-11,2019-07-11 09:33:05,0.36,0.5901,5,0.35,0.5737,192,0.38,0.6229,5,0.355,0.5819,442,0
SPY190712P298,2019-07-11,2019-07-11 09:33:05,0.36,0.5901,5,0.36,0.5901,35,0.38,0.6229,5,0.36,0.5901,442,0
SPY190712P298,2019-07-11,2019-07-11 09:33:06,0.38,0.6229,364,0.37,0.6065,69,0.38,0.6229,5,0.375,0.6147,442,0
SPY190712P298,2019-07-11,2019-07-11 09:33:06,0.38,0.6229,517,0.37,0.6065,150,0.38,0.6229,5,0.375,0.6147,442,0
SPY190712P298,2019-07-11,2019-07-11 09:33:07,0.38,0.6229,431,0.37,0.6065,150,0.38,0.6229,5,0.375,0.6147,442,0
SPY190712P298,2019-07-11,2019-07-11 09:33:07,0.38,0.6229,431,0.36,0.5901,432,0.38,0.6229,5,0.37,0.6065,442,0
SPY190712P298,2019-07-11,2019-07-11 09:33:08,0.38,0.6229,670,0.36,0.5901,432,0.38,0.6229,5,0.37,0.6065,442,0
SPY190712P298,2019-07-11,2019-07-11 09:33:09,0.38,0.6229,670,0.36,0.5901,432,0.38,0.6229,5,0.37,0.6065,442,0
SPY190712P298,2019-07-11,2019-07-11 09:33:10,0.38,0.6229,445,0.37,0.6065,262,0.38,0.6229,5,0.375,0.6147,442,0
SPY190712P298,2019-07-11,2019-07-11 09:33:10,0.38,0.6229,432,0.36,0.5901,432,0.38,0.6229,5,0.37,0.6065,442,0
SPY190712P298,2019-07-11,2019-07-11 09:33:11,0.38,0.6229,752,0.37,0.6065,262,0.38,0.6229,5,0.375,0.6147,442,0
SPY190712P298,2019-07-11,2019-07-11 09:33:12,0.38,0.6229,1430,0.37,0.6065,6,0.38,0.6229,5,0.375,0.6147,442,0
SPY190712P298,2019-07-11,2019-07-11 09:33:12,0.38,0.6229,752,0.37,0.6065,56,0.38,0.6229,5,0.375,0.6147,442,0
SPY190712P298,2019-07-11,2019-07-11 09:33:13,0.38,0.6229,732,0.37,0.6065,6,0.38,0.6229,5,0.375,0.6147,442,0
SPY190712P298,2019-07-11,2019-07-11 09:33:13,0.38,0.6229,732,0.37,0.6065,6,0.37,0.6065,20,0.375,0.6147,462,20
SPY190712P298,2019-07-11,2019-07-11 09:33:14,0.38,0.6229,87,0.37,0.6065,292,0.37,0.6065,20,0.375,0.6147,462,0
SPY190712P298,2019-07-11,2019-07-11 09:33:15,0.38,0.6229,87,0.37,0.6065,629,0.37,0.6065,20,0.375,0.6147,462,0
SPY190712P298,2019-07-11,2019-07-11 09:33:15,0.38,0.6229,42,0.37,0.6065,515,0.37,0.6065,20,0.375,0.6147,462,0
SPY190712P298,2019-07-11,2019-07-11 09:33:16,0.39,0.6393,1785,0.38,0.6229,5,0.37,0.6065,20,0.385,0.6311,462,0
SPY190712P298,2019-07-11,2019-07-11 09:33:17,0.39,0.6393,1192,0.38,0.6229,5,0.37,0.6065,20,0.385,0.6311,462,0
SPY190712P298,2019-07-11,2019-07-11 09:33:17,0.39,0.6393,1521,0.38,0.6229,5,0.37,0.6065,20,0.385,0.6311,462,0
SPY190712P298,2019-07-11,2019-07-11 09:33:18,0.39,0.6393,1522,0.38,0.6229,6,0.37,0.6065,20,0.385,0.6311,462,0
SPY190712P298,2019-07-11,2019-07-11 09:33:18,0.39,0.6393,1166,0.38,0.6229,5,0.37,0.6065,20,0.385,0.6311,462,0
SPY190712P298,2019-07-11,2019-07-11 09:33:19,0.39,0.6393,901,0.38,0.6229,103,0.37,0.6065,20,0.385,0.6311,462,0
SPY190712P298,2019-07-11,2019-07-11 09:33:19,0.39,0.6393,206,0.38,0.6229,323,0.37,0.6065,20,0.385,0.6311,462,0
SPY190712P298,2019-07-11,2019-07-11 09:33:20,0.39,0.6393,986,0.38,0.6229,323,0.37,0.6065,20,0.385,0.6311,462,0
SPY190712P298,2019-07-11,2019-07-11 09:33:21,0.39,0.6393,986,0.38,0.6229,5,0.37,0.6065,20,0.385,0.6311,462,0
SPY190712P298,2019-07-11,2019-07-11 09:33:21,0.39,0.6393,36,0.37,0.6065,344,0.37,0.6065,20,0.38,0.6229,462,0
SPY190712P298,2019-07-11,2019-07-11 09:33:22,0.39,0.6393,439,0.38,0.6229,6,0.37,0.6065,20,0.385,0.6311,462,0
SPY190712P298,2019-07-11,2019-07-11 09:33:23,0.39,0.6393,1039,0.38,0.6229,6,0.37,0.6065,20,0.385,0.6311,462,0
SPY190712P298,2019-07-11,2019-07-11 09:33:24,0.39,0.6393,937,0.38,0.6229,10,0.38,0.6229,1,0.385,0.6311,463,0
SPY190712P298,2019-07-11,2019-07-11 09:33:24,0.39,0.6393,1039,0.38,0.6229,6,0.38,0.6229,1,0.385,0.6311,463,1
SPY190712P298,2019-07-11,2019-07-11 09:33:25,0.39,0.6393,5,0.38,0.6229,284,0.38,0.6229,1,0.385,0.6311,463,0
SPY190712P298,2019-07-11,2019-07-11 09:33:25,0.39,0.6393,560,0.38,0.6229,284,0.38,0.6229,1,0.385,0.6311,463,0
SPY190712P298,2019-07-11,2019-07-11 09:33:26,0.39,0.6393,5,0.38,0.6229,385,0.38,0.6229,1,0.385,0.6311,463,0
SPY190712P298,2019-07-11,2019-07-11 09:33:27,0.39,0.6393,5,0.38,0.6229,385,0.38,0.6229,1,0.385,0.6311,463,0
SPY190712P298,2019-07-11,2019-07-11 09:33:27,0.39,0.6393,5,0.38,0.6229,870,0.38,0.6229,1,0.385,0.6311,463,0
SPY190712P298,2019-07-11,2019-07-11 09:33:28,0.39,0.6393,5,0.38,0.6229,972,0.38,0.6229,1,0.385,0.6311,463,0
SPY190712P298,2019-07-11,2019-07-11 09:33:29,0.4,0.6557,55,0.39,0.6393,184,0.39,0.6393,5,0.395,0.6475,468,5
SPY190712P298,2019-07-11,2019-07-11 09:33:29,0.39,0.6393,5,0.38,0.6229,972,0.38,0.6229,1,0.385,0.6311,463,0
SPY190712P298,2019-07-11,2019-07-11 09:33:30,0.4,0.6557,1242,0.39,0.6393,184,0.39,0.6393,5,0.395,0.6475,468,0
SPY190712P298,2019-07-11,2019-07-11 09:33:31,0.4,0.6557,690,0.39,0.6393,75,0.39,0.6393,5,0.395,0.6475,468,0
SPY190712P298,2019-07-11,2019-07-11 09:33:31,0.4,0.6557,1207,0.39,0.6393,184,0.39,0.6393,5,0.395,0.6475,468,0
SPY190712P298,2019-07-11,2019-07-11 09:33:32,0.4,0.6557,937,0.39,0.6393,38,0.39,0.6393,5,0.395,0.6475,468,0
SPY190712P298,2019-07-11,2019-07-11 09:33:32,0.4,0.6557,573,0.39,0.6393,184,0.39,0.6393,5,0.395,0.6475,468,0
SPY190712P298,2019-07-11,2019-07-11 09:33:33,0.4,0.6557,429,0.39,0.6393,254,0.39,0.6393,5,0.395,0.6475,468,0
SPY190712P298,2019-07-11,2019-07-11 09:33:34,0.4,0.6557,504,0.39,0.6393,41,0.39,0.6393,5,0.395,0.6475,468,0
SPY190712P298,2019-07-11,2019-07-11 09:33:34,0.4,0.6557,135,0.39,0.6393,254,0.39,0.6393,5,0.395,0.6475,468,0
SPY190712P298,2019-07-11,2019-07-11 09:33:35,0.4,0.6557,561,0.39,0.6393,309,0.39,0.6393,5,0.395,0.6475,468,0
SPY190712P298,2019-07-11,2019-07-11 09:33:36,0.4,0.6557,1428,0.39,0.6393,209,0.4,0.6557,8,0.395,0.6475,476,8
SPY190712P298,2019-07-11,2019-07-11 09:33:36,0.4,0.6557,1428,0.39,0.6393,116,0.4,0.6557,8,0.395,0.6475,476,0
SPY190712P298,2019-07-11,2019-07-11 09:33:37,0.4,0.6557,1289,0.39,0.6393,108,0.4,0.6557,8,0.395,0.6475,476,0
SPY190712P298,2019-07-11,2019-07-11 09:33:37,0.4,0.6557,1752,0.39,0.6393,96,0.4,0.6557,8,0.395,0.6475,476,0
SPY190712P298,2019-07-11,2019-07-11 09:33:38,0.4,0.6557,1752,0.39,0.6393,76,0.4,0.6557,8,0.395,0.6475,476,0
SPY190712P298,2019-07-11,2019-07-11 09:33:38,0.4,0.6557,1752,0.39,0.6393,98,0.4,0.6557,8,0.395,0.6475,476,0
SPY190712P298,2019-07-11,2019-07-11 09:33:39,0.4,0.6557,1750,0.39,0.6393,98,0.4,0.6557,8,0.395,0.6475,476,0
SPY190712P298,2019-07-11,2019-07-11 09:33:40,0.4,0.6557,1749,0.39,0.6393,104,0.4,0.6557,8,0.395,0.6475,476,0
SPY190712P298,2019-07-11,2019-07-11 09:33:40,0.4,0.6557,1749,0.39,0.6393,71,0.4,0.6557,8,0.395,0.6475,476,0
SPY190712P298,2019-07-11,2019-07-11 09:33:41,0.4,0.6557,1749,0.39,0.6393,71,0.4,0.6557,8,0.395,0.6475,476,0
SPY190712P298,2019-07-11,2019-07-11 09:33:41,0.4,0.6557,1940,0.39,0.6393,2,0.4,0.6557,8,0.395,0.6475,476,0
SPY190712P298,2019-07-11,2019-07-11 09:33:42,0.4,0.6557,2024,0.39,0.6393,2,0.4,0.6557,8,0.395,0.6475,476,0
SPY190712P298,2019-07-11,2019-07-11 09:33:43,0.4,0.6557,1634,0.39,0.6393,2,0.4,0.6557,8,0.395,0.6475,476,0
SPY190712P298,2019-07-11,2019-07-11 09:33:43,0.4,0.6557,2494,0.39,0.6393,2,0.4,0.6557,8,0.395,0.6475,478,2
SPY190712P298,2019-07-11,2019-07-11 09:33:44,0.39,0.6393,741,0.38,0.6229,201,0.39,0.6393,1,0.385,0.6311,478,0
SPY190712P298,2019-07-11,2019-07-11 09:33:45,0.39,0.6393,678,0.38,0.6229,218,0.39,0.6393,1,0.385,0.6311,478,0
SPY190712P298,2019-07-11,2019-07-11 09:33:45,0.39,0.6393,521,0.38,0.6229,323,0.39,0.6393,1,0.385,0.6311,478,0
SPY190712P298,2019-07-11,2019-07-11 09:33:46,0.39,0.6393,429,0.38,0.6229,778,0.39,0.6393,1,0.385,0.6311,478,0
SPY190712P298,2019-07-11,2019-07-11 09:33:46,0.39,0.6393,521,0.38,0.6229,822,0.39,0.6393,1,0.385,0.6311,478,0
SPY190712P298,2019-07-11,2019-07-11 09:33:47,0.39,0.6393,1,0.38,0.6229,127,0.39,0.6393,1,0.385,0.6311,478,0
SPY190712P298,2019-07-11,2019-07-11 09:33:48,0.4,0.6557,677,0.39,0.6393,284,0.39,0.6393,1,0.395,0.6475,479,1
SPY190712P298,2019-07-11,2019-07-11 09:33:48,0.39,0.6393,1,0.38,0.6229,386,0.39,0.6393,1,0.385,0.6311,478,0
SPY190712P298,2019-07-11,2019-07-11 09:33:49,0.4,0.6557,701,0.39,0.6393,254,0.39,0.6393,1,0.395,0.6475,479,0
SPY190712P298,2019-07-11,2019-07-11 09:33:49,0.4,0.6557,752,0.39,0.6393,644,0.39,0.6393,1,0.395,0.6475,479,0
SPY190712P298,2019-07-11,2019-07-11 09:33:50,0.4,0.6557,748,0.39,0.6393,518,0.39,0.6393,1,0.395,0.6475,479,0
SPY190712P298,2019-07-11,2019-07-11 09:33:51,0.4,0.6557,479,0.39,0.6393,875,0.39,0.6393,1,0.395,0.6475,479,0
SPY190712P298,2019-07-11,2019-07-11 09:33:51,0.4,0.6557,479,0.39,0.6393,845,0.39,0.6393,1,0.395,0.6475,479,0
SPY190712P298,2019-07-11,2019-07-11 09:33:52,0.4,0.6557,479,0.39,0.6393,845,0.39,0.6393,1,0.395,0.6475,479,0
SPY190712P298,2019-07-11,2019-07-11 09:33:53,0.4,0.6557,479,0.39,0.6393,1111,0.39,0.6393,1,0.395,0.6475,479,0
SPY190712P298,2019-07-11,2019-07-11 09:33:54,0.4,0.6557,479,0.39,0.6393,1111,0.39,0.6393,1,0.395,0.6475,479,0
SPY190712P298,2019-07-11,2019-07-11 09:33:55,0.41,0.6721,469,0.4,0.6557,408,0.4,0.6557,50,0.405,0.6639,534,55
SPY190712P298,2019-07-11,2019-07-11 09:33:56,0.41,0.6721,595,0.4,0.6557,199,0.4,0.6557,50,0.405,0.6639,534,0
SPY190712P298,2019-07-11,2019-07-11 09:33:56,0.41,0.6721,495,0.4,0.6557,199,0.4,0.6557,50,0.405,0.6639,534,0
SPY190712P298,2019-07-11,2019-07-11 09:33:57,0.41,0.6721,595,0.4,0.6557,199,0.4,0.6557,50,0.405,0.6639,534,0
SPY190712P298,2019-07-11,2019-07-11 09:33:58,0.41,0.6721,73,0.4,0.6557,41,0.4,0.6557,50,0.405,0.6639,534,0
SPY190712P298,2019-07-11,2019-07-11 09:33:58,0.41,0.6721,595,0.4,0.6557,199,0.4,0.6557,50,0.405,0.6639,534,0
SPY190712P298,2019-07-11,2019-07-11 09:33:59,0.41,0.6721,540,0.4,0.6557,201,0.4,0.6557,50,0.405,0.6639,534,0
SPY190712P298,2019-07-11,2019-07-11 09:34:00,0.41,0.6721,451,0.4,0.6557,301,0.4,0.6557,50,0.405,0.6639,534,0
SPY190712P298,2019-07-11,2019-07-11 09:34:00,0.41,0.6721,659,0.4,0.6557,193,0.4,0.6557,50,0.405,0.6639,534,0
SPY190712P298,2019-07-11,2019-07-11 09:34:01,0.4,0.6557,10,0.39,0.6393,172,0.4,0.6557,50,0.395,0.6475,534,0
SPY190712P298,2019-07-11,2019-07-11 09:34:01,0.41,0.6721,478,0.4,0.6557,67,0.4,0.6557,50,0.405,0.6639,534,0
SPY190712P298,2019-07-11,2019-07-11 09:34:02,0.41,0.6721,1360,0.39,0.6393,299,0.4,0.6557,50,0.4,0.6557,534,0
SPY190712P298,2019-07-11,2019-07-11 09:34:03,0.4,0.6557,332,0.39,0.6393,774,0.4,0.6557,50,0.395,0.6475,534,0
SPY190712P298,2019-07-11,2019-07-11 09:34:03,0.4,0.6557,610,0.39,0.6393,177,0.4,0.6557,50,0.395,0.6475,534,0
SPY190712P298,2019-07-11,2019-07-11 09:34:04,0.4,0.6557,1224,0.39,0.6393,109,0.4,0.6557,50,0.395,0.6475,534,0
SPY190712P298,2019-07-11,2019-07-11 09:34:05,0.4,0.6557,958,0.39,0.6393,304,0.4,0.6557,50,0.395,0.6475,534,0
SPY190712P298,2019-07-11,2019-07-11 09:34:05,0.4,0.6557,929,0.39,0.6393,181,0.4,0.6557,50,0.395,0.6475,534,0
SPY190712P298,2019-07-11,2019-07-11 09:34:06,0.4,0.6557,780,0.39,0.6393,192,0.4,0.6557,50,0.395,0.6475,534,0
SPY190712P298,2019-07-11,2019-07-11 09:34:06,0.4,0.6557,1040,0.39,0.6393,192,0.4,0.6557,50,0.395,0.6475,534,0
SPY190712P298,2019-07-11,2019-07-11 09:34:07,0.4,0.6557,1058,0.39,0.6393,294,0.4,0.6557,50,0.395,0.6475,534,0
SPY190712P298,2019-07-11,2019-07-11 09:34:08,0.4,0.6557,1058,0.39,0.6393,324,0.4,0.6557,1,0.395,0.6475,535,1
SPY190712P298,2019-07-11,2019-07-11 09:34:08,0.4,0.6557,1189,0.39,0.6393,68,0.4,0.6557,1,0.395,0.6475,535,0
SPY190712P298,2019-07-11,2019-07-11 09:34:09,0.39,0.6393,245,0.39,0.6393,50,0.4,0.6557,1,0.39,0.6393,535,0
SPY190712P298,2019-07-11,2019-07-11 09:34:09,0.39,0.6393,862,0.38,0.6229,177,0.4,0.6557,1,0.385,0.6311,535,0
SPY190712P298,2019-07-11,2019-07-11 09:34:10,0.39,0.6393,430,0.38,0.6229,306,0.4,0.6557,1,0.385,0.6311,535,0
SPY190712P298,2019-07-11,2019-07-11 09:34:11,0.39,0.6393,497,0.38,0.6229,306,0.4,0.6557,1,0.385,0.6311,535,0
SPY190712P298,2019-07-11,2019-07-11 09:34:11,0.39,0.6393,1080,0.38,0.6229,209,0.4,0.6557,1,0.385,0.6311,535,0
SPY190712P298,2019-07-11,2019-07-11 09:34:12,0.39,0.6393,1206,0.38,0.6229,209,0.4,0.6557,1,0.385,0.6311,535,0
SPY190712P298,2019-07-11,2019-07-11 09:34:13,0.39,0.6393,1206,0.38,0.6229,209,0.4,0.6557,1,0.385,0.6311,535,0
SPY190712P298,2019-07-11,2019-07-11 09:34:14,0.39,0.6393,1706,0.38,0.6229,195,0.4,0.6557,1,0.385,0.6311,535,0
SPY190712P298,2019-07-11,2019-07-11 09:34:15,0.39,0.6393,1360,0.38,0.6229,195,0.4,0.6557,1,0.385,0.6311,535,0
SPY190712P298,2019-07-11,2019-07-11 09:34:15,0.39,0.6393,1013,0.38,0.6229,265,0.4,0.6557,1,0.385,0.6311,535,0
SPY190712P298,2019-07-11,2019-07-11 09:34:16,0.39,0.6393,1360,0.38,0.6229,195,0.4,0.6557,1,0.385,0.6311,535,0
SPY190712P298,2019-07-11,2019-07-11 09:34:17,0.38,0.6229,1138,0.37,0.6065,422,0.4,0.6557,1,0.375,0.6147,535,0
SPY190712P298,2019-07-11,2019-07-11 09:34:17,0.38,0.6229,244,0.37,0.6065,308,0.4,0.6557,1,0.375,0.6147,535,0
SPY190712P298,2019-07-11,2019-07-11 09:34:18,0.38,0.6229,1190,0.37,0.6065,422,0.4,0.6557,1,0.375,0.6147,535,0
SPY190712P298,2019-07-11,2019-07-11 09:34:19,0.38,0.6229,509,0.37,0.6065,744,0.4,0.6557,1,0.375,0.6147,535,0
SPY190712P298,2019-07-11,2019-07-11 09:34:20,0.38,0.6229,433,0.37,0.6065,782,0.4,0.6557,1,0.375,0.6147,535,0
SPY190712P298,2019-07-11,2019-07-11 09:34:20,0.38,0.6229,610,0.37,0.6065,476,0.4,0.6557,1,0.375,0.6147,535,0
SPY190712P298,2019-07-11,2019-07-11 09:34:21,0.38,0.6229,610,0.37,0.6065,242,0.4,0.6557,1,0.375,0.6147,535,0
SPY190712P298,2019-07-11,2019-07-11 09:34:21,0.38,0.6229,1418,0.37,0.6065,5,0.4,0.6557,1,0.375,0.6147,535,0
SPY190712P298,2019-07-11,2019-07-11 09:34:22,0.38,0.6229,1458,0.37,0.6065,5,0.4,0.6557,1,0.375,0.6147,535,0
SPY190712P298,2019-07-11,2019-07-11 09:34:23,0.38,0.6229,782,0.37,0.6065,5,0.4,0.6557,1,0.375,0.6147,535,0
SPY190712P298,2019-07-11,2019-07-11 09:34:23,0.38,0.6229,1495,0.37,0.6065,184,0.4,0.6557,1,0.375,0.6147,535,0
SPY190712P298,2019-07-11,2019-07-11 09:34:24,0.38,0.6229,1946,0.37,0.6065,50,0.36,0.5901,8,0.375,0.6147,535,0
SPY190712P298,2019-07-11,2019-07-11 09:34:24,0.37,0.6065,513,0.36,0.5901,1069,0.36,0.5901,8,0.365,0.5983,543,8
SPY190712P298,2019-07-11,2019-07-11 09:34:25,0.37,0.6065,625,0.36,0.5901,284,0.36,0.5901,8,0.365,0.5983,543,0
SPY190712P298,2019-07-11,2019-07-11 09:34:26,0.37,0.6065,1140,0.36,0.5901,254,0.36,0.5901,8,0.365,0.5983,543,0
SPY190712P298,2019-07-11,2019-07-11 09:34:27,0.36,0.5901,144,0.35,0.5737,309,0.36,0.5901,8,0.355,0.5819,543,0
SPY190712P298,2019-07-11,2019-07-11 09:34:27,0.36,0.5901,495,0.35,0.5737,309,0.36,0.5901,8,0.355,0.5819,543,0
SPY190712P298,2019-07-11,2019-07-11 09:34:28,0.35,0.5737,119,0.34,0.5573,312,0.36,0.5901,8,0.345,0.5655,543,0
SPY190712P298,2019-07-11,2019-07-11 09:34:29,0.35,0.5737,119,0.34,0.5573,468,0.36,0.5901,8,0.345,0.5655,543,0
SPY190712P298,2019-07-11,2019-07-11 09:34:29,0.36,0.5901,1303,0.35,0.5737,65,0.36,0.5901,8,0.355,0.5819,543,0
SPY190712P298,2019-07-11,2019-07-11 09:34:30,0.36,0.5901,1348,0.35,0.5737,72,0.36,0.5901,8,0.355,0.5819,543,0
SPY190712P298,2019-07-11,2019-07-11 09:34:30,0.36,0.5901,1348,0.35,0.5737,62,0.36,0.5901,8,0.355,0.5819,543,0
SPY190712P298,2019-07-11,2019-07-11 09:34:31,0.35,0.5737,5,0.34,0.5573,988,0.36,0.5901,8,0.345,0.5655,543,0
SPY190712P298,2019-07-11,2019-07-11 09:34:32,0.36,0.5901,638,0.35,0.5737,325,0.36,0.5901,8,0.355,0.5819,543,0
SPY190712P298,2019-07-11,2019-07-11 09:34:33,0.37,0.6065,940,0.36,0.5901,5,0.36,0.5901,8,0.365,0.5983,543,0
SPY190712P298,2019-07-11,2019-07-11 09:34:34,0.37,0.6065,846,0.36,0.5901,106,0.36,0.5901,8,0.365,0.5983,543,0
SPY190712P298,2019-07-11,2019-07-11 09:34:35,0.36,0.5901,446,0.35,0.5737,797,0.36,0.5901,8,0.355,0.5819,543,0
SPY190712P298,2019-07-11,2019-07-11 09:34:36,0.37,0.6065,1112,0.36,0.5901,6,0.36,0.5901,8,0.365,0.5983,543,0
SPY190712P298,2019-07-11,2019-07-11 09:34:37,0.36,0.5901,245,0.36,0.5901,5,0.36,0.5901,8,0.36,0.5901,543,0
SPY190712P298,2019-07-11,2019-07-11 09:34:37,0.37,0.6065,2335,0.36,0.5901,5,0.36,0.5901,8,0.365,0.5983,543,0
SPY190712P298,2019-07-11,2019-07-11 09:34:38,0.36,0.5901,1387,0.35,0.5737,176,0.35,0.5737,9,0.355,0.5819,552,0
SPY190712P298,2019-07-11,2019-07-11 09:34:38,0.36,0.5901,157,0.35,0.5737,831,0.35,0.5737,9,0.355,0.5819,552,9
SPY190712P298,2019-07-11,2019-07-11 09:34:39,0.36,0.5901,1352,0.35,0.5737,176,0.36,0.5901,4,0.355,0.5819,556,0
SPY190712P298,2019-07-11,2019-07-11 09:34:39,0.36,0.5901,1012,0.35,0.5737,176,0.36,0.5901,4,0.355,0.5819,556,4
SPY190712P298,2019-07-11,2019-07-11 09:34:40,0.36,0.5901,2192,0.35,0.5737,57,0.36,0.5901,4,0.355,0.5819,556,0
SPY190712P298,2019-07-11,2019-07-11 09:34:41,0.36,0.5901,50,0.35,0.5737,911,0.36,0.5901,4,0.355,0.5819,556,0
SPY190712P298,2019-07-11,2019-07-11 09:34:41,0.36,0.5901,50,0.35,0.5737,331,0.36,0.5901,4,0.355,0.5819,556,0
SPY190712P298,2019-07-11,2019-07-11 09:34:42,0.36,0.5901,90,0.35,0.5737,118,0.36,0.5901,4,0.355,0.5819,556,0
SPY190712P298,2019-07-11,2019-07-11 09:34:42,0.36,0.5901,916,0.35,0.5737,45,0.36,0.5901,4,0.355,0.5819,556,0
SPY190712P298,2019-07-11,2019-07-11 09:34:43,0.36,0.5901,1317,0.35,0.5737,47,0.36,0.5901,4,0.355,0.5819,556,0
SPY190712P298,2019-07-11,2019-07-11 09:34:44,0.36,0.5901,910,0.35,0.5737,59,0.35,0.5737,10,0.355,0.5819,566,10
SPY190712P298,2019-07-11,2019-07-11 09:34:45,0.36,0.5901,1112,0.35,0.5737,74,0.35,0.5737,10,0.355,0.5819,566,0
SPY190712P298,2019-07-11,2019-07-11 09:34:45,0.36,0.5901,1112,0.35,0.5737,72,0.35,0.5737,10,0.355,0.5819,566,0
SPY190712P298,2019-07-11,2019-07-11 09:34:46,0.36,0.5901,246,0.35,0.5737,291,0.35,0.5737,10,0.355,0.5819,566,0
SPY190712P298,2019-07-11,2019-07-11 09:34:46,0.36,0.5901,1340,0.35,0.5737,72,0.35,0.5737,10,0.355,0.5819,566,0
SPY190712P298,2019-07-11,2019-07-11 09:34:47,0.36,0.5901,612,0.35,0.5737,394,0.35,0.5737,10,0.355,0.5819,566,0
SPY190712P298,2019-07-11,2019-07-11 09:34:48,0.36,0.5901,804,0.35,0.5737,608,0.35,0.5737,10,0.355,0.5819,566,0
SPY190712P298,2019-07-11,2019-07-11 09:34:49,0.36,0.5901,970,0.35,0.5737,272,0.35,0.5737,10,0.355,0.5819,566,0
SPY190712P298,2019-07-11,2019-07-11 09:34:49,0.36,0.5901,1137,0.35,0.5737,226,0.35,0.5737,10,0.355,0.5819,566,0
SPY190712P298,2019-07-11,2019-07-11 09:34:50,0.36,0.5901,914,0.35,0.5737,267,0.36,0.5901,5,0.355,0.5819,571,5
SPY190712P298,2019-07-11,2019-07-11 09:34:51,0.36,0.5901,914,0.35,0.5737,202,0.36,0.5901,5,0.355,0.5819,571,0
SPY190712P298,2019-07-11,2019-07-11 09:34:51,0.36,0.5901,825,0.35,0.5737,220,0.36,0.5901,5,0.355,0.5819,571,0
SPY190712P298,2019-07-11,2019-07-11 09:34:52,0.36,0.5901,26,0.35,0.5737,296,0.36,0.5901,5,0.355,0.5819,571,0
SPY190712P298,2019-07-11,2019-07-11 09:34:52,0.36,0.5901,1006,0.35,0.5737,202,0.36,0.5901,5,0.355,0.5819,571,0
SPY190712P298,2019-07-11,2019-07-11 09:34:53,0.37,0.6065,1572,0.36,0.5901,6,0.36,0.5901,5,0.365,0.5983,571,0
SPY190712P298,2019-07-11,2019-07-11 09:34:54,0.36,0.5901,1,0.36,0.5901,6,0.36,0.5901,7,0.36,0.5901,578,7
SPY190712P298,2019-07-11,2019-07-11 09:34:55,0.36,0.5901,285,0.35,0.5737,1110,0.36,0.5901,7,0.355,0.5819,578,0
SPY190712P298,2019-07-11,2019-07-11 09:34:55,0.36,0.5901,349,0.35,0.5737,997,0.36,0.5901,7,0.355,0.5819,578,0
SPY190712P298,2019-07-11,2019-07-11 09:34:56,0.36,0.5901,1481,0.35,0.5737,1110,0.36,0.5901,7,0.355,0.5819,578,0
SPY190712P298,2019-07-11,2019-07-11 09:34:56,0.36,0.5901,3029,0.35,0.5737,35,0.36,0.5901,7,0.355,0.5819,578,0
SPY190712P298,2019-07-11,2019-07-11 09:34:57,0.36,0.5901,3640,0.35,0.5737,53,0.36,0.5901,7,0.355,0.5819,578,0
SPY190712P298,2019-07-11,2019-07-11 09:34:58,0.36,0.5901,3730,0.35,0.5737,53,0.36,0.5901,7,0.355,0.5819,578,0
SPY190712P298,2019-07-11,2019-07-11 09:34:58,0.36,0.5901,1979,0.35,0.5737,105,0.36,0.5901,7,0.355,0.5819,578,0
SPY190712P298,2019-07-11,2019-07-11 09:34:59,0.36,0.5901,2216,0.35,0.5737,35,0.36,0.5901,7,0.355,0.5819,578,0
SPY190712P298,2019-07-11,2019-07-11 09:34:59,0.36,0.5901,1102,0.35,0.5737,35,0.36,0.5901,7,0.355,0.5819,578,0
SPY190712P298,2019-07-11,2019-07-11 09:35:00,0.36,0.5901,2367,0.35,0.5737,35,0.36,0.5901,100,0.355,0.5819,678,100
SPY190712P298,2019-07-11,2019-07-11 09:35:01,0.36,0.5901,2725,0.35,0.5737,105,0.35,0.5737,2,0.355,0.5819,680,2
SPY190712P298,2019-07-11,2019-07-11 09:35:01,0.36,0.5901,2725,0.35,0.5737,103,0.36,0.5901,1,0.355,0.5819,700,20
SPY190712P298,2019-07-11,2019-07-11 09:35:02,0.36,0.5901,2114,0.35,0.5737,123,0.36,0.5901,1,0.355,0.5819,700,0
SPY190712P298,2019-07-11,2019-07-11 09:35:02,0.36,0.5901,2114,0.35,0.5737,120,0.36,0.5901,1,0.355,0.5819,700,0
SPY190712P298,2019-07-11,2019-07-11 09:35:03,0.37,0.6065,1125,0.36,0.5901,5,0.36,0.5901,1,0.365,0.5983,700,0
SPY190712P298,2019-07-11,2019-07-11 09:35:03,0.37,0.6065,631,0.36,0.5901,188,0.36,0.5901,1,0.365,0.5983,700,0
SPY190712P298,2019-07-11,2019-07-11 09:35:04,0.37,0.6065,882,0.36,0.5901,6,0.36,0.5901,1,0.365,0.5983,700,0
SPY190712P298,2019-07-11,2019-07-11 09:35:05,0.36,0.5901,276,0.35,0.5737,202,0.36,0.5901,1,0.355,0.5819,700,0
SPY190712P298,2019-07-11,2019-07-11 09:35:06,0.36,0.5901,1341,0.35,0.5737,191,0.36,0.5901,1,0.355,0.5819,700,0
SPY190712P298,2019-07-11,2019-07-11 09:35:06,0.36,0.5901,614,0.35,0.5737,193,0.36,0.5901,1,0.355,0.5819,700,0
SPY190712P298,2019-07-11,2019-07-11 09:35:07,0.36,0.5901,1132,0.35,0.5737,455,0.36,0.5901,1,0.355,0.5819,700,0
SPY190712P298,2019-07-11,2019-07-11 09:35:08,0.36,0.5901,1462,0.35,0.5737,455,0.36,0.5901,1,0.355,0.5819,700,0
SPY190712P298,2019-07-11,2019-07-11 09:35:08,0.36,0.5901,1872,0.35,0.5737,41,0.36,0.5901,4,0.355,0.5819,704,4
SPY190712P298,2019-07-11,2019-07-11 09:35:09,0.36,0.5901,1872,0.35,0.5737,41,0.36,0.5901,4,0.355,0.5819,704,0
SPY190712P298,2019-07-11,2019-07-11 09:35:10,0.36,0.5901,1070,0.35,0.5737,196,0.36,0.5901,4,0.355,0.5819,704,0
SPY190712P298,2019-07-11,2019-07-11 09:35:11,0.36,0.5901,1373,0.35,0.5737,312,0.36,0.5901,4,0.355,0.5819,704,0
SPY190712P298,2019-07-11,2019-07-11 09:35:12,0.36,0.5901,988,0.35,0.5737,41,0.36,0.5901,15,0.355,0.5819,719,0
SPY190712P298,2019-07-11,2019-07-11 09:35:12,0.36,0.5901,1306,0.35,0.5737,41,0.36,0.5901,15,0.355,0.5819,719,15
SPY190712P298,2019-07-11,2019-07-11 09:35:13,0.36,0.5901,1275,0.35,0.5737,35,0.36,0.5901,15,0.355,0.5819,719,0
SPY190712P298,2019-07-11,2019-07-11 09:35:14,0.36,0.5901,2123,0.35,0.5737,35,0.36,0.5901,15,0.355,0.5819,719,0
SPY190712P298,2019-07-11,2019-07-11 09:35:14,0.36,0.5901,2833,0.35,0.5737,35,0.36,0.5901,15,0.355,0.5819,719,0
SPY190712P298,2019-07-11,2019-07-11 09:35:15,0.36,0.5901,2833,0.35,0.5737,35,0.35,0.5737,1,0.355,0.5819,754,35
SPY190712P298,2019-07-11,2019-07-11 09:35:16,0.35,0.5737,782,0.34,0.5573,206,0.35,0.5737,3,0.345,0.5655,757,3
SPY190712P298,2019-07-11,2019-07-11 09:35:16,0.35,0.5737,482,0.34,0.5573,206,0.35,0.5737,3,0.345,0.5655,757,0
SPY190712P298,2019-07-11,2019-07-11 09:35:17,0.35,0.5737,714,0.34,0.5573,451,0.35,0.5737,3,0.345,0.5655,757,0
SPY190712P298,2019-07-11,2019-07-11 09:35:17,0.35,0.5737,714,0.34,0.5573,608,0.35,0.5737,3,0.345,0.5655,757,0
SPY190712P298,2019-07-11,2019-07-11 09:35:18,0.35,0.5737,1305,0.34,0.5573,285,0.35,0.5737,1,0.345,0.5655,758,0
SPY190712P298,2019-07-11,2019-07-11 09:35:18,0.35,0.5737,544,0.34,0.5573,316,0.35,0.5737,1,0.345,0.5655,758,1
SPY190712P298,2019-07-11,2019-07-11 09:35:19,0.35,0.5737,1305,0.34,0.5573,350,0.35,0.5737,1,0.345,0.5655,758,0
SPY190712P298,2019-07-11,2019-07-11 09:35:19,0.35,0.5737,741,0.34,0.5573,734,0.35,0.5737,1,0.345,0.5655,758,0
SPY190712P298,2019-07-11,2019-07-11 09:35:20,0.35,0.5737,717,0.34,0.5573,799,0.35,0.5737,1,0.345,0.5655,758,0
SPY190712P298,2019-07-11,2019-07-11 09:35:21,0.35,0.5737,706,0.34,0.5573,1078,0.34,0.5573,1,0.345,0.5655,759,0
SPY190712P298,2019-07-11,2019-07-11 09:35:21,0.35,0.5737,214,0.34,0.5573,799,0.34,0.5573,1,0.345,0.5655,759,1
SPY190712P298,2019-07-11,2019-07-11 09:35:22,0.35,0.5737,377,0.34,0.5573,1028,0.34,0.5573,1,0.345,0.5655,759,0
SPY190712P298,2019-07-11,2019-07-11 09:35:23,0.35,0.5737,243,0.34,0.5573,1063,0.34,0.5573,1,0.345,0.5655,759,0
SPY190712P298,2019-07-11,2019-07-11 09:35:24,0.35,0.5737,121,0.34,0.5573,1098,0.34,0.5573,1,0.345,0.5655,759,0
SPY190712P298,2019-07-11,2019-07-11 09:35:24,0.35,0.5737,101,0.34,0.5573,1098,0.34,0.5573,1,0.345,0.5655,759,0
SPY190712P298,2019-07-11,2019-07-11 09:35:25,0.35,0.5737,65,0.34,0.5573,824,0.34,0.5573,1,0.345,0.5655,759,0
SPY190712P298,2019-07-11,2019-07-11 09:35:25,0.35,0.5737,89,0.34,0.5573,1047,0.34,0.5573,1,0.345,0.5655,759,0
SPY190712P298,2019-07-11,2019-07-11 09:35:26,0.35,0.5737,10,0.34,0.5573,1184,0.34,0.5573,1,0.345,0.5655,759,0
SPY190712P298,2019-07-11,2019-07-11 09:35:27,0.36,0.5901,2066,0.34,0.5573,1184,0.34,0.5573,1,0.35,0.5737,759,0
SPY190712P298,2019-07-11,2019-07-11 09:35:27,0.36,0.5901,1939,0.35,0.5737,198,0.35,0.5737,2,0.355,0.5819,761,2
SPY190712P298,2019-07-11,2019-07-11 09:35:28,0.36,0.5901,693,0.35,0.5737,1,0.35,0.5737,2,0.355,0.5819,761,0
SPY190712P298,2019-07-11,2019-07-11 09:35:28,0.35,0.5737,161,0.34,0.5573,844,0.35,0.5737,2,0.345,0.5655,763,2
SPY190712P298,2019-07-11,2019-07-11 09:35:29,0.35,0.5737,466,0.34,0.5573,844,0.35,0.5737,2,0.345,0.5655,763,0
SPY190712P298,2019-07-11,2019-07-11 09:35:30,0.35,0.5737,1092,0.34,0.5573,165,0.35,0.5737,2,0.345,0.5655,763,0
SPY190712P298,2019-07-11,2019-07-11 09:35:30,0.35,0.5737,1128,0.34,0.5573,105,0.35,0.5737,2,0.345,0.5655,763,0
SPY190712P298,2019-07-11,2019-07-11 09:35:31,0.35,0.5737,1044,0.34,0.5573,125,0.35,0.5737,2,0.345,0.5655,763,0
SPY190712P298,2019-07-11,2019-07-11 09:35:32,0.35,0.5737,518,0.34,0.5573,225,0.35,0.5737,1,0.345,0.5655,764,1
SPY190712P298,2019-07-11,2019-07-11 09:35:33,0.35,0.5737,1277,0.34,0.5573,202,0.35,0.5737,1,0.345,0.5655,764,0
SPY190712P298,2019-07-11,2019-07-11 09:35:33,0.35,0.5737,954,0.34,0.5573,296,0.35,0.5737,1,0.345,0.5655,764,0
SPY190712P298,2019-07-11,2019-07-11 09:35:34,0.35,0.5737,552,0.34,0.5573,422,0.35,0.5737,1,0.345,0.5655,764,0
SPY190712P298,2019-07-11,2019-07-11 09:35:35,0.36,0.5901,1536,0.34,0.5573,824,0.35,0.5737,1,0.35,0.5737,764,0
SPY190712P298,2019-07-11,2019-07-11 09:35:35,0.36,0.5901,1901,0.35,0.5737,40,0.35,0.5737,1,0.355,0.5819,764,0
SPY190712P298,2019-07-11,2019-07-11 09:35:36,0.35,0.5737,470,0.34,0.5573,1130,0.35,0.5737,1,0.345,0.5655,764,0
SPY190712P298,2019-07-11,2019-07-11 09:35:36,0.35,0.5737,470,0.34,0.5573,419,0.35,0.5737,1,0.345,0.5655,764,0
SPY190712P298,2019-07-11,2019-07-11 09:35:37,0.36,0.5901,1478,0.34,0.5573,1271,0.35,0.5737,1,0.35,0.5737,764,0
SPY190712P298,2019-07-11,2019-07-11 09:35:38,0.36,0.5901,1492,0.35,0.5737,98,0.35,0.5737,1,0.355,0.5819,764,0
SPY190712P298,2019-07-11,2019-07-11 09:35:39,0.36,0.5901,1492,0.35,0.5737,50,0.35,0.5737,1,0.355,0.5819,764,0
SPY190712P298,2019-07-11,2019-07-11 09:35:39,0.36,0.5901,1516,0.35,0.5737,90,0.35,0.5737,1,0.355,0.5819,764,0
SPY190712P298,2019-07-11,2019-07-11 09:35:40,0.36,0.5901,1516,0.35,0.5737,96,0.35,0.5737,1,0.355,0.5819,764,0
SPY190712P298,2019-07-11,2019-07-11 09:35:41,0.36,0.5901,1516,0.35,0.5737,96,0.35,0.5737,1,0.355,0.5819,764,0
SPY190712P298,2019-07-11,2019-07-11 09:35:42,0.37,0.6065,2068,0.35,0.5737,982,0.35,0.5737,1,0.36,0.5901,764,0
SPY190712P298,2019-07-11,2019-07-11 09:35:43,0.37,0.6065,2005,0.36,0.5901,5,0.35,0.5737,1,0.365,0.5983,764,0
SPY190712P298,2019-07-11,2019-07-11 09:35:43,0.37,0.6065,2316,0.35,0.5737,1106,0.35,0.5737,1,0.36,0.5901,764,0
SPY190712P298,2019-07-11,2019-07-11 09:35:44,0.37,0.6065,247,0.36,0.5901,109,0.35,0.5737,1,0.365,0.5983,764,0
SPY190712P298,2019-07-11,2019-07-11 09:35:44,0.37,0.6065,1680,0.36,0.5901,144,0.35,0.5737,1,0.365,0.5983,764,0
SPY190712P298,2019-07-11,2019-07-11 09:35:45,0.37,0.6065,247,0.36,0.5901,831,0.37,0.6065,1,0.365,0.5983,765,1
SPY190712P298,2019-07-11,2019-07-11 09:35:46,0.37,0.6065,337,0.36,0.5901,424,0.37,0.6065,1,0.365,0.5983,765,0
SPY190712P298,2019-07-11,2019-07-11 09:35:46,0.38,0.6229,1143,0.37,0.6065,5,0.36,0.5901,15,0.375,0.6147,780,15
SPY190712P298,2019-07-11,2019-07-11 09:35:47,0.38,0.6229,881,0.37,0.6065,60,0.36,0.5901,15,0.375,0.6147,780,0
SPY190712P298,2019-07-11,2019-07-11 09:35:48,0.38,0.6229,889,0.37,0.6065,60,0.36,0.5901,15,0.375,0.6147,780,0
SPY190712P298,2019-07-11,2019-07-11 09:35:48,0.38,0.6229,815,0.37,0.6065,10,0.36,0.5901,15,0.375,0.6147,780,0
SPY190712P298,2019-07-11,2019-07-11 09:35:49,0.38,0.6229,2129,0.37,0.6065,10,0.36,0.5901,15,0.375,0.6147,780,0
SPY190712P298,2019-07-11,2019-07-11 09:35:49,0.38,0.6229,2419,0.37,0.6065,10,0.36,0.5901,15,0.375,0.6147,780,0
SPY190712P298,2019-07-11,2019-07-11 09:35:50,0.38,0.6229,2419,0.37,0.6065,10,0.36,0.5901,15,0.375,0.6147,780,0
SPY190712P298,2019-07-11,2019-07-11 09:35:51,0.38,0.6229,2393,0.37,0.6065,10,0.36,0.5901,15,0.375,0.6147,780,0
SPY190712P298,2019-07-11,2019-07-11 09:35:52,0.37,0.6065,2120,0.36,0.5901,88,0.37,0.6065,6,0.365,0.5983,790,10
SPY190712P298,2019-07-11,2019-07-11 09:35:53,0.36,0.5901,1893,0.35,0.5737,75,0.36,0.5901,4,0.355,0.5819,795,5
SPY190712P298,2019-07-11,2019-07-11 09:35:53,0.37,0.6065,2840,0.36,0.5901,88,0.37,0.6065,6,0.365,0.5983,790,0
SPY190712P298,2019-07-11,2019-07-11 09:35:54,0.36,0.5901,2016,0.35,0.5737,25,0.36,0.5901,4,0.355,0.5819,795,0
SPY190712P298,2019-07-11,2019-07-11 09:35:54,0.36,0.5901,1568,0.35,0.5737,25,0.36,0.5901,1,0.355,0.5819,796,1
SPY190712P298,2019-07-11,2019-07-11 09:35:55,0.36,0.5901,1568,0.35,0.5737,25,0.36,0.5901,1,0.355,0.5819,796,0
SPY190712P298,2019-07-11,2019-07-11 09:35:56,0.36,0.5901,1568,0.35,0.5737,25,0.36,0.5901,1,0.355,0.5819,796,0
SPY190712P298,2019-07-11,2019-07-11 09:35:56,0.36,0.5901,2308,0.35,0.5737,25,0.36,0.5901,1,0.355,0.5819,796,0
SPY190712P298,2019-07-11,2019-07-11 09:35:57,0.36,0.5901,2308,0.35,0.5737,25,0.36,0.5901,1,0.355,0.5819,796,0
SPY190712P298,2019-07-11,2019-07-11 09:35:57,0.36,0.5901,2233,0.35,0.5737,25,0.36,0.5901,1,0.355,0.5819,796,0
SPY190712P298,2019-07-11,2019-07-11 09:35:58,0.36,0.5901,2233,0.35,0.5737,38,0.36,0.5901,1,0.355,0.5819,796,0
SPY190712P298,2019-07-11,2019-07-11 09:35:58,0.36,0.5901,1436,0.35,0.5737,75,0.36,0.5901,1,0.355,0.5819,796,0
SPY190712P298,2019-07-11,2019-07-11 09:35:59,0.36,0.5901,1436,0.35,0.5737,95,0.36,0.5901,3,0.355,0.5819,806,10
SPY190712P298,2019-07-11,2019-07-11 09:36:00,0.36,0.5901,1013,0.35,0.5737,171,0.36,0.5901,3,0.355,0.5819,806,0
SPY190712P298,2019-07-11,2019-07-11 09:36:00,0.36,0.5901,1334,0.35,0.5737,110,0.36,0.5901,3,0.355,0.5819,806,0
SPY190712P298,2019-07-11,2019-07-11 09:36:01,0.36,0.5901,1326,0.35,0.5737,110,0.36,0.5901,3,0.355,0.5819,806,0
SPY190712P298,2019-07-11,2019-07-11 09:36:01,0.36,0.5901,1366,0.35,0.5737,156,0.36,0.5901,3,0.355,0.5819,806,0
SPY190712P298,2019-07-11,2019-07-11 09:36:02,0.36,0.5901,1326,0.35,0.5737,110,0.36,0.5901,3,0.355,0.5819,806,0
SPY190712P298,2019-07-11,2019-07-11 09:36:02,0.36,0.5901,1515,0.35,0.5737,90,0.36,0.5901,3,0.355,0.5819,806,0
SPY190712P298,2019-07-11,2019-07-11 09:36:03,0.36,0.5901,1436,0.35,0.5737,145,0.36,0.5901,3,0.355,0.5819,806,0
SPY190712P298,2019-07-11,2019-07-11 09:36:04,0.36,0.5901,1334,0.35,0.5737,279,0.35,0.5737,25,0.355,0.5819,831,25
SPY190712P298,2019-07-11,2019-07-11 09:36:04,0.36,0.5901,1334,0.35,0.5737,120,0.36,0.5901,3,0.355,0.5819,806,0
SPY190712P298,2019-07-11,2019-07-11 09:36:05,0.36,0.5901,1441,0.35,0.5737,127,0.35,0.5737,25,0.355,0.5819,831,0
SPY190712P298,2019-07-11,2019-07-11 09:36:05,0.36,0.5901,1809,0.35,0.5737,65,0.35,0.5737,25,0.355,0.5819,831,0
SPY190712P298,2019-07-11,2019-07-11 09:36:06,0.36,0.5901,378,0.35,0.5737,281,0.35,0.5737,25,0.355,0.5819,831,0
SPY190712P298,2019-07-11,2019-07-11 09:36:07,0.36,0.5901,524,0.35,0.5737,89,0.35,0.5737,25,0.355,0.5819,831,0
SPY190712P298,2019-07-11,2019-07-11 09:36:07,0.36,0.5901,544,0.35,0.5737,709,0.35,0.5737,25,0.355,0.5819,831,0
SPY190712P298,2019-07-11,2019-07-11 09:36:08,0.36,0.5901,643,0.35,0.5737,882,0.35,0.5737,25,0.355,0.5819,831,0
SPY190712P298,2019-07-11,2019-07-11 09:36:08,0.36,0.5901,643,0.35,0.5737,331,0.35,0.5737,25,0.355,0.5819,831,0
SPY190712P298,2019-07-11,2019-07-11 09:36:09,0.36,0.5901,1233,0.35,0.5737,312,0.35,0.5737,25,0.355,0.5819,831,0
SPY190712P298,2019-07-11,2019-07-11 09:36:10,0.36,0.5901,1348,0.35,0.5737,262,0.35,0.5737,25,0.355,0.5819,831,0
SPY190712P298,2019-07-11,2019-07-11 09:36:10,0.36,0.5901,932,0.34,0.5573,108,0.35,0.5737,25,0.35,0.5737,831,0
SPY190712P298,2019-07-11,2019-07-11 09:36:11,0.35,0.5737,1494,0.34,0.5573,70,0.35,0.5737,25,0.345,0.5655,831,0
SPY190712P298,2019-07-11,2019-07-11 09:36:11,0.35,0.5737,192,0.34,0.5573,283,0.35,0.5737,25,0.345,0.5655,831,0
SPY190712P298,2019-07-11,2019-07-11 09:36:12,0.35,0.5737,2006,0.34,0.5573,1,0.35,0.5737,25,0.345,0.5655,831,0
SPY190712P298,2019-07-11,2019-07-11 09:36:13,0.35,0.5737,2547,0.34,0.5573,1,0.35,0.5737,25,0.345,0.5655,831,0
SPY190712P298,2019-07-11,2019-07-11 09:36:13,0.35,0.5737,2534,0.34,0.5573,1,0.35,0.5737,25,0.345,0.5655,831,0
SPY190712P298,2019-07-11,2019-07-11 09:36:14,0.35,0.5737,2570,0.34,0.5573,1,0.35,0.5737,1,0.345,0.5655,832,1
SPY190712P298,2019-07-11,2019-07-11 09:36:14,0.35,0.5737,2150,0.34,0.5573,1,0.35,0.5737,25,0.345,0.5655,831,0
SPY190712P298,2019-07-11,2019-07-11 09:36:15,0.34,0.5573,91,0.34,0.5573,1,0.34,0.5573,1,0.34,0.5573,833,1
SPY190712P298,2019-07-11,2019-07-11 09:36:16,0.34,0.5573,367,0.33,0.5409,221,0.34,0.5573,1,0.335,0.5491,833,0
SPY190712P298,2019-07-11,2019-07-11 09:36:16,0.34,0.5573,384,0.33,0.5409,400,0.34,0.5573,1,0.335,0.5491,833,0
SPY190712P298,2019-07-11,2019-07-11 09:36:17,0.34,0.5573,488,0.33,0.5409,822,0.34,0.5573,1,0.335,0.5491,833,0
SPY190712P298,2019-07-11,2019-07-11 09:36:17,0.34,0.5573,822,0.33,0.5409,538,0.34,0.5573,1,0.335,0.5491,833,0
SPY190712P298,2019-07-11,2019-07-11 09:36:18,0.34,0.5573,88,0.33,0.5409,1346,0.34,0.5573,1,0.335,0.5491,833,0
SPY190712P298,2019-07-11,2019-07-11 09:36:18,0.34,0.5573,87,0.33,0.5409,441,0.34,0.5573,1,0.335,0.5491,833,0
SPY190712P298,2019-07-11,2019-07-11 09:36:19,0.35,0.5737,2362,0.33,0.5409,1451,0.34,0.5573,1,0.34,0.5573,833,0
SPY190712P298,2019-07-11,2019-07-11 09:36:19,0.34,0.5573,114,0.33,0.5409,1451,0.34,0.5573,1,0.335,0.5491,833,0
SPY190712P298,2019-07-11,2019-07-11 09:36:20,0.35,0.5737,2362,0.33,0.5409,1206,0.34,0.5573,1,0.34,0.5573,833,0
SPY190712P298,2019-07-11,2019-07-11 09:36:21,0.34,0.5573,123,0.33,0.5409,1505,0.34,0.5573,1,0.335,0.5491,833,0
SPY190712P298,2019-07-11,2019-07-11 09:36:21,0.34,0.5573,129,0.33,0.5409,1505,0.34,0.5573,1,0.335,0.5491,833,0
SPY190712P298,2019-07-11,2019-07-11 09:36:22,0.34,0.5573,129,0.33,0.5409,1307,0.34,0.5573,1,0.335,0.5491,833,0
SPY190712P298,2019-07-11,2019-07-11 09:36:22,0.34,0.5573,132,0.33,0.5409,1108,0.34,0.5573,1,0.335,0.5491,833,0
SPY190712P298,2019-07-11,2019-07-11 09:36:23,0.34,0.5573,173,0.33,0.5409,1108,0.34,0.5573,1,0.335,0.5491,833,0
SPY190712P298,2019-07-11,2019-07-11 09:36:24,0.34,0.5573,654,0.33,0.5409,823,0.34,0.5573,1,0.335,0.5491,833,0
SPY190712P298,2019-07-11,2019-07-11 09:36:24,0.34,0.5573,610,0.33,0.5409,350,0.34,0.5573,1,0.335,0.5491,833,0
SPY190712P298,2019-07-11,2019-07-11 09:36:25,0.34,0.5573,694,0.33,0.5409,838,0.34,0.5573,1,0.335,0.5491,833,0
SPY190712P298,2019-07-11,2019-07-11 09:36:25,0.34,0.5573,792,0.33,0.5409,1162,0.33,0.5409,5,0.335,0.5491,838,5
SPY190712P298,2019-07-11,2019-07-11 09:36:26,0.34,0.5573,565,0.33,0.5409,1160,0.34,0.5573,1,0.335,0.5491,839,1
SPY190712P298,2019-07-11,2019-07-11 09:36:27,0.34,0.5573,581,0.33,0.5409,894,0.34,0.5573,1,0.335,0.5491,839,0
SPY190712P298,2019-07-11,2019-07-11 09:36:27,0.34,0.5573,581,0.33,0.5409,1190,0.34,0.5573,1,0.335,0.5491,839,0
SPY190712P298,2019-07-11,2019-07-11 09:36:28,0.34,0.5573,172,0.33,0.5409,962,0.34,0.5573,1,0.335,0.5491,839,0
SPY190712P298,2019-07-11,2019-07-11 09:36:29,0.34,0.5573,170,0.33,0.5409,1071,0.34,0.5573,1,0.335,0.5491,840,1
SPY190712P298,2019-07-11,2019-07-11 09:36:29,0.34,0.5573,226,0.33,0.5409,1162,0.34,0.5573,1,0.335,0.5491,840,0
SPY190712P298,2019-07-11,2019-07-11 09:36:30,0.34,0.5573,121,0.33,0.5409,1162,0.34,0.5573,1,0.335,0.5491,840,0
SPY190712P298,2019-07-11,2019-07-11 09:36:31,0.34,0.5573,541,0.33,0.5409,13,0.34,0.5573,1,0.335,0.5491,840,0
SPY190712P298,2019-07-11,2019-07-11 09:36:32,0.34,0.5573,676,0.33,0.5409,295,0.34,0.5573,1,0.335,0.5491,840,0
SPY190712P298,2019-07-11,2019-07-11 09:36:32,0.34,0.5573,803,0.33,0.5409,295,0.34,0.5573,1,0.335,0.5491,840,0
SPY190712P298,2019-07-11,2019-07-11 09:36:33,0.34,0.5573,1835,0.33,0.5409,200,0.34,0.5573,1,0.335,0.5491,840,0
SPY190712P298,2019-07-11,2019-07-11 09:36:33,0.34,0.5573,1010,0.33,0.5409,316,0.34,0.5573,1,0.335,0.5491,840,0
SPY190712P298,2019-07-11,2019-07-11 09:36:34,0.34,0.5573,2016,0.33,0.5409,292,0.33,0.5409,7,0.335,0.5491,847,0
SPY190712P298,2019-07-11,2019-07-11 09:36:34,0.34,0.5573,1316,0.33,0.5409,292,0.33,0.5409,7,0.335,0.5491,847,7
SPY190712P298,2019-07-11,2019-07-11 09:36:35,0.34,0.5573,1732,0.33,0.5409,292,0.33,0.5409,7,0.335,0.5491,847,0
SPY190712P298,2019-07-11,2019-07-11 09:36:36,0.34,0.5573,2361,0.33,0.5409,292,0.33,0.5409,7,0.335,0.5491,847,0
SPY190712P298,2019-07-11,2019-07-11 09:36:37,0.34,0.5573,1062,0.33,0.5409,292,0.33,0.5409,7,0.335,0.5491,847,0
SPY190712P298,2019-07-11,2019-07-11 09:36:37,0.34,0.5573,2361,0.33,0.5409,292,0.33,0.5409,7,0.335,0.5491,847,0
SPY190712P298,2019-07-11,2019-07-11 09:36:38,0.34,0.5573,2068,0.33,0.5409,292,0.33,0.5409,7,0.335,0.5491,847,0
SPY190712P298,2019-07-11,2019-07-11 09:36:39,0.34,0.5573,2090,0.33,0.5409,212,0.33,0.5409,7,0.335,0.5491,847,0
SPY190712P298,2019-07-11,2019-07-11 09:36:39,0.34,0.5573,2050,0.33,0.5409,133,0.33,0.5409,7,0.335,0.5491,847,0
SPY190712P298,2019-07-11,2019-07-11 09:36:40,0.34,0.5573,2085,0.33,0.5409,213,0.33,0.5409,7,0.335,0.5491,847,0
SPY190712P298,2019-07-11,2019-07-11 09:36:41,0.34,0.5573,2171,0.33,0.5409,173,0.33,0.5409,7,0.335,0.5491,847,0
SPY190712P298,2019-07-11,2019-07-11 09:36:42,0.34,0.5573,1738,0.33,0.5409,189,0.33,0.5409,7,0.335,0.5491,847,0
SPY190712P298,2019-07-11,2019-07-11 09:36:42,0.34,0.5573,2367,0.33,0.5409,189,0.33,0.5409,7,0.335,0.5491,847,0
SPY190712P298,2019-07-11,2019-07-11 09:36:43,0.34,0.5573,2274,0.33,0.5409,109,0.33,0.5409,7,0.335,0.5491,847,0
SPY190712P298,2019-07-11,2019-07-11 09:36:43,0.34,0.5573,1738,0.33,0.5409,189,0.33,0.5409,7,0.335,0.5491,847,0
SPY190712P298,2019-07-11,2019-07-11 09:36:44,0.34,0.5573,1738,0.33,0.5409,189,0.33,0.5409,7,0.335,0.5491,847,0
SPY190712P298,2019-07-11,2019-07-11 09:36:44,0.34,0.5573,1628,0.33,0.5409,189,0.33,0.5409,7,0.335,0.5491,847,0
SPY190712P298,2019-07-11,2019-07-11 09:36:45,0.34,0.5573,1298,0.33,0.5409,5,0.33,0.5409,7,0.335,0.5491,847,0
SPY190712P298,2019-07-11,2019-07-11 09:36:45,0.34,0.5573,1628,0.33,0.5409,92,0.33,0.5409,7,0.335,0.5491,847,0
SPY190712P298,2019-07-11,2019-07-11 09:36:46,0.33,0.5409,89,0.33,0.5409,5,0.33,0.5409,7,0.33,0.5409,847,0
SPY190712P298,2019-07-11,2019-07-11 09:36:47,0.33,0.5409,247,0.32,0.5245,1128,0.33,0.5409,7,0.325,0.5327,847,0
SPY190712P298,2019-07-11,2019-07-11 09:36:47,0.34,0.5573,1297,0.32,0.5245,1308,0.33,0.5409,7,0.33,0.5409,847,0
SPY190712P298,2019-07-11,2019-07-11 09:36:48,0.34,0.5573,1434,0.33,0.5409,92,0.33,0.5409,7,0.335,0.5491,847,0
SPY190712P298,2019-07-11,2019-07-11 09:36:48,0.34,0.5573,1808,0.33,0.5409,63,0.33,0.5409,7,0.335,0.5491,847,0
SPY190712P298,2019-07-11,2019-07-11 09:36:49,0.34,0.5573,112,0.33,0.5409,691,0.33,0.5409,7,0.335,0.5491,847,0
SPY190712P298,2019-07-11,2019-07-11 09:36:50,0.34,0.5573,876,0.33,0.5409,234,0.33,0.5409,7,0.335,0.5491,867,20
SPY190712P298,2019-07-11,2019-07-11 09:36:50,0.34,0.5573,407,0.33,0.5409,234,0.33,0.5409,7,0.335,0.5491,847,0
SPY190712P298,2019-07-11,2019-07-11 09:36:51,0.34,0.5573,613,0.33,0.5409,336,0.33,0.5409,7,0.335,0.5491,867,0
SPY190712P298,2019-07-11,2019-07-11 09:36:51,0.34,0.5573,543,0.33,0.5409,417,0.33,0.5409,7,0.335,0.5491,867,0
SPY190712P298,2019-07-11,2019-07-11 09:36:52,0.34,0.5573,138,0.33,0.5409,671,0.33,0.5409,7,0.335,0.5491,867,0
SPY190712P298,2019-07-11,2019-07-11 09:36:53,0.34,0.5573,138,0.33,0.5409,1180,0.33,0.5409,7,0.335,0.5491,867,0
SPY190712P298,2019-07-11,2019-07-11 09:36:53,0.34,0.5573,133,0.33,0.5409,793,0.34,0.5573,120,0.335,0.5491,987,120
SPY190712P298,2019-07-11,2019-07-11 09:36:54,0.34,0.5573,295,0.33,0.5409,769,0.34,0.5573,120,0.335,0.5491,987,0
SPY190712P298,2019-07-11,2019-07-11 09:36:55,0.34,0.5573,16,0.33,0.5409,823,0.34,0.5573,120,0.335,0.5491,987,0
SPY190712P298,2019-07-11,2019-07-11 09:36:55,0.35,0.5737,1437,0.34,0.5573,189,0.34,0.5573,120,0.345,0.5655,987,0
SPY190712P298,2019-07-11,2019-07-11 09:36:56,0.35,0.5737,1437,0.34,0.5573,189,0.34,0.5573,120,0.345,0.5655,987,0
SPY190712P298,2019-07-11,2019-07-11 09:36:57,0.35,0.5737,1447,0.34,0.5573,153,0.34,0.5573,12,0.345,0.5655,1004,17
SPY190712P298,2019-07-11,2019-07-11 09:36:57,0.35,0.5737,1498,0.34,0.5573,50,0.34,0.5573,12,0.345,0.5655,1004,0
SPY190712P298,2019-07-11,2019-07-11 09:36:58,0.35,0.5737,1895,0.34,0.5573,96,0.34,0.5573,12,0.345,0.5655,1004,0
SPY190712P298,2019-07-11,2019-07-11 09:36:59,0.34,0.5573,5,0.34,0.5573,73,0.34,0.5573,12,0.34,0.5573,1004,0
SPY190712P298,2019-07-11,2019-07-11 09:36:59,0.35,0.5737,1655,0.34,0.5573,96,0.34,0.5573,12,0.345,0.5655,1004,0
SPY190712P298,2019-07-11,2019-07-11 09:37:01,0.34,0.5573,5,0.33,0.5409,2136,0.34,0.5573,12,0.335,0.5491,1004,0
SPY190712P298,2019-07-11,2019-07-11 09:37:02,0.34,0.5573,5,0.33,0.5409,1586,0.34,0.5573,12,0.335,0.5491,1004,0
SPY190712P298,2019-07-11,2019-07-11 09:37:02,0.35,0.5737,1655,0.33,0.5409,2136,0.34,0.5573,12,0.34,0.5573,1004,0
SPY190712P298,2019-07-11,2019-07-11 09:37:03,0.35,0.5737,1655,0.33,0.5409,2136,0.34,0.5573,12,0.34,0.5573,1004,0
SPY190712P298,2019-07-11,2019-07-11 09:37:04,0.35,0.5737,1655,0.33,0.5409,1493,0.34,0.5573,12,0.34,0.5573,1004,0
SPY190712P298,2019-07-11,2019-07-11 09:37:05,0.35,0.5737,1655,0.34,0.5573,60,0.34,0.5573,12,0.345,0.5655,1004,0
SPY190712P298,2019-07-11,2019-07-11 09:37:05,0.35,0.5737,1655,0.33,0.5409,1575,0.34,0.5573,12,0.34,0.5573,1004,0
SPY190712P298,2019-07-11,2019-07-11 09:37:06,0.35,0.5737,1223,0.34,0.5573,396,0.34,0.5573,12,0.345,0.5655,1004,0
SPY190712P298,2019-07-11,2019-07-11 09:37:07,0.35,0.5737,1223,0.34,0.5573,735,0.34,0.5573,12,0.345,0.5655,1004,0
SPY190712P298,2019-07-11,2019-07-11 09:37:07,0.35,0.5737,1263,0.34,0.5573,735,0.34,0.5573,12,0.345,0.5655,1004,0
SPY190712P298,2019-07-11,2019-07-11 09:37:08,0.35,0.5737,1263,0.34,0.5573,735,0.34,0.5573,12,0.345,0.5655,1004,0
SPY190712P298,2019-07-11,2019-07-11 09:37:08,0.35,0.5737,953,0.34,0.5573,926,0.34,0.5573,12,0.345,0.5655,1004,0
SPY190712P298,2019-07-11,2019-07-11 09:37:09,0.35,0.5737,1180,0.34,0.5573,782,0.34,0.5573,12,0.345,0.5655,1004,0
SPY190712P298,2019-07-11,2019-07-11 09:37:09,0.35,0.5737,1035,0.34,0.5573,778,0.34,0.5573,12,0.345,0.5655,1004,0
SPY190712P298,2019-07-11,2019-07-11 09:37:10,0.35,0.5737,1525,0.34,0.5573,265,0.34,0.5573,12,0.345,0.5655,1004,0
SPY190712P298,2019-07-11,2019-07-11 09:37:11,0.35,0.5737,1498,0.34,0.5573,265,0.34,0.5573,12,0.345,0.5655,1004,0
SPY190712P298,2019-07-11,2019-07-11 09:37:12,0.35,0.5737,795,0.34,0.5573,813,0.34,0.5573,12,0.345,0.5655,1004,0
SPY190712P298,2019-07-11,2019-07-11 09:37:12,0.35,0.5737,1114,0.33,0.5409,1066,0.34,0.5573,3,0.34,0.5573,1007,3
SPY190712P298,2019-07-11,2019-07-11 09:37:13,0.35,0.5737,1495,0.34,0.5573,156,0.34,0.5573,3,0.345,0.5655,1007,0
SPY190712P298,2019-07-11,2019-07-11 09:37:14,0.35,0.5737,1878,0.34,0.5573,172,0.34,0.5573,3,0.345,0.5655,1007,0
SPY190712P298,2019-07-11,2019-07-11 09:37:15,0.35,0.5737,1275,0.34,0.5573,6,0.34,0.5573,3,0.345,0.5655,1007,0
SPY190712P298,2019-07-11,2019-07-11 09:37:15,0.35,0.5737,585,0.34,0.5573,172,0.34,0.5573,3,0.345,0.5655,1007,0
SPY190712P298,2019-07-11,2019-07-11 09:37:16,0.35,0.5737,1693,0.34,0.5573,207,0.34,0.5573,3,0.345,0.5655,1007,0
SPY190712P298,2019-07-11,2019-07-11 09:37:17,0.35,0.5737,1500,0.34,0.5573,170,0.34,0.5573,3,0.345,0.5655,1007,0
SPY190712P298,2019-07-11,2019-07-11 09:37:18,0.35,0.5737,1991,0.34,0.5573,5,0.34,0.5573,3,0.345,0.5655,1007,0
SPY190712P298,2019-07-11,2019-07-11 09:37:18,0.34,0.5573,86,0.33,0.5409,1592,0.34,0.5573,3,0.335,0.5491,1007,0
SPY190712P298,2019-07-11,2019-07-11 09:37:19,0.35,0.5737,1994,0.33,0.5409,1949,0.35,0.5737,2,0.34,0.5573,1009,2
SPY190712P298,2019-07-11,2019-07-11 09:37:19,0.34,0.5573,947,0.33,0.5409,325,0.35,0.5737,2,0.335,0.5491,1009,0
SPY190712P298,2019-07-11,2019-07-11 09:37:20,0.34,0.5573,1225,0.33,0.5409,414,0.35,0.5737,2,0.335,0.5491,1009,0
SPY190712P298,2019-07-11,2019-07-11 09:37:20,0.34,0.5573,1225,0.33,0.5409,427,0.35,0.5737,2,0.335,0.5491,1009,0
SPY190712P298,2019-07-11,2019-07-11 09:37:21,0.34,0.5573,1047,0.33,0.5409,280,0.35,0.5737,2,0.335,0.5491,1009,0
SPY190712P298,2019-07-11,2019-07-11 09:37:22,0.34,0.5573,1503,0.33,0.5409,280,0.35,0.5737,2,0.335,0.5491,1009,0
SPY190712P298,2019-07-11,2019-07-11 09:37:22,0.34,0.5573,1453,0.33,0.5409,280,0.35,0.5737,2,0.335,0.5491,1009,0
SPY190712P298,2019-07-11,2019-07-11 09:37:23,0.33,0.5409,5,0.32,0.5245,1702,0.35,0.5737,2,0.325,0.5327,1009,0
SPY190712P298,2019-07-11,2019-07-11 09:37:24,0.33,0.5409,297,0.32,0.5245,2348,0.33,0.5409,25,0.325,0.5327,1034,25
SPY190712P298,2019-07-11,2019-07-11 09:37:25,0.33,0.5409,410,0.32,0.5245,2034,0.33,0.5409,5,0.325,0.5327,1039,5
SPY190712P298,2019-07-11,2019-07-11 09:37:25,0.33,0.5409,607,0.32,0.5245,1066,0.33,0.5409,25,0.325,0.5327,1034,0
SPY190712P298,2019-07-11,2019-07-11 09:37:26,0.34,0.5573,2090,0.32,0.5245,2049,0.33,0.5409,5,0.33,0.5409,1039,0
SPY190712P298,2019-07-11,2019-07-11 09:37:27,0.34,0.5573,1457,0.33,0.5409,300,0.33,0.5409,5,0.335,0.5491,1039,0
SPY190712P298,2019-07-11,2019-07-11 09:37:27,0.34,0.5573,1146,0.32,0.5245,2049,0.33,0.5409,5,0.33,0.5409,1039,0
SPY190712P298,2019-07-11,2019-07-11 09:37:28,0.34,0.5573,1145,0.33,0.5409,300,0.33,0.5409,5,0.335,0.5491,1039,0
SPY190712P298,2019-07-11,2019-07-11 09:37:29,0.34,0.5573,1145,0.33,0.5409,300,0.33,0.5409,5,0.335,0.5491,1039,0
SPY190712P298,2019-07-11,2019-07-11 09:37:29,0.34,0.5573,1476,0.33,0.5409,342,0.33,0.5409,5,0.335,0.5491,1039,0
SPY190712P298,2019-07-11,2019-07-11 09:37:30,0.34,0.5573,1398,0.33,0.5409,1096,0.33,0.5409,5,0.335,0.5491,1039,0
SPY190712P298,2019-07-11,2019-07-11 09:37:31,0.34,0.5573,1398,0.33,0.5409,1179,0.33,0.5409,5,0.335,0.5491,1039,0
SPY190712P298,2019-07-11,2019-07-11 09:37:32,0.34,0.5573,1387,0.33,0.5409,1028,0.33,0.5409,5,0.335,0.5491,1039,0
SPY190712P298,2019-07-11,2019-07-11 09:37:32,0.34,0.5573,1387,0.33,0.5409,375,0.33,0.5409,5,0.335,0.5491,1039,0
SPY190712P298,2019-07-11,2019-07-11 09:37:33,0.34,0.5573,1322,0.33,0.5409,550,0.33,0.5409,5,0.335,0.5491,1039,0
SPY190712P298,2019-07-11,2019-07-11 09:37:33,0.34,0.5573,1144,0.33,0.5409,1177,0.33,0.5409,5,0.335,0.5491,1039,0
SPY190712P298,2019-07-11,2019-07-11 09:37:34,0.34,0.5573,1358,0.33,0.5409,492,0.33,0.5409,5,0.335,0.5491,1039,0
SPY190712P298,2019-07-11,2019-07-11 09:37:34,0.34,0.5573,1685,0.33,0.5409,91,0.33,0.5409,5,0.335,0.5491,1039,0
SPY190712P298,2019-07-11,2019-07-11 09:37:36,0.34,0.5573,1411,0.33,0.5409,211,0.33,0.5409,5,0.335,0.5491,1039,0
SPY190712P298,2019-07-11,2019-07-11 09:37:37,0.34,0.5573,1392,0.33,0.5409,1022,0.33,0.5409,5,0.335,0.5491,1039,0
SPY190712P298,2019-07-11,2019-07-11 09:37:38,0.34,0.5573,1364,0.33,0.5409,1133,0.34,0.5573,12,0.335,0.5491,1051,12
SPY190712P298,2019-07-11,2019-07-11 09:37:38,0.34,0.5573,1364,0.33,0.5409,531,0.34,0.5573,12,0.335,0.5491,1051,0
SPY190712P298,2019-07-11,2019-07-11 09:37:39,0.34,0.5573,1201,0.33,0.5409,1174,0.34,0.5573,12,0.335,0.5491,1051,0
SPY190712P298,2019-07-11,2019-07-11 09:37:39,0.34,0.5573,1274,0.33,0.5409,1181,0.34,0.5573,12,0.335,0.5491,1051,0
SPY190712P298,2019-07-11,2019-07-11 09:37:40,0.34,0.5573,1274,0.33,0.5409,1181,0.34,0.5573,12,0.335,0.5491,1051,0
SPY190712P298,2019-07-11,2019-07-11 09:37:41,0.34,0.5573,1886,0.33,0.5409,1,0.34,0.5573,12,0.335,0.5491,1051,0
SPY190712P298,2019-07-11,2019-07-11 09:37:42,0.34,0.5573,2007,0.33,0.5409,1,0.34,0.5573,12,0.335,0.5491,1051,0
SPY190712P298,2019-07-11,2019-07-11 09:37:43,0.34,0.5573,2094,0.33,0.5409,1,0.34,0.5573,12,0.335,0.5491,1051,0
SPY190712P298,2019-07-11,2019-07-11 09:37:44,0.34,0.5573,2094,0.33,0.5409,159,0.34,0.5573,12,0.335,0.5491,1051,0
SPY190712P298,2019-07-11,2019-07-11 09:37:44,0.34,0.5573,2094,0.33,0.5409,183,0.34,0.5573,12,0.335,0.5491,1051,0
SPY190712P298,2019-07-11,2019-07-11 09:37:45,0.34,0.5573,2094,0.33,0.5409,159,0.34,0.5573,12,0.335,0.5491,1051,0
SPY190712P298,2019-07-11,2019-07-11 09:37:45,0.34,0.5573,1151,0.33,0.5409,337,0.34,0.5573,12,0.335,0.5491,1051,0
SPY190712P298,2019-07-11,2019-07-11 09:37:46,0.34,0.5573,1219,0.33,0.5409,476,0.34,0.5573,12,0.335,0.5491,1051,0
SPY190712P298,2019-07-11,2019-07-11 09:37:47,0.34,0.5573,1758,0.33,0.5409,381,0.34,0.5573,12,0.335,0.5491,1051,0
SPY190712P298,2019-07-11,2019-07-11 09:37:48,0.34,0.5573,1311,0.33,0.5409,327,0.34,0.5573,12,0.335,0.5491,1051,0
SPY190712P298,2019-07-11,2019-07-11 09:37:48,0.34,0.5573,1789,0.33,0.5409,471,0.34,0.5573,2,0.335,0.5491,1053,2
SPY190712P298,2019-07-11,2019-07-11 09:37:49,0.34,0.5573,1789,0.33,0.5409,471,0.34,0.5573,2,0.335,0.5491,1053,0
SPY190712P298,2019-07-11,2019-07-11 09:37:50,0.34,0.5573,1680,0.33,0.5409,471,0.34,0.5573,2,0.335,0.5491,1053,0
SPY190712P298,2019-07-11,2019-07-11 09:37:50,0.34,0.5573,1493,0.33,0.5409,437,0.34,0.5573,2,0.335,0.5491,1053,0
SPY190712P298,2019-07-11,2019-07-11 09:37:51,0.34,0.5573,1920,0.33,0.5409,300,0.34,0.5573,2,0.335,0.5491,1053,0
SPY190712P298,2019-07-11,2019-07-11 09:37:51,0.34,0.5573,1516,0.33,0.5409,422,0.34,0.5573,2,0.335,0.5491,1053,0
SPY190712P298,2019-07-11,2019-07-11 09:37:52,0.34,0.5573,1115,0.33,0.5409,422,0.33,0.5409,3,0.335,0.5491,1056,3
SPY190712P298,2019-07-11,2019-07-11 09:37:52,0.34,0.5573,1887,0.33,0.5409,231,0.33,0.5409,3,0.335,0.5491,1056,0
SPY190712P298,2019-07-11,2019-07-11 09:37:53,0.34,0.5573,1545,0.33,0.5409,231,0.33,0.5409,3,0.335,0.5491,1056,0
SPY190712P298,2019-07-11,2019-07-11 09:37:54,0.34,0.5573,1978,0.33,0.5409,232,0.33,0.5409,3,0.335,0.5491,1056,0
SPY190712P298,2019-07-11,2019-07-11 09:37:54,0.34,0.5573,1595,0.33,0.5409,311,0.33,0.5409,3,0.335,0.5491,1056,0
SPY190712P298,2019-07-11,2019-07-11 09:37:55,0.34,0.5573,2144,0.33,0.5409,232,0.33,0.5409,3,0.335,0.5491,1056,0
SPY190712P298,2019-07-11,2019-07-11 09:37:56,0.34,0.5573,996,0.33,0.5409,450,0.34,0.5573,100,0.335,0.5491,1156,0
SPY190712P298,2019-07-11,2019-07-11 09:37:56,0.34,0.5573,996,0.33,0.5409,450,0.34,0.5573,100,0.335,0.5491,1156,100
SPY190712P298,2019-07-11,2019-07-11 09:37:57,0.34,0.5573,1,0.33,0.5409,2099,0.34,0.5573,4,0.335,0.5491,1165,4
SPY190712P298,2019-07-11,2019-07-11 09:37:57,0.34,0.5573,996,0.33,0.5409,1325,0.34,0.5573,5,0.335,0.5491,1161,5
SPY190712P298,2019-07-11,2019-07-11 09:37:58,0.34,0.5573,1,0.33,0.5409,2099,0.34,0.5573,4,0.335,0.5491,1165,0
SPY190712P298,2019-07-11,2019-07-11 09:37:59,0.35,0.5737,1996,0.34,0.5573,1,0.34,0.5573,100,0.345,0.5655,1265,100
SPY190712P298,2019-07-11,2019-07-11 09:37:59,0.35,0.5737,2078,0.34,0.5573,5,0.34,0.5573,4,0.345,0.5655,1165,0
SPY190712P298,2019-07-11,2019-07-11 09:38:00,0.34,0.5573,762,0.33,0.5409,1195,0.34,0.5573,100,0.335,0.5491,1265,0
SPY190712P298,2019-07-11,2019-07-11 09:38:01,0.34,0.5573,790,0.33,0.5409,795,0.34,0.5573,100,0.335,0.5491,1265,0
SPY190712P298,2019-07-11,2019-07-11 09:38:02,0.34,0.5573,1212,0.33,0.5409,795,0.34,0.5573,100,0.335,0.5491,1265,0
SPY190712P298,2019-07-11,2019-07-11 09:38:02,0.34,0.5573,950,0.33,0.5409,301,0.34,0.5573,100,0.335,0.5491,1265,0
SPY190712P298,2019-07-11,2019-07-11 09:38:03,0.34,0.5573,1405,0.33,0.5409,183,0.34,0.5573,100,0.335,0.5491,1265,0
SPY190712P298,2019-07-11,2019-07-11 09:38:03,0.34,0.5573,902,0.33,0.5409,157,0.34,0.5573,100,0.335,0.5491,1265,0
SPY190712P298,2019-07-11,2019-07-11 09:38:04,0.34,0.5573,1449,0.33,0.5409,229,0.34,0.5573,100,0.335,0.5491,1265,0
SPY190712P298,2019-07-11,2019-07-11 09:38:04,0.34,0.5573,1581,0.33,0.5409,183,0.34,0.5573,100,0.335,0.5491,1265,0
SPY190712P298,2019-07-11,2019-07-11 09:38:05,0.34,0.5573,1449,0.33,0.5409,309,0.34,0.5573,100,0.335,0.5491,1265,0
SPY190712P298,2019-07-11,2019-07-11 09:38:06,0.34,0.5573,1012,0.33,0.5409,200,0.34,0.5573,100,0.335,0.5491,1265,0
SPY190712P298,2019-07-11,2019-07-11 09:38:06,0.34,0.5573,1678,0.33,0.5409,5,0.34,0.5573,100,0.335,0.5491,1265,0
SPY190712P298,2019-07-11,2019-07-11 09:38:07,0.34,0.5573,1678,0.33,0.5409,1,0.34,0.5573,100,0.335,0.5491,1265,0
SPY190712P298,2019-07-11,2019-07-11 09:38:08,0.34,0.5573,1742,0.33,0.5409,1,0.33,0.5409,79,0.335,0.5491,1347,80
SPY190712P298,2019-07-11,2019-07-11 09:38:08,0.34,0.5573,1742,0.33,0.5409,1,0.33,0.5409,2,0.335,0.5491,1267,2
SPY190712P298,2019-07-11,2019-07-11 09:38:09,0.33,0.5409,1041,0.32,0.5245,323,0.33,0.5409,1,0.325,0.5327,1348,1
SPY190712P298,2019-07-11,2019-07-11 09:38:10,0.33,0.5409,1793,0.32,0.5245,323,0.33,0.5409,1,0.325,0.5327,1348,0
SPY190712P298,2019-07-11,2019-07-11 09:38:11,0.33,0.5409,1793,0.32,0.5245,342,0.33,0.5409,1,0.325,0.5327,1348,0
SPY190712P298,2019-07-11,2019-07-11 09:38:11,0.33,0.5409,983,0.32,0.5245,303,0.33,0.5409,1,0.325,0.5327,1348,0
SPY190712P298,2019-07-11,2019-07-11 09:38:12,0.33,0.5409,1954,0.32,0.5245,85,0.33,0.5409,1,0.325,0.5327,1348,0
SPY190712P298,2019-07-11,2019-07-11 09:38:13,0.33,0.5409,2038,0.32,0.5245,85,0.33,0.5409,1,0.325,0.5327,1348,0
SPY190712P298,2019-07-11,2019-07-11 09:38:14,0.32,0.5245,416,0.31,0.5081,461,0.32,0.5245,1,0.315,0.5163,1349,1
SPY190712P298,2019-07-11,2019-07-11 09:38:15,0.31,0.5081,5,0.3,0.4918,1099,0.32,0.5245,1,0.305,0.5,1349,0
SPY190712P298,2019-07-11,2019-07-11 09:38:15,0.31,0.5081,161,0.3,0.4918,2798,0.32,0.5245,1,0.305,0.5,1349,0
SPY190712P298,2019-07-11,2019-07-11 09:38:16,0.31,0.5081,208,0.3,0.4918,2532,0.32,0.5245,1,0.305,0.5,1349,0
SPY190712P298,2019-07-11,2019-07-11 09:38:16,0.31,0.5081,212,0.3,0.4918,1746,0.32,0.5245,1,0.305,0.5,1349,0
SPY190712P298,2019-07-11,2019-07-11 09:38:17,0.32,0.5245,1908,0.31,0.5081,5,0.32,0.5245,1,0.315,0.5163,1349,0
SPY190712P298,2019-07-11,2019-07-11 09:38:18,0.32,0.5245,2079,0.31,0.5081,5,0.32,0.5245,1,0.315,0.5163,1349,0
SPY190712P298,2019-07-11,2019-07-11 09:38:18,0.32,0.5245,1908,0.31,0.5081,5,0.32,0.5245,1,0.315,0.5163,1349,0
SPY190712P298,2019-07-11,2019-07-11 09:38:19,0.32,0.5245,2023,0.3,0.4918,1608,0.32,0.5245,1,0.31,0.5081,1349,0
SPY190712P298,2019-07-11,2019-07-11 09:38:20,0.31,0.5081,614,0.3,0.4918,1268,0.3,0.4918,1,0.305,0.5,1379,30
SPY190712P298,2019-07-11,2019-07-11 09:38:21,0.31,0.5081,183,0.3,0.4918,2560,0.3,0.4918,1,0.305,0.5,1379,0
SPY190712P298,2019-07-11,2019-07-11 09:38:22,0.31,0.5081,183,0.3,0.4918,2285,0.3,0.4918,1,0.305,0.5,1379,0
SPY190712P298,2019-07-11,2019-07-11 09:38:22,0.31,0.5081,212,0.3,0.4918,2560,0.3,0.4918,1,0.305,0.5,1379,0
SPY190712P298,2019-07-11,2019-07-11 09:38:23,0.31,0.5081,142,0.3,0.4918,2798,0.3,0.4918,1,0.305,0.5,1379,0
SPY190712P298,2019-07-11,2019-07-11 09:38:24,0.31,0.5081,142,0.3,0.4918,2382,0.3,0.4918,1,0.305,0.5,1379,0
SPY190712P298,2019-07-11,2019-07-11 09:38:24,0.31,0.5081,142,0.3,0.4918,2798,0.3,0.4918,1,0.305,0.5,1379,0
SPY190712P298,2019-07-11,2019-07-11 09:38:25,0.31,0.5081,142,0.3,0.4918,2853,0.3,0.4918,1,0.305,0.5,1379,0
SPY190712P298,2019-07-11,2019-07-11 09:38:25,0.31,0.5081,142,0.3,0.4918,2437,0.3,0.4918,1,0.305,0.5,1379,0
SPY190712P298,2019-07-11,2019-07-11 09:38:26,0.32,0.5245,1260,0.31,0.5081,710,0.3,0.4918,1,0.315,0.5163,1379,0
SPY190712P298,2019-07-11,2019-07-11 09:38:26,0.32,0.5245,1622,0.31,0.5081,710,0.3,0.4918,1,0.315,0.5163,1379,0
SPY190712P298,2019-07-11,2019-07-11 09:38:27,0.32,0.5245,1335,0.31,0.5081,710,0.3,0.4918,1,0.315,0.5163,1379,0
SPY190712P298,2019-07-11,2019-07-11 09:38:28,0.32,0.5245,442,0.31,0.5081,770,0.3,0.4918,1,0.315,0.5163,1379,0
SPY190712P298,2019-07-11,2019-07-11 09:38:28,0.32,0.5245,432,0.31,0.5081,575,0.3,0.4918,1,0.315,0.5163,1379,0
SPY190712P298,2019-07-11,2019-07-11 09:38:29,0.32,0.5245,704,0.31,0.5081,780,0.3,0.4918,1,0.315,0.5163,1379,0
SPY190712P298,2019-07-11,2019-07-11 09:38:29,0.32,0.5245,1175,0.31,0.5081,780,0.3,0.4918,1,0.315,0.5163,1379,0
SPY190712P298,2019-07-11,2019-07-11 09:38:30,0.32,0.5245,742,0.31,0.5081,670,0.3,0.4918,1,0.315,0.5163,1379,0
SPY190712P298,2019-07-11,2019-07-11 09:38:31,0.32,0.5245,1673,0.31,0.5081,537,0.3,0.4918,1,0.315,0.5163,1379,0
SPY190712P298,2019-07-11,2019-07-11 09:38:31,0.32,0.5245,1015,0.31,0.5081,705,0.3,0.4918,1,0.315,0.5163,1379,0
SPY190712P298,2019-07-11,2019-07-11 09:38:32,0.32,0.5245,802,0.31,0.5081,356,0.3,0.4918,1,0.315,0.5163,1379,0
SPY190712P298,2019-07-11,2019-07-11 09:38:32,0.32,0.5245,723,0.31,0.5081,849,0.3,0.4918,1,0.315,0.5163,1379,0
SPY190712P298,2019-07-11,2019-07-11 09:38:33,0.32,0.5245,723,0.31,0.5081,1281,0.3,0.4918,1,0.315,0.5163,1379,0
SPY190712P298,2019-07-11,2019-07-11 09:38:34,0.32,0.5245,911,0.31,0.5081,1217,0.3,0.4918,1,0.315,0.5163,1379,0
SPY190712P298,2019-07-11,2019-07-11 09:38:35,0.32,0.5245,1772,0.31,0.5081,507,0.32,0.5245,1,0.315,0.5163,1380,1
SPY190712P298,2019-07-11,2019-07-11 09:38:35,0.32,0.5245,911,0.31,0.5081,1165,0.3,0.4918,1,0.315,0.5163,1379,0
SPY190712P298,2019-07-11,2019-07-11 09:38:36,0.32,0.5245,1380,0.31,0.5081,1121,0.32,0.5245,1,0.315,0.5163,1380,0
SPY190712P298,2019-07-11,2019-07-11 09:38:37,0.32,0.5245,940,0.31,0.5081,658,0.32,0.5245,1,0.315,0.5163,1380,0
SPY190712P298,2019-07-11,2019-07-11 09:38:38,0.32,0.5245,702,0.31,0.5081,658,0.32,0.5245,1,0.315,0.5163,1380,0
SPY190712P298,2019-07-11,2019-07-11 09:38:38,0.32,0.5245,155,0.31,0.5081,1113,0.32,0.5245,1,0.315,0.5163,1380,0
SPY190712P298,2019-07-11,2019-07-11 09:38:39,0.32,0.5245,442,0.31,0.5081,1113,0.32,0.5245,1,0.315,0.5163,1380,0
SPY190712P298,2019-07-11,2019-07-11 09:38:40,0.32,0.5245,442,0.31,0.5081,1113,0.32,0.5245,1,0.315,0.5163,1380,0
SPY190712P298,2019-07-11,2019-07-11 09:38:40,0.32,0.5245,1183,0.31,0.5081,1228,0.32,0.5245,1,0.315,0.5163,1380,0
SPY190712P298,2019-07-11,2019-07-11 09:38:41,0.32,0.5245,1099,0.31,0.5081,1228,0.32,0.5245,1,0.315,0.5163,1380,0
SPY190712P298,2019-07-11,2019-07-11 09:38:42,0.32,0.5245,1010,0.31,0.5081,343,0.32,0.5245,1,0.315,0.5163,1380,0
SPY190712P298,2019-07-11,2019-07-11 09:38:42,0.32,0.5245,1536,0.31,0.5081,1228,0.32,0.5245,1,0.315,0.5163,1380,0
SPY190712P298,2019-07-11,2019-07-11 09:38:43,0.32,0.5245,1010,0.31,0.5081,428,0.32,0.5245,1,0.315,0.5163,1380,0
SPY190712P298,2019-07-11,2019-07-11 09:38:44,0.32,0.5245,1338,0.31,0.5081,480,0.32,0.5245,1,0.315,0.5163,1380,0
SPY190712P298,2019-07-11,2019-07-11 09:38:44,0.32,0.5245,1172,0.31,0.5081,315,0.32,0.5245,1,0.315,0.5163,1380,0
SPY190712P298,2019-07-11,2019-07-11 09:38:45,0.32,0.5245,1338,0.31,0.5081,480,0.32,0.5245,1,0.315,0.5163,1380,0
SPY190712P298,2019-07-11,2019-07-11 09:38:46,0.32,0.5245,1701,0.31,0.5081,504,0.32,0.5245,1,0.315,0.5163,1380,0
SPY190712P298,2019-07-11,2019-07-11 09:38:47,0.32,0.5245,1701,0.31,0.5081,504,0.32,0.5245,1,0.315,0.5163,1380,0
SPY190712P298,2019-07-11,2019-07-11 09:38:48,0.32,0.5245,763,0.31,0.5081,340,0.32,0.5245,1,0.315,0.5163,1380,0
SPY190712P298,2019-07-11,2019-07-11 09:38:48,0.32,0.5245,1701,0.31,0.5081,504,0.32,0.5245,1,0.315,0.5163,1380,0
SPY190712P298,2019-07-11,2019-07-11 09:38:49,0.32,0.5245,1756,0.31,0.5081,340,0.32,0.5245,1,0.315,0.5163,1380,0
SPY190712P298,2019-07-11,2019-07-11 09:38:49,0.32,0.5245,2108,0.31,0.5081,123,0.31,0.5081,1,0.315,0.5163,1381,1
SPY190712P298,2019-07-11,2019-07-11 09:38:50,0.32,0.5245,1698,0.31,0.5081,61,0.31,0.5081,1,0.315,0.5163,1381,0
SPY190712P298,2019-07-11,2019-07-11 09:38:51,0.32,0.5245,1720,0.31,0.5081,264,0.31,0.5081,1,0.315,0.5163,1381,0
SPY190712P298,2019-07-11,2019-07-11 09:38:51,0.32,0.5245,1720,0.31,0.5081,340,0.31,0.5081,1,0.315,0.5163,1381,0
SPY190712P298,2019-07-11,2019-07-11 09:38:52,0.32,0.5245,1720,0.31,0.5081,340,0.31,0.5081,1,0.315,0.5163,1381,0
SPY190712P298,2019-07-11,2019-07-11 09:38:52,0.32,0.5245,1351,0.31,0.5081,258,0.31,0.5081,1,0.315,0.5163,1381,0
SPY190712P298,2019-07-11,2019-07-11 09:38:53,0.32,0.5245,1187,0.31,0.5081,540,0.31,0.5081,1,0.315,0.5163,1381,0
SPY190712P298,2019-07-11,2019-07-11 09:38:54,0.32,0.5245,1187,0.31,0.5081,540,0.31,0.5081,1,0.315,0.5163,1381,0
SPY190712P298,2019-07-11,2019-07-11 09:38:54,0.32,0.5245,1301,0.31,0.5081,540,0.31,0.5081,1,0.315,0.5163,1381,0
SPY190712P298,2019-07-11,2019-07-11 09:38:55,0.32,0.5245,330,0.31,0.5081,1785,0.31,0.5081,1,0.315,0.5163,1381,0
SPY190712P298,2019-07-11,2019-07-11 09:38:55,0.32,0.5245,1301,0.31,0.5081,540,0.31,0.5081,1,0.315,0.5163,1381,0
SPY190712P298,2019-07-11,2019-07-11 09:38:56,0.32,0.5245,556,0.31,0.5081,1785,0.31,0.5081,1,0.315,0.5163,1381,0
SPY190712P298,2019-07-11,2019-07-11 09:38:56,0.32,0.5245,256,0.31,0.5081,1785,0.31,0.5081,1,0.315,0.5163,1381,0
SPY190712P298,2019-07-11,2019-07-11 09:38:57,0.32,0.5245,587,0.31,0.5081,1470,0.31,0.5081,1,0.315,0.5163,1381,0
SPY190712P298,2019-07-11,2019-07-11 09:38:57,0.32,0.5245,587,0.31,0.5081,813,0.31,0.5081,1,0.315,0.5163,1381,0
SPY190712P298,2019-07-11,2019-07-11 09:38:58,0.32,0.5245,6,0.31,0.5081,2173,0.31,0.5081,1,0.315,0.5163,1381,0
SPY190712P298,2019-07-11,2019-07-11 09:38:59,0.33,0.5409,915,0.32,0.5245,217,0.32,0.5245,2,0.325,0.5327,1387,6
SPY190712P298,2019-07-11,2019-07-11 09:38:59,0.33,0.5409,498,0.32,0.5245,426,0.32,0.5245,2,0.325,0.5327,1387,0
SPY190712P298,2019-07-11,2019-07-11 09:39:00,0.33,0.5409,240,0.32,0.5245,397,0.32,0.5245,2,0.325,0.5327,1387,0
SPY190712P298,2019-07-11,2019-07-11 09:39:00,0.33,0.5409,2,0.32,0.5245,1834,0.32,0.5245,1,0.325,0.5327,1388,1
SPY190712P298,2019-07-11,2019-07-11 09:39:01,0.33,0.5409,2,0.32,0.5245,1905,0.32,0.5245,1,0.325,0.5327,1388,0
SPY190712P298,2019-07-11,2019-07-11 09:39:02,0.33,0.5409,2,0.32,0.5245,2168,0.32,0.5245,1,0.325,0.5327,1388,0
SPY190712P298,2019-07-11,2019-07-11 09:39:02,0.33,0.5409,2,0.32,0.5245,2206,0.32,0.5245,1,0.325,0.5327,1388,0
SPY190712P298,2019-07-11,2019-07-11 09:39:03,0.33,0.5409,2,0.32,0.5245,2168,0.32,0.5245,1,0.325,0.5327,1388,0
SPY190712P298,2019-07-11,2019-07-11 09:39:04,0.33,0.5409,2,0.32,0.5245,2168,0.32,0.5245,1,0.325,0.5327,1388,0
SPY190712P298,2019-07-11,2019-07-11 09:39:04,0.33,0.5409,192,0.32,0.5245,640,0.32,0.5245,1,0.325,0.5327,1388,0
SPY190712P298,2019-07-11,2019-07-11 09:39:05,0.33,0.5409,495,0.32,0.5245,239,0.32,0.5245,1,0.325,0.5327,1388,0
SPY190712P298,2019-07-11,2019-07-11 09:39:05,0.33,0.5409,219,0.32,0.5245,964,0.32,0.5245,1,0.325,0.5327,1388,0
SPY190712P298,2019-07-11,2019-07-11 09:39:06,0.33,0.5409,363,0.32,0.5245,327,0.32,0.5245,1,0.325,0.5327,1388,0
SPY190712P298,2019-07-11,2019-07-11 09:39:06,0.33,0.5409,1938,0.32,0.5245,108,0.32,0.5245,1,0.325,0.5327,1388,0
SPY190712P298,2019-07-11,2019-07-11 09:39:07,0.33,0.5409,363,0.32,0.5245,327,0.32,0.5245,1,0.325,0.5327,1388,0
SPY190712P298,2019-07-11,2019-07-11 09:39:08,0.33,0.5409,2,0.32,0.5245,1262,0.32,0.5245,1,0.325,0.5327,1388,0
SPY190712P298,2019-07-11,2019-07-11 09:39:08,0.33,0.5409,2,0.32,0.5245,884,0.32,0.5245,1,0.325,0.5327,1388,0
SPY190712P298,2019-07-11,2019-07-11 09:39:09,0.33,0.5409,2,0.32,0.5245,1089,0.32,0.5245,1,0.325,0.5327,1388,0
SPY190712P298,2019-07-11,2019-07-11 09:39:09,0.33,0.5409,53,0.32,0.5245,610,0.32,0.5245,1,0.325,0.5327,1388,0
SPY190712P298,2019-07-11,2019-07-11 09:39:10,0.33,0.5409,2,0.32,0.5245,1602,0.32,0.5245,1,0.325,0.5327,1388,0
SPY190712P298,2019-07-11,2019-07-11 09:39:11,0.33,0.5409,118,0.32,0.5245,1716,0.32,0.5245,1,0.325,0.5327,1388,0
SPY190712P298,2019-07-11,2019-07-11 09:39:11,0.33,0.5409,87,0.32,0.5245,542,0.32,0.5245,1,0.325,0.5327,1388,0
SPY190712P298,2019-07-11,2019-07-11 09:39:12,0.33,0.5409,118,0.32,0.5245,419,0.32,0.5245,1,0.325,0.5327,1388,0
SPY190712P298,2019-07-11,2019-07-11 09:39:13,0.33,0.5409,1166,0.32,0.5245,208,0.32,0.5245,1,0.325,0.5327,1388,0
SPY190712P298,2019-07-11,2019-07-11 09:39:14,0.33,0.5409,1434,0.32,0.5245,378,0.32,0.5245,1,0.325,0.5327,1388,0
SPY190712P298,2019-07-11,2019-07-11 09:39:14,0.33,0.5409,1470,0.32,0.5245,215,0.32,0.5245,1,0.325,0.5327,1388,0
SPY190712P298,2019-07-11,2019-07-11 09:39:15,0.33,0.5409,1628,0.32,0.5245,66,0.32,0.5245,1,0.325,0.5327,1388,0
SPY190712P298,2019-07-11,2019-07-11 09:39:16,0.33,0.5409,1681,0.32,0.5245,41,0.32,0.5245,1,0.325,0.5327,1388,0
SPY190712P298,2019-07-11,2019-07-11 09:39:17,0.32,0.5245,191,0.31,0.5081,826,0.32,0.5245,1,0.315,0.5163,1388,0
SPY190712P298,2019-07-11,2019-07-11 09:39:17,0.33,0.5409,1683,0.32,0.5245,41,0.32,0.5245,1,0.325,0.5327,1388,0
SPY190712P298,2019-07-11,2019-07-11 09:39:18,0.32,0.5245,5,0.31,0.5081,2158,0.32,0.5245,1,0.315,0.5163,1388,0
SPY190712P298,2019-07-11,2019-07-11 09:39:18,0.32,0.5245,5,0.31,0.5081,1475,0.32,0.5245,1,0.315,0.5163,1388,0
SPY190712P298,2019-07-11,2019-07-11 09:39:19,0.32,0.5245,288,0.31,0.5081,2358,0.32,0.5245,28,0.315,0.5163,1457,69
SPY190712P298,2019-07-11,2019-07-11 09:39:20,0.32,0.5245,288,0.31,0.5081,1236,0.32,0.5245,28,0.315,0.5163,1457,0
SPY190712P298,2019-07-11,2019-07-11 09:39:20,0.32,0.5245,104,0.31,0.5081,1196,0.32,0.5245,28,0.315,0.5163,1457,0
SPY190712P298,2019-07-11,2019-07-11 09:39:21,0.32,0.5245,6,0.31,0.5081,1798,0.32,0.5245,4,0.315,0.5163,1461,4
SPY190712P298,2019-07-11,2019-07-11 09:39:22,0.32,0.5245,200,0.31,0.5081,1775,0.32,0.5245,4,0.315,0.5163,1461,0
SPY190712P298,2019-07-11,2019-07-11 09:39:23,0.32,0.5245,75,0.31,0.5081,2110,0.32,0.5245,4,0.315,0.5163,1461,0
SPY190712P298,2019-07-11,2019-07-11 09:39:23,0.32,0.5245,284,0.31,0.5081,1435,0.32,0.5245,4,0.315,0.5163,1461,0
SPY190712P298,2019-07-11,2019-07-11 09:39:24,0.32,0.5245,284,0.31,0.5081,1614,0.32,0.5245,4,0.315,0.5163,1461,0
SPY190712P298,2019-07-11,2019-07-11 09:39:24,0.32,0.5245,306,0.31,0.5081,1614,0.32,0.5245,4,0.315,0.5163,1461,0
SPY190712P298,2019-07-11,2019-07-11 09:39:25,0.32,0.5245,101,0.31,0.5081,1567,0.32,0.5245,4,0.315,0.5163,1461,0
SPY190712P298,2019-07-11,2019-07-11 09:39:26,0.32,0.5245,1,0.31,0.5081,1696,0.32,0.5245,4,0.315,0.5163,1461,0
SPY190712P298,2019-07-11,2019-07-11 09:39:26,0.32,0.5245,1,0.31,0.5081,1744,0.32,0.5245,4,0.315,0.5163,1461,0
SPY190712P298,2019-07-11,2019-07-11 09:39:27,0.32,0.5245,1,0.31,0.5081,1648,0.32,0.5245,4,0.315,0.5163,1461,0
SPY190712P298,2019-07-11,2019-07-11 09:39:28,0.32,0.5245,122,0.31,0.5081,1899,0.32,0.5245,4,0.315,0.5163,1461,0
SPY190712P298,2019-07-11,2019-07-11 09:39:28,0.32,0.5245,1,0.31,0.5081,1376,0.32,0.5245,4,0.315,0.5163,1461,0
SPY190712P298,2019-07-11,2019-07-11 09:39:29,0.32,0.5245,6,0.31,0.5081,2417,0.32,0.5245,4,0.315,0.5163,1465,0
SPY190712P298,2019-07-11,2019-07-11 09:39:29,0.33,0.5409,1429,0.31,0.5081,1899,0.32,0.5245,4,0.32,0.5245,1465,4
SPY190712P298,2019-07-11,2019-07-11 09:39:30,0.32,0.5245,6,0.31,0.5081,2489,0.32,0.5245,4,0.315,0.5163,1465,0
SPY190712P298,2019-07-11,2019-07-11 09:39:31,0.32,0.5245,6,0.31,0.5081,2212,0.32,0.5245,4,0.315,0.5163,1465,0
SPY190712P298,2019-07-11,2019-07-11 09:39:31,0.32,0.5245,6,0.31,0.5081,2040,0.32,0.5245,4,0.315,0.5163,1465,0
SPY190712P298,2019-07-11,2019-07-11 09:39:32,0.33,0.5409,1024,0.32,0.5245,328,0.32,0.5245,4,0.325,0.5327,1465,0
SPY190712P298,2019-07-11,2019-07-11 09:39:33,0.33,0.5409,1626,0.32,0.5245,44,0.32,0.5245,4,0.325,0.5327,1465,0
SPY190712P298,2019-07-11,2019-07-11 09:39:34,0.32,0.5245,6,0.31,0.5081,2174,0.32,0.5245,4,0.315,0.5163,1465,0
SPY190712P298,2019-07-11,2019-07-11 09:39:34,0.33,0.5409,1464,0.31,0.5081,2784,0.32,0.5245,4,0.32,0.5245,1465,0
SPY190712P298,2019-07-11,2019-07-11 09:39:35,0.32,0.5245,5,0.31,0.5081,1997,0.32,0.5245,4,0.315,0.5163,1465,0
SPY190712P298,2019-07-11,2019-07-11 09:39:36,0.33,0.5409,1201,0.32,0.5245,5,0.32,0.5245,4,0.325,0.5327,1465,0
SPY190712P298,2019-07-11,2019-07-11 09:39:36,0.32,0.5245,5,0.31,0.5081,1997,0.32,0.5245,4,0.315,0.5163,1465,0
SPY190712P298,2019-07-11,2019-07-11 09:39:37,0.33,0.5409,1201,0.31,0.5081,2076,0.32,0.5245,4,0.32,0.5245,1465,0
SPY190712P298,2019-07-11,2019-07-11 09:39:37,0.33,0.5409,1201,0.31,0.5081,1781,0.32,0.5245,4,0.32,0.5245,1465,0
SPY190712P298,2019-07-11,2019-07-11 09:39:38,0.32,0.5245,114,0.31,0.5081,1771,0.32,0.5245,4,0.315,0.5163,1465,0
SPY190712P298,2019-07-11,2019-07-11 09:39:39,0.32,0.5245,114,0.31,0.5081,1760,0.32,0.5245,4,0.315,0.5163,1465,0
SPY190712P298,2019-07-11,2019-07-11 09:39:40,0.32,0.5245,676,0.31,0.5081,1849,0.32,0.5245,4,0.315,0.5163,1465,0
SPY190712P298,2019-07-11,2019-07-11 09:39:40,0.32,0.5245,114,0.31,0.5081,2145,0.32,0.5245,4,0.315,0.5163,1465,0
SPY190712P298,2019-07-11,2019-07-11 09:39:41,0.32,0.5245,1424,0.31,0.5081,258,0.32,0.5245,4,0.315,0.5163,1465,0
SPY190712P298,2019-07-11,2019-07-11 09:39:42,0.32,0.5245,1293,0.31,0.5081,719,0.32,0.5245,4,0.315,0.5163,1465,0
SPY190712P298,2019-07-11,2019-07-11 09:39:42,0.32,0.5245,1122,0.3,0.4918,1856,0.32,0.5245,4,0.31,0.5081,1465,0
SPY190712P298,2019-07-11,2019-07-11 09:39:43,0.31,0.5081,6,0.3,0.4918,1796,0.32,0.5245,4,0.305,0.5,1465,0
SPY190712P298,2019-07-11,2019-07-11 09:39:44,0.32,0.5245,1250,0.31,0.5081,59,0.32,0.5245,4,0.315,0.5163,1465,0
SPY190712P298,2019-07-11,2019-07-11 09:39:44,0.32,0.5245,1152,0.31,0.5081,59,0.32,0.5245,4,0.315,0.5163,1465,0
SPY190712P298,2019-07-11,2019-07-11 09:39:45,0.32,0.5245,1250,0.31,0.5081,93,0.32,0.5245,4,0.315,0.5163,1465,0
SPY190712P298,2019-07-11,2019-07-11 09:39:46,0.32,0.5245,1250,0.31,0.5081,50,0.32,0.5245,4,0.315,0.5163,1465,0
SPY190712P298,2019-07-11,2019-07-11 09:39:46,0.32,0.5245,1250,0.31,0.5081,52,0.32,0.5245,4,0.315,0.5163,1465,0
SPY190712P298,2019-07-11,2019-07-11 09:39:47,0.32,0.5245,1278,0.31,0.5081,11,0.32,0.5245,4,0.315,0.5163,1465,0
SPY190712P298,2019-07-11,2019-07-11 09:39:47,0.31,0.5081,12,0.31,0.5081,90,0.32,0.5245,4,0.31,0.5081,1465,0
SPY190712P298,2019-07-11,2019-07-11 09:39:48,0.31,0.5081,12,0.31,0.5081,136,0.32,0.5245,4,0.31,0.5081,1465,0
SPY190712P298,2019-07-11,2019-07-11 09:39:49,0.32,0.5245,1457,0.31,0.5081,134,0.32,0.5245,4,0.315,0.5163,1465,0
SPY190712P298,2019-07-11,2019-07-11 09:39:49,0.32,0.5245,1457,0.31,0.5081,136,0.32,0.5245,4,0.315,0.5163,1465,0
SPY190712P298,2019-07-11,2019-07-11 09:39:50,0.32,0.5245,1457,0.31,0.5081,69,0.32,0.5245,5,0.315,0.5163,1472,7
SPY190712P298,2019-07-11,2019-07-11 09:39:50,0.32,0.5245,1414,0.31,0.5081,69,0.32,0.5245,5,0.315,0.5163,1472,0
