symbol,Date,quote_time,ask_price,norm_ask_price,ask_size,bid_price,norm_bid_price,bid_size,last_trade_price,norm_last_trade_price,last_trade_size,mark_price,norm_mark_price,volume,Volume
SPY190802P294,2019-08-01,2019-08-01 09:34:38,0.27,1.0,372,0.26,0.9629,1229,0.26,0.9629,10,0.265,0.9814,523,523
SPY190802P294,2019-08-01,2019-08-01 09:34:39,0.28,1.037,1458,0.27,1.0,331,0.26,0.9629,10,0.275,1.0185,523,0
SPY190802P294,2019-08-01,2019-08-01 09:34:39,0.27,1.0,163,0.26,0.9629,2624,0.26,0.9629,10,0.265,0.9814,523,0
SPY190802P294,2019-08-01,2019-08-01 09:34:40,0.28,1.037,933,0.27,1.0,676,0.26,0.9629,10,0.275,1.0185,523,0
SPY190802P294,2019-08-01,2019-08-01 09:34:40,0.28,1.037,836,0.27,1.0,544,0.26,0.9629,10,0.275,1.0185,523,0
SPY190802P294,2019-08-01,2019-08-01 09:34:41,0.28,1.037,742,0.27,1.0,663,0.26,0.9629,10,0.275,1.0185,523,0
SPY190802P294,2019-08-01,2019-08-01 09:34:41,0.28,1.037,1308,0.27,1.0,663,0.26,0.9629,10,0.275,1.0185,523,0
SPY190802P294,2019-08-01,2019-08-01 09:34:42,0.28,1.037,582,0.27,1.0,809,0.26,0.9629,10,0.275,1.0185,523,0
SPY190802P294,2019-08-01,2019-08-01 09:34:42,0.28,1.037,582,0.27,1.0,1078,0.26,0.9629,10,0.275,1.0185,523,0
SPY190802P294,2019-08-01,2019-08-01 09:34:43,0.28,1.037,582,0.27,1.0,961,0.26,0.9629,10,0.275,1.0185,523,0
SPY190802P294,2019-08-01,2019-08-01 09:34:44,0.28,1.037,302,0.27,1.0,995,0.26,0.9629,10,0.275,1.0185,523,0
SPY190802P294,2019-08-01,2019-08-01 09:34:44,0.28,1.037,437,0.27,1.0,695,0.26,0.9629,10,0.275,1.0185,523,0
SPY190802P294,2019-08-01,2019-08-01 09:34:45,0.28,1.037,340,0.27,1.0,995,0.26,0.9629,10,0.275,1.0185,523,0
SPY190802P294,2019-08-01,2019-08-01 09:34:45,0.28,1.037,302,0.27,1.0,995,0.26,0.9629,10,0.275,1.0185,523,0
SPY190802P294,2019-08-01,2019-08-01 09:34:46,0.28,1.037,298,0.27,1.0,2016,0.26,0.9629,10,0.275,1.0185,523,0
SPY190802P294,2019-08-01,2019-08-01 09:34:47,0.28,1.037,358,0.27,1.0,2016,0.26,0.9629,10,0.275,1.0185,523,0
SPY190802P294,2019-08-01,2019-08-01 09:34:48,0.28,1.037,358,0.27,1.0,945,0.26,0.9629,10,0.275,1.0185,523,0
SPY190802P294,2019-08-01,2019-08-01 09:34:48,0.28,1.037,358,0.27,1.0,1541,0.26,0.9629,10,0.275,1.0185,523,0
SPY190802P294,2019-08-01,2019-08-01 09:34:49,0.28,1.037,521,0.27,1.0,1541,0.26,0.9629,10,0.275,1.0185,523,0
SPY190802P294,2019-08-01,2019-08-01 09:34:49,0.28,1.037,358,0.27,1.0,256,0.26,0.9629,10,0.275,1.0185,523,0
SPY190802P294,2019-08-01,2019-08-01 09:34:50,0.27,1.0,10,0.26,0.9629,1672,0.26,0.9629,10,0.265,0.9814,523,0
SPY190802P294,2019-08-01,2019-08-01 09:34:50,0.27,1.0,57,0.26,0.9629,896,0.26,0.9629,10,0.265,0.9814,523,0
SPY190802P294,2019-08-01,2019-08-01 09:34:51,0.27,1.0,10,0.26,0.9629,2505,0.26,0.9629,10,0.265,0.9814,523,0
SPY190802P294,2019-08-01,2019-08-01 09:34:51,0.27,1.0,5,0.26,0.9629,1645,0.26,0.9629,10,0.265,0.9814,523,0
SPY190802P294,2019-08-01,2019-08-01 09:34:52,0.27,1.0,5,0.26,0.9629,2178,0.26,0.9629,10,0.265,0.9814,523,0
SPY190802P294,2019-08-01,2019-08-01 09:34:53,0.27,1.0,19,0.26,0.9629,2109,0.26,0.9629,10,0.265,0.9814,523,0
SPY190802P294,2019-08-01,2019-08-01 09:34:53,0.27,1.0,10,0.26,0.9629,2109,0.26,0.9629,10,0.265,0.9814,523,0
SPY190802P294,2019-08-01,2019-08-01 09:34:54,0.27,1.0,19,0.26,0.9629,2109,0.26,0.9629,10,0.265,0.9814,523,0
SPY190802P294,2019-08-01,2019-08-01 09:34:55,0.27,1.0,199,0.26,0.9629,2832,0.26,0.9629,10,0.265,0.9814,523,0
SPY190802P294,2019-08-01,2019-08-01 09:34:55,0.27,1.0,199,0.26,0.9629,1826,0.26,0.9629,10,0.265,0.9814,523,0
SPY190802P294,2019-08-01,2019-08-01 09:34:56,0.27,1.0,14,0.26,0.9629,1605,0.26,0.9629,10,0.265,0.9814,523,0
SPY190802P294,2019-08-01,2019-08-01 09:34:56,0.27,1.0,14,0.26,0.9629,1577,0.26,0.9629,10,0.265,0.9814,523,0
SPY190802P294,2019-08-01,2019-08-01 09:34:57,0.27,1.0,292,0.26,0.9629,141,0.26,0.9629,10,0.265,0.9814,523,0
SPY190802P294,2019-08-01,2019-08-01 09:34:58,0.27,1.0,19,0.26,0.9629,1287,0.26,0.9629,10,0.265,0.9814,523,0
SPY190802P294,2019-08-01,2019-08-01 09:34:58,0.27,1.0,14,0.26,0.9629,540,0.26,0.9629,10,0.265,0.9814,523,0
SPY190802P294,2019-08-01,2019-08-01 09:34:59,0.27,1.0,199,0.26,0.9629,785,0.26,0.9629,10,0.265,0.9814,523,0
SPY190802P294,2019-08-01,2019-08-01 09:35:00,0.27,1.0,199,0.26,0.9629,785,0.26,0.9629,10,0.265,0.9814,523,0
SPY190802P294,2019-08-01,2019-08-01 09:35:00,0.27,1.0,139,0.26,0.9629,570,0.26,0.9629,10,0.265,0.9814,523,0
SPY190802P294,2019-08-01,2019-08-01 09:35:01,0.27,1.0,192,0.26,0.9629,434,0.26,0.9629,10,0.265,0.9814,523,0
SPY190802P294,2019-08-01,2019-08-01 09:35:01,0.27,1.0,329,0.26,0.9629,347,0.26,0.9629,10,0.265,0.9814,523,0
SPY190802P294,2019-08-01,2019-08-01 09:35:02,0.27,1.0,249,0.26,0.9629,571,0.26,0.9629,10,0.265,0.9814,523,0
SPY190802P294,2019-08-01,2019-08-01 09:35:02,0.27,1.0,1117,0.26,0.9629,415,0.26,0.9629,10,0.265,0.9814,523,0
SPY190802P294,2019-08-01,2019-08-01 09:35:03,0.27,1.0,431,0.26,0.9629,708,0.26,0.9629,10,0.265,0.9814,523,0
SPY190802P294,2019-08-01,2019-08-01 09:35:03,0.27,1.0,878,0.26,0.9629,259,0.26,0.9629,10,0.265,0.9814,523,0
SPY190802P294,2019-08-01,2019-08-01 09:35:04,0.27,1.0,1236,0.26,0.9629,259,0.26,0.9629,10,0.265,0.9814,523,0
SPY190802P294,2019-08-01,2019-08-01 09:35:05,0.27,1.0,1648,0.26,0.9629,259,0.26,0.9629,10,0.265,0.9814,523,0
SPY190802P294,2019-08-01,2019-08-01 09:35:05,0.27,1.0,1415,0.26,0.9629,47,0.26,0.9629,10,0.265,0.9814,523,0
SPY190802P294,2019-08-01,2019-08-01 09:35:06,0.27,1.0,1415,0.26,0.9629,47,0.26,0.9629,10,0.265,0.9814,523,0
SPY190802P294,2019-08-01,2019-08-01 09:35:06,0.27,1.0,1415,0.26,0.9629,57,0.26,0.9629,10,0.265,0.9814,523,0
SPY190802P294,2019-08-01,2019-08-01 09:35:07,0.27,1.0,1411,0.26,0.9629,191,0.26,0.9629,9,0.265,0.9814,532,9
SPY190802P294,2019-08-01,2019-08-01 09:35:07,0.27,1.0,1628,0.26,0.9629,106,0.26,0.9629,9,0.265,0.9814,532,0
SPY190802P294,2019-08-01,2019-08-01 09:35:08,0.27,1.0,1459,0.26,0.9629,49,0.26,0.9629,9,0.265,0.9814,532,0
SPY190802P294,2019-08-01,2019-08-01 09:35:09,0.27,1.0,1180,0.26,0.9629,285,0.26,0.9629,9,0.265,0.9814,532,0
SPY190802P294,2019-08-01,2019-08-01 09:35:09,0.27,1.0,1509,0.26,0.9629,49,0.26,0.9629,9,0.265,0.9814,532,0
SPY190802P294,2019-08-01,2019-08-01 09:35:10,0.27,1.0,1180,0.26,0.9629,515,0.26,0.9629,9,0.265,0.9814,532,0
SPY190802P294,2019-08-01,2019-08-01 09:35:11,0.27,1.0,255,0.26,0.9629,1497,0.26,0.9629,9,0.265,0.9814,532,0
SPY190802P294,2019-08-01,2019-08-01 09:35:11,0.27,1.0,399,0.26,0.9629,523,0.26,0.9629,9,0.265,0.9814,532,0
SPY190802P294,2019-08-01,2019-08-01 09:35:12,0.27,1.0,10,0.26,0.9629,2371,0.26,0.9629,9,0.265,0.9814,532,0
SPY190802P294,2019-08-01,2019-08-01 09:35:13,0.27,1.0,10,0.26,0.9629,2327,0.26,0.9629,9,0.265,0.9814,532,0
SPY190802P294,2019-08-01,2019-08-01 09:35:14,0.27,1.0,141,0.26,0.9629,1618,0.26,0.9629,9,0.265,0.9814,532,0
SPY190802P294,2019-08-01,2019-08-01 09:35:14,0.27,1.0,300,0.26,0.9629,493,0.26,0.9629,9,0.265,0.9814,532,0
SPY190802P294,2019-08-01,2019-08-01 09:35:15,0.27,1.0,392,0.26,0.9629,705,0.26,0.9629,9,0.265,0.9814,532,0
SPY190802P294,2019-08-01,2019-08-01 09:35:15,0.27,1.0,816,0.26,0.9629,705,0.26,0.9629,9,0.265,0.9814,532,0
SPY190802P294,2019-08-01,2019-08-01 09:35:16,0.27,1.0,715,0.26,0.9629,1597,0.26,0.9629,9,0.265,0.9814,532,0
SPY190802P294,2019-08-01,2019-08-01 09:35:16,0.27,1.0,715,0.26,0.9629,1680,0.26,0.9629,9,0.265,0.9814,532,0
SPY190802P294,2019-08-01,2019-08-01 09:35:17,0.27,1.0,511,0.26,0.9629,1710,0.26,0.9629,9,0.265,0.9814,532,0
SPY190802P294,2019-08-01,2019-08-01 09:35:17,0.27,1.0,568,0.26,0.9629,1609,0.26,0.9629,9,0.265,0.9814,532,0
SPY190802P294,2019-08-01,2019-08-01 09:35:18,0.27,1.0,120,0.26,0.9629,467,0.26,0.9629,9,0.265,0.9814,532,0
SPY190802P294,2019-08-01,2019-08-01 09:35:18,0.27,1.0,239,0.26,0.9629,1012,0.26,0.9629,9,0.265,0.9814,532,0
SPY190802P294,2019-08-01,2019-08-01 09:35:19,0.27,1.0,120,0.26,0.9629,1260,0.26,0.9629,9,0.265,0.9814,532,0
SPY190802P294,2019-08-01,2019-08-01 09:35:20,0.27,1.0,498,0.26,0.9629,478,0.26,0.9629,9,0.265,0.9814,532,0
SPY190802P294,2019-08-01,2019-08-01 09:35:20,0.27,1.0,525,0.26,0.9629,478,0.26,0.9629,9,0.265,0.9814,532,0
SPY190802P294,2019-08-01,2019-08-01 09:35:21,0.27,1.0,259,0.26,0.9629,1185,0.26,0.9629,9,0.265,0.9814,532,0
SPY190802P294,2019-08-01,2019-08-01 09:35:21,0.27,1.0,143,0.26,0.9629,839,0.26,0.9629,9,0.265,0.9814,532,0
SPY190802P294,2019-08-01,2019-08-01 09:35:22,0.27,1.0,395,0.26,0.9629,1185,0.26,0.9629,9,0.265,0.9814,532,0
SPY190802P294,2019-08-01,2019-08-01 09:35:22,0.27,1.0,419,0.26,0.9629,385,0.26,0.9629,9,0.265,0.9814,532,0
SPY190802P294,2019-08-01,2019-08-01 09:35:23,0.27,1.0,610,0.26,0.9629,385,0.26,0.9629,9,0.265,0.9814,532,0
SPY190802P294,2019-08-01,2019-08-01 09:35:24,0.27,1.0,1112,0.26,0.9629,16,0.26,0.9629,9,0.265,0.9814,532,0
SPY190802P294,2019-08-01,2019-08-01 09:35:24,0.27,1.0,610,0.26,0.9629,300,0.26,0.9629,9,0.265,0.9814,532,0
SPY190802P294,2019-08-01,2019-08-01 09:35:25,0.27,1.0,1833,0.26,0.9629,16,0.27,1.0,8,0.265,0.9814,540,8
SPY190802P294,2019-08-01,2019-08-01 09:35:25,0.27,1.0,1590,0.26,0.9629,171,0.26,0.9629,9,0.265,0.9814,532,0
SPY190802P294,2019-08-01,2019-08-01 09:35:26,0.27,1.0,1586,0.26,0.9629,16,0.27,1.0,8,0.265,0.9814,540,0
SPY190802P294,2019-08-01,2019-08-01 09:35:27,0.27,1.0,1584,0.26,0.9629,16,0.27,1.0,8,0.265,0.9814,540,0
SPY190802P294,2019-08-01,2019-08-01 09:35:28,0.27,1.0,1575,0.26,0.9629,16,0.27,1.0,8,0.265,0.9814,540,0
SPY190802P294,2019-08-01,2019-08-01 09:35:28,0.27,1.0,1575,0.26,0.9629,66,0.27,1.0,8,0.265,0.9814,540,0
SPY190802P294,2019-08-01,2019-08-01 09:35:29,0.27,1.0,1531,0.26,0.9629,16,0.27,1.0,8,0.265,0.9814,540,0
SPY190802P294,2019-08-01,2019-08-01 09:35:29,0.27,1.0,1895,0.26,0.9629,16,0.27,1.0,8,0.265,0.9814,540,0
SPY190802P294,2019-08-01,2019-08-01 09:35:30,0.27,1.0,1895,0.26,0.9629,16,0.27,1.0,8,0.265,0.9814,540,0
SPY190802P294,2019-08-01,2019-08-01 09:35:31,0.27,1.0,1895,0.26,0.9629,16,0.27,1.0,8,0.265,0.9814,540,0
SPY190802P294,2019-08-01,2019-08-01 09:35:32,0.27,1.0,2316,0.26,0.9629,16,0.27,1.0,8,0.265,0.9814,540,0
SPY190802P294,2019-08-01,2019-08-01 09:35:32,0.27,1.0,2117,0.26,0.9629,16,0.27,1.0,8,0.265,0.9814,540,0
SPY190802P294,2019-08-01,2019-08-01 09:35:33,0.27,1.0,2066,0.26,0.9629,16,0.27,1.0,8,0.265,0.9814,540,0
SPY190802P294,2019-08-01,2019-08-01 09:35:34,0.27,1.0,1645,0.26,0.9629,16,0.26,0.9629,7,0.265,0.9814,547,7
SPY190802P294,2019-08-01,2019-08-01 09:35:34,0.27,1.0,1645,0.26,0.9629,16,0.27,1.0,8,0.265,0.9814,540,0
SPY190802P294,2019-08-01,2019-08-01 09:35:35,0.27,1.0,2006,0.26,0.9629,16,0.26,0.9629,7,0.265,0.9814,547,0
SPY190802P294,2019-08-01,2019-08-01 09:35:36,0.27,1.0,2245,0.26,0.9629,16,0.26,0.9629,7,0.265,0.9814,547,0
SPY190802P294,2019-08-01,2019-08-01 09:35:37,0.26,0.9629,622,0.25,0.9259,1123,0.26,0.9629,16,0.255,0.9444,563,16
SPY190802P294,2019-08-01,2019-08-01 09:35:37,0.27,1.0,2245,0.26,0.9629,16,0.26,0.9629,7,0.265,0.9814,547,0
SPY190802P294,2019-08-01,2019-08-01 09:35:38,0.26,0.9629,1012,0.25,0.9259,950,0.26,0.9629,16,0.255,0.9444,563,0
SPY190802P294,2019-08-01,2019-08-01 09:35:39,0.26,0.9629,386,0.25,0.9259,1103,0.26,0.9629,16,0.255,0.9444,563,0
SPY190802P294,2019-08-01,2019-08-01 09:35:40,0.26,0.9629,386,0.25,0.9259,1649,0.26,0.9629,16,0.255,0.9444,563,0
SPY190802P294,2019-08-01,2019-08-01 09:35:40,0.27,1.0,1983,0.25,0.9259,2332,0.26,0.9629,16,0.26,0.9629,563,0
SPY190802P294,2019-08-01,2019-08-01 09:35:41,0.27,1.0,910,0.26,0.9629,5,0.26,0.9629,16,0.265,0.9814,563,0
SPY190802P294,2019-08-01,2019-08-01 09:35:41,0.27,1.0,880,0.26,0.9629,5,0.26,0.9629,16,0.265,0.9814,563,0
SPY190802P294,2019-08-01,2019-08-01 09:35:42,0.27,1.0,1319,0.26,0.9629,66,0.26,0.9629,16,0.265,0.9814,563,0
SPY190802P294,2019-08-01,2019-08-01 09:35:43,0.27,1.0,1319,0.26,0.9629,66,0.26,0.9629,16,0.265,0.9814,563,0
SPY190802P294,2019-08-01,2019-08-01 09:35:43,0.26,0.9629,382,0.25,0.9259,957,0.26,0.9629,16,0.255,0.9444,563,0
SPY190802P294,2019-08-01,2019-08-01 09:35:44,0.26,0.9629,382,0.25,0.9259,1209,0.26,0.9629,16,0.255,0.9444,563,0
SPY190802P294,2019-08-01,2019-08-01 09:35:44,0.26,0.9629,382,0.25,0.9259,2080,0.26,0.9629,16,0.255,0.9444,563,0
SPY190802P294,2019-08-01,2019-08-01 09:35:45,0.26,0.9629,382,0.25,0.9259,2059,0.26,0.9629,16,0.255,0.9444,563,0
SPY190802P294,2019-08-01,2019-08-01 09:35:46,0.26,0.9629,200,0.25,0.9259,2059,0.26,0.9629,16,0.255,0.9444,563,0
SPY190802P294,2019-08-01,2019-08-01 09:35:46,0.26,0.9629,116,0.25,0.9259,2059,0.26,0.9629,150,0.255,0.9444,713,150
SPY190802P294,2019-08-01,2019-08-01 09:35:47,0.26,0.9629,296,0.26,0.9629,5,0.26,0.9629,150,0.26,0.9629,713,0
SPY190802P294,2019-08-01,2019-08-01 09:35:47,0.26,0.9629,378,0.25,0.9259,1459,0.26,0.9629,150,0.255,0.9444,713,0
SPY190802P294,2019-08-01,2019-08-01 09:35:48,0.27,1.0,1838,0.25,0.9259,1841,0.26,0.9629,150,0.26,0.9629,713,0
SPY190802P294,2019-08-01,2019-08-01 09:35:49,0.26,0.9629,127,0.26,0.9629,5,0.26,0.9629,150,0.26,0.9629,713,0
SPY190802P294,2019-08-01,2019-08-01 09:35:49,0.26,0.9629,127,0.25,0.9259,1954,0.26,0.9629,150,0.255,0.9444,713,0
SPY190802P294,2019-08-01,2019-08-01 09:35:50,0.26,0.9629,5,0.25,0.9259,2107,0.26,0.9629,150,0.255,0.9444,713,0
SPY190802P294,2019-08-01,2019-08-01 09:35:50,0.26,0.9629,86,0.25,0.9259,2107,0.26,0.9629,150,0.255,0.9444,713,0
SPY190802P294,2019-08-01,2019-08-01 09:35:51,0.26,0.9629,202,0.25,0.9259,1865,0.26,0.9629,150,0.255,0.9444,713,0
SPY190802P294,2019-08-01,2019-08-01 09:35:51,0.26,0.9629,86,0.25,0.9259,1461,0.26,0.9629,150,0.255,0.9444,713,0
SPY190802P294,2019-08-01,2019-08-01 09:35:52,0.26,0.9629,407,0.25,0.9259,1504,0.26,0.9629,150,0.255,0.9444,713,0
SPY190802P294,2019-08-01,2019-08-01 09:35:53,0.26,0.9629,407,0.25,0.9259,1504,0.26,0.9629,150,0.255,0.9444,713,0
SPY190802P294,2019-08-01,2019-08-01 09:35:54,0.26,0.9629,407,0.25,0.9259,1493,0.26,0.9629,150,0.255,0.9444,713,0
SPY190802P294,2019-08-01,2019-08-01 09:35:54,0.26,0.9629,87,0.25,0.9259,1854,0.26,0.9629,150,0.255,0.9444,713,0
SPY190802P294,2019-08-01,2019-08-01 09:35:55,0.26,0.9629,115,0.25,0.9259,2093,0.26,0.9629,150,0.255,0.9444,713,0
SPY190802P294,2019-08-01,2019-08-01 09:35:55,0.26,0.9629,273,0.25,0.9259,2093,0.26,0.9629,150,0.255,0.9444,713,0
SPY190802P294,2019-08-01,2019-08-01 09:35:56,0.26,0.9629,122,0.25,0.9259,2093,0.26,0.9629,150,0.255,0.9444,713,0
SPY190802P294,2019-08-01,2019-08-01 09:35:56,0.26,0.9629,226,0.25,0.9259,2093,0.26,0.9629,150,0.255,0.9444,713,0
SPY190802P294,2019-08-01,2019-08-01 09:35:57,0.27,1.0,1906,0.26,0.9629,171,0.26,0.9629,150,0.265,0.9814,713,0
SPY190802P294,2019-08-01,2019-08-01 09:35:58,0.27,1.0,1906,0.26,0.9629,171,0.26,0.9629,150,0.265,0.9814,713,0
SPY190802P294,2019-08-01,2019-08-01 09:35:58,0.27,1.0,1906,0.26,0.9629,327,0.26,0.9629,150,0.265,0.9814,713,0
SPY190802P294,2019-08-01,2019-08-01 09:35:59,0.27,1.0,1906,0.26,0.9629,299,0.26,0.9629,150,0.265,0.9814,713,0
SPY190802P294,2019-08-01,2019-08-01 09:36:00,0.27,1.0,1200,0.26,0.9629,850,0.26,0.9629,150,0.265,0.9814,713,0
SPY190802P294,2019-08-01,2019-08-01 09:36:00,0.27,1.0,5,0.26,0.9629,1884,0.26,0.9629,150,0.265,0.9814,713,0
SPY190802P294,2019-08-01,2019-08-01 09:36:01,0.27,1.0,139,0.26,0.9629,1569,0.26,0.9629,150,0.265,0.9814,713,0
SPY190802P294,2019-08-01,2019-08-01 09:36:01,0.27,1.0,323,0.26,0.9629,1122,0.26,0.9629,150,0.265,0.9814,713,0
SPY190802P294,2019-08-01,2019-08-01 09:36:02,0.27,1.0,99,0.26,0.9629,1126,0.26,0.9629,150,0.265,0.9814,713,0
SPY190802P294,2019-08-01,2019-08-01 09:36:02,0.27,1.0,546,0.26,0.9629,1126,0.26,0.9629,150,0.265,0.9814,713,0
SPY190802P294,2019-08-01,2019-08-01 09:36:03,0.27,1.0,546,0.26,0.9629,1229,0.26,0.9629,150,0.265,0.9814,713,0
SPY190802P294,2019-08-01,2019-08-01 09:36:04,0.27,1.0,468,0.26,0.9629,1229,0.26,0.9629,150,0.265,0.9814,713,0
SPY190802P294,2019-08-01,2019-08-01 09:36:04,0.27,1.0,546,0.26,0.9629,1229,0.26,0.9629,150,0.265,0.9814,713,0
SPY190802P294,2019-08-01,2019-08-01 09:36:05,0.27,1.0,468,0.26,0.9629,1229,0.26,0.9629,150,0.265,0.9814,713,0
SPY190802P294,2019-08-01,2019-08-01 09:36:06,0.27,1.0,2034,0.26,0.9629,513,0.26,0.9629,150,0.265,0.9814,713,0
SPY190802P294,2019-08-01,2019-08-01 09:36:06,0.27,1.0,2034,0.26,0.9629,1229,0.26,0.9629,150,0.265,0.9814,713,0
SPY190802P294,2019-08-01,2019-08-01 09:36:07,0.27,1.0,1940,0.26,0.9629,16,0.26,0.9629,150,0.265,0.9814,713,0
SPY190802P294,2019-08-01,2019-08-01 09:36:07,0.27,1.0,2034,0.26,0.9629,269,0.26,0.9629,150,0.265,0.9814,713,0
SPY190802P294,2019-08-01,2019-08-01 09:36:08,0.27,1.0,1940,0.26,0.9629,489,0.26,0.9629,150,0.265,0.9814,713,0
SPY190802P294,2019-08-01,2019-08-01 09:36:09,0.27,1.0,1491,0.26,0.9629,489,0.26,0.9629,150,0.265,0.9814,713,0
SPY190802P294,2019-08-01,2019-08-01 09:36:09,0.27,1.0,1730,0.26,0.9629,590,0.26,0.9629,150,0.265,0.9814,713,0
SPY190802P294,2019-08-01,2019-08-01 09:36:10,0.27,1.0,1474,0.26,0.9629,546,0.26,0.9629,150,0.265,0.9814,713,0
SPY190802P294,2019-08-01,2019-08-01 09:36:11,0.27,1.0,1719,0.26,0.9629,590,0.26,0.9629,150,0.265,0.9814,713,0
SPY190802P294,2019-08-01,2019-08-01 09:36:11,0.27,1.0,1474,0.26,0.9629,546,0.26,0.9629,150,0.265,0.9814,713,0
SPY190802P294,2019-08-01,2019-08-01 09:36:12,0.27,1.0,943,0.26,0.9629,590,0.26,0.9629,150,0.265,0.9814,713,0
SPY190802P294,2019-08-01,2019-08-01 09:36:12,0.27,1.0,1200,0.26,0.9629,79,0.26,0.9629,150,0.265,0.9814,713,0
SPY190802P294,2019-08-01,2019-08-01 09:36:13,0.27,1.0,2135,0.26,0.9629,300,0.26,0.9629,150,0.265,0.9814,713,0
SPY190802P294,2019-08-01,2019-08-01 09:36:14,0.26,0.9629,58,0.25,0.9259,2133,0.26,0.9629,150,0.255,0.9444,713,0
SPY190802P294,2019-08-01,2019-08-01 09:36:14,0.26,0.9629,186,0.25,0.9259,2133,0.26,0.9629,150,0.255,0.9444,713,0
SPY190802P294,2019-08-01,2019-08-01 09:36:15,0.27,1.0,1471,0.26,0.9629,380,0.26,0.9629,150,0.265,0.9814,713,0
SPY190802P294,2019-08-01,2019-08-01 09:36:15,0.27,1.0,2383,0.26,0.9629,245,0.26,0.9629,150,0.265,0.9814,713,0
SPY190802P294,2019-08-01,2019-08-01 09:36:16,0.27,1.0,443,0.26,0.9629,945,0.26,0.9629,150,0.265,0.9814,713,0
SPY190802P294,2019-08-01,2019-08-01 09:36:16,0.27,1.0,443,0.26,0.9629,1070,0.26,0.9629,150,0.265,0.9814,713,0
SPY190802P294,2019-08-01,2019-08-01 09:36:17,0.27,1.0,328,0.26,0.9629,945,0.26,0.9629,150,0.265,0.9814,713,0
SPY190802P294,2019-08-01,2019-08-01 09:36:18,0.27,1.0,508,0.26,0.9629,991,0.27,1.0,2,0.265,0.9814,715,2
SPY190802P294,2019-08-01,2019-08-01 09:36:18,0.27,1.0,508,0.26,0.9629,1321,0.27,1.0,2,0.265,0.9814,715,0
SPY190802P294,2019-08-01,2019-08-01 09:36:19,0.27,1.0,503,0.26,0.9629,1321,0.27,1.0,2,0.265,0.9814,715,0
SPY190802P294,2019-08-01,2019-08-01 09:36:20,0.27,1.0,885,0.26,0.9629,1321,0.27,1.0,2,0.265,0.9814,715,0
SPY190802P294,2019-08-01,2019-08-01 09:36:20,0.27,1.0,610,0.26,0.9629,1321,0.27,1.0,2,0.265,0.9814,715,0
SPY190802P294,2019-08-01,2019-08-01 09:36:21,0.27,1.0,885,0.26,0.9629,991,0.27,1.0,2,0.265,0.9814,715,0
SPY190802P294,2019-08-01,2019-08-01 09:36:21,0.27,1.0,408,0.26,0.9629,1269,0.27,1.0,2,0.265,0.9814,715,0
SPY190802P294,2019-08-01,2019-08-01 09:36:22,0.27,1.0,408,0.26,0.9629,1772,0.27,1.0,1,0.265,0.9814,716,1
SPY190802P294,2019-08-01,2019-08-01 09:36:22,0.27,1.0,408,0.26,0.9629,1269,0.27,1.0,2,0.265,0.9814,715,0
SPY190802P294,2019-08-01,2019-08-01 09:36:23,0.27,1.0,1,0.26,0.9629,1772,0.27,1.0,1,0.265,0.9814,716,0
SPY190802P294,2019-08-01,2019-08-01 09:36:24,0.28,1.037,1600,0.27,1.0,29,0.27,1.0,1,0.275,1.0185,716,0
SPY190802P294,2019-08-01,2019-08-01 09:36:24,0.28,1.037,2594,0.26,0.9629,1589,0.27,1.0,1,0.27,1.0,716,0
SPY190802P294,2019-08-01,2019-08-01 09:36:25,0.28,1.037,1657,0.27,1.0,66,0.27,1.0,1,0.275,1.0185,716,0
SPY190802P294,2019-08-01,2019-08-01 09:36:25,0.28,1.037,66,0.27,1.0,369,0.27,1.0,1,0.275,1.0185,716,0
SPY190802P294,2019-08-01,2019-08-01 09:36:26,0.28,1.037,66,0.27,1.0,2087,0.27,1.0,1,0.275,1.0185,716,0
SPY190802P294,2019-08-01,2019-08-01 09:36:27,0.28,1.037,66,0.27,1.0,1848,0.27,1.0,1,0.275,1.0185,716,0
SPY190802P294,2019-08-01,2019-08-01 09:36:27,0.28,1.037,5,0.27,1.0,1848,0.27,1.0,1,0.275,1.0185,716,0
SPY190802P294,2019-08-01,2019-08-01 09:36:28,0.28,1.037,5,0.27,1.0,2503,0.27,1.0,1,0.275,1.0185,716,0
SPY190802P294,2019-08-01,2019-08-01 09:36:29,0.29,1.074,857,0.28,1.037,382,0.28,1.037,1,0.285,1.0555,721,1
SPY190802P294,2019-08-01,2019-08-01 09:36:29,0.28,1.037,1,0.27,1.0,4725,0.28,1.037,4,0.275,1.0185,720,4
SPY190802P294,2019-08-01,2019-08-01 09:36:30,0.3,1.1111,3836,0.29,1.074,5,0.28,1.037,1,0.295,1.0925,721,0
SPY190802P294,2019-08-01,2019-08-01 09:36:30,0.3,1.1111,3451,0.29,1.074,5,0.28,1.037,1,0.295,1.0925,721,0
SPY190802P294,2019-08-01,2019-08-01 09:36:31,0.3,1.1111,2721,0.29,1.074,5,0.28,1.037,1,0.295,1.0925,721,0
SPY190802P294,2019-08-01,2019-08-01 09:36:32,0.29,1.074,82,0.28,1.037,1374,0.28,1.037,1,0.285,1.0555,721,0
SPY190802P294,2019-08-01,2019-08-01 09:36:33,0.29,1.074,82,0.28,1.037,928,0.28,1.037,1,0.285,1.0555,721,0
SPY190802P294,2019-08-01,2019-08-01 09:36:33,0.29,1.074,1734,0.28,1.037,963,0.28,1.037,1,0.285,1.0555,721,0
SPY190802P294,2019-08-01,2019-08-01 09:36:34,0.29,1.074,1216,0.28,1.037,1284,0.28,1.037,1,0.285,1.0555,721,0
SPY190802P294,2019-08-01,2019-08-01 09:36:34,0.29,1.074,2046,0.28,1.037,1273,0.28,1.037,1,0.285,1.0555,721,0
SPY190802P294,2019-08-01,2019-08-01 09:36:35,0.29,1.074,1080,0.28,1.037,1309,0.28,1.037,1,0.285,1.0555,721,0
SPY190802P294,2019-08-01,2019-08-01 09:36:35,0.29,1.074,290,0.28,1.037,1211,0.28,1.037,1,0.285,1.0555,721,0
SPY190802P294,2019-08-01,2019-08-01 09:36:36,0.29,1.074,290,0.28,1.037,1445,0.28,1.037,1,0.285,1.0555,721,0
SPY190802P294,2019-08-01,2019-08-01 09:36:37,0.29,1.074,337,0.28,1.037,1434,0.28,1.037,1,0.285,1.0555,721,0
SPY190802P294,2019-08-01,2019-08-01 09:36:37,0.29,1.074,337,0.28,1.037,1316,0.28,1.037,1,0.285,1.0555,721,0
SPY190802P294,2019-08-01,2019-08-01 09:36:38,0.29,1.074,914,0.28,1.037,364,0.28,1.037,1,0.285,1.0555,721,0
SPY190802P294,2019-08-01,2019-08-01 09:36:38,0.29,1.074,1152,0.28,1.037,980,0.28,1.037,1,0.285,1.0555,721,0
SPY190802P294,2019-08-01,2019-08-01 09:36:39,0.29,1.074,797,0.28,1.037,223,0.28,1.037,1,0.285,1.0555,721,0
SPY190802P294,2019-08-01,2019-08-01 09:36:39,0.29,1.074,914,0.28,1.037,1273,0.28,1.037,1,0.285,1.0555,721,0
SPY190802P294,2019-08-01,2019-08-01 09:36:40,0.29,1.074,1393,0.28,1.037,29,0.28,1.037,1,0.285,1.0555,721,0
SPY190802P294,2019-08-01,2019-08-01 09:36:41,0.29,1.074,1397,0.28,1.037,482,0.28,1.037,1,0.285,1.0555,721,0
SPY190802P294,2019-08-01,2019-08-01 09:36:41,0.29,1.074,975,0.28,1.037,342,0.28,1.037,1,0.285,1.0555,721,0
SPY190802P294,2019-08-01,2019-08-01 09:36:42,0.29,1.074,1397,0.28,1.037,482,0.28,1.037,1,0.285,1.0555,721,0
SPY190802P294,2019-08-01,2019-08-01 09:36:43,0.29,1.074,943,0.28,1.037,440,0.28,1.037,1,0.285,1.0555,721,0
SPY190802P294,2019-08-01,2019-08-01 09:36:44,0.29,1.074,540,0.28,1.037,1705,0.28,1.037,1,0.285,1.0555,721,0
SPY190802P294,2019-08-01,2019-08-01 09:36:44,0.29,1.074,540,0.28,1.037,1160,0.28,1.037,1,0.285,1.0555,721,0
SPY190802P294,2019-08-01,2019-08-01 09:36:45,0.29,1.074,866,0.28,1.037,1705,0.28,1.037,1,0.285,1.0555,721,0
SPY190802P294,2019-08-01,2019-08-01 09:36:45,0.29,1.074,1051,0.28,1.037,480,0.28,1.037,1,0.285,1.0555,721,0
SPY190802P294,2019-08-01,2019-08-01 09:36:46,0.29,1.074,1051,0.28,1.037,480,0.28,1.037,1,0.285,1.0555,721,0
SPY190802P294,2019-08-01,2019-08-01 09:36:47,0.29,1.074,319,0.28,1.037,494,0.28,1.037,1,0.285,1.0555,721,0
SPY190802P294,2019-08-01,2019-08-01 09:36:48,0.29,1.074,301,0.28,1.037,494,0.28,1.037,1,0.285,1.0555,721,0
SPY190802P294,2019-08-01,2019-08-01 09:36:48,0.29,1.074,237,0.28,1.037,206,0.28,1.037,1,0.285,1.0555,721,0
SPY190802P294,2019-08-01,2019-08-01 09:36:49,0.29,1.074,1541,0.27,1.0,2060,0.29,1.074,2,0.28,1.037,723,2
SPY190802P294,2019-08-01,2019-08-01 09:36:49,0.29,1.074,2029,0.28,1.037,47,0.29,1.074,2,0.285,1.0555,723,0
SPY190802P294,2019-08-01,2019-08-01 09:36:50,0.29,1.074,488,0.28,1.037,755,0.29,1.074,2,0.285,1.0555,723,0
SPY190802P294,2019-08-01,2019-08-01 09:36:50,0.29,1.074,422,0.28,1.037,697,0.29,1.074,2,0.285,1.0555,723,0
SPY190802P294,2019-08-01,2019-08-01 09:36:51,0.29,1.074,472,0.28,1.037,248,0.29,1.074,2,0.285,1.0555,723,0
SPY190802P294,2019-08-01,2019-08-01 09:36:52,0.29,1.074,593,0.28,1.037,708,0.29,1.074,2,0.285,1.0555,723,0
SPY190802P294,2019-08-01,2019-08-01 09:36:52,0.29,1.074,593,0.28,1.037,248,0.29,1.074,2,0.285,1.0555,723,0
SPY190802P294,2019-08-01,2019-08-01 09:36:53,0.29,1.074,706,0.28,1.037,152,0.29,1.074,2,0.285,1.0555,723,0
SPY190802P294,2019-08-01,2019-08-01 09:36:53,0.29,1.074,593,0.28,1.037,1121,0.29,1.074,2,0.285,1.0555,723,0
SPY190802P294,2019-08-01,2019-08-01 09:36:54,0.29,1.074,1502,0.28,1.037,447,0.29,1.074,2,0.285,1.0555,723,0
SPY190802P294,2019-08-01,2019-08-01 09:36:54,0.29,1.074,1502,0.28,1.037,426,0.29,1.074,2,0.285,1.0555,723,0
SPY190802P294,2019-08-01,2019-08-01 09:36:55,0.29,1.074,693,0.28,1.037,627,0.29,1.074,2,0.285,1.0555,723,0
SPY190802P294,2019-08-01,2019-08-01 09:36:55,0.29,1.074,930,0.28,1.037,627,0.29,1.074,2,0.285,1.0555,723,0
SPY190802P294,2019-08-01,2019-08-01 09:36:56,0.29,1.074,1165,0.28,1.037,627,0.29,1.074,2,0.285,1.0555,723,0
SPY190802P294,2019-08-01,2019-08-01 09:36:56,0.29,1.074,2494,0.27,1.0,1994,0.29,1.074,2,0.28,1.037,723,0
SPY190802P294,2019-08-01,2019-08-01 09:36:57,0.28,1.037,213,0.27,1.0,2238,0.29,1.074,2,0.275,1.0185,723,0
SPY190802P294,2019-08-01,2019-08-01 09:36:58,0.28,1.037,5,0.27,1.0,2452,0.29,1.074,2,0.275,1.0185,723,0
SPY190802P294,2019-08-01,2019-08-01 09:36:58,0.28,1.037,5,0.27,1.0,1635,0.29,1.074,2,0.275,1.0185,723,0
SPY190802P294,2019-08-01,2019-08-01 09:36:59,0.28,1.037,1,0.27,1.0,2452,0.29,1.074,2,0.275,1.0185,723,0
SPY190802P294,2019-08-01,2019-08-01 09:36:59,0.28,1.037,1,0.27,1.0,2807,0.29,1.074,2,0.275,1.0185,723,0
SPY190802P294,2019-08-01,2019-08-01 09:37:00,0.28,1.037,1,0.27,1.0,2857,0.29,1.074,2,0.275,1.0185,723,0
SPY190802P294,2019-08-01,2019-08-01 09:37:00,0.28,1.037,1,0.27,1.0,3976,0.29,1.074,2,0.275,1.0185,723,0
SPY190802P294,2019-08-01,2019-08-01 09:37:01,0.28,1.037,1,0.27,1.0,3976,0.29,1.074,2,0.275,1.0185,723,0
SPY190802P294,2019-08-01,2019-08-01 09:37:02,0.28,1.037,1,0.27,1.0,4268,0.29,1.074,2,0.275,1.0185,723,0
SPY190802P294,2019-08-01,2019-08-01 09:37:02,0.28,1.037,5,0.27,1.0,2307,0.29,1.074,2,0.275,1.0185,723,0
SPY190802P294,2019-08-01,2019-08-01 09:37:03,0.28,1.037,186,0.27,1.0,2149,0.29,1.074,2,0.275,1.0185,723,0
SPY190802P294,2019-08-01,2019-08-01 09:37:03,0.28,1.037,86,0.27,1.0,2307,0.29,1.074,2,0.275,1.0185,723,0
SPY190802P294,2019-08-01,2019-08-01 09:37:04,0.28,1.037,1,0.27,1.0,2149,0.29,1.074,2,0.275,1.0185,723,0
SPY190802P294,2019-08-01,2019-08-01 09:37:05,0.28,1.037,1,0.27,1.0,4086,0.29,1.074,2,0.275,1.0185,723,0
SPY190802P294,2019-08-01,2019-08-01 09:37:05,0.28,1.037,1,0.27,1.0,4279,0.29,1.074,2,0.275,1.0185,723,0
SPY190802P294,2019-08-01,2019-08-01 09:37:06,0.28,1.037,1,0.27,1.0,2300,0.29,1.074,2,0.275,1.0185,723,0
SPY190802P294,2019-08-01,2019-08-01 09:37:07,0.28,1.037,1,0.27,1.0,2409,0.29,1.074,2,0.275,1.0185,723,0
SPY190802P294,2019-08-01,2019-08-01 09:37:07,0.28,1.037,1,0.27,1.0,2313,0.29,1.074,2,0.275,1.0185,723,0
SPY190802P294,2019-08-01,2019-08-01 09:37:08,0.28,1.037,16,0.27,1.0,2346,0.29,1.074,2,0.275,1.0185,723,0
SPY190802P294,2019-08-01,2019-08-01 09:37:08,0.28,1.037,16,0.27,1.0,2886,0.29,1.074,2,0.275,1.0185,723,0
SPY190802P294,2019-08-01,2019-08-01 09:37:09,0.28,1.037,16,0.27,1.0,2936,0.29,1.074,2,0.275,1.0185,723,0
SPY190802P294,2019-08-01,2019-08-01 09:37:10,0.28,1.037,16,0.27,1.0,2936,0.29,1.074,2,0.275,1.0185,723,0
SPY190802P294,2019-08-01,2019-08-01 09:37:11,0.28,1.037,16,0.27,1.0,3052,0.29,1.074,2,0.275,1.0185,723,0
SPY190802P294,2019-08-01,2019-08-01 09:37:12,0.28,1.037,16,0.27,1.0,3052,0.29,1.074,2,0.275,1.0185,723,0
SPY190802P294,2019-08-01,2019-08-01 09:37:12,0.28,1.037,1,0.27,1.0,3052,0.29,1.074,2,0.275,1.0185,723,0
SPY190802P294,2019-08-01,2019-08-01 09:37:13,0.28,1.037,1,0.27,1.0,3092,0.29,1.074,2,0.275,1.0185,723,0
SPY190802P294,2019-08-01,2019-08-01 09:37:13,0.28,1.037,1,0.27,1.0,3014,0.29,1.074,2,0.275,1.0185,723,0
SPY190802P294,2019-08-01,2019-08-01 09:37:14,0.29,1.074,133,0.28,1.037,3048,0.28,1.037,1,0.285,1.0555,724,0
SPY190802P294,2019-08-01,2019-08-01 09:37:14,0.29,1.074,289,0.28,1.037,1906,0.28,1.037,1,0.285,1.0555,724,1
SPY190802P294,2019-08-01,2019-08-01 09:37:15,0.29,1.074,133,0.28,1.037,3048,0.28,1.037,1,0.285,1.0555,724,0
SPY190802P294,2019-08-01,2019-08-01 09:37:16,0.29,1.074,880,0.28,1.037,2149,0.28,1.037,1,0.285,1.0555,724,0
SPY190802P294,2019-08-01,2019-08-01 09:37:16,0.29,1.074,423,0.28,1.037,1375,0.28,1.037,1,0.285,1.0555,724,0
SPY190802P294,2019-08-01,2019-08-01 09:37:17,0.29,1.074,129,0.28,1.037,2107,0.28,1.037,1,0.285,1.0555,724,0
SPY190802P294,2019-08-01,2019-08-01 09:37:18,0.29,1.074,156,0.28,1.037,2109,0.28,1.037,1,0.285,1.0555,724,0
SPY190802P294,2019-08-01,2019-08-01 09:37:18,0.29,1.074,97,0.28,1.037,1825,0.28,1.037,1,0.285,1.0555,724,0
SPY190802P294,2019-08-01,2019-08-01 09:37:19,0.29,1.074,160,0.28,1.037,2109,0.28,1.037,1,0.285,1.0555,724,0
SPY190802P294,2019-08-01,2019-08-01 09:37:20,0.29,1.074,97,0.28,1.037,2109,0.28,1.037,1,0.285,1.0555,724,0
SPY190802P294,2019-08-01,2019-08-01 09:37:20,0.29,1.074,67,0.28,1.037,2109,0.28,1.037,1,0.285,1.0555,724,0
SPY190802P294,2019-08-01,2019-08-01 09:37:21,0.29,1.074,67,0.28,1.037,2109,0.28,1.037,1,0.285,1.0555,724,0
SPY190802P294,2019-08-01,2019-08-01 09:37:22,0.29,1.074,66,0.28,1.037,3262,0.28,1.037,1,0.285,1.0555,724,0
SPY190802P294,2019-08-01,2019-08-01 09:37:22,0.29,1.074,66,0.28,1.037,2478,0.28,1.037,1,0.285,1.0555,724,0
SPY190802P294,2019-08-01,2019-08-01 09:37:23,0.29,1.074,66,0.28,1.037,3262,0.28,1.037,1,0.285,1.0555,724,0
SPY190802P294,2019-08-01,2019-08-01 09:37:24,0.3,1.1111,1993,0.28,1.037,4338,0.28,1.037,1,0.29,1.074,724,0
SPY190802P294,2019-08-01,2019-08-01 09:37:24,0.29,1.074,66,0.28,1.037,3025,0.28,1.037,1,0.285,1.0555,724,0
SPY190802P294,2019-08-01,2019-08-01 09:37:25,0.3,1.1111,2570,0.29,1.074,150,0.28,1.037,1,0.295,1.0925,724,0
SPY190802P294,2019-08-01,2019-08-01 09:37:25,0.3,1.1111,1736,0.29,1.074,51,0.28,1.037,1,0.295,1.0925,724,0
SPY190802P294,2019-08-01,2019-08-01 09:37:26,0.3,1.1111,3094,0.29,1.074,5,0.28,1.037,1,0.295,1.0925,724,0
SPY190802P294,2019-08-01,2019-08-01 09:37:27,0.29,1.074,1,0.28,1.037,4422,0.28,1.037,1,0.285,1.0555,724,0
SPY190802P294,2019-08-01,2019-08-01 09:37:27,0.3,1.1111,1677,0.28,1.037,3037,0.28,1.037,1,0.29,1.074,724,0
SPY190802P294,2019-08-01,2019-08-01 09:37:28,0.3,1.1111,2077,0.29,1.074,425,0.28,1.037,1,0.295,1.0925,724,0
SPY190802P294,2019-08-01,2019-08-01 09:37:29,0.3,1.1111,3119,0.29,1.074,425,0.28,1.037,1,0.295,1.0925,724,0
SPY190802P294,2019-08-01,2019-08-01 09:37:29,0.3,1.1111,3049,0.29,1.074,425,0.28,1.037,1,0.295,1.0925,724,0
SPY190802P294,2019-08-01,2019-08-01 09:37:30,0.29,1.074,16,0.28,1.037,2508,0.28,1.037,1,0.285,1.0555,724,0
SPY190802P294,2019-08-01,2019-08-01 09:37:30,0.3,1.1111,2055,0.28,1.037,3260,0.28,1.037,1,0.29,1.074,724,0
SPY190802P294,2019-08-01,2019-08-01 09:37:31,0.3,1.1111,324,0.29,1.074,814,0.28,1.037,1,0.295,1.0925,724,0
SPY190802P294,2019-08-01,2019-08-01 09:37:31,0.3,1.1111,1990,0.29,1.074,328,0.28,1.037,1,0.295,1.0925,724,0
SPY190802P294,2019-08-01,2019-08-01 09:37:32,0.3,1.1111,324,0.29,1.074,1908,0.28,1.037,1,0.295,1.0925,724,0
SPY190802P294,2019-08-01,2019-08-01 09:37:32,0.3,1.1111,453,0.29,1.074,1908,0.28,1.037,1,0.295,1.0925,724,0
SPY190802P294,2019-08-01,2019-08-01 09:37:33,0.3,1.1111,389,0.29,1.074,1901,0.28,1.037,1,0.295,1.0925,724,0
SPY190802P294,2019-08-01,2019-08-01 09:37:34,0.3,1.1111,51,0.29,1.074,2177,0.28,1.037,1,0.295,1.0925,724,0
SPY190802P294,2019-08-01,2019-08-01 09:37:34,0.3,1.1111,37,0.29,1.074,1696,0.28,1.037,1,0.295,1.0925,724,0
SPY190802P294,2019-08-01,2019-08-01 09:37:35,0.3,1.1111,51,0.29,1.074,2023,0.28,1.037,1,0.295,1.0925,724,0
SPY190802P294,2019-08-01,2019-08-01 09:37:35,0.3,1.1111,202,0.29,1.074,2841,0.28,1.037,1,0.295,1.0925,724,0
SPY190802P294,2019-08-01,2019-08-01 09:37:36,0.3,1.1111,288,0.29,1.074,2841,0.28,1.037,1,0.295,1.0925,724,0
SPY190802P294,2019-08-01,2019-08-01 09:37:36,0.3,1.1111,467,0.29,1.074,2841,0.29,1.074,100,0.295,1.0925,1724,1000
SPY190802P294,2019-08-01,2019-08-01 09:37:37,0.3,1.1111,608,0.29,1.074,2841,0.29,1.074,100,0.295,1.0925,1724,0
SPY190802P294,2019-08-01,2019-08-01 09:37:37,0.3,1.1111,510,0.29,1.074,2269,0.29,1.074,100,0.295,1.0925,1724,0
SPY190802P294,2019-08-01,2019-08-01 09:37:38,0.3,1.1111,1279,0.29,1.074,1460,0.29,1.074,100,0.295,1.0925,1724,0
SPY190802P294,2019-08-01,2019-08-01 09:37:39,0.3,1.1111,1093,0.29,1.074,100,0.29,1.074,100,0.295,1.0925,1724,0
SPY190802P294,2019-08-01,2019-08-01 09:37:39,0.3,1.1111,2141,0.29,1.074,286,0.29,1.074,100,0.295,1.0925,1724,0
SPY190802P294,2019-08-01,2019-08-01 09:37:40,0.3,1.1111,829,0.29,1.074,593,0.29,1.074,100,0.295,1.0925,1724,0
SPY190802P294,2019-08-01,2019-08-01 09:37:40,0.3,1.1111,1681,0.29,1.074,286,0.29,1.074,100,0.295,1.0925,1724,0
SPY190802P294,2019-08-01,2019-08-01 09:37:41,0.3,1.1111,1573,0.29,1.074,1234,0.29,1.074,100,0.295,1.0925,1724,0
SPY190802P294,2019-08-01,2019-08-01 09:37:42,0.3,1.1111,1488,0.29,1.074,1659,0.29,1.074,100,0.295,1.0925,1724,0
SPY190802P294,2019-08-01,2019-08-01 09:37:42,0.3,1.1111,1484,0.29,1.074,1664,0.29,1.074,100,0.295,1.0925,1724,0
SPY190802P294,2019-08-01,2019-08-01 09:37:43,0.3,1.1111,1488,0.29,1.074,1853,0.29,1.074,100,0.295,1.0925,1724,0
SPY190802P294,2019-08-01,2019-08-01 09:37:43,0.3,1.1111,1488,0.29,1.074,1659,0.29,1.074,100,0.295,1.0925,1724,0
SPY190802P294,2019-08-01,2019-08-01 09:37:44,0.3,1.1111,836,0.29,1.074,245,0.29,1.074,100,0.295,1.0925,1724,0
SPY190802P294,2019-08-01,2019-08-01 09:37:44,0.3,1.1111,838,0.29,1.074,245,0.29,1.074,100,0.295,1.0925,1724,0
SPY190802P294,2019-08-01,2019-08-01 09:37:45,0.3,1.1111,1285,0.29,1.074,245,0.29,1.074,100,0.295,1.0925,1724,0
SPY190802P294,2019-08-01,2019-08-01 09:37:45,0.3,1.1111,1247,0.29,1.074,245,0.29,1.074,100,0.295,1.0925,1724,0
SPY190802P294,2019-08-01,2019-08-01 09:37:46,0.3,1.1111,1247,0.29,1.074,238,0.29,1.074,100,0.295,1.0925,1724,0
SPY190802P294,2019-08-01,2019-08-01 09:37:47,0.3,1.1111,398,0.29,1.074,611,0.29,1.074,100,0.295,1.0925,1724,0
SPY190802P294,2019-08-01,2019-08-01 09:37:47,0.3,1.1111,518,0.29,1.074,505,0.29,1.074,100,0.295,1.0925,1724,0
SPY190802P294,2019-08-01,2019-08-01 09:37:48,0.3,1.1111,518,0.29,1.074,379,0.29,1.074,100,0.295,1.0925,1724,0
SPY190802P294,2019-08-01,2019-08-01 09:37:49,0.3,1.1111,518,0.29,1.074,245,0.29,1.074,100,0.295,1.0925,1724,0
SPY190802P294,2019-08-01,2019-08-01 09:37:49,0.3,1.1111,506,0.29,1.074,529,0.29,1.074,100,0.295,1.0925,1724,0
SPY190802P294,2019-08-01,2019-08-01 09:37:50,0.3,1.1111,868,0.29,1.074,10,0.29,1.074,100,0.295,1.0925,1724,0
SPY190802P294,2019-08-01,2019-08-01 09:37:51,0.3,1.1111,2380,0.29,1.074,10,0.29,1.074,100,0.295,1.0925,1724,0
SPY190802P294,2019-08-01,2019-08-01 09:37:52,0.3,1.1111,2380,0.29,1.074,10,0.29,1.074,100,0.295,1.0925,1724,0
SPY190802P294,2019-08-01,2019-08-01 09:37:53,0.3,1.1111,2927,0.29,1.074,10,0.29,1.074,100,0.295,1.0925,1724,0
SPY190802P294,2019-08-01,2019-08-01 09:37:53,0.3,1.1111,2393,0.29,1.074,10,0.29,1.074,100,0.295,1.0925,1724,0
SPY190802P294,2019-08-01,2019-08-01 09:37:54,0.3,1.1111,3048,0.29,1.074,10,0.29,1.074,100,0.295,1.0925,1724,0
SPY190802P294,2019-08-01,2019-08-01 09:37:55,0.3,1.1111,2555,0.29,1.074,10,0.29,1.074,100,0.295,1.0925,1724,0
SPY190802P294,2019-08-01,2019-08-01 09:37:55,0.3,1.1111,3155,0.29,1.074,10,0.29,1.074,100,0.295,1.0925,1724,0
SPY190802P294,2019-08-01,2019-08-01 09:37:56,0.3,1.1111,3155,0.29,1.074,10,0.29,1.074,100,0.295,1.0925,1724,0
SPY190802P294,2019-08-01,2019-08-01 09:37:57,0.3,1.1111,3155,0.29,1.074,10,0.29,1.074,100,0.295,1.0925,1724,0
SPY190802P294,2019-08-01,2019-08-01 09:37:58,0.3,1.1111,3099,0.29,1.074,10,0.29,1.074,100,0.295,1.0925,1724,0
SPY190802P294,2019-08-01,2019-08-01 09:37:59,0.29,1.074,424,0.28,1.037,16,0.29,1.074,1,0.285,1.0555,1735,11
SPY190802P294,2019-08-01,2019-08-01 09:37:59,0.29,1.074,424,0.28,1.037,16,0.29,1.074,1,0.285,1.0555,1735,0
SPY190802P294,2019-08-01,2019-08-01 09:38:00,0.29,1.074,2687,0.28,1.037,16,0.29,1.074,1,0.285,1.0555,1735,0
SPY190802P294,2019-08-01,2019-08-01 09:38:01,0.29,1.074,584,0.28,1.037,305,0.28,1.037,1,0.285,1.0555,1736,1
SPY190802P294,2019-08-01,2019-08-01 09:38:01,0.29,1.074,1237,0.28,1.037,108,0.29,1.074,1,0.285,1.0555,1735,0
SPY190802P294,2019-08-01,2019-08-01 09:38:02,0.29,1.074,78,0.28,1.037,552,0.28,1.037,1,0.285,1.0555,1736,0
SPY190802P294,2019-08-01,2019-08-01 09:38:02,0.3,1.1111,3282,0.28,1.037,3798,0.28,1.037,1,0.29,1.074,1736,0
SPY190802P294,2019-08-01,2019-08-01 09:38:03,0.29,1.074,261,0.28,1.037,2602,0.28,1.037,1,0.285,1.0555,1736,0
SPY190802P294,2019-08-01,2019-08-01 09:38:03,0.29,1.074,261,0.28,1.037,4322,0.28,1.037,1,0.285,1.0555,1736,0
SPY190802P294,2019-08-01,2019-08-01 09:38:04,0.29,1.074,256,0.28,1.037,1938,0.28,1.037,1,0.285,1.0555,1736,0
SPY190802P294,2019-08-01,2019-08-01 09:38:05,0.29,1.074,294,0.28,1.037,1938,0.28,1.037,1,0.285,1.0555,1736,0
SPY190802P294,2019-08-01,2019-08-01 09:38:05,0.29,1.074,414,0.28,1.037,1823,0.28,1.037,1,0.285,1.0555,1736,0
SPY190802P294,2019-08-01,2019-08-01 09:38:06,0.29,1.074,150,0.28,1.037,1823,0.28,1.037,1,0.285,1.0555,1736,0
SPY190802P294,2019-08-01,2019-08-01 09:38:06,0.29,1.074,185,0.28,1.037,1823,0.28,1.037,1,0.285,1.0555,1736,0
SPY190802P294,2019-08-01,2019-08-01 09:38:07,0.29,1.074,1701,0.28,1.037,217,0.28,1.037,20,0.285,1.0555,1756,20
SPY190802P294,2019-08-01,2019-08-01 09:38:07,0.29,1.074,1076,0.28,1.037,398,0.28,1.037,1,0.285,1.0555,1736,0
SPY190802P294,2019-08-01,2019-08-01 09:38:08,0.29,1.074,899,0.28,1.037,108,0.28,1.037,20,0.285,1.0555,1756,0
SPY190802P294,2019-08-01,2019-08-01 09:38:08,0.29,1.074,677,0.28,1.037,414,0.28,1.037,20,0.285,1.0555,1756,0
SPY190802P294,2019-08-01,2019-08-01 09:38:09,0.29,1.074,1558,0.28,1.037,128,0.28,1.037,21,0.285,1.0555,1777,21
SPY190802P294,2019-08-01,2019-08-01 09:38:10,0.29,1.074,1954,0.27,1.0,2860,0.28,1.037,21,0.28,1.037,1777,0
SPY190802P294,2019-08-01,2019-08-01 09:38:10,0.29,1.074,1558,0.28,1.037,88,0.28,1.037,21,0.285,1.0555,1777,0
SPY190802P294,2019-08-01,2019-08-01 09:38:11,0.29,1.074,2176,0.28,1.037,5,0.28,1.037,21,0.285,1.0555,1777,0
SPY190802P294,2019-08-01,2019-08-01 09:38:11,0.29,1.074,2476,0.27,1.0,2849,0.28,1.037,21,0.28,1.037,1777,0
SPY190802P294,2019-08-01,2019-08-01 09:38:12,0.29,1.074,2835,0.27,1.0,3136,0.27,1.0,8,0.28,1.037,1785,8
SPY190802P294,2019-08-01,2019-08-01 09:38:12,0.28,1.037,221,0.27,1.0,3136,0.28,1.037,1,0.275,1.0185,1786,1
SPY190802P294,2019-08-01,2019-08-01 09:38:13,0.28,1.037,278,0.27,1.0,2720,0.28,1.037,1,0.275,1.0185,1786,0
SPY190802P294,2019-08-01,2019-08-01 09:38:14,0.28,1.037,278,0.27,1.0,2720,0.28,1.037,1,0.275,1.0185,1786,0
SPY190802P294,2019-08-01,2019-08-01 09:38:14,0.28,1.037,278,0.27,1.0,4327,0.28,1.037,1,0.275,1.0185,1786,0
SPY190802P294,2019-08-01,2019-08-01 09:38:15,0.28,1.037,693,0.27,1.0,2109,0.28,1.037,1,0.275,1.0185,1786,0
SPY190802P294,2019-08-01,2019-08-01 09:38:15,0.28,1.037,278,0.27,1.0,2534,0.28,1.037,1,0.275,1.0185,1786,0
SPY190802P294,2019-08-01,2019-08-01 09:38:16,0.28,1.037,400,0.27,1.0,244,0.28,1.037,1,0.275,1.0185,1786,0
SPY190802P294,2019-08-01,2019-08-01 09:38:16,0.28,1.037,787,0.27,1.0,1950,0.28,1.037,1,0.275,1.0185,1786,0
SPY190802P294,2019-08-01,2019-08-01 09:38:17,0.28,1.037,400,0.27,1.0,238,0.28,1.037,1,0.275,1.0185,1786,0
SPY190802P294,2019-08-01,2019-08-01 09:38:18,0.28,1.037,1797,0.27,1.0,87,0.28,1.037,1,0.275,1.0185,1786,0
SPY190802P294,2019-08-01,2019-08-01 09:38:18,0.28,1.037,425,0.27,1.0,238,0.28,1.037,1,0.275,1.0185,1786,0
SPY190802P294,2019-08-01,2019-08-01 09:38:19,0.28,1.037,1230,0.27,1.0,63,0.28,1.037,1,0.275,1.0185,1786,0
SPY190802P294,2019-08-01,2019-08-01 09:38:19,0.28,1.037,1812,0.27,1.0,245,0.28,1.037,1,0.275,1.0185,1786,0
SPY190802P294,2019-08-01,2019-08-01 09:38:20,0.28,1.037,2682,0.26,0.9629,4302,0.28,1.037,1,0.27,1.0,1786,0
SPY190802P294,2019-08-01,2019-08-01 09:38:20,0.28,1.037,2049,0.26,0.9629,3180,0.28,1.037,1,0.27,1.0,1786,0
SPY190802P294,2019-08-01,2019-08-01 09:38:21,0.28,1.037,1812,0.27,1.0,231,0.28,1.037,1,0.275,1.0185,1786,0
SPY190802P294,2019-08-01,2019-08-01 09:38:22,0.28,1.037,1812,0.27,1.0,206,0.28,1.037,1,0.275,1.0185,1786,0
SPY190802P294,2019-08-01,2019-08-01 09:38:23,0.28,1.037,1812,0.27,1.0,300,0.28,1.037,1,0.275,1.0185,1786,0
SPY190802P294,2019-08-01,2019-08-01 09:38:23,0.28,1.037,1812,0.27,1.0,297,0.28,1.037,1,0.275,1.0185,1786,0
SPY190802P294,2019-08-01,2019-08-01 09:38:24,0.28,1.037,2400,0.27,1.0,305,0.28,1.037,1,0.275,1.0185,1786,0
SPY190802P294,2019-08-01,2019-08-01 09:38:25,0.28,1.037,192,0.27,1.0,2620,0.28,1.037,1,0.275,1.0185,1786,0
SPY190802P294,2019-08-01,2019-08-01 09:38:25,0.28,1.037,1984,0.27,1.0,305,0.28,1.037,1,0.275,1.0185,1786,0
SPY190802P294,2019-08-01,2019-08-01 09:38:26,0.28,1.037,130,0.27,1.0,3295,0.28,1.037,1,0.275,1.0185,1786,0
SPY190802P294,2019-08-01,2019-08-01 09:38:27,0.28,1.037,49,0.27,1.0,3966,0.28,1.037,1,0.275,1.0185,1786,0
SPY190802P294,2019-08-01,2019-08-01 09:38:27,0.28,1.037,49,0.27,1.0,4091,0.28,1.037,1,0.275,1.0185,1786,0
SPY190802P294,2019-08-01,2019-08-01 09:38:28,0.28,1.037,219,0.27,1.0,3295,0.28,1.037,1,0.275,1.0185,1786,0
SPY190802P294,2019-08-01,2019-08-01 09:38:28,0.28,1.037,86,0.27,1.0,4091,0.28,1.037,1,0.275,1.0185,1786,0
SPY190802P294,2019-08-01,2019-08-01 09:38:29,0.28,1.037,89,0.27,1.0,3903,0.28,1.037,1,0.275,1.0185,1786,0
SPY190802P294,2019-08-01,2019-08-01 09:38:29,0.28,1.037,156,0.27,1.0,3295,0.28,1.037,1,0.275,1.0185,1786,0
SPY190802P294,2019-08-01,2019-08-01 09:38:30,0.28,1.037,16,0.27,1.0,3897,0.28,1.037,1,0.275,1.0185,1786,0
SPY190802P294,2019-08-01,2019-08-01 09:38:30,0.29,1.074,240,0.28,1.037,43,0.28,1.037,1,0.285,1.0555,1786,0
SPY190802P294,2019-08-01,2019-08-01 09:38:31,0.29,1.074,512,0.28,1.037,93,0.28,1.037,1,0.285,1.0555,1786,0
SPY190802P294,2019-08-01,2019-08-01 09:38:32,0.29,1.074,1063,0.28,1.037,81,0.28,1.037,1,0.285,1.0555,1786,0
SPY190802P294,2019-08-01,2019-08-01 09:38:32,0.29,1.074,1815,0.28,1.037,125,0.28,1.037,1,0.285,1.0555,1786,0
SPY190802P294,2019-08-01,2019-08-01 09:38:33,0.29,1.074,1805,0.28,1.037,305,0.28,1.037,1,0.285,1.0555,1786,0
SPY190802P294,2019-08-01,2019-08-01 09:38:34,0.29,1.074,1041,0.28,1.037,198,0.28,1.037,1,0.285,1.0555,1786,0
SPY190802P294,2019-08-01,2019-08-01 09:38:34,0.29,1.074,1634,0.28,1.037,39,0.28,1.037,1,0.285,1.0555,1786,0
SPY190802P294,2019-08-01,2019-08-01 09:38:35,0.29,1.074,1203,0.28,1.037,85,0.28,1.037,1,0.285,1.0555,1786,0
SPY190802P294,2019-08-01,2019-08-01 09:38:35,0.29,1.074,1306,0.28,1.037,68,0.28,1.037,1,0.285,1.0555,1786,0
SPY190802P294,2019-08-01,2019-08-01 09:38:36,0.29,1.074,1156,0.28,1.037,71,0.28,1.037,1,0.285,1.0555,1786,0
SPY190802P294,2019-08-01,2019-08-01 09:38:36,0.29,1.074,1316,0.28,1.037,99,0.28,1.037,1,0.285,1.0555,1786,0
SPY190802P294,2019-08-01,2019-08-01 09:38:37,0.29,1.074,257,0.28,1.037,572,0.28,1.037,1,0.285,1.0555,1786,0
SPY190802P294,2019-08-01,2019-08-01 09:38:37,0.29,1.074,1806,0.28,1.037,376,0.28,1.037,1,0.285,1.0555,1786,0
SPY190802P294,2019-08-01,2019-08-01 09:38:38,0.29,1.074,354,0.28,1.037,622,0.28,1.037,1,0.285,1.0555,1786,0
SPY190802P294,2019-08-01,2019-08-01 09:38:39,0.29,1.074,354,0.28,1.037,669,0.28,1.037,1,0.285,1.0555,1786,0
SPY190802P294,2019-08-01,2019-08-01 09:38:39,0.29,1.074,334,0.28,1.037,934,0.28,1.037,1,0.285,1.0555,1786,0
SPY190802P294,2019-08-01,2019-08-01 09:38:40,0.29,1.074,77,0.28,1.037,2266,0.28,1.037,1,0.285,1.0555,1786,0
SPY190802P294,2019-08-01,2019-08-01 09:38:40,0.29,1.074,173,0.28,1.037,2266,0.28,1.037,1,0.285,1.0555,1786,0
SPY190802P294,2019-08-01,2019-08-01 09:38:41,0.29,1.074,73,0.28,1.037,2620,0.28,1.037,1,0.285,1.0555,1786,0
SPY190802P294,2019-08-01,2019-08-01 09:38:41,0.29,1.074,135,0.28,1.037,1951,0.28,1.037,1,0.285,1.0555,1786,0
SPY190802P294,2019-08-01,2019-08-01 09:38:42,0.3,1.1111,2769,0.28,1.037,3699,0.28,1.037,1,0.29,1.074,1786,0
SPY190802P294,2019-08-01,2019-08-01 09:38:43,0.29,1.074,658,0.28,1.037,1354,0.28,1.037,1,0.285,1.0555,1786,0
SPY190802P294,2019-08-01,2019-08-01 09:38:43,0.29,1.074,260,0.28,1.037,2070,0.28,1.037,1,0.285,1.0555,1786,0
SPY190802P294,2019-08-01,2019-08-01 09:38:44,0.29,1.074,1142,0.28,1.037,1354,0.28,1.037,1,0.285,1.0555,1786,0
SPY190802P294,2019-08-01,2019-08-01 09:38:44,0.29,1.074,980,0.28,1.037,1354,0.28,1.037,1,0.285,1.0555,1786,0
SPY190802P294,2019-08-01,2019-08-01 09:38:45,0.29,1.074,914,0.28,1.037,104,0.28,1.037,1,0.285,1.0555,1786,0
SPY190802P294,2019-08-01,2019-08-01 09:38:45,0.29,1.074,1512,0.28,1.037,5,0.28,1.037,1,0.285,1.0555,1786,0
SPY190802P294,2019-08-01,2019-08-01 09:38:46,0.29,1.074,1512,0.28,1.037,5,0.28,1.037,1,0.285,1.0555,1786,0
SPY190802P294,2019-08-01,2019-08-01 09:38:47,0.29,1.074,1512,0.28,1.037,5,0.28,1.037,1,0.285,1.0555,1786,0
SPY190802P294,2019-08-01,2019-08-01 09:38:47,0.29,1.074,1426,0.28,1.037,5,0.28,1.037,1,0.285,1.0555,1786,0
SPY190802P294,2019-08-01,2019-08-01 09:38:48,0.29,1.074,1426,0.28,1.037,266,0.28,1.037,1,0.285,1.0555,1786,0
SPY190802P294,2019-08-01,2019-08-01 09:38:48,0.29,1.074,1509,0.28,1.037,266,0.28,1.037,1,0.285,1.0555,1786,0
SPY190802P294,2019-08-01,2019-08-01 09:38:49,0.29,1.074,1509,0.28,1.037,266,0.28,1.037,1,0.285,1.0555,1786,0
SPY190802P294,2019-08-01,2019-08-01 09:38:50,0.29,1.074,1509,0.28,1.037,266,0.28,1.037,1,0.285,1.0555,1786,0
SPY190802P294,2019-08-01,2019-08-01 09:38:51,0.29,1.074,1509,0.28,1.037,266,0.28,1.037,1,0.285,1.0555,1786,0
SPY190802P294,2019-08-01,2019-08-01 09:38:52,0.29,1.074,1426,0.28,1.037,266,0.28,1.037,1,0.285,1.0555,1786,0
SPY190802P294,2019-08-01,2019-08-01 09:38:53,0.28,1.037,133,0.28,1.037,5,0.28,1.037,1,0.28,1.037,1786,0
SPY190802P294,2019-08-01,2019-08-01 09:38:54,0.28,1.037,738,0.27,1.0,865,0.28,1.037,1,0.275,1.0185,1786,0
SPY190802P294,2019-08-01,2019-08-01 09:38:54,0.28,1.037,180,0.27,1.0,2734,0.28,1.037,1,0.275,1.0185,1786,0
SPY190802P294,2019-08-01,2019-08-01 09:38:55,0.28,1.037,674,0.27,1.0,949,0.28,1.037,1,0.275,1.0185,1786,0
SPY190802P294,2019-08-01,2019-08-01 09:38:55,0.28,1.037,332,0.27,1.0,1791,0.28,1.037,1,0.275,1.0185,1786,0
SPY190802P294,2019-08-01,2019-08-01 09:38:56,0.28,1.037,855,0.27,1.0,873,0.28,1.037,1,0.275,1.0185,1786,0
SPY190802P294,2019-08-01,2019-08-01 09:38:57,0.28,1.037,1198,0.27,1.0,298,0.28,1.037,1,0.275,1.0185,1786,0
SPY190802P294,2019-08-01,2019-08-01 09:38:57,0.28,1.037,1578,0.27,1.0,20,0.28,1.037,1,0.275,1.0185,1786,0
SPY190802P294,2019-08-01,2019-08-01 09:38:58,0.28,1.037,1812,0.27,1.0,5,0.28,1.037,1,0.275,1.0185,1786,0
SPY190802P294,2019-08-01,2019-08-01 09:38:59,0.28,1.037,2215,0.27,1.0,300,0.28,1.037,1,0.275,1.0185,1786,0
SPY190802P294,2019-08-01,2019-08-01 09:38:59,0.28,1.037,2034,0.27,1.0,559,0.28,1.037,1,0.275,1.0185,1786,0
SPY190802P294,2019-08-01,2019-08-01 09:39:00,0.27,1.0,90,0.26,0.9629,2110,0.28,1.037,1,0.265,0.9814,1786,0
SPY190802P294,2019-08-01,2019-08-01 09:39:00,0.27,1.0,184,0.26,0.9629,2344,0.28,1.037,1,0.265,0.9814,1786,0
SPY190802P294,2019-08-01,2019-08-01 09:39:01,0.27,1.0,78,0.26,0.9629,706,0.28,1.037,1,0.265,0.9814,1786,0
SPY190802P294,2019-08-01,2019-08-01 09:39:02,0.27,1.0,1463,0.26,0.9629,928,0.25,0.9259,25,0.265,0.9814,1811,25
SPY190802P294,2019-08-01,2019-08-01 09:39:02,0.27,1.0,458,0.26,0.9629,1272,0.28,1.037,1,0.265,0.9814,1786,0
SPY190802P294,2019-08-01,2019-08-01 09:39:03,0.27,1.0,495,0.25,0.9259,1983,0.25,0.9259,25,0.26,0.9629,1811,0
SPY190802P294,2019-08-01,2019-08-01 09:39:03,0.27,1.0,782,0.26,0.9629,928,0.25,0.9259,25,0.265,0.9814,1811,0
SPY190802P294,2019-08-01,2019-08-01 09:39:04,0.27,1.0,2270,0.25,0.9259,1437,0.25,0.9259,25,0.26,0.9629,1811,0
SPY190802P294,2019-08-01,2019-08-01 09:39:05,0.27,1.0,2908,0.25,0.9259,1629,0.25,0.9259,25,0.26,0.9629,1811,0
SPY190802P294,2019-08-01,2019-08-01 09:39:05,0.26,0.9629,792,0.25,0.9259,1237,0.25,0.9259,25,0.255,0.9444,1811,0
SPY190802P294,2019-08-01,2019-08-01 09:39:06,0.26,0.9629,2560,0.25,0.9259,263,0.25,0.9259,25,0.255,0.9444,1811,0
SPY190802P294,2019-08-01,2019-08-01 09:39:06,0.26,0.9629,792,0.25,0.9259,333,0.25,0.9259,25,0.255,0.9444,1811,0
SPY190802P294,2019-08-01,2019-08-01 09:39:07,0.26,0.9629,1718,0.25,0.9259,263,0.25,0.9259,25,0.255,0.9444,1811,0
SPY190802P294,2019-08-01,2019-08-01 09:39:07,0.26,0.9629,1450,0.25,0.9259,41,0.25,0.9259,25,0.255,0.9444,1811,0
SPY190802P294,2019-08-01,2019-08-01 09:39:08,0.26,0.9629,1831,0.25,0.9259,214,0.25,0.9259,25,0.255,0.9444,1811,0
SPY190802P294,2019-08-01,2019-08-01 09:39:09,0.26,0.9629,2729,0.25,0.9259,41,0.25,0.9259,25,0.255,0.9444,1811,0
SPY190802P294,2019-08-01,2019-08-01 09:39:09,0.26,0.9629,3105,0.24,0.8888,1386,0.25,0.9259,25,0.25,0.9259,1811,0
SPY190802P294,2019-08-01,2019-08-01 09:39:10,0.26,0.9629,2714,0.25,0.9259,16,0.25,0.9259,25,0.255,0.9444,1811,0
SPY190802P294,2019-08-01,2019-08-01 09:39:10,0.25,0.9259,217,0.24,0.8888,1612,0.25,0.9259,25,0.245,0.9074,1811,0
SPY190802P294,2019-08-01,2019-08-01 09:39:11,0.25,0.9259,217,0.24,0.8888,2517,0.25,0.9259,25,0.245,0.9074,1811,0
SPY190802P294,2019-08-01,2019-08-01 09:39:11,0.25,0.9259,217,0.24,0.8888,2575,0.25,0.9259,25,0.245,0.9074,1811,0
SPY190802P294,2019-08-01,2019-08-01 09:39:12,0.25,0.9259,50,0.24,0.8888,2360,0.25,0.9259,3,0.245,0.9074,1818,0
SPY190802P294,2019-08-01,2019-08-01 09:39:12,0.25,0.9259,50,0.24,0.8888,2258,0.25,0.9259,3,0.245,0.9074,1818,7
SPY190802P294,2019-08-01,2019-08-01 09:39:13,0.26,0.9629,2938,0.25,0.9259,5,0.25,0.9259,3,0.255,0.9444,1818,0
SPY190802P294,2019-08-01,2019-08-01 09:39:14,0.26,0.9629,2938,0.25,0.9259,5,0.25,0.9259,3,0.255,0.9444,1818,0
SPY190802P294,2019-08-01,2019-08-01 09:39:15,0.26,0.9629,2938,0.25,0.9259,212,0.25,0.9259,3,0.255,0.9444,1818,0
SPY190802P294,2019-08-01,2019-08-01 09:39:15,0.25,0.9259,722,0.25,0.9259,5,0.25,0.9259,3,0.25,0.9259,1818,0
SPY190802P294,2019-08-01,2019-08-01 09:39:16,0.25,0.9259,197,0.24,0.8888,1970,0.25,0.9259,3,0.245,0.9074,1818,0
SPY190802P294,2019-08-01,2019-08-01 09:39:16,0.25,0.9259,435,0.24,0.8888,1970,0.25,0.9259,3,0.245,0.9074,1818,0
SPY190802P294,2019-08-01,2019-08-01 09:39:17,0.25,0.9259,213,0.24,0.8888,1970,0.25,0.9259,3,0.245,0.9074,1818,0
SPY190802P294,2019-08-01,2019-08-01 09:39:18,0.25,0.9259,213,0.24,0.8888,1569,0.25,0.9259,3,0.245,0.9074,1818,0
SPY190802P294,2019-08-01,2019-08-01 09:39:18,0.25,0.9259,213,0.24,0.8888,1893,0.25,0.9259,3,0.245,0.9074,1818,0
SPY190802P294,2019-08-01,2019-08-01 09:39:19,0.26,0.9629,1825,0.25,0.9259,705,0.24,0.8888,5,0.255,0.9444,1823,0
SPY190802P294,2019-08-01,2019-08-01 09:39:19,0.26,0.9629,1926,0.24,0.8888,2319,0.24,0.8888,5,0.25,0.9259,1823,5
SPY190802P294,2019-08-01,2019-08-01 09:39:20,0.26,0.9629,1776,0.25,0.9259,1551,0.24,0.8888,5,0.255,0.9444,1823,0
SPY190802P294,2019-08-01,2019-08-01 09:39:20,0.26,0.9629,1790,0.25,0.9259,701,0.24,0.8888,5,0.255,0.9444,1823,0
SPY190802P294,2019-08-01,2019-08-01 09:39:21,0.26,0.9629,800,0.25,0.9259,1551,0.24,0.8888,5,0.255,0.9444,1823,0
SPY190802P294,2019-08-01,2019-08-01 09:39:22,0.26,0.9629,556,0.25,0.9259,1236,0.24,0.8888,5,0.255,0.9444,1823,0
SPY190802P294,2019-08-01,2019-08-01 09:39:22,0.26,0.9629,556,0.25,0.9259,895,0.24,0.8888,5,0.255,0.9444,1823,0
SPY190802P294,2019-08-01,2019-08-01 09:39:23,0.26,0.9629,699,0.25,0.9259,1257,0.24,0.8888,5,0.255,0.9444,1823,0
SPY190802P294,2019-08-01,2019-08-01 09:39:23,0.26,0.9629,764,0.25,0.9259,858,0.24,0.8888,5,0.255,0.9444,1823,0
SPY190802P294,2019-08-01,2019-08-01 09:39:24,0.26,0.9629,738,0.25,0.9259,1257,0.24,0.8888,5,0.255,0.9444,1823,0
SPY190802P294,2019-08-01,2019-08-01 09:39:24,0.26,0.9629,699,0.25,0.9259,1257,0.24,0.8888,5,0.255,0.9444,1823,0
SPY190802P294,2019-08-01,2019-08-01 09:39:25,0.26,0.9629,1061,0.25,0.9259,338,0.24,0.8888,5,0.255,0.9444,1823,0
SPY190802P294,2019-08-01,2019-08-01 09:39:25,0.26,0.9629,1619,0.25,0.9259,97,0.24,0.8888,5,0.255,0.9444,1823,0
SPY190802P294,2019-08-01,2019-08-01 09:39:26,0.26,0.9629,1109,0.25,0.9259,5,0.24,0.8888,5,0.255,0.9444,1823,0
SPY190802P294,2019-08-01,2019-08-01 09:39:27,0.25,0.9259,10,0.24,0.8888,2213,0.24,0.8888,5,0.245,0.9074,1823,0
SPY190802P294,2019-08-01,2019-08-01 09:39:27,0.25,0.9259,5,0.24,0.8888,1991,0.24,0.8888,5,0.245,0.9074,1823,0
SPY190802P294,2019-08-01,2019-08-01 09:39:28,0.25,0.9259,10,0.24,0.8888,2163,0.24,0.8888,5,0.245,0.9074,1823,0
SPY190802P294,2019-08-01,2019-08-01 09:39:29,0.25,0.9259,740,0.24,0.8888,1812,0.24,0.8888,5,0.245,0.9074,1823,0
SPY190802P294,2019-08-01,2019-08-01 09:39:29,0.25,0.9259,453,0.24,0.8888,2189,0.24,0.8888,5,0.245,0.9074,1823,0
SPY190802P294,2019-08-01,2019-08-01 09:39:30,0.25,0.9259,52,0.25,0.9259,5,0.24,0.8888,5,0.25,0.9259,1823,0
SPY190802P294,2019-08-01,2019-08-01 09:39:30,0.25,0.9259,453,0.24,0.8888,2189,0.24,0.8888,5,0.245,0.9074,1823,0
SPY190802P294,2019-08-01,2019-08-01 09:39:31,0.26,0.9629,2105,0.24,0.8888,2013,0.24,0.8888,5,0.25,0.9259,1823,0
SPY190802P294,2019-08-01,2019-08-01 09:39:32,0.26,0.9629,2728,0.24,0.8888,2013,0.24,0.8888,5,0.25,0.9259,1823,0
SPY190802P294,2019-08-01,2019-08-01 09:39:32,0.26,0.9629,2728,0.25,0.9259,401,0.24,0.8888,5,0.255,0.9444,1823,0
SPY190802P294,2019-08-01,2019-08-01 09:39:33,0.26,0.9629,1493,0.25,0.9259,135,0.24,0.8888,5,0.255,0.9444,1823,0
SPY190802P294,2019-08-01,2019-08-01 09:39:33,0.26,0.9629,1387,0.25,0.9259,135,0.24,0.8888,5,0.255,0.9444,1823,0
SPY190802P294,2019-08-01,2019-08-01 09:39:34,0.26,0.9629,1701,0.25,0.9259,135,0.24,0.8888,5,0.255,0.9444,1823,0
SPY190802P294,2019-08-01,2019-08-01 09:39:35,0.25,0.9259,5,0.25,0.9259,119,0.24,0.8888,5,0.25,0.9259,1823,0
SPY190802P294,2019-08-01,2019-08-01 09:39:36,0.26,0.9629,1887,0.25,0.9259,5,0.24,0.8888,5,0.255,0.9444,1823,0
SPY190802P294,2019-08-01,2019-08-01 09:39:36,0.25,0.9259,5,0.25,0.9259,119,0.24,0.8888,5,0.25,0.9259,1823,0
SPY190802P294,2019-08-01,2019-08-01 09:39:37,0.26,0.9629,1603,0.25,0.9259,278,0.24,0.8888,5,0.255,0.9444,1823,0
SPY190802P294,2019-08-01,2019-08-01 09:39:37,0.26,0.9629,1799,0.25,0.9259,408,0.24,0.8888,5,0.255,0.9444,1823,0
SPY190802P294,2019-08-01,2019-08-01 09:39:38,0.26,0.9629,1799,0.25,0.9259,278,0.25,0.9259,7,0.255,0.9444,1836,13
SPY190802P294,2019-08-01,2019-08-01 09:39:38,0.26,0.9629,1799,0.25,0.9259,278,0.25,0.9259,7,0.255,0.9444,1836,0
SPY190802P294,2019-08-01,2019-08-01 09:39:39,0.26,0.9629,1729,0.25,0.9259,502,0.25,0.9259,7,0.255,0.9444,1836,0
SPY190802P294,2019-08-01,2019-08-01 09:39:39,0.26,0.9629,1301,0.25,0.9259,28,0.25,0.9259,7,0.255,0.9444,1836,0
SPY190802P294,2019-08-01,2019-08-01 09:39:40,0.26,0.9629,1729,0.25,0.9259,452,0.25,0.9259,7,0.255,0.9444,1836,0
SPY190802P294,2019-08-01,2019-08-01 09:39:41,0.26,0.9629,1729,0.25,0.9259,452,0.25,0.9259,7,0.255,0.9444,1836,0
SPY190802P294,2019-08-01,2019-08-01 09:39:41,0.26,0.9629,2597,0.25,0.9259,1212,0.25,0.9259,7,0.255,0.9444,1836,0
SPY190802P294,2019-08-01,2019-08-01 09:39:42,0.26,0.9629,1729,0.25,0.9259,1816,0.25,0.9259,7,0.255,0.9444,1836,0
SPY190802P294,2019-08-01,2019-08-01 09:39:42,0.26,0.9629,1729,0.25,0.9259,1210,0.25,0.9259,7,0.255,0.9444,1836,0
SPY190802P294,2019-08-01,2019-08-01 09:39:43,0.26,0.9629,1729,0.25,0.9259,873,0.25,0.9259,7,0.255,0.9444,1836,0
SPY190802P294,2019-08-01,2019-08-01 09:39:44,0.26,0.9629,2515,0.25,0.9259,1163,0.25,0.9259,7,0.255,0.9444,1836,0
SPY190802P294,2019-08-01,2019-08-01 09:39:45,0.26,0.9629,2587,0.25,0.9259,443,0.25,0.9259,7,0.255,0.9444,1836,0
SPY190802P294,2019-08-01,2019-08-01 09:39:45,0.26,0.9629,1486,0.25,0.9259,553,0.25,0.9259,7,0.255,0.9444,1836,0
SPY190802P294,2019-08-01,2019-08-01 09:39:46,0.26,0.9629,2587,0.25,0.9259,738,0.25,0.9259,7,0.255,0.9444,1836,0
SPY190802P294,2019-08-01,2019-08-01 09:39:46,0.26,0.9629,2703,0.25,0.9259,738,0.25,0.9259,7,0.255,0.9444,1836,0
SPY190802P294,2019-08-01,2019-08-01 09:39:47,0.26,0.9629,1729,0.25,0.9259,243,0.25,0.9259,7,0.255,0.9444,1836,0
SPY190802P294,2019-08-01,2019-08-01 09:39:48,0.26,0.9629,1729,0.25,0.9259,293,0.25,0.9259,7,0.255,0.9444,1836,0
SPY190802P294,2019-08-01,2019-08-01 09:39:48,0.26,0.9629,1729,0.25,0.9259,637,0.25,0.9259,7,0.255,0.9444,1836,0
SPY190802P294,2019-08-01,2019-08-01 09:39:49,0.26,0.9629,1729,0.25,0.9259,889,0.25,0.9259,7,0.255,0.9444,1836,0
SPY190802P294,2019-08-01,2019-08-01 09:39:49,0.26,0.9629,2604,0.25,0.9259,1287,0.25,0.9259,7,0.255,0.9444,1836,0
SPY190802P294,2019-08-01,2019-08-01 09:39:50,0.26,0.9629,2604,0.25,0.9259,1287,0.25,0.9259,7,0.255,0.9444,1836,0
SPY190802P294,2019-08-01,2019-08-01 09:39:51,0.26,0.9629,559,0.25,0.9259,1301,0.25,0.9259,7,0.255,0.9444,1836,0
SPY190802P294,2019-08-01,2019-08-01 09:39:51,0.26,0.9629,393,0.25,0.9259,1646,0.25,0.9259,7,0.255,0.9444,1836,0
SPY190802P294,2019-08-01,2019-08-01 09:39:52,0.26,0.9629,10,0.25,0.9259,3689,0.25,0.9259,7,0.255,0.9444,1836,0
SPY190802P294,2019-08-01,2019-08-01 09:39:52,0.26,0.9629,179,0.25,0.9259,2618,0.25,0.9259,7,0.255,0.9444,1836,0
SPY190802P294,2019-08-01,2019-08-01 09:39:53,0.26,0.9629,10,0.25,0.9259,4018,0.25,0.9259,7,0.255,0.9444,1836,0
SPY190802P294,2019-08-01,2019-08-01 09:39:53,0.26,0.9629,10,0.25,0.9259,4127,0.25,0.9259,7,0.255,0.9444,1836,0
SPY190802P294,2019-08-01,2019-08-01 09:39:54,0.26,0.9629,10,0.25,0.9259,4127,0.25,0.9259,7,0.255,0.9444,1836,0
SPY190802P294,2019-08-01,2019-08-01 09:39:55,0.26,0.9629,10,0.25,0.9259,2982,0.25,0.9259,7,0.255,0.9444,1836,0
SPY190802P294,2019-08-01,2019-08-01 09:39:56,0.26,0.9629,384,0.25,0.9259,4144,0.25,0.9259,7,0.255,0.9444,1836,0
SPY190802P294,2019-08-01,2019-08-01 09:39:56,0.26,0.9629,390,0.25,0.9259,1466,0.25,0.9259,7,0.255,0.9444,1836,0
SPY190802P294,2019-08-01,2019-08-01 09:39:57,0.26,0.9629,509,0.25,0.9259,2273,0.25,0.9259,7,0.255,0.9444,1836,0
SPY190802P294,2019-08-01,2019-08-01 09:39:57,0.26,0.9629,677,0.25,0.9259,2754,0.25,0.9259,7,0.255,0.9444,1836,0
SPY190802P294,2019-08-01,2019-08-01 09:39:58,0.26,0.9629,470,0.25,0.9259,528,0.25,0.9259,7,0.255,0.9444,1836,0
SPY190802P294,2019-08-01,2019-08-01 09:39:59,0.26,0.9629,1211,0.25,0.9259,237,0.25,0.9259,7,0.255,0.9444,1836,0
SPY190802P294,2019-08-01,2019-08-01 09:39:59,0.26,0.9629,2096,0.25,0.9259,406,0.25,0.9259,7,0.255,0.9444,1836,0
SPY190802P294,2019-08-01,2019-08-01 09:40:00,0.26,0.9629,1394,0.25,0.9259,646,0.25,0.9259,7,0.255,0.9444,1836,0
SPY190802P294,2019-08-01,2019-08-01 09:40:01,0.26,0.9629,1151,0.25,0.9259,425,0.25,0.9259,7,0.255,0.9444,1836,0
SPY190802P294,2019-08-01,2019-08-01 09:40:01,0.26,0.9629,2354,0.25,0.9259,18,0.25,0.9259,7,0.255,0.9444,1836,0
SPY190802P294,2019-08-01,2019-08-01 09:40:02,0.26,0.9629,3399,0.25,0.9259,10,0.25,0.9259,7,0.255,0.9444,1836,0
SPY190802P294,2019-08-01,2019-08-01 09:40:03,0.26,0.9629,3193,0.25,0.9259,10,0.25,0.9259,7,0.255,0.9444,1836,0
SPY190802P294,2019-08-01,2019-08-01 09:40:03,0.26,0.9629,3156,0.25,0.9259,10,0.25,0.9259,7,0.255,0.9444,1836,0
SPY190802P294,2019-08-01,2019-08-01 09:40:04,0.26,0.9629,3193,0.25,0.9259,20,0.25,0.9259,7,0.255,0.9444,1836,0
SPY190802P294,2019-08-01,2019-08-01 09:40:04,0.26,0.9629,1608,0.25,0.9259,20,0.25,0.9259,7,0.255,0.9444,1836,0
SPY190802P294,2019-08-01,2019-08-01 09:40:05,0.26,0.9629,1487,0.25,0.9259,355,0.25,0.9259,7,0.255,0.9444,1836,0
SPY190802P294,2019-08-01,2019-08-01 09:40:06,0.26,0.9629,1394,0.25,0.9259,756,0.25,0.9259,7,0.255,0.9444,1836,0
SPY190802P294,2019-08-01,2019-08-01 09:40:06,0.26,0.9629,1394,0.25,0.9259,497,0.25,0.9259,7,0.255,0.9444,1836,0
SPY190802P294,2019-08-01,2019-08-01 09:40:07,0.26,0.9629,66,0.25,0.9259,1301,0.25,0.9259,7,0.255,0.9444,1836,0
SPY190802P294,2019-08-01,2019-08-01 09:40:07,0.26,0.9629,2197,0.25,0.9259,941,0.25,0.9259,7,0.255,0.9444,1836,0
SPY190802P294,2019-08-01,2019-08-01 09:40:08,0.26,0.9629,345,0.25,0.9259,1623,0.25,0.9259,7,0.255,0.9444,1836,0
SPY190802P294,2019-08-01,2019-08-01 09:40:08,0.26,0.9629,525,0.25,0.9259,1420,0.25,0.9259,7,0.255,0.9444,1836,0
SPY190802P294,2019-08-01,2019-08-01 09:40:09,0.26,0.9629,722,0.25,0.9259,1420,0.25,0.9259,7,0.255,0.9444,1836,0
SPY190802P294,2019-08-01,2019-08-01 09:40:10,0.26,0.9629,722,0.25,0.9259,1420,0.25,0.9259,7,0.255,0.9444,1836,0
SPY190802P294,2019-08-01,2019-08-01 09:40:10,0.26,0.9629,448,0.25,0.9259,1420,0.25,0.9259,7,0.255,0.9444,1836,0
SPY190802P294,2019-08-01,2019-08-01 09:40:11,0.26,0.9629,71,0.25,0.9259,2836,0.25,0.9259,7,0.255,0.9444,1836,0
SPY190802P294,2019-08-01,2019-08-01 09:40:11,0.26,0.9629,152,0.25,0.9259,3422,0.25,0.9259,7,0.255,0.9444,1836,0
SPY190802P294,2019-08-01,2019-08-01 09:40:12,0.26,0.9629,10,0.25,0.9259,3422,0.25,0.9259,7,0.255,0.9444,1836,0
SPY190802P294,2019-08-01,2019-08-01 09:40:13,0.26,0.9629,10,0.25,0.9259,3249,0.25,0.9259,7,0.255,0.9444,1836,0
SPY190802P294,2019-08-01,2019-08-01 09:40:13,0.26,0.9629,10,0.25,0.9259,3363,0.25,0.9259,7,0.255,0.9444,1836,0
SPY190802P294,2019-08-01,2019-08-01 09:40:14,0.26,0.9629,10,0.25,0.9259,3606,0.25,0.9259,7,0.255,0.9444,1836,0
SPY190802P294,2019-08-01,2019-08-01 09:40:15,0.26,0.9629,10,0.25,0.9259,3606,0.25,0.9259,7,0.255,0.9444,1836,0
SPY190802P294,2019-08-01,2019-08-01 09:40:15,0.26,0.9629,10,0.25,0.9259,3902,0.25,0.9259,7,0.255,0.9444,1836,0
SPY190802P294,2019-08-01,2019-08-01 09:40:16,0.26,0.9629,10,0.25,0.9259,3659,0.25,0.9259,7,0.255,0.9444,1836,0
SPY190802P294,2019-08-01,2019-08-01 09:40:17,0.27,1.0,311,0.26,0.9629,609,0.26,0.9629,6,0.265,0.9814,1846,10
SPY190802P294,2019-08-01,2019-08-01 09:40:17,0.27,1.0,311,0.26,0.9629,1465,0.26,0.9629,6,0.265,0.9814,1846,0
SPY190802P294,2019-08-01,2019-08-01 09:40:18,0.27,1.0,712,0.26,0.9629,2411,0.26,0.9629,10,0.265,0.9814,1856,0
SPY190802P294,2019-08-01,2019-08-01 09:40:18,0.27,1.0,712,0.26,0.9629,2168,0.26,0.9629,10,0.265,0.9814,1856,10
SPY190802P294,2019-08-01,2019-08-01 09:40:19,0.27,1.0,377,0.26,0.9629,3656,0.26,0.9629,10,0.265,0.9814,1856,0
SPY190802P294,2019-08-01,2019-08-01 09:40:20,0.27,1.0,101,0.26,0.9629,3655,0.26,0.9629,10,0.265,0.9814,1856,0
SPY190802P294,2019-08-01,2019-08-01 09:40:21,0.27,1.0,314,0.26,0.9629,4056,0.26,0.9629,10,0.265,0.9814,1856,0
SPY190802P294,2019-08-01,2019-08-01 09:40:21,0.27,1.0,732,0.26,0.9629,2678,0.26,0.9629,10,0.265,0.9814,1856,0
SPY190802P294,2019-08-01,2019-08-01 09:40:22,0.27,1.0,314,0.26,0.9629,4145,0.26,0.9629,10,0.265,0.9814,1856,0
SPY190802P294,2019-08-01,2019-08-01 09:40:22,0.27,1.0,314,0.26,0.9629,2916,0.26,0.9629,10,0.265,0.9814,1856,0
SPY190802P294,2019-08-01,2019-08-01 09:40:23,0.27,1.0,728,0.26,0.9629,2735,0.26,0.9629,10,0.265,0.9814,1856,0
SPY190802P294,2019-08-01,2019-08-01 09:40:23,0.27,1.0,990,0.26,0.9629,2532,0.26,0.9629,10,0.265,0.9814,1856,0
SPY190802P294,2019-08-01,2019-08-01 09:40:24,0.27,1.0,1018,0.26,0.9629,626,0.26,0.9629,10,0.265,0.9814,1856,0
SPY190802P294,2019-08-01,2019-08-01 09:40:25,0.27,1.0,506,0.26,0.9629,2940,0.26,0.9629,10,0.265,0.9814,1856,0
SPY190802P294,2019-08-01,2019-08-01 09:40:25,0.27,1.0,523,0.26,0.9629,2145,0.26,0.9629,10,0.265,0.9814,1856,0
SPY190802P294,2019-08-01,2019-08-01 09:40:26,0.27,1.0,904,0.26,0.9629,2169,0.26,0.9629,10,0.265,0.9814,1856,0
SPY190802P294,2019-08-01,2019-08-01 09:40:26,0.27,1.0,474,0.26,0.9629,1942,0.26,0.9629,10,0.265,0.9814,1856,0
SPY190802P294,2019-08-01,2019-08-01 09:40:27,0.27,1.0,691,0.26,0.9629,1520,0.26,0.9629,10,0.265,0.9814,1856,0
SPY190802P294,2019-08-01,2019-08-01 09:40:28,0.28,1.037,1264,0.26,0.9629,3126,0.26,0.9629,10,0.27,1.0,1856,0
SPY190802P294,2019-08-01,2019-08-01 09:40:28,0.27,1.0,249,0.26,0.9629,2841,0.26,0.9629,10,0.265,0.9814,1856,0
SPY190802P294,2019-08-01,2019-08-01 09:40:29,0.28,1.037,1893,0.27,1.0,189,0.26,0.9629,10,0.275,1.0185,1856,0
SPY190802P294,2019-08-01,2019-08-01 09:40:29,0.28,1.037,2030,0.26,0.9629,3732,0.26,0.9629,10,0.27,1.0,1856,0
SPY190802P294,2019-08-01,2019-08-01 09:40:30,0.28,1.037,2142,0.27,1.0,5,0.26,0.9629,10,0.275,1.0185,1856,0
SPY190802P294,2019-08-01,2019-08-01 09:40:30,0.28,1.037,1893,0.27,1.0,189,0.26,0.9629,10,0.275,1.0185,1856,0
SPY190802P294,2019-08-01,2019-08-01 09:40:31,0.27,1.0,622,0.26,0.9629,1528,0.26,0.9629,10,0.265,0.9814,1856,0
SPY190802P294,2019-08-01,2019-08-01 09:40:31,0.27,1.0,382,0.26,0.9629,2490,0.26,0.9629,10,0.265,0.9814,1856,0
SPY190802P294,2019-08-01,2019-08-01 09:40:32,0.27,1.0,622,0.26,0.9629,1528,0.26,0.9629,10,0.265,0.9814,1856,0
SPY190802P294,2019-08-01,2019-08-01 09:40:33,0.27,1.0,220,0.26,0.9629,1265,0.26,0.9629,10,0.265,0.9814,1856,0
SPY190802P294,2019-08-01,2019-08-01 09:40:33,0.27,1.0,220,0.26,0.9629,1142,0.26,0.9629,10,0.265,0.9814,1856,0
SPY190802P294,2019-08-01,2019-08-01 09:40:34,0.27,1.0,402,0.26,0.9629,3990,0.26,0.9629,10,0.265,0.9814,1856,0
SPY190802P294,2019-08-01,2019-08-01 09:40:34,0.27,1.0,328,0.26,0.9629,2501,0.26,0.9629,10,0.265,0.9814,1856,0
SPY190802P294,2019-08-01,2019-08-01 09:40:35,0.27,1.0,334,0.26,0.9629,2813,0.26,0.9629,10,0.265,0.9814,1856,0
SPY190802P294,2019-08-01,2019-08-01 09:40:35,0.27,1.0,617,0.26,0.9629,3228,0.26,0.9629,10,0.265,0.9814,1856,0
SPY190802P294,2019-08-01,2019-08-01 09:40:36,0.27,1.0,334,0.26,0.9629,1791,0.26,0.9629,10,0.265,0.9814,1856,0
SPY190802P294,2019-08-01,2019-08-01 09:40:37,0.27,1.0,454,0.26,0.9629,2213,0.26,0.9629,10,0.265,0.9814,1856,0
SPY190802P294,2019-08-01,2019-08-01 09:40:37,0.27,1.0,454,0.26,0.9629,2863,0.26,0.9629,10,0.265,0.9814,1856,0
SPY190802P294,2019-08-01,2019-08-01 09:40:38,0.27,1.0,449,0.26,0.9629,2523,0.26,0.9629,10,0.265,0.9814,1856,0
SPY190802P294,2019-08-01,2019-08-01 09:40:38,0.27,1.0,449,0.26,0.9629,2101,0.26,0.9629,10,0.265,0.9814,1856,0
SPY190802P294,2019-08-01,2019-08-01 09:40:39,0.27,1.0,449,0.26,0.9629,2523,0.26,0.9629,10,0.265,0.9814,1856,0
SPY190802P294,2019-08-01,2019-08-01 09:40:40,0.27,1.0,275,0.26,0.9629,3014,0.26,0.9629,10,0.265,0.9814,1856,0
SPY190802P294,2019-08-01,2019-08-01 09:40:40,0.27,1.0,449,0.26,0.9629,3571,0.26,0.9629,10,0.265,0.9814,1856,0
SPY190802P294,2019-08-01,2019-08-01 09:40:41,0.27,1.0,184,0.26,0.9629,3182,0.26,0.9629,10,0.265,0.9814,1856,0
SPY190802P294,2019-08-01,2019-08-01 09:40:42,0.27,1.0,184,0.26,0.9629,3182,0.26,0.9629,10,0.265,0.9814,1856,0
SPY190802P294,2019-08-01,2019-08-01 09:40:43,0.27,1.0,16,0.26,0.9629,3270,0.26,0.9629,10,0.265,0.9814,1856,0
SPY190802P294,2019-08-01,2019-08-01 09:40:43,0.27,1.0,170,0.26,0.9629,2700,0.26,0.9629,10,0.265,0.9814,1856,0
SPY190802P294,2019-08-01,2019-08-01 09:40:44,0.27,1.0,170,0.26,0.9629,2700,0.26,0.9629,10,0.265,0.9814,1856,0
SPY190802P294,2019-08-01,2019-08-01 09:40:44,0.28,1.037,1893,0.26,0.9629,2700,0.26,0.9629,10,0.27,1.0,1856,0
SPY190802P294,2019-08-01,2019-08-01 09:40:45,0.28,1.037,2005,0.26,0.9629,2700,0.26,0.9629,10,0.27,1.0,1856,0
SPY190802P294,2019-08-01,2019-08-01 09:40:46,0.28,1.037,2972,0.27,1.0,207,0.26,0.9629,10,0.275,1.0185,1856,0
SPY190802P294,2019-08-01,2019-08-01 09:40:46,0.28,1.037,2972,0.27,1.0,230,0.26,0.9629,10,0.275,1.0185,1856,0
SPY190802P294,2019-08-01,2019-08-01 09:40:47,0.28,1.037,2972,0.27,1.0,181,0.26,0.9629,10,0.275,1.0185,1856,0
SPY190802P294,2019-08-01,2019-08-01 09:40:48,0.27,1.0,5,0.26,0.9629,4803,0.26,0.9629,10,0.265,0.9814,1856,0
SPY190802P294,2019-08-01,2019-08-01 09:40:49,0.28,1.037,2982,0.26,0.9629,4803,0.26,0.9629,10,0.27,1.0,1856,0
SPY190802P294,2019-08-01,2019-08-01 09:40:49,0.28,1.037,2805,0.26,0.9629,4791,0.26,0.9629,10,0.27,1.0,1856,0
SPY190802P294,2019-08-01,2019-08-01 09:40:51,0.27,1.0,16,0.26,0.9629,3479,0.26,0.9629,10,0.265,0.9814,1856,0
SPY190802P294,2019-08-01,2019-08-01 09:40:52,0.28,1.037,1303,0.26,0.9629,2946,0.26,0.9629,10,0.27,1.0,1856,0
SPY190802P294,2019-08-01,2019-08-01 09:40:52,0.27,1.0,16,0.26,0.9629,3479,0.26,0.9629,10,0.265,0.9814,1856,0
SPY190802P294,2019-08-01,2019-08-01 09:40:53,0.28,1.037,2848,0.26,0.9629,5214,0.26,0.9629,10,0.27,1.0,1856,0
SPY190802P294,2019-08-01,2019-08-01 09:40:54,0.28,1.037,708,0.27,1.0,3,0.26,0.9629,10,0.275,1.0185,1856,0
SPY190802P294,2019-08-01,2019-08-01 09:40:55,0.28,1.037,2965,0.27,1.0,345,0.26,0.9629,10,0.275,1.0185,1856,0
SPY190802P294,2019-08-01,2019-08-01 09:40:56,0.28,1.037,657,0.27,1.0,1896,0.26,0.9629,10,0.275,1.0185,1856,0
SPY190802P294,2019-08-01,2019-08-01 09:40:56,0.28,1.037,741,0.27,1.0,2559,0.26,0.9629,10,0.275,1.0185,1856,0
SPY190802P294,2019-08-01,2019-08-01 09:40:57,0.28,1.037,177,0.27,1.0,2008,0.26,0.9629,10,0.275,1.0185,1856,0
SPY190802P294,2019-08-01,2019-08-01 09:40:57,0.28,1.037,699,0.27,1.0,3948,0.26,0.9629,10,0.275,1.0185,1856,0
SPY190802P294,2019-08-01,2019-08-01 09:40:58,0.28,1.037,127,0.27,1.0,2087,0.26,0.9629,10,0.275,1.0185,1856,0
SPY190802P294,2019-08-01,2019-08-01 09:41:01,0.28,1.037,326,0.27,1.0,2087,0.26,0.9629,10,0.275,1.0185,1856,0
SPY190802P294,2019-08-01,2019-08-01 09:41:02,0.28,1.037,1379,0.27,1.0,1361,0.26,0.9629,10,0.275,1.0185,1856,0
SPY190802P294,2019-08-01,2019-08-01 09:41:02,0.28,1.037,1379,0.27,1.0,1588,0.26,0.9629,10,0.275,1.0185,1856,0
SPY190802P294,2019-08-01,2019-08-01 09:41:03,0.28,1.037,1702,0.26,0.9629,4400,0.26,0.9629,10,0.27,1.0,1856,0
SPY190802P294,2019-08-01,2019-08-01 09:41:04,0.28,1.037,2442,0.27,1.0,5,0.26,0.9629,10,0.275,1.0185,1856,0
SPY190802P294,2019-08-01,2019-08-01 09:41:05,0.28,1.037,2329,0.27,1.0,44,0.26,0.9629,10,0.275,1.0185,1856,0
SPY190802P294,2019-08-01,2019-08-01 09:41:06,0.28,1.037,1480,0.27,1.0,811,0.26,0.9629,10,0.275,1.0185,1856,0
SPY190802P294,2019-08-01,2019-08-01 09:41:07,0.28,1.037,783,0.27,1.0,1233,0.26,0.9629,10,0.275,1.0185,1856,0
SPY190802P294,2019-08-01,2019-08-01 09:41:07,0.28,1.037,380,0.27,1.0,2294,0.26,0.9629,10,0.275,1.0185,1856,0
SPY190802P294,2019-08-01,2019-08-01 09:41:08,0.28,1.037,500,0.27,1.0,1487,0.26,0.9629,10,0.275,1.0185,1856,0
SPY190802P294,2019-08-01,2019-08-01 09:41:09,0.28,1.037,500,0.27,1.0,1487,0.26,0.9629,10,0.275,1.0185,1856,0
SPY190802P294,2019-08-01,2019-08-01 09:41:10,0.28,1.037,500,0.27,1.0,1909,0.26,0.9629,10,0.275,1.0185,1856,0
SPY190802P294,2019-08-01,2019-08-01 09:41:11,0.28,1.037,472,0.27,1.0,2637,0.26,0.9629,10,0.275,1.0185,1856,0
SPY190802P294,2019-08-01,2019-08-01 09:41:11,0.28,1.037,650,0.27,1.0,3743,0.26,0.9629,10,0.275,1.0185,1856,0
SPY190802P294,2019-08-01,2019-08-01 09:41:12,0.28,1.037,379,0.27,1.0,2087,0.26,0.9629,10,0.275,1.0185,1856,0
SPY190802P294,2019-08-01,2019-08-01 09:41:13,0.28,1.037,186,0.27,1.0,2136,0.26,0.9629,10,0.275,1.0185,1856,0
SPY190802P294,2019-08-01,2019-08-01 09:41:14,0.28,1.037,186,0.27,1.0,2028,0.26,0.9629,10,0.275,1.0185,1856,0
SPY190802P294,2019-08-01,2019-08-01 09:41:14,0.28,1.037,426,0.27,1.0,1647,0.26,0.9629,10,0.275,1.0185,1856,0
SPY190802P294,2019-08-01,2019-08-01 09:41:16,0.28,1.037,322,0.27,1.0,2067,0.26,0.9629,10,0.275,1.0185,1856,0
SPY190802P294,2019-08-01,2019-08-01 09:41:16,0.28,1.037,39,0.27,1.0,3864,0.26,0.9629,10,0.275,1.0185,1856,0
SPY190802P294,2019-08-01,2019-08-01 09:41:17,0.28,1.037,39,0.27,1.0,3391,0.26,0.9629,10,0.275,1.0185,1856,0
SPY190802P294,2019-08-01,2019-08-01 09:41:18,0.28,1.037,164,0.27,1.0,3522,0.26,0.9629,10,0.275,1.0185,1856,0
SPY190802P294,2019-08-01,2019-08-01 09:41:19,0.28,1.037,164,0.27,1.0,3522,0.26,0.9629,10,0.275,1.0185,1856,0
SPY190802P294,2019-08-01,2019-08-01 09:41:20,0.28,1.037,164,0.27,1.0,4687,0.26,0.9629,10,0.275,1.0185,1856,0
SPY190802P294,2019-08-01,2019-08-01 09:41:20,0.28,1.037,164,0.27,1.0,4632,0.26,0.9629,10,0.275,1.0185,1856,0
SPY190802P294,2019-08-01,2019-08-01 09:41:21,0.28,1.037,183,0.27,1.0,4240,0.26,0.9629,10,0.275,1.0185,1856,0
SPY190802P294,2019-08-01,2019-08-01 09:41:22,0.28,1.037,531,0.27,1.0,4240,0.26,0.9629,10,0.275,1.0185,1856,0
SPY190802P294,2019-08-01,2019-08-01 09:41:22,0.28,1.037,251,0.27,1.0,2982,0.26,0.9629,10,0.275,1.0185,1856,0
SPY190802P294,2019-08-01,2019-08-01 09:41:23,0.28,1.037,200,0.27,1.0,2538,0.26,0.9629,10,0.275,1.0185,1856,0
SPY190802P294,2019-08-01,2019-08-01 09:41:23,0.28,1.037,251,0.27,1.0,2982,0.26,0.9629,10,0.275,1.0185,1856,0
SPY190802P294,2019-08-01,2019-08-01 09:41:24,0.28,1.037,45,0.27,1.0,1597,0.26,0.9629,10,0.275,1.0185,1856,0
SPY190802P294,2019-08-01,2019-08-01 09:41:24,0.28,1.037,537,0.27,1.0,2389,0.26,0.9629,10,0.275,1.0185,1856,0
SPY190802P294,2019-08-01,2019-08-01 09:41:25,0.28,1.037,733,0.27,1.0,2616,0.26,0.9629,10,0.275,1.0185,1856,0
SPY190802P294,2019-08-01,2019-08-01 09:41:26,0.28,1.037,669,0.27,1.0,2584,0.26,0.9629,10,0.275,1.0185,1856,0
SPY190802P294,2019-08-01,2019-08-01 09:41:27,0.28,1.037,632,0.27,1.0,2709,0.26,0.9629,10,0.275,1.0185,1856,0
SPY190802P294,2019-08-01,2019-08-01 09:41:27,0.28,1.037,632,0.27,1.0,2583,0.26,0.9629,10,0.275,1.0185,1856,0
SPY190802P294,2019-08-01,2019-08-01 09:41:28,0.28,1.037,719,0.27,1.0,2566,0.26,0.9629,10,0.275,1.0185,1856,0
SPY190802P294,2019-08-01,2019-08-01 09:41:28,0.28,1.037,620,0.27,1.0,2566,0.26,0.9629,10,0.275,1.0185,1856,0
SPY190802P294,2019-08-01,2019-08-01 09:41:29,0.28,1.037,1046,0.26,0.9629,1940,0.26,0.9629,10,0.27,1.0,1856,0
SPY190802P294,2019-08-01,2019-08-01 09:41:30,0.28,1.037,1399,0.26,0.9629,4154,0.26,0.9629,450,0.27,1.0,2306,450
SPY190802P294,2019-08-01,2019-08-01 09:41:31,0.28,1.037,1151,0.27,1.0,1017,0.26,0.9629,450,0.275,1.0185,2306,0
SPY190802P294,2019-08-01,2019-08-01 09:41:31,0.28,1.037,1567,0.26,0.9629,4154,0.26,0.9629,450,0.27,1.0,2306,0
SPY190802P294,2019-08-01,2019-08-01 09:41:32,0.28,1.037,1896,0.27,1.0,303,0.26,0.9629,450,0.275,1.0185,2306,0
SPY190802P294,2019-08-01,2019-08-01 09:41:32,0.28,1.037,1175,0.27,1.0,1748,0.26,0.9629,450,0.275,1.0185,2306,0
SPY190802P294,2019-08-01,2019-08-01 09:41:33,0.28,1.037,1896,0.27,1.0,50,0.26,0.9629,450,0.275,1.0185,2306,0
SPY190802P294,2019-08-01,2019-08-01 09:41:34,0.27,1.0,297,0.26,0.9629,4504,0.26,0.9629,450,0.265,0.9814,2306,0
SPY190802P294,2019-08-01,2019-08-01 09:41:34,0.27,1.0,5,0.26,0.9629,3301,0.26,0.9629,450,0.265,0.9814,2306,0
SPY190802P294,2019-08-01,2019-08-01 09:41:35,0.28,1.037,2538,0.26,0.9629,4504,0.26,0.9629,450,0.27,1.0,2306,0
SPY190802P294,2019-08-01,2019-08-01 09:41:35,0.28,1.037,2538,0.26,0.9629,4429,0.26,0.9629,450,0.27,1.0,2306,0
SPY190802P294,2019-08-01,2019-08-01 09:41:36,0.28,1.037,2525,0.26,0.9629,4429,0.26,0.9629,450,0.27,1.0,2306,0
SPY190802P294,2019-08-01,2019-08-01 09:41:36,0.28,1.037,2565,0.26,0.9629,4429,0.26,0.9629,450,0.27,1.0,2306,0
SPY190802P294,2019-08-01,2019-08-01 09:41:37,0.28,1.037,3028,0.26,0.9629,4429,0.26,0.9629,450,0.27,1.0,2306,0
SPY190802P294,2019-08-01,2019-08-01 09:41:38,0.28,1.037,1414,0.27,1.0,632,0.26,0.9629,450,0.275,1.0185,2306,0
SPY190802P294,2019-08-01,2019-08-01 09:41:38,0.28,1.037,1528,0.27,1.0,600,0.26,0.9629,450,0.275,1.0185,2306,0
SPY190802P294,2019-08-01,2019-08-01 09:41:39,0.28,1.037,1414,0.27,1.0,164,0.26,0.9629,450,0.275,1.0185,2306,0
SPY190802P294,2019-08-01,2019-08-01 09:41:39,0.28,1.037,1414,0.27,1.0,1535,0.26,0.9629,450,0.275,1.0185,2306,0
SPY190802P294,2019-08-01,2019-08-01 09:41:40,0.28,1.037,3063,0.27,1.0,164,0.26,0.9629,450,0.275,1.0185,2306,0
SPY190802P294,2019-08-01,2019-08-01 09:41:40,0.28,1.037,1830,0.27,1.0,164,0.26,0.9629,450,0.275,1.0185,2306,0
SPY190802P294,2019-08-01,2019-08-01 09:41:41,0.27,1.0,16,0.27,1.0,174,0.26,0.9629,450,0.27,1.0,2306,0
SPY190802P294,2019-08-01,2019-08-01 09:41:41,0.28,1.037,2057,0.27,1.0,69,0.26,0.9629,450,0.275,1.0185,2306,0
SPY190802P294,2019-08-01,2019-08-01 09:41:42,0.27,1.0,430,0.26,0.9629,1520,0.26,0.9629,450,0.265,0.9814,2306,0
SPY190802P294,2019-08-01,2019-08-01 09:41:43,0.27,1.0,518,0.26,0.9629,877,0.26,0.9629,450,0.265,0.9814,2306,0
SPY190802P294,2019-08-01,2019-08-01 09:41:43,0.27,1.0,430,0.26,0.9629,2528,0.26,0.9629,450,0.265,0.9814,2306,0
SPY190802P294,2019-08-01,2019-08-01 09:41:44,0.27,1.0,524,0.26,0.9629,2008,0.26,0.9629,450,0.265,0.9814,2306,0
SPY190802P294,2019-08-01,2019-08-01 09:41:44,0.27,1.0,404,0.26,0.9629,2129,0.26,0.9629,450,0.265,0.9814,2306,0
SPY190802P294,2019-08-01,2019-08-01 09:41:45,0.27,1.0,378,0.26,0.9629,3109,0.26,0.9629,450,0.265,0.9814,2306,0
SPY190802P294,2019-08-01,2019-08-01 09:41:45,0.27,1.0,524,0.26,0.9629,2657,0.26,0.9629,450,0.265,0.9814,2306,0
SPY190802P294,2019-08-01,2019-08-01 09:41:46,0.27,1.0,378,0.26,0.9629,3109,0.26,0.9629,450,0.265,0.9814,2306,0
SPY190802P294,2019-08-01,2019-08-01 09:41:47,0.27,1.0,378,0.26,0.9629,3358,0.26,0.9629,450,0.265,0.9814,2306,0
SPY190802P294,2019-08-01,2019-08-01 09:41:48,0.27,1.0,73,0.26,0.9629,3432,0.26,0.9629,450,0.265,0.9814,2306,0
SPY190802P294,2019-08-01,2019-08-01 09:41:48,0.27,1.0,671,0.26,0.9629,1635,0.26,0.9629,450,0.265,0.9814,2306,0
SPY190802P294,2019-08-01,2019-08-01 09:41:49,0.27,1.0,361,0.26,0.9629,2145,0.26,0.9629,450,0.265,0.9814,2306,0
SPY190802P294,2019-08-01,2019-08-01 09:41:49,0.27,1.0,361,0.26,0.9629,1275,0.26,0.9629,450,0.265,0.9814,2306,0
SPY190802P294,2019-08-01,2019-08-01 09:41:50,0.27,1.0,361,0.26,0.9629,2145,0.26,0.9629,450,0.265,0.9814,2306,0
SPY190802P294,2019-08-01,2019-08-01 09:41:50,0.27,1.0,428,0.26,0.9629,2745,0.26,0.9629,450,0.265,0.9814,2306,0
SPY190802P294,2019-08-01,2019-08-01 09:41:51,0.27,1.0,542,0.26,0.9629,3235,0.26,0.9629,450,0.265,0.9814,2306,0
SPY190802P294,2019-08-01,2019-08-01 09:41:52,0.27,1.0,647,0.26,0.9629,3639,0.26,0.9629,450,0.265,0.9814,2306,0
SPY190802P294,2019-08-01,2019-08-01 09:41:52,0.27,1.0,542,0.26,0.9629,3235,0.26,0.9629,450,0.265,0.9814,2306,0
SPY190802P294,2019-08-01,2019-08-01 09:41:53,0.27,1.0,647,0.26,0.9629,3639,0.26,0.9629,450,0.265,0.9814,2306,0
SPY190802P294,2019-08-01,2019-08-01 09:41:54,0.27,1.0,647,0.26,0.9629,3639,0.26,0.9629,450,0.265,0.9814,2306,0
SPY190802P294,2019-08-01,2019-08-01 09:41:55,0.27,1.0,862,0.26,0.9629,3639,0.26,0.9629,450,0.265,0.9814,2306,0
SPY190802P294,2019-08-01,2019-08-01 09:41:56,0.27,1.0,1750,0.26,0.9629,315,0.26,0.9629,450,0.265,0.9814,2306,0
SPY190802P294,2019-08-01,2019-08-01 09:41:56,0.27,1.0,1288,0.26,0.9629,2861,0.26,0.9629,450,0.265,0.9814,2306,0
SPY190802P294,2019-08-01,2019-08-01 09:41:57,0.27,1.0,1653,0.26,0.9629,409,0.26,0.9629,450,0.265,0.9814,2306,0
SPY190802P294,2019-08-01,2019-08-01 09:41:57,0.27,1.0,1750,0.26,0.9629,416,0.26,0.9629,450,0.265,0.9814,2306,0
SPY190802P294,2019-08-01,2019-08-01 09:41:58,0.27,1.0,1653,0.26,0.9629,315,0.26,0.9629,450,0.265,0.9814,2306,0
SPY190802P294,2019-08-01,2019-08-01 09:41:58,0.27,1.0,2500,0.26,0.9629,315,0.26,0.9629,450,0.265,0.9814,2306,0
SPY190802P294,2019-08-01,2019-08-01 09:41:59,0.27,1.0,2549,0.26,0.9629,315,0.26,0.9629,450,0.265,0.9814,2306,0
SPY190802P294,2019-08-01,2019-08-01 09:42:00,0.27,1.0,2500,0.26,0.9629,315,0.26,0.9629,450,0.265,0.9814,2306,0
SPY190802P294,2019-08-01,2019-08-01 09:42:01,0.26,0.9629,323,0.26,0.9629,95,0.26,0.9629,450,0.26,0.9629,2306,0
SPY190802P294,2019-08-01,2019-08-01 09:42:01,0.26,0.9629,323,0.25,0.9259,4596,0.26,0.9629,450,0.255,0.9444,2306,0
SPY190802P294,2019-08-01,2019-08-01 09:42:02,0.26,0.9629,16,0.25,0.9259,4539,0.26,0.9629,450,0.255,0.9444,2306,0
SPY190802P294,2019-08-01,2019-08-01 09:42:03,0.27,1.0,2622,0.26,0.9629,292,0.26,0.9629,450,0.265,0.9814,2306,0
SPY190802P294,2019-08-01,2019-08-01 09:42:03,0.27,1.0,2119,0.26,0.9629,5,0.26,0.9629,450,0.265,0.9814,2306,0
SPY190802P294,2019-08-01,2019-08-01 09:42:04,0.27,1.0,1241,0.26,0.9629,292,0.26,0.9629,450,0.265,0.9814,2306,0
SPY190802P294,2019-08-01,2019-08-01 09:42:04,0.26,0.9629,312,0.25,0.9259,3231,0.26,0.9629,450,0.255,0.9444,2306,0
SPY190802P294,2019-08-01,2019-08-01 09:42:05,0.26,0.9629,312,0.25,0.9259,3231,0.26,0.9629,450,0.255,0.9444,2306,0
SPY190802P294,2019-08-01,2019-08-01 09:42:06,0.26,0.9629,312,0.25,0.9259,3244,0.26,0.9629,450,0.255,0.9444,2306,0
SPY190802P294,2019-08-01,2019-08-01 09:42:07,0.26,0.9629,312,0.25,0.9259,3329,0.26,0.9629,450,0.255,0.9444,2306,0
SPY190802P294,2019-08-01,2019-08-01 09:42:07,0.26,0.9629,312,0.25,0.9259,3244,0.26,0.9629,450,0.255,0.9444,2306,0
SPY190802P294,2019-08-01,2019-08-01 09:42:08,0.26,0.9629,53,0.25,0.9259,3099,0.26,0.9629,450,0.255,0.9444,2306,0
SPY190802P294,2019-08-01,2019-08-01 09:42:09,0.26,0.9629,359,0.25,0.9259,1936,0.25,0.9259,25,0.255,0.9444,2331,0
SPY190802P294,2019-08-01,2019-08-01 09:42:09,0.27,1.0,1403,0.26,0.9629,145,0.25,0.9259,25,0.265,0.9814,2331,25
SPY190802P294,2019-08-01,2019-08-01 09:42:10,0.26,0.9629,251,0.25,0.9259,3755,0.25,0.9259,25,0.255,0.9444,2331,0
SPY190802P294,2019-08-01,2019-08-01 09:42:10,0.26,0.9629,251,0.25,0.9259,2585,0.25,0.9259,25,0.255,0.9444,2331,0
SPY190802P294,2019-08-01,2019-08-01 09:42:11,0.26,0.9629,542,0.25,0.9259,3837,0.25,0.9259,25,0.255,0.9444,2331,0
SPY190802P294,2019-08-01,2019-08-01 09:42:12,0.26,0.9629,843,0.25,0.9259,3894,0.25,0.9259,25,0.255,0.9444,2331,0
SPY190802P294,2019-08-01,2019-08-01 09:42:12,0.26,0.9629,403,0.25,0.9259,3886,0.25,0.9259,25,0.255,0.9444,2331,0
SPY190802P294,2019-08-01,2019-08-01 09:42:13,0.26,0.9629,966,0.25,0.9259,2770,0.25,0.9259,25,0.255,0.9444,2331,0
SPY190802P294,2019-08-01,2019-08-01 09:42:14,0.26,0.9629,2572,0.25,0.9259,10,0.25,0.9259,25,0.255,0.9444,2331,0
SPY190802P294,2019-08-01,2019-08-01 09:42:14,0.26,0.9629,850,0.25,0.9259,1249,0.25,0.9259,25,0.255,0.9444,2331,0
SPY190802P294,2019-08-01,2019-08-01 09:42:15,0.26,0.9629,1958,0.25,0.9259,10,0.26,0.9629,1,0.255,0.9444,2332,0
SPY190802P294,2019-08-01,2019-08-01 09:42:15,0.26,0.9629,3025,0.25,0.9259,10,0.26,0.9629,1,0.255,0.9444,2332,1
SPY190802P294,2019-08-01,2019-08-01 09:42:16,0.26,0.9629,2529,0.25,0.9259,10,0.26,0.9629,1,0.255,0.9444,2332,0
SPY190802P294,2019-08-01,2019-08-01 09:42:17,0.26,0.9629,2197,0.25,0.9259,10,0.26,0.9629,1,0.255,0.9444,2332,0
SPY190802P294,2019-08-01,2019-08-01 09:42:17,0.26,0.9629,2962,0.25,0.9259,10,0.26,0.9629,1,0.255,0.9444,2332,0
SPY190802P294,2019-08-01,2019-08-01 09:42:18,0.26,0.9629,2741,0.25,0.9259,76,0.26,0.9629,1,0.255,0.9444,2332,0
SPY190802P294,2019-08-01,2019-08-01 09:42:18,0.26,0.9629,3207,0.25,0.9259,70,0.26,0.9629,1,0.255,0.9444,2332,0
SPY190802P294,2019-08-01,2019-08-01 09:42:19,0.26,0.9629,2123,0.25,0.9259,10,0.26,0.9629,1,0.255,0.9444,2332,0
SPY190802P294,2019-08-01,2019-08-01 09:42:20,0.26,0.9629,3276,0.25,0.9259,10,0.26,0.9629,1,0.255,0.9444,2332,0
SPY190802P294,2019-08-01,2019-08-01 09:42:20,0.26,0.9629,1837,0.25,0.9259,10,0.26,0.9629,1,0.255,0.9444,2332,0
SPY190802P294,2019-08-01,2019-08-01 09:42:21,0.26,0.9629,2437,0.25,0.9259,10,0.26,0.9629,1,0.255,0.9444,2332,0
SPY190802P294,2019-08-01,2019-08-01 09:42:21,0.25,0.9259,382,0.24,0.8888,3742,0.25,0.9259,1,0.245,0.9074,2343,11
SPY190802P294,2019-08-01,2019-08-01 09:42:22,0.25,0.9259,1786,0.24,0.8888,2042,0.24,0.8888,7,0.245,0.9074,2350,0
SPY190802P294,2019-08-01,2019-08-01 09:42:22,0.25,0.9259,2692,0.24,0.8888,3852,0.24,0.8888,7,0.245,0.9074,2350,7
SPY190802P294,2019-08-01,2019-08-01 09:42:23,0.25,0.9259,1737,0.24,0.8888,290,0.24,0.8888,7,0.245,0.9074,2350,0
SPY190802P294,2019-08-01,2019-08-01 09:42:24,0.25,0.9259,1494,0.24,0.8888,1284,0.24,0.8888,7,0.245,0.9074,2350,0
SPY190802P294,2019-08-01,2019-08-01 09:42:24,0.25,0.9259,1916,0.24,0.8888,1292,0.24,0.8888,7,0.245,0.9074,2350,0
SPY190802P294,2019-08-01,2019-08-01 09:42:25,0.25,0.9259,1916,0.24,0.8888,1292,0.24,0.8888,7,0.245,0.9074,2350,0
SPY190802P294,2019-08-01,2019-08-01 09:42:25,0.25,0.9259,2312,0.24,0.8888,1292,0.24,0.8888,7,0.245,0.9074,2350,0
SPY190802P294,2019-08-01,2019-08-01 09:42:26,0.25,0.9259,2227,0.24,0.8888,1292,0.24,0.8888,7,0.245,0.9074,2350,0
SPY190802P294,2019-08-01,2019-08-01 09:42:26,0.25,0.9259,2838,0.24,0.8888,2166,0.24,0.8888,7,0.245,0.9074,2350,0
SPY190802P294,2019-08-01,2019-08-01 09:42:27,0.25,0.9259,2844,0.24,0.8888,1391,0.24,0.8888,7,0.245,0.9074,2350,0
SPY190802P294,2019-08-01,2019-08-01 09:42:28,0.25,0.9259,2221,0.24,0.8888,589,0.24,0.8888,7,0.245,0.9074,2350,0
SPY190802P294,2019-08-01,2019-08-01 09:42:28,0.25,0.9259,1916,0.24,0.8888,647,0.24,0.8888,7,0.245,0.9074,2350,0
SPY190802P294,2019-08-01,2019-08-01 09:42:29,0.25,0.9259,2656,0.24,0.8888,245,0.24,0.8888,7,0.245,0.9074,2350,0
SPY190802P294,2019-08-01,2019-08-01 09:42:29,0.25,0.9259,1145,0.24,0.8888,168,0.24,0.8888,7,0.245,0.9074,2350,0
SPY190802P294,2019-08-01,2019-08-01 09:42:30,0.25,0.9259,2656,0.24,0.8888,245,0.24,0.8888,7,0.245,0.9074,2350,0
SPY190802P294,2019-08-01,2019-08-01 09:42:31,0.25,0.9259,2646,0.24,0.8888,364,0.24,0.8888,7,0.245,0.9074,2350,0
SPY190802P294,2019-08-01,2019-08-01 09:42:31,0.25,0.9259,1918,0.24,0.8888,1411,0.24,0.8888,7,0.245,0.9074,2350,0
SPY190802P294,2019-08-01,2019-08-01 09:42:32,0.25,0.9259,1975,0.24,0.8888,989,0.24,0.8888,7,0.245,0.9074,2350,0
SPY190802P294,2019-08-01,2019-08-01 09:42:33,0.25,0.9259,2095,0.24,0.8888,1411,0.24,0.8888,7,0.245,0.9074,2350,0
SPY190802P294,2019-08-01,2019-08-01 09:42:33,0.25,0.9259,2832,0.24,0.8888,2150,0.24,0.8888,7,0.245,0.9074,2350,0
SPY190802P294,2019-08-01,2019-08-01 09:42:34,0.24,0.8888,8,0.23,0.8518,3770,0.24,0.8888,7,0.235,0.8703,2350,0
SPY190802P294,2019-08-01,2019-08-01 09:42:34,0.25,0.9259,1648,0.24,0.8888,245,0.24,0.8888,7,0.245,0.9074,2350,0
SPY190802P294,2019-08-01,2019-08-01 09:42:35,0.24,0.8888,560,0.23,0.8518,3770,0.24,0.8888,7,0.235,0.8703,2350,0
SPY190802P294,2019-08-01,2019-08-01 09:42:36,0.24,0.8888,278,0.23,0.8518,2932,0.24,0.8888,7,0.235,0.8703,2350,0
SPY190802P294,2019-08-01,2019-08-01 09:42:36,0.24,0.8888,560,0.23,0.8518,4350,0.24,0.8888,7,0.235,0.8703,2350,0
SPY190802P294,2019-08-01,2019-08-01 09:42:37,0.24,0.8888,278,0.23,0.8518,3175,0.24,0.8888,7,0.235,0.8703,2350,0
SPY190802P294,2019-08-01,2019-08-01 09:42:37,0.24,0.8888,5,0.23,0.8518,3175,0.24,0.8888,7,0.235,0.8703,2350,0
SPY190802P294,2019-08-01,2019-08-01 09:42:38,0.24,0.8888,382,0.23,0.8518,587,0.24,0.8888,7,0.235,0.8703,2350,0
SPY190802P294,2019-08-01,2019-08-01 09:42:38,0.24,0.8888,922,0.23,0.8518,777,0.24,0.8888,7,0.235,0.8703,2350,0
SPY190802P294,2019-08-01,2019-08-01 09:42:39,0.24,0.8888,1062,0.23,0.8518,361,0.24,0.8888,7,0.235,0.8703,2350,0
SPY190802P294,2019-08-01,2019-08-01 09:42:40,0.24,0.8888,3100,0.23,0.8518,245,0.24,0.8888,7,0.235,0.8703,2350,0
SPY190802P294,2019-08-01,2019-08-01 09:42:41,0.24,0.8888,3100,0.23,0.8518,245,0.24,0.8888,7,0.235,0.8703,2350,0
SPY190802P294,2019-08-01,2019-08-01 09:42:41,0.24,0.8888,3112,0.23,0.8518,245,0.24,0.8888,7,0.235,0.8703,2350,0
SPY190802P294,2019-08-01,2019-08-01 09:42:42,0.24,0.8888,3112,0.23,0.8518,245,0.24,0.8888,7,0.235,0.8703,2350,0
SPY190802P294,2019-08-01,2019-08-01 09:42:42,0.23,0.8518,543,0.23,0.8518,123,0.24,0.8888,7,0.23,0.8518,2350,0
SPY190802P294,2019-08-01,2019-08-01 09:42:43,0.23,0.8518,543,0.22,0.8148,3838,0.24,0.8888,7,0.225,0.8333,2350,0
SPY190802P294,2019-08-01,2019-08-01 09:42:44,0.23,0.8518,2743,0.22,0.8148,2826,0.24,0.8888,7,0.225,0.8333,2350,0
SPY190802P294,2019-08-01,2019-08-01 09:42:44,0.23,0.8518,866,0.22,0.8148,2612,0.24,0.8888,7,0.225,0.8333,2350,0
SPY190802P294,2019-08-01,2019-08-01 09:42:45,0.23,0.8518,1941,0.22,0.8148,2268,0.24,0.8888,7,0.225,0.8333,2350,0
SPY190802P294,2019-08-01,2019-08-01 09:42:46,0.23,0.8518,1186,0.22,0.8148,1934,0.24,0.8888,7,0.225,0.8333,2350,0
SPY190802P294,2019-08-01,2019-08-01 09:42:46,0.23,0.8518,2088,0.22,0.8148,2268,0.24,0.8888,7,0.225,0.8333,2350,0
SPY190802P294,2019-08-01,2019-08-01 09:42:47,0.23,0.8518,1448,0.22,0.8148,1546,0.24,0.8888,7,0.225,0.8333,2350,0
SPY190802P294,2019-08-01,2019-08-01 09:42:48,0.23,0.8518,1608,0.22,0.8148,1706,0.24,0.8888,7,0.225,0.8333,2350,0
SPY190802P294,2019-08-01,2019-08-01 09:42:48,0.23,0.8518,2684,0.22,0.8148,3532,0.22,0.8148,1,0.225,0.8333,2351,1
SPY190802P294,2019-08-01,2019-08-01 09:42:49,0.23,0.8518,2684,0.22,0.8148,3420,0.22,0.8148,1,0.225,0.8333,2351,0
SPY190802P294,2019-08-01,2019-08-01 09:42:50,0.23,0.8518,2684,0.22,0.8148,3420,0.22,0.8148,1,0.225,0.8333,2351,0
SPY190802P294,2019-08-01,2019-08-01 09:42:51,0.23,0.8518,2684,0.22,0.8148,3116,0.22,0.8148,1,0.225,0.8333,2351,0
SPY190802P294,2019-08-01,2019-08-01 09:42:52,0.23,0.8518,1547,0.22,0.8148,298,0.22,0.8148,1,0.225,0.8333,2351,0
SPY190802P294,2019-08-01,2019-08-01 09:42:52,0.22,0.8148,593,0.21,0.7777,3663,0.22,0.8148,1,0.215,0.7962,2351,0
SPY190802P294,2019-08-01,2019-08-01 09:42:53,0.22,0.8148,593,0.21,0.7777,1104,0.22,0.8148,1,0.215,0.7962,2351,0
SPY190802P294,2019-08-01,2019-08-01 09:42:54,0.22,0.8148,1399,0.21,0.7777,3069,0.22,0.8148,1,0.215,0.7962,2351,0
SPY190802P294,2019-08-01,2019-08-01 09:42:55,0.22,0.8148,228,0.21,0.7777,3503,0.22,0.8148,1,0.215,0.7962,2351,0
SPY190802P294,2019-08-01,2019-08-01 09:42:55,0.22,0.8148,1661,0.21,0.7777,3185,0.22,0.8148,1,0.215,0.7962,2351,0
SPY190802P294,2019-08-01,2019-08-01 09:42:56,0.22,0.8148,76,0.21,0.7777,2321,0.22,0.8148,4,0.215,0.7962,2355,4
SPY190802P294,2019-08-01,2019-08-01 09:42:57,0.23,0.8518,1518,0.22,0.8148,636,0.22,0.8148,6,0.225,0.8333,2361,6
SPY190802P294,2019-08-01,2019-08-01 09:42:58,0.23,0.8518,1171,0.22,0.8148,1398,0.22,0.8148,6,0.225,0.8333,2361,0
SPY190802P294,2019-08-01,2019-08-01 09:42:58,0.23,0.8518,1433,0.22,0.8148,2034,0.22,0.8148,6,0.225,0.8333,2361,0
SPY190802P294,2019-08-01,2019-08-01 09:42:59,0.23,0.8518,391,0.22,0.8148,1198,0.22,0.8148,6,0.225,0.8333,2361,0
SPY190802P294,2019-08-01,2019-08-01 09:43:00,0.23,0.8518,57,0.22,0.8148,2271,0.22,0.8148,6,0.225,0.8333,2361,0
SPY190802P294,2019-08-01,2019-08-01 09:43:01,0.24,0.8888,2145,0.23,0.8518,937,0.22,0.8148,6,0.235,0.8703,2361,0
SPY190802P294,2019-08-01,2019-08-01 09:43:02,0.24,0.8888,675,0.23,0.8518,803,0.24,0.8888,5,0.235,0.8703,2366,0
SPY190802P294,2019-08-01,2019-08-01 09:43:02,0.24,0.8888,855,0.23,0.8518,2151,0.24,0.8888,5,0.235,0.8703,2366,5
SPY190802P294,2019-08-01,2019-08-01 09:43:03,0.24,0.8888,701,0.23,0.8518,558,0.24,0.8888,5,0.235,0.8703,2366,0
SPY190802P294,2019-08-01,2019-08-01 09:43:04,0.24,0.8888,1828,0.23,0.8518,660,0.24,0.8888,5,0.235,0.8703,2366,0
SPY190802P294,2019-08-01,2019-08-01 09:43:04,0.24,0.8888,1828,0.22,0.8148,1710,0.24,0.8888,5,0.23,0.8518,2366,0
SPY190802P294,2019-08-01,2019-08-01 09:43:05,0.23,0.8518,622,0.22,0.8148,1974,0.24,0.8888,5,0.225,0.8333,2366,0
SPY190802P294,2019-08-01,2019-08-01 09:43:05,0.23,0.8518,82,0.22,0.8148,2136,0.24,0.8888,5,0.225,0.8333,2366,0
SPY190802P294,2019-08-01,2019-08-01 09:43:06,0.23,0.8518,622,0.22,0.8148,3171,0.24,0.8888,5,0.225,0.8333,2366,0
SPY190802P294,2019-08-01,2019-08-01 09:43:06,0.23,0.8518,565,0.22,0.8148,3246,0.24,0.8888,5,0.225,0.8333,2366,0
SPY190802P294,2019-08-01,2019-08-01 09:43:07,0.23,0.8518,565,0.22,0.8148,3246,0.24,0.8888,5,0.225,0.8333,2366,0
SPY190802P294,2019-08-01,2019-08-01 09:43:08,0.23,0.8518,565,0.22,0.8148,3246,0.24,0.8888,5,0.225,0.8333,2366,0
SPY190802P294,2019-08-01,2019-08-01 09:43:08,0.23,0.8518,183,0.22,0.8148,3231,0.24,0.8888,5,0.225,0.8333,2366,0
SPY190802P294,2019-08-01,2019-08-01 09:43:09,0.24,0.8888,1999,0.22,0.8148,2925,0.24,0.8888,5,0.23,0.8518,2366,0
SPY190802P294,2019-08-01,2019-08-01 09:43:09,0.23,0.8518,5,0.22,0.8148,4000,0.24,0.8888,5,0.225,0.8333,2366,0
SPY190802P294,2019-08-01,2019-08-01 09:43:10,0.23,0.8518,5,0.22,0.8148,4648,0.24,0.8888,5,0.225,0.8333,2366,0
SPY190802P294,2019-08-01,2019-08-01 09:43:11,0.24,0.8888,1450,0.23,0.8518,297,0.24,0.8888,5,0.235,0.8703,2366,0
SPY190802P294,2019-08-01,2019-08-01 09:43:12,0.24,0.8888,2400,0.23,0.8518,1372,0.24,0.8888,5,0.235,0.8703,2366,0
SPY190802P294,2019-08-01,2019-08-01 09:43:12,0.24,0.8888,1595,0.23,0.8518,1212,0.24,0.8888,5,0.235,0.8703,2366,0
SPY190802P294,2019-08-01,2019-08-01 09:43:13,0.24,0.8888,2400,0.23,0.8518,1372,0.24,0.8888,5,0.235,0.8703,2366,0
SPY190802P294,2019-08-01,2019-08-01 09:43:13,0.24,0.8888,1611,0.23,0.8518,141,0.24,0.8888,5,0.235,0.8703,2366,0
SPY190802P294,2019-08-01,2019-08-01 09:43:14,0.24,0.8888,2198,0.23,0.8518,118,0.24,0.8888,25,0.235,0.8703,2391,25
SPY190802P294,2019-08-01,2019-08-01 09:43:14,0.24,0.8888,2389,0.23,0.8518,595,0.24,0.8888,25,0.235,0.8703,2391,0
SPY190802P294,2019-08-01,2019-08-01 09:43:15,0.24,0.8888,2651,0.23,0.8518,732,0.24,0.8888,25,0.235,0.8703,2391,0
SPY190802P294,2019-08-01,2019-08-01 09:43:16,0.24,0.8888,2030,0.23,0.8518,141,0.24,0.8888,25,0.235,0.8703,2391,0
SPY190802P294,2019-08-01,2019-08-01 09:43:16,0.24,0.8888,2622,0.23,0.8518,732,0.24,0.8888,25,0.235,0.8703,2391,0
SPY190802P294,2019-08-01,2019-08-01 09:43:17,0.23,0.8518,382,0.22,0.8148,2578,0.24,0.8888,25,0.225,0.8333,2391,0
SPY190802P294,2019-08-01,2019-08-01 09:43:18,0.23,0.8518,5,0.22,0.8148,2854,0.24,0.8888,25,0.225,0.8333,2391,0
SPY190802P294,2019-08-01,2019-08-01 09:43:19,0.23,0.8518,334,0.22,0.8148,3976,0.24,0.8888,25,0.225,0.8333,2391,0
SPY190802P294,2019-08-01,2019-08-01 09:43:19,0.23,0.8518,331,0.22,0.8148,2880,0.24,0.8888,25,0.225,0.8333,2391,0
SPY190802P294,2019-08-01,2019-08-01 09:43:20,0.23,0.8518,464,0.22,0.8148,3976,0.24,0.8888,25,0.225,0.8333,2391,0
SPY190802P294,2019-08-01,2019-08-01 09:43:21,0.24,0.8888,2921,0.23,0.8518,66,0.24,0.8888,25,0.235,0.8703,2391,0
SPY190802P294,2019-08-01,2019-08-01 09:43:21,0.23,0.8518,100,0.23,0.8518,66,0.24,0.8888,25,0.23,0.8518,2391,0
SPY190802P294,2019-08-01,2019-08-01 09:43:22,0.24,0.8888,2096,0.23,0.8518,216,0.24,0.8888,25,0.235,0.8703,2391,0
SPY190802P294,2019-08-01,2019-08-01 09:43:23,0.24,0.8888,2912,0.23,0.8518,776,0.24,0.8888,25,0.235,0.8703,2391,0
SPY190802P294,2019-08-01,2019-08-01 09:43:23,0.24,0.8888,3023,0.23,0.8518,1394,0.24,0.8888,25,0.235,0.8703,2391,0
SPY190802P294,2019-08-01,2019-08-01 09:43:24,0.24,0.8888,2891,0.23,0.8518,774,0.24,0.8888,25,0.235,0.8703,2391,0
SPY190802P294,2019-08-01,2019-08-01 09:43:24,0.24,0.8888,2891,0.23,0.8518,647,0.24,0.8888,25,0.235,0.8703,2391,0
SPY190802P294,2019-08-01,2019-08-01 09:43:25,0.24,0.8888,2891,0.23,0.8518,429,0.24,0.8888,25,0.235,0.8703,2391,0
SPY190802P294,2019-08-01,2019-08-01 09:43:26,0.24,0.8888,2257,0.23,0.8518,294,0.24,0.8888,25,0.235,0.8703,2391,0
SPY190802P294,2019-08-01,2019-08-01 09:43:26,0.24,0.8888,2257,0.23,0.8518,429,0.24,0.8888,25,0.235,0.8703,2391,0
SPY190802P294,2019-08-01,2019-08-01 09:43:27,0.24,0.8888,1966,0.23,0.8518,600,0.24,0.8888,25,0.235,0.8703,2391,0
SPY190802P294,2019-08-01,2019-08-01 09:43:28,0.24,0.8888,2079,0.23,0.8518,540,0.24,0.8888,25,0.235,0.8703,2391,0
SPY190802P294,2019-08-01,2019-08-01 09:43:29,0.24,0.8888,1284,0.23,0.8518,225,0.24,0.8888,25,0.235,0.8703,2391,0
SPY190802P294,2019-08-01,2019-08-01 09:43:29,0.24,0.8888,1546,0.23,0.8518,1365,0.24,0.8888,25,0.235,0.8703,2391,0
SPY190802P294,2019-08-01,2019-08-01 09:43:30,0.24,0.8888,941,0.23,0.8518,2178,0.24,0.8888,25,0.235,0.8703,2391,0
SPY190802P294,2019-08-01,2019-08-01 09:43:31,0.24,0.8888,375,0.23,0.8518,2284,0.24,0.8888,25,0.235,0.8703,2391,0
SPY190802P294,2019-08-01,2019-08-01 09:43:32,0.24,0.8888,375,0.23,0.8518,2394,0.24,0.8888,25,0.235,0.8703,2391,0
SPY190802P294,2019-08-01,2019-08-01 09:43:32,0.24,0.8888,298,0.23,0.8518,2296,0.24,0.8888,25,0.235,0.8703,2391,0
SPY190802P294,2019-08-01,2019-08-01 09:43:33,0.24,0.8888,298,0.23,0.8518,2314,0.24,0.8888,25,0.235,0.8703,2391,0
SPY190802P294,2019-08-01,2019-08-01 09:43:33,0.24,0.8888,413,0.23,0.8518,1749,0.24,0.8888,25,0.235,0.8703,2391,0
SPY190802P294,2019-08-01,2019-08-01 09:43:34,0.24,0.8888,71,0.23,0.8518,2871,0.24,0.8888,25,0.235,0.8703,2391,0
SPY190802P294,2019-08-01,2019-08-01 09:43:34,0.24,0.8888,130,0.23,0.8518,3694,0.24,0.8888,25,0.235,0.8703,2391,0
SPY190802P294,2019-08-01,2019-08-01 09:43:35,0.25,0.9259,2760,0.24,0.8888,5,0.25,0.9259,2,0.245,0.9074,2393,2
SPY190802P294,2019-08-01,2019-08-01 09:43:36,0.25,0.9259,2768,0.24,0.8888,796,0.25,0.9259,18,0.245,0.9074,2411,0
SPY190802P294,2019-08-01,2019-08-01 09:43:36,0.25,0.9259,3880,0.24,0.8888,597,0.25,0.9259,18,0.245,0.9074,2411,18
SPY190802P294,2019-08-01,2019-08-01 09:43:37,0.25,0.9259,1433,0.24,0.8888,892,0.25,0.9259,18,0.245,0.9074,2411,0
SPY190802P294,2019-08-01,2019-08-01 09:43:38,0.25,0.9259,1433,0.24,0.8888,1062,0.25,0.9259,18,0.245,0.9074,2411,0
SPY190802P294,2019-08-01,2019-08-01 09:43:39,0.25,0.9259,1017,0.24,0.8888,1062,0.25,0.9259,18,0.245,0.9074,2411,0
SPY190802P294,2019-08-01,2019-08-01 09:43:39,0.25,0.9259,1433,0.24,0.8888,1062,0.25,0.9259,18,0.245,0.9074,2411,0
SPY190802P294,2019-08-01,2019-08-01 09:43:40,0.25,0.9259,158,0.24,0.8888,3100,0.25,0.9259,18,0.245,0.9074,2411,0
SPY190802P294,2019-08-01,2019-08-01 09:43:41,0.25,0.9259,139,0.24,0.8888,3570,0.25,0.9259,18,0.245,0.9074,2411,0
SPY190802P294,2019-08-01,2019-08-01 09:43:42,0.25,0.9259,124,0.24,0.8888,2616,0.25,0.9259,18,0.245,0.9074,2411,0
SPY190802P294,2019-08-01,2019-08-01 09:43:43,0.25,0.9259,303,0.24,0.8888,1467,0.25,0.9259,18,0.245,0.9074,2411,0
SPY190802P294,2019-08-01,2019-08-01 09:43:43,0.25,0.9259,124,0.24,0.8888,2163,0.25,0.9259,18,0.245,0.9074,2411,0
SPY190802P294,2019-08-01,2019-08-01 09:43:44,0.25,0.9259,191,0.24,0.8888,3359,0.25,0.9259,1,0.245,0.9074,2412,1
SPY190802P294,2019-08-01,2019-08-01 09:43:45,0.25,0.9259,143,0.24,0.8888,2023,0.25,0.9259,1,0.245,0.9074,2412,0
SPY190802P294,2019-08-01,2019-08-01 09:43:45,0.25,0.9259,191,0.24,0.8888,3359,0.25,0.9259,1,0.245,0.9074,2412,0
SPY190802P294,2019-08-01,2019-08-01 09:43:46,0.25,0.9259,544,0.24,0.8888,2285,0.25,0.9259,1,0.245,0.9074,2412,0
SPY190802P294,2019-08-01,2019-08-01 09:43:46,0.25,0.9259,544,0.24,0.8888,2285,0.24,0.8888,5,0.245,0.9074,2417,5
SPY190802P294,2019-08-01,2019-08-01 09:43:47,0.25,0.9259,813,0.24,0.8888,1890,0.24,0.8888,5,0.245,0.9074,2417,0
SPY190802P294,2019-08-01,2019-08-01 09:43:48,0.25,0.9259,813,0.24,0.8888,2234,0.24,0.8888,5,0.245,0.9074,2422,5
SPY190802P294,2019-08-01,2019-08-01 09:43:48,0.25,0.9259,610,0.24,0.8888,2234,0.24,0.8888,5,0.245,0.9074,2417,0
SPY190802P294,2019-08-01,2019-08-01 09:43:49,0.25,0.9259,542,0.24,0.8888,2234,0.24,0.8888,5,0.245,0.9074,2422,0
SPY190802P294,2019-08-01,2019-08-01 09:43:49,0.25,0.9259,813,0.24,0.8888,2234,0.24,0.8888,5,0.245,0.9074,2422,0
SPY190802P294,2019-08-01,2019-08-01 09:43:50,0.25,0.9259,542,0.24,0.8888,2234,0.24,0.8888,5,0.245,0.9074,2422,0
SPY190802P294,2019-08-01,2019-08-01 09:43:51,0.25,0.9259,309,0.24,0.8888,2106,0.24,0.8888,5,0.245,0.9074,2422,0
SPY190802P294,2019-08-01,2019-08-01 09:43:52,0.25,0.9259,109,0.24,0.8888,1416,0.24,0.8888,5,0.245,0.9074,2422,0
SPY190802P294,2019-08-01,2019-08-01 09:43:52,0.26,0.9629,1855,0.24,0.8888,2294,0.24,0.8888,5,0.25,0.9259,2422,0
SPY190802P294,2019-08-01,2019-08-01 09:43:53,0.26,0.9629,1928,0.25,0.9259,430,0.24,0.8888,5,0.255,0.9444,2422,0
SPY190802P294,2019-08-01,2019-08-01 09:43:53,0.26,0.9629,2293,0.24,0.8888,2294,0.24,0.8888,5,0.25,0.9259,2422,0
SPY190802P294,2019-08-01,2019-08-01 09:43:54,0.26,0.9629,1975,0.25,0.9259,889,0.24,0.8888,5,0.255,0.9444,2422,0
SPY190802P294,2019-08-01,2019-08-01 09:43:54,0.26,0.9629,1975,0.25,0.9259,889,0.25,0.9259,1,0.255,0.9444,2423,1
SPY190802P294,2019-08-01,2019-08-01 09:43:55,0.26,0.9629,1975,0.25,0.9259,854,0.25,0.9259,1,0.255,0.9444,2423,0
SPY190802P294,2019-08-01,2019-08-01 09:43:56,0.26,0.9629,1975,0.25,0.9259,430,0.25,0.9259,1,0.255,0.9444,2423,0
SPY190802P294,2019-08-01,2019-08-01 09:43:56,0.26,0.9629,1900,0.25,0.9259,327,0.25,0.9259,1,0.255,0.9444,2423,0
SPY190802P294,2019-08-01,2019-08-01 09:43:57,0.26,0.9629,1941,0.25,0.9259,327,0.25,0.9259,1,0.255,0.9444,2423,0
SPY190802P294,2019-08-01,2019-08-01 09:43:57,0.26,0.9629,1941,0.25,0.9259,954,0.25,0.9259,1,0.255,0.9444,2423,0
SPY190802P294,2019-08-01,2019-08-01 09:43:58,0.26,0.9629,1941,0.25,0.9259,919,0.25,0.9259,1,0.255,0.9444,2423,0
SPY190802P294,2019-08-01,2019-08-01 09:43:59,0.26,0.9629,1941,0.25,0.9259,919,0.25,0.9259,1,0.255,0.9444,2423,0
SPY190802P294,2019-08-01,2019-08-01 09:44:00,0.26,0.9629,1941,0.25,0.9259,919,0.25,0.9259,1,0.255,0.9444,2423,0
SPY190802P294,2019-08-01,2019-08-01 09:44:01,0.26,0.9629,1073,0.25,0.9259,337,0.25,0.9259,1,0.255,0.9444,2423,0
SPY190802P294,2019-08-01,2019-08-01 09:44:02,0.26,0.9629,2098,0.25,0.9259,742,0.25,0.9259,1,0.255,0.9444,2423,0
SPY190802P294,2019-08-01,2019-08-01 09:44:03,0.26,0.9629,2098,0.25,0.9259,888,0.25,0.9259,1,0.255,0.9444,2423,0
SPY190802P294,2019-08-01,2019-08-01 09:44:03,0.26,0.9629,2436,0.25,0.9259,480,0.25,0.9259,1,0.255,0.9444,2423,0
SPY190802P294,2019-08-01,2019-08-01 09:44:04,0.26,0.9629,2989,0.25,0.9259,480,0.25,0.9259,1,0.255,0.9444,2423,0
SPY190802P294,2019-08-01,2019-08-01 09:44:05,0.26,0.9629,1747,0.25,0.9259,480,0.25,0.9259,1,0.255,0.9444,2423,0
SPY190802P294,2019-08-01,2019-08-01 09:44:05,0.26,0.9629,3185,0.25,0.9259,480,0.25,0.9259,1,0.255,0.9444,2423,0
SPY190802P294,2019-08-01,2019-08-01 09:44:06,0.26,0.9629,1747,0.25,0.9259,742,0.25,0.9259,1,0.255,0.9444,2423,0
SPY190802P294,2019-08-01,2019-08-01 09:44:07,0.26,0.9629,428,0.25,0.9259,987,0.25,0.9259,1,0.255,0.9444,2423,0
SPY190802P294,2019-08-01,2019-08-01 09:44:07,0.26,0.9629,1825,0.25,0.9259,987,0.25,0.9259,1,0.255,0.9444,2423,0
